{"id":"gen7ou-991660051","p1":"kruscal","p2":"H4WT \u2605","format":"gen7ou","log":"|j|\u2606kruscal\n|j|\u2606H4WT \u2605\n|player|p1|kruscal|170|1856\n|player|p2|H4WT \u2605|266|1758\n|teamsize|p1|6\n|teamsize|p2|6\n|gametype|singles\n|gen|7\n|tier|[Gen 7] OU\n|rated|\n|rule|Sleep Clause Mod: Limit one foe put to sleep\n|rule|Species Clause: Limit one of each Pok\u00e9mon\n|rule|OHKO Clause: OHKO moves are banned\n|rule|Moody Clause: Moody is banned\n|rule|Evasion Moves Clause: Evasion moves are banned\n|rule|Endless Battle Clause: Forcing endless battles is banned\n|rule|HP Percentage Mod: HP is shown in percentages\n|clearpoke\n|poke|p1|Zapdos|item\n|poke|p1|Magearna|item\n|poke|p1|Landorus-Therian, M|item\n|poke|p1|Scizor, M|item\n|poke|p1|Blacephalon|item\n|poke|p1|Keldeo|item\n|poke|p2|Azumarill, M|item\n|poke|p2|Ferrothorn, F|item\n|poke|p2|Gliscor, F|item\n|poke|p2|Tyranitar, F|item\n|poke|p2|Mew|item\n|poke|p2|Sableye, F|item\n|teampreview\n|\n|start\n|switch|p1a: Magearna|Magearna|100\/100\n|switch|p2a: Sableye|Sableye, F|100\/100\n|turn|1\n|\n|detailschange|p2a: Sableye|Sableye-Mega, F\n|-mega|p2a: Sableye|Sableye|Sablenite\n|move|p2a: Sableye|Protect|p2a: Sableye\n|-singleturn|p2a: Sableye|Protect\n|move|p1a: Magearna|Volt Switch|p2a: Sableye\n|-activate|p2a: Sableye|move: Protect\n|\n|upkeep\n|turn|2\n|\n|switch|p2a: Ferrothorn|Ferrothorn, F|100\/100\n|move|p1a: Magearna|Fleur Cannon|p2a: Ferrothorn\n|-resisted|p2a: Ferrothorn\n|-damage|p2a: Ferrothorn|77\/100\n|-unboost|p1a: Magearna|spa|2\n|\n|-heal|p2a: Ferrothorn|83\/100|[from] item: Leftovers\n|upkeep\n|turn|3\n|\n|move|p1a: Magearna|Volt Switch|p2a: Ferrothorn\n|-resisted|p2a: Ferrothorn\n|-damage|p2a: Ferrothorn|79\/100\n|\n|switch|p1a: Landorus|Landorus-Therian, M|100\/100|[from]move: Volt Switch\n|-ability|p1a: Landorus|Intimidate|boost\n|-unboost|p2a: Ferrothorn|atk|1\n|move|p2a: Ferrothorn|Stealth Rock|p1a: Landorus\n|-sidestart|p1: kruscal|move: Stealth Rock\n|\n|-heal|p2a: Ferrothorn|85\/100|[from] item: Leftovers\n|upkeep\n|turn|4\n|\n|switch|p2a: Gliscor|Gliscor, F|100\/100\n|move|p1a: Landorus|Earthquake|p2a: Gliscor\n|-immune|p2a: Gliscor\n|\n|-status|p2a: Gliscor|tox|[from] item: Toxic Orb\n|upkeep\n|turn|5\n|\n|switch|p2a: Sableye|Sableye-Mega, F|100\/100\n|move|p1a: Landorus|Defog|p2a: Sableye\n|move|p2a: Sableye|Defog|p1a: Landorus|[from]Magic Bounce\n|-unboost|p1a: Landorus|evasion|1\n|-sideend|p1: kruscal|Stealth Rock|[from] move: Defog|[of] p2a: Sableye\n|\n|upkeep\n|turn|6\n|\n|-zpower|p1a: Landorus\n|move|p1a: Landorus|Tectonic Rage|p2a: Sableye|[zeffect]\n|-damage|p2a: Sableye|14\/100\n|move|p2a: Sableye|Will-O-Wisp|p1a: Landorus\n|-status|p1a: Landorus|brn\n|\n|-damage|p1a: Landorus|95\/100 brn|[from] brn\n|upkeep\n|turn|7\n|j| gfghfxgjgxdf\n|\n|switch|p2a: Gliscor|Gliscor, F|100\/100 tox\n|move|p1a: Landorus|U-turn|p2a: Gliscor\n|-resisted|p2a: Gliscor\n|-crit|p2a: Gliscor\n|-damage|p2a: Gliscor|92\/100 tox\n|\n|switch|p1a: Keldeo|Keldeo|100\/100|[from]move: U-turn\n|\n|-heal|p2a: Gliscor|100\/100 tox|[from] ability: Poison Heal\n|upkeep\n|turn|8\n|\n|switch|p2a: Azumarill|Azumarill, M|100\/100\n|move|p1a: Keldeo|Secret Sword|p2a: Azumarill\n|-resisted|p2a: Azumarill\n|-damage|p2a: Azumarill|75\/100\n|\n|-heal|p2a: Azumarill|82\/100|[from] item: Leftovers\n|upkeep\n|turn|9\n|\n|switch|p1a: Zapdos|Zapdos|100\/100\n|move|p2a: Azumarill|Whirlpool|p1a: Zapdos|[miss]\n|-miss|p2a: Azumarill|p1a: Zapdos\n|\n|-heal|p2a: Azumarill|88\/100|[from] item: Leftovers\n|upkeep\n|turn|10\n|\n|switch|p2a: Gliscor|Gliscor, F|100\/100 tox\n|move|p1a: Zapdos|Discharge|p2a: Gliscor\n|-immune|p2a: Gliscor\n|\n|upkeep\n|turn|11\n|\n|switch|p2a: Ferrothorn|Ferrothorn, F|85\/100\n|move|p1a: Zapdos|Hidden Power|p2a: Ferrothorn\n|-damage|p2a: Ferrothorn|74\/100\n|\n|-heal|p2a: Ferrothorn|80\/100|[from] item: Leftovers\n|upkeep\n|turn|12\n|\n|switch|p2a: Mew|Mew|100\/100\n|move|p1a: Zapdos|Heat Wave|p2a: Mew\n|-damage|p2a: Mew|75\/100\n|\n|-heal|p2a: Mew|81\/100|[from] item: Leftovers\n|upkeep\n|turn|13\n|\n|switch|p1a: Keldeo|Keldeo|100\/100\n|move|p2a: Mew|Ice Beam|p1a: Keldeo\n|-resisted|p1a: Keldeo\n|-damage|p1a: Keldeo|88\/100\n|\n|-heal|p2a: Mew|87\/100|[from] item: Leftovers\n|upkeep\n|turn|14\n|\n|switch|p2a: Azumarill|Azumarill, M|88\/100\n|move|p1a: Keldeo|Scald|p2a: Azumarill\n|-resisted|p2a: Azumarill\n|-crit|p2a: Azumarill\n|-damage|p2a: Azumarill|43\/100\n|\n|-heal|p2a: Azumarill|50\/100|[from] item: Leftovers\n|upkeep\n|turn|15\n|\n|move|p1a: Keldeo|Scald|p2a: Azumarill\n|-resisted|p2a: Azumarill\n|-damage|p2a: Azumarill|18\/100\n|move|p2a: Azumarill|Rest|p2a: Azumarill\n|-status|p2a: Azumarill|slp|[from] move: Rest\n|-heal|p2a: Azumarill|100\/100 slp|[silent]\n|\n|upkeep\n|turn|16\n|\n|cant|p2a: Azumarill|slp\n|move|p1a: Keldeo|Scald|p2a: Azumarill\n|-resisted|p2a: Azumarill\n|-damage|p2a: Azumarill|69\/100 slp\n|\n|-heal|p2a: Azumarill|75\/100 slp|[from] item: Leftovers\n|upkeep\n|turn|17\n|\n|cant|p2a: Azumarill|slp\n|move|p1a: Keldeo|Scald|p2a: Azumarill\n|-resisted|p2a: Azumarill\n|-damage|p2a: Azumarill|46\/100 slp\n|\n|-heal|p2a: Azumarill|52\/100 slp|[from] item: Leftovers\n|upkeep\n|turn|18\n|\n|-curestatus|p2a: Azumarill|slp|[msg]\n|move|p2a: Azumarill|Protect|p2a: Azumarill\n|-singleturn|p2a: Azumarill|Protect\n|move|p1a: Keldeo|Scald|p2a: Azumarill\n|-activate|p2a: Azumarill|move: Protect\n|\n|-heal|p2a: Azumarill|58\/100|[from] item: Leftovers\n|upkeep\n|turn|19\n|\n|move|p1a: Keldeo|Scald|p2a: Azumarill\n|-resisted|p2a: Azumarill\n|-damage|p2a: Azumarill|30\/100\n|move|p2a: Azumarill|Whirlpool|p1a: Keldeo\n|-resisted|p1a: Keldeo\n|-damage|p1a: Keldeo|83\/100\n|-activate|p1a: Keldeo|move: Whirlpool|[of] p2a: Azumarill\n|\n|-heal|p2a: Azumarill|36\/100|[from] item: Leftovers\n|-damage|p1a: Keldeo|71\/100|[from] move: Whirlpool|[partiallytrapped]\n|upkeep\n|turn|20\n|\n|move|p2a: Azumarill|Protect|p2a: Azumarill\n|-singleturn|p2a: Azumarill|Protect\n|move|p1a: Keldeo|Scald|p2a: Azumarill\n|-activate|p2a: Azumarill|move: Protect\n|\n|-heal|p2a: Azumarill|42\/100|[from] item: Leftovers\n|-damage|p1a: Keldeo|58\/100|[from] move: Whirlpool|[partiallytrapped]\n|upkeep\n|turn|21\n|\n|move|p1a: Keldeo|Scald|p2a: Azumarill\n|-resisted|p2a: Azumarill\n|-damage|p2a: Azumarill|11\/100\n|-status|p2a: Azumarill|brn\n|move|p2a: Azumarill|Rest|p2a: Azumarill\n|-status|p2a: Azumarill|slp|[from] move: Rest\n|-heal|p2a: Azumarill|100\/100 slp|[silent]\n|\n|-damage|p1a: Keldeo|46\/100|[from] move: Whirlpool|[partiallytrapped]\n|upkeep\n|turn|22\n|\n|cant|p2a: Azumarill|slp\n|move|p1a: Keldeo|Scald|p2a: Azumarill\n|-resisted|p2a: Azumarill\n|-damage|p2a: Azumarill|69\/100 slp\n|\n|-heal|p2a: Azumarill|75\/100 slp|[from] item: Leftovers\n|-damage|p1a: Keldeo|34\/100|[from] move: Whirlpool|[partiallytrapped]\n|upkeep\n|turn|23\n|\n|cant|p2a: Azumarill|slp\n|move|p1a: Keldeo|Scald|p2a: Azumarill\n|-resisted|p2a: Azumarill\n|-damage|p2a: Azumarill|47\/100 slp\n|\n|-heal|p2a: Azumarill|53\/100 slp|[from] item: Leftovers\n|-end|p1a: Keldeo|Whirlpool|[partiallytrapped]\n|upkeep\n|turn|24\n|\n|switch|p1a: Scizor|Scizor, M|100\/100\n|-curestatus|p2a: Azumarill|slp|[msg]\n|move|p2a: Azumarill|Protect||[still]\n|-fail|p2a: Azumarill\n|\n|-heal|p2a: Azumarill|59\/100|[from] item: Leftovers\n|upkeep\n|turn|25\n|\n|switch|p2a: Mew|Mew|87\/100\n|detailschange|p1a: Scizor|Scizor-Mega, M\n|-mega|p1a: Scizor|Scizor|Scizorite\n|move|p1a: Scizor|Swords Dance|p1a: Scizor\n|-boost|p1a: Scizor|atk|2\n|\n|-heal|p2a: Mew|93\/100|[from] item: Leftovers\n|upkeep\n|turn|26\n|\n|switch|p1a: Blacephalon|Blacephalon|100\/100\n|move|p2a: Mew|Will-O-Wisp|p1a: Blacephalon\n|-immune|p1a: Blacephalon\n|\n|-heal|p2a: Mew|99\/100|[from] item: Leftovers\n|upkeep\n|turn|27\n|\n|switch|p1a: Scizor|Scizor-Mega, M|100\/100\n|switch|p2a: Tyranitar|Tyranitar, F|100\/100\n|-weather|Sandstorm|[from] ability: Sand Stream|[of] p2a: Tyranitar\n|\n|-weather|Sandstorm|[upkeep]\n|upkeep\n|turn|28\n|\n|move|p2a: Tyranitar|Fire Punch|p1a: Scizor\n|-supereffective|p1a: Scizor\n|-damage|p1a: Scizor|16\/100\n|move|p1a: Scizor|U-turn|p2a: Tyranitar\n|-supereffective|p2a: Tyranitar\n|-damage|p2a: Tyranitar|11\/100\n|\n|switch|p1a: Landorus|Landorus-Therian, M|95\/100 brn|[from]move: U-turn\n|-ability|p1a: Landorus|Intimidate|boost\n|-unboost|p2a: Tyranitar|atk|1\n|\n|-weather|Sandstorm|[upkeep]\n|-damage|p1a: Landorus|89\/100 brn|[from] brn\n|upkeep\n|turn|29\n|\n|switch|p2a: Sableye|Sableye-Mega, F|14\/100\n|move|p1a: Landorus|U-turn|p2a: Sableye\n|-damage|p2a: Sableye|1\/100\n|\n|switch|p1a: Magearna|Magearna|100\/100|[from]move: U-turn\n|\n|-weather|Sandstorm|[upkeep]\n|-damage|p2a: Sableye|0 fnt|[from] Sandstorm\n|faint|p2a: Sableye\n|-ability|p1a: Magearna|Soul-Heart|boost\n|-boost|p1a: Magearna|spa|1\n|upkeep\n|\n|switch|p2a: Gliscor|Gliscor, F|100\/100 tox\n|turn|30\n|\n|move|p2a: Gliscor|Earthquake|p1a: Magearna\n|-supereffective|p1a: Magearna\n|-damage|p1a: Magearna|43\/100\n|move|p1a: Magearna|Fleur Cannon|p2a: Gliscor\n|-damage|p2a: Gliscor|0 fnt\n|-unboost|p1a: Magearna|spa|2\n|faint|p2a: Gliscor\n|-ability|p1a: Magearna|Soul-Heart|boost\n|-boost|p1a: Magearna|spa|1\n|\n|-weather|Sandstorm|[upkeep]\n|upkeep\n|\n|switch|p2a: Tyranitar|Tyranitar, F|11\/100\n|turn|31\n|\n|switch|p1a: Landorus|Landorus-Therian, M|89\/100 brn\n|-ability|p1a: Landorus|Intimidate|boost\n|-unboost|p2a: Tyranitar|atk|1\n|move|p2a: Tyranitar|Fire Punch|p1a: Landorus\n|-damage|p1a: Landorus|66\/100 brn\n|\n|-weather|none\n|-damage|p1a: Landorus|60\/100 brn|[from] brn\n|upkeep\n|turn|32\n|\n|move|p2a: Tyranitar|Fire Punch|p1a: Landorus\n|-damage|p1a: Landorus|39\/100 brn\n|move|p1a: Landorus|Stealth Rock|p2a: Tyranitar\n|-sidestart|p2: H4WT \u2605|move: Stealth Rock\n|\n|-damage|p1a: Landorus|33\/100 brn|[from] brn\n|upkeep\n|turn|33\n|\n|move|p2a: Tyranitar|Fire Punch|p1a: Landorus\n|-damage|p1a: Landorus|11\/100 brn\n|move|p1a: Landorus|U-turn|p2a: Tyranitar\n|-supereffective|p2a: Tyranitar\n|-damage|p2a: Tyranitar|0 fnt\n|faint|p2a: Tyranitar\n|-message|H4WT \u2605 forfeited.\n|\n|win|kruscal\n|l|\u2606H4WT \u2605\n|raw|kruscal's rating: 1856 &rarr; <strong>1871<\/strong><br \/>(+15 for winning)\n|raw|H4WT \u2605's rating: 1758 &rarr; <strong>1743<\/strong><br \/>(-15 for losing)\n","uploadtime":1570947285,"views":26,"p1id":"kruscal","p2id":"h4wt","formatid":"gen7ou","rating":1743,"private":0,"password":null}