{"id":"gen7ou-670721008","p1":"shardul888","p2":"ArcaKing","format":"gen7ou","log":"|j|shardul888\n|j|ArcaKing\n|player|p1|shardul888|169\n|teamsize|p1|6\n|player|p2|ArcaKing|266\n|teamsize|p2|6\n|gametype|singles\n|gen|7\n|tier|[Gen 7] OU\n|rated|\n|seed|59991,29974,7374,15732\n|rule|Sleep Clause Mod: Limit one foe put to sleep\n|rule|Species Clause: Limit one of each Pok\u00e9mon\n|rule|OHKO Clause: OHKO moves are banned\n|rule|Moody Clause: Moody is banned\n|rule|Evasion Moves Clause: Evasion moves are banned\n|rule|Endless Battle Clause: Forcing endless battles is banned\n|rule|HP Percentage Mod: HP is shown in percentages\n|clearpoke\n|poke|p1|Venusaur, M|item\n|poke|p1|Dragonite, M|item\n|poke|p1|Volcarona, M|item\n|poke|p1|Umbreon, M|item\n|poke|p1|Conkeldurr, F|item\n|poke|p1|Empoleon, M|item\n|poke|p2|Tapu Koko|item\n|poke|p2|Scizor, F|item\n|poke|p2|Tornadus-Therian, M|item\n|poke|p2|Toxapex, F|item\n|poke|p2|Landorus-Therian, M|item\n|poke|p2|Chansey, F|item\n|teampreview\n|choice|team 5, team 2, team 3, team 4, team 1, team 6|team 6, team 2, team 3, team 4, team 5, team 1\n|\n|start\n|switch|p1a: Conkeldurr|Conkeldurr, F|414\/414\n|switch|p2a: Chansey|Chansey, F|642\/642\n|turn|1\n|choice|move drainpunch|switch 5\n|\n|switch|p2a: Landorus|Landorus-Therian, M|319\/319\n|-ability|p2a: Landorus|Intimidate|boost\n|-unboost|p1a: Conkeldurr|atk|1\n|move|p1a: Conkeldurr|Drain Punch|p2a: Landorus\n|-resisted|p2a: Landorus\n|-damage|p2a: Landorus|261\/319\n|\n|upkeep\n|turn|2\n|choice|move icepunch|move uturn\n|\n|move|p2a: Landorus|U-turn|p1a: Conkeldurr\n|-resisted|p1a: Conkeldurr\n|-damage|p1a: Conkeldurr|370\/414\n|inactive|Battle timer is ON: inactive players will automatically lose when time's up. (requested by shardul888)\n|choice||switch 4\n|\n|switch|p2a: Toxapex|Toxapex, F|304\/304|[from]move: U-turn\n|move|p1a: Conkeldurr|Ice Punch|p2a: Toxapex\n|-resisted|p2a: Toxapex\n|-damage|p2a: Toxapex|279\/304\n|\n|-heal|p2a: Toxapex|298\/304|[from] item: Black Sludge\n|upkeep\n|turn|3\n|choice|switch 5|switch 5\n|\n|switch|p1a: Venusaur|Venusaur, M|328\/328\n|switch|p2a: Chansey|Chansey, F|642\/642\n|\n|upkeep\n|turn|4\n|choice|move leechseed mega|move stealthrock\n|\n|-mega|p1a: Venusaur|Venusaur|Venusaurite\n|detailschange|p1a: Venusaur|Venusaur-Mega, M\n|move|p1a: Venusaur|Leech Seed|p2a: Chansey\n|-start|p2a: Chansey|move: Leech Seed\n|move|p2a: Chansey|Stealth Rock|p1a: Venusaur\n|-sidestart|p1: shardul888|move: Stealth Rock\n|\n|-damage|p2a: Chansey|562\/642|[from] Leech Seed|[of] p1a: Venusaur\n|upkeep\n|turn|5\n|inactive|ArcaKing has 135 seconds left.\n|choice|switch 6|switch 3\n|\n|switch|p1a: Empoleon|Empoleon, M|372\/372\n|-damage|p1a: Empoleon|349\/372|[from] Stealth Rock\n|switch|p2a: Tornadus|Tornadus-Therian, M|299\/299\n|\n|-heal|p1a: Empoleon|372\/372|[from] item: Leftovers\n|upkeep\n|turn|6\n|inactive|ArcaKing has 135 seconds left.\n|choice|move defog|move uturn\n|\n|move|p2a: Tornadus|U-turn|p1a: Empoleon\n|-resisted|p1a: Empoleon\n|-damage|p1a: Empoleon|343\/372\n|choice||switch 3\n|\n|switch|p2a: Chansey|Chansey, F|562\/642|[from]move: U-turn\n|move|p1a: Empoleon|Defog|p2a: Chansey\n|-unboost|p2a: Chansey|evasion|1\n|-sideend|p1: shardul888|Stealth Rock|[from] move: Defog|[of] p1a: Empoleon\n|\n|-heal|p1a: Empoleon|366\/372|[from] item: Leftovers\n|upkeep\n|turn|7\n|inactive|shardul888 has 135 seconds left.\n|choice|switch 2|move stealthrock\n|\n|switch|p1a: Dragonite|Dragonite, M|323\/323\n|move|p2a: Chansey|Stealth Rock|p1a: Dragonite\n|-sidestart|p1: shardul888|move: Stealth Rock\n|\n|upkeep\n|turn|8\n|choice|move dragonclaw|move toxic\n|\n|move|p1a: Dragonite|Dragon Claw|p2a: Chansey\n|-damage|p2a: Chansey|310\/642\n|move|p2a: Chansey|Toxic|p1a: Dragonite\n|-status|p1a: Dragonite|tox\n|\n|-damage|p1a: Dragonite|303\/323 tox|[from] psn\n|upkeep\n|turn|9\n|choice|move dragonclaw|move softboiled\n|\n|move|p1a: Dragonite|Dragon Claw|p2a: Chansey\n|-damage|p2a: Chansey|64\/642\n|move|p2a: Chansey|Soft-Boiled|p2a: Chansey\n|-heal|p2a: Chansey|385\/642\n|\n|-damage|p1a: Dragonite|263\/323 tox|[from] psn\n|upkeep\n|turn|10\n|choice|switch 2|move softboiled\n|\n|switch|p1a: Empoleon|Empoleon, M|366\/372\n|-damage|p1a: Empoleon|343\/372|[from] Stealth Rock\n|move|p2a: Chansey|Soft-Boiled|p2a: Chansey\n|-heal|p2a: Chansey|642\/642\n|\n|-heal|p1a: Empoleon|366\/372|[from] item: Leftovers\n|upkeep\n|turn|11\n|choice|move defog|move seismictoss\n|\n|move|p1a: Empoleon|Defog|p2a: Chansey\n|-unboost|p2a: Chansey|evasion|1\n|-sideend|p1: shardul888|Stealth Rock|[from] move: Defog|[of] p1a: Empoleon\n|move|p2a: Chansey|Seismic Toss|p1a: Empoleon\n|-damage|p1a: Empoleon|266\/372\n|\n|-heal|p1a: Empoleon|289\/372|[from] item: Leftovers\n|upkeep\n|turn|12\n|choice|move scald|switch 6\n|\n|switch|p2a: Tapu Koko|Tapu Koko|281\/281\n|-fieldstart|move: Electric Terrain|[from] ability: Electric Surge|[of] p2a: Tapu Koko\n|move|p1a: Empoleon|Scald|p2a: Tapu Koko\n|-damage|p2a: Tapu Koko|116\/281\n|-status|p2a: Tapu Koko|brn\n|\n|-heal|p1a: Empoleon|312\/372|[from] item: Leftovers\n|-damage|p2a: Tapu Koko|99\/281 brn|[from] brn\n|upkeep\n|turn|13\n|choice|switch 6|move voltswitch\n|\n|switch|p1a: Venusaur|Venusaur-Mega, M|328\/328\n|move|p2a: Tapu Koko|Volt Switch|p1a: Venusaur\n|-resisted|p1a: Venusaur\n|-crit|p1a: Venusaur\n|-damage|p1a: Venusaur|229\/328\n|-damage|p2a: Tapu Koko|71\/281 brn|[from] item: Life Orb\n|inactive|ArcaKing has 135 seconds left.\n|inactive|ArcaKing has 120 seconds left.\n|choice||switch 3\n|\n|switch|p2a: Tornadus|Tornadus-Therian, M|299\/299|[from]move: Volt Switch\n|\n|upkeep\n|turn|14\n|inactive|shardul888 has 135 seconds left.\n|inactive|ArcaKing has 135 seconds left.\n|choice|switch 6|move hurricane zmove\n|\n|switch|p1a: Empoleon|Empoleon, M|312\/372\n|-zpower|p2a: Tornadus\n|move|p2a: Tornadus|Supersonic Skystrike|p1a: Empoleon|[zeffect]\n|-resisted|p1a: Empoleon\n|-damage|p1a: Empoleon|159\/372\n|\n|-heal|p1a: Empoleon|182\/372|[from] item: Leftovers\n|upkeep\n|turn|15\n|inactive|shardul888 has 135 seconds left.\n|inactive|shardul888 has 120 seconds left.\n|inactive|ArcaKing has 135 seconds left.\n|choice|move scald|switch 2\n|\n|switch|p2a: Scizor|Scizor, F|282\/282\n|move|p1a: Empoleon|Scald|p2a: Scizor\n|-damage|p2a: Scizor|98\/282\n|\n|-heal|p1a: Empoleon|205\/372|[from] item: Leftovers\n|upkeep\n|turn|16\n|inactive|ArcaKing has 135 seconds left.\n|inactive|ArcaKing has 120 seconds left.\n|choice|move scald|move knockoff\n|\n|move|p2a: Scizor|Knock Off|p1a: Empoleon\n|-damage|p1a: Empoleon|75\/372\n|-enditem|p1a: Empoleon|Leftovers|[from] move: Knock Off|[of] p2a: Scizor\n|move|p1a: Empoleon|Scald|p2a: Scizor\n|-damage|p2a: Scizor|0 fnt\n|faint|p2a: Scizor\n|\n|-fieldend|move: Electric Terrain\n|upkeep\n|inactive|ArcaKing has 135 seconds left.\n|inactive|ArcaKing has 120 seconds left.\n|choice||switch 3\n|\n|switch|p2a: Tapu Koko|Tapu Koko|71\/281 brn\n|-fieldstart|move: Electric Terrain|[from] ability: Electric Surge|[of] p2a: Tapu Koko\n|turn|17\n|choice|move aquajet|move thunderbolt\n|\n|move|p1a: Empoleon|Aqua Jet|p2a: Tapu Koko\n|-damage|p2a: Tapu Koko|2\/281 brn\n|move|p2a: Tapu Koko|Thunderbolt|p1a: Empoleon\n|-supereffective|p1a: Empoleon\n|-damage|p1a: Empoleon|0 fnt\n|-damage|p2a: Tapu Koko|0 fnt|[from] item: Life Orb\n|faint|p1a: Empoleon\n|faint|p2a: Tapu Koko\n|\n|upkeep\n|choice|switch 5|switch 6\n|\n|switch|p2a: Chansey|Chansey, F|642\/642\n|switch|p1a: Conkeldurr|Conkeldurr, F|370\/414\n|turn|18\n|choice|move icepunch|switch 4\n|\n|switch|p2a: Landorus|Landorus-Therian, M|261\/319\n|-ability|p2a: Landorus|Intimidate|boost\n|-unboost|p1a: Conkeldurr|atk|1\n|move|p1a: Conkeldurr|Ice Punch|p2a: Landorus\n|-supereffective|p2a: Landorus\n|-damage|p2a: Landorus|0 fnt\n|faint|p2a: Landorus\n|\n|upkeep\n|inactive|ArcaKing has 135 seconds left.\n|inactive|ArcaKing has 120 seconds left.\n|choice||switch 5\n|\n|switch|p2a: Toxapex|Toxapex, F|304\/304\n|turn|19\n|choice|switch 6|switch 4\n|\n|switch|p1a: Venusaur|Venusaur-Mega, M|229\/328\n|switch|p2a: Chansey|Chansey, F|642\/642\n|\n|upkeep\n|turn|20\n|choice|move leechseed|move stealthrock\n|\n|move|p1a: Venusaur|Leech Seed|p2a: Chansey\n|-start|p2a: Chansey|move: Leech Seed\n|move|p2a: Chansey|Stealth Rock|p1a: Venusaur\n|-sidestart|p1: shardul888|move: Stealth Rock\n|\n|-damage|p2a: Chansey|562\/642|[from] Leech Seed|[of] p1a: Venusaur\n|-heal|p1a: Venusaur|309\/328|[silent]\n|upkeep\n|turn|21\n|inactive|ArcaKing has 135 seconds left.\n|choice|move gigadrain|switch 2\n|\n|switch|p2a: Tornadus|Tornadus-Therian, M|299\/299\n|move|p1a: Venusaur|Giga Drain|p2a: Tornadus\n|-resisted|p2a: Tornadus\n|-damage|p2a: Tornadus|233\/299\n|-heal|p1a: Venusaur|328\/328|[from] drain|[of] p2a: Tornadus\n|\n|-fieldend|move: Electric Terrain\n|upkeep\n|turn|22\n|choice|switch 4|move hurricane\n|\n|switch|p1a: Umbreon|Umbreon, M|368\/368\n|-damage|p1a: Umbreon|322\/368|[from] Stealth Rock\n|move|p2a: Tornadus|Hurricane|p1a: Umbreon\n|-damage|p1a: Umbreon|196\/368\n|\n|-heal|p1a: Umbreon|219\/368|[from] item: Leftovers\n|upkeep\n|turn|23\n|inactive|shardul888 has 135 seconds left.\n|choice|move protect|move uturn\n|\n|move|p1a: Umbreon|Protect|p1a: Umbreon\n|-singleturn|p1a: Umbreon|Protect\n|move|p2a: Tornadus|U-turn|p1a: Umbreon\n|-activate|p1a: Umbreon|move: Protect\n|\n|-heal|p1a: Umbreon|242\/368|[from] item: Leftovers\n|upkeep\n|turn|24\n|choice|move foulplay|move hurricane\n|\n|move|p2a: Tornadus|Hurricane|p1a: Umbreon\n|-damage|p1a: Umbreon|118\/368\n|move|p1a: Umbreon|Foul Play|p2a: Tornadus\n|-damage|p2a: Tornadus|106\/299\n|\n|-heal|p1a: Umbreon|141\/368|[from] item: Leftovers\n|upkeep\n|turn|25\n|choice|move protect|move uturn\n|\n|move|p1a: Umbreon|Protect|p1a: Umbreon\n|-singleturn|p1a: Umbreon|Protect\n|move|p2a: Tornadus|U-turn|p1a: Umbreon\n|-activate|p1a: Umbreon|move: Protect\n|\n|-heal|p1a: Umbreon|164\/368|[from] item: Leftovers\n|upkeep\n|turn|26\n|choice|move moonlight|move uturn\n|\n|move|p2a: Tornadus|U-turn|p1a: Umbreon\n|-supereffective|p1a: Umbreon\n|-damage|p1a: Umbreon|94\/368\n|choice||switch 4\n|\n|switch|p2a: Toxapex|Toxapex, F|304\/304|[from]move: U-turn\n|move|p1a: Umbreon|Moonlight|p1a: Umbreon\n|-heal|p1a: Umbreon|278\/368\n|\n|-heal|p1a: Umbreon|301\/368|[from] item: Leftovers\n|upkeep\n|turn|27\n|choice|move foulplay|move toxic\n|\n|move|p1a: Umbreon|Foul Play|p2a: Toxapex\n|-damage|p2a: Toxapex|274\/304\n|move|p2a: Toxapex|Toxic|p1a: Umbreon\n|-status|p1a: Umbreon|tox\n|-activate|p1a: Umbreon|ability: Synchronize\n|-immune|p2a: Toxapex|[msg]\n|\n|-heal|p1a: Umbreon|324\/368 tox|[from] item: Leftovers\n|-heal|p2a: Toxapex|293\/304|[from] item: Black Sludge\n|-damage|p1a: Umbreon|301\/368 tox|[from] psn\n|upkeep\n|turn|28\n|choice|switch 4|move scald\n|\n|switch|p1a: Venusaur|Venusaur-Mega, M|328\/328\n|-damage|p1a: Venusaur|287\/328|[from] Stealth Rock\n|move|p2a: Toxapex|Scald|p1a: Venusaur\n|-resisted|p1a: Venusaur\n|-damage|p1a: Venusaur|268\/328\n|\n|-heal|p2a: Toxapex|304\/304|[from] item: Black Sludge\n|upkeep\n|turn|29\n|choice|move hiddenpower|move scald\n|\n|move|p1a: Venusaur|Hidden Power|p2a: Toxapex\n|-resisted|p2a: Toxapex\n|-damage|p2a: Toxapex|281\/304\n|move|p2a: Toxapex|Scald|p1a: Venusaur\n|-resisted|p1a: Venusaur\n|-damage|p1a: Venusaur|247\/328\n|\n|-heal|p2a: Toxapex|300\/304|[from] item: Black Sludge\n|upkeep\n|turn|30\n|choice|move gigadrain|move scald\n|\n|move|p1a: Venusaur|Giga Drain|p2a: Toxapex\n|-crit|p2a: Toxapex\n|-damage|p2a: Toxapex|180\/304\n|-heal|p1a: Venusaur|307\/328|[from] drain|[of] p2a: Toxapex\n|move|p2a: Toxapex|Scald|p1a: Venusaur\n|-resisted|p1a: Venusaur\n|-damage|p1a: Venusaur|286\/328\n|\n|-heal|p2a: Toxapex|199\/304|[from] item: Black Sludge\n|upkeep\n|turn|31\n|choice|move gigadrain|move banefulbunker\n|\n|move|p2a: Toxapex|Baneful Bunker|p2a: Toxapex\n|-singleturn|p2a: Toxapex|move: Protect\n|move|p1a: Venusaur|Giga Drain|p2a: Toxapex\n|-activate|p2a: Toxapex|move: Protect\n|\n|-heal|p2a: Toxapex|218\/304|[from] item: Black Sludge\n|upkeep\n|turn|32\n|choice|move gigadrain|move scald\n|\n|move|p1a: Venusaur|Giga Drain|p2a: Toxapex\n|-damage|p2a: Toxapex|140\/304\n|-heal|p1a: Venusaur|325\/328|[from] drain|[of] p2a: Toxapex\n|move|p2a: Toxapex|Scald|p1a: Venusaur\n|-resisted|p1a: Venusaur\n|-damage|p1a: Venusaur|303\/328\n|\n|-heal|p2a: Toxapex|159\/304|[from] item: Black Sludge\n|upkeep\n|turn|33\n|choice|move gigadrain|move banefulbunker\n|\n|move|p2a: Toxapex|Baneful Bunker|p2a: Toxapex\n|-singleturn|p2a: Toxapex|move: Protect\n|move|p1a: Venusaur|Giga Drain|p2a: Toxapex\n|-activate|p2a: Toxapex|move: Protect\n|\n|-heal|p2a: Toxapex|178\/304|[from] item: Black Sludge\n|upkeep\n|turn|34\n|choice|move leechseed|move scald\n|\n|move|p1a: Venusaur|Leech Seed|p2a: Toxapex\n|-start|p2a: Toxapex|move: Leech Seed\n|move|p2a: Toxapex|Scald|p1a: Venusaur\n|-resisted|p1a: Venusaur\n|-damage|p1a: Venusaur|281\/328\n|\n|-heal|p2a: Toxapex|197\/304|[from] item: Black Sludge\n|-damage|p2a: Toxapex|159\/304|[from] Leech Seed|[of] p1a: Venusaur\n|-heal|p1a: Venusaur|319\/328|[silent]\n|upkeep\n|turn|35\n|choice|move gigadrain|switch 2\n|\n|switch|p2a: Chansey|Chansey, F|562\/642\n|move|p1a: Venusaur|Giga Drain|p2a: Chansey\n|-damage|p2a: Chansey|498\/642\n|-heal|p1a: Venusaur|328\/328|[from] drain|[of] p2a: Chansey\n|\n|upkeep\n|turn|36\n|choice|move leechseed|move seismictoss\n|\n|move|p1a: Venusaur|Leech Seed|p2a: Chansey\n|-start|p2a: Chansey|move: Leech Seed\n|move|p2a: Chansey|Seismic Toss|p1a: Venusaur\n|-damage|p1a: Venusaur|228\/328\n|\n|-damage|p2a: Chansey|418\/642|[from] Leech Seed|[of] p1a: Venusaur\n|-heal|p1a: Venusaur|308\/328|[silent]\n|upkeep\n|turn|37\n|choice|move gigadrain|switch 2\n|\n|switch|p2a: Toxapex|Toxapex, F|260\/304\n|move|p1a: Venusaur|Giga Drain|p2a: Toxapex\n|-damage|p2a: Toxapex|176\/304\n|-heal|p1a: Venusaur|328\/328|[from] drain|[of] p2a: Toxapex\n|\n|-heal|p2a: Toxapex|195\/304|[from] item: Black Sludge\n|upkeep\n|turn|38\n|choice|move gigadrain|move scald\n|\n|move|p1a: Venusaur|Giga Drain|p2a: Toxapex\n|-damage|p2a: Toxapex|107\/304\n|move|p2a: Toxapex|Scald|p1a: Venusaur\n|-resisted|p1a: Venusaur\n|-damage|p1a: Venusaur|306\/328\n|\n|-heal|p2a: Toxapex|126\/304|[from] item: Black Sludge\n|upkeep\n|turn|39\n|choice|move gigadrain|move banefulbunker\n|\n|move|p2a: Toxapex|Baneful Bunker|p2a: Toxapex\n|-singleturn|p2a: Toxapex|move: Protect\n|move|p1a: Venusaur|Giga Drain|p2a: Toxapex\n|-activate|p2a: Toxapex|move: Protect\n|\n|-heal|p2a: Toxapex|145\/304|[from] item: Black Sludge\n|upkeep\n|turn|40\n|choice|move gigadrain|switch 2\n|\n|switch|p2a: Chansey|Chansey, F|418\/642\n|move|p1a: Venusaur|Giga Drain|p2a: Chansey\n|-damage|p2a: Chansey|360\/642\n|-heal|p1a: Venusaur|328\/328|[from] drain|[of] p2a: Chansey\n|\n|upkeep\n|turn|41\n|choice|move leechseed|move softboiled\n|\n|move|p1a: Venusaur|Leech Seed|p2a: Chansey\n|-start|p2a: Chansey|move: Leech Seed\n|move|p2a: Chansey|Soft-Boiled|p2a: Chansey\n|-heal|p2a: Chansey|642\/642\n|\n|-damage|p2a: Chansey|562\/642|[from] Leech Seed|[of] p1a: Venusaur\n|upkeep\n|turn|42\n|choice|move hiddenpower|switch 2\n|\n|switch|p2a: Toxapex|Toxapex, F|246\/304\n|move|p1a: Venusaur|Hidden Power|p2a: Toxapex\n|-resisted|p2a: Toxapex\n|-damage|p2a: Toxapex|221\/304\n|\n|-heal|p2a: Toxapex|240\/304|[from] item: Black Sludge\n|upkeep\n|turn|43\n|inactive|shardul888 has 135 seconds left.\n|choice|move leechseed|move scald\n|\n|move|p1a: Venusaur|Leech Seed|p2a: Toxapex\n|-start|p2a: Toxapex|move: Leech Seed\n|move|p2a: Toxapex|Scald|p1a: Venusaur\n|-resisted|p1a: Venusaur\n|-damage|p1a: Venusaur|307\/328\n|-status|p1a: Venusaur|brn\n|\n|-heal|p2a: Toxapex|259\/304|[from] item: Black Sludge\n|-damage|p2a: Toxapex|221\/304|[from] Leech Seed|[of] p1a: Venusaur\n|-heal|p1a: Venusaur|328\/328 brn|[silent]\n|-damage|p1a: Venusaur|308\/328 brn|[from] brn\n|upkeep\n|turn|44\n|choice|move gigadrain|switch 2\n|\n|switch|p2a: Chansey|Chansey, F|562\/642\n|move|p1a: Venusaur|Giga Drain|p2a: Chansey\n|-damage|p2a: Chansey|501\/642\n|-heal|p1a: Venusaur|328\/328 brn|[from] drain|[of] p2a: Chansey\n|\n|-damage|p1a: Venusaur|308\/328 brn|[from] brn\n|upkeep\n|turn|45\n|choice|move leechseed|move seismictoss\n|\n|move|p1a: Venusaur|Leech Seed|p2a: Chansey\n|-start|p2a: Chansey|move: Leech Seed\n|move|p2a: Chansey|Seismic Toss|p1a: Venusaur\n|-damage|p1a: Venusaur|208\/328 brn\n|\n|-damage|p2a: Chansey|421\/642|[from] Leech Seed|[of] p1a: Venusaur\n|-heal|p1a: Venusaur|288\/328 brn|[silent]\n|-damage|p1a: Venusaur|268\/328 brn|[from] brn\n|upkeep\n|turn|46\n|inactive|shardul888 has 135 seconds left.\n|choice|switch 3|switch 2\n|\n|switch|p1a: Volcarona|Volcarona, M|311\/311\n|-damage|p1a: Volcarona|156\/311|[from] Stealth Rock\n|switch|p2a: Toxapex|Toxapex, F|304\/304\n|\n|-heal|p1a: Volcarona|175\/311|[from] item: Leftovers\n|upkeep\n|turn|47\n|choice|move bugbuzz|move toxic\n|\n|move|p1a: Volcarona|Bug Buzz|p2a: Toxapex\n|-resisted|p2a: Toxapex\n|-damage|p2a: Toxapex|242\/304\n|move|p2a: Toxapex|Toxic|p1a: Volcarona\n|-status|p1a: Volcarona|tox\n|\n|-heal|p1a: Volcarona|194\/311 tox|[from] item: Leftovers\n|-heal|p2a: Toxapex|261\/304|[from] item: Black Sludge\n|-damage|p1a: Volcarona|175\/311 tox|[from] psn\n|upkeep\n|turn|48\n|choice|move quiverdance|move banefulbunker\n|\n|move|p2a: Toxapex|Baneful Bunker|p2a: Toxapex\n|-singleturn|p2a: Toxapex|move: Protect\n|move|p1a: Volcarona|Quiver Dance|p1a: Volcarona\n|-boost|p1a: Volcarona|spa|1\n|-boost|p1a: Volcarona|spd|1\n|-boost|p1a: Volcarona|spe|1\n|\n|-heal|p1a: Volcarona|194\/311 tox|[from] item: Leftovers\n|-heal|p2a: Toxapex|280\/304|[from] item: Black Sludge\n|-damage|p1a: Volcarona|156\/311 tox|[from] psn\n|upkeep\n|turn|49\n|choice|move quiverdance|move scald\n|\n|move|p1a: Volcarona|Quiver Dance|p1a: Volcarona\n|-boost|p1a: Volcarona|spa|1\n|-boost|p1a: Volcarona|spd|1\n|-boost|p1a: Volcarona|spe|1\n|move|p2a: Toxapex|Scald|p1a: Volcarona\n|-supereffective|p1a: Volcarona\n|-damage|p1a: Volcarona|96\/311 tox\n|\n|-heal|p1a: Volcarona|115\/311 tox|[from] item: Leftovers\n|-heal|p2a: Toxapex|299\/304|[from] item: Black Sludge\n|-damage|p1a: Volcarona|58\/311 tox|[from] psn\n|upkeep\n|turn|50\n|choice|move morningsun|move banefulbunker\n|\n|move|p2a: Toxapex|Baneful Bunker|p2a: Toxapex\n|-singleturn|p2a: Toxapex|move: Protect\n|move|p1a: Volcarona|Morning Sun|p1a: Volcarona\n|-heal|p1a: Volcarona|213\/311 tox\n|\n|-heal|p1a: Volcarona|232\/311 tox|[from] item: Leftovers\n|-heal|p2a: Toxapex|304\/304|[from] item: Black Sludge\n|-damage|p1a: Volcarona|156\/311 tox|[from] psn\n|upkeep\n|turn|51\n|choice|move bugbuzz|move haze\n|\n|move|p1a: Volcarona|Bug Buzz|p2a: Toxapex\n|-resisted|p2a: Toxapex\n|-damage|p2a: Toxapex|182\/304\n|move|p2a: Toxapex|Haze|p2a: Toxapex\n|-clearallboost\n|\n|-heal|p1a: Volcarona|175\/311 tox|[from] item: Leftovers\n|-heal|p2a: Toxapex|201\/304|[from] item: Black Sludge\n|-damage|p1a: Volcarona|80\/311 tox|[from] psn\n|upkeep\n|turn|52\n|choice|move bugbuzz|move banefulbunker\n|\n|move|p2a: Toxapex|Baneful Bunker|p2a: Toxapex\n|-singleturn|p2a: Toxapex|move: Protect\n|move|p1a: Volcarona|Bug Buzz|p2a: Toxapex\n|-activate|p2a: Toxapex|move: Protect\n|\n|-heal|p1a: Volcarona|99\/311 tox|[from] item: Leftovers\n|-heal|p2a: Toxapex|220\/304|[from] item: Black Sludge\n|-damage|p1a: Volcarona|0 fnt|[from] psn\n|upkeep\n|faint|p1a: Volcarona\n|inactive|shardul888 has 135 seconds left.\n|inactive|shardul888 has 120 seconds left.\n|inactive|shardul888 has 105 seconds left.\n|choice|switch 3|\n|\n|switch|p1a: Venusaur|Venusaur-Mega, M|268\/328 brn\n|-damage|p1a: Venusaur|227\/328 brn|[from] Stealth Rock\n|turn|53\n|choice|move gigadrain|move scald\n|\n|move|p1a: Venusaur|Giga Drain|p2a: Toxapex\n|-crit|p2a: Toxapex\n|-damage|p2a: Toxapex|81\/304\n|-heal|p1a: Venusaur|297\/328 brn|[from] drain|[of] p2a: Toxapex\n|move|p2a: Toxapex|Scald|p1a: Venusaur\n|-resisted|p1a: Venusaur\n|-damage|p1a: Venusaur|276\/328 brn\n|\n|-heal|p2a: Toxapex|100\/304|[from] item: Black Sludge\n|-damage|p1a: Venusaur|256\/328 brn|[from] brn\n|upkeep\n|turn|54\n|inactive|shardul888 has 135 seconds left.\n|choice|move gigadrain|move banefulbunker\n|\n|move|p2a: Toxapex|Baneful Bunker|p2a: Toxapex\n|-singleturn|p2a: Toxapex|move: Protect\n|move|p1a: Venusaur|Giga Drain|p2a: Toxapex\n|-activate|p2a: Toxapex|move: Protect\n|\n|-heal|p2a: Toxapex|119\/304|[from] item: Black Sludge\n|-damage|p1a: Venusaur|236\/328 brn|[from] brn\n|upkeep\n|turn|55\n|inactive|ArcaKing has 135 seconds left.\n|choice|move gigadrain|switch 2\n|\n|switch|p2a: Chansey|Chansey, F|421\/642\n|move|p1a: Venusaur|Giga Drain|p2a: Chansey\n|-damage|p2a: Chansey|358\/642\n|-heal|p1a: Venusaur|268\/328 brn|[from] drain|[of] p2a: Chansey\n|\n|-damage|p1a: Venusaur|248\/328 brn|[from] brn\n|upkeep\n|turn|56\n|choice|switch 6|move softboiled\n|\n|switch|p1a: Conkeldurr|Conkeldurr, F|370\/414\n|-damage|p1a: Conkeldurr|345\/414|[from] Stealth Rock\n|move|p2a: Chansey|Soft-Boiled|p2a: Chansey\n|-heal|p2a: Chansey|642\/642\n|\n|upkeep\n|turn|57\n|inactive|ArcaKing has 135 seconds left.\n|choice|move drainpunch|move toxic\n|\n|move|p2a: Chansey|Toxic|p1a: Conkeldurr|[miss]\n|-miss|p2a: Chansey|p1a: Conkeldurr\n|move|p1a: Conkeldurr|Drain Punch|p2a: Chansey\n|-supereffective|p2a: Chansey\n|-damage|p2a: Chansey|238\/642\n|-heal|p1a: Conkeldurr|414\/414|[from] drain|[of] p2a: Chansey\n|\n|upkeep\n|turn|58\n|choice|move machpunch|switch 2\n|\n|switch|p2a: Toxapex|Toxapex, F|220\/304\n|move|p1a: Conkeldurr|Mach Punch|p2a: Toxapex\n|-resisted|p2a: Toxapex\n|-damage|p2a: Toxapex|197\/304\n|\n|-heal|p2a: Toxapex|216\/304|[from] item: Black Sludge\n|upkeep\n|turn|59\n|inactive|ArcaKing has 135 seconds left.\n|choice|move stoneedge|move toxic\n|\n|move|p1a: Conkeldurr|Stone Edge|p2a: Toxapex|[miss]\n|-miss|p1a: Conkeldurr|p2a: Toxapex\n|move|p2a: Toxapex|Toxic|p1a: Conkeldurr\n|-status|p1a: Conkeldurr|tox\n|\n|-heal|p2a: Toxapex|235\/304|[from] item: Black Sludge\n|-damage|p1a: Conkeldurr|389\/414 tox|[from] psn\n|upkeep\n|turn|60\n|-message|shardul888 forfeited.\n|\n|win|ArcaKing\n|l|shardul888\n|raw|shardul888's rating: 1272 &rarr; <strong>1247<\/strong><br \/>(-25 for losing)\n|raw|ArcaKing's rating: 1269 &rarr; <strong>1295<\/strong><br \/>(+26 for winning)","inputlog":null,"uploadtime":1512701398,"views":3,"p1id":"shardul888","p2id":"arcaking","formatid":"gen7ou","rating":1247,"private":0,"password":null}