{"id":"gen7uu-853647518","p1":"polichinel","p2":"Worstsetsever","format":"gen7uu","log":"|j|\u2606polichinel\n|j|\u2606Worstsetsever\n|player|p1|polichinel|16\n|player|p2|Worstsetsever|1\n|teamsize|p1|6\n|teamsize|p2|6\n|gametype|singles\n|gen|7\n|tier|[Gen 7] UU\n|rated|\n|rule|Sleep Clause Mod: Limit one foe put to sleep\n|rule|Species Clause: Limit one of each Pok\u00e9mon\n|rule|OHKO Clause: OHKO moves are banned\n|rule|Moody Clause: Moody is banned\n|rule|Evasion Moves Clause: Evasion moves are banned\n|rule|Endless Battle Clause: Forcing endless battles is banned\n|rule|HP Percentage Mod: HP is shown in percentages\n|clearpoke\n|poke|p1|Altaria, M|item\n|poke|p1|Scizor, F|item\n|poke|p1|Hippowdon, M|item\n|poke|p1|Nidoking, M|item\n|poke|p1|Tsareena, F|item\n|poke|p1|Rotom-Heat|item\n|poke|p2|Muk-Alola, F|item\n|poke|p2|Chesnaught, F|item\n|poke|p2|Zeraora|item\n|poke|p2|Moltres|item\n|poke|p2|Altaria, M|item\n|poke|p2|Nidoqueen, F|item\n|teampreview\n|inactive|Battle timer is ON: inactive players will automatically lose when time's up. (requested by Worstsetsever)\n|\n|start\n|switch|p1a: Rotom|Rotom-Heat|100\/100\n|switch|p2a: Muk|Muk-Alola, F|100\/100\n|turn|1\n|\n|move|p1a: Rotom|Volt Switch|p2a: Muk\n|-damage|p2a: Muk|88\/100\n|\n|switch|p1a: Hippowdon|Hippowdon, M|100\/100\n|-weather|Sandstorm|[from] ability: Sand Stream|[of] p1a: Hippowdon\n|move|p2a: Muk|Knock Off|p1a: Hippowdon\n|-damage|p1a: Hippowdon|74\/100\n|-enditem|p1a: Hippowdon|Leftovers|[from] move: Knock Off|[of] p2a: Muk\n|\n|-weather|Sandstorm|[upkeep]\n|-damage|p2a: Muk|82\/100|[from] Sandstorm\n|upkeep\n|turn|2\n|\n|switch|p2a: Moltres|Moltres|100\/100\n|move|p1a: Hippowdon|Stealth Rock|p2a: Moltres\n|-sidestart|p2: Worstsetsever|move: Stealth Rock\n|\n|-weather|Sandstorm|[upkeep]\n|upkeep\n|turn|3\n|\n|switch|p1a: Rotom|Rotom-Heat|100\/100\n|move|p2a: Moltres|Defog|p1a: Rotom\n|-unboost|p1a: Rotom|evasion|1\n|-sideend|p2: Worstsetsever|Stealth Rock|[from] move: Defog|[of] p2a: Moltres\n|\n|-weather|Sandstorm|[upkeep]\n|-damage|p1a: Rotom|94\/100|[from] Sandstorm\n|upkeep\n|turn|4\n|\n|switch|p2a: Nidoqueen|Nidoqueen, F|100\/100\n|move|p1a: Rotom|Volt Switch|p2a: Nidoqueen\n|-immune|p2a: Nidoqueen\n|\n|-weather|Sandstorm|[upkeep]\n|-damage|p1a: Rotom|88\/100|[from] Sandstorm\n|upkeep\n|turn|5\n|\n|move|p1a: Rotom|Overheat|p2a: Nidoqueen\n|-damage|p2a: Nidoqueen|50\/100\n|-unboost|p1a: Rotom|spa|2\n|move|p2a: Nidoqueen|Toxic Spikes|p1a: Rotom\n|-sidestart|p1: polichinel|move: Toxic Spikes\n|\n|-weather|none\n|-heal|p2a: Nidoqueen|56\/100|[from] item: Black Sludge\n|upkeep\n|turn|6\n|\n|switch|p1a: Nidoking|Nidoking, M|100\/100\n|-sideend|p1: polichinel|move: Toxic Spikes|[of] p1a: Nidoking\n|move|p2a: Nidoqueen|Earth Power|p1a: Nidoking\n|-supereffective|p1a: Nidoking\n|-damage|p1a: Nidoking|11\/100\n|\n|-heal|p2a: Nidoqueen|62\/100|[from] item: Black Sludge\n|upkeep\n|turn|7\n|\n|switch|p2a: Moltres|Moltres|100\/100\n|move|p1a: Nidoking|Ice Beam|p2a: Moltres\n|-damage|p2a: Moltres|60\/100\n|\n|upkeep\n|turn|8\n|\n|switch|p1a: Rotom|Rotom-Heat|88\/100\n|move|p2a: Moltres|Fire Blast|p1a: Rotom\n|-resisted|p1a: Rotom\n|-damage|p1a: Rotom|62\/100\n|\n|upkeep\n|turn|9\n|\n|switch|p2a: Muk|Muk-Alola, F|82\/100\n|move|p1a: Rotom|Volt Switch|p2a: Muk\n|-damage|p2a: Muk|69\/100\n|\n|switch|p1a: Hippowdon|Hippowdon, M|74\/100\n|-weather|Sandstorm|[from] ability: Sand Stream|[of] p1a: Hippowdon\n|\n|-weather|Sandstorm|[upkeep]\n|-damage|p2a: Muk|63\/100|[from] Sandstorm\n|upkeep\n|turn|10\n|\n|move|p2a: Muk|Poison Jab|p1a: Hippowdon\n|-resisted|p1a: Hippowdon\n|-damage|p1a: Hippowdon|62\/100\n|-status|p1a: Hippowdon|psn|[from] ability: Poison Touch|[of] p2a: Muk\n|move|p1a: Hippowdon|Earthquake|p2a: Muk\n|-supereffective|p2a: Muk\n|-damage|p2a: Muk|0 fnt\n|faint|p2a: Muk\n|\n|-weather|Sandstorm|[upkeep]\n|-damage|p1a: Hippowdon|50\/100 psn|[from] psn\n|upkeep\n|\n|switch|p2a: Chesnaught|Chesnaught, F|100\/100\n|turn|11\n|\n|switch|p1a: Rotom|Rotom-Heat|62\/100\n|move|p2a: Chesnaught|Wood Hammer|p1a: Rotom\n|-resisted|p1a: Rotom\n|-crit|p1a: Rotom\n|-damage|p1a: Rotom|26\/100\n|-damage|p2a: Chesnaught|91\/100|[from] Recoil\n|\n|-weather|Sandstorm|[upkeep]\n|-damage|p1a: Rotom|20\/100|[from] Sandstorm\n|-damage|p2a: Chesnaught|85\/100|[from] Sandstorm\n|-enditem|p1a: Rotom|Iapapa Berry|[eat]\n|-heal|p1a: Rotom|70\/100|[from] item: Iapapa Berry\n|-heal|p2a: Chesnaught|91\/100|[from] item: Leftovers\n|upkeep\n|turn|12\n|\n|switch|p2a: Nidoqueen|Nidoqueen, F|62\/100\n|move|p1a: Rotom|Overheat|p2a: Nidoqueen\n|-damage|p2a: Nidoqueen|11\/100\n|-unboost|p1a: Rotom|spa|2\n|\n|-weather|Sandstorm|[upkeep]\n|-damage|p1a: Rotom|64\/100|[from] Sandstorm\n|-heal|p2a: Nidoqueen|17\/100|[from] item: Black Sludge\n|upkeep\n|turn|13\n|\n|switch|p2a: Moltres|Moltres|60\/100\n|move|p1a: Rotom|Overheat|p2a: Moltres\n|-resisted|p2a: Moltres\n|-damage|p2a: Moltres|47\/100\n|-unboost|p1a: Rotom|spa|2\n|\n|-weather|none\n|upkeep\n|turn|14\n|\n|move|p2a: Moltres|Roost|p2a: Moltres\n|-heal|p2a: Moltres|97\/100\n|-singleturn|p2a: Moltres|move: Roost\n|move|p1a: Rotom|Volt Switch|p2a: Moltres\n|-damage|p2a: Moltres|88\/100\n|inactive|polichinel has 120 seconds left.\n|\n|switch|p1a: Altaria|Altaria, M|100\/100\n|\n|upkeep\n|turn|15\n|\n|detailschange|p1a: Altaria|Altaria-Mega, M\n|-mega|p1a: Altaria|Altaria|Altarianite\n|move|p2a: Moltres|Hurricane|p1a: Altaria\n|-damage|p1a: Altaria|46\/100\n|move|p1a: Altaria|Earthquake|p2a: Moltres\n|-immune|p2a: Moltres\n|\n|upkeep\n|turn|16\n|\n|switch|p1a: Rotom|Rotom-Heat|64\/100\n|move|p2a: Moltres|Hurricane|p1a: Rotom\n|-resisted|p1a: Rotom\n|-damage|p1a: Rotom|40\/100\n|\n|upkeep\n|turn|17\n|\n|switch|p2a: Nidoqueen|Nidoqueen, F|17\/100\n|move|p1a: Rotom|Volt Switch|p2a: Nidoqueen\n|-immune|p2a: Nidoqueen\n|\n|-heal|p2a: Nidoqueen|23\/100|[from] item: Black Sludge\n|upkeep\n|turn|18\n|\n|switch|p2a: Moltres|Moltres|88\/100\n|move|p1a: Rotom|Overheat|p2a: Moltres\n|-resisted|p2a: Moltres\n|-damage|p2a: Moltres|63\/100\n|-unboost|p1a: Rotom|spa|2\n|\n|upkeep\n|turn|19\n|\n|move|p2a: Moltres|Roost|p2a: Moltres\n|-heal|p2a: Moltres|100\/100\n|-singleturn|p2a: Moltres|move: Roost\n|move|p1a: Rotom|Toxic|p2a: Moltres\n|-status|p2a: Moltres|tox\n|\n|-damage|p2a: Moltres|94\/100 tox|[from] psn\n|upkeep\n|turn|20\n|\n|move|p2a: Moltres|Hurricane|p1a: Rotom\n|-resisted|p1a: Rotom\n|-damage|p1a: Rotom|16\/100\n|move|p1a: Rotom|Volt Switch|p2a: Moltres\n|-supereffective|p2a: Moltres\n|-damage|p2a: Moltres|66\/100 tox\n|\n|switch|p1a: Altaria|Altaria-Mega, M|46\/100\n|\n|-damage|p2a: Moltres|54\/100 tox|[from] psn\n|upkeep\n|turn|21\n|\n|move|p2a: Moltres|Hurricane|p1a: Altaria|[miss]\n|-miss|p2a: Moltres|p1a: Altaria\n|move|p1a: Altaria|Roost|p1a: Altaria\n|-heal|p1a: Altaria|96\/100\n|-singleturn|p1a: Altaria|move: Roost\n|\n|-damage|p2a: Moltres|36\/100 tox|[from] psn\n|upkeep\n|turn|22\n|\n|move|p2a: Moltres|Hurricane|p1a: Altaria\n|-damage|p1a: Altaria|45\/100\n|-start|p1a: Altaria|confusion\n|-activate|p1a: Altaria|confusion\n|move|p1a: Altaria|Earthquake|p2a: Moltres\n|-immune|p2a: Moltres\n|\n|-damage|p2a: Moltres|12\/100 tox|[from] psn\n|upkeep\n|turn|23\n|\n|switch|p1a: Tsareena|Tsareena, F|100\/100\n|move|p2a: Moltres|Hurricane|p1a: Tsareena\n|-supereffective|p1a: Tsareena\n|-damage|p1a: Tsareena|0 fnt\n|faint|p1a: Tsareena\n|\n|-damage|p2a: Moltres|0 fnt|[from] psn\n|faint|p2a: Moltres\n|upkeep\n|\n|switch|p2a: Chesnaught|Chesnaught, F|91\/100\n|switch|p1a: Rotom|Rotom-Heat|16\/100\n|turn|24\n|\n|switch|p2a: Nidoqueen|Nidoqueen, F|23\/100\n|move|p1a: Rotom|Overheat|p2a: Nidoqueen|[miss]\n|-miss|p1a: Rotom|p2a: Nidoqueen\n|\n|-heal|p2a: Nidoqueen|29\/100|[from] item: Black Sludge\n|upkeep\n|turn|25\n|\n|switch|p2a: Altaria|Altaria, M|100\/100\n|move|p1a: Rotom|Overheat|p2a: Altaria\n|-resisted|p2a: Altaria\n|-crit|p2a: Altaria\n|-damage|p2a: Altaria|68\/100\n|-unboost|p1a: Rotom|spa|2\n|\n|upkeep\n|turn|26\n|\n|switch|p2a: Nidoqueen|Nidoqueen, F|29\/100\n|move|p1a: Rotom|Volt Switch|p2a: Nidoqueen\n|-immune|p2a: Nidoqueen\n|\n|-heal|p2a: Nidoqueen|35\/100|[from] item: Black Sludge\n|upkeep\n|turn|27\n|\n|switch|p1a: Scizor|Scizor, F|100\/100\n|move|p2a: Nidoqueen|Stealth Rock|p1a: Scizor\n|-sidestart|p1: polichinel|move: Stealth Rock\n|\n|-heal|p2a: Nidoqueen|41\/100|[from] item: Black Sludge\n|upkeep\n|turn|28\n|\n|move|p1a: Scizor|U-turn|p2a: Nidoqueen\n|-resisted|p2a: Nidoqueen\n|-damage|p2a: Nidoqueen|28\/100\n|j| rocketreus\n|\n|switch|p1a: Rotom|Rotom-Heat|16\/100\n|-damage|p1a: Rotom|0 fnt|[from] Stealth Rock\n|faint|p1a: Rotom\n|move|p2a: Nidoqueen|Earth Power|p1: Rotom|[notarget]\n|-fail|p2a: Nidoqueen\n|\n|-heal|p2a: Nidoqueen|34\/100|[from] item: Black Sludge\n|upkeep\n|\n|switch|p1a: Nidoking|Nidoking, M|11\/100\n|-damage|p1a: Nidoking|5\/100|[from] Stealth Rock\n|turn|29\n|j| dark5111\n|\n|move|p1a: Nidoking|Ice Beam|p2a: Nidoqueen\n|-supereffective|p2a: Nidoqueen\n|-damage|p2a: Nidoqueen|0 fnt\n|faint|p2a: Nidoqueen\n|\n|upkeep\n|\n|switch|p2a: Altaria|Altaria, M|68\/100\n|turn|30\n|\n|move|p1a: Nidoking|Ice Beam|p2a: Altaria\n|-supereffective|p2a: Altaria\n|-damage|p2a: Altaria|0 fnt\n|faint|p2a: Altaria\n|\n|upkeep\n|\n|switch|p2a: Zeraora|Zeraora|100\/100\n|turn|31\n|\n|move|p2a: Zeraora|Fire Punch|p1a: Nidoking\n|-damage|p1a: Nidoking|0 fnt\n|faint|p1a: Nidoking\n|\n|upkeep\n|\n|switch|p1a: Altaria|Altaria-Mega, M|45\/100\n|-damage|p1a: Altaria|32\/100|[from] Stealth Rock\n|turn|32\n|inactive|Worstsetsever has 120 seconds left.\n|\n|move|p2a: Zeraora|Plasma Fists|p1a: Altaria\n|-resisted|p1a: Altaria\n|-damage|p1a: Altaria|8\/100\n|-fieldactivate|move: Ion Deluge\n|move|p1a: Altaria|Roost|p1a: Altaria\n|-heal|p1a: Altaria|58\/100\n|-singleturn|p1a: Altaria|move: Roost\n|\n|upkeep\n|turn|33\n|inactive|polichinel has 120 seconds left.\n|\n|move|p2a: Zeraora|Bulk Up|p2a: Zeraora\n|-boost|p2a: Zeraora|atk|1\n|-boost|p2a: Zeraora|def|1\n|move|p1a: Altaria|Roost|p1a: Altaria\n|-heal|p1a: Altaria|100\/100\n|-singleturn|p1a: Altaria|move: Roost\n|\n|upkeep\n|turn|34\n|\n|move|p2a: Zeraora|Plasma Fists|p1a: Altaria\n|-resisted|p1a: Altaria\n|-damage|p1a: Altaria|61\/100\n|-fieldactivate|move: Ion Deluge\n|move|p1a: Altaria|Dragon Dance|p1a: Altaria\n|-boost|p1a: Altaria|atk|1\n|-boost|p1a: Altaria|spe|1\n|\n|upkeep\n|turn|35\n|-message|Worstsetsever forfeited.\n|\n|win|polichinel\n|l|\u2606Worstsetsever\n|raw|polichinel's rating: 1410 &rarr; <strong>1435<\/strong><br \/>(+25 for winning)\n|raw|Worstsetsever's rating: 1487 &rarr; <strong>1463<\/strong><br \/>(-24 for losing)\n|l|\u2606polichinel\n|l| dark5111\n","uploadtime":1548416767,"views":7,"p1id":"polichinel","p2id":"worstsetsever","formatid":"gen7uu","rating":1435,"private":0,"password":null}