{"id":"gen7randombattle-973668623","p1":"wolfwarrior","p2":"Fsu0413","format":"gen7randombattle","log":"|j|\u2606wolfwarrior\n|j|\u2606Fsu0413\n|player|p1|wolfwarrior|162|1585\n|player|p2|Fsu0413|272|1576\n|teamsize|p1|6\n|teamsize|p2|6\n|gametype|singles\n|gen|7\n|tier|[Gen 7] Random Battle\n|rated|\n|rule|Sleep Clause Mod: Limit one foe put to sleep\n|rule|HP Percentage Mod: HP is shown in percentages\n|\n|start\n|switch|p1a: Excadrill|Excadrill, L80, F|307\/307\n|switch|p2a: Lanturn|Lanturn, L88, M|363\/363\n|-ability|p1a: Excadrill|Mold Breaker\n|turn|1\n|\n|switch|p2a: Tapu Bulu|Tapu Bulu, L80|243\/243\n|-fieldstart|move: Grassy Terrain|[from] ability: Grassy Surge|[of] p2a: Tapu Bulu\n|move|p1a: Excadrill|Earthquake|p2a: Tapu Bulu\n|-resisted|p2a: Tapu Bulu\n|-damage|p2a: Tapu Bulu|216\/243\n|\n|-heal|p2a: Tapu Bulu|231\/243|[from] item: Leftovers\n|-heal|p2a: Tapu Bulu|243\/243|[from] Grassy Terrain\n|upkeep\n|turn|2\n|\n|switch|p1a: Vileplume|Vileplume, L85, F|266\/266\n|switch|p2a: Steelix|Steelix, L82, M|257\/257\n|\n|upkeep\n|turn|3\n|\n|move|p1a: Vileplume|Giga Drain|p2a: Steelix\n|-damage|p2a: Steelix|19\/257\n|-damage|p1a: Vileplume|240\/266|[from] item: Life Orb\n|move|p2a: Steelix|Earthquake|p1a: Vileplume\n|-damage|p1a: Vileplume|192\/266\n|\n|-heal|p1a: Vileplume|208\/266|[from] Grassy Terrain\n|-heal|p2a: Steelix|35\/257|[from] Grassy Terrain\n|upkeep\n|turn|4\n|c|\u2606wolfwarrior|slurp\n|\n|detailschange|p2a: Steelix|Steelix-Mega, L82, M\n|-mega|p2a: Steelix|Steelix|Steelixite\n|move|p1a: Vileplume|Giga Drain|p2a: Steelix\n|-damage|p2a: Steelix|0 fnt\n|-heal|p1a: Vileplume|226\/266|[from] drain|[of] p2a: Steelix\n|-damage|p1a: Vileplume|200\/266|[from] item: Life Orb\n|faint|p2a: Steelix\n|\n|-heal|p1a: Vileplume|216\/266|[from] Grassy Terrain\n|upkeep\n|\n|switch|p2a: Luvdisc|Luvdisc, L89, F|221\/221\n|turn|5\n|\n|move|p2a: Luvdisc|Ice Beam|p1a: Vileplume\n|-supereffective|p1a: Vileplume\n|-damage|p1a: Vileplume|144\/266\n|move|p1a: Vileplume|Giga Drain|p2a: Luvdisc\n|-supereffective|p2a: Luvdisc\n|-damage|p2a: Luvdisc|0 fnt\n|-heal|p1a: Vileplume|255\/266|[from] drain|[of] p2a: Luvdisc\n|-damage|p1a: Vileplume|229\/266|[from] item: Life Orb\n|faint|p2a: Luvdisc\n|\n|-heal|p1a: Vileplume|245\/266|[from] Grassy Terrain\n|-fieldend|move: Grassy Terrain\n|upkeep\n|\n|switch|p2a: Dragonite|Dragonite, L81, M|279\/279\n|turn|6\n|\n|move|p2a: Dragonite|Dragon Dance|p2a: Dragonite\n|-boost|p2a: Dragonite|atk|1\n|-boost|p2a: Dragonite|spe|1\n|move|p1a: Vileplume|Sludge Bomb|p2a: Dragonite\n|-damage|p2a: Dragonite|207\/279\n|-damage|p1a: Vileplume|219\/266|[from] item: Life Orb\n|\n|upkeep\n|turn|7\n|\n|move|p2a: Dragonite|Dragon Dance|p2a: Dragonite\n|-boost|p2a: Dragonite|atk|1\n|-boost|p2a: Dragonite|spe|1\n|move|p1a: Vileplume|Sludge Bomb|p2a: Dragonite\n|-damage|p2a: Dragonite|73\/279\n|-damage|p1a: Vileplume|193\/266|[from] item: Life Orb\n|\n|upkeep\n|turn|8\n|\n|switch|p1a: Exeggutor|Exeggutor-Alola, L86, F|304\/304\n|-item|p2a: Dragonite|Lum Berry|[from] ability: Frisk|[of] p1a: Exeggutor|[identify]\n|move|p2a: Dragonite|Roost|p2a: Dragonite\n|-heal|p2a: Dragonite|213\/279\n|-singleturn|p2a: Dragonite|move: Roost\n|\n|upkeep\n|turn|9\n|\n|move|p2a: Dragonite|Outrage|p1a: Exeggutor\n|-supereffective|p1a: Exeggutor\n|-damage|p1a: Exeggutor|0 fnt\n|faint|p1a: Exeggutor\n|\n|upkeep\n|\n|switch|p1a: Excadrill|Excadrill, L80, F|307\/307\n|-ability|p1a: Excadrill|Mold Breaker\n|turn|10\n|\n|move|p2a: Dragonite|Outrage|p1a: Excadrill|[from]lockedmove\n|-resisted|p1a: Excadrill\n|-damage|p1a: Excadrill|109\/307\n|-start|p2a: Dragonite|confusion|[fatigue]\n|-enditem|p2a: Dragonite|Lum Berry|[eat]\n|-end|p2a: Dragonite|confusion\n|move|p1a: Excadrill|Rock Slide|p2a: Dragonite\n|-supereffective|p2a: Dragonite\n|-damage|p2a: Dragonite|77\/279\n|\n|upkeep\n|turn|11\n|\n|move|p2a: Dragonite|Earthquake|p1a: Excadrill\n|-supereffective|p1a: Excadrill\n|-damage|p1a: Excadrill|0 fnt\n|faint|p1a: Excadrill\n|\n|upkeep\n|\n|switch|p1a: Pinsir|Pinsir, L81, F|237\/237\n|turn|12\n|\n|detailschange|p1a: Pinsir|Pinsir-Mega, L81, F\n|-mega|p1a: Pinsir|Pinsir|Pinsirite\n|move|p1a: Pinsir|Quick Attack|p2a: Dragonite\n|-damage|p2a: Dragonite|2\/279\n|move|p2a: Dragonite|Roost|p2a: Dragonite\n|-heal|p2a: Dragonite|142\/279\n|-singleturn|p2a: Dragonite|move: Roost\n|\n|upkeep\n|turn|13\n|\n|move|p2a: Dragonite|Roost|p2a: Dragonite\n|-heal|p2a: Dragonite|279\/279\n|-singleturn|p2a: Dragonite|move: Roost\n|move|p1a: Pinsir|Return|p2a: Dragonite\n|-damage|p2a: Dragonite|197\/279\n|\n|upkeep\n|turn|14\n|\n|switch|p1a: Vileplume|Vileplume, L85, F|193\/266\n|move|p2a: Dragonite|Outrage|p1a: Vileplume\n|-damage|p1a: Vileplume|0 fnt\n|-status|p2a: Dragonite|psn|[from] ability: Effect Spore|[of] p1a: Vileplume\n|faint|p1a: Vileplume\n|\n|-damage|p2a: Dragonite|163\/279 psn|[from] psn\n|upkeep\n|\n|switch|p1a: Oricorio|Oricorio-Sensu, L88, M|275\/275\n|turn|15\n|\n|move|p2a: Dragonite|Outrage|p1a: Oricorio|[from]lockedmove\n|-damage|p1a: Oricorio|0 fnt\n|-start|p2a: Dragonite|confusion|[fatigue]\n|faint|p1a: Oricorio\n|\n|-damage|p2a: Dragonite|129\/279 psn|[from] psn\n|upkeep\n|\n|switch|p1a: Azelf|Azelf, L82|257\/257\n|turn|16\n|\n|-activate|p2a: Dragonite|confusion\n|move|p2a: Dragonite|Outrage|p1a: Azelf\n|-damage|p1a: Azelf|0 fnt\n|faint|p1a: Azelf\n|\n|-damage|p2a: Dragonite|95\/279 psn|[from] psn\n|upkeep\n|\n|switch|p1a: Pinsir|Pinsir-Mega, L81, F|237\/237\n|turn|17\n|\n|-end|p2a: Dragonite|confusion\n|move|p2a: Dragonite|Outrage|p1a: Pinsir|[from]lockedmove\n|-damage|p1a: Pinsir|0 fnt\n|faint|p1a: Pinsir\n|\n|win|Fsu0413\n|raw|wolfwarrior's rating: 1585 &rarr; <strong>1564<\/strong><br \/>(-21 for losing)\n|raw|Fsu0413's rating: 1576 &rarr; <strong>1597<\/strong><br \/>(+21 for winning)\n|l|\u2606wolfwarrior\n","inputlog":">version f2783c642d6caa2f738a8ded6fa4787f5178fd34\n>start {\"formatid\":\"gen7randombattle\",\"seed\":[51428,46432,60968,970],\"rated\":\"Rated battle\"}\n>player p1 {\"name\":\"wolfwarrior\",\"avatar\":\"162\",\"team\":\"\",\"rating\":1585,\"seed\":[12219,20970,49702,6411]}\n>player p2 {\"name\":\"Fsu0413\",\"avatar\":\"272\",\"team\":\"\",\"rating\":1576,\"seed\":[20708,46129,30673,64322]}\n>p1 move earthquake\n>p2 switch 6\n>p1 switch 4\n>p2 switch 3\n>p1 move gigadrain\n>p2 move earthquake\n>p1 move gigadrain\n>p2 move heavyslam mega\n>p2 switch 2\n>p1 move gigadrain\n>p2 move icebeam\n>p2 switch 5\n>p1 move sludgebomb\n>p2 move dragondance\n>p1 move sludgebomb\n>p2 move dragondance\n>p1 switch 3\n>p2 move roost\n>p1 move dracometeor\n>p2 move outrage\n>p1 switch 4\n>p1 move rockslide\n>p2 move outrage\n>p1 move rockslide\n>p2 move earthquake\n>p1 switch 2\n>p1 move quickattack mega\n>p2 move roost\n>p1 move return\n>p2 move roost\n>p1 switch 3\n>p2 move outrage\n>p1 switch 6\n>p1 move revelationdance\n>p2 move outrage\n>p1 switch 5\n>p1 move psyshock\n>p2 move outrage\n>p1 switch 3\n>p1 move swordsdance\n>p2 move outrage","uploadtime":1568088158,"views":11,"p1id":"wolfwarrior","p2id":"fsu0413","formatid":"gen7randombattle","rating":1564,"private":0,"password":null}