{"id":"gen7anythinggoes-1651258471","p1":"Rediyu","p2":"teddygoesto","format":"gen7anythinggoes","log":"|j|\u2606Rediyu\n|j|\u2606teddygoesto\n|t:|1661800032\n|gametype|singles\n|player|p1|Rediyu|guitarist|\n|player|p2|teddygoesto|101|\n|teamsize|p1|6\n|teamsize|p2|6\n|gen|7\n|tier|[Gen 7] Anything Goes\n|rule|HP Percentage Mod: HP is shown in percentages\n|rule|Endless Battle Clause: Forcing endless battles is banned\n|clearpoke\n|poke|p1|Tapu Koko|item\n|poke|p1|Honchkrow, M|item\n|poke|p1|Metagross|item\n|poke|p1|Chansey, F|item\n|poke|p1|Gardevoir, F|item\n|poke|p1|Qwilfish, F|item\n|poke|p2|Steelix, M|item\n|poke|p2|Thundurus, M|item\n|poke|p2|Chandelure, M|item\n|poke|p2|Sylveon, M|item\n|poke|p2|Cinccino, M|item\n|poke|p2|Sawk, M|item\n|teampreview\n|c|\u2606Rediyu|gl hf\n|\n|t:|1661800157\n|start\n|switch|p1a: Rotwein|Gardevoir, F|100\/100\n|switch|p2a: S\u00e9rpent dor\u00e9e|Steelix, M, shiny|100\/100\n|-ability|p1a: Rotwein|Sturdy|[from] ability: Trace|[of] p2a: S\u00e9rpent dor\u00e9e\n|turn|1\n|\n|t:|1661800207\n|detailschange|p1a: Rotwein|Gardevoir-Mega, F\n|-mega|p1a: Rotwein|Gardevoir|Gardevoirite\n|detailschange|p2a: S\u00e9rpent dor\u00e9e|Steelix-Mega, M, shiny\n|-mega|p2a: S\u00e9rpent dor\u00e9e|Steelix|Steelixite\n|move|p1a: Rotwein|Focus Blast|p2a: S\u00e9rpent dor\u00e9e\n|-supereffective|p2a: S\u00e9rpent dor\u00e9e\n|-damage|p2a: S\u00e9rpent dor\u00e9e|26\/100\n|move|p2a: S\u00e9rpent dor\u00e9e|Heavy Slam|p1a: Rotwein\n|-supereffective|p1a: Rotwein\n|-damage|p1a: Rotwein|0 fnt\n|faint|p1a: Rotwein\n|\n|upkeep\n|c|\u2606teddygoesto|danke dir auch\n|\n|t:|1661800298\n|switch|p1a: Whiskey|Honchkrow, M|100\/100\n|turn|2\n|\n|t:|1661800398\n|switch|p2a: Fadette|Sylveon, M, shiny|100\/100\n|move|p1a: Whiskey|Heat Wave|p2a: Fadette|[miss]\n|-miss|p1a: Whiskey|p2a: Fadette\n|\n|upkeep\n|turn|3\n|\n|t:|1661800473\n|switch|p1a: Schwarzbier|Metagross|100\/100\n|move|p2a: Fadette|Wish|p2a: Fadette\n|\n|upkeep\n|turn|4\n|\n|t:|1661800527\n|move|p1a: Schwarzbier|Earthquake|p2a: Fadette\n|-damage|p2a: Fadette|74\/100\n|move|p2a: Fadette|Baton Pass|p2a: Fadette\n|\n|t:|1661800535\n|switch|p2a: Lustre|Chandelure, M, shiny|100\/100|[from]move: Baton Pass\n|\n|upkeep\n|turn|5\n|\n|t:|1661800561\n|switch|p1a: Whiskey|Honchkrow, M|100\/100\n|move|p2a: Lustre|Flamethrower|p1a: Whiskey\n|-damage|p1a: Whiskey|49\/100\n|\n|upkeep\n|turn|6\n|\n|t:|1661800670\n|-activate|p2a: Lustre|move: Pursuit\n|move|p1a: Whiskey|Pursuit|p2a: Lustre|[from]Pursuit\n|-supereffective|p2a: Lustre\n|-damage|p2a: Lustre|0 fnt\n|-status|p1a: Whiskey|brn|[from] ability: Flame Body|[of] p2a: Lustre\n|faint|p2a: Lustre\n|-ability|p1a: Whiskey|Moxie|boost\n|-boost|p1a: Whiskey|atk|1\n|-hint|A Pokemon can't switch between when it runs out of HP and when it faints\n|\n|-damage|p1a: Whiskey|42\/100 brn|[from] brn\n|upkeep\n|\n|t:|1661800714\n|switch|p2a: Lutteur|Sawk, M|100\/100\n|turn|7\n|\n|t:|1661800728\n|move|p1a: Whiskey|Sucker Punch|p2a: Lutteur\n|-resisted|p2a: Lutteur\n|-damage|p2a: Lutteur|79\/100\n|move|p2a: Lutteur|Rock Tomb|p1a: Whiskey\n|-supereffective|p1a: Whiskey\n|-damage|p1a: Whiskey|0 fnt\n|faint|p1a: Whiskey\n|\n|upkeep\n|\n|t:|1661800768\n|switch|p1a: Gin|Tapu Koko, shiny|100\/100\n|-fieldstart|move: Electric Terrain|[from] ability: Electric Surge|[of] p1a: Gin\n|turn|8\n|\n|t:|1661800850\n|switch|p2a: Fadette|Sylveon, M, shiny|74\/100\n|move|p1a: Gin|U-turn|p2a: Fadette\n|-resisted|p2a: Fadette\n|-damage|p2a: Fadette|67\/100\n|\n|t:|1661800860\n|switch|p1a: Schwarzbier|Metagross|100\/100|[from]move: U-turn\n|\n|-heal|p2a: Fadette|73\/100|[from] item: Leftovers\n|upkeep\n|turn|9\n|\n|t:|1661800946\n|switch|p2a: Nuage|Thundurus, M, shiny|100\/100\n|move|p1a: Schwarzbier|Meteor Mash|p2a: Nuage\n|-resisted|p2a: Nuage\n|-damage|p2a: Nuage|64\/100\n|\n|upkeep\n|turn|10\n|\n|t:|1661800974\n|switch|p1a: Gin|Tapu Koko, shiny|100\/100\n|move|p2a: Nuage|Thunderbolt|p1a: Gin\n|-resisted|p1a: Gin\n|-crit|p1a: Gin\n|-damage|p1a: Gin|44\/100\n|\n|upkeep\n|turn|11\n|\n|t:|1661801043\n|switch|p2a: S\u00e9rpent dor\u00e9e|Steelix-Mega, M, shiny|26\/100\n|move|p1a: Gin|U-turn|p2a: S\u00e9rpent dor\u00e9e\n|-resisted|p2a: S\u00e9rpent dor\u00e9e\n|-damage|p2a: S\u00e9rpent dor\u00e9e|23\/100\n|\n|t:|1661801052\n|switch|p1a: Schwarzbier|Metagross|100\/100|[from]move: U-turn\n|\n|upkeep\n|turn|12\n|\n|t:|1661801092\n|move|p1a: Schwarzbier|Earthquake|p2a: S\u00e9rpent dor\u00e9e\n|-supereffective|p2a: S\u00e9rpent dor\u00e9e\n|-damage|p2a: S\u00e9rpent dor\u00e9e|0 fnt\n|faint|p2a: S\u00e9rpent dor\u00e9e\n|\n|-fieldend|move: Electric Terrain\n|upkeep\n|\n|t:|1661801121\n|switch|p2a: Nuage|Thundurus, M, shiny|64\/100\n|turn|13\n|\n|t:|1661801146\n|switch|p1a: Vodka|Chansey, F|100\/100\n|move|p2a: Nuage|Thunderbolt|p1a: Vodka\n|-damage|p1a: Vodka|84\/100\n|\n|upkeep\n|turn|14\n|\n|t:|1661801158\n|move|p2a: Nuage|U-turn|p1a: Vodka\n|-damage|p1a: Vodka|73\/100\n|\n|t:|1661801186\n|switch|p2a: Lutteur|Sawk, M|79\/100|[from]move: U-turn\n|move|p1a: Vodka|Stealth Rock|p2a: Lutteur\n|-sidestart|p2: teddygoesto|move: Stealth Rock\n|\n|upkeep\n|turn|15\n|\n|t:|1661801283\n|move|p2a: Lutteur|Close Combat|p1a: Vodka\n|-supereffective|p1a: Vodka\n|-damage|p1a: Vodka|0 fnt\n|-unboost|p2a: Lutteur|def|1\n|-unboost|p2a: Lutteur|spd|1\n|faint|p1a: Vodka\n|\n|upkeep\n|\n|t:|1661801289\n|switch|p1a: Gin|Tapu Koko, shiny|44\/100\n|-fieldstart|move: Electric Terrain|[from] ability: Electric Surge|[of] p1a: Gin\n|turn|16\n|\n|t:|1661801411\n|switch|p2a: Rongeur|Cinccino, M, shiny|100\/100\n|-damage|p2a: Rongeur|88\/100|[from] Stealth Rock\n|move|p1a: Gin|Thunderbolt|p2a: Rongeur\n|-damage|p2a: Rongeur|0 fnt\n|faint|p2a: Rongeur\n|\n|upkeep\n|\n|t:|1661801442\n|switch|p2a: Fadette|Sylveon, M, shiny|73\/100\n|-damage|p2a: Fadette|61\/100|[from] Stealth Rock\n|turn|17\n|\n|t:|1661801462\n|move|p1a: Gin|U-turn|p2a: Fadette\n|-resisted|p2a: Fadette\n|-damage|p2a: Fadette|54\/100\n|\n|t:|1661801486\n|switch|p1a: Schwarzbier|Metagross|100\/100|[from]move: U-turn\n|move|p2a: Fadette|Hyper Voice|p1a: Schwarzbier\n|-resisted|p1a: Schwarzbier\n|-damage|p1a: Schwarzbier|91\/100\n|\n|-heal|p1a: Schwarzbier|98\/100|[from] item: Leftovers\n|-heal|p2a: Fadette|60\/100|[from] item: Leftovers\n|upkeep\n|turn|18\n|\n|t:|1661801591\n|switch|p2a: Nuage|Thundurus, M, shiny|64\/100\n|-damage|p2a: Nuage|39\/100|[from] Stealth Rock\n|move|p1a: Schwarzbier|Meteor Mash|p2a: Nuage\n|-resisted|p2a: Nuage\n|-damage|p2a: Nuage|5\/100\n|\n|-heal|p1a: Schwarzbier|100\/100|[from] item: Leftovers\n|upkeep\n|turn|19\n|\n|t:|1661801669\n|move|p2a: Nuage|Thunderbolt|p1a: Schwarzbier\n|-damage|p1a: Schwarzbier|62\/100\n|move|p1a: Schwarzbier|Meteor Mash|p2a: Nuage\n|-resisted|p2a: Nuage\n|-damage|p2a: Nuage|0 fnt\n|faint|p2a: Nuage\n|\n|-heal|p1a: Schwarzbier|68\/100|[from] item: Leftovers\n|upkeep\n|\n|t:|1661801679\n|switch|p2a: Lutteur|Sawk, M|79\/100\n|-damage|p2a: Lutteur|73\/100|[from] Stealth Rock\n|turn|20\n|\n|t:|1661801707\n|switch|p1a: Sekt|Qwilfish, F|100\/100\n|-ability|p1a: Sekt|Intimidate|boost\n|-unboost|p2a: Lutteur|atk|1\n|move|p2a: Lutteur|Earthquake|p1a: Sekt\n|-supereffective|p1a: Sekt\n|-damage|p1a: Sekt|54\/100\n|\n|-fieldend|move: Electric Terrain\n|upkeep\n|turn|21\n|\n|t:|1661801720\n|switch|p2a: Fadette|Sylveon, M, shiny|60\/100\n|-damage|p2a: Fadette|48\/100|[from] Stealth Rock\n|move|p1a: Sekt|Destiny Bond|p1a: Sekt\n|-singlemove|p1a: Sekt|Destiny Bond\n|\n|-heal|p2a: Fadette|54\/100|[from] item: Leftovers\n|upkeep\n|turn|22\n|\n|t:|1661801742\n|move|p1a: Sekt|Poison Jab|p2a: Fadette\n|-supereffective|p2a: Fadette\n|-damage|p2a: Fadette|14\/100\n|move|p2a: Fadette|Wish|p2a: Fadette\n|\n|-heal|p2a: Fadette|20\/100|[from] item: Leftovers\n|upkeep\n|turn|23\n|\n|t:|1661801784\n|switch|p1a: Schwarzbier|Metagross|68\/100\n|switch|p2a: Lutteur|Sawk, M|73\/100\n|-damage|p2a: Lutteur|67\/100|[from] Stealth Rock\n|\n|-heal|p2a: Lutteur|100\/100|[from] move: Wish|[wisher] Fadette\n|-heal|p1a: Schwarzbier|75\/100|[from] item: Leftovers\n|upkeep\n|turn|24\n|\n|t:|1661801830\n|move|p2a: Lutteur|Earthquake|p1a: Schwarzbier\n|-supereffective|p1a: Schwarzbier\n|-damage|p1a: Schwarzbier|6\/100\n|move|p1a: Schwarzbier|Earthquake|p2a: Lutteur\n|-damage|p2a: Lutteur|58\/100\n|\n|-heal|p1a: Schwarzbier|12\/100|[from] item: Leftovers\n|upkeep\n|turn|25\n|\n|t:|1661801871\n|move|p2a: Lutteur|Earthquake|p1a: Schwarzbier\n|-supereffective|p1a: Schwarzbier\n|-damage|p1a: Schwarzbier|0 fnt\n|faint|p1a: Schwarzbier\n|\n|upkeep\n|\n|t:|1661801882\n|switch|p1a: Gin|Tapu Koko, shiny|44\/100\n|-fieldstart|move: Electric Terrain|[from] ability: Electric Surge|[of] p1a: Gin\n|turn|26\n|\n|t:|1661801897\n|move|p1a: Gin|Thunderbolt|p2a: Lutteur\n|-damage|p2a: Lutteur|0 fnt\n|faint|p2a: Lutteur\n|\n|upkeep\n|c|\u2606teddygoesto|gg\n|\n|t:|1661801904\n|switch|p2a: Fadette|Sylveon, M, shiny|20\/100\n|-damage|p2a: Fadette|8\/100|[from] Stealth Rock\n|turn|27\n|c|\u2606Rediyu|gg\n|\n|t:|1661801908\n|move|p1a: Gin|Thunderbolt|p2a: Fadette\n|-damage|p2a: Fadette|0 fnt\n|faint|p2a: Fadette\n|\n|win|Rediyu\n","uploadtime":1661801912,"views":7,"p1id":"rediyu","p2id":"teddygoesto","formatid":"gen7anythinggoes","rating":0,"private":0,"password":null}