{"id":"gen7ou-916788654","p1":"ghecisbestvillain","p2":"German111","format":"gen7ou","log":"|j|\u2606ghecisbestvillain\n|j|\u2606German111\n|player|p1|ghecisbestvillain|87\n|player|p2|German111|170\n|teamsize|p1|6\n|teamsize|p2|6\n|gametype|singles\n|gen|7\n|tier|[Gen 7] OU\n|rated|\n|rule|Sleep Clause Mod: Limit one foe put to sleep\n|rule|Species Clause: Limit one of each Pok\u00e9mon\n|rule|OHKO Clause: OHKO moves are banned\n|rule|Moody Clause: Moody is banned\n|rule|Evasion Moves Clause: Evasion moves are banned\n|rule|Endless Battle Clause: Forcing endless battles is banned\n|rule|HP Percentage Mod: HP is shown in percentages\n|clearpoke\n|poke|p1|Hawlucha, M|item\n|poke|p1|Clefable, F|item\n|poke|p1|Charizard, M|item\n|poke|p1|Tapu Koko|item\n|poke|p1|Magearna|item\n|poke|p1|Kyurem-Black|item\n|poke|p2|Medicham, M|item\n|poke|p2|Landorus-Therian, M|item\n|poke|p2|Magearna|item\n|poke|p2|Greninja, M|item\n|poke|p2|Tapu Koko|item\n|poke|p2|Hawlucha, F|item\n|teampreview\n|inactive|Battle timer is ON: inactive players will automatically lose when time's up. (requested by ghecisbestvillain)\n|inactive|German111 has 120 seconds left.\n|\n|start\n|switch|p1a: Tapu Koko|Tapu Koko|282\/282\n|switch|p2a: Landorus|Landorus-Therian, M|371\/371\n|-fieldstart|move: Electric Terrain|[from] ability: Electric Surge|[of] p1a: Tapu Koko\n|-ability|p2a: Landorus|Intimidate|boost\n|-unboost|p1a: Tapu Koko|atk|1\n|turn|1\n|inactive|ghecisbestvillain has 120 seconds left.\n|inactive|ghecisbestvillain has 90 seconds left.\n|j| sk233\n|\n|move|p1a: Tapu Koko|Reflect|p1a: Tapu Koko\n|-sidestart|p1: ghecisbestvillain|Reflect\n|move|p2a: Landorus|Stealth Rock|p1a: Tapu Koko\n|-sidestart|p1: ghecisbestvillain|move: Stealth Rock\n|\n|upkeep\n|turn|2\n|l| sk233\n|inactive|German111 has 120 seconds left.\n|\n|move|p1a: Tapu Koko|Taunt|p2a: Landorus\n|-start|p2a: Landorus|move: Taunt\n|move|p2a: Landorus|Earthquake|p1a: Tapu Koko\n|-supereffective|p1a: Tapu Koko\n|-damage|p1a: Tapu Koko|134\/282\n|\n|upkeep\n|turn|3\n|inactive|German111 has 120 seconds left.\n|\n|switch|p1a: Clefable|Clefable, F|393\/393\n|switch|p2a: Magearna|Magearna|363\/363\n|\n|upkeep\n|turn|4\n|inactive|German111 has 120 seconds left.\n|\n|move|p2a: Magearna|Calm Mind|p2a: Magearna\n|-boost|p2a: Magearna|spa|1\n|-boost|p2a: Magearna|spd|1\n|move|p1a: Clefable|Cosmic Power|p1a: Clefable\n|-boost|p1a: Clefable|def|1\n|-boost|p1a: Clefable|spd|1\n|\n|upkeep\n|turn|5\n|\n|move|p2a: Magearna|Thunderbolt|p1a: Clefable\n|-damage|p1a: Clefable|260\/393\n|move|p1a: Clefable|Cosmic Power|p1a: Clefable\n|-boost|p1a: Clefable|def|1\n|-boost|p1a: Clefable|spd|1\n|\n|-heal|p1a: Clefable|284\/393|[from] item: Leftovers\n|-fieldend|move: Electric Terrain\n|upkeep\n|turn|6\n|\n|move|p2a: Magearna|Calm Mind|p2a: Magearna\n|-boost|p2a: Magearna|spa|1\n|-boost|p2a: Magearna|spd|1\n|move|p1a: Clefable|Cosmic Power|p1a: Clefable\n|-boost|p1a: Clefable|def|1\n|-boost|p1a: Clefable|spd|1\n|\n|-heal|p1a: Clefable|308\/393|[from] item: Leftovers\n|upkeep\n|turn|7\n|inactive|ghecisbestvillain has 90 seconds left.\n|inactive|German111 has 120 seconds left.\n|inactive|German111 has 90 seconds left.\n|inactive|German111 has 60 seconds left.\n|\n|move|p2a: Magearna|Calm Mind|p2a: Magearna\n|-boost|p2a: Magearna|spa|1\n|-boost|p2a: Magearna|spd|1\n|move|p1a: Clefable|Cosmic Power|p1a: Clefable\n|-boost|p1a: Clefable|def|1\n|-boost|p1a: Clefable|spd|1\n|\n|-heal|p1a: Clefable|332\/393|[from] item: Leftovers\n|upkeep\n|turn|8\n|inactive|ghecisbestvillain has 90 seconds left.\n|\n|move|p2a: Magearna|Calm Mind|p2a: Magearna\n|-boost|p2a: Magearna|spa|1\n|-boost|p2a: Magearna|spd|1\n|move|p1a: Clefable|Cosmic Power|p1a: Clefable\n|-boost|p1a: Clefable|def|1\n|-boost|p1a: Clefable|spd|1\n|\n|-heal|p1a: Clefable|356\/393|[from] item: Leftovers\n|-sideend|p1: ghecisbestvillain|Reflect\n|upkeep\n|turn|9\n|\n|move|p2a: Magearna|Calm Mind|p2a: Magearna\n|-boost|p2a: Magearna|spa|1\n|-boost|p2a: Magearna|spd|1\n|move|p1a: Clefable|Cosmic Power|p1a: Clefable\n|-boost|p1a: Clefable|def|1\n|-boost|p1a: Clefable|spd|1\n|\n|-heal|p1a: Clefable|380\/393|[from] item: Leftovers\n|upkeep\n|turn|10\n|\n|move|p2a: Magearna|Calm Mind|p2a: Magearna\n|-boost|p2a: Magearna|spa|1\n|-boost|p2a: Magearna|spd|1\n|move|p1a: Clefable|Charge Beam|p2a: Magearna\n|-damage|p2a: Magearna|356\/363\n|\n|-heal|p2a: Magearna|363\/363|[from] item: Leftovers\n|-heal|p1a: Clefable|393\/393|[from] item: Leftovers\n|upkeep\n|turn|11\n|inactive|ghecisbestvillain has 90 seconds left.\n|\n|move|p2a: Magearna|Thunderbolt|p1a: Clefable\n|-damage|p1a: Clefable|300\/393\n|move|p1a: Clefable|Charge Beam|p2a: Magearna\n|-damage|p2a: Magearna|356\/363\n|-boost|p1a: Clefable|spa|1\n|\n|-heal|p2a: Magearna|363\/363|[from] item: Leftovers\n|-heal|p1a: Clefable|324\/393|[from] item: Leftovers\n|upkeep\n|turn|12\n|\n|move|p2a: Magearna|Thunderbolt|p1a: Clefable\n|-damage|p1a: Clefable|239\/393\n|-status|p1a: Clefable|par\n|cant|p1a: Clefable|par\n|\n|-heal|p1a: Clefable|263\/393 par|[from] item: Leftovers\n|upkeep\n|turn|13\n|\n|move|p2a: Magearna|Fleur Cannon|p1a: Clefable\n|-damage|p1a: Clefable|88\/393 par\n|-unboost|p2a: Magearna|spa|2\n|move|p1a: Clefable|Soft-Boiled|p1a: Clefable\n|-heal|p1a: Clefable|285\/393 par\n|\n|-heal|p1a: Clefable|309\/393 par|[from] item: Leftovers\n|upkeep\n|turn|14\n|\n|move|p2a: Magearna|Calm Mind|p2a: Magearna\n|-boost|p2a: Magearna|spa|1\n|-boost|p2a: Magearna|spd|0\n|move|p1a: Clefable|Charge Beam|p2a: Magearna\n|-damage|p2a: Magearna|352\/363\n|-boost|p1a: Clefable|spa|1\n|\n|-heal|p2a: Magearna|363\/363|[from] item: Leftovers\n|-heal|p1a: Clefable|333\/393 par|[from] item: Leftovers\n|upkeep\n|turn|15\n|\n|move|p2a: Magearna|Calm Mind|p2a: Magearna\n|-boost|p2a: Magearna|spa|1\n|-boost|p2a: Magearna|spd|0\n|move|p1a: Clefable|Charge Beam|p2a: Magearna|[miss]\n|-miss|p1a: Clefable|p2a: Magearna\n|\n|-heal|p1a: Clefable|357\/393 par|[from] item: Leftovers\n|upkeep\n|turn|16\n|\n|move|p2a: Magearna|Thunderbolt|p1a: Clefable\n|-damage|p1a: Clefable|270\/393 par\n|move|p1a: Clefable|Charge Beam|p2a: Magearna|[miss]\n|-miss|p1a: Clefable|p2a: Magearna\n|\n|-heal|p1a: Clefable|294\/393 par|[from] item: Leftovers\n|upkeep\n|turn|17\n|inactive|ghecisbestvillain has 120 seconds left.\n|\n|move|p2a: Magearna|Thunderbolt|p1a: Clefable\n|-damage|p1a: Clefable|211\/393 par\n|cant|p1a: Clefable|par\n|\n|-heal|p1a: Clefable|235\/393 par|[from] item: Leftovers\n|upkeep\n|turn|18\n|\n|move|p2a: Magearna|Thunderbolt|p1a: Clefable\n|-damage|p1a: Clefable|146\/393 par\n|move|p1a: Clefable|Soft-Boiled|p1a: Clefable\n|-heal|p1a: Clefable|343\/393 par\n|\n|-heal|p1a: Clefable|367\/393 par|[from] item: Leftovers\n|upkeep\n|turn|19\n|\n|move|p2a: Magearna|Thunderbolt|p1a: Clefable\n|-damage|p1a: Clefable|276\/393 par\n|move|p1a: Clefable|Charge Beam|p2a: Magearna\n|-damage|p2a: Magearna|347\/363\n|-boost|p1a: Clefable|spa|1\n|\n|-heal|p2a: Magearna|363\/363|[from] item: Leftovers\n|-heal|p1a: Clefable|300\/393 par|[from] item: Leftovers\n|upkeep\n|turn|20\n|inactive|ghecisbestvillain has 120 seconds left.\n|\n|move|p2a: Magearna|Thunderbolt|p1a: Clefable\n|-damage|p1a: Clefable|208\/393 par\n|move|p1a: Clefable|Charge Beam|p2a: Magearna\n|-damage|p2a: Magearna|345\/363\n|-boost|p1a: Clefable|spa|1\n|\n|-heal|p2a: Magearna|363\/363|[from] item: Leftovers\n|-heal|p1a: Clefable|232\/393 par|[from] item: Leftovers\n|upkeep\n|turn|21\n|\n|move|p2a: Magearna|Thunderbolt|p1a: Clefable\n|-damage|p1a: Clefable|142\/393 par\n|move|p1a: Clefable|Soft-Boiled|p1a: Clefable\n|-heal|p1a: Clefable|339\/393 par\n|\n|-heal|p1a: Clefable|363\/393 par|[from] item: Leftovers\n|upkeep\n|turn|22\n|\n|move|p2a: Magearna|Thunderbolt|p1a: Clefable\n|-damage|p1a: Clefable|271\/393 par\n|move|p1a: Clefable|Charge Beam|p2a: Magearna\n|-damage|p2a: Magearna|341\/363\n|-boost|p1a: Clefable|spa|1\n|\n|-heal|p2a: Magearna|363\/363|[from] item: Leftovers\n|-heal|p1a: Clefable|295\/393 par|[from] item: Leftovers\n|upkeep\n|turn|23\n|inactive|ghecisbestvillain has 120 seconds left.\n|\n|move|p2a: Magearna|Thunderbolt|p1a: Clefable\n|-damage|p1a: Clefable|215\/393 par\n|move|p1a: Clefable|Soft-Boiled|p1a: Clefable\n|-heal|p1a: Clefable|393\/393 par\n|\n|upkeep\n|turn|24\n|\n|move|p2a: Magearna|Thunderbolt|p1a: Clefable\n|-damage|p1a: Clefable|300\/393 par\n|move|p1a: Clefable|Charge Beam|p2a: Magearna\n|-damage|p2a: Magearna|336\/363\n|-boost|p1a: Clefable|spa|1\n|\n|-heal|p2a: Magearna|358\/363|[from] item: Leftovers\n|-heal|p1a: Clefable|324\/393 par|[from] item: Leftovers\n|upkeep\n|turn|25\n|inactive|ghecisbestvillain has 120 seconds left.\n|\n|move|p2a: Magearna|Thunderbolt|p1a: Clefable\n|-damage|p1a: Clefable|239\/393 par\n|move|p1a: Clefable|Stored Power|p2a: Magearna\n|-resisted|p2a: Magearna\n|-damage|p2a: Magearna|251\/363\n|\n|-heal|p2a: Magearna|273\/363|[from] item: Leftovers\n|-heal|p1a: Clefable|263\/393 par|[from] item: Leftovers\n|upkeep\n|turn|26\n|\n|move|p2a: Magearna|Fleur Cannon|p1a: Clefable\n|-damage|p1a: Clefable|73\/393 par\n|-unboost|p2a: Magearna|spa|2\n|cant|p1a: Clefable|par\n|\n|-heal|p2a: Magearna|295\/363|[from] item: Leftovers\n|-heal|p1a: Clefable|97\/393 par|[from] item: Leftovers\n|upkeep\n|turn|27\n|inactive|ghecisbestvillain has 120 seconds left.\n|\n|move|p2a: Magearna|Fleur Cannon|p1a: Clefable\n|-damage|p1a: Clefable|0 fnt\n|-unboost|p2a: Magearna|spa|2\n|faint|p1a: Clefable\n|-ability|p2a: Magearna|Soul-Heart|boost\n|-boost|p2a: Magearna|spa|1\n|\n|-heal|p2a: Magearna|317\/363|[from] item: Leftovers\n|upkeep\n|inactive|ghecisbestvillain has 120 seconds left.\n|\n|switch|p1a: Charizard|Charizard, M|297\/297\n|-damage|p1a: Charizard|149\/297|[from] Stealth Rock\n|turn|28\n|inactive|German111 has 120 seconds left.\n|\n|switch|p2a: Landorus|Landorus-Therian, M|371\/371\n|-ability|p2a: Landorus|Intimidate|boost\n|-unboost|p1a: Charizard|atk|1\n|detailschange|p1a: Charizard|Charizard-Mega-X, M\n|-mega|p1a: Charizard|Charizard|Charizardite X\n|move|p1a: Charizard|Fire Punch|p2a: Landorus\n|-crit|p2a: Landorus\n|-damage|p2a: Landorus|113\/371\n|\n|-heal|p2a: Landorus|136\/371|[from] item: Leftovers\n|upkeep\n|turn|29\n|inactive|ghecisbestvillain has 120 seconds left.\n|\n|move|p1a: Charizard|Dragon Claw|p2a: Landorus\n|-damage|p2a: Landorus|21\/371\n|move|p2a: Landorus|Earthquake|p1a: Charizard\n|-supereffective|p1a: Charizard\n|-damage|p1a: Charizard|0 fnt\n|faint|p1a: Charizard\n|\n|-heal|p2a: Landorus|44\/371|[from] item: Leftovers\n|upkeep\n|\n|switch|p1a: Tapu Koko|Tapu Koko|134\/282\n|-damage|p1a: Tapu Koko|99\/282|[from] Stealth Rock\n|-fieldstart|move: Electric Terrain|[from] ability: Electric Surge|[of] p1a: Tapu Koko\n|turn|30\n|\n|move|p1a: Tapu Koko|Defog|p2a: Landorus\n|-unboost|p2a: Landorus|evasion|1\n|-sideend|p1: ghecisbestvillain|Stealth Rock|[from] move: Defog|[of] p1a: Tapu Koko\n|move|p2a: Landorus|Earthquake|p1a: Tapu Koko\n|-supereffective|p1a: Tapu Koko\n|-damage|p1a: Tapu Koko|0 fnt\n|faint|p1a: Tapu Koko\n|\n|-heal|p2a: Landorus|67\/371|[from] item: Leftovers\n|upkeep\n|\n|switch|p1a: Hawlucha|Hawlucha, M|299\/299\n|-enditem|p1a: Hawlucha|Electric Seed\n|-boost|p1a: Hawlucha|def|1\n|turn|31\n|\n|switch|p2a: Tapu Koko|Tapu Koko|281\/281\n|move|p1a: Hawlucha|Swords Dance|p1a: Hawlucha\n|-boost|p1a: Hawlucha|atk|2\n|\n|upkeep\n|turn|32\n|\n|move|p1a: Hawlucha|Rock Slide|p2a: Tapu Koko\n|-damage|p2a: Tapu Koko|118\/281\n|move|p2a: Tapu Koko|Thunderbolt|p1a: Hawlucha\n|-supereffective|p1a: Hawlucha\n|-damage|p1a: Hawlucha|0 fnt\n|faint|p1a: Hawlucha\n|\n|upkeep\n|\n|switch|p1a: Kyurem|Kyurem-Black|405\/405\n|-ability|p1a: Kyurem|Teravolt\n|turn|33\n|inactive|German111 has 120 seconds left.\n|\n|switch|p2a: Landorus|Landorus-Therian, M|67\/371\n|-ability|p2a: Landorus|Intimidate|boost\n|-unboost|p1a: Kyurem|atk|1\n|move|p1a: Kyurem|Earth Power|p2a: Landorus\n|-immune|p2a: Landorus\n|\n|-heal|p2a: Landorus|90\/371|[from] item: Leftovers\n|upkeep\n|turn|34\n|\n|move|p2a: Landorus|Stealth Rock|p1a: Kyurem\n|-sidestart|p1: ghecisbestvillain|move: Stealth Rock\n|move|p1a: Kyurem|Ice Beam|p2a: Landorus\n|-supereffective|p2a: Landorus\n|-damage|p2a: Landorus|0 fnt\n|-damage|p1a: Kyurem|365\/405|[from] item: Life Orb\n|faint|p2a: Landorus\n|\n|-fieldend|move: Electric Terrain\n|upkeep\n|inactive|German111 has 120 seconds left.\n|\n|switch|p2a: Medicham|Medicham, M|261\/261\n|turn|35\n|\n|detailschange|p2a: Medicham|Medicham-Mega, M\n|-mega|p2a: Medicham|Medicham|Medichamite\n|move|p2a: Medicham|High Jump Kick|p1a: Kyurem\n|-supereffective|p1a: Kyurem\n|-damage|p1a: Kyurem|0 fnt\n|faint|p1a: Kyurem\n|\n|upkeep\n|\n|switch|p1a: Magearna|Magearna|301\/301\n|-damage|p1a: Magearna|283\/301|[from] Stealth Rock\n|turn|36\n|\n|move|p2a: Medicham|High Jump Kick|p1a: Magearna\n|-damage|p1a: Magearna|27\/301\n|move|p1a: Magearna|Shift Gear|p1a: Magearna\n|-boost|p1a: Magearna|spe|2\n|-boost|p1a: Magearna|atk|1\n|\n|upkeep\n|turn|37\n|\n|switch|p2a: Magearna|Magearna|317\/363\n|move|p1a: Magearna|Shift Gear|p1a: Magearna\n|-boost|p1a: Magearna|spe|2\n|-boost|p1a: Magearna|atk|1\n|\n|-heal|p2a: Magearna|339\/363|[from] item: Leftovers\n|upkeep\n|turn|38\n|\n|move|p1a: Magearna|Iron Head|p2a: Magearna\n|-damage|p2a: Magearna|135\/363\n|cant|p2a: Magearna|flinch\n|\n|-heal|p2a: Magearna|157\/363|[from] item: Leftovers\n|upkeep\n|turn|39\n|\n|move|p1a: Magearna|Iron Head|p2a: Magearna\n|-damage|p2a: Magearna|0 fnt\n|faint|p2a: Magearna\n|-ability|p1a: Magearna|Soul-Heart|boost\n|-boost|p1a: Magearna|spa|1\n|\n|upkeep\n|\n|switch|p2a: Medicham|Medicham-Mega, M|261\/261\n|turn|40\n|\n|move|p2a: Medicham|Fake Out|p1a: Magearna\n|-resisted|p1a: Magearna\n|-damage|p1a: Magearna|0 fnt\n|faint|p1a: Magearna\n|\n|win|German111\n|l|\u2606ghecisbestvillain\n|l|\u2606German111\n","uploadtime":1558898277,"views":240,"p1id":"ghecisbestvillain","p2id":"german111","formatid":"gen7ou","rating":0,"private":0,"password":null}