{"id":"gen7randombattle-689900227","p1":"Spride3b","p2":"wolfwarrior","format":"gen7randombattle","log":"|j|\u2606Spride3b\n|j|\u2606wolfwarrior\n|player|p1|Spride3b|126\n|teamsize|p1|6\n|player|p2|wolfwarrior|162\n|teamsize|p2|6\n|gametype|singles\n|gen|7\n|tier|[Gen 7] Random Battle\n|rated|\n|seed|25156,61620,23366,21592,37591,59165,17903,10676,43148,22528,23767,18970\n|rule|Sleep Clause Mod: Limit one foe put to sleep\n|rule|HP Percentage Mod: HP is shown in percentages\n|\n|start\n|switch|p1a: Feraligatr|Feraligatr, L79, M|100\/100\n|switch|p2a: Manectric|Manectric, L77, M|100\/100\n|turn|1\n|inactive|Battle timer is ON: inactive players will automatically lose when time's up. (requested by wolfwarrior)\n|inactive|Spride3b has 135 seconds left.\n|inactive|Spride3b has 120 seconds left.\n|inactive|Spride3b has 105 seconds left.\n|choice|switch 6|move voltswitch\n|\n|switch|p1a: Rotom|Rotom-Mow, L79|100\/100\n|move|p2a: Manectric|Volt Switch|p1a: Rotom\n|-resisted|p1a: Rotom\n|-crit|p1a: Rotom\n|-damage|p1a: Rotom|89\/100\n|choice||switch 3\n|\n|switch|p2a: Infernape|Infernape, L77, F|100\/100|[from]move: Volt Switch\n|\n|upkeep\n|turn|2\n|choice|switch 4|move fireblast\n|\n|switch|p1a: Rapidash|Rapidash, L83, M|100\/100\n|move|p2a: Infernape|Fire Blast|p1a: Rapidash\n|-start|p1a: Rapidash|ability: Flash Fire\n|\n|upkeep\n|turn|3\n|choice|move highhorsepower|switch 5\n|\n|switch|p2a: Kingdra|Kingdra, L80, F|100\/100\n|move|p1a: Rapidash|High Horsepower|p2a: Kingdra\n|-damage|p2a: Kingdra|74\/100\n|\n|upkeep\n|turn|4\n|inactive|Spride3b has 135 seconds left.\n|choice|move willowisp|move dragondance\n|\n|move|p1a: Rapidash|Will-O-Wisp|p2a: Kingdra\n|-status|p2a: Kingdra|brn\n|move|p2a: Kingdra|Dragon Dance|p2a: Kingdra\n|-boost|p2a: Kingdra|atk|1\n|-boost|p2a: Kingdra|spe|1\n|\n|-damage|p2a: Kingdra|68\/100 brn|[from] brn\n|upkeep\n|turn|5\n|inactive|Spride3b has 135 seconds left.\n|choice|switch 3|move dragondance\n|\n|-end|p1a: Rapidash|ability: Flash Fire|[silent]\n|switch|p1a: Araquanid|Araquanid, L79, F|100\/100\n|move|p2a: Kingdra|Dragon Dance|p2a: Kingdra\n|-boost|p2a: Kingdra|atk|1\n|-boost|p2a: Kingdra|spe|1\n|\n|-damage|p2a: Kingdra|62\/100 brn|[from] brn\n|upkeep\n|turn|6\n|choice|move leechlife|move dragondance\n|\n|move|p2a: Kingdra|Dragon Dance|p2a: Kingdra\n|-boost|p2a: Kingdra|atk|1\n|-boost|p2a: Kingdra|spe|1\n|move|p1a: Araquanid|Leech Life|p2a: Kingdra\n|-damage|p2a: Kingdra|39\/100 brn\n|\n|-damage|p2a: Kingdra|33\/100 brn|[from] brn\n|upkeep\n|turn|7\n|choice|move leechlife|move dracometeor\n|\n|move|p2a: Kingdra|Draco Meteor|p1a: Araquanid\n|-crit|p1a: Araquanid\n|-damage|p1a: Araquanid|36\/100\n|-unboost|p2a: Kingdra|spa|2\n|move|p1a: Araquanid|Leech Life|p2a: Kingdra\n|-damage|p2a: Kingdra|9\/100 brn\n|-heal|p1a: Araquanid|48\/100|[from] drain|[of] p2a: Kingdra\n|\n|-heal|p1a: Araquanid|54\/100|[from] item: Leftovers\n|-damage|p2a: Kingdra|3\/100 brn|[from] brn\n|upkeep\n|turn|8\n|choice|move stickyweb|move waterfall\n|\n|move|p2a: Kingdra|Waterfall|p1a: Araquanid\n|-resisted|p1a: Araquanid\n|-damage|p1a: Araquanid|32\/100\n|cant|p1a: Araquanid|flinch\n|\n|-heal|p1a: Araquanid|38\/100|[from] item: Leftovers\n|-damage|p2a: Kingdra|0 fnt|[from] brn\n|upkeep\n|faint|p2a: Kingdra\n|inactive|wolfwarrior has 135 seconds left.\n|choice||switch 3\n|\n|switch|p2a: Manectric|Manectric, L77, M|100\/100\n|turn|9\n|choice|move stickyweb|move voltswitch\n|\n|move|p2a: Manectric|Volt Switch|p1a: Araquanid\n|-supereffective|p1a: Araquanid\n|-damage|p1a: Araquanid|0 fnt\n|faint|p1a: Araquanid\n|inactive|wolfwarrior has 135 seconds left.\n|choice||switch 5\n|\n|switch|p2a: Infernape|Infernape, L77, F|100\/100|[from]move: Volt Switch\n|\n|upkeep\n|choice|switch 6|\n|\n|switch|p1a: Feraligatr|Feraligatr, L79, M|100\/100\n|turn|10\n|choice|move dragondance|switch 2\n|\n|switch|p2a: Decidueye|Decidueye, L79, M|100\/100\n|move|p1a: Feraligatr|Dragon Dance|p1a: Feraligatr\n|-boost|p1a: Feraligatr|atk|1\n|-boost|p1a: Feraligatr|spe|1\n|\n|upkeep\n|turn|11\n|choice|move crunch|move leafblade\n|\n|move|p1a: Feraligatr|Crunch|p2a: Decidueye\n|-supereffective|p2a: Decidueye\n|-damage|p2a: Decidueye|0 fnt\n|faint|p2a: Decidueye\n|\n|upkeep\n|choice||switch 4\n|\n|switch|p2a: Shaymin|Shaymin, L79|100\/100\n|turn|12\n|inactive|Spride3b has 135 seconds left.\n|choice|switch 3|move seedflare\n|\n|switch|p1a: Rapidash|Rapidash, L83, M|100\/100\n|move|p2a: Shaymin|Seed Flare|p1a: Rapidash\n|-resisted|p1a: Rapidash\n|-damage|p1a: Rapidash|76\/100\n|\n|-heal|p1a: Rapidash|82\/100|[from] item: Leftovers\n|upkeep\n|turn|13\n|c|\u2606wolfwarrior|lucky mf\n|inactive|wolfwarrior has 135 seconds left.\n|choice|move flareblitz|switch 6\n|\n|switch|p2a: Politoed|Politoed, L79, F|100\/100\n|-weather|RainDance|[from] ability: Drizzle|[of] p2a: Politoed\n|move|p1a: Rapidash|Flare Blitz|p2a: Politoed\n|-resisted|p2a: Politoed\n|-damage|p2a: Politoed|88\/100\n|-damage|p1a: Rapidash|77\/100|[from] Recoil|[of] p2a: Politoed\n|\n|-weather|RainDance|[upkeep]\n|-heal|p1a: Rapidash|83\/100|[from] item: Leftovers\n|upkeep\n|turn|14\n|inactive|Spride3b has 135 seconds left.\n|inactive|Spride3b has 120 seconds left.\n|choice|switch 3|move scald\n|\n|switch|p1a: Feraligatr|Feraligatr, L79, M|100\/100\n|move|p2a: Politoed|Scald|p1a: Feraligatr\n|-resisted|p1a: Feraligatr\n|-damage|p1a: Feraligatr|76\/100\n|-status|p1a: Feraligatr|brn\n|\n|-weather|RainDance|[upkeep]\n|-damage|p1a: Feraligatr|70\/100 brn|[from] brn\n|upkeep\n|turn|15\n|choice|move dragondance|move encore\n|\n|move|p1a: Feraligatr|Dragon Dance|p1a: Feraligatr\n|-boost|p1a: Feraligatr|atk|1\n|-boost|p1a: Feraligatr|spe|1\n|move|p2a: Politoed|Encore|p1a: Feraligatr\n|-start|p1a: Feraligatr|Encore\n|\n|-weather|RainDance|[upkeep]\n|-damage|p1a: Feraligatr|64\/100 brn|[from] brn\n|upkeep\n|turn|16\n|choice|move dragondance|move scald\n|\n|move|p1a: Feraligatr|Dragon Dance|p1a: Feraligatr\n|-boost|p1a: Feraligatr|atk|1\n|-boost|p1a: Feraligatr|spe|1\n|move|p2a: Politoed|Scald|p1a: Feraligatr\n|-resisted|p1a: Feraligatr\n|-damage|p1a: Feraligatr|39\/100 brn\n|\n|-weather|RainDance|[upkeep]\n|-damage|p1a: Feraligatr|33\/100 brn|[from] brn\n|upkeep\n|turn|17\n|choice|move dragondance|move scald\n|\n|move|p1a: Feraligatr|Dragon Dance|p1a: Feraligatr\n|-boost|p1a: Feraligatr|atk|1\n|-boost|p1a: Feraligatr|spe|1\n|move|p2a: Politoed|Scald|p1a: Feraligatr\n|-resisted|p1a: Feraligatr\n|-damage|p1a: Feraligatr|8\/100 brn\n|\n|-weather|none\n|-damage|p1a: Feraligatr|2\/100 brn|[from] brn\n|upkeep\n|turn|18\n|choice|move dragondance|move scald\n|\n|move|p1a: Feraligatr|Dragon Dance|p1a: Feraligatr\n|-boost|p1a: Feraligatr|atk|1\n|-boost|p1a: Feraligatr|spe|1\n|move|p2a: Politoed|Scald|p1a: Feraligatr\n|-resisted|p1a: Feraligatr\n|-damage|p1a: Feraligatr|0 fnt\n|faint|p1a: Feraligatr\n|\n|upkeep\n|choice|switch 4|\n|\n|switch|p1a: Rotom|Rotom-Mow, L79|89\/100\n|turn|19\n|choice|move thunderbolt|switch 5\n|\n|switch|p2a: Manectric|Manectric, L77, M|100\/100\n|move|p1a: Rotom|Thunderbolt|p2a: Manectric\n|-ability|p2a: Manectric|Lightning Rod|boost\n|-boost|p2a: Manectric|spa|1\n|\n|upkeep\n|turn|20\n|choice|move leafstorm|move thunderbolt mega\n|\n|-mega|p2a: Manectric|Manectric|Manectite\n|detailschange|p2a: Manectric|Manectric-Mega, L77, M\n|-ability|p2a: Manectric|Intimidate|boost\n|-unboost|p1a: Rotom|atk|1\n|move|p2a: Manectric|Thunderbolt|p1a: Rotom\n|-resisted|p1a: Rotom\n|-damage|p1a: Rotom|73\/100\n|move|p1a: Rotom|Leaf Storm|p2a: Manectric\n|-damage|p2a: Manectric|21\/100\n|-unboost|p1a: Rotom|spa|2\n|-damage|p1a: Rotom|64\/100|[from] item: Life Orb\n|\n|upkeep\n|turn|21\n|choice|move leafstorm|move overheat\n|\n|move|p2a: Manectric|Overheat|p1a: Rotom\n|-supereffective|p1a: Rotom\n|-damage|p1a: Rotom|0 fnt\n|-unboost|p2a: Manectric|spa|2\n|faint|p1a: Rotom\n|\n|upkeep\n|choice|switch 3|\n|\n|switch|p1a: Rapidash|Rapidash, L83, M|83\/100\n|turn|22\n|choice|move highhorsepower|move voltswitch\n|\n|move|p2a: Manectric|Volt Switch|p1a: Rapidash\n|-damage|p1a: Rapidash|61\/100\n|choice||switch 5\n|\n|switch|p2a: Politoed|Politoed, L79, F|88\/100|[from]move: Volt Switch\n|-weather|RainDance|[from] ability: Drizzle|[of] p2a: Politoed\n|move|p1a: Rapidash|High Horsepower|p2a: Politoed\n|-damage|p2a: Politoed|58\/100\n|\n|-weather|RainDance|[upkeep]\n|-heal|p1a: Rapidash|67\/100|[from] item: Leftovers\n|upkeep\n|turn|23\n|choice|switch 5|move scald\n|\n|switch|p1a: Durant|Durant, L79, M|100\/100\n|move|p2a: Politoed|Scald|p1a: Durant\n|-damage|p1a: Durant|24\/100\n|\n|-weather|RainDance|[upkeep]\n|upkeep\n|turn|24\n|inactive|Spride3b has 135 seconds left.\n|inactive|wolfwarrior has 135 seconds left.\n|choice|move xscissor|switch 2\n|\n|switch|p2a: Infernape|Infernape, L77, F|100\/100\n|move|p1a: Durant|X-Scissor|p2a: Infernape\n|-resisted|p2a: Infernape\n|-damage|p2a: Infernape|80\/100\n|-damage|p1a: Durant|14\/100|[from] item: Life Orb\n|\n|-weather|RainDance|[upkeep]\n|upkeep\n|turn|25\n|choice|move stoneedge|move machpunch\n|\n|move|p2a: Infernape|Mach Punch|p1a: Durant\n|-damage|p1a: Durant|0 fnt\n|faint|p1a: Durant\n|\n|-weather|RainDance|[upkeep]\n|upkeep\n|inactive|Spride3b has 135 seconds left.\n|choice|switch 5|\n|\n|switch|p1a: Rapidash|Rapidash, L83, M|67\/100\n|turn|26\n|choice|move highhorsepower|switch 2\n|\n|switch|p2a: Politoed|Politoed, L79, F|58\/100\n|move|p1a: Rapidash|High Horsepower|p2a: Politoed\n|-damage|p2a: Politoed|31\/100\n|\n|-weather|none\n|-heal|p1a: Rapidash|73\/100|[from] item: Leftovers\n|upkeep\n|turn|27\n|inactive|Spride3b has 135 seconds left.\n|choice|move highhorsepower|move scald\n|\n|move|p1a: Rapidash|High Horsepower|p2a: Politoed\n|-damage|p2a: Politoed|0 fnt\n|faint|p2a: Politoed\n|\n|-heal|p1a: Rapidash|80\/100|[from] item: Leftovers\n|upkeep\n|choice||switch 5\n|\n|switch|p2a: Manectric|Manectric-Mega, L77, M|21\/100\n|-ability|p2a: Manectric|Intimidate|boost\n|-unboost|p1a: Rapidash|atk|1\n|turn|28\n|choice|move highhorsepower|move thunderbolt\n|\n|move|p2a: Manectric|Thunderbolt|p1a: Rapidash\n|-damage|p1a: Rapidash|34\/100\n|move|p1a: Rapidash|High Horsepower|p2a: Manectric\n|-supereffective|p2a: Manectric\n|-damage|p2a: Manectric|0 fnt\n|faint|p2a: Manectric\n|\n|-heal|p1a: Rapidash|40\/100|[from] item: Leftovers\n|upkeep\n|choice||switch 2\n|\n|switch|p2a: Infernape|Infernape, L77, F|80\/100\n|turn|29\n|choice|switch 2|move machpunch\n|\n|switch|p1a: Moltres|Moltres, L79|100\/100\n|move|p2a: Infernape|Mach Punch|p1a: Moltres\n|-resisted|p1a: Moltres\n|-damage|p1a: Moltres|92\/100\n|\n|upkeep\n|turn|30\n|choice|move hurricane|move hiddenpower\n|\n|move|p2a: Infernape|Hidden Power|p1a: Moltres\n|-damage|p1a: Moltres|77\/100\n|move|p1a: Moltres|Hurricane|p2a: Infernape\n|-supereffective|p2a: Infernape\n|-damage|p2a: Infernape|0 fnt\n|-damage|p1a: Moltres|67\/100|[from] item: Life Orb\n|faint|p2a: Infernape\n|\n|upkeep\n|choice||switch 6\n|\n|switch|p2a: Shaymin|Shaymin, L79|100\/100\n|turn|31\n|-message|wolfwarrior forfeited.\n|\n|win|Spride3b\n|l|\u2606wolfwarrior\n","inputlog":null,"uploadtime":1516143253,"views":1,"p1id":"spride3b","p2id":"wolfwarrior","formatid":"gen7randombattle","rating":0,"private":0,"password":null}