{"id":"gen7pu-879957656","p1":"Flashybee","p2":"gig of ram","format":"gen7pu","log":"|j|\u2606Flashybee\n|j|\u2606gig of ram\n|player|p1|Flashybee|70\n|player|p2|gig of ram|266\n|teamsize|p1|6\n|teamsize|p2|6\n|gametype|singles\n|gen|7\n|tier|[Gen 7] PU\n|rated|\n|html|<div class=\"broadcast-red\"><strong>PU is currently suspecting Houndoom! For information on how to participate check out the <a href=\"https:\/\/www.smogon.com\/forums\/posts\/8058442\/\">suspect thread<\/a>.<\/strong><\/div>\n|rule|Sleep Clause Mod: Limit one foe put to sleep\n|rule|Species Clause: Limit one of each Pok\u00e9mon\n|rule|OHKO Clause: OHKO moves are banned\n|rule|Moody Clause: Moody is banned\n|rule|Evasion Moves Clause: Evasion moves are banned\n|rule|Endless Battle Clause: Forcing endless battles is banned\n|rule|HP Percentage Mod: HP is shown in percentages\n|clearpoke\n|poke|p1|Pikachu, F|item\n|poke|p1|Butterfree, F|item\n|poke|p1|Ivysaur, M|item\n|poke|p1|Golem, M|item\n|poke|p1|Lapras, F|item\n|poke|p1|Flareon, F|item\n|poke|p2|Shiinotic, F|item\n|poke|p2|Lycanroc, M|item\n|poke|p2|Sandslash-Alola, F|item\n|poke|p2|Persian-Alola, M|item\n|poke|p2|Raichu-Alola, M|item\n|poke|p2|Oricorio-Sensu, M|item\n|teampreview\n|inactive|Battle timer is ON: inactive players will automatically lose when time's up. (requested by gig of ram)\n|\n|start\n|switch|p1a: Golem|Golem, M|100\/100\n|switch|p2a: Mana|Lycanroc, M|100\/100\n|turn|1\n|\n|switch|p2a: Aloha|Shiinotic, F|100\/100\n|move|p1a: Golem|Earthquake|p2a: Aloha\n|-resisted|p2a: Aloha\n|-damage|p2a: Aloha|73\/100\n|\n|-heal|p2a: Aloha|79\/100|[from] item: Leftovers\n|upkeep\n|turn|2\n|\n|move|p1a: Golem|Stealth Rock|p2a: Aloha\n|-sidestart|p2: gig of ram|move: Stealth Rock\n|move|p2a: Aloha|Strength Sap|p1a: Golem\n|-unboost|p1a: Golem|atk|1\n|-heal|p2a: Aloha|100\/100\n|\n|upkeep\n|turn|3\n|\n|switch|p1a: Ivysaur|Ivysaur, M|100\/100\n|move|p2a: Aloha|Giga Drain|p1a: Ivysaur\n|-resisted|p1a: Ivysaur\n|-damage|p1a: Ivysaur|97\/100\n|\n|upkeep\n|turn|4\n|\n|switch|p2a: E komo mai|Sandslash-Alola, F|100\/100\n|-damage|p2a: E komo mai|88\/100|[from] Stealth Rock\n|move|p1a: Ivysaur|Leech Seed|p2a: E komo mai|[miss]\n|-miss|p1a: Ivysaur|p2a: E komo mai\n|\n|upkeep\n|turn|5\n|\n|switch|p1a: Flareon|Flareon, F|100\/100\n|move|p2a: E komo mai|Stealth Rock|p1a: Flareon\n|-sidestart|p1: Flashybee|move: Stealth Rock\n|\n|upkeep\n|turn|6\n|\n|switch|p2a: A hui hou|Persian-Alola, M|100\/100\n|-damage|p2a: A hui hou|88\/100|[from] Stealth Rock\n|move|p1a: Flareon|Superpower|p2a: A hui hou\n|-supereffective|p2a: A hui hou\n|-damage|p2a: A hui hou|32\/100\n|-unboost|p1a: Flareon|atk|1\n|-unboost|p1a: Flareon|def|1\n|\n|upkeep\n|turn|7\n|\n|switch|p1a: Golem|Golem, M|100\/100\n|-damage|p1a: Golem|94\/100|[from] Stealth Rock\n|move|p2a: A hui hou|Parting Shot|p1a: Golem\n|-unboost|p1a: Golem|atk|1\n|-unboost|p1a: Golem|spa|1\n|\n|switch|p2a: Aloha|Shiinotic, F|100\/100\n|-damage|p2a: Aloha|88\/100|[from] Stealth Rock\n|\n|-heal|p2a: Aloha|94\/100|[from] item: Leftovers\n|upkeep\n|turn|8\n|\n|move|p1a: Golem|Earthquake|p2a: Aloha\n|-resisted|p2a: Aloha\n|-damage|p2a: Aloha|74\/100\n|move|p2a: Aloha|Giga Drain|p1a: Golem\n|-supereffective|p1a: Golem\n|-damage|p1a: Golem|0 fnt\n|-heal|p2a: Aloha|100\/100|[from] drain|[of] p1a: Golem\n|faint|p1a: Golem\n|\n|upkeep\n|\n|switch|p1a: Flareon|Flareon, F|100\/100\n|-damage|p1a: Flareon|75\/100|[from] Stealth Rock\n|turn|9\n|\n|move|p1a: Flareon|Flare Blitz|p2a: Aloha\n|-supereffective|p2a: Aloha\n|-damage|p2a: Aloha|0 fnt\n|-damage|p1a: Flareon|36\/100|[from] Recoil\n|faint|p2a: Aloha\n|\n|upkeep\n|\n|switch|p2a: Mana|Lycanroc, M|100\/100\n|-damage|p2a: Mana|88\/100|[from] Stealth Rock\n|turn|10\n|\n|switch|p1a: Ivysaur|Ivysaur, M|97\/100\n|-damage|p1a: Ivysaur|85\/100|[from] Stealth Rock\n|move|p2a: Mana|Swords Dance|p2a: Mana\n|-boost|p2a: Mana|atk|2\n|\n|upkeep\n|turn|11\n|\n|move|p2a: Mana|Drill Run|p1a: Ivysaur\n|-crit|p1a: Ivysaur\n|-damage|p1a: Ivysaur|16\/100\n|move|p1a: Ivysaur|Giga Drain|p2a: Mana\n|-supereffective|p2a: Mana\n|-damage|p2a: Mana|0 fnt\n|-heal|p1a: Ivysaur|56\/100|[from] drain|[of] p2a: Mana\n|faint|p2a: Mana\n|\n|upkeep\n|\n|switch|p2a: Howzit|Raichu-Alola, M|100\/100\n|-damage|p2a: Howzit|88\/100|[from] Stealth Rock\n|turn|12\n|\n|move|p2a: Howzit|Psyshock|p1a: Ivysaur\n|-supereffective|p1a: Ivysaur\n|-damage|p1a: Ivysaur|0 fnt\n|faint|p1a: Ivysaur\n|\n|upkeep\n|\n|switch|p1a: Flareon|Flareon, F|36\/100\n|-damage|p1a: Flareon|11\/100|[from] Stealth Rock\n|turn|13\n|\n|move|p1a: Flareon|Flare Blitz|p2a: Howzit\n|-damage|p2a: Howzit|0 fnt\n|-damage|p1a: Flareon|0 fnt|[from] Recoil\n|faint|p2a: Howzit\n|faint|p1a: Flareon\n|\n|upkeep\n|\n|switch|p2a: E komo mai|Sandslash-Alola, F|88\/100\n|switch|p1a: Butterfree|Butterfree, F|100\/100\n|-damage|p1a: Butterfree|50\/100|[from] Stealth Rock\n|-damage|p2a: E komo mai|76\/100|[from] Stealth Rock\n|turn|14\n|\n|move|p1a: Butterfree|Sleep Powder|p2a: E komo mai\n|-status|p2a: E komo mai|slp\n|cant|p2a: E komo mai|slp\n|\n|upkeep\n|turn|15\n|\n|switch|p2a: Mahalo|Oricorio-Sensu, M|100\/100\n|-damage|p2a: Mahalo|76\/100|[from] Stealth Rock\n|move|p1a: Butterfree|Bug Buzz|p2a: Mahalo\n|-resisted|p2a: Mahalo\n|-damage|p2a: Mahalo|51\/100\n|\n|upkeep\n|turn|16\n|\n|move|p2a: Mahalo|Roost|p2a: Mahalo\n|-heal|p2a: Mahalo|100\/100\n|-singleturn|p2a: Mahalo|move: Roost\n|move|p1a: Butterfree|Bug Buzz|p2a: Mahalo\n|-resisted|p2a: Mahalo\n|-damage|p2a: Mahalo|50\/100\n|\n|upkeep\n|turn|17\n|\n|move|p2a: Mahalo|Calm Mind|p2a: Mahalo\n|-boost|p2a: Mahalo|spa|1\n|-boost|p2a: Mahalo|spd|1\n|move|p1a: Butterfree|Bug Buzz|p2a: Mahalo\n|-resisted|p2a: Mahalo\n|-damage|p2a: Mahalo|33\/100\n|\n|upkeep\n|turn|18\n|\n|move|p2a: Mahalo|Calm Mind|p2a: Mahalo\n|-boost|p2a: Mahalo|spa|1\n|-boost|p2a: Mahalo|spd|1\n|move|p1a: Butterfree|Quiver Dance|p1a: Butterfree\n|-boost|p1a: Butterfree|spa|1\n|-boost|p1a: Butterfree|spd|1\n|-boost|p1a: Butterfree|spe|1\n|-activate|p2a: Mahalo|ability: Dancer\n|move|p2a: Mahalo|Quiver Dance|p2a: Mahalo|[from]Dancer\n|-boost|p2a: Mahalo|spa|1\n|-boost|p2a: Mahalo|spd|1\n|-boost|p2a: Mahalo|spe|1\n|\n|upkeep\n|turn|19\n|\n|move|p2a: Mahalo|Revelation Dance|p1a: Butterfree\n|-damage|p1a: Butterfree|0 fnt\n|faint|p1a: Butterfree\n|\n|upkeep\n|\n|switch|p1a: Lapras|Lapras, F|100\/100\n|-damage|p1a: Lapras|75\/100|[from] Stealth Rock\n|turn|20\n|\n|move|p1a: Lapras|Ice Shard|p2a: Mahalo\n|-supereffective|p2a: Mahalo\n|-damage|p2a: Mahalo|0 fnt\n|faint|p2a: Mahalo\n|\n|-heal|p1a: Lapras|82\/100|[from] item: Leftovers\n|upkeep\n|\n|switch|p2a: E komo mai|Sandslash-Alola, F|76\/100 slp\n|-damage|p2a: E komo mai|63\/100 slp|[from] Stealth Rock\n|turn|21\n|\n|cant|p2a: E komo mai|slp\n|move|p1a: Lapras|Curse|p1a: Lapras\n|-unboost|p1a: Lapras|spe|1\n|-boost|p1a: Lapras|atk|1\n|-boost|p1a: Lapras|def|1\n|\n|-heal|p1a: Lapras|88\/100|[from] item: Leftovers\n|upkeep\n|turn|22\n|\n|cant|p2a: E komo mai|slp\n|move|p1a: Lapras|Waterfall|p2a: E komo mai\n|-damage|p2a: E komo mai|21\/100 slp\n|\n|-heal|p1a: Lapras|94\/100|[from] item: Leftovers\n|upkeep\n|turn|23\n|\n|-curestatus|p2a: E komo mai|slp|[msg]\n|move|p2a: E komo mai|Iron Head|p1a: Lapras\n|-damage|p1a: Lapras|78\/100\n|cant|p1a: Lapras|flinch\n|\n|-heal|p1a: Lapras|84\/100|[from] item: Leftovers\n|upkeep\n|turn|24\n|\n|move|p2a: E komo mai|Rapid Spin|p1a: Lapras\n|-damage|p1a: Lapras|81\/100\n|-sideend|p2: gig of ram|Stealth Rock|[from] move: Rapid Spin|[of] p2a: E komo mai\n|move|p1a: Lapras|Waterfall|p2a: E komo mai\n|-damage|p2a: E komo mai|0 fnt\n|faint|p2a: E komo mai\n|\n|-heal|p1a: Lapras|87\/100|[from] item: Leftovers\n|upkeep\n|\n|switch|p2a: A hui hou|Persian-Alola, M|32\/100\n|turn|25\n|\n|move|p2a: A hui hou|Foul Play|p1a: Lapras\n|-damage|p1a: Lapras|53\/100\n|move|p1a: Lapras|Waterfall|p2a: A hui hou\n|-damage|p2a: A hui hou|0 fnt\n|faint|p2a: A hui hou\n|\n|win|Flashybee\n","uploadtime":1553215062,"views":45,"p1id":"flashybee","p2id":"gigofram","formatid":"gen7pu","rating":0,"private":0,"password":null}