{"id":"gen7ou-668533136","p1":"RaySremmurrd","p2":"BigL91","format":"gen7ou","log":"|j|RaySremmurrd\n|j|BigL91\n|player|p1|RaySremmurrd|169\n|teamsize|p1|6\n|player|p2|BigL91|293\n|teamsize|p2|6\n|gametype|singles\n|gen|7\n|tier|[Gen 7] OU\n|rated|\n|seed|55695,34028,51658,28880\n|rule|Sleep Clause Mod: Limit one foe put to sleep\n|rule|Species Clause: Limit one of each Pok\u00e9mon\n|rule|OHKO Clause: OHKO moves are banned\n|rule|Moody Clause: Moody is banned\n|rule|Evasion Moves Clause: Evasion moves are banned\n|rule|Endless Battle Clause: Forcing endless battles is banned\n|rule|HP Percentage Mod: HP is shown in percentages\n|clearpoke\n|poke|p1|Zapdos|item\n|poke|p1|Garchomp, M|item\n|poke|p1|Scizor, M|item\n|poke|p1|Greninja, F|item\n|poke|p1|Heatran, F|item\n|poke|p1|Tangrowth, F|item\n|poke|p2|Tyranitar, M|item\n|poke|p2|Charizard, M|item\n|poke|p2|Keldeo|item\n|poke|p2|Zapdos|item\n|poke|p2|Tangrowth, M|item\n|poke|p2|Lucario, F|item\n|teampreview\n|choice|team 4, team 2, team 3, team 1, team 5, team 6|team 2, team 1, team 3, team 4, team 5, team 6\n|\n|start\n|switch|p1a: Greninja|Greninja, F|285\/285\n|switch|p2a: Charizard|Charizard, M|298\/298\n|turn|1\n|choice|move uturn|move solarbeam mega\n|\n|-mega|p2a: Charizard|Charizard|Charizardite Y\n|detailschange|p2a: Charizard|Charizard-Mega-Y, M\n|-weather|SunnyDay|[from] ability: Drought|[of] p2a: Charizard\n|move|p1a: Greninja|U-turn|p2a: Charizard\n|-start|p1a: Greninja|typechange|Bug|[from] Protean\n|-resisted|p2a: Charizard\n|-damage|p2a: Charizard|268\/298\n|choice|switch 5|\n|\n|switch|p1a: Heatran|Heatran, F|376\/376\n|move|p2a: Charizard|Solar Beam|p1a: Heatran|[still]\n|-prepare|p2a: Charizard|Solar Beam|p1a: Heatran\n|-anim|p2a: Charizard|Solar Beam|p1a: Heatran\n|-resisted|p1a: Heatran\n|-damage|p1a: Heatran|335\/376\n|\n|-weather|SunnyDay|[upkeep]\n|-heal|p1a: Heatran|358\/376|[from] item: Leftovers\n|upkeep\n|turn|2\n|j|Lucatroopa\n|choice|move stealthrock|move focusblast\n|\n|move|p2a: Charizard|Focus Blast|p1a: Heatran\n|-supereffective|p1a: Heatran\n|-damage|p1a: Heatran|40\/376\n|move|p1a: Heatran|Stealth Rock|p2a: Charizard\n|-sidestart|p2: BigL91|move: Stealth Rock\n|\n|-weather|SunnyDay|[upkeep]\n|-heal|p1a: Heatran|63\/376|[from] item: Leftovers\n|upkeep\n|turn|3\n|inactive|Battle timer is ON: inactive players will automatically lose when time's up. (requested by RaySremmurrd)\n|choice|move magmastorm|move focusblast\n|\n|move|p2a: Charizard|Focus Blast|p1a: Heatran\n|-supereffective|p1a: Heatran\n|-damage|p1a: Heatran|0 fnt\n|faint|p1a: Heatran\n|\n|-weather|SunnyDay|[upkeep]\n|upkeep\n|choice|switch 2|\n|\n|switch|p1a: Garchomp|Garchomp, M|357\/357\n|turn|4\n|choice|move swordsdance|switch 5\n|\n|switch|p2a: Tangrowth|Tangrowth, M|404\/404\n|-damage|p2a: Tangrowth|354\/404|[from] Stealth Rock\n|move|p1a: Garchomp|Swords Dance|p1a: Garchomp\n|-boost|p1a: Garchomp|atk|2\n|\n|-weather|SunnyDay|[upkeep]\n|upkeep\n|turn|5\n|choice|move firefang|switch 2\n|\n|switch|p2a: Tyranitar|Tyranitar, M|366\/366\n|-damage|p2a: Tyranitar|321\/366|[from] Stealth Rock\n|-weather|Sandstorm|[from] ability: Sand Stream|[of] p2a: Tyranitar\n|move|p1a: Garchomp|Fire Fang|p2a: Tyranitar\n|-resisted|p2a: Tyranitar\n|-damage|p2a: Tyranitar|246\/366\n|\n|-weather|Sandstorm|[upkeep]\n|upkeep\n|turn|6\n|choice|move earthquake|move crunch\n|\n|move|p1a: Garchomp|Earthquake|p2a: Tyranitar\n|-supereffective|p2a: Tyranitar\n|-damage|p2a: Tyranitar|0 fnt\n|faint|p2a: Tyranitar\n|\n|-weather|Sandstorm|[upkeep]\n|upkeep\n|choice||switch 2\n|\n|switch|p2a: Tangrowth|Tangrowth, M|404\/404\n|-damage|p2a: Tangrowth|354\/404|[from] Stealth Rock\n|turn|7\n|choice|move dragonclaw|move hiddenpower\n|\n|move|p1a: Garchomp|Dragon Claw|p2a: Tangrowth\n|-damage|p2a: Tangrowth|120\/404\n|move|p2a: Tangrowth|Hidden Power|p1a: Garchomp\n|-supereffective|p1a: Garchomp\n|-damage|p1a: Garchomp|137\/357\n|\n|-weather|Sandstorm|[upkeep]\n|-damage|p2a: Tangrowth|95\/404|[from] sandstorm\n|upkeep\n|turn|8\n|choice|move dragonclaw|switch 3\n|\n|switch|p2a: Keldeo|Keldeo|324\/324\n|-damage|p2a: Keldeo|304\/324|[from] Stealth Rock\n|move|p1a: Garchomp|Dragon Claw|p2a: Keldeo\n|-damage|p2a: Keldeo|0 fnt\n|faint|p2a: Keldeo\n|\n|-weather|Sandstorm|[upkeep]\n|upkeep\n|inactive|BigL91 has 135 seconds left.\n|choice||switch 4\n|\n|switch|p2a: Zapdos|Zapdos, shiny|383\/383\n|-damage|p2a: Zapdos|288\/383|[from] Stealth Rock\n|-ability|p2a: Zapdos|Pressure\n|turn|9\n|choice|move dragonclaw zmove|move defog\n|\n|-zpower|p1a: Garchomp\n|move|p1a: Garchomp|Devastating Drake|p2a: Zapdos|[zeffect]\n|-damage|p2a: Zapdos|0 fnt\n|faint|p2a: Zapdos\n|\n|-weather|none\n|upkeep\n|choice||switch 6\n|\n|switch|p2a: Lucario|Lucario, F|281\/281\n|-damage|p2a: Lucario|273\/281|[from] Stealth Rock\n|turn|10\n|choice|move earthquake|move extremespeed\n|\n|move|p2a: Lucario|Extreme Speed|p1a: Garchomp\n|-damage|p1a: Garchomp|2\/357\n|-damage|p2a: Lucario|238\/281|[from] ability: Rough Skin|[of] p1a: Garchomp\n|-damage|p2a: Lucario|210\/281|[from] item: Life Orb\n|move|p1a: Garchomp|Earthquake|p2a: Lucario\n|-supereffective|p2a: Lucario\n|-damage|p2a: Lucario|0 fnt\n|faint|p2a: Lucario\n|\n|upkeep\n|-message|BigL91 forfeited.\n|\n|win|RaySremmurrd\n|l|BigL91","inputlog":null,"uploadtime":1512334398,"views":4,"p1id":"raysremmurrd","p2id":"bigl91","formatid":"gen7ou","rating":0,"private":0,"password":null}