{"id":"gen7ou-864655213","p1":"CraniumSynonym","p2":"orangesss","format":"gen7ou","log":"|j|\u2606CraniumSynonym\n|j|\u2606orangesss\n|player|p1|CraniumSynonym|20\n|player|p2|orangesss|269\n|teamsize|p1|6\n|teamsize|p2|6\n|gametype|singles\n|gen|7\n|tier|[Gen 7] OU\n|rated|\n|rule|Sleep Clause Mod: Limit one foe put to sleep\n|rule|Species Clause: Limit one of each Pok\u00e9mon\n|rule|OHKO Clause: OHKO moves are banned\n|rule|Moody Clause: Moody is banned\n|rule|Evasion Moves Clause: Evasion moves are banned\n|rule|Endless Battle Clause: Forcing endless battles is banned\n|rule|HP Percentage Mod: HP is shown in percentages\n|clearpoke\n|poke|p1|Charizard, M|item\n|poke|p1|Tapu Bulu|item\n|poke|p1|Keldeo-Resolute|item\n|poke|p1|Landorus-Therian, M|item\n|poke|p1|Jirachi|item\n|poke|p1|Tapu Koko|item\n|poke|p2|Hawlucha, F|item\n|poke|p2|Swampert, F|item\n|poke|p2|Ferrothorn, F|item\n|poke|p2|Pelipper, F|item\n|poke|p2|Tapu Koko|item\n|poke|p2|Kartana|item\n|teampreview\n|inactive|Battle timer is ON: inactive players will automatically lose when time's up. (requested by CraniumSynonym)\n|\n|start\n|switch|p1a: Jirachi|Jirachi, shiny|100\/100\n|switch|p2a: Birdman|Tapu Koko|100\/100\n|-fieldstart|move: Electric Terrain|[from] ability: Electric Surge|[of] p2a: Birdman\n|turn|1\n|\n|move|p2a: Birdman|Nature's Madness|p1a: Jirachi\n|-damage|p1a: Jirachi|50\/100\n|move|p1a: Jirachi|Stealth Rock|p2a: Birdman\n|-sidestart|p2: orangesss|move: Stealth Rock\n|\n|-heal|p1a: Jirachi|57\/100|[from] item: Leftovers\n|upkeep\n|turn|2\n|\n|move|p1a: Jirachi|Protect|p1a: Jirachi\n|-singleturn|p1a: Jirachi|Protect\n|move|p2a: Birdman|Taunt|p1a: Jirachi\n|-activate|p1a: Jirachi|move: Protect\n|\n|-heal|p1a: Jirachi|63\/100|[from] item: Leftovers\n|upkeep\n|turn|3\n|\n|switch|p1a: Tapu Bulu|Tapu Bulu|100\/100\n|-fieldstart|move: Grassy Terrain|[from] ability: Grassy Surge|[of] p1a: Tapu Bulu\n|-zpower|p2a: Birdman\n|move|p2a: Birdman|Twinkle Tackle|p1a: Tapu Bulu|[zeffect]\n|-damage|p1a: Tapu Bulu|29\/100\n|\n|-heal|p1a: Tapu Bulu|35\/100|[from] Grassy Terrain\n|upkeep\n|turn|4\n|\n|switch|p2a: Hate rain :(|Ferrothorn, F|100\/100\n|-damage|p2a: Hate rain :(|94\/100|[from] Stealth Rock\n|switch|p1a: Jirachi|Jirachi, shiny|63\/100\n|\n|-heal|p1a: Jirachi|69\/100|[from] item: Leftovers\n|-heal|p1a: Jirachi|75\/100|[from] Grassy Terrain\n|-heal|p2a: Hate rain :(|100\/100|[from] item: Leftovers\n|upkeep\n|turn|5\n|\n|move|p1a: Jirachi|Wish|p1a: Jirachi\n|move|p2a: Hate rain :(|Stealth Rock|p1a: Jirachi\n|-sidestart|p1: CraniumSynonym|move: Stealth Rock\n|\n|-heal|p1a: Jirachi|81\/100|[from] item: Leftovers\n|-heal|p1a: Jirachi|88\/100|[from] Grassy Terrain\n|upkeep\n|turn|6\n|\n|switch|p1a: Charizard|Charizard, M, shiny|100\/100\n|-damage|p1a: Charizard|51\/100|[from] Stealth Rock\n|move|p2a: Hate rain :(|Knock Off|p1a: Charizard\n|-damage|p1a: Charizard|30\/100\n|\n|-heal|p1a: Charizard|98\/100|[from] move: Wish|[wisher] Jirachi\n|upkeep\n|turn|7\n|\n|switch|p2a: S for Swampert|Swampert, F|100\/100\n|-damage|p2a: S for Swampert|94\/100|[from] Stealth Rock\n|move|p1a: Charizard|Dragon Dance|p1a: Charizard\n|-boost|p1a: Charizard|atk|1\n|-boost|p1a: Charizard|spe|1\n|\n|-heal|p2a: S for Swampert|100\/100|[from] Grassy Terrain\n|-fieldend|move: Grassy Terrain\n|upkeep\n|turn|8\n|\n|detailschange|p1a: Charizard|Charizard-Mega-X, M, shiny\n|-mega|p1a: Charizard|Charizard|Charizardite X\n|detailschange|p2a: S for Swampert|Swampert-Mega, F\n|-mega|p2a: S for Swampert|Swampert|Swampertite\n|move|p1a: Charizard|Outrage|p2a: S for Swampert\n|-damage|p2a: S for Swampert|0 fnt\n|faint|p2a: S for Swampert\n|\n|upkeep\n|\n|switch|p2a: Birdman|Tapu Koko|100\/100\n|-damage|p2a: Birdman|88\/100|[from] Stealth Rock\n|-fieldstart|move: Electric Terrain|[from] ability: Electric Surge|[of] p2a: Birdman\n|turn|9\n|\n|move|p1a: Charizard|Outrage|p2a: Birdman|[from]lockedmove\n|-immune|p2a: Birdman\n|-start|p1a: Charizard|confusion|[fatigue]\n|move|p2a: Birdman|Nature's Madness|p1a: Charizard\n|-damage|p1a: Charizard|49\/100\n|\n|upkeep\n|turn|10\n|\n|-activate|p1a: Charizard|confusion\n|move|p1a: Charizard|Roost|p1a: Charizard\n|-heal|p1a: Charizard|99\/100\n|-singleturn|p1a: Charizard|move: Roost\n|move|p2a: Birdman|Volt Switch|p1a: Charizard\n|-resisted|p1a: Charizard\n|-damage|p1a: Charizard|68\/100\n|\n|switch|p2a: Copypaste|Hawlucha, F|100\/100\n|-damage|p2a: Copypaste|88\/100|[from] Stealth Rock\n|-enditem|p2a: Copypaste|Electric Seed\n|-boost|p2a: Copypaste|def|1\n|\n|upkeep\n|turn|11\n|\n|move|p2a: Copypaste|Swords Dance|p2a: Copypaste\n|-boost|p2a: Copypaste|atk|2\n|-activate|p1a: Charizard|confusion\n|-damage|p1a: Charizard|47\/100|[from] confusion\n|\n|upkeep\n|turn|12\n|\n|move|p2a: Copypaste|Swords Dance|p2a: Copypaste\n|-boost|p2a: Copypaste|atk|2\n|-activate|p1a: Charizard|confusion\n|move|p1a: Charizard|Flare Blitz|p2a: Copypaste\n|-damage|p2a: Copypaste|0 fnt\n|-damage|p1a: Charizard|14\/100|[from] Recoil\n|faint|p2a: Copypaste\n|\n|upkeep\n|c|\u2606CraniumSynonym|Greedy mofo\n|\n|switch|p2a: arsonist|Kartana|100\/100\n|-damage|p2a: arsonist|94\/100|[from] Stealth Rock\n|turn|13\n|\n|switch|p1a: Landorus|Landorus-Therian, M, shiny|100\/100\n|-damage|p1a: Landorus|88\/100|[from] Stealth Rock\n|-ability|p1a: Landorus|Intimidate|boost\n|-unboost|p2a: arsonist|atk|1\n|move|p2a: arsonist|Smart Strike|p1a: Landorus\n|-damage|p1a: Landorus|65\/100\n|\n|-heal|p1a: Landorus|71\/100|[from] item: Leftovers\n|-fieldend|move: Electric Terrain\n|upkeep\n|turn|14\n|\n|switch|p2a: Hate rain :(|Ferrothorn, F|100\/100\n|-damage|p2a: Hate rain :(|94\/100|[from] Stealth Rock\n|move|p1a: Landorus|Defog|p2a: Hate rain :(\n|-unboost|p2a: Hate rain :(|evasion|1\n|-sideend|p2: orangesss|Stealth Rock|[from] move: Defog|[of] p1a: Landorus\n|-sideend|p1: CraniumSynonym|Stealth Rock|[from] move: Defog|[of] p1a: Landorus\n|\n|-heal|p1a: Landorus|77\/100|[from] item: Leftovers\n|-heal|p2a: Hate rain :(|100\/100|[from] item: Leftovers\n|upkeep\n|turn|15\n|\n|switch|p1a: Charizard|Charizard-Mega-X, M, shiny|14\/100\n|switch|p2a: arsonist|Kartana|94\/100\n|\n|upkeep\n|turn|16\n|\n|switch|p1a: Landorus|Landorus-Therian, M, shiny|77\/100\n|-ability|p1a: Landorus|Intimidate|boost\n|-unboost|p2a: arsonist|atk|1\n|move|p2a: arsonist|Knock Off|p1a: Landorus\n|-damage|p1a: Landorus|58\/100\n|-enditem|p1a: Landorus|Leftovers|[from] move: Knock Off|[of] p2a: arsonist\n|\n|upkeep\n|turn|17\n|\n|move|p2a: arsonist|Knock Off|p1a: Landorus\n|-damage|p1a: Landorus|44\/100\n|move|p1a: Landorus|U-turn|p2a: arsonist\n|-damage|p2a: arsonist|70\/100\n|\n|switch|p1a: Keldeo|Keldeo-Resolute|100\/100\n|\n|upkeep\n|turn|18\n|\n|switch|p2a: Birdman|Tapu Koko|88\/100\n|-fieldstart|move: Electric Terrain|[from] ability: Electric Surge|[of] p2a: Birdman\n|move|p1a: Keldeo|Scald|p2a: Birdman\n|-damage|p2a: Birdman|13\/100\n|\n|upkeep\n|turn|19\n|\n|switch|p1a: Jirachi|Jirachi, shiny|88\/100\n|move|p2a: Birdman|Dazzling Gleam|p1a: Jirachi\n|-resisted|p1a: Jirachi\n|-damage|p1a: Jirachi|76\/100\n|\n|-heal|p1a: Jirachi|82\/100|[from] item: Leftovers\n|upkeep\n|turn|20\n|\n|move|p2a: Birdman|Taunt|p1a: Jirachi\n|-start|p1a: Jirachi|move: Taunt\n|move|p1a: Jirachi|Iron Head|p2a: Birdman\n|-damage|p2a: Birdman|0 fnt\n|faint|p2a: Birdman\n|\n|-heal|p1a: Jirachi|89\/100|[from] item: Leftovers\n|upkeep\n|\n|switch|p2a: arsonist|Kartana|70\/100\n|turn|21\n|\n|switch|p1a: Landorus|Landorus-Therian, M, shiny|44\/100\n|-ability|p1a: Landorus|Intimidate|boost\n|-unboost|p2a: arsonist|atk|1\n|move|p2a: arsonist|Leaf Blade|p1a: Landorus\n|-damage|p1a: Landorus|15\/100\n|\n|upkeep\n|turn|22\n|\n|switch|p1a: Jirachi|Jirachi, shiny|89\/100\n|move|p2a: arsonist|Leaf Blade|p1a: Jirachi\n|-resisted|p1a: Jirachi\n|-damage|p1a: Jirachi|72\/100\n|\n|-heal|p1a: Jirachi|78\/100|[from] item: Leftovers\n|-fieldend|move: Electric Terrain\n|upkeep\n|turn|23\n|\n|switch|p2a: Nappy love|Pelipper, F|100\/100\n|-weather|RainDance|[from] ability: Drizzle|[of] p2a: Nappy love\n|move|p1a: Jirachi|Wish|p1a: Jirachi\n|\n|-weather|RainDance|[upkeep]\n|-heal|p1a: Jirachi|84\/100|[from] item: Leftovers\n|upkeep\n|turn|24\n|\n|move|p1a: Jirachi|Stealth Rock|p2a: Nappy love\n|-sidestart|p2: orangesss|move: Stealth Rock\n|move|p2a: Nappy love|Scald|p1a: Jirachi\n|-damage|p1a: Jirachi|61\/100\n|\n|-weather|RainDance|[upkeep]\n|-heal|p1a: Jirachi|100\/100|[from] move: Wish|[wisher] Jirachi\n|upkeep\n|turn|25\n|\n|move|p1a: Jirachi|Wish|p1a: Jirachi\n|move|p2a: Nappy love|Scald|p1a: Jirachi\n|-damage|p1a: Jirachi|77\/100\n|\n|-weather|RainDance|[upkeep]\n|-heal|p1a: Jirachi|83\/100|[from] item: Leftovers\n|upkeep\n|turn|26\n|\n|switch|p1a: Tapu Koko|Tapu Koko|100\/100\n|-fieldstart|move: Electric Terrain|[from] ability: Electric Surge|[of] p1a: Tapu Koko\n|move|p2a: Nappy love|Scald|p1a: Tapu Koko\n|-damage|p1a: Tapu Koko|39\/100\n|\n|-weather|RainDance|[upkeep]\n|-heal|p1a: Tapu Koko|100\/100|[from] move: Wish|[wisher] Jirachi\n|upkeep\n|turn|27\n|\n|move|p1a: Tapu Koko|Volt Switch|p2a: Nappy love\n|-supereffective|p2a: Nappy love\n|-damage|p2a: Nappy love|0 fnt\n|faint|p2a: Nappy love\n|\n|switch|p1a: Keldeo|Keldeo-Resolute|100\/100\n|\n|-weather|RainDance|[upkeep]\n|upkeep\n|\n|switch|p2a: arsonist|Kartana|70\/100\n|-damage|p2a: arsonist|64\/100|[from] Stealth Rock\n|turn|28\n|\n|switch|p1a: Jirachi|Jirachi, shiny|83\/100\n|move|p2a: arsonist|Leaf Blade|p1a: Jirachi\n|-resisted|p1a: Jirachi\n|-crit|p1a: Jirachi\n|-damage|p1a: Jirachi|46\/100\n|\n|-weather|RainDance|[upkeep]\n|-heal|p1a: Jirachi|52\/100|[from] item: Leftovers\n|upkeep\n|turn|29\n|\n|move|p2a: arsonist|Leaf Blade|p1a: Jirachi\n|-resisted|p1a: Jirachi\n|-damage|p1a: Jirachi|28\/100\n|move|p1a: Jirachi|Wish|p1a: Jirachi\n|\n|-weather|RainDance|[upkeep]\n|-heal|p1a: Jirachi|35\/100|[from] item: Leftovers\n|upkeep\n|turn|30\n|\n|move|p1a: Jirachi|Protect|p1a: Jirachi\n|-singleturn|p1a: Jirachi|Protect\n|move|p2a: arsonist|Leaf Blade|p1a: Jirachi\n|-activate|p1a: Jirachi|move: Protect\n|\n|-weather|none\n|-heal|p1a: Jirachi|85\/100|[from] move: Wish|[wisher] Jirachi\n|-heal|p1a: Jirachi|91\/100|[from] item: Leftovers\n|-fieldend|move: Electric Terrain\n|upkeep\n|turn|31\n|\n|move|p2a: arsonist|Leaf Blade|p1a: Jirachi\n|-resisted|p1a: Jirachi\n|-crit|p1a: Jirachi\n|-damage|p1a: Jirachi|54\/100\n|move|p1a: Jirachi|Wish|p1a: Jirachi\n|\n|-heal|p1a: Jirachi|60\/100|[from] item: Leftovers\n|upkeep\n|turn|32\n|\n|switch|p2a: Hate rain :(|Ferrothorn, F|100\/100\n|-damage|p2a: Hate rain :(|94\/100|[from] Stealth Rock\n|move|p1a: Jirachi|Iron Head|p2a: Hate rain :(\n|-resisted|p2a: Hate rain :(\n|-damage|p2a: Hate rain :(|85\/100\n|-damage|p1a: Jirachi|48\/100|[from] ability: Iron Barbs|[of] p2a: Hate rain :(\n|\n|-heal|p1a: Jirachi|98\/100|[from] move: Wish|[wisher] Jirachi\n|-heal|p1a: Jirachi|100\/100|[from] item: Leftovers\n|-heal|p2a: Hate rain :(|91\/100|[from] item: Leftovers\n|upkeep\n|turn|33\n|\n|switch|p1a: Charizard|Charizard-Mega-X, M, shiny|14\/100\n|switch|p2a: arsonist|Kartana|64\/100\n|-damage|p2a: arsonist|58\/100|[from] Stealth Rock\n|\n|upkeep\n|turn|34\n|\n|switch|p1a: Jirachi|Jirachi, shiny|100\/100\n|move|p2a: arsonist|Knock Off|p1a: Jirachi\n|-supereffective|p1a: Jirachi\n|-damage|p1a: Jirachi|31\/100\n|-enditem|p1a: Jirachi|Leftovers|[from] move: Knock Off|[of] p2a: arsonist\n|\n|upkeep\n|turn|35\n|\n|switch|p1a: Landorus|Landorus-Therian, M, shiny|15\/100\n|-ability|p1a: Landorus|Intimidate|boost\n|-unboost|p2a: arsonist|atk|1\n|move|p2a: arsonist|Knock Off|p1a: Landorus\n|-damage|p1a: Landorus|2\/100\n|\n|upkeep\n|turn|36\n|\n|move|p2a: arsonist|Knock Off|p1a: Landorus\n|-damage|p1a: Landorus|0 fnt\n|faint|p1a: Landorus\n|-ability|p2a: arsonist|Beast Boost|boost\n|-boost|p2a: arsonist|atk|1\n|\n|upkeep\n|\n|switch|p1a: Tapu Koko|Tapu Koko|100\/100\n|-fieldstart|move: Electric Terrain|[from] ability: Electric Surge|[of] p1a: Tapu Koko\n|turn|37\n|\n|switch|p2a: Hate rain :(|Ferrothorn, F|91\/100\n|-damage|p2a: Hate rain :(|85\/100|[from] Stealth Rock\n|move|p1a: Tapu Koko|Volt Switch|p2a: Hate rain :(\n|-resisted|p2a: Hate rain :(\n|-damage|p2a: Hate rain :(|65\/100\n|\n|switch|p1a: Charizard|Charizard-Mega-X, M, shiny|14\/100\n|\n|-heal|p2a: Hate rain :(|72\/100|[from] item: Leftovers\n|upkeep\n|turn|38\n|\n|move|p1a: Charizard|Flare Blitz|p2a: Hate rain :(\n|-supereffective|p2a: Hate rain :(\n|-damage|p2a: Hate rain :(|0 fnt\n|-damage|p1a: Charizard|2\/100|[from] ability: Iron Barbs|[of] p2a: Hate rain :(\n|-damage|p1a: Charizard|0 fnt|[from] Recoil\n|faint|p2a: Hate rain :(\n|faint|p1a: Charizard\n|\n|upkeep\n|c|\u2606CraniumSynonym|gg\n|c|\u2606CraniumSynonym|Easu\n|c|\u2606CraniumSynonym|*easy\n|inactive|orangesss has 120 seconds left.\n|\n|switch|p1a: Tapu Koko|Tapu Koko|100\/100\n|switch|p2a: arsonist|Kartana|58\/100\n|-damage|p2a: arsonist|52\/100|[from] Stealth Rock\n|turn|39\n|\n|move|p1a: Tapu Koko|Thunderbolt|p2a: arsonist\n|-resisted|p2a: arsonist\n|-damage|p2a: arsonist|0 fnt\n|faint|p2a: arsonist\n|\n|win|CraniumSynonym\n|raw|CraniumSynonym's rating: 1618 &rarr; <strong>1635<\/strong><br \/>(+17 for winning)\n|raw|orangesss's rating: 1564 &rarr; <strong>1548<\/strong><br \/>(-16 for losing)\n|l|\u2606orangesss\n","uploadtime":1550565086,"views":30,"p1id":"craniumsynonym","p2id":"orangesss","formatid":"gen7ou","rating":1548,"private":0,"password":null}