{"id":"gen7ou-969027095","p1":"The Last Hero","p2":"Lunar Neo","format":"gen7ou","log":"|j|\u2606The Last Hero\n|j|\u2606Lunar Neo\n|player|p1|The Last Hero|54|1791\n|player|p2|Lunar Neo|248|1652\n|teamsize|p1|6\n|teamsize|p2|6\n|gametype|singles\n|gen|7\n|tier|[Gen 7] OU\n|rated|\n|rule|Sleep Clause Mod: Limit one foe put to sleep\n|rule|Species Clause: Limit one of each Pok\u00e9mon\n|rule|OHKO Clause: OHKO moves are banned\n|rule|Moody Clause: Moody is banned\n|rule|Evasion Moves Clause: Evasion moves are banned\n|rule|Endless Battle Clause: Forcing endless battles is banned\n|rule|HP Percentage Mod: HP is shown in percentages\n|clearpoke\n|poke|p1|Hippowdon, M|item\n|poke|p1|Mandibuzz, F|item\n|poke|p1|Palossand, M|item\n|poke|p1|Heatran, M|item\n|poke|p1|Dragonite, M|item\n|poke|p1|Alakazam, M|item\n|poke|p2|Zapdos|item\n|poke|p2|Keldeo-Resolute|item\n|poke|p2|Scizor, M|item\n|poke|p2|Hydreigon, F|item\n|poke|p2|Mamoswine, F|item\n|poke|p2|Blacephalon|item\n|teampreview\n|\n|start\n|switch|p1a: Hippo|Hippowdon, M, shiny|100\/100\n|switch|p2a: Mamoswine|Mamoswine, F|100\/100\n|-weather|Sandstorm|[from] ability: Sand Stream|[of] p1a: Hippo\n|turn|1\n|inactive|Battle timer is ON: inactive players will automatically lose when time's up. (requested by The Last Hero)\n|\n|move|p2a: Mamoswine|Stealth Rock|p1a: Hippo\n|-sidestart|p1: The Last Hero|move: Stealth Rock\n|move|p1a: Hippo|Toxic|p2a: Mamoswine\n|-status|p2a: Mamoswine|tox\n|\n|-weather|Sandstorm|[upkeep]\n|-damage|p2a: Mamoswine|94\/100 tox|[from] psn\n|upkeep\n|turn|2\n|\n|move|p2a: Mamoswine|Icicle Crash|p1a: Hippo\n|-supereffective|p1a: Hippo\n|-damage|p1a: Hippo|49\/100\n|move|p1a: Hippo|Slack Off|p1a: Hippo\n|-heal|p1a: Hippo|99\/100\n|\n|-weather|Sandstorm|[upkeep]\n|-damage|p2a: Mamoswine|82\/100 tox|[from] psn\n|upkeep\n|turn|3\n|\n|move|p2a: Mamoswine|Icicle Crash|p1a: Hippo\n|-supereffective|p1a: Hippo\n|-damage|p1a: Hippo|37\/100\n|move|p1a: Hippo|Slack Off|p1a: Hippo\n|-heal|p1a: Hippo|87\/100\n|\n|-weather|Sandstorm|[upkeep]\n|-damage|p2a: Mamoswine|63\/100 tox|[from] psn\n|upkeep\n|turn|4\n|\n|switch|p2a: Keldeo|Keldeo-Resolute|100\/100\n|move|p1a: Hippo|Earthquake|p2a: Keldeo\n|-damage|p2a: Keldeo|57\/100\n|\n|-weather|Sandstorm|[upkeep]\n|-damage|p2a: Keldeo|50\/100|[from] Sandstorm\n|upkeep\n|turn|5\n|\n|switch|p2a: Hydreigon|Hydreigon, F|100\/100\n|switch|p1a: Regina|Mandibuzz, F|100\/100\n|-damage|p1a: Regina|76\/100|[from] Stealth Rock\n|\n|-weather|none\n|-heal|p1a: Regina|82\/100|[from] item: Leftovers\n|upkeep\n|turn|6\n|\n|move|p2a: Hydreigon|Draco Meteor|p1a: Regina\n|-damage|p1a: Regina|32\/100\n|-unboost|p2a: Hydreigon|spa|2\n|-damage|p2a: Hydreigon|91\/100|[from] item: Life Orb\n|move|p1a: Regina|Roost|p1a: Regina\n|-heal|p1a: Regina|82\/100\n|-singleturn|p1a: Regina|move: Roost\n|\n|-heal|p1a: Regina|88\/100|[from] item: Leftovers\n|upkeep\n|turn|7\n|\n|switch|p2a: Zapdos|Zapdos, shiny|100\/100\n|move|p1a: Regina|Defog|p2a: Zapdos\n|-unboost|p2a: Zapdos|evasion|1\n|-sideend|p1: The Last Hero|Stealth Rock|[from] move: Defog|[of] p1a: Regina\n|\n|-heal|p1a: Regina|94\/100|[from] item: Leftovers\n|upkeep\n|turn|8\n|\n|switch|p2a: Mamoswine|Mamoswine, F|63\/100 tox\n|switch|p1a: Castlevania|Palossand, M|100\/100\n|\n|-damage|p2a: Mamoswine|57\/100 tox|[from] psn\n|upkeep\n|turn|9\n|\n|move|p2a: Mamoswine|Stealth Rock|p1a: Castlevania\n|-sidestart|p1: The Last Hero|move: Stealth Rock\n|move|p1a: Castlevania|Earth Power|p2a: Mamoswine\n|-damage|p2a: Mamoswine|17\/100 tox\n|\n|-damage|p2a: Mamoswine|5\/100 tox|[from] psn\n|upkeep\n|turn|10\n|\n|move|p2a: Mamoswine|Icicle Crash|p1a: Castlevania\n|-supereffective|p1a: Castlevania\n|-damage|p1a: Castlevania|14\/100\n|move|p1a: Castlevania|Stealth Rock|p2a: Mamoswine\n|-sidestart|p2: Lunar Neo|move: Stealth Rock\n|\n|-damage|p2a: Mamoswine|0 fnt|[from] psn\n|faint|p2a: Mamoswine\n|upkeep\n|\n|switch|p2a: Hydreigon|Hydreigon, F|91\/100\n|-damage|p2a: Hydreigon|78\/100|[from] Stealth Rock\n|turn|11\n|\n|move|p2a: Hydreigon|Dark Pulse|p1a: Castlevania\n|-supereffective|p1a: Castlevania\n|-crit|p1a: Castlevania\n|-enditem|p1a: Castlevania|Colbur Berry|[eat]\n|-enditem|p1a: Castlevania|Colbur Berry|[weaken]\n|-damage|p1a: Castlevania|0 fnt\n|-damage|p2a: Hydreigon|68\/100|[from] item: Life Orb\n|faint|p1a: Castlevania\n|\n|upkeep\n|\n|switch|p1a: Psicopata|Alakazam, M|100\/100\n|turn|12\n|\n|switch|p2a: Scizor|Scizor, M|100\/100\n|-damage|p2a: Scizor|88\/100|[from] Stealth Rock\n|detailschange|p1a: Psicopata|Alakazam-Mega, M\n|-mega|p1a: Psicopata|Alakazam|Alakazite\n|-ability|p1a: Psicopata|Technician|[from] ability: Trace|[of] p2a: Scizor\n|move|p1a: Psicopata|Focus Blast|p2a: Scizor|[miss]\n|-miss|p1a: Psicopata|p2a: Scizor\n|\n|upkeep\n|turn|13\n|\n|switch|p1a: Hippo|Hippowdon, M, shiny|87\/100\n|-damage|p1a: Hippo|81\/100|[from] Stealth Rock\n|-weather|Sandstorm|[from] ability: Sand Stream|[of] p1a: Hippo\n|detailschange|p2a: Scizor|Scizor-Mega, M\n|-mega|p2a: Scizor|Scizor|Scizorite\n|move|p2a: Scizor|Knock Off|p1a: Hippo\n|-damage|p1a: Hippo|62\/100\n|-damage|p2a: Scizor|72\/100|[from] item: Rocky Helmet|[of] p1a: Hippo\n|-enditem|p1a: Hippo|Rocky Helmet|[from] move: Knock Off|[of] p2a: Scizor\n|\n|-weather|Sandstorm|[upkeep]\n|upkeep\n|turn|14\n|\n|move|p2a: Scizor|Swords Dance|p2a: Scizor\n|-boost|p2a: Scizor|atk|2\n|move|p1a: Hippo|Slack Off|p1a: Hippo\n|-heal|p1a: Hippo|100\/100\n|\n|-weather|Sandstorm|[upkeep]\n|upkeep\n|turn|15\n|\n|move|p2a: Scizor|Bullet Punch|p1a: Hippo\n|-damage|p1a: Hippo|61\/100\n|move|p1a: Hippo|Whirlwind|p2a: Scizor\n|drag|p2a: Blacephalon|Blacephalon|100\/100\n|-damage|p2a: Blacephalon|76\/100|[from] Stealth Rock\n|\n|-weather|Sandstorm|[upkeep]\n|-damage|p2a: Blacephalon|70\/100|[from] Sandstorm\n|upkeep\n|turn|16\n|\n|switch|p1a: Regina|Mandibuzz, F|94\/100\n|-damage|p1a: Regina|69\/100|[from] Stealth Rock\n|move|p2a: Blacephalon|Shadow Ball|p1a: Regina\n|-resisted|p1a: Regina\n|-crit|p1a: Regina\n|-damage|p1a: Regina|48\/100\n|\n|-weather|Sandstorm|[upkeep]\n|-damage|p2a: Blacephalon|64\/100|[from] Sandstorm\n|-heal|p1a: Regina|54\/100|[from] item: Leftovers\n|upkeep\n|turn|17\n|\n|switch|p2a: Scizor|Scizor-Mega, M|72\/100\n|-damage|p2a: Scizor|59\/100|[from] Stealth Rock\n|move|p1a: Regina|Roost|p1a: Regina\n|-heal|p1a: Regina|100\/100\n|-singleturn|p1a: Regina|move: Roost\n|\n|-weather|none\n|upkeep\n|turn|18\n|\n|move|p1a: Regina|Foul Play|p2a: Scizor\n|-damage|p2a: Scizor|20\/100\n|move|p2a: Scizor|Knock Off|p1a: Regina\n|-resisted|p1a: Regina\n|-damage|p1a: Regina|85\/100\n|-enditem|p1a: Regina|Leftovers|[from] move: Knock Off|[of] p2a: Scizor\n|\n|upkeep\n|turn|19\n|\n|move|p2a: Scizor|Bullet Punch|p1a: Regina\n|-damage|p1a: Regina|55\/100\n|move|p1a: Regina|Foul Play|p2a: Scizor\n|-damage|p2a: Scizor|0 fnt\n|faint|p2a: Scizor\n|\n|upkeep\n|\n|switch|p2a: Keldeo|Keldeo-Resolute|50\/100\n|-damage|p2a: Keldeo|44\/100|[from] Stealth Rock\n|turn|20\n|\n|-zpower|p2a: Keldeo\n|move|p2a: Keldeo|Hydro Vortex|p1a: Regina|[zeffect]\n|-damage|p1a: Regina|0 fnt\n|faint|p1a: Regina\n|\n|upkeep\n|\n|switch|p1a: Psicopata|Alakazam-Mega, M|100\/100\n|-damage|p1a: Psicopata|88\/100|[from] Stealth Rock\n|-ability|p1a: Psicopata|Justified|[from] ability: Trace|[of] p2a: Keldeo\n|turn|21\n|\n|switch|p2a: Zapdos|Zapdos, shiny|100\/100\n|-damage|p2a: Zapdos|75\/100|[from] Stealth Rock\n|move|p1a: Psicopata|Psychic|p2a: Zapdos\n|-damage|p2a: Zapdos|24\/100\n|\n|-heal|p2a: Zapdos|31\/100|[from] item: Leftovers\n|upkeep\n|turn|22\n|\n|move|p1a: Psicopata|Psychic|p2a: Zapdos\n|-damage|p2a: Zapdos|0 fnt\n|faint|p2a: Zapdos\n|\n|upkeep\n|\n|switch|p2a: Blacephalon|Blacephalon|64\/100\n|-damage|p2a: Blacephalon|39\/100|[from] Stealth Rock\n|turn|23\n|\n|switch|p2a: Keldeo|Keldeo-Resolute|44\/100\n|-damage|p2a: Keldeo|38\/100|[from] Stealth Rock\n|switch|p1a: Hippo|Hippowdon, M, shiny|61\/100\n|-damage|p1a: Hippo|55\/100|[from] Stealth Rock\n|-weather|Sandstorm|[from] ability: Sand Stream|[of] p1a: Hippo\n|\n|-weather|Sandstorm|[upkeep]\n|-damage|p2a: Keldeo|32\/100|[from] Sandstorm\n|upkeep\n|turn|24\n|\n|switch|p1a: Dragoran|Dragonite, M|100\/100\n|-damage|p1a: Dragoran|76\/100|[from] Stealth Rock\n|move|p2a: Keldeo|Hydro Pump|p1a: Dragoran\n|-resisted|p1a: Dragoran\n|-damage|p1a: Dragoran|47\/100\n|\n|-weather|Sandstorm|[upkeep]\n|-damage|p2a: Keldeo|26\/100|[from] Sandstorm\n|-damage|p1a: Dragoran|41\/100|[from] Sandstorm\n|upkeep\n|turn|25\n|\n|move|p2a: Keldeo|Taunt|p1a: Dragoran\n|-start|p1a: Dragoran|move: Taunt\n|cant|p1a: Dragoran|move: Taunt|Roost\n|\n|-weather|Sandstorm|[upkeep]\n|-damage|p2a: Keldeo|19\/100|[from] Sandstorm\n|-damage|p1a: Dragoran|35\/100|[from] Sandstorm\n|upkeep\n|turn|26\n|\n|switch|p2a: Hydreigon|Hydreigon, F|68\/100\n|-damage|p2a: Hydreigon|56\/100|[from] Stealth Rock\n|-zpower|p1a: Dragoran\n|move|p1a: Dragoran|Supersonic Skystrike|p2a: Hydreigon|[zeffect]\n|-damage|p2a: Hydreigon|0 fnt\n|faint|p2a: Hydreigon\n|\n|-weather|Sandstorm|[upkeep]\n|-damage|p1a: Dragoran|28\/100|[from] Sandstorm\n|upkeep\n|\n|switch|p2a: Blacephalon|Blacephalon|39\/100\n|-damage|p2a: Blacephalon|14\/100|[from] Stealth Rock\n|turn|27\n|\n|move|p2a: Blacephalon|Shadow Ball|p1a: Dragoran\n|-crit|p1a: Dragoran\n|-damage|p1a: Dragoran|0 fnt\n|faint|p1a: Dragoran\n|-ability|p2a: Blacephalon|Beast Boost|boost\n|-boost|p2a: Blacephalon|spa|1\n|\n|-weather|none\n|upkeep\n|\n|switch|p1a: Fire Boss|Heatran, M|100\/100\n|-damage|p1a: Fire Boss|88\/100|[from] Stealth Rock\n|turn|28\n|\n|move|p2a: Blacephalon|Shadow Ball|p1a: Fire Boss\n|-damage|p1a: Fire Boss|15\/100\n|move|p1a: Fire Boss|Earth Power|p2a: Blacephalon\n|-supereffective|p2a: Blacephalon\n|-damage|p2a: Blacephalon|0 fnt\n|faint|p2a: Blacephalon\n|\n|upkeep\n|-message|Lunar Neo forfeited.\n|\n|win|The Last Hero\n|l|\u2606Lunar Neo\n|raw|The Last Hero's rating: 1791 &rarr; <strong>1803<\/strong><br \/>(+12 for winning)\n|raw|Lunar Neo's rating: 1652 &rarr; <strong>1639<\/strong><br \/>(-13 for losing)\n","uploadtime":1567285175,"views":70,"p1id":"thelasthero","p2id":"lunarneo","formatid":"gen7ou","rating":1639,"private":0,"password":null}