{"id":"gen7ou-920082612","p1":"whybad","p2":"JoeyOwesMeMoney","format":"gen7ou","log":"|j|\u2606whybad\n|j|\u2606JoeyOwesMeMoney\n|player|p1|whybad|169\n|player|p2|JoeyOwesMeMoney|170\n|teamsize|p1|6\n|teamsize|p2|6\n|gametype|singles\n|gen|7\n|tier|[Gen 7] OU\n|rated|\n|rule|Sleep Clause Mod: Limit one foe put to sleep\n|rule|Species Clause: Limit one of each Pok\u00e9mon\n|rule|OHKO Clause: OHKO moves are banned\n|rule|Moody Clause: Moody is banned\n|rule|Evasion Moves Clause: Evasion moves are banned\n|rule|Endless Battle Clause: Forcing endless battles is banned\n|rule|HP Percentage Mod: HP is shown in percentages\n|clearpoke\n|poke|p1|Tyranitar, M|item\n|poke|p1|Kommo-o, F|item\n|poke|p1|Magearna|item\n|poke|p1|Rotom-Wash|item\n|poke|p1|Tornadus-Therian, M|item\n|poke|p1|Landorus-Therian, M|item\n|poke|p2|Skarmory, M|item\n|poke|p2|Chansey, F|item\n|poke|p2|Magnezone|item\n|poke|p2|Toxapex, F|item\n|poke|p2|Clefable, M|item\n|poke|p2|Sableye, F|item\n|teampreview\n|\n|start\n|switch|p1a: Magearna|Magearna|363\/363\n|switch|p2a: Sableye|Sableye, F|303\/303\n|turn|1\n|\n|detailschange|p2a: Sableye|Sableye-Mega, F\n|-mega|p2a: Sableye|Sableye|Sablenite\n|move|p2a: Sableye|Protect|p2a: Sableye\n|-singleturn|p2a: Sableye|Protect\n|move|p1a: Magearna|Volt Switch|p2a: Sableye\n|-activate|p2a: Sableye|move: Protect\n|\n|upkeep\n|turn|2\n|\n|switch|p2a: Toxapex|Toxapex, F|303\/303\n|move|p1a: Magearna|Volt Switch|p2a: Toxapex\n|-supereffective|p2a: Toxapex\n|-damage|p2a: Toxapex|211\/303\n|\n|switch|p1a: Landorus|Landorus-Therian, M|319\/319\n|-ability|p1a: Landorus|Intimidate|boost\n|-unboost|p2a: Toxapex|atk|1\n|\n|-heal|p2a: Toxapex|229\/303|[from] item: Black Sludge\n|upkeep\n|turn|3\n|\n|switch|p2a: Skarmory|Skarmory, M|333\/333\n|move|p1a: Landorus|U-turn|p2a: Skarmory\n|-resisted|p2a: Skarmory\n|-damage|p2a: Skarmory|322\/333\n|-damage|p1a: Landorus|266\/319|[from] item: Rocky Helmet|[of] p2a: Skarmory\n|\n|switch|p1a: Rotom|Rotom-Wash|304\/304\n|\n|upkeep\n|turn|4\n|\n|switch|p2a: Toxapex|Toxapex, F|303\/303\n|move|p1a: Rotom|Volt Switch|p2a: Toxapex\n|-supereffective|p2a: Toxapex\n|-damage|p2a: Toxapex|175\/303\n|\n|switch|p1a: Magearna|Magearna|363\/363\n|\n|-heal|p2a: Toxapex|193\/303|[from] item: Black Sludge\n|upkeep\n|turn|5\n|\n|move|p1a: Magearna|Volt Switch|p2a: Toxapex\n|-supereffective|p2a: Toxapex\n|-damage|p2a: Toxapex|85\/303\n|\n|switch|p1a: Landorus|Landorus-Therian, M|266\/319\n|-ability|p1a: Landorus|Intimidate|boost\n|-unboost|p2a: Toxapex|atk|1\n|move|p2a: Toxapex|Toxic Spikes|p1a: Landorus\n|-sidestart|p1: whybad|move: Toxic Spikes\n|\n|-heal|p2a: Toxapex|103\/303|[from] item: Black Sludge\n|upkeep\n|turn|6\n|\n|switch|p2a: Skarmory|Skarmory, M|322\/333\n|move|p1a: Landorus|U-turn|p2a: Skarmory\n|-resisted|p2a: Skarmory\n|-damage|p2a: Skarmory|310\/333\n|-damage|p1a: Landorus|213\/319|[from] item: Rocky Helmet|[of] p2a: Skarmory\n|\n|switch|p1a: Tornadus|Tornadus-Therian, M|359\/359\n|\n|upkeep\n|turn|7\n|\n|switch|p2a: Toxapex|Toxapex, F|204\/303\n|move|p1a: Tornadus|Defog|p2a: Toxapex\n|-unboost|p2a: Toxapex|evasion|1\n|-sideend|p1: whybad|Toxic Spikes|[from] move: Defog|[of] p1a: Tornadus\n|\n|-heal|p2a: Toxapex|222\/303|[from] item: Black Sludge\n|upkeep\n|turn|8\n|\n|move|p1a: Tornadus|Knock Off|p2a: Toxapex\n|-damage|p2a: Toxapex|185\/303\n|-enditem|p2a: Toxapex|Black Sludge|[from] move: Knock Off|[of] p1a: Tornadus\n|move|p2a: Toxapex|Recover|p2a: Toxapex\n|-heal|p2a: Toxapex|303\/303\n|\n|upkeep\n|turn|9\n|\n|move|p1a: Tornadus|U-turn|p2a: Toxapex\n|-resisted|p2a: Toxapex\n|-crit|p2a: Toxapex\n|-damage|p2a: Toxapex|284\/303\n|\n|switch|p1a: Magearna|Magearna|363\/363\n|move|p2a: Toxapex|Toxic Spikes|p1a: Magearna\n|-sidestart|p1: whybad|move: Toxic Spikes\n|\n|upkeep\n|turn|10\n|\n|move|p1a: Magearna|Volt Switch|p2a: Toxapex\n|-supereffective|p2a: Toxapex\n|-damage|p2a: Toxapex|192\/303\n|\n|switch|p1a: Tornadus|Tornadus-Therian, M|359\/359\n|move|p2a: Toxapex|Scald|p1a: Tornadus\n|-damage|p1a: Tornadus|301\/359\n|\n|upkeep\n|turn|11\n|\n|move|p1a: Tornadus|Defog|p2a: Toxapex\n|-unboost|p2a: Toxapex|evasion|1\n|-sideend|p1: whybad|Toxic Spikes|[from] move: Defog|[of] p1a: Tornadus\n|move|p2a: Toxapex|Recover|p2a: Toxapex\n|-heal|p2a: Toxapex|303\/303\n|\n|upkeep\n|turn|12\n|\n|move|p1a: Tornadus|Hurricane|p2a: Toxapex\n|-crit|p2a: Toxapex\n|-damage|p2a: Toxapex|156\/303\n|move|p2a: Toxapex|Scald|p1a: Tornadus\n|-damage|p1a: Tornadus|241\/359\n|\n|upkeep\n|turn|13\n|\n|switch|p2a: Magnezone|Magnezone|281\/281\n|move|p1a: Tornadus|Hurricane|p2a: Magnezone|[miss]\n|-miss|p1a: Tornadus|p2a: Magnezone\n|\n|upkeep\n|turn|14\n|\n|switch|p2a: Toxapex|Toxapex, F|257\/303\n|move|p1a: Tornadus|U-turn|p2a: Toxapex\n|-resisted|p2a: Toxapex\n|-damage|p2a: Toxapex|244\/303\n|\n|switch|p1a: Landorus|Landorus-Therian, M|213\/319\n|-ability|p1a: Landorus|Intimidate|boost\n|-unboost|p2a: Toxapex|atk|1\n|\n|upkeep\n|turn|15\n|\n|switch|p1a: Rotom|Rotom-Wash|304\/304\n|switch|p2a: Skarmory|Skarmory, M|310\/333\n|\n|upkeep\n|turn|16\n|\n|switch|p2a: Toxapex|Toxapex, F|303\/303\n|move|p1a: Rotom|Will-O-Wisp|p2a: Toxapex|[miss]\n|-miss|p1a: Rotom|p2a: Toxapex\n|\n|upkeep\n|turn|17\n|\n|move|p1a: Rotom|Will-O-Wisp|p2a: Toxapex\n|-status|p2a: Toxapex|brn\n|move|p2a: Toxapex|Toxic Spikes|p1a: Rotom\n|-sidestart|p1: whybad|move: Toxic Spikes\n|\n|-damage|p2a: Toxapex|285\/303 brn|[from] brn\n|upkeep\n|turn|18\n|\n|move|p1a: Rotom|Volt Switch|p2a: Toxapex\n|-supereffective|p2a: Toxapex\n|-crit|p2a: Toxapex\n|-damage|p2a: Toxapex|105\/303 brn\n|j| Papilord69\n|\n|switch|p1a: Magearna|Magearna|363\/363\n|move|p2a: Toxapex|Scald|p1a: Magearna\n|-damage|p1a: Magearna|336\/363\n|-status|p1a: Magearna|brn\n|\n|-damage|p1a: Magearna|314\/363 brn|[from] brn\n|-damage|p2a: Toxapex|87\/303 brn|[from] brn\n|upkeep\n|turn|19\n|\n|switch|p2a: Clefable|Clefable, M|393\/393\n|move|p1a: Magearna|Volt Switch|p2a: Clefable\n|-damage|p2a: Clefable|320\/393\n|\n|switch|p1a: Tornadus|Tornadus-Therian, M|359\/359\n|\n|-heal|p2a: Clefable|344\/393|[from] item: Leftovers\n|upkeep\n|turn|20\n|\n|move|p2a: Clefable|Protect|p2a: Clefable\n|-singleturn|p2a: Clefable|Protect\n|move|p1a: Tornadus|Knock Off|p2a: Clefable\n|-activate|p2a: Clefable|move: Protect\n|\n|-heal|p2a: Clefable|368\/393|[from] item: Leftovers\n|upkeep\n|turn|21\n|\n|switch|p2a: Toxapex|Toxapex, F|188\/303 brn\n|move|p1a: Tornadus|Defog|p2a: Toxapex\n|-unboost|p2a: Toxapex|evasion|1\n|-sideend|p1: whybad|Toxic Spikes|[from] move: Defog|[of] p1a: Tornadus\n|\n|-damage|p2a: Toxapex|170\/303 brn|[from] brn\n|upkeep\n|turn|22\n|\n|move|p1a: Tornadus|Hurricane|p2a: Toxapex\n|-damage|p2a: Toxapex|70\/303 brn\n|-start|p2a: Toxapex|confusion\n|-activate|p2a: Toxapex|confusion\n|move|p2a: Toxapex|Recover|p2a: Toxapex\n|-heal|p2a: Toxapex|222\/303 brn\n|\n|-damage|p2a: Toxapex|204\/303 brn|[from] brn\n|upkeep\n|turn|23\n|\n|move|p1a: Tornadus|Hurricane|p2a: Toxapex\n|-damage|p2a: Toxapex|98\/303 brn\n|-activate|p2a: Toxapex|confusion\n|move|p2a: Toxapex|Scald|p1a: Tornadus\n|-damage|p1a: Tornadus|296\/359\n|\n|-damage|p2a: Toxapex|80\/303 brn|[from] brn\n|upkeep\n|turn|24\n|\n|switch|p2a: Sableye|Sableye-Mega, F|303\/303\n|move|p1a: Tornadus|U-turn|p2a: Sableye\n|-damage|p2a: Sableye|259\/303\n|\n|switch|p1a: Magearna|Magearna|314\/363 brn\n|\n|-damage|p1a: Magearna|292\/363 brn|[from] brn\n|upkeep\n|turn|25\n|\n|move|p2a: Sableye|Protect|p2a: Sableye\n|-singleturn|p2a: Sableye|Protect\n|move|p1a: Magearna|Fleur Cannon|p2a: Sableye\n|-activate|p2a: Sableye|move: Protect\n|\n|-damage|p1a: Magearna|270\/363 brn|[from] brn\n|upkeep\n|turn|26\n|\n|switch|p2a: Toxapex|Toxapex, F|181\/303 brn\n|move|p1a: Magearna|Volt Switch|p2a: Toxapex\n|-supereffective|p2a: Toxapex\n|-damage|p2a: Toxapex|75\/303 brn\n|\n|switch|p1a: Tyranitar|Tyranitar, M|341\/341\n|-weather|Sandstorm|[from] ability: Sand Stream|[of] p1a: Tyranitar\n|\n|-weather|Sandstorm|[upkeep]\n|-damage|p2a: Toxapex|57\/303 brn|[from] Sandstorm\n|-damage|p2a: Toxapex|39\/303 brn|[from] brn\n|upkeep\n|turn|27\n|\n|switch|p2a: Skarmory|Skarmory, M|310\/333\n|detailschange|p1a: Tyranitar|Tyranitar-Mega, M\n|-mega|p1a: Tyranitar|Tyranitar|Tyranitarite\n|move|p1a: Tyranitar|Crunch|p2a: Skarmory\n|-damage|p2a: Skarmory|217\/333\n|-damage|p1a: Tyranitar|285\/341|[from] item: Rocky Helmet|[of] p2a: Skarmory\n|\n|-weather|Sandstorm|[upkeep]\n|upkeep\n|turn|28\n|c|\u2606whybad|kek\n|c|\u2606whybad|need dragon dance\n|c|\u2606whybad|pursuit\n|\n|switch|p1a: Rotom|Rotom-Wash|304\/304\n|move|p2a: Skarmory|Roost|p2a: Skarmory\n|-heal|p2a: Skarmory|333\/333\n|-singleturn|p2a: Skarmory|move: Roost\n|\n|-weather|Sandstorm|[upkeep]\n|-damage|p1a: Rotom|285\/304|[from] Sandstorm\n|upkeep\n|turn|29\n|c| Papilord69|This is unwinnable\n|\n|switch|p2a: Magnezone|Magnezone|281\/281\n|move|p1a: Rotom|Volt Switch|p2a: Magnezone\n|-resisted|p2a: Magnezone\n|-damage|p2a: Magnezone|238\/281\n|\n|switch|p1a: Landorus|Landorus-Therian, M|213\/319\n|-ability|p1a: Landorus|Intimidate|boost\n|-unboost|p2a: Magnezone|atk|1\n|\n|-weather|Sandstorm|[upkeep]\n|upkeep\n|turn|30\n|\n|switch|p2a: Skarmory|Skarmory, M|333\/333\n|move|p1a: Landorus|U-turn|p2a: Skarmory\n|-resisted|p2a: Skarmory\n|-damage|p2a: Skarmory|320\/333\n|-damage|p1a: Landorus|160\/319|[from] item: Rocky Helmet|[of] p2a: Skarmory\n|\n|switch|p1a: Rotom|Rotom-Wash|285\/304\n|\n|-weather|none\n|upkeep\n|turn|31\n|\n|switch|p2a: Magnezone|Magnezone|238\/281\n|move|p1a: Rotom|Volt Switch|p2a: Magnezone\n|-resisted|p2a: Magnezone\n|-damage|p2a: Magnezone|193\/281\n|\n|switch|p1a: Kommo-o|Kommo-o, F|291\/291\n|\n|upkeep\n|turn|32\n|\n|move|p2a: Magnezone|Volt Switch|p1a: Kommo-o\n|-resisted|p1a: Kommo-o\n|-damage|p1a: Kommo-o|231\/291\n|\n|switch|p2a: Clefable|Clefable, M|368\/393\n|move|p1a: Kommo-o|Stealth Rock|p2a: Clefable\n|-sidestart|p2: JoeyOwesMeMoney|move: Stealth Rock\n|\n|-heal|p2a: Clefable|392\/393|[from] item: Leftovers\n|upkeep\n|turn|33\n|\n|switch|p1a: Tornadus|Tornadus-Therian, M|359\/359\n|move|p2a: Clefable|Heal Bell|p2a: Clefable\n|-activate|p2a: Clefable|move: Heal Bell\n|-curestatus|p2: Toxapex|brn|[msg]\n|\n|-heal|p2a: Clefable|393\/393|[from] item: Leftovers\n|upkeep\n|turn|34\n|\n|switch|p2a: Sableye|Sableye-Mega, F|259\/303\n|-damage|p2a: Sableye|222\/303|[from] Stealth Rock\n|move|p1a: Tornadus|U-turn|p2a: Sableye\n|-damage|p2a: Sableye|181\/303\n|\n|switch|p1a: Magearna|Magearna|270\/363 brn\n|\n|-damage|p1a: Magearna|248\/363 brn|[from] brn\n|upkeep\n|turn|35\n|\n|move|p2a: Sableye|Protect|p2a: Sableye\n|-singleturn|p2a: Sableye|Protect\n|move|p1a: Magearna|Fleur Cannon|p2a: Sableye\n|-activate|p2a: Sableye|move: Protect\n|\n|-damage|p1a: Magearna|226\/363 brn|[from] brn\n|upkeep\n|turn|36\n|\n|switch|p2a: Magnezone|Magnezone|193\/281\n|-damage|p2a: Magnezone|176\/281|[from] Stealth Rock\n|move|p1a: Magearna|Fleur Cannon|p2a: Magnezone\n|-resisted|p2a: Magnezone\n|-damage|p2a: Magnezone|75\/281\n|-unboost|p1a: Magearna|spa|2\n|\n|-damage|p1a: Magearna|204\/363 brn|[from] brn\n|upkeep\n|turn|37\n|\n|move|p2a: Magnezone|Flash Cannon|p1a: Magearna\n|-damage|p1a: Magearna|144\/363 brn\n|move|p1a: Magearna|Volt Switch|p2a: Magnezone\n|-resisted|p2a: Magnezone\n|-crit|p2a: Magnezone\n|-damage|p2a: Magnezone|23\/281\n|\n|switch|p1a: Rotom|Rotom-Wash|285\/304\n|\n|upkeep\n|turn|38\n|\n|switch|p2a: Clefable|Clefable, M|393\/393\n|-damage|p2a: Clefable|344\/393|[from] Stealth Rock\n|move|p1a: Rotom|Volt Switch|p2a: Clefable\n|-crit|p2a: Clefable\n|-damage|p2a: Clefable|211\/393\n|\n|switch|p1a: Tyranitar|Tyranitar-Mega, M|285\/341\n|-weather|Sandstorm|[from] ability: Sand Stream|[of] p1a: Tyranitar\n|\n|-weather|Sandstorm|[upkeep]\n|-damage|p2a: Clefable|187\/393|[from] Sandstorm\n|-heal|p2a: Clefable|211\/393|[from] item: Leftovers\n|upkeep\n|turn|39\n|\n|move|p1a: Tyranitar|Stone Edge|p2a: Clefable\n|-damage|p2a: Clefable|36\/393\n|move|p2a: Clefable|Wish|p2a: Clefable\n|\n|-weather|Sandstorm|[upkeep]\n|-damage|p2a: Clefable|12\/393|[from] Sandstorm\n|-heal|p2a: Clefable|36\/393|[from] item: Leftovers\n|upkeep\n|turn|40\n|\n|switch|p1a: Tornadus|Tornadus-Therian, M|359\/359\n|move|p2a: Clefable|Protect||[still]\n|-fail|p2a: Clefable\n|\n|-weather|Sandstorm|[upkeep]\n|-damage|p1a: Tornadus|337\/359|[from] Sandstorm\n|-damage|p2a: Clefable|12\/393|[from] Sandstorm\n|-heal|p2a: Clefable|208\/393|[from] move: Wish|[wisher] Clefable\n|-heal|p2a: Clefable|232\/393|[from] item: Leftovers\n|upkeep\n|turn|41\n|\n|move|p2a: Clefable|Protect|p2a: Clefable\n|-singleturn|p2a: Clefable|Protect\n|move|p1a: Tornadus|Knock Off|p2a: Clefable\n|-activate|p2a: Clefable|move: Protect\n|\n|-weather|Sandstorm|[upkeep]\n|-damage|p1a: Tornadus|315\/359|[from] Sandstorm\n|-damage|p2a: Clefable|208\/393|[from] Sandstorm\n|-heal|p2a: Clefable|232\/393|[from] item: Leftovers\n|upkeep\n|turn|42\n|\n|switch|p2a: Skarmory|Skarmory, M|320\/333\n|-damage|p2a: Skarmory|279\/333|[from] Stealth Rock\n|move|p1a: Tornadus|U-turn|p2a: Skarmory\n|-resisted|p2a: Skarmory\n|-damage|p2a: Skarmory|272\/333\n|-damage|p1a: Tornadus|256\/359|[from] item: Rocky Helmet|[of] p2a: Skarmory\n|\n|switch|p1a: Rotom|Rotom-Wash|285\/304\n|\n|-weather|none\n|upkeep\n|turn|43\n|\n|switch|p2a: Magnezone|Magnezone|23\/281\n|-damage|p2a: Magnezone|6\/281|[from] Stealth Rock\n|move|p1a: Rotom|Volt Switch|p2a: Magnezone\n|-resisted|p2a: Magnezone\n|-damage|p2a: Magnezone|0 fnt\n|faint|p2a: Magnezone\n|j| Alexis5000\n|\n|switch|p1a: Tyranitar|Tyranitar-Mega, M|285\/341\n|-weather|Sandstorm|[from] ability: Sand Stream|[of] p1a: Tyranitar\n|\n|-weather|Sandstorm|[upkeep]\n|upkeep\n|\n|switch|p2a: Skarmory|Skarmory, M|272\/333\n|-damage|p2a: Skarmory|231\/333|[from] Stealth Rock\n|turn|44\n|\n|switch|p1a: Rotom|Rotom-Wash|285\/304\n|move|p2a: Skarmory|Defog|p1a: Rotom\n|-unboost|p1a: Rotom|evasion|1\n|-sideend|p2: JoeyOwesMeMoney|Stealth Rock|[from] move: Defog|[of] p2a: Skarmory\n|\n|-weather|Sandstorm|[upkeep]\n|-damage|p1a: Rotom|266\/304|[from] Sandstorm\n|upkeep\n|turn|45\n|\n|switch|p2a: Chansey|Chansey, F|703\/703\n|move|p1a: Rotom|Volt Switch|p2a: Chansey\n|-damage|p2a: Chansey|646\/703\n|\n|switch|p1a: Tornadus|Tornadus-Therian, M|359\/359\n|\n|-weather|Sandstorm|[upkeep]\n|-damage|p1a: Tornadus|337\/359|[from] Sandstorm\n|-damage|p2a: Chansey|603\/703|[from] Sandstorm\n|upkeep\n|turn|46\n|\n|switch|p2a: Toxapex|Toxapex, F|140\/303\n|move|p1a: Tornadus|U-turn|p2a: Toxapex\n|-resisted|p2a: Toxapex\n|-damage|p2a: Toxapex|127\/303\n|\n|switch|p1a: Tyranitar|Tyranitar-Mega, M|285\/341\n|\n|-weather|Sandstorm|[upkeep]\n|-damage|p2a: Toxapex|109\/303|[from] Sandstorm\n|upkeep\n|turn|47\n|\n|switch|p2a: Skarmory|Skarmory, M|231\/333\n|move|p1a: Tyranitar|Fire Punch|p2a: Skarmory\n|-supereffective|p2a: Skarmory\n|-damage|p2a: Skarmory|107\/333\n|-damage|p1a: Tyranitar|229\/341|[from] item: Rocky Helmet|[of] p2a: Skarmory\n|\n|-weather|none\n|upkeep\n|turn|48\n|\n|switch|p2a: Toxapex|Toxapex, F|210\/303\n|move|p1a: Tyranitar|Stone Edge|p2a: Toxapex\n|-damage|p2a: Toxapex|99\/303\n|\n|upkeep\n|turn|49\n|\n|switch|p2a: Chansey|Chansey, F|603\/703\n|move|p1a: Tyranitar|Stone Edge|p2a: Chansey\n|-damage|p2a: Chansey|306\/703\n|\n|upkeep\n|turn|50\n|\n|switch|p2a: Toxapex|Toxapex, F|200\/303\n|move|p1a: Tyranitar|Stone Edge|p2a: Toxapex\n|-damage|p2a: Toxapex|76\/303\n|\n|upkeep\n|turn|51\n|\n|switch|p2a: Clefable|Clefable, M|232\/393\n|move|p1a: Tyranitar|Stone Edge|p2a: Clefable\n|-damage|p2a: Clefable|52\/393\n|\n|-heal|p2a: Clefable|76\/393|[from] item: Leftovers\n|upkeep\n|turn|52\n|\n|move|p2a: Clefable|Protect|p2a: Clefable\n|-singleturn|p2a: Clefable|Protect\n|move|p1a: Tyranitar|Dragon Dance|p1a: Tyranitar\n|-boost|p1a: Tyranitar|atk|1\n|-boost|p1a: Tyranitar|spe|1\n|\n|-heal|p2a: Clefable|100\/393|[from] item: Leftovers\n|upkeep\n|turn|53\n|\n|move|p1a: Tyranitar|Stone Edge|p2a: Clefable\n|-crit|p2a: Clefable\n|-damage|p2a: Clefable|0 fnt\n|faint|p2a: Clefable\n|\n|upkeep\n|\n|switch|p2a: Sableye|Sableye-Mega, F|181\/303\n|turn|54\n|\n|move|p1a: Tyranitar|Crunch|p2a: Sableye\n|-damage|p2a: Sableye|0 fnt\n|faint|p2a: Sableye\n|\n|upkeep\n|c|\u2606whybad|how to smash stall\n|inactive|Battle timer is ON: inactive players will automatically lose when time's up. (requested by whybad)\n|inactive|JoeyOwesMeMoney has 120 seconds left.\n|inactive|JoeyOwesMeMoney has 90 seconds left.\n|l| Papilord69\n|inactive|JoeyOwesMeMoney has 60 seconds left.\n|l| Alexis5000\n|inactive|JoeyOwesMeMoney has 30 seconds left.\n|inactive|JoeyOwesMeMoney has 20 seconds left.\n|inactive|JoeyOwesMeMoney has 15 seconds left.\n|inactive|JoeyOwesMeMoney has 10 seconds left.\n|inactive|JoeyOwesMeMoney has 5 seconds left.\n|-message|JoeyOwesMeMoney lost due to inactivity.\n|\n|win|whybad\n|raw|whybad's rating: 1760 &rarr; <strong>1780<\/strong><br \/>(+20 for winning)\n|raw|JoeyOwesMeMoney's rating: 1759 &rarr; <strong>1739<\/strong><br \/>(-20 for losing)\n|j| carne esada\n|l| carne esada\n","uploadtime":1559363028,"views":30,"p1id":"whybad","p2id":"joeyowesmemoney","formatid":"gen7ou","rating":1739,"private":0,"password":null}