{"id":"gen7ou-566839919","p1":"Gotham Paladin","p2":"GBriet","format":"gen7ou","log":"|j|Gotham Paladin\n|j|GBriet\n|player|p1|Gotham Paladin|283\n|player|p2|GBriet|290\n|gametype|singles\n|gen|7\n|tier|[Gen 7] OU\n|rated\n|seed|7376,50649,27335,13213\n|clearpoke\n|poke|p1|Medicham, M|item\n|poke|p1|Mantine, F|item\n|poke|p1|Landorus-Therian, M|item\n|poke|p1|Tapu Koko|item\n|poke|p1|Ferrothorn, M|item\n|poke|p1|Tornadus-Therian, M|item\n|poke|p2|Celesteela|item\n|poke|p2|Garchomp, M|item\n|poke|p2|Ferrothorn, F|item\n|poke|p2|Tapu Lele|item\n|poke|p2|Sharpedo, M|item\n|poke|p2|Latios, M|item\n|rule|Baton Pass Clause: Limit one Baton Passer, can't pass Spe and other stats simultaneously\n|rule|Sleep Clause Mod: Limit one foe put to sleep\n|rule|Species Clause: Limit one of each Pok\u00e9mon\n|rule|OHKO Clause: OHKO moves are banned\n|rule|Moody Clause: Moody is banned\n|rule|Evasion Moves Clause: Evasion moves are banned\n|rule|Endless Battle Clause: Forcing endless battles is banned\n|rule|HP Percentage Mod: HP is shown in percentages\n|teampreview\n|choice|team 6, team 2, team 3, team 4, team 5, team 1|team 4, team 2, team 3, team 1, team 5, team 6\n|\n|start\n|switch|p1a: Tornadus|Tornadus-Therian, M|299\/299\n|switch|p2a: Tapu Lele|Tapu Lele|281\/281\n|-fieldstart|move: Psychic Terrain|[from] ability: Psychic Surge|[of] p2a: Tapu Lele\n|turn|1\n|choice|move knockoff|move psyshock\n|\n|move|p1a: Tornadus|Knock Off|p2a: Tapu Lele\n|-damage|p2a: Tapu Lele|186\/281\n|-enditem|p2a: Tapu Lele|Twisted Spoon|[from] move: Knock Off|[of] p1a: Tornadus\n|move|p2a: Tapu Lele|Psyshock|p1a: Tornadus\n|-damage|p1a: Tornadus|14\/299\n|\n|upkeep\n|turn|2\n|choice|switch 2|move hiddenpower\n|\n|switch|p1a: Mantine|Mantine, F|374\/374\n|move|p2a: Tapu Lele|Hidden Power|p1a: Mantine\n|-resisted|p1a: Mantine\n|-damage|p1a: Mantine|345\/374\n|\n|-heal|p1a: Mantine|368\/374|[from] item: Leftovers\n|upkeep\n|turn|3\n|choice|move scald|move psyshock\n|\n|move|p2a: Tapu Lele|Psyshock|p1a: Mantine\n|-damage|p1a: Mantine|190\/374\n|move|p1a: Mantine|Scald|p2a: Tapu Lele\n|-damage|p2a: Tapu Lele|110\/281\n|\n|-heal|p1a: Mantine|213\/374|[from] item: Leftovers\n|upkeep\n|turn|4\n|choice|move roost|move taunt\n|\n|move|p2a: Tapu Lele|Taunt|p1a: Mantine\n|-start|p1a: Mantine|move: Taunt\n|cant|p1a: Mantine|move: Taunt|Roost\n|\n|-heal|p1a: Mantine|236\/374|[from] item: Leftovers\n|upkeep\n|turn|5\n|choice|move scald|move psyshock\n|\n|move|p2a: Tapu Lele|Psyshock|p1a: Mantine\n|-damage|p1a: Mantine|40\/374\n|move|p1a: Mantine|Scald|p2a: Tapu Lele\n|-damage|p2a: Tapu Lele|38\/281\n|\n|-heal|p1a: Mantine|63\/374|[from] item: Leftovers\n|-fieldend|move: Psychic Terrain\n|upkeep\n|turn|6\n|choice|move scald|move psyshock\n|\n|move|p2a: Tapu Lele|Psyshock|p1a: Mantine\n|-damage|p1a: Mantine|0 fnt\n|faint|p1a: Mantine\n|\n|upkeep\n|choice|switch 2|\n|\n|switch|p1a: Tornadus|Tornadus-Therian, M|113\/299\n|turn|7\n|choice|move knockoff|switch 2\n|\n|switch|p2a: Garchomp|Garchomp, M|357\/357\n|move|p1a: Tornadus|Knock Off|p2a: Garchomp\n|-damage|p2a: Garchomp|298\/357\n|-damage|p1a: Tornadus|76\/299|[from] ability: Rough Skin|[of] p2a: Garchomp\n|\n|upkeep\n|turn|8\n|choice|switch 4|move swordsdance\n|\n|switch|p1a: Tapu Koko|Tapu Koko|281\/281\n|-fieldstart|move: Electric Terrain|[from] ability: Electric Surge|[of] p1a: Tapu Koko\n|move|p2a: Garchomp|Swords Dance|p2a: Garchomp\n|-boost|p2a: Garchomp|atk|2\n|\n|upkeep\n|turn|9\n|choice|move hiddenpower|switch 3\n|\n|switch|p2a: Ferrothorn|Ferrothorn, F|352\/352\n|move|p1a: Tapu Koko|Hidden Power|p2a: Ferrothorn\n|-damage|p2a: Ferrothorn|305\/352\n|\n|-heal|p2a: Ferrothorn|327\/352|[from] item: Leftovers\n|upkeep\n|turn|10\n|choice|move uturn|move knockoff\n|\n|move|p1a: Tapu Koko|U-turn|p2a: Ferrothorn\n|-damage|p2a: Ferrothorn|290\/352\n|-damage|p1a: Tapu Koko|246\/281|[from] ability: Iron Barbs|[of] p2a: Ferrothorn\n|choice|switch 5|\n|\n|switch|p1a: Ferrothorn|Ferrothorn, M|352\/352\n|move|p2a: Ferrothorn|Knock Off|p1a: Ferrothorn\n|-damage|p1a: Ferrothorn|301\/352\n|-damage|p2a: Ferrothorn|246\/352|[from] ability: Iron Barbs|[of] p1a: Ferrothorn\n|-enditem|p1a: Ferrothorn|Leftovers|[from] move: Knock Off|[of] p2a: Ferrothorn\n|\n|-heal|p2a: Ferrothorn|268\/352|[from] item: Leftovers\n|upkeep\n|turn|11\n|choice|move spikes|switch 2\n|\n|switch|p2a: Tapu Lele|Tapu Lele|38\/281\n|-fieldstart|move: Psychic Terrain|[from] ability: Psychic Surge|[of] p2a: Tapu Lele\n|move|p1a: Ferrothorn|Spikes|p2a: Tapu Lele\n|-sidestart|p2: GBriet|Spikes\n|\n|upkeep\n|turn|12\n|choice|switch 4|move psyshock\n|\n|switch|p1a: Tornadus|Tornadus-Therian, M|175\/299\n|move|p2a: Tapu Lele|Psyshock|p1a: Tornadus\n|-damage|p1a: Tornadus|0 fnt\n|faint|p1a: Tornadus\n|\n|upkeep\n|choice|switch 5|\n|\n|switch|p1a: Tapu Koko|Tapu Koko|246\/281\n|-fieldstart|move: Electric Terrain|[from] ability: Electric Surge|[of] p1a: Tapu Koko\n|turn|13\n|choice|move uturn|move psyshock\n|\n|move|p1a: Tapu Koko|U-turn|p2a: Tapu Lele\n|-damage|p2a: Tapu Lele|0 fnt\n|faint|p2a: Tapu Lele\n|choice|switch 3|\n|\n|switch|p1a: Landorus|Landorus-Therian, M|382\/382\n|\n|upkeep\n|choice||switch 3\n|\n|switch|p2a: Garchomp|Garchomp, M|298\/357\n|-damage|p2a: Garchomp|254\/357|[from] Spikes\n|turn|14\n|choice|move earthquake|move aquatail zmove\n|\n|-zpower|p2a: Garchomp\n|move|p2a: Garchomp|Hydro Vortex|p1a: Landorus|[zeffect]\n|-supereffective|p1a: Landorus\n|-damage|p1a: Landorus|62\/382\n|move|p1a: Landorus|Earthquake|p2a: Garchomp\n|-damage|p2a: Garchomp|80\/357\n|\n|upkeep\n|turn|15\n|choice|move earthquake|move stealthrock\n|\n|move|p2a: Garchomp|Stealth Rock|p1a: Landorus\n|-sidestart|p1: Gotham Paladin|move: Stealth Rock\n|move|p1a: Landorus|Earthquake|p2a: Garchomp\n|-damage|p2a: Garchomp|0 fnt\n|faint|p2a: Garchomp\n|\n|upkeep\n|choice||switch 4\n|\n|switch|p2a: Celesteela|Celesteela|356\/356\n|turn|16\n|choice|switch 3|move autotomize\n|\n|switch|p1a: Tapu Koko|Tapu Koko|246\/281\n|-damage|p1a: Tapu Koko|211\/281|[from] Stealth Rock\n|move|p2a: Celesteela|Autotomize|p2a: Celesteela\n|-boost|p2a: Celesteela|spe|2\n|-start|p2a: Celesteela|Autotomize\n|\n|upkeep\n|turn|17\n|choice|move thunderbolt|move earthquake\n|\n|move|p2a: Celesteela|Earthquake|p1a: Tapu Koko\n|-supereffective|p1a: Tapu Koko\n|-damage|p1a: Tapu Koko|37\/281\n|move|p1a: Tapu Koko|Thunderbolt|p2a: Celesteela\n|-supereffective|p2a: Celesteela\n|-damage|p2a: Celesteela|0 fnt\n|faint|p2a: Celesteela\n|\n|-fieldend|move: Electric Terrain\n|upkeep\n|choice||switch 2\n|\n|switch|p2a: Ferrothorn|Ferrothorn, F|268\/352\n|-damage|p2a: Ferrothorn|224\/352|[from] Spikes\n|turn|18\n|choice|move roost|move powerwhip\n|\n|move|p1a: Tapu Koko|Roost|p1a: Tapu Koko\n|-heal|p1a: Tapu Koko|178\/281\n|move|p2a: Ferrothorn|Power Whip|p1a: Tapu Koko\n|-damage|p1a: Tapu Koko|18\/281\n|\n|-heal|p2a: Ferrothorn|246\/352|[from] item: Leftovers\n|upkeep\n|turn|19\n|choice|move roost|move leechseed\n|\n|move|p1a: Tapu Koko|Roost|p1a: Tapu Koko\n|-heal|p1a: Tapu Koko|159\/281\n|move|p2a: Ferrothorn|Leech Seed|p1a: Tapu Koko\n|-start|p1a: Tapu Koko|move: Leech Seed\n|\n|-heal|p2a: Ferrothorn|268\/352|[from] item: Leftovers\n|-damage|p1a: Tapu Koko|124\/281|[from] Leech Seed|[of] p2a: Ferrothorn\n|-heal|p2a: Ferrothorn|303\/352|[silent]\n|upkeep\n|turn|20\n|choice|switch 3|move spikes\n|\n|switch|p1a: Landorus|Landorus-Therian, M|62\/382\n|-damage|p1a: Landorus|15\/382|[from] Stealth Rock\n|-ability|p1a: Landorus|Intimidate|boost\n|-unboost|p2a: Ferrothorn|atk|1\n|move|p2a: Ferrothorn|Spikes|p1a: Landorus\n|-sidestart|p1: Gotham Paladin|Spikes\n|\n|-heal|p2a: Ferrothorn|325\/352|[from] item: Leftovers\n|upkeep\n|turn|21\n|choice|move earthquake|move spikes\n|\n|move|p1a: Landorus|Earthquake|p2a: Ferrothorn\n|-damage|p2a: Ferrothorn|223\/352\n|move|p2a: Ferrothorn|Spikes|p1a: Landorus\n|-sidestart|p1: Gotham Paladin|Spikes\n|\n|-heal|p2a: Ferrothorn|245\/352|[from] item: Leftovers\n|upkeep\n|turn|22\n|choice|move earthquake|move spikes\n|\n|move|p1a: Landorus|Earthquake|p2a: Ferrothorn\n|-damage|p2a: Ferrothorn|134\/352\n|move|p2a: Ferrothorn|Spikes|p1a: Landorus\n|-sidestart|p1: Gotham Paladin|Spikes\n|\n|-heal|p2a: Ferrothorn|156\/352|[from] item: Leftovers\n|upkeep\n|turn|23\n|choice|move earthquake|move spikes\n|\n|move|p1a: Landorus|Earthquake|p2a: Ferrothorn\n|-damage|p2a: Ferrothorn|41\/352\n|move|p2a: Ferrothorn|Spikes|p1a: Landorus\n|-fail|p1a: Landorus\n|\n|-heal|p2a: Ferrothorn|63\/352|[from] item: Leftovers\n|upkeep\n|turn|24\n|choice|move earthquake|move knockoff\n|\n|move|p1a: Landorus|Earthquake|p2a: Ferrothorn\n|-damage|p2a: Ferrothorn|0 fnt\n|faint|p2a: Ferrothorn\n|\n|upkeep\n|choice||switch 5\n|\n|switch|p2a: Sharpedo|Sharpedo, M|281\/281\n|-damage|p2a: Sharpedo|246\/281|[from] Spikes\n|turn|25\n|choice|move earthquake|move protect\n|\n|move|p2a: Sharpedo|Protect|p2a: Sharpedo\n|-singleturn|p2a: Sharpedo|Protect\n|move|p1a: Landorus|Earthquake|p2a: Sharpedo\n|-activate|p2a: Sharpedo|move: Protect\n|\n|-ability|p2a: Sharpedo|Speed Boost|boost\n|-boost|p2a: Sharpedo|spe|1\n|upkeep\n|turn|26\n|choice|move earthquake|move crunch\n|\n|move|p2a: Sharpedo|Crunch|p1a: Landorus\n|-damage|p1a: Landorus|0 fnt\n|-damage|p2a: Sharpedo|200\/281|[from] item: Rocky Helmet|[of] p1a: Landorus\n|faint|p1a: Landorus\n|\n|-ability|p2a: Sharpedo|Speed Boost|boost\n|-boost|p2a: Sharpedo|spe|1\n|upkeep\n|choice|switch 4|\n|\n|switch|p1a: Ferrothorn|Ferrothorn, M|301\/352\n|-damage|p1a: Ferrothorn|213\/352|[from] Spikes\n|-damage|p1a: Ferrothorn|191\/352|[from] Stealth Rock\n|turn|27\n|choice|move powerwhip|switch 6\n|\n|switch|p2a: Latios|Latios, M|301\/301\n|move|p1a: Ferrothorn|Power Whip|p2a: Latios\n|-resisted|p2a: Latios\n|-damage|p2a: Latios|220\/301\n|\n|upkeep\n|turn|28\n|choice|move leechseed|move psyshock\n|\n|move|p2a: Latios|Psyshock|p1a: Ferrothorn\n|-resisted|p1a: Ferrothorn\n|-damage|p1a: Ferrothorn|143\/352\n|move|p1a: Ferrothorn|Leech Seed|p2a: Latios\n|-start|p2a: Latios|move: Leech Seed\n|\n|-damage|p2a: Latios|183\/301|[from] Leech Seed|[of] p1a: Ferrothorn\n|-heal|p1a: Ferrothorn|180\/352|[silent]\n|upkeep\n|turn|29\n|choice|move powerwhip|move psyshock\n|\n|move|p2a: Latios|Psyshock|p1a: Ferrothorn\n|-resisted|p1a: Ferrothorn\n|-damage|p1a: Ferrothorn|134\/352\n|move|p1a: Ferrothorn|Power Whip|p2a: Latios\n|-resisted|p2a: Latios\n|-damage|p2a: Latios|99\/301\n|\n|-damage|p2a: Latios|62\/301|[from] Leech Seed|[of] p1a: Ferrothorn\n|-heal|p1a: Ferrothorn|171\/352|[silent]\n|upkeep\n|turn|30\n|choice|move spikes|move psyshock\n|\n|move|p2a: Latios|Psyshock|p1a: Ferrothorn\n|-resisted|p1a: Ferrothorn\n|-damage|p1a: Ferrothorn|121\/352\n|move|p1a: Ferrothorn|Spikes|p2a: Latios\n|-sidestart|p2: GBriet|Spikes\n|\n|-damage|p2a: Latios|25\/301|[from] Leech Seed|[of] p1a: Ferrothorn\n|-heal|p1a: Ferrothorn|158\/352|[silent]\n|upkeep\n|turn|31\n|choice|move spikes|move psyshock\n|\n|move|p2a: Latios|Psyshock|p1a: Ferrothorn\n|-resisted|p1a: Ferrothorn\n|-damage|p1a: Ferrothorn|110\/352\n|move|p1a: Ferrothorn|Spikes|p2a: Latios\n|-sidestart|p2: GBriet|Spikes\n|\n|-damage|p2a: Latios|0 fnt|[from] Leech Seed|[of] p1a: Ferrothorn\n|-heal|p1a: Ferrothorn|135\/352|[silent]\n|upkeep\n|faint|p2a: Latios\n|choice||switch 6\n|\n|switch|p2a: Sharpedo|Sharpedo, M|200\/281\n|-damage|p2a: Sharpedo|130\/281|[from] Spikes\n|turn|32\n|choice|move powerwhip|move protect\n|\n|move|p2a: Sharpedo|Protect|p2a: Sharpedo\n|-singleturn|p2a: Sharpedo|Protect\n|move|p1a: Ferrothorn|Power Whip|p2a: Sharpedo\n|-activate|p2a: Sharpedo|move: Protect\n|\n|-ability|p2a: Sharpedo|Speed Boost|boost\n|-boost|p2a: Sharpedo|spe|1\n|upkeep\n|turn|33\n|choice|move powerwhip|move crunch mega\n|\n|detailschange|p2a: Sharpedo|Sharpedo-Mega, M\n|-mega|p2a: Sharpedo|Sharpedo|Sharpedonite\n|move|p2a: Sharpedo|Crunch|p1a: Ferrothorn\n|-damage|p1a: Ferrothorn|0 fnt\n|-damage|p2a: Sharpedo|95\/281|[from] ability: Iron Barbs|[of] p1a: Ferrothorn\n|faint|p1a: Ferrothorn\n|\n|upkeep\n|choice|switch 6|\n|\n|switch|p1a: Medicham|Medicham, M|261\/261\n|-damage|p1a: Medicham|245\/261|[from] Stealth Rock\n|-damage|p1a: Medicham|180\/261|[from] Spikes\n|turn|34\n|choice|move fakeout mega|move protect\n|\n|detailschange|p1a: Medicham|Medicham-Mega, M\n|-mega|p1a: Medicham|Medicham|Medichamite\n|move|p2a: Sharpedo|Protect|p2a: Sharpedo\n|-singleturn|p2a: Sharpedo|Protect\n|move|p1a: Medicham|Fake Out|p2a: Sharpedo\n|-activate|p2a: Sharpedo|move: Protect\n|\n|upkeep\n|turn|35\n|choice|move thunderpunch|move crunch\n|\n|move|p2a: Sharpedo|Crunch|p1a: Medicham\n|-damage|p1a: Medicham|0 fnt\n|faint|p1a: Medicham\n|\n|upkeep\n|-message|Gotham Paladin forfeited.\n|\n|win|GBriet\n|l|Gotham Paladin\n|raw|Gotham Paladin's rating: 1536 &rarr; <strong>1518<\/strong><br \/>(-18 for losing)\n|raw|GBriet's rating: 1566 &rarr; <strong>1584<\/strong><br \/>(+18 for winning)","inputlog":null,"uploadtime":1493141104,"views":5,"p1id":"gothampaladin","p2id":"gbriet","formatid":"gen7ou","rating":1518,"private":0,"password":null}