{"id":"gen7ou-591531207","p1":"I'm back from mars","p2":"tsunderestruck","format":"gen7ou","log":"|j|I'm back from mars\n|j|tsunderestruck\n|player|p1|I'm back from mars|128\n|teamsize|p1|6\n|player|p2|tsunderestruck|19\n|teamsize|p2|6\n|gametype|singles\n|gen|7\n|tier|[Gen 7] OU\n|rated\n|seed|54330,18438,12602,10472\n|clearpoke\n|poke|p1|Tyranitar, F|item\n|poke|p1|Garchomp, M|item\n|poke|p1|Tangrowth, M|item\n|poke|p1|Reuniclus, M|item\n|poke|p1|Bronzong|item\n|poke|p1|Landorus-Therian, M|item\n|poke|p2|Crawdaunt, M|item\n|poke|p2|Greninja, M|item\n|poke|p2|Latios, M|item\n|poke|p2|Landorus-Therian, M|item\n|poke|p2|Zygarde|item\n|poke|p2|Celesteela|item\n|rule|Sleep Clause Mod: Limit one foe put to sleep\n|rule|Species Clause: Limit one of each Pok\u00e9mon\n|rule|OHKO Clause: OHKO moves are banned\n|rule|Moody Clause: Moody is banned\n|rule|Evasion Moves Clause: Evasion moves are banned\n|rule|Endless Battle Clause: Forcing endless battles is banned\n|rule|HP Percentage Mod: HP is shown in percentages\n|teampreview\n|j|TreeHeart\n|choice|team 3, team 2, team 1, team 4, team 5, team 6|team 4, team 2, team 3, team 1, team 5, team 6\n|\n|start\n|switch|p1a: Tangrowth|Tangrowth, M|404\/404\n|switch|p2a: Landorus|Landorus-Therian, M|381\/381\n|-ability|p2a: Landorus|Intimidate|boost\n|-unboost|p1a: Tangrowth|atk|1\n|turn|1\n|choice|switch 5|move stealthrock\n|\n|switch|p1a: Bronzong|Bronzong|338\/338\n|move|p2a: Landorus|Stealth Rock|p1a: Bronzong\n|-sidestart|p1: I'm back from mars|move: Stealth Rock\n|\n|upkeep\n|turn|2\n|j|Yousef.E\n|choice|move stealthrock|move uturn\n|\n|move|p2a: Landorus|U-turn|p1a: Bronzong\n|-damage|p1a: Bronzong|281\/338\n|choice||switch 4\n|\n|switch|p2a: Crawdaunt|Crawdaunt, M|267\/267\n|move|p1a: Bronzong|Stealth Rock|p2a: Crawdaunt\n|-sidestart|p2: tsunderestruck|move: Stealth Rock\n|\n|-heal|p1a: Bronzong|302\/338|[from] item: Leftovers\n|upkeep\n|turn|3\n|choice|move toxic|move knockoff\n|\n|move|p2a: Crawdaunt|Knock Off|p1a: Bronzong\n|-supereffective|p1a: Bronzong\n|-damage|p1a: Bronzong|0 fnt\n|-enditem|p1a: Bronzong|Leftovers|[from] move: Knock Off|[of] p2a: Crawdaunt\n|faint|p1a: Bronzong\n|\n|upkeep\n|choice|switch 3|\n|\n|switch|p1a: Tyranitar|Tyranitar, F|342\/342\n|-damage|p1a: Tyranitar|300\/342|[from] Stealth Rock\n|-weather|Sandstorm|[from] ability: Sand Stream|[of] p1a: Tyranitar\n|turn|4\n|choice|move stoneedge|switch 4\n|\n|switch|p2a: Landorus|Landorus-Therian, M|381\/381\n|-damage|p2a: Landorus|334\/381|[from] Stealth Rock\n|-ability|p2a: Landorus|Intimidate|boost\n|-unboost|p1a: Tyranitar|atk|1\n|move|p1a: Tyranitar|Stone Edge|p2a: Landorus\n|-damage|p2a: Landorus|228\/381\n|\n|-weather|Sandstorm|[upkeep]\n|-heal|p2a: Landorus|251\/381|[from] item: Leftovers\n|upkeep\n|turn|5\n|choice|switch 6|move uturn\n|\n|switch|p1a: Landorus|Landorus-Therian, M|382\/382\n|-damage|p1a: Landorus|335\/382|[from] Stealth Rock\n|-ability|p1a: Landorus|Intimidate|boost\n|-unboost|p2a: Landorus|atk|1\n|move|p2a: Landorus|U-turn|p1a: Landorus\n|-resisted|p1a: Landorus\n|-damage|p1a: Landorus|317\/382\n|choice||switch 2\n|\n|switch|p2a: Greninja|Greninja, M|285\/285\n|-damage|p2a: Greninja|250\/285|[from] Stealth Rock\n|\n|-weather|Sandstorm|[upkeep]\n|-damage|p2a: Greninja|233\/285|[from] sandstorm\n|-heal|p1a: Landorus|340\/382|[from] item: Leftovers\n|upkeep\n|turn|6\n|choice|switch 5|move hydropump\n|\n|switch|p1a: Tangrowth|Tangrowth, M|404\/404\n|-damage|p1a: Tangrowth|354\/404|[from] Stealth Rock\n|move|p2a: Greninja|Hydro Pump|p1a: Tangrowth\n|-resisted|p1a: Tangrowth\n|-damage|p1a: Tangrowth|261\/404\n|\n|-weather|Sandstorm|[upkeep]\n|-damage|p2a: Greninja|216\/285|[from] sandstorm\n|-damage|p1a: Tangrowth|236\/404|[from] sandstorm\n|upkeep\n|turn|7\n|choice|switch 4|switch 6\n|\n|switch|p2a: Celesteela|Celesteela|397\/397\n|-damage|p2a: Celesteela|348\/397|[from] Stealth Rock\n|switch|p1a: Reuniclus|Reuniclus, M|424\/424\n|\n|-weather|Sandstorm|[upkeep]\n|-heal|p2a: Celesteela|372\/397|[from] item: Leftovers\n|upkeep\n|turn|8\n|choice|switch 2|switch 4\n|\n|switch|p2a: Crawdaunt|Crawdaunt, M|267\/267\n|-damage|p2a: Crawdaunt|234\/267|[from] Stealth Rock\n|switch|p1a: Garchomp|Garchomp, M|358\/358\n|-damage|p1a: Garchomp|336\/358|[from] Stealth Rock\n|\n|-weather|none\n|upkeep\n|turn|9\n|choice|move earthquake mega|switch 2\n|\n|switch|p2a: Landorus|Landorus-Therian, M|251\/381\n|-damage|p2a: Landorus|204\/381|[from] Stealth Rock\n|-ability|p2a: Landorus|Intimidate|boost\n|-unboost|p1a: Garchomp|atk|1\n|detailschange|p1a: Garchomp|Garchomp-Mega, M\n|-mega|p1a: Garchomp|Garchomp|Garchompite\n|move|p1a: Garchomp|Earthquake|p2a: Landorus\n|-immune|p2a: Landorus|[msg]\n|\n|-heal|p2a: Landorus|227\/381|[from] item: Leftovers\n|upkeep\n|turn|10\n|choice|switch 5|switch 4\n|\n|switch|p1a: Landorus|Landorus-Therian, M|340\/382\n|-damage|p1a: Landorus|293\/382|[from] Stealth Rock\n|-ability|p1a: Landorus|Intimidate|boost\n|-unboost|p2a: Landorus|atk|1\n|switch|p2a: Celesteela|Celesteela|372\/397\n|-damage|p2a: Celesteela|323\/397|[from] Stealth Rock\n|\n|-heal|p1a: Landorus|316\/382|[from] item: Leftovers\n|-heal|p2a: Celesteela|347\/397|[from] item: Leftovers\n|upkeep\n|turn|11\n|choice|move substitute|move heavyslam\n|\n|move|p1a: Landorus|Substitute|p1a: Landorus\n|-start|p1a: Landorus|Substitute\n|-damage|p1a: Landorus|221\/382\n|move|p2a: Celesteela|Heavy Slam|p1a: Landorus\n|-end|p1a: Landorus|Substitute\n|\n|-heal|p1a: Landorus|244\/382|[from] item: Leftovers\n|-heal|p2a: Celesteela|371\/397|[from] item: Leftovers\n|upkeep\n|turn|12\n|choice|switch 2|move heavyslam\n|\n|switch|p1a: Reuniclus|Reuniclus, M|424\/424\n|move|p2a: Celesteela|Heavy Slam|p1a: Reuniclus\n|-damage|p1a: Reuniclus|306\/424\n|\n|-heal|p2a: Celesteela|395\/397|[from] item: Leftovers\n|-heal|p1a: Reuniclus|332\/424|[from] item: Leftovers\n|upkeep\n|turn|13\n|choice|move calmmind|move heavyslam\n|\n|move|p2a: Celesteela|Heavy Slam|p1a: Reuniclus\n|-damage|p1a: Reuniclus|199\/424\n|move|p1a: Reuniclus|Calm Mind|p1a: Reuniclus\n|-boost|p1a: Reuniclus|spa|1\n|-boost|p1a: Reuniclus|spd|1\n|\n|-heal|p2a: Celesteela|397\/397|[from] item: Leftovers\n|-heal|p1a: Reuniclus|225\/424|[from] item: Leftovers\n|upkeep\n|turn|14\n|choice|move shadowball|switch 2\n|\n|switch|p2a: Crawdaunt|Crawdaunt, M|234\/267\n|-damage|p2a: Crawdaunt|201\/267|[from] Stealth Rock\n|move|p1a: Reuniclus|Shadow Ball|p2a: Crawdaunt\n|-resisted|p2a: Crawdaunt\n|-damage|p2a: Crawdaunt|117\/267\n|\n|-heal|p1a: Reuniclus|251\/424|[from] item: Leftovers\n|upkeep\n|turn|15\n|choice|switch 6|move crabhammer\n|\n|switch|p1a: Tyranitar|Tyranitar, F|300\/342\n|-damage|p1a: Tyranitar|258\/342|[from] Stealth Rock\n|-weather|Sandstorm|[from] ability: Sand Stream|[of] p1a: Tyranitar\n|move|p2a: Crawdaunt|Crabhammer|p1a: Tyranitar\n|-supereffective|p1a: Tyranitar\n|-damage|p1a: Tyranitar|0 fnt\n|faint|p1a: Tyranitar\n|\n|-weather|Sandstorm|[upkeep]\n|-damage|p2a: Crawdaunt|101\/267|[from] sandstorm\n|upkeep\n|choice|switch 5|\n|\n|switch|p1a: Garchomp|Garchomp-Mega, M|336\/358\n|-damage|p1a: Garchomp|314\/358|[from] Stealth Rock\n|turn|16\n|choice|move dragonclaw|switch 2\n|\n|switch|p2a: Celesteela|Celesteela|397\/397\n|-damage|p2a: Celesteela|348\/397|[from] Stealth Rock\n|move|p1a: Garchomp|Dragon Claw|p2a: Celesteela\n|-resisted|p2a: Celesteela\n|-damage|p2a: Celesteela|264\/397\n|\n|-weather|Sandstorm|[upkeep]\n|-heal|p2a: Celesteela|288\/397|[from] item: Leftovers\n|upkeep\n|turn|17\n|choice|move swordsdance|move heavyslam\n|\n|move|p1a: Garchomp|Swords Dance|p1a: Garchomp\n|-boost|p1a: Garchomp|atk|2\n|move|p2a: Celesteela|Heavy Slam|p1a: Garchomp\n|-crit|p1a: Garchomp\n|-damage|p1a: Garchomp|107\/358\n|\n|-weather|Sandstorm|[upkeep]\n|-heal|p2a: Celesteela|312\/397|[from] item: Leftovers\n|upkeep\n|turn|18\n|choice|move firefang|move protect\n|\n|move|p2a: Celesteela|Protect|p2a: Celesteela\n|-singleturn|p2a: Celesteela|Protect\n|move|p1a: Garchomp|Fire Fang|p2a: Celesteela\n|-activate|p2a: Celesteela|move: Protect\n|\n|-weather|Sandstorm|[upkeep]\n|-heal|p2a: Celesteela|336\/397|[from] item: Leftovers\n|upkeep\n|turn|19\n|choice|move firefang|switch 4\n|\n|switch|p2a: Landorus|Landorus-Therian, M|227\/381\n|-damage|p2a: Landorus|180\/381|[from] Stealth Rock\n|-ability|p2a: Landorus|Intimidate|boost\n|-unboost|p1a: Garchomp|atk|1\n|move|p1a: Garchomp|Fire Fang|p2a: Landorus\n|-damage|p2a: Landorus|71\/381\n|\n|-weather|none\n|-heal|p2a: Landorus|94\/381|[from] item: Leftovers\n|upkeep\n|turn|20\n|choice|move dragonclaw|move hiddenpower\n|\n|move|p1a: Garchomp|Dragon Claw|p2a: Landorus\n|-damage|p2a: Landorus|0 fnt\n|faint|p2a: Landorus\n|\n|upkeep\n|choice||switch 3\n|\n|switch|p2a: Latios|Latios, M|301\/301\n|-damage|p2a: Latios|264\/301|[from] Stealth Rock\n|turn|21\n|choice|switch 4|move psychic\n|\n|switch|p1a: Tangrowth|Tangrowth, M|370\/404\n|-damage|p1a: Tangrowth|320\/404|[from] Stealth Rock\n|move|p2a: Latios|Psychic|p1a: Tangrowth\n|-damage|p1a: Tangrowth|205\/404\n|\n|upkeep\n|turn|22\n|choice|switch 6|move psychic\n|\n|switch|p1a: Reuniclus|Reuniclus, M|251\/424\n|move|p2a: Latios|Psychic|p1a: Reuniclus\n|-resisted|p1a: Reuniclus\n|-damage|p1a: Reuniclus|153\/424\n|\n|-heal|p1a: Reuniclus|179\/424|[from] item: Leftovers\n|upkeep\n|turn|23\n|choice|move recover|switch 6\n|\n|switch|p2a: Greninja|Greninja, M|216\/285\n|-damage|p2a: Greninja|181\/285|[from] Stealth Rock\n|move|p1a: Reuniclus|Recover|p1a: Reuniclus\n|-heal|p1a: Reuniclus|391\/424\n|\n|-heal|p1a: Reuniclus|417\/424|[from] item: Leftovers\n|upkeep\n|turn|24\n|choice|switch 6|move darkpulse\n|\n|switch|p1a: Tangrowth|Tangrowth, M|339\/404\n|-damage|p1a: Tangrowth|289\/404|[from] Stealth Rock\n|move|p2a: Greninja|Dark Pulse|p1a: Tangrowth\n|-damage|p1a: Tangrowth|165\/404\n|\n|upkeep\n|turn|25\n|choice|move gigadrain|switch 6\n|\n|switch|p2a: Latios|Latios, M|264\/301\n|-damage|p2a: Latios|227\/301|[from] Stealth Rock\n|move|p1a: Tangrowth|Giga Drain|p2a: Latios\n|-resisted|p2a: Latios\n|-damage|p2a: Latios|187\/301\n|-heal|p1a: Tangrowth|185\/404|[from] drain|[of] p2a: Latios\n|\n|upkeep\n|turn|26\n|choice|switch 6|move defog\n|\n|switch|p1a: Reuniclus|Reuniclus, M|417\/424\n|move|p2a: Latios|Defog|p1a: Reuniclus\n|-unboost|p1a: Reuniclus|evasion|1\n|-sideend|p1: I'm back from mars|Stealth Rock|[from] move: Defog|[of] p1a: Reuniclus\n|-sideend|p2: tsunderestruck|Stealth Rock|[from] move: Defog|[of] p2a: Latios\n|\n|-heal|p1a: Reuniclus|424\/424|[from] item: Leftovers\n|upkeep\n|turn|27\n|choice|switch 6|switch 2\n|\n|switch|p2a: Crawdaunt|Crawdaunt, M|101\/267\n|switch|p1a: Tangrowth|Tangrowth, M|319\/404\n|\n|upkeep\n|turn|28\n|choice|move knockoff|move knockoff\n|\n|move|p2a: Crawdaunt|Knock Off|p1a: Tangrowth\n|-damage|p1a: Tangrowth|31\/404\n|-enditem|p1a: Tangrowth|Assault Vest|[from] move: Knock Off|[of] p2a: Crawdaunt\n|move|p1a: Tangrowth|Knock Off|p2a: Crawdaunt\n|-resisted|p2a: Crawdaunt\n|-damage|p2a: Crawdaunt|56\/267\n|-enditem|p2a: Crawdaunt|Choice Band|[from] move: Knock Off|[of] p1a: Tangrowth\n|\n|upkeep\n|turn|29\n|choice|switch 4|move knockoff\n|\n|switch|p1a: Garchomp|Garchomp-Mega, M|107\/358\n|move|p2a: Crawdaunt|Knock Off|p1a: Garchomp\n|-damage|p1a: Garchomp|0 fnt\n|faint|p1a: Garchomp\n|\n|upkeep\n|choice|switch 4|\n|\n|switch|p1a: Tangrowth|Tangrowth, M|165\/404\n|turn|30\n|choice|move knockoff|move crunch\n|\n|move|p2a: Crawdaunt|Crunch|p1a: Tangrowth\n|-damage|p1a: Tangrowth|17\/404\n|-unboost|p1a: Tangrowth|def|1\n|move|p1a: Tangrowth|Knock Off|p2a: Crawdaunt\n|-resisted|p2a: Crawdaunt\n|-damage|p2a: Crawdaunt|25\/267\n|\n|upkeep\n|turn|31\n|-message|I'm back from mars forfeited.\n|\n|win|tsunderestruck\n|l|I'm back from mars\n|l|TreeHeart\n|raw|I&apos;m back from mars's rating: 1729 &rarr; <strong>1710<\/strong><br \/>(-19 for losing)\n|raw|tsunderestruck's rating: 1740 &rarr; <strong>1759<\/strong><br \/>(+19 for winning)","inputlog":null,"uploadtime":1497627029,"views":3,"p1id":"imbackfrommars","p2id":"tsunderestruck","formatid":"gen7ou","rating":1710,"private":0,"password":null}