{"id":"gen7ou-1699503705","p1":"BTLT007Brandonlee1","p2":"why addicted","format":"gen7ou","log":"|j|\u2606BTLT007Brandonlee1\n|j|\u2606why addicted\n|t:|1667241495\n|gametype|singles\n|player|p1|BTLT007Brandonlee1|giovanni|1704\n|player|p2|why addicted|2|1787\n|teamsize|p1|6\n|teamsize|p2|6\n|gen|7\n|tier|[Gen 7] OU\n|rated|\n|rule|Sleep Clause Mod: Limit one foe put to sleep\n|rule|Species Clause: Limit one of each Pok\u00e9mon\n|rule|OHKO Clause: OHKO moves are banned\n|rule|Moody Clause: Moody is banned\n|rule|Evasion Items Clause: Evasion items are banned\n|rule|Evasion Moves Clause: Evasion moves are banned\n|rule|Endless Battle Clause: Forcing endless battles is banned\n|rule|HP Percentage Mod: HP is shown in percentages\n|clearpoke\n|poke|p1|Magearna|item\n|poke|p1|Tapu Koko|item\n|poke|p1|Hawlucha, F|item\n|poke|p1|Pinsir, F|item\n|poke|p1|Landorus-Therian, M|item\n|poke|p1|Kommo-o, F|item\n|poke|p2|Excadrill, F|item\n|poke|p2|Seismitoad, F|item\n|poke|p2|Scizor, F|item\n|poke|p2|Gengar, M|item\n|poke|p2|Zapdos|item\n|poke|p2|Tyranitar, F|item\n|teampreview\n|inactive|Battle timer is ON: inactive players will automatically lose when time's up. (requested by why addicted)\n|\n|t:|1667241530\n|start\n|switch|p1a: Landorus|Landorus-Therian, M|100\/100\n|switch|p2a: Zapdos|Zapdos|100\/100\n|-ability|p1a: Landorus|Intimidate|boost\n|-unboost|p2a: Zapdos|atk|1\n|turn|1\n|\n|t:|1667241535\n|move|p2a: Zapdos|Hidden Power|p1a: Landorus\n|-supereffective|p1a: Landorus\n|-damage|p1a: Landorus|15\/100\n|move|p1a: Landorus|Stealth Rock|p2a: Zapdos\n|-sidestart|p2: why addicted|move: Stealth Rock\n|\n|upkeep\n|turn|2\n|\n|t:|1667241538\n|move|p2a: Zapdos|Heat Wave|p1a: Landorus\n|-damage|p1a: Landorus|0 fnt\n|faint|p1a: Landorus\n|\n|upkeep\n|inactive|BTLT007Brandonlee1 has 120 seconds left.\n|\n|t:|1667241594\n|switch|p1a: Tapu Koko|Tapu Koko|100\/100\n|-fieldstart|move: Electric Terrain|[from] ability: Electric Surge|[of] p1a: Tapu Koko\n|turn|3\n|\n|t:|1667241597\n|move|p1a: Tapu Koko|Taunt|p2a: Zapdos\n|-start|p2a: Zapdos|move: Taunt\n|move|p2a: Zapdos|Volt Switch|p1a: Tapu Koko\n|-resisted|p1a: Tapu Koko\n|-damage|p1a: Tapu Koko|82\/100\n|\n|t:|1667241600\n|switch|p2a: Excadrill|Excadrill, F|100\/100|[from]move: Volt Switch\n|-damage|p2a: Excadrill|97\/100|[from] Stealth Rock\n|\n|upkeep\n|turn|4\n|\n|t:|1667241606\n|move|p1a: Tapu Koko|Reflect|p1a: Tapu Koko\n|-sidestart|p1: BTLT007Brandonlee1|Reflect\n|move|p2a: Excadrill|Rapid Spin|p1a: Tapu Koko\n|-damage|p1a: Tapu Koko|78\/100\n|-sideend|p2: why addicted|Stealth Rock|[from] move: Rapid Spin|[of] p2a: Excadrill\n|\n|upkeep\n|turn|5\n|inactive|BTLT007Brandonlee1 has 120 seconds left.\n|\n|t:|1667241616\n|move|p1a: Tapu Koko|U-turn|p2a: Excadrill\n|-resisted|p2a: Excadrill\n|-damage|p2a: Excadrill|84\/100\n|inactive|BTLT007Brandonlee1 has 120 seconds left.\n|\n|t:|1667241625\n|switch|p1a: Pinsir|Pinsir, F|100\/100|[from]move: U-turn\n|move|p2a: Excadrill|Iron Head|p1a: Pinsir\n|-crit|p1a: Pinsir\n|-damage|p1a: Pinsir|15\/100\n|\n|upkeep\n|turn|6\n|\n|t:|1667241632\n|switch|p2a: Tyranitar|Tyranitar, F|100\/100\n|-weather|Sandstorm|[from] ability: Sand Stream|[of] p2a: Tyranitar\n|detailschange|p1a: Pinsir|Pinsir-Mega, F\n|-mega|p1a: Pinsir|Pinsir|Pinsirite\n|move|p1a: Pinsir|Close Combat|p2a: Tyranitar\n|-supereffective|p2a: Tyranitar\n|-damage|p2a: Tyranitar|0 fnt\n|-unboost|p1a: Pinsir|def|1\n|-unboost|p1a: Pinsir|spd|1\n|faint|p2a: Tyranitar\n|\n|-weather|Sandstorm|[upkeep]\n|-damage|p1a: Pinsir|9\/100|[from] Sandstorm\n|upkeep\n|\n|t:|1667241645\n|switch|p2a: Excadrill|Excadrill, F|84\/100\n|turn|7\n|\n|t:|1667241649\n|move|p1a: Pinsir|Quick Attack|p2a: Excadrill\n|-resisted|p2a: Excadrill\n|-damage|p2a: Excadrill|65\/100\n|move|p2a: Excadrill|Iron Head|p1a: Pinsir\n|-damage|p1a: Pinsir|0 fnt\n|faint|p1a: Pinsir\n|\n|-weather|Sandstorm|[upkeep]\n|-fieldend|move: Electric Terrain\n|upkeep\n|\n|t:|1667241666\n|switch|p1a: Kommo-o|Kommo-o, F|100\/100\n|turn|8\n|\n|t:|1667241671\n|move|p2a: Excadrill|Swords Dance|p2a: Excadrill\n|-boost|p2a: Excadrill|atk|2\n|move|p1a: Kommo-o|Substitute|p1a: Kommo-o\n|-start|p1a: Kommo-o|Substitute\n|-damage|p1a: Kommo-o|75\/100\n|\n|-weather|Sandstorm|[upkeep]\n|-damage|p1a: Kommo-o|69\/100|[from] Sandstorm\n|upkeep\n|turn|9\n|\n|t:|1667241677\n|move|p2a: Excadrill|Iron Head|p1a: Kommo-o\n|-end|p1a: Kommo-o|Substitute\n|move|p1a: Kommo-o|Belly Drum|p1a: Kommo-o\n|-damage|p1a: Kommo-o|19\/100\n|-setboost|p1a: Kommo-o|atk|6|[from] move: Belly Drum\n|-enditem|p1a: Kommo-o|Salac Berry|[eat]\n|-boost|p1a: Kommo-o|spe|1|[from] item: Salac Berry\n|\n|-weather|Sandstorm|[upkeep]\n|-damage|p1a: Kommo-o|13\/100|[from] Sandstorm\n|upkeep\n|turn|10\n|\n|t:|1667241684\n|move|p2a: Excadrill|Earthquake|p1a: Kommo-o\n|-crit|p1a: Kommo-o\n|-damage|p1a: Kommo-o|0 fnt\n|faint|p1a: Kommo-o\n|\n|-weather|none\n|upkeep\n|\n|t:|1667241687\n|switch|p1a: Tapu Koko|Tapu Koko|78\/100\n|-fieldstart|move: Electric Terrain|[from] ability: Electric Surge|[of] p1a: Tapu Koko\n|turn|11\n|\n|t:|1667241691\n|move|p1a: Tapu Koko|Light Screen|p1a: Tapu Koko\n|-sidestart|p1: BTLT007Brandonlee1|move: Light Screen\n|move|p2a: Excadrill|Iron Head|p1a: Tapu Koko\n|-damage|p1a: Tapu Koko|27\/100\n|\n|-sideend|p1: BTLT007Brandonlee1|Reflect\n|upkeep\n|turn|12\n|\n|t:|1667241695\n|move|p1a: Tapu Koko|Reflect|p1a: Tapu Koko\n|-sidestart|p1: BTLT007Brandonlee1|Reflect\n|move|p2a: Excadrill|Iron Head|p1a: Tapu Koko\n|-damage|p1a: Tapu Koko|0 fnt\n|faint|p1a: Tapu Koko\n|\n|upkeep\n|\n|t:|1667241698\n|switch|p1a: Hawlucha|Hawlucha, F|100\/100\n|-enditem|p1a: Hawlucha|Electric Seed\n|-boost|p1a: Hawlucha|def|1|[from] item: Electric Seed\n|turn|13\n|\n|t:|1667241701\n|move|p1a: Hawlucha|Swords Dance|p1a: Hawlucha\n|-boost|p1a: Hawlucha|atk|2\n|-zpower|p2a: Excadrill\n|move|p2a: Excadrill|Corkscrew Crash|p1a: Hawlucha|[zeffect]\n|-damage|p1a: Hawlucha|10\/100\n|\n|upkeep\n|turn|14\n|\n|t:|1667241705\n|move|p1a: Hawlucha|Roost|p1a: Hawlucha\n|-heal|p1a: Hawlucha|60\/100\n|-singleturn|p1a: Hawlucha|move: Roost\n|move|p2a: Excadrill|Iron Head|p1a: Hawlucha\n|-damage|p1a: Hawlucha|20\/100\n|\n|upkeep\n|turn|15\n|\n|t:|1667241709\n|move|p1a: Hawlucha|High Jump Kick|p2a: Excadrill\n|-supereffective|p2a: Excadrill\n|-damage|p2a: Excadrill|0 fnt\n|faint|p2a: Excadrill\n|\n|-fieldend|move: Electric Terrain\n|upkeep\n|\n|t:|1667241712\n|switch|p2a: Zapdos|Zapdos|100\/100\n|turn|16\n|\n|t:|1667241714\n|move|p1a: Hawlucha|Roost|p1a: Hawlucha\n|-heal|p1a: Hawlucha|70\/100\n|-singleturn|p1a: Hawlucha|move: Roost\n|move|p2a: Zapdos|Volt Switch|p1a: Hawlucha\n|-damage|p1a: Hawlucha|47\/100\n|\n|t:|1667241722\n|switch|p2a: Gengar|Gengar, M|100\/100|[from]move: Volt Switch\n|\n|upkeep\n|turn|17\n|\n|t:|1667241732\n|move|p1a: Hawlucha|Acrobatics|p2a: Gengar\n|-damage|p2a: Gengar|0 fnt\n|faint|p2a: Gengar\n|\n|upkeep\n|\n|t:|1667241734\n|switch|p2a: Scizor|Scizor, F|100\/100\n|turn|18\n|inactive|BTLT007Brandonlee1 has 120 seconds left.\n|\n|t:|1667241770\n|switch|p2a: Zapdos|Zapdos|100\/100\n|move|p1a: Hawlucha|High Jump Kick|p2a: Zapdos\n|-resisted|p2a: Zapdos\n|-damage|p2a: Zapdos|45\/100\n|\n|-heal|p2a: Zapdos|51\/100|[from] item: Leftovers\n|-sideend|p1: BTLT007Brandonlee1|move: Light Screen\n|upkeep\n|turn|19\n|inactive|BTLT007Brandonlee1 has 120 seconds left.\n|j| CM Reuni\n|\n|t:|1667241793\n|move|p1a: Hawlucha|Roost|p1a: Hawlucha\n|-heal|p1a: Hawlucha|97\/100\n|-singleturn|p1a: Hawlucha|move: Roost\n|move|p2a: Zapdos|Roost|p2a: Zapdos\n|-heal|p2a: Zapdos|100\/100\n|-singleturn|p2a: Zapdos|move: Roost\n|\n|-sideend|p1: BTLT007Brandonlee1|Reflect\n|upkeep\n|turn|20\n|\n|t:|1667241803\n|move|p1a: Hawlucha|Roost|p1a: Hawlucha\n|-heal|p1a: Hawlucha|100\/100\n|-singleturn|p1a: Hawlucha|move: Roost\n|move|p2a: Zapdos|Hidden Power|p1a: Hawlucha\n|-damage|p1a: Hawlucha|74\/100\n|\n|upkeep\n|turn|21\n|\n|t:|1667241810\n|move|p1a: Hawlucha|Roost|p1a: Hawlucha\n|-heal|p1a: Hawlucha|100\/100\n|-singleturn|p1a: Hawlucha|move: Roost\n|move|p2a: Zapdos|Roost||[still]\n|-fail|p2a: Zapdos|heal\n|\n|upkeep\n|turn|22\n|inactive|BTLT007Brandonlee1 has 120 seconds left.\n|\n|t:|1667241819\n|move|p1a: Hawlucha|Roost||[still]\n|-fail|p1a: Hawlucha|heal\n|move|p2a: Zapdos|Volt Switch|p1a: Hawlucha\n|-supereffective|p1a: Hawlucha\n|-damage|p1a: Hawlucha|18\/100\n|\n|t:|1667241823\n|switch|p2a: Scizor|Scizor, F|100\/100|[from]move: Volt Switch\n|\n|upkeep\n|turn|23\n|\n|t:|1667241827\n|detailschange|p2a: Scizor|Scizor-Mega, F\n|-mega|p2a: Scizor|Scizor|Scizorite\n|move|p2a: Scizor|Bullet Punch|p1a: Hawlucha\n|-damage|p1a: Hawlucha|0 fnt\n|faint|p1a: Hawlucha\n|\n|upkeep\n|\n|t:|1667241832\n|switch|p1a: Magearna|Magearna|100\/100\n|turn|24\n|\n|t:|1667241835\n|move|p1a: Magearna|Shift Gear|p1a: Magearna\n|-boost|p1a: Magearna|spe|2\n|-boost|p1a: Magearna|atk|1\n|move|p2a: Scizor|Swords Dance|p2a: Scizor\n|-boost|p2a: Scizor|atk|2\n|\n|upkeep\n|turn|25\n|\n|t:|1667241842\n|move|p2a: Scizor|Bullet Punch|p1a: Magearna\n|-damage|p1a: Magearna|46\/100\n|-zpower|p1a: Magearna\n|move|p1a: Magearna|Gigavolt Havoc|p2a: Scizor|[zeffect]\n|-crit|p2a: Scizor\n|-damage|p2a: Scizor|33\/100\n|\n|upkeep\n|turn|26\n|\n|t:|1667241847\n|move|p2a: Scizor|Bullet Punch|p1a: Magearna\n|-damage|p1a: Magearna|0 fnt\n|faint|p1a: Magearna\n|\n|win|why addicted\n|raw|BTLT007Brandonlee1's rating: 1691 &rarr; <strong>1676<\/strong><br \/>(-15 for losing)\n|raw|why addicted's rating: 1787 &rarr; <strong>1802<\/strong><br \/>(+15 for winning)\n|l|\u2606BTLT007Brandonlee1\n|l| CM Reuni\n|l|\u2606why addicted\n||Ladder isn't responding, score probably updated but might not have (Request timeout).\n|j|\u2606why addicted\n|player|p2|why addicted|2\n|j|\u2606BTLT007Brandonlee1\n|player|p1|BTLT007Brandonlee1|giovanni\n|l|\u2606BTLT007Brandonlee1\n|player|p1|\n|j| uindetru\n|l| uindetru\n|j| uindetru\n","uploadtime":1667245258,"views":25,"p1id":"btlt007brandonlee1","p2id":"whyaddicted","formatid":"gen7ou","rating":1676,"private":0,"password":null}