{"id":"gen7anythinggoes-1698516010","p1":"Meracx","p2":"Steerpike","format":"gen7anythinggoes","log":"|j|\u2606Meracx\n|j|\u2606Steerpike\n|t:|1667134170\n|gametype|singles\n|player|p1|Meracx|thorton|\n|player|p2|Steerpike|101|\n|teamsize|p1|6\n|teamsize|p2|6\n|gen|7\n|tier|[Gen 7] Anything Goes\n|rule|HP Percentage Mod: HP is shown in percentages\n|rule|Endless Battle Clause: Forcing endless battles is banned\n|clearpoke\n|poke|p1|Diancie|item\n|poke|p1|Gengar, M|item\n|poke|p1|Chesnaught, F|item\n|poke|p1|Dragonite, F|item\n|poke|p1|Weavile, F|item\n|poke|p1|Porygon2|item\n|poke|p2|Azumarill, M|item\n|poke|p2|Sceptile, M|item\n|poke|p2|Mew|item\n|poke|p2|Cobalion|item\n|poke|p2|Lickilicky, M|item\n|poke|p2|Rotom-Heat|item\n|teampreview\n|c|\u2606Meracx|hf\n|c|\u2606Steerpike|hf\n|\n|t:|1667134216\n|start\n|switch|p1a: Platine|Gengar, M|100\/100\n|switch|p2a: Cobalion|Cobalion|100\/100\n|turn|1\n|\n|t:|1667134223\n|move|p1a: Platine|Substitute|p1a: Platine\n|-start|p1a: Platine|Substitute\n|-damage|p1a: Platine|76\/100\n|move|p2a: Cobalion|Stealth Rock|p1a: Platine\n|-sidestart|p1: Meracx|move: Stealth Rock\n|\n|upkeep\n|turn|2\n|j| Just-Silverr\n|\n|t:|1667134256\n|move|p1a: Platine|Focus Blast|p2a: Cobalion|[miss]\n|-miss|p1a: Platine|p2a: Cobalion\n|move|p2a: Cobalion|Iron Head|p1a: Platine\n|-end|p1a: Platine|Substitute\n|\n|upkeep\n|turn|3\n|\n|t:|1667134266\n|move|p1a: Platine|Focus Blast|p2a: Cobalion\n|-supereffective|p2a: Cobalion\n|-enditem|p2a: Cobalion|Chople Berry|[eat]\n|-enditem|p2a: Cobalion|Chople Berry|[weaken]\n|-damage|p2a: Cobalion|52\/100\n|move|p2a: Cobalion|Volt Switch|p1a: Platine\n|-damage|p1a: Platine|52\/100\n|\n|t:|1667134301\n|switch|p2a: Sceptile|Sceptile, M|100\/100|[from]move: Volt Switch\n|\n|upkeep\n|turn|4\n|\n|t:|1667134305\n|switch|p1a: Fer|Porygon2|100\/100\n|-damage|p1a: Fer|88\/100|[from] Stealth Rock\n|detailschange|p2a: Sceptile|Sceptile-Mega, M\n|-mega|p2a: Sceptile|Sceptile|Sceptilite\n|move|p2a: Sceptile|Dragon Pulse|p1a: Fer\n|-damage|p1a: Fer|64\/100\n|\n|upkeep\n|turn|5\n|\n|t:|1667134316\n|switch|p2a: Lickilicky|Lickilicky, M|100\/100\n|move|p1a: Fer|Discharge|p2a: Lickilicky\n|-damage|p2a: Lickilicky|85\/100\n|-status|p2a: Lickilicky|par\n|\n|-heal|p2a: Lickilicky|91\/100 par|[from] item: Leftovers\n|upkeep\n|turn|6\n|\n|t:|1667134327\n|switch|p1a: Cuivre|Chesnaught, F|100\/100\n|-damage|p1a: Cuivre|94\/100|[from] Stealth Rock\n|move|p2a: Lickilicky|Toxic|p1a: Cuivre\n|-status|p1a: Cuivre|tox\n|\n|-heal|p1a: Cuivre|100\/100 tox|[from] item: Leftovers\n|-heal|p2a: Lickilicky|97\/100 par|[from] item: Leftovers\n|-damage|p1a: Cuivre|94\/100 tox|[from] psn\n|upkeep\n|turn|7\n|\n|t:|1667134333\n|switch|p2a: Mew|Mew|100\/100\n|move|p1a: Cuivre|Spikes|p2a: Mew\n|-sidestart|p2: Steerpike|Spikes\n|\n|-heal|p1a: Cuivre|100\/100 tox|[from] item: Leftovers\n|-damage|p1a: Cuivre|88\/100 tox|[from] psn\n|upkeep\n|turn|8\n|\n|t:|1667134381\n|switch|p1a: Titane|Diancie|100\/100\n|-damage|p1a: Titane|88\/100|[from] Stealth Rock\n|move|p2a: Mew|Calm Mind|p2a: Mew\n|-boost|p2a: Mew|spa|1\n|-boost|p2a: Mew|spd|1\n|\n|upkeep\n|turn|9\n|\n|t:|1667134388\n|detailschange|p1a: Titane|Diancie-Mega\n|-mega|p1a: Titane|Diancie|Diancite\n|move|p1a: Titane|Diamond Storm|p2a: Mew\n|-damage|p2a: Mew|59\/100\n|move|p2a: Mew|Psychic|p1a: Titane\n|-damage|p1a: Titane|7\/100\n|\n|-heal|p2a: Mew|65\/100|[from] item: Leftovers\n|upkeep\n|turn|10\n|\n|t:|1667134398\n|move|p2a: Mew|Vacuum Wave|p1a: Titane\n|-damage|p1a: Titane|0 fnt\n|faint|p1a: Titane\n|\n|-heal|p2a: Mew|71\/100|[from] item: Leftovers\n|upkeep\n|\n|t:|1667134408\n|switch|p1a: Platine|Gengar, M|52\/100\n|-damage|p1a: Platine|39\/100|[from] Stealth Rock\n|turn|11\n|j| supersayandraft\n|\n|t:|1667134436\n|move|p1a: Platine|Shadow Ball|p2a: Mew\n|-supereffective|p2a: Mew\n|-damage|p2a: Mew|23\/100\n|move|p2a: Mew|Psychic|p1a: Platine\n|-supereffective|p1a: Platine\n|-damage|p1a: Platine|0 fnt\n|faint|p1a: Platine\n|\n|-heal|p2a: Mew|29\/100|[from] item: Leftovers\n|upkeep\n|\n|t:|1667134442\n|switch|p1a: Or|Dragonite, F|100\/100\n|-damage|p1a: Or|76\/100|[from] Stealth Rock\n|turn|12\n|\n|t:|1667134449\n|move|p2a: Mew|Psychic|p1a: Or\n|-damage|p1a: Or|11\/100\n|move|p1a: Or|Dragon Dance|p1a: Or\n|-boost|p1a: Or|atk|1\n|-boost|p1a: Or|spe|1\n|\n|-heal|p2a: Mew|35\/100|[from] item: Leftovers\n|upkeep\n|turn|13\n|\n|t:|1667134549\n|move|p1a: Or|Thunder Punch|p2a: Mew\n|-damage|p2a: Mew|0 fnt\n|faint|p2a: Mew\n|-damage|p1a: Or|1\/100|[from] item: Life Orb\n|\n|upkeep\n|\n|t:|1667134571\n|switch|p2a: Sceptile|Sceptile-Mega, M|100\/100\n|-damage|p2a: Sceptile|88\/100|[from] Spikes\n|turn|14\n|\n|t:|1667134576\n|switch|p1a: Fer|Porygon2|64\/100\n|-damage|p1a: Fer|52\/100|[from] Stealth Rock\n|move|p2a: Sceptile|Dragon Pulse|p1a: Fer\n|-damage|p1a: Fer|29\/100\n|\n|upkeep\n|turn|15\n|j| Kyuclicker\n|\n|t:|1667134587\n|move|p2a: Sceptile|Leaf Storm|p1a: Fer\n|-crit|p1a: Fer\n|-damage|p1a: Fer|0 fnt\n|-unboost|p2a: Sceptile|spa|2\n|faint|p1a: Fer\n|\n|upkeep\n|\n|t:|1667134591\n|switch|p1a: Argent|Weavile, F|100\/100\n|-damage|p1a: Argent|76\/100|[from] Stealth Rock\n|-ability|p1a: Argent|Pressure\n|turn|16\n|n| meracx FANBOY V2|kyuclicker\n|\n|t:|1667134603\n|switch|p2a: Cobalion|Cobalion|52\/100\n|-damage|p2a: Cobalion|40\/100|[from] Spikes\n|move|p1a: Argent|Poison Jab|p2a: Cobalion\n|-immune|p2a: Cobalion\n|\n|upkeep\n|turn|17\n|c| meracx FANBOY V2|AlleR meracx\n|\n|t:|1667134610\n|move|p1a: Argent|Low Kick|p2a: Cobalion\n|-supereffective|p2a: Cobalion\n|-damage|p2a: Cobalion|0 fnt\n|faint|p2a: Cobalion\n|\n|upkeep\n|\n|t:|1667134617\n|switch|p2a: Azumarill|Azumarill, M|100\/100\n|-damage|p2a: Azumarill|88\/100|[from] Spikes\n|turn|18\n|\n|t:|1667134622\n|switch|p1a: Cuivre|Chesnaught, F|88\/100 tox\n|-damage|p1a: Cuivre|82\/100 tox|[from] Stealth Rock\n|move|p2a: Azumarill|Superpower|p1a: Cuivre\n|-damage|p1a: Cuivre|48\/100 tox\n|-unboost|p2a: Azumarill|atk|1\n|-unboost|p2a: Azumarill|def|1\n|\n|-heal|p1a: Cuivre|54\/100 tox|[from] item: Leftovers\n|-damage|p1a: Cuivre|48\/100 tox|[from] psn\n|upkeep\n|turn|19\n|\n|t:|1667134633\n|switch|p1a: Argent|Weavile, F|76\/100\n|-damage|p1a: Argent|51\/100|[from] Stealth Rock\n|-ability|p1a: Argent|Pressure\n|switch|p2a: Sceptile|Sceptile-Mega, M|88\/100\n|-damage|p2a: Sceptile|76\/100|[from] Spikes\n|\n|upkeep\n|turn|20\n|\n|t:|1667134654\n|switch|p2a: Lickilicky|Lickilicky, M|97\/100 par\n|-damage|p2a: Lickilicky|85\/100 par|[from] Spikes\n|move|p1a: Argent|Knock Off|p2a: Lickilicky\n|-damage|p2a: Lickilicky|37\/100 par\n|-enditem|p2a: Lickilicky|Leftovers|[from] move: Knock Off|[of] p1a: Argent\n|\n|upkeep\n|turn|21\n|\n|t:|1667134661\n|move|p1a: Argent|Low Kick|p2a: Lickilicky\n|-supereffective|p2a: Lickilicky\n|-damage|p2a: Lickilicky|0 fnt\n|faint|p2a: Lickilicky\n|\n|upkeep\n|\n|t:|1667134667\n|switch|p2a: Azumarill|Azumarill, M|88\/100\n|-damage|p2a: Azumarill|76\/100|[from] Spikes\n|turn|22\n|\n|t:|1667134673\n|move|p1a: Argent|Poison Jab|p2a: Azumarill\n|-supereffective|p2a: Azumarill\n|-damage|p2a: Azumarill|8\/100\n|move|p2a: Azumarill|Superpower|p1a: Argent\n|-supereffective|p1a: Argent\n|-damage|p1a: Argent|0 fnt\n|-unboost|p2a: Azumarill|atk|1\n|-unboost|p2a: Azumarill|def|1\n|faint|p1a: Argent\n|\n|upkeep\n|\n|t:|1667134679\n|switch|p1a: Cuivre|Chesnaught, F|48\/100 tox\n|-damage|p1a: Cuivre|42\/100 tox|[from] Stealth Rock\n|turn|23\n|\n|t:|1667134682\n|move|p1a: Cuivre|Synthesis|p1a: Cuivre\n|-heal|p1a: Cuivre|92\/100 tox\n|move|p2a: Azumarill|Play Rough|p1a: Cuivre\n|-supereffective|p1a: Cuivre\n|-damage|p1a: Cuivre|48\/100 tox\n|\n|-heal|p1a: Cuivre|54\/100 tox|[from] item: Leftovers\n|-damage|p1a: Cuivre|48\/100 tox|[from] psn\n|upkeep\n|turn|24\n|\n|t:|1667134687\n|move|p1a: Cuivre|Drain Punch|p2a: Azumarill\n|-resisted|p2a: Azumarill\n|-damage|p2a: Azumarill|0 fnt\n|-heal|p1a: Cuivre|52\/100 tox|[from] drain|[of] p2a: Azumarill\n|faint|p2a: Azumarill\n|\n|-heal|p1a: Cuivre|58\/100 tox|[from] item: Leftovers\n|-damage|p1a: Cuivre|46\/100 tox|[from] psn\n|upkeep\n|\n|t:|1667134691\n|switch|p2a: Sceptile|Sceptile-Mega, M|76\/100\n|-damage|p2a: Sceptile|63\/100|[from] Spikes\n|turn|25\n|\n|t:|1667134694\n|move|p2a: Sceptile|Dragon Pulse|p1a: Cuivre\n|-damage|p1a: Cuivre|0 fnt\n|faint|p1a: Cuivre\n|\n|upkeep\n|\n|t:|1667134695\n|switch|p1a: Or|Dragonite, F|1\/100\n|-damage|p1a: Or|0 fnt|[from] Stealth Rock\n|faint|p1a: Or\n|\n|win|Steerpike\n|c|\u2606Meracx|gg\n|c|\u2606Steerpike|gg\n|l| meracx FANBOY V2\n|l| Just-Silverr\n|l| supersayandraft\n|j| Endives au jambon\n|l| Endives au jambon\n|j| Nicooole\n|l| Nicooole\n","uploadtime":1667135173,"views":29,"p1id":"meracx","p2id":"steerpike","formatid":"gen7anythinggoes","rating":0,"private":0,"password":null}