{"id":"gen7ou-1677784022","p1":"Laroxyl","p2":"ZDen","format":"gen7ou","log":"|j|\u2606Laroxyl\n|j|\u2606ZDen\n|t:|1664924336\n|gametype|singles\n|player|p1|Laroxyl|#scl1spartans|\n|player|p2|ZDen|lass-gen4dp|\n|teamsize|p1|6\n|teamsize|p2|6\n|gen|7\n|tier|[Gen 7] OU\n|rule|Sleep Clause Mod: Limit one foe put to sleep\n|rule|Species Clause: Limit one of each Pok\u00e9mon\n|rule|OHKO Clause: OHKO moves are banned\n|rule|Moody Clause: Moody is banned\n|rule|Evasion Items Clause: Evasion items are banned\n|rule|Evasion Moves Clause: Evasion moves are banned\n|rule|Endless Battle Clause: Forcing endless battles is banned\n|rule|HP Percentage Mod: HP is shown in percentages\n|clearpoke\n|poke|p1|Toxapex, F|item\n|poke|p1|Gliscor, M|item\n|poke|p1|Ferrothorn, M|item\n|poke|p1|Ditto|item\n|poke|p1|Latias, F|item\n|poke|p1|Celesteela|item\n|poke|p2|Tapu Lele|item\n|poke|p2|Alakazam, M|item\n|poke|p2|Kommo-o, M|item\n|poke|p2|Rotom-Wash|item\n|poke|p2|Magearna|item\n|poke|p2|Landorus-Therian, M|item\n|teampreview\n|c|\u2606ZDen|hf\n|inactive|Battle timer is ON: inactive players will automatically lose when time's up. (requested by ZDen)\n|j| Nalorium\n|c|\u2606Laroxyl|hf\n|c| Nalorium|1 o 3\n|c|\u2606Laroxyl|1\n|c| Nalorium|ic\n|c| Nalorium|ty\n|inactive|ZDen has 270 seconds left.\n|j| Ich mag Madchen\n|\n|t:|1664924423\n|start\n|switch|p1a: Ferrothorn|Ferrothorn, M|100\/100\n|switch|p2a: Kommo-o|Kommo-o, M|100\/100\n|turn|1\n|\n|t:|1664924436\n|switch|p1a: Toxapex|Toxapex, F|100\/100\n|move|p2a: Kommo-o|Close Combat|p1a: Toxapex\n|-resisted|p1a: Toxapex\n|-damage|p1a: Toxapex|81\/100\n|-unboost|p2a: Kommo-o|def|1\n|-unboost|p2a: Kommo-o|spd|1\n|\n|-heal|p1a: Toxapex|87\/100|[from] item: Black Sludge\n|upkeep\n|turn|2\n|j| Athena's Song Myth\n|\n|t:|1664924452\n|move|p2a: Kommo-o|Stealth Rock|p1a: Toxapex\n|-sidestart|p1: Laroxyl|move: Stealth Rock\n|move|p1a: Toxapex|Scald|p2a: Kommo-o\n|-resisted|p2a: Kommo-o\n|-damage|p2a: Kommo-o|89\/100\n|\n|-heal|p2a: Kommo-o|95\/100|[from] item: Leftovers\n|-heal|p1a: Toxapex|93\/100|[from] item: Black Sludge\n|upkeep\n|turn|3\n|\n|t:|1664924463\n|switch|p2a: Rotom|Rotom-Wash|100\/100\n|move|p1a: Toxapex|Scald|p2a: Rotom\n|-resisted|p2a: Rotom\n|-damage|p2a: Rotom|94\/100\n|\n|-heal|p1a: Toxapex|99\/100|[from] item: Black Sludge\n|upkeep\n|turn|4\n|\n|t:|1664924473\n|move|p1a: Toxapex|Baneful Bunker|p1a: Toxapex\n|-singleturn|p1a: Toxapex|move: Protect\n|move|p2a: Rotom|Will-O-Wisp|p1a: Toxapex\n|-activate|p1a: Toxapex|move: Protect\n|\n|-heal|p1a: Toxapex|100\/100|[from] item: Black Sludge\n|upkeep\n|turn|5\n|\n|t:|1664924486\n|move|p2a: Rotom|Will-O-Wisp|p1a: Toxapex\n|-status|p1a: Toxapex|brn\n|move|p1a: Toxapex|Scald|p2a: Rotom\n|-resisted|p2a: Rotom\n|-damage|p2a: Rotom|88\/100\n|\n|-damage|p1a: Toxapex|94\/100 brn|[from] brn\n|upkeep\n|turn|6\n|\n|t:|1664924499\n|move|p2a: Rotom|Volt Switch|p1a: Toxapex\n|-supereffective|p1a: Toxapex\n|-damage|p1a: Toxapex|61\/100 brn\n|\n|t:|1664924517\n|switch|p2a: Alakazam|Alakazam, M|100\/100|[from]move: Volt Switch\n|move|p1a: Toxapex|Recover|p1a: Toxapex\n|-heal|p1a: Toxapex|100\/100 brn\n|\n|-damage|p1a: Toxapex|94\/100 brn|[from] brn\n|upkeep\n|turn|7\n|\n|t:|1664924540\n|switch|p1a: Celesteela|Celesteela, shiny|100\/100\n|-damage|p1a: Celesteela|88\/100|[from] Stealth Rock\n|detailschange|p2a: Alakazam|Alakazam-Mega, M\n|-mega|p2a: Alakazam|Alakazam|Alakazite\n|-ability|p2a: Alakazam|Beast Boost|[from] ability: Trace|[of] p1a: Celesteela\n|move|p2a: Alakazam|Psychic|p1a: Celesteela\n|-resisted|p1a: Celesteela\n|-damage|p1a: Celesteela|71\/100\n|\n|-heal|p1a: Celesteela|77\/100|[from] item: Leftovers\n|upkeep\n|turn|8\n|\n|t:|1664924553\n|switch|p2a: Rotom|Rotom-Wash|88\/100\n|move|p1a: Celesteela|Leech Seed|p2a: Rotom\n|-start|p2a: Rotom|move: Leech Seed\n|\n|-heal|p1a: Celesteela|83\/100|[from] item: Leftovers\n|-damage|p2a: Rotom|75\/100|[from] Leech Seed|[of] p1a: Celesteela\n|-heal|p1a: Celesteela|93\/100|[silent]\n|upkeep\n|turn|9\n|\n|t:|1664924557\n|move|p1a: Celesteela|Protect|p1a: Celesteela\n|-singleturn|p1a: Celesteela|Protect\n|move|p2a: Rotom|Volt Switch|p1a: Celesteela\n|-activate|p1a: Celesteela|move: Protect\n|\n|-heal|p1a: Celesteela|99\/100|[from] item: Leftovers\n|-damage|p2a: Rotom|63\/100|[from] Leech Seed|[of] p1a: Celesteela\n|-heal|p1a: Celesteela|100\/100|[silent]\n|upkeep\n|turn|10\n|inactive|Laroxyl has 270 seconds left.\n|\n|t:|1664924591\n|switch|p1a: Ferrothorn|Ferrothorn, M|100\/100\n|-damage|p1a: Ferrothorn|94\/100|[from] Stealth Rock\n|move|p2a: Rotom|Volt Switch|p1a: Ferrothorn\n|-resisted|p1a: Ferrothorn\n|-damage|p1a: Ferrothorn|85\/100\n|inactive|ZDen has 270 seconds left.\n|\n|t:|1664924633\n|switch|p2a: Kommo-o|Kommo-o, M|95\/100|[from]move: Volt Switch\n|\n|-heal|p2a: Kommo-o|100\/100|[from] item: Leftovers\n|-heal|p1a: Ferrothorn|91\/100|[from] item: Leftovers\n|upkeep\n|turn|11\n|inactive|Laroxyl has 270 seconds left.\n|inactive|Laroxyl has 240 seconds left.\n|\n|t:|1664924687\n|move|p1a: Ferrothorn|Protect|p1a: Ferrothorn\n|-singleturn|p1a: Ferrothorn|Protect\n|move|p2a: Kommo-o|Close Combat|p1a: Ferrothorn\n|-activate|p1a: Ferrothorn|move: Protect\n|\n|-heal|p1a: Ferrothorn|97\/100|[from] item: Leftovers\n|upkeep\n|turn|12\n|inactive|Laroxyl has 240 seconds left.\n|\n|t:|1664924694\n|switch|p1a: Gliscor|Gliscor, M|100\/100\n|-damage|p1a: Gliscor|88\/100|[from] Stealth Rock\n|move|p2a: Kommo-o|Close Combat|p1a: Gliscor\n|-resisted|p1a: Gliscor\n|-damage|p1a: Gliscor|70\/100\n|-unboost|p2a: Kommo-o|def|1\n|-unboost|p2a: Kommo-o|spd|1\n|\n|-status|p1a: Gliscor|tox|[from] item: Toxic Orb\n|upkeep\n|turn|13\n|c| Athena's Song Myth|Vamos Denis ssss\n|inactive|Laroxyl has 240 seconds left.\n|inactive|ZDen has 270 seconds left.\n|\n|t:|1664924728\n|move|p2a: Kommo-o|Ice Punch|p1a: Gliscor\n|-supereffective|p1a: Gliscor\n|-damage|p1a: Gliscor|1\/100 tox\n|move|p1a: Gliscor|Stealth Rock|p2a: Kommo-o\n|-sidestart|p2: ZDen|move: Stealth Rock\n|\n|-heal|p1a: Gliscor|14\/100 tox|[from] ability: Poison Heal\n|upkeep\n|turn|14\n|inactive|Laroxyl has 240 seconds left.\n|\n|t:|1664924741\n|switch|p2a: Tapu Lele|Tapu Lele|100\/100\n|-damage|p2a: Tapu Lele|88\/100|[from] Stealth Rock\n|-fieldstart|move: Psychic Terrain|[from] ability: Psychic Surge|[of] p2a: Tapu Lele\n|switch|p1a: Toxapex|Toxapex, F|100\/100 brn\n|-damage|p1a: Toxapex|88\/100 brn|[from] Stealth Rock\n|\n|-heal|p1a: Toxapex|94\/100 brn|[from] item: Black Sludge\n|-damage|p1a: Toxapex|88\/100 brn|[from] brn\n|upkeep\n|turn|15\n|inactive|Laroxyl has 240 seconds left.\n|\n|t:|1664924762\n|switch|p1a: Celesteela|Celesteela, shiny|100\/100\n|-damage|p1a: Celesteela|88\/100|[from] Stealth Rock\n|move|p2a: Tapu Lele|Psychic|p1a: Celesteela\n|-resisted|p1a: Celesteela\n|-damage|p1a: Celesteela|53\/100\n|\n|-heal|p1a: Celesteela|59\/100|[from] item: Leftovers\n|upkeep\n|turn|16\n|\n|t:|1664924776\n|move|p2a: Tapu Lele|Psychic|p1a: Celesteela\n|-resisted|p1a: Celesteela\n|-damage|p1a: Celesteela|24\/100\n|move|p1a: Celesteela|Leech Seed|p2a: Tapu Lele\n|-start|p2a: Tapu Lele|move: Leech Seed\n|\n|-heal|p1a: Celesteela|30\/100|[from] item: Leftovers\n|-damage|p2a: Tapu Lele|76\/100|[from] Leech Seed|[of] p1a: Celesteela\n|-heal|p1a: Celesteela|39\/100|[silent]\n|upkeep\n|turn|17\n|\n|t:|1664924789\n|switch|p2a: Rotom|Rotom-Wash|63\/100\n|-damage|p2a: Rotom|50\/100|[from] Stealth Rock\n|move|p1a: Celesteela|Leech Seed|p2a: Rotom\n|-start|p2a: Rotom|move: Leech Seed\n|\n|-heal|p1a: Celesteela|45\/100|[from] item: Leftovers\n|-damage|p2a: Rotom|38\/100|[from] Leech Seed|[of] p1a: Celesteela\n|-heal|p1a: Celesteela|54\/100|[silent]\n|upkeep\n|turn|18\n|l| Athena's Song Myth\n|\n|t:|1664924795\n|move|p1a: Celesteela|Protect|p1a: Celesteela\n|-singleturn|p1a: Celesteela|Protect\n|move|p2a: Rotom|Volt Switch|p1a: Celesteela\n|-activate|p1a: Celesteela|move: Protect\n|\n|-heal|p1a: Celesteela|60\/100|[from] item: Leftovers\n|-damage|p2a: Rotom|25\/100|[from] Leech Seed|[of] p1a: Celesteela\n|-heal|p1a: Celesteela|70\/100|[silent]\n|-fieldend|move: Psychic Terrain\n|upkeep\n|-enditem|p2a: Rotom|Wiki Berry|[eat]\n|-heal|p2a: Rotom|75\/100|[from] item: Wiki Berry\n|turn|19\n|j| DOUAS el maestro\n|inactive|Laroxyl has 210 seconds left.\n|\n|t:|1664924832\n|switch|p1a: Ferrothorn|Ferrothorn, M|97\/100\n|-damage|p1a: Ferrothorn|91\/100|[from] Stealth Rock\n|move|p2a: Rotom|Volt Switch|p1a: Ferrothorn\n|-resisted|p1a: Ferrothorn\n|-crit|p1a: Ferrothorn\n|-damage|p1a: Ferrothorn|76\/100\n|inactive|ZDen has 270 seconds left.\n|\n|t:|1664924848\n|switch|p2a: Landorus|Landorus-Therian, M|100\/100|[from]move: Volt Switch\n|-damage|p2a: Landorus|88\/100|[from] Stealth Rock\n|-ability|p2a: Landorus|Intimidate|boost\n|-unboost|p1a: Ferrothorn|atk|1\n|\n|-heal|p1a: Ferrothorn|83\/100|[from] item: Leftovers\n|upkeep\n|turn|20\n|inactive|Laroxyl has 210 seconds left.\n|\n|t:|1664924865\n|move|p2a: Landorus|Earthquake|p1a: Ferrothorn\n|-damage|p1a: Ferrothorn|50\/100\n|move|p1a: Ferrothorn|Leech Seed|p2a: Landorus\n|-start|p2a: Landorus|move: Leech Seed\n|\n|-heal|p1a: Ferrothorn|56\/100|[from] item: Leftovers\n|-damage|p2a: Landorus|76\/100|[from] Leech Seed|[of] p1a: Ferrothorn\n|-heal|p1a: Ferrothorn|68\/100|[silent]\n|upkeep\n|turn|21\n|inactive|Laroxyl has 210 seconds left.\n|\n|t:|1664924879\n|switch|p2a: Kommo-o|Kommo-o, M|100\/100\n|-damage|p2a: Kommo-o|95\/100|[from] Stealth Rock\n|move|p1a: Ferrothorn|Spikes|p2a: Kommo-o\n|-sidestart|p2: ZDen|Spikes\n|\n|-heal|p2a: Kommo-o|100\/100|[from] item: Leftovers\n|-heal|p1a: Ferrothorn|75\/100|[from] item: Leftovers\n|upkeep\n|turn|22\n|\n|t:|1664924888\n|move|p1a: Ferrothorn|Protect|p1a: Ferrothorn\n|-singleturn|p1a: Ferrothorn|Protect\n|move|p2a: Kommo-o|Close Combat|p1a: Ferrothorn\n|-activate|p1a: Ferrothorn|move: Protect\n|\n|-heal|p1a: Ferrothorn|81\/100|[from] item: Leftovers\n|upkeep\n|turn|23\n|\n|t:|1664924896\n|switch|p1a: Toxapex|Toxapex, F|100\/100 brn\n|-damage|p1a: Toxapex|88\/100 brn|[from] Stealth Rock\n|move|p2a: Kommo-o|Close Combat|p1a: Toxapex\n|-resisted|p1a: Toxapex\n|-damage|p1a: Toxapex|66\/100 brn\n|-unboost|p2a: Kommo-o|def|1\n|-unboost|p2a: Kommo-o|spd|1\n|\n|-heal|p1a: Toxapex|73\/100 brn|[from] item: Black Sludge\n|-damage|p1a: Toxapex|66\/100 brn|[from] brn\n|upkeep\n|turn|24\n|\n|t:|1664924907\n|switch|p2a: Rotom|Rotom-Wash|75\/100\n|-damage|p2a: Rotom|63\/100|[from] Stealth Rock\n|move|p1a: Toxapex|Scald|p2a: Rotom\n|-resisted|p2a: Rotom\n|-crit|p2a: Rotom\n|-damage|p2a: Rotom|53\/100\n|-status|p2a: Rotom|brn\n|\n|-heal|p1a: Toxapex|73\/100 brn|[from] item: Black Sludge\n|-damage|p2a: Rotom|47\/100 brn|[from] brn\n|-damage|p1a: Toxapex|66\/100 brn|[from] brn\n|upkeep\n|turn|25\n|\n|t:|1664924918\n|switch|p1a: Ferrothorn|Ferrothorn, M|81\/100\n|-damage|p1a: Ferrothorn|75\/100|[from] Stealth Rock\n|move|p2a: Rotom|Defog|p1a: Ferrothorn\n|-unboost|p1a: Ferrothorn|evasion|1\n|-sideend|p1: Laroxyl|Stealth Rock|[from] move: Defog|[of] p2a: Rotom\n|-sideend|p2: ZDen|Spikes|[from] move: Defog|[of] p2a: Rotom\n|-sideend|p2: ZDen|Stealth Rock|[from] move: Defog|[of] p2a: Rotom\n|\n|-heal|p1a: Ferrothorn|81\/100|[from] item: Leftovers\n|-damage|p2a: Rotom|41\/100 brn|[from] brn\n|upkeep\n|turn|26\n|\n|t:|1664924930\n|move|p2a: Rotom|Will-O-Wisp|p1a: Ferrothorn\n|-status|p1a: Ferrothorn|brn\n|move|p1a: Ferrothorn|Spikes|p2a: Rotom\n|-sidestart|p2: ZDen|Spikes\n|\n|-heal|p1a: Ferrothorn|87\/100 brn|[from] item: Leftovers\n|-damage|p2a: Rotom|35\/100 brn|[from] brn\n|-damage|p1a: Ferrothorn|81\/100 brn|[from] brn\n|upkeep\n|turn|27\n|\n|t:|1664924935\n|move|p2a: Rotom|Volt Switch|p1a: Ferrothorn\n|-resisted|p1a: Ferrothorn\n|-damage|p1a: Ferrothorn|71\/100 brn\n|\n|t:|1664924946\n|switch|p2a: Alakazam|Alakazam-Mega, M|100\/100|[from]move: Volt Switch\n|-damage|p2a: Alakazam|88\/100|[from] Spikes\n|-ability|p2a: Alakazam|Iron Barbs|[from] ability: Trace|[of] p1a: Ferrothorn\n|move|p1a: Ferrothorn|Leech Seed|p2a: Alakazam\n|-start|p2a: Alakazam|move: Leech Seed\n|\n|-heal|p1a: Ferrothorn|77\/100 brn|[from] item: Leftovers\n|-damage|p2a: Alakazam|76\/100|[from] Leech Seed|[of] p1a: Ferrothorn\n|-heal|p1a: Ferrothorn|88\/100 brn|[silent]\n|-damage|p1a: Ferrothorn|81\/100 brn|[from] brn\n|upkeep\n|turn|28\n|inactive|Laroxyl has 240 seconds left.\n|\n|t:|1664924969\n|switch|p2a: Kommo-o|Kommo-o, M|100\/100\n|-damage|p2a: Kommo-o|88\/100|[from] Spikes\n|switch|p1a: Latias|Latias, F|100\/100\n|\n|-heal|p2a: Kommo-o|94\/100|[from] item: Leftovers\n|upkeep\n|turn|29\n|inactive|ZDen has 270 seconds left.\n|\n|t:|1664924996\n|detailschange|p1a: Latias|Latias-Mega, F\n|-mega|p1a: Latias|Latias|Latiasite\n|move|p1a: Latias|Ice Beam|p2a: Kommo-o\n|-supereffective|p2a: Kommo-o\n|-damage|p2a: Kommo-o|38\/100\n|move|p2a: Kommo-o|Stealth Rock|p1a: Latias\n|-sidestart|p1: Laroxyl|move: Stealth Rock\n|\n|-heal|p2a: Kommo-o|44\/100|[from] item: Leftovers\n|upkeep\n|turn|30\n|\n|t:|1664925006\n|move|p2a: Kommo-o|Protect|p2a: Kommo-o\n|-singleturn|p2a: Kommo-o|Protect\n|move|p1a: Latias|Surf|p2a: Kommo-o\n|-activate|p2a: Kommo-o|move: Protect\n|\n|-heal|p2a: Kommo-o|50\/100|[from] item: Leftovers\n|upkeep\n|turn|31\n|inactive|Laroxyl has 240 seconds left.\n|\n|t:|1664925024\n|switch|p2a: Magearna|Magearna|100\/100\n|-damage|p2a: Magearna|88\/100|[from] Spikes\n|move|p1a: Latias|Surf|p2a: Magearna\n|-damage|p2a: Magearna|59\/100\n|\n|upkeep\n|turn|32\n|\n|t:|1664925050\n|switch|p1a: Toxapex|Toxapex, F|99\/100 brn\n|-damage|p1a: Toxapex|87\/100 brn|[from] Stealth Rock\n|move|p2a: Magearna|Calm Mind|p2a: Magearna\n|-boost|p2a: Magearna|spa|1\n|-boost|p2a: Magearna|spd|1\n|\n|-heal|p1a: Toxapex|93\/100 brn|[from] item: Black Sludge\n|-damage|p1a: Toxapex|87\/100 brn|[from] brn\n|upkeep\n|turn|33\n|\n|t:|1664925062\n|move|p2a: Magearna|Thunderbolt|p1a: Toxapex\n|-supereffective|p1a: Toxapex\n|-damage|p1a: Toxapex|26\/100 brn\n|move|p1a: Toxapex|Haze|p1a: Toxapex\n|-clearallboost\n|\n|-heal|p1a: Toxapex|32\/100 brn|[from] item: Black Sludge\n|-damage|p1a: Toxapex|26\/100 brn|[from] brn\n|upkeep\n|turn|34\n|\n|t:|1664925072\n|switch|p1a: Gliscor|Gliscor, M|14\/100 tox\n|-damage|p1a: Gliscor|1\/100 tox|[from] Stealth Rock\n|move|p2a: Magearna|Calm Mind|p2a: Magearna\n|-boost|p2a: Magearna|spa|1\n|-boost|p2a: Magearna|spd|1\n|\n|-heal|p1a: Gliscor|14\/100 tox|[from] ability: Poison Heal\n|upkeep\n|turn|35\n|inactive|Laroxyl has 210 seconds left.\n|\n|t:|1664925094\n|switch|p2a: Landorus|Landorus-Therian, M|76\/100\n|-ability|p2a: Landorus|Intimidate|boost\n|-unboost|p1a: Gliscor|atk|1\n|move|p1a: Gliscor|Earthquake|p2a: Landorus\n|-immune|p2a: Landorus\n|\n|-heal|p1a: Gliscor|26\/100 tox|[from] ability: Poison Heal\n|upkeep\n|turn|36\n|inactive|Laroxyl has 210 seconds left.\n|\n|t:|1664925122\n|switch|p1a: Ferrothorn|Ferrothorn, M|81\/100 brn\n|-damage|p1a: Ferrothorn|75\/100 brn|[from] Stealth Rock\n|move|p2a: Landorus|Hidden Power|p1a: Ferrothorn\n|-damage|p1a: Ferrothorn|66\/100 brn\n|\n|-heal|p1a: Ferrothorn|72\/100 brn|[from] item: Leftovers\n|-damage|p1a: Ferrothorn|66\/100 brn|[from] brn\n|upkeep\n|turn|37\n|\n|t:|1664925133\n|move|p2a: Landorus|Earthquake|p1a: Ferrothorn\n|-damage|p1a: Ferrothorn|32\/100 brn\n|move|p1a: Ferrothorn|Leech Seed|p2a: Landorus\n|-start|p2a: Landorus|move: Leech Seed\n|\n|-heal|p1a: Ferrothorn|39\/100 brn|[from] item: Leftovers\n|-damage|p2a: Landorus|63\/100|[from] Leech Seed|[of] p1a: Ferrothorn\n|-heal|p1a: Ferrothorn|50\/100 brn|[silent]\n|-damage|p1a: Ferrothorn|44\/100 brn|[from] brn\n|upkeep\n|turn|38\n|\n|t:|1664925156\n|move|p2a: Landorus|Earthquake|p1a: Ferrothorn\n|-damage|p1a: Ferrothorn|16\/100 brn\n|move|p1a: Ferrothorn|Spikes|p2a: Landorus\n|-sidestart|p2: ZDen|Spikes\n|\n|-heal|p1a: Ferrothorn|22\/100 brn|[from] item: Leftovers\n|-damage|p2a: Landorus|51\/100|[from] Leech Seed|[of] p1a: Ferrothorn\n|-heal|p1a: Ferrothorn|34\/100 brn|[silent]\n|-damage|p1a: Ferrothorn|28\/100 brn|[from] brn\n|upkeep\n|turn|39\n|\n|t:|1664925165\n|move|p2a: Landorus|Earthquake|p1a: Ferrothorn\n|-damage|p1a: Ferrothorn|0 fnt\n|faint|p1a: Ferrothorn\n|\n|upkeep\n|\n|t:|1664925175\n|switch|p1a: Latias|Latias-Mega, F|100\/100\n|-damage|p1a: Latias|88\/100|[from] Stealth Rock\n|turn|40\n|inactive|ZDen has 270 seconds left.\n|\n|t:|1664925219\n|move|p1a: Latias|Surf|p2a: Landorus\n|-supereffective|p2a: Landorus\n|-damage|p2a: Landorus|17\/100\n|move|p2a: Landorus|U-turn|p1a: Latias\n|-supereffective|p1a: Latias\n|-damage|p1a: Latias|55\/100\n|inactive|ZDen has 240 seconds left.\n|\n|t:|1664925271\n|switch|p2a: Rotom|Rotom-Wash|35\/100 brn|[from]move: U-turn\n|\n|-damage|p2a: Rotom|28\/100 brn|[from] brn\n|upkeep\n|turn|41\n|\n|t:|1664925278\n|move|p1a: Latias|Surf|p2a: Rotom\n|-resisted|p2a: Rotom\n|-damage|p2a: Rotom|18\/100 brn\n|move|p2a: Rotom|Defog|p1a: Latias\n|-unboost|p1a: Latias|evasion|1\n|-sideend|p1: Laroxyl|Stealth Rock|[from] move: Defog|[of] p2a: Rotom\n|-sideend|p2: ZDen|Spikes|[from] move: Defog|[of] p2a: Rotom\n|\n|-damage|p2a: Rotom|11\/100 brn|[from] brn\n|upkeep\n|turn|42\n|inactive|Laroxyl has 210 seconds left.\n|\n|t:|1664925302\n|move|p1a: Latias|Roost|p1a: Latias\n|-heal|p1a: Latias|100\/100\n|-singleturn|p1a: Latias|move: Roost\n|move|p2a: Rotom|Volt Switch|p1a: Latias\n|-resisted|p1a: Latias\n|-damage|p1a: Latias|92\/100\n|inactive|ZDen has 210 seconds left.\n|inactive|ZDen has 180 seconds left.\n|\n|t:|1664925356\n|switch|p2a: Magearna|Magearna|59\/100|[from]move: Volt Switch\n|\n|upkeep\n|turn|43\n|inactive|ZDen has 180 seconds left.\n|\n|t:|1664925379\n|move|p1a: Latias|Surf|p2a: Magearna\n|-damage|p2a: Magearna|32\/100\n|-zpower|p2a: Magearna\n|move|p2a: Magearna|Twinkle Tackle|p1a: Latias|[zeffect]\n|-supereffective|p1a: Latias\n|-damage|p1a: Latias|0 fnt\n|faint|p1a: Latias\n|-ability|p2a: Magearna|Soul-Heart|boost\n|-boost|p2a: Magearna|spa|1\n|\n|upkeep\n|inactive|Laroxyl has 180 seconds left.\n|\n|t:|1664925399\n|switch|p1a: Gliscor|Gliscor, M|26\/100 tox\n|turn|44\n|inactive|Laroxyl has 180 seconds left.\n|inactive|ZDen has 180 seconds left.\n|\n|t:|1664925414\n|move|p1a: Gliscor|Earthquake|p2a: Magearna\n|-supereffective|p2a: Magearna\n|-damage|p2a: Magearna|0 fnt\n|faint|p2a: Magearna\n|\n|-heal|p1a: Gliscor|39\/100 tox|[from] ability: Poison Heal\n|upkeep\n|\n|t:|1664925418\n|switch|p2a: Tapu Lele|Tapu Lele|76\/100\n|-fieldstart|move: Psychic Terrain|[from] ability: Psychic Surge|[of] p2a: Tapu Lele\n|turn|45\n|inactive|Laroxyl has 180 seconds left.\n|inactive|ZDen has 180 seconds left.\n|\n|t:|1664925440\n|move|p2a: Tapu Lele|Psyshock|p1a: Gliscor\n|-damage|p1a: Gliscor|0 fnt\n|faint|p1a: Gliscor\n|\n|upkeep\n|inactive|Laroxyl has 150 seconds left.\n|\n|t:|1664925492\n|switch|p1a: Ditto|Ditto|100\/100\n|-transform|p1a: Ditto|p2a: Tapu Lele|[from] ability: Imposter\n|turn|46\n|inactive|ZDen has 180 seconds left.\n|j| Faultson\u203d\n|inactive|ZDen has 150 seconds left.\n|\n|t:|1664925545\n|move|p1a: Ditto|Moonblast|p2a: Tapu Lele\n|-damage|p2a: Tapu Lele|21\/100\n|move|p2a: Tapu Lele|Psyshock|p1a: Ditto\n|-resisted|p1a: Ditto\n|-crit|p1a: Ditto\n|-damage|p1a: Ditto|0 fnt\n|faint|p1a: Ditto\n|\n|upkeep\n|c| Nalorium|tuvimos fe\n|inactive|Laroxyl has 120 seconds left.\n|\n|t:|1664925566\n|switch|p1a: Celesteela|Celesteela, shiny|70\/100\n|turn|47\n|\n|t:|1664925570\n|move|p1a: Celesteela|Protect|p1a: Celesteela\n|-singleturn|p1a: Celesteela|Protect\n|move|p2a: Tapu Lele|Psyshock|p1a: Celesteela\n|-activate|p1a: Celesteela|move: Protect\n|\n|-heal|p1a: Celesteela|76\/100|[from] item: Leftovers\n|upkeep\n|turn|48\n|inactive|Laroxyl has 120 seconds left.\n|\n|t:|1664925592\n|move|p2a: Tapu Lele|Psyshock|p1a: Celesteela\n|-resisted|p1a: Celesteela\n|-damage|p1a: Celesteela|37\/100\n|move|p1a: Celesteela|Heavy Slam|p2a: Tapu Lele\n|-supereffective|p2a: Tapu Lele\n|-damage|p2a: Tapu Lele|0 fnt\n|faint|p2a: Tapu Lele\n|-ability|p1a: Celesteela|Beast Boost|boost\n|-boost|p1a: Celesteela|spd|1\n|\n|-heal|p1a: Celesteela|43\/100|[from] item: Leftovers\n|upkeep\n|inactive|ZDen has 150 seconds left.\n|\n|t:|1664925628\n|switch|p2a: Kommo-o|Kommo-o, M|50\/100\n|turn|49\n|inactive|Laroxyl has 120 seconds left.\n|\n|t:|1664925643\n|move|p1a: Celesteela|Protect|p1a: Celesteela\n|-singleturn|p1a: Celesteela|Protect\n|move|p2a: Kommo-o|Close Combat|p1a: Celesteela\n|-activate|p1a: Celesteela|move: Protect\n|\n|-heal|p2a: Kommo-o|56\/100|[from] item: Leftovers\n|-heal|p1a: Celesteela|49\/100|[from] item: Leftovers\n|-fieldend|move: Psychic Terrain\n|upkeep\n|turn|50\n|inactive|Laroxyl has 120 seconds left.\n|\n|t:|1664925655\n|move|p2a: Kommo-o|Close Combat|p1a: Celesteela\n|-damage|p1a: Celesteela|8\/100\n|-unboost|p2a: Kommo-o|def|1\n|-unboost|p2a: Kommo-o|spd|1\n|move|p1a: Celesteela|Leech Seed|p2a: Kommo-o\n|-start|p2a: Kommo-o|move: Leech Seed\n|\n|-heal|p2a: Kommo-o|62\/100|[from] item: Leftovers\n|-heal|p1a: Celesteela|14\/100|[from] item: Leftovers\n|-damage|p2a: Kommo-o|50\/100|[from] Leech Seed|[of] p1a: Celesteela\n|-heal|p1a: Celesteela|25\/100|[silent]\n|upkeep\n|turn|51\n|inactive|Laroxyl has 120 seconds left.\n|\n|t:|1664925676\n|move|p1a: Celesteela|Protect|p1a: Celesteela\n|-singleturn|p1a: Celesteela|Protect\n|move|p2a: Kommo-o|Stealth Rock|p1a: Celesteela\n|-sidestart|p1: Laroxyl|move: Stealth Rock\n|\n|-heal|p2a: Kommo-o|56\/100|[from] item: Leftovers\n|-heal|p1a: Celesteela|31\/100|[from] item: Leftovers\n|-damage|p2a: Kommo-o|44\/100|[from] Leech Seed|[of] p1a: Celesteela\n|-heal|p1a: Celesteela|42\/100|[silent]\n|upkeep\n|turn|52\n|inactive|Laroxyl has 90 seconds left.\n|\n|t:|1664925701\n|move|p1a: Celesteela|Protect||[still]\n|-fail|p1a: Celesteela\n|move|p2a: Kommo-o|Close Combat|p1a: Celesteela\n|-damage|p1a: Celesteela|0 fnt\n|-unboost|p2a: Kommo-o|def|1\n|-unboost|p2a: Kommo-o|spd|1\n|faint|p1a: Celesteela\n|\n|-heal|p2a: Kommo-o|50\/100|[from] item: Leftovers\n|upkeep\n|inactive|Laroxyl has 90 seconds left.\n|c|\u2606Laroxyl|Meh\n|c|\u2606Laroxyl|gg\n|c|\u2606ZDen|gg\n|-message|Laroxyl forfeited.\n|\n|win|ZDen\n|l|\u2606Laroxyl\n","uploadtime":1664925741,"views":73,"p1id":"laroxyl","p2id":"zden","formatid":"gen7ou","rating":0,"private":0,"password":null}