{"id":"gen7ou-853148168","p1":"Blackchess","p2":"uuuuiiii","format":"gen7ou","log":"|j|\u2606Blackchess\n|j|\u2606uuuuiiii\n|player|p1|Blackchess|265\n|player|p2|uuuuiiii|169\n|teamsize|p1|6\n|teamsize|p2|6\n|gametype|singles\n|gen|7\n|tier|[Gen 7] OU\n|rated|\n|rule|Sleep Clause Mod: Limit one foe put to sleep\n|rule|Species Clause: Limit one of each Pok\u00e9mon\n|rule|OHKO Clause: OHKO moves are banned\n|rule|Moody Clause: Moody is banned\n|rule|Evasion Moves Clause: Evasion moves are banned\n|rule|Endless Battle Clause: Forcing endless battles is banned\n|rule|HP Percentage Mod: HP is shown in percentages\n|clearpoke\n|poke|p1|Charizard, F|item\n|poke|p1|Dragonite, F|item\n|poke|p1|Tapu Bulu|item\n|poke|p1|Kartana|item\n|poke|p1|Jirachi|item\n|poke|p1|Rotom-Wash|item\n|poke|p2|Sharpedo, M|item\n|poke|p2|Hippowdon, M|item\n|poke|p2|Celesteela|item\n|poke|p2|Hawlucha, M|item\n|poke|p2|Excadrill, M|item\n|poke|p2|Tapu Koko|item\n|teampreview\n|\n|start\n|switch|p1a: Rotom|Rotom-Wash|100\/100\n|switch|p2a: Tapu Koko|Tapu Koko|100\/100\n|-fieldstart|move: Electric Terrain|[from] ability: Electric Surge|[of] p2a: Tapu Koko\n|turn|1\n|inactive|Battle timer is ON: inactive players will automatically lose when time's up. (requested by Blackchess)\n|\n|move|p2a: Tapu Koko|Thunderbolt|p1a: Rotom\n|-damage|p1a: Rotom|38\/100\n|move|p1a: Rotom|Will-O-Wisp|p2a: Tapu Koko\n|-status|p2a: Tapu Koko|brn\n|\n|-heal|p1a: Rotom|44\/100|[from] item: Leftovers\n|-damage|p2a: Tapu Koko|94\/100 brn|[from] brn\n|upkeep\n|turn|2\n|\n|switch|p1a: Jirachi|Jirachi|100\/100\n|move|p2a: Tapu Koko|Volt Switch|p1a: Jirachi\n|-damage|p1a: Jirachi|71\/100\n|\n|switch|p2a: Hippowdon|Hippowdon, M|100\/100\n|-weather|Sandstorm|[from] ability: Sand Stream|[of] p2a: Hippowdon\n|\n|-weather|Sandstorm|[upkeep]\n|-heal|p1a: Jirachi|77\/100|[from] item: Leftovers\n|upkeep\n|turn|3\n|\n|move|p1a: Jirachi|Iron Head|p2a: Hippowdon\n|-damage|p2a: Hippowdon|85\/100\n|-damage|p1a: Jirachi|61\/100|[from] item: Rocky Helmet|[of] p2a: Hippowdon\n|move|p2a: Hippowdon|Stealth Rock|p1a: Jirachi\n|-sidestart|p1: Blackchess|move: Stealth Rock\n|\n|-weather|Sandstorm|[upkeep]\n|-heal|p1a: Jirachi|67\/100|[from] item: Leftovers\n|upkeep\n|turn|4\n|\n|move|p1a: Jirachi|Stealth Rock|p2a: Hippowdon\n|-sidestart|p2: uuuuiiii|move: Stealth Rock\n|move|p2a: Hippowdon|Double-Edge|p1a: Jirachi\n|-resisted|p1a: Jirachi\n|-damage|p1a: Jirachi|53\/100\n|-damage|p2a: Hippowdon|81\/100|[from] Recoil\n|\n|-weather|Sandstorm|[upkeep]\n|-heal|p1a: Jirachi|60\/100|[from] item: Leftovers\n|upkeep\n|turn|5\n|\n|switch|p1a: Tapu Bulu|Tapu Bulu|100\/100\n|-damage|p1a: Tapu Bulu|88\/100|[from] Stealth Rock\n|-fieldstart|move: Grassy Terrain|[from] ability: Grassy Surge|[of] p1a: Tapu Bulu\n|move|p2a: Hippowdon|Slack Off|p2a: Hippowdon\n|-heal|p2a: Hippowdon|100\/100\n|\n|-weather|Sandstorm|[upkeep]\n|-damage|p1a: Tapu Bulu|82\/100|[from] Sandstorm\n|-heal|p1a: Tapu Bulu|88\/100|[from] item: Leftovers\n|-heal|p1a: Tapu Bulu|94\/100|[from] Grassy Terrain\n|upkeep\n|turn|6\n|\n|switch|p2a: Celesteela|Celesteela|100\/100\n|-damage|p2a: Celesteela|88\/100|[from] Stealth Rock\n|move|p1a: Tapu Bulu|Bulk Up|p1a: Tapu Bulu\n|-boost|p1a: Tapu Bulu|atk|1\n|-boost|p1a: Tapu Bulu|def|1\n|\n|-weather|none\n|-heal|p1a: Tapu Bulu|99\/100|[from] item: Leftovers\n|-heal|p1a: Tapu Bulu|100\/100|[from] Grassy Terrain\n|-heal|p2a: Celesteela|94\/100|[from] item: Leftovers\n|upkeep\n|turn|7\n|\n|move|p1a: Tapu Bulu|Bulk Up|p1a: Tapu Bulu\n|-boost|p1a: Tapu Bulu|atk|1\n|-boost|p1a: Tapu Bulu|def|1\n|move|p2a: Celesteela|Flamethrower|p1a: Tapu Bulu\n|-supereffective|p1a: Tapu Bulu\n|-damage|p1a: Tapu Bulu|70\/100\n|\n|-heal|p1a: Tapu Bulu|76\/100|[from] item: Leftovers\n|-heal|p1a: Tapu Bulu|82\/100|[from] Grassy Terrain\n|-heal|p2a: Celesteela|100\/100|[from] item: Leftovers\n|upkeep\n|turn|8\n|\n|switch|p2a: Excadrill|Excadrill, M, shiny|100\/100\n|-damage|p2a: Excadrill|97\/100|[from] Stealth Rock\n|move|p1a: Tapu Bulu|Protect||[still]\n|-fail|p1a: Tapu Bulu\n|\n|-heal|p2a: Excadrill|100\/100|[from] Grassy Terrain\n|-heal|p1a: Tapu Bulu|88\/100|[from] item: Leftovers\n|-heal|p1a: Tapu Bulu|94\/100|[from] Grassy Terrain\n|upkeep\n|turn|9\n|\n|-zpower|p2a: Excadrill\n|move|p2a: Excadrill|Corkscrew Crash|p1a: Tapu Bulu|[zeffect]\n|-supereffective|p1a: Tapu Bulu\n|-damage|p1a: Tapu Bulu|12\/100\n|move|p1a: Tapu Bulu|Superpower|p2a: Excadrill\n|-supereffective|p2a: Excadrill\n|-damage|p2a: Excadrill|0 fnt\n|-unboost|p1a: Tapu Bulu|atk|1\n|-unboost|p1a: Tapu Bulu|def|1\n|faint|p2a: Excadrill\n|\n|-heal|p1a: Tapu Bulu|18\/100|[from] item: Leftovers\n|-heal|p1a: Tapu Bulu|24\/100|[from] Grassy Terrain\n|-fieldend|move: Grassy Terrain\n|upkeep\n|\n|switch|p2a: Tapu Koko|Tapu Koko|94\/100 brn\n|-damage|p2a: Tapu Koko|82\/100 brn|[from] Stealth Rock\n|-fieldstart|move: Electric Terrain|[from] ability: Electric Surge|[of] p2a: Tapu Koko\n|turn|10\n|\n|move|p2a: Tapu Koko|Dazzling Gleam|p1a: Tapu Bulu\n|-damage|p1a: Tapu Bulu|0 fnt\n|faint|p1a: Tapu Bulu\n|\n|-damage|p2a: Tapu Koko|76\/100 brn|[from] brn\n|upkeep\n|\n|switch|p1a: Rotom|Rotom-Wash|44\/100\n|-damage|p1a: Rotom|32\/100|[from] Stealth Rock\n|turn|11\n|\n|move|p2a: Tapu Koko|Thunderbolt|p1a: Rotom\n|-damage|p1a: Rotom|0 fnt\n|faint|p1a: Rotom\n|\n|-damage|p2a: Tapu Koko|70\/100 brn|[from] brn\n|upkeep\n|\n|switch|p1a: Charizard|Charizard, F|100\/100\n|-damage|p1a: Charizard|51\/100|[from] Stealth Rock\n|turn|12\n|\n|detailschange|p1a: Charizard|Charizard-Mega-X, F\n|-mega|p1a: Charizard|Charizard|Charizardite X\n|move|p2a: Tapu Koko|Volt Switch|p1a: Charizard\n|-resisted|p1a: Charizard\n|-damage|p1a: Charizard|20\/100\n|\n|switch|p2a: Hippowdon|Hippowdon, M|100\/100\n|-damage|p2a: Hippowdon|94\/100|[from] Stealth Rock\n|-weather|Sandstorm|[from] ability: Sand Stream|[of] p2a: Hippowdon\n|move|p1a: Charizard|Roost|p1a: Charizard\n|-heal|p1a: Charizard|71\/100\n|-singleturn|p1a: Charizard|move: Roost\n|\n|-weather|Sandstorm|[upkeep]\n|-damage|p1a: Charizard|64\/100|[from] Sandstorm\n|upkeep\n|turn|13\n|\n|switch|p1a: Kartana|Kartana|100\/100\n|-damage|p1a: Kartana|94\/100|[from] Stealth Rock\n|move|p2a: Hippowdon|Toxic|p1a: Kartana\n|-immune|p1a: Kartana\n|\n|-weather|Sandstorm|[upkeep]\n|upkeep\n|turn|14\n|\n|switch|p2a: Celesteela|Celesteela|100\/100\n|-damage|p2a: Celesteela|88\/100|[from] Stealth Rock\n|move|p1a: Kartana|Knock Off|p2a: Celesteela\n|-damage|p2a: Celesteela|34\/100\n|-enditem|p2a: Celesteela|Leftovers|[from] move: Knock Off|[of] p1a: Kartana\n|\n|-weather|Sandstorm|[upkeep]\n|-fieldend|move: Electric Terrain\n|upkeep\n|turn|15\n|\n|move|p1a: Kartana|Knock Off|p2a: Celesteela\n|-damage|p2a: Celesteela|0 fnt\n|faint|p2a: Celesteela\n|-ability|p1a: Kartana|Beast Boost|boost\n|-boost|p1a: Kartana|atk|1\n|\n|-weather|Sandstorm|[upkeep]\n|upkeep\n|\n|switch|p2a: Tapu Koko|Tapu Koko|70\/100 brn\n|-damage|p2a: Tapu Koko|58\/100 brn|[from] Stealth Rock\n|-fieldstart|move: Electric Terrain|[from] ability: Electric Surge|[of] p2a: Tapu Koko\n|turn|16\n|\n|move|p2a: Tapu Koko|Volt Switch|p1a: Kartana\n|-resisted|p1a: Kartana\n|-damage|p1a: Kartana|19\/100\n|\n|switch|p2a: Hippowdon|Hippowdon, M|94\/100\n|-damage|p2a: Hippowdon|88\/100|[from] Stealth Rock\n|move|p1a: Kartana|Knock Off|p2a: Hippowdon\n|-damage|p2a: Hippowdon|34\/100\n|-damage|p1a: Kartana|3\/100|[from] item: Rocky Helmet|[of] p2a: Hippowdon\n|-enditem|p2a: Hippowdon|Rocky Helmet|[from] move: Knock Off|[of] p1a: Kartana\n|\n|-weather|none\n|upkeep\n|turn|17\n|\n|move|p1a: Kartana|Knock Off|p2a: Hippowdon\n|-damage|p2a: Hippowdon|0 fnt\n|faint|p2a: Hippowdon\n|-ability|p1a: Kartana|Beast Boost|boost\n|-boost|p1a: Kartana|atk|1\n|\n|upkeep\n|\n|switch|p2a: Tapu Koko|Tapu Koko|58\/100 brn\n|-damage|p2a: Tapu Koko|45\/100 brn|[from] Stealth Rock\n|turn|18\n|\n|move|p2a: Tapu Koko|Dazzling Gleam|p1a: Kartana\n|-resisted|p1a: Kartana\n|-damage|p1a: Kartana|0 fnt\n|faint|p1a: Kartana\n|\n|-damage|p2a: Tapu Koko|39\/100 brn|[from] brn\n|upkeep\n|\n|switch|p1a: Charizard|Charizard-Mega-X, F|64\/100\n|-damage|p1a: Charizard|40\/100|[from] Stealth Rock\n|turn|19\n|\n|move|p2a: Tapu Koko|Dazzling Gleam|p1a: Charizard\n|-damage|p1a: Charizard|0 fnt\n|faint|p1a: Charizard\n|\n|-damage|p2a: Tapu Koko|33\/100 brn|[from] brn\n|upkeep\n|\n|switch|p1a: Jirachi|Jirachi|60\/100\n|-damage|p1a: Jirachi|53\/100|[from] Stealth Rock\n|turn|20\n|\n|move|p2a: Tapu Koko|Volt Switch|p1a: Jirachi\n|-damage|p1a: Jirachi|24\/100\n|\n|switch|p2a: Sharpedo|Sharpedo, M|100\/100\n|-damage|p2a: Sharpedo|88\/100|[from] Stealth Rock\n|move|p1a: Jirachi|U-turn|p2a: Sharpedo\n|-supereffective|p2a: Sharpedo\n|-damage|p2a: Sharpedo|16\/100\n|\n|switch|p1a: Dragonite|Dragonite, F|100\/100\n|-damage|p1a: Dragonite|75\/100|[from] Stealth Rock\n|\n|-fieldend|move: Electric Terrain\n|upkeep\n|turn|21\n|\n|detailschange|p2a: Sharpedo|Sharpedo-Mega, M\n|-mega|p2a: Sharpedo|Sharpedo|Sharpedonite\n|move|p1a: Dragonite|Extreme Speed|p2a: Sharpedo\n|-damage|p2a: Sharpedo|0 fnt\n|faint|p2a: Sharpedo\n|\n|upkeep\n|\n|switch|p2a: Tapu Koko|Tapu Koko|33\/100 brn\n|-damage|p2a: Tapu Koko|21\/100 brn|[from] Stealth Rock\n|-fieldstart|move: Electric Terrain|[from] ability: Electric Surge|[of] p2a: Tapu Koko\n|turn|22\n|\n|move|p1a: Dragonite|Extreme Speed|p2a: Tapu Koko\n|-damage|p2a: Tapu Koko|0 fnt\n|faint|p2a: Tapu Koko\n|\n|upkeep\n|\n|switch|p2a: Hawlucha|Hawlucha, M|100\/100\n|-enditem|p2a: Hawlucha|Electric Seed\n|-boost|p2a: Hawlucha|def|1\n|-damage|p2a: Hawlucha|88\/100|[from] Stealth Rock\n|turn|23\n|\n|move|p2a: Hawlucha|Acrobatics|p1a: Dragonite\n|-damage|p1a: Dragonite|28\/100\n|-zpower|p1a: Dragonite\n|move|p1a: Dragonite|Supersonic Skystrike|p2a: Hawlucha|[zeffect]\n|-supereffective|p2a: Hawlucha\n|-damage|p2a: Hawlucha|0 fnt\n|faint|p2a: Hawlucha\n|\n|win|Blackchess\n|raw|Blackchess's rating: 1707 &rarr; <strong>1724<\/strong><br \/>(+17 for winning)\n|raw|uuuuiiii's rating: 1657 &rarr; <strong>1640<\/strong><br \/>(-17 for losing)\n","uploadtime":1548320544,"views":6,"p1id":"blackchess","p2id":"uuuuiiii","formatid":"gen7ou","rating":1640,"private":0,"password":null}