{"id":"gen71v1-1593725814","p1":"King Neodude","p2":"mekki the poison","format":"gen71v1","log":"|j|\u2606King Neodude\n|j|\u2606mekki the poison\n|inactive|Battle timer is ON: inactive players will automatically lose when time's up.\n|t:|1654909060\n|gametype|singles\n|player|p1|King Neodude|colress|\n|player|p2|mekki the poison|1|\n|teamsize|p1|1\n|teamsize|p2|1\n|gen|7\n|tier|[Gen 7] 1v1\n|rated|Tournament battle\n|rule|Species Clause: Limit one of each Pok\u00e9mon\n|rule|OHKO Clause: OHKO moves are banned\n|rule|Swagger Clause: Swagger is banned\n|rule|Evasion Moves Clause: Evasion moves are banned\n|rule|Accuracy Moves Clause: Accuracy-lowering moves are banned\n|rule|HP Percentage Mod: HP is shown in percentages\n|rule|Endless Battle Clause: Forcing endless battles is banned\n|clearpoke\n|poke|p1|Chansey, F|item\n|poke|p2|Chansey, F|item\n|teampreview|1\n|inactive|mekki the poison also wants the timer to be on.\n|raw|<div class=\"broadcast-red\"><strong>Moderated chat was set to +!<\/strong><br \/>Only users of rank + and higher can talk.<\/div>\n|c|\u2606King Neodude|glhf\n|j|%Mathy \u25c9\u203f\u25c9\n|\n|t:|1654909076\n|start\n|switch|p1a: Chansey|Chansey, F|100\/100\n|switch|p2a: Chansey|Chansey, F|100\/100\n|turn|1\n|\n|t:|1654909091\n|move|p1a: Chansey|Body Slam|p2a: Chansey\n|-damage|p2a: Chansey|84\/100\n|move|p2a: Chansey|Power-Up Punch|p1a: Chansey\n|-supereffective|p1a: Chansey\n|-damage|p1a: Chansey|89\/100\n|-boost|p2a: Chansey|atk|1\n|\n|upkeep\n|turn|2\n|\n|t:|1654909098\n|move|p1a: Chansey|Body Slam|p2a: Chansey\n|-damage|p2a: Chansey|68\/100\n|-status|p2a: Chansey|par\n|move|p2a: Chansey|Body Slam|p1a: Chansey\n|-damage|p1a: Chansey|63\/100\n|-status|p1a: Chansey|par\n|\n|upkeep\n|turn|3\n|\n|t:|1654909104\n|cant|p2a: Chansey|par\n|move|p1a: Chansey|Power-Up Punch|p2a: Chansey\n|-supereffective|p2a: Chansey\n|-damage|p2a: Chansey|58\/100 par\n|-boost|p1a: Chansey|atk|1\n|\n|upkeep\n|turn|4\n|\n|t:|1654909109\n|cant|p2a: Chansey|par\n|move|p1a: Chansey|Power-Up Punch|p2a: Chansey\n|-supereffective|p2a: Chansey\n|-damage|p2a: Chansey|43\/100 par\n|-boost|p1a: Chansey|atk|1\n|\n|upkeep\n|turn|5\n|\n|t:|1654909117\n|move|p1a: Chansey|Headbutt|p2a: Chansey\n|-damage|p2a: Chansey|13\/100 par\n|cant|p2a: Chansey|flinch\n|\n|upkeep\n|turn|6\n|\n|t:|1654909120\n|move|p2a: Chansey|Rest|p2a: Chansey\n|-status|p2a: Chansey|slp|[from] move: Rest\n|-heal|p2a: Chansey|100\/100 slp|[silent]\n|move|p1a: Chansey|Headbutt|p2a: Chansey\n|-damage|p2a: Chansey|75\/100 slp\n|\n|upkeep\n|turn|7\n|\n|t:|1654909125\n|cant|p2a: Chansey|slp\n|move|p1a: Chansey|Headbutt|p2a: Chansey\n|-damage|p2a: Chansey|48\/100 slp\n|\n|upkeep\n|turn|8\n|\n|t:|1654909130\n|cant|p2a: Chansey|slp\n|move|p1a: Chansey|Body Slam|p2a: Chansey\n|-damage|p2a: Chansey|13\/100 slp\n|\n|upkeep\n|turn|9\n|\n|t:|1654909135\n|-curestatus|p2a: Chansey|slp|[msg]\n|move|p2a: Chansey|Rest|p2a: Chansey\n|-status|p2a: Chansey|slp|[from] move: Rest\n|-heal|p2a: Chansey|100\/100 slp|[silent]\n|move|p1a: Chansey|Headbutt|p2a: Chansey\n|-damage|p2a: Chansey|73\/100 slp\n|\n|upkeep\n|turn|10\n|\n|t:|1654909138\n|cant|p2a: Chansey|slp\n|move|p1a: Chansey|Body Slam|p2a: Chansey\n|-damage|p2a: Chansey|40\/100 slp\n|\n|upkeep\n|turn|11\n|\n|t:|1654909143\n|cant|p2a: Chansey|slp\n|move|p1a: Chansey|Body Slam|p2a: Chansey\n|-damage|p2a: Chansey|3\/100 slp\n|\n|upkeep\n|turn|12\n|\n|t:|1654909149\n|-curestatus|p2a: Chansey|slp|[msg]\n|move|p2a: Chansey|Rest|p2a: Chansey\n|-status|p2a: Chansey|slp|[from] move: Rest\n|-heal|p2a: Chansey|100\/100 slp|[silent]\n|move|p1a: Chansey|Body Slam|p2a: Chansey\n|-crit|p2a: Chansey\n|-damage|p2a: Chansey|48\/100 slp\n|\n|upkeep\n|turn|13\n|\n|t:|1654909152\n|cant|p2a: Chansey|slp\n|move|p1a: Chansey|Body Slam|p2a: Chansey\n|-damage|p2a: Chansey|14\/100 slp\n|\n|upkeep\n|turn|14\n|\n|t:|1654909157\n|cant|p2a: Chansey|slp\n|move|p1a: Chansey|Body Slam|p2a: Chansey\n|-damage|p2a: Chansey|0 fnt\n|faint|p2a: Chansey\n|\n|win|King Neodude\n|n|\u2606King Neodude|kingneodude\n|n|\u2606mekki the poison|mekkithepoison\n|n|+Mathy \u25c9\u203f\u25c9|mathy\n","uploadtime":1654909158,"views":9,"p1id":"kingneodude","p2id":"mekkithepoison","formatid":"gen71v1","rating":0,"private":0,"password":null}