{"id":"gen7ou-765712522","p1":"HorizonWander36","p2":"BigL91","format":"gen7ou","log":"|j|\u2606HorizonWander36\n|j|\u2606BigL91\n|player|p1|HorizonWander36|66\n|player|p2|BigL91|135\n|teamsize|p1|6\n|teamsize|p2|6\n|gametype|singles\n|gen|7\n|tier|[Gen 7] OU\n|rated|\n|rule|Sleep Clause Mod: Limit one foe put to sleep\n|rule|Species Clause: Limit one of each Pok\u00e9mon\n|rule|OHKO Clause: OHKO moves are banned\n|rule|Moody Clause: Moody is banned\n|rule|Evasion Moves Clause: Evasion moves are banned\n|rule|Endless Battle Clause: Forcing endless battles is banned\n|rule|HP Percentage Mod: HP is shown in percentages\n|clearpoke\n|poke|p1|Gyarados, F|item\n|poke|p1|Smeargle, L1, F|item\n|poke|p1|Stakataka|item\n|poke|p1|Xurkitree|item\n|poke|p1|Celesteela|item\n|poke|p1|Magearna|item\n|poke|p2|Latias, F|item\n|poke|p2|Tornadus-Therian, M|item\n|poke|p2|Heatran, M|item\n|poke|p2|Toxapex, F|item\n|poke|p2|Tangrowth, F|item\n|poke|p2|Celesteela|item\n|teampreview\n|j| rotom's washed\n|\n|start\n|switch|p1a: Smeargle|Smeargle, L1, F|100\/100\n|switch|p2a: Tornadus|Tornadus-Therian, M|100\/100\n|turn|1\n|inactive|Battle timer is ON: inactive players will automatically lose when time's up. (requested by HorizonWander36)\n|\n|move|p2a: Tornadus|Hurricane|p1a: Smeargle|[miss]\n|-miss|p2a: Tornadus|p1a: Smeargle\n|move|p1a: Smeargle|Trick Room|p1a: Smeargle\n|-fieldstart|move: Trick Room|[of] p1a: Smeargle\n|\n|upkeep\n|turn|2\n|j| BobMackiesGown\n|\n|move|p1a: Smeargle|Endeavor|p2a: Tornadus\n|-damage|p2a: Tornadus|4\/100\n|-damage|p1a: Smeargle|84\/100|[from] item: Rocky Helmet|[of] p2a: Tornadus\n|move|p2a: Tornadus|Hurricane|p1a: Smeargle|[miss]\n|-miss|p2a: Tornadus|p1a: Smeargle\n|\n|upkeep\n|turn|3\n|\n|move|p1a: Smeargle|Dragon Rage|p2a: Tornadus\n|-damage|p2a: Tornadus|0 fnt\n|faint|p2a: Tornadus\n|\n|upkeep\n|inactive|BigL91 has 135 seconds left.\n|\n|switch|p2a: Toxapex|Toxapex, F|100\/100\n|turn|4\n|\n|move|p1a: Smeargle|Endeavor|p2a: Toxapex\n|-damage|p2a: Toxapex|4\/100\n|move|p2a: Toxapex|Scald|p1a: Smeargle\n|-damage|p1a: Smeargle|0 fnt\n|faint|p1a: Smeargle\n|\n|-heal|p2a: Toxapex|10\/100|[from] item: Black Sludge\n|upkeep\n|inactive|HorizonWander36 has 135 seconds left.\n|\n|switch|p1a: Xurkitree|Xurkitree|100\/100\n|turn|5\n|\n|switch|p2a: Tangrowth|Tangrowth, F|100\/100\n|move|p1a: Xurkitree|Thunderbolt|p2a: Tangrowth\n|-resisted|p2a: Tangrowth\n|-damage|p2a: Tangrowth|81\/100\n|\n|-fieldend|move: Trick Room\n|upkeep\n|turn|6\n|\n|move|p1a: Xurkitree|Tail Glow|p1a: Xurkitree\n|-boost|p1a: Xurkitree|spa|3\n|move|p2a: Tangrowth|Knock Off|p1a: Xurkitree\n|-damage|p1a: Xurkitree|75\/100\n|-enditem|p1a: Xurkitree|Focus Sash|[from] move: Knock Off|[of] p2a: Tangrowth\n|\n|upkeep\n|turn|7\n|\n|move|p1a: Xurkitree|Hidden Power|p2a: Tangrowth\n|-supereffective|p2a: Tangrowth\n|-damage|p2a: Tangrowth|0 fnt\n|faint|p2a: Tangrowth\n|-ability|p1a: Xurkitree|Beast Boost|boost\n|-boost|p1a: Xurkitree|spa|1\n|\n|upkeep\n|\n|switch|p2a: Heatran|Heatran, M|100\/100\n|turn|8\n|\n|move|p2a: Heatran|Earth Power|p1a: Xurkitree\n|-supereffective|p1a: Xurkitree\n|-damage|p1a: Xurkitree|8\/100\n|move|p1a: Xurkitree|Thunderbolt|p2a: Heatran\n|-damage|p2a: Heatran|0 fnt\n|faint|p2a: Heatran\n|-ability|p1a: Xurkitree|Beast Boost|boost\n|-boost|p1a: Xurkitree|spa|1\n|\n|upkeep\n|\n|switch|p2a: Latias|Latias, F|100\/100\n|turn|9\n|\n|detailschange|p2a: Latias|Latias-Mega, F\n|-mega|p2a: Latias|Latias|Latiasite\n|move|p2a: Latias|Ice Beam|p1a: Xurkitree\n|-damage|p1a: Xurkitree|0 fnt\n|faint|p1a: Xurkitree\n|\n|upkeep\n|inactive|HorizonWander36 has 135 seconds left.\n|\n|switch|p1a: Magearna|Magearna|100\/100\n|turn|10\n|inactive|BigL91 has 135 seconds left.\n|\n|switch|p2a: Celesteela|Celesteela|100\/100\n|move|p1a: Magearna|Ice Beam|p2a: Celesteela\n|-damage|p2a: Celesteela|77\/100\n|\n|-heal|p2a: Celesteela|83\/100|[from] item: Leftovers\n|upkeep\n|turn|11\n|\n|move|p2a: Celesteela|Leech Seed|p1a: Magearna|[miss]\n|-miss|p2a: Celesteela|p1a: Magearna\n|move|p1a: Magearna|Thunderbolt|p2a: Celesteela\n|-supereffective|p2a: Celesteela\n|-damage|p2a: Celesteela|30\/100\n|\n|-heal|p2a: Celesteela|36\/100|[from] item: Leftovers\n|upkeep\n|turn|12\n|\n|move|p2a: Celesteela|Protect|p2a: Celesteela\n|-singleturn|p2a: Celesteela|Protect\n|move|p1a: Magearna|Thunderbolt|p2a: Celesteela\n|-activate|p2a: Celesteela|move: Protect\n|\n|-heal|p2a: Celesteela|42\/100|[from] item: Leftovers\n|upkeep\n|turn|13\n|\n|move|p2a: Celesteela|Flamethrower|p1a: Magearna\n|-supereffective|p1a: Magearna\n|-damage|p1a: Magearna|66\/100\n|move|p1a: Magearna|Thunderbolt|p2a: Celesteela\n|-supereffective|p2a: Celesteela\n|-damage|p2a: Celesteela|0 fnt\n|faint|p2a: Celesteela\n|-ability|p1a: Magearna|Soul-Heart|boost\n|-boost|p1a: Magearna|spa|1\n|\n|upkeep\n|\n|switch|p2a: Latias|Latias-Mega, F|100\/100\n|turn|14\n|\n|move|p2a: Latias|Calm Mind|p2a: Latias\n|-boost|p2a: Latias|spa|1\n|-boost|p2a: Latias|spd|1\n|move|p1a: Magearna|Ice Beam|p2a: Latias\n|-supereffective|p2a: Latias\n|-damage|p2a: Latias|55\/100\n|\n|upkeep\n|turn|15\n|\n|move|p2a: Latias|Calm Mind|p2a: Latias\n|-boost|p2a: Latias|spa|1\n|-boost|p2a: Latias|spd|1\n|move|p1a: Magearna|Trick Room|p1a: Magearna\n|-fieldstart|move: Trick Room|[of] p1a: Magearna\n|\n|upkeep\n|turn|16\n|\n|move|p1a: Magearna|Ice Beam|p2a: Latias\n|-supereffective|p2a: Latias\n|-damage|p2a: Latias|21\/100\n|move|p2a: Latias|Recover|p2a: Latias\n|-heal|p2a: Latias|71\/100\n|\n|upkeep\n|turn|17\n|\n|switch|p1a: Stakataka|Stakataka|100\/100\n|move|p2a: Latias|Recover|p2a: Latias\n|-heal|p2a: Latias|100\/100\n|\n|upkeep\n|turn|18\n|\n|move|p1a: Stakataka|Gyro Ball|p2a: Latias\n|-damage|p2a: Latias|35\/100\n|move|p2a: Latias|Thunderbolt|p1a: Stakataka\n|-crit|p1a: Stakataka\n|-damage|p1a: Stakataka|14\/100\n|-status|p1a: Stakataka|par\n|\n|upkeep\n|turn|19\n|\n|switch|p2a: Toxapex|Toxapex, F|43\/100\n|move|p1a: Stakataka|Earthquake|p2a: Toxapex\n|-supereffective|p2a: Toxapex\n|-damage|p2a: Toxapex|0 fnt\n|faint|p2a: Toxapex\n|-ability|p1a: Stakataka|Beast Boost|boost\n|-boost|p1a: Stakataka|atk|1\n|\n|-fieldend|move: Trick Room\n|upkeep\n|\n|switch|p2a: Latias|Latias-Mega, F|35\/100\n|turn|20\n|\n|move|p2a: Latias|Thunderbolt|p1a: Stakataka\n|-damage|p1a: Stakataka|0 fnt\n|faint|p1a: Stakataka\n|\n|upkeep\n|\n|switch|p1a: Magearna|Magearna|66\/100\n|turn|21\n|\n|move|p2a: Latias|Recover|p2a: Latias\n|-heal|p2a: Latias|85\/100\n|move|p1a: Magearna|Trick Room|p1a: Magearna\n|-fieldstart|move: Trick Room|[of] p1a: Magearna\n|\n|upkeep\n|turn|22\n|\n|switch|p1a: Gyarados|Gyarados, F, shiny|100\/100\n|move|p2a: Latias|Calm Mind|p2a: Latias\n|-boost|p2a: Latias|spa|1\n|-boost|p2a: Latias|spd|1\n|\n|upkeep\n|turn|23\n|\n|detailschange|p1a: Gyarados|Gyarados-Mega, F, shiny\n|-mega|p1a: Gyarados|Gyarados|Gyaradosite\n|-ability|p1a: Gyarados|Mold Breaker\n|move|p1a: Gyarados|Crunch|p2a: Latias\n|-supereffective|p2a: Latias\n|-damage|p2a: Latias|9\/100\n|move|p2a: Latias|Thunderbolt|p1a: Gyarados\n|-supereffective|p1a: Gyarados\n|-damage|p1a: Gyarados|46\/100\n|\n|upkeep\n|turn|24\n|l| BobMackiesGown\n|inactive|HorizonWander36 has 135 seconds left.\n|\n|move|p1a: Gyarados|Crunch|p2a: Latias\n|-supereffective|p2a: Latias\n|-damage|p2a: Latias|0 fnt\n|faint|p2a: Latias\n|\n|win|HorizonWander36\n|raw|HorizonWander36's rating: 1708 &rarr; <strong>1731<\/strong><br \/>(+23 for winning)\n|raw|BigL91's rating: 1745 &rarr; <strong>1723<\/strong><br \/>(-22 for losing)\n","inputlog":null,"uploadtime":1529618283,"views":5,"p1id":"horizonwander36","p2id":"bigl91","formatid":"gen7ou","rating":1723,"private":0,"password":null}