{"id":"gen7ou-700474111","p1":"Toxabelle","p2":"Ken kirihara","format":"gen7ou","log":"|raw|<div class=\"broadcast-red\"><strong>This battle is invite-only!<\/strong><br \/>Users must be rank + or invited with <code>\/invite<\/code> to join<\/div>\n|j|\u2606Toxabelle\n|j|\u2606Ken kirihara\n|player|p1|Toxabelle|101\n|player|p2|Ken kirihara|1\n|teamsize|p1|6\n|teamsize|p2|6\n|gametype|singles\n|gen|7\n|tier|[Gen 7] OU\n|rule|Sleep Clause Mod: Limit one foe put to sleep\n|rule|Species Clause: Limit one of each Pok\u00e9mon\n|rule|OHKO Clause: OHKO moves are banned\n|rule|Moody Clause: Moody is banned\n|rule|Evasion Moves Clause: Evasion moves are banned\n|rule|Endless Battle Clause: Forcing endless battles is banned\n|rule|HP Percentage Mod: HP is shown in percentages\n|clearpoke\n|poke|p1|Scizor, F|item\n|poke|p1|Greninja, M|item\n|poke|p1|Gengar, M|item\n|poke|p1|Blacephalon|item\n|poke|p1|Mimikyu, F|item\n|poke|p1|Landorus-Therian, M|item\n|poke|p2|Tapu Fini|item\n|poke|p2|Tapu Koko|item\n|poke|p2|Hawlucha, M|item\n|poke|p2|Charizard, M|item\n|poke|p2|Kartana|item\n|poke|p2|Landorus-Therian, M|item\n|teampreview\n|c|\u2606Toxabelle|hf\n|c|\u2606Ken kirihara|gl hf\n|\n|start\n|switch|p1a: Gengar|Gengar, M|100\/100\n|switch|p2a: claymor3|Tapu Koko|100\/100\n|-fieldstart|move: Electric Terrain|[from] ability: Electric Surge|[of] p2a: claymor3\n|turn|1\n|\n|move|p2a: claymor3|Light Screen|p2a: claymor3\n|-sidestart|p2: Ken kirihara|move: Light Screen\n|move|p1a: Gengar|Destiny Bond|p1a: Gengar\n|-singlemove|p1a: Gengar|Destiny Bond\n|\n|upkeep\n|turn|2\n|\n|move|p2a: claymor3|Reflect|p2a: claymor3\n|-sidestart|p2: Ken kirihara|Reflect\n|move|p1a: Gengar|Shadow Ball|p2a: claymor3\n|-damage|p2a: claymor3|74\/100\n|\n|upkeep\n|turn|3\n|c|\u2606Toxabelle|do i lose\n|\n|switch|p2a: mexican dancer|Hawlucha, M|100\/100\n|-enditem|p2a: mexican dancer|Electric Seed\n|-boost|p2a: mexican dancer|def|1\n|move|p1a: Gengar|Shadow Ball|p2a: mexican dancer\n|-damage|p2a: mexican dancer|70\/100\n|\n|upkeep\n|turn|4\n|c|\u2606Ken kirihara|probably\n|\n|move|p2a: mexican dancer|Swords Dance|p2a: mexican dancer\n|-boost|p2a: mexican dancer|atk|2\n|move|p1a: Gengar|Shadow Ball|p2a: mexican dancer\n|-damage|p2a: mexican dancer|41\/100\n|\n|upkeep\n|turn|5\n|\n|move|p2a: mexican dancer|Acrobatics|p1a: Gengar\n|-enditem|p1a: Gengar|Focus Sash\n|-damage|p1a: Gengar|1\/100\n|-start|p2a: mexican dancer|Disable|Acrobatics|[from] ability: Cursed Body|[of] p1a: Gengar\n|move|p1a: Gengar|Shadow Ball|p2a: mexican dancer\n|-damage|p2a: mexican dancer|12\/100\n|\n|-fieldend|move: Electric Terrain\n|upkeep\n|turn|6\n|\n|move|p2a: mexican dancer|Stone Edge|p1a: Gengar|[miss]\n|-miss|p2a: mexican dancer|p1a: Gengar\n|move|p1a: Gengar|Shadow Ball|p2a: mexican dancer\n|-damage|p2a: mexican dancer|0 fnt\n|faint|p2a: mexican dancer\n|\n|upkeep\n|c|\u2606Toxabelle|lol\n|c|\u2606Ken kirihara|thats\n|c|\u2606Toxabelle|sry bro\n|c|\u2606Ken kirihara|so dumb\n|\n|switch|p2a: cookie cutter|Kartana|100\/100\n|turn|7\n|c|\u2606Toxabelle|yeah very lame\n|\n|move|p2a: cookie cutter|Leaf Blade|p1a: Gengar\n|-resisted|p1a: Gengar\n|-damage|p1a: Gengar|0 fnt\n|faint|p1a: Gengar\n|-ability|p2a: cookie cutter|Beast Boost|boost\n|-boost|p2a: cookie cutter|atk|1\n|\n|upkeep\n|\n|switch|p1a: Scizor|Scizor, F|100\/100\n|turn|8\n|\n|switch|p2a: im also z|Tapu Fini|100\/100\n|-fieldstart|move: Misty Terrain|[from] ability: Misty Surge|[of] p2a: im also z\n|-mega|p1a: Scizor|Scizor|Scizorite\n|detailschange|p1a: Scizor|Scizor-Mega, F\n|move|p1a: Scizor|Knock Off|p2a: im also z\n|-resisted|p2a: im also z\n|-damage|p2a: im also z|95\/100\n|\n|-sideend|p2: Ken kirihara|move: Light Screen\n|upkeep\n|turn|9\n|\n|switch|p1a: Blacephalon|Blacephalon|100\/100\n|move|p2a: im also z|Calm Mind|p2a: im also z\n|-boost|p2a: im also z|spa|1\n|-boost|p2a: im also z|spd|1\n|\n|-sideend|p2: Ken kirihara|Reflect\n|upkeep\n|turn|10\n|c|\u2606Ken kirihara|wait\n|c|\u2606Ken kirihara|this wins\n|c|\u2606Ken kirihara|L\n|\n|-zpower|p1a: Blacephalon\n|move|p1a: Blacephalon|Never-Ending Nightmare|p2a: im also z|[zeffect]\n|-damage|p2a: im also z|44\/100\n|-zpower|p2a: im also z\n|move|p2a: im also z|Hydro Vortex|p1a: Blacephalon|[zeffect]\n|-supereffective|p1a: Blacephalon\n|-crit|p1a: Blacephalon\n|-damage|p1a: Blacephalon|0 fnt\n|faint|p1a: Blacephalon\n|\n|upkeep\n|\n|switch|p1a: Scizor|Scizor-Mega, F|100\/100\n|turn|11\n|\n|move|p2a: im also z|Hidden Power|p1a: Scizor\n|-supereffective|p1a: Scizor\n|-damage|p1a: Scizor|1\/100\n|move|p1a: Scizor|Swords Dance|p1a: Scizor\n|-boost|p1a: Scizor|atk|2\n|\n|upkeep\n|turn|12\n|c|\u2606Ken kirihara|oof\n|\n|move|p1a: Scizor|Bullet Punch|p2a: im also z\n|-damage|p2a: im also z|0 fnt\n|faint|p2a: im also z\n|\n|-fieldend|Misty Terrain\n|upkeep\n|\n|switch|p2a: cookie cutter|Kartana|100\/100\n|turn|13\n|\n|move|p1a: Scizor|Bullet Punch|p2a: cookie cutter\n|-resisted|p2a: cookie cutter\n|-damage|p2a: cookie cutter|67\/100\n|move|p2a: cookie cutter|Leaf Blade|p1a: Scizor\n|-resisted|p1a: Scizor\n|-damage|p1a: Scizor|0 fnt\n|faint|p1a: Scizor\n|-ability|p2a: cookie cutter|Beast Boost|boost\n|-boost|p2a: cookie cutter|atk|1\n|\n|upkeep\n|\n|switch|p1a: Landorus|Landorus-Therian, M|100\/100\n|-ability|p1a: Landorus|Intimidate|boost\n|-unboost|p2a: cookie cutter|atk|1\n|turn|14\n|\n|switch|p2a: im z|Landorus-Therian, M|100\/100\n|-ability|p2a: im z|Intimidate|boost\n|-unboost|p1a: Landorus|atk|1\n|move|p1a: Landorus|Stealth Rock|p2a: im z\n|-sidestart|p2: Ken kirihara|move: Stealth Rock\n|\n|upkeep\n|turn|15\n|\n|move|p2a: im z|Swords Dance|p2a: im z\n|-boost|p2a: im z|atk|2\n|move|p1a: Landorus|Hidden Power|p2a: im z\n|-supereffective|p2a: im z\n|-damage|p2a: im z|29\/100\n|\n|upkeep\n|turn|16\n|\n|move|p2a: im z|Stone Edge|p1a: Landorus|[miss]\n|-miss|p2a: im z|p1a: Landorus\n|move|p1a: Landorus|U-turn|p2a: im z\n|-resisted|p2a: im z\n|-damage|p2a: im z|20\/100\n|\n|switch|p1a: Greninja|Greninja, M|100\/100\n|\n|upkeep\n|turn|17\n|c|\u2606Ken kirihara|so ufcking lucky\n|c|\u2606Toxabelle|it was over anyways\n|\n|move|p1a: Greninja|Water Shuriken|p2a: im z\n|-supereffective|p2a: im z\n|-damage|p2a: im z|0 fnt\n|-hitcount|p2a: im z|1\n|faint|p2a: im z\n|-activate|p1a: Greninja|ability: Battle Bond\n|detailschange|p1a: Greninja|Greninja-Ash, M\n|\n|upkeep\n|c|\u2606Toxabelle|at that point\n|c|\u2606Ken kirihara|no\n|c|\u2606Ken kirihara|i won\n|c|\u2606Ken kirihara|100%\n|c|\u2606Toxabelle|if?\n|\n|switch|p2a: claymor3|Tapu Koko|74\/100\n|-damage|p2a: claymor3|61\/100|[from] Stealth Rock\n|-fieldstart|move: Electric Terrain|[from] ability: Electric Surge|[of] p2a: claymor3\n|turn|18\n|c|\u2606Toxabelle|u hit edge?\n|\n|move|p1a: Greninja|Water Shuriken|p2a: claymor3\n|-damage|p2a: claymor3|40\/100\n|-damage|p2a: claymor3|19\/100\n|-damage|p2a: claymor3|0 fnt\n|-hitcount|p2a: claymor3|3\n|faint|p2a: claymor3\n|\n|upkeep\n|c|\u2606Toxabelle|this swept\n|c|\u2606Ken kirihara|oh\n|c|\u2606Ken kirihara|well true\n|c|\u2606Toxabelle|the other thin\n|c|\u2606Toxabelle|with lucha\n|c|\u2606Ken kirihara|i wish i hit hawl edge tho\n|c|\u2606Toxabelle|was gay\n|c|\u2606Ken kirihara|gg ig\n|-message|Ken kirihara forfeited.\n|\n|win|Toxabelle\n|l|\u2606Ken kirihara\n|c|\u2606Toxabelle|\/log Toxabelle made this room public.\n","inputlog":null,"uploadtime":1518016029,"views":32,"p1id":"toxabelle","p2id":"kenkirihara","formatid":"gen7ou","rating":0,"private":0,"password":null}