{"id":"gen7ou-935385828","p1":"ghecisbestvillain","p2":"Storm Zone","format":"gen7ou","log":"|j|\u2606ghecisbestvillain\n|j|\u2606Storm Zone\n|player|p1|ghecisbestvillain|87\n|player|p2|Storm Zone|zinnia\n|teamsize|p1|6\n|teamsize|p2|6\n|gametype|singles\n|gen|7\n|tier|[Gen 7] OU\n|rated|\n|rule|Sleep Clause Mod: Limit one foe put to sleep\n|rule|Species Clause: Limit one of each Pok\u00e9mon\n|rule|OHKO Clause: OHKO moves are banned\n|rule|Moody Clause: Moody is banned\n|rule|Evasion Moves Clause: Evasion moves are banned\n|rule|Endless Battle Clause: Forcing endless battles is banned\n|rule|HP Percentage Mod: HP is shown in percentages\n|clearpoke\n|poke|p1|Hawlucha, M|item\n|poke|p1|Clefable, F|item\n|poke|p1|Charizard, M|item\n|poke|p1|Tapu Koko|item\n|poke|p1|Magearna|item\n|poke|p1|Kyurem-Black|item\n|poke|p2|Abomasnow, M|item\n|poke|p2|Kyurem|item\n|poke|p2|Victini|item\n|poke|p2|Rhyperior, M|item\n|poke|p2|Azumarill, M|item\n|poke|p2|Skarmory, M|item\n|teampreview\n|inactive|Battle timer is ON: inactive players will automatically lose when time's up. (requested by ghecisbestvillain)\n|\n|start\n|switch|p1a: Tapu Koko|Tapu Koko|100\/100\n|switch|p2a: Kyotaro|Kyurem, shiny|100\/100\n|-ability|p2a: Kyotaro|Pressure\n|-fieldstart|move: Electric Terrain|[from] ability: Electric Surge|[of] p1a: Tapu Koko\n|turn|1\n|\n|move|p2a: Kyotaro|Earth Power|p1a: Tapu Koko\n|-supereffective|p1a: Tapu Koko\n|-damage|p1a: Tapu Koko|0 fnt\n|faint|p1a: Tapu Koko\n|\n|upkeep\n|\n|switch|p1a: Charizard|Charizard, M|100\/100\n|turn|2\n|\n|switch|p2a: Raptor|Skarmory, M|100\/100\n|move|p1a: Charizard|Dragon Dance|p1a: Charizard\n|-boost|p1a: Charizard|atk|1\n|-boost|p1a: Charizard|spe|1\n|\n|upkeep\n|turn|3\n|\n|detailschange|p1a: Charizard|Charizard-Mega-X, M\n|-mega|p1a: Charizard|Charizard|Charizardite X\n|move|p1a: Charizard|Fire Punch|p2a: Raptor\n|-supereffective|p2a: Raptor\n|-ability|p2a: Raptor|Sturdy\n|-damage|p2a: Raptor|1\/100\n|move|p2a: Raptor|Counter|p1a: Charizard\n|-damage|p1a: Charizard|0 fnt\n|faint|p1a: Charizard\n|\n|upkeep\n|\n|switch|p1a: Hawlucha|Hawlucha, M|100\/100\n|-enditem|p1a: Hawlucha|Electric Seed\n|-boost|p1a: Hawlucha|def|1\n|turn|4\n|\n|move|p1a: Hawlucha|Swords Dance|p1a: Hawlucha\n|-boost|p1a: Hawlucha|atk|2\n|move|p2a: Raptor|Roost|p2a: Raptor\n|-heal|p2a: Raptor|51\/100\n|-singleturn|p2a: Raptor|move: Roost\n|\n|upkeep\n|turn|5\n|\n|move|p1a: Hawlucha|Rock Slide|p2a: Raptor\n|-damage|p2a: Raptor|23\/100\n|move|p2a: Raptor|Roost|p2a: Raptor\n|-heal|p2a: Raptor|73\/100\n|-singleturn|p2a: Raptor|move: Roost\n|\n|-fieldend|move: Electric Terrain\n|upkeep\n|turn|6\n|\n|move|p1a: Hawlucha|Rock Slide|p2a: Raptor\n|-damage|p2a: Raptor|45\/100\n|move|p2a: Raptor|Counter|p1a: Hawlucha\n|-damage|p1a: Hawlucha|38\/100\n|\n|upkeep\n|turn|7\n|\n|move|p1a: Hawlucha|Drain Punch|p2a: Raptor\n|-damage|p2a: Raptor|3\/100\n|-heal|p1a: Hawlucha|61\/100|[from] drain|[of] p2a: Raptor\n|move|p2a: Raptor|Roost|p2a: Raptor\n|-heal|p2a: Raptor|53\/100\n|-singleturn|p2a: Raptor|move: Roost\n|\n|upkeep\n|turn|8\n|\n|move|p1a: Hawlucha|Rock Slide|p2a: Raptor\n|-damage|p2a: Raptor|27\/100\n|move|p2a: Raptor|Counter|p1a: Hawlucha\n|-damage|p1a: Hawlucha|3\/100\n|\n|upkeep\n|turn|9\n|\n|move|p1a: Hawlucha|Drain Punch|p2a: Raptor\n|-damage|p2a: Raptor|0 fnt\n|-heal|p1a: Hawlucha|18\/100|[from] drain|[of] p2a: Raptor\n|faint|p2a: Raptor\n|\n|upkeep\n|\n|switch|p2a: Izo|Abomasnow, M, shiny|100\/100\n|-weather|Hail|[from] ability: Snow Warning|[of] p2a: Izo\n|turn|10\n|\n|detailschange|p2a: Izo|Abomasnow-Mega, M, shiny\n|-mega|p2a: Izo|Abomasnow|Abomasite\n|move|p2a: Izo|Ice Shard|p1a: Hawlucha\n|-supereffective|p1a: Hawlucha\n|-damage|p1a: Hawlucha|0 fnt\n|faint|p1a: Hawlucha\n|\n|-weather|Hail|[upkeep]\n|upkeep\n|\n|switch|p1a: Magearna|Magearna|100\/100\n|turn|11\n|\n|move|p1a: Magearna|Shift Gear|p1a: Magearna\n|-boost|p1a: Magearna|spe|2\n|-boost|p1a: Magearna|atk|1\n|move|p2a: Izo|Earthquake|p1a: Magearna\n|-supereffective|p1a: Magearna\n|-damage|p1a: Magearna|31\/100\n|\n|-weather|Hail|[upkeep]\n|-damage|p1a: Magearna|25\/100|[from] Hail\n|upkeep\n|turn|12\n|\n|switch|p2a: Victor|Victini|100\/100\n|move|p1a: Magearna|Iron Head|p2a: Victor\n|-resisted|p2a: Victor\n|-damage|p2a: Victor|75\/100\n|\n|-weather|Hail|[upkeep]\n|-damage|p1a: Magearna|19\/100|[from] Hail\n|-damage|p2a: Victor|69\/100|[from] Hail\n|upkeep\n|turn|13\n|\n|move|p1a: Magearna|Iron Head|p2a: Victor\n|-resisted|p2a: Victor\n|-damage|p2a: Victor|42\/100\n|move|p2a: Victor|V-create|p1a: Magearna\n|-supereffective|p1a: Magearna\n|-damage|p1a: Magearna|0 fnt\n|-unboost|p2a: Victor|spe|1\n|-unboost|p2a: Victor|def|1\n|-unboost|p2a: Victor|spd|1\n|faint|p1a: Magearna\n|\n|-weather|Hail|[upkeep]\n|-damage|p2a: Victor|36\/100|[from] Hail\n|upkeep\n|\n|switch|p1a: Clefable|Clefable, F|100\/100\n|turn|14\n|\n|switch|p2a: Torrent|Azumarill, M|100\/100\n|move|p1a: Clefable|Cosmic Power|p1a: Clefable\n|-boost|p1a: Clefable|def|1\n|-boost|p1a: Clefable|spd|1\n|\n|-weather|none\n|upkeep\n|turn|15\n|\n|move|p1a: Clefable|Charge Beam|p2a: Torrent\n|-supereffective|p2a: Torrent\n|-damage|p2a: Torrent|85\/100\n|-boost|p1a: Clefable|spa|1\n|move|p2a: Torrent|Whirlpool|p1a: Clefable\n|-damage|p1a: Clefable|96\/100\n|-activate|p1a: Clefable|move: Whirlpool|[of] p2a: Torrent\n|\n|-heal|p1a: Clefable|100\/100|[from] item: Leftovers\n|-heal|p2a: Torrent|91\/100|[from] item: Leftovers\n|upkeep\n|turn|16\n|\n|move|p1a: Clefable|Charge Beam|p2a: Torrent\n|-supereffective|p2a: Torrent\n|-damage|p2a: Torrent|69\/100\n|-boost|p1a: Clefable|spa|1\n|move|p2a: Torrent|Perish Song|p2a: Torrent\n|-start|p1a: Clefable|perish3|[silent]\n|-start|p2a: Torrent|perish3|[silent]\n|-fieldactivate|move: Perish Song\n|\n|-heal|p2a: Torrent|75\/100|[from] item: Leftovers\n|-start|p1a: Clefable|perish3\n|-start|p2a: Torrent|perish3\n|upkeep\n|turn|17\n|\n|move|p2a: Torrent|Protect|p2a: Torrent\n|-singleturn|p2a: Torrent|Protect\n|move|p1a: Clefable|Charge Beam|p2a: Torrent\n|-activate|p2a: Torrent|move: Protect\n|\n|-heal|p2a: Torrent|81\/100|[from] item: Leftovers\n|-start|p1a: Clefable|perish2\n|-start|p2a: Torrent|perish2\n|upkeep\n|turn|18\n|\n|move|p1a: Clefable|Charge Beam|p2a: Torrent\n|-supereffective|p2a: Torrent\n|-damage|p2a: Torrent|49\/100\n|-boost|p1a: Clefable|spa|1\n|move|p2a: Torrent|Whirlpool|p1a: Clefable|[miss]\n|-miss|p2a: Torrent|p1a: Clefable\n|\n|-heal|p2a: Torrent|55\/100|[from] item: Leftovers\n|-start|p1a: Clefable|perish1\n|-start|p2a: Torrent|perish1\n|upkeep\n|turn|19\n|\n|move|p2a: Torrent|Protect|p2a: Torrent\n|-singleturn|p2a: Torrent|Protect\n|move|p1a: Clefable|Stored Power|p2a: Torrent\n|-activate|p2a: Torrent|move: Protect\n|\n|-heal|p2a: Torrent|62\/100|[from] item: Leftovers\n|-start|p1a: Clefable|perish0\n|-start|p2a: Torrent|perish0\n|faint|p1a: Clefable\n|faint|p2a: Torrent\n|upkeep\n|\n|switch|p1a: Kyurem|Kyurem-Black|100\/100\n|switch|p2a: Kyotaro|Kyurem, shiny|100\/100\n|-ability|p2a: Kyotaro|Pressure\n|-ability|p1a: Kyurem|Teravolt\n|turn|20\n|\n|move|p2a: Kyotaro|Draco Meteor|p1a: Kyurem\n|-supereffective|p1a: Kyurem\n|-damage|p1a: Kyurem|0 fnt\n|-unboost|p2a: Kyotaro|spa|2\n|faint|p1a: Kyurem\n|\n|win|Storm Zone\n|l|\u2606ghecisbestvillain\n|l|\u2606Storm Zone\n","uploadtime":1561577075,"views":62,"p1id":"ghecisbestvillain","p2id":"stormzone","formatid":"gen7ou","rating":0,"private":0,"password":null}