{"id":"gen7ou-888752838","p1":"BigL91","p2":"burninfire","format":"gen7ou","log":"|j|\u2606BigL91\n|j|\u2606burninfire\n|player|p1|BigL91|135\n|player|p2|burninfire|101\n|teamsize|p1|6\n|teamsize|p2|6\n|gametype|singles\n|gen|7\n|tier|[Gen 7] OU\n|rated|\n|rule|Sleep Clause Mod: Limit one foe put to sleep\n|rule|Species Clause: Limit one of each Pok\u00e9mon\n|rule|OHKO Clause: OHKO moves are banned\n|rule|Moody Clause: Moody is banned\n|rule|Evasion Moves Clause: Evasion moves are banned\n|rule|Endless Battle Clause: Forcing endless battles is banned\n|rule|HP Percentage Mod: HP is shown in percentages\n|clearpoke\n|poke|p1|Kyurem-Black|item\n|poke|p1|Tapu Koko|item\n|poke|p1|Landorus-Therian, M|item\n|poke|p1|Heatran, M|item\n|poke|p1|Scizor, F|item\n|poke|p1|Chansey, F|item\n|poke|p2|Zygarde-10%|item\n|poke|p2|Keldeo-Resolute|item\n|poke|p2|Heatran, F|item\n|poke|p2|Rotom-Wash|item\n|poke|p2|Scizor, F|item\n|poke|p2|Landorus-Therian, M|item\n|teampreview\n|inactive|Battle timer is ON: inactive players will automatically lose when time's up. (requested by burninfire)\n|\n|start\n|switch|p1a: Kyurem|Kyurem-Black|100\/100\n|switch|p2a: Landorus|Landorus-Therian, M|100\/100\n|-ability|p2a: Landorus|Intimidate|boost\n|-unboost|p1a: Kyurem|atk|1\n|-ability|p1a: Kyurem|Teravolt\n|turn|1\n|\n|move|p2a: Landorus|U-turn|p1a: Kyurem\n|-damage|p1a: Kyurem|76\/100\n|\n|switch|p2a: Scizor|Scizor, F|100\/100\n|move|p1a: Kyurem|Ice Beam|p2a: Scizor\n|-resisted|p2a: Scizor\n|-damage|p2a: Scizor|85\/100\n|\n|upkeep\n|turn|2\n|\n|switch|p1a: Heatran|Heatran, M|100\/100\n|switch|p2a: Rotom|Rotom-Wash|100\/100\n|\n|upkeep\n|turn|3\n|\n|move|p1a: Heatran|Toxic|p2a: Rotom\n|-status|p2a: Rotom|tox\n|move|p2a: Rotom|Hydro Pump|p1a: Heatran\n|-supereffective|p1a: Heatran\n|-damage|p1a: Heatran|38\/100\n|\n|-heal|p1a: Heatran|44\/100|[from] item: Leftovers\n|-damage|p2a: Rotom|94\/100 tox|[from] psn\n|upkeep\n|turn|4\n|\n|move|p1a: Heatran|Protect|p1a: Heatran\n|-singleturn|p1a: Heatran|Protect\n|move|p2a: Rotom|Volt Switch|p1a: Heatran\n|-activate|p1a: Heatran|move: Protect\n|\n|-heal|p1a: Heatran|50\/100|[from] item: Leftovers\n|-damage|p2a: Rotom|82\/100 tox|[from] psn\n|upkeep\n|turn|5\n|\n|switch|p1a: Chansey|Chansey, F|100\/100\n|move|p2a: Rotom|Hydro Pump|p1a: Chansey\n|-damage|p1a: Chansey|89\/100\n|\n|-damage|p2a: Rotom|63\/100 tox|[from] psn\n|upkeep\n|turn|6\n|\n|switch|p2a: Heatran|Heatran, F|100\/100\n|move|p1a: Chansey|Stealth Rock|p2a: Heatran\n|-sidestart|p2: burninfire|move: Stealth Rock\n|\n|upkeep\n|turn|7\n|\n|switch|p1a: Landorus|Landorus-Therian, M|100\/100\n|-ability|p1a: Landorus|Intimidate|boost\n|-unboost|p2a: Heatran|atk|1\n|move|p2a: Heatran|Stealth Rock|p1a: Landorus\n|-sidestart|p1: BigL91|move: Stealth Rock\n|\n|upkeep\n|turn|8\n|\n|switch|p2a: Landorus|Landorus-Therian, M|100\/100\n|-damage|p2a: Landorus|88\/100|[from] Stealth Rock\n|-ability|p2a: Landorus|Intimidate|boost\n|-unboost|p1a: Landorus|atk|1\n|move|p1a: Landorus|Knock Off|p2a: Landorus\n|-damage|p2a: Landorus|65\/100\n|-enditem|p2a: Landorus|Choice Scarf|[from] move: Knock Off|[of] p1a: Landorus\n|\n|upkeep\n|turn|9\n|\n|switch|p1a: Scizor|Scizor, F|100\/100\n|-damage|p1a: Scizor|88\/100|[from] Stealth Rock\n|move|p2a: Landorus|U-turn|p1a: Scizor\n|-resisted|p1a: Scizor\n|-damage|p1a: Scizor|79\/100\n|\n|switch|p2a: Heatran|Heatran, F|100\/100\n|-damage|p2a: Heatran|88\/100|[from] Stealth Rock\n|\n|-heal|p2a: Heatran|94\/100|[from] item: Leftovers\n|upkeep\n|turn|10\n|\n|switch|p1a: Chansey|Chansey, F|89\/100\n|-damage|p1a: Chansey|77\/100|[from] Stealth Rock\n|move|p2a: Heatran|Lava Plume|p1a: Chansey\n|-damage|p1a: Chansey|66\/100\n|\n|-heal|p2a: Heatran|100\/100|[from] item: Leftovers\n|upkeep\n|turn|11\n|\n|move|p2a: Heatran|Taunt|p1a: Chansey\n|-start|p1a: Chansey|move: Taunt\n|cant|p1a: Chansey|move: Taunt|Soft-Boiled\n|\n|upkeep\n|turn|12\n|\n|move|p2a: Heatran|Lava Plume|p1a: Chansey\n|-damage|p1a: Chansey|56\/100\n|move|p1a: Chansey|Seismic Toss|p2a: Heatran\n|-damage|p2a: Heatran|75\/100\n|\n|-heal|p2a: Heatran|81\/100|[from] item: Leftovers\n|upkeep\n|turn|13\n|\n|switch|p1a: Kyurem|Kyurem-Black|76\/100\n|-damage|p1a: Kyurem|52\/100|[from] Stealth Rock\n|-ability|p1a: Kyurem|Teravolt\n|move|p2a: Heatran|Earth Power|p1a: Kyurem\n|-damage|p1a: Kyurem|25\/100\n|\n|-heal|p2a: Heatran|87\/100|[from] item: Leftovers\n|upkeep\n|turn|14\n|\n|switch|p2a: Scizor|Scizor, F|85\/100\n|-damage|p2a: Scizor|73\/100|[from] Stealth Rock\n|move|p1a: Kyurem|Earth Power|p2a: Scizor\n|-damage|p2a: Scizor|49\/100\n|\n|upkeep\n|turn|15\n|\n|switch|p1a: Tapu Koko|Tapu Koko|100\/100\n|-damage|p1a: Tapu Koko|88\/100|[from] Stealth Rock\n|-fieldstart|move: Electric Terrain|[from] ability: Electric Surge|[of] p1a: Tapu Koko\n|detailschange|p2a: Scizor|Scizor-Mega, F\n|-mega|p2a: Scizor|Scizor|Scizorite\n|move|p2a: Scizor|Roost|p2a: Scizor\n|-heal|p2a: Scizor|99\/100\n|-singleturn|p2a: Scizor|move: Roost\n|\n|upkeep\n|turn|16\n|\n|switch|p2a: Landorus|Landorus-Therian, M|65\/100\n|-damage|p2a: Landorus|53\/100|[from] Stealth Rock\n|-ability|p2a: Landorus|Intimidate|boost\n|-unboost|p1a: Tapu Koko|atk|1\n|move|p1a: Tapu Koko|Defog|p2a: Landorus\n|-unboost|p2a: Landorus|evasion|1\n|-sideend|p2: burninfire|Stealth Rock|[from] move: Defog|[of] p1a: Tapu Koko\n|-sideend|p1: BigL91|Stealth Rock|[from] move: Defog|[of] p1a: Tapu Koko\n|\n|upkeep\n|turn|17\n|\n|move|p1a: Tapu Koko|Hidden Power|p2a: Landorus\n|-supereffective|p2a: Landorus\n|-damage|p2a: Landorus|0 fnt\n|faint|p2a: Landorus\n|\n|upkeep\n|\n|switch|p2a: Scizor|Scizor-Mega, F|99\/100\n|turn|18\n|\n|move|p1a: Tapu Koko|Thunderbolt|p2a: Scizor\n|-damage|p2a: Scizor|61\/100\n|move|p2a: Scizor|Swords Dance|p2a: Scizor\n|-boost|p2a: Scizor|atk|2\n|\n|upkeep\n|turn|19\n|\n|move|p1a: Tapu Koko|Volt Switch|p2a: Scizor\n|-damage|p2a: Scizor|26\/100\n|\n|switch|p1a: Heatran|Heatran, M|50\/100\n|move|p2a: Scizor|Roost|p2a: Scizor\n|-heal|p2a: Scizor|77\/100\n|-singleturn|p2a: Scizor|move: Roost\n|\n|-heal|p1a: Heatran|56\/100|[from] item: Leftovers\n|-fieldend|move: Electric Terrain\n|upkeep\n|turn|20\n|\n|switch|p2a: Keldeo|Keldeo-Resolute|100\/100\n|move|p1a: Heatran|Protect||[still]\n|-fail|p1a: Heatran\n|\n|-heal|p1a: Heatran|63\/100|[from] item: Leftovers\n|upkeep\n|turn|21\n|\n|move|p1a: Heatran|Protect|p1a: Heatran\n|-singleturn|p1a: Heatran|Protect\n|move|p2a: Keldeo|Secret Sword|p1a: Heatran\n|-activate|p1a: Heatran|move: Protect\n|\n|-heal|p1a: Heatran|69\/100|[from] item: Leftovers\n|upkeep\n|turn|22\n|\n|switch|p2a: Rotom|Rotom-Wash|63\/100 tox\n|switch|p1a: Landorus|Landorus-Therian, M|100\/100\n|-ability|p1a: Landorus|Intimidate|boost\n|-unboost|p2a: Rotom|atk|1\n|\n|-damage|p2a: Rotom|57\/100 tox|[from] psn\n|upkeep\n|turn|23\n|\n|move|p1a: Landorus|Knock Off|p2a: Rotom\n|-damage|p2a: Rotom|28\/100 tox\n|-enditem|p2a: Rotom|Iapapa Berry|[from] move: Knock Off|[of] p1a: Landorus\n|move|p2a: Rotom|Will-O-Wisp|p1a: Landorus\n|-status|p1a: Landorus|brn\n|\n|-damage|p1a: Landorus|94\/100 brn|[from] brn\n|-damage|p2a: Rotom|16\/100 tox|[from] psn\n|upkeep\n|turn|24\n|\n|move|p1a: Landorus|Knock Off|p2a: Rotom\n|-damage|p2a: Rotom|7\/100 tox\n|move|p2a: Rotom|Hydro Pump|p1a: Landorus\n|-supereffective|p1a: Landorus\n|-damage|p1a: Landorus|0 fnt\n|faint|p1a: Landorus\n|\n|-damage|p2a: Rotom|0 fnt|[from] psn\n|faint|p2a: Rotom\n|upkeep\n|\n|switch|p1a: Tapu Koko|Tapu Koko|88\/100\n|switch|p2a: Heatran|Heatran, F|87\/100\n|-fieldstart|move: Electric Terrain|[from] ability: Electric Surge|[of] p1a: Tapu Koko\n|turn|25\n|\n|move|p1a: Tapu Koko|Volt Switch|p2a: Heatran\n|-damage|p2a: Heatran|57\/100\n|\n|switch|p1a: Kyurem|Kyurem-Black|25\/100\n|-ability|p1a: Kyurem|Teravolt\n|move|p2a: Heatran|Earth Power|p1a: Kyurem\n|-damage|p1a: Kyurem|0 fnt\n|faint|p1a: Kyurem\n|\n|-heal|p2a: Heatran|63\/100|[from] item: Leftovers\n|upkeep\n|\n|switch|p1a: Heatran|Heatran, M|69\/100\n|turn|26\n|\n|switch|p2a: Keldeo|Keldeo-Resolute|100\/100\n|move|p1a: Heatran|Earth Power|p2a: Keldeo\n|-damage|p2a: Keldeo|73\/100\n|\n|-heal|p1a: Heatran|75\/100|[from] item: Leftovers\n|upkeep\n|turn|27\n|\n|move|p1a: Heatran|Protect|p1a: Heatran\n|-singleturn|p1a: Heatran|Protect\n|move|p2a: Keldeo|Scald|p1a: Heatran\n|-activate|p1a: Heatran|move: Protect\n|\n|-heal|p1a: Heatran|81\/100|[from] item: Leftovers\n|upkeep\n|turn|28\n|\n|switch|p1a: Chansey|Chansey, F|56\/100\n|move|p2a: Keldeo|Scald|p1a: Chansey\n|-damage|p1a: Chansey|35\/100\n|\n|upkeep\n|turn|29\n|\n|switch|p2a: Heatran|Heatran, F|63\/100\n|move|p1a: Chansey|Soft-Boiled|p1a: Chansey\n|-heal|p1a: Chansey|86\/100\n|\n|-heal|p2a: Heatran|69\/100|[from] item: Leftovers\n|-fieldend|move: Electric Terrain\n|upkeep\n|turn|30\n|\n|move|p2a: Heatran|Taunt|p1a: Chansey\n|-start|p1a: Chansey|move: Taunt\n|cant|p1a: Chansey|move: Taunt|Thunder Wave\n|\n|-heal|p2a: Heatran|75\/100|[from] item: Leftovers\n|upkeep\n|turn|31\n|\n|move|p2a: Heatran|Earth Power|p1a: Chansey\n|-damage|p1a: Chansey|77\/100\n|move|p1a: Chansey|Seismic Toss|p2a: Heatran\n|-damage|p2a: Heatran|49\/100\n|\n|-heal|p2a: Heatran|56\/100|[from] item: Leftovers\n|upkeep\n|turn|32\n|\n|move|p2a: Heatran|Stealth Rock|p1a: Chansey\n|-sidestart|p1: BigL91|move: Stealth Rock\n|move|p1a: Chansey|Seismic Toss|p2a: Heatran\n|-damage|p2a: Heatran|30\/100\n|\n|-heal|p2a: Heatran|36\/100|[from] item: Leftovers\n|-end|p1a: Chansey|move: Taunt\n|upkeep\n|turn|33\n|\n|switch|p2a: Zygarde|Zygarde-10%|100\/100\n|-ability|p2a: Zygarde|Aura Break\n|move|p1a: Chansey|Seismic Toss|p2a: Zygarde\n|-damage|p2a: Zygarde|60\/100\n|\n|upkeep\n|turn|34\n|\n|move|p2a: Zygarde|Thousand Arrows|p1a: Chansey\n|-damage|p1a: Chansey|37\/100\n|move|p1a: Chansey|Stealth Rock|p2a: Zygarde\n|-sidestart|p2: burninfire|move: Stealth Rock\n|\n|upkeep\n|turn|35\n|\n|move|p2a: Zygarde|Thousand Arrows|p1a: Chansey\n|-damage|p1a: Chansey|1\/100\n|move|p1a: Chansey|Soft-Boiled|p1a: Chansey\n|-heal|p1a: Chansey|51\/100\n|\n|upkeep\n|turn|36\n|\n|switch|p2a: Keldeo|Keldeo-Resolute|73\/100\n|-damage|p2a: Keldeo|66\/100|[from] Stealth Rock\n|move|p1a: Chansey|Soft-Boiled|p1a: Chansey\n|-heal|p1a: Chansey|100\/100\n|\n|upkeep\n|turn|37\n|inactive|burninfire has 120 seconds left.\n|\n|switch|p2a: Zygarde|Zygarde-10%|60\/100\n|-damage|p2a: Zygarde|54\/100|[from] Stealth Rock\n|-ability|p2a: Zygarde|Aura Break\n|move|p1a: Chansey|Thunder Wave|p2a: Zygarde\n|-immune|p2a: Zygarde\n|\n|upkeep\n|turn|38\n|\n|move|p2a: Zygarde|Toxic|p1a: Chansey|[miss]\n|-miss|p2a: Zygarde|p1a: Chansey\n|move|p1a: Chansey|Seismic Toss|p2a: Zygarde\n|-damage|p2a: Zygarde|14\/100\n|\n|upkeep\n|turn|39\n|\n|move|p2a: Zygarde|Toxic|p1a: Chansey\n|-status|p1a: Chansey|tox\n|move|p1a: Chansey|Seismic Toss|p2a: Zygarde\n|-damage|p2a: Zygarde|0 fnt\n|faint|p2a: Zygarde\n|\n|-damage|p1a: Chansey|94\/100 tox|[from] psn\n|upkeep\n|\n|switch|p2a: Scizor|Scizor-Mega, F|77\/100\n|-damage|p2a: Scizor|64\/100|[from] Stealth Rock\n|turn|40\n|\n|move|p2a: Scizor|Knock Off|p1a: Chansey\n|-crit|p1a: Chansey\n|-damage|p1a: Chansey|64\/100 tox\n|-enditem|p1a: Chansey|Eviolite|[from] move: Knock Off|[of] p2a: Scizor\n|move|p1a: Chansey|Thunder Wave|p2a: Scizor\n|-status|p2a: Scizor|par\n|\n|-damage|p1a: Chansey|52\/100 tox|[from] psn\n|upkeep\n|turn|41\n|\n|switch|p1a: Scizor|Scizor, F|79\/100\n|-damage|p1a: Scizor|67\/100|[from] Stealth Rock\n|move|p2a: Scizor|Roost|p2a: Scizor\n|-heal|p2a: Scizor|100\/100 par\n|-singleturn|p2a: Scizor|move: Roost\n|\n|upkeep\n|turn|42\n|\n|switch|p2a: Heatran|Heatran, F|36\/100\n|-damage|p2a: Heatran|24\/100|[from] Stealth Rock\n|detailschange|p1a: Scizor|Scizor-Mega, F\n|-mega|p1a: Scizor|Scizor|Scizorite\n|move|p1a: Scizor|Curse|p1a: Scizor\n|-unboost|p1a: Scizor|spe|1\n|-boost|p1a: Scizor|atk|1\n|-boost|p1a: Scizor|def|1\n|\n|-heal|p2a: Heatran|30\/100|[from] item: Leftovers\n|upkeep\n|turn|43\n|\n|switch|p1a: Heatran|Heatran, M|81\/100\n|-damage|p1a: Heatran|69\/100|[from] Stealth Rock\n|move|p2a: Heatran|Lava Plume|p1a: Heatran\n|-start|p1a: Heatran|ability: Flash Fire\n|\n|-heal|p1a: Heatran|75\/100|[from] item: Leftovers\n|-heal|p2a: Heatran|36\/100|[from] item: Leftovers\n|upkeep\n|turn|44\n|\n|move|p1a: Heatran|Earth Power|p2a: Heatran\n|-supereffective|p2a: Heatran\n|-crit|p2a: Heatran\n|-damage|p2a: Heatran|0 fnt\n|faint|p2a: Heatran\n|\n|-heal|p1a: Heatran|81\/100|[from] item: Leftovers\n|upkeep\n|\n|switch|p2a: Keldeo|Keldeo-Resolute|66\/100\n|-damage|p2a: Keldeo|60\/100|[from] Stealth Rock\n|turn|45\n|inactive|burninfire has 120 seconds left.\n|\n|move|p1a: Heatran|Protect|p1a: Heatran\n|-singleturn|p1a: Heatran|Protect\n|move|p2a: Keldeo|Scald|p1a: Heatran\n|-activate|p1a: Heatran|move: Protect\n|\n|-heal|p1a: Heatran|88\/100|[from] item: Leftovers\n|upkeep\n|turn|46\n|\n|move|p2a: Keldeo|Scald|p1a: Heatran\n|-supereffective|p1a: Heatran\n|-crit|p1a: Heatran\n|-damage|p1a: Heatran|0 fnt\n|faint|p1a: Heatran\n|\n|upkeep\n|\n|switch|p1a: Tapu Koko|Tapu Koko|88\/100\n|-damage|p1a: Tapu Koko|76\/100|[from] Stealth Rock\n|-fieldstart|move: Electric Terrain|[from] ability: Electric Surge|[of] p1a: Tapu Koko\n|turn|47\n|\n|switch|p2a: Scizor|Scizor-Mega, F|100\/100 par\n|-damage|p2a: Scizor|88\/100 par|[from] Stealth Rock\n|move|p1a: Tapu Koko|Thunderbolt|p2a: Scizor\n|-damage|p2a: Scizor|50\/100 par\n|\n|upkeep\n|turn|48\n|\n|move|p2a: Scizor|Bullet Punch|p1a: Tapu Koko\n|-damage|p1a: Tapu Koko|39\/100\n|move|p1a: Tapu Koko|Thunderbolt|p2a: Scizor\n|-damage|p2a: Scizor|6\/100 par\n|\n|upkeep\n|turn|49\n|\n|cant|p2a: Scizor|par\n|move|p1a: Tapu Koko|Thunderbolt|p2a: Scizor\n|-damage|p2a: Scizor|0 fnt\n|faint|p2a: Scizor\n|\n|upkeep\n|\n|switch|p2a: Keldeo|Keldeo-Resolute|60\/100\n|-damage|p2a: Keldeo|54\/100|[from] Stealth Rock\n|turn|50\n|\n|move|p1a: Tapu Koko|Thunderbolt|p2a: Keldeo\n|-supereffective|p2a: Keldeo\n|-damage|p2a: Keldeo|0 fnt\n|faint|p2a: Keldeo\n|\n|win|BigL91\n","uploadtime":1554646924,"views":6,"p1id":"bigl91","p2id":"burninfire","formatid":"gen7ou","rating":0,"private":0,"password":null}