{"id":"gen7ou-919815797","p1":"Kaylss","p2":"snuggypooh","format":"gen7ou","log":"|raw|<div class=\"broadcast-red\"><strong>This battle is invite-only!<\/strong><br \/>Users must be rank + or invited with <code>\/invite<\/code> to join<\/div>\n|j|\u2606Kaylss\n|j|\u2606snuggypooh\n|player|p1|Kaylss|138\n|player|p2|snuggypooh|272\n|teamsize|p1|6\n|teamsize|p2|6\n|gametype|singles\n|gen|7\n|tier|[Gen 7] OU\n|rated|\n|rule|Sleep Clause Mod: Limit one foe put to sleep\n|rule|Species Clause: Limit one of each Pok\u00e9mon\n|rule|OHKO Clause: OHKO moves are banned\n|rule|Moody Clause: Moody is banned\n|rule|Evasion Moves Clause: Evasion moves are banned\n|rule|Endless Battle Clause: Forcing endless battles is banned\n|rule|HP Percentage Mod: HP is shown in percentages\n|clearpoke\n|poke|p1|Gardevoir, M|item\n|poke|p1|Moltres|item\n|poke|p1|Celesteela|item\n|poke|p1|Excadrill, M|item\n|poke|p1|Azumarill, M|item\n|poke|p1|Celebi|item\n|poke|p2|Tapu Koko|item\n|poke|p2|Magearna|item\n|poke|p2|Landorus-Therian, M|item\n|poke|p2|Mawile, M|item\n|poke|p2|Kommo-o, M|item\n|poke|p2|Hawlucha, M|item\n|teampreview\n|\n|start\n|switch|p1a: Gardevoir|Gardevoir, M|337\/337\n|switch|p2a: Shmandorus Shmee|Landorus-Therian, M|319\/319\n|-ability|p2a: Shmandorus Shmee|Intimidate|boost\n|-unboost|p1a: Gardevoir|atk|1\n|-ability|p1a: Gardevoir|Intimidate|[from] ability: Trace|[of] p2a: Shmandorus Shmee\n|-ability|p1a: Gardevoir|Intimidate|boost\n|-unboost|p2a: Shmandorus Shmee|atk|1\n|turn|1\n|\n|detailschange|p1a: Gardevoir|Gardevoir-Mega, M\n|-mega|p1a: Gardevoir|Gardevoir|Gardevoirite\n|move|p1a: Gardevoir|Hyper Voice|p2a: Shmandorus Shmee\n|-damage|p2a: Shmandorus Shmee|67\/319\n|move|p2a: Shmandorus Shmee|Stealth Rock|p1a: Gardevoir\n|-sidestart|p1: Kaylss|move: Stealth Rock\n|\n|upkeep\n|turn|2\n|\n|move|p1a: Gardevoir|Hyper Voice|p2a: Shmandorus Shmee\n|-damage|p2a: Shmandorus Shmee|0 fnt\n|faint|p2a: Shmandorus Shmee\n|\n|upkeep\n|\n|switch|p2a: finkle fackle|Magearna|301\/301\n|turn|3\n|\n|switch|p1a: Excadrill|Excadrill, M|406\/406\n|-damage|p1a: Excadrill|394\/406|[from] Stealth Rock\n|-ability|p1a: Excadrill|Mold Breaker\n|move|p2a: finkle fackle|Shift Gear|p2a: finkle fackle\n|-boost|p2a: finkle fackle|spe|2\n|-boost|p2a: finkle fackle|atk|1\n|\n|-heal|p1a: Excadrill|406\/406|[from] item: Leftovers\n|upkeep\n|turn|4\n|\n|switch|p1a: Celebi|Celebi|404\/404\n|-damage|p1a: Celebi|354\/404|[from] Stealth Rock\n|move|p2a: finkle fackle|Focus Blast|p1a: Celebi\n|-resisted|p1a: Celebi\n|-damage|p1a: Celebi|277\/404\n|\n|-heal|p1a: Celebi|302\/404|[from] item: Leftovers\n|upkeep\n|turn|5\n|\n|move|p2a: finkle fackle|Ice Beam|p1a: Celebi\n|-supereffective|p1a: Celebi\n|-damage|p1a: Celebi|84\/404\n|move|p1a: Celebi|Recover|p1a: Celebi\n|-heal|p1a: Celebi|286\/404\n|\n|-heal|p1a: Celebi|311\/404|[from] item: Leftovers\n|upkeep\n|turn|6\n|inactive|Battle timer is ON: inactive players will automatically lose when time's up. (requested by snuggypooh)\n|\n|move|p2a: finkle fackle|Ice Beam|p1a: Celebi\n|-supereffective|p1a: Celebi\n|-damage|p1a: Celebi|101\/404\n|move|p1a: Celebi|Thunder Wave|p2a: finkle fackle\n|-status|p2a: finkle fackle|par\n|\n|-heal|p1a: Celebi|126\/404|[from] item: Leftovers\n|upkeep\n|turn|7\n|\n|move|p1a: Celebi|Recover|p1a: Celebi\n|-heal|p1a: Celebi|328\/404\n|move|p2a: finkle fackle|Ice Beam|p1a: Celebi\n|-supereffective|p1a: Celebi\n|-damage|p1a: Celebi|94\/404\n|\n|-heal|p1a: Celebi|119\/404|[from] item: Leftovers\n|upkeep\n|turn|8\n|\n|move|p1a: Celebi|Recover|p1a: Celebi\n|-heal|p1a: Celebi|321\/404\n|move|p2a: finkle fackle|Shift Gear|p2a: finkle fackle\n|-boost|p2a: finkle fackle|spe|2\n|-boost|p2a: finkle fackle|atk|1\n|\n|-heal|p1a: Celebi|346\/404|[from] item: Leftovers\n|upkeep\n|turn|9\n|\n|cant|p2a: finkle fackle|par\n|move|p1a: Celebi|Earth Power|p2a: finkle fackle\n|-supereffective|p2a: finkle fackle\n|-damage|p2a: finkle fackle|179\/301 par\n|\n|-heal|p1a: Celebi|371\/404|[from] item: Leftovers\n|upkeep\n|turn|10\n|\n|switch|p2a: Jack Black|Hawlucha, M|329\/329\n|move|p1a: Celebi|Recover|p1a: Celebi\n|-heal|p1a: Celebi|404\/404\n|\n|upkeep\n|turn|11\n|\n|switch|p2a: mt dew|Tapu Koko|343\/343\n|-fieldstart|move: Electric Terrain|[from] ability: Electric Surge|[of] p2a: mt dew\n|move|p1a: Celebi|Thunder Wave|p2a: mt dew\n|-immune|p2a: mt dew\n|\n|upkeep\n|turn|12\n|\n|move|p2a: mt dew|Reflect|p2a: mt dew\n|-sidestart|p2: snuggypooh|Reflect\n|move|p1a: Celebi|Thunder Wave|p2a: mt dew\n|-immune|p2a: mt dew\n|\n|upkeep\n|turn|13\n|\n|move|p2a: mt dew|Light Screen|p2a: mt dew\n|-sidestart|p2: snuggypooh|move: Light Screen\n|move|p1a: Celebi|U-turn|p2a: mt dew\n|-resisted|p2a: mt dew\n|-damage|p2a: mt dew|330\/343\n|\n|switch|p1a: Excadrill|Excadrill, M|406\/406\n|-damage|p1a: Excadrill|394\/406|[from] Stealth Rock\n|-ability|p1a: Excadrill|Mold Breaker\n|\n|-heal|p1a: Excadrill|406\/406|[from] item: Leftovers\n|upkeep\n|turn|14\n|\n|move|p2a: mt dew|Taunt|p1a: Excadrill\n|-start|p1a: Excadrill|move: Taunt\n|move|p1a: Excadrill|Rapid Spin|p2a: mt dew\n|-damage|p2a: mt dew|319\/343\n|-sideend|p1: Kaylss|Stealth Rock|[from] move: Rapid Spin|[of] p1a: Excadrill\n|\n|upkeep\n|turn|15\n|\n|switch|p1a: Moltres|Moltres|321\/321\n|-ability|p1a: Moltres|Pressure\n|move|p2a: mt dew|U-turn|p1a: Moltres\n|-resisted|p1a: Moltres\n|-damage|p1a: Moltres|304\/321\n|\n|switch|p2a: Jack Black|Hawlucha, M|329\/329\n|-enditem|p2a: Jack Black|Electric Seed\n|-boost|p2a: Jack Black|def|1\n|\n|-fieldend|move: Electric Terrain\n|upkeep\n|turn|16\n|\n|move|p2a: Jack Black|Stone Edge|p1a: Moltres\n|-supereffective|p1a: Moltres\n|-damage|p1a: Moltres|0 fnt\n|faint|p1a: Moltres\n|\n|upkeep\n|\n|switch|p1a: Gardevoir|Gardevoir-Mega, M|337\/337\n|turn|17\n|\n|move|p2a: Jack Black|Acrobatics|p1a: Gardevoir\n|-damage|p1a: Gardevoir|99\/337\n|move|p1a: Gardevoir|Hyper Voice|p2a: Jack Black\n|-supereffective|p2a: Jack Black\n|-damage|p2a: Jack Black|37\/329\n|\n|upkeep\n|turn|18\n|\n|move|p2a: Jack Black|Acrobatics|p1a: Gardevoir\n|-damage|p1a: Gardevoir|0 fnt\n|faint|p1a: Gardevoir\n|\n|upkeep\n|\n|switch|p1a: Celesteela|Celesteela|335\/335\n|turn|19\n|\n|move|p2a: Jack Black|Swords Dance|p2a: Jack Black\n|-boost|p2a: Jack Black|atk|2\n|move|p1a: Celesteela|Heavy Slam|p2a: Jack Black\n|-damage|p2a: Jack Black|0 fnt\n|faint|p2a: Jack Black\n|-ability|p1a: Celesteela|Beast Boost|boost\n|-boost|p1a: Celesteela|atk|1\n|\n|-sideend|p2: snuggypooh|Reflect\n|upkeep\n|\n|switch|p2a: mt dew|Tapu Koko|319\/343\n|-fieldstart|move: Electric Terrain|[from] ability: Electric Surge|[of] p2a: mt dew\n|turn|20\n|\n|move|p2a: mt dew|Reflect|p2a: mt dew\n|-sidestart|p2: snuggypooh|Reflect\n|move|p1a: Celesteela|Autotomize|p1a: Celesteela\n|-boost|p1a: Celesteela|spe|2\n|-start|p1a: Celesteela|Autotomize\n|\n|-sideend|p2: snuggypooh|move: Light Screen\n|upkeep\n|turn|21\n|\n|move|p1a: Celesteela|Heavy Slam|p2a: mt dew\n|-damage|p2a: mt dew|160\/343\n|move|p2a: mt dew|Light Screen|p2a: mt dew\n|-sidestart|p2: snuggypooh|move: Light Screen\n|\n|upkeep\n|turn|22\n|\n|switch|p2a: piranha plant|Mawile, M|303\/303\n|-ability|p2a: piranha plant|Intimidate|boost\n|-unboost|p1a: Celesteela|atk|1\n|move|p1a: Celesteela|Heavy Slam|p2a: piranha plant\n|-damage|p2a: piranha plant|193\/303\n|\n|upkeep\n|turn|23\n|inactive|snuggypooh has 120 seconds left.\n|\n|detailschange|p2a: piranha plant|Mawile-Mega, M\n|-mega|p2a: piranha plant|Mawile|Mawilite\n|move|p1a: Celesteela|Earthquake|p2a: piranha plant\n|-supereffective|p2a: piranha plant\n|-damage|p2a: piranha plant|116\/303\n|move|p2a: piranha plant|Knock Off|p1a: Celesteela\n|-damage|p1a: Celesteela|124\/335\n|-enditem|p1a: Celesteela|Weakness Policy|[from] move: Knock Off|[of] p2a: piranha plant\n|\n|upkeep\n|turn|24\n|\n|move|p2a: piranha plant|Sucker Punch||[still]\n|-fail|p2a: piranha plant\n|move|p1a: Celesteela|Autotomize|p1a: Celesteela\n|-boost|p1a: Celesteela|spe|2\n|-start|p1a: Celesteela|Autotomize\n|\n|-fieldend|move: Electric Terrain\n|upkeep\n|turn|25\n|\n|move|p2a: piranha plant|Sucker Punch||[still]\n|-fail|p2a: piranha plant\n|move|p1a: Celesteela|Autotomize|p1a: Celesteela\n|-boost|p1a: Celesteela|spe|2\n|-start|p1a: Celesteela|Autotomize\n|\n|upkeep\n|turn|26\n|\n|move|p1a: Celesteela|Autotomize||[still]\n|-fail|p1a: Celesteela\n|move|p2a: piranha plant|Swords Dance|p2a: piranha plant\n|-boost|p2a: piranha plant|atk|2\n|\n|upkeep\n|turn|27\n|\n|move|p2a: piranha plant|Sucker Punch||[still]\n|-fail|p2a: piranha plant\n|move|p1a: Celesteela|Autotomize||[still]\n|-fail|p1a: Celesteela\n|\n|-sideend|p2: snuggypooh|Reflect\n|upkeep\n|turn|28\n|\n|move|p1a: Celesteela|Earthquake|p2a: piranha plant\n|-supereffective|p2a: piranha plant\n|-damage|p2a: piranha plant|0 fnt\n|faint|p2a: piranha plant\n|-ability|p1a: Celesteela|Beast Boost|boost\n|-boost|p1a: Celesteela|atk|1\n|\n|-sideend|p2: snuggypooh|move: Light Screen\n|upkeep\n|-message|snuggypooh forfeited.\n|\n|win|Kaylss\n|l|\u2606snuggypooh\n|c|\u2606Kaylss|\/log Kaylss made this room public.\n","uploadtime":1559327806,"views":11,"p1id":"kaylss","p2id":"snuggypooh","formatid":"gen7ou","rating":0,"private":0,"password":null}