{"id":"gen7ou-972677503","p1":"Geo44","p2":"JoeyOwesMeMoney","format":"gen7ou","log":"|j|\u2606Geo44\n|j|\u2606JoeyOwesMeMoney\n|player|p1|Geo44|68|1745\n|player|p2|JoeyOwesMeMoney|170|1797\n|teamsize|p1|6\n|teamsize|p2|6\n|gametype|singles\n|gen|7\n|tier|[Gen 7] OU\n|rated|\n|rule|Sleep Clause Mod: Limit one foe put to sleep\n|rule|Species Clause: Limit one of each Pok\u00e9mon\n|rule|OHKO Clause: OHKO moves are banned\n|rule|Moody Clause: Moody is banned\n|rule|Evasion Moves Clause: Evasion moves are banned\n|rule|Endless Battle Clause: Forcing endless battles is banned\n|rule|HP Percentage Mod: HP is shown in percentages\n|clearpoke\n|poke|p1|Victini|item\n|poke|p1|Clefable, M|item\n|poke|p1|Zapdos|item\n|poke|p1|Scizor, F|item\n|poke|p1|Heatran, F|item\n|poke|p1|Kyurem-Black|item\n|poke|p2|Skarmory, F|item\n|poke|p2|Chansey, F|item\n|poke|p2|Magnezone|item\n|poke|p2|Toxapex, F|item\n|poke|p2|Clefable, M|item\n|poke|p2|Sableye, F|item\n|teampreview\n|j| fourway2\n|j| El Jefe Grande\n|\n|start\n|switch|p1a: Heatran|Heatran, F|100\/100\n|switch|p2a: Sableye|Sableye, F|100\/100\n|turn|1\n|c| El Jefe Grande|Aids stall\n|\n|detailschange|p2a: Sableye|Sableye-Mega, F\n|-mega|p2a: Sableye|Sableye|Sablenite\n|move|p2a: Sableye|Protect|p2a: Sableye\n|-singleturn|p2a: Sableye|Protect\n|move|p1a: Heatran|Magma Storm|p2a: Sableye\n|-activate|p2a: Sableye|move: Protect\n|\n|upkeep\n|turn|2\n|\n|move|p1a: Heatran|Magma Storm|p2a: Sableye\n|-damage|p2a: Sableye|68\/100\n|-activate|p2a: Sableye|move: Magma Storm|[of] p1a: Heatran\n|move|p2a: Sableye|Recover|p2a: Sableye\n|-heal|p2a: Sableye|100\/100\n|\n|-damage|p2a: Sableye|88\/100|[from] move: Magma Storm|[partiallytrapped]\n|upkeep\n|turn|3\n|\n|move|p2a: Sableye|Protect|p2a: Sableye\n|-singleturn|p2a: Sableye|Protect\n|move|p1a: Heatran|Earth Power|p2a: Sableye\n|-activate|p2a: Sableye|move: Protect\n|\n|-damage|p2a: Sableye|76\/100|[from] move: Magma Storm|[partiallytrapped]\n|upkeep\n|turn|4\n|\n|move|p1a: Heatran|Earth Power|p2a: Sableye\n|-damage|p2a: Sableye|57\/100\n|move|p2a: Sableye|Recover|p2a: Sableye\n|-heal|p2a: Sableye|100\/100\n|\n|-damage|p2a: Sableye|88\/100|[from] move: Magma Storm|[partiallytrapped]\n|upkeep\n|turn|5\n|\n|move|p1a: Heatran|Earth Power|p2a: Sableye\n|-damage|p2a: Sableye|69\/100\n|move|p2a: Sableye|Knock Off|p1a: Heatran\n|-damage|p1a: Heatran|75\/100\n|-enditem|p1a: Heatran|Zoom Lens|[from] move: Knock Off|[of] p2a: Sableye\n|\n|-damage|p2a: Sableye|57\/100|[from] move: Magma Storm|[partiallytrapped]\n|upkeep\n|turn|6\n|\n|switch|p1a: Victini|Victini|100\/100\n|move|p2a: Sableye|Recover|p2a: Sableye\n|-heal|p2a: Sableye|100\/100\n|\n|-end|p2a: Sableye|Magma Storm|[partiallytrapped]|[silent]\n|upkeep\n|turn|7\n|\n|switch|p1a: Heatran|Heatran, F|75\/100\n|move|p2a: Sableye|Protect||[still]\n|-fail|p2a: Sableye\n|\n|upkeep\n|turn|8\n|\n|move|p1a: Heatran|Magma Storm|p2a: Sableye\n|-damage|p2a: Sableye|69\/100\n|-activate|p2a: Sableye|move: Magma Storm|[of] p1a: Heatran\n|move|p2a: Sableye|Knock Off|p1a: Heatran\n|-damage|p1a: Heatran|59\/100\n|\n|-damage|p2a: Sableye|57\/100|[from] move: Magma Storm|[partiallytrapped]\n|upkeep\n|turn|9\n|\n|move|p1a: Heatran|Earth Power|p2a: Sableye\n|-damage|p2a: Sableye|37\/100\n|move|p2a: Sableye|Recover|p2a: Sableye\n|-heal|p2a: Sableye|87\/100\n|\n|-damage|p2a: Sableye|75\/100|[from] move: Magma Storm|[partiallytrapped]\n|upkeep\n|turn|10\n|\n|switch|p1a: Victini|Victini|100\/100\n|move|p2a: Sableye|Protect||[still]\n|-fail|p2a: Sableye\n|\n|-end|p2a: Sableye|Magma Storm|[partiallytrapped]|[silent]\n|upkeep\n|turn|11\n|\n|move|p2a: Sableye|Protect|p2a: Sableye\n|-singleturn|p2a: Sableye|Protect\n|move|p1a: Victini|V-create|p2a: Sableye\n|-activate|p2a: Sableye|move: Protect\n|\n|upkeep\n|turn|12\n|\n|switch|p1a: Kyurem|Kyurem-Black|100\/100\n|-ability|p1a: Kyurem|Teravolt\n|switch|p2a: Toxapex|Toxapex, F|100\/100\n|\n|upkeep\n|turn|13\n|\n|move|p1a: Kyurem|Fusion Bolt|p2a: Toxapex\n|-supereffective|p2a: Toxapex\n|-damage|p2a: Toxapex|52\/100\n|move|p2a: Toxapex|Toxic Spikes|p1a: Kyurem\n|-sidestart|p1: Geo44|move: Toxic Spikes\n|\n|-heal|p2a: Toxapex|58\/100|[from] item: Black Sludge\n|upkeep\n|turn|14\n|\n|move|p1a: Kyurem|Fusion Bolt|p2a: Toxapex\n|-supereffective|p2a: Toxapex\n|-damage|p2a: Toxapex|6\/100\n|move|p2a: Toxapex|Recover|p2a: Toxapex\n|-heal|p2a: Toxapex|56\/100\n|\n|-heal|p2a: Toxapex|62\/100|[from] item: Black Sludge\n|upkeep\n|turn|15\n|\n|move|p1a: Kyurem|Fusion Bolt|p2a: Toxapex\n|-supereffective|p2a: Toxapex\n|-damage|p2a: Toxapex|8\/100\n|move|p2a: Toxapex|Recover|p2a: Toxapex\n|-heal|p2a: Toxapex|58\/100\n|\n|-heal|p2a: Toxapex|64\/100|[from] item: Black Sludge\n|upkeep\n|turn|16\n|\n|move|p1a: Kyurem|Freeze Shock||[still]\n|-prepare|p1a: Kyurem|Freeze Shock|p2a: Toxapex\n|move|p2a: Toxapex|Recover|p2a: Toxapex\n|-heal|p2a: Toxapex|100\/100\n|\n|upkeep\n|turn|17\n|\n|move|p1a: Kyurem|Freeze Shock|p2a: Toxapex|[from]lockedmove\n|-resisted|p2a: Toxapex\n|-damage|p2a: Toxapex|73\/100\n|move|p2a: Toxapex|Scald|p1a: Kyurem\n|-resisted|p1a: Kyurem\n|-damage|p1a: Kyurem|93\/100\n|\n|-heal|p2a: Toxapex|79\/100|[from] item: Black Sludge\n|upkeep\n|turn|18\n|c| El Jefe Grande|Freeze shock really\n|c| El Jefe Grande|U ass for that\n|\n|move|p1a: Kyurem|Fusion Bolt|p2a: Toxapex\n|-supereffective|p2a: Toxapex\n|-damage|p2a: Toxapex|31\/100\n|move|p2a: Toxapex|Recover|p2a: Toxapex\n|-heal|p2a: Toxapex|81\/100\n|\n|-heal|p2a: Toxapex|87\/100|[from] item: Black Sludge\n|upkeep\n|turn|19\n|c| fourway2|Z set\n|\n|switch|p1a: Zapdos|Zapdos|100\/100\n|move|p2a: Toxapex|Recover|p2a: Toxapex\n|-heal|p2a: Toxapex|100\/100\n|\n|upkeep\n|turn|20\n|\n|switch|p2a: Sableye|Sableye-Mega, F|75\/100\n|move|p1a: Zapdos|Discharge|p2a: Sableye\n|-damage|p2a: Sableye|50\/100\n|\n|upkeep\n|turn|21\n|j| Lando-San\n|\n|move|p1a: Zapdos|Discharge|p2a: Sableye\n|-damage|p2a: Sableye|26\/100\n|move|p2a: Sableye|Recover|p2a: Sableye\n|-heal|p2a: Sableye|76\/100\n|\n|upkeep\n|turn|22\n|\n|move|p1a: Zapdos|Discharge|p2a: Sableye\n|-crit|p2a: Sableye\n|-damage|p2a: Sableye|41\/100\n|-status|p2a: Sableye|par\n|move|p2a: Sableye|Recover|p2a: Sableye\n|-heal|p2a: Sableye|92\/100 par\n|\n|upkeep\n|turn|23\n|\n|switch|p1a: Victini|Victini|100\/100\n|-status|p1a: Victini|psn\n|switch|p2a: Clefable|Clefable, M|100\/100\n|\n|-damage|p1a: Victini|88\/100 psn|[from] psn\n|upkeep\n|turn|24\n|\n|move|p2a: Clefable|Protect|p2a: Clefable\n|-singleturn|p2a: Clefable|Protect\n|move|p1a: Victini|V-create|p2a: Clefable\n|-activate|p2a: Clefable|move: Protect\n|\n|-damage|p1a: Victini|76\/100 psn|[from] psn\n|upkeep\n|turn|25\n|\n|switch|p1a: Heatran|Heatran, F|59\/100\n|switch|p2a: Toxapex|Toxapex, F|100\/100\n|\n|upkeep\n|turn|26\n|\n|switch|p2a: Sableye|Sableye-Mega, F|92\/100 par\n|move|p1a: Heatran|Magma Storm|p2a: Sableye\n|-damage|p2a: Sableye|62\/100 par\n|-activate|p2a: Sableye|move: Magma Storm|[of] p1a: Heatran\n|\n|-damage|p2a: Sableye|49\/100 par|[from] move: Magma Storm|[partiallytrapped]\n|upkeep\n|turn|27\n|\n|move|p1a: Heatran|Earth Power|p2a: Sableye\n|-damage|p2a: Sableye|29\/100 par\n|move|p2a: Sableye|Recover|p2a: Sableye\n|-heal|p2a: Sableye|79\/100 par\n|\n|-damage|p2a: Sableye|67\/100 par|[from] move: Magma Storm|[partiallytrapped]\n|upkeep\n|turn|28\n|\n|move|p1a: Heatran|Earth Power|p2a: Sableye\n|-damage|p2a: Sableye|46\/100 par\n|move|p2a: Sableye|Recover|p2a: Sableye\n|-heal|p2a: Sableye|96\/100 par\n|\n|-damage|p2a: Sableye|84\/100 par|[from] move: Magma Storm|[partiallytrapped]\n|upkeep\n|turn|29\n|j| Datoneguydoe\n|\n|switch|p2a: Skarmory|Skarmory, F|100\/100\n|move|p1a: Heatran|Earth Power|p2a: Skarmory\n|-immune|p2a: Skarmory\n|\n|upkeep\n|turn|30\n|\n|switch|p2a: Sableye|Sableye-Mega, F|84\/100 par\n|move|p1a: Heatran|Magma Storm|p2a: Sableye\n|-damage|p2a: Sableye|52\/100 par\n|-activate|p2a: Sableye|move: Magma Storm|[of] p1a: Heatran\n|\n|-damage|p2a: Sableye|40\/100 par|[from] move: Magma Storm|[partiallytrapped]\n|upkeep\n|turn|31\n|\n|move|p1a: Heatran|Magma Storm|p2a: Sableye\n|-damage|p2a: Sableye|8\/100 par\n|move|p2a: Sableye|Recover|p2a: Sableye\n|-heal|p2a: Sableye|58\/100 par\n|\n|-damage|p2a: Sableye|46\/100 par|[from] move: Magma Storm|[partiallytrapped]\n|upkeep\n|turn|32\n|\n|move|p1a: Heatran|Earth Power|p2a: Sableye\n|-damage|p2a: Sableye|26\/100 par\n|move|p2a: Sableye|Recover|p2a: Sableye\n|-heal|p2a: Sableye|76\/100 par\n|\n|-damage|p2a: Sableye|64\/100 par|[from] move: Magma Storm|[partiallytrapped]\n|upkeep\n|turn|33\n|c|\u2606Geo44|WTF\n|c|\u2606Geo44|are you for real???\n|\n|move|p1a: Heatran|Earth Power|p2a: Sableye\n|-damage|p2a: Sableye|43\/100 par\n|move|p2a: Sableye|Recover|p2a: Sableye\n|-heal|p2a: Sableye|94\/100 par\n|\n|-damage|p2a: Sableye|81\/100 par|[from] move: Magma Storm|[partiallytrapped]\n|upkeep\n|turn|34\n|c|\u2606Geo44|OMG stall plus hax\n|l| Lando-San\n|c|\u2606Geo44|thats an imposible to beat\n|\n|move|p1a: Heatran|Earth Power|p2a: Sableye\n|-damage|p2a: Sableye|62\/100 par\n|move|p2a: Sableye|Recover|p2a: Sableye\n|-heal|p2a: Sableye|100\/100 par\n|\n|-end|p2a: Sableye|Magma Storm|[partiallytrapped]\n|upkeep\n|turn|35\n|\n|move|p2a: Sableye|Protect|p2a: Sableye\n|-singleturn|p2a: Sableye|Protect\n|move|p1a: Heatran|Earth Power|p2a: Sableye\n|-activate|p2a: Sableye|move: Protect\n|\n|upkeep\n|turn|36\n|\n|switch|p2a: Skarmory|Skarmory, F|100\/100\n|move|p1a: Heatran|Magma Storm|p2a: Skarmory\n|-supereffective|p2a: Skarmory\n|-ability|p2a: Skarmory|Sturdy\n|-damage|p2a: Skarmory|1\/100\n|-activate|p2a: Skarmory|move: Magma Storm|[of] p1a: Heatran\n|\n|-damage|p2a: Skarmory|0 fnt|[from] move: Magma Storm|[partiallytrapped]\n|faint|p2a: Skarmory\n|upkeep\n|\n|switch|p2a: Chansey|Chansey, F|100\/100\n|turn|37\n|c|\u2606Geo44|well\n|c|\u2606Geo44|5 remains\n|inactive|Battle timer is ON: inactive players will automatically lose when time's up. (requested by JoeyOwesMeMoney)\n|\n|switch|p1a: Scizor|Scizor, F|100\/100\n|switch|p2a: Sableye|Sableye-Mega, F|100\/100 par\n|\n|upkeep\n|turn|38\n|\n|switch|p2a: Toxapex|Toxapex, F|100\/100\n|detailschange|p1a: Scizor|Scizor-Mega, F\n|-mega|p1a: Scizor|Scizor|Scizorite\n|move|p1a: Scizor|U-turn|p2a: Toxapex\n|-resisted|p2a: Toxapex\n|-damage|p2a: Toxapex|90\/100\n|inactive|Geo44 has 120 seconds left.\n|\n|switch|p1a: Victini|Victini|76\/100 psn|[from]move: U-turn\n|\n|-heal|p2a: Toxapex|96\/100|[from] item: Black Sludge\n|-damage|p1a: Victini|64\/100 psn|[from] psn\n|upkeep\n|turn|39\n|inactive|Geo44 has 120 seconds left.\n|\n|move|p1a: Victini|V-create|p2a: Toxapex\n|-resisted|p2a: Toxapex\n|-damage|p2a: Toxapex|53\/100\n|-unboost|p1a: Victini|spe|1\n|-unboost|p1a: Victini|def|1\n|-unboost|p1a: Victini|spd|1\n|move|p2a: Toxapex|Recover|p2a: Toxapex\n|-heal|p2a: Toxapex|100\/100\n|\n|-damage|p1a: Victini|51\/100 psn|[from] psn\n|upkeep\n|turn|40\n|l| El Jefe Grande\n|inactive|Geo44 has 120 seconds left.\n|j| Lando-San\n|\n|switch|p1a: Clefable|Clefable, M|100\/100\n|-status|p1a: Clefable|psn\n|move|p2a: Toxapex|Scald|p1a: Clefable\n|-damage|p1a: Clefable|89\/100 psn\n|\n|-heal|p1a: Clefable|95\/100 psn|[from] item: Leftovers\n|-damage|p1a: Clefable|82\/100 psn|[from] psn\n|upkeep\n|turn|41\n|l| Datoneguydoe\n|\n|switch|p2a: Clefable|Clefable, M|100\/100\n|move|p1a: Clefable|Heal Bell|p1a: Clefable\n|-activate|p1a: Clefable|move: Heal Bell\n|-curestatus|p1a: Clefable|psn|[msg]\n|-curestatus|p1: Victini|psn|[msg]\n|\n|-heal|p1a: Clefable|89\/100|[from] item: Leftovers\n|upkeep\n|turn|42\n|inactive|Geo44 has 90 seconds left.\n|\n|move|p1a: Clefable|Wish|p1a: Clefable\n|move|p2a: Clefable|Heal Bell|p2a: Clefable\n|-activate|p2a: Clefable|move: Heal Bell\n|-curestatus|p2: Sableye|par|[msg]\n|\n|-heal|p1a: Clefable|95\/100|[from] item: Leftovers\n|upkeep\n|turn|43\n|\n|switch|p1a: Victini|Victini|51\/100\n|-status|p1a: Victini|psn\n|move|p2a: Clefable|Moonblast|p1a: Victini\n|-resisted|p1a: Victini\n|-damage|p1a: Victini|35\/100 psn\n|\n|-heal|p1a: Victini|92\/100 psn|[from] move: Wish|[wisher] Clefable\n|-damage|p1a: Victini|80\/100 psn|[from] psn\n|upkeep\n|turn|44\n|\n|switch|p1a: Clefable|Clefable, M|95\/100\n|-status|p1a: Clefable|psn\n|move|p2a: Clefable|Protect||[still]\n|-fail|p2a: Clefable\n|\n|-heal|p1a: Clefable|100\/100 psn|[from] item: Leftovers\n|-damage|p1a: Clefable|88\/100 psn|[from] psn\n|upkeep\n|turn|45\n|\n|switch|p2a: Chansey|Chansey, F|100\/100\n|move|p1a: Clefable|Wish|p1a: Clefable\n|\n|-heal|p1a: Clefable|94\/100 psn|[from] item: Leftovers\n|-damage|p1a: Clefable|82\/100 psn|[from] psn\n|upkeep\n|turn|46\n|\n|switch|p1a: Heatran|Heatran, F|59\/100\n|move|p2a: Chansey|Stealth Rock|p1a: Heatran\n|-sidestart|p1: Geo44|move: Stealth Rock\n|\n|-heal|p1a: Heatran|100\/100|[from] move: Wish|[wisher] Clefable\n|upkeep\n|turn|47\n|\n|switch|p2a: Sableye|Sableye-Mega, F|100\/100\n|move|p1a: Heatran|Earth Power|p2a: Sableye\n|-damage|p2a: Sableye|81\/100\n|\n|upkeep\n|turn|48\n|l| Lando-San\n|inactive|Geo44 has 60 seconds left.\n|\n|switch|p1a: Zapdos|Zapdos|100\/100\n|-damage|p1a: Zapdos|76\/100|[from] Stealth Rock\n|move|p2a: Sableye|Knock Off|p1a: Zapdos\n|-damage|p1a: Zapdos|56\/100\n|-enditem|p1a: Zapdos|Leftovers|[from] move: Knock Off|[of] p2a: Sableye\n|\n|upkeep\n|turn|49\n|c|\u2606Geo44|now that im thinking\n|c|\u2606Geo44|u cant win\n|c|\u2606Geo44|anyway\n|\n|move|p1a: Zapdos|Roost|p1a: Zapdos\n|-heal|p1a: Zapdos|100\/100\n|-singleturn|p1a: Zapdos|move: Roost\n|move|p2a: Sableye|Will-O-Wisp|p1a: Zapdos|[miss]\n|-miss|p2a: Sableye|p1a: Zapdos\n|\n|upkeep\n|turn|50\n|\n|move|p1a: Zapdos|Discharge|p2a: Sableye\n|-damage|p2a: Sableye|56\/100\n|move|p2a: Sableye|Will-O-Wisp|p1a: Zapdos\n|-status|p1a: Zapdos|brn\n|\n|-damage|p1a: Zapdos|94\/100 brn|[from] brn\n|upkeep\n|turn|51\n|\n|switch|p2a: Chansey|Chansey, F|100\/100\n|move|p1a: Zapdos|Discharge|p2a: Chansey\n|-damage|p2a: Chansey|90\/100\n|\n|-damage|p1a: Zapdos|88\/100 brn|[from] brn\n|upkeep\n|turn|52\n|inactive|Geo44 has 60 seconds left.\n|\n|switch|p1a: Scizor|Scizor-Mega, F|100\/100\n|-damage|p1a: Scizor|88\/100|[from] Stealth Rock\n|move|p2a: Chansey|Seismic Toss|p1a: Scizor\n|-damage|p1a: Scizor|59\/100\n|\n|upkeep\n|turn|53\n|inactive|Geo44 has 60 seconds left.\n|\n|switch|p2a: Toxapex|Toxapex, F|100\/100\n|move|p1a: Scizor|U-turn|p2a: Toxapex\n|-resisted|p2a: Toxapex\n|-damage|p2a: Toxapex|89\/100\n|inactive|Geo44 has 60 seconds left.\n|\n|switch|p1a: Zapdos|Zapdos|88\/100 brn|[from]move: U-turn\n|-damage|p1a: Zapdos|64\/100 brn|[from] Stealth Rock\n|\n|-heal|p2a: Toxapex|95\/100|[from] item: Black Sludge\n|-damage|p1a: Zapdos|58\/100 brn|[from] brn\n|upkeep\n|turn|54\n|inactive|Geo44 has 60 seconds left.\n|\n|switch|p2a: Chansey|Chansey, F|90\/100\n|move|p1a: Zapdos|Discharge|p2a: Chansey\n|-damage|p2a: Chansey|81\/100\n|-status|p2a: Chansey|par\n|\n|-damage|p1a: Zapdos|52\/100 brn|[from] brn\n|upkeep\n|turn|55\n|c| fourway2|Still got 14 recovers and 32 wishes to get through before that\n|\n|move|p1a: Zapdos|Roost|p1a: Zapdos\n|-heal|p1a: Zapdos|100\/100 brn\n|-singleturn|p1a: Zapdos|move: Roost\n|move|p2a: Chansey|Seismic Toss|p1a: Zapdos\n|-damage|p1a: Zapdos|74\/100 brn\n|\n|-damage|p1a: Zapdos|68\/100 brn|[from] brn\n|upkeep\n|turn|56\n|inactive|Geo44 has 60 seconds left.\n|\n|move|p1a: Zapdos|Heat Wave|p2a: Chansey\n|-damage|p2a: Chansey|73\/100 par\n|move|p2a: Chansey|Seismic Toss|p1a: Zapdos\n|-damage|p1a: Zapdos|42\/100 brn\n|\n|-damage|p1a: Zapdos|36\/100 brn|[from] brn\n|upkeep\n|turn|57\n|\n|move|p1a: Zapdos|Roost|p1a: Zapdos\n|-heal|p1a: Zapdos|86\/100 brn\n|-singleturn|p1a: Zapdos|move: Roost\n|move|p2a: Chansey|Seismic Toss|p1a: Zapdos\n|-damage|p1a: Zapdos|60\/100 brn\n|\n|-damage|p1a: Zapdos|54\/100 brn|[from] brn\n|upkeep\n|turn|58\n|\n|move|p1a: Zapdos|Roost|p1a: Zapdos\n|-heal|p1a: Zapdos|100\/100 brn\n|-singleturn|p1a: Zapdos|move: Roost\n|move|p2a: Chansey|Seismic Toss|p1a: Zapdos\n|-damage|p1a: Zapdos|74\/100 brn\n|\n|-damage|p1a: Zapdos|68\/100 brn|[from] brn\n|upkeep\n|turn|59\n|\n|switch|p1a: Heatran|Heatran, F|100\/100\n|-damage|p1a: Heatran|88\/100|[from] Stealth Rock\n|move|p2a: Chansey|Seismic Toss|p1a: Heatran\n|-damage|p1a: Heatran|62\/100\n|\n|upkeep\n|turn|60\n|inactive|Geo44 has 60 seconds left.\n|\n|switch|p1a: Scizor|Scizor-Mega, F|59\/100\n|-damage|p1a: Scizor|47\/100|[from] Stealth Rock\n|switch|p2a: Sableye|Sableye-Mega, F|56\/100\n|\n|upkeep\n|turn|61\n|inactive|Geo44 has 60 seconds left.\n|\n|switch|p2a: Magnezone|Magnezone|100\/100\n|move|p1a: Scizor|Roost|p1a: Scizor\n|-heal|p1a: Scizor|97\/100\n|-singleturn|p1a: Scizor|move: Roost\n|\n|upkeep\n|turn|62\n|\n|move|p2a: Magnezone|Hidden Power|p1a: Scizor\n|-supereffective|p1a: Scizor\n|-damage|p1a: Scizor|13\/100\n|move|p1a: Scizor|Defog|p2a: Magnezone\n|-unboost|p2a: Magnezone|evasion|1\n|-sideend|p1: Geo44|Toxic Spikes|[from] move: Defog|[of] p1a: Scizor\n|-sideend|p1: Geo44|Stealth Rock|[from] move: Defog|[of] p1a: Scizor\n|\n|upkeep\n|turn|63\n|\n|move|p1a: Scizor|Bullet Punch|p2a: Magnezone\n|-resisted|p2a: Magnezone\n|-damage|p2a: Magnezone|93\/100\n|move|p2a: Magnezone|Hidden Power|p1a: Scizor\n|-supereffective|p1a: Scizor\n|-damage|p1a: Scizor|0 fnt\n|faint|p1a: Scizor\n|\n|upkeep\n|j| Lando-San\n|\n|switch|p1a: Victini|Victini|80\/100 psn\n|turn|64\n|\n|switch|p2a: Toxapex|Toxapex, F|100\/100\n|move|p1a: Victini|Bolt Strike|p2a: Toxapex\n|-supereffective|p2a: Toxapex\n|-damage|p2a: Toxapex|27\/100\n|\n|-heal|p2a: Toxapex|33\/100|[from] item: Black Sludge\n|-damage|p1a: Victini|67\/100 psn|[from] psn\n|upkeep\n|turn|65\n|\n|switch|p1a: Kyurem|Kyurem-Black|93\/100\n|-ability|p1a: Kyurem|Teravolt\n|switch|p2a: Magnezone|Magnezone|93\/100\n|\n|upkeep\n|turn|66\n|inactive|Geo44 has 90 seconds left.\n|\n|switch|p2a: Clefable|Clefable, M|100\/100\n|switch|p1a: Heatran|Heatran, F|62\/100\n|\n|upkeep\n|turn|67\n|inactive|Geo44 has 90 seconds left.\n|inactive|Geo44 has 60 seconds left.\n|\n|move|p2a: Clefable|Protect|p2a: Clefable\n|-singleturn|p2a: Clefable|Protect\n|move|p1a: Heatran|Magma Storm|p2a: Clefable\n|-activate|p2a: Clefable|move: Protect\n|\n|upkeep\n|turn|68\n|j| X-TP N\n|\n|switch|p2a: Sableye|Sableye-Mega, F|56\/100\n|move|p1a: Heatran|Earth Power|p2a: Sableye\n|-damage|p2a: Sableye|35\/100\n|\n|upkeep\n|turn|69\n|\n|switch|p1a: Kyurem|Kyurem-Black|93\/100\n|-ability|p1a: Kyurem|Teravolt\n|move|p2a: Sableye|Recover|p2a: Sableye\n|-heal|p2a: Sableye|85\/100\n|\n|upkeep\n|turn|70\n|\n|move|p2a: Sableye|Protect|p2a: Sableye\n|-singleturn|p2a: Sableye|Protect\n|move|p1a: Kyurem|Freeze Shock||[still]\n|-prepare|p1a: Kyurem|Freeze Shock|p2a: Sableye\n|\n|upkeep\n|turn|71\n|\n|switch|p2a: Toxapex|Toxapex, F|66\/100\n|move|p1a: Kyurem|Freeze Shock|p2a: Toxapex|[from]lockedmove\n|-resisted|p2a: Toxapex\n|-damage|p2a: Toxapex|38\/100\n|\n|-heal|p2a: Toxapex|44\/100|[from] item: Black Sludge\n|upkeep\n|turn|72\n|c| X-TP N|imagine complaining bout stall but having 2 stall mons\n|l| Lando-San\n|inactive|Geo44 has 60 seconds left.\n|c|\u2606Geo44|what does that mean?\n|c|\u2606Geo44|I should not use stall at all??\n|inactive|Geo44 has 30 seconds left.\n|c|\u2606Geo44|2 stall decent\n|c|\u2606Geo44|but 6?\n|c|\u2606Geo44|no imagination\n|c|\u2606Geo44|my God\n|inactive|Geo44 has 20 seconds left.\n|c| fourway2|This hot timer stall tactic from the audience\n|c| X-TP N|stall is the best strat\n|inactive|Geo44 has 15 seconds left.\n|\n|switch|p2a: Magnezone|Magnezone|93\/100\n|-zpower|p1a: Kyurem\n|move|p1a: Kyurem|Subzero Slammer|p2a: Magnezone|[zeffect]\n|-resisted|p2a: Magnezone\n|-damage|p2a: Magnezone|26\/100\n|\n|upkeep\n|turn|73\n|inactive|Geo44 has 25 seconds left this turn.\n|c| X-TP N|but also the funnest to beat\n|inactive|Geo44 has 20 seconds left.\n|\n|switch|p2a: Toxapex|Toxapex, F|77\/100\n|switch|p1a: Heatran|Heatran, F|62\/100\n|\n|-heal|p2a: Toxapex|83\/100|[from] item: Black Sludge\n|upkeep\n|turn|74\n|inactive|Geo44 has 30 seconds left this turn.\n|inactive|Geo44 has 20 seconds left.\n|inactive|Geo44 has 15 seconds left.\n|\n|switch|p1a: Victini|Victini|67\/100 psn\n|switch|p2a: Sableye|Sableye-Mega, F|85\/100\n|\n|-damage|p1a: Victini|55\/100 psn|[from] psn\n|upkeep\n|turn|75\n|inactive|Geo44 has 25 seconds left this turn.\n|c| X-TP N|it takes an imaginative mind to beat stall\n|inactive|Geo44 has 20 seconds left.\n|\n|switch|p1a: Zapdos|Zapdos|68\/100 brn\n|move|p2a: Sableye|Protect||[still]\n|-fail|p2a: Sableye\n|\n|-damage|p1a: Zapdos|62\/100 brn|[from] brn\n|upkeep\n|turn|76\n|inactive|Geo44 has 30 seconds left this turn.\n|c| X-TP N|and also one to make stall work\n|\n|switch|p1a: Victini|Victini|55\/100 psn\n|switch|p2a: Chansey|Chansey, F|73\/100\n|\n|-damage|p1a: Victini|43\/100 psn|[from] psn\n|upkeep\n|turn|77\n|inactive|Geo44 has 30 seconds left.\n|inactive|Geo44 has 20 seconds left.\n|c| fourway2|Too bad it's boring as shit to play against for most people\n|inactive|Geo44 has 15 seconds left.\n|inactive|Geo44 has 10 seconds left.\n|c| fourway2|Still gotta prepare for it\n|\n|move|p1a: Victini|Bolt Strike|p2a: Chansey\n|-damage|p2a: Chansey|33\/100\n|move|p2a: Chansey|Seismic Toss|p1a: Victini\n|-damage|p1a: Victini|13\/100 psn\n|\n|-damage|p1a: Victini|1\/100 psn|[from] psn\n|upkeep\n|turn|78\n|inactive|Geo44 has 20 seconds left this turn.\n|inactive|Geo44 has 15 seconds left.\n|j| Heatah Knights\n|inactive|JoeyOwesMeMoney has 120 seconds left.\n|c| Heatah Knights|I mean\n|c| Heatah Knights|It's not that hard to counter tbh tbh\n|l| X-TP N\n|\n|switch|p1a: Heatran|Heatran, F|62\/100\n|switch|p2a: Clefable|Clefable, M|100\/100\n|\n|upkeep\n|turn|79\n|inactive|Geo44 has 25 seconds left this turn.\n|inactive|Geo44 has 20 seconds left.\n|inactive|Geo44 has 15 seconds left.\n|inactive|Geo44 has 10 seconds left.\n|inactive|Geo44 has 5 seconds left.\n|\n|switch|p1a: Kyurem|Kyurem-Black|93\/100\n|-ability|p1a: Kyurem|Teravolt\n|switch|p2a: Sableye|Sableye-Mega, F|85\/100\n|\n|upkeep\n|turn|80\n|inactive|Geo44 has 15 seconds left this turn.\n|inactive|Geo44 has 10 seconds left.\n|\n|move|p2a: Sableye|Protect|p2a: Sableye\n|-singleturn|p2a: Sableye|Protect\n|move|p1a: Kyurem|Ice Beam|p2a: Sableye\n|-activate|p2a: Sableye|move: Protect\n|\n|upkeep\n|turn|81\n|inactive|Geo44 has 20 seconds left this turn.\n|inactive|Geo44 has 15 seconds left.\n|l|heatahknights\n|inactive|Geo44 has 10 seconds left.\n|\n|switch|p2a: Toxapex|Toxapex, F|100\/100\n|move|p1a: Kyurem|Fusion Bolt|p2a: Toxapex\n|-supereffective|p2a: Toxapex\n|-damage|p2a: Toxapex|47\/100\n|\n|-heal|p2a: Toxapex|53\/100|[from] item: Black Sludge\n|upkeep\n|turn|82\n|inactive|Geo44 has 20 seconds left this turn.\n|inactive|Geo44 has 15 seconds left.\n|\n|switch|p2a: Clefable|Clefable, M|100\/100\n|move|p1a: Kyurem|Fusion Bolt|p2a: Clefable\n|-damage|p2a: Clefable|69\/100\n|\n|-heal|p2a: Clefable|75\/100|[from] item: Leftovers\n|upkeep\n|turn|83\n|inactive|Geo44 has 25 seconds left this turn.\n|c| fourway2|2\n|inactive|Geo44 has 20 seconds left.\n|\n|move|p2a: Clefable|Protect|p2a: Clefable\n|-singleturn|p2a: Clefable|Protect\n|move|p1a: Kyurem|Freeze Shock||[still]\n|-prepare|p1a: Kyurem|Freeze Shock|p2a: Clefable\n|\n|-heal|p2a: Clefable|81\/100|[from] item: Leftovers\n|upkeep\n|turn|84\n|inactive|Geo44 has 30 seconds left this turn.\n|\n|switch|p2a: Toxapex|Toxapex, F|86\/100\n|move|p1a: Kyurem|Freeze Shock|p2a: Toxapex|[from]lockedmove\n|-resisted|p2a: Toxapex\n|-damage|p2a: Toxapex|61\/100\n|\n|-heal|p2a: Toxapex|67\/100|[from] item: Black Sludge\n|upkeep\n|turn|85\n|inactive|Geo44 has 30 seconds left.\n|c|\u2606Geo44|Some day this shit will be banned\n|inactive|Geo44 has 20 seconds left.\n|c|\u2606Geo44|I swear\n|c|\u2606Geo44|this is shit\n|inactive|Geo44 has 15 seconds left.\n|j| Heatah Knights\n|inactive|Geo44 has 10 seconds left.\n|c| Heatah Knights|It's not even that hard to counter\n|\n|move|p1a: Kyurem|Fusion Bolt|p2a: Toxapex\n|-supereffective|p2a: Toxapex\n|-damage|p2a: Toxapex|10\/100\n|move|p2a: Toxapex|Recover|p2a: Toxapex\n|-heal|p2a: Toxapex|61\/100\n|\n|-heal|p2a: Toxapex|67\/100|[from] item: Black Sludge\n|upkeep\n|turn|86\n|inactive|Geo44 has 20 seconds left this turn.\n|c| Heatah Knights|You did it before\n|inactive|Geo44 has 15 seconds left.\n|c| fourway2|Eh, you wasted your Heatran's pp really badly\n|c| Heatah Knights|Remember? Banded Victini took lives\n|c| Heatah Knights|That too\n|inactive|Geo44 has 10 seconds left.\n|inactive|Geo44 has 5 seconds left.\n|c| Heatah Knights|Where's your taunt Magma storm trapping?\n|\n|move|p1a: Kyurem|Freeze Shock||[still]\n|-prepare|p1a: Kyurem|Freeze Shock|p2a: Toxapex\n|move|p2a: Toxapex|Recover|p2a: Toxapex\n|-heal|p2a: Toxapex|100\/100\n|\n|upkeep\n|turn|87\n|inactive|Geo44 has 15 seconds left this turn.\n|inactive|Geo44 has 10 seconds left.\n|c| Heatah Knights|That could've taken out Chansey quick af\n|c|\u2606Geo44|what the fuck should I do\n|c|\u2606Geo44|?\n|inactive|Geo44 has 5 seconds left.\n|\n|move|p1a: Kyurem|Freeze Shock|p2a: Toxapex|[from]lockedmove\n|-resisted|p2a: Toxapex\n|-damage|p2a: Toxapex|74\/100\n|-status|p2a: Toxapex|par\n|cant|p2a: Toxapex|par\n|\n|-heal|p2a: Toxapex|80\/100 par|[from] item: Black Sludge\n|upkeep\n|turn|88\n|inactive|Geo44 has 15 seconds left this turn.\n|inactive|Geo44 has 10 seconds left.\n|c| Heatah Knights|Idk man\n|c|\u2606Geo44|wasted heattran pp??\n|c|\u2606Geo44|asshole\n|inactive|Geo44 has 5 seconds left.\n|\n|switch|p1a: Zapdos|Zapdos|62\/100 brn\n|move|p2a: Toxapex|Toxic Spikes|p1a: Zapdos\n|-sidestart|p1: Geo44|move: Toxic Spikes\n|\n|-heal|p2a: Toxapex|86\/100 par|[from] item: Black Sludge\n|-damage|p1a: Zapdos|56\/100 brn|[from] brn\n|upkeep\n|turn|89\n|inactive|Geo44 has 15 seconds left this turn.\n|inactive|Geo44 has 10 seconds left.\n|c| Heatah Knights|We don't mean to be\n|\n|switch|p2a: Clefable|Clefable, M|81\/100\n|move|p1a: Zapdos|Discharge|p2a: Clefable\n|-damage|p2a: Clefable|50\/100\n|\n|-heal|p2a: Clefable|56\/100|[from] item: Leftovers\n|-damage|p1a: Zapdos|50\/100 brn|[from] brn\n|upkeep\n|turn|90\n|inactive|Geo44 has 20 seconds left this turn.\n|c| Heatah Knights|We're just trying to be constructive\n|c| fourway2|The reason it was wasted was because you used it on a poke that you couldn't taunt\n|inactive|Geo44 has 15 seconds left.\n|c|\u2606Geo44|no matter what I do he has protect+\n|inactive|Geo44 has 10 seconds left.\n|inactive|Geo44 has 5 seconds left.\n|c|\u2606Geo44|how the fuck am i supposed\n|\n|move|p2a: Clefable|Protect|p2a: Clefable\n|-singleturn|p2a: Clefable|Protect\n|move|p1a: Zapdos|Discharge|p2a: Clefable\n|-activate|p2a: Clefable|move: Protect\n|\n|-heal|p2a: Clefable|62\/100|[from] item: Leftovers\n|-damage|p1a: Zapdos|44\/100 brn|[from] brn\n|upkeep\n|turn|91\n|inactive|Geo44 has 15 seconds left this turn.\n|c| fourway2|You need to generally have clef deal with a Sableye\n|inactive|Geo44 has 10 seconds left.\n|\n|move|p1a: Zapdos|Roost|p1a: Zapdos\n|-heal|p1a: Zapdos|94\/100 brn\n|-singleturn|p1a: Zapdos|move: Roost\n|move|p2a: Clefable|Wish|p2a: Clefable\n|\n|-heal|p2a: Clefable|68\/100|[from] item: Leftovers\n|-damage|p1a: Zapdos|88\/100 brn|[from] brn\n|upkeep\n|turn|92\n|inactive|Geo44 has 20 seconds left this turn.\n|c| fourway2|And if your clef can't do that then you basically can't break stall\n|inactive|Geo44 has 15 seconds left.\n|inactive|Geo44 has 10 seconds left.\n|\n|switch|p2a: Chansey|Chansey, F|33\/100\n|move|p1a: Zapdos|Discharge|p2a: Chansey\n|-damage|p2a: Chansey|22\/100\n|\n|-heal|p2a: Chansey|49\/100|[from] move: Wish|[wisher] Clefable\n|-damage|p1a: Zapdos|82\/100 brn|[from] brn\n|upkeep\n|turn|93\n|inactive|Geo44 has 20 seconds left this turn.\n|c| Heatah Knights|Idk why you have cleric clef anyways\n|-message|Geo44 forfeited.\n|\n|win|JoeyOwesMeMoney\n|inactive|Geo44 has 30 seconds left this turn.\n|l|\u2606Geo44\n|raw|Geo44's rating: 1745 &rarr; <strong>1728<\/strong><br \/>(-17 for losing)\n|raw|JoeyOwesMeMoney's rating: 1797 &rarr; <strong>1814<\/strong><br \/>(+17 for winning)\n|c| Heatah Knights|It's kinda weird to have unaware on a team like yours\n|c| fourway2|Imagine getting salty 90 turns in\n|c| Heatah Knights|LOL\n|c| Heatah Knights|I've beaten stall with stall\n|c| Heatah Knights|It's not that hard\n|c| fourway2|Stall\/stall is so rip sometimes lmao\n|c| fourway2|Once one pokemon goes down it's over thankfully\n|c| Heatah Knights|pretty much\n|c| Heatah Knights|You just can't get angry and blow your resources like he did\n|c| fourway2|Yep\n|c| Heatah Knights|He's done it before - and got cocky for it after the fact\n|c| Heatah Knights|I guess this is revenge for that\n|c| Heatah Knights|lmao\n|c| fourway2|Well I'd say it's a learning experience, but it probably won't be\n|c| fourway2|lol\n|c| Heatah Knights|lol ye\n|c| Heatah Knights|anyways onto the next battle\n|l| Heatah Knights\n","uploadtime":1567919373,"views":20,"p1id":"geo44","p2id":"joeyowesmemoney","formatid":"gen7ou","rating":1728,"private":0,"password":null}