{"id":"gen7ou-1079318529","p1":"ghecisbestvillain","p2":"AzAqua","format":"gen7ou","log":"|j|\u2606ghecisbestvillain\n|j|\u2606AzAqua\n|player|p1|ghecisbestvillain|ghetsis|1725\n|player|p2|AzAqua|emmet|1562\n|teamsize|p1|6\n|teamsize|p2|6\n|gametype|singles\n|gen|7\n|tier|[Gen 7] OU\n|rated|\n|clearpoke\n|poke|p1|Hawlucha, M|item\n|poke|p1|Clefable, F|item\n|poke|p1|Charizard, M|item\n|poke|p1|Tapu Koko|item\n|poke|p1|Magearna|item\n|poke|p1|Kyurem-Black|item\n|poke|p2|Greninja, M|item\n|poke|p2|Tapu Koko|item\n|poke|p2|Landorus-Therian, M|item\n|poke|p2|Celesteela|item\n|poke|p2|Heatran, M|item\n|poke|p2|Lopunny, F|item\n|rule|Sleep Clause Mod: Limit one foe put to sleep\n|rule|Species Clause: Limit one of each Pok\u00e9mon\n|rule|OHKO Clause: OHKO moves are banned\n|rule|Moody Clause: Moody is banned\n|rule|Evasion Moves Clause: Evasion moves are banned\n|rule|Endless Battle Clause: Forcing endless battles is banned\n|rule|HP Percentage Mod: HP is shown in percentages\n|teampreview\n|inactive|Battle timer is ON: inactive players will automatically lose when time's up. (requested by ghecisbestvillain)\n|\n|start\n|switch|p1a: Tapu Koko|Tapu Koko|100\/100\n|switch|p2a: Tapu Koko|Tapu Koko|100\/100\n|-fieldstart|move: Electric Terrain|[from] ability: Electric Surge|[of] p1a: Tapu Koko\n|turn|1\n|inactive|ghecisbestvillain has 120 seconds left.\n|\n|move|p2a: Tapu Koko|Volt Switch|p1a: Tapu Koko\n|-resisted|p1a: Tapu Koko\n|-damage|p1a: Tapu Koko|46\/100\n|\n|switch|p2a: Landorus|Landorus-Therian, M|100\/100|[from]move: Volt Switch\n|-ability|p2a: Landorus|Intimidate|boost\n|-unboost|p1a: Tapu Koko|atk|1\n|move|p1a: Tapu Koko|Taunt|p2a: Landorus\n|-start|p2a: Landorus|move: Taunt\n|\n|upkeep\n|turn|2\n|\n|switch|p2a: Tapu Koko|Tapu Koko|100\/100\n|move|p1a: Tapu Koko|Light Screen|p1a: Tapu Koko\n|-sidestart|p1: ghecisbestvillain|move: Light Screen\n|\n|upkeep\n|turn|3\n|\n|move|p2a: Tapu Koko|Thunderbolt|p1a: Tapu Koko\n|-resisted|p1a: Tapu Koko\n|-damage|p1a: Tapu Koko|16\/100\n|move|p1a: Tapu Koko|Reflect|p1a: Tapu Koko\n|-sidestart|p1: ghecisbestvillain|Reflect\n|\n|upkeep\n|turn|4\n|inactive|ghecisbestvillain has 120 seconds left.\n|\n|switch|p1a: Kyurem|Kyurem-Black|100\/100\n|-ability|p1a: Kyurem|Teravolt\n|switch|p2a: Landorus|Landorus-Therian, M|100\/100\n|-ability|p2a: Landorus|Intimidate|boost\n|-unboost|p1a: Kyurem|atk|1\n|\n|upkeep\n|turn|5\n|inactive|ghecisbestvillain has 120 seconds left.\n|\n|move|p2a: Landorus|Stealth Rock|p1a: Kyurem\n|-sidestart|p1: ghecisbestvillain|move: Stealth Rock\n|move|p1a: Kyurem|Ice Beam|p2a: Landorus\n|-supereffective|p2a: Landorus\n|-damage|p2a: Landorus|0 fnt\n|-damage|p1a: Kyurem|91\/100|[from] item: Life Orb\n|faint|p2a: Landorus\n|\n|-fieldend|move: Electric Terrain\n|upkeep\n|\n|switch|p2a: Lopunny|Lopunny, F|100\/100\n|turn|6\n|\n|switch|p1a: Leader|Clefable, F|100\/100\n|detailschange|p2a: Lopunny|Lopunny-Mega, F\n|-mega|p2a: Lopunny|Lopunny|Lopunnite\n|move|p2a: Lopunny|Fake Out|p1a: Leader\n|-damage|p1a: Leader|92\/100\n|\n|-heal|p1a: Leader|98\/100|[from] item: Leftovers\n|upkeep\n|turn|7\n|inactive|AzAqua has 120 seconds left.\n|\n|switch|p2a: Heatran|Heatran, M|100\/100\n|move|p1a: Leader|Cosmic Power|p1a: Leader\n|-boost|p1a: Leader|def|1\n|-boost|p1a: Leader|spd|1\n|\n|-heal|p1a: Leader|100\/100|[from] item: Leftovers\n|upkeep\n|turn|8\n|\n|move|p2a: Heatran|Lava Plume|p1a: Leader\n|-damage|p1a: Leader|91\/100\n|move|p1a: Leader|Charge Beam|p2a: Heatran\n|-damage|p2a: Heatran|94\/100\n|-boost|p1a: Leader|spa|1\n|\n|-heal|p2a: Heatran|99\/100|[from] item: Leftovers\n|-heal|p1a: Leader|97\/100|[from] item: Leftovers\n|upkeep\n|turn|9\n|inactive|AzAqua has 90 seconds left.\n|\n|move|p2a: Heatran|Earth Power|p1a: Leader\n|-damage|p1a: Leader|89\/100\n|-unboost|p1a: Leader|spd|1\n|move|p1a: Leader|Cosmic Power|p1a: Leader\n|-boost|p1a: Leader|def|1\n|-boost|p1a: Leader|spd|1\n|\n|-heal|p2a: Heatran|100\/100|[from] item: Leftovers\n|-heal|p1a: Leader|95\/100|[from] item: Leftovers\n|-sideend|p1: ghecisbestvillain|move: Light Screen\n|upkeep\n|turn|10\n|\n|switch|p2a: Celesteela|Celesteela|100\/100\n|move|p1a: Leader|Cosmic Power|p1a: Leader\n|-boost|p1a: Leader|def|1\n|-boost|p1a: Leader|spd|1\n|\n|-heal|p1a: Leader|100\/100|[from] item: Leftovers\n|-sideend|p1: ghecisbestvillain|Reflect\n|upkeep\n|turn|11\n|inactive|AzAqua has 90 seconds left.\n|\n|move|p1a: Leader|Cosmic Power|p1a: Leader\n|-boost|p1a: Leader|def|1\n|-boost|p1a: Leader|spd|1\n|move|p2a: Celesteela|Heavy Slam|p1a: Leader\n|-supereffective|p1a: Leader\n|-damage|p1a: Leader|76\/100\n|\n|-heal|p1a: Leader|82\/100|[from] item: Leftovers\n|upkeep\n|turn|12\n|\n|move|p1a: Leader|Charge Beam|p2a: Celesteela|[miss]\n|-miss|p1a: Leader|p2a: Celesteela\n|move|p2a: Celesteela|Heavy Slam|p1a: Leader\n|-supereffective|p1a: Leader\n|-damage|p1a: Leader|59\/100\n|\n|-heal|p1a: Leader|65\/100|[from] item: Leftovers\n|upkeep\n|turn|13\n|\n|move|p1a: Leader|Charge Beam|p2a: Celesteela\n|-supereffective|p2a: Celesteela\n|-damage|p2a: Celesteela|72\/100\n|-boost|p1a: Leader|spa|1\n|move|p2a: Celesteela|Heavy Slam|p1a: Leader\n|-supereffective|p1a: Leader\n|-damage|p1a: Leader|40\/100\n|\n|-heal|p1a: Leader|46\/100|[from] item: Leftovers\n|-heal|p2a: Celesteela|78\/100|[from] item: Leftovers\n|upkeep\n|turn|14\n|\n|move|p1a: Leader|Charge Beam|p2a: Celesteela\n|-supereffective|p2a: Celesteela\n|-damage|p2a: Celesteela|40\/100\n|move|p2a: Celesteela|Heavy Slam|p1a: Leader\n|-supereffective|p1a: Leader\n|-crit|p1a: Leader\n|-damage|p1a: Leader|0 fnt\n|faint|p1a: Leader\n|-ability|p2a: Celesteela|Beast Boost|boost\n|-boost|p2a: Celesteela|def|1\n|\n|-heal|p2a: Celesteela|46\/100|[from] item: Leftovers\n|upkeep\n|c|\u2606AzAqua|thx\n|c|\u2606AzAqua|game\n|\n|switch|p1a: Tapu Koko|Tapu Koko|16\/100\n|-damage|p1a: Tapu Koko|4\/100|[from] Stealth Rock\n|-fieldstart|move: Electric Terrain|[from] ability: Electric Surge|[of] p1a: Tapu Koko\n|turn|15\n|\n|move|p1a: Tapu Koko|Defog|p2a: Celesteela\n|-unboost|p2a: Celesteela|evasion|1\n|-sideend|p1: ghecisbestvillain|Stealth Rock|[from] move: Defog|[of] p1a: Tapu Koko\n|move|p2a: Celesteela|Flamethrower|p1a: Tapu Koko\n|-damage|p1a: Tapu Koko|0 fnt\n|faint|p1a: Tapu Koko\n|-ability|p2a: Celesteela|Beast Boost|boost\n|-boost|p2a: Celesteela|def|1\n|\n|-heal|p2a: Celesteela|52\/100|[from] item: Leftovers\n|upkeep\n|\n|switch|p1a: Charizard|Charizard, M|100\/100\n|turn|16\n|inactive|AzAqua has 120 seconds left.\n|inactive|AzAqua has 90 seconds left.\n|\n|detailschange|p1a: Charizard|Charizard-Mega-X, M\n|-mega|p1a: Charizard|Charizard|Charizardite X\n|move|p1a: Charizard|Dragon Dance|p1a: Charizard\n|-boost|p1a: Charizard|atk|1\n|-boost|p1a: Charizard|spe|1\n|move|p2a: Celesteela|Leech Seed|p1a: Charizard\n|-start|p1a: Charizard|move: Leech Seed\n|\n|-heal|p2a: Celesteela|58\/100|[from] item: Leftovers\n|-damage|p1a: Charizard|88\/100|[from] Leech Seed|[of] p2a: Celesteela\n|-heal|p2a: Celesteela|67\/100|[silent]\n|upkeep\n|turn|17\n|inactive|AzAqua has 60 seconds left.\n|inactive|ghecisbestvillain has 120 seconds left.\n|\n|move|p1a: Charizard|Dragon Dance|p1a: Charizard\n|-boost|p1a: Charizard|atk|1\n|-boost|p1a: Charizard|spe|1\n|move|p2a: Celesteela|Heavy Slam|p1a: Charizard\n|-resisted|p1a: Charizard\n|-damage|p1a: Charizard|67\/100\n|\n|-heal|p2a: Celesteela|73\/100|[from] item: Leftovers\n|-damage|p1a: Charizard|54\/100|[from] Leech Seed|[of] p2a: Celesteela\n|-heal|p2a: Celesteela|82\/100|[silent]\n|upkeep\n|turn|18\n|inactive|ghecisbestvillain has 120 seconds left.\n|inactive|AzAqua has 60 seconds left.\n|\n|move|p2a: Celesteela|Protect|p2a: Celesteela\n|-singleturn|p2a: Celesteela|Protect\n|move|p1a: Charizard|Fire Punch|p2a: Celesteela\n|-activate|p2a: Celesteela|move: Protect\n|\n|-heal|p2a: Celesteela|88\/100|[from] item: Leftovers\n|-damage|p1a: Charizard|42\/100|[from] Leech Seed|[of] p2a: Celesteela\n|-heal|p2a: Celesteela|98\/100|[silent]\n|upkeep\n|turn|19\n|\n|move|p1a: Charizard|Fire Punch|p2a: Celesteela\n|-supereffective|p2a: Celesteela\n|-damage|p2a: Celesteela|25\/100\n|move|p2a: Celesteela|Heavy Slam|p1a: Charizard\n|-resisted|p1a: Charizard\n|-damage|p1a: Charizard|21\/100\n|\n|-heal|p2a: Celesteela|31\/100|[from] item: Leftovers\n|-damage|p1a: Charizard|9\/100|[from] Leech Seed|[of] p2a: Celesteela\n|-heal|p2a: Celesteela|41\/100|[silent]\n|-fieldend|move: Electric Terrain\n|upkeep\n|turn|20\n|\n|switch|p1a: Kyurem|Kyurem-Black|91\/100\n|-ability|p1a: Kyurem|Teravolt\n|move|p2a: Celesteela|Heavy Slam|p1a: Kyurem\n|-supereffective|p1a: Kyurem\n|-damage|p1a: Kyurem|49\/100\n|\n|-heal|p2a: Celesteela|47\/100|[from] item: Leftovers\n|upkeep\n|turn|21\n|\n|move|p2a: Celesteela|Protect|p2a: Celesteela\n|-singleturn|p2a: Celesteela|Protect\n|move|p1a: Kyurem|Ice Beam|p2a: Celesteela\n|-activate|p2a: Celesteela|move: Protect\n|\n|-heal|p2a: Celesteela|53\/100|[from] item: Leftovers\n|upkeep\n|turn|22\n|\n|move|p1a: Kyurem|Ice Beam|p2a: Celesteela\n|-damage|p2a: Celesteela|0 fnt\n|-damage|p1a: Kyurem|39\/100|[from] item: Life Orb\n|faint|p2a: Celesteela\n|\n|upkeep\n|\n|switch|p2a: Lopunny|Lopunny-Mega, F|100\/100\n|turn|23\n|inactive|AzAqua has 90 seconds left.\n|\n|switch|p1a: Charizard|Charizard-Mega-X, M|9\/100\n|move|p2a: Lopunny|High Jump Kick|p1a: Charizard\n|-crit|p1a: Charizard\n|-damage|p1a: Charizard|0 fnt\n|faint|p1a: Charizard\n|\n|upkeep\n|inactive|ghecisbestvillain has 120 seconds left.\n|\n|switch|p1a: Magearna|Magearna|100\/100\n|turn|24\n|\n|switch|p2a: Heatran|Heatran, M|100\/100\n|move|p1a: Magearna|Shift Gear|p1a: Magearna\n|-boost|p1a: Magearna|spe|2\n|-boost|p1a: Magearna|atk|1\n|\n|upkeep\n|turn|25\n|\n|move|p1a: Magearna|Brick Break|p2a: Heatran\n|-supereffective|p2a: Heatran\n|-damage|p2a: Heatran|39\/100\n|move|p2a: Heatran|Lava Plume|p1a: Magearna\n|-supereffective|p1a: Magearna\n|-damage|p1a: Magearna|31\/100\n|\n|-heal|p2a: Heatran|46\/100|[from] item: Leftovers\n|upkeep\n|turn|26\n|inactive|AzAqua has 90 seconds left.\n|inactive|AzAqua has 60 seconds left.\n|\n|move|p2a: Heatran|Protect|p2a: Heatran\n|-singleturn|p2a: Heatran|Protect\n|move|p1a: Magearna|Brick Break|p2a: Heatran\n|-activate|p2a: Heatran|move: Protect\n|\n|-heal|p2a: Heatran|52\/100|[from] item: Leftovers\n|upkeep\n|turn|27\n|inactive|AzAqua has 60 seconds left.\n|inactive|ghecisbestvillain has 120 seconds left.\n|inactive|ghecisbestvillain has 90 seconds left.\n|\n|move|p1a: Magearna|Brick Break|p2a: Heatran\n|-supereffective|p2a: Heatran\n|-damage|p2a: Heatran|0 fnt\n|faint|p2a: Heatran\n|-ability|p1a: Magearna|Soul-Heart|boost\n|-boost|p1a: Magearna|spa|1\n|\n|upkeep\n|inactive|AzAqua has 60 seconds left.\n|\n|switch|p2a: Lopunny|Lopunny-Mega, F|100\/100\n|turn|28\n|\n|move|p2a: Lopunny|Fake Out|p1a: Magearna\n|-resisted|p1a: Magearna\n|-damage|p1a: Magearna|21\/100\n|cant|p1a: Magearna|flinch\n|\n|upkeep\n|turn|29\n|inactive|ghecisbestvillain has 90 seconds left.\n|\n|move|p2a: Lopunny|High Jump Kick|p1a: Magearna\n|-damage|p1a: Magearna|0 fnt\n|faint|p1a: Magearna\n|\n|upkeep\n|inactive|ghecisbestvillain has 90 seconds left.\n|\n|switch|p1a: Kyurem|Kyurem-Black|39\/100\n|-ability|p1a: Kyurem|Teravolt\n|turn|30\n|inactive|ghecisbestvillain has 90 seconds left.\n|inactive|ghecisbestvillain has 60 seconds left.\n|inactive|ghecisbestvillain has 30 seconds left.\n|\n|move|p2a: Lopunny|High Jump Kick|p1a: Kyurem\n|-supereffective|p1a: Kyurem\n|-damage|p1a: Kyurem|0 fnt\n|faint|p1a: Kyurem\n|\n|upkeep\n|inactive|ghecisbestvillain has 30 seconds left this turn.\n|\n|switch|p1a: Hawlucha|Hawlucha, M|100\/100\n|turn|31\n|inactive|ghecisbestvillain has 30 seconds left.\n|\n|move|p2a: Lopunny|Ice Punch|p1a: Hawlucha\n|-supereffective|p1a: Hawlucha\n|-damage|p1a: Hawlucha|29\/100\n|move|p1a: Hawlucha|Drain Punch|p2a: Lopunny\n|-supereffective|p2a: Lopunny\n|-damage|p2a: Lopunny|2\/100\n|-heal|p1a: Hawlucha|73\/100|[from] drain|[of] p2a: Lopunny\n|\n|upkeep\n|turn|32\n|inactive|ghecisbestvillain has 30 seconds left.\n|c|\u2606AzAqua|gg\n|inactive|ghecisbestvillain has 20 seconds left.\n|inactive|ghecisbestvillain has 15 seconds left.\n|inactive|ghecisbestvillain has 10 seconds left.\n|inactive|ghecisbestvillain has 5 seconds left.\n|\n|move|p2a: Lopunny|Ice Punch|p1a: Hawlucha\n|-supereffective|p1a: Hawlucha\n|-damage|p1a: Hawlucha|0 fnt\n|faint|p1a: Hawlucha\n|\n|win|AzAqua\n|inactive|ghecisbestvillain has 10 seconds left this turn.\n|l|\u2606ghecisbestvillain\n|raw|ghecisbestvillain's rating: 1725 &rarr; <strong>1696<\/strong><br \/>(-29 for losing)\n|raw|AzAqua's rating: 1562 &rarr; <strong>1591<\/strong><br \/>(+29 for winning)\n","uploadtime":1584267325,"views":1,"p1id":"ghecisbestvillain","p2id":"azaqua","formatid":"gen7ou","rating":1591,"private":0,"password":null}