{"id":"gen7ou-1289095608","p1":"mushamu","p2":"Thedebatablereaper","format":"gen7ou","log":"|j|\u2606mushamu\n|j|\u2606Thedebatablereaper\n|t:|1614198427\n|player|p1|mushamu|170|1721\n|player|p2|Thedebatablereaper|102|1564\n|teamsize|p1|6\n|teamsize|p2|6\n|gametype|singles\n|gen|7\n|tier|[Gen 7] OU\n|rated|\n|clearpoke\n|poke|p1|Mawile, F|item\n|poke|p1|Landorus-Therian, M|item\n|poke|p1|Tapu Fini|item\n|poke|p1|Serperior, F|item\n|poke|p1|Magnezone|item\n|poke|p1|Kyurem-Black|item\n|poke|p2|Mawile, F|item\n|poke|p2|Garchomp, M|item\n|poke|p2|Tapu Lele|item\n|poke|p2|Serperior, M|item\n|poke|p2|Rotom-Wash|item\n|poke|p2|Heatran, F|item\n|rule|Sleep Clause Mod: Limit one foe put to sleep\n|rule|Species Clause: Limit one of each Pok\u00e9mon\n|rule|OHKO Clause: OHKO moves are banned\n|rule|Moody Clause: Moody is banned\n|rule|Evasion Moves Clause: Evasion moves are banned\n|rule|Endless Battle Clause: Forcing endless battles is banned\n|rule|HP Percentage Mod: HP is shown in percentages\n|teampreview\n|inactive|Battle timer is ON: inactive players will automatically lose when time's up. (requested by mushamu)\n|\n|t:|1614198469\n|start\n|switch|p1a: Landorus|Landorus-Therian, M|100\/100\n|switch|p2a: Rotom|Rotom-Wash|100\/100\n|-ability|p1a: Landorus|Intimidate|boost\n|-unboost|p2a: Rotom|atk|1\n|turn|1\n|\n|t:|1614198477\n|move|p1a: Landorus|Stealth Rock|p2a: Rotom\n|-sidestart|p2: Thedebatablereaper|move: Stealth Rock\n|move|p2a: Rotom|Volt Switch|p1a: Landorus\n|-immune|p1a: Landorus\n|\n|upkeep\n|turn|2\n|\n|t:|1614198483\n|switch|p1a: Serperior|Serperior, F|100\/100\n|move|p2a: Rotom|Volt Switch|p1a: Serperior\n|-resisted|p1a: Serperior\n|-damage|p1a: Serperior|88\/100\n|\n|t:|1614198490\n|switch|p2a: Heatran|Heatran, F|100\/100|[from]move: Volt Switch\n|-damage|p2a: Heatran|88\/100|[from] Stealth Rock\n|\n|-heal|p1a: Serperior|94\/100|[from] item: Leftovers\n|-heal|p2a: Heatran|94\/100|[from] item: Leftovers\n|upkeep\n|turn|3\n|\n|t:|1614198497\n|switch|p1a: Landorus|Landorus-Therian, M|100\/100\n|-ability|p1a: Landorus|Intimidate|boost\n|-unboost|p2a: Heatran|atk|1\n|move|p2a: Heatran|Magma Storm|p1a: Landorus\n|-damage|p1a: Landorus|40\/100\n|-activate|p1a: Landorus|move: Magma Storm|[of] p2a: Heatran\n|\n|-heal|p2a: Heatran|100\/100|[from] item: Leftovers\n|-damage|p1a: Landorus|28\/100|[from] move: Magma Storm|[partiallytrapped]\n|upkeep\n|turn|4\n|\n|t:|1614198508\n|switch|p2a: Rotom|Rotom-Wash|100\/100\n|-damage|p2a: Rotom|88\/100|[from] Stealth Rock\n|move|p1a: Landorus|Swords Dance|p1a: Landorus\n|-boost|p1a: Landorus|atk|2\n|\n|-end|p1a: Landorus|Magma Storm|[partiallytrapped]|[silent]\n|upkeep\n|turn|5\n|\n|t:|1614198517\n|switch|p2a: Garchomp|Garchomp, M|100\/100\n|-damage|p2a: Garchomp|94\/100|[from] Stealth Rock\n|-zpower|p1a: Landorus\n|move|p1a: Landorus|Supersonic Skystrike|p2a: Garchomp|[zeffect]\n|-damage|p2a: Garchomp|0 fnt\n|faint|p2a: Garchomp\n|\n|upkeep\n|\n|t:|1614198527\n|switch|p2a: Serperior|Serperior, M|100\/100\n|-damage|p2a: Serperior|88\/100|[from] Stealth Rock\n|turn|6\n|\n|t:|1614198532\n|switch|p1a: Kyurem|Kyurem-Black|100\/100\n|-ability|p1a: Kyurem|Teravolt\n|move|p2a: Serperior|Leaf Storm|p1a: Kyurem\n|-resisted|p1a: Kyurem\n|-damage|p1a: Kyurem|77\/100\n|-boost|p2a: Serperior|spa|2\n|\n|-heal|p2a: Serperior|94\/100|[from] item: Leftovers\n|upkeep\n|turn|7\n|\n|t:|1614198543\n|switch|p2a: Rotom|Rotom-Wash|88\/100\n|-damage|p2a: Rotom|76\/100|[from] Stealth Rock\n|move|p1a: Kyurem|Ice Beam|p2a: Rotom\n|-resisted|p2a: Rotom\n|-crit|p2a: Rotom\n|-damage|p2a: Rotom|32\/100\n|-damage|p1a: Kyurem|68\/100|[from] item: Life Orb\n|\n|upkeep\n|turn|8\n|\n|t:|1614198552\n|move|p1a: Kyurem|Earth Power|p2a: Rotom\n|-supereffective|p2a: Rotom\n|-damage|p2a: Rotom|0 fnt\n|-damage|p1a: Kyurem|58\/100|[from] item: Life Orb\n|faint|p2a: Rotom\n|\n|upkeep\n|\n|t:|1614198559\n|switch|p2a: Tapu Lele|Tapu Lele|100\/100\n|-damage|p2a: Tapu Lele|88\/100|[from] Stealth Rock\n|-fieldstart|move: Psychic Terrain|[from] ability: Psychic Surge|[of] p2a: Tapu Lele\n|turn|9\n|\n|t:|1614198566\n|switch|p1a: Landorus|Landorus-Therian, M|28\/100\n|-ability|p1a: Landorus|Intimidate|boost\n|-unboost|p2a: Tapu Lele|atk|1\n|move|p2a: Tapu Lele|Psychic|p1a: Landorus\n|-damage|p1a: Landorus|0 fnt\n|faint|p1a: Landorus\n|\n|upkeep\n|\n|t:|1614198569\n|switch|p1a: Mawile|Mawile, F|100\/100\n|-ability|p1a: Mawile|Intimidate|boost\n|-unboost|p2a: Tapu Lele|atk|1\n|turn|10\n|\n|t:|1614198577\n|switch|p2a: Heatran|Heatran, F|100\/100\n|-damage|p2a: Heatran|88\/100|[from] Stealth Rock\n|detailschange|p1a: Mawile|Mawile-Mega, F\n|-mega|p1a: Mawile|Mawile|Mawilite\n|move|p1a: Mawile|Knock Off|p2a: Heatran\n|-damage|p2a: Heatran|33\/100\n|-enditem|p2a: Heatran|Leftovers|[from] move: Knock Off|[of] p1a: Mawile\n|\n|upkeep\n|turn|11\n|\n|t:|1614198593\n|switch|p1a: Tapu Fini|Tapu Fini|100\/100\n|-fieldstart|move: Misty Terrain|[from] ability: Misty Surge|[of] p1a: Tapu Fini\n|move|p2a: Heatran|Stealth Rock|p1a: Tapu Fini\n|-sidestart|p1: mushamu|move: Stealth Rock\n|\n|upkeep\n|turn|12\n|\n|t:|1614198600\n|move|p1a: Tapu Fini|Nature's Madness|p2a: Heatran\n|-damage|p2a: Heatran|17\/100\n|move|p2a: Heatran|Magma Storm|p1a: Tapu Fini\n|-resisted|p1a: Tapu Fini\n|-damage|p1a: Tapu Fini|85\/100\n|-activate|p1a: Tapu Fini|move: Magma Storm|[of] p2a: Heatran\n|\n|-heal|p1a: Tapu Fini|91\/100|[from] item: Leftovers\n|-damage|p1a: Tapu Fini|78\/100|[from] move: Magma Storm|[partiallytrapped]\n|upkeep\n|turn|13\n|inactive|mushamu has 120 seconds left.\n|\n|t:|1614198634\n|move|p1a: Tapu Fini|Moonblast|p2a: Heatran\n|-resisted|p2a: Heatran\n|-damage|p2a: Heatran|12\/100\n|move|p2a: Heatran|Earth Power|p1a: Tapu Fini\n|-damage|p1a: Tapu Fini|57\/100\n|\n|-heal|p1a: Tapu Fini|63\/100|[from] item: Leftovers\n|-damage|p1a: Tapu Fini|50\/100|[from] move: Magma Storm|[partiallytrapped]\n|upkeep\n|turn|14\n|\n|t:|1614198643\n|move|p1a: Tapu Fini|Defog|p2a: Heatran\n|-unboost|p2a: Heatran|evasion|1\n|-sideend|p2: Thedebatablereaper|Stealth Rock|[from] move: Defog|[of] p1a: Tapu Fini\n|-sideend|p1: mushamu|Stealth Rock|[from] move: Defog|[of] p1a: Tapu Fini\n|move|p2a: Heatran|Earth Power|p1a: Tapu Fini\n|-damage|p1a: Tapu Fini|29\/100\n|-unboost|p1a: Tapu Fini|spd|1\n|\n|-heal|p1a: Tapu Fini|35\/100|[from] item: Leftovers\n|-damage|p1a: Tapu Fini|22\/100|[from] move: Magma Storm|[partiallytrapped]\n|upkeep\n|turn|15\n|\n|t:|1614198652\n|move|p1a: Tapu Fini|Taunt|p2a: Heatran\n|-start|p2a: Heatran|move: Taunt\n|cant|p2a: Heatran|move: Taunt|Taunt\n|\n|-heal|p1a: Tapu Fini|28\/100|[from] item: Leftovers\n|-damage|p1a: Tapu Fini|16\/100|[from] move: Magma Storm|[partiallytrapped]\n|-fieldend|Misty Terrain\n|upkeep\n|turn|16\n|inactive|mushamu has 120 seconds left.\n|\n|t:|1614198685\n|switch|p2a: Serperior|Serperior, M|94\/100\n|move|p1a: Tapu Fini|Moonblast|p2a: Serperior\n|-damage|p2a: Serperior|56\/100\n|\n|-heal|p2a: Serperior|62\/100|[from] item: Leftovers\n|-heal|p1a: Tapu Fini|22\/100|[from] item: Leftovers\n|-end|p1a: Tapu Fini|Magma Storm|[partiallytrapped]|[silent]\n|upkeep\n|turn|17\n|\n|t:|1614198694\n|move|p2a: Serperior|Leaf Storm|p1a: Tapu Fini\n|-supereffective|p1a: Tapu Fini\n|-damage|p1a: Tapu Fini|0 fnt\n|-boost|p2a: Serperior|spa|2\n|faint|p1a: Tapu Fini\n|\n|-heal|p2a: Serperior|69\/100|[from] item: Leftovers\n|upkeep\n|\n|t:|1614198699\n|switch|p1a: Mawile|Mawile-Mega, F|100\/100\n|turn|18\n|\n|t:|1614198705\n|switch|p2a: Heatran|Heatran, F|12\/100\n|move|p1a: Mawile|Knock Off|p2a: Heatran\n|-damage|p2a: Heatran|0 fnt\n|faint|p2a: Heatran\n|\n|upkeep\n|\n|t:|1614198710\n|switch|p2a: Mawile|Mawile, F|100\/100\n|-ability|p2a: Mawile|Intimidate|boost\n|-unboost|p1a: Mawile|atk|1\n|turn|19\n|\n|t:|1614198719\n|switch|p1a: Magnezone|Magnezone|100\/100\n|detailschange|p2a: Mawile|Mawile-Mega, F\n|-mega|p2a: Mawile|Mawile|Mawilite\n|move|p2a: Mawile|Fire Fang|p1a: Magnezone\n|-supereffective|p1a: Magnezone\n|-damage|p1a: Magnezone|11\/100\n|\n|upkeep\n|turn|20\n|\n|t:|1614198726\n|move|p2a: Mawile|Sucker Punch|p1a: Magnezone\n|-crit|p1a: Magnezone\n|-damage|p1a: Magnezone|0 fnt\n|faint|p1a: Magnezone\n|\n|upkeep\n|\n|t:|1614198730\n|switch|p1a: Kyurem|Kyurem-Black|58\/100\n|-ability|p1a: Kyurem|Teravolt\n|turn|21\n|\n|t:|1614198742\n|switch|p2a: Tapu Lele|Tapu Lele|88\/100\n|-fieldstart|move: Psychic Terrain|[from] ability: Psychic Surge|[of] p2a: Tapu Lele\n|move|p1a: Kyurem|Earth Power|p2a: Tapu Lele\n|-damage|p2a: Tapu Lele|45\/100\n|-damage|p1a: Kyurem|48\/100|[from] item: Life Orb\n|\n|upkeep\n|turn|22\n|\n|t:|1614198753\n|move|p2a: Tapu Lele|Psychic|p1a: Kyurem\n|-damage|p1a: Kyurem|0 fnt\n|faint|p1a: Kyurem\n|\n|upkeep\n|\n|t:|1614198755\n|switch|p1a: Mawile|Mawile-Mega, F|100\/100\n|turn|23\n|\n|t:|1614198773\n|move|p2a: Tapu Lele|Psychic|p1a: Mawile\n|-resisted|p1a: Mawile\n|-damage|p1a: Mawile|54\/100\n|-unboost|p1a: Mawile|spd|1\n|move|p1a: Mawile|Play Rough|p2a: Tapu Lele\n|-damage|p2a: Tapu Lele|0 fnt\n|faint|p2a: Tapu Lele\n|\n|upkeep\n|j| beautifications\n|\n|t:|1614198786\n|switch|p2a: Mawile|Mawile-Mega, F|100\/100\n|turn|24\n|\n|t:|1614198792\n|move|p2a: Mawile|Fire Fang|p1a: Mawile\n|-supereffective|p1a: Mawile\n|-damage|p1a: Mawile|0 fnt\n|faint|p1a: Mawile\n|\n|upkeep\n|\n|t:|1614198794\n|switch|p1a: Serperior|Serperior, F|94\/100\n|turn|25\n|\n|t:|1614198802\n|move|p1a: Serperior|Glare|p2a: Mawile\n|-status|p2a: Mawile|par\n|move|p2a: Mawile|Fire Fang|p1a: Serperior\n|-supereffective|p1a: Serperior\n|-damage|p1a: Serperior|6\/100\n|\n|-heal|p1a: Serperior|12\/100|[from] item: Leftovers\n|-fieldend|move: Psychic Terrain\n|upkeep\n|turn|26\n|\n|t:|1614198810\n|move|p1a: Serperior|Synthesis|p1a: Serperior\n|-heal|p1a: Serperior|62\/100\n|cant|p2a: Mawile|par\n|\n|-heal|p1a: Serperior|68\/100|[from] item: Leftovers\n|upkeep\n|turn|27\n|\n|t:|1614198816\n|move|p1a: Serperior|Synthesis|p1a: Serperior\n|-heal|p1a: Serperior|100\/100\n|move|p2a: Mawile|Fire Fang|p1a: Serperior\n|-supereffective|p1a: Serperior\n|-damage|p1a: Serperior|7\/100\n|\n|-heal|p1a: Serperior|13\/100|[from] item: Leftovers\n|upkeep\n|turn|28\n|\n|t:|1614198823\n|move|p1a: Serperior|Leaf Storm|p2a: Mawile\n|-resisted|p2a: Mawile\n|-damage|p2a: Mawile|75\/100 par\n|-boost|p1a: Serperior|spa|2\n|cant|p2a: Mawile|par\n|\n|-heal|p1a: Serperior|20\/100|[from] item: Leftovers\n|upkeep\n|turn|29\n|\n|t:|1614198830\n|move|p1a: Serperior|Synthesis|p1a: Serperior\n|-heal|p1a: Serperior|70\/100\n|cant|p2a: Mawile|par\n|\n|-heal|p1a: Serperior|76\/100|[from] item: Leftovers\n|upkeep\n|turn|30\n|\n|t:|1614198837\n|move|p1a: Serperior|Hidden Power|p2a: Mawile\n|-supereffective|p2a: Mawile\n|-damage|p2a: Mawile|21\/100 par\n|move|p2a: Mawile|Fire Fang|p1a: Serperior\n|-supereffective|p1a: Serperior\n|-damage|p1a: Serperior|0 fnt\n|faint|p1a: Serperior\n|\n|win|Thedebatablereaper\n|l|\u2606mushamu\n|l|\u2606Thedebatablereaper\n","uploadtime":1614198848,"views":14,"p1id":"mushamu","p2id":"thedebatablereaper","formatid":"gen7ou","rating":0,"private":0,"password":null}