{"id":"gen7ou-962856858","p1":"Jakkkkkka","p2":"EU OGre","format":"gen7ou","log":"|j|\u2606Jakkkkkka\n|j|\u2606EU OGre\n|player|p1|Jakkkkkka|137|1283\n|player|p2|EU OGre|151|1291\n|teamsize|p1|6\n|teamsize|p2|6\n|gametype|singles\n|gen|7\n|tier|[Gen 7] OU\n|rated|\n|rule|Sleep Clause Mod: Limit one foe put to sleep\n|rule|Species Clause: Limit one of each Pok\u00e9mon\n|rule|OHKO Clause: OHKO moves are banned\n|rule|Moody Clause: Moody is banned\n|rule|Evasion Moves Clause: Evasion moves are banned\n|rule|Endless Battle Clause: Forcing endless battles is banned\n|rule|HP Percentage Mod: HP is shown in percentages\n|clearpoke\n|poke|p1|Celesteela|item\n|poke|p1|Azelf|item\n|poke|p1|Medicham, F|item\n|poke|p1|Zapdos|item\n|poke|p1|Tapu Bulu|item\n|poke|p1|Greninja, M|item\n|poke|p2|Pelipper, M|item\n|poke|p2|Politoed, F|item\n|poke|p2|Swampert, F|item\n|poke|p2|Kabutops, M|item\n|poke|p2|Kingdra, F|item\n|poke|p2|Azumarill, F|item\n|teampreview\n|\n|start\n|switch|p1a: Azelf|Azelf|100\/100\n|switch|p2a: Swampert|Swampert, F|100\/100\n|turn|1\n|\n|detailschange|p2a: Swampert|Swampert-Mega, F\n|-mega|p2a: Swampert|Swampert|Swampertite\n|move|p1a: Azelf|Taunt|p2a: Swampert\n|-start|p2a: Swampert|move: Taunt\n|cant|p2a: Swampert|move: Taunt|Stealth Rock\n|\n|upkeep\n|turn|2\n|\n|switch|p2a: Politoed|Politoed, F|100\/100\n|-weather|RainDance|[from] ability: Drizzle|[of] p2a: Politoed\n|move|p1a: Azelf|Stealth Rock|p2a: Politoed\n|-sidestart|p2: EU OGre|move: Stealth Rock\n|\n|-weather|RainDance|[upkeep]\n|upkeep\n|turn|3\n|\n|move|p1a: Azelf|Knock Off|p2a: Politoed\n|-damage|p2a: Politoed|72\/100\n|-enditem|p2a: Politoed|Damp Rock|[from] move: Knock Off|[of] p1a: Azelf\n|move|p2a: Politoed|Toxic|p1a: Azelf\n|-status|p1a: Azelf|tox\n|\n|-weather|RainDance|[upkeep]\n|-damage|p1a: Azelf|94\/100 tox|[from] psn\n|upkeep\n|turn|4\n|\n|switch|p1a: Celesteela|Celesteela|100\/100\n|switch|p2a: Pelipper|Pelipper, M|100\/100\n|-damage|p2a: Pelipper|76\/100|[from] Stealth Rock\n|\n|-weather|RainDance|[upkeep]\n|upkeep\n|turn|5\n|\n|move|p1a: Celesteela|Air Slash|p2a: Pelipper\n|-damage|p2a: Pelipper|22\/100\n|move|p2a: Pelipper|Defog|p1a: Celesteela\n|-unboost|p1a: Celesteela|evasion|1\n|-sideend|p2: EU OGre|Stealth Rock|[from] move: Defog|[of] p2a: Pelipper\n|\n|-weather|RainDance|[upkeep]\n|upkeep\n|turn|6\n|\n|switch|p2a: Swampert|Swampert-Mega, F|100\/100\n|move|p1a: Celesteela|Air Slash|p2a: Swampert\n|-damage|p2a: Swampert|59\/100\n|\n|-weather|RainDance|[upkeep]\n|upkeep\n|turn|7\n|\n|move|p2a: Swampert|Waterfall|p1a: Celesteela\n|-damage|p1a: Celesteela|23\/100\n|move|p1a: Celesteela|Air Slash|p2a: Swampert\n|-damage|p2a: Swampert|13\/100\n|\n|-weather|RainDance|[upkeep]\n|upkeep\n|turn|8\n|\n|move|p2a: Swampert|Ice Punch|p1a: Celesteela\n|-damage|p1a: Celesteela|0 fnt\n|faint|p1a: Celesteela\n|\n|-weather|RainDance|[upkeep]\n|upkeep\n|\n|switch|p1a: Greninja|Greninja, M|100\/100\n|turn|9\n|\n|switch|p2a: Politoed|Politoed, F|72\/100\n|move|p1a: Greninja|Water Shuriken|p2a: Politoed\n|-resisted|p2a: Politoed\n|-damage|p2a: Politoed|67\/100\n|-resisted|p2a: Politoed\n|-damage|p2a: Politoed|62\/100\n|-resisted|p2a: Politoed\n|-damage|p2a: Politoed|58\/100\n|-hitcount|p2a: Politoed|3\n|\n|-weather|none\n|upkeep\n|turn|10\n|\n|switch|p1a: Azelf|Azelf|94\/100 tox\n|move|p2a: Politoed|Toxic|p1a: Azelf\n|-fail|p1a: Azelf|tox\n|\n|-damage|p1a: Azelf|88\/100 tox|[from] psn\n|upkeep\n|turn|11\n|\n|move|p1a: Azelf|Knock Off|p2a: Politoed\n|-damage|p2a: Politoed|37\/100\n|move|p2a: Politoed|Rest|p2a: Politoed\n|-status|p2a: Politoed|slp|[from] move: Rest\n|-heal|p2a: Politoed|100\/100 slp|[silent]\n|\n|-damage|p1a: Azelf|76\/100 tox|[from] psn\n|upkeep\n|turn|12\n|\n|switch|p1a: Medicham|Medicham, F|100\/100\n|cant|p2a: Politoed|slp\n|\n|upkeep\n|turn|13\n|\n|detailschange|p1a: Medicham|Medicham-Mega, F\n|-mega|p1a: Medicham|Medicham|Medichamite\n|move|p1a: Medicham|High Jump Kick|p2a: Politoed\n|-damage|p2a: Politoed|0 fnt\n|faint|p2a: Politoed\n|\n|upkeep\n|\n|switch|p2a: Pelipper|Pelipper, M|22\/100\n|-weather|RainDance|[from] ability: Drizzle|[of] p2a: Pelipper\n|turn|14\n|\n|switch|p2a: Azumarill|Azumarill, F|100\/100\n|move|p1a: Medicham|Ice Punch|p2a: Azumarill\n|-resisted|p2a: Azumarill\n|-damage|p2a: Azumarill|86\/100\n|\n|-weather|RainDance|[upkeep]\n|-heal|p2a: Azumarill|93\/100|[from] item: Leftovers\n|upkeep\n|turn|15\n|\n|switch|p1a: Azelf|Azelf|76\/100 tox\n|move|p2a: Azumarill|Knock Off|p1a: Azelf\n|-supereffective|p1a: Azelf\n|-damage|p1a: Azelf|38\/100 tox\n|-enditem|p1a: Azelf|Focus Sash|[from] move: Knock Off|[of] p2a: Azumarill\n|\n|-weather|RainDance|[upkeep]\n|-heal|p2a: Azumarill|99\/100|[from] item: Leftovers\n|-damage|p1a: Azelf|32\/100 tox|[from] psn\n|upkeep\n|turn|16\n|\n|switch|p2a: Swampert|Swampert-Mega, F|13\/100\n|move|p1a: Azelf|Knock Off|p2a: Swampert\n|-damage|p2a: Swampert|0 fnt\n|faint|p2a: Swampert\n|\n|-weather|RainDance|[upkeep]\n|-damage|p1a: Azelf|19\/100 tox|[from] psn\n|upkeep\n|\n|switch|p2a: Kingdra|Kingdra, F|100\/100\n|turn|17\n|\n|move|p2a: Kingdra|Surf|p1a: Azelf\n|-damage|p1a: Azelf|0 fnt\n|faint|p1a: Azelf\n|\n|-weather|RainDance|[upkeep]\n|upkeep\n|\n|switch|p1a: Tapu Bulu|Tapu Bulu|100\/100\n|-fieldstart|move: Grassy Terrain|[from] ability: Grassy Surge|[of] p1a: Tapu Bulu\n|turn|18\n|\n|switch|p2a: Azumarill|Azumarill, F|99\/100\n|move|p1a: Tapu Bulu|Wood Hammer|p2a: Azumarill\n|-ability|p2a: Azumarill|Sap Sipper|boost\n|-boost|p2a: Azumarill|atk|1\n|\n|-weather|RainDance|[upkeep]\n|-heal|p2a: Azumarill|100\/100|[from] item: Leftovers\n|upkeep\n|turn|19\n|\n|switch|p1a: Zapdos|Zapdos|100\/100\n|move|p2a: Azumarill|Toxic|p1a: Zapdos\n|-status|p1a: Zapdos|tox\n|\n|-weather|RainDance|[upkeep]\n|-damage|p1a: Zapdos|94\/100 tox|[from] psn\n|upkeep\n|turn|20\n|\n|switch|p2a: Kingdra|Kingdra, F|100\/100\n|move|p1a: Zapdos|Toxic|p2a: Kingdra\n|-status|p2a: Kingdra|tox\n|\n|-weather|RainDance|[upkeep]\n|-heal|p1a: Zapdos|100\/100 tox|[from] item: Leftovers\n|-damage|p2a: Kingdra|94\/100 tox|[from] psn\n|-damage|p1a: Zapdos|88\/100 tox|[from] psn\n|upkeep\n|turn|21\n|\n|move|p2a: Kingdra|Ice Beam|p1a: Zapdos\n|-supereffective|p1a: Zapdos\n|-damage|p1a: Zapdos|0 fnt\n|faint|p1a: Zapdos\n|\n|-weather|none\n|-heal|p2a: Kingdra|100\/100 tox|[from] Grassy Terrain\n|-damage|p2a: Kingdra|88\/100 tox|[from] psn\n|upkeep\n|\n|switch|p1a: Greninja|Greninja, M|100\/100\n|turn|22\n|\n|switch|p2a: Azumarill|Azumarill, F|100\/100\n|move|p1a: Greninja|Gunk Shot|p2a: Azumarill|[miss]\n|-miss|p1a: Greninja|p2a: Azumarill\n|\n|-fieldend|move: Grassy Terrain\n|upkeep\n|turn|23\n|\n|switch|p2a: Pelipper|Pelipper, M|22\/100\n|-weather|RainDance|[from] ability: Drizzle|[of] p2a: Pelipper\n|move|p1a: Greninja|Gunk Shot|p2a: Pelipper\n|-damage|p2a: Pelipper|2\/100\n|-status|p2a: Pelipper|psn\n|\n|-weather|RainDance|[upkeep]\n|-damage|p2a: Pelipper|0 fnt|[from] psn\n|faint|p2a: Pelipper\n|upkeep\n|\n|switch|p2a: Kabutops|Kabutops, M|100\/100\n|turn|24\n|\n|switch|p1a: Tapu Bulu|Tapu Bulu|100\/100\n|-fieldstart|move: Grassy Terrain|[from] ability: Grassy Surge|[of] p1a: Tapu Bulu\n|-zpower|p2a: Kabutops\n|move|p2a: Kabutops|Continental Crush|p1a: Tapu Bulu|[zeffect]\n|-damage|p1a: Tapu Bulu|0 fnt\n|faint|p1a: Tapu Bulu\n|\n|-weather|RainDance|[upkeep]\n|upkeep\n|\n|switch|p1a: Greninja|Greninja, M|100\/100\n|turn|25\n|\n|move|p1a: Greninja|Water Shuriken|p2a: Kabutops\n|-damage|p2a: Kabutops|75\/100\n|-damage|p2a: Kabutops|50\/100\n|-hitcount|p2a: Kabutops|2\n|move|p2a: Kabutops|Low Kick|p1a: Greninja\n|-supereffective|p1a: Greninja\n|-damage|p1a: Greninja|24\/100\n|\n|-weather|RainDance|[upkeep]\n|-heal|p2a: Kabutops|56\/100|[from] Grassy Terrain\n|-heal|p1a: Greninja|30\/100|[from] Grassy Terrain\n|upkeep\n|turn|26\n|\n|switch|p2a: Azumarill|Azumarill, F|100\/100\n|move|p1a: Greninja|Water Shuriken|p2a: Azumarill\n|-resisted|p2a: Azumarill\n|-damage|p2a: Azumarill|93\/100\n|-resisted|p2a: Azumarill\n|-crit|p2a: Azumarill\n|-damage|p2a: Azumarill|81\/100\n|-resisted|p2a: Azumarill\n|-damage|p2a: Azumarill|74\/100\n|-resisted|p2a: Azumarill\n|-damage|p2a: Azumarill|67\/100\n|-resisted|p2a: Azumarill\n|-crit|p2a: Azumarill\n|-damage|p2a: Azumarill|54\/100\n|-hitcount|p2a: Azumarill|5\n|\n|-weather|RainDance|[upkeep]\n|-heal|p1a: Greninja|36\/100|[from] Grassy Terrain\n|-heal|p2a: Azumarill|61\/100|[from] item: Leftovers\n|-heal|p2a: Azumarill|67\/100|[from] Grassy Terrain\n|upkeep\n|turn|27\n|\n|switch|p2a: Kingdra|Kingdra, F|88\/100 tox\n|move|p1a: Greninja|Water Shuriken|p2a: Kingdra\n|-resisted|p2a: Kingdra\n|-damage|p2a: Kingdra|83\/100 tox\n|-resisted|p2a: Kingdra\n|-damage|p2a: Kingdra|79\/100 tox\n|-hitcount|p2a: Kingdra|2\n|\n|-weather|RainDance|[upkeep]\n|-heal|p2a: Kingdra|85\/100 tox|[from] Grassy Terrain\n|-heal|p1a: Greninja|42\/100|[from] Grassy Terrain\n|-damage|p2a: Kingdra|79\/100 tox|[from] psn\n|upkeep\n|turn|28\n|\n|move|p1a: Greninja|Water Shuriken|p2a: Kingdra\n|-resisted|p2a: Kingdra\n|-damage|p2a: Kingdra|74\/100 tox\n|-resisted|p2a: Kingdra\n|-damage|p2a: Kingdra|70\/100 tox\n|-resisted|p2a: Kingdra\n|-damage|p2a: Kingdra|65\/100 tox\n|-resisted|p2a: Kingdra\n|-crit|p2a: Kingdra\n|-damage|p2a: Kingdra|58\/100 tox\n|-resisted|p2a: Kingdra\n|-damage|p2a: Kingdra|54\/100 tox\n|-hitcount|p2a: Kingdra|5\n|move|p2a: Kingdra|Hydro Pump|p1a: Greninja\n|-resisted|p1a: Greninja\n|-damage|p1a: Greninja|0 fnt\n|faint|p1a: Greninja\n|\n|-weather|RainDance|[upkeep]\n|-heal|p2a: Kingdra|60\/100 tox|[from] Grassy Terrain\n|-fieldend|move: Grassy Terrain\n|-damage|p2a: Kingdra|48\/100 tox|[from] psn\n|upkeep\n|\n|switch|p1a: Medicham|Medicham-Mega, F|100\/100\n|turn|29\n|\n|switch|p2a: Kabutops|Kabutops, M|56\/100\n|move|p1a: Medicham|Fake Out|p2a: Kabutops\n|-resisted|p2a: Kabutops\n|-damage|p2a: Kabutops|43\/100\n|\n|-weather|RainDance|[upkeep]\n|upkeep\n|turn|30\n|\n|move|p2a: Kabutops|Liquidation|p1a: Medicham\n|-damage|p1a: Medicham|0 fnt\n|faint|p1a: Medicham\n|\n|win|EU OGre\n|c|\u2606EU OGre|gg\n|l|\u2606Jakkkkkka\n||Ladder (probably) updated, but score could not be retrieved (Response not received).\n","uploadtime":1566247259,"views":3,"p1id":"jakkkkkka","p2id":"euogre","formatid":"gen7ou","rating":0,"private":0,"password":null}