{"id":"gen7monotyperandombattle-937532809","p1":"Nailonz","p2":"Hajmola","format":"gen7monotyperandombattle","log":"|j|\u2606Nailonz\n|j|\u2606Hajmola\n|player|p1|Nailonz|10\n|player|p2|Hajmola|143\n|teamsize|p1|6\n|teamsize|p2|6\n|gametype|singles\n|gen|7\n|tier|[Gen 7] Monotype Random Battle\n|rated|\n|rule|Same Type Clause: Pok\u00e9mon in a team must share a type\n|rule|Sleep Clause Mod: Limit one foe put to sleep\n|rule|HP Percentage Mod: HP is shown in percentages\n|\n|start\n|switch|p1a: Guzzlord|Guzzlord, L88|536\/536\n|switch|p2a: Greninja|Greninja, L80, F|246\/246\n|turn|1\n|\n|move|p2a: Greninja|Hydro Pump|p1a: Guzzlord|[miss]\n|-start|p2a: Greninja|typechange|Water|[from] ability: Protean\n|-miss|p2a: Greninja|p1a: Guzzlord\n|move|p1a: Guzzlord|Draco Meteor|p2a: Greninja\n|-damage|p2a: Greninja|22\/246\n|-unboost|p1a: Guzzlord|spa|2\n|-damage|p1a: Guzzlord|483\/536|[from] item: Life Orb\n|\n|upkeep\n|turn|2\n|\n|move|p2a: Greninja|Spikes|p1a: Guzzlord\n|-start|p2a: Greninja|typechange|Ground|[from] ability: Protean\n|-sidestart|p1: Nailonz|Spikes\n|move|p1a: Guzzlord|Knock Off|p2a: Greninja\n|-damage|p2a: Greninja|0 fnt\n|-enditem|p2a: Greninja|Focus Sash|[from] move: Knock Off|[of] p1a: Guzzlord\n|-damage|p1a: Guzzlord|430\/536|[from] item: Life Orb\n|faint|p2a: Greninja\n|-ability|p1a: Guzzlord|Beast Boost|boost\n|-boost|p1a: Guzzlord|atk|1\n|\n|upkeep\n|\n|switch|p2a: Pangoro|Pangoro, L86, M|304\/304\n|-ability|p2a: Pangoro|Mold Breaker\n|turn|3\n|\n|switch|p1a: Altaria|Altaria, L89, M|278\/278\n|move|p2a: Pangoro|Ice Punch|p1a: Altaria\n|-supereffective|p1a: Altaria\n|-damage|p1a: Altaria|0 fnt\n|faint|p1a: Altaria\n|\n|upkeep\n|\n|switch|p1a: Kyurem|Kyurem-White, L78|323\/323\n|-damage|p1a: Kyurem|283\/323|[from] Spikes\n|-ability|p1a: Kyurem|Turboblaze\n|turn|4\n|inactive|Battle timer is ON: inactive players will automatically lose when time's up. (requested by Hajmola)\n|\n|switch|p2a: Mightyena|Mightyena, L89, F|269\/269\n|move|p1a: Kyurem|Dragon Pulse|p2a: Mightyena\n|-damage|p2a: Mightyena|110\/269\n|\n|-heal|p1a: Kyurem|303\/323|[from] item: Leftovers\n|upkeep\n|turn|5\n|\n|move|p1a: Kyurem|Dragon Pulse|p2a: Mightyena\n|-damage|p2a: Mightyena|0 fnt\n|faint|p2a: Mightyena\n|\n|-heal|p1a: Kyurem|323\/323|[from] item: Leftovers\n|upkeep\n|\n|switch|p2a: Houndoom|Houndoom, L83, F|259\/259\n|turn|6\n|\n|detailschange|p2a: Houndoom|Houndoom-Mega, L83, F\n|-mega|p2a: Houndoom|Houndoom|Houndoominite\n|move|p2a: Houndoom|Nasty Plot|p2a: Houndoom\n|-boost|p2a: Houndoom|spa|2\n|move|p1a: Kyurem|Earth Power|p2a: Houndoom\n|-supereffective|p2a: Houndoom\n|-damage|p2a: Houndoom|89\/259\n|-unboost|p2a: Houndoom|spd|1\n|\n|upkeep\n|turn|7\n|\n|move|p2a: Houndoom|Fire Blast|p1a: Kyurem\n|-damage|p1a: Kyurem|23\/323\n|move|p1a: Kyurem|Dragon Pulse|p2a: Houndoom\n|-damage|p2a: Houndoom|0 fnt\n|faint|p2a: Houndoom\n|\n|-heal|p1a: Kyurem|43\/323|[from] item: Leftovers\n|upkeep\n|\n|switch|p2a: Sharpedo|Sharpedo, L83, F|252\/252\n|turn|8\n|\n|move|p2a: Sharpedo|Crunch|p1a: Kyurem\n|-damage|p1a: Kyurem|0 fnt\n|-damage|p2a: Sharpedo|227\/252|[from] item: Life Orb\n|faint|p1a: Kyurem\n|\n|-ability|p2a: Sharpedo|Speed Boost|boost\n|-boost|p2a: Sharpedo|spe|1\n|upkeep\n|\n|switch|p1a: Guzzlord|Guzzlord, L88|430\/536\n|-damage|p1a: Guzzlord|363\/536|[from] Spikes\n|turn|9\n|\n|move|p2a: Sharpedo|Waterfall|p1a: Guzzlord\n|-resisted|p1a: Guzzlord\n|-damage|p1a: Guzzlord|281\/536\n|-damage|p2a: Sharpedo|202\/252|[from] item: Life Orb\n|move|p1a: Guzzlord|Draco Meteor|p2a: Sharpedo\n|-damage|p2a: Sharpedo|0 fnt\n|-unboost|p1a: Guzzlord|spa|2\n|-damage|p1a: Guzzlord|228\/536|[from] item: Life Orb\n|faint|p2a: Sharpedo\n|-ability|p1a: Guzzlord|Beast Boost|boost\n|-boost|p1a: Guzzlord|atk|1\n|\n|upkeep\n|\n|switch|p2a: Pangoro|Pangoro, L86, M|304\/304\n|-ability|p2a: Pangoro|Mold Breaker\n|turn|10\n|\n|move|p2a: Pangoro|Ice Punch|p1a: Guzzlord\n|-supereffective|p1a: Guzzlord\n|-damage|p1a: Guzzlord|0 fnt\n|faint|p1a: Guzzlord\n|\n|upkeep\n|\n|switch|p1a: Goodra|Goodra, L84, M|288\/288\n|-damage|p1a: Goodra|252\/288|[from] Spikes\n|turn|11\n|\n|move|p1a: Goodra|Draco Meteor|p2a: Pangoro\n|-damage|p2a: Pangoro|123\/304\n|-unboost|p1a: Goodra|spa|2\n|move|p2a: Pangoro|Ice Punch|p1a: Goodra\n|-supereffective|p1a: Goodra\n|-damage|p1a: Goodra|0 fnt\n|faint|p1a: Goodra\n|\n|upkeep\n|\n|switch|p1a: Latios|Latios, L81, M|262\/262\n|turn|12\n|\n|move|p1a: Latios|Draco Meteor|p2a: Pangoro\n|-damage|p2a: Pangoro|0 fnt\n|-unboost|p1a: Latios|spa|2\n|faint|p2a: Pangoro\n|\n|upkeep\n|\n|switch|p2a: Honchkrow|Honchkrow, L84, M|305\/305\n|turn|13\n|\n|-activate|p1a: Latios|move: Pursuit\n|move|p2a: Honchkrow|Pursuit|p1a: Latios|[from]Pursuit\n|-supereffective|p1a: Latios\n|-damage|p1a: Latios|0 fnt\n|-damage|p2a: Honchkrow|275\/305|[from] item: Life Orb\n|-hint|A Pokemon can't switch between when it runs out of HP and when it faints\n|faint|p1a: Latios\n|-ability|p2a: Honchkrow|Moxie|boost\n|-boost|p2a: Honchkrow|atk|1\n|\n|upkeep\n|\n|switch|p1a: Garchomp|Garchomp, L80, M|304\/304\n|-damage|p1a: Garchomp|266\/304|[from] Spikes\n|turn|14\n|\n|detailschange|p1a: Garchomp|Garchomp-Mega, L80, M\n|-mega|p1a: Garchomp|Garchomp|Garchompite\n|move|p1a: Garchomp|Stone Edge|p2a: Honchkrow\n|-supereffective|p2a: Honchkrow\n|-damage|p2a: Honchkrow|3\/305\n|move|p2a: Honchkrow|Brave Bird|p1a: Garchomp\n|-damage|p1a: Garchomp|0 fnt\n|-damage|p2a: Honchkrow|0 fnt|[from] Recoil\n|faint|p1a: Garchomp\n|faint|p2a: Honchkrow\n|\n|win|Hajmola\n|l|\u2606Nailonz\n","inputlog":">version f722ec9846ec55fb42506b347698506347b301f4\n>start {\"formatid\":\"gen7monotyperandombattle\",\"seed\":[36364,30108,36389,9152],\"rated\":\"Rated battle\"}\n>player p1 {\"name\":\"Nailonz\",\"avatar\":\"10\",\"team\":\"\",\"seed\":[25258,50808,63976,26160]}\n>player p2 {\"name\":\"Hajmola\",\"avatar\":\"143\",\"team\":\"\",\"seed\":[48353,41941,40310,46403]}\n>p1 move dracometeor\n>p2 move hydropump\n>p1 move knockoff\n>p2 move spikes\n>p2 switch 2\n>p1 switch 6\n>p2 move icepunch\n>p1 switch 3\n>p1 move dragonpulse\n>p2 switch 3\n>p1 move dragonpulse\n>p2 move irontail\n>p2 switch 4\n>p1 move earthpower\n>p2 move nastyplot mega\n>p1 move dragonpulse\n>p2 move fireblast\n>p2 switch 6\n>p1 move toxic\n>p2 move crunch\n>p1 switch 6\n>p1 move dracometeor\n>p2 move waterfall\n>p2 switch 3\n>p1 move knockoff\n>p2 move icepunch\n>p1 switch 2\n>p1 move dracometeor\n>p2 move icepunch\n>p1 switch 5\n>p1 move dracometeor\n>p2 move icepunch\n>p2 switch 5\n>p1 switch 4\n>p2 move pursuit\n>p1 switch 4\n>p1 move stoneedge mega\n>p2 move bravebird","uploadtime":1561919799,"views":1,"p1id":"nailonz","p2id":"hajmola","formatid":"gen7monotyperandombattle","rating":0,"private":0,"password":null}