{"id":"gen7ou-1519316290","p1":"tanishq1","p2":"85792195wwww","format":"gen7ou","log":"|j|\u2606tanishq1\n|j|\u260685792195wwww\n|t:|1645896441\n|gametype|singles\n|player|p1|tanishq1|266|1664\n|player|p2|85792195wwww|lady|1514\n|teamsize|p1|6\n|teamsize|p2|6\n|gen|7\n|tier|[Gen 7] OU\n|rated|\n|rule|Sleep Clause Mod: Limit one foe put to sleep\n|rule|Species Clause: Limit one of each Pok\u00e9mon\n|rule|OHKO Clause: OHKO moves are banned\n|rule|Moody Clause: Moody is banned\n|rule|Evasion Moves Clause: Evasion moves are banned\n|rule|Endless Battle Clause: Forcing endless battles is banned\n|rule|HP Percentage Mod: HP is shown in percentages\n|clearpoke\n|poke|p1|Excadrill, M|item\n|poke|p1|Tyranitar, M|item\n|poke|p1|Charizard, F|item\n|poke|p1|Tornadus-Therian, M|item\n|poke|p1|Tangrowth, F|item\n|poke|p1|Rotom-Wash|item\n|poke|p2|Garchomp, M|item\n|poke|p2|Diancie|item\n|poke|p2|Magnezone|item\n|poke|p2|Hawlucha, F|item\n|poke|p2|Kyurem-Black|item\n|poke|p2|Tapu Lele|item\n|teampreview\n|inactive|Battle timer is ON: inactive players will automatically lose when time's up. (requested by tanishq1)\n|\n|t:|1645896456\n|start\n|switch|p1a: Tyranitar|Tyranitar, M|100\/100\n|switch|p2a: Garchomp|Garchomp, M|100\/100\n|-weather|Sandstorm|[from] ability: Sand Stream|[of] p1a: Tyranitar\n|turn|1\n|\n|t:|1645896464\n|move|p2a: Garchomp|Stealth Rock|p1a: Tyranitar\n|-sidestart|p1: tanishq1|move: Stealth Rock\n|move|p1a: Tyranitar|Ice Beam|p2a: Garchomp\n|-supereffective|p2a: Garchomp\n|-damage|p2a: Garchomp|39\/100\n|\n|-weather|Sandstorm|[upkeep]\n|upkeep\n|turn|2\n|\n|t:|1645896472\n|switch|p2a: Diancie|Diancie|100\/100\n|switch|p1a: Tornadus|Tornadus-Therian, M|100\/100\n|-damage|p1a: Tornadus|76\/100|[from] Stealth Rock\n|\n|-weather|Sandstorm|[upkeep]\n|-damage|p1a: Tornadus|70\/100|[from] Sandstorm\n|upkeep\n|turn|3\n|\n|t:|1645896487\n|detailschange|p2a: Diancie|Diancie-Mega\n|-mega|p2a: Diancie|Diancie|Diancite\n|move|p1a: Tornadus|U-turn|p2a: Diancie\n|-resisted|p2a: Diancie\n|-damage|p2a: Diancie|91\/100\n|\n|t:|1645896489\n|switch|p1a: Excadrill|Excadrill, M|100\/100|[from]move: U-turn\n|-damage|p1a: Excadrill|97\/100|[from] Stealth Rock\n|move|p2a: Diancie|Power Gem|p1a: Excadrill\n|-resisted|p1a: Excadrill\n|-damage|p1a: Excadrill|82\/100\n|\n|-weather|Sandstorm|[upkeep]\n|upkeep\n|turn|4\n|\n|t:|1645896507\n|move|p1a: Excadrill|Earthquake|p2a: Diancie\n|-supereffective|p2a: Diancie\n|-damage|p2a: Diancie|0 fnt\n|faint|p2a: Diancie\n|\n|-weather|Sandstorm|[upkeep]\n|upkeep\n|\n|t:|1645896517\n|switch|p2a: Kyurem|Kyurem-Black|100\/100\n|-ability|p2a: Kyurem|Teravolt\n|turn|5\n|\n|t:|1645896523\n|move|p1a: Excadrill|Iron Head|p2a: Kyurem\n|-supereffective|p2a: Kyurem\n|-damage|p2a: Kyurem|23\/100\n|-zpower|p2a: Kyurem\n|move|p2a: Kyurem|Subzero Slammer|p1a: Excadrill|[zeffect]\n|-damage|p1a: Excadrill|0 fnt\n|faint|p1a: Excadrill\n|\n|-weather|none\n|upkeep\n|\n|t:|1645896527\n|switch|p1a: Tornadus|Tornadus-Therian, M|100\/100\n|-damage|p1a: Tornadus|76\/100|[from] Stealth Rock\n|turn|6\n|\n|t:|1645896541\n|move|p1a: Tornadus|Defog|p2a: Kyurem\n|-unboost|p2a: Kyurem|evasion|1\n|-sideend|p1: tanishq1|Stealth Rock|[from] move: Defog|[of] p1a: Tornadus\n|move|p2a: Kyurem|Fusion Bolt|p1a: Tornadus\n|-supereffective|p1a: Tornadus\n|-damage|p1a: Tornadus|0 fnt\n|faint|p1a: Tornadus\n|\n|upkeep\n|\n|t:|1645896544\n|switch|p1a: Charizard|Charizard, F|100\/100\n|turn|7\n|\n|t:|1645896560\n|switch|p2a: Garchomp|Garchomp, M|39\/100\n|detailschange|p1a: Charizard|Charizard-Mega-X, F\n|-mega|p1a: Charizard|Charizard|Charizardite X\n|move|p1a: Charizard|Dragon Dance|p1a: Charizard\n|-boost|p1a: Charizard|atk|1\n|-boost|p1a: Charizard|spe|1\n|\n|upkeep\n|turn|8\n|\n|t:|1645896570\n|move|p1a: Charizard|Earthquake|p2a: Garchomp\n|-damage|p2a: Garchomp|9\/100\n|move|p2a: Garchomp|Earthquake|p1a: Charizard\n|-supereffective|p1a: Charizard\n|-damage|p1a: Charizard|5\/100\n|\n|upkeep\n|turn|9\n|\n|t:|1645896580\n|move|p1a: Charizard|Earthquake|p2a: Garchomp\n|-damage|p2a: Garchomp|0 fnt\n|faint|p2a: Garchomp\n|\n|upkeep\n|\n|t:|1645896586\n|switch|p2a: Tapu Lele|Tapu Lele|100\/100\n|-fieldstart|move: Psychic Terrain|[from] ability: Psychic Surge|[of] p2a: Tapu Lele\n|turn|10\n|\n|t:|1645896593\n|switch|p2a: Kyurem|Kyurem-Black|23\/100\n|-ability|p2a: Kyurem|Teravolt\n|move|p1a: Charizard|Roost|p1a: Charizard\n|-heal|p1a: Charizard|55\/100\n|-singleturn|p1a: Charizard|move: Roost\n|\n|upkeep\n|turn|11\n|\n|t:|1645896605\n|move|p1a: Charizard|Roost|p1a: Charizard\n|-heal|p1a: Charizard|100\/100\n|-singleturn|p1a: Charizard|move: Roost\n|move|p2a: Kyurem|Ice Beam|p1a: Charizard\n|-damage|p1a: Charizard|58\/100\n|-status|p1a: Charizard|frz\n|\n|upkeep\n|turn|12\n|\n|t:|1645896614\n|cant|p1a: Charizard|frz\n|move|p2a: Kyurem|Ice Beam|p1a: Charizard\n|-damage|p1a: Charizard|15\/100 frz\n|\n|upkeep\n|turn|13\n|\n|t:|1645896621\n|cant|p1a: Charizard|frz\n|move|p2a: Kyurem|Fusion Bolt|p1a: Charizard\n|-resisted|p1a: Charizard\n|-damage|p1a: Charizard|0 fnt\n|faint|p1a: Charizard\n|\n|upkeep\n|\n|t:|1645896625\n|switch|p1a: Tyranitar|Tyranitar, M|100\/100\n|-weather|Sandstorm|[from] ability: Sand Stream|[of] p1a: Tyranitar\n|turn|14\n|j| Poke Blade XX\n|\n|t:|1645896641\n|switch|p2a: Magnezone|Magnezone|100\/100\n|move|p1a: Tyranitar|Stone Edge|p2a: Magnezone|[miss]\n|-miss|p1a: Tyranitar|p2a: Magnezone\n|\n|-weather|Sandstorm|[upkeep]\n|-fieldend|move: Psychic Terrain\n|upkeep\n|turn|15\n|l| Poke Blade XX\n|\n|t:|1645896657\n|switch|p1a: Tangrowth|Tangrowth, F|100\/100\n|move|p2a: Magnezone|Flash Cannon|p1a: Tangrowth\n|-damage|p1a: Tangrowth|59\/100\n|\n|-weather|Sandstorm|[upkeep]\n|-damage|p1a: Tangrowth|52\/100|[from] Sandstorm\n|upkeep\n|turn|16\n|\n|t:|1645896666\n|switch|p2a: Kyurem|Kyurem-Black|23\/100\n|-ability|p2a: Kyurem|Teravolt\n|move|p1a: Tangrowth|Earthquake|p2a: Kyurem\n|-damage|p2a: Kyurem|5\/100\n|\n|-weather|Sandstorm|[upkeep]\n|-damage|p2a: Kyurem|0 fnt|[from] Sandstorm\n|-damage|p1a: Tangrowth|46\/100|[from] Sandstorm\n|faint|p2a: Kyurem\n|upkeep\n|\n|t:|1645896676\n|switch|p2a: Magnezone|Magnezone|100\/100\n|turn|17\n|\n|t:|1645896684\n|switch|p1a: Rotom|Rotom-Wash|100\/100\n|move|p2a: Magnezone|Volt Switch|p1a: Rotom\n|-damage|p1a: Rotom|46\/100\n|\n|t:|1645896690\n|switch|p2a: Tapu Lele|Tapu Lele|100\/100|[from]move: Volt Switch\n|-fieldstart|move: Psychic Terrain|[from] ability: Psychic Surge|[of] p2a: Tapu Lele\n|\n|-weather|Sandstorm|[upkeep]\n|-damage|p2a: Tapu Lele|94\/100|[from] Sandstorm\n|-damage|p1a: Rotom|40\/100|[from] Sandstorm\n|-heal|p1a: Rotom|46\/100|[from] item: Leftovers\n|upkeep\n|turn|18\n|\n|t:|1645896702\n|switch|p1a: Tangrowth|Tangrowth, F|79\/100\n|move|p2a: Tapu Lele|Psyshock|p1a: Tangrowth\n|-damage|p1a: Tangrowth|24\/100\n|\n|-weather|none\n|upkeep\n|turn|19\n|\n|t:|1645896714\n|move|p2a: Tapu Lele|Moonblast|p1a: Tangrowth\n|-damage|p1a: Tangrowth|0 fnt\n|faint|p1a: Tangrowth\n|\n|upkeep\n|\n|t:|1645896718\n|switch|p1a: Tyranitar|Tyranitar, M|100\/100\n|-weather|Sandstorm|[from] ability: Sand Stream|[of] p1a: Tyranitar\n|turn|20\n|\n|t:|1645896725\n|move|p2a: Tapu Lele|Moonblast|p1a: Tyranitar\n|-supereffective|p1a: Tyranitar\n|-damage|p1a: Tyranitar|46\/100\n|-unboost|p1a: Tyranitar|spa|1\n|move|p1a: Tyranitar|Stone Edge|p2a: Tapu Lele|[miss]\n|-miss|p1a: Tyranitar|p2a: Tapu Lele\n|\n|-weather|Sandstorm|[upkeep]\n|-damage|p2a: Tapu Lele|88\/100|[from] Sandstorm\n|upkeep\n|turn|21\n|-message|tanishq1 forfeited.\n|\n|win|85792195wwww\n|raw|tanishq1's rating: 1664 &rarr; <strong>1636<\/strong><br \/>(-28 for losing)\n|raw|85792195wwww's rating: 1514 &rarr; <strong>1542<\/strong><br \/>(+28 for winning)\n|l|\u2606tanishq1\n","uploadtime":1645896738,"views":16,"p1id":"tanishq1","p2id":"85792195wwww","formatid":"gen7ou","rating":1542,"private":0,"password":null}