{"id":"gen7ou-1689902688","p1":"Aboudjabi31","p2":"Lucians Call","format":"gen7ou","log":"|j|\u2606Aboudjabi31\n|j|\u2606Lucians Call\n|t:|1666213792\n|gametype|singles\n|player|p1|Aboudjabi31|102|1555\n|player|p2|Lucians Call|furisodegirl-blue|1863\n|teamsize|p1|6\n|teamsize|p2|6\n|gen|7\n|tier|[Gen 7] OU\n|rated|\n|rule|Sleep Clause Mod: Limit one foe put to sleep\n|rule|Species Clause: Limit one of each Pok\u00e9mon\n|rule|OHKO Clause: OHKO moves are banned\n|rule|Moody Clause: Moody is banned\n|rule|Evasion Items Clause: Evasion items are banned\n|rule|Evasion Moves Clause: Evasion moves are banned\n|rule|Endless Battle Clause: Forcing endless battles is banned\n|rule|HP Percentage Mod: HP is shown in percentages\n|clearpoke\n|poke|p1|Greninja, M|item\n|poke|p1|Volcarona, M|item\n|poke|p1|Heatran, M|item\n|poke|p1|Zapdos|item\n|poke|p1|Serperior, M|item\n|poke|p1|Charizard, F|item\n|poke|p2|Mawile, M|item\n|poke|p2|Garchomp, F|item\n|poke|p2|Jirachi|item\n|poke|p2|Tapu Fini|item\n|poke|p2|Tornadus-Therian, M|item\n|poke|p2|Tangrowth, F|item\n|teampreview\n|inactive|Battle timer is ON: inactive players will automatically lose when time's up. (requested by Lucians Call)\n|\n|t:|1666213803\n|start\n|switch|p1a: Charizard|Charizard, F|100\/100\n|switch|p2a: Garchomp|Garchomp, F|100\/100\n|turn|1\n|\n|t:|1666213823\n|-zpower|p2a: Garchomp\n|move|p2a: Garchomp|Continental Crush|p1a: Charizard|[zeffect]\n|-supereffective|p1a: Charizard\n|-damage|p1a: Charizard|0 fnt\n|faint|p1a: Charizard\n|\n|upkeep\n|\n|t:|1666213838\n|switch|p1a: Greninja|Greninja, M|100\/100\n|turn|2\n|\n|t:|1666213845\n|switch|p1a: Serperior|Serperior, M|100\/100\n|switch|p2a: Tapu Fini|Tapu Fini|100\/100\n|-fieldstart|move: Misty Terrain|[from] ability: Misty Surge|[of] p2a: Tapu Fini\n|\n|upkeep\n|turn|3\n|\n|t:|1666213852\n|switch|p2a: Jirachi|Jirachi|100\/100\n|move|p1a: Serperior|Substitute|p1a: Serperior\n|-start|p1a: Serperior|Substitute\n|-damage|p1a: Serperior|76\/100\n|\n|-heal|p1a: Serperior|82\/100|[from] item: Leftovers\n|upkeep\n|turn|4\n|\n|t:|1666213858\n|move|p2a: Jirachi|U-turn|p1a: Serperior\n|-supereffective|p1a: Serperior\n|-end|p1a: Serperior|Substitute\n|\n|t:|1666213860\n|switch|p2a: Tornadus|Tornadus-Therian, M|100\/100|[from]move: U-turn\n|move|p1a: Serperior|Leaf Storm|p2a: Tornadus\n|-resisted|p2a: Tornadus\n|-damage|p2a: Tornadus|70\/100\n|-boost|p1a: Serperior|spa|2\n|\n|-heal|p1a: Serperior|88\/100|[from] item: Leftovers\n|upkeep\n|turn|5\n|\n|t:|1666213872\n|switch|p1a: Zapdos|Zapdos|100\/100\n|move|p2a: Tornadus|Hurricane|p1a: Zapdos|[miss]\n|-miss|p2a: Tornadus|p1a: Zapdos\n|\n|upkeep\n|turn|6\n|\n|t:|1666213882\n|switch|p2a: Garchomp|Garchomp, F|100\/100\n|move|p1a: Zapdos|Hidden Power|p2a: Garchomp\n|-supereffective|p2a: Garchomp\n|-damage|p2a: Garchomp|21\/100\n|\n|-fieldend|Misty Terrain\n|upkeep\n|turn|7\n|j| PIDB\n|\n|t:|1666213891\n|move|p2a: Garchomp|Stone Edge|p1a: Zapdos\n|-supereffective|p1a: Zapdos\n|-damage|p1a: Zapdos|48\/100\n|move|p1a: Zapdos|Hidden Power|p2a: Garchomp\n|-supereffective|p2a: Garchomp\n|-damage|p2a: Garchomp|0 fnt\n|faint|p2a: Garchomp\n|\n|upkeep\n|\n|t:|1666213905\n|switch|p2a: Mawile|Mawile, M|100\/100\n|-ability|p2a: Mawile|Intimidate|boost\n|-unboost|p1a: Zapdos|atk|1\n|turn|8\n|\n|t:|1666213911\n|detailschange|p2a: Mawile|Mawile-Mega, M\n|-mega|p2a: Mawile|Mawile|Mawilite\n|move|p1a: Zapdos|Heat Wave|p2a: Mawile\n|-supereffective|p2a: Mawile\n|-damage|p2a: Mawile|23\/100\n|move|p2a: Mawile|Play Rough|p1a: Zapdos\n|-damage|p1a: Zapdos|0 fnt\n|-damage|p2a: Mawile|6\/100|[from] item: Rocky Helmet|[of] p1a: Zapdos\n|-status|p2a: Mawile|par|[from] ability: Static|[of] p1a: Zapdos\n|faint|p1a: Zapdos\n|\n|upkeep\n|\n|t:|1666213924\n|switch|p1a: Heatran|Heatran, M|100\/100\n|turn|9\n|\n|t:|1666213927\n|switch|p2a: Tapu Fini|Tapu Fini|100\/100\n|-fieldstart|move: Misty Terrain|[from] ability: Misty Surge|[of] p2a: Tapu Fini\n|move|p1a: Heatran|Stealth Rock|p2a: Tapu Fini\n|-sidestart|p2: Lucians Call|move: Stealth Rock\n|\n|upkeep\n|turn|10\n|\n|t:|1666213935\n|move|p2a: Tapu Fini|Moonblast|p1a: Heatran\n|-resisted|p1a: Heatran\n|-damage|p1a: Heatran|96\/100\n|move|p1a: Heatran|Magma Storm|p2a: Tapu Fini\n|-resisted|p2a: Tapu Fini\n|-damage|p2a: Tapu Fini|87\/100\n|-activate|p2a: Tapu Fini|move: Magma Storm|[of] p1a: Heatran\n|\n|-heal|p2a: Tapu Fini|93\/100|[from] item: Leftovers\n|-heal|p1a: Heatran|100\/100|[from] item: Leftovers\n|-damage|p2a: Tapu Fini|81\/100|[from] move: Magma Storm|[partiallytrapped]\n|upkeep\n|turn|11\n|\n|t:|1666213947\n|move|p2a: Tapu Fini|Defog|p1a: Heatran\n|-unboost|p1a: Heatran|evasion|1\n|-sideend|p2: Lucians Call|Stealth Rock|[from] move: Defog|[of] p2a: Tapu Fini\n|move|p1a: Heatran|Earth Power|p2a: Tapu Fini\n|-damage|p2a: Tapu Fini|64\/100\n|\n|-heal|p2a: Tapu Fini|70\/100|[from] item: Leftovers\n|-damage|p2a: Tapu Fini|58\/100|[from] move: Magma Storm|[partiallytrapped]\n|upkeep\n|turn|12\n|\n|t:|1666213955\n|move|p2a: Tapu Fini|Taunt|p1a: Heatran\n|-start|p1a: Heatran|move: Taunt\n|cant|p1a: Heatran|move: Taunt|Stealth Rock\n|\n|-heal|p2a: Tapu Fini|64\/100|[from] item: Leftovers\n|-damage|p2a: Tapu Fini|52\/100|[from] move: Magma Storm|[partiallytrapped]\n|upkeep\n|turn|13\n|\n|t:|1666213962\n|move|p2a: Tapu Fini|Scald|p1a: Heatran\n|-supereffective|p1a: Heatran\n|-damage|p1a: Heatran|63\/100\n|move|p1a: Heatran|Earth Power|p2a: Tapu Fini\n|-damage|p2a: Tapu Fini|35\/100\n|\n|-heal|p2a: Tapu Fini|41\/100|[from] item: Leftovers\n|-heal|p1a: Heatran|69\/100|[from] item: Leftovers\n|-damage|p2a: Tapu Fini|28\/100|[from] move: Magma Storm|[partiallytrapped]\n|-fieldend|Misty Terrain\n|upkeep\n|turn|14\n|\n|t:|1666213972\n|move|p2a: Tapu Fini|Scald|p1a: Heatran\n|-supereffective|p1a: Heatran\n|-damage|p1a: Heatran|35\/100\n|move|p1a: Heatran|Earth Power|p2a: Tapu Fini\n|-damage|p2a: Tapu Fini|12\/100\n|\n|-heal|p2a: Tapu Fini|18\/100|[from] item: Leftovers\n|-heal|p1a: Heatran|41\/100|[from] item: Leftovers\n|-end|p2a: Tapu Fini|Magma Storm|[partiallytrapped]\n|-end|p1a: Heatran|move: Taunt\n|upkeep\n|turn|15\n|\n|t:|1666213982\n|move|p2a: Tapu Fini|Taunt|p1a: Heatran\n|-start|p1a: Heatran|move: Taunt\n|move|p1a: Heatran|Magma Storm|p2a: Tapu Fini\n|-resisted|p2a: Tapu Fini\n|-damage|p2a: Tapu Fini|4\/100\n|-activate|p2a: Tapu Fini|move: Magma Storm|[of] p1a: Heatran\n|\n|-heal|p2a: Tapu Fini|10\/100|[from] item: Leftovers\n|-heal|p1a: Heatran|48\/100|[from] item: Leftovers\n|-damage|p2a: Tapu Fini|0 fnt|[from] move: Magma Storm|[partiallytrapped]\n|faint|p2a: Tapu Fini\n|upkeep\n|\n|t:|1666213984\n|switch|p2a: Tornadus|Tornadus-Therian, M|100\/100\n|turn|16\n|\n|t:|1666213996\n|move|p2a: Tornadus|Focus Blast|p1a: Heatran\n|-supereffective|p1a: Heatran\n|-damage|p1a: Heatran|0 fnt\n|faint|p1a: Heatran\n|-damage|p2a: Tornadus|91\/100|[from] item: Life Orb\n|\n|upkeep\n|\n|t:|1666214004\n|switch|p1a: Greninja|Greninja, M|100\/100\n|turn|17\n|\n|t:|1666214023\n|switch|p2a: Mawile|Mawile-Mega, M|6\/100 par\n|move|p1a: Greninja|Dark Pulse|p2a: Mawile\n|-resisted|p2a: Mawile\n|-damage|p2a: Mawile|0 fnt\n|faint|p2a: Mawile\n|-activate|p1a: Greninja|ability: Battle Bond\n|detailschange|p1a: Greninja|Greninja-Ash, M\n|\n|upkeep\n|\n|t:|1666214026\n|switch|p2a: Jirachi|Jirachi|100\/100\n|turn|18\n|\n|t:|1666214034\n|move|p2a: Jirachi|U-turn|p1a: Greninja\n|-supereffective|p1a: Greninja\n|-damage|p1a: Greninja|35\/100\n|\n|t:|1666214038\n|switch|p2a: Tangrowth|Tangrowth, F|100\/100|[from]move: U-turn\n|move|p1a: Greninja|Dark Pulse|p2a: Tangrowth\n|-damage|p2a: Tangrowth|8\/100\n|\n|upkeep\n|turn|19\n|\n|t:|1666214044\n|move|p1a: Greninja|Dark Pulse|p2a: Tangrowth\n|-damage|p2a: Tangrowth|0 fnt\n|faint|p2a: Tangrowth\n|\n|upkeep\n|\n|t:|1666214045\n|switch|p2a: Jirachi|Jirachi|100\/100\n|turn|20\n|\n|t:|1666214051\n|switch|p1a: Volcarona|Volcarona, M|100\/100\n|move|p2a: Jirachi|U-turn|p1a: Volcarona\n|-resisted|p1a: Volcarona\n|-damage|p1a: Volcarona|86\/100\n|\n|t:|1666214054\n|switch|p2a: Tornadus|Tornadus-Therian, M|100\/100|[from]move: U-turn\n|\n|upkeep\n|turn|21\n|\n|t:|1666214058\n|move|p2a: Tornadus|Hurricane|p1a: Volcarona|[miss]\n|-miss|p2a: Tornadus|p1a: Volcarona\n|move|p1a: Volcarona|Quiver Dance|p1a: Volcarona\n|-boost|p1a: Volcarona|spa|1\n|-boost|p1a: Volcarona|spd|1\n|-boost|p1a: Volcarona|spe|1\n|\n|upkeep\n|turn|22\n|\n|t:|1666214065\n|move|p1a: Volcarona|Fire Blast|p2a: Tornadus\n|-damage|p2a: Tornadus|0 fnt\n|faint|p2a: Tornadus\n|-damage|p1a: Volcarona|76\/100|[from] item: Life Orb\n|\n|upkeep\n|c|\u2606Aboudjabi31|sorry bitch\n|inactive|Lucians Call has 120 seconds left.\n|c|\u2606Lucians Call|are u ok in the head\n|c|\u2606Lucians Call|what warrants u to act like a clown\n|c|\u2606Lucians Call|after haxxing\n|c|\u2606Lucians Call|67 gxe moments\n|inactive|Lucians Call has 90 seconds left.\n|-message|Lucians Call forfeited.\n|\n|win|Aboudjabi31\n|raw|Aboudjabi31's rating: 1555 &rarr; <strong>1589<\/strong><br \/>(+34 for winning)\n|raw|Lucians Call's rating: 1863 &rarr; <strong>1829<\/strong><br \/>(-34 for losing)\n|l|\u2606Lucians Call\n|l|\u2606Aboudjabi31\n","uploadtime":1666214150,"views":22,"p1id":"aboudjabi31","p2id":"lucianscall","formatid":"gen7ou","rating":1589,"private":0,"password":null}