{"id":"gen7randombattle-960946462","p1":"EmrGB","p2":"comp233","format":"gen7randombattle","log":"|j|\u2606EmrGB\n|j|\u2606comp233\n|player|p1|EmrGB|169|2128\n|player|p2|comp233|102|2091\n|teamsize|p1|6\n|teamsize|p2|6\n|gametype|singles\n|gen|7\n|tier|[Gen 7] Random Battle\n|rated|\n|rule|Sleep Clause Mod: Limit one foe put to sleep\n|rule|HP Percentage Mod: HP is shown in percentages\n|\n|start\n|switch|p1a: Type: Null|Type: Null, L89|314\/314\n|switch|p2a: Vanilluxe|Vanilluxe, L85, F|259\/259\n|-weather|Hail|[from] ability: Snow Warning|[of] p2a: Vanilluxe\n|turn|1\n|inactive|Battle timer is ON: inactive players will automatically lose when time's up. (requested by EmrGB)\n|\n|switch|p2a: Quagsire|Quagsire, L88, F|310\/310\n|move|p1a: Type: Null|Swords Dance|p1a: Type: Null\n|-boost|p1a: Type: Null|atk|2\n|\n|-weather|Hail|[upkeep]\n|-damage|p1a: Type: Null|295\/314|[from] Hail\n|-damage|p2a: Quagsire|291\/310|[from] Hail\n|-heal|p2a: Quagsire|310\/310|[from] item: Leftovers\n|upkeep\n|turn|2\n|\n|move|p1a: Type: Null|Return|p2a: Quagsire\n|-damage|p2a: Quagsire|189\/310\n|move|p2a: Quagsire|Toxic|p1a: Type: Null\n|-status|p1a: Type: Null|tox\n|\n|-weather|Hail|[upkeep]\n|-damage|p1a: Type: Null|276\/314 tox|[from] Hail\n|-damage|p2a: Quagsire|170\/310|[from] Hail\n|-heal|p2a: Quagsire|189\/310|[from] item: Leftovers\n|-damage|p1a: Type: Null|257\/314 tox|[from] psn\n|upkeep\n|turn|3\n|inactive|EmrGB has 120 seconds left.\n|\n|switch|p2a: Aegislash|Aegislash, L78, M|222\/222\n|move|p1a: Type: Null|Rest|p1a: Type: Null\n|-status|p1a: Type: Null|slp|[from] move: Rest\n|-heal|p1a: Type: Null|314\/314 slp|[silent]\n|\n|-weather|Hail|[upkeep]\n|-damage|p1a: Type: Null|295\/314 slp|[from] Hail\n|-damage|p2a: Aegislash|209\/222|[from] Hail\n|upkeep\n|turn|4\n|inactive|EmrGB has 120 seconds left.\n|\n|switch|p1a: Vaporeon|Vaporeon, L86, F|364\/364\n|-formechange|p2a: Aegislash|Aegislash-Blade||[from] ability: Stance Change\n|move|p2a: Aegislash|Shadow Ball|p1a: Vaporeon\n|-damage|p1a: Vaporeon|246\/364\n|-damage|p2a: Aegislash|187\/222|[from] item: Life Orb\n|\n|-weather|Hail|[upkeep]\n|-damage|p1a: Vaporeon|224\/364|[from] Hail\n|-damage|p2a: Aegislash|174\/222|[from] Hail\n|-heal|p1a: Vaporeon|246\/364|[from] item: Leftovers\n|upkeep\n|turn|5\n|inactive|EmrGB has 120 seconds left.\n|\n|switch|p2a: Swalot|Swalot, L89, M|323\/323\n|move|p1a: Vaporeon|Scald|p2a: Swalot\n|-damage|p2a: Swalot|229\/323\n|\n|-weather|none\n|-heal|p1a: Vaporeon|268\/364|[from] item: Leftovers\n|-heal|p2a: Swalot|249\/323|[from] item: Black Sludge\n|upkeep\n|turn|6\n|inactive|EmrGB has 120 seconds left.\n|\n|switch|p1a: Excadrill|Excadrill, L80, F|307\/307\n|-ability|p1a: Excadrill|Mold Breaker\n|move|p2a: Swalot|Toxic|p1a: Excadrill\n|-immune|p1a: Excadrill\n|\n|-heal|p2a: Swalot|269\/323|[from] item: Black Sludge\n|upkeep\n|turn|7\n|inactive|comp233 has 120 seconds left.\n|\n|switch|p2a: Breloom|Breloom, L81, M|230\/230\n|move|p1a: Excadrill|Earthquake|p2a: Breloom\n|-resisted|p2a: Breloom\n|-damage|p2a: Breloom|144\/230\n|-damage|p1a: Excadrill|277\/307|[from] item: Life Orb\n|\n|-heal|p2a: Breloom|158\/230|[from] item: Leftovers\n|upkeep\n|turn|8\n|inactive|comp233 has 120 seconds left.\n|inactive|EmrGB has 90 seconds left.\n|\n|move|p2a: Breloom|Mach Punch|p1a: Excadrill\n|-supereffective|p1a: Excadrill\n|-damage|p1a: Excadrill|89\/307\n|move|p1a: Excadrill|Iron Head|p2a: Breloom\n|-damage|p2a: Breloom|9\/230\n|-damage|p1a: Excadrill|59\/307|[from] item: Life Orb\n|\n|-heal|p2a: Breloom|23\/230|[from] item: Leftovers\n|upkeep\n|turn|9\n|\n|move|p2a: Breloom|Mach Punch|p1a: Excadrill\n|-supereffective|p1a: Excadrill\n|-damage|p1a: Excadrill|0 fnt\n|faint|p1a: Excadrill\n|\n|-heal|p2a: Breloom|37\/230|[from] item: Leftovers\n|upkeep\n|\n|switch|p1a: Cresselia|Cresselia, L84, F|339\/339\n|turn|10\n|\n|switch|p1a: Vaporeon|Vaporeon, L86, F|268\/364\n|switch|p2a: Aegislash|Aegislash, L78, M|174\/222\n|\n|-heal|p1a: Vaporeon|290\/364|[from] item: Leftovers\n|upkeep\n|turn|11\n|\n|switch|p2a: Swalot|Swalot, L89, M|269\/323\n|move|p1a: Vaporeon|Scald|p2a: Swalot\n|-damage|p2a: Swalot|175\/323\n|\n|-heal|p1a: Vaporeon|312\/364|[from] item: Leftovers\n|-heal|p2a: Swalot|195\/323|[from] item: Black Sludge\n|upkeep\n|turn|12\n|inactive|comp233 has 120 seconds left.\n|inactive|EmrGB has 60 seconds left.\n|\n|move|p1a: Vaporeon|Scald|p2a: Swalot\n|-damage|p2a: Swalot|105\/323\n|move|p2a: Swalot|Toxic|p1a: Vaporeon\n|-status|p1a: Vaporeon|tox\n|\n|-heal|p1a: Vaporeon|334\/364 tox|[from] item: Leftovers\n|-heal|p2a: Swalot|125\/323|[from] item: Black Sludge\n|-damage|p1a: Vaporeon|312\/364 tox|[from] psn\n|upkeep\n|turn|13\n|inactive|EmrGB has 30 seconds left.\n|\n|switch|p1a: Cresselia|Cresselia, L84, F|339\/339\n|move|p2a: Swalot|Pain Split|p1a: Cresselia\n|-sethp|p1a: Cresselia|232\/339|[from] move: Pain Split|[silent]\n|-sethp|p2a: Swalot|232\/323|[from] move: Pain Split\n|\n|-heal|p1a: Cresselia|253\/339|[from] item: Leftovers\n|-heal|p2a: Swalot|252\/323|[from] item: Black Sludge\n|upkeep\n|turn|14\n|inactive|EmrGB has 30 seconds left.\n|\n|switch|p2a: Aegislash|Aegislash, L78, M|174\/222\n|move|p1a: Cresselia|Psychic|p2a: Aegislash\n|-resisted|p2a: Aegislash\n|-damage|p2a: Aegislash|146\/222\n|\n|-heal|p1a: Cresselia|274\/339|[from] item: Leftovers\n|upkeep\n|turn|15\n|inactive|EmrGB has 30 seconds left.\n|inactive|EmrGB has 20 seconds left.\n|\n|switch|p1a: Vaporeon|Vaporeon, L86, F|312\/364 tox\n|-formechange|p2a: Aegislash|Aegislash-Blade||[from] ability: Stance Change\n|move|p2a: Aegislash|Shadow Claw|p1a: Vaporeon\n|-damage|p1a: Vaporeon|152\/364 tox\n|-damage|p2a: Aegislash|124\/222|[from] item: Life Orb\n|\n|-heal|p1a: Vaporeon|174\/364 tox|[from] item: Leftovers\n|-damage|p1a: Vaporeon|152\/364 tox|[from] psn\n|upkeep\n|turn|16\n|inactive|EmrGB has 30 seconds left this turn.\n|inactive|EmrGB has 20 seconds left.\n|\n|switch|p2a: Swalot|Swalot, L89, M|252\/323\n|move|p1a: Vaporeon|Heal Bell|p1a: Vaporeon\n|-activate|p1a: Vaporeon|move: Heal Bell\n|-curestatus|p1a: Vaporeon|tox|[msg]\n|-curestatus|p1: Type: Null|slp|[msg]\n|\n|-heal|p1a: Vaporeon|174\/364|[from] item: Leftovers\n|-heal|p2a: Swalot|272\/323|[from] item: Black Sludge\n|upkeep\n|turn|17\n|inactive|EmrGB has 30 seconds left this turn.\n|inactive|EmrGB has 20 seconds left.\n|inactive|EmrGB has 15 seconds left.\n|inactive|EmrGB has 10 seconds left.\n|\n|move|p1a: Vaporeon|Scald|p2a: Swalot\n|-damage|p2a: Swalot|182\/323\n|move|p2a: Swalot|Toxic|p1a: Vaporeon\n|-status|p1a: Vaporeon|tox\n|\n|-heal|p1a: Vaporeon|196\/364 tox|[from] item: Leftovers\n|-heal|p2a: Swalot|202\/323|[from] item: Black Sludge\n|-damage|p1a: Vaporeon|174\/364 tox|[from] psn\n|upkeep\n|turn|18\n|inactive|EmrGB has 20 seconds left this turn.\n|inactive|EmrGB has 15 seconds left.\n|inactive|EmrGB has 10 seconds left.\n|\n|move|p1a: Vaporeon|Scald|p2a: Swalot\n|-damage|p2a: Swalot|105\/323\n|move|p2a: Swalot|Sludge Bomb|p1a: Vaporeon\n|-damage|p1a: Vaporeon|90\/364 tox\n|\n|-heal|p1a: Vaporeon|112\/364 tox|[from] item: Leftovers\n|-heal|p2a: Swalot|125\/323|[from] item: Black Sludge\n|-damage|p1a: Vaporeon|68\/364 tox|[from] psn\n|upkeep\n|turn|19\n|inactive|EmrGB has 20 seconds left this turn.\n|inactive|EmrGB has 15 seconds left.\n|inactive|EmrGB has 10 seconds left.\n|\n|move|p1a: Vaporeon|Scald|p2a: Swalot\n|-damage|p2a: Swalot|37\/323\n|move|p2a: Swalot|Sludge Bomb|p1a: Vaporeon\n|-damage|p1a: Vaporeon|0 fnt\n|faint|p1a: Vaporeon\n|\n|-heal|p2a: Swalot|57\/323|[from] item: Black Sludge\n|upkeep\n|inactive|EmrGB has 20 seconds left this turn.\n|inactive|EmrGB has 15 seconds left.\n|inactive|EmrGB has 10 seconds left.\n|\n|switch|p1a: Zeraora|Zeraora, L82|278\/278\n|turn|20\n|inactive|EmrGB has 20 seconds left this turn.\n|inactive|EmrGB has 15 seconds left.\n|\n|move|p1a: Zeraora|Knock Off|p2a: Swalot\n|-damage|p2a: Swalot|0 fnt\n|-enditem|p2a: Swalot|Black Sludge|[from] move: Knock Off|[of] p1a: Zeraora\n|-damage|p1a: Zeraora|251\/278|[from] item: Life Orb\n|faint|p2a: Swalot\n|\n|upkeep\n|inactive|EmrGB has 25 seconds left this turn.\n|\n|switch|p2a: Quagsire|Quagsire, L88, F|189\/310\n|turn|21\n|\n|move|p1a: Zeraora|Grass Knot|p2a: Quagsire\n|-supereffective|p2a: Quagsire\n|-damage|p2a: Quagsire|0 fnt\n|-damage|p1a: Zeraora|224\/278|[from] item: Life Orb\n|faint|p2a: Quagsire\n|\n|upkeep\n|inactive|comp233 has 120 seconds left.\n|\n|switch|p2a: Victini|Victini, L80|291\/291\n|turn|22\n|inactive|comp233 has 120 seconds left.\n|inactive|EmrGB has 30 seconds left.\n|\n|switch|p1a: Type: Null|Type: Null, L89|295\/314\n|move|p2a: Victini|V-create|p1a: Type: Null\n|-damage|p1a: Type: Null|195\/314\n|-unboost|p2a: Victini|spe|1\n|-unboost|p2a: Victini|def|1\n|-unboost|p2a: Victini|spd|1\n|\n|upkeep\n|turn|23\n|inactive|EmrGB has 30 seconds left.\n|\n|switch|p1a: Zeraora|Zeraora, L82|224\/278\n|switch|p2a: Aegislash|Aegislash, L78, M|124\/222\n|\n|upkeep\n|turn|24\n|\n|switch|p2a: Breloom|Breloom, L81, M|37\/230\n|move|p1a: Zeraora|Knock Off|p2a: Breloom\n|-resisted|p2a: Breloom\n|-damage|p2a: Breloom|0 fnt\n|-enditem|p2a: Breloom|Leftovers|[from] move: Knock Off|[of] p1a: Zeraora\n|-damage|p1a: Zeraora|197\/278|[from] item: Life Orb\n|faint|p2a: Breloom\n|\n|upkeep\n|\n|switch|p2a: Victini|Victini, L80|291\/291\n|turn|25\n|\n|move|p1a: Zeraora|Knock Off|p2a: Victini\n|-supereffective|p2a: Victini\n|-damage|p2a: Victini|101\/291\n|-enditem|p2a: Victini|Assault Vest|[from] move: Knock Off|[of] p1a: Zeraora\n|-damage|p1a: Zeraora|170\/278|[from] item: Life Orb\n|move|p2a: Victini|Focus Blast|p1a: Zeraora\n|-damage|p1a: Zeraora|87\/278\n|\n|upkeep\n|turn|26\n|\n|move|p1a: Zeraora|Plasma Fists|p2a: Victini\n|-damage|p2a: Victini|0 fnt\n|-fieldactivate|move: Ion Deluge\n|-damage|p1a: Zeraora|60\/278|[from] item: Life Orb\n|faint|p2a: Victini\n|\n|upkeep\n|\n|switch|p2a: Vanilluxe|Vanilluxe, L85, F|259\/259\n|-weather|Hail|[from] ability: Snow Warning|[of] p2a: Vanilluxe\n|turn|27\n|inactive|EmrGB has 60 seconds left.\n|\n|switch|p1a: Slurpuff|Slurpuff, L85, M|278\/278\n|move|p2a: Vanilluxe|Blizzard|p1a: Slurpuff\n|-damage|p1a: Slurpuff|128\/278\n|-enditem|p1a: Slurpuff|Sitrus Berry|[eat]\n|-heal|p1a: Slurpuff|197\/278|[from] item: Sitrus Berry\n|\n|-weather|Hail|[upkeep]\n|-damage|p1a: Slurpuff|180\/278|[from] Hail\n|upkeep\n|turn|28\n|\n|move|p1a: Slurpuff|Drain Punch|p2a: Vanilluxe\n|-supereffective|p2a: Vanilluxe\n|-damage|p2a: Vanilluxe|159\/259\n|-heal|p1a: Slurpuff|230\/278|[from] drain|[of] p2a: Vanilluxe\n|move|p2a: Vanilluxe|Blizzard|p1a: Slurpuff\n|-damage|p1a: Slurpuff|71\/278\n|\n|-weather|Hail|[upkeep]\n|-damage|p1a: Slurpuff|54\/278|[from] Hail\n|upkeep\n|turn|29\n|\n|switch|p2a: Aegislash|Aegislash, L78, M|124\/222\n|move|p1a: Slurpuff|Drain Punch|p2a: Aegislash\n|-immune|p2a: Aegislash\n|\n|-weather|Hail|[upkeep]\n|-damage|p1a: Slurpuff|37\/278|[from] Hail\n|-damage|p2a: Aegislash|111\/222|[from] Hail\n|upkeep\n|turn|30\n|inactive|EmrGB has 30 seconds left.\n|\n|switch|p1a: Cresselia|Cresselia, L84, F|274\/339\n|-formechange|p2a: Aegislash|Aegislash-Blade||[from] ability: Stance Change\n|move|p2a: Aegislash|Iron Head|p1a: Cresselia\n|-damage|p1a: Cresselia|167\/339\n|-damage|p2a: Aegislash|89\/222|[from] item: Life Orb\n|\n|-weather|Hail|[upkeep]\n|-damage|p1a: Cresselia|146\/339|[from] Hail\n|-damage|p2a: Aegislash|76\/222|[from] Hail\n|-heal|p1a: Cresselia|167\/339|[from] item: Leftovers\n|upkeep\n|turn|31\n|inactive|EmrGB has 30 seconds left.\n|\n|switch|p1a: Type: Null|Type: Null, L89|195\/314\n|switch|p2a: Vanilluxe|Vanilluxe, L85, F|159\/259\n|\n|-weather|none\n|upkeep\n|turn|32\n|inactive|EmrGB has 30 seconds left.\n|\n|switch|p2a: Aegislash|Aegislash, L78, M|76\/222\n|move|p1a: Type: Null|Rest|p1a: Type: Null\n|-status|p1a: Type: Null|slp|[from] move: Rest\n|-heal|p1a: Type: Null|314\/314 slp|[silent]\n|\n|upkeep\n|turn|33\n|inactive|EmrGB has 30 seconds left.\n|inactive|EmrGB has 20 seconds left.\n|\n|switch|p1a: Cresselia|Cresselia, L84, F|167\/339\n|move|p2a: Aegislash|Swords Dance|p2a: Aegislash\n|-boost|p2a: Aegislash|atk|2\n|\n|-heal|p1a: Cresselia|188\/339|[from] item: Leftovers\n|upkeep\n|turn|34\n|inactive|EmrGB has 30 seconds left this turn.\n|inactive|EmrGB has 20 seconds left.\n|inactive|EmrGB has 15 seconds left.\n|\n|move|p1a: Cresselia|Substitute|p1a: Cresselia\n|-start|p1a: Cresselia|Substitute\n|-damage|p1a: Cresselia|104\/339\n|-formechange|p2a: Aegislash|Aegislash-Blade||[from] ability: Stance Change\n|move|p2a: Aegislash|Shadow Claw|p1a: Cresselia\n|-supereffective|p1a: Cresselia\n|-end|p1a: Cresselia|Substitute\n|-damage|p2a: Aegislash|54\/222|[from] item: Life Orb\n|\n|-heal|p1a: Cresselia|125\/339|[from] item: Leftovers\n|upkeep\n|turn|35\n|inactive|EmrGB has 25 seconds left this turn.\n|inactive|EmrGB has 20 seconds left.\n|inactive|EmrGB has 15 seconds left.\n|\n|switch|p2a: Vanilluxe|Vanilluxe, L85, F|159\/259\n|-weather|Hail|[from] ability: Snow Warning|[of] p2a: Vanilluxe\n|move|p1a: Cresselia|Psychic|p2a: Vanilluxe\n|-damage|p2a: Vanilluxe|84\/259\n|\n|-weather|Hail|[upkeep]\n|-damage|p1a: Cresselia|104\/339|[from] Hail\n|-heal|p1a: Cresselia|125\/339|[from] item: Leftovers\n|upkeep\n|turn|36\n|inactive|EmrGB has 25 seconds left this turn.\n|inactive|EmrGB has 20 seconds left.\n|inactive|EmrGB has 15 seconds left.\n|\n|switch|p1a: Slurpuff|Slurpuff, L85, M|37\/278\n|move|p2a: Vanilluxe|Blizzard|p1a: Slurpuff\n|-damage|p1a: Slurpuff|0 fnt\n|faint|p1a: Slurpuff\n|\n|-weather|Hail|[upkeep]\n|upkeep\n|inactive|EmrGB has 25 seconds left this turn.\n|inactive|EmrGB has 20 seconds left.\n|inactive|EmrGB has 15 seconds left.\n|\n|switch|p1a: Zeraora|Zeraora, L82|60\/278\n|turn|37\n|inactive|EmrGB has 25 seconds left this turn.\n|inactive|EmrGB has 20 seconds left.\n|\n|move|p1a: Zeraora|Plasma Fists|p2a: Vanilluxe\n|-damage|p2a: Vanilluxe|0 fnt\n|-fieldactivate|move: Ion Deluge\n|-damage|p1a: Zeraora|33\/278|[from] item: Life Orb\n|faint|p2a: Vanilluxe\n|\n|-weather|Hail|[upkeep]\n|-damage|p1a: Zeraora|16\/278|[from] Hail\n|upkeep\n|inactive|EmrGB has 30 seconds left this turn.\n|\n|switch|p2a: Aegislash|Aegislash, L78, M|54\/222\n|turn|38\n|\n|move|p1a: Zeraora|Knock Off|p2a: Aegislash\n|-supereffective|p2a: Aegislash\n|-damage|p2a: Aegislash|0 fnt\n|-enditem|p2a: Aegislash|Life Orb|[from] move: Knock Off|[of] p1a: Zeraora\n|-damage|p1a: Zeraora|0 fnt|[from] item: Life Orb\n|faint|p2a: Aegislash\n|faint|p1a: Zeraora\n|\n|win|EmrGB\n|l|\u2606comp233\n|raw|EmrGB's rating: 2128 &rarr; <strong>2146<\/strong><br \/>(+18 for winning)\n|raw|comp233's rating: 2091 &rarr; <strong>2073<\/strong><br \/>(-18 for losing)\n","inputlog":">version c2e63201c8a8f2687ba1010bf05246a5d4a3463b\n>start {\"formatid\":\"gen7randombattle\",\"seed\":[39429,3146,7853,19902],\"rated\":\"Rated battle\"}\n>player p1 {\"name\":\"EmrGB\",\"avatar\":\"169\",\"team\":\"\",\"rating\":2128,\"seed\":[35577,16688,13387,38946]}\n>player p2 {\"name\":\"comp233\",\"avatar\":\"102\",\"team\":\"\",\"rating\":2091,\"seed\":[48730,19134,57849,50387]}\n>p1 move swordsdance\n>p2 switch 4\n>p1 move return\n>p2 move toxic\n>p1 move rest\n>p2 switch 6\n>p1 switch 3\n>p2 move shadowball\n>p1 move scald\n>p2 switch 5\n>p1 switch 5\n>p2 move toxic\n>p1 move earthquake\n>p2 switch 2\n>p1 move ironhead\n>p2 move machpunch\n>p1 move ironhead\n>p2 move machpunch\n>p1 switch 4\n>p1 switch 5\n>p2 switch 5\n>p1 move scald\n>p2 switch 2\n>p1 move scald\n>p2 move toxic\n>p1 switch 5\n>p2 move painsplit\n>p1 move psychic\n>p2 switch 2\n>p1 switch 5\n>p2 move shadowclaw\n>p1 move healbell\n>p2 switch 2\n>p1 move scald\n>p2 move toxic\n>p1 move scald\n>p2 move sludgebomb\n>p1 move scald\n>p2 move sludgebomb\n>p1 switch 6\n>p1 move knockoff\n>p2 move painsplit\n>p2 switch 6\n>p1 move grassknot\n>p2 move toxic\n>p2 switch 3\n>p1 switch 3\n>p2 move vcreate\n>p1 switch 3\n>p2 switch 2\n>p1 move knockoff\n>p2 switch 5\n>p2 switch 2\n>p1 move knockoff\n>p2 move focusblast\n>p1 move plasmafists\n>p2 move vcreate\n>p2 switch 4\n>p1 switch 2\n>p2 move blizzard\n>p1 move drainpunch\n>p2 move blizzard\n>p1 move drainpunch\n>p2 switch 5\n>p1 switch 5\n>p2 move ironhead\n>p1 switch 3\n>p2 switch 5\n>p1 move rest\n>p2 switch 5\n>p1 switch 3\n>p2 move swordsdance\n>p1 move substitute\n>p2 move shadowclaw\n>p1 move psychic\n>p2 switch 5\n>p1 switch 5\n>p2 move blizzard\n>p1 switch 2\n>p1 move plasmafists\n>p2 move blizzard\n>p2 switch 5\n>p1 move knockoff\n>p2 move swordsdance","uploadtime":1565913147,"views":4,"p1id":"emrgb","p2id":"comp233","formatid":"gen7randombattle","rating":2073,"private":0,"password":null}