{"id":"gen7ou-671357486","p1":"Worstsetsever","p2":"xueyuxiayu","format":"gen7ou","log":"|j|Worstsetsever\n|j|xueyuxiayu\n|player|p1|Worstsetsever|164\n|teamsize|p1|6\n|player|p2|xueyuxiayu|118\n|teamsize|p2|6\n|gametype|singles\n|gen|7\n|tier|[Gen 7] OU\n|rated|\n|seed|62757,49490,51813,53004\n|rule|Sleep Clause Mod: Limit one foe put to sleep\n|rule|Species Clause: Limit one of each Pok\u00e9mon\n|rule|OHKO Clause: OHKO moves are banned\n|rule|Moody Clause: Moody is banned\n|rule|Evasion Moves Clause: Evasion moves are banned\n|rule|Endless Battle Clause: Forcing endless battles is banned\n|rule|HP Percentage Mod: HP is shown in percentages\n|clearpoke\n|poke|p1|Gallade, M|item\n|poke|p1|Ribombee, F|item\n|poke|p1|Mantine, F|item\n|poke|p1|Bisharp, F|item\n|poke|p1|Mimikyu, F|item\n|poke|p1|Magearna|item\n|poke|p2|Nihilego|item\n|poke|p2|Magearna|item\n|poke|p2|Cresselia, F|item\n|poke|p2|Marowak-Alola, M|item\n|poke|p2|Mimikyu, M|item\n|poke|p2|Lurantis, M|item\n|teampreview\n|inactive|Battle timer is ON: inactive players will automatically lose when time's up. (requested by Worstsetsever)\n|inactive|Worstsetsever has 135 seconds left.\n|choice|team 2, team 1, team 3, team 4, team 5, team 6|team 1, team 2, team 3, team 4, team 5, team 6\n|\n|start\n|switch|p1a: Ribombee|Ribombee, F|261\/261\n|switch|p2a: Nihilego|Nihilego|359\/359\n|turn|1\n|choice|move quiverdance|move stealthrock\n|\n|move|p1a: Ribombee|Quiver Dance|p1a: Ribombee\n|-boost|p1a: Ribombee|spa|1\n|-boost|p1a: Ribombee|spd|1\n|-boost|p1a: Ribombee|spe|1\n|move|p2a: Nihilego|Stealth Rock|p1a: Ribombee\n|-sidestart|p1: Worstsetsever|move: Stealth Rock\n|\n|upkeep\n|turn|2\n|choice|move hiddenpower|move toxicspikes\n|\n|move|p1a: Ribombee|Hidden Power|p2a: Nihilego\n|-supereffective|p2a: Nihilego\n|-damage|p2a: Nihilego|91\/359\n|move|p2a: Nihilego|Toxic Spikes|p1a: Ribombee\n|-sidestart|p1: Worstsetsever|move: Toxic Spikes\n|\n|upkeep\n|turn|3\n|choice|move hiddenpower|switch 3\n|\n|switch|p2a: Cresselia|Cresselia, F|444\/444\n|move|p1a: Ribombee|Hidden Power|p2a: Cresselia\n|-immune|p2a: Cresselia|[msg]|[from] ability: Levitate\n|\n|upkeep\n|turn|4\n|choice|move quiverdance|move trickroom\n|\n|move|p1a: Ribombee|Quiver Dance|p1a: Ribombee\n|-boost|p1a: Ribombee|spa|1\n|-boost|p1a: Ribombee|spd|1\n|-boost|p1a: Ribombee|spe|1\n|move|p2a: Cresselia|Trick Room|p2a: Cresselia\n|-fieldstart|move: Trick Room|[of] p2a: Cresselia\n|\n|upkeep\n|turn|5\n|choice|move quiverdance|switch 4\n|\n|switch|p2a: Marowak|Marowak-Alola, M|323\/323\n|move|p1a: Ribombee|Quiver Dance|p1a: Ribombee\n|-boost|p1a: Ribombee|spa|1\n|-boost|p1a: Ribombee|spd|1\n|-boost|p1a: Ribombee|spe|1\n|\n|upkeep\n|turn|6\n|choice|move hiddenpower|move shadowbone\n|\n|move|p2a: Marowak|Shadow Bone|p1a: Ribombee\n|-enditem|p1a: Ribombee|Focus Sash\n|-damage|p1a: Ribombee|1\/261\n|move|p1a: Ribombee|Hidden Power|p2a: Marowak\n|-supereffective|p2a: Marowak\n|-damage|p2a: Marowak|0 fnt\n|faint|p2a: Marowak\n|\n|upkeep\n|choice||switch 6\n|\n|switch|p2a: Lurantis|Lurantis, M|281\/281\n|turn|7\n|choice|move moonblast|move leafstorm\n|\n|move|p2a: Lurantis|Leaf Storm|p1a: Ribombee\n|-resisted|p1a: Ribombee\n|-damage|p1a: Ribombee|0 fnt\n|-boost|p2a: Lurantis|spa|2\n|faint|p1a: Ribombee\n|\n|upkeep\n|choice|switch 6|\n|\n|switch|p1a: Magearna|Magearna|364\/364\n|-damage|p1a: Magearna|342\/364|[from] Stealth Rock\n|turn|8\n|choice|move voltswitch|move hiddenpower\n|\n|move|p2a: Lurantis|Hidden Power|p1a: Magearna\n|-supereffective|p1a: Magearna\n|-damage|p1a: Magearna|164\/364\n|move|p1a: Magearna|Volt Switch|p2a: Lurantis\n|-resisted|p2a: Lurantis\n|-damage|p2a: Lurantis|255\/281\n|choice|switch 3|\n|\n|switch|p1a: Mantine|Mantine, F|373\/373|[from]move: Volt Switch\n|-damage|p1a: Mantine|280\/373|[from] Stealth Rock\n|\n|-heal|p1a: Mantine|303\/373|[from] item: Leftovers\n|-fieldend|move: Trick Room\n|upkeep\n|turn|9\n|choice|move defog|move leafstorm\n|\n|move|p1a: Mantine|Defog|p2a: Lurantis\n|-boost|p2a: Lurantis|evasion|1\n|-sideend|p1: Worstsetsever|Toxic Spikes|[from] move: Defog|[of] p1a: Mantine\n|-sideend|p1: Worstsetsever|Stealth Rock|[from] move: Defog|[of] p1a: Mantine\n|move|p2a: Lurantis|Leaf Storm|p1a: Mantine\n|-damage|p1a: Mantine|75\/373\n|-boost|p2a: Lurantis|spa|2\n|\n|-heal|p1a: Mantine|98\/373|[from] item: Leftovers\n|upkeep\n|turn|10\n|choice|move toxic|move leafstorm\n|\n|move|p1a: Mantine|Toxic|p2a: Lurantis\n|-status|p2a: Lurantis|tox\n|move|p2a: Lurantis|Leaf Storm|p1a: Mantine\n|-damage|p1a: Mantine|0 fnt\n|-boost|p2a: Lurantis|spa|2\n|faint|p1a: Mantine\n|\n|-damage|p2a: Lurantis|238\/281 tox|[from] psn\n|upkeep\n|inactive|Worstsetsever has 135 seconds left.\n|choice|switch 2|\n|\n|switch|p1a: The Good|Gallade, M|277\/277\n|turn|11\n|choice|move closecombat mega|move leafstorm\n|\n|-mega|p1a: The Good|Gallade|Galladite\n|detailschange|p1a: The Good|Gallade-Mega, M\n|move|p1a: The Good|Close Combat|p2a: Lurantis|[miss]\n|-miss|p1a: The Good|p2a: Lurantis\n|move|p2a: Lurantis|Leaf Storm|p1a: The Good\n|-damage|p1a: The Good|0 fnt\n|faint|p1a: The Good\n|\n|-damage|p2a: Lurantis|204\/281 tox|[from] psn\n|upkeep\n|choice|switch 3|\n|\n|switch|p1a: Magearna|Magearna|164\/364\n|turn|12\n|choice|move dazzlinggleam|move hiddenpower\n|\n|move|p1a: Magearna|Dazzling Gleam|p2a: Lurantis|[miss]\n|-miss|p1a: Magearna|p2a: Lurantis\n|move|p2a: Lurantis|Hidden Power|p1a: Magearna\n|-supereffective|p1a: Magearna\n|-damage|p1a: Magearna|0 fnt\n|faint|p1a: Magearna\n|\n|-damage|p2a: Lurantis|153\/281 tox|[from] psn\n|upkeep\n|choice|switch 4|\n|\n|switch|p1a: The Bad|Bisharp, F|271\/271\n|turn|13\n|choice|move knockoff|move superpower\n|\n|move|p1a: The Bad|Knock Off|p2a: Lurantis|[miss]\n|-miss|p1a: The Bad|p2a: Lurantis\n|move|p2a: Lurantis|Superpower|p1a: The Bad\n|-supereffective|p1a: The Bad\n|-damage|p1a: The Bad|0 fnt\n|-boost|p2a: Lurantis|atk|1\n|-boost|p2a: Lurantis|def|1\n|faint|p1a: The Bad\n|\n|-damage|p2a: Lurantis|85\/281 tox|[from] psn\n|upkeep\n|choice|switch 5|\n|\n|switch|p1a: Mimikyu|Mimikyu, F|251\/251\n|turn|14\n|choice|move swordsdance|move hiddenpower\n|\n|move|p1a: Mimikyu|Swords Dance|p1a: Mimikyu\n|-boost|p1a: Mimikyu|atk|2\n|move|p2a: Lurantis|Hidden Power|p1a: Mimikyu\n|-activate|p1a: Mimikyu|ability: Disguise\n|-damage|p1a: Mimikyu|251\/251\n|detailschange|p1a: Mimikyu|Mimikyu-Busted, F\n|\n|-damage|p2a: Lurantis|0 fnt|[from] psn\n|upkeep\n|faint|p2a: Lurantis\n|choice||switch 2\n|\n|switch|p2a: Magearna|Magearna|364\/364\n|turn|15\n|choice|move shadowclaw zmove|move fleurcannon zmove\n|\n|-zpower|p1a: Mimikyu\n|move|p1a: Mimikyu|Never-Ending Nightmare|p2a: Magearna|[zeffect]\n|-crit|p2a: Magearna\n|-damage|p2a: Magearna|0 fnt\n|faint|p2a: Magearna\n|\n|upkeep\n|choice||switch 5\n|\n|switch|p2a: Mimikyu|Mimikyu, M|314\/314\n|turn|16\n|choice|move shadowclaw|move shadowclaw\n|\n|move|p1a: Mimikyu|Shadow Claw|p2a: Mimikyu\n|-activate|p2a: Mimikyu|ability: Disguise\n|-damage|p2a: Mimikyu|314\/314\n|detailschange|p2a: Mimikyu|Mimikyu-Busted, M\n|move|p2a: Mimikyu|Shadow Claw|p1a: Mimikyu\n|-supereffective|p1a: Mimikyu\n|-damage|p1a: Mimikyu|5\/251\n|\n|upkeep\n|turn|17\n|choice|move shadowsneak|switch 4\n|\n|switch|p2a: Cresselia|Cresselia, F|444\/444\n|move|p1a: Mimikyu|Shadow Sneak|p2a: Cresselia\n|-supereffective|p2a: Cresselia\n|-damage|p2a: Cresselia|292\/444\n|-damage|p1a: Mimikyu|0 fnt|[from] item: Rocky Helmet|[of] p2a: Cresselia\n|faint|p1a: Mimikyu\n|\n|win|xueyuxiayu\n|raw|Worstsetsever's rating: 1645 &rarr; <strong>1625<\/strong><br \/>(-20 for losing)\n|raw|xueyuxiayu's rating: 1648 &rarr; <strong>1668<\/strong><br \/>(+20 for winning)\n|l|Worstsetsever","inputlog":null,"uploadtime":1512818589,"views":30,"p1id":"worstsetsever","p2id":"xueyuxiayu","formatid":"gen7ou","rating":1625,"private":0,"password":null}