{"id":"gen7uu-881972077","p1":"Jakkkkkka","p2":"randorooosu","format":"gen7uu","log":"|j|\u2606Jakkkkkka\n|j|\u2606randorooosu\n|player|p1|Jakkkkkka|137\n|player|p2|randorooosu|266\n|teamsize|p1|6\n|teamsize|p2|6\n|gametype|singles\n|gen|7\n|tier|[Gen 7] UU\n|rated|\n|rule|Sleep Clause Mod: Limit one foe put to sleep\n|rule|Species Clause: Limit one of each Pok\u00e9mon\n|rule|OHKO Clause: OHKO moves are banned\n|rule|Moody Clause: Moody is banned\n|rule|Evasion Moves Clause: Evasion moves are banned\n|rule|Endless Battle Clause: Forcing endless battles is banned\n|rule|HP Percentage Mod: HP is shown in percentages\n|clearpoke\n|poke|p1|Swampert, F|item\n|poke|p1|Hydreigon, F|item\n|poke|p1|Scizor, F|item\n|poke|p1|Sylveon, M|item\n|poke|p1|Manectric, F|item\n|poke|p1|Nidoking, M|item\n|poke|p2|Blastoise, M|item\n|poke|p2|Hippowdon, F|item\n|poke|p2|Stakataka|item\n|poke|p2|Golisopod, M|item\n|poke|p2|Empoleon, F|item\n|poke|p2|Latias, F|item\n|teampreview\n|\n|start\n|switch|p1a: Violetta|Nidoking, M|100\/100\n|switch|p2a: Blastoise|Blastoise, M|100\/100\n|turn|1\n|\n|switch|p1a: Instagram|Sylveon, M|100\/100\n|detailschange|p2a: Blastoise|Blastoise-Mega, M\n|-mega|p2a: Blastoise|Blastoise|Blastoisinite\n|move|p2a: Blastoise|Hydro Pump|p1a: Instagram\n|-damage|p1a: Instagram|68\/100\n|\n|-heal|p1a: Instagram|74\/100|[from] item: Leftovers\n|upkeep\n|turn|2\n|\n|switch|p2a: Empoleon|Empoleon, F|100\/100\n|switch|p1a: Crazy Frog|Swampert, F|100\/100\n|\n|upkeep\n|turn|3\n|\n|move|p2a: Empoleon|Toxic|p1a: Crazy Frog\n|-status|p1a: Crazy Frog|tox\n|move|p1a: Crazy Frog|Earthquake|p2a: Empoleon\n|-supereffective|p2a: Empoleon\n|-damage|p2a: Empoleon|27\/100\n|\n|-heal|p2a: Empoleon|34\/100|[from] item: Leftovers\n|-damage|p1a: Crazy Frog|94\/100 tox|[from] psn\n|upkeep\n|turn|4\n|j| FlamingZelda\n|\n|switch|p2a: Latias|Latias, F|100\/100\n|move|p1a: Crazy Frog|Scald|p2a: Latias\n|-resisted|p2a: Latias\n|-damage|p2a: Latias|91\/100\n|\n|-heal|p1a: Crazy Frog|100\/100 tox|[from] item: Leftovers\n|-damage|p1a: Crazy Frog|88\/100 tox|[from] psn\n|upkeep\n|turn|5\n|\n|switch|p1a: Instagram|Sylveon, M|74\/100\n|move|p2a: Latias|Psyshock|p1a: Instagram\n|-damage|p1a: Instagram|19\/100\n|-damage|p2a: Latias|81\/100|[from] item: Life Orb\n|\n|-heal|p1a: Instagram|25\/100|[from] item: Leftovers\n|upkeep\n|turn|6\n|\n|move|p1a: Instagram|Protect|p1a: Instagram\n|-singleturn|p1a: Instagram|Protect\n|move|p2a: Latias|Psyshock|p1a: Instagram\n|-activate|p1a: Instagram|move: Protect\n|\n|-heal|p1a: Instagram|31\/100|[from] item: Leftovers\n|upkeep\n|turn|7\n|\n|switch|p1a: Supair|Scizor, F|100\/100\n|move|p2a: Latias|Draco Meteor|p1a: Supair|[miss]\n|-miss|p2a: Latias|p1a: Supair\n|\n|upkeep\n|turn|8\n|\n|switch|p1a: Hercule|Hydreigon, F|100\/100\n|move|p2a: Latias|Hidden Power|p1a: Hercule\n|-resisted|p1a: Hercule\n|-damage|p1a: Hercule|86\/100\n|-damage|p2a: Latias|71\/100|[from] item: Life Orb\n|\n|upkeep\n|turn|9\n|l| FlamingZelda\n|\n|switch|p2a: Hippowdon|Hippowdon, F|100\/100\n|-weather|Sandstorm|[from] ability: Sand Stream|[of] p2a: Hippowdon\n|move|p1a: Hercule|Dark Pulse|p2a: Hippowdon\n|-damage|p2a: Hippowdon|62\/100\n|\n|-weather|Sandstorm|[upkeep]\n|-damage|p1a: Hercule|80\/100|[from] Sandstorm\n|-heal|p2a: Hippowdon|69\/100|[from] item: Leftovers\n|upkeep\n|turn|10\n|\n|move|p1a: Hercule|Dark Pulse|p2a: Hippowdon\n|-damage|p2a: Hippowdon|29\/100\n|cant|p2a: Hippowdon|flinch\n|\n|-weather|Sandstorm|[upkeep]\n|-damage|p1a: Hercule|73\/100|[from] Sandstorm\n|-heal|p2a: Hippowdon|35\/100|[from] item: Leftovers\n|upkeep\n|turn|11\n|\n|move|p1a: Hercule|Dark Pulse|p2a: Hippowdon\n|-damage|p2a: Hippowdon|0 fnt\n|faint|p2a: Hippowdon\n|\n|-weather|Sandstorm|[upkeep]\n|-damage|p1a: Hercule|67\/100|[from] Sandstorm\n|upkeep\n|\n|switch|p2a: Golisopod|Golisopod, M|100\/100\n|turn|12\n|\n|switch|p1a: Crazy Frog|Swampert, F|88\/100 tox\n|move|p2a: Golisopod|First Impression|p1a: Crazy Frog\n|-damage|p1a: Crazy Frog|53\/100 tox\n|\n|-weather|Sandstorm|[upkeep]\n|-damage|p2a: Golisopod|95\/100|[from] Sandstorm\n|-heal|p1a: Crazy Frog|59\/100 tox|[from] item: Leftovers\n|-damage|p1a: Crazy Frog|53\/100 tox|[from] psn\n|upkeep\n|turn|13\n|\n|move|p1a: Crazy Frog|Toxic|p2a: Golisopod\n|-status|p2a: Golisopod|tox\n|move|p2a: Golisopod|Liquidation|p1a: Crazy Frog\n|-damage|p1a: Crazy Frog|20\/100 tox\n|\n|-weather|none\n|-heal|p1a: Crazy Frog|26\/100 tox|[from] item: Leftovers\n|-damage|p1a: Crazy Frog|13\/100 tox|[from] psn\n|-damage|p2a: Golisopod|89\/100 tox|[from] psn\n|upkeep\n|turn|14\n|\n|move|p2a: Golisopod|Aqua Jet|p1a: Crazy Frog\n|-damage|p1a: Crazy Frog|0 fnt\n|faint|p1a: Crazy Frog\n|\n|-damage|p2a: Golisopod|77\/100 tox|[from] psn\n|upkeep\n|\n|switch|p1a: Predator|Manectric, F|100\/100\n|turn|15\n|\n|switch|p2a: Latias|Latias, F|71\/100\n|detailschange|p1a: Predator|Manectric-Mega, F\n|-mega|p1a: Predator|Manectric|Manectite\n|-ability|p1a: Predator|Intimidate|boost\n|-unboost|p2a: Latias|atk|1\n|move|p1a: Predator|Volt Switch|p2a: Latias\n|-resisted|p2a: Latias\n|-damage|p2a: Latias|53\/100\n|\n|switch|p1a: Supair|Scizor, F|100\/100\n|\n|upkeep\n|turn|16\n|\n|move|p1a: Supair|Bullet Punch|p2a: Latias\n|-damage|p2a: Latias|0 fnt\n|faint|p2a: Latias\n|\n|upkeep\n|\n|switch|p2a: Blastoise|Blastoise-Mega, M|100\/100\n|turn|17\n|\n|switch|p1a: Instagram|Sylveon, M|31\/100\n|move|p2a: Blastoise|Hydro Pump|p1a: Instagram\n|-damage|p1a: Instagram|0 fnt\n|faint|p1a: Instagram\n|\n|upkeep\n|\n|switch|p1a: Predator|Manectric-Mega, F|100\/100\n|-ability|p1a: Predator|Intimidate|boost\n|-unboost|p2a: Blastoise|atk|1\n|turn|18\n|\n|switch|p2a: Empoleon|Empoleon, F|34\/100\n|move|p1a: Predator|Volt Switch|p2a: Empoleon\n|-supereffective|p2a: Empoleon\n|-damage|p2a: Empoleon|0 fnt\n|faint|p2a: Empoleon\n|\n|switch|p1a: Hercule|Hydreigon, F|67\/100\n|\n|upkeep\n|inactive|Battle timer is ON: inactive players will automatically lose when time's up. (requested by Jakkkkkka)\n|\n|switch|p2a: Golisopod|Golisopod, M|77\/100 tox\n|turn|19\n|\n|switch|p1a: Supair|Scizor, F|100\/100\n|move|p2a: Golisopod|First Impression|p1a: Supair\n|-resisted|p1a: Supair\n|-damage|p1a: Supair|73\/100\n|\n|-damage|p2a: Golisopod|71\/100 tox|[from] psn\n|upkeep\n|turn|20\n|\n|switch|p1a: Hercule|Hydreigon, F|67\/100\n|move|p2a: Golisopod|Liquidation|p1a: Hercule\n|-resisted|p1a: Hercule\n|-damage|p1a: Hercule|40\/100\n|\n|-damage|p2a: Golisopod|59\/100 tox|[from] psn\n|upkeep\n|turn|21\n|inactive|Jakkkkkka has 120 seconds left.\n|\n|move|p1a: Hercule|U-turn|p2a: Golisopod\n|-damage|p2a: Golisopod|47\/100 tox\n|-activate|p2a: Golisopod|ability: Emergency Exit\n|\n|switch|p2a: Blastoise|Blastoise-Mega, M|100\/100\n|\n|upkeep\n|turn|22\n|\n|move|p1a: Hercule|U-turn|p2a: Blastoise\n|-damage|p2a: Blastoise|86\/100\n|\n|switch|p1a: Supair|Scizor, F|73\/100\n|move|p2a: Blastoise|Hydro Pump|p1a: Supair\n|-damage|p1a: Supair|0 fnt\n|faint|p1a: Supair\n|\n|upkeep\n|inactive|Jakkkkkka has 120 seconds left.\n|\n|switch|p1a: Predator|Manectric-Mega, F|100\/100\n|-ability|p1a: Predator|Intimidate|boost\n|-unboost|p2a: Blastoise|atk|1\n|turn|23\n|\n|move|p1a: Predator|Thunderbolt|p2a: Blastoise\n|-supereffective|p2a: Blastoise\n|-damage|p2a: Blastoise|0 fnt\n|faint|p2a: Blastoise\n|\n|upkeep\n|\n|switch|p2a: Stakataka|Stakataka|100\/100\n|turn|24\n|inactive|Jakkkkkka has 120 seconds left.\n|\n|move|p1a: Predator|Volt Switch|p2a: Stakataka\n|-damage|p2a: Stakataka|62\/100\n|\n|switch|p1a: Hercule|Hydreigon, F|40\/100\n|move|p2a: Stakataka|Trick Room|p2a: Stakataka\n|-fieldstart|move: Trick Room|[of] p2a: Stakataka\n|\n|upkeep\n|turn|25\n|\n|switch|p1a: Predator|Manectric-Mega, F|100\/100\n|-ability|p1a: Predator|Intimidate|boost\n|-unboost|p2a: Stakataka|atk|1\n|-zpower|p2a: Stakataka\n|move|p2a: Stakataka|Continental Crush|p1a: Predator|[zeffect]\n|-damage|p1a: Predator|5\/100\n|\n|upkeep\n|turn|26\n|inactive|Jakkkkkka has 120 seconds left.\n|\n|switch|p1a: Violetta|Nidoking, M|100\/100\n|move|p2a: Stakataka|Gyro Ball|p1a: Violetta\n|-damage|p1a: Violetta|20\/100\n|\n|upkeep\n|turn|27\n|inactive|Jakkkkkka has 120 seconds left.\n|\n|switch|p1a: Predator|Manectric-Mega, F|5\/100\n|-ability|p1a: Predator|Intimidate|boost\n|-unboost|p2a: Stakataka|atk|1\n|move|p2a: Stakataka|Gyro Ball|p1a: Predator\n|-resisted|p1a: Predator\n|-damage|p1a: Predator|0 fnt\n|faint|p1a: Predator\n|-ability|p2a: Stakataka|Beast Boost|boost\n|-boost|p2a: Stakataka|atk|1\n|\n|upkeep\n|inactive|Jakkkkkka has 120 seconds left.\n|\n|switch|p1a: Violetta|Nidoking, M|20\/100\n|turn|28\n|\n|move|p2a: Stakataka|Gyro Ball|p1a: Violetta\n|-damage|p1a: Violetta|0 fnt\n|faint|p1a: Violetta\n|-ability|p2a: Stakataka|Beast Boost|boost\n|-boost|p2a: Stakataka|atk|1\n|\n|-fieldend|move: Trick Room\n|upkeep\n|inactive|Jakkkkkka has 120 seconds left.\n|\n|switch|p1a: Hercule|Hydreigon, F|40\/100\n|turn|29\n|\n|move|p1a: Hercule|Earth Power|p2a: Stakataka\n|-supereffective|p2a: Stakataka\n|-crit|p2a: Stakataka\n|-damage|p2a: Stakataka|0 fnt\n|faint|p2a: Stakataka\n|\n|upkeep\n|\n|switch|p2a: Golisopod|Golisopod, M|47\/100 tox\n|turn|30\n|\n|move|p2a: Golisopod|First Impression|p1a: Hercule\n|-supereffective|p1a: Hercule\n|-damage|p1a: Hercule|0 fnt\n|faint|p1a: Hercule\n|\n|win|randorooosu\n|l|\u2606Jakkkkkka\n","uploadtime":1553552994,"views":6,"p1id":"jakkkkkka","p2id":"randorooosu","formatid":"gen7uu","rating":0,"private":0,"password":null}