{"id":"gen7ou-805536684","p1":"Ohmboy Tesla","p2":"Hotrodbunny","format":"gen7ou","log":"|j|\u2606Ohmboy Tesla\n|j|\u2606Hotrodbunny\n|player|p1|Ohmboy Tesla|136\n|player|p2|Hotrodbunny|109\n|teamsize|p1|6\n|teamsize|p2|6\n|gametype|singles\n|gen|7\n|tier|[Gen 7] OU\n|rated|\n|rule|Sleep Clause Mod: Limit one foe put to sleep\n|rule|Species Clause: Limit one of each Pok\u00e9mon\n|rule|OHKO Clause: OHKO moves are banned\n|rule|Moody Clause: Moody is banned\n|rule|Evasion Moves Clause: Evasion moves are banned\n|rule|Endless Battle Clause: Forcing endless battles is banned\n|rule|HP Percentage Mod: HP is shown in percentages\n|clearpoke\n|poke|p1|Diancie|item\n|poke|p1|Volcarona, M|item\n|poke|p1|Rotom-Wash|item\n|poke|p1|Tapu Bulu|item\n|poke|p1|Landorus-Therian, M|item\n|poke|p1|Toxapex, M|item\n|poke|p2|Shedinja|item\n|poke|p2|Zygarde|item\n|poke|p2|Tyranitar, M|item\n|poke|p2|Celesteela|item\n|poke|p2|Tapu Fini|item\n|poke|p2|Kartana|item\n|teampreview\n|j| heatranisoverrated\n|\n|start\n|switch|p1a: scRotom-Wash|Rotom-Wash|100\/100\n|switch|p2a: Tyranitar|Tyranitar, M|100\/100\n|-ability|p2a: Tyranitar|Unnerve|p1: Ohmboy Tesla\n|turn|1\n|\n|switch|p2a: Tapu Fini|Tapu Fini|100\/100\n|-fieldstart|move: Misty Terrain|[from] ability: Misty Surge|[of] p2a: Tapu Fini\n|move|p1a: scRotom-Wash|Will-O-Wisp|p2a: Tapu Fini|[miss]\n|-miss|p1a: scRotom-Wash|p2a: Tapu Fini\n|\n|upkeep\n|turn|2\n|\n|switch|p2a: One Sheddy Boi|Shedinja|100\/100\n|move|p1a: scRotom-Wash|Volt Switch|p2a: One Sheddy Boi\n|-immune|p2a: One Sheddy Boi|[msg]|[from] ability: Wonder Guard\n|\n|upkeep\n|turn|3\n|\n|switch|p1a: Boy Fort|Toxapex, M|100\/100\n|move|p2a: One Sheddy Boi|Toxic|p1a: Boy Fort|[miss]\n|-miss|p2a: One Sheddy Boi|p1a: Boy Fort\n|\n|upkeep\n|turn|4\n|\n|switch|p2a: Tapu Fini|Tapu Fini|100\/100\n|move|p1a: Boy Fort|Toxic Spikes|p2a: Tapu Fini\n|-sidestart|p2: Hotrodbunny|move: Toxic Spikes\n|\n|upkeep\n|turn|5\n|\n|move|p2a: Tapu Fini|Defog|p1a: Boy Fort\n|-unboost|p1a: Boy Fort|evasion|1\n|-sideend|p2: Hotrodbunny|Toxic Spikes|[from] move: Defog|[of] p2a: Tapu Fini\n|move|p1a: Boy Fort|Toxic Spikes|p2a: Tapu Fini\n|-sidestart|p2: Hotrodbunny|move: Toxic Spikes\n|\n|-fieldend|Misty Terrain\n|upkeep\n|turn|6\n|\n|switch|p1a: scRotom-Wash|Rotom-Wash|100\/100\n|move|p2a: Tapu Fini|Taunt|p1a: scRotom-Wash\n|-start|p1a: scRotom-Wash|move: Taunt\n|\n|upkeep\n|turn|7\n|\n|move|p2a: Tapu Fini|Defog|p1a: scRotom-Wash\n|-unboost|p1a: scRotom-Wash|evasion|1\n|-sideend|p2: Hotrodbunny|Toxic Spikes|[from] move: Defog|[of] p2a: Tapu Fini\n|move|p1a: scRotom-Wash|Volt Switch|p2a: Tapu Fini\n|-supereffective|p2a: Tapu Fini\n|-damage|p2a: Tapu Fini|59\/100\n|\n|switch|p1a: Boy Fort|Toxapex, M|100\/100\n|\n|-heal|p2a: Tapu Fini|65\/100|[from] item: Leftovers\n|upkeep\n|turn|8\n|\n|move|p2a: Tapu Fini|Taunt|p1a: Boy Fort\n|-start|p1a: Boy Fort|move: Taunt\n|move|p1a: Boy Fort|Scald|p2a: Tapu Fini\n|-resisted|p2a: Tapu Fini\n|-damage|p2a: Tapu Fini|58\/100\n|\n|-heal|p2a: Tapu Fini|64\/100|[from] item: Leftovers\n|upkeep\n|turn|9\n|\n|switch|p2a: One Sheddy Boi|Shedinja|100\/100\n|switch|p1a: scRotom-Wash|Rotom-Wash|100\/100\n|\n|upkeep\n|turn|10\n|\n|move|p1a: scRotom-Wash|Volt Switch|p2a: One Sheddy Boi\n|-immune|p2a: One Sheddy Boi|[msg]|[from] ability: Wonder Guard\n|move|p2a: One Sheddy Boi|Toxic|p1a: scRotom-Wash\n|-status|p1a: scRotom-Wash|tox\n|\n|-damage|p1a: scRotom-Wash|94\/100 tox|[from] psn\n|upkeep\n|turn|11\n|\n|switch|p2a: Tapu Fini|Tapu Fini|64\/100\n|-fieldstart|move: Misty Terrain|[from] ability: Misty Surge|[of] p2a: Tapu Fini\n|move|p1a: scRotom-Wash|Volt Switch|p2a: Tapu Fini\n|-supereffective|p2a: Tapu Fini\n|-damage|p2a: Tapu Fini|26\/100\n|\n|switch|p1a: Carbink-EX|Diancie|100\/100\n|\n|-heal|p2a: Tapu Fini|33\/100|[from] item: Leftovers\n|upkeep\n|turn|12\n|\n|switch|p2a: Celesteela|Celesteela|100\/100\n|detailschange|p1a: Carbink-EX|Diancie-Mega\n|-mega|p1a: Carbink-EX|Diancie|Diancite\n|move|p1a: Carbink-EX|Diamond Storm|p2a: Celesteela\n|-damage|p2a: Celesteela|64\/100\n|-boost|p1a: Carbink-EX|def|2\n|\n|-heal|p2a: Celesteela|70\/100|[from] item: Leftovers\n|upkeep\n|turn|13\n|\n|switch|p1a: Flooffy Paws|Landorus-Therian, M|100\/100\n|-ability|p1a: Flooffy Paws|Intimidate|boost\n|-unboost|p2a: Celesteela|atk|1\n|move|p2a: Celesteela|Heavy Slam|p1a: Flooffy Paws\n|-damage|p1a: Flooffy Paws|82\/100\n|\n|-heal|p1a: Flooffy Paws|88\/100|[from] item: Leftovers\n|-heal|p2a: Celesteela|76\/100|[from] item: Leftovers\n|upkeep\n|turn|14\n|\n|switch|p2a: Zygarde|Zygarde|100\/100\n|-ability|p2a: Zygarde|Aura Break\n|move|p1a: Flooffy Paws|Stealth Rock|p2a: Zygarde\n|-sidestart|p2: Hotrodbunny|move: Stealth Rock\n|\n|-heal|p1a: Flooffy Paws|94\/100|[from] item: Leftovers\n|upkeep\n|turn|15\n|\n|switch|p1a: Top Bull|Tapu Bulu|100\/100\n|-fieldstart|move: Grassy Terrain|[from] ability: Grassy Surge|[of] p1a: Top Bull\n|move|p2a: Zygarde|Substitute|p2a: Zygarde\n|-start|p2a: Zygarde|Substitute\n|-damage|p2a: Zygarde|75\/100\n|\n|-heal|p2a: Zygarde|82\/100|[from] item: Leftovers\n|-heal|p2a: Zygarde|88\/100|[from] Grassy Terrain\n|upkeep\n|turn|16\n|\n|move|p2a: Zygarde|Glare|p1a: Top Bull\n|-status|p1a: Top Bull|par\n|move|p1a: Top Bull|Horn Leech|p2a: Zygarde\n|-end|p2a: Zygarde|Substitute\n|\n|-heal|p2a: Zygarde|94\/100|[from] item: Leftovers\n|-heal|p2a: Zygarde|100\/100|[from] Grassy Terrain\n|upkeep\n|turn|17\n|\n|switch|p2a: Kartana|Kartana|100\/100\n|-damage|p2a: Kartana|94\/100|[from] Stealth Rock\n|switch|p1a: Flooffy Paws|Landorus-Therian, M|94\/100\n|-ability|p1a: Flooffy Paws|Intimidate|boost\n|-unboost|p2a: Kartana|atk|1\n|\n|-heal|p2a: Kartana|100\/100|[from] Grassy Terrain\n|-heal|p1a: Flooffy Paws|100\/100|[from] item: Leftovers\n|upkeep\n|turn|18\n|\n|move|p2a: Kartana|Knock Off|p1a: Flooffy Paws\n|-damage|p1a: Flooffy Paws|81\/100\n|-enditem|p1a: Flooffy Paws|Leftovers|[from] move: Knock Off|[of] p2a: Kartana\n|move|p1a: Flooffy Paws|U-turn|p2a: Kartana\n|-damage|p2a: Kartana|79\/100\n|\n|switch|p1a: Atlas|Volcarona, M|100\/100\n|\n|-heal|p2a: Kartana|85\/100|[from] Grassy Terrain\n|upkeep\n|turn|19\n|\n|move|p2a: Kartana|Knock Off|p1a: Atlas\n|-damage|p1a: Atlas|69\/100\n|move|p1a: Atlas|Quiver Dance|p1a: Atlas\n|-boost|p1a: Atlas|spa|1\n|-boost|p1a: Atlas|spd|1\n|-boost|p1a: Atlas|spe|1\n|\n|-heal|p2a: Kartana|91\/100|[from] Grassy Terrain\n|-heal|p1a: Atlas|75\/100|[from] Grassy Terrain\n|-fieldend|move: Grassy Terrain\n|upkeep\n|turn|20\n|\n|move|p2a: Kartana|Knock Off|p1a: Atlas\n|-damage|p1a: Atlas|46\/100\n|move|p1a: Atlas|Quiver Dance|p1a: Atlas\n|-boost|p1a: Atlas|spa|1\n|-boost|p1a: Atlas|spd|1\n|-boost|p1a: Atlas|spe|1\n|\n|upkeep\n|turn|21\n|\n|move|p1a: Atlas|Fiery Dance|p2a: Kartana\n|-supereffective|p2a: Kartana\n|-damage|p2a: Kartana|0 fnt\n|-boost|p1a: Atlas|spa|1\n|faint|p2a: Kartana\n|\n|upkeep\n|\n|switch|p2a: Tyranitar|Tyranitar, M|100\/100\n|-ability|p2a: Tyranitar|Unnerve|p1: Ohmboy Tesla\n|-damage|p2a: Tyranitar|88\/100|[from] Stealth Rock\n|turn|22\n|\n|switch|p2a: Tapu Fini|Tapu Fini|33\/100\n|-damage|p2a: Tapu Fini|20\/100|[from] Stealth Rock\n|-fieldstart|move: Misty Terrain|[from] ability: Misty Surge|[of] p2a: Tapu Fini\n|move|p1a: Atlas|Bug Buzz|p2a: Tapu Fini\n|-resisted|p2a: Tapu Fini\n|-damage|p2a: Tapu Fini|0 fnt\n|faint|p2a: Tapu Fini\n|\n|upkeep\n|\n|switch|p2a: Tyranitar|Tyranitar, M|88\/100\n|-ability|p2a: Tyranitar|Unnerve|p1: Ohmboy Tesla\n|-damage|p2a: Tyranitar|76\/100|[from] Stealth Rock\n|turn|23\n|\n|detailschange|p2a: Tyranitar|Tyranitar-Mega, M\n|-mega|p2a: Tyranitar|Tyranitar|Tyranitarite\n|-weather|Sandstorm|[from] ability: Sand Stream|[of] p2a: Tyranitar\n|move|p1a: Atlas|Bug Buzz|p2a: Tyranitar\n|-supereffective|p2a: Tyranitar\n|-damage|p2a: Tyranitar|0 fnt\n|faint|p2a: Tyranitar\n|\n|-weather|Sandstorm|[upkeep]\n|-damage|p1a: Atlas|40\/100|[from] Sandstorm\n|upkeep\n|\n|switch|p2a: Zygarde|Zygarde|100\/100\n|-damage|p2a: Zygarde|94\/100|[from] Stealth Rock\n|-ability|p2a: Zygarde|Aura Break\n|turn|24\n|\n|-zpower|p1a: Atlas\n|move|p1a: Atlas|Savage Spin-Out|p2a: Zygarde|[zeffect]\n|-crit|p2a: Zygarde\n|-damage|p2a: Zygarde|0 fnt\n|faint|p2a: Zygarde\n|\n|-weather|Sandstorm|[upkeep]\n|-damage|p1a: Atlas|34\/100|[from] Sandstorm\n|upkeep\n|-message|Hotrodbunny forfeited.\n|\n|win|Ohmboy Tesla\n|l|\u2606Hotrodbunny\n|raw|Ohmboy Tesla's rating: 1689 &rarr; <strong>1712<\/strong><br \/>(+23 for winning)\n|raw|Hotrodbunny's rating: 1733 &rarr; <strong>1711<\/strong><br \/>(-22 for losing)\n","uploadtime":1536931260,"views":6,"p1id":"ohmboytesla","p2id":"hotrodbunny","formatid":"gen7ou","rating":1711,"private":0,"password":null}