{"id":"gen7ou-1706965925","p1":"yordleyodel","p2":"Baptista Augusto","format":"gen7ou","log":"|j|\u2606yordleyodel\n|j|\u2606Baptista Augusto\n|t:|1668037088\n|gametype|singles\n|player|p1|yordleyodel|brycenman|1282\n|player|p2|Baptista Augusto|red|1313\n|teamsize|p1|6\n|teamsize|p2|6\n|gen|7\n|tier|[Gen 7] OU\n|rated|\n|rule|Sleep Clause Mod: Limit one foe put to sleep\n|rule|Species Clause: Limit one of each Pok\u00e9mon\n|rule|OHKO Clause: OHKO moves are banned\n|rule|Moody Clause: Moody is banned\n|rule|Evasion Items Clause: Evasion items are banned\n|rule|Evasion Moves Clause: Evasion moves are banned\n|rule|Endless Battle Clause: Forcing endless battles is banned\n|rule|HP Percentage Mod: HP is shown in percentages\n|clearpoke\n|poke|p1|Tyranitar, M|item\n|poke|p1|Cloyster, M|item\n|poke|p1|Skarmory, M|item\n|poke|p1|Charizard, M|item\n|poke|p1|Throh, M|item\n|poke|p1|Mimikyu, M|item\n|poke|p2|Jolteon, M|item\n|poke|p2|Starmie|item\n|poke|p2|Scyther, M|item\n|poke|p2|Dodrio, M|item\n|poke|p2|Dragonite, M|item\n|poke|p2|Venusaur, M|item\n|teampreview\n|inactive|Battle timer is ON: inactive players will automatically lose when time's up. (requested by yordleyodel)\n|\n|t:|1668037092\n|start\n|switch|p1a: Skarmory|Skarmory, M|100\/100\n|switch|p2a: Jolteon|Jolteon, M|100\/100\n|turn|1\n|\n|t:|1668037113\n|move|p2a: Jolteon|Volt Switch|p1a: Skarmory\n|-supereffective|p1a: Skarmory\n|-damage|p1a: Skarmory|36\/100\n|\n|t:|1668037116\n|switch|p2a: Starmie|Starmie|100\/100|[from]move: Volt Switch\n|move|p1a: Skarmory|Stealth Rock|p2a: Starmie\n|-sidestart|p2: Baptista Augusto|move: Stealth Rock\n|\n|-heal|p1a: Skarmory|42\/100|[from] item: Leftovers\n|upkeep\n|turn|2\n|\n|t:|1668037119\n|move|p2a: Starmie|Rapid Spin|p1a: Skarmory\n|-resisted|p1a: Skarmory\n|-damage|p1a: Skarmory|41\/100\n|-sideend|p2: Baptista Augusto|Stealth Rock|[from] move: Rapid Spin|[of] p2a: Starmie\n|move|p1a: Skarmory|Whirlwind|p2a: Starmie\n|drag|p2a: Venusaur|Venusaur, M|100\/100\n|\n|-heal|p1a: Skarmory|47\/100|[from] item: Leftovers\n|upkeep\n|turn|3\n|\n|t:|1668037122\n|move|p2a: Venusaur|Sleep Powder|p1a: Skarmory\n|-status|p1a: Skarmory|slp|[from] move: Sleep Powder\n|cant|p1a: Skarmory|slp\n|\n|-heal|p1a: Skarmory|53\/100 slp|[from] item: Leftovers\n|upkeep\n|turn|4\n|\n|t:|1668037125\n|switch|p2a: Jolteon|Jolteon, M|100\/100\n|cant|p1a: Skarmory|slp\n|\n|-heal|p1a: Skarmory|59\/100 slp|[from] item: Leftovers\n|-status|p2a: Jolteon|brn|[from] item: Flame Orb\n|upkeep\n|turn|5\n|\n|t:|1668037130\n|move|p2a: Jolteon|Discharge|p1a: Skarmory\n|-supereffective|p1a: Skarmory\n|-damage|p1a: Skarmory|0 fnt\n|faint|p1a: Skarmory\n|\n|-damage|p2a: Jolteon|95\/100 brn|[from] brn\n|upkeep\n|\n|t:|1668037132\n|switch|p1a: Tyranitar|Tyranitar, M|100\/100\n|-weather|Sandstorm|[from] ability: Sand Stream|[of] p1a: Tyranitar\n|turn|6\n|\n|t:|1668037142\n|move|p2a: Jolteon|Volt Switch|p1a: Tyranitar\n|-crit|p1a: Tyranitar\n|-damage|p1a: Tyranitar|80\/100\n|\n|t:|1668037144\n|switch|p2a: Dragonite|Dragonite, M|100\/100|[from]move: Volt Switch\n|move|p1a: Tyranitar|Crunch|p2a: Dragonite\n|-crit|p2a: Dragonite\n|-damage|p2a: Dragonite|45\/100\n|\n|-weather|Sandstorm|[upkeep]\n|-damage|p2a: Dragonite|39\/100|[from] Sandstorm\n|upkeep\n|turn|7\n|\n|t:|1668037148\n|move|p2a: Dragonite|Earthquake|p1a: Tyranitar\n|-supereffective|p1a: Tyranitar\n|-damage|p1a: Tyranitar|40\/100\n|move|p1a: Tyranitar|Crunch|p2a: Dragonite\n|-damage|p2a: Dragonite|0 fnt\n|faint|p2a: Dragonite\n|\n|-weather|Sandstorm|[upkeep]\n|upkeep\n|\n|t:|1668037156\n|switch|p2a: Starmie|Starmie|100\/100\n|turn|8\n|\n|t:|1668037158\n|move|p2a: Starmie|Scald|p1a: Tyranitar\n|-supereffective|p1a: Tyranitar\n|-damage|p1a: Tyranitar|14\/100\n|-status|p1a: Tyranitar|brn\n|move|p1a: Tyranitar|Crunch|p2a: Starmie\n|-supereffective|p2a: Starmie\n|-damage|p2a: Starmie|48\/100\n|-unboost|p2a: Starmie|def|1\n|\n|-weather|Sandstorm|[upkeep]\n|-damage|p2a: Starmie|42\/100|[from] Sandstorm\n|-heal|p2a: Starmie|48\/100|[from] item: Leftovers\n|-damage|p1a: Tyranitar|8\/100 brn|[from] brn\n|upkeep\n|turn|9\n|\n|t:|1668037163\n|move|p2a: Starmie|Scald|p1a: Tyranitar\n|-supereffective|p1a: Tyranitar\n|-damage|p1a: Tyranitar|0 fnt\n|faint|p1a: Tyranitar\n|\n|-weather|Sandstorm|[upkeep]\n|-damage|p2a: Starmie|42\/100|[from] Sandstorm\n|-heal|p2a: Starmie|48\/100|[from] item: Leftovers\n|upkeep\n|\n|t:|1668037168\n|switch|p1a: Throh|Throh, M|100\/100\n|turn|10\n|\n|t:|1668037171\n|move|p2a: Starmie|Psychic|p1a: Throh\n|-supereffective|p1a: Throh\n|-damage|p1a: Throh|37\/100\n|move|p1a: Throh|Knock Off|p2a: Starmie\n|-supereffective|p2a: Starmie\n|-damage|p2a: Starmie|0 fnt\n|-enditem|p2a: Starmie|Leftovers|[from] move: Knock Off|[of] p1a: Throh\n|faint|p2a: Starmie\n|\n|-weather|none\n|upkeep\n|\n|t:|1668037178\n|switch|p2a: Scyther|Scyther, M|100\/100\n|turn|11\n|\n|t:|1668037182\n|move|p2a: Scyther|Aerial Ace|p1a: Throh\n|-supereffective|p1a: Throh\n|-damage|p1a: Throh|0 fnt\n|faint|p1a: Throh\n|\n|upkeep\n|\n|t:|1668037185\n|switch|p1a: Charizard|Charizard, M|100\/100\n|turn|12\n|\n|t:|1668037188\n|detailschange|p1a: Charizard|Charizard-Mega-Y, M\n|-mega|p1a: Charizard|Charizard|Charizardite Y\n|-weather|SunnyDay|[from] ability: Drought|[of] p1a: Charizard\n|move|p2a: Scyther|Aerial Ace|p1a: Charizard\n|-crit|p1a: Charizard\n|-damage|p1a: Charizard|5\/100\n|move|p1a: Charizard|Flamethrower|p2a: Scyther\n|-supereffective|p2a: Scyther\n|-damage|p2a: Scyther|0 fnt\n|faint|p2a: Scyther\n|\n|-weather|SunnyDay|[upkeep]\n|upkeep\n|\n|t:|1668037193\n|switch|p2a: Venusaur|Venusaur, M|100\/100\n|turn|13\n|\n|t:|1668037198\n|move|p2a: Venusaur|Giga Drain|p1a: Charizard\n|-resisted|p1a: Charizard\n|-damage|p1a: Charizard|0 fnt\n|faint|p1a: Charizard\n|\n|-weather|SunnyDay|[upkeep]\n|upkeep\n|\n|t:|1668037219\n|switch|p1a: Mimikyu|Mimikyu, M|100\/100\n|turn|14\n|\n|t:|1668037222\n|move|p2a: Venusaur|Sleep Powder|p1a: Mimikyu\n|-status|p1a: Mimikyu|slp|[from] move: Sleep Powder\n|cant|p1a: Mimikyu|slp\n|\n|-weather|SunnyDay|[upkeep]\n|upkeep\n|turn|15\n|\n|t:|1668037228\n|move|p2a: Venusaur|Sludge Bomb|p1a: Mimikyu\n|-activate|p1a: Mimikyu|ability: Disguise\n|-damage|p1a: Mimikyu|100\/100 slp\n|detailschange|p1a: Mimikyu|Mimikyu-Busted, M\n|-enditem|p1a: Mimikyu|Red Card|[of] p2a: Venusaur\n|drag|p2a: Jolteon|Jolteon, M|95\/100 brn\n|cant|p1a: Mimikyu|slp\n|\n|-weather|SunnyDay|[upkeep]\n|-damage|p2a: Jolteon|89\/100 brn|[from] brn\n|upkeep\n|turn|16\n|\n|t:|1668037238\n|move|p2a: Jolteon|Discharge|p1a: Mimikyu\n|-damage|p1a: Mimikyu|46\/100 slp\n|cant|p1a: Mimikyu|slp\n|\n|-weather|none\n|-damage|p2a: Jolteon|83\/100 brn|[from] brn\n|upkeep\n|turn|17\n|\n|t:|1668037250\n|move|p2a: Jolteon|Discharge|p1a: Mimikyu\n|-damage|p1a: Mimikyu|0 fnt\n|faint|p1a: Mimikyu\n|\n|-damage|p2a: Jolteon|77\/100 brn|[from] brn\n|upkeep\n|\n|t:|1668037251\n|switch|p1a: Cloyster|Cloyster, M|100\/100\n|turn|18\n|\n|t:|1668037256\n|move|p2a: Jolteon|Discharge|p1a: Cloyster\n|-supereffective|p1a: Cloyster\n|-damage|p1a: Cloyster|0 fnt\n|faint|p1a: Cloyster\n|\n|win|Baptista Augusto\n|raw|yordleyodel's rating: 1282 &rarr; <strong>1259<\/strong><br \/>(-23 for losing)\n|raw|Baptista Augusto's rating: 1313 &rarr; <strong>1331<\/strong><br \/>(+18 for winning)\n|l|\u2606yordleyodel\n","uploadtime":1668037264,"views":3,"p1id":"yordleyodel","p2id":"baptistaaugusto","formatid":"gen7ou","rating":1259,"private":0,"password":null}