{"id":"gen7ou-872648821","p1":"Luminahri","p2":"Toxabelle","format":"gen7ou","log":"|j|\u2606Luminahri\n|j|\u2606Toxabelle\n|player|p1|Luminahri|100\n|player|p2|Toxabelle|1\n|teamsize|p1|6\n|teamsize|p2|6\n|gametype|singles\n|gen|7\n|tier|[Gen 7] OU\n|rule|Sleep Clause Mod: Limit one foe put to sleep\n|rule|Species Clause: Limit one of each Pok\u00e9mon\n|rule|OHKO Clause: OHKO moves are banned\n|rule|Moody Clause: Moody is banned\n|rule|Evasion Moves Clause: Evasion moves are banned\n|rule|Endless Battle Clause: Forcing endless battles is banned\n|rule|HP Percentage Mod: HP is shown in percentages\n|clearpoke\n|poke|p1|Greninja, M|item\n|poke|p1|Mawile, F|item\n|poke|p1|Celesteela|item\n|poke|p1|Landorus-Therian, M|item\n|poke|p1|Chansey, F|item\n|poke|p1|Tapu Lele|item\n|poke|p2|Buzzwole|item\n|poke|p2|Celesteela|item\n|poke|p2|Alakazam, F|item\n|poke|p2|Toxapex, M|item\n|poke|p2|Landorus-Therian, M|item\n|poke|p2|Heatran, F|item\n|teampreview\n|inactive|Battle timer is ON: inactive players will automatically lose when time's up. (requested by Toxabelle)\n|\n|start\n|switch|p1a: BongoEgg|Chansey, F|100\/100\n|switch|p2a: Landorus|Landorus-Therian, M|100\/100\n|-ability|p2a: Landorus|Intimidate|boost\n|-unboost|p1a: BongoEgg|atk|1\n|turn|1\n|\n|move|p2a: Landorus|Knock Off|p1a: BongoEgg\n|-damage|p1a: BongoEgg|78\/100\n|-enditem|p1a: BongoEgg|Eviolite|[from] move: Knock Off|[of] p2a: Landorus\n|move|p1a: BongoEgg|Light Screen|p1a: BongoEgg\n|-sidestart|p1: Luminahri|move: Light Screen\n|\n|upkeep\n|turn|2\n|\n|switch|p2a: Heatran|Heatran, F|100\/100\n|move|p1a: BongoEgg|Reflect|p1a: BongoEgg\n|-sidestart|p1: Luminahri|Reflect\n|\n|upkeep\n|turn|3\n|\n|move|p2a: Heatran|Stealth Rock|p1a: BongoEgg\n|-sidestart|p1: Luminahri|move: Stealth Rock\n|move|p1a: BongoEgg|Endeavor|p2a: Heatran\n|-immune|p2a: Heatran\n|\n|upkeep\n|turn|4\n|\n|switch|p1a: FurryxAsh Baby|Greninja, M|100\/100\n|-damage|p1a: FurryxAsh Baby|88\/100|[from] Stealth Rock\n|move|p2a: Heatran|Magma Storm|p1a: FurryxAsh Baby\n|-resisted|p1a: FurryxAsh Baby\n|-damage|p1a: FurryxAsh Baby|70\/100\n|-activate|p1a: FurryxAsh Baby|move: Magma Storm|[of] p2a: Heatran\n|\n|-damage|p1a: FurryxAsh Baby|58\/100|[from] move: Magma Storm|[partiallytrapped]\n|upkeep\n|turn|5\n|\n|switch|p2a: Toxapex|Toxapex, M|100\/100\n|move|p1a: FurryxAsh Baby|Scald|p2a: Toxapex\n|-resisted|p2a: Toxapex\n|-damage|p2a: Toxapex|87\/100\n|-damage|p1a: FurryxAsh Baby|48\/100|[from] item: Life Orb\n|\n|-heal|p2a: Toxapex|93\/100|[from] item: Black Sludge\n|-end|p1a: FurryxAsh Baby|Magma Storm|[partiallytrapped]|[silent]\n|-sideend|p1: Luminahri|move: Light Screen\n|upkeep\n|turn|6\n|\n|switch|p1a: BongoEgg|Chansey, F|78\/100\n|-damage|p1a: BongoEgg|66\/100|[from] Stealth Rock\n|move|p2a: Toxapex|Scald|p1a: BongoEgg\n|-damage|p1a: BongoEgg|57\/100\n|\n|-heal|p2a: Toxapex|99\/100|[from] item: Black Sludge\n|-sideend|p1: Luminahri|Reflect\n|upkeep\n|turn|7\n|c|\u2606Toxabelle|I thought u were good\n|c|\u2606Toxabelle|Im disappointed\n|\n|switch|p2a: rambo|Buzzwole|100\/100\n|move|p1a: BongoEgg|Endeavor|p2a: rambo\n|-damage|p2a: rambo|96\/100\n|\n|upkeep\n|turn|8\n|inactive|Luminahri has 270 seconds left.\n|\n|switch|p1a: WhatAmIMother|Celesteela|100\/100\n|-damage|p1a: WhatAmIMother|88\/100|[from] Stealth Rock\n|move|p2a: rambo|Bulk Up|p2a: rambo\n|-boost|p2a: rambo|atk|1\n|-boost|p2a: rambo|def|1\n|\n|upkeep\n|turn|9\n|inactive|Luminahri has 270 seconds left.\n|\n|switch|p2a: Heatran|Heatran, F|100\/100\n|move|p1a: WhatAmIMother|Heavy Slam|p2a: Heatran\n|-resisted|p2a: Heatran\n|-damage|p2a: Heatran|96\/100\n|\n|-heal|p2a: Heatran|100\/100|[from] item: Leftovers\n|upkeep\n|turn|10\n|inactive|Luminahri has 270 seconds left.\n|\n|switch|p1a: BongoEgg|Chansey, F|57\/100\n|-damage|p1a: BongoEgg|45\/100|[from] Stealth Rock\n|move|p2a: Heatran|Magma Storm|p1a: BongoEgg|[miss]\n|-miss|p2a: Heatran|p1a: BongoEgg\n|\n|upkeep\n|turn|11\n|\n|move|p2a: Heatran|Taunt|p1a: BongoEgg\n|-start|p1a: BongoEgg|move: Taunt\n|cant|p1a: BongoEgg|move: Taunt|Reflect\n|\n|upkeep\n|turn|12\n|\n|move|p2a: Heatran|Magma Storm|p1a: BongoEgg\n|-crit|p1a: BongoEgg\n|-damage|p1a: BongoEgg|15\/100\n|-activate|p1a: BongoEgg|move: Magma Storm|[of] p2a: Heatran\n|move|p1a: BongoEgg|Endeavor|p2a: Heatran\n|-damage|p2a: Heatran|27\/100\n|\n|-heal|p2a: Heatran|33\/100|[from] item: Leftovers\n|-damage|p1a: BongoEgg|3\/100|[from] move: Magma Storm|[partiallytrapped]\n|upkeep\n|turn|13\n|\n|move|p2a: Heatran|Earth Power|p1a: BongoEgg\n|-damage|p1a: BongoEgg|0 fnt\n|faint|p1a: BongoEgg\n|\n|-heal|p2a: Heatran|39\/100|[from] item: Leftovers\n|upkeep\n|\n|switch|p1a: NutStache|Landorus-Therian, M|100\/100\n|-damage|p1a: NutStache|88\/100|[from] Stealth Rock\n|-ability|p1a: NutStache|Intimidate|boost\n|-unboost|p2a: Heatran|atk|1\n|turn|14\n|j| djok barra hi\n|\n|switch|p2a: Landorus|Landorus-Therian, M|100\/100\n|-ability|p2a: Landorus|Intimidate|boost\n|-unboost|p1a: NutStache|atk|1\n|move|p1a: NutStache|Earthquake|p2a: Landorus\n|-immune|p2a: Landorus\n|\n|upkeep\n|turn|15\n|c| djok barra hi|still using the same team from months ago :o\n|\n|switch|p1a: WhatAmIMother|Celesteela|88\/100\n|-damage|p1a: WhatAmIMother|76\/100|[from] Stealth Rock\n|move|p2a: Landorus|U-turn|p1a: WhatAmIMother\n|-resisted|p1a: WhatAmIMother\n|-damage|p1a: WhatAmIMother|71\/100\n|\n|switch|p2a: Heatran|Heatran, F|39\/100\n|\n|-heal|p2a: Heatran|45\/100|[from] item: Leftovers\n|upkeep\n|turn|16\n|\n|switch|p1a: FurryxAsh Baby|Greninja, M|48\/100\n|-damage|p1a: FurryxAsh Baby|36\/100|[from] Stealth Rock\n|move|p2a: Heatran|Magma Storm|p1a: FurryxAsh Baby\n|-resisted|p1a: FurryxAsh Baby\n|-damage|p1a: FurryxAsh Baby|0 fnt\n|faint|p1a: FurryxAsh Baby\n|\n|-heal|p2a: Heatran|51\/100|[from] item: Leftovers\n|upkeep\n|inactive|Luminahri has 240 seconds left.\n|\n|switch|p1a: NutStache|Landorus-Therian, M|88\/100\n|-damage|p1a: NutStache|76\/100|[from] Stealth Rock\n|-ability|p1a: NutStache|Intimidate|boost\n|-unboost|p2a: Heatran|atk|1\n|turn|17\n|\n|switch|p2a: Landorus|Landorus-Therian, M|100\/100\n|-ability|p2a: Landorus|Intimidate|boost\n|-unboost|p1a: NutStache|atk|1\n|move|p1a: NutStache|Superpower|p2a: Landorus\n|-resisted|p2a: Landorus\n|-damage|p2a: Landorus|84\/100\n|-unboost|p1a: NutStache|atk|1\n|-unboost|p1a: NutStache|def|1\n|\n|upkeep\n|turn|18\n|inactive|Luminahri has 240 seconds left.\n|\n|switch|p1a: BiteMeDaddy|Mawile, F|100\/100\n|-damage|p1a: BiteMeDaddy|94\/100|[from] Stealth Rock\n|move|p2a: Landorus|U-turn|p1a: BiteMeDaddy\n|-resisted|p1a: BiteMeDaddy\n|-damage|p1a: BiteMeDaddy|86\/100\n|\n|switch|p2a: Heatran|Heatran, F|51\/100\n|\n|-heal|p2a: Heatran|57\/100|[from] item: Leftovers\n|upkeep\n|turn|19\n|inactive|Luminahri has 240 seconds left.\n|\n|switch|p1a: InklingReject|Tapu Lele|100\/100\n|-damage|p1a: InklingReject|88\/100|[from] Stealth Rock\n|-fieldstart|move: Psychic Terrain|[from] ability: Psychic Surge|[of] p1a: InklingReject\n|move|p2a: Heatran|Magma Storm|p1a: InklingReject\n|-damage|p1a: InklingReject|38\/100\n|-activate|p1a: InklingReject|move: Magma Storm|[of] p2a: Heatran\n|\n|-heal|p2a: Heatran|63\/100|[from] item: Leftovers\n|-damage|p1a: InklingReject|25\/100|[from] move: Magma Storm|[partiallytrapped]\n|upkeep\n|turn|20\n|\n|switch|p2a: Celesteela|Celesteela|100\/100\n|move|p1a: InklingReject|Hidden Power|p2a: Celesteela\n|-supereffective|p2a: Celesteela\n|-damage|p2a: Celesteela|57\/100\n|\n|-heal|p2a: Celesteela|63\/100|[from] item: Leftovers\n|-end|p1a: InklingReject|Magma Storm|[partiallytrapped]|[silent]\n|upkeep\n|turn|21\n|\n|move|p1a: InklingReject|Hidden Power|p2a: Celesteela\n|-supereffective|p2a: Celesteela\n|-damage|p2a: Celesteela|20\/100\n|move|p2a: Celesteela|Heavy Slam|p1a: InklingReject\n|-supereffective|p1a: InklingReject\n|-damage|p1a: InklingReject|0 fnt\n|faint|p1a: InklingReject\n|-ability|p2a: Celesteela|Beast Boost|boost\n|-boost|p2a: Celesteela|spd|1\n|\n|-heal|p2a: Celesteela|26\/100|[from] item: Leftovers\n|upkeep\n|\n|switch|p1a: BiteMeDaddy|Mawile, F|86\/100\n|-damage|p1a: BiteMeDaddy|80\/100|[from] Stealth Rock\n|turn|22\n|\n|detailschange|p1a: BiteMeDaddy|Mawile-Mega, F\n|-mega|p1a: BiteMeDaddy|Mawile|Mawilite\n|move|p2a: Celesteela|Flamethrower|p1a: BiteMeDaddy\n|-supereffective|p1a: BiteMeDaddy\n|-damage|p1a: BiteMeDaddy|23\/100\n|move|p1a: BiteMeDaddy|Foul Play|p2a: Celesteela\n|-damage|p2a: Celesteela|0 fnt\n|faint|p2a: Celesteela\n|\n|upkeep\n|\n|switch|p2a: Alakazam|Alakazam, F|100\/100\n|turn|23\n|\n|detailschange|p2a: Alakazam|Alakazam-Mega, F\n|-mega|p2a: Alakazam|Alakazam|Alakazite\n|-ability|p2a: Alakazam|Huge Power|[from] ability: Trace|[of] p1a: BiteMeDaddy\n|move|p2a: Alakazam|Psychic|p1a: BiteMeDaddy\n|-resisted|p1a: BiteMeDaddy\n|-damage|p1a: BiteMeDaddy|0 fnt\n|faint|p1a: BiteMeDaddy\n|\n|-fieldend|move: Psychic Terrain\n|upkeep\n|inactive|Luminahri has 240 seconds left.\n|\n|switch|p1a: WhatAmIMother|Celesteela|71\/100\n|-damage|p1a: WhatAmIMother|59\/100|[from] Stealth Rock\n|turn|24\n|inactive|Luminahri has 240 seconds left.\n|\n|move|p2a: Alakazam|Focus Blast|p1a: WhatAmIMother\n|-crit|p1a: WhatAmIMother\n|-damage|p1a: WhatAmIMother|15\/100\n|-unboost|p1a: WhatAmIMother|spd|1\n|move|p1a: WhatAmIMother|Heavy Slam|p2a: Alakazam\n|-damage|p2a: Alakazam|26\/100\n|\n|upkeep\n|turn|25\n|\n|move|p2a: Alakazam|Psychic|p1a: WhatAmIMother\n|-resisted|p1a: WhatAmIMother\n|-damage|p1a: WhatAmIMother|0 fnt\n|faint|p1a: WhatAmIMother\n|\n|upkeep\n|\n|switch|p1a: NutStache|Landorus-Therian, M|76\/100\n|-damage|p1a: NutStache|64\/100|[from] Stealth Rock\n|-ability|p1a: NutStache|Intimidate|boost\n|-unboost|p2a: Alakazam|atk|1\n|turn|26\n|l|\u2606Luminahri\n|inactive|Luminahri disconnected and has 300 seconds to reconnect!\n|player|p1|\n|-message|Toxabelle forfeited.\n|\n|win|Luminahri\n|c| djok barra hi|wait\n|c| djok barra hi|why\n|c| djok barra hi|wtf\n","uploadtime":1551984622,"views":31,"p1id":"luminahri","p2id":"toxabelle","formatid":"gen7ou","rating":0,"private":0,"password":null}