{"id":"gen7ou-750249635","p1":"H4WT \u272f","p2":"AlphayOmega","format":"gen7ou","log":"|j|\u2606H4WT \u272f\n|j|\u2606AlphayOmega\n|player|p1|H4WT \u272f|266\n|player|p2|AlphayOmega|153\n|teamsize|p1|6\n|teamsize|p2|6\n|gametype|singles\n|gen|7\n|tier|[Gen 7] OU\n|rated|\n|rule|Sleep Clause Mod: Limit one foe put to sleep\n|rule|Species Clause: Limit one of each Pok\u00e9mon\n|rule|OHKO Clause: OHKO moves are banned\n|rule|Moody Clause: Moody is banned\n|rule|Evasion Moves Clause: Evasion moves are banned\n|rule|Endless Battle Clause: Forcing endless battles is banned\n|rule|HP Percentage Mod: HP is shown in percentages\n|clearpoke\n|poke|p1|Mawile, F|item\n|poke|p1|Greninja, M|item\n|poke|p1|Tornadus-Therian, M|item\n|poke|p1|Ferrothorn, F|item\n|poke|p1|Garchomp, F|item\n|poke|p1|Tapu Koko|item\n|poke|p2|Gyarados, M|item\n|poke|p2|Dragonite, M|item\n|poke|p2|Diancie|item\n|poke|p2|Mew|item\n|poke|p2|Medicham, M|item\n|poke|p2|Landorus-Therian, M|item\n|teampreview\n|\n|start\n|switch|p1a: Tapu Koko|Tapu Koko|100\/100\n|switch|p2a: Steroids|Medicham, M, shiny|100\/100\n|-fieldstart|move: Electric Terrain|[from] ability: Electric Surge|[of] p1a: Tapu Koko\n|turn|1\n|\n|move|p2a: Steroids|Poison Jab|p1a: Tapu Koko\n|-supereffective|p1a: Tapu Koko\n|-damage|p1a: Tapu Koko|10\/100\n|-status|p1a: Tapu Koko|psn\n|move|p1a: Tapu Koko|Volt Switch|p2a: Steroids\n|-damage|p2a: Steroids|25\/100\n|\n|switch|p1a: Ferrothorn|Ferrothorn, F|100\/100\n|\n|upkeep\n|turn|2\n|\n|switch|p2a: Mewstor|Mew, shiny|100\/100\n|move|p1a: Ferrothorn|Stealth Rock|p2a: Mewstor\n|-sidestart|p2: AlphayOmega|move: Stealth Rock\n|\n|upkeep\n|turn|3\n|\n|switch|p1a: Greninja|Greninja, M|100\/100\n|move|p2a: Mewstor|Defog|p1a: Greninja\n|-unboost|p1a: Greninja|evasion|1\n|-sideend|p2: AlphayOmega|Stealth Rock|[from] move: Defog|[of] p2a: Mewstor\n|\n|upkeep\n|turn|4\n|\n|switch|p2a: Gaia|Landorus-Therian, M|100\/100\n|-ability|p2a: Gaia|Intimidate|boost\n|-unboost|p1a: Greninja|atk|1\n|move|p1a: Greninja|Dark Pulse|p2a: Gaia\n|-damage|p2a: Gaia|46\/100\n|\n|-heal|p2a: Gaia|52\/100|[from] item: Leftovers\n|upkeep\n|turn|5\n|\n|move|p1a: Greninja|Dark Pulse|p2a: Gaia\n|-damage|p2a: Gaia|0 fnt\n|faint|p2a: Gaia\n|-activate|p1a: Greninja|ability: Battle Bond\n|detailschange|p1a: Greninja|Greninja-Ash, M\n|\n|-fieldend|move: Electric Terrain\n|upkeep\n|\n|switch|p2a: Steroids|Medicham, M, shiny|25\/100\n|turn|6\n|\n|switch|p1a: Tornadus|Tornadus-Therian, M|100\/100\n|move|p2a: Steroids|High Jump Kick|p1a: Tornadus\n|-resisted|p1a: Tornadus\n|-damage|p1a: Tornadus|43\/100\n|\n|upkeep\n|turn|7\n|\n|switch|p1a: Garchomp|Garchomp, F|100\/100\n|move|p2a: Steroids|High Jump Kick|p1a: Garchomp\n|-damage|p1a: Garchomp|21\/100\n|-damage|p2a: Steroids|12\/100|[from] ability: Rough Skin|[of] p1a: Garchomp\n|\n|upkeep\n|turn|8\n|\n|move|p1a: Garchomp|Rock Slide|p2a: Steroids\n|-resisted|p2a: Steroids\n|-damage|p2a: Steroids|0 fnt\n|faint|p2a: Steroids\n|\n|upkeep\n|\n|switch|p2a: Diancie|Diancie|100\/100\n|turn|9\n|\n|switch|p1a: Tornadus|Tornadus-Therian, M|76\/100\n|-mega|p2a: Diancie|Diancie|Diancite\n|detailschange|p2a: Diancie|Diancie-Mega\n|move|p2a: Diancie|Hidden Power|p1a: Tornadus\n|-damage|p1a: Tornadus|48\/100\n|\n|upkeep\n|turn|10\n|inactive|Battle timer is ON: inactive players will automatically lose when time's up. (requested by AlphayOmega)\n|\n|-zpower|p1a: Tornadus\n|move|p1a: Tornadus|Inferno Overdrive|p2a: Diancie|[zeffect]\n|-resisted|p2a: Diancie\n|-damage|p2a: Diancie|66\/100\n|move|p2a: Diancie|Diamond Storm|p1a: Tornadus\n|-supereffective|p1a: Tornadus\n|-damage|p1a: Tornadus|0 fnt\n|faint|p1a: Tornadus\n|\n|upkeep\n|inactive|H4WT \u272f has 135 seconds left.\n|\n|switch|p1a: Greninja|Greninja-Ash, M|100\/100\n|turn|11\n|\n|switch|p2a: Leyenda|Dragonite, M|100\/100\n|move|p1a: Greninja|Hydro Pump|p2a: Leyenda\n|-resisted|p2a: Leyenda\n|-damage|p2a: Leyenda|77\/100\n|\n|upkeep\n|turn|12\n|\n|switch|p1a: Tapu Koko|Tapu Koko|10\/100 psn\n|-fieldstart|move: Electric Terrain|[from] ability: Electric Surge|[of] p1a: Tapu Koko\n|move|p2a: Leyenda|Fire Punch|p1a: Tapu Koko\n|-damage|p1a: Tapu Koko|0 fnt\n|faint|p1a: Tapu Koko\n|\n|upkeep\n|\n|switch|p1a: Garchomp|Garchomp, F|21\/100\n|turn|13\n|\n|switch|p2a: Mewstor|Mew, shiny|100\/100\n|move|p1a: Garchomp|Rock Slide|p2a: Mewstor\n|-damage|p2a: Mewstor|82\/100\n|\n|-heal|p2a: Mewstor|89\/100|[from] item: Leftovers\n|upkeep\n|turn|14\n|\n|switch|p1a: Greninja|Greninja-Ash, M|100\/100\n|move|p2a: Mewstor|Will-O-Wisp|p1a: Greninja\n|-status|p1a: Greninja|brn\n|\n|-heal|p2a: Mewstor|95\/100|[from] item: Leftovers\n|-damage|p1a: Greninja|95\/100 brn|[from] brn\n|upkeep\n|turn|15\n|\n|move|p1a: Greninja|Dark Pulse|p2a: Mewstor\n|-supereffective|p2a: Mewstor\n|-damage|p2a: Mewstor|0 fnt\n|faint|p2a: Mewstor\n|\n|-damage|p1a: Greninja|89\/100 brn|[from] brn\n|upkeep\n|\n|switch|p2a: VetDancX|Gyarados, M|100\/100\n|turn|16\n|\n|switch|p1a: Ferrothorn|Ferrothorn, F|100\/100\n|move|p2a: VetDancX|Dragon Dance|p2a: VetDancX\n|-boost|p2a: VetDancX|atk|1\n|-boost|p2a: VetDancX|spe|1\n|\n|-fieldend|move: Electric Terrain\n|upkeep\n|turn|17\n|\n|move|p2a: VetDancX|Dragon Dance|p2a: VetDancX\n|-boost|p2a: VetDancX|atk|1\n|-boost|p2a: VetDancX|spe|1\n|move|p1a: Ferrothorn|Power Whip|p2a: VetDancX\n|-damage|p2a: VetDancX|54\/100\n|\n|upkeep\n|turn|18\n|\n|-zpower|p2a: VetDancX\n|move|p2a: VetDancX|Supersonic Skystrike|p1a: Ferrothorn|[zeffect]\n|-damage|p1a: Ferrothorn|0 fnt\n|faint|p1a: Ferrothorn\n|-ability|p2a: VetDancX|Moxie|boost\n|-boost|p2a: VetDancX|atk|1\n|\n|upkeep\n|\n|switch|p1a: Mawile|Mawile, F|100\/100\n|-ability|p1a: Mawile|Intimidate|boost\n|-unboost|p2a: VetDancX|atk|1\n|turn|19\n|\n|-mega|p1a: Mawile|Mawile|Mawilite\n|detailschange|p1a: Mawile|Mawile-Mega, F\n|move|p1a: Mawile|Sucker Punch|p2a: VetDancX\n|-damage|p2a: VetDancX|1\/100\n|move|p2a: VetDancX|Waterfall|p1a: Mawile\n|-damage|p1a: Mawile|11\/100\n|\n|upkeep\n|turn|20\n|\n|move|p1a: Mawile|Sucker Punch|p2a: VetDancX\n|-damage|p2a: VetDancX|0 fnt\n|faint|p2a: VetDancX\n|\n|upkeep\n|\n|switch|p2a: Leyenda|Dragonite, M|77\/100\n|turn|21\n|\n|move|p2a: Leyenda|Extreme Speed|p1a: Mawile\n|-resisted|p1a: Mawile\n|-damage|p1a: Mawile|0 fnt\n|faint|p1a: Mawile\n|\n|upkeep\n|\n|switch|p1a: Greninja|Greninja-Ash, M|89\/100 brn\n|turn|22\n|inactive|AlphayOmega has 135 seconds left.\n|\n|switch|p2a: Diancie|Diancie-Mega|66\/100\n|move|p1a: Greninja|Dark Pulse|p2a: Diancie\n|-resisted|p2a: Diancie\n|-damage|p2a: Diancie|18\/100\n|\n|-damage|p1a: Greninja|83\/100 brn|[from] brn\n|upkeep\n|turn|23\n|\n|move|p1a: Greninja|Dark Pulse|p2a: Diancie\n|-resisted|p2a: Diancie\n|-damage|p2a: Diancie|0 fnt\n|faint|p2a: Diancie\n|\n|-damage|p1a: Greninja|77\/100 brn|[from] brn\n|upkeep\n|\n|switch|p2a: Leyenda|Dragonite, M|77\/100\n|turn|24\n|\n|move|p2a: Leyenda|Extreme Speed|p1a: Greninja\n|-damage|p1a: Greninja|0 fnt\n|faint|p1a: Greninja\n|\n|upkeep\n|\n|switch|p1a: Garchomp|Garchomp, F|21\/100\n|turn|25\n|c|\u2606H4WT \u272f|fuck\n|c|\u2606H4WT \u272f|i lost to this untean\n|c|\u2606AlphayOmega|cb\n|-message|H4WT \u272f forfeited.\n|\n|win|AlphayOmega\n|l|\u2606H4WT \u272f\n|raw|H4WT \u272f's rating: 1536 &rarr; <strong>1520<\/strong><br \/>(-16 for losing)\n|raw|AlphayOmega's rating: 1594 &rarr; <strong>1611<\/strong><br \/>(+17 for winning)\n","inputlog":null,"uploadtime":1526840326,"views":57,"p1id":"h4wt","p2id":"alphayomega","formatid":"gen7ou","rating":1520,"private":0,"password":null}