{"id":"gen7ou-1676569299","p1":"Dindon Ductile","p2":"Philein","format":"gen7ou","log":"|j|\u2606Dindon Ductile\n|j|\u2606Philein\n|t:|1664808203\n|gametype|singles\n|player|p1|Dindon Ductile|bruno|1463\n|player|p2|Philein|lucas|1714\n|teamsize|p1|6\n|teamsize|p2|6\n|gen|7\n|tier|[Gen 7] OU\n|rated|\n|rule|Sleep Clause Mod: Limit one foe put to sleep\n|rule|Species Clause: Limit one of each Pok\u00e9mon\n|rule|OHKO Clause: OHKO moves are banned\n|rule|Moody Clause: Moody is banned\n|rule|Evasion Items Clause: Evasion items are banned\n|rule|Evasion Moves Clause: Evasion moves are banned\n|rule|Endless Battle Clause: Forcing endless battles is banned\n|rule|HP Percentage Mod: HP is shown in percentages\n|clearpoke\n|poke|p1|Magearna|item\n|poke|p1|Serperior, M|item\n|poke|p1|Tornadus-Therian, M|item\n|poke|p1|Garchomp, M|item\n|poke|p1|Medicham, F|item\n|poke|p1|Tapu Koko|item\n|poke|p2|Toxapex, M|item\n|poke|p2|Gliscor, F|item\n|poke|p2|Ferrothorn, M|item\n|poke|p2|Ditto|item\n|poke|p2|Latias, F|item\n|poke|p2|Celesteela|item\n|teampreview\n|inactive|Battle timer is ON: inactive players will automatically lose when time's up. (requested by Dindon Ductile)\n|inactive|Philein has 120 seconds left.\n|\n|t:|1664808295\n|start\n|switch|p1a: Tapu Koko|Tapu Koko|100\/100\n|switch|p2a: Raiponse|Toxapex, M|100\/100\n|-fieldstart|move: Electric Terrain|[from] ability: Electric Surge|[of] p1a: Tapu Koko\n|turn|1\n|\n|t:|1664808308\n|switch|p2a: Nogaret|Ferrothorn, M|100\/100\n|move|p1a: Tapu Koko|Hidden Power|p2a: Nogaret\n|-damage|p2a: Nogaret|91\/100\n|\n|-heal|p2a: Nogaret|97\/100|[from] item: Leftovers\n|upkeep\n|turn|2\n|\n|t:|1664808317\n|switch|p1a: Garchomp|Garchomp, M|100\/100\n|move|p2a: Nogaret|Spikes|p1a: Garchomp\n|-sidestart|p1: Dindon Ductile|Spikes\n|\n|-heal|p2a: Nogaret|100\/100|[from] item: Leftovers\n|upkeep\n|turn|3\n|\n|t:|1664808331\n|switch|p2a: Lyobart de Cambrai|Latias, F|100\/100\n|move|p1a: Garchomp|Fire Blast|p2a: Lyobart de Cambrai\n|-resisted|p2a: Lyobart de Cambrai\n|-damage|p2a: Lyobart de Cambrai|94\/100\n|\n|upkeep\n|turn|4\n|\n|t:|1664808352\n|switch|p1a: Magearna|Magearna|100\/100\n|-damage|p1a: Magearna|88\/100|[from] Spikes\n|detailschange|p2a: Lyobart de Cambrai|Latias-Mega, F\n|-mega|p2a: Lyobart de Cambrai|Latias|Latiasite\n|move|p2a: Lyobart de Cambrai|Ice Beam|p1a: Magearna\n|-resisted|p1a: Magearna\n|-damage|p1a: Magearna|83\/100\n|\n|upkeep\n|turn|5\n|\n|t:|1664808368\n|switch|p2a: Raiponse|Toxapex, M|100\/100\n|move|p1a: Magearna|Fleur Cannon|p2a: Raiponse\n|-resisted|p2a: Raiponse\n|-damage|p2a: Raiponse|82\/100\n|-unboost|p1a: Magearna|spa|2\n|\n|-heal|p2a: Raiponse|88\/100|[from] item: Black Sludge\n|-fieldend|move: Electric Terrain\n|upkeep\n|turn|6\n|\n|t:|1664808374\n|switch|p1a: Tornadus|Tornadus-Therian, M|100\/100\n|switch|p2a: Sandrine|Gliscor, F|100\/100\n|\n|-status|p2a: Sandrine|tox|[from] item: Toxic Orb\n|upkeep\n|turn|7\n|\n|t:|1664808383\n|move|p1a: Tornadus|Hurricane|p2a: Sandrine\n|-damage|p2a: Sandrine|64\/100 tox\n|move|p2a: Sandrine|Knock Off|p1a: Tornadus\n|-damage|p1a: Tornadus|76\/100\n|-damage|p2a: Sandrine|47\/100 tox|[from] item: Rocky Helmet|[of] p1a: Tornadus\n|-enditem|p1a: Tornadus|Rocky Helmet|[from] move: Knock Off|[of] p2a: Sandrine\n|\n|-heal|p2a: Sandrine|60\/100 tox|[from] ability: Poison Heal\n|upkeep\n|turn|8\n|\n|t:|1664808390\n|move|p1a: Tornadus|Defog|p2a: Sandrine\n|-unboost|p2a: Sandrine|evasion|1\n|-sideend|p1: Dindon Ductile|Spikes|[from] move: Defog|[of] p1a: Tornadus\n|move|p2a: Sandrine|Roost|p2a: Sandrine\n|-heal|p2a: Sandrine|100\/100 tox\n|-singleturn|p2a: Sandrine|move: Roost\n|\n|upkeep\n|turn|9\n|\n|t:|1664808398\n|move|p1a: Tornadus|Hurricane|p2a: Sandrine\n|-damage|p2a: Sandrine|57\/100 tox\n|move|p2a: Sandrine|Stealth Rock|p1a: Tornadus\n|-sidestart|p1: Dindon Ductile|move: Stealth Rock\n|\n|-heal|p2a: Sandrine|69\/100 tox|[from] ability: Poison Heal\n|upkeep\n|turn|10\n|\n|t:|1664808403\n|move|p1a: Tornadus|Defog|p2a: Sandrine\n|-unboost|p2a: Sandrine|evasion|1\n|-sideend|p1: Dindon Ductile|Stealth Rock|[from] move: Defog|[of] p1a: Tornadus\n|move|p2a: Sandrine|Roost|p2a: Sandrine\n|-heal|p2a: Sandrine|100\/100 tox\n|-singleturn|p2a: Sandrine|move: Roost\n|\n|upkeep\n|turn|11\n|\n|t:|1664808407\n|switch|p1a: Medicham|Medicham, F, shiny|100\/100\n|move|p2a: Sandrine|Stealth Rock|p1a: Medicham\n|-sidestart|p1: Dindon Ductile|move: Stealth Rock\n|\n|upkeep\n|turn|12\n|\n|t:|1664808416\n|switch|p2a: Raiponse|Toxapex, M|100\/100\n|detailschange|p1a: Medicham|Medicham-Mega, F, shiny\n|-mega|p1a: Medicham|Medicham|Medichamite\n|move|p1a: Medicham|Zen Headbutt|p2a: Raiponse\n|-supereffective|p2a: Raiponse\n|-damage|p2a: Raiponse|0 fnt\n|faint|p2a: Raiponse\n|\n|upkeep\n|\n|t:|1664808419\n|switch|p2a: ERRORE DE SISTEMA|Ditto|100\/100\n|-transform|p2a: ERRORE DE SISTEMA|p1a: Medicham|[from] ability: Imposter\n|turn|13\n|\n|t:|1664808444\n|switch|p1a: Tapu Koko|Tapu Koko|100\/100\n|-damage|p1a: Tapu Koko|88\/100|[from] Stealth Rock\n|-fieldstart|move: Electric Terrain|[from] ability: Electric Surge|[of] p1a: Tapu Koko\n|move|p2a: ERRORE DE SISTEMA|Zen Headbutt|p1a: Tapu Koko|[miss]\n|-miss|p2a: ERRORE DE SISTEMA|p1a: Tapu Koko\n|\n|upkeep\n|turn|14\n|\n|t:|1664808454\n|switch|p2a: Sandrine|Gliscor, F|100\/100 tox\n|move|p1a: Tapu Koko|U-turn|p2a: Sandrine\n|-resisted|p2a: Sandrine\n|-damage|p2a: Sandrine|91\/100 tox\n|\n|t:|1664808460\n|switch|p1a: Tornadus|Tornadus-Therian, M|100\/100|[from]move: U-turn\n|-damage|p1a: Tornadus|76\/100|[from] Stealth Rock\n|\n|-heal|p2a: Sandrine|100\/100 tox|[from] ability: Poison Heal\n|upkeep\n|turn|15\n|\n|t:|1664808464\n|move|p1a: Tornadus|Defog|p2a: Sandrine\n|-unboost|p2a: Sandrine|evasion|1\n|-sideend|p1: Dindon Ductile|Stealth Rock|[from] move: Defog|[of] p1a: Tornadus\n|move|p2a: Sandrine|Stealth Rock|p1a: Tornadus\n|-sidestart|p1: Dindon Ductile|move: Stealth Rock\n|\n|upkeep\n|turn|16\n|\n|t:|1664808467\n|move|p1a: Tornadus|Defog|p2a: Sandrine\n|-unboost|p2a: Sandrine|evasion|1\n|-sideend|p1: Dindon Ductile|Stealth Rock|[from] move: Defog|[of] p1a: Tornadus\n|move|p2a: Sandrine|Knock Off|p1a: Tornadus\n|-damage|p1a: Tornadus|60\/100\n|\n|upkeep\n|turn|17\n|\n|t:|1664808471\n|move|p1a: Tornadus|U-turn|p2a: Sandrine\n|-resisted|p2a: Sandrine\n|-damage|p2a: Sandrine|95\/100 tox\n|\n|t:|1664808473\n|switch|p1a: Medicham|Medicham-Mega, F, shiny|100\/100|[from]move: U-turn\n|move|p2a: Sandrine|Stealth Rock|p1a: Medicham\n|-sidestart|p1: Dindon Ductile|move: Stealth Rock\n|\n|-heal|p2a: Sandrine|100\/100 tox|[from] ability: Poison Heal\n|-fieldend|move: Electric Terrain\n|upkeep\n|turn|18\n|\n|t:|1664808480\n|switch|p2a: Nogaret|Ferrothorn, M|100\/100\n|move|p1a: Medicham|Ice Punch|p2a: Nogaret\n|-damage|p2a: Nogaret|71\/100\n|-damage|p1a: Medicham|88\/100|[from] ability: Iron Barbs|[of] p2a: Nogaret\n|\n|-heal|p2a: Nogaret|77\/100|[from] item: Leftovers\n|upkeep\n|turn|19\n|\n|t:|1664808490\n|move|p2a: Nogaret|Protect|p2a: Nogaret\n|-singleturn|p2a: Nogaret|Protect\n|move|p1a: Medicham|Ice Punch|p2a: Nogaret\n|-activate|p2a: Nogaret|move: Protect\n|\n|-heal|p2a: Nogaret|83\/100|[from] item: Leftovers\n|upkeep\n|turn|20\n|\n|t:|1664808499\n|switch|p2a: Lyobart de Cambrai|Latias-Mega, F|94\/100\n|move|p1a: Medicham|High Jump Kick|p2a: Lyobart de Cambrai\n|-resisted|p2a: Lyobart de Cambrai\n|-damage|p2a: Lyobart de Cambrai|52\/100\n|\n|upkeep\n|turn|21\n|\n|t:|1664808507\n|move|p2a: Lyobart de Cambrai|Psychic|p1a: Medicham\n|-damage|p1a: Medicham|28\/100\n|move|p1a: Medicham|Ice Punch|p2a: Lyobart de Cambrai\n|-supereffective|p2a: Lyobart de Cambrai\n|-damage|p2a: Lyobart de Cambrai|0 fnt\n|faint|p2a: Lyobart de Cambrai\n|\n|upkeep\n|\n|t:|1664808510\n|switch|p2a: ERRORE DE SISTEMA|Ditto|100\/100\n|-transform|p2a: ERRORE DE SISTEMA|p1a: Medicham|[from] ability: Imposter\n|turn|22\n|\n|t:|1664808526\n|switch|p1a: Magearna|Magearna|83\/100\n|-damage|p1a: Magearna|77\/100|[from] Stealth Rock\n|move|p2a: ERRORE DE SISTEMA|High Jump Kick|p1a: Magearna\n|-damage|p1a: Magearna|0 fnt\n|faint|p1a: Magearna\n|\n|upkeep\n|inactive|Dindon Ductile has 120 seconds left.\n|\n|t:|1664808551\n|switch|p1a: Tapu Koko|Tapu Koko|88\/100\n|-damage|p1a: Tapu Koko|76\/100|[from] Stealth Rock\n|-fieldstart|move: Electric Terrain|[from] ability: Electric Surge|[of] p1a: Tapu Koko\n|turn|23\n|\n|t:|1664808555\n|switch|p2a: Nogaret|Ferrothorn, M|83\/100\n|switch|p1a: Tornadus|Tornadus-Therian, M|93\/100\n|-damage|p1a: Tornadus|68\/100|[from] Stealth Rock\n|\n|-heal|p2a: Nogaret|89\/100|[from] item: Leftovers\n|upkeep\n|turn|24\n|\n|t:|1664808561\n|switch|p2a: Sandrine|Gliscor, F|100\/100 tox\n|move|p1a: Tornadus|Knock Off|p2a: Sandrine\n|-damage|p2a: Sandrine|84\/100 tox\n|-enditem|p2a: Sandrine|Toxic Orb|[from] move: Knock Off|[of] p1a: Tornadus\n|\n|-heal|p2a: Sandrine|97\/100 tox|[from] ability: Poison Heal\n|upkeep\n|turn|25\n|\n|t:|1664808567\n|move|p1a: Tornadus|Defog|p2a: Sandrine\n|-unboost|p2a: Sandrine|evasion|1\n|-sideend|p1: Dindon Ductile|Stealth Rock|[from] move: Defog|[of] p1a: Tornadus\n|move|p2a: Sandrine|Stealth Rock|p1a: Tornadus\n|-sidestart|p1: Dindon Ductile|move: Stealth Rock\n|\n|-heal|p2a: Sandrine|100\/100 tox|[from] ability: Poison Heal\n|upkeep\n|turn|26\n|\n|t:|1664808570\n|move|p1a: Tornadus|Defog|p2a: Sandrine\n|-unboost|p2a: Sandrine|evasion|1\n|-sideend|p1: Dindon Ductile|Stealth Rock|[from] move: Defog|[of] p1a: Tornadus\n|move|p2a: Sandrine|Stealth Rock|p1a: Tornadus\n|-sidestart|p1: Dindon Ductile|move: Stealth Rock\n|\n|upkeep\n|turn|27\n|\n|t:|1664808573\n|move|p1a: Tornadus|Defog|p2a: Sandrine\n|-unboost|p2a: Sandrine|evasion|1\n|-sideend|p1: Dindon Ductile|Stealth Rock|[from] move: Defog|[of] p1a: Tornadus\n|move|p2a: Sandrine|Stealth Rock|p1a: Tornadus\n|-sidestart|p1: Dindon Ductile|move: Stealth Rock\n|\n|-fieldend|move: Electric Terrain\n|upkeep\n|turn|28\n|\n|t:|1664808578\n|move|p1a: Tornadus|Defog|p2a: Sandrine\n|-unboost|p2a: Sandrine|evasion|1\n|-sideend|p1: Dindon Ductile|Stealth Rock|[from] move: Defog|[of] p1a: Tornadus\n|move|p2a: Sandrine|Knock Off|p1a: Tornadus\n|-crit|p1a: Tornadus\n|-damage|p1a: Tornadus|45\/100\n|\n|upkeep\n|turn|29\n|\n|t:|1664808584\n|move|p1a: Tornadus|U-turn|p2a: Sandrine\n|-resisted|p2a: Sandrine\n|-damage|p2a: Sandrine|95\/100 tox\n|\n|t:|1664808589\n|switch|p1a: Serperior|Serperior, M|100\/100|[from]move: U-turn\n|move|p2a: Sandrine|Stealth Rock|p1a: Serperior\n|-sidestart|p1: Dindon Ductile|move: Stealth Rock\n|\n|-heal|p2a: Sandrine|100\/100 tox|[from] ability: Poison Heal\n|upkeep\n|turn|30\n|\n|t:|1664808595\n|switch|p2a: Barjavel|Celesteela, shiny|100\/100\n|move|p1a: Serperior|Knock Off|p2a: Barjavel\n|-damage|p2a: Barjavel|88\/100\n|-enditem|p2a: Barjavel|Leftovers|[from] move: Knock Off|[of] p1a: Serperior\n|\n|upkeep\n|turn|31\n|\n|t:|1664808604\n|switch|p1a: Garchomp|Garchomp, M|100\/100\n|-damage|p1a: Garchomp|94\/100|[from] Stealth Rock\n|move|p2a: Barjavel|Flamethrower|p1a: Garchomp\n|-resisted|p1a: Garchomp\n|-damage|p1a: Garchomp|85\/100\n|\n|upkeep\n|turn|32\n|\n|t:|1664808608\n|move|p1a: Garchomp|Stealth Rock|p2a: Barjavel\n|-sidestart|p2: Philein|move: Stealth Rock\n|move|p2a: Barjavel|Leech Seed|p1a: Garchomp\n|-start|p1a: Garchomp|move: Leech Seed\n|\n|-damage|p1a: Garchomp|72\/100|[from] Leech Seed|[of] p2a: Barjavel\n|-heal|p2a: Barjavel|100\/100|[silent]\n|upkeep\n|turn|33\n|\n|t:|1664808620\n|switch|p1a: Tapu Koko|Tapu Koko|76\/100\n|-damage|p1a: Tapu Koko|63\/100|[from] Stealth Rock\n|-fieldstart|move: Electric Terrain|[from] ability: Electric Surge|[of] p1a: Tapu Koko\n|move|p2a: Barjavel|Heavy Slam|p1a: Tapu Koko\n|-damage|p1a: Tapu Koko|0 fnt\n|faint|p1a: Tapu Koko\n|-ability|p2a: Barjavel|Beast Boost|boost\n|-boost|p2a: Barjavel|spd|1\n|\n|upkeep\n|\n|t:|1664808631\n|switch|p1a: Garchomp|Garchomp, M|72\/100\n|-damage|p1a: Garchomp|66\/100|[from] Stealth Rock\n|turn|34\n|\n|t:|1664808635\n|move|p1a: Garchomp|Fire Blast|p2a: Barjavel\n|-supereffective|p2a: Barjavel\n|-damage|p2a: Barjavel|85\/100\n|move|p2a: Barjavel|Leech Seed|p1a: Garchomp\n|-start|p1a: Garchomp|move: Leech Seed\n|\n|-damage|p1a: Garchomp|54\/100|[from] Leech Seed|[of] p2a: Barjavel\n|-heal|p2a: Barjavel|98\/100|[silent]\n|upkeep\n|turn|35\n|\n|t:|1664808652\n|move|p1a: Garchomp|Fire Blast|p2a: Barjavel\n|-supereffective|p2a: Barjavel\n|-damage|p2a: Barjavel|83\/100\n|move|p2a: Barjavel|Heavy Slam|p1a: Garchomp\n|-damage|p1a: Garchomp|16\/100\n|-damage|p2a: Barjavel|71\/100|[from] ability: Rough Skin|[of] p1a: Garchomp\n|-damage|p2a: Barjavel|54\/100|[from] item: Rocky Helmet|[of] p1a: Garchomp\n|\n|-damage|p1a: Garchomp|3\/100|[from] Leech Seed|[of] p2a: Barjavel\n|-heal|p2a: Barjavel|67\/100|[silent]\n|upkeep\n|turn|36\n|\n|t:|1664808657\n|move|p2a: Barjavel|Protect|p2a: Barjavel\n|-singleturn|p2a: Barjavel|Protect\n|move|p1a: Garchomp|Fire Blast|p2a: Barjavel\n|-activate|p2a: Barjavel|move: Protect\n|\n|-damage|p1a: Garchomp|0 fnt|[from] Leech Seed|[of] p2a: Barjavel\n|-heal|p2a: Barjavel|70\/100|[silent]\n|faint|p1a: Garchomp\n|upkeep\n|\n|t:|1664808661\n|switch|p1a: Medicham|Medicham-Mega, F, shiny|28\/100\n|-damage|p1a: Medicham|22\/100|[from] Stealth Rock\n|turn|37\n|\n|t:|1664808666\n|switch|p2a: Nogaret|Ferrothorn, M|89\/100\n|-damage|p2a: Nogaret|83\/100|[from] Stealth Rock\n|move|p1a: Medicham|High Jump Kick|p2a: Nogaret|[miss]\n|-miss|p1a: Medicham|p2a: Nogaret\n|-damage|p1a: Medicham|0 fnt|[from] highjumpkick\n|faint|p1a: Medicham\n|\n|-heal|p2a: Nogaret|89\/100|[from] item: Leftovers\n|-fieldend|move: Electric Terrain\n|upkeep\n|-message|Dindon Ductile forfeited.\n|\n|win|Philein\n|raw|Dindon Ductile's rating: 1463 &rarr; <strong>1455<\/strong><br \/>(-8 for losing)\n|raw|Philein's rating: 1714 &rarr; <strong>1722<\/strong><br \/>(+8 for winning)\n|l|\u2606Dindon Ductile\n","uploadtime":1664808680,"views":20,"p1id":"dindonductile","p2id":"philein","formatid":"gen7ou","rating":1455,"private":0,"password":null}