{"id":"gen7ou-801042437","p1":"jly8","p2":"MarceloVgc","format":"gen7ou","log":"|j|\u2606jly8\n|j|\u2606MarceloVgc\n|player|p1|jly8|80\n|player|p2|MarceloVgc|169\n|teamsize|p1|6\n|teamsize|p2|6\n|gametype|singles\n|gen|7\n|tier|[Gen 7] OU\n|rule|Sleep Clause Mod: Limit one foe put to sleep\n|rule|Species Clause: Limit one of each Pok\u00e9mon\n|rule|OHKO Clause: OHKO moves are banned\n|rule|Moody Clause: Moody is banned\n|rule|Evasion Moves Clause: Evasion moves are banned\n|rule|Endless Battle Clause: Forcing endless battles is banned\n|rule|HP Percentage Mod: HP is shown in percentages\n|clearpoke\n|poke|p1|Ditto|item\n|poke|p1|Chansey, F|item\n|poke|p1|Volcarona, M|item\n|poke|p1|Mawile, M|item\n|poke|p1|Landorus-Therian, M|item\n|poke|p1|Tapu Koko|item\n|poke|p2|Tyranitar, M|item\n|poke|p2|Greninja, M|item\n|poke|p2|Charizard, M|item\n|poke|p2|Tapu Koko|item\n|poke|p2|Hawlucha, M|item\n|poke|p2|Tapu Fini|item\n|teampreview\n|\n|start\n|switch|p1a: Tapu Koko|Tapu Koko|100\/100\n|switch|p2a: Tyranitar|Tyranitar, M|100\/100\n|-fieldstart|move: Electric Terrain|[from] ability: Electric Surge|[of] p1a: Tapu Koko\n|-weather|Sandstorm|[from] ability: Sand Stream|[of] p2a: Tyranitar\n|turn|1\n|\n|move|p1a: Tapu Koko|Volt Switch|p2a: Tyranitar\n|-damage|p2a: Tyranitar|68\/100\n|\n|switch|p1a: Landorus|Landorus-Therian, M|100\/100\n|-ability|p1a: Landorus|Intimidate|boost\n|-unboost|p2a: Tyranitar|atk|1\n|move|p2a: Tyranitar|Ice Beam|p1a: Landorus\n|-supereffective|p1a: Landorus\n|-damage|p1a: Landorus|10\/100\n|\n|-weather|Sandstorm|[upkeep]\n|-heal|p1a: Landorus|16\/100|[from] item: Leftovers\n|-heal|p2a: Tyranitar|75\/100|[from] item: Leftovers\n|upkeep\n|turn|2\n|\n|move|p1a: Landorus|U-turn|p2a: Tyranitar\n|-supereffective|p2a: Tyranitar\n|-damage|p2a: Tyranitar|40\/100\n|\n|-activate|p1a: Landorus|move: Pursuit\n|move|p2a: Tyranitar|Pursuit|p1a: Landorus|[from]Pursuit\n|-damage|p1a: Landorus|0 fnt\n|faint|p1a: Landorus\n|\n|-weather|Sandstorm|[upkeep]\n|-heal|p2a: Tyranitar|46\/100|[from] item: Leftovers\n|upkeep\n|\n|switch|p1a: Tapu Koko|Tapu Koko|100\/100\n|turn|3\n|\n|move|p1a: Tapu Koko|Dazzling Gleam|p2a: Tyranitar\n|-supereffective|p2a: Tyranitar\n|-damage|p2a: Tyranitar|0 fnt\n|faint|p2a: Tyranitar\n|\n|-weather|Sandstorm|[upkeep]\n|-damage|p1a: Tapu Koko|94\/100|[from] Sandstorm\n|upkeep\n|\n|switch|p2a: Greninja|Greninja, M|100\/100\n|turn|4\n|\n|switch|p1a: Mawile|Mawile, M|100\/100\n|-ability|p1a: Mawile|Intimidate|boost\n|-unboost|p2a: Greninja|atk|1\n|move|p2a: Greninja|Hidden Power|p1a: Mawile\n|-start|p2a: Greninja|typechange|Fire|[from] Protean\n|-supereffective|p1a: Mawile\n|-damage|p1a: Mawile|0 fnt\n|faint|p1a: Mawile\n|\n|-weather|Sandstorm|[upkeep]\n|-damage|p2a: Greninja|95\/100|[from] Sandstorm\n|upkeep\n|\n|switch|p1a: Tapu Koko|Tapu Koko|94\/100\n|turn|5\n|\n|move|p2a: Greninja|Hidden Power|p1a: Tapu Koko\n|-damage|p1a: Tapu Koko|56\/100\n|move|p1a: Tapu Koko|Volt Switch|p2a: Greninja\n|-damage|p2a: Greninja|0 fnt\n|faint|p2a: Greninja\n|\n|switch|p1a: Volcarona|Volcarona, M|100\/100\n|\n|-weather|none\n|-fieldend|move: Electric Terrain\n|upkeep\n|\n|switch|p2a: Charizard|Charizard, M|100\/100\n|turn|6\n|\n|detailschange|p2a: Charizard|Charizard-Mega-X, M\n|-mega|p2a: Charizard|Charizard|Charizardite X\n|move|p2a: Charizard|Dragon Dance|p2a: Charizard\n|-boost|p2a: Charizard|atk|1\n|-boost|p2a: Charizard|spe|1\n|move|p1a: Volcarona|Quiver Dance|p1a: Volcarona\n|-boost|p1a: Volcarona|spa|1\n|-boost|p1a: Volcarona|spd|1\n|-boost|p1a: Volcarona|spe|1\n|\n|upkeep\n|turn|7\n|\n|move|p1a: Volcarona|Substitute|p1a: Volcarona\n|-start|p1a: Volcarona|Substitute\n|-damage|p1a: Volcarona|76\/100\n|move|p2a: Charizard|Earthquake|p1a: Volcarona\n|-end|p1a: Volcarona|Substitute\n|\n|upkeep\n|turn|8\n|\n|move|p2a: Charizard|Earthquake|p1a: Volcarona\n|-damage|p1a: Volcarona|0 fnt\n|faint|p1a: Volcarona\n|\n|upkeep\n|\n|switch|p1a: Ditto|Ditto|100\/100\n|-transform|p1a: Ditto|p2a: Charizard|[from] ability: Imposter\n|turn|9\n|\n|switch|p2a: Tapu Koko|Tapu Koko|100\/100\n|-fieldstart|move: Electric Terrain|[from] ability: Electric Surge|[of] p2a: Tapu Koko\n|move|p1a: Ditto|Earthquake|p2a: Tapu Koko\n|-supereffective|p2a: Tapu Koko\n|-damage|p2a: Tapu Koko|0 fnt\n|faint|p2a: Tapu Koko\n|\n|upkeep\n|\n|switch|p2a: Hawlucha|Hawlucha, M|100\/100\n|-enditem|p2a: Hawlucha|Electric Seed\n|-boost|p2a: Hawlucha|def|1\n|turn|10\n|\n|switch|p1a: Chansey|Chansey, F|100\/100\n|move|p2a: Hawlucha|High Jump Kick|p1a: Chansey|[miss]\n|-miss|p2a: Hawlucha|p1a: Chansey\n|-damage|p2a: Hawlucha|50\/100|[from] highjumpkick\n|\n|upkeep\n|turn|11\n|\n|move|p2a: Hawlucha|Swords Dance|p2a: Hawlucha\n|-boost|p2a: Hawlucha|atk|2\n|move|p1a: Chansey|Healing Wish|p1a: Chansey\n|faint|p1a: Chansey\n|\n|upkeep\n|\n|switch|p1a: Tapu Koko|Tapu Koko|56\/100\n|-heal|p1a: Tapu Koko|100\/100|[from] move: Healing Wish\n|turn|12\n|\n|move|p2a: Hawlucha|High Jump Kick|p1a: Tapu Koko\n|-resisted|p1a: Tapu Koko\n|-damage|p1a: Tapu Koko|20\/100\n|move|p1a: Tapu Koko|Dazzling Gleam|p2a: Hawlucha\n|-supereffective|p2a: Hawlucha\n|-damage|p2a: Hawlucha|0 fnt\n|faint|p2a: Hawlucha\n|\n|upkeep\n|\n|switch|p2a: Tapu Fini|Tapu Fini|100\/100\n|-fieldstart|move: Misty Terrain|[from] ability: Misty Surge|[of] p2a: Tapu Fini\n|turn|13\n|\n|switch|p1a: Ditto|Ditto|100\/100\n|-transform|p1a: Ditto|p2a: Tapu Fini|[from] ability: Imposter\n|move|p2a: Tapu Fini|Scald|p1a: Ditto\n|-resisted|p1a: Ditto\n|-damage|p1a: Ditto|89\/100\n|\n|upkeep\n|turn|14\n|\n|move|p1a: Ditto|Nature's Madness|p2a: Tapu Fini\n|-damage|p2a: Tapu Fini|51\/100\n|move|p2a: Tapu Fini|Nature's Madness|p1a: Ditto\n|-damage|p1a: Ditto|45\/100\n|\n|-heal|p2a: Tapu Fini|57\/100|[from] item: Leftovers\n|upkeep\n|turn|15\n|\n|move|p1a: Ditto|Nature's Madness|p2a: Tapu Fini\n|-damage|p2a: Tapu Fini|29\/100\n|move|p2a: Tapu Fini|Scald|p1a: Ditto\n|-resisted|p1a: Ditto\n|-damage|p1a: Ditto|34\/100\n|\n|-heal|p2a: Tapu Fini|35\/100|[from] item: Leftovers\n|upkeep\n|turn|16\n|\n|move|p1a: Ditto|Nature's Madness|p2a: Tapu Fini\n|-damage|p2a: Tapu Fini|18\/100\n|move|p2a: Tapu Fini|Scald|p1a: Ditto\n|-resisted|p1a: Ditto\n|-damage|p1a: Ditto|23\/100\n|\n|-heal|p2a: Tapu Fini|24\/100|[from] item: Leftovers\n|upkeep\n|turn|17\n|\n|move|p1a: Ditto|Nature's Madness|p2a: Tapu Fini\n|-damage|p2a: Tapu Fini|12\/100\n|move|p2a: Tapu Fini|Scald|p1a: Ditto\n|-resisted|p1a: Ditto\n|-damage|p1a: Ditto|12\/100\n|\n|-heal|p2a: Tapu Fini|18\/100|[from] item: Leftovers\n|-fieldend|Misty Terrain\n|upkeep\n|turn|18\n|\n|move|p1a: Ditto|Nature's Madness|p2a: Tapu Fini\n|-damage|p2a: Tapu Fini|10\/100\n|move|p2a: Tapu Fini|Scald|p1a: Ditto\n|-resisted|p1a: Ditto\n|-damage|p1a: Ditto|2\/100\n|-status|p1a: Ditto|brn\n|\n|-heal|p2a: Tapu Fini|16\/100|[from] item: Leftovers\n|-damage|p1a: Ditto|0 fnt|[from] brn\n|upkeep\n|faint|p1a: Ditto\n|\n|switch|p1a: Tapu Koko|Tapu Koko|20\/100\n|-fieldstart|move: Electric Terrain|[from] ability: Electric Surge|[of] p1a: Tapu Koko\n|turn|19\n|\n|move|p1a: Tapu Koko|Dazzling Gleam|p2a: Tapu Fini\n|-damage|p2a: Tapu Fini|0 fnt\n|faint|p2a: Tapu Fini\n|\n|upkeep\n|\n|switch|p2a: Charizard|Charizard-Mega-X, M|100\/100\n|turn|20\n|\n|move|p1a: Tapu Koko|Dazzling Gleam|p2a: Charizard\n|-damage|p2a: Charizard|34\/100\n|move|p2a: Charizard|Earthquake|p1a: Tapu Koko\n|-supereffective|p1a: Tapu Koko\n|-damage|p1a: Tapu Koko|0 fnt\n|faint|p1a: Tapu Koko\n|\n|win|MarceloVgc\n","uploadtime":1536116552,"views":11,"p1id":"jly8","p2id":"marcelovgc","formatid":"gen7ou","rating":0,"private":0,"password":null}