{"id":"gen7ou-766848137","p1":"Ash KetchumGamer","p2":"SMxVale","format":"gen7ou","log":"|j|\u2606Ash KetchumGamer\n|j|\u2606SMxVale\n|player|p1|Ash KetchumGamer|168\n|player|p2|SMxVale|151\n|teamsize|p1|6\n|teamsize|p2|6\n|gametype|singles\n|gen|7\n|tier|[Gen 7] OU\n|rated|\n|rule|Sleep Clause Mod: Limit one foe put to sleep\n|rule|Species Clause: Limit one of each Pok\u00e9mon\n|rule|OHKO Clause: OHKO moves are banned\n|rule|Moody Clause: Moody is banned\n|rule|Evasion Moves Clause: Evasion moves are banned\n|rule|Endless Battle Clause: Forcing endless battles is banned\n|rule|HP Percentage Mod: HP is shown in percentages\n|clearpoke\n|poke|p1|Mawile, F|item\n|poke|p1|Magearna|item\n|poke|p1|Landorus-Therian, M|item\n|poke|p1|Latios, M|item\n|poke|p1|Greninja, M|item\n|poke|p1|Tapu Lele|item\n|poke|p2|Alakazam, M|item\n|poke|p2|Tapu Lele|item\n|poke|p2|Magnezone|item\n|poke|p2|Zygarde|item\n|poke|p2|Clefable, M|item\n|poke|p2|Rotom-Wash|item\n|teampreview\n|inactive|Battle timer is ON: inactive players will automatically lose when time's up. (requested by SMxVale)\n|\n|start\n|switch|p1a: Tapu Lele|Tapu Lele|100\/100\n|switch|p2a: Tapu Lele|Tapu Lele|100\/100\n|-fieldstart|move: Psychic Terrain|[from] ability: Psychic Surge|[of] p1a: Tapu Lele\n|turn|1\n|\n|switch|p1a: Magearna|Magearna|100\/100\n|move|p2a: Tapu Lele|Moonblast|p1a: Magearna\n|-resisted|p1a: Magearna\n|-damage|p1a: Magearna|83\/100\n|\n|upkeep\n|turn|2\n|\n|switch|p2a: Magnezone|Magnezone|100\/100\n|move|p1a: Magearna|Volt Switch|p2a: Magnezone\n|-resisted|p2a: Magnezone\n|-damage|p2a: Magnezone|87\/100\n|\n|switch|p1a: Landorus|Landorus-Therian, M|100\/100\n|-ability|p1a: Landorus|Intimidate|boost\n|-unboost|p2a: Magnezone|atk|1\n|\n|upkeep\n|turn|3\n|inactive|SMxVale has 135 seconds left.\n|\n|switch|p2a: Rotom|Rotom-Wash|100\/100\n|move|p1a: Landorus|U-turn|p2a: Rotom\n|-damage|p2a: Rotom|83\/100\n|\n|switch|p1a: Tapu Lele|Tapu Lele|100\/100\n|\n|-heal|p2a: Rotom|89\/100|[from] item: Leftovers\n|upkeep\n|turn|4\n|\n|switch|p2a: Clefable|Clefable, M|100\/100\n|move|p1a: Tapu Lele|Psyshock|p2a: Clefable\n|-damage|p2a: Clefable|33\/100\n|\n|-heal|p2a: Clefable|39\/100|[from] item: Leftovers\n|upkeep\n|turn|5\n|\n|switch|p2a: Magnezone|Magnezone|87\/100\n|move|p1a: Tapu Lele|Psyshock|p2a: Magnezone\n|-resisted|p2a: Magnezone\n|-damage|p2a: Magnezone|51\/100\n|\n|-fieldend|move: Psychic Terrain\n|upkeep\n|turn|6\n|inactive|Ash KetchumGamer has 135 seconds left.\n|inactive|Ash KetchumGamer has 120 seconds left.\n|\n|switch|p1a: Greninja|Greninja, M|100\/100\n|move|p2a: Magnezone|Flash Cannon|p1a: Greninja\n|-resisted|p1a: Greninja\n|-damage|p1a: Greninja|65\/100\n|\n|upkeep\n|turn|7\n|\n|switch|p2a: Clefable|Clefable, M|39\/100\n|move|p1a: Greninja|Dark Pulse|p2a: Clefable\n|-resisted|p2a: Clefable\n|-damage|p2a: Clefable|21\/100\n|\n|-heal|p2a: Clefable|27\/100|[from] item: Leftovers\n|upkeep\n|turn|8\n|\n|switch|p1a: Tapu Lele|Tapu Lele|100\/100\n|-fieldstart|move: Psychic Terrain|[from] ability: Psychic Surge|[of] p1a: Tapu Lele\n|move|p2a: Clefable|Soft-Boiled|p2a: Clefable\n|-heal|p2a: Clefable|77\/100\n|\n|-heal|p2a: Clefable|83\/100|[from] item: Leftovers\n|upkeep\n|turn|9\n|\n|move|p1a: Tapu Lele|Psyshock|p2a: Clefable\n|-damage|p2a: Clefable|12\/100\n|move|p2a: Clefable|Thunder Wave|p1a: Tapu Lele\n|-status|p1a: Tapu Lele|par\n|\n|-heal|p2a: Clefable|18\/100|[from] item: Leftovers\n|upkeep\n|turn|10\n|inactive|SMxVale has 135 seconds left.\n|inactive|SMxVale has 120 seconds left.\n|\n|move|p1a: Tapu Lele|Psyshock|p2a: Clefable\n|-damage|p2a: Clefable|0 fnt\n|faint|p2a: Clefable\n|\n|upkeep\n|\n|switch|p2a: Magnezone|Magnezone|51\/100\n|turn|11\n|\n|move|p2a: Magnezone|Flash Cannon|p1a: Tapu Lele\n|-supereffective|p1a: Tapu Lele\n|-damage|p1a: Tapu Lele|9\/100 par\n|-zpower|p1a: Tapu Lele\n|move|p1a: Tapu Lele|All-Out Pummeling|p2a: Magnezone|[zeffect]\n|-supereffective|p2a: Magnezone\n|-damage|p2a: Magnezone|0 fnt\n|faint|p2a: Magnezone\n|\n|upkeep\n|inactive|SMxVale has 135 seconds left.\n|inactive|SMxVale has 120 seconds left.\n|inactive|SMxVale has 105 seconds left.\n|\n|switch|p2a: Tapu Lele|Tapu Lele|100\/100\n|turn|12\n|\n|move|p2a: Tapu Lele|Moonblast|p1a: Tapu Lele\n|-damage|p1a: Tapu Lele|0 fnt\n|faint|p1a: Tapu Lele\n|\n|-fieldend|move: Psychic Terrain\n|upkeep\n|\n|switch|p1a: Magearna|Magearna|83\/100\n|turn|13\n|inactive|SMxVale has 135 seconds left.\n|inactive|SMxVale has 120 seconds left.\n|\n|switch|p2a: Zygarde|Zygarde|100\/100\n|-ability|p2a: Zygarde|Aura Break\n|move|p1a: Magearna|Fleur Cannon|p2a: Zygarde\n|-supereffective|p2a: Zygarde\n|-damage|p2a: Zygarde|0 fnt\n|-unboost|p1a: Magearna|spa|2\n|faint|p2a: Zygarde\n|-ability|p1a: Magearna|Soul-Heart|boost\n|-boost|p1a: Magearna|spa|1\n|\n|upkeep\n|\n|switch|p2a: Alakazam|Alakazam, M|100\/100\n|turn|14\n|\n|detailschange|p2a: Alakazam|Alakazam-Mega, M\n|-mega|p2a: Alakazam|Alakazam|Alakazite\n|-ability|p2a: Alakazam|Soul-Heart|[from] ability: Trace|[of] p1a: Magearna\n|move|p2a: Alakazam|Shadow Ball|p1a: Magearna\n|-damage|p1a: Magearna|69\/100\n|move|p1a: Magearna|Iron Head|p2a: Alakazam\n|-damage|p2a: Alakazam|53\/100\n|\n|upkeep\n|turn|15\n|-message|SMxVale forfeited.\n|\n|win|Ash KetchumGamer\n|l|\u2606SMxVale\n|raw|Ash KetchumGamer's rating: 1859 &rarr; <strong>1871<\/strong><br \/>(+12 for winning)\n|raw|SMxVale's rating: 1706 &rarr; <strong>1694<\/strong><br \/>(-12 for losing)\n","inputlog":null,"uploadtime":1529848879,"views":117,"p1id":"ashketchumgamer","p2id":"smxvale","formatid":"gen7ou","rating":1694,"private":0,"password":null}