{"id":"gen7ou-1454529962","p1":"i know im horrible","p2":"The Heatbender","format":"gen7ou","log":"|j|\u2606i know im horrible\n|j|\u2606The Heatbender\n|t:|1636991115\n|gametype|singles\n|player|p1|i know im horrible|2|\n|player|p2|The Heatbender|firebreather|\n|teamsize|p1|6\n|teamsize|p2|6\n|gen|7\n|tier|[Gen 7] OU\n|rated|Tournament battle\n|rule|Sleep Clause Mod: Limit one foe put to sleep\n|rule|Species Clause: Limit one of each Pok\u00e9mon\n|rule|OHKO Clause: OHKO moves are banned\n|rule|Moody Clause: Moody is banned\n|rule|Evasion Moves Clause: Evasion moves are banned\n|rule|Endless Battle Clause: Forcing endless battles is banned\n|rule|HP Percentage Mod: HP is shown in percentages\n|clearpoke\n|poke|p1|Altaria, F|item\n|poke|p1|Celesteela|item\n|poke|p1|Landorus-Therian, M|item\n|poke|p1|Toxapex, F|item\n|poke|p1|Chansey, F|item\n|poke|p1|Tapu Bulu|item\n|poke|p2|Kartana|item\n|poke|p2|Darmanitan, M|item\n|poke|p2|Tapu Lele|item\n|poke|p2|Ferrothorn, M|item\n|poke|p2|Aerodactyl, M|item\n|poke|p2|Tapu Fini|item\n|teampreview\n|j| BB-8-NU\n|inactive|Battle timer is ON: inactive players will automatically lose when time's up. (requested by The Heatbender)\n|c|\u2606i know im horrible|gl hf\n|c|\u2606The Heatbender|hf\n|inactive|The Heatbender has 120 seconds left.\n|\n|t:|1636991146\n|start\n|switch|p1a: Toxapex|Toxapex, F|100\/100\n|switch|p2a: Ferrothorn|Ferrothorn, M|100\/100\n|turn|1\n|\n|t:|1636991168\n|switch|p2a: Tapu Fini|Tapu Fini|100\/100\n|-fieldstart|move: Misty Terrain|[from] ability: Misty Surge|[of] p2a: Tapu Fini\n|move|p1a: Toxapex|Toxic Spikes|p2a: Tapu Fini\n|-sidestart|p2: The Heatbender|move: Toxic Spikes\n|\n|upkeep\n|turn|2\n|\n|t:|1636991175\n|switch|p1a: Tapu Bulu|Tapu Bulu|100\/100\n|-fieldstart|move: Grassy Terrain|[from] ability: Grassy Surge|[of] p1a: Tapu Bulu\n|move|p2a: Tapu Fini|Defog|p1a: Tapu Bulu\n|-unboost|p1a: Tapu Bulu|evasion|1\n|-sideend|p2: The Heatbender|Toxic Spikes|[from] move: Defog|[of] p2a: Tapu Fini\n|\n|upkeep\n|turn|3\n|inactive|The Heatbender has 120 seconds left.\n|\n|t:|1636991203\n|switch|p2a: Ferrothorn|Ferrothorn, M|100\/100\n|move|p1a: Tapu Bulu|Superpower|p2a: Ferrothorn\n|-supereffective|p2a: Ferrothorn\n|-damage|p2a: Ferrothorn|0 fnt\n|-unboost|p1a: Tapu Bulu|atk|1\n|-unboost|p1a: Tapu Bulu|def|1\n|-damage|p1a: Tapu Bulu|88\/100|[from] ability: Iron Barbs|[of] p2a: Ferrothorn\n|faint|p2a: Ferrothorn\n|\n|-heal|p1a: Tapu Bulu|94\/100|[from] Grassy Terrain\n|upkeep\n|inactive|The Heatbender has 120 seconds left.\n|\n|t:|1636991214\n|switch|p2a: Tapu Lele|Tapu Lele|100\/100\n|-fieldstart|move: Psychic Terrain|[from] ability: Psychic Surge|[of] p2a: Tapu Lele\n|turn|4\n|inactive|The Heatbender has 120 seconds left.\n|\n|t:|1636991233\n|switch|p1a: Chansey|Chansey, F|100\/100\n|move|p2a: Tapu Lele|Psychic|p1a: Chansey\n|-damage|p1a: Chansey|70\/100\n|\n|upkeep\n|turn|5\n|j| dratinivictini\n|\n|t:|1636991244\n|move|p2a: Tapu Lele|Psychic|p1a: Chansey\n|-damage|p1a: Chansey|34\/100\n|move|p1a: Chansey|Wish|p1a: Chansey\n|\n|upkeep\n|turn|6\n|inactive|The Heatbender has 120 seconds left.\n|\n|t:|1636991259\n|switch|p1a: Celesteela|Celesteela|100\/100\n|move|p2a: Tapu Lele|Psychic|p1a: Celesteela\n|-resisted|p1a: Celesteela\n|-damage|p1a: Celesteela|55\/100\n|\n|-heal|p1a: Celesteela|100\/100|[from] move: Wish|[wisher] Chansey\n|upkeep\n|turn|7\n|inactive|The Heatbender has 120 seconds left.\n|\n|t:|1636991281\n|switch|p2a: Tapu Fini|Tapu Fini|100\/100\n|-fieldstart|move: Misty Terrain|[from] ability: Misty Surge|[of] p2a: Tapu Fini\n|move|p1a: Celesteela|Leech Seed|p2a: Tapu Fini\n|-start|p2a: Tapu Fini|move: Leech Seed\n|\n|-damage|p2a: Tapu Fini|88\/100|[from] Leech Seed|[of] p1a: Celesteela\n|upkeep\n|turn|8\n|\n|t:|1636991292\n|move|p2a: Tapu Fini|Taunt|p1a: Celesteela\n|-start|p1a: Celesteela|move: Taunt\n|move|p1a: Celesteela|Heavy Slam|p2a: Tapu Fini\n|-damage|p2a: Tapu Fini|50\/100\n|\n|-heal|p2a: Tapu Fini|57\/100|[from] item: Leftovers\n|-damage|p2a: Tapu Fini|44\/100|[from] Leech Seed|[of] p1a: Celesteela\n|upkeep\n|turn|9\n|\n|t:|1636991304\n|switch|p2a: ALLA DAT|Darmanitan, M|100\/100\n|switch|p1a: Landorus|Landorus-Therian, M|100\/100\n|-ability|p1a: Landorus|Intimidate|boost\n|-unboost|p2a: ALLA DAT|atk|1\n|\n|upkeep\n|turn|10\n|\n|t:|1636991321\n|switch|p2a: Aerodactyl|Aerodactyl, M|100\/100\n|-ability|p2a: Aerodactyl|Pressure\n|move|p1a: Landorus|Earthquake|p2a: Aerodactyl\n|-immune|p2a: Aerodactyl\n|\n|upkeep\n|turn|11\n|\n|t:|1636991330\n|detailschange|p2a: Aerodactyl|Aerodactyl-Mega, M\n|-mega|p2a: Aerodactyl|Aerodactyl|Aerodactylite\n|move|p1a: Landorus|Protect|p1a: Landorus\n|-singleturn|p1a: Landorus|Protect\n|move|p2a: Aerodactyl|Stealth Rock|p1a: Landorus\n|-sidestart|p1: i know im horrible|move: Stealth Rock\n|\n|-fieldend|Misty Terrain\n|upkeep\n|turn|12\n|\n|t:|1636991335\n|move|p2a: Aerodactyl|Stone Edge|p1a: Landorus\n|-damage|p1a: Landorus|70\/100\n|move|p1a: Landorus|Toxic|p2a: Aerodactyl\n|-status|p2a: Aerodactyl|tox\n|\n|-heal|p1a: Landorus|76\/100|[from] item: Leftovers\n|-damage|p2a: Aerodactyl|94\/100 tox|[from] psn\n|upkeep\n|turn|13\n|inactive|The Heatbender has 120 seconds left.\n|\n|t:|1636991345\n|move|p2a: Aerodactyl|Stone Edge|p1a: Landorus\n|-damage|p1a: Landorus|46\/100\n|move|p1a: Landorus|Defog|p2a: Aerodactyl\n|-unboost|p2a: Aerodactyl|evasion|1\n|-sideend|p1: i know im horrible|Stealth Rock|[from] move: Defog|[of] p1a: Landorus\n|\n|-heal|p1a: Landorus|52\/100|[from] item: Leftovers\n|-damage|p2a: Aerodactyl|82\/100 tox|[from] psn\n|upkeep\n|turn|14\n|\n|t:|1636991351\n|switch|p2a: Kartana|Kartana|100\/100\n|switch|p1a: Toxapex|Toxapex, F|100\/100\n|\n|upkeep\n|turn|15\n|\n|t:|1636991357\n|switch|p2a: Tapu Lele|Tapu Lele|100\/100\n|-fieldstart|move: Psychic Terrain|[from] ability: Psychic Surge|[of] p2a: Tapu Lele\n|switch|p1a: Celesteela|Celesteela|100\/100\n|\n|upkeep\n|turn|16\n|j| ManoPriest666\n|\n|t:|1636991371\n|move|p2a: Tapu Lele|Psychic|p1a: Celesteela\n|-resisted|p1a: Celesteela\n|-damage|p1a: Celesteela|53\/100\n|move|p1a: Celesteela|Heavy Slam|p2a: Tapu Lele\n|-supereffective|p2a: Tapu Lele\n|-damage|p2a: Tapu Lele|0 fnt\n|faint|p2a: Tapu Lele\n|-ability|p1a: Celesteela|Beast Boost|boost\n|-boost|p1a: Celesteela|def|1\n|\n|-heal|p1a: Celesteela|59\/100|[from] item: Leftovers\n|upkeep\n|\n|t:|1636991374\n|switch|p2a: ALLA DAT|Darmanitan, M|100\/100\n|turn|17\n|j| Eg0r\n|l| Eg0r\n|\n|t:|1636991391\n|move|p1a: Celesteela|Protect|p1a: Celesteela\n|-singleturn|p1a: Celesteela|Protect\n|move|p2a: ALLA DAT|Flare Blitz|p1a: Celesteela\n|-activate|p1a: Celesteela|move: Protect\n|\n|-heal|p1a: Celesteela|65\/100|[from] item: Leftovers\n|upkeep\n|turn|18\n|\n|t:|1636991402\n|switch|p1a: Toxapex|Toxapex, F|100\/100\n|move|p2a: ALLA DAT|Rock Slide|p1a: Toxapex|[miss]\n|-miss|p2a: ALLA DAT|p1a: Toxapex\n|\n|upkeep\n|turn|19\n|\n|t:|1636991412\n|move|p2a: ALLA DAT|Earthquake|p1a: Toxapex\n|-supereffective|p1a: Toxapex\n|-damage|p1a: Toxapex|55\/100\n|move|p1a: Toxapex|Toxic Spikes|p2a: ALLA DAT\n|-sidestart|p2: The Heatbender|move: Toxic Spikes\n|\n|-heal|p1a: Toxapex|61\/100|[from] item: Black Sludge\n|-fieldend|move: Psychic Terrain\n|upkeep\n|turn|20\n|\n|t:|1636991420\n|move|p2a: ALLA DAT|Earthquake|p1a: Toxapex\n|-supereffective|p1a: Toxapex\n|-damage|p1a: Toxapex|11\/100\n|move|p1a: Toxapex|Toxic|p2a: ALLA DAT\n|-status|p2a: ALLA DAT|tox\n|\n|-heal|p1a: Toxapex|17\/100|[from] item: Black Sludge\n|-damage|p2a: ALLA DAT|95\/100 tox|[from] psn\n|upkeep\n|turn|21\n|\n|t:|1636991426\n|move|p1a: Toxapex|Baneful Bunker|p1a: Toxapex\n|-singleturn|p1a: Toxapex|move: Protect\n|move|p2a: ALLA DAT|Rock Slide|p1a: Toxapex\n|-activate|p1a: Toxapex|move: Protect\n|\n|-heal|p1a: Toxapex|23\/100|[from] item: Black Sludge\n|-damage|p2a: ALLA DAT|83\/100 tox|[from] psn\n|upkeep\n|turn|22\n|\n|t:|1636991436\n|switch|p1a: Altaria|Altaria, F|100\/100\n|move|p2a: ALLA DAT|Flare Blitz|p1a: Altaria\n|-resisted|p1a: Altaria\n|-damage|p1a: Altaria|52\/100\n|-damage|p2a: ALLA DAT|67\/100 tox|[from] Recoil\n|\n|-damage|p2a: ALLA DAT|49\/100 tox|[from] psn\n|upkeep\n|turn|23\n|j| bibubabum\n|\n|t:|1636991445\n|detailschange|p1a: Altaria|Altaria-Mega, F\n|-mega|p1a: Altaria|Altaria|Altarianite\n|-zpower|p2a: ALLA DAT\n|move|p2a: ALLA DAT|Inferno Overdrive|p1a: Altaria|[zeffect]\n|-resisted|p1a: Altaria\n|-damage|p1a: Altaria|10\/100\n|move|p1a: Altaria|Roost|p1a: Altaria\n|-heal|p1a: Altaria|60\/100\n|-singleturn|p1a: Altaria|move: Roost\n|\n|-damage|p2a: ALLA DAT|25\/100 tox|[from] psn\n|upkeep\n|turn|24\n|-message|The Heatbender forfeited.\n|\n|win|i know im horrible\n|n|\u2606i know im horrible|iknowimhorrible\n|n|\u2606The Heatbender|theheatbender\n|n| BB-8-NU|bb8nu\n|n| dratinivictini|dratinivictini\n|n| ManoPriest666|manopriest666\n|n| bibubabum|bibubabum\n","uploadtime":1636991452,"views":9,"p1id":"iknowimhorrible","p2id":"theheatbender","formatid":"gen7ou","rating":0,"private":0,"password":null}