{"id":"gen7ou-656339878","p1":"Monotooi","p2":"Gotham Paladin","format":"gen7ou","log":"|j|Monotooi\n|j|Gotham Paladin\n|player|p1|Monotooi|102\n|teamsize|p1|6\n|player|p2|Gotham Paladin|283\n|teamsize|p2|6\n|gametype|singles\n|gen|7\n|tier|[Gen 7] OU\n|rated|\n|seed|62718,52423,61967,39517\n|rule|Sleep Clause Mod: Limit one foe put to sleep\n|rule|Species Clause: Limit one of each Pok\u00e9mon\n|rule|OHKO Clause: OHKO moves are banned\n|rule|Moody Clause: Moody is banned\n|rule|Evasion Moves Clause: Evasion moves are banned\n|rule|Endless Battle Clause: Forcing endless battles is banned\n|rule|HP Percentage Mod: HP is shown in percentages\n|clearpoke\n|poke|p1|Charizard, F|item\n|poke|p1|Nidoking, M|item\n|poke|p1|Heatran, F|item\n|poke|p1|Keldeo|item\n|poke|p1|Tapu Koko|item\n|poke|p1|Celesteela|item\n|poke|p2|Bronzong|item\n|poke|p2|Tangrowth, M|item\n|poke|p2|Greninja, M|item\n|poke|p2|Tapu Lele|item\n|poke|p2|Terrakion|item\n|poke|p2|Mawile, F|item\n|teampreview\n|j|Nobody You Know\n|j|She Only Loves You\n|j|HelpImreallybad\n|choice|team 2, team 1, team 3, team 4, team 5, team 6|team 3, team 2, team 1, team 4, team 5, team 6\n|\n|start\n|switch|p1a: Nidoking|Nidoking, M|303\/303\n|switch|p2a: Greninja|Greninja, M|285\/285\n|turn|1\n|choice|switch 4|move extrasensory\n|\n|switch|p1a: Keldeo|Keldeo|323\/323\n|move|p2a: Greninja|Extrasensory|p1a: Keldeo\n|-start|p2a: Greninja|typechange|Psychic|[from] Protean\n|-supereffective|p1a: Keldeo\n|-damage|p1a: Keldeo|0 fnt\n|-damage|p2a: Greninja|257\/285|[from] item: Life Orb\n|faint|p1a: Keldeo\n|\n|upkeep\n|choice|switch 5|\n|\n|switch|p1a: Tapu Koko|Tapu Koko|281\/281\n|-fieldstart|move: Electric Terrain|[from] ability: Electric Surge|[of] p1a: Tapu Koko\n|turn|2\n|choice|move voltswitch|switch 2\n|\n|switch|p2a: Tangrowth|Tangrowth, M|404\/404\n|move|p1a: Tapu Koko|Volt Switch|p2a: Tangrowth\n|-resisted|p2a: Tangrowth\n|-damage|p2a: Tangrowth|353\/404\n|choice|switch 2|\n|\n|switch|p1a: Charizard|Charizard, F|297\/297\n|\n|upkeep\n|turn|3\n|choice|move earthquake mega|switch 5\n|\n|switch|p2a: Terrakion|Terrakion|323\/323\n|detailschange|p1a: Charizard|Charizard-Mega-X, F\n|-mega|p1a: Charizard|Charizard|Charizardite X\n|move|p1a: Charizard|Earthquake|p2a: Terrakion\n|-supereffective|p2a: Terrakion\n|-damage|p2a: Terrakion|57\/323\n|\n|upkeep\n|turn|4\n|choice|switch 4|move earthquake\n|\n|switch|p1a: Nidoking|Nidoking, M|303\/303\n|move|p2a: Terrakion|Earthquake|p1a: Nidoking\n|-supereffective|p1a: Nidoking\n|-damage|p1a: Nidoking|9\/303\n|\n|upkeep\n|turn|5\n|choice|move earthpower|move earthquake\n|\n|move|p2a: Terrakion|Earthquake|p1a: Nidoking\n|-supereffective|p1a: Nidoking\n|-damage|p1a: Nidoking|0 fnt\n|faint|p1a: Nidoking\n|\n|upkeep\n|j|heretic hero\n|choice|switch 6|\n|\n|switch|p1a: Celesteela|Celesteela|398\/398\n|turn|6\n|l|heretic hero\n|choice|move heavyslam|switch 6\n|\n|switch|p2a: Mawile|Mawile, F|282\/282\n|move|p1a: Celesteela|Heavy Slam|p2a: Mawile\n|-damage|p2a: Mawile|131\/282\n|\n|-fieldend|move: Electric Terrain\n|upkeep\n|turn|7\n|choice|move fireblast|move suckerpunch mega\n|\n|detailschange|p2a: Mawile|Mawile-Mega, F\n|-mega|p2a: Mawile|Mawile|Mawilite\n|move|p2a: Mawile|Sucker Punch|p1a: Celesteela\n|-damage|p1a: Celesteela|279\/398\n|move|p1a: Celesteela|Fire Blast|p2a: Mawile\n|-supereffective|p2a: Mawile\n|-damage|p2a: Mawile|0 fnt\n|faint|p2a: Mawile\n|-ability|p1a: Celesteela|Beast Boost|boost\n|-boost|p1a: Celesteela|def|1\n|\n|-heal|p1a: Celesteela|303\/398|[from] item: Leftovers\n|upkeep\n|choice||switch 2\n|\n|switch|p2a: Greninja|Greninja, M|257\/285\n|turn|8\n|choice|move protect|move hydropump\n|\n|move|p1a: Celesteela|Protect|p1a: Celesteela\n|-singleturn|p1a: Celesteela|Protect\n|move|p2a: Greninja|Hydro Pump|p1a: Celesteela\n|-start|p2a: Greninja|typechange|Water|[from] Protean\n|-activate|p1a: Celesteela|move: Protect\n|\n|-heal|p1a: Celesteela|327\/398|[from] item: Leftovers\n|upkeep\n|turn|9\n|choice|move leechseed|move hydropump\n|\n|move|p2a: Greninja|Hydro Pump|p1a: Celesteela\n|-damage|p1a: Celesteela|140\/398\n|-damage|p2a: Greninja|229\/285|[from] item: Life Orb\n|move|p1a: Celesteela|Leech Seed|p2a: Greninja\n|-start|p2a: Greninja|move: Leech Seed\n|\n|-heal|p1a: Celesteela|164\/398|[from] item: Leftovers\n|-damage|p2a: Greninja|194\/285|[from] Leech Seed|[of] p1a: Celesteela\n|-heal|p1a: Celesteela|199\/398|[silent]\n|upkeep\n|turn|10\n|choice|move heavyslam|move spikes\n|\n|move|p2a: Greninja|Spikes|p1a: Celesteela\n|-start|p2a: Greninja|typechange|Ground|[from] Protean\n|-sidestart|p1: Monotooi|Spikes\n|move|p1a: Celesteela|Heavy Slam|p2a: Greninja\n|-damage|p2a: Greninja|0 fnt\n|faint|p2a: Greninja\n|-ability|p1a: Celesteela|Beast Boost|boost\n|-boost|p1a: Celesteela|def|1\n|\n|-heal|p1a: Celesteela|223\/398|[from] item: Leftovers\n|upkeep\n|choice||switch 4\n|\n|switch|p2a: Tapu Lele|Tapu Lele|282\/282\n|-fieldstart|move: Psychic Terrain|[from] ability: Psychic Surge|[of] p2a: Tapu Lele\n|turn|11\n|choice|move protect|move hiddenpower\n|\n|move|p1a: Celesteela|Protect|p1a: Celesteela\n|-singleturn|p1a: Celesteela|Protect\n|move|p2a: Tapu Lele|Hidden Power|p1a: Celesteela\n|-activate|p1a: Celesteela|move: Protect\n|\n|-heal|p1a: Celesteela|247\/398|[from] item: Leftovers\n|upkeep\n|turn|12\n|choice|move heavyslam|move focusblast zmove\n|\n|-zpower|p2a: Tapu Lele\n|move|p2a: Tapu Lele|All-Out Pummeling|p1a: Celesteela|[zeffect]\n|-damage|p1a: Celesteela|61\/398\n|move|p1a: Celesteela|Heavy Slam|p2a: Tapu Lele\n|-supereffective|p2a: Tapu Lele\n|-damage|p2a: Tapu Lele|0 fnt\n|faint|p2a: Tapu Lele\n|-ability|p1a: Celesteela|Beast Boost|boost\n|-boost|p1a: Celesteela|def|1\n|\n|-heal|p1a: Celesteela|85\/398|[from] item: Leftovers\n|upkeep\n|choice||switch 5\n|\n|switch|p2a: Tangrowth|Tangrowth, M|404\/404\n|turn|13\n|choice|move protect|move knockoff\n|\n|move|p1a: Celesteela|Protect|p1a: Celesteela\n|-singleturn|p1a: Celesteela|Protect\n|move|p2a: Tangrowth|Knock Off|p1a: Celesteela\n|-activate|p1a: Celesteela|move: Protect\n|\n|-heal|p1a: Celesteela|109\/398|[from] item: Leftovers\n|upkeep\n|turn|14\n|choice|move fireblast|move knockoff\n|\n|move|p1a: Celesteela|Fire Blast|p2a: Tangrowth\n|-supereffective|p2a: Tangrowth\n|-damage|p2a: Tangrowth|280\/404\n|move|p2a: Tangrowth|Knock Off|p1a: Celesteela\n|-damage|p1a: Celesteela|86\/398\n|-enditem|p1a: Celesteela|Leftovers|[from] move: Knock Off|[of] p2a: Tangrowth\n|\n|upkeep\n|turn|15\n|choice|move fireblast|move hiddenpower\n|\n|move|p1a: Celesteela|Fire Blast|p2a: Tangrowth\n|-supereffective|p2a: Tangrowth\n|-damage|p2a: Tangrowth|144\/404\n|move|p2a: Tangrowth|Hidden Power|p1a: Celesteela\n|-damage|p1a: Celesteela|41\/398\n|\n|-fieldend|move: Psychic Terrain\n|upkeep\n|turn|16\n|l|She Only Loves You\n|choice|switch 4|move hiddenpower\n|\n|switch|p1a: Charizard|Charizard-Mega-X, F|297\/297\n|-damage|p1a: Charizard|260\/297|[from] Spikes\n|move|p2a: Tangrowth|Hidden Power|p1a: Charizard\n|-damage|p1a: Charizard|205\/297\n|\n|upkeep\n|turn|17\n|choice|move flareblitz|move rockslide\n|\n|move|p1a: Charizard|Flare Blitz|p2a: Tangrowth\n|-supereffective|p2a: Tangrowth\n|-damage|p2a: Tangrowth|0 fnt\n|-damage|p1a: Charizard|157\/297|[from] Recoil|[of] p2a: Tangrowth\n|faint|p2a: Tangrowth\n|\n|upkeep\n|choice||switch 3\n|\n|switch|p2a: Bronzong|Bronzong|338\/338\n|turn|18\n|choice|move flareblitz|move stealthrock\n|\n|move|p1a: Charizard|Flare Blitz|p2a: Bronzong\n|-supereffective|p2a: Bronzong\n|-damage|p2a: Bronzong|6\/338\n|-damage|p1a: Charizard|47\/297|[from] Recoil|[of] p2a: Bronzong\n|move|p2a: Bronzong|Stealth Rock|p1a: Charizard\n|-sidestart|p1: Monotooi|move: Stealth Rock\n|\n|-heal|p2a: Bronzong|27\/338|[from] item: Leftovers\n|upkeep\n|turn|19\n|choice|move roost|move earthquake\n|\n|move|p1a: Charizard|Roost|p1a: Charizard\n|-heal|p1a: Charizard|196\/297\n|move|p2a: Bronzong|Earthquake|p1a: Charizard\n|-supereffective|p1a: Charizard\n|-damage|p1a: Charizard|72\/297\n|\n|-heal|p2a: Bronzong|48\/338|[from] item: Leftovers\n|upkeep\n|turn|20\n|choice|move roost|move earthquake\n|\n|move|p1a: Charizard|Roost|p1a: Charizard\n|-heal|p1a: Charizard|221\/297\n|move|p2a: Bronzong|Earthquake|p1a: Charizard\n|-supereffective|p1a: Charizard\n|-damage|p1a: Charizard|85\/297\n|\n|-heal|p2a: Bronzong|69\/338|[from] item: Leftovers\n|upkeep\n|turn|21\n|choice|move roost|move earthquake\n|\n|move|p1a: Charizard|Roost|p1a: Charizard\n|-heal|p1a: Charizard|234\/297\n|move|p2a: Bronzong|Earthquake|p1a: Charizard\n|-supereffective|p1a: Charizard\n|-damage|p1a: Charizard|112\/297\n|\n|-heal|p2a: Bronzong|90\/338|[from] item: Leftovers\n|upkeep\n|turn|22\n|choice|move roost|move earthquake\n|\n|move|p1a: Charizard|Roost|p1a: Charizard\n|-heal|p1a: Charizard|261\/297\n|move|p2a: Bronzong|Earthquake|p1a: Charizard\n|-supereffective|p1a: Charizard\n|-damage|p1a: Charizard|125\/297\n|\n|-heal|p2a: Bronzong|111\/338|[from] item: Leftovers\n|upkeep\n|turn|23\n|choice|move roost|move earthquake\n|\n|move|p1a: Charizard|Roost|p1a: Charizard\n|-heal|p1a: Charizard|274\/297\n|move|p2a: Bronzong|Earthquake|p1a: Charizard\n|-supereffective|p1a: Charizard\n|-damage|p1a: Charizard|148\/297\n|\n|-heal|p2a: Bronzong|132\/338|[from] item: Leftovers\n|upkeep\n|turn|24\n|choice|move roost|move earthquake\n|\n|move|p1a: Charizard|Roost|p1a: Charizard\n|-heal|p1a: Charizard|297\/297\n|move|p2a: Bronzong|Earthquake|p1a: Charizard\n|-supereffective|p1a: Charizard\n|-damage|p1a: Charizard|165\/297\n|\n|-heal|p2a: Bronzong|153\/338|[from] item: Leftovers\n|upkeep\n|turn|25\n|choice|move dragonclaw|move earthquake\n|\n|move|p1a: Charizard|Dragon Claw|p2a: Bronzong\n|-resisted|p2a: Bronzong\n|-damage|p2a: Bronzong|93\/338\n|move|p2a: Bronzong|Earthquake|p1a: Charizard\n|-supereffective|p1a: Charizard\n|-damage|p1a: Charizard|35\/297\n|\n|-heal|p2a: Bronzong|114\/338|[from] item: Leftovers\n|upkeep\n|turn|26\n|choice|move roost|move earthquake\n|\n|move|p1a: Charizard|Roost|p1a: Charizard\n|-heal|p1a: Charizard|184\/297\n|move|p2a: Bronzong|Earthquake|p1a: Charizard\n|-supereffective|p1a: Charizard\n|-damage|p1a: Charizard|52\/297\n|\n|-heal|p2a: Bronzong|135\/338|[from] item: Leftovers\n|upkeep\n|turn|27\n|choice|move roost|move earthquake\n|\n|move|p1a: Charizard|Roost|p1a: Charizard\n|-heal|p1a: Charizard|201\/297\n|move|p2a: Bronzong|Earthquake|p1a: Charizard\n|-supereffective|p1a: Charizard\n|-damage|p1a: Charizard|67\/297\n|\n|-heal|p2a: Bronzong|156\/338|[from] item: Leftovers\n|upkeep\n|turn|28\n|choice|move roost|switch 6\n|\n|switch|p2a: Terrakion|Terrakion|57\/323\n|move|p1a: Charizard|Roost|p1a: Charizard\n|-heal|p1a: Charizard|216\/297\n|\n|upkeep\n|turn|29\n|choice|move earthquake|move rockslide\n|\n|move|p2a: Terrakion|Rock Slide|p1a: Charizard\n|-supereffective|p1a: Charizard\n|-damage|p1a: Charizard|0 fnt\n|faint|p1a: Charizard\n|\n|upkeep\n|choice|switch 3|\n|\n|switch|p1a: Heatran|Heatran, F|386\/386\n|-damage|p1a: Heatran|338\/386|[from] Stealth Rock\n|-damage|p1a: Heatran|290\/386|[from] Spikes\n|turn|30\n|choice|move lavaplume|switch 6\n|\n|switch|p2a: Bronzong|Bronzong|156\/338\n|move|p1a: Heatran|Lava Plume|p2a: Bronzong\n|-supereffective|p2a: Bronzong\n|-damage|p2a: Bronzong|0 fnt\n|faint|p2a: Bronzong\n|\n|-heal|p1a: Heatran|314\/386|[from] item: Leftovers\n|upkeep\n|choice||switch 6\n|\n|switch|p2a: Terrakion|Terrakion|57\/323\n|turn|31\n|choice|move lavaplume|move earthquake\n|\n|move|p2a: Terrakion|Earthquake|p1a: Heatran\n|-supereffective|p1a: Heatran\n|-damage|p1a: Heatran|0 fnt\n|faint|p1a: Heatran\n|\n|upkeep\n|choice|switch 2|\n|\n|switch|p1a: Tapu Koko|Tapu Koko|281\/281\n|-damage|p1a: Tapu Koko|246\/281|[from] Stealth Rock\n|-damage|p1a: Tapu Koko|211\/281|[from] Spikes\n|-fieldstart|move: Electric Terrain|[from] ability: Electric Surge|[of] p1a: Tapu Koko\n|turn|32\n|choice|move thunderbolt|move earthquake\n|\n|move|p2a: Terrakion|Earthquake|p1a: Tapu Koko\n|-supereffective|p1a: Tapu Koko\n|-damage|p1a: Tapu Koko|0 fnt\n|faint|p1a: Tapu Koko\n|\n|upkeep\n|c|\u2606Monotooi|gg\n|choice|switch 4|\n|\n|switch|p1a: Celesteela|Celesteela|41\/398\n|-damage|p1a: Celesteela|0 fnt|[from] Stealth Rock\n|faint|p1a: Celesteela\n|\n|win|Gotham Paladin\n|c|\u2606Gotham Paladin|gg\n|l|Monotooi\n|l|Gotham Paladin","inputlog":null,"uploadtime":1510092678,"views":11,"p1id":"monotooi","p2id":"gothampaladin","formatid":"gen7ou","rating":0,"private":0,"password":null}