{"id":"gen7unratedrandombattle-927531563","p1":"Manobens","p2":"hajmola","format":"gen7unratedrandombattle","log":"|j|\u2606Manobens\n|j|\u2606hajmola\n|player|p1|Manobens|101\n|player|p2|hajmola|2\n|teamsize|p1|6\n|teamsize|p2|6\n|gametype|singles\n|gen|7\n|tier|[Gen 7] Unrated Random Battle\n|rule|Sleep Clause Mod: Limit one foe put to sleep\n|rule|HP Percentage Mod: HP is shown in percentages\n|\n|start\n|switch|p1a: Throh|Throh, L89, M|100\/100\n|switch|p2a: Articuno|Articuno, L88|100\/100\n|-ability|p2a: Articuno|Pressure\n|-ability|p1a: Throh|Mold Breaker\n|turn|1\n|\n|move|p2a: Articuno|Hurricane|p1a: Throh\n|-supereffective|p1a: Throh\n|-damage|p1a: Throh|33\/100\n|-start|p1a: Throh|confusion\n|-activate|p1a: Throh|confusion\n|-damage|p1a: Throh|25\/100|[from] confusion\n|\n|-heal|p1a: Throh|31\/100|[from] item: Leftovers\n|upkeep\n|turn|2\n|\n|move|p2a: Articuno|Hurricane|p1a: Throh\n|-supereffective|p1a: Throh\n|-damage|p1a: Throh|0 fnt\n|faint|p1a: Throh\n|\n|upkeep\n|\n|switch|p1a: Entei|Entei, L83|100\/100\n|-ability|p1a: Entei|Pressure\n|turn|3\n|\n|move|p1a: Entei|Sacred Fire|p2a: Articuno\n|-supereffective|p2a: Articuno\n|-damage|p2a: Articuno|2\/100\n|-status|p2a: Articuno|brn\n|move|p2a: Articuno|Substitute|p2a: Articuno\n|-fail|p2a: Articuno|move: Substitute|[weak]\n|\n|-heal|p2a: Articuno|8\/100 brn|[from] item: Leftovers\n|-damage|p2a: Articuno|2\/100 brn|[from] brn\n|upkeep\n|turn|4\n|\n|move|p1a: Entei|Sacred Fire|p2a: Articuno\n|-supereffective|p2a: Articuno\n|-damage|p2a: Articuno|0 fnt\n|faint|p2a: Articuno\n|\n|upkeep\n|\n|switch|p2a: Diggersby|Diggersby, L81, M|100\/100\n|turn|5\n|\n|switch|p1a: Greninja|Greninja, L80, F|100\/100\n|move|p2a: Diggersby|Earthquake|p1a: Greninja\n|-damage|p1a: Greninja|13\/100\n|-damage|p2a: Diggersby|90\/100|[from] item: Life Orb\n|\n|upkeep\n|turn|6\n|\n|switch|p2a: Empoleon|Empoleon, L82, M|100\/100\n|move|p1a: Greninja|Ice Beam|p2a: Empoleon\n|-start|p1a: Greninja|typechange|Ice|[from] ability: Protean\n|-resisted|p2a: Empoleon\n|-damage|p2a: Empoleon|91\/100\n|-damage|p1a: Greninja|3\/100|[from] item: Life Orb\n|\n|upkeep\n|turn|7\n|\n|move|p1a: Greninja|Taunt|p2a: Empoleon\n|-start|p1a: Greninja|typechange|Dark|[from] ability: Protean\n|-start|p2a: Empoleon|move: Taunt\n|move|p2a: Empoleon|Flash Cannon|p1a: Greninja\n|-damage|p1a: Greninja|0 fnt\n|-damage|p2a: Empoleon|81\/100|[from] item: Life Orb\n|faint|p1a: Greninja\n|\n|upkeep\n|\n|switch|p1a: Accelgor|Accelgor, L86, M|100\/100\n|turn|8\n|\n|move|p1a: Accelgor|Giga Drain|p2a: Empoleon\n|-damage|p2a: Empoleon|55\/100\n|-damage|p1a: Accelgor|91\/100|[from] item: Life Orb\n|move|p2a: Empoleon|Flash Cannon|p1a: Accelgor\n|-damage|p1a: Accelgor|40\/100\n|-damage|p2a: Empoleon|45\/100|[from] item: Life Orb\n|\n|upkeep\n|turn|9\n|\n|move|p1a: Accelgor|Giga Drain|p2a: Empoleon\n|-damage|p2a: Empoleon|20\/100\n|-heal|p1a: Accelgor|52\/100|[from] drain|[of] p2a: Empoleon\n|-damage|p1a: Accelgor|43\/100|[from] item: Life Orb\n|move|p2a: Empoleon|Flash Cannon|p1a: Accelgor\n|-damage|p1a: Accelgor|0 fnt\n|-damage|p2a: Empoleon|10\/100|[from] item: Life Orb\n|faint|p1a: Accelgor\n|\n|-end|p2a: Empoleon|move: Taunt\n|upkeep\n|\n|switch|p1a: Cloyster|Cloyster, L84, F|100\/100\n|turn|10\n|\n|move|p1a: Cloyster|Rock Blast|p2a: Empoleon\n|-resisted|p2a: Empoleon\n|-damage|p2a: Empoleon|6\/100\n|-resisted|p2a: Empoleon\n|-damage|p2a: Empoleon|1\/100\n|-resisted|p2a: Empoleon\n|-damage|p2a: Empoleon|0 fnt\n|-hitcount|p2a: Empoleon|3\n|-damage|p1a: Cloyster|91\/100|[from] item: Life Orb\n|faint|p2a: Empoleon\n|\n|upkeep\n|\n|switch|p2a: Smeargle|Smeargle, L89, M|100\/100\n|turn|11\n|\n|move|p2a: Smeargle|Sticky Web|p1a: Cloyster\n|-sidestart|p1: Manobens|move: Sticky Web\n|move|p1a: Cloyster|Rock Blast|p2a: Smeargle\n|-damage|p2a: Smeargle|84\/100\n|-damage|p2a: Smeargle|68\/100\n|-damage|p2a: Smeargle|52\/100\n|-damage|p2a: Smeargle|36\/100\n|-damage|p2a: Smeargle|20\/100\n|-hitcount|p2a: Smeargle|5\n|-damage|p1a: Cloyster|81\/100|[from] item: Life Orb\n|\n|upkeep\n|turn|12\n|inactive|Battle timer is ON: inactive players will automatically lose when time's up. (requested by Manobens)\n|\n|move|p1a: Cloyster|Ice Shard|p2a: Smeargle\n|-damage|p2a: Smeargle|0 fnt\n|-damage|p1a: Cloyster|71\/100|[from] item: Life Orb\n|faint|p2a: Smeargle\n|\n|upkeep\n|\n|switch|p2a: Lunala|Lunala, L78|100\/100\n|turn|13\n|\n|move|p2a: Lunala|Calm Mind|p2a: Lunala\n|-boost|p2a: Lunala|spa|1\n|-boost|p2a: Lunala|spd|1\n|move|p1a: Cloyster|Rock Blast|p2a: Lunala\n|-damage|p2a: Lunala|97\/100\n|-damage|p2a: Lunala|89\/100\n|-damage|p2a: Lunala|83\/100\n|-damage|p2a: Lunala|75\/100\n|-damage|p2a: Lunala|68\/100\n|-hitcount|p2a: Lunala|5\n|-damage|p1a: Cloyster|61\/100|[from] item: Life Orb\n|\n|-heal|p2a: Lunala|74\/100|[from] item: Leftovers\n|upkeep\n|turn|14\n|\n|move|p2a: Lunala|Calm Mind|p2a: Lunala\n|-boost|p2a: Lunala|spa|1\n|-boost|p2a: Lunala|spd|1\n|move|p1a: Cloyster|Hydro Pump|p2a: Lunala\n|-damage|p2a: Lunala|57\/100\n|-damage|p1a: Cloyster|51\/100|[from] item: Life Orb\n|\n|-heal|p2a: Lunala|63\/100|[from] item: Leftovers\n|upkeep\n|turn|15\n|\n|move|p2a: Lunala|Psyshock|p1a: Cloyster\n|-damage|p1a: Cloyster|2\/100\n|move|p1a: Cloyster|Rock Blast|p2a: Lunala\n|-damage|p2a: Lunala|56\/100\n|-damage|p2a: Lunala|49\/100\n|-damage|p2a: Lunala|41\/100\n|-damage|p2a: Lunala|34\/100\n|-damage|p2a: Lunala|26\/100\n|-hitcount|p2a: Lunala|5\n|-damage|p1a: Cloyster|0 fnt|[from] item: Life Orb\n|faint|p1a: Cloyster\n|\n|-heal|p2a: Lunala|32\/100|[from] item: Leftovers\n|upkeep\n|\n|switch|p1a: Entei|Entei, L83|100\/100\n|-activate|p1a: Entei|move: Sticky Web\n|-unboost|p1a: Entei|spe|1\n|-ability|p1a: Entei|Pressure\n|turn|16\n|\n|move|p2a: Lunala|Moongeist Beam|p1a: Entei\n|-damage|p1a: Entei|12\/100\n|move|p1a: Entei|Stomping Tantrum|p2a: Lunala\n|-damage|p2a: Lunala|2\/100\n|\n|-heal|p2a: Lunala|8\/100|[from] item: Leftovers\n|upkeep\n|turn|17\n|\n|move|p2a: Lunala|Moongeist Beam|p1a: Entei\n|-damage|p1a: Entei|0 fnt\n|faint|p1a: Entei\n|\n|-heal|p2a: Lunala|14\/100|[from] item: Leftovers\n|upkeep\n|\n|switch|p1a: Aurorus|Aurorus, L88, F|100\/100\n|-activate|p1a: Aurorus|move: Sticky Web\n|-unboost|p1a: Aurorus|spe|1\n|-weather|Hail|[from] ability: Snow Warning|[of] p1a: Aurorus\n|turn|18\n|\n|move|p2a: Lunala|Roost|p2a: Lunala\n|-heal|p2a: Lunala|64\/100\n|-singleturn|p2a: Lunala|move: Roost\n|move|p1a: Aurorus|Blizzard|p2a: Lunala\n|-damage|p2a: Lunala|47\/100\n|\n|-weather|Hail|[upkeep]\n|-damage|p2a: Lunala|41\/100|[from] Hail\n|-heal|p2a: Lunala|47\/100|[from] item: Leftovers\n|upkeep\n|turn|19\n|\n|move|p2a: Lunala|Roost|p2a: Lunala\n|-heal|p2a: Lunala|97\/100\n|-singleturn|p2a: Lunala|move: Roost\n|move|p1a: Aurorus|Blizzard|p2a: Lunala\n|-damage|p2a: Lunala|79\/100\n|\n|-weather|Hail|[upkeep]\n|-damage|p2a: Lunala|73\/100|[from] Hail\n|-heal|p2a: Lunala|79\/100|[from] item: Leftovers\n|upkeep\n|turn|20\n|\n|move|p2a: Lunala|Moongeist Beam|p1a: Aurorus\n|-damage|p1a: Aurorus|33\/100\n|move|p1a: Aurorus|Blizzard|p2a: Lunala\n|-damage|p2a: Lunala|60\/100\n|-status|p2a: Lunala|frz\n|\n|-weather|Hail|[upkeep]\n|-damage|p2a: Lunala|53\/100 frz|[from] Hail\n|-heal|p2a: Lunala|60\/100 frz|[from] item: Leftovers\n|-heal|p1a: Aurorus|39\/100|[from] item: Leftovers\n|upkeep\n|turn|21\n|\n|cant|p2a: Lunala|frz\n|move|p1a: Aurorus|Blizzard|p2a: Lunala\n|-damage|p2a: Lunala|43\/100 frz\n|\n|-weather|Hail|[upkeep]\n|-damage|p2a: Lunala|36\/100 frz|[from] Hail\n|-heal|p2a: Lunala|43\/100 frz|[from] item: Leftovers\n|-heal|p1a: Aurorus|45\/100|[from] item: Leftovers\n|upkeep\n|turn|22\n|\n|cant|p2a: Lunala|frz\n|move|p1a: Aurorus|Blizzard|p2a: Lunala\n|-damage|p2a: Lunala|24\/100 frz\n|\n|-weather|none\n|-heal|p2a: Lunala|30\/100 frz|[from] item: Leftovers\n|-heal|p1a: Aurorus|51\/100|[from] item: Leftovers\n|upkeep\n|turn|23\n|\n|cant|p2a: Lunala|frz\n|move|p1a: Aurorus|Blizzard|p2a: Lunala\n|-damage|p2a: Lunala|13\/100 frz\n|\n|-heal|p2a: Lunala|19\/100 frz|[from] item: Leftovers\n|-heal|p1a: Aurorus|57\/100|[from] item: Leftovers\n|upkeep\n|turn|24\n|\n|cant|p2a: Lunala|frz\n|move|p1a: Aurorus|Blizzard|p2a: Lunala\n|-damage|p2a: Lunala|3\/100 frz\n|\n|-heal|p2a: Lunala|9\/100 frz|[from] item: Leftovers\n|-heal|p1a: Aurorus|63\/100|[from] item: Leftovers\n|upkeep\n|turn|25\n|\n|cant|p2a: Lunala|frz\n|move|p1a: Aurorus|Blizzard|p2a: Lunala|[miss]\n|-miss|p1a: Aurorus|p2a: Lunala\n|\n|-heal|p2a: Lunala|15\/100 frz|[from] item: Leftovers\n|-heal|p1a: Aurorus|69\/100|[from] item: Leftovers\n|upkeep\n|turn|26\n|\n|cant|p2a: Lunala|frz\n|move|p1a: Aurorus|Freeze-Dry|p2a: Lunala\n|-damage|p2a: Lunala|4\/100 frz\n|\n|-heal|p2a: Lunala|10\/100 frz|[from] item: Leftovers\n|-heal|p1a: Aurorus|75\/100|[from] item: Leftovers\n|upkeep\n|turn|27\n|\n|cant|p2a: Lunala|frz\n|move|p1a: Aurorus|Earth Power|p2a: Lunala\n|-damage|p2a: Lunala|1\/100 frz\n|\n|-heal|p2a: Lunala|7\/100 frz|[from] item: Leftovers\n|-heal|p1a: Aurorus|82\/100|[from] item: Leftovers\n|upkeep\n|turn|28\n|\n|cant|p2a: Lunala|frz\n|move|p1a: Aurorus|Earth Power|p2a: Lunala\n|-damage|p2a: Lunala|0 fnt\n|faint|p2a: Lunala\n|\n|-heal|p1a: Aurorus|88\/100|[from] item: Leftovers\n|upkeep\n|\n|switch|p2a: Palossand|Palossand, L86, F|100\/100\n|turn|29\n|\n|move|p2a: Palossand|Earth Power|p1a: Aurorus\n|-supereffective|p1a: Aurorus\n|-damage|p1a: Aurorus|34\/100\n|move|p1a: Aurorus|Freeze-Dry|p2a: Palossand\n|-supereffective|p2a: Palossand\n|-damage|p2a: Palossand|41\/100\n|\n|-heal|p2a: Palossand|47\/100|[from] item: Leftovers\n|-heal|p1a: Aurorus|40\/100|[from] item: Leftovers\n|upkeep\n|turn|30\n|\n|move|p2a: Palossand|Earth Power|p1a: Aurorus\n|-supereffective|p1a: Aurorus\n|-damage|p1a: Aurorus|0 fnt\n|faint|p1a: Aurorus\n|\n|win|hajmola\n","inputlog":">version 221fee94a37ca316bb153f46fca2a11bbc6b0ff4\n>start {\"formatid\":\"gen7unratedrandombattle\",\"seed\":[13249,13692,39117,26869]}\n>player p1 {\"name\":\"Manobens\",\"avatar\":\"101\",\"team\":\"\",\"seed\":[44999,55039,24630,54375]}\n>player p2 {\"name\":\"hajmola\",\"avatar\":\"2\",\"team\":\"\",\"seed\":[60549,46378,51257,17071]}\n>p1 move knockoff\n>p2 move hurricane\n>p1 move knockoff\n>p2 move hurricane\n>p1 switch 6\n>p1 move sacredfire\n>p2 move substitute\n>p1 move sacredfire\n>p2 move hurricane\n>p2 switch 6\n>p1 switch 5\n>p2 move earthquake\n>p1 move icebeam\n>p2 switch 5\n>p1 move taunt\n>p2 move flashcannon\n>p1 switch 3\n>p1 move gigadrain\n>p2 move flashcannon\n>p1 move gigadrain\n>p2 move flashcannon\n>p1 switch 4\n>p1 move rockblast\n>p2 move flashcannon\n>p2 switch 2\n>p1 move rockblast\n>p2 move stickyweb\n>p1 move iceshard\n>p2 move destinybond\n>p2 switch 4\n>p1 move rockblast\n>p2 move calmmind\n>p1 move hydropump\n>p2 move calmmind\n>p1 move rockblast\n>p2 move psyshock\n>p1 switch 5\n>p1 move stompingtantrum\n>p2 move moongeistbeam\n>p1 move stompingtantrum\n>p2 move moongeistbeam\n>p1 switch 2\n>p1 move blizzard\n>p2 move roost\n>p1 move blizzard\n>p2 move roost\n>p1 move blizzard\n>p2 move moongeistbeam\n>p1 move blizzard\n>p2 move moongeistbeam\n>p1 move blizzard\n>p2 move moongeistbeam\n>p1 move blizzard\n>p2 move moongeistbeam\n>p1 move blizzard\n>p2 move moongeistbeam\n>p1 move blizzard\n>p2 move moongeistbeam\n>p1 move freezedry\n>p2 move moongeistbeam\n>p1 move earthpower\n>p2 move moongeistbeam\n>p1 move earthpower\n>p2 move moongeistbeam\n>p2 switch 3\n>p1 move freezedry\n>p2 move earthpower\n>p1 move freezedry\n>p2 move earthpower","uploadtime":1560445233,"views":2,"p1id":"manobens","p2id":"hajmola","formatid":"gen7unratedrandombattle","rating":0,"private":0,"password":null}