{"id":"gen7ou-714960126","p1":"CDN4GO","p2":"Q114","format":"gen7ou","log":"|j|\u2606CDN4GO\n|j|\u2606Q114\n|player|p1|CDN4GO|165\n|player|p2|Q114|266\n|teamsize|p1|6\n|teamsize|p2|6\n|gametype|singles\n|gen|7\n|tier|[Gen 7] OU\n|rated|\n|rule|Sleep Clause Mod: Limit one foe put to sleep\n|rule|Species Clause: Limit one of each Pok\u00e9mon\n|rule|OHKO Clause: OHKO moves are banned\n|rule|Moody Clause: Moody is banned\n|rule|Evasion Moves Clause: Evasion moves are banned\n|rule|Endless Battle Clause: Forcing endless battles is banned\n|rule|HP Percentage Mod: HP is shown in percentages\n|clearpoke\n|poke|p1|Whimsicott, F|item\n|poke|p1|Tornadus-Therian, M|item\n|poke|p1|Heatran, M|item\n|poke|p1|Keldeo|item\n|poke|p1|Toxapex, F|item\n|poke|p1|Zygarde|item\n|poke|p2|Skarmory, F|item\n|poke|p2|Chansey, F|item\n|poke|p2|Magnezone|item\n|poke|p2|Toxapex, F|item\n|poke|p2|Clefable, M|item\n|poke|p2|Sableye, F|item\n|teampreview\n|\n|start\n|switch|p1a: Whimsicott|Whimsicott, F|100\/100\n|switch|p2a: Sableye|Sableye, F|100\/100\n|turn|1\n|\n|-mega|p2a: Sableye|Sableye|Sablenite\n|detailschange|p2a: Sableye|Sableye-Mega, F\n|move|p1a: Whimsicott|Moonblast|p2a: Sableye\n|-supereffective|p2a: Sableye\n|-damage|p2a: Sableye|63\/100\n|move|p2a: Sableye|Knock Off|p1a: Whimsicott\n|-resisted|p1a: Whimsicott\n|-damage|p1a: Whimsicott|85\/100\n|-enditem|p1a: Whimsicott|Leftovers|[from] move: Knock Off|[of] p2a: Sableye\n|\n|upkeep\n|turn|2\n|\n|move|p1a: Whimsicott|U-turn|p2a: Sableye\n|-damage|p2a: Sableye|52\/100\n|\n|switch|p1a: Keldeo|Keldeo|100\/100\n|move|p2a: Sableye|Recover|p2a: Sableye\n|-heal|p2a: Sableye|100\/100\n|\n|upkeep\n|turn|3\n|\n|switch|p2a: Toxapex|Toxapex, F|100\/100\n|move|p1a: Keldeo|Scald|p2a: Toxapex\n|-resisted|p2a: Toxapex\n|-damage|p2a: Toxapex|85\/100\n|\n|-heal|p2a: Toxapex|91\/100|[from] item: Black Sludge\n|upkeep\n|turn|4\n|\n|switch|p1a: Toxapex|Toxapex, F|100\/100\n|move|p2a: Toxapex|Toxic Spikes|p1a: Toxapex\n|-sidestart|p1: CDN4GO|move: Toxic Spikes\n|\n|-heal|p2a: Toxapex|97\/100|[from] item: Black Sludge\n|upkeep\n|turn|5\n|\n|switch|p2a: Chansey|Chansey, F|100\/100\n|move|p1a: Toxapex|Scald|p2a: Chansey\n|-damage|p2a: Chansey|95\/100\n|\n|upkeep\n|turn|6\n|j| USM YORN\n|\n|switch|p1a: Tornadus|Tornadus-Therian, M|100\/100\n|move|p2a: Chansey|Stealth Rock|p1a: Tornadus\n|-sidestart|p1: CDN4GO|move: Stealth Rock\n|\n|upkeep\n|turn|7\n|\n|move|p1a: Tornadus|Knock Off|p2a: Chansey\n|-damage|p2a: Chansey|79\/100\n|-enditem|p2a: Chansey|Eviolite|[from] move: Knock Off|[of] p1a: Tornadus\n|-damage|p1a: Tornadus|91\/100|[from] item: Life Orb\n|move|p2a: Chansey|Toxic|p1a: Tornadus\n|-status|p1a: Tornadus|tox\n|\n|-damage|p1a: Tornadus|85\/100 tox|[from] psn\n|upkeep\n|turn|8\n|\n|switch|p2a: Toxapex|Toxapex, F|100\/100\n|move|p1a: Tornadus|Defog|p2a: Toxapex\n|-unboost|p2a: Toxapex|evasion|1\n|-sideend|p1: CDN4GO|Toxic Spikes|[from] move: Defog|[of] p1a: Tornadus\n|-sideend|p1: CDN4GO|Stealth Rock|[from] move: Defog|[of] p1a: Tornadus\n|\n|-damage|p1a: Tornadus|73\/100 tox|[from] psn\n|upkeep\n|turn|9\n|\n|switch|p1a: Zygarde|Zygarde|100\/100\n|-ability|p1a: Zygarde|Aura Break\n|move|p2a: Toxapex|Toxic Spikes|p1a: Zygarde\n|-sidestart|p1: CDN4GO|move: Toxic Spikes\n|\n|upkeep\n|turn|10\n|\n|move|p1a: Zygarde|Thousand Arrows|p2a: Toxapex\n|-supereffective|p2a: Toxapex\n|-damage|p2a: Toxapex|17\/100\n|move|p2a: Toxapex|Scald|p1a: Zygarde\n|-damage|p1a: Zygarde|84\/100\n|\n|-heal|p2a: Toxapex|23\/100|[from] item: Black Sludge\n|upkeep\n|turn|11\n|\n|switch|p2a: Clefable|Clefable, M|100\/100\n|move|p1a: Zygarde|Thousand Arrows|p2a: Clefable\n|-damage|p2a: Clefable|55\/100\n|\n|-heal|p2a: Clefable|61\/100|[from] item: Leftovers\n|upkeep\n|turn|12\n|\n|move|p1a: Zygarde|Thousand Arrows|p2a: Clefable\n|-damage|p2a: Clefable|13\/100\n|move|p2a: Clefable|Wish|p2a: Clefable\n|\n|-heal|p2a: Clefable|19\/100|[from] item: Leftovers\n|upkeep\n|turn|13\n|\n|switch|p1a: Toxapex|Toxapex, F|100\/100\n|-sideend|p1: CDN4GO|move: Toxic Spikes|[of] p1a: Toxapex\n|move|p2a: Clefable|Protect|p2a: Clefable\n|-fail|p2a: Clefable\n|\n|-heal|p2a: Clefable|69\/100|[from] move: Wish|[wisher] Clefable\n|-heal|p2a: Clefable|75\/100|[from] item: Leftovers\n|upkeep\n|turn|14\n|\n|move|p2a: Clefable|Wish|p2a: Clefable\n|move|p1a: Toxapex|Scald|p2a: Clefable\n|-damage|p2a: Clefable|60\/100\n|\n|-heal|p2a: Clefable|66\/100|[from] item: Leftovers\n|upkeep\n|turn|15\n|\n|switch|p2a: Chansey|Chansey, F|79\/100\n|move|p1a: Toxapex|Block|p2a: Chansey\n|-activate|p2a: Chansey|trapped\n|\n|-heal|p2a: Chansey|100\/100|[from] move: Wish|[wisher] Clefable\n|upkeep\n|turn|16\n|l| USM YORN\n|j| peasants+kings\n|\n|move|p2a: Chansey|Stealth Rock|p1a: Toxapex\n|-sidestart|p1: CDN4GO|move: Stealth Rock\n|move|p1a: Toxapex|Spite|p2a: Chansey\n|-activate|p2a: Chansey|move: Spite|Stealth Rock|4\n|\n|upkeep\n|turn|17\n|\n|move|p2a: Chansey|Seismic Toss|p1a: Toxapex\n|-damage|p1a: Toxapex|68\/100\n|move|p1a: Toxapex|Spite|p2a: Chansey\n|-activate|p2a: Chansey|move: Spite|Seismic Toss|4\n|\n|-heal|p1a: Toxapex|74\/100|[from] item: Black Sludge\n|upkeep\n|turn|18\n|\n|move|p2a: Chansey|Seismic Toss|p1a: Toxapex\n|-damage|p1a: Toxapex|41\/100\n|move|p1a: Toxapex|Spite|p2a: Chansey\n|-activate|p2a: Chansey|move: Spite|Seismic Toss|4\n|\n|-heal|p1a: Toxapex|47\/100|[from] item: Black Sludge\n|upkeep\n|turn|19\n|\n|move|p2a: Chansey|Seismic Toss|p1a: Toxapex\n|-damage|p1a: Toxapex|14\/100\n|move|p1a: Toxapex|Recover|p1a: Toxapex\n|-heal|p1a: Toxapex|64\/100\n|\n|-heal|p1a: Toxapex|71\/100|[from] item: Black Sludge\n|upkeep\n|turn|20\n|\n|move|p2a: Chansey|Toxic|p1a: Toxapex\n|-immune|p1a: Toxapex|[msg]\n|move|p1a: Toxapex|Spite|p2a: Chansey\n|-activate|p2a: Chansey|move: Spite|Toxic|4\n|\n|-heal|p1a: Toxapex|77\/100|[from] item: Black Sludge\n|upkeep\n|turn|21\n|\n|move|p2a: Chansey|Toxic|p1a: Toxapex\n|-immune|p1a: Toxapex|[msg]\n|move|p1a: Toxapex|Spite|p2a: Chansey\n|-activate|p2a: Chansey|move: Spite|Toxic|4\n|\n|-heal|p1a: Toxapex|83\/100|[from] item: Black Sludge\n|upkeep\n|turn|22\n|\n|move|p2a: Chansey|Toxic|p1a: Toxapex\n|-immune|p1a: Toxapex|[msg]\n|move|p1a: Toxapex|Spite|p2a: Chansey\n|-activate|p2a: Chansey|move: Spite|Toxic|4\n|\n|-heal|p1a: Toxapex|89\/100|[from] item: Black Sludge\n|upkeep\n|turn|23\n|\n|move|p2a: Chansey|Stealth Rock|p1a: Toxapex\n|-fail|p2a: Chansey\n|move|p1a: Toxapex|Spite|p2a: Chansey\n|-activate|p2a: Chansey|move: Spite|Stealth Rock|4\n|\n|-heal|p1a: Toxapex|96\/100|[from] item: Black Sludge\n|upkeep\n|turn|24\n|\n|move|p2a: Chansey|Stealth Rock|p1a: Toxapex\n|-fail|p2a: Chansey\n|move|p1a: Toxapex|Spite|p2a: Chansey\n|-activate|p2a: Chansey|move: Spite|Stealth Rock|4\n|\n|-heal|p1a: Toxapex|100\/100|[from] item: Black Sludge\n|upkeep\n|turn|25\n|\n|move|p2a: Chansey|Stealth Rock|p1a: Toxapex\n|-fail|p2a: Chansey\n|move|p1a: Toxapex|Spite|p2a: Chansey\n|-activate|p2a: Chansey|move: Spite|Stealth Rock|4\n|\n|upkeep\n|turn|26\n|\n|move|p2a: Chansey|Stealth Rock|p1a: Toxapex\n|-fail|p2a: Chansey\n|move|p1a: Toxapex|Spite|p2a: Chansey\n|-activate|p2a: Chansey|move: Spite|Stealth Rock|4\n|\n|upkeep\n|turn|27\n|\n|move|p2a: Chansey|Stealth Rock|p1a: Toxapex\n|-fail|p2a: Chansey\n|move|p1a: Toxapex|Spite|p2a: Chansey\n|-activate|p2a: Chansey|move: Spite|Stealth Rock|4\n|\n|upkeep\n|turn|28\n|\n|move|p2a: Chansey|Stealth Rock|p1a: Toxapex\n|-fail|p2a: Chansey\n|move|p1a: Toxapex|Scald|p2a: Chansey\n|-damage|p2a: Chansey|93\/100\n|\n|upkeep\n|turn|29\n|\n|move|p2a: Chansey|Seismic Toss|p1a: Toxapex\n|-damage|p1a: Toxapex|68\/100\n|move|p1a: Toxapex|Spite|p2a: Chansey\n|-activate|p2a: Chansey|move: Spite|Seismic Toss|4\n|\n|-heal|p1a: Toxapex|74\/100|[from] item: Black Sludge\n|upkeep\n|turn|30\n|\n|move|p2a: Chansey|Soft-Boiled|p2a: Chansey\n|-heal|p2a: Chansey|100\/100\n|move|p1a: Toxapex|Spite|p2a: Chansey\n|-activate|p2a: Chansey|move: Spite|Soft-Boiled|4\n|\n|-heal|p1a: Toxapex|80\/100|[from] item: Black Sludge\n|upkeep\n|turn|31\n|j| DanielMax123 \u265a\n|\n|move|p2a: Chansey|Soft-Boiled|p2a: Chansey\n|-fail|p2a: Chansey\n|move|p1a: Toxapex|Spite|p2a: Chansey\n|-activate|p2a: Chansey|move: Spite|Soft-Boiled|4\n|\n|-heal|p1a: Toxapex|86\/100|[from] item: Black Sludge\n|upkeep\n|turn|32\n|l| DanielMax123 \u265a\n|\n|move|p2a: Chansey|Seismic Toss|p1a: Toxapex\n|-damage|p1a: Toxapex|53\/100\n|move|p1a: Toxapex|Spite|p2a: Chansey\n|-activate|p2a: Chansey|move: Spite|Seismic Toss|4\n|\n|-heal|p1a: Toxapex|60\/100|[from] item: Black Sludge\n|upkeep\n|turn|33\n|\n|move|p2a: Chansey|Soft-Boiled|p2a: Chansey\n|-fail|p2a: Chansey\n|move|p1a: Toxapex|Recover|p1a: Toxapex\n|-heal|p1a: Toxapex|100\/100\n|\n|upkeep\n|turn|34\n|\n|move|p2a: Chansey|Soft-Boiled|p2a: Chansey\n|-fail|p2a: Chansey\n|move|p1a: Toxapex|Spite|p2a: Chansey\n|-activate|p2a: Chansey|move: Spite|Soft-Boiled|4\n|\n|upkeep\n|turn|35\n|\n|move|p2a: Chansey|Seismic Toss|p1a: Toxapex\n|-damage|p1a: Toxapex|68\/100\n|move|p1a: Toxapex|Block|p2a: Chansey\n|-fail|p1a: Toxapex\n|\n|-heal|p1a: Toxapex|74\/100|[from] item: Black Sludge\n|upkeep\n|turn|36\n|\n|move|p2a: Chansey|Seismic Toss|p1a: Toxapex\n|-damage|p1a: Toxapex|41\/100\n|move|p1a: Toxapex|Block|p2a: Chansey\n|-fail|p1a: Toxapex\n|\n|-heal|p1a: Toxapex|47\/100|[from] item: Black Sludge\n|upkeep\n|turn|37\n|\n|move|p2a: Chansey|Seismic Toss|p1a: Toxapex\n|-damage|p1a: Toxapex|14\/100\n|move|p1a: Toxapex|Recover|p1a: Toxapex\n|-heal|p1a: Toxapex|64\/100\n|\n|-heal|p1a: Toxapex|71\/100|[from] item: Black Sludge\n|upkeep\n|turn|38\n|\n|move|p2a: Chansey|Seismic Toss|p1a: Toxapex\n|-damage|p1a: Toxapex|38\/100\n|move|p1a: Toxapex|Recover|p1a: Toxapex\n|-heal|p1a: Toxapex|88\/100\n|\n|-heal|p1a: Toxapex|94\/100|[from] item: Black Sludge\n|upkeep\n|turn|39\n|\n|move|p2a: Chansey|Seismic Toss|p1a: Toxapex\n|-damage|p1a: Toxapex|61\/100\n|move|p1a: Toxapex|Block|p2a: Chansey\n|-fail|p1a: Toxapex\n|\n|-heal|p1a: Toxapex|67\/100|[from] item: Black Sludge\n|upkeep\n|turn|40\n|\n|move|p2a: Chansey|Seismic Toss|p1a: Toxapex\n|-damage|p1a: Toxapex|34\/100\n|move|p1a: Toxapex|Recover|p1a: Toxapex\n|-heal|p1a: Toxapex|84\/100\n|\n|-heal|p1a: Toxapex|91\/100|[from] item: Black Sludge\n|upkeep\n|turn|41\n|\n|move|p2a: Chansey|Seismic Toss|p1a: Toxapex\n|-damage|p1a: Toxapex|58\/100\n|move|p1a: Toxapex|Block|p2a: Chansey\n|-fail|p1a: Toxapex\n|\n|-heal|p1a: Toxapex|64\/100|[from] item: Black Sludge\n|upkeep\n|turn|42\n|\n|move|p2a: Chansey|Seismic Toss|p1a: Toxapex\n|-damage|p1a: Toxapex|31\/100\n|move|p1a: Toxapex|Recover|p1a: Toxapex\n|-heal|p1a: Toxapex|81\/100\n|\n|-heal|p1a: Toxapex|87\/100|[from] item: Black Sludge\n|upkeep\n|turn|43\n|\n|move|p2a: Chansey|Seismic Toss|p1a: Toxapex\n|-damage|p1a: Toxapex|54\/100\n|move|p1a: Toxapex|Scald|p2a: Chansey\n|-damage|p2a: Chansey|93\/100\n|\n|-heal|p1a: Toxapex|61\/100|[from] item: Black Sludge\n|upkeep\n|turn|44\n|\n|move|p2a: Chansey|Seismic Toss|p1a: Toxapex\n|-damage|p1a: Toxapex|28\/100\n|move|p1a: Toxapex|Recover|p1a: Toxapex\n|-heal|p1a: Toxapex|78\/100\n|\n|-heal|p1a: Toxapex|84\/100|[from] item: Black Sludge\n|upkeep\n|turn|45\n|\n|move|p2a: Chansey|Seismic Toss|p1a: Toxapex\n|-damage|p1a: Toxapex|51\/100\n|move|p1a: Toxapex|Scald|p2a: Chansey\n|-damage|p2a: Chansey|86\/100\n|\n|-heal|p1a: Toxapex|57\/100|[from] item: Black Sludge\n|upkeep\n|turn|46\n|\n|-activate|p2a: Chansey|move: Struggle\n|move|p2a: Chansey|Struggle|p1a: Toxapex\n|-damage|p1a: Toxapex|57\/100\n|-damage|p2a: Chansey|61\/100|[from] recoil\n|move|p1a: Toxapex|Block|p2a: Chansey\n|-fail|p1a: Toxapex\n|\n|-heal|p1a: Toxapex|63\/100|[from] item: Black Sludge\n|upkeep\n|turn|47\n|\n|-activate|p2a: Chansey|move: Struggle\n|move|p2a: Chansey|Struggle|p1a: Toxapex\n|-damage|p1a: Toxapex|62\/100\n|-damage|p2a: Chansey|36\/100|[from] recoil\n|move|p1a: Toxapex|Block|p2a: Chansey\n|-fail|p1a: Toxapex\n|\n|-heal|p1a: Toxapex|69\/100|[from] item: Black Sludge\n|upkeep\n|turn|48\n|\n|switch|p1a: Tornadus|Tornadus-Therian, M|100\/100 tox\n|-damage|p1a: Tornadus|76\/100 tox|[from] Stealth Rock\n|-activate|p2a: Chansey|move: Struggle\n|move|p2a: Chansey|Struggle|p1a: Tornadus\n|-damage|p1a: Tornadus|75\/100 tox\n|-damage|p2a: Chansey|11\/100|[from] recoil\n|\n|-damage|p1a: Tornadus|69\/100 tox|[from] psn\n|upkeep\n|turn|49\n|\n|switch|p2a: Toxapex|Toxapex, F|57\/100\n|move|p1a: Tornadus|Defog|p2a: Toxapex\n|-unboost|p2a: Toxapex|evasion|1\n|-sideend|p1: CDN4GO|Stealth Rock|[from] move: Defog|[of] p1a: Tornadus\n|\n|-heal|p2a: Toxapex|63\/100|[from] item: Black Sludge\n|-damage|p1a: Tornadus|57\/100 tox|[from] psn\n|upkeep\n|turn|50\n|\n|switch|p1a: Zygarde|Zygarde|84\/100\n|-ability|p1a: Zygarde|Aura Break\n|switch|p2a: Chansey|Chansey, F|11\/100\n|\n|upkeep\n|turn|51\n|\n|move|p1a: Zygarde|Thousand Arrows|p2a: Chansey\n|-damage|p2a: Chansey|0 fnt\n|faint|p2a: Chansey\n|\n|upkeep\n|\n|switch|p2a: Clefable|Clefable, M|66\/100\n|turn|52\n|\n|switch|p1a: Heatran|Heatran, M|100\/100\n|move|p2a: Clefable|Wish|p2a: Clefable\n|\n|-heal|p2a: Clefable|72\/100|[from] item: Leftovers\n|upkeep\n|turn|53\n|\n|move|p2a: Clefable|Protect|p2a: Clefable\n|-singleturn|p2a: Clefable|Protect\n|move|p1a: Heatran|Lava Plume|p2a: Clefable\n|-activate|p2a: Clefable|move: Protect\n|\n|-heal|p2a: Clefable|100\/100|[from] move: Wish|[wisher] Clefable\n|upkeep\n|turn|54\n|\n|switch|p2a: Toxapex|Toxapex, F|96\/100\n|move|p1a: Heatran|Lava Plume|p2a: Toxapex\n|-resisted|p2a: Toxapex\n|-damage|p2a: Toxapex|83\/100\n|\n|-heal|p2a: Toxapex|89\/100|[from] item: Black Sludge\n|upkeep\n|turn|55\n|\n|move|p1a: Heatran|Lava Plume|p2a: Toxapex\n|-resisted|p2a: Toxapex\n|-damage|p2a: Toxapex|74\/100\n|move|p2a: Toxapex|Toxic Spikes|p1a: Heatran\n|-sidestart|p1: CDN4GO|move: Toxic Spikes\n|\n|-heal|p2a: Toxapex|80\/100|[from] item: Black Sludge\n|upkeep\n|turn|56\n|\n|move|p1a: Heatran|Lava Plume|p2a: Toxapex\n|-resisted|p2a: Toxapex\n|-damage|p2a: Toxapex|65\/100\n|move|p2a: Toxapex|Scald|p1a: Heatran\n|-supereffective|p1a: Heatran\n|-damage|p1a: Heatran|79\/100\n|\n|-heal|p1a: Heatran|85\/100|[from] item: Leftovers\n|-heal|p2a: Toxapex|71\/100|[from] item: Black Sludge\n|upkeep\n|turn|57\n|\n|switch|p1a: Toxapex|Toxapex, F|100\/100\n|-sideend|p1: CDN4GO|move: Toxic Spikes|[of] p1a: Toxapex\n|move|p2a: Toxapex|Scald|p1a: Toxapex\n|-resisted|p1a: Toxapex\n|-damage|p1a: Toxapex|95\/100\n|\n|-heal|p1a: Toxapex|100\/100|[from] item: Black Sludge\n|-heal|p2a: Toxapex|77\/100|[from] item: Black Sludge\n|upkeep\n|turn|58\n|\n|move|p1a: Toxapex|Scald|p2a: Toxapex\n|-resisted|p2a: Toxapex\n|-damage|p2a: Toxapex|69\/100\n|-status|p2a: Toxapex|brn\n|move|p2a: Toxapex|Toxic Spikes|p1a: Toxapex\n|-sidestart|p1: CDN4GO|move: Toxic Spikes\n|\n|-heal|p2a: Toxapex|75\/100 brn|[from] item: Black Sludge\n|-damage|p2a: Toxapex|69\/100 brn|[from] brn\n|upkeep\n|turn|59\n|\n|switch|p1a: Heatran|Heatran, M|85\/100\n|move|p2a: Toxapex|Scald|p1a: Heatran\n|-supereffective|p1a: Heatran\n|-damage|p1a: Heatran|64\/100\n|\n|-heal|p1a: Heatran|70\/100|[from] item: Leftovers\n|-heal|p2a: Toxapex|75\/100 brn|[from] item: Black Sludge\n|-damage|p2a: Toxapex|69\/100 brn|[from] brn\n|upkeep\n|turn|60\n|\n|switch|p1a: Toxapex|Toxapex, F|100\/100\n|-sideend|p1: CDN4GO|move: Toxic Spikes|[of] p1a: Toxapex\n|move|p2a: Toxapex|Scald|p1a: Toxapex\n|-resisted|p1a: Toxapex\n|-damage|p1a: Toxapex|95\/100\n|\n|-heal|p1a: Toxapex|100\/100|[from] item: Black Sludge\n|-heal|p2a: Toxapex|75\/100 brn|[from] item: Black Sludge\n|-damage|p2a: Toxapex|69\/100 brn|[from] brn\n|upkeep\n|turn|61\n|\n|switch|p1a: Tornadus|Tornadus-Therian, M|90\/100 tox\n|move|p2a: Toxapex|Toxic Spikes|p1a: Tornadus\n|-sidestart|p1: CDN4GO|move: Toxic Spikes\n|\n|-heal|p2a: Toxapex|75\/100 brn|[from] item: Black Sludge\n|-damage|p1a: Tornadus|84\/100 tox|[from] psn\n|-damage|p2a: Toxapex|69\/100 brn|[from] brn\n|upkeep\n|turn|62\n|\n|move|p1a: Tornadus|Defog|p2a: Toxapex\n|-unboost|p2a: Toxapex|evasion|1\n|-sideend|p1: CDN4GO|Toxic Spikes|[from] move: Defog|[of] p1a: Tornadus\n|move|p2a: Toxapex|Scald|p1a: Tornadus\n|-damage|p1a: Tornadus|64\/100 tox\n|\n|-heal|p2a: Toxapex|75\/100 brn|[from] item: Black Sludge\n|-damage|p1a: Tornadus|52\/100 tox|[from] psn\n|-damage|p2a: Toxapex|69\/100 brn|[from] brn\n|upkeep\n|turn|63\n|\n|switch|p1a: Zygarde|Zygarde|84\/100\n|-ability|p1a: Zygarde|Aura Break\n|move|p2a: Toxapex|Toxic Spikes|p1a: Zygarde\n|-sidestart|p1: CDN4GO|move: Toxic Spikes\n|\n|-heal|p2a: Toxapex|75\/100 brn|[from] item: Black Sludge\n|-damage|p2a: Toxapex|69\/100 brn|[from] brn\n|upkeep\n|turn|64\n|\n|switch|p2a: Clefable|Clefable, M|100\/100\n|move|p1a: Zygarde|Thousand Arrows|p2a: Clefable\n|-damage|p2a: Clefable|53\/100\n|\n|-heal|p2a: Clefable|59\/100|[from] item: Leftovers\n|upkeep\n|turn|65\n|\n|move|p2a: Clefable|Protect|p2a: Clefable\n|-singleturn|p2a: Clefable|Protect\n|move|p1a: Zygarde|Thousand Arrows|p2a: Clefable\n|-activate|p2a: Clefable|move: Protect\n|\n|-heal|p2a: Clefable|65\/100|[from] item: Leftovers\n|upkeep\n|turn|66\n|\n|move|p1a: Zygarde|Thousand Arrows|p2a: Clefable\n|-damage|p2a: Clefable|17\/100\n|move|p2a: Clefable|Wish|p2a: Clefable\n|\n|-heal|p2a: Clefable|23\/100|[from] item: Leftovers\n|upkeep\n|turn|67\n|\n|switch|p1a: Heatran|Heatran, M|70\/100\n|move|p2a: Clefable|Protect|p2a: Clefable\n|-fail|p2a: Clefable\n|\n|-heal|p2a: Clefable|73\/100|[from] move: Wish|[wisher] Clefable\n|-heal|p1a: Heatran|77\/100|[from] item: Leftovers\n|-heal|p2a: Clefable|79\/100|[from] item: Leftovers\n|upkeep\n|turn|68\n|\n|move|p2a: Clefable|Protect|p2a: Clefable\n|-singleturn|p2a: Clefable|Protect\n|move|p1a: Heatran|Stealth Rock|p2a: Clefable\n|-sidestart|p2: Q114|move: Stealth Rock\n|\n|-heal|p1a: Heatran|83\/100|[from] item: Leftovers\n|-heal|p2a: Clefable|85\/100|[from] item: Leftovers\n|upkeep\n|turn|69\n|\n|switch|p2a: Toxapex|Toxapex, F|100\/100 brn\n|-damage|p2a: Toxapex|88\/100 brn|[from] Stealth Rock\n|move|p1a: Heatran|Lava Plume|p2a: Toxapex\n|-resisted|p2a: Toxapex\n|-damage|p2a: Toxapex|74\/100 brn\n|\n|-heal|p1a: Heatran|89\/100|[from] item: Leftovers\n|-heal|p2a: Toxapex|80\/100 brn|[from] item: Black Sludge\n|-damage|p2a: Toxapex|74\/100 brn|[from] brn\n|upkeep\n|turn|70\n|\n|move|p1a: Heatran|Earth Power|p2a: Toxapex\n|-supereffective|p2a: Toxapex\n|-damage|p2a: Toxapex|30\/100 brn\n|move|p2a: Toxapex|Toxic Spikes|p1a: Heatran\n|-sidestart|p1: CDN4GO|move: Toxic Spikes\n|\n|-heal|p1a: Heatran|95\/100|[from] item: Leftovers\n|-heal|p2a: Toxapex|35\/100 brn|[from] item: Black Sludge\n|-damage|p2a: Toxapex|30\/100 brn|[from] brn\n|upkeep\n|turn|71\n|\n|switch|p2a: Sableye|Sableye-Mega, F|100\/100\n|-damage|p2a: Sableye|88\/100|[from] Stealth Rock\n|move|p1a: Heatran|Toxic|p2a: Sableye\n|move|p2a: Sableye|Toxic|p1a: Heatran|[from]Magic Bounce|[miss]\n|-miss|p2a: Sableye|p1a: Heatran\n|\n|-heal|p1a: Heatran|100\/100|[from] item: Leftovers\n|upkeep\n|turn|72\n|\n|switch|p1a: Toxapex|Toxapex, F|100\/100\n|-sideend|p1: CDN4GO|move: Toxic Spikes|[of] p1a: Toxapex\n|move|p2a: Sableye|Knock Off|p1a: Toxapex\n|-damage|p1a: Toxapex|76\/100\n|-enditem|p1a: Toxapex|Black Sludge|[from] move: Knock Off|[of] p2a: Sableye\n|\n|upkeep\n|turn|73\n|\n|switch|p2a: Toxapex|Toxapex, F|63\/100 brn\n|-damage|p2a: Toxapex|51\/100 brn|[from] Stealth Rock\n|move|p1a: Toxapex|Scald|p2a: Toxapex\n|-resisted|p2a: Toxapex\n|-crit|p2a: Toxapex\n|-damage|p2a: Toxapex|40\/100 brn\n|\n|-heal|p2a: Toxapex|46\/100 brn|[from] item: Black Sludge\n|-damage|p2a: Toxapex|40\/100 brn|[from] brn\n|upkeep\n|turn|74\n|\n|switch|p1a: Zygarde|Zygarde|84\/100\n|-ability|p1a: Zygarde|Aura Break\n|switch|p2a: Skarmory|Skarmory, F|100\/100\n|-damage|p2a: Skarmory|88\/100|[from] Stealth Rock\n|\n|upkeep\n|turn|75\n|\n|switch|p1a: Heatran|Heatran, M|100\/100\n|move|p2a: Skarmory|Counter|p1a: Heatran\n|-fail|p1a: Heatran\n|\n|upkeep\n|turn|76\n|\n|switch|p2a: Toxapex|Toxapex, F|73\/100 brn\n|-damage|p2a: Toxapex|61\/100 brn|[from] Stealth Rock\n|move|p1a: Heatran|Lava Plume|p2a: Toxapex\n|-resisted|p2a: Toxapex\n|-damage|p2a: Toxapex|46\/100 brn\n|\n|-heal|p2a: Toxapex|52\/100 brn|[from] item: Black Sludge\n|-damage|p2a: Toxapex|46\/100 brn|[from] brn\n|upkeep\n|turn|77\n|\n|switch|p2a: Sableye|Sableye-Mega, F|88\/100\n|-damage|p2a: Sableye|76\/100|[from] Stealth Rock\n|move|p1a: Heatran|Earth Power|p2a: Sableye\n|-damage|p2a: Sableye|55\/100\n|\n|upkeep\n|turn|78\n|\n|move|p1a: Heatran|Lava Plume|p2a: Sableye\n|-damage|p2a: Sableye|28\/100\n|-status|p2a: Sableye|brn\n|move|p2a: Sableye|Recover|p2a: Sableye\n|-heal|p2a: Sableye|78\/100 brn\n|\n|-damage|p2a: Sableye|72\/100 brn|[from] brn\n|upkeep\n|turn|79\n|\n|switch|p1a: Keldeo|Keldeo|100\/100\n|move|p2a: Sableye|Knock Off|p1a: Keldeo\n|-resisted|p1a: Keldeo\n|-damage|p1a: Keldeo|95\/100\n|-ability|p1a: Keldeo|Justified|boost\n|-boost|p1a: Keldeo|atk|1\n|\n|-damage|p2a: Sableye|67\/100 brn|[from] brn\n|upkeep\n|turn|80\n|\n|switch|p1a: Zygarde|Zygarde|84\/100\n|-ability|p1a: Zygarde|Aura Break\n|move|p2a: Sableye|Recover|p2a: Sableye\n|-heal|p2a: Sableye|100\/100 brn\n|\n|-damage|p2a: Sableye|95\/100 brn|[from] brn\n|upkeep\n|turn|81\n|\n|switch|p1a: Whimsicott|Whimsicott, F|85\/100\n|move|p2a: Sableye|Will-O-Wisp|p1a: Whimsicott\n|-status|p1a: Whimsicott|brn\n|\n|-damage|p1a: Whimsicott|79\/100 brn|[from] brn\n|-damage|p2a: Sableye|89\/100 brn|[from] brn\n|upkeep\n|turn|82\n|\n|switch|p2a: Skarmory|Skarmory, F|88\/100\n|-damage|p2a: Skarmory|76\/100|[from] Stealth Rock\n|move|p1a: Whimsicott|U-turn|p2a: Skarmory\n|-resisted|p2a: Skarmory\n|-crit|p2a: Skarmory\n|-damage|p2a: Skarmory|75\/100\n|-damage|p1a: Whimsicott|62\/100 brn|[from] item: Rocky Helmet|[of] p2a: Skarmory\n|\n|switch|p1a: Heatran|Heatran, M|100\/100\n|\n|upkeep\n|turn|83\n|\n|switch|p2a: Toxapex|Toxapex, F|79\/100 brn\n|-damage|p2a: Toxapex|67\/100 brn|[from] Stealth Rock\n|move|p1a: Heatran|Lava Plume|p2a: Toxapex\n|-resisted|p2a: Toxapex\n|-damage|p2a: Toxapex|53\/100 brn\n|\n|-heal|p2a: Toxapex|59\/100 brn|[from] item: Black Sludge\n|-damage|p2a: Toxapex|53\/100 brn|[from] brn\n|upkeep\n|turn|84\n|\n|switch|p2a: Clefable|Clefable, M|85\/100\n|-damage|p2a: Clefable|72\/100|[from] Stealth Rock\n|move|p1a: Heatran|Earth Power|p2a: Clefable\n|-damage|p2a: Clefable|49\/100\n|\n|-heal|p2a: Clefable|55\/100|[from] item: Leftovers\n|upkeep\n|turn|85\n|\n|move|p1a: Heatran|Lava Plume|p2a: Clefable\n|-damage|p2a: Clefable|25\/100\n|-status|p2a: Clefable|brn\n|move|p2a: Clefable|Wish|p2a: Clefable\n|\n|-heal|p2a: Clefable|31\/100 brn|[from] item: Leftovers\n|-damage|p2a: Clefable|25\/100 brn|[from] brn\n|upkeep\n|turn|86\n|\n|switch|p1a: Whimsicott|Whimsicott, F|62\/100 brn\n|move|p2a: Clefable|Protect|p2a: Clefable\n|-fail|p2a: Clefable\n|\n|-heal|p2a: Clefable|75\/100 brn|[from] move: Wish|[wisher] Clefable\n|-heal|p2a: Clefable|81\/100 brn|[from] item: Leftovers\n|-damage|p1a: Whimsicott|56\/100 brn|[from] brn\n|-damage|p2a: Clefable|75\/100 brn|[from] brn\n|upkeep\n|turn|87\n|\n|move|p1a: Whimsicott|Encore|p2a: Clefable\n|-start|p2a: Clefable|Encore\n|move|p2a: Clefable|Protect|p2a: Clefable\n|-fail|p2a: Clefable\n|\n|-heal|p2a: Clefable|81\/100 brn|[from] item: Leftovers\n|-damage|p1a: Whimsicott|50\/100 brn|[from] brn\n|-damage|p2a: Clefable|75\/100 brn|[from] brn\n|upkeep\n|turn|88\n|\n|switch|p2a: Toxapex|Toxapex, F|87\/100 brn\n|-damage|p2a: Toxapex|74\/100 brn|[from] Stealth Rock\n|move|p1a: Whimsicott|U-turn|p2a: Toxapex\n|-resisted|p2a: Toxapex\n|-damage|p2a: Toxapex|73\/100 brn\n|\n|switch|p1a: Zygarde|Zygarde|84\/100\n|-ability|p1a: Zygarde|Aura Break\n|\n|-heal|p2a: Toxapex|79\/100 brn|[from] item: Black Sludge\n|-damage|p2a: Toxapex|73\/100 brn|[from] brn\n|upkeep\n|turn|89\n|\n|switch|p2a: Magnezone|Magnezone|100\/100\n|-damage|p2a: Magnezone|94\/100|[from] Stealth Rock\n|move|p1a: Zygarde|Thousand Arrows|p2a: Magnezone\n|-supereffective|p2a: Magnezone\n|-damage|p2a: Magnezone|0 fnt\n|faint|p2a: Magnezone\n|\n|upkeep\n|\n|switch|p2a: Skarmory|Skarmory, F|75\/100\n|-damage|p2a: Skarmory|63\/100|[from] Stealth Rock\n|turn|90\n|\n|switch|p1a: Heatran|Heatran, M|100\/100\n|move|p2a: Skarmory|Defog|p1a: Heatran\n|-unboost|p1a: Heatran|evasion|1\n|-sideend|p2: Q114|Stealth Rock|[from] move: Defog|[of] p2a: Skarmory\n|\n|upkeep\n|turn|91\n|\n|switch|p2a: Sableye|Sableye-Mega, F|89\/100 brn\n|move|p1a: Heatran|Lava Plume|p2a: Sableye\n|-crit|p2a: Sableye\n|-damage|p2a: Sableye|49\/100 brn\n|\n|-damage|p2a: Sableye|43\/100 brn|[from] brn\n|upkeep\n|turn|92\n|\n|move|p1a: Heatran|Lava Plume|p2a: Sableye\n|-damage|p2a: Sableye|18\/100 brn\n|move|p2a: Sableye|Recover|p2a: Sableye\n|-heal|p2a: Sableye|68\/100 brn\n|\n|-damage|p2a: Sableye|62\/100 brn|[from] brn\n|upkeep\n|turn|93\n|\n|move|p1a: Heatran|Lava Plume|p2a: Sableye\n|-damage|p2a: Sableye|34\/100 brn\n|move|p2a: Sableye|Recover|p2a: Sableye\n|-heal|p2a: Sableye|85\/100 brn\n|\n|-damage|p2a: Sableye|79\/100 brn|[from] brn\n|upkeep\n|turn|94\n|\n|switch|p1a: Keldeo|Keldeo|95\/100\n|move|p2a: Sableye|Recover|p2a: Sableye\n|-heal|p2a: Sableye|100\/100 brn\n|\n|-damage|p2a: Sableye|95\/100 brn|[from] brn\n|upkeep\n|turn|95\n|\n|switch|p1a: Toxapex|Toxapex, F|100\/100\n|switch|p2a: Toxapex|Toxapex, F|100\/100 brn\n|\n|-damage|p2a: Toxapex|95\/100 brn|[from] brn\n|upkeep\n|turn|96\n|\n|switch|p1a: Tornadus|Tornadus-Therian, M|85\/100 tox\n|move|p2a: Toxapex|Toxic Spikes|p1a: Tornadus\n|-sidestart|p1: CDN4GO|move: Toxic Spikes\n|\n|-heal|p2a: Toxapex|100\/100 brn|[from] item: Black Sludge\n|-damage|p1a: Tornadus|79\/100 tox|[from] psn\n|-damage|p2a: Toxapex|95\/100 brn|[from] brn\n|upkeep\n|turn|97\n|\n|move|p1a: Tornadus|Knock Off|p2a: Toxapex\n|-damage|p2a: Toxapex|77\/100 brn\n|-enditem|p2a: Toxapex|Black Sludge|[from] move: Knock Off|[of] p1a: Tornadus\n|-damage|p1a: Tornadus|69\/100 tox|[from] item: Life Orb\n|move|p2a: Toxapex|Scald|p1a: Tornadus\n|-damage|p1a: Tornadus|47\/100 tox\n|\n|-damage|p1a: Tornadus|35\/100 tox|[from] psn\n|-damage|p2a: Toxapex|71\/100 brn|[from] brn\n|upkeep\n|turn|98\n|\n|switch|p1a: Toxapex|Toxapex, F|100\/100\n|-sideend|p1: CDN4GO|move: Toxic Spikes|[of] p1a: Toxapex\n|switch|p2a: Clefable|Clefable, M|75\/100 brn\n|\n|-heal|p2a: Clefable|81\/100 brn|[from] item: Leftovers\n|-damage|p2a: Clefable|75\/100 brn|[from] brn\n|upkeep\n|turn|99\n|\n|switch|p1a: Heatran|Heatran, M|100\/100\n|move|p2a: Clefable|Heal Bell|p2a: Clefable\n|-activate|p2a: Clefable|move: Heal Bell\n|-curestatus|p2a: Clefable|brn|[msg]\n|-curestatus|p2: Sableye|brn|[msg]\n|-curestatus|p2: Toxapex|brn|[msg]\n|\n|-heal|p2a: Clefable|81\/100|[from] item: Leftovers\n|upkeep\n|turn|100\n|\n|move|p2a: Clefable|Protect|p2a: Clefable\n|-singleturn|p2a: Clefable|Protect\n|move|p1a: Heatran|Lava Plume|p2a: Clefable\n|-activate|p2a: Clefable|move: Protect\n|\n|-heal|p2a: Clefable|87\/100|[from] item: Leftovers\n|upkeep\n|turn|101\n|\n|switch|p2a: Sableye|Sableye-Mega, F|95\/100\n|move|p1a: Heatran|Lava Plume|p2a: Sableye\n|-damage|p2a: Sableye|70\/100\n|\n|upkeep\n|turn|102\n|\n|switch|p1a: Keldeo|Keldeo|95\/100\n|move|p2a: Sableye|Recover|p2a: Sableye\n|-heal|p2a: Sableye|100\/100\n|\n|upkeep\n|turn|103\n|\n|switch|p2a: Toxapex|Toxapex, F|100\/100\n|move|p1a: Keldeo|Calm Mind|p1a: Keldeo\n|-boost|p1a: Keldeo|spa|1\n|-boost|p1a: Keldeo|spd|1\n|\n|upkeep\n|turn|104\n|\n|move|p1a: Keldeo|Scald|p2a: Toxapex\n|-resisted|p2a: Toxapex\n|-damage|p2a: Toxapex|75\/100\n|-status|p2a: Toxapex|brn\n|move|p2a: Toxapex|Toxic Spikes|p1a: Keldeo\n|-sidestart|p1: CDN4GO|move: Toxic Spikes\n|\n|-damage|p2a: Toxapex|69\/100 brn|[from] brn\n|upkeep\n|turn|105\n|\n|switch|p1a: Toxapex|Toxapex, F|100\/100\n|-sideend|p1: CDN4GO|move: Toxic Spikes|[of] p1a: Toxapex\n|move|p2a: Toxapex|Haze|p2a: Toxapex\n|-clearallboost\n|\n|-damage|p2a: Toxapex|64\/100 brn|[from] brn\n|upkeep\n|turn|106\n|\n|switch|p1a: Zygarde|Zygarde|84\/100\n|-ability|p1a: Zygarde|Aura Break\n|move|p2a: Toxapex|Scald|p1a: Zygarde\n|-damage|p1a: Zygarde|69\/100\n|\n|-damage|p2a: Toxapex|58\/100 brn|[from] brn\n|upkeep\n|turn|107\n|\n|switch|p2a: Clefable|Clefable, M|87\/100\n|move|p1a: Zygarde|Thousand Arrows|p2a: Clefable\n|-damage|p2a: Clefable|38\/100\n|\n|-heal|p2a: Clefable|45\/100|[from] item: Leftovers\n|upkeep\n|turn|108\n|\n|move|p2a: Clefable|Protect|p2a: Clefable\n|-singleturn|p2a: Clefable|Protect\n|move|p1a: Zygarde|Thousand Arrows|p2a: Clefable\n|-activate|p2a: Clefable|move: Protect\n|\n|-heal|p2a: Clefable|51\/100|[from] item: Leftovers\n|upkeep\n|turn|109\n|\n|move|p1a: Zygarde|Thousand Arrows|p2a: Clefable\n|-damage|p2a: Clefable|0 fnt\n|faint|p2a: Clefable\n|\n|upkeep\n|inactive|Battle timer is ON: inactive players will automatically lose when time's up. (requested by CDN4GO)\n|inactive|Q114 has 135 seconds left.\n|inactive|Q114 has 120 seconds left.\n|inactive|Q114 has 105 seconds left.\n|inactive|Q114 has 90 seconds left.\n|inactive|Q114 has 75 seconds left.\n|inactive|Q114 has 60 seconds left.\n|inactive|Q114 has 45 seconds left.\n|inactive|Q114 has 30 seconds left.\n|inactive|Q114 has 20 seconds left.\n|inactive|Q114 has 15 seconds left.\n|inactive|Q114 has 10 seconds left.\n|inactive|Q114 has 5 seconds left.\n|-message|Q114 lost due to inactivity.\n|\n|win|CDN4GO\n|raw|CDN4GO's rating: 1755 &rarr; <strong>1781<\/strong><br \/>(+26 for winning)\n|raw|Q114's rating: 1853 &rarr; <strong>1828<\/strong><br \/>(-25 for losing)\n","inputlog":null,"uploadtime":1520530085,"views":51,"p1id":"cdn4go","p2id":"q114","formatid":"gen7ou","rating":1781,"private":0,"password":null}