{"id":"gen7ou-1132702662","p1":"Moskito Cup","p2":"Demolosse .fr","format":"gen7ou","log":"|j|\u2606Moskito Cup\n|j|\u2606Demolosse .fr\n|player|p1|Moskito Cup|1|1888\n|player|p2|Demolosse .fr|hilbert-dueldisk|1728\n|teamsize|p1|6\n|teamsize|p2|6\n|gametype|singles\n|gen|7\n|tier|[Gen 7] OU\n|rated|\n|clearpoke\n|poke|p1|Venusaur, M|item\n|poke|p1|Keldeo-Resolute|item\n|poke|p1|Skarmory, M|item\n|poke|p1|Chansey, F|item\n|poke|p1|Heatran, F|item\n|poke|p1|Bisharp, F|item\n|poke|p2|Diggersby, F|item\n|poke|p2|Zapdos|item\n|poke|p2|Serperior, F|item\n|poke|p2|Chansey, F|item\n|poke|p2|Greninja, F|item\n|poke|p2|Latios, M|item\n|rule|Sleep Clause Mod: Limit one foe put to sleep\n|rule|Species Clause: Limit one of each Pok\u00e9mon\n|rule|OHKO Clause: OHKO moves are banned\n|rule|Moody Clause: Moody is banned\n|rule|Evasion Moves Clause: Evasion moves are banned\n|rule|Endless Battle Clause: Forcing endless battles is banned\n|rule|HP Percentage Mod: HP is shown in percentages\n|teampreview\n|c|\u2606Demolosse .fr|-_-\n|\n|start\n|switch|p1a: Heatran|Heatran, F|100\/100\n|switch|p2a: Diggersby|Diggersby, F|100\/100\n|turn|1\n|\n|switch|p1a: Skarmory|Skarmory, M|100\/100\n|move|p2a: Diggersby|Fire Punch|p1a: Skarmory\n|-supereffective|p1a: Skarmory\n|-damage|p1a: Skarmory|40\/100\n|-damage|p2a: Diggersby|84\/100|[from] item: Rocky Helmet|[of] p1a: Skarmory\n|\n|upkeep\n|turn|2\n|\n|switch|p2a: Latios|Latios, M|100\/100\n|switch|p1a: Heatran|Heatran, F|100\/100\n|\n|upkeep\n|turn|3\n|\n|switch|p2a: Diggersby|Diggersby, F|84\/100\n|switch|p1a: Chansey|Chansey, F|100\/100\n|\n|upkeep\n|turn|4\n|raw|<div class=\"broadcast-red\"><strong>Moderated join is set to sync with modchat!<\/strong><br \/>Only users who can speak in modchat can join.<\/div>\n|c|\u2606Moskito Cup|\/log Moskito Cup set modjoin to sync with modchat.\n|raw|<div class=\"broadcast-red\"><strong>Moderated chat was set to +!<\/strong><br \/>Only users of rank + and higher can talk.<\/div>\n|c|\u2606Moskito Cup|\/log Moskito Cup made this room hidden.\n|\n|move|p2a: Diggersby|Return|p1a: Chansey\n|-crit|p1a: Chansey\n|-damage|p1a: Chansey|0 fnt\n|faint|p1a: Chansey\n|\n|upkeep\n|c|\u2606Demolosse .fr|:p\n|\n|switch|p1a: Heatran|Heatran, F|100\/100\n|turn|5\n|c|\u2606Demolosse .fr|English loser\n|\n|switch|p2a: Latios|Latios, M|100\/100\n|move|p1a: Heatran|Toxic|p2a: Latios\n|-status|p2a: Latios|tox\n|\n|-damage|p2a: Latios|95\/100 tox|[from] psn\n|upkeep\n|turn|6\n|\n|switch|p1a: Venusaur|Venusaur, M|100\/100\n|detailschange|p2a: Latios|Latios-Mega, M\n|-mega|p2a: Latios|Latios|Latiosite\n|move|p2a: Latios|Ice Beam|p1a: Venusaur\n|-supereffective|p1a: Venusaur\n|-damage|p1a: Venusaur|37\/100\n|\n|-damage|p2a: Latios|83\/100 tox|[from] psn\n|upkeep\n|turn|7\n|\n|switch|p1a: Bisharp|Bisharp, F|100\/100\n|move|p2a: Latios|Psychic|p1a: Bisharp\n|-immune|p1a: Bisharp\n|\n|-damage|p2a: Latios|65\/100 tox|[from] psn\n|upkeep\n|turn|8\n|\n|move|p2a: Latios|Earthquake|p1a: Bisharp\n|-supereffective|p1a: Bisharp\n|-damage|p1a: Bisharp|48\/100\n|move|p1a: Bisharp|Knock Off|p2a: Latios\n|-supereffective|p2a: Latios\n|-damage|p2a: Latios|0 fnt\n|faint|p2a: Latios\n|\n|-heal|p1a: Bisharp|54\/100|[from] item: Leftovers\n|upkeep\n|\n|switch|p2a: Zapdos|Zapdos|100\/100\n|turn|9\n|\n|switch|p1a: Heatran|Heatran, F|100\/100\n|move|p2a: Zapdos|Discharge|p1a: Heatran\n|-damage|p1a: Heatran|70\/100\n|\n|-heal|p1a: Heatran|76\/100|[from] item: Leftovers\n|upkeep\n|turn|10\n|\n|move|p1a: Heatran|Toxic|p2a: Zapdos\n|-status|p2a: Zapdos|tox\n|move|p2a: Zapdos|Discharge|p1a: Heatran\n|-damage|p1a: Heatran|46\/100\n|\n|-heal|p1a: Heatran|52\/100|[from] item: Leftovers\n|-damage|p2a: Zapdos|94\/100 tox|[from] psn\n|upkeep\n|turn|11\n|\n|move|p1a: Heatran|Stealth Rock|p2a: Zapdos\n|-sidestart|p2: Demolosse .fr|move: Stealth Rock\n|move|p2a: Zapdos|Discharge|p1a: Heatran\n|-damage|p1a: Heatran|22\/100\n|\n|-heal|p1a: Heatran|28\/100|[from] item: Leftovers\n|-heal|p2a: Zapdos|100\/100 tox|[from] item: Leftovers\n|-damage|p2a: Zapdos|88\/100 tox|[from] psn\n|upkeep\n|turn|12\n|inactive|Battle timer is ON: inactive players will automatically lose when time's up. (requested by Moskito Cup)\n|\n|move|p1a: Heatran|Lava Plume|p2a: Zapdos\n|-damage|p2a: Zapdos|56\/100 tox\n|move|p2a: Zapdos|Heat Wave|p1a: Heatran\n|-start|p1a: Heatran|ability: Flash Fire\n|\n|-heal|p1a: Heatran|34\/100|[from] item: Leftovers\n|-heal|p2a: Zapdos|62\/100 tox|[from] item: Leftovers\n|-damage|p2a: Zapdos|44\/100 tox|[from] psn\n|upkeep\n|turn|13\n|\n|switch|p2a: Chansey|Chansey, F|100\/100\n|-damage|p2a: Chansey|88\/100|[from] Stealth Rock\n|move|p1a: Heatran|Lava Plume|p2a: Chansey\n|-damage|p2a: Chansey|73\/100\n|\n|-heal|p1a: Heatran|40\/100|[from] item: Leftovers\n|upkeep\n|turn|14\n|\n|move|p1a: Heatran|Taunt|p2a: Chansey\n|-start|p2a: Chansey|move: Taunt\n|cant|p2a: Chansey|move: Taunt|Stealth Rock\n|\n|-heal|p1a: Heatran|47\/100|[from] item: Leftovers\n|upkeep\n|turn|15\n|\n|-end|p1a: Heatran|ability: Flash Fire|[silent]\n|switch|p1a: Skarmory|Skarmory, M|40\/100\n|move|p2a: Chansey|Seismic Toss|p1a: Skarmory\n|-damage|p1a: Skarmory|10\/100\n|-damage|p2a: Chansey|57\/100|[from] item: Rocky Helmet|[of] p1a: Skarmory\n|\n|upkeep\n|turn|16\n|\n|switch|p2a: Diggersby|Diggersby, F|84\/100\n|-damage|p2a: Diggersby|78\/100|[from] Stealth Rock\n|move|p1a: Skarmory|Roost|p1a: Skarmory\n|-heal|p1a: Skarmory|61\/100\n|-singleturn|p1a: Skarmory|move: Roost\n|\n|upkeep\n|turn|17\n|\n|move|p2a: Diggersby|Return|p1a: Skarmory\n|-resisted|p1a: Skarmory\n|-damage|p1a: Skarmory|28\/100\n|-damage|p2a: Diggersby|62\/100|[from] item: Rocky Helmet|[of] p1a: Skarmory\n|move|p1a: Skarmory|Spikes|p2a: Diggersby\n|-sidestart|p2: Demolosse .fr|Spikes\n|\n|upkeep\n|turn|18\n|\n|move|p2a: Diggersby|Return|p1a: Skarmory\n|-resisted|p1a: Skarmory\n|-damage|p1a: Skarmory|0 fnt\n|-damage|p2a: Diggersby|45\/100|[from] item: Rocky Helmet|[of] p1a: Skarmory\n|faint|p1a: Skarmory\n|\n|upkeep\n|\n|switch|p1a: Keldeo|Keldeo-Resolute|100\/100\n|turn|19\n|\n|switch|p2a: Serperior|Serperior, F|100\/100\n|-damage|p2a: Serperior|88\/100|[from] Spikes\n|-damage|p2a: Serperior|76\/100|[from] Stealth Rock\n|move|p1a: Keldeo|Substitute|p1a: Keldeo\n|-start|p1a: Keldeo|Substitute\n|-damage|p1a: Keldeo|75\/100\n|\n|-heal|p1a: Keldeo|82\/100|[from] item: Leftovers\n|upkeep\n|turn|20\n|\n|move|p2a: Serperior|Leaf Storm|p1a: Keldeo\n|-supereffective|p1a: Keldeo\n|-end|p1a: Keldeo|Substitute\n|-boost|p2a: Serperior|spa|2\n|move|p1a: Keldeo|Secret Sword|p2a: Serperior\n|-damage|p2a: Serperior|17\/100\n|\n|-heal|p1a: Keldeo|88\/100|[from] item: Leftovers\n|upkeep\n|turn|21\n|\n|switch|p1a: Heatran|Heatran, F|47\/100\n|move|p2a: Serperior|Leaf Storm|p1a: Heatran\n|-resisted|p1a: Heatran\n|-damage|p1a: Heatran|28\/100\n|-boost|p2a: Serperior|spa|2\n|\n|-heal|p1a: Heatran|34\/100|[from] item: Leftovers\n|upkeep\n|turn|22\n|\n|move|p2a: Serperior|Leaf Storm|p1a: Heatran\n|-resisted|p1a: Heatran\n|-damage|p1a: Heatran|6\/100\n|-boost|p2a: Serperior|spa|2\n|move|p1a: Heatran|Lava Plume|p2a: Serperior\n|-supereffective|p2a: Serperior\n|-damage|p2a: Serperior|0 fnt\n|faint|p2a: Serperior\n|\n|-heal|p1a: Heatran|12\/100|[from] item: Leftovers\n|upkeep\n|c|\u2606Moskito Cup|hahaha\n|c|\u2606Moskito Cup|pathetic loser\n|inactive|Demolosse .fr has 120 seconds left.\n|\n|switch|p2a: Greninja|Greninja, F|100\/100\n|-damage|p2a: Greninja|88\/100|[from] Spikes\n|-damage|p2a: Greninja|76\/100|[from] Stealth Rock\n|turn|23\n|\n|switch|p1a: Keldeo|Keldeo-Resolute|88\/100\n|move|p2a: Greninja|Dig||[still]\n|-prepare|p2a: Greninja|Dig|p1a: Keldeo\n|\n|-heal|p1a: Keldeo|94\/100|[from] item: Leftovers\n|upkeep\n|turn|24\n|\n|move|p2a: Greninja|Dig|p1a: Keldeo|[from]lockedmove\n|-start|p2a: Greninja|typechange|Ground|[from] ability: Protean\n|-damage|p1a: Keldeo|56\/100\n|move|p1a: Keldeo|Scald|p2a: Greninja\n|-supereffective|p2a: Greninja\n|-damage|p2a: Greninja|0 fnt\n|faint|p2a: Greninja\n|\n|-heal|p1a: Keldeo|62\/100|[from] item: Leftovers\n|upkeep\n|-message|Demolosse .fr forfeited.\n|\n|win|Moskito Cup\n|l|\u2606Demolosse .fr\n|c|\u2606Moskito Cup|\/log Moskito Cup made this room public.\n||Ladder (probably) updated, but score could not be retrieved (Request timeout).\n","uploadtime":1592169156,"views":110,"p1id":"moskitocup","p2id":"demolossefr","formatid":"gen7ou","rating":0,"private":0,"password":null}