{"id":"gen7ou-1173248393","p1":"P1Z1","p2":"Hajmola","format":"gen7ou","log":"|j|\u2606P1Z1\n|j|\u2606Hajmola\n|t:|1598084360\n|player|p1|P1Z1|unknown|1227\n|player|p2|Hajmola|pokefan|1327\n|teamsize|p1|6\n|teamsize|p2|6\n|gametype|singles\n|gen|7\n|tier|[Gen 7] OU\n|rated|\n|clearpoke\n|poke|p1|Ferrothorn, M|item\n|poke|p1|Celesteela|item\n|poke|p1|Breloom, F|item\n|poke|p1|Pinsir, M|item\n|poke|p1|Kyurem-Black|item\n|poke|p1|Tornadus-Therian, M|item\n|poke|p2|Kyurem-Black|item\n|poke|p2|Charizard, M|item\n|poke|p2|Cloyster, F|item\n|poke|p2|Zeraora|item\n|poke|p2|Ferrothorn, F|item\n|poke|p2|Landorus-Therian, M|item\n|rule|Sleep Clause Mod: Limit one foe put to sleep\n|rule|Species Clause: Limit one of each Pok\u00e9mon\n|rule|OHKO Clause: OHKO moves are banned\n|rule|Moody Clause: Moody is banned\n|rule|Evasion Moves Clause: Evasion moves are banned\n|rule|Endless Battle Clause: Forcing endless battles is banned\n|rule|HP Percentage Mod: HP is shown in percentages\n|teampreview\n|inactive|Battle timer is ON: inactive players will automatically lose when time's up. (requested by Hajmola)\n|\n|t:|1598084366\n|start\n|switch|p1a: Ferrothorn|Ferrothorn, M|100\/100\n|switch|p2a: Charizard|Charizard, M|100\/100\n|turn|1\n|\n|t:|1598084373\n|detailschange|p2a: Charizard|Charizard-Mega-X, M\n|-mega|p2a: Charizard|Charizard|Charizardite X\n|move|p2a: Charizard|Dragon Dance|p2a: Charizard\n|-boost|p2a: Charizard|atk|1\n|-boost|p2a: Charizard|spe|1\n|move|p1a: Ferrothorn|Stealth Rock|p2a: Charizard\n|-sidestart|p2: Hajmola|move: Stealth Rock\n|\n|upkeep\n|turn|2\n|\n|t:|1598084382\n|move|p2a: Charizard|Fire Punch|p1a: Ferrothorn\n|-supereffective|p1a: Ferrothorn\n|-enditem|p1a: Ferrothorn|Focus Sash\n|-damage|p1a: Ferrothorn|1\/100\n|-damage|p2a: Charizard|88\/100|[from] ability: Iron Barbs|[of] p1a: Ferrothorn\n|move|p1a: Ferrothorn|Toxic|p2a: Charizard\n|-status|p2a: Charizard|tox\n|\n|-damage|p2a: Charizard|82\/100 tox|[from] psn\n|upkeep\n|turn|3\n|\n|t:|1598084396\n|move|p2a: Charizard|Fire Punch|p1a: Ferrothorn\n|-supereffective|p1a: Ferrothorn\n|-damage|p1a: Ferrothorn|0 fnt\n|-damage|p2a: Charizard|70\/100 tox|[from] ability: Iron Barbs|[of] p1a: Ferrothorn\n|faint|p1a: Ferrothorn\n|\n|-damage|p2a: Charizard|57\/100 tox|[from] psn\n|upkeep\n|\n|t:|1598084400\n|switch|p1a: Pinsir|Pinsir, M|100\/100\n|turn|4\n|\n|t:|1598084407\n|move|p1a: Pinsir|Protect|p1a: Pinsir\n|-singleturn|p1a: Pinsir|Protect\n|move|p2a: Charizard|Fire Punch|p1a: Pinsir\n|-activate|p1a: Pinsir|move: Protect\n|\n|-damage|p2a: Charizard|39\/100 tox|[from] psn\n|upkeep\n|turn|5\n|\n|t:|1598084416\n|move|p1a: Pinsir|Quick Attack|p2a: Charizard\n|-damage|p2a: Charizard|25\/100 tox\n|move|p2a: Charizard|Fire Punch|p1a: Pinsir\n|-supereffective|p1a: Pinsir\n|-damage|p1a: Pinsir|0 fnt\n|faint|p1a: Pinsir\n|\n|-damage|p2a: Charizard|1\/100 tox|[from] psn\n|upkeep\n|\n|t:|1598084426\n|switch|p1a: Celesteela|Celesteela|100\/100\n|turn|6\n|\n|t:|1598084431\n|move|p1a: Celesteela|Protect|p1a: Celesteela\n|-singleturn|p1a: Celesteela|Protect\n|move|p2a: Charizard|Fire Punch|p1a: Celesteela\n|-activate|p1a: Celesteela|move: Protect\n|\n|-damage|p2a: Charizard|0 fnt|[from] psn\n|faint|p2a: Charizard\n|upkeep\n|\n|t:|1598084440\n|switch|p2a: Landorus|Landorus-Therian, M|100\/100\n|-damage|p2a: Landorus|88\/100|[from] Stealth Rock\n|-ability|p2a: Landorus|Intimidate|boost\n|-unboost|p1a: Celesteela|atk|1\n|turn|7\n|\n|t:|1598084448\n|move|p2a: Landorus|Defog|p1a: Celesteela\n|-unboost|p1a: Celesteela|evasion|1\n|-sideend|p2: Hajmola|Stealth Rock|[from] move: Defog|[of] p2a: Landorus\n|move|p1a: Celesteela|Heavy Slam|p2a: Landorus\n|-damage|p2a: Landorus|55\/100\n|\n|upkeep\n|turn|8\n|\n|t:|1598084456\n|switch|p2a: Ferrothorn|Ferrothorn, F|100\/100\n|move|p1a: Celesteela|Heavy Slam|p2a: Ferrothorn\n|-resisted|p2a: Ferrothorn\n|-damage|p2a: Ferrothorn|92\/100\n|-damage|p1a: Celesteela|88\/100|[from] ability: Iron Barbs|[of] p2a: Ferrothorn\n|\n|-heal|p1a: Celesteela|94\/100|[from] item: Leftovers\n|upkeep\n|turn|9\n|\n|t:|1598084468\n|move|p1a: Celesteela|Flamethrower|p2a: Ferrothorn\n|-supereffective|p2a: Ferrothorn\n|-crit|p2a: Ferrothorn\n|-damage|p2a: Ferrothorn|0 fnt\n|faint|p2a: Ferrothorn\n|-ability|p1a: Celesteela|Beast Boost|boost\n|-boost|p1a: Celesteela|def|1\n|\n|-heal|p1a: Celesteela|99\/100|[from] item: Leftovers\n|upkeep\n|\n|t:|1598084485\n|switch|p2a: Zeraora|Zeraora|100\/100\n|turn|10\n|\n|t:|1598084495\n|move|p2a: Zeraora|Taunt|p1a: Celesteela\n|-start|p1a: Celesteela|move: Taunt\n|cant|p1a: Celesteela|move: Taunt|Leech Seed\n|\n|-heal|p1a: Celesteela|100\/100|[from] item: Leftovers\n|upkeep\n|turn|11\n|\n|t:|1598084507\n|move|p2a: Zeraora|Fire Punch|p1a: Celesteela\n|-supereffective|p1a: Celesteela\n|-damage|p1a: Celesteela|82\/100\n|move|p1a: Celesteela|Heavy Slam|p2a: Zeraora\n|-resisted|p2a: Zeraora\n|-damage|p2a: Zeraora|82\/100\n|\n|-heal|p1a: Celesteela|88\/100|[from] item: Leftovers\n|upkeep\n|turn|12\n|\n|t:|1598084519\n|move|p2a: Zeraora|Fire Punch|p1a: Celesteela\n|-supereffective|p1a: Celesteela\n|-damage|p1a: Celesteela|70\/100\n|move|p1a: Celesteela|Flamethrower|p2a: Zeraora\n|-damage|p2a: Zeraora|51\/100\n|\n|-heal|p1a: Celesteela|76\/100|[from] item: Leftovers\n|-end|p1a: Celesteela|move: Taunt\n|upkeep\n|turn|13\n|\n|t:|1598084529\n|move|p1a: Celesteela|Protect|p1a: Celesteela\n|-singleturn|p1a: Celesteela|Protect\n|move|p2a: Zeraora|Taunt|p1a: Celesteela\n|-activate|p1a: Celesteela|move: Protect\n|\n|-heal|p1a: Celesteela|82\/100|[from] item: Leftovers\n|upkeep\n|turn|14\n|\n|t:|1598084538\n|move|p2a: Zeraora|Taunt|p1a: Celesteela\n|-start|p1a: Celesteela|move: Taunt\n|move|p1a: Celesteela|Flamethrower|p2a: Zeraora\n|-damage|p2a: Zeraora|25\/100\n|\n|-heal|p1a: Celesteela|88\/100|[from] item: Leftovers\n|upkeep\n|turn|15\n|\n|t:|1598084547\n|-zpower|p2a: Zeraora\n|move|p2a: Zeraora|Gigavolt Havoc|p1a: Celesteela|[zeffect]\n|-supereffective|p1a: Celesteela\n|-damage|p1a: Celesteela|1\/100\n|move|p1a: Celesteela|Flamethrower|p2a: Zeraora\n|-damage|p2a: Zeraora|0 fnt\n|faint|p2a: Zeraora\n|-ability|p1a: Celesteela|Beast Boost|boost\n|-boost|p1a: Celesteela|def|1\n|\n|-heal|p1a: Celesteela|7\/100|[from] item: Leftovers\n|upkeep\n|\n|t:|1598084562\n|switch|p2a: Cloyster|Cloyster, F, shiny|100\/100\n|turn|16\n|\n|t:|1598084582\n|move|p2a: Cloyster|Shell Smash|p2a: Cloyster\n|-unboost|p2a: Cloyster|def|1\n|-unboost|p2a: Cloyster|spd|1\n|-boost|p2a: Cloyster|atk|2\n|-boost|p2a: Cloyster|spa|2\n|-boost|p2a: Cloyster|spe|2\n|move|p1a: Celesteela|Heavy Slam|p2a: Cloyster\n|-damage|p2a: Cloyster|65\/100\n|\n|-heal|p1a: Celesteela|13\/100|[from] item: Leftovers\n|-end|p1a: Celesteela|move: Taunt\n|upkeep\n|turn|17\n|c|\u2606Hajmola|Celesteela was a good tank dude\n|\n|t:|1598084598\n|move|p2a: Cloyster|Icicle Spear|p1a: Celesteela\n|-damage|p1a: Celesteela|6\/100\n|-crit|p1a: Celesteela\n|-damage|p1a: Celesteela|0 fnt\n|-hitcount|p1a: Celesteela|2\n|faint|p1a: Celesteela\n|\n|upkeep\n|\n|t:|1598084612\n|switch|p1a: Kyurem|Kyurem-Black|100\/100\n|-ability|p1a: Kyurem|Teravolt\n|turn|18\n|\n|t:|1598084617\n|move|p2a: Cloyster|Rock Blast|p1a: Kyurem|[miss]\n|-miss|p2a: Cloyster|p1a: Kyurem\n|move|p1a: Kyurem|Fusion Bolt|p2a: Cloyster\n|-supereffective|p2a: Cloyster\n|-damage|p2a: Cloyster|0 fnt\n|faint|p2a: Cloyster\n|\n|upkeep\n|\n|t:|1598084625\n|switch|p2a: Kyurem|Kyurem-Black, shiny|100\/100\n|-ability|p2a: Kyurem|Teravolt\n|turn|19\n|\n|t:|1598084640\n|move|p2a: Kyurem|Earth Power|p1a: Kyurem\n|-damage|p1a: Kyurem|72\/100\n|move|p1a: Kyurem|Earth Power|p2a: Kyurem\n|-damage|p2a: Kyurem|77\/100\n|\n|upkeep\n|turn|20\n|\n|t:|1598084648\n|move|p2a: Kyurem|Earth Power|p1a: Kyurem\n|-damage|p1a: Kyurem|42\/100\n|move|p1a: Kyurem|Freeze Shock||[still]\n|-prepare|p1a: Kyurem|Freeze Shock\n|\n|upkeep\n|turn|21\n|\n|t:|1598084654\n|move|p2a: Kyurem|Earth Power|p1a: Kyurem\n|-damage|p1a: Kyurem|10\/100\n|move|p1a: Kyurem|Freeze Shock|p2a: Kyurem|[from]lockedmove\n|-damage|p2a: Kyurem|0 fnt\n|faint|p2a: Kyurem\n|\n|upkeep\n|\n|t:|1598084662\n|switch|p2a: Landorus|Landorus-Therian, M|55\/100\n|-ability|p2a: Landorus|Intimidate|boost\n|-unboost|p1a: Kyurem|atk|1\n|turn|22\n|\n|t:|1598084670\n|move|p1a: Kyurem|Ice Beam|p2a: Landorus\n|-supereffective|p2a: Landorus\n|-damage|p2a: Landorus|0 fnt\n|faint|p2a: Landorus\n|\n|win|P1Z1\n","uploadtime":1598084673,"views":4,"p1id":"p1z1","p2id":"hajmola","formatid":"gen7ou","rating":0,"private":0,"password":null}