{"id":"gen7ou-770772786","p1":"Worstsetsever","p2":"GekkisaiDaiNi","format":"gen7ou","log":"|j|\u2606Worstsetsever\n|j|\u2606GekkisaiDaiNi\n|player|p1|Worstsetsever|101\n|player|p2|GekkisaiDaiNi|269\n|teamsize|p1|6\n|teamsize|p2|6\n|gametype|singles\n|gen|7\n|tier|[Gen 7] OU\n|rated|\n|rule|Sleep Clause Mod: Limit one foe put to sleep\n|rule|Species Clause: Limit one of each Pok\u00e9mon\n|rule|OHKO Clause: OHKO moves are banned\n|rule|Moody Clause: Moody is banned\n|rule|Evasion Moves Clause: Evasion moves are banned\n|rule|Endless Battle Clause: Forcing endless battles is banned\n|rule|HP Percentage Mod: HP is shown in percentages\n|clearpoke\n|poke|p1|Venusaur, M|item\n|poke|p1|Tapu Fini|item\n|poke|p1|Zygarde|item\n|poke|p1|Landorus-Therian, M|item\n|poke|p1|Magearna|item\n|poke|p1|Heatran, F|item\n|poke|p2|Xurkitree|item\n|poke|p2|Araquanid, F|item\n|poke|p2|Landorus-Therian, M|item\n|poke|p2|Bisharp, F|item\n|poke|p2|Heracross, F|item\n|poke|p2|Mimikyu, F|item\n|teampreview\n|inactive|Battle timer is ON: inactive players will automatically lose when time's up. (requested by Worstsetsever)\n|inactive|GekkisaiDaiNi has 135 seconds left.\n|inactive|Worstsetsever has 135 seconds left.\n|\n|start\n|switch|p1a: Ariel|Tapu Fini|100\/100\n|switch|p2a: Araquanid|Araquanid, F|100\/100\n|-fieldstart|move: Misty Terrain|[from] ability: Misty Surge|[of] p1a: Ariel\n|turn|1\n|\n|move|p1a: Ariel|Taunt|p2a: Araquanid\n|-start|p2a: Araquanid|move: Taunt\n|cant|p2a: Araquanid|move: Taunt|Sticky Web\n|\n|upkeep\n|turn|2\n|\n|switch|p1a: Big Green|Venusaur, M|100\/100\n|switch|p2a: Xurkitree|Xurkitree|100\/100\n|\n|upkeep\n|turn|3\n|\n|switch|p2a: Landorus|Landorus-Therian, M|100\/100\n|-ability|p2a: Landorus|Intimidate|boost\n|-unboost|p1a: Big Green|atk|1\n|detailschange|p1a: Big Green|Venusaur-Mega, M\n|-mega|p1a: Big Green|Venusaur|Venusaurite\n|move|p1a: Big Green|Sludge Bomb|p2a: Landorus\n|-resisted|p2a: Landorus\n|-damage|p2a: Landorus|79\/100\n|\n|upkeep\n|turn|4\n|\n|switch|p1a: Ariel|Tapu Fini|100\/100\n|move|p2a: Landorus|Earthquake|p1a: Ariel\n|-damage|p1a: Ariel|63\/100\n|\n|-heal|p1a: Ariel|70\/100|[from] item: Leftovers\n|upkeep\n|turn|5\n|\n|move|p2a: Landorus|Explosion|p1a: Ariel\n|-damage|p1a: Ariel|11\/100\n|faint|p2a: Landorus\n|move|p1a: Ariel|Scald|p2: Landorus|[notarget]\n|-notarget\n|\n|-heal|p1a: Ariel|17\/100|[from] item: Leftovers\n|-fieldend|Misty Terrain\n|upkeep\n|\n|switch|p2a: Mimikyu|Mimikyu, F|100\/100\n|turn|6\n|\n|move|p2a: Mimikyu|Shadow Claw|p1a: Ariel\n|-damage|p1a: Ariel|0 fnt\n|faint|p1a: Ariel\n|\n|upkeep\n|\n|switch|p1a: Big Green|Venusaur-Mega, M|100\/100\n|turn|7\n|\n|move|p2a: Mimikyu|Swords Dance|p2a: Mimikyu\n|-boost|p2a: Mimikyu|atk|2\n|move|p1a: Big Green|Sludge Bomb|p2a: Mimikyu\n|-activate|p2a: Mimikyu|ability: Disguise\n|-damage|p2a: Mimikyu|100\/100\n|detailschange|p2a: Mimikyu|Mimikyu-Busted, F\n|\n|upkeep\n|turn|8\n|\n|switch|p1a: Oven|Heatran, F|100\/100\n|-zpower|p2a: Mimikyu\n|move|p2a: Mimikyu|Never-Ending Nightmare|p1a: Oven|[zeffect]\n|-damage|p1a: Oven|3\/100\n|\n|-heal|p1a: Oven|9\/100|[from] item: Leftovers\n|upkeep\n|turn|9\n|\n|move|p2a: Mimikyu|Shadow Sneak|p1a: Oven\n|-damage|p1a: Oven|0 fnt\n|faint|p1a: Oven\n|\n|upkeep\n|\n|switch|p1a: Big Green|Venusaur-Mega, M|100\/100\n|turn|10\n|\n|move|p2a: Mimikyu|Shadow Claw|p1a: Big Green\n|-crit|p1a: Big Green\n|-damage|p1a: Big Green|27\/100\n|move|p1a: Big Green|Sludge Bomb|p2a: Mimikyu\n|-damage|p2a: Mimikyu|51\/100\n|-status|p2a: Mimikyu|psn\n|\n|-damage|p2a: Mimikyu|39\/100 psn|[from] psn\n|upkeep\n|turn|11\n|\n|switch|p1a: Toph|Landorus-Therian, M|100\/100\n|-ability|p1a: Toph|Intimidate|boost\n|-unboost|p2a: Mimikyu|atk|1\n|move|p2a: Mimikyu|Shadow Claw|p1a: Toph\n|-damage|p1a: Toph|49\/100\n|\n|-damage|p2a: Mimikyu|27\/100 psn|[from] psn\n|upkeep\n|turn|12\n|inactive|Worstsetsever has 135 seconds left.\n|\n|move|p1a: Toph|U-turn|p2a: Mimikyu\n|-resisted|p2a: Mimikyu\n|-damage|p2a: Mimikyu|16\/100 psn\n|\n|switch|p1a: Big Green|Venusaur-Mega, M|27\/100\n|move|p2a: Mimikyu|Shadow Claw|p1a: Big Green\n|-damage|p1a: Big Green|0 fnt\n|faint|p1a: Big Green\n|\n|-damage|p2a: Mimikyu|4\/100 psn|[from] psn\n|upkeep\n|\n|switch|p1a: Toph|Landorus-Therian, M|49\/100\n|-ability|p1a: Toph|Intimidate|boost\n|-unboost|p2a: Mimikyu|atk|1\n|turn|13\n|\n|move|p2a: Mimikyu|Shadow Sneak|p1a: Toph\n|-damage|p1a: Toph|30\/100\n|move|p1a: Toph|U-turn|p2a: Mimikyu\n|-resisted|p2a: Mimikyu\n|-damage|p2a: Mimikyu|0 fnt\n|faint|p2a: Mimikyu\n|\n|switch|p1a: Semiperfect Cell|Zygarde|100\/100\n|-ability|p1a: Semiperfect Cell|Aura Break\n|\n|upkeep\n|\n|switch|p2a: Heracross|Heracross, F|100\/100\n|turn|14\n|\n|detailschange|p2a: Heracross|Heracross-Mega, F\n|-mega|p2a: Heracross|Heracross|Heracronite\n|move|p2a: Heracross|Pin Missile|p1a: Semiperfect Cell\n|-damage|p1a: Semiperfect Cell|87\/100\n|-damage|p1a: Semiperfect Cell|74\/100\n|-damage|p1a: Semiperfect Cell|60\/100\n|-damage|p1a: Semiperfect Cell|46\/100\n|-damage|p1a: Semiperfect Cell|33\/100\n|-hitcount|p1a: Semiperfect Cell|5\n|move|p1a: Semiperfect Cell|Coil|p1a: Semiperfect Cell\n|-boost|p1a: Semiperfect Cell|atk|1\n|-boost|p1a: Semiperfect Cell|def|1\n|-boost|p1a: Semiperfect Cell|accuracy|1\n|\n|-heal|p1a: Semiperfect Cell|40\/100|[from] item: Leftovers\n|upkeep\n|turn|15\n|inactive|Worstsetsever has 135 seconds left.\n|inactive|GekkisaiDaiNi has 135 seconds left.\n|\n|move|p1a: Semiperfect Cell|Extreme Speed|p2a: Heracross\n|-damage|p2a: Heracross|73\/100\n|move|p2a: Heracross|Pin Missile|p1a: Semiperfect Cell\n|-damage|p1a: Semiperfect Cell|30\/100\n|-damage|p1a: Semiperfect Cell|20\/100\n|-damage|p1a: Semiperfect Cell|11\/100\n|-damage|p1a: Semiperfect Cell|3\/100\n|-damage|p1a: Semiperfect Cell|0 fnt\n|-hitcount|p1a: Semiperfect Cell|5\n|faint|p1a: Semiperfect Cell\n|\n|upkeep\n|inactive|Worstsetsever has 135 seconds left.\n|\n|switch|p1a: Maggy|Magearna|100\/100\n|turn|16\n|\n|-zpower|p1a: Maggy\n|move|p1a: Maggy|Gigavolt Havoc|p2a: Heracross|[zeffect]\n|-damage|p2a: Heracross|11\/100\n|move|p2a: Heracross|Close Combat|p1a: Maggy\n|-damage|p1a: Maggy|15\/100\n|-unboost|p2a: Heracross|def|1\n|-unboost|p2a: Heracross|spd|1\n|\n|upkeep\n|turn|17\n|inactive|Worstsetsever has 135 seconds left.\n|\n|move|p1a: Maggy|Thunderbolt|p2a: Heracross\n|-damage|p2a: Heracross|0 fnt\n|faint|p2a: Heracross\n|-ability|p1a: Maggy|Soul-Heart|boost\n|-boost|p1a: Maggy|spa|1\n|\n|upkeep\n|\n|switch|p2a: Xurkitree|Xurkitree|100\/100\n|turn|18\n|\n|switch|p1a: Toph|Landorus-Therian, M|30\/100\n|-ability|p1a: Toph|Intimidate|boost\n|-unboost|p2a: Xurkitree|atk|1\n|move|p2a: Xurkitree|Thunderbolt|p1a: Toph\n|-immune|p1a: Toph|[msg]\n|\n|upkeep\n|turn|19\n|\n|move|p1a: Toph|U-turn|p2a: Xurkitree\n|-damage|p2a: Xurkitree|62\/100\n|\n|switch|p1a: Maggy|Magearna|15\/100\n|move|p2a: Xurkitree|Hidden Power|p1a: Maggy\n|-resisted|p1a: Maggy\n|-crit|p1a: Maggy\n|-damage|p1a: Maggy|0 fnt\n|faint|p1a: Maggy\n|-ability|p2a: Xurkitree|Beast Boost|boost\n|-boost|p2a: Xurkitree|spa|1\n|\n|upkeep\n|-message|Worstsetsever forfeited.\n|\n|win|GekkisaiDaiNi\n|l|\u2606Worstsetsever\n|raw|Worstsetsever's rating: 1699 &rarr; <strong>1678<\/strong><br \/>(-21 for losing)\n|raw|GekkisaiDaiNi's rating: 1684 &rarr; <strong>1705<\/strong><br \/>(+21 for winning)\n","inputlog":null,"uploadtime":1530621537,"views":242,"p1id":"worstsetsever","p2id":"gekkisaidaini","formatid":"gen7ou","rating":1678,"private":0,"password":null}