{"id":"gen7mixandmega-1670767787","p1":"Unviabriel","p2":"Apprenti Buck","format":"gen7mixandmega","log":"|j|\u2606Unviabriel\n|j|\u2606Apprenti Buck\n|inactive|Battle timer is ON: inactive players will automatically lose when time's up.\n|t:|1663866248\n|gametype|singles\n|player|p1|Unviabriel|shauntal|\n|player|p2|Apprenti Buck|ethan|\n|teamsize|p1|6\n|teamsize|p2|6\n|gen|7\n|tier|[Gen 7] Mix and Mega\n|rated|Tournament battle\n|rule|Species Clause: Limit one of each Pok\u00e9mon\n|rule|OHKO Clause: OHKO moves are banned\n|rule|Evasion Moves Clause: Evasion moves are banned\n|rule|Endless Battle Clause: Forcing endless battles is banned\n|rule|Dynamax Clause: You cannot dynamax\n|rule|HP Percentage Mod: HP is shown in percentages\n|rule|Mega Rayquaza Clause: You cannot mega evolve Rayquaza\n|rule|Sleep Clause Mod: Limit one foe put to sleep\n|clearpoke\n|poke|p1|Groudon|item\n|poke|p1|Kyogre|item\n|poke|p1|Zygarde|item\n|poke|p1|Kartana|item\n|poke|p1|Magearna|item\n|poke|p1|Mandibuzz, F|item\n|poke|p2|Blissey, F|item\n|poke|p2|Lunala|item\n|poke|p2|Terrakion|item\n|poke|p2|Zygarde|item\n|poke|p2|Arceus-*|item\n|poke|p2|Magearna|item\n|teampreview\n|inactive|Apprenti Buck also wants the timer to be on.\n|j| ItsChew\n|l| ItsChew\n|\n|t:|1663866278\n|start\n|switch|p1a: Groudon|Groudon|100\/100\n|switch|p2a: Zygarde|Zygarde|100\/100\n|-ability|p2a: Zygarde|Aura Break\n|detailschange|p1a: Groudon|Groudon-Primal\n|-primal|p1a: Groudon\n|-weather|DesolateLand|[from] ability: Desolate Land|[of] p1a: Groudon\n|turn|1\n|j| NoTollsNoRolls\n|\n|t:|1663866308\n|move|p2a: Zygarde|Dragon Dance|p2a: Zygarde\n|-boost|p2a: Zygarde|atk|1\n|-boost|p2a: Zygarde|spe|1\n|move|p1a: Groudon|Stealth Rock|p2a: Zygarde\n|-sidestart|p2: Apprenti Buck|move: Stealth Rock\n|\n|-weather|DesolateLand|[upkeep]\n|upkeep\n|turn|2\n|inactive|Unviabriel has 120 seconds left.\n|\n|t:|1663866342\n|move|p2a: Zygarde|Thousand Arrows|p1a: Groudon\n|-supereffective|p1a: Groudon\n|-damage|p1a: Groudon|28\/100\n|move|p1a: Groudon|Precipice Blades|p2a: Zygarde\n|-damage|p2a: Zygarde|51\/100\n|\n|-weather|DesolateLand|[upkeep]\n|upkeep\n|turn|3\n|\n|t:|1663866368\n|move|p2a: Zygarde|Thousand Arrows|p1a: Groudon\n|-supereffective|p1a: Groudon\n|-damage|p1a: Groudon|0 fnt\n|faint|p1a: Groudon\n|-weather|none\n|\n|upkeep\n|\n|t:|1663866375\n|switch|p1a: Kartana|Kartana|100\/100\n|turn|4\n|inactive|Apprenti Buck has 120 seconds left.\n|\n|t:|1663866404\n|detailschange|p1a: Kartana|Kartana\n|-mega|p1a: Kartana|Kartana|Metagrossite\n|-start|p1a: Kartana|Metagrossite|[silent]\n|move|p1a: Kartana|Leaf Blade|p2a: Zygarde\n|-damage|p2a: Zygarde|0 fnt\n|faint|p2a: Zygarde\n|\n|upkeep\n|inactive|Apprenti Buck has 120 seconds left.\n|j| Yoted One\n|\n|t:|1663866411\n|switch|p2a: Magearna|Magearna|100\/100\n|-damage|p2a: Magearna|94\/100|[from] Stealth Rock\n|turn|5\n|inactive|Unviabriel has 90 seconds left.\n|\n|t:|1663866458\n|-start|p1a: Kartana|Metagrossite|[silent]\n|switch|p1a: Mandibuzz|Mandibuzz, F|100\/100\n|detailschange|p2a: Magearna|Magearna\n|-mega|p2a: Magearna|Magearna|Manectite\n|-ability|p2a: Magearna|Intimidate|boost\n|-unboost|p1a: Mandibuzz|atk|1\n|-start|p2a: Magearna|Manectite|[silent]\n|move|p2a: Magearna|Hidden Power|p1a: Mandibuzz\n|-damage|p1a: Mandibuzz|87\/100\n|\n|upkeep\n|turn|6\n|inactive|Apprenti Buck has 120 seconds left.\n|\n|t:|1663866482\n|detailschange|p1a: Mandibuzz|Mandibuzz, F\n|-mega|p1a: Mandibuzz|Mandibuzz|Sablenite\n|-start|p1a: Mandibuzz|Sablenite|[silent]\n|move|p2a: Magearna|Volt Switch|p1a: Mandibuzz\n|-supereffective|p1a: Mandibuzz\n|-damage|p1a: Mandibuzz|67\/100\n|inactive|Apprenti Buck has 90 seconds left.\n|inactive|Apprenti Buck has 60 seconds left.\n|\n|t:|1663866549\n|-start|p2a: Magearna|Manectite|[silent]\n|switch|p2a: Terrakion|Terrakion|100\/100|[from]move: Volt Switch\n|-damage|p2a: Terrakion|94\/100|[from] Stealth Rock\n|move|p1a: Mandibuzz|U-turn|p2a: Terrakion\n|-resisted|p2a: Terrakion\n|-crit|p2a: Terrakion\n|-damage|p2a: Terrakion|83\/100\n|\n|t:|1663866571\n|-start|p1a: Mandibuzz|Sablenite|[silent]\n|switch|p1a: Zygarde|Zygarde|100\/100|[from]move: U-turn\n|-ability|p1a: Zygarde|Aura Break\n|\n|upkeep\n|turn|7\n|\n|t:|1663866579\n|detailschange|p2a: Terrakion|Terrakion\n|-mega|p2a: Terrakion|Terrakion|Diancite\n|-start|p2a: Terrakion|Diancite|[silent]\n|move|p2a: Terrakion|Stealth Rock|p1a: Zygarde\n|-sidestart|p1: Unviabriel|move: Stealth Rock\n|move|p1a: Zygarde|Thousand Arrows|p2a: Terrakion\n|-supereffective|p2a: Terrakion\n|-damage|p2a: Terrakion|0 fnt\n|faint|p2a: Terrakion\n|\n|upkeep\n|\n|t:|1663866587\n|switch|p2a: Arceus|Arceus-Water|100\/100\n|-damage|p2a: Arceus|88\/100|[from] Stealth Rock\n|turn|8\n|inactive|Unviabriel has 60 seconds left.\n|\n|t:|1663866636\n|switch|p1a: Mandibuzz|Mandibuzz, F|67\/100\n|-start|p1a: Mandibuzz|Sablenite|[silent]\n|-damage|p1a: Mandibuzz|42\/100|[from] Stealth Rock\n|move|p2a: Arceus|Ice Beam|p1a: Mandibuzz\n|-supereffective|p1a: Mandibuzz\n|-damage|p1a: Mandibuzz|21\/100\n|\n|upkeep\n|turn|9\n|\n|t:|1663866646\n|move|p2a: Arceus|Ice Beam|p1a: Mandibuzz\n|-supereffective|p1a: Mandibuzz\n|-crit|p1a: Mandibuzz\n|-damage|p1a: Mandibuzz|0 fnt\n|faint|p1a: Mandibuzz\n|\n|upkeep\n|\n|t:|1663866662\n|switch|p1a: Kartana|Kartana|100\/100\n|-start|p1a: Kartana|Metagrossite|[silent]\n|-damage|p1a: Kartana|94\/100|[from] Stealth Rock\n|turn|10\n|\n|t:|1663866668\n|switch|p2a: Magearna|Magearna|94\/100\n|-start|p2a: Magearna|Manectite|[silent]\n|-damage|p2a: Magearna|88\/100|[from] Stealth Rock\n|-ability|p2a: Magearna|Intimidate|boost\n|-unboost|p1a: Kartana|atk|1\n|move|p1a: Kartana|Leaf Blade|p2a: Magearna\n|-resisted|p2a: Magearna\n|-damage|p2a: Magearna|74\/100\n|\n|upkeep\n|turn|11\n|inactive|Unviabriel has 60 seconds left.\n|\n|t:|1663866674\n|-start|p1a: Kartana|Metagrossite|[silent]\n|switch|p1a: Zygarde|Zygarde|100\/100\n|-damage|p1a: Zygarde|94\/100|[from] Stealth Rock\n|-ability|p1a: Zygarde|Aura Break\n|move|p2a: Magearna|Pain Split|p1a: Zygarde\n|-sethp|p1a: Zygarde|81\/100|[from] move: Pain Split|[silent]\n|-sethp|p2a: Magearna|89\/100|[from] move: Pain Split\n|\n|upkeep\n|turn|12\n|inactive|Unviabriel has 60 seconds left.\n|\n|t:|1663866687\n|-start|p2a: Magearna|Manectite|[silent]\n|switch|p2a: Arceus|Arceus-Water|88\/100\n|-damage|p2a: Arceus|76\/100|[from] Stealth Rock\n|move|p1a: Zygarde|Thousand Arrows|p2a: Arceus\n|-damage|p2a: Arceus|55\/100\n|\n|upkeep\n|turn|13\n|inactive|Apprenti Buck has 120 seconds left.\n|\n|t:|1663866696\n|switch|p1a: Kartana|Kartana|94\/100\n|-start|p1a: Kartana|Metagrossite|[silent]\n|-damage|p1a: Kartana|88\/100|[from] Stealth Rock\n|move|p2a: Arceus|Recover|p2a: Arceus\n|-heal|p2a: Arceus|100\/100\n|\n|upkeep\n|turn|14\n|\n|t:|1663866712\n|switch|p2a: Magearna|Magearna|89\/100\n|-start|p2a: Magearna|Manectite|[silent]\n|-damage|p2a: Magearna|83\/100|[from] Stealth Rock\n|-ability|p2a: Magearna|Intimidate|boost\n|-unboost|p1a: Kartana|atk|1\n|move|p1a: Kartana|Leaf Blade|p2a: Magearna\n|-resisted|p2a: Magearna\n|-damage|p2a: Magearna|68\/100\n|\n|upkeep\n|turn|15\n|inactive|Unviabriel has 60 seconds left.\n|inactive|Apprenti Buck has 120 seconds left.\n|\n|t:|1663866739\n|-start|p1a: Kartana|Metagrossite|[silent]\n|switch|p1a: Kyogre|Kyogre|100\/100\n|-damage|p1a: Kyogre|88\/100|[from] Stealth Rock\n|detailschange|p1a: Kyogre|Kyogre-Primal\n|-primal|p1a: Kyogre\n|-weather|PrimordialSea|[from] ability: Primordial Sea|[of] p1a: Kyogre\n|move|p2a: Magearna|Pain Split|p1a: Kyogre\n|-sethp|p1a: Kyogre|80\/100|[from] move: Pain Split|[silent]\n|-sethp|p2a: Magearna|75\/100|[from] move: Pain Split\n|\n|-weather|PrimordialSea|[upkeep]\n|upkeep\n|turn|16\n|\n|t:|1663866746\n|-start|p2a: Magearna|Manectite|[silent]\n|switch|p2a: Blissey|Blissey, F|100\/100\n|-damage|p2a: Blissey|88\/100|[from] Stealth Rock\n|move|p1a: Kyogre|Calm Mind|p1a: Kyogre\n|-boost|p1a: Kyogre|spa|1\n|-boost|p1a: Kyogre|spd|1\n|\n|-weather|PrimordialSea|[upkeep]\n|upkeep\n|turn|17\n|inactive|Unviabriel has 60 seconds left.\n|\n|t:|1663866752\n|detailschange|p2a: Blissey|Blissey, F\n|-mega|p2a: Blissey|Blissey|Sablenite\n|-start|p2a: Blissey|Sablenite|[silent]\n|move|p1a: Kyogre|Water Spout|p2a: Blissey\n|-damage|p2a: Blissey|36\/100\n|move|p2a: Blissey|Toxic|p1a: Kyogre\n|-status|p1a: Kyogre|tox\n|\n|-weather|PrimordialSea|[upkeep]\n|-damage|p1a: Kyogre|74\/100 tox|[from] psn\n|upkeep\n|turn|18\n|inactive|Unviabriel has 60 seconds left.\n|\n|t:|1663866767\n|move|p1a: Kyogre|Water Spout|p2a: Blissey\n|-damage|p2a: Blissey|0 fnt\n|faint|p2a: Blissey\n|\n|-weather|PrimordialSea|[upkeep]\n|-damage|p1a: Kyogre|61\/100 tox|[from] psn\n|upkeep\n|\n|t:|1663866774\n|switch|p2a: Lunala|Lunala|100\/100\n|-damage|p2a: Lunala|88\/100|[from] Stealth Rock\n|turn|19\n|\n|t:|1663866779\n|move|p2a: Lunala|Roost|p2a: Lunala\n|-heal|p2a: Lunala|100\/100\n|-singleturn|p2a: Lunala|move: Roost\n|move|p1a: Kyogre|Origin Pulse|p2a: Lunala\n|-damage|p2a: Lunala|27\/100\n|\n|-weather|PrimordialSea|[upkeep]\n|-damage|p1a: Kyogre|43\/100 tox|[from] psn\n|upkeep\n|turn|20\n|j|\u2606mudkipbowl\n|j| uwueweawa\n|\n|t:|1663866796\n|-zpower|p2a: Lunala\n|move|p2a: Lunala|Menacing Moonraze Maelstrom|p1a: Kyogre|[zeffect]\n|-damage|p1a: Kyogre|0 fnt\n|faint|p1a: Kyogre\n|-weather|none\n|\n|upkeep\n|j|%Clastia\n|inactive|Unviabriel has 60 seconds left.\n|\n|t:|1663866806\n|switch|p1a: Kartana|Kartana|88\/100\n|-start|p1a: Kartana|Metagrossite|[silent]\n|-damage|p1a: Kartana|82\/100|[from] Stealth Rock\n|turn|21\n|\n|t:|1663866812\n|switch|p2a: Magearna|Magearna|75\/100\n|-start|p2a: Magearna|Manectite|[silent]\n|-damage|p2a: Magearna|69\/100|[from] Stealth Rock\n|-ability|p2a: Magearna|Intimidate|boost\n|-unboost|p1a: Kartana|atk|1\n|move|p1a: Kartana|Smart Strike|p2a: Magearna\n|-damage|p2a: Magearna|45\/100\n|\n|upkeep\n|turn|22\n|\n|t:|1663866828\n|-start|p1a: Kartana|Metagrossite|[silent]\n|switch|p1a: Zygarde|Zygarde|81\/100\n|-damage|p1a: Zygarde|75\/100|[from] Stealth Rock\n|-ability|p1a: Zygarde|Aura Break\n|move|p2a: Magearna|Pain Split|p1a: Zygarde\n|-sethp|p1a: Zygarde|58\/100|[from] move: Pain Split|[silent]\n|-sethp|p2a: Magearna|63\/100|[from] move: Pain Split\n|\n|upkeep\n|turn|23\n|j| ItsChew\n|j|+KaenSoul\n|\n|t:|1663866837\n|-start|p2a: Magearna|Manectite|[silent]\n|switch|p2a: Arceus|Arceus-Water|100\/100\n|-damage|p2a: Arceus|88\/100|[from] Stealth Rock\n|move|p1a: Zygarde|Thousand Arrows|p2a: Arceus\n|-damage|p2a: Arceus|66\/100\n|\n|upkeep\n|turn|24\n|\n|t:|1663866845\n|switch|p1a: Kartana|Kartana|82\/100\n|-start|p1a: Kartana|Metagrossite|[silent]\n|-damage|p1a: Kartana|76\/100|[from] Stealth Rock\n|move|p2a: Arceus|Ice Beam|p1a: Kartana\n|-damage|p1a: Kartana|19\/100\n|\n|upkeep\n|turn|25\n|\n|t:|1663866850\n|switch|p2a: Magearna|Magearna|63\/100\n|-start|p2a: Magearna|Manectite|[silent]\n|-damage|p2a: Magearna|57\/100|[from] Stealth Rock\n|-ability|p2a: Magearna|Intimidate|boost\n|-unboost|p1a: Kartana|atk|1\n|move|p1a: Kartana|Leaf Blade|p2a: Magearna\n|-resisted|p2a: Magearna\n|-crit|p2a: Magearna\n|-damage|p2a: Magearna|23\/100\n|\n|upkeep\n|turn|26\n|inactive|Unviabriel has 90 seconds left.\n|\n|t:|1663866861\n|move|p1a: Kartana|Smart Strike|p2a: Magearna\n|-damage|p2a: Magearna|0 fnt\n|faint|p2a: Magearna\n|\n|upkeep\n|c|\u2606Apprenti Buck|f\n|\n|t:|1663866869\n|switch|p2a: Arceus|Arceus-Water|66\/100\n|-damage|p2a: Arceus|53\/100|[from] Stealth Rock\n|turn|27\n|\n|t:|1663866875\n|move|p1a: Kartana|Leaf Blade|p2a: Arceus\n|-supereffective|p2a: Arceus\n|-damage|p2a: Arceus|0 fnt\n|faint|p2a: Arceus\n|\n|upkeep\n|c|\u2606Apprenti Buck|ggwp\n|c|\u2606Unviabriel|gg\n|l|+KaenSoul\n|\n|t:|1663866891\n|switch|p2a: Lunala|Lunala|27\/100\n|-damage|p2a: Lunala|15\/100|[from] Stealth Rock\n|turn|28\n|c|\u2606Apprenti Buck|fun game\n|\n|t:|1663866900\n|move|p1a: Kartana|Leaf Blade|p2a: Lunala\n|-damage|p2a: Lunala|0 fnt\n|faint|p2a: Lunala\n|\n|win|Unviabriel\n|n|\u2606Unviabriel|unviabriel\n|n|\u2606Apprenti Buck|apprentibuck\n|n| NoTollsNoRolls|notollsnorolls\n|n| mudkipbowl|mudkipbowl\n|n| uwueweawa|uwueweawa\n|n| Clastia|clastia\n|n| ItsChew|itschew\n","uploadtime":1663866476,"views":3,"p1id":"unviabriel","p2id":"apprentibuck","formatid":"gen7mixandmega","rating":0,"private":0,"password":null}