{"id":"gen7ou-1697925012","p1":"Skipothy","p2":"chickwayne","format":"gen7ou","log":"|j|\u2606Skipothy\n|j|\u2606chickwayne\n|t:|1667059183\n|gametype|singles\n|player|p1|Skipothy|flannery|\n|player|p2|chickwayne|dawn|\n|teamsize|p1|6\n|teamsize|p2|6\n|gen|7\n|tier|[Gen 7] OU\n|rule|Sleep Clause Mod: Limit one foe put to sleep\n|rule|Species Clause: Limit one of each Pok\u00e9mon\n|rule|OHKO Clause: OHKO moves are banned\n|rule|Moody Clause: Moody is banned\n|rule|Evasion Items Clause: Evasion items are banned\n|rule|Evasion Moves Clause: Evasion moves are banned\n|rule|Endless Battle Clause: Forcing endless battles is banned\n|rule|HP Percentage Mod: HP is shown in percentages\n|clearpoke\n|poke|p1|Diancie|item\n|poke|p1|Magnezone|item\n|poke|p1|Kartana|item\n|poke|p1|Landorus-Therian, M|item\n|poke|p1|Tapu Fini|item\n|poke|p1|Tornadus-Therian, M|item\n|poke|p2|Volcarona, M|item\n|poke|p2|Kartana|item\n|poke|p2|Landorus-Therian, M|item\n|poke|p2|Medicham, F|item\n|poke|p2|Magearna|item\n|poke|p2|Rotom-Wash|item\n|teampreview\n|j| EclipseW\n|j| Elite4Donovan\n|j| Starfire Scarlet\n|l| EclipseW\n|j| EclipseW\n|j| clean\n|j| aiwla\n|j| RuffneckBase\n|j| Old Mustang\n|j| seven starsss\n|j| burstbean\n|j| ojr\n|j| outd yiyue\n|c| ojr|chicken wayne\n|l| clean\n|\n|t:|1667059274\n|start\n|switch|p1a: Tornadus|Tornadus-Therian, M|100\/100\n|switch|p2a: Rotom|Rotom-Wash|100\/100\n|turn|1\n|j| dragonitenb\n|j| clean\n|l| clean\n|j| clean\n|\n|t:|1667059323\n|move|p1a: Tornadus|Knock Off|p2a: Rotom\n|-damage|p2a: Rotom|81\/100\n|-enditem|p2a: Rotom|Iapapa Berry|[from] move: Knock Off|[of] p1a: Tornadus\n|move|p2a: Rotom|Thunder Wave|p1a: Tornadus\n|-status|p1a: Tornadus|par\n|\n|upkeep\n|turn|2\n|c| ojr|clean stay here\n|\n|t:|1667059337\n|move|p2a: Rotom|Volt Switch|p1a: Tornadus\n|-supereffective|p1a: Tornadus\n|-damage|p1a: Tornadus|68\/100 par\n|l| dragonitenb\n|\n|t:|1667059349\n|switch|p2a: Landorus|Landorus-Therian, M|100\/100|[from]move: Volt Switch\n|-ability|p2a: Landorus|Intimidate|boost\n|-unboost|p1a: Tornadus|atk|1\n|move|p1a: Tornadus|U-turn|p2a: Landorus\n|-resisted|p2a: Landorus\n|-damage|p2a: Landorus|97\/100\n|-damage|p1a: Tornadus|52\/100 par|[from] item: Rocky Helmet|[of] p2a: Landorus\n|j| dragonitenb\n|inactive|Battle timer is ON: inactive players will automatically lose when time's up. (requested by chickwayne)\n|inactive|Skipothy has 270 seconds left.\n|\n|t:|1667059432\n|switch|p1a: Landorus|Landorus-Therian, M|100\/100|[from]move: U-turn\n|-ability|p1a: Landorus|Intimidate|boost\n|-unboost|p2a: Landorus|atk|1\n|\n|upkeep\n|turn|3\n|j| Teggunothy\n|\n|t:|1667059457\n|switch|p2a: Medicham|Medicham, F|100\/100\n|move|p1a: Landorus|Swords Dance|p1a: Landorus\n|-boost|p1a: Landorus|atk|2\n|\n|upkeep\n|turn|4\n|j| Maglc haosi\n|\n|t:|1667059473\n|switch|p1a: Tapu Fini|Tapu Fini|100\/100\n|-fieldstart|move: Misty Terrain|[from] ability: Misty Surge|[of] p1a: Tapu Fini\n|detailschange|p2a: Medicham|Medicham-Mega, F\n|-mega|p2a: Medicham|Medicham|Medichamite\n|move|p2a: Medicham|Ice Punch|p1a: Tapu Fini\n|-resisted|p1a: Tapu Fini\n|-damage|p1a: Tapu Fini|80\/100\n|\n|-heal|p1a: Tapu Fini|87\/100|[from] item: Leftovers\n|upkeep\n|turn|5\n|j| Dudutest\n|l| Maglc haosi\n|inactive|Skipothy has 270 seconds left.\n|inactive|chickwayne has 270 seconds left.\n|j| Maglc haosi\n|\n|t:|1667059524\n|move|p2a: Medicham|Zen Headbutt|p1a: Tapu Fini\n|-damage|p1a: Tapu Fini|26\/100\n|move|p1a: Tapu Fini|Moonblast|p2a: Medicham\n|-supereffective|p2a: Medicham\n|-crit|p2a: Medicham\n|-damage|p2a: Medicham|0 fnt\n|faint|p2a: Medicham\n|\n|-heal|p1a: Tapu Fini|32\/100|[from] item: Leftovers\n|upkeep\n|l|maglchaosi\n|j| OUTD 1121\n|l| clean\n|inactive|chickwayne has 240 seconds left.\n|\n|t:|1667059540\n|switch|p2a: Kartana|Kartana|100\/100\n|turn|6\n|inactive|Skipothy has 270 seconds left.\n|inactive|chickwayne has 240 seconds left.\n|\n|t:|1667059556\n|switch|p1a: Tornadus|Tornadus-Therian, M|85\/100 par\n|move|p2a: Kartana|Leaf Blade|p1a: Tornadus\n|-resisted|p1a: Tornadus\n|-damage|p1a: Tornadus|53\/100 par\n|\n|upkeep\n|turn|7\n|inactive|Skipothy has 270 seconds left.\n|inactive|chickwayne has 240 seconds left.\n|\n|t:|1667059578\n|switch|p2a: Landorus|Landorus-Therian, M|97\/100\n|-ability|p2a: Landorus|Intimidate|boost\n|-unboost|p1a: Tornadus|atk|1\n|move|p1a: Tornadus|U-turn|p2a: Landorus\n|-resisted|p2a: Landorus\n|-damage|p2a: Landorus|94\/100\n|-damage|p1a: Tornadus|36\/100 par|[from] item: Rocky Helmet|[of] p2a: Landorus\n|\n|t:|1667059591\n|switch|p1a: Landorus|Landorus-Therian, M|100\/100|[from]move: U-turn\n|-ability|p1a: Landorus|Intimidate|boost\n|-unboost|p2a: Landorus|atk|1\n|\n|upkeep\n|turn|8\n|j| clean\n|\n|t:|1667059604\n|move|p1a: Landorus|Stealth Rock|p2a: Landorus\n|-sidestart|p2: chickwayne|move: Stealth Rock\n|move|p2a: Landorus|Stealth Rock|p1a: Landorus\n|-sidestart|p1: Skipothy|move: Stealth Rock\n|\n|-fieldend|Misty Terrain\n|upkeep\n|turn|9\n|\n|t:|1667059623\n|-zpower|p1a: Landorus\n|move|p1a: Landorus|Continental Crush|p2a: Landorus|[zeffect]\n|-damage|p2a: Landorus|49\/100\n|move|p2a: Landorus|U-turn|p1a: Landorus\n|-resisted|p1a: Landorus\n|-damage|p1a: Landorus|92\/100\n|inactive|chickwayne has 240 seconds left.\n|j| Zardothy\n|\n|t:|1667059637\n|switch|p2a: Kartana|Kartana|100\/100|[from]move: U-turn\n|-damage|p2a: Kartana|94\/100|[from] Stealth Rock\n|\n|upkeep\n|turn|10\n|j| ArcticMonkeyBreeze\n|\n|t:|1667059656\n|switch|p1a: Tapu Fini|Tapu Fini|32\/100\n|-damage|p1a: Tapu Fini|20\/100|[from] Stealth Rock\n|-fieldstart|move: Misty Terrain|[from] ability: Misty Surge|[of] p1a: Tapu Fini\n|move|p2a: Kartana|Leaf Blade|p1a: Tapu Fini\n|-supereffective|p1a: Tapu Fini\n|-damage|p1a: Tapu Fini|0 fnt\n|faint|p1a: Tapu Fini\n|-ability|p2a: Kartana|Beast Boost|boost\n|-boost|p2a: Kartana|atk|1\n|\n|upkeep\n|l| RuffneckBase\n|inactive|Skipothy has 240 seconds left.\n|\n|t:|1667059680\n|switch|p1a: Magnezone|Magnezone|100\/100\n|-damage|p1a: Magnezone|94\/100|[from] Stealth Rock\n|turn|11\n|inactive|Skipothy has 240 seconds left.\n|\n|t:|1667059709\n|move|p2a: Kartana|Leaf Blade|p1a: Magnezone\n|-resisted|p1a: Magnezone\n|-damage|p1a: Magnezone|46\/100\n|move|p1a: Magnezone|Thunderbolt|p2a: Kartana\n|-resisted|p2a: Kartana\n|-damage|p2a: Kartana|0 fnt\n|faint|p2a: Kartana\n|\n|upkeep\n|inactive|chickwayne has 240 seconds left.\n|\n|t:|1667059733\n|switch|p2a: Magearna|Magearna|100\/100\n|-damage|p2a: Magearna|94\/100|[from] Stealth Rock\n|turn|12\n|\n|t:|1667059741\n|move|p1a: Magnezone|Thunderbolt|p2a: Magearna\n|-damage|p2a: Magearna|62\/100\n|move|p2a: Magearna|Hidden Power|p1a: Magnezone\n|-supereffective|p1a: Magnezone\n|-damage|p1a: Magnezone|0 fnt\n|faint|p1a: Magnezone\n|-ability|p2a: Magearna|Soul-Heart|boost\n|-boost|p2a: Magearna|spa|1\n|\n|upkeep\n|inactive|Skipothy has 210 seconds left.\n|l| dragonitenb\n|j| dragonitenb\n|\n|t:|1667059796\n|switch|p1a: Kartana|Kartana|100\/100\n|-damage|p1a: Kartana|94\/100|[from] Stealth Rock\n|turn|13\n|\n|t:|1667059802\n|switch|p2a: Landorus|Landorus-Therian, M|49\/100\n|-damage|p2a: Landorus|36\/100|[from] Stealth Rock\n|-ability|p2a: Landorus|Intimidate|boost\n|-unboost|p1a: Kartana|atk|1\n|move|p1a: Kartana|Smart Strike|p2a: Landorus\n|-damage|p2a: Landorus|12\/100\n|-damage|p1a: Kartana|78\/100|[from] item: Rocky Helmet|[of] p2a: Landorus\n|\n|upkeep\n|turn|14\n|\n|t:|1667059818\n|switch|p1a: Landorus|Landorus-Therian, M|92\/100\n|-damage|p1a: Landorus|79\/100|[from] Stealth Rock\n|-ability|p1a: Landorus|Intimidate|boost\n|-unboost|p2a: Landorus|atk|1\n|switch|p2a: Rotom|Rotom-Wash|81\/100\n|-damage|p2a: Rotom|68\/100|[from] Stealth Rock\n|\n|-fieldend|Misty Terrain\n|upkeep\n|turn|15\n|\n|t:|1667059824\n|switch|p1a: Tornadus|Tornadus-Therian, M|69\/100 par\n|-damage|p1a: Tornadus|45\/100 par|[from] Stealth Rock\n|move|p2a: Rotom|Hydro Pump|p1a: Tornadus\n|-damage|p1a: Tornadus|15\/100 par\n|\n|upkeep\n|turn|16\n|\n|t:|1667059837\n|move|p2a: Rotom|Defog|p1a: Tornadus\n|-unboost|p1a: Tornadus|evasion|1\n|-sideend|p1: Skipothy|Stealth Rock|[from] move: Defog|[of] p2a: Rotom\n|-sideend|p2: chickwayne|Stealth Rock|[from] move: Defog|[of] p2a: Rotom\n|move|p1a: Tornadus|U-turn|p2a: Rotom\n|-damage|p2a: Rotom|53\/100\n|inactive|Skipothy has 180 seconds left.\n|l| dragonitenb\n|inactive|Skipothy has 150 seconds left.\n|j| dragonitenb\n|j| valuee\n|inactive|Skipothy has 120 seconds left.\n|inactive|Skipothy has 90 seconds left.\n|inactive|Skipothy has 60 seconds left.\n|l| clean\n|inactive|Skipothy has 30 seconds left.\n|\n|t:|1667060009\n|switch|p1a: Diancie|Diancie|100\/100|[from]move: U-turn\n|\n|upkeep\n|turn|17\n|\n|t:|1667060016\n|switch|p2a: Magearna|Magearna|62\/100\n|move|p1a: Diancie|Moonblast|p2a: Magearna\n|-resisted|p2a: Magearna\n|-damage|p2a: Magearna|53\/100\n|\n|upkeep\n|turn|18\n|inactive|Skipothy has 30 seconds left.\n|\n|t:|1667060033\n|move|p1a: Diancie|Protect|p1a: Diancie\n|-singleturn|p1a: Diancie|Protect\n|move|p2a: Magearna|Ice Beam|p1a: Diancie\n|-activate|p1a: Diancie|move: Protect\n|\n|upkeep\n|turn|19\n|j| Allen-xia\n|inactive|Skipothy has 30 seconds left.\n|\n|t:|1667060047\n|switch|p1a: Tornadus|Tornadus-Therian, M|48\/100 par\n|move|p2a: Magearna|Fleur Cannon|p1a: Tornadus\n|-damage|p1a: Tornadus|9\/100 par\n|-unboost|p2a: Magearna|spa|2\n|\n|upkeep\n|turn|20\n|l| EclipseW\n|\n|t:|1667060065\n|switch|p1a: Landorus|Landorus-Therian, M|79\/100\n|-ability|p1a: Landorus|Intimidate|boost\n|-unboost|p2a: Magearna|atk|1\n|switch|p2a: Rotom|Rotom-Wash|53\/100\n|\n|upkeep\n|turn|21\n|j| EclipseW\n|j| clean\n|inactive|Skipothy has 30 seconds left.\n|\n|t:|1667060088\n|move|p1a: Landorus|Stealth Rock|p2a: Rotom\n|-sidestart|p2: chickwayne|move: Stealth Rock\n|move|p2a: Rotom|Hydro Pump|p1a: Landorus|[miss]\n|-miss|p2a: Rotom|p1a: Landorus\n|\n|upkeep\n|turn|22\n|inactive|Skipothy has 30 seconds left.\n|\n|t:|1667060093\n|move|p1a: Landorus|Stone Edge|p2a: Rotom|[miss]\n|-miss|p1a: Landorus|p2a: Rotom\n|move|p2a: Rotom|Defog|p1a: Landorus\n|-unboost|p1a: Landorus|evasion|1\n|-sideend|p2: chickwayne|Stealth Rock|[from] move: Defog|[of] p2a: Rotom\n|\n|upkeep\n|turn|23\n|\n|t:|1667060098\n|move|p1a: Landorus|Stealth Rock|p2a: Rotom\n|-sidestart|p2: chickwayne|move: Stealth Rock\n|move|p2a: Rotom|Hydro Pump|p1a: Landorus\n|-supereffective|p1a: Landorus\n|-damage|p1a: Landorus|0 fnt\n|faint|p1a: Landorus\n|\n|upkeep\n|\n|t:|1667060103\n|switch|p1a: Kartana|Kartana|78\/100\n|turn|24\n|\n|t:|1667060110\n|switch|p2a: Landorus|Landorus-Therian, M|12\/100\n|-damage|p2a: Landorus|0 fnt|[from] Stealth Rock\n|faint|p2a: Landorus\n|move|p1a: Kartana|Leaf Blade|p2: Landorus|[notarget]\n|-fail|p1a: Kartana\n|\n|upkeep\n|\n|t:|1667060126\n|switch|p2a: Volcarona|Volcarona, M|100\/100\n|-damage|p2a: Volcarona|51\/100|[from] Stealth Rock\n|turn|25\n|\n|t:|1667060132\n|switch|p1a: Diancie|Diancie|100\/100\n|move|p2a: Volcarona|Quiver Dance|p2a: Volcarona\n|-boost|p2a: Volcarona|spa|1\n|-boost|p2a: Volcarona|spd|1\n|-boost|p2a: Volcarona|spe|1\n|\n|upkeep\n|turn|26\n|\n|t:|1667060149\n|-zpower|p2a: Volcarona\n|move|p2a: Volcarona|Savage Spin-Out|p1a: Diancie|[zeffect]\n|-resisted|p1a: Diancie\n|-damage|p1a: Diancie|33\/100\n|move|p1a: Diancie|Diamond Storm|p2a: Volcarona\n|-supereffective|p2a: Volcarona\n|-damage|p2a: Volcarona|0 fnt\n|faint|p2a: Volcarona\n|\n|upkeep\n|\n|t:|1667060160\n|switch|p2a: Magearna|Magearna|53\/100\n|-damage|p2a: Magearna|47\/100|[from] Stealth Rock\n|turn|27\n|\n|t:|1667060168\n|detailschange|p1a: Diancie|Diancie-Mega\n|-mega|p1a: Diancie|Diancie|Diancite\n|move|p1a: Diancie|Earth Power|p2a: Magearna\n|-supereffective|p2a: Magearna\n|-damage|p2a: Magearna|13\/100\n|move|p2a: Magearna|Fleur Cannon|p1a: Diancie\n|-damage|p1a: Diancie|0 fnt\n|-unboost|p2a: Magearna|spa|2\n|faint|p1a: Diancie\n|-ability|p2a: Magearna|Soul-Heart|boost\n|-boost|p2a: Magearna|spa|1\n|\n|upkeep\n|l| clean\n|\n|t:|1667060180\n|switch|p1a: Kartana|Kartana|78\/100\n|turn|28\n|l| aiwla\n|\n|t:|1667060182\n|move|p1a: Kartana|Leaf Blade|p2a: Magearna\n|-resisted|p2a: Magearna\n|-damage|p2a: Magearna|0 fnt\n|faint|p2a: Magearna\n|-ability|p1a: Kartana|Beast Boost|boost\n|-boost|p1a: Kartana|atk|1\n|\n|upkeep\n|\n|t:|1667060184\n|switch|p2a: Rotom|Rotom-Wash|53\/100\n|-damage|p2a: Rotom|40\/100|[from] Stealth Rock\n|turn|29\n|\n|t:|1667060185\n|move|p1a: Kartana|Leaf Blade|p2a: Rotom\n|-supereffective|p2a: Rotom\n|-damage|p2a: Rotom|0 fnt\n|faint|p2a: Rotom\n|\n|win|Skipothy\n|l| dragonitenb\n|l| EclipseW\n|c| Starfire Scarlet|Skipothy.\n|l| Old Mustang\n","uploadtime":1667060205,"views":31,"p1id":"skipothy","p2id":"chickwayne","formatid":"gen7ou","rating":0,"private":0,"password":null}