{"id":"gen7ou-707803544","p1":"NIANML","p2":"Q114","format":"gen7ou","log":"|j|\u2606NIANML\n|j|\u2606Q114\n|player|p1|NIANML|290\n|player|p2|Q114|2\n|teamsize|p1|6\n|teamsize|p2|6\n|gametype|singles\n|gen|7\n|tier|[Gen 7] OU\n|rated|\n|rule|Sleep Clause Mod: Limit one foe put to sleep\n|rule|Species Clause: Limit one of each Pok\u00e9mon\n|rule|OHKO Clause: OHKO moves are banned\n|rule|Moody Clause: Moody is banned\n|rule|Evasion Moves Clause: Evasion moves are banned\n|rule|Endless Battle Clause: Forcing endless battles is banned\n|rule|HP Percentage Mod: HP is shown in percentages\n|clearpoke\n|poke|p1|Quagsire, M|item\n|poke|p1|Chansey, F|item\n|poke|p1|Charizard, M|item\n|poke|p1|Mew|item\n|poke|p1|Zapdos|item\n|poke|p1|Magearna|item\n|poke|p2|Skarmory, M|item\n|poke|p2|Chansey, F|item\n|poke|p2|Magnezone|item\n|poke|p2|Toxapex, F|item\n|poke|p2|Clefable, M|item\n|poke|p2|Sableye, M|item\n|teampreview\n|j| Glassis\n|l| Glassis\n|c|\u2606NIANML|its gonna be a long match i gues\n|j| xenonim2013\n|\n|start\n|switch|p1a: Charizard|Charizard, M|100\/100\n|switch|p2a: Toxapex|Toxapex, F|100\/100\n|turn|1\n|\n|-mega|p1a: Charizard|Charizard|Charizardite X\n|detailschange|p1a: Charizard|Charizard-Mega-X, M\n|move|p1a: Charizard|Earthquake|p2a: Toxapex\n|-supereffective|p2a: Toxapex\n|-damage|p2a: Toxapex|62\/100\n|move|p2a: Toxapex|Toxic Spikes|p1a: Charizard\n|-sidestart|p1: NIANML|move: Toxic Spikes\n|\n|-heal|p2a: Toxapex|68\/100|[from] item: Black Sludge\n|upkeep\n|turn|2\n|j| Catalycsm\n|inactive|Battle timer is ON: inactive players will automatically lose when time's up. (requested by NIANML)\n|\n|switch|p1a: Magearna|Magearna|100\/100\n|move|p2a: Toxapex|Scald|p1a: Magearna\n|-damage|p1a: Magearna|90\/100\n|\n|-heal|p1a: Magearna|96\/100|[from] item: Leftovers\n|-heal|p2a: Toxapex|74\/100|[from] item: Black Sludge\n|upkeep\n|turn|3\n|\n|move|p1a: Magearna|Volt Switch|p2a: Toxapex\n|-supereffective|p2a: Toxapex\n|-damage|p2a: Toxapex|44\/100\n|\n|switch|p1a: Zapdos|Zapdos|100\/100\n|-ability|p1a: Zapdos|Pressure\n|move|p2a: Toxapex|Scald|p1a: Zapdos\n|-damage|p1a: Zapdos|84\/100\n|\n|-heal|p2a: Toxapex|50\/100|[from] item: Black Sludge\n|upkeep\n|turn|4\n|inactive|NIANML has 135 seconds left.\n|\n|switch|p2a: Chansey|Chansey, F|100\/100\n|move|p1a: Zapdos|Defog|p2a: Chansey\n|-unboost|p2a: Chansey|evasion|1\n|-sideend|p1: NIANML|Toxic Spikes|[from] move: Defog|[of] p1a: Zapdos\n|\n|upkeep\n|turn|5\n|\n|move|p1a: Zapdos|Toxic|p2a: Chansey\n|-status|p2a: Chansey|tox\n|move|p2a: Chansey|Stealth Rock|p1a: Zapdos\n|-sidestart|p1: NIANML|move: Stealth Rock\n|\n|-damage|p2a: Chansey|94\/100 tox|[from] psn\n|upkeep\n|turn|6\n|\n|move|p1a: Zapdos|Defog|p2a: Chansey\n|-unboost|p2a: Chansey|evasion|1\n|-sideend|p1: NIANML|Stealth Rock|[from] move: Defog|[of] p1a: Zapdos\n|move|p2a: Chansey|Toxic|p1a: Zapdos|[miss]\n|-miss|p2a: Chansey|p1a: Zapdos\n|\n|-damage|p2a: Chansey|82\/100 tox|[from] psn\n|upkeep\n|turn|7\n|\n|switch|p1a: Mew|Mew|100\/100\n|move|p2a: Chansey|Stealth Rock|p1a: Mew\n|-sidestart|p1: NIANML|move: Stealth Rock\n|\n|-damage|p2a: Chansey|64\/100 tox|[from] psn\n|upkeep\n|turn|8\n|\n|-curestatus|p2a: Chansey|tox|[from] ability: Natural Cure\n|switch|p2a: Toxapex|Toxapex, F|83\/100\n|move|p1a: Mew|Stealth Rock|p2a: Toxapex\n|-sidestart|p2: Q114|move: Stealth Rock\n|\n|-heal|p2a: Toxapex|89\/100|[from] item: Black Sludge\n|upkeep\n|turn|9\n|\n|move|p1a: Mew|Will-O-Wisp|p2a: Toxapex\n|-status|p2a: Toxapex|brn\n|move|p2a: Toxapex|Toxic Spikes|p1a: Mew\n|-sidestart|p1: NIANML|move: Toxic Spikes\n|\n|-heal|p2a: Toxapex|95\/100 brn|[from] item: Black Sludge\n|-damage|p2a: Toxapex|89\/100 brn|[from] brn\n|upkeep\n|turn|10\n|\n|move|p1a: Mew|Psychic|p2a: Toxapex\n|-supereffective|p2a: Toxapex\n|-damage|p2a: Toxapex|39\/100 brn\n|move|p2a: Toxapex|Scald|p1a: Mew\n|-damage|p1a: Mew|88\/100\n|\n|-heal|p1a: Mew|94\/100|[from] item: Leftovers\n|-heal|p2a: Toxapex|45\/100 brn|[from] item: Black Sludge\n|-damage|p2a: Toxapex|39\/100 brn|[from] brn\n|upkeep\n|turn|11\n|inactive|NIANML has 135 seconds left.\n|\n|switch|p1a: Zapdos|Zapdos|84\/100\n|-damage|p1a: Zapdos|59\/100|[from] Stealth Rock\n|-ability|p1a: Zapdos|Pressure\n|switch|p2a: Chansey|Chansey, F|64\/100\n|-damage|p2a: Chansey|51\/100|[from] Stealth Rock\n|\n|upkeep\n|turn|12\n|\n|move|p1a: Zapdos|Toxic|p2a: Chansey\n|-status|p2a: Chansey|tox\n|move|p2a: Chansey|Toxic|p1a: Zapdos\n|-status|p1a: Zapdos|tox\n|\n|-damage|p1a: Zapdos|53\/100 tox|[from] psn\n|-damage|p2a: Chansey|45\/100 tox|[from] psn\n|upkeep\n|turn|13\n|\n|move|p1a: Zapdos|Defog|p2a: Chansey\n|-unboost|p2a: Chansey|evasion|1\n|-sideend|p2: Q114|Stealth Rock|[from] move: Defog|[of] p2a: Chansey\n|-sideend|p1: NIANML|Toxic Spikes|[from] move: Defog|[of] p1a: Zapdos\n|-sideend|p1: NIANML|Stealth Rock|[from] move: Defog|[of] p1a: Zapdos\n|move|p2a: Chansey|Soft-Boiled|p2a: Chansey\n|-heal|p2a: Chansey|95\/100 tox\n|\n|-damage|p1a: Zapdos|41\/100 tox|[from] psn\n|-damage|p2a: Chansey|83\/100 tox|[from] psn\n|upkeep\n|turn|14\n|\n|-curestatus|p2a: Chansey|tox|[from] ability: Natural Cure\n|switch|p2a: Magnezone|Magnezone|100\/100\n|move|p1a: Zapdos|Roost|p1a: Zapdos\n|-heal|p1a: Zapdos|91\/100 tox\n|\n|-damage|p1a: Zapdos|73\/100 tox|[from] psn\n|upkeep\n|turn|15\n|\n|switch|p2a: Chansey|Chansey, F|83\/100\n|switch|p1a: Charizard|Charizard-Mega-X, M|100\/100\n|\n|upkeep\n|turn|16\n|inactive|NIANML has 135 seconds left.\n|inactive|Q114 has 135 seconds left.\n|\n|switch|p1a: Chansey|Chansey, F, shiny|100\/100\n|switch|p2a: Toxapex|Toxapex, F|73\/100 brn\n|\n|-heal|p2a: Toxapex|79\/100 brn|[from] item: Black Sludge\n|-damage|p2a: Toxapex|73\/100 brn|[from] brn\n|upkeep\n|turn|17\n|\n|move|p1a: Chansey|Heal Bell|p1a: Chansey\n|-activate|p1a: Chansey|move: Heal Bell\n|-curestatus|p1: Zapdos|tox|[msg]\n|move|p2a: Toxapex|Toxic Spikes|p1a: Chansey\n|-sidestart|p1: NIANML|move: Toxic Spikes\n|\n|-heal|p2a: Toxapex|79\/100 brn|[from] item: Black Sludge\n|-damage|p2a: Toxapex|73\/100 brn|[from] brn\n|upkeep\n|turn|18\n|l| xenonim2013\n|\n|switch|p2a: Sableye|Sableye, M|100\/100\n|move|p1a: Chansey|Wish|p1a: Chansey\n|\n|upkeep\n|turn|19\n|inactive|NIANML has 135 seconds left.\n|\n|switch|p1a: Zapdos|Zapdos|73\/100\n|-ability|p1a: Zapdos|Pressure\n|-mega|p2a: Sableye|Sableye|Sablenite\n|detailschange|p2a: Sableye|Sableye-Mega, M\n|move|p2a: Sableye|Knock Off|p1a: Zapdos\n|-damage|p1a: Zapdos|53\/100\n|-damage|p2a: Sableye|84\/100|[from] item: Rocky Helmet|[of] p1a: Zapdos\n|-enditem|p1a: Zapdos|Rocky Helmet|[from] move: Knock Off|[of] p2a: Sableye\n|\n|-heal|p1a: Zapdos|100\/100|[from] move: Wish|[wisher] Chansey\n|upkeep\n|turn|20\n|inactive|NIANML has 135 seconds left.\n|\n|switch|p2a: Chansey|Chansey, F|83\/100\n|move|p1a: Zapdos|Defog|p2a: Chansey\n|-unboost|p2a: Chansey|evasion|1\n|-sideend|p1: NIANML|Toxic Spikes|[from] move: Defog|[of] p1a: Zapdos\n|\n|upkeep\n|turn|21\n|\n|move|p1a: Zapdos|Toxic|p2a: Chansey\n|-status|p2a: Chansey|tox\n|move|p2a: Chansey|Stealth Rock|p1a: Zapdos\n|-sidestart|p1: NIANML|move: Stealth Rock\n|\n|-damage|p2a: Chansey|77\/100 tox|[from] psn\n|upkeep\n|turn|22\n|\n|move|p1a: Zapdos|Defog|p2a: Chansey\n|-unboost|p2a: Chansey|evasion|1\n|-sideend|p1: NIANML|Stealth Rock|[from] move: Defog|[of] p1a: Zapdos\n|move|p2a: Chansey|Toxic|p1a: Zapdos\n|-status|p1a: Zapdos|tox\n|\n|-damage|p1a: Zapdos|94\/100 tox|[from] psn\n|-damage|p2a: Chansey|65\/100 tox|[from] psn\n|upkeep\n|turn|23\n|inactive|NIANML has 135 seconds left.\n|\n|-curestatus|p2a: Chansey|tox|[from] ability: Natural Cure\n|switch|p2a: Toxapex|Toxapex, F|100\/100 brn\n|move|p1a: Zapdos|Discharge|p2a: Toxapex\n|-supereffective|p2a: Toxapex\n|-damage|p2a: Toxapex|49\/100 brn\n|\n|-heal|p2a: Toxapex|55\/100 brn|[from] item: Black Sludge\n|-damage|p1a: Zapdos|82\/100 tox|[from] psn\n|-damage|p2a: Toxapex|49\/100 brn|[from] brn\n|upkeep\n|turn|24\n|\n|switch|p1a: Charizard|Charizard-Mega-X, M|100\/100\n|switch|p2a: Chansey|Chansey, F|65\/100\n|\n|upkeep\n|turn|25\n|inactive|Q114 has 135 seconds left.\n|\n|move|p1a: Charizard|Fire Punch|p2a: Chansey\n|-damage|p2a: Chansey|37\/100\n|move|p2a: Chansey|Soft-Boiled|p2a: Chansey\n|-heal|p2a: Chansey|87\/100\n|\n|upkeep\n|turn|26\n|c|\u2606NIANML|you cant win bro\n|\n|switch|p1a: Chansey|Chansey, F, shiny|100\/100\n|move|p2a: Chansey|Toxic|p1a: Chansey\n|-status|p1a: Chansey|tox\n|\n|-damage|p1a: Chansey|94\/100 tox|[from] psn\n|upkeep\n|turn|27\n|\n|move|p1a: Chansey|Seismic Toss|p2a: Chansey\n|-damage|p2a: Chansey|73\/100\n|move|p2a: Chansey|Stealth Rock|p1a: Chansey\n|-sidestart|p1: NIANML|move: Stealth Rock\n|\n|-damage|p1a: Chansey|82\/100 tox|[from] psn\n|upkeep\n|turn|28\n|\n|switch|p2a: Sableye|Sableye-Mega, M|84\/100\n|move|p1a: Chansey|Wish|p1a: Chansey\n|\n|-damage|p1a: Chansey|64\/100 tox|[from] psn\n|upkeep\n|turn|29\n|inactive|NIANML has 135 seconds left.\n|\n|move|p1a: Chansey|Protect|p1a: Chansey\n|-singleturn|p1a: Chansey|Protect\n|move|p2a: Sableye|Knock Off|p1a: Chansey\n|-activate|p1a: Chansey|move: Protect\n|\n|-heal|p1a: Chansey|100\/100 tox|[from] move: Wish|[wisher] Chansey\n|-damage|p1a: Chansey|76\/100 tox|[from] psn\n|upkeep\n|turn|30\n|\n|-curestatus|p1a: Chansey|tox|[from] ability: Natural Cure\n|switch|p1a: Charizard|Charizard-Mega-X, M|100\/100\n|-damage|p1a: Charizard|76\/100|[from] Stealth Rock\n|switch|p2a: Toxapex|Toxapex, F|82\/100 brn\n|\n|-heal|p2a: Toxapex|88\/100 brn|[from] item: Black Sludge\n|-damage|p2a: Toxapex|82\/100 brn|[from] brn\n|upkeep\n|turn|31\n|\n|switch|p1a: Chansey|Chansey, F, shiny|76\/100\n|-damage|p1a: Chansey|64\/100|[from] Stealth Rock\n|move|p2a: Toxapex|Toxic Spikes|p1a: Chansey\n|-sidestart|p1: NIANML|move: Toxic Spikes\n|\n|-heal|p2a: Toxapex|88\/100 brn|[from] item: Black Sludge\n|-damage|p2a: Toxapex|82\/100 brn|[from] brn\n|upkeep\n|turn|32\n|j| ids gzy\n|\n|switch|p2a: Sableye|Sableye-Mega, M|84\/100\n|move|p1a: Chansey|Heal Bell|p1a: Chansey\n|-activate|p1a: Chansey|move: Heal Bell\n|-curestatus|p1: Zapdos|tox|[msg]\n|\n|upkeep\n|turn|33\n|\n|switch|p1a: Zapdos|Zapdos|82\/100\n|-damage|p1a: Zapdos|58\/100|[from] Stealth Rock\n|-ability|p1a: Zapdos|Pressure\n|move|p2a: Sableye|Knock Off|p1a: Zapdos\n|-damage|p1a: Zapdos|43\/100\n|\n|upkeep\n|turn|34\n|\n|move|p1a: Zapdos|Defog|p2a: Sableye\n|move|p2a: Sableye|Defog|p1a: Zapdos|[from]Magic Bounce\n|-unboost|p1a: Zapdos|evasion|1\n|-sideend|p1: NIANML|Toxic Spikes|[from] move: Defog|[of] p1a: Zapdos\n|-sideend|p1: NIANML|Stealth Rock|[from] move: Defog|[of] p1a: Zapdos\n|move|p2a: Sableye|Will-O-Wisp|p1a: Zapdos\n|-status|p1a: Zapdos|brn\n|\n|-damage|p1a: Zapdos|37\/100 brn|[from] brn\n|upkeep\n|turn|35\n|c|\u2606NIANML|thnx\n|inactive|NIANML has 135 seconds left.\n|c|\u2606NIANML|now i stall out chansey\n|\n|switch|p2a: Chansey|Chansey, F|73\/100\n|move|p1a: Zapdos|Roost|p1a: Zapdos\n|-heal|p1a: Zapdos|87\/100 brn\n|\n|-damage|p1a: Zapdos|81\/100 brn|[from] brn\n|upkeep\n|turn|36\n|\n|move|p1a: Zapdos|Toxic|p2a: Chansey|[miss]\n|-miss|p1a: Zapdos|p2a: Chansey\n|move|p2a: Chansey|Stealth Rock|p1a: Zapdos\n|-sidestart|p1: NIANML|move: Stealth Rock\n|\n|-damage|p1a: Zapdos|75\/100 brn|[from] brn\n|upkeep\n|turn|37\n|\n|switch|p2a: Toxapex|Toxapex, F|100\/100 brn\n|move|p1a: Zapdos|Discharge|p2a: Toxapex\n|-supereffective|p2a: Toxapex\n|-damage|p2a: Toxapex|42\/100 brn\n|\n|-heal|p2a: Toxapex|48\/100 brn|[from] item: Black Sludge\n|-damage|p1a: Zapdos|69\/100 brn|[from] brn\n|-damage|p2a: Toxapex|42\/100 brn|[from] brn\n|upkeep\n|turn|38\n|\n|switch|p2a: Chansey|Chansey, F|73\/100\n|move|p1a: Zapdos|Discharge|p2a: Chansey\n|-damage|p2a: Chansey|62\/100\n|-status|p2a: Chansey|par\n|\n|-damage|p1a: Zapdos|63\/100 brn|[from] brn\n|upkeep\n|turn|39\n|\n|move|p1a: Zapdos|Defog|p2a: Chansey\n|-unboost|p2a: Chansey|evasion|1\n|-sideend|p1: NIANML|Stealth Rock|[from] move: Defog|[of] p1a: Zapdos\n|move|p2a: Chansey|Soft-Boiled|p2a: Chansey\n|-heal|p2a: Chansey|100\/100 par\n|\n|-damage|p1a: Zapdos|57\/100 brn|[from] brn\n|upkeep\n|turn|40\n|\n|move|p1a: Zapdos|Roost|p1a: Zapdos\n|-heal|p1a: Zapdos|100\/100 brn\n|move|p2a: Chansey|Stealth Rock|p1a: Zapdos\n|-sidestart|p1: NIANML|move: Stealth Rock\n|\n|-damage|p1a: Zapdos|94\/100 brn|[from] brn\n|upkeep\n|turn|41\n|\n|-curestatus|p2a: Chansey|par|[from] ability: Natural Cure\n|switch|p2a: Toxapex|Toxapex, F|76\/100 brn\n|move|p1a: Zapdos|Defog|p2a: Toxapex\n|-unboost|p2a: Toxapex|evasion|1\n|-sideend|p1: NIANML|Stealth Rock|[from] move: Defog|[of] p1a: Zapdos\n|\n|-heal|p2a: Toxapex|82\/100 brn|[from] item: Black Sludge\n|-damage|p1a: Zapdos|88\/100 brn|[from] brn\n|-damage|p2a: Toxapex|76\/100 brn|[from] brn\n|upkeep\n|turn|42\n|\n|move|p1a: Zapdos|Discharge|p2a: Toxapex\n|-supereffective|p2a: Toxapex\n|-damage|p2a: Toxapex|24\/100 brn\n|move|p2a: Toxapex|Toxic Spikes|p1a: Zapdos\n|-sidestart|p1: NIANML|move: Toxic Spikes\n|\n|-heal|p2a: Toxapex|30\/100 brn|[from] item: Black Sludge\n|-damage|p1a: Zapdos|82\/100 brn|[from] brn\n|-damage|p2a: Toxapex|24\/100 brn|[from] brn\n|upkeep\n|turn|43\n|\n|switch|p2a: Chansey|Chansey, F|100\/100\n|move|p1a: Zapdos|Toxic|p2a: Chansey\n|-status|p2a: Chansey|tox\n|\n|-damage|p1a: Zapdos|76\/100 brn|[from] brn\n|-damage|p2a: Chansey|94\/100 tox|[from] psn\n|upkeep\n|turn|44\n|inactive|NIANML has 135 seconds left.\n|\n|-curestatus|p2a: Chansey|tox|[from] ability: Natural Cure\n|switch|p2a: Magnezone|Magnezone|100\/100\n|move|p1a: Zapdos|Discharge|p2a: Magnezone\n|-resisted|p2a: Magnezone\n|-damage|p2a: Magnezone|78\/100\n|\n|-damage|p1a: Zapdos|70\/100 brn|[from] brn\n|upkeep\n|turn|45\n|\n|switch|p2a: Chansey|Chansey, F|94\/100\n|move|p1a: Zapdos|Defog|p2a: Chansey\n|-unboost|p2a: Chansey|evasion|1\n|-sideend|p1: NIANML|Toxic Spikes|[from] move: Defog|[of] p1a: Zapdos\n|\n|-damage|p1a: Zapdos|64\/100 brn|[from] brn\n|upkeep\n|turn|46\n|\n|move|p1a: Zapdos|Roost|p1a: Zapdos\n|-heal|p1a: Zapdos|100\/100 brn\n|move|p2a: Chansey|Stealth Rock|p1a: Zapdos\n|-sidestart|p1: NIANML|move: Stealth Rock\n|\n|-damage|p1a: Zapdos|94\/100 brn|[from] brn\n|upkeep\n|turn|47\n|\n|move|p1a: Zapdos|Defog|p2a: Chansey\n|-unboost|p2a: Chansey|evasion|1\n|-sideend|p1: NIANML|Stealth Rock|[from] move: Defog|[of] p1a: Zapdos\n|move|p2a: Chansey|Seismic Toss|p1a: Zapdos\n|-damage|p1a: Zapdos|68\/100 brn\n|\n|-damage|p1a: Zapdos|62\/100 brn|[from] brn\n|upkeep\n|turn|48\n|\n|move|p1a: Zapdos|Toxic|p2a: Chansey\n|-status|p2a: Chansey|tox\n|move|p2a: Chansey|Stealth Rock|p1a: Zapdos\n|-sidestart|p1: NIANML|move: Stealth Rock\n|\n|-damage|p1a: Zapdos|56\/100 brn|[from] brn\n|-damage|p2a: Chansey|88\/100 tox|[from] psn\n|upkeep\n|turn|49\n|\n|-curestatus|p2a: Chansey|tox|[from] ability: Natural Cure\n|switch|p2a: Magnezone|Magnezone|78\/100\n|move|p1a: Zapdos|Defog|p2a: Magnezone\n|-unboost|p2a: Magnezone|evasion|1\n|-sideend|p1: NIANML|Stealth Rock|[from] move: Defog|[of] p1a: Zapdos\n|\n|-damage|p1a: Zapdos|50\/100 brn|[from] brn\n|upkeep\n|turn|50\n|\n|move|p2a: Magnezone|Thunderbolt|p1a: Zapdos\n|-damage|p1a: Zapdos|4\/100 brn\n|move|p1a: Zapdos|Roost|p1a: Zapdos\n|-heal|p1a: Zapdos|54\/100 brn\n|\n|-damage|p1a: Zapdos|48\/100 brn|[from] brn\n|upkeep\n|turn|51\n|\n|switch|p2a: Chansey|Chansey, F|88\/100\n|switch|p1a: Charizard|Charizard-Mega-X, M|76\/100\n|\n|upkeep\n|turn|52\n|\n|switch|p1a: Zapdos|Zapdos|48\/100 brn\n|-ability|p1a: Zapdos|Pressure\n|move|p2a: Chansey|Stealth Rock|p1a: Zapdos\n|-sidestart|p1: NIANML|move: Stealth Rock\n|\n|-damage|p1a: Zapdos|42\/100 brn|[from] brn\n|upkeep\n|turn|53\n|\n|switch|p2a: Clefable|Clefable, M|100\/100\n|move|p1a: Zapdos|Roost|p1a: Zapdos\n|-heal|p1a: Zapdos|92\/100 brn\n|\n|-damage|p1a: Zapdos|86\/100 brn|[from] brn\n|upkeep\n|turn|54\n|\n|move|p2a: Clefable|Protect|p2a: Clefable\n|-singleturn|p2a: Clefable|Protect\n|move|p1a: Zapdos|Toxic|p2a: Clefable\n|-activate|p2a: Clefable|move: Protect\n|\n|-damage|p1a: Zapdos|80\/100 brn|[from] brn\n|upkeep\n|turn|55\n|\n|switch|p2a: Chansey|Chansey, F|88\/100\n|move|p1a: Zapdos|Defog|p2a: Chansey\n|-unboost|p2a: Chansey|evasion|1\n|-sideend|p1: NIANML|Stealth Rock|[from] move: Defog|[of] p1a: Zapdos\n|\n|-damage|p1a: Zapdos|74\/100 brn|[from] brn\n|upkeep\n|turn|56\n|inactive|NIANML has 135 seconds left.\n|\n|move|p1a: Zapdos|Toxic|p2a: Chansey\n|-status|p2a: Chansey|tox\n|move|p2a: Chansey|Stealth Rock|p1a: Zapdos\n|-sidestart|p1: NIANML|move: Stealth Rock\n|\n|-damage|p1a: Zapdos|68\/100 brn|[from] brn\n|-damage|p2a: Chansey|82\/100 tox|[from] psn\n|upkeep\n|turn|57\n|\n|-curestatus|p2a: Chansey|tox|[from] ability: Natural Cure\n|switch|p2a: Magnezone|Magnezone|78\/100\n|move|p1a: Zapdos|Defog|p2a: Magnezone\n|-unboost|p2a: Magnezone|evasion|1\n|-sideend|p1: NIANML|Stealth Rock|[from] move: Defog|[of] p1a: Zapdos\n|\n|-damage|p1a: Zapdos|62\/100 brn|[from] brn\n|upkeep\n|turn|58\n|inactive|NIANML has 135 seconds left.\n|\n|switch|p2a: Chansey|Chansey, F|82\/100\n|switch|p1a: Quagsire|Quagsire, M|100\/100\n|\n|upkeep\n|turn|59\n|\n|move|p2a: Chansey|Stealth Rock|p1a: Quagsire\n|-sidestart|p1: NIANML|move: Stealth Rock\n|move|p1a: Quagsire|Toxic|p2a: Chansey|[miss]\n|-miss|p1a: Quagsire|p2a: Chansey\n|\n|upkeep\n|turn|60\n|\n|switch|p2a: Sableye|Sableye-Mega, M|84\/100\n|move|p1a: Quagsire|Toxic|p2a: Sableye\n|move|p2a: Sableye|Toxic|p1a: Quagsire|[from]Magic Bounce\n|-status|p1a: Quagsire|tox\n|\n|-damage|p1a: Quagsire|94\/100 tox|[from] psn\n|upkeep\n|turn|61\n|\n|switch|p1a: Charizard|Charizard-Mega-X, M|76\/100\n|-damage|p1a: Charizard|51\/100|[from] Stealth Rock\n|move|p2a: Sableye|Knock Off|p1a: Charizard\n|-damage|p1a: Charizard|33\/100\n|\n|upkeep\n|turn|62\n|\n|switch|p2a: Clefable|Clefable, M|100\/100\n|move|p1a: Charizard|Roost|p1a: Charizard\n|-heal|p1a: Charizard|84\/100\n|\n|upkeep\n|turn|63\n|\n|switch|p1a: Magearna|Magearna|96\/100\n|-damage|p1a: Magearna|90\/100|[from] Stealth Rock\n|move|p2a: Clefable|Moonblast|p1a: Magearna\n|-resisted|p1a: Magearna\n|-damage|p1a: Magearna|81\/100\n|-unboost|p1a: Magearna|spa|1\n|\n|-heal|p1a: Magearna|87\/100|[from] item: Leftovers\n|upkeep\n|turn|64\n|\n|switch|p2a: Toxapex|Toxapex, F|57\/100 brn\n|move|p1a: Magearna|Heart Swap|p2a: Toxapex\n|-swapboost|p1a: Magearna|p2a: Toxapex|[from] move: Heart Swap\n|\n|-heal|p1a: Magearna|93\/100|[from] item: Leftovers\n|-heal|p2a: Toxapex|63\/100 brn|[from] item: Black Sludge\n|-damage|p2a: Toxapex|57\/100 brn|[from] brn\n|upkeep\n|turn|65\n|\n|switch|p2a: Chansey|Chansey, F|82\/100\n|move|p1a: Magearna|Volt Switch|p2a: Chansey\n|-damage|p2a: Chansey|76\/100\n|\n|switch|p1a: Chansey|Chansey, F, shiny|64\/100\n|-damage|p1a: Chansey|51\/100|[from] Stealth Rock\n|\n|upkeep\n|turn|66\n|\n|switch|p2a: Sableye|Sableye-Mega, M|84\/100\n|move|p1a: Chansey|Wish|p1a: Chansey\n|\n|upkeep\n|turn|67\n|\n|move|p1a: Chansey|Protect|p1a: Chansey\n|-singleturn|p1a: Chansey|Protect\n|move|p2a: Sableye|Knock Off|p1a: Chansey\n|-activate|p1a: Chansey|move: Protect\n|\n|-heal|p1a: Chansey|100\/100|[from] move: Wish|[wisher] Chansey\n|upkeep\n|turn|68\n|\n|switch|p1a: Charizard|Charizard-Mega-X, M|84\/100\n|-damage|p1a: Charizard|59\/100|[from] Stealth Rock\n|move|p2a: Sableye|Knock Off|p1a: Charizard\n|-damage|p1a: Charizard|43\/100\n|\n|upkeep\n|turn|69\n|\n|switch|p2a: Clefable|Clefable, M|100\/100\n|move|p1a: Charizard|Roost|p1a: Charizard\n|-heal|p1a: Charizard|93\/100\n|\n|upkeep\n|turn|70\n|\n|switch|p1a: Magearna|Magearna|93\/100\n|-damage|p1a: Magearna|87\/100|[from] Stealth Rock\n|move|p2a: Clefable|Moonblast|p1a: Magearna\n|-resisted|p1a: Magearna\n|-damage|p1a: Magearna|77\/100\n|\n|-heal|p1a: Magearna|83\/100|[from] item: Leftovers\n|upkeep\n|turn|71\n|\n|switch|p2a: Toxapex|Toxapex, F|90\/100 brn\n|move|p1a: Magearna|Volt Switch|p2a: Toxapex\n|-supereffective|p2a: Toxapex\n|-damage|p2a: Toxapex|56\/100 brn\n|\n|switch|p1a: Chansey|Chansey, F, shiny|100\/100\n|-damage|p1a: Chansey|88\/100|[from] Stealth Rock\n|\n|-heal|p2a: Toxapex|62\/100 brn|[from] item: Black Sludge\n|-damage|p2a: Toxapex|56\/100 brn|[from] brn\n|upkeep\n|turn|72\n|\n|switch|p2a: Sableye|Sableye-Mega, M|84\/100\n|move|p1a: Chansey|Wish|p1a: Chansey\n|\n|upkeep\n|turn|73\n|\n|switch|p1a: Zapdos|Zapdos|62\/100 brn\n|-damage|p1a: Zapdos|38\/100 brn|[from] Stealth Rock\n|-ability|p1a: Zapdos|Pressure\n|switch|p2a: Chansey|Chansey, F|76\/100\n|\n|-heal|p1a: Zapdos|100\/100 brn|[from] move: Wish|[wisher] Chansey\n|-damage|p1a: Zapdos|94\/100 brn|[from] brn\n|upkeep\n|turn|74\n|inactive|NIANML has 135 seconds left.\n|\n|move|p1a: Zapdos|Toxic|p2a: Chansey|[miss]\n|-miss|p1a: Zapdos|p2a: Chansey\n|move|p2a: Chansey|Seismic Toss|p1a: Zapdos\n|-damage|p1a: Zapdos|68\/100 brn\n|\n|-damage|p1a: Zapdos|62\/100 brn|[from] brn\n|upkeep\n|turn|75\n|\n|move|p1a: Zapdos|Defog|p2a: Chansey\n|-unboost|p2a: Chansey|evasion|1\n|-sideend|p1: NIANML|Stealth Rock|[from] move: Defog|[of] p1a: Zapdos\n|move|p2a: Chansey|Seismic Toss|p1a: Zapdos\n|-damage|p1a: Zapdos|36\/100 brn\n|\n|-damage|p1a: Zapdos|30\/100 brn|[from] brn\n|upkeep\n|turn|76\n|\n|move|p1a: Zapdos|Roost|p1a: Zapdos\n|-heal|p1a: Zapdos|80\/100 brn\n|move|p2a: Chansey|Stealth Rock|p1a: Zapdos\n|-sidestart|p1: NIANML|move: Stealth Rock\n|\n|-damage|p1a: Zapdos|74\/100 brn|[from] brn\n|upkeep\n|turn|77\n|\n|switch|p2a: Magnezone|Magnezone|78\/100\n|move|p1a: Zapdos|Defog|p2a: Magnezone\n|-unboost|p2a: Magnezone|evasion|1\n|-sideend|p1: NIANML|Stealth Rock|[from] move: Defog|[of] p1a: Zapdos\n|\n|-damage|p1a: Zapdos|68\/100 brn|[from] brn\n|upkeep\n|turn|78\n|inactive|NIANML has 135 seconds left.\n|\n|switch|p2a: Chansey|Chansey, F|76\/100\n|switch|p1a: Charizard|Charizard-Mega-X, M|93\/100\n|\n|upkeep\n|turn|79\n|\n|switch|p1a: Zapdos|Zapdos|68\/100 brn\n|-ability|p1a: Zapdos|Pressure\n|move|p2a: Chansey|Soft-Boiled|p2a: Chansey\n|-heal|p2a: Chansey|100\/100\n|\n|-damage|p1a: Zapdos|62\/100 brn|[from] brn\n|upkeep\n|turn|80\n|\n|move|p1a: Zapdos|Toxic|p2a: Chansey|[miss]\n|-miss|p1a: Zapdos|p2a: Chansey\n|move|p2a: Chansey|Stealth Rock|p1a: Zapdos\n|-sidestart|p1: NIANML|move: Stealth Rock\n|\n|-damage|p1a: Zapdos|56\/100 brn|[from] brn\n|upkeep\n|turn|81\n|inactive|NIANML has 135 seconds left.\n|\n|switch|p2a: Magnezone|Magnezone|78\/100\n|move|p1a: Zapdos|Defog|p2a: Magnezone\n|-unboost|p2a: Magnezone|evasion|1\n|-sideend|p1: NIANML|Stealth Rock|[from] move: Defog|[of] p1a: Zapdos\n|\n|-damage|p1a: Zapdos|50\/100 brn|[from] brn\n|upkeep\n|turn|82\n|\n|switch|p2a: Chansey|Chansey, F|100\/100\n|switch|p1a: Charizard|Charizard-Mega-X, M|93\/100\n|\n|upkeep\n|turn|83\n|\n|switch|p1a: Zapdos|Zapdos|50\/100 brn\n|-ability|p1a: Zapdos|Pressure\n|move|p2a: Chansey|Stealth Rock|p1a: Zapdos\n|-sidestart|p1: NIANML|move: Stealth Rock\n|\n|-damage|p1a: Zapdos|44\/100 brn|[from] brn\n|upkeep\n|turn|84\n|inactive|Q114 has 135 seconds left.\n|\n|switch|p2a: Magnezone|Magnezone|78\/100\n|move|p1a: Zapdos|Roost|p1a: Zapdos\n|-heal|p1a: Zapdos|94\/100 brn\n|\n|-damage|p1a: Zapdos|88\/100 brn|[from] brn\n|upkeep\n|turn|85\n|\n|switch|p1a: Quagsire|Quagsire, M|94\/100 tox\n|-damage|p1a: Quagsire|88\/100 tox|[from] Stealth Rock\n|move|p2a: Magnezone|Volt Switch|p1a: Quagsire\n|-immune|p1a: Quagsire|[msg]\n|\n|-heal|p1a: Quagsire|94\/100 tox|[from] item: Leftovers\n|-damage|p1a: Quagsire|88\/100 tox|[from] psn\n|upkeep\n|turn|86\n|inactive|NIANML has 135 seconds left.\n|inactive|NIANML has 120 seconds left.\n|\n|switch|p2a: Toxapex|Toxapex, F|89\/100 brn\n|switch|p1a: Magearna|Magearna|83\/100\n|-damage|p1a: Magearna|77\/100|[from] Stealth Rock\n|\n|-heal|p1a: Magearna|83\/100|[from] item: Leftovers\n|-heal|p2a: Toxapex|95\/100 brn|[from] item: Black Sludge\n|-damage|p2a: Toxapex|89\/100 brn|[from] brn\n|upkeep\n|turn|87\n|\n|move|p1a: Magearna|Volt Switch|p2a: Toxapex\n|-supereffective|p2a: Toxapex\n|-damage|p2a: Toxapex|54\/100 brn\n|\n|switch|p1a: Zapdos|Zapdos|88\/100 brn\n|-damage|p1a: Zapdos|64\/100 brn|[from] Stealth Rock\n|-ability|p1a: Zapdos|Pressure\n|move|p2a: Toxapex|Scald|p1a: Zapdos\n|-damage|p1a: Zapdos|48\/100 brn\n|\n|-heal|p2a: Toxapex|60\/100 brn|[from] item: Black Sludge\n|-damage|p1a: Zapdos|42\/100 brn|[from] brn\n|-damage|p2a: Toxapex|54\/100 brn|[from] brn\n|upkeep\n|turn|88\n|\n|switch|p2a: Magnezone|Magnezone|78\/100\n|move|p1a: Zapdos|Roost|p1a: Zapdos\n|-heal|p1a: Zapdos|92\/100 brn\n|\n|-damage|p1a: Zapdos|86\/100 brn|[from] brn\n|upkeep\n|turn|89\n|j| koudaimi\n|inactive|NIANML has 135 seconds left.\n|\n|switch|p1a: Quagsire|Quagsire, M|88\/100 tox\n|-damage|p1a: Quagsire|82\/100 tox|[from] Stealth Rock\n|move|p2a: Magnezone|Volt Switch|p1a: Quagsire\n|-immune|p1a: Quagsire|[msg]\n|\n|-heal|p1a: Quagsire|88\/100 tox|[from] item: Leftovers\n|-damage|p1a: Quagsire|82\/100 tox|[from] psn\n|upkeep\n|turn|90\n|\n|switch|p2a: Chansey|Chansey, F|100\/100\n|move|p1a: Quagsire|Earthquake|p2a: Chansey\n|-damage|p2a: Chansey|80\/100\n|\n|-heal|p1a: Quagsire|88\/100 tox|[from] item: Leftovers\n|-damage|p1a: Quagsire|76\/100 tox|[from] psn\n|upkeep\n|turn|91\n|\n|switch|p2a: Sableye|Sableye-Mega, M|84\/100\n|move|p1a: Quagsire|Toxic|p2a: Sableye\n|move|p2a: Sableye|Toxic|p1a: Quagsire|[from]Magic Bounce\n|-fail|p1a: Quagsire|tox\n|\n|-heal|p1a: Quagsire|82\/100 tox|[from] item: Leftovers\n|-damage|p1a: Quagsire|64\/100 tox|[from] psn\n|upkeep\n|turn|92\n|\n|switch|p1a: Charizard|Charizard-Mega-X, M|93\/100\n|-damage|p1a: Charizard|68\/100|[from] Stealth Rock\n|move|p2a: Sableye|Knock Off|p1a: Charizard\n|-damage|p1a: Charizard|50\/100\n|\n|upkeep\n|turn|93\n|\n|switch|p2a: Clefable|Clefable, M|100\/100\n|move|p1a: Charizard|Roost|p1a: Charizard\n|-heal|p1a: Charizard|100\/100\n|\n|upkeep\n|turn|94\n|\n|switch|p1a: Magearna|Magearna|83\/100\n|-damage|p1a: Magearna|77\/100|[from] Stealth Rock\n|move|p2a: Clefable|Moonblast|p1a: Magearna\n|-resisted|p1a: Magearna\n|-damage|p1a: Magearna|68\/100\n|-unboost|p1a: Magearna|spa|1\n|\n|-heal|p1a: Magearna|74\/100|[from] item: Leftovers\n|upkeep\n|turn|95\n|\n|switch|p2a: Toxapex|Toxapex, F|88\/100 brn\n|move|p1a: Magearna|Volt Switch|p2a: Toxapex\n|-supereffective|p2a: Toxapex\n|-damage|p2a: Toxapex|67\/100 brn\n|\n|switch|p1a: Mew|Mew|94\/100\n|-damage|p1a: Mew|81\/100|[from] Stealth Rock\n|\n|-heal|p1a: Mew|88\/100|[from] item: Leftovers\n|-heal|p2a: Toxapex|72\/100 brn|[from] item: Black Sludge\n|-damage|p2a: Toxapex|67\/100 brn|[from] brn\n|upkeep\n|turn|96\n|\n|switch|p2a: Sableye|Sableye-Mega, M|84\/100\n|move|p1a: Mew|Stealth Rock|p2a: Sableye\n|move|p2a: Sableye|Stealth Rock|p1a: Mew|[from]Magic Bounce\n|-fail|p2a: Sableye\n|\n|-heal|p1a: Mew|94\/100|[from] item: Leftovers\n|upkeep\n|turn|97\n|inactive|NIANML has 135 seconds left.\n|\n|move|p1a: Mew|Will-O-Wisp|p2a: Sableye\n|move|p2a: Sableye|Will-O-Wisp|p1a: Mew|[from]Magic Bounce\n|-status|p1a: Mew|brn\n|-activate|p1a: Mew|ability: Synchronize\n|-status|p2a: Sableye|brn\n|move|p2a: Sableye|Knock Off|p1a: Mew\n|-supereffective|p1a: Mew\n|-damage|p1a: Mew|71\/100 brn\n|-enditem|p1a: Mew|Leftovers|[from] move: Knock Off|[of] p2a: Sableye\n|\n|-damage|p1a: Mew|65\/100 brn|[from] brn\n|-damage|p2a: Sableye|78\/100 brn|[from] brn\n|upkeep\n|turn|98\n|inactive|NIANML has 135 seconds left.\n|inactive|Q114 has 135 seconds left.\n|j| djok barra hi\n|inactive|NIANML has 120 seconds left.\n|\n|switch|p2a: Clefable|Clefable, M|100\/100\n|move|p1a: Mew|Soft-Boiled|p1a: Mew\n|-heal|p1a: Mew|100\/100 brn\n|\n|-damage|p1a: Mew|94\/100 brn|[from] brn\n|upkeep\n|turn|99\n|\n|move|p1a: Mew|Stealth Rock|p2a: Clefable\n|-sidestart|p2: Q114|move: Stealth Rock\n|move|p2a: Clefable|Heal Bell|p2a: Clefable\n|-activate|p2a: Clefable|move: Heal Bell\n|-curestatus|p2: Toxapex|brn|[msg]\n|-curestatus|p2: Sableye|brn|[msg]\n|\n|-damage|p1a: Mew|88\/100 brn|[from] brn\n|upkeep\n|turn|100\n|\n|switch|p1a: Chansey|Chansey, F, shiny|88\/100\n|-damage|p1a: Chansey|76\/100|[from] Stealth Rock\n|switch|p2a: Sableye|Sableye-Mega, M|78\/100\n|-damage|p2a: Sableye|66\/100|[from] Stealth Rock\n|\n|upkeep\n|turn|101\n|\n|move|p1a: Chansey|Protect|p1a: Chansey\n|-singleturn|p1a: Chansey|Protect\n|move|p2a: Sableye|Recover|p2a: Sableye\n|-heal|p2a: Sableye|100\/100\n|\n|upkeep\n|turn|102\n|\n|switch|p1a: Charizard|Charizard-Mega-X, M|100\/100\n|-damage|p1a: Charizard|76\/100|[from] Stealth Rock\n|move|p2a: Sableye|Knock Off|p1a: Charizard\n|-damage|p1a: Charizard|58\/100\n|\n|upkeep\n|turn|103\n|\n|switch|p2a: Toxapex|Toxapex, F|99\/100\n|-damage|p2a: Toxapex|88\/100|[from] Stealth Rock\n|move|p1a: Charizard|Fire Punch|p2a: Toxapex\n|-resisted|p2a: Toxapex\n|-damage|p2a: Toxapex|75\/100\n|\n|-heal|p2a: Toxapex|81\/100|[from] item: Black Sludge\n|upkeep\n|turn|104\n|\n|move|p1a: Charizard|Earthquake|p2a: Toxapex\n|-supereffective|p2a: Toxapex\n|-damage|p2a: Toxapex|43\/100\n|move|p2a: Toxapex|Toxic Spikes|p1a: Charizard\n|-sidestart|p1: NIANML|move: Toxic Spikes\n|\n|-heal|p2a: Toxapex|49\/100|[from] item: Black Sludge\n|upkeep\n|turn|105\n|\n|switch|p2a: Clefable|Clefable, M|100\/100\n|-damage|p2a: Clefable|88\/100|[from] Stealth Rock\n|move|p1a: Charizard|Roost|p1a: Charizard\n|-heal|p1a: Charizard|100\/100\n|\n|-heal|p2a: Clefable|94\/100|[from] item: Leftovers\n|upkeep\n|turn|106\n|inactive|NIANML has 135 seconds left.\n|inactive|Q114 has 135 seconds left.\n|\n|switch|p1a: Magearna|Magearna|74\/100\n|-damage|p1a: Magearna|68\/100|[from] Stealth Rock\n|move|p2a: Clefable|Moonblast|p1a: Magearna\n|-resisted|p1a: Magearna\n|-damage|p1a: Magearna|59\/100\n|-unboost|p1a: Magearna|spa|1\n|\n|-heal|p1a: Magearna|65\/100|[from] item: Leftovers\n|-heal|p2a: Clefable|99\/100|[from] item: Leftovers\n|upkeep\n|turn|107\n|\n|switch|p2a: Toxapex|Toxapex, F|82\/100\n|-damage|p2a: Toxapex|70\/100|[from] Stealth Rock\n|move|p1a: Magearna|Heart Swap|p2a: Toxapex\n|-swapboost|p1a: Magearna|p2a: Toxapex|[from] move: Heart Swap\n|\n|-heal|p1a: Magearna|71\/100|[from] item: Leftovers\n|-heal|p2a: Toxapex|76\/100|[from] item: Black Sludge\n|upkeep\n|turn|108\n|\n|move|p1a: Magearna|Volt Switch|p2a: Toxapex\n|-supereffective|p2a: Toxapex\n|-crit|p2a: Toxapex\n|-damage|p2a: Toxapex|25\/100\n|\n|switch|p1a: Zapdos|Zapdos|86\/100 brn\n|-damage|p1a: Zapdos|61\/100 brn|[from] Stealth Rock\n|-ability|p1a: Zapdos|Pressure\n|move|p2a: Toxapex|Scald|p1a: Zapdos\n|-damage|p1a: Zapdos|49\/100 brn\n|\n|-heal|p2a: Toxapex|31\/100|[from] item: Black Sludge\n|-damage|p1a: Zapdos|43\/100 brn|[from] brn\n|upkeep\n|turn|109\n|\n|switch|p2a: Magnezone|Magnezone|78\/100\n|-damage|p2a: Magnezone|72\/100|[from] Stealth Rock\n|move|p1a: Zapdos|Defog|p2a: Magnezone\n|-unboost|p2a: Magnezone|evasion|1\n|-sideend|p2: Q114|Stealth Rock|[from] move: Defog|[of] p2a: Magnezone\n|-sideend|p1: NIANML|Toxic Spikes|[from] move: Defog|[of] p1a: Zapdos\n|-sideend|p1: NIANML|Stealth Rock|[from] move: Defog|[of] p1a: Zapdos\n|\n|-damage|p1a: Zapdos|37\/100 brn|[from] brn\n|upkeep\n|turn|110\n|\n|switch|p1a: Charizard|Charizard-Mega-X, M|100\/100\n|move|p2a: Magnezone|Flash Cannon|p1a: Charizard\n|-resisted|p1a: Charizard\n|-damage|p1a: Charizard|83\/100\n|-unboost|p1a: Charizard|spd|1\n|\n|upkeep\n|turn|111\n|\n|switch|p2a: Clefable|Clefable, M|99\/100\n|move|p1a: Charizard|Earthquake|p2a: Clefable\n|-damage|p2a: Clefable|77\/100\n|\n|-heal|p2a: Clefable|83\/100|[from] item: Leftovers\n|upkeep\n|turn|112\n|\n|switch|p1a: Chansey|Chansey, F, shiny|76\/100\n|switch|p2a: Chansey|Chansey, F|80\/100\n|\n|upkeep\n|turn|113\n|\n|move|p2a: Chansey|Stealth Rock|p1a: Chansey\n|-sidestart|p1: NIANML|move: Stealth Rock\n|move|p1a: Chansey|Heal Bell|p1a: Chansey\n|-activate|p1a: Chansey|move: Heal Bell\n|-curestatus|p1: Quagsire|tox|[msg]\n|-curestatus|p1: Mew|brn|[msg]\n|-curestatus|p1: Zapdos|brn|[msg]\n|\n|upkeep\n|turn|114\n|\n|switch|p2a: Toxapex|Toxapex, F|65\/100\n|move|p1a: Chansey|Wish|p1a: Chansey\n|\n|-heal|p2a: Toxapex|70\/100|[from] item: Black Sludge\n|upkeep\n|turn|115\n|l| Catalycsm\n|\n|switch|p1a: Zapdos|Zapdos|37\/100\n|-damage|p1a: Zapdos|13\/100|[from] Stealth Rock\n|-ability|p1a: Zapdos|Pressure\n|switch|p2a: Chansey|Chansey, F|80\/100\n|\n|-heal|p1a: Zapdos|100\/100|[from] move: Wish|[wisher] Chansey\n|upkeep\n|turn|116\n|\n|switch|p2a: Magnezone|Magnezone|72\/100\n|move|p1a: Zapdos|Toxic|p2a: Magnezone\n|-immune|p2a: Magnezone|[msg]\n|\n|upkeep\n|turn|117\n|\n|switch|p2a: Chansey|Chansey, F|80\/100\n|switch|p1a: Quagsire|Quagsire, M|64\/100\n|-damage|p1a: Quagsire|58\/100|[from] Stealth Rock\n|\n|-heal|p1a: Quagsire|64\/100|[from] item: Leftovers\n|upkeep\n|turn|118\n|\n|move|p2a: Chansey|Toxic|p1a: Quagsire\n|-status|p1a: Quagsire|tox\n|move|p1a: Quagsire|Recover|p1a: Quagsire\n|-heal|p1a: Quagsire|100\/100 tox\n|\n|-damage|p1a: Quagsire|94\/100 tox|[from] psn\n|upkeep\n|turn|119\n|\n|switch|p2a: Toxapex|Toxapex, F|100\/100\n|move|p1a: Quagsire|Toxic|p2a: Toxapex|[miss]\n|-miss|p1a: Quagsire|p2a: Toxapex\n|\n|-heal|p1a: Quagsire|100\/100 tox|[from] item: Leftovers\n|-damage|p1a: Quagsire|88\/100 tox|[from] psn\n|upkeep\n|turn|120\n|\n|move|p2a: Toxapex|Toxic Spikes|p1a: Quagsire\n|-sidestart|p1: NIANML|move: Toxic Spikes\n|move|p1a: Quagsire|Earthquake|p2a: Toxapex\n|-supereffective|p2a: Toxapex\n|-damage|p2a: Toxapex|63\/100\n|\n|-heal|p2a: Toxapex|69\/100|[from] item: Black Sludge\n|-heal|p1a: Quagsire|94\/100 tox|[from] item: Leftovers\n|-damage|p1a: Quagsire|76\/100 tox|[from] psn\n|upkeep\n|turn|121\n|\n|switch|p2a: Sableye|Sableye-Mega, M|100\/100\n|switch|p1a: Magearna|Magearna|71\/100\n|-damage|p1a: Magearna|65\/100|[from] Stealth Rock\n|\n|-heal|p1a: Magearna|71\/100|[from] item: Leftovers\n|upkeep\n|turn|122\n|inactive|NIANML has 135 seconds left.\n|\n|switch|p2a: Toxapex|Toxapex, F|100\/100\n|move|p1a: Magearna|Volt Switch|p2a: Toxapex\n|-supereffective|p2a: Toxapex\n|-damage|p2a: Toxapex|67\/100\n|\n|switch|p1a: Zapdos|Zapdos|100\/100\n|-damage|p1a: Zapdos|76\/100|[from] Stealth Rock\n|-ability|p1a: Zapdos|Pressure\n|\n|-heal|p2a: Toxapex|73\/100|[from] item: Black Sludge\n|upkeep\n|turn|123\n|\n|switch|p2a: Chansey|Chansey, F|80\/100\n|move|p1a: Zapdos|Defog|p2a: Chansey\n|-unboost|p2a: Chansey|evasion|1\n|-sideend|p1: NIANML|Toxic Spikes|[from] move: Defog|[of] p1a: Zapdos\n|-sideend|p1: NIANML|Stealth Rock|[from] move: Defog|[of] p1a: Zapdos\n|\n|upkeep\n|turn|124\n|\n|move|p1a: Zapdos|Discharge|p2a: Chansey\n|-damage|p2a: Chansey|70\/100\n|move|p2a: Chansey|Stealth Rock|p1a: Zapdos\n|-sidestart|p1: NIANML|move: Stealth Rock\n|\n|upkeep\n|turn|125\n|\n|move|p1a: Zapdos|Defog|p2a: Chansey\n|-unboost|p2a: Chansey|evasion|1\n|-sideend|p1: NIANML|Stealth Rock|[from] move: Defog|[of] p1a: Zapdos\n|move|p2a: Chansey|Toxic|p1a: Zapdos\n|-status|p1a: Zapdos|tox\n|\n|-damage|p1a: Zapdos|70\/100 tox|[from] psn\n|upkeep\n|turn|126\n|\n|move|p1a: Zapdos|Toxic|p2a: Chansey\n|-status|p2a: Chansey|tox\n|move|p2a: Chansey|Seismic Toss|p1a: Zapdos\n|-damage|p1a: Zapdos|44\/100 tox\n|\n|-damage|p1a: Zapdos|32\/100 tox|[from] psn\n|-damage|p2a: Chansey|64\/100 tox|[from] psn\n|upkeep\n|turn|127\n|\n|-curestatus|p2a: Chansey|tox|[from] ability: Natural Cure\n|switch|p2a: Magnezone|Magnezone|72\/100\n|move|p1a: Zapdos|Roost|p1a: Zapdos\n|-heal|p1a: Zapdos|82\/100 tox\n|\n|-damage|p1a: Zapdos|64\/100 tox|[from] psn\n|upkeep\n|turn|128\n|\n|switch|p2a: Skarmory|Skarmory, M|100\/100\n|switch|p1a: Charizard|Charizard-Mega-X, M|83\/100\n|\n|upkeep\n|turn|129\n|\n|move|p1a: Charizard|Fire Punch|p2a: Skarmory\n|-supereffective|p2a: Skarmory\n|-damage|p2a: Skarmory|46\/100\n|-damage|p1a: Charizard|67\/100|[from] item: Rocky Helmet|[of] p2a: Skarmory\n|move|p2a: Skarmory|Spikes|p1a: Charizard\n|-sidestart|p1: NIANML|Spikes\n|\n|upkeep\n|turn|130\n|inactive|NIANML has 135 seconds left.\n|\n|switch|p2a: Toxapex|Toxapex, F|100\/100\n|move|p1a: Charizard|Earthquake|p2a: Toxapex\n|-supereffective|p2a: Toxapex\n|-damage|p2a: Toxapex|68\/100\n|\n|-heal|p2a: Toxapex|74\/100|[from] item: Black Sludge\n|upkeep\n|turn|131\n|\n|move|p1a: Charizard|Earthquake|p2a: Toxapex\n|-supereffective|p2a: Toxapex\n|-damage|p2a: Toxapex|42\/100\n|move|p2a: Toxapex|Toxic Spikes|p1a: Charizard\n|-sidestart|p1: NIANML|move: Toxic Spikes\n|\n|-heal|p2a: Toxapex|48\/100|[from] item: Black Sludge\n|upkeep\n|turn|132\n|\n|switch|p2a: Clefable|Clefable, M|83\/100\n|move|p1a: Charizard|Earthquake|p2a: Clefable\n|-damage|p2a: Clefable|62\/100\n|\n|-heal|p2a: Clefable|68\/100|[from] item: Leftovers\n|upkeep\n|turn|133\n|\n|move|p1a: Charizard|Fire Punch|p2a: Clefable\n|-damage|p2a: Clefable|34\/100\n|-status|p2a: Clefable|brn\n|move|p2a: Clefable|Wish|p2a: Clefable\n|\n|-heal|p2a: Clefable|40\/100 brn|[from] item: Leftovers\n|-damage|p2a: Clefable|34\/100 brn|[from] brn\n|upkeep\n|turn|134\n|\n|move|p2a: Clefable|Protect|p2a: Clefable\n|-singleturn|p2a: Clefable|Protect\n|move|p1a: Charizard|Fire Punch|p2a: Clefable\n|-activate|p2a: Clefable|move: Protect\n|\n|-heal|p2a: Clefable|84\/100 brn|[from] move: Wish|[wisher] Clefable\n|-heal|p2a: Clefable|90\/100 brn|[from] item: Leftovers\n|-damage|p2a: Clefable|84\/100 brn|[from] brn\n|upkeep\n|turn|135\n|\n|move|p1a: Charizard|Fire Punch|p2a: Clefable\n|-damage|p2a: Clefable|53\/100 brn\n|move|p2a: Clefable|Wish|p2a: Clefable\n|\n|-heal|p2a: Clefable|59\/100 brn|[from] item: Leftovers\n|-damage|p2a: Clefable|53\/100 brn|[from] brn\n|upkeep\n|turn|136\n|\n|move|p1a: Charizard|Roost|p1a: Charizard\n|-heal|p1a: Charizard|100\/100\n|move|p2a: Clefable|Heal Bell|p2a: Clefable\n|-activate|p2a: Clefable|move: Heal Bell\n|-curestatus|p2a: Clefable|brn|[msg]\n|\n|-heal|p2a: Clefable|100\/100|[from] move: Wish|[wisher] Clefable\n|upkeep\n|turn|137\n|\n|switch|p1a: Zapdos|Zapdos|64\/100 tox\n|-ability|p1a: Zapdos|Pressure\n|move|p2a: Clefable|Moonblast|p1a: Zapdos\n|-damage|p1a: Zapdos|33\/100 tox\n|\n|-damage|p1a: Zapdos|27\/100 tox|[from] psn\n|upkeep\n|turn|138\n|\n|move|p1a: Zapdos|Roost|p1a: Zapdos\n|-heal|p1a: Zapdos|77\/100 tox\n|move|p2a: Clefable|Moonblast|p1a: Zapdos\n|-damage|p1a: Zapdos|45\/100 tox\n|\n|-damage|p1a: Zapdos|33\/100 tox|[from] psn\n|upkeep\n|turn|139\n|\n|switch|p1a: Magearna|Magearna|71\/100\n|-damage|p1a: Magearna|58\/100|[from] Spikes\n|switch|p2a: Chansey|Chansey, F|64\/100\n|\n|-heal|p1a: Magearna|65\/100|[from] item: Leftovers\n|upkeep\n|turn|140\n|l| ids gzy\n|\n|move|p1a: Magearna|Pain Split|p2a: Chansey\n|-sethp|p2a: Chansey|49\/100|p1a: Magearna|93\/100|[from] move: Pain Split\n|move|p2a: Chansey|Soft-Boiled|p2a: Chansey\n|-heal|p2a: Chansey|99\/100\n|\n|-heal|p1a: Magearna|99\/100|[from] item: Leftovers\n|upkeep\n|turn|141\n|\n|switch|p2a: Toxapex|Toxapex, F|81\/100\n|move|p1a: Magearna|Volt Switch|p2a: Toxapex\n|-supereffective|p2a: Toxapex\n|-damage|p2a: Toxapex|51\/100\n|l| koudaimi\n|\n|switch|p1a: Zapdos|Zapdos|33\/100 tox\n|-ability|p1a: Zapdos|Pressure\n|\n|-heal|p2a: Toxapex|57\/100|[from] item: Black Sludge\n|-damage|p1a: Zapdos|27\/100 tox|[from] psn\n|upkeep\n|turn|142\n|\n|switch|p2a: Magnezone|Magnezone|72\/100\n|move|p1a: Zapdos|Roost|p1a: Zapdos\n|-heal|p1a: Zapdos|77\/100 tox\n|\n|-damage|p1a: Zapdos|65\/100 tox|[from] psn\n|upkeep\n|turn|143\n|inactive|NIANML has 135 seconds left.\n|inactive|NIANML has 120 seconds left.\n|\n|switch|p2a: Clefable|Clefable, M|100\/100\n|switch|p1a: Quagsire|Quagsire, M|76\/100 tox\n|-damage|p1a: Quagsire|64\/100 tox|[from] Spikes\n|\n|-heal|p1a: Quagsire|70\/100 tox|[from] item: Leftovers\n|-damage|p1a: Quagsire|64\/100 tox|[from] psn\n|upkeep\n|turn|144\n|\n|switch|p2a: Skarmory|Skarmory, M|46\/100\n|move|p1a: Quagsire|Toxic|p2a: Skarmory\n|-immune|p2a: Skarmory|[msg]\n|\n|-heal|p1a: Quagsire|70\/100 tox|[from] item: Leftovers\n|-damage|p1a: Quagsire|58\/100 tox|[from] psn\n|upkeep\n|turn|145\n|\n|move|p2a: Skarmory|Roost|p2a: Skarmory\n|-heal|p2a: Skarmory|96\/100\n|move|p1a: Quagsire|Recover|p1a: Quagsire\n|-heal|p1a: Quagsire|100\/100 tox\n|\n|-damage|p1a: Quagsire|82\/100 tox|[from] psn\n|upkeep\n|turn|146\n|inactive|NIANML has 135 seconds left.\n|\n|switch|p2a: Chansey|Chansey, F|99\/100\n|switch|p1a: Zapdos|Zapdos|65\/100 tox\n|-ability|p1a: Zapdos|Pressure\n|\n|-damage|p1a: Zapdos|59\/100 tox|[from] psn\n|upkeep\n|turn|147\n|\n|move|p1a: Zapdos|Roost|p1a: Zapdos\n|-heal|p1a: Zapdos|100\/100 tox\n|move|p2a: Chansey|Seismic Toss|p1a: Zapdos\n|-damage|p1a: Zapdos|74\/100 tox\n|\n|-damage|p1a: Zapdos|62\/100 tox|[from] psn\n|upkeep\n|turn|148\n|inactive|NIANML has 135 seconds left.\n|\n|move|p1a: Zapdos|Toxic|p2a: Chansey\n|-status|p2a: Chansey|tox\n|move|p2a: Chansey|Seismic Toss|p1a: Zapdos\n|-damage|p1a: Zapdos|36\/100 tox\n|\n|-damage|p1a: Zapdos|18\/100 tox|[from] psn\n|-damage|p2a: Chansey|93\/100 tox|[from] psn\n|upkeep\n|turn|149\n|\n|move|p1a: Zapdos|Roost|p1a: Zapdos\n|-heal|p1a: Zapdos|68\/100 tox\n|move|p2a: Chansey|Seismic Toss|p1a: Zapdos\n|-damage|p1a: Zapdos|42\/100 tox\n|\n|-damage|p1a: Zapdos|18\/100 tox|[from] psn\n|-damage|p2a: Chansey|80\/100 tox|[from] psn\n|upkeep\n|turn|150\n|\n|move|p1a: Zapdos|Defog|p2a: Chansey\n|-unboost|p2a: Chansey|evasion|1\n|-sideend|p1: NIANML|Spikes|[from] move: Defog|[of] p1a: Zapdos\n|-sideend|p1: NIANML|Toxic Spikes|[from] move: Defog|[of] p1a: Zapdos\n|move|p2a: Chansey|Stealth Rock|p1a: Zapdos\n|-sidestart|p1: NIANML|move: Stealth Rock\n|\n|-damage|p1a: Zapdos|0 fnt|[from] psn\n|-damage|p2a: Chansey|62\/100 tox|[from] psn\n|upkeep\n|faint|p1a: Zapdos\n|\n|switch|p1a: Charizard|Charizard-Mega-X, M|100\/100\n|-damage|p1a: Charizard|76\/100|[from] Stealth Rock\n|turn|151\n|inactive|NIANML has 135 seconds left.\n|inactive|NIANML has 120 seconds left.\n|inactive|NIANML has 105 seconds left.\n|inactive|NIANML has 90 seconds left.\n|inactive|NIANML has 75 seconds left.\n|inactive|NIANML has 60 seconds left.\n|inactive|NIANML has 45 seconds left.\n|inactive|NIANML has 30 seconds left.\n|inactive|NIANML has 20 seconds left.\n|inactive|NIANML has 15 seconds left.\n|inactive|NIANML has 10 seconds left.\n|inactive|NIANML has 5 seconds left.\n|-message|NIANML lost due to inactivity.\n|\n|win|Q114\n|raw|NIANML's rating: 1791 &rarr; <strong>1770<\/strong><br \/>(-21 for losing)\n|raw|Q114's rating: 1769 &rarr; <strong>1791<\/strong><br \/>(+22 for winning)\n","inputlog":null,"uploadtime":1519287218,"views":46,"p1id":"nianml","p2id":"q114","formatid":"gen7ou","rating":1770,"private":0,"password":null}