{"id":"gen7ou-935342541","p1":"Peerless Dad","p2":"ghecisbestvillain","format":"gen7ou","log":"|j|\u2606Peerless Dad\n|j|\u2606ghecisbestvillain\n|player|p1|Peerless Dad|170\n|player|p2|ghecisbestvillain|87\n|teamsize|p1|6\n|teamsize|p2|6\n|gametype|singles\n|gen|7\n|tier|[Gen 7] OU\n|rated|\n|rule|Sleep Clause Mod: Limit one foe put to sleep\n|rule|Species Clause: Limit one of each Pok\u00e9mon\n|rule|OHKO Clause: OHKO moves are banned\n|rule|Moody Clause: Moody is banned\n|rule|Evasion Moves Clause: Evasion moves are banned\n|rule|Endless Battle Clause: Forcing endless battles is banned\n|rule|HP Percentage Mod: HP is shown in percentages\n|clearpoke\n|poke|p1|Scizor, M|item\n|poke|p1|Garchomp, F|item\n|poke|p1|Greninja, F|item\n|poke|p1|Tangrowth, F|item\n|poke|p1|Tornadus-Therian, M|item\n|poke|p1|Victini|item\n|poke|p2|Hawlucha, M|item\n|poke|p2|Clefable, F|item\n|poke|p2|Charizard, M|item\n|poke|p2|Tapu Koko|item\n|poke|p2|Magearna|item\n|poke|p2|Kyurem-Black|item\n|teampreview\n|inactive|Battle timer is ON: inactive players will automatically lose when time's up. (requested by ghecisbestvillain)\n|j| ah la dvd\n|\n|start\n|switch|p1a: Greninja|Greninja, F|100\/100\n|switch|p2a: Tapu Koko|Tapu Koko|100\/100\n|-fieldstart|move: Electric Terrain|[from] ability: Electric Surge|[of] p2a: Tapu Koko\n|turn|1\n|\n|switch|p1a: Garchomp|Garchomp, F|100\/100\n|move|p2a: Tapu Koko|Light Screen|p2a: Tapu Koko\n|-sidestart|p2: ghecisbestvillain|move: Light Screen\n|\n|upkeep\n|turn|2\n|inactive|ghecisbestvillain has 120 seconds left.\n|\n|move|p2a: Tapu Koko|Reflect|p2a: Tapu Koko\n|-sidestart|p2: ghecisbestvillain|Reflect\n|move|p1a: Garchomp|Stealth Rock|p2a: Tapu Koko\n|-sidestart|p2: ghecisbestvillain|move: Stealth Rock\n|\n|upkeep\n|turn|3\n|\n|move|p2a: Tapu Koko|Defog|p1a: Garchomp\n|-unboost|p1a: Garchomp|evasion|1\n|-sideend|p2: ghecisbestvillain|Stealth Rock|[from] move: Defog|[of] p2a: Tapu Koko\n|move|p1a: Garchomp|Swords Dance|p1a: Garchomp\n|-boost|p1a: Garchomp|atk|2\n|\n|upkeep\n|turn|4\n|\n|move|p2a: Tapu Koko|Taunt|p1a: Garchomp\n|-start|p1a: Garchomp|move: Taunt\n|cant|p1a: Garchomp|move: Taunt|Stealth Rock\n|\n|upkeep\n|turn|5\n|\n|switch|p2a: Hawlucha|Hawlucha, M|100\/100\n|-enditem|p2a: Hawlucha|Electric Seed\n|-boost|p2a: Hawlucha|def|1\n|move|p1a: Garchomp|Earthquake|p2a: Hawlucha\n|-immune|p2a: Hawlucha\n|\n|-fieldend|move: Electric Terrain\n|upkeep\n|turn|6\n|\n|move|p2a: Hawlucha|Swords Dance|p2a: Hawlucha\n|-boost|p2a: Hawlucha|atk|2\n|-zpower|p1a: Garchomp\n|move|p1a: Garchomp|Continental Crush|p2a: Hawlucha|[zeffect]\n|-damage|p2a: Hawlucha|37\/100\n|\n|-end|p1a: Garchomp|move: Taunt\n|upkeep\n|turn|7\n|\n|move|p2a: Hawlucha|Drain Punch|p1a: Garchomp\n|-damage|p1a: Garchomp|32\/100\n|-heal|p2a: Hawlucha|78\/100|[from] drain|[of] p1a: Garchomp\n|-damage|p2a: Hawlucha|66\/100|[from] ability: Rough Skin|[of] p1a: Garchomp\n|move|p1a: Garchomp|Stealth Rock|p2a: Hawlucha\n|-sidestart|p2: ghecisbestvillain|move: Stealth Rock\n|\n|upkeep\n|turn|8\n|\n|move|p2a: Hawlucha|Drain Punch|p1a: Garchomp\n|-damage|p1a: Garchomp|0 fnt\n|-heal|p2a: Hawlucha|85\/100|[from] drain|[of] p1a: Garchomp\n|-damage|p2a: Hawlucha|72\/100|[from] ability: Rough Skin|[of] p1a: Garchomp\n|faint|p1a: Garchomp\n|\n|-sideend|p2: ghecisbestvillain|move: Light Screen\n|upkeep\n|\n|switch|p1a: Tornadus|Tornadus-Therian, M|100\/100\n|turn|9\n|\n|move|p2a: Hawlucha|Acrobatics|p1a: Tornadus\n|-damage|p1a: Tornadus|0 fnt\n|-damage|p2a: Hawlucha|56\/100|[from] item: Rocky Helmet|[of] p1a: Tornadus\n|faint|p1a: Tornadus\n|\n|-sideend|p2: ghecisbestvillain|Reflect\n|upkeep\n|\n|switch|p1a: Greninja|Greninja, F|100\/100\n|turn|10\n|\n|move|p1a: Greninja|Ice Beam|p2a: Hawlucha\n|-start|p1a: Greninja|typechange|Ice|[from] ability: Protean\n|-supereffective|p2a: Hawlucha\n|-damage|p2a: Hawlucha|0 fnt\n|faint|p2a: Hawlucha\n|\n|upkeep\n|\n|switch|p2a: Clefable|Clefable, F|100\/100\n|turn|11\n|\n|switch|p1a: Victini|Victini|100\/100\n|move|p2a: Clefable|Cosmic Power|p2a: Clefable\n|-boost|p2a: Clefable|def|1\n|-boost|p2a: Clefable|spd|1\n|\n|upkeep\n|turn|12\n|\n|switch|p2a: Tapu Koko|Tapu Koko|100\/100\n|-damage|p2a: Tapu Koko|88\/100|[from] Stealth Rock\n|-fieldstart|move: Electric Terrain|[from] ability: Electric Surge|[of] p2a: Tapu Koko\n|move|p1a: Victini|Sunny Day|p1a: Victini\n|-weather|SunnyDay\n|\n|-weather|SunnyDay|[upkeep]\n|upkeep\n|turn|13\n|\n|move|p2a: Tapu Koko|Defog|p1a: Victini\n|-unboost|p1a: Victini|evasion|1\n|-sideend|p2: ghecisbestvillain|Stealth Rock|[from] move: Defog|[of] p2a: Tapu Koko\n|move|p1a: Victini|V-create|p2a: Tapu Koko\n|-damage|p2a: Tapu Koko|0 fnt\n|-unboost|p1a: Victini|spe|1\n|-unboost|p1a: Victini|def|1\n|-unboost|p1a: Victini|spd|1\n|faint|p2a: Tapu Koko\n|\n|-weather|SunnyDay|[upkeep]\n|upkeep\n|\n|switch|p2a: Charizard|Charizard, M|100\/100\n|turn|14\n|\n|detailschange|p2a: Charizard|Charizard-Mega-X, M\n|-mega|p2a: Charizard|Charizard|Charizardite X\n|move|p2a: Charizard|Dragon Dance|p2a: Charizard\n|-boost|p2a: Charizard|atk|1\n|-boost|p2a: Charizard|spe|1\n|move|p1a: Victini|V-create|p2a: Charizard\n|-resisted|p2a: Charizard\n|-damage|p2a: Charizard|71\/100\n|-unboost|p1a: Victini|spe|1\n|-unboost|p1a: Victini|def|1\n|-unboost|p1a: Victini|spd|1\n|\n|-weather|SunnyDay|[upkeep]\n|upkeep\n|turn|15\n|\n|switch|p1a: Greninja|Greninja, F|100\/100\n|move|p2a: Charizard|Earthquake|p1a: Greninja\n|-damage|p1a: Greninja|11\/100\n|\n|-weather|SunnyDay|[upkeep]\n|upkeep\n|turn|16\n|\n|move|p1a: Greninja|Rock Slide|p2a: Charizard\n|-start|p1a: Greninja|typechange|Rock|[from] ability: Protean\n|-supereffective|p2a: Charizard\n|-damage|p2a: Charizard|10\/100\n|move|p2a: Charizard|Fire Punch|p1a: Greninja\n|-resisted|p1a: Greninja\n|-damage|p1a: Greninja|0 fnt\n|faint|p1a: Greninja\n|\n|-weather|none\n|-fieldend|move: Electric Terrain\n|upkeep\n|\n|switch|p1a: Scizor|Scizor, M|100\/100\n|turn|17\n|\n|detailschange|p1a: Scizor|Scizor-Mega, M\n|-mega|p1a: Scizor|Scizor|Scizorite\n|move|p1a: Scizor|Bullet Punch|p2a: Charizard\n|-resisted|p2a: Charizard\n|-damage|p2a: Charizard|0 fnt\n|faint|p2a: Charizard\n|\n|upkeep\n|\n|switch|p2a: Kyurem|Kyurem-Black|100\/100\n|-ability|p2a: Kyurem|Teravolt\n|turn|18\n|\n|switch|p1a: Tangrowth|Tangrowth, F|100\/100\n|move|p2a: Kyurem|Earth Power|p1a: Tangrowth\n|-resisted|p1a: Tangrowth\n|-damage|p1a: Tangrowth|86\/100\n|-damage|p2a: Kyurem|91\/100|[from] item: Life Orb\n|\n|upkeep\n|turn|19\n|\n|move|p2a: Kyurem|Ice Beam|p1a: Tangrowth\n|-supereffective|p1a: Tangrowth\n|-damage|p1a: Tangrowth|0 fnt\n|-damage|p2a: Kyurem|81\/100|[from] item: Life Orb\n|faint|p1a: Tangrowth\n|\n|upkeep\n|\n|switch|p1a: Victini|Victini|100\/100\n|turn|20\n|\n|move|p1a: Victini|V-create|p2a: Kyurem\n|-damage|p2a: Kyurem|24\/100\n|-unboost|p1a: Victini|spe|1\n|-unboost|p1a: Victini|def|1\n|-unboost|p1a: Victini|spd|1\n|move|p2a: Kyurem|Roost|p2a: Kyurem\n|-heal|p2a: Kyurem|75\/100\n|-singleturn|p2a: Kyurem|move: Roost\n|\n|upkeep\n|turn|21\n|\n|switch|p1a: Scizor|Scizor-Mega, M|100\/100\n|move|p2a: Kyurem|Roost|p2a: Kyurem\n|-heal|p2a: Kyurem|100\/100\n|-singleturn|p2a: Kyurem|move: Roost\n|\n|upkeep\n|turn|22\n|\n|move|p2a: Kyurem|Earth Power|p1a: Scizor\n|-damage|p1a: Scizor|62\/100\n|-damage|p2a: Kyurem|91\/100|[from] item: Life Orb\n|move|p1a: Scizor|Swords Dance|p1a: Scizor\n|-boost|p1a: Scizor|atk|2\n|\n|upkeep\n|turn|23\n|\n|move|p1a: Scizor|Bullet Punch|p2a: Kyurem\n|-supereffective|p2a: Kyurem\n|-damage|p2a: Kyurem|10\/100\n|move|p2a: Kyurem|Fusion Bolt|p1a: Scizor\n|-damage|p1a: Scizor|40\/100\n|-damage|p2a: Kyurem|0 fnt|[from] item: Life Orb\n|faint|p2a: Kyurem\n|\n|upkeep\n|\n|switch|p2a: Magearna|Magearna|100\/100\n|turn|24\n|\n|move|p1a: Scizor|Roost|p1a: Scizor\n|-heal|p1a: Scizor|90\/100\n|-singleturn|p1a: Scizor|move: Roost\n|move|p2a: Magearna|Shift Gear|p2a: Magearna\n|-boost|p2a: Magearna|spe|2\n|-boost|p2a: Magearna|atk|1\n|\n|upkeep\n|turn|25\n|\n|move|p1a: Scizor|Bullet Punch|p2a: Magearna\n|-damage|p2a: Magearna|54\/100\n|move|p2a: Magearna|Brick Break|p1a: Scizor\n|-damage|p1a: Scizor|72\/100\n|\n|upkeep\n|turn|26\n|\n|move|p2a: Magearna|Brick Break|p1a: Scizor\n|-damage|p1a: Scizor|52\/100\n|move|p1a: Scizor|Swords Dance|p1a: Scizor\n|-boost|p1a: Scizor|atk|2\n|\n|upkeep\n|turn|27\n|\n|move|p1a: Scizor|Bullet Punch|p2a: Magearna\n|-damage|p2a: Magearna|0 fnt\n|faint|p2a: Magearna\n|\n|upkeep\n|-message|ghecisbestvillain forfeited.\n|\n|win|Peerless Dad\n|l|\u2606ghecisbestvillain\n|l| ah la dvd\n||Ladder (probably) updated, but score could not be retrieved (Response not received).\n","uploadtime":1561572367,"views":21,"p1id":"peerlessdad","p2id":"ghecisbestvillain","formatid":"gen7ou","rating":0,"private":0,"password":null}