{"id":"gen7ou-750709126","p1":"YungSana","p2":"CarlyBae","format":"gen7ou","log":"|j|\u2606YungSana\n|j|\u2606CarlyBae\n|player|p1|YungSana|165\n|player|p2|CarlyBae|138\n|teamsize|p1|6\n|teamsize|p2|6\n|gametype|singles\n|gen|7\n|tier|[Gen 7] OU\n|rated|\n|rule|Sleep Clause Mod: Limit one foe put to sleep\n|rule|Species Clause: Limit one of each Pok\u00e9mon\n|rule|OHKO Clause: OHKO moves are banned\n|rule|Moody Clause: Moody is banned\n|rule|Evasion Moves Clause: Evasion moves are banned\n|rule|Endless Battle Clause: Forcing endless battles is banned\n|rule|HP Percentage Mod: HP is shown in percentages\n|clearpoke\n|poke|p1|Charizard, F|item\n|poke|p1|Toxapex, F|item\n|poke|p1|Ferrothorn, F|item\n|poke|p1|Landorus-Therian, M|item\n|poke|p1|Terrakion|item\n|poke|p1|Latios, M|item\n|poke|p2|Shuckle, M|item\n|poke|p2|Tapu Lele|item\n|poke|p2|Bisharp, F|item\n|poke|p2|Sableye, M|item\n|poke|p2|Kartana|item\n|poke|p2|Manaphy|item\n|teampreview\n|inactive|Battle timer is ON: inactive players will automatically lose when time's up. (requested by CarlyBae)\n|\n|start\n|switch|p1a: Terrakion|Terrakion|100\/100\n|switch|p2a: Shuckle|Shuckle, M|100\/100\n|turn|1\n|inactive|CarlyBae has 135 seconds left.\n|inactive|CarlyBae has 120 seconds left.\n|\n|move|p1a: Terrakion|Rock Slide|p2a: Shuckle\n|-supereffective|p2a: Shuckle\n|-damage|p2a: Shuckle|51\/100\n|move|p2a: Shuckle|Sticky Web|p1a: Terrakion\n|-sidestart|p1: YungSana|move: Sticky Web\n|\n|upkeep\n|turn|2\n|inactive|YungSana has 135 seconds left.\n|\n|move|p1a: Terrakion|Rock Slide|p2a: Shuckle\n|-supereffective|p2a: Shuckle\n|-damage|p2a: Shuckle|3\/100\n|move|p2a: Shuckle|Stealth Rock|p1a: Terrakion\n|-sidestart|p1: YungSana|move: Stealth Rock\n|\n|upkeep\n|turn|3\n|inactive|CarlyBae has 135 seconds left.\n|inactive|CarlyBae has 120 seconds left.\n|\n|move|p1a: Terrakion|Rock Slide|p2a: Shuckle\n|-supereffective|p2a: Shuckle\n|-damage|p2a: Shuckle|0 fnt\n|faint|p2a: Shuckle\n|\n|upkeep\n|j| Chaged up\n|inactive|CarlyBae has 135 seconds left.\n|\n|switch|p2a: Kartana|Kartana|100\/100\n|turn|4\n|\n|switch|p1a: Landorus|Landorus-Therian, M|100\/100\n|-damage|p1a: Landorus|88\/100|[from] Stealth Rock\n|-ability|p1a: Landorus|Intimidate|boost\n|-unboost|p2a: Kartana|atk|1\n|-enditem|p2a: Kartana|Adrenaline Orb\n|-boost|p2a: Kartana|spe|1\n|move|p2a: Kartana|Leaf Blade|p1a: Landorus\n|-damage|p1a: Landorus|39\/100\n|\n|upkeep\n|turn|5\n|\n|switch|p1a: Ferrothorn|Ferrothorn, F|100\/100\n|-damage|p1a: Ferrothorn|94\/100|[from] Stealth Rock\n|-activate|p1a: Ferrothorn|move: Sticky Web\n|-unboost|p1a: Ferrothorn|spe|1\n|move|p2a: Kartana|Leaf Blade|p1a: Ferrothorn\n|-resisted|p1a: Ferrothorn\n|-damage|p1a: Ferrothorn|87\/100\n|-damage|p2a: Kartana|88\/100|[from] ability: Iron Barbs|[of] p1a: Ferrothorn\n|\n|-heal|p1a: Ferrothorn|94\/100|[from] item: Leftovers\n|upkeep\n|turn|6\n|\n|switch|p1a: Latios|Latios, M|100\/100\n|-damage|p1a: Latios|88\/100|[from] Stealth Rock\n|move|p2a: Kartana|Swords Dance|p2a: Kartana\n|-boost|p2a: Kartana|atk|2\n|\n|upkeep\n|turn|7\n|\n|switch|p1a: Toxapex|Toxapex, F|100\/100\n|-damage|p1a: Toxapex|88\/100|[from] Stealth Rock\n|-activate|p1a: Toxapex|move: Sticky Web\n|-unboost|p1a: Toxapex|spe|1\n|move|p2a: Kartana|Smart Strike|p1a: Toxapex\n|-resisted|p1a: Toxapex\n|-damage|p1a: Toxapex|62\/100\n|\n|-heal|p1a: Toxapex|67\/100|[from] item: Black Sludge\n|upkeep\n|turn|8\n|\n|move|p2a: Kartana|Leaf Blade|p1a: Toxapex\n|-damage|p1a: Toxapex|0 fnt\n|faint|p1a: Toxapex\n|-ability|p2a: Kartana|Beast Boost|boost\n|-boost|p2a: Kartana|atk|1\n|\n|upkeep\n|-message|YungSana forfeited.\n|\n|win|CarlyBae\n|l|\u2606YungSana\n|raw|YungSana's rating: 1559 &rarr; <strong>1536<\/strong><br \/>(-23 for losing)\n|raw|CarlyBae's rating: 1518 &rarr; <strong>1540<\/strong><br \/>(+22 for winning)\n|l| Chaged up\n|l|\u2606CarlyBae\n|j|\u2606CarlyBae\n","inputlog":null,"uploadtime":1526922513,"views":7,"p1id":"yungsana","p2id":"carlybae","formatid":"gen7ou","rating":1536,"private":0,"password":null}