{"id":"gen7ubers-1518674666","p1":"just for laddering","p2":"Xasah\u2764\ufe0eBae","format":"gen7ubers","log":"|j|\u2606just for laddering\n|j|\u2606Xasah\u2764\ufe0eBae\n|inactive|Battle timer is ON: inactive players will automatically lose when time's up.\n|t:|1645810355\n|gametype|singles\n|player|p1|just for laddering|hala|\n|player|p2|Xasah\u2764\ufe0eBae|beauty-gen7|\n|teamsize|p1|6\n|teamsize|p2|6\n|gen|7\n|tier|[Gen 7] Ubers\n|rated|Tournament battle\n|rule|Sleep Clause Mod: Limit one foe put to sleep\n|rule|Species Clause: Limit one of each Pok\u00e9mon\n|rule|OHKO Clause: OHKO moves are banned\n|rule|Moody Clause: Moody is banned\n|rule|Evasion Moves Clause: Evasion moves are banned\n|rule|Endless Battle Clause: Forcing endless battles is banned\n|rule|HP Percentage Mod: HP is shown in percentages\n|rule|Mega Rayquaza Clause: You cannot mega evolve Rayquaza\n|clearpoke\n|poke|p1|Mewtwo|item\n|poke|p1|Ho-Oh|item\n|poke|p1|Groudon|item\n|poke|p1|Arceus-*|item\n|poke|p1|Ferrothorn, F|item\n|poke|p1|Zygarde|item\n|poke|p2|Groudon|item\n|poke|p2|Salamence, F|item\n|poke|p2|Arceus-*|item\n|poke|p2|Greninja, M|item\n|poke|p2|Xerneas|item\n|poke|p2|Naganadel|item\n|teampreview\n|j|*Lady Monita \u2744\n|j| BB-8-NU\n|j| joelsd2005\n|j| neckbeard007\n|\n|t:|1645810372\n|start\n|switch|p1a: Zygarde|Zygarde|100\/100\n|switch|p2a: Greninja|Greninja, M|100\/100\n|turn|1\n|\n|t:|1645810383\n|switch|p1a: Ho-Oh|Ho-Oh|100\/100\n|move|p2a: Greninja|Taunt|p1a: Ho-Oh\n|-start|p1a: Ho-Oh|move: Taunt\n|\n|upkeep\n|turn|2\n|\n|t:|1645810388\n|switch|p1a: Ferrothorn|Ferrothorn, F|100\/100\n|move|p2a: Greninja|Spikes|p1a: Ferrothorn\n|-sidestart|p1: just for laddering|Spikes\n|\n|upkeep\n|turn|3\n|\n|t:|1645810395\n|move|p2a: Greninja|Taunt|p1a: Ferrothorn\n|-start|p1a: Ferrothorn|move: Taunt\n|move|p1a: Ferrothorn|Gyro Ball|p2a: Greninja\n|-resisted|p2a: Greninja\n|-damage|p2a: Greninja|63\/100\n|\n|upkeep\n|turn|4\n|\n|t:|1645810399\n|move|p2a: Greninja|Spikes|p1a: Ferrothorn\n|-sidestart|p1: just for laddering|Spikes\n|move|p1a: Ferrothorn|Gyro Ball|p2a: Greninja\n|-resisted|p2a: Greninja\n|-damage|p2a: Greninja|19\/100\n|\n|upkeep\n|turn|5\n|\n|t:|1645810407\n|move|p2a: Greninja|Dark Pulse|p1a: Ferrothorn\n|-damage|p1a: Ferrothorn|79\/100\n|move|p1a: Ferrothorn|Gyro Ball|p2a: Greninja\n|-resisted|p2a: Greninja\n|-damage|p2a: Greninja|0 fnt\n|faint|p2a: Greninja\n|\n|-heal|p1a: Ferrothorn|85\/100|[from] item: Leftovers\n|-end|p1a: Ferrothorn|move: Taunt\n|upkeep\n|\n|t:|1645810426\n|switch|p2a: Arceus|Arceus|100\/100\n|turn|6\n|\n|t:|1645810432\n|move|p2a: Arceus|Substitute|p2a: Arceus\n|-start|p2a: Arceus|Substitute\n|-damage|p2a: Arceus|76\/100\n|move|p1a: Ferrothorn|Leech Seed||[still]\n|-fail|p1a: Ferrothorn\n|\n|-heal|p1a: Ferrothorn|92\/100|[from] item: Leftovers\n|upkeep\n|turn|7\n|\n|t:|1645810440\n|switch|p1a: Zygarde|Zygarde|100\/100\n|-damage|p1a: Zygarde|84\/100|[from] Spikes\n|move|p2a: Arceus|Swords Dance|p2a: Arceus\n|-boost|p2a: Arceus|atk|2\n|\n|-heal|p1a: Zygarde|90\/100|[from] item: Leftovers\n|upkeep\n|turn|8\n|\n|t:|1645810446\n|move|p2a: Arceus|Shadow Claw|p1a: Zygarde\n|-damage|p1a: Zygarde|63\/100\n|move|p1a: Zygarde|Haze|p1a: Zygarde\n|-clearallboost\n|\n|-heal|p1a: Zygarde|69\/100|[from] item: Leftovers\n|upkeep\n|turn|9\n|j| dilbert555\n|\n|t:|1645810462\n|switch|p2a: Salamence|Salamence, F|100\/100\n|-ability|p2a: Salamence|Intimidate|boost\n|-unboost|p1a: Zygarde|atk|1\n|move|p1a: Zygarde|Thousand Arrows|p2a: Salamence\n|-damage|p2a: Salamence|76\/100\n|-start|p2a: Salamence|Smack Down\n|\n|-heal|p1a: Zygarde|75\/100|[from] item: Leftovers\n|upkeep\n|turn|10\n|\n|t:|1645810471\n|switch|p2a: Naganadel|Naganadel|100\/100\n|move|p1a: Zygarde|Toxic|p2a: Naganadel\n|-immune|p2a: Naganadel\n|\n|-heal|p1a: Zygarde|81\/100|[from] item: Leftovers\n|upkeep\n|turn|11\n|\n|t:|1645810481\n|switch|p1a: Ferrothorn|Ferrothorn, F|92\/100\n|-damage|p1a: Ferrothorn|75\/100|[from] Spikes\n|move|p2a: Naganadel|Nasty Plot|p2a: Naganadel\n|-boost|p2a: Naganadel|spa|2\n|\n|-heal|p1a: Ferrothorn|81\/100|[from] item: Leftovers\n|upkeep\n|turn|12\n|\n|t:|1645810498\n|move|p2a: Naganadel|Fire Blast|p1a: Ferrothorn\n|-supereffective|p1a: Ferrothorn\n|-damage|p1a: Ferrothorn|0 fnt\n|faint|p1a: Ferrothorn\n|-ability|p2a: Naganadel|Beast Boost|boost\n|-boost|p2a: Naganadel|spe|1\n|\n|upkeep\n|\n|t:|1645810503\n|switch|p1a: Ho-Oh|Ho-Oh|100\/100\n|turn|13\n|\n|t:|1645810507\n|-zpower|p2a: Naganadel\n|move|p2a: Naganadel|Devastating Drake|p1a: Ho-Oh|[zeffect]\n|-damage|p1a: Ho-Oh|0 fnt\n|faint|p1a: Ho-Oh\n|-ability|p2a: Naganadel|Beast Boost|boost\n|-boost|p2a: Naganadel|spe|1\n|\n|upkeep\n|c|\u2606just for laddering|well\n|\n|t:|1645810516\n|switch|p1a: Groudon|Groudon|100\/100\n|-damage|p1a: Groudon|84\/100|[from] Spikes\n|detailschange|p1a: Groudon|Groudon-Primal\n|-primal|p1a: Groudon\n|-weather|DesolateLand|[from] ability: Desolate Land|[of] p1a: Groudon\n|turn|14\n|\n|t:|1645810521\n|move|p2a: Naganadel|Draco Meteor|p1a: Groudon\n|-damage|p1a: Groudon|0 fnt\n|-unboost|p2a: Naganadel|spa|2\n|faint|p1a: Groudon\n|-weather|none\n|-ability|p2a: Naganadel|Beast Boost|boost\n|-boost|p2a: Naganadel|spe|1\n|\n|upkeep\n|\n|t:|1645810527\n|switch|p1a: Mewtwo|Mewtwo|100\/100\n|-damage|p1a: Mewtwo|84\/100|[from] Spikes\n|-ability|p1a: Mewtwo|Pressure\n|turn|15\n|\n|t:|1645810531\n|detailschange|p1a: Mewtwo|Mewtwo-Mega-Y\n|-mega|p1a: Mewtwo|Mewtwo|Mewtwonite Y\n|move|p2a: Naganadel|Draco Meteor|p1a: Mewtwo\n|-damage|p1a: Mewtwo|30\/100\n|-unboost|p2a: Naganadel|spa|2\n|move|p1a: Mewtwo|Ice Beam|p2a: Naganadel\n|-supereffective|p2a: Naganadel\n|-damage|p2a: Naganadel|0 fnt\n|faint|p2a: Naganadel\n|\n|upkeep\n|\n|t:|1645810540\n|switch|p2a: Arceus|Arceus|76\/100\n|turn|16\n|\n|t:|1645810544\n|switch|p1a: Zygarde|Zygarde|81\/100\n|-damage|p1a: Zygarde|65\/100|[from] Spikes\n|move|p2a: Arceus|Extreme Speed|p1a: Zygarde\n|-damage|p1a: Zygarde|42\/100\n|\n|-heal|p1a: Zygarde|48\/100|[from] item: Leftovers\n|-activate|p1a: Zygarde|ability: Power Construct\n|detailschange|p1a: Zygarde|Zygarde-Complete\n|-heal|p1a: Zygarde|66\/100|[silent]\n|upkeep\n|turn|17\n|\n|t:|1645810560\n|switch|p2a: Groudon|Groudon|100\/100\n|detailschange|p2a: Groudon|Groudon-Primal\n|-primal|p2a: Groudon\n|-weather|DesolateLand|[from] ability: Desolate Land|[of] p2a: Groudon\n|move|p1a: Zygarde|Toxic|p2a: Groudon\n|-status|p2a: Groudon|tox\n|\n|-weather|DesolateLand|[upkeep]\n|-heal|p1a: Zygarde|72\/100|[from] item: Leftovers\n|-damage|p2a: Groudon|94\/100 tox|[from] psn\n|upkeep\n|turn|18\n|\n|t:|1645810567\n|move|p2a: Groudon|Stealth Rock|p1a: Zygarde\n|-sidestart|p1: just for laddering|move: Stealth Rock\n|move|p1a: Zygarde|Thousand Arrows|p2a: Groudon\n|-supereffective|p2a: Groudon\n|-damage|p2a: Groudon|54\/100 tox\n|\n|-weather|DesolateLand|[upkeep]\n|-heal|p1a: Zygarde|78\/100|[from] item: Leftovers\n|-damage|p2a: Groudon|42\/100 tox|[from] psn\n|upkeep\n|turn|19\n|\n|t:|1645810580\n|move|p2a: Groudon|Swords Dance|p2a: Groudon\n|-boost|p2a: Groudon|atk|2\n|move|p1a: Zygarde|Thousand Arrows|p2a: Groudon\n|-supereffective|p2a: Groudon\n|-damage|p2a: Groudon|0 fnt\n|faint|p2a: Groudon\n|-weather|none\n|\n|-heal|p1a: Zygarde|84\/100|[from] item: Leftovers\n|upkeep\n|\n|t:|1645810587\n|switch|p2a: Salamence|Salamence, F|76\/100\n|-ability|p2a: Salamence|Intimidate|boost\n|-unboost|p1a: Zygarde|atk|1\n|turn|20\n|\n|t:|1645810591\n|detailschange|p2a: Salamence|Salamence-Mega, F\n|-mega|p2a: Salamence|Salamence|Salamencite\n|move|p2a: Salamence|Dragon Dance|p2a: Salamence\n|-boost|p2a: Salamence|atk|1\n|-boost|p2a: Salamence|spe|1\n|move|p1a: Zygarde|Toxic|p2a: Salamence|[miss]\n|-miss|p1a: Zygarde|p2a: Salamence\n|\n|-heal|p1a: Zygarde|90\/100|[from] item: Leftovers\n|upkeep\n|turn|21\n|\n|t:|1645810599\n|move|p2a: Salamence|Dragon Dance|p2a: Salamence\n|-boost|p2a: Salamence|atk|1\n|-boost|p2a: Salamence|spe|1\n|move|p1a: Zygarde|Haze|p1a: Zygarde\n|-clearallboost\n|\n|-heal|p1a: Zygarde|97\/100|[from] item: Leftovers\n|upkeep\n|turn|22\n|\n|t:|1645810604\n|move|p2a: Salamence|Dragon Dance|p2a: Salamence\n|-boost|p2a: Salamence|atk|1\n|-boost|p2a: Salamence|spe|1\n|move|p1a: Zygarde|Toxic|p2a: Salamence\n|-status|p2a: Salamence|tox\n|\n|-heal|p1a: Zygarde|100\/100|[from] item: Leftovers\n|-damage|p2a: Salamence|70\/100 tox|[from] psn\n|upkeep\n|turn|23\n|\n|t:|1645810608\n|move|p2a: Salamence|Facade|p1a: Zygarde\n|-damage|p1a: Zygarde|48\/100\n|move|p1a: Zygarde|Haze|p1a: Zygarde\n|-clearallboost\n|\n|-heal|p1a: Zygarde|54\/100|[from] item: Leftovers\n|-damage|p2a: Salamence|58\/100 tox|[from] psn\n|upkeep\n|turn|24\n|j| Glucchesu\n|\n|t:|1645810617\n|move|p2a: Salamence|Dragon Dance|p2a: Salamence\n|-boost|p2a: Salamence|atk|1\n|-boost|p2a: Salamence|spe|1\n|move|p1a: Zygarde|Thousand Arrows|p2a: Salamence\n|-damage|p2a: Salamence|31\/100 tox\n|-start|p2a: Salamence|Smack Down\n|\n|-heal|p1a: Zygarde|60\/100|[from] item: Leftovers\n|-damage|p2a: Salamence|12\/100 tox|[from] psn\n|upkeep\n|turn|25\n|\n|t:|1645810624\n|move|p2a: Salamence|Facade|p1a: Zygarde\n|-damage|p1a: Zygarde|3\/100\n|move|p1a: Zygarde|Rest|p1a: Zygarde\n|-status|p1a: Zygarde|slp|[from] move: Rest\n|-heal|p1a: Zygarde|100\/100 slp|[silent]\n|\n|-damage|p2a: Salamence|0 fnt|[from] psn\n|faint|p2a: Salamence\n|upkeep\n|\n|t:|1645810626\n|switch|p2a: Xerneas|Xerneas|100\/100\n|-ability|p2a: Xerneas|Fairy Aura\n|turn|26\n|c|\u2606Xasah\u2764\ufe0eBae|gg\n|\n|t:|1645810643\n|move|p2a: Xerneas|Geomancy||[still]\n|-prepare|p2a: Xerneas|Geomancy\n|-enditem|p2a: Xerneas|Power Herb\n|-anim|p2a: Xerneas|Geomancy|p2a: Xerneas\n|-boost|p2a: Xerneas|spa|2\n|-boost|p2a: Xerneas|spd|2\n|-boost|p2a: Xerneas|spe|2\n|cant|p1a: Zygarde|slp\n|\n|upkeep\n|turn|27\n|c|\u2606just for laddering|gg\n|inactive|just for laddering has 120 seconds left.\n|\n|t:|1645810669\n|move|p2a: Xerneas|Moonblast|p1a: Zygarde\n|-supereffective|p1a: Zygarde\n|-damage|p1a: Zygarde|0 fnt\n|faint|p1a: Zygarde\n|\n|upkeep\n|\n|t:|1645810673\n|switch|p1a: Arceus|Arceus-Dark|100\/100\n|-damage|p1a: Arceus|88\/100|[from] Stealth Rock\n|-damage|p1a: Arceus|71\/100|[from] Spikes\n|turn|28\n|-message|just for laddering forfeited.\n|\n|win|Xasah\u2764\ufe0eBae\n|n|\u2606just for laddering|justforladdering\n|n|\u2606Xasah\u2764\ufe0eBae|xasahbae\n|n|*Lady Monita \u2744|ladymonita\n|n| BB-8-NU|bb8nu\n|n| joelsd2005|joelsd2005\n|n| neckbeard007|neckbeard007\n|n| dilbert555|dilbert555\n|n| Glucchesu|glucchesu\n|l|*Lady Monita \u2744\n|l| BB-8-NU\n|l| neckbeard007\n","uploadtime":1645810685,"views":8,"p1id":"justforladdering","p2id":"xasahbae","formatid":"gen7ubers","rating":0,"private":0,"password":null}