{"id":"gen7ou-1316156781","p1":"Stellar Flares","p2":"Mendeez","format":"gen7ou","log":"|j|\u2606Stellar Flares\n|j|\u2606Mendeez\n|inactive|Battle timer is ON: inactive players will automatically lose when time's up.\n|t:|1617713941\n|gametype|singles\n|player|p1|Stellar Flares|265|\n|player|p2|Mendeez|koga|\n|teamsize|p1|6\n|teamsize|p2|6\n|gen|7\n|tier|[Gen 7] OU\n|rated|Tournament battle\n|clearpoke\n|poke|p1|Landorus-Therian, M|item\n|poke|p1|Heatran, M|item\n|poke|p1|Scizor, M|item\n|poke|p1|Gastrodon, M|item\n|poke|p1|Clefable, F|item\n|poke|p1|Tornadus-Therian, M|item\n|poke|p2|Ferrothorn, F|item\n|poke|p2|Swampert, M|item\n|poke|p2|Pelipper, F|item\n|poke|p2|Greninja, M|item\n|poke|p2|Tornadus-Therian, M|item\n|poke|p2|Azumarill, M|item\n|rule|Sleep Clause Mod: Limit one foe put to sleep\n|rule|Species Clause: Limit one of each Pok\u00e9mon\n|rule|OHKO Clause: OHKO moves are banned\n|rule|Moody Clause: Moody is banned\n|rule|Evasion Moves Clause: Evasion moves are banned\n|rule|Endless Battle Clause: Forcing endless battles is banned\n|rule|HP Percentage Mod: HP is shown in percentages\n|teampreview\n|j| Sir_Assasin\n|j| maxi.salazar12\n|c|\u2606Mendeez|hf\n|j| Ray22-1\n|j|@Dag\u256f\u25cf\u256dDan\n|j| opopikoss\n|j| angel54\n|l| maxi.salazar12\n|j| AnclaMarineraEnOU\n|inactive|Mendeez has 120 seconds left.\n|\n|t:|1617713978\n|start\n|switch|p1a: Tornadus|Tornadus-Therian, M|100\/100\n|switch|p2a: Pelipper|Pelipper, F|100\/100\n|-weather|RainDance|[from] ability: Drizzle|[of] p2a: Pelipper\n|turn|1\n|l| opopikoss\n|\n|t:|1617713983\n|switch|p2a: Ferrothorn|Ferrothorn, F|100\/100\n|-zpower|p1a: Tornadus\n|move|p1a: Tornadus|Supersonic Skystrike|p2a: Ferrothorn|[zeffect]\n|-damage|p2a: Ferrothorn|43\/100\n|\n|-weather|RainDance|[upkeep]\n|-heal|p2a: Ferrothorn|49\/100|[from] item: Leftovers\n|upkeep\n|turn|2\n|\n|t:|1617713988\n|move|p1a: Tornadus|Hurricane|p2a: Ferrothorn\n|-damage|p2a: Ferrothorn|16\/100\n|move|p2a: Ferrothorn|Stealth Rock|p1a: Tornadus\n|-sidestart|p1: Stellar Flares|move: Stealth Rock\n|\n|-weather|RainDance|[upkeep]\n|-heal|p2a: Ferrothorn|22\/100|[from] item: Leftovers\n|upkeep\n|turn|3\n|j| Azonic\n|\n|t:|1617714012\n|move|p1a: Tornadus|Hurricane|p2a: Ferrothorn\n|-damage|p2a: Ferrothorn|0 fnt\n|faint|p2a: Ferrothorn\n|\n|-weather|RainDance|[upkeep]\n|upkeep\n|\n|t:|1617714014\n|switch|p2a: Greninja|Greninja, M|100\/100\n|turn|4\n|\n|t:|1617714019\n|switch|p1a: Gastrodon|Gastrodon, M|100\/100\n|-damage|p1a: Gastrodon|94\/100|[from] Stealth Rock\n|move|p2a: Greninja|Ice Beam|p1a: Gastrodon\n|-damage|p1a: Gastrodon|70\/100\n|-status|p1a: Gastrodon|frz\n|\n|-weather|RainDance|[upkeep]\n|-heal|p1a: Gastrodon|76\/100 frz|[from] item: Leftovers\n|upkeep\n|turn|5\n|\n|t:|1617714024\n|move|p2a: Greninja|Ice Beam|p1a: Gastrodon\n|-damage|p1a: Gastrodon|51\/100 frz\n|-curestatus|p1a: Gastrodon|frz|[from] move: Scald\n|move|p1a: Gastrodon|Scald|p2a: Greninja\n|-resisted|p2a: Greninja\n|-damage|p2a: Greninja|70\/100\n|\n|-weather|RainDance|[upkeep]\n|-heal|p1a: Gastrodon|57\/100|[from] item: Leftovers\n|upkeep\n|turn|6\n|j| maxi.salazar12\n|\n|t:|1617714027\n|move|p2a: Greninja|Ice Beam|p1a: Gastrodon\n|-damage|p1a: Gastrodon|32\/100\n|move|p1a: Gastrodon|Recover|p1a: Gastrodon\n|-heal|p1a: Gastrodon|82\/100\n|\n|-weather|RainDance|[upkeep]\n|-heal|p1a: Gastrodon|88\/100|[from] item: Leftovers\n|upkeep\n|turn|7\n|\n|t:|1617714031\n|switch|p2a: Tornadus|Tornadus-Therian, M|100\/100\n|switch|p1a: Tornadus|Tornadus-Therian, M|100\/100\n|-damage|p1a: Tornadus|76\/100|[from] Stealth Rock\n|\n|-weather|RainDance|[upkeep]\n|upkeep\n|turn|8\n|\n|t:|1617714037\n|move|p2a: Tornadus|Taunt|p1a: Tornadus\n|-start|p1a: Tornadus|move: Taunt\n|cant|p1a: Tornadus|move: Taunt|Defog\n|\n|-weather|none\n|upkeep\n|turn|9\n|l| maxi.salazar12\n|\n|t:|1617714055\n|move|p1a: Tornadus|Knock Off|p2a: Tornadus\n|-damage|p2a: Tornadus|76\/100\n|-damage|p1a: Tornadus|59\/100|[from] item: Rocky Helmet|[of] p2a: Tornadus\n|-enditem|p2a: Tornadus|Rocky Helmet|[from] move: Knock Off|[of] p1a: Tornadus\n|move|p2a: Tornadus|Hurricane|p1a: Tornadus\n|-damage|p1a: Tornadus|8\/100\n|\n|upkeep\n|turn|10\n|l| Azonic\n|\n|t:|1617714064\n|switch|p1a: Gastrodon|Gastrodon, M|88\/100\n|-damage|p1a: Gastrodon|82\/100|[from] Stealth Rock\n|move|p2a: Tornadus|U-turn|p1a: Gastrodon\n|-damage|p1a: Gastrodon|65\/100\n|l| AnclaMarineraEnOU\n|\n|t:|1617714068\n|switch|p2a: Swampert|Swampert, M|100\/100|[from]move: U-turn\n|\n|-heal|p1a: Gastrodon|71\/100|[from] item: Leftovers\n|upkeep\n|turn|11\n|\n|t:|1617714075\n|switch|p1a: Scizor|Scizor, M|100\/100\n|-damage|p1a: Scizor|88\/100|[from] Stealth Rock\n|detailschange|p2a: Swampert|Swampert-Mega, M\n|-mega|p2a: Swampert|Swampert|Swampertite\n|move|p2a: Swampert|Substitute|p2a: Swampert\n|-start|p2a: Swampert|Substitute\n|-damage|p2a: Swampert|76\/100\n|\n|upkeep\n|turn|12\n|\n|t:|1617714081\n|detailschange|p1a: Scizor|Scizor-Mega, M\n|-mega|p1a: Scizor|Scizor|Scizorite\n|move|p2a: Swampert|Waterfall|p1a: Scizor\n|-damage|p1a: Scizor|59\/100\n|move|p1a: Scizor|Curse|p1a: Scizor\n|-unboost|p1a: Scizor|spe|1\n|-boost|p1a: Scizor|atk|1\n|-boost|p1a: Scizor|def|1\n|\n|upkeep\n|turn|13\n|\n|t:|1617714089\n|move|p2a: Swampert|Earthquake|p1a: Scizor\n|-damage|p1a: Scizor|36\/100\n|move|p1a: Scizor|Roost|p1a: Scizor\n|-heal|p1a: Scizor|87\/100\n|-singleturn|p1a: Scizor|move: Roost\n|\n|upkeep\n|turn|14\n|\n|t:|1617714094\n|switch|p2a: Pelipper|Pelipper, F|100\/100\n|-weather|RainDance|[from] ability: Drizzle|[of] p2a: Pelipper\n|move|p1a: Scizor|Curse|p1a: Scizor\n|-unboost|p1a: Scizor|spe|1\n|-boost|p1a: Scizor|atk|1\n|-boost|p1a: Scizor|def|1\n|\n|-weather|RainDance|[upkeep]\n|upkeep\n|turn|15\n|\n|t:|1617714098\n|move|p2a: Pelipper|Hurricane|p1a: Scizor\n|-damage|p1a: Scizor|52\/100\n|move|p1a: Scizor|U-turn|p2a: Pelipper\n|-resisted|p2a: Pelipper\n|-damage|p2a: Pelipper|68\/100\n|\n|t:|1617714102\n|switch|p1a: Tornadus|Tornadus-Therian, M|41\/100|[from]move: U-turn\n|-damage|p1a: Tornadus|17\/100|[from] Stealth Rock\n|\n|-weather|RainDance|[upkeep]\n|upkeep\n|turn|16\n|\n|t:|1617714122\n|move|p1a: Tornadus|Defog|p2a: Pelipper\n|-unboost|p2a: Pelipper|evasion|1\n|-sideend|p1: Stellar Flares|Stealth Rock|[from] move: Defog|[of] p1a: Tornadus\n|move|p2a: Pelipper|Hurricane|p1a: Tornadus\n|-damage|p1a: Tornadus|0 fnt\n|faint|p1a: Tornadus\n|\n|-weather|RainDance|[upkeep]\n|upkeep\n|\n|t:|1617714127\n|switch|p1a: Scizor|Scizor-Mega, M|52\/100\n|turn|17\n|j| Opermaxion\n|\n|t:|1617714129\n|move|p1a: Scizor|Roost|p1a: Scizor\n|-heal|p1a: Scizor|100\/100\n|-singleturn|p1a: Scizor|move: Roost\n|move|p2a: Pelipper|Scald|p1a: Scizor\n|-damage|p1a: Scizor|62\/100\n|\n|-weather|RainDance|[upkeep]\n|upkeep\n|turn|18\n|\n|t:|1617714133\n|move|p1a: Scizor|U-turn|p2a: Pelipper\n|-resisted|p2a: Pelipper\n|-damage|p2a: Pelipper|53\/100\n|\n|t:|1617714135\n|switch|p1a: Gastrodon|Gastrodon, M|71\/100|[from]move: U-turn\n|move|p2a: Pelipper|Scald|p1a: Gastrodon\n|-ability|p1a: Gastrodon|Storm Drain|boost\n|-boost|p1a: Gastrodon|spa|1\n|\n|-weather|RainDance|[upkeep]\n|-heal|p1a: Gastrodon|77\/100|[from] item: Leftovers\n|upkeep\n|turn|19\n|\n|t:|1617714138\n|move|p2a: Pelipper|Roost|p2a: Pelipper\n|-heal|p2a: Pelipper|100\/100\n|-singleturn|p2a: Pelipper|move: Roost\n|move|p1a: Gastrodon|Scald|p2a: Pelipper\n|-resisted|p2a: Pelipper\n|-damage|p2a: Pelipper|67\/100\n|\n|-weather|RainDance|[upkeep]\n|-heal|p1a: Gastrodon|83\/100|[from] item: Leftovers\n|upkeep\n|turn|20\n|\n|t:|1617714144\n|move|p2a: Pelipper|Roost|p2a: Pelipper\n|-heal|p2a: Pelipper|100\/100\n|-singleturn|p2a: Pelipper|move: Roost\n|move|p1a: Gastrodon|Toxic|p2a: Pelipper\n|-status|p2a: Pelipper|tox\n|\n|-weather|RainDance|[upkeep]\n|-heal|p1a: Gastrodon|89\/100|[from] item: Leftovers\n|-damage|p2a: Pelipper|94\/100 tox|[from] psn\n|upkeep\n|turn|21\n|\n|t:|1617714148\n|move|p2a: Pelipper|Hurricane|p1a: Gastrodon\n|-crit|p1a: Gastrodon\n|-damage|p1a: Gastrodon|51\/100\n|move|p1a: Gastrodon|Scald|p2a: Pelipper\n|-resisted|p2a: Pelipper\n|-damage|p2a: Pelipper|62\/100 tox\n|\n|-weather|none\n|-heal|p1a: Gastrodon|57\/100|[from] item: Leftovers\n|-damage|p2a: Pelipper|49\/100 tox|[from] psn\n|upkeep\n|turn|22\n|\n|t:|1617714151\n|move|p2a: Pelipper|U-turn|p1a: Gastrodon\n|-damage|p1a: Gastrodon|48\/100\n|l| Opermaxion\n|\n|t:|1617714156\n|switch|p2a: Swampert|Swampert-Mega, M|76\/100|[from]move: U-turn\n|move|p1a: Gastrodon|Recover|p1a: Gastrodon\n|-heal|p1a: Gastrodon|98\/100\n|\n|-heal|p1a: Gastrodon|100\/100|[from] item: Leftovers\n|upkeep\n|turn|23\n|\n|t:|1617714164\n|switch|p1a: Landorus|Landorus-Therian, M|100\/100\n|-ability|p1a: Landorus|Intimidate|boost\n|-unboost|p2a: Swampert|atk|1\n|move|p2a: Swampert|Earthquake|p1a: Landorus\n|-immune|p1a: Landorus\n|\n|upkeep\n|turn|24\n|\n|t:|1617714168\n|switch|p2a: Pelipper|Pelipper, F|49\/100 tox\n|-weather|RainDance|[from] ability: Drizzle|[of] p2a: Pelipper\n|switch|p1a: Scizor|Scizor-Mega, M|62\/100\n|\n|-weather|RainDance|[upkeep]\n|-damage|p2a: Pelipper|43\/100 tox|[from] psn\n|upkeep\n|turn|25\n|\n|t:|1617714171\n|move|p1a: Scizor|Roost|p1a: Scizor\n|-heal|p1a: Scizor|100\/100\n|-singleturn|p1a: Scizor|move: Roost\n|move|p2a: Pelipper|Hurricane|p1a: Scizor\n|-damage|p1a: Scizor|64\/100\n|-start|p1a: Scizor|confusion\n|\n|-weather|RainDance|[upkeep]\n|-damage|p2a: Pelipper|31\/100 tox|[from] psn\n|upkeep\n|turn|26\n|\n|t:|1617714176\n|switch|p1a: Gastrodon|Gastrodon, M|100\/100\n|move|p2a: Pelipper|Roost|p2a: Pelipper\n|-heal|p2a: Pelipper|81\/100 tox\n|-singleturn|p2a: Pelipper|move: Roost\n|\n|-weather|RainDance|[upkeep]\n|-damage|p2a: Pelipper|62\/100 tox|[from] psn\n|upkeep\n|turn|27\n|j| Artemisafenix\n|\n|t:|1617714179\n|move|p2a: Pelipper|U-turn|p1a: Gastrodon\n|-damage|p1a: Gastrodon|91\/100\n|\n|t:|1617714188\n|switch|p2a: Tornadus|Tornadus-Therian, M|100\/100|[from]move: U-turn\n|move|p1a: Gastrodon|Scald|p2a: Tornadus\n|-damage|p2a: Tornadus|62\/100\n|-status|p2a: Tornadus|brn\n|\n|-weather|RainDance|[upkeep]\n|-heal|p1a: Gastrodon|97\/100|[from] item: Leftovers\n|-damage|p2a: Tornadus|55\/100 brn|[from] brn\n|upkeep\n|turn|28\n|\n|t:|1617714193\n|move|p2a: Tornadus|Hurricane|p1a: Gastrodon\n|-damage|p1a: Gastrodon|70\/100\n|move|p1a: Gastrodon|Scald|p2a: Tornadus\n|-damage|p2a: Tornadus|12\/100 brn\n|\n|-weather|RainDance|[upkeep]\n|-heal|p1a: Gastrodon|76\/100|[from] item: Leftovers\n|-damage|p2a: Tornadus|6\/100 brn|[from] brn\n|upkeep\n|turn|29\n|\n|t:|1617714197\n|move|p2a: Tornadus|Hurricane|p1a: Gastrodon\n|-damage|p1a: Gastrodon|47\/100\n|move|p1a: Gastrodon|Scald|p2a: Tornadus\n|-crit|p2a: Tornadus\n|-damage|p2a: Tornadus|0 fnt\n|faint|p2a: Tornadus\n|\n|-weather|RainDance|[upkeep]\n|-heal|p1a: Gastrodon|53\/100|[from] item: Leftovers\n|upkeep\n|\n|t:|1617714199\n|switch|p2a: Azumarill|Azumarill, M|100\/100\n|turn|30\n|\n|t:|1617714205\n|switch|p1a: Clefable|Clefable, F|100\/100\n|move|p2a: Azumarill|Knock Off|p1a: Clefable\n|-resisted|p1a: Clefable\n|-damage|p1a: Clefable|85\/100\n|-enditem|p1a: Clefable|Leftovers|[from] move: Knock Off|[of] p2a: Azumarill\n|\n|-weather|RainDance|[upkeep]\n|upkeep\n|turn|31\n|\n|t:|1617714211\n|move|p1a: Clefable|Wish|p1a: Clefable\n|move|p2a: Azumarill|Play Rough|p1a: Clefable\n|-damage|p1a: Clefable|43\/100\n|\n|-weather|none\n|upkeep\n|turn|32\n|\n|t:|1617714219\n|move|p1a: Clefable|Protect|p1a: Clefable\n|-singleturn|p1a: Clefable|Protect\n|-zpower|p2a: Azumarill\n|move|p2a: Azumarill|Z-Belly Drum|p2a: Azumarill|[anim]Belly Drum\n|-damage|p2a: Azumarill|51\/100\n|-setboost|p2a: Azumarill|atk|6|[from] move: Belly Drum\n|\n|-heal|p1a: Clefable|93\/100|[from] move: Wish|[wisher] Clefable\n|upkeep\n|turn|33\n|\n|t:|1617714222\n|move|p1a: Clefable|Wish|p1a: Clefable\n|move|p2a: Azumarill|Play Rough|p1a: Clefable\n|-damage|p1a: Clefable|51\/100\n|-unboost|p1a: Clefable|atk|1\n|\n|upkeep\n|turn|34\n|\n|t:|1617714227\n|move|p1a: Clefable|Protect|p1a: Clefable\n|-singleturn|p1a: Clefable|Protect\n|move|p2a: Azumarill|Play Rough|p1a: Clefable\n|-activate|p1a: Clefable|move: Protect\n|\n|-heal|p1a: Clefable|100\/100|[from] move: Wish|[wisher] Clefable\n|upkeep\n|turn|35\n|\n|t:|1617714229\n|move|p1a: Clefable|Wish|p1a: Clefable\n|move|p2a: Azumarill|Play Rough|p1a: Clefable\n|-damage|p1a: Clefable|53\/100\n|\n|upkeep\n|turn|36\n|\n|t:|1617714237\n|move|p1a: Clefable|Moonblast|p2a: Azumarill\n|-damage|p2a: Azumarill|16\/100\n|-unboost|p2a: Azumarill|spa|1\n|move|p2a: Azumarill|Play Rough|p1a: Clefable\n|-damage|p1a: Clefable|13\/100\n|\n|-heal|p1a: Clefable|63\/100|[from] move: Wish|[wisher] Clefable\n|upkeep\n|turn|37\n|\n|t:|1617714242\n|move|p1a: Clefable|Protect|p1a: Clefable\n|-singleturn|p1a: Clefable|Protect\n|move|p2a: Azumarill|Play Rough|p1a: Clefable\n|-activate|p1a: Clefable|move: Protect\n|\n|upkeep\n|turn|38\n|\n|t:|1617714247\n|move|p1a: Clefable|Wish|p1a: Clefable\n|move|p2a: Azumarill|Play Rough|p1a: Clefable\n|-crit|p1a: Clefable\n|-damage|p1a: Clefable|0 fnt\n|faint|p1a: Clefable\n|\n|upkeep\n|\n|t:|1617714251\n|switch|p1a: Scizor|Scizor-Mega, M|64\/100\n|turn|39\n|\n|t:|1617714253\n|move|p1a: Scizor|Bullet Punch|p2a: Azumarill\n|-damage|p2a: Azumarill|0 fnt\n|faint|p2a: Azumarill\n|\n|-heal|p1a: Scizor|100\/100|[from] move: Wish|[wisher] Clefable\n|upkeep\n|\n|t:|1617714261\n|switch|p2a: Greninja|Greninja, M|70\/100\n|turn|40\n|\n|t:|1617714268\n|switch|p2a: Swampert|Swampert-Mega, M|76\/100\n|move|p1a: Scizor|U-turn|p2a: Swampert\n|-damage|p2a: Swampert|43\/100\n|\n|t:|1617714271\n|switch|p1a: Landorus|Landorus-Therian, M|100\/100|[from]move: U-turn\n|-ability|p1a: Landorus|Intimidate|boost\n|-unboost|p2a: Swampert|atk|1\n|\n|upkeep\n|turn|41\n|\n|t:|1617714274\n|switch|p2a: Pelipper|Pelipper, F|62\/100 tox\n|-weather|RainDance|[from] ability: Drizzle|[of] p2a: Pelipper\n|switch|p1a: Scizor|Scizor-Mega, M|100\/100\n|\n|-weather|RainDance|[upkeep]\n|-damage|p2a: Pelipper|56\/100 tox|[from] psn\n|upkeep\n|turn|42\n|\n|t:|1617714281\n|switch|p1a: Gastrodon|Gastrodon, M|53\/100\n|move|p2a: Pelipper|U-turn|p1a: Gastrodon\n|-damage|p1a: Gastrodon|44\/100\n|\n|t:|1617714283\n|switch|p2a: Swampert|Swampert-Mega, M|43\/100|[from]move: U-turn\n|\n|-weather|RainDance|[upkeep]\n|-heal|p1a: Gastrodon|50\/100|[from] item: Leftovers\n|upkeep\n|turn|43\n|\n|t:|1617714287\n|switch|p1a: Landorus|Landorus-Therian, M|100\/100\n|-ability|p1a: Landorus|Intimidate|boost\n|-unboost|p2a: Swampert|atk|1\n|move|p2a: Swampert|Earthquake|p1a: Landorus\n|-immune|p1a: Landorus\n|\n|-weather|RainDance|[upkeep]\n|upkeep\n|turn|44\n|\n|t:|1617714293\n|switch|p1a: Gastrodon|Gastrodon, M|50\/100\n|move|p2a: Swampert|Waterfall|p1a: Gastrodon\n|-ability|p1a: Gastrodon|Storm Drain|boost\n|-boost|p1a: Gastrodon|spa|1\n|\n|-weather|RainDance|[upkeep]\n|-heal|p1a: Gastrodon|57\/100|[from] item: Leftovers\n|upkeep\n|turn|45\n|j| Spardem\n|\n|t:|1617714311\n|move|p2a: Swampert|Earthquake|p1a: Gastrodon\n|-damage|p1a: Gastrodon|7\/100\n|move|p1a: Gastrodon|Recover|p1a: Gastrodon\n|-heal|p1a: Gastrodon|57\/100\n|\n|-weather|RainDance|[upkeep]\n|-heal|p1a: Gastrodon|63\/100|[from] item: Leftovers\n|upkeep\n|turn|46\n|\n|t:|1617714316\n|switch|p2a: Pelipper|Pelipper, F|56\/100 tox\n|move|p1a: Gastrodon|Recover|p1a: Gastrodon\n|-heal|p1a: Gastrodon|100\/100\n|\n|-weather|RainDance|[upkeep]\n|-damage|p2a: Pelipper|50\/100 tox|[from] psn\n|upkeep\n|turn|47\n|\n|t:|1617714319\n|move|p2a: Pelipper|Hurricane|p1a: Gastrodon\n|-damage|p1a: Gastrodon|76\/100\n|-start|p1a: Gastrodon|confusion\n|-activate|p1a: Gastrodon|confusion\n|move|p1a: Gastrodon|Scald|p2a: Pelipper\n|-resisted|p2a: Pelipper\n|-damage|p2a: Pelipper|17\/100 tox\n|\n|-weather|RainDance|[upkeep]\n|-heal|p1a: Gastrodon|82\/100|[from] item: Leftovers\n|-damage|p2a: Pelipper|5\/100 tox|[from] psn\n|upkeep\n|turn|48\n|\n|t:|1617714326\n|move|p2a: Pelipper|U-turn|p1a: Gastrodon\n|-damage|p1a: Gastrodon|73\/100\n|\n|t:|1617714328\n|switch|p2a: Greninja|Greninja, M|70\/100|[from]move: U-turn\n|-activate|p1a: Gastrodon|confusion\n|move|p1a: Gastrodon|Scald|p2a: Greninja\n|-resisted|p2a: Greninja\n|-damage|p2a: Greninja|29\/100\n|-status|p2a: Greninja|brn\n|\n|-weather|none\n|-heal|p1a: Gastrodon|79\/100|[from] item: Leftovers\n|-damage|p2a: Greninja|23\/100 brn|[from] brn\n|upkeep\n|turn|49\n|l| angel54\n|\n|t:|1617714331\n|move|p2a: Greninja|Dark Pulse|p1a: Gastrodon\n|-damage|p1a: Gastrodon|46\/100\n|-activate|p1a: Gastrodon|confusion\n|-damage|p1a: Gastrodon|37\/100|[from] confusion\n|\n|-heal|p1a: Gastrodon|43\/100|[from] item: Leftovers\n|-damage|p2a: Greninja|17\/100 brn|[from] brn\n|upkeep\n|turn|50\n|\n|t:|1617714335\n|move|p2a: Greninja|Dark Pulse|p1a: Gastrodon\n|-damage|p1a: Gastrodon|6\/100\n|-activate|p1a: Gastrodon|confusion\n|move|p1a: Gastrodon|Recover|p1a: Gastrodon\n|-heal|p1a: Gastrodon|56\/100\n|\n|-heal|p1a: Gastrodon|62\/100|[from] item: Leftovers\n|-damage|p2a: Greninja|11\/100 brn|[from] brn\n|upkeep\n|turn|51\n|\n|t:|1617714340\n|move|p2a: Greninja|Dark Pulse|p1a: Gastrodon\n|-damage|p1a: Gastrodon|30\/100\n|-end|p1a: Gastrodon|confusion\n|move|p1a: Gastrodon|Recover|p1a: Gastrodon\n|-heal|p1a: Gastrodon|80\/100\n|\n|-heal|p1a: Gastrodon|86\/100|[from] item: Leftovers\n|-damage|p2a: Greninja|5\/100 brn|[from] brn\n|upkeep\n|turn|52\n|\n|t:|1617714344\n|move|p2a: Greninja|Dark Pulse|p1a: Gastrodon\n|-damage|p1a: Gastrodon|52\/100\n|move|p1a: Gastrodon|Recover|p1a: Gastrodon\n|-heal|p1a: Gastrodon|100\/100\n|\n|-damage|p2a: Greninja|0 fnt|[from] brn\n|faint|p2a: Greninja\n|upkeep\n|c|\u2606Stellar Flares|gz\n|\n|t:|1617714349\n|switch|p2a: Swampert|Swampert-Mega, M|43\/100\n|turn|53\n|\n|t:|1617714354\n|switch|p1a: Landorus|Landorus-Therian, M|100\/100\n|-ability|p1a: Landorus|Intimidate|boost\n|-unboost|p2a: Swampert|atk|1\n|move|p2a: Swampert|Substitute|p2a: Swampert\n|-start|p2a: Swampert|Substitute\n|-damage|p2a: Swampert|18\/100\n|\n|upkeep\n|turn|54\n|\n|t:|1617714357\n|switch|p1a: Scizor|Scizor-Mega, M|100\/100\n|move|p2a: Swampert|Ice Punch|p1a: Scizor\n|-resisted|p1a: Scizor\n|-crit|p1a: Scizor\n|-damage|p1a: Scizor|87\/100\n|\n|upkeep\n|turn|55\n|\n|t:|1617714359\n|move|p2a: Swampert|Earthquake|p1a: Scizor\n|-damage|p1a: Scizor|64\/100\n|move|p1a: Scizor|U-turn|p2a: Swampert\n|-end|p2a: Swampert|Substitute\n|\n|t:|1617714362\n|switch|p1a: Landorus|Landorus-Therian, M|100\/100|[from]move: U-turn\n|-ability|p1a: Landorus|Intimidate|boost\n|-unboost|p2a: Swampert|atk|1\n|\n|upkeep\n|turn|56\n|l| Spardem\n|\n|t:|1617714364\n|switch|p2a: Pelipper|Pelipper, F|5\/100 tox\n|-weather|RainDance|[from] ability: Drizzle|[of] p2a: Pelipper\n|switch|p1a: Scizor|Scizor-Mega, M|64\/100\n|\n|-weather|RainDance|[upkeep]\n|-damage|p2a: Pelipper|0 fnt|[from] psn\n|faint|p2a: Pelipper\n|upkeep\n|\n|t:|1617714366\n|switch|p2a: Swampert|Swampert-Mega, M|18\/100\n|turn|57\n|\n|t:|1617714370\n|move|p1a: Scizor|Bullet Punch|p2a: Swampert\n|-resisted|p2a: Swampert\n|-damage|p2a: Swampert|4\/100\n|move|p2a: Swampert|Waterfall|p1a: Scizor\n|-damage|p1a: Scizor|21\/100\n|\n|-weather|RainDance|[upkeep]\n|upkeep\n|turn|58\n|\n|t:|1617714372\n|move|p1a: Scizor|Bullet Punch|p2a: Swampert\n|-resisted|p2a: Swampert\n|-damage|p2a: Swampert|0 fnt\n|faint|p2a: Swampert\n|\n|win|Stellar Flares\n|n|\u2606Stellar Flares|stellarflares\n|n|\u2606Mendeez|mendeez\n|n| Sir_Assasin|sirassasin\n|n| Ray22-1|ray221\n|n|+Dag\u256f\u25cf\u256dDan|dagdan\n|n| Artemisafenix|artemisafenix\n","uploadtime":1617714373,"views":26,"p1id":"stellarflares","p2id":"mendeez","formatid":"gen7ou","rating":0,"private":0,"password":null}