{"id":"gen7ou-608412924","p1":"Bestixl","p2":"josemoreira7","format":"gen7ou","log":"|j|Bestixl\n|j|josemoreira7\n|player|p1|Bestixl|96\n|teamsize|p1|6\n|player|p2|josemoreira7|#zinnia\n|teamsize|p2|6\n|gametype|singles\n|gen|7\n|tier|[Gen 7] OU\n|seed|18397,23371,32096,1410\n|rule|Sleep Clause Mod: Limit one foe put to sleep\n|rule|Species Clause: Limit one of each Pok\u00e9mon\n|rule|OHKO Clause: OHKO moves are banned\n|rule|Moody Clause: Moody is banned\n|rule|Evasion Moves Clause: Evasion moves are banned\n|rule|Endless Battle Clause: Forcing endless battles is banned\n|rule|HP Percentage Mod: HP is shown in percentages\n|clearpoke\n|poke|p1|Hydreigon, M|item\n|poke|p1|Greninja, M|item\n|poke|p1|Marowak-Alola, M|item\n|poke|p1|Mawile, M|item\n|poke|p1|Celesteela|item\n|poke|p1|Garchomp, M|item\n|poke|p2|Manectric, M|item\n|poke|p2|Hoopa-Unbound|item\n|poke|p2|Greninja, M|item\n|poke|p2|Landorus-Therian, M|item\n|poke|p2|Tangrowth, M|item\n|poke|p2|Magearna|item\n|teampreview\n|choice|team 1, team 2, team 3, team 4, team 5, team 6|team 3, team 2, team 1, team 4, team 5, team 6\n|\n|start\n|switch|p1a: Hydreigon|Hydreigon, M|325\/325\n|switch|p2a: Greninja|Greninja, M|285\/285\n|turn|1\n|choice|move uturn|move uturn\n|\n|move|p2a: Greninja|U-turn|p1a: Hydreigon\n|-start|p2a: Greninja|typechange|Bug|[from] Protean\n|-supereffective|p1a: Hydreigon\n|-damage|p1a: Hydreigon|97\/325\n|choice||switch 5\n|\n|switch|p2a: Tangrowth|Tangrowth, M|404\/404\n|move|p1a: Hydreigon|U-turn|p2a: Tangrowth\n|-supereffective|p2a: Tangrowth\n|-damage|p2a: Tangrowth|324\/404\n|choice|switch 3|\n|\n|switch|p1a: Marowak|Marowak-Alola, M|323\/323\n|\n|upkeep\n|turn|2\n|choice|switch 3|switch 4\n|\n|switch|p1a: Hydreigon|Hydreigon, M|97\/325\n|switch|p2a: Landorus|Landorus-Therian, M|381\/381\n|-ability|p2a: Landorus|Intimidate|boost\n|-unboost|p1a: Hydreigon|atk|1\n|\n|upkeep\n|turn|3\n|choice|move dracometeor|switch 6\n|\n|switch|p2a: Magearna|Magearna|301\/301\n|move|p1a: Hydreigon|Draco Meteor|p2a: Magearna\n|-immune|p2a: Magearna|[msg]\n|\n|upkeep\n|turn|4\n|choice|switch 5|switch 6\n|\n|switch|p1a: Celesteela|Celesteela|398\/398\n|switch|p2a: Landorus|Landorus-Therian, M|381\/381\n|-ability|p2a: Landorus|Intimidate|boost\n|-unboost|p1a: Celesteela|atk|1\n|\n|upkeep\n|turn|5\n|choice|switch 2|move stealthrock\n|\n|switch|p1a: Greninja|Greninja, M|285\/285\n|move|p2a: Landorus|Stealth Rock|p1a: Greninja\n|-sidestart|p1: Bestixl|move: Stealth Rock\n|\n|upkeep\n|turn|6\n|choice|move icebeam|switch 4\n|\n|switch|p2a: Tangrowth|Tangrowth, M|404\/404\n|move|p1a: Greninja|Ice Beam|p2a: Tangrowth\n|-start|p1a: Greninja|typechange|Ice|[from] Protean\n|-supereffective|p2a: Tangrowth\n|-damage|p2a: Tangrowth|147\/404\n|-damage|p1a: Greninja|257\/285|[from] item: Life Orb\n|\n|upkeep\n|turn|7\n|choice|move spikes|switch 6\n|\n|switch|p2a: Magearna|Magearna|301\/301\n|move|p1a: Greninja|Spikes|p2a: Magearna\n|-start|p1a: Greninja|typechange|Ground|[from] Protean\n|-sidestart|p2: josemoreira7|Spikes\n|\n|upkeep\n|turn|8\n|choice|switch 2|move focusblast zmove\n|\n|switch|p1a: Celesteela|Celesteela|398\/398\n|-damage|p1a: Celesteela|349\/398|[from] Stealth Rock\n|-zpower|p2a: Magearna\n|move|p2a: Magearna|All-Out Pummeling|p1a: Celesteela|[zeffect]\n|-damage|p1a: Celesteela|183\/398\n|\n|-heal|p1a: Celesteela|207\/398|[from] item: Leftovers\n|upkeep\n|turn|9\n|choice|switch 4|move icebeam\n|\n|switch|p1a: Mawile|Mawile, M|260\/260\n|-damage|p1a: Mawile|244\/260|[from] Stealth Rock\n|-ability|p1a: Mawile|Intimidate|boost\n|-unboost|p2a: Magearna|atk|1\n|move|p2a: Magearna|Ice Beam|p1a: Mawile\n|-resisted|p1a: Mawile\n|-damage|p1a: Mawile|161\/260\n|\n|upkeep\n|turn|10\n|choice|move stealthrock mega|switch 4\n|\n|switch|p2a: Landorus|Landorus-Therian, M|381\/381\n|-ability|p2a: Landorus|Intimidate|boost\n|-unboost|p1a: Mawile|atk|1\n|detailschange|p1a: Mawile|Mawile-Mega, M\n|-mega|p1a: Mawile|Mawile|Mawilite\n|move|p1a: Mawile|Stealth Rock|p2a: Landorus\n|-sidestart|p2: josemoreira7|move: Stealth Rock\n|\n|upkeep\n|turn|11\n|choice|switch 4|move uturn\n|\n|switch|p1a: Celesteela|Celesteela|207\/398\n|-damage|p1a: Celesteela|158\/398|[from] Stealth Rock\n|move|p2a: Landorus|U-turn|p1a: Celesteela\n|-resisted|p1a: Celesteela\n|-damage|p1a: Celesteela|141\/398\n|choice||switch 3\n|\n|switch|p2a: Manectric|Manectric, M|281\/281\n|-damage|p2a: Manectric|246\/281|[from] Stealth Rock\n|-damage|p2a: Manectric|211\/281|[from] Spikes\n|\n|-heal|p1a: Celesteela|165\/398|[from] item: Leftovers\n|upkeep\n|turn|12\n|choice|move protect|move flamethrower mega\n|\n|detailschange|p2a: Manectric|Manectric-Mega, M\n|-mega|p2a: Manectric|Manectric|Manectite\n|-ability|p2a: Manectric|Intimidate|boost\n|-unboost|p1a: Celesteela|atk|1\n|move|p1a: Celesteela|Protect|p1a: Celesteela\n|-singleturn|p1a: Celesteela|Protect\n|move|p2a: Manectric|Flamethrower|p1a: Celesteela\n|-activate|p1a: Celesteela|move: Protect\n|\n|-heal|p1a: Celesteela|189\/398|[from] item: Leftovers\n|upkeep\n|turn|13\n|choice|switch 3|move voltswitch\n|\n|switch|p1a: Marowak|Marowak-Alola, M|323\/323\n|-damage|p1a: Marowak|243\/323|[from] Stealth Rock\n|move|p2a: Manectric|Volt Switch|p1a: Marowak\n|-ability|p1a: Marowak|Lightning Rod|boost\n|-boost|p1a: Marowak|spa|1\n|\n|upkeep\n|turn|14\n|choice|move shadowbone|switch 3\n|\n|switch|p2a: Landorus|Landorus-Therian, M|381\/381\n|-damage|p2a: Landorus|334\/381|[from] Stealth Rock\n|-ability|p2a: Landorus|Intimidate|boost\n|-unboost|p1a: Marowak|atk|1\n|move|p1a: Marowak|Shadow Bone|p2a: Landorus\n|-damage|p2a: Landorus|222\/381\n|\n|upkeep\n|turn|15\n|choice|move shadowbone|move uturn\n|\n|move|p2a: Landorus|U-turn|p1a: Marowak\n|-resisted|p1a: Marowak\n|-damage|p1a: Marowak|225\/323\n|choice||switch 3\n|\n|switch|p2a: Manectric|Manectric-Mega, M|211\/281\n|-damage|p2a: Manectric|176\/281|[from] Stealth Rock\n|-damage|p2a: Manectric|141\/281|[from] Spikes\n|-ability|p2a: Manectric|Intimidate|boost\n|-unboost|p1a: Marowak|atk|1\n|move|p1a: Marowak|Shadow Bone|p2a: Manectric\n|-damage|p2a: Manectric|12\/281\n|\n|upkeep\n|turn|16\n|choice|move shadowbone|move flamethrower\n|\n|move|p2a: Manectric|Flamethrower|p1a: Marowak\n|-resisted|p1a: Marowak\n|-damage|p1a: Marowak|163\/323\n|move|p1a: Marowak|Shadow Bone|p2a: Manectric\n|-damage|p2a: Manectric|0 fnt\n|faint|p2a: Manectric\n|\n|upkeep\n|choice||switch 5\n|\n|switch|p2a: Greninja|Greninja, M|285\/285\n|-damage|p2a: Greninja|250\/285|[from] Spikes\n|-damage|p2a: Greninja|215\/285|[from] Stealth Rock\n|turn|17\n|choice|switch 4|move rockslide\n|\n|switch|p1a: Mawile|Mawile-Mega, M|161\/260\n|-damage|p1a: Mawile|145\/260|[from] Stealth Rock\n|move|p2a: Greninja|Rock Slide|p1a: Mawile\n|-start|p2a: Greninja|typechange|Rock|[from] Protean\n|-resisted|p1a: Mawile\n|-damage|p1a: Mawile|102\/260\n|\n|upkeep\n|turn|18\n|choice|switch 2|switch 3\n|\n|switch|p2a: Landorus|Landorus-Therian, M|222\/381\n|-damage|p2a: Landorus|175\/381|[from] Stealth Rock\n|-ability|p2a: Landorus|Intimidate|boost\n|-unboost|p1a: Mawile|atk|1\n|switch|p1a: Greninja|Greninja, M|257\/285\n|-damage|p1a: Greninja|222\/285|[from] Stealth Rock\n|\n|upkeep\n|turn|19\n|choice|move spikes|switch 4\n|\n|switch|p2a: Magearna|Magearna|301\/301\n|-damage|p2a: Magearna|264\/301|[from] Spikes\n|-damage|p2a: Magearna|246\/301|[from] Stealth Rock\n|move|p1a: Greninja|Spikes|p2a: Magearna\n|-start|p1a: Greninja|typechange|Ground|[from] Protean\n|-sidestart|p2: josemoreira7|Spikes\n|\n|upkeep\n|turn|20\n|choice|switch 4|move icebeam\n|\n|switch|p1a: Marowak|Marowak-Alola, M|163\/323\n|-damage|p1a: Marowak|83\/323|[from] Stealth Rock\n|move|p2a: Magearna|Ice Beam|p1a: Marowak\n|-resisted|p1a: Marowak\n|-damage|p1a: Marowak|19\/323\n|\n|upkeep\n|turn|21\n|choice|move firepunch|switch 4\n|\n|switch|p2a: Landorus|Landorus-Therian, M|175\/381\n|-damage|p2a: Landorus|128\/381|[from] Stealth Rock\n|-ability|p2a: Landorus|Intimidate|boost\n|-unboost|p1a: Marowak|atk|1\n|move|p1a: Marowak|Fire Punch|p2a: Landorus\n|-damage|p2a: Landorus|38\/381\n|\n|upkeep\n|turn|22\n|choice|move firepunch|move uturn\n|\n|move|p2a: Landorus|U-turn|p1a: Marowak\n|-resisted|p1a: Marowak\n|-damage|p1a: Marowak|3\/323\n|c|\u2606Bestixl|0 Atk Landorus-Therian U-turn vs. 248 HP \/ 12 Def Marowak-Alola: 16-19 (4.9 - 5.8%) -- possibly the worst move ever\n|c|\u2606Bestixl|5.9%\n|choice||switch 2\n|\n|switch|p2a: Hoopa|Hoopa-Unbound|301\/301\n|-damage|p2a: Hoopa|264\/301|[from] Stealth Rock\n|-damage|p2a: Hoopa|214\/301|[from] Spikes\n|move|p1a: Marowak|Fire Punch|p2a: Hoopa\n|-damage|p2a: Hoopa|15\/301\n|\n|upkeep\n|turn|23\n|-message|josemoreira7 forfeited.\n|\n|win|Bestixl\n|l|josemoreira7\n|c|\u2606Bestixl|izi","inputlog":null,"uploadtime":1500949911,"views":58,"p1id":"bestixl","p2id":"josemoreira7","formatid":"gen7ou","rating":0,"private":0,"password":null}