{"id":"gen7ou-591525526","p1":"colour the skies","p2":"I'm back from mars","format":"gen7ou","log":"|j|colour the skies\n|j|I'm back from mars\n|player|p1|colour the skies|1\n|teamsize|p1|6\n|player|p2|I'm back from mars|128\n|teamsize|p2|6\n|gametype|singles\n|gen|7\n|tier|[Gen 7] OU\n|rated\n|seed|14446,10869,28356,37827\n|clearpoke\n|poke|p1|Zygarde|item\n|poke|p1|Pinsir, M|item\n|poke|p1|Bisharp, F|item\n|poke|p1|Porygon-Z|item\n|poke|p1|Smeargle, M|item\n|poke|p1|Mimikyu, F|item\n|poke|p2|Tyranitar, F|item\n|poke|p2|Garchomp, F|item\n|poke|p2|Tangrowth, M|item\n|poke|p2|Reuniclus, F|item\n|poke|p2|Bronzong|item\n|poke|p2|Landorus-Therian, M|item\n|rule|Sleep Clause Mod: Limit one foe put to sleep\n|rule|Species Clause: Limit one of each Pok\u00e9mon\n|rule|OHKO Clause: OHKO moves are banned\n|rule|Moody Clause: Moody is banned\n|rule|Evasion Moves Clause: Evasion moves are banned\n|rule|Endless Battle Clause: Forcing endless battles is banned\n|rule|HP Percentage Mod: HP is shown in percentages\n|teampreview\n|inactive|Battle timer is ON: inactive players will automatically lose when time's up. (requested by colour the skies)\n|choice|team 5, team 2, team 3, team 4, team 1, team 6|team 5, team 2, team 3, team 4, team 1, team 6\n|\n|start\n|switch|p1a: Smeargle|Smeargle, M|314\/314\n|switch|p2a: Bronzong|Bronzong|338\/338\n|turn|1\n|choice|move magiccoat|move stealthrock\n|\n|move|p1a: Smeargle|Magic Coat|p1a: Smeargle\n|-singleturn|p1a: Smeargle|move: Magic Coat\n|move|p2a: Bronzong|Stealth Rock|p1a: Smeargle\n|move|p1a: Smeargle|Stealth Rock|p2a: Bronzong|[from]Magic Coat\n|-sidestart|p2: I'm back from mars|move: Stealth Rock\n|\n|upkeep\n|turn|2\n|choice|move spore|move stealthrock\n|\n|move|p1a: Smeargle|Spore|p2a: Bronzong\n|-status|p2a: Bronzong|slp\n|cant|p2a: Bronzong|slp\n|\n|upkeep\n|turn|3\n|choice|move stickyweb|switch 6\n|\n|switch|p2a: Landorus|Landorus-Therian, M|382\/382\n|-damage|p2a: Landorus|335\/382|[from] Stealth Rock\n|-ability|p2a: Landorus|Intimidate|boost\n|-unboost|p1a: Smeargle|atk|1\n|move|p1a: Smeargle|Sticky Web|p2a: Landorus\n|-sidestart|p2: I'm back from mars|move: Sticky Web\n|\n|-heal|p2a: Landorus|358\/382|[from] item: Leftovers\n|upkeep\n|turn|4\n|j|Fuckoffmate\n|choice|switch 5|move substitute\n|\n|switch|p1a: Zygarde|Zygarde|417\/417\n|-ability|p1a: Zygarde|Aura Break\n|move|p2a: Landorus|Substitute|p2a: Landorus\n|-start|p2a: Landorus|Substitute\n|-damage|p2a: Landorus|263\/382\n|\n|-heal|p2a: Landorus|286\/382|[from] item: Leftovers\n|upkeep\n|turn|5\n|choice|move thousandarrows|move toxic\n|\n|move|p1a: Zygarde|Thousand Arrows|p2a: Landorus\n|-end|p2a: Landorus|Substitute\n|move|p2a: Landorus|Toxic|p1a: Zygarde\n|-status|p1a: Zygarde|tox\n|\n|-heal|p2a: Landorus|309\/382|[from] item: Leftovers\n|-damage|p1a: Zygarde|391\/417 tox|[from] psn\n|upkeep\n|turn|6\n|choice|switch 4|switch 3\n|\n|switch|p1a: Porygon-Z|Porygon-Z|311\/311\n|switch|p2a: Tangrowth|Tangrowth, M|404\/404\n|-activate|p2a: Tangrowth|move: Sticky Web\n|-unboost|p2a: Tangrowth|spe|1\n|-damage|p2a: Tangrowth|354\/404|[from] Stealth Rock\n|\n|upkeep\n|turn|7\n|choice|move conversion zmove|switch 5\n|\n|switch|p2a: Tyranitar|Tyranitar, F|342\/342\n|-activate|p2a: Tyranitar|move: Sticky Web\n|-unboost|p2a: Tyranitar|spe|1\n|-damage|p2a: Tyranitar|300\/342|[from] Stealth Rock\n|-weather|Sandstorm|[from] ability: Sand Stream|[of] p2a: Tyranitar\n|-zpower|p1a: Porygon-Z\n|move|p1a: Porygon-Z|Z-Conversion|p1a: Porygon-Z|[anim]Conversion\n|-boost|p1a: Porygon-Z|atk|1|[zeffect]\n|-boost|p1a: Porygon-Z|def|1|[zeffect]\n|-boost|p1a: Porygon-Z|spa|1|[zeffect]\n|-boost|p1a: Porygon-Z|spd|1|[zeffect]\n|-boost|p1a: Porygon-Z|spe|1|[zeffect]\n|-start|p1a: Porygon-Z|typechange|Ghost\n|\n|-weather|Sandstorm|[upkeep]\n|-damage|p1a: Porygon-Z|292\/311|[from] sandstorm\n|upkeep\n|turn|8\n|choice|switch 3|move crunch\n|\n|switch|p1a: Bisharp|Bisharp, F|271\/271\n|move|p2a: Tyranitar|Crunch|p1a: Bisharp\n|-resisted|p1a: Bisharp\n|-crit|p1a: Bisharp\n|-damage|p1a: Bisharp|161\/271\n|\n|-weather|Sandstorm|[upkeep]\n|upkeep\n|turn|9\n|c| Fuckoffmate|ohhhh\n|choice|move ironhead|switch 2\n|\n|switch|p2a: Garchomp|Garchomp, F|358\/358\n|-activate|p2a: Garchomp|move: Sticky Web\n|-unboost|p2a: Garchomp|spe|1\n|-damage|p2a: Garchomp|336\/358|[from] Stealth Rock\n|move|p1a: Bisharp|Iron Head|p2a: Garchomp\n|-damage|p2a: Garchomp|177\/358\n|-damage|p1a: Bisharp|128\/271|[from] ability: Rough Skin|[of] p2a: Garchomp\n|\n|-weather|Sandstorm|[upkeep]\n|upkeep\n|turn|10\n|c| Fuckoffmate|is u again\n|c| Fuckoffmate|didnt see it\n|choice|move knockoff|move earthquake mega\n|\n|detailschange|p2a: Garchomp|Garchomp-Mega, F\n|-mega|p2a: Garchomp|Garchomp|Garchompite\n|move|p1a: Bisharp|Knock Off|p2a: Garchomp\n|-crit|p2a: Garchomp\n|-damage|p2a: Garchomp|0 fnt\n|faint|p2a: Garchomp\n|\n|-weather|Sandstorm|[upkeep]\n|upkeep\n|choice||switch 3\n|\n|switch|p2a: Landorus|Landorus-Therian, M|309\/382\n|-damage|p2a: Landorus|262\/382|[from] Stealth Rock\n|-ability|p2a: Landorus|Intimidate|boost\n|-unboost|p1a: Bisharp|atk|1\n|-ability|p1a: Bisharp|Defiant|boost\n|-boost|p1a: Bisharp|atk|2\n|turn|11\n|choice|move knockoff|move earthquake\n|\n|move|p1a: Bisharp|Knock Off|p2a: Landorus\n|-damage|p2a: Landorus|3\/382\n|-enditem|p2a: Landorus|Leftovers|[from] move: Knock Off|[of] p1a: Bisharp\n|move|p2a: Landorus|Earthquake|p1a: Bisharp\n|-supereffective|p1a: Bisharp\n|-damage|p1a: Bisharp|0 fnt\n|faint|p1a: Bisharp\n|\n|-weather|none\n|upkeep\n|choice|switch 3|\n|\n|switch|p1a: Porygon-Z|Porygon-Z|292\/311\n|turn|12\n|choice|move shadowball|move earthquake\n|\n|move|p1a: Porygon-Z|Shadow Ball|p2a: Landorus\n|-damage|p2a: Landorus|0 fnt\n|faint|p2a: Landorus\n|\n|upkeep\n|choice||switch 2\n|\n|switch|p2a: Tyranitar|Tyranitar, F|300\/342\n|-activate|p2a: Tyranitar|move: Sticky Web\n|-unboost|p2a: Tyranitar|spe|1\n|-damage|p2a: Tyranitar|258\/342|[from] Stealth Rock\n|-weather|Sandstorm|[from] ability: Sand Stream|[of] p2a: Tyranitar\n|turn|13\n|choice|move discharge|move crunch\n|\n|move|p1a: Porygon-Z|Discharge|p2a: Tyranitar\n|-damage|p2a: Tyranitar|186\/342\n|move|p2a: Tyranitar|Crunch|p1a: Porygon-Z\n|-damage|p1a: Porygon-Z|90\/311\n|\n|-weather|Sandstorm|[upkeep]\n|-damage|p1a: Porygon-Z|71\/311|[from] sandstorm\n|upkeep\n|turn|14\n|choice|move discharge|move crunch\n|\n|move|p1a: Porygon-Z|Discharge|p2a: Tyranitar\n|-damage|p2a: Tyranitar|118\/342\n|move|p2a: Tyranitar|Crunch|p1a: Porygon-Z\n|-damage|p1a: Porygon-Z|0 fnt\n|faint|p1a: Porygon-Z\n|\n|-weather|Sandstorm|[upkeep]\n|upkeep\n|choice|switch 2|\n|\n|switch|p1a: Pinsir|Pinsir, M|271\/271\n|turn|15\n|choice|move earthquake mega|move crunch\n|\n|detailschange|p1a: Pinsir|Pinsir-Mega, M\n|-mega|p1a: Pinsir|Pinsir|Pinsirite\n|move|p1a: Pinsir|Earthquake|p2a: Tyranitar\n|-supereffective|p2a: Tyranitar\n|-damage|p2a: Tyranitar|0 fnt\n|faint|p2a: Tyranitar\n|\n|-weather|Sandstorm|[upkeep]\n|-damage|p1a: Pinsir|255\/271|[from] sandstorm\n|upkeep\n|choice||switch 6\n|\n|switch|p2a: Bronzong|Bronzong|338\/338 slp\n|-damage|p2a: Bronzong|317\/338 slp|[from] Stealth Rock\n|turn|16\n|choice|switch 6|move toxic\n|\n|switch|p1a: Mimikyu|Mimikyu, F|251\/251\n|cant|p2a: Bronzong|slp\n|\n|-weather|Sandstorm|[upkeep]\n|-damage|p1a: Mimikyu|236\/251|[from] sandstorm\n|-heal|p2a: Bronzong|338\/338 slp|[from] item: Leftovers\n|upkeep\n|turn|17\n|choice|move swordsdance|move toxic\n|\n|move|p1a: Mimikyu|Swords Dance|p1a: Mimikyu\n|-boost|p1a: Mimikyu|atk|2\n|-curestatus|p2a: Bronzong|slp|[msg]\n|move|p2a: Bronzong|Toxic|p1a: Mimikyu\n|-status|p1a: Mimikyu|tox\n|\n|-weather|none\n|-damage|p1a: Mimikyu|221\/251 tox|[from] psn\n|upkeep\n|turn|18\n|choice|move shadowclaw|move protect\n|\n|move|p2a: Bronzong|Protect|p2a: Bronzong\n|-singleturn|p2a: Bronzong|Protect\n|move|p1a: Mimikyu|Shadow Claw|p2a: Bronzong\n|-activate|p2a: Bronzong|move: Protect\n|\n|-damage|p1a: Mimikyu|191\/251 tox|[from] psn\n|upkeep\n|turn|19\n|c| Fuckoffmate|gg\n|choice|move shadowclaw|switch 5\n|\n|switch|p2a: Tangrowth|Tangrowth, M|404\/404\n|-damage|p2a: Tangrowth|354\/404|[from] Stealth Rock\n|-activate|p2a: Tangrowth|move: Sticky Web\n|-unboost|p2a: Tangrowth|spe|1\n|move|p1a: Mimikyu|Shadow Claw|p2a: Tangrowth\n|-damage|p2a: Tangrowth|146\/404\n|-damage|p1a: Mimikyu|166\/251 tox|[from] item: Life Orb\n|\n|-damage|p1a: Mimikyu|121\/251 tox|[from] psn\n|upkeep\n|turn|20\n|choice|move shadowclaw|switch 4\n|\n|switch|p2a: Reuniclus|Reuniclus, F|424\/424\n|-activate|p2a: Reuniclus|move: Sticky Web\n|-unboost|p2a: Reuniclus|spe|1\n|move|p1a: Mimikyu|Shadow Claw|p2a: Reuniclus\n|-supereffective|p2a: Reuniclus\n|-damage|p2a: Reuniclus|0 fnt\n|-damage|p1a: Mimikyu|96\/251 tox|[from] item: Life Orb\n|faint|p2a: Reuniclus\n|\n|-damage|p1a: Mimikyu|36\/251 tox|[from] psn\n|upkeep\n|choice||switch 5\n|\n|switch|p2a: Bronzong|Bronzong|338\/338\n|-damage|p2a: Bronzong|317\/338|[from] Stealth Rock\n|turn|21\n|choice|switch 4|move protect\n|\n|switch|p1a: Zygarde|Zygarde|391\/417 tox\n|-ability|p1a: Zygarde|Aura Break\n|move|p2a: Bronzong|Protect|p2a: Bronzong\n|-fail|p2a: Bronzong\n|\n|-heal|p2a: Bronzong|338\/338|[from] item: Leftovers\n|-damage|p1a: Zygarde|365\/417 tox|[from] psn\n|upkeep\n|turn|22\n|choice|move dragondance|switch 4\n|\n|switch|p2a: Tangrowth|Tangrowth, M|280\/404\n|-activate|p2a: Tangrowth|move: Sticky Web\n|-unboost|p2a: Tangrowth|spe|1\n|-damage|p2a: Tangrowth|230\/404|[from] Stealth Rock\n|move|p1a: Zygarde|Dragon Dance|p1a: Zygarde\n|-boost|p1a: Zygarde|atk|1\n|-boost|p1a: Zygarde|spe|1\n|\n|-damage|p1a: Zygarde|313\/417 tox|[from] psn\n|upkeep\n|turn|23\n|choice|move extremespeed|switch 4\n|\n|switch|p2a: Bronzong|Bronzong|338\/338\n|-damage|p2a: Bronzong|317\/338|[from] Stealth Rock\n|move|p1a: Zygarde|Extreme Speed|p2a: Bronzong\n|-resisted|p2a: Bronzong\n|-damage|p2a: Bronzong|272\/338\n|\n|-heal|p2a: Bronzong|293\/338|[from] item: Leftovers\n|-damage|p1a: Zygarde|235\/417 tox|[from] psn\n|upkeep\n|turn|24\n|choice|move thousandarrows|switch 4\n|\n|switch|p2a: Tangrowth|Tangrowth, M|364\/404\n|-damage|p2a: Tangrowth|314\/404|[from] Stealth Rock\n|-activate|p2a: Tangrowth|move: Sticky Web\n|-unboost|p2a: Tangrowth|spe|1\n|move|p1a: Zygarde|Thousand Arrows|p2a: Tangrowth\n|-resisted|p2a: Tangrowth\n|-damage|p2a: Tangrowth|212\/404\n|\n|-damage|p1a: Zygarde|131\/417 tox|[from] psn\n|upkeep\n|turn|25\n|choice|move thousandarrows|move hiddenpower\n|\n|move|p1a: Zygarde|Thousand Arrows|p2a: Tangrowth\n|-resisted|p2a: Tangrowth\n|-damage|p2a: Tangrowth|116\/404\n|move|p2a: Tangrowth|Hidden Power|p1a: Zygarde\n|-supereffective|p1a: Zygarde\n|-damage|p1a: Zygarde|0 fnt\n|faint|p1a: Zygarde\n|\n|upkeep\n|choice|switch 4|\n|\n|switch|p1a: Mimikyu|Mimikyu, F|36\/251 tox\n|turn|26\n|choice|move shadowclaw|move gigadrain\n|\n|move|p1a: Mimikyu|Shadow Claw|p2a: Tangrowth\n|-damage|p2a: Tangrowth|0 fnt\n|-damage|p1a: Mimikyu|11\/251 tox|[from] item: Life Orb\n|faint|p2a: Tangrowth\n|\n|-damage|p1a: Mimikyu|0 fnt|[from] psn\n|upkeep\n|faint|p1a: Mimikyu\n|choice|switch 5|switch 4\n|\n|switch|p1a: Smeargle|Smeargle, M|314\/314\n|switch|p2a: Bronzong|Bronzong|293\/338\n|-damage|p2a: Bronzong|272\/338|[from] Stealth Rock\n|turn|27\n|choice|move spore|move toxic\n|\n|move|p1a: Smeargle|Spore|p2a: Bronzong\n|-status|p2a: Bronzong|slp\n|cant|p2a: Bronzong|slp\n|\n|-heal|p2a: Bronzong|293\/338 slp|[from] item: Leftovers\n|upkeep\n|turn|28\n|choice|switch 6|move toxic\n|\n|switch|p1a: Pinsir|Pinsir-Mega, M|255\/271\n|cant|p2a: Bronzong|slp\n|\n|-heal|p2a: Bronzong|314\/338 slp|[from] item: Leftovers\n|upkeep\n|turn|29\n|choice|move swordsdance|move toxic\n|\n|move|p1a: Pinsir|Swords Dance|p1a: Pinsir\n|-boost|p1a: Pinsir|atk|2\n|-curestatus|p2a: Bronzong|slp|[msg]\n|move|p2a: Bronzong|Toxic|p1a: Pinsir\n|-status|p1a: Pinsir|tox\n|\n|-heal|p2a: Bronzong|335\/338|[from] item: Leftovers\n|-damage|p1a: Pinsir|239\/271 tox|[from] psn\n|upkeep\n|turn|30\n|choice|move return|move psywave\n|\n|move|p1a: Pinsir|Return|p2a: Bronzong\n|-resisted|p2a: Bronzong\n|-damage|p2a: Bronzong|172\/338\n|move|p2a: Bronzong|Psywave|p1a: Pinsir\n|-damage|p1a: Pinsir|117\/271 tox\n|\n|-heal|p2a: Bronzong|193\/338|[from] item: Leftovers\n|-damage|p1a: Pinsir|85\/271 tox|[from] psn\n|upkeep\n|turn|31\n|choice|move return|move psywave\n|\n|move|p1a: Pinsir|Return|p2a: Bronzong\n|-resisted|p2a: Bronzong\n|-damage|p2a: Bronzong|19\/338\n|move|p2a: Bronzong|Psywave|p1a: Pinsir\n|-damage|p1a: Pinsir|0 fnt\n|faint|p1a: Pinsir\n|\n|-heal|p2a: Bronzong|40\/338|[from] item: Leftovers\n|upkeep\n|-message|colour the skies forfeited.\n|\n|win|I'm back from mars\n|l|colour the skies\n|raw|colour the skies's rating: 1816 &rarr; <strong>1788<\/strong><br \/>(-28 for losing)\n|raw|I&apos;m back from mars's rating: 1677 &rarr; <strong>1705<\/strong><br \/>(+28 for winning)\n|c|\u2606I'm back from mars|gg","inputlog":null,"uploadtime":1497626204,"views":28,"p1id":"colourtheskies","p2id":"imbackfrommars","formatid":"gen7ou","rating":1705,"private":0,"password":null}