{"id":"gen7ou-1680066238","p1":"tanishq1","p2":"LillieQvQ","format":"gen7ou","log":"|j|\u2606tanishq1\n|j|\u2606LillieQvQ\n|t:|1665158266\n|gametype|singles\n|player|p1|tanishq1|266|1626\n|player|p2|LillieQvQ|lillie|1658\n|teamsize|p1|6\n|teamsize|p2|6\n|gen|7\n|tier|[Gen 7] OU\n|rated|\n|rule|Sleep Clause Mod: Limit one foe put to sleep\n|rule|Species Clause: Limit one of each Pok\u00e9mon\n|rule|OHKO Clause: OHKO moves are banned\n|rule|Moody Clause: Moody is banned\n|rule|Evasion Items Clause: Evasion items are banned\n|rule|Evasion Moves Clause: Evasion moves are banned\n|rule|Endless Battle Clause: Forcing endless battles is banned\n|rule|HP Percentage Mod: HP is shown in percentages\n|clearpoke\n|poke|p1|Aggron, M|item\n|poke|p1|Clefable, F|item\n|poke|p1|Gastrodon, M|item\n|poke|p1|Slowbro, F|item\n|poke|p1|Tornadus-Therian, M|item\n|poke|p1|Tyranitar, M|item\n|poke|p2|Diancie|item\n|poke|p2|Tapu Lele|item\n|poke|p2|Victini|item\n|poke|p2|Landorus-Therian, M|item\n|poke|p2|Tapu Bulu|item\n|poke|p2|Magnezone|item\n|teampreview\n|inactive|Battle timer is ON: inactive players will automatically lose when time's up. (requested by LillieQvQ)\n|inactive|tanishq1 also wants the timer to be on.\n|\n|t:|1665158295\n|start\n|switch|p1a: Gastrodon|Gastrodon, M|100\/100\n|switch|p2a: Diancie|Diancie|100\/100\n|turn|1\n|\n|t:|1665158309\n|move|p2a: Diancie|Stealth Rock|p1a: Gastrodon\n|-sidestart|p1: tanishq1|move: Stealth Rock\n|move|p1a: Gastrodon|Scald|p2a: Diancie\n|-supereffective|p2a: Diancie\n|-damage|p2a: Diancie|51\/100\n|\n|upkeep\n|turn|2\n|\n|t:|1665158316\n|detailschange|p2a: Diancie|Diancie-Mega\n|-mega|p2a: Diancie|Diancie|Diancite\n|move|p2a: Diancie|Protect|p2a: Diancie\n|-singleturn|p2a: Diancie|Protect\n|move|p1a: Gastrodon|Scald|p2a: Diancie\n|-activate|p2a: Diancie|move: Protect\n|\n|upkeep\n|turn|3\n|\n|t:|1665158326\n|switch|p2a: Tapu Lele|Tapu Lele|100\/100\n|-fieldstart|move: Psychic Terrain|[from] ability: Psychic Surge|[of] p2a: Tapu Lele\n|move|p1a: Gastrodon|Scald|p2a: Tapu Lele\n|-damage|p2a: Tapu Lele|73\/100\n|-status|p2a: Tapu Lele|brn\n|\n|-damage|p2a: Tapu Lele|67\/100 brn|[from] brn\n|upkeep\n|turn|4\n|\n|t:|1665158335\n|switch|p1a: Tyranitar|Tyranitar, M|100\/100\n|-damage|p1a: Tyranitar|88\/100|[from] Stealth Rock\n|-weather|Sandstorm|[from] ability: Sand Stream|[of] p1a: Tyranitar\n|move|p2a: Tapu Lele|Moonblast|p1a: Tyranitar\n|-supereffective|p1a: Tyranitar\n|-damage|p1a: Tyranitar|60\/100\n|\n|-weather|Sandstorm|[upkeep]\n|-damage|p2a: Tapu Lele|61\/100 brn|[from] Sandstorm\n|-damage|p2a: Tapu Lele|55\/100 brn|[from] brn\n|upkeep\n|turn|5\n|\n|t:|1665158346\n|move|p2a: Tapu Lele|Focus Blast|p1a: Tyranitar\n|-supereffective|p1a: Tyranitar\n|-damage|p1a: Tyranitar|10\/100\n|move|p1a: Tyranitar|Pursuit|p2a: Tapu Lele\n|-damage|p2a: Tapu Lele|25\/100 brn\n|\n|-weather|Sandstorm|[upkeep]\n|-damage|p2a: Tapu Lele|19\/100 brn|[from] Sandstorm\n|-damage|p2a: Tapu Lele|13\/100 brn|[from] brn\n|upkeep\n|turn|6\n|\n|t:|1665158354\n|move|p2a: Tapu Lele|Moonblast|p1a: Tyranitar\n|-supereffective|p1a: Tyranitar\n|-crit|p1a: Tyranitar\n|-damage|p1a: Tyranitar|0 fnt\n|faint|p1a: Tyranitar\n|\n|-weather|Sandstorm|[upkeep]\n|-damage|p2a: Tapu Lele|7\/100 brn|[from] Sandstorm\n|-damage|p2a: Tapu Lele|1\/100 brn|[from] brn\n|upkeep\n|\n|t:|1665158356\n|switch|p1a: Tornadus|Tornadus-Therian, M|100\/100\n|-damage|p1a: Tornadus|76\/100|[from] Stealth Rock\n|turn|7\n|\n|t:|1665158360\n|switch|p2a: Diancie|Diancie-Mega|51\/100\n|move|p1a: Tornadus|Knock Off|p2a: Diancie\n|-resisted|p2a: Diancie\n|-damage|p2a: Diancie|41\/100\n|\n|-weather|Sandstorm|[upkeep]\n|-damage|p1a: Tornadus|70\/100|[from] Sandstorm\n|-fieldend|move: Psychic Terrain\n|upkeep\n|turn|8\n|\n|t:|1665158389\n|move|p1a: Tornadus|U-turn|p2a: Diancie\n|-resisted|p2a: Diancie\n|-damage|p2a: Diancie|32\/100\n|\n|t:|1665158391\n|switch|p1a: Gastrodon|Gastrodon, M|100\/100|[from]move: U-turn\n|-damage|p1a: Gastrodon|94\/100|[from] Stealth Rock\n|move|p2a: Diancie|Moonblast|p1a: Gastrodon\n|-damage|p1a: Gastrodon|51\/100\n|\n|-weather|none\n|-heal|p1a: Gastrodon|57\/100|[from] item: Leftovers\n|upkeep\n|turn|9\n|\n|t:|1665158399\n|switch|p2a: Tapu Bulu|Tapu Bulu|100\/100\n|-fieldstart|move: Grassy Terrain|[from] ability: Grassy Surge|[of] p2a: Tapu Bulu\n|move|p1a: Gastrodon|Recover|p1a: Gastrodon\n|-heal|p1a: Gastrodon|100\/100\n|\n|upkeep\n|turn|10\n|\n|t:|1665158413\n|switch|p1a: Aggron|Aggron, M|100\/100\n|-damage|p1a: Aggron|94\/100|[from] Stealth Rock\n|move|p2a: Tapu Bulu|Substitute|p2a: Tapu Bulu\n|-start|p2a: Tapu Bulu|Substitute\n|-damage|p2a: Tapu Bulu|75\/100\n|\n|-heal|p2a: Tapu Bulu|82\/100|[from] Grassy Terrain\n|-heal|p2a: Tapu Bulu|88\/100|[from] item: Leftovers\n|-heal|p1a: Aggron|100\/100|[from] Grassy Terrain\n|upkeep\n|turn|11\n|\n|t:|1665158416\n|detailschange|p1a: Aggron|Aggron-Mega, M\n|-mega|p1a: Aggron|Aggron|Aggronite\n|-singleturn|p2a: Tapu Bulu|move: Focus Punch\n|move|p1a: Aggron|Heavy Slam|p2a: Tapu Bulu\n|-supereffective|p2a: Tapu Bulu\n|-end|p2a: Tapu Bulu|Substitute\n|move|p2a: Tapu Bulu|Focus Punch|p1a: Aggron\n|-supereffective|p1a: Aggron\n|-damage|p1a: Aggron|72\/100\n|\n|-heal|p2a: Tapu Bulu|94\/100|[from] Grassy Terrain\n|-heal|p2a: Tapu Bulu|99\/100|[from] item: Leftovers\n|-heal|p1a: Aggron|78\/100|[from] Grassy Terrain\n|upkeep\n|turn|12\n|\n|t:|1665158429\n|switch|p2a: Victini|Victini|100\/100\n|move|p1a: Aggron|Ice Punch|p2a: Victini\n|-resisted|p2a: Victini\n|-damage|p2a: Victini|84\/100\n|\n|-heal|p2a: Victini|91\/100|[from] Grassy Terrain\n|-heal|p1a: Aggron|84\/100|[from] Grassy Terrain\n|upkeep\n|turn|13\n|j| CM Reuni\n|\n|t:|1665158449\n|switch|p1a: Slowbro|Slowbro, F|100\/100\n|-damage|p1a: Slowbro|88\/100|[from] Stealth Rock\n|move|p2a: Victini|Trick||[still]\n|-fail|p2a: Victini\n|\n|-heal|p2a: Victini|97\/100|[from] Grassy Terrain\n|-heal|p1a: Slowbro|94\/100|[from] Grassy Terrain\n|-fieldend|move: Grassy Terrain\n|upkeep\n|turn|14\n|\n|t:|1665158457\n|switch|p2a: Magnezone|Magnezone|100\/100\n|move|p1a: Slowbro|Scald|p2a: Magnezone\n|-damage|p2a: Magnezone|80\/100\n|\n|upkeep\n|turn|15\n|\n|t:|1665158464\n|switch|p2a: Tapu Bulu|Tapu Bulu|99\/100\n|-fieldstart|move: Grassy Terrain|[from] ability: Grassy Surge|[of] p2a: Tapu Bulu\n|switch|p1a: Gastrodon|Gastrodon, M|100\/100\n|-damage|p1a: Gastrodon|94\/100|[from] Stealth Rock\n|\n|-heal|p2a: Tapu Bulu|100\/100|[from] Grassy Terrain\n|-heal|p1a: Gastrodon|100\/100|[from] Grassy Terrain\n|upkeep\n|turn|16\n|\n|t:|1665158486\n|switch|p1a: Aggron|Aggron-Mega, M|84\/100\n|-damage|p1a: Aggron|78\/100|[from] Stealth Rock\n|move|p2a: Tapu Bulu|Substitute|p2a: Tapu Bulu\n|-start|p2a: Tapu Bulu|Substitute\n|-damage|p2a: Tapu Bulu|75\/100\n|\n|-heal|p2a: Tapu Bulu|82\/100|[from] Grassy Terrain\n|-heal|p2a: Tapu Bulu|88\/100|[from] item: Leftovers\n|-heal|p1a: Aggron|84\/100|[from] Grassy Terrain\n|upkeep\n|turn|17\n|\n|t:|1665158488\n|-singleturn|p2a: Tapu Bulu|move: Focus Punch\n|move|p1a: Aggron|Heavy Slam|p2a: Tapu Bulu\n|-supereffective|p2a: Tapu Bulu\n|-end|p2a: Tapu Bulu|Substitute\n|move|p2a: Tapu Bulu|Focus Punch|p1a: Aggron\n|-supereffective|p1a: Aggron\n|-damage|p1a: Aggron|51\/100\n|\n|-heal|p2a: Tapu Bulu|94\/100|[from] Grassy Terrain\n|-heal|p2a: Tapu Bulu|99\/100|[from] item: Leftovers\n|-heal|p1a: Aggron|57\/100|[from] Grassy Terrain\n|upkeep\n|turn|18\n|\n|t:|1665158500\n|switch|p2a: Magnezone|Magnezone|80\/100\n|move|p1a: Aggron|Earthquake|p2a: Magnezone\n|-supereffective|p2a: Magnezone\n|-damage|p2a: Magnezone|3\/100\n|\n|-heal|p2a: Magnezone|9\/100|[from] Grassy Terrain\n|-heal|p1a: Aggron|63\/100|[from] Grassy Terrain\n|upkeep\n|turn|19\n|\n|t:|1665158513\n|move|p2a: Magnezone|Volt Switch|p1a: Aggron\n|-damage|p1a: Aggron|23\/100\n|\n|t:|1665158519\n|switch|p2a: Victini|Victini|97\/100|[from]move: Volt Switch\n|move|p1a: Aggron|Fire Punch|p2a: Victini\n|-resisted|p2a: Victini\n|-damage|p2a: Victini|81\/100\n|\n|-heal|p2a: Victini|87\/100|[from] Grassy Terrain\n|-heal|p1a: Aggron|29\/100|[from] Grassy Terrain\n|-fieldend|move: Grassy Terrain\n|upkeep\n|turn|20\n|\n|t:|1665158529\n|move|p2a: Victini|U-turn|p1a: Aggron\n|-resisted|p1a: Aggron\n|-damage|p1a: Aggron|25\/100\n|\n|t:|1665158532\n|switch|p2a: Landorus|Landorus-Therian, M|100\/100|[from]move: U-turn\n|-ability|p2a: Landorus|Intimidate|boost\n|-unboost|p1a: Aggron|atk|1\n|move|p1a: Aggron|Ice Punch|p2a: Landorus\n|-supereffective|p2a: Landorus\n|-damage|p2a: Landorus|42\/100\n|-damage|p1a: Aggron|8\/100|[from] item: Rocky Helmet|[of] p2a: Landorus\n|\n|upkeep\n|turn|21\n|\n|t:|1665158545\n|switch|p1a: Clefable|Clefable, F|100\/100\n|move|p2a: Landorus|Earthquake|p1a: Clefable\n|-damage|p1a: Clefable|63\/100\n|\n|-heal|p1a: Clefable|69\/100|[from] item: Leftovers\n|upkeep\n|turn|22\n|\n|t:|1665158552\n|move|p2a: Landorus|U-turn|p1a: Clefable\n|-resisted|p1a: Clefable\n|-damage|p1a: Clefable|60\/100\n|\n|t:|1665158556\n|switch|p2a: Victini|Victini|87\/100|[from]move: U-turn\n|move|p1a: Clefable|Stealth Rock|p2a: Victini\n|-sidestart|p2: LillieQvQ|move: Stealth Rock\n|\n|-heal|p1a: Clefable|66\/100|[from] item: Leftovers\n|upkeep\n|turn|23\n|\n|t:|1665158567\n|switch|p1a: Slowbro|Slowbro, F|100\/100\n|-damage|p1a: Slowbro|88\/100|[from] Stealth Rock\n|move|p2a: Victini|U-turn|p1a: Slowbro\n|-supereffective|p1a: Slowbro\n|-damage|p1a: Slowbro|65\/100\n|\n|t:|1665158576\n|switch|p2a: Tapu Bulu|Tapu Bulu|99\/100|[from]move: U-turn\n|-damage|p2a: Tapu Bulu|87\/100|[from] Stealth Rock\n|-fieldstart|move: Grassy Terrain|[from] ability: Grassy Surge|[of] p2a: Tapu Bulu\n|\n|-heal|p2a: Tapu Bulu|94\/100|[from] Grassy Terrain\n|-heal|p2a: Tapu Bulu|99\/100|[from] item: Leftovers\n|-heal|p1a: Slowbro|71\/100|[from] Grassy Terrain\n|upkeep\n|turn|24\n|\n|t:|1665158591\n|move|p2a: Tapu Bulu|Substitute|p2a: Tapu Bulu\n|-start|p2a: Tapu Bulu|Substitute\n|-damage|p2a: Tapu Bulu|75\/100\n|move|p1a: Slowbro|Ice Beam|p2a: Tapu Bulu\n|-supereffective|p2a: Tapu Bulu\n|-end|p2a: Tapu Bulu|Substitute\n|\n|-heal|p2a: Tapu Bulu|81\/100|[from] Grassy Terrain\n|-heal|p2a: Tapu Bulu|87\/100|[from] item: Leftovers\n|-heal|p1a: Slowbro|77\/100|[from] Grassy Terrain\n|upkeep\n|turn|25\n|\n|t:|1665158599\n|move|p2a: Tapu Bulu|Toxic|p1a: Slowbro\n|-status|p1a: Slowbro|tox\n|move|p1a: Slowbro|Ice Beam|p2a: Tapu Bulu\n|-supereffective|p2a: Tapu Bulu\n|-damage|p2a: Tapu Bulu|47\/100\n|\n|-heal|p2a: Tapu Bulu|53\/100|[from] Grassy Terrain\n|-heal|p2a: Tapu Bulu|60\/100|[from] item: Leftovers\n|-heal|p1a: Slowbro|83\/100 tox|[from] Grassy Terrain\n|-damage|p1a: Slowbro|77\/100 tox|[from] psn\n|upkeep\n|turn|26\n|\n|t:|1665158605\n|switch|p1a: Tornadus|Tornadus-Therian, M|100\/100\n|-damage|p1a: Tornadus|76\/100|[from] Stealth Rock\n|move|p2a: Tapu Bulu|Substitute|p2a: Tapu Bulu\n|-start|p2a: Tapu Bulu|Substitute\n|-damage|p2a: Tapu Bulu|35\/100\n|\n|-heal|p2a: Tapu Bulu|41\/100|[from] Grassy Terrain\n|-heal|p2a: Tapu Bulu|47\/100|[from] item: Leftovers\n|upkeep\n|turn|27\n|\n|t:|1665158607\n|move|p1a: Tornadus|Hurricane|p2a: Tapu Bulu|[miss]\n|-miss|p1a: Tornadus|p2a: Tapu Bulu\n|move|p2a: Tapu Bulu|Toxic|p1a: Tornadus\n|-status|p1a: Tornadus|tox\n|\n|-heal|p2a: Tapu Bulu|53\/100|[from] Grassy Terrain\n|-heal|p2a: Tapu Bulu|59\/100|[from] item: Leftovers\n|-damage|p1a: Tornadus|70\/100 tox|[from] psn\n|-fieldend|move: Grassy Terrain\n|upkeep\n|turn|28\n|\n|t:|1665158611\n|move|p1a: Tornadus|U-turn|p2a: Tapu Bulu\n|-activate|p2a: Tapu Bulu|move: Substitute|[damage]\n|\n|t:|1665158613\n|switch|p1a: Clefable|Clefable, F|66\/100|[from]move: U-turn\n|move|p2a: Tapu Bulu|Horn Leech|p1a: Clefable\n|-damage|p1a: Clefable|42\/100\n|-heal|p2a: Tapu Bulu|73\/100|[from] drain|[of] p1a: Clefable\n|\n|-heal|p2a: Tapu Bulu|79\/100|[from] item: Leftovers\n|-heal|p1a: Clefable|48\/100|[from] item: Leftovers\n|upkeep\n|turn|29\n|\n|t:|1665158641\n|switch|p2a: Victini|Victini|87\/100\n|-damage|p2a: Victini|62\/100|[from] Stealth Rock\n|move|p1a: Clefable|Soft-Boiled|p1a: Clefable\n|-heal|p1a: Clefable|98\/100\n|\n|-heal|p1a: Clefable|100\/100|[from] item: Leftovers\n|upkeep\n|turn|30\n|inactive|LillieQvQ has 120 seconds left.\n|\n|t:|1665158658\n|switch|p1a: Slowbro|Slowbro, F|100\/100 tox\n|-damage|p1a: Slowbro|88\/100 tox|[from] Stealth Rock\n|move|p2a: Victini|Trick||[still]\n|-fail|p2a: Victini\n|\n|-damage|p1a: Slowbro|82\/100 tox|[from] psn\n|upkeep\n|turn|31\n|inactive|tanishq1 has 120 seconds left.\n|\n|t:|1665158698\n|switch|p2a: Tapu Bulu|Tapu Bulu|79\/100\n|-damage|p2a: Tapu Bulu|67\/100|[from] Stealth Rock\n|-fieldstart|move: Grassy Terrain|[from] ability: Grassy Surge|[of] p2a: Tapu Bulu\n|move|p1a: Slowbro|Scald|p2a: Tapu Bulu\n|-resisted|p2a: Tapu Bulu\n|-crit|p2a: Tapu Bulu\n|-damage|p2a: Tapu Bulu|47\/100\n|-status|p2a: Tapu Bulu|brn\n|\n|-heal|p2a: Tapu Bulu|53\/100 brn|[from] Grassy Terrain\n|-heal|p2a: Tapu Bulu|59\/100 brn|[from] item: Leftovers\n|-heal|p1a: Slowbro|88\/100 tox|[from] Grassy Terrain\n|-damage|p1a: Slowbro|76\/100 tox|[from] psn\n|-damage|p2a: Tapu Bulu|53\/100 brn|[from] brn\n|upkeep\n|turn|32\n|inactive|LillieQvQ has 120 seconds left.\n|\n|t:|1665158720\n|switch|p1a: Clefable|Clefable, F|100\/100\n|move|p2a: Tapu Bulu|Horn Leech|p1a: Clefable\n|-damage|p1a: Clefable|83\/100\n|-heal|p2a: Tapu Bulu|63\/100 brn|[from] drain|[of] p1a: Clefable\n|\n|-heal|p2a: Tapu Bulu|69\/100 brn|[from] Grassy Terrain\n|-heal|p2a: Tapu Bulu|75\/100 brn|[from] item: Leftovers\n|-heal|p1a: Clefable|89\/100|[from] Grassy Terrain\n|-heal|p1a: Clefable|95\/100|[from] item: Leftovers\n|-damage|p2a: Tapu Bulu|69\/100 brn|[from] brn\n|upkeep\n|turn|33\n|inactive|LillieQvQ has 120 seconds left.\n|inactive|tanishq1 has 120 seconds left.\n|\n|t:|1665158745\n|switch|p2a: Landorus|Landorus-Therian, M|42\/100\n|-damage|p2a: Landorus|30\/100|[from] Stealth Rock\n|-ability|p2a: Landorus|Intimidate|boost\n|-unboost|p1a: Clefable|atk|1\n|move|p1a: Clefable|Wish|p1a: Clefable\n|\n|-heal|p1a: Clefable|100\/100|[from] Grassy Terrain\n|upkeep\n|turn|34\n|j| Miyuki Fairchild\n|\n|t:|1665158755\n|move|p2a: Landorus|Earthquake|p1a: Clefable\n|-damage|p1a: Clefable|81\/100\n|move|p1a: Clefable|Moonblast|p2a: Landorus\n|-damage|p2a: Landorus|0 fnt\n|faint|p2a: Landorus\n|\n|-heal|p1a: Clefable|100\/100|[from] move: Wish|[wisher] Clefable\n|upkeep\n|c| Miyuki Fairchild|what a cute name ><\n|-message|LillieQvQ forfeited.\n|\n|win|tanishq1\n|raw|tanishq1's rating: 1626 &rarr; <strong>1648<\/strong><br \/>(+22 for winning)\n|raw|LillieQvQ's rating: 1658 &rarr; <strong>1636<\/strong><br \/>(-22 for losing)\n|l|\u2606LillieQvQ\n|c| Miyuki Fairchild|Lillie~\n","uploadtime":1665158776,"views":12,"p1id":"tanishq1","p2id":"lillieqvq","formatid":"gen7ou","rating":1636,"private":0,"password":null}