{"id":"gen7ou-1637035322","p1":"Offline","p2":"kazt 5","format":"gen7ou","log":"|j|\u2606Offline\n|j|\u2606kazt 5\n|inactive|Battle timer is ON: inactive players will automatically lose when time's up.\n|t:|1660188493\n|gametype|singles\n|player|p1|Offline|cynthia-masters|\n|player|p2|kazt 5|acetrainersnowf|\n|teamsize|p1|6\n|teamsize|p2|6\n|gen|7\n|tier|[Gen 7] OU\n|rated|Tournament battle\n|rule|Sleep Clause Mod: Limit one foe put to sleep\n|rule|Species Clause: Limit one of each Pok\u00e9mon\n|rule|OHKO Clause: OHKO moves are banned\n|rule|Moody Clause: Moody is banned\n|rule|Evasion Moves Clause: Evasion moves are banned\n|rule|Endless Battle Clause: Forcing endless battles is banned\n|rule|HP Percentage Mod: HP is shown in percentages\n|clearpoke\n|poke|p1|Greninja, M|item\n|poke|p1|Mawile, F|item\n|poke|p1|Heatran, M|item\n|poke|p1|Tangrowth, M|item\n|poke|p1|Tapu Fini|item\n|poke|p1|Landorus-Therian, M|item\n|poke|p2|Serperior, M|item\n|poke|p2|Tapu Fini|item\n|poke|p2|Scizor, M|item\n|poke|p2|Heatran, F|item\n|poke|p2|Landorus-Therian, M|item\n|poke|p2|Kyurem-Black|item\n|teampreview\n|inactive|Offline also wants the timer to be on.\n|c|\u2606kazt 5|hf\n|\n|t:|1660188503\n|start\n|switch|p1a: Greninja|Greninja, M|100\/100\n|switch|p2a: Landorus|Landorus-Therian, M|100\/100\n|-ability|p2a: Landorus|Intimidate|boost\n|-unboost|p1a: Greninja|atk|1\n|turn|1\n|\n|t:|1660188508\n|switch|p2a: Tapu Fini|Tapu Fini|100\/100\n|-fieldstart|move: Misty Terrain|[from] ability: Misty Surge|[of] p2a: Tapu Fini\n|move|p1a: Greninja|Ice Beam|p2a: Tapu Fini\n|-start|p1a: Greninja|typechange|Ice|[from] ability: Protean\n|-resisted|p2a: Tapu Fini\n|-damage|p2a: Tapu Fini|88\/100\n|\n|-heal|p2a: Tapu Fini|94\/100|[from] item: Leftovers\n|upkeep\n|turn|2\n|\n|t:|1660188515\n|switch|p1a: Heatran|Heatran, M|100\/100\n|switch|p2a: Scizor|Scizor, M|100\/100\n|\n|upkeep\n|turn|3\n|\n|t:|1660188519\n|switch|p2a: Landorus|Landorus-Therian, M|100\/100\n|-ability|p2a: Landorus|Intimidate|boost\n|-unboost|p1a: Heatran|atk|1\n|move|p1a: Heatran|Stealth Rock|p2a: Landorus\n|-sidestart|p2: kazt 5|move: Stealth Rock\n|\n|upkeep\n|turn|4\n|j| Juni01\n|j|%Sww-Suwa\n|\n|t:|1660188524\n|move|p2a: Landorus|Defog|p1a: Heatran\n|-unboost|p1a: Heatran|evasion|1\n|-sideend|p2: kazt 5|Stealth Rock|[from] move: Defog|[of] p2a: Landorus\n|-zpower|p1a: Heatran\n|move|p1a: Heatran|Corkscrew Crash|p2a: Landorus|[zeffect]\n|-damage|p2a: Landorus|0 fnt\n|faint|p2a: Landorus\n|\n|upkeep\n|\n|t:|1660188530\n|switch|p2a: Heatran|Heatran, F|100\/100\n|turn|5\n|\n|t:|1660188535\n|switch|p1a: Landorus|Landorus-Therian, M|100\/100\n|-ability|p1a: Landorus|Intimidate|boost\n|-unboost|p2a: Heatran|atk|1\n|move|p2a: Heatran|Earth Power|p1a: Landorus\n|-immune|p1a: Landorus\n|\n|-fieldend|Misty Terrain\n|upkeep\n|turn|6\n|\n|t:|1660188540\n|switch|p2a: Scizor|Scizor, M|100\/100\n|move|p1a: Landorus|Earthquake|p2a: Scizor\n|-damage|p2a: Scizor|49\/100\n|\n|upkeep\n|turn|7\n|\n|t:|1660188543\n|switch|p1a: Heatran|Heatran, M|100\/100\n|detailschange|p2a: Scizor|Scizor-Mega, M\n|-mega|p2a: Scizor|Scizor|Scizorite\n|move|p2a: Scizor|Roost|p2a: Scizor\n|-heal|p2a: Scizor|99\/100\n|-singleturn|p2a: Scizor|move: Roost\n|\n|upkeep\n|turn|8\n|\n|t:|1660188546\n|switch|p2a: Heatran|Heatran, F|100\/100\n|move|p1a: Heatran|Stealth Rock|p2a: Heatran\n|-sidestart|p2: kazt 5|move: Stealth Rock\n|\n|upkeep\n|turn|9\n|l|%Sww-Suwa\n|\n|t:|1660188548\n|move|p1a: Heatran|Earth Power|p2a: Heatran\n|-supereffective|p2a: Heatran\n|-damage|p2a: Heatran|18\/100\n|move|p2a: Heatran|Earth Power|p1a: Heatran\n|-supereffective|p1a: Heatran\n|-damage|p1a: Heatran|3\/100\n|\n|-heal|p2a: Heatran|24\/100|[from] item: Leftovers\n|upkeep\n|turn|10\n|\n|t:|1660188558\n|switch|p2a: Tapu Fini|Tapu Fini|94\/100\n|-damage|p2a: Tapu Fini|82\/100|[from] Stealth Rock\n|-fieldstart|move: Misty Terrain|[from] ability: Misty Surge|[of] p2a: Tapu Fini\n|move|p1a: Heatran|Earth Power|p2a: Tapu Fini\n|-damage|p2a: Tapu Fini|62\/100\n|\n|-heal|p2a: Tapu Fini|68\/100|[from] item: Leftovers\n|upkeep\n|turn|11\n|\n|t:|1660188563\n|move|p1a: Heatran|Flash Cannon|p2a: Tapu Fini\n|-damage|p2a: Tapu Fini|39\/100\n|move|p2a: Tapu Fini|Surf|p1a: Heatran\n|-supereffective|p1a: Heatran\n|-damage|p1a: Heatran|0 fnt\n|faint|p1a: Heatran\n|\n|-heal|p2a: Tapu Fini|45\/100|[from] item: Leftovers\n|upkeep\n|\n|t:|1660188567\n|switch|p1a: Greninja|Greninja, M|100\/100\n|turn|12\n|\n|t:|1660188571\n|move|p1a: Greninja|Gunk Shot|p2a: Tapu Fini\n|-start|p1a: Greninja|typechange|Poison|[from] ability: Protean\n|-supereffective|p2a: Tapu Fini\n|-damage|p2a: Tapu Fini|0 fnt\n|faint|p2a: Tapu Fini\n|\n|upkeep\n|j| Xurem\n|\n|t:|1660188573\n|switch|p2a: Scizor|Scizor-Mega, M|99\/100\n|-damage|p2a: Scizor|87\/100|[from] Stealth Rock\n|turn|13\n|\n|t:|1660188576\n|switch|p1a: Tangrowth|Tangrowth, M|100\/100\n|move|p2a: Scizor|Knock Off|p1a: Tangrowth\n|-damage|p1a: Tangrowth|85\/100\n|-damage|p2a: Scizor|70\/100|[from] item: Rocky Helmet|[of] p1a: Tangrowth\n|-enditem|p1a: Tangrowth|Rocky Helmet|[from] move: Knock Off|[of] p2a: Scizor\n|\n|upkeep\n|turn|14\n|l| Xurem\n|\n|t:|1660188581\n|move|p2a: Scizor|Roost|p2a: Scizor\n|-heal|p2a: Scizor|100\/100\n|-singleturn|p2a: Scizor|move: Roost\n|move|p1a: Tangrowth|Knock Off|p2a: Scizor\n|-damage|p2a: Scizor|91\/100\n|\n|-fieldend|Misty Terrain\n|upkeep\n|turn|15\n|\n|t:|1660188584\n|move|p2a: Scizor|U-turn|p1a: Tangrowth\n|-supereffective|p1a: Tangrowth\n|-damage|p1a: Tangrowth|46\/100\n|\n|t:|1660188588\n|switch|p2a: Kyurem|Kyurem-Black|100\/100|[from]move: U-turn\n|-damage|p2a: Kyurem|76\/100|[from] Stealth Rock\n|-ability|p2a: Kyurem|Teravolt\n|move|p1a: Tangrowth|Hidden Power|p2a: Kyurem\n|-damage|p2a: Kyurem|61\/100\n|\n|upkeep\n|turn|16\n|\n|t:|1660188598\n|switch|p1a: Tapu Fini|Tapu Fini|100\/100\n|-fieldstart|move: Misty Terrain|[from] ability: Misty Surge|[of] p1a: Tapu Fini\n|move|p2a: Kyurem|Roost|p2a: Kyurem\n|-heal|p2a: Kyurem|100\/100\n|-singleturn|p2a: Kyurem|move: Roost\n|\n|upkeep\n|turn|17\n|\n|t:|1660188601\n|switch|p2a: Serperior|Serperior, M|100\/100\n|-damage|p2a: Serperior|88\/100|[from] Stealth Rock\n|move|p1a: Tapu Fini|Moonblast|p2a: Serperior\n|-damage|p2a: Serperior|49\/100\n|-boost|p2a: Serperior|spa|1\n|\n|-heal|p2a: Serperior|55\/100|[from] item: Leftovers\n|upkeep\n|turn|18\n|\n|t:|1660188607\n|move|p2a: Serperior|Substitute|p2a: Serperior\n|-start|p2a: Serperior|Substitute\n|-damage|p2a: Serperior|30\/100\n|move|p1a: Tapu Fini|Taunt|p2a: Serperior\n|-start|p2a: Serperior|move: Taunt\n|\n|-heal|p2a: Serperior|36\/100|[from] item: Leftovers\n|upkeep\n|turn|19\n|\n|t:|1660188610\n|move|p2a: Serperior|Leaf Storm|p1a: Tapu Fini\n|-supereffective|p1a: Tapu Fini\n|-damage|p1a: Tapu Fini|8\/100\n|-boost|p2a: Serperior|spa|2\n|move|p1a: Tapu Fini|Moonblast|p2a: Serperior\n|-end|p2a: Serperior|Substitute\n|\n|-heal|p2a: Serperior|42\/100|[from] item: Leftovers\n|-heal|p1a: Tapu Fini|14\/100|[from] item: Leftovers\n|upkeep\n|turn|20\n|\n|t:|1660188616\n|move|p2a: Serperior|Leaf Storm|p1a: Tapu Fini\n|-supereffective|p1a: Tapu Fini\n|-damage|p1a: Tapu Fini|0 fnt\n|-boost|p2a: Serperior|spa|2\n|faint|p1a: Tapu Fini\n|\n|-heal|p2a: Serperior|49\/100|[from] item: Leftovers\n|-fieldend|Misty Terrain\n|upkeep\n|\n|t:|1660188618\n|switch|p1a: Landorus|Landorus-Therian, M|100\/100\n|-ability|p1a: Landorus|Intimidate|boost\n|-boost|p2a: Serperior|atk|1\n|turn|21\n|\n|t:|1660188622\n|move|p1a: Landorus|U-turn|p2a: Serperior\n|-supereffective|p2a: Serperior\n|-damage|p2a: Serperior|0 fnt\n|faint|p2a: Serperior\n|\n|t:|1660188628\n|switch|p1a: Greninja|Greninja, M|100\/100|[from]move: U-turn\n|\n|upkeep\n|\n|t:|1660188630\n|switch|p2a: Scizor|Scizor-Mega, M|91\/100\n|-damage|p2a: Scizor|78\/100|[from] Stealth Rock\n|turn|22\n|\n|t:|1660188634\n|move|p1a: Greninja|Spikes|p2a: Scizor\n|-start|p1a: Greninja|typechange|Ground|[from] ability: Protean\n|-sidestart|p2: kazt 5|Spikes\n|move|p2a: Scizor|U-turn|p1a: Greninja\n|-damage|p1a: Greninja|43\/100\n|\n|t:|1660188636\n|switch|p2a: Kyurem|Kyurem-Black|100\/100|[from]move: U-turn\n|-damage|p2a: Kyurem|76\/100|[from] Stealth Rock\n|-damage|p2a: Kyurem|63\/100|[from] Spikes\n|-ability|p2a: Kyurem|Teravolt\n|\n|upkeep\n|turn|23\n|\n|t:|1660188638\n|move|p1a: Greninja|Low Kick|p2a: Kyurem\n|-start|p1a: Greninja|typechange|Fighting|[from] ability: Protean\n|-supereffective|p2a: Kyurem\n|-damage|p2a: Kyurem|0 fnt\n|faint|p2a: Kyurem\n|\n|upkeep\n|\n|t:|1660188643\n|switch|p2a: Scizor|Scizor-Mega, M|78\/100\n|-damage|p2a: Scizor|66\/100|[from] Stealth Rock\n|-damage|p2a: Scizor|54\/100|[from] Spikes\n|turn|24\n|\n|t:|1660188647\n|switch|p1a: Tangrowth|Tangrowth, M|79\/100\n|move|p2a: Scizor|Roost|p2a: Scizor\n|-heal|p2a: Scizor|100\/100\n|-singleturn|p2a: Scizor|move: Roost\n|\n|upkeep\n|turn|25\n|\n|t:|1660188651\n|move|p2a: Scizor|Bullet Punch|p1a: Tangrowth\n|-damage|p1a: Tangrowth|64\/100\n|move|p1a: Tangrowth|Hidden Power|p2a: Scizor\n|-supereffective|p2a: Scizor\n|-damage|p2a: Scizor|54\/100\n|\n|upkeep\n|turn|26\n|\n|t:|1660188654\n|move|p2a: Scizor|Roost|p2a: Scizor\n|-heal|p2a: Scizor|100\/100\n|-singleturn|p2a: Scizor|move: Roost\n|move|p1a: Tangrowth|Stun Spore|p2a: Scizor\n|-status|p2a: Scizor|par\n|\n|upkeep\n|turn|27\n|\n|t:|1660188658\n|switch|p2a: Heatran|Heatran, F|24\/100\n|-damage|p2a: Heatran|11\/100|[from] Stealth Rock\n|-damage|p2a: Heatran|0 fnt|[from] Spikes\n|faint|p2a: Heatran\n|move|p1a: Tangrowth|Hidden Power|p2: Heatran|[notarget]\n|-fail|p1a: Tangrowth\n|\n|upkeep\n|j| Villainkoji\n|c|\u2606kazt 5|gg\n|-message|kazt 5 forfeited.\n|\n|win|Offline\n|n|\u2606Offline|offline\n|n|\u2606kazt 5|kazt5\n|n| Juni01|juni01\n|n| Villainkoji|villainkoji\n","uploadtime":1660188666,"views":5,"p1id":"offline","p2id":"kazt5","formatid":"gen7ou","rating":0,"private":0,"password":null}