{"id":"gen7ou-868726266","p1":"whataboutwolf","p2":"Kaylss","format":"gen7ou","log":"|j|\u2606whataboutwolf\n|j|\u2606Kaylss\n|player|p1|whataboutwolf|266\n|player|p2|Kaylss|138\n|teamsize|p1|6\n|teamsize|p2|6\n|gametype|singles\n|gen|7\n|tier|[Gen 7] OU\n|rated|\n|rule|Sleep Clause Mod: Limit one foe put to sleep\n|rule|Species Clause: Limit one of each Pok\u00e9mon\n|rule|OHKO Clause: OHKO moves are banned\n|rule|Moody Clause: Moody is banned\n|rule|Evasion Moves Clause: Evasion moves are banned\n|rule|Endless Battle Clause: Forcing endless battles is banned\n|rule|HP Percentage Mod: HP is shown in percentages\n|clearpoke\n|poke|p1|Greninja, F|item\n|poke|p1|Heatran, F|item\n|poke|p1|Serperior, M|item\n|poke|p1|Tyranitar, F|item\n|poke|p1|Landorus-Therian, M|item\n|poke|p1|Celesteela|item\n|poke|p2|Excadrill, M|item\n|poke|p2|Reuniclus, M|item\n|poke|p2|Toxapex, M|item\n|poke|p2|Chansey, F|item\n|poke|p2|Volcarona, F|item\n|poke|p2|Latias, F|item\n|teampreview\n|inactive|Battle timer is ON: inactive players will automatically lose when time's up. (requested by whataboutwolf)\n|\n|start\n|switch|p1a: Greninja|Greninja, F|100\/100\n|switch|p2a: Toxapex|Toxapex, M|100\/100\n|turn|1\n|\n|move|p1a: Greninja|Spikes|p2a: Toxapex\n|-start|p1a: Greninja|typechange|Ground|[from] Protean\n|-sidestart|p2: Kaylss|Spikes\n|move|p2a: Toxapex|Toxic Spikes|p1a: Greninja\n|-sidestart|p1: whataboutwolf|move: Toxic Spikes\n|\n|upkeep\n|turn|2\n|\n|switch|p1a: Serperior|Serperior, M|100\/100\n|-status|p1a: Serperior|psn\n|move|p2a: Toxapex|Scald|p1a: Serperior\n|-resisted|p1a: Serperior\n|-damage|p1a: Serperior|90\/100 psn\n|\n|-heal|p1a: Serperior|96\/100 psn|[from] item: Leftovers\n|-damage|p1a: Serperior|83\/100 psn|[from] psn\n|upkeep\n|turn|3\n|\n|switch|p2a: Latias|Latias, F|100\/100\n|move|p1a: Serperior|Leech Seed|p2a: Latias\n|-start|p2a: Latias|move: Leech Seed\n|\n|-heal|p1a: Serperior|90\/100 psn|[from] item: Leftovers\n|-damage|p2a: Latias|88\/100|[from] Leech Seed|[of] p1a: Serperior\n|-heal|p1a: Serperior|100\/100 psn|[silent]\n|-damage|p1a: Serperior|88\/100 psn|[from] psn\n|upkeep\n|turn|4\n|\n|detailschange|p2a: Latias|Latias-Mega, F\n|-mega|p2a: Latias|Latias|Latiasite\n|move|p1a: Serperior|Substitute|p1a: Serperior\n|-start|p1a: Serperior|Substitute\n|-damage|p1a: Serperior|63\/100 psn\n|move|p2a: Latias|Ice Beam|p1a: Serperior\n|-supereffective|p1a: Serperior\n|-end|p1a: Serperior|Substitute\n|\n|-heal|p1a: Serperior|70\/100 psn|[from] item: Leftovers\n|-damage|p2a: Latias|76\/100|[from] Leech Seed|[of] p1a: Serperior\n|-heal|p1a: Serperior|85\/100 psn|[silent]\n|-damage|p1a: Serperior|73\/100 psn|[from] psn\n|upkeep\n|turn|5\n|\n|move|p1a: Serperior|Substitute|p1a: Serperior\n|-start|p1a: Serperior|Substitute\n|-damage|p1a: Serperior|48\/100 psn\n|move|p2a: Latias|Ice Beam|p1a: Serperior\n|-supereffective|p1a: Serperior\n|-end|p1a: Serperior|Substitute\n|\n|-heal|p1a: Serperior|54\/100 psn|[from] item: Leftovers\n|-damage|p2a: Latias|63\/100|[from] Leech Seed|[of] p1a: Serperior\n|-heal|p1a: Serperior|70\/100 psn|[silent]\n|-damage|p1a: Serperior|57\/100 psn|[from] psn\n|upkeep\n|turn|6\n|\n|move|p1a: Serperior|Substitute|p1a: Serperior\n|-start|p1a: Serperior|Substitute\n|-damage|p1a: Serperior|32\/100 psn\n|move|p2a: Latias|Ice Beam|p1a: Serperior\n|-supereffective|p1a: Serperior\n|-end|p1a: Serperior|Substitute\n|\n|-heal|p1a: Serperior|39\/100 psn|[from] item: Leftovers\n|-damage|p2a: Latias|51\/100|[from] Leech Seed|[of] p1a: Serperior\n|-heal|p1a: Serperior|54\/100 psn|[silent]\n|-damage|p1a: Serperior|42\/100 psn|[from] psn\n|upkeep\n|turn|7\n|\n|move|p1a: Serperior|Substitute|p1a: Serperior\n|-start|p1a: Serperior|Substitute\n|-damage|p1a: Serperior|17\/100 psn\n|move|p2a: Latias|Ice Beam|p1a: Serperior\n|-supereffective|p1a: Serperior\n|-end|p1a: Serperior|Substitute\n|\n|-heal|p1a: Serperior|23\/100 psn|[from] item: Leftovers\n|-damage|p2a: Latias|39\/100|[from] Leech Seed|[of] p1a: Serperior\n|-heal|p1a: Serperior|39\/100 psn|[silent]\n|-damage|p1a: Serperior|26\/100 psn|[from] psn\n|upkeep\n|turn|8\n|\n|move|p1a: Serperior|Substitute|p1a: Serperior\n|-start|p1a: Serperior|Substitute\n|-damage|p1a: Serperior|2\/100 psn\n|move|p2a: Latias|Roost|p2a: Latias\n|-heal|p2a: Latias|89\/100\n|-singleturn|p2a: Latias|move: Roost\n|\n|-heal|p1a: Serperior|8\/100 psn|[from] item: Leftovers\n|-damage|p2a: Latias|76\/100|[from] Leech Seed|[of] p1a: Serperior\n|-heal|p1a: Serperior|23\/100 psn|[silent]\n|-damage|p1a: Serperior|11\/100 psn|[from] psn\n|upkeep\n|turn|9\n|\n|move|p1a: Serperior|Leaf Storm|p2a: Latias\n|-resisted|p2a: Latias\n|-damage|p2a: Latias|60\/100\n|-boost|p1a: Serperior|spa|2\n|move|p2a: Latias|Ice Beam|p1a: Serperior\n|-supereffective|p1a: Serperior\n|-end|p1a: Serperior|Substitute\n|\n|-heal|p1a: Serperior|17\/100 psn|[from] item: Leftovers\n|-damage|p2a: Latias|47\/100|[from] Leech Seed|[of] p1a: Serperior\n|-heal|p1a: Serperior|32\/100 psn|[silent]\n|-damage|p1a: Serperior|20\/100 psn|[from] psn\n|upkeep\n|turn|10\n|\n|switch|p2a: Chansey|Chansey, F|100\/100\n|-damage|p2a: Chansey|88\/100|[from] Spikes\n|move|p1a: Serperior|Leaf Storm|p2a: Chansey\n|-damage|p2a: Chansey|57\/100\n|-boost|p1a: Serperior|spa|2\n|\n|-heal|p1a: Serperior|26\/100 psn|[from] item: Leftovers\n|-damage|p1a: Serperior|14\/100 psn|[from] psn\n|upkeep\n|turn|11\n|\n|move|p1a: Serperior|Leech Seed|p2a: Chansey\n|-start|p2a: Chansey|move: Leech Seed\n|move|p2a: Chansey|Seismic Toss|p1a: Serperior\n|-damage|p1a: Serperior|0 fnt\n|faint|p1a: Serperior\n|\n|upkeep\n|\n|switch|p1a: Tyranitar|Tyranitar, F|100\/100\n|-status|p1a: Tyranitar|psn\n|-weather|Sandstorm|[from] ability: Sand Stream|[of] p1a: Tyranitar\n|turn|12\n|\n|switch|p2a: Toxapex|Toxapex, M|100\/100\n|-damage|p2a: Toxapex|88\/100|[from] Spikes\n|detailschange|p1a: Tyranitar|Tyranitar-Mega, F\n|-mega|p1a: Tyranitar|Tyranitar|Tyranitarite\n|move|p1a: Tyranitar|Dragon Dance|p1a: Tyranitar\n|-boost|p1a: Tyranitar|atk|1\n|-boost|p1a: Tyranitar|spe|1\n|\n|-weather|Sandstorm|[upkeep]\n|-damage|p2a: Toxapex|82\/100|[from] Sandstorm\n|-heal|p2a: Toxapex|88\/100|[from] item: Black Sludge\n|-damage|p1a: Tyranitar|88\/100 psn|[from] psn\n|upkeep\n|turn|13\n|\n|move|p1a: Tyranitar|Stone Edge|p2a: Toxapex\n|-damage|p2a: Toxapex|27\/100\n|move|p2a: Toxapex|Haze|p2a: Toxapex\n|-clearallboost\n|\n|-weather|Sandstorm|[upkeep]\n|-damage|p2a: Toxapex|21\/100|[from] Sandstorm\n|-heal|p2a: Toxapex|27\/100|[from] item: Black Sludge\n|-damage|p1a: Tyranitar|76\/100 psn|[from] psn\n|upkeep\n|turn|14\n|\n|switch|p2a: Latias|Latias-Mega, F|47\/100\n|move|p1a: Tyranitar|Dragon Dance|p1a: Tyranitar\n|-boost|p1a: Tyranitar|atk|1\n|-boost|p1a: Tyranitar|spe|1\n|\n|-weather|Sandstorm|[upkeep]\n|-damage|p2a: Latias|41\/100|[from] Sandstorm\n|-damage|p1a: Tyranitar|64\/100 psn|[from] psn\n|upkeep\n|turn|15\n|\n|move|p1a: Tyranitar|Ice Punch|p2a: Latias\n|-supereffective|p2a: Latias\n|-damage|p2a: Latias|0 fnt\n|faint|p2a: Latias\n|\n|-weather|Sandstorm|[upkeep]\n|-damage|p1a: Tyranitar|51\/100 psn|[from] psn\n|upkeep\n|inactive|Kaylss has 120 seconds left.\n|\n|switch|p2a: Excadrill|Excadrill, M|100\/100\n|-damage|p2a: Excadrill|88\/100|[from] Spikes\n|-ability|p2a: Excadrill|Mold Breaker\n|turn|16\n|inactive|whataboutwolf has 120 seconds left.\n|\n|switch|p2a: Toxapex|Toxapex, M|61\/100\n|-damage|p2a: Toxapex|48\/100|[from] Spikes\n|move|p1a: Tyranitar|Fire Punch|p2a: Toxapex\n|-resisted|p2a: Toxapex\n|-damage|p2a: Toxapex|34\/100\n|\n|-weather|none\n|-heal|p2a: Toxapex|41\/100|[from] item: Black Sludge\n|-damage|p1a: Tyranitar|39\/100 psn|[from] psn\n|upkeep\n|turn|17\n|\n|move|p1a: Tyranitar|Stone Edge|p2a: Toxapex|[miss]\n|-miss|p1a: Tyranitar|p2a: Toxapex\n|move|p2a: Toxapex|Recover|p2a: Toxapex\n|-heal|p2a: Toxapex|91\/100\n|\n|-heal|p2a: Toxapex|97\/100|[from] item: Black Sludge\n|-damage|p1a: Tyranitar|27\/100 psn|[from] psn\n|upkeep\n|turn|18\n|\n|move|p1a: Tyranitar|Dragon Dance|p1a: Tyranitar\n|-boost|p1a: Tyranitar|atk|1\n|-boost|p1a: Tyranitar|spe|1\n|move|p2a: Toxapex|Scald|p1a: Tyranitar\n|-supereffective|p1a: Tyranitar\n|-damage|p1a: Tyranitar|0 fnt\n|faint|p1a: Tyranitar\n|\n|-heal|p2a: Toxapex|100\/100|[from] item: Black Sludge\n|upkeep\n|\n|switch|p1a: Landorus|Landorus-Therian, M|100\/100\n|-ability|p1a: Landorus|Intimidate|boost\n|-unboost|p2a: Toxapex|atk|1\n|turn|19\n|\n|move|p1a: Landorus|Stealth Rock|p2a: Toxapex\n|-sidestart|p2: Kaylss|move: Stealth Rock\n|move|p2a: Toxapex|Scald|p1a: Landorus\n|-supereffective|p1a: Landorus\n|-damage|p1a: Landorus|61\/100\n|\n|upkeep\n|turn|20\n|\n|move|p1a: Landorus|Earthquake|p2a: Toxapex\n|-supereffective|p2a: Toxapex\n|-damage|p2a: Toxapex|45\/100\n|move|p2a: Toxapex|Scald|p1a: Landorus\n|-supereffective|p1a: Landorus\n|-damage|p1a: Landorus|23\/100\n|\n|-heal|p2a: Toxapex|51\/100|[from] item: Black Sludge\n|upkeep\n|turn|21\n|\n|switch|p2a: Chansey|Chansey, F|57\/100\n|-damage|p2a: Chansey|44\/100|[from] Stealth Rock\n|-damage|p2a: Chansey|32\/100|[from] Spikes\n|move|p1a: Landorus|Earthquake|p2a: Chansey\n|-damage|p2a: Chansey|2\/100\n|\n|upkeep\n|turn|22\n|\n|move|p1a: Landorus|Earthquake|p2a: Chansey\n|-damage|p2a: Chansey|0 fnt\n|faint|p2a: Chansey\n|\n|upkeep\n|inactive|Kaylss has 120 seconds left.\n|\n|switch|p2a: Toxapex|Toxapex, M|84\/100\n|-damage|p2a: Toxapex|72\/100|[from] Spikes\n|-damage|p2a: Toxapex|59\/100|[from] Stealth Rock\n|turn|23\n|\n|move|p1a: Landorus|Earthquake|p2a: Toxapex\n|-supereffective|p2a: Toxapex\n|-damage|p2a: Toxapex|1\/100\n|move|p2a: Toxapex|Scald|p1a: Landorus\n|-supereffective|p1a: Landorus\n|-damage|p1a: Landorus|0 fnt\n|faint|p1a: Landorus\n|\n|-heal|p2a: Toxapex|7\/100|[from] item: Black Sludge\n|upkeep\n|\n|switch|p1a: Heatran|Heatran, F|100\/100\n|turn|24\n|j| oh yeah gotcha\n|inactive|Kaylss has 120 seconds left.\n|inactive|Kaylss has 90 seconds left.\n|\n|move|p1a: Heatran|Earth Power|p2a: Toxapex\n|-supereffective|p2a: Toxapex\n|-damage|p2a: Toxapex|0 fnt\n|faint|p2a: Toxapex\n|\n|upkeep\n|\n|switch|p2a: Reuniclus|Reuniclus, M|100\/100\n|turn|25\n|\n|move|p1a: Heatran|Magma Storm|p2a: Reuniclus|[miss]\n|-miss|p1a: Heatran|p2a: Reuniclus\n|move|p2a: Reuniclus|Recover||[still]\n|-fail|p2a: Reuniclus\n|\n|upkeep\n|turn|26\n|\n|move|p1a: Heatran|Magma Storm|p2a: Reuniclus|[miss]\n|-miss|p1a: Heatran|p2a: Reuniclus\n|move|p2a: Reuniclus|Calm Mind|p2a: Reuniclus\n|-boost|p2a: Reuniclus|spa|1\n|-boost|p2a: Reuniclus|spd|1\n|\n|upkeep\n|turn|27\n|\n|move|p1a: Heatran|Taunt|p2a: Reuniclus\n|-start|p2a: Reuniclus|move: Taunt\n|cant|p2a: Reuniclus|move: Taunt|Recover\n|\n|upkeep\n|turn|28\n|\n|move|p1a: Heatran|Magma Storm|p2a: Reuniclus|[miss]\n|-miss|p1a: Heatran|p2a: Reuniclus\n|move|p2a: Reuniclus|Psyshock|p1a: Heatran\n|-resisted|p1a: Heatran\n|-damage|p1a: Heatran|77\/100\n|\n|upkeep\n|turn|29\n|\n|move|p1a: Heatran|Magma Storm|p2a: Reuniclus\n|-damage|p2a: Reuniclus|68\/100\n|-activate|p2a: Reuniclus|move: Magma Storm|[of] p1a: Heatran\n|move|p2a: Reuniclus|Psyshock|p1a: Heatran\n|-resisted|p1a: Heatran\n|-damage|p1a: Heatran|53\/100\n|\n|-heal|p2a: Reuniclus|74\/100|[from] item: Leftovers\n|-end|p2a: Reuniclus|move: Taunt\n|upkeep\n|turn|30\n|\n|move|p1a: Heatran|Magma Storm|p2a: Reuniclus\n|-damage|p2a: Reuniclus|43\/100\n|move|p2a: Reuniclus|Psyshock|p1a: Heatran\n|-resisted|p1a: Heatran\n|-damage|p1a: Heatran|27\/100\n|\n|-heal|p2a: Reuniclus|49\/100|[from] item: Leftovers\n|upkeep\n|turn|31\n|\n|move|p1a: Heatran|Taunt|p2a: Reuniclus\n|-start|p2a: Reuniclus|move: Taunt\n|move|p2a: Reuniclus|Psyshock|p1a: Heatran\n|-resisted|p1a: Heatran\n|-damage|p1a: Heatran|1\/100\n|\n|-heal|p2a: Reuniclus|55\/100|[from] item: Leftovers\n|upkeep\n|turn|32\n|\n|-zpower|p1a: Heatran\n|move|p1a: Heatran|Bloom Doom|p2a: Reuniclus|[zeffect]\n|-damage|p2a: Reuniclus|11\/100\n|move|p2a: Reuniclus|Psyshock|p1a: Heatran\n|-resisted|p1a: Heatran\n|-damage|p1a: Heatran|0 fnt\n|faint|p1a: Heatran\n|\n|-heal|p2a: Reuniclus|17\/100|[from] item: Leftovers\n|-end|p2a: Reuniclus|Magma Storm|[partiallytrapped]|[silent]\n|upkeep\n|\n|switch|p1a: Greninja|Greninja, F|100\/100\n|-status|p1a: Greninja|psn\n|turn|33\n|\n|move|p1a: Greninja|Ice Beam|p2a: Reuniclus\n|-start|p1a: Greninja|typechange|Ice|[from] Protean\n|-damage|p2a: Reuniclus|0 fnt\n|faint|p2a: Reuniclus\n|\n|-damage|p1a: Greninja|88\/100 psn|[from] psn\n|upkeep\n|\n|switch|p2a: Volcarona|Volcarona, F|100\/100\n|-damage|p2a: Volcarona|50\/100|[from] Stealth Rock\n|-damage|p2a: Volcarona|38\/100|[from] Spikes\n|turn|34\n|\n|move|p1a: Greninja|Hydro Pump|p2a: Volcarona\n|-start|p1a: Greninja|typechange|Water|[from] Protean\n|-supereffective|p2a: Volcarona\n|-damage|p2a: Volcarona|0 fnt\n|faint|p2a: Volcarona\n|\n|-damage|p1a: Greninja|76\/100 psn|[from] psn\n|upkeep\n|\n|switch|p2a: Excadrill|Excadrill, M|88\/100\n|-damage|p2a: Excadrill|75\/100|[from] Spikes\n|-damage|p2a: Excadrill|72\/100|[from] Stealth Rock\n|-ability|p2a: Excadrill|Mold Breaker\n|turn|35\n|\n|move|p1a: Greninja|Hidden Power|p2a: Excadrill\n|-start|p1a: Greninja|typechange|Fire|[from] Protean\n|-supereffective|p2a: Excadrill\n|-damage|p2a: Excadrill|15\/100\n|move|p2a: Excadrill|Earthquake|p1a: Greninja\n|-supereffective|p1a: Greninja\n|-damage|p1a: Greninja|0 fnt\n|faint|p1a: Greninja\n|\n|-heal|p2a: Excadrill|21\/100|[from] item: Leftovers\n|upkeep\n|\n|switch|p1a: Celesteela|Celesteela|100\/100\n|turn|36\n|\n|move|p2a: Excadrill|Stealth Rock|p1a: Celesteela\n|-sidestart|p1: whataboutwolf|move: Stealth Rock\n|move|p1a: Celesteela|Flamethrower|p2a: Excadrill\n|-supereffective|p2a: Excadrill\n|-damage|p2a: Excadrill|0 fnt\n|faint|p2a: Excadrill\n|\n|win|whataboutwolf\n|raw|whataboutwolf's rating: 1780 &rarr; <strong>1794<\/strong><br \/>(+14 for winning)\n|raw|Kaylss's rating: 1666 &rarr; <strong>1653<\/strong><br \/>(-13 for losing)\n|c|\u2606Kaylss|gg\n","uploadtime":1551327586,"views":13,"p1id":"whataboutwolf","p2id":"kaylss","formatid":"gen7ou","rating":1653,"private":0,"password":null}