{"id":"gen7ou-1553257300","p1":"Cowsrule247","p2":"Jfsosa10","format":"gen7ou","log":"|j|\u203dCowsrule247\n|j|\u2606Jfsosa10\n|t:|1649945191\n|gametype|singles\n|player|p1|Cowsrule247|skyla|1499\n|player|p2|Jfsosa10|265|1666\n|teamsize|p1|6\n|teamsize|p2|6\n|gen|7\n|tier|[Gen 7] OU\n|rated|\n|rule|Sleep Clause Mod: Limit one foe put to sleep\n|rule|Species Clause: Limit one of each Pok\u00e9mon\n|rule|OHKO Clause: OHKO moves are banned\n|rule|Moody Clause: Moody is banned\n|rule|Evasion Moves Clause: Evasion moves are banned\n|rule|Endless Battle Clause: Forcing endless battles is banned\n|rule|HP Percentage Mod: HP is shown in percentages\n|clearpoke\n|poke|p1|Chansey, F|item\n|poke|p1|Aggron, F|item\n|poke|p1|Pyukumuku, M|item\n|poke|p1|Mew|item\n|poke|p1|Gliscor, M|item\n|poke|p1|Tangrowth, F|item\n|poke|p2|Sharpedo, M|item\n|poke|p2|Tapu Lele|item\n|poke|p2|Hippowdon, M|item\n|poke|p2|Celesteela|item\n|poke|p2|Starmie|item\n|poke|p2|Ferrothorn, M|item\n|teampreview\n|inactive|Battle timer is ON: inactive players will automatically lose when time's up. (requested by Cowsrule247)\n|\n|t:|1649945204\n|start\n|switch|p1a: Aggron|Aggron, F|100\/100\n|switch|p2a: Hippowdon|Hippowdon, M|100\/100\n|-weather|Sandstorm|[from] ability: Sand Stream|[of] p2a: Hippowdon\n|turn|1\n|\n|t:|1649945207\n|detailschange|p1a: Aggron|Aggron-Mega, F\n|-mega|p1a: Aggron|Aggron|Aggronite\n|move|p1a: Aggron|Stealth Rock|p2a: Hippowdon\n|-sidestart|p2: Jfsosa10|move: Stealth Rock\n|move|p2a: Hippowdon|Stealth Rock|p1a: Aggron\n|-sidestart|p1: Cowsrule247|move: Stealth Rock\n|\n|-weather|Sandstorm|[upkeep]\n|upkeep\n|turn|2\n|\n|t:|1649945214\n|switch|p1a: Gliscor|Gliscor, M|100\/100\n|-damage|p1a: Gliscor|88\/100|[from] Stealth Rock\n|switch|p2a: Celesteela|Celesteela|100\/100\n|-damage|p2a: Celesteela|88\/100|[from] Stealth Rock\n|\n|-weather|Sandstorm|[upkeep]\n|-heal|p2a: Celesteela|94\/100|[from] item: Leftovers\n|-status|p1a: Gliscor|tox|[from] item: Toxic Orb\n|upkeep\n|turn|3\n|\n|t:|1649945221\n|move|p1a: Gliscor|Taunt|p2a: Celesteela\n|-start|p2a: Celesteela|move: Taunt\n|cant|p2a: Celesteela|move: Taunt|Leech Seed\n|\n|-weather|Sandstorm|[upkeep]\n|-heal|p2a: Celesteela|99\/100|[from] item: Leftovers\n|-heal|p1a: Gliscor|100\/100 tox|[from] ability: Poison Heal\n|upkeep\n|turn|4\n|\n|t:|1649945228\n|move|p1a: Gliscor|Defog|p2a: Celesteela\n|-unboost|p2a: Celesteela|evasion|1\n|-sideend|p2: Jfsosa10|Stealth Rock|[from] move: Defog|[of] p1a: Gliscor\n|-sideend|p1: Cowsrule247|Stealth Rock|[from] move: Defog|[of] p1a: Gliscor\n|move|p2a: Celesteela|Flamethrower|p1a: Gliscor\n|-damage|p1a: Gliscor|77\/100 tox\n|\n|-weather|Sandstorm|[upkeep]\n|-heal|p2a: Celesteela|100\/100|[from] item: Leftovers\n|-heal|p1a: Gliscor|90\/100 tox|[from] ability: Poison Heal\n|upkeep\n|turn|5\n|inactive|Cowsrule247 has 120 seconds left.\n|inactive|Cowsrule247 has 90 seconds left.\n|\n|t:|1649945298\n|switch|p1a: Mew|Mew|100\/100\n|switch|p2a: Hippowdon|Hippowdon, M|100\/100\n|\n|-weather|none\n|upkeep\n|turn|6\n|\n|t:|1649945306\n|switch|p2a: Starmie|Starmie|100\/100\n|move|p1a: Mew|Will-O-Wisp|p2a: Starmie\n|-status|p2a: Starmie|brn\n|\n|-damage|p2a: Starmie|94\/100 brn|[from] brn\n|upkeep\n|turn|7\n|\n|t:|1649945312\n|move|p2a: Starmie|Scald|p1a: Mew\n|-damage|p1a: Mew|79\/100\n|move|p1a: Mew|Knock Off|p2a: Starmie\n|-supereffective|p2a: Starmie\n|-damage|p2a: Starmie|42\/100 brn\n|-enditem|p2a: Starmie|Leftovers|[from] move: Knock Off|[of] p1a: Mew\n|\n|-heal|p1a: Mew|85\/100|[from] item: Leftovers\n|-damage|p2a: Starmie|36\/100 brn|[from] brn\n|upkeep\n|turn|8\n|\n|t:|1649945322\n|move|p2a: Starmie|Recover|p2a: Starmie\n|-heal|p2a: Starmie|86\/100 brn\n|move|p1a: Mew|Knock Off|p2a: Starmie\n|-supereffective|p2a: Starmie\n|-damage|p2a: Starmie|49\/100 brn\n|\n|-heal|p1a: Mew|91\/100|[from] item: Leftovers\n|-damage|p2a: Starmie|43\/100 brn|[from] brn\n|upkeep\n|turn|9\n|\n|t:|1649945325\n|move|p2a: Starmie|Toxic||[still]\n|-status|p1a: Mew|tox\n|-activate|p1a: Mew|ability: Synchronize\n|-fail|p1a: Mew\n|move|p1a: Mew|Knock Off|p2a: Starmie\n|-supereffective|p2a: Starmie\n|-damage|p2a: Starmie|8\/100 brn\n|\n|-heal|p1a: Mew|98\/100 tox|[from] item: Leftovers\n|-damage|p1a: Mew|91\/100 tox|[from] psn\n|-damage|p2a: Starmie|2\/100 brn|[from] brn\n|upkeep\n|turn|10\n|\n|t:|1649945329\n|move|p2a: Starmie|Recover|p2a: Starmie\n|-heal|p2a: Starmie|52\/100 brn\n|move|p1a: Mew|Knock Off|p2a: Starmie\n|-supereffective|p2a: Starmie\n|-damage|p2a: Starmie|17\/100 brn\n|\n|-heal|p1a: Mew|98\/100 tox|[from] item: Leftovers\n|-damage|p1a: Mew|85\/100 tox|[from] psn\n|-damage|p2a: Starmie|11\/100 brn|[from] brn\n|upkeep\n|turn|11\n|\n|t:|1649945331\n|move|p2a: Starmie|Recover|p2a: Starmie\n|-heal|p2a: Starmie|61\/100 brn\n|move|p1a: Mew|Knock Off|p2a: Starmie\n|-supereffective|p2a: Starmie\n|-damage|p2a: Starmie|25\/100 brn\n|\n|-heal|p1a: Mew|91\/100 tox|[from] item: Leftovers\n|-damage|p1a: Mew|73\/100 tox|[from] psn\n|-damage|p2a: Starmie|19\/100 brn|[from] brn\n|upkeep\n|turn|12\n|\n|t:|1649945336\n|switch|p1a: Chansey|Chansey, F, shiny|100\/100\n|move|p2a: Starmie|Recover|p2a: Starmie\n|-heal|p2a: Starmie|69\/100 brn\n|\n|-damage|p2a: Starmie|63\/100 brn|[from] brn\n|upkeep\n|turn|13\n|\n|t:|1649945343\n|move|p2a: Starmie|Toxic|p1a: Chansey\n|-status|p1a: Chansey|tox\n|move|p1a: Chansey|Heal Bell|p1a: Chansey\n|-activate|p1a: Chansey|move: Heal Bell\n|-curestatus|p1a: Chansey|tox|[msg]\n|-curestatus|p1: Mew|tox|[msg]\n|-curestatus|p1: Gliscor|tox|[msg]\n|\n|-damage|p2a: Starmie|57\/100 brn|[from] brn\n|upkeep\n|turn|14\n|\n|t:|1649945352\n|-curestatus|p2a: Starmie|brn|[from] ability: Natural Cure\n|switch|p2a: Ferrothorn|Ferrothorn, M|100\/100\n|move|p1a: Chansey|Seismic Toss|p2a: Ferrothorn\n|-damage|p2a: Ferrothorn|72\/100\n|-damage|p1a: Chansey|88\/100|[from] ability: Iron Barbs|[of] p2a: Ferrothorn\n|\n|-heal|p2a: Ferrothorn|78\/100|[from] item: Leftovers\n|upkeep\n|turn|15\n|\n|t:|1649945358\n|switch|p1a: Mew|Mew|73\/100\n|move|p2a: Ferrothorn|Leech Seed|p1a: Mew\n|-start|p1a: Mew|move: Leech Seed\n|\n|-heal|p1a: Mew|79\/100|[from] item: Leftovers\n|-heal|p2a: Ferrothorn|85\/100|[from] item: Leftovers\n|-damage|p1a: Mew|67\/100|[from] Leech Seed|[of] p2a: Ferrothorn\n|-heal|p2a: Ferrothorn|99\/100|[silent]\n|upkeep\n|turn|16\n|\n|t:|1649945362\n|switch|p2a: Starmie|Starmie|57\/100\n|move|p1a: Mew|Will-O-Wisp|p2a: Starmie\n|-status|p2a: Starmie|brn\n|\n|-heal|p1a: Mew|73\/100|[from] item: Leftovers\n|-damage|p1a: Mew|60\/100|[from] Leech Seed|[of] p2a: Starmie\n|-heal|p2a: Starmie|72\/100 brn|[silent]\n|-damage|p2a: Starmie|66\/100 brn|[from] brn\n|upkeep\n|turn|17\n|\n|t:|1649945369\n|move|p2a: Starmie|Scald|p1a: Mew\n|-damage|p1a: Mew|39\/100\n|move|p1a: Mew|Soft-Boiled|p1a: Mew\n|-heal|p1a: Mew|90\/100\n|\n|-heal|p1a: Mew|96\/100|[from] item: Leftovers\n|-damage|p1a: Mew|83\/100|[from] Leech Seed|[of] p2a: Starmie\n|-heal|p2a: Starmie|81\/100 brn|[silent]\n|-damage|p2a: Starmie|75\/100 brn|[from] brn\n|upkeep\n|turn|18\n|\n|t:|1649945379\n|-curestatus|p2a: Starmie|brn|[from] ability: Natural Cure\n|switch|p2a: Hippowdon|Hippowdon, M|100\/100\n|-weather|Sandstorm|[from] ability: Sand Stream|[of] p2a: Hippowdon\n|switch|p1a: Tangrowth|Tangrowth, F|100\/100\n|\n|-weather|Sandstorm|[upkeep]\n|-damage|p1a: Tangrowth|94\/100|[from] Sandstorm\n|upkeep\n|turn|19\n|\n|t:|1649945385\n|move|p2a: Hippowdon|Stealth Rock|p1a: Tangrowth\n|-sidestart|p1: Cowsrule247|move: Stealth Rock\n|move|p1a: Tangrowth|Knock Off|p2a: Hippowdon\n|-damage|p2a: Hippowdon|84\/100\n|-enditem|p2a: Hippowdon|Leftovers|[from] move: Knock Off|[of] p1a: Tangrowth\n|\n|-weather|Sandstorm|[upkeep]\n|-damage|p1a: Tangrowth|88\/100|[from] Sandstorm\n|upkeep\n|turn|20\n|\n|t:|1649945391\n|move|p2a: Hippowdon|Toxic|p1a: Tangrowth\n|-status|p1a: Tangrowth|tox\n|move|p1a: Tangrowth|Giga Drain|p2a: Hippowdon\n|-supereffective|p2a: Hippowdon\n|-damage|p2a: Hippowdon|43\/100\n|-heal|p1a: Tangrowth|100\/100 tox|[from] drain|[of] p2a: Hippowdon\n|\n|-weather|Sandstorm|[upkeep]\n|-damage|p1a: Tangrowth|94\/100 tox|[from] Sandstorm\n|-damage|p1a: Tangrowth|88\/100 tox|[from] psn\n|upkeep\n|turn|21\n|\n|t:|1649945397\n|move|p2a: Hippowdon|Slack Off|p2a: Hippowdon\n|-heal|p2a: Hippowdon|93\/100\n|move|p1a: Tangrowth|Toxic|p2a: Hippowdon\n|-status|p2a: Hippowdon|tox\n|\n|-weather|Sandstorm|[upkeep]\n|-damage|p1a: Tangrowth|82\/100 tox|[from] Sandstorm\n|-damage|p2a: Hippowdon|87\/100 tox|[from] psn\n|-damage|p1a: Tangrowth|70\/100 tox|[from] psn\n|upkeep\n|turn|22\n|\n|t:|1649945406\n|switch|p2a: Ferrothorn|Ferrothorn, M|99\/100\n|switch|p1a: Chansey|Chansey, F, shiny|88\/100\n|-damage|p1a: Chansey|76\/100|[from] Stealth Rock\n|\n|-weather|none\n|-heal|p2a: Ferrothorn|100\/100|[from] item: Leftovers\n|upkeep\n|turn|23\n|\n|t:|1649945411\n|move|p1a: Chansey|Heal Bell|p1a: Chansey\n|-activate|p1a: Chansey|move: Heal Bell\n|-curestatus|p1: Tangrowth|tox|[msg]\n|move|p2a: Ferrothorn|Knock Off|p1a: Chansey\n|-damage|p1a: Chansey|60\/100\n|-enditem|p1a: Chansey|Eviolite|[from] move: Knock Off|[of] p2a: Ferrothorn\n|\n|upkeep\n|turn|24\n|\n|t:|1649945415\n|switch|p1a: Mew|Mew|83\/100\n|-damage|p1a: Mew|71\/100|[from] Stealth Rock\n|move|p2a: Ferrothorn|Leech Seed|p1a: Mew\n|-start|p1a: Mew|move: Leech Seed\n|\n|-heal|p1a: Mew|77\/100|[from] item: Leftovers\n|-damage|p1a: Mew|65\/100|[from] Leech Seed|[of] p2a: Ferrothorn\n|upkeep\n|turn|25\n|\n|t:|1649945419\n|switch|p2a: Hippowdon|Hippowdon, M|87\/100 tox\n|-weather|Sandstorm|[from] ability: Sand Stream|[of] p2a: Hippowdon\n|move|p1a: Mew|Defog|p2a: Hippowdon\n|-unboost|p2a: Hippowdon|evasion|1\n|-sideend|p1: Cowsrule247|Stealth Rock|[from] move: Defog|[of] p1a: Mew\n|\n|-weather|Sandstorm|[upkeep]\n|-damage|p1a: Mew|59\/100|[from] Sandstorm\n|-heal|p1a: Mew|65\/100|[from] item: Leftovers\n|-damage|p1a: Mew|52\/100|[from] Leech Seed|[of] p2a: Hippowdon\n|-heal|p2a: Hippowdon|99\/100 tox|[silent]\n|-damage|p2a: Hippowdon|93\/100 tox|[from] psn\n|upkeep\n|turn|26\n|\n|t:|1649945423\n|move|p1a: Mew|Soft-Boiled|p1a: Mew\n|-heal|p1a: Mew|100\/100\n|move|p2a: Hippowdon|Stealth Rock|p1a: Mew\n|-sidestart|p1: Cowsrule247|move: Stealth Rock\n|\n|-weather|Sandstorm|[upkeep]\n|-damage|p1a: Mew|94\/100|[from] Sandstorm\n|-heal|p1a: Mew|100\/100|[from] item: Leftovers\n|-damage|p1a: Mew|88\/100|[from] Leech Seed|[of] p2a: Hippowdon\n|-heal|p2a: Hippowdon|100\/100 tox|[silent]\n|-damage|p2a: Hippowdon|88\/100 tox|[from] psn\n|upkeep\n|turn|27\n|\n|t:|1649945435\n|move|p1a: Mew|Defog|p2a: Hippowdon\n|-unboost|p2a: Hippowdon|evasion|1\n|-sideend|p1: Cowsrule247|Stealth Rock|[from] move: Defog|[of] p1a: Mew\n|move|p2a: Hippowdon|Toxic|p1a: Mew\n|-status|p1a: Mew|tox\n|-activate|p1a: Mew|ability: Synchronize\n|-fail|p2a: Hippowdon|tox\n|\n|-weather|Sandstorm|[upkeep]\n|-damage|p1a: Mew|82\/100 tox|[from] Sandstorm\n|-heal|p1a: Mew|88\/100 tox|[from] item: Leftovers\n|-damage|p1a: Mew|76\/100 tox|[from] Leech Seed|[of] p2a: Hippowdon\n|-heal|p2a: Hippowdon|99\/100 tox|[silent]\n|-damage|p1a: Mew|69\/100 tox|[from] psn\n|-damage|p2a: Hippowdon|81\/100 tox|[from] psn\n|upkeep\n|turn|28\n|\n|t:|1649945440\n|switch|p1a: Tangrowth|Tangrowth, F|100\/100\n|switch|p2a: Sharpedo|Sharpedo, M|100\/100\n|\n|-weather|Sandstorm|[upkeep]\n|-damage|p2a: Sharpedo|94\/100|[from] Sandstorm\n|-damage|p1a: Tangrowth|94\/100|[from] Sandstorm\n|upkeep\n|turn|29\n|\n|t:|1649945447\n|switch|p2a: Ferrothorn|Ferrothorn, M|100\/100\n|move|p1a: Tangrowth|Giga Drain|p2a: Ferrothorn\n|-resisted|p2a: Ferrothorn\n|-damage|p2a: Ferrothorn|96\/100\n|-heal|p1a: Tangrowth|96\/100|[from] drain|[of] p2a: Ferrothorn\n|\n|-weather|none\n|-heal|p2a: Ferrothorn|100\/100|[from] item: Leftovers\n|upkeep\n|turn|30\n|\n|t:|1649945451\n|move|p1a: Tangrowth|Knock Off|p2a: Ferrothorn\n|-damage|p2a: Ferrothorn|85\/100\n|-damage|p1a: Tangrowth|84\/100|[from] ability: Iron Barbs|[of] p2a: Ferrothorn\n|-enditem|p2a: Ferrothorn|Leftovers|[from] move: Knock Off|[of] p1a: Tangrowth\n|move|p2a: Ferrothorn|Spikes|p1a: Tangrowth\n|-sidestart|p1: Cowsrule247|Spikes\n|\n|upkeep\n|turn|31\n|inactive|Cowsrule247 has 120 seconds left.\n|\n|t:|1649945481\n|switch|p1a: Chansey|Chansey, F, shiny|60\/100\n|-damage|p1a: Chansey|48\/100|[from] Spikes\n|move|p2a: Ferrothorn|Knock Off|p1a: Chansey\n|-damage|p1a: Chansey|32\/100\n|\n|upkeep\n|turn|32\n|inactive|Cowsrule247 has 120 seconds left.\n|\n|t:|1649945494\n|move|p1a: Chansey|Soft-Boiled|p1a: Chansey\n|-heal|p1a: Chansey|82\/100\n|move|p2a: Ferrothorn|Leech Seed|p1a: Chansey|[miss]\n|-miss|p2a: Ferrothorn|p1a: Chansey\n|\n|upkeep\n|turn|33\n|\n|t:|1649945499\n|move|p1a: Chansey|Heal Bell|p1a: Chansey\n|-activate|p1a: Chansey|move: Heal Bell\n|-curestatus|p1: Mew|tox|[msg]\n|move|p2a: Ferrothorn|Knock Off|p1a: Chansey\n|-damage|p1a: Chansey|69\/100\n|\n|upkeep\n|turn|34\n|\n|t:|1649945506\n|move|p1a: Chansey|Wish|p1a: Chansey\n|move|p2a: Ferrothorn|Leech Seed|p1a: Chansey\n|-start|p1a: Chansey|move: Leech Seed\n|\n|-damage|p1a: Chansey|56\/100|[from] Leech Seed|[of] p2a: Ferrothorn\n|-heal|p2a: Ferrothorn|100\/100|[silent]\n|upkeep\n|turn|35\n|\n|t:|1649945514\n|switch|p1a: Mew|Mew|69\/100\n|-damage|p1a: Mew|57\/100|[from] Spikes\n|switch|p2a: Starmie|Starmie|75\/100\n|\n|-heal|p1a: Mew|100\/100|[from] move: Wish|[wisher] Chansey\n|upkeep\n|turn|36\n|\n|t:|1649945521\n|move|p2a: Starmie|Toxic|p1a: Mew\n|-status|p1a: Mew|tox\n|-activate|p1a: Mew|ability: Synchronize\n|-status|p2a: Starmie|tox\n|move|p1a: Mew|Knock Off|p2a: Starmie\n|-supereffective|p2a: Starmie\n|-damage|p2a: Starmie|37\/100 tox\n|\n|-damage|p2a: Starmie|31\/100 tox|[from] psn\n|-damage|p1a: Mew|94\/100 tox|[from] psn\n|upkeep\n|turn|37\n|\n|t:|1649945526\n|move|p2a: Starmie|Recover|p2a: Starmie\n|-heal|p2a: Starmie|81\/100 tox\n|move|p1a: Mew|Knock Off|p2a: Starmie\n|-supereffective|p2a: Starmie\n|-crit|p2a: Starmie\n|-damage|p2a: Starmie|27\/100 tox\n|\n|-heal|p1a: Mew|100\/100 tox|[from] item: Leftovers\n|-damage|p2a: Starmie|15\/100 tox|[from] psn\n|-damage|p1a: Mew|88\/100 tox|[from] psn\n|upkeep\n|turn|38\n|\n|t:|1649945529\n|move|p2a: Starmie|Recover|p2a: Starmie\n|-heal|p2a: Starmie|65\/100 tox\n|move|p1a: Mew|Knock Off|p2a: Starmie\n|-supereffective|p2a: Starmie\n|-damage|p2a: Starmie|31\/100 tox\n|\n|-heal|p1a: Mew|94\/100 tox|[from] item: Leftovers\n|-damage|p2a: Starmie|12\/100 tox|[from] psn\n|-damage|p1a: Mew|76\/100 tox|[from] psn\n|upkeep\n|turn|39\n|\n|t:|1649945533\n|-curestatus|p2a: Starmie|tox|[from] ability: Natural Cure\n|switch|p2a: Ferrothorn|Ferrothorn, M|100\/100\n|move|p1a: Mew|Knock Off|p2a: Ferrothorn\n|-damage|p2a: Ferrothorn|89\/100\n|-damage|p1a: Mew|63\/100 tox|[from] ability: Iron Barbs|[of] p2a: Ferrothorn\n|\n|-heal|p1a: Mew|69\/100 tox|[from] item: Leftovers\n|-damage|p1a: Mew|45\/100 tox|[from] psn\n|upkeep\n|turn|40\n|\n|t:|1649945538\n|switch|p1a: Chansey|Chansey, F, shiny|56\/100\n|-damage|p1a: Chansey|44\/100|[from] Spikes\n|move|p2a: Ferrothorn|Knock Off|p1a: Chansey\n|-crit|p1a: Chansey\n|-damage|p1a: Chansey|23\/100\n|\n|upkeep\n|turn|41\n|\n|t:|1649945546\n|switch|p2a: Sharpedo|Sharpedo, M|94\/100\n|move|p1a: Chansey|Soft-Boiled|p1a: Chansey\n|-heal|p1a: Chansey|73\/100\n|\n|upkeep\n|turn|42\n|\n|t:|1649945551\n|switch|p1a: Tangrowth|Tangrowth, F|100\/100\n|-damage|p1a: Tangrowth|88\/100|[from] Spikes\n|detailschange|p2a: Sharpedo|Sharpedo-Mega, M\n|-mega|p2a: Sharpedo|Sharpedo|Sharpedonite\n|move|p2a: Sharpedo|Crunch|p1a: Tangrowth\n|-damage|p1a: Tangrowth|49\/100\n|-damage|p2a: Sharpedo|78\/100|[from] item: Rocky Helmet|[of] p1a: Tangrowth\n|\n|upkeep\n|turn|43\n|\n|t:|1649945563\n|switch|p2a: Ferrothorn|Ferrothorn, M|89\/100\n|switch|p1a: Aggron|Aggron-Mega, F|100\/100\n|-damage|p1a: Aggron|88\/100|[from] Spikes\n|\n|upkeep\n|turn|44\n|\n|t:|1649945566\n|switch|p2a: Starmie|Starmie|12\/100\n|move|p1a: Aggron|Fire Punch|p2a: Starmie\n|-resisted|p2a: Starmie\n|-damage|p2a: Starmie|0 fnt\n|faint|p2a: Starmie\n|\n|upkeep\n|\n|t:|1649945572\n|switch|p2a: Ferrothorn|Ferrothorn, M|89\/100\n|turn|45\n|\n|t:|1649945590\n|move|p1a: Aggron|Fire Punch|p2a: Ferrothorn\n|-supereffective|p2a: Ferrothorn\n|-damage|p2a: Ferrothorn|14\/100\n|-damage|p1a: Aggron|76\/100|[from] ability: Iron Barbs|[of] p2a: Ferrothorn\n|move|p2a: Ferrothorn|Spikes|p1a: Aggron\n|-sidestart|p1: Cowsrule247|Spikes\n|\n|upkeep\n|turn|46\n|\n|t:|1649945600\n|switch|p2a: Hippowdon|Hippowdon, M|81\/100 tox\n|-weather|Sandstorm|[from] ability: Sand Stream|[of] p2a: Hippowdon\n|move|p1a: Aggron|Earthquake|p2a: Hippowdon\n|-damage|p2a: Hippowdon|59\/100 tox\n|\n|-weather|Sandstorm|[upkeep]\n|-damage|p2a: Hippowdon|53\/100 tox|[from] psn\n|upkeep\n|turn|47\n|\n|t:|1649945610\n|switch|p2a: Tapu Lele|Tapu Lele|100\/100\n|-fieldstart|move: Psychic Terrain|[from] ability: Psychic Surge|[of] p2a: Tapu Lele\n|move|p1a: Aggron|Stealth Rock|p2a: Tapu Lele\n|-sidestart|p2: Jfsosa10|move: Stealth Rock\n|\n|-weather|Sandstorm|[upkeep]\n|-damage|p2a: Tapu Lele|94\/100|[from] Sandstorm\n|upkeep\n|turn|48\n|inactive|Cowsrule247 has 120 seconds left.\n|\n|t:|1649945667\n|switch|p2a: Ferrothorn|Ferrothorn, M|14\/100\n|-damage|p2a: Ferrothorn|7\/100|[from] Stealth Rock\n|switch|p1a: Mew|Mew|45\/100 tox\n|-damage|p1a: Mew|28\/100 tox|[from] Spikes\n|\n|-weather|Sandstorm|[upkeep]\n|-damage|p1a: Mew|22\/100 tox|[from] Sandstorm\n|-heal|p1a: Mew|28\/100 tox|[from] item: Leftovers\n|-damage|p1a: Mew|22\/100 tox|[from] psn\n|upkeep\n|turn|49\n|\n|t:|1649945679\n|move|p1a: Mew|Soft-Boiled|p1a: Mew\n|-heal|p1a: Mew|72\/100 tox\n|move|p2a: Ferrothorn|Spikes|p1a: Mew\n|-sidestart|p1: Cowsrule247|Spikes\n|\n|-weather|Sandstorm|[upkeep]\n|-damage|p1a: Mew|66\/100 tox|[from] Sandstorm\n|-heal|p1a: Mew|72\/100 tox|[from] item: Leftovers\n|-damage|p1a: Mew|60\/100 tox|[from] psn\n|upkeep\n|turn|50\n|\n|t:|1649945688\n|move|p1a: Mew|Soft-Boiled|p1a: Mew\n|-heal|p1a: Mew|100\/100 tox\n|move|p2a: Ferrothorn|Leech Seed|p1a: Mew\n|-start|p1a: Mew|move: Leech Seed\n|\n|-weather|none\n|-damage|p1a: Mew|88\/100 tox|[from] Leech Seed|[of] p2a: Ferrothorn\n|-heal|p2a: Ferrothorn|22\/100|[silent]\n|-damage|p1a: Mew|69\/100 tox|[from] psn\n|upkeep\n|turn|51\n|\n|t:|1649945695\n|move|p1a: Mew|Will-O-Wisp|p2a: Ferrothorn|[miss]\n|-miss|p1a: Mew|p2a: Ferrothorn\n|move|p2a: Ferrothorn|Spikes||[still]\n|-fail|p2a: Ferrothorn\n|\n|-heal|p1a: Mew|76\/100 tox|[from] item: Leftovers\n|-damage|p1a: Mew|63\/100 tox|[from] Leech Seed|[of] p2a: Ferrothorn\n|-heal|p2a: Ferrothorn|36\/100|[silent]\n|-damage|p1a: Mew|38\/100 tox|[from] psn\n|-fieldend|move: Psychic Terrain\n|upkeep\n|turn|52\n|inactive|Cowsrule247 has 120 seconds left.\n|\n|t:|1649945700\n|switch|p1a: Gliscor|Gliscor, M|90\/100\n|switch|p2a: Hippowdon|Hippowdon, M|53\/100 tox\n|-damage|p2a: Hippowdon|46\/100 tox|[from] Stealth Rock\n|-weather|Sandstorm|[from] ability: Sand Stream|[of] p2a: Hippowdon\n|\n|-weather|Sandstorm|[upkeep]\n|-damage|p2a: Hippowdon|40\/100 tox|[from] psn\n|-status|p1a: Gliscor|tox|[from] item: Toxic Orb\n|upkeep\n|turn|53\n|\n|t:|1649945706\n|move|p1a: Gliscor|Defog|p2a: Hippowdon\n|-unboost|p2a: Hippowdon|evasion|1\n|-sideend|p2: Jfsosa10|Stealth Rock|[from] move: Defog|[of] p1a: Gliscor\n|-sideend|p1: Cowsrule247|Spikes|[from] move: Defog|[of] p1a: Gliscor\n|move|p2a: Hippowdon|Slack Off|p2a: Hippowdon\n|-heal|p2a: Hippowdon|90\/100 tox\n|\n|-weather|Sandstorm|[upkeep]\n|-heal|p1a: Gliscor|100\/100 tox|[from] ability: Poison Heal\n|-damage|p2a: Hippowdon|78\/100 tox|[from] psn\n|upkeep\n|turn|54\n|\n|t:|1649945725\n|switch|p2a: Celesteela|Celesteela|100\/100\n|move|p1a: Gliscor|Taunt|p2a: Celesteela\n|-start|p2a: Celesteela|move: Taunt\n|\n|-weather|Sandstorm|[upkeep]\n|upkeep\n|turn|55\n|inactive|Cowsrule247 has 120 seconds left.\n|\n|t:|1649945756\n|switch|p1a: Pyukumuku|Pyukumuku, M|100\/100\n|move|p2a: Celesteela|Heavy Slam|p1a: Pyukumuku\n|-resisted|p1a: Pyukumuku\n|-damage|p1a: Pyukumuku|87\/100\n|\n|-weather|Sandstorm|[upkeep]\n|-damage|p1a: Pyukumuku|81\/100|[from] Sandstorm\n|-heal|p1a: Pyukumuku|87\/100|[from] item: Leftovers\n|upkeep\n|turn|56\n|\n|t:|1649945764\n|switch|p2a: Ferrothorn|Ferrothorn, M|36\/100\n|move|p1a: Pyukumuku|Block|p2a: Ferrothorn\n|-activate|p2a: Ferrothorn|trapped\n|\n|-weather|none\n|-heal|p1a: Pyukumuku|93\/100|[from] item: Leftovers\n|upkeep\n|turn|57\n|\n|t:|1649945774\n|switch|p1a: Mew|Mew|38\/100 tox\n|move|p2a: Ferrothorn|Leech Seed|p1a: Mew\n|-start|p1a: Mew|move: Leech Seed\n|\n|-heal|p1a: Mew|45\/100 tox|[from] item: Leftovers\n|-damage|p1a: Mew|32\/100 tox|[from] Leech Seed|[of] p2a: Ferrothorn\n|-heal|p2a: Ferrothorn|50\/100|[silent]\n|-damage|p1a: Mew|26\/100 tox|[from] psn\n|upkeep\n|turn|58\n|\n|t:|1649945781\n|switch|p2a: Hippowdon|Hippowdon, M|78\/100 tox\n|-weather|Sandstorm|[from] ability: Sand Stream|[of] p2a: Hippowdon\n|move|p1a: Mew|Soft-Boiled|p1a: Mew\n|-heal|p1a: Mew|76\/100 tox\n|\n|-weather|Sandstorm|[upkeep]\n|-damage|p1a: Mew|70\/100 tox|[from] Sandstorm\n|-heal|p1a: Mew|76\/100 tox|[from] item: Leftovers\n|-damage|p1a: Mew|64\/100 tox|[from] Leech Seed|[of] p2a: Hippowdon\n|-heal|p2a: Hippowdon|90\/100 tox|[silent]\n|-damage|p1a: Mew|51\/100 tox|[from] psn\n|-damage|p2a: Hippowdon|84\/100 tox|[from] psn\n|upkeep\n|turn|59\n|\n|t:|1649945786\n|move|p1a: Mew|Soft-Boiled|p1a: Mew\n|-heal|p1a: Mew|100\/100 tox\n|move|p2a: Hippowdon|Stealth Rock|p1a: Mew\n|-sidestart|p1: Cowsrule247|move: Stealth Rock\n|\n|-weather|Sandstorm|[upkeep]\n|-damage|p1a: Mew|94\/100 tox|[from] Sandstorm\n|-heal|p1a: Mew|100\/100 tox|[from] item: Leftovers\n|-damage|p1a: Mew|88\/100 tox|[from] Leech Seed|[of] p2a: Hippowdon\n|-heal|p2a: Hippowdon|95\/100 tox|[silent]\n|-damage|p1a: Mew|69\/100 tox|[from] psn\n|-damage|p2a: Hippowdon|83\/100 tox|[from] psn\n|upkeep\n|turn|60\n|\n|t:|1649945790\n|switch|p1a: Chansey|Chansey, F, shiny|73\/100\n|-damage|p1a: Chansey|60\/100|[from] Stealth Rock\n|switch|p2a: Ferrothorn|Ferrothorn, M|50\/100\n|\n|-weather|Sandstorm|[upkeep]\n|-damage|p1a: Chansey|54\/100|[from] Sandstorm\n|upkeep\n|turn|61\n|\n|t:|1649945800\n|move|p1a: Chansey|Soft-Boiled|p1a: Chansey\n|-heal|p1a: Chansey|100\/100\n|move|p2a: Ferrothorn|Leech Seed|p1a: Chansey\n|-start|p1a: Chansey|move: Leech Seed\n|\n|-weather|Sandstorm|[upkeep]\n|-damage|p1a: Chansey|94\/100|[from] Sandstorm\n|-damage|p1a: Chansey|82\/100|[from] Leech Seed|[of] p2a: Ferrothorn\n|-heal|p2a: Ferrothorn|73\/100|[silent]\n|upkeep\n|turn|62\n|\n|t:|1649945804\n|switch|p2a: Sharpedo|Sharpedo-Mega, M|78\/100\n|move|p1a: Chansey|Heal Bell|p1a: Chansey\n|-activate|p1a: Chansey|move: Heal Bell\n|-curestatus|p1: Gliscor|tox|[msg]\n|-curestatus|p1: Mew|tox|[msg]\n|\n|-weather|none\n|-damage|p1a: Chansey|69\/100|[from] Leech Seed|[of] p2a: Sharpedo\n|-heal|p2a: Sharpedo|100\/100|[silent]\n|upkeep\n|turn|63\n|\n|t:|1649945815\n|switch|p1a: Tangrowth|Tangrowth, F|82\/100\n|-damage|p1a: Tangrowth|69\/100|[from] Stealth Rock\n|move|p2a: Sharpedo|Crunch|p1a: Tangrowth\n|-damage|p1a: Tangrowth|30\/100\n|-damage|p2a: Sharpedo|84\/100|[from] item: Rocky Helmet|[of] p1a: Tangrowth\n|\n|upkeep\n|turn|64\n|\n|t:|1649945829\n|switch|p1a: Aggron|Aggron-Mega, F|76\/100\n|-damage|p1a: Aggron|70\/100|[from] Stealth Rock\n|move|p2a: Sharpedo|Crunch|p1a: Aggron\n|-damage|p1a: Aggron|35\/100\n|\n|upkeep\n|turn|65\n|\n|t:|1649945847\n|switch|p2a: Celesteela|Celesteela|100\/100\n|move|p1a: Aggron|Earthquake|p2a: Celesteela\n|-immune|p2a: Celesteela\n|\n|upkeep\n|turn|66\n|j| Amy2603\n|\n|t:|1649945859\n|switch|p1a: Gliscor|Gliscor, M|100\/100\n|-damage|p1a: Gliscor|88\/100|[from] Stealth Rock\n|move|p2a: Celesteela|Leech Seed|p1a: Gliscor\n|-start|p1a: Gliscor|move: Leech Seed\n|\n|-damage|p1a: Gliscor|75\/100|[from] Leech Seed|[of] p2a: Celesteela\n|-status|p1a: Gliscor|tox|[from] item: Toxic Orb\n|upkeep\n|turn|67\n|\n|t:|1649945864\n|switch|p2a: Sharpedo|Sharpedo-Mega, M|84\/100\n|move|p1a: Gliscor|Defog|p2a: Sharpedo\n|-unboost|p2a: Sharpedo|evasion|1\n|-sideend|p1: Cowsrule247|Stealth Rock|[from] move: Defog|[of] p1a: Gliscor\n|\n|-damage|p1a: Gliscor|63\/100 tox|[from] Leech Seed|[of] p2a: Sharpedo\n|-heal|p2a: Sharpedo|98\/100|[silent]\n|-heal|p1a: Gliscor|75\/100 tox|[from] ability: Poison Heal\n|upkeep\n|turn|68\n|\n|t:|1649945874\n|switch|p1a: Pyukumuku|Pyukumuku, M|93\/100\n|move|p2a: Sharpedo|Crunch|p1a: Pyukumuku\n|-damage|p1a: Pyukumuku|50\/100\n|\n|-heal|p1a: Pyukumuku|56\/100|[from] item: Leftovers\n|upkeep\n|turn|69\n|\n|t:|1649945880\n|switch|p2a: Ferrothorn|Ferrothorn, M|73\/100\n|move|p1a: Pyukumuku|Recover|p1a: Pyukumuku\n|-heal|p1a: Pyukumuku|100\/100\n|\n|upkeep\n|turn|70\n|\n|t:|1649945884\n|switch|p1a: Chansey|Chansey, F, shiny|69\/100\n|move|p2a: Ferrothorn|Leech Seed|p1a: Chansey\n|-start|p1a: Chansey|move: Leech Seed\n|\n|-damage|p1a: Chansey|57\/100|[from] Leech Seed|[of] p2a: Ferrothorn\n|-heal|p2a: Ferrothorn|95\/100|[silent]\n|upkeep\n|turn|71\n|\n|t:|1649945888\n|move|p1a: Chansey|Soft-Boiled|p1a: Chansey\n|-heal|p1a: Chansey|100\/100\n|move|p2a: Ferrothorn|Spikes|p1a: Chansey\n|-sidestart|p1: Cowsrule247|Spikes\n|\n|-damage|p1a: Chansey|88\/100|[from] Leech Seed|[of] p2a: Ferrothorn\n|-heal|p2a: Ferrothorn|100\/100|[silent]\n|upkeep\n|turn|72\n|\n|t:|1649945890\n|switch|p2a: Sharpedo|Sharpedo-Mega, M|98\/100\n|move|p1a: Chansey|Wish|p1a: Chansey\n|\n|-damage|p1a: Chansey|76\/100|[from] Leech Seed|[of] p2a: Sharpedo\n|-heal|p2a: Sharpedo|100\/100|[silent]\n|upkeep\n|turn|73\n|\n|t:|1649945898\n|switch|p1a: Tangrowth|Tangrowth, F|63\/100\n|-damage|p1a: Tangrowth|50\/100|[from] Spikes\n|move|p2a: Sharpedo|Crunch|p1a: Tangrowth\n|-damage|p1a: Tangrowth|13\/100\n|-damage|p2a: Sharpedo|84\/100|[from] item: Rocky Helmet|[of] p1a: Tangrowth\n|\n|-heal|p1a: Tangrowth|93\/100|[from] move: Wish|[wisher] Chansey\n|upkeep\n|turn|74\n|\n|t:|1649945908\n|switch|p2a: Ferrothorn|Ferrothorn, M|100\/100\n|move|p1a: Tangrowth|Giga Drain|p2a: Ferrothorn\n|-resisted|p2a: Ferrothorn\n|-damage|p2a: Ferrothorn|96\/100\n|-heal|p1a: Tangrowth|95\/100|[from] drain|[of] p2a: Ferrothorn\n|\n|upkeep\n|turn|75\n|\n|t:|1649945914\n|switch|p1a: Chansey|Chansey, F, shiny|76\/100\n|-damage|p1a: Chansey|63\/100|[from] Spikes\n|move|p2a: Ferrothorn|Knock Off|p1a: Chansey\n|-damage|p1a: Chansey|49\/100\n|\n|upkeep\n|turn|76\n|\n|t:|1649945918\n|switch|p2a: Hippowdon|Hippowdon, M|83\/100 tox\n|-weather|Sandstorm|[from] ability: Sand Stream|[of] p2a: Hippowdon\n|move|p1a: Chansey|Soft-Boiled|p1a: Chansey\n|-heal|p1a: Chansey|99\/100\n|\n|-weather|Sandstorm|[upkeep]\n|-damage|p1a: Chansey|93\/100|[from] Sandstorm\n|-damage|p2a: Hippowdon|77\/100 tox|[from] psn\n|upkeep\n|turn|77\n|\n|t:|1649945923\n|move|p1a: Chansey|Wish|p1a: Chansey\n|move|p2a: Hippowdon|Stealth Rock|p1a: Chansey\n|-sidestart|p1: Cowsrule247|move: Stealth Rock\n|\n|-weather|Sandstorm|[upkeep]\n|-damage|p1a: Chansey|86\/100|[from] Sandstorm\n|-damage|p2a: Hippowdon|65\/100 tox|[from] psn\n|upkeep\n|turn|78\n|\n|t:|1649945929\n|switch|p2a: Tapu Lele|Tapu Lele|94\/100\n|-fieldstart|move: Psychic Terrain|[from] ability: Psychic Surge|[of] p2a: Tapu Lele\n|move|p1a: Chansey|Seismic Toss|p2a: Tapu Lele\n|-damage|p2a: Tapu Lele|59\/100\n|\n|-weather|Sandstorm|[upkeep]\n|-damage|p2a: Tapu Lele|53\/100|[from] Sandstorm\n|-damage|p1a: Chansey|80\/100|[from] Sandstorm\n|-heal|p1a: Chansey|100\/100|[from] move: Wish|[wisher] Chansey\n|upkeep\n|turn|79\n|\n|t:|1649945948\n|switch|p2a: Ferrothorn|Ferrothorn, M|96\/100\n|switch|p1a: Pyukumuku|Pyukumuku, M|100\/100\n|-damage|p1a: Pyukumuku|88\/100|[from] Stealth Rock\n|-damage|p1a: Pyukumuku|76\/100|[from] Spikes\n|\n|-weather|Sandstorm|[upkeep]\n|-damage|p1a: Pyukumuku|70\/100|[from] Sandstorm\n|-heal|p1a: Pyukumuku|76\/100|[from] item: Leftovers\n|upkeep\n|turn|80\n|\n|t:|1649945954\n|switch|p1a: Gliscor|Gliscor, M|75\/100 tox\n|-damage|p1a: Gliscor|63\/100 tox|[from] Stealth Rock\n|switch|p2a: Hippowdon|Hippowdon, M|65\/100 tox\n|\n|-weather|none\n|-heal|p1a: Gliscor|75\/100 tox|[from] ability: Poison Heal\n|-damage|p2a: Hippowdon|58\/100 tox|[from] psn\n|upkeep\n|turn|81\n|\n|t:|1649945962\n|move|p1a: Gliscor|Defog|p2a: Hippowdon\n|-unboost|p2a: Hippowdon|evasion|1\n|-sideend|p1: Cowsrule247|Spikes|[from] move: Defog|[of] p1a: Gliscor\n|-sideend|p1: Cowsrule247|Stealth Rock|[from] move: Defog|[of] p1a: Gliscor\n|move|p2a: Hippowdon|Slack Off|p2a: Hippowdon\n|-heal|p2a: Hippowdon|100\/100 tox\n|\n|-heal|p1a: Gliscor|88\/100 tox|[from] ability: Poison Heal\n|-damage|p2a: Hippowdon|88\/100 tox|[from] psn\n|upkeep\n|turn|82\n|\n|t:|1649945969\n|switch|p2a: Celesteela|Celesteela|100\/100\n|move|p1a: Gliscor|Taunt|p2a: Celesteela\n|-start|p2a: Celesteela|move: Taunt\n|\n|-heal|p1a: Gliscor|100\/100 tox|[from] ability: Poison Heal\n|-fieldend|move: Psychic Terrain\n|upkeep\n|turn|83\n|\n|t:|1649945972\n|switch|p1a: Chansey|Chansey, F, shiny|100\/100\n|move|p2a: Celesteela|Flamethrower|p1a: Chansey\n|-damage|p1a: Chansey|92\/100\n|\n|upkeep\n|turn|84\n|\n|t:|1649945979\n|switch|p2a: Ferrothorn|Ferrothorn, M|96\/100\n|switch|p1a: Tangrowth|Tangrowth, F|100\/100\n|\n|upkeep\n|turn|85\n|\n|t:|1649946003\n|switch|p1a: Chansey|Chansey, F, shiny|92\/100\n|move|p2a: Ferrothorn|Knock Off|p1a: Chansey\n|-damage|p1a: Chansey|78\/100\n|\n|upkeep\n|turn|86\n|\n|t:|1649946010\n|move|p1a: Chansey|Wish|p1a: Chansey\n|move|p2a: Ferrothorn|Leech Seed|p1a: Chansey\n|-start|p1a: Chansey|move: Leech Seed\n|\n|-damage|p1a: Chansey|66\/100|[from] Leech Seed|[of] p2a: Ferrothorn\n|-heal|p2a: Ferrothorn|100\/100|[silent]\n|upkeep\n|turn|87\n|\n|t:|1649946018\n|switch|p1a: Aggron|Aggron-Mega, F|35\/100\n|move|p2a: Ferrothorn|Spikes|p1a: Aggron\n|-sidestart|p1: Cowsrule247|Spikes\n|\n|-heal|p1a: Aggron|100\/100|[from] move: Wish|[wisher] Chansey\n|upkeep\n|turn|88\n|\n|t:|1649946024\n|switch|p2a: Hippowdon|Hippowdon, M|88\/100 tox\n|-weather|Sandstorm|[from] ability: Sand Stream|[of] p2a: Hippowdon\n|move|p1a: Aggron|Stealth Rock|p2a: Hippowdon\n|-sidestart|p2: Jfsosa10|move: Stealth Rock\n|\n|-weather|Sandstorm|[upkeep]\n|-damage|p2a: Hippowdon|82\/100 tox|[from] psn\n|upkeep\n|turn|89\n|\n|t:|1649946027\n|switch|p1a: Gliscor|Gliscor, M|100\/100 tox\n|move|p2a: Hippowdon|Stealth Rock|p1a: Gliscor\n|-sidestart|p1: Cowsrule247|move: Stealth Rock\n|\n|-weather|Sandstorm|[upkeep]\n|-damage|p2a: Hippowdon|70\/100 tox|[from] psn\n|upkeep\n|turn|90\n|\n|t:|1649946033\n|switch|p2a: Celesteela|Celesteela|100\/100\n|-damage|p2a: Celesteela|88\/100|[from] Stealth Rock\n|move|p1a: Gliscor|Defog|p2a: Celesteela\n|-unboost|p2a: Celesteela|evasion|1\n|-sideend|p2: Jfsosa10|Stealth Rock|[from] move: Defog|[of] p1a: Gliscor\n|-sideend|p1: Cowsrule247|Spikes|[from] move: Defog|[of] p1a: Gliscor\n|-sideend|p1: Cowsrule247|Stealth Rock|[from] move: Defog|[of] p1a: Gliscor\n|\n|-weather|Sandstorm|[upkeep]\n|-heal|p2a: Celesteela|94\/100|[from] item: Leftovers\n|upkeep\n|turn|91\n|\n|t:|1649946044\n|switch|p1a: Pyukumuku|Pyukumuku, M|76\/100\n|move|p2a: Celesteela|Flamethrower|p1a: Pyukumuku\n|-resisted|p1a: Pyukumuku\n|-damage|p1a: Pyukumuku|66\/100\n|\n|-weather|Sandstorm|[upkeep]\n|-damage|p1a: Pyukumuku|60\/100|[from] Sandstorm\n|-heal|p2a: Celesteela|99\/100|[from] item: Leftovers\n|-heal|p1a: Pyukumuku|66\/100|[from] item: Leftovers\n|upkeep\n|turn|92\n|\n|t:|1649946048\n|switch|p2a: Ferrothorn|Ferrothorn, M|100\/100\n|move|p1a: Pyukumuku|Block|p2a: Ferrothorn\n|-activate|p2a: Ferrothorn|trapped\n|\n|-weather|none\n|-heal|p1a: Pyukumuku|72\/100|[from] item: Leftovers\n|upkeep\n|turn|93\n|\n|t:|1649946058\n|switch|p1a: Chansey|Chansey, F, shiny|66\/100\n|move|p2a: Ferrothorn|Spikes|p1a: Chansey\n|-sidestart|p1: Cowsrule247|Spikes\n|\n|upkeep\n|turn|94\n|\n|t:|1649946066\n|switch|p2a: Hippowdon|Hippowdon, M|70\/100 tox\n|-weather|Sandstorm|[from] ability: Sand Stream|[of] p2a: Hippowdon\n|move|p1a: Chansey|Soft-Boiled|p1a: Chansey\n|-heal|p1a: Chansey|100\/100\n|\n|-weather|Sandstorm|[upkeep]\n|-damage|p1a: Chansey|94\/100|[from] Sandstorm\n|-damage|p2a: Hippowdon|63\/100 tox|[from] psn\n|upkeep\n|turn|95\n|\n|t:|1649946075\n|switch|p2a: Ferrothorn|Ferrothorn, M|100\/100\n|move|p1a: Chansey|Wish|p1a: Chansey\n|\n|-weather|Sandstorm|[upkeep]\n|-damage|p1a: Chansey|88\/100|[from] Sandstorm\n|upkeep\n|turn|96\n|\n|t:|1649946081\n|switch|p1a: Mew|Mew|69\/100\n|-damage|p1a: Mew|57\/100|[from] Spikes\n|switch|p2a: Hippowdon|Hippowdon, M|63\/100 tox\n|\n|-weather|Sandstorm|[upkeep]\n|-damage|p1a: Mew|51\/100|[from] Sandstorm\n|-heal|p1a: Mew|100\/100|[from] move: Wish|[wisher] Chansey\n|-damage|p2a: Hippowdon|57\/100 tox|[from] psn\n|upkeep\n|turn|97\n|\n|t:|1649946088\n|move|p1a: Mew|Knock Off|p2a: Hippowdon\n|-damage|p2a: Hippowdon|45\/100 tox\n|move|p2a: Hippowdon|Slack Off|p2a: Hippowdon\n|-heal|p2a: Hippowdon|95\/100 tox\n|\n|-weather|Sandstorm|[upkeep]\n|-damage|p1a: Mew|94\/100|[from] Sandstorm\n|-heal|p1a: Mew|100\/100|[from] item: Leftovers\n|-damage|p2a: Hippowdon|83\/100 tox|[from] psn\n|upkeep\n|turn|98\n|\n|t:|1649946093\n|move|p1a: Mew|Defog|p2a: Hippowdon\n|-unboost|p2a: Hippowdon|evasion|1\n|-sideend|p1: Cowsrule247|Spikes|[from] move: Defog|[of] p1a: Mew\n|move|p2a: Hippowdon|Toxic|p1a: Mew\n|-status|p1a: Mew|tox\n|-activate|p1a: Mew|ability: Synchronize\n|-fail|p2a: Hippowdon|tox\n|\n|-weather|none\n|-damage|p1a: Mew|94\/100 tox|[from] psn\n|-damage|p2a: Hippowdon|65\/100 tox|[from] psn\n|upkeep\n|turn|99\n|\n|t:|1649946099\n|switch|p1a: Chansey|Chansey, F, shiny|88\/100\n|switch|p2a: Ferrothorn|Ferrothorn, M|100\/100\n|\n|upkeep\n|turn|100\n|\n|t:|1649946122\n|move|p1a: Chansey|Heal Bell|p1a: Chansey\n|-activate|p1a: Chansey|move: Heal Bell\n|-curestatus|p1: Gliscor|tox|[msg]\n|-curestatus|p1: Mew|tox|[msg]\n|move|p2a: Ferrothorn|Spikes|p1a: Chansey\n|-sidestart|p1: Cowsrule247|Spikes\n|\n|upkeep\n|turn|101\n|\n|t:|1649946128\n|switch|p1a: Gliscor|Gliscor, M|100\/100\n|move|p2a: Ferrothorn|Knock Off|p1a: Gliscor\n|-damage|p1a: Gliscor|83\/100\n|-enditem|p1a: Gliscor|Toxic Orb|[from] move: Knock Off|[of] p2a: Ferrothorn\n|\n|upkeep\n|turn|102\n|\n|t:|1649946135\n|move|p1a: Gliscor|Taunt|p2a: Ferrothorn\n|-start|p2a: Ferrothorn|move: Taunt\n|cant|p2a: Ferrothorn|move: Taunt|Leech Seed\n|\n|upkeep\n|turn|103\n|\n|t:|1649946150\n|switch|p2a: Celesteela|Celesteela|99\/100\n|move|p1a: Gliscor|Toxic|p2a: Celesteela|[miss]\n|-miss|p1a: Gliscor|p2a: Celesteela\n|\n|-heal|p2a: Celesteela|100\/100|[from] item: Leftovers\n|upkeep\n|turn|104\n|\n|t:|1649946160\n|move|p1a: Gliscor|Taunt|p2a: Celesteela\n|-start|p2a: Celesteela|move: Taunt\n|move|p2a: Celesteela|Flamethrower|p1a: Gliscor\n|-damage|p1a: Gliscor|60\/100\n|-status|p1a: Gliscor|brn\n|\n|-damage|p1a: Gliscor|54\/100 brn|[from] brn\n|upkeep\n|turn|105\n|\n|t:|1649946163\n|switch|p2a: Ferrothorn|Ferrothorn, M|100\/100\n|move|p1a: Gliscor|Toxic|p2a: Ferrothorn\n|-immune|p2a: Ferrothorn\n|\n|-damage|p1a: Gliscor|48\/100 brn|[from] brn\n|upkeep\n|turn|106\n|\n|t:|1649946174\n|switch|p2a: Hippowdon|Hippowdon, M|65\/100 tox\n|-weather|Sandstorm|[from] ability: Sand Stream|[of] p2a: Hippowdon\n|move|p1a: Gliscor|Roost|p1a: Gliscor\n|-heal|p1a: Gliscor|98\/100 brn\n|-singleturn|p1a: Gliscor|move: Roost\n|\n|-weather|Sandstorm|[upkeep]\n|-damage|p2a: Hippowdon|58\/100 tox|[from] psn\n|-damage|p1a: Gliscor|92\/100 brn|[from] brn\n|upkeep\n|turn|107\n|\n|t:|1649946181\n|move|p1a: Gliscor|Defog|p2a: Hippowdon\n|-unboost|p2a: Hippowdon|evasion|1\n|-sideend|p1: Cowsrule247|Spikes|[from] move: Defog|[of] p1a: Gliscor\n|move|p2a: Hippowdon|Slack Off|p2a: Hippowdon\n|-heal|p2a: Hippowdon|100\/100 tox\n|\n|-weather|Sandstorm|[upkeep]\n|-damage|p2a: Hippowdon|88\/100 tox|[from] psn\n|-damage|p1a: Gliscor|85\/100 brn|[from] brn\n|upkeep\n|turn|108\n|\n|t:|1649946190\n|switch|p2a: Ferrothorn|Ferrothorn, M|100\/100\n|move|p1a: Gliscor|Taunt|p2a: Ferrothorn\n|-start|p2a: Ferrothorn|move: Taunt\n|\n|-weather|Sandstorm|[upkeep]\n|-damage|p1a: Gliscor|79\/100 brn|[from] brn\n|upkeep\n|turn|109\n|\n|t:|1649946194\n|switch|p1a: Mew|Mew|94\/100\n|move|p2a: Ferrothorn|Power Whip|p1a: Mew|[miss]\n|-miss|p2a: Ferrothorn|p1a: Mew\n|\n|-weather|Sandstorm|[upkeep]\n|-damage|p1a: Mew|88\/100|[from] Sandstorm\n|-heal|p1a: Mew|94\/100|[from] item: Leftovers\n|upkeep\n|turn|110\n|\n|t:|1649946199\n|switch|p2a: Hippowdon|Hippowdon, M|88\/100 tox\n|move|p1a: Mew|Will-O-Wisp||[still]\n|-fail|p1a: Mew\n|\n|-weather|none\n|-heal|p1a: Mew|100\/100|[from] item: Leftovers\n|-damage|p2a: Hippowdon|82\/100 tox|[from] psn\n|upkeep\n|turn|111\n|\n|t:|1649946206\n|switch|p1a: Tangrowth|Tangrowth, F|100\/100\n|move|p2a: Hippowdon|Toxic|p1a: Tangrowth\n|-status|p1a: Tangrowth|tox\n|\n|-damage|p2a: Hippowdon|70\/100 tox|[from] psn\n|-damage|p1a: Tangrowth|94\/100 tox|[from] psn\n|upkeep\n|turn|112\n|\n|t:|1649946216\n|switch|p1a: Aggron|Aggron-Mega, F|100\/100\n|move|p2a: Hippowdon|Stealth Rock|p1a: Aggron\n|-sidestart|p1: Cowsrule247|move: Stealth Rock\n|\n|-damage|p2a: Hippowdon|51\/100 tox|[from] psn\n|upkeep\n|turn|113\n|\n|t:|1649946220\n|switch|p2a: Celesteela|Celesteela|100\/100\n|move|p1a: Aggron|Fire Punch|p2a: Celesteela\n|-supereffective|p2a: Celesteela\n|-damage|p2a: Celesteela|69\/100\n|\n|-heal|p2a: Celesteela|75\/100|[from] item: Leftovers\n|upkeep\n|turn|114\n|\n|t:|1649946228\n|switch|p1a: Chansey|Chansey, F, shiny|88\/100\n|-damage|p1a: Chansey|76\/100|[from] Stealth Rock\n|move|p2a: Celesteela|Leech Seed|p1a: Chansey\n|-start|p1a: Chansey|move: Leech Seed\n|\n|-heal|p2a: Celesteela|81\/100|[from] item: Leftovers\n|-damage|p1a: Chansey|63\/100|[from] Leech Seed|[of] p2a: Celesteela\n|-heal|p2a: Celesteela|100\/100|[silent]\n|upkeep\n|turn|115\n|\n|t:|1649946231\n|switch|p2a: Sharpedo|Sharpedo-Mega, M|84\/100\n|move|p1a: Chansey|Soft-Boiled|p1a: Chansey\n|-heal|p1a: Chansey|100\/100\n|\n|-damage|p1a: Chansey|88\/100|[from] Leech Seed|[of] p2a: Sharpedo\n|-heal|p2a: Sharpedo|100\/100|[silent]\n|upkeep\n|turn|116\n|\n|t:|1649946239\n|switch|p1a: Tangrowth|Tangrowth, F|100\/100 tox\n|-damage|p1a: Tangrowth|88\/100 tox|[from] Stealth Rock\n|move|p2a: Sharpedo|Crunch|p1a: Tangrowth\n|-damage|p1a: Tangrowth|47\/100 tox\n|-damage|p2a: Sharpedo|84\/100|[from] item: Rocky Helmet|[of] p1a: Tangrowth\n|\n|-damage|p1a: Tangrowth|41\/100 tox|[from] psn\n|upkeep\n|turn|117\n|\n|t:|1649946251\n|switch|p1a: Pyukumuku|Pyukumuku, M|72\/100\n|-damage|p1a: Pyukumuku|60\/100|[from] Stealth Rock\n|move|p2a: Sharpedo|Protect||[still]\n|-fail|p2a: Sharpedo\n|\n|-heal|p1a: Pyukumuku|66\/100|[from] item: Leftovers\n|upkeep\n|turn|118\n|\n|t:|1649946253\n|switch|p2a: Ferrothorn|Ferrothorn, M|100\/100\n|move|p1a: Pyukumuku|Recover|p1a: Pyukumuku\n|-heal|p1a: Pyukumuku|100\/100\n|\n|upkeep\n|turn|119\n|\n|t:|1649946258\n|switch|p1a: Gliscor|Gliscor, M|79\/100 brn\n|-damage|p1a: Gliscor|67\/100 brn|[from] Stealth Rock\n|switch|p2a: Sharpedo|Sharpedo-Mega, M|84\/100\n|\n|-damage|p1a: Gliscor|60\/100 brn|[from] brn\n|upkeep\n|turn|120\n|\n|t:|1649946263\n|switch|p1a: Pyukumuku|Pyukumuku, M|100\/100\n|-damage|p1a: Pyukumuku|88\/100|[from] Stealth Rock\n|move|p2a: Sharpedo|Waterfall|p1a: Pyukumuku\n|-resisted|p1a: Pyukumuku\n|-crit|p1a: Pyukumuku\n|-damage|p1a: Pyukumuku|63\/100\n|\n|-heal|p1a: Pyukumuku|69\/100|[from] item: Leftovers\n|upkeep\n|turn|121\n|\n|t:|1649946268\n|switch|p2a: Tapu Lele|Tapu Lele|53\/100\n|-fieldstart|move: Psychic Terrain|[from] ability: Psychic Surge|[of] p2a: Tapu Lele\n|move|p1a: Pyukumuku|Block|p2a: Tapu Lele\n|-activate|p2a: Tapu Lele|trapped\n|\n|-heal|p1a: Pyukumuku|75\/100|[from] item: Leftovers\n|upkeep\n|turn|122\n|\n|t:|1649946274\n|switch|p1a: Mew|Mew|100\/100\n|-damage|p1a: Mew|88\/100|[from] Stealth Rock\n|move|p2a: Tapu Lele|Psychic|p1a: Mew\n|-resisted|p1a: Mew\n|-damage|p1a: Mew|57\/100\n|\n|-heal|p1a: Mew|63\/100|[from] item: Leftovers\n|upkeep\n|turn|123\n|\n|t:|1649946283\n|switch|p2a: Hippowdon|Hippowdon, M|51\/100 tox\n|-weather|Sandstorm|[from] ability: Sand Stream|[of] p2a: Hippowdon\n|move|p1a: Mew|Soft-Boiled|p1a: Mew\n|-heal|p1a: Mew|100\/100\n|\n|-weather|Sandstorm|[upkeep]\n|-damage|p1a: Mew|94\/100|[from] Sandstorm\n|-heal|p1a: Mew|100\/100|[from] item: Leftovers\n|-damage|p2a: Hippowdon|45\/100 tox|[from] psn\n|upkeep\n|turn|124\n|\n|t:|1649946289\n|move|p1a: Mew|Defog|p2a: Hippowdon\n|-unboost|p2a: Hippowdon|evasion|1\n|-sideend|p1: Cowsrule247|Stealth Rock|[from] move: Defog|[of] p1a: Mew\n|move|p2a: Hippowdon|Slack Off|p2a: Hippowdon\n|-heal|p2a: Hippowdon|95\/100 tox\n|\n|-weather|Sandstorm|[upkeep]\n|-damage|p1a: Mew|94\/100|[from] Sandstorm\n|-heal|p1a: Mew|100\/100|[from] item: Leftovers\n|-damage|p2a: Hippowdon|82\/100 tox|[from] psn\n|upkeep\n|turn|125\n|\n|t:|1649946298\n|switch|p1a: Pyukumuku|Pyukumuku, M|75\/100\n|move|p2a: Hippowdon|Stealth Rock|p1a: Pyukumuku\n|-sidestart|p1: Cowsrule247|move: Stealth Rock\n|\n|-weather|Sandstorm|[upkeep]\n|-damage|p1a: Pyukumuku|69\/100|[from] Sandstorm\n|-heal|p1a: Pyukumuku|75\/100|[from] item: Leftovers\n|-damage|p2a: Hippowdon|64\/100 tox|[from] psn\n|-fieldend|move: Psychic Terrain\n|upkeep\n|turn|126\n|\n|t:|1649946300\n|move|p2a: Hippowdon|Toxic|p1a: Pyukumuku\n|-status|p1a: Pyukumuku|tox\n|move|p1a: Pyukumuku|Block|p2a: Hippowdon\n|-activate|p2a: Hippowdon|trapped\n|\n|-weather|Sandstorm|[upkeep]\n|-damage|p1a: Pyukumuku|69\/100 tox|[from] Sandstorm\n|-heal|p1a: Pyukumuku|75\/100 tox|[from] item: Leftovers\n|-damage|p2a: Hippowdon|39\/100 tox|[from] psn\n|-damage|p1a: Pyukumuku|69\/100 tox|[from] psn\n|upkeep\n|turn|127\n|\n|t:|1649946305\n|move|p2a: Hippowdon|Slack Off|p2a: Hippowdon\n|-heal|p2a: Hippowdon|89\/100 tox\n|move|p1a: Pyukumuku|Rest|p1a: Pyukumuku\n|-status|p1a: Pyukumuku|slp|[from] move: Rest\n|-heal|p1a: Pyukumuku|100\/100 slp|[silent]\n|\n|-weather|none\n|-damage|p2a: Hippowdon|58\/100 tox|[from] psn\n|upkeep\n|turn|128\n|\n|t:|1649946310\n|move|p2a: Hippowdon|Earthquake|p1a: Pyukumuku\n|-crit|p1a: Pyukumuku\n|-damage|p1a: Pyukumuku|60\/100 slp\n|cant|p1a: Pyukumuku|slp\n|\n|-heal|p1a: Pyukumuku|66\/100 slp|[from] item: Leftovers\n|-damage|p2a: Hippowdon|21\/100 tox|[from] psn\n|upkeep\n|turn|129\n|\n|t:|1649946312\n|move|p2a: Hippowdon|Earthquake|p1a: Pyukumuku\n|-damage|p1a: Pyukumuku|42\/100 slp\n|cant|p1a: Pyukumuku|slp\n|\n|-heal|p1a: Pyukumuku|48\/100 slp|[from] item: Leftovers\n|-damage|p2a: Hippowdon|0 fnt|[from] psn\n|faint|p2a: Hippowdon\n|upkeep\n|\n|t:|1649946322\n|switch|p2a: Sharpedo|Sharpedo-Mega, M|84\/100\n|turn|130\n|\n|t:|1649946326\n|move|p2a: Sharpedo|Crunch|p1a: Pyukumuku\n|-damage|p1a: Pyukumuku|0 fnt\n|faint|p1a: Pyukumuku\n|\n|upkeep\n|\n|t:|1649946331\n|switch|p1a: Tangrowth|Tangrowth, F|74\/100 tox\n|-damage|p1a: Tangrowth|62\/100 tox|[from] Stealth Rock\n|turn|131\n|\n|t:|1649946335\n|move|p2a: Sharpedo|Protect|p2a: Sharpedo\n|-singleturn|p2a: Sharpedo|Protect\n|move|p1a: Tangrowth|Giga Drain|p2a: Sharpedo\n|-activate|p2a: Sharpedo|move: Protect\n|\n|-damage|p1a: Tangrowth|56\/100 tox|[from] psn\n|upkeep\n|turn|132\n|\n|t:|1649946340\n|switch|p2a: Ferrothorn|Ferrothorn, M|100\/100\n|move|p1a: Tangrowth|Giga Drain|p2a: Ferrothorn\n|-resisted|p2a: Ferrothorn\n|-damage|p2a: Ferrothorn|96\/100\n|-heal|p1a: Tangrowth|58\/100 tox|[from] drain|[of] p2a: Ferrothorn\n|\n|-damage|p1a: Tangrowth|45\/100 tox|[from] psn\n|upkeep\n|turn|133\n|\n|t:|1649946343\n|switch|p1a: Mew|Mew|100\/100\n|-damage|p1a: Mew|88\/100|[from] Stealth Rock\n|switch|p2a: Tapu Lele|Tapu Lele|53\/100\n|-fieldstart|move: Psychic Terrain|[from] ability: Psychic Surge|[of] p2a: Tapu Lele\n|\n|-heal|p1a: Mew|94\/100|[from] item: Leftovers\n|upkeep\n|turn|134\n|\n|t:|1649946350\n|move|p2a: Tapu Lele|Moonblast|p1a: Mew\n|-damage|p1a: Mew|55\/100\n|-unboost|p1a: Mew|spa|1\n|move|p1a: Mew|Defog|p2a: Tapu Lele\n|-unboost|p2a: Tapu Lele|evasion|1\n|-sideend|p1: Cowsrule247|Stealth Rock|[from] move: Defog|[of] p1a: Mew\n|\n|-heal|p1a: Mew|61\/100|[from] item: Leftovers\n|upkeep\n|turn|135\n|\n|t:|1649946359\n|switch|p2a: Ferrothorn|Ferrothorn, M|96\/100\n|move|p1a: Mew|Soft-Boiled|p1a: Mew\n|-heal|p1a: Mew|100\/100\n|\n|upkeep\n|turn|136\n|\n|t:|1649946363\n|move|p1a: Mew|Will-O-Wisp|p2a: Ferrothorn|[miss]\n|-miss|p1a: Mew|p2a: Ferrothorn\n|move|p2a: Ferrothorn|Leech Seed|p1a: Mew\n|-start|p1a: Mew|move: Leech Seed\n|\n|-damage|p1a: Mew|88\/100|[from] Leech Seed|[of] p2a: Ferrothorn\n|-heal|p2a: Ferrothorn|100\/100|[silent]\n|upkeep\n|turn|137\n|\n|t:|1649946371\n|move|p1a: Mew|Will-O-Wisp|p2a: Ferrothorn\n|-status|p2a: Ferrothorn|brn\n|move|p2a: Ferrothorn|Spikes|p1a: Mew\n|-sidestart|p1: Cowsrule247|Spikes\n|\n|-heal|p1a: Mew|94\/100|[from] item: Leftovers\n|-damage|p1a: Mew|82\/100|[from] Leech Seed|[of] p2a: Ferrothorn\n|-damage|p2a: Ferrothorn|94\/100 brn|[from] brn\n|-fieldend|move: Psychic Terrain\n|upkeep\n|turn|138\n|\n|t:|1649946380\n|switch|p1a: Gliscor|Gliscor, M|60\/100 brn\n|switch|p2a: Sharpedo|Sharpedo-Mega, M|84\/100\n|\n|-damage|p1a: Gliscor|54\/100 brn|[from] brn\n|upkeep\n|turn|139\n|\n|t:|1649946389\n|switch|p1a: Tangrowth|Tangrowth, F|78\/100 tox\n|-damage|p1a: Tangrowth|66\/100 tox|[from] Spikes\n|move|p2a: Sharpedo|Crunch|p1a: Tangrowth\n|-damage|p1a: Tangrowth|24\/100 tox\n|-damage|p2a: Sharpedo|68\/100|[from] item: Rocky Helmet|[of] p1a: Tangrowth\n|\n|-damage|p1a: Tangrowth|18\/100 tox|[from] psn\n|upkeep\n|turn|140\n|\n|t:|1649946399\n|switch|p1a: Gliscor|Gliscor, M|54\/100 brn\n|move|p2a: Sharpedo|Crunch|p1a: Gliscor\n|-damage|p1a: Gliscor|0 fnt\n|faint|p1a: Gliscor\n|\n|upkeep\n|\n|t:|1649946404\n|switch|p1a: Tangrowth|Tangrowth, F|51\/100 tox\n|-damage|p1a: Tangrowth|38\/100 tox|[from] Spikes\n|turn|141\n|\n|t:|1649946410\n|switch|p1a: Aggron|Aggron-Mega, F|100\/100\n|-damage|p1a: Aggron|88\/100|[from] Spikes\n|move|p2a: Sharpedo|Protect||[still]\n|-fail|p2a: Sharpedo\n|\n|upkeep\n|turn|142\n|\n|t:|1649946418\n|switch|p2a: Celesteela|Celesteela|100\/100\n|move|p1a: Aggron|Stealth Rock|p2a: Celesteela\n|-sidestart|p2: Jfsosa10|move: Stealth Rock\n|\n|upkeep\n|turn|143\n|\n|t:|1649946424\n|switch|p1a: Chansey|Chansey, F, shiny|88\/100\n|-damage|p1a: Chansey|76\/100|[from] Spikes\n|move|p2a: Celesteela|Leech Seed|p1a: Chansey\n|-start|p1a: Chansey|move: Leech Seed\n|\n|-damage|p1a: Chansey|63\/100|[from] Leech Seed|[of] p2a: Celesteela\n|upkeep\n|turn|144\n|\n|t:|1649946430\n|switch|p2a: Sharpedo|Sharpedo-Mega, M|68\/100\n|-damage|p2a: Sharpedo|55\/100|[from] Stealth Rock\n|move|p1a: Chansey|Heal Bell|p1a: Chansey\n|-activate|p1a: Chansey|move: Heal Bell\n|-curestatus|p1: Tangrowth|tox|[msg]\n|\n|-damage|p1a: Chansey|51\/100|[from] Leech Seed|[of] p2a: Sharpedo\n|-heal|p2a: Sharpedo|84\/100|[silent]\n|upkeep\n|turn|145\n|\n|t:|1649946449\n|switch|p1a: Aggron|Aggron-Mega, F|88\/100\n|-damage|p1a: Aggron|76\/100|[from] Spikes\n|move|p2a: Sharpedo|Crunch|p1a: Aggron\n|-damage|p1a: Aggron|43\/100\n|\n|upkeep\n|turn|146\n|\n|t:|1649946460\n|switch|p2a: Celesteela|Celesteela|100\/100\n|-damage|p2a: Celesteela|88\/100|[from] Stealth Rock\n|move|p1a: Aggron|Earthquake|p2a: Celesteela\n|-immune|p2a: Celesteela\n|\n|-heal|p2a: Celesteela|94\/100|[from] item: Leftovers\n|upkeep\n|turn|147\n|\n|t:|1649946465\n|switch|p1a: Chansey|Chansey, F, shiny|51\/100\n|-damage|p1a: Chansey|38\/100|[from] Spikes\n|move|p2a: Celesteela|Flamethrower|p1a: Chansey\n|-damage|p1a: Chansey|29\/100\n|\n|-heal|p2a: Celesteela|99\/100|[from] item: Leftovers\n|upkeep\n|turn|148\n|\n|t:|1649946467\n|move|p2a: Celesteela|Heavy Slam|p1a: Chansey\n|-damage|p1a: Chansey|0 fnt\n|faint|p1a: Chansey\n|-ability|p2a: Celesteela|Beast Boost|boost\n|-boost|p2a: Celesteela|def|1\n|\n|-heal|p2a: Celesteela|100\/100|[from] item: Leftovers\n|upkeep\n|\n|t:|1649946473\n|switch|p1a: Mew|Mew|82\/100\n|-damage|p1a: Mew|69\/100|[from] Spikes\n|turn|149\n|\n|t:|1649946477\n|switch|p2a: Ferrothorn|Ferrothorn, M|94\/100 brn\n|-damage|p2a: Ferrothorn|88\/100 brn|[from] Stealth Rock\n|move|p1a: Mew|Will-O-Wisp|p2a: Ferrothorn\n|-fail|p2a: Ferrothorn|brn\n|\n|-heal|p1a: Mew|76\/100|[from] item: Leftovers\n|-damage|p2a: Ferrothorn|82\/100 brn|[from] brn\n|upkeep\n|turn|150\n|\n|t:|1649946480\n|move|p1a: Mew|Defog|p2a: Ferrothorn\n|-unboost|p2a: Ferrothorn|evasion|1\n|-sideend|p2: Jfsosa10|Stealth Rock|[from] move: Defog|[of] p1a: Mew\n|-sideend|p1: Cowsrule247|Spikes|[from] move: Defog|[of] p1a: Mew\n|move|p2a: Ferrothorn|Leech Seed|p1a: Mew\n|-start|p1a: Mew|move: Leech Seed\n|\n|-heal|p1a: Mew|82\/100|[from] item: Leftovers\n|-damage|p1a: Mew|69\/100|[from] Leech Seed|[of] p2a: Ferrothorn\n|-heal|p2a: Ferrothorn|96\/100 brn|[silent]\n|-damage|p2a: Ferrothorn|90\/100 brn|[from] brn\n|upkeep\n|turn|151\n|\n|t:|1649946488\n|switch|p1a: Aggron|Aggron-Mega, F|43\/100\n|move|p2a: Ferrothorn|Spikes|p1a: Aggron\n|-sidestart|p1: Cowsrule247|Spikes\n|\n|-damage|p2a: Ferrothorn|83\/100 brn|[from] brn\n|upkeep\n|turn|152\n|\n|t:|1649946491\n|switch|p2a: Celesteela|Celesteela|100\/100\n|move|p1a: Aggron|Fire Punch|p2a: Celesteela\n|-supereffective|p2a: Celesteela\n|-damage|p2a: Celesteela|73\/100\n|-status|p2a: Celesteela|brn\n|\n|-heal|p2a: Celesteela|79\/100 brn|[from] item: Leftovers\n|-damage|p2a: Celesteela|73\/100 brn|[from] brn\n|upkeep\n|turn|153\n|\n|t:|1649946495\n|move|p2a: Celesteela|Flamethrower|p1a: Aggron\n|-supereffective|p1a: Aggron\n|-damage|p1a: Aggron|15\/100\n|move|p1a: Aggron|Fire Punch|p2a: Celesteela\n|-supereffective|p2a: Celesteela\n|-damage|p2a: Celesteela|46\/100 brn\n|\n|-heal|p2a: Celesteela|52\/100 brn|[from] item: Leftovers\n|-damage|p2a: Celesteela|46\/100 brn|[from] brn\n|upkeep\n|turn|154\n|\n|t:|1649946499\n|switch|p1a: Mew|Mew|69\/100\n|-damage|p1a: Mew|57\/100|[from] Spikes\n|move|p2a: Celesteela|Flamethrower|p1a: Mew\n|-damage|p1a: Mew|40\/100\n|-status|p1a: Mew|brn\n|-activate|p1a: Mew|ability: Synchronize\n|-fail|p2a: Celesteela|brn\n|\n|-heal|p1a: Mew|46\/100 brn|[from] item: Leftovers\n|-heal|p2a: Celesteela|52\/100 brn|[from] item: Leftovers\n|-damage|p1a: Mew|40\/100 brn|[from] brn\n|-damage|p2a: Celesteela|46\/100 brn|[from] brn\n|upkeep\n|turn|155\n|\n|t:|1649946503\n|switch|p2a: Ferrothorn|Ferrothorn, M|83\/100 brn\n|move|p1a: Mew|Soft-Boiled|p1a: Mew\n|-heal|p1a: Mew|90\/100 brn\n|\n|-heal|p1a: Mew|97\/100 brn|[from] item: Leftovers\n|-damage|p1a: Mew|90\/100 brn|[from] brn\n|-damage|p2a: Ferrothorn|77\/100 brn|[from] brn\n|upkeep\n|turn|156\n|\n|t:|1649946508\n|move|p1a: Mew|Defog|p2a: Ferrothorn\n|-unboost|p2a: Ferrothorn|evasion|1\n|-sideend|p1: Cowsrule247|Spikes|[from] move: Defog|[of] p1a: Mew\n|move|p2a: Ferrothorn|Leech Seed|p1a: Mew\n|-start|p1a: Mew|move: Leech Seed\n|\n|-heal|p1a: Mew|97\/100 brn|[from] item: Leftovers\n|-damage|p1a: Mew|84\/100 brn|[from] Leech Seed|[of] p2a: Ferrothorn\n|-heal|p2a: Ferrothorn|91\/100 brn|[silent]\n|-damage|p1a: Mew|78\/100 brn|[from] brn\n|-damage|p2a: Ferrothorn|85\/100 brn|[from] brn\n|upkeep\n|turn|157\n|\n|t:|1649946513\n|switch|p1a: Tangrowth|Tangrowth, F|72\/100\n|move|p2a: Ferrothorn|Spikes|p1a: Tangrowth\n|-sidestart|p1: Cowsrule247|Spikes\n|\n|-damage|p2a: Ferrothorn|79\/100 brn|[from] brn\n|upkeep\n|turn|158\n|inactive|Cowsrule247 has 120 seconds left.\n|inactive|Cowsrule247 has 90 seconds left.\n|l| Amy2603\n|\n|t:|1649946589\n|move|p1a: Tangrowth|Hidden Power|p2a: Ferrothorn\n|-damage|p2a: Ferrothorn|69\/100 brn\n|move|p2a: Ferrothorn|Knock Off|p1a: Tangrowth\n|-damage|p1a: Tangrowth|66\/100\n|-damage|p2a: Ferrothorn|52\/100 brn|[from] item: Rocky Helmet|[of] p1a: Tangrowth\n|-enditem|p1a: Tangrowth|Rocky Helmet|[from] move: Knock Off|[of] p2a: Ferrothorn\n|\n|-damage|p2a: Ferrothorn|46\/100 brn|[from] brn\n|upkeep\n|turn|159\n|\n|t:|1649946596\n|move|p1a: Tangrowth|Hidden Power|p2a: Ferrothorn\n|-damage|p2a: Ferrothorn|36\/100 brn\n|move|p2a: Ferrothorn|Spikes|p1a: Tangrowth\n|-sidestart|p1: Cowsrule247|Spikes\n|\n|-damage|p2a: Ferrothorn|30\/100 brn|[from] brn\n|upkeep\n|turn|160\n|\n|t:|1649946600\n|move|p1a: Tangrowth|Hidden Power|p2a: Ferrothorn\n|-damage|p2a: Ferrothorn|20\/100 brn\n|move|p2a: Ferrothorn|Spikes|p1a: Tangrowth\n|-sidestart|p1: Cowsrule247|Spikes\n|\n|-damage|p2a: Ferrothorn|14\/100 brn|[from] brn\n|upkeep\n|turn|161\n|\n|t:|1649946609\n|switch|p1a: Mew|Mew|78\/100 brn\n|-damage|p1a: Mew|53\/100 brn|[from] Spikes\n|move|p2a: Ferrothorn|Knock Off|p1a: Mew\n|-supereffective|p1a: Mew\n|-damage|p1a: Mew|38\/100 brn\n|-enditem|p1a: Mew|Leftovers|[from] move: Knock Off|[of] p2a: Ferrothorn\n|\n|-damage|p1a: Mew|32\/100 brn|[from] brn\n|-damage|p2a: Ferrothorn|8\/100 brn|[from] brn\n|upkeep\n|turn|162\n|\n|t:|1649946613\n|switch|p2a: Sharpedo|Sharpedo-Mega, M|84\/100\n|move|p1a: Mew|Soft-Boiled|p1a: Mew\n|-heal|p1a: Mew|82\/100 brn\n|\n|-damage|p1a: Mew|76\/100 brn|[from] brn\n|upkeep\n|turn|163\n|\n|t:|1649946618\n|switch|p1a: Tangrowth|Tangrowth, F|99\/100\n|-damage|p1a: Tangrowth|74\/100|[from] Spikes\n|move|p2a: Sharpedo|Crunch|p1a: Tangrowth\n|-damage|p1a: Tangrowth|32\/100\n|-unboost|p1a: Tangrowth|def|1\n|\n|upkeep\n|turn|164\n|c|\u2606Jfsosa10|Gg\n|\n|t:|1649946626\n|switch|p1a: Aggron|Aggron-Mega, F|15\/100\n|-damage|p1a: Aggron|0 fnt|[from] Spikes\n|faint|p1a: Aggron\n|move|p2a: Sharpedo|Crunch|p1: Aggron|[notarget]\n|-fail|p2a: Sharpedo\n|\n|upkeep\n|\n|t:|1649946633\n|switch|p1a: Tangrowth|Tangrowth, F|65\/100\n|-damage|p1a: Tangrowth|40\/100|[from] Spikes\n|turn|165\n|\n|t:|1649946635\n|switch|p2a: Ferrothorn|Ferrothorn, M|8\/100 brn\n|move|p1a: Tangrowth|Giga Drain|p2a: Ferrothorn\n|-resisted|p2a: Ferrothorn\n|-damage|p2a: Ferrothorn|3\/100 brn\n|-heal|p1a: Tangrowth|42\/100|[from] drain|[of] p2a: Ferrothorn\n|\n|-damage|p2a: Ferrothorn|0 fnt|[from] brn\n|faint|p2a: Ferrothorn\n|upkeep\n|\n|t:|1649946637\n|switch|p2a: Tapu Lele|Tapu Lele|53\/100\n|-fieldstart|move: Psychic Terrain|[from] ability: Psychic Surge|[of] p2a: Tapu Lele\n|turn|166\n|\n|t:|1649946642\n|switch|p1a: Mew|Mew|76\/100 brn\n|-damage|p1a: Mew|51\/100 brn|[from] Spikes\n|move|p2a: Tapu Lele|Moonblast|p1a: Mew\n|-damage|p1a: Mew|8\/100 brn\n|-unboost|p1a: Mew|spa|1\n|\n|-damage|p1a: Mew|2\/100 brn|[from] brn\n|upkeep\n|turn|167\n|\n|t:|1649946648\n|move|p2a: Tapu Lele|Moonblast|p1a: Mew\n|-damage|p1a: Mew|0 fnt\n|faint|p1a: Mew\n|\n|upkeep\n|\n|t:|1649946651\n|switch|p1a: Tangrowth|Tangrowth, F|75\/100\n|-damage|p1a: Tangrowth|50\/100|[from] Spikes\n|turn|168\n|\n|t:|1649946656\n|switch|p2a: Celesteela|Celesteela|46\/100 brn\n|move|p1a: Tangrowth|Giga Drain|p2a: Celesteela\n|-resisted|p2a: Celesteela\n|-damage|p2a: Celesteela|39\/100 brn\n|-heal|p1a: Tangrowth|54\/100|[from] drain|[of] p2a: Celesteela\n|\n|-heal|p2a: Celesteela|45\/100 brn|[from] item: Leftovers\n|-damage|p2a: Celesteela|39\/100 brn|[from] brn\n|upkeep\n|turn|169\n|\n|t:|1649946663\n|move|p2a: Celesteela|Flamethrower|p1a: Tangrowth\n|-supereffective|p1a: Tangrowth\n|-damage|p1a: Tangrowth|0 fnt\n|faint|p1a: Tangrowth\n|\n|win|Jfsosa10\n|raw|Cowsrule247's rating: 1499 &rarr; <strong>1488<\/strong><br \/>(-11 for losing)\n|raw|Jfsosa10's rating: 1666 &rarr; <strong>1677<\/strong><br \/>(+11 for winning)\n|l|\u203dCowsrule247\n","uploadtime":1649946670,"views":2,"p1id":"cowsrule247","p2id":"jfsosa10","formatid":"gen7ou","rating":1488,"private":0,"password":null}