{"id":"gen7ou-656160523","p1":"CVCXCXAZ","p2":"Q114","format":"gen7ou","log":"|j|CVCXCXAZ\n|j|Q114\n|player|p1|CVCXCXAZ|1\n|teamsize|p1|6\n|player|p2|Q114|169\n|teamsize|p2|6\n|gametype|singles\n|gen|7\n|tier|[Gen 7] OU\n|rated|\n|seed|39263,3101,32462,46325\n|rule|Sleep Clause Mod: Limit one foe put to sleep\n|rule|Species Clause: Limit one of each Pok\u00e9mon\n|rule|OHKO Clause: OHKO moves are banned\n|rule|Moody Clause: Moody is banned\n|rule|Evasion Moves Clause: Evasion moves are banned\n|rule|Endless Battle Clause: Forcing endless battles is banned\n|rule|HP Percentage Mod: HP is shown in percentages\n|clearpoke\n|poke|p1|Ditto|item\n|poke|p1|Tapu Lele|item\n|poke|p1|Victini|item\n|poke|p1|Diancie|item\n|poke|p1|Landorus-Therian, M|item\n|poke|p1|Chansey, F|item\n|poke|p2|Skarmory, F|item\n|poke|p2|Chansey, F|item\n|poke|p2|Magnezone|item\n|poke|p2|Toxapex, M|item\n|poke|p2|Clefable, M|item\n|poke|p2|Sableye, M|item\n|teampreview\n|j|Sapphire Saffron\n|choice|team 4, team 2, team 3, team 1, team 5, team 6|team 3, team 2, team 1, team 4, team 5, team 6\n|\n|start\n|switch|p1a: Diancie|Diancie|241\/241\n|switch|p2a: Magnezone|Magnezone|281\/281\n|turn|1\n|choice|move protect mega|move flashcannon\n|\n|detailschange|p1a: Diancie|Diancie-Mega\n|-mega|p1a: Diancie|Diancie|Diancite\n|move|p1a: Diancie|Protect|p1a: Diancie\n|-singleturn|p1a: Diancie|Protect\n|move|p2a: Magnezone|Flash Cannon|p1a: Diancie\n|-activate|p1a: Diancie|move: Protect\n|\n|upkeep\n|turn|2\n|choice|switch 3|move flashcannon\n|\n|switch|p1a: Victini|Victini|341\/341\n|move|p2a: Magnezone|Flash Cannon|p1a: Victini\n|-resisted|p1a: Victini\n|-damage|p1a: Victini|275\/341\n|\n|upkeep\n|turn|3\n|choice|move trick|switch 4\n|\n|switch|p2a: Toxapex|Toxapex, M|303\/303\n|move|p1a: Victini|Trick|p2a: Toxapex\n|-activate|p1a: Victini|move: Trick|[of] p2a: Toxapex\n|-item|p2a: Toxapex|Choice Scarf|[from] move: Trick\n|-item|p1a: Victini|Black Sludge|[from] move: Trick\n|\n|-damage|p1a: Victini|233\/341|[from] item: Black Sludge\n|upkeep\n|turn|4\n|choice|switch 3|move scald\n|\n|switch|p1a: Diancie|Diancie-Mega|241\/241\n|move|p2a: Toxapex|Scald|p1a: Diancie\n|-supereffective|p1a: Diancie\n|-crit|p1a: Diancie\n|-damage|p1a: Diancie|71\/241\n|\n|upkeep\n|turn|5\n|j|ZAXCXCVC\n|choice|move protect|move scald\n|\n|move|p1a: Diancie|Protect|p1a: Diancie\n|-singleturn|p1a: Diancie|Protect\n|move|p2a: Toxapex|Scald|p1a: Diancie\n|-activate|p1a: Diancie|move: Protect\n|\n|upkeep\n|turn|6\n|j|pkmn is esports\n|choice|switch 2|move scald\n|\n|switch|p1a: Tapu Lele|Tapu Lele|281\/281\n|-fieldstart|move: Psychic Terrain|[from] ability: Psychic Surge|[of] p1a: Tapu Lele\n|move|p2a: Toxapex|Scald|p1a: Tapu Lele\n|-damage|p1a: Tapu Lele|235\/281\n|-status|p1a: Tapu Lele|brn\n|\n|-damage|p1a: Tapu Lele|218\/281 brn|[from] brn\n|upkeep\n|turn|7\n|j|toxabelle\n|choice|move psyshock|switch 2\n|\n|switch|p2a: Chansey|Chansey, F|703\/703\n|move|p1a: Tapu Lele|Psyshock|p2a: Chansey\n|-damage|p2a: Chansey|366\/703\n|\n|-damage|p1a: Tapu Lele|201\/281 brn|[from] brn\n|upkeep\n|turn|8\n|choice|move psyshock|move softboiled\n|\n|move|p1a: Tapu Lele|Psyshock|p2a: Chansey\n|-damage|p2a: Chansey|0 fnt\n|faint|p2a: Chansey\n|\n|-damage|p1a: Tapu Lele|184\/281 brn|[from] brn\n|upkeep\n|choice||switch 6\n|\n|switch|p2a: Sableye|Sableye, M|303\/303\n|turn|9\n|choice|move moonblast|move protect mega\n|\n|detailschange|p2a: Sableye|Sableye-Mega, M\n|-mega|p2a: Sableye|Sableye|Sablenite\n|move|p2a: Sableye|Protect|p2a: Sableye\n|-singleturn|p2a: Sableye|Protect\n|move|p1a: Tapu Lele|Moonblast|p2a: Sableye\n|-activate|p2a: Sableye|move: Protect\n|\n|-damage|p1a: Tapu Lele|167\/281 brn|[from] brn\n|upkeep\n|turn|10\n|choice|move moonblast|switch 4\n|\n|switch|p2a: Magnezone|Magnezone|281\/281\n|move|p1a: Tapu Lele|Moonblast|p2a: Magnezone\n|-resisted|p2a: Magnezone\n|-damage|p2a: Magnezone|163\/281\n|\n|-damage|p1a: Tapu Lele|150\/281 brn|[from] brn\n|-fieldend|move: Psychic Terrain\n|upkeep\n|turn|11\n|choice|switch 4|move flashcannon\n|\n|switch|p1a: Ditto|Ditto|300\/300\n|-transform|p1a: Ditto|p2a: Magnezone|[from] ability: Imposter\n|move|p2a: Magnezone|Flash Cannon|p1a: Ditto\n|-resisted|p1a: Ditto\n|-crit|p1a: Ditto\n|-damage|p1a: Ditto|244\/300\n|-unboost|p1a: Ditto|spd|1\n|\n|upkeep\n|turn|12\n|j|Ya-mash\n|choice|move thunderbolt|move flashcannon\n|\n|move|p2a: Magnezone|Flash Cannon|p1a: Ditto\n|-resisted|p1a: Ditto\n|-damage|p1a: Ditto|185\/300\n|move|p1a: Ditto|Thunderbolt|p2a: Magnezone\n|-resisted|p2a: Magnezone\n|-damage|p2a: Magnezone|70\/281\n|\n|upkeep\n|turn|13\n|choice|move thunderbolt|move flashcannon\n|\n|move|p1a: Ditto|Thunderbolt|p2a: Magnezone\n|-resisted|p2a: Magnezone\n|-damage|p2a: Magnezone|0 fnt\n|faint|p2a: Magnezone\n|\n|upkeep\n|choice||switch 2\n|\n|switch|p2a: Toxapex|Toxapex, M|303\/303\n|turn|14\n|choice|switch 2|move toxicspikes\n|\n|switch|p1a: Diancie|Diancie-Mega|71\/241\n|move|p2a: Toxapex|Toxic Spikes|p1a: Diancie\n|move|p1a: Diancie|Toxic Spikes|p2a: Toxapex|[from]Magic Bounce\n|-sidestart|p2: Q114|move: Toxic Spikes\n|\n|upkeep\n|turn|15\n|choice|move diamondstorm|switch 3\n|\n|switch|p2a: Skarmory|Skarmory, F|333\/333\n|move|p1a: Diancie|Diamond Storm|p2a: Skarmory\n|-damage|p2a: Skarmory|227\/333\n|-boost|p1a: Diancie|def|2\n|\n|upkeep\n|turn|16\n|choice|move hiddenpower|move roost\n|\n|move|p1a: Diancie|Hidden Power|p2a: Skarmory\n|-supereffective|p2a: Skarmory\n|-damage|p2a: Skarmory|17\/333\n|move|p2a: Skarmory|Roost|p2a: Skarmory\n|-heal|p2a: Skarmory|184\/333\n|\n|upkeep\n|turn|17\n|choice|move hiddenpower|switch 3\n|\n|switch|p2a: Toxapex|Toxapex, M|303\/303\n|-sideend|p2: Q114|move: Toxic Spikes|[of] p2a: Toxapex\n|move|p1a: Diancie|Hidden Power|p2a: Toxapex\n|-resisted|p2a: Toxapex\n|-damage|p2a: Toxapex|276\/303\n|\n|upkeep\n|turn|18\n|choice|move protect|move scald\n|\n|move|p1a: Diancie|Protect|p1a: Diancie\n|-singleturn|p1a: Diancie|Protect\n|move|p2a: Toxapex|Scald|p1a: Diancie\n|-activate|p1a: Diancie|move: Protect\n|\n|upkeep\n|turn|19\n|choice|switch 4|switch 3\n|\n|switch|p1a: Tapu Lele|Tapu Lele|150\/281 brn\n|-fieldstart|move: Psychic Terrain|[from] ability: Psychic Surge|[of] p1a: Tapu Lele\n|switch|p2a: Skarmory|Skarmory, F|184\/333\n|\n|-damage|p1a: Tapu Lele|133\/281 brn|[from] brn\n|upkeep\n|turn|20\n|choice|move thunderbolt|move roost\n|\n|move|p1a: Tapu Lele|Thunderbolt|p2a: Skarmory\n|-supereffective|p2a: Skarmory\n|-damage|p2a: Skarmory|0 fnt\n|faint|p2a: Skarmory\n|\n|-damage|p1a: Tapu Lele|116\/281 brn|[from] brn\n|upkeep\n|choice||switch 4\n|\n|switch|p2a: Sableye|Sableye-Mega, M|303\/303\n|turn|21\n|choice|move moonblast|move protect\n|\n|move|p2a: Sableye|Protect|p2a: Sableye\n|-singleturn|p2a: Sableye|Protect\n|move|p1a: Tapu Lele|Moonblast|p2a: Sableye\n|-activate|p2a: Sableye|move: Protect\n|\n|-damage|p1a: Tapu Lele|99\/281 brn|[from] brn\n|upkeep\n|turn|22\n|choice|move moonblast|switch 3\n|\n|switch|p2a: Toxapex|Toxapex, M|303\/303\n|move|p1a: Tapu Lele|Moonblast|p2a: Toxapex\n|-resisted|p2a: Toxapex\n|-damage|p2a: Toxapex|227\/303\n|\n|-damage|p1a: Tapu Lele|82\/281 brn|[from] brn\n|upkeep\n|turn|23\n|choice|move psyshock|move toxicspikes\n|\n|move|p1a: Tapu Lele|Psyshock|p2a: Toxapex\n|-supereffective|p2a: Toxapex\n|-damage|p2a: Toxapex|0 fnt\n|faint|p2a: Toxapex\n|\n|-damage|p1a: Tapu Lele|65\/281 brn|[from] brn\n|-fieldend|move: Psychic Terrain\n|upkeep\n|inactive|Battle timer is ON: inactive players will automatically lose when time's up. (requested by CVCXCXAZ)\n|l|Ya-mash\n|inactive|Q114 has 135 seconds left.\n|inactive|Q114 has 120 seconds left.\n|inactive|Q114 has 105 seconds left.\n|inactive|Q114 has 90 seconds left.\n|inactive|Q114 has 75 seconds left.\n|inactive|Q114 has 60 seconds left.\n|inactive|Q114 has 45 seconds left.\n|inactive|Q114 has 30 seconds left.\n|inactive|Q114 has 20 seconds left.\n|inactive|Q114 has 15 seconds left.\n|inactive|Q114 has 10 seconds left.\n|inactive|Q114 has 5 seconds left.\n|-message|Q114 lost due to inactivity.\n|\n|win|CVCXCXAZ\n|raw|CVCXCXAZ's rating: 2016 &rarr; <strong>2029<\/strong><br \/>(+13 for winning)\n|raw|Q114's rating: 1888 &rarr; <strong>1875<\/strong><br \/>(-13 for losing)\n|l|CVCXCXAZ\n|l|Sapphire Saffron\n|l|pkmn is esports","inputlog":null,"uploadtime":1510068994,"views":186,"p1id":"cvcxcxaz","p2id":"q114","formatid":"gen7ou","rating":1875,"private":0,"password":null}