{"id":"gen7oususpecttest-626691150","p1":"pleasesuspectninja","p2":"I'm back from Mars","format":"gen7oususpecttest","log":"|j|pleasesuspectninja\n|j|I'm back from Mars\n|player|p1|pleasesuspectninja|150\n|teamsize|p1|6\n|player|p2|I'm back from Mars|128\n|teamsize|p2|6\n|gametype|singles\n|gen|7\n|tier|[Gen 7] OU (suspect test)\n|rated\n|seed|41832,32820,58527,8705\n|rule|Sleep Clause Mod: Limit one foe put to sleep\n|rule|Species Clause: Limit one of each Pok\u00e9mon\n|rule|OHKO Clause: OHKO moves are banned\n|rule|Moody Clause: Moody is banned\n|rule|Evasion Moves Clause: Evasion moves are banned\n|rule|Endless Battle Clause: Forcing endless battles is banned\n|rule|HP Percentage Mod: HP is shown in percentages\n|clearpoke\n|poke|p1|Latios, M|item\n|poke|p1|Landorus-Therian, M|item\n|poke|p1|Greninja, M|item\n|poke|p1|Magearna|item\n|poke|p1|Tyranitar, M|item\n|poke|p1|Tapu Koko|item\n|poke|p2|Camerupt, F|item\n|poke|p2|Landorus-Therian, M|item\n|poke|p2|Tapu Koko|item\n|poke|p2|Clefable, F|item\n|poke|p2|Mantine, F, shiny|item\n|poke|p2|Jirachi|item\n|teampreview\n|j|maketargreatagain\n|inactive|Battle timer is ON: inactive players will automatically lose when time's up. (requested by pleasesuspectninja)\n|choice|team 3, team 2, team 1, team 4, team 5, team 6|team 2, team 1, team 3, team 4, team 5, team 6\n|\n|start\n|switch|p1a: Greninja|Greninja, M|285\/285\n|switch|p2a: Landorus|Landorus-Therian, M|319\/319\n|-ability|p2a: Landorus|Intimidate|boost\n|-unboost|p1a: Greninja|atk|1\n|turn|1\n|choice|switch 2|move uturn\n|\n|switch|p1a: Landorus|Landorus-Therian, M|382\/382\n|-ability|p1a: Landorus|Intimidate|boost\n|-unboost|p2a: Landorus|atk|1\n|move|p2a: Landorus|U-turn|p1a: Landorus\n|-resisted|p1a: Landorus\n|-damage|p1a: Landorus|360\/382\n|choice||switch 4\n|\n|switch|p2a: Clefable|Clefable, F|394\/394\n|\n|-heal|p1a: Landorus|382\/382|[from] item: Leftovers\n|upkeep\n|turn|2\n|choice|move stealthrock|move stealthrock\n|\n|move|p1a: Landorus|Stealth Rock|p2a: Clefable\n|-sidestart|p2: I'm back from Mars|move: Stealth Rock\n|move|p2a: Clefable|Stealth Rock|p1a: Landorus\n|-sidestart|p1: pleasesuspectninja|move: Stealth Rock\n|\n|upkeep\n|turn|3\n|choice|move uturn|move moonblast\n|\n|move|p1a: Landorus|U-turn|p2a: Clefable\n|-resisted|p2a: Clefable\n|-damage|p2a: Clefable|361\/394\n|choice|switch 6|\n|\n|switch|p1a: Tapu Koko|Tapu Koko|281\/281\n|-damage|p1a: Tapu Koko|246\/281|[from] Stealth Rock\n|-fieldstart|move: Electric Terrain|[from] ability: Electric Surge|[of] p1a: Tapu Koko\n|move|p2a: Clefable|Moonblast|p1a: Tapu Koko\n|-damage|p1a: Tapu Koko|114\/281\n|\n|-heal|p2a: Clefable|385\/394|[from] item: Leftovers\n|upkeep\n|turn|4\n|choice|move roost|switch 4\n|\n|switch|p2a: Landorus|Landorus-Therian, M|319\/319\n|-damage|p2a: Landorus|280\/319|[from] Stealth Rock\n|-ability|p2a: Landorus|Intimidate|boost\n|-unboost|p1a: Tapu Koko|atk|1\n|move|p1a: Tapu Koko|Roost|p1a: Tapu Koko\n|-heal|p1a: Tapu Koko|255\/281\n|\n|upkeep\n|turn|5\n|choice|switch 6|move uturn\n|\n|switch|p1a: Landorus|Landorus-Therian, M|382\/382\n|-damage|p1a: Landorus|335\/382|[from] Stealth Rock\n|-ability|p1a: Landorus|Intimidate|boost\n|-unboost|p2a: Landorus|atk|1\n|move|p2a: Landorus|U-turn|p1a: Landorus\n|-resisted|p1a: Landorus\n|-damage|p1a: Landorus|312\/382\n|choice||switch 4\n|\n|switch|p2a: Clefable|Clefable, F|385\/394\n|\n|-heal|p1a: Landorus|335\/382|[from] item: Leftovers\n|-heal|p2a: Clefable|394\/394|[from] item: Leftovers\n|upkeep\n|turn|6\n|choice|move earthquake|move calmmind\n|\n|move|p1a: Landorus|Earthquake|p2a: Clefable\n|-damage|p2a: Clefable|256\/394\n|move|p2a: Clefable|Calm Mind|p2a: Clefable\n|-boost|p2a: Clefable|spa|1\n|-boost|p2a: Clefable|spd|1\n|\n|-heal|p1a: Landorus|358\/382|[from] item: Leftovers\n|-heal|p2a: Clefable|280\/394|[from] item: Leftovers\n|upkeep\n|turn|7\n|choice|move uturn|move moonblast\n|\n|move|p1a: Landorus|U-turn|p2a: Clefable\n|-resisted|p2a: Clefable\n|-damage|p2a: Clefable|245\/394\n|choice|switch 3|\n|\n|switch|p1a: Latios|Latios, M|301\/301\n|-damage|p1a: Latios|264\/301|[from] Stealth Rock\n|move|p2a: Clefable|Moonblast|p1a: Latios\n|-supereffective|p1a: Latios\n|-damage|p1a: Latios|0 fnt\n|faint|p1a: Latios\n|\n|-heal|p2a: Clefable|269\/394|[from] item: Leftovers\n|-fieldend|move: Electric Terrain\n|upkeep\n|choice|switch 6|\n|\n|switch|p1a: Tapu Koko|Tapu Koko|255\/281\n|-damage|p1a: Tapu Koko|220\/281|[from] Stealth Rock\n|-fieldstart|move: Electric Terrain|[from] ability: Electric Surge|[of] p1a: Tapu Koko\n|turn|8\n|choice|move uturn|switch 2\n|\n|switch|p2a: Camerupt|Camerupt, F|317\/317\n|-damage|p2a: Camerupt|278\/317|[from] Stealth Rock\n|move|p1a: Tapu Koko|U-turn|p2a: Camerupt\n|-resisted|p2a: Camerupt\n|-damage|p2a: Camerupt|223\/317\n|choice|switch 3|\n|\n|switch|p1a: Landorus|Landorus-Therian, M|358\/382\n|-damage|p1a: Landorus|311\/382|[from] Stealth Rock\n|-ability|p1a: Landorus|Intimidate|boost\n|-unboost|p2a: Camerupt|atk|1\n|\n|-heal|p1a: Landorus|334\/382|[from] item: Leftovers\n|upkeep\n|turn|9\n|choice|move uturn|switch 4\n|\n|switch|p2a: Landorus|Landorus-Therian, M|280\/319\n|-damage|p2a: Landorus|241\/319|[from] Stealth Rock\n|-ability|p2a: Landorus|Intimidate|boost\n|-unboost|p1a: Landorus|atk|1\n|move|p1a: Landorus|U-turn|p2a: Landorus\n|-resisted|p2a: Landorus\n|-damage|p2a: Landorus|216\/319\n|choice|switch 2|\n|\n|switch|p1a: Greninja|Greninja, M|285\/285\n|-damage|p1a: Greninja|250\/285|[from] Stealth Rock\n|\n|upkeep\n|turn|10\n|choice|move spikes|move explosion\n|\n|move|p2a: Landorus|Explosion|p1a: Greninja\n|-damage|p1a: Greninja|0 fnt\n|faint|p2a: Landorus\n|faint|p1a: Greninja\n|\n|upkeep\n|choice|switch 5|switch 3\n|\n|switch|p2a: Tapu Koko|Tapu Koko|281\/281\n|switch|p1a: Tyranitar|Tyranitar, M|341\/341\n|-damage|p2a: Tapu Koko|246\/281|[from] Stealth Rock\n|-damage|p1a: Tyranitar|299\/341|[from] Stealth Rock\n|-weather|Sandstorm|[from] ability: Sand Stream|[of] p1a: Tyranitar\n|turn|11\n|choice|move dragondance mega|move wildcharge zmove\n|\n|detailschange|p1a: Tyranitar|Tyranitar-Mega, M\n|-mega|p1a: Tyranitar|Tyranitar|Tyranitarite\n|-zpower|p2a: Tapu Koko\n|move|p2a: Tapu Koko|Gigavolt Havoc|p1a: Tyranitar|[zeffect]\n|-damage|p1a: Tyranitar|0 fnt\n|faint|p1a: Tyranitar\n|\n|-weather|Sandstorm|[upkeep]\n|-damage|p2a: Tapu Koko|229\/281|[from] sandstorm\n|upkeep\n|choice|switch 4|\n|\n|switch|p1a: Magearna|Magearna|358\/358\n|-damage|p1a: Magearna|336\/358|[from] Stealth Rock\n|turn|12\n|choice|move fleurcannon|move uturn\n|\n|move|p2a: Tapu Koko|U-turn|p1a: Magearna\n|-resisted|p1a: Magearna\n|-damage|p1a: Magearna|321\/358\n|choice||switch 4\n|\n|switch|p2a: Camerupt|Camerupt, F|223\/317\n|-damage|p2a: Camerupt|184\/317|[from] Stealth Rock\n|move|p1a: Magearna|Fleur Cannon|p2a: Camerupt|[miss]\n|-miss|p1a: Magearna|p2a: Camerupt\n|\n|-weather|Sandstorm|[upkeep]\n|-fieldend|move: Electric Terrain\n|upkeep\n|turn|13\n|choice|switch 2|move fireblast mega\n|\n|switch|p1a: Landorus|Landorus-Therian, M|334\/382\n|-damage|p1a: Landorus|287\/382|[from] Stealth Rock\n|-ability|p1a: Landorus|Intimidate|boost\n|-unboost|p2a: Camerupt|atk|1\n|detailschange|p2a: Camerupt|Camerupt-Mega, F\n|-mega|p2a: Camerupt|Camerupt|Cameruptite\n|move|p2a: Camerupt|Fire Blast|p1a: Landorus\n|-damage|p1a: Landorus|0 fnt\n|faint|p1a: Landorus\n|\n|-weather|Sandstorm|[upkeep]\n|upkeep\n|choice|switch 2|\n|\n|switch|p1a: Magearna|Magearna|321\/358\n|-damage|p1a: Magearna|299\/358|[from] Stealth Rock\n|turn|14\n|choice|move fleurcannon|move earthpower\n|\n|move|p1a: Magearna|Fleur Cannon|p2a: Camerupt\n|-resisted|p2a: Camerupt\n|-crit|p2a: Camerupt\n|-damage|p2a: Camerupt|57\/317\n|-unboost|p1a: Magearna|spa|2\n|move|p2a: Camerupt|Earth Power|p1a: Magearna\n|-supereffective|p1a: Magearna\n|-damage|p1a: Magearna|83\/358\n|\n|-weather|Sandstorm|[upkeep]\n|upkeep\n|turn|15\n|choice|move fleurcannon|move earthpower\n|\n|move|p1a: Magearna|Fleur Cannon|p2a: Camerupt\n|-resisted|p2a: Camerupt\n|-damage|p2a: Camerupt|14\/317\n|-unboost|p1a: Magearna|spa|2\n|move|p2a: Camerupt|Earth Power|p1a: Magearna\n|-supereffective|p1a: Magearna\n|-damage|p1a: Magearna|0 fnt\n|faint|p1a: Magearna\n|\n|-weather|none\n|upkeep\n|choice|switch 3|\n|\n|switch|p1a: Tapu Koko|Tapu Koko|220\/281\n|-damage|p1a: Tapu Koko|185\/281|[from] Stealth Rock\n|-fieldstart|move: Electric Terrain|[from] ability: Electric Surge|[of] p1a: Tapu Koko\n|turn|16\n|choice|move hiddenpower|move earthpower\n|\n|move|p1a: Tapu Koko|Hidden Power|p2a: Camerupt\n|-damage|p2a: Camerupt|0 fnt\n|faint|p2a: Camerupt\n|\n|upkeep\n|choice||switch 4\n|\n|switch|p2a: Tapu Koko|Tapu Koko|229\/281\n|-damage|p2a: Tapu Koko|194\/281|[from] Stealth Rock\n|turn|17\n|choice|move roost|move wildcharge\n|\n|move|p1a: Tapu Koko|Roost|p1a: Tapu Koko\n|-heal|p1a: Tapu Koko|281\/281\n|move|p2a: Tapu Koko|Wild Charge|p1a: Tapu Koko\n|-resisted|p1a: Tapu Koko\n|-damage|p1a: Tapu Koko|161\/281\n|-damage|p2a: Tapu Koko|164\/281|[from] Recoil|[of] p1a: Tapu Koko\n|\n|upkeep\n|turn|18\n|choice|move roost|move wildcharge\n|\n|move|p1a: Tapu Koko|Roost|p1a: Tapu Koko\n|-heal|p1a: Tapu Koko|281\/281\n|move|p2a: Tapu Koko|Wild Charge|p1a: Tapu Koko\n|-resisted|p1a: Tapu Koko\n|-damage|p1a: Tapu Koko|145\/281\n|-damage|p2a: Tapu Koko|130\/281|[from] Recoil|[of] p1a: Tapu Koko\n|\n|upkeep\n|turn|19\n|choice|move wildcharge|move wildcharge\n|\n|move|p1a: Tapu Koko|Wild Charge|p2a: Tapu Koko\n|-resisted|p2a: Tapu Koko\n|-damage|p2a: Tapu Koko|7\/281\n|-damage|p1a: Tapu Koko|114\/281|[from] Recoil|[of] p2a: Tapu Koko\n|move|p2a: Tapu Koko|Wild Charge|p1a: Tapu Koko\n|-resisted|p1a: Tapu Koko\n|-damage|p1a: Tapu Koko|0 fnt\n|-damage|p2a: Tapu Koko|0 fnt|[from] Recoil|[of] p1a: Tapu Koko\n|faint|p1a: Tapu Koko\n|faint|p2a: Tapu Koko\n|\n|win|I'm back from Mars\n|l|pleasesuspectninja\n|raw|pleasesuspectninja's rating: 1133 &rarr; <strong>1108<\/strong><br \/>(-25 for losing)\n|raw|I&apos;m back from Mars's rating: 1129 &rarr; <strong>1155<\/strong><br \/>(+26 for winning)","inputlog":null,"uploadtime":1504480383,"views":3,"p1id":"pleasesuspectninja","p2id":"imbackfrommars","formatid":"gen7oususpecttest","rating":1108,"private":0,"password":null}