{"id":"gen7ou-1171050005","p1":"Shardul888","p2":"vhkv","format":"gen7ou","log":"|j|\u2606Shardul888\n|j|\u2606vhkv\n|t:|1597765544\n|player|p1|Shardul888|palmer|1656\n|player|p2|vhkv|steven|1639\n|teamsize|p1|6\n|teamsize|p2|6\n|gametype|singles\n|gen|7\n|tier|[Gen 7] OU\n|rated|\n|clearpoke\n|poke|p1|Venusaur, F|item\n|poke|p1|Dragonite, M|item\n|poke|p1|Magearna|item\n|poke|p1|Toxapex, F|item\n|poke|p1|Gliscor, M|item\n|poke|p1|Entei|item\n|poke|p2|Tapu Koko|item\n|poke|p2|Ferrothorn, M|item\n|poke|p2|Landorus-Therian, M|item\n|poke|p2|Chansey, F|item\n|poke|p2|Tapu Lele|item\n|poke|p2|Medicham, M|item\n|rule|Sleep Clause Mod: Limit one foe put to sleep\n|rule|Species Clause: Limit one of each Pok\u00e9mon\n|rule|OHKO Clause: OHKO moves are banned\n|rule|Moody Clause: Moody is banned\n|rule|Evasion Moves Clause: Evasion moves are banned\n|rule|Endless Battle Clause: Forcing endless battles is banned\n|rule|HP Percentage Mod: HP is shown in percentages\n|teampreview\n|inactive|Battle timer is ON: inactive players will automatically lose when time's up. (requested by Shardul888)\n|\n|t:|1597765553\n|start\n|switch|p1a: Wonder Woman|Magearna|100\/100\n|switch|p2a: balak switch|Tapu Lele|100\/100\n|-fieldstart|move: Psychic Terrain|[from] ability: Psychic Surge|[of] p2a: balak switch\n|turn|1\n|\n|t:|1597765569\n|move|p2a: balak switch|Psychic|p1a: Wonder Woman\n|-resisted|p1a: Wonder Woman\n|-damage|p1a: Wonder Woman|63\/100\n|move|p1a: Wonder Woman|Flash Cannon|p2a: balak switch\n|-supereffective|p2a: balak switch\n|-damage|p2a: balak switch|19\/100\n|\n|upkeep\n|turn|2\n|\n|t:|1597765577\n|switch|p2a: cancer|Chansey, F|100\/100\n|move|p1a: Wonder Woman|Flash Cannon|p2a: cancer\n|-damage|p2a: cancer|88\/100\n|\n|upkeep\n|turn|3\n|\n|t:|1597765588\n|switch|p1a: Captain America|Venusaur, F|100\/100\n|move|p2a: cancer|Seismic Toss|p1a: Captain America\n|-damage|p1a: Captain America|71\/100\n|\n|upkeep\n|turn|4\n|\n|t:|1597765598\n|switch|p2a: .......bonjour|Medicham, M|100\/100\n|detailschange|p1a: Captain America|Venusaur-Mega, F\n|-mega|p1a: Captain America|Venusaur|Venusaurite\n|move|p1a: Captain America|Leech Seed|p2a: .......bonjour\n|-start|p2a: .......bonjour|move: Leech Seed\n|\n|-damage|p2a: .......bonjour|88\/100|[from] Leech Seed|[of] p1a: Captain America\n|-heal|p1a: Captain America|80\/100|[silent]\n|upkeep\n|turn|5\n|\n|t:|1597765609\n|switch|p1a: Wonder Woman|Magearna|63\/100\n|detailschange|p2a: .......bonjour|Medicham-Mega, M\n|-mega|p2a: .......bonjour|Medicham|Medichamite\n|move|p2a: .......bonjour|Zen Headbutt|p1a: Wonder Woman\n|-resisted|p1a: Wonder Woman\n|-damage|p1a: Wonder Woman|23\/100\n|-enditem|p1a: Wonder Woman|Aguav Berry|[eat]\n|-heal|p1a: Wonder Woman|72\/100|[from] item: Aguav Berry\n|\n|-damage|p2a: .......bonjour|76\/100|[from] Leech Seed|[of] p1a: Wonder Woman\n|-heal|p1a: Wonder Woman|82\/100|[silent]\n|-fieldend|move: Psychic Terrain\n|upkeep\n|turn|6\n|\n|t:|1597765621\n|move|p2a: .......bonjour|High Jump Kick|p1a: Wonder Woman\n|-crit|p1a: Wonder Woman\n|-damage|p1a: Wonder Woman|0 fnt\n|faint|p1a: Wonder Woman\n|\n|upkeep\n|\n|t:|1597765629\n|switch|p1a: Black Widow|Toxapex, F, shiny|100\/100\n|turn|7\n|\n|t:|1597765633\n|switch|p2a: balak switch|Tapu Lele|19\/100\n|-fieldstart|move: Psychic Terrain|[from] ability: Psychic Surge|[of] p2a: balak switch\n|move|p1a: Black Widow|Baneful Bunker||[still]\n|-fail|p1a: Black Widow\n|\n|upkeep\n|turn|8\n|\n|t:|1597765640\n|move|p1a: Black Widow|Baneful Bunker|p1a: Black Widow\n|-singleturn|p1a: Black Widow|move: Protect\n|move|p2a: balak switch|Psychic|p1a: Black Widow\n|-activate|p1a: Black Widow|move: Protect\n|\n|upkeep\n|turn|9\n|j| liziqian\n|\n|t:|1597765666\n|switch|p1a: Thor|Entei, shiny|100\/100\n|-ability|p1a: Thor|Pressure\n|move|p2a: balak switch|Psychic|p1a: Thor\n|-damage|p1a: Thor|20\/100\n|\n|upkeep\n|turn|10\n|\n|t:|1597765681\n|switch|p2a: pas d idee|Landorus-Therian, M|100\/100\n|-ability|p2a: pas d idee|Intimidate|boost\n|-unboost|p1a: Thor|atk|1\n|move|p1a: Thor|Sacred Fire|p2a: pas d idee\n|-damage|p2a: pas d idee|75\/100\n|-status|p2a: pas d idee|brn\n|\n|-damage|p2a: pas d idee|69\/100 brn|[from] brn\n|upkeep\n|turn|11\n|\n|t:|1597765692\n|switch|p1a: Spiderman|Gliscor, M|100\/100\n|move|p2a: pas d idee|Stealth Rock|p1a: Spiderman\n|-sidestart|p1: Shardul888|move: Stealth Rock\n|\n|-damage|p2a: pas d idee|63\/100 brn|[from] brn\n|-fieldend|move: Psychic Terrain\n|-status|p1a: Spiderman|tox|[from] item: Toxic Orb\n|upkeep\n|turn|12\n|\n|t:|1597765701\n|switch|p2a: .......bonjour|Medicham-Mega, M|76\/100\n|move|p1a: Spiderman|Defog|p2a: .......bonjour\n|-unboost|p2a: .......bonjour|evasion|1\n|-sideend|p1: Shardul888|Stealth Rock|[from] move: Defog|[of] p1a: Spiderman\n|\n|upkeep\n|turn|13\n|\n|t:|1597765714\n|switch|p1a: Thor|Entei, shiny|20\/100\n|-ability|p1a: Thor|Pressure\n|move|p2a: .......bonjour|Zen Headbutt|p1a: Thor\n|-damage|p1a: Thor|0 fnt\n|faint|p1a: Thor\n|\n|upkeep\n|\n|t:|1597765724\n|switch|p1a: Superman|Dragonite, M|100\/100\n|turn|14\n|\n|t:|1597765729\n|move|p2a: .......bonjour|Ice Punch|p1a: Superman\n|-supereffective|p1a: Superman\n|-damage|p1a: Superman|18\/100\n|move|p1a: Superman|Earthquake|p2a: .......bonjour\n|-damage|p2a: .......bonjour|15\/100\n|\n|upkeep\n|turn|15\n|\n|t:|1597765736\n|move|p1a: Superman|Extreme Speed|p2a: .......bonjour\n|-damage|p2a: .......bonjour|0 fnt\n|faint|p2a: .......bonjour\n|\n|upkeep\n|\n|t:|1597765747\n|switch|p2a: balak switch|Tapu Lele|19\/100\n|-fieldstart|move: Psychic Terrain|[from] ability: Psychic Surge|[of] p2a: balak switch\n|turn|16\n|\n|t:|1597765757\n|switch|p1a: Black Widow|Toxapex, F, shiny|100\/100\n|move|p2a: balak switch|Psychic|p1a: Black Widow\n|-supereffective|p1a: Black Widow\n|-damage|p1a: Black Widow|0 fnt\n|faint|p1a: Black Widow\n|\n|upkeep\n|\n|t:|1597765764\n|switch|p1a: Spiderman|Gliscor, M|100\/100 tox\n|turn|17\n|\n|t:|1597765767\n|move|p2a: balak switch|Psychic|p1a: Spiderman\n|-damage|p1a: Spiderman|0 fnt\n|faint|p1a: Spiderman\n|\n|upkeep\n|-message|Shardul888 forfeited.\n|\n|win|vhkv\n|l|\u2606Shardul888\n|c|\u2606vhkv|GG\n|l| liziqian\n","uploadtime":1597765781,"views":20,"p1id":"shardul888","p2id":"vhkv","formatid":"gen7ou","rating":0,"private":0,"password":null}