{"id":"gen7ou-753625545","p1":"Diathermic","p2":"Ohmboy Tesla","format":"gen7ou","log":"|j|\u2606Diathermic\n|j|\u2606Ohmboy Tesla\n|player|p1|Diathermic|214\n|player|p2|Ohmboy Tesla|136\n|teamsize|p1|6\n|teamsize|p2|6\n|gametype|singles\n|gen|7\n|tier|[Gen 7] OU\n|rated|\n|rule|Sleep Clause Mod: Limit one foe put to sleep\n|rule|Species Clause: Limit one of each Pok\u00e9mon\n|rule|OHKO Clause: OHKO moves are banned\n|rule|Moody Clause: Moody is banned\n|rule|Evasion Moves Clause: Evasion moves are banned\n|rule|Endless Battle Clause: Forcing endless battles is banned\n|rule|HP Percentage Mod: HP is shown in percentages\n|clearpoke\n|poke|p1|Tapu Koko|item\n|poke|p1|Greninja, F|item\n|poke|p1|Landorus-Therian, M|item\n|poke|p1|Zygarde|item\n|poke|p1|Mew|item\n|poke|p1|Magearna|item\n|poke|p2|Diancie|item\n|poke|p2|Volcarona, M|item\n|poke|p2|Rotom-Wash|item\n|poke|p2|Tapu Bulu|item\n|poke|p2|Landorus-Therian, M|item\n|poke|p2|Toxapex, M|item\n|teampreview\n|\n|start\n|switch|p1a: Greninja|Greninja, F|100\/100\n|switch|p2a: scRotom-Wash|Rotom-Wash|100\/100\n|turn|1\n|inactive|Battle timer is ON: inactive players will automatically lose when time's up. (requested by Diathermic)\n|\n|move|p1a: Greninja|Spikes|p2a: scRotom-Wash\n|-start|p1a: Greninja|typechange|Ground|[from] Protean\n|-sidestart|p2: Ohmboy Tesla|Spikes\n|move|p2a: scRotom-Wash|Volt Switch|p1a: Greninja\n|-immune|p1a: Greninja|[msg]\n|\n|upkeep\n|turn|2\n|\n|move|p1a: Greninja|Spikes|p2a: scRotom-Wash\n|-sidestart|p2: Ohmboy Tesla|Spikes\n|move|p2a: scRotom-Wash|Defog|p1a: Greninja\n|-unboost|p1a: Greninja|evasion|1\n|-sideend|p2: Ohmboy Tesla|Spikes|[from] move: Defog|[of] p2a: scRotom-Wash\n|\n|upkeep\n|turn|3\n|\n|move|p1a: Greninja|Spikes|p2a: scRotom-Wash\n|-sidestart|p2: Ohmboy Tesla|Spikes\n|move|p2a: scRotom-Wash|Will-O-Wisp|p1a: Greninja\n|-status|p1a: Greninja|brn\n|\n|-damage|p1a: Greninja|95\/100 brn|[from] brn\n|upkeep\n|turn|4\n|\n|move|p1a: Greninja|Taunt|p2a: scRotom-Wash\n|-start|p1a: Greninja|typechange|Dark|[from] Protean\n|-start|p2a: scRotom-Wash|move: Taunt\n|cant|p2a: scRotom-Wash|move: Taunt|Defog\n|\n|-damage|p1a: Greninja|89\/100 brn|[from] brn\n|upkeep\n|turn|5\n|\n|move|p1a: Greninja|Spikes|p2a: scRotom-Wash\n|-start|p1a: Greninja|typechange|Ground|[from] Protean\n|-sidestart|p2: Ohmboy Tesla|Spikes\n|move|p2a: scRotom-Wash|Hydro Pump|p1a: Greninja\n|-supereffective|p1a: Greninja\n|-damage|p1a: Greninja|0 fnt\n|faint|p1a: Greninja\n|\n|upkeep\n|\n|switch|p1a: Landorus|Landorus-Therian, M|100\/100\n|-ability|p1a: Landorus|Intimidate|boost\n|-unboost|p2a: scRotom-Wash|atk|1\n|turn|6\n|\n|switch|p2a: Flooffy Paws|Landorus-Therian, M|100\/100\n|-ability|p2a: Flooffy Paws|Intimidate|boost\n|-unboost|p1a: Landorus|atk|1\n|move|p1a: Landorus|Stealth Rock|p2a: Flooffy Paws\n|-sidestart|p2: Ohmboy Tesla|move: Stealth Rock\n|\n|upkeep\n|turn|7\n|\n|move|p1a: Landorus|Explosion|p2a: Flooffy Paws\n|-damage|p2a: Flooffy Paws|58\/100\n|faint|p1a: Landorus\n|move|p2a: Flooffy Paws|Toxic|p1: Landorus|[notarget]\n|-notarget\n|\n|-heal|p2a: Flooffy Paws|64\/100|[from] item: Leftovers\n|upkeep\n|\n|switch|p1a: Tapu Koko|Tapu Koko|100\/100\n|-fieldstart|move: Electric Terrain|[from] ability: Electric Surge|[of] p1a: Tapu Koko\n|turn|8\n|\n|switch|p2a: Top Bull|Tapu Bulu|100\/100\n|-damage|p2a: Top Bull|88\/100|[from] Stealth Rock\n|-damage|p2a: Top Bull|71\/100|[from] Spikes\n|-fieldstart|move: Grassy Terrain|[from] ability: Grassy Surge|[of] p2a: Top Bull\n|move|p1a: Tapu Koko|Reflect|p1a: Tapu Koko\n|-sidestart|p1: Diathermic|Reflect\n|\n|-heal|p2a: Top Bull|78\/100|[from] item: Leftovers\n|-heal|p2a: Top Bull|84\/100|[from] Grassy Terrain\n|upkeep\n|turn|9\n|\n|move|p1a: Tapu Koko|Light Screen|p1a: Tapu Koko\n|-sidestart|p1: Diathermic|move: Light Screen\n|move|p2a: Top Bull|Leech Seed|p1a: Tapu Koko\n|-start|p1a: Tapu Koko|move: Leech Seed\n|\n|-heal|p2a: Top Bull|90\/100|[from] item: Leftovers\n|-heal|p2a: Top Bull|96\/100|[from] Grassy Terrain\n|-damage|p1a: Tapu Koko|88\/100|[from] Leech Seed|[of] p2a: Top Bull\n|-heal|p2a: Top Bull|100\/100|[silent]\n|upkeep\n|turn|10\n|\n|move|p1a: Tapu Koko|U-turn|p2a: Top Bull\n|-damage|p2a: Top Bull|83\/100\n|\n|switch|p1a: Zygarde|Zygarde|100\/100\n|-ability|p1a: Zygarde|Aura Break\n|move|p2a: Top Bull|Leech Seed|p1a: Zygarde\n|-start|p1a: Zygarde|move: Leech Seed\n|\n|-heal|p2a: Top Bull|89\/100|[from] item: Leftovers\n|-heal|p2a: Top Bull|95\/100|[from] Grassy Terrain\n|-damage|p1a: Zygarde|88\/100|[from] Leech Seed|[of] p2a: Top Bull\n|-heal|p2a: Top Bull|100\/100|[silent]\n|upkeep\n|turn|11\n|\n|move|p1a: Zygarde|Dragon Dance|p1a: Zygarde\n|-boost|p1a: Zygarde|atk|1\n|-boost|p1a: Zygarde|spe|1\n|move|p2a: Top Bull|Nature's Madness|p1a: Zygarde|[miss]\n|-miss|p2a: Top Bull|p1a: Zygarde\n|\n|-heal|p1a: Zygarde|94\/100|[from] Grassy Terrain\n|-damage|p1a: Zygarde|82\/100|[from] Leech Seed|[of] p2a: Top Bull\n|upkeep\n|turn|12\n|\n|move|p1a: Zygarde|Dragon Dance|p1a: Zygarde\n|-boost|p1a: Zygarde|atk|1\n|-boost|p1a: Zygarde|spe|1\n|move|p2a: Top Bull|Nature's Madness|p1a: Zygarde\n|-damage|p1a: Zygarde|41\/100\n|\n|-heal|p1a: Zygarde|47\/100|[from] Grassy Terrain\n|-fieldend|move: Grassy Terrain\n|-damage|p1a: Zygarde|35\/100|[from] Leech Seed|[of] p2a: Top Bull\n|upkeep\n|turn|13\n|inactive|Diathermic has 135 seconds left.\n|inactive|Diathermic has 120 seconds left.\n|\n|switch|p2a: Flooffy Paws|Landorus-Therian, M|64\/100\n|-damage|p2a: Flooffy Paws|51\/100|[from] Stealth Rock\n|-ability|p2a: Flooffy Paws|Intimidate|boost\n|-unboost|p1a: Zygarde|atk|1\n|move|p1a: Zygarde|Dragon Dance|p1a: Zygarde\n|-boost|p1a: Zygarde|atk|1\n|-boost|p1a: Zygarde|spe|1\n|\n|-heal|p2a: Flooffy Paws|57\/100|[from] item: Leftovers\n|-damage|p1a: Zygarde|23\/100|[from] Leech Seed|[of] p2a: Flooffy Paws\n|-heal|p2a: Flooffy Paws|70\/100|[silent]\n|upkeep\n|-enditem|p1a: Zygarde|Iapapa Berry|[eat]\n|-heal|p1a: Zygarde|72\/100|[from] item: Iapapa Berry\n|turn|14\n|\n|move|p1a: Zygarde|Substitute|p1a: Zygarde\n|-start|p1a: Zygarde|Substitute\n|-damage|p1a: Zygarde|48\/100\n|move|p2a: Flooffy Paws|Toxic|p1a: Zygarde\n|-fail|p1a: Zygarde\n|\n|-heal|p2a: Flooffy Paws|76\/100|[from] item: Leftovers\n|-damage|p1a: Zygarde|35\/100|[from] Leech Seed|[of] p2a: Flooffy Paws\n|-heal|p2a: Flooffy Paws|89\/100|[silent]\n|upkeep\n|turn|15\n|\n|move|p1a: Zygarde|Thousand Arrows|p2a: Flooffy Paws\n|-damage|p2a: Flooffy Paws|26\/100\n|-start|p2a: Flooffy Paws|Smack Down\n|move|p2a: Flooffy Paws|Earthquake|p1a: Zygarde\n|-activate|p1a: Zygarde|move: Substitute|[damage]\n|\n|-heal|p2a: Flooffy Paws|32\/100|[from] item: Leftovers\n|-damage|p1a: Zygarde|23\/100|[from] Leech Seed|[of] p2a: Flooffy Paws\n|-heal|p2a: Flooffy Paws|45\/100|[silent]\n|-sideend|p1: Diathermic|Reflect\n|upkeep\n|turn|16\n|\n|move|p1a: Zygarde|Thousand Arrows|p2a: Flooffy Paws\n|-damage|p2a: Flooffy Paws|0 fnt\n|faint|p2a: Flooffy Paws\n|\n|-sideend|p1: Diathermic|move: Light Screen\n|upkeep\n|\n|switch|p2a: Top Bull|Tapu Bulu|100\/100\n|-damage|p2a: Top Bull|84\/100|[from] Spikes\n|-damage|p2a: Top Bull|71\/100|[from] Stealth Rock\n|-fieldstart|move: Grassy Terrain|[from] ability: Grassy Surge|[of] p2a: Top Bull\n|turn|17\n|\n|move|p1a: Zygarde|Extreme Speed|p2a: Top Bull\n|-damage|p2a: Top Bull|22\/100\n|move|p2a: Top Bull|Horn Leech|p1a: Zygarde\n|-end|p1a: Zygarde|Substitute\n|-heal|p2a: Top Bull|25\/100|[from] drain|[of] p1a: Zygarde\n|\n|-heal|p1a: Zygarde|29\/100|[from] Grassy Terrain\n|-heal|p2a: Top Bull|31\/100|[from] item: Leftovers\n|-heal|p2a: Top Bull|38\/100|[from] Grassy Terrain\n|-damage|p1a: Zygarde|16\/100|[from] Leech Seed|[of] p2a: Top Bull\n|-heal|p2a: Top Bull|52\/100|[silent]\n|upkeep\n|turn|18\n|\n|move|p2a: Top Bull|Protect|p2a: Top Bull\n|-singleturn|p2a: Top Bull|Protect\n|move|p1a: Zygarde|Extreme Speed|p2a: Top Bull\n|-activate|p2a: Top Bull|move: Protect\n|\n|-heal|p1a: Zygarde|23\/100|[from] Grassy Terrain\n|-heal|p2a: Top Bull|59\/100|[from] item: Leftovers\n|-heal|p2a: Top Bull|65\/100|[from] Grassy Terrain\n|-damage|p1a: Zygarde|10\/100|[from] Leech Seed|[of] p2a: Top Bull\n|-heal|p2a: Top Bull|79\/100|[silent]\n|upkeep\n|turn|19\n|\n|move|p1a: Zygarde|Extreme Speed|p2a: Top Bull\n|-damage|p2a: Top Bull|36\/100\n|move|p2a: Top Bull|Horn Leech|p1a: Zygarde\n|-damage|p1a: Zygarde|0 fnt\n|-heal|p2a: Top Bull|42\/100|[from] drain|[of] p1a: Zygarde\n|faint|p1a: Zygarde\n|\n|-heal|p2a: Top Bull|48\/100|[from] item: Leftovers\n|-heal|p2a: Top Bull|54\/100|[from] Grassy Terrain\n|upkeep\n|\n|switch|p1a: Tapu Koko|Tapu Koko|88\/100\n|-fieldstart|move: Electric Terrain|[from] ability: Electric Surge|[of] p1a: Tapu Koko\n|turn|20\n|\n|switch|p2a: scRotom-Wash|Rotom-Wash|100\/100\n|-damage|p2a: scRotom-Wash|88\/100|[from] Stealth Rock\n|move|p1a: Tapu Koko|Reflect|p1a: Tapu Koko\n|-sidestart|p1: Diathermic|Reflect\n|\n|-heal|p2a: scRotom-Wash|94\/100|[from] item: Leftovers\n|upkeep\n|turn|21\n|\n|move|p1a: Tapu Koko|Taunt|p2a: scRotom-Wash\n|-start|p2a: scRotom-Wash|move: Taunt\n|cant|p2a: scRotom-Wash|move: Taunt|Defog\n|\n|-heal|p2a: scRotom-Wash|100\/100|[from] item: Leftovers\n|upkeep\n|turn|22\n|\n|move|p1a: Tapu Koko|Light Screen|p1a: Tapu Koko\n|-sidestart|p1: Diathermic|move: Light Screen\n|move|p2a: scRotom-Wash|Volt Switch|p1a: Tapu Koko\n|-resisted|p1a: Tapu Koko\n|-damage|p1a: Tapu Koko|80\/100\n|\n|switch|p2a: Boy Fort|Toxapex, M|100\/100\n|-damage|p2a: Boy Fort|84\/100|[from] Spikes\n|-damage|p2a: Boy Fort|72\/100|[from] Stealth Rock\n|\n|-heal|p2a: Boy Fort|78\/100|[from] item: Black Sludge\n|upkeep\n|turn|23\n|\n|move|p1a: Tapu Koko|Taunt|p2a: Boy Fort\n|-start|p2a: Boy Fort|move: Taunt\n|move|p2a: Boy Fort|Scald|p1a: Tapu Koko\n|-damage|p1a: Tapu Koko|70\/100\n|\n|-heal|p2a: Boy Fort|84\/100|[from] item: Black Sludge\n|upkeep\n|turn|24\n|\n|switch|p2a: scRotom-Wash|Rotom-Wash|100\/100\n|-damage|p2a: scRotom-Wash|88\/100|[from] Stealth Rock\n|move|p1a: Tapu Koko|U-turn|p2a: scRotom-Wash\n|-damage|p2a: scRotom-Wash|73\/100\n|\n|switch|p1a: Mew|Mew|100\/100\n|\n|-heal|p2a: scRotom-Wash|79\/100|[from] item: Leftovers\n|-fieldend|move: Electric Terrain\n|upkeep\n|turn|25\n|\n|-zpower|p1a: Mew\n|move|p1a: Mew|Genesis Supernova|p2a: scRotom-Wash|[zeffect]\n|-damage|p2a: scRotom-Wash|0 fnt\n|-fieldstart|move: Psychic Terrain\n|faint|p2a: scRotom-Wash\n|\n|upkeep\n|\n|switch|p2a: Atlas|Volcarona, M|100\/100\n|-damage|p2a: Atlas|84\/100|[from] Spikes\n|-damage|p2a: Atlas|34\/100|[from] Stealth Rock\n|turn|26\n|\n|-zpower|p2a: Atlas\n|move|p2a: Atlas|Savage Spin-Out|p1a: Mew|[zeffect]\n|-supereffective|p1a: Mew\n|-crit|p1a: Mew\n|-damage|p1a: Mew|0 fnt\n|faint|p1a: Mew\n|\n|upkeep\n|\n|switch|p1a: Magearna|Magearna|100\/100\n|turn|27\n|\n|move|p2a: Atlas|Fiery Dance|p1a: Magearna\n|-supereffective|p1a: Magearna\n|-damage|p1a: Magearna|56\/100\n|-boost|p2a: Atlas|spa|1\n|move|p1a: Magearna|Shift Gear|p1a: Magearna\n|-boost|p1a: Magearna|spe|2\n|-boost|p1a: Magearna|atk|1\n|\n|-heal|p1a: Magearna|62\/100|[from] item: Leftovers\n|-sideend|p1: Diathermic|Reflect\n|upkeep\n|turn|28\n|inactive|Diathermic has 135 seconds left.\n|\n|move|p1a: Magearna|Thunderbolt|p2a: Atlas\n|-crit|p2a: Atlas\n|-damage|p2a: Atlas|0 fnt\n|faint|p2a: Atlas\n|-ability|p1a: Magearna|Soul-Heart|boost\n|-boost|p1a: Magearna|spa|1\n|\n|-heal|p1a: Magearna|68\/100|[from] item: Leftovers\n|upkeep\n|\n|switch|p2a: Boy Fort|Toxapex, M|100\/100\n|-damage|p2a: Boy Fort|88\/100|[from] Stealth Rock\n|-damage|p2a: Boy Fort|72\/100|[from] Spikes\n|turn|29\n|\n|move|p1a: Magearna|Thunderbolt|p2a: Boy Fort\n|-supereffective|p2a: Boy Fort\n|-damage|p2a: Boy Fort|9\/100\n|move|p2a: Boy Fort|Haze|p2a: Boy Fort\n|-clearallboost\n|\n|-heal|p1a: Magearna|74\/100|[from] item: Leftovers\n|-heal|p2a: Boy Fort|15\/100|[from] item: Black Sludge\n|-sideend|p1: Diathermic|move: Light Screen\n|-fieldend|move: Psychic Terrain\n|upkeep\n|turn|30\n|\n|move|p1a: Magearna|Calm Mind|p1a: Magearna\n|-boost|p1a: Magearna|spa|1\n|-boost|p1a: Magearna|spd|1\n|move|p2a: Boy Fort|Haze|p2a: Boy Fort\n|-clearallboost\n|\n|-heal|p1a: Magearna|80\/100|[from] item: Leftovers\n|-heal|p2a: Boy Fort|22\/100|[from] item: Black Sludge\n|upkeep\n|turn|31\n|\n|move|p1a: Magearna|Thunderbolt|p2a: Boy Fort\n|-supereffective|p2a: Boy Fort\n|-damage|p2a: Boy Fort|0 fnt\n|faint|p2a: Boy Fort\n|-ability|p1a: Magearna|Soul-Heart|boost\n|-boost|p1a: Magearna|spa|1\n|\n|-heal|p1a: Magearna|86\/100|[from] item: Leftovers\n|upkeep\n|\n|switch|p2a: Carbink-EX|Diancie|100\/100\n|-damage|p2a: Carbink-EX|88\/100|[from] Stealth Rock\n|-damage|p2a: Carbink-EX|71\/100|[from] Spikes\n|turn|32\n|\n|detailschange|p2a: Carbink-EX|Diancie-Mega\n|-mega|p2a: Carbink-EX|Diancie|Diancite\n|move|p2a: Carbink-EX|Earth Power|p1a: Magearna\n|-supereffective|p1a: Magearna\n|-damage|p1a: Magearna|8\/100\n|move|p1a: Magearna|Ice Beam|p2a: Carbink-EX\n|-damage|p2a: Carbink-EX|7\/100\n|\n|-heal|p1a: Magearna|14\/100|[from] item: Leftovers\n|upkeep\n|turn|33\n|\n|switch|p1a: Tapu Koko|Tapu Koko|70\/100\n|-fieldstart|move: Electric Terrain|[from] ability: Electric Surge|[of] p1a: Tapu Koko\n|move|p2a: Carbink-EX|Earth Power|p1a: Tapu Koko\n|-supereffective|p1a: Tapu Koko\n|-damage|p1a: Tapu Koko|0 fnt\n|faint|p1a: Tapu Koko\n|\n|upkeep\n|\n|switch|p1a: Magearna|Magearna|14\/100\n|turn|34\n|\n|move|p2a: Carbink-EX|Earth Power|p1a: Magearna\n|-supereffective|p1a: Magearna\n|-damage|p1a: Magearna|0 fnt\n|faint|p1a: Magearna\n|\n|win|Ohmboy Tesla\n|c|\u2606Diathermic|gg\n|c|\u2606Ohmboy Tesla|gg\n|l|\u2606Diathermic\n|l|\u2606Ohmboy Tesla\n|j|\u203dthe hidden alt\n|raw|Diathermic's rating: 1733 &rarr; <strong>1707<\/strong><br \/>(-26 for losing)\n|raw|Ohmboy Tesla's rating: 1625 &rarr; <strong>1651<\/strong><br \/>(+26 for winning)\n","inputlog":null,"uploadtime":1527437732,"views":2,"p1id":"diathermic","p2id":"ohmboytesla","formatid":"gen7ou","rating":1651,"private":0,"password":null}