{"id":"gen7ou-670917521","p1":"The apollo show","p2":"Toxabelle","format":"gen7ou","log":"|raw|<div class=\"broadcast-red\"><strong>This battle is invite-only!<\/strong><br \/>Users must be rank + or invited with <code>\/invite<\/code> to join<\/div>\n|j|The apollo show\n|j|Toxabelle\n|player|p1|The apollo show|160\n|teamsize|p1|6\n|player|p2|Toxabelle|169\n|teamsize|p2|6\n|gametype|singles\n|gen|7\n|tier|[Gen 7] OU\n|rated|\n|seed|58787,1848,4514,21724\n|rule|Sleep Clause Mod: Limit one foe put to sleep\n|rule|Species Clause: Limit one of each Pok\u00e9mon\n|rule|OHKO Clause: OHKO moves are banned\n|rule|Moody Clause: Moody is banned\n|rule|Evasion Moves Clause: Evasion moves are banned\n|rule|Endless Battle Clause: Forcing endless battles is banned\n|rule|HP Percentage Mod: HP is shown in percentages\n|clearpoke\n|poke|p1|Greninja, M|item\n|poke|p1|Magearna|item\n|poke|p1|Landorus-Therian, M|item\n|poke|p1|Azumarill, F|item\n|poke|p1|Charizard, M|item\n|poke|p1|Mimikyu, M|item\n|poke|p2|Scizor, M|item\n|poke|p2|Tornadus-Therian, M|item\n|poke|p2|Chansey, F|item\n|poke|p2|Ditto|item\n|poke|p2|Zygarde|item\n|poke|p2|Toxapex, F|item\n|teampreview\n|inactive|Battle timer is ON: inactive players will automatically lose when time's up. (requested by Toxabelle)\n|choice|team 4, team 2, team 3, team 1, team 5, team 6|team 1, team 2, team 3, team 4, team 5, team 6\n|\n|start\n|switch|p1a: Azumarill|Azumarill, F|373\/373\n|switch|p2a: Scizor|Scizor, M|343\/343\n|turn|1\n|choice|move aquatail|move bulletpunch mega\n|\n|-mega|p2a: Scizor|Scizor|Scizorite\n|detailschange|p2a: Scizor|Scizor-Mega, M\n|move|p2a: Scizor|Bullet Punch|p1a: Azumarill\n|-damage|p1a: Azumarill|241\/373\n|move|p1a: Azumarill|Aqua Tail|p2a: Scizor\n|-crit|p2a: Scizor\n|-damage|p2a: Scizor|91\/343\n|\n|upkeep\n|turn|2\n|choice|move aquatail|switch 6\n|\n|switch|p2a: Toxapex|Toxapex, F|303\/303\n|move|p1a: Azumarill|Aqua Tail|p2a: Toxapex\n|-resisted|p2a: Toxapex\n|-crit|p2a: Toxapex\n|-damage|p2a: Toxapex|182\/303\n|\n|-heal|p2a: Toxapex|200\/303|[from] item: Black Sludge\n|upkeep\n|turn|3\n|choice|switch 5|move toxicspikes\n|\n|switch|p1a: Charizard|Charizard, M|297\/297\n|move|p2a: Toxapex|Toxic Spikes|p1a: Charizard\n|-sidestart|p1: The apollo show|move: Toxic Spikes\n|\n|-heal|p2a: Toxapex|218\/303|[from] item: Black Sludge\n|upkeep\n|turn|4\n|choice|move substitute mega|move haze\n|\n|-mega|p1a: Charizard|Charizard|Charizardite X\n|detailschange|p1a: Charizard|Charizard-Mega-X, M\n|move|p1a: Charizard|Substitute|p1a: Charizard\n|-start|p1a: Charizard|Substitute\n|-damage|p1a: Charizard|223\/297\n|move|p2a: Toxapex|Haze|p2a: Toxapex\n|-clearallboost\n|\n|-heal|p2a: Toxapex|236\/303|[from] item: Black Sludge\n|upkeep\n|turn|5\n|choice|move dragondance|move haze\n|\n|move|p1a: Charizard|Dragon Dance|p1a: Charizard\n|-boost|p1a: Charizard|atk|1\n|-boost|p1a: Charizard|spe|1\n|move|p2a: Toxapex|Haze|p2a: Toxapex\n|-clearallboost\n|\n|-heal|p2a: Toxapex|254\/303|[from] item: Black Sludge\n|upkeep\n|turn|6\n|choice|move dragonclaw|move scald\n|\n|move|p1a: Charizard|Dragon Claw|p2a: Toxapex\n|-damage|p2a: Toxapex|146\/303\n|move|p2a: Toxapex|Scald|p1a: Charizard\n|-activate|p1a: Charizard|move: Substitute|[damage]\n|\n|-heal|p2a: Toxapex|164\/303|[from] item: Black Sludge\n|upkeep\n|turn|7\n|choice|move dragonclaw|move haze\n|\n|move|p1a: Charizard|Dragon Claw|p2a: Toxapex\n|-damage|p2a: Toxapex|61\/303\n|move|p2a: Toxapex|Haze|p2a: Toxapex\n|-clearallboost\n|\n|-heal|p2a: Toxapex|79\/303|[from] item: Black Sludge\n|upkeep\n|turn|8\n|choice|move dragonclaw|switch 6\n|\n|switch|p2a: Scizor|Scizor-Mega, M|91\/343\n|move|p1a: Charizard|Dragon Claw|p2a: Scizor\n|-resisted|p2a: Scizor\n|-damage|p2a: Scizor|40\/343\n|\n|upkeep\n|turn|9\n|choice|move dragondance|move bulletpunch\n|\n|move|p2a: Scizor|Bullet Punch|p1a: Charizard\n|-resisted|p1a: Charizard\n|-end|p1a: Charizard|Substitute\n|move|p1a: Charizard|Dragon Dance|p1a: Charizard\n|-boost|p1a: Charizard|atk|1\n|-boost|p1a: Charizard|spe|1\n|\n|upkeep\n|turn|10\n|choice|move substitute|move uturn\n|\n|move|p1a: Charizard|Substitute|p1a: Charizard\n|-start|p1a: Charizard|Substitute\n|-damage|p1a: Charizard|149\/297\n|move|p2a: Scizor|U-turn|p1a: Charizard\n|-resisted|p1a: Charizard\n|-activate|p1a: Charizard|move: Substitute|[damage]\n|choice||switch 5\n|\n|switch|p2a: Zygarde|Zygarde|357\/357|[from]move: U-turn\n|-ability|p2a: Zygarde|Aura Break\n|\n|upkeep\n|turn|11\n|choice|move dragonclaw|move extremespeed\n|\n|move|p2a: Zygarde|Extreme Speed|p1a: Charizard\n|-end|p1a: Charizard|Substitute\n|move|p1a: Charizard|Dragon Claw|p2a: Zygarde\n|-supereffective|p2a: Zygarde\n|-damage|p2a: Zygarde|0 fnt\n|faint|p2a: Zygarde\n|\n|upkeep\n|choice||switch 4\n|\n|switch|p2a: Ditto|Ditto|300\/300\n|-transform|p2a: Ditto|p1a: Charizard|[from] ability: Imposter\n|turn|12\n|choice|switch 3|move dragonclaw\n|\n|switch|p1a: Landorus|Landorus-Therian, M, shiny|382\/382\n|-ability|p1a: Landorus|Intimidate|boost\n|-unboost|p2a: Ditto|atk|1\n|move|p2a: Ditto|Dragon Claw|p1a: Landorus\n|-damage|p1a: Landorus|226\/382\n|-damage|p2a: Ditto|250\/300|[from] item: Rocky Helmet|[of] p1a: Landorus\n|\n|upkeep\n|turn|13\n|choice|move defog|switch 2\n|\n|switch|p2a: Tornadus|Tornadus-Therian, M, shiny|299\/299\n|move|p1a: Landorus|Defog|p2a: Tornadus\n|-unboost|p2a: Tornadus|evasion|1\n|-sideend|p1: The apollo show|Toxic Spikes|[from] move: Defog|[of] p1a: Landorus\n|\n|upkeep\n|turn|14\n|choice|switch 2|move hurricane\n|\n|switch|p1a: Magearna|Magearna|339\/339\n|move|p2a: Tornadus|Hurricane|p1a: Magearna\n|-resisted|p1a: Magearna\n|-crit|p1a: Magearna\n|-damage|p1a: Magearna|228\/339\n|-start|p1a: Magearna|confusion\n|\n|upkeep\n|turn|15\n|choice|move thunderbolt|switch 3\n|\n|switch|p2a: Chansey|Chansey, F|703\/703\n|-activate|p1a: Magearna|confusion\n|move|p1a: Magearna|Thunderbolt|p2a: Chansey\n|-damage|p2a: Chansey|638\/703\n|\n|upkeep\n|turn|16\n|choice|switch 2|move stealthrock\n|\n|switch|p1a: Landorus|Landorus-Therian, M, shiny|226\/382\n|-ability|p1a: Landorus|Intimidate|boost\n|-unboost|p2a: Chansey|atk|1\n|move|p2a: Chansey|Stealth Rock|p1a: Landorus\n|-sidestart|p1: The apollo show|move: Stealth Rock\n|\n|upkeep\n|turn|17\n|choice|move defog|switch 3\n|\n|switch|p2a: Tornadus|Tornadus-Therian, M, shiny|299\/299\n|move|p1a: Landorus|Defog|p2a: Tornadus\n|-unboost|p2a: Tornadus|evasion|1\n|-sideend|p1: The apollo show|Stealth Rock|[from] move: Defog|[of] p1a: Landorus\n|\n|upkeep\n|turn|18\n|choice|switch 2|move hurricane\n|\n|switch|p1a: Magearna|Magearna|228\/339\n|move|p2a: Tornadus|Hurricane|p1a: Magearna\n|-resisted|p1a: Magearna\n|-damage|p1a: Magearna|159\/339\n|\n|upkeep\n|turn|19\n|choice|switch 5|move hurricane zmove\n|\n|switch|p1a: Azumarill|Azumarill, F|241\/373\n|-zpower|p2a: Tornadus\n|move|p2a: Tornadus|Supersonic Skystrike|p1a: Azumarill|[zeffect]\n|-damage|p1a: Azumarill|0 fnt\n|faint|p1a: Azumarill\n|\n|upkeep\n|choice|switch 6|\n|\n|switch|p1a: Mimikyu|Mimikyu, M|251\/251\n|turn|20\n|choice|move playrough|move knockoff\n|\n|move|p2a: Tornadus|Knock Off|p1a: Mimikyu\n|-activate|p1a: Mimikyu|ability: Disguise\n|-damage|p1a: Mimikyu|251\/251\n|-enditem|p1a: Mimikyu|Life Orb|[from] move: Knock Off|[of] p2a: Tornadus\n|detailschange|p1a: Mimikyu|Mimikyu-Busted, M\n|move|p1a: Mimikyu|Play Rough|p2a: Tornadus\n|-damage|p2a: Tornadus|110\/299\n|\n|upkeep\n|turn|21\n|choice|move swordsdance|switch 6\n|\n|switch|p2a: Toxapex|Toxapex, F|180\/303\n|move|p1a: Mimikyu|Swords Dance|p1a: Mimikyu\n|-boost|p1a: Mimikyu|atk|2\n|\n|-heal|p2a: Toxapex|198\/303|[from] item: Black Sludge\n|upkeep\n|turn|22\n|choice|switch 3|move recover\n|\n|switch|p1a: Charizard|Charizard-Mega-X, M|149\/297\n|move|p2a: Toxapex|Recover|p2a: Toxapex\n|-heal|p2a: Toxapex|303\/303\n|\n|upkeep\n|turn|23\n|choice|move substitute|move scald\n|\n|move|p1a: Charizard|Substitute|p1a: Charizard\n|-start|p1a: Charizard|Substitute\n|-damage|p1a: Charizard|75\/297\n|move|p2a: Toxapex|Scald|p1a: Charizard\n|-crit|p1a: Charizard\n|-end|p1a: Charizard|Substitute\n|\n|upkeep\n|turn|24\n|choice|move dragonclaw|move scald\n|\n|move|p1a: Charizard|Dragon Claw|p2a: Toxapex\n|-damage|p2a: Toxapex|200\/303\n|move|p2a: Toxapex|Scald|p1a: Charizard\n|-damage|p1a: Charizard|8\/297\n|\n|-heal|p2a: Toxapex|218\/303|[from] item: Black Sludge\n|upkeep\n|turn|25\n|choice|move dragonclaw|move scald\n|\n|move|p1a: Charizard|Dragon Claw|p2a: Toxapex\n|-damage|p2a: Toxapex|106\/303\n|move|p2a: Toxapex|Scald|p1a: Charizard\n|-damage|p1a: Charizard|0 fnt\n|faint|p1a: Charizard\n|\n|-heal|p2a: Toxapex|124\/303|[from] item: Black Sludge\n|upkeep\n|choice|switch 2|\n|\n|switch|p1a: Landorus|Landorus-Therian, M, shiny|226\/382\n|-ability|p1a: Landorus|Intimidate|boost\n|-unboost|p2a: Toxapex|atk|1\n|turn|26\n|choice|move stealthrock|switch 6\n|\n|switch|p2a: Tornadus|Tornadus-Therian, M, shiny|209\/299\n|move|p1a: Landorus|Stealth Rock|p2a: Tornadus\n|-sidestart|p2: Toxabelle|move: Stealth Rock\n|\n|upkeep\n|turn|27\n|choice|move hiddenpower|move defog\n|\n|move|p2a: Tornadus|Defog|p1a: Landorus\n|-unboost|p1a: Landorus|evasion|1\n|-sideend|p2: Toxabelle|Stealth Rock|[from] move: Defog|[of] p2a: Tornadus\n|move|p1a: Landorus|Hidden Power|p2a: Tornadus\n|-supereffective|p2a: Tornadus\n|-damage|p2a: Tornadus|115\/299\n|\n|upkeep\n|turn|28\n|choice|move stealthrock|move hurricane\n|\n|move|p2a: Tornadus|Hurricane|p1a: Landorus\n|-damage|p1a: Landorus|24\/382\n|move|p1a: Landorus|Stealth Rock|p2a: Tornadus\n|-sidestart|p2: Toxabelle|move: Stealth Rock\n|\n|upkeep\n|turn|29\n|choice|move hiddenpower|move defog\n|\n|move|p2a: Tornadus|Defog|p1a: Landorus\n|-unboost|p1a: Landorus|evasion|1\n|-sideend|p2: Toxabelle|Stealth Rock|[from] move: Defog|[of] p2a: Tornadus\n|move|p1a: Landorus|Hidden Power|p2a: Tornadus\n|-supereffective|p2a: Tornadus\n|-damage|p2a: Tornadus|21\/299\n|\n|upkeep\n|turn|30\n|choice|move stealthrock|move knockoff\n|\n|move|p2a: Tornadus|Knock Off|p1a: Landorus\n|-damage|p1a: Landorus|0 fnt\n|-damage|p2a: Tornadus|0 fnt|[from] item: Rocky Helmet|[of] p1a: Landorus\n|faint|p1a: Landorus\n|faint|p2a: Tornadus\n|\n|upkeep\n|choice|switch 4|switch 3\n|\n|switch|p2a: Chansey|Chansey, F|638\/703\n|switch|p1a: Greninja|Greninja, M|285\/285\n|turn|31\n|choice|move taunt|move seismictoss\n|\n|move|p1a: Greninja|Taunt|p2a: Chansey\n|-start|p2a: Chansey|move: Taunt\n|move|p2a: Chansey|Seismic Toss|p1a: Greninja\n|-damage|p1a: Greninja|185\/285\n|\n|upkeep\n|turn|32\n|choice|switch 3|move seismictoss\n|\n|switch|p1a: Mimikyu|Mimikyu-Busted, M|251\/251\n|move|p2a: Chansey|Seismic Toss|p1a: Mimikyu\n|-immune|p1a: Mimikyu|[msg]\n|\n|upkeep\n|turn|33\n|choice|move swordsdance|switch 6\n|\n|switch|p2a: Toxapex|Toxapex, F|225\/303\n|move|p1a: Mimikyu|Swords Dance|p1a: Mimikyu\n|-boost|p1a: Mimikyu|atk|2\n|\n|-heal|p2a: Toxapex|243\/303|[from] item: Black Sludge\n|upkeep\n|turn|34\n|-message|The apollo show forfeited.\n|\n|win|Toxabelle\n|l|The apollo show\n|raw|The apollo show's rating: 1902 &rarr; <strong>1886<\/strong><br \/>(-16 for losing)\n|raw|Toxabelle's rating: 1982 &rarr; <strong>1997<\/strong><br \/>(+15 for winning)\n|c|\u2606Toxabelle|\/log Toxabelle made this room public.","inputlog":null,"uploadtime":1512746439,"views":99,"p1id":"theapolloshow","p2id":"toxabelle","formatid":"gen7ou","rating":1886,"private":0,"password":null}