{"id":"gen7ou-700496890","p1":"Savoie libre","p2":"Toxabelle","format":"gen7ou","log":"|j|\u2606Savoie libre\n|j|\u2606Toxabelle\n|inactive|Battle timer is ON: inactive players will automatically lose when time's up.\n|player|p1|Savoie libre|10\n|player|p2|Toxabelle|101\n|teamsize|p1|6\n|teamsize|p2|6\n|gametype|singles\n|gen|7\n|tier|[Gen 7] OU\n|rated|Tournament battle\n|rule|Sleep Clause Mod: Limit one foe put to sleep\n|rule|Species Clause: Limit one of each Pok\u00e9mon\n|rule|OHKO Clause: OHKO moves are banned\n|rule|Moody Clause: Moody is banned\n|rule|Evasion Moves Clause: Evasion moves are banned\n|rule|Endless Battle Clause: Forcing endless battles is banned\n|rule|HP Percentage Mod: HP is shown in percentages\n|clearpoke\n|poke|p1|Kartana|item\n|poke|p1|Zapdos|item\n|poke|p1|Mew|item\n|poke|p1|Lopunny, M|item\n|poke|p1|Toxapex, F|item\n|poke|p1|Tapu Koko|item\n|poke|p2|Scizor, F|item\n|poke|p2|Greninja, M|item\n|poke|p2|Gengar, F|item\n|poke|p2|Blacephalon|item\n|poke|p2|Mimikyu, M|item\n|poke|p2|Landorus-Therian, M|item\n|teampreview\n|j| WuTang-K\n|l| WuTang-K\n|inactive|Toxabelle has 135 seconds left.\n|inactive|Toxabelle has 120 seconds left.\n|\n|start\n|switch|p1a: Mon chien|Mew|100\/100\n|switch|p2a: Gengar|Gengar, F|100\/100\n|turn|1\n|\n|move|p2a: Gengar|Shadow Ball|p1a: Mon chien\n|-supereffective|p1a: Mon chien\n|-damage|p1a: Mon chien|46\/100\n|move|p1a: Mon chien|Stealth Rock|p2a: Gengar\n|-sidestart|p2: Toxabelle|move: Stealth Rock\n|\n|-heal|p1a: Mon chien|52\/100|[from] item: Leftovers\n|upkeep\n|turn|2\n|\n|switch|p1a: Ma soeur|Lopunny, M|100\/100\n|move|p2a: Gengar|Shadow Ball|p1a: Ma soeur\n|-immune|p1a: Ma soeur|[msg]\n|\n|upkeep\n|turn|3\n|inactive|Toxabelle has 135 seconds left.\n|inactive|Toxabelle has 120 seconds left.\n|\n|switch|p2a: Landorus|Landorus-Therian, M|100\/100\n|-damage|p2a: Landorus|88\/100|[from] Stealth Rock\n|-ability|p2a: Landorus|Intimidate|boost\n|-unboost|p1a: Ma soeur|atk|1\n|switch|p1a: Mon chien|Mew|52\/100\n|\n|-heal|p1a: Mon chien|58\/100|[from] item: Leftovers\n|upkeep\n|turn|4\n|\n|switch|p2a: Gengar|Gengar, F|100\/100\n|-damage|p2a: Gengar|88\/100|[from] Stealth Rock\n|move|p1a: Mon chien|Ice Beam|p2a: Gengar\n|-damage|p2a: Gengar|56\/100\n|\n|-heal|p1a: Mon chien|64\/100|[from] item: Leftovers\n|upkeep\n|turn|5\n|inactive|Savoie libre has 135 seconds left.\n|inactive|Savoie libre has 120 seconds left.\n|inactive|Savoie libre has 105 seconds left.\n|inactive|Savoie libre has 90 seconds left.\n|\n|switch|p2a: Landorus|Landorus-Therian, M|88\/100\n|-damage|p2a: Landorus|76\/100|[from] Stealth Rock\n|-ability|p2a: Landorus|Intimidate|boost\n|-unboost|p1a: Mon chien|atk|1\n|move|p1a: Mon chien|Soft-Boiled|p1a: Mon chien\n|-heal|p1a: Mon chien|100\/100\n|\n|upkeep\n|turn|6\n|\n|switch|p2a: Blacephalon|Blacephalon|100\/100\n|-damage|p2a: Blacephalon|76\/100|[from] Stealth Rock\n|move|p1a: Mon chien|Ice Beam|p2a: Blacephalon\n|-resisted|p2a: Blacephalon\n|-damage|p2a: Blacephalon|62\/100\n|\n|upkeep\n|turn|7\n|inactive|Savoie libre has 135 seconds left.\n|inactive|Savoie libre has 120 seconds left.\n|\n|switch|p1a: La niche de mon ch|Toxapex, F|100\/100\n|move|p2a: Blacephalon|Substitute|p2a: Blacephalon\n|-start|p2a: Blacephalon|Substitute\n|-damage|p2a: Blacephalon|37\/100\n|\n|upkeep\n|turn|8\n|\n|move|p2a: Blacephalon|Calm Mind|p2a: Blacephalon\n|-boost|p2a: Blacephalon|spa|1\n|-boost|p2a: Blacephalon|spd|1\n|move|p1a: La niche de mon ch|Scald|p2a: Blacephalon\n|-supereffective|p2a: Blacephalon\n|-end|p2a: Blacephalon|Substitute\n|\n|upkeep\n|turn|9\n|\n|move|p2a: Blacephalon|Substitute|p2a: Blacephalon\n|-start|p2a: Blacephalon|Substitute\n|-damage|p2a: Blacephalon|12\/100\n|move|p1a: La niche de mon ch|Scald|p2a: Blacephalon\n|-supereffective|p2a: Blacephalon\n|-end|p2a: Blacephalon|Substitute\n|\n|upkeep\n|turn|10\n|\n|-zpower|p2a: Blacephalon\n|move|p2a: Blacephalon|Never-Ending Nightmare|p1a: La niche de mon ch|[zeffect]\n|-damage|p1a: La niche de mon ch|0 fnt\n|faint|p1a: La niche de mon ch\n|-ability|p2a: Blacephalon|Beast Boost|boost\n|-boost|p2a: Blacephalon|spa|1\n|\n|upkeep\n|inactive|Savoie libre has 135 seconds left.\n|\n|switch|p1a: Ma soeur|Lopunny, M|100\/100\n|turn|11\n|\n|switch|p2a: Landorus|Landorus-Therian, M|76\/100\n|-damage|p2a: Landorus|64\/100|[from] Stealth Rock\n|-ability|p2a: Landorus|Intimidate|boost\n|-unboost|p1a: Ma soeur|atk|1\n|-mega|p1a: Ma soeur|Lopunny|Lopunnite\n|detailschange|p1a: Ma soeur|Lopunny-Mega, M\n|move|p1a: Ma soeur|Power-Up Punch|p2a: Landorus\n|-resisted|p2a: Landorus\n|-damage|p2a: Landorus|58\/100\n|-damage|p1a: Ma soeur|84\/100|[from] item: Rocky Helmet|[of] p2a: Landorus\n|-boost|p1a: Ma soeur|atk|1\n|\n|upkeep\n|turn|12\n|inactive|Savoie libre has 135 seconds left.\n|\n|switch|p1a: Mon petit fr\u00e8re|Kartana|100\/100\n|move|p2a: Landorus|Stealth Rock|p1a: Mon petit fr\u00e8re\n|-sidestart|p1: Savoie libre|move: Stealth Rock\n|\n|upkeep\n|turn|13\n|\n|move|p1a: Mon petit fr\u00e8re|Swords Dance|p1a: Mon petit fr\u00e8re\n|-boost|p1a: Mon petit fr\u00e8re|atk|2\n|move|p2a: Landorus|U-turn|p1a: Mon petit fr\u00e8re\n|-damage|p1a: Mon petit fr\u00e8re|82\/100\n|\n|switch|p2a: Greninja|Greninja, M|100\/100\n|-damage|p2a: Greninja|88\/100|[from] Stealth Rock\n|\n|upkeep\n|turn|14\n|\n|move|p2a: Greninja|Hydro Pump|p1a: Mon petit fr\u00e8re\n|-resisted|p1a: Mon petit fr\u00e8re\n|-damage|p1a: Mon petit fr\u00e8re|0 fnt\n|faint|p1a: Mon petit fr\u00e8re\n|-activate|p2a: Greninja|ability: Battle Bond\n|detailschange|p2a: Greninja|Greninja-Ash, M\n|\n|upkeep\n|inactive|Savoie libre has 135 seconds left.\n|\n|switch|p1a: Maman|Tapu Koko|100\/100\n|-damage|p1a: Maman|88\/100|[from] Stealth Rock\n|-fieldstart|move: Electric Terrain|[from] ability: Electric Surge|[of] p1a: Maman\n|turn|15\n|\n|move|p2a: Greninja|Hydro Pump|p1a: Maman|[miss]\n|-miss|p2a: Greninja|p1a: Maman\n|move|p1a: Maman|Dazzling Gleam|p2a: Greninja\n|-supereffective|p2a: Greninja\n|-damage|p2a: Greninja|0 fnt\n|faint|p2a: Greninja\n|\n|upkeep\n|\n|switch|p2a: Scizor|Scizor, F|100\/100\n|-damage|p2a: Scizor|88\/100|[from] Stealth Rock\n|turn|16\n|\n|switch|p1a: Mon perroquet|Zapdos|100\/100\n|-damage|p1a: Mon perroquet|76\/100|[from] Stealth Rock\n|-mega|p2a: Scizor|Scizor|Scizorite\n|detailschange|p2a: Scizor|Scizor-Mega, F\n|move|p2a: Scizor|Knock Off|p1a: Mon perroquet\n|-damage|p1a: Mon perroquet|48\/100\n|-enditem|p1a: Mon perroquet|Leftovers|[from] move: Knock Off|[of] p2a: Scizor\n|\n|upkeep\n|turn|17\n|\n|switch|p2a: Gengar|Gengar, F|56\/100\n|-damage|p2a: Gengar|44\/100|[from] Stealth Rock\n|move|p1a: Mon perroquet|Roost|p1a: Mon perroquet\n|-heal|p1a: Mon perroquet|98\/100\n|\n|upkeep\n|turn|18\n|\n|move|p2a: Gengar|Destiny Bond|p2a: Gengar\n|-singlemove|p2a: Gengar|Destiny Bond\n|move|p1a: Mon perroquet|Volt Switch|p2a: Gengar\n|-damage|p2a: Gengar|0 fnt\n|-start|p1a: Mon perroquet|Disable|Volt Switch|[from] ability: Cursed Body|[of] p2a: Gengar\n|faint|p2a: Gengar\n|-activate|p2a: Gengar|move: Destiny Bond\n|faint|p1a: Mon perroquet\n|\n|upkeep\n|\n|switch|p2a: Scizor|Scizor-Mega, F|88\/100\n|switch|p1a: Mon chien|Mew|100\/100\n|-damage|p1a: Mon chien|88\/100|[from] Stealth Rock\n|-damage|p2a: Scizor|76\/100|[from] Stealth Rock\n|turn|19\n|\n|move|p1a: Mon chien|Earthquake|p2a: Scizor\n|-damage|p2a: Scizor|59\/100\n|move|p2a: Scizor|Swords Dance|p2a: Scizor\n|-boost|p2a: Scizor|atk|2\n|\n|-heal|p1a: Mon chien|94\/100|[from] item: Leftovers\n|-fieldend|move: Electric Terrain\n|upkeep\n|turn|20\n|\n|switch|p1a: Maman|Tapu Koko|88\/100\n|-damage|p1a: Maman|76\/100|[from] Stealth Rock\n|-fieldstart|move: Electric Terrain|[from] ability: Electric Surge|[of] p1a: Maman\n|move|p2a: Scizor|Swords Dance|p2a: Scizor\n|-boost|p2a: Scizor|atk|2\n|\n|upkeep\n|turn|21\n|\n|move|p2a: Scizor|Bullet Punch|p1a: Maman\n|-damage|p1a: Maman|0 fnt\n|faint|p1a: Maman\n|\n|upkeep\n|\n|switch|p1a: Ma soeur|Lopunny-Mega, M|84\/100\n|-damage|p1a: Ma soeur|78\/100|[from] Stealth Rock\n|turn|22\n|\n|move|p1a: Ma soeur|Fake Out|p2a: Scizor\n|-resisted|p2a: Scizor\n|-damage|p2a: Scizor|52\/100\n|cant|p2a: Scizor|flinch\n|\n|upkeep\n|turn|23\n|\n|move|p2a: Scizor|Bullet Punch|p1a: Ma soeur\n|-damage|p1a: Ma soeur|0 fnt\n|faint|p1a: Ma soeur\n|\n|upkeep\n|\n|switch|p1a: Mon chien|Mew|94\/100\n|-damage|p1a: Mon chien|82\/100|[from] Stealth Rock\n|turn|24\n|c|\u2606Toxabelle|gg\n|\n|move|p1a: Mon chien|Ice Beam|p2a: Scizor\n|-resisted|p2a: Scizor\n|-damage|p2a: Scizor|44\/100\n|move|p2a: Scizor|Knock Off|p1a: Mon chien\n|-supereffective|p1a: Mon chien\n|-damage|p1a: Mon chien|0 fnt\n|-enditem|p1a: Mon chien|Leftovers|[from] move: Knock Off|[of] p2a: Scizor\n|faint|p1a: Mon chien\n|\n|win|Toxabelle\n|l|\u2606Toxabelle\n","inputlog":null,"uploadtime":1518019866,"views":47,"p1id":"savoielibre","p2id":"toxabelle","formatid":"gen7ou","rating":0,"private":0,"password":null}