{"id":"gen7ou-943605943","p1":"Guest 4966308","p2":"THC_wenger","format":"gen7ou","log":"|j|\u2606THC_wenger\n|player|p1|Guest 4966308|169\n|player|p2|THC_wenger|169\n|teamsize|p1|6\n|teamsize|p2|6\n|gametype|singles\n|gen|7\n|tier|[Gen 7] OU\n|rated|\n|rule|Sleep Clause Mod: Limit one foe put to sleep\n|rule|Species Clause: Limit one of each Pok\u00e9mon\n|rule|OHKO Clause: OHKO moves are banned\n|rule|Moody Clause: Moody is banned\n|rule|Evasion Moves Clause: Evasion moves are banned\n|rule|Endless Battle Clause: Forcing endless battles is banned\n|rule|HP Percentage Mod: HP is shown in percentages\n|clearpoke\n|poke|p1|Medicham, M|item\n|poke|p1|Kartana|item\n|poke|p1|Landorus-Therian, M|item\n|poke|p1|Tapu Koko|item\n|poke|p1|Magearna|item\n|poke|p1|Greninja, M|item\n|poke|p2|Ninetales-Alola, F|item\n|poke|p2|Serperior, M|item\n|poke|p2|Toxapex, M|item\n|poke|p2|Infernape, F|item\n|poke|p2|Excadrill, F|item\n|poke|p2|Manectric, F|item\n|teampreview\n|\n|start\n|switch|p1a: Greninja|Greninja, M|100\/100\n|switch|p2a: Excadrill|Excadrill, F, shiny|100\/100\n|turn|1\n|\n|move|p1a: Greninja|Hydro Pump|p2a: Excadrill\n|-supereffective|p2a: Excadrill\n|-damage|p2a: Excadrill|0 fnt\n|faint|p2a: Excadrill\n|-activate|p1a: Greninja|ability: Battle Bond\n|detailschange|p1a: Greninja|Greninja-Ash, M\n|\n|upkeep\n|\n|switch|p2a: Serperior|Serperior, M, shiny|100\/100\n|turn|2\n|\n|switch|p1a: Magearna|Magearna|100\/100\n|move|p2a: Serperior|Leaf Storm|p1a: Magearna\n|-resisted|p1a: Magearna\n|-damage|p1a: Magearna|82\/100\n|-boost|p2a: Serperior|spa|2\n|\n|upkeep\n|turn|3\n|\n|move|p2a: Serperior|Leaf Storm|p1a: Magearna\n|-resisted|p1a: Magearna\n|-damage|p1a: Magearna|48\/100\n|-boost|p2a: Serperior|spa|2\n|move|p1a: Magearna|Ice Beam|p2a: Serperior\n|-supereffective|p2a: Serperior\n|-damage|p2a: Serperior|20\/100\n|\n|upkeep\n|turn|4\n|\n|move|p2a: Serperior|Leaf Storm|p1a: Magearna\n|-resisted|p1a: Magearna\n|-damage|p1a: Magearna|0 fnt\n|-boost|p2a: Serperior|spa|2\n|faint|p1a: Magearna\n|\n|upkeep\n|\n|switch|p1a: Tapu Koko|Tapu Koko|100\/100\n|-fieldstart|move: Electric Terrain|[from] ability: Electric Surge|[of] p1a: Tapu Koko\n|turn|5\n|inactive|Battle timer is ON: inactive players will automatically lose when time's up. (requested by Guest 4966308)\n|\n|switch|p2a: Manectric|Manectric, F|100\/100\n|move|p1a: Tapu Koko|Volt Switch|p2a: Manectric\n|-resisted|p2a: Manectric\n|-damage|p2a: Manectric|70\/100\n|\n|switch|p1a: Medicham|Medicham, M|100\/100|[from]move: Volt Switch\n|\n|upkeep\n|turn|6\n|\n|detailschange|p2a: Manectric|Manectric-Mega, F\n|-mega|p2a: Manectric|Manectric|Manectite\n|-ability|p2a: Manectric|Intimidate|boost\n|-unboost|p1a: Medicham|atk|1\n|detailschange|p1a: Medicham|Medicham-Mega, M\n|-mega|p1a: Medicham|Medicham|Medichamite\n|move|p1a: Medicham|Fake Out|p2a: Manectric\n|-damage|p2a: Manectric|48\/100\n|cant|p2a: Manectric|flinch\n|\n|upkeep\n|turn|7\n|\n|switch|p1a: Landorus|Landorus-Therian, M, shiny|100\/100\n|-ability|p1a: Landorus|Intimidate|boost\n|-unboost|p2a: Manectric|atk|1\n|move|p2a: Manectric|Thunderbolt|p1a: Landorus\n|-immune|p1a: Landorus\n|\n|upkeep\n|turn|8\n|\n|move|p2a: Manectric|Hidden Power|p1a: Landorus\n|-supereffective|p1a: Landorus\n|-enditem|p1a: Landorus|Yache Berry|[eat]\n|-enditem|p1a: Landorus|Yache Berry|[weaken]\n|-damage|p1a: Landorus|58\/100\n|move|p1a: Landorus|Stealth Rock|p2a: Manectric\n|-sidestart|p2: THC_wenger|move: Stealth Rock\n|\n|upkeep\n|turn|9\n|\n|move|p2a: Manectric|Hidden Power|p1a: Landorus\n|-supereffective|p1a: Landorus\n|-damage|p1a: Landorus|0 fnt\n|faint|p1a: Landorus\n|\n|-fieldend|move: Electric Terrain\n|upkeep\n|\n|switch|p1a: Greninja|Greninja-Ash, M|100\/100\n|turn|10\n|\n|move|p1a: Greninja|Dark Pulse|p2a: Manectric\n|-damage|p2a: Manectric|0 fnt\n|faint|p2a: Manectric\n|\n|upkeep\n|\n|switch|p2a: Toxapex|Toxapex, M, shiny|100\/100\n|-damage|p2a: Toxapex|88\/100|[from] Stealth Rock\n|turn|11\n|\n|switch|p1a: Tapu Koko|Tapu Koko|100\/100\n|-fieldstart|move: Electric Terrain|[from] ability: Electric Surge|[of] p1a: Tapu Koko\n|move|p2a: Toxapex|Toxic|p1a: Tapu Koko\n|-status|p1a: Tapu Koko|tox\n|\n|-heal|p2a: Toxapex|94\/100|[from] item: Leftovers\n|-damage|p1a: Tapu Koko|94\/100 tox|[from] psn\n|upkeep\n|turn|12\n|\n|move|p2a: Toxapex|Baneful Bunker|p2a: Toxapex\n|-singleturn|p2a: Toxapex|move: Protect\n|move|p1a: Tapu Koko|Thunderbolt|p2a: Toxapex\n|-activate|p2a: Toxapex|move: Protect\n|\n|-heal|p2a: Toxapex|100\/100|[from] item: Leftovers\n|-damage|p1a: Tapu Koko|82\/100 tox|[from] psn\n|upkeep\n|turn|13\n|\n|move|p1a: Tapu Koko|Thunderbolt|p2a: Toxapex\n|-supereffective|p2a: Toxapex\n|-damage|p2a: Toxapex|16\/100\n|move|p2a: Toxapex|Recover|p2a: Toxapex\n|-heal|p2a: Toxapex|66\/100\n|\n|-heal|p2a: Toxapex|72\/100|[from] item: Leftovers\n|-damage|p1a: Tapu Koko|64\/100 tox|[from] psn\n|upkeep\n|turn|14\n|\n|move|p2a: Toxapex|Baneful Bunker|p2a: Toxapex\n|-singleturn|p2a: Toxapex|move: Protect\n|move|p1a: Tapu Koko|Thunderbolt|p2a: Toxapex\n|-activate|p2a: Toxapex|move: Protect\n|\n|-heal|p2a: Toxapex|78\/100|[from] item: Leftovers\n|-damage|p1a: Tapu Koko|40\/100 tox|[from] psn\n|upkeep\n|turn|15\n|\n|move|p2a: Toxapex|Baneful Bunker|p2a: Toxapex\n|-singleturn|p2a: Toxapex|move: Protect\n|move|p1a: Tapu Koko|Thunderbolt|p2a: Toxapex\n|-activate|p2a: Toxapex|move: Protect\n|\n|-heal|p2a: Toxapex|84\/100|[from] item: Leftovers\n|-damage|p1a: Tapu Koko|10\/100 tox|[from] psn\n|-fieldend|move: Electric Terrain\n|upkeep\n|turn|16\n|\n|move|p2a: Toxapex|Baneful Bunker|p2a: Toxapex\n|-singleturn|p2a: Toxapex|move: Protect\n|move|p1a: Tapu Koko|Thunderbolt|p2a: Toxapex\n|-activate|p2a: Toxapex|move: Protect\n|\n|-heal|p2a: Toxapex|91\/100|[from] item: Leftovers\n|-damage|p1a: Tapu Koko|0 fnt|[from] psn\n|faint|p1a: Tapu Koko\n|upkeep\n|\n|switch|p1a: Medicham|Medicham-Mega, M|100\/100\n|turn|17\n|\n|move|p2a: Toxapex|Baneful Bunker||[still]\n|-fail|p2a: Toxapex\n|move|p1a: Medicham|Zen Headbutt|p2a: Toxapex|[miss]\n|-miss|p1a: Medicham|p2a: Toxapex\n|\n|-heal|p2a: Toxapex|97\/100|[from] item: Leftovers\n|upkeep\n|turn|18\n|\n|move|p2a: Toxapex|Baneful Bunker|p2a: Toxapex\n|-singleturn|p2a: Toxapex|move: Protect\n|move|p1a: Medicham|Zen Headbutt|p2a: Toxapex\n|-activate|p2a: Toxapex|move: Protect\n|-status|p1a: Medicham|psn\n|\n|-heal|p2a: Toxapex|100\/100|[from] item: Leftovers\n|-damage|p1a: Medicham|88\/100 psn|[from] psn\n|upkeep\n|turn|19\n|\n|move|p1a: Medicham|Zen Headbutt|p2a: Toxapex\n|-supereffective|p2a: Toxapex\n|-damage|p2a: Toxapex|7\/100\n|move|p2a: Toxapex|Liquidation|p1a: Medicham\n|-crit|p1a: Medicham\n|-damage|p1a: Medicham|45\/100 psn\n|\n|-heal|p2a: Toxapex|13\/100|[from] item: Leftovers\n|-damage|p1a: Medicham|33\/100 psn|[from] psn\n|upkeep\n|turn|20\n|\n|move|p2a: Toxapex|Baneful Bunker|p2a: Toxapex\n|-singleturn|p2a: Toxapex|move: Protect\n|move|p1a: Medicham|Zen Headbutt|p2a: Toxapex\n|-activate|p2a: Toxapex|move: Protect\n|\n|-heal|p2a: Toxapex|20\/100|[from] item: Leftovers\n|-damage|p1a: Medicham|20\/100 psn|[from] psn\n|upkeep\n|turn|21\n|\n|move|p2a: Toxapex|Baneful Bunker||[still]\n|-fail|p2a: Toxapex\n|move|p1a: Medicham|Zen Headbutt|p2a: Toxapex\n|-supereffective|p2a: Toxapex\n|-damage|p2a: Toxapex|0 fnt\n|faint|p2a: Toxapex\n|\n|-damage|p1a: Medicham|8\/100 psn|[from] psn\n|upkeep\n|\n|switch|p2a: Serperior|Serperior, M, shiny|20\/100\n|-damage|p2a: Serperior|8\/100|[from] Stealth Rock\n|turn|22\n|\n|switch|p1a: Kartana|Kartana|100\/100\n|move|p2a: Serperior|Leaf Storm|p1a: Kartana\n|-resisted|p1a: Kartana\n|-damage|p1a: Kartana|42\/100\n|-boost|p2a: Serperior|spa|2\n|\n|upkeep\n|turn|23\n|\n|move|p2a: Serperior|Leaf Storm|p1a: Kartana|[miss]\n|-miss|p2a: Serperior|p1a: Kartana\n|move|p1a: Kartana|Leaf Blade|p2a: Serperior\n|-resisted|p2a: Serperior\n|-damage|p2a: Serperior|0 fnt\n|faint|p2a: Serperior\n|-ability|p1a: Kartana|Beast Boost|boost\n|-boost|p1a: Kartana|atk|1\n|\n|upkeep\n|\n|switch|p2a: Infernape|Infernape, F|100\/100\n|-damage|p2a: Infernape|88\/100|[from] Stealth Rock\n|turn|24\n|\n|-zpower|p1a: Kartana\n|move|p1a: Kartana|Breakneck Blitz|p2a: Infernape|[zeffect]\n|-damage|p2a: Infernape|0 fnt\n|faint|p2a: Infernape\n|-ability|p1a: Kartana|Beast Boost|boost\n|-boost|p1a: Kartana|atk|1\n|\n|upkeep\n|\n|switch|p2a: Ninetales|Ninetales-Alola, F|100\/100\n|-damage|p2a: Ninetales|76\/100|[from] Stealth Rock\n|-weather|Hail|[from] ability: Snow Warning|[of] p2a: Ninetales\n|turn|25\n|\n|move|p1a: Kartana|Giga Impact|p2a: Ninetales\n|-damage|p2a: Ninetales|0 fnt\n|-mustrecharge|p1a: Kartana\n|faint|p2a: Ninetales\n|\n|win|Guest 4966308\n|raw|Guest 4966308's rating: 1082 &rarr; <strong>1114<\/strong><br \/>(+32 for winning)\n|raw|THC_wenger's rating: 1132 &rarr; <strong>1103<\/strong><br \/>(-29 for losing)\n|l|\u2606THC_wenger\n","uploadtime":1562935791,"views":4,"p1id":"guest4966308","p2id":"thcwenger","formatid":"gen7ou","rating":1103,"private":0,"password":null}