{"id":"gen7ou-1180153946","p1":"Shardul888","p2":"pegeunicornio","format":"gen7ou","log":"|j|\u2606Shardul888\n|j|\u2606pegeunicornio\n|t:|1599083915\n|player|p1|Shardul888|palmer|1629\n|player|p2|pegeunicornio|brock|1493\n|teamsize|p1|6\n|teamsize|p2|6\n|gametype|singles\n|gen|7\n|tier|[Gen 7] OU\n|rated|\n|clearpoke\n|poke|p1|Venusaur, F|item\n|poke|p1|Dragonite, M|item\n|poke|p1|Magearna|item\n|poke|p1|Toxapex, F|item\n|poke|p1|Gliscor, M|item\n|poke|p1|Entei|item\n|poke|p2|Garchomp, M|item\n|poke|p2|Tyranitar, M|item\n|poke|p2|Gastrodon, M|item\n|poke|p2|Celesteela|item\n|poke|p2|Lycanroc, M|item\n|poke|p2|Skarmory, F|item\n|rule|Sleep Clause Mod: Limit one foe put to sleep\n|rule|Species Clause: Limit one of each Pok\u00e9mon\n|rule|OHKO Clause: OHKO moves are banned\n|rule|Moody Clause: Moody is banned\n|rule|Evasion Moves Clause: Evasion moves are banned\n|rule|Endless Battle Clause: Forcing endless battles is banned\n|rule|HP Percentage Mod: HP is shown in percentages\n|teampreview\n|inactive|Battle timer is ON: inactive players will automatically lose when time's up. (requested by Shardul888)\n|\n|t:|1599083930\n|start\n|switch|p1a: Wonder Woman|Magearna|100\/100\n|switch|p2a: Skarmory|Skarmory, F|100\/100\n|turn|1\n|\n|t:|1599083937\n|switch|p2a: Gastrodon|Gastrodon, M|100\/100\n|switch|p1a: Black Widow|Toxapex, F, shiny|100\/100\n|\n|upkeep\n|turn|2\n|\n|t:|1599083946\n|switch|p2a: Tyranitar|Tyranitar, M|100\/100\n|-weather|Sandstorm|[from] ability: Sand Stream|[of] p2a: Tyranitar\n|move|p1a: Black Widow|Toxic|p2a: Tyranitar\n|-status|p2a: Tyranitar|tox\n|\n|-weather|Sandstorm|[upkeep]\n|-damage|p1a: Black Widow|94\/100|[from] Sandstorm\n|-heal|p1a: Black Widow|100\/100|[from] item: Black Sludge\n|-damage|p2a: Tyranitar|94\/100 tox|[from] psn\n|upkeep\n|turn|3\n|\n|t:|1599083957\n|move|p2a: Tyranitar|Stealth Rock|p1a: Black Widow\n|-sidestart|p1: Shardul888|move: Stealth Rock\n|move|p1a: Black Widow|Scald|p2a: Tyranitar\n|-supereffective|p2a: Tyranitar\n|-damage|p2a: Tyranitar|79\/100 tox\n|\n|-weather|Sandstorm|[upkeep]\n|-damage|p1a: Black Widow|94\/100|[from] Sandstorm\n|-heal|p1a: Black Widow|100\/100|[from] item: Black Sludge\n|-damage|p2a: Tyranitar|67\/100 tox|[from] psn\n|upkeep\n|turn|4\n|\n|t:|1599083968\n|switch|p2a: Garchomp|Garchomp, M|100\/100\n|move|p1a: Black Widow|Scald|p2a: Garchomp\n|-damage|p2a: Garchomp|79\/100\n|-status|p2a: Garchomp|brn\n|\n|-weather|Sandstorm|[upkeep]\n|-damage|p1a: Black Widow|94\/100|[from] Sandstorm\n|-heal|p1a: Black Widow|100\/100|[from] item: Black Sludge\n|-damage|p2a: Garchomp|73\/100 brn|[from] brn\n|upkeep\n|turn|5\n|\n|t:|1599083979\n|switch|p1a: Spiderman|Gliscor, M|100\/100\n|-damage|p1a: Spiderman|88\/100|[from] Stealth Rock\n|detailschange|p2a: Garchomp|Garchomp-Mega, M\n|-mega|p2a: Garchomp|Garchomp|Garchompite\n|move|p2a: Garchomp|Earthquake|p1a: Spiderman\n|-immune|p1a: Spiderman\n|\n|-weather|Sandstorm|[upkeep]\n|-damage|p2a: Garchomp|67\/100 brn|[from] brn\n|-status|p1a: Spiderman|tox|[from] item: Toxic Orb\n|upkeep\n|turn|6\n|\n|t:|1599083991\n|move|p2a: Garchomp|Draco Meteor|p1a: Spiderman\n|-damage|p1a: Spiderman|31\/100 tox\n|-unboost|p2a: Garchomp|spa|2\n|move|p1a: Spiderman|Defog|p2a: Garchomp\n|-unboost|p2a: Garchomp|evasion|1\n|-sideend|p1: Shardul888|Stealth Rock|[from] move: Defog|[of] p1a: Spiderman\n|\n|-weather|Sandstorm|[upkeep]\n|-damage|p2a: Garchomp|61\/100 brn|[from] brn\n|-heal|p1a: Spiderman|44\/100 tox|[from] ability: Poison Heal\n|upkeep\n|turn|7\n|\n|t:|1599084003\n|move|p1a: Spiderman|Protect|p1a: Spiderman\n|-singleturn|p1a: Spiderman|Protect\n|move|p2a: Garchomp|Draco Meteor|p1a: Spiderman\n|-activate|p1a: Spiderman|move: Protect\n|\n|-weather|Sandstorm|[upkeep]\n|-damage|p2a: Garchomp|55\/100 brn|[from] brn\n|-heal|p1a: Spiderman|56\/100 tox|[from] ability: Poison Heal\n|upkeep\n|turn|8\n|\n|t:|1599084013\n|move|p2a: Garchomp|Draco Meteor|p1a: Spiderman\n|-damage|p1a: Spiderman|28\/100 tox\n|-unboost|p2a: Garchomp|spa|2\n|move|p1a: Spiderman|Knock Off|p2a: Garchomp\n|-damage|p2a: Garchomp|42\/100 brn\n|\n|-weather|Sandstorm|[upkeep]\n|-damage|p2a: Garchomp|36\/100 brn|[from] brn\n|-heal|p1a: Spiderman|40\/100 tox|[from] ability: Poison Heal\n|upkeep\n|turn|9\n|\n|t:|1599084024\n|move|p1a: Spiderman|Protect|p1a: Spiderman\n|-singleturn|p1a: Spiderman|Protect\n|move|p2a: Garchomp|Rock Slide|p1a: Spiderman\n|-activate|p1a: Spiderman|move: Protect\n|\n|-weather|none\n|-damage|p2a: Garchomp|30\/100 brn|[from] brn\n|-heal|p1a: Spiderman|53\/100 tox|[from] ability: Poison Heal\n|upkeep\n|turn|10\n|\n|t:|1599084034\n|switch|p2a: Celesteela|Celesteela, shiny|100\/100\n|move|p1a: Spiderman|Protect||[still]\n|-fail|p1a: Spiderman\n|\n|-heal|p1a: Spiderman|65\/100 tox|[from] ability: Poison Heal\n|upkeep\n|turn|11\n|\n|t:|1599084043\n|move|p1a: Spiderman|Knock Off|p2a: Celesteela\n|-crit|p2a: Celesteela\n|-damage|p2a: Celesteela|80\/100\n|-zpower|p2a: Celesteela\n|move|p2a: Celesteela|Supersonic Skystrike|p1a: Spiderman|[zeffect]\n|-damage|p1a: Spiderman|0 fnt\n|faint|p1a: Spiderman\n|-ability|p2a: Celesteela|Beast Boost|boost\n|-boost|p2a: Celesteela|spa|1\n|\n|upkeep\n|\n|t:|1599084054\n|switch|p1a: Thor|Entei, shiny|100\/100\n|-ability|p1a: Thor|Pressure\n|turn|12\n|\n|t:|1599084059\n|switch|p2a: Gastrodon|Gastrodon, M|100\/100\n|move|p1a: Thor|Sacred Fire|p2a: Gastrodon\n|-resisted|p2a: Gastrodon\n|-damage|p2a: Gastrodon|72\/100\n|\n|-heal|p2a: Gastrodon|78\/100|[from] item: Leftovers\n|upkeep\n|turn|13\n|\n|t:|1599084068\n|switch|p1a: Captain America|Venusaur, F|100\/100\n|move|p2a: Gastrodon|Earth Power|p1a: Captain America\n|-damage|p1a: Captain America|77\/100\n|\n|-heal|p2a: Gastrodon|85\/100|[from] item: Leftovers\n|upkeep\n|turn|14\n|\n|t:|1599084076\n|switch|p2a: Skarmory|Skarmory, F|100\/100\n|detailschange|p1a: Captain America|Venusaur-Mega, F\n|-mega|p1a: Captain America|Venusaur|Venusaurite\n|move|p1a: Captain America|Leech Seed|p2a: Skarmory\n|-start|p2a: Skarmory|move: Leech Seed\n|\n|-damage|p2a: Skarmory|88\/100|[from] Leech Seed|[of] p1a: Captain America\n|-heal|p1a: Captain America|87\/100|[silent]\n|upkeep\n|turn|15\n|\n|t:|1599084086\n|switch|p1a: Superman|Dragonite, M|100\/100\n|move|p2a: Skarmory|Brave Bird|p1a: Superman\n|-damage|p1a: Superman|69\/100\n|-damage|p2a: Skarmory|73\/100|[from] Recoil\n|\n|-damage|p2a: Skarmory|61\/100|[from] Leech Seed|[of] p1a: Superman\n|-heal|p1a: Superman|77\/100|[silent]\n|upkeep\n|turn|16\n|\n|t:|1599084096\n|-zpower|p1a: Superman\n|move|p1a: Superman|Inferno Overdrive|p2a: Skarmory|[zeffect]\n|-supereffective|p2a: Skarmory\n|-damage|p2a: Skarmory|0 fnt\n|faint|p2a: Skarmory\n|\n|upkeep\n|\n|t:|1599084108\n|switch|p2a: Tyranitar|Tyranitar, M|67\/100 tox\n|-weather|Sandstorm|[from] ability: Sand Stream|[of] p2a: Tyranitar\n|turn|17\n|\n|t:|1599084114\n|move|p1a: Superman|Earthquake|p2a: Tyranitar\n|-supereffective|p2a: Tyranitar\n|-damage|p2a: Tyranitar|13\/100 tox\n|move|p2a: Tyranitar|Stealth Rock|p1a: Superman\n|-sidestart|p1: Shardul888|move: Stealth Rock\n|\n|-weather|Sandstorm|[upkeep]\n|-damage|p1a: Superman|71\/100|[from] Sandstorm\n|-damage|p2a: Tyranitar|7\/100 tox|[from] psn\n|upkeep\n|turn|18\n|\n|t:|1599084124\n|move|p1a: Superman|Earthquake|p2a: Tyranitar\n|-supereffective|p2a: Tyranitar\n|-damage|p2a: Tyranitar|0 fnt\n|faint|p2a: Tyranitar\n|\n|-weather|Sandstorm|[upkeep]\n|-damage|p1a: Superman|65\/100|[from] Sandstorm\n|upkeep\n|\n|t:|1599084131\n|switch|p2a: Lycanroc|Lycanroc, M|100\/100\n|turn|19\n|\n|t:|1599084135\n|move|p2a: Lycanroc|Stone Edge|p1a: Superman\n|-supereffective|p1a: Superman\n|-damage|p1a: Superman|0 fnt\n|-damage|p2a: Lycanroc|91\/100|[from] item: Life Orb\n|faint|p1a: Superman\n|\n|-weather|Sandstorm|[upkeep]\n|upkeep\n|\n|t:|1599084143\n|switch|p1a: Captain America|Venusaur-Mega, F|87\/100\n|-damage|p1a: Captain America|75\/100|[from] Stealth Rock\n|turn|20\n|\n|t:|1599084150\n|switch|p2a: Celesteela|Celesteela, shiny|80\/100\n|move|p1a: Captain America|Giga Drain|p2a: Celesteela\n|-resisted|p2a: Celesteela\n|-crit|p2a: Celesteela\n|-damage|p2a: Celesteela|68\/100\n|-heal|p1a: Captain America|81\/100|[from] drain|[of] p2a: Celesteela\n|\n|-weather|Sandstorm|[upkeep]\n|-damage|p1a: Captain America|75\/100|[from] Sandstorm\n|upkeep\n|turn|21\n|\n|t:|1599084160\n|move|p2a: Celesteela|Air Slash|p1a: Captain America\n|-supereffective|p1a: Captain America\n|-damage|p1a: Captain America|18\/100\n|move|p1a: Captain America|Leech Seed|p2a: Celesteela|[miss]\n|-miss|p1a: Captain America|p2a: Celesteela\n|\n|-weather|Sandstorm|[upkeep]\n|-damage|p1a: Captain America|11\/100|[from] Sandstorm\n|upkeep\n|turn|22\n|\n|t:|1599084170\n|move|p2a: Celesteela|Autotomize|p2a: Celesteela\n|-boost|p2a: Celesteela|spe|2\n|-start|p2a: Celesteela|Autotomize\n|move|p1a: Captain America|Leech Seed|p2a: Celesteela|[miss]\n|-miss|p1a: Captain America|p2a: Celesteela\n|\n|-weather|Sandstorm|[upkeep]\n|-damage|p1a: Captain America|5\/100|[from] Sandstorm\n|upkeep\n|turn|23\n|\n|t:|1599084180\n|move|p2a: Celesteela|Flamethrower|p1a: Captain America\n|-supereffective|p1a: Captain America\n|-damage|p1a: Captain America|0 fnt\n|faint|p1a: Captain America\n|-ability|p2a: Celesteela|Beast Boost|boost\n|-boost|p2a: Celesteela|spa|1\n|\n|-weather|Sandstorm|[upkeep]\n|upkeep\n|\n|t:|1599084191\n|switch|p1a: Thor|Entei, shiny|100\/100\n|-damage|p1a: Thor|75\/100|[from] Stealth Rock\n|-ability|p1a: Thor|Pressure\n|turn|24\n|\n|t:|1599084196\n|move|p2a: Celesteela|Air Slash|p1a: Thor\n|-damage|p1a: Thor|31\/100\n|move|p1a: Thor|Sacred Fire|p2a: Celesteela\n|-supereffective|p2a: Celesteela\n|-damage|p2a: Celesteela|0 fnt\n|faint|p2a: Celesteela\n|\n|-weather|none\n|upkeep\n|\n|t:|1599084205\n|switch|p2a: Gastrodon|Gastrodon, M|85\/100\n|turn|25\n|\n|t:|1599084210\n|switch|p1a: Black Widow|Toxapex, F, shiny|100\/100\n|-damage|p1a: Black Widow|88\/100|[from] Stealth Rock\n|move|p2a: Gastrodon|Earth Power|p1a: Black Widow\n|-supereffective|p1a: Black Widow\n|-damage|p1a: Black Widow|44\/100\n|\n|-heal|p2a: Gastrodon|91\/100|[from] item: Leftovers\n|-heal|p1a: Black Widow|50\/100|[from] item: Black Sludge\n|upkeep\n|turn|26\n|\n|t:|1599084220\n|move|p2a: Gastrodon|Earth Power|p1a: Black Widow\n|-supereffective|p1a: Black Widow\n|-damage|p1a: Black Widow|4\/100\n|move|p1a: Black Widow|Toxic|p2a: Gastrodon\n|-status|p2a: Gastrodon|tox\n|\n|-heal|p2a: Gastrodon|97\/100 tox|[from] item: Leftovers\n|-heal|p1a: Black Widow|10\/100|[from] item: Black Sludge\n|-damage|p2a: Gastrodon|91\/100 tox|[from] psn\n|upkeep\n|turn|27\n|\n|t:|1599084231\n|move|p1a: Black Widow|Baneful Bunker|p1a: Black Widow\n|-singleturn|p1a: Black Widow|move: Protect\n|move|p2a: Gastrodon|Earth Power|p1a: Black Widow\n|-activate|p1a: Black Widow|move: Protect\n|\n|-heal|p2a: Gastrodon|97\/100 tox|[from] item: Leftovers\n|-heal|p1a: Black Widow|17\/100|[from] item: Black Sludge\n|-damage|p2a: Gastrodon|85\/100 tox|[from] psn\n|upkeep\n|turn|28\n|\n|t:|1599084243\n|move|p1a: Black Widow|Baneful Bunker||[still]\n|-fail|p1a: Black Widow\n|move|p2a: Gastrodon|Earth Power|p1a: Black Widow\n|-supereffective|p1a: Black Widow\n|-damage|p1a: Black Widow|0 fnt\n|faint|p1a: Black Widow\n|\n|-heal|p2a: Gastrodon|91\/100 tox|[from] item: Leftovers\n|-damage|p2a: Gastrodon|72\/100 tox|[from] psn\n|upkeep\n|\n|t:|1599084253\n|switch|p1a: Wonder Woman|Magearna|100\/100\n|-damage|p1a: Wonder Woman|94\/100|[from] Stealth Rock\n|turn|29\n|\n|t:|1599084260\n|move|p1a: Wonder Woman|Ice Beam|p2a: Gastrodon\n|-crit|p2a: Gastrodon\n|-damage|p2a: Gastrodon|43\/100 tox\n|move|p2a: Gastrodon|Earth Power|p1a: Wonder Woman\n|-supereffective|p1a: Wonder Woman\n|-damage|p1a: Wonder Woman|51\/100\n|\n|-heal|p2a: Gastrodon|49\/100 tox|[from] item: Leftovers\n|-damage|p2a: Gastrodon|25\/100 tox|[from] psn\n|upkeep\n|turn|30\n|\n|t:|1599084270\n|switch|p2a: Garchomp|Garchomp-Mega, M|30\/100 brn\n|move|p1a: Wonder Woman|Ice Beam|p2a: Garchomp\n|-supereffective|p2a: Garchomp\n|-damage|p2a: Garchomp|0 fnt\n|faint|p2a: Garchomp\n|-ability|p1a: Wonder Woman|Soul-Heart|boost\n|-boost|p1a: Wonder Woman|spa|1\n|\n|upkeep\n|\n|t:|1599084278\n|switch|p2a: Lycanroc|Lycanroc, M|91\/100\n|turn|31\n|\n|t:|1599084282\n|move|p2a: Lycanroc|Fire Fang|p1a: Wonder Woman\n|-supereffective|p1a: Wonder Woman\n|-damage|p1a: Wonder Woman|7\/100\n|-enditem|p1a: Wonder Woman|Aguav Berry|[eat]\n|-heal|p1a: Wonder Woman|56\/100|[from] item: Aguav Berry\n|-damage|p2a: Lycanroc|81\/100|[from] item: Life Orb\n|move|p1a: Wonder Woman|Flash Cannon|p2a: Lycanroc\n|-supereffective|p2a: Lycanroc\n|-damage|p2a: Lycanroc|0 fnt\n|faint|p2a: Lycanroc\n|-ability|p1a: Wonder Woman|Soul-Heart|boost\n|-boost|p1a: Wonder Woman|spa|1\n|\n|upkeep\n|\n|t:|1599084293\n|switch|p2a: Gastrodon|Gastrodon, M|25\/100 tox\n|turn|32\n|\n|t:|1599084297\n|move|p1a: Wonder Woman|Ice Beam|p2a: Gastrodon\n|-damage|p2a: Gastrodon|0 fnt\n|faint|p2a: Gastrodon\n|\n|win|Shardul888\n","uploadtime":1599084304,"views":3,"p1id":"shardul888","p2id":"pegeunicornio","formatid":"gen7ou","rating":0,"private":0,"password":null}