{"id":"gen7ou-869577990","p1":"Kaylss","p2":"Armando2","format":"gen7ou","log":"|raw|<div class=\"broadcast-red\"><strong>This battle is invite-only!<\/strong><br \/>Users must be rank + or invited with <code>\/invite<\/code> to join<\/div>\n|j|\u2606Kaylss\n|j|\u2606Armando2\n|player|p1|Kaylss|138\n|player|p2|Armando2|267\n|teamsize|p1|6\n|teamsize|p2|6\n|gametype|singles\n|gen|7\n|tier|[Gen 7] OU\n|rated|\n|rule|Sleep Clause Mod: Limit one foe put to sleep\n|rule|Species Clause: Limit one of each Pok\u00e9mon\n|rule|OHKO Clause: OHKO moves are banned\n|rule|Moody Clause: Moody is banned\n|rule|Evasion Moves Clause: Evasion moves are banned\n|rule|Endless Battle Clause: Forcing endless battles is banned\n|rule|HP Percentage Mod: HP is shown in percentages\n|clearpoke\n|poke|p1|Ferrothorn, M|item\n|poke|p1|Lopunny, M|item\n|poke|p1|Heatran, F|item\n|poke|p1|Rotom-Wash|item\n|poke|p1|Gengar, F|item\n|poke|p1|Landorus-Therian, M|item\n|poke|p2|Tapu Fini|item\n|poke|p2|Ferrothorn, M|item\n|poke|p2|Charizard, M|item\n|poke|p2|Landorus-Therian, M|item\n|poke|p2|Tapu Koko|item\n|poke|p2|Greninja, M|item\n|teampreview\n|\n|start\n|switch|p1a: Lopunny|Lopunny, M|100\/100\n|switch|p2a: Landorus|Landorus-Therian, M|100\/100\n|-ability|p2a: Landorus|Intimidate|boost\n|-unboost|p1a: Lopunny|atk|1\n|turn|1\n|\n|detailschange|p1a: Lopunny|Lopunny-Mega, M\n|-mega|p1a: Lopunny|Lopunny|Lopunnite\n|move|p1a: Lopunny|Fake Out|p2a: Landorus\n|-damage|p2a: Landorus|83\/100\n|cant|p2a: Landorus|flinch\n|\n|upkeep\n|turn|2\n|\n|move|p2a: Landorus|U-turn|p1a: Lopunny\n|-resisted|p1a: Lopunny\n|-damage|p1a: Lopunny|84\/100\n|\n|switch|p2a: Charizard|Charizard, M|100\/100\n|move|p1a: Lopunny|High Jump Kick|p2a: Charizard\n|-resisted|p2a: Charizard\n|-damage|p2a: Charizard|66\/100\n|\n|upkeep\n|turn|3\n|\n|switch|p1a: Heatran|Heatran, F|100\/100\n|switch|p2a: Landorus|Landorus-Therian, M|83\/100\n|-ability|p2a: Landorus|Intimidate|boost\n|-unboost|p1a: Heatran|atk|1\n|\n|upkeep\n|turn|4\n|\n|move|p1a: Heatran|Protect|p1a: Heatran\n|-singleturn|p1a: Heatran|Protect\n|move|p2a: Landorus|U-turn|p1a: Heatran\n|-activate|p1a: Heatran|move: Protect\n|\n|upkeep\n|turn|5\n|\n|switch|p2a: Charizard|Charizard, M|66\/100\n|move|p1a: Heatran|Magma Storm|p2a: Charizard\n|-resisted|p2a: Charizard\n|-damage|p2a: Charizard|29\/100\n|-activate|p2a: Charizard|move: Magma Storm|[of] p1a: Heatran\n|\n|-damage|p2a: Charizard|17\/100|[from] move: Magma Storm|[partiallytrapped]\n|upkeep\n|turn|6\n|\n|move|p2a: Charizard|Roost|p2a: Charizard\n|-heal|p2a: Charizard|67\/100\n|-singleturn|p2a: Charizard|move: Roost\n|move|p1a: Heatran|Earth Power|p2a: Charizard\n|-supereffective|p2a: Charizard\n|-damage|p2a: Charizard|0 fnt\n|faint|p2a: Charizard\n|\n|upkeep\n|\n|switch|p2a: Greninja|Greninja, M|100\/100\n|turn|7\n|\n|move|p1a: Heatran|Protect|p1a: Heatran\n|-singleturn|p1a: Heatran|Protect\n|move|p2a: Greninja|Spikes|p1a: Heatran\n|-sidestart|p1: Kaylss|Spikes\n|\n|upkeep\n|turn|8\n|\n|switch|p2a: Tapu Fini|Tapu Fini|100\/100\n|-fieldstart|move: Misty Terrain|[from] ability: Misty Surge|[of] p2a: Tapu Fini\n|move|p1a: Heatran|Magma Storm|p2a: Tapu Fini\n|-resisted|p2a: Tapu Fini\n|-damage|p2a: Tapu Fini|81\/100\n|-activate|p2a: Tapu Fini|move: Magma Storm|[of] p1a: Heatran\n|\n|-heal|p2a: Tapu Fini|87\/100|[from] item: Leftovers\n|-damage|p2a: Tapu Fini|75\/100|[from] move: Magma Storm|[partiallytrapped]\n|upkeep\n|turn|9\n|\n|move|p1a: Heatran|Protect|p1a: Heatran\n|-singleturn|p1a: Heatran|Protect\n|move|p2a: Tapu Fini|Hydro Pump|p1a: Heatran\n|-activate|p1a: Heatran|move: Protect\n|\n|-heal|p2a: Tapu Fini|81\/100|[from] item: Leftovers\n|-damage|p2a: Tapu Fini|68\/100|[from] move: Magma Storm|[partiallytrapped]\n|upkeep\n|turn|10\n|\n|switch|p1a: Ferrothorn|Ferrothorn, M|100\/100\n|-damage|p1a: Ferrothorn|88\/100|[from] Spikes\n|move|p2a: Tapu Fini|Taunt|p1a: Ferrothorn\n|-start|p1a: Ferrothorn|move: Taunt\n|\n|-heal|p2a: Tapu Fini|75\/100|[from] item: Leftovers\n|-heal|p1a: Ferrothorn|94\/100|[from] item: Leftovers\n|-end|p2a: Tapu Fini|Magma Storm|[partiallytrapped]|[silent]\n|upkeep\n|turn|11\n|\n|switch|p2a: Ferrothorn|Ferrothorn, M|100\/100\n|switch|p1a: Heatran|Heatran, F|100\/100\n|-damage|p1a: Heatran|88\/100|[from] Spikes\n|\n|-heal|p1a: Heatran|94\/100|[from] item: Leftovers\n|upkeep\n|turn|12\n|\n|switch|p2a: Greninja|Greninja, M|100\/100\n|move|p1a: Heatran|Magma Storm|p2a: Greninja\n|-resisted|p2a: Greninja\n|-damage|p2a: Greninja|62\/100\n|-activate|p2a: Greninja|move: Magma Storm|[of] p1a: Heatran\n|\n|-heal|p1a: Heatran|100\/100|[from] item: Leftovers\n|-damage|p2a: Greninja|50\/100|[from] move: Magma Storm|[partiallytrapped]\n|-fieldend|Misty Terrain\n|upkeep\n|turn|13\n|\n|move|p1a: Heatran|Protect|p1a: Heatran\n|-singleturn|p1a: Heatran|Protect\n|move|p2a: Greninja|Hydro Pump|p1a: Heatran\n|-activate|p1a: Heatran|move: Protect\n|\n|-damage|p2a: Greninja|37\/100|[from] move: Magma Storm|[partiallytrapped]\n|upkeep\n|turn|14\n|\n|switch|p1a: Rotom|Rotom-Wash|100\/100\n|move|p2a: Greninja|Hydro Pump|p1a: Rotom|[miss]\n|-miss|p2a: Greninja|p1a: Rotom\n|\n|-end|p2a: Greninja|Magma Storm|[partiallytrapped]|[silent]\n|upkeep\n|turn|15\n|\n|switch|p2a: Tapu Koko|Tapu Koko|100\/100\n|-fieldstart|move: Electric Terrain|[from] ability: Electric Surge|[of] p2a: Tapu Koko\n|move|p1a: Rotom|Volt Switch|p2a: Tapu Koko\n|-resisted|p2a: Tapu Koko\n|-damage|p2a: Tapu Koko|79\/100\n|\n|switch|p1a: Lopunny|Lopunny-Mega, M|84\/100\n|-damage|p1a: Lopunny|72\/100|[from] Spikes\n|\n|upkeep\n|turn|16\n|\n|switch|p2a: Landorus|Landorus-Therian, M|83\/100\n|-ability|p2a: Landorus|Intimidate|boost\n|-unboost|p1a: Lopunny|atk|1\n|move|p1a: Lopunny|Fake Out|p2a: Landorus\n|-damage|p2a: Landorus|67\/100\n|\n|upkeep\n|turn|17\n|\n|switch|p1a: Landorus|Landorus-Therian, M|100\/100\n|-ability|p1a: Landorus|Intimidate|boost\n|-unboost|p2a: Landorus|atk|1\n|move|p2a: Landorus|Earthquake|p1a: Landorus\n|-immune|p1a: Landorus\n|\n|upkeep\n|turn|18\n|\n|switch|p2a: Ferrothorn|Ferrothorn, M|100\/100\n|move|p1a: Landorus|U-turn|p2a: Ferrothorn\n|-damage|p2a: Ferrothorn|77\/100\n|-damage|p1a: Landorus|88\/100|[from] ability: Iron Barbs|[of] p2a: Ferrothorn\n|\n|switch|p1a: Heatran|Heatran, F|100\/100\n|-damage|p1a: Heatran|88\/100|[from] Spikes\n|\n|-heal|p1a: Heatran|94\/100|[from] item: Leftovers\n|-heal|p2a: Ferrothorn|83\/100|[from] item: Leftovers\n|upkeep\n|turn|19\n|\n|switch|p2a: Tapu Fini|Tapu Fini|75\/100\n|-fieldstart|move: Misty Terrain|[from] ability: Misty Surge|[of] p2a: Tapu Fini\n|move|p1a: Heatran|Magma Storm|p2a: Tapu Fini\n|-resisted|p2a: Tapu Fini\n|-damage|p2a: Tapu Fini|55\/100\n|-activate|p2a: Tapu Fini|move: Magma Storm|[of] p1a: Heatran\n|\n|-heal|p2a: Tapu Fini|61\/100|[from] item: Leftovers\n|-heal|p1a: Heatran|100\/100|[from] item: Leftovers\n|-damage|p2a: Tapu Fini|49\/100|[from] move: Magma Storm|[partiallytrapped]\n|upkeep\n|turn|20\n|\n|move|p1a: Heatran|Protect|p1a: Heatran\n|-singleturn|p1a: Heatran|Protect\n|move|p2a: Tapu Fini|Hydro Pump|p1a: Heatran\n|-activate|p1a: Heatran|move: Protect\n|\n|-heal|p2a: Tapu Fini|55\/100|[from] item: Leftovers\n|-damage|p2a: Tapu Fini|42\/100|[from] move: Magma Storm|[partiallytrapped]\n|upkeep\n|turn|21\n|\n|switch|p1a: Ferrothorn|Ferrothorn, M|94\/100\n|-damage|p1a: Ferrothorn|82\/100|[from] Spikes\n|move|p2a: Tapu Fini|Hydro Pump|p1a: Ferrothorn\n|-resisted|p1a: Ferrothorn\n|-damage|p1a: Ferrothorn|71\/100\n|\n|-heal|p2a: Tapu Fini|49\/100|[from] item: Leftovers\n|-heal|p1a: Ferrothorn|77\/100|[from] item: Leftovers\n|-end|p2a: Tapu Fini|Magma Storm|[partiallytrapped]|[silent]\n|upkeep\n|turn|22\n|\n|switch|p2a: Landorus|Landorus-Therian, M|67\/100\n|-ability|p2a: Landorus|Intimidate|boost\n|-unboost|p1a: Ferrothorn|atk|1\n|move|p1a: Ferrothorn|Stealth Rock|p2a: Landorus\n|-sidestart|p2: Armando2|move: Stealth Rock\n|\n|-heal|p1a: Ferrothorn|83\/100|[from] item: Leftovers\n|upkeep\n|turn|23\n|\n|move|p1a: Ferrothorn|Protect|p1a: Ferrothorn\n|-singleturn|p1a: Ferrothorn|Protect\n|move|p2a: Landorus|Earthquake|p1a: Ferrothorn\n|-activate|p1a: Ferrothorn|move: Protect\n|\n|-heal|p1a: Ferrothorn|90\/100|[from] item: Leftovers\n|-fieldend|Misty Terrain\n|upkeep\n|turn|24\n|-message|Armando2 forfeited.\n|\n|win|Kaylss\n|l|\u2606Armando2\n|raw|Kaylss's rating: 1526 &rarr; <strong>1545<\/strong><br \/>(+19 for winning)\n|raw|Armando2's rating: 1498 &rarr; <strong>1479<\/strong><br \/>(-19 for losing)\n|c|\u2606Kaylss|\/log Kaylss made this room public.\n","uploadtime":1551473754,"views":11,"p1id":"kaylss","p2id":"armando2","formatid":"gen7ou","rating":1479,"private":0,"password":null}