{"id":"gen7uu-955456105","p1":"BugCatcherWeevil","p2":"Lil sticky","format":"gen7uu","log":"|j|\u2606BugCatcherWeevil\n|j|\u2606Lil sticky\n|player|p1|BugCatcherWeevil|7|1452\n|player|p2|Lil sticky|130|1357\n|teamsize|p1|6\n|teamsize|p2|6\n|gametype|singles\n|gen|7\n|tier|[Gen 7] UU\n|rated|\n|html|<div class=\"broadcast-blue\"><strong>UU is currently suspecting Drizzle and Drought! For information on how to participate check out the <a href=\"https:\/\/www.smogon.com\/forums\/threads\/3653094\/\">suspect thread<\/a>.<\/strong><\/div>\n|rule|Sleep Clause Mod: Limit one foe put to sleep\n|rule|Species Clause: Limit one of each Pok\u00e9mon\n|rule|OHKO Clause: OHKO moves are banned\n|rule|Moody Clause: Moody is banned\n|rule|Evasion Moves Clause: Evasion moves are banned\n|rule|Endless Battle Clause: Forcing endless battles is banned\n|rule|HP Percentage Mod: HP is shown in percentages\n|clearpoke\n|poke|p1|Torkoal, M|item\n|poke|p1|Houndoom, M|item\n|poke|p1|Venusaur, F|item\n|poke|p1|Krookodile, F|item\n|poke|p1|Latias, F|item\n|poke|p1|Klefki, M|item\n|poke|p2|Torkoal, M|item\n|poke|p2|Houndoom, M|item\n|poke|p2|Empoleon, F|item\n|poke|p2|Xatu, M|item\n|poke|p2|Krookodile, M|item\n|poke|p2|Reuniclus, M|item\n|teampreview\n|\n|start\n|switch|p1a: Krookodile|Krookodile, F|100\/100\n|switch|p2a: Reuniclus|Reuniclus, M|100\/100\n|-ability|p1a: Krookodile|Intimidate|boost\n|-unboost|p2a: Reuniclus|atk|1\n|turn|1\n|\n|move|p1a: Krookodile|Knock Off|p2a: Reuniclus\n|-supereffective|p2a: Reuniclus\n|-damage|p2a: Reuniclus|36\/100\n|-enditem|p2a: Reuniclus|Leftovers|[from] move: Knock Off|[of] p1a: Krookodile\n|move|p2a: Reuniclus|Focus Blast|p1a: Krookodile\n|-supereffective|p1a: Krookodile\n|-damage|p1a: Krookodile|9\/100\n|\n|upkeep\n|turn|2\n|\n|move|p1a: Krookodile|Pursuit|p2a: Reuniclus\n|-supereffective|p2a: Reuniclus\n|-damage|p2a: Reuniclus|9\/100\n|move|p2a: Reuniclus|Recover|p2a: Reuniclus\n|-heal|p2a: Reuniclus|59\/100\n|\n|upkeep\n|turn|3\n|\n|switch|p2a: Cerberus|Houndoom, M, shiny|100\/100\n|move|p1a: Krookodile|Taunt|p2a: Cerberus\n|-start|p2a: Cerberus|move: Taunt\n|\n|upkeep\n|turn|4\n|\n|switch|p1a: Latias|Latias, F|100\/100\n|detailschange|p2a: Cerberus|Houndoom-Mega, M, shiny\n|-mega|p2a: Cerberus|Houndoom|Houndoominite\n|move|p2a: Cerberus|Dark Pulse|p1a: Latias\n|-supereffective|p1a: Latias\n|-damage|p1a: Latias|16\/100\n|\n|upkeep\n|turn|5\n|\n|switch|p2a: Empoleon|Empoleon, F|100\/100\n|move|p1a: Latias|Draco Meteor|p2a: Empoleon\n|-resisted|p2a: Empoleon\n|-damage|p2a: Empoleon|79\/100\n|-unboost|p1a: Latias|spa|2\n|\n|-heal|p2a: Empoleon|85\/100|[from] item: Leftovers\n|upkeep\n|turn|6\n|\n|switch|p1a: Venusaur|Venusaur, F|100\/100\n|move|p2a: Empoleon|Knock Off|p1a: Venusaur\n|-crit|p1a: Venusaur\n|-damage|p1a: Venusaur|78\/100\n|\n|-heal|p2a: Empoleon|92\/100|[from] item: Leftovers\n|upkeep\n|turn|7\n|\n|switch|p2a: Xatu|Xatu, M|100\/100\n|move|p1a: Venusaur|Growth|p1a: Venusaur\n|-boost|p1a: Venusaur|atk|1\n|-boost|p1a: Venusaur|spa|1\n|\n|upkeep\n|turn|8\n|\n|move|p2a: Xatu|Heat Wave|p1a: Venusaur\n|-supereffective|p1a: Venusaur\n|-damage|p1a: Venusaur|34\/100\n|move|p1a: Venusaur|Sludge Bomb|p2a: Xatu\n|-damage|p2a: Xatu|9\/100\n|\n|upkeep\n|turn|9\n|\n|switch|p1a: Houndoom|Houndoom, M|100\/100\n|move|p2a: Xatu|U-turn|p1a: Houndoom\n|-damage|p1a: Houndoom|76\/100\n|\n|switch|p2a: Krookodile|Krookodile, M|100\/100|[from]move: U-turn\n|-ability|p2a: Krookodile|Intimidate|boost\n|-unboost|p1a: Houndoom|atk|1\n|\n|upkeep\n|turn|10\n|\n|switch|p1a: Krookodile|Krookodile, F|9\/100\n|-ability|p1a: Krookodile|Intimidate|boost\n|-unboost|p2a: Krookodile|atk|1\n|move|p2a: Krookodile|Earthquake|p1a: Krookodile\n|-damage|p1a: Krookodile|0 fnt\n|faint|p1a: Krookodile\n|\n|upkeep\n|\n|switch|p1a: Torkoal|Torkoal, M|100\/100\n|-weather|SunnyDay|[from] ability: Drought|[of] p1a: Torkoal\n|turn|11\n|\n|move|p2a: Krookodile|Earthquake|p1a: Torkoal\n|-supereffective|p1a: Torkoal\n|-damage|p1a: Torkoal|66\/100\n|move|p1a: Torkoal|Lava Plume|p2a: Krookodile\n|-damage|p2a: Krookodile|48\/100\n|\n|-weather|SunnyDay|[upkeep]\n|upkeep\n|turn|12\n|\n|switch|p2a: Xatu|Xatu, M|9\/100\n|move|p1a: Torkoal|Stealth Rock|p2a: Xatu\n|move|p2a: Xatu|Stealth Rock|p1a: Torkoal|[from]Magic Bounce\n|-sidestart|p1: BugCatcherWeevil|move: Stealth Rock\n|\n|-weather|SunnyDay|[upkeep]\n|upkeep\n|turn|13\n|-message|BugCatcherWeevil forfeited.\n|\n|win|Lil sticky\n|l|\u2606BugCatcherWeevil\n|raw|BugCatcherWeevil's rating: 1452 &rarr; <strong>1427<\/strong><br \/>(-25 for losing)\n|raw|Lil sticky's rating: 1358 &rarr; <strong>1383<\/strong><br \/>(+25 for winning)\n","uploadtime":1564953687,"views":2,"p1id":"bugcatcherweevil","p2id":"lilsticky","formatid":"gen7uu","rating":1383,"private":0,"password":null}