{"id":"gen7ou-990406587","p1":"Storm Zone","p2":"Jakkkkkka","format":"gen7ou","log":"|j|\u2606Storm Zone\n|j|\u2606Jakkkkkka\n|player|p1|Storm Zone|zinnia|1867\n|player|p2|Jakkkkkka|137|1714\n|teamsize|p1|6\n|teamsize|p2|6\n|gametype|singles\n|gen|7\n|tier|[Gen 7] OU\n|rated|\n|rule|Sleep Clause Mod: Limit one foe put to sleep\n|rule|Species Clause: Limit one of each Pok\u00e9mon\n|rule|OHKO Clause: OHKO moves are banned\n|rule|Moody Clause: Moody is banned\n|rule|Evasion Moves Clause: Evasion moves are banned\n|rule|Endless Battle Clause: Forcing endless battles is banned\n|rule|HP Percentage Mod: HP is shown in percentages\n|clearpoke\n|poke|p1|Blacephalon|item\n|poke|p1|Meloetta|item\n|poke|p1|Lopunny, M|item\n|poke|p1|Landorus-Therian, M|item\n|poke|p1|Tapu Fini|item\n|poke|p1|Ferrothorn, M|item\n|poke|p2|Zapdos|item\n|poke|p2|Greninja, M|item\n|poke|p2|Garchomp, M|item\n|poke|p2|Tapu Bulu|item\n|poke|p2|Heatran, F|item\n|poke|p2|Medicham, M|item\n|teampreview\n|j| shimeon91\n|\n|start\n|switch|p1a: Enten|Landorus-Therian, M|100\/100\n|switch|p2a: Garchomp|Garchomp, M|100\/100\n|-ability|p1a: Enten|Intimidate|boost\n|-unboost|p2a: Garchomp|atk|1\n|turn|1\n|\n|move|p2a: Garchomp|Stealth Rock|p1a: Enten\n|-sidestart|p1: Storm Zone|move: Stealth Rock\n|move|p1a: Enten|U-turn|p2a: Garchomp\n|-damage|p2a: Garchomp|78\/100\n|-damage|p1a: Enten|88\/100|[from] ability: Rough Skin|[of] p2a: Garchomp\n|\n|switch|p1a: Genesis|Lopunny, M, shiny|100\/100|[from]move: U-turn\n|-damage|p1a: Genesis|88\/100|[from] Stealth Rock\n|\n|upkeep\n|turn|2\n|\n|switch|p2a: Zapdos|Zapdos|100\/100\n|switch|p1a: Calamity|Tapu Fini|100\/100\n|-damage|p1a: Calamity|88\/100|[from] Stealth Rock\n|-fieldstart|move: Misty Terrain|[from] ability: Misty Surge|[of] p1a: Calamity\n|\n|-heal|p1a: Calamity|94\/100|[from] item: Leftovers\n|upkeep\n|turn|3\n|j| Arenophile\n|\n|move|p1a: Calamity|Defog|p2a: Zapdos\n|-unboost|p2a: Zapdos|evasion|1\n|-sideend|p1: Storm Zone|Stealth Rock|[from] move: Defog|[of] p1a: Calamity\n|move|p2a: Zapdos|Volt Switch|p1a: Calamity\n|-supereffective|p1a: Calamity\n|-damage|p1a: Calamity|49\/100\n|\n|switch|p2a: Medicham|Medicham, M|100\/100|[from]move: Volt Switch\n|\n|-heal|p1a: Calamity|55\/100|[from] item: Leftovers\n|upkeep\n|turn|4\n|\n|switch|p1a: Enten|Landorus-Therian, M|88\/100\n|-ability|p1a: Enten|Intimidate|boost\n|-unboost|p2a: Medicham|atk|1\n|detailschange|p2a: Medicham|Medicham-Mega, M\n|-mega|p2a: Medicham|Medicham|Medichamite\n|move|p2a: Medicham|Zen Headbutt|p1a: Enten\n|-damage|p1a: Enten|56\/100\n|-damage|p2a: Medicham|84\/100|[from] item: Rocky Helmet|[of] p1a: Enten\n|\n|upkeep\n|turn|5\n|\n|switch|p1a: Temple|Ferrothorn, M|100\/100\n|move|p2a: Medicham|Ice Punch|p1a: Temple\n|-damage|p1a: Temple|79\/100\n|-damage|p2a: Medicham|72\/100|[from] ability: Iron Barbs|[of] p1a: Temple\n|\n|upkeep\n|turn|6\n|\n|move|p2a: Medicham|High Jump Kick|p1a: Temple\n|-supereffective|p1a: Temple\n|-damage|p1a: Temple|0 fnt\n|-damage|p2a: Medicham|60\/100|[from] ability: Iron Barbs|[of] p1a: Temple\n|faint|p1a: Temple\n|\n|-fieldend|Misty Terrain\n|upkeep\n|\n|switch|p1a: Genesis|Lopunny, M, shiny|88\/100\n|turn|7\n|\n|switch|p2a: Zapdos|Zapdos|100\/100\n|detailschange|p1a: Genesis|Lopunny-Mega, M, shiny\n|-mega|p1a: Genesis|Lopunny|Lopunnite\n|move|p1a: Genesis|Frustration|p2a: Zapdos\n|-damage|p2a: Zapdos|60\/100\n|\n|-heal|p2a: Zapdos|66\/100|[from] item: Leftovers\n|upkeep\n|turn|8\n|\n|switch|p1a: Calamity|Tapu Fini|55\/100\n|-fieldstart|move: Misty Terrain|[from] ability: Misty Surge|[of] p1a: Calamity\n|move|p2a: Zapdos|Hidden Power|p1a: Calamity\n|-resisted|p1a: Calamity\n|-damage|p1a: Calamity|49\/100\n|\n|-heal|p1a: Calamity|55\/100|[from] item: Leftovers\n|-heal|p2a: Zapdos|72\/100|[from] item: Leftovers\n|upkeep\n|turn|9\n|\n|move|p1a: Calamity|Nature's Madness|p2a: Zapdos\n|-damage|p2a: Zapdos|36\/100\n|move|p2a: Zapdos|Volt Switch|p1a: Calamity\n|-supereffective|p1a: Calamity\n|-damage|p1a: Calamity|12\/100\n|\n|switch|p2a: Garchomp|Garchomp, M|78\/100|[from]move: Volt Switch\n|\n|-heal|p1a: Calamity|19\/100|[from] item: Leftovers\n|upkeep\n|turn|10\n|l| shimeon91\n|\n|move|p2a: Garchomp|Earthquake|p1a: Calamity\n|-damage|p1a: Calamity|0 fnt\n|faint|p1a: Calamity\n|\n|upkeep\n|\n|switch|p1a: Genesis|Lopunny-Mega, M, shiny|88\/100\n|turn|11\n|\n|switch|p2a: Heatran|Heatran, F|100\/100\n|move|p1a: Genesis|High Jump Kick|p2a: Heatran\n|-supereffective|p2a: Heatran\n|-crit|p2a: Heatran\n|-damage|p2a: Heatran|0 fnt\n|faint|p2a: Heatran\n|\n|upkeep\n|\n|switch|p2a: Medicham|Medicham-Mega, M|60\/100\n|turn|12\n|\n|move|p2a: Medicham|Fake Out|p1a: Genesis\n|-damage|p1a: Genesis|58\/100\n|cant|p1a: Genesis|flinch\n|\n|-fieldend|Misty Terrain\n|upkeep\n|turn|13\n|\n|switch|p2a: Zapdos|Zapdos|36\/100\n|move|p1a: Genesis|Frustration|p2a: Zapdos\n|-damage|p2a: Zapdos|0 fnt\n|faint|p2a: Zapdos\n|\n|upkeep\n|\n|switch|p2a: Greninja|Greninja, M|100\/100\n|turn|14\n|\n|move|p2a: Greninja|Gunk Shot|p1a: Genesis\n|-start|p2a: Greninja|typechange|Poison|[from] ability: Protean\n|-damage|p1a: Genesis|0 fnt\n|faint|p1a: Genesis\n|\n|upkeep\n|\n|switch|p1a: Enten|Landorus-Therian, M|56\/100\n|-ability|p1a: Enten|Intimidate|boost\n|-unboost|p2a: Greninja|atk|1\n|turn|15\n|\n|switch|p2a: Tapu Bulu|Tapu Bulu|100\/100\n|-fieldstart|move: Grassy Terrain|[from] ability: Grassy Surge|[of] p2a: Tapu Bulu\n|move|p1a: Enten|Stealth Rock|p2a: Tapu Bulu\n|-sidestart|p2: Jakkkkkka|move: Stealth Rock\n|\n|upkeep\n|turn|16\n|\n|move|p1a: Enten|U-turn|p2a: Tapu Bulu\n|-damage|p2a: Tapu Bulu|81\/100\n|j| WhiteDevilK\n|\n|switch|p1a: Apocalypse|Blacephalon|100\/100|[from]move: U-turn\n|move|p2a: Tapu Bulu|Swords Dance|p2a: Tapu Bulu\n|-boost|p2a: Tapu Bulu|atk|2\n|\n|-heal|p2a: Tapu Bulu|87\/100|[from] item: Leftovers\n|-heal|p2a: Tapu Bulu|93\/100|[from] Grassy Terrain\n|upkeep\n|turn|17\n|\n|move|p2a: Tapu Bulu|Protect|p2a: Tapu Bulu\n|-singleturn|p2a: Tapu Bulu|Protect\n|move|p1a: Apocalypse|Fire Blast|p2a: Tapu Bulu\n|-activate|p2a: Tapu Bulu|move: Protect\n|\n|-heal|p2a: Tapu Bulu|99\/100|[from] item: Leftovers\n|-heal|p2a: Tapu Bulu|100\/100|[from] Grassy Terrain\n|upkeep\n|turn|18\n|l| WhiteDevilK\n|\n|move|p1a: Apocalypse|Fire Blast|p2a: Tapu Bulu\n|-supereffective|p2a: Tapu Bulu\n|-damage|p2a: Tapu Bulu|12\/100\n|move|p2a: Tapu Bulu|Horn Leech|p1a: Apocalypse\n|-resisted|p1a: Apocalypse\n|-damage|p1a: Apocalypse|13\/100\n|-heal|p2a: Tapu Bulu|50\/100|[from] drain|[of] p1a: Apocalypse\n|-enditem|p1a: Apocalypse|Aguav Berry|[eat]\n|-heal|p1a: Apocalypse|63\/100|[from] item: Aguav Berry\n|\n|-heal|p1a: Apocalypse|69\/100|[from] Grassy Terrain\n|-heal|p2a: Tapu Bulu|57\/100|[from] item: Leftovers\n|-heal|p2a: Tapu Bulu|63\/100|[from] Grassy Terrain\n|upkeep\n|turn|19\n|\n|switch|p2a: Greninja|Greninja, M|100\/100\n|-damage|p2a: Greninja|88\/100|[from] Stealth Rock\n|move|p1a: Apocalypse|Fire Blast|p2a: Greninja\n|-resisted|p2a: Greninja\n|-damage|p2a: Greninja|47\/100\n|\n|-heal|p2a: Greninja|53\/100|[from] Grassy Terrain\n|-heal|p1a: Apocalypse|76\/100|[from] Grassy Terrain\n|-fieldend|move: Grassy Terrain\n|upkeep\n|turn|20\n|\n|switch|p1a: Enten|Landorus-Therian, M|56\/100\n|-ability|p1a: Enten|Intimidate|boost\n|-unboost|p2a: Greninja|atk|1\n|move|p2a: Greninja|U-turn|p1a: Enten\n|-start|p2a: Greninja|typechange|Bug|[from] ability: Protean\n|-resisted|p1a: Enten\n|-damage|p1a: Enten|49\/100\n|-damage|p2a: Greninja|37\/100|[from] item: Rocky Helmet|[of] p1a: Enten\n|\n|switch|p2a: Garchomp|Garchomp, M|78\/100|[from]move: U-turn\n|-damage|p2a: Garchomp|71\/100|[from] Stealth Rock\n|\n|upkeep\n|turn|21\n|\n|move|p2a: Garchomp|Stealth Rock|p1a: Enten\n|-sidestart|p1: Storm Zone|move: Stealth Rock\n|move|p1a: Enten|U-turn|p2a: Garchomp\n|-damage|p2a: Garchomp|48\/100\n|-damage|p1a: Enten|37\/100|[from] ability: Rough Skin|[of] p2a: Garchomp\n|\n|switch|p1a: Apocalypse|Blacephalon|76\/100|[from]move: U-turn\n|-damage|p1a: Apocalypse|51\/100|[from] Stealth Rock\n|\n|upkeep\n|turn|22\n|\n|move|p1a: Apocalypse|Shadow Ball|p2a: Garchomp\n|-damage|p2a: Garchomp|0 fnt\n|faint|p2a: Garchomp\n|-ability|p1a: Apocalypse|Beast Boost|boost\n|-boost|p1a: Apocalypse|spe|1\n|\n|upkeep\n|\n|switch|p2a: Greninja|Greninja, M|37\/100\n|-damage|p2a: Greninja|24\/100|[from] Stealth Rock\n|turn|23\n|\n|switch|p1a: Enten|Landorus-Therian, M|37\/100\n|-damage|p1a: Enten|24\/100|[from] Stealth Rock\n|-ability|p1a: Enten|Intimidate|boost\n|-unboost|p2a: Greninja|atk|1\n|move|p2a: Greninja|Gunk Shot|p1a: Enten\n|-start|p2a: Greninja|typechange|Poison|[from] ability: Protean\n|-resisted|p1a: Enten\n|-damage|p1a: Enten|11\/100\n|-status|p1a: Enten|psn\n|\n|-damage|p1a: Enten|0 fnt|[from] psn\n|faint|p1a: Enten\n|upkeep\n|\n|switch|p1a: Zelda|Meloetta|100\/100\n|-damage|p1a: Zelda|88\/100|[from] Stealth Rock\n|turn|24\n|\n|move|p2a: Greninja|Gunk Shot|p1a: Zelda\n|-damage|p1a: Zelda|47\/100\n|-zpower|p1a: Zelda\n|move|p1a: Zelda|Z-Celebrate|p1a: Zelda|[anim]Celebrate\n|-boost|p1a: Zelda|atk|1|[zeffect]\n|-boost|p1a: Zelda|def|1|[zeffect]\n|-boost|p1a: Zelda|spa|1|[zeffect]\n|-boost|p1a: Zelda|spd|1|[zeffect]\n|-boost|p1a: Zelda|spe|1|[zeffect]\n|-activate|p1a: Zelda|move: Celebrate\n|\n|upkeep\n|turn|25\n|\n|move|p2a: Greninja|Gunk Shot|p1a: Zelda\n|-damage|p1a: Zelda|19\/100\n|move|p1a: Zelda|Hyper Voice|p2a: Greninja\n|-damage|p2a: Greninja|0 fnt\n|faint|p2a: Greninja\n|\n|upkeep\n|\n|switch|p2a: Medicham|Medicham-Mega, M|60\/100\n|-damage|p2a: Medicham|53\/100|[from] Stealth Rock\n|turn|26\n|\n|move|p2a: Medicham|Fake Out|p1a: Zelda\n|-crit|p1a: Zelda\n|-damage|p1a: Zelda|0 fnt\n|faint|p1a: Zelda\n|\n|upkeep\n|\n|switch|p1a: Apocalypse|Blacephalon|51\/100\n|-damage|p1a: Apocalypse|26\/100|[from] Stealth Rock\n|turn|27\n|\n|move|p1a: Apocalypse|Shadow Ball|p2a: Medicham\n|-supereffective|p2a: Medicham\n|-damage|p2a: Medicham|0 fnt\n|faint|p2a: Medicham\n|-ability|p1a: Apocalypse|Beast Boost|boost\n|-boost|p1a: Apocalypse|spe|1\n|\n|upkeep\n|\n|switch|p2a: Tapu Bulu|Tapu Bulu|63\/100\n|-damage|p2a: Tapu Bulu|50\/100|[from] Stealth Rock\n|-fieldstart|move: Grassy Terrain|[from] ability: Grassy Surge|[of] p2a: Tapu Bulu\n|turn|28\n|\n|move|p1a: Apocalypse|Fire Blast|p2a: Tapu Bulu\n|-supereffective|p2a: Tapu Bulu\n|-damage|p2a: Tapu Bulu|0 fnt\n|faint|p2a: Tapu Bulu\n|\n|win|Storm Zone\n","uploadtime":1570747480,"views":75,"p1id":"stormzone","p2id":"jakkkkkka","formatid":"gen7ou","rating":0,"private":0,"password":null}