{"id":"gen7ou-831217260","p1":"CarlyBae","p2":"smee maimen","format":"gen7ou","log":"|raw|<div class=\"broadcast-red\"><strong>This battle is invite-only!<\/strong><br \/>Users must be rank + or invited with <code>\/invite<\/code> to join<\/div>\n|j|\u2606CarlyBae\n|j|\u2606smee maimen\n|player|p1|CarlyBae|138\n|player|p2|smee maimen|84\n|teamsize|p1|6\n|teamsize|p2|6\n|gametype|singles\n|gen|7\n|tier|[Gen 7] OU\n|rated|\n|rule|Sleep Clause Mod: Limit one foe put to sleep\n|rule|Species Clause: Limit one of each Pok\u00e9mon\n|rule|OHKO Clause: OHKO moves are banned\n|rule|Moody Clause: Moody is banned\n|rule|Evasion Moves Clause: Evasion moves are banned\n|rule|Endless Battle Clause: Forcing endless battles is banned\n|rule|HP Percentage Mod: HP is shown in percentages\n|clearpoke\n|poke|p1|Lopunny, F|item\n|poke|p1|Magearna|item\n|poke|p1|Landorus-Therian, M|item\n|poke|p1|Zygarde|item\n|poke|p1|Greninja, M|item\n|poke|p1|Tornadus-Therian, M|item\n|poke|p2|Skarmory, M|item\n|poke|p2|Tyranitar, M|item\n|poke|p2|Buzzwole|item\n|poke|p2|Aggron, M|item\n|poke|p2|Magnezone|item\n|poke|p2|Swampert, M|item\n|teampreview\n|\n|start\n|switch|p1a: Lopunny|Lopunny, F|100\/100\n|switch|p2a: Bill \"CIA\" Wilson|Swampert, M|100\/100\n|turn|1\n|\n|detailschange|p1a: Lopunny|Lopunny-Mega, F\n|-mega|p1a: Lopunny|Lopunny|Lopunnite\n|move|p1a: Lopunny|Fake Out|p2a: Bill \"CIA\" Wilson\n|-damage|p2a: Bill \"CIA\" Wilson|80\/100\n|cant|p2a: Bill \"CIA\" Wilson|flinch\n|\n|upkeep\n|turn|2\n|\n|switch|p2a: Bane|Buzzwole|100\/100\n|move|p1a: Lopunny|High Jump Kick|p2a: Bane\n|-resisted|p2a: Bane\n|-damage|p2a: Bane|80\/100\n|\n|upkeep\n|turn|3\n|\n|switch|p1a: Magearna|Magearna|100\/100\n|move|p2a: Bane|Drain Punch|p1a: Magearna\n|-damage|p1a: Magearna|63\/100\n|-heal|p2a: Bane|96\/100|[from] drain|[of] p1a: Magearna\n|\n|upkeep\n|turn|4\n|\n|switch|p2a: Bill \"CIA\" Wilson|Swampert, M|80\/100\n|switch|p1a: Tornadus|Tornadus-Therian, M|100\/100\n|\n|upkeep\n|turn|5\n|\n|move|p1a: Tornadus|Taunt|p2a: Bill \"CIA\" Wilson\n|-start|p2a: Bill \"CIA\" Wilson|move: Taunt\n|move|p2a: Bill \"CIA\" Wilson|Scald|p1a: Tornadus\n|-damage|p1a: Tornadus|66\/100\n|\n|upkeep\n|turn|6\n|\n|move|p1a: Tornadus|Hurricane|p2a: Bill \"CIA\" Wilson\n|-damage|p2a: Bill \"CIA\" Wilson|54\/100\n|move|p2a: Bill \"CIA\" Wilson|Ice Beam|p1a: Tornadus\n|-supereffective|p1a: Tornadus\n|-damage|p1a: Tornadus|15\/100\n|\n|upkeep\n|turn|7\n|\n|switch|p1a: Magearna|Magearna|63\/100\n|move|p2a: Bill \"CIA\" Wilson|Scald|p1a: Magearna\n|-damage|p1a: Magearna|48\/100\n|\n|-end|p2a: Bill \"CIA\" Wilson|move: Taunt\n|upkeep\n|turn|8\n|\n|switch|p1a: Greninja|Greninja, M|100\/100\n|move|p2a: Bill \"CIA\" Wilson|Earth Power|p1a: Greninja\n|-damage|p1a: Greninja|44\/100\n|\n|upkeep\n|turn|9\n|\n|move|p1a: Greninja|Hydro Pump|p2a: Bill \"CIA\" Wilson\n|-damage|p2a: Bill \"CIA\" Wilson|12\/100\n|move|p2a: Bill \"CIA\" Wilson|Earth Power|p1a: Greninja\n|-damage|p1a: Greninja|0 fnt\n|faint|p1a: Greninja\n|\n|upkeep\n|\n|switch|p1a: Lopunny|Lopunny-Mega, F|100\/100\n|turn|10\n|\n|move|p1a: Lopunny|Power-Up Punch|p2a: Bill \"CIA\" Wilson\n|-crit|p2a: Bill \"CIA\" Wilson\n|-damage|p2a: Bill \"CIA\" Wilson|0 fnt\n|-boost|p1a: Lopunny|atk|1\n|faint|p2a: Bill \"CIA\" Wilson\n|\n|upkeep\n|\n|switch|p2a: Bane|Buzzwole|96\/100\n|turn|11\n|\n|switch|p1a: Tornadus|Tornadus-Therian, M|48\/100\n|move|p2a: Bane|Drain Punch|p1a: Tornadus\n|-resisted|p1a: Tornadus\n|-damage|p1a: Tornadus|23\/100\n|-heal|p2a: Bane|100\/100|[from] drain|[of] p1a: Tornadus\n|-damage|p2a: Bane|84\/100|[from] item: Rocky Helmet|[of] p1a: Tornadus\n|\n|upkeep\n|turn|12\n|\n|switch|p1a: Landorus|Landorus-Therian, M|100\/100\n|-ability|p1a: Landorus|Intimidate|boost\n|-unboost|p2a: Bane|atk|1\n|switch|p2a: A Hired Gun|Tyranitar, M|100\/100\n|-weather|Sandstorm|[from] ability: Sand Stream|[of] p2a: A Hired Gun\n|\n|-weather|Sandstorm|[upkeep]\n|upkeep\n|turn|13\n|\n|move|p1a: Landorus|Stealth Rock|p2a: A Hired Gun\n|-sidestart|p2: smee maimen|move: Stealth Rock\n|move|p2a: A Hired Gun|Stone Edge|p1a: Landorus\n|-damage|p1a: Landorus|39\/100\n|\n|-weather|Sandstorm|[upkeep]\n|upkeep\n|turn|14\n|\n|switch|p2a: Bane|Buzzwole|84\/100\n|-damage|p2a: Bane|72\/100|[from] Stealth Rock\n|move|p1a: Landorus|Earthquake|p2a: Bane\n|-resisted|p2a: Bane\n|-damage|p2a: Bane|57\/100\n|\n|-weather|Sandstorm|[upkeep]\n|-damage|p2a: Bane|51\/100|[from] Sandstorm\n|upkeep\n|turn|15\n|\n|-zpower|p1a: Landorus\n|move|p1a: Landorus|Supersonic Skystrike|p2a: Bane|[zeffect]\n|-supereffective|p2a: Bane\n|-damage|p2a: Bane|0 fnt\n|faint|p2a: Bane\n|\n|-weather|Sandstorm|[upkeep]\n|upkeep\n|\n|switch|p2a: No Survivors|Aggron, M|100\/100\n|-damage|p2a: No Survivors|94\/100|[from] Stealth Rock\n|turn|16\n|\n|detailschange|p2a: No Survivors|Aggron-Mega, M\n|-mega|p2a: No Survivors|Aggron|Aggronite\n|move|p1a: Landorus|Earthquake|p2a: No Survivors\n|-supereffective|p2a: No Survivors\n|-damage|p2a: No Survivors|59\/100\n|move|p2a: No Survivors|Heavy Slam|p1a: Landorus\n|-crit|p1a: Landorus\n|-damage|p1a: Landorus|0 fnt\n|faint|p1a: Landorus\n|\n|-weather|none\n|upkeep\n|inactive|Battle timer is ON: inactive players will automatically lose when time's up. (requested by smee maimen)\n|\n|switch|p1a: Magearna|Magearna|48\/100\n|turn|17\n|\n|switch|p2a: Masketta Man|Magnezone|100\/100\n|-damage|p2a: Masketta Man|94\/100|[from] Stealth Rock\n|move|p1a: Magearna|Focus Blast|p2a: Masketta Man\n|-supereffective|p2a: Masketta Man\n|-damage|p2a: Masketta Man|43\/100\n|\n|upkeep\n|turn|18\n|\n|move|p1a: Magearna|Focus Blast|p2a: Masketta Man\n|-supereffective|p2a: Masketta Man\n|-damage|p2a: Masketta Man|0 fnt\n|faint|p2a: Masketta Man\n|-ability|p1a: Magearna|Soul-Heart|boost\n|-boost|p1a: Magearna|spa|1\n|\n|upkeep\n|\n|switch|p2a: A Hired Gun|Tyranitar, M|100\/100\n|-damage|p2a: A Hired Gun|88\/100|[from] Stealth Rock\n|-weather|Sandstorm|[from] ability: Sand Stream|[of] p2a: A Hired Gun\n|turn|19\n|\n|switch|p1a: Tornadus|Tornadus-Therian, M|56\/100\n|move|p2a: A Hired Gun|Earthquake|p1a: Tornadus\n|-immune|p1a: Tornadus|[msg]\n|\n|-weather|Sandstorm|[upkeep]\n|-damage|p1a: Tornadus|50\/100|[from] Sandstorm\n|upkeep\n|turn|20\n|\n|move|p1a: Tornadus|Hurricane|p2a: A Hired Gun|[miss]\n|-miss|p1a: Tornadus|p2a: A Hired Gun\n|move|p2a: A Hired Gun|Crunch|p1a: Tornadus\n|-damage|p1a: Tornadus|0 fnt\n|-damage|p2a: A Hired Gun|72\/100|[from] item: Rocky Helmet|[of] p1a: Tornadus\n|faint|p1a: Tornadus\n|\n|-weather|Sandstorm|[upkeep]\n|upkeep\n|\n|switch|p1a: Zygarde|Zygarde|100\/100\n|-ability|p1a: Zygarde|Aura Break\n|turn|21\n|\n|switch|p2a: Wreckage Brother|Skarmory, M|100\/100\n|-damage|p2a: Wreckage Brother|88\/100|[from] Stealth Rock\n|move|p1a: Zygarde|Thousand Arrows|p2a: Wreckage Brother\n|-damage|p2a: Wreckage Brother|40\/100\n|-start|p2a: Wreckage Brother|Smack Down\n|\n|-weather|Sandstorm|[upkeep]\n|upkeep\n|turn|22\n|\n|move|p1a: Zygarde|Thousand Arrows|p2a: Wreckage Brother\n|-supereffective|p2a: Wreckage Brother\n|-damage|p2a: Wreckage Brother|0 fnt\n|faint|p2a: Wreckage Brother\n|\n|-weather|Sandstorm|[upkeep]\n|upkeep\n|\n|switch|p2a: No Survivors|Aggron-Mega, M|59\/100\n|-damage|p2a: No Survivors|53\/100|[from] Stealth Rock\n|turn|23\n|\n|switch|p1a: Magearna|Magearna|48\/100\n|move|p2a: No Survivors|Avalanche|p1a: Magearna\n|-resisted|p1a: Magearna\n|-damage|p1a: Magearna|37\/100\n|\n|-weather|none\n|upkeep\n|turn|24\n|\n|switch|p2a: A Hired Gun|Tyranitar, M|72\/100\n|-damage|p2a: A Hired Gun|59\/100|[from] Stealth Rock\n|-weather|Sandstorm|[from] ability: Sand Stream|[of] p2a: A Hired Gun\n|move|p1a: Magearna|Focus Blast|p2a: A Hired Gun|[miss]\n|-miss|p1a: Magearna|p2a: A Hired Gun\n|\n|-weather|Sandstorm|[upkeep]\n|upkeep\n|turn|25\n|\n|move|p1a: Magearna|Focus Blast|p2a: A Hired Gun|[miss]\n|-miss|p1a: Magearna|p2a: A Hired Gun\n|move|p2a: A Hired Gun|Earthquake|p1a: Magearna\n|-supereffective|p1a: Magearna\n|-damage|p1a: Magearna|0 fnt\n|faint|p1a: Magearna\n|\n|-weather|Sandstorm|[upkeep]\n|upkeep\n|\n|switch|p1a: Lopunny|Lopunny-Mega, F|100\/100\n|turn|26\n|\n|move|p1a: Lopunny|High Jump Kick|p2a: A Hired Gun\n|-supereffective|p2a: A Hired Gun\n|-damage|p2a: A Hired Gun|0 fnt\n|faint|p2a: A Hired Gun\n|\n|-weather|Sandstorm|[upkeep]\n|-damage|p1a: Lopunny|95\/100|[from] Sandstorm\n|upkeep\n|\n|switch|p2a: No Survivors|Aggron-Mega, M|53\/100\n|-damage|p2a: No Survivors|47\/100|[from] Stealth Rock\n|turn|27\n|\n|move|p1a: Lopunny|High Jump Kick|p2a: No Survivors\n|-supereffective|p2a: No Survivors\n|-damage|p2a: No Survivors|0 fnt\n|faint|p2a: No Survivors\n|\n|win|CarlyBae\n|c|\u2606CarlyBae|gg\n|c|\u2606smee maimen|gg\n|c|\u2606CarlyBae|cool team\n|raw|CarlyBae's rating: 1688 &rarr; <strong>1705<\/strong><br \/>(+17 for winning)\n|raw|smee maimen's rating: 1644 &rarr; <strong>1626<\/strong><br \/>(-18 for losing)\n|c|\u2606smee maimen|thx\n|l|\u2606smee maimen\n|c|\u2606CarlyBae|\/log CarlyBae made this room public.\n","uploadtime":1541475957,"views":41,"p1id":"carlybae","p2id":"smeemaimen","formatid":"gen7ou","rating":1626,"private":0,"password":null}