{"id":"gen7ubers-1486437186","p1":"Baptista Augusto","p2":"Cowsrule247","format":"gen7ubers","log":"|j|\u2606Baptista Augusto\n|j|\u2606Cowsrule247\n|t:|1641480114\n|gametype|singles\n|player|p1|Baptista Augusto|red-gen1|1310\n|player|p2|Cowsrule247|skyla|1504\n|teamsize|p1|6\n|teamsize|p2|6\n|gen|7\n|tier|[Gen 7] Ubers\n|rated|\n|rule|Sleep Clause Mod: Limit one foe put to sleep\n|rule|Species Clause: Limit one of each Pok\u00e9mon\n|rule|OHKO Clause: OHKO moves are banned\n|rule|Moody Clause: Moody is banned\n|rule|Evasion Moves Clause: Evasion moves are banned\n|rule|Endless Battle Clause: Forcing endless battles is banned\n|rule|HP Percentage Mod: HP is shown in percentages\n|rule|Mega Rayquaza Clause: You cannot mega evolve Rayquaza\n|clearpoke\n|poke|p1|Pikachu, M|item\n|poke|p1|Talonflame, M|item\n|poke|p1|Gengar, M|item\n|poke|p1|Dragonite, F|item\n|poke|p1|Lucario, M|item\n|poke|p1|Greninja, M|item\n|poke|p2|Necrozma-Dusk-Mane|item\n|poke|p2|Yveltal|item\n|poke|p2|Ferrothorn, M|item\n|poke|p2|Arceus-*|item\n|poke|p2|Kyogre|item\n|poke|p2|Giratina-Origin|item\n|teampreview\n|inactive|Battle timer is ON: inactive players will automatically lose when time's up. (requested by Cowsrule247)\n|inactive|Cowsrule247 has 120 seconds left.\n|\n|t:|1641480158\n|start\n|switch|p1a: Gengar|Gengar, M|100\/100\n|switch|p2a: Necrozma|Necrozma-Dusk-Mane|100\/100\n|turn|1\n|\n|t:|1641480177\n|move|p1a: Gengar|Hex|p2a: Necrozma\n|-supereffective|p2a: Necrozma\n|-damage|p2a: Necrozma|72\/100\n|move|p2a: Necrozma|Sunsteel Strike|p1a: Gengar\n|-enditem|p1a: Gengar|Focus Sash\n|-damage|p1a: Gengar|1\/100\n|-start|p2a: Necrozma|Disable|Sunsteel Strike|[from] ability: Cursed Body|[of] p1a: Gengar\n|\n|-heal|p2a: Necrozma|78\/100|[from] item: Leftovers\n|upkeep\n|turn|2\n|inactive|Cowsrule247 has 120 seconds left.\n|\n|t:|1641480230\n|switch|p2a: Yveltal|Yveltal|100\/100\n|-ability|p2a: Yveltal|Dark Aura\n|move|p1a: Gengar|Hypnosis|p2a: Yveltal\n|-status|p2a: Yveltal|slp|[from] move: Hypnosis\n|\n|upkeep\n|turn|3\n|inactive|Cowsrule247 has 90 seconds left.\n|\n|t:|1641480255\n|cant|p2a: Yveltal|slp\n|move|p1a: Gengar|Sludge Wave|p2a: Yveltal\n|-damage|p2a: Yveltal|65\/100 slp\n|\n|-heal|p2a: Yveltal|72\/100 slp|[from] item: Leftovers\n|upkeep\n|turn|4\n|inactive|Cowsrule247 has 90 seconds left.\n|\n|t:|1641480271\n|cant|p2a: Yveltal|slp\n|move|p1a: Gengar|Sludge Wave|p2a: Yveltal\n|-damage|p2a: Yveltal|35\/100 slp\n|\n|-heal|p2a: Yveltal|41\/100 slp|[from] item: Leftovers\n|upkeep\n|turn|5\n|\n|t:|1641480294\n|-curestatus|p2a: Yveltal|slp|[msg]\n|move|p2a: Yveltal|Sucker Punch||[still]\n|-fail|p2a: Yveltal\n|move|p1a: Gengar|Taunt|p2a: Yveltal\n|-start|p2a: Yveltal|move: Taunt\n|\n|-heal|p2a: Yveltal|47\/100|[from] item: Leftovers\n|upkeep\n|turn|6\n|\n|t:|1641480297\n|move|p2a: Yveltal|Sucker Punch||[still]\n|-fail|p2a: Yveltal\n|move|p1a: Gengar|Hypnosis|p2a: Yveltal\n|-status|p2a: Yveltal|slp|[from] move: Hypnosis\n|\n|-heal|p2a: Yveltal|53\/100 slp|[from] item: Leftovers\n|upkeep\n|turn|7\n|\n|t:|1641480300\n|cant|p2a: Yveltal|slp\n|move|p1a: Gengar|Sludge Wave|p2a: Yveltal\n|-damage|p2a: Yveltal|18\/100 slp\n|\n|-heal|p2a: Yveltal|24\/100 slp|[from] item: Leftovers\n|upkeep\n|turn|8\n|\n|t:|1641480303\n|cant|p2a: Yveltal|slp\n|move|p1a: Gengar|Sludge Wave|p2a: Yveltal\n|-damage|p2a: Yveltal|0 fnt\n|faint|p2a: Yveltal\n|\n|upkeep\n|inactive|Cowsrule247 has 120 seconds left.\n|\n|t:|1641480311\n|switch|p2a: Necrozma|Necrozma-Dusk-Mane|78\/100\n|turn|9\n|\n|t:|1641480313\n|move|p1a: Gengar|Hypnosis|p2a: Necrozma\n|-status|p2a: Necrozma|slp|[from] move: Hypnosis\n|cant|p2a: Necrozma|slp\n|\n|-heal|p2a: Necrozma|84\/100 slp|[from] item: Leftovers\n|upkeep\n|turn|10\n|\n|t:|1641480318\n|move|p1a: Gengar|Hex|p2a: Necrozma\n|-supereffective|p2a: Necrozma\n|-damage|p2a: Necrozma|29\/100 slp\n|cant|p2a: Necrozma|slp\n|\n|-heal|p2a: Necrozma|35\/100 slp|[from] item: Leftovers\n|upkeep\n|turn|11\n|\n|t:|1641480326\n|switch|p2a: Ferrothorn|Ferrothorn, M|100\/100\n|move|p1a: Gengar|Hex|p2a: Ferrothorn\n|-damage|p2a: Ferrothorn|77\/100\n|\n|-heal|p2a: Ferrothorn|83\/100|[from] item: Leftovers\n|upkeep\n|turn|12\n|\n|t:|1641480329\n|move|p1a: Gengar|Taunt|p2a: Ferrothorn\n|-start|p2a: Ferrothorn|move: Taunt\n|move|p2a: Ferrothorn|Power Whip|p1a: Gengar\n|-resisted|p1a: Gengar\n|-damage|p1a: Gengar|0 fnt\n|-start|p2a: Ferrothorn|Disable|Power Whip|[from] ability: Cursed Body|[of] p1a: Gengar\n|faint|p1a: Gengar\n|\n|-heal|p2a: Ferrothorn|90\/100|[from] item: Leftovers\n|upkeep\n|\n|t:|1641480335\n|switch|p1a: Talonflame|Talonflame, M|100\/100\n|turn|13\n|\n|t:|1641480340\n|switch|p2a: Kyogre|Kyogre|100\/100\n|detailschange|p2a: Kyogre|Kyogre-Primal\n|-primal|p2a: Kyogre\n|-weather|PrimordialSea|[from] ability: Primordial Sea|[of] p2a: Kyogre\n|move|p1a: Talonflame|Brave Bird|p2a: Kyogre\n|-damage|p2a: Kyogre|49\/100\n|-damage|p1a: Talonflame|78\/100|[from] Recoil\n|-damage|p1a: Talonflame|68\/100|[from] item: Life Orb\n|\n|-weather|PrimordialSea|[upkeep]\n|upkeep\n|turn|14\n|\n|t:|1641480351\n|-weather|none\n|switch|p2a: Giratina|Giratina-Origin|100\/100\n|move|p1a: Talonflame|Brave Bird|p2a: Giratina\n|-damage|p2a: Giratina|61\/100\n|-damage|p1a: Talonflame|49\/100|[from] Recoil\n|-damage|p1a: Talonflame|39\/100|[from] item: Life Orb\n|\n|upkeep\n|turn|15\n|\n|t:|1641480357\n|move|p1a: Talonflame|Taunt|p2a: Giratina\n|-start|p2a: Giratina|move: Taunt\n|move|p2a: Giratina|Hex|p1a: Talonflame\n|-damage|p1a: Talonflame|0 fnt\n|faint|p1a: Talonflame\n|\n|upkeep\n|\n|t:|1641480377\n|switch|p1a: Greninja|Greninja, M|100\/100\n|turn|16\n|\n|t:|1641480380\n|move|p1a: Greninja|Dark Pulse|p2a: Giratina\n|-supereffective|p2a: Giratina\n|-damage|p2a: Giratina|4\/100\n|move|p2a: Giratina|Draco Meteor|p1a: Greninja\n|-damage|p1a: Greninja|0 fnt\n|-unboost|p2a: Giratina|spa|2\n|faint|p1a: Greninja\n|\n|upkeep\n|\n|t:|1641480388\n|switch|p1a: Pikachu|Pikachu, M|100\/100\n|turn|17\n|\n|t:|1641480398\n|move|p1a: Pikachu|Thunderbolt|p2a: Giratina\n|-resisted|p2a: Giratina\n|-damage|p2a: Giratina|0 fnt\n|faint|p2a: Giratina\n|\n|upkeep\n|inactive|Cowsrule247 has 120 seconds left.\n|\n|t:|1641480434\n|switch|p2a: Ferrothorn|Ferrothorn, M|90\/100\n|turn|18\n|\n|t:|1641480437\n|move|p1a: Pikachu|Thunder Wave|p2a: Ferrothorn\n|-status|p2a: Ferrothorn|par\n|move|p2a: Ferrothorn|Leech Seed|p1a: Pikachu\n|-start|p1a: Pikachu|move: Leech Seed\n|\n|-heal|p2a: Ferrothorn|96\/100 par|[from] item: Leftovers\n|-damage|p1a: Pikachu|88\/100|[from] Leech Seed|[of] p2a: Ferrothorn\n|-heal|p2a: Ferrothorn|100\/100 par|[silent]\n|upkeep\n|turn|19\n|\n|t:|1641480455\n|switch|p1a: Dragonite|Dragonite, F|100\/100\n|switch|p2a: Necrozma|Necrozma-Dusk-Mane|35\/100 slp\n|\n|-heal|p2a: Necrozma|41\/100 slp|[from] item: Leftovers\n|upkeep\n|turn|20\n|\n|t:|1641480462\n|switch|p2a: Arceus|Arceus-Fairy|100\/100\n|move|p1a: Dragonite|Dragon Dance|p1a: Dragonite\n|-boost|p1a: Dragonite|atk|1\n|-boost|p1a: Dragonite|spe|1\n|\n|upkeep\n|turn|21\n|\n|t:|1641480468\n|-zpower|p1a: Dragonite\n|move|p1a: Dragonite|Supersonic Skystrike|p2a: Arceus|[zeffect]\n|-damage|p2a: Arceus|43\/100\n|move|p2a: Arceus|Judgment|p1a: Dragonite\n|-supereffective|p1a: Dragonite\n|-damage|p1a: Dragonite|0 fnt\n|faint|p1a: Dragonite\n|\n|upkeep\n|\n|t:|1641480474\n|switch|p1a: Lucario|Lucario, M|100\/100\n|turn|22\n|\n|t:|1641480481\n|detailschange|p1a: Lucario|Lucario-Mega, M\n|-mega|p1a: Lucario|Lucario|Lucarionite\n|move|p1a: Lucario|Bullet Punch|p2a: Arceus\n|-supereffective|p2a: Arceus\n|-damage|p2a: Arceus|6\/100\n|move|p2a: Arceus|Recover|p2a: Arceus\n|-heal|p2a: Arceus|56\/100\n|\n|upkeep\n|turn|23\n|\n|t:|1641480485\n|move|p2a: Arceus|Recover|p2a: Arceus\n|-heal|p2a: Arceus|100\/100\n|move|p1a: Lucario|Swords Dance|p1a: Lucario\n|-boost|p1a: Lucario|atk|2\n|\n|upkeep\n|turn|24\n|\n|t:|1641480490\n|switch|p2a: Ferrothorn|Ferrothorn, M|100\/100 par\n|move|p1a: Lucario|Bullet Punch|p2a: Ferrothorn\n|-resisted|p2a: Ferrothorn\n|-damage|p2a: Ferrothorn|78\/100 par\n|-damage|p1a: Lucario|88\/100|[from] ability: Iron Barbs|[of] p2a: Ferrothorn\n|\n|-heal|p2a: Ferrothorn|84\/100 par|[from] item: Leftovers\n|upkeep\n|turn|25\n|\n|t:|1641480504\n|switch|p2a: Necrozma|Necrozma-Dusk-Mane|41\/100 slp\n|move|p1a: Lucario|Drain Punch|p2a: Necrozma\n|-damage|p2a: Necrozma|0 fnt\n|-heal|p1a: Lucario|100\/100|[from] drain|[of] p2a: Necrozma\n|faint|p2a: Necrozma\n|\n|upkeep\n|\n|t:|1641480510\n|switch|p2a: Arceus|Arceus-Fairy|100\/100\n|turn|26\n|\n|t:|1641480525\n|move|p1a: Lucario|Bullet Punch|p2a: Arceus\n|-supereffective|p2a: Arceus\n|-damage|p2a: Arceus|26\/100\n|move|p2a: Arceus|Earth Power|p1a: Lucario\n|-supereffective|p1a: Lucario\n|-damage|p1a: Lucario|29\/100\n|\n|upkeep\n|turn|27\n|\n|t:|1641480533\n|switch|p2a: Ferrothorn|Ferrothorn, M|84\/100 par\n|move|p1a: Lucario|Bullet Punch|p2a: Ferrothorn\n|-resisted|p2a: Ferrothorn\n|-damage|p2a: Ferrothorn|61\/100 par\n|-damage|p1a: Lucario|16\/100|[from] ability: Iron Barbs|[of] p2a: Ferrothorn\n|\n|-heal|p2a: Ferrothorn|67\/100 par|[from] item: Leftovers\n|upkeep\n|turn|28\n|\n|t:|1641480550\n|move|p2a: Ferrothorn|Protect|p2a: Ferrothorn\n|-singleturn|p2a: Ferrothorn|Protect\n|move|p1a: Lucario|Drain Punch|p2a: Ferrothorn\n|-activate|p2a: Ferrothorn|move: Protect\n|\n|-heal|p2a: Ferrothorn|74\/100 par|[from] item: Leftovers\n|upkeep\n|turn|29\n|\n|t:|1641480558\n|switch|p2a: Arceus|Arceus-Fairy|26\/100\n|move|p1a: Lucario|Drain Punch|p2a: Arceus\n|-resisted|p2a: Arceus\n|-damage|p2a: Arceus|0 fnt\n|-heal|p1a: Lucario|36\/100|[from] drain|[of] p2a: Arceus\n|faint|p2a: Arceus\n|\n|upkeep\n|\n|t:|1641480562\n|switch|p2a: Ferrothorn|Ferrothorn, M|74\/100 par\n|turn|30\n|\n|t:|1641480565\n|move|p1a: Lucario|Drain Punch|p2a: Ferrothorn\n|-supereffective|p2a: Ferrothorn\n|-damage|p2a: Ferrothorn|0 fnt\n|-heal|p1a: Lucario|82\/100|[from] drain|[of] p2a: Ferrothorn\n|-damage|p1a: Lucario|70\/100|[from] ability: Iron Barbs|[of] p2a: Ferrothorn\n|faint|p2a: Ferrothorn\n|\n|upkeep\n|\n|t:|1641480573\n|switch|p2a: Kyogre|Kyogre-Primal|49\/100\n|-weather|PrimordialSea|[from] ability: Primordial Sea|[of] p2a: Kyogre\n|turn|31\n|\n|t:|1641480575\n|move|p1a: Lucario|Drain Punch|p2a: Kyogre\n|-damage|p2a: Kyogre|0 fnt\n|-heal|p1a: Lucario|100\/100|[from] drain|[of] p2a: Kyogre\n|faint|p2a: Kyogre\n|-weather|none\n|\n|win|Baptista Augusto\n|raw|Baptista Augusto's rating: 1330 &rarr; <strong>1359<\/strong><br \/>(+29 for winning)\n|raw|Cowsrule247's rating: 1504 &rarr; <strong>1475<\/strong><br \/>(-29 for losing)\n|l|\u2606Cowsrule247\n||Ladder isn't responding, score probably updated but might not have (Request timeout).\n","uploadtime":1641480580,"views":7,"p1id":"baptistaaugusto","p2id":"cowsrule247","formatid":"gen7ubers","rating":1359,"private":0,"password":null}