{"id":"gen7ou-934697289","p1":"fltx2 wire tap","p2":"ghecisbestvillain","format":"gen7ou","log":"|j|\u2606fltx2 wire tap\n|j|\u2606ghecisbestvillain\n|player|p1|fltx2 wire tap|47\n|player|p2|ghecisbestvillain|87\n|teamsize|p1|6\n|teamsize|p2|6\n|gametype|singles\n|gen|7\n|tier|[Gen 7] OU\n|rated|\n|rule|Sleep Clause Mod: Limit one foe put to sleep\n|rule|Species Clause: Limit one of each Pok\u00e9mon\n|rule|OHKO Clause: OHKO moves are banned\n|rule|Moody Clause: Moody is banned\n|rule|Evasion Moves Clause: Evasion moves are banned\n|rule|Endless Battle Clause: Forcing endless battles is banned\n|rule|HP Percentage Mod: HP is shown in percentages\n|clearpoke\n|poke|p1|Staraptor, F|item\n|poke|p1|Darmanitan, F|item\n|poke|p1|Landorus-Therian, M|item\n|poke|p1|Jirachi|item\n|poke|p1|Tapu Lele|item\n|poke|p1|Alakazam, M|item\n|poke|p2|Hawlucha, M|item\n|poke|p2|Clefable, F|item\n|poke|p2|Charizard, M|item\n|poke|p2|Tapu Koko|item\n|poke|p2|Magearna|item\n|poke|p2|Kyurem-Black|item\n|teampreview\n|inactive|Battle timer is ON: inactive players will automatically lose when time's up. (requested by ghecisbestvillain)\n|\n|start\n|switch|p1a: Tapu Lele|Tapu Lele|100\/100\n|switch|p2a: Tapu Koko|Tapu Koko|100\/100\n|-fieldstart|move: Electric Terrain|[from] ability: Electric Surge|[of] p2a: Tapu Koko\n|-fieldstart|move: Psychic Terrain|[from] ability: Psychic Surge|[of] p1a: Tapu Lele\n|turn|1\n|\n|switch|p2a: Magearna|Magearna|100\/100\n|switch|p1a: Landorus|Landorus-Therian, M|100\/100\n|-ability|p1a: Landorus|Intimidate|boost\n|-unboost|p2a: Magearna|atk|1\n|\n|upkeep\n|turn|2\n|\n|switch|p2a: Charizard|Charizard, M|100\/100\n|move|p1a: Landorus|U-turn|p2a: Charizard\n|-resisted|p2a: Charizard\n|-damage|p2a: Charizard|92\/100\n|\n|switch|p1a: Darmanitan|Darmanitan, F|100\/100|[from]move: U-turn\n|\n|upkeep\n|turn|3\n|\n|detailschange|p2a: Charizard|Charizard-Mega-X, M\n|-mega|p2a: Charizard|Charizard|Charizardite X\n|move|p1a: Darmanitan|Rock Slide|p2a: Charizard\n|-supereffective|p2a: Charizard\n|-damage|p2a: Charizard|16\/100\n|move|p2a: Charizard|Dragon Dance|p2a: Charizard\n|-boost|p2a: Charizard|atk|1\n|-boost|p2a: Charizard|spe|1\n|\n|upkeep\n|turn|4\n|j| I don't reply\n|\n|switch|p1a: Landorus|Landorus-Therian, M|100\/100\n|-ability|p1a: Landorus|Intimidate|boost\n|-unboost|p2a: Charizard|atk|1\n|move|p2a: Charizard|Dragon Claw|p1a: Landorus\n|-damage|p1a: Landorus|35\/100\n|\n|upkeep\n|turn|5\n|\n|move|p1a: Landorus|Earthquake|p2a: Charizard\n|-supereffective|p2a: Charizard\n|-crit|p2a: Charizard\n|-damage|p2a: Charizard|0 fnt\n|faint|p2a: Charizard\n|\n|-fieldend|move: Psychic Terrain\n|upkeep\n|\n|switch|p2a: Kyurem|Kyurem-Black|100\/100\n|-ability|p2a: Kyurem|Teravolt\n|turn|6\n|\n|switch|p1a: Jirachi|Jirachi|100\/100\n|move|p2a: Kyurem|Earth Power|p1a: Jirachi\n|-supereffective|p1a: Jirachi\n|-damage|p1a: Jirachi|16\/100\n|-damage|p2a: Kyurem|91\/100|[from] item: Life Orb\n|\n|upkeep\n|turn|7\n|\n|switch|p2a: Tapu Koko|Tapu Koko|100\/100\n|-fieldstart|move: Electric Terrain|[from] ability: Electric Surge|[of] p2a: Tapu Koko\n|move|p1a: Jirachi|Iron Head|p2a: Tapu Koko\n|-damage|p2a: Tapu Koko|66\/100\n|\n|upkeep\n|turn|8\n|\n|move|p1a: Jirachi|Iron Head|p2a: Tapu Koko\n|-crit|p2a: Tapu Koko\n|-damage|p2a: Tapu Koko|6\/100\n|cant|p2a: Tapu Koko|flinch\n|\n|upkeep\n|turn|9\n|\n|switch|p1a: Landorus|Landorus-Therian, M|35\/100\n|-ability|p1a: Landorus|Intimidate|boost\n|-unboost|p2a: Tapu Koko|atk|1\n|move|p2a: Tapu Koko|Reflect|p2a: Tapu Koko\n|-sidestart|p2: ghecisbestvillain|Reflect\n|\n|upkeep\n|turn|10\n|\n|move|p1a: Landorus|U-turn|p2a: Tapu Koko\n|-resisted|p2a: Tapu Koko\n|-crit|p2a: Tapu Koko\n|-damage|p2a: Tapu Koko|0 fnt\n|faint|p2a: Tapu Koko\n|\n|switch|p1a: Tapu Lele|Tapu Lele|100\/100|[from]move: U-turn\n|-fieldstart|move: Psychic Terrain|[from] ability: Psychic Surge|[of] p1a: Tapu Lele\n|\n|upkeep\n|\n|switch|p2a: Magearna|Magearna|100\/100\n|turn|11\n|\n|switch|p1a: Darmanitan|Darmanitan, F|100\/100\n|move|p2a: Magearna|Shift Gear|p2a: Magearna\n|-boost|p2a: Magearna|spe|2\n|-boost|p2a: Magearna|atk|1\n|\n|upkeep\n|turn|12\n|\n|move|p1a: Darmanitan|Flare Blitz|p2a: Magearna\n|-supereffective|p2a: Magearna\n|-damage|p2a: Magearna|29\/100\n|-damage|p1a: Darmanitan|80\/100|[from] Recoil\n|move|p2a: Magearna|Shift Gear|p2a: Magearna\n|-boost|p2a: Magearna|spe|2\n|-boost|p2a: Magearna|atk|1\n|\n|upkeep\n|turn|13\n|\n|move|p2a: Magearna|Zen Headbutt|p1a: Darmanitan\n|-damage|p1a: Darmanitan|0 fnt\n|faint|p1a: Darmanitan\n|-ability|p2a: Magearna|Soul-Heart|boost\n|-boost|p2a: Magearna|spa|1\n|\n|upkeep\n|\n|switch|p1a: Landorus|Landorus-Therian, M|35\/100\n|-ability|p1a: Landorus|Intimidate|boost\n|-unboost|p2a: Magearna|atk|1\n|turn|14\n|\n|switch|p1a: Alakazam|Alakazam, M|100\/100\n|move|p2a: Magearna|Iron Head|p1a: Alakazam\n|-damage|p1a: Alakazam|0 fnt\n|faint|p1a: Alakazam\n|-ability|p2a: Magearna|Soul-Heart|boost\n|-boost|p2a: Magearna|spa|1\n|\n|-fieldend|move: Psychic Terrain\n|upkeep\n|\n|switch|p1a: Landorus|Landorus-Therian, M|35\/100\n|-ability|p1a: Landorus|Intimidate|boost\n|-unboost|p2a: Magearna|atk|1\n|turn|15\n|c| I don't reply|u lost\n|\n|switch|p1a: Staraptor|Staraptor, F|100\/100\n|move|p2a: Magearna|Iron Head|p1a: Staraptor\n|-damage|p1a: Staraptor|51\/100\n|\n|upkeep\n|turn|16\n|\n|-zpower|p2a: Magearna\n|move|p2a: Magearna|Shattered Psyche|p1a: Staraptor|[zeffect]\n|-damage|p1a: Staraptor|0 fnt\n|faint|p1a: Staraptor\n|-ability|p2a: Magearna|Soul-Heart|boost\n|-boost|p2a: Magearna|spa|1\n|\n|-sideend|p2: ghecisbestvillain|Reflect\n|upkeep\n|\n|switch|p1a: Landorus|Landorus-Therian, M|35\/100\n|-ability|p1a: Landorus|Intimidate|boost\n|-unboost|p2a: Magearna|atk|1\n|turn|17\n|c|\u2606fltx2 wire tap|lol didn't expect\n|c|\u2606fltx2 wire tap|such a dumb set tho\n|\n|move|p2a: Magearna|Iron Head|p1a: Landorus\n|-damage|p1a: Landorus|7\/100\n|cant|p1a: Landorus|flinch\n|\n|upkeep\n|turn|18\n|c|\u2606fltx2 wire tap|lol\n|c|\u2606fltx2 wire tap|or that\n|c|\u2606fltx2 wire tap|but u know\n|\n|move|p2a: Magearna|Iron Head|p1a: Landorus\n|-damage|p1a: Landorus|0 fnt\n|faint|p1a: Landorus\n|-ability|p2a: Magearna|Soul-Heart|boost\n|-boost|p2a: Magearna|spa|1\n|\n|upkeep\n|c|\u2606fltx2 wire tap|fuck playing good\n|\n|switch|p1a: Jirachi|Jirachi|16\/100\n|turn|19\n|c|\u2606fltx2 wire tap|I can jsut hax\n|c| I don't reply|lul\n|\n|move|p2a: Magearna|Brick Break|p1a: Jirachi\n|-damage|p1a: Jirachi|1\/100\n|move|p1a: Jirachi|Iron Head|p2a: Magearna\n|-damage|p2a: Magearna|0 fnt\n|faint|p2a: Magearna\n|\n|upkeep\n|\n|switch|p2a: Hawlucha|Hawlucha, M|100\/100\n|turn|20\n|c| I don't reply|u can win\n|c|\u2606fltx2 wire tap|too unlucky\n|c|\u2606fltx2 wire tap|this guy fucking sucks\n|inactive|ghecisbestvillain has 120 seconds left.\n|\n|move|p1a: Jirachi|Iron Head|p2a: Hawlucha\n|-damage|p2a: Hawlucha|55\/100\n|cant|p2a: Hawlucha|flinch\n|\n|upkeep\n|turn|21\n|\n|move|p1a: Jirachi|Iron Head|p2a: Hawlucha\n|-crit|p2a: Hawlucha\n|-damage|p2a: Hawlucha|0 fnt\n|faint|p2a: Hawlucha\n|\n|upkeep\n|c|\u2606fltx2 wire tap|ghetsis\n|c|\u2606fltx2 wire tap|and wrong avtar\n|inactive|ghecisbestvillain has 90 seconds left.\n|inactive|ghecisbestvillain has 60 seconds left.\n|inactive|ghecisbestvillain has 30 seconds left.\n|\n|switch|p2a: Kyurem|Kyurem-Black|91\/100\n|-ability|p2a: Kyurem|Teravolt\n|turn|22\n|inactive|ghecisbestvillain has 30 seconds left.\n|\n|move|p1a: Jirachi|Iron Head|p2a: Kyurem\n|-supereffective|p2a: Kyurem\n|-damage|p2a: Kyurem|41\/100\n|move|p2a: Kyurem|Earth Power|p1a: Jirachi\n|-supereffective|p1a: Jirachi\n|-damage|p1a: Jirachi|0 fnt\n|-damage|p2a: Kyurem|31\/100|[from] item: Life Orb\n|faint|p1a: Jirachi\n|\n|upkeep\n|\n|switch|p1a: Tapu Lele|Tapu Lele|100\/100\n|-fieldstart|move: Psychic Terrain|[from] ability: Psychic Surge|[of] p1a: Tapu Lele\n|turn|23\n|\n|move|p1a: Tapu Lele|Psychic|p2a: Kyurem\n|-damage|p2a: Kyurem|0 fnt\n|faint|p2a: Kyurem\n|\n|upkeep\n|\n|switch|p2a: Clefable|Clefable, F|100\/100\n|turn|24\n|\n|move|p1a: Tapu Lele|Psychic|p2a: Clefable\n|-damage|p2a: Clefable|39\/100\n|move|p2a: Clefable|Soft-Boiled|p2a: Clefable\n|-heal|p2a: Clefable|89\/100\n|\n|-heal|p2a: Clefable|95\/100|[from] item: Leftovers\n|upkeep\n|turn|25\n|\n|move|p1a: Tapu Lele|Calm Mind|p1a: Tapu Lele\n|-boost|p1a: Tapu Lele|spa|1\n|-boost|p1a: Tapu Lele|spd|1\n|move|p2a: Clefable|Soft-Boiled|p2a: Clefable\n|-heal|p2a: Clefable|100\/100\n|\n|upkeep\n|turn|26\n|\n|move|p1a: Tapu Lele|Psychic|p2a: Clefable\n|-damage|p2a: Clefable|17\/100\n|-unboost|p2a: Clefable|spd|1\n|move|p2a: Clefable|Soft-Boiled|p2a: Clefable\n|-heal|p2a: Clefable|67\/100\n|\n|-heal|p2a: Clefable|73\/100|[from] item: Leftovers\n|upkeep\n|turn|27\n|inactive|ghecisbestvillain has 60 seconds left.\n|c|\u2606fltx2 wire tap|gg\n|inactive|ghecisbestvillain has 30 seconds left.\n|c|\u2606fltx2 wire tap|go u lose\n|inactive|ghecisbestvillain has 20 seconds left.\n|inactive|ghecisbestvillain has 15 seconds left.\n|c| I don't reply|kek\n|inactive|ghecisbestvillain has 10 seconds left.\n|c| I don't reply|close\n|inactive|ghecisbestvillain has 5 seconds left.\n|-message|ghecisbestvillain lost due to inactivity.\n|\n|win|fltx2 wire tap\n","uploadtime":1561478271,"views":14,"p1id":"fltx2wiretap","p2id":"ghecisbestvillain","formatid":"gen7ou","rating":0,"private":0,"password":null}