{"id":"gen7ou-988166886","p1":"swmas","p2":"Jakkkkkka","format":"gen7ou","log":"|j|\u2606swmas\n|j|\u2606Jakkkkkka\n|player|p1|swmas|169|1550\n|player|p2|Jakkkkkka|137|1539\n|teamsize|p1|6\n|teamsize|p2|6\n|gametype|singles\n|gen|7\n|tier|[Gen 7] OU\n|rated|\n|rule|Sleep Clause Mod: Limit one foe put to sleep\n|rule|Species Clause: Limit one of each Pok\u00e9mon\n|rule|OHKO Clause: OHKO moves are banned\n|rule|Moody Clause: Moody is banned\n|rule|Evasion Moves Clause: Evasion moves are banned\n|rule|Endless Battle Clause: Forcing endless battles is banned\n|rule|HP Percentage Mod: HP is shown in percentages\n|clearpoke\n|poke|p1|Donphan, M|item\n|poke|p1|Arcanine, M|item\n|poke|p1|Espeon, F|item\n|poke|p1|Crobat, F|item\n|poke|p1|Lucario, M|item\n|poke|p1|Meloetta|item\n|poke|p2|Zapdos|item\n|poke|p2|Greninja, F|item\n|poke|p2|Garchomp, M|item\n|poke|p2|Tapu Bulu|item\n|poke|p2|Heatran, F|item\n|poke|p2|Medicham, M|item\n|teampreview\n|\n|start\n|switch|p1a: Crobat|Crobat, F, shiny|100\/100\n|switch|p2a: Garchomp|Garchomp, M|100\/100\n|turn|1\n|\n|move|p1a: Crobat|U-turn|p2a: Garchomp\n|-damage|p2a: Garchomp|81\/100\n|-damage|p1a: Crobat|88\/100|[from] ability: Rough Skin|[of] p2a: Garchomp\n|\n|switch|p1a: Donphan|Donphan, M|100\/100|[from]move: U-turn\n|move|p2a: Garchomp|Draco Meteor|p1a: Donphan\n|-damage|p1a: Donphan|27\/100\n|-unboost|p2a: Garchomp|spa|2\n|\n|-heal|p1a: Donphan|34\/100|[from] item: Leftovers\n|upkeep\n|turn|2\n|\n|move|p1a: Donphan|Ice Shard|p2a: Garchomp\n|-supereffective|p2a: Garchomp\n|-damage|p2a: Garchomp|23\/100\n|-enditem|p2a: Garchomp|Iapapa Berry|[eat]\n|-heal|p2a: Garchomp|73\/100|[from] item: Iapapa Berry\n|move|p2a: Garchomp|Stealth Rock|p1a: Donphan\n|-sidestart|p1: swmas|move: Stealth Rock\n|\n|-heal|p1a: Donphan|40\/100|[from] item: Leftovers\n|upkeep\n|turn|3\n|\n|move|p2a: Garchomp|Earthquake|p1a: Donphan\n|-damage|p1a: Donphan|7\/100\n|move|p1a: Donphan|Rapid Spin|p2a: Garchomp\n|-damage|p2a: Garchomp|66\/100\n|-damage|p1a: Donphan|0 fnt|[from] ability: Rough Skin|[of] p2a: Garchomp\n|faint|p1a: Donphan\n|\n|upkeep\n|\n|switch|p1a: Meloetta|Meloetta|100\/100\n|-damage|p1a: Meloetta|88\/100|[from] Stealth Rock\n|turn|4\n|\n|move|p2a: Garchomp|Earthquake|p1a: Meloetta\n|-damage|p1a: Meloetta|33\/100\n|move|p1a: Meloetta|Relic Song|p2a: Garchomp\n|-damage|p2a: Garchomp|0 fnt\n|-formechange|p1a: Meloetta|Meloetta-Pirouette|[msg]\n|-damage|p1a: Meloetta|23\/100|[from] item: Life Orb\n|faint|p2a: Garchomp\n|\n|upkeep\n|\n|switch|p2a: Greninja|Greninja, F|100\/100\n|turn|5\n|inactive|Battle timer is ON: inactive players will automatically lose when time's up. (requested by swmas)\n|\n|move|p2a: Greninja|Ice Beam|p1a: Meloetta\n|-start|p2a: Greninja|typechange|Ice|[from] ability: Protean\n|-damage|p1a: Meloetta|0 fnt\n|faint|p1a: Meloetta\n|\n|upkeep\n|\n|switch|p1a: Lucario|Lucario, M|100\/100\n|-damage|p1a: Lucario|98\/100|[from] Stealth Rock\n|turn|6\n|\n|switch|p2a: Zapdos|Zapdos|100\/100\n|move|p1a: Lucario|Swords Dance|p1a: Lucario\n|-boost|p1a: Lucario|atk|2\n|\n|upkeep\n|turn|7\n|\n|move|p2a: Zapdos|Volt Switch|p1a: Lucario\n|-damage|p1a: Lucario|55\/100\n|\n|switch|p2a: Heatran|Heatran, F|100\/100|[from]move: Volt Switch\n|move|p1a: Lucario|Swords Dance|p1a: Lucario\n|-boost|p1a: Lucario|atk|2\n|\n|upkeep\n|turn|8\n|\n|move|p1a: Lucario|Drain Punch|p2a: Heatran\n|-supereffective|p2a: Heatran\n|-damage|p2a: Heatran|0 fnt\n|-heal|p1a: Lucario|100\/100|[from] drain|[of] p2a: Heatran\n|-damage|p1a: Lucario|91\/100|[from] item: Life Orb\n|faint|p2a: Heatran\n|\n|upkeep\n|\n|switch|p2a: Medicham|Medicham, M|100\/100\n|turn|9\n|\n|detailschange|p2a: Medicham|Medicham-Mega, M\n|-mega|p2a: Medicham|Medicham|Medichamite\n|move|p1a: Lucario|Extreme Speed|p2a: Medicham\n|-damage|p2a: Medicham|0 fnt\n|-damage|p1a: Lucario|81\/100|[from] item: Life Orb\n|faint|p2a: Medicham\n|\n|upkeep\n|\n|switch|p2a: Tapu Bulu|Tapu Bulu|100\/100\n|-fieldstart|move: Grassy Terrain|[from] ability: Grassy Surge|[of] p2a: Tapu Bulu\n|turn|10\n|\n|move|p1a: Lucario|Bullet Punch|p2a: Tapu Bulu\n|-supereffective|p2a: Tapu Bulu\n|-damage|p2a: Tapu Bulu|0 fnt\n|-damage|p1a: Lucario|71\/100|[from] item: Life Orb\n|faint|p2a: Tapu Bulu\n|\n|-heal|p1a: Lucario|77\/100|[from] Grassy Terrain\n|upkeep\n|\n|switch|p2a: Greninja|Greninja, F|100\/100\n|turn|11\n|\n|switch|p2a: Zapdos|Zapdos|100\/100\n|move|p1a: Lucario|Extreme Speed|p2a: Zapdos\n|-damage|p2a: Zapdos|27\/100\n|-status|p1a: Lucario|par|[from] ability: Static|[of] p2a: Zapdos\n|-damage|p1a: Lucario|67\/100 par|[from] item: Life Orb\n|\n|-heal|p2a: Zapdos|33\/100|[from] item: Leftovers\n|-heal|p1a: Lucario|73\/100 par|[from] Grassy Terrain\n|upkeep\n|turn|12\n|\n|cant|p1a: Lucario|par\n|move|p2a: Zapdos|Volt Switch|p1a: Lucario\n|-damage|p1a: Lucario|32\/100 par\n|\n|switch|p2a: Greninja|Greninja, F|100\/100|[from]move: Volt Switch\n|\n|-heal|p1a: Lucario|38\/100 par|[from] Grassy Terrain\n|upkeep\n|turn|13\n|\n|move|p1a: Lucario|Extreme Speed|p2a: Greninja\n|-damage|p2a: Greninja|0 fnt\n|-damage|p1a: Lucario|28\/100 par|[from] item: Life Orb\n|faint|p2a: Greninja\n|\n|-heal|p1a: Lucario|34\/100 par|[from] Grassy Terrain\n|upkeep\n|\n|switch|p2a: Zapdos|Zapdos|33\/100\n|turn|14\n|\n|move|p1a: Lucario|Extreme Speed|p2a: Zapdos\n|-damage|p2a: Zapdos|0 fnt\n|-damage|p1a: Lucario|24\/100 par|[from] item: Life Orb\n|faint|p2a: Zapdos\n|\n|win|swmas\n|l|\u2606Jakkkkkka\n|raw|swmas's rating: 1547 &rarr; <strong>1568<\/strong><br \/>(+21 for winning)\n|raw|Jakkkkkka's rating: 1562 &rarr; <strong>1542<\/strong><br \/>(-20 for losing)\n","uploadtime":1570400448,"views":2,"p1id":"swmas","p2id":"jakkkkkka","formatid":"gen7ou","rating":1542,"private":0,"password":null}