{"id":"gen7ubers-965023164","p1":"HereWeStand","p2":"Walletinspector62","format":"gen7ubers","log":"|j|\u2606HereWeStand\n|j|\u2606Walletinspector62\n|player|p1|HereWeStand|102|\n|player|p2|Walletinspector62|169|\n|teamsize|p1|6\n|teamsize|p2|6\n|gametype|singles\n|gen|7\n|tier|[Gen 7] Ubers\n|rule|Sleep Clause Mod: Limit one foe put to sleep\n|rule|Species Clause: Limit one of each Pok\u00e9mon\n|rule|OHKO Clause: OHKO moves are banned\n|rule|Moody Clause: Moody is banned\n|rule|Evasion Moves Clause: Evasion moves are banned\n|rule|Endless Battle Clause: Forcing endless battles is banned\n|rule|HP Percentage Mod: HP is shown in percentages\n|clearpoke\n|poke|p1|Buzzwole|item\n|poke|p1|Muk-Alola, M|item\n|poke|p1|Dialga|item\n|poke|p1|Groudon|item\n|poke|p1|Smeargle, F|item\n|poke|p1|Arceus-*|item\n|poke|p2|Blastoise, M|item\n|poke|p2|Rotom-Heat|item\n|poke|p2|Stakataka|item\n|poke|p2|Amoonguss, M|item\n|poke|p2|Salamence, M|item\n|poke|p2|Ninetales-Alola, F|item\n|rule|Mega Rayquaza Clause: You cannot mega evolve Rayquaza\n|teampreview\n|c|\u2606Walletinspector62|Glhf\n|c|\u2606HereWeStand|Arceus shows up a normal but it's water\n|c|\u2606HereWeStand|Gl hf\n|\n|start\n|switch|p1a: Ruff|Smeargle, F|100\/100\n|switch|p2a: Emma Frost|Ninetales-Alola, F, shiny|100\/100\n|-weather|Hail|[from] ability: Snow Warning|[of] p2a: Emma Frost\n|turn|1\n|\n|move|p2a: Emma Frost|Blizzard|p1a: Ruff\n|-damage|p1a: Ruff|15\/100\n|move|p1a: Ruff|Glare|p2a: Emma Frost\n|-status|p2a: Emma Frost|par\n|\n|-weather|Hail|[upkeep]\n|-damage|p1a: Ruff|9\/100|[from] Hail\n|upkeep\n|turn|2\n|\n|move|p1a: Ruff|Sticky Web|p2a: Emma Frost\n|-sidestart|p2: Walletinspector62|move: Sticky Web\n|move|p2a: Emma Frost|Aurora Veil|p2a: Emma Frost\n|-sidestart|p2: Walletinspector62|move: Aurora Veil\n|\n|-weather|Hail|[upkeep]\n|-damage|p1a: Ruff|3\/100|[from] Hail\n|upkeep\n|turn|3\n|\n|switch|p2a: Legos|Stakataka, shiny|100\/100\n|-activate|p2a: Legos|move: Sticky Web\n|-unboost|p2a: Legos|spe|1\n|move|p1a: Ruff|Whirlwind|p2a: Legos\n|drag|p2a: EZ Bake Oven|Rotom-Heat, shiny|100\/100\n|\n|-weather|Hail|[upkeep]\n|-damage|p1a: Ruff|0 fnt|[from] Hail\n|-damage|p2a: EZ Bake Oven|94\/100|[from] Hail\n|faint|p1a: Ruff\n|-heal|p2a: EZ Bake Oven|100\/100|[from] item: Leftovers\n|upkeep\n|\n|switch|p1a: Splashs|Arceus-Water|100\/100\n|turn|4\n|\n|move|p1a: Splashs|Judgment|p2a: EZ Bake Oven\n|-supereffective|p2a: EZ Bake Oven\n|-damage|p2a: EZ Bake Oven|56\/100\n|move|p2a: EZ Bake Oven|Toxic|p1a: Splashs\n|-status|p1a: Splashs|tox\n|\n|-weather|Hail|[upkeep]\n|-damage|p1a: Splashs|94\/100 tox|[from] Hail\n|-damage|p2a: EZ Bake Oven|50\/100|[from] Hail\n|-heal|p2a: EZ Bake Oven|56\/100|[from] item: Leftovers\n|-damage|p1a: Splashs|88\/100 tox|[from] psn\n|upkeep\n|turn|5\n|\n|switch|p1a: Diamond|Muk-Alola, M|100\/100\n|switch|p2a: Dabuz|Amoonguss, M, shiny|100\/100\n|-activate|p2a: Dabuz|move: Sticky Web\n|-unboost|p2a: Dabuz|spe|1\n|\n|-weather|none\n|upkeep\n|turn|6\n|\n|move|p1a: Diamond|Knock Off|p2a: Dabuz\n|-damage|p2a: Dabuz|77\/100\n|-enditem|p2a: Dabuz|Black Sludge|[from] move: Knock Off|[of] p1a: Diamond\n|move|p2a: Dabuz|Spore|p1a: Diamond\n|-status|p1a: Diamond|slp|[from] move: Spore\n|\n|upkeep\n|turn|7\n|\n|switch|p1a: Munch|Groudon, shiny|100\/100\n|detailschange|p1a: Munch|Groudon-Primal, shiny\n|-primal|p1a: Munch\n|-weather|DesolateLand|[from] ability: Desolate Land|[of] p1a: Munch\n|switch|p2a: Legos|Stakataka, shiny|100\/100\n|-activate|p2a: Legos|move: Sticky Web\n|-unboost|p2a: Legos|spe|1\n|\n|-weather|DesolateLand|[upkeep]\n|upkeep\n|turn|8\n|\n|-weather|none\n|switch|p1a: The Mountain|Buzzwole, shiny|100\/100\n|move|p2a: Legos|Trick Room|p2a: Legos\n|-fieldstart|move: Trick Room|[of] p2a: Legos\n|\n|upkeep\n|turn|9\n|\n|move|p2a: Legos|Gyro Ball|p1a: The Mountain\n|-damage|p1a: The Mountain|61\/100\n|move|p1a: The Mountain|Hammer Arm|p2a: Legos\n|-supereffective|p2a: Legos\n|-damage|p2a: Legos|45\/100\n|-unboost|p1a: The Mountain|spe|1\n|\n|-heal|p1a: The Mountain|67\/100|[from] item: Leftovers\n|-sideend|p2: Walletinspector62|move: Aurora Veil\n|upkeep\n|turn|10\n|\n|switch|p2a: Blood moon|Salamence, M|100\/100\n|-ability|p2a: Blood moon|Intimidate|boost\n|-unboost|p1a: The Mountain|atk|1\n|move|p1a: The Mountain|Hammer Arm|p2a: Blood moon\n|-resisted|p2a: Blood moon\n|-damage|p2a: Blood moon|81\/100\n|-unboost|p1a: The Mountain|spe|1\n|\n|-heal|p1a: The Mountain|73\/100|[from] item: Leftovers\n|upkeep\n|turn|11\n|\n|switch|p1a: Dragonstone|Dialga|100\/100\n|-ability|p1a: Dragonstone|Pressure\n|switch|p2a: Emma Frost|Ninetales-Alola, F, shiny|100\/100 par\n|-activate|p2a: Emma Frost|move: Sticky Web\n|-unboost|p2a: Emma Frost|spe|1\n|-weather|Hail|[from] ability: Snow Warning|[of] p2a: Emma Frost\n|\n|-weather|Hail|[upkeep]\n|-damage|p1a: Dragonstone|94\/100|[from] Hail\n|upkeep\n|turn|12\n|\n|move|p2a: Emma Frost|Aurora Veil|p2a: Emma Frost\n|-sidestart|p2: Walletinspector62|move: Aurora Veil\n|move|p1a: Dragonstone|Flash Cannon|p2a: Emma Frost\n|-supereffective|p2a: Emma Frost\n|-damage|p2a: Emma Frost|0 fnt\n|faint|p2a: Emma Frost\n|\n|-weather|Hail|[upkeep]\n|-damage|p1a: Dragonstone|88\/100|[from] Hail\n|-fieldend|move: Trick Room\n|upkeep\n|\n|switch|p2a: Legos|Stakataka, shiny|45\/100\n|-activate|p2a: Legos|move: Sticky Web\n|-unboost|p2a: Legos|spe|1\n|turn|13\n|c|\u2606HereWeStand|Dang it lol\n|c|\u2606HereWeStand|Shoulda gone to groudon\n|\n|move|p1a: Dragonstone|Fire Blast|p2a: Legos\n|-damage|p2a: Legos|20\/100\n|move|p2a: Legos|Gyro Ball|p1a: Dragonstone\n|-resisted|p1a: Dragonstone\n|-damage|p1a: Dragonstone|54\/100\n|\n|-weather|Hail|[upkeep]\n|-damage|p1a: Dragonstone|48\/100|[from] Hail\n|-damage|p2a: Legos|14\/100|[from] Hail\n|upkeep\n|turn|14\n|\n|move|p1a: Dragonstone|Fire Blast|p2a: Legos\n|-damage|p2a: Legos|0 fnt\n|faint|p2a: Legos\n|\n|-weather|Hail|[upkeep]\n|-damage|p1a: Dragonstone|42\/100|[from] Hail\n|upkeep\n|\n|switch|p2a: Blood moon|Salamence, M|81\/100\n|-ability|p2a: Blood moon|Intimidate|boost\n|-unboost|p1a: Dragonstone|atk|1\n|turn|15\n|\n|detailschange|p2a: Blood moon|Salamence-Mega, M\n|-mega|p2a: Blood moon|Salamence|Salamencite\n|move|p2a: Blood moon|Earthquake|p1a: Dragonstone\n|-supereffective|p1a: Dragonstone\n|-enditem|p1a: Dragonstone|Shuca Berry|[eat]\n|-enditem|p1a: Dragonstone|Shuca Berry|[weaken]\n|-damage|p1a: Dragonstone|11\/100\n|move|p1a: Dragonstone|Draco Meteor|p2a: Blood moon\n|-supereffective|p2a: Blood moon\n|-damage|p2a: Blood moon|0 fnt\n|-unboost|p1a: Dragonstone|spa|2\n|faint|p2a: Blood moon\n|\n|-weather|none\n|upkeep\n|c|\u2606Walletinspector62|Woooow\n|c|\u2606HereWeStand|Clutch city\n|\n|switch|p2a: EZ Bake Oven|Rotom-Heat, shiny|56\/100\n|turn|16\n|\n|move|p1a: Dragonstone|Stealth Rock|p2a: EZ Bake Oven\n|-sidestart|p2: Walletinspector62|move: Stealth Rock\n|move|p2a: EZ Bake Oven|Overheat|p1a: Dragonstone\n|-damage|p1a: Dragonstone|0 fnt\n|-unboost|p2a: EZ Bake Oven|spa|2\n|faint|p1a: Dragonstone\n|\n|-heal|p2a: EZ Bake Oven|62\/100|[from] item: Leftovers\n|upkeep\n|\n|switch|p1a: Splashs|Arceus-Water|88\/100 tox\n|turn|17\n|\n|move|p1a: Splashs|Judgment|p2a: EZ Bake Oven\n|-supereffective|p2a: EZ Bake Oven\n|-damage|p2a: EZ Bake Oven|22\/100\n|move|p2a: EZ Bake Oven|Volt Switch|p1a: Splashs\n|-supereffective|p1a: Splashs\n|-damage|p1a: Splashs|71\/100 tox\n|\n|switch|p2a: Dabuz|Amoonguss, M, shiny|100\/100|[from]move: Volt Switch\n|-damage|p2a: Dabuz|88\/100|[from] Stealth Rock\n|-activate|p2a: Dabuz|move: Sticky Web\n|-unboost|p2a: Dabuz|spe|1\n|\n|-damage|p1a: Splashs|65\/100 tox|[from] psn\n|upkeep\n|turn|18\n|\n|switch|p1a: Diamond|Muk-Alola, M|100\/100 slp\n|move|p2a: Dabuz|Giga Drain|p1a: Diamond\n|-resisted|p1a: Diamond\n|-damage|p1a: Diamond|93\/100 slp\n|-heal|p2a: Dabuz|91\/100|[from] drain|[of] p1a: Diamond\n|\n|upkeep\n|turn|19\n|\n|-activate|p2a: Dabuz|move: Pursuit\n|cant|p1a: Diamond|slp\n|switch|p2a: Leonardo|Blastoise, M, shiny|100\/100\n|-activate|p2a: Leonardo|move: Sticky Web\n|-unboost|p2a: Leonardo|spe|1\n|-damage|p2a: Leonardo|88\/100|[from] Stealth Rock\n|\n|-heal|p2a: Leonardo|94\/100|[from] item: Leftovers\n|-sideend|p2: Walletinspector62|move: Aurora Veil\n|upkeep\n|turn|20\n|c|\u2606HereWeStand|Is that normal or mega blastoise out of curiosity?\n|\n|-curestatus|p1a: Diamond|slp|[msg]\n|move|p1a: Diamond|Knock Off|p2a: Leonardo\n|-damage|p2a: Leonardo|67\/100\n|-enditem|p2a: Leonardo|Leftovers|[from] move: Knock Off|[of] p1a: Diamond\n|move|p2a: Leonardo|Scald|p1a: Diamond\n|-damage|p1a: Diamond|83\/100\n|\n|upkeep\n|turn|21\n|c|\u2606HereWeStand|Normal\n|\n|move|p1a: Diamond|Poison Jab|p2a: Leonardo\n|-damage|p2a: Leonardo|44\/100\n|-status|p2a: Leonardo|psn|[from] ability: Poison Touch|[of] p1a: Diamond\n|move|p2a: Leonardo|Scald|p1a: Diamond\n|-damage|p1a: Diamond|71\/100\n|\n|-damage|p2a: Leonardo|31\/100 psn|[from] psn\n|upkeep\n|turn|22\n|\n|move|p1a: Diamond|Knock Off|p2a: Leonardo\n|-damage|p2a: Leonardo|12\/100 psn\n|move|p2a: Leonardo|Scald|p1a: Diamond\n|-damage|p1a: Diamond|56\/100\n|-status|p1a: Diamond|brn\n|\n|-damage|p1a: Diamond|50\/100 brn|[from] brn\n|-damage|p2a: Leonardo|0 fnt|[from] psn\n|faint|p2a: Leonardo\n|upkeep\n|\n|switch|p2a: Dabuz|Amoonguss, M, shiny|100\/100\n|-damage|p2a: Dabuz|88\/100|[from] Stealth Rock\n|-activate|p2a: Dabuz|move: Sticky Web\n|-unboost|p2a: Dabuz|spe|1\n|turn|23\n|\n|move|p1a: Diamond|Knock Off|p2a: Dabuz\n|-damage|p2a: Dabuz|72\/100\n|move|p2a: Dabuz|Giga Drain|p1a: Diamond\n|-resisted|p1a: Diamond\n|-damage|p1a: Diamond|43\/100 brn\n|-heal|p2a: Dabuz|75\/100|[from] drain|[of] p1a: Diamond\n|\n|-damage|p1a: Diamond|36\/100 brn|[from] brn\n|upkeep\n|turn|24\n|\n|move|p1a: Diamond|Knock Off|p2a: Dabuz\n|-damage|p2a: Dabuz|62\/100\n|move|p2a: Dabuz|Giga Drain|p1a: Diamond\n|-resisted|p1a: Diamond\n|-damage|p1a: Diamond|29\/100 brn\n|-heal|p2a: Dabuz|66\/100|[from] drain|[of] p1a: Diamond\n|\n|-damage|p1a: Diamond|23\/100 brn|[from] brn\n|upkeep\n|turn|25\n|\n|switch|p1a: Munch|Groudon-Primal, shiny|100\/100\n|-weather|DesolateLand|[from] ability: Desolate Land|[of] p1a: Munch\n|move|p2a: Dabuz|Giga Drain|p1a: Munch\n|-damage|p1a: Munch|68\/100\n|-heal|p2a: Dabuz|80\/100|[from] drain|[of] p1a: Munch\n|\n|-weather|DesolateLand|[upkeep]\n|upkeep\n|turn|26\n|\n|move|p1a: Munch|Fire Punch|p2a: Dabuz\n|-supereffective|p2a: Dabuz\n|-damage|p2a: Dabuz|0 fnt\n|faint|p2a: Dabuz\n|\n|-weather|DesolateLand|[upkeep]\n|upkeep\n|\n|switch|p2a: EZ Bake Oven|Rotom-Heat, shiny|22\/100\n|-damage|p2a: EZ Bake Oven|0 fnt|[from] Stealth Rock\n|faint|p2a: EZ Bake Oven\n|\n|win|HereWeStand\n|c|\u2606HereWeStand|gg\n|c|\u2606Walletinspector62|G\n|c|\u2606Walletinspector62|G\n|l|\u2606Walletinspector62\n","uploadtime":1566605381,"views":5,"p1id":"herewestand","p2id":"walletinspector62","formatid":"gen7ubers","rating":0,"private":0,"password":null}