{"id":"gen7ou-773294664","p1":"The Tree Lover","p2":"Q114","format":"gen7ou","log":"|j|\u2606The Tree Lover\n|j|\u2606Q114\n|player|p1|The Tree Lover|190\n|player|p2|Q114|169\n|teamsize|p1|6\n|teamsize|p2|6\n|gametype|singles\n|gen|7\n|tier|[Gen 7] OU\n|rated|\n|rule|Sleep Clause Mod: Limit one foe put to sleep\n|rule|Species Clause: Limit one of each Pok\u00e9mon\n|rule|OHKO Clause: OHKO moves are banned\n|rule|Moody Clause: Moody is banned\n|rule|Evasion Moves Clause: Evasion moves are banned\n|rule|Endless Battle Clause: Forcing endless battles is banned\n|rule|HP Percentage Mod: HP is shown in percentages\n|clearpoke\n|poke|p1|Clefable, F|item\n|poke|p1|Greninja, M|item\n|poke|p1|Ferrothorn, M|item\n|poke|p1|Latias, F|item\n|poke|p1|Heatran, M|item\n|poke|p1|Landorus-Therian, M|item\n|poke|p2|Skarmory, F|item\n|poke|p2|Chansey, F|item\n|poke|p2|Magnezone|item\n|poke|p2|Toxapex, F|item\n|poke|p2|Clefable, M|item\n|poke|p2|Sableye, F|item\n|teampreview\n|j| chaky4418\n|\n|start\n|switch|p1a: Clefable|Clefable, F|100\/100\n|switch|p2a: Sableye|Sableye, F|100\/100\n|turn|1\n|inactive|Battle timer is ON: inactive players will automatically lose when time's up. (requested by The Tree Lover)\n|\n|detailschange|p2a: Sableye|Sableye-Mega, F\n|-mega|p2a: Sableye|Sableye|Sablenite\n|move|p2a: Sableye|Protect|p2a: Sableye\n|-singleturn|p2a: Sableye|Protect\n|move|p1a: Clefable|Moonblast|p2a: Sableye\n|-activate|p2a: Sableye|move: Protect\n|\n|upkeep\n|turn|2\n|\n|move|p1a: Clefable|Moonblast|p2a: Sableye\n|-supereffective|p2a: Sableye\n|-damage|p2a: Sableye|53\/100\n|move|p2a: Sableye|Recover|p2a: Sableye\n|-heal|p2a: Sableye|100\/100\n|\n|upkeep\n|turn|3\n|\n|switch|p2a: Toxapex|Toxapex, F|100\/100\n|move|p1a: Clefable|Calm Mind|p1a: Clefable\n|-boost|p1a: Clefable|spa|1\n|-boost|p1a: Clefable|spd|1\n|\n|upkeep\n|turn|4\n|\n|switch|p1a: Heatran|Heatran, M|100\/100\n|move|p2a: Toxapex|Toxic Spikes|p1a: Heatran\n|-sidestart|p1: The Tree Lover|move: Toxic Spikes\n|\n|upkeep\n|turn|5\n|\n|switch|p2a: Sableye|Sableye-Mega, F|100\/100\n|move|p1a: Heatran|Magma Storm|p2a: Sableye\n|-damage|p2a: Sableye|70\/100\n|-activate|p2a: Sableye|move: Magma Storm|[of] p1a: Heatran\n|\n|-damage|p2a: Sableye|58\/100|[from] move: Magma Storm|[partiallytrapped]\n|upkeep\n|turn|6\n|\n|switch|p1a: Clefable|Clefable, F|100\/100\n|-status|p1a: Clefable|psn\n|move|p2a: Sableye|Recover|p2a: Sableye\n|-heal|p2a: Sableye|100\/100\n|\n|upkeep\n|turn|7\n|\n|switch|p2a: Toxapex|Toxapex, F|100\/100\n|move|p1a: Clefable|Calm Mind|p1a: Clefable\n|-boost|p1a: Clefable|spa|1\n|-boost|p1a: Clefable|spd|1\n|\n|upkeep\n|turn|8\n|inactive|Q114 has 135 seconds left.\n|inactive|Q114 has 120 seconds left.\n|\n|move|p1a: Clefable|Moonblast|p2a: Toxapex\n|-resisted|p2a: Toxapex\n|-damage|p2a: Toxapex|81\/100\n|move|p2a: Toxapex|Scald|p1a: Clefable\n|-damage|p1a: Clefable|90\/100 psn\n|\n|-heal|p1a: Clefable|96\/100 psn|[from] item: Leftovers\n|-heal|p2a: Toxapex|87\/100|[from] item: Black Sludge\n|upkeep\n|turn|9\n|\n|switch|p1a: Heatran|Heatran, M|100\/100\n|move|p2a: Toxapex|Haze|p2a: Toxapex\n|-clearallboost\n|\n|-heal|p2a: Toxapex|93\/100|[from] item: Black Sludge\n|upkeep\n|turn|10\n|\n|switch|p2a: Sableye|Sableye-Mega, F|100\/100\n|move|p1a: Heatran|Magma Storm|p2a: Sableye|[miss]\n|-miss|p1a: Heatran|p2a: Sableye\n|\n|upkeep\n|turn|11\n|\n|switch|p1a: Clefable|Clefable, F|96\/100 psn\n|move|p2a: Sableye|Knock Off|p1a: Clefable\n|-resisted|p1a: Clefable\n|-damage|p1a: Clefable|84\/100 psn\n|-enditem|p1a: Clefable|Leftovers|[from] move: Knock Off|[of] p2a: Sableye\n|\n|upkeep\n|turn|12\n|\n|switch|p1a: Ferrothorn|Ferrothorn, M|100\/100\n|switch|p2a: Chansey|Chansey, F|100\/100\n|\n|upkeep\n|turn|13\n|\n|switch|p2a: Magnezone|Magnezone|100\/100\n|move|p1a: Ferrothorn|Power Whip|p2a: Magnezone\n|-resisted|p2a: Magnezone\n|-damage|p2a: Magnezone|79\/100\n|\n|upkeep\n|turn|14\n|\n|move|p2a: Magnezone|Hidden Power|p1a: Ferrothorn\n|-supereffective|p1a: Ferrothorn\n|-damage|p1a: Ferrothorn|45\/100\n|move|p1a: Ferrothorn|Spikes|p2a: Magnezone\n|-sidestart|p2: Q114|Spikes\n|\n|-heal|p1a: Ferrothorn|51\/100|[from] item: Leftovers\n|upkeep\n|turn|15\n|\n|move|p2a: Magnezone|Hidden Power|p1a: Ferrothorn\n|-supereffective|p1a: Ferrothorn\n|-damage|p1a: Ferrothorn|0 fnt\n|faint|p1a: Ferrothorn\n|\n|upkeep\n|\n|switch|p1a: Heatran|Heatran, M|100\/100\n|turn|16\n|inactive|Q114 has 135 seconds left.\n|\n|switch|p2a: Sableye|Sableye-Mega, F|100\/100\n|-damage|p2a: Sableye|88\/100|[from] Spikes\n|move|p1a: Heatran|Magma Storm|p2a: Sableye|[miss]\n|-miss|p1a: Heatran|p2a: Sableye\n|\n|upkeep\n|turn|17\n|\n|switch|p1a: Clefable|Clefable, F|84\/100 psn\n|move|p2a: Sableye|Recover|p2a: Sableye\n|-heal|p2a: Sableye|100\/100\n|\n|upkeep\n|turn|18\n|\n|switch|p2a: Skarmory|Skarmory, F|100\/100\n|move|p1a: Clefable|Calm Mind|p1a: Clefable\n|-boost|p1a: Clefable|spa|1\n|-boost|p1a: Clefable|spd|1\n|\n|upkeep\n|turn|19\n|\n|switch|p1a: Heatran|Heatran, M|100\/100\n|move|p2a: Skarmory|Defog|p1a: Heatran\n|-unboost|p1a: Heatran|evasion|1\n|-sideend|p1: The Tree Lover|Toxic Spikes|[from] move: Defog|[of] p1a: Heatran\n|-sideend|p2: Q114|Spikes|[from] move: Defog|[of] p2a: Skarmory\n|\n|upkeep\n|turn|20\n|\n|switch|p2a: Sableye|Sableye-Mega, F|100\/100\n|move|p1a: Heatran|Magma Storm|p2a: Sableye\n|-damage|p2a: Sableye|70\/100\n|-activate|p2a: Sableye|move: Magma Storm|[of] p1a: Heatran\n|\n|-damage|p2a: Sableye|58\/100|[from] move: Magma Storm|[partiallytrapped]\n|upkeep\n|turn|21\n|\n|move|p1a: Heatran|Earth Power|p2a: Sableye\n|-damage|p2a: Sableye|40\/100\n|move|p2a: Sableye|Recover|p2a: Sableye\n|-heal|p2a: Sableye|90\/100\n|\n|-damage|p2a: Sableye|78\/100|[from] move: Magma Storm|[partiallytrapped]\n|upkeep\n|turn|22\n|\n|switch|p1a: Clefable|Clefable, F|84\/100 psn\n|move|p2a: Sableye|Recover|p2a: Sableye\n|-heal|p2a: Sableye|100\/100\n|\n|upkeep\n|turn|23\n|\n|switch|p1a: Greninja|Greninja, M|100\/100\n|switch|p2a: Toxapex|Toxapex, F|100\/100\n|\n|upkeep\n|turn|24\n|\n|move|p1a: Greninja|Toxic Spikes|p2a: Toxapex\n|-start|p1a: Greninja|typechange|Poison|[from] Protean\n|-sidestart|p2: Q114|move: Toxic Spikes\n|move|p2a: Toxapex|Toxic Spikes|p1a: Greninja\n|-sidestart|p1: The Tree Lover|move: Toxic Spikes\n|\n|upkeep\n|turn|25\n|\n|move|p1a: Greninja|Extrasensory|p2a: Toxapex\n|-start|p1a: Greninja|typechange|Psychic|[from] Protean\n|-supereffective|p2a: Toxapex\n|-damage|p2a: Toxapex|43\/100\n|move|p2a: Toxapex|Scald|p1a: Greninja\n|-damage|p1a: Greninja|75\/100\n|\n|-heal|p2a: Toxapex|49\/100|[from] item: Black Sludge\n|upkeep\n|turn|26\n|\n|switch|p1a: Heatran|Heatran, M|100\/100\n|switch|p2a: Chansey|Chansey, F|100\/100\n|-status|p2a: Chansey|psn\n|\n|-damage|p2a: Chansey|88\/100 psn|[from] psn\n|upkeep\n|turn|27\n|inactive|Q114 has 135 seconds left.\n|\n|switch|p2a: Magnezone|Magnezone|79\/100\n|move|p1a: Heatran|Magma Storm|p2a: Magnezone\n|-supereffective|p2a: Magnezone\n|-damage|p2a: Magnezone|0 fnt\n|faint|p2a: Magnezone\n|\n|upkeep\n|\n|switch|p2a: Toxapex|Toxapex, F|82\/100\n|-sideend|p2: Q114|move: Toxic Spikes|[of] p2a: Toxapex\n|turn|28\n|j| wutisudoin\n|\n|switch|p2a: Sableye|Sableye-Mega, F|100\/100\n|move|p1a: Heatran|Earth Power|p2a: Sableye\n|-damage|p2a: Sableye|83\/100\n|\n|upkeep\n|turn|29\n|\n|switch|p1a: Clefable|Clefable, F|84\/100 psn\n|move|p2a: Sableye|Knock Off|p1a: Clefable\n|-resisted|p1a: Clefable\n|-damage|p1a: Clefable|76\/100 psn\n|\n|upkeep\n|turn|30\n|\n|move|p2a: Sableye|Protect|p2a: Sableye\n|-singleturn|p2a: Sableye|Protect\n|move|p1a: Clefable|Soft-Boiled|p1a: Clefable\n|-heal|p1a: Clefable|100\/100 psn\n|\n|upkeep\n|turn|31\n|\n|switch|p1a: Latias|Latias, F|100\/100\n|switch|p2a: Skarmory|Skarmory, F|100\/100\n|\n|upkeep\n|turn|32\n|\n|switch|p2a: Chansey|Chansey, F|88\/100\n|detailschange|p1a: Latias|Latias-Mega, F\n|-mega|p1a: Latias|Latias|Latiasite\n|move|p1a: Latias|Thunderbolt|p2a: Chansey\n|-damage|p2a: Chansey|79\/100\n|\n|upkeep\n|turn|33\n|\n|switch|p1a: Landorus|Landorus-Therian, M|100\/100\n|-ability|p1a: Landorus|Intimidate|boost\n|-unboost|p2a: Chansey|atk|1\n|move|p2a: Chansey|Stealth Rock|p1a: Landorus\n|-sidestart|p1: The Tree Lover|move: Stealth Rock\n|\n|upkeep\n|turn|34\n|\n|move|p1a: Landorus|Defog|p2a: Chansey\n|-unboost|p2a: Chansey|evasion|1\n|-sideend|p1: The Tree Lover|Toxic Spikes|[from] move: Defog|[of] p1a: Landorus\n|-sideend|p1: The Tree Lover|Stealth Rock|[from] move: Defog|[of] p1a: Landorus\n|move|p2a: Chansey|Toxic|p1a: Landorus\n|-status|p1a: Landorus|tox\n|\n|-damage|p1a: Landorus|95\/100 tox|[from] psn\n|upkeep\n|turn|35\n|\n|switch|p1a: Heatran|Heatran, M|100\/100\n|switch|p2a: Skarmory|Skarmory, F|100\/100\n|\n|upkeep\n|turn|36\n|\n|switch|p2a: Sableye|Sableye-Mega, F|83\/100\n|move|p1a: Heatran|Earth Power|p2a: Sableye\n|-damage|p2a: Sableye|65\/100\n|\n|upkeep\n|turn|37\n|\n|move|p1a: Heatran|Earth Power|p2a: Sableye\n|-damage|p2a: Sableye|46\/100\n|move|p2a: Sableye|Recover|p2a: Sableye\n|-heal|p2a: Sableye|96\/100\n|\n|upkeep\n|turn|38\n|\n|switch|p1a: Clefable|Clefable, F|100\/100 psn\n|move|p2a: Sableye|Knock Off|p1a: Clefable\n|-resisted|p1a: Clefable\n|-crit|p1a: Clefable\n|-damage|p1a: Clefable|89\/100 psn\n|\n|upkeep\n|turn|39\n|\n|switch|p2a: Chansey|Chansey, F|79\/100\n|move|p1a: Clefable|Cosmic Power|p1a: Clefable\n|-boost|p1a: Clefable|def|1\n|-boost|p1a: Clefable|spd|1\n|\n|upkeep\n|turn|40\n|\n|switch|p1a: Heatran|Heatran, M|100\/100\n|move|p2a: Chansey|Stealth Rock|p1a: Heatran\n|-sidestart|p1: The Tree Lover|move: Stealth Rock\n|\n|upkeep\n|turn|41\n|\n|switch|p2a: Sableye|Sableye-Mega, F|96\/100\n|move|p1a: Heatran|Stealth Rock|p2a: Sableye\n|move|p2a: Sableye|Stealth Rock|p1a: Heatran|[from]Magic Bounce\n|-fail|p2a: Sableye\n|\n|upkeep\n|turn|42\n|\n|switch|p1a: Clefable|Clefable, F|89\/100 psn\n|move|p2a: Sableye|Knock Off|p1a: Clefable\n|-resisted|p1a: Clefable\n|-damage|p1a: Clefable|81\/100 psn\n|\n|upkeep\n|turn|43\n|\n|switch|p2a: Toxapex|Toxapex, F|100\/100\n|move|p1a: Clefable|Calm Mind|p1a: Clefable\n|-boost|p1a: Clefable|spa|1\n|-boost|p1a: Clefable|spd|1\n|\n|upkeep\n|turn|44\n|\n|move|p1a: Clefable|Moonblast|p2a: Toxapex\n|-resisted|p2a: Toxapex\n|-damage|p2a: Toxapex|82\/100\n|move|p2a: Toxapex|Toxic Spikes|p1a: Clefable\n|-sidestart|p1: The Tree Lover|move: Toxic Spikes\n|\n|-heal|p2a: Toxapex|88\/100|[from] item: Black Sludge\n|upkeep\n|turn|45\n|\n|switch|p1a: Latias|Latias-Mega, F|100\/100\n|-damage|p1a: Latias|88\/100|[from] Stealth Rock\n|move|p2a: Toxapex|Scald|p1a: Latias\n|-resisted|p1a: Latias\n|-damage|p1a: Latias|83\/100\n|\n|-heal|p2a: Toxapex|94\/100|[from] item: Black Sludge\n|upkeep\n|turn|46\n|\n|switch|p2a: Chansey|Chansey, F|79\/100\n|move|p1a: Latias|Thunderbolt|p2a: Chansey\n|-damage|p2a: Chansey|71\/100\n|\n|upkeep\n|turn|47\n|\n|switch|p1a: Landorus|Landorus-Therian, M|95\/100 tox\n|-damage|p1a: Landorus|82\/100 tox|[from] Stealth Rock\n|-ability|p1a: Landorus|Intimidate|boost\n|-unboost|p2a: Chansey|atk|1\n|move|p2a: Chansey|Soft-Boiled|p2a: Chansey\n|-heal|p2a: Chansey|100\/100\n|\n|-damage|p1a: Landorus|76\/100 tox|[from] psn\n|upkeep\n|turn|48\n|\n|move|p1a: Landorus|Defog|p2a: Chansey\n|-unboost|p2a: Chansey|evasion|1\n|-sideend|p1: The Tree Lover|Toxic Spikes|[from] move: Defog|[of] p1a: Landorus\n|-sideend|p1: The Tree Lover|Stealth Rock|[from] move: Defog|[of] p1a: Landorus\n|move|p2a: Chansey|Stealth Rock|p1a: Landorus\n|-sidestart|p1: The Tree Lover|move: Stealth Rock\n|\n|-damage|p1a: Landorus|64\/100 tox|[from] psn\n|upkeep\n|turn|49\n|\n|switch|p1a: Clefable|Clefable, F|81\/100 psn\n|switch|p2a: Skarmory|Skarmory, F|100\/100\n|\n|upkeep\n|turn|50\n|\n|switch|p1a: Heatran|Heatran, M|100\/100\n|-damage|p1a: Heatran|88\/100|[from] Stealth Rock\n|move|p2a: Skarmory|Spikes|p1a: Heatran\n|-sidestart|p1: The Tree Lover|Spikes\n|\n|-heal|p1a: Heatran|94\/100|[from] item: Leftovers\n|upkeep\n|turn|51\n|\n|switch|p2a: Sableye|Sableye-Mega, F|96\/100\n|move|p1a: Heatran|Earth Power|p2a: Sableye\n|-damage|p2a: Sableye|78\/100\n|\n|-heal|p1a: Heatran|100\/100|[from] item: Leftovers\n|upkeep\n|turn|52\n|\n|switch|p1a: Clefable|Clefable, F|81\/100 psn\n|move|p2a: Sableye|Knock Off|p1a: Clefable\n|-resisted|p1a: Clefable\n|-damage|p1a: Clefable|73\/100 psn\n|\n|upkeep\n|turn|53\n|j| Zard y is a DRAGON\n|\n|switch|p2a: Toxapex|Toxapex, F|100\/100\n|move|p1a: Clefable|Calm Mind|p1a: Clefable\n|-boost|p1a: Clefable|spa|1\n|-boost|p1a: Clefable|spd|1\n|\n|upkeep\n|turn|54\n|\n|switch|p1a: Greninja|Greninja, M|75\/100\n|-damage|p1a: Greninja|63\/100|[from] Stealth Rock\n|-damage|p1a: Greninja|51\/100|[from] Spikes\n|move|p2a: Toxapex|Haze|p2a: Toxapex\n|-clearallboost\n|\n|upkeep\n|turn|55\n|\n|switch|p2a: Chansey|Chansey, F|100\/100\n|move|p1a: Greninja|Hydro Pump|p2a: Chansey\n|-start|p1a: Greninja|typechange|Water|[from] Protean\n|-damage|p2a: Chansey|85\/100\n|\n|upkeep\n|turn|56\n|\n|move|p1a: Greninja|Toxic Spikes|p2a: Chansey\n|-start|p1a: Greninja|typechange|Poison|[from] Protean\n|-sidestart|p2: Q114|move: Toxic Spikes\n|move|p2a: Chansey|Seismic Toss|p1a: Greninja\n|-damage|p1a: Greninja|16\/100\n|\n|upkeep\n|turn|57\n|\n|switch|p2a: Toxapex|Toxapex, F|100\/100\n|-sideend|p2: Q114|move: Toxic Spikes|[of] p2a: Toxapex\n|move|p1a: Greninja|Extrasensory|p2a: Toxapex\n|-start|p1a: Greninja|typechange|Psychic|[from] Protean\n|-supereffective|p2a: Toxapex\n|-damage|p2a: Toxapex|37\/100\n|\n|-heal|p2a: Toxapex|43\/100|[from] item: Black Sludge\n|upkeep\n|turn|58\n|\n|switch|p2a: Chansey|Chansey, F|85\/100\n|move|p1a: Greninja|Toxic Spikes|p2a: Chansey\n|-start|p1a: Greninja|typechange|Poison|[from] Protean\n|-sidestart|p2: Q114|move: Toxic Spikes\n|\n|upkeep\n|turn|59\n|\n|move|p1a: Greninja|Extrasensory|p2a: Chansey\n|-start|p1a: Greninja|typechange|Psychic|[from] Protean\n|-damage|p2a: Chansey|74\/100\n|move|p2a: Chansey|Soft-Boiled|p2a: Chansey\n|-heal|p2a: Chansey|100\/100\n|\n|upkeep\n|turn|60\n|inactive|Q114 has 135 seconds left.\n|inactive|Q114 has 120 seconds left.\n|inactive|Q114 has 105 seconds left.\n|\n|-zpower|p1a: Greninja\n|move|p1a: Greninja|Shattered Psyche|p2a: Chansey|[zeffect]\n|-damage|p2a: Chansey|80\/100\n|move|p2a: Chansey|Toxic|p1a: Greninja\n|-status|p1a: Greninja|tox\n|\n|-damage|p1a: Greninja|10\/100 tox|[from] psn\n|upkeep\n|turn|61\n|inactive|The Tree Lover has 135 seconds left.\n|\n|switch|p1a: Heatran|Heatran, M|100\/100\n|-damage|p1a: Heatran|88\/100|[from] Stealth Rock\n|-damage|p1a: Heatran|75\/100|[from] Spikes\n|switch|p2a: Toxapex|Toxapex, F|76\/100\n|-sideend|p2: Q114|move: Toxic Spikes|[of] p2a: Toxapex\n|\n|-heal|p1a: Heatran|82\/100|[from] item: Leftovers\n|-heal|p2a: Toxapex|82\/100|[from] item: Black Sludge\n|upkeep\n|turn|62\n|\n|switch|p2a: Sableye|Sableye-Mega, F|78\/100\n|move|p1a: Heatran|Earth Power|p2a: Sableye\n|-damage|p2a: Sableye|58\/100\n|\n|-heal|p1a: Heatran|88\/100|[from] item: Leftovers\n|upkeep\n|turn|63\n|\n|move|p1a: Heatran|Magma Storm|p2a: Sableye\n|-damage|p2a: Sableye|24\/100\n|-activate|p2a: Sableye|move: Magma Storm|[of] p1a: Heatran\n|move|p2a: Sableye|Recover|p2a: Sableye\n|-heal|p2a: Sableye|74\/100\n|\n|-heal|p1a: Heatran|94\/100|[from] item: Leftovers\n|-damage|p2a: Sableye|62\/100|[from] move: Magma Storm|[partiallytrapped]\n|upkeep\n|turn|64\n|\n|move|p1a: Heatran|Earth Power|p2a: Sableye\n|-damage|p2a: Sableye|42\/100\n|move|p2a: Sableye|Recover|p2a: Sableye\n|-heal|p2a: Sableye|92\/100\n|\n|-heal|p1a: Heatran|100\/100|[from] item: Leftovers\n|-damage|p2a: Sableye|80\/100|[from] move: Magma Storm|[partiallytrapped]\n|upkeep\n|turn|65\n|\n|move|p1a: Heatran|Earth Power|p2a: Sableye\n|-damage|p2a: Sableye|60\/100\n|move|p2a: Sableye|Recover|p2a: Sableye\n|-heal|p2a: Sableye|100\/100\n|\n|-damage|p2a: Sableye|88\/100|[from] move: Magma Storm|[partiallytrapped]\n|upkeep\n|turn|66\n|inactive|The Tree Lover has 135 seconds left.\n|\n|move|p2a: Sableye|Protect|p2a: Sableye\n|-singleturn|p2a: Sableye|Protect\n|move|p1a: Heatran|Earth Power|p2a: Sableye\n|-activate|p2a: Sableye|move: Protect\n|\n|-damage|p2a: Sableye|76\/100|[from] move: Magma Storm|[partiallytrapped]\n|upkeep\n|turn|67\n|l| Zard y is a DRAGON\n|\n|move|p1a: Heatran|Earth Power|p2a: Sableye\n|-damage|p2a: Sableye|56\/100\n|move|p2a: Sableye|Recover|p2a: Sableye\n|-heal|p2a: Sableye|100\/100\n|\n|-end|p2a: Sableye|Magma Storm|[partiallytrapped]\n|upkeep\n|turn|68\n|\n|switch|p1a: Clefable|Clefable, F|73\/100 psn\n|move|p2a: Sableye|Protect|p2a: Sableye\n|-fail|p2a: Sableye\n|\n|upkeep\n|turn|69\n|inactive|The Tree Lover has 135 seconds left.\n|\n|switch|p2a: Chansey|Chansey, F|80\/100\n|move|p1a: Clefable|Calm Mind|p1a: Clefable\n|-boost|p1a: Clefable|spa|1\n|-boost|p1a: Clefable|spd|1\n|\n|upkeep\n|turn|70\n|\n|move|p1a: Clefable|Moonblast|p2a: Chansey\n|-damage|p2a: Chansey|64\/100\n|move|p2a: Chansey|Seismic Toss|p1a: Clefable\n|-damage|p1a: Clefable|48\/100 psn\n|\n|upkeep\n|turn|71\n|\n|move|p1a: Clefable|Soft-Boiled|p1a: Clefable\n|-heal|p1a: Clefable|98\/100 psn\n|move|p2a: Chansey|Soft-Boiled|p2a: Chansey\n|-heal|p2a: Chansey|100\/100\n|\n|upkeep\n|turn|72\n|\n|switch|p2a: Toxapex|Toxapex, F|100\/100\n|move|p1a: Clefable|Calm Mind|p1a: Clefable\n|-boost|p1a: Clefable|spa|1\n|-boost|p1a: Clefable|spd|1\n|\n|upkeep\n|turn|73\n|\n|switch|p1a: Latias|Latias-Mega, F|83\/100\n|-damage|p1a: Latias|70\/100|[from] Stealth Rock\n|move|p2a: Toxapex|Haze|p2a: Toxapex\n|-clearallboost\n|\n|upkeep\n|turn|74\n|\n|switch|p1a: Landorus|Landorus-Therian, M|64\/100 tox\n|-damage|p1a: Landorus|52\/100 tox|[from] Stealth Rock\n|-ability|p1a: Landorus|Intimidate|boost\n|-unboost|p2a: Toxapex|atk|1\n|switch|p2a: Chansey|Chansey, F|100\/100\n|\n|-damage|p1a: Landorus|46\/100 tox|[from] psn\n|upkeep\n|turn|75\n|\n|move|p1a: Landorus|Defog|p2a: Chansey\n|-unboost|p2a: Chansey|evasion|1\n|-sideend|p1: The Tree Lover|Spikes|[from] move: Defog|[of] p1a: Landorus\n|-sideend|p1: The Tree Lover|Stealth Rock|[from] move: Defog|[of] p1a: Landorus\n|move|p2a: Chansey|Stealth Rock|p1a: Landorus\n|-sidestart|p1: The Tree Lover|move: Stealth Rock\n|\n|-damage|p1a: Landorus|34\/100 tox|[from] psn\n|upkeep\n|turn|76\n|\n|switch|p1a: Heatran|Heatran, M|100\/100\n|-damage|p1a: Heatran|88\/100|[from] Stealth Rock\n|move|p2a: Chansey|Stealth Rock|p1a: Heatran\n|-fail|p2a: Chansey\n|\n|-heal|p1a: Heatran|94\/100|[from] item: Leftovers\n|upkeep\n|turn|77\n|\n|switch|p2a: Sableye|Sableye-Mega, F|100\/100\n|move|p1a: Heatran|Magma Storm|p2a: Sableye\n|-damage|p2a: Sableye|68\/100\n|-activate|p2a: Sableye|move: Magma Storm|[of] p1a: Heatran\n|\n|-heal|p1a: Heatran|100\/100|[from] item: Leftovers\n|-damage|p2a: Sableye|56\/100|[from] move: Magma Storm|[partiallytrapped]\n|upkeep\n|turn|78\n|\n|move|p1a: Heatran|Earth Power|p2a: Sableye\n|-damage|p2a: Sableye|37\/100\n|move|p2a: Sableye|Recover|p2a: Sableye\n|-heal|p2a: Sableye|88\/100\n|\n|-damage|p2a: Sableye|75\/100|[from] move: Magma Storm|[partiallytrapped]\n|upkeep\n|turn|79\n|\n|move|p1a: Heatran|Earth Power|p2a: Sableye\n|-damage|p2a: Sableye|57\/100\n|move|p2a: Sableye|Recover|p2a: Sableye\n|-heal|p2a: Sableye|100\/100\n|\n|-damage|p2a: Sableye|88\/100|[from] move: Magma Storm|[partiallytrapped]\n|upkeep\n|turn|80\n|\n|switch|p1a: Clefable|Clefable, F|98\/100 psn\n|move|p2a: Sableye|Protect|p2a: Sableye\n|-fail|p2a: Sableye\n|\n|upkeep\n|turn|81\n|\n|switch|p2a: Toxapex|Toxapex, F|100\/100\n|move|p1a: Clefable|Calm Mind|p1a: Clefable\n|-boost|p1a: Clefable|spa|1\n|-boost|p1a: Clefable|spd|1\n|\n|upkeep\n|turn|82\n|\n|switch|p1a: Latias|Latias-Mega, F|70\/100\n|-damage|p1a: Latias|58\/100|[from] Stealth Rock\n|move|p2a: Toxapex|Haze|p2a: Toxapex\n|-clearallboost\n|\n|upkeep\n|turn|83\n|\n|switch|p2a: Chansey|Chansey, F|100\/100\n|move|p1a: Latias|Roost|p1a: Latias\n|-heal|p1a: Latias|100\/100\n|\n|upkeep\n|turn|84\n|\n|move|p1a: Latias|Ice Beam|p2a: Chansey\n|-damage|p2a: Chansey|92\/100\n|move|p2a: Chansey|Seismic Toss|p1a: Latias\n|-damage|p1a: Latias|73\/100\n|\n|upkeep\n|turn|85\n|\n|switch|p1a: Clefable|Clefable, F|98\/100 psn\n|move|p2a: Chansey|Toxic|p1a: Clefable\n|-fail|p1a: Clefable\n|\n|upkeep\n|turn|86\n|\n|switch|p2a: Toxapex|Toxapex, F|100\/100\n|move|p1a: Clefable|Calm Mind|p1a: Clefable\n|-boost|p1a: Clefable|spa|1\n|-boost|p1a: Clefable|spd|1\n|\n|upkeep\n|turn|87\n|\n|switch|p1a: Latias|Latias-Mega, F|73\/100\n|-damage|p1a: Latias|61\/100|[from] Stealth Rock\n|move|p2a: Toxapex|Haze|p2a: Toxapex\n|-clearallboost\n|\n|upkeep\n|turn|88\n|\n|switch|p2a: Chansey|Chansey, F|92\/100\n|move|p1a: Latias|Roost|p1a: Latias\n|-heal|p1a: Latias|100\/100\n|\n|upkeep\n|turn|89\n|\n|switch|p1a: Heatran|Heatran, M|100\/100\n|-damage|p1a: Heatran|88\/100|[from] Stealth Rock\n|move|p2a: Chansey|Seismic Toss|p1a: Heatran\n|-damage|p1a: Heatran|62\/100\n|\n|-heal|p1a: Heatran|68\/100|[from] item: Leftovers\n|upkeep\n|turn|90\n|\n|switch|p2a: Sableye|Sableye-Mega, F|88\/100\n|move|p1a: Heatran|Stealth Rock|p2a: Sableye\n|move|p2a: Sableye|Stealth Rock|p1a: Heatran|[from]Magic Bounce\n|-fail|p2a: Sableye\n|\n|-heal|p1a: Heatran|74\/100|[from] item: Leftovers\n|upkeep\n|turn|91\n|\n|switch|p1a: Clefable|Clefable, F|98\/100 psn\n|move|p2a: Sableye|Knock Off|p1a: Clefable\n|-resisted|p1a: Clefable\n|-damage|p1a: Clefable|90\/100 psn\n|\n|upkeep\n|turn|92\n|\n|switch|p2a: Toxapex|Toxapex, F|100\/100\n|move|p1a: Clefable|Cosmic Power|p1a: Clefable\n|-boost|p1a: Clefable|def|1\n|-boost|p1a: Clefable|spd|1\n|\n|upkeep\n|turn|93\n|\n|switch|p1a: Latias|Latias-Mega, F|100\/100\n|-damage|p1a: Latias|88\/100|[from] Stealth Rock\n|move|p2a: Toxapex|Haze|p2a: Toxapex\n|-clearallboost\n|\n|upkeep\n|turn|94\n|\n|switch|p2a: Chansey|Chansey, F|92\/100\n|move|p1a: Latias|Thunderbolt|p2a: Chansey\n|-damage|p2a: Chansey|83\/100\n|\n|upkeep\n|turn|95\n|\n|switch|p1a: Clefable|Clefable, F|90\/100 psn\n|move|p2a: Chansey|Seismic Toss|p1a: Clefable\n|-damage|p1a: Clefable|65\/100 psn\n|\n|upkeep\n|turn|96\n|\n|move|p1a: Clefable|Cosmic Power|p1a: Clefable\n|-boost|p1a: Clefable|def|1\n|-boost|p1a: Clefable|spd|1\n|move|p2a: Chansey|Seismic Toss|p1a: Clefable\n|-damage|p1a: Clefable|40\/100 psn\n|\n|upkeep\n|turn|97\n|\n|move|p1a: Clefable|Soft-Boiled|p1a: Clefable\n|-heal|p1a: Clefable|90\/100 psn\n|move|p2a: Chansey|Seismic Toss|p1a: Clefable\n|-damage|p1a: Clefable|64\/100 psn\n|\n|upkeep\n|turn|98\n|\n|move|p1a: Clefable|Calm Mind|p1a: Clefable\n|-boost|p1a: Clefable|spa|1\n|-boost|p1a: Clefable|spd|1\n|move|p2a: Chansey|Seismic Toss|p1a: Clefable\n|-damage|p1a: Clefable|39\/100 psn\n|\n|upkeep\n|turn|99\n|\n|move|p1a: Clefable|Moonblast|p2a: Chansey\n|-damage|p2a: Chansey|68\/100\n|-unboost|p2a: Chansey|spa|1\n|move|p2a: Chansey|Seismic Toss|p1a: Clefable\n|-damage|p1a: Clefable|13\/100 psn\n|\n|upkeep\n|turn|100\n|\n|move|p1a: Clefable|Soft-Boiled|p1a: Clefable\n|-heal|p1a: Clefable|63\/100 psn\n|move|p2a: Chansey|Seismic Toss|p1a: Clefable\n|-damage|p1a: Clefable|38\/100 psn\n|\n|upkeep\n|turn|101\n|inactive|The Tree Lover has 135 seconds left.\n|\n|move|p1a: Clefable|Moonblast|p2a: Chansey\n|-damage|p2a: Chansey|54\/100\n|move|p2a: Chansey|Seismic Toss|p1a: Clefable\n|-damage|p1a: Clefable|13\/100 psn\n|\n|upkeep\n|turn|102\n|\n|move|p1a: Clefable|Soft-Boiled|p1a: Clefable\n|-heal|p1a: Clefable|63\/100 psn\n|move|p2a: Chansey|Soft-Boiled|p2a: Chansey\n|-heal|p2a: Chansey|100\/100\n|\n|upkeep\n|turn|103\n|inactive|The Tree Lover has 135 seconds left.\n|\n|switch|p2a: Toxapex|Toxapex, F|100\/100\n|move|p1a: Clefable|Moonblast|p2a: Toxapex\n|-resisted|p2a: Toxapex\n|-damage|p2a: Toxapex|83\/100\n|\n|-heal|p2a: Toxapex|89\/100|[from] item: Black Sludge\n|upkeep\n|turn|104\n|\n|switch|p1a: Latias|Latias-Mega, F|88\/100\n|-damage|p1a: Latias|76\/100|[from] Stealth Rock\n|switch|p2a: Chansey|Chansey, F|100\/100\n|\n|upkeep\n|turn|105\n|\n|switch|p1a: Heatran|Heatran, M|74\/100\n|-damage|p1a: Heatran|62\/100|[from] Stealth Rock\n|move|p2a: Chansey|Toxic|p1a: Heatran\n|-immune|p1a: Heatran|[msg]\n|\n|-heal|p1a: Heatran|68\/100|[from] item: Leftovers\n|upkeep\n|turn|106\n|\n|switch|p2a: Sableye|Sableye-Mega, F|88\/100\n|move|p1a: Heatran|Magma Storm|p2a: Sableye\n|-damage|p2a: Sableye|58\/100\n|-activate|p2a: Sableye|move: Magma Storm|[of] p1a: Heatran\n|\n|-heal|p1a: Heatran|74\/100|[from] item: Leftovers\n|-damage|p2a: Sableye|45\/100|[from] move: Magma Storm|[partiallytrapped]\n|upkeep\n|turn|107\n|\n|move|p1a: Heatran|Earth Power|p2a: Sableye\n|-damage|p2a: Sableye|25\/100\n|move|p2a: Sableye|Recover|p2a: Sableye\n|-heal|p2a: Sableye|75\/100\n|\n|-heal|p1a: Heatran|81\/100|[from] item: Leftovers\n|-damage|p2a: Sableye|63\/100|[from] move: Magma Storm|[partiallytrapped]\n|upkeep\n|turn|108\n|\n|switch|p2a: Skarmory|Skarmory, F|100\/100\n|move|p1a: Heatran|Earth Power|p2a: Skarmory\n|-immune|p2a: Skarmory|[msg]\n|\n|-heal|p1a: Heatran|87\/100|[from] item: Leftovers\n|upkeep\n|turn|109\n|\n|switch|p2a: Sableye|Sableye-Mega, F|63\/100\n|move|p1a: Heatran|Stealth Rock|p2a: Sableye\n|move|p2a: Sableye|Stealth Rock|p1a: Heatran|[from]Magic Bounce\n|-fail|p2a: Sableye\n|\n|-heal|p1a: Heatran|93\/100|[from] item: Leftovers\n|upkeep\n|turn|110\n|\n|switch|p1a: Clefable|Clefable, F|63\/100 psn\n|move|p2a: Sableye|Recover|p2a: Sableye\n|-heal|p2a: Sableye|100\/100\n|\n|upkeep\n|turn|111\n|\n|switch|p2a: Toxapex|Toxapex, F|100\/100\n|move|p1a: Clefable|Cosmic Power|p1a: Clefable\n|-boost|p1a: Clefable|def|1\n|-boost|p1a: Clefable|spd|1\n|\n|upkeep\n|turn|112\n|j| Espurrium X\n|\n|switch|p1a: Latias|Latias-Mega, F|76\/100\n|-damage|p1a: Latias|63\/100|[from] Stealth Rock\n|move|p2a: Toxapex|Haze|p2a: Toxapex\n|-clearallboost\n|\n|upkeep\n|turn|113\n|\n|switch|p2a: Chansey|Chansey, F|100\/100\n|move|p1a: Latias|Thunderbolt|p2a: Chansey\n|-damage|p2a: Chansey|91\/100\n|\n|upkeep\n|turn|114\n|\n|switch|p1a: Heatran|Heatran, M|93\/100\n|-damage|p1a: Heatran|81\/100|[from] Stealth Rock\n|move|p2a: Chansey|Seismic Toss|p1a: Heatran\n|-damage|p1a: Heatran|55\/100\n|\n|-heal|p1a: Heatran|61\/100|[from] item: Leftovers\n|upkeep\n|turn|115\n|\n|switch|p2a: Sableye|Sableye-Mega, F|100\/100\n|move|p1a: Heatran|Earth Power|p2a: Sableye\n|-crit|p2a: Sableye\n|-damage|p2a: Sableye|73\/100\n|\n|-heal|p1a: Heatran|67\/100|[from] item: Leftovers\n|upkeep\n|turn|116\n|\n|move|p1a: Heatran|Earth Power|p2a: Sableye\n|-damage|p2a: Sableye|52\/100\n|move|p2a: Sableye|Knock Off|p1a: Heatran\n|-damage|p1a: Heatran|41\/100\n|-enditem|p1a: Heatran|Leftovers|[from] move: Knock Off|[of] p2a: Sableye\n|\n|upkeep\n|turn|117\n|\n|switch|p1a: Clefable|Clefable, F|63\/100 psn\n|move|p2a: Sableye|Recover|p2a: Sableye\n|-heal|p2a: Sableye|100\/100\n|\n|upkeep\n|turn|118\n|inactive|The Tree Lover has 135 seconds left.\n|inactive|The Tree Lover has 120 seconds left.\n|inactive|The Tree Lover has 105 seconds left.\n|inactive|The Tree Lover has 90 seconds left.\n|inactive|The Tree Lover has 75 seconds left.\n|\n|switch|p2a: Toxapex|Toxapex, F|100\/100\n|move|p1a: Clefable|Calm Mind|p1a: Clefable\n|-boost|p1a: Clefable|spa|1\n|-boost|p1a: Clefable|spd|1\n|\n|upkeep\n|turn|119\n|\n|switch|p1a: Latias|Latias-Mega, F|63\/100\n|-damage|p1a: Latias|51\/100|[from] Stealth Rock\n|move|p2a: Toxapex|Haze|p2a: Toxapex\n|-clearallboost\n|\n|upkeep\n|turn|120\n|j| Buvert915\n|inactive|The Tree Lover has 135 seconds left.\n|inactive|The Tree Lover has 120 seconds left.\n|\n|switch|p2a: Chansey|Chansey, F|91\/100\n|move|p1a: Latias|Roost|p1a: Latias\n|-heal|p1a: Latias|100\/100\n|\n|upkeep\n|turn|121\n|\n|switch|p1a: Heatran|Heatran, M|41\/100\n|-damage|p1a: Heatran|29\/100|[from] Stealth Rock\n|move|p2a: Chansey|Seismic Toss|p1a: Heatran\n|-damage|p1a: Heatran|3\/100\n|\n|upkeep\n|turn|122\n|inactive|The Tree Lover has 135 seconds left.\n|inactive|The Tree Lover has 120 seconds left.\n|inactive|The Tree Lover has 105 seconds left.\n|\n|switch|p2a: Sableye|Sableye-Mega, F|100\/100\n|move|p1a: Heatran|Stealth Rock|p2a: Sableye\n|move|p2a: Sableye|Stealth Rock|p1a: Heatran|[from]Magic Bounce\n|-fail|p2a: Sableye\n|\n|upkeep\n|turn|123\n|inactive|The Tree Lover has 135 seconds left.\n|j| yugiohvn\n|\n|switch|p1a: Clefable|Clefable, F|63\/100 psn\n|move|p2a: Sableye|Knock Off|p1a: Clefable\n|-resisted|p1a: Clefable\n|-damage|p1a: Clefable|55\/100 psn\n|\n|upkeep\n|turn|124\n|\n|switch|p2a: Toxapex|Toxapex, F|100\/100\n|move|p1a: Clefable|Calm Mind|p1a: Clefable\n|-boost|p1a: Clefable|spa|1\n|-boost|p1a: Clefable|spd|1\n|\n|upkeep\n|turn|125\n|\n|switch|p1a: Latias|Latias-Mega, F|100\/100\n|-damage|p1a: Latias|88\/100|[from] Stealth Rock\n|move|p2a: Toxapex|Haze|p2a: Toxapex\n|-clearallboost\n|\n|upkeep\n|turn|126\n|\n|switch|p2a: Chansey|Chansey, F|91\/100\n|move|p1a: Latias|Thunderbolt|p2a: Chansey\n|-damage|p2a: Chansey|82\/100\n|\n|upkeep\n|turn|127\n|l| yugiohvn\n|inactive|The Tree Lover has 135 seconds left.\n|\n|move|p1a: Latias|Ice Beam|p2a: Chansey\n|-damage|p2a: Chansey|73\/100\n|move|p2a: Chansey|Toxic|p1a: Latias\n|-status|p1a: Latias|tox\n|\n|-damage|p1a: Latias|82\/100 tox|[from] psn\n|upkeep\n|turn|128\n|\n|move|p1a: Latias|Ice Beam|p2a: Chansey\n|-damage|p2a: Chansey|64\/100\n|-status|p2a: Chansey|frz\n|cant|p2a: Chansey|frz\n|\n|-damage|p1a: Latias|70\/100 tox|[from] psn\n|upkeep\n|turn|129\n|\n|-curestatus|p2a: Chansey|frz|[from] ability: Natural Cure\n|switch|p2a: Clefable|Clefable, M|100\/100\n|move|p1a: Latias|Roost|p1a: Latias\n|-heal|p1a: Latias|100\/100 tox\n|\n|-damage|p1a: Latias|82\/100 tox|[from] psn\n|upkeep\n|turn|130\n|\n|switch|p1a: Clefable|Clefable, F|55\/100 psn\n|switch|p2a: Chansey|Chansey, F|64\/100\n|\n|upkeep\n|turn|131\n|\n|move|p1a: Clefable|Calm Mind|p1a: Clefable\n|-boost|p1a: Clefable|spa|1\n|-boost|p1a: Clefable|spd|1\n|move|p2a: Chansey|Soft-Boiled|p2a: Chansey\n|-heal|p2a: Chansey|100\/100\n|\n|upkeep\n|turn|132\n|\n|switch|p2a: Toxapex|Toxapex, F|100\/100\n|move|p1a: Clefable|Moonblast|p2a: Toxapex\n|-resisted|p2a: Toxapex\n|-damage|p2a: Toxapex|82\/100\n|\n|-heal|p2a: Toxapex|88\/100|[from] item: Black Sludge\n|upkeep\n|turn|133\n|inactive|The Tree Lover has 135 seconds left.\n|inactive|The Tree Lover has 120 seconds left.\n|j| raekwon23\n|inactive|The Tree Lover has 105 seconds left.\n|inactive|The Tree Lover has 90 seconds left.\n|inactive|The Tree Lover has 75 seconds left.\n|inactive|The Tree Lover has 60 seconds left.\n|j| mons 2 fun\n|\n|switch|p1a: Latias|Latias-Mega, F|82\/100 tox\n|-damage|p1a: Latias|70\/100 tox|[from] Stealth Rock\n|move|p2a: Toxapex|Haze|p2a: Toxapex\n|-clearallboost\n|\n|-heal|p2a: Toxapex|94\/100|[from] item: Black Sludge\n|-damage|p1a: Latias|64\/100 tox|[from] psn\n|upkeep\n|turn|134\n|\n|switch|p2a: Chansey|Chansey, F|100\/100\n|move|p1a: Latias|Roost|p1a: Latias\n|-heal|p1a: Latias|100\/100 tox\n|\n|-damage|p1a: Latias|88\/100 tox|[from] psn\n|upkeep\n|turn|135\n|inactive|The Tree Lover has 135 seconds left.\n|\n|move|p1a: Latias|Ice Beam|p2a: Chansey\n|-crit|p2a: Chansey\n|-damage|p2a: Chansey|86\/100\n|move|p2a: Chansey|Seismic Toss|p1a: Latias\n|-damage|p1a: Latias|61\/100 tox\n|\n|-damage|p1a: Latias|43\/100 tox|[from] psn\n|upkeep\n|turn|136\n|\n|move|p1a: Latias|Roost|p1a: Latias\n|-heal|p1a: Latias|93\/100 tox\n|move|p2a: Chansey|Seismic Toss|p1a: Latias\n|-damage|p1a: Latias|65\/100 tox\n|\n|-damage|p1a: Latias|41\/100 tox|[from] psn\n|upkeep\n|turn|137\n|\n|switch|p1a: Clefable|Clefable, F|55\/100 psn\n|move|p2a: Chansey|Seismic Toss|p1a: Clefable\n|-damage|p1a: Clefable|30\/100 psn\n|\n|upkeep\n|turn|138\n|\n|move|p1a: Clefable|Cosmic Power|p1a: Clefable\n|-boost|p1a: Clefable|def|1\n|-boost|p1a: Clefable|spd|1\n|move|p2a: Chansey|Seismic Toss|p1a: Clefable\n|-damage|p1a: Clefable|4\/100 psn\n|\n|upkeep\n|turn|139\n|\n|move|p1a: Clefable|Soft-Boiled|p1a: Clefable\n|-heal|p1a: Clefable|54\/100 psn\n|move|p2a: Chansey|Seismic Toss|p1a: Clefable\n|-damage|p1a: Clefable|29\/100 psn\n|\n|upkeep\n|turn|140\n|\n|move|p1a: Clefable|Soft-Boiled|p1a: Clefable\n|-heal|p1a: Clefable|79\/100 psn\n|move|p2a: Chansey|Seismic Toss|p1a: Clefable\n|-damage|p1a: Clefable|54\/100 psn\n|\n|upkeep\n|turn|141\n|\n|move|p1a: Clefable|Cosmic Power|p1a: Clefable\n|-boost|p1a: Clefable|def|1\n|-boost|p1a: Clefable|spd|1\n|move|p2a: Chansey|Seismic Toss|p1a: Clefable\n|-damage|p1a: Clefable|28\/100 psn\n|\n|upkeep\n|turn|142\n|\n|move|p1a: Clefable|Calm Mind|p1a: Clefable\n|-boost|p1a: Clefable|spa|1\n|-boost|p1a: Clefable|spd|1\n|move|p2a: Chansey|Seismic Toss|p1a: Clefable\n|-damage|p1a: Clefable|3\/100 psn\n|\n|upkeep\n|turn|143\n|\n|move|p1a: Clefable|Soft-Boiled|p1a: Clefable\n|-heal|p1a: Clefable|53\/100 psn\n|move|p2a: Chansey|Seismic Toss|p1a: Clefable\n|-damage|p1a: Clefable|27\/100 psn\n|\n|upkeep\n|turn|144\n|\n|move|p1a: Clefable|Soft-Boiled|p1a: Clefable\n|-heal|p1a: Clefable|77\/100 psn\n|move|p2a: Chansey|Seismic Toss|p1a: Clefable\n|-damage|p1a: Clefable|52\/100 psn\n|\n|upkeep\n|turn|145\n|\n|move|p1a: Clefable|Moonblast|p2a: Chansey\n|-damage|p2a: Chansey|71\/100\n|-unboost|p2a: Chansey|spa|1\n|move|p2a: Chansey|Seismic Toss|p1a: Clefable\n|-damage|p1a: Clefable|27\/100 psn\n|\n|upkeep\n|turn|146\n|\n|move|p1a: Clefable|Moonblast|p2a: Chansey\n|-damage|p2a: Chansey|56\/100\n|move|p2a: Chansey|Seismic Toss|p1a: Clefable\n|-damage|p1a: Clefable|1\/100 psn\n|\n|upkeep\n|turn|147\n|\n|move|p1a: Clefable|Soft-Boiled|p1a: Clefable\n|-heal|p1a: Clefable|51\/100 psn\n|move|p2a: Chansey|Soft-Boiled|p2a: Chansey\n|-heal|p2a: Chansey|100\/100\n|\n|upkeep\n|turn|148\n|inactive|The Tree Lover has 135 seconds left.\n|inactive|The Tree Lover has 120 seconds left.\n|inactive|The Tree Lover has 105 seconds left.\n|\n|switch|p2a: Toxapex|Toxapex, F|100\/100\n|move|p1a: Clefable|Moonblast|p2a: Toxapex\n|-resisted|p2a: Toxapex\n|-damage|p2a: Toxapex|81\/100\n|-unboost|p2a: Toxapex|spa|1\n|\n|-heal|p2a: Toxapex|87\/100|[from] item: Black Sludge\n|upkeep\n|turn|149\n|\n|switch|p1a: Latias|Latias-Mega, F|41\/100 tox\n|-damage|p1a: Latias|29\/100 tox|[from] Stealth Rock\n|move|p2a: Toxapex|Haze|p2a: Toxapex\n|-clearallboost\n|\n|-heal|p2a: Toxapex|93\/100|[from] item: Black Sludge\n|-damage|p1a: Latias|23\/100 tox|[from] psn\n|upkeep\n|turn|150\n|\n|switch|p2a: Chansey|Chansey, F|100\/100\n|move|p1a: Latias|Roost|p1a: Latias\n|-heal|p1a: Latias|73\/100 tox\n|\n|-damage|p1a: Latias|61\/100 tox|[from] psn\n|upkeep\n|turn|151\n|\n|move|p1a: Latias|Roost|p1a: Latias\n|-heal|p1a: Latias|100\/100 tox\n|move|p2a: Chansey|Seismic Toss|p1a: Latias\n|-damage|p1a: Latias|73\/100 tox\n|\n|-damage|p1a: Latias|55\/100 tox|[from] psn\n|upkeep\n|turn|152\n|\n|switch|p1a: Clefable|Clefable, F|51\/100 psn\n|move|p2a: Chansey|Seismic Toss|p1a: Clefable\n|-damage|p1a: Clefable|26\/100 psn\n|\n|upkeep\n|turn|153\n|\n|switch|p2a: Clefable|Clefable, M|100\/100\n|move|p1a: Clefable|Soft-Boiled|p1a: Clefable\n|-heal|p1a: Clefable|76\/100 psn\n|\n|upkeep\n|turn|154\n|\n|switch|p1a: Heatran|Heatran, M|3\/100\n|-damage|p1a: Heatran|0 fnt|[from] Stealth Rock\n|faint|p1a: Heatran\n|move|p2a: Clefable|Moonblast|p1: Heatran|[notarget]\n|-notarget\n|\n|upkeep\n|\n|switch|p1a: Landorus|Landorus-Therian, M|34\/100 tox\n|-damage|p1a: Landorus|22\/100 tox|[from] Stealth Rock\n|-ability|p1a: Landorus|Intimidate|boost\n|-unboost|p2a: Clefable|atk|1\n|turn|155\n|\n|move|p1a: Landorus|Defog|p2a: Clefable\n|-unboost|p2a: Clefable|evasion|1\n|-sideend|p1: The Tree Lover|Stealth Rock|[from] move: Defog|[of] p1a: Landorus\n|move|p2a: Clefable|Moonblast|p1a: Landorus\n|-damage|p1a: Landorus|0 fnt\n|faint|p1a: Landorus\n|\n|upkeep\n|\n|switch|p1a: Clefable|Clefable, F|76\/100 psn\n|turn|156\n|\n|switch|p2a: Chansey|Chansey, F|100\/100\n|move|p1a: Clefable|Calm Mind|p1a: Clefable\n|-boost|p1a: Clefable|spa|1\n|-boost|p1a: Clefable|spd|1\n|\n|upkeep\n|turn|157\n|inactive|The Tree Lover has 135 seconds left.\n|\n|move|p1a: Clefable|Calm Mind|p1a: Clefable\n|-boost|p1a: Clefable|spa|1\n|-boost|p1a: Clefable|spd|1\n|move|p2a: Chansey|Stealth Rock|p1a: Clefable\n|-sidestart|p1: The Tree Lover|move: Stealth Rock\n|\n|upkeep\n|turn|158\n|\n|switch|p2a: Toxapex|Toxapex, F|100\/100\n|move|p1a: Clefable|Cosmic Power|p1a: Clefable\n|-boost|p1a: Clefable|def|1\n|-boost|p1a: Clefable|spd|1\n|\n|upkeep\n|turn|159\n|inactive|The Tree Lover has 135 seconds left.\n|\n|switch|p1a: Latias|Latias-Mega, F|55\/100 tox\n|-damage|p1a: Latias|42\/100 tox|[from] Stealth Rock\n|move|p2a: Toxapex|Haze|p2a: Toxapex\n|-clearallboost\n|\n|-damage|p1a: Latias|36\/100 tox|[from] psn\n|upkeep\n|turn|160\n|inactive|Q114 has 135 seconds left.\n|\n|switch|p2a: Chansey|Chansey, F|100\/100\n|move|p1a: Latias|Roost|p1a: Latias\n|-heal|p1a: Latias|86\/100 tox\n|\n|-damage|p1a: Latias|74\/100 tox|[from] psn\n|upkeep\n|turn|161\n|j| Camerupt\u914b\u957ftest4922\n|inactive|The Tree Lover has 135 seconds left.\n|inactive|The Tree Lover has 120 seconds left.\n|\n|switch|p1a: Clefable|Clefable, F|76\/100 psn\n|move|p2a: Chansey|Seismic Toss|p1a: Clefable\n|-damage|p1a: Clefable|50\/100 psn\n|\n|upkeep\n|turn|162\n|\n|switch|p2a: Clefable|Clefable, M|100\/100\n|move|p1a: Clefable|Cosmic Power|p1a: Clefable\n|-boost|p1a: Clefable|def|1\n|-boost|p1a: Clefable|spd|1\n|\n|upkeep\n|turn|163\n|l| Buvert915\n|inactive|The Tree Lover has 135 seconds left.\n|\n|move|p2a: Clefable|Moonblast|p1a: Clefable\n|-damage|p1a: Clefable|24\/100 psn\n|move|p1a: Clefable|Moonblast|p2a: Clefable\n|-damage|p2a: Clefable|71\/100\n|\n|-heal|p2a: Clefable|77\/100|[from] item: Leftovers\n|upkeep\n|turn|164\n|-message|The Tree Lover forfeited.\n|\n|win|Q114\n|l|\u2606The Tree Lover\n|raw|The Tree Lover's rating: 1859 &rarr; <strong>1837<\/strong><br \/>(-22 for losing)\n|raw|Q114's rating: 1812 &rarr; <strong>1835<\/strong><br \/>(+23 for winning)\n|l| chaky4418\n|j| Bloo D Bungle\n|l| Bloo D Bungle\n|j| blarghlfarghl\n|l| blarghlfarghl\n","inputlog":null,"uploadtime":1531110681,"views":23,"p1id":"thetreelover","p2id":"q114","formatid":"gen7ou","rating":1835,"private":0,"password":null}