{"id":"gen7doublesou-993637411","p1":"CavaleiroTeutao","p2":"Haitun Testing 2","format":"gen7doublesou","log":"|j|\u2606CavaleiroTeutao\n|j|\u2606Haitun Testing 2\n|player|p1|CavaleiroTeutao|151|1278\n|player|p2|Haitun Testing 2|dawn|1177\n|teamsize|p1|6\n|teamsize|p2|6\n|gametype|doubles\n|gen|7\n|tier|[Gen 7] Doubles OU\n|rated|\n|rule|Species Clause: Limit one of each Pok\u00e9mon\n|rule|OHKO Clause: OHKO moves are banned\n|rule|Moody Clause: Moody is banned\n|rule|Evasion Abilities Clause: Evasion abilities are banned\n|rule|Evasion Moves Clause: Evasion moves are banned\n|rule|Endless Battle Clause: Forcing endless battles is banned\n|rule|HP Percentage Mod: HP is shown in percentages\n|rule|Swagger Clause: Swagger is banned\n|clearpoke\n|poke|p1|Tyranitar, F|item\n|poke|p1|Hoopa-Unbound|item\n|poke|p1|Dragonite, F|item\n|poke|p1|Mew|item\n|poke|p1|Latios, M|item\n|poke|p1|Volcanion|item\n|poke|p2|Charizard, M|item\n|poke|p2|Shaymin-Sky|item\n|poke|p2|Tapu Koko|item\n|poke|p2|Landorus-Therian, M|item\n|poke|p2|Heatran, F|item\n|poke|p2|Scrafty, F|item\n|teampreview\n|inactive|Battle timer is ON: inactive players will automatically lose when time's up. (requested by CavaleiroTeutao)\n|\n|start\n|switch|p1a: Tyranitar|Tyranitar, F|100\/100\n|switch|p1b: Dragonite|Dragonite, F|100\/100\n|switch|p2a: Tapu Koko|Tapu Koko|100\/100\n|switch|p2b: Landorus|Landorus-Therian, M|100\/100\n|-fieldstart|move: Electric Terrain|[from] ability: Electric Surge|[of] p2a: Tapu Koko\n|-ability|p2b: Landorus|Intimidate|boost\n|-unboost|p1a: Tyranitar|atk|1\n|-unboost|p1b: Dragonite|atk|1\n|-weather|Sandstorm|[from] ability: Sand Stream|[of] p1a: Tyranitar\n|turn|1\n|\n|detailschange|p1a: Tyranitar|Tyranitar-Mega, F\n|-mega|p1a: Tyranitar|Tyranitar|Tyranitarite\n|move|p2a: Tapu Koko|Dazzling Gleam|p1a: Tyranitar|[spread] p1a,p1b\n|-supereffective|p1a: Tyranitar\n|-supereffective|p1b: Dragonite\n|-damage|p1a: Tyranitar|78\/100\n|-damage|p1b: Dragonite|63\/100\n|move|p1b: Dragonite|Ice Punch|p2b: Landorus\n|-supereffective|p2b: Landorus\n|-damage|p2b: Landorus|31\/100\n|move|p2b: Landorus|Stealth Rock|p1a: Tyranitar\n|-sidestart|p1: CavaleiroTeutao|move: Stealth Rock\n|move|p1a: Tyranitar|Ice Fang|p2b: Landorus|[miss]\n|-miss|p1a: Tyranitar|p2b: Landorus\n|\n|-weather|Sandstorm|[upkeep]\n|-damage|p2a: Tapu Koko|94\/100|[from] Sandstorm\n|-damage|p1b: Dragonite|57\/100|[from] Sandstorm\n|upkeep\n|turn|2\n|inactive|CavaleiroTeutao has 120 seconds left.\n|\n|switch|p2b: Scrafty|Scrafty, F|100\/100\n|-ability|p2b: Scrafty|Intimidate|boost\n|-unboost|p1a: Tyranitar|atk|1\n|-unboost|p1b: Dragonite|atk|1\n|move|p2a: Tapu Koko|Dazzling Gleam|p1a: Tyranitar|[spread] p1a,p1b\n|-supereffective|p1a: Tyranitar\n|-supereffective|p1b: Dragonite\n|-damage|p1a: Tyranitar|54\/100\n|-damage|p1b: Dragonite|18\/100\n|move|p1b: Dragonite|Ice Punch|p2b: Scrafty\n|-damage|p2b: Scrafty|88\/100\n|move|p1a: Tyranitar|Ice Fang|p2a: Tapu Koko\n|-damage|p2a: Tapu Koko|74\/100\n|\n|-weather|Sandstorm|[upkeep]\n|-damage|p2a: Tapu Koko|68\/100|[from] Sandstorm\n|-damage|p1b: Dragonite|11\/100|[from] Sandstorm\n|-damage|p2b: Scrafty|82\/100|[from] Sandstorm\n|upkeep\n|turn|3\n|inactive|CavaleiroTeutao has 120 seconds left.\n|\n|switch|p1b: Latios|Latios, M|100\/100\n|-damage|p1b: Latios|88\/100|[from] Stealth Rock\n|switch|p1a: Hoopa|Hoopa-Unbound|100\/100\n|-damage|p1a: Hoopa|88\/100|[from] Stealth Rock\n|move|p2a: Tapu Koko|Dazzling Gleam|p1b: Latios|[spread] p1a,p1b\n|-supereffective|p1a: Hoopa\n|-supereffective|p1b: Latios\n|-damage|p1a: Hoopa|63\/100\n|-damage|p1b: Latios|52\/100\n|move|p2b: Scrafty|Drain Punch|p1a: Hoopa\n|-damage|p1a: Hoopa|33\/100\n|-heal|p2b: Scrafty|98\/100|[from] drain|[of] p1a: Hoopa\n|\n|-weather|Sandstorm|[upkeep]\n|-damage|p2a: Tapu Koko|62\/100|[from] Sandstorm\n|-damage|p1b: Latios|46\/100|[from] Sandstorm\n|-damage|p1a: Hoopa|27\/100|[from] Sandstorm\n|-damage|p2b: Scrafty|92\/100|[from] Sandstorm\n|upkeep\n|turn|4\n|inactive|CavaleiroTeutao has 120 seconds left.\n|inactive|Haitun Testing 2 has 120 seconds left.\n|\n|move|p2a: Tapu Koko|Thunderbolt|p1a: Hoopa\n|-damage|p1a: Hoopa|0 fnt\n|faint|p1a: Hoopa\n|move|p1b: Latios|Ice Beam|p2a: Tapu Koko\n|-damage|p2a: Tapu Koko|19\/100\n|-enditem|p2a: Tapu Koko|Wiki Berry|[eat]\n|-heal|p2a: Tapu Koko|69\/100|[from] item: Wiki Berry\n|move|p2b: Scrafty|Knock Off|p1b: Latios\n|-supereffective|p1b: Latios\n|-damage|p1b: Latios|0 fnt\n|-enditem|p1b: Latios|Assault Vest|[from] move: Knock Off|[of] p2b: Scrafty\n|faint|p1b: Latios\n|\n|-weather|Sandstorm|[upkeep]\n|-damage|p2a: Tapu Koko|63\/100|[from] Sandstorm\n|-damage|p2b: Scrafty|86\/100|[from] Sandstorm\n|upkeep\n|\n|switch|p1b: Tyranitar|Tyranitar-Mega, F|54\/100\n|switch|p1a: Volcanion|Volcanion|100\/100\n|-damage|p1b: Tyranitar|42\/100|[from] Stealth Rock\n|-damage|p1a: Volcanion|76\/100|[from] Stealth Rock\n|turn|5\n|inactive|CavaleiroTeutao has 120 seconds left.\n|\n|move|p2a: Tapu Koko|Thunderbolt|p1a: Volcanion\n|-supereffective|p1a: Volcanion\n|-damage|p1a: Volcanion|0 fnt\n|faint|p1a: Volcanion\n|move|p1b: Tyranitar|Brick Break|p2b: Scrafty\n|-supereffective|p2b: Scrafty\n|-damage|p2b: Scrafty|27\/100\n|move|p2b: Scrafty|Drain Punch|p1b: Tyranitar\n|-supereffective|p1b: Tyranitar\n|-damage|p1b: Tyranitar|0 fnt\n|-heal|p2b: Scrafty|52\/100|[from] drain|[of] p1b: Tyranitar\n|faint|p1b: Tyranitar\n|\n|-weather|none\n|-fieldend|move: Electric Terrain\n|upkeep\n|inactive|CavaleiroTeutao has 120 seconds left.\n|\n|switch|p1b: Dragonite|Dragonite, F|11\/100\n|switch|p1a: Mew|Mew|100\/100\n|-damage|p1b: Dragonite|0 fnt|[from] Stealth Rock\n|faint|p1b: Dragonite\n|-damage|p1a: Mew|88\/100|[from] Stealth Rock\n|turn|6\n|\n|switch|p2a: Charizard|Charizard, M|100\/100\n|move|p1a: Mew|Aura Sphere|p2b: Scrafty\n|-supereffective|p2b: Scrafty\n|-damage|p2b: Scrafty|15\/100\n|-enditem|p2b: Scrafty|Figy Berry|[eat]\n|-heal|p2b: Scrafty|65\/100|[from] item: Figy Berry\n|move|p2b: Scrafty|Knock Off|p1a: Mew\n|-supereffective|p1a: Mew\n|-crit|p1a: Mew\n|-damage|p1a: Mew|14\/100\n|-enditem|p1a: Mew|Assault Vest|[from] move: Knock Off|[of] p2b: Scrafty\n|\n|upkeep\n|turn|7\n|\n|detailschange|p2a: Charizard|Charizard-Mega-Y, M\n|-mega|p2a: Charizard|Charizard|Charizardite Y\n|-weather|SunnyDay|[from] ability: Drought|[of] p2a: Charizard\n|move|p2a: Charizard|Overheat|p1a: Mew\n|-damage|p1a: Mew|0 fnt\n|-unboost|p2a: Charizard|spa|2\n|faint|p1a: Mew\n|\n|win|Haitun Testing 2\n|l|\u2606CavaleiroTeutao\n|raw|CavaleiroTeutao's rating: 1256 &rarr; <strong>1227<\/strong><br \/>(-29 for losing)\n|raw|Haitun Testing 2's rating: 1195 &rarr; <strong>1225<\/strong><br \/>(+30 for winning)\n","uploadtime":1571258388,"views":19,"p1id":"cavaleiroteutao","p2id":"haituntesting2","formatid":"gen7doublesou","rating":1225,"private":0,"password":null}