{"id":"gen7battlefactory-1108257510","p1":"lixmen","p2":"yhdrslb","format":"gen7battlefactory","log":"|j|\u2606lixmen\n|j|\u2606yhdrslb\n|player|p1|lixmen|unknownf|1122\n|player|p2|yhdrslb|30|1132\n|teamsize|p1|6\n|teamsize|p2|6\n|gametype|singles\n|gen|7\n|tier|[Gen 7] Battle Factory\n|rated|\n|rule|Sleep Clause Mod: Limit one foe put to sleep\n|clearpoke\n|poke|p1|Tapu Koko|item\n|poke|p1|Darkrai|item\n|poke|p1|Arceus-*|item\n|poke|p1|Tapu Lele|item\n|poke|p1|Buzzwole|item\n|poke|p1|Kyurem-White|item\n|poke|p2|Gothitelle, M|item\n|poke|p2|Cloyster, F|item\n|poke|p2|Palkia|item\n|poke|p2|Klefki, F|item\n|poke|p2|Tyranitar, M|item\n|poke|p2|Kyogre|item\n|rule|HP Percentage Mod: HP is shown in percentages\n|rule|Mega Rayquaza Clause: You cannot mega evolve Rayquaza\n|teampreview\n|\n|start\n|switch|p1a: Arceus|Arceus|441\/441\n|switch|p2a: Klefki|Klefki, F|317\/317\n|turn|1\n|\n|move|p2a: Klefki|Thunder Wave|p1a: Arceus\n|-status|p1a: Arceus|par\n|move|p1a: Arceus|Swords Dance|p1a: Arceus\n|-boost|p1a: Arceus|atk|2\n|\n|upkeep\n|turn|2\n|\n|switch|p2a: Gothitelle|Gothitelle, M|342\/342\n|cant|p1a: Arceus|par\n|\n|upkeep\n|turn|3\n|\n|move|p2a: Gothitelle|Charm|p1a: Arceus\n|-unboost|p1a: Arceus|atk|2\n|cant|p1a: Arceus|par\n|\n|upkeep\n|turn|4\n|\n|move|p2a: Gothitelle|Taunt|p1a: Arceus\n|-start|p1a: Arceus|move: Taunt\n|cant|p1a: Arceus|par\n|\n|upkeep\n|turn|5\n|\n|move|p2a: Gothitelle|Charm|p1a: Arceus\n|-unboost|p1a: Arceus|atk|2\n|move|p1a: Arceus|Shadow Claw|p2a: Gothitelle\n|-supereffective|p2a: Gothitelle\n|-damage|p2a: Gothitelle|266\/342\n|\n|-heal|p2a: Gothitelle|287\/342|[from] item: Leftovers\n|upkeep\n|turn|6\n|\n|move|p2a: Gothitelle|Charm|p1a: Arceus\n|-unboost|p1a: Arceus|atk|2\n|move|p1a: Arceus|Shadow Claw|p2a: Gothitelle\n|-supereffective|p2a: Gothitelle\n|-damage|p2a: Gothitelle|231\/342\n|\n|-heal|p2a: Gothitelle|252\/342|[from] item: Leftovers\n|-end|p1a: Arceus|move: Taunt\n|upkeep\n|turn|7\n|\n|move|p2a: Gothitelle|Charm|p1a: Arceus\n|-unboost|p1a: Arceus|atk|2\n|move|p1a: Arceus|Swords Dance|p1a: Arceus\n|-boost|p1a: Arceus|atk|2\n|\n|-heal|p2a: Gothitelle|273\/342|[from] item: Leftovers\n|upkeep\n|turn|8\n|\n|move|p2a: Gothitelle|Taunt|p1a: Arceus\n|-start|p1a: Arceus|move: Taunt\n|move|p1a: Arceus|Shadow Claw|p2a: Gothitelle\n|-supereffective|p2a: Gothitelle\n|-damage|p2a: Gothitelle|219\/342\n|\n|-heal|p2a: Gothitelle|240\/342|[from] item: Leftovers\n|upkeep\n|turn|9\n|\n|move|p2a: Gothitelle|Charm|p1a: Arceus\n|-unboost|p1a: Arceus|atk|2\n|move|p1a: Arceus|Shadow Claw|p2a: Gothitelle\n|-supereffective|p2a: Gothitelle\n|-damage|p2a: Gothitelle|198\/342\n|\n|-heal|p2a: Gothitelle|219\/342|[from] item: Leftovers\n|upkeep\n|turn|10\n|\n|move|p2a: Gothitelle|Confide|p1a: Arceus\n|-unboost|p1a: Arceus|spa|1\n|move|p1a: Arceus|Shadow Claw|p2a: Gothitelle\n|-supereffective|p2a: Gothitelle\n|-damage|p2a: Gothitelle|175\/342\n|\n|-heal|p2a: Gothitelle|196\/342|[from] item: Leftovers\n|-end|p1a: Arceus|move: Taunt\n|upkeep\n|turn|11\n|\n|move|p2a: Gothitelle|Taunt|p1a: Arceus\n|-start|p1a: Arceus|move: Taunt\n|cant|p1a: Arceus|par\n|\n|-heal|p2a: Gothitelle|217\/342|[from] item: Leftovers\n|upkeep\n|turn|12\n|\n|move|p2a: Gothitelle|Rest|p2a: Gothitelle\n|-status|p2a: Gothitelle|slp|[from] move: Rest\n|-heal|p2a: Gothitelle|342\/342 slp|[silent]\n|move|p1a: Arceus|Shadow Claw|p2a: Gothitelle\n|-supereffective|p2a: Gothitelle\n|-damage|p2a: Gothitelle|298\/342 slp\n|\n|-heal|p2a: Gothitelle|319\/342 slp|[from] item: Leftovers\n|upkeep\n|turn|13\n|\n|cant|p2a: Gothitelle|slp\n|move|p1a: Arceus|Shadow Claw|p2a: Gothitelle\n|-supereffective|p2a: Gothitelle\n|-damage|p2a: Gothitelle|277\/342 slp\n|\n|-heal|p2a: Gothitelle|298\/342 slp|[from] item: Leftovers\n|-end|p1a: Arceus|move: Taunt\n|upkeep\n|turn|14\n|\n|cant|p2a: Gothitelle|slp\n|move|p1a: Arceus|Swords Dance|p1a: Arceus\n|-boost|p1a: Arceus|atk|2\n|\n|-heal|p2a: Gothitelle|319\/342 slp|[from] item: Leftovers\n|upkeep\n|turn|15\n|\n|-curestatus|p2a: Gothitelle|slp|[msg]\n|move|p2a: Gothitelle|Taunt|p1a: Arceus\n|-start|p1a: Arceus|move: Taunt\n|cant|p1a: Arceus|move: Taunt|Swords Dance\n|\n|-heal|p2a: Gothitelle|340\/342|[from] item: Leftovers\n|upkeep\n|turn|16\n|\n|move|p2a: Gothitelle|Charm|p1a: Arceus\n|-unboost|p1a: Arceus|atk|2\n|move|p1a: Arceus|Shadow Claw|p2a: Gothitelle\n|-supereffective|p2a: Gothitelle\n|-crit|p2a: Gothitelle\n|-damage|p2a: Gothitelle|90\/342\n|\n|-heal|p2a: Gothitelle|111\/342|[from] item: Leftovers\n|upkeep\n|turn|17\n|\n|move|p2a: Gothitelle|Rest|p2a: Gothitelle\n|-status|p2a: Gothitelle|slp|[from] move: Rest\n|-heal|p2a: Gothitelle|342\/342 slp|[silent]\n|move|p1a: Arceus|Shadow Claw|p2a: Gothitelle\n|-supereffective|p2a: Gothitelle\n|-damage|p2a: Gothitelle|298\/342 slp\n|\n|-heal|p2a: Gothitelle|319\/342 slp|[from] item: Leftovers\n|-end|p1a: Arceus|move: Taunt\n|upkeep\n|turn|18\n|\n|cant|p2a: Gothitelle|slp\n|move|p1a: Arceus|Shadow Claw|p2a: Gothitelle\n|-supereffective|p2a: Gothitelle\n|-damage|p2a: Gothitelle|275\/342 slp\n|\n|-heal|p2a: Gothitelle|296\/342 slp|[from] item: Leftovers\n|upkeep\n|turn|19\n|\n|cant|p2a: Gothitelle|slp\n|move|p1a: Arceus|Swords Dance|p1a: Arceus\n|-boost|p1a: Arceus|atk|2\n|\n|-heal|p2a: Gothitelle|317\/342 slp|[from] item: Leftovers\n|upkeep\n|turn|20\n|\n|-curestatus|p2a: Gothitelle|slp|[msg]\n|move|p2a: Gothitelle|Taunt|p1a: Arceus\n|-start|p1a: Arceus|move: Taunt\n|move|p1a: Arceus|Shadow Claw|p2a: Gothitelle\n|-supereffective|p2a: Gothitelle\n|-crit|p2a: Gothitelle\n|-damage|p2a: Gothitelle|53\/342\n|\n|-heal|p2a: Gothitelle|74\/342|[from] item: Leftovers\n|upkeep\n|turn|21\n|\n|move|p1a: Arceus|Extreme Speed|p2a: Gothitelle\n|-damage|p2a: Gothitelle|23\/342\n|move|p2a: Gothitelle|Rest|p2a: Gothitelle\n|-status|p2a: Gothitelle|slp|[from] move: Rest\n|-heal|p2a: Gothitelle|342\/342 slp|[silent]\n|\n|upkeep\n|turn|22\n|\n|cant|p2a: Gothitelle|slp\n|move|p1a: Arceus|Shadow Claw|p2a: Gothitelle\n|-supereffective|p2a: Gothitelle\n|-damage|p2a: Gothitelle|282\/342 slp\n|\n|-heal|p2a: Gothitelle|303\/342 slp|[from] item: Leftovers\n|-end|p1a: Arceus|move: Taunt\n|upkeep\n|turn|23\n|\n|cant|p2a: Gothitelle|slp\n|move|p1a: Arceus|Swords Dance|p1a: Arceus\n|-boost|p1a: Arceus|atk|2\n|\n|-heal|p2a: Gothitelle|324\/342 slp|[from] item: Leftovers\n|upkeep\n|turn|24\n|\n|-curestatus|p2a: Gothitelle|slp|[msg]\n|move|p2a: Gothitelle|Charm|p1a: Arceus\n|-unboost|p1a: Arceus|atk|2\n|move|p1a: Arceus|Swords Dance|p1a: Arceus\n|-boost|p1a: Arceus|atk|2\n|\n|-heal|p2a: Gothitelle|342\/342|[from] item: Leftovers\n|upkeep\n|turn|25\n|\n|move|p2a: Gothitelle|Taunt|p1a: Arceus\n|-start|p1a: Arceus|move: Taunt\n|cant|p1a: Arceus|par\n|\n|upkeep\n|turn|26\n|\n|move|p2a: Gothitelle|Charm|p1a: Arceus\n|-unboost|p1a: Arceus|atk|2\n|move|p1a: Arceus|Shadow Claw|p2a: Gothitelle\n|-supereffective|p2a: Gothitelle\n|-damage|p2a: Gothitelle|288\/342\n|\n|-heal|p2a: Gothitelle|309\/342|[from] item: Leftovers\n|upkeep\n|turn|27\n|\n|cant|p1a: Arceus|par\n|move|p2a: Gothitelle|Charm|p1a: Arceus\n|-unboost|p1a: Arceus|atk|2\n|\n|-heal|p2a: Gothitelle|330\/342|[from] item: Leftovers\n|-end|p1a: Arceus|move: Taunt\n|upkeep\n|turn|28\n|\n|move|p2a: Gothitelle|Taunt|p1a: Arceus\n|-start|p1a: Arceus|move: Taunt\n|cant|p1a: Arceus|move: Taunt|Swords Dance\n|\n|-heal|p2a: Gothitelle|342\/342|[from] item: Leftovers\n|upkeep\n|turn|29\n|\n|move|p2a: Gothitelle|Confide|p1a: Arceus\n|-unboost|p1a: Arceus|spa|1\n|move|p1a: Arceus|Shadow Claw|p2a: Gothitelle\n|-supereffective|p2a: Gothitelle\n|-damage|p2a: Gothitelle|300\/342\n|\n|-heal|p2a: Gothitelle|321\/342|[from] item: Leftovers\n|upkeep\n|turn|30\n|\n|move|p2a: Gothitelle|Confide|p1a: Arceus\n|-unboost|p1a: Arceus|spa|1\n|move|p1a: Arceus|Shadow Claw|p2a: Gothitelle\n|-supereffective|p2a: Gothitelle\n|-damage|p2a: Gothitelle|277\/342\n|\n|-heal|p2a: Gothitelle|298\/342|[from] item: Leftovers\n|-end|p1a: Arceus|move: Taunt\n|upkeep\n|turn|31\n|\n|move|p2a: Gothitelle|Taunt|p1a: Arceus\n|-start|p1a: Arceus|move: Taunt\n|move|p1a: Arceus|Shadow Claw|p2a: Gothitelle\n|-supereffective|p2a: Gothitelle\n|-crit|p2a: Gothitelle\n|-damage|p2a: Gothitelle|38\/342\n|\n|-heal|p2a: Gothitelle|59\/342|[from] item: Leftovers\n|upkeep\n|turn|32\n|\n|move|p2a: Gothitelle|Rest|p2a: Gothitelle\n|-status|p2a: Gothitelle|slp|[from] move: Rest\n|-heal|p2a: Gothitelle|342\/342 slp|[silent]\n|move|p1a: Arceus|Shadow Claw|p2a: Gothitelle\n|-supereffective|p2a: Gothitelle\n|-damage|p2a: Gothitelle|298\/342 slp\n|\n|-heal|p2a: Gothitelle|319\/342 slp|[from] item: Leftovers\n|upkeep\n|turn|33\n|\n|cant|p2a: Gothitelle|slp\n|move|p1a: Arceus|Shadow Claw|p2a: Gothitelle\n|-supereffective|p2a: Gothitelle\n|-damage|p2a: Gothitelle|279\/342 slp\n|\n|-heal|p2a: Gothitelle|300\/342 slp|[from] item: Leftovers\n|-end|p1a: Arceus|move: Taunt\n|upkeep\n|turn|34\n|\n|cant|p2a: Gothitelle|slp\n|move|p1a: Arceus|Shadow Claw|p2a: Gothitelle\n|-supereffective|p2a: Gothitelle\n|-damage|p2a: Gothitelle|258\/342 slp\n|\n|-heal|p2a: Gothitelle|279\/342 slp|[from] item: Leftovers\n|upkeep\n|turn|35\n|\n|-curestatus|p2a: Gothitelle|slp|[msg]\n|move|p2a: Gothitelle|Taunt|p1a: Arceus\n|-start|p1a: Arceus|move: Taunt\n|cant|p1a: Arceus|par\n|\n|-heal|p2a: Gothitelle|300\/342|[from] item: Leftovers\n|upkeep\n|turn|36\n|\n|move|p2a: Gothitelle|Confide|p1a: Arceus\n|-unboost|p1a: Arceus|spa|1\n|move|p1a: Arceus|Shadow Claw|p2a: Gothitelle\n|-supereffective|p2a: Gothitelle\n|-damage|p2a: Gothitelle|262\/342\n|\n|-heal|p2a: Gothitelle|283\/342|[from] item: Leftovers\n|upkeep\n|turn|37\n|\n|move|p2a: Gothitelle|Confide|p1a: Arceus\n|-unboost|p1a: Arceus|spa|1\n|move|p1a: Arceus|Shadow Claw|p2a: Gothitelle\n|-supereffective|p2a: Gothitelle\n|-damage|p2a: Gothitelle|245\/342\n|\n|-heal|p2a: Gothitelle|266\/342|[from] item: Leftovers\n|-end|p1a: Arceus|move: Taunt\n|upkeep\n|turn|38\n|\n|move|p1a: Arceus|Extreme Speed|p2a: Gothitelle\n|-damage|p2a: Gothitelle|230\/342\n|move|p2a: Gothitelle|Taunt|p1a: Arceus\n|-start|p1a: Arceus|move: Taunt\n|\n|-heal|p2a: Gothitelle|251\/342|[from] item: Leftovers\n|upkeep\n|turn|39\n|\n|move|p2a: Gothitelle|Rest|p2a: Gothitelle\n|-status|p2a: Gothitelle|slp|[from] move: Rest\n|-heal|p2a: Gothitelle|342\/342 slp|[silent]\n|move|p1a: Arceus|Shadow Claw|p2a: Gothitelle\n|-supereffective|p2a: Gothitelle\n|-damage|p2a: Gothitelle|302\/342 slp\n|\n|-heal|p2a: Gothitelle|323\/342 slp|[from] item: Leftovers\n|upkeep\n|turn|40\n|\n|cant|p2a: Gothitelle|slp\n|move|p1a: Arceus|Shadow Claw|p2a: Gothitelle\n|-supereffective|p2a: Gothitelle\n|-crit|p2a: Gothitelle\n|-damage|p2a: Gothitelle|91\/342 slp\n|\n|-heal|p2a: Gothitelle|112\/342 slp|[from] item: Leftovers\n|upkeep\n|turn|41\n|\n|cant|p2a: Gothitelle|slp\n|move|p1a: Arceus|Shadow Claw|p2a: Gothitelle\n|-supereffective|p2a: Gothitelle\n|-damage|p2a: Gothitelle|66\/342 slp\n|\n|-heal|p2a: Gothitelle|87\/342 slp|[from] item: Leftovers\n|-end|p1a: Arceus|move: Taunt\n|upkeep\n|turn|42\n|\n|move|p1a: Arceus|Extreme Speed|p2a: Gothitelle\n|-damage|p2a: Gothitelle|51\/342 slp\n|-curestatus|p2a: Gothitelle|slp|[msg]\n|move|p2a: Gothitelle|Rest|p2a: Gothitelle\n|-status|p2a: Gothitelle|slp|[from] move: Rest\n|-heal|p2a: Gothitelle|342\/342 slp|[silent]\n|\n|upkeep\n|turn|43\n|\n|cant|p2a: Gothitelle|slp\n|move|p1a: Arceus|Swords Dance|p1a: Arceus\n|-boost|p1a: Arceus|atk|2\n|\n|upkeep\n|turn|44\n|\n|cant|p2a: Gothitelle|slp\n|move|p1a: Arceus|Swords Dance|p1a: Arceus\n|-boost|p1a: Arceus|atk|2\n|\n|upkeep\n|turn|45\n|\n|-curestatus|p2a: Gothitelle|slp|[msg]\n|move|p2a: Gothitelle|Taunt|p1a: Arceus\n|-start|p1a: Arceus|move: Taunt\n|cant|p1a: Arceus|move: Taunt|Swords Dance\n|\n|upkeep\n|turn|46\n|\n|move|p1a: Arceus|Extreme Speed|p2a: Gothitelle\n|-damage|p2a: Gothitelle|276\/342\n|move|p2a: Gothitelle|Charm|p1a: Arceus\n|-unboost|p1a: Arceus|atk|2\n|\n|-heal|p2a: Gothitelle|297\/342|[from] item: Leftovers\n|upkeep\n|turn|47\n|\n|move|p1a: Arceus|Extreme Speed|p2a: Gothitelle\n|-damage|p2a: Gothitelle|248\/342\n|move|p2a: Gothitelle|Charm|p1a: Arceus\n|-unboost|p1a: Arceus|atk|2\n|\n|-heal|p2a: Gothitelle|269\/342|[from] item: Leftovers\n|-end|p1a: Arceus|move: Taunt\n|upkeep\n|turn|48\n|inactive|Battle timer is ON: inactive players will automatically lose when time's up. (requested by yhdrslb)\n|\n|move|p1a: Arceus|Extreme Speed|p2a: Gothitelle\n|-damage|p2a: Gothitelle|235\/342\n|move|p2a: Gothitelle|Taunt|p1a: Arceus\n|-start|p1a: Arceus|move: Taunt\n|\n|-heal|p2a: Gothitelle|256\/342|[from] item: Leftovers\n|upkeep\n|turn|49\n|\n|move|p1a: Arceus|Extreme Speed|p2a: Gothitelle\n|-damage|p2a: Gothitelle|223\/342\n|move|p2a: Gothitelle|Confide|p1a: Arceus\n|-unboost|p1a: Arceus|spa|1\n|\n|-heal|p2a: Gothitelle|244\/342|[from] item: Leftovers\n|upkeep\n|turn|50\n|\n|cant|p1a: Arceus|par\n|move|p2a: Gothitelle|Rest|p2a: Gothitelle\n|-status|p2a: Gothitelle|slp|[from] move: Rest\n|-heal|p2a: Gothitelle|342\/342 slp|[silent]\n|\n|upkeep\n|turn|51\n|\n|move|p1a: Arceus|Extreme Speed|p2a: Gothitelle\n|-damage|p2a: Gothitelle|306\/342 slp\n|cant|p2a: Gothitelle|slp\n|\n|-heal|p2a: Gothitelle|327\/342 slp|[from] item: Leftovers\n|-end|p1a: Arceus|move: Taunt\n|upkeep\n|turn|52\n|\n|switch|p2a: Cloyster|Cloyster, F|241\/241\n|move|p1a: Arceus|Swords Dance|p1a: Arceus\n|-boost|p1a: Arceus|atk|2\n|\n|upkeep\n|turn|53\n|\n|switch|p1a: Tapu Koko|Tapu Koko|281\/281\n|-fieldstart|move: Electric Terrain|[from] ability: Electric Surge|[of] p1a: Tapu Koko\n|move|p2a: Cloyster|Shell Smash|p2a: Cloyster\n|-unboost|p2a: Cloyster|def|1\n|-unboost|p2a: Cloyster|spd|1\n|-boost|p2a: Cloyster|atk|2\n|-boost|p2a: Cloyster|spa|2\n|-boost|p2a: Cloyster|spe|2\n|\n|upkeep\n|turn|54\n|\n|move|p2a: Cloyster|Shell Smash|p2a: Cloyster\n|-unboost|p2a: Cloyster|def|1\n|-unboost|p2a: Cloyster|spd|1\n|-boost|p2a: Cloyster|atk|2\n|-boost|p2a: Cloyster|spa|2\n|-boost|p2a: Cloyster|spe|2\n|move|p1a: Tapu Koko|Taunt|p2a: Cloyster\n|-start|p2a: Cloyster|move: Taunt\n|\n|upkeep\n|turn|55\n|\n|move|p2a: Cloyster|Icicle Spear|p1a: Tapu Koko\n|-damage|p1a: Tapu Koko|149\/281\n|-damage|p1a: Tapu Koko|23\/281\n|-crit|p1a: Tapu Koko\n|-damage|p1a: Tapu Koko|0 fnt\n|-hitcount|p1a: Tapu Koko|3\n|faint|p1a: Tapu Koko\n|\n|upkeep\n|\n|switch|p1a: Darkrai|Darkrai|281\/281\n|turn|56\n|\n|move|p2a: Cloyster|Icicle Spear|p1a: Darkrai\n|-damage|p1a: Darkrai|167\/281\n|-damage|p1a: Darkrai|53\/281\n|-damage|p1a: Darkrai|0 fnt\n|-hitcount|p1a: Darkrai|3\n|faint|p1a: Darkrai\n|\n|upkeep\n|\n|switch|p1a: Buzzwole|Buzzwole|417\/417\n|turn|57\n|\n|move|p2a: Cloyster|Icicle Spear|p1a: Buzzwole\n|-damage|p1a: Buzzwole|351\/417\n|-damage|p1a: Buzzwole|293\/417\n|-damage|p1a: Buzzwole|230\/417\n|-damage|p1a: Buzzwole|167\/417\n|-damage|p1a: Buzzwole|106\/417\n|-hitcount|p1a: Buzzwole|5\n|move|p1a: Buzzwole|Toxic|p2a: Cloyster\n|-status|p2a: Cloyster|tox\n|\n|-heal|p1a: Buzzwole|132\/417|[from] item: Leftovers\n|-damage|p2a: Cloyster|226\/241 tox|[from] psn\n|-end|p2a: Cloyster|move: Taunt\n|-fieldend|move: Electric Terrain\n|upkeep\n|turn|58\n|\n|move|p2a: Cloyster|Icicle Spear|p1a: Buzzwole\n|-damage|p1a: Buzzwole|63\/417\n|-damage|p1a: Buzzwole|0 fnt\n|-hitcount|p1a: Buzzwole|2\n|faint|p1a: Buzzwole\n|\n|-damage|p2a: Cloyster|196\/241 tox|[from] psn\n|upkeep\n|\n|switch|p1a: Arceus|Arceus|441\/441 par\n|turn|59\n|\n|move|p2a: Cloyster|Icicle Spear|p1a: Arceus\n|-damage|p1a: Arceus|348\/441 par\n|-damage|p1a: Arceus|254\/441 par\n|-damage|p1a: Arceus|158\/441 par\n|-damage|p1a: Arceus|70\/441 par\n|-damage|p1a: Arceus|0 fnt\n|-hitcount|p1a: Arceus|5\n|faint|p1a: Arceus\n|\n|-damage|p2a: Cloyster|151\/241 tox|[from] psn\n|upkeep\n|c|\u2606yhdrslb|gg\n|\n|switch|p1a: Tapu Lele|Tapu Lele|282\/282\n|-fieldstart|move: Psychic Terrain|[from] ability: Psychic Surge|[of] p1a: Tapu Lele\n|turn|60\n|\n|move|p2a: Cloyster|Icicle Spear|p1a: Tapu Lele\n|-damage|p1a: Tapu Lele|135\/282\n|-damage|p1a: Tapu Lele|0 fnt\n|-hitcount|p1a: Tapu Lele|2\n|faint|p1a: Tapu Lele\n|\n|-damage|p2a: Cloyster|91\/241 tox|[from] psn\n|upkeep\n|\n|switch|p1a: Kyurem|Kyurem-White|392\/392\n|-ability|p1a: Kyurem|Turboblaze\n|turn|61\n|c|\u2606lixmen|.l.\n|-message|lixmen forfeited.\n|\n|win|yhdrslb\n|l|\u2606lixmen\n|raw|lixmen's rating: 1147 &rarr; <strong>1119<\/strong><br \/>(-28 for losing)\n|raw|yhdrslb's rating: 1104 &rarr; <strong>1132<\/strong><br \/>(+28 for winning)\n","inputlog":">version 6c1992b067db6fe86f60f214410f6694d964bee4\n>start {\"formatid\":\"gen7battlefactory\",\"seed\":[17009,1116,35352,21083],\"rated\":\"Rated battle\"}\n>player p1 {\"name\":\"lixmen\",\"avatar\":\"unknownf\",\"team\":\"\",\"rating\":1122,\"seed\":[24711,63742,7622,5932]}\n>player p2 {\"name\":\"yhdrslb\",\"avatar\":\"30\",\"team\":\"\",\"rating\":1132,\"seed\":[58601,6234,11970,22390]}\n>p1 team 3, 2, 1, 4, 5, 6\n>p2 team 4, 2, 3, 1, 5, 6\n>p1 move swordsdance\n>p2 move thunderwave\n>p1 move shadowclaw\n>p2 switch 4\n>p1 move shadowclaw\n>p2 move charm\n>p1 move shadowclaw\n>p2 move taunt\n>p1 move shadowclaw\n>p2 move charm\n>p1 move shadowclaw\n>p2 move charm\n>p1 move swordsdance\n>p2 move charm\n>p1 move shadowclaw\n>p2 move taunt\n>p1 move shadowclaw\n>p2 move charm\n>p1 move shadowclaw\n>p2 move confide\n>p1 move shadowclaw\n>p2 move taunt\n>p1 move shadowclaw\n>p2 move rest\n>p1 move shadowclaw\n>p2 move confide\n>p1 move swordsdance\n>p2 move confide\n>p1 move swordsdance\n>p2 move taunt\n>p1 move shadowclaw\n>p2 move charm\n>p1 move shadowclaw\n>p2 move rest\n>p1 move shadowclaw\n>p2 move confide\n>p1 move swordsdance\n>p2 move confide\n>p1 move shadowclaw\n>p2 move taunt\n>p1 move extremespeed\n>p2 move rest\n>p1 move shadowclaw\n>p2 move confide\n>p1 move swordsdance\n>p2 move confide\n>p1 move swordsdance\n>p2 move charm\n>p1 move shadowclaw\n>p2 move taunt\n>p1 move shadowclaw\n>p2 move charm\n>p1 move extremespeed\n>p2 move charm\n>p1 move swordsdance\n>p2 move taunt\n>p1 move shadowclaw\n>p2 move confide\n>p1 move shadowclaw\n>p2 move confide\n>p1 move shadowclaw\n>p2 move taunt\n>p1 move shadowclaw\n>p2 move rest\n>p1 move shadowclaw\n>p2 move confide\n>p1 move shadowclaw\n>p2 move taunt\n>p1 move shadowclaw\n>p2 move taunt\n>p1 move shadowclaw\n>p2 move confide\n>p1 move shadowclaw\n>p2 move confide\n>p1 move extremespeed\n>p2 move taunt\n>p1 move shadowclaw\n>p2 move rest\n>p1 move shadowclaw\n>p2 move confide\n>p1 move shadowclaw\n>p2 move confide\n>p1 move extremespeed\n>p2 move rest\n>p1 move swordsdance\n>p2 move confide\n>p1 move swordsdance\n>p2 move confide\n>p1 move swordsdance\n>p2 move taunt\n>p1 move extremespeed\n>p2 move charm\n>p1 move extremespeed\n>p2 move charm\n>p1 move extremespeed\n>p2 move taunt\n>p1 move extremespeed\n>p2 move confide\n>p1 move extremespeed\n>p2 move rest\n>p1 move extremespeed\n>p2 move confide\n>p1 move swordsdance\n>p2 switch 2\n>p1 switch 3\n>p2 move shellsmash\n>p1 move taunt\n>p2 move shellsmash\n>p1 move thunder zmove\n>p2 move iciclespear\n>p1 switch 2\n>p1 move hypnosis\n>p2 move iciclespear\n>p1 switch 5\n>p1 move toxic\n>p2 move iciclespear\n>p1 move earthquake\n>p2 move iciclespear\n>p1 switch 3\n>p1 move recover\n>p2 move iciclespear\n>p1 switch 4\n>p1 move aromatherapy\n>p2 move iciclespear\n>p1 switch 6","uploadtime":1588557915,"views":3,"p1id":"lixmen","p2id":"yhdrslb","formatid":"gen7battlefactory","rating":1119,"private":0,"password":null}