{"id":"gen7oublitz-991481779","p1":"Lunar Neo","p2":"AeroZugaza","format":"gen7oublitz","log":"|j|\u2606Lunar Neo\n|j|\u2606AeroZugaza\n|player|p1|Lunar Neo|248|1439\n|player|p2|AeroZugaza|265|1302\n|teamsize|p1|6\n|teamsize|p2|6\n|gametype|singles\n|gen|7\n|tier|[Gen 7] OU (Blitz)\n|rated|\n|rule|Sleep Clause Mod: Limit one foe put to sleep\n|rule|Species Clause: Limit one of each Pok\u00e9mon\n|rule|OHKO Clause: OHKO moves are banned\n|rule|Moody Clause: Moody is banned\n|rule|Evasion Moves Clause: Evasion moves are banned\n|rule|Endless Battle Clause: Forcing endless battles is banned\n|rule|HP Percentage Mod: HP is shown in percentages\n|clearpoke\n|poke|p1|Zapdos|item\n|poke|p1|Keldeo-Resolute|item\n|poke|p1|Scizor, M|item\n|poke|p1|Hydreigon, F|item\n|poke|p1|Mamoswine, F|item\n|poke|p1|Blacephalon|item\n|poke|p2|Araquanid, F|item\n|poke|p2|Greninja, M|item\n|poke|p2|Tapu Lele|item\n|poke|p2|Landorus-Therian, M|item\n|poke|p2|Whimsicott, F|item\n|poke|p2|Volcarona, F|item\n|rule|Blitz: Super-fast timer\n|teampreview\n|inactive|Battle timer is ON: inactive players will automatically lose when time's up. (requested by AeroZugaza)\n|inactive|AeroZugaza has 20 seconds left.\n|\n|start\n|switch|p1a: Keldeo|Keldeo-Resolute|100\/100\n|switch|p2a: Araquanid|Araquanid, F|100\/100\n|turn|1\n|\n|move|p1a: Keldeo|Taunt|p2a: Araquanid\n|-start|p2a: Araquanid|move: Taunt\n|cant|p2a: Araquanid|move: Taunt|Sticky Web\n|\n|upkeep\n|turn|2\n|\n|switch|p1a: Zapdos|Zapdos, shiny|100\/100\n|move|p2a: Araquanid|Liquidation|p1a: Zapdos\n|-damage|p1a: Zapdos|68\/100\n|\n|-heal|p1a: Zapdos|75\/100|[from] item: Leftovers\n|upkeep\n|turn|3\n|\n|switch|p2a: Landorus|Landorus-Therian, M|100\/100\n|-ability|p2a: Landorus|Intimidate|boost\n|-unboost|p1a: Zapdos|atk|1\n|move|p1a: Zapdos|Discharge|p2a: Landorus\n|-immune|p2a: Landorus\n|\n|-heal|p1a: Zapdos|81\/100|[from] item: Leftovers\n|upkeep\n|turn|4\n|inactive|Lunar Neo has 10 seconds left.\n|\n|switch|p1a: Mamoswine|Mamoswine, F|100\/100\n|move|p2a: Landorus|Stone Edge|p1a: Mamoswine\n|-damage|p1a: Mamoswine|66\/100\n|\n|upkeep\n|turn|5\n|\n|switch|p2a: Araquanid|Araquanid, F|100\/100\n|move|p1a: Mamoswine|Stealth Rock|p2a: Araquanid\n|-sidestart|p2: AeroZugaza|move: Stealth Rock\n|\n|upkeep\n|turn|6\n|\n|switch|p1a: Zapdos|Zapdos, shiny|81\/100\n|move|p2a: Araquanid|Sticky Web|p1a: Zapdos\n|-sidestart|p1: Lunar Neo|move: Sticky Web\n|\n|-heal|p1a: Zapdos|87\/100|[from] item: Leftovers\n|upkeep\n|turn|7\n|\n|move|p1a: Zapdos|Discharge|p2a: Araquanid\n|-supereffective|p2a: Araquanid\n|-damage|p2a: Araquanid|58\/100\n|-status|p2a: Araquanid|par\n|cant|p2a: Araquanid|par\n|\n|-heal|p1a: Zapdos|93\/100|[from] item: Leftovers\n|-heal|p2a: Araquanid|64\/100 par|[from] item: Leftovers\n|upkeep\n|turn|8\n|\n|move|p2a: Araquanid|Protect|p2a: Araquanid\n|-singleturn|p2a: Araquanid|Protect\n|move|p1a: Zapdos|Discharge|p2a: Araquanid\n|-activate|p2a: Araquanid|move: Protect\n|\n|-heal|p1a: Zapdos|99\/100|[from] item: Leftovers\n|-heal|p2a: Araquanid|70\/100 par|[from] item: Leftovers\n|upkeep\n|turn|9\n|\n|move|p1a: Zapdos|Discharge|p2a: Araquanid\n|-supereffective|p2a: Araquanid\n|-damage|p2a: Araquanid|30\/100 par\n|move|p2a: Araquanid|Liquidation|p1a: Zapdos\n|-damage|p1a: Zapdos|69\/100\n|-unboost|p1a: Zapdos|def|1\n|\n|-heal|p1a: Zapdos|75\/100|[from] item: Leftovers\n|-heal|p2a: Araquanid|36\/100 par|[from] item: Leftovers\n|upkeep\n|turn|10\n|\n|move|p2a: Araquanid|Protect|p2a: Araquanid\n|-singleturn|p2a: Araquanid|Protect\n|move|p1a: Zapdos|Discharge|p2a: Araquanid\n|-activate|p2a: Araquanid|move: Protect\n|\n|-heal|p1a: Zapdos|81\/100|[from] item: Leftovers\n|-heal|p2a: Araquanid|42\/100 par|[from] item: Leftovers\n|upkeep\n|turn|11\n|inactive|AeroZugaza has 10 seconds left.\n|\n|move|p1a: Zapdos|Hidden Power|p2a: Araquanid\n|-resisted|p2a: Araquanid\n|-damage|p2a: Araquanid|38\/100 par\n|move|p2a: Araquanid|Liquidation|p1a: Zapdos\n|-damage|p1a: Zapdos|32\/100\n|\n|-heal|p1a: Zapdos|39\/100|[from] item: Leftovers\n|-heal|p2a: Araquanid|44\/100 par|[from] item: Leftovers\n|upkeep\n|turn|12\n|\n|move|p2a: Araquanid|Protect|p2a: Araquanid\n|-singleturn|p2a: Araquanid|Protect\n|move|p1a: Zapdos|Roost|p1a: Zapdos\n|-heal|p1a: Zapdos|89\/100\n|-singleturn|p1a: Zapdos|move: Roost\n|\n|-heal|p1a: Zapdos|95\/100|[from] item: Leftovers\n|-heal|p2a: Araquanid|50\/100 par|[from] item: Leftovers\n|upkeep\n|turn|13\n|\n|move|p1a: Zapdos|Discharge|p2a: Araquanid\n|-supereffective|p2a: Araquanid\n|-damage|p2a: Araquanid|10\/100 par\n|cant|p2a: Araquanid|par\n|\n|-heal|p1a: Zapdos|100\/100|[from] item: Leftovers\n|-heal|p2a: Araquanid|17\/100 par|[from] item: Leftovers\n|upkeep\n|turn|14\n|\n|move|p2a: Araquanid|Protect|p2a: Araquanid\n|-singleturn|p2a: Araquanid|Protect\n|move|p1a: Zapdos|Discharge|p2a: Araquanid\n|-activate|p2a: Araquanid|move: Protect\n|\n|-heal|p2a: Araquanid|23\/100 par|[from] item: Leftovers\n|upkeep\n|turn|15\n|\n|move|p1a: Zapdos|Discharge|p2a: Araquanid\n|-supereffective|p2a: Araquanid\n|-damage|p2a: Araquanid|0 fnt\n|faint|p2a: Araquanid\n|\n|upkeep\n|\n|switch|p2a: Whimsicott|Whimsicott, F|100\/100\n|-damage|p2a: Whimsicott|88\/100|[from] Stealth Rock\n|turn|16\n|\n|move|p2a: Whimsicott|Knock Off|p1a: Zapdos\n|-damage|p1a: Zapdos|81\/100\n|-enditem|p1a: Zapdos|Leftovers|[from] move: Knock Off|[of] p2a: Whimsicott\n|move|p1a: Zapdos|Heat Wave|p2a: Whimsicott\n|-supereffective|p2a: Whimsicott\n|-damage|p2a: Whimsicott|0 fnt\n|faint|p2a: Whimsicott\n|\n|upkeep\n|\n|switch|p2a: Landorus|Landorus-Therian, M|100\/100\n|-damage|p2a: Landorus|88\/100|[from] Stealth Rock\n|-ability|p2a: Landorus|Intimidate|boost\n|-unboost|p1a: Zapdos|atk|1\n|turn|17\n|\n|switch|p1a: Keldeo|Keldeo-Resolute|100\/100\n|-activate|p1a: Keldeo|move: Sticky Web\n|-unboost|p1a: Keldeo|spe|1\n|move|p2a: Landorus|Stone Edge|p1a: Keldeo\n|-resisted|p1a: Keldeo\n|-damage|p1a: Keldeo|80\/100\n|\n|upkeep\n|turn|18\n|\n|switch|p2a: Greninja|Greninja, M|100\/100\n|-damage|p2a: Greninja|88\/100|[from] Stealth Rock\n|move|p1a: Keldeo|Hydro Pump|p2a: Greninja|[miss]\n|-miss|p1a: Keldeo|p2a: Greninja\n|\n|upkeep\n|turn|19\n|\n|switch|p1a: Scizor|Scizor, M|100\/100\n|-activate|p1a: Scizor|move: Sticky Web\n|-unboost|p1a: Scizor|spe|1\n|move|p2a: Greninja|Extrasensory|p1a: Scizor\n|-start|p2a: Greninja|typechange|Psychic|[from] ability: Protean\n|-resisted|p1a: Scizor\n|-damage|p1a: Scizor|79\/100\n|\n|upkeep\n|turn|20\n|inactive|Lunar Neo has 10 seconds left.\n|\n|switch|p1a: Hydreigon|Hydreigon, F|100\/100\n|move|p2a: Greninja|Water Shuriken|p1a: Hydreigon\n|-start|p2a: Greninja|typechange|Water|[from] ability: Protean\n|-resisted|p1a: Hydreigon\n|-damage|p1a: Hydreigon|96\/100\n|-resisted|p1a: Hydreigon\n|-damage|p1a: Hydreigon|93\/100\n|-resisted|p1a: Hydreigon\n|-damage|p1a: Hydreigon|89\/100\n|-hitcount|p1a: Hydreigon|3\n|\n|upkeep\n|turn|21\n|\n|switch|p1a: Scizor|Scizor, M|79\/100\n|-activate|p1a: Scizor|move: Sticky Web\n|-unboost|p1a: Scizor|spe|1\n|move|p2a: Greninja|Ice Beam|p1a: Scizor\n|-start|p2a: Greninja|typechange|Ice|[from] ability: Protean\n|-resisted|p1a: Scizor\n|-damage|p1a: Scizor|56\/100\n|\n|upkeep\n|turn|22\n|\n|switch|p2a: Tapu Lele|Tapu Lele|100\/100\n|-damage|p2a: Tapu Lele|88\/100|[from] Stealth Rock\n|-fieldstart|move: Psychic Terrain|[from] ability: Psychic Surge|[of] p2a: Tapu Lele\n|detailschange|p1a: Scizor|Scizor-Mega, M\n|-mega|p1a: Scizor|Scizor|Scizorite\n|move|p1a: Scizor|Knock Off|p2a: Tapu Lele\n|-damage|p2a: Tapu Lele|48\/100\n|\n|upkeep\n|turn|23\n|inactive|Lunar Neo has 10 seconds left.\n|\n|switch|p1a: Zapdos|Zapdos, shiny|81\/100\n|move|p2a: Tapu Lele|Hidden Power|p1a: Zapdos\n|-crit|p1a: Zapdos\n|-damage|p1a: Zapdos|49\/100\n|\n|upkeep\n|turn|24\n|\n|move|p2a: Tapu Lele|Psyshock|p1a: Zapdos\n|-damage|p1a: Zapdos|0 fnt\n|faint|p1a: Zapdos\n|\n|upkeep\n|\n|switch|p1a: Blacephalon|Blacephalon, shiny|100\/100\n|-activate|p1a: Blacephalon|move: Sticky Web\n|-unboost|p1a: Blacephalon|spe|1\n|turn|25\n|\n|switch|p2a: Greninja|Greninja, M|88\/100\n|-damage|p2a: Greninja|76\/100|[from] Stealth Rock\n|move|p1a: Blacephalon|Shadow Ball|p2a: Greninja\n|-resisted|p2a: Greninja\n|-crit|p2a: Greninja\n|-damage|p2a: Greninja|24\/100\n|-unboost|p2a: Greninja|spd|1\n|\n|upkeep\n|turn|26\n|inactive|Lunar Neo has 10 seconds left.\n|\n|switch|p1a: Scizor|Scizor-Mega, M|56\/100\n|-activate|p1a: Scizor|move: Sticky Web\n|-unboost|p1a: Scizor|spe|1\n|move|p2a: Greninja|Dark Pulse|p1a: Scizor\n|-start|p2a: Greninja|typechange|Dark|[from] ability: Protean\n|-damage|p1a: Scizor|22\/100\n|\n|-fieldend|move: Psychic Terrain\n|upkeep\n|turn|27\n|\n|move|p2a: Greninja|Dark Pulse|p1a: Scizor\n|-damage|p1a: Scizor|0 fnt\n|faint|p1a: Scizor\n|\n|upkeep\n|\n|switch|p1a: Mamoswine|Mamoswine, F|66\/100\n|-activate|p1a: Mamoswine|move: Sticky Web\n|-unboost|p1a: Mamoswine|spe|1\n|turn|28\n|\n|move|p2a: Greninja|Water Shuriken|p1a: Mamoswine\n|-start|p2a: Greninja|typechange|Water|[from] ability: Protean\n|-supereffective|p1a: Mamoswine\n|-damage|p1a: Mamoswine|48\/100\n|-supereffective|p1a: Mamoswine\n|-damage|p1a: Mamoswine|31\/100\n|-hitcount|p1a: Mamoswine|2\n|move|p1a: Mamoswine|Ice Shard|p2a: Greninja\n|-resisted|p2a: Greninja\n|-damage|p2a: Greninja|6\/100\n|\n|upkeep\n|turn|29\n|\n|switch|p1a: Hydreigon|Hydreigon, F|89\/100\n|move|p2a: Greninja|Water Shuriken|p1a: Hydreigon\n|-resisted|p1a: Hydreigon\n|-damage|p1a: Hydreigon|85\/100\n|-resisted|p1a: Hydreigon\n|-damage|p1a: Hydreigon|82\/100\n|-hitcount|p1a: Hydreigon|2\n|\n|upkeep\n|turn|30\n|inactive|Lunar Neo has 10 seconds left.\n|\n|switch|p1a: Keldeo|Keldeo-Resolute|80\/100\n|-activate|p1a: Keldeo|move: Sticky Web\n|-unboost|p1a: Keldeo|spe|1\n|move|p2a: Greninja|Ice Beam|p1a: Keldeo\n|-start|p2a: Greninja|typechange|Ice|[from] ability: Protean\n|-resisted|p1a: Keldeo\n|-damage|p1a: Keldeo|56\/100\n|\n|upkeep\n|turn|31\n|inactive|Lunar Neo has 10 seconds left.\n|\n|switch|p1a: Hydreigon|Hydreigon, F|82\/100\n|move|p2a: Greninja|Extrasensory|p1a: Hydreigon\n|-start|p2a: Greninja|typechange|Psychic|[from] ability: Protean\n|-immune|p1a: Hydreigon\n|\n|upkeep\n|turn|32\n|inactive|Lunar Neo has 10 seconds left.\n|\n|move|p2a: Greninja|Ice Beam|p1a: Hydreigon\n|-start|p2a: Greninja|typechange|Ice|[from] ability: Protean\n|-supereffective|p1a: Hydreigon\n|-damage|p1a: Hydreigon|0 fnt\n|faint|p1a: Hydreigon\n|\n|upkeep\n|inactive|Lunar Neo has 10 seconds left.\n|\n|switch|p1a: Blacephalon|Blacephalon, shiny|100\/100\n|-activate|p1a: Blacephalon|move: Sticky Web\n|-unboost|p1a: Blacephalon|spe|1\n|turn|33\n|\n|move|p2a: Greninja|Dark Pulse|p1a: Blacephalon\n|-start|p2a: Greninja|typechange|Dark|[from] ability: Protean\n|-supereffective|p1a: Blacephalon\n|-damage|p1a: Blacephalon|0 fnt\n|faint|p1a: Blacephalon\n|\n|upkeep\n|-message|Lunar Neo forfeited.\n|\n|win|AeroZugaza\n|l|\u2606Lunar Neo\n|raw|Lunar Neo's rating: 1459 &rarr; <strong>1430<\/strong><br \/>(-29 for losing)\n|raw|AeroZugaza's rating: 1302 &rarr; <strong>1330<\/strong><br \/>(+28 for winning)\n|c|\u2606AeroZugaza|Lmao.think he tried his damnest to bluff scarf hydreigon xD\n","uploadtime":1570917702,"views":3,"p1id":"lunarneo","p2id":"aerozugaza","formatid":"gen7oublitz","rating":1330,"private":0,"password":null}