{"id":"gen7doublesou-880742655","p1":"AbhayGupta","p2":"Flashybee","format":"gen7doublesou","log":"|j|\u2606AbhayGupta\n|j|\u2606Flashybee\n|player|p1|AbhayGupta|169\n|player|p2|Flashybee|70\n|teamsize|p1|6\n|teamsize|p2|6\n|gametype|doubles\n|gen|7\n|tier|[Gen 7] Doubles OU\n|rated|\n|html|<div class=\"broadcast-green\"><strong>Doubles OU is currently suspecting Marshadow! For information on how to participate check out the <a href=\"https:\/\/www.smogon.com\/forums\/threads\/3648227\/\">suspect thread<\/a>.<\/strong><\/div>\n|rule|Species Clause: Limit one of each Pok\u00e9mon\n|rule|OHKO Clause: OHKO moves are banned\n|rule|Moody Clause: Moody is banned\n|rule|Evasion Abilities Clause: Evasion abilities are banned\n|rule|Evasion Moves Clause: Evasion moves are banned\n|rule|Endless Battle Clause: Forcing endless battles is banned\n|rule|HP Percentage Mod: HP is shown in percentages\n|rule|Swagger Clause: Swagger is banned\n|clearpoke\n|poke|p1|Amoonguss, F|item\n|poke|p1|Exeggutor-Alola, M|item\n|poke|p1|Torkoal, M|item\n|poke|p1|Cresselia, F|item\n|poke|p1|Comfey, F|item\n|poke|p1|Slowbro, F|item\n|poke|p2|Garchomp, M|item\n|poke|p2|Pyroar, M|item\n|poke|p2|Sableye, F|item\n|poke|p2|Talonflame, F|item\n|poke|p2|Meowstic, M|item\n|poke|p2|Tyranitar, F|item\n|teampreview\n|inactive|Battle timer is ON: inactive players will automatically lose when time's up. (requested by AbhayGupta)\n|\n|start\n|switch|p1a: eggsy|Exeggutor-Alola, M|100\/100\n|switch|p1b: Koaltoise|Torkoal, M|100\/100\n|switch|p2a: Garchomp|Garchomp, M|100\/100\n|switch|p2b: Pyroar|Pyroar, M|100\/100\n|-weather|SunnyDay|[from] ability: Drought|[of] p1b: Koaltoise\n|turn|1\n|\n|move|p2b: Pyroar|Entrainment|p2a: Garchomp\n|-endability|p2a: Garchomp|Rough Skin|[from] move: Entrainment\n|-ability|p2a: Garchomp|Moxie|[from] move: Entrainment\n|move|p2a: Garchomp|Earthquake|p1b: Koaltoise|[spread] p2b,p1a,p1b\n|-supereffective|p2b: Pyroar\n|-damage|p2b: Pyroar|0 fnt\n|-resisted|p1a: eggsy\n|-damage|p1a: eggsy|81\/100\n|-supereffective|p1b: Koaltoise\n|-crit|p1b: Koaltoise\n|-damage|p1b: Koaltoise|0 fnt\n|faint|p2b: Pyroar\n|-ability|p2a: Garchomp|Moxie|boost\n|-boost|p2a: Garchomp|atk|1\n|faint|p1b: Koaltoise\n|-ability|p2a: Garchomp|Moxie|boost\n|-boost|p2a: Garchomp|atk|1\n|move|p1a: eggsy|Trick Room|p1a: eggsy\n|-fieldstart|move: Trick Room|[of] p1a: eggsy\n|\n|-weather|SunnyDay|[upkeep]\n|upkeep\n|\n|switch|p1b: Amoonga Matata|Amoonguss, F|100\/100\n|switch|p2b: Talonflame|Talonflame, F|100\/100\n|turn|2\n|\n|move|p2b: Talonflame|Brave Bird|p1b: Amoonga Matata\n|-supereffective|p1b: Amoonga Matata\n|-damage|p1b: Amoonga Matata|0 fnt\n|-damage|p2b: Talonflame|53\/100|[from] Recoil\n|faint|p1b: Amoonga Matata\n|move|p1a: eggsy|Substitute|p1a: eggsy\n|-start|p1a: eggsy|Substitute\n|-damage|p1a: eggsy|56\/100\n|move|p2a: Garchomp|Earthquake|p1a: eggsy|[spread] p1a\n|-immune|p2b: Talonflame\n|-resisted|p1a: eggsy\n|-end|p1a: eggsy|Substitute\n|\n|-weather|SunnyDay|[upkeep]\n|upkeep\n|\n|switch|p1b: Comb The Sea|Comfey, F|100\/100\n|turn|3\n|\n|move|p1a: eggsy|Dragon Hammer|p2a: Garchomp\n|-supereffective|p2a: Garchomp\n|-damage|p2a: Garchomp|36\/100\n|move|p1b: Comb The Sea|Calm Mind|p1b: Comb The Sea\n|-boost|p1b: Comb The Sea|spa|1\n|-boost|p1b: Comb The Sea|spd|1\n|move|p2a: Garchomp|Earthquake|p1b: Comb The Sea|[spread] p1a,p1b\n|-immune|p2b: Talonflame\n|-resisted|p1a: eggsy\n|-damage|p1a: eggsy|12\/100\n|-enditem|p1a: eggsy|Sitrus Berry|[eat]\n|-heal|p1a: eggsy|37\/100|[from] item: Sitrus Berry\n|-damage|p1b: Comb The Sea|4\/100\n|move|p2b: Talonflame|Brave Bird|p1a: eggsy\n|-supereffective|p1a: eggsy\n|-damage|p1a: eggsy|0 fnt\n|-damage|p2b: Talonflame|37\/100|[from] Recoil\n|faint|p1a: eggsy\n|\n|-weather|SunnyDay|[upkeep]\n|-heal|p1b: Comb The Sea|11\/100|[from] item: Leftovers\n|upkeep\n|\n|switch|p1a: Slowwww|Slowbro, F|100\/100\n|turn|4\n|\n|detailschange|p1a: Slowwww|Slowbro-Mega, F\n|-mega|p1a: Slowwww|Slowbro|Slowbronite\n|move|p1b: Comb The Sea|Draining Kiss|p2a: Garchomp\n|-supereffective|p2a: Garchomp\n|-damage|p2a: Garchomp|0 fnt\n|-heal|p1b: Comb The Sea|42\/100|[from] drain|[of] p2a: Garchomp\n|faint|p2a: Garchomp\n|move|p1a: Slowwww|Calm Mind|p1a: Slowwww\n|-boost|p1a: Slowwww|spa|1\n|-boost|p1a: Slowwww|spd|1\n|move|p2b: Talonflame|Brave Bird|p1a: Slowwww\n|-damage|p1a: Slowwww|75\/100\n|-damage|p2b: Talonflame|26\/100|[from] Recoil\n|\n|-weather|SunnyDay|[upkeep]\n|-heal|p1b: Comb The Sea|48\/100|[from] item: Leftovers\n|upkeep\n|\n|switch|p2a: Meowstic|Meowstic, M|100\/100\n|-item|p2a: Meowstic|Air Balloon\n|turn|5\n|\n|move|p1b: Comb The Sea|Draining Kiss|p2b: Talonflame\n|-resisted|p2b: Talonflame\n|-damage|p2b: Talonflame|8\/100\n|-heal|p1b: Comb The Sea|61\/100|[from] drain|[of] p2b: Talonflame\n|move|p2a: Meowstic|Fake Out|p1b: Comb The Sea\n|-crit|p1b: Comb The Sea\n|-damage|p1b: Comb The Sea|55\/100\n|move|p1a: Slowwww|Calm Mind|p1a: Slowwww\n|-boost|p1a: Slowwww|spa|1\n|-boost|p1a: Slowwww|spd|1\n|move|p2b: Talonflame|Brave Bird|p1b: Comb The Sea\n|-damage|p1b: Comb The Sea|5\/100\n|-damage|p2b: Talonflame|0 fnt|[from] Recoil\n|faint|p2b: Talonflame\n|\n|-weather|none\n|-heal|p1b: Comb The Sea|11\/100|[from] item: Leftovers\n|-fieldend|move: Trick Room\n|upkeep\n|\n|switch|p2b: Sableye|Sableye, F|100\/100\n|turn|6\n|\n|switch|p2a: Tyranitar|Tyranitar, F|100\/100\n|-weather|Sandstorm|[from] ability: Sand Stream|[of] p2a: Tyranitar\n|move|p1b: Comb The Sea|Draining Kiss|p2b: Sableye\n|-supereffective|p2b: Sableye\n|-damage|p2b: Sableye|46\/100\n|-heal|p1b: Comb The Sea|44\/100|[from] drain|[of] p2b: Sableye\n|move|p2b: Sableye|Knock Off|p1b: Comb The Sea\n|-resisted|p1b: Comb The Sea\n|-damage|p1b: Comb The Sea|33\/100\n|-enditem|p1b: Comb The Sea|Leftovers|[from] move: Knock Off|[of] p2b: Sableye\n|move|p1a: Slowwww|Scald|p2a: Tyranitar\n|-supereffective|p2a: Tyranitar\n|-damage|p2a: Tyranitar|14\/100\n|\n|-weather|Sandstorm|[upkeep]\n|-damage|p1b: Comb The Sea|26\/100|[from] Sandstorm\n|-damage|p2b: Sableye|40\/100|[from] Sandstorm\n|-damage|p1a: Slowwww|69\/100|[from] Sandstorm\n|upkeep\n|turn|7\n|-message|Flashybee forfeited.\n|\n|win|AbhayGupta\n|l|\u2606Flashybee\n|raw|AbhayGupta's rating: 1144 &rarr; <strong>1168<\/strong><br \/>(+24 for winning)\n|raw|Flashybee's rating: 1127 &rarr; <strong>1104<\/strong><br \/>(-23 for losing)\n","uploadtime":1553355239,"views":4,"p1id":"abhaygupta","p2id":"flashybee","formatid":"gen7doublesou","rating":1104,"private":0,"password":null}