{"id":"gen7unratedrandombattle-936760783","p1":"aewgfaertfw","p2":"Hajmola","format":"gen7unratedrandombattle","log":"|j|\u2606aewgfaertfw\n|j|\u2606Hajmola\n|player|p1|aewgfaertfw|266\n|player|p2|Hajmola|143\n|teamsize|p1|6\n|teamsize|p2|6\n|gametype|singles\n|gen|7\n|tier|[Gen 7] Unrated Random Battle\n|rule|Sleep Clause Mod: Limit one foe put to sleep\n|rule|HP Percentage Mod: HP is shown in percentages\n|\n|start\n|switch|p1a: Pachirisu|Pachirisu, L89, F|252\/252\n|switch|p2a: Golisopod|Golisopod, L84, M|263\/263\n|turn|1\n|inactive|Battle timer is ON: inactive players will automatically lose when time's up. (requested by aewgfaertfw)\n|\n|switch|p2a: Camerupt|Camerupt, L85, M|258\/258\n|move|p1a: Pachirisu|Thunderbolt|p2a: Camerupt\n|-immune|p2a: Camerupt\n|\n|upkeep\n|turn|2\n|\n|detailschange|p2a: Camerupt|Camerupt-Mega, L85, M\n|-mega|p2a: Camerupt|Camerupt|Cameruptite\n|move|p1a: Pachirisu|Toxic|p2a: Camerupt\n|-status|p2a: Camerupt|tox\n|move|p2a: Camerupt|Will-O-Wisp|p1a: Pachirisu\n|-status|p1a: Pachirisu|brn\n|\n|-damage|p1a: Pachirisu|237\/252 brn|[from] brn\n|-damage|p2a: Camerupt|242\/258 tox|[from] psn\n|upkeep\n|turn|3\n|\n|move|p1a: Pachirisu|U-turn|p2a: Camerupt\n|-resisted|p2a: Camerupt\n|-damage|p2a: Camerupt|235\/258 tox\n|\n|switch|p1a: Guzzlord|Guzzlord, L88|536\/536\n|move|p2a: Camerupt|Earth Power|p1a: Guzzlord\n|-damage|p1a: Guzzlord|278\/536\n|\n|-damage|p2a: Camerupt|203\/258 tox|[from] psn\n|upkeep\n|turn|4\n|\n|switch|p2a: Golisopod|Golisopod, L84, M|263\/263\n|move|p1a: Guzzlord|Earthquake|p2a: Golisopod\n|-resisted|p2a: Golisopod\n|-damage|p2a: Golisopod|224\/263\n|-damage|p1a: Guzzlord|225\/536|[from] item: Life Orb\n|\n|-heal|p2a: Golisopod|240\/263|[from] item: Leftovers\n|upkeep\n|turn|5\n|\n|switch|p1a: Palossand|Palossand, L86, M|286\/286\n|move|p2a: Golisopod|Toxic|p1a: Palossand\n|-status|p1a: Palossand|tox\n|\n|-heal|p2a: Golisopod|256\/263|[from] item: Leftovers\n|-damage|p1a: Palossand|269\/286 tox|[from] psn\n|upkeep\n|turn|6\n|\n|move|p2a: Golisopod|Spikes|p1a: Palossand\n|-sidestart|p1: aewgfaertfw|Spikes\n|move|p1a: Palossand|Toxic|p2a: Golisopod\n|-status|p2a: Golisopod|tox\n|\n|-heal|p2a: Golisopod|263\/263 tox|[from] item: Leftovers\n|-heal|p1a: Palossand|286\/286 tox|[from] item: Leftovers\n|-damage|p2a: Golisopod|247\/263 tox|[from] psn\n|-damage|p1a: Palossand|252\/286 tox|[from] psn\n|upkeep\n|turn|7\n|\n|switch|p1a: Hippowdon|Hippowdon, L82, F|311\/311\n|-damage|p1a: Hippowdon|273\/311|[from] Spikes\n|-weather|Sandstorm|[from] ability: Sand Stream|[of] p1a: Hippowdon\n|move|p2a: Golisopod|Spikes|p1a: Hippowdon\n|-sidestart|p1: aewgfaertfw|Spikes\n|\n|-weather|Sandstorm|[upkeep]\n|-damage|p2a: Golisopod|231\/263 tox|[from] Sandstorm\n|-heal|p1a: Hippowdon|292\/311|[from] item: Leftovers\n|-heal|p2a: Golisopod|247\/263 tox|[from] item: Leftovers\n|-damage|p2a: Golisopod|215\/263 tox|[from] psn\n|upkeep\n|turn|8\n|inactive|aewgfaertfw has 270 seconds left.\n|\n|move|p2a: Golisopod|Aqua Jet|p1a: Hippowdon\n|-supereffective|p1a: Hippowdon\n|-damage|p1a: Hippowdon|208\/311\n|move|p1a: Hippowdon|Stealth Rock|p2a: Golisopod\n|-sidestart|p2: Hajmola|move: Stealth Rock\n|\n|-weather|Sandstorm|[upkeep]\n|-damage|p2a: Golisopod|199\/263 tox|[from] Sandstorm\n|-heal|p1a: Hippowdon|227\/311|[from] item: Leftovers\n|-heal|p2a: Golisopod|215\/263 tox|[from] item: Leftovers\n|-damage|p2a: Golisopod|167\/263 tox|[from] psn\n|upkeep\n|turn|9\n|inactive|aewgfaertfw has 270 seconds left.\n|\n|switch|p1a: Venomoth|Venomoth, L83, F|251\/251\n|-damage|p1a: Venomoth|210\/251|[from] Spikes\n|move|p2a: Golisopod|Toxic|p1a: Venomoth\n|-immune|p1a: Venomoth\n|\n|-weather|Sandstorm|[upkeep]\n|-damage|p1a: Venomoth|195\/251|[from] Sandstorm\n|-damage|p2a: Golisopod|151\/263 tox|[from] Sandstorm\n|-heal|p1a: Venomoth|210\/251|[from] item: Black Sludge\n|-heal|p2a: Golisopod|167\/263 tox|[from] item: Leftovers\n|-damage|p2a: Golisopod|103\/263 tox|[from] psn\n|-activate|p2a: Golisopod|ability: Emergency Exit\n|upkeep\n|\n|switch|p2a: Drampa|Drampa, L88, M|281\/281\n|-damage|p2a: Drampa|246\/281|[from] Stealth Rock\n|turn|10\n|\n|move|p1a: Venomoth|Quiver Dance|p1a: Venomoth\n|-boost|p1a: Venomoth|spa|1\n|-boost|p1a: Venomoth|spd|1\n|-boost|p1a: Venomoth|spe|1\n|move|p2a: Drampa|Glare|p1a: Venomoth\n|-status|p1a: Venomoth|par\n|\n|-weather|Sandstorm|[upkeep]\n|-damage|p1a: Venomoth|195\/251 par|[from] Sandstorm\n|-damage|p2a: Drampa|229\/281|[from] Sandstorm\n|-heal|p1a: Venomoth|210\/251 par|[from] item: Black Sludge\n|-heal|p2a: Drampa|246\/281|[from] item: Leftovers\n|upkeep\n|turn|11\n|\n|move|p1a: Venomoth|Quiver Dance|p1a: Venomoth\n|-boost|p1a: Venomoth|spa|1\n|-boost|p1a: Venomoth|spd|1\n|-boost|p1a: Venomoth|spe|1\n|move|p2a: Drampa|Hyper Voice|p1a: Venomoth\n|-damage|p1a: Venomoth|128\/251 par\n|\n|-weather|none\n|-heal|p1a: Venomoth|143\/251 par|[from] item: Black Sludge\n|-heal|p2a: Drampa|263\/281|[from] item: Leftovers\n|upkeep\n|turn|12\n|\n|switch|p2a: Camerupt|Camerupt-Mega, L85, M|203\/258 tox\n|-damage|p2a: Camerupt|171\/258 tox|[from] Stealth Rock\n|move|p1a: Venomoth|Bug Buzz|p2a: Camerupt\n|-resisted|p2a: Camerupt\n|-damage|p2a: Camerupt|13\/258 tox\n|\n|-heal|p1a: Venomoth|158\/251 par|[from] item: Black Sludge\n|-damage|p2a: Camerupt|0 fnt|[from] psn\n|faint|p2a: Camerupt\n|upkeep\n|\n|switch|p2a: Chansey|Chansey, L80, F|531\/531\n|-damage|p2a: Chansey|465\/531|[from] Stealth Rock\n|turn|13\n|\n|move|p1a: Venomoth|Sludge Bomb|p2a: Chansey\n|-damage|p2a: Chansey|350\/531\n|move|p2a: Chansey|Seismic Toss|p1a: Venomoth\n|-damage|p1a: Venomoth|78\/251 par\n|\n|-heal|p1a: Venomoth|93\/251 par|[from] item: Black Sludge\n|upkeep\n|turn|14\n|\n|switch|p1a: Palossand|Palossand, L86, M|252\/286 tox\n|-damage|p1a: Palossand|205\/286 tox|[from] Spikes\n|move|p2a: Chansey|Seismic Toss|p1a: Palossand\n|-immune|p1a: Palossand\n|\n|-heal|p1a: Palossand|222\/286 tox|[from] item: Leftovers\n|-damage|p1a: Palossand|205\/286 tox|[from] psn\n|upkeep\n|turn|15\n|\n|move|p2a: Chansey|Wish|p2a: Chansey\n|move|p1a: Palossand|Toxic|p2a: Chansey\n|-status|p2a: Chansey|tox\n|\n|-heal|p1a: Palossand|222\/286 tox|[from] item: Leftovers\n|-damage|p2a: Chansey|317\/531 tox|[from] psn\n|-damage|p1a: Palossand|188\/286 tox|[from] psn\n|upkeep\n|turn|16\n|\n|switch|p2a: Golisopod|Golisopod, L84, M|103\/263 tox\n|-damage|p2a: Golisopod|38\/263 tox|[from] Stealth Rock\n|move|p1a: Palossand|Earth Power|p2a: Golisopod\n|-resisted|p2a: Golisopod\n|-damage|p2a: Golisopod|0 fnt\n|faint|p2a: Golisopod\n|\n|-heal|p1a: Palossand|205\/286 tox|[from] item: Leftovers\n|-damage|p1a: Palossand|154\/286 tox|[from] psn\n|upkeep\n|\n|switch|p2a: Drampa|Drampa, L88, M|263\/281\n|-damage|p2a: Drampa|228\/281|[from] Stealth Rock\n|turn|17\n|\n|switch|p2a: Chansey|Chansey, L80, F|317\/531\n|-damage|p2a: Chansey|251\/531|[from] Stealth Rock\n|move|p1a: Palossand|Toxic|p2a: Chansey\n|-status|p2a: Chansey|tox\n|\n|-heal|p1a: Palossand|171\/286 tox|[from] item: Leftovers\n|-damage|p2a: Chansey|218\/531 tox|[from] psn\n|-damage|p1a: Palossand|103\/286 tox|[from] psn\n|upkeep\n|turn|18\n|\n|move|p2a: Chansey|Soft-Boiled|p2a: Chansey\n|-heal|p2a: Chansey|484\/531 tox\n|move|p1a: Palossand|Earth Power|p2a: Chansey\n|-damage|p2a: Chansey|424\/531 tox\n|\n|-heal|p1a: Palossand|120\/286 tox|[from] item: Leftovers\n|-damage|p2a: Chansey|358\/531 tox|[from] psn\n|-damage|p1a: Palossand|35\/286 tox|[from] psn\n|upkeep\n|turn|19\n|\n|move|p2a: Chansey|Wish|p2a: Chansey\n|move|p1a: Palossand|Earth Power|p2a: Chansey\n|-damage|p2a: Chansey|295\/531 tox\n|-unboost|p2a: Chansey|spd|1\n|\n|-heal|p1a: Palossand|52\/286 tox|[from] item: Leftovers\n|-damage|p2a: Chansey|196\/531 tox|[from] psn\n|-damage|p1a: Palossand|0 fnt|[from] psn\n|faint|p1a: Palossand\n|upkeep\n|\n|switch|p1a: Hippowdon|Hippowdon, L82, F|227\/311\n|-damage|p1a: Hippowdon|176\/311|[from] Spikes\n|-weather|Sandstorm|[from] ability: Sand Stream|[of] p1a: Hippowdon\n|turn|20\n|\n|move|p2a: Chansey|Stealth Rock|p1a: Hippowdon\n|-sidestart|p1: aewgfaertfw|move: Stealth Rock\n|move|p1a: Hippowdon|Earthquake|p2a: Chansey\n|-damage|p2a: Chansey|0 fnt\n|faint|p2a: Chansey\n|\n|-weather|Sandstorm|[upkeep]\n|-heal|p1a: Hippowdon|195\/311|[from] item: Leftovers\n|upkeep\n|\n|switch|p2a: Slowking|Slowking, L86, M|304\/304\n|-damage|p2a: Slowking|266\/304|[from] Stealth Rock\n|turn|21\n|\n|move|p1a: Hippowdon|Toxic|p2a: Slowking\n|-status|p2a: Slowking|tox\n|move|p2a: Slowking|Ice Beam|p1a: Hippowdon\n|-supereffective|p1a: Hippowdon\n|-damage|p1a: Hippowdon|21\/311\n|\n|-weather|Sandstorm|[upkeep]\n|-damage|p2a: Slowking|247\/304 tox|[from] Sandstorm\n|-heal|p1a: Hippowdon|40\/311|[from] item: Leftovers\n|-heal|p2a: Slowking|266\/304 tox|[from] item: Leftovers\n|-damage|p2a: Slowking|247\/304 tox|[from] psn\n|upkeep\n|turn|22\n|\n|move|p1a: Hippowdon|Earthquake|p2a: Slowking\n|-damage|p2a: Slowking|126\/304 tox\n|move|p2a: Slowking|Ice Beam|p1a: Hippowdon\n|-supereffective|p1a: Hippowdon\n|-damage|p1a: Hippowdon|0 fnt\n|faint|p1a: Hippowdon\n|\n|-weather|Sandstorm|[upkeep]\n|-damage|p2a: Slowking|107\/304 tox|[from] Sandstorm\n|-heal|p2a: Slowking|126\/304 tox|[from] item: Leftovers\n|-damage|p2a: Slowking|88\/304 tox|[from] psn\n|upkeep\n|\n|switch|p1a: Vanilluxe|Vanilluxe, L85, F|259\/259\n|-damage|p1a: Vanilluxe|216\/259|[from] Spikes\n|-damage|p1a: Vanilluxe|152\/259|[from] Stealth Rock\n|-weather|Hail|[from] ability: Snow Warning|[of] p1a: Vanilluxe\n|turn|23\n|\n|move|p1a: Vanilluxe|Freeze-Dry|p2a: Slowking\n|-supereffective|p2a: Slowking\n|-damage|p2a: Slowking|0 fnt\n|-damage|p1a: Vanilluxe|127\/259|[from] item: Life Orb\n|faint|p2a: Slowking\n|\n|-weather|Hail|[upkeep]\n|upkeep\n|\n|switch|p2a: Mewtwo|Mewtwo, L78|293\/293\n|-damage|p2a: Mewtwo|257\/293|[from] Stealth Rock\n|-ability|p2a: Mewtwo|Pressure\n|turn|24\n|\n|move|p2a: Mewtwo|Aura Sphere|p1a: Vanilluxe\n|-supereffective|p1a: Vanilluxe\n|-damage|p1a: Vanilluxe|0 fnt\n|faint|p1a: Vanilluxe\n|\n|-weather|Hail|[upkeep]\n|-damage|p2a: Mewtwo|239\/293|[from] Hail\n|-heal|p2a: Mewtwo|257\/293|[from] item: Leftovers\n|upkeep\n|\n|switch|p1a: Pachirisu|Pachirisu, L89, F|237\/252 brn\n|-damage|p1a: Pachirisu|195\/252 brn|[from] Spikes\n|-damage|p1a: Pachirisu|164\/252 brn|[from] Stealth Rock\n|turn|25\n|\n|switch|p2a: Drampa|Drampa, L88, M|228\/281\n|-damage|p2a: Drampa|193\/281|[from] Stealth Rock\n|move|p1a: Pachirisu|Nuzzle|p2a: Drampa\n|-resisted|p2a: Drampa\n|-damage|p2a: Drampa|190\/281\n|-status|p2a: Drampa|par\n|\n|-weather|Hail|[upkeep]\n|-damage|p1a: Pachirisu|149\/252 brn|[from] Hail\n|-damage|p2a: Drampa|173\/281 par|[from] Hail\n|-heal|p2a: Drampa|190\/281 par|[from] item: Leftovers\n|-damage|p1a: Pachirisu|134\/252 brn|[from] brn\n|upkeep\n|turn|26\n|\n|move|p1a: Pachirisu|U-turn|p2a: Drampa\n|-damage|p2a: Drampa|175\/281 par\n|\n|switch|p1a: Venomoth|Venomoth, L83, F|93\/251 par\n|-damage|p1a: Venomoth|31\/251 par|[from] Stealth Rock\n|-damage|p1a: Venomoth|0 fnt|[from] Spikes\n|faint|p1a: Venomoth\n|move|p2a: Drampa|Draco Meteor|p1: Venomoth|[notarget]\n|-fail|p2a: Drampa\n|\n|-weather|Hail|[upkeep]\n|-damage|p2a: Drampa|158\/281 par|[from] Hail\n|-heal|p2a: Drampa|175\/281 par|[from] item: Leftovers\n|upkeep\n|-message|aewgfaertfw forfeited.\n|\n|win|Hajmola\n|l|\u2606aewgfaertfw\n","inputlog":">version d16d375017080cf42f387ecfc74ca4b2c13a11fe\n>start {\"formatid\":\"gen7unratedrandombattle\",\"seed\":[16552,39472,49856,43803]}\n>player p1 {\"name\":\"aewgfaertfw\",\"avatar\":\"266\",\"team\":\"\",\"seed\":[50996,14569,11697,33172]}\n>player p2 {\"name\":\"Hajmola\",\"avatar\":\"143\",\"team\":\"\",\"seed\":[24229,54737,49654,14092]}\n>p1 move thunderbolt\n>p2 switch 3\n>p1 move toxic\n>p2 move willowisp mega\n>p1 move uturn\n>p2 move earthpower\n>p1 switch 6\n>p1 move earthquake\n>p2 switch 3\n>p1 switch 5\n>p2 move toxic\n>p1 move toxic\n>p2 move spikes\n>p1 switch 2\n>p2 move spikes\n>p1 move stealthrock\n>p2 move aquajet\n>p1 switch 3\n>p2 move toxic\n>p2 switch 4\n>p1 move quiverdance\n>p2 move glare\n>p1 move quiverdance\n>p2 move hypervoice\n>p1 move bugbuzz\n>p2 switch 3\n>p2 switch 2\n>p1 move sludgebomb\n>p2 move seismictoss\n>p1 switch 2\n>p2 move seismictoss\n>p1 move toxic\n>p2 move wish\n>p1 move earthpower\n>p2 switch 4\n>p2 switch 3\n>p1 move toxic\n>p2 switch 4\n>p1 move earthpower\n>p2 move softboiled\n>p1 move earthpower\n>p2 move wish\n>p1 switch 3\n>p1 move earthquake\n>p2 move stealthrock\n>p2 switch 6\n>p1 move toxic\n>p2 move icebeam\n>p1 move earthquake\n>p2 move icebeam\n>p1 switch 4\n>p1 move freezedry\n>p2 move psyshock\n>p2 switch 5\n>p1 move autotomize\n>p2 move aurasphere\n>p1 switch 6\n>p1 move nuzzle\n>p2 switch 4\n>p1 move uturn\n>p2 move dracometeor\n>p1 switch 2","uploadtime":1561787650,"views":2,"p1id":"aewgfaertfw","p2id":"hajmola","formatid":"gen7unratedrandombattle","rating":0,"private":0,"password":null}