{"id":"gen7anythinggoes-1660316880","p1":"Meracx","p2":"gataku dl","format":"gen7anythinggoes","log":"|j|\u2606Meracx\n|j|\u2606gataku dl\n|t:|1662757016\n|gametype|singles\n|player|p1|Meracx|thorton|\n|player|p2|gataku dl|1|\n|teamsize|p1|6\n|teamsize|p2|6\n|gen|7\n|tier|[Gen 7] Anything Goes\n|rule|HP Percentage Mod: HP is shown in percentages\n|rule|Endless Battle Clause: Forcing endless battles is banned\n|clearpoke\n|poke|p1|Golisopod, F|item\n|poke|p1|Chesnaught, M|item\n|poke|p1|Gengar, M|item\n|poke|p1|Porygon2|item\n|poke|p1|Diancie|item\n|poke|p1|Dragonite, M|item\n|poke|p2|Blacephalon|item\n|poke|p2|Sharpedo, M|item\n|poke|p2|Crobat, F|item\n|poke|p2|Klefki, M|item\n|poke|p2|Donphan, F|item\n|poke|p2|Galvantula, M|item\n|teampreview\n|c|\u2606Meracx|hf\n|c|\u2606gataku dl|Hf\n|c|\u2606gataku dl|Tu peux faire les posts?\n|c|\u2606Meracx|C'est fait !\n|j| Endives au jambon\n|\n|t:|1662757112\n|start\n|switch|p1a: Dhalia|Diancie|100\/100\n|switch|p2a: Donphan|Donphan, F|100\/100\n|turn|1\n|\n|t:|1662757119\n|detailschange|p1a: Dhalia|Diancie-Mega\n|-mega|p1a: Dhalia|Diancie|Diancite\n|move|p1a: Dhalia|Magnet Rise|p1a: Dhalia\n|-start|p1a: Dhalia|Magnet Rise\n|move|p2a: Donphan|Stealth Rock|p1a: Dhalia\n|move|p1a: Dhalia|Stealth Rock|p2a: Donphan|[from]ability: Magic Bounce\n|-sidestart|p2: gataku dl|move: Stealth Rock\n|\n|upkeep\n|turn|2\n|\n|t:|1662757130\n|move|p1a: Dhalia|Moonblast|p2a: Donphan\n|-damage|p2a: Donphan|25\/100\n|move|p2a: Donphan|Seed Bomb|p1a: Dhalia\n|-supereffective|p1a: Dhalia\n|-damage|p1a: Dhalia|13\/100\n|\n|-heal|p2a: Donphan|31\/100|[from] item: Leftovers\n|upkeep\n|turn|3\n|c| Endives au jambon|LE GENIE\n|c| Endives au jambon|IL AVAIT TOUT PR\u00c9VU\n|\n|t:|1662757169\n|move|p1a: Dhalia|Moonblast|p2a: Donphan\n|-damage|p2a: Donphan|0 fnt\n|faint|p2a: Donphan\n|\n|upkeep\n|\n|t:|1662757217\n|switch|p2a: Sharpedo|Sharpedo, M|100\/100\n|-damage|p2a: Sharpedo|88\/100|[from] Stealth Rock\n|turn|4\n|\n|t:|1662757224\n|switch|p1a: Coelacanthe|Golisopod, F|100\/100\n|move|p2a: Sharpedo|Protect||[still]\n|-fail|p2a: Sharpedo\n|\n|-ability|p2a: Sharpedo|Speed Boost|boost\n|-boost|p2a: Sharpedo|spe|1\n|upkeep\n|turn|5\n|\n|t:|1662757240\n|switch|p2a: Klefki|Klefki, M|100\/100\n|-damage|p2a: Klefki|95\/100|[from] Stealth Rock\n|move|p1a: Coelacanthe|Leech Life|p2a: Klefki\n|-resisted|p2a: Klefki\n|-damage|p2a: Klefki|81\/100\n|\n|-heal|p2a: Klefki|87\/100|[from] item: Leftovers\n|upkeep\n|turn|6\n|\n|t:|1662757253\n|switch|p1a: Dhalia|Diancie-Mega|13\/100\n|move|p2a: Klefki|Reflect|p2a: Klefki\n|-sidestart|p2: gataku dl|Reflect\n|\n|-heal|p2a: Klefki|93\/100|[from] item: Leftovers\n|upkeep\n|turn|7\n|\n|t:|1662757262\n|switch|p1a: Coelacanthe|Golisopod, F|100\/100\n|move|p2a: Klefki|Light Screen|p2a: Klefki\n|-sidestart|p2: gataku dl|move: Light Screen\n|\n|-heal|p2a: Klefki|99\/100|[from] item: Leftovers\n|upkeep\n|turn|8\n|\n|t:|1662757271\n|move|p2a: Klefki|Spikes|p1a: Coelacanthe\n|-sidestart|p1: Meracx|Spikes\n|move|p1a: Coelacanthe|Liquidation|p2a: Klefki\n|-damage|p2a: Klefki|68\/100\n|-unboost|p2a: Klefki|def|1\n|\n|-heal|p2a: Klefki|74\/100|[from] item: Leftovers\n|upkeep\n|turn|9\n|\n|t:|1662757281\n|move|p2a: Klefki|Dazzling Gleam|p1a: Coelacanthe\n|-damage|p1a: Coelacanthe|76\/100\n|move|p1a: Coelacanthe|Liquidation|p2a: Klefki\n|-damage|p2a: Klefki|28\/100\n|-unboost|p2a: Klefki|def|1\n|\n|-heal|p2a: Klefki|34\/100|[from] item: Leftovers\n|upkeep\n|turn|10\n|\n|t:|1662757296\n|switch|p1a: Dhalia|Diancie-Mega|13\/100\n|-damage|p1a: Dhalia|1\/100|[from] Spikes\n|move|p2a: Klefki|Spikes|p1a: Dhalia\n|move|p1a: Dhalia|Spikes|p2a: Klefki|[from]ability: Magic Bounce\n|-sidestart|p2: gataku dl|Spikes\n|\n|-heal|p2a: Klefki|39\/100|[from] item: Leftovers\n|-sideend|p2: gataku dl|Reflect\n|upkeep\n|turn|11\n|\n|t:|1662757311\n|move|p1a: Dhalia|Diamond Storm|p2a: Klefki\n|-resisted|p2a: Klefki\n|-damage|p2a: Klefki|0 fnt\n|faint|p2a: Klefki\n|\n|-sideend|p2: gataku dl|move: Light Screen\n|upkeep\n|\n|t:|1662757318\n|switch|p2a: Sharpedo|Sharpedo, M|88\/100\n|-damage|p2a: Sharpedo|76\/100|[from] Stealth Rock\n|-damage|p2a: Sharpedo|63\/100|[from] Spikes\n|turn|12\n|\n|t:|1662757325\n|move|p2a: Sharpedo|Protect|p2a: Sharpedo\n|-singleturn|p2a: Sharpedo|Protect\n|move|p1a: Dhalia|Moonblast|p2a: Sharpedo\n|-activate|p2a: Sharpedo|move: Protect\n|\n|-ability|p2a: Sharpedo|Speed Boost|boost\n|-boost|p2a: Sharpedo|spe|1\n|upkeep\n|turn|13\n|\n|t:|1662757355\n|switch|p1a: Majora|Chesnaught, M|100\/100\n|-damage|p1a: Majora|88\/100|[from] Spikes\n|detailschange|p2a: Sharpedo|Sharpedo-Mega, M\n|-mega|p2a: Sharpedo|Sharpedo|Sharpedonite\n|move|p2a: Sharpedo|Crunch|p1a: Majora\n|-resisted|p1a: Majora\n|-damage|p1a: Majora|69\/100\n|-unboost|p1a: Majora|def|1\n|-damage|p2a: Sharpedo|47\/100|[from] item: Rocky Helmet|[of] p1a: Majora\n|\n|upkeep\n|turn|14\n|\n|t:|1662757368\n|move|p2a: Sharpedo|Psychic Fangs|p1a: Majora\n|-supereffective|p1a: Majora\n|-damage|p1a: Majora|0 fnt\n|-damage|p2a: Sharpedo|30\/100|[from] item: Rocky Helmet|[of] p1a: Majora\n|faint|p1a: Majora\n|\n|upkeep\n|\n|t:|1662757377\n|switch|p1a: Quince|Gengar, M|100\/100\n|-damage|p1a: Quince|88\/100|[from] Spikes\n|turn|15\n|l|\u2606gataku dl\n|player|p2|\n|j|\u2606gataku dl\n|player|p2|gataku dl|1\n|\n|t:|1662757409\n|move|p1a: Quince|Thunderbolt|p2a: Sharpedo\n|-supereffective|p2a: Sharpedo\n|-damage|p2a: Sharpedo|0 fnt\n|faint|p2a: Sharpedo\n|\n|upkeep\n|\n|t:|1662757428\n|switch|p2a: Blacephalon|Blacephalon|100\/100\n|-damage|p2a: Blacephalon|76\/100|[from] Stealth Rock\n|-damage|p2a: Blacephalon|64\/100|[from] Spikes\n|turn|16\n|\n|t:|1662757435\n|switch|p1a: Dhalia|Diancie-Mega|1\/100\n|-damage|p1a: Dhalia|0 fnt|[from] Spikes\n|faint|p1a: Dhalia\n|move|p2a: Blacephalon|Shadow Ball|p1: Dhalia|[notarget]\n|-fail|p2a: Blacephalon\n|\n|upkeep\n|\n|t:|1662757442\n|switch|p1a: Quince|Gengar, M|88\/100\n|-damage|p1a: Quince|76\/100|[from] Spikes\n|turn|17\n|\n|t:|1662757445\n|switch|p2a: Crobat|Crobat, F|100\/100\n|-damage|p2a: Crobat|76\/100|[from] Stealth Rock\n|move|p1a: Quince|Shadow Ball|p2a: Crobat\n|-crit|p2a: Crobat\n|-damage|p2a: Crobat|9\/100\n|\n|-heal|p2a: Crobat|16\/100|[from] item: Black Sludge\n|upkeep\n|turn|18\n|\n|t:|1662757458\n|move|p1a: Quince|Shadow Ball|p2a: Crobat\n|-damage|p2a: Crobat|0 fnt\n|faint|p2a: Crobat\n|\n|upkeep\n|\n|t:|1662757460\n|switch|p2a: Galvantula|Galvantula, M|100\/100\n|-damage|p2a: Galvantula|76\/100|[from] Stealth Rock\n|-damage|p2a: Galvantula|63\/100|[from] Spikes\n|turn|19\n|\n|t:|1662757471\n|switch|p1a: Coelacanthe|Golisopod, F|76\/100\n|-damage|p1a: Coelacanthe|64\/100|[from] Spikes\n|move|p2a: Galvantula|Thunder|p1a: Coelacanthe\n|-supereffective|p1a: Coelacanthe\n|-damage|p1a: Coelacanthe|0 fnt\n|faint|p1a: Coelacanthe\n|\n|upkeep\n|\n|t:|1662757485\n|switch|p1a: Goodwin|Dragonite, M|100\/100\n|turn|20\n|\n|t:|1662757491\n|move|p2a: Galvantula|Thunder|p1a: Goodwin\n|-damage|p1a: Goodwin|55\/100\n|move|p1a: Goodwin|Dragon Dance|p1a: Goodwin\n|-boost|p1a: Goodwin|atk|1\n|-boost|p1a: Goodwin|spe|1\n|\n|upkeep\n|turn|21\n|\n|t:|1662757499\n|-zpower|p1a: Goodwin\n|move|p1a: Goodwin|Supersonic Skystrike|p2a: Galvantula|[zeffect]\n|-damage|p2a: Galvantula|0 fnt\n|faint|p2a: Galvantula\n|\n|upkeep\n|\n|t:|1662757501\n|switch|p2a: Blacephalon|Blacephalon|64\/100\n|-damage|p2a: Blacephalon|39\/100|[from] Stealth Rock\n|-damage|p2a: Blacephalon|27\/100|[from] Spikes\n|turn|22\n|\n|t:|1662757507\n|move|p1a: Goodwin|Earthquake|p2a: Blacephalon\n|-supereffective|p2a: Blacephalon\n|-damage|p2a: Blacephalon|0 fnt\n|faint|p2a: Blacephalon\n|\n|win|Meracx\n|c|\u2606Meracx|gg\n","uploadtime":1662757516,"views":16,"p1id":"meracx","p2id":"gatakudl","formatid":"gen7anythinggoes","rating":0,"private":0,"password":null}