{"id":"gen7ou-544560521","p1":"hauntersnightmare","p2":"Hoshizora.test","format":"gen7ou","log":"|j|hauntersnightmare\n|j|Hoshizora.test\n|player|p1|hauntersnightmare|153\n|player|p2|Hoshizora.test|1\n|gametype|singles\n|gen|7\n|tier|[Gen 7] OU\n|rated\n|seed|55402,54084,59203,59759\n|clearpoke\n|poke|p1|Mawile, M, shiny|item\n|poke|p1|Marowak-Alola, F, shiny|item\n|poke|p1|Greninja, M, shiny|item\n|poke|p1|Magearna|item\n|poke|p1|Rotom-Wash|item\n|poke|p1|Tapu Koko|item\n|poke|p2|Mawile, F, shiny|item\n|poke|p2|Rotom-Wash|item\n|poke|p2|Heatran, M|item\n|poke|p2|Tornadus-Therian, M|item\n|poke|p2|Greninja, M|item\n|poke|p2|Garchomp, M|item\n|rule|Baton Pass Clause: Limit one Baton Passer, can't pass Spe and other stats simultaneously\n|rule|Sleep Clause Mod: Limit one foe put to sleep\n|rule|Species Clause: Limit one of each Pok\u00e9mon\n|rule|OHKO Clause: OHKO moves are banned\n|rule|Moody Clause: Moody is banned\n|rule|Evasion Moves Clause: Evasion moves are banned\n|rule|Endless Battle Clause: Forcing endless battles is banned\n|rule|HP Percentage Mod: HP is shown in percentages\n|teampreview\n|choice|team 5, team 2, team 3, team 4, team 1, team 6|team 6, team 2, team 3, team 4, team 5, team 1\n|\n|start\n|switch|p1a: Rotom|Rotom-Wash|304\/304\n|switch|p2a: Garchomp|Garchomp, M|357\/357\n|turn|1\n|choice|move hydropump|switch 2\n|\n|switch|p2a: Rotom|Rotom-Wash|303\/303\n|move|p1a: Rotom|Hydro Pump|p2a: Rotom\n|-resisted|p2a: Rotom\n|-damage|p2a: Rotom|240\/303\n|\n|-heal|p2a: Rotom|258\/303|[from] item: Leftovers\n|upkeep\n|turn|2\n|choice|move willowisp|move hydropump\n|\n|move|p1a: Rotom|Will-O-Wisp|p2a: Rotom\n|-status|p2a: Rotom|brn\n|move|p2a: Rotom|Hydro Pump|p1a: Rotom\n|-resisted|p1a: Rotom\n|-damage|p1a: Rotom|238\/304\n|\n|-heal|p1a: Rotom|257\/304|[from] item: Leftovers\n|-heal|p2a: Rotom|276\/303 brn|[from] item: Leftovers\n|-damage|p2a: Rotom|258\/303 brn|[from] brn\n|upkeep\n|turn|3\n|choice|move voltswitch|move voltswitch\n|\n|move|p1a: Rotom|Volt Switch|p2a: Rotom\n|-damage|p2a: Rotom|171\/303 brn\n|choice|switch 4|\n|\n|switch|p1a: Magearna|Magearna|364\/364\n|move|p2a: Rotom|Volt Switch|p1a: Magearna\n|-damage|p1a: Magearna|303\/364\n|choice||switch 3\n|\n|switch|p2a: Heatran|Heatran, M|323\/323\n|\n|-heal|p1a: Magearna|325\/364|[from] item: Leftovers\n|upkeep\n|turn|4\n|choice|switch 2|move magmastorm\n|\n|switch|p1a: Marowak|Marowak-Alola, F, shiny|293\/293\n|move|p2a: Heatran|Magma Storm|p1a: Marowak\n|-resisted|p1a: Marowak\n|-damage|p1a: Marowak|185\/293\n|-activate|p1a: Marowak|move: Magma Storm|[of] p2a: Heatran\n|\n|-damage|p1a: Marowak|149\/293|[from] move: Magma Storm|[partiallytrapped]\n|upkeep\n|turn|5\n|choice|move stealthrock|move earthpower\n|\n|move|p2a: Heatran|Earth Power|p1a: Marowak\n|-supereffective|p1a: Marowak\n|-damage|p1a: Marowak|0 fnt\n|faint|p1a: Marowak\n|\n|upkeep\n|choice|switch 6|\n|\n|switch|p1a: Tapu Koko|Tapu Koko|281\/281\n|-fieldstart|move: Electric Terrain|[from] ability: Electric Surge|[of] p1a: Tapu Koko\n|turn|6\n|choice|move hiddenpower|switch 2\n|\n|switch|p2a: Garchomp|Garchomp, M|357\/357\n|move|p1a: Tapu Koko|Hidden Power|p2a: Garchomp\n|-supereffective|p2a: Garchomp\n|-damage|p2a: Garchomp|89\/357\n|\n|upkeep\n|turn|7\n|choice|move hiddenpower|move earthquake\n|\n|move|p1a: Tapu Koko|Hidden Power|p2a: Garchomp\n|-supereffective|p2a: Garchomp\n|-damage|p2a: Garchomp|0 fnt\n|faint|p2a: Garchomp\n|\n|upkeep\n|choice||switch 2\n|\n|switch|p2a: Heatran|Heatran, M|323\/323\n|turn|8\n|choice|switch 4|move magmastorm\n|\n|switch|p1a: Rotom|Rotom-Wash|257\/304\n|move|p2a: Heatran|Magma Storm|p1a: Rotom\n|-resisted|p1a: Rotom\n|-damage|p1a: Rotom|179\/304\n|-activate|p1a: Rotom|move: Magma Storm|[of] p2a: Heatran\n|\n|-heal|p1a: Rotom|198\/304|[from] item: Leftovers\n|-damage|p1a: Rotom|160\/304|[from] move: Magma Storm|[partiallytrapped]\n|upkeep\n|turn|9\n|choice|move hydropump|move solarbeam zmove\n|\n|-zpower|p2a: Heatran\n|move|p2a: Heatran|Bloom Doom|p1a: Rotom|[zeffect]\n|-supereffective|p1a: Rotom\n|-damage|p1a: Rotom|0 fnt\n|faint|p1a: Rotom\n|\n|upkeep\n|choice|switch 3|\n|\n|switch|p1a: Greninja|Greninja, M, shiny|285\/285\n|turn|10\n|choice|move hydropump|switch 3\n|\n|switch|p2a: Rotom|Rotom-Wash|171\/303 brn\n|move|p1a: Greninja|Hydro Pump|p2a: Rotom\n|-start|p1a: Greninja|typechange|Water|[from] Protean\n|-resisted|p2a: Rotom\n|-damage|p2a: Rotom|71\/303 brn\n|-damage|p1a: Greninja|257\/285|[from] item: Life Orb\n|\n|-heal|p2a: Rotom|89\/303 brn|[from] item: Leftovers\n|-damage|p2a: Rotom|71\/303 brn|[from] brn\n|-fieldend|move: Electric Terrain\n|upkeep\n|turn|11\n|choice|move hydropump|move voltswitch\n|\n|move|p1a: Greninja|Hydro Pump|p2a: Rotom\n|-resisted|p2a: Rotom\n|-damage|p2a: Rotom|0 fnt\n|-damage|p1a: Greninja|229\/285|[from] item: Life Orb\n|faint|p2a: Rotom\n|\n|upkeep\n|choice||switch 4\n|\n|switch|p2a: Tornadus|Tornadus-Therian, M|361\/361\n|turn|12\n|choice|move icebeam|move knockoff\n|\n|move|p1a: Greninja|Ice Beam|p2a: Tornadus\n|-start|p1a: Greninja|typechange|Ice|[from] Protean\n|-supereffective|p2a: Tornadus\n|-damage|p2a: Tornadus|93\/361\n|-status|p2a: Tornadus|frz\n|-damage|p1a: Greninja|201\/285|[from] item: Life Orb\n|cant|p2a: Tornadus|frz\n|\n|upkeep\n|turn|13\n|choice|move spikes|move knockoff\n|\n|move|p1a: Greninja|Spikes|p2a: Tornadus\n|-start|p1a: Greninja|typechange|Ground|[from] Protean\n|-sidestart|p2: Hoshizora.test|Spikes\n|cant|p2a: Tornadus|frz\n|\n|upkeep\n|turn|14\n|choice|move hydropump|move heatwave\n|\n|move|p1a: Greninja|Hydro Pump|p2a: Tornadus\n|-start|p1a: Greninja|typechange|Water|[from] Protean\n|-damage|p2a: Tornadus|0 fnt\n|-damage|p1a: Greninja|173\/285|[from] item: Life Orb\n|faint|p2a: Tornadus\n|\n|upkeep\n|choice||switch 6\n|\n|switch|p2a: Mawile|Mawile, F, shiny|285\/285\n|-damage|p2a: Mawile|250\/285|[from] Spikes\n|-ability|p2a: Mawile|Intimidate|boost\n|-unboost|p1a: Greninja|atk|1\n|turn|15\n|choice|move hydropump|move suckerpunch mega\n|\n|detailschange|p2a: Mawile|Mawile-Mega, F, shiny\n|-mega|p2a: Mawile|Mawile|Mawilite\n|move|p2a: Mawile|Sucker Punch|p1a: Greninja\n|-damage|p1a: Greninja|0 fnt\n|faint|p1a: Greninja\n|\n|upkeep\n|choice|switch 5|\n|\n|switch|p1a: Mawile|Mawile, M, shiny|251\/251\n|-ability|p1a: Mawile|Intimidate|boost\n|-unboost|p2a: Mawile|atk|1\n|turn|16\n|choice|move firefang mega|switch 3\n|\n|switch|p2a: Heatran|Heatran, M|323\/323\n|-damage|p2a: Heatran|283\/323|[from] Spikes\n|detailschange|p1a: Mawile|Mawile-Mega, M, shiny\n|-mega|p1a: Mawile|Mawile|Mawilite\n|move|p1a: Mawile|Fire Fang|p2a: Heatran\n|-start|p2a: Heatran|ability: Flash Fire\n|\n|upkeep\n|turn|17\n|choice|move suckerpunch|move magmastorm\n|\n|move|p1a: Mawile|Sucker Punch|p2a: Heatran\n|-damage|p2a: Heatran|136\/323\n|move|p2a: Heatran|Magma Storm|p1a: Mawile|[miss]\n|-miss|p2a: Heatran|p1a: Mawile\n|\n|upkeep\n|turn|18\n|choice|move suckerpunch|move stealthrock\n|\n|move|p1a: Mawile|Sucker Punch|p2a: Heatran|[still]\n|-fail|p1a: Mawile\n|move|p2a: Heatran|Stealth Rock|p1a: Mawile\n|-sidestart|p1: hauntersnightmare|move: Stealth Rock\n|\n|upkeep\n|turn|19\n|choice|move suckerpunch|move magmastorm\n|\n|move|p1a: Mawile|Sucker Punch|p2a: Heatran\n|-damage|p2a: Heatran|0 fnt\n|faint|p2a: Heatran\n|\n|upkeep\n|choice||switch 3\n|\n|switch|p2a: Mawile|Mawile-Mega, F, shiny|250\/285\n|-damage|p2a: Mawile|215\/285|[from] Spikes\n|turn|20\n|choice|move firefang|move firefang\n|\n|move|p1a: Mawile|Fire Fang|p2a: Mawile\n|-supereffective|p2a: Mawile\n|-damage|p2a: Mawile|0 fnt\n|faint|p2a: Mawile\n|\n|upkeep\n|choice||switch 5\n|\n|switch|p2a: Greninja|Greninja, M|285\/285\n|-damage|p2a: Greninja|250\/285|[from] Spikes\n|turn|21\n|choice|move thunderpunch|move hydropump\n|\n|move|p2a: Greninja|Hydro Pump|p1a: Mawile\n|-damage|p1a: Mawile|46\/251\n|move|p1a: Mawile|Thunder Punch|p2a: Greninja\n|-supereffective|p2a: Greninja\n|-damage|p2a: Greninja|0 fnt\n|faint|p2a: Greninja\n|\n|win|hauntersnightmare\n|player|p1\n|player|p2\n|raw|hauntersnightmare's rating: 1406 &rarr; <strong>1431<\/strong><br \/>(+25 for winning)\n|raw|Hoshizora.test's rating: 1494 &rarr; <strong>1469<\/strong><br \/>(-25 for losing)\n|l|hauntersnightmare","inputlog":null,"uploadtime":1489044624,"views":1,"p1id":"hauntersnightmare","p2id":"hoshizoratest","formatid":"gen7ou","rating":1431,"private":0,"password":null}