{"id":"gen7ou-949746566","p1":"JoJo321","p2":"LT62HG Elty","format":"gen7ou","log":"|j|\u2606JoJo321\n|j|\u2606LT62HG Elty\n|player|p1|JoJo321|2|1828\n|player|p2|LT62HG Elty|265|1791\n|teamsize|p1|6\n|teamsize|p2|6\n|gametype|singles\n|gen|7\n|tier|[Gen 7] OU\n|rated|\n|rule|Sleep Clause Mod: Limit one foe put to sleep\n|rule|Species Clause: Limit one of each Pok\u00e9mon\n|rule|OHKO Clause: OHKO moves are banned\n|rule|Moody Clause: Moody is banned\n|rule|Evasion Moves Clause: Evasion moves are banned\n|rule|Endless Battle Clause: Forcing endless battles is banned\n|rule|HP Percentage Mod: HP is shown in percentages\n|clearpoke\n|poke|p1|Celesteela|item\n|poke|p1|Tapu Koko|item\n|poke|p1|Clefable, F|item\n|poke|p1|Tapu Lele|item\n|poke|p1|Hawlucha, F|item\n|poke|p1|Diancie|item\n|poke|p2|Chansey, F|item\n|poke|p2|Skarmory, M|item\n|poke|p2|Lopunny, F|item\n|poke|p2|Reuniclus, M|item\n|poke|p2|Toxapex, F|item\n|poke|p2|Gliscor, M|item\n|teampreview\n|inactive|Battle timer is ON: inactive players will automatically lose when time's up. (requested by LT62HG Elty)\n|j| Xeketio\n|inactive|LT62HG Elty has 120 seconds left.\n|j| LT62HG Hans\n|\n|start\n|switch|p1a: Diancie|Diancie|100\/100\n|switch|p2a: Chansey|Chansey, F|100\/100\n|turn|1\n|\n|detailschange|p1a: Diancie|Diancie-Mega\n|-mega|p1a: Diancie|Diancie|Diancite\n|move|p1a: Diancie|Stealth Rock|p2a: Chansey\n|-sidestart|p2: LT62HG Elty|move: Stealth Rock\n|move|p2a: Chansey|Seismic Toss|p1a: Diancie\n|-damage|p1a: Diancie|67\/100\n|\n|upkeep\n|turn|2\n|\n|move|p1a: Diancie|Moonblast|p2a: Chansey\n|-damage|p2a: Chansey|85\/100\n|-unboost|p2a: Chansey|spa|1\n|move|p2a: Chansey|Seismic Toss|p1a: Diancie\n|-damage|p1a: Diancie|34\/100\n|\n|upkeep\n|turn|3\n|\n|move|p1a: Diancie|Moonblast|p2a: Chansey\n|-damage|p2a: Chansey|71\/100\n|move|p2a: Chansey|Soft-Boiled|p2a: Chansey\n|-heal|p2a: Chansey|100\/100\n|\n|upkeep\n|turn|4\n|\n|move|p1a: Diancie|Moonblast|p2a: Chansey\n|-damage|p2a: Chansey|86\/100\n|move|p2a: Chansey|Seismic Toss|p1a: Diancie\n|-damage|p1a: Diancie|1\/100\n|\n|upkeep\n|turn|5\n|\n|move|p1a: Diancie|Endeavor|p2a: Chansey\n|-damage|p2a: Chansey|1\/100\n|move|p2a: Chansey|Soft-Boiled|p2a: Chansey\n|-heal|p2a: Chansey|51\/100\n|\n|upkeep\n|turn|6\n|\n|move|p1a: Diancie|Endeavor|p2a: Chansey\n|-damage|p2a: Chansey|1\/100\n|move|p2a: Chansey|Soft-Boiled|p2a: Chansey\n|-heal|p2a: Chansey|51\/100\n|\n|upkeep\n|turn|7\n|j| tears in heart\u300f\n|\n|switch|p1a: Tapu Lele|Tapu Lele|100\/100\n|-fieldstart|move: Psychic Terrain|[from] ability: Psychic Surge|[of] p1a: Tapu Lele\n|move|p2a: Chansey|Soft-Boiled|p2a: Chansey\n|-heal|p2a: Chansey|100\/100\n|\n|upkeep\n|turn|8\n|\n|move|p1a: Tapu Lele|Psyshock|p2a: Chansey\n|-damage|p2a: Chansey|39\/100\n|move|p2a: Chansey|Stealth Rock|p1a: Tapu Lele\n|-sidestart|p1: JoJo321|move: Stealth Rock\n|\n|upkeep\n|turn|9\n|l| tears in heart\u300f\n|\n|switch|p1a: Tapu Koko|Tapu Koko|100\/100\n|-damage|p1a: Tapu Koko|88\/100|[from] Stealth Rock\n|-fieldstart|move: Electric Terrain|[from] ability: Electric Surge|[of] p1a: Tapu Koko\n|switch|p2a: Skarmory|Skarmory, M|100\/100\n|-damage|p2a: Skarmory|88\/100|[from] Stealth Rock\n|\n|upkeep\n|turn|10\n|j| olt snipper\n|\n|switch|p2a: Chansey|Chansey, F|39\/100\n|-damage|p2a: Chansey|26\/100|[from] Stealth Rock\n|move|p1a: Tapu Koko|U-turn|p2a: Chansey\n|-damage|p2a: Chansey|16\/100\n|\n|switch|p1a: Tapu Lele|Tapu Lele|100\/100|[from]move: U-turn\n|-damage|p1a: Tapu Lele|88\/100|[from] Stealth Rock\n|-fieldstart|move: Psychic Terrain|[from] ability: Psychic Surge|[of] p1a: Tapu Lele\n|\n|upkeep\n|turn|11\n|\n|move|p1a: Tapu Lele|Moonblast|p2a: Chansey\n|-damage|p2a: Chansey|0 fnt\n|faint|p2a: Chansey\n|\n|upkeep\n|\n|switch|p2a: Toxapex|Toxapex, F|100\/100\n|-damage|p2a: Toxapex|88\/100|[from] Stealth Rock\n|turn|12\n|\n|switch|p1a: Tapu Koko|Tapu Koko|88\/100\n|-damage|p1a: Tapu Koko|76\/100|[from] Stealth Rock\n|-fieldstart|move: Electric Terrain|[from] ability: Electric Surge|[of] p1a: Tapu Koko\n|move|p2a: Toxapex|Toxic Spikes|p1a: Tapu Koko\n|-sidestart|p1: JoJo321|move: Toxic Spikes\n|\n|-heal|p2a: Toxapex|94\/100|[from] item: Black Sludge\n|upkeep\n|turn|13\n|\n|switch|p2a: Gliscor|Gliscor, M|100\/100\n|-damage|p2a: Gliscor|88\/100|[from] Stealth Rock\n|move|p1a: Tapu Koko|Volt Switch|p2a: Gliscor\n|-immune|p2a: Gliscor\n|\n|-status|p2a: Gliscor|tox|[from] item: Toxic Orb\n|upkeep\n|turn|14\n|j| Sing Dance Rap\u7bee\u7403\n|\n|switch|p1a: Diancie|Diancie-Mega|1\/100\n|-damage|p1a: Diancie|0 fnt|[from] Stealth Rock\n|faint|p1a: Diancie\n|move|p2a: Gliscor|Earthquake|p1: Diancie|[notarget]\n|-fail|p2a: Gliscor\n|\n|-heal|p2a: Gliscor|100\/100 tox|[from] ability: Poison Heal\n|upkeep\n|\n|switch|p1a: Hawlucha|Hawlucha, F|100\/100\n|-damage|p1a: Hawlucha|88\/100|[from] Stealth Rock\n|-enditem|p1a: Hawlucha|Electric Seed\n|-boost|p1a: Hawlucha|def|1\n|turn|15\n|\n|switch|p2a: Skarmory|Skarmory, M|88\/100\n|-damage|p2a: Skarmory|76\/100|[from] Stealth Rock\n|move|p1a: Hawlucha|Substitute|p1a: Hawlucha\n|-start|p1a: Hawlucha|Substitute\n|-damage|p1a: Hawlucha|63\/100\n|\n|upkeep\n|turn|16\n|\n|move|p1a: Hawlucha|Swords Dance|p1a: Hawlucha\n|-boost|p1a: Hawlucha|atk|2\n|move|p2a: Skarmory|Whirlwind|p1a: Hawlucha\n|drag|p1a: Tapu Koko|Tapu Koko|76\/100\n|-damage|p1a: Tapu Koko|63\/100|[from] Stealth Rock\n|-status|p1a: Tapu Koko|psn\n|\n|-damage|p1a: Tapu Koko|51\/100 psn|[from] psn\n|-fieldend|move: Electric Terrain\n|upkeep\n|turn|17\n|\n|move|p1a: Tapu Koko|Dazzling Gleam|p2a: Skarmory\n|-resisted|p2a: Skarmory\n|-damage|p2a: Skarmory|43\/100\n|move|p2a: Skarmory|Roost|p2a: Skarmory\n|-heal|p2a: Skarmory|93\/100\n|-singleturn|p2a: Skarmory|move: Roost\n|\n|-damage|p1a: Tapu Koko|38\/100 psn|[from] psn\n|upkeep\n|turn|18\n|\n|switch|p1a: Celesteela|Celesteela|100\/100\n|-damage|p1a: Celesteela|88\/100|[from] Stealth Rock\n|move|p2a: Skarmory|Roost|p2a: Skarmory\n|-heal|p2a: Skarmory|100\/100\n|-singleturn|p2a: Skarmory|move: Roost\n|\n|upkeep\n|turn|19\n|\n|move|p1a: Celesteela|Autotomize|p1a: Celesteela\n|-boost|p1a: Celesteela|spe|2\n|-start|p1a: Celesteela|Autotomize\n|move|p2a: Skarmory|Spikes|p1a: Celesteela\n|-sidestart|p1: JoJo321|Spikes\n|\n|upkeep\n|turn|20\n|\n|move|p1a: Celesteela|Heavy Slam|p2a: Skarmory\n|-resisted|p2a: Skarmory\n|-crit|p2a: Skarmory\n|-damage|p2a: Skarmory|76\/100\n|-damage|p1a: Celesteela|72\/100|[from] item: Rocky Helmet|[of] p2a: Skarmory\n|move|p2a: Skarmory|Whirlwind|p1a: Celesteela\n|drag|p1a: Tapu Lele|Tapu Lele|88\/100\n|-status|p1a: Tapu Lele|psn\n|-damage|p1a: Tapu Lele|76\/100 psn|[from] Stealth Rock\n|-damage|p1a: Tapu Lele|63\/100 psn|[from] Spikes\n|-fieldstart|move: Psychic Terrain|[from] ability: Psychic Surge|[of] p1a: Tapu Lele\n|\n|-damage|p1a: Tapu Lele|51\/100 psn|[from] psn\n|upkeep\n|turn|21\n|\n|move|p1a: Tapu Lele|Psychic|p2a: Skarmory\n|-resisted|p2a: Skarmory\n|-damage|p2a: Skarmory|4\/100\n|move|p2a: Skarmory|Roost|p2a: Skarmory\n|-heal|p2a: Skarmory|54\/100\n|-singleturn|p2a: Skarmory|move: Roost\n|\n|-damage|p1a: Tapu Lele|38\/100 psn|[from] psn\n|upkeep\n|turn|22\n|\n|switch|p2a: Reuniclus|Reuniclus, M|100\/100\n|move|p1a: Tapu Lele|Psychic|p2a: Reuniclus\n|-resisted|p2a: Reuniclus\n|-damage|p2a: Reuniclus|48\/100\n|\n|-damage|p1a: Tapu Lele|26\/100 psn|[from] psn\n|upkeep\n|turn|23\n|\n|move|p1a: Tapu Lele|Psychic|p2a: Reuniclus\n|-resisted|p2a: Reuniclus\n|-damage|p2a: Reuniclus|0 fnt\n|faint|p2a: Reuniclus\n|\n|-damage|p1a: Tapu Lele|13\/100 psn|[from] psn\n|upkeep\n|\n|switch|p2a: Lopunny|Lopunny, F|100\/100\n|-damage|p2a: Lopunny|88\/100|[from] Stealth Rock\n|turn|24\n|\n|detailschange|p2a: Lopunny|Lopunny-Mega, F\n|-mega|p2a: Lopunny|Lopunny|Lopunnite\n|move|p2a: Lopunny|Frustration|p1a: Tapu Lele\n|-damage|p1a: Tapu Lele|0 fnt\n|faint|p1a: Tapu Lele\n|\n|-fieldend|move: Psychic Terrain\n|upkeep\n|l| Xeketio\n|\n|switch|p1a: Clefable|Clefable, F|100\/100\n|-status|p1a: Clefable|psn\n|turn|25\n|\n|switch|p2a: Gliscor|Gliscor, M|100\/100 tox\n|-damage|p2a: Gliscor|88\/100 tox|[from] Stealth Rock\n|move|p1a: Clefable|Cosmic Power|p1a: Clefable\n|-boost|p1a: Clefable|def|1\n|-boost|p1a: Clefable|spd|1\n|\n|-heal|p2a: Gliscor|100\/100 tox|[from] ability: Poison Heal\n|upkeep\n|turn|26\n|\n|move|p2a: Gliscor|Swords Dance|p2a: Gliscor\n|-boost|p2a: Gliscor|atk|2\n|move|p1a: Clefable|Charge Beam|p2a: Gliscor\n|-immune|p2a: Gliscor\n|\n|upkeep\n|turn|27\n|j| LT62HG haxrme\n|\n|switch|p1a: Celesteela|Celesteela|72\/100\n|-damage|p1a: Celesteela|60\/100|[from] Stealth Rock\n|move|p2a: Gliscor|Swords Dance|p2a: Gliscor\n|-boost|p2a: Gliscor|atk|2\n|\n|upkeep\n|turn|28\n|\n|move|p2a: Gliscor|Facade|p1a: Celesteela\n|-resisted|p1a: Celesteela\n|-damage|p1a: Celesteela|14\/100\n|move|p1a: Celesteela|Heavy Slam|p2a: Gliscor\n|-damage|p2a: Gliscor|58\/100 tox\n|\n|-heal|p2a: Gliscor|70\/100 tox|[from] ability: Poison Heal\n|upkeep\n|turn|29\n|\n|move|p2a: Gliscor|Facade|p1a: Celesteela\n|-resisted|p1a: Celesteela\n|-damage|p1a: Celesteela|0 fnt\n|faint|p1a: Celesteela\n|\n|-heal|p2a: Gliscor|83\/100 tox|[from] ability: Poison Heal\n|upkeep\n|j| OmegaGo\n|-message|JoJo321 forfeited.\n|\n|win|LT62HG Elty\n|l|\u2606JoJo321\n|raw|JoJo321's rating: 1828 &rarr; <strong>1806<\/strong><br \/>(-22 for losing)\n|raw|LT62HG Elty's rating: 1791 &rarr; <strong>1813<\/strong><br \/>(+22 for winning)\n|l| OmegaGo\n","uploadtime":1563963773,"views":21,"p1id":"jojo321","p2id":"lt62hgelty","formatid":"gen7ou","rating":1806,"private":0,"password":null}