{"id":"gen7randombattle-722999375","p1":"LightNova1","p2":"wolfwarrior","format":"gen7randombattle","log":"|j|\u2606LightNova1\n|j|\u2606wolfwarrior\n|player|p1|LightNova1|163\n|player|p2|wolfwarrior|162\n|teamsize|p1|6\n|teamsize|p2|6\n|gametype|singles\n|gen|7\n|tier|[Gen 7] Random Battle\n|rated|\n|seed|14580,14234,6265,41351\n|rule|Sleep Clause Mod: Limit one foe put to sleep\n|rule|HP Percentage Mod: HP is shown in percentages\n|\n|start\n|switch|p1a: Bibarel|Bibarel, L83, M|267\/267\n|switch|p2a: Mr. Mime|Mr. Mime, L83, F|202\/202\n|turn|1\n|inactive|Battle timer is ON: inactive players will automatically lose when time's up. (requested by wolfwarrior)\n|\n|move|p2a: Mr. Mime|Psychic|p1a: Bibarel\n|-crit|p1a: Bibarel\n|-damage|p1a: Bibarel|87\/267\n|-unboost|p1a: Bibarel|spd|2\n|move|p1a: Bibarel|Swords Dance|p1a: Bibarel\n|-boost|p1a: Bibarel|atk|4\n|\n|upkeep\n|turn|2\n|\n|move|p1a: Bibarel|Aqua Jet|p2a: Mr. Mime\n|-damage|p2a: Mr. Mime|7\/202\n|-damage|p1a: Bibarel|61\/267|[from] item: Life Orb\n|move|p2a: Mr. Mime|Encore|p1a: Bibarel\n|-start|p1a: Bibarel|Encore\n|\n|upkeep\n|turn|3\n|\n|switch|p2a: Kyurem|Kyurem-White, L73|303\/303\n|-ability|p2a: Kyurem|Turboblaze\n|move|p1a: Bibarel|Aqua Jet|p2a: Kyurem\n|-resisted|p2a: Kyurem\n|-damage|p2a: Kyurem|220\/303\n|-damage|p1a: Bibarel|35\/267|[from] item: Life Orb\n|\n|-heal|p2a: Kyurem|238\/303|[from] item: Leftovers\n|upkeep\n|turn|4\n|inactive|wolfwarrior has 135 seconds left.\n|\n|move|p1a: Bibarel|Aqua Jet|p2a: Kyurem\n|-resisted|p2a: Kyurem\n|-damage|p2a: Kyurem|159\/303\n|-damage|p1a: Bibarel|9\/267|[from] item: Life Orb\n|move|p2a: Kyurem|Ice Beam|p1a: Bibarel\n|-resisted|p1a: Bibarel\n|-damage|p1a: Bibarel|0 fnt\n|faint|p1a: Bibarel\n|\n|-heal|p2a: Kyurem|177\/303|[from] item: Leftovers\n|upkeep\n|inactive|LightNova1 has 135 seconds left.\n|inactive|LightNova1 has 120 seconds left.\n|\n|switch|p1a: Ursaring|Ursaring, L83, F|285\/285\n|turn|5\n|inactive|wolfwarrior has 135 seconds left.\n|\n|switch|p2a: Bruxish|Bruxish, L79, M|237\/237\n|move|p1a: Ursaring|Close Combat|p2a: Bruxish\n|-resisted|p2a: Bruxish\n|-damage|p2a: Bruxish|170\/237\n|-unboost|p1a: Ursaring|def|1\n|-unboost|p1a: Ursaring|spd|1\n|\n|-status|p1a: Ursaring|tox|[from] item: Toxic Orb\n|upkeep\n|turn|6\n|inactive|LightNova1 has 135 seconds left.\n|inactive|wolfwarrior has 135 seconds left.\n|\n|switch|p1a: Ninetales|Ninetales-Alola, L76, M|235\/235\n|-weather|Hail|[from] ability: Snow Warning|[of] p1a: Ninetales\n|move|p2a: Bruxish|Liquidation|p1a: Ninetales\n|-damage|p1a: Ninetales|75\/235\n|-unboost|p1a: Ninetales|def|1\n|\n|-weather|Hail|[upkeep]\n|-damage|p2a: Bruxish|156\/237|[from] hail\n|upkeep\n|turn|7\n|inactive|wolfwarrior has 135 seconds left.\n|\n|move|p1a: Ninetales|Freeze-Dry|p2a: Bruxish\n|-supereffective|p2a: Bruxish\n|-damage|p2a: Bruxish|30\/237\n|move|p2a: Bruxish|Liquidation|p1a: Ninetales\n|-damage|p1a: Ninetales|0 fnt\n|faint|p1a: Ninetales\n|\n|-weather|Hail|[upkeep]\n|-damage|p2a: Bruxish|16\/237|[from] hail\n|upkeep\n|inactive|LightNova1 has 135 seconds left.\n|\n|switch|p1a: Metagross|Metagross, L73|237\/237\n|turn|8\n|\n|-mega|p1a: Metagross|Metagross|Metagrossite\n|detailschange|p1a: Metagross|Metagross-Mega, L73\n|move|p1a: Metagross|Agility|p1a: Metagross\n|-boost|p1a: Metagross|spe|2\n|move|p2a: Bruxish|Liquidation|p1a: Metagross\n|-damage|p1a: Metagross|144\/237\n|\n|-weather|Hail|[upkeep]\n|-damage|p1a: Metagross|130\/237|[from] hail\n|-damage|p2a: Bruxish|2\/237|[from] hail\n|upkeep\n|turn|9\n|\n|move|p1a: Metagross|Earthquake|p2a: Bruxish\n|-damage|p2a: Bruxish|0 fnt\n|faint|p2a: Bruxish\n|\n|-weather|Hail|[upkeep]\n|-damage|p1a: Metagross|116\/237|[from] hail\n|upkeep\n|inactive|wolfwarrior has 135 seconds left.\n|\n|switch|p2a: Electivire|Electivire, L83, F|260\/260\n|turn|10\n|\n|move|p1a: Metagross|Earthquake|p2a: Electivire\n|-supereffective|p2a: Electivire\n|-damage|p2a: Electivire|80\/260\n|move|p2a: Electivire|Earthquake|p1a: Metagross\n|-supereffective|p1a: Metagross\n|-damage|p1a: Metagross|0 fnt\n|faint|p1a: Metagross\n|\n|-weather|none\n|upkeep\n|\n|switch|p1a: Mudsdale|Mudsdale, L83, M|302\/302\n|turn|11\n|\n|move|p2a: Electivire|Ice Punch|p1a: Mudsdale\n|-supereffective|p1a: Mudsdale\n|-damage|p1a: Mudsdale|165\/302\n|-ability|p1a: Mudsdale|Stamina|boost\n|-boost|p1a: Mudsdale|def|1\n|move|p1a: Mudsdale|Stealth Rock|p2a: Electivire\n|-sidestart|p2: wolfwarrior|move: Stealth Rock\n|\n|-heal|p1a: Mudsdale|183\/302|[from] item: Leftovers\n|upkeep\n|turn|12\n|\n|move|p2a: Electivire|Ice Punch|p1a: Mudsdale\n|-supereffective|p1a: Mudsdale\n|-damage|p1a: Mudsdale|82\/302\n|-ability|p1a: Mudsdale|Stamina|boost\n|-boost|p1a: Mudsdale|def|1\n|-status|p1a: Mudsdale|frz\n|cant|p1a: Mudsdale|frz\n|\n|-heal|p1a: Mudsdale|100\/302 frz|[from] item: Leftovers\n|upkeep\n|turn|13\n|\n|move|p2a: Electivire|Ice Punch|p1a: Mudsdale\n|-supereffective|p1a: Mudsdale\n|-damage|p1a: Mudsdale|30\/302 frz\n|-ability|p1a: Mudsdale|Stamina|boost\n|-boost|p1a: Mudsdale|def|1\n|cant|p1a: Mudsdale|frz\n|\n|-heal|p1a: Mudsdale|48\/302 frz|[from] item: Leftovers\n|upkeep\n|turn|14\n|\n|move|p2a: Electivire|Ice Punch|p1a: Mudsdale\n|-supereffective|p1a: Mudsdale\n|-damage|p1a: Mudsdale|0 fnt\n|faint|p1a: Mudsdale\n|\n|upkeep\n|\n|switch|p1a: Ursaring|Ursaring, L83, F|285\/285 tox\n|turn|15\n|\n|move|p1a: Ursaring|Facade|p2a: Electivire\n|-damage|p2a: Electivire|0 fnt\n|faint|p2a: Electivire\n|\n|-damage|p1a: Ursaring|268\/285 tox|[from] psn\n|upkeep\n|\n|switch|p2a: Comfey|Comfey, L79, F|210\/210\n|-damage|p2a: Comfey|184\/210|[from] Stealth Rock\n|turn|16\n|\n|move|p1a: Ursaring|Facade|p2a: Comfey\n|-damage|p2a: Comfey|0 fnt\n|faint|p2a: Comfey\n|\n|-damage|p1a: Ursaring|234\/285 tox|[from] psn\n|upkeep\n|inactive|wolfwarrior has 135 seconds left.\n|-message|wolfwarrior forfeited.\n|\n|win|LightNova1\n|l|\u2606wolfwarrior\n|raw|LightNova1's rating: 1726 &rarr; <strong>1745<\/strong><br \/>(+19 for winning)\n|raw|wolfwarrior's rating: 1704 &rarr; <strong>1685<\/strong><br \/>(-19 for losing)\n","inputlog":null,"uploadtime":1521939856,"views":2,"p1id":"lightnova1","p2id":"wolfwarrior","formatid":"gen7randombattle","rating":1685,"private":0,"password":null}