{"id":"gen7ou-626230794","p1":"Q114","p2":"Chivalrous Thief","format":"gen7ou","log":"|j|Q114\n|j|Chivalrous Thief\n|player|p1|Q114|170\n|teamsize|p1|6\n|player|p2|Chivalrous Thief|126\n|teamsize|p2|6\n|gametype|singles\n|gen|7\n|tier|[Gen 7] OU\n|rated\n|seed|36997,3115,59833,43836\n|rule|Sleep Clause Mod: Limit one foe put to sleep\n|rule|Species Clause: Limit one of each Pok\u00e9mon\n|rule|OHKO Clause: OHKO moves are banned\n|rule|Moody Clause: Moody is banned\n|rule|Evasion Moves Clause: Evasion moves are banned\n|rule|Endless Battle Clause: Forcing endless battles is banned\n|rule|HP Percentage Mod: HP is shown in percentages\n|clearpoke\n|poke|p1|Swampert, F|item\n|poke|p1|Tornadus-Therian, M|item\n|poke|p1|Politoed, F|item\n|poke|p1|Smeargle, M|item\n|poke|p1|Manaphy|item\n|poke|p1|Tapu Lele|item\n|poke|p2|Smeargle, M|item\n|poke|p2|Thundurus, M|item\n|poke|p2|Mimikyu, M|item\n|poke|p2|Zoroark, M|item\n|poke|p2|Pinsir, F|item\n|poke|p2|Zygarde|item\n|teampreview\n|choice|team 4, team 2, team 3, team 1, team 5, team 6|team 1, team 4, team 5, team 6, team 3, team 2\n|\n|start\n|switch|p1a: Smeargle|Smeargle, M|220\/220\n|switch|p2a: Smeargle|Smeargle, M|314\/314\n|turn|1\n|inactive|Battle timer is ON: inactive players will automatically lose when time's up. (requested by Chivalrous Thief)\n|choice|move stickyweb|move magiccoat\n|\n|move|p2a: Smeargle|Magic Coat|p2a: Smeargle\n|-singleturn|p2a: Smeargle|move: Magic Coat\n|move|p1a: Smeargle|Sticky Web|p2a: Smeargle\n|move|p2a: Smeargle|Sticky Web|p1a: Smeargle|[from]Magic Coat\n|-sidestart|p1: Q114|move: Sticky Web\n|\n|upkeep\n|turn|2\n|choice|move stickyweb|move magiccoat\n|\n|move|p2a: Smeargle|Magic Coat|p2a: Smeargle\n|-singleturn|p2a: Smeargle|move: Magic Coat\n|move|p1a: Smeargle|Sticky Web|p2a: Smeargle\n|move|p2a: Smeargle|Sticky Web|p1a: Smeargle|[from]Magic Coat\n|-fail|p1a: Smeargle\n|\n|upkeep\n|turn|3\n|choice|move stickyweb|move magiccoat\n|\n|move|p2a: Smeargle|Magic Coat|p2a: Smeargle\n|-singleturn|p2a: Smeargle|move: Magic Coat\n|move|p1a: Smeargle|Sticky Web|p2a: Smeargle\n|move|p2a: Smeargle|Sticky Web|p1a: Smeargle|[from]Magic Coat\n|-fail|p1a: Smeargle\n|\n|upkeep\n|turn|4\n|choice|move stickyweb|move magiccoat\n|\n|move|p2a: Smeargle|Magic Coat|p2a: Smeargle\n|-singleturn|p2a: Smeargle|move: Magic Coat\n|move|p1a: Smeargle|Sticky Web|p2a: Smeargle\n|move|p2a: Smeargle|Sticky Web|p1a: Smeargle|[from]Magic Coat\n|-fail|p1a: Smeargle\n|\n|upkeep\n|turn|5\n|choice|move stickyweb|move spore\n|\n|move|p1a: Smeargle|Sticky Web|p2a: Smeargle\n|-sidestart|p2: Chivalrous Thief|move: Sticky Web\n|move|p2a: Smeargle|Spore|p1a: Smeargle\n|-status|p1a: Smeargle|slp\n|\n|upkeep\n|turn|6\n|choice|switch 3|move stealthrock\n|\n|switch|p1a: Politoed|Politoed, F|383\/383\n|-activate|p1a: Politoed|move: Sticky Web\n|-unboost|p1a: Politoed|spe|1\n|-weather|RainDance|[from] ability: Drizzle|[of] p1a: Politoed\n|move|p2a: Smeargle|Stealth Rock|p1a: Politoed\n|-sidestart|p1: Q114|move: Stealth Rock\n|\n|-weather|RainDance|[upkeep]\n|upkeep\n|turn|7\n|choice|move scald|switch 6\n|\n|switch|p2a: Thundurus|Thundurus, M|299\/299\n|move|p1a: Politoed|Scald|p2a: Thundurus\n|-damage|p2a: Thundurus|145\/299\n|\n|-weather|RainDance|[upkeep]\n|upkeep\n|turn|8\n|choice|switch 3|move hiddenpower\n|\n|switch|p1a: Smeargle|Smeargle, M|220\/220 slp\n|-activate|p1a: Smeargle|move: Sticky Web\n|-unboost|p1a: Smeargle|spe|1\n|-damage|p1a: Smeargle|193\/220 slp|[from] Stealth Rock\n|move|p2a: Thundurus|Hidden Power|p1a: Smeargle\n|-damage|p1a: Smeargle|0 fnt\n|-damage|p2a: Thundurus|116\/299|[from] item: Life Orb\n|faint|p1a: Smeargle\n|\n|-weather|RainDance|[upkeep]\n|upkeep\n|choice|switch 4|\n|\n|switch|p1a: Swampert|Swampert, F|341\/341\n|-damage|p1a: Swampert|320\/341|[from] Stealth Rock\n|-activate|p1a: Swampert|move: Sticky Web\n|-unboost|p1a: Swampert|spe|1\n|turn|9\n|choice|move waterfall mega|switch 6\n|\n|switch|p2a: Smeargle|Smeargle, M|314\/314\n|-activate|p2a: Smeargle|move: Sticky Web\n|-unboost|p2a: Smeargle|spe|1\n|detailschange|p1a: Swampert|Swampert-Mega, F\n|-mega|p1a: Swampert|Swampert|Swampertite\n|move|p1a: Swampert|Waterfall|p2a: Smeargle\n|-enditem|p2a: Smeargle|Focus Sash\n|-damage|p2a: Smeargle|1\/314\n|\n|-weather|RainDance|[upkeep]\n|upkeep\n|turn|10\n|choice|move poweruppunch|move spore\n|\n|move|p1a: Swampert|Power-Up Punch|p2a: Smeargle\n|-supereffective|p2a: Smeargle\n|-damage|p2a: Smeargle|0 fnt\n|-boost|p1a: Swampert|atk|1\n|faint|p2a: Smeargle\n|\n|-weather|RainDance|[upkeep]\n|upkeep\n|choice||switch 5\n|\n|switch|p2a: Mimikyu|Mimikyu, M|251\/251\n|-activate|p2a: Mimikyu|move: Sticky Web\n|-unboost|p2a: Mimikyu|spe|1\n|turn|11\n|choice|move waterfall|move shadowclaw zmove\n|\n|move|p1a: Swampert|Waterfall|p2a: Mimikyu\n|-activate|p2a: Mimikyu|ability: Disguise\n|-damage|p2a: Mimikyu|251\/251\n|detailschange|p2a: Mimikyu|Mimikyu-Busted, M\n|-zpower|p2a: Mimikyu\n|move|p2a: Mimikyu|Never-Ending Nightmare|p1a: Swampert|[zeffect]\n|-damage|p1a: Swampert|122\/341\n|\n|-weather|RainDance|[upkeep]\n|upkeep\n|turn|12\n|choice|move waterfall|move shadowsneak\n|\n|move|p2a: Mimikyu|Shadow Sneak|p1a: Swampert\n|-damage|p1a: Swampert|67\/341\n|move|p1a: Swampert|Waterfall|p2a: Mimikyu\n|-damage|p2a: Mimikyu|0 fnt\n|faint|p2a: Mimikyu\n|\n|-weather|RainDance|[upkeep]\n|upkeep\n|choice||switch 3\n|\n|switch|p2a: Pinsir|Pinsir, F|271\/271\n|-activate|p2a: Pinsir|move: Sticky Web\n|-unboost|p2a: Pinsir|spe|1\n|turn|13\n|choice|switch 6|move quickattack mega\n|\n|switch|p1a: Tapu Lele|Tapu Lele|281\/281\n|-activate|p1a: Tapu Lele|move: Sticky Web\n|-unboost|p1a: Tapu Lele|spe|1\n|-damage|p1a: Tapu Lele|246\/281|[from] Stealth Rock\n|-fieldstart|move: Psychic Terrain|[from] ability: Psychic Surge|[of] p1a: Tapu Lele\n|detailschange|p2a: Pinsir|Pinsir-Mega, F\n|-mega|p2a: Pinsir|Pinsir|Pinsirite\n|move|p2a: Pinsir|Quick Attack|p1a: Tapu Lele\n|-activate|p1a: Tapu Lele|move: Psychic Terrain\n|\n|-weather|none\n|upkeep\n|turn|14\n|choice|move psychic|switch 2\n|\n|switch|p2a: Thundurus|Thundurus, M|261\/261\n|-activate|p2a: Thundurus|move: Sticky Web\n|-unboost|p2a: Thundurus|spe|1\n|move|p1a: Tapu Lele|Psychic|p2a: Thundurus\n|-immune|p2a: Thundurus|[msg]\n|\n|upkeep\n|turn|15\n|choice|move moonblast|move darkpulse\n|\n|move|p2a: Thundurus|Dark Pulse|p1a: Tapu Lele\n|-damage|p1a: Tapu Lele|104\/281\n|-damage|p2a: Thundurus|235\/261|[from] item: Life Orb\n|move|p1a: Tapu Lele|Moonblast|p2a: Thundurus\n|-supereffective|p2a: Thundurus\n|-damage|p2a: Thundurus|0 fnt\n|replace|p2a: Zoroark|Zoroark, M\n|-end|p2a: Zoroark|Illusion\n|faint|p2a: Zoroark\n|\n|upkeep\n|choice||switch 2\n|\n|switch|p2a: Pinsir|Pinsir-Mega, F|271\/271\n|turn|16\n|choice|move psychic|move return\n|\n|move|p2a: Pinsir|Return|p1a: Tapu Lele\n|-damage|p1a: Tapu Lele|0 fnt\n|faint|p1a: Tapu Lele\n|\n|upkeep\n|choice|switch 3|\n|\n|switch|p1a: Politoed|Politoed, F|383\/383\n|-activate|p1a: Politoed|move: Sticky Web\n|-unboost|p1a: Politoed|spe|1\n|-damage|p1a: Politoed|336\/383|[from] Stealth Rock\n|-weather|RainDance|[from] ability: Drizzle|[of] p1a: Politoed\n|turn|17\n|choice|move scald|move swordsdance\n|\n|move|p2a: Pinsir|Swords Dance|p2a: Pinsir\n|-boost|p2a: Pinsir|atk|2\n|move|p1a: Politoed|Scald|p2a: Pinsir\n|-damage|p2a: Pinsir|127\/271\n|\n|-weather|RainDance|[upkeep]\n|upkeep\n|turn|18\n|choice|move scald|move return\n|\n|move|p2a: Pinsir|Return|p1a: Politoed\n|-damage|p1a: Politoed|0 fnt\n|faint|p1a: Politoed\n|\n|-weather|RainDance|[upkeep]\n|upkeep\n|choice|switch 6|\n|\n|switch|p1a: Swampert|Swampert-Mega, F|67\/341\n|-activate|p1a: Swampert|move: Sticky Web\n|-unboost|p1a: Swampert|spe|1\n|-damage|p1a: Swampert|46\/341|[from] Stealth Rock\n|turn|19\n|inactive|Chivalrous Thief has 120 seconds left.\n|choice|move waterfall|move return\n|\n|move|p2a: Pinsir|Return|p1a: Swampert\n|-damage|p1a: Swampert|0 fnt\n|faint|p1a: Swampert\n|\n|-weather|RainDance|[upkeep]\n|upkeep\n|choice|switch 2|\n|\n|switch|p1a: Tornadus|Tornadus-Therian, M|299\/299\n|-damage|p1a: Tornadus|225\/299|[from] Stealth Rock\n|turn|20\n|choice|move hurricane|move quickattack\n|\n|move|p2a: Pinsir|Quick Attack|p1a: Tornadus\n|-damage|p1a: Tornadus|0 fnt\n|faint|p1a: Tornadus\n|\n|-weather|RainDance|[upkeep]\n|-fieldend|move: Psychic Terrain\n|upkeep\n|inactive|Q114 has 120 seconds left.\n|c|\u2606Chivalrous Thief|gg\n|inactive|Q114 has 90 seconds left.\n|c|\u2606Chivalrous Thief|Hurry up pls\n|inactive|Q114 has 60 seconds left.\n|inactive|Q114 has 40 seconds left.\n|inactive|Q114 has 30 seconds left.\n|inactive|Q114 has 20 seconds left.\n|inactive|Q114 has 10 seconds left.\n|-message|Q114 lost due to inactivity.\n|\n|win|Chivalrous Thief\n|c|\u2606Chivalrous Thief|Lol noob zzz\n|raw|Q114's rating: 1789 &rarr; <strong>1760<\/strong><br \/>(-29 for losing)\n|raw|Chivalrous Thief's rating: 1631 &rarr; <strong>1659<\/strong><br \/>(+28 for winning)\n|c|\u2606Chivalrous Thief|Yum nice points :]","inputlog":null,"uploadtime":1504398182,"views":18,"p1id":"q114","p2id":"chivalrousthief","formatid":"gen7ou","rating":1659,"private":0,"password":null}