{"id":"gen7anythinggoes-1644853238","p1":"Fraises des boas","p2":"Meracx","format":"gen7anythinggoes","log":"|j|\u2606Fraises des boas\n|j|\u2606Meracx\n|t:|1661105049\n|gametype|singles\n|player|p1|Fraises des boas|alder|\n|player|p2|Meracx|thorton|\n|teamsize|p1|6\n|teamsize|p2|6\n|gen|7\n|tier|[Gen 7] Anything Goes\n|rule|HP Percentage Mod: HP is shown in percentages\n|rule|Endless Battle Clause: Forcing endless battles is banned\n|clearpoke\n|poke|p1|Tyranitar, M|item\n|poke|p1|Excadrill, F|item\n|poke|p1|Clefable, M|item\n|poke|p1|Ditto|item\n|poke|p1|Charizard, F|item\n|poke|p1|Passimian, M|item\n|poke|p2|Diancie|item\n|poke|p2|Chesnaught, F|item\n|poke|p2|Delphox, M|item\n|poke|p2|Dragonite, M|item\n|poke|p2|Gengar, M|item\n|poke|p2|Weavile, F|item\n|teampreview\n|c|\u2606Meracx|hf\n|c|\u2606Fraises des boas|hf\n|j| Kai_Kitt\n|j| Endives au jambon\n|j| Sakaweed\n|c| Endives au jambon|go fraises\n|\n|t:|1661105135\n|start\n|switch|p1a: Passimian|Passimian, M|100\/100\n|switch|p2a: Bo\u00eete|Gengar, M|100\/100\n|turn|1\n|\n|t:|1661105147\n|switch|p2a: Boisson|Diancie|100\/100\n|move|p1a: Passimian|U-turn|p2a: Boisson\n|-resisted|p2a: Boisson\n|-damage|p2a: Boisson|88\/100\n|j| Gatubraz\n|\n|t:|1661105165\n|switch|p1a: Tyranitar|Tyranitar, M|100\/100|[from]move: U-turn\n|-weather|Sandstorm|[from] ability: Sand Stream|[of] p1a: Tyranitar\n|\n|-weather|Sandstorm|[upkeep]\n|upkeep\n|turn|2\n|\n|t:|1661105190\n|detailschange|p2a: Boisson|Diancie-Mega\n|-mega|p2a: Boisson|Diancie|Diancite\n|move|p2a: Boisson|Stealth Rock|p1a: Tyranitar\n|-sidestart|p1: Fraises des boas|move: Stealth Rock\n|move|p1a: Tyranitar|Earthquake|p2a: Boisson\n|-supereffective|p2a: Boisson\n|-crit|p2a: Boisson\n|-damage|p2a: Boisson|0 fnt\n|faint|p2a: Boisson\n|\n|-weather|Sandstorm|[upkeep]\n|upkeep\n|\n|t:|1661105201\n|switch|p2a: Boiteux|Chesnaught, F|100\/100\n|turn|3\n|\n|t:|1661105218\n|switch|p1a: Charizard|Charizard, F|100\/100\n|-damage|p1a: Charizard|51\/100|[from] Stealth Rock\n|move|p2a: Boiteux|Iron Head|p1a: Charizard\n|-resisted|p1a: Charizard\n|-damage|p1a: Charizard|36\/100\n|\n|-weather|Sandstorm|[upkeep]\n|-damage|p1a: Charizard|30\/100|[from] Sandstorm\n|-damage|p2a: Boiteux|94\/100|[from] Sandstorm\n|upkeep\n|turn|4\n|j| supersayandraft\n|\n|t:|1661105251\n|switch|p2a: Framboise|Dragonite, M|100\/100\n|detailschange|p1a: Charizard|Charizard-Mega-Y, F\n|-mega|p1a: Charizard|Charizard|Charizardite Y\n|-weather|SunnyDay|[from] ability: Drought|[of] p1a: Charizard\n|move|p1a: Charizard|Fire Blast|p2a: Framboise\n|-resisted|p2a: Framboise\n|-damage|p2a: Framboise|80\/100\n|\n|-weather|SunnyDay|[upkeep]\n|upkeep\n|turn|5\n|\n|t:|1661105259\n|move|p1a: Charizard|Hidden Power|p2a: Framboise\n|-supereffective|p2a: Framboise\n|-enditem|p2a: Framboise|Yache Berry|[eat]\n|-enditem|p2a: Framboise|Yache Berry|[weaken]\n|-damage|p2a: Framboise|42\/100\n|move|p2a: Framboise|Dragon Claw|p1a: Charizard\n|-damage|p1a: Charizard|0 fnt\n|faint|p1a: Charizard\n|\n|-weather|SunnyDay|[upkeep]\n|upkeep\n|\n|t:|1661105267\n|switch|p1a: Ditto|Ditto|100\/100\n|-damage|p1a: Ditto|88\/100|[from] Stealth Rock\n|-transform|p1a: Ditto|p2a: Framboise|[from] ability: Imposter\n|turn|6\n|\n|t:|1661105275\n|switch|p2a: Boiteux|Chesnaught, F|94\/100\n|move|p1a: Ditto|Dragon Claw|p2a: Boiteux\n|-damage|p2a: Boiteux|74\/100\n|\n|-weather|SunnyDay|[upkeep]\n|upkeep\n|turn|7\n|\n|t:|1661105289\n|switch|p1a: Clefable|Clefable, M|100\/100\n|move|p2a: Boiteux|Iron Head|p1a: Clefable\n|-supereffective|p1a: Clefable\n|-damage|p1a: Clefable|68\/100\n|-damage|p2a: Boiteux|58\/100|[from] item: Rocky Helmet|[of] p1a: Clefable\n|\n|-weather|SunnyDay|[upkeep]\n|upkeep\n|turn|8\n|\n|t:|1661105299\n|switch|p2a: Bo\u00eete|Gengar, M|100\/100\n|move|p1a: Clefable|Soft-Boiled|p1a: Clefable\n|-heal|p1a: Clefable|100\/100\n|\n|-weather|none\n|upkeep\n|turn|9\n|\n|t:|1661105325\n|switch|p1a: Tyranitar|Tyranitar, M|100\/100\n|-damage|p1a: Tyranitar|88\/100|[from] Stealth Rock\n|-weather|Sandstorm|[from] ability: Sand Stream|[of] p1a: Tyranitar\n|move|p2a: Bo\u00eete|Sludge Bomb|p1a: Tyranitar\n|-resisted|p1a: Tyranitar\n|-damage|p1a: Tyranitar|78\/100\n|\n|-weather|Sandstorm|[upkeep]\n|-damage|p2a: Bo\u00eete|94\/100|[from] Sandstorm\n|upkeep\n|turn|10\n|\n|t:|1661105335\n|-zpower|p2a: Bo\u00eete\n|move|p2a: Bo\u00eete|All-Out Pummeling|p1a: Tyranitar|[zeffect]\n|-supereffective|p1a: Tyranitar\n|-damage|p1a: Tyranitar|0 fnt\n|faint|p1a: Tyranitar\n|\n|-weather|Sandstorm|[upkeep]\n|-damage|p2a: Bo\u00eete|88\/100|[from] Sandstorm\n|upkeep\n|\n|t:|1661105343\n|switch|p1a: Excadrill|Excadrill, F|100\/100\n|-damage|p1a: Excadrill|97\/100|[from] Stealth Rock\n|turn|11\n|j| myrtille deter\n|j| TheooNS07_DL\n|\n|t:|1661105357\n|switch|p2a: Boiteux|Chesnaught, F|58\/100\n|move|p1a: Excadrill|Swords Dance|p1a: Excadrill\n|-boost|p1a: Excadrill|atk|2\n|\n|-weather|Sandstorm|[upkeep]\n|-damage|p2a: Boiteux|52\/100|[from] Sandstorm\n|upkeep\n|turn|12\n|\n|t:|1661105361\n|move|p1a: Excadrill|Aerial Ace|p2a: Boiteux\n|-supereffective|p2a: Boiteux\n|-enditem|p2a: Boiteux|Coba Berry|[eat]\n|-enditem|p2a: Boiteux|Coba Berry|[weaken]\n|-damage|p2a: Boiteux|0 fnt\n|faint|p2a: Boiteux\n|-damage|p1a: Excadrill|87\/100|[from] item: Life Orb\n|\n|-weather|Sandstorm|[upkeep]\n|upkeep\n|\n|t:|1661105467\n|switch|p2a: Flamboyant|Delphox, M|100\/100\n|turn|13\n|\n|t:|1661105479\n|switch|p2a: Framboise|Dragonite, M|42\/100\n|move|p1a: Excadrill|Rock Slide|p2a: Framboise|[miss]\n|-miss|p1a: Excadrill|p2a: Framboise\n|\n|-weather|Sandstorm|[upkeep]\n|-damage|p2a: Framboise|36\/100|[from] Sandstorm\n|upkeep\n|turn|14\n|\n|t:|1661105506\n|switch|p2a: Bo\u00eete|Gengar, M|88\/100\n|move|p1a: Excadrill|Rock Slide|p2a: Bo\u00eete\n|-damage|p2a: Bo\u00eete|0 fnt\n|faint|p2a: Bo\u00eete\n|-damage|p1a: Excadrill|78\/100|[from] item: Life Orb\n|\n|-weather|Sandstorm|[upkeep]\n|upkeep\n|c| Kai_Kitt|gg\n|\n|t:|1661105528\n|switch|p2a: Framboise|Dragonite, M|36\/100\n|turn|15\n|\n|t:|1661105537\n|move|p1a: Excadrill|Rock Slide|p2a: Framboise\n|-supereffective|p2a: Framboise\n|-damage|p2a: Framboise|0 fnt\n|faint|p2a: Framboise\n|-damage|p1a: Excadrill|68\/100|[from] item: Life Orb\n|\n|-weather|Sandstorm|[upkeep]\n|upkeep\n|\n|t:|1661105539\n|switch|p2a: Aboiement|Weavile, F|100\/100\n|-ability|p2a: Aboiement|Pressure\n|turn|16\n|\n|t:|1661105542\n|move|p2a: Aboiement|Ice Shard|p1a: Excadrill\n|-crit|p1a: Excadrill\n|-damage|p1a: Excadrill|3\/100\n|move|p1a: Excadrill|Earthquake|p2a: Aboiement\n|-damage|p2a: Aboiement|0 fnt\n|faint|p2a: Aboiement\n|-damage|p1a: Excadrill|0 fnt|[from] item: Life Orb\n|faint|p1a: Excadrill\n|\n|-weather|none\n|upkeep\n|\n|t:|1661105567\n|switch|p2a: Flamboyant|Delphox, M|100\/100\n|switch|p1a: Passimian|Passimian, M|100\/100\n|-damage|p1a: Passimian|94\/100|[from] Stealth Rock\n|turn|17\n|\n|t:|1661105573\n|move|p1a: Passimian|Knock Off|p2a: Flamboyant\n|-supereffective|p2a: Flamboyant\n|-damage|p2a: Flamboyant|0 fnt\n|-enditem|p2a: Flamboyant|Leftovers|[from] move: Knock Off|[of] p1a: Passimian\n|faint|p2a: Flamboyant\n|\n|win|Fraises des boas\n|c|\u2606Meracx|gg\n|l| myrtille deter\n|c|\u2606Fraises des boas|gg\n","uploadtime":1661105580,"views":21,"p1id":"fraisesdesboas","p2id":"meracx","formatid":"gen7anythinggoes","rating":0,"private":0,"password":null}