{"id":"gen7ou-796459783","p1":"H4WT \u2605","p2":"Hyesoo","format":"gen7ou","log":"|j|\u2606H4WT \u2605\n|j|\u2606Hyesoo\n|player|p1|H4WT \u2605|165\n|player|p2|Hyesoo|285\n|teamsize|p1|6\n|teamsize|p2|6\n|gametype|singles\n|gen|7\n|tier|[Gen 7] OU\n|rated|\n|rule|Sleep Clause Mod: Limit one foe put to sleep\n|rule|Species Clause: Limit one of each Pok\u00e9mon\n|rule|OHKO Clause: OHKO moves are banned\n|rule|Moody Clause: Moody is banned\n|rule|Evasion Moves Clause: Evasion moves are banned\n|rule|Endless Battle Clause: Forcing endless battles is banned\n|rule|HP Percentage Mod: HP is shown in percentages\n|clearpoke\n|poke|p1|Alakazam, M|item\n|poke|p1|Magnezone|item\n|poke|p1|Zygarde|item\n|poke|p1|Tornadus-Therian, M|item\n|poke|p1|Ferrothorn, M|item\n|poke|p1|Clefable, M|item\n|poke|p2|Tapu Koko|item\n|poke|p2|Landorus-Therian, M|item\n|poke|p2|Zygarde|item\n|poke|p2|Mawile, M|item\n|poke|p2|Serperior, F|item\n|poke|p2|Kyurem-Black|item\n|teampreview\n|inactive|Battle timer is ON: inactive players will automatically lose when time's up. (requested by Hyesoo)\n|\n|start\n|switch|p1a: Ferrothorn|Ferrothorn, M|100\/100\n|switch|p2a: Kyurem|Kyurem-Black|100\/100\n|-ability|p2a: Kyurem|Teravolt\n|turn|1\n|\n|switch|p1a: Magnezone|Magnezone|100\/100\n|move|p2a: Kyurem|Ice Beam|p1a: Magnezone\n|-resisted|p1a: Magnezone\n|-damage|p1a: Magnezone|77\/100\n|\n|upkeep\n|turn|2\n|\n|move|p1a: Magnezone|Flash Cannon|p2a: Kyurem\n|-supereffective|p2a: Kyurem\n|-damage|p2a: Kyurem|4\/100\n|move|p2a: Kyurem|Earth Power|p1a: Magnezone\n|-supereffective|p1a: Magnezone\n|-damage|p1a: Magnezone|0\n|faint|p1a: Magnezone\n|\n|upkeep\n|\n|switch|p1a: Tornadus|Tornadus-Therian, M|100\/100\n|turn|3\n|\n|switch|p2a: Tapu Koko|Tapu Koko|100\/100\n|-fieldstart|move: Electric Terrain|[from] ability: Electric Surge|[of] p2a: Tapu Koko\n|move|p1a: Tornadus|U-turn|p2a: Tapu Koko\n|-resisted|p2a: Tapu Koko\n|-damage|p2a: Tapu Koko|91\/100\n|\n|switch|p1a: Ferrothorn|Ferrothorn, M|100\/100\n|\n|upkeep\n|turn|4\n|\n|move|p2a: Tapu Koko|Taunt|p1a: Ferrothorn\n|-start|p1a: Ferrothorn|move: Taunt\n|cant|p1a: Ferrothorn|move: Taunt|Spikes\n|\n|upkeep\n|turn|5\n|inactive|Hyesoo has 120 seconds left.\n|\n|move|p2a: Tapu Koko|Reflect|p2a: Tapu Koko\n|-sidestart|p2: Hyesoo|Reflect\n|move|p1a: Ferrothorn|Gyro Ball|p2a: Tapu Koko\n|-damage|p2a: Tapu Koko|63\/100\n|\n|upkeep\n|turn|6\n|inactive|H4WT \u2605 has 120 seconds left.\n|\n|switch|p1a: Tornadus|Tornadus-Therian, M|100\/100\n|move|p2a: Tapu Koko|Light Screen|p2a: Tapu Koko\n|-sidestart|p2: Hyesoo|move: Light Screen\n|\n|upkeep\n|turn|7\n|\n|move|p2a: Tapu Koko|Taunt|p1a: Tornadus\n|-start|p1a: Tornadus|move: Taunt\n|cant|p1a: Tornadus|move: Taunt|Defog\n|\n|-fieldend|move: Electric Terrain\n|upkeep\n|turn|8\n|\n|move|p2a: Tapu Koko|U-turn|p1a: Tornadus\n|-resisted|p1a: Tornadus\n|-damage|p1a: Tornadus|89\/100\n|\n|switch|p2a: Zygarde|Zygarde|100\/100\n|-ability|p2a: Zygarde|Aura Break\n|move|p1a: Tornadus|U-turn|p2a: Zygarde\n|-damage|p2a: Zygarde|95\/100\n|\n|switch|p1a: Clefable|Clefable, M|100\/100\n|\n|upkeep\n|turn|9\n|\n|move|p2a: Zygarde|Glare|p1a: Clefable\n|-status|p1a: Clefable|par\n|cant|p1a: Clefable|par\n|\n|upkeep\n|turn|10\n|\n|move|p2a: Zygarde|Dragon Dance|p2a: Zygarde\n|-boost|p2a: Zygarde|atk|1\n|-boost|p2a: Zygarde|spe|1\n|move|p1a: Clefable|Moonblast|p2a: Zygarde\n|-supereffective|p2a: Zygarde\n|-damage|p2a: Zygarde|67\/100\n|\n|upkeep\n|turn|11\n|\n|move|p2a: Zygarde|Dragon Dance|p2a: Zygarde\n|-boost|p2a: Zygarde|atk|1\n|-boost|p2a: Zygarde|spe|1\n|move|p1a: Clefable|Moonblast|p2a: Zygarde\n|-supereffective|p2a: Zygarde\n|-damage|p2a: Zygarde|39\/100\n|-unboost|p2a: Zygarde|spa|1\n|\n|upkeep\n|turn|12\n|\n|move|p2a: Zygarde|Dragon Dance|p2a: Zygarde\n|-boost|p2a: Zygarde|atk|1\n|-boost|p2a: Zygarde|spe|1\n|cant|p1a: Clefable|par\n|\n|-sideend|p2: Hyesoo|Reflect\n|upkeep\n|turn|13\n|\n|move|p2a: Zygarde|Thousand Arrows|p1a: Clefable\n|-damage|p1a: Clefable|23\/100 par\n|move|p1a: Clefable|Soft-Boiled|p1a: Clefable\n|-heal|p1a: Clefable|73\/100 par\n|\n|-heal|p1a: Clefable|79\/100 par|[from] item: Leftovers\n|-sideend|p2: Hyesoo|move: Light Screen\n|upkeep\n|turn|14\n|\n|move|p2a: Zygarde|Substitute|p2a: Zygarde\n|-start|p2a: Zygarde|Substitute\n|-damage|p2a: Zygarde|14\/100\n|-enditem|p2a: Zygarde|Iapapa Berry|[eat]\n|-heal|p2a: Zygarde|64\/100|[from] item: Iapapa Berry\n|move|p1a: Clefable|Moonblast|p2a: Zygarde\n|-supereffective|p2a: Zygarde\n|-end|p2a: Zygarde|Substitute\n|\n|-heal|p1a: Clefable|85\/100 par|[from] item: Leftovers\n|upkeep\n|turn|15\n|\n|move|p2a: Zygarde|Thousand Arrows|p1a: Clefable\n|-damage|p1a: Clefable|7\/100 par\n|move|p1a: Clefable|Moonblast|p2a: Zygarde\n|-supereffective|p2a: Zygarde\n|-damage|p2a: Zygarde|4\/100\n|-unboost|p2a: Zygarde|spa|1\n|\n|-heal|p1a: Clefable|13\/100 par|[from] item: Leftovers\n|upkeep\n|turn|16\n|\n|move|p2a: Zygarde|Thousand Arrows|p1a: Clefable\n|-damage|p1a: Clefable|0 par\n|faint|p1a: Clefable\n|\n|upkeep\n|\n|switch|p1a: Zygarde|Zygarde|100\/100\n|-ability|p1a: Zygarde|Aura Break\n|turn|17\n|\n|switch|p2a: Landorus|Landorus-Therian, M|100\/100\n|-ability|p2a: Landorus|Intimidate|boost\n|-unboost|p1a: Zygarde|atk|1\n|move|p1a: Zygarde|Extreme Speed|p2a: Landorus\n|-damage|p2a: Landorus|81\/100\n|\n|upkeep\n|turn|18\n|\n|switch|p1a: Tornadus|Tornadus-Therian, M|100\/100\n|move|p2a: Landorus|Earthquake|p1a: Tornadus\n|-immune|p1a: Tornadus|[msg]\n|\n|upkeep\n|turn|19\n|\n|-zpower|p1a: Tornadus\n|move|p1a: Tornadus|Supersonic Skystrike|p2a: Landorus|[zeffect]\n|-damage|p2a: Landorus|0\n|faint|p2a: Landorus\n|\n|upkeep\n|\n|switch|p2a: Tapu Koko|Tapu Koko|63\/100\n|-fieldstart|move: Electric Terrain|[from] ability: Electric Surge|[of] p2a: Tapu Koko\n|turn|20\n|\n|move|p2a: Tapu Koko|Reflect|p2a: Tapu Koko\n|-sidestart|p2: Hyesoo|Reflect\n|move|p1a: Tornadus|Defog|p2a: Tapu Koko\n|-unboost|p2a: Tapu Koko|evasion|1\n|-sideend|p2: Hyesoo|Reflect\n|\n|upkeep\n|turn|21\n|\n|move|p2a: Tapu Koko|Reflect|p2a: Tapu Koko\n|-sidestart|p2: Hyesoo|Reflect\n|move|p1a: Tornadus|Defog|p2a: Tapu Koko\n|-unboost|p2a: Tapu Koko|evasion|1\n|-sideend|p2: Hyesoo|Reflect\n|\n|upkeep\n|turn|22\n|\n|switch|p2a: Serperior|Serperior, F|100\/100\n|move|p1a: Tornadus|U-turn|p2a: Serperior\n|-supereffective|p2a: Serperior\n|-damage|p2a: Serperior|62\/100\n|\n|switch|p1a: Ferrothorn|Ferrothorn, M|100\/100\n|\n|-heal|p2a: Serperior|68\/100|[from] item: Leftovers\n|upkeep\n|turn|23\n|inactive|Hyesoo has 120 seconds left.\n|\n|switch|p2a: Kyurem|Kyurem-Black|4\/100\n|-ability|p2a: Kyurem|Teravolt\n|move|p1a: Ferrothorn|Gyro Ball|p2a: Kyurem\n|-supereffective|p2a: Kyurem\n|-damage|p2a: Kyurem|0\n|faint|p2a: Kyurem\n|\n|upkeep\n|\n|switch|p2a: Tapu Koko|Tapu Koko|63\/100\n|turn|24\n|\n|switch|p1a: Alakazam|Alakazam, M|100\/100\n|move|p2a: Tapu Koko|Reflect|p2a: Tapu Koko\n|-sidestart|p2: Hyesoo|Reflect\n|\n|-fieldend|move: Electric Terrain\n|upkeep\n|turn|25\n|\n|detailschange|p1a: Alakazam|Alakazam-Mega, M\n|-mega|p1a: Alakazam|Alakazam|Alakazite\n|-ability|p1a: Alakazam|Electric Surge|[from] ability: Trace|[of] p2a: Tapu Koko\n|-fieldstart|move: Electric Terrain|[from] ability: Electric Surge|[of] p1a: Alakazam\n|move|p1a: Alakazam|Psychic|p2a: Tapu Koko\n|-damage|p2a: Tapu Koko|0\n|faint|p2a: Tapu Koko\n|\n|upkeep\n|\n|switch|p2a: Mawile|Mawile, M|100\/100\n|-ability|p2a: Mawile|Intimidate|boost\n|-unboost|p1a: Alakazam|atk|1\n|turn|26\n|\n|detailschange|p2a: Mawile|Mawile-Mega, M\n|-mega|p2a: Mawile|Mawile|Mawilite\n|move|p2a: Mawile|Sucker Punch|p1a: Alakazam\n|-supereffective|p1a: Alakazam\n|-damage|p1a: Alakazam|0\n|faint|p1a: Alakazam\n|\n|upkeep\n|\n|switch|p1a: Tornadus|Tornadus-Therian, M|100\/100\n|turn|27\n|\n|move|p1a: Tornadus|Defog|p2a: Mawile\n|-unboost|p2a: Mawile|evasion|1\n|-sideend|p2: Hyesoo|Reflect\n|move|p2a: Mawile|Play Rough|p1a: Tornadus|[miss]\n|-miss|p2a: Mawile|p1a: Tornadus\n|\n|upkeep\n|turn|28\n|\n|move|p1a: Tornadus|Hurricane|p2a: Mawile\n|-resisted|p2a: Mawile\n|-damage|p2a: Mawile|64\/100\n|-start|p2a: Mawile|confusion\n|-activate|p2a: Mawile|confusion\n|move|p2a: Mawile|Play Rough|p1a: Tornadus\n|-damage|p1a: Tornadus|0\n|faint|p1a: Tornadus\n|\n|upkeep\n|\n|switch|p1a: Zygarde|Zygarde|100\/100\n|-ability|p1a: Zygarde|Aura Break\n|turn|29\n|\n|switch|p2a: Zygarde|Zygarde|4\/100\n|-ability|p2a: Zygarde|Aura Break\n|move|p1a: Zygarde|Thousand Arrows|p2a: Zygarde\n|-crit|p2a: Zygarde\n|-damage|p2a: Zygarde|0\n|faint|p2a: Zygarde\n|\n|-fieldend|move: Electric Terrain\n|upkeep\n|\n|switch|p2a: Serperior|Serperior, F|68\/100\n|turn|30\n|\n|switch|p1a: Ferrothorn|Ferrothorn, M|100\/100\n|move|p2a: Serperior|Glare|p1a: Ferrothorn\n|-status|p1a: Ferrothorn|par\n|\n|-heal|p2a: Serperior|74\/100|[from] item: Leftovers\n|upkeep\n|turn|31\n|\n|switch|p2a: Mawile|Mawile-Mega, M|64\/100\n|move|p1a: Ferrothorn|Gyro Ball|p2a: Mawile\n|-damage|p2a: Mawile|7\/100\n|\n|upkeep\n|turn|32\n|\n|switch|p1a: Zygarde|Zygarde|100\/100\n|-ability|p1a: Zygarde|Aura Break\n|move|p2a: Mawile|Fire Fang|p1a: Zygarde\n|-resisted|p1a: Zygarde\n|-damage|p1a: Zygarde|84\/100\n|\n|upkeep\n|turn|33\n|\n|move|p2a: Mawile|Sucker Punch|p1a: Zygarde\n|-damage|p1a: Zygarde|44\/100\n|move|p1a: Zygarde|Thousand Arrows|p2a: Mawile\n|-supereffective|p2a: Mawile\n|-damage|p2a: Mawile|0\n|faint|p2a: Mawile\n|\n|upkeep\n|\n|switch|p2a: Serperior|Serperior, F|74\/100\n|turn|34\n|\n|switch|p1a: Ferrothorn|Ferrothorn, M|100\/100 par\n|move|p2a: Serperior|Leaf Storm|p1a: Ferrothorn\n|-resisted|p1a: Ferrothorn\n|-damage|p1a: Ferrothorn|93\/100 par\n|-boost|p2a: Serperior|spa|2\n|\n|-heal|p2a: Serperior|81\/100|[from] item: Leftovers\n|-heal|p1a: Ferrothorn|99\/100 par|[from] item: Leftovers\n|upkeep\n|turn|35\n|\n|move|p2a: Serperior|Substitute|p2a: Serperior\n|-start|p2a: Serperior|Substitute\n|-damage|p2a: Serperior|56\/100\n|move|p1a: Ferrothorn|Gyro Ball|p2a: Serperior\n|-end|p2a: Serperior|Substitute\n|\n|-heal|p2a: Serperior|62\/100|[from] item: Leftovers\n|-heal|p1a: Ferrothorn|100\/100 par|[from] item: Leftovers\n|upkeep\n|turn|36\n|\n|move|p2a: Serperior|Substitute|p2a: Serperior\n|-start|p2a: Serperior|Substitute\n|-damage|p2a: Serperior|37\/100\n|cant|p1a: Ferrothorn|par\n|\n|-heal|p2a: Serperior|43\/100|[from] item: Leftovers\n|upkeep\n|turn|37\n|\n|move|p2a: Serperior|Leaf Storm|p1a: Ferrothorn\n|-resisted|p1a: Ferrothorn\n|-damage|p1a: Ferrothorn|85\/100 par\n|-boost|p2a: Serperior|spa|2\n|move|p1a: Ferrothorn|Power Whip|p2a: Serperior\n|-resisted|p2a: Serperior\n|-activate|p2a: Serperior|move: Substitute|[damage]\n|\n|-heal|p2a: Serperior|49\/100|[from] item: Leftovers\n|-heal|p1a: Ferrothorn|91\/100 par|[from] item: Leftovers\n|upkeep\n|turn|38\n|\n|move|p2a: Serperior|Leaf Storm|p1a: Ferrothorn\n|-resisted|p1a: Ferrothorn\n|-damage|p1a: Ferrothorn|67\/100 par\n|-boost|p2a: Serperior|spa|2\n|cant|p1a: Ferrothorn|par\n|\n|-heal|p2a: Serperior|55\/100|[from] item: Leftovers\n|-heal|p1a: Ferrothorn|73\/100 par|[from] item: Leftovers\n|upkeep\n|turn|39\n|\n|move|p2a: Serperior|Leaf Storm|p1a: Ferrothorn|[miss]\n|-miss|p2a: Serperior|p1a: Ferrothorn\n|cant|p1a: Ferrothorn|par\n|\n|-heal|p2a: Serperior|61\/100|[from] item: Leftovers\n|-heal|p1a: Ferrothorn|79\/100 par|[from] item: Leftovers\n|upkeep\n|turn|40\n|\n|move|p2a: Serperior|Leaf Storm|p1a: Ferrothorn\n|-resisted|p1a: Ferrothorn\n|-damage|p1a: Ferrothorn|47\/100 par\n|move|p1a: Ferrothorn|Power Whip|p2a: Serperior|[miss]\n|-miss|p1a: Ferrothorn|p2a: Serperior\n|\n|-heal|p2a: Serperior|68\/100|[from] item: Leftovers\n|-heal|p1a: Ferrothorn|53\/100 par|[from] item: Leftovers\n|upkeep\n|turn|41\n|\n|move|p2a: Serperior|Leaf Storm|p1a: Ferrothorn\n|-resisted|p1a: Ferrothorn\n|-damage|p1a: Ferrothorn|22\/100 par\n|move|p1a: Ferrothorn|Gyro Ball|p2a: Serperior\n|-end|p2a: Serperior|Substitute\n|\n|-heal|p2a: Serperior|74\/100|[from] item: Leftovers\n|-heal|p1a: Ferrothorn|29\/100 par|[from] item: Leftovers\n|upkeep\n|turn|42\n|\n|switch|p1a: Zygarde|Zygarde|44\/100\n|-ability|p1a: Zygarde|Aura Break\n|move|p2a: Serperior|Leaf Storm|p1a: Zygarde\n|-damage|p1a: Zygarde|0\n|faint|p1a: Zygarde\n|\n|-heal|p2a: Serperior|80\/100|[from] item: Leftovers\n|upkeep\n|\n|switch|p1a: Ferrothorn|Ferrothorn, M|29\/100 par\n|turn|43\n|\n|move|p2a: Serperior|Leaf Storm|p1a: Ferrothorn\n|-resisted|p1a: Ferrothorn\n|-damage|p1a: Ferrothorn|0 par\n|faint|p1a: Ferrothorn\n|\n|win|Hyesoo\n|raw|H4WT \u2605's rating: 1559 &rarr; <strong>1535<\/strong><br \/>(-24 for losing)\n|raw|Hyesoo's rating: 1501 &rarr; <strong>1524<\/strong><br \/>(+23 for winning)\n|l|\u2606H4WT \u2605\n","uploadtime":1535348371,"views":63,"p1id":"h4wt","p2id":"hyesoo","formatid":"gen7ou","rating":1524,"private":0,"password":null}