{"id":"gen7randombattle-1555347212","p1":"firepunch917","p2":"CharizardTourney","format":"gen7randombattle","log":"|j|\u2606firepunch917\n|j|\u2606CharizardTourney\n|t:|1650207206\n|gametype|singles\n|player|p1|firepunch917|102|1564\n|player|p2|CharizardTourney|fisherman-gen4|1747\n|teamsize|p1|6\n|teamsize|p2|6\n|gen|7\n|tier|[Gen 7] Random Battle\n|rated|\n|rule|Sleep Clause Mod: Limit one foe put to sleep\n|rule|HP Percentage Mod: HP is shown in percentages\n|\n|t:|1650207206\n|start\n|switch|p1a: Yveltal|Yveltal, L76|317\/317\n|switch|p2a: Ambipom|Ambipom, L86, F|269\/269\n|-ability|p1a: Yveltal|Dark Aura\n|turn|1\n|\n|t:|1650207217\n|switch|p1a: Garchomp|Garchomp, L80, M|304\/304\n|move|p2a: Ambipom|U-turn|p1a: Garchomp\n|-damage|p1a: Garchomp|231\/304\n|-damage|p2a: Ambipom|236\/269|[from] ability: Rough Skin|[of] p1a: Garchomp\n|\n|t:|1650207225\n|switch|p2a: Jynx|Jynx, L88, F|258\/258\n|\n|upkeep\n|turn|2\n|\n|t:|1650207231\n|switch|p1a: Raichu|Raichu-Alola, L88, F|249\/249\n|move|p2a: Jynx|Substitute|p2a: Jynx\n|-start|p2a: Jynx|Substitute\n|-damage|p2a: Jynx|194\/258\n|\n|-heal|p2a: Jynx|210\/258|[from] item: Leftovers\n|upkeep\n|turn|3\n|\n|t:|1650207239\n|move|p1a: Raichu|Thunderbolt|p2a: Jynx\n|-end|p2a: Jynx|Substitute\n|move|p2a: Jynx|Nasty Plot|p2a: Jynx\n|-boost|p2a: Jynx|spa|2\n|\n|-heal|p2a: Jynx|226\/258|[from] item: Leftovers\n|upkeep\n|turn|4\n|\n|t:|1650207243\n|-zpower|p1a: Raichu\n|move|p1a: Raichu|Stoked Sparksurfer|p2a: Jynx|[zeffect]\n|-damage|p2a: Jynx|51\/258\n|-status|p2a: Jynx|par\n|cant|p2a: Jynx|par\n|\n|-heal|p2a: Jynx|67\/258 par|[from] item: Leftovers\n|upkeep\n|turn|5\n|c|\u2606CharizardTourney|noooo\n|\n|t:|1650207252\n|move|p1a: Raichu|Thunderbolt|p2a: Jynx\n|-damage|p2a: Jynx|0 fnt\n|faint|p2a: Jynx\n|\n|upkeep\n|\n|t:|1650207256\n|switch|p2a: Gastrodon|Gastrodon, L88, M|339\/339\n|turn|6\n|\n|t:|1650207261\n|switch|p1a: Whimsicott|Whimsicott, L86, M|243\/243\n|move|p2a: Gastrodon|Toxic|p1a: Whimsicott\n|-status|p1a: Whimsicott|tox\n|\n|-damage|p1a: Whimsicott|228\/243 tox|[from] psn\n|upkeep\n|turn|7\n|\n|t:|1650207267\n|switch|p2a: Heatran|Heatran, L80, F|277\/277\n|-item|p2a: Heatran|Air Balloon\n|move|p1a: Whimsicott|Toxic|p2a: Heatran\n|-immune|p2a: Heatran\n|\n|-heal|p1a: Whimsicott|243\/243 tox|[from] item: Leftovers\n|-damage|p1a: Whimsicott|213\/243 tox|[from] psn\n|upkeep\n|turn|8\n|\n|t:|1650207273\n|move|p1a: Whimsicott|Moonblast|p2a: Heatran\n|-resisted|p2a: Heatran\n|-damage|p2a: Heatran|258\/277\n|-enditem|p2a: Heatran|Air Balloon\n|move|p2a: Heatran|Stealth Rock|p1a: Whimsicott\n|-sidestart|p1: firepunch917|move: Stealth Rock\n|\n|-heal|p1a: Whimsicott|228\/243 tox|[from] item: Leftovers\n|-damage|p1a: Whimsicott|183\/243 tox|[from] psn\n|upkeep\n|turn|9\n|\n|t:|1650207279\n|move|p1a: Whimsicott|Memento|p2a: Heatran\n|-unboost|p2a: Heatran|atk|2\n|-unboost|p2a: Heatran|spa|2\n|faint|p1a: Whimsicott\n|move|p2a: Heatran|Lava Plume|p1: Whimsicott|[notarget]\n|-fail|p2a: Heatran\n|\n|upkeep\n|\n|t:|1650207284\n|switch|p1a: Dugtrio|Dugtrio, L82, F|192\/192\n|-damage|p1a: Dugtrio|180\/192|[from] Stealth Rock\n|turn|10\n|\n|t:|1650207292\n|move|p1a: Dugtrio|Substitute|p1a: Dugtrio\n|-start|p1a: Dugtrio|Substitute\n|-damage|p1a: Dugtrio|132\/192\n|move|p2a: Heatran|Roar|p1a: Dugtrio\n|drag|p1a: Yveltal|Yveltal, L76|317\/317\n|-damage|p1a: Yveltal|238\/317|[from] Stealth Rock\n|-ability|p1a: Yveltal|Dark Aura\n|\n|-heal|p1a: Yveltal|257\/317|[from] item: Leftovers\n|upkeep\n|turn|11\n|l|\u2606firepunch917\n|player|p1|\n|c|\u2606CharizardTourney|LMAO\n|inactive|Battle timer is ON: inactive players will automatically lose when time's up. (requested by CharizardTourney)\n|inactive|firepunch917 has 30 seconds to reconnect!\n|inactive|firepunch917 has 20 seconds to reconnect!\n|inactive|firepunch917 has 15 seconds to reconnect!\n|inactive|firepunch917 has 10 seconds to reconnect!\n|inactive|firepunch917 has 5 seconds to reconnect!\n|c|\u2606CharizardTourney|Bro has 2 Ground Types and forfeits\n|-message|firepunch917 lost due to inactivity.\n|\n|win|CharizardTourney\n|raw|firepunch917's rating: 1564 &rarr; <strong>1554<\/strong><br \/>(-10 for losing)\n|raw|CharizardTourney's rating: 1747 &rarr; <strong>1757<\/strong><br \/>(+10 for winning)\n","inputlog":">version 0162639e2be10fee1f1935f037788d778e37d0f7\n>start {\"formatid\":\"gen7randombattle\",\"seed\":[23101,26119,37505,22327],\"rated\":\"Rated battle\"}\n>player p1 {\"name\":\"firepunch917\",\"avatar\":\"102\",\"rating\":1564,\"seed\":[48410,55524,4549,35048]}\n>player p2 {\"name\":\"CharizardTourney\",\"avatar\":\"fisherman-gen4\",\"rating\":1747,\"seed\":[12097,31218,36193,39408]}\n>p1 switch 4\n>p2 move uturn\n>p2 switch 3\n>p1 switch 6\n>p2 move substitute\n>p1 move thunderbolt\n>p2 move nastyplot\n>p1 move thunderbolt zmove\n>p2 move psyshock\n>chat \u2606CharizardTourney|noooo\n>p1 move thunderbolt\n>p2 move psyshock\n>p2 switch 4\n>p1 switch 5\n>p2 move toxic\n>p1 move toxic\n>p2 switch 6\n>p1 move moonblast\n>p2 move stealthrock\n>p1 move memento\n>p2 move lavaplume\n>p1 switch 3\n>p1 move substitute\n>p2 move roar\n>chat \u2606CharizardTourney|LMAO\n>chat \u2606CharizardTourney|Bro has 2 Ground Types and forfeits\n>forcelose p1","uploadtime":1650207409,"views":4,"p1id":"firepunch917","p2id":"charizardtourney","formatid":"gen7randombattle","rating":1554,"private":0,"password":null}