{"id":"gen7ou-871159515","p1":"quiescent","p2":"Kaylss","format":"gen7ou","log":"|raw|<div class=\"broadcast-red\"><strong>This battle is invite-only!<\/strong><br \/>Users must be rank + or invited with <code>\/invite<\/code> to join<\/div>\n|j|\u2606quiescent\n|j|\u2606Kaylss\n|player|p1|quiescent|#blunderr\n|player|p2|Kaylss|138\n|teamsize|p1|6\n|teamsize|p2|6\n|gametype|singles\n|gen|7\n|tier|[Gen 7] OU\n|rated|\n|rule|Sleep Clause Mod: Limit one foe put to sleep\n|rule|Species Clause: Limit one of each Pok\u00e9mon\n|rule|OHKO Clause: OHKO moves are banned\n|rule|Moody Clause: Moody is banned\n|rule|Evasion Moves Clause: Evasion moves are banned\n|rule|Endless Battle Clause: Forcing endless battles is banned\n|rule|HP Percentage Mod: HP is shown in percentages\n|clearpoke\n|poke|p1|Diggersby, M|item\n|poke|p1|Chansey, F|item\n|poke|p1|Tornadus-Therian, M|item\n|poke|p1|Rotom-Wash|item\n|poke|p1|Landorus-Therian, M|item\n|poke|p1|Scizor, F|item\n|poke|p2|Medicham, M|item\n|poke|p2|Greninja, F|item\n|poke|p2|Mew|item\n|poke|p2|Garchomp, M|item\n|poke|p2|Kartana|item\n|poke|p2|Magearna|item\n|teampreview\n|inactive|Battle timer is ON: inactive players will automatically lose when time's up. (requested by quiescent)\n|\n|start\n|switch|p1a: Landorus|Landorus-Therian, M|100\/100\n|switch|p2a: Magearna|Magearna|100\/100\n|-ability|p1a: Landorus|Intimidate|boost\n|-unboost|p2a: Magearna|atk|1\n|turn|1\n|\n|move|p1a: Landorus|Earthquake|p2a: Magearna\n|-supereffective|p2a: Magearna\n|-damage|p2a: Magearna|3\/100\n|move|p2a: Magearna|Ice Beam|p1a: Landorus\n|-supereffective|p1a: Landorus\n|-damage|p1a: Landorus|0 fnt\n|faint|p1a: Landorus\n|-ability|p2a: Magearna|Soul-Heart|boost\n|-boost|p2a: Magearna|spa|1\n|\n|upkeep\n|\n|switch|p1a: Chansey|Chansey, F|100\/100\n|turn|2\n|\n|move|p2a: Magearna|Volt Switch|p1a: Chansey\n|-damage|p1a: Chansey|91\/100\n|\n|switch|p2a: Medicham|Medicham, M|100\/100\n|move|p1a: Chansey|Stealth Rock|p2a: Medicham\n|-sidestart|p2: Kaylss|move: Stealth Rock\n|\n|upkeep\n|turn|3\n|\n|switch|p1a: Tornadus|Tornadus-Therian, M|100\/100\n|detailschange|p2a: Medicham|Medicham-Mega, M\n|-mega|p2a: Medicham|Medicham|Medichamite\n|move|p2a: Medicham|Ice Punch|p1a: Tornadus\n|-supereffective|p1a: Tornadus\n|-damage|p1a: Tornadus|0 fnt\n|-damage|p2a: Medicham|84\/100|[from] item: Rocky Helmet|[of] p1a: Tornadus\n|faint|p1a: Tornadus\n|\n|upkeep\n|\n|switch|p1a: Scizor|Scizor, F|100\/100\n|turn|4\n|\n|detailschange|p1a: Scizor|Scizor-Mega, F\n|-mega|p1a: Scizor|Scizor|Scizorite\n|move|p2a: Medicham|High Jump Kick|p1a: Scizor|[miss]\n|-miss|p2a: Medicham|p1a: Scizor\n|-damage|p2a: Medicham|34\/100|[from] High Jump Kick\n|move|p1a: Scizor|Swords Dance|p1a: Scizor\n|-boost|p1a: Scizor|atk|2\n|\n|upkeep\n|turn|5\n|\n|switch|p2a: Magearna|Magearna|3\/100\n|-damage|p2a: Magearna|0 fnt|[from] Stealth Rock\n|faint|p2a: Magearna\n|move|p1a: Scizor|Bullet Punch|p2: Magearna|[notarget]\n|-fail|p1a: Scizor\n|\n|upkeep\n|\n|switch|p2a: Mew|Mew|100\/100\n|-damage|p2a: Mew|88\/100|[from] Stealth Rock\n|turn|6\n|\n|switch|p1a: Rotom|Rotom-Wash|100\/100\n|move|p2a: Mew|Will-O-Wisp|p1a: Rotom\n|-status|p1a: Rotom|brn\n|\n|-heal|p2a: Mew|94\/100|[from] item: Leftovers\n|-damage|p1a: Rotom|95\/100 brn|[from] brn\n|upkeep\n|turn|7\n|\n|move|p2a: Mew|Stealth Rock|p1a: Rotom\n|-sidestart|p1: quiescent|move: Stealth Rock\n|move|p1a: Rotom|Will-O-Wisp|p2a: Mew\n|-status|p2a: Mew|brn\n|-activate|p2a: Mew|ability: Synchronize\n|-fail|p1a: Rotom|brn\n|\n|-heal|p2a: Mew|100\/100 brn|[from] item: Leftovers\n|-heal|p1a: Rotom|100\/100 brn|[from] item: Leftovers\n|-damage|p2a: Mew|94\/100 brn|[from] brn\n|-damage|p1a: Rotom|95\/100 brn|[from] brn\n|upkeep\n|turn|8\n|\n|move|p2a: Mew|Will-O-Wisp|p1a: Rotom\n|-fail|p1a: Rotom|brn\n|move|p1a: Rotom|Hydro Pump|p2a: Mew\n|-damage|p2a: Mew|58\/100 brn\n|\n|-heal|p2a: Mew|65\/100 brn|[from] item: Leftovers\n|-heal|p1a: Rotom|100\/100 brn|[from] item: Leftovers\n|-damage|p2a: Mew|58\/100 brn|[from] brn\n|-damage|p1a: Rotom|95\/100 brn|[from] brn\n|upkeep\n|turn|9\n|\n|move|p2a: Mew|Roost|p2a: Mew\n|-heal|p2a: Mew|100\/100 brn\n|-singleturn|p2a: Mew|move: Roost\n|move|p1a: Rotom|Volt Switch|p2a: Mew\n|-damage|p2a: Mew|79\/100 brn\n|\n|switch|p1a: Diggersby|Diggersby, M|100\/100\n|-damage|p1a: Diggersby|94\/100|[from] Stealth Rock\n|\n|-heal|p2a: Mew|85\/100 brn|[from] item: Leftovers\n|-damage|p2a: Mew|79\/100 brn|[from] brn\n|upkeep\n|turn|10\n|\n|move|p2a: Mew|Will-O-Wisp|p1a: Diggersby\n|-status|p1a: Diggersby|brn\n|move|p1a: Diggersby|Earthquake|p2a: Mew\n|-damage|p2a: Mew|34\/100 brn\n|\n|-heal|p2a: Mew|40\/100 brn|[from] item: Leftovers\n|-damage|p2a: Mew|34\/100 brn|[from] brn\n|-damage|p1a: Diggersby|88\/100 brn|[from] brn\n|upkeep\n|turn|11\n|\n|move|p2a: Mew|Roost|p2a: Mew\n|-heal|p2a: Mew|84\/100 brn\n|-singleturn|p2a: Mew|move: Roost\n|move|p1a: Diggersby|Earthquake|p2a: Mew\n|-damage|p2a: Mew|39\/100 brn\n|\n|-heal|p2a: Mew|46\/100 brn|[from] item: Leftovers\n|-damage|p2a: Mew|39\/100 brn|[from] brn\n|-damage|p1a: Diggersby|82\/100 brn|[from] brn\n|upkeep\n|turn|12\n|\n|move|p2a: Mew|Roost|p2a: Mew\n|-heal|p2a: Mew|89\/100 brn\n|-singleturn|p2a: Mew|move: Roost\n|move|p1a: Diggersby|Earthquake|p2a: Mew\n|-damage|p2a: Mew|47\/100 brn\n|\n|-heal|p2a: Mew|53\/100 brn|[from] item: Leftovers\n|-damage|p2a: Mew|47\/100 brn|[from] brn\n|-damage|p1a: Diggersby|76\/100 brn|[from] brn\n|upkeep\n|turn|13\n|\n|move|p2a: Mew|Roost|p2a: Mew\n|-heal|p2a: Mew|97\/100 brn\n|-singleturn|p2a: Mew|move: Roost\n|move|p1a: Diggersby|Earthquake|p2a: Mew\n|-damage|p2a: Mew|50\/100 brn\n|\n|-heal|p2a: Mew|57\/100 brn|[from] item: Leftovers\n|-damage|p2a: Mew|50\/100 brn|[from] brn\n|-damage|p1a: Diggersby|70\/100 brn|[from] brn\n|upkeep\n|turn|14\n|\n|move|p2a: Mew|Roost|p2a: Mew\n|-heal|p2a: Mew|100\/100 brn\n|-singleturn|p2a: Mew|move: Roost\n|move|p1a: Diggersby|Earthquake|p2a: Mew\n|-damage|p2a: Mew|58\/100 brn\n|\n|-heal|p2a: Mew|64\/100 brn|[from] item: Leftovers\n|-damage|p2a: Mew|58\/100 brn|[from] brn\n|-damage|p1a: Diggersby|64\/100 brn|[from] brn\n|upkeep\n|turn|15\n|\n|move|p2a: Mew|U-turn|p1a: Diggersby\n|-damage|p1a: Diggersby|52\/100 brn\n|\n|switch|p2a: Garchomp|Garchomp, M|100\/100\n|-damage|p2a: Garchomp|94\/100|[from] Stealth Rock\n|move|p1a: Diggersby|Earthquake|p2a: Garchomp\n|-damage|p2a: Garchomp|46\/100\n|\n|-damage|p1a: Diggersby|46\/100 brn|[from] brn\n|upkeep\n|turn|16\n|\n|switch|p1a: Rotom|Rotom-Wash|95\/100 brn\n|-damage|p1a: Rotom|82\/100 brn|[from] Stealth Rock\n|move|p2a: Garchomp|Earthquake|p1a: Rotom\n|-immune|p1a: Rotom|[from] ability: Levitate\n|\n|-heal|p1a: Rotom|88\/100 brn|[from] item: Leftovers\n|-damage|p1a: Rotom|82\/100 brn|[from] brn\n|upkeep\n|turn|17\n|\n|switch|p2a: Mew|Mew|58\/100 brn\n|-damage|p2a: Mew|46\/100 brn|[from] Stealth Rock\n|move|p1a: Rotom|Hydro Pump|p2a: Mew\n|-damage|p2a: Mew|13\/100 brn\n|\n|-heal|p2a: Mew|19\/100 brn|[from] item: Leftovers\n|-heal|p1a: Rotom|88\/100 brn|[from] item: Leftovers\n|-damage|p2a: Mew|13\/100 brn|[from] brn\n|-damage|p1a: Rotom|82\/100 brn|[from] brn\n|upkeep\n|turn|18\n|\n|move|p2a: Mew|Roost|p2a: Mew\n|-heal|p2a: Mew|63\/100 brn\n|-singleturn|p2a: Mew|move: Roost\n|move|p1a: Rotom|Volt Switch|p2a: Mew\n|-crit|p2a: Mew\n|-damage|p2a: Mew|32\/100 brn\n|\n|switch|p1a: Diggersby|Diggersby, M|46\/100 brn\n|-damage|p1a: Diggersby|40\/100 brn|[from] Stealth Rock\n|\n|-heal|p2a: Mew|38\/100 brn|[from] item: Leftovers\n|-damage|p2a: Mew|32\/100 brn|[from] brn\n|-damage|p1a: Diggersby|34\/100 brn|[from] brn\n|upkeep\n|turn|19\n|\n|move|p2a: Mew|Roost|p2a: Mew\n|-heal|p2a: Mew|82\/100 brn\n|-singleturn|p2a: Mew|move: Roost\n|move|p1a: Diggersby|Earthquake|p2a: Mew\n|-damage|p2a: Mew|39\/100 brn\n|\n|-heal|p2a: Mew|46\/100 brn|[from] item: Leftovers\n|-damage|p2a: Mew|39\/100 brn|[from] brn\n|-damage|p1a: Diggersby|28\/100 brn|[from] brn\n|upkeep\n|turn|20\n|\n|move|p2a: Mew|Roost|p2a: Mew\n|-heal|p2a: Mew|89\/100 brn\n|-singleturn|p2a: Mew|move: Roost\n|move|p1a: Diggersby|Earthquake|p2a: Mew\n|-damage|p2a: Mew|47\/100 brn\n|\n|-heal|p2a: Mew|53\/100 brn|[from] item: Leftovers\n|-damage|p2a: Mew|47\/100 brn|[from] brn\n|-damage|p1a: Diggersby|21\/100 brn|[from] brn\n|upkeep\n|turn|21\n|\n|move|p2a: Mew|Roost|p2a: Mew\n|-heal|p2a: Mew|97\/100 brn\n|-singleturn|p2a: Mew|move: Roost\n|move|p1a: Diggersby|Earthquake|p2a: Mew\n|-damage|p2a: Mew|55\/100 brn\n|\n|-heal|p2a: Mew|61\/100 brn|[from] item: Leftovers\n|-damage|p2a: Mew|55\/100 brn|[from] brn\n|-damage|p1a: Diggersby|15\/100 brn|[from] brn\n|upkeep\n|turn|22\n|\n|move|p2a: Mew|Roost|p2a: Mew\n|-heal|p2a: Mew|100\/100 brn\n|-singleturn|p2a: Mew|move: Roost\n|move|p1a: Diggersby|Earthquake|p2a: Mew\n|-damage|p2a: Mew|56\/100 brn\n|\n|-heal|p2a: Mew|62\/100 brn|[from] item: Leftovers\n|-damage|p2a: Mew|56\/100 brn|[from] brn\n|-damage|p1a: Diggersby|9\/100 brn|[from] brn\n|upkeep\n|turn|23\n|\n|move|p2a: Mew|Roost|p2a: Mew\n|-heal|p2a: Mew|100\/100 brn\n|-singleturn|p2a: Mew|move: Roost\n|move|p1a: Diggersby|Earthquake|p2a: Mew\n|-crit|p2a: Mew\n|-damage|p2a: Mew|33\/100 brn\n|\n|-heal|p2a: Mew|39\/100 brn|[from] item: Leftovers\n|-damage|p2a: Mew|33\/100 brn|[from] brn\n|-damage|p1a: Diggersby|3\/100 brn|[from] brn\n|upkeep\n|turn|24\n|\n|move|p2a: Mew|Roost|p2a: Mew\n|-heal|p2a: Mew|83\/100 brn\n|-singleturn|p2a: Mew|move: Roost\n|move|p1a: Diggersby|Earthquake|p2a: Mew\n|-damage|p2a: Mew|43\/100 brn\n|\n|-heal|p2a: Mew|49\/100 brn|[from] item: Leftovers\n|-damage|p2a: Mew|43\/100 brn|[from] brn\n|-damage|p1a: Diggersby|0 fnt|[from] brn\n|faint|p1a: Diggersby\n|upkeep\n|\n|switch|p1a: Chansey|Chansey, F|91\/100\n|-damage|p1a: Chansey|79\/100|[from] Stealth Rock\n|turn|25\n|\n|move|p2a: Mew|Roost|p2a: Mew\n|-heal|p2a: Mew|93\/100 brn\n|-singleturn|p2a: Mew|move: Roost\n|move|p1a: Chansey|Seismic Toss|p2a: Mew\n|-damage|p2a: Mew|68\/100 brn\n|\n|-heal|p2a: Mew|74\/100 brn|[from] item: Leftovers\n|-damage|p2a: Mew|68\/100 brn|[from] brn\n|upkeep\n|turn|26\n|\n|move|p2a: Mew|U-turn|p1a: Chansey\n|-damage|p1a: Chansey|73\/100\n|\n|switch|p2a: Kartana|Kartana|100\/100\n|-damage|p2a: Kartana|94\/100|[from] Stealth Rock\n|move|p1a: Chansey|Seismic Toss|p2a: Kartana\n|-damage|p2a: Kartana|63\/100\n|\n|upkeep\n|turn|27\n|\n|switch|p1a: Scizor|Scizor-Mega, F|100\/100\n|-damage|p1a: Scizor|88\/100|[from] Stealth Rock\n|move|p2a: Kartana|Swords Dance|p2a: Kartana\n|-boost|p2a: Kartana|atk|2\n|\n|upkeep\n|turn|28\n|\n|switch|p1a: Rotom|Rotom-Wash|82\/100 brn\n|-damage|p1a: Rotom|70\/100 brn|[from] Stealth Rock\n|move|p2a: Kartana|Sacred Sword|p1a: Rotom\n|-damage|p1a: Rotom|9\/100 brn\n|\n|-heal|p1a: Rotom|15\/100 brn|[from] item: Leftovers\n|-damage|p1a: Rotom|9\/100 brn|[from] brn\n|upkeep\n|turn|29\n|-message|quiescent forfeited.\n|\n|win|Kaylss\n|c|\u2606Kaylss|\/log Kaylss made this room public.\n","uploadtime":1551739747,"views":305,"p1id":"quiescent","p2id":"kaylss","formatid":"gen7ou","rating":0,"private":0,"password":null}