{"id":"gen7ou-644906777","p1":"gayroger","p2":"BigL91","format":"gen7ou","log":"|j|gayroger\n|j|BigL91\n|player|p1|gayroger|169\n|teamsize|p1|6\n|player|p2|BigL91|293\n|teamsize|p2|6\n|gametype|singles\n|gen|7\n|tier|[Gen 7] OU\n|rated\n|seed|23006,56252,45886,50728\n|rule|Sleep Clause Mod: Limit one foe put to sleep\n|rule|Species Clause: Limit one of each Pok\u00e9mon\n|rule|OHKO Clause: OHKO moves are banned\n|rule|Moody Clause: Moody is banned\n|rule|Evasion Moves Clause: Evasion moves are banned\n|rule|Endless Battle Clause: Forcing endless battles is banned\n|rule|HP Percentage Mod: HP is shown in percentages\n|clearpoke\n|poke|p1|Heracross, F|item\n|poke|p1|Magearna|item\n|poke|p1|Marowak-Alola, F|item\n|poke|p1|Cresselia, F|item\n|poke|p1|Crawdaunt, F|item\n|poke|p1|Uxie|item\n|poke|p2|Toxapex, F|item\n|poke|p2|Hippowdon, M|item\n|poke|p2|Ferrothorn, F|item\n|poke|p2|Hydreigon, F|item\n|poke|p2|Thundurus-Therian, M|item\n|poke|p2|Scizor, M|item\n|teampreview\n|choice|team 1, team 2, team 3, team 4, team 5, team 6|team 4, team 2, team 3, team 1, team 5, team 6\n|\n|start\n|switch|p1a: Heracross|Heracross, F|364\/364\n|switch|p2a: Hydreigon|Hydreigon, F|325\/325\n|turn|1\n|choice|switch 6|switch 4\n|\n|switch|p2a: Toxapex|Toxapex, F, shiny|304\/304\n|switch|p1a: Uxie|Uxie|354\/354\n|\n|upkeep\n|turn|2\n|choice|switch 6|move toxicspikes\n|\n|switch|p1a: Heracross|Heracross, F|364\/364\n|move|p2a: Toxapex|Toxic Spikes|p1a: Heracross\n|-sidestart|p1: gayroger|move: Toxic Spikes\n|\n|upkeep\n|turn|3\n|choice|move swordsdance|move toxicspikes\n|\n|move|p1a: Heracross|Swords Dance|p1a: Heracross\n|-boost|p1a: Heracross|atk|2\n|move|p2a: Toxapex|Toxic Spikes|p1a: Heracross\n|-sidestart|p1: gayroger|move: Toxic Spikes\n|\n|upkeep\n|turn|4\n|choice|move swordsdance mega|move scald\n|\n|detailschange|p1a: Heracross|Heracross-Mega, F\n|-mega|p1a: Heracross|Heracross|Heracronite\n|move|p1a: Heracross|Swords Dance|p1a: Heracross\n|-boost|p1a: Heracross|atk|2\n|move|p2a: Toxapex|Scald|p1a: Heracross\n|-damage|p1a: Heracross|307\/364\n|\n|upkeep\n|turn|5\n|choice|move rockblast|move toxic\n|\n|move|p1a: Heracross|Rock Blast|p2a: Toxapex\n|-damage|p2a: Toxapex|241\/304\n|-damage|p2a: Toxapex|176\/304\n|-crit|p2a: Toxapex\n|-damage|p2a: Toxapex|71\/304\n|-damage|p2a: Toxapex|2\/304\n|-damage|p2a: Toxapex|0 fnt\n|-hitcount|p2a: Toxapex|5\n|faint|p2a: Toxapex\n|\n|upkeep\n|choice||switch 4\n|\n|switch|p2a: Hydreigon|Hydreigon, F|325\/325\n|turn|6\n|inactive|Battle timer is ON: inactive players will automatically lose when time's up. (requested by BigL91)\n|inactive|gayroger has 120 seconds left.\n|choice|switch 5|move fireblast\n|\n|switch|p1a: Crawdaunt|Crawdaunt, F|330\/330\n|-status|p1a: Crawdaunt|tox\n|move|p2a: Hydreigon|Fire Blast|p1a: Crawdaunt\n|-resisted|p1a: Crawdaunt\n|-damage|p1a: Crawdaunt|222\/330 tox\n|\n|-damage|p1a: Crawdaunt|202\/330 tox|[from] psn\n|upkeep\n|turn|7\n|choice|move knockoff|switch 3\n|\n|switch|p2a: Ferrothorn|Ferrothorn, F|352\/352\n|move|p1a: Crawdaunt|Knock Off|p2a: Ferrothorn\n|-damage|p2a: Ferrothorn|160\/352\n|-damage|p1a: Crawdaunt|161\/330 tox|[from] ability: Iron Barbs|[of] p2a: Ferrothorn\n|-enditem|p2a: Ferrothorn|Leftovers|[from] move: Knock Off|[of] p1a: Crawdaunt\n|-damage|p1a: Crawdaunt|128\/330 tox|[from] item: Life Orb\n|\n|-damage|p1a: Crawdaunt|88\/330 tox|[from] psn\n|upkeep\n|turn|8\n|choice|move knockoff|move protect\n|\n|move|p2a: Ferrothorn|Protect|p2a: Ferrothorn\n|-singleturn|p2a: Ferrothorn|Protect\n|move|p1a: Crawdaunt|Knock Off|p2a: Ferrothorn\n|-activate|p2a: Ferrothorn|move: Protect\n|\n|-damage|p1a: Crawdaunt|28\/330 tox|[from] psn\n|upkeep\n|turn|9\n|choice|move knockoff|switch 3\n|\n|switch|p2a: Hydreigon|Hydreigon, F|325\/325\n|move|p1a: Crawdaunt|Knock Off|p2a: Hydreigon\n|-resisted|p2a: Hydreigon\n|-damage|p2a: Hydreigon|166\/325\n|-enditem|p2a: Hydreigon|Choice Scarf|[from] move: Knock Off|[of] p1a: Crawdaunt\n|-damage|p1a: Crawdaunt|0 fnt|[from] item: Life Orb\n|faint|p1a: Crawdaunt\n|\n|upkeep\n|choice|switch 6|\n|\n|switch|p1a: Uxie|Uxie|354\/354\n|turn|10\n|choice|move trickroom|move darkpulse\n|\n|move|p2a: Hydreigon|Dark Pulse|p1a: Uxie\n|-supereffective|p1a: Uxie\n|-damage|p1a: Uxie|148\/354\n|move|p1a: Uxie|Trick Room|p1a: Uxie\n|-fieldstart|move: Trick Room|[of] p1a: Uxie\n|\n|upkeep\n|turn|11\n|choice|switch 5|move darkpulse\n|\n|switch|p1a: Heracross|Heracross-Mega, F|307\/364\n|-status|p1a: Heracross|tox\n|move|p2a: Hydreigon|Dark Pulse|p1a: Heracross\n|-resisted|p1a: Heracross\n|-damage|p1a: Heracross|244\/364 tox\n|\n|-damage|p1a: Heracross|222\/364 tox|[from] psn\n|upkeep\n|turn|12\n|choice|move swordsdance|switch 2\n|\n|switch|p2a: Hippowdon|Hippowdon, M|420\/420\n|-weather|Sandstorm|[from] ability: Sand Stream|[of] p2a: Hippowdon\n|move|p1a: Heracross|Swords Dance|p1a: Heracross\n|-boost|p1a: Heracross|atk|2\n|\n|-weather|Sandstorm|[upkeep]\n|-damage|p1a: Heracross|200\/364 tox|[from] sandstorm\n|-damage|p1a: Heracross|156\/364 tox|[from] psn\n|upkeep\n|turn|13\n|choice|move pinmissile|move whirlwind\n|\n|move|p1a: Heracross|Pin Missile|p2a: Hippowdon\n|-damage|p2a: Hippowdon|336\/420\n|-damage|p2a: Hippowdon|251\/420\n|-damage|p2a: Hippowdon|160\/420\n|-damage|p2a: Hippowdon|67\/420\n|-crit|p2a: Hippowdon\n|-damage|p2a: Hippowdon|0 fnt\n|-hitcount|p2a: Hippowdon|5\n|faint|p2a: Hippowdon\n|\n|-weather|Sandstorm|[upkeep]\n|-damage|p1a: Heracross|134\/364 tox|[from] sandstorm\n|-damage|p1a: Heracross|68\/364 tox|[from] psn\n|upkeep\n|choice||switch 3\n|\n|switch|p2a: Ferrothorn|Ferrothorn, F|160\/352\n|turn|14\n|choice|switch 5|move protect\n|\n|switch|p1a: Uxie|Uxie|148\/354\n|move|p2a: Ferrothorn|Protect|p2a: Ferrothorn\n|-fail|p2a: Ferrothorn\n|\n|-weather|Sandstorm|[upkeep]\n|-damage|p1a: Uxie|126\/354|[from] sandstorm\n|-fieldend|move: Trick Room\n|upkeep\n|turn|15\n|choice|move trickroom|move spikes\n|\n|move|p2a: Ferrothorn|Spikes|p1a: Uxie\n|-sidestart|p1: gayroger|Spikes\n|move|p1a: Uxie|Trick Room|p1a: Uxie\n|-fieldstart|move: Trick Room|[of] p1a: Uxie\n|\n|-weather|Sandstorm|[upkeep]\n|-damage|p1a: Uxie|104\/354|[from] sandstorm\n|upkeep\n|turn|16\n|choice|move magiccoat|move spikes\n|\n|move|p1a: Uxie|Magic Coat|p1a: Uxie\n|-singleturn|p1a: Uxie|move: Magic Coat\n|move|p2a: Ferrothorn|Spikes|p1a: Uxie\n|move|p1a: Uxie|Spikes|p2a: Ferrothorn|[from]Magic Coat\n|-sidestart|p2: BigL91|Spikes\n|\n|-weather|none\n|upkeep\n|turn|17\n|choice|move memento|move leechseed\n|\n|move|p2a: Ferrothorn|Leech Seed|p1a: Uxie\n|-start|p1a: Uxie|move: Leech Seed\n|move|p1a: Uxie|Memento|p2a: Ferrothorn\n|-unboost|p2a: Ferrothorn|atk|2\n|-unboost|p2a: Ferrothorn|spa|2\n|faint|p1a: Uxie\n|\n|upkeep\n|choice|switch 3|\n|\n|switch|p1a: Marowak|Marowak-Alola, F|323\/323\n|-damage|p1a: Marowak|283\/323|[from] Spikes\n|-status|p1a: Marowak|tox\n|turn|18\n|choice|move swordsdance|move protect\n|\n|move|p2a: Ferrothorn|Protect|p2a: Ferrothorn\n|-singleturn|p2a: Ferrothorn|Protect\n|move|p1a: Marowak|Swords Dance|p1a: Marowak\n|-boost|p1a: Marowak|atk|2\n|\n|-damage|p1a: Marowak|263\/323 tox|[from] psn\n|upkeep\n|turn|19\n|choice|move flareblitz|switch 2\n|\n|switch|p2a: Hydreigon|Hydreigon, F|166\/325\n|move|p1a: Marowak|Flare Blitz|p2a: Hydreigon\n|-resisted|p2a: Hydreigon\n|-damage|p2a: Hydreigon|0 fnt\n|faint|p2a: Hydreigon\n|\n|-damage|p1a: Marowak|223\/323 tox|[from] psn\n|-fieldend|move: Trick Room\n|upkeep\n|choice||switch 5\n|\n|switch|p2a: Thundurus|Thundurus-Therian, M|299\/299\n|turn|20\n|choice|move flareblitz|move knockoff\n|\n|move|p2a: Thundurus|Knock Off|p1a: Marowak\n|-supereffective|p1a: Marowak\n|-damage|p1a: Marowak|89\/323 tox\n|-enditem|p1a: Marowak|Thick Club|[from] move: Knock Off|[of] p2a: Thundurus\n|move|p1a: Marowak|Flare Blitz|p2a: Thundurus\n|-damage|p2a: Thundurus|0 fnt\n|faint|p2a: Thundurus\n|\n|-damage|p1a: Marowak|29\/323 tox|[from] psn\n|upkeep\n|choice||switch 2\n|\n|switch|p2a: Ferrothorn|Ferrothorn, F|160\/352\n|-damage|p2a: Ferrothorn|116\/352|[from] Spikes\n|turn|21\n|choice|switch 4|move protect\n|\n|switch|p1a: Cresselia|Cresselia, F|444\/444\n|move|p2a: Ferrothorn|Protect|p2a: Ferrothorn\n|-fail|p2a: Ferrothorn\n|\n|upkeep\n|turn|22\n|choice|move trickroom|move leechseed\n|\n|move|p2a: Ferrothorn|Leech Seed|p1a: Cresselia|[miss]\n|-miss|p2a: Ferrothorn|p1a: Cresselia\n|move|p1a: Cresselia|Trick Room|p1a: Cresselia\n|-fieldstart|move: Trick Room|[of] p1a: Cresselia\n|\n|upkeep\n|turn|23\n|choice|move lunardance|move leechseed\n|\n|move|p2a: Ferrothorn|Leech Seed|p1a: Cresselia|[miss]\n|-miss|p2a: Ferrothorn|p1a: Cresselia\n|move|p1a: Cresselia|Lunar Dance|p1a: Cresselia\n|faint|p1a: Cresselia\n|\n|upkeep\n|choice|switch 4|\n|\n|switch|p1a: Marowak|Marowak-Alola, F|29\/323 tox\n|-heal|p1a: Marowak|323\/323|[from] move: Lunar Dance\n|-damage|p1a: Marowak|283\/323|[from] Spikes\n|-status|p1a: Marowak|tox\n|turn|24\n|choice|move flareblitz|move leechseed\n|\n|move|p2a: Ferrothorn|Leech Seed|p1a: Marowak\n|-start|p1a: Marowak|move: Leech Seed\n|move|p1a: Marowak|Flare Blitz|p2a: Ferrothorn\n|-supereffective|p2a: Ferrothorn\n|-crit|p2a: Ferrothorn\n|-damage|p2a: Ferrothorn|0 fnt\n|-damage|p1a: Marowak|243\/323 tox|[from] ability: Iron Barbs|[of] p2a: Ferrothorn\n|faint|p2a: Ferrothorn\n|\n|-damage|p1a: Marowak|223\/323 tox|[from] psn\n|upkeep\n|c|\u2606gayroger|gg\n|choice||switch 6\n|\n|switch|p2a: Scizor|Scizor, M|343\/343\n|-damage|p2a: Scizor|301\/343|[from] Spikes\n|turn|25\n|choice|move flareblitz|move knockoff mega\n|\n|detailschange|p2a: Scizor|Scizor-Mega, M\n|-mega|p2a: Scizor|Scizor|Scizorite\n|move|p1a: Marowak|Flare Blitz|p2a: Scizor\n|-supereffective|p2a: Scizor\n|-damage|p2a: Scizor|0 fnt\n|faint|p2a: Scizor\n|\n|win|gayroger\n|raw|gayroger's rating: 1583 &rarr; <strong>1605<\/strong><br \/>(+22 for winning)\n|raw|BigL91's rating: 1628 &rarr; <strong>1605<\/strong><br \/>(-23 for losing)\n|l|BigL91","inputlog":null,"uploadtime":1507927503,"views":4,"p1id":"gayroger","p2id":"bigl91","formatid":"gen7ou","rating":1605,"private":0,"password":null}