{"id":"gen7ou-658420248","p1":"Jet","p2":"Toxabelle","format":"gen7ou","log":"|j|Jet\n|j|Toxabelle\n|inactive|Battle timer is ON: inactive players will automatically lose when time's up.\n|player|p1|Jet|1\n|teamsize|p1|6\n|player|p2|Toxabelle|238\n|teamsize|p2|6\n|gametype|singles\n|gen|7\n|tier|[Gen 7] OU\n|rated|Tournament battle\n|seed|18458,28224,29259,2033\n|rule|Sleep Clause Mod: Limit one foe put to sleep\n|rule|Species Clause: Limit one of each Pok\u00e9mon\n|rule|OHKO Clause: OHKO moves are banned\n|rule|Moody Clause: Moody is banned\n|rule|Evasion Moves Clause: Evasion moves are banned\n|rule|Endless Battle Clause: Forcing endless battles is banned\n|rule|HP Percentage Mod: HP is shown in percentages\n|clearpoke\n|poke|p1|Greninja, M|item\n|poke|p1|Heatran, F|item\n|poke|p1|Landorus-Therian, M|item\n|poke|p1|Latios, M|item\n|poke|p1|Tapu Bulu|item\n|poke|p1|Mawile, F|item\n|poke|p2|Charizard, M|item\n|poke|p2|Kartana|item\n|poke|p2|Tapu Lele|item\n|poke|p2|Landorus-Therian, M|item\n|poke|p2|Magearna|item\n|poke|p2|Greninja, M|item\n|teampreview\n|c|\u2606Toxabelle|have fun\n|c|\u2606Jet|u2 mate\n|inactive|Jet has 135 seconds left.\n|inactive|Toxabelle has 135 seconds left.\n|choice|team 1, team 2, team 3, team 4, team 5, team 6|team 6, team 2, team 3, team 4, team 5, team 1\n|\n|start\n|switch|p1a: Greninja|Greninja, M|285\/285\n|switch|p2a: Greninja|Greninja, M|285\/285\n|turn|1\n|inactive|Toxabelle has 135 seconds left.\n|choice|switch 3|move hydropump\n|\n|switch|p1a: Landorus|Landorus-Therian, M|382\/382\n|-ability|p1a: Landorus|Intimidate|boost\n|-unboost|p2a: Greninja|atk|1\n|move|p2a: Greninja|Hydro Pump|p1a: Landorus|[miss]\n|-miss|p2a: Greninja|p1a: Landorus\n|\n|upkeep\n|turn|2\n|inactive|Jet has 135 seconds left.\n|inactive|Jet has 120 seconds left.\n|choice|switch 5|switch 4\n|\n|switch|p2a: Landorus|Landorus-Therian, M|381\/381\n|-ability|p2a: Landorus|Intimidate|boost\n|-unboost|p1a: Landorus|atk|1\n|switch|p1a: Tapu Bulu|Tapu Bulu|281\/281\n|-fieldstart|move: Grassy Terrain|[from] ability: Grassy Surge|[of] p1a: Tapu Bulu\n|\n|upkeep\n|turn|3\n|choice|move woodhammer|move stealthrock\n|\n|move|p1a: Tapu Bulu|Wood Hammer|p2a: Landorus\n|-damage|p2a: Landorus|108\/381\n|-damage|p1a: Tapu Bulu|191\/281|[from] Recoil|[of] p2a: Landorus\n|move|p2a: Landorus|Stealth Rock|p1a: Tapu Bulu\n|-sidestart|p1: Jet|move: Stealth Rock\n|\n|-heal|p2a: Landorus|131\/381|[from] item: Leftovers\n|-heal|p1a: Tapu Bulu|208\/281|[from] Grassy Terrain\n|upkeep\n|turn|4\n|choice|move hornleech|switch 6\n|\n|switch|p2a: Charizard|Charizard, M|297\/297\n|move|p1a: Tapu Bulu|Horn Leech|p2a: Charizard\n|-resisted|p2a: Charizard\n|-damage|p2a: Charizard|236\/297\n|-heal|p1a: Tapu Bulu|239\/281|[from] drain|[of] p2a: Charizard\n|\n|-heal|p1a: Tapu Bulu|256\/281|[from] Grassy Terrain\n|upkeep\n|turn|5\n|choice|switch 5|switch 3\n|\n|switch|p2a: Tapu Lele|Tapu Lele|281\/281\n|-fieldstart|move: Psychic Terrain|[from] ability: Psychic Surge|[of] p2a: Tapu Lele\n|switch|p1a: Landorus|Landorus-Therian, M|382\/382\n|-damage|p1a: Landorus|335\/382|[from] Stealth Rock\n|-ability|p1a: Landorus|Intimidate|boost\n|-unboost|p2a: Tapu Lele|atk|1\n|\n|upkeep\n|turn|6\n|c|\u2606Toxabelle|why was lando ur play, just asking\n|c|\u2606Jet|i thought ud uturn\n|choice|move stealthrock|move calmmind\n|\n|move|p2a: Tapu Lele|Calm Mind|p2a: Tapu Lele\n|-boost|p2a: Tapu Lele|spa|1\n|-boost|p2a: Tapu Lele|spd|1\n|move|p1a: Landorus|Stealth Rock|p2a: Tapu Lele\n|-sidestart|p2: Toxabelle|move: Stealth Rock\n|\n|upkeep\n|turn|7\n|c|\u2606Toxabelle|kk\n|choice|switch 2|move psyshock\n|\n|switch|p1a: Heatran|Heatran, F|376\/376\n|-damage|p1a: Heatran|329\/376|[from] Stealth Rock\n|move|p2a: Tapu Lele|Psyshock|p1a: Heatran\n|-resisted|p1a: Heatran\n|-damage|p1a: Heatran|194\/376\n|\n|-heal|p1a: Heatran|217\/376|[from] item: Leftovers\n|upkeep\n|turn|8\n|choice|move magmastorm|move psyshock zmove\n|\n|-zpower|p2a: Tapu Lele\n|move|p2a: Tapu Lele|Shattered Psyche|p1a: Heatran|[zeffect]\n|-resisted|p1a: Heatran\n|-damage|p1a: Heatran|0 fnt\n|faint|p1a: Heatran\n|\n|upkeep\n|choice|switch 4|\n|\n|switch|p1a: Latios|Latios, M|301\/301\n|-damage|p1a: Latios|264\/301|[from] Stealth Rock\n|turn|9\n|choice|move psyshock|move moonblast\n|\n|move|p1a: Latios|Psyshock|p2a: Tapu Lele\n|-resisted|p2a: Tapu Lele\n|-damage|p2a: Tapu Lele|194\/281\n|move|p2a: Tapu Lele|Moonblast|p1a: Latios\n|-supereffective|p1a: Latios\n|-damage|p1a: Latios|0 fnt\n|faint|p1a: Latios\n|\n|-fieldend|move: Psychic Terrain\n|upkeep\n|c|\u2606Jet|damn this teams old lol\n|c|\u2606Toxabelle|yeah\n|choice|switch 5|\n|\n|switch|p1a: Tapu Bulu|Tapu Bulu|256\/281\n|-damage|p1a: Tapu Bulu|221\/281|[from] Stealth Rock\n|-fieldstart|move: Grassy Terrain|[from] ability: Grassy Surge|[of] p1a: Tapu Bulu\n|turn|10\n|choice|move woodhammer|move moonblast\n|\n|move|p2a: Tapu Lele|Moonblast|p1a: Tapu Bulu\n|-damage|p1a: Tapu Bulu|0 fnt\n|faint|p1a: Tapu Bulu\n|\n|-heal|p2a: Tapu Lele|211\/281|[from] Grassy Terrain\n|upkeep\n|choice|switch 3|\n|\n|switch|p1a: Greninja|Greninja, M|285\/285\n|-damage|p1a: Greninja|250\/285|[from] Stealth Rock\n|turn|11\n|choice|move uturn|move moonblast\n|\n|move|p1a: Greninja|U-turn|p2a: Tapu Lele\n|-damage|p2a: Tapu Lele|155\/281\n|choice|switch 2|\n|\n|switch|p1a: Landorus|Landorus-Therian, M|335\/382\n|-damage|p1a: Landorus|288\/382|[from] Stealth Rock\n|-ability|p1a: Landorus|Intimidate|boost\n|-unboost|p2a: Tapu Lele|atk|1\n|move|p2a: Tapu Lele|Moonblast|p1a: Landorus\n|-damage|p1a: Landorus|0 fnt\n|faint|p1a: Landorus\n|\n|-heal|p2a: Tapu Lele|172\/281|[from] Grassy Terrain\n|upkeep\n|choice|switch 2|\n|\n|switch|p1a: Greninja|Greninja, M|250\/285\n|-damage|p1a: Greninja|215\/285|[from] Stealth Rock\n|turn|12\n|choice|move hydropump|move moonblast\n|\n|move|p1a: Greninja|Hydro Pump|p2a: Tapu Lele\n|-damage|p2a: Tapu Lele|37\/281\n|move|p2a: Tapu Lele|Moonblast|p1a: Greninja\n|-supereffective|p1a: Greninja\n|-damage|p1a: Greninja|0 fnt\n|faint|p1a: Greninja\n|\n|-heal|p2a: Tapu Lele|54\/281|[from] Grassy Terrain\n|upkeep\n|choice|switch 6|\n|\n|switch|p1a: Mawile|Mawile, F|251\/251\n|-damage|p1a: Mawile|236\/251|[from] Stealth Rock\n|-ability|p1a: Mawile|Intimidate|boost\n|-unboost|p2a: Tapu Lele|atk|1\n|turn|13\n|choice|move suckerpunch mega|switch 6\n|\n|switch|p2a: Landorus|Landorus-Therian, M|131\/381\n|-damage|p2a: Landorus|84\/381|[from] Stealth Rock\n|-ability|p2a: Landorus|Intimidate|boost\n|-unboost|p1a: Mawile|atk|1\n|detailschange|p1a: Mawile|Mawile-Mega, F\n|-mega|p1a: Mawile|Mawile|Mawilite\n|move|p1a: Mawile|Sucker Punch|p2a: Landorus|[still]\n|-fail|p1a: Mawile\n|\n|-heal|p2a: Landorus|107\/381|[from] item: Leftovers\n|-heal|p1a: Mawile|251\/251|[from] Grassy Terrain\n|upkeep\n|turn|14\n|choice|move swordsdance|move earthquake\n|\n|move|p2a: Landorus|Earthquake|p1a: Mawile\n|-supereffective|p1a: Mawile\n|-damage|p1a: Mawile|125\/251\n|move|p1a: Mawile|Swords Dance|p1a: Mawile\n|-boost|p1a: Mawile|atk|2\n|\n|-heal|p2a: Landorus|130\/381|[from] item: Leftovers\n|-heal|p1a: Mawile|140\/251|[from] Grassy Terrain\n|-fieldend|move: Grassy Terrain\n|upkeep\n|turn|15\n|choice|move suckerpunch|move earthquake\n|\n|move|p1a: Mawile|Sucker Punch|p2a: Landorus\n|-damage|p2a: Landorus|0 fnt\n|faint|p2a: Landorus\n|\n|upkeep\n|choice||switch 6\n|\n|switch|p2a: Tapu Lele|Tapu Lele|54\/281\n|-damage|p2a: Tapu Lele|19\/281|[from] Stealth Rock\n|-fieldstart|move: Psychic Terrain|[from] ability: Psychic Surge|[of] p2a: Tapu Lele\n|turn|16\n|choice|move knockoff|move hiddenpower\n|\n|move|p2a: Tapu Lele|Hidden Power|p1a: Mawile\n|-supereffective|p1a: Mawile\n|-damage|p1a: Mawile|0 fnt\n|faint|p1a: Mawile\n|\n|win|Toxabelle\n|c|\u2606Jet|gg\n|c|\u2606Toxabelle|gg\n|l|Jet","inputlog":null,"uploadtime":1510491541,"views":55,"p1id":"jet","p2id":"toxabelle","formatid":"gen7ou","rating":0,"private":0,"password":null}