{"id":"gen7ou-814069232","p1":"undankbares pack","p2":"H4WT \u2605","format":"gen7ou","log":"|raw|<div class=\"broadcast-red\"><strong>This battle is invite-only!<\/strong><br \/>Users must be rank + or invited with <code>\/invite<\/code> to join<\/div>\n|j|\u2606undankbares pack\n|j|\u2606H4WT \u2605\n|player|p1|undankbares pack|2\n|player|p2|H4WT \u2605|165\n|teamsize|p1|6\n|teamsize|p2|6\n|gametype|singles\n|gen|7\n|tier|[Gen 7] OU\n|rated|\n|rule|Sleep Clause Mod: Limit one foe put to sleep\n|rule|Species Clause: Limit one of each Pok\u00e9mon\n|rule|OHKO Clause: OHKO moves are banned\n|rule|Moody Clause: Moody is banned\n|rule|Evasion Moves Clause: Evasion moves are banned\n|rule|Endless Battle Clause: Forcing endless battles is banned\n|rule|HP Percentage Mod: HP is shown in percentages\n|clearpoke\n|poke|p1|Mawile, F|item\n|poke|p1|Landorus-Therian, M|item\n|poke|p1|Tapu Lele|item\n|poke|p1|Serperior, M|item\n|poke|p1|Heatran, M|item\n|poke|p1|Poliwrath, F|item\n|poke|p2|Diancie|item\n|poke|p2|Celesteela|item\n|poke|p2|Clefable, F|item\n|poke|p2|Gastrodon-East, M|item\n|poke|p2|Landorus-Therian, M|item\n|poke|p2|Volcarona, M|item\n|teampreview\n|\n|start\n|switch|p1a: Serperior|Serperior, M|100\/100\n|switch|p2a: Landorus|Landorus-Therian, M|100\/100\n|-ability|p2a: Landorus|Intimidate|boost\n|-boost|p1a: Serperior|atk|1\n|turn|1\n|\n|move|p2a: Landorus|U-turn|p1a: Serperior\n|-supereffective|p1a: Serperior\n|-damage|p1a: Serperior|53\/100\n|inactive|Battle timer is ON: inactive players will automatically lose when time's up. (requested by undankbares pack)\n|\n|switch|p2a: Celesteela|Celesteela|100\/100\n|move|p1a: Serperior|Glare|p2a: Celesteela\n|-status|p2a: Celesteela|par\n|\n|-heal|p1a: Serperior|59\/100|[from] item: Leftovers\n|upkeep\n|turn|2\n|\n|switch|p1a: Heatran|Heatran, M|100\/100\n|cant|p2a: Celesteela|par\n|\n|upkeep\n|turn|3\n|\n|switch|p2a: Diancie|Diancie|100\/100\n|move|p1a: Heatran|Stealth Rock|p2a: Diancie\n|-sidestart|p2: H4WT \u2605|move: Stealth Rock\n|\n|upkeep\n|turn|4\n|\n|switch|p1a: Serperior|Serperior, M|59\/100\n|detailschange|p2a: Diancie|Diancie-Mega\n|-mega|p2a: Diancie|Diancie|Diancite\n|move|p2a: Diancie|Earth Power|p1a: Serperior\n|-resisted|p1a: Serperior\n|-damage|p1a: Serperior|42\/100\n|\n|-heal|p1a: Serperior|49\/100|[from] item: Leftovers\n|upkeep\n|turn|5\n|\n|move|p1a: Serperior|Leaf Storm|p2a: Diancie\n|-supereffective|p2a: Diancie\n|-damage|p2a: Diancie|21\/100\n|-boost|p1a: Serperior|spa|2\n|move|p2a: Diancie|Stealth Rock|p1a: Serperior\n|-sidestart|p1: undankbares pack|move: Stealth Rock\n|\n|-heal|p1a: Serperior|55\/100|[from] item: Leftovers\n|upkeep\n|turn|6\n|\n|switch|p2a: Celesteela|Celesteela|100\/100 par\n|-damage|p2a: Celesteela|88\/100 par|[from] Stealth Rock\n|move|p1a: Serperior|Leaf Storm|p2a: Celesteela\n|-resisted|p2a: Celesteela\n|-damage|p2a: Celesteela|75\/100 par\n|-boost|p1a: Serperior|spa|2\n|\n|-heal|p1a: Serperior|61\/100|[from] item: Leftovers\n|-heal|p2a: Celesteela|81\/100 par|[from] item: Leftovers\n|upkeep\n|turn|7\n|\n|switch|p2a: Landorus|Landorus-Therian, M|100\/100\n|-damage|p2a: Landorus|88\/100|[from] Stealth Rock\n|-ability|p2a: Landorus|Intimidate|boost\n|-boost|p1a: Serperior|atk|1\n|move|p1a: Serperior|Hidden Power|p2a: Landorus\n|-damage|p2a: Landorus|48\/100\n|\n|-heal|p1a: Serperior|67\/100|[from] item: Leftovers\n|upkeep\n|turn|8\n|\n|move|p2a: Landorus|U-turn|p1a: Serperior\n|-supereffective|p1a: Serperior\n|-damage|p1a: Serperior|18\/100\n|\n|switch|p2a: Diancie|Diancie-Mega|21\/100\n|-damage|p2a: Diancie|8\/100|[from] Stealth Rock\n|move|p1a: Serperior|Synthesis|p1a: Serperior\n|-heal|p1a: Serperior|68\/100\n|\n|-heal|p1a: Serperior|74\/100|[from] item: Leftovers\n|upkeep\n|turn|9\n|\n|move|p1a: Serperior|Hidden Power|p2a: Diancie\n|-resisted|p2a: Diancie\n|-damage|p2a: Diancie|0 fnt\n|faint|p2a: Diancie\n|\n|-heal|p1a: Serperior|80\/100|[from] item: Leftovers\n|upkeep\n|\n|switch|p2a: Landorus|Landorus-Therian, M|48\/100\n|-damage|p2a: Landorus|36\/100|[from] Stealth Rock\n|-ability|p2a: Landorus|Intimidate|boost\n|-boost|p1a: Serperior|atk|1\n|turn|10\n|\n|move|p2a: Landorus|Punishment|p1a: Serperior\n|-damage|p1a: Serperior|17\/100\n|move|p1a: Serperior|Synthesis|p1a: Serperior\n|-heal|p1a: Serperior|67\/100\n|\n|-heal|p1a: Serperior|73\/100|[from] item: Leftovers\n|upkeep\n|turn|11\n|\n|move|p2a: Landorus|Punishment|p1a: Serperior\n|-damage|p1a: Serperior|5\/100\n|move|p1a: Serperior|Hidden Power|p2a: Landorus\n|-damage|p2a: Landorus|0 fnt\n|faint|p2a: Landorus\n|\n|-heal|p1a: Serperior|12\/100|[from] item: Leftovers\n|upkeep\n|-message|H4WT \u2605 forfeited.\n|\n|win|undankbares pack\n|l|\u2606H4WT \u2605\n|raw|undankbares pack's rating: 1795 &rarr; <strong>1813<\/strong><br \/>(+18 for winning)\n|raw|H4WT \u2605's rating: 1764 &rarr; <strong>1746<\/strong><br \/>(-18 for losing)\n|c|\u2606undankbares pack|\/log undankbares pack made this room public.\n","uploadtime":1538439663,"views":92,"p1id":"undankbarespack","p2id":"h4wt","formatid":"gen7ou","rating":1746,"private":0,"password":null}