{"id":"gen7anythinggoes-789292366","p1":"White133","p2":"OGamer289","format":"gen7anythinggoes","log":"|j|\u2606White133\n|j|\u2606OGamer289\n|player|p1|White133|33\n|player|p2|OGamer289|153\n|teamsize|p1|6\n|teamsize|p2|6\n|gametype|singles\n|gen|7\n|tier|[Gen 7] Anything Goes\n|rule|Endless Battle Clause: Forcing endless battles is banned\n|clearpoke\n|poke|p1|Muk-Alola, M|item\n|poke|p1|Latios, M|item\n|poke|p1|Moltres|item\n|poke|p1|Heracross, F|item\n|poke|p1|Ferrothorn, F|item\n|poke|p1|Rotom-Frost|item\n|poke|p2|Altaria, F|item\n|poke|p2|Krookodile, M|item\n|poke|p2|Blacephalon|item\n|poke|p2|Staraptor, M|item\n|poke|p2|Drapion, M|item\n|poke|p2|Crobat, F|item\n|rule|HP Percentage Mod: HP is shown in percentages\n|teampreview\n|\n|start\n|switch|p1a: Rotom|Rotom-Frost|100\/100\n|switch|p2a: Billa|Krookodile, M|100\/100\n|-ability|p2a: Billa|Intimidate|boost\n|-unboost|p1a: Rotom|atk|1\n|turn|1\n|\n|switch|p2a: Kopf Los|Blacephalon|100\/100\n|move|p1a: Rotom|Blizzard|p2a: Kopf Los\n|-resisted|p2a: Kopf Los\n|-damage|p2a: Kopf Los|54\/100\n|\n|upkeep\n|turn|2\n|\n|switch|p1a: Muk|Muk-Alola, M|100\/100\n|move|p2a: Kopf Los|Fire Blast|p1a: Muk\n|-damage|p1a: Muk|56\/100\n|\n|upkeep\n|turn|3\n|\n|-activate|p2a: Kopf Los|move: Pursuit\n|move|p1a: Muk|Pursuit|p2a: Kopf Los|[from]Pursuit\n|-supereffective|p2a: Kopf Los\n|-damage|p2a: Kopf Los|0\n|faint|p2a: Kopf Los\n|\n|upkeep\n|\n|switch|p2a: Skorpi|Drapion, M|100\/100\n|turn|4\n|\n|switch|p1a: Ferrothorn|Ferrothorn, F|100\/100\n|move|p2a: Skorpi|Earthquake|p1a: Ferrothorn\n|-damage|p1a: Ferrothorn|83\/100\n|\n|-heal|p1a: Ferrothorn|89\/100|[from] item: Leftovers\n|upkeep\n|turn|5\n|\n|move|p2a: Skorpi|Fire Fang|p1a: Ferrothorn\n|-supereffective|p1a: Ferrothorn\n|-damage|p1a: Ferrothorn|40\/100\n|-damage|p2a: Skorpi|88\/100|[from] ability: Iron Barbs|[of] p1a: Ferrothorn\n|cant|p1a: Ferrothorn|flinch\n|\n|-heal|p1a: Ferrothorn|47\/100|[from] item: Leftovers\n|upkeep\n|turn|6\n|\n|switch|p1a: Moltres|Moltres|100\/100\n|move|p2a: Skorpi|Knock Off|p1a: Moltres\n|-damage|p1a: Moltres|63\/100\n|-enditem|p1a: Moltres|Charti Berry|[from] move: Knock Off|[of] p2a: Skorpi\n|\n|upkeep\n|turn|7\n|\n|switch|p2a: Flauschi|Altaria, F|100\/100\n|move|p1a: Moltres|Fire Blast|p2a: Flauschi|[miss]\n|-miss|p1a: Moltres|p2a: Flauschi\n|\n|upkeep\n|turn|8\n|\n|detailschange|p2a: Flauschi|Altaria-Mega, F\n|-mega|p2a: Flauschi|Altaria|Altarianite\n|move|p1a: Moltres|Toxic|p2a: Flauschi\n|-status|p2a: Flauschi|tox\n|move|p2a: Flauschi|Hidden Power|p1a: Moltres\n|-supereffective|p1a: Moltres\n|-damage|p1a: Moltres|0\n|faint|p1a: Moltres\n|\n|-damage|p2a: Flauschi|94\/100 tox|[from] psn\n|upkeep\n|\n|switch|p1a: Muk|Muk-Alola, M|56\/100\n|turn|9\n|\n|move|p2a: Flauschi|Earthquake|p1a: Muk\n|-supereffective|p1a: Muk\n|-damage|p1a: Muk|12\/100\n|-enditem|p1a: Muk|Aguav Berry|[eat]\n|-heal|p1a: Muk|62\/100|[from] item: Aguav Berry\n|move|p1a: Muk|Gunk Shot|p2a: Flauschi|[miss]\n|-miss|p1a: Muk|p2a: Flauschi\n|\n|-damage|p2a: Flauschi|82\/100 tox|[from] psn\n|upkeep\n|turn|10\n|\n|switch|p2a: Billa|Krookodile, M|100\/100\n|-ability|p2a: Billa|Intimidate|boost\n|-unboost|p1a: Muk|atk|1\n|move|p1a: Muk|Recycle|p1a: Muk\n|-item|p1a: Muk|Aguav Berry|[from] move: Recycle\n|\n|upkeep\n|turn|11\n|\n|switch|p1a: Heracross|Heracross, F|100\/100\n|move|p2a: Billa|Stealth Rock|p1a: Heracross\n|-sidestart|p1: White133|move: Stealth Rock\n|\n|-status|p1a: Heracross|brn|[from] item: Flame Orb\n|upkeep\n|turn|12\n|\n|move|p1a: Heracross|Close Combat|p2a: Billa\n|-supereffective|p2a: Billa\n|-enditem|p2a: Billa|Chople Berry|[eat]\n|-enditem|p2a: Billa|Chople Berry|[weaken]\n|-damage|p2a: Billa|16\/100\n|-unboost|p1a: Heracross|def|1\n|-unboost|p1a: Heracross|spd|1\n|move|p2a: Billa|Counter|p1a: Heracross\n|-damage|p1a: Heracross|0 brn\n|faint|p1a: Heracross\n|\n|upkeep\n|\n|switch|p1a: Latios|Latios, M|100\/100\n|-damage|p1a: Latios|88\/100|[from] Stealth Rock\n|turn|13\n|\n|switch|p2a: Flauschi|Altaria-Mega, F|82\/100 tox\n|detailschange|p1a: Latios|Latios-Mega, M\n|-mega|p1a: Latios|Latios|Latiosite\n|move|p1a: Latios|Ice Beam|p2a: Flauschi\n|-supereffective|p2a: Flauschi\n|-damage|p2a: Flauschi|15\/100 tox\n|\n|-damage|p2a: Flauschi|9\/100 tox|[from] psn\n|upkeep\n|turn|14\n|\n|move|p1a: Latios|Ice Beam|p2a: Flauschi\n|-supereffective|p2a: Flauschi\n|-damage|p2a: Flauschi|0 tox\n|faint|p2a: Flauschi\n|\n|upkeep\n|\n|switch|p2a: Skorpi|Drapion, M|88\/100\n|turn|15\n|\n|switch|p1a: Ferrothorn|Ferrothorn, F|47\/100\n|-damage|p1a: Ferrothorn|40\/100|[from] Stealth Rock\n|move|p2a: Skorpi|Knock Off|p1a: Ferrothorn\n|-damage|p1a: Ferrothorn|15\/100\n|-damage|p2a: Skorpi|76\/100|[from] ability: Iron Barbs|[of] p1a: Ferrothorn\n|-enditem|p1a: Ferrothorn|Leftovers|[from] move: Knock Off|[of] p2a: Skorpi\n|\n|upkeep\n|turn|16\n|\n|move|p2a: Skorpi|Knock Off|p1a: Ferrothorn\n|-damage|p1a: Ferrothorn|0\n|-damage|p2a: Skorpi|63\/100|[from] ability: Iron Barbs|[of] p1a: Ferrothorn\n|faint|p1a: Ferrothorn\n|\n|upkeep\n|\n|switch|p1a: Latios|Latios-Mega, M|88\/100\n|-damage|p1a: Latios|75\/100|[from] Stealth Rock\n|turn|17\n|\n|switch|p2a: Billa|Krookodile, M|16\/100\n|-ability|p2a: Billa|Intimidate|boost\n|-unboost|p1a: Latios|atk|1\n|move|p1a: Latios|Draco Meteor|p2a: Billa\n|-damage|p2a: Billa|0\n|-unboost|p1a: Latios|spa|2\n|faint|p2a: Billa\n|\n|upkeep\n|\n|switch|p2a: AK47|Staraptor, M|100\/100\n|turn|18\n|\n|switch|p1a: Muk|Muk-Alola, M|62\/100\n|-damage|p1a: Muk|49\/100|[from] Stealth Rock\n|move|p2a: AK47|Double-Edge|p1a: Muk\n|-damage|p1a: Muk|0\n|-damage|p2a: AK47|80\/100|[from] Recoil\n|faint|p1a: Muk\n|\n|upkeep\n|\n|switch|p1a: Rotom|Rotom-Frost|100\/100\n|-damage|p1a: Rotom|76\/100|[from] Stealth Rock\n|turn|19\n|\n|move|p1a: Rotom|Discharge|p2a: AK47\n|-supereffective|p2a: AK47\n|-damage|p2a: AK47|0\n|faint|p2a: AK47\n|\n|upkeep\n|\n|switch|p2a: X|Crobat, F|100\/100\n|turn|20\n|\n|move|p2a: X|Heat Wave|p1a: Rotom\n|-supereffective|p1a: Rotom\n|-damage|p1a: Rotom|19\/100\n|move|p1a: Rotom|Discharge|p2a: X\n|-supereffective|p2a: X\n|-damage|p2a: X|0\n|faint|p2a: X\n|\n|upkeep\n|\n|switch|p2a: Skorpi|Drapion, M|63\/100\n|turn|21\n|\n|move|p1a: Rotom|Discharge|p2a: Skorpi\n|-damage|p2a: Skorpi|7\/100\n|move|p2a: Skorpi|Knock Off|p1a: Rotom\n|-damage|p1a: Rotom|0\n|-enditem|p1a: Rotom|Choice Scarf|[from] move: Knock Off|[of] p2a: Skorpi\n|faint|p1a: Rotom\n|\n|upkeep\n|\n|switch|p1a: Latios|Latios-Mega, M|75\/100\n|-damage|p1a: Latios|63\/100|[from] Stealth Rock\n|turn|22\n|\n|move|p1a: Latios|Ice Beam|p2a: Skorpi\n|-damage|p2a: Skorpi|0\n|faint|p2a: Skorpi\n|\n|win|White133\n","uploadtime":1534017557,"views":3,"p1id":"white133","p2id":"ogamer289","formatid":"gen7anythinggoes","rating":0,"private":0,"password":null}