{"id":"gen7ou-860601417","p1":"Moskito Cup","p2":"OUTX BTEAMBUILDER","format":"gen7ou","log":"|raw|<div class=\"broadcast-red\"><strong>This battle is invite-only!<\/strong><br \/>Users must be rank + or invited with <code>\/invite<\/code> to join<\/div>\n|j|\u2606Moskito Cup\n|j|\u2606OUTX BTEAMBUILDER\n|player|p1|Moskito Cup|1\n|player|p2|OUTX BTEAMBUILDER|sabrina-gen1rb\n|teamsize|p1|6\n|teamsize|p2|6\n|gametype|singles\n|gen|7\n|tier|[Gen 7] OU\n|rated|\n|rule|Sleep Clause Mod: Limit one foe put to sleep\n|rule|Species Clause: Limit one of each Pok\u00e9mon\n|rule|OHKO Clause: OHKO moves are banned\n|rule|Moody Clause: Moody is banned\n|rule|Evasion Moves Clause: Evasion moves are banned\n|rule|Endless Battle Clause: Forcing endless battles is banned\n|rule|HP Percentage Mod: HP is shown in percentages\n|clearpoke\n|poke|p1|Venusaur, M|item\n|poke|p1|Keldeo-Resolute|item\n|poke|p1|Skarmory, F|item\n|poke|p1|Chansey, F|item\n|poke|p1|Heatran, F|item\n|poke|p1|Bisharp, M|item\n|poke|p2|Tapu Lele|item\n|poke|p2|Lopunny, M|item\n|poke|p2|Heatran, M|item\n|poke|p2|Landorus-Therian, M|item\n|poke|p2|Tapu Fini|item\n|poke|p2|Kartana|item\n|teampreview\n|inactive|Battle timer is ON: inactive players will automatically lose when time's up. (requested by Moskito Cup)\n|\n|start\n|switch|p1a: Keldeo|Keldeo-Resolute|100\/100\n|switch|p2a: Tapu Lele|Tapu Lele|100\/100\n|-fieldstart|move: Psychic Terrain|[from] ability: Psychic Surge|[of] p2a: Tapu Lele\n|turn|1\n|\n|move|p1a: Keldeo|Substitute|p1a: Keldeo\n|-start|p1a: Keldeo|Substitute\n|-damage|p1a: Keldeo|75\/100\n|move|p2a: Tapu Lele|Moonblast|p1a: Keldeo\n|-supereffective|p1a: Keldeo\n|-end|p1a: Keldeo|Substitute\n|\n|-heal|p1a: Keldeo|82\/100|[from] item: Leftovers\n|upkeep\n|turn|2\n|\n|switch|p1a: Heatran|Heatran, F|100\/100\n|switch|p2a: Tapu Fini|Tapu Fini|100\/100\n|-fieldstart|move: Misty Terrain|[from] ability: Misty Surge|[of] p2a: Tapu Fini\n|\n|upkeep\n|turn|3\n|\n|move|p1a: Heatran|Stealth Rock|p2a: Tapu Fini\n|-sidestart|p2: OUTX BTEAMBUILDER|move: Stealth Rock\n|move|p2a: Tapu Fini|Surf|p1a: Heatran\n|-supereffective|p1a: Heatran\n|-damage|p1a: Heatran|53\/100\n|\n|-heal|p1a: Heatran|59\/100|[from] item: Leftovers\n|upkeep\n|turn|4\n|\n|switch|p1a: Bisharp|Bisharp, M|100\/100\n|move|p2a: Tapu Fini|Surf|p1a: Bisharp\n|-damage|p1a: Bisharp|57\/100\n|\n|-heal|p1a: Bisharp|63\/100|[from] item: Leftovers\n|upkeep\n|turn|5\n|\n|move|p2a: Tapu Fini|Surf|p1a: Bisharp\n|-damage|p1a: Bisharp|21\/100\n|move|p1a: Bisharp|Knock Off|p2a: Tapu Fini\n|-resisted|p2a: Tapu Fini\n|-crit|p2a: Tapu Fini\n|-damage|p2a: Tapu Fini|68\/100\n|-enditem|p2a: Tapu Fini|Leftovers|[from] move: Knock Off|[of] p1a: Bisharp\n|\n|-heal|p1a: Bisharp|27\/100|[from] item: Leftovers\n|upkeep\n|turn|6\n|\n|switch|p1a: Venusaur|Venusaur, M|100\/100\n|move|p2a: Tapu Fini|Defog|p1a: Venusaur\n|-unboost|p1a: Venusaur|evasion|1\n|-sideend|p2: OUTX BTEAMBUILDER|Stealth Rock|[from] move: Defog|[of] p2a: Tapu Fini\n|\n|-fieldend|Misty Terrain\n|upkeep\n|turn|7\n|\n|switch|p1a: Keldeo|Keldeo-Resolute|82\/100\n|move|p2a: Tapu Fini|Moonblast|p1a: Keldeo\n|-supereffective|p1a: Keldeo\n|-damage|p1a: Keldeo|9\/100\n|\n|-heal|p1a: Keldeo|15\/100|[from] item: Leftovers\n|upkeep\n|turn|8\n|\n|switch|p1a: Venusaur|Venusaur, M|100\/100\n|move|p2a: Tapu Fini|Moonblast|p1a: Venusaur\n|-resisted|p1a: Venusaur\n|-damage|p1a: Venusaur|87\/100\n|\n|upkeep\n|turn|9\n|\n|switch|p2a: Heatran|Heatran, M|100\/100\n|switch|p1a: Keldeo|Keldeo-Resolute|15\/100\n|\n|-heal|p1a: Keldeo|21\/100|[from] item: Leftovers\n|upkeep\n|turn|10\n|\n|move|p1a: Keldeo|Secret Sword|p2a: Heatran\n|-supereffective|p2a: Heatran\n|-damage|p2a: Heatran|30\/100\n|move|p2a: Heatran|Earth Power|p1a: Keldeo\n|-damage|p1a: Keldeo|0 fnt\n|faint|p1a: Keldeo\n|\n|-heal|p2a: Heatran|36\/100|[from] item: Leftovers\n|upkeep\n|\n|switch|p1a: Chansey|Chansey, F|100\/100\n|turn|11\n|\n|switch|p2a: Landorus|Landorus-Therian, M|100\/100\n|-ability|p2a: Landorus|Intimidate|boost\n|-unboost|p1a: Chansey|atk|1\n|move|p1a: Chansey|Seismic Toss|p2a: Landorus\n|-damage|p2a: Landorus|74\/100\n|\n|upkeep\n|turn|12\n|\n|switch|p1a: Skarmory|Skarmory, F|100\/100\n|move|p2a: Landorus|U-turn|p1a: Skarmory\n|-resisted|p1a: Skarmory\n|-damage|p1a: Skarmory|97\/100\n|-damage|p2a: Landorus|58\/100|[from] item: Rocky Helmet|[of] p1a: Skarmory\n|\n|switch|p2a: Heatran|Heatran, M|36\/100\n|\n|-heal|p2a: Heatran|42\/100|[from] item: Leftovers\n|upkeep\n|turn|13\n|\n|switch|p1a: Chansey|Chansey, F|100\/100\n|move|p2a: Heatran|Earth Power|p1a: Chansey\n|-damage|p1a: Chansey|92\/100\n|-unboost|p1a: Chansey|spd|1\n|\n|-heal|p2a: Heatran|49\/100|[from] item: Leftovers\n|upkeep\n|turn|14\n|\n|switch|p2a: Landorus|Landorus-Therian, M|58\/100\n|-ability|p2a: Landorus|Intimidate|boost\n|-unboost|p1a: Chansey|atk|1\n|move|p1a: Chansey|Thunder Wave|p2a: Landorus\n|-immune|p2a: Landorus\n|\n|upkeep\n|turn|15\n|\n|move|p2a: Landorus|U-turn|p1a: Chansey\n|-damage|p1a: Chansey|78\/100\n|\n|switch|p2a: Kartana|Kartana|100\/100\n|move|p1a: Chansey|Seismic Toss|p2a: Kartana\n|-damage|p2a: Kartana|62\/100\n|\n|upkeep\n|turn|16\n|\n|switch|p2a: Heatran|Heatran, M|49\/100\n|switch|p1a: Skarmory|Skarmory, F|97\/100\n|\n|-heal|p2a: Heatran|55\/100|[from] item: Leftovers\n|upkeep\n|turn|17\n|\n|switch|p1a: Chansey|Chansey, F|78\/100\n|move|p2a: Heatran|Lava Plume|p1a: Chansey\n|-damage|p1a: Chansey|67\/100\n|-status|p1a: Chansey|brn\n|\n|-heal|p2a: Heatran|61\/100|[from] item: Leftovers\n|-damage|p1a: Chansey|61\/100 brn|[from] brn\n|upkeep\n|turn|18\n|\n|move|p2a: Heatran|Stealth Rock|p1a: Chansey\n|-sidestart|p1: Moskito Cup|move: Stealth Rock\n|move|p1a: Chansey|Soft-Boiled|p1a: Chansey\n|-heal|p1a: Chansey|100\/100 brn\n|\n|-heal|p2a: Heatran|67\/100|[from] item: Leftovers\n|-damage|p1a: Chansey|94\/100 brn|[from] brn\n|upkeep\n|turn|19\n|\n|switch|p2a: Landorus|Landorus-Therian, M|58\/100\n|-ability|p2a: Landorus|Intimidate|boost\n|-unboost|p1a: Chansey|atk|1\n|move|p1a: Chansey|Seismic Toss|p2a: Landorus\n|-damage|p2a: Landorus|32\/100\n|\n|-damage|p1a: Chansey|88\/100 brn|[from] brn\n|upkeep\n|turn|20\n|\n|switch|p1a: Skarmory|Skarmory, F|97\/100\n|-damage|p1a: Skarmory|85\/100|[from] Stealth Rock\n|-zpower|p2a: Landorus\n|move|p2a: Landorus|Supersonic Skystrike|p1a: Skarmory|[zeffect]\n|-resisted|p1a: Skarmory\n|-damage|p1a: Skarmory|62\/100\n|\n|upkeep\n|turn|21\n|\n|switch|p2a: Tapu Lele|Tapu Lele|100\/100\n|-fieldstart|move: Psychic Terrain|[from] ability: Psychic Surge|[of] p2a: Tapu Lele\n|move|p1a: Skarmory|Roost|p1a: Skarmory\n|-heal|p1a: Skarmory|100\/100\n|-singleturn|p1a: Skarmory|move: Roost\n|\n|upkeep\n|turn|22\n|\n|switch|p1a: Chansey|Chansey, F|88\/100\n|-damage|p1a: Chansey|76\/100|[from] Stealth Rock\n|move|p2a: Tapu Lele|Psychic|p1a: Chansey\n|-damage|p1a: Chansey|43\/100\n|\n|upkeep\n|turn|23\n|\n|switch|p2a: Lopunny|Lopunny, M|100\/100\n|move|p1a: Chansey|Soft-Boiled|p1a: Chansey\n|-heal|p1a: Chansey|93\/100\n|\n|upkeep\n|turn|24\n|\n|switch|p1a: Skarmory|Skarmory, F|100\/100\n|-damage|p1a: Skarmory|88\/100|[from] Stealth Rock\n|detailschange|p2a: Lopunny|Lopunny-Mega, M\n|-mega|p2a: Lopunny|Lopunny|Lopunnite\n|move|p2a: Lopunny|High Jump Kick|p1a: Skarmory\n|-damage|p1a: Skarmory|44\/100\n|-damage|p2a: Lopunny|84\/100|[from] item: Rocky Helmet|[of] p1a: Skarmory\n|\n|upkeep\n|turn|25\n|\n|move|p2a: Lopunny|High Jump Kick|p1a: Skarmory\n|-damage|p1a: Skarmory|4\/100\n|-damage|p2a: Lopunny|67\/100|[from] item: Rocky Helmet|[of] p1a: Skarmory\n|move|p1a: Skarmory|Roost|p1a: Skarmory\n|-heal|p1a: Skarmory|54\/100\n|-singleturn|p1a: Skarmory|move: Roost\n|\n|-fieldend|move: Psychic Terrain\n|upkeep\n|turn|26\n|\n|switch|p2a: Tapu Lele|Tapu Lele|100\/100\n|-fieldstart|move: Psychic Terrain|[from] ability: Psychic Surge|[of] p2a: Tapu Lele\n|move|p1a: Skarmory|Roost|p1a: Skarmory\n|-heal|p1a: Skarmory|100\/100\n|-singleturn|p1a: Skarmory|move: Roost\n|\n|upkeep\n|turn|27\n|\n|move|p2a: Tapu Lele|Psychic|p1a: Skarmory\n|-resisted|p1a: Skarmory\n|-damage|p1a: Skarmory|32\/100\n|move|p1a: Skarmory|Spikes|p2a: Tapu Lele\n|-sidestart|p2: OUTX BTEAMBUILDER|Spikes\n|\n|upkeep\n|turn|28\n|\n|switch|p2a: Tapu Fini|Tapu Fini|68\/100\n|-damage|p2a: Tapu Fini|56\/100|[from] Spikes\n|-fieldstart|move: Misty Terrain|[from] ability: Misty Surge|[of] p2a: Tapu Fini\n|move|p1a: Skarmory|Roost|p1a: Skarmory\n|-heal|p1a: Skarmory|82\/100\n|-singleturn|p1a: Skarmory|move: Roost\n|\n|upkeep\n|turn|29\n|\n|switch|p1a: Venusaur|Venusaur, M|87\/100\n|-damage|p1a: Venusaur|74\/100|[from] Stealth Rock\n|move|p2a: Tapu Fini|Taunt|p1a: Venusaur\n|-start|p1a: Venusaur|move: Taunt\n|\n|upkeep\n|turn|30\n|\n|switch|p2a: Heatran|Heatran, M|67\/100\n|-damage|p2a: Heatran|55\/100|[from] Spikes\n|detailschange|p1a: Venusaur|Venusaur-Mega, M\n|-mega|p1a: Venusaur|Venusaur|Venusaurite\n|move|p1a: Venusaur|Giga Drain|p2a: Heatran\n|-resisted|p2a: Heatran\n|-damage|p2a: Heatran|50\/100\n|-heal|p1a: Venusaur|77\/100|[from] drain|[of] p2a: Heatran\n|\n|-heal|p2a: Heatran|56\/100|[from] item: Leftovers\n|upkeep\n|turn|31\n|\n|switch|p1a: Chansey|Chansey, F|93\/100\n|-damage|p1a: Chansey|80\/100|[from] Stealth Rock\n|move|p2a: Heatran|Lava Plume|p1a: Chansey\n|-damage|p1a: Chansey|69\/100\n|\n|-heal|p2a: Heatran|62\/100|[from] item: Leftovers\n|upkeep\n|turn|32\n|\n|switch|p2a: Kartana|Kartana|62\/100\n|-damage|p2a: Kartana|50\/100|[from] Spikes\n|move|p1a: Chansey|Seismic Toss|p2a: Kartana\n|-damage|p2a: Kartana|11\/100\n|\n|-fieldend|Misty Terrain\n|upkeep\n|turn|33\n|\n|switch|p1a: Venusaur|Venusaur-Mega, M|77\/100\n|-damage|p1a: Venusaur|65\/100|[from] Stealth Rock\n|move|p2a: Kartana|Knock Off|p1a: Venusaur\n|-damage|p1a: Venusaur|47\/100\n|\n|upkeep\n|turn|34\n|\n|switch|p2a: Heatran|Heatran, M|62\/100\n|-damage|p2a: Heatran|50\/100|[from] Spikes\n|move|p1a: Venusaur|Synthesis|p1a: Venusaur\n|-heal|p1a: Venusaur|97\/100\n|\n|-heal|p2a: Heatran|56\/100|[from] item: Leftovers\n|upkeep\n|turn|35\n|\n|switch|p2a: Tapu Lele|Tapu Lele|100\/100\n|-damage|p2a: Tapu Lele|88\/100|[from] Spikes\n|-fieldstart|move: Psychic Terrain|[from] ability: Psychic Surge|[of] p2a: Tapu Lele\n|switch|p1a: Chansey|Chansey, F|69\/100\n|-damage|p1a: Chansey|57\/100|[from] Stealth Rock\n|\n|upkeep\n|turn|36\n|\n|switch|p1a: Bisharp|Bisharp, M|27\/100\n|-damage|p1a: Bisharp|21\/100|[from] Stealth Rock\n|move|p2a: Tapu Lele|Psyshock|p1a: Bisharp\n|-immune|p1a: Bisharp\n|\n|-heal|p1a: Bisharp|27\/100|[from] item: Leftovers\n|upkeep\n|turn|37\n|\n|switch|p2a: Kartana|Kartana|11\/100\n|-damage|p2a: Kartana|0 fnt|[from] Spikes\n|faint|p2a: Kartana\n|move|p1a: Bisharp|Swords Dance|p1a: Bisharp\n|-boost|p1a: Bisharp|atk|2\n|\n|-heal|p1a: Bisharp|33\/100|[from] item: Leftovers\n|upkeep\n|\n|switch|p2a: Lopunny|Lopunny-Mega, M|67\/100\n|-damage|p2a: Lopunny|55\/100|[from] Spikes\n|turn|38\n|\n|switch|p1a: Venusaur|Venusaur-Mega, M|97\/100\n|-damage|p1a: Venusaur|85\/100|[from] Stealth Rock\n|move|p2a: Lopunny|High Jump Kick|p1a: Venusaur\n|-resisted|p1a: Venusaur\n|-damage|p1a: Venusaur|64\/100\n|\n|upkeep\n|turn|39\n|\n|switch|p2a: Heatran|Heatran, M|56\/100\n|-damage|p2a: Heatran|44\/100|[from] Spikes\n|move|p1a: Venusaur|Synthesis|p1a: Venusaur\n|-heal|p1a: Venusaur|100\/100\n|\n|-heal|p2a: Heatran|50\/100|[from] item: Leftovers\n|-fieldend|move: Psychic Terrain\n|upkeep\n|turn|40\n|\n|switch|p1a: Heatran|Heatran, F|59\/100\n|-damage|p1a: Heatran|47\/100|[from] Stealth Rock\n|move|p2a: Heatran|Earth Power|p1a: Heatran\n|-supereffective|p1a: Heatran\n|-damage|p1a: Heatran|0 fnt\n|faint|p1a: Heatran\n|\n|-heal|p2a: Heatran|56\/100|[from] item: Leftovers\n|upkeep\n|\n|switch|p1a: Chansey|Chansey, F|57\/100\n|-damage|p1a: Chansey|45\/100|[from] Stealth Rock\n|turn|41\n|\n|move|p2a: Heatran|Toxic|p1a: Chansey\n|-status|p1a: Chansey|tox\n|move|p1a: Chansey|Soft-Boiled|p1a: Chansey\n|-heal|p1a: Chansey|95\/100 tox\n|\n|-heal|p2a: Heatran|62\/100|[from] item: Leftovers\n|-damage|p1a: Chansey|89\/100 tox|[from] psn\n|upkeep\n|turn|42\n|\n|switch|p2a: Landorus|Landorus-Therian, M|32\/100\n|-ability|p2a: Landorus|Intimidate|boost\n|-unboost|p1a: Chansey|atk|1\n|move|p1a: Chansey|Seismic Toss|p2a: Landorus\n|-damage|p2a: Landorus|5\/100\n|\n|-damage|p1a: Chansey|76\/100 tox|[from] psn\n|upkeep\n|turn|43\n|\n|switch|p2a: Tapu Fini|Tapu Fini|56\/100\n|-damage|p2a: Tapu Fini|44\/100|[from] Spikes\n|-fieldstart|move: Misty Terrain|[from] ability: Misty Surge|[of] p2a: Tapu Fini\n|-curestatus|p1a: Chansey|tox|[from] ability: Natural Cure\n|switch|p1a: Skarmory|Skarmory, F|82\/100\n|-damage|p1a: Skarmory|70\/100|[from] Stealth Rock\n|\n|upkeep\n|turn|44\n|\n|switch|p1a: Venusaur|Venusaur-Mega, M|100\/100\n|-damage|p1a: Venusaur|88\/100|[from] Stealth Rock\n|move|p2a: Tapu Fini|Defog|p1a: Venusaur\n|-unboost|p1a: Venusaur|evasion|1\n|-sideend|p1: Moskito Cup|Stealth Rock|[from] move: Defog|[of] p2a: Tapu Fini\n|-sideend|p2: OUTX BTEAMBUILDER|Spikes|[from] move: Defog|[of] p2a: Tapu Fini\n|\n|upkeep\n|turn|45\n|\n|switch|p2a: Heatran|Heatran, M|62\/100\n|switch|p1a: Chansey|Chansey, F|76\/100\n|\n|-heal|p2a: Heatran|69\/100|[from] item: Leftovers\n|upkeep\n|turn|46\n|\n|move|p2a: Heatran|Stealth Rock|p1a: Chansey\n|-sidestart|p1: Moskito Cup|move: Stealth Rock\n|move|p1a: Chansey|Seismic Toss|p2a: Heatran\n|-damage|p2a: Heatran|43\/100\n|\n|-heal|p2a: Heatran|49\/100|[from] item: Leftovers\n|upkeep\n|turn|47\n|\n|switch|p2a: Landorus|Landorus-Therian, M|5\/100\n|-ability|p2a: Landorus|Intimidate|boost\n|-unboost|p1a: Chansey|atk|1\n|move|p1a: Chansey|Seismic Toss|p2a: Landorus\n|-damage|p2a: Landorus|0 fnt\n|faint|p2a: Landorus\n|\n|-fieldend|Misty Terrain\n|upkeep\n|\n|switch|p2a: Lopunny|Lopunny-Mega, M|55\/100\n|turn|48\n|\n|switch|p1a: Venusaur|Venusaur-Mega, M|88\/100\n|-damage|p1a: Venusaur|76\/100|[from] Stealth Rock\n|move|p2a: Lopunny|High Jump Kick|p1a: Venusaur\n|-resisted|p1a: Venusaur\n|-damage|p1a: Venusaur|57\/100\n|\n|upkeep\n|turn|49\n|\n|switch|p2a: Heatran|Heatran, M|49\/100\n|move|p1a: Venusaur|Synthesis|p1a: Venusaur\n|-heal|p1a: Venusaur|100\/100\n|\n|-heal|p2a: Heatran|55\/100|[from] item: Leftovers\n|upkeep\n|turn|50\n|\n|move|p2a: Heatran|Toxic|p1a: Venusaur\n|-immune|p1a: Venusaur\n|move|p1a: Venusaur|Giga Drain|p2a: Heatran\n|-resisted|p2a: Heatran\n|-damage|p2a: Heatran|50\/100\n|\n|-heal|p2a: Heatran|56\/100|[from] item: Leftovers\n|upkeep\n|turn|51\n|\n|switch|p1a: Chansey|Chansey, F|76\/100\n|-damage|p1a: Chansey|64\/100|[from] Stealth Rock\n|move|p2a: Heatran|Toxic|p1a: Chansey\n|-status|p1a: Chansey|tox\n|\n|-heal|p2a: Heatran|62\/100|[from] item: Leftovers\n|-damage|p1a: Chansey|58\/100 tox|[from] psn\n|upkeep\n|turn|52\n|\n|switch|p2a: Lopunny|Lopunny-Mega, M|55\/100\n|move|p1a: Chansey|Thunder Wave|p2a: Lopunny\n|-status|p2a: Lopunny|par\n|\n|-damage|p1a: Chansey|46\/100 tox|[from] psn\n|upkeep\n|turn|53\n|\n|-curestatus|p1a: Chansey|tox|[from] ability: Natural Cure\n|switch|p1a: Skarmory|Skarmory, F|70\/100\n|-damage|p1a: Skarmory|58\/100|[from] Stealth Rock\n|cant|p2a: Lopunny|par\n|\n|upkeep\n|turn|54\n|\n|switch|p2a: Tapu Lele|Tapu Lele|88\/100\n|-fieldstart|move: Psychic Terrain|[from] ability: Psychic Surge|[of] p2a: Tapu Lele\n|move|p1a: Skarmory|Spikes|p2a: Tapu Lele\n|-sidestart|p2: OUTX BTEAMBUILDER|Spikes\n|\n|upkeep\n|turn|55\n|\n|move|p2a: Tapu Lele|Moonblast|p1a: Skarmory\n|-resisted|p1a: Skarmory\n|-damage|p1a: Skarmory|6\/100\n|-unboost|p1a: Skarmory|spa|1\n|move|p1a: Skarmory|Brave Bird|p2a: Tapu Lele\n|-damage|p2a: Tapu Lele|40\/100\n|-damage|p1a: Skarmory|0 fnt|[from] Recoil\n|faint|p1a: Skarmory\n|\n|upkeep\n|\n|switch|p1a: Chansey|Chansey, F|46\/100\n|-damage|p1a: Chansey|33\/100|[from] Stealth Rock\n|turn|56\n|\n|switch|p2a: Lopunny|Lopunny-Mega, M|55\/100 par\n|-damage|p2a: Lopunny|43\/100 par|[from] Spikes\n|move|p1a: Chansey|Soft-Boiled|p1a: Chansey\n|-heal|p1a: Chansey|83\/100\n|\n|upkeep\n|turn|57\n|\n|switch|p1a: Venusaur|Venusaur-Mega, M|100\/100\n|-damage|p1a: Venusaur|88\/100|[from] Stealth Rock\n|move|p2a: Lopunny|High Jump Kick|p1a: Venusaur\n|-resisted|p1a: Venusaur\n|-damage|p1a: Venusaur|66\/100\n|\n|upkeep\n|turn|58\n|\n|switch|p2a: Heatran|Heatran, M|62\/100\n|-damage|p2a: Heatran|50\/100|[from] Spikes\n|move|p1a: Venusaur|Synthesis|p1a: Venusaur\n|-heal|p1a: Venusaur|100\/100\n|\n|-heal|p2a: Heatran|56\/100|[from] item: Leftovers\n|-fieldend|move: Psychic Terrain\n|upkeep\n|turn|59\n|\n|switch|p1a: Chansey|Chansey, F|83\/100\n|-damage|p1a: Chansey|71\/100|[from] Stealth Rock\n|move|p2a: Heatran|Toxic|p1a: Chansey\n|-status|p1a: Chansey|tox\n|\n|-heal|p2a: Heatran|62\/100|[from] item: Leftovers\n|-damage|p1a: Chansey|65\/100 tox|[from] psn\n|upkeep\n|turn|60\n|\n|switch|p2a: Lopunny|Lopunny-Mega, M|43\/100 par\n|-damage|p2a: Lopunny|31\/100 par|[from] Spikes\n|move|p1a: Chansey|Soft-Boiled|p1a: Chansey\n|-heal|p1a: Chansey|100\/100 tox\n|\n|-damage|p1a: Chansey|88\/100 tox|[from] psn\n|upkeep\n|turn|61\n|\n|-curestatus|p1a: Chansey|tox|[from] ability: Natural Cure\n|switch|p1a: Venusaur|Venusaur-Mega, M|100\/100\n|-damage|p1a: Venusaur|88\/100|[from] Stealth Rock\n|move|p2a: Lopunny|Return|p1a: Venusaur\n|-damage|p1a: Venusaur|56\/100\n|\n|upkeep\n|turn|62\n|\n|switch|p2a: Heatran|Heatran, M|62\/100\n|-damage|p2a: Heatran|50\/100|[from] Spikes\n|move|p1a: Venusaur|Synthesis|p1a: Venusaur\n|-heal|p1a: Venusaur|100\/100\n|\n|-heal|p2a: Heatran|56\/100|[from] item: Leftovers\n|upkeep\n|turn|63\n|\n|switch|p1a: Chansey|Chansey, F|88\/100\n|-damage|p1a: Chansey|76\/100|[from] Stealth Rock\n|move|p2a: Heatran|Toxic|p1a: Chansey|[miss]\n|-miss|p2a: Heatran|p1a: Chansey\n|\n|-heal|p2a: Heatran|62\/100|[from] item: Leftovers\n|upkeep\n|turn|64\n|\n|switch|p2a: Tapu Fini|Tapu Fini|44\/100\n|-damage|p2a: Tapu Fini|31\/100|[from] Spikes\n|-fieldstart|move: Misty Terrain|[from] ability: Misty Surge|[of] p2a: Tapu Fini\n|move|p1a: Chansey|Seismic Toss|p2a: Tapu Fini\n|-damage|p2a: Tapu Fini|2\/100\n|\n|upkeep\n|turn|65\n|\n|move|p2a: Tapu Fini|Defog|p1a: Chansey\n|-unboost|p1a: Chansey|evasion|1\n|-sideend|p1: Moskito Cup|Stealth Rock|[from] move: Defog|[of] p2a: Tapu Fini\n|-sideend|p2: OUTX BTEAMBUILDER|Spikes|[from] move: Defog|[of] p2a: Tapu Fini\n|move|p1a: Chansey|Seismic Toss|p2a: Tapu Fini\n|-damage|p2a: Tapu Fini|0 fnt\n|faint|p2a: Tapu Fini\n|\n|upkeep\n|\n|switch|p2a: Lopunny|Lopunny-Mega, M|31\/100 par\n|turn|66\n|\n|switch|p1a: Venusaur|Venusaur-Mega, M|100\/100\n|move|p2a: Lopunny|High Jump Kick|p1a: Venusaur\n|-resisted|p1a: Venusaur\n|-damage|p1a: Venusaur|82\/100\n|\n|upkeep\n|turn|67\n|\n|switch|p2a: Heatran|Heatran, M|62\/100\n|switch|p1a: Chansey|Chansey, F|76\/100\n|\n|-heal|p2a: Heatran|69\/100|[from] item: Leftovers\n|upkeep\n|turn|68\n|\n|move|p2a: Heatran|Stealth Rock|p1a: Chansey\n|-sidestart|p1: Moskito Cup|move: Stealth Rock\n|move|p1a: Chansey|Seismic Toss|p2a: Heatran\n|-damage|p2a: Heatran|43\/100\n|\n|-heal|p2a: Heatran|49\/100|[from] item: Leftovers\n|-fieldend|Misty Terrain\n|upkeep\n|turn|69\n|\n|move|p2a: Heatran|Toxic|p1a: Chansey|[miss]\n|-miss|p2a: Heatran|p1a: Chansey\n|move|p1a: Chansey|Seismic Toss|p2a: Heatran\n|-damage|p2a: Heatran|23\/100\n|\n|-heal|p2a: Heatran|29\/100|[from] item: Leftovers\n|upkeep\n|turn|70\n|\n|switch|p2a: Lopunny|Lopunny-Mega, M|31\/100 par\n|move|p1a: Chansey|Seismic Toss|p2a: Lopunny\n|-damage|p2a: Lopunny|0 fnt\n|faint|p2a: Lopunny\n|\n|upkeep\n|\n|switch|p2a: Tapu Lele|Tapu Lele|40\/100\n|-fieldstart|move: Psychic Terrain|[from] ability: Psychic Surge|[of] p2a: Tapu Lele\n|turn|71\n|\n|switch|p1a: Venusaur|Venusaur-Mega, M|82\/100\n|-damage|p1a: Venusaur|69\/100|[from] Stealth Rock\n|move|p2a: Tapu Lele|Psyshock|p1a: Venusaur\n|-supereffective|p1a: Venusaur\n|-damage|p1a: Venusaur|0 fnt\n|faint|p1a: Venusaur\n|\n|upkeep\n|\n|switch|p1a: Bisharp|Bisharp, M|33\/100\n|-damage|p1a: Bisharp|27\/100|[from] Stealth Rock\n|turn|72\n|\n|switch|p2a: Heatran|Heatran, M|29\/100\n|move|p1a: Bisharp|Knock Off|p2a: Heatran\n|-damage|p2a: Heatran|0 fnt\n|-enditem|p2a: Heatran|Leftovers|[from] move: Knock Off|[of] p1a: Bisharp\n|faint|p2a: Heatran\n|\n|-heal|p1a: Bisharp|33\/100|[from] item: Leftovers\n|upkeep\n|-message|OUTX BTEAMBUILDER forfeited.\n|\n|win|Moskito Cup\n|l|\u2606OUTX BTEAMBUILDER\n|raw|Moskito Cup's rating: 1829 &rarr; <strong>1853<\/strong><br \/>(+24 for winning)\n|raw|OUTX BTEAMBUILDER's rating: 1889 &rarr; <strong>1866<\/strong><br \/>(-23 for losing)\n|c|\u2606Moskito Cup|\/log Moskito Cup made this room public.\n","uploadtime":1549764684,"views":547,"p1id":"moskitocup","p2id":"outxbteambuilder","formatid":"gen7ou","rating":1853,"private":0,"password":null}