{"id":"gen7uu-970884314","p1":"Caboose i is","p2":"Igotthegat","format":"gen7uu","log":"|j|\u2606Caboose i is\n|j|\u2606Igotthegat\n|player|p1|Caboose i is|36|1283\n|player|p2|Igotthegat|170|1212\n|teamsize|p1|6\n|teamsize|p2|6\n|gametype|singles\n|gen|7\n|tier|[Gen 7] UU\n|rated|\n|rule|Sleep Clause Mod: Limit one foe put to sleep\n|rule|Species Clause: Limit one of each Pok\u00e9mon\n|rule|OHKO Clause: OHKO moves are banned\n|rule|Moody Clause: Moody is banned\n|rule|Evasion Moves Clause: Evasion moves are banned\n|rule|Endless Battle Clause: Forcing endless battles is banned\n|rule|HP Percentage Mod: HP is shown in percentages\n|clearpoke\n|poke|p1|Aggron, M|item\n|poke|p1|Nihilego|item\n|poke|p1|Rotom-Heat|item\n|poke|p1|Chesnaught, F|item\n|poke|p1|Spiritomb, F|item\n|poke|p1|Swampert, F|item\n|poke|p2|Zeraora|item\n|poke|p2|Gligar, M|item\n|poke|p2|Rotom-Mow|item\n|poke|p2|Infernape, M|item\n|poke|p2|Alomomola, M|item\n|poke|p2|Mamoswine, M|item\n|teampreview\n|inactive|Battle timer is ON: inactive players will automatically lose when time's up. (requested by Caboose i is)\n|\n|start\n|switch|p1a: Rotom|Rotom-Heat|100\/100\n|switch|p2a: Alomomola|Alomomola, M|100\/100\n|turn|1\n|\n|move|p2a: Alomomola|Protect|p2a: Alomomola\n|-singleturn|p2a: Alomomola|Protect\n|move|p1a: Rotom|Trick|p2a: Alomomola\n|-activate|p2a: Alomomola|move: Protect\n|\n|upkeep\n|turn|2\n|\n|switch|p1a: Aggron|Aggron, M, shiny|100\/100\n|switch|p2a: Infernape|Infernape, M|100\/100\n|\n|upkeep\n|turn|3\n|\n|detailschange|p1a: Aggron|Aggron-Mega, M, shiny\n|-mega|p1a: Aggron|Aggron|Aggronite\n|move|p2a: Infernape|U-turn|p1a: Aggron\n|-resisted|p1a: Aggron\n|-damage|p1a: Aggron|95\/100\n|\n|switch|p2a: Rotom|Rotom-Mow|100\/100|[from]move: U-turn\n|move|p1a: Aggron|Earthquake|p2a: Rotom\n|-immune|p2a: Rotom|[from] ability: Levitate\n|\n|upkeep\n|turn|4\n|\n|move|p2a: Rotom|Thunderbolt|p1a: Aggron\n|-damage|p1a: Aggron|63\/100\n|move|p1a: Aggron|Stealth Rock|p2a: Rotom\n|-sidestart|p2: Igotthegat|move: Stealth Rock\n|\n|upkeep\n|turn|5\n|inactive|Igotthegat has 120 seconds left.\n|\n|switch|p1a: Rotom|Rotom-Heat|100\/100\n|move|p2a: Rotom|Thunderbolt|p1a: Rotom\n|-resisted|p1a: Rotom\n|-damage|p1a: Rotom|75\/100\n|\n|upkeep\n|turn|6\n|inactive|Igotthegat has 120 seconds left.\n|\n|switch|p2a: Infernape|Infernape, M|100\/100\n|-damage|p2a: Infernape|88\/100|[from] Stealth Rock\n|move|p1a: Rotom|Trick|p2a: Infernape\n|-activate|p1a: Rotom|move: Trick|[of] p2a: Infernape\n|-item|p2a: Infernape|Choice Scarf|[from] move: Trick\n|-item|p1a: Rotom|Choice Scarf|[from] move: Trick\n|\n|upkeep\n|turn|7\n|inactive|Igotthegat has 120 seconds left.\n|\n|move|p2a: Infernape|Flare Blitz|p1a: Rotom\n|-resisted|p1a: Rotom\n|-damage|p1a: Rotom|38\/100\n|-damage|p2a: Infernape|78\/100|[from] Recoil\n|move|p1a: Rotom|Volt Switch|p2a: Infernape\n|-damage|p2a: Infernape|29\/100\n|\n|switch|p1a: Swampert|Swampert, F, shiny|100\/100|[from]move: Volt Switch\n|\n|upkeep\n|turn|8\n|\n|switch|p2a: Alomomola|Alomomola, M|100\/100\n|-damage|p2a: Alomomola|88\/100|[from] Stealth Rock\n|move|p1a: Swampert|Roar|p2a: Alomomola\n|drag|p2a: Gligar|Gligar, M|100\/100\n|-damage|p2a: Gligar|88\/100|[from] Stealth Rock\n|\n|upkeep\n|turn|9\n|\n|switch|p2a: Alomomola|Alomomola, M|100\/100\n|-damage|p2a: Alomomola|88\/100|[from] Stealth Rock\n|move|p1a: Swampert|Scald|p2a: Alomomola\n|-resisted|p2a: Alomomola\n|-damage|p2a: Alomomola|77\/100\n|-status|p2a: Alomomola|brn\n|\n|-heal|p2a: Alomomola|83\/100 brn|[from] item: Leftovers\n|-damage|p2a: Alomomola|77\/100 brn|[from] brn\n|upkeep\n|turn|10\n|\n|switch|p1a: Chesnaught|Chesnaught, F, shiny|100\/100\n|move|p2a: Alomomola|Protect||[still]\n|-fail|p2a: Alomomola\n|\n|-heal|p2a: Alomomola|83\/100 brn|[from] item: Leftovers\n|-damage|p2a: Alomomola|77\/100 brn|[from] brn\n|upkeep\n|turn|11\n|\n|switch|p2a: Gligar|Gligar, M|88\/100\n|-damage|p2a: Gligar|76\/100|[from] Stealth Rock\n|move|p1a: Chesnaught|Spikes|p2a: Gligar\n|-sidestart|p2: Igotthegat|Spikes\n|\n|upkeep\n|turn|12\n|\n|move|p2a: Gligar|Defog|p1a: Chesnaught\n|-unboost|p1a: Chesnaught|evasion|1\n|-sideend|p2: Igotthegat|Spikes|[from] move: Defog|[of] p2a: Gligar\n|-sideend|p2: Igotthegat|Stealth Rock|[from] move: Defog|[of] p2a: Gligar\n|move|p1a: Chesnaught|Spikes|p2a: Gligar\n|-sidestart|p2: Igotthegat|Spikes\n|\n|upkeep\n|turn|13\n|\n|move|p2a: Gligar|Knock Off|p1a: Chesnaught\n|-resisted|p1a: Chesnaught\n|-damage|p1a: Chesnaught|95\/100\n|-enditem|p1a: Chesnaught|Leftovers|[from] move: Knock Off|[of] p2a: Gligar\n|move|p1a: Chesnaught|Wood Hammer|p2a: Gligar\n|-damage|p2a: Gligar|53\/100\n|-damage|p1a: Chesnaught|89\/100|[from] Recoil\n|\n|upkeep\n|turn|14\n|\n|switch|p1a: Rotom|Rotom-Heat|38\/100\n|move|p2a: Gligar|Roost|p2a: Gligar\n|-heal|p2a: Gligar|100\/100\n|-singleturn|p2a: Gligar|move: Roost\n|\n|upkeep\n|turn|15\n|\n|switch|p2a: Infernape|Infernape, M|29\/100\n|-damage|p2a: Infernape|17\/100|[from] Spikes\n|move|p1a: Rotom|Volt Switch|p2a: Infernape\n|-damage|p2a: Infernape|0 fnt\n|faint|p2a: Infernape\n|\n|switch|p1a: Aggron|Aggron-Mega, M, shiny|63\/100|[from]move: Volt Switch\n|\n|upkeep\n|\n|switch|p2a: Alomomola|Alomomola, M|100\/100 brn\n|-damage|p2a: Alomomola|88\/100 brn|[from] Spikes\n|turn|16\n|\n|move|p2a: Alomomola|Toxic|p1a: Aggron\n|-immune|p1a: Aggron\n|move|p1a: Aggron|Stealth Rock|p2a: Alomomola\n|-sidestart|p2: Igotthegat|move: Stealth Rock\n|\n|-heal|p2a: Alomomola|94\/100 brn|[from] item: Leftovers\n|-damage|p2a: Alomomola|88\/100 brn|[from] brn\n|upkeep\n|turn|17\n|\n|move|p2a: Alomomola|Scald|p1a: Aggron\n|-damage|p1a: Aggron|51\/100\n|move|p1a: Aggron|Earthquake|p2a: Alomomola\n|-damage|p2a: Alomomola|70\/100 brn\n|\n|-heal|p2a: Alomomola|76\/100 brn|[from] item: Leftovers\n|-damage|p2a: Alomomola|70\/100 brn|[from] brn\n|upkeep\n|turn|18\n|\n|switch|p1a: Nihilego|Nihilego, shiny|100\/100\n|move|p2a: Alomomola|Scald|p1a: Nihilego\n|-supereffective|p1a: Nihilego\n|-damage|p1a: Nihilego|87\/100\n|\n|-heal|p2a: Alomomola|76\/100 brn|[from] item: Leftovers\n|-damage|p2a: Alomomola|70\/100 brn|[from] brn\n|upkeep\n|turn|19\n|\n|move|p2a: Alomomola|Protect|p2a: Alomomola\n|-singleturn|p2a: Alomomola|Protect\n|move|p1a: Nihilego|Power Gem|p2a: Alomomola\n|-activate|p2a: Alomomola|move: Protect\n|\n|-heal|p2a: Alomomola|76\/100 brn|[from] item: Leftovers\n|-damage|p2a: Alomomola|70\/100 brn|[from] brn\n|upkeep\n|turn|20\n|\n|switch|p2a: Gligar|Gligar, M|100\/100\n|-damage|p2a: Gligar|88\/100|[from] Stealth Rock\n|move|p1a: Nihilego|Sludge Wave|p2a: Gligar\n|-resisted|p2a: Gligar\n|-damage|p2a: Gligar|68\/100\n|\n|upkeep\n|turn|21\n|\n|switch|p1a: Spiritomb|Spiritomb, F, shiny|100\/100\n|move|p2a: Gligar|Knock Off|p1a: Spiritomb\n|-crit|p1a: Spiritomb\n|-damage|p1a: Spiritomb|81\/100\n|\n|upkeep\n|turn|22\n|\n|move|p2a: Gligar|Defog|p1a: Spiritomb\n|-unboost|p1a: Spiritomb|evasion|1\n|-sideend|p2: Igotthegat|Spikes|[from] move: Defog|[of] p2a: Gligar\n|-sideend|p2: Igotthegat|Stealth Rock|[from] move: Defog|[of] p2a: Gligar\n|move|p1a: Spiritomb|Will-O-Wisp|p2a: Gligar\n|-status|p2a: Gligar|brn\n|\n|-damage|p2a: Gligar|62\/100 brn|[from] brn\n|upkeep\n|turn|23\n|\n|move|p2a: Gligar|Roost|p2a: Gligar\n|-heal|p2a: Gligar|100\/100 brn\n|-singleturn|p2a: Gligar|move: Roost\n|move|p1a: Spiritomb|Pursuit|p2a: Gligar\n|-damage|p2a: Gligar|90\/100 brn\n|\n|-damage|p2a: Gligar|84\/100 brn|[from] brn\n|upkeep\n|turn|24\n|\n|move|p2a: Gligar|Toxic|p1a: Spiritomb\n|-status|p1a: Spiritomb|tox\n|-zpower|p1a: Spiritomb\n|move|p1a: Spiritomb|Black Hole Eclipse|p2a: Gligar|[zeffect]\n|-damage|p2a: Gligar|40\/100 brn\n|\n|-damage|p2a: Gligar|34\/100 brn|[from] brn\n|-damage|p1a: Spiritomb|75\/100 tox|[from] psn\n|upkeep\n|turn|25\n|\n|switch|p1a: Rotom|Rotom-Heat|38\/100\n|move|p2a: Gligar|Roost|p2a: Gligar\n|-heal|p2a: Gligar|84\/100 brn\n|-singleturn|p2a: Gligar|move: Roost\n|\n|-damage|p2a: Gligar|78\/100 brn|[from] brn\n|upkeep\n|turn|26\n|\n|switch|p2a: Mamoswine|Mamoswine, M|100\/100\n|move|p1a: Rotom|Trick|p2a: Mamoswine\n|-activate|p1a: Rotom|move: Trick|[of] p2a: Mamoswine\n|-item|p2a: Mamoswine|Choice Scarf|[from] move: Trick\n|-item|p1a: Rotom|Life Orb|[from] move: Trick\n|\n|upkeep\n|turn|27\n|inactive|Igotthegat has 120 seconds left.\n|\n|switch|p1a: Chesnaught|Chesnaught, F, shiny|89\/100\n|move|p2a: Mamoswine|Icicle Crash|p1a: Chesnaught|[miss]\n|-miss|p2a: Mamoswine|p1a: Chesnaught\n|\n|upkeep\n|turn|28\n|inactive|Igotthegat has 120 seconds left.\n|\n|switch|p1a: Aggron|Aggron-Mega, M, shiny|51\/100\n|move|p2a: Mamoswine|Icicle Crash|p1a: Aggron\n|-resisted|p1a: Aggron\n|-damage|p1a: Aggron|41\/100\n|\n|upkeep\n|turn|29\n|inactive|Igotthegat has 120 seconds left.\n|\n|switch|p2a: Rotom|Rotom-Mow|100\/100\n|move|p1a: Aggron|Stealth Rock|p2a: Rotom\n|-sidestart|p2: Igotthegat|move: Stealth Rock\n|\n|upkeep\n|turn|30\n|inactive|Igotthegat has 120 seconds left.\n|\n|switch|p1a: Chesnaught|Chesnaught, F, shiny|89\/100\n|-zpower|p2a: Rotom\n|move|p2a: Rotom|Bloom Doom|p1a: Chesnaught|[zeffect]\n|-resisted|p1a: Chesnaught\n|-damage|p1a: Chesnaught|39\/100\n|\n|upkeep\n|turn|31\n|inactive|Igotthegat has 120 seconds left.\n|\n|move|p2a: Rotom|Volt Switch|p1a: Chesnaught\n|-resisted|p1a: Chesnaught\n|-damage|p1a: Chesnaught|20\/100\n|\n|switch|p2a: Gligar|Gligar, M|78\/100 brn|[from]move: Volt Switch\n|-damage|p2a: Gligar|66\/100 brn|[from] Stealth Rock\n|move|p1a: Chesnaught|Drain Punch|p2a: Gligar\n|-resisted|p2a: Gligar\n|-damage|p2a: Gligar|59\/100 brn\n|-heal|p1a: Chesnaught|23\/100|[from] drain|[of] p2a: Gligar\n|\n|-damage|p2a: Gligar|53\/100 brn|[from] brn\n|upkeep\n|turn|32\n|\n|move|p2a: Gligar|Toxic|p1a: Chesnaught|[miss]\n|-miss|p2a: Gligar|p1a: Chesnaught\n|move|p1a: Chesnaught|Synthesis|p1a: Chesnaught\n|-heal|p1a: Chesnaught|73\/100\n|\n|-damage|p2a: Gligar|47\/100 brn|[from] brn\n|upkeep\n|turn|33\n|\n|switch|p1a: Spiritomb|Spiritomb, F, shiny|75\/100 tox\n|move|p2a: Gligar|Roost|p2a: Gligar\n|-heal|p2a: Gligar|97\/100 brn\n|-singleturn|p2a: Gligar|move: Roost\n|\n|-damage|p2a: Gligar|91\/100 brn|[from] brn\n|-damage|p1a: Spiritomb|69\/100 tox|[from] psn\n|upkeep\n|turn|34\n|\n|move|p2a: Gligar|Defog|p1a: Spiritomb\n|-unboost|p1a: Spiritomb|evasion|1\n|-sideend|p2: Igotthegat|Stealth Rock|[from] move: Defog|[of] p2a: Gligar\n|move|p1a: Spiritomb|Foul Play|p2a: Gligar\n|-damage|p2a: Gligar|78\/100 brn\n|\n|-damage|p2a: Gligar|72\/100 brn|[from] brn\n|-damage|p1a: Spiritomb|58\/100 tox|[from] psn\n|upkeep\n|turn|35\n|inactive|Caboose i is has 120 seconds left.\n|\n|switch|p1a: Nihilego|Nihilego, shiny|87\/100\n|move|p2a: Gligar|Knock Off|p1a: Nihilego\n|-damage|p1a: Nihilego|73\/100\n|-enditem|p1a: Nihilego|Assault Vest|[from] move: Knock Off|[of] p2a: Gligar\n|\n|-damage|p2a: Gligar|66\/100 brn|[from] brn\n|upkeep\n|turn|36\n|\n|switch|p2a: Alomomola|Alomomola, M|100\/100 brn\n|move|p1a: Nihilego|Power Gem|p2a: Alomomola\n|-damage|p2a: Alomomola|64\/100 brn\n|\n|-heal|p2a: Alomomola|70\/100 brn|[from] item: Leftovers\n|-damage|p2a: Alomomola|64\/100 brn|[from] brn\n|upkeep\n|turn|37\n|inactive|Caboose i is has 90 seconds left.\n|inactive|Caboose i is has 60 seconds left.\n|\n|switch|p1a: Chesnaught|Chesnaught, F, shiny|73\/100\n|move|p2a: Alomomola|Wish|p2a: Alomomola\n|\n|-heal|p2a: Alomomola|70\/100 brn|[from] item: Leftovers\n|-damage|p2a: Alomomola|64\/100 brn|[from] brn\n|upkeep\n|turn|38\n|\n|switch|p2a: Gligar|Gligar, M|66\/100 brn\n|move|p1a: Chesnaught|Spikes|p2a: Gligar\n|-sidestart|p2: Igotthegat|Spikes\n|\n|-heal|p2a: Gligar|100\/100 brn|[from] move: Wish|[wisher] Alomomola\n|-damage|p2a: Gligar|95\/100 brn|[from] brn\n|upkeep\n|turn|39\n|\n|switch|p1a: Rotom|Rotom-Heat|38\/100\n|move|p2a: Gligar|Toxic|p1a: Rotom\n|-status|p1a: Rotom|tox\n|\n|-damage|p1a: Rotom|32\/100 tox|[from] psn\n|-damage|p2a: Gligar|89\/100 brn|[from] brn\n|upkeep\n|turn|40\n|\n|switch|p2a: Zeraora|Zeraora|100\/100\n|-damage|p2a: Zeraora|88\/100|[from] Spikes\n|move|p1a: Rotom|Trick|p2a: Zeraora\n|-activate|p1a: Rotom|move: Trick|[of] p2a: Zeraora\n|-item|p2a: Zeraora|Life Orb|[from] move: Trick\n|-item|p1a: Rotom|Life Orb|[from] move: Trick\n|\n|-damage|p1a: Rotom|20\/100 tox|[from] psn\n|upkeep\n|turn|41\n|inactive|Caboose i is has 90 seconds left.\n|inactive|Igotthegat has 120 seconds left.\n|\n|move|p2a: Zeraora|Knock Off|p1a: Rotom\n|-damage|p1a: Rotom|0 fnt\n|-enditem|p1a: Rotom|Life Orb|[from] move: Knock Off|[of] p2a: Zeraora\n|-damage|p2a: Zeraora|78\/100|[from] item: Life Orb\n|faint|p1a: Rotom\n|\n|upkeep\n|\n|switch|p1a: Chesnaught|Chesnaught, F, shiny|73\/100\n|turn|42\n|\n|move|p2a: Zeraora|Close Combat|p1a: Chesnaught\n|-damage|p1a: Chesnaught|47\/100\n|-unboost|p2a: Zeraora|def|1\n|-unboost|p2a: Zeraora|spd|1\n|-damage|p2a: Zeraora|69\/100|[from] item: Life Orb\n|move|p1a: Chesnaught|Wood Hammer|p2a: Zeraora\n|-damage|p2a: Zeraora|0 fnt\n|-damage|p1a: Chesnaught|28\/100|[from] Recoil\n|faint|p2a: Zeraora\n|\n|upkeep\n|inactive|Igotthegat has 120 seconds left.\n|\n|switch|p2a: Mamoswine|Mamoswine, M|100\/100\n|-damage|p2a: Mamoswine|88\/100|[from] Spikes\n|turn|43\n|inactive|Igotthegat has 120 seconds left.\n|inactive|Caboose i is has 90 seconds left.\n|\n|move|p2a: Mamoswine|Earthquake|p1a: Chesnaught\n|-resisted|p1a: Chesnaught\n|-damage|p1a: Chesnaught|12\/100\n|move|p1a: Chesnaught|Synthesis|p1a: Chesnaught\n|-heal|p1a: Chesnaught|61\/100\n|\n|upkeep\n|turn|44\n|\n|switch|p2a: Gligar|Gligar, M|89\/100 brn\n|move|p1a: Chesnaught|Wood Hammer|p2a: Gligar\n|-damage|p2a: Gligar|65\/100 brn\n|-damage|p1a: Chesnaught|55\/100|[from] Recoil\n|\n|-damage|p2a: Gligar|59\/100 brn|[from] brn\n|upkeep\n|turn|45\n|\n|switch|p2a: Mamoswine|Mamoswine, M|88\/100\n|-damage|p2a: Mamoswine|76\/100|[from] Spikes\n|switch|p1a: Nihilego|Nihilego, shiny|73\/100\n|\n|upkeep\n|turn|46\n|\n|switch|p1a: Spiritomb|Spiritomb, F, shiny|58\/100 tox\n|move|p2a: Mamoswine|Earthquake|p1a: Spiritomb\n|-damage|p1a: Spiritomb|0 fnt\n|faint|p1a: Spiritomb\n|\n|upkeep\n|\n|switch|p1a: Swampert|Swampert, F, shiny|100\/100\n|turn|47\n|\n|switch|p2a: Alomomola|Alomomola, M|97\/100 brn\n|-damage|p2a: Alomomola|85\/100 brn|[from] Spikes\n|switch|p1a: Chesnaught|Chesnaught, F, shiny|55\/100\n|\n|-heal|p2a: Alomomola|91\/100 brn|[from] item: Leftovers\n|-damage|p2a: Alomomola|85\/100 brn|[from] brn\n|upkeep\n|turn|48\n|\n|move|p2a: Alomomola|Protect|p2a: Alomomola\n|-singleturn|p2a: Alomomola|Protect\n|move|p1a: Chesnaught|Wood Hammer|p2a: Alomomola\n|-activate|p2a: Alomomola|move: Protect\n|\n|-heal|p2a: Alomomola|91\/100 brn|[from] item: Leftovers\n|-damage|p2a: Alomomola|85\/100 brn|[from] brn\n|upkeep\n|turn|49\n|\n|switch|p2a: Rotom|Rotom-Mow|100\/100\n|move|p1a: Chesnaught|Wood Hammer|p2a: Rotom\n|-resisted|p2a: Rotom\n|-damage|p2a: Rotom|71\/100\n|-damage|p1a: Chesnaught|48\/100|[from] Recoil\n|\n|upkeep\n|turn|50\n|\n|move|p2a: Rotom|Leaf Storm|p1a: Chesnaught|[miss]\n|-miss|p2a: Rotom|p1a: Chesnaught\n|move|p1a: Chesnaught|Synthesis|p1a: Chesnaught\n|-heal|p1a: Chesnaught|98\/100\n|\n|upkeep\n|turn|51\n|\n|switch|p2a: Alomomola|Alomomola, M|100\/100 brn\n|-damage|p2a: Alomomola|88\/100 brn|[from] Spikes\n|move|p1a: Chesnaught|Spikes|p2a: Alomomola\n|-sidestart|p2: Igotthegat|Spikes\n|\n|-heal|p2a: Alomomola|94\/100 brn|[from] item: Leftovers\n|-damage|p2a: Alomomola|88\/100 brn|[from] brn\n|upkeep\n|turn|52\n|\n|move|p2a: Alomomola|Wish|p2a: Alomomola\n|move|p1a: Chesnaught|Spikes|p2a: Alomomola\n|-sidestart|p2: Igotthegat|Spikes\n|\n|-heal|p2a: Alomomola|94\/100 brn|[from] item: Leftovers\n|-damage|p2a: Alomomola|88\/100 brn|[from] brn\n|upkeep\n|turn|53\n|\n|switch|p2a: Gligar|Gligar, M|59\/100 brn\n|switch|p1a: Swampert|Swampert, F, shiny|100\/100\n|\n|-heal|p2a: Gligar|100\/100 brn|[from] move: Wish|[wisher] Alomomola\n|-damage|p2a: Gligar|95\/100 brn|[from] brn\n|upkeep\n|turn|54\n|\n|move|p2a: Gligar|Defog|p1a: Swampert\n|-unboost|p1a: Swampert|evasion|1\n|-sideend|p2: Igotthegat|Spikes|[from] move: Defog|[of] p2a: Gligar\n|move|p1a: Swampert|Scald|p2a: Gligar\n|-supereffective|p2a: Gligar\n|-damage|p2a: Gligar|51\/100 brn\n|\n|-damage|p2a: Gligar|45\/100 brn|[from] brn\n|upkeep\n|turn|55\n|\n|switch|p2a: Rotom|Rotom-Mow|71\/100\n|move|p1a: Swampert|Toxic|p2a: Rotom\n|-status|p2a: Rotom|tox\n|\n|-damage|p2a: Rotom|64\/100 tox|[from] psn\n|upkeep\n|turn|56\n|\n|switch|p2a: Mamoswine|Mamoswine, M|76\/100\n|switch|p1a: Chesnaught|Chesnaught, F, shiny|98\/100\n|\n|upkeep\n|turn|57\n|\n|switch|p1a: Swampert|Swampert, F, shiny|100\/100\n|move|p2a: Mamoswine|Icicle Crash|p1a: Swampert\n|-damage|p1a: Swampert|68\/100\n|\n|-heal|p1a: Swampert|74\/100|[from] item: Leftovers\n|upkeep\n|turn|58\n|\n|switch|p2a: Alomomola|Alomomola, M|100\/100 brn\n|move|p1a: Swampert|Scald|p2a: Alomomola\n|-resisted|p2a: Alomomola\n|-damage|p2a: Alomomola|90\/100 brn\n|\n|-heal|p2a: Alomomola|96\/100 brn|[from] item: Leftovers\n|-heal|p1a: Swampert|80\/100|[from] item: Leftovers\n|-damage|p2a: Alomomola|90\/100 brn|[from] brn\n|upkeep\n|turn|59\n|\n|switch|p1a: Chesnaught|Chesnaught, F, shiny|98\/100\n|move|p2a: Alomomola|Toxic|p1a: Chesnaught\n|-status|p1a: Chesnaught|tox\n|\n|-heal|p2a: Alomomola|96\/100 brn|[from] item: Leftovers\n|-damage|p2a: Alomomola|90\/100 brn|[from] brn\n|-damage|p1a: Chesnaught|92\/100 tox|[from] psn\n|upkeep\n|turn|60\n|\n|switch|p2a: Gligar|Gligar, M|45\/100 brn\n|move|p1a: Chesnaught|Spikes|p2a: Gligar\n|-sidestart|p2: Igotthegat|Spikes\n|\n|-damage|p2a: Gligar|39\/100 brn|[from] brn\n|-damage|p1a: Chesnaught|80\/100 tox|[from] psn\n|upkeep\n|turn|61\n|\n|switch|p1a: Nihilego|Nihilego, shiny|73\/100\n|move|p2a: Gligar|Roost|p2a: Gligar\n|-heal|p2a: Gligar|89\/100 brn\n|-singleturn|p2a: Gligar|move: Roost\n|\n|-damage|p2a: Gligar|83\/100 brn|[from] brn\n|upkeep\n|turn|62\n|\n|move|p1a: Nihilego|Power Gem|p2a: Gligar\n|-damage|p2a: Gligar|51\/100 brn\n|move|p2a: Gligar|Defog|p1a: Nihilego\n|-unboost|p1a: Nihilego|evasion|1\n|-sideend|p2: Igotthegat|Spikes|[from] move: Defog|[of] p2a: Gligar\n|\n|-damage|p2a: Gligar|45\/100 brn|[from] brn\n|upkeep\n|turn|63\n|\n|move|p1a: Nihilego|Power Gem|p2a: Gligar\n|-damage|p2a: Gligar|12\/100 brn\n|move|p2a: Gligar|Roost|p2a: Gligar\n|-heal|p2a: Gligar|62\/100 brn\n|-singleturn|p2a: Gligar|move: Roost\n|\n|-damage|p2a: Gligar|56\/100 brn|[from] brn\n|upkeep\n|turn|64\n|\n|move|p1a: Nihilego|Grass Knot|p2a: Gligar\n|-damage|p2a: Gligar|31\/100 brn\n|move|p2a: Gligar|Roost|p2a: Gligar\n|-heal|p2a: Gligar|81\/100 brn\n|-singleturn|p2a: Gligar|move: Roost\n|\n|-damage|p2a: Gligar|75\/100 brn|[from] brn\n|upkeep\n|turn|65\n|c|\u2606Caboose i is|What a match\n|\n|switch|p1a: Aggron|Aggron-Mega, M, shiny|41\/100\n|move|p2a: Gligar|Toxic|p1a: Aggron\n|-immune|p1a: Aggron\n|\n|-damage|p2a: Gligar|69\/100 brn|[from] brn\n|upkeep\n|turn|66\n|\n|move|p2a: Gligar|Knock Off|p1a: Aggron\n|-damage|p1a: Aggron|38\/100\n|move|p1a: Aggron|Stealth Rock|p2a: Gligar\n|-sidestart|p2: Igotthegat|move: Stealth Rock\n|\n|-damage|p2a: Gligar|63\/100 brn|[from] brn\n|upkeep\n|turn|67\n|\n|switch|p1a: Swampert|Swampert, F, shiny|80\/100\n|move|p2a: Gligar|Roost|p2a: Gligar\n|-heal|p2a: Gligar|100\/100 brn\n|-singleturn|p2a: Gligar|move: Roost\n|\n|-heal|p1a: Swampert|86\/100|[from] item: Leftovers\n|-damage|p2a: Gligar|95\/100 brn|[from] brn\n|upkeep\n|turn|68\n|\n|move|p2a: Gligar|Defog|p1a: Swampert\n|-unboost|p1a: Swampert|evasion|1\n|-sideend|p2: Igotthegat|Stealth Rock|[from] move: Defog|[of] p2a: Gligar\n|move|p1a: Swampert|Scald|p2a: Gligar\n|-supereffective|p2a: Gligar\n|-damage|p2a: Gligar|51\/100 brn\n|\n|-heal|p1a: Swampert|92\/100|[from] item: Leftovers\n|-damage|p2a: Gligar|45\/100 brn|[from] brn\n|upkeep\n|turn|69\n|\n|switch|p2a: Rotom|Rotom-Mow|64\/100 tox\n|move|p1a: Swampert|Roar|p2a: Rotom\n|drag|p2a: Mamoswine|Mamoswine, M|76\/100\n|\n|-heal|p1a: Swampert|99\/100|[from] item: Leftovers\n|upkeep\n|turn|70\n|\n|switch|p2a: Rotom|Rotom-Mow|64\/100 tox\n|move|p1a: Swampert|Scald|p2a: Rotom\n|-resisted|p2a: Rotom\n|-damage|p2a: Rotom|49\/100 tox\n|\n|-heal|p1a: Swampert|100\/100|[from] item: Leftovers\n|-damage|p2a: Rotom|42\/100 tox|[from] psn\n|upkeep\n|turn|71\n|\n|switch|p1a: Nihilego|Nihilego, shiny|73\/100\n|move|p2a: Rotom|Leaf Storm|p1a: Nihilego\n|-damage|p1a: Nihilego|30\/100\n|-unboost|p2a: Rotom|spa|2\n|\n|-damage|p2a: Rotom|30\/100 tox|[from] psn\n|upkeep\n|turn|72\n|\n|switch|p2a: Alomomola|Alomomola, M|100\/100 brn\n|move|p1a: Nihilego|Power Gem|p2a: Alomomola\n|-damage|p2a: Alomomola|61\/100 brn\n|\n|-heal|p2a: Alomomola|67\/100 brn|[from] item: Leftovers\n|-damage|p2a: Alomomola|61\/100 brn|[from] brn\n|upkeep\n|turn|73\n|\n|move|p1a: Nihilego|Sludge Wave|p2a: Alomomola\n|-damage|p2a: Alomomola|14\/100 brn\n|move|p2a: Alomomola|Wish|p2a: Alomomola\n|\n|-heal|p2a: Alomomola|21\/100 brn|[from] item: Leftovers\n|-damage|p2a: Alomomola|14\/100 brn|[from] brn\n|upkeep\n|turn|74\n|\n|switch|p1a: Swampert|Swampert, F, shiny|100\/100\n|switch|p2a: Gligar|Gligar, M|45\/100 brn\n|\n|-heal|p2a: Gligar|100\/100 brn|[from] move: Wish|[wisher] Alomomola\n|-damage|p2a: Gligar|95\/100 brn|[from] brn\n|upkeep\n|turn|75\n|\n|move|p2a: Gligar|Toxic|p1a: Swampert|[miss]\n|-miss|p2a: Gligar|p1a: Swampert\n|move|p1a: Swampert|Scald|p2a: Gligar\n|-supereffective|p2a: Gligar\n|-damage|p2a: Gligar|51\/100 brn\n|\n|-damage|p2a: Gligar|45\/100 brn|[from] brn\n|upkeep\n|turn|76\n|\n|switch|p2a: Mamoswine|Mamoswine, M|76\/100\n|move|p1a: Swampert|Scald|p2a: Mamoswine\n|-supereffective|p2a: Mamoswine\n|-damage|p2a: Mamoswine|5\/100\n|\n|upkeep\n|turn|77\n|\n|move|p2a: Mamoswine|Icicle Crash|p1a: Swampert\n|-damage|p1a: Swampert|68\/100\n|move|p1a: Swampert|Scald|p2a: Mamoswine\n|-supereffective|p2a: Mamoswine\n|-crit|p2a: Mamoswine\n|-damage|p2a: Mamoswine|0 fnt\n|faint|p2a: Mamoswine\n|\n|-heal|p1a: Swampert|74\/100|[from] item: Leftovers\n|upkeep\n|\n|switch|p2a: Rotom|Rotom-Mow|30\/100 tox\n|turn|78\n|\n|switch|p1a: Chesnaught|Chesnaught, F, shiny|80\/100 tox\n|move|p2a: Rotom|Leaf Storm|p1a: Chesnaught\n|-resisted|p1a: Chesnaught\n|-damage|p1a: Chesnaught|48\/100 tox\n|-unboost|p2a: Rotom|spa|2\n|\n|-damage|p2a: Rotom|24\/100 tox|[from] psn\n|-damage|p1a: Chesnaught|42\/100 tox|[from] psn\n|upkeep\n|turn|79\n|\n|switch|p2a: Gligar|Gligar, M|45\/100 brn\n|move|p1a: Chesnaught|Wood Hammer|p2a: Gligar\n|-damage|p2a: Gligar|21\/100 brn\n|-damage|p1a: Chesnaught|35\/100 tox|[from] Recoil\n|\n|-damage|p2a: Gligar|15\/100 brn|[from] brn\n|-damage|p1a: Chesnaught|23\/100 tox|[from] psn\n|upkeep\n|turn|80\n|\n|switch|p1a: Swampert|Swampert, F, shiny|74\/100\n|move|p2a: Gligar|Roost|p2a: Gligar\n|-heal|p2a: Gligar|65\/100 brn\n|-singleturn|p2a: Gligar|move: Roost\n|\n|-heal|p1a: Swampert|80\/100|[from] item: Leftovers\n|-damage|p2a: Gligar|59\/100 brn|[from] brn\n|upkeep\n|turn|81\n|\n|move|p2a: Gligar|Toxic|p1a: Swampert\n|-status|p1a: Swampert|tox\n|move|p1a: Swampert|Scald|p2a: Gligar\n|-supereffective|p2a: Gligar\n|-damage|p2a: Gligar|15\/100 brn\n|\n|-heal|p1a: Swampert|86\/100 tox|[from] item: Leftovers\n|-damage|p2a: Gligar|9\/100 brn|[from] brn\n|-damage|p1a: Swampert|80\/100 tox|[from] psn\n|upkeep\n|turn|82\n|\n|move|p2a: Gligar|Roost|p2a: Gligar\n|-heal|p2a: Gligar|59\/100 brn\n|-singleturn|p2a: Gligar|move: Roost\n|move|p1a: Swampert|Scald|p2a: Gligar\n|-supereffective|p2a: Gligar\n|-damage|p2a: Gligar|16\/100 brn\n|\n|-heal|p1a: Swampert|86\/100 tox|[from] item: Leftovers\n|-damage|p2a: Gligar|10\/100 brn|[from] brn\n|-damage|p1a: Swampert|74\/100 tox|[from] psn\n|upkeep\n|turn|83\n|\n|move|p2a: Gligar|Roost|p2a: Gligar\n|-heal|p2a: Gligar|60\/100 brn\n|-singleturn|p2a: Gligar|move: Roost\n|move|p1a: Swampert|Earthquake|p2a: Gligar\n|-damage|p2a: Gligar|39\/100 brn\n|\n|-heal|p1a: Swampert|80\/100 tox|[from] item: Leftovers\n|-damage|p2a: Gligar|33\/100 brn|[from] brn\n|-damage|p1a: Swampert|62\/100 tox|[from] psn\n|upkeep\n|turn|84\n|\n|switch|p1a: Aggron|Aggron-Mega, M, shiny|38\/100\n|move|p2a: Gligar|Roost|p2a: Gligar\n|-heal|p2a: Gligar|83\/100 brn\n|-singleturn|p2a: Gligar|move: Roost\n|\n|-damage|p2a: Gligar|77\/100 brn|[from] brn\n|upkeep\n|turn|85\n|\n|switch|p2a: Alomomola|Alomomola, M|48\/100 brn\n|move|p1a: Aggron|Stealth Rock|p2a: Alomomola\n|-sidestart|p2: Igotthegat|move: Stealth Rock\n|\n|-heal|p2a: Alomomola|54\/100 brn|[from] item: Leftovers\n|-damage|p2a: Alomomola|48\/100 brn|[from] brn\n|upkeep\n|turn|86\n|\n|switch|p1a: Nihilego|Nihilego, shiny|30\/100\n|move|p2a: Alomomola|Scald|p1a: Nihilego\n|-supereffective|p1a: Nihilego\n|-damage|p1a: Nihilego|8\/100\n|\n|-heal|p2a: Alomomola|54\/100 brn|[from] item: Leftovers\n|-damage|p2a: Alomomola|48\/100 brn|[from] brn\n|upkeep\n|turn|87\n|\n|move|p1a: Nihilego|Sludge Wave|p2a: Alomomola\n|-damage|p2a: Alomomola|0 fnt\n|faint|p2a: Alomomola\n|-ability|p1a: Nihilego|Beast Boost|boost\n|-boost|p1a: Nihilego|spa|1\n|\n|upkeep\n|\n|switch|p2a: Rotom|Rotom-Mow|24\/100 tox\n|-damage|p2a: Rotom|11\/100 tox|[from] Stealth Rock\n|turn|88\n|\n|move|p1a: Nihilego|Sludge Wave|p2a: Rotom\n|-supereffective|p2a: Rotom\n|-damage|p2a: Rotom|0 fnt\n|faint|p2a: Rotom\n|-ability|p1a: Nihilego|Beast Boost|boost\n|-boost|p1a: Nihilego|spa|1\n|\n|upkeep\n|\n|switch|p2a: Gligar|Gligar, M|77\/100 brn\n|-damage|p2a: Gligar|65\/100 brn|[from] Stealth Rock\n|turn|89\n|c|\u2606Caboose i is|Gg friend\n|\n|move|p1a: Nihilego|Power Gem|p2a: Gligar\n|-damage|p2a: Gligar|2\/100 brn\n|move|p2a: Gligar|Knock Off|p1a: Nihilego\n|-damage|p1a: Nihilego|0 fnt\n|faint|p1a: Nihilego\n|\n|-damage|p2a: Gligar|0 fnt|[from] brn\n|faint|p2a: Gligar\n|\n|win|Caboose i is\n|upkeep\n|c|\u2606Igotthegat|gg\n|raw|Caboose i is's rating: 1302 &rarr; <strong>1316<\/strong><br \/>(+14 for winning)\n|raw|Igotthegat's rating: 1195 &rarr; <strong>1177<\/strong><br \/>(-18 for losing)\n","uploadtime":1567613167,"views":10,"p1id":"cabooseiis","p2id":"igotthegat","formatid":"gen7uu","rating":1177,"private":0,"password":null}