{"id":"gen7ubers-965345889","p1":"atl24","p2":"Walletinspector62","format":"gen7ubers","log":"|j|\u2606atl24\n|j|\u2606Walletinspector62\n|player|p1|atl24|1|\n|player|p2|Walletinspector62|2|\n|teamsize|p1|6\n|teamsize|p2|6\n|gametype|singles\n|gen|7\n|tier|[Gen 7] Ubers\n|rule|Sleep Clause Mod: Limit one foe put to sleep\n|rule|Species Clause: Limit one of each Pok\u00e9mon\n|rule|OHKO Clause: OHKO moves are banned\n|rule|Moody Clause: Moody is banned\n|rule|Evasion Moves Clause: Evasion moves are banned\n|rule|Endless Battle Clause: Forcing endless battles is banned\n|rule|HP Percentage Mod: HP is shown in percentages\n|clearpoke\n|poke|p1|Sandslash, M|item\n|poke|p1|Galvantula, M|item\n|poke|p1|Manaphy|item\n|poke|p1|Infernape, M|item\n|poke|p1|Skarmory, M|item\n|poke|p1|Tapu Bulu|item\n|poke|p2|Scizor, M|item\n|poke|p2|Terrakion|item\n|poke|p2|Zeraora|item\n|poke|p2|Primarina, F|item\n|poke|p2|Goodra, M|item\n|poke|p2|Mesprit|item\n|rule|Mega Rayquaza Clause: You cannot mega evolve Rayquaza\n|teampreview\n|c|\u2606Walletinspector62|Glhf\n|c|\u2606atl24|you too\n|\n|start\n|switch|p1a: Sandslash|Sandslash, M|100\/100\n|switch|p2a: \ud83e\udd20\ud83d\udc4a|Mesprit, shiny|100\/100\n|turn|1\n|l|\u2606atl24\n|player|p1|\n|j| at24\n|c| at24|my bad one sec\n|l| at24\n|j|\u2606atl24\n|player|p1|atl24|1\n|c|\u2606atl24|glitching\n|\n|move|p2a: \ud83e\udd20\ud83d\udc4a|Stealth Rock|p1a: Sandslash\n|-sidestart|p1: atl24|move: Stealth Rock\n|move|p1a: Sandslash|Toxic|p2a: \ud83e\udd20\ud83d\udc4a\n|-status|p2a: \ud83e\udd20\ud83d\udc4a|tox\n|\n|-damage|p2a: \ud83e\udd20\ud83d\udc4a|95\/100 tox|[from] psn\n|upkeep\n|turn|2\n|\n|move|p2a: \ud83e\udd20\ud83d\udc4a|Psychic|p1a: Sandslash\n|-damage|p1a: Sandslash|45\/100\n|move|p1a: Sandslash|Stealth Rock|p2a: \ud83e\udd20\ud83d\udc4a\n|-sidestart|p2: Walletinspector62|move: Stealth Rock\n|\n|-damage|p2a: \ud83e\udd20\ud83d\udc4a|83\/100 tox|[from] psn\n|upkeep\n|turn|3\n|\n|switch|p1a: Tapu Bulu|Tapu Bulu|100\/100\n|-damage|p1a: Tapu Bulu|88\/100|[from] Stealth Rock\n|-fieldstart|move: Grassy Terrain|[from] ability: Grassy Surge|[of] p1a: Tapu Bulu\n|move|p2a: \ud83e\udd20\ud83d\udc4a|Psychic|p1a: Tapu Bulu\n|-damage|p1a: Tapu Bulu|66\/100\n|\n|-heal|p1a: Tapu Bulu|72\/100|[from] Grassy Terrain\n|-damage|p2a: \ud83e\udd20\ud83d\udc4a|65\/100 tox|[from] psn\n|upkeep\n|turn|4\n|\n|move|p2a: \ud83e\udd20\ud83d\udc4a|U-turn|p1a: Tapu Bulu\n|-damage|p1a: Tapu Bulu|59\/100\n|\n|switch|p2a: Honey|Goodra, M, shiny|100\/100|[from]move: U-turn\n|-damage|p2a: Honey|88\/100|[from] Stealth Rock\n|move|p1a: Tapu Bulu|Nature's Madness|p2a: Honey\n|-damage|p2a: Honey|44\/100\n|\n|-heal|p2a: Honey|51\/100|[from] item: Leftovers\n|-heal|p2a: Honey|57\/100|[from] Grassy Terrain\n|-heal|p1a: Tapu Bulu|65\/100|[from] Grassy Terrain\n|upkeep\n|turn|5\n|\n|move|p2a: Honey|Sludge Wave|p1a: Tapu Bulu\n|-supereffective|p1a: Tapu Bulu\n|-damage|p1a: Tapu Bulu|0 fnt\n|faint|p1a: Tapu Bulu\n|\n|-heal|p2a: Honey|63\/100|[from] item: Leftovers\n|-heal|p2a: Honey|69\/100|[from] Grassy Terrain\n|upkeep\n|\n|switch|p1a: Manaphy|Manaphy|100\/100\n|-damage|p1a: Manaphy|88\/100|[from] Stealth Rock\n|turn|6\n|\n|move|p1a: Manaphy|Tail Glow|p1a: Manaphy\n|-boost|p1a: Manaphy|spa|3\n|move|p2a: Honey|Draco Meteor|p1a: Manaphy\n|-damage|p1a: Manaphy|33\/100\n|-unboost|p2a: Honey|spa|2\n|\n|-heal|p1a: Manaphy|40\/100|[from] Grassy Terrain\n|-heal|p2a: Honey|76\/100|[from] item: Leftovers\n|-heal|p2a: Honey|82\/100|[from] Grassy Terrain\n|upkeep\n|turn|7\n|\n|switch|p2a: \ud83e\udd20\ud83d\udc4a|Mesprit, shiny|65\/100 tox\n|-damage|p2a: \ud83e\udd20\ud83d\udc4a|52\/100 tox|[from] Stealth Rock\n|move|p1a: Manaphy|Ice Beam|p2a: \ud83e\udd20\ud83d\udc4a\n|-damage|p2a: \ud83e\udd20\ud83d\udc4a|0 fnt\n|faint|p2a: \ud83e\udd20\ud83d\udc4a\n|\n|-heal|p1a: Manaphy|46\/100|[from] Grassy Terrain\n|-fieldend|move: Grassy Terrain\n|upkeep\n|\n|switch|p2a: OwO|Zeraora|100\/100\n|-damage|p2a: OwO|88\/100|[from] Stealth Rock\n|turn|8\n|\n|move|p2a: OwO|Plasma Fists|p1a: Manaphy\n|-supereffective|p1a: Manaphy\n|-damage|p1a: Manaphy|0 fnt\n|-fieldactivate|move: Ion Deluge\n|faint|p1a: Manaphy\n|\n|upkeep\n|\n|switch|p1a: Infernape|Infernape, M|100\/100\n|-damage|p1a: Infernape|88\/100|[from] Stealth Rock\n|turn|9\n|\n|switch|p2a: Yogurt|Primarina, F, shiny|100\/100\n|-damage|p2a: Yogurt|88\/100|[from] Stealth Rock\n|move|p1a: Infernape|Earthquake|p2a: Yogurt\n|-damage|p2a: Yogurt|52\/100\n|\n|upkeep\n|turn|10\n|\n|switch|p1a: Galvantula|Galvantula, M|100\/100\n|-damage|p1a: Galvantula|76\/100|[from] Stealth Rock\n|move|p2a: Yogurt|Hydro Pump|p1a: Galvantula\n|-damage|p1a: Galvantula|0 fnt\n|faint|p1a: Galvantula\n|\n|upkeep\n|\n|switch|p1a: Infernape|Infernape, M|88\/100\n|-damage|p1a: Infernape|76\/100|[from] Stealth Rock\n|turn|11\n|\n|move|p1a: Infernape|Gunk Shot|p2a: Yogurt\n|-supereffective|p2a: Yogurt\n|-damage|p2a: Yogurt|0 fnt\n|faint|p2a: Yogurt\n|\n|upkeep\n|\n|switch|p2a: Don\u2019tRunWith|Scizor, M|100\/100\n|-damage|p2a: Don\u2019tRunWith|88\/100|[from] Stealth Rock\n|turn|12\n|\n|switch|p1a: Skarmory|Skarmory, M|100\/100\n|-damage|p1a: Skarmory|88\/100|[from] Stealth Rock\n|detailschange|p2a: Don\u2019tRunWith|Scizor-Mega, M\n|-mega|p2a: Don\u2019tRunWith|Scizor|Scizorite\n|move|p2a: Don\u2019tRunWith|U-turn|p1a: Skarmory\n|-resisted|p1a: Skarmory\n|-damage|p1a: Skarmory|83\/100\n|-damage|p2a: Don\u2019tRunWith|72\/100|[from] item: Rocky Helmet|[of] p1a: Skarmory\n|\n|switch|p2a: OwO|Zeraora|88\/100|[from]move: U-turn\n|-damage|p2a: OwO|76\/100|[from] Stealth Rock\n|\n|upkeep\n|turn|13\n|\n|switch|p2a: Honey|Goodra, M, shiny|82\/100\n|-damage|p2a: Honey|69\/100|[from] Stealth Rock\n|switch|p1a: Sandslash|Sandslash, M|45\/100\n|-damage|p1a: Sandslash|39\/100|[from] Stealth Rock\n|\n|-heal|p2a: Honey|76\/100|[from] item: Leftovers\n|upkeep\n|turn|14\n|\n|move|p2a: Honey|Fire Blast|p1a: Sandslash\n|-damage|p1a: Sandslash|0 fnt\n|faint|p1a: Sandslash\n|\n|-heal|p2a: Honey|82\/100|[from] item: Leftovers\n|upkeep\n|\n|switch|p1a: Infernape|Infernape, M|76\/100\n|-damage|p1a: Infernape|64\/100|[from] Stealth Rock\n|turn|15\n|\n|move|p1a: Infernape|Close Combat|p2a: Honey\n|-damage|p2a: Honey|0 fnt\n|-unboost|p1a: Infernape|def|1\n|-unboost|p1a: Infernape|spd|1\n|faint|p2a: Honey\n|\n|upkeep\n|\n|switch|p2a: Don\u2019tRunWith|Scizor-Mega, M|72\/100\n|-damage|p2a: Don\u2019tRunWith|59\/100|[from] Stealth Rock\n|turn|16\n|\n|switch|p1a: Skarmory|Skarmory, M|83\/100\n|-damage|p1a: Skarmory|71\/100|[from] Stealth Rock\n|move|p2a: Don\u2019tRunWith|U-turn|p1a: Skarmory\n|-resisted|p1a: Skarmory\n|-damage|p1a: Skarmory|65\/100\n|-damage|p2a: Don\u2019tRunWith|43\/100|[from] item: Rocky Helmet|[of] p1a: Skarmory\n|\n|switch|p2a: OwO|Zeraora|76\/100|[from]move: U-turn\n|-damage|p2a: OwO|64\/100|[from] Stealth Rock\n|\n|upkeep\n|turn|17\n|\n|move|p2a: OwO|Plasma Fists|p1a: Skarmory\n|-supereffective|p1a: Skarmory\n|-damage|p1a: Skarmory|0 fnt\n|-damage|p2a: OwO|47\/100|[from] item: Rocky Helmet|[of] p1a: Skarmory\n|-fieldactivate|move: Ion Deluge\n|faint|p1a: Skarmory\n|\n|upkeep\n|\n|switch|p1a: Infernape|Infernape, M|64\/100\n|-damage|p1a: Infernape|51\/100|[from] Stealth Rock\n|turn|18\n|\n|switch|p2a: Bald Bull|Terrakion, shiny|100\/100\n|-damage|p2a: Bald Bull|94\/100|[from] Stealth Rock\n|move|p1a: Infernape|Close Combat|p2a: Bald Bull\n|-supereffective|p2a: Bald Bull\n|-damage|p2a: Bald Bull|0 fnt\n|-unboost|p1a: Infernape|def|1\n|-unboost|p1a: Infernape|spd|1\n|faint|p2a: Bald Bull\n|\n|upkeep\n|\n|switch|p2a: OwO|Zeraora|47\/100\n|-damage|p2a: OwO|35\/100|[from] Stealth Rock\n|turn|19\n|\n|move|p2a: OwO|Fake Out|p1a: Infernape\n|-damage|p1a: Infernape|22\/100\n|cant|p1a: Infernape|flinch\n|\n|upkeep\n|turn|20\n|\n|switch|p2a: Don\u2019tRunWith|Scizor-Mega, M|43\/100\n|-damage|p2a: Don\u2019tRunWith|31\/100|[from] Stealth Rock\n|move|p1a: Infernape|Close Combat|p2a: Don\u2019tRunWith\n|-damage|p2a: Don\u2019tRunWith|0 fnt\n|-unboost|p1a: Infernape|def|1\n|-unboost|p1a: Infernape|spd|1\n|faint|p2a: Don\u2019tRunWith\n|\n|upkeep\n|\n|switch|p2a: OwO|Zeraora|35\/100\n|-damage|p2a: OwO|23\/100|[from] Stealth Rock\n|turn|21\n|c|\u2606Walletinspector62|GG\n|c|\u2606atl24|gg\n|\n|move|p2a: OwO|Fake Out|p1a: Infernape\n|-damage|p1a: Infernape|0 fnt\n|faint|p1a: Infernape\n|\n|win|Walletinspector62\n|c|\u2606atl24|close one\n|c|\u2606Walletinspector62|Yeah lol\n","uploadtime":1566667261,"views":2,"p1id":"atl24","p2id":"walletinspector62","formatid":"gen7ubers","rating":0,"private":0,"password":null}