{"id":"gen7ubers-785532297","p1":"Pololop","p2":"BigL91","format":"gen7ubers","log":"|j|\u2606Pololop\n|j|\u2606BigL91\n|player|p1|Pololop|1\n|player|p2|BigL91|135\n|teamsize|p1|6\n|teamsize|p2|6\n|gametype|singles\n|gen|7\n|tier|[Gen 7] Ubers\n|rated|\n|rule|Sleep Clause Mod: Limit one foe put to sleep\n|rule|Species Clause: Limit one of each Pok\u00e9mon\n|rule|OHKO Clause: OHKO moves are banned\n|rule|Moody Clause: Moody is banned\n|rule|Evasion Moves Clause: Evasion moves are banned\n|rule|Endless Battle Clause: Forcing endless battles is banned\n|rule|HP Percentage Mod: HP is shown in percentages\n|clearpoke\n|poke|p1|Tapu Lele|item\n|poke|p1|Deoxys-Attack|item\n|poke|p1|Clefable, M|item\n|poke|p1|Arceus-*|item\n|poke|p1|Ditto|item\n|poke|p1|Necrozma-Dusk-Mane|item\n|poke|p2|Kyogre|item\n|poke|p2|Groudon|item\n|poke|p2|Yveltal|item\n|poke|p2|Necrozma-Dusk-Mane|item\n|poke|p2|Arceus-*|item\n|poke|p2|Mewtwo|item\n|rule|Mega Rayquaza Clause: You cannot mega evolve Rayquaza\n|teampreview\n|inactive|Battle timer is ON: inactive players will automatically lose when time's up. (requested by Pololop)\n|\n|start\n|switch|p1a: Clefable|Clefable, M|100\/100\n|switch|p2a: Yveltal|Yveltal|100\/100\n|-ability|p2a: Yveltal|Dark Aura\n|turn|1\n|\n|move|p2a: Yveltal|U-turn|p1a: Clefable\n|-resisted|p1a: Clefable\n|-damage|p1a: Clefable|89\/100\n|\n|switch|p2a: Groudon|Groudon|100\/100\n|detailschange|p2a: Groudon|Groudon-Primal\n|-primal|p2a: Groudon\n|-weather|DesolateLand|[from] ability: Desolate Land|[of] p2a: Groudon\n|move|p1a: Clefable|Stealth Rock|p2a: Groudon\n|-sidestart|p2: BigL91|move: Stealth Rock\n|\n|-weather|DesolateLand|[upkeep]\n|-heal|p1a: Clefable|95\/100|[from] item: Leftovers\n|upkeep\n|turn|2\n|\n|move|p2a: Groudon|Eruption|p1a: Clefable\n|-crit|p1a: Clefable\n|-damage|p1a: Clefable|0\n|faint|p1a: Clefable\n|\n|-weather|DesolateLand|[upkeep]\n|upkeep\n|\n|switch|p1a: Arceus|Arceus-Ground|100\/100\n|turn|3\n|\n|-weather|none\n|switch|p2a: Arceus|Arceus-Fairy|100\/100\n|-damage|p2a: Arceus|88\/100|[from] Stealth Rock\n|move|p1a: Arceus|Calm Mind|p1a: Arceus\n|-boost|p1a: Arceus|spa|1\n|-boost|p1a: Arceus|spd|1\n|\n|upkeep\n|turn|4\n|\n|move|p1a: Arceus|Judgment|p2a: Arceus\n|-damage|p2a: Arceus|33\/100\n|move|p2a: Arceus|Defog|p1a: Arceus\n|-unboost|p1a: Arceus|evasion|1\n|-sideend|p2: BigL91|Stealth Rock|[from] move: Defog|[of] p2a: Arceus\n|\n|upkeep\n|turn|5\n|\n|move|p1a: Arceus|Judgment|p2a: Arceus\n|-damage|p2a: Arceus|0\n|faint|p2a: Arceus\n|\n|upkeep\n|\n|switch|p2a: Kyogre|Kyogre|100\/100\n|detailschange|p2a: Kyogre|Kyogre-Primal\n|-primal|p2a: Kyogre\n|-weather|PrimordialSea|[from] ability: Primordial Sea|[of] p2a: Kyogre\n|turn|6\n|\n|move|p1a: Arceus|Judgment|p2a: Kyogre\n|-damage|p2a: Kyogre|38\/100\n|move|p2a: Kyogre|Origin Pulse|p1a: Arceus\n|-supereffective|p1a: Arceus\n|-damage|p1a: Arceus|0\n|faint|p1a: Arceus\n|\n|-weather|PrimordialSea|[upkeep]\n|upkeep\n|\n|switch|p1a: Tapu Lele|Tapu Lele|100\/100\n|-fieldstart|move: Psychic Terrain|[from] ability: Psychic Surge|[of] p1a: Tapu Lele\n|turn|7\n|\n|-weather|none\n|switch|p2a: Necrozma|Necrozma-Dusk-Mane|100\/100\n|move|p1a: Tapu Lele|Psychic|p2a: Necrozma\n|-resisted|p2a: Necrozma\n|-damage|p2a: Necrozma|91\/100\n|\n|upkeep\n|turn|8\n|\n|move|p1a: Tapu Lele|Nature's Madness|p2a: Necrozma\n|-damage|p2a: Necrozma|46\/100\n|move|p2a: Necrozma|Stealth Rock|p1a: Tapu Lele\n|-sidestart|p1: Pololop|move: Stealth Rock\n|\n|upkeep\n|turn|9\n|\n|move|p1a: Tapu Lele|Taunt|p2a: Necrozma\n|-start|p2a: Necrozma|move: Taunt\n|cant|p2a: Necrozma|move: Taunt|Morning Sun\n|\n|upkeep\n|turn|10\n|\n|switch|p1a: Ditto|Ditto|100\/100\n|-damage|p1a: Ditto|88\/100|[from] Stealth Rock\n|-transform|p1a: Ditto|p2a: Necrozma|[from] ability: Imposter\n|move|p2a: Necrozma|Sunsteel Strike|p1a: Ditto\n|-resisted|p1a: Ditto\n|-damage|p1a: Ditto|65\/100\n|\n|upkeep\n|turn|11\n|\n|switch|p2a: Groudon|Groudon-Primal|100\/100\n|-weather|DesolateLand|[from] ability: Desolate Land|[of] p2a: Groudon\n|move|p1a: Ditto|Stealth Rock|p2a: Groudon\n|-sidestart|p2: BigL91|move: Stealth Rock\n|\n|-weather|DesolateLand|[upkeep]\n|upkeep\n|turn|12\n|\n|switch|p1a: Necrozma|Necrozma-Dusk-Mane|100\/100\n|-damage|p1a: Necrozma|95\/100|[from] Stealth Rock\n|move|p2a: Groudon|Eruption|p1a: Necrozma\n|-supereffective|p1a: Necrozma\n|-damage|p1a: Necrozma|0\n|faint|p1a: Necrozma\n|\n|-weather|DesolateLand|[upkeep]\n|upkeep\n|\n|switch|p1a: Deoxys|Deoxys-Attack|100\/100\n|-damage|p1a: Deoxys|88\/100|[from] Stealth Rock\n|-ability|p1a: Deoxys|Pressure\n|turn|13\n|\n|-weather|none\n|switch|p2a: Mewtwo|Mewtwo|100\/100\n|-ability|p2a: Mewtwo|Unnerve|p1: Pololop\n|-damage|p2a: Mewtwo|88\/100|[from] Stealth Rock\n|move|p1a: Deoxys|Psychic|p2a: Mewtwo\n|-resisted|p2a: Mewtwo\n|-damage|p2a: Mewtwo|15\/100\n|-damage|p1a: Deoxys|78\/100|[from] item: Life Orb\n|\n|upkeep\n|turn|14\n|inactive|Pololop has 135 seconds left.\n|\n|detailschange|p2a: Mewtwo|Mewtwo-Mega-X\n|-mega|p2a: Mewtwo|Mewtwo|Mewtwonite X\n|move|p1a: Deoxys|Psychic|p2a: Mewtwo\n|-damage|p2a: Mewtwo|0\n|-damage|p1a: Deoxys|68\/100|[from] item: Life Orb\n|faint|p2a: Mewtwo\n|\n|-fieldend|move: Psychic Terrain\n|upkeep\n|\n|switch|p2a: Yveltal|Yveltal|100\/100\n|-damage|p2a: Yveltal|76\/100|[from] Stealth Rock\n|-ability|p2a: Yveltal|Dark Aura\n|turn|15\n|\n|switch|p1a: Ditto|Ditto|65\/100\n|-damage|p1a: Ditto|53\/100|[from] Stealth Rock\n|-transform|p1a: Ditto|p2a: Yveltal|[from] ability: Imposter\n|-ability|p1a: Ditto|Dark Aura\n|move|p2a: Yveltal|U-turn|p1a: Ditto\n|-damage|p1a: Ditto|33\/100\n|\n|switch|p2a: Groudon|Groudon-Primal|100\/100\n|-damage|p2a: Groudon|88\/100|[from] Stealth Rock\n|-weather|DesolateLand|[from] ability: Desolate Land|[of] p2a: Groudon\n|\n|-weather|DesolateLand|[upkeep]\n|upkeep\n|turn|16\n|\n|move|p1a: Ditto|Foul Play|p2a: Groudon\n|-crit|p2a: Groudon\n|-damage|p2a: Groudon|21\/100\n|move|p2a: Groudon|Rock Tomb|p1a: Ditto\n|-supereffective|p1a: Ditto\n|-crit|p1a: Ditto\n|-damage|p1a: Ditto|0\n|faint|p1a: Ditto\n|\n|-weather|DesolateLand|[upkeep]\n|upkeep\n|\n|switch|p1a: Tapu Lele|Tapu Lele|100\/100\n|-damage|p1a: Tapu Lele|88\/100|[from] Stealth Rock\n|-fieldstart|move: Psychic Terrain|[from] ability: Psychic Surge|[of] p1a: Tapu Lele\n|turn|17\n|\n|move|p1a: Tapu Lele|Psychic|p2a: Groudon\n|-damage|p2a: Groudon|0\n|faint|p2a: Groudon\n|-weather|none\n|\n|upkeep\n|\n|switch|p2a: Necrozma|Necrozma-Dusk-Mane|46\/100\n|-damage|p2a: Necrozma|40\/100|[from] Stealth Rock\n|turn|18\n|\n|move|p1a: Tapu Lele|Taunt|p2a: Necrozma\n|-start|p2a: Necrozma|move: Taunt\n|-zpower|p2a: Necrozma\n|move|p2a: Necrozma|Searing Sunraze Smash|p1a: Tapu Lele|[zeffect]\n|-supereffective|p1a: Tapu Lele\n|-crit|p1a: Tapu Lele\n|-damage|p1a: Tapu Lele|0\n|faint|p1a: Tapu Lele\n|\n|upkeep\n|\n|switch|p1a: Deoxys|Deoxys-Attack|68\/100\n|-damage|p1a: Deoxys|56\/100|[from] Stealth Rock\n|-ability|p1a: Deoxys|Pressure\n|turn|19\n|j| xAnubis 3.33\n|l| xAnubis 3.33\n|inactive|Pololop has 135 seconds left.\n|c|\u2606Pololop|Are you scarf yveltal\n|c|\u2606BigL91|yes\n|c|\u2606Pololop|should i forfeit\n|\n|move|p1a: Deoxys|Shadow Ball|p2a: Necrozma\n|-supereffective|p2a: Necrozma\n|-damage|p2a: Necrozma|0\n|-damage|p1a: Deoxys|46\/100|[from] item: Life Orb\n|faint|p2a: Necrozma\n|\n|upkeep\n|c|\u2606BigL91|no never forfeit ^^\n|\n|switch|p2a: Yveltal|Yveltal|76\/100\n|-damage|p2a: Yveltal|51\/100|[from] Stealth Rock\n|-ability|p2a: Yveltal|Dark Aura\n|turn|20\n|inactive|Pololop has 135 seconds left.\n|c|\u2606Pololop|ok\n|inactive|Pololop has 120 seconds left.\n|c|\u2606Pololop|i'm playing stall now\n|c|\u2606Pololop|TIME STALL\n|c|\u2606Pololop|f u\n|inactive|Pololop has 105 seconds left.\n|c|\u2606BigL91|losing anyway :\/\n|c|\u2606Pololop|Fagg0t\n|inactive|Pololop has 90 seconds left.\n|inactive|Pololop has 75 seconds left.\n|inactive|Pololop has 60 seconds left.\n|inactive|Pololop has 45 seconds left.\n|inactive|Pololop has 30 seconds left.\n|inactiveoff|Battle timer is now OFF.\n|inactive|Battle timer is ON: inactive players will automatically lose when time's up. (requested by BigL91)\n|\n|move|p2a: Yveltal|Foul Play|p1a: Deoxys\n|-supereffective|p1a: Deoxys\n|-damage|p1a: Deoxys|0\n|faint|p1a: Deoxys\n|\n|win|BigL91\n|l|\u2606Pololop\n|raw|Pololop's rating: 1615 &rarr; <strong>1594<\/strong><br \/>(-21 for losing)\n|raw|BigL91's rating: 1595 &rarr; <strong>1616<\/strong><br \/>(+21 for winning)\n|j|%martha\u2661\n|c|%martha\u2661|\/log Pololop was locked from talking by martha\u2661. (filter evasion)\n|unlink|hide|pololop\n","uploadtime":1533331412,"views":13,"p1id":"pololop","p2id":"bigl91","formatid":"gen7ubers","rating":1594,"private":0,"password":null}