{"id":"gen7monotype-830761850","p1":"Ominous R&D","p2":"Jakkkkkka","format":"gen7monotype","log":"|j|\u2606Ominous R&D\n|j|\u2606Jakkkkkka\n|player|p1|Ominous R&D|246\n|player|p2|Jakkkkkka|137\n|teamsize|p1|6\n|teamsize|p2|6\n|gametype|singles\n|gen|7\n|tier|[Gen 7] Monotype\n|rated|\n|rule|Sleep Clause Mod: Limit one foe put to sleep\n|rule|Species Clause: Limit one of each Pok\u00e9mon\n|rule|OHKO Clause: OHKO moves are banned\n|rule|Moody Clause: Moody is banned\n|rule|Evasion Moves Clause: Evasion moves are banned\n|rule|Endless Battle Clause: Forcing endless battles is banned\n|rule|HP Percentage Mod: HP is shown in percentages\n|rule|Swagger Clause: Swagger is banned\n|rule|Same Type Clause: Pok\u00e9mon in a team must share a type\n|clearpoke\n|poke|p1|Mimikyu, F|item\n|poke|p1|Sableye, F|item\n|poke|p1|Jellicent, M|item\n|poke|p1|Gengar, F|item\n|poke|p1|Marowak-Alola, M|item\n|poke|p1|Gourgeist-*, F|item\n|poke|p2|Gyarados, F|item\n|poke|p2|Zapdos|item\n|poke|p2|Landorus-Therian, M|item\n|poke|p2|Pidgeot, M|item\n|poke|p2|Celesteela|item\n|poke|p2|Togekiss, F|item\n|teampreview\n|\n|start\n|switch|p1a: Freakshow|Sableye, F|100\/100\n|switch|p2a: Pidgeot|Pidgeot, M|100\/100\n|turn|1\n|\n|detailschange|p2a: Pidgeot|Pidgeot-Mega, M\n|-mega|p2a: Pidgeot|Pidgeot|Pidgeotite\n|detailschange|p1a: Freakshow|Sableye-Mega, F\n|-mega|p1a: Freakshow|Sableye|Sablenite\n|move|p1a: Freakshow|Protect|p1a: Freakshow\n|-singleturn|p1a: Freakshow|Protect\n|move|p2a: Pidgeot|Hurricane|p1a: Freakshow\n|-activate|p1a: Freakshow|move: Protect\n|\n|upkeep\n|turn|2\n|\n|switch|p1a: If U Seek Amy|Jellicent, M|100\/100\n|move|p2a: Pidgeot|Hurricane|p1a: If U Seek Amy\n|-damage|p1a: If U Seek Amy|59\/100\n|\n|-heal|p1a: If U Seek Amy|66\/100|[from] item: Leftovers\n|upkeep\n|turn|3\n|\n|move|p2a: Pidgeot|Hurricane|p1a: If U Seek Amy\n|-damage|p1a: If U Seek Amy|23\/100\n|move|p1a: If U Seek Amy|Recover|p1a: If U Seek Amy\n|-heal|p1a: If U Seek Amy|73\/100\n|\n|-heal|p1a: If U Seek Amy|79\/100|[from] item: Leftovers\n|upkeep\n|turn|4\n|\n|switch|p2a: Celesteela|Celesteela|100\/100\n|move|p1a: If U Seek Amy|Recover|p1a: If U Seek Amy\n|-heal|p1a: If U Seek Amy|100\/100\n|\n|upkeep\n|turn|5\n|\n|move|p1a: If U Seek Amy|Taunt|p2a: Celesteela\n|-start|p2a: Celesteela|move: Taunt\n|move|p2a: Celesteela|Heavy Slam|p1a: If U Seek Amy\n|-resisted|p1a: If U Seek Amy\n|-damage|p1a: If U Seek Amy|83\/100\n|\n|-heal|p1a: If U Seek Amy|89\/100|[from] item: Leftovers\n|upkeep\n|turn|6\n|\n|switch|p2a: Togekiss|Togekiss, F|100\/100\n|move|p1a: If U Seek Amy|Toxic|p2a: Togekiss\n|-status|p2a: Togekiss|tox\n|\n|-heal|p1a: If U Seek Amy|95\/100|[from] item: Leftovers\n|-damage|p2a: Togekiss|94\/100 tox|[from] psn\n|upkeep\n|turn|7\n|\n|move|p2a: Togekiss|Toxic|p1a: If U Seek Amy\n|-status|p1a: If U Seek Amy|tox\n|move|p1a: If U Seek Amy|Recover|p1a: If U Seek Amy\n|-heal|p1a: If U Seek Amy|100\/100 tox\n|\n|-heal|p2a: Togekiss|100\/100 tox|[from] item: Leftovers\n|-damage|p2a: Togekiss|88\/100 tox|[from] psn\n|-damage|p1a: If U Seek Amy|94\/100 tox|[from] psn\n|upkeep\n|turn|8\n|\n|switch|p2a: Celesteela|Celesteela|100\/100\n|move|p1a: If U Seek Amy|Scald|p2a: Celesteela\n|-damage|p2a: Celesteela|82\/100\n|\n|-heal|p1a: If U Seek Amy|100\/100 tox|[from] item: Leftovers\n|-heal|p2a: Celesteela|88\/100|[from] item: Leftovers\n|-damage|p1a: If U Seek Amy|88\/100 tox|[from] psn\n|upkeep\n|turn|9\n|\n|move|p1a: If U Seek Amy|Taunt|p2a: Celesteela\n|-start|p2a: Celesteela|move: Taunt\n|cant|p2a: Celesteela|move: Taunt|Leech Seed\n|\n|-heal|p1a: If U Seek Amy|94\/100 tox|[from] item: Leftovers\n|-heal|p2a: Celesteela|94\/100|[from] item: Leftovers\n|-damage|p1a: If U Seek Amy|76\/100 tox|[from] psn\n|upkeep\n|turn|10\n|\n|switch|p2a: Pidgeot|Pidgeot-Mega, M|100\/100\n|move|p1a: If U Seek Amy|Scald|p2a: Pidgeot\n|-damage|p2a: Pidgeot|67\/100\n|\n|-heal|p1a: If U Seek Amy|82\/100 tox|[from] item: Leftovers\n|-damage|p1a: If U Seek Amy|57\/100 tox|[from] psn\n|upkeep\n|turn|11\n|\n|switch|p1a: Freakshow|Sableye-Mega, F|100\/100\n|move|p2a: Pidgeot|Hurricane|p1a: Freakshow\n|-damage|p1a: Freakshow|54\/100\n|-start|p1a: Freakshow|confusion\n|\n|upkeep\n|turn|12\n|\n|move|p2a: Pidgeot|Hurricane|p1a: Freakshow\n|-damage|p1a: Freakshow|6\/100\n|-activate|p1a: Freakshow|confusion\n|-damage|p1a: Freakshow|0 fnt|[from] confusion\n|faint|p1a: Freakshow\n|\n|upkeep\n|\n|switch|p1a: Toxic|Gengar, F|100\/100\n|turn|13\n|\n|switch|p2a: Celesteela|Celesteela|94\/100\n|move|p1a: Toxic|Thunderbolt|p2a: Celesteela\n|-supereffective|p2a: Celesteela\n|-damage|p2a: Celesteela|50\/100\n|-status|p2a: Celesteela|par\n|\n|-heal|p2a: Celesteela|56\/100 par|[from] item: Leftovers\n|upkeep\n|turn|14\n|\n|switch|p1a: Marowak|Marowak-Alola, M|100\/100\n|switch|p2a: Landorus|Landorus-Therian, M|100\/100\n|-ability|p2a: Landorus|Intimidate|boost\n|-unboost|p1a: Marowak|atk|1\n|\n|upkeep\n|turn|15\n|\n|switch|p1a: Gimme More|Gourgeist-Super, F|100\/100\n|-item|p2a: Landorus|Choice Scarf|[from] ability: Frisk|[of] p1a: Gimme More|[identify]\n|move|p2a: Landorus|Knock Off|p1a: Gimme More\n|-supereffective|p1a: Gimme More\n|-damage|p1a: Gimme More|59\/100\n|-damage|p2a: Landorus|84\/100|[from] item: Rocky Helmet|[of] p1a: Gimme More\n|-enditem|p1a: Gimme More|Rocky Helmet|[from] move: Knock Off|[of] p2a: Landorus\n|\n|upkeep\n|turn|16\n|\n|switch|p2a: Pidgeot|Pidgeot-Mega, M|67\/100\n|move|p1a: Gimme More|Leech Seed|p2a: Pidgeot\n|-start|p2a: Pidgeot|move: Leech Seed\n|\n|-damage|p2a: Pidgeot|55\/100|[from] Leech Seed|[of] p1a: Gimme More\n|-heal|p1a: Gimme More|69\/100|[silent]\n|upkeep\n|turn|17\n|\n|switch|p1a: If U Seek Amy|Jellicent, M|57\/100 tox\n|move|p2a: Pidgeot|Roost|p2a: Pidgeot\n|-heal|p2a: Pidgeot|100\/100\n|\n|-heal|p1a: If U Seek Amy|63\/100 tox|[from] item: Leftovers\n|-damage|p2a: Pidgeot|88\/100|[from] Leech Seed|[of] p1a: If U Seek Amy\n|-heal|p1a: If U Seek Amy|73\/100 tox|[silent]\n|-damage|p1a: If U Seek Amy|67\/100 tox|[from] psn\n|upkeep\n|turn|18\n|\n|switch|p2a: Celesteela|Celesteela|56\/100 par\n|move|p1a: If U Seek Amy|Recover|p1a: If U Seek Amy\n|-heal|p1a: If U Seek Amy|100\/100 tox\n|\n|-heal|p2a: Celesteela|62\/100 par|[from] item: Leftovers\n|-damage|p1a: If U Seek Amy|88\/100 tox|[from] psn\n|upkeep\n|turn|19\n|\n|switch|p1a: Marowak|Marowak-Alola, M|100\/100\n|move|p2a: Celesteela|Leech Seed|p1a: Marowak\n|-start|p1a: Marowak|move: Leech Seed\n|\n|-heal|p2a: Celesteela|69\/100 par|[from] item: Leftovers\n|-damage|p1a: Marowak|88\/100|[from] Leech Seed|[of] p2a: Celesteela\n|-heal|p2a: Celesteela|77\/100 par|[silent]\n|upkeep\n|turn|20\n|j| Tempo Tempest\n|\n|move|p2a: Celesteela|Protect|p2a: Celesteela\n|-singleturn|p2a: Celesteela|Protect\n|move|p1a: Marowak|Stealth Rock|p2a: Celesteela\n|-sidestart|p2: Jakkkkkka|move: Stealth Rock\n|\n|-heal|p2a: Celesteela|83\/100 par|[from] item: Leftovers\n|-damage|p1a: Marowak|76\/100|[from] Leech Seed|[of] p2a: Celesteela\n|-heal|p2a: Celesteela|91\/100 par|[silent]\n|upkeep\n|turn|21\n|\n|switch|p1a: Gimme More|Gourgeist-Super, F|69\/100\n|-item|p2a: Celesteela|Leftovers|[from] ability: Frisk|[of] p1a: Gimme More|[identify]\n|move|p2a: Celesteela|Heavy Slam|p1a: Gimme More\n|-damage|p1a: Gimme More|45\/100\n|\n|-heal|p2a: Celesteela|97\/100 par|[from] item: Leftovers\n|upkeep\n|turn|22\n|\n|move|p1a: Gimme More|Leech Seed|p2a: Celesteela\n|-start|p2a: Celesteela|move: Leech Seed\n|cant|p2a: Celesteela|par\n|\n|-heal|p2a: Celesteela|100\/100 par|[from] item: Leftovers\n|-damage|p2a: Celesteela|88\/100 par|[from] Leech Seed|[of] p1a: Gimme More\n|-heal|p1a: Gimme More|59\/100|[silent]\n|upkeep\n|turn|23\n|\n|switch|p2a: Togekiss|Togekiss, F|88\/100 tox\n|-damage|p2a: Togekiss|63\/100 tox|[from] Stealth Rock\n|move|p1a: Gimme More|Synthesis|p1a: Gimme More\n|-heal|p1a: Gimme More|100\/100\n|\n|-heal|p2a: Togekiss|69\/100 tox|[from] item: Leftovers\n|-damage|p2a: Togekiss|63\/100 tox|[from] psn\n|upkeep\n|turn|24\n|\n|switch|p1a: If U Seek Amy|Jellicent, M|88\/100 tox\n|move|p2a: Togekiss|Defog|p1a: If U Seek Amy\n|-unboost|p1a: If U Seek Amy|evasion|1\n|-sideend|p2: Jakkkkkka|Stealth Rock|[from] move: Defog|[of] p2a: Togekiss\n|\n|-heal|p2a: Togekiss|69\/100 tox|[from] item: Leftovers\n|-heal|p1a: If U Seek Amy|94\/100 tox|[from] item: Leftovers\n|-damage|p2a: Togekiss|57\/100 tox|[from] psn\n|-damage|p1a: If U Seek Amy|88\/100 tox|[from] psn\n|upkeep\n|turn|25\n|\n|move|p2a: Togekiss|Dazzling Gleam|p1a: If U Seek Amy\n|-damage|p1a: If U Seek Amy|63\/100 tox\n|move|p1a: If U Seek Amy|Scald|p2a: Togekiss\n|-damage|p2a: Togekiss|42\/100 tox\n|\n|-heal|p2a: Togekiss|48\/100 tox|[from] item: Leftovers\n|-heal|p1a: If U Seek Amy|70\/100 tox|[from] item: Leftovers\n|-damage|p2a: Togekiss|30\/100 tox|[from] psn\n|-damage|p1a: If U Seek Amy|57\/100 tox|[from] psn\n|upkeep\n|turn|26\n|\n|move|p2a: Togekiss|Dazzling Gleam|p1a: If U Seek Amy\n|-damage|p1a: If U Seek Amy|35\/100 tox\n|move|p1a: If U Seek Amy|Recover|p1a: If U Seek Amy\n|-heal|p1a: If U Seek Amy|85\/100 tox\n|\n|-heal|p2a: Togekiss|36\/100 tox|[from] item: Leftovers\n|-heal|p1a: If U Seek Amy|92\/100 tox|[from] item: Leftovers\n|-damage|p2a: Togekiss|11\/100 tox|[from] psn\n|-damage|p1a: If U Seek Amy|73\/100 tox|[from] psn\n|upkeep\n|turn|27\n|\n|move|p2a: Togekiss|Dazzling Gleam|p1a: If U Seek Amy\n|-crit|p1a: If U Seek Amy\n|-damage|p1a: If U Seek Amy|38\/100 tox\n|move|p1a: If U Seek Amy|Recover|p1a: If U Seek Amy\n|-heal|p1a: If U Seek Amy|88\/100 tox\n|\n|-heal|p2a: Togekiss|17\/100 tox|[from] item: Leftovers\n|-heal|p1a: If U Seek Amy|94\/100 tox|[from] item: Leftovers\n|-damage|p2a: Togekiss|0 fnt|[from] psn\n|-damage|p1a: If U Seek Amy|70\/100 tox|[from] psn\n|upkeep\n|faint|p2a: Togekiss\n|\n|switch|p2a: Pidgeot|Pidgeot-Mega, M|88\/100\n|turn|28\n|\n|move|p2a: Pidgeot|Hurricane|p1a: If U Seek Amy\n|-damage|p1a: If U Seek Amy|25\/100 tox\n|move|p1a: If U Seek Amy|Toxic|p2a: Pidgeot\n|-status|p2a: Pidgeot|tox\n|\n|-heal|p1a: If U Seek Amy|31\/100 tox|[from] item: Leftovers\n|-damage|p2a: Pidgeot|82\/100 tox|[from] psn\n|-damage|p1a: If U Seek Amy|0 fnt|[from] psn\n|upkeep\n|faint|p1a: If U Seek Amy\n|\n|switch|p1a: Toxic|Gengar, F|100\/100\n|turn|29\n|\n|switch|p2a: Celesteela|Celesteela|88\/100 par\n|move|p1a: Toxic|Sludge Wave|p2a: Celesteela\n|-immune|p2a: Celesteela\n|\n|-heal|p2a: Celesteela|94\/100 par|[from] item: Leftovers\n|upkeep\n|turn|30\n|\n|switch|p1a: Marowak|Marowak-Alola, M|76\/100\n|move|p2a: Celesteela|Flamethrower|p1a: Marowak\n|-resisted|p1a: Marowak\n|-damage|p1a: Marowak|60\/100\n|\n|-heal|p2a: Celesteela|99\/100 par|[from] item: Leftovers\n|upkeep\n|turn|31\n|l| Tempo Tempest\n|\n|move|p1a: Marowak|Stealth Rock|p2a: Celesteela\n|-sidestart|p2: Jakkkkkka|move: Stealth Rock\n|move|p2a: Celesteela|Heavy Slam|p1a: Marowak\n|-resisted|p1a: Marowak\n|-damage|p1a: Marowak|36\/100\n|\n|-heal|p2a: Celesteela|100\/100 par|[from] item: Leftovers\n|upkeep\n|turn|32\n|\n|move|p1a: Marowak|Fire Punch|p2a: Celesteela\n|-supereffective|p2a: Celesteela\n|-damage|p2a: Celesteela|26\/100 par\n|move|p2a: Celesteela|Leech Seed|p1a: Marowak\n|-start|p1a: Marowak|move: Leech Seed\n|\n|-heal|p2a: Celesteela|32\/100 par|[from] item: Leftovers\n|-damage|p1a: Marowak|24\/100|[from] Leech Seed|[of] p2a: Celesteela\n|-heal|p2a: Celesteela|41\/100 par|[silent]\n|upkeep\n|turn|33\n|\n|switch|p1a: Toxic|Gengar, F|100\/100\n|move|p2a: Celesteela|Flamethrower|p1a: Toxic\n|-damage|p1a: Toxic|64\/100\n|\n|-heal|p2a: Celesteela|47\/100 par|[from] item: Leftovers\n|upkeep\n|turn|34\n|\n|move|p2a: Celesteela|Protect|p2a: Celesteela\n|-singleturn|p2a: Celesteela|Protect\n|move|p1a: Toxic|Thunderbolt|p2a: Celesteela\n|-activate|p2a: Celesteela|move: Protect\n|\n|-heal|p2a: Celesteela|53\/100 par|[from] item: Leftovers\n|upkeep\n|turn|35\n|\n|switch|p1a: Gimme More|Gourgeist-Super, F|100\/100\n|-item|p2a: Celesteela|Leftovers|[from] ability: Frisk|[of] p1a: Gimme More|[identify]\n|switch|p2a: Landorus|Landorus-Therian, M|84\/100\n|-damage|p2a: Landorus|72\/100|[from] Stealth Rock\n|-ability|p2a: Landorus|Intimidate|boost\n|-unboost|p1a: Gimme More|atk|1\n|\n|upkeep\n|turn|36\n|\n|move|p2a: Landorus|U-turn|p1a: Gimme More\n|-damage|p1a: Gimme More|86\/100\n|\n|switch|p2a: Celesteela|Celesteela|53\/100 par\n|-damage|p2a: Celesteela|41\/100 par|[from] Stealth Rock\n|move|p1a: Gimme More|Leech Seed|p2a: Celesteela\n|-start|p2a: Celesteela|move: Leech Seed\n|\n|-heal|p2a: Celesteela|47\/100 par|[from] item: Leftovers\n|-damage|p2a: Celesteela|34\/100 par|[from] Leech Seed|[of] p1a: Gimme More\n|-heal|p1a: Gimme More|99\/100|[silent]\n|upkeep\n|turn|37\n|\n|switch|p1a: Marowak|Marowak-Alola, M|24\/100\n|move|p2a: Celesteela|Flamethrower|p1a: Marowak\n|-resisted|p1a: Marowak\n|-damage|p1a: Marowak|7\/100\n|\n|-heal|p2a: Celesteela|40\/100 par|[from] item: Leftovers\n|-damage|p2a: Celesteela|28\/100 par|[from] Leech Seed|[of] p1a: Marowak\n|-heal|p1a: Marowak|26\/100|[silent]\n|upkeep\n|turn|38\n|\n|move|p1a: Marowak|Shadow Bone|p2a: Celesteela\n|-damage|p2a: Celesteela|0 fnt\n|faint|p2a: Celesteela\n|\n|upkeep\n|\n|switch|p2a: Gyarados|Gyarados, F|100\/100\n|-damage|p2a: Gyarados|76\/100|[from] Stealth Rock\n|turn|39\n|\n|move|p2a: Gyarados|Waterfall|p1a: Marowak\n|-supereffective|p1a: Marowak\n|-damage|p1a: Marowak|0 fnt\n|faint|p1a: Marowak\n|-ability|p2a: Gyarados|Moxie|boost\n|-boost|p2a: Gyarados|atk|1\n|\n|upkeep\n|\n|switch|p1a: Toxic|Gengar, F|64\/100\n|turn|40\n|\n|move|p1a: Toxic|Thunderbolt|p2a: Gyarados\n|-supereffective|p2a: Gyarados\n|-damage|p2a: Gyarados|0 fnt\n|faint|p2a: Gyarados\n|\n|upkeep\n|\n|switch|p2a: Zapdos|Zapdos|100\/100\n|-damage|p2a: Zapdos|76\/100|[from] Stealth Rock\n|turn|41\n|\n|switch|p1a: Baby One More Time|Mimikyu, F, shiny|100\/100\n|move|p2a: Zapdos|Defog|p1a: Baby One More Time\n|-unboost|p1a: Baby One More Time|evasion|1\n|-sideend|p2: Jakkkkkka|Stealth Rock|[from] move: Defog|[of] p2a: Zapdos\n|\n|-heal|p2a: Zapdos|82\/100|[from] item: Leftovers\n|upkeep\n|turn|42\n|\n|switch|p1a: Gimme More|Gourgeist-Super, F|99\/100\n|-item|p2a: Zapdos|Leftovers|[from] ability: Frisk|[of] p1a: Gimme More|[identify]\n|move|p2a: Zapdos|Discharge|p1a: Gimme More\n|-resisted|p1a: Gimme More\n|-damage|p1a: Gimme More|81\/100\n|\n|-heal|p2a: Zapdos|88\/100|[from] item: Leftovers\n|upkeep\n|turn|43\n|\n|move|p2a: Zapdos|Toxic|p1a: Gimme More\n|-status|p1a: Gimme More|tox\n|move|p1a: Gimme More|Leech Seed|p2a: Zapdos\n|-start|p2a: Zapdos|move: Leech Seed\n|\n|-heal|p2a: Zapdos|94\/100|[from] item: Leftovers\n|-damage|p2a: Zapdos|81\/100|[from] Leech Seed|[of] p1a: Gimme More\n|-heal|p1a: Gimme More|94\/100 tox|[silent]\n|-damage|p1a: Gimme More|87\/100 tox|[from] psn\n|upkeep\n|turn|44\n|\n|switch|p2a: Pidgeot|Pidgeot-Mega, M|82\/100 tox\n|move|p1a: Gimme More|Leech Seed|p2a: Pidgeot\n|-start|p2a: Pidgeot|move: Leech Seed\n|\n|-damage|p2a: Pidgeot|70\/100 tox|[from] Leech Seed|[of] p1a: Gimme More\n|-heal|p1a: Gimme More|98\/100 tox|[silent]\n|-damage|p2a: Pidgeot|63\/100 tox|[from] psn\n|-damage|p1a: Gimme More|85\/100 tox|[from] psn\n|upkeep\n|turn|45\n|\n|move|p2a: Pidgeot|Hurricane|p1a: Gimme More\n|-supereffective|p1a: Gimme More\n|-damage|p1a: Gimme More|0 fnt\n|faint|p1a: Gimme More\n|\n|-damage|p2a: Pidgeot|51\/100 tox|[from] psn\n|upkeep\n|inactive|Battle timer is ON: inactive players will automatically lose when time's up. (requested by Jakkkkkka)\n|inactive|Ominous R&D has 120 seconds left.\n|\n|switch|p1a: Toxic|Gengar, F|64\/100\n|turn|46\n|inactive|Jakkkkkka has 120 seconds left.\n|\n|move|p1a: Toxic|Sludge Wave|p2a: Pidgeot\n|-damage|p2a: Pidgeot|0 fnt\n|faint|p2a: Pidgeot\n|\n|upkeep\n|\n|switch|p2a: Landorus|Landorus-Therian, M|72\/100\n|-ability|p2a: Landorus|Intimidate|boost\n|-unboost|p1a: Toxic|atk|1\n|turn|47\n|\n|move|p1a: Toxic|Sludge Wave|p2a: Landorus\n|-resisted|p2a: Landorus\n|-damage|p2a: Landorus|38\/100\n|move|p2a: Landorus|Earthquake|p1a: Toxic\n|-supereffective|p1a: Toxic\n|-damage|p1a: Toxic|0 fnt\n|faint|p1a: Toxic\n|\n|upkeep\n|\n|switch|p1a: Baby One More Time|Mimikyu, F, shiny|100\/100\n|turn|48\n|\n|move|p2a: Landorus|Earthquake|p1a: Baby One More Time\n|-activate|p1a: Baby One More Time|ability: Disguise\n|-damage|p1a: Baby One More Time|100\/100\n|detailschange|p1a: Baby One More Time|Mimikyu-Busted, F, shiny\n|move|p1a: Baby One More Time|Swords Dance|p1a: Baby One More Time\n|-boost|p1a: Baby One More Time|atk|2\n|\n|upkeep\n|turn|49\n|\n|move|p2a: Landorus|Earthquake|p1a: Baby One More Time\n|-damage|p1a: Baby One More Time|15\/100\n|move|p1a: Baby One More Time|Play Rough|p2a: Landorus\n|-damage|p2a: Landorus|0 fnt\n|faint|p2a: Landorus\n|\n|upkeep\n|\n|switch|p2a: Zapdos|Zapdos|81\/100\n|turn|50\n|\n|-zpower|p1a: Baby One More Time\n|move|p1a: Baby One More Time|Let's Snuggle Forever|p2a: Zapdos|[zeffect]\n|-damage|p2a: Zapdos|0 fnt\n|-status|p1a: Baby One More Time|par|[from] ability: Static|[of] p2a: Zapdos\n|faint|p2a: Zapdos\n|\n|win|Ominous R&D\n|c|\u2606Ominous R&D|gg\n|c|\u2606Ominous R&D|very close\n","uploadtime":1543952777,"views":20,"p1id":"ominousrd","p2id":"jakkkkkka","formatid":"gen7monotype","rating":0,"private":0,"password":null}