{"id":"gen7ou-599643809","p1":"Pokefreak77","p2":"bbjjoorrnn","format":"gen7ou","log":"|j|Pokefreak77\n|j|bbjjoorrnn\n|player|p1|Pokefreak77|#zinnia\n|teamsize|p1|6\n|player|p2|bbjjoorrnn|170\n|teamsize|p2|6\n|gametype|singles\n|gen|7\n|tier|[Gen 7] OU\n|rated\n|seed|15305,53329,24266,8846\n|clearpoke\n|poke|p1|Zapdos|item\n|poke|p1|Clefable, M|item\n|poke|p1|Sableye, F|item\n|poke|p1|Dugtrio, F|item\n|poke|p1|Alomomola, M|item\n|poke|p1|Chansey, F|item\n|poke|p2|Excadrill, M|item\n|poke|p2|Smeargle, F|item\n|poke|p2|Marshadow|item\n|poke|p2|Mimikyu, F|item\n|poke|p2|Tapu Lele|item\n|poke|p2|Kartana|item\n|rule|Sleep Clause Mod: Limit one foe put to sleep\n|rule|Species Clause: Limit one of each Pok\u00e9mon\n|rule|OHKO Clause: OHKO moves are banned\n|rule|Moody Clause: Moody is banned\n|rule|Evasion Moves Clause: Evasion moves are banned\n|rule|Endless Battle Clause: Forcing endless battles is banned\n|rule|HP Percentage Mod: HP is shown in percentages\n|teampreview\n|j|dedic\n|choice|team 4, team 2, team 3, team 1, team 5, team 6|team 1, team 2, team 3, team 4, team 5, team 6\n|\n|start\n|switch|p1a: Dugtrio|Dugtrio, F|211\/211\n|switch|p2a: Excadrill|Excadrill, M|424\/424\n|-ability|p2a: Excadrill|Mold Breaker\n|turn|1\n|j|Happee\n|choice|move earthquake|move stealthrock\n|\n|move|p1a: Dugtrio|Earthquake|p2a: Excadrill\n|-supereffective|p2a: Excadrill\n|-enditem|p2a: Excadrill|Shuca Berry|[eat]\n|-enditem|p2a: Excadrill|Shuca Berry|[weaken]\n|-damage|p2a: Excadrill|195\/424\n|move|p2a: Excadrill|Stealth Rock|p1a: Dugtrio\n|-sidestart|p1: Pokefreak77|move: Stealth Rock\n|\n|upkeep\n|turn|2\n|choice|move earthquake|move toxic\n|\n|move|p1a: Dugtrio|Earthquake|p2a: Excadrill\n|-supereffective|p2a: Excadrill\n|-damage|p2a: Excadrill|0 fnt\n|faint|p2a: Excadrill\n|\n|upkeep\n|choice||switch 3\n|\n|switch|p2a: Marshadow|Marshadow|321\/321\n|turn|3\n|choice|move toxic|move spectralthief\n|\n|move|p2a: Marshadow|Spectral Thief|p1a: Dugtrio\n|-enditem|p1a: Dugtrio|Focus Sash\n|-damage|p1a: Dugtrio|1\/211\n|-damage|p2a: Marshadow|289\/321|[from] item: Life Orb\n|move|p1a: Dugtrio|Toxic|p2a: Marshadow\n|-status|p2a: Marshadow|tox\n|\n|-damage|p2a: Marshadow|269\/321 tox|[from] psn\n|upkeep\n|turn|4\n|choice|move suckerpunch|move spectralthief\n|\n|move|p1a: Dugtrio|Sucker Punch|p2a: Marshadow\n|-damage|p2a: Marshadow|182\/321 tox\n|move|p2a: Marshadow|Spectral Thief|p1a: Dugtrio\n|-damage|p1a: Dugtrio|0 fnt\n|-damage|p2a: Marshadow|150\/321 tox|[from] item: Life Orb\n|faint|p1a: Dugtrio\n|\n|-damage|p2a: Marshadow|110\/321 tox|[from] psn\n|upkeep\n|choice|switch 4|\n|\n|switch|p1a: Zapdos|Zapdos|381\/381\n|-damage|p1a: Zapdos|286\/381|[from] Stealth Rock\n|-ability|p1a: Zapdos|Pressure\n|turn|5\n|choice|move defog|move spectralthief\n|\n|move|p2a: Marshadow|Spectral Thief|p1a: Zapdos\n|-damage|p1a: Zapdos|122\/381\n|-damage|p2a: Marshadow|78\/321 tox|[from] item: Life Orb\n|move|p1a: Zapdos|Defog|p2a: Marshadow\n|-unboost|p2a: Marshadow|evasion|1\n|-sideend|p1: Pokefreak77|Stealth Rock|[from] move: Defog|[of] p1a: Zapdos\n|\n|-heal|p1a: Zapdos|145\/381|[from] item: Leftovers\n|-damage|p2a: Marshadow|18\/321 tox|[from] psn\n|upkeep\n|turn|6\n|choice|switch 3|move spectralthief\n|\n|switch|p1a: Sableye|Sableye, F|303\/303\n|move|p2a: Marshadow|Spectral Thief|p1a: Sableye\n|-damage|p1a: Sableye|100\/303\n|-damage|p2a: Marshadow|0 fnt|[from] item: Life Orb\n|faint|p2a: Marshadow\n|\n|upkeep\n|choice||switch 5\n|\n|switch|p2a: Tapu Lele|Tapu Lele|281\/281\n|-fieldstart|move: Psychic Terrain|[from] ability: Psychic Surge|[of] p2a: Tapu Lele\n|turn|7\n|choice|move protect mega|move moonblast\n|\n|detailschange|p1a: Sableye|Sableye-Mega, F\n|-mega|p1a: Sableye|Sableye|Sablenite\n|move|p1a: Sableye|Protect|p1a: Sableye\n|-singleturn|p1a: Sableye|Protect\n|move|p2a: Tapu Lele|Moonblast|p1a: Sableye\n|-activate|p1a: Sableye|move: Protect\n|\n|upkeep\n|turn|8\n|choice|switch 5|move moonblast\n|\n|switch|p1a: Alomomola|Alomomola, M|481\/481\n|move|p2a: Tapu Lele|Moonblast|p1a: Alomomola\n|-damage|p1a: Alomomola|259\/481\n|\n|-heal|p1a: Alomomola|289\/481|[from] item: Leftovers\n|upkeep\n|turn|9\n|j|plz ban greninja\n|l|dedic\n|choice|move wish|move taunt\n|\n|move|p2a: Tapu Lele|Taunt|p1a: Alomomola\n|-start|p1a: Alomomola|move: Taunt\n|cant|p1a: Alomomola|move: Taunt|Wish\n|\n|-heal|p1a: Alomomola|319\/481|[from] item: Leftovers\n|upkeep\n|turn|10\n|choice|switch 6|move moonblast\n|\n|switch|p1a: Chansey|Chansey, F|701\/701\n|move|p2a: Tapu Lele|Moonblast|p1a: Chansey\n|-damage|p1a: Chansey|596\/701\n|\n|upkeep\n|turn|11\n|choice|move seismictoss|move psyshock\n|\n|move|p2a: Tapu Lele|Psyshock|p1a: Chansey\n|-crit|p1a: Chansey\n|-damage|p1a: Chansey|155\/701\n|move|p1a: Chansey|Seismic Toss|p2a: Tapu Lele\n|-damage|p2a: Tapu Lele|181\/281\n|\n|-fieldend|move: Psychic Terrain\n|upkeep\n|turn|12\n|l|Happee\n|choice|switch 6|move psyshock\n|\n|switch|p1a: Alomomola|Alomomola, M|479\/481\n|move|p2a: Tapu Lele|Psyshock|p1a: Alomomola\n|-damage|p1a: Alomomola|370\/481\n|\n|-heal|p1a: Alomomola|400\/481|[from] item: Leftovers\n|upkeep\n|turn|13\n|choice|move wish|move taunt\n|\n|move|p2a: Tapu Lele|Taunt|p1a: Alomomola\n|-start|p1a: Alomomola|move: Taunt\n|cant|p1a: Alomomola|move: Taunt|Wish\n|\n|-heal|p1a: Alomomola|430\/481|[from] item: Leftovers\n|upkeep\n|turn|14\n|choice|switch 2|move moonblast\n|\n|switch|p1a: Clefable|Clefable, M|393\/393\n|move|p2a: Tapu Lele|Moonblast|p1a: Clefable\n|-damage|p1a: Clefable|213\/393\n|-unboost|p1a: Clefable|spa|1\n|\n|-heal|p1a: Clefable|237\/393|[from] item: Leftovers\n|upkeep\n|turn|15\n|choice|move protect|move taunt\n|\n|move|p1a: Clefable|Protect|p1a: Clefable\n|-singleturn|p1a: Clefable|Protect\n|move|p2a: Tapu Lele|Taunt|p1a: Clefable\n|-activate|p1a: Clefable|move: Protect\n|\n|-heal|p1a: Clefable|261\/393|[from] item: Leftovers\n|upkeep\n|turn|16\n|choice|move moonblast|move moonblast\n|\n|move|p2a: Tapu Lele|Moonblast|p1a: Clefable\n|-damage|p1a: Clefable|92\/393\n|-unboost|p1a: Clefable|spa|1\n|move|p1a: Clefable|Moonblast|p2a: Tapu Lele\n|-damage|p2a: Tapu Lele|132\/281\n|\n|-heal|p1a: Clefable|116\/393|[from] item: Leftovers\n|upkeep\n|turn|17\n|choice|switch 2|move psyshock\n|\n|switch|p1a: Alomomola|Alomomola, M|481\/481\n|move|p2a: Tapu Lele|Psyshock|p1a: Alomomola\n|-damage|p1a: Alomomola|360\/481\n|\n|-heal|p1a: Alomomola|390\/481|[from] item: Leftovers\n|upkeep\n|turn|18\n|choice|switch 5|move taunt\n|\n|switch|p1a: Sableye|Sableye-Mega, F|100\/303\n|move|p2a: Tapu Lele|Taunt|p1a: Sableye\n|move|p1a: Sableye|Taunt|p2a: Tapu Lele|[from]Magic Bounce\n|-start|p2a: Tapu Lele|move: Taunt\n|\n|upkeep\n|turn|19\n|choice|move recover|move moonblast\n|\n|move|p2a: Tapu Lele|Moonblast|p1a: Sableye\n|-supereffective|p1a: Sableye\n|-damage|p1a: Sableye|0 fnt\n|faint|p1a: Sableye\n|\n|upkeep\n|choice|switch 5|\n|\n|switch|p1a: Alomomola|Alomomola, M|481\/481\n|turn|20\n|choice|move wish|switch 2\n|\n|switch|p2a: Smeargle|Smeargle, F|314\/314\n|move|p1a: Alomomola|Wish|p1a: Alomomola\n|\n|upkeep\n|turn|21\n|choice|switch 3|move spore\n|\n|switch|p1a: Zapdos|Zapdos|145\/381\n|-ability|p1a: Zapdos|Pressure\n|move|p2a: Smeargle|Spore|p1a: Zapdos\n|-status|p1a: Zapdos|slp\n|\n|-heal|p1a: Zapdos|381\/381 slp|[from] move: Wish|[wisher] Alomomola\n|upkeep\n|turn|22\n|choice|move discharge|move spikes\n|\n|move|p2a: Smeargle|Spikes|p1a: Zapdos\n|-sidestart|p1: Pokefreak77|Spikes\n|cant|p1a: Zapdos|slp\n|\n|upkeep\n|turn|23\n|choice|move discharge|move spikes\n|\n|move|p2a: Smeargle|Spikes|p1a: Zapdos\n|-sidestart|p1: Pokefreak77|Spikes\n|cant|p1a: Zapdos|slp\n|\n|upkeep\n|turn|24\n|choice|move discharge|move taunt\n|\n|move|p2a: Smeargle|Taunt|p1a: Zapdos\n|-start|p1a: Zapdos|move: Taunt\n|cant|p1a: Zapdos|slp\n|\n|upkeep\n|turn|25\n|choice|move discharge|move spikes\n|\n|move|p2a: Smeargle|Spikes|p1a: Zapdos\n|-sidestart|p1: Pokefreak77|Spikes\n|-curestatus|p1a: Zapdos|slp|[msg]\n|move|p1a: Zapdos|Discharge|p2a: Smeargle\n|-damage|p2a: Smeargle|115\/314\n|-status|p2a: Smeargle|par\n|\n|upkeep\n|turn|26\n|choice|move discharge|move spore\n|\n|move|p1a: Zapdos|Discharge|p2a: Smeargle\n|-damage|p2a: Smeargle|0 fnt\n|faint|p2a: Smeargle\n|\n|-end|p1a: Zapdos|move: Taunt\n|upkeep\n|choice||switch 4\n|\n|switch|p2a: Mimikyu|Mimikyu, F|252\/252\n|turn|27\n|choice|move discharge|move taunt\n|\n|move|p2a: Mimikyu|Taunt|p1a: Zapdos\n|-start|p1a: Zapdos|move: Taunt\n|move|p1a: Zapdos|Discharge|p2a: Mimikyu\n|-activate|p2a: Mimikyu|ability: Disguise\n|-damage|p2a: Mimikyu|252\/252\n|detailschange|p2a: Mimikyu|Mimikyu-Busted, F\n|\n|upkeep\n|turn|28\n|j|Caly971\n|l|Caly971\n|choice|move discharge|move curse\n|\n|move|p2a: Mimikyu|Curse|p1a: Zapdos\n|-start|p1a: Zapdos|Curse|[of] p2a: Mimikyu\n|-damage|p2a: Mimikyu|126\/252\n|move|p1a: Zapdos|Discharge|p2a: Mimikyu\n|-damage|p2a: Mimikyu|8\/252\n|\n|-damage|p1a: Zapdos|286\/381|[from] Curse\n|upkeep\n|turn|29\n|choice|switch 6|move painsplit\n|\n|switch|p1a: Chansey|Chansey, F|155\/701\n|-damage|p1a: Chansey|0 fnt|[from] Spikes\n|faint|p1a: Chansey\n|move|p2a: Mimikyu|Pain Split|p1: Chansey|[notarget]\n|-notarget\n|\n|upkeep\n|choice|switch 6|\n|\n|switch|p1a: Zapdos|Zapdos|286\/381\n|-ability|p1a: Zapdos|Pressure\n|turn|30\n|choice|move discharge|move painsplit\n|\n|move|p2a: Mimikyu|Pain Split|p1a: Zapdos\n|-sethp|p1a: Zapdos|147\/381|p2a: Mimikyu|147\/252|[from] move: Pain Split\n|move|p1a: Zapdos|Discharge|p2a: Mimikyu\n|-damage|p2a: Mimikyu|32\/252\n|\n|-heal|p1a: Zapdos|170\/381|[from] item: Leftovers\n|upkeep\n|turn|31\n|choice|move discharge|move curse\n|\n|move|p2a: Mimikyu|Curse|p1a: Zapdos\n|-start|p1a: Zapdos|Curse|[of] p2a: Mimikyu\n|-damage|p2a: Mimikyu|0 fnt\n|faint|p2a: Mimikyu\n|move|p1a: Zapdos|Discharge|p2: Mimikyu|[notarget]\n|-notarget\n|\n|-heal|p1a: Zapdos|193\/381|[from] item: Leftovers\n|-damage|p1a: Zapdos|98\/381|[from] Curse\n|upkeep\n|choice||switch 6\n|\n|switch|p2a: Kartana|Kartana|259\/259\n|turn|32\n|-message|Pokefreak77 forfeited.\n|\n|win|bbjjoorrnn\n|l|Pokefreak77\n|raw|Pokefreak77's rating: 1802 &rarr; <strong>1786<\/strong><br \/>(-16 for losing)\n|raw|bbjjoorrnn's rating: 1866 &rarr; <strong>1882<\/strong><br \/>(+16 for winning)\n|l|plz ban greninja","inputlog":null,"uploadtime":1499226264,"views":1,"p1id":"pokefreak77","p2id":"bbjjoorrnn","formatid":"gen7ou","rating":1786,"private":0,"password":null}