{"id":"gen7randombattle-1193927330","p1":"Harshal~08","p2":"Chickpiee","format":"gen7randombattle","log":"|j|\u2606Harshal~08\n|j|\u2606Chickpiee\n|t:|1601205268\n|player|p1|Harshal~08|boarder|\n|player|p2|Chickpiee|caitlin|\n|teamsize|p1|6\n|teamsize|p2|6\n|gametype|singles\n|gen|7\n|tier|[Gen 7] Random Battle\n|rated|Tournament battle\n|rule|Sleep Clause Mod: Limit one foe put to sleep\n|rule|HP Percentage Mod: HP is shown in percentages\n|\n|t:|1601205268\n|start\n|switch|p1a: Durant|Durant, L84, F|235\/235\n|switch|p2a: Typhlosion|Typhlosion, L86, M|274\/274\n|turn|1\n|inactive|Battle timer is ON: inactive players will automatically lose when time's up. (requested by Chickpiee)\n|j|%Infinite Misery\n|j| Krishna07\n|j| PG(^^)JMX\n|c|\u2606Chickpiee|Hf\n|j| tomoba\n|j| Helonium\n|c|\u2606Harshal~08|u 2\n|j| BlazingThunder008Y\n|j| Treecko my boi\n|\n|t:|1601205295\n|move|p1a: Durant|Rock Slide|p2a: Typhlosion\n|-supereffective|p2a: Typhlosion\n|-damage|p2a: Typhlosion|96\/274\n|move|p2a: Typhlosion|Fire Blast|p1a: Durant\n|-supereffective|p1a: Durant\n|-enditem|p1a: Durant|Focus Sash\n|-damage|p1a: Durant|1\/235\n|\n|upkeep\n|turn|2\n|j| 101Djtushar\u2764\n|c| PG(^^)JMX|Type advage\n|c| Treecko my boi|Gl bro\n|j| SAnSkRiTi\n|c| PG(^^)JMX|Advantage*\n|c| Helonium|Durant hustle?\n|c| Treecko my boi|Fine this\n|j| Yezumakia(\u2764)\n|c| BlazingThunder008Y|i am the champion at gen7 rndm but i always lose in tour ;-;\n|c| 101Djtushar\u2764|Gl both\n|\n|t:|1601205329\n|move|p1a: Durant|Rock Slide|p2a: Typhlosion\n|-supereffective|p2a: Typhlosion\n|-damage|p2a: Typhlosion|0 fnt\n|faint|p2a: Typhlosion\n|\n|upkeep\n|c| BlazingThunder008Y|see my elo\n|\n|t:|1601205332\n|switch|p2a: Lopunny|Lopunny, L80, F|235\/235\n|turn|3\n|c| BlazingThunder008Y|GL both\n|c| Helonium|Imagine if that fire blast missed\n|inactive|Harshal~08 has 120 seconds left.\n|c| Treecko my boi|It is so bad BlazingThunder008Y\n|j|+sirKira!Uzumaki\n|c| BlazingThunder008Y|;-;\n|\n|t:|1601205366\n|detailschange|p2a: Lopunny|Lopunny-Mega, L80, F\n|-mega|p2a: Lopunny|Lopunny|Lopunnite\n|move|p2a: Lopunny|Return|p1a: Durant\n|-resisted|p1a: Durant\n|-damage|p1a: Durant|0 fnt\n|faint|p1a: Durant\n|\n|upkeep\n|\n|t:|1601205378\n|switch|p1a: Floette|Floette-Eternal, L80, F|250\/250\n|turn|4\n|c|+sirKira!Uzumaki|go Harshal~08\n|c| tomoba|Lmao helonium\n|c| BlazingThunder008Y|my elo is 1213\n|c| Treecko my boi|It is bad bro\n|j| Diancie Magic \u2605\n|\n|t:|1601205397\n|switch|p2a: Blissey|Blissey, L82, F|552\/552\n|move|p1a: Floette|Moonblast|p2a: Blissey\n|-damage|p2a: Blissey|464\/552\n|\n|-heal|p2a: Blissey|498\/552|[from] item: Leftovers\n|upkeep\n|turn|5\n|l| SAnSkRiTi\n|c| 101Djtushar\u2764|Not bad\n|c| Treecko my boi|Blissey oh no\n|j| SAnSkRiTi\n|\n|t:|1601205409\n|switch|p1a: Togedemaru|Togedemaru, L86, M|252\/252\n|-item|p1a: Togedemaru|Air Balloon\n|move|p2a: Blissey|Stealth Rock|p1a: Togedemaru\n|-sidestart|p1: Harshal~08|move: Stealth Rock\n|\n|-heal|p2a: Blissey|532\/552|[from] item: Leftovers\n|upkeep\n|turn|6\n|c| Treecko my boi|Gg\n|c| 101Djtushar\u2764|Against me\n|l|+sirKira!Uzumaki\n|c| SAnSkRiTi|Champion with 1213 elo, noice\n|inactive|Harshal~08 has 90 seconds left.\n|c| 101Djtushar\u2764|Lol\n|c| Krishna07|Lmao\n|c| tomoba|Stall karne wale Ko stall mon\n|c| tomoba|Lmao\n|c| Treecko my boi|Lol\n|c| BlazingThunder008Y|no\n|c| tomoba|Best Jodi blissey hai blimax\n|inactive|Harshal~08 has 60 seconds left.\n|raw|<div class=\"broadcast-red\"><strong>Moderated chat was set to +!<\/strong><br \/>Only users of rank + and higher can talk.<\/div>\n|\n|t:|1601205465\n|move|p1a: Togedemaru|Iron Head|p2a: Blissey\n|-damage|p2a: Blissey|256\/552\n|cant|p2a: Blissey|flinch\n|\n|-heal|p2a: Blissey|290\/552|[from] item: Leftovers\n|upkeep\n|turn|7\n|inactive|Harshal~08 has 60 seconds left.\n|\n|t:|1601205474\n|move|p2a: Blissey|Protect|p2a: Blissey\n|-singleturn|p2a: Blissey|Protect\n|move|p1a: Togedemaru|Zing Zap|p2a: Blissey\n|-activate|p2a: Blissey|move: Protect\n|\n|-heal|p2a: Blissey|324\/552|[from] item: Leftovers\n|upkeep\n|turn|8\n|inactive|Chickpiee has 120 seconds left.\n|\n|t:|1601205509\n|switch|p2a: Lopunny|Lopunny-Mega, L80, F|235\/235\n|move|p1a: Togedemaru|Zing Zap|p2a: Lopunny\n|-damage|p2a: Lopunny|145\/235\n|\n|upkeep\n|turn|9\n|inactive|Chickpiee has 120 seconds left.\n|inactive|Harshal~08 has 60 seconds left.\n|\n|t:|1601205530\n|switch|p1a: Eelektross|Eelektross, L88, F|293\/293\n|-damage|p1a: Eelektross|257\/293|[from] Stealth Rock\n|move|p2a: Lopunny|Return|p1a: Eelektross\n|-damage|p1a: Eelektross|134\/293\n|\n|upkeep\n|turn|10\n|inactive|Harshal~08 has 60 seconds left.\n|\n|t:|1601205539\n|move|p2a: Lopunny|High Jump Kick|p1a: Eelektross\n|-damage|p1a: Eelektross|0 fnt\n|faint|p1a: Eelektross\n|\n|upkeep\n|inactive|Harshal~08 has 60 seconds left.\n|\n|t:|1601205558\n|switch|p1a: Floette|Floette-Eternal, L80, F|250\/250\n|-damage|p1a: Floette|219\/250|[from] Stealth Rock\n|turn|11\n|inactive|Chickpiee has 120 seconds left.\n|inactive|Harshal~08 has 30 seconds left.\n|inactive|Chickpiee has 90 seconds left.\n|inactive|Chickpiee has 60 seconds left.\n|\n|t:|1601205647\n|switch|p1a: Fearow|Fearow, L88, F|258\/258\n|-damage|p1a: Fearow|194\/258|[from] Stealth Rock\n|switch|p2a: Blissey|Blissey, L82, F|324\/552\n|\n|-heal|p2a: Blissey|358\/552|[from] item: Leftovers\n|upkeep\n|turn|12\n|inactive|Harshal~08 has 30 seconds left.\n|\n|t:|1601205654\n|-activate|p2a: Blissey|move: Pursuit\n|move|p1a: Fearow|Pursuit|p2a: Blissey|[from]Pursuit\n|-damage|p2a: Blissey|94\/552\n|switch|p2a: Mandibuzz|Mandibuzz, L84, F|322\/322\n|\n|upkeep\n|turn|13\n|inactive|Harshal~08 has 30 seconds left.\n|inactive|Harshal~08 has 20 seconds left.\n|\n|t:|1601205676\n|switch|p1a: Floette|Floette-Eternal, L80, F|219\/250\n|-damage|p1a: Floette|188\/250|[from] Stealth Rock\n|move|p2a: Mandibuzz|U-turn|p1a: Floette\n|-resisted|p1a: Floette\n|-damage|p1a: Floette|166\/250\n|inactive|Harshal~08 has 25 seconds left this turn.\n|\n|t:|1601205683\n|switch|p2a: Blissey|Blissey, L82, F|94\/552\n|\n|-heal|p2a: Blissey|128\/552|[from] item: Leftovers\n|upkeep\n|turn|14\n|inactive|Harshal~08 has 30 seconds left.\n|j|+Raj 00\n|inactive|Chickpiee has 60 seconds left.\n|inactive|Chickpiee has 30 seconds left.\n|inactive|Chickpiee has 20 seconds left.\n|\n|t:|1601205743\n|move|p1a: Floette|Light of Ruin|p2a: Blissey|[miss]\n|-miss|p1a: Floette|p2a: Blissey\n|move|p2a: Blissey|Soft-Boiled|p2a: Blissey\n|-heal|p2a: Blissey|404\/552\n|\n|-heal|p2a: Blissey|438\/552|[from] item: Leftovers\n|upkeep\n|turn|15\n|inactive|Chickpiee has 30 seconds left this turn.\n|inactive|Harshal~08 has 30 seconds left.\n|c|\u2606Chickpiee|This thing is not in calc\n|inactive|Chickpiee has 20 seconds left.\n|inactive|Harshal~08 has 20 seconds left.\n|inactive|Harshal~08 has 15 seconds left.\n|inactiveoff|Battle timer is now OFF.\n|\n|t:|1601205768\n|switch|p1a: Fearow|Fearow, L88, F|194\/258\n|-damage|p1a: Fearow|130\/258|[from] Stealth Rock\n|move|p2a: Blissey|Flamethrower|p1a: Fearow\n|-damage|p1a: Fearow|66\/258\n|\n|-heal|p2a: Blissey|472\/552|[from] item: Leftovers\n|upkeep\n|turn|16\n|\n|t:|1601205781\n|move|p2a: Blissey|Protect|p2a: Blissey\n|-singleturn|p2a: Blissey|Protect\n|move|p1a: Fearow|Double-Edge|p2a: Blissey\n|-activate|p2a: Blissey|move: Protect\n|\n|-heal|p2a: Blissey|506\/552|[from] item: Leftovers\n|upkeep\n|turn|17\n|\n|t:|1601205789\n|switch|p2a: Mandibuzz|Mandibuzz, L84, F|322\/322\n|move|p1a: Fearow|Double-Edge|p2a: Mandibuzz\n|-damage|p2a: Mandibuzz|147\/322\n|-damage|p1a: Fearow|8\/258|[from] Recoil\n|\n|-heal|p2a: Mandibuzz|167\/322|[from] item: Leftovers\n|upkeep\n|turn|18\n|\n|t:|1601205797\n|move|p1a: Fearow|Double-Edge|p2a: Mandibuzz\n|-damage|p2a: Mandibuzz|0 fnt\n|-damage|p1a: Fearow|0 fnt|[from] Recoil\n|faint|p2a: Mandibuzz\n|faint|p1a: Fearow\n|\n|upkeep\n|inactive|Battle timer is ON: inactive players will automatically lose when time's up. (requested by Chickpiee)\n|inactive|Harshal~08 has 20 seconds left this turn.\n|inactive|Chickpiee has 25 seconds left this turn.\n|inactive|Harshal~08 has 15 seconds left.\n|\n|t:|1601205835\n|switch|p1a: Floette|Floette-Eternal, L80, F|166\/250\n|switch|p2a: Lopunny|Lopunny-Mega, L80, F|145\/235\n|-damage|p1a: Floette|135\/250|[from] Stealth Rock\n|turn|19\n|inactive|Harshal~08 has 25 seconds left this turn.\n|inactive|Harshal~08 has 20 seconds left.\n|inactive|Harshal~08 has 15 seconds left.\n|inactiveoff|Battle timer is now OFF.\n|c|+Raj 00|...\n|\n|t:|1601205861\n|switch|p1a: Darkrai|Darkrai, L78|237\/237\n|-damage|p1a: Darkrai|208\/237|[from] Stealth Rock\n|switch|p2a: Blissey|Blissey, L82, F|506\/552\n|\n|-heal|p1a: Darkrai|222\/237|[from] item: Leftovers\n|-heal|p2a: Blissey|540\/552|[from] item: Leftovers\n|upkeep\n|turn|20\n|c|\u2606Chickpiee|I shudnt\n|c|\u2606Chickpiee|But eh\n|\n|t:|1601205877\n|switch|p2a: Unfezant|Unfezant, L88, M|283\/283\n|move|p1a: Darkrai|Substitute|p1a: Darkrai\n|-start|p1a: Darkrai|Substitute\n|-damage|p1a: Darkrai|163\/237\n|\n|-heal|p1a: Darkrai|177\/237|[from] item: Leftovers\n|upkeep\n|turn|21\n|\n|t:|1601205896\n|move|p1a: Darkrai|Dark Pulse|p2a: Unfezant\n|-damage|p2a: Unfezant|156\/283\n|cant|p2a: Unfezant|flinch\n|\n|-heal|p1a: Darkrai|191\/237|[from] item: Leftovers\n|upkeep\n|turn|22\n|c|%Infinite Misery|oof\n|\n|t:|1601205902\n|move|p1a: Darkrai|Dark Pulse|p2a: Unfezant\n|-damage|p2a: Unfezant|21\/283\n|move|p2a: Unfezant|Tailwind|p2a: Unfezant\n|-sidestart|p2: Chickpiee|move: Tailwind\n|\n|-heal|p1a: Darkrai|205\/237|[from] item: Leftovers\n|upkeep\n|turn|23\n|\n|t:|1601205909\n|move|p2a: Unfezant|Return|p1a: Darkrai\n|-end|p1a: Darkrai|Substitute\n|move|p1a: Darkrai|Dark Pulse|p2a: Unfezant\n|-damage|p2a: Unfezant|0 fnt\n|faint|p2a: Unfezant\n|\n|-heal|p1a: Darkrai|219\/237|[from] item: Leftovers\n|upkeep\n|\n|t:|1601205914\n|switch|p2a: Lopunny|Lopunny-Mega, L80, F|145\/235\n|turn|24\n|\n|t:|1601205979\n|switch|p1a: Floette|Floette-Eternal, L80, F|135\/250\n|-damage|p1a: Floette|104\/250|[from] Stealth Rock\n|move|p2a: Lopunny|High Jump Kick|p1a: Floette|[miss]\n|-miss|p2a: Lopunny|p1a: Floette\n|-damage|p2a: Lopunny|28\/235|[from] highjumpkick\n|\n|upkeep\n|turn|25\n|c|%Infinite Misery|ooof\n|c|%Infinite Misery|rip\n|\n|t:|1601205989\n|switch|p1a: Togedemaru|Togedemaru, L86, M|252\/252\n|-damage|p1a: Togedemaru|237\/252|[from] Stealth Rock\n|-item|p1a: Togedemaru|Air Balloon\n|move|p2a: Lopunny|Return|p1a: Togedemaru\n|-resisted|p1a: Togedemaru\n|-damage|p1a: Togedemaru|153\/252\n|-enditem|p1a: Togedemaru|Air Balloon\n|\n|-sideend|p2: Chickpiee|move: Tailwind\n|upkeep\n|turn|26\n|\n|t:|1601206000\n|move|p1a: Togedemaru|Spiky Shield|p1a: Togedemaru\n|-singleturn|p1a: Togedemaru|move: Protect\n|move|p2a: Lopunny|High Jump Kick|p1a: Togedemaru\n|-activate|p1a: Togedemaru|move: Protect\n|-damage|p2a: Lopunny|0 fnt|[from] Spiky Shield|[of] p1a: Togedemaru\n|faint|p2a: Lopunny\n|\n|upkeep\n|\n|t:|1601206005\n|switch|p2a: Toxicroak|Toxicroak, L84, M|277\/277\n|turn|27\n|c|\u2606Chickpiee|Not my day today\n|\n|t:|1601206019\n|move|p1a: Togedemaru|Zing Zap|p2a: Toxicroak\n|-damage|p2a: Toxicroak|163\/277\n|move|p2a: Toxicroak|Drain Punch|p1a: Togedemaru\n|-supereffective|p1a: Togedemaru\n|-damage|p1a: Togedemaru|0 fnt\n|-heal|p2a: Toxicroak|240\/277|[from] drain|[of] p1a: Togedemaru\n|faint|p1a: Togedemaru\n|\n|-heal|p2a: Toxicroak|257\/277|[from] item: Black Sludge\n|upkeep\n|\n|t:|1601206025\n|switch|p1a: Floette|Floette-Eternal, L80, F|104\/250\n|-damage|p1a: Floette|73\/250|[from] Stealth Rock\n|turn|28\n|c|%Infinite Misery|you can still win ig\n|\n|t:|1601206037\n|switch|p2a: Blissey|Blissey, L82, F|540\/552\n|move|p1a: Floette|Psychic|p2a: Blissey\n|-damage|p2a: Blissey|488\/552\n|\n|-heal|p2a: Blissey|522\/552|[from] item: Leftovers\n|upkeep\n|turn|29\n|c|\u2606Chickpiee|Yea I can\n|\n|t:|1601206074\n|switch|p1a: Darkrai|Darkrai, L78|219\/237\n|-damage|p1a: Darkrai|190\/237|[from] Stealth Rock\n|move|p2a: Blissey|Flamethrower|p1a: Darkrai\n|-damage|p1a: Darkrai|134\/237\n|\n|-heal|p1a: Darkrai|148\/237|[from] item: Leftovers\n|-heal|p2a: Blissey|552\/552|[from] item: Leftovers\n|upkeep\n|turn|30\n|\n|t:|1601206121\n|switch|p2a: Toxicroak|Toxicroak, L84, M|257\/277\n|move|p1a: Darkrai|Nasty Plot|p1a: Darkrai\n|-boost|p1a: Darkrai|spa|2\n|\n|-heal|p1a: Darkrai|162\/237|[from] item: Leftovers\n|-heal|p2a: Toxicroak|274\/277|[from] item: Black Sludge\n|upkeep\n|turn|31\n|\n|t:|1601206158\n|move|p1a: Darkrai|Dark Pulse|p2a: Toxicroak\n|-resisted|p2a: Toxicroak\n|-damage|p2a: Toxicroak|160\/277\n|move|p2a: Toxicroak|Drain Punch|p1a: Darkrai\n|-supereffective|p1a: Darkrai\n|-damage|p1a: Darkrai|0 fnt\n|-heal|p2a: Toxicroak|241\/277|[from] drain|[of] p1a: Darkrai\n|faint|p1a: Darkrai\n|\n|-heal|p2a: Toxicroak|258\/277|[from] item: Black Sludge\n|upkeep\n|\n|t:|1601206163\n|switch|p1a: Floette|Floette-Eternal, L80, F|73\/250\n|-damage|p1a: Floette|42\/250|[from] Stealth Rock\n|turn|32\n|\n|t:|1601206168\n|move|p1a: Floette|Moonblast|p2a: Toxicroak\n|-crit|p2a: Toxicroak\n|-damage|p2a: Toxicroak|39\/277\n|-unboost|p2a: Toxicroak|spa|1\n|move|p2a: Toxicroak|Drain Punch|p1a: Floette\n|-resisted|p1a: Floette\n|-damage|p1a: Floette|0 fnt\n|-heal|p2a: Toxicroak|60\/277|[from] drain|[of] p1a: Floette\n|faint|p1a: Floette\n|\n|win|Chickpiee\n","inputlog":">version 007e44377450bfdf01cd9d213b74ded393abc728\n>start {\"formatid\":\"gen7randombattle\",\"seed\":[22237,3889,4659,42158],\"rated\":\"Tournament battle\"}\n>player p1 {\"name\":\"Harshal~08\",\"avatar\":\"boarder\",\"team\":\"\",\"rating\":0,\"seed\":[479,30821,34148,58445]}\n>player p2 {\"name\":\"Chickpiee\",\"avatar\":\"caitlin\",\"team\":\"\",\"rating\":0,\"seed\":[31075,24149,62380,24148]}\n>chat \u2606Chickpiee|Hf\n>chat \u2606Harshal~08|u 2\n>p1 move rockslide\n>p2 move fireblast\n>chat  PG(^^)JMX|Type advage\n>chat  Treecko my boi|Gl bro\n>chat  PG(^^)JMX|Advantage*\n>chat  Helonium|Durant hustle?\n>chat  Treecko my boi|Fine this \n>chat  BlazingThunder008Y|i am the champion at gen7 rndm but i always lose in tour ;-;\n>chat  101Djtushar\u2764|Gl both\n>p1 move rockslide\n>p2 move fireblast\n>chat  BlazingThunder008Y|see my elo\n>p2 switch 2\n>chat  BlazingThunder008Y|GL both\n>chat  Helonium|Imagine if that fire blast missed\n>chat  Treecko my boi|It is so bad BlazingThunder008Y\n>chat  BlazingThunder008Y|;-;\n>p1 move superpower\n>p2 move return mega\n>p1 switch 2\n>chat +sirKira!Uzumaki|go Harshal~08\n>chat  tomoba|Lmao helonium \n>chat  BlazingThunder008Y|my elo is 1213\n>chat  Treecko my boi|It is bad bro\n>p1 move moonblast\n>p2 switch 3\n>chat  101Djtushar\u2764|Not bad\n>chat  Treecko my boi|Blissey oh no\n>p1 switch 4\n>p2 move stealthrock\n>chat  Treecko my boi|Gg\n>chat  101Djtushar\u2764|Against me\n>chat  SAnSkRiTi|Champion with 1213 elo, noice\n>chat  101Djtushar\u2764|Lol\n>chat  Krishna07|Lmao\n>chat  tomoba|Stall karne wale Ko stall mon \n>chat  tomoba|Lmao\n>chat  Treecko my boi|Lol\n>chat  BlazingThunder008Y|no\n>chat  tomoba|Best Jodi blissey hai blimax \n>p1 move ironhead\n>p2 move flamethrower\n>p1 move zingzap\n>p2 move protect\n>p1 move zingzap\n>p2 switch 3\n>p1 switch 6\n>p2 move return\n>p1 move thunderbolt\n>p2 move highjumpkick\n>p1 switch 4\n>p1 switch 5\n>p2 switch 3\n>p1 move pursuit\n>p2 switch 4\n>p1 switch 5\n>p2 move uturn\n>p2 switch 4\n>p1 move lightofruin\n>p2 move softboiled\n>chat \u2606Chickpiee|This thing is not in calc\n>p1 switch 5\n>p2 move flamethrower\n>p1 move doubleedge\n>p2 move protect\n>p1 move doubleedge\n>p2 switch 4\n>p1 move doubleedge\n>p2 move uturn\n>p1 switch 5\n>p2 switch 3\n>chat +Raj 00|...\n>p1 switch 3\n>p2 switch 4\n>chat \u2606Chickpiee|I shudnt \n>chat \u2606Chickpiee|But eh\n>p1 move substitute\n>p2 switch 6\n>p1 move darkpulse\n>p2 move tailwind\n>chat %Infinite Misery|oof\n>p1 move darkpulse\n>p2 move tailwind\n>p1 move darkpulse\n>p2 move return\n>p2 switch 4\n>p1 switch 3\n>p2 move highjumpkick\n>chat %Infinite Misery|ooof\n>chat %Infinite Misery|rip\n>p1 switch 6\n>p2 move return\n>p1 move spikyshield\n>p2 move highjumpkick\n>p2 switch 5\n>chat \u2606Chickpiee|Not my day today\n>p1 move zingzap\n>p2 move drainpunch\n>p1 switch 6\n>chat %Infinite Misery|you can still win ig\n>p1 move psychic\n>p2 switch 6\n>chat \u2606Chickpiee|Yea I can\n>p1 switch 3\n>p2 move flamethrower\n>p1 move nastyplot\n>p2 switch 6\n>p1 move darkpulse\n>p2 move drainpunch\n>p1 switch 3\n>p1 move moonblast\n>p2 move drainpunch","uploadtime":1601206169,"views":18,"p1id":"harshal08","p2id":"chickpiee","formatid":"gen7randombattle","rating":0,"private":0,"password":null}