{"id":"gen7ou-1117037749","p1":"Moskito Cup","p2":"Ahsan-219","format":"gen7ou","log":"|raw|<div class=\"broadcast-red\"><strong>This battle is invite-only!<\/strong><br \/>Users must be invited with <code>\/invite<\/code> (or be staff) to join<\/div>\n|j|\u2606Moskito Cup\n|j|\u2606Ahsan-219\n|player|p1|Moskito Cup|170|1934\n|player|p2|Ahsan-219|clemont|1886\n|teamsize|p1|6\n|teamsize|p2|6\n|gametype|singles\n|gen|7\n|tier|[Gen 7] OU\n|rated|\n|clearpoke\n|poke|p1|Venusaur, M|item\n|poke|p1|Keldeo-Resolute|item\n|poke|p1|Skarmory, M|item\n|poke|p1|Chansey, F|item\n|poke|p1|Heatran, M|item\n|poke|p1|Bisharp, F|item\n|poke|p2|Excadrill, F|item\n|poke|p2|Crawdaunt, F|item\n|poke|p2|Tyranitar, F|item\n|poke|p2|Empoleon, M|item\n|poke|p2|Bisharp, M|item\n|poke|p2|Diggersby, M|item\n|rule|Sleep Clause Mod: Limit one foe put to sleep\n|rule|Species Clause: Limit one of each Pok\u00e9mon\n|rule|OHKO Clause: OHKO moves are banned\n|rule|Moody Clause: Moody is banned\n|rule|Evasion Moves Clause: Evasion moves are banned\n|rule|Endless Battle Clause: Forcing endless battles is banned\n|rule|HP Percentage Mod: HP is shown in percentages\n|teampreview\n|inactive|Battle timer is ON: inactive players will automatically lose when time's up. (requested by Ahsan-219)\n|\n|start\n|switch|p1a: Keldeo|Keldeo-Resolute|100\/100\n|switch|p2a: Excadrill|Excadrill, F|100\/100\n|turn|1\n|\n|move|p1a: Keldeo|Secret Sword|p2a: Excadrill\n|-supereffective|p2a: Excadrill\n|-enditem|p2a: Excadrill|Focus Sash\n|-damage|p2a: Excadrill|1\/100\n|move|p2a: Excadrill|Stealth Rock|p1a: Keldeo\n|-sidestart|p1: Moskito Cup|move: Stealth Rock\n|\n|upkeep\n|turn|2\n|\n|move|p1a: Keldeo|Secret Sword|p2a: Excadrill\n|-supereffective|p2a: Excadrill\n|-damage|p2a: Excadrill|0 fnt\n|faint|p2a: Excadrill\n|\n|upkeep\n|\n|switch|p2a: Diggersby|Diggersby, M|100\/100\n|turn|3\n|\n|switch|p1a: Skarmory|Skarmory, M|100\/100\n|-damage|p1a: Skarmory|88\/100|[from] Stealth Rock\n|move|p2a: Diggersby|Return|p1a: Skarmory\n|-resisted|p1a: Skarmory\n|-damage|p1a: Skarmory|68\/100\n|-damage|p2a: Diggersby|84\/100|[from] item: Rocky Helmet|[of] p1a: Skarmory\n|\n|upkeep\n|turn|4\n|\n|switch|p2a: Crawdaunt|Crawdaunt, F|100\/100\n|move|p1a: Skarmory|Spikes|p2a: Crawdaunt\n|-sidestart|p2: Ahsan-219|Spikes\n|\n|upkeep\n|turn|5\n|\n|move|p2a: Crawdaunt|Swords Dance|p2a: Crawdaunt\n|-boost|p2a: Crawdaunt|atk|2\n|move|p1a: Skarmory|Whirlwind|p2a: Crawdaunt\n|drag|p2a: Tyranitar|Tyranitar, F|100\/100\n|-damage|p2a: Tyranitar|88\/100|[from] Spikes\n|-weather|Sandstorm|[from] ability: Sand Stream|[of] p2a: Tyranitar\n|\n|-weather|Sandstorm|[upkeep]\n|upkeep\n|turn|6\n|\n|detailschange|p2a: Tyranitar|Tyranitar-Mega, F\n|-mega|p2a: Tyranitar|Tyranitar|Tyranitarite\n|move|p2a: Tyranitar|Stone Edge|p1a: Skarmory\n|-damage|p1a: Skarmory|30\/100\n|move|p1a: Skarmory|Spikes|p2a: Tyranitar\n|-sidestart|p2: Ahsan-219|Spikes\n|\n|-weather|Sandstorm|[upkeep]\n|upkeep\n|turn|7\n|\n|move|p2a: Tyranitar|Stone Edge|p1a: Skarmory\n|-damage|p1a: Skarmory|0 fnt\n|faint|p1a: Skarmory\n|\n|-weather|Sandstorm|[upkeep]\n|upkeep\n|\n|switch|p1a: Keldeo|Keldeo-Resolute|100\/100\n|-damage|p1a: Keldeo|94\/100|[from] Stealth Rock\n|turn|8\n|\n|move|p1a: Keldeo|Secret Sword|p2a: Tyranitar\n|-supereffective|p2a: Tyranitar\n|-damage|p2a: Tyranitar|0 fnt\n|faint|p2a: Tyranitar\n|\n|-weather|Sandstorm|[upkeep]\n|-damage|p1a: Keldeo|88\/100|[from] Sandstorm\n|-heal|p1a: Keldeo|94\/100|[from] item: Leftovers\n|upkeep\n|\n|switch|p2a: Empoleon|Empoleon, M|100\/100\n|-damage|p2a: Empoleon|84\/100|[from] Spikes\n|turn|9\n|\n|move|p1a: Keldeo|Substitute|p1a: Keldeo\n|-start|p1a: Keldeo|Substitute\n|-damage|p1a: Keldeo|69\/100\n|move|p2a: Empoleon|Grass Knot|p1a: Keldeo\n|-supereffective|p1a: Keldeo\n|-end|p1a: Keldeo|Substitute\n|\n|-weather|none\n|-heal|p1a: Keldeo|75\/100|[from] item: Leftovers\n|upkeep\n|turn|10\n|\n|switch|p1a: Bisharp|Bisharp, F|100\/100\n|-damage|p1a: Bisharp|94\/100|[from] Stealth Rock\n|move|p2a: Empoleon|Grass Knot|p1a: Bisharp\n|-resisted|p1a: Bisharp\n|-damage|p1a: Bisharp|76\/100\n|\n|-heal|p1a: Bisharp|82\/100|[from] item: Leftovers\n|upkeep\n|turn|11\n|\n|move|p2a: Empoleon|Hydro Pump|p1a: Bisharp|[miss]\n|-miss|p2a: Empoleon|p1a: Bisharp\n|move|p1a: Bisharp|Knock Off|p2a: Empoleon\n|-damage|p2a: Empoleon|22\/100\n|-enditem|p2a: Empoleon|Focus Sash|[from] move: Knock Off|[of] p1a: Bisharp\n|\n|-heal|p1a: Bisharp|88\/100|[from] item: Leftovers\n|upkeep\n|turn|12\n|\n|move|p1a: Bisharp|Sucker Punch|p2a: Empoleon\n|-damage|p2a: Empoleon|0 fnt\n|faint|p2a: Empoleon\n|\n|-heal|p1a: Bisharp|94\/100|[from] item: Leftovers\n|upkeep\n|\n|switch|p2a: Diggersby|Diggersby, M|84\/100\n|-damage|p2a: Diggersby|67\/100|[from] Spikes\n|turn|13\n|\n|move|p1a: Bisharp|Sucker Punch||[still]\n|-fail|p1a: Bisharp\n|move|p2a: Diggersby|Swords Dance|p2a: Diggersby\n|-boost|p2a: Diggersby|atk|2\n|\n|-heal|p1a: Bisharp|99\/100|[from] item: Leftovers\n|upkeep\n|turn|14\n|\n|move|p1a: Bisharp|Sucker Punch|p2a: Diggersby\n|-damage|p2a: Diggersby|14\/100\n|move|p2a: Diggersby|Earthquake|p1a: Bisharp\n|-supereffective|p1a: Bisharp\n|-damage|p1a: Bisharp|0 fnt\n|faint|p1a: Bisharp\n|\n|upkeep\n|\n|switch|p1a: Chansey|Chansey, F|100\/100\n|-damage|p1a: Chansey|88\/100|[from] Stealth Rock\n|turn|15\n|\n|move|p2a: Diggersby|Return|p1a: Chansey\n|-damage|p1a: Chansey|0 fnt\n|faint|p1a: Chansey\n|\n|upkeep\n|\n|switch|p1a: Venusaur|Venusaur, M|100\/100\n|-damage|p1a: Venusaur|88\/100|[from] Stealth Rock\n|turn|16\n|\n|detailschange|p1a: Venusaur|Venusaur-Mega, M\n|-mega|p1a: Venusaur|Venusaur|Venusaurite\n|move|p2a: Diggersby|Return|p1a: Venusaur\n|-damage|p1a: Venusaur|7\/100\n|move|p1a: Venusaur|Giga Drain|p2a: Diggersby\n|-supereffective|p2a: Diggersby\n|-damage|p2a: Diggersby|0 fnt\n|-heal|p1a: Venusaur|13\/100|[from] drain|[of] p2a: Diggersby\n|faint|p2a: Diggersby\n|\n|upkeep\n|\n|switch|p2a: Bisharp|Bisharp, M|100\/100\n|-damage|p2a: Bisharp|84\/100|[from] Spikes\n|turn|17\n|\n|move|p2a: Bisharp|Swords Dance|p2a: Bisharp\n|-boost|p2a: Bisharp|atk|2\n|move|p1a: Venusaur|Hidden Power|p2a: Bisharp\n|-supereffective|p2a: Bisharp\n|-damage|p2a: Bisharp|29\/100\n|\n|upkeep\n|turn|18\n|\n|move|p2a: Bisharp|Knock Off|p1a: Venusaur\n|-damage|p1a: Venusaur|0 fnt\n|faint|p1a: Venusaur\n|\n|upkeep\n|\n|switch|p1a: Heatran|Heatran, M|100\/100\n|-damage|p1a: Heatran|88\/100|[from] Stealth Rock\n|turn|19\n|\n|move|p1a: Heatran|Lava Plume|p2a: Bisharp\n|-supereffective|p2a: Bisharp\n|-damage|p2a: Bisharp|0 fnt\n|faint|p2a: Bisharp\n|\n|-heal|p1a: Heatran|94\/100|[from] item: Leftovers\n|upkeep\n|\n|switch|p2a: Crawdaunt|Crawdaunt, F|100\/100\n|-damage|p2a: Crawdaunt|84\/100|[from] Spikes\n|turn|20\n|\n|move|p1a: Heatran|Taunt|p2a: Crawdaunt\n|-start|p2a: Crawdaunt|move: Taunt\n|cant|p2a: Crawdaunt|move: Taunt|Swords Dance\n|\n|-heal|p1a: Heatran|100\/100|[from] item: Leftovers\n|upkeep\n|turn|21\n|-message|Ahsan-219 forfeited.\n|\n|win|Moskito Cup\n|l|\u2606Ahsan-219\n|c|\u2606Moskito Cup|\/log Moskito Cup made this room public.\n||Ladder (probably) updated, but score could not be retrieved (Response not received).\n","uploadtime":1589835937,"views":225,"p1id":"moskitocup","p2id":"ahsan219","formatid":"gen7ou","rating":0,"private":0,"password":null}