{"id":"gen7anythinggoes-1557583472","p1":"The Lone Shy Guy","p2":"TestingTesting1","format":"gen7anythinggoes","log":"|j|\u2606The Lone Shy Guy\n|j|\u2606TestingTesting1\n|t:|1650473033\n|gametype|singles\n|player|p1|The Lone Shy Guy|nate|1339\n|player|p2|TestingTesting1|2|1476\n|teamsize|p1|6\n|teamsize|p2|6\n|gen|7\n|tier|[Gen 7] Anything Goes\n|rated|\n|rule|HP Percentage Mod: HP is shown in percentages\n|rule|Endless Battle Clause: Forcing endless battles is banned\n|clearpoke\n|poke|p1|Manaphy|item\n|poke|p1|Quagsire, M|item\n|poke|p1|Volcarona, F|item\n|poke|p1|Zekrom|item\n|poke|p1|Magearna|item\n|poke|p1|Gardevoir, F|item\n|poke|p2|Deoxys-Attack|item\n|poke|p2|Deoxys-Attack|item\n|poke|p2|Deoxys-Attack|item\n|poke|p2|Deoxys-Attack|item\n|poke|p2|Deoxys-Attack|item\n|poke|p2|Deoxys-Speed|item\n|teampreview\n|\n|t:|1650473047\n|start\n|switch|p1a: Volcarona|Volcarona, F|100\/100\n|switch|p2a: Deoxys|Deoxys-Speed|100\/100\n|-ability|p2a: Deoxys|Pressure\n|turn|1\n|j| Poor Strategies\n|\n|t:|1650473057\n|move|p2a: Deoxys|Taunt|p1a: Volcarona\n|-start|p1a: Volcarona|move: Taunt\n|move|p1a: Volcarona|Bug Buzz|p2a: Deoxys\n|-supereffective|p2a: Deoxys\n|-enditem|p2a: Deoxys|Focus Sash\n|-damage|p2a: Deoxys|1\/100\n|\n|upkeep\n|turn|2\n|\n|t:|1650473064\n|move|p2a: Deoxys|Stealth Rock|p1a: Volcarona\n|-sidestart|p1: The Lone Shy Guy|move: Stealth Rock\n|move|p1a: Volcarona|Bug Buzz|p2a: Deoxys\n|-supereffective|p2a: Deoxys\n|-damage|p2a: Deoxys|0 fnt\n|faint|p2a: Deoxys\n|\n|upkeep\n|\n|t:|1650473072\n|switch|p2a: Deoxys|Deoxys-Attack|100\/100\n|-ability|p2a: Deoxys|Pressure\n|turn|3\n|\n|t:|1650473079\n|move|p2a: Deoxys|Psycho Boost|p1a: Volcarona\n|-enditem|p1a: Volcarona|Focus Sash\n|-damage|p1a: Volcarona|1\/100\n|-unboost|p2a: Deoxys|spa|2\n|move|p1a: Volcarona|Bug Buzz|p2a: Deoxys\n|-supereffective|p2a: Deoxys\n|-damage|p2a: Deoxys|0 fnt\n|faint|p2a: Deoxys\n|\n|-end|p1a: Volcarona|move: Taunt\n|upkeep\n|\n|t:|1650473090\n|switch|p2a: Deoxys|Deoxys-Attack|100\/100\n|-ability|p2a: Deoxys|Pressure\n|turn|4\n|\n|t:|1650473094\n|move|p2a: Deoxys|Ice Beam|p1a: Volcarona\n|-resisted|p1a: Volcarona\n|-damage|p1a: Volcarona|0 fnt\n|faint|p1a: Volcarona\n|\n|upkeep\n|\n|t:|1650473117\n|switch|p1a: Quagsire|Quagsire, M|100\/100\n|-damage|p1a: Quagsire|94\/100|[from] Stealth Rock\n|turn|5\n|\n|t:|1650473124\n|move|p2a: Deoxys|Psychic|p1a: Quagsire\n|-damage|p1a: Quagsire|9\/100\n|move|p1a: Quagsire|Yawn|p2a: Deoxys\n|-start|p2a: Deoxys|move: Yawn|[of] p1a: Quagsire\n|\n|-heal|p1a: Quagsire|15\/100|[from] item: Leftovers\n|upkeep\n|turn|6\n|\n|t:|1650473138\n|switch|p2a: Deoxys|Deoxys-Attack|100\/100\n|-ability|p2a: Deoxys|Pressure\n|move|p1a: Quagsire|Curse|p1a: Quagsire\n|-unboost|p1a: Quagsire|spe|1\n|-boost|p1a: Quagsire|atk|1\n|-boost|p1a: Quagsire|def|1\n|\n|-heal|p1a: Quagsire|21\/100|[from] item: Leftovers\n|upkeep\n|turn|7\n|\n|t:|1650473148\n|move|p2a: Deoxys|Knock Off|p1a: Quagsire\n|-damage|p1a: Quagsire|0 fnt\n|-enditem|p1a: Quagsire|Leftovers|[from] move: Knock Off|[of] p2a: Deoxys\n|faint|p1a: Quagsire\n|\n|upkeep\n|\n|t:|1650473162\n|switch|p1a: Zekrom|Zekrom|100\/100\n|-damage|p1a: Zekrom|88\/100|[from] Stealth Rock\n|-ability|p1a: Zekrom|Teravolt\n|turn|8\n|\n|t:|1650473170\n|move|p2a: Deoxys|Knock Off|p1a: Zekrom\n|-damage|p1a: Zekrom|59\/100\n|-enditem|p1a: Zekrom|Assault Vest|[from] move: Knock Off|[of] p2a: Deoxys\n|move|p1a: Zekrom|Shadow Claw|p2a: Deoxys\n|-supereffective|p2a: Deoxys\n|-damage|p2a: Deoxys|0 fnt\n|faint|p2a: Deoxys\n|\n|upkeep\n|\n|t:|1650473179\n|switch|p2a: Deoxys|Deoxys-Attack|100\/100\n|-ability|p2a: Deoxys|Pressure\n|turn|9\n|\n|t:|1650473184\n|move|p2a: Deoxys|Ice Beam|p1a: Zekrom\n|-supereffective|p1a: Zekrom\n|-damage|p1a: Zekrom|0 fnt\n|faint|p1a: Zekrom\n|\n|upkeep\n|inactive|Battle timer is ON: inactive players will automatically lose when time's up. (requested by The Lone Shy Guy)\n|\n|t:|1650473215\n|switch|p1a: Manaphy|Manaphy|100\/100\n|-damage|p1a: Manaphy|88\/100|[from] Stealth Rock\n|turn|10\n|\n|t:|1650473233\n|move|p2a: Deoxys|Psychic|p1a: Manaphy\n|-damage|p1a: Manaphy|17\/100\n|move|p1a: Manaphy|Tail Glow|p1a: Manaphy\n|-boost|p1a: Manaphy|spa|3\n|\n|-heal|p1a: Manaphy|23\/100|[from] item: Leftovers\n|upkeep\n|turn|11\n|\n|t:|1650473240\n|move|p2a: Deoxys|Psychic|p1a: Manaphy\n|-damage|p1a: Manaphy|0 fnt\n|faint|p1a: Manaphy\n|\n|upkeep\n|\n|t:|1650473251\n|switch|p1a: Magearna|Magearna|100\/100\n|-damage|p1a: Magearna|94\/100|[from] Stealth Rock\n|turn|12\n|\n|t:|1650473271\n|move|p2a: Deoxys|Superpower|p1a: Magearna\n|-damage|p1a: Magearna|55\/100\n|-unboost|p2a: Deoxys|atk|1\n|-unboost|p2a: Deoxys|def|1\n|move|p1a: Magearna|Energy Ball|p2a: Deoxys\n|-enditem|p2a: Deoxys|Focus Sash\n|-damage|p2a: Deoxys|1\/100\n|-unboost|p2a: Deoxys|spd|1\n|\n|-heal|p1a: Magearna|61\/100|[from] item: Leftovers\n|upkeep\n|turn|13\n|\n|t:|1650473285\n|move|p2a: Deoxys|Psychic|p1a: Magearna\n|-resisted|p1a: Magearna\n|-damage|p1a: Magearna|36\/100\n|move|p1a: Magearna|Energy Ball|p2a: Deoxys\n|-damage|p2a: Deoxys|0 fnt\n|faint|p2a: Deoxys\n|-ability|p1a: Magearna|Soul-Heart|boost\n|-boost|p1a: Magearna|spa|1\n|\n|-heal|p1a: Magearna|42\/100|[from] item: Leftovers\n|upkeep\n|\n|t:|1650473296\n|switch|p2a: Deoxys|Deoxys-Attack|100\/100\n|-ability|p2a: Deoxys|Pressure\n|turn|14\n|\n|t:|1650473303\n|move|p2a: Deoxys|Superpower|p1a: Magearna\n|-damage|p1a: Magearna|0 fnt\n|-unboost|p2a: Deoxys|atk|1\n|-unboost|p2a: Deoxys|def|1\n|faint|p1a: Magearna\n|-damage|p2a: Deoxys|91\/100|[from] item: Life Orb\n|\n|upkeep\n|\n|t:|1650473309\n|switch|p1a: Gardevoir|Gardevoir, F, shiny|100\/100\n|-damage|p1a: Gardevoir|88\/100|[from] Stealth Rock\n|-ability|p1a: Gardevoir|Pressure|[from] ability: Trace|[of] p2a: Deoxys\n|-ability|p1a: Gardevoir|Pressure\n|turn|15\n|\n|t:|1650473329\n|detailschange|p1a: Gardevoir|Gardevoir-Mega, F, shiny\n|-mega|p1a: Gardevoir|Gardevoir|Gardevoirite\n|move|p2a: Deoxys|Ice Beam|p1a: Gardevoir\n|-damage|p1a: Gardevoir|40\/100\n|-status|p1a: Gardevoir|frz\n|-damage|p2a: Deoxys|81\/100|[from] item: Life Orb\n|cant|p1a: Gardevoir|frz\n|\n|upkeep\n|turn|16\n|\n|t:|1650473338\n|move|p2a: Deoxys|Ice Beam|p1a: Gardevoir\n|-damage|p1a: Gardevoir|0 fnt\n|faint|p1a: Gardevoir\n|-damage|p2a: Deoxys|71\/100|[from] item: Life Orb\n|\n|win|TestingTesting1\n|raw|The Lone Shy Guy's rating: 1339 &rarr; <strong>1327<\/strong><br \/>(-12 for losing)\n|raw|TestingTesting1's rating: 1476 &rarr; <strong>1488<\/strong><br \/>(+12 for winning)\n|l| Poor Strategies\n|l|\u2606TestingTesting1\n","uploadtime":1650473353,"views":13,"p1id":"theloneshyguy","p2id":"testingtesting1","formatid":"gen7anythinggoes","rating":1327,"private":0,"password":null}