{"id":"gen7ou-654794589","p1":"TUTURURU62","p2":"Candice","format":"gen7ou","log":"|j|TUTURURU62\n|j|Candice\n|player|p1|TUTURURU62|170\n|teamsize|p1|6\n|player|p2|Candice|36\n|teamsize|p2|6\n|gametype|singles\n|gen|7\n|tier|[Gen 7] OU\n|rated|\n|seed|17480,64588,31901,16909\n|rule|Sleep Clause Mod: Limit one foe put to sleep\n|rule|Species Clause: Limit one of each Pok\u00e9mon\n|rule|OHKO Clause: OHKO moves are banned\n|rule|Moody Clause: Moody is banned\n|rule|Evasion Moves Clause: Evasion moves are banned\n|rule|Endless Battle Clause: Forcing endless battles is banned\n|rule|HP Percentage Mod: HP is shown in percentages\n|clearpoke\n|poke|p1|Volcarona, M|item\n|poke|p1|Weavile, F|item\n|poke|p1|Tapu Fini|item\n|poke|p1|Skarmory, F|item\n|poke|p1|Tangrowth, M|item\n|poke|p1|Diancie|item\n|poke|p2|Hippowdon, F|item\n|poke|p2|Garchomp, F|item\n|poke|p2|Mantine, F|item\n|poke|p2|Tornadus-Therian, M|item\n|poke|p2|Magearna|item\n|poke|p2|Ferrothorn, F|item\n|teampreview\n|inactive|Battle timer is ON: inactive players will automatically lose when time's up. (requested by TUTURURU62)\n|choice|team 2, team 1, team 3, team 4, team 5, team 6|team 5, team 2, team 3, team 4, team 1, team 6\n|\n|start\n|switch|p1a: Weavile|Weavile, F|281\/281\n|switch|p2a: Cherry BunBun|Magearna|301\/301\n|-ability|p1a: Weavile|Pressure\n|turn|1\n|inactive|Candice has 135 seconds left.\n|choice|move knockoff|move focusblast\n|\n|move|p1a: Weavile|Knock Off|p2a: Cherry BunBun\n|-resisted|p2a: Cherry BunBun\n|-damage|p2a: Cherry BunBun|232\/301\n|move|p2a: Cherry BunBun|Focus Blast|p1a: Weavile|[miss]\n|-miss|p2a: Cherry BunBun|p1a: Weavile\n|\n|upkeep\n|turn|2\n|choice|switch 5|move shiftgear\n|\n|switch|p1a: Tangrowth|Tangrowth, M|401\/401\n|move|p2a: Cherry BunBun|Shift Gear|p2a: Cherry BunBun\n|-boost|p2a: Cherry BunBun|spe|2\n|-boost|p2a: Cherry BunBun|atk|1\n|\n|upkeep\n|turn|3\n|choice|move earthquake|move icebeam\n|\n|move|p2a: Cherry BunBun|Ice Beam|p1a: Tangrowth\n|-supereffective|p1a: Tangrowth\n|-damage|p1a: Tangrowth|241\/401\n|move|p1a: Tangrowth|Earthquake|p2a: Cherry BunBun\n|-supereffective|p2a: Cherry BunBun\n|-damage|p2a: Cherry BunBun|104\/301\n|\n|upkeep\n|turn|4\n|choice|move earthquake|switch 4\n|\n|switch|p2a: Yogurt|Tornadus-Therian, M|299\/299\n|move|p1a: Tangrowth|Earthquake|p2a: Yogurt\n|-immune|p2a: Yogurt|[msg]\n|\n|upkeep\n|turn|5\n|choice|move knockoff|move uturn\n|\n|move|p2a: Yogurt|U-turn|p1a: Tangrowth\n|-supereffective|p1a: Tangrowth\n|-damage|p1a: Tangrowth|116\/401\n|-damage|p2a: Yogurt|270\/299|[from] item: Life Orb\n|choice||switch 4\n|\n|switch|p2a: Cherry BunBun|Magearna|104\/301\n|move|p1a: Tangrowth|Knock Off|p2a: Cherry BunBun\n|-resisted|p2a: Cherry BunBun\n|-damage|p2a: Cherry BunBun|79\/301\n|\n|upkeep\n|turn|6\n|choice|switch 3|move shiftgear\n|\n|switch|p1a: Tapu Fini|Tapu Fini|341\/341\n|-fieldstart|move: Misty Terrain|[from] ability: Misty Surge|[of] p1a: Tapu Fini\n|move|p2a: Cherry BunBun|Shift Gear|p2a: Cherry BunBun\n|-boost|p2a: Cherry BunBun|spe|2\n|-boost|p2a: Cherry BunBun|atk|1\n|\n|upkeep\n|turn|7\n|choice|move scald|move thunderbolt zmove\n|\n|-zpower|p2a: Cherry BunBun\n|move|p2a: Cherry BunBun|Gigavolt Havoc|p1a: Tapu Fini|[zeffect]\n|-supereffective|p1a: Tapu Fini\n|-damage|p1a: Tapu Fini|7\/341\n|move|p1a: Tapu Fini|Scald|p2a: Cherry BunBun\n|-damage|p2a: Cherry BunBun|0 fnt\n|faint|p2a: Cherry BunBun\n|\n|-heal|p1a: Tapu Fini|28\/341|[from] item: Leftovers\n|upkeep\n|choice||switch 4\n|\n|switch|p2a: Yogurt|Tornadus-Therian, M|299\/299\n|turn|8\n|choice|switch 6|move superpower\n|\n|switch|p1a: Diancie|Diancie|241\/241\n|move|p2a: Yogurt|Superpower|p1a: Diancie\n|-damage|p1a: Diancie|147\/241\n|-unboost|p2a: Yogurt|atk|1\n|-unboost|p2a: Yogurt|def|1\n|-damage|p2a: Yogurt|270\/299|[from] item: Life Orb\n|\n|upkeep\n|turn|9\n|choice|move diamondstorm mega|move uturn\n|\n|detailschange|p1a: Diancie|Diancie-Mega\n|-mega|p1a: Diancie|Diancie|Diancite\n|move|p2a: Yogurt|U-turn|p1a: Diancie\n|-resisted|p1a: Diancie\n|-damage|p1a: Diancie|125\/241\n|-damage|p2a: Yogurt|241\/299|[from] item: Life Orb\n|choice||switch 5\n|\n|switch|p2a: Queen|Hippowdon, F|420\/420\n|-weather|Sandstorm|[from] ability: Sand Stream|[of] p2a: Queen\n|move|p1a: Diancie|Diamond Storm|p2a: Queen\n|-resisted|p2a: Queen\n|-damage|p2a: Queen|359\/420\n|-boost|p1a: Diancie|def|2\n|\n|-weather|Sandstorm|[upkeep]\n|-heal|p2a: Queen|385\/420|[from] item: Leftovers\n|upkeep\n|turn|10\n|choice|move moonblast|move earthquake\n|\n|move|p1a: Diancie|Moonblast|p2a: Queen\n|-damage|p2a: Queen|114\/420\n|move|p2a: Queen|Earthquake|p1a: Diancie\n|-supereffective|p1a: Diancie\n|-damage|p1a: Diancie|9\/241\n|\n|-weather|Sandstorm|[upkeep]\n|-heal|p2a: Queen|140\/420|[from] item: Leftovers\n|-fieldend|Misty Terrain\n|upkeep\n|turn|11\n|inactive|Candice has 135 seconds left.\n|choice|move moonblast|move stealthrock\n|\n|move|p1a: Diancie|Moonblast|p2a: Queen\n|-damage|p2a: Queen|0 fnt\n|faint|p2a: Queen\n|\n|-weather|Sandstorm|[upkeep]\n|upkeep\n|choice||switch 5\n|\n|switch|p2a: Yogurt|Tornadus-Therian, M|299\/299\n|turn|12\n|choice|switch 6|move heatwave\n|\n|switch|p1a: Tapu Fini|Tapu Fini|28\/341\n|-fieldstart|move: Misty Terrain|[from] ability: Misty Surge|[of] p1a: Tapu Fini\n|move|p2a: Yogurt|Heat Wave|p1a: Tapu Fini\n|-resisted|p1a: Tapu Fini\n|-damage|p1a: Tapu Fini|0 fnt\n|-damage|p2a: Yogurt|270\/299|[from] item: Life Orb\n|faint|p1a: Tapu Fini\n|\n|-weather|Sandstorm|[upkeep]\n|-damage|p2a: Yogurt|252\/299|[from] sandstorm\n|upkeep\n|choice|switch 5|\n|\n|switch|p1a: Weavile|Weavile, F|281\/281\n|-ability|p1a: Weavile|Pressure\n|turn|13\n|choice|move knockoff|switch 6\n|\n|switch|p2a: Rose|Ferrothorn, F|352\/352\n|move|p1a: Weavile|Knock Off|p2a: Rose\n|-damage|p2a: Rose|181\/352\n|-damage|p1a: Weavile|246\/281|[from] ability: Iron Barbs|[of] p2a: Rose\n|-enditem|p2a: Rose|Leftovers|[from] move: Knock Off|[of] p1a: Weavile\n|\n|-weather|none\n|upkeep\n|turn|14\n|choice|switch 6|switch 2\n|\n|switch|p1a: Diancie|Diancie-Mega|9\/241\n|switch|p2a: Chomp!|Garchomp, F|357\/357\n|\n|upkeep\n|turn|15\n|choice|move moonblast|switch 6\n|\n|switch|p2a: Yogurt|Tornadus-Therian, M|299\/299\n|move|p1a: Diancie|Moonblast|p2a: Yogurt\n|-damage|p2a: Yogurt|55\/299\n|\n|upkeep\n|turn|16\n|choice|switch 3|move heatwave\n|\n|switch|p1a: Tangrowth|Tangrowth, M|249\/401\n|move|p2a: Yogurt|Heat Wave|p1a: Tangrowth|[miss]\n|-miss|p2a: Yogurt|p1a: Tangrowth\n|\n|-fieldend|Misty Terrain\n|upkeep\n|turn|17\n|choice|move knockoff|move hurricane\n|\n|move|p2a: Yogurt|Hurricane|p1a: Tangrowth\n|-supereffective|p1a: Tangrowth\n|-damage|p1a: Tangrowth|0 fnt\n|-damage|p2a: Yogurt|26\/299|[from] item: Life Orb\n|faint|p1a: Tangrowth\n|\n|upkeep\n|choice|switch 6|\n|\n|switch|p1a: Weavile|Weavile, F|246\/281\n|-ability|p1a: Weavile|Pressure\n|turn|18\n|choice|move knockoff|switch 2\n|\n|switch|p2a: Rose|Ferrothorn, F|181\/352\n|move|p1a: Weavile|Knock Off|p2a: Rose\n|-damage|p2a: Rose|64\/352\n|-damage|p1a: Weavile|211\/281|[from] ability: Iron Barbs|[of] p2a: Rose\n|\n|upkeep\n|turn|19\n|choice|move knockoff|move spikes\n|\n|move|p1a: Weavile|Knock Off|p2a: Rose\n|-damage|p2a: Rose|0 fnt\n|-damage|p1a: Weavile|176\/281|[from] ability: Iron Barbs|[of] p2a: Rose\n|faint|p2a: Rose\n|\n|upkeep\n|choice||switch 6\n|\n|switch|p2a: Chomp!|Garchomp, F|357\/357\n|turn|20\n|inactive|TUTURURU62 has 135 seconds left.\n|inactive|Candice has 135 seconds left.\n|inactive|TUTURURU62 has 120 seconds left.\n|choice|switch 4|move fireblast mega\n|\n|switch|p1a: Skarmory|Skarmory, F|334\/334\n|detailschange|p2a: Chomp!|Garchomp-Mega, F\n|-mega|p2a: Chomp!|Garchomp|Garchompite\n|move|p2a: Chomp!|Fire Blast|p1a: Skarmory|[miss]\n|-miss|p2a: Chomp!|p1a: Skarmory\n|\n|upkeep\n|turn|21\n|choice|move stealthrock|move fireblast\n|\n|move|p2a: Chomp!|Fire Blast|p1a: Skarmory\n|-supereffective|p1a: Skarmory\n|-damage|p1a: Skarmory|76\/334\n|move|p1a: Skarmory|Stealth Rock|p2a: Chomp!\n|-sidestart|p2: Candice|move: Stealth Rock\n|\n|-heal|p1a: Skarmory|96\/334|[from] item: Leftovers\n|upkeep\n|turn|22\n|choice|move roar|move fireblast\n|\n|move|p2a: Chomp!|Fire Blast|p1a: Skarmory\n|-supereffective|p1a: Skarmory\n|-damage|p1a: Skarmory|0 fnt\n|faint|p1a: Skarmory\n|\n|upkeep\n|choice|switch 3|\n|\n|switch|p1a: Diancie|Diancie-Mega|9\/241\n|turn|23\n|choice|move moonblast|move earthquake\n|\n|move|p1a: Diancie|Moonblast|p2a: Chomp!\n|-supereffective|p2a: Chomp!\n|-damage|p2a: Chomp!|0 fnt\n|faint|p2a: Chomp!\n|\n|upkeep\n|choice||switch 2\n|\n|switch|p2a: Yogurt|Tornadus-Therian, M|125\/299\n|-damage|p2a: Yogurt|51\/299|[from] Stealth Rock\n|turn|24\n|choice|switch 2|move heatwave\n|\n|switch|p1a: Volcarona|Volcarona, M|311\/311\n|move|p2a: Yogurt|Heat Wave|p1a: Volcarona\n|-damage|p1a: Volcarona|184\/311\n|-damage|p2a: Yogurt|22\/299|[from] item: Life Orb\n|\n|upkeep\n|turn|25\n|choice|move quiverdance|switch 3\n|\n|switch|p2a: Bubbles|Mantine, F|374\/374\n|-damage|p2a: Bubbles|281\/374|[from] Stealth Rock\n|move|p1a: Volcarona|Quiver Dance|p1a: Volcarona\n|-boost|p1a: Volcarona|spa|1\n|-boost|p1a: Volcarona|spd|1\n|-boost|p1a: Volcarona|spe|1\n|\n|-heal|p2a: Bubbles|304\/374|[from] item: Leftovers\n|upkeep\n|turn|26\n|choice|move quiverdance|move toxic\n|\n|move|p1a: Volcarona|Quiver Dance|p1a: Volcarona\n|-boost|p1a: Volcarona|spa|1\n|-boost|p1a: Volcarona|spd|1\n|-boost|p1a: Volcarona|spe|1\n|move|p2a: Bubbles|Toxic|p1a: Volcarona\n|-status|p1a: Volcarona|tox\n|\n|-heal|p2a: Bubbles|327\/374|[from] item: Leftovers\n|-damage|p1a: Volcarona|165\/311 tox|[from] psn\n|upkeep\n|turn|27\n|choice|move quiverdance|move roost\n|\n|move|p1a: Volcarona|Quiver Dance|p1a: Volcarona\n|-boost|p1a: Volcarona|spa|1\n|-boost|p1a: Volcarona|spd|1\n|-boost|p1a: Volcarona|spe|1\n|move|p2a: Bubbles|Roost|p2a: Bubbles\n|-heal|p2a: Bubbles|374\/374\n|\n|-damage|p1a: Volcarona|127\/311 tox|[from] psn\n|upkeep\n|turn|28\n|choice|move psychic zmove|move roost\n|\n|-zpower|p1a: Volcarona\n|move|p1a: Volcarona|Shattered Psyche|p2a: Bubbles|[zeffect]\n|-damage|p2a: Bubbles|46\/374\n|move|p2a: Bubbles|Roost|p2a: Bubbles\n|-heal|p2a: Bubbles|233\/374\n|\n|-heal|p2a: Bubbles|256\/374|[from] item: Leftovers\n|-damage|p1a: Volcarona|70\/311 tox|[from] psn\n|upkeep\n|turn|29\n|choice|move psychic|move roost\n|\n|move|p1a: Volcarona|Psychic|p2a: Bubbles\n|-damage|p2a: Bubbles|84\/374\n|move|p2a: Bubbles|Roost|p2a: Bubbles\n|-heal|p2a: Bubbles|271\/374\n|\n|-heal|p2a: Bubbles|294\/374|[from] item: Leftovers\n|-damage|p1a: Volcarona|0 fnt|[from] psn\n|upkeep\n|faint|p1a: Volcarona\n|choice|switch 2|\n|\n|switch|p1a: Diancie|Diancie-Mega|9\/241\n|turn|30\n|choice|move endeavor|move roost\n|\n|move|p1a: Diancie|Endeavor|p2a: Bubbles\n|-damage|p2a: Bubbles|9\/374\n|move|p2a: Bubbles|Roost|p2a: Bubbles\n|-heal|p2a: Bubbles|196\/374\n|\n|-heal|p2a: Bubbles|219\/374|[from] item: Leftovers\n|upkeep\n|turn|31\n|choice|move diamondstorm|move scald\n|\n|move|p1a: Diancie|Diamond Storm|p2a: Bubbles\n|-supereffective|p2a: Bubbles\n|-damage|p2a: Bubbles|0 fnt\n|-boost|p1a: Diancie|def|2\n|faint|p2a: Bubbles\n|\n|upkeep\n|c|\u2606Candice|gg\n|-message|Candice forfeited.\n|\n|win|TUTURURU62\n|l|Candice","inputlog":null,"uploadtime":1509808016,"views":6,"p1id":"tutururu62","p2id":"candice","formatid":"gen7ou","rating":0,"private":0,"password":null}