{"id":"gen7ou-919437749","p1":"vintage vin","p2":"JoeyOwesMeMoney","format":"gen7ou","log":"|j|\u2606vintage vin\n|j|\u2606JoeyOwesMeMoney\n|player|p1|vintage vin|265\n|player|p2|JoeyOwesMeMoney|1\n|teamsize|p1|6\n|teamsize|p2|6\n|gametype|singles\n|gen|7\n|tier|[Gen 7] OU\n|rated|\n|rule|Sleep Clause Mod: Limit one foe put to sleep\n|rule|Species Clause: Limit one of each Pok\u00e9mon\n|rule|OHKO Clause: OHKO moves are banned\n|rule|Moody Clause: Moody is banned\n|rule|Evasion Moves Clause: Evasion moves are banned\n|rule|Endless Battle Clause: Forcing endless battles is banned\n|rule|HP Percentage Mod: HP is shown in percentages\n|clearpoke\n|poke|p1|Landorus-Therian, M|item\n|poke|p1|Diancie|item\n|poke|p1|Kyurem-Black|item\n|poke|p1|Ferrothorn, M|item\n|poke|p1|Azumarill, F|item\n|poke|p1|Magnezone|item\n|poke|p2|Skarmory, F|item\n|poke|p2|Chansey, F|item\n|poke|p2|Magnezone|item\n|poke|p2|Toxapex, F|item\n|poke|p2|Clefable, M|item\n|poke|p2|Sableye, M|item\n|teampreview\n|j| 4lex_xd\n|\n|start\n|switch|p1a: Diancie|Diancie|242\/242\n|switch|p2a: Sableye|Sableye, M|303\/303\n|turn|1\n|\n|detailschange|p1a: Diancie|Diancie-Mega\n|-mega|p1a: Diancie|Diancie|Diancite\n|detailschange|p2a: Sableye|Sableye-Mega, M\n|-mega|p2a: Sableye|Sableye|Sablenite\n|move|p2a: Sableye|Protect|p2a: Sableye\n|-singleturn|p2a: Sableye|Protect\n|move|p1a: Diancie|Substitute|p1a: Diancie\n|-start|p1a: Diancie|Substitute\n|-damage|p1a: Diancie|182\/242\n|\n|upkeep\n|turn|2\n|\n|switch|p2a: Toxapex|Toxapex, F|303\/303\n|move|p1a: Diancie|Endeavor|p2a: Toxapex\n|-damage|p2a: Toxapex|182\/303\n|\n|-heal|p2a: Toxapex|200\/303|[from] item: Black Sludge\n|upkeep\n|turn|3\n|\n|move|p1a: Diancie|Earth Power|p2a: Toxapex\n|-supereffective|p2a: Toxapex\n|-damage|p2a: Toxapex|24\/303\n|move|p2a: Toxapex|Scald|p1a: Diancie\n|-supereffective|p1a: Diancie\n|-end|p1a: Diancie|Substitute\n|\n|-heal|p2a: Toxapex|42\/303|[from] item: Black Sludge\n|upkeep\n|turn|4\n|\n|switch|p2a: Clefable|Clefable, M|393\/393\n|move|p1a: Diancie|Moonblast|p2a: Clefable\n|-damage|p2a: Clefable|197\/393\n|\n|-heal|p2a: Clefable|221\/393|[from] item: Leftovers\n|upkeep\n|turn|5\n|\n|move|p1a: Diancie|Moonblast|p2a: Clefable\n|-damage|p2a: Clefable|8\/393\n|-unboost|p2a: Clefable|spa|1\n|move|p2a: Clefable|Wish|p2a: Clefable\n|\n|-heal|p2a: Clefable|32\/393|[from] item: Leftovers\n|upkeep\n|turn|6\n|\n|move|p2a: Clefable|Protect|p2a: Clefable\n|-singleturn|p2a: Clefable|Protect\n|move|p1a: Diancie|Substitute|p1a: Diancie\n|-start|p1a: Diancie|Substitute\n|-damage|p1a: Diancie|122\/242\n|\n|-heal|p2a: Clefable|228\/393|[from] move: Wish|[wisher] Clefable\n|-heal|p2a: Clefable|252\/393|[from] item: Leftovers\n|upkeep\n|turn|7\n|\n|move|p1a: Diancie|Moonblast|p2a: Clefable\n|-crit|p2a: Clefable\n|-damage|p2a: Clefable|0 fnt\n|faint|p2a: Clefable\n|\n|upkeep\n|inactive|Battle timer is ON: inactive players will automatically lose when time's up. (requested by vintage vin)\n|inactive|JoeyOwesMeMoney has 120 seconds left.\n|inactive|JoeyOwesMeMoney has 90 seconds left.\n|inactive|JoeyOwesMeMoney has 60 seconds left.\n|l| 4lex_xd\n|inactive|JoeyOwesMeMoney has 30 seconds left.\n|inactive|JoeyOwesMeMoney has 20 seconds left.\n|inactive|JoeyOwesMeMoney has 15 seconds left.\n|inactive|JoeyOwesMeMoney has 10 seconds left.\n|inactive|JoeyOwesMeMoney has 5 seconds left.\n|j| hypervortexreturns\n|-message|JoeyOwesMeMoney lost due to inactivity.\n|\n|win|vintage vin\n","uploadtime":1559269437,"views":22,"p1id":"vintagevin","p2id":"joeyowesmemoney","formatid":"gen7ou","rating":0,"private":0,"password":null}