{"id":"gen7ou-1637611174","p1":"Conisins22","p2":"alvar03","format":"gen7ou","log":"|j|\u2606Conisins22\n|j|\u2606alvar03\n|t:|1660254744\n|gametype|singles\n|player|p1|Conisins22|101|1454\n|player|p2|alvar03|alder|1579\n|teamsize|p1|6\n|teamsize|p2|6\n|gen|7\n|tier|[Gen 7] OU\n|rated|\n|rule|Sleep Clause Mod: Limit one foe put to sleep\n|rule|Species Clause: Limit one of each Pok\u00e9mon\n|rule|OHKO Clause: OHKO moves are banned\n|rule|Moody Clause: Moody is banned\n|rule|Evasion Moves Clause: Evasion moves are banned\n|rule|Endless Battle Clause: Forcing endless battles is banned\n|rule|HP Percentage Mod: HP is shown in percentages\n|clearpoke\n|poke|p1|Manectric, F|item\n|poke|p1|Garchomp, M|item\n|poke|p1|Ferrothorn, M|item\n|poke|p1|Tapu Fini|item\n|poke|p1|Magearna|item\n|poke|p1|Machamp, F|item\n|poke|p2|Garchomp, M|item\n|poke|p2|Victini|item\n|poke|p2|Ferrothorn, F|item\n|poke|p2|Magearna|item\n|poke|p2|Alakazam, M|item\n|poke|p2|Landorus-Therian, M|item\n|teampreview\n|inactive|Battle timer is ON: inactive players will automatically lose when time's up. (requested by Conisins22)\n|\n|t:|1660254759\n|start\n|switch|p1a: Machamp|Machamp, F|100\/100\n|switch|p2a: Alakazam|Alakazam, M|100\/100\n|turn|1\n|\n|t:|1660254767\n|detailschange|p2a: Alakazam|Alakazam-Mega, M\n|-mega|p2a: Alakazam|Alakazam|Alakazite\n|-ability|p2a: Alakazam|No Guard|[from] ability: Trace|[of] p1a: Machamp\n|move|p2a: Alakazam|Psychic|p1a: Machamp\n|-supereffective|p1a: Machamp\n|-damage|p1a: Machamp|14\/100\n|move|p1a: Machamp|Knock Off|p2a: Alakazam\n|-supereffective|p2a: Alakazam\n|-damage|p2a: Alakazam|0 fnt\n|faint|p2a: Alakazam\n|\n|upkeep\n|\n|t:|1660254776\n|switch|p2a: Garchomp|Garchomp, M|100\/100\n|turn|2\n|\n|t:|1660254783\n|move|p1a: Machamp|Bullet Punch|p2a: Garchomp\n|-damage|p2a: Garchomp|85\/100\n|-damage|p1a: Machamp|2\/100|[from] ability: Rough Skin|[of] p2a: Garchomp\n|move|p2a: Garchomp|Earthquake|p1a: Machamp\n|-damage|p1a: Machamp|0 fnt\n|faint|p1a: Machamp\n|\n|upkeep\n|\n|t:|1660254797\n|switch|p1a: Manectric|Manectric, F|100\/100\n|turn|3\n|\n|t:|1660254801\n|switch|p2a: Landorus|Landorus-Therian, M|100\/100\n|-ability|p2a: Landorus|Intimidate|boost\n|-unboost|p1a: Manectric|atk|1\n|detailschange|p1a: Manectric|Manectric-Mega, F\n|-mega|p1a: Manectric|Manectric|Manectite\n|-ability|p1a: Manectric|Intimidate|boost\n|-unboost|p2a: Landorus|atk|1\n|move|p1a: Manectric|Hidden Power|p2a: Landorus\n|-supereffective|p2a: Landorus\n|-damage|p2a: Landorus|9\/100\n|\n|upkeep\n|turn|4\n|\n|t:|1660254810\n|switch|p1a: Tapu Fini|Tapu Fini|100\/100\n|-fieldstart|move: Misty Terrain|[from] ability: Misty Surge|[of] p1a: Tapu Fini\n|move|p2a: Landorus|Stealth Rock|p1a: Tapu Fini\n|-sidestart|p1: Conisins22|move: Stealth Rock\n|\n|upkeep\n|turn|5\n|\n|t:|1660254816\n|switch|p2a: Ferrothorn|Ferrothorn, F|100\/100\n|move|p1a: Tapu Fini|Defog|p2a: Ferrothorn\n|-unboost|p2a: Ferrothorn|evasion|1\n|-sideend|p1: Conisins22|Stealth Rock|[from] move: Defog|[of] p1a: Tapu Fini\n|\n|upkeep\n|turn|6\n|\n|t:|1660254819\n|move|p1a: Tapu Fini|Taunt|p2a: Ferrothorn\n|-start|p2a: Ferrothorn|move: Taunt\n|cant|p2a: Ferrothorn|move: Taunt|Spikes\n|\n|upkeep\n|turn|7\n|\n|t:|1660254823\n|switch|p1a: Ferrothorn|Ferrothorn, M|100\/100\n|switch|p2a: Victini|Victini|100\/100\n|\n|upkeep\n|turn|8\n|\n|t:|1660254830\n|switch|p1a: Tapu Fini|Tapu Fini|100\/100\n|move|p2a: Victini|V-create|p1a: Tapu Fini\n|-resisted|p1a: Tapu Fini\n|-damage|p1a: Tapu Fini|59\/100\n|-unboost|p2a: Victini|spe|1\n|-unboost|p2a: Victini|def|1\n|-unboost|p2a: Victini|spd|1\n|\n|-heal|p1a: Tapu Fini|65\/100|[from] item: Leftovers\n|-fieldend|Misty Terrain\n|upkeep\n|turn|9\n|\n|t:|1660254835\n|switch|p2a: Ferrothorn|Ferrothorn, F|100\/100\n|move|p1a: Tapu Fini|Surf|p2a: Ferrothorn\n|-resisted|p2a: Ferrothorn\n|-damage|p2a: Ferrothorn|91\/100\n|\n|-heal|p1a: Tapu Fini|71\/100|[from] item: Leftovers\n|-heal|p2a: Ferrothorn|98\/100|[from] item: Leftovers\n|upkeep\n|turn|10\n|\n|t:|1660254840\n|move|p1a: Tapu Fini|Taunt|p2a: Ferrothorn\n|-start|p2a: Ferrothorn|move: Taunt\n|move|p2a: Ferrothorn|Power Whip|p1a: Tapu Fini\n|-supereffective|p1a: Tapu Fini\n|-damage|p1a: Tapu Fini|17\/100\n|\n|-heal|p1a: Tapu Fini|23\/100|[from] item: Leftovers\n|-heal|p2a: Ferrothorn|100\/100|[from] item: Leftovers\n|upkeep\n|turn|11\n|\n|t:|1660254843\n|switch|p1a: Ferrothorn|Ferrothorn, M|100\/100\n|switch|p2a: Victini|Victini|100\/100\n|\n|upkeep\n|turn|12\n|\n|t:|1660254848\n|switch|p1a: Garchomp|Garchomp, M|100\/100\n|move|p2a: Victini|V-create|p1a: Garchomp\n|-resisted|p1a: Garchomp\n|-damage|p1a: Garchomp|46\/100\n|-unboost|p2a: Victini|spe|1\n|-unboost|p2a: Victini|def|1\n|-unboost|p2a: Victini|spd|1\n|-damage|p2a: Victini|88\/100|[from] ability: Rough Skin|[of] p1a: Garchomp\n|\n|upkeep\n|turn|13\n|\n|t:|1660254854\n|switch|p2a: Landorus|Landorus-Therian, M|9\/100\n|-ability|p2a: Landorus|Intimidate|boost\n|-unboost|p1a: Garchomp|atk|1\n|move|p1a: Garchomp|Stone Edge|p2a: Landorus\n|-damage|p2a: Landorus|0 fnt\n|faint|p2a: Landorus\n|\n|upkeep\n|\n|t:|1660254864\n|switch|p2a: Garchomp|Garchomp, M|85\/100\n|turn|14\n|\n|t:|1660254868\n|switch|p1a: Ferrothorn|Ferrothorn, M|100\/100\n|move|p2a: Garchomp|Earthquake|p1a: Ferrothorn\n|-damage|p1a: Ferrothorn|63\/100\n|\n|-heal|p1a: Ferrothorn|69\/100|[from] item: Leftovers\n|upkeep\n|turn|15\n|\n|t:|1660254874\n|move|p2a: Garchomp|Substitute|p2a: Garchomp\n|-start|p2a: Garchomp|Substitute\n|-damage|p2a: Garchomp|60\/100\n|move|p1a: Ferrothorn|Knock Off|p2a: Garchomp\n|-activate|p2a: Garchomp|move: Substitute|[damage]\n|\n|-heal|p1a: Ferrothorn|75\/100|[from] item: Leftovers\n|upkeep\n|turn|16\n|\n|t:|1660254877\n|move|p2a: Garchomp|Swords Dance|p2a: Garchomp\n|-boost|p2a: Garchomp|atk|2\n|move|p1a: Ferrothorn|Seed Bomb|p2a: Garchomp\n|-end|p2a: Garchomp|Substitute\n|\n|-heal|p1a: Ferrothorn|82\/100|[from] item: Leftovers\n|upkeep\n|turn|17\n|\n|t:|1660254882\n|move|p2a: Garchomp|Substitute|p2a: Garchomp\n|-start|p2a: Garchomp|Substitute\n|-damage|p2a: Garchomp|35\/100\n|move|p1a: Ferrothorn|Stealth Rock|p2a: Garchomp\n|-sidestart|p2: alvar03|move: Stealth Rock\n|\n|-heal|p1a: Ferrothorn|88\/100|[from] item: Leftovers\n|upkeep\n|turn|18\n|\n|t:|1660254885\n|move|p2a: Garchomp|Earthquake|p1a: Ferrothorn\n|-damage|p1a: Ferrothorn|5\/100\n|move|p1a: Ferrothorn|Seed Bomb|p2a: Garchomp\n|-end|p2a: Garchomp|Substitute\n|\n|-heal|p1a: Ferrothorn|11\/100|[from] item: Leftovers\n|upkeep\n|turn|19\n|\n|t:|1660254889\n|move|p2a: Garchomp|Earthquake|p1a: Ferrothorn\n|-crit|p1a: Ferrothorn\n|-damage|p1a: Ferrothorn|0 fnt\n|faint|p1a: Ferrothorn\n|\n|upkeep\n|\n|t:|1660254893\n|switch|p1a: Manectric|Manectric-Mega, F|100\/100\n|-ability|p1a: Manectric|Intimidate|boost\n|-unboost|p2a: Garchomp|atk|1\n|turn|20\n|\n|t:|1660254898\n|move|p1a: Manectric|Hidden Power|p2a: Garchomp\n|-supereffective|p2a: Garchomp\n|-damage|p2a: Garchomp|0 fnt\n|faint|p2a: Garchomp\n|\n|upkeep\n|\n|t:|1660254902\n|switch|p2a: Magearna|Magearna|100\/100\n|-damage|p2a: Magearna|95\/100|[from] Stealth Rock\n|turn|21\n|\n|t:|1660254905\n|move|p1a: Manectric|Volt Switch|p2a: Magearna\n|-damage|p2a: Magearna|56\/100\n|\n|t:|1660254908\n|switch|p1a: Tapu Fini|Tapu Fini|23\/100|[from]move: Volt Switch\n|-fieldstart|move: Misty Terrain|[from] ability: Misty Surge|[of] p1a: Tapu Fini\n|move|p2a: Magearna|Shift Gear|p2a: Magearna\n|-boost|p2a: Magearna|spe|2\n|-boost|p2a: Magearna|atk|1\n|\n|-heal|p1a: Tapu Fini|29\/100|[from] item: Leftovers\n|upkeep\n|turn|22\n|\n|t:|1660254912\n|move|p2a: Magearna|Calm Mind|p2a: Magearna\n|-boost|p2a: Magearna|spa|1\n|-boost|p2a: Magearna|spd|1\n|move|p1a: Tapu Fini|Surf|p2a: Magearna\n|-damage|p2a: Magearna|37\/100\n|\n|-heal|p1a: Tapu Fini|35\/100|[from] item: Leftovers\n|upkeep\n|turn|23\n|\n|t:|1660254916\n|move|p2a: Magearna|Thunderbolt|p1a: Tapu Fini\n|-supereffective|p1a: Tapu Fini\n|-damage|p1a: Tapu Fini|0 fnt\n|faint|p1a: Tapu Fini\n|-ability|p2a: Magearna|Soul-Heart|boost\n|-boost|p2a: Magearna|spa|1\n|\n|upkeep\n|\n|t:|1660254920\n|switch|p1a: Magearna|Magearna|100\/100\n|turn|24\n|\n|t:|1660254927\n|move|p2a: Magearna|Thunderbolt|p1a: Magearna\n|-damage|p1a: Magearna|31\/100\n|move|p1a: Magearna|Shift Gear|p1a: Magearna\n|-boost|p1a: Magearna|spe|2\n|-boost|p1a: Magearna|atk|1\n|\n|upkeep\n|turn|25\n|\n|t:|1660254931\n|move|p1a: Magearna|Iron Head|p2a: Magearna\n|-damage|p2a: Magearna|0 fnt\n|faint|p2a: Magearna\n|-ability|p1a: Magearna|Soul-Heart|boost\n|-boost|p1a: Magearna|spa|1\n|\n|-fieldend|Misty Terrain\n|upkeep\n|\n|t:|1660254944\n|switch|p2a: Ferrothorn|Ferrothorn, F|100\/100\n|-damage|p2a: Ferrothorn|94\/100|[from] Stealth Rock\n|turn|26\n|\n|t:|1660254948\n|move|p1a: Magearna|Focus Blast|p2a: Ferrothorn\n|-supereffective|p2a: Ferrothorn\n|-damage|p2a: Ferrothorn|16\/100\n|-unboost|p2a: Ferrothorn|spd|1\n|move|p2a: Ferrothorn|Leech Seed|p1a: Magearna\n|-start|p1a: Magearna|move: Leech Seed\n|\n|-heal|p2a: Ferrothorn|23\/100|[from] item: Leftovers\n|-damage|p1a: Magearna|19\/100|[from] Leech Seed|[of] p2a: Ferrothorn\n|-heal|p2a: Ferrothorn|33\/100|[silent]\n|upkeep\n|turn|27\n|\n|t:|1660254958\n|move|p1a: Magearna|Focus Blast|p2a: Ferrothorn\n|-supereffective|p2a: Ferrothorn\n|-damage|p2a: Ferrothorn|0 fnt\n|faint|p2a: Ferrothorn\n|-ability|p1a: Magearna|Soul-Heart|boost\n|-boost|p1a: Magearna|spa|1\n|\n|upkeep\n|c|\u2606alvar03|come on man\n|-message|alvar03 forfeited.\n|\n|win|Conisins22\n|raw|Conisins22's rating: 1454 &rarr; <strong>1481<\/strong><br \/>(+27 for winning)\n|raw|alvar03's rating: 1579 &rarr; <strong>1552<\/strong><br \/>(-27 for losing)\n|l|\u2606alvar03\n","uploadtime":1660254974,"views":4,"p1id":"conisins22","p2id":"alvar03","formatid":"gen7ou","rating":1481,"private":0,"password":null}