{"id":"gen7ou-708141219","p1":"mani92","p2":"Dragon rider43","format":"gen7ou","log":"|j|\u2606mani92\n|j|\u2606Dragon rider43\n|player|p1|mani92|101\n|player|p2|Dragon rider43|17\n|teamsize|p1|6\n|teamsize|p2|6\n|gametype|singles\n|gen|7\n|tier|[Gen 7] OU\n|rated|\n|rule|Sleep Clause Mod: Limit one foe put to sleep\n|rule|Species Clause: Limit one of each Pok\u00e9mon\n|rule|OHKO Clause: OHKO moves are banned\n|rule|Moody Clause: Moody is banned\n|rule|Evasion Moves Clause: Evasion moves are banned\n|rule|Endless Battle Clause: Forcing endless battles is banned\n|rule|HP Percentage Mod: HP is shown in percentages\n|clearpoke\n|poke|p1|Nidoking, M|item\n|poke|p1|Greninja, M|item\n|poke|p1|Scizor, F|item\n|poke|p1|Thundurus, M|item\n|poke|p1|Victini|item\n|poke|p1|Tapu Bulu|item\n|poke|p2|Keldeo|item\n|poke|p2|Charizard, F|item\n|poke|p2|Magearna|item\n|poke|p2|Latios, M|item\n|poke|p2|Scizor, F|item\n|poke|p2|Landorus-Therian, M|item\n|teampreview\n|\n|start\n|switch|p1a: Nidoking|Nidoking, M|100\/100\n|switch|p2a: Keldeo|Keldeo|100\/100\n|turn|1\n|\n|switch|p1a: Scizor|Scizor, F|100\/100\n|move|p2a: Keldeo|Scald|p1a: Scizor\n|-damage|p1a: Scizor|49\/100\n|\n|upkeep\n|turn|2\n|\n|switch|p1a: Tapu Bulu|Tapu Bulu|100\/100\n|-fieldstart|move: Grassy Terrain|[from] ability: Grassy Surge|[of] p1a: Tapu Bulu\n|move|p2a: Keldeo|Scald|p1a: Tapu Bulu\n|-resisted|p1a: Tapu Bulu\n|-damage|p1a: Tapu Bulu|73\/100\n|\n|-heal|p1a: Tapu Bulu|80\/100|[from] Grassy Terrain\n|upkeep\n|turn|3\n|\n|switch|p2a: Scizor|Scizor, F|100\/100\n|move|p1a: Tapu Bulu|Stone Edge|p2a: Scizor|[miss]\n|-miss|p1a: Tapu Bulu|p2a: Scizor\n|\n|-heal|p1a: Tapu Bulu|86\/100|[from] Grassy Terrain\n|upkeep\n|turn|4\n|\n|switch|p1a: Victini|Victini|100\/100\n|move|p2a: Scizor|U-turn|p1a: Victini\n|-damage|p1a: Victini|42\/100\n|\n|switch|p2a: Keldeo|Keldeo|100\/100\n|\n|-heal|p1a: Victini|48\/100|[from] Grassy Terrain\n|upkeep\n|turn|5\n|\n|switch|p1a: Tapu Bulu|Tapu Bulu|86\/100\n|move|p2a: Keldeo|Scald|p1a: Tapu Bulu\n|-resisted|p1a: Tapu Bulu\n|-damage|p1a: Tapu Bulu|61\/100\n|\n|-heal|p1a: Tapu Bulu|67\/100|[from] Grassy Terrain\n|upkeep\n|turn|6\n|\n|switch|p2a: Landorus|Landorus-Therian, M|100\/100\n|-ability|p2a: Landorus|Intimidate|boost\n|-unboost|p1a: Tapu Bulu|atk|1\n|move|p1a: Tapu Bulu|Horn Leech|p2a: Landorus\n|-damage|p2a: Landorus|63\/100\n|-heal|p1a: Tapu Bulu|93\/100|[from] drain|[of] p2a: Landorus\n|\n|-heal|p1a: Tapu Bulu|99\/100|[from] Grassy Terrain\n|-heal|p2a: Landorus|69\/100|[from] item: Leftovers\n|-fieldend|move: Grassy Terrain\n|upkeep\n|turn|7\n|\n|move|p1a: Tapu Bulu|Horn Leech|p2a: Landorus\n|-damage|p2a: Landorus|41\/100\n|-heal|p1a: Tapu Bulu|100\/100|[from] drain|[of] p2a: Landorus\n|move|p2a: Landorus|Stealth Rock|p1a: Tapu Bulu\n|-sidestart|p1: mani92|move: Stealth Rock\n|\n|-heal|p2a: Landorus|47\/100|[from] item: Leftovers\n|upkeep\n|turn|8\n|\n|switch|p1a: Scizor|Scizor, F|49\/100\n|-damage|p1a: Scizor|37\/100|[from] Stealth Rock\n|move|p2a: Landorus|Explosion|p1a: Scizor\n|-resisted|p1a: Scizor\n|-damage|p1a: Scizor|0 fnt\n|faint|p2a: Landorus\n|faint|p1a: Scizor\n|\n|upkeep\n|\n|switch|p2a: Magearna|Magearna|100\/100\n|switch|p1a: Thundurus|Thundurus, M|100\/100\n|-damage|p1a: Thundurus|76\/100|[from] Stealth Rock\n|turn|9\n|\n|move|p1a: Thundurus|Volt Switch|p2a: Magearna\n|-crit|p2a: Magearna\n|-damage|p2a: Magearna|76\/100\n|\n|switch|p1a: Nidoking|Nidoking, M|100\/100\n|-damage|p1a: Nidoking|95\/100|[from] Stealth Rock\n|move|p2a: Magearna|Ice Beam|p1a: Nidoking\n|-supereffective|p1a: Nidoking\n|-damage|p1a: Nidoking|3\/100\n|\n|upkeep\n|turn|10\n|\n|move|p1a: Nidoking|Flamethrower|p2a: Magearna\n|-supereffective|p2a: Magearna\n|-damage|p2a: Magearna|39\/100\n|move|p2a: Magearna|Ice Beam|p1a: Nidoking\n|-supereffective|p1a: Nidoking\n|-damage|p1a: Nidoking|0 fnt\n|faint|p1a: Nidoking\n|-ability|p2a: Magearna|Soul-Heart|boost\n|-boost|p2a: Magearna|spa|1\n|\n|upkeep\n|\n|switch|p1a: Victini|Victini|48\/100\n|-damage|p1a: Victini|23\/100|[from] Stealth Rock\n|turn|11\n|\n|switch|p2a: Latios|Latios, M|100\/100\n|move|p1a: Victini|V-create|p2a: Latios\n|-resisted|p2a: Latios\n|-damage|p2a: Latios|26\/100\n|-unboost|p1a: Victini|spe|1\n|-unboost|p1a: Victini|def|1\n|-unboost|p1a: Victini|spd|1\n|\n|upkeep\n|turn|12\n|\n|-zpower|p2a: Latios\n|move|p2a: Latios|Z-Memento|p1a: Victini|[anim]Memento\n|-unboost|p1a: Victini|atk|2\n|-unboost|p1a: Victini|spa|2\n|-activate|p2a: Latios|healreplacement\n|faint|p2a: Latios\n|move|p1a: Victini|V-create|p2: Latios|[notarget]\n|-notarget\n|\n|upkeep\n|\n|switch|p2a: Charizard|Charizard, F|100\/100\n|-heal|p2a: Charizard|100\/100|[from] move: Memento|[zeffect]\n|turn|13\n|\n|switch|p1a: Greninja|Greninja, M|100\/100\n|-damage|p1a: Greninja|88\/100|[from] Stealth Rock\n|-mega|p2a: Charizard|Charizard|Charizardite X\n|detailschange|p2a: Charizard|Charizard-Mega-X, F\n|move|p2a: Charizard|Dragon Dance|p2a: Charizard\n|-boost|p2a: Charizard|atk|1\n|-boost|p2a: Charizard|spe|1\n|\n|upkeep\n|turn|14\n|\n|move|p2a: Charizard|Dragon Claw|p1a: Greninja\n|-damage|p1a: Greninja|0 fnt\n|faint|p1a: Greninja\n|\n|upkeep\n|-message|mani92 forfeited.\n|\n|win|Dragon rider43\n|l|\u2606mani92\n","inputlog":null,"uploadtime":1519341742,"views":3,"p1id":"mani92","p2id":"dragonrider43","formatid":"gen7ou","rating":0,"private":0,"password":null}