{"id":"gen7ou-694197045","p1":"rayaoner","p2":"jly8","format":"gen7ou","log":"|j|\u2606rayaoner\n|j|\u2606jly8\n|player|p1|rayaoner|30\n|teamsize|p1|6\n|player|p2|jly8|80\n|teamsize|p2|6\n|gametype|singles\n|gen|7\n|tier|[Gen 7] OU\n|rated|\n|rule|Sleep Clause Mod: Limit one foe put to sleep\n|rule|Species Clause: Limit one of each Pok\u00e9mon\n|rule|OHKO Clause: OHKO moves are banned\n|rule|Moody Clause: Moody is banned\n|rule|Evasion Moves Clause: Evasion moves are banned\n|rule|Endless Battle Clause: Forcing endless battles is banned\n|rule|HP Percentage Mod: HP is shown in percentages\n|clearpoke\n|poke|p1|Tornadus-Therian, M|item\n|poke|p1|Heatran, M|item\n|poke|p1|Landorus-Therian, M|item\n|poke|p1|Greninja, M|item\n|poke|p1|Ferrothorn, M|item\n|poke|p1|Clefable, F|item\n|poke|p2|Alomomola, M|item\n|poke|p2|Landorus-Therian, M|item\n|poke|p2|Magearna|item\n|poke|p2|Medicham, F|item\n|poke|p2|Ditto|item\n|poke|p2|Chansey, F|item\n|teampreview\n|\n|start\n|switch|p1a: Tornadus|Tornadus-Therian, M|100\/100\n|switch|p2a: Medicham|Medicham, F|100\/100\n|turn|1\n|inactive|Battle timer is ON: inactive players will automatically lose when time's up. (requested by rayaoner)\n|inactive|jly8 has 135 seconds left.\n|\n|switch|p2a: Magearna|Magearna|100\/100\n|move|p1a: Tornadus|Hurricane|p2a: Magearna|[miss]\n|-miss|p1a: Tornadus|p2a: Magearna\n|\n|upkeep\n|turn|2\n|\n|switch|p1a: Clefable|Clefable, F|100\/100\n|move|p2a: Magearna|Flash Cannon|p1a: Clefable\n|-supereffective|p1a: Clefable\n|-damage|p1a: Clefable|10\/100\n|\n|-heal|p1a: Clefable|16\/100|[from] item: Leftovers\n|upkeep\n|turn|3\n|\n|move|p2a: Magearna|Volt Switch|p1a: Clefable\n|-damage|p1a: Clefable|0 fnt\n|faint|p1a: Clefable\n|-ability|p2a: Magearna|Soul-Heart|boost\n|-boost|p2a: Magearna|spa|1\n|\n|switch|p2a: Alomomola|Alomomola, M|100\/100\n|\n|upkeep\n|\n|switch|p1a: Tornadus|Tornadus-Therian, M|100\/100\n|turn|4\n|\n|switch|p2a: Magearna|Magearna|100\/100\n|move|p1a: Tornadus|Taunt|p2a: Magearna\n|-start|p2a: Magearna|move: Taunt\n|\n|upkeep\n|turn|5\n|\n|move|p1a: Tornadus|Knock Off|p2a: Magearna\n|-resisted|p2a: Magearna\n|-crit|p2a: Magearna\n|-damage|p2a: Magearna|87\/100\n|-enditem|p2a: Magearna|Assault Vest|[from] move: Knock Off|[of] p1a: Tornadus\n|move|p2a: Magearna|Focus Blast|p1a: Tornadus|[miss]\n|-miss|p2a: Magearna|p1a: Tornadus\n|\n|upkeep\n|turn|6\n|\n|switch|p1a: Landorus|Landorus-Therian, M|100\/100\n|-ability|p1a: Landorus|Intimidate|boost\n|-unboost|p2a: Magearna|atk|1\n|move|p2a: Magearna|Flash Cannon|p1a: Landorus\n|-damage|p1a: Landorus|50\/100\n|\n|-end|p2a: Magearna|move: Taunt\n|upkeep\n|turn|7\n|\n|move|p1a: Landorus|U-turn|p2a: Magearna\n|-resisted|p2a: Magearna\n|-damage|p2a: Magearna|82\/100\n|\n|switch|p1a: Tornadus|Tornadus-Therian, M|100\/100\n|move|p2a: Magearna|Flash Cannon|p1a: Tornadus\n|-damage|p1a: Tornadus|42\/100\n|\n|upkeep\n|turn|8\n|\n|switch|p1a: Landorus|Landorus-Therian, M|50\/100\n|-ability|p1a: Landorus|Intimidate|boost\n|-unboost|p2a: Magearna|atk|1\n|move|p2a: Magearna|Focus Blast|p1a: Landorus\n|-resisted|p1a: Landorus\n|-damage|p1a: Landorus|24\/100\n|\n|upkeep\n|turn|9\n|\n|move|p1a: Landorus|Earthquake|p2a: Magearna\n|-supereffective|p2a: Magearna\n|-damage|p2a: Magearna|0 fnt\n|faint|p2a: Magearna\n|\n|upkeep\n|\n|switch|p2a: Medicham|Medicham, F|100\/100\n|turn|10\n|\n|-mega|p2a: Medicham|Medicham|Medichamite\n|detailschange|p2a: Medicham|Medicham-Mega, F\n|move|p1a: Landorus|Earthquake|p2a: Medicham\n|-damage|p2a: Medicham|23\/100\n|move|p2a: Medicham|Ice Punch|p1a: Landorus\n|-supereffective|p1a: Landorus\n|-damage|p1a: Landorus|0 fnt\n|faint|p1a: Landorus\n|\n|upkeep\n|\n|switch|p1a: Greninja|Greninja, M|100\/100\n|turn|11\n|\n|switch|p1a: Tornadus|Tornadus-Therian, M|75\/100\n|switch|p2a: Chansey|Chansey, F|100\/100\n|\n|upkeep\n|turn|12\n|\n|move|p1a: Tornadus|Knock Off|p2a: Chansey\n|-damage|p2a: Chansey|85\/100\n|-enditem|p2a: Chansey|Eviolite|[from] move: Knock Off|[of] p1a: Tornadus\n|move|p2a: Chansey|Toxic|p1a: Tornadus\n|-status|p1a: Tornadus|tox\n|\n|-damage|p1a: Tornadus|69\/100 tox|[from] psn\n|upkeep\n|turn|13\n|\n|move|p1a: Tornadus|Superpower|p2a: Chansey\n|-supereffective|p2a: Chansey\n|-damage|p2a: Chansey|35\/100\n|-unboost|p1a: Tornadus|atk|1\n|-unboost|p1a: Tornadus|def|1\n|move|p2a: Chansey|Seismic Toss|p1a: Tornadus\n|-damage|p1a: Tornadus|36\/100 tox\n|\n|-damage|p1a: Tornadus|24\/100 tox|[from] psn\n|upkeep\n|turn|14\n|\n|-zpower|p1a: Tornadus\n|move|p1a: Tornadus|Supersonic Skystrike|p2a: Chansey|[zeffect]\n|-damage|p2a: Chansey|0 fnt\n|faint|p2a: Chansey\n|\n|-damage|p1a: Tornadus|6\/100 tox|[from] psn\n|upkeep\n|\n|switch|p2a: Alomomola|Alomomola, M|100\/100\n|turn|15\n|\n|switch|p1a: Ferrothorn|Ferrothorn, M|100\/100\n|move|p2a: Alomomola|Wish|p2a: Alomomola\n|\n|upkeep\n|turn|16\n|\n|switch|p2a: Medicham|Medicham-Mega, F|23\/100\n|move|p1a: Ferrothorn|Power Whip|p2a: Medicham\n|-damage|p2a: Medicham|0 fnt\n|faint|p2a: Medicham\n|\n|upkeep\n|\n|switch|p2a: Ditto|Ditto|100\/100\n|-transform|p2a: Ditto|p1a: Ferrothorn|[from] ability: Imposter\n|turn|17\n|\n|switch|p1a: Heatran|Heatran, M|100\/100\n|move|p2a: Ditto|Stealth Rock|p1a: Heatran\n|-sidestart|p1: rayaoner|move: Stealth Rock\n|\n|upkeep\n|turn|18\n|\n|switch|p2a: Alomomola|Alomomola, M|100\/100\n|move|p1a: Heatran|Toxic|p2a: Alomomola\n|-status|p2a: Alomomola|tox\n|\n|-damage|p2a: Alomomola|94\/100 tox|[from] psn\n|upkeep\n|turn|19\n|\n|switch|p1a: Ferrothorn|Ferrothorn, M|100\/100\n|-damage|p1a: Ferrothorn|94\/100|[from] Stealth Rock\n|switch|p2a: Ditto|Ditto|100\/100\n|-transform|p2a: Ditto|p1a: Ferrothorn|[from] ability: Imposter\n|\n|-heal|p1a: Ferrothorn|100\/100|[from] item: Leftovers\n|upkeep\n|turn|20\n|\n|move|p2a: Ditto|Spikes|p1a: Ferrothorn\n|-sidestart|p1: rayaoner|Spikes\n|move|p1a: Ferrothorn|Stealth Rock|p2a: Ditto\n|-sidestart|p2: jly8|move: Stealth Rock\n|\n|upkeep\n|turn|21\n|\n|switch|p1a: Heatran|Heatran, M|100\/100\n|-damage|p1a: Heatran|88\/100|[from] Stealth Rock\n|-damage|p1a: Heatran|76\/100|[from] Spikes\n|move|p2a: Ditto|Spikes|p1a: Heatran\n|-sidestart|p1: rayaoner|Spikes\n|\n|-heal|p1a: Heatran|82\/100|[from] item: Leftovers\n|upkeep\n|turn|22\n|\n|switch|p2a: Alomomola|Alomomola, M|100\/100 tox\n|-damage|p2a: Alomomola|88\/100 tox|[from] Stealth Rock\n|move|p1a: Heatran|Magma Storm|p2a: Alomomola\n|-resisted|p2a: Alomomola\n|-damage|p2a: Alomomola|70\/100 tox\n|-activate|p2a: Alomomola|move: Magma Storm|[of] p1a: Heatran\n|\n|-heal|p1a: Heatran|88\/100|[from] item: Leftovers\n|-heal|p2a: Alomomola|76\/100 tox|[from] item: Leftovers\n|-damage|p2a: Alomomola|70\/100 tox|[from] psn\n|-damage|p2a: Alomomola|58\/100 tox|[from] move: Magma Storm|[partiallytrapped]\n|upkeep\n|turn|23\n|\n|move|p1a: Heatran|Taunt|p2a: Alomomola\n|-start|p2a: Alomomola|move: Taunt\n|move|p2a: Alomomola|Scald|p1a: Heatran\n|-supereffective|p1a: Heatran\n|-damage|p1a: Heatran|65\/100\n|\n|-heal|p1a: Heatran|71\/100|[from] item: Leftovers\n|-heal|p2a: Alomomola|64\/100 tox|[from] item: Leftovers\n|-damage|p2a: Alomomola|51\/100 tox|[from] psn\n|-damage|p2a: Alomomola|39\/100 tox|[from] move: Magma Storm|[partiallytrapped]\n|upkeep\n|turn|24\n|\n|move|p1a: Heatran|Earth Power|p2a: Alomomola\n|-damage|p2a: Alomomola|14\/100 tox\n|move|p2a: Alomomola|Mirror Coat|p1a: Heatran\n|-damage|p1a: Heatran|9\/100\n|\n|-heal|p1a: Heatran|15\/100|[from] item: Leftovers\n|-heal|p2a: Alomomola|20\/100 tox|[from] item: Leftovers\n|-damage|p2a: Alomomola|2\/100 tox|[from] psn\n|-damage|p2a: Alomomola|0 fnt|[from] move: Magma Storm|[partiallytrapped]\n|upkeep\n|faint|p2a: Alomomola\n|inactive|jly8 has 135 seconds left.\n|\n|switch|p2a: Ditto|Ditto|100\/100\n|-damage|p2a: Ditto|88\/100|[from] Stealth Rock\n|-transform|p2a: Ditto|p1a: Heatran|[from] ability: Imposter\n|turn|25\n|\n|move|p2a: Ditto|Earth Power|p1a: Heatran\n|-supereffective|p1a: Heatran\n|-damage|p1a: Heatran|0 fnt\n|faint|p1a: Heatran\n|\n|upkeep\n|\n|switch|p1a: Tornadus|Tornadus-Therian, M|39\/100 tox\n|-damage|p1a: Tornadus|14\/100 tox|[from] Stealth Rock\n|turn|26\n|\n|switch|p2a: Landorus|Landorus-Therian, M|100\/100\n|-damage|p2a: Landorus|88\/100|[from] Stealth Rock\n|-ability|p2a: Landorus|Intimidate|boost\n|-unboost|p1a: Tornadus|atk|1\n|move|p1a: Tornadus|Hurricane|p2a: Landorus\n|-damage|p2a: Landorus|33\/100\n|\n|-damage|p1a: Tornadus|8\/100 tox|[from] psn\n|upkeep\n|turn|27\n|inactive|rayaoner has 135 seconds left.\n|inactive|jly8 has 135 seconds left.\n|\n|switch|p2a: Ditto|Ditto|88\/100\n|-damage|p2a: Ditto|76\/100|[from] Stealth Rock\n|-transform|p2a: Ditto|p1a: Tornadus|[from] ability: Imposter\n|move|p1a: Tornadus|Hurricane|p2a: Ditto\n|-damage|p2a: Ditto|7\/100\n|\n|-damage|p1a: Tornadus|0 fnt|[from] psn\n|upkeep\n|faint|p1a: Tornadus\n|\n|switch|p1a: Greninja|Greninja, M|100\/100\n|-damage|p1a: Greninja|88\/100|[from] Stealth Rock\n|-damage|p1a: Greninja|72\/100|[from] Spikes\n|turn|28\n|c|\u2606rayaoner|gg\n|\n|move|p1a: Greninja|Water Shuriken|p2a: Ditto\n|-damage|p2a: Ditto|0 fnt\n|-hitcount|p2a: Ditto|1\n|faint|p2a: Ditto\n|-activate|p1a: Greninja|ability: Battle Bond\n|detailschange|p1a: Greninja|Greninja-Ash, M\n|\n|upkeep\n|-message|jly8 forfeited.\n|\n|win|rayaoner\n|l|\u2606jly8\n","inputlog":null,"uploadtime":1516907531,"views":12,"p1id":"rayaoner","p2id":"jly8","formatid":"gen7ou","rating":0,"private":0,"password":null}