{"id":"gen7anythinggoes-972083418","p1":"D-Fallt","p2":"Walletinspector62","format":"gen7anythinggoes","log":"|j|\u2606D-Fallt\n|j|\u2606Walletinspector62\n|player|p1|D-Fallt|247|\n|player|p2|Walletinspector62|2|\n|teamsize|p1|6\n|teamsize|p2|6\n|gametype|singles\n|gen|7\n|tier|[Gen 7] Anything Goes\n|rule|Endless Battle Clause: Forcing endless battles is banned\n|clearpoke\n|poke|p1|Mienfoo, L5, M|item\n|poke|p1|Clamperl, L5, M|item\n|poke|p1|Snubbull, L5, F|item\n|poke|p1|Honedge, L5, M|item\n|poke|p1|Natu, L5, M|item\n|poke|p1|Rhyhorn, L5, F|item\n|poke|p2|Elekid, L5, M|item\n|poke|p2|Yanma, L5, M|item\n|poke|p2|Ferroseed, L5, M|item\n|poke|p2|Shellder, L5, M|item\n|poke|p2|Diglett, L5, M|item\n|poke|p2|Igglybuff, L5, M|item\n|rule|HP Percentage Mod: HP is shown in percentages\n|teampreview\n|c|\u2606Walletinspector62|Glhf\n|c|\u2606D-Fallt|u2\n|\n|start\n|switch|p1a: *_*|Natu, L5, M|100\/100\n|switch|p2a: Elekid|Elekid, L5, M, shiny|100\/100\n|turn|1\n|\n|switch|p2a: Trapped|Diglett, L5, M, shiny|100\/100\n|switch|p1a: Serena Pls|Rhyhorn, L5, F|100\/100\n|\n|upkeep\n|turn|2\n|\n|move|p2a: Trapped|Earthquake|p1a: Serena Pls\n|-supereffective|p1a: Serena Pls\n|-damage|p1a: Serena Pls|44\/100\n|move|p1a: Serena Pls|Stealth Rock|p2a: Trapped\n|-sidestart|p2: Walletinspector62|move: Stealth Rock\n|\n|upkeep\n|turn|3\n|\n|move|p2a: Trapped|Stealth Rock|p1a: Serena Pls\n|-sidestart|p1: D-Fallt|move: Stealth Rock\n|move|p1a: Serena Pls|Rock Blast|p2a: Trapped\n|-resisted|p2a: Trapped\n|-damage|p2a: Trapped|83\/100\n|-resisted|p2a: Trapped\n|-damage|p2a: Trapped|65\/100\n|-resisted|p2a: Trapped\n|-damage|p2a: Trapped|48\/100\n|-hitcount|p2a: Trapped|3\n|\n|upkeep\n|turn|4\n|\n|move|p2a: Trapped|Earthquake|p1a: Serena Pls\n|-supereffective|p1a: Serena Pls\n|-damage|p1a: Serena Pls|0 fnt\n|faint|p1a: Serena Pls\n|\n|upkeep\n|\n|switch|p1a: Sideshow Bob|Snubbull, L5, F|100\/100\n|-damage|p1a: Sideshow Bob|91\/100|[from] Stealth Rock\n|-ability|p1a: Sideshow Bob|Intimidate|boost\n|-unboost|p2a: Trapped|atk|1\n|turn|5\n|\n|move|p2a: Trapped|Memento|p1a: Sideshow Bob\n|-unboost|p1a: Sideshow Bob|atk|2\n|-unboost|p1a: Sideshow Bob|spa|2\n|faint|p2a: Trapped\n|move|p1a: Sideshow Bob|Substitute|p1a: Sideshow Bob\n|-start|p1a: Sideshow Bob|Substitute\n|-damage|p1a: Sideshow Bob|69\/100\n|\n|upkeep\n|c|\u2606D-Fallt|oh good lord\n|\n|switch|p2a: Redhead|Shellder, L5, M, shiny|100\/100\n|-damage|p2a: Redhead|90\/100|[from] Stealth Rock\n|turn|6\n|c|\u2606D-Fallt|spare me\n|c|\u2606Walletinspector62|Lmao\n|\n|switch|p1a: Vorpal|Honedge, L5, M|100\/100\n|-damage|p1a: Vorpal|96\/100|[from] Stealth Rock\n|move|p2a: Redhead|Shell Smash|p2a: Redhead\n|-unboost|p2a: Redhead|def|1\n|-unboost|p2a: Redhead|spd|1\n|-boost|p2a: Redhead|atk|2\n|-boost|p2a: Redhead|spa|2\n|-boost|p2a: Redhead|spe|2\n|\n|upkeep\n|turn|7\n|\n|move|p1a: Vorpal|Shadow Sneak|p2a: Redhead\n|-damage|p2a: Redhead|58\/100\n|move|p2a: Redhead|Liquidation|p1a: Vorpal\n|-damage|p1a: Vorpal|41\/100\n|\n|upkeep\n|turn|8\n|\n|move|p1a: Vorpal|Shadow Sneak|p2a: Redhead\n|-damage|p2a: Redhead|27\/100\n|move|p2a: Redhead|Liquidation|p1a: Vorpal\n|-damage|p1a: Vorpal|0 fnt\n|faint|p1a: Vorpal\n|\n|upkeep\n|\n|switch|p1a: Sideshow Bob|Snubbull, L5, F|69\/100\n|-damage|p1a: Sideshow Bob|60\/100|[from] Stealth Rock\n|-ability|p1a: Sideshow Bob|Intimidate|boost\n|-unboost|p2a: Redhead|atk|1\n|turn|9\n|\n|move|p2a: Redhead|Icicle Spear|p1a: Sideshow Bob\n|-damage|p1a: Sideshow Bob|41\/100\n|-enditem|p1a: Sideshow Bob|Berry Juice\n|-heal|p1a: Sideshow Bob|100\/100|[from] item: Berry Juice\n|-damage|p1a: Sideshow Bob|82\/100\n|-damage|p1a: Sideshow Bob|64\/100\n|-damage|p1a: Sideshow Bob|46\/100\n|-damage|p1a: Sideshow Bob|28\/100\n|-hitcount|p1a: Sideshow Bob|5\n|move|p1a: Sideshow Bob|Thief|p2a: Redhead\n|-damage|p2a: Redhead|0 fnt\n|-item|p1a: Sideshow Bob|Eviolite|[from] move: Thief|[of] p2a: Redhead\n|faint|p2a: Redhead\n|\n|upkeep\n|\n|switch|p2a: Blue Angel|Yanma, L5, M, shiny|100\/100\n|-damage|p2a: Blue Angel|53\/100|[from] Stealth Rock\n|turn|10\n|\n|move|p2a: Blue Angel|Air Slash|p1a: Sideshow Bob\n|-damage|p1a: Sideshow Bob|0 fnt\n|faint|p1a: Sideshow Bob\n|\n|-ability|p2a: Blue Angel|Speed Boost|boost\n|-boost|p2a: Blue Angel|spe|1\n|upkeep\n|\n|switch|p1a: *_*|Natu, L5, M|100\/100\n|-damage|p1a: *_*|79\/100|[from] Stealth Rock\n|turn|11\n|\n|switch|p2a: Poopity Scoop|Igglybuff, L5, M, shiny|100\/100\n|-damage|p2a: Poopity Scoop|88\/100|[from] Stealth Rock\n|move|p1a: *_*|Heat Wave|p2a: Poopity Scoop\n|-damage|p2a: Poopity Scoop|48\/100\n|\n|upkeep\n|turn|12\n|c|\u2606D-Fallt|So either you didn't put any evs on this thing or it's fully offensive\n|c|\u2606D-Fallt|Please don't sweep me with an igglybuff\n|\n|move|p1a: *_*|U-turn|p2a: Poopity Scoop\n|-resisted|p2a: Poopity Scoop\n|-damage|p2a: Poopity Scoop|36\/100\n|c|\u2606Walletinspector62|I did\n|\n|switch|p1a: Smack'ums Jr.|Mienfoo, L5, M|100\/100|[from]move: U-turn\n|-damage|p1a: Smack'ums Jr.|96\/100|[from] Stealth Rock\n|move|p2a: Poopity Scoop|Wish|p2a: Poopity Scoop\n|\n|upkeep\n|turn|13\n|c|\u2606Walletinspector62|it\u2019s just not a good mon\n|\n|move|p2a: Poopity Scoop|Protect|p2a: Poopity Scoop\n|-singleturn|p2a: Poopity Scoop|Protect\n|move|p1a: Smack'ums Jr.|Drain Punch|p2a: Poopity Scoop\n|-activate|p2a: Poopity Scoop|move: Protect\n|\n|-heal|p2a: Poopity Scoop|84\/100|[from] move: Wish|[wisher] Poopity Scoop\n|upkeep\n|turn|14\n|\n|move|p1a: Smack'ums Jr.|Drain Punch|p2a: Poopity Scoop\n|-damage|p2a: Poopity Scoop|8\/100\n|-heal|p1a: Smack'ums Jr.|100\/100|[from] drain|[of] p2a: Poopity Scoop\n|-enditem|p2a: Poopity Scoop|Iapapa Berry|[eat]\n|-heal|p2a: Poopity Scoop|57\/100|[from] item: Iapapa Berry\n|move|p2a: Poopity Scoop|Toxic|p1a: Smack'ums Jr.\n|-status|p1a: Smack'ums Jr.|tox\n|\n|-damage|p1a: Smack'ums Jr.|96\/100 tox|[from] psn\n|upkeep\n|turn|15\n|\n|move|p2a: Poopity Scoop|Protect|p2a: Poopity Scoop\n|-singleturn|p2a: Poopity Scoop|Protect\n|move|p1a: Smack'ums Jr.|Drain Punch|p2a: Poopity Scoop\n|-activate|p2a: Poopity Scoop|move: Protect\n|\n|-damage|p1a: Smack'ums Jr.|86\/100 tox|[from] psn\n|upkeep\n|turn|16\n|\n|switch|p1a: *_*|Natu, L5, M|79\/100\n|-damage|p1a: *_*|57\/100|[from] Stealth Rock\n|move|p2a: Poopity Scoop|Wish|p2a: Poopity Scoop\n|\n|upkeep\n|turn|17\n|\n|move|p1a: *_*|Roost|p1a: *_*\n|-heal|p1a: *_*|100\/100\n|-singleturn|p1a: *_*|move: Roost\n|move|p2a: Poopity Scoop|Flamethrower|p1a: *_*\n|-damage|p1a: *_*|79\/100\n|\n|-heal|p2a: Poopity Scoop|100\/100|[from] move: Wish|[wisher] Poopity Scoop\n|upkeep\n|turn|18\n|\n|move|p1a: *_*|Heat Wave|p2a: Poopity Scoop\n|-damage|p2a: Poopity Scoop|64\/100\n|move|p2a: Poopity Scoop|Wish|p2a: Poopity Scoop\n|\n|upkeep\n|turn|19\n|c|\u2606D-Fallt|Oh right, ridiculous lc rolls\n|\n|switch|p1a: Before Swine|Clamperl, L5, M|100\/100\n|-damage|p1a: Before Swine|91\/100|[from] Stealth Rock\n|switch|p2a: Elekid|Elekid, L5, M, shiny|100\/100\n|-damage|p2a: Elekid|91\/100|[from] Stealth Rock\n|\n|-heal|p2a: Elekid|100\/100|[from] move: Wish|[wisher] Poopity Scoop\n|upkeep\n|turn|20\n|\n|move|p2a: Elekid|Thunderbolt|p1a: Before Swine\n|-supereffective|p1a: Before Swine\n|-damage|p1a: Before Swine|0 fnt\n|faint|p1a: Before Swine\n|\n|upkeep\n|\n|switch|p1a: Smack'ums Jr.|Mienfoo, L5, M|86\/100 tox\n|-damage|p1a: Smack'ums Jr.|81\/100 tox|[from] Stealth Rock\n|turn|21\n|\n|move|p2a: Elekid|Thunderbolt|p1a: Smack'ums Jr.\n|-damage|p1a: Smack'ums Jr.|5\/100 tox\n|move|p1a: Smack'ums Jr.|High Jump Kick|p2a: Elekid\n|-damage|p2a: Elekid|0 fnt\n|faint|p2a: Elekid\n|\n|-damage|p1a: Smack'ums Jr.|0 fnt|[from] psn\n|faint|p1a: Smack'ums Jr.\n|upkeep\n|\n|switch|p2a: Blue Angel|Yanma, L5, M, shiny|53\/100\n|switch|p1a: *_*|Natu, L5, M|79\/100\n|-damage|p2a: Blue Angel|5\/100|[from] Stealth Rock\n|-damage|p1a: *_*|57\/100|[from] Stealth Rock\n|turn|22\n|\n|move|p2a: Blue Angel|Air Slash|p1a: *_*\n|-damage|p1a: *_*|0 fnt\n|faint|p1a: *_*\n|\n|win|Walletinspector62\n|c|\u2606D-Fallt|gg\n|c|\u2606Walletinspector62|Gg\n","uploadtime":1567814565,"views":3,"p1id":"dfallt","p2id":"walletinspector62","formatid":"gen7anythinggoes","rating":0,"private":0,"password":null}