{"id":"gen7ou-646970760","p1":"Pitaye","p2":"Welchieboy","format":"gen7ou","log":"|j|Pitaye\n|j|Welchieboy\n|player|p1|Pitaye|36\n|teamsize|p1|6\n|player|p2|Welchieboy|10\n|teamsize|p2|6\n|gametype|singles\n|gen|7\n|tier|[Gen 7] OU\n|rated\n|seed|27842,14554,15740,47386\n|rule|Sleep Clause Mod: Limit one foe put to sleep\n|rule|Species Clause: Limit one of each Pok\u00e9mon\n|rule|OHKO Clause: OHKO moves are banned\n|rule|Moody Clause: Moody is banned\n|rule|Evasion Moves Clause: Evasion moves are banned\n|rule|Endless Battle Clause: Forcing endless battles is banned\n|rule|HP Percentage Mod: HP is shown in percentages\n|clearpoke\n|poke|p1|Landorus-Therian, M|item\n|poke|p1|Altaria, F|item\n|poke|p1|Kartana|item\n|poke|p1|Keldeo-Resolute|item\n|poke|p1|Tapu Lele|item\n|poke|p1|Magnezone|item\n|poke|p2|Greninja, F|item\n|poke|p2|Volcarona, M|item\n|poke|p2|Tapu Lele|item\n|poke|p2|Tapu Koko|item\n|poke|p2|Hawlucha, M|item\n|poke|p2|Donphan, F|item\n|teampreview\n|choice|team 5, team 2, team 3, team 4, team 1, team 6|team 1, team 2, team 3, team 4, team 5, team 6\n|\n|start\n|switch|p1a: Tapu Lele|Tapu Lele|281\/281\n|switch|p2a: Fro-ga|Greninja, F, shiny|285\/285\n|-fieldstart|move: Psychic Terrain|[from] ability: Psychic Surge|[of] p1a: Tapu Lele\n|turn|1\n|choice|move moonblast|move gunkshot\n|\n|move|p1a: Tapu Lele|Moonblast|p2a: Fro-ga\n|-supereffective|p2a: Fro-ga\n|-damage|p2a: Fro-ga|0 fnt\n|faint|p2a: Fro-ga\n|\n|upkeep\n|choice||switch 2\n|\n|switch|p2a: Inferness|Volcarona, M|311\/311\n|turn|2\n|choice|switch 2|move quiverdance\n|\n|switch|p1a: Altaria|Altaria, F|291\/291\n|move|p2a: Inferness|Quiver Dance|p2a: Inferness\n|-boost|p2a: Inferness|spa|1\n|-boost|p2a: Inferness|spd|1\n|-boost|p2a: Inferness|spe|1\n|\n|upkeep\n|turn|3\n|choice|move earthquake mega|move psychic zmove\n|\n|detailschange|p1a: Altaria|Altaria-Mega, F\n|-mega|p1a: Altaria|Altaria|Altarianite\n|-zpower|p2a: Inferness\n|move|p2a: Inferness|Shattered Psyche|p1a: Altaria|[zeffect]\n|-crit|p1a: Altaria\n|-damage|p1a: Altaria|0 fnt\n|faint|p1a: Altaria\n|\n|upkeep\n|inactive|Battle timer is ON: inactive players will automatically lose when time's up. (requested by Pitaye)\n|choice|switch 5|\n|\n|switch|p1a: Landorus|Landorus-Therian, M|382\/382\n|-ability|p1a: Landorus|Intimidate|boost\n|-unboost|p2a: Inferness|atk|1\n|turn|4\n|choice|move earthquake|move fireblast\n|\n|move|p2a: Inferness|Fire Blast|p1a: Landorus\n|-damage|p1a: Landorus|18\/382\n|move|p1a: Landorus|Earthquake|p2a: Inferness\n|-damage|p2a: Inferness|80\/311\n|\n|upkeep\n|turn|5\n|choice|move earthquake|move psychic\n|\n|move|p2a: Inferness|Psychic|p1a: Landorus\n|-damage|p1a: Landorus|0 fnt\n|faint|p1a: Landorus\n|\n|-fieldend|move: Psychic Terrain\n|upkeep\n|choice|switch 2|\n|\n|switch|p1a: Tapu Lele|Tapu Lele|281\/281\n|-fieldstart|move: Psychic Terrain|[from] ability: Psychic Surge|[of] p1a: Tapu Lele\n|turn|6\n|inactive|Welchieboy has 120 seconds left.\n|choice|move psychic|move bugbuzz\n|\n|move|p2a: Inferness|Bug Buzz|p1a: Tapu Lele\n|-damage|p1a: Tapu Lele|59\/281\n|move|p1a: Tapu Lele|Psychic|p2a: Inferness\n|-damage|p2a: Inferness|0 fnt\n|faint|p2a: Inferness\n|\n|upkeep\n|choice||switch 4\n|\n|switch|p2a: I'm in love|Tapu Koko|281\/281\n|-fieldstart|move: Electric Terrain|[from] ability: Electric Surge|[of] p2a: I'm in love\n|turn|7\n|choice|switch 6|move voltswitch\n|\n|switch|p1a: Magnezone|Magnezone|316\/316\n|move|p2a: I'm in love|Volt Switch|p1a: Magnezone\n|-resisted|p1a: Magnezone\n|-damage|p1a: Magnezone|236\/316\n|choice||switch 5\n|\n|switch|p2a: Brutalibre|Hawlucha, M, shiny|323\/323\n|-enditem|p2a: Brutalibre|Electric Seed\n|-boost|p2a: Brutalibre|def|1\n|\n|upkeep\n|turn|8\n|choice|move voltswitch|move highjumpkick\n|\n|move|p2a: Brutalibre|High Jump Kick|p1a: Magnezone\n|-supereffective|p1a: Magnezone\n|-damage|p1a: Magnezone|0 fnt\n|faint|p1a: Magnezone\n|\n|upkeep\n|choice|switch 3|\n|\n|switch|p1a: Kartana|Kartana|259\/259\n|turn|9\n|choice|move leafblade|move swordsdance\n|\n|move|p2a: Brutalibre|Swords Dance|p2a: Brutalibre\n|-boost|p2a: Brutalibre|atk|2\n|move|p1a: Kartana|Leaf Blade|p2a: Brutalibre\n|-resisted|p2a: Brutalibre\n|-damage|p2a: Brutalibre|235\/323\n|\n|upkeep\n|turn|10\n|choice|move sacredsword zmove|move highjumpkick\n|\n|move|p2a: Brutalibre|High Jump Kick|p1a: Kartana\n|-supereffective|p1a: Kartana\n|-damage|p1a: Kartana|0 fnt\n|faint|p1a: Kartana\n|\n|upkeep\n|-message|Pitaye forfeited.\n|\n|win|Welchieboy\n|l|Pitaye\n|raw|Pitaye's rating: 1482 &rarr; <strong>1464<\/strong><br \/>(-18 for losing)\n|raw|Welchieboy's rating: 1512 &rarr; <strong>1530<\/strong><br \/>(+18 for winning)","inputlog":null,"uploadtime":1508332483,"views":7,"p1id":"pitaye","p2id":"welchieboy","formatid":"gen7ou","rating":1464,"private":0,"password":null}