{"id":"gen7battlefactory-1098762513","p1":"Ehtesham123","p2":"lord cube","format":"gen7battlefactory","log":"|j|\u2606Ehtesham123\n|j|\u2606lord cube\n|player|p1|Ehtesham123|2|1070\n|player|p2|lord cube|riley|1223\n|teamsize|p1|6\n|teamsize|p2|6\n|gametype|singles\n|gen|7\n|tier|[Gen 7] Battle Factory\n|rated|\n|rule|Sleep Clause Mod: Limit one foe put to sleep\n|clearpoke\n|poke|p1|Scyther, F|item\n|poke|p1|Silvally-*|item\n|poke|p1|Musharna, F|item\n|poke|p1|Tangela, M|item\n|poke|p1|Smeargle, M|item\n|poke|p1|Turtonator, M|item\n|poke|p2|Swanna, M|item\n|poke|p2|Bellossom, M|item\n|poke|p2|Sandslash, M|item\n|poke|p2|Sableye, M|item\n|poke|p2|Eelektross, M|item\n|poke|p2|Zangoose, M|item\n|rule|HP Percentage Mod: HP is shown in percentages\n|rule|Mega Rayquaza Clause: You cannot mega evolve Rayquaza\n|teampreview\n|inactive|Battle timer is ON: inactive players will automatically lose when time's up. (requested by Ehtesham123)\n|\n|start\n|switch|p1a: Smeargle|Smeargle, M|314\/314\n|switch|p2a: Sableye|Sableye, M|303\/303\n|turn|1\n|\n|move|p1a: Smeargle|Magic Coat|p1a: Smeargle\n|-singleturn|p1a: Smeargle|move: Magic Coat\n|move|p2a: Sableye|Taunt|p1a: Smeargle\n|move|p1a: Smeargle|Taunt|p2a: Sableye|[from]Magic Coat\n|-start|p2a: Sableye|move: Taunt\n|\n|upkeep\n|turn|2\n|\n|switch|p2a: Zangoose|Zangoose, M|287\/287\n|move|p1a: Smeargle|Sticky Web|p2a: Zangoose\n|-sidestart|p2: lord cube|move: Sticky Web\n|\n|-status|p2a: Zangoose|tox|[from] item: Toxic Orb\n|upkeep\n|turn|3\n|\n|move|p2a: Zangoose|Knock Off|p1a: Smeargle\n|-enditem|p1a: Smeargle|Focus Sash\n|-damage|p1a: Smeargle|1\/314\n|move|p1a: Smeargle|Stealth Rock|p2a: Zangoose\n|-sidestart|p2: lord cube|move: Stealth Rock\n|\n|-damage|p2a: Zangoose|270\/287 tox|[from] psn\n|upkeep\n|turn|4\n|\n|move|p1a: Smeargle|Magic Coat|p1a: Smeargle\n|-singleturn|p1a: Smeargle|move: Magic Coat\n|move|p2a: Zangoose|Knock Off|p1a: Smeargle\n|-damage|p1a: Smeargle|0 fnt\n|faint|p1a: Smeargle\n|\n|-damage|p2a: Zangoose|236\/287 tox|[from] psn\n|upkeep\n|inactive|Ehtesham123 has 120 seconds left.\n|\n|switch|p1a: Tangela|Tangela, M|334\/334\n|turn|5\n|\n|switch|p2a: Swanna|Swanna, M|291\/291\n|-damage|p2a: Swanna|219\/291|[from] Stealth Rock\n|move|p1a: Tangela|Giga Drain|p2a: Swanna\n|-damage|p2a: Swanna|72\/291\n|\n|upkeep\n|turn|6\n|\n|move|p2a: Swanna|Defog|p1a: Tangela\n|-unboost|p1a: Tangela|evasion|1\n|-sideend|p2: lord cube|Stealth Rock|[from] move: Defog|[of] p2a: Swanna\n|-sideend|p2: lord cube|Sticky Web|[from] move: Defog|[of] p2a: Swanna\n|move|p1a: Tangela|Giga Drain|p2a: Swanna\n|-damage|p2a: Swanna|0 fnt\n|faint|p2a: Swanna\n|\n|upkeep\n|\n|switch|p2a: Bellossom|Bellossom, M|291\/291\n|turn|7\n|\n|move|p2a: Bellossom|Quiver Dance|p2a: Bellossom\n|-boost|p2a: Bellossom|spa|1\n|-boost|p2a: Bellossom|spd|1\n|-boost|p2a: Bellossom|spe|1\n|move|p1a: Tangela|Knock Off|p2a: Bellossom\n|-damage|p2a: Bellossom|261\/291\n|\n|upkeep\n|turn|8\n|\n|switch|p1a: Scyther|Scyther, F|343\/343\n|move|p2a: Bellossom|Quiver Dance|p2a: Bellossom\n|-boost|p2a: Bellossom|spa|1\n|-boost|p2a: Bellossom|spd|1\n|-boost|p2a: Bellossom|spe|1\n|\n|upkeep\n|turn|9\n|\n|move|p2a: Bellossom|Moonblast|p1a: Scyther\n|-damage|p1a: Scyther|192\/343\n|-unboost|p1a: Scyther|spa|1\n|move|p1a: Scyther|Aerial Ace|p2a: Bellossom\n|-supereffective|p2a: Bellossom\n|-damage|p2a: Bellossom|25\/291\n|\n|upkeep\n|turn|10\n|\n|move|p2a: Bellossom|Strength Sap|p1a: Scyther\n|-unboost|p1a: Scyther|atk|1\n|-heal|p2a: Bellossom|281\/291\n|move|p1a: Scyther|Roost|p1a: Scyther\n|-heal|p1a: Scyther|343\/343\n|-singleturn|p1a: Scyther|move: Roost\n|\n|upkeep\n|turn|11\n|\n|move|p2a: Bellossom|Strength Sap|p1a: Scyther\n|-unboost|p1a: Scyther|atk|1\n|-heal|p2a: Bellossom|291\/291\n|move|p1a: Scyther|Swords Dance|p1a: Scyther\n|-boost|p1a: Scyther|atk|2\n|\n|upkeep\n|turn|12\n|\n|move|p2a: Bellossom|Quiver Dance|p2a: Bellossom\n|-boost|p2a: Bellossom|spa|1\n|-boost|p2a: Bellossom|spd|1\n|-boost|p2a: Bellossom|spe|1\n|move|p1a: Scyther|Swords Dance|p1a: Scyther\n|-boost|p1a: Scyther|atk|2\n|\n|upkeep\n|turn|13\n|\n|move|p2a: Bellossom|Moonblast|p1a: Scyther\n|-damage|p1a: Scyther|183\/343\n|-unboost|p1a: Scyther|spa|1\n|move|p1a: Scyther|Aerial Ace|p2a: Bellossom\n|-supereffective|p2a: Bellossom\n|-damage|p2a: Bellossom|0 fnt\n|faint|p2a: Bellossom\n|\n|upkeep\n|\n|switch|p2a: Zangoose|Zangoose, M|236\/287 tox\n|turn|14\n|\n|move|p2a: Zangoose|Quick Attack|p1a: Scyther\n|-damage|p1a: Scyther|102\/343\n|move|p1a: Scyther|Aerial Ace|p2a: Zangoose\n|-damage|p2a: Zangoose|0 fnt\n|faint|p2a: Zangoose\n|\n|upkeep\n|\n|switch|p2a: Eelektross|Eelektross, M|373\/373\n|turn|15\n|\n|move|p1a: Scyther|Roost|p1a: Scyther\n|-heal|p1a: Scyther|274\/343\n|-singleturn|p1a: Scyther|move: Roost\n|move|p2a: Eelektross|Flamethrower|p1a: Scyther\n|-supereffective|p1a: Scyther\n|-damage|p1a: Scyther|106\/343\n|\n|upkeep\n|turn|16\n|\n|move|p1a: Scyther|U-turn|p2a: Eelektross\n|-damage|p2a: Eelektross|147\/373\n|\n|switch|p1a: Turtonator|Turtonator, M|261\/261\n|move|p2a: Eelektross|Flamethrower|p1a: Turtonator\n|-resisted|p1a: Turtonator\n|-damage|p1a: Turtonator|232\/261\n|\n|upkeep\n|turn|17\n|\n|move|p1a: Turtonator|Shell Smash|p1a: Turtonator\n|-unboost|p1a: Turtonator|def|1\n|-unboost|p1a: Turtonator|spd|1\n|-boost|p1a: Turtonator|atk|2\n|-boost|p1a: Turtonator|spa|2\n|-boost|p1a: Turtonator|spe|2\n|-enditem|p1a: Turtonator|White Herb\n|-clearnegativeboost|p1a: Turtonator|[silent]\n|move|p2a: Eelektross|Volt Switch|p1a: Turtonator\n|-resisted|p1a: Turtonator\n|-damage|p1a: Turtonator|162\/261\n|\n|switch|p2a: Sandslash|Sandslash, M|353\/353\n|\n|upkeep\n|turn|18\n|\n|move|p1a: Turtonator|Dragon Pulse|p2a: Sandslash\n|-damage|p2a: Sandslash|0 fnt\n|faint|p2a: Sandslash\n|\n|upkeep\n|-message|lord cube forfeited.\n|\n|win|Ehtesham123\n|raw|Ehtesham123's rating: 1070 &rarr; <strong>1112<\/strong><br \/>(+42 for winning)\n|raw|lord cube's rating: 1223 &rarr; <strong>1188<\/strong><br \/>(-35 for losing)\n","inputlog":">version 776ccf979666104e25cdbe5a85a293d1e5a23528\n>start {\"formatid\":\"gen7battlefactory\",\"seed\":[53649,31909,28700,39226],\"rated\":\"Rated battle\"}\n>player p1 {\"name\":\"Ehtesham123\",\"avatar\":\"2\",\"team\":\"\",\"rating\":1070,\"seed\":[12994,58810,28784,2894]}\n>player p2 {\"name\":\"lord cube\",\"avatar\":\"riley\",\"team\":\"\",\"rating\":1223,\"seed\":[12689,45563,639,5622]}\n>p1 team 5, 2, 3, 4, 1, 6\n>p2 team 4, 2, 3, 1, 5, 6\n>p1 move magiccoat\n>p2 move taunt\n>p1 move stickyweb\n>p2 switch 6\n>p1 move stealthrock\n>p2 move knockoff\n>p1 move magiccoat\n>p2 move knockoff\n>p1 switch 4\n>p1 move gigadrain\n>p2 switch 4\n>p1 move gigadrain\n>p2 move defog\n>p2 switch 2\n>p1 move knockoff\n>p2 move quiverdance\n>p1 switch 5\n>p2 move quiverdance\n>p1 move aerialace\n>p2 move moonblast\n>p1 move roost\n>p2 move strengthsap\n>p1 move swordsdance\n>p2 move strengthsap\n>p1 move swordsdance\n>p2 move quiverdance\n>p1 move aerialace\n>p2 move moonblast\n>p2 switch 4\n>p1 move aerialace\n>p2 move quickattack\n>p2 switch 5\n>p1 move roost\n>p2 move flamethrower\n>p1 move uturn\n>p2 move flamethrower\n>p1 switch 6\n>p1 move shellsmash\n>p2 move voltswitch\n>p2 switch 3\n>p1 move dragonpulse\n>p2 move earthquake","uploadtime":1587191560,"views":44,"p1id":"ehtesham123","p2id":"lordcube","formatid":"gen7battlefactory","rating":1112,"private":0,"password":null}