{"id":"gen7ou-852251315","p1":"BugCatcherWeevil","p2":"Anri of Astora","format":"gen7ou","log":"|j|\u2606BugCatcherWeevil\n|j|\u2606Anri of Astora\n|player|p1|BugCatcherWeevil|170\n|player|p2|Anri of Astora|289\n|teamsize|p1|6\n|teamsize|p2|6\n|gametype|singles\n|gen|7\n|tier|[Gen 7] OU\n|rated|\n|rule|Sleep Clause Mod: Limit one foe put to sleep\n|rule|Species Clause: Limit one of each Pok\u00e9mon\n|rule|OHKO Clause: OHKO moves are banned\n|rule|Moody Clause: Moody is banned\n|rule|Evasion Moves Clause: Evasion moves are banned\n|rule|Endless Battle Clause: Forcing endless battles is banned\n|rule|HP Percentage Mod: HP is shown in percentages\n|clearpoke\n|poke|p1|Mawile, M|item\n|poke|p1|Greninja, M|item\n|poke|p1|Tornadus-Therian, M|item\n|poke|p1|Ferrothorn, F|item\n|poke|p1|Heatran, F|item\n|poke|p1|Garchomp, F|item\n|poke|p2|Celesteela|item\n|poke|p2|Toxapex, M|item\n|poke|p2|Excadrill, F|item\n|poke|p2|Keldeo|item\n|poke|p2|Tapu Lele|item\n|poke|p2|Scizor, F|item\n|teampreview\n|j| viky4869bo\n|l| viky4869bo\n|inactive|Battle timer is ON: inactive players will automatically lose when time's up. (requested by Anri of Astora)\n|j| Paaaaaaablo\n|inactive|BugCatcherWeevil has 120 seconds left.\n|\n|start\n|switch|p1a: Ferrothorn|Ferrothorn, F|100\/100\n|switch|p2a: Tapu Lele|Tapu Lele|100\/100\n|-fieldstart|move: Psychic Terrain|[from] ability: Psychic Surge|[of] p2a: Tapu Lele\n|turn|1\n|\n|switch|p1a: Tornadus|Tornadus-Therian, M|100\/100\n|move|p2a: Tapu Lele|Hidden Power|p1a: Tornadus\n|-damage|p1a: Tornadus|63\/100\n|\n|upkeep\n|turn|2\n|\n|switch|p1a: Garchomp|Garchomp, F|100\/100\n|switch|p2a: Toxapex|Toxapex, M|100\/100\n|\n|upkeep\n|turn|3\n|\n|move|p1a: Garchomp|Stealth Rock|p2a: Toxapex\n|-sidestart|p2: Anri of Astora|move: Stealth Rock\n|move|p2a: Toxapex|Toxic|p1a: Garchomp\n|-status|p1a: Garchomp|tox\n|\n|-damage|p1a: Garchomp|94\/100 tox|[from] psn\n|upkeep\n|turn|4\n|\n|switch|p1a: Ferrothorn|Ferrothorn, F|100\/100\n|switch|p2a: Celesteela|Celesteela|100\/100\n|-damage|p2a: Celesteela|88\/100|[from] Stealth Rock\n|\n|-heal|p2a: Celesteela|94\/100|[from] item: Leftovers\n|upkeep\n|turn|5\n|\n|switch|p2a: Excadrill|Excadrill, F|100\/100\n|-damage|p2a: Excadrill|97\/100|[from] Stealth Rock\n|-ability|p2a: Excadrill|Mold Breaker\n|switch|p1a: Heatran|Heatran, F|100\/100\n|\n|-heal|p2a: Excadrill|100\/100|[from] item: Leftovers\n|-fieldend|move: Psychic Terrain\n|upkeep\n|turn|6\n|\n|switch|p1a: Ferrothorn|Ferrothorn, F|100\/100\n|move|p2a: Excadrill|Earthquake|p1a: Ferrothorn\n|-damage|p1a: Ferrothorn|66\/100\n|\n|-heal|p1a: Ferrothorn|72\/100|[from] item: Leftovers\n|upkeep\n|turn|7\n|\n|move|p2a: Excadrill|Stealth Rock|p1a: Ferrothorn\n|-sidestart|p1: BugCatcherWeevil|move: Stealth Rock\n|move|p1a: Ferrothorn|Knock Off|p2a: Excadrill\n|-damage|p2a: Excadrill|76\/100\n|-enditem|p2a: Excadrill|Leftovers|[from] move: Knock Off|[of] p1a: Ferrothorn\n|\n|-heal|p1a: Ferrothorn|78\/100|[from] item: Leftovers\n|upkeep\n|turn|8\n|\n|move|p2a: Excadrill|Earthquake|p1a: Ferrothorn\n|-damage|p1a: Ferrothorn|47\/100\n|move|p1a: Ferrothorn|Leech Seed|p2a: Excadrill|[miss]\n|-miss|p1a: Ferrothorn|p2a: Excadrill\n|\n|-heal|p1a: Ferrothorn|53\/100|[from] item: Leftovers\n|upkeep\n|turn|9\n|\n|move|p2a: Excadrill|Earthquake|p1a: Ferrothorn\n|-damage|p1a: Ferrothorn|22\/100\n|move|p1a: Ferrothorn|Leech Seed|p2a: Excadrill\n|-start|p2a: Excadrill|move: Leech Seed\n|\n|-heal|p1a: Ferrothorn|28\/100|[from] item: Leftovers\n|-damage|p2a: Excadrill|64\/100|[from] Leech Seed|[of] p1a: Ferrothorn\n|-heal|p1a: Ferrothorn|43\/100|[silent]\n|upkeep\n|turn|10\n|\n|move|p2a: Excadrill|Rapid Spin|p1a: Ferrothorn\n|-resisted|p1a: Ferrothorn\n|-damage|p1a: Ferrothorn|41\/100\n|-damage|p2a: Excadrill|51\/100|[from] ability: Iron Barbs|[of] p1a: Ferrothorn\n|-end|p2a: Excadrill|Leech Seed|[from] move: Rapid Spin|[of] p2a: Excadrill\n|-sideend|p2: Anri of Astora|Stealth Rock|[from] move: Rapid Spin|[of] p2a: Excadrill\n|move|p1a: Ferrothorn|Spikes|p2a: Excadrill\n|-sidestart|p2: Anri of Astora|Spikes\n|\n|-heal|p1a: Ferrothorn|47\/100|[from] item: Leftovers\n|upkeep\n|turn|11\n|\n|switch|p1a: Tornadus|Tornadus-Therian, M|97\/100\n|-damage|p1a: Tornadus|72\/100|[from] Stealth Rock\n|move|p2a: Excadrill|Earthquake|p1a: Tornadus\n|-immune|p1a: Tornadus\n|\n|upkeep\n|turn|12\n|\n|move|p1a: Tornadus|Focus Blast|p2a: Excadrill\n|-supereffective|p2a: Excadrill\n|-damage|p2a: Excadrill|0 fnt\n|faint|p2a: Excadrill\n|\n|upkeep\n|j| Brock of Kento\n|\n|switch|p2a: Tapu Lele|Tapu Lele|100\/100\n|-damage|p2a: Tapu Lele|88\/100|[from] Spikes\n|-fieldstart|move: Psychic Terrain|[from] ability: Psychic Surge|[of] p2a: Tapu Lele\n|turn|13\n|\n|switch|p1a: Heatran|Heatran, F|100\/100\n|-damage|p1a: Heatran|88\/100|[from] Stealth Rock\n|move|p2a: Tapu Lele|Psyshock|p1a: Heatran\n|-resisted|p1a: Heatran\n|-damage|p1a: Heatran|51\/100\n|\n|-heal|p1a: Heatran|57\/100|[from] item: Leftovers\n|upkeep\n|turn|14\n|\n|move|p2a: Tapu Lele|Psyshock|p1a: Heatran\n|-resisted|p1a: Heatran\n|-damage|p1a: Heatran|21\/100\n|move|p1a: Heatran|Toxic|p2a: Tapu Lele\n|-status|p2a: Tapu Lele|tox\n|\n|-heal|p1a: Heatran|27\/100|[from] item: Leftovers\n|-damage|p2a: Tapu Lele|82\/100 tox|[from] psn\n|upkeep\n|turn|15\n|\n|switch|p1a: Greninja|Greninja, M|100\/100\n|-damage|p1a: Greninja|88\/100|[from] Stealth Rock\n|move|p2a: Tapu Lele|Psyshock|p1a: Greninja\n|-immune|p1a: Greninja\n|\n|-damage|p2a: Tapu Lele|70\/100 tox|[from] psn\n|upkeep\n|turn|16\n|\n|switch|p2a: Toxapex|Toxapex, M|100\/100\n|-damage|p2a: Toxapex|88\/100|[from] Spikes\n|move|p1a: Greninja|Dark Pulse|p2a: Toxapex\n|-damage|p2a: Toxapex|46\/100\n|\n|-heal|p2a: Toxapex|52\/100|[from] item: Leftovers\n|upkeep\n|turn|17\n|\n|move|p1a: Greninja|Dark Pulse|p2a: Toxapex\n|-damage|p2a: Toxapex|11\/100\n|move|p2a: Toxapex|Recover|p2a: Toxapex\n|-heal|p2a: Toxapex|61\/100\n|\n|-heal|p2a: Toxapex|68\/100|[from] item: Leftovers\n|-fieldend|move: Psychic Terrain\n|upkeep\n|turn|18\n|\n|move|p1a: Greninja|Dark Pulse|p2a: Toxapex\n|-damage|p2a: Toxapex|25\/100\n|move|p2a: Toxapex|Toxic|p1a: Greninja\n|-status|p1a: Greninja|tox\n|\n|-heal|p2a: Toxapex|31\/100|[from] item: Leftovers\n|-damage|p1a: Greninja|82\/100 tox|[from] psn\n|upkeep\n|turn|19\n|\n|switch|p2a: Celesteela|Celesteela|94\/100\n|move|p1a: Greninja|Dark Pulse|p2a: Celesteela\n|-damage|p2a: Celesteela|60\/100\n|\n|-heal|p2a: Celesteela|66\/100|[from] item: Leftovers\n|-damage|p1a: Greninja|70\/100 tox|[from] psn\n|upkeep\n|turn|20\n|\n|switch|p1a: Heatran|Heatran, F|27\/100\n|-damage|p1a: Heatran|15\/100|[from] Stealth Rock\n|move|p2a: Celesteela|Earthquake|p1a: Heatran\n|-supereffective|p1a: Heatran\n|-damage|p1a: Heatran|0 fnt\n|faint|p1a: Heatran\n|-ability|p2a: Celesteela|Beast Boost|boost\n|-boost|p2a: Celesteela|spd|1\n|\n|-heal|p2a: Celesteela|72\/100|[from] item: Leftovers\n|upkeep\n|\n|switch|p1a: Mawile|Mawile, M|100\/100\n|-damage|p1a: Mawile|94\/100|[from] Stealth Rock\n|-ability|p1a: Mawile|Intimidate|boost\n|-unboost|p2a: Celesteela|atk|1\n|turn|21\n|\n|detailschange|p1a: Mawile|Mawile-Mega, M\n|-mega|p1a: Mawile|Mawile|Mawilite\n|move|p1a: Mawile|Thunder Punch|p2a: Celesteela\n|-supereffective|p2a: Celesteela\n|-damage|p2a: Celesteela|0 fnt\n|faint|p2a: Celesteela\n|\n|upkeep\n|\n|switch|p2a: Tapu Lele|Tapu Lele|70\/100 tox\n|-damage|p2a: Tapu Lele|57\/100 tox|[from] Spikes\n|-fieldstart|move: Psychic Terrain|[from] ability: Psychic Surge|[of] p2a: Tapu Lele\n|turn|22\n|\n|switch|p1a: Ferrothorn|Ferrothorn, F|47\/100\n|-damage|p1a: Ferrothorn|41\/100|[from] Stealth Rock\n|move|p2a: Tapu Lele|Moonblast|p1a: Ferrothorn\n|-resisted|p1a: Ferrothorn\n|-damage|p1a: Ferrothorn|15\/100\n|-unboost|p1a: Ferrothorn|spa|1\n|\n|-heal|p1a: Ferrothorn|21\/100|[from] item: Leftovers\n|-damage|p2a: Tapu Lele|51\/100 tox|[from] psn\n|upkeep\n|turn|23\n|\n|move|p2a: Tapu Lele|Moonblast|p1a: Ferrothorn\n|-resisted|p1a: Ferrothorn\n|-damage|p1a: Ferrothorn|0 fnt\n|faint|p1a: Ferrothorn\n|\n|-damage|p2a: Tapu Lele|39\/100 tox|[from] psn\n|upkeep\n|\n|switch|p1a: Greninja|Greninja, M|70\/100 tox\n|-damage|p1a: Greninja|58\/100 tox|[from] Stealth Rock\n|turn|24\n|\n|switch|p2a: Keldeo|Keldeo|100\/100\n|-damage|p2a: Keldeo|88\/100|[from] Spikes\n|move|p1a: Greninja|Dark Pulse|p2a: Keldeo\n|-resisted|p2a: Keldeo\n|-damage|p2a: Keldeo|57\/100\n|-ability|p2a: Keldeo|Justified|boost\n|-boost|p2a: Keldeo|atk|1\n|\n|-heal|p2a: Keldeo|63\/100|[from] item: Leftovers\n|-damage|p1a: Greninja|52\/100 tox|[from] psn\n|upkeep\n|turn|25\n|\n|switch|p1a: Tornadus|Tornadus-Therian, M|100\/100\n|-damage|p1a: Tornadus|76\/100|[from] Stealth Rock\n|move|p2a: Keldeo|Calm Mind|p2a: Keldeo\n|-boost|p2a: Keldeo|spa|1\n|-boost|p2a: Keldeo|spd|1\n|\n|-heal|p2a: Keldeo|70\/100|[from] item: Leftovers\n|upkeep\n|turn|26\n|\n|move|p1a: Tornadus|Hurricane|p2a: Keldeo\n|-supereffective|p2a: Keldeo\n|-damage|p2a: Keldeo|0 fnt\n|faint|p2a: Keldeo\n|\n|-fieldend|move: Psychic Terrain\n|upkeep\n|\n|switch|p2a: Toxapex|Toxapex, M|65\/100\n|-damage|p2a: Toxapex|52\/100|[from] Spikes\n|turn|27\n|\n|move|p1a: Tornadus|Taunt|p2a: Toxapex\n|-start|p2a: Toxapex|move: Taunt\n|cant|p2a: Toxapex|move: Taunt|Recover\n|\n|-heal|p2a: Toxapex|58\/100|[from] item: Leftovers\n|upkeep\n|turn|28\n|\n|switch|p1a: Garchomp|Garchomp, F|94\/100 tox\n|-damage|p1a: Garchomp|88\/100 tox|[from] Stealth Rock\n|move|p2a: Toxapex|Scald|p1a: Garchomp\n|-damage|p1a: Garchomp|70\/100 tox\n|\n|-heal|p2a: Toxapex|65\/100|[from] item: Leftovers\n|-damage|p1a: Garchomp|63\/100 tox|[from] psn\n|upkeep\n|turn|29\n|inactive|Anri of Astora has 120 seconds left.\n|\n|switch|p2a: Tapu Lele|Tapu Lele|39\/100 tox\n|-damage|p2a: Tapu Lele|27\/100 tox|[from] Spikes\n|-fieldstart|move: Psychic Terrain|[from] ability: Psychic Surge|[of] p2a: Tapu Lele\n|move|p1a: Garchomp|Earthquake|p2a: Tapu Lele\n|-damage|p2a: Tapu Lele|0 fnt\n|faint|p2a: Tapu Lele\n|\n|-damage|p1a: Garchomp|51\/100 tox|[from] psn\n|upkeep\n|\n|switch|p2a: Scizor|Scizor, F|100\/100\n|-damage|p2a: Scizor|88\/100|[from] Spikes\n|turn|30\n|\n|detailschange|p2a: Scizor|Scizor-Mega, F\n|-mega|p2a: Scizor|Scizor|Scizorite\n|move|p2a: Scizor|Swords Dance|p2a: Scizor\n|-boost|p2a: Scizor|atk|2\n|move|p1a: Garchomp|Roar|p2a: Scizor\n|drag|p2a: Toxapex|Toxapex, M|98\/100\n|-damage|p2a: Toxapex|85\/100|[from] Spikes\n|\n|-heal|p2a: Toxapex|92\/100|[from] item: Leftovers\n|-damage|p1a: Garchomp|33\/100 tox|[from] psn\n|upkeep\n|turn|31\n|\n|move|p1a: Garchomp|Earthquake|p2a: Toxapex\n|-supereffective|p2a: Toxapex\n|-damage|p2a: Toxapex|38\/100\n|move|p2a: Toxapex|Recover|p2a: Toxapex\n|-heal|p2a: Toxapex|88\/100\n|\n|-heal|p2a: Toxapex|95\/100|[from] item: Leftovers\n|-damage|p1a: Garchomp|9\/100 tox|[from] psn\n|upkeep\n|turn|32\n|\n|switch|p1a: Tornadus|Tornadus-Therian, M|100\/100\n|-damage|p1a: Tornadus|76\/100|[from] Stealth Rock\n|move|p2a: Toxapex|Scald|p1a: Tornadus\n|-damage|p1a: Tornadus|56\/100\n|-status|p1a: Tornadus|brn\n|\n|-heal|p2a: Toxapex|100\/100|[from] item: Leftovers\n|-damage|p1a: Tornadus|50\/100 brn|[from] brn\n|upkeep\n|turn|33\n|l| Paaaaaaablo\n|\n|move|p1a: Tornadus|Hurricane|p2a: Toxapex|[miss]\n|-miss|p1a: Tornadus|p2a: Toxapex\n|move|p2a: Toxapex|Scald|p1a: Tornadus\n|-damage|p1a: Tornadus|30\/100 brn\n|\n|-damage|p1a: Tornadus|24\/100 brn|[from] brn\n|-fieldend|move: Psychic Terrain\n|upkeep\n|turn|34\n|\n|move|p1a: Tornadus|Hurricane|p2a: Toxapex\n|-damage|p2a: Toxapex|57\/100\n|move|p2a: Toxapex|Scald|p1a: Tornadus\n|-damage|p1a: Tornadus|4\/100 brn\n|\n|-heal|p2a: Toxapex|63\/100|[from] item: Leftovers\n|-damage|p1a: Tornadus|0 fnt|[from] brn\n|faint|p1a: Tornadus\n|upkeep\n|\n|switch|p1a: Mawile|Mawile-Mega, M|94\/100\n|-damage|p1a: Mawile|88\/100|[from] Stealth Rock\n|turn|35\n|\n|move|p1a: Mawile|Thunder Punch|p2a: Toxapex\n|-supereffective|p2a: Toxapex\n|-damage|p2a: Toxapex|0 fnt\n|faint|p2a: Toxapex\n|\n|upkeep\n|\n|switch|p2a: Scizor|Scizor-Mega, F|88\/100\n|-damage|p2a: Scizor|76\/100|[from] Spikes\n|turn|36\n|\n|move|p2a: Scizor|Swords Dance|p2a: Scizor\n|-boost|p2a: Scizor|atk|2\n|move|p1a: Mawile|Fire Fang|p2a: Scizor|[miss]\n|-miss|p1a: Mawile|p2a: Scizor\n|\n|upkeep\n|turn|37\n|\n|move|p2a: Scizor|Bullet Punch|p1a: Mawile\n|-damage|p1a: Mawile|26\/100\n|move|p1a: Mawile|Fire Fang|p2a: Scizor\n|-supereffective|p2a: Scizor\n|-damage|p2a: Scizor|0 fnt\n|faint|p2a: Scizor\n|\n|win|BugCatcherWeevil\n|raw|BugCatcherWeevil's rating: 1761 &rarr; <strong>1786<\/strong><br \/>(+25 for winning)\n|raw|Anri of Astora's rating: 1850 &rarr; <strong>1825<\/strong><br \/>(-25 for losing)\n|l|\u2606Anri of Astora\n","uploadtime":1548153439,"views":31,"p1id":"bugcatcherweevil","p2id":"anriofastora","formatid":"gen7ou","rating":1786,"private":0,"password":null}