{"id":"gen7ou-679679283","p1":"Moskito Cup","p2":"thesecondbest","format":"gen7ou","log":"|j|\u2606Moskito Cup\n|j|\u2606thesecondbest\n|player|p1|Moskito Cup|68\n|teamsize|p1|6\n|player|p2|thesecondbest|124\n|teamsize|p2|6\n|gametype|singles\n|gen|7\n|tier|[Gen 7] OU\n|rated||rule|Sleep Clause Mod: Limit one foe put to sleep\n|rule|Species Clause: Limit one of each Pok\u00e9mon\n|rule|OHKO Clause: OHKO moves are banned\n|rule|Moody Clause: Moody is banned\n|rule|Evasion Moves Clause: Evasion moves are banned\n|rule|Endless Battle Clause: Forcing endless battles is banned\n|rule|HP Percentage Mod: HP is shown in percentages\n|clearpoke\n|poke|p1|Venusaur, M|item\n|poke|p1|Keldeo-Resolute|item\n|poke|p1|Skarmory, M|item\n|poke|p1|Chansey, F|item\n|poke|p1|Heatran, F|item\n|poke|p1|Bisharp, M|item\n|poke|p2|Alakazam, F|item\n|poke|p2|Tapu Lele|item\n|poke|p2|Kartana|item\n|poke|p2|Greninja, M|item\n|poke|p2|Landorus-Therian, M|item\n|poke|p2|Magearna|item\n|teampreview\n|raw|<div class=\"broadcast-red\"><strong>Moderated join is set to sync with modchat!<\/strong><br \/>Only users who can speak in modchat can join.<\/div>\n|c|\u2606Moskito Cup|\/log Moskito Cup set modjoin to sync with modchat.\n|raw|<div class=\"broadcast-red\"><strong>Moderated chat was set to +!<\/strong><br \/>Only users of rank + and higher can talk.<\/div>\n|c|\u2606Moskito Cup|\/log Moskito Cup made this room hidden.|\n|start\n|switch|p1a: Keldeo|Keldeo-Resolute|100\/100\n|switch|p2a: Landorus|Landorus-Therian, M|100\/100\n|-ability|p2a: Landorus|Intimidate|boost\n|-unboost|p1a: Keldeo|atk|1\n|turn|1\n|inactive|Battle timer is ON: inactive players will automatically lose when time's up. (requested by Moskito Cup)|\n|switch|p2a: Magearna|Magearna|100\/100\n|move|p1a: Keldeo|Scald|p2a: Magearna\n|-damage|p2a: Magearna|83\/100\n|\n|upkeep\n|turn|2|\n|move|p1a: Keldeo|Substitute|p1a: Keldeo\n|-start|p1a: Keldeo|Substitute\n|-damage|p1a: Keldeo|75\/100\n|move|p2a: Magearna|Volt Switch|p1a: Keldeo\n|-supereffective|p1a: Keldeo\n|-end|p1a: Keldeo|Substitute|\n|switch|p2a: Kartana|Kartana|100\/100\n|\n|-heal|p1a: Keldeo|82\/100|[from] item: Leftovers\n|upkeep\n|turn|3\n|inactive|Moskito Cup has 135 seconds left.|\n|move|p2a: Kartana|Leaf Blade|p1a: Keldeo\n|-supereffective|p1a: Keldeo\n|-crit|p1a: Keldeo\n|-damage|p1a: Keldeo|0 fnt\n|faint|p1a: Keldeo\n|-ability|p2a: Kartana|Beast Boost|boost\n|-boost|p2a: Kartana|atk|1\n|\n|upkeep|\n|switch|p1a: Skarmory|Skarmory, M|100\/100\n|turn|4|\n|switch|p2a: Greninja|Greninja, M|100\/100\n|move|p1a: Skarmory|Spikes|p2a: Greninja\n|-sidestart|p2: thesecondbest|Spikes\n|\n|upkeep\n|turn|5|\n|move|p2a: Greninja|Dark Pulse|p1a: Skarmory\n|-damage|p1a: Skarmory|37\/100\n|move|p1a: Skarmory|Brave Bird|p2a: Greninja\n|-damage|p2a: Greninja|45\/100\n|-damage|p1a: Skarmory|21\/100|[from] Recoil|[of] p2a: Greninja\n|\n|upkeep\n|turn|6|\n|switch|p1a: Bisharp|Bisharp, M|100\/100\n|move|p2a: Greninja|Dark Pulse|p1a: Bisharp\n|-resisted|p1a: Bisharp\n|-damage|p1a: Bisharp|67\/100\n|\n|-heal|p1a: Bisharp|73\/100|[from] item: Leftovers\n|upkeep\n|turn|7|\n|switch|p2a: Kartana|Kartana|100\/100\n|-damage|p2a: Kartana|88\/100|[from] Spikes\n|move|p1a: Bisharp|Iron Head|p2a: Kartana\n|-resisted|p2a: Kartana\n|-crit|p2a: Kartana\n|-damage|p2a: Kartana|52\/100\n|\n|-heal|p1a: Bisharp|79\/100|[from] item: Leftovers\n|upkeep\n|turn|8|\n|switch|p1a: Venusaur|Venusaur, M|100\/100\n|move|p2a: Kartana|Sacred Sword|p1a: Venusaur\n|-resisted|p1a: Venusaur\n|-damage|p1a: Venusaur|85\/100\n|\n|upkeep\n|turn|9|\n|switch|p2a: Landorus|Landorus-Therian, M|100\/100\n|-ability|p2a: Landorus|Intimidate|boost\n|-unboost|p1a: Venusaur|atk|1\n|-mega|p1a: Venusaur|Venusaur|Venusaurite\n|detailschange|p1a: Venusaur|Venusaur-Mega, M\n|move|p1a: Venusaur|Giga Drain|p2a: Landorus\n|-damage|p2a: Landorus|68\/100\n|-heal|p1a: Venusaur|100\/100|[from] drain|[of] p2a: Landorus\n|\n|upkeep\n|turn|10|\n|move|p2a: Landorus|Stealth Rock|p1a: Venusaur\n|-sidestart|p1: Moskito Cup|move: Stealth Rock\n|move|p1a: Venusaur|Giga Drain|p2a: Landorus\n|-damage|p2a: Landorus|33\/100\n|\n|upkeep\n|turn|11|\n|move|p2a: Landorus|Earthquake|p1a: Venusaur\n|-damage|p1a: Venusaur|74\/100\n|move|p1a: Venusaur|Giga Drain|p2a: Landorus\n|-damage|p2a: Landorus|0 fnt\n|-heal|p1a: Venusaur|91\/100|[from] drain|[of] p2a: Landorus\n|faint|p2a: Landorus\n|\n|upkeep|\n|switch|p2a: Tapu Lele|Tapu Lele|100\/100\n|-damage|p2a: Tapu Lele|88\/100|[from] Spikes\n|-fieldstart|move: Psychic Terrain|[from] ability: Psychic Surge|[of] p2a: Tapu Lele\n|turn|12|\n|switch|p1a: Heatran|Heatran, F|100\/100\n|-damage|p1a: Heatran|88\/100|[from] Stealth Rock\n|move|p2a: Tapu Lele|Psyshock|p1a: Heatran\n|-resisted|p1a: Heatran\n|-damage|p1a: Heatran|62\/100\n|\n|-heal|p1a: Heatran|68\/100|[from] item: Leftovers\n|upkeep\n|turn|13\n|inactive|thesecondbest has 135 seconds left.|\n|switch|p2a: Alakazam|Alakazam, F|100\/100\n|move|p1a: Heatran|Stealth Rock|p2a: Alakazam\n|-sidestart|p2: thesecondbest|move: Stealth Rock\n|\n|-heal|p1a: Heatran|74\/100|[from] item: Leftovers\n|upkeep\n|turn|14|\n|switch|p1a: Chansey|Chansey, F|100\/100\n|-damage|p1a: Chansey|88\/100|[from] Stealth Rock\n|move|p2a: Alakazam|Focus Blast|p1a: Chansey\n|-supereffective|p1a: Chansey\n|-damage|p1a: Chansey|61\/100\n|-unboost|p1a: Chansey|spd|1\n|\n|upkeep\n|turn|15|\n|move|p2a: Alakazam|Psychic|p1a: Chansey\n|-damage|p1a: Chansey|30\/100\n|move|p1a: Chansey|Soft-Boiled|p1a: Chansey\n|-heal|p1a: Chansey|80\/100\n|\n|upkeep\n|turn|16|\n|switch|p2a: Kartana|Kartana|52\/100\n|-damage|p2a: Kartana|39\/100|[from] Spikes\n|-damage|p2a: Kartana|33\/100|[from] Stealth Rock\n|move|p1a: Chansey|Thunder Wave|p2a: Kartana|[miss]\n|-miss|p1a: Chansey|p2a: Kartana\n|\n|-fieldend|move: Psychic Terrain\n|upkeep\n|turn|17|\n|switch|p1a: Venusaur|Venusaur-Mega, M|91\/100\n|-damage|p1a: Venusaur|79\/100|[from] Stealth Rock\n|move|p2a: Kartana|Knock Off|p1a: Venusaur\n|-damage|p1a: Venusaur|63\/100\n|\n|upkeep\n|turn|18|\n|move|p2a: Kartana|Knock Off|p1a: Venusaur\n|-damage|p1a: Venusaur|45\/100\n|move|p1a: Venusaur|Synthesis|p1a: Venusaur\n|-heal|p1a: Venusaur|95\/100\n|\n|upkeep\n|turn|19|\n|move|p2a: Kartana|Knock Off|p1a: Venusaur\n|-damage|p1a: Venusaur|79\/100\n|move|p1a: Venusaur|Hidden Power|p2a: Kartana\n|-supereffective|p2a: Kartana\n|-damage|p2a: Kartana|0 fnt\n|faint|p2a: Kartana\n|\n|upkeep|\n|switch|p2a: Tapu Lele|Tapu Lele|88\/100\n|-damage|p2a: Tapu Lele|76\/100|[from] Stealth Rock\n|-damage|p2a: Tapu Lele|63\/100|[from] Spikes\n|-fieldstart|move: Psychic Terrain|[from] ability: Psychic Surge|[of] p2a: Tapu Lele\n|turn|20|\n|switch|p1a: Skarmory|Skarmory, M|21\/100\n|-damage|p1a: Skarmory|9\/100|[from] Stealth Rock\n|move|p2a: Tapu Lele|Psyshock|p1a: Skarmory\n|-resisted|p1a: Skarmory\n|-damage|p1a: Skarmory|0 fnt\n|faint|p1a: Skarmory\n|\n|upkeep|\n|switch|p1a: Bisharp|Bisharp, M|79\/100\n|-damage|p1a: Bisharp|73\/100|[from] Stealth Rock\n|turn|21\n|inactive|thesecondbest has 135 seconds left.\n|inactive|thesecondbest has 120 seconds left.|\n|switch|p2a: Magearna|Magearna|83\/100\n|-damage|p2a: Magearna|77\/100|[from] Stealth Rock\n|-damage|p2a: Magearna|64\/100|[from] Spikes\n|move|p1a: Bisharp|Iron Head|p2a: Magearna\n|-damage|p2a: Magearna|26\/100\n|\n|-heal|p1a: Bisharp|79\/100|[from] item: Leftovers\n|upkeep\n|turn|22|\n|move|p1a: Bisharp|Iron Head|p2a: Magearna\n|-damage|p2a: Magearna|0 fnt\n|faint|p2a: Magearna\n|\n|-heal|p1a: Bisharp|85\/100|[from] item: Leftovers\n|upkeep\n|inactive|thesecondbest has 135 seconds left.|\n|switch|p2a: Greninja|Greninja, M|45\/100\n|-damage|p2a: Greninja|32\/100|[from] Stealth Rock\n|-damage|p2a: Greninja|20\/100|[from] Spikes\n|turn|23\n|inactive|Moskito Cup has 135 seconds left.|\n|switch|p1a: Chansey|Chansey, F|80\/100\n|-damage|p1a: Chansey|68\/100|[from] Stealth Rock\n|move|p2a: Greninja|Spikes|p1a: Chansey\n|-sidestart|p1: Moskito Cup|Spikes\n|\n|upkeep\n|turn|24|\n|switch|p2a: Alakazam|Alakazam, F|100\/100\n|move|p1a: Chansey|Soft-Boiled|p1a: Chansey\n|-heal|p1a: Chansey|100\/100\n|\n|-fieldend|move: Psychic Terrain\n|upkeep\n|turn|25|\n|switch|p2a: Greninja|Greninja, M|20\/100\n|-damage|p2a: Greninja|8\/100|[from] Spikes\n|-damage|p2a: Greninja|0 fnt|[from] Stealth Rock\n|faint|p2a: Greninja\n|move|p1a: Chansey|Thunder Wave|p2: Greninja|[notarget]\n|-notarget\n|\n|upkeep|\n|switch|p2a: Tapu Lele|Tapu Lele|63\/100\n|-damage|p2a: Tapu Lele|51\/100|[from] Stealth Rock\n|-damage|p2a: Tapu Lele|38\/100|[from] Spikes\n|-fieldstart|move: Psychic Terrain|[from] ability: Psychic Surge|[of] p2a: Tapu Lele\n|turn|26\n|inactive|Moskito Cup has 135 seconds left.|\n|switch|p1a: Bisharp|Bisharp, M|85\/100\n|-damage|p1a: Bisharp|73\/100|[from] Spikes\n|-damage|p1a: Bisharp|67\/100|[from] Stealth Rock\n|move|p2a: Tapu Lele|Calm Mind|p2a: Tapu Lele\n|-boost|p2a: Tapu Lele|spa|1\n|-boost|p2a: Tapu Lele|spd|1\n|\n|-heal|p1a: Bisharp|73\/100|[from] item: Leftovers\n|upkeep\n|turn|27|\n|switch|p1a: Heatran|Heatran, F|74\/100\n|-damage|p1a: Heatran|62\/100|[from] Stealth Rock\n|-damage|p1a: Heatran|50\/100|[from] Spikes\n|move|p2a: Tapu Lele|Moonblast|p1a: Heatran\n|-resisted|p1a: Heatran\n|-damage|p1a: Heatran|34\/100\n|-unboost|p1a: Heatran|spa|1\n|\n|-heal|p1a: Heatran|40\/100|[from] item: Leftovers\n|upkeep\n|turn|28|\n|-zpower|p2a: Tapu Lele\n|move|p2a: Tapu Lele|Shattered Psyche|p1a: Heatran|[zeffect]\n|-resisted|p1a: Heatran\n|-damage|p1a: Heatran|0 fnt\n|faint|p1a: Heatran\n|\n|upkeep|\n|switch|p1a: Chansey|Chansey, F|100\/100\n|-damage|p1a: Chansey|88\/100|[from] Spikes\n|-damage|p1a: Chansey|76\/100|[from] Stealth Rock\n|turn|29|\n|move|p2a: Tapu Lele|Psyshock|p1a: Chansey\n|-damage|p1a: Chansey|18\/100\n|move|p1a: Chansey|Seismic Toss|p2a: Tapu Lele\n|-damage|p2a: Tapu Lele|3\/100\n|\n|upkeep\n|turn|30|\n|move|p2a: Tapu Lele|Psyshock|p1a: Chansey\n|-damage|p1a: Chansey|0 fnt\n|faint|p1a: Chansey\n|\n|-fieldend|move: Psychic Terrain\n|upkeep|\n|switch|p1a: Bisharp|Bisharp, M|73\/100\n|-damage|p1a: Bisharp|67\/100|[from] Stealth Rock\n|-damage|p1a: Bisharp|55\/100|[from] Spikes\n|turn|31|\n|move|p1a: Bisharp|Sucker Punch|p2a: Tapu Lele|[still]\n|-fail|p1a: Bisharp\n|move|p2a: Tapu Lele|Calm Mind|p2a: Tapu Lele\n|-boost|p2a: Tapu Lele|spa|1\n|-boost|p2a: Tapu Lele|spd|1\n|\n|-heal|p1a: Bisharp|61\/100|[from] item: Leftovers\n|upkeep\n|turn|32|\n|move|p1a: Bisharp|Sucker Punch|p2a: Tapu Lele|[still]\n|-fail|p1a: Bisharp\n|move|p2a: Tapu Lele|Calm Mind|p2a: Tapu Lele\n|-boost|p2a: Tapu Lele|spa|1\n|-boost|p2a: Tapu Lele|spd|1\n|\n|-heal|p1a: Bisharp|67\/100|[from] item: Leftovers\n|upkeep\n|turn|33|\n|move|p1a: Bisharp|Sucker Punch|p2a: Tapu Lele\n|-damage|p2a: Tapu Lele|0 fnt\n|faint|p2a: Tapu Lele\n|\n|-heal|p1a: Bisharp|73\/100|[from] item: Leftovers\n|upkeep|\n|switch|p2a: Alakazam|Alakazam, F|100\/100\n|turn|34|\n|-mega|p2a: Alakazam|Alakazam|Alakazite\n|detailschange|p2a: Alakazam|Alakazam-Mega, F\n|-ability|p2a: Alakazam|Defiant|[from] ability: Trace|[of] p1a: Bisharp\n|move|p1a: Bisharp|Sucker Punch|p2a: Alakazam\n|-supereffective|p2a: Alakazam\n|-crit|p2a: Alakazam\n|-damage|p2a: Alakazam|0 fnt\n|faint|p2a: Alakazam\n|\n|win|Moskito Cup\n|raw|Moskito Cup's rating: 2015 &rarr; <strong>2028<\/strong><br \/>(+13 for winning)\n|raw|thesecondbest's rating: 1900 &rarr; <strong>1886<\/strong><br \/>(-14 for losing)\n|l|\u2606thesecondbest\n|c|\u2606Moskito Cup|\/log Moskito Cup made this room public.\n","inputlog":null,"uploadtime":1514274028,"views":254,"p1id":"moskitocup","p2id":"thesecondbest","formatid":"gen7ou","rating":1886,"private":0,"password":null}