{"id":"gen7randombattle-1583859716","p1":"GoofyGoobDoGoo","p2":"firepunch917","format":"gen7randombattle","log":"|j|\u2606GoofyGoobDoGoo\n|j|\u2606firepunch917\n|t:|1653649670\n|gametype|singles\n|player|p1|GoofyGoobDoGoo|misty|1660\n|player|p2|firepunch917|169|1803\n|teamsize|p1|6\n|teamsize|p2|6\n|gen|7\n|tier|[Gen 7] Random Battle\n|rated|\n|rule|Sleep Clause Mod: Limit one foe put to sleep\n|rule|HP Percentage Mod: HP is shown in percentages\n|\n|t:|1653649670\n|start\n|switch|p1a: Starmie|Starmie, L82|233\/233\n|switch|p2a: Scizor|Scizor, L80, M|243\/243\n|turn|1\n|\n|t:|1653649680\n|switch|p1a: Marshadow|Marshadow, L76|262\/262\n|switch|p2a: Ribombee|Ribombee, L84, M|238\/238\n|\n|upkeep\n|turn|2\n|inactive|Battle timer is ON: inactive players will automatically lose when time's up. (requested by firepunch917)\n|\n|t:|1653649715\n|move|p2a: Ribombee|Moonblast|p1a: Marshadow\n|-supereffective|p1a: Marshadow\n|-damage|p1a: Marshadow|34\/262\n|-zpower|p1a: Marshadow\n|move|p1a: Marshadow|Soul-Stealing 7-Star Strike|p2a: Ribombee|[zeffect]\n|-damage|p2a: Ribombee|0 fnt\n|faint|p2a: Ribombee\n|\n|upkeep\n|inactive|firepunch917 has 120 seconds left.\n|\n|t:|1653649768\n|switch|p2a: Scizor|Scizor, L80, M|243\/243\n|turn|3\n|\n|t:|1653649773\n|switch|p1a: Zebstrika|Zebstrika, L88, F|275\/275\n|detailschange|p2a: Scizor|Scizor-Mega, L80, M\n|-mega|p2a: Scizor|Scizor|Scizorite\n|move|p2a: Scizor|Bullet Punch|p1a: Zebstrika\n|-resisted|p1a: Zebstrika\n|-damage|p1a: Zebstrika|225\/275\n|\n|upkeep\n|turn|4\n|\n|t:|1653649780\n|switch|p2a: Victini|Victini, L80|291\/291\n|move|p1a: Zebstrika|Overheat|p2a: Victini\n|-resisted|p2a: Victini\n|-crit|p2a: Victini\n|-damage|p2a: Victini|249\/291\n|-unboost|p1a: Zebstrika|spa|2\n|\n|upkeep\n|turn|5\n|inactive|firepunch917 has 120 seconds left.\n|\n|t:|1653649789\n|move|p1a: Zebstrika|Volt Switch|p2a: Victini\n|-damage|p2a: Victini|228\/291\n|\n|t:|1653649795\n|switch|p1a: Starmie|Starmie, L82|233\/233\n|move|p2a: Victini|U-turn|p1a: Starmie\n|-supereffective|p1a: Starmie\n|-damage|p1a: Starmie|139\/233\n|\n|t:|1653649803\n|switch|p2a: Scizor|Scizor-Mega, L80, M|243\/243\n|\n|-heal|p1a: Starmie|153\/233|[from] item: Leftovers\n|upkeep\n|turn|6\n|\n|t:|1653649815\n|switch|p1a: Marshadow|Marshadow, L76|34\/262\n|move|p2a: Scizor|Knock Off|p1a: Marshadow\n|-damage|p1a: Marshadow|0 fnt\n|faint|p1a: Marshadow\n|\n|upkeep\n|\n|t:|1653649822\n|switch|p1a: Zebstrika|Zebstrika, L88, F|225\/275\n|turn|7\n|\n|t:|1653649827\n|switch|p2a: Cresselia|Cresselia, L84, F|339\/339\n|move|p1a: Zebstrika|Wild Charge|p2a: Cresselia\n|-damage|p2a: Cresselia|248\/339\n|-damage|p1a: Zebstrika|202\/275|[from] Recoil\n|\n|-heal|p2a: Cresselia|269\/339|[from] item: Leftovers\n|upkeep\n|turn|8\n|\n|t:|1653649831\n|move|p1a: Zebstrika|Volt Switch|p2a: Cresselia\n|-damage|p2a: Cresselia|212\/339\n|\n|t:|1653649839\n|switch|p1a: Hoopa|Hoopa-Unbound, L82|265\/265\n|move|p2a: Cresselia|Toxic|p1a: Hoopa|[miss]\n|-miss|p2a: Cresselia|p1a: Hoopa\n|\n|-heal|p2a: Cresselia|233\/339|[from] item: Leftovers\n|upkeep\n|turn|9\n|\n|t:|1653649849\n|move|p1a: Hoopa|Hyperspace Fury|p2a: Cresselia\n|-supereffective|p2a: Cresselia\n|-damage|p2a: Cresselia|0 fnt\n|-unboost|p1a: Hoopa|def|1\n|faint|p2a: Cresselia\n|\n|upkeep\n|\n|t:|1653649857\n|switch|p2a: Krookodile|Krookodile, L82, F|290\/290\n|-ability|p2a: Krookodile|Intimidate|boost\n|-unboost|p1a: Hoopa|atk|1\n|turn|10\n|\n|t:|1653649878\n|switch|p1a: Oricorio|Oricorio-Pom-Pom, L88, F|275\/275\n|move|p2a: Krookodile|Stealth Rock|p1a: Oricorio\n|-sidestart|p1: GoofyGoobDoGoo|move: Stealth Rock\n|\n|upkeep\n|turn|11\n|\n|t:|1653649892\n|switch|p2a: Victini|Victini, L80|228\/291\n|move|p1a: Oricorio|Hurricane|p2a: Victini\n|-damage|p2a: Victini|146\/291\n|\n|upkeep\n|turn|12\n|\n|t:|1653649900\n|move|p1a: Oricorio|Hurricane|p2a: Victini\n|-damage|p2a: Victini|64\/291\n|move|p2a: Victini|Zen Headbutt|p1a: Oricorio\n|-damage|p1a: Oricorio|188\/275\n|\n|-heal|p1a: Oricorio|205\/275|[from] item: Leftovers\n|upkeep\n|turn|13\n|\n|t:|1653649907\n|move|p1a: Oricorio|Revelation Dance|p2a: Victini\n|-damage|p2a: Victini|0 fnt\n|faint|p2a: Victini\n|\n|-heal|p1a: Oricorio|222\/275|[from] item: Leftovers\n|upkeep\n|\n|t:|1653649911\n|switch|p2a: Krookodile|Krookodile, L82, F|290\/290\n|-ability|p2a: Krookodile|Intimidate|boost\n|-unboost|p1a: Oricorio|atk|1\n|turn|14\n|\n|t:|1653649914\n|move|p1a: Oricorio|Hurricane|p2a: Krookodile\n|-damage|p2a: Krookodile|122\/290\n|move|p2a: Krookodile|Knock Off|p1a: Oricorio\n|-damage|p1a: Oricorio|58\/275\n|-enditem|p1a: Oricorio|Leftovers|[from] move: Knock Off|[of] p2a: Krookodile\n|-damage|p2a: Krookodile|93\/290|[from] item: Life Orb\n|\n|upkeep\n|turn|15\n|\n|t:|1653649921\n|move|p1a: Oricorio|Hurricane|p2a: Krookodile\n|-damage|p2a: Krookodile|0 fnt\n|faint|p2a: Krookodile\n|\n|upkeep\n|\n|t:|1653649924\n|switch|p2a: Scizor|Scizor-Mega, L80, M|243\/243\n|turn|16\n|\n|t:|1653649927\n|move|p1a: Oricorio|Roost|p1a: Oricorio\n|-heal|p1a: Oricorio|196\/275\n|-singleturn|p1a: Oricorio|move: Roost\n|move|p2a: Scizor|Swords Dance|p2a: Scizor\n|-boost|p2a: Scizor|atk|2\n|-activate|p1a: Oricorio|ability: Dancer\n|move|p1a: Oricorio|Swords Dance|p1a: Oricorio|[from]ability: Dancer\n|-boost|p1a: Oricorio|atk|2\n|\n|upkeep\n|turn|17\n|\n|t:|1653649935\n|move|p1a: Oricorio|Hurricane|p2a: Scizor\n|-damage|p2a: Scizor|117\/243\n|move|p2a: Scizor|Swords Dance|p2a: Scizor\n|-boost|p2a: Scizor|atk|2\n|-activate|p1a: Oricorio|ability: Dancer\n|move|p1a: Oricorio|Swords Dance|p1a: Oricorio|[from]ability: Dancer\n|-boost|p1a: Oricorio|atk|2\n|\n|upkeep\n|turn|18\n|\n|t:|1653649943\n|move|p2a: Scizor|Bullet Punch|p1a: Oricorio\n|-resisted|p1a: Oricorio\n|-damage|p1a: Oricorio|50\/275\n|move|p1a: Oricorio|Hurricane|p2a: Scizor|[miss]\n|-miss|p1a: Oricorio|p2a: Scizor\n|\n|upkeep\n|turn|19\n|\n|t:|1653649948\n|move|p2a: Scizor|Bullet Punch|p1a: Oricorio\n|-resisted|p1a: Oricorio\n|-damage|p1a: Oricorio|0 fnt\n|faint|p1a: Oricorio\n|\n|upkeep\n|\n|t:|1653649953\n|switch|p1a: Zebstrika|Zebstrika, L88, F|202\/275\n|-damage|p1a: Zebstrika|168\/275|[from] Stealth Rock\n|turn|20\n|\n|t:|1653649956\n|move|p2a: Scizor|Bullet Punch|p1a: Zebstrika\n|-resisted|p1a: Zebstrika\n|-damage|p1a: Zebstrika|8\/275\n|move|p1a: Zebstrika|Overheat|p2a: Scizor|[miss]\n|-miss|p1a: Zebstrika|p2a: Scizor\n|\n|upkeep\n|turn|21\n|\n|t:|1653649961\n|move|p2a: Scizor|Bullet Punch|p1a: Zebstrika\n|-resisted|p1a: Zebstrika\n|-damage|p1a: Zebstrika|0 fnt\n|faint|p1a: Zebstrika\n|\n|upkeep\n|\n|t:|1653649971\n|switch|p1a: Starmie|Starmie, L82|153\/233\n|-damage|p1a: Starmie|124\/233|[from] Stealth Rock\n|turn|22\n|\n|t:|1653649974\n|move|p1a: Starmie|Hydro Pump|p2a: Scizor\n|-damage|p2a: Scizor|5\/243\n|move|p2a: Scizor|Roost|p2a: Scizor\n|-heal|p2a: Scizor|127\/243\n|-singleturn|p2a: Scizor|move: Roost\n|\n|-heal|p1a: Starmie|138\/233|[from] item: Leftovers\n|upkeep\n|turn|23\n|\n|t:|1653649992\n|move|p2a: Scizor|Bullet Punch|p1a: Starmie\n|-resisted|p1a: Starmie\n|-damage|p1a: Starmie|6\/233\n|move|p1a: Starmie|Hydro Pump|p2a: Scizor\n|-damage|p2a: Scizor|0 fnt\n|faint|p2a: Scizor\n|\n|-heal|p1a: Starmie|20\/233|[from] item: Leftovers\n|upkeep\n|\n|t:|1653649995\n|switch|p2a: Gorebyss|Gorebyss, L88, M|239\/239\n|turn|24\n|\n|t:|1653650000\n|move|p1a: Starmie|Rapid Spin|p2a: Gorebyss\n|-damage|p2a: Gorebyss|229\/239\n|-sideend|p1: GoofyGoobDoGoo|Stealth Rock|[from] move: Rapid Spin|[of] p1a: Starmie\n|move|p2a: Gorebyss|Shell Smash|p2a: Gorebyss\n|-unboost|p2a: Gorebyss|def|1\n|-unboost|p2a: Gorebyss|spd|1\n|-boost|p2a: Gorebyss|atk|2\n|-boost|p2a: Gorebyss|spa|2\n|-boost|p2a: Gorebyss|spe|2\n|-enditem|p2a: Gorebyss|White Herb\n|-clearnegativeboost|p2a: Gorebyss|[silent]\n|\n|-heal|p1a: Starmie|34\/233|[from] item: Leftovers\n|upkeep\n|turn|25\n|\n|t:|1653650003\n|move|p2a: Gorebyss|Hidden Power|p1a: Starmie\n|-supereffective|p1a: Starmie\n|-damage|p1a: Starmie|0 fnt\n|faint|p1a: Starmie\n|\n|upkeep\n|\n|t:|1653650010\n|switch|p1a: Hoopa|Hoopa-Unbound, L82|265\/265\n|turn|26\n|\n|t:|1653650021\n|move|p2a: Gorebyss|Hydro Pump|p1a: Hoopa\n|-damage|p1a: Hoopa|28\/265\n|move|p1a: Hoopa|Psychic|p2a: Gorebyss\n|-damage|p2a: Gorebyss|73\/239\n|\n|upkeep\n|turn|27\n|\n|t:|1653650027\n|move|p2a: Gorebyss|Ice Beam|p1a: Hoopa\n|-damage|p1a: Hoopa|0 fnt\n|faint|p1a: Hoopa\n|\n|upkeep\n|\n|t:|1653650033\n|switch|p1a: Vivillon|Vivillon-Continental, L86, M|277\/277\n|turn|28\n|\n|t:|1653650037\n|move|p2a: Gorebyss|Ice Beam|p1a: Vivillon\n|-supereffective|p1a: Vivillon\n|-damage|p1a: Vivillon|0 fnt\n|faint|p1a: Vivillon\n|\n|win|firepunch917\n|raw|GoofyGoobDoGoo's rating: 1660 &rarr; <strong>1648<\/strong><br \/>(-12 for losing)\n|raw|firepunch917's rating: 1803 &rarr; <strong>1815<\/strong><br \/>(+12 for winning)\n|l|\u2606GoofyGoobDoGoo\n|j|\u2606GoofyGoobDoGoo\n|player|p1|GoofyGoobDoGoo|misty\n","inputlog":">version 2fb0b47ab463e8a2498db9c354e64d4afc199178\n>start {\"formatid\":\"gen7randombattle\",\"seed\":[21512,36454,5044,3742],\"rated\":\"Rated battle\"}\n>player p1 {\"name\":\"GoofyGoobDoGoo\",\"avatar\":\"misty\",\"rating\":1660,\"seed\":[31181,6632,39892,42106]}\n>player p2 {\"name\":\"firepunch917\",\"avatar\":\"169\",\"rating\":1803,\"seed\":[33194,26276,64869,35615]}\n>p1 switch 4\n>p2 switch 6\n>p1 move spectralthief zmove\n>p2 move moonblast\n>p2 switch 6\n>p1 switch 3\n>p2 move bulletpunch mega\n>p1 move overheat\n>p2 switch 2\n>p1 move voltswitch\n>p2 move uturn\n>p1 switch 4\n>p2 switch 2\n>p1 switch 3\n>p2 move knockoff\n>p1 switch 4\n>p1 move wildcharge\n>p2 switch 5\n>p1 move voltswitch\n>p2 move toxic\n>p1 switch 2\n>p1 move hyperspacefury\n>p2 move toxic\n>p2 switch 3\n>p1 switch 6\n>p2 move stealthrock\n>p1 move hurricane\n>p2 switch 2\n>p1 move hurricane\n>p2 move zenheadbutt\n>p1 move revelationdance\n>p2 move vcreate\n>p2 switch 2\n>p1 move hurricane\n>p2 move knockoff\n>p1 move hurricane\n>p2 move knockoff\n>p2 switch 5\n>p1 move roost\n>p2 move swordsdance\n>p1 move hurricane\n>p2 move swordsdance\n>p1 move hurricane\n>p2 move bulletpunch\n>p1 move roost\n>p2 move bulletpunch\n>p1 switch 2\n>p1 move overheat\n>p2 move bulletpunch\n>p1 move wildcharge\n>p2 move bulletpunch\n>p1 switch 3\n>p1 move hydropump\n>p2 move roost\n>p1 move hydropump\n>p2 move bulletpunch\n>p2 switch 4\n>p1 move rapidspin\n>p2 move shellsmash\n>p1 move psyshock\n>p2 move hiddenpower\n>p1 switch 6\n>p1 move psychic\n>p2 move hydropump\n>p1 move psychic\n>p2 move icebeam\n>p1 switch 5\n>p1 move hurricane\n>p2 move icebeam","uploadtime":1653650062,"views":6,"p1id":"goofygoobdogoo","p2id":"firepunch917","formatid":"gen7randombattle","rating":1648,"private":0,"password":null}