{"id":"gen7randombattle-707150212","p1":"TheDarkSideOfMe","p2":"wolfwarrior","format":"gen7randombattle","log":"|j|\u2606TheDarkSideOfMe\n|j|\u2606wolfwarrior\n|player|p1|TheDarkSideOfMe|170\n|player|p2|wolfwarrior|162\n|teamsize|p1|6\n|teamsize|p2|6\n|gametype|singles\n|gen|7\n|tier|[Gen 7] Random Battle\n|rated|\n|seed|55412,48552,63275,31606\n|rule|Sleep Clause Mod: Limit one foe put to sleep\n|rule|HP Percentage Mod: HP is shown in percentages\n|\n|start\n|switch|p1a: Minun|Minun, L83, F|235\/235\n|switch|p2a: Primeape|Primeape, L83, F|244\/244\n|turn|1\n|\n|move|p2a: Primeape|Encore|p1a: Minun\n|-fail|p2a: Primeape\n|move|p1a: Minun|Substitute|p1a: Minun\n|-start|p1a: Minun|Substitute\n|-damage|p1a: Minun|177\/235\n|\n|-heal|p1a: Minun|191\/235|[from] item: Leftovers\n|upkeep\n|turn|2\n|\n|move|p2a: Primeape|Encore|p1a: Minun\n|-start|p1a: Minun|Encore\n|move|p1a: Minun|Substitute|p1a: Minun\n|-fail|p1a: Minun|move: Substitute\n|\n|-heal|p1a: Minun|205\/235|[from] item: Leftovers\n|upkeep\n|turn|3\n|\n|switch|p1a: Grumpig|Grumpig, L83, F|268\/268\n|move|p2a: Primeape|Earthquake|p1a: Grumpig\n|-damage|p1a: Grumpig|147\/268\n|-damage|p2a: Primeape|220\/244|[from] item: Life Orb\n|\n|-heal|p1a: Grumpig|163\/268|[from] item: Leftovers\n|upkeep\n|turn|4\n|\n|switch|p2a: Mew|Mew, L75|274\/274\n|move|p1a: Grumpig|Psychic|p2a: Mew\n|-resisted|p2a: Mew\n|-damage|p2a: Mew|233\/274\n|\n|-heal|p2a: Mew|250\/274|[from] item: Leftovers\n|-heal|p1a: Grumpig|179\/268|[from] item: Leftovers\n|upkeep\n|turn|5\n|\n|move|p2a: Mew|Taunt|p1a: Grumpig\n|-start|p1a: Grumpig|move: Taunt\n|cant|p1a: Grumpig|move: Taunt|Light Screen\n|\n|-heal|p2a: Mew|267\/274|[from] item: Leftovers\n|-heal|p1a: Grumpig|195\/268|[from] item: Leftovers\n|upkeep\n|turn|6\n|\n|switch|p1a: Parasect|Parasect, L83, M|235\/235\n|move|p2a: Mew|Nasty Plot|p2a: Mew\n|-boost|p2a: Mew|spa|2\n|\n|-heal|p2a: Mew|274\/274|[from] item: Leftovers\n|upkeep\n|turn|7\n|\n|move|p2a: Mew|Psyshock|p1a: Parasect\n|-damage|p1a: Parasect|78\/235\n|move|p1a: Parasect|Leech Life|p2a: Mew\n|-supereffective|p2a: Mew\n|-damage|p2a: Mew|116\/274\n|-heal|p1a: Parasect|157\/235|[from] drain|[of] p2a: Mew\n|\n|-heal|p2a: Mew|133\/274|[from] item: Leftovers\n|-heal|p1a: Parasect|171\/235|[from] item: Leftovers\n|upkeep\n|turn|8\n|\n|move|p2a: Mew|Psyshock|p1a: Parasect\n|-damage|p1a: Parasect|27\/235\n|move|p1a: Parasect|Leech Life|p2a: Mew\n|-supereffective|p2a: Mew\n|-damage|p2a: Mew|0 fnt\n|-heal|p1a: Parasect|94\/235|[from] drain|[of] p2a: Mew\n|faint|p2a: Mew\n|\n|-heal|p1a: Parasect|108\/235|[from] item: Leftovers\n|upkeep\n|\n|switch|p2a: Lanturn|Lanturn, L83, M|343\/343\n|turn|9\n|\n|move|p2a: Lanturn|Volt Switch|p1a: Parasect\n|-resisted|p1a: Parasect\n|-damage|p1a: Parasect|65\/235\n|-damage|p2a: Lanturn|309\/343|[from] item: Life Orb\n|\n|switch|p2a: Porygon2|Porygon2, L79|264\/264|[from]move: Volt Switch\n|-ability|p2a: Porygon2|Download|boost\n|-boost|p2a: Porygon2|spa|1\n|move|p1a: Parasect|Spore|p2a: Porygon2\n|-status|p2a: Porygon2|slp\n|\n|-heal|p1a: Parasect|79\/235|[from] item: Leftovers\n|upkeep\n|turn|10\n|\n|cant|p2a: Porygon2|slp\n|move|p1a: Parasect|Knock Off|p2a: Porygon2\n|-damage|p2a: Porygon2|221\/264 slp\n|-enditem|p2a: Porygon2|Eviolite|[from] move: Knock Off|[of] p1a: Parasect\n|\n|-heal|p1a: Parasect|93\/235|[from] item: Leftovers\n|upkeep\n|turn|11\n|\n|cant|p2a: Porygon2|slp\n|move|p1a: Parasect|Leech Seed|p2a: Porygon2\n|-start|p2a: Porygon2|move: Leech Seed\n|\n|-heal|p1a: Parasect|107\/235|[from] item: Leftovers\n|-damage|p2a: Porygon2|188\/264 slp|[from] Leech Seed|[of] p1a: Parasect\n|-heal|p1a: Parasect|140\/235|[silent]\n|upkeep\n|turn|12\n|\n|switch|p1a: Grumpig|Grumpig, L83, F|195\/268\n|cant|p2a: Porygon2|slp\n|\n|-heal|p1a: Grumpig|211\/268|[from] item: Leftovers\n|-damage|p2a: Porygon2|155\/264 slp|[from] Leech Seed|[of] p1a: Grumpig\n|-heal|p1a: Grumpig|244\/268|[silent]\n|upkeep\n|turn|13\n|\n|move|p1a: Grumpig|Light Screen|p1a: Grumpig\n|-sidestart|p1: TheDarkSideOfMe|move: Light Screen\n|-curestatus|p2a: Porygon2|slp|[msg]\n|move|p2a: Porygon2|Tri Attack|p1a: Grumpig\n|-damage|p1a: Grumpig|190\/268\n|\n|-heal|p1a: Grumpig|206\/268|[from] item: Leftovers\n|-damage|p2a: Porygon2|122\/264|[from] Leech Seed|[of] p1a: Grumpig\n|-heal|p1a: Grumpig|239\/268|[silent]\n|upkeep\n|turn|14\n|\n|move|p1a: Grumpig|Psychic|p2a: Porygon2\n|-damage|p2a: Porygon2|37\/264\n|-unboost|p2a: Porygon2|spd|1\n|move|p2a: Porygon2|Recover|p2a: Porygon2\n|-heal|p2a: Porygon2|169\/264\n|\n|-heal|p1a: Grumpig|255\/268|[from] item: Leftovers\n|-damage|p2a: Porygon2|136\/264|[from] Leech Seed|[of] p1a: Grumpig\n|-heal|p1a: Grumpig|268\/268|[silent]\n|upkeep\n|turn|15\n|\n|switch|p2a: Lanturn|Lanturn, L83, M|309\/343\n|move|p1a: Grumpig|Psychic|p2a: Lanturn\n|-damage|p2a: Lanturn|213\/343\n|\n|upkeep\n|turn|16\n|\n|move|p1a: Grumpig|Toxic|p2a: Lanturn\n|-status|p2a: Lanturn|tox\n|move|p2a: Lanturn|Toxic|p1a: Grumpig\n|-status|p1a: Grumpig|tox\n|\n|-damage|p1a: Grumpig|252\/268 tox|[from] psn\n|-damage|p2a: Lanturn|192\/343 tox|[from] psn\n|upkeep\n|turn|17\n|\n|move|p1a: Grumpig|Psychic|p2a: Lanturn\n|-damage|p2a: Lanturn|87\/343 tox\n|move|p2a: Lanturn|Volt Switch|p1a: Grumpig\n|-damage|p1a: Grumpig|217\/268 tox\n|-damage|p2a: Lanturn|53\/343 tox|[from] item: Life Orb\n|\n|switch|p2a: Porygon2|Porygon2, L79|136\/264|[from]move: Volt Switch\n|-ability|p2a: Porygon2|Download|boost\n|-boost|p2a: Porygon2|atk|1\n|\n|-heal|p1a: Grumpig|233\/268 tox|[from] item: Leftovers\n|-damage|p1a: Grumpig|201\/268 tox|[from] psn\n|-sideend|p1: TheDarkSideOfMe|move: Light Screen\n|upkeep\n|turn|18\n|\n|move|p1a: Grumpig|Heal Bell|p1a: Grumpig\n|-activate|p1a: Grumpig|move: Heal Bell\n|-curestatus|p1a: Grumpig|tox|[msg]\n|move|p2a: Porygon2|Recover|p2a: Porygon2\n|-heal|p2a: Porygon2|264\/264\n|\n|-heal|p1a: Grumpig|217\/268|[from] item: Leftovers\n|upkeep\n|turn|19\n|\n|switch|p2a: Lanturn|Lanturn, L83, M|53\/343 tox\n|move|p1a: Grumpig|Toxic|p2a: Lanturn\n|-fail|p2a: Lanturn|tox\n|\n|-heal|p1a: Grumpig|233\/268|[from] item: Leftovers\n|-damage|p2a: Lanturn|32\/343 tox|[from] psn\n|upkeep\n|turn|20\n|\n|move|p1a: Grumpig|Light Screen|p1a: Grumpig\n|-sidestart|p1: TheDarkSideOfMe|move: Light Screen\n|move|p2a: Lanturn|Hydro Pump|p1a: Grumpig\n|-damage|p1a: Grumpig|180\/268\n|-damage|p2a: Lanturn|0 fnt|[from] item: Life Orb\n|faint|p2a: Lanturn\n|\n|-heal|p1a: Grumpig|196\/268|[from] item: Leftovers\n|upkeep\n|\n|switch|p2a: Primeape|Primeape, L83, F|220\/244\n|turn|21\n|\n|move|p2a: Primeape|Encore|p1a: Grumpig\n|-start|p1a: Grumpig|Encore\n|move|p1a: Grumpig|Light Screen|p1a: Grumpig\n|-fail|p1a: Grumpig\n|\n|-heal|p1a: Grumpig|212\/268|[from] item: Leftovers\n|upkeep\n|turn|22\n|\n|switch|p1a: Parasect|Parasect, L83, M|140\/235\n|move|p2a: Primeape|Ice Punch|p1a: Parasect\n|-supereffective|p1a: Parasect\n|-damage|p1a: Parasect|0 fnt\n|-damage|p2a: Primeape|196\/244|[from] item: Life Orb\n|faint|p1a: Parasect\n|\n|upkeep\n|\n|switch|p1a: Grumpig|Grumpig, L83, F|212\/268\n|turn|23\n|\n|switch|p2a: Porygon2|Porygon2, L79|264\/264\n|-ability|p2a: Porygon2|Download|boost\n|-boost|p2a: Porygon2|atk|1\n|move|p1a: Grumpig|Psychic|p2a: Porygon2\n|-damage|p2a: Porygon2|173\/264\n|\n|-heal|p1a: Grumpig|228\/268|[from] item: Leftovers\n|upkeep\n|turn|24\n|\n|move|p1a: Grumpig|Toxic|p2a: Porygon2\n|-status|p2a: Porygon2|tox\n|move|p2a: Porygon2|Tri Attack|p1a: Grumpig\n|-damage|p1a: Grumpig|193\/268\n|-status|p1a: Grumpig|frz\n|\n|-heal|p1a: Grumpig|209\/268 frz|[from] item: Leftovers\n|-damage|p2a: Porygon2|157\/264 tox|[from] psn\n|-sideend|p1: TheDarkSideOfMe|move: Light Screen\n|upkeep\n|turn|25\n|\n|-curestatus|p1a: Grumpig|frz|[msg]\n|move|p1a: Grumpig|Light Screen|p1a: Grumpig\n|-sidestart|p1: TheDarkSideOfMe|move: Light Screen\n|move|p2a: Porygon2|Recover|p2a: Porygon2\n|-heal|p2a: Porygon2|264\/264 tox\n|\n|-heal|p1a: Grumpig|225\/268|[from] item: Leftovers\n|-damage|p2a: Porygon2|232\/264 tox|[from] psn\n|upkeep\n|turn|26\n|\n|move|p1a: Grumpig|Psychic|p2a: Porygon2\n|-damage|p2a: Porygon2|144\/264 tox\n|move|p2a: Porygon2|Tri Attack|p1a: Grumpig\n|-damage|p1a: Grumpig|191\/268\n|-status|p1a: Grumpig|brn\n|\n|-heal|p1a: Grumpig|207\/268 brn|[from] item: Leftovers\n|-damage|p1a: Grumpig|191\/268 brn|[from] brn\n|-damage|p2a: Porygon2|96\/264 tox|[from] psn\n|upkeep\n|turn|27\n|\n|move|p1a: Grumpig|Heal Bell|p1a: Grumpig\n|-activate|p1a: Grumpig|move: Heal Bell\n|-curestatus|p1a: Grumpig|brn|[msg]\n|move|p2a: Porygon2|Tri Attack|p1a: Grumpig\n|-damage|p1a: Grumpig|158\/268\n|-status|p1a: Grumpig|par\n|\n|-heal|p1a: Grumpig|174\/268 par|[from] item: Leftovers\n|-damage|p2a: Porygon2|32\/264 tox|[from] psn\n|upkeep\n|turn|28\n|\n|move|p2a: Porygon2|Tri Attack|p1a: Grumpig\n|-damage|p1a: Grumpig|141\/268 par\n|move|p1a: Grumpig|Heal Bell|p1a: Grumpig\n|-activate|p1a: Grumpig|move: Heal Bell\n|-curestatus|p1a: Grumpig|par|[msg]\n|\n|-heal|p1a: Grumpig|157\/268|[from] item: Leftovers\n|-damage|p2a: Porygon2|0 fnt|[from] psn\n|upkeep\n|faint|p2a: Porygon2\n|\n|switch|p2a: Gardevoir|Gardevoir, L76, M|228\/228\n|-ability|p2a: Gardevoir|Thick Fat|[from] ability: Trace|[of] p1a: Grumpig\n|turn|29\n|\n|-mega|p2a: Gardevoir|Gardevoir|Gardevoirite\n|detailschange|p2a: Gardevoir|Gardevoir-Mega, L76, M\n|move|p2a: Gardevoir|Hyper Voice|p1a: Grumpig\n|-damage|p1a: Grumpig|100\/268\n|move|p1a: Grumpig|Toxic|p2a: Gardevoir\n|-status|p2a: Gardevoir|tox\n|\n|-heal|p1a: Grumpig|116\/268|[from] item: Leftovers\n|-damage|p2a: Gardevoir|214\/228 tox|[from] psn\n|-sideend|p1: TheDarkSideOfMe|move: Light Screen\n|upkeep\n|turn|30\n|\n|move|p2a: Gardevoir|Hyper Voice|p1a: Grumpig\n|-crit|p1a: Grumpig\n|-damage|p1a: Grumpig|0 fnt\n|faint|p1a: Grumpig\n|\n|-damage|p2a: Gardevoir|186\/228 tox|[from] psn\n|upkeep\n|\n|switch|p1a: Solrock|Solrock, L83|285\/285\n|turn|31\n|\n|move|p2a: Gardevoir|Hyper Voice|p1a: Solrock\n|-damage|p1a: Solrock|104\/285\n|move|p1a: Solrock|Light Screen|p1a: Solrock\n|-sidestart|p1: TheDarkSideOfMe|move: Light Screen\n|\n|-damage|p2a: Gardevoir|144\/228 tox|[from] psn\n|upkeep\n|turn|32\n|\n|move|p2a: Gardevoir|Hyper Voice|p1a: Solrock\n|-damage|p1a: Solrock|20\/285\n|move|p1a: Solrock|Morning Sun|p1a: Solrock\n|-heal|p1a: Solrock|162\/285\n|\n|-damage|p2a: Gardevoir|88\/228 tox|[from] psn\n|upkeep\n|turn|33\n|\n|move|p2a: Gardevoir|Taunt|p1a: Solrock\n|-start|p1a: Solrock|move: Taunt\n|cant|p1a: Solrock|move: Taunt|Reflect\n|\n|-damage|p2a: Gardevoir|18\/228 tox|[from] psn\n|upkeep\n|turn|34\n|\n|move|p2a: Gardevoir|Hyper Voice|p1a: Solrock\n|-damage|p1a: Solrock|71\/285\n|move|p1a: Solrock|Rock Slide|p2a: Gardevoir\n|-damage|p2a: Gardevoir|0 fnt\n|faint|p2a: Gardevoir\n|\n|upkeep\n|\n|switch|p2a: Primeape|Primeape, L83, F|196\/244\n|turn|35\n|\n|move|p2a: Primeape|Close Combat|p1a: Solrock\n|-damage|p1a: Solrock|0 fnt\n|-unboost|p2a: Primeape|def|1\n|-unboost|p2a: Primeape|spd|1\n|-damage|p2a: Primeape|172\/244|[from] item: Life Orb\n|faint|p1a: Solrock\n|\n|upkeep\n|\n|switch|p1a: Rotom|Rotom-Wash, L75|199\/199\n|turn|36\n|\n|switch|p2a: Xerneas|Xerneas, L73|304\/304\n|-ability|p2a: Xerneas|Fairy Aura\n|move|p1a: Rotom|Hydro Pump|p2a: Xerneas\n|-damage|p2a: Xerneas|235\/304\n|\n|upkeep\n|turn|37\n|inactive|Battle timer is ON: inactive players will automatically lose when time's up. (requested by wolfwarrior)\n|inactive|TheDarkSideOfMe has 135 seconds left.\n|\n|move|p2a: Xerneas|Thunderbolt|p1a: Rotom\n|-damage|p1a: Rotom|170\/199\n|move|p1a: Rotom|Volt Switch|p2a: Xerneas\n|-damage|p2a: Xerneas|193\/304\n|\n|switch|p1a: Minun|Minun, L83, F|205\/235|[from]move: Volt Switch\n|\n|-heal|p1a: Minun|219\/235|[from] item: Leftovers\n|upkeep\n|turn|38\n|\n|move|p1a: Minun|Encore|p2a: Xerneas\n|-start|p2a: Xerneas|Encore\n|move|p2a: Xerneas|Thunderbolt|p1a: Minun\n|-heal|p1a: Minun|235\/235|[from] ability: Volt Absorb|[of] p2a: Xerneas\n|\n|-sideend|p1: TheDarkSideOfMe|move: Light Screen\n|upkeep\n|turn|39\n|\n|switch|p2a: Primeape|Primeape, L83, F|172\/244\n|move|p1a: Minun|Substitute|p1a: Minun\n|-start|p1a: Minun|Substitute\n|-damage|p1a: Minun|177\/235\n|\n|-heal|p1a: Minun|191\/235|[from] item: Leftovers\n|upkeep\n|turn|40\n|\n|move|p2a: Primeape|Encore|p1a: Minun\n|-start|p1a: Minun|Encore\n|move|p1a: Minun|Substitute|p1a: Minun\n|-fail|p1a: Minun|move: Substitute\n|\n|-heal|p1a: Minun|205\/235|[from] item: Leftovers\n|upkeep\n|turn|41\n|\n|move|p2a: Primeape|Close Combat|p1a: Minun\n|-end|p1a: Minun|Substitute\n|-unboost|p2a: Primeape|def|1\n|-unboost|p2a: Primeape|spd|1\n|-damage|p2a: Primeape|148\/244|[from] item: Life Orb\n|move|p1a: Minun|Substitute|p1a: Minun\n|-start|p1a: Minun|Substitute\n|-damage|p1a: Minun|147\/235\n|\n|-heal|p1a: Minun|161\/235|[from] item: Leftovers\n|upkeep\n|turn|42\n|\n|move|p2a: Primeape|Close Combat|p1a: Minun\n|-end|p1a: Minun|Substitute\n|-unboost|p2a: Primeape|def|1\n|-unboost|p2a: Primeape|spd|1\n|-damage|p2a: Primeape|124\/244|[from] item: Life Orb\n|move|p1a: Minun|Substitute|p1a: Minun\n|-start|p1a: Minun|Substitute\n|-damage|p1a: Minun|103\/235\n|\n|-heal|p1a: Minun|117\/235|[from] item: Leftovers\n|-end|p1a: Minun|Encore\n|upkeep\n|turn|43\n|\n|move|p2a: Primeape|Encore|p1a: Minun\n|-start|p1a: Minun|Encore\n|move|p1a: Minun|Substitute|p1a: Minun\n|-fail|p1a: Minun|move: Substitute\n|\n|-heal|p1a: Minun|131\/235|[from] item: Leftovers\n|upkeep\n|turn|44\n|\n|move|p2a: Primeape|Close Combat|p1a: Minun\n|-end|p1a: Minun|Substitute\n|-unboost|p2a: Primeape|def|1\n|-unboost|p2a: Primeape|spd|1\n|-damage|p2a: Primeape|100\/244|[from] item: Life Orb\n|move|p1a: Minun|Substitute|p1a: Minun\n|-start|p1a: Minun|Substitute\n|-damage|p1a: Minun|73\/235\n|\n|-heal|p1a: Minun|87\/235|[from] item: Leftovers\n|upkeep\n|turn|45\n|\n|move|p2a: Primeape|Close Combat|p1a: Minun\n|-end|p1a: Minun|Substitute\n|-unboost|p2a: Primeape|def|1\n|-unboost|p2a: Primeape|spd|1\n|-damage|p2a: Primeape|76\/244|[from] item: Life Orb\n|move|p1a: Minun|Substitute|p1a: Minun\n|-start|p1a: Minun|Substitute\n|-damage|p1a: Minun|29\/235\n|\n|-heal|p1a: Minun|43\/235|[from] item: Leftovers\n|-end|p1a: Minun|Encore\n|upkeep\n|turn|46\n|\n|move|p2a: Primeape|Encore|p1a: Minun\n|-start|p1a: Minun|Encore\n|move|p1a: Minun|Substitute|p1a: Minun\n|-fail|p1a: Minun|move: Substitute\n|\n|-heal|p1a: Minun|57\/235|[from] item: Leftovers\n|upkeep\n|turn|47\n|inactive|TheDarkSideOfMe has 135 seconds left.\n|c|\u2606TheDarkSideOfMe|4 speed ties in a row\n|inactive|TheDarkSideOfMe has 120 seconds left.\n|\n|move|p2a: Primeape|Close Combat|p1a: Minun\n|-end|p1a: Minun|Substitute\n|-unboost|p2a: Primeape|def|1\n|-unboost|p2a: Primeape|spd|1\n|-damage|p2a: Primeape|52\/244|[from] item: Life Orb\n|move|p1a: Minun|Substitute|p1a: Minun\n|-fail|p1a: Minun|move: Substitute|[weak]\n|\n|-heal|p1a: Minun|71\/235|[from] item: Leftovers\n|upkeep\n|turn|48\n|\n|move|p1a: Minun|Substitute|p1a: Minun\n|-start|p1a: Minun|Substitute\n|-damage|p1a: Minun|13\/235\n|move|p2a: Primeape|Close Combat|p1a: Minun\n|-crit|p1a: Minun\n|-end|p1a: Minun|Substitute\n|-unboost|p2a: Primeape|def|1\n|-unboost|p2a: Primeape|spd|1\n|-damage|p2a: Primeape|28\/244|[from] item: Life Orb\n|\n|-heal|p1a: Minun|27\/235|[from] item: Leftovers\n|-end|p1a: Minun|Encore\n|upkeep\n|turn|49\n|\n|move|p2a: Primeape|Close Combat|p1a: Minun\n|-damage|p1a: Minun|0 fnt\n|-damage|p2a: Primeape|4\/244|[from] item: Life Orb\n|faint|p1a: Minun\n|\n|upkeep\n|\n|switch|p1a: Rotom|Rotom-Wash, L75|170\/199\n|turn|50\n|\n|switch|p1a: Tyrantrum|Tyrantrum, L79, M|259\/259\n|move|p2a: Primeape|Ice Punch|p1a: Tyrantrum\n|-supereffective|p1a: Tyrantrum\n|-damage|p1a: Tyrantrum|126\/259\n|-status|p1a: Tyrantrum|frz\n|-damage|p2a: Primeape|0 fnt|[from] item: Life Orb\n|faint|p2a: Primeape\n|\n|upkeep\n|\n|switch|p2a: Xerneas|Xerneas, L73|193\/304\n|-ability|p2a: Xerneas|Fairy Aura\n|turn|51\n|c|\u2606TheDarkSideOfMe|wtf really\n|\n|move|p2a: Xerneas|Moonblast|p1a: Tyrantrum\n|-supereffective|p1a: Tyrantrum\n|-damage|p1a: Tyrantrum|0 fnt\n|faint|p1a: Tyrantrum\n|\n|upkeep\n|c|\u2606wolfwarrior|LOL\n|\n|switch|p1a: Rotom|Rotom-Wash, L75|170\/199\n|turn|52\n|inactive|TheDarkSideOfMe has 135 seconds left.\n|c|\u2606TheDarkSideOfMe|just like 3 times with tri attack\n|c|\u2606wolfwarrior|;)\n|\n|move|p2a: Xerneas|Moonblast|p1a: Rotom\n|-damage|p1a: Rotom|44\/199\n|move|p1a: Rotom|Hydro Pump|p2a: Xerneas\n|-damage|p2a: Xerneas|117\/304\n|\n|-heal|p1a: Rotom|56\/199|[from] item: Leftovers\n|upkeep\n|turn|53\n|c|\u2606wolfwarrior|bro\n|c|\u2606wolfwarrior|this is showdown\n|inactive|wolfwarrior has 135 seconds left.\n|c|\u2606wolfwarrior|pokemon is dumb\n|c|\u2606TheDarkSideOfMe|thats a problem reaaly ahaha\n|inactive|wolfwarrior has 120 seconds left.\n|\n|move|p2a: Xerneas|Moonblast|p1a: Rotom\n|-crit|p1a: Rotom\n|-damage|p1a: Rotom|0 fnt\n|faint|p1a: Rotom\n|\n|win|wolfwarrior\n|raw|TheDarkSideOfMe's rating: 1684 &rarr; <strong>1667<\/strong><br \/>(-17 for losing)\n|raw|wolfwarrior's rating: 1733 &rarr; <strong>1750<\/strong><br \/>(+17 for winning)\n|c|\u2606wolfwarrior|gg\n|l|\u2606wolfwarrior\n|c|\u2606TheDarkSideOfMe|one more time like the ten (hundred) past battles get f hax evertyime\n","inputlog":null,"uploadtime":1519167434,"views":9,"p1id":"thedarksideofme","p2id":"wolfwarrior","formatid":"gen7randombattle","rating":1667,"private":0,"password":null}