{"id":"gen7randombattle-721748394","p1":"Eusebias","p2":"wolfwarrior","format":"gen7randombattle","log":"|j|\u2606Eusebias\n|j|\u2606wolfwarrior\n|player|p1|Eusebias|173\n|player|p2|wolfwarrior|162\n|teamsize|p1|6\n|teamsize|p2|6\n|gametype|singles\n|gen|7\n|tier|[Gen 7] Random Battle\n|rated|\n|seed|17926,26361,60773,37812\n|rule|Sleep Clause Mod: Limit one foe put to sleep\n|rule|HP Percentage Mod: HP is shown in percentages\n|\n|start\n|switch|p1a: Thundurus|Thundurus, L76, M|245\/245\n|switch|p2a: Fearow|Fearow, L83, M|243\/243\n|turn|1\n|inactive|Battle timer is ON: inactive players will automatically lose when time's up. (requested by wolfwarrior)\n|\n|switch|p1a: Regirock|Regirock, L83|268\/268\n|move|p2a: Fearow|Double-Edge|p1a: Regirock\n|-resisted|p1a: Regirock\n|-damage|p1a: Regirock|221\/268\n|-damage|p2a: Fearow|227\/243|[from] Recoil\n|\n|upkeep\n|turn|2\n|inactive|wolfwarrior has 135 seconds left.\n|\n|switch|p2a: Azelf|Azelf, L77|242\/242\n|move|p1a: Regirock|Toxic|p2a: Azelf\n|-status|p2a: Azelf|tox\n|\n|-damage|p2a: Azelf|227\/242 tox|[from] psn\n|upkeep\n|turn|3\n|inactive|Eusebias has 135 seconds left.\n|inactive|Eusebias has 120 seconds left.\n|\n|switch|p1a: Unown|Unown|258\/258\n|move|p2a: Azelf|Nasty Plot|p2a: Azelf\n|-boost|p2a: Azelf|spa|2\n|\n|-damage|p2a: Azelf|197\/242 tox|[from] psn\n|upkeep\n|turn|4\n|inactive|wolfwarrior has 135 seconds left.\n|inactive|wolfwarrior has 120 seconds left.\n|inactive|wolfwarrior has 105 seconds left.\n|inactive|wolfwarrior has 90 seconds left.\n|inactive|wolfwarrior has 75 seconds left.\n|inactive|wolfwarrior has 60 seconds left.\n|\n|move|p2a: Azelf|Dazzling Gleam|p1a: Unown\n|-damage|p1a: Unown|55\/258\n|-damage|p2a: Azelf|173\/242 tox|[from] item: Life Orb\n|move|p1a: Unown|Hidden Power|p2a: Azelf\n|-resisted|p2a: Azelf\n|-damage|p2a: Azelf|109\/242 tox\n|\n|-damage|p2a: Azelf|64\/242 tox|[from] psn\n|upkeep\n|turn|5\n|inactive|wolfwarrior has 120 seconds left.\n|\n|move|p2a: Azelf|Dazzling Gleam|p1a: Unown\n|-damage|p1a: Unown|0 fnt\n|-damage|p2a: Azelf|40\/242 tox|[from] item: Life Orb\n|faint|p1a: Unown\n|\n|-damage|p2a: Azelf|0 fnt|[from] psn\n|upkeep\n|faint|p2a: Azelf\n|inactive|wolfwarrior has 120 seconds left.\n|inactive|Eusebias has 135 seconds left.\n|\n|switch|p2a: Fearow|Fearow, L83, M|227\/243\n|switch|p1a: Genesect|Genesect-Chill, L73|224\/224\n|-ability|p1a: Genesect|Download|boost\n|-boost|p1a: Genesect|spa|1\n|turn|6\n|inactive|wolfwarrior has 120 seconds left.\n|\n|move|p2a: Fearow|Drill Peck|p1a: Genesect\n|-damage|p1a: Genesect|97\/224\n|move|p1a: Genesect|Techno Blast|p2a: Fearow\n|-supereffective|p2a: Fearow\n|-damage|p2a: Fearow|0 fnt\n|faint|p2a: Fearow\n|\n|upkeep\n|inactive|wolfwarrior has 120 seconds left.\n|\n|switch|p2a: Jolteon|Jolteon, L79, F|232\/232\n|turn|7\n|inactive|Eusebias has 135 seconds left.\n|\n|switch|p1a: Regirock|Regirock, L83|221\/268\n|move|p2a: Jolteon|Thunderbolt|p1a: Regirock\n|-damage|p1a: Regirock|89\/268\n|\n|upkeep\n|turn|8\n|inactive|wolfwarrior has 135 seconds left.\n|\n|move|p2a: Jolteon|Thunderbolt|p1a: Regirock\n|-damage|p1a: Regirock|0 fnt\n|faint|p1a: Regirock\n|\n|upkeep\n|inactive|Eusebias has 135 seconds left.\n|inactive|Eusebias has 120 seconds left.\n|\n|switch|p1a: Lopunny|Lopunny, L75, F|221\/221\n|turn|9\n|inactive|wolfwarrior has 135 seconds left.\n|\n|switch|p2a: Chansey|Chansey, L75, F|499\/499\n|-mega|p1a: Lopunny|Lopunny|Lopunnite\n|detailschange|p1a: Lopunny|Lopunny-Mega, L75, F\n|move|p1a: Lopunny|High Jump Kick|p2a: Chansey\n|-supereffective|p2a: Chansey\n|-damage|p2a: Chansey|0 fnt\n|faint|p2a: Chansey\n|\n|upkeep\n|inactive|wolfwarrior has 120 seconds left.\n|inactive|wolfwarrior has 105 seconds left.\n|\n|switch|p2a: Jolteon|Jolteon, L79, F|232\/232\n|turn|10\n|\n|move|p2a: Jolteon|Thunderbolt|p1a: Lopunny\n|-damage|p1a: Lopunny|77\/221\n|move|p1a: Lopunny|High Jump Kick|p2a: Jolteon|[miss]\n|-miss|p1a: Lopunny|p2a: Jolteon\n|-damage|p1a: Lopunny|0 fnt|[from] highjumpkick\n|faint|p1a: Lopunny\n|\n|upkeep\n|c|\u2606wolfwarrior|lol\n|\n|switch|p1a: Xerneas|Xerneas, L73|304\/304\n|-ability|p1a: Xerneas|Fairy Aura\n|turn|11\n|\n|move|p2a: Jolteon|Thunderbolt|p1a: Xerneas\n|-damage|p1a: Xerneas|148\/304\n|move|p1a: Xerneas|Geomancy|p1a: Xerneas|[still]\n|-prepare|p1a: Xerneas|Geomancy|p1a: Xerneas\n|-enditem|p1a: Xerneas|Power Herb\n|-anim|p1a: Xerneas|Geomancy|p1a: Xerneas\n|-boost|p1a: Xerneas|spa|2\n|-boost|p1a: Xerneas|spd|2\n|-boost|p1a: Xerneas|spe|2\n|\n|upkeep\n|turn|12\n|\n|switch|p2a: Shedinja|Shedinja, L77|1\/1\n|move|p1a: Xerneas|Moonblast|p2a: Shedinja\n|-immune|p2a: Shedinja|[msg]|[from] ability: Wonder Guard\n|\n|upkeep\n|turn|13\n|\n|move|p1a: Xerneas|Hidden Power|p2a: Shedinja\n|-supereffective|p2a: Shedinja\n|-enditem|p2a: Shedinja|Focus Sash\n|-damage|p2a: Shedinja|1\/1\n|move|p2a: Shedinja|Will-O-Wisp|p1a: Xerneas\n|-status|p1a: Xerneas|brn\n|\n|-damage|p1a: Xerneas|129\/304 brn|[from] brn\n|upkeep\n|turn|14\n|inactive|wolfwarrior has 135 seconds left.\n|\n|move|p1a: Xerneas|Hidden Power|p2a: Shedinja\n|-supereffective|p2a: Shedinja\n|-damage|p2a: Shedinja|0 fnt\n|faint|p2a: Shedinja\n|\n|-damage|p1a: Xerneas|110\/304 brn|[from] brn\n|upkeep\n|inactive|wolfwarrior has 120 seconds left.\n|\n|switch|p2a: Jolteon|Jolteon, L79, F|232\/232\n|turn|15\n|\n|move|p1a: Xerneas|Moonblast|p2a: Jolteon\n|-damage|p2a: Jolteon|0 fnt\n|faint|p2a: Jolteon\n|\n|-damage|p1a: Xerneas|91\/304 brn|[from] brn\n|upkeep\n|inactive|wolfwarrior has 135 seconds left.\n|-message|wolfwarrior forfeited.\n|\n|win|Eusebias\n|l|\u2606wolfwarrior\n|raw|Eusebias's rating: 1651 &rarr; <strong>1670<\/strong><br \/>(+19 for winning)\n|raw|wolfwarrior's rating: 1630 &rarr; <strong>1611<\/strong><br \/>(-19 for losing)\n","inputlog":null,"uploadtime":1521728331,"views":16,"p1id":"eusebias","p2id":"wolfwarrior","formatid":"gen7randombattle","rating":1611,"private":0,"password":null}