{"id":"gen7zu-1004707513","p1":"Fridge of Nights","p2":"Flashybee","format":"gen7zu","log":"|j|\u2606Fridge of Nights\n|j|\u2606Flashybee\n|player|p1|Fridge of Nights|209|1036\n|player|p2|Flashybee|70|1334\n|teamsize|p1|6\n|teamsize|p2|6\n|gametype|singles\n|gen|7\n|tier|[Gen 7] ZU\n|rated|\n|rule|Sleep Clause Mod: Limit one foe put to sleep\n|rule|Species Clause: Limit one of each Pok\u00e9mon\n|rule|OHKO Clause: OHKO moves are banned\n|rule|Moody Clause: Moody is banned\n|rule|Evasion Moves Clause: Evasion moves are banned\n|rule|Endless Battle Clause: Forcing endless battles is banned\n|rule|HP Percentage Mod: HP is shown in percentages\n|clearpoke\n|poke|p1|Gumshoos, M|item\n|poke|p1|Avalugg, M|item\n|poke|p1|Kricketune, M|item\n|poke|p1|Lumineon, F|item\n|poke|p1|Wigglytuff, M|item\n|poke|p1|Trevenant, M|item\n|poke|p2|Smeargle, F|item\n|poke|p2|Meowstic-F, F|item\n|poke|p2|Ditto|item\n|poke|p2|Mr. Mime, M|item\n|poke|p2|Drifblim, M|item\n|poke|p2|Murkrow, M|item\n|teampreview\n|\n|start\n|switch|p1a: Trevenant|Trevenant, M|100\/100\n|switch|p2a: Mr. Mime|Mr. Mime, M|100\/100\n|turn|1\n|\n|move|p2a: Mr. Mime|Trick|p1a: Trevenant\n|-activate|p2a: Mr. Mime|move: Trick|[of] p1a: Trevenant\n|-item|p1a: Trevenant|Flame Orb|[from] move: Trick\n|-item|p2a: Mr. Mime|Starf Berry|[from] move: Trick\n|move|p1a: Trevenant|Substitute|p1a: Trevenant\n|-start|p1a: Trevenant|Substitute\n|-damage|p1a: Trevenant|75\/100\n|\n|-status|p1a: Trevenant|brn|[from] item: Flame Orb\n|upkeep\n|turn|2\n|\n|move|p2a: Mr. Mime|Metronome|p2a: Mr. Mime\n|move|p2a: Mr. Mime|Stomp|p1a: Trevenant|[from]Metronome\n|-immune|p1a: Trevenant\n|move|p1a: Trevenant|Shadow Ball|p2a: Mr. Mime\n|-supereffective|p2a: Mr. Mime\n|-damage|p2a: Mr. Mime|53\/100\n|\n|-damage|p1a: Trevenant|69\/100 brn|[from] brn\n|upkeep\n|turn|3\n|\n|move|p2a: Mr. Mime|Metronome|p2a: Mr. Mime\n|move|p2a: Mr. Mime|Water Spout|p1a: Trevenant|[from]Metronome\n|-resisted|p1a: Trevenant\n|-activate|p1a: Trevenant|move: Substitute|[damage]\n|move|p1a: Trevenant|Shadow Ball|p2a: Mr. Mime\n|-supereffective|p2a: Mr. Mime\n|-crit|p2a: Mr. Mime\n|-damage|p2a: Mr. Mime|0 fnt\n|faint|p2a: Mr. Mime\n|\n|-damage|p1a: Trevenant|63\/100 brn|[from] brn\n|upkeep\n|\n|switch|p2a: Murkrow|Murkrow, M|100\/100\n|turn|4\n|\n|move|p2a: Murkrow|Fly||[still]\n|-prepare|p2a: Murkrow|Fly|p1a: Trevenant\n|move|p1a: Trevenant|Energy Ball|p2a: Murkrow|[miss]\n|-miss|p1a: Trevenant|p2a: Murkrow\n|\n|-damage|p1a: Trevenant|57\/100 brn|[from] brn\n|upkeep\n|turn|5\n|c|\u2606Fridge of Nights|if you're looking for a U-turn user you won't find one here\n|\n|move|p2a: Murkrow|Fly|p1a: Trevenant|[from]lockedmove\n|-supereffective|p1a: Trevenant\n|-end|p1a: Trevenant|Substitute\n|move|p1a: Trevenant|Focus Blast|p2a: Murkrow\n|-damage|p2a: Murkrow|38\/100\n|\n|-damage|p1a: Trevenant|51\/100 brn|[from] brn\n|upkeep\n|turn|6\n|c|\u2606Flashybee|nah\n|\n|-zpower|p2a: Murkrow\n|move|p2a: Murkrow|Supersonic Skystrike|p1a: Trevenant|[zeffect]\n|-supereffective|p1a: Trevenant\n|-damage|p1a: Trevenant|0 fnt\n|faint|p1a: Trevenant\n|\n|upkeep\n|\n|switch|p1a: Kricketune|Kricketune, M|100\/100\n|turn|7\n|\n|move|p1a: Kricketune|Fell Stinger|p2a: Murkrow\n|-damage|p2a: Murkrow|0 fnt\n|-boost|p1a: Kricketune|atk|3\n|faint|p2a: Murkrow\n|\n|upkeep\n|\n|switch|p2a: Smeargle|Smeargle, F|100\/100\n|turn|8\n|\n|move|p2a: Smeargle|Baneful Bunker|p2a: Smeargle\n|-singleturn|p2a: Smeargle|move: Protect\n|move|p1a: Kricketune|Fell Stinger|p2a: Smeargle\n|-activate|p2a: Smeargle|move: Protect\n|-status|p1a: Kricketune|psn\n|\n|-damage|p1a: Kricketune|88\/100 psn|[from] psn\n|upkeep\n|turn|9\n|\n|move|p1a: Kricketune|Fell Stinger|p2a: Smeargle\n|-crit|p2a: Smeargle\n|-enditem|p2a: Smeargle|Focus Sash\n|-damage|p2a: Smeargle|1\/100\n|move|p2a: Smeargle|Counter|p1a: Kricketune\n|-damage|p1a: Kricketune|0 fnt\n|faint|p1a: Kricketune\n|\n|upkeep\n|\n|switch|p1a: Lumineon|Lumineon, F|100\/100\n|turn|10\n|\n|move|p2a: Smeargle|Baneful Bunker|p2a: Smeargle\n|-singleturn|p2a: Smeargle|move: Protect\n|move|p1a: Lumineon|Agility|p1a: Lumineon\n|-boost|p1a: Lumineon|spe|2\n|\n|upkeep\n|turn|11\n|\n|move|p2a: Smeargle|Baneful Bunker|p2a: Smeargle\n|-singleturn|p2a: Smeargle|move: Protect\n|move|p1a: Lumineon|Surf|p2a: Smeargle\n|-activate|p2a: Smeargle|move: Protect\n|\n|upkeep\n|turn|12\n|\n|move|p1a: Lumineon|Surf|p2a: Smeargle\n|-damage|p2a: Smeargle|0 fnt\n|faint|p2a: Smeargle\n|\n|upkeep\n|\n|switch|p2a: Ditto|Ditto|100\/100\n|-transform|p2a: Ditto|p1a: Lumineon|[from] ability: Imposter\n|turn|13\n|\n|move|p2a: Ditto|Surf|p1a: Lumineon\n|-ability|p1a: Lumineon|Storm Drain|boost\n|-boost|p1a: Lumineon|spa|1\n|move|p1a: Lumineon|Hidden Power|p2a: Ditto\n|-supereffective|p2a: Ditto\n|-damage|p2a: Ditto|39\/100\n|\n|upkeep\n|turn|14\n|\n|switch|p2a: Drifblim|Drifblim, M|100\/100\n|move|p1a: Lumineon|Hidden Power|p2a: Drifblim\n|-supereffective|p2a: Drifblim\n|-damage|p2a: Drifblim|42\/100\n|\n|upkeep\n|turn|15\n|c|\u2606Fridge of Nights|thanks\n|c|\u2606Flashybee|oops\n|\n|move|p1a: Lumineon|Hidden Power|p2a: Drifblim\n|-supereffective|p2a: Drifblim\n|-damage|p2a: Drifblim|0 fnt\n|faint|p2a: Drifblim\n|\n|upkeep\n|\n|switch|p2a: Meowstic|Meowstic-F, F|100\/100\n|turn|16\n|\n|move|p1a: Lumineon|Surf|p2a: Meowstic\n|-damage|p2a: Meowstic|39\/100\n|move|p2a: Meowstic|Assist|p2a: Meowstic\n|move|p2a: Meowstic|Geomancy||[from]Assist|[still]\n|-prepare|p2a: Meowstic|Geomancy|p2a: Meowstic\n|-enditem|p2a: Meowstic|Power Herb\n|-anim|p2a: Meowstic|Geomancy|p2a: Meowstic\n|-boost|p2a: Meowstic|spa|2\n|-boost|p2a: Meowstic|spd|2\n|-boost|p2a: Meowstic|spe|2\n|\n|upkeep\n|turn|17\n|c|\u2606Fridge of Nights|oh thats what it is\n|c|\u2606Fridge of Nights|thats cool\n|\n|move|p1a: Lumineon|Surf|p2a: Meowstic\n|-damage|p2a: Meowstic|10\/100\n|move|p2a: Meowstic|Stored Power|p1a: Lumineon\n|-enditem|p1a: Lumineon|Focus Sash\n|-damage|p1a: Lumineon|1\/100\n|\n|upkeep\n|turn|18\n|-message|Flashybee forfeited.\n|\n|win|Fridge of Nights\n|l|\u2606Flashybee\n|raw|Fridge of Nights's rating: 1036 &rarr; <strong>1095<\/strong><br \/>(+59 for winning)\n|raw|Flashybee's rating: 1334 &rarr; <strong>1300<\/strong><br \/>(-34 for losing)\n","uploadtime":1573006361,"views":1,"p1id":"fridgeofnights","p2id":"flashybee","formatid":"gen7zu","rating":1095,"private":0,"password":null}