{"id":"gen7ou-941975334","p1":"You Can Offer Draw","p2":"uuuuiiii","format":"gen7ou","log":"|j|\u2606You Can Offer Draw\n|j|\u2606uuuuiiii\n|player|p1|You Can Offer Draw|101\n|player|p2|uuuuiiii|101\n|teamsize|p1|6\n|teamsize|p2|6\n|gametype|singles\n|gen|7\n|tier|[Gen 7] OU\n|rated|\n|rule|Sleep Clause Mod: Limit one foe put to sleep\n|rule|Species Clause: Limit one of each Pok\u00e9mon\n|rule|OHKO Clause: OHKO moves are banned\n|rule|Moody Clause: Moody is banned\n|rule|Evasion Moves Clause: Evasion moves are banned\n|rule|Endless Battle Clause: Forcing endless battles is banned\n|rule|HP Percentage Mod: HP is shown in percentages\n|clearpoke\n|poke|p1|Druddigon, M|item\n|poke|p1|Bisharp, M|item\n|poke|p1|Kartana|item\n|poke|p1|Pinsir, M|item\n|poke|p1|Ditto|item\n|poke|p1|Cloyster, F|item\n|poke|p2|Marowak-Alola, F|item\n|poke|p2|Magearna|item\n|poke|p2|Greninja, M|item\n|poke|p2|Tapu Koko|item\n|poke|p2|Landorus-Therian, M|item\n|poke|p2|Tapu Lele|item\n|teampreview\n|inactive|Battle timer is ON: inactive players will automatically lose when time's up. (requested by uuuuiiii)\n|\n|start\n|switch|p1a: I don't need fly|Druddigon, M|100\/100\n|switch|p2a: Tapu Koko|Tapu Koko|100\/100\n|-fieldstart|move: Electric Terrain|[from] ability: Electric Surge|[of] p2a: Tapu Koko\n|-ability|p1a: I don't need fly|Mold Breaker\n|turn|1\n|\n|move|p2a: Tapu Koko|Dazzling Gleam|p1a: I don't need fly\n|-supereffective|p1a: I don't need fly\n|-crit|p1a: I don't need fly\n|-damage|p1a: I don't need fly|13\/100\n|move|p1a: I don't need fly|Stealth Rock|p2a: Tapu Koko\n|-sidestart|p2: uuuuiiii|move: Stealth Rock\n|\n|upkeep\n|turn|2\n|\n|move|p2a: Tapu Koko|Dazzling Gleam|p1a: I don't need fly\n|-supereffective|p1a: I don't need fly\n|-damage|p1a: I don't need fly|0 fnt\n|faint|p1a: I don't need fly\n|\n|upkeep\n|inactive|You Can Offer Draw has 120 seconds left.\n|\n|switch|p1a: I'm a legendary|Kartana|100\/100\n|turn|3\n|inactive|You Can Offer Draw has 120 seconds left.\n|\n|switch|p2a: Magearna|Magearna|100\/100\n|-damage|p2a: Magearna|94\/100|[from] Stealth Rock\n|switch|p1a: Hax loves U|Cloyster, F|100\/100\n|\n|upkeep\n|turn|4\n|inactive|You Can Offer Draw has 120 seconds left.\n|\n|move|p1a: Hax loves U|Icicle Spear|p2a: Magearna\n|-resisted|p2a: Magearna\n|-crit|p2a: Magearna\n|-damage|p2a: Magearna|90\/100\n|-resisted|p2a: Magearna\n|-damage|p2a: Magearna|86\/100\n|-resisted|p2a: Magearna\n|-damage|p2a: Magearna|83\/100\n|-resisted|p2a: Magearna\n|-damage|p2a: Magearna|79\/100\n|-resisted|p2a: Magearna\n|-damage|p2a: Magearna|76\/100\n|-hitcount|p2a: Magearna|5\n|move|p2a: Magearna|Trick Room|p2a: Magearna\n|-fieldstart|move: Trick Room|[of] p2a: Magearna\n|\n|upkeep\n|turn|5\n|\n|-zpower|p2a: Magearna\n|move|p2a: Magearna|All-Out Pummeling|p1a: Hax loves U|[zeffect]\n|-supereffective|p1a: Hax loves U\n|-crit|p1a: Hax loves U\n|-damage|p1a: Hax loves U|0 fnt\n|faint|p1a: Hax loves U\n|-ability|p2a: Magearna|Soul-Heart|boost\n|-boost|p2a: Magearna|spa|1\n|\n|-fieldend|move: Electric Terrain\n|upkeep\n|\n|switch|p1a: I'm harder harder!|Pinsir, M|100\/100\n|turn|6\n|\n|move|p2a: Magearna|Ice Beam|p1a: I'm harder harder!\n|-damage|p1a: I'm harder harder!|22\/100\n|move|p1a: I'm harder harder!|Earthquake|p2a: Magearna\n|-supereffective|p2a: Magearna\n|-damage|p2a: Magearna|21\/100\n|\n|upkeep\n|turn|7\n|\n|detailschange|p1a: I'm harder harder!|Pinsir-Mega, M\n|-mega|p1a: I'm harder harder!|Pinsir|Pinsirite\n|move|p1a: I'm harder harder!|Quick Attack|p2a: Magearna\n|-resisted|p2a: Magearna\n|-damage|p2a: Magearna|9\/100\n|move|p2a: Magearna|Volt Switch|p1a: I'm harder harder!\n|-supereffective|p1a: I'm harder harder!\n|-damage|p1a: I'm harder harder!|0 fnt\n|faint|p1a: I'm harder harder!\n|-ability|p2a: Magearna|Soul-Heart|boost\n|-boost|p2a: Magearna|spa|1\n|\n|switch|p2a: Landorus|Landorus-Therian, M|100\/100|[from]move: Volt Switch\n|-damage|p2a: Landorus|88\/100|[from] Stealth Rock\n|\n|upkeep\n|\n|switch|p1a: I'm a legendary|Kartana|100\/100\n|turn|8\n|l|\u2606uuuuiiii\n|inactive|uuuuiiii disconnected and has a minute to reconnect!\n|player|p2|\n|j|\u2606uuuuiiii\n|inactive|uuuuiiii reconnected and has 130 seconds left.\n|player|p2|uuuuiiii|101\n|\n|move|p2a: Landorus|Earthquake|p1a: I'm a legendary\n|-damage|p1a: I'm a legendary|50\/100\n|move|p1a: I'm a legendary|Swords Dance|p1a: I'm a legendary\n|-boost|p1a: I'm a legendary|atk|2\n|\n|-fieldend|move: Trick Room\n|upkeep\n|turn|9\n|\n|switch|p2a: Magearna|Magearna|9\/100\n|-damage|p2a: Magearna|3\/100|[from] Stealth Rock\n|move|p1a: I'm a legendary|Leaf Blade|p2a: Magearna\n|-resisted|p2a: Magearna\n|-crit|p2a: Magearna\n|-damage|p2a: Magearna|0 fnt\n|faint|p2a: Magearna\n|-ability|p1a: I'm a legendary|Beast Boost|boost\n|-boost|p1a: I'm a legendary|spe|1\n|\n|upkeep\n|\n|switch|p2a: Tapu Koko|Tapu Koko|100\/100\n|-damage|p2a: Tapu Koko|88\/100|[from] Stealth Rock\n|-fieldstart|move: Electric Terrain|[from] ability: Electric Surge|[of] p2a: Tapu Koko\n|turn|10\n|\n|move|p2a: Tapu Koko|Volt Switch|p1a: I'm a legendary\n|-resisted|p1a: I'm a legendary\n|-damage|p1a: I'm a legendary|0 fnt\n|faint|p1a: I'm a legendary\n|\n|switch|p2a: Landorus|Landorus-Therian, M|88\/100|[from]move: Volt Switch\n|-damage|p2a: Landorus|76\/100|[from] Stealth Rock\n|\n|upkeep\n|\n|switch|p1a: M eyes are okay|Ditto|100\/100\n|-transform|p1a: M eyes are okay|p2a: Landorus|[from] ability: Imposter\n|-ability|p1a: M eyes are okay|Intimidate|boost\n|-unboost|p2a: Landorus|atk|1\n|turn|11\n|\n|switch|p1a: I did sthing bad|Bisharp, M|100\/100\n|move|p2a: Landorus|Rock Tomb|p1a: I did sthing bad\n|-resisted|p1a: I did sthing bad\n|-damage|p1a: I did sthing bad|90\/100\n|-unboost|p1a: I did sthing bad|spe|1\n|-ability|p1a: I did sthing bad|Defiant|boost\n|-boost|p1a: I did sthing bad|atk|2\n|\n|upkeep\n|turn|12\n|\n|move|p2a: Landorus|Earthquake|p1a: I did sthing bad\n|-supereffective|p1a: I did sthing bad\n|-damage|p1a: I did sthing bad|0 fnt\n|faint|p1a: I did sthing bad\n|\n|upkeep\n|-message|You Can Offer Draw forfeited.\n|\n|win|uuuuiiii\n|raw|You Can Offer Draw's rating: 1482 &rarr; <strong>1465<\/strong><br \/>(-17 for losing)\n|raw|uuuuiiii's rating: 1528 &rarr; <strong>1545<\/strong><br \/>(+17 for winning)\n","uploadtime":1562664829,"views":3,"p1id":"youcanofferdraw","p2id":"uuuuiiii","formatid":"gen7ou","rating":1465,"private":0,"password":null}