{"id":"gen7ou-699275788","p1":"sstj","p2":"Q114","format":"gen7ou","log":"|j|\u2606sstj\n|j|\u2606Q114\n|player|p1|sstj|102\n|player|p2|Q114|170\n|teamsize|p1|6\n|teamsize|p2|6\n|gametype|singles\n|gen|7\n|tier|[Gen 7] OU\n|rated|\n|rule|Sleep Clause Mod: Limit one foe put to sleep\n|rule|Species Clause: Limit one of each Pok\u00e9mon\n|rule|OHKO Clause: OHKO moves are banned\n|rule|Moody Clause: Moody is banned\n|rule|Evasion Moves Clause: Evasion moves are banned\n|rule|Endless Battle Clause: Forcing endless battles is banned\n|rule|HP Percentage Mod: HP is shown in percentages\n|clearpoke\n|poke|p1|Slowbro, M|item\n|poke|p1|Zygarde|item\n|poke|p1|Ferrothorn, M|item\n|poke|p1|Magearna|item\n|poke|p1|Lopunny, M|item\n|poke|p1|Zapdos|item\n|poke|p2|Skarmory, F|item\n|poke|p2|Chansey, F|item\n|poke|p2|Magnezone|item\n|poke|p2|Toxapex, F|item\n|poke|p2|Clefable, M|item\n|poke|p2|Sableye, F|item\n|teampreview\n|j| wbwtb\n|j| Cheetos Snacks\n|\n|start\n|switch|p1a: Zapdos|Zapdos|100\/100\n|switch|p2a: Sableye|Sableye, F|100\/100\n|turn|1\n|\n|-mega|p2a: Sableye|Sableye|Sablenite\n|detailschange|p2a: Sableye|Sableye-Mega, F\n|move|p1a: Zapdos|Discharge|p2a: Sableye\n|-damage|p2a: Sableye|78\/100\n|move|p2a: Sableye|Knock Off|p1a: Zapdos\n|-damage|p1a: Zapdos|81\/100\n|\n|upkeep\n|turn|2\n|\n|switch|p2a: Chansey|Chansey, F|100\/100\n|move|p1a: Zapdos|Discharge|p2a: Chansey\n|-crit|p2a: Chansey\n|-damage|p2a: Chansey|84\/100\n|\n|upkeep\n|turn|3\n|\n|switch|p1a: Ferrothorn|Ferrothorn, M|100\/100\n|move|p2a: Chansey|Stealth Rock|p1a: Ferrothorn\n|-sidestart|p1: sstj|move: Stealth Rock\n|\n|upkeep\n|turn|4\n|c| Cheetos Snacks|gang\n|inactive|Battle timer is ON: inactive players will automatically lose when time's up. (requested by Q114)\n|j| cvbdfgm\n|\n|switch|p2a: Sableye|Sableye-Mega, F|78\/100\n|switch|p1a: Zygarde|Zygarde|100\/100\n|-damage|p1a: Zygarde|94\/100|[from] Stealth Rock\n|-ability|p1a: Zygarde|Aura Break\n|\n|upkeep\n|turn|5\n|\n|switch|p1a: Zapdos|Zapdos|81\/100\n|-damage|p1a: Zapdos|56\/100|[from] Stealth Rock\n|move|p2a: Sableye|Protect|p2a: Sableye\n|-fail|p2a: Sableye\n|\n|upkeep\n|turn|6\n|\n|switch|p2a: Chansey|Chansey, F|84\/100\n|move|p1a: Zapdos|Discharge|p2a: Chansey\n|-crit|p2a: Chansey\n|-damage|p2a: Chansey|68\/100\n|\n|upkeep\n|turn|7\n|\n|move|p1a: Zapdos|Roost|p1a: Zapdos\n|-heal|p1a: Zapdos|100\/100\n|move|p2a: Chansey|Toxic|p1a: Zapdos\n|-status|p1a: Zapdos|tox\n|\n|-damage|p1a: Zapdos|94\/100 tox|[from] psn\n|upkeep\n|turn|8\n|\n|switch|p1a: Ferrothorn|Ferrothorn, M|100\/100\n|-damage|p1a: Ferrothorn|94\/100|[from] Stealth Rock\n|move|p2a: Chansey|Soft-Boiled|p2a: Chansey\n|-heal|p2a: Chansey|100\/100\n|\n|-heal|p1a: Ferrothorn|100\/100|[from] item: Leftovers\n|upkeep\n|turn|9\n|\n|switch|p2a: Sableye|Sableye-Mega, F|78\/100\n|switch|p1a: Zygarde|Zygarde|94\/100\n|-damage|p1a: Zygarde|88\/100|[from] Stealth Rock\n|-ability|p1a: Zygarde|Aura Break\n|\n|upkeep\n|turn|10\n|\n|switch|p1a: Zapdos|Zapdos|94\/100 tox\n|-damage|p1a: Zapdos|69\/100 tox|[from] Stealth Rock\n|switch|p2a: Clefable|Clefable, M|100\/100\n|\n|-damage|p1a: Zapdos|63\/100 tox|[from] psn\n|upkeep\n|turn|11\n|\n|move|p2a: Clefable|Protect|p2a: Clefable\n|-singleturn|p2a: Clefable|Protect\n|move|p1a: Zapdos|Discharge|p2a: Clefable\n|-activate|p2a: Clefable|move: Protect\n|\n|-damage|p1a: Zapdos|50\/100 tox|[from] psn\n|upkeep\n|turn|12\n|\n|switch|p2a: Chansey|Chansey, F|100\/100\n|move|p1a: Zapdos|Discharge|p2a: Chansey\n|-crit|p2a: Chansey\n|-damage|p2a: Chansey|85\/100\n|\n|-damage|p1a: Zapdos|32\/100 tox|[from] psn\n|upkeep\n|turn|13\n|\n|move|p1a: Zapdos|Roost|p1a: Zapdos\n|-heal|p1a: Zapdos|82\/100 tox\n|move|p2a: Chansey|Seismic Toss|p1a: Zapdos\n|-damage|p1a: Zapdos|56\/100 tox\n|\n|-damage|p1a: Zapdos|31\/100 tox|[from] psn\n|upkeep\n|turn|14\n|inactive|sstj has 135 seconds left.\n|inactive|sstj has 120 seconds left.\n|\n|switch|p1a: Ferrothorn|Ferrothorn, M|100\/100\n|-damage|p1a: Ferrothorn|94\/100|[from] Stealth Rock\n|switch|p2a: Magnezone|Magnezone|100\/100\n|\n|-heal|p1a: Ferrothorn|100\/100|[from] item: Leftovers\n|upkeep\n|turn|15\n|\n|move|p2a: Magnezone|Hidden Power|p1a: Ferrothorn\n|-supereffective|p1a: Ferrothorn\n|-damage|p1a: Ferrothorn|41\/100\n|move|p1a: Ferrothorn|Stealth Rock|p2a: Magnezone\n|-sidestart|p2: Q114|move: Stealth Rock\n|\n|-heal|p1a: Ferrothorn|48\/100|[from] item: Leftovers\n|upkeep\n|turn|16\n|\n|move|p2a: Magnezone|Hidden Power|p1a: Ferrothorn\n|-supereffective|p1a: Ferrothorn\n|-damage|p1a: Ferrothorn|0 fnt\n|faint|p1a: Ferrothorn\n|\n|upkeep\n|\n|switch|p1a: Zygarde|Zygarde|88\/100\n|-damage|p1a: Zygarde|82\/100|[from] Stealth Rock\n|-ability|p1a: Zygarde|Aura Break\n|turn|17\n|inactive|Q114 has 135 seconds left.\n|\n|switch|p2a: Sableye|Sableye-Mega, F|78\/100\n|-damage|p2a: Sableye|66\/100|[from] Stealth Rock\n|move|p1a: Zygarde|Thousand Arrows|p2a: Sableye\n|-damage|p2a: Sableye|9\/100\n|\n|upkeep\n|turn|18\n|\n|move|p2a: Sableye|Protect|p2a: Sableye\n|-singleturn|p2a: Sableye|Protect\n|move|p1a: Zygarde|Thousand Arrows|p2a: Sableye\n|-activate|p2a: Sableye|move: Protect\n|\n|upkeep\n|turn|19\n|inactive|Q114 has 135 seconds left.\n|\n|move|p1a: Zygarde|Thousand Arrows|p2a: Sableye\n|-damage|p2a: Sableye|0 fnt\n|faint|p2a: Sableye\n|\n|upkeep\n|\n|switch|p2a: Skarmory|Skarmory, F|100\/100\n|-damage|p2a: Skarmory|88\/100|[from] Stealth Rock\n|turn|20\n|\n|switch|p1a: Slowbro|Slowbro, M|100\/100\n|-damage|p1a: Slowbro|88\/100|[from] Stealth Rock\n|move|p2a: Skarmory|Defog|p1a: Slowbro\n|-unboost|p1a: Slowbro|evasion|1\n|-sideend|p1: sstj|Stealth Rock|[from] move: Defog|[of] p1a: Slowbro\n|-sideend|p2: Q114|Stealth Rock|[from] move: Defog|[of] p2a: Skarmory\n|\n|upkeep\n|turn|21\n|\n|switch|p2a: Chansey|Chansey, F|85\/100\n|move|p1a: Slowbro|Fire Blast|p2a: Chansey\n|-damage|p2a: Chansey|68\/100\n|\n|upkeep\n|turn|22\n|inactive|sstj has 135 seconds left.\n|\n|switch|p1a: Zapdos|Zapdos|31\/100 tox\n|move|p2a: Chansey|Stealth Rock|p1a: Zapdos\n|-sidestart|p1: sstj|move: Stealth Rock\n|\n|-damage|p1a: Zapdos|24\/100 tox|[from] psn\n|upkeep\n|turn|23\n|\n|move|p1a: Zapdos|Roost|p1a: Zapdos\n|-heal|p1a: Zapdos|74\/100 tox\n|move|p2a: Chansey|Seismic Toss|p1a: Zapdos\n|-damage|p1a: Zapdos|48\/100 tox\n|-status|p2a: Chansey|par|[from] ability: Static|[of] p1a: Zapdos\n|\n|-damage|p1a: Zapdos|36\/100 tox|[from] psn\n|upkeep\n|turn|24\n|inactive|sstj has 135 seconds left.\n|\n|switch|p1a: Slowbro|Slowbro, M|100\/100\n|-damage|p1a: Slowbro|88\/100|[from] Stealth Rock\n|move|p2a: Chansey|Soft-Boiled|p2a: Chansey\n|-heal|p2a: Chansey|100\/100 par\n|\n|upkeep\n|turn|25\n|\n|move|p1a: Slowbro|Trick|p2a: Chansey\n|-activate|p1a: Slowbro|move: Trick|[of] p2a: Chansey\n|-item|p2a: Chansey|Choice Specs|[from] move: Trick\n|-item|p1a: Slowbro|Eviolite|[from] move: Trick\n|cant|p2a: Chansey|par\n|\n|upkeep\n|turn|26\n|inactive|Q114 has 135 seconds left.\n|\n|switch|p1a: Magearna|Magearna|100\/100\n|-damage|p1a: Magearna|94\/100|[from] Stealth Rock\n|-curestatus|p2a: Chansey|par|[from] ability: Natural Cure\n|switch|p2a: Toxapex|Toxapex, F|100\/100\n|\n|upkeep\n|turn|27\n|\n|switch|p1a: Slowbro|Slowbro, M|100\/100\n|-damage|p1a: Slowbro|88\/100|[from] Stealth Rock\n|move|p2a: Toxapex|Toxic Spikes|p1a: Slowbro\n|-sidestart|p1: sstj|move: Toxic Spikes\n|\n|upkeep\n|turn|28\n|\n|move|p2a: Toxapex|Toxic Spikes|p1a: Slowbro\n|-sidestart|p1: sstj|move: Toxic Spikes\n|move|p1a: Slowbro|Future Sight|p2a: Toxapex\n|-start|p1a: Slowbro|move: Future Sight\n|\n|upkeep\n|turn|29\n|\n|switch|p2a: Chansey|Chansey, F|100\/100\n|switch|p1a: Zygarde|Zygarde|82\/100\n|-damage|p1a: Zygarde|76\/100|[from] Stealth Rock\n|-status|p1a: Zygarde|tox\n|-ability|p1a: Zygarde|Aura Break\n|\n|-damage|p1a: Zygarde|70\/100 tox|[from] psn\n|upkeep\n|turn|30\n|\n|switch|p2a: Clefable|Clefable, M|100\/100\n|move|p1a: Zygarde|Thousand Arrows|p2a: Clefable\n|-damage|p2a: Clefable|54\/100\n|\n|-end|p2a: Clefable|move: Future Sight\n|-damage|p2a: Clefable|1\/100\n|-heal|p2a: Clefable|7\/100|[from] item: Leftovers\n|-damage|p1a: Zygarde|57\/100 tox|[from] psn\n|upkeep\n|turn|31\n|\n|move|p2a: Clefable|Protect|p2a: Clefable\n|-singleturn|p2a: Clefable|Protect\n|move|p1a: Zygarde|Thousand Arrows|p2a: Clefable\n|-activate|p2a: Clefable|move: Protect\n|\n|-heal|p2a: Clefable|13\/100|[from] item: Leftovers\n|-damage|p1a: Zygarde|39\/100 tox|[from] psn\n|upkeep\n|turn|32\n|inactive|Q114 has 135 seconds left.\n|\n|move|p2a: Clefable|Protect|p2a: Clefable\n|-singleturn|p2a: Clefable|Protect\n|move|p1a: Zygarde|Thousand Arrows|p2a: Clefable\n|-activate|p2a: Clefable|move: Protect\n|\n|-heal|p2a: Clefable|19\/100|[from] item: Leftovers\n|-damage|p1a: Zygarde|14\/100 tox|[from] psn\n|upkeep\n|turn|33\n|c| Cheetos Snacks|lmfao\n|c| Cheetos Snacks|lmfao\n|c| Cheetos Snacks|lmfao\n|c| Cheetos Snacks|UR BAD\n|c| Cheetos Snacks|:(\n|inactive|Q114 has 135 seconds left.\n|\n|switch|p2a: Skarmory|Skarmory, F|88\/100\n|move|p1a: Zygarde|Thousand Arrows|p2a: Skarmory\n|-damage|p2a: Skarmory|50\/100\n|-start|p2a: Skarmory|Smack Down\n|\n|-damage|p1a: Zygarde|0 fnt|[from] psn\n|upkeep\n|faint|p1a: Zygarde\n|inactive|sstj has 135 seconds left.\n|\n|switch|p1a: Zapdos|Zapdos|36\/100 tox\n|-damage|p1a: Zapdos|11\/100 tox|[from] Stealth Rock\n|turn|34\n|\n|switch|p2a: Magnezone|Magnezone|100\/100\n|move|p1a: Zapdos|Discharge|p2a: Magnezone\n|-resisted|p2a: Magnezone\n|-damage|p2a: Magnezone|78\/100\n|\n|-damage|p1a: Zapdos|5\/100 tox|[from] psn\n|upkeep\n|turn|35\n|\n|move|p2a: Magnezone|Volt Switch|p1a: Zapdos\n|-damage|p1a: Zapdos|0 fnt\n|faint|p1a: Zapdos\n|\n|switch|p2a: Toxapex|Toxapex, F|100\/100\n|\n|upkeep\n|l| cvbdfgm\n|\n|switch|p1a: Slowbro|Slowbro, M|100\/100\n|-damage|p1a: Slowbro|88\/100|[from] Stealth Rock\n|-status|p1a: Slowbro|tox\n|turn|36\n|\n|move|p2a: Toxapex|Scald|p1a: Slowbro\n|-resisted|p1a: Slowbro\n|-damage|p1a: Slowbro|80\/100 tox\n|move|p1a: Slowbro|Future Sight|p2a: Toxapex\n|-start|p1a: Slowbro|move: Future Sight\n|\n|-damage|p1a: Slowbro|74\/100 tox|[from] psn\n|upkeep\n|turn|37\n|\n|switch|p1a: Lopunny|Lopunny, M|100\/100\n|-status|p1a: Lopunny|tox\n|-damage|p1a: Lopunny|88\/100 tox|[from] Stealth Rock\n|move|p2a: Toxapex|Scald|p1a: Lopunny\n|-damage|p1a: Lopunny|65\/100 tox\n|\n|-damage|p1a: Lopunny|59\/100 tox|[from] psn\n|upkeep\n|turn|38\n|\n|switch|p2a: Clefable|Clefable, M|19\/100\n|-mega|p1a: Lopunny|Lopunny|Lopunnite\n|detailschange|p1a: Lopunny|Lopunny-Mega, M\n|move|p1a: Lopunny|Power-Up Punch|p2a: Clefable\n|-resisted|p2a: Clefable\n|-damage|p2a: Clefable|11\/100\n|-boost|p1a: Lopunny|atk|1\n|\n|-end|p2a: Clefable|move: Future Sight\n|-damage|p2a: Clefable|0 fnt\n|-damage|p1a: Lopunny|47\/100 tox|[from] psn\n|upkeep\n|faint|p2a: Clefable\n|inactive|Q114 has 135 seconds left.\n|\n|switch|p2a: Toxapex|Toxapex, F|100\/100\n|turn|39\n|\n|move|p1a: Lopunny|Return|p2a: Toxapex\n|-damage|p2a: Toxapex|54\/100\n|move|p2a: Toxapex|Scald|p1a: Lopunny\n|-damage|p1a: Lopunny|26\/100 tox\n|\n|-heal|p2a: Toxapex|60\/100|[from] item: Black Sludge\n|-damage|p1a: Lopunny|8\/100 tox|[from] psn\n|upkeep\n|turn|40\n|j| Spectator_Ion\n|\n|switch|p2a: Skarmory|Skarmory, F|50\/100\n|move|p1a: Lopunny|Return|p2a: Skarmory\n|-resisted|p2a: Skarmory\n|-damage|p2a: Skarmory|26\/100\n|-damage|p1a: Lopunny|0 fnt|[from] item: Rocky Helmet|[of] p2a: Skarmory\n|faint|p1a: Lopunny\n|\n|upkeep\n|\n|switch|p1a: Slowbro|Slowbro, M|100\/100 tox\n|-damage|p1a: Slowbro|88\/100 tox|[from] Stealth Rock\n|turn|41\n|c| Cheetos Snacks|how it feels to chew 5 gum\n|\n|switch|p2a: Toxapex|Toxapex, F|93\/100\n|move|p1a: Slowbro|Fire Blast|p2a: Toxapex\n|-resisted|p2a: Toxapex\n|-damage|p2a: Toxapex|79\/100\n|\n|-heal|p2a: Toxapex|85\/100|[from] item: Black Sludge\n|-damage|p1a: Slowbro|82\/100 tox|[from] psn\n|upkeep\n|turn|42\n|\n|move|p2a: Toxapex|Scald|p1a: Slowbro\n|-resisted|p1a: Slowbro\n|-crit|p1a: Slowbro\n|-damage|p1a: Slowbro|68\/100 tox\n|move|p1a: Slowbro|Future Sight|p2a: Toxapex\n|-start|p1a: Slowbro|move: Future Sight\n|\n|-heal|p2a: Toxapex|91\/100|[from] item: Black Sludge\n|-damage|p1a: Slowbro|56\/100 tox|[from] psn\n|upkeep\n|turn|43\n|\n|switch|p2a: Chansey|Chansey, F|100\/100\n|switch|p1a: Magearna|Magearna|94\/100\n|-damage|p1a: Magearna|88\/100|[from] Stealth Rock\n|\n|upkeep\n|turn|44\n|\n|move|p1a: Magearna|Focus Blast|p2a: Chansey\n|-supereffective|p2a: Chansey\n|-damage|p2a: Chansey|54\/100\n|move|p2a: Chansey|Seismic Toss|p1a: Magearna\n|-damage|p1a: Magearna|61\/100\n|\n|-end|p2a: Chansey|move: Future Sight\n|-damage|p2a: Chansey|30\/100\n|upkeep\n|turn|45\n|\n|switch|p1a: Slowbro|Slowbro, M|89\/100 tox\n|-damage|p1a: Slowbro|77\/100 tox|[from] Stealth Rock\n|move|p2a: Chansey|Seismic Toss|p1a: Slowbro\n|-damage|p1a: Slowbro|52\/100 tox\n|\n|-damage|p1a: Slowbro|45\/100 tox|[from] psn\n|upkeep\n|turn|46\n|inactive|sstj has 135 seconds left.\n|inactive|Q114 has 135 seconds left.\n|\n|move|p2a: Chansey|Seismic Toss|p1a: Slowbro\n|-damage|p1a: Slowbro|20\/100 tox\n|move|p1a: Slowbro|Future Sight|p2a: Chansey\n|-start|p1a: Slowbro|move: Future Sight\n|\n|-damage|p1a: Slowbro|8\/100 tox|[from] psn\n|upkeep\n|turn|47\n|\n|switch|p1a: Magearna|Magearna|61\/100\n|-damage|p1a: Magearna|55\/100|[from] Stealth Rock\n|move|p2a: Chansey|Seismic Toss|p1a: Magearna\n|-damage|p1a: Magearna|27\/100\n|\n|upkeep\n|turn|48\n|\n|move|p1a: Magearna|Focus Blast|p2a: Chansey\n|-supereffective|p2a: Chansey\n|-damage|p2a: Chansey|0 fnt\n|faint|p2a: Chansey\n|-ability|p1a: Magearna|Soul-Heart|boost\n|-boost|p1a: Magearna|spa|1\n|\n|-hint|Future Sight did not hit because the target is fainted.\n|upkeep\n|c| Cheetos Snacks|brutal\n|\n|switch|p2a: Magnezone|Magnezone|78\/100\n|turn|49\n|\n|move|p2a: Magnezone|Volt Switch|p1a: Magearna\n|-damage|p1a: Magearna|0 fnt\n|faint|p1a: Magearna\n|\n|switch|p2a: Toxapex|Toxapex, F|100\/100\n|\n|upkeep\n|\n|switch|p1a: Slowbro|Slowbro, M|41\/100 tox\n|-damage|p1a: Slowbro|29\/100 tox|[from] Stealth Rock\n|turn|50\n|-message|sstj forfeited.\n|\n|win|Q114\n|l|\u2606sstj\n|raw|sstj's rating: 1766 &rarr; <strong>1746<\/strong><br \/>(-20 for losing)\n|raw|Q114's rating: 1779 &rarr; <strong>1798<\/strong><br \/>(+19 for winning)\n","inputlog":null,"uploadtime":1517793866,"views":64,"p1id":"sstj","p2id":"q114","formatid":"gen7ou","rating":1746,"private":0,"password":null}