{"id":"gen7ou-1297327624","p1":"Ucyra","p2":"Gurtrant","format":"gen7ou","log":"|j|\u2606Ucyra\n|j|\u2606Gurtrant\n|t:|1615245369\n|player|p1|Ucyra|dahlia|1733\n|player|p2|Gurtrant|238|1677\n|teamsize|p1|6\n|teamsize|p2|6\n|gametype|singles\n|gen|7\n|tier|[Gen 7] OU\n|rated|\n|clearpoke\n|poke|p1|Kyurem-Black|item\n|poke|p1|Marowak-Alola, F|item\n|poke|p1|Mawile, M|item\n|poke|p1|Tapu Fini|item\n|poke|p1|Thundurus, M|item\n|poke|p1|Landorus-Therian, M|item\n|poke|p2|Tapu Koko|item\n|poke|p2|Hawlucha, F|item\n|poke|p2|Victini|item\n|poke|p2|Tyranitar, M|item\n|poke|p2|Gliscor, M|item\n|poke|p2|Ferrothorn, M|item\n|rule|Sleep Clause Mod: Limit one foe put to sleep\n|rule|Species Clause: Limit one of each Pok\u00e9mon\n|rule|OHKO Clause: OHKO moves are banned\n|rule|Moody Clause: Moody is banned\n|rule|Evasion Moves Clause: Evasion moves are banned\n|rule|Endless Battle Clause: Forcing endless battles is banned\n|rule|HP Percentage Mod: HP is shown in percentages\n|teampreview\n|inactive|Battle timer is ON: inactive players will automatically lose when time's up. (requested by Gurtrant)\n|inactive|Gurtrant has 120 seconds left.\n|inactive|Gurtrant has 90 seconds left.\n|inactive|Gurtrant has 60 seconds left.\n|inactive|Gurtrant has 30 seconds left.\n|inactive|Gurtrant has 20 seconds left.\n|inactive|Gurtrant has 15 seconds left.\n|\n|t:|1615245507\n|start\n|switch|p1a: Marowak|Marowak-Alola, F|100\/100\n|switch|p2a: Tapu Koko|Tapu Koko|100\/100\n|-fieldstart|move: Electric Terrain|[from] ability: Electric Surge|[of] p2a: Tapu Koko\n|turn|1\n|\n|t:|1615245520\n|move|p2a: Tapu Koko|Volt Switch|p1a: Marowak\n|-ability|p1a: Marowak|Lightning Rod|boost\n|-boost|p1a: Marowak|spa|1\n|move|p1a: Marowak|Will-O-Wisp|p2a: Tapu Koko\n|-status|p2a: Tapu Koko|brn\n|\n|-damage|p2a: Tapu Koko|94\/100 brn|[from] brn\n|upkeep\n|turn|2\n|\n|t:|1615245530\n|switch|p2a: Tyranitar|Tyranitar, M|100\/100\n|-weather|Sandstorm|[from] ability: Sand Stream|[of] p2a: Tyranitar\n|move|p1a: Marowak|Will-O-Wisp|p2a: Tyranitar\n|-status|p2a: Tyranitar|brn\n|\n|-weather|Sandstorm|[upkeep]\n|-damage|p1a: Marowak|94\/100|[from] Sandstorm\n|-damage|p2a: Tyranitar|94\/100 brn|[from] brn\n|upkeep\n|turn|3\n|\n|t:|1615245540\n|detailschange|p2a: Tyranitar|Tyranitar-Mega, M\n|-mega|p2a: Tyranitar|Tyranitar|Tyranitarite\n|move|p2a: Tyranitar|Stealth Rock|p1a: Marowak\n|-sidestart|p1: Ucyra|move: Stealth Rock\n|move|p1a: Marowak|Earthquake|p2a: Tyranitar\n|-supereffective|p2a: Tyranitar\n|-damage|p2a: Tyranitar|22\/100 brn\n|\n|-weather|Sandstorm|[upkeep]\n|-damage|p1a: Marowak|88\/100|[from] Sandstorm\n|-damage|p2a: Tyranitar|16\/100 brn|[from] brn\n|upkeep\n|turn|4\n|\n|t:|1615245553\n|switch|p1a: Landorus|Landorus-Therian, M|100\/100\n|-damage|p1a: Landorus|88\/100|[from] Stealth Rock\n|-ability|p1a: Landorus|Intimidate|boost\n|-unboost|p2a: Tyranitar|atk|1\n|move|p2a: Tyranitar|Stone Edge|p1a: Landorus\n|-damage|p1a: Landorus|66\/100\n|\n|-weather|Sandstorm|[upkeep]\n|-damage|p2a: Tyranitar|10\/100 brn|[from] brn\n|upkeep\n|turn|5\n|\n|t:|1615245562\n|switch|p2a: Gliscor|Gliscor, M|100\/100\n|move|p1a: Landorus|Defog|p2a: Gliscor\n|-unboost|p2a: Gliscor|evasion|1\n|-sideend|p1: Ucyra|Stealth Rock|[from] move: Defog|[of] p1a: Landorus\n|\n|-weather|Sandstorm|[upkeep]\n|-fieldend|move: Electric Terrain\n|-status|p2a: Gliscor|tox|[from] item: Toxic Orb\n|upkeep\n|turn|6\n|\n|t:|1615245570\n|move|p2a: Gliscor|Toxic|p1a: Landorus\n|-status|p1a: Landorus|tox\n|move|p1a: Landorus|Stealth Rock|p2a: Gliscor\n|-sidestart|p2: Gurtrant|move: Stealth Rock\n|\n|-weather|none\n|-damage|p1a: Landorus|59\/100 tox|[from] psn\n|upkeep\n|turn|7\n|\n|t:|1615245576\n|switch|p1a: Kyurem|Kyurem-Black|100\/100\n|-ability|p1a: Kyurem|Teravolt\n|move|p2a: Gliscor|Defog|p1a: Kyurem\n|-unboost|p1a: Kyurem|evasion|1\n|-sideend|p2: Gurtrant|Stealth Rock|[from] move: Defog|[of] p2a: Gliscor\n|\n|upkeep\n|turn|8\n|\n|t:|1615245583\n|switch|p2a: Ferrothorn|Ferrothorn, M|100\/100\n|move|p1a: Kyurem|Ice Beam|p2a: Ferrothorn\n|-damage|p2a: Ferrothorn|77\/100\n|\n|-heal|p2a: Ferrothorn|83\/100|[from] item: Leftovers\n|upkeep\n|turn|9\n|\n|t:|1615245590\n|move|p2a: Ferrothorn|Protect|p2a: Ferrothorn\n|-singleturn|p2a: Ferrothorn|Protect\n|-zpower|p1a: Kyurem\n|move|p1a: Kyurem|Subzero Slammer|p2a: Ferrothorn|[zeffect]\n|-zbroken|p2a: Ferrothorn\n|-damage|p2a: Ferrothorn|59\/100\n|\n|-heal|p2a: Ferrothorn|65\/100|[from] item: Leftovers\n|upkeep\n|turn|10\n|\n|t:|1615245601\n|switch|p1a: Marowak|Marowak-Alola, F|88\/100\n|move|p2a: Ferrothorn|Leech Seed|p1a: Marowak\n|-start|p1a: Marowak|move: Leech Seed\n|\n|-heal|p2a: Ferrothorn|71\/100|[from] item: Leftovers\n|-damage|p1a: Marowak|76\/100|[from] Leech Seed|[of] p2a: Ferrothorn\n|-heal|p2a: Ferrothorn|83\/100|[silent]\n|upkeep\n|turn|11\n|\n|t:|1615245613\n|switch|p1a: Mawile|Mawile, M|100\/100\n|move|p2a: Ferrothorn|Protect||[still]\n|-fail|p2a: Ferrothorn\n|\n|-heal|p2a: Ferrothorn|89\/100|[from] item: Leftovers\n|upkeep\n|turn|12\n|\n|t:|1615245628\n|switch|p2a: Gliscor|Gliscor, M|100\/100 tox\n|detailschange|p1a: Mawile|Mawile-Mega, M\n|-mega|p1a: Mawile|Mawile|Mawilite\n|move|p1a: Mawile|Swords Dance|p1a: Mawile\n|-boost|p1a: Mawile|atk|2\n|\n|upkeep\n|turn|13\n|\n|t:|1615245635\n|move|p2a: Gliscor|Earthquake|p1a: Mawile\n|-supereffective|p1a: Mawile\n|-damage|p1a: Mawile|38\/100\n|move|p1a: Mawile|Iron Head|p2a: Gliscor\n|-damage|p2a: Gliscor|0 fnt\n|faint|p2a: Gliscor\n|\n|upkeep\n|\n|t:|1615245640\n|switch|p2a: Tapu Koko|Tapu Koko|94\/100 brn\n|-fieldstart|move: Electric Terrain|[from] ability: Electric Surge|[of] p2a: Tapu Koko\n|turn|14\n|\n|t:|1615245644\n|switch|p1a: Marowak|Marowak-Alola, F|76\/100\n|move|p2a: Tapu Koko|Volt Switch|p1a: Marowak\n|-ability|p1a: Marowak|Lightning Rod|boost\n|-boost|p1a: Marowak|spa|1\n|\n|-damage|p2a: Tapu Koko|88\/100 brn|[from] brn\n|upkeep\n|turn|15\n|\n|t:|1615245654\n|switch|p2a: Tyranitar|Tyranitar-Mega, M|10\/100 brn\n|-weather|Sandstorm|[from] ability: Sand Stream|[of] p2a: Tyranitar\n|move|p1a: Marowak|Shadow Bone|p2a: Tyranitar\n|-resisted|p2a: Tyranitar\n|-damage|p2a: Tyranitar|0 fnt\n|faint|p2a: Tyranitar\n|\n|-weather|Sandstorm|[upkeep]\n|-damage|p1a: Marowak|70\/100|[from] Sandstorm\n|upkeep\n|inactive|Gurtrant has 120 seconds left.\n|\n|t:|1615245694\n|switch|p2a: Victini|Victini|100\/100\n|turn|16\n|\n|t:|1615245699\n|-zpower|p2a: Victini\n|move|p2a: Victini|Z-Celebrate|p2a: Victini|[anim]Celebrate\n|-boost|p2a: Victini|atk|1|[zeffect]\n|-boost|p2a: Victini|def|1|[zeffect]\n|-boost|p2a: Victini|spa|1|[zeffect]\n|-boost|p2a: Victini|spd|1|[zeffect]\n|-boost|p2a: Victini|spe|1|[zeffect]\n|-activate|p2a: Victini|move: Celebrate\n|move|p1a: Marowak|Shadow Bone|p2a: Victini\n|-supereffective|p2a: Victini\n|-damage|p2a: Victini|0 fnt\n|faint|p2a: Victini\n|\n|-weather|Sandstorm|[upkeep]\n|-damage|p1a: Marowak|63\/100|[from] Sandstorm\n|upkeep\n|inactive|Gurtrant has 120 seconds left.\n|\n|t:|1615245711\n|switch|p2a: Hawlucha|Hawlucha, F|100\/100\n|-enditem|p2a: Hawlucha|Electric Seed\n|-boost|p2a: Hawlucha|def|1|[from] item: Electric Seed\n|turn|17\n|\n|t:|1615245715\n|move|p2a: Hawlucha|Swords Dance|p2a: Hawlucha\n|-boost|p2a: Hawlucha|atk|2\n|move|p1a: Marowak|Flare Blitz|p2a: Hawlucha\n|-damage|p2a: Hawlucha|5\/100\n|-damage|p1a: Marowak|32\/100|[from] Recoil\n|\n|-weather|Sandstorm|[upkeep]\n|-damage|p2a: Hawlucha|0 fnt|[from] Sandstorm\n|-damage|p1a: Marowak|26\/100|[from] Sandstorm\n|faint|p2a: Hawlucha\n|upkeep\n|-message|Gurtrant forfeited.\n|\n|win|Ucyra\n|raw|Ucyra's rating: 1733 &rarr; <strong>1746<\/strong><br \/>(+13 for winning)\n|raw|Gurtrant's rating: 1677 &rarr; <strong>1664<\/strong><br \/>(-13 for losing)\n|l|\u2606Gurtrant\n|c|\u2606Ucyra|gg\n||Ladder (probably) updated, but score could not be retrieved (Request timeout).\n","uploadtime":1615245730,"views":8,"p1id":"ucyra","p2id":"gurtrant","formatid":"gen7ou","rating":1664,"private":0,"password":null}