{"id":"gen7ou-1497777012","p1":"Kiu0900","p2":"Sp0oNl0rD","format":"gen7ou","log":"|j|\u2606Kiu0900\n|j|\u2606Sp0oNl0rD\n|t:|1643065792\n|gametype|singles\n|player|p1|Kiu0900|yellow|1560\n|player|p2|Sp0oNl0rD|1|1539\n|teamsize|p1|6\n|teamsize|p2|6\n|gen|7\n|tier|[Gen 7] OU\n|rated|\n|rule|Sleep Clause Mod: Limit one foe put to sleep\n|rule|Species Clause: Limit one of each Pok\u00e9mon\n|rule|OHKO Clause: OHKO moves are banned\n|rule|Moody Clause: Moody is banned\n|rule|Evasion Moves Clause: Evasion moves are banned\n|rule|Endless Battle Clause: Forcing endless battles is banned\n|rule|HP Percentage Mod: HP is shown in percentages\n|clearpoke\n|poke|p1|Nihilego|item\n|poke|p1|Tapu Lele|item\n|poke|p1|Magnezone|item\n|poke|p1|Landorus-Therian, M|item\n|poke|p1|Charizard, F|item\n|poke|p1|Tapu Fini|item\n|poke|p2|Ampharos, F|item\n|poke|p2|Magearna|item\n|poke|p2|Cresselia, F|item\n|poke|p2|Uxie|item\n|poke|p2|Stakataka|item\n|poke|p2|Marowak-Alola, F|item\n|teampreview\n|inactive|Battle timer is ON: inactive players will automatically lose when time's up. (requested by Kiu0900)\n|\n|t:|1643065819\n|start\n|switch|p1a: Landorus|Landorus-Therian, M|100\/100\n|switch|p2a: Child|Uxie|100\/100\n|-ability|p1a: Landorus|Intimidate|boost\n|-unboost|p2a: Child|atk|1\n|turn|1\n|\n|t:|1643065822\n|move|p1a: Landorus|Stealth Rock|p2a: Child\n|-sidestart|p2: Sp0oNl0rD|move: Stealth Rock\n|move|p2a: Child|Stealth Rock|p1a: Landorus\n|-sidestart|p1: Kiu0900|move: Stealth Rock\n|\n|upkeep\n|turn|2\n|\n|t:|1643065827\n|move|p1a: Landorus|U-turn|p2a: Child\n|-supereffective|p2a: Child\n|-damage|p2a: Child|67\/100\n|\n|t:|1643065836\n|switch|p1a: Magnezone|Magnezone|100\/100|[from]move: U-turn\n|-damage|p1a: Magnezone|94\/100|[from] Stealth Rock\n|move|p2a: Child|Trick Room|p2a: Child\n|-fieldstart|move: Trick Room|[of] p2a: Child\n|\n|-heal|p1a: Magnezone|100\/100|[from] item: Leftovers\n|upkeep\n|turn|3\n|\n|t:|1643065842\n|move|p2a: Child|U-turn|p1a: Magnezone\n|-resisted|p1a: Magnezone\n|-damage|p1a: Magnezone|96\/100\n|\n|t:|1643065844\n|switch|p2a: Attaka|Stakataka|100\/100|[from]move: U-turn\n|-damage|p2a: Attaka|94\/100|[from] Stealth Rock\n|move|p1a: Magnezone|Volt Switch|p2a: Attaka\n|-damage|p2a: Attaka|57\/100\n|\n|t:|1643065848\n|switch|p1a: Landorus|Landorus-Therian, M|100\/100|[from]move: Volt Switch\n|-damage|p1a: Landorus|88\/100|[from] Stealth Rock\n|-ability|p1a: Landorus|Intimidate|boost\n|-unboost|p2a: Attaka|atk|1\n|\n|-heal|p1a: Landorus|94\/100|[from] item: Leftovers\n|upkeep\n|turn|4\n|\n|t:|1643065853\n|-zpower|p2a: Attaka\n|move|p2a: Attaka|Continental Crush|p1a: Landorus|[zeffect]\n|-damage|p1a: Landorus|21\/100\n|move|p1a: Landorus|Earthquake|p2a: Attaka\n|-supereffective|p2a: Attaka\n|-damage|p2a: Attaka|0 fnt\n|faint|p2a: Attaka\n|\n|-heal|p1a: Landorus|27\/100|[from] item: Leftovers\n|upkeep\n|\n|t:|1643065856\n|switch|p2a: Sheep|Ampharos, F|100\/100\n|-damage|p2a: Sheep|88\/100|[from] Stealth Rock\n|turn|5\n|\n|t:|1643065863\n|switch|p1a: Magnezone|Magnezone|96\/100\n|-damage|p1a: Magnezone|90\/100|[from] Stealth Rock\n|detailschange|p2a: Sheep|Ampharos-Mega, F\n|-mega|p2a: Sheep|Ampharos|Ampharosite\n|-ability|p2a: Sheep|Mold Breaker\n|move|p2a: Sheep|Dragon Pulse|p1a: Magnezone\n|-resisted|p1a: Magnezone\n|-damage|p1a: Magnezone|49\/100\n|\n|-heal|p1a: Magnezone|55\/100|[from] item: Leftovers\n|upkeep\n|turn|6\n|\n|t:|1643065869\n|move|p2a: Sheep|Hidden Power|p1a: Magnezone\n|-supereffective|p1a: Magnezone\n|-damage|p1a: Magnezone|0 fnt\n|faint|p1a: Magnezone\n|\n|-fieldend|move: Trick Room\n|upkeep\n|\n|t:|1643065892\n|switch|p1a: Landorus|Landorus-Therian, M|27\/100\n|-damage|p1a: Landorus|15\/100|[from] Stealth Rock\n|-ability|p1a: Landorus|Intimidate|boost\n|-unboost|p2a: Sheep|atk|1\n|turn|7\n|\n|t:|1643065904\n|switch|p2a: Luna|Cresselia, F|100\/100\n|-damage|p2a: Luna|88\/100|[from] Stealth Rock\n|move|p1a: Landorus|U-turn|p2a: Luna\n|-supereffective|p2a: Luna\n|-damage|p2a: Luna|61\/100\n|inactive|Kiu0900 has 120 seconds left.\n|\n|t:|1643065938\n|switch|p1a: Charizard|Charizard, F|100\/100|[from]move: U-turn\n|-damage|p1a: Charizard|51\/100|[from] Stealth Rock\n|\n|upkeep\n|turn|8\n|\n|t:|1643065942\n|detailschange|p1a: Charizard|Charizard-Mega-X, F\n|-mega|p1a: Charizard|Charizard|Charizardite X\n|move|p1a: Charizard|Flare Blitz|p2a: Luna\n|-damage|p2a: Luna|5\/100\n|-damage|p1a: Charizard|23\/100|[from] Recoil\n|move|p2a: Luna|Trick Room|p2a: Luna\n|-fieldstart|move: Trick Room|[of] p2a: Luna\n|\n|upkeep\n|turn|9\n|\n|t:|1643065947\n|move|p2a: Luna|Ice Beam|p1a: Charizard\n|-damage|p1a: Charizard|2\/100\n|move|p1a: Charizard|Roost|p1a: Charizard\n|-heal|p1a: Charizard|52\/100\n|-singleturn|p1a: Charizard|move: Roost\n|\n|upkeep\n|turn|10\n|\n|t:|1643065954\n|switch|p2a: Sheep|Ampharos-Mega, F|88\/100\n|-damage|p2a: Sheep|76\/100|[from] Stealth Rock\n|-ability|p2a: Sheep|Mold Breaker\n|move|p1a: Charizard|Roost|p1a: Charizard\n|-heal|p1a: Charizard|100\/100\n|-singleturn|p1a: Charizard|move: Roost\n|\n|upkeep\n|turn|11\n|\n|t:|1643065961\n|switch|p1a: Tapu Fini|Tapu Fini|100\/100\n|-damage|p1a: Tapu Fini|88\/100|[from] Stealth Rock\n|-fieldstart|move: Misty Terrain|[from] ability: Misty Surge|[of] p1a: Tapu Fini\n|move|p2a: Sheep|Thunderbolt|p1a: Tapu Fini\n|-supereffective|p1a: Tapu Fini\n|-damage|p1a: Tapu Fini|11\/100\n|\n|-heal|p1a: Tapu Fini|17\/100|[from] item: Leftovers\n|upkeep\n|turn|12\n|\n|t:|1643065968\n|move|p2a: Sheep|Volt Switch|p1a: Tapu Fini\n|-supereffective|p1a: Tapu Fini\n|-damage|p1a: Tapu Fini|0 fnt\n|faint|p1a: Tapu Fini\n|\n|t:|1643065973\n|switch|p2a: Mage|Magearna|100\/100|[from]move: Volt Switch\n|-damage|p2a: Mage|94\/100|[from] Stealth Rock\n|\n|-fieldend|move: Trick Room\n|upkeep\n|\n|t:|1643065976\n|switch|p1a: Charizard|Charizard-Mega-X, F|100\/100\n|-damage|p1a: Charizard|76\/100|[from] Stealth Rock\n|turn|13\n|\n|t:|1643065979\n|switch|p2a: Luna|Cresselia, F|5\/100\n|-damage|p2a: Luna|0 fnt|[from] Stealth Rock\n|faint|p2a: Luna\n|move|p1a: Charizard|Flare Blitz|p2: Luna|[notarget]\n|-fail|p1a: Charizard\n|\n|upkeep\n|\n|t:|1643065980\n|switch|p2a: Child|Uxie|67\/100\n|-damage|p2a: Child|55\/100|[from] Stealth Rock\n|turn|14\n|\n|t:|1643065983\n|move|p1a: Charizard|Flare Blitz|p2a: Child\n|-damage|p2a: Child|0 fnt\n|faint|p2a: Child\n|-damage|p1a: Charizard|54\/100|[from] Recoil\n|\n|upkeep\n|\n|t:|1643065987\n|switch|p2a: Mage|Magearna|94\/100\n|-damage|p2a: Mage|88\/100|[from] Stealth Rock\n|turn|15\n|\n|t:|1643065989\n|move|p1a: Charizard|Flare Blitz|p2a: Mage\n|-supereffective|p2a: Mage\n|-damage|p2a: Mage|0 fnt\n|faint|p2a: Mage\n|-damage|p1a: Charizard|19\/100|[from] Recoil\n|\n|-fieldend|Misty Terrain\n|upkeep\n|\n|t:|1643065992\n|switch|p2a: Stakawakka|Marowak-Alola, F|100\/100\n|-damage|p2a: Stakawakka|76\/100|[from] Stealth Rock\n|turn|16\n|\n|t:|1643065993\n|move|p1a: Charizard|Earthquake|p2a: Stakawakka\n|-supereffective|p2a: Stakawakka\n|-damage|p2a: Stakawakka|3\/100\n|move|p2a: Stakawakka|Shadow Bone|p1a: Charizard\n|-damage|p1a: Charizard|0 fnt\n|faint|p1a: Charizard\n|\n|upkeep\n|\n|t:|1643065996\n|switch|p1a: Landorus|Landorus-Therian, M|15\/100\n|-damage|p1a: Landorus|2\/100|[from] Stealth Rock\n|-ability|p1a: Landorus|Intimidate|boost\n|-unboost|p2a: Stakawakka|atk|1\n|turn|17\n|\n|t:|1643065998\n|move|p1a: Landorus|Earthquake|p2a: Stakawakka\n|-supereffective|p2a: Stakawakka\n|-damage|p2a: Stakawakka|0 fnt\n|faint|p2a: Stakawakka\n|\n|-heal|p1a: Landorus|8\/100|[from] item: Leftovers\n|upkeep\n|\n|t:|1643065999\n|switch|p2a: Sheep|Ampharos-Mega, F|76\/100\n|-damage|p2a: Sheep|64\/100|[from] Stealth Rock\n|-ability|p2a: Sheep|Mold Breaker\n|turn|18\n|\n|t:|1643066001\n|move|p1a: Landorus|Earthquake|p2a: Sheep\n|-supereffective|p2a: Sheep\n|-damage|p2a: Sheep|0 fnt\n|faint|p2a: Sheep\n|\n|win|Kiu0900\n|raw|Kiu0900's rating: 1560 &rarr; <strong>1579<\/strong><br \/>(+19 for winning)\n|raw|Sp0oNl0rD's rating: 1539 &rarr; <strong>1520<\/strong><br \/>(-19 for losing)\n|l|\u2606Sp0oNl0rD\n||Ladder isn't responding, score probably updated but might not have (Request timeout).\n","uploadtime":1643066191,"views":18,"p1id":"kiu0900","p2id":"sp0onl0rd","formatid":"gen7ou","rating":1520,"private":0,"password":null}