{"id":"gen7ou-806684767","p1":"CarlyBae","p2":"lee jeno","format":"gen7ou","log":"|raw|<div class=\"broadcast-red\"><strong>This battle is invite-only!<\/strong><br \/>Users must be rank + or invited with <code>\/invite<\/code> to join<\/div>\n|j|\u2606CarlyBae\n|j|\u2606lee jeno\n|player|p1|CarlyBae|2\n|player|p2|lee jeno|265\n|teamsize|p1|6\n|teamsize|p2|6\n|gametype|singles\n|gen|7\n|tier|[Gen 7] OU\n|rated|\n|rule|Sleep Clause Mod: Limit one foe put to sleep\n|rule|Species Clause: Limit one of each Pok\u00e9mon\n|rule|OHKO Clause: OHKO moves are banned\n|rule|Moody Clause: Moody is banned\n|rule|Evasion Moves Clause: Evasion moves are banned\n|rule|Endless Battle Clause: Forcing endless battles is banned\n|rule|HP Percentage Mod: HP is shown in percentages\n|clearpoke\n|poke|p1|Porygon-Z|item\n|poke|p1|Landorus-Therian, M|item\n|poke|p1|Magnezone|item\n|poke|p1|Pinsir, F|item\n|poke|p1|Tangrowth, M|item\n|poke|p1|Greninja, M|item\n|poke|p2|Blacephalon|item\n|poke|p2|Gyarados, F|item\n|poke|p2|Landorus-Therian, M|item\n|poke|p2|Tapu Bulu|item\n|poke|p2|Greninja, M|item\n|poke|p2|Tapu Koko|item\n|teampreview\n|inactive|Battle timer is ON: inactive players will automatically lose when time's up. (requested by lee jeno)\n|\n|start\n|switch|p1a: Porygon-Z|Porygon-Z|100\/100\n|switch|p2a: Tapu Koko|Tapu Koko|100\/100\n|-fieldstart|move: Electric Terrain|[from] ability: Electric Surge|[of] p2a: Tapu Koko\n|turn|1\n|\n|move|p2a: Tapu Koko|Volt Switch|p1a: Porygon-Z\n|-damage|p1a: Porygon-Z|7\/100\n|\n|switch|p2a: Greninja|Greninja, M|100\/100\n|move|p1a: Porygon-Z|Tri Attack|p2a: Greninja\n|-damage|p2a: Greninja|0 fnt\n|faint|p2a: Greninja\n|\n|upkeep\n|\n|switch|p2a: Blacephalon|Blacephalon|100\/100\n|turn|2\n|\n|switch|p1a: Landorus|Landorus-Therian, M|100\/100\n|-ability|p1a: Landorus|Intimidate|boost\n|-unboost|p2a: Blacephalon|atk|1\n|move|p2a: Blacephalon|Substitute|p2a: Blacephalon\n|-start|p2a: Blacephalon|Substitute\n|-damage|p2a: Blacephalon|76\/100\n|\n|upkeep\n|turn|3\n|\n|move|p2a: Blacephalon|Calm Mind|p2a: Blacephalon\n|-boost|p2a: Blacephalon|spa|1\n|-boost|p2a: Blacephalon|spd|1\n|move|p1a: Landorus|U-turn|p2a: Blacephalon\n|-resisted|p2a: Blacephalon\n|-activate|p2a: Blacephalon|move: Substitute|[damage]\n|\n|switch|p1a: Magnezone|Magnezone|100\/100\n|\n|upkeep\n|turn|4\n|\n|move|p1a: Magnezone|Thunderbolt|p2a: Blacephalon\n|-end|p2a: Blacephalon|Substitute\n|move|p2a: Blacephalon|Fire Blast|p1a: Magnezone\n|-supereffective|p1a: Magnezone\n|-damage|p1a: Magnezone|0 fnt\n|faint|p1a: Magnezone\n|-ability|p2a: Blacephalon|Beast Boost|boost\n|-boost|p2a: Blacephalon|spa|1\n|\n|upkeep\n|\n|switch|p1a: Greninja|Greninja, M|100\/100\n|turn|5\n|\n|switch|p2a: Tapu Bulu|Tapu Bulu|100\/100\n|-fieldstart|move: Grassy Terrain|[from] ability: Grassy Surge|[of] p2a: Tapu Bulu\n|move|p1a: Greninja|Hydro Pump|p2a: Tapu Bulu|[miss]\n|-miss|p1a: Greninja|p2a: Tapu Bulu\n|\n|upkeep\n|turn|6\n|\n|switch|p2a: Landorus|Landorus-Therian, M|100\/100\n|-ability|p2a: Landorus|Intimidate|boost\n|-unboost|p1a: Greninja|atk|1\n|move|p1a: Greninja|Hydro Pump|p2a: Landorus\n|-supereffective|p2a: Landorus\n|-damage|p2a: Landorus|0 fnt\n|faint|p2a: Landorus\n|-activate|p1a: Greninja|ability: Battle Bond\n|detailschange|p1a: Greninja|Greninja-Ash, M\n|\n|upkeep\n|\n|switch|p2a: Tapu Bulu|Tapu Bulu|100\/100\n|turn|7\n|\n|switch|p1a: Tangrowth|Tangrowth, M|100\/100\n|move|p2a: Tapu Bulu|Swords Dance|p2a: Tapu Bulu\n|-boost|p2a: Tapu Bulu|atk|2\n|\n|upkeep\n|turn|8\n|\n|switch|p2a: Blacephalon|Blacephalon|76\/100\n|switch|p1a: Porygon-Z|Porygon-Z|7\/100\n|\n|-heal|p2a: Blacephalon|82\/100|[from] Grassy Terrain\n|-heal|p1a: Porygon-Z|13\/100|[from] Grassy Terrain\n|upkeep\n|turn|9\n|\n|move|p2a: Blacephalon|Substitute|p2a: Blacephalon\n|-start|p2a: Blacephalon|Substitute\n|-damage|p2a: Blacephalon|57\/100\n|move|p1a: Porygon-Z|Dark Pulse|p2a: Blacephalon\n|-supereffective|p2a: Blacephalon\n|-end|p2a: Blacephalon|Substitute\n|\n|-heal|p2a: Blacephalon|63\/100|[from] Grassy Terrain\n|-heal|p1a: Porygon-Z|19\/100|[from] Grassy Terrain\n|-fieldend|move: Grassy Terrain\n|upkeep\n|turn|10\n|\n|switch|p1a: Greninja|Greninja-Ash, M|100\/100\n|move|p2a: Blacephalon|Fire Blast|p1a: Greninja\n|-resisted|p1a: Greninja\n|-damage|p1a: Greninja|46\/100\n|\n|upkeep\n|turn|11\n|\n|switch|p2a: Tapu Bulu|Tapu Bulu|100\/100\n|-fieldstart|move: Grassy Terrain|[from] ability: Grassy Surge|[of] p2a: Tapu Bulu\n|move|p1a: Greninja|U-turn|p2a: Tapu Bulu\n|-damage|p2a: Tapu Bulu|82\/100\n|\n|switch|p1a: Pinsir|Pinsir, F|100\/100\n|\n|-heal|p2a: Tapu Bulu|89\/100|[from] item: Leftovers\n|-heal|p2a: Tapu Bulu|95\/100|[from] Grassy Terrain\n|upkeep\n|turn|12\n|\n|switch|p2a: Tapu Koko|Tapu Koko|100\/100\n|-fieldstart|move: Electric Terrain|[from] ability: Electric Surge|[of] p2a: Tapu Koko\n|detailschange|p1a: Pinsir|Pinsir-Mega, F\n|-mega|p1a: Pinsir|Pinsir|Pinsirite\n|move|p1a: Pinsir|Return|p2a: Tapu Koko\n|-resisted|p2a: Tapu Koko\n|-damage|p2a: Tapu Koko|48\/100\n|\n|upkeep\n|turn|13\n|\n|switch|p1a: Porygon-Z|Porygon-Z|19\/100\n|move|p2a: Tapu Koko|Hidden Power|p1a: Porygon-Z\n|-damage|p1a: Porygon-Z|0 fnt\n|faint|p1a: Porygon-Z\n|\n|upkeep\n|\n|switch|p1a: Greninja|Greninja-Ash, M|46\/100\n|turn|14\n|\n|switch|p2a: Tapu Bulu|Tapu Bulu|95\/100\n|-fieldstart|move: Grassy Terrain|[from] ability: Grassy Surge|[of] p2a: Tapu Bulu\n|move|p1a: Greninja|U-turn|p2a: Tapu Bulu\n|-damage|p2a: Tapu Bulu|76\/100\n|\n|switch|p1a: Pinsir|Pinsir-Mega, F|100\/100\n|\n|-heal|p2a: Tapu Bulu|82\/100|[from] item: Leftovers\n|-heal|p2a: Tapu Bulu|88\/100|[from] Grassy Terrain\n|upkeep\n|turn|15\n|\n|switch|p2a: Gyarados|Gyarados, F|100\/100\n|-ability|p2a: Gyarados|Intimidate|boost\n|-unboost|p1a: Pinsir|atk|1\n|move|p1a: Pinsir|Return|p2a: Gyarados\n|-damage|p2a: Gyarados|39\/100\n|\n|upkeep\n|turn|16\n|\n|move|p1a: Pinsir|Return|p2a: Gyarados\n|-damage|p2a: Gyarados|0 fnt\n|faint|p2a: Gyarados\n|\n|upkeep\n|\n|switch|p2a: Tapu Koko|Tapu Koko|48\/100\n|-fieldstart|move: Electric Terrain|[from] ability: Electric Surge|[of] p2a: Tapu Koko\n|turn|17\n|\n|switch|p1a: Landorus|Landorus-Therian, M|100\/100\n|-ability|p1a: Landorus|Intimidate|boost\n|-unboost|p2a: Tapu Koko|atk|1\n|move|p2a: Tapu Koko|Hidden Power|p1a: Landorus\n|-supereffective|p1a: Landorus\n|-damage|p1a: Landorus|0 fnt\n|faint|p1a: Landorus\n|\n|upkeep\n|\n|switch|p1a: Greninja|Greninja-Ash, M|46\/100\n|turn|18\n|\n|switch|p2a: Tapu Bulu|Tapu Bulu|88\/100\n|-fieldstart|move: Grassy Terrain|[from] ability: Grassy Surge|[of] p2a: Tapu Bulu\n|move|p1a: Greninja|U-turn|p2a: Tapu Bulu\n|-damage|p2a: Tapu Bulu|71\/100\n|\n|switch|p1a: Pinsir|Pinsir-Mega, F|100\/100\n|\n|-heal|p2a: Tapu Bulu|77\/100|[from] item: Leftovers\n|-heal|p2a: Tapu Bulu|83\/100|[from] Grassy Terrain\n|upkeep\n|turn|19\n|\n|move|p1a: Pinsir|Return|p2a: Tapu Bulu\n|-supereffective|p2a: Tapu Bulu\n|-damage|p2a: Tapu Bulu|0 fnt\n|faint|p2a: Tapu Bulu\n|\n|upkeep\n|\n|switch|p2a: Tapu Koko|Tapu Koko|48\/100\n|-fieldstart|move: Electric Terrain|[from] ability: Electric Surge|[of] p2a: Tapu Koko\n|turn|20\n|-message|lee jeno forfeited.\n|\n|win|CarlyBae\n|l|\u2606lee jeno\n|raw|CarlyBae's rating: 1526 &rarr; <strong>1543<\/strong><br \/>(+17 for winning)\n|raw|lee jeno's rating: 1466 &rarr; <strong>1449<\/strong><br \/>(-17 for losing)\n|c|\u2606CarlyBae|\/log CarlyBae made this room public.\n","uploadtime":1537131317,"views":7,"p1id":"carlybae","p2id":"leejeno","formatid":"gen7ou","rating":1449,"private":0,"password":null}