{"id":"gen7ou-818612079","p1":"RisPardal","p2":"worstsetsever","format":"gen7ou","log":"|j|\u2606RisPardal\n|j|\u2606worstsetsever\n|player|p1|RisPardal|266\n|player|p2|worstsetsever|170\n|teamsize|p1|6\n|teamsize|p2|6\n|gametype|singles\n|gen|7\n|tier|[Gen 7] OU\n|rated|\n|rule|Sleep Clause Mod: Limit one foe put to sleep\n|rule|Species Clause: Limit one of each Pok\u00e9mon\n|rule|OHKO Clause: OHKO moves are banned\n|rule|Moody Clause: Moody is banned\n|rule|Evasion Moves Clause: Evasion moves are banned\n|rule|Endless Battle Clause: Forcing endless battles is banned\n|rule|HP Percentage Mod: HP is shown in percentages\n|clearpoke\n|poke|p1|Nidoking, M|item\n|poke|p1|Gyarados, F|item\n|poke|p1|Heliolisk, F|item\n|poke|p1|Tapu Bulu|item\n|poke|p1|Volcarona, F|item\n|poke|p1|Hawlucha, M|item\n|poke|p2|Feraligatr, F|item\n|poke|p2|Gyarados, M|item\n|poke|p2|Rhydon, M|item\n|poke|p2|Clefable, M|item\n|poke|p2|Scizor, F|item\n|poke|p2|Jolteon, F|item\n|teampreview\n|j| HinduGodSavitar\n|inactive|Battle timer is ON: inactive players will automatically lose when time's up. (requested by worstsetsever)\n|\n|start\n|switch|p1a: Nidoking|Nidoking, M|100\/100\n|switch|p2a: Feraligatr|Feraligatr, F|100\/100\n|turn|1\n|\n|move|p1a: Nidoking|Poison Jab|p2a: Feraligatr\n|-damage|p2a: Feraligatr|39\/100\n|move|p2a: Feraligatr|Liquidation|p1a: Nidoking\n|-supereffective|p1a: Nidoking\n|-damage|p1a: Nidoking|0 fnt\n|faint|p1a: Nidoking\n|\n|upkeep\n|\n|switch|p1a: HelioKing|Heliolisk, F|100\/100\n|turn|2\n|\n|move|p1a: HelioKing|Hyper Voice|p2a: Feraligatr\n|-damage|p2a: Feraligatr|0 fnt\n|faint|p2a: Feraligatr\n|\n|upkeep\n|\n|switch|p2a: Scizor|Scizor, F|100\/100\n|turn|3\n|\n|switch|p1a: GROWING UP|Volcarona, F|100\/100\n|move|p2a: Scizor|U-turn|p1a: GROWING UP\n|-resisted|p1a: GROWING UP\n|-damage|p1a: GROWING UP|87\/100\n|\n|switch|p2a: Gyarados|Gyarados, M|100\/100\n|-ability|p2a: Gyarados|Intimidate|boost\n|-unboost|p1a: GROWING UP|atk|1\n|\n|-heal|p1a: GROWING UP|93\/100|[from] item: Leftovers\n|upkeep\n|turn|4\n|\n|move|p2a: Gyarados|Waterfall|p1a: GROWING UP\n|-supereffective|p1a: GROWING UP\n|-damage|p1a: GROWING UP|16\/100\n|-status|p2a: Gyarados|brn|[from] ability: Flame Body|[of] p1a: GROWING UP\n|cant|p1a: GROWING UP|flinch\n|\n|-heal|p1a: GROWING UP|22\/100|[from] item: Leftovers\n|-damage|p2a: Gyarados|94\/100 brn|[from] brn\n|upkeep\n|turn|5\n|\n|move|p2a: Gyarados|Waterfall|p1a: GROWING UP\n|-supereffective|p1a: GROWING UP\n|-damage|p1a: GROWING UP|0 fnt\n|faint|p1a: GROWING UP\n|\n|-damage|p2a: Gyarados|88\/100 brn|[from] brn\n|upkeep\n|\n|switch|p1a: Gyarados|Gyarados, F|100\/100\n|-ability|p1a: Gyarados|Intimidate|boost\n|-unboost|p2a: Gyarados|atk|1\n|turn|6\n|\n|switch|p2a: Jolteon|Jolteon, F|100\/100\n|move|p1a: Gyarados|Dragon Dance|p1a: Gyarados\n|-boost|p1a: Gyarados|atk|1\n|-boost|p1a: Gyarados|spe|1\n|\n|-status|p2a: Jolteon|brn|[from] item: Flame Orb\n|upkeep\n|turn|7\n|\n|switch|p1a: Tapu Bulu|Tapu Bulu|100\/100\n|-fieldstart|move: Grassy Terrain|[from] ability: Grassy Surge|[of] p1a: Tapu Bulu\n|move|p2a: Jolteon|Thunderbolt|p1a: Tapu Bulu\n|-resisted|p1a: Tapu Bulu\n|-damage|p1a: Tapu Bulu|82\/100\n|\n|-heal|p1a: Tapu Bulu|88\/100|[from] item: Leftovers\n|-heal|p1a: Tapu Bulu|94\/100|[from] Grassy Terrain\n|-damage|p2a: Jolteon|95\/100 brn|[from] brn\n|upkeep\n|turn|8\n|\n|move|p2a: Jolteon|Volt Switch|p1a: Tapu Bulu\n|-resisted|p1a: Tapu Bulu\n|-damage|p1a: Tapu Bulu|79\/100\n|\n|switch|p2a: Scizor|Scizor, F|100\/100\n|move|p1a: Tapu Bulu|Leech Seed|p2a: Scizor\n|-start|p2a: Scizor|move: Leech Seed\n|\n|-heal|p1a: Tapu Bulu|86\/100|[from] item: Leftovers\n|-heal|p1a: Tapu Bulu|92\/100|[from] Grassy Terrain\n|-damage|p2a: Scizor|88\/100|[from] Leech Seed|[of] p1a: Tapu Bulu\n|-heal|p1a: Tapu Bulu|100\/100|[silent]\n|upkeep\n|turn|9\n|\n|switch|p1a: HelioKing|Heliolisk, F|100\/100\n|move|p2a: Scizor|U-turn|p1a: HelioKing\n|-damage|p1a: HelioKing|39\/100\n|\n|switch|p2a: Jolteon|Jolteon, F|95\/100 brn\n|\n|-heal|p2a: Jolteon|100\/100 brn|[from] Grassy Terrain\n|-heal|p1a: HelioKing|45\/100|[from] Grassy Terrain\n|-damage|p2a: Jolteon|95\/100 brn|[from] brn\n|upkeep\n|turn|10\n|\n|move|p2a: Jolteon|Volt Switch|p1a: HelioKing\n|-resisted|p1a: HelioKing\n|-damage|p1a: HelioKing|23\/100\n|\n|switch|p2a: Rhydon|Rhydon, M|100\/100\n|move|p1a: HelioKing|Hyper Voice|p2a: Rhydon\n|-resisted|p2a: Rhydon\n|-damage|p2a: Rhydon|85\/100\n|\n|-heal|p1a: HelioKing|29\/100|[from] Grassy Terrain\n|-heal|p2a: Rhydon|91\/100|[from] Grassy Terrain\n|upkeep\n|turn|11\n|\n|switch|p1a: Hawlucha|Hawlucha, M|100\/100\n|-enditem|p1a: Hawlucha|Grassy Seed\n|-boost|p1a: Hawlucha|def|1\n|move|p2a: Rhydon|Stealth Rock|p1a: Hawlucha\n|-sidestart|p1: RisPardal|move: Stealth Rock\n|\n|-heal|p2a: Rhydon|97\/100|[from] Grassy Terrain\n|-fieldend|move: Grassy Terrain\n|upkeep\n|turn|12\n|\n|switch|p2a: Clefable|Clefable, M|100\/100\n|move|p1a: Hawlucha|Swords Dance|p1a: Hawlucha\n|-boost|p1a: Hawlucha|atk|2\n|\n|upkeep\n|turn|13\n|\n|move|p1a: Hawlucha|Poison Jab|p2a: Clefable\n|-supereffective|p2a: Clefable\n|-damage|p2a: Clefable|23\/100\n|move|p2a: Clefable|Moonblast|p1a: Hawlucha\n|-supereffective|p1a: Hawlucha\n|-damage|p1a: Hawlucha|3\/100\n|\n|-heal|p2a: Clefable|29\/100|[from] item: Leftovers\n|upkeep\n|turn|14\n|\n|switch|p2a: Scizor|Scizor, F|88\/100\n|move|p1a: Hawlucha|Acrobatics|p2a: Scizor\n|-damage|p2a: Scizor|0 fnt\n|faint|p2a: Scizor\n|\n|upkeep\n|\n|switch|p2a: Gyarados|Gyarados, M|88\/100 brn\n|-ability|p2a: Gyarados|Intimidate|boost\n|-unboost|p1a: Hawlucha|atk|1\n|turn|15\n|\n|move|p1a: Hawlucha|Acrobatics|p2a: Gyarados\n|-damage|p2a: Gyarados|0 fnt\n|faint|p2a: Gyarados\n|\n|upkeep\n|\n|switch|p2a: Rhydon|Rhydon, M|97\/100\n|turn|16\n|\n|move|p1a: Hawlucha|High Jump Kick|p2a: Rhydon\n|-supereffective|p2a: Rhydon\n|-damage|p2a: Rhydon|16\/100\n|move|p2a: Rhydon|Fire Punch|p1a: Hawlucha\n|-damage|p1a: Hawlucha|0 fnt\n|faint|p1a: Hawlucha\n|\n|upkeep\n|\n|switch|p1a: HelioKing|Heliolisk, F|29\/100\n|-damage|p1a: HelioKing|16\/100|[from] Stealth Rock\n|turn|17\n|\n|move|p1a: HelioKing|Surf|p2a: Rhydon\n|-supereffective|p2a: Rhydon\n|-damage|p2a: Rhydon|0 fnt\n|faint|p2a: Rhydon\n|\n|upkeep\n|\n|switch|p2a: Clefable|Clefable, M|29\/100\n|turn|18\n|\n|switch|p1a: Gyarados|Gyarados, F|100\/100\n|-damage|p1a: Gyarados|76\/100|[from] Stealth Rock\n|-ability|p1a: Gyarados|Intimidate|boost\n|-unboost|p2a: Clefable|atk|1\n|move|p2a: Clefable|Soft-Boiled|p2a: Clefable\n|-heal|p2a: Clefable|79\/100\n|\n|-heal|p2a: Clefable|85\/100|[from] item: Leftovers\n|upkeep\n|turn|19\n|\n|switch|p2a: Jolteon|Jolteon, F|95\/100 brn\n|move|p1a: Gyarados|Dragon Dance|p1a: Gyarados\n|-boost|p1a: Gyarados|atk|1\n|-boost|p1a: Gyarados|spe|1\n|\n|-damage|p2a: Jolteon|89\/100 brn|[from] brn\n|upkeep\n|turn|20\n|\n|detailschange|p1a: Gyarados|Gyarados-Mega, F\n|-mega|p1a: Gyarados|Gyarados|Gyaradosite\n|-ability|p1a: Gyarados|Mold Breaker\n|move|p2a: Jolteon|Volt Switch|p1a: Gyarados\n|-supereffective|p1a: Gyarados\n|-damage|p1a: Gyarados|21\/100\n|\n|switch|p2a: Clefable|Clefable, M|85\/100\n|move|p1a: Gyarados|Crunch|p2a: Clefable\n|-resisted|p2a: Clefable\n|-damage|p2a: Clefable|62\/100\n|-unboost|p2a: Clefable|def|1\n|\n|-heal|p2a: Clefable|68\/100|[from] item: Leftovers\n|upkeep\n|turn|21\n|\n|move|p1a: Gyarados|Waterfall|p2a: Clefable\n|-damage|p2a: Clefable|0 fnt\n|faint|p2a: Clefable\n|\n|upkeep\n|-message|worstsetsever forfeited.\n|\n|win|RisPardal\n|l|\u2606worstsetsever\n|raw|RisPardal's rating: 1422 &rarr; <strong>1447<\/strong><br \/>(+25 for winning)\n|raw|worstsetsever's rating: 1507 &rarr; <strong>1482<\/strong><br \/>(-25 for losing)\n","uploadtime":1539246795,"views":7,"p1id":"rispardal","p2id":"worstsetsever","formatid":"gen7ou","rating":1447,"private":0,"password":null}