{"id":"gen7uu-988140273","p1":"Haitun Testing 2","p2":"DarkSanyo","format":"gen7uu","log":"|j|\u2606Haitun Testing 2\n|j|\u2606DarkSanyo\n|player|p1|Haitun Testing 2|169|1463\n|player|p2|DarkSanyo|274|1343\n|teamsize|p1|6\n|teamsize|p2|6\n|gametype|singles\n|gen|7\n|tier|[Gen 7] UU\n|rated|\n|rule|Sleep Clause Mod: Limit one foe put to sleep\n|rule|Species Clause: Limit one of each Pok\u00e9mon\n|rule|OHKO Clause: OHKO moves are banned\n|rule|Moody Clause: Moody is banned\n|rule|Evasion Moves Clause: Evasion moves are banned\n|rule|Endless Battle Clause: Forcing endless battles is banned\n|rule|HP Percentage Mod: HP is shown in percentages\n|clearpoke\n|poke|p1|Beedrill, F|item\n|poke|p1|Zygarde-10%|item\n|poke|p1|Primarina, M|item\n|poke|p1|Espeon, M|item\n|poke|p1|Cobalion|item\n|poke|p1|Rotom-Heat|item\n|poke|p2|Froslass, F|item\n|poke|p2|Krookodile, F|item\n|poke|p2|Scizor, F|item\n|poke|p2|Mimikyu, F|item\n|poke|p2|Sharpedo, M|item\n|poke|p2|Latias, F|item\n|teampreview\n|\n|start\n|switch|p1a: Beedrill|Beedrill, F|100\/100\n|switch|p2a: Krookodile|Krookodile, F|100\/100\n|-ability|p2a: Krookodile|Intimidate|boost\n|-unboost|p1a: Beedrill|atk|1\n|turn|1\n|inactive|Battle timer is ON: inactive players will automatically lose when time's up. (requested by DarkSanyo)\n|\n|switch|p2a: Scizor|Scizor, F|100\/100\n|detailschange|p1a: Beedrill|Beedrill-Mega, F\n|-mega|p1a: Beedrill|Beedrill|Beedrillite\n|move|p1a: Beedrill|U-turn|p2a: Scizor\n|-resisted|p2a: Scizor\n|-damage|p2a: Scizor|80\/100\n|\n|switch|p1a: Rotom|Rotom-Heat|100\/100|[from]move: U-turn\n|\n|upkeep\n|turn|2\n|\n|switch|p2a: Latias|Latias, F|100\/100\n|move|p1a: Rotom|Will-O-Wisp|p2a: Latias\n|-status|p2a: Latias|brn\n|\n|-damage|p2a: Latias|95\/100 brn|[from] brn\n|upkeep\n|turn|3\n|inactive|DarkSanyo has 120 seconds left.\n|\n|switch|p1a: Primarina|Primarina, M|100\/100\n|move|p2a: Latias|Psyshock|p1a: Primarina\n|-damage|p1a: Primarina|54\/100\n|\n|-damage|p2a: Latias|89\/100 brn|[from] brn\n|upkeep\n|turn|4\n|inactive|DarkSanyo has 120 seconds left.\n|\n|-zpower|p2a: Latias\n|move|p2a: Latias|Gigavolt Havoc|p1a: Primarina|[zeffect]\n|-supereffective|p1a: Primarina\n|-damage|p1a: Primarina|0 fnt\n|faint|p1a: Primarina\n|\n|-damage|p2a: Latias|83\/100 brn|[from] brn\n|upkeep\n|\n|switch|p1a: Beedrill|Beedrill-Mega, F|100\/100\n|turn|5\n|inactive|DarkSanyo has 120 seconds left.\n|\n|switch|p2a: Froslass|Froslass, F|100\/100\n|move|p1a: Beedrill|U-turn|p2a: Froslass\n|-resisted|p2a: Froslass\n|-damage|p2a: Froslass|59\/100\n|-start|p1a: Beedrill|Disable|U-turn|[from] ability: Cursed Body|[of] p2a: Froslass\n|\n|switch|p1a: Zygarde|Zygarde-10%|100\/100|[from]move: U-turn\n|-ability|p1a: Zygarde|Aura Break\n|\n|upkeep\n|turn|6\n|inactive|DarkSanyo has 120 seconds left.\n|\n|move|p1a: Zygarde|Thousand Arrows|p2a: Froslass\n|-damage|p2a: Froslass|0 fnt\n|faint|p2a: Froslass\n|\n|upkeep\n|inactive|DarkSanyo has 120 seconds left.\n|\n|switch|p2a: Mimikyu|Mimikyu, F|100\/100\n|turn|7\n|\n|move|p1a: Zygarde|Thousand Arrows|p2a: Mimikyu\n|-activate|p2a: Mimikyu|ability: Disguise\n|-damage|p2a: Mimikyu|100\/100\n|detailschange|p2a: Mimikyu|Mimikyu-Busted, F\n|move|p2a: Mimikyu|Swords Dance|p2a: Mimikyu\n|-boost|p2a: Mimikyu|atk|2\n|\n|upkeep\n|turn|8\n|\n|move|p1a: Zygarde|Thousand Arrows|p2a: Mimikyu\n|-damage|p2a: Mimikyu|5\/100\n|move|p2a: Mimikyu|Play Rough|p1a: Zygarde\n|-supereffective|p1a: Zygarde\n|-damage|p1a: Zygarde|0 fnt\n|-damage|p2a: Mimikyu|0 fnt|[from] item: Life Orb\n|faint|p1a: Zygarde\n|faint|p2a: Mimikyu\n|\n|upkeep\n|\n|switch|p1a: Cobalion|Cobalion|100\/100\n|switch|p2a: Krookodile|Krookodile, F|100\/100\n|-ability|p2a: Krookodile|Intimidate|boost\n|-unboost|p1a: Cobalion|atk|1\n|turn|9\n|\n|move|p1a: Cobalion|Close Combat|p2a: Krookodile\n|-supereffective|p2a: Krookodile\n|-damage|p2a: Krookodile|18\/100\n|-unboost|p1a: Cobalion|def|1\n|-unboost|p1a: Cobalion|spd|1\n|move|p2a: Krookodile|Earthquake|p1a: Cobalion\n|-supereffective|p1a: Cobalion\n|-damage|p1a: Cobalion|0 fnt\n|faint|p1a: Cobalion\n|\n|upkeep\n|\n|switch|p1a: Beedrill|Beedrill-Mega, F|100\/100\n|turn|10\n|\n|move|p1a: Beedrill|U-turn|p2a: Krookodile\n|-supereffective|p2a: Krookodile\n|-damage|p2a: Krookodile|0 fnt\n|faint|p2a: Krookodile\n|\n|switch|p1a: Espeon|Espeon, M|100\/100|[from]move: U-turn\n|\n|upkeep\n|\n|switch|p2a: Sharpedo|Sharpedo, M|100\/100\n|turn|11\n|\n|move|p1a: Espeon|Signal Beam|p2a: Sharpedo\n|-supereffective|p2a: Sharpedo\n|-damage|p2a: Sharpedo|0 fnt\n|faint|p2a: Sharpedo\n|\n|upkeep\n|\n|switch|p2a: Scizor|Scizor, F|80\/100\n|turn|12\n|\n|move|p1a: Espeon|Hidden Power|p2a: Scizor\n|-supereffective|p2a: Scizor\n|-damage|p2a: Scizor|0 fnt\n|faint|p2a: Scizor\n|\n|upkeep\n|\n|switch|p2a: Latias|Latias, F|83\/100 brn\n|turn|13\n|\n|move|p1a: Espeon|Calm Mind|p1a: Espeon\n|-boost|p1a: Espeon|spa|1\n|-boost|p1a: Espeon|spd|1\n|move|p2a: Latias|Calm Mind|p2a: Latias\n|-boost|p2a: Latias|spa|1\n|-boost|p2a: Latias|spd|1\n|\n|-damage|p2a: Latias|77\/100 brn|[from] brn\n|upkeep\n|turn|14\n|\n|move|p1a: Espeon|Calm Mind|p1a: Espeon\n|-boost|p1a: Espeon|spa|1\n|-boost|p1a: Espeon|spd|1\n|move|p2a: Latias|Psyshock|p1a: Espeon\n|-resisted|p1a: Espeon\n|-damage|p1a: Espeon|55\/100\n|\n|-heal|p1a: Espeon|61\/100|[from] item: Leftovers\n|-damage|p2a: Latias|71\/100 brn|[from] brn\n|upkeep\n|turn|15\n|\n|move|p2a: Latias|Calm Mind|p2a: Latias\n|-boost|p2a: Latias|spa|1\n|-boost|p2a: Latias|spd|1\n|move|p1a: Espeon|Signal Beam|p2a: Latias\n|-supereffective|p2a: Latias\n|-damage|p2a: Latias|27\/100 brn\n|-start|p2a: Latias|confusion\n|\n|-heal|p1a: Espeon|67\/100|[from] item: Leftovers\n|-damage|p2a: Latias|21\/100 brn|[from] brn\n|upkeep\n|turn|16\n|\n|move|p1a: Espeon|Psyshock|p2a: Latias\n|-resisted|p2a: Latias\n|-damage|p2a: Latias|0 fnt\n|faint|p2a: Latias\n|\n|win|Haitun Testing 2\n|l|\u2606DarkSanyo\n","uploadtime":1570396817,"views":11,"p1id":"haituntesting2","p2id":"darksanyo","formatid":"gen7uu","rating":0,"private":0,"password":null}