{"id":"gen7randombattle-639657371","p1":"wolfwarrior","p2":"NikBrusk","format":"gen7randombattle","log":"|j|wolfwarrior\n|j|NikBrusk\n|player|p1|wolfwarrior|162\n|teamsize|p1|6\n|player|p2|NikBrusk|238\n|teamsize|p2|6\n|gametype|singles\n|gen|7\n|tier|[Gen 7] Random Battle\n|rated\n|seed|27176,25715,12863,41986,55848,60950,7401,47145,63472,39509,55756,23025\n|rule|Sleep Clause Mod: Limit one foe put to sleep\n|rule|HP Percentage Mod: HP is shown in percentages\n|\n|start\n|switch|p1a: Vanilluxe|Vanilluxe, L81, M|100\/100\n|switch|p2a: Marowak|Marowak-Alola, L75, F|100\/100\n|-weather|Hail|[from] ability: Snow Warning|[of] p1a: Vanilluxe\n|turn|1\n|choice|switch 5|move flamecharge\n|\n|switch|p1a: Golisopod|Golisopod, L79, M|100\/100\n|move|p2a: Marowak|Flame Charge|p1a: Golisopod\n|-damage|p1a: Golisopod|79\/100\n|-boost|p2a: Marowak|spe|1\n|\n|-weather|Hail|[upkeep]\n|-damage|p2a: Marowak|94\/100|[from] hail\n|-damage|p1a: Golisopod|73\/100|[from] hail\n|-heal|p1a: Golisopod|79\/100|[from] item: Leftovers\n|upkeep\n|turn|2\n|choice|move liquidation|move stoneedge\n|\n|move|p2a: Marowak|Stone Edge|p1a: Golisopod\n|-supereffective|p1a: Golisopod\n|-damage|p1a: Golisopod|23\/100\n|-activate|p1a: Golisopod|ability: Emergency Exit\n|choice|switch 3|\n|\n|switch|p1a: Mandibuzz|Mandibuzz, L77, F|100\/100\n|\n|-weather|Hail|[upkeep]\n|-damage|p2a: Marowak|88\/100|[from] hail\n|upkeep\n|turn|3\n|choice|move whirlwind|move stoneedge\n|\n|move|p2a: Marowak|Stone Edge|p1a: Mandibuzz|[miss]\n|-miss|p2a: Marowak|p1a: Mandibuzz\n|move|p1a: Mandibuzz|Whirlwind|p2a: Marowak\n|drag|p2a: Wormadam|Wormadam-Trash, L83, F|100\/100\n|\n|-weather|Hail|[upkeep]\n|upkeep\n|turn|4\n|choice|move taunt|move stealthrock\n|\n|move|p1a: Mandibuzz|Taunt|p2a: Wormadam\n|-start|p2a: Wormadam|move: Taunt\n|cant|p2a: Wormadam|move: Taunt|Stealth Rock\n|\n|-weather|Hail|[upkeep]\n|upkeep\n|turn|5\n|choice|switch 2|switch 4\n|\n|switch|p1a: Tropius|Tropius, L83, M|100\/100\n|switch|p2a: Marowak|Marowak-Alola, L75, F|88\/100\n|\n|-weather|none\n|upkeep\n|turn|6\n|choice|move substitute|move flamecharge\n|\n|move|p1a: Tropius|Substitute|p1a: Tropius\n|-start|p1a: Tropius|Substitute\n|-damage|p1a: Tropius|75\/100\n|move|p2a: Marowak|Flame Charge|p1a: Tropius\n|-supereffective|p1a: Tropius\n|-end|p1a: Tropius|Substitute\n|-boost|p2a: Marowak|spe|1\n|\n|upkeep\n|turn|7\n|choice|switch 2|move flareblitz\n|\n|switch|p1a: Mandibuzz|Mandibuzz, L77, F|100\/100\n|move|p2a: Marowak|Flare Blitz|p1a: Mandibuzz\n|-damage|p1a: Mandibuzz|39\/100\n|-damage|p2a: Marowak|61\/100|[from] Recoil|[of] p1a: Mandibuzz\n|\n|-heal|p1a: Mandibuzz|46\/100|[from] item: Leftovers\n|upkeep\n|turn|8\n|choice|move knockoff|move stoneedge\n|\n|move|p1a: Mandibuzz|Knock Off|p2a: Marowak\n|-supereffective|p2a: Marowak\n|-damage|p2a: Marowak|8\/100\n|-enditem|p2a: Marowak|Thick Club|[from] move: Knock Off|[of] p1a: Mandibuzz\n|move|p2a: Marowak|Stone Edge|p1a: Mandibuzz\n|-supereffective|p1a: Mandibuzz\n|-damage|p1a: Mandibuzz|14\/100\n|\n|-heal|p1a: Mandibuzz|20\/100|[from] item: Leftovers\n|upkeep\n|turn|9\n|choice|move roost|move stoneedge\n|\n|move|p1a: Mandibuzz|Roost|p1a: Mandibuzz\n|-heal|p1a: Mandibuzz|70\/100\n|move|p2a: Marowak|Stone Edge|p1a: Mandibuzz\n|-damage|p1a: Mandibuzz|54\/100\n|\n|-heal|p1a: Mandibuzz|60\/100|[from] item: Leftovers\n|upkeep\n|turn|10\n|choice|move roost|move flamecharge\n|\n|move|p1a: Mandibuzz|Roost|p1a: Mandibuzz\n|-heal|p1a: Mandibuzz|100\/100\n|move|p2a: Marowak|Flame Charge|p1a: Mandibuzz\n|-damage|p1a: Mandibuzz|87\/100\n|-boost|p2a: Marowak|spe|1\n|\n|-heal|p1a: Mandibuzz|93\/100|[from] item: Leftovers\n|upkeep\n|turn|11\n|choice|move knockoff|move stoneedge\n|\n|move|p2a: Marowak|Stone Edge|p1a: Mandibuzz\n|-supereffective|p1a: Mandibuzz\n|-crit|p1a: Mandibuzz\n|-damage|p1a: Mandibuzz|44\/100\n|move|p1a: Mandibuzz|Knock Off|p2a: Marowak\n|-supereffective|p2a: Marowak\n|-damage|p2a: Marowak|0 fnt\n|faint|p2a: Marowak\n|\n|-heal|p1a: Mandibuzz|50\/100|[from] item: Leftovers\n|upkeep\n|choice||switch 3\n|\n|switch|p2a: Tsareena|Tsareena, L79, F|100\/100\n|turn|12\n|choice|switch 2|move playrough\n|\n|switch|p1a: Tropius|Tropius, L83, M|75\/100\n|move|p2a: Tsareena|Play Rough|p1a: Tropius\n|-damage|p1a: Tropius|54\/100\n|\n|upkeep\n|turn|13\n|choice|move substitute|switch 4\n|\n|switch|p2a: Wormadam|Wormadam-Trash, L83, F|100\/100\n|move|p1a: Tropius|Substitute|p1a: Tropius\n|-start|p1a: Tropius|Substitute\n|-damage|p1a: Tropius|29\/100\n|-enditem|p1a: Tropius|Sitrus Berry|[eat]\n|-heal|p1a: Tropius|54\/100|[from] item: Sitrus Berry\n|\n|upkeep\n|turn|14\n|choice|move leechseed|move stealthrock\n|\n|move|p1a: Tropius|Leech Seed|p2a: Wormadam\n|-start|p2a: Wormadam|move: Leech Seed\n|move|p2a: Wormadam|Stealth Rock|p1a: Tropius\n|-sidestart|p1: wolfwarrior|move: Stealth Rock\n|\n|-damage|p2a: Wormadam|88\/100|[from] Leech Seed|[of] p1a: Tropius\n|-heal|p1a: Tropius|63\/100|[silent]\n|upkeep\n|turn|15\n|choice|move airslash|switch 5\n|\n|switch|p2a: Shaymin|Shaymin-Sky, L73|100\/100\n|move|p1a: Tropius|Air Slash|p2a: Shaymin\n|-supereffective|p2a: Shaymin\n|-damage|p2a: Shaymin|43\/100\n|\n|-heal|p2a: Shaymin|49\/100|[from] item: Leftovers\n|upkeep\n|turn|16\n|inactive|Battle timer is ON: inactive players will automatically lose when time's up. (requested by NikBrusk)\n|choice|move airslash|move airslash\n|\n|move|p2a: Shaymin|Air Slash|p1a: Tropius\n|-supereffective|p1a: Tropius\n|-end|p1a: Tropius|Substitute\n|move|p1a: Tropius|Air Slash|p2a: Shaymin\n|-supereffective|p2a: Shaymin\n|-damage|p2a: Shaymin|0 fnt\n|faint|p2a: Shaymin\n|\n|upkeep\n|choice||switch 2\n|\n|switch|p2a: Crawdaunt|Crawdaunt, L77, F|100\/100\n|turn|17\n|choice|move substitute|move dragondance\n|\n|move|p1a: Tropius|Substitute|p1a: Tropius\n|-start|p1a: Tropius|Substitute\n|-damage|p1a: Tropius|38\/100\n|move|p2a: Crawdaunt|Dragon Dance|p2a: Crawdaunt\n|-boost|p2a: Crawdaunt|atk|1\n|-boost|p2a: Crawdaunt|spe|1\n|\n|-item|p1a: Tropius|Sitrus Berry|[from] ability: Harvest\n|upkeep\n|-enditem|p1a: Tropius|Sitrus Berry|[eat]\n|-heal|p1a: Tropius|63\/100|[from] item: Sitrus Berry\n|turn|18\n|choice|move leechseed|move knockoff\n|\n|move|p2a: Crawdaunt|Knock Off|p1a: Tropius\n|-end|p1a: Tropius|Substitute\n|-damage|p2a: Crawdaunt|91\/100|[from] item: Life Orb\n|move|p1a: Tropius|Leech Seed|p2a: Crawdaunt\n|-start|p2a: Crawdaunt|move: Leech Seed\n|\n|-damage|p2a: Crawdaunt|78\/100|[from] Leech Seed|[of] p1a: Tropius\n|-heal|p1a: Tropius|73\/100|[silent]\n|-item|p1a: Tropius|Sitrus Berry|[from] ability: Harvest\n|upkeep\n|turn|19\n|choice|move protect|move knockoff\n|\n|move|p1a: Tropius|Protect|p1a: Tropius\n|-singleturn|p1a: Tropius|Protect\n|move|p2a: Crawdaunt|Knock Off|p1a: Tropius\n|-activate|p1a: Tropius|move: Protect\n|\n|-damage|p2a: Crawdaunt|66\/100|[from] Leech Seed|[of] p1a: Tropius\n|-heal|p1a: Tropius|82\/100|[silent]\n|upkeep\n|turn|20\n|choice|move airslash|move knockoff\n|\n|move|p2a: Crawdaunt|Knock Off|p1a: Tropius\n|-damage|p1a: Tropius|0 fnt\n|-enditem|p1a: Tropius|Sitrus Berry|[from] move: Knock Off|[of] p2a: Crawdaunt\n|-damage|p2a: Crawdaunt|56\/100|[from] item: Life Orb\n|faint|p1a: Tropius\n|\n|upkeep\n|inactive|wolfwarrior has 120 seconds left.\n|choice|switch 6|\n|\n|switch|p1a: Alakazam|Alakazam, L75, M|100\/100\n|turn|21\n|choice|move focusblast|move knockoff\n|\n|move|p1a: Alakazam|Focus Blast|p2a: Crawdaunt\n|-supereffective|p2a: Crawdaunt\n|-damage|p2a: Crawdaunt|0 fnt\n|faint|p2a: Crawdaunt\n|\n|upkeep\n|choice||switch 4\n|\n|switch|p2a: Tsareena|Tsareena, L79, F|100\/100\n|turn|22\n|choice|switch 3|move uturn\n|\n|switch|p1a: Golisopod|Golisopod, L79, M|23\/100\n|-damage|p1a: Golisopod|0 fnt|[from] Stealth Rock\n|faint|p1a: Golisopod\n|move|p2a: Tsareena|U-turn|p1: Golisopod|[notarget]\n|-notarget\n|\n|upkeep\n|choice|switch 2|\n|\n|switch|p1a: Mandibuzz|Mandibuzz, L77, F|50\/100\n|-damage|p1a: Mandibuzz|25\/100|[from] Stealth Rock\n|turn|23\n|choice|move roost|move uturn\n|\n|move|p2a: Tsareena|U-turn|p1a: Mandibuzz\n|-damage|p1a: Mandibuzz|10\/100\n|choice||switch 5\n|\n|switch|p2a: Wormadam|Wormadam-Trash, L83, F|88\/100\n|move|p1a: Mandibuzz|Roost|p1a: Mandibuzz\n|-heal|p1a: Mandibuzz|60\/100\n|\n|-heal|p1a: Mandibuzz|66\/100|[from] item: Leftovers\n|-heal|p2a: Wormadam|94\/100|[from] item: Leftovers\n|upkeep\n|turn|24\n|choice|move taunt|move toxic\n|\n|move|p1a: Mandibuzz|Taunt|p2a: Wormadam\n|-start|p2a: Wormadam|move: Taunt\n|cant|p2a: Wormadam|move: Taunt|Toxic\n|\n|-heal|p1a: Mandibuzz|72\/100|[from] item: Leftovers\n|-heal|p2a: Wormadam|99\/100|[from] item: Leftovers\n|upkeep\n|turn|25\n|choice|move knockoff|switch 6\n|\n|switch|p2a: Flygon|Flygon, L79, M|100\/100\n|move|p1a: Mandibuzz|Knock Off|p2a: Flygon\n|-crit|p2a: Flygon\n|-damage|p2a: Flygon|58\/100\n|-enditem|p2a: Flygon|Choice Band|[from] move: Knock Off|[of] p1a: Mandibuzz\n|\n|-heal|p1a: Mandibuzz|78\/100|[from] item: Leftovers\n|upkeep\n|turn|26\n|choice|move whirlwind|move outrage\n|\n|move|p2a: Flygon|Outrage|p1a: Mandibuzz\n|-damage|p1a: Mandibuzz|39\/100\n|move|p1a: Mandibuzz|Whirlwind|p2a: Flygon\n|drag|p2a: Wormadam|Wormadam-Trash, L83, F|99\/100\n|\n|-heal|p1a: Mandibuzz|46\/100|[from] item: Leftovers\n|-heal|p2a: Wormadam|100\/100|[from] item: Leftovers\n|upkeep\n|turn|27\n|choice|move roost|move toxic\n|\n|move|p1a: Mandibuzz|Roost|p1a: Mandibuzz\n|-heal|p1a: Mandibuzz|96\/100\n|move|p2a: Wormadam|Toxic|p1a: Mandibuzz\n|-status|p1a: Mandibuzz|tox\n|\n|-heal|p1a: Mandibuzz|100\/100 tox|[from] item: Leftovers\n|-damage|p1a: Mandibuzz|94\/100 tox|[from] psn\n|upkeep\n|turn|28\n|choice|move whirlwind|move gyroball\n|\n|move|p2a: Wormadam|Gyro Ball|p1a: Mandibuzz\n|-damage|p1a: Mandibuzz|77\/100 tox\n|move|p1a: Mandibuzz|Whirlwind|p2a: Wormadam\n|drag|p2a: Flygon|Flygon, L79, M|58\/100\n|\n|-heal|p1a: Mandibuzz|83\/100 tox|[from] item: Leftovers\n|-damage|p1a: Mandibuzz|71\/100 tox|[from] psn\n|upkeep\n|turn|29\n|choice|move knockoff|move uturn\n|\n|move|p2a: Flygon|U-turn|p1a: Mandibuzz\n|-damage|p1a: Mandibuzz|56\/100 tox\n|choice||switch 5\n|\n|switch|p2a: Tsareena|Tsareena, L79, F|100\/100\n|move|p1a: Mandibuzz|Knock Off|p2a: Tsareena\n|-damage|p2a: Tsareena|77\/100\n|-enditem|p2a: Tsareena|Choice Scarf|[from] move: Knock Off|[of] p1a: Mandibuzz\n|\n|-heal|p1a: Mandibuzz|62\/100 tox|[from] item: Leftovers\n|-damage|p1a: Mandibuzz|44\/100 tox|[from] psn\n|upkeep\n|turn|30\n|choice|move knockoff|move playrough\n|\n|move|p1a: Mandibuzz|Knock Off|p2a: Tsareena\n|-damage|p2a: Tsareena|58\/100\n|move|p2a: Tsareena|Play Rough|p1a: Mandibuzz\n|-supereffective|p1a: Mandibuzz\n|-damage|p1a: Mandibuzz|0 fnt\n|faint|p1a: Mandibuzz\n|\n|upkeep\n|choice|switch 4|\n|\n|switch|p1a: Slaking|Slaking, L83, M|100\/100\n|-damage|p1a: Slaking|88\/100|[from] Stealth Rock\n|turn|31\n|choice|move retaliate|move highjumpkick\n|\n|move|p1a: Slaking|Retaliate|p2a: Tsareena\n|-damage|p2a: Tsareena|0 fnt\n|faint|p2a: Tsareena\n|\n|upkeep\n|choice||switch 6\n|\n|switch|p2a: Wormadam|Wormadam-Trash, L83, F|100\/100\n|turn|32\n|choice|move retaliate|move toxic\n|\n|cant|p1a: Slaking|ability: Truant\n|move|p2a: Wormadam|Toxic|p1a: Slaking\n|-status|p1a: Slaking|tox\n|\n|-damage|p1a: Slaking|82\/100 tox|[from] psn\n|upkeep\n|turn|33\n|choice|move retaliate|move protect\n|\n|move|p2a: Wormadam|Protect|p2a: Wormadam\n|-singleturn|p2a: Wormadam|Protect\n|move|p1a: Slaking|Retaliate|p2a: Wormadam\n|-activate|p2a: Wormadam|move: Protect\n|\n|-damage|p1a: Slaking|69\/100 tox|[from] psn\n|upkeep\n|turn|34\n|choice|move retaliate|move gyroball\n|\n|cant|p1a: Slaking|ability: Truant\n|move|p2a: Wormadam|Gyro Ball|p1a: Slaking\n|-damage|p1a: Slaking|47\/100 tox\n|\n|-damage|p1a: Slaking|28\/100 tox|[from] psn\n|upkeep\n|turn|35\n|choice|move retaliate|move protect\n|\n|move|p2a: Wormadam|Protect|p2a: Wormadam\n|-singleturn|p2a: Wormadam|Protect\n|move|p1a: Slaking|Retaliate|p2a: Wormadam\n|-activate|p2a: Wormadam|move: Protect\n|\n|-damage|p1a: Slaking|3\/100 tox|[from] psn\n|upkeep\n|turn|36\n|choice|move retaliate|move gyroball\n|\n|cant|p1a: Slaking|ability: Truant\n|move|p2a: Wormadam|Gyro Ball|p1a: Slaking\n|-damage|p1a: Slaking|0 fnt\n|faint|p1a: Slaking\n|\n|upkeep\n|inactive|wolfwarrior has 120 seconds left.\n|choice|switch 3|\n|\n|switch|p1a: Alakazam|Alakazam, L75, M|100\/100\n|turn|37\n|c|\u2606wolfwarrior|1weak wormadam\n|c|\u2606wolfwarrior|!weak wormadam\n|html|<div class=\"infobox\">Wormadam (ignoring abilities):<br \/><span class=\"message-effect-weak\">Weaknesses<\/span>: Bug, <b>Fire<\/b>, <b>Flying<\/b>, Ice, Poison, Rock<br \/><span class=\"message-effect-resist\">Resistances<\/span>: Electric, Fighting, <b>Grass<\/b>, <b>Ground<\/b>, Water<br \/><span class=\"message-effect-immune\">Immunities<\/span>: <font color=#999999>None<\/font><\/div>\n|inactive|wolfwarrior has 120 seconds left.\n|c|\u2606wolfwarrior|!weak wormadam trash\n|html|<div class=\"infobox\">Wormadam-Trash (ignoring abilities):<br \/><span class=\"message-effect-weak\">Weaknesses<\/span>: <b>Fire<\/b><br \/><span class=\"message-effect-resist\">Resistances<\/span>: Bug, Dragon, Fairy, <b>Grass<\/b>, Ice, Normal, Psychic, Steel<br \/><span class=\"message-effect-immune\">Immunities<\/span>: Poison<\/div>\n|choice|move focusblast mega|move toxic\n|\n|detailschange|p1a: Alakazam|Alakazam-Mega, L75, M\n|-mega|p1a: Alakazam|Alakazam|Alakazite\n|-ability|p1a: Alakazam|Overcoat|[from] ability: Trace|[of] p2a: Wormadam\n|move|p1a: Alakazam|Focus Blast|p2a: Wormadam\n|-damage|p2a: Wormadam|57\/100\n|move|p2a: Wormadam|Toxic|p1a: Alakazam\n|-status|p1a: Alakazam|tox\n|\n|-heal|p2a: Wormadam|63\/100|[from] item: Leftovers\n|-damage|p1a: Alakazam|95\/100 tox|[from] psn\n|upkeep\n|turn|38\n|choice|move focusblast|move protect\n|\n|move|p2a: Wormadam|Protect|p2a: Wormadam\n|-singleturn|p2a: Wormadam|Protect\n|move|p1a: Alakazam|Focus Blast|p2a: Wormadam\n|-activate|p2a: Wormadam|move: Protect\n|\n|-heal|p2a: Wormadam|69\/100|[from] item: Leftovers\n|-damage|p1a: Alakazam|83\/100 tox|[from] psn\n|upkeep\n|turn|39\n|choice|move focusblast|move gyroball\n|\n|move|p1a: Alakazam|Focus Blast|p2a: Wormadam\n|-damage|p2a: Wormadam|24\/100\n|move|p2a: Wormadam|Gyro Ball|p1a: Alakazam\n|-damage|p1a: Alakazam|25\/100 tox\n|\n|-heal|p2a: Wormadam|30\/100|[from] item: Leftovers\n|-damage|p1a: Alakazam|7\/100 tox|[from] psn\n|upkeep\n|turn|40\n|choice|move encore|move protect\n|\n|move|p2a: Wormadam|Protect|p2a: Wormadam\n|-singleturn|p2a: Wormadam|Protect\n|move|p1a: Alakazam|Encore|p2a: Wormadam\n|-activate|p2a: Wormadam|move: Protect\n|\n|-heal|p2a: Wormadam|36\/100|[from] item: Leftovers\n|-damage|p1a: Alakazam|0 fnt|[from] psn\n|upkeep\n|faint|p1a: Alakazam\n|choice|switch 5|\n|\n|switch|p1a: Vanilluxe|Vanilluxe, L81, M|100\/100\n|-damage|p1a: Vanilluxe|76\/100|[from] Stealth Rock\n|-weather|Hail|[from] ability: Snow Warning|[of] p1a: Vanilluxe\n|turn|41\n|choice|move blizzard|move toxic\n|\n|move|p1a: Vanilluxe|Blizzard|p2a: Wormadam\n|-resisted|p2a: Wormadam\n|-damage|p2a: Wormadam|3\/100\n|-damage|p1a: Vanilluxe|66\/100|[from] item: Life Orb\n|move|p2a: Wormadam|Toxic|p1a: Vanilluxe\n|-status|p1a: Vanilluxe|tox\n|\n|-weather|Hail|[upkeep]\n|-heal|p2a: Wormadam|9\/100|[from] item: Leftovers\n|-damage|p1a: Vanilluxe|60\/100 tox|[from] psn\n|upkeep\n|turn|42\n|choice|move autotomize|move protect\n|\n|move|p2a: Wormadam|Protect|p2a: Wormadam\n|-singleturn|p2a: Wormadam|Protect\n|move|p1a: Vanilluxe|Autotomize|p1a: Vanilluxe\n|-boost|p1a: Vanilluxe|spe|2\n|-start|p1a: Vanilluxe|Autotomize\n|\n|-weather|Hail|[upkeep]\n|-heal|p2a: Wormadam|15\/100|[from] item: Leftovers\n|-damage|p1a: Vanilluxe|48\/100 tox|[from] psn\n|upkeep\n|turn|43\n|choice|move blizzard|move protect\n|\n|move|p2a: Wormadam|Protect|p2a: Wormadam\n|-singleturn|p2a: Wormadam|Protect\n|move|p1a: Vanilluxe|Blizzard|p2a: Wormadam\n|-activate|p2a: Wormadam|move: Protect\n|\n|-weather|Hail|[upkeep]\n|-heal|p2a: Wormadam|21\/100|[from] item: Leftovers\n|-damage|p1a: Vanilluxe|30\/100 tox|[from] psn\n|upkeep\n|turn|44\n|choice|move blizzard|move gyroball\n|\n|move|p1a: Vanilluxe|Blizzard|p2a: Wormadam\n|-resisted|p2a: Wormadam\n|-damage|p2a: Wormadam|0 fnt\n|-damage|p1a: Vanilluxe|20\/100 tox|[from] item: Life Orb\n|faint|p2a: Wormadam\n|\n|-weather|Hail|[upkeep]\n|-damage|p1a: Vanilluxe|0 fnt|[from] psn\n|upkeep\n|faint|p1a: Vanilluxe\n|\n|win|NikBrusk\n|raw|wolfwarrior's rating: 1440 &rarr; <strong>1420<\/strong><br \/>(-20 for losing)\n|raw|NikBrusk's rating: 1438 &rarr; <strong>1458<\/strong><br \/>(+20 for winning)\n|c|\u2606wolfwarrior|wow\n|c|\u2606wolfwarrior|some fuck shit\n|l|wolfwarrior","inputlog":null,"uploadtime":1506937710,"views":4,"p1id":"wolfwarrior","p2id":"nikbrusk","formatid":"gen7randombattle","rating":0,"private":0,"password":null}