{"id":"gen7ou-853149518","p1":"EroAero","p2":"uuuuiiii","format":"gen7ou","log":"|j|\u2606EroAero\n|j|\u2606uuuuiiii\n|player|p1|EroAero|283\n|player|p2|uuuuiiii|169\n|teamsize|p1|6\n|teamsize|p2|6\n|gametype|singles\n|gen|7\n|tier|[Gen 7] OU\n|rated|\n|rule|Sleep Clause Mod: Limit one foe put to sleep\n|rule|Species Clause: Limit one of each Pok\u00e9mon\n|rule|OHKO Clause: OHKO moves are banned\n|rule|Moody Clause: Moody is banned\n|rule|Evasion Moves Clause: Evasion moves are banned\n|rule|Endless Battle Clause: Forcing endless battles is banned\n|rule|HP Percentage Mod: HP is shown in percentages\n|clearpoke\n|poke|p1|Charizard, M|item\n|poke|p1|Victini|item\n|poke|p1|Landorus-Therian, M|item\n|poke|p1|Tapu Fini|item\n|poke|p1|Tapu Koko|item\n|poke|p1|Magearna|item\n|poke|p2|Sharpedo, M|item\n|poke|p2|Hippowdon, M|item\n|poke|p2|Celesteela|item\n|poke|p2|Hawlucha, M|item\n|poke|p2|Excadrill, M|item\n|poke|p2|Tapu Koko|item\n|teampreview\n|\n|start\n|switch|p1a: Borrelsword Dragon|Charizard, M, shiny|100\/100\n|switch|p2a: Tapu Koko|Tapu Koko|100\/100\n|-fieldstart|move: Electric Terrain|[from] ability: Electric Surge|[of] p2a: Tapu Koko\n|turn|1\n|\n|detailschange|p1a: Borrelsword Dragon|Charizard-Mega-Y, M, shiny\n|-mega|p1a: Borrelsword Dragon|Charizard|Charizardite Y\n|-weather|SunnyDay|[from] ability: Drought|[of] p1a: Borrelsword Dragon\n|move|p2a: Tapu Koko|Volt Switch|p1a: Borrelsword Dragon\n|-supereffective|p1a: Borrelsword Dragon\n|-damage|p1a: Borrelsword Dragon|12\/100\n|\n|switch|p2a: Hippowdon|Hippowdon, M|100\/100\n|-weather|Sandstorm|[from] ability: Sand Stream|[of] p2a: Hippowdon\n|move|p1a: Borrelsword Dragon|Fire Blast|p2a: Hippowdon|[miss]\n|-miss|p1a: Borrelsword Dragon|p2a: Hippowdon\n|\n|-weather|Sandstorm|[upkeep]\n|-damage|p1a: Borrelsword Dragon|6\/100|[from] Sandstorm\n|upkeep\n|turn|2\n|\n|move|p1a: Borrelsword Dragon|Fire Blast|p2a: Hippowdon\n|-damage|p2a: Hippowdon|29\/100\n|move|p2a: Hippowdon|Stealth Rock|p1a: Borrelsword Dragon\n|-sidestart|p1: EroAero|move: Stealth Rock\n|\n|-weather|Sandstorm|[upkeep]\n|-damage|p1a: Borrelsword Dragon|0 fnt|[from] Sandstorm\n|faint|p1a: Borrelsword Dragon\n|upkeep\n|\n|switch|p1a: La Jinn the Genie|Landorus-Therian, M|100\/100\n|-damage|p1a: La Jinn the Genie|88\/100|[from] Stealth Rock\n|-ability|p1a: La Jinn the Genie|Intimidate|boost\n|-unboost|p2a: Hippowdon|atk|1\n|turn|3\n|\n|move|p1a: La Jinn the Genie|Defog|p2a: Hippowdon\n|-unboost|p2a: Hippowdon|evasion|1\n|-sideend|p1: EroAero|Stealth Rock|[from] move: Defog|[of] p1a: La Jinn the Genie\n|move|p2a: Hippowdon|Slack Off|p2a: Hippowdon\n|-heal|p2a: Hippowdon|79\/100\n|\n|-weather|Sandstorm|[upkeep]\n|-heal|p1a: La Jinn the Genie|94\/100|[from] item: Leftovers\n|upkeep\n|turn|4\n|\n|switch|p1a: Guardian Kay'est|Tapu Fini|100\/100\n|-fieldstart|move: Misty Terrain|[from] ability: Misty Surge|[of] p1a: Guardian Kay'est\n|move|p2a: Hippowdon|Slack Off|p2a: Hippowdon\n|-heal|p2a: Hippowdon|100\/100\n|\n|-weather|Sandstorm|[upkeep]\n|-damage|p1a: Guardian Kay'est|94\/100|[from] Sandstorm\n|-heal|p1a: Guardian Kay'est|100\/100|[from] item: Leftovers\n|upkeep\n|turn|5\n|\n|switch|p2a: Tapu Koko|Tapu Koko|100\/100\n|-fieldstart|move: Electric Terrain|[from] ability: Electric Surge|[of] p2a: Tapu Koko\n|move|p1a: Guardian Kay'est|Surf|p2a: Tapu Koko\n|-damage|p2a: Tapu Koko|57\/100\n|\n|-weather|none\n|upkeep\n|turn|6\n|\n|switch|p1a: La Jinn the Genie|Landorus-Therian, M|94\/100\n|-ability|p1a: La Jinn the Genie|Intimidate|boost\n|-unboost|p2a: Tapu Koko|atk|1\n|move|p2a: Tapu Koko|Volt Switch|p1a: La Jinn the Genie\n|-immune|p1a: La Jinn the Genie\n|\n|-heal|p1a: La Jinn the Genie|99\/100|[from] item: Leftovers\n|upkeep\n|turn|7\n|\n|switch|p2a: Hippowdon|Hippowdon, M|100\/100\n|-weather|Sandstorm|[from] ability: Sand Stream|[of] p2a: Hippowdon\n|switch|p1a: Guardian Kay'est|Tapu Fini|100\/100\n|-fieldstart|move: Misty Terrain|[from] ability: Misty Surge|[of] p1a: Guardian Kay'est\n|\n|-weather|Sandstorm|[upkeep]\n|-damage|p1a: Guardian Kay'est|94\/100|[from] Sandstorm\n|-heal|p1a: Guardian Kay'est|100\/100|[from] item: Leftovers\n|upkeep\n|turn|8\n|\n|switch|p2a: Celesteela|Celesteela|100\/100\n|move|p1a: Guardian Kay'est|Taunt|p2a: Celesteela\n|-start|p2a: Celesteela|move: Taunt\n|\n|-weather|Sandstorm|[upkeep]\n|-damage|p1a: Guardian Kay'est|94\/100|[from] Sandstorm\n|-heal|p1a: Guardian Kay'est|100\/100|[from] item: Leftovers\n|upkeep\n|turn|9\n|\n|switch|p1a: BlueEyesWhiteCutie|Victini|100\/100\n|move|p2a: Celesteela|Earthquake|p1a: BlueEyesWhiteCutie\n|-supereffective|p1a: BlueEyesWhiteCutie\n|-damage|p1a: BlueEyesWhiteCutie|53\/100\n|\n|-weather|Sandstorm|[upkeep]\n|-damage|p1a: BlueEyesWhiteCutie|47\/100|[from] Sandstorm\n|upkeep\n|turn|10\n|\n|switch|p2a: Hippowdon|Hippowdon, M|100\/100\n|move|p1a: BlueEyesWhiteCutie|V-create|p2a: Hippowdon\n|-damage|p2a: Hippowdon|28\/100\n|-damage|p1a: BlueEyesWhiteCutie|30\/100|[from] item: Rocky Helmet|[of] p2a: Hippowdon\n|-unboost|p1a: BlueEyesWhiteCutie|spe|1\n|-unboost|p1a: BlueEyesWhiteCutie|def|1\n|-unboost|p1a: BlueEyesWhiteCutie|spd|1\n|\n|-weather|Sandstorm|[upkeep]\n|-damage|p1a: BlueEyesWhiteCutie|24\/100|[from] Sandstorm\n|upkeep\n|turn|11\n|\n|switch|p2a: Tapu Koko|Tapu Koko|57\/100\n|-fieldstart|move: Electric Terrain|[from] ability: Electric Surge|[of] p2a: Tapu Koko\n|move|p1a: BlueEyesWhiteCutie|V-create|p2a: Tapu Koko\n|-damage|p2a: Tapu Koko|0 fnt\n|-unboost|p1a: BlueEyesWhiteCutie|spe|1\n|-unboost|p1a: BlueEyesWhiteCutie|def|1\n|-unboost|p1a: BlueEyesWhiteCutie|spd|1\n|faint|p2a: Tapu Koko\n|\n|-weather|none\n|upkeep\n|\n|switch|p2a: Hippowdon|Hippowdon, M|28\/100\n|-weather|Sandstorm|[from] ability: Sand Stream|[of] p2a: Hippowdon\n|turn|12\n|\n|move|p1a: BlueEyesWhiteCutie|V-create|p2a: Hippowdon\n|-damage|p2a: Hippowdon|0 fnt\n|-damage|p1a: BlueEyesWhiteCutie|8\/100|[from] item: Rocky Helmet|[of] p2a: Hippowdon\n|-unboost|p1a: BlueEyesWhiteCutie|spe|1\n|-unboost|p1a: BlueEyesWhiteCutie|def|1\n|-unboost|p1a: BlueEyesWhiteCutie|spd|1\n|faint|p2a: Hippowdon\n|\n|-weather|Sandstorm|[upkeep]\n|-damage|p1a: BlueEyesWhiteCutie|2\/100|[from] Sandstorm\n|upkeep\n|\n|switch|p2a: Excadrill|Excadrill, M, shiny|100\/100\n|turn|13\n|\n|move|p2a: Excadrill|Iron Head|p1a: BlueEyesWhiteCutie\n|-resisted|p1a: BlueEyesWhiteCutie\n|-damage|p1a: BlueEyesWhiteCutie|0 fnt\n|faint|p1a: BlueEyesWhiteCutie\n|\n|-weather|Sandstorm|[upkeep]\n|upkeep\n|\n|switch|p1a: La Jinn the Genie|Landorus-Therian, M|99\/100\n|-ability|p1a: La Jinn the Genie|Intimidate|boost\n|-unboost|p2a: Excadrill|atk|1\n|turn|14\n|\n|switch|p2a: Hawlucha|Hawlucha, M|100\/100\n|-enditem|p2a: Hawlucha|Electric Seed\n|-boost|p2a: Hawlucha|def|1\n|move|p1a: La Jinn the Genie|Earthquake|p2a: Hawlucha\n|-immune|p2a: Hawlucha\n|\n|-weather|Sandstorm|[upkeep]\n|-damage|p2a: Hawlucha|94\/100|[from] Sandstorm\n|-heal|p1a: La Jinn the Genie|100\/100|[from] item: Leftovers\n|upkeep\n|turn|15\n|\n|switch|p1a: For Pokemon|Magearna|100\/100\n|move|p2a: Hawlucha|Swords Dance|p2a: Hawlucha\n|-boost|p2a: Hawlucha|atk|2\n|\n|-weather|Sandstorm|[upkeep]\n|-damage|p2a: Hawlucha|88\/100|[from] Sandstorm\n|-fieldend|move: Electric Terrain\n|upkeep\n|turn|16\n|\n|move|p2a: Hawlucha|High Jump Kick|p1a: For Pokemon\n|-damage|p1a: For Pokemon|16\/100\n|move|p1a: For Pokemon|Fleur Cannon|p2a: Hawlucha\n|-supereffective|p2a: Hawlucha\n|-damage|p2a: Hawlucha|0 fnt\n|-unboost|p1a: For Pokemon|spa|2\n|faint|p2a: Hawlucha\n|-ability|p1a: For Pokemon|Soul-Heart|boost\n|-boost|p1a: For Pokemon|spa|1\n|\n|-weather|none\n|-heal|p1a: For Pokemon|22\/100|[from] item: Leftovers\n|upkeep\n|\n|switch|p2a: Sharpedo|Sharpedo, M|100\/100\n|turn|17\n|\n|move|p2a: Sharpedo|Crunch|p1a: For Pokemon\n|-resisted|p1a: For Pokemon\n|-damage|p1a: For Pokemon|8\/100\n|move|p1a: For Pokemon|Fleur Cannon|p2a: Sharpedo\n|-supereffective|p2a: Sharpedo\n|-damage|p2a: Sharpedo|0 fnt\n|-unboost|p1a: For Pokemon|spa|2\n|faint|p2a: Sharpedo\n|-ability|p1a: For Pokemon|Soul-Heart|boost\n|-boost|p1a: For Pokemon|spa|1\n|\n|-heal|p1a: For Pokemon|14\/100|[from] item: Leftovers\n|upkeep\n|\n|switch|p2a: Celesteela|Celesteela|100\/100\n|turn|18\n|\n|move|p2a: Celesteela|Earthquake|p1a: For Pokemon\n|-supereffective|p1a: For Pokemon\n|-damage|p1a: For Pokemon|0 fnt\n|faint|p1a: For Pokemon\n|-ability|p2a: Celesteela|Beast Boost|boost\n|-boost|p2a: Celesteela|spd|1\n|\n|upkeep\n|\n|switch|p1a: La Jinn the Genie|Landorus-Therian, M|100\/100\n|-ability|p1a: La Jinn the Genie|Intimidate|boost\n|-unboost|p2a: Celesteela|atk|1\n|turn|19\n|\n|move|p1a: La Jinn the Genie|Smack Down|p2a: Celesteela\n|-damage|p2a: Celesteela|82\/100\n|-start|p2a: Celesteela|Smack Down\n|move|p2a: Celesteela|Leech Seed|p1a: La Jinn the Genie\n|-start|p1a: La Jinn the Genie|move: Leech Seed\n|\n|-heal|p2a: Celesteela|88\/100|[from] item: Leftovers\n|-damage|p1a: La Jinn the Genie|88\/100|[from] Leech Seed|[of] p2a: Celesteela\n|-heal|p2a: Celesteela|99\/100|[silent]\n|upkeep\n|turn|20\n|\n|move|p2a: Celesteela|Protect|p2a: Celesteela\n|-singleturn|p2a: Celesteela|Protect\n|move|p1a: La Jinn the Genie|Earthquake|p2a: Celesteela\n|-activate|p2a: Celesteela|move: Protect\n|\n|-heal|p1a: La Jinn the Genie|94\/100|[from] item: Leftovers\n|-heal|p2a: Celesteela|100\/100|[from] item: Leftovers\n|-damage|p1a: La Jinn the Genie|82\/100|[from] Leech Seed|[of] p2a: Celesteela\n|upkeep\n|turn|21\n|\n|move|p1a: La Jinn the Genie|Earthquake|p2a: Celesteela\n|-supereffective|p2a: Celesteela\n|-damage|p2a: Celesteela|0 fnt\n|faint|p2a: Celesteela\n|\n|-heal|p1a: La Jinn the Genie|88\/100|[from] item: Leftovers\n|upkeep\n|\n|switch|p2a: Excadrill|Excadrill, M, shiny|100\/100\n|turn|22\n|-message|uuuuiiii forfeited.\n|\n|win|EroAero\n|raw|EroAero's rating: 1803 &rarr; <strong>1814<\/strong><br \/>(+11 for winning)\n|raw|uuuuiiii's rating: 1640 &rarr; <strong>1629<\/strong><br \/>(-11 for losing)\n","uploadtime":1548320835,"views":52,"p1id":"eroaero","p2id":"uuuuiiii","formatid":"gen7ou","rating":1629,"private":0,"password":null}