{"id":"gen7ou-1003240683","p1":"Your Euphoria","p2":"SMxVale","format":"gen7ou","log":"|j|\u203dYour Euphoria\n|j|\u2606SMxVale\n|player|p1|Your Euphoria|lusamine-nihilego|1851\n|player|p2|SMxVale|151|1755\n|teamsize|p1|6\n|teamsize|p2|6\n|gametype|singles\n|gen|7\n|tier|[Gen 7] OU\n|rated|\n|rule|Sleep Clause Mod: Limit one foe put to sleep\n|rule|Species Clause: Limit one of each Pok\u00e9mon\n|rule|OHKO Clause: OHKO moves are banned\n|rule|Moody Clause: Moody is banned\n|rule|Evasion Moves Clause: Evasion moves are banned\n|rule|Endless Battle Clause: Forcing endless battles is banned\n|rule|HP Percentage Mod: HP is shown in percentages\n|clearpoke\n|poke|p1|Diancie|item\n|poke|p1|Tapu Lele|item\n|poke|p1|Tornadus-Therian, M|item\n|poke|p1|Volcarona, F|item\n|poke|p1|Gastrodon, M|item\n|poke|p1|Skarmory, M|item\n|poke|p2|Ferrothorn, F|item\n|poke|p2|Tapu Lele|item\n|poke|p2|Serperior, M|item\n|poke|p2|Mawile, F|item\n|poke|p2|Landorus-Therian, M|item\n|poke|p2|Clefable, F|item\n|teampreview\n|inactive|Battle timer is ON: inactive players will automatically lose when time's up. (requested by Your Euphoria)\n|\n|start\n|switch|p1a: Diancie|Diancie|100\/100\n|switch|p2a: Landorus|Landorus-Therian, M|100\/100\n|-ability|p2a: Landorus|Intimidate|boost\n|-fail|p1a: Diancie|unboost|[from] ability: Clear Body|[of] p1a: Diancie\n|turn|1\n|\n|detailschange|p1a: Diancie|Diancie-Mega\n|-mega|p1a: Diancie|Diancie|Diancite\n|move|p1a: Diancie|Protect|p1a: Diancie\n|-singleturn|p1a: Diancie|Protect\n|move|p2a: Landorus|Earthquake|p1a: Diancie\n|-activate|p1a: Diancie|move: Protect\n|\n|upkeep\n|turn|2\n|c|\u2606SMxVale|what is this profil pic lol\n|\n|switch|p1a: Skarmory|Skarmory, M|100\/100\n|move|p2a: Landorus|U-turn|p1a: Skarmory\n|-resisted|p1a: Skarmory\n|-damage|p1a: Skarmory|97\/100\n|-damage|p2a: Landorus|84\/100|[from] item: Rocky Helmet|[of] p1a: Skarmory\n|\n|switch|p2a: Mawile|Mawile, F, shiny|100\/100|[from]move: U-turn\n|-ability|p2a: Mawile|Intimidate|boost\n|-unboost|p1a: Skarmory|atk|1\n|\n|upkeep\n|turn|3\n|\n|detailschange|p2a: Mawile|Mawile-Mega, F, shiny\n|-mega|p2a: Mawile|Mawile|Mawilite\n|move|p2a: Mawile|Fire Fang|p1a: Skarmory\n|-supereffective|p1a: Skarmory\n|-damage|p1a: Skarmory|45\/100\n|-damage|p2a: Mawile|84\/100|[from] item: Rocky Helmet|[of] p1a: Skarmory\n|move|p1a: Skarmory|Whirlwind|p2a: Mawile\n|drag|p2a: Tapu Lele|Tapu Lele, shiny|100\/100\n|-fieldstart|move: Psychic Terrain|[from] ability: Psychic Surge|[of] p2a: Tapu Lele\n|\n|upkeep\n|turn|4\n|\n|move|p2a: Tapu Lele|Psychic|p1a: Skarmory\n|-resisted|p1a: Skarmory\n|-damage|p1a: Skarmory|0 fnt\n|faint|p1a: Skarmory\n|\n|upkeep\n|\n|switch|p1a: Tapu Lele|Tapu Lele|100\/100\n|turn|5\n|\n|switch|p2a: Ferrothorn|Ferrothorn, F|100\/100\n|move|p1a: Tapu Lele|Psyshock|p2a: Ferrothorn\n|-resisted|p2a: Ferrothorn\n|-damage|p2a: Ferrothorn|73\/100\n|\n|-heal|p2a: Ferrothorn|79\/100|[from] item: Leftovers\n|upkeep\n|turn|6\n|\n|move|p1a: Tapu Lele|Hidden Power|p2a: Ferrothorn\n|-supereffective|p2a: Ferrothorn\n|-damage|p2a: Ferrothorn|17\/100\n|move|p2a: Ferrothorn|Stealth Rock|p1a: Tapu Lele\n|-sidestart|p1: Your Euphoria|move: Stealth Rock\n|\n|-heal|p2a: Ferrothorn|23\/100|[from] item: Leftovers\n|upkeep\n|turn|7\n|\n|move|p1a: Tapu Lele|Psyshock|p2a: Ferrothorn\n|-resisted|p2a: Ferrothorn\n|-damage|p2a: Ferrothorn|0 fnt\n|faint|p2a: Ferrothorn\n|\n|-fieldend|move: Psychic Terrain\n|upkeep\n|\n|switch|p2a: Tapu Lele|Tapu Lele, shiny|100\/100\n|-fieldstart|move: Psychic Terrain|[from] ability: Psychic Surge|[of] p2a: Tapu Lele\n|turn|8\n|\n|move|p2a: Tapu Lele|Moonblast|p1a: Tapu Lele\n|-damage|p1a: Tapu Lele|50\/100\n|move|p1a: Tapu Lele|Psyshock|p2a: Tapu Lele\n|-resisted|p2a: Tapu Lele\n|-damage|p2a: Tapu Lele|46\/100\n|\n|upkeep\n|turn|9\n|\n|move|p2a: Tapu Lele|Moonblast|p1a: Tapu Lele\n|-damage|p1a: Tapu Lele|3\/100\n|move|p1a: Tapu Lele|Psyshock|p2a: Tapu Lele\n|-resisted|p2a: Tapu Lele\n|-damage|p2a: Tapu Lele|0 fnt\n|faint|p2a: Tapu Lele\n|\n|upkeep\n|\n|switch|p2a: Serperior|Serperior, M, shiny|100\/100\n|turn|10\n|\n|move|p2a: Serperior|Leaf Storm|p1a: Tapu Lele\n|-damage|p1a: Tapu Lele|0 fnt\n|-boost|p2a: Serperior|spa|2\n|faint|p1a: Tapu Lele\n|\n|upkeep\n|\n|switch|p1a: Tornadus|Tornadus-Therian, M|100\/100\n|-damage|p1a: Tornadus|76\/100|[from] Stealth Rock\n|turn|11\n|\n|move|p2a: Serperior|Leaf Storm|p1a: Tornadus|[miss]\n|-miss|p2a: Serperior|p1a: Tornadus\n|-zpower|p1a: Tornadus\n|move|p1a: Tornadus|Supersonic Skystrike|p2a: Serperior|[zeffect]\n|-supereffective|p2a: Serperior\n|-damage|p2a: Serperior|0 fnt\n|faint|p2a: Serperior\n|\n|upkeep\n|\n|switch|p2a: Mawile|Mawile-Mega, F, shiny|84\/100\n|turn|12\n|\n|move|p1a: Tornadus|Defog|p2a: Mawile\n|-unboost|p2a: Mawile|evasion|1\n|-sideend|p1: Your Euphoria|Stealth Rock|[from] move: Defog|[of] p1a: Tornadus\n|move|p2a: Mawile|Thunder Punch|p1a: Tornadus\n|-supereffective|p1a: Tornadus\n|-damage|p1a: Tornadus|0 fnt\n|faint|p1a: Tornadus\n|\n|-fieldend|move: Psychic Terrain\n|upkeep\n|\n|switch|p1a: Volcarona|Volcarona, F|100\/100\n|turn|13\n|\n|switch|p2a: Clefable|Clefable, F|100\/100\n|move|p1a: Volcarona|Fiery Dance|p2a: Clefable\n|-damage|p2a: Clefable|77\/100\n|-boost|p1a: Volcarona|spa|1\n|\n|-heal|p2a: Clefable|83\/100|[from] item: Leftovers\n|upkeep\n|turn|14\n|\n|switch|p1a: Gastrodon|Gastrodon, M|100\/100\n|move|p2a: Clefable|Thunder Wave|p1a: Gastrodon\n|-immune|p1a: Gastrodon\n|\n|-heal|p2a: Clefable|89\/100|[from] item: Leftovers\n|upkeep\n|turn|15\n|\n|move|p2a: Clefable|Wish|p2a: Clefable\n|move|p1a: Gastrodon|Scald|p2a: Clefable\n|-damage|p2a: Clefable|71\/100\n|\n|-heal|p2a: Clefable|78\/100|[from] item: Leftovers\n|upkeep\n|turn|16\n|\n|switch|p2a: Mawile|Mawile-Mega, F, shiny|84\/100\n|move|p1a: Gastrodon|Scald|p2a: Mawile\n|-damage|p2a: Mawile|50\/100\n|\n|-heal|p2a: Mawile|100\/100|[from] move: Wish|[wisher] Clefable\n|upkeep\n|turn|17\n|\n|switch|p1a: Volcarona|Volcarona, F|100\/100\n|move|p2a: Mawile|Play Rough|p1a: Volcarona\n|-resisted|p1a: Volcarona\n|-damage|p1a: Volcarona|57\/100\n|\n|-heal|p1a: Volcarona|63\/100|[from] item: Leftovers\n|upkeep\n|turn|18\n|\n|switch|p2a: Clefable|Clefable, F|78\/100\n|move|p1a: Volcarona|Roost|p1a: Volcarona\n|-heal|p1a: Volcarona|100\/100\n|-singleturn|p1a: Volcarona|move: Roost\n|\n|-heal|p2a: Clefable|84\/100|[from] item: Leftovers\n|upkeep\n|turn|19\n|\n|switch|p1a: Diancie|Diancie-Mega|100\/100\n|move|p2a: Clefable|Moonblast|p1a: Diancie\n|-damage|p1a: Diancie|63\/100\n|\n|-heal|p2a: Clefable|90\/100|[from] item: Leftovers\n|upkeep\n|turn|20\n|\n|move|p1a: Diancie|Moonblast|p2a: Clefable\n|-damage|p2a: Clefable|52\/100\n|-unboost|p2a: Clefable|spa|1\n|move|p2a: Clefable|Moonblast|p1a: Diancie\n|-damage|p1a: Diancie|40\/100\n|\n|-heal|p2a: Clefable|59\/100|[from] item: Leftovers\n|upkeep\n|turn|21\n|\n|move|p1a: Diancie|Moonblast|p2a: Clefable\n|-damage|p2a: Clefable|17\/100\n|move|p2a: Clefable|Wish|p2a: Clefable\n|\n|-heal|p2a: Clefable|23\/100|[from] item: Leftovers\n|upkeep\n|turn|22\n|\n|move|p2a: Clefable|Protect|p2a: Clefable\n|-singleturn|p2a: Clefable|Protect\n|move|p1a: Diancie|Earth Power|p2a: Clefable\n|-activate|p2a: Clefable|move: Protect\n|\n|-heal|p2a: Clefable|73\/100|[from] move: Wish|[wisher] Clefable\n|-heal|p2a: Clefable|79\/100|[from] item: Leftovers\n|upkeep\n|turn|23\n|\n|move|p1a: Diancie|Moonblast|p2a: Clefable\n|-damage|p2a: Clefable|43\/100\n|move|p2a: Clefable|Wish|p2a: Clefable\n|\n|-heal|p2a: Clefable|49\/100|[from] item: Leftovers\n|upkeep\n|turn|24\n|\n|move|p2a: Clefable|Protect|p2a: Clefable\n|-singleturn|p2a: Clefable|Protect\n|move|p1a: Diancie|Moonblast|p2a: Clefable\n|-activate|p2a: Clefable|move: Protect\n|\n|-heal|p2a: Clefable|99\/100|[from] move: Wish|[wisher] Clefable\n|-heal|p2a: Clefable|100\/100|[from] item: Leftovers\n|upkeep\n|turn|25\n|\n|switch|p1a: Gastrodon|Gastrodon, M|100\/100\n|move|p2a: Clefable|Moonblast|p1a: Gastrodon\n|-damage|p1a: Gastrodon|86\/100\n|\n|-heal|p1a: Gastrodon|93\/100|[from] item: Leftovers\n|upkeep\n|turn|26\n|\n|switch|p2a: Landorus|Landorus-Therian, M|84\/100\n|-ability|p2a: Landorus|Intimidate|boost\n|-unboost|p1a: Gastrodon|atk|1\n|move|p1a: Gastrodon|Toxic|p2a: Landorus\n|-status|p2a: Landorus|tox\n|\n|-heal|p1a: Gastrodon|99\/100|[from] item: Leftovers\n|-damage|p2a: Landorus|78\/100 tox|[from] psn\n|upkeep\n|turn|27\n|\n|move|p2a: Landorus|Earthquake|p1a: Gastrodon\n|-damage|p1a: Gastrodon|48\/100\n|move|p1a: Gastrodon|Recover|p1a: Gastrodon\n|-heal|p1a: Gastrodon|98\/100\n|\n|-heal|p1a: Gastrodon|100\/100|[from] item: Leftovers\n|-damage|p2a: Landorus|66\/100 tox|[from] psn\n|upkeep\n|turn|28\n|\n|move|p2a: Landorus|U-turn|p1a: Gastrodon\n|-crit|p1a: Gastrodon\n|-damage|p1a: Gastrodon|62\/100\n|\n|switch|p2a: Mawile|Mawile-Mega, F, shiny|100\/100|[from]move: U-turn\n|move|p1a: Gastrodon|Recover|p1a: Gastrodon\n|-heal|p1a: Gastrodon|100\/100\n|\n|upkeep\n|turn|29\n|\n|switch|p1a: Volcarona|Volcarona, F|100\/100\n|move|p2a: Mawile|Play Rough|p1a: Volcarona\n|-resisted|p1a: Volcarona\n|-damage|p1a: Volcarona|55\/100\n|-status|p2a: Mawile|brn|[from] ability: Flame Body|[of] p1a: Volcarona\n|-unboost|p1a: Volcarona|atk|1\n|\n|-heal|p1a: Volcarona|61\/100|[from] item: Leftovers\n|-damage|p2a: Mawile|95\/100 brn|[from] brn\n|upkeep\n|turn|30\n|\n|move|p1a: Volcarona|Roost|p1a: Volcarona\n|-heal|p1a: Volcarona|100\/100\n|-singleturn|p1a: Volcarona|move: Roost\n|move|p2a: Mawile|Thunder Punch|p1a: Volcarona\n|-damage|p1a: Volcarona|79\/100\n|\n|-heal|p1a: Volcarona|85\/100|[from] item: Leftovers\n|-damage|p2a: Mawile|89\/100 brn|[from] brn\n|upkeep\n|turn|31\n|\n|switch|p2a: Clefable|Clefable, F|100\/100\n|move|p1a: Volcarona|Quiver Dance|p1a: Volcarona\n|-boost|p1a: Volcarona|spa|1\n|-boost|p1a: Volcarona|spd|1\n|-boost|p1a: Volcarona|spe|1\n|\n|-heal|p1a: Volcarona|91\/100|[from] item: Leftovers\n|upkeep\n|turn|32\n|\n|switch|p1a: Gastrodon|Gastrodon, M|100\/100\n|move|p2a: Clefable|Moonblast|p1a: Gastrodon\n|-damage|p1a: Gastrodon|82\/100\n|\n|-heal|p1a: Gastrodon|88\/100|[from] item: Leftovers\n|upkeep\n|turn|33\n|\n|move|p2a: Clefable|Thunder Wave|p1a: Gastrodon\n|-immune|p1a: Gastrodon\n|move|p1a: Gastrodon|Toxic|p2a: Clefable\n|-status|p2a: Clefable|tox\n|\n|-heal|p1a: Gastrodon|94\/100|[from] item: Leftovers\n|-damage|p2a: Clefable|94\/100 tox|[from] psn\n|upkeep\n|turn|34\n|-message|SMxVale forfeited.\n|\n|win|Your Euphoria\n|l|\u2606SMxVale\n","uploadtime":1572788538,"views":5,"p1id":"youreuphoria","p2id":"smxvale","formatid":"gen7ou","rating":0,"private":0,"password":null}