{"id":"gen7ou-1411917542","p1":"therockcena","p2":"Goleiloton","format":"gen7ou","log":"|j|\u2606therockcena\n|j|\u2606Goleiloton\n|t:|1631017434\n|gametype|singles\n|player|p1|therockcena|169|1466\n|player|p2|Goleiloton|266|1527\n|teamsize|p1|6\n|teamsize|p2|6\n|gen|7\n|tier|[Gen 7] OU\n|rated|\n|rule|Sleep Clause Mod: Limit one foe put to sleep\n|rule|Species Clause: Limit one of each Pok\u00e9mon\n|rule|OHKO Clause: OHKO moves are banned\n|rule|Moody Clause: Moody is banned\n|rule|Evasion Moves Clause: Evasion moves are banned\n|rule|Endless Battle Clause: Forcing endless battles is banned\n|rule|HP Percentage Mod: HP is shown in percentages\n|clearpoke\n|poke|p1|Victini|item\n|poke|p1|Zeraora|item\n|poke|p1|Landorus-Therian, M|item\n|poke|p1|Tapu Koko|item\n|poke|p1|Charizard, F|item\n|poke|p1|Tornadus-Therian, M|item\n|poke|p2|Tapu Koko|item\n|poke|p2|Hawlucha, F|item\n|poke|p2|Landorus-Therian, M|item\n|poke|p2|Medicham, M|item\n|poke|p2|Magearna|item\n|poke|p2|Greninja, M|item\n|teampreview\n|inactive|Battle timer is ON: inactive players will automatically lose when time's up. (requested by therockcena)\n|\n|t:|1631017462\n|start\n|switch|p1a: Charizard|Charizard, F|100\/100\n|switch|p2a: Tapu Koko|Tapu Koko|100\/100\n|-fieldstart|move: Electric Terrain|[from] ability: Electric Surge|[of] p2a: Tapu Koko\n|turn|1\n|inactive|therockcena has 120 seconds left.\n|inactive|therockcena has 90 seconds left.\n|inactive|therockcena has 60 seconds left.\n|\n|t:|1631017566\n|switch|p1a: Victini|Victini|100\/100\n|move|p2a: Tapu Koko|Volt Switch|p1a: Victini\n|-damage|p1a: Victini|48\/100\n|-damage|p2a: Tapu Koko|91\/100|[from] item: Life Orb\n|\n|t:|1631017581\n|switch|p2a: Greninja|Greninja, M|100\/100|[from]move: Volt Switch\n|\n|upkeep\n|turn|2\n|\n|t:|1631017585\n|switch|p2a: Landorus|Landorus-Therian, M|100\/100\n|-ability|p2a: Landorus|Intimidate|boost\n|-unboost|p1a: Victini|atk|1\n|move|p1a: Victini|Bolt Strike|p2a: Landorus\n|-immune|p2a: Landorus\n|\n|upkeep\n|turn|3\n|\n|t:|1631017609\n|switch|p1a: Landorus|Landorus-Therian, M, shiny|100\/100\n|-ability|p1a: Landorus|Intimidate|boost\n|-unboost|p2a: Landorus|atk|1\n|move|p2a: Landorus|Stealth Rock|p1a: Landorus\n|-sidestart|p1: therockcena|move: Stealth Rock\n|\n|upkeep\n|turn|4\n|\n|t:|1631017624\n|move|p2a: Landorus|U-turn|p1a: Landorus\n|-resisted|p1a: Landorus\n|-damage|p1a: Landorus|96\/100\n|\n|t:|1631017629\n|switch|p2a: Medicham|Medicham, M|100\/100|[from]move: U-turn\n|move|p1a: Landorus|Defog|p2a: Medicham\n|-unboost|p2a: Medicham|evasion|1\n|-sideend|p1: therockcena|Stealth Rock|[from] move: Defog|[of] p1a: Landorus\n|\n|-heal|p1a: Landorus|100\/100|[from] item: Leftovers\n|upkeep\n|turn|5\n|\n|t:|1631017634\n|switch|p1a: Tornadus|Tornadus-Therian, M|100\/100\n|detailschange|p2a: Medicham|Medicham-Mega, M\n|-mega|p2a: Medicham|Medicham|Medichamite\n|move|p2a: Medicham|Ice Punch|p1a: Tornadus\n|-supereffective|p1a: Tornadus\n|-damage|p1a: Tornadus|0 fnt\n|faint|p1a: Tornadus\n|\n|-fieldend|move: Electric Terrain\n|upkeep\n|\n|t:|1631017641\n|switch|p1a: Charizard|Charizard, F|100\/100\n|turn|6\n|\n|t:|1631017653\n|switch|p2a: Magearna|Magearna|100\/100\n|detailschange|p1a: Charizard|Charizard-Mega-Y, F\n|-mega|p1a: Charizard|Charizard|Charizardite Y\n|-weather|SunnyDay|[from] ability: Drought|[of] p1a: Charizard\n|move|p1a: Charizard|Flamethrower|p2a: Magearna\n|-supereffective|p2a: Magearna\n|-damage|p2a: Magearna|34\/100\n|\n|-weather|SunnyDay|[upkeep]\n|upkeep\n|turn|7\n|\n|t:|1631017662\n|move|p1a: Charizard|Flamethrower|p2a: Magearna\n|-supereffective|p2a: Magearna\n|-damage|p2a: Magearna|0 fnt\n|faint|p2a: Magearna\n|\n|-weather|SunnyDay|[upkeep]\n|upkeep\n|\n|t:|1631017684\n|switch|p2a: Tapu Koko|Tapu Koko|91\/100\n|-fieldstart|move: Electric Terrain|[from] ability: Electric Surge|[of] p2a: Tapu Koko\n|turn|8\n|\n|t:|1631017696\n|switch|p1a: Zeraora|Zeraora|100\/100\n|move|p2a: Tapu Koko|Volt Switch|p1a: Zeraora\n|-immune|p1a: Zeraora|[from] ability: Volt Absorb\n|\n|-weather|SunnyDay|[upkeep]\n|upkeep\n|turn|9\n|\n|t:|1631017712\n|switch|p1a: Charizard|Charizard-Mega-Y, F|100\/100\n|switch|p2a: Landorus|Landorus-Therian, M|100\/100\n|-ability|p2a: Landorus|Intimidate|boost\n|-unboost|p1a: Charizard|atk|1\n|\n|-weather|SunnyDay|[upkeep]\n|upkeep\n|turn|10\n|inactive|Goleiloton has 120 seconds left.\n|-message|Goleiloton forfeited.\n|\n|win|therockcena\n|raw|therockcena's rating: 1466 &rarr; <strong>1489<\/strong><br \/>(+23 for winning)\n|raw|Goleiloton's rating: 1512 &rarr; <strong>1489<\/strong><br \/>(-23 for losing)\n|l|\u2606Goleiloton\n|l|\u2606therockcena\n","uploadtime":1631017784,"views":8,"p1id":"therockcena","p2id":"goleiloton","formatid":"gen7ou","rating":1489,"private":0,"password":null}