{"id":"gen7ru-855516605","p1":"BrittneySpearsMom","p2":"BugCatcherWeevil","format":"gen7ru","log":"|j|\u2606BrittneySpearsMom\n|j|\u2606BugCatcherWeevil\n|player|p1|BrittneySpearsMom|101\n|player|p2|BugCatcherWeevil|169\n|teamsize|p1|6\n|teamsize|p2|6\n|gametype|singles\n|gen|7\n|tier|[Gen 7] RU\n|rated|\n|html|<div class=\"broadcast-blue\"><strong>RU is currently suspecting Stakataka! For information on how to participate check out the <a href=\"https:\/\/www.smogon.com\/forums\/threads\/3646393\/\">suspect thread<\/a>.<\/strong><\/div>\n|rule|Sleep Clause Mod: Limit one foe put to sleep\n|rule|Species Clause: Limit one of each Pok\u00e9mon\n|rule|OHKO Clause: OHKO moves are banned\n|rule|Moody Clause: Moody is banned\n|rule|Evasion Moves Clause: Evasion moves are banned\n|rule|Endless Battle Clause: Forcing endless battles is banned\n|rule|HP Percentage Mod: HP is shown in percentages\n|clearpoke\n|poke|p1|Braviary, M|item\n|poke|p1|Salazzle, F|item\n|poke|p1|Araquanid, F|item\n|poke|p1|Forretress, F|item\n|poke|p1|Ampharos, F|item\n|poke|p1|Hitmonlee, M|item\n|poke|p2|Stakataka|item\n|poke|p2|Cresselia, F|item\n|poke|p2|Tsareena, F|item\n|poke|p2|Camerupt, F|item\n|poke|p2|Bewear, M|item\n|poke|p2|Diancie|item\n|teampreview\n|\n|start\n|switch|p1a: hy babes|Forretress, F|100\/100\n|switch|p2a: Bewear|Bewear, M|100\/100\n|turn|1\n|inactive|Battle timer is ON: inactive players will automatically lose when time's up. (requested by BrittneySpearsMom)\n|\n|move|p1a: hy babes|Stealth Rock|p2a: Bewear\n|-sidestart|p2: BugCatcherWeevil|move: Stealth Rock\n|move|p2a: Bewear|Swords Dance|p2a: Bewear\n|-boost|p2a: Bewear|atk|2\n|\n|upkeep\n|turn|2\n|\n|move|p2a: Bewear|Drain Punch|p1a: hy babes\n|-damage|p1a: hy babes|57\/100\n|move|p1a: hy babes|Counter|p2a: Bewear\n|-damage|p2a: Bewear|25\/100\n|\n|-heal|p1a: hy babes|63\/100|[from] item: Leftovers\n|upkeep\n|turn|3\n|\n|move|p1a: hy babes|Volt Switch|p2a: Bewear\n|-damage|p2a: Bewear|13\/100\n|\n|switch|p1a: Elsagate|Araquanid, F|100\/100\n|move|p2a: Bewear|Drain Punch|p1a: Elsagate\n|-resisted|p1a: Elsagate\n|-damage|p1a: Elsagate|56\/100\n|-heal|p2a: Bewear|32\/100|[from] drain|[of] p1a: Elsagate\n|\n|-heal|p1a: Elsagate|62\/100|[from] item: Leftovers\n|upkeep\n|turn|4\n|\n|move|p1a: Elsagate|Liquidation|p2a: Bewear\n|-damage|p2a: Bewear|13\/100\n|-unboost|p2a: Bewear|def|1\n|move|p2a: Bewear|Facade|p1a: Elsagate\n|-damage|p1a: Elsagate|0 fnt\n|faint|p1a: Elsagate\n|\n|upkeep\n|\n|switch|p1a: bad dragon|Ampharos, F|100\/100\n|turn|5\n|\n|detailschange|p1a: bad dragon|Ampharos-Mega, F\n|-mega|p1a: bad dragon|Ampharos|Ampharosite\n|-ability|p1a: bad dragon|Mold Breaker\n|move|p1a: bad dragon|Volt Switch|p2a: Bewear\n|-damage|p2a: Bewear|0 fnt\n|faint|p2a: Bewear\n|\n|switch|p1a: Shitonme|Hitmonlee, M|100\/100\n|\n|upkeep\n|\n|switch|p2a: Cresselia|Cresselia, F|100\/100\n|-damage|p2a: Cresselia|88\/100|[from] Stealth Rock\n|turn|6\n|\n|move|p1a: Shitonme|Toxic|p2a: Cresselia\n|-status|p2a: Cresselia|tox\n|move|p2a: Cresselia|Trick Room|p2a: Cresselia\n|-fieldstart|move: Trick Room|[of] p2a: Cresselia\n|\n|-heal|p2a: Cresselia|94\/100 tox|[from] item: Leftovers\n|-damage|p2a: Cresselia|88\/100 tox|[from] psn\n|upkeep\n|turn|7\n|\n|switch|p2a: Camerupt|Camerupt, F|100\/100\n|-damage|p2a: Camerupt|88\/100|[from] Stealth Rock\n|switch|p1a: trash|Braviary, M|100\/100\n|\n|upkeep\n|turn|8\n|\n|switch|p1a: 34|Salazzle, F|100\/100\n|detailschange|p2a: Camerupt|Camerupt-Mega, F\n|-mega|p2a: Camerupt|Camerupt|Cameruptite\n|move|p2a: Camerupt|Eruption|p1a: 34\n|-resisted|p1a: 34\n|-damage|p1a: 34|20\/100\n|\n|upkeep\n|turn|9\n|\n|move|p2a: Camerupt|Eruption|p1a: 34\n|-resisted|p1a: 34\n|-damage|p1a: 34|0 fnt\n|faint|p1a: 34\n|\n|upkeep\n|\n|switch|p1a: bad dragon|Ampharos-Mega, F|100\/100\n|-ability|p1a: bad dragon|Mold Breaker\n|turn|10\n|\n|switch|p1a: trash|Braviary, M|100\/100\n|move|p2a: Camerupt|Earth Power|p1a: trash\n|-immune|p1a: trash\n|\n|-fieldend|move: Trick Room\n|upkeep\n|turn|11\n|\n|switch|p2a: Cresselia|Cresselia, F|88\/100 tox\n|-damage|p2a: Cresselia|76\/100 tox|[from] Stealth Rock\n|move|p1a: trash|Brave Bird|p2a: Cresselia\n|-damage|p2a: Cresselia|46\/100 tox\n|-damage|p1a: trash|88\/100|[from] Recoil\n|\n|-heal|p2a: Cresselia|52\/100 tox|[from] item: Leftovers\n|-damage|p2a: Cresselia|46\/100 tox|[from] psn\n|upkeep\n|turn|12\n|\n|move|p1a: trash|Brave Bird|p2a: Cresselia\n|-damage|p2a: Cresselia|17\/100 tox\n|-damage|p1a: trash|75\/100|[from] Recoil\n|move|p2a: Cresselia|Trick Room|p2a: Cresselia\n|-fieldstart|move: Trick Room|[of] p2a: Cresselia\n|\n|-heal|p2a: Cresselia|23\/100 tox|[from] item: Leftovers\n|-damage|p2a: Cresselia|11\/100 tox|[from] psn\n|upkeep\n|turn|13\n|\n|move|p2a: Cresselia|Lunar Dance|p2a: Cresselia\n|faint|p2a: Cresselia\n|move|p1a: trash|Brave Bird|p2: Cresselia|[notarget]\n|-fail|p1a: trash\n|\n|upkeep\n|\n|switch|p2a: Camerupt|Camerupt-Mega, F|88\/100\n|-heal|p2a: Camerupt|100\/100|[from] move: Lunar Dance\n|-damage|p2a: Camerupt|88\/100|[from] Stealth Rock\n|turn|14\n|\n|switch|p1a: bad dragon|Ampharos-Mega, F|100\/100\n|-ability|p1a: bad dragon|Mold Breaker\n|move|p2a: Camerupt|Eruption|p1a: bad dragon\n|-resisted|p1a: bad dragon\n|-damage|p1a: bad dragon|61\/100\n|\n|upkeep\n|turn|15\n|\n|switch|p1a: hy babes|Forretress, F|63\/100\n|move|p2a: Camerupt|Earth Power|p1a: hy babes\n|-damage|p1a: hy babes|0 fnt\n|faint|p1a: hy babes\n|\n|upkeep\n|\n|switch|p1a: bad dragon|Ampharos-Mega, F|61\/100\n|-ability|p1a: bad dragon|Mold Breaker\n|turn|16\n|\n|move|p2a: Camerupt|Eruption|p1a: bad dragon\n|-resisted|p1a: bad dragon\n|-damage|p1a: bad dragon|24\/100\n|move|p1a: bad dragon|Dragon Pulse|p2a: Camerupt\n|-damage|p2a: Camerupt|28\/100\n|\n|-fieldend|move: Trick Room\n|upkeep\n|turn|17\n|\n|switch|p2a: Diancie|Diancie|100\/100\n|-damage|p2a: Diancie|88\/100|[from] Stealth Rock\n|move|p1a: bad dragon|Volt Switch|p2a: Diancie\n|-damage|p2a: Diancie|59\/100\n|\n|switch|p1a: Shitonme|Hitmonlee, M|100\/100\n|\n|upkeep\n|turn|18\n|\n|move|p1a: Shitonme|High Jump Kick|p2a: Diancie\n|-damage|p2a: Diancie|0 fnt\n|faint|p2a: Diancie\n|\n|upkeep\n|\n|switch|p2a: Tsareena|Tsareena, F|100\/100\n|-damage|p2a: Tsareena|88\/100|[from] Stealth Rock\n|turn|19\n|\n|move|p1a: Shitonme|High Jump Kick|p2a: Tsareena\n|-damage|p2a: Tsareena|0 fnt\n|faint|p2a: Tsareena\n|\n|upkeep\n|\n|switch|p2a: Stakataka|Stakataka|100\/100\n|-damage|p2a: Stakataka|94\/100|[from] Stealth Rock\n|turn|20\n|\n|move|p1a: Shitonme|High Jump Kick|p2a: Stakataka\n|-supereffective|p2a: Stakataka\n|-damage|p2a: Stakataka|0 fnt\n|faint|p2a: Stakataka\n|\n|upkeep\n|-message|BugCatcherWeevil forfeited.\n|\n|win|BrittneySpearsMom\n|l|\u2606BugCatcherWeevil\n|raw|BrittneySpearsMom's rating: 1426 &rarr; <strong>1446<\/strong><br \/>(+20 for winning)\n|raw|BugCatcherWeevil's rating: 1420 &rarr; <strong>1400<\/strong><br \/>(-20 for losing)\n","uploadtime":1548786690,"views":11,"p1id":"brittneyspearsmom","p2id":"bugcatcherweevil","formatid":"gen7ru","rating":1400,"private":0,"password":null}