{"id":"gen7randombattle-1706973516","p1":"Sergodiosdelmaiz","p2":"w41rus","format":"gen7randombattle","log":"|j|\u2606Sergodiosdelmaiz\n|j|\u2606w41rus\n|t:|1668037841\n|gametype|singles\n|player|p1|Sergodiosdelmaiz|biker-gen4|\n|player|p2|w41rus|ghetsis-gen5bw|\n|teamsize|p1|6\n|teamsize|p2|6\n|gen|7\n|tier|[Gen 7] Random Battle\n|rule|Sleep Clause Mod: Limit one foe put to sleep\n|rule|HP Percentage Mod: HP is shown in percentages\n|rule|Mega Rayquaza Clause: You cannot mega evolve Rayquaza\n|\n|t:|1668037841\n|start\n|switch|p1a: Zapdos|Zapdos, L80|275\/275\n|switch|p2a: Blacephalon|Blacephalon, L80|215\/215\n|turn|1\n|j| Patriot vulture\n|\n|t:|1668037872\n|move|p2a: Blacephalon|Fire Blast|p1a: Zapdos\n|-damage|p1a: Zapdos|68\/275\n|-damage|p2a: Blacephalon|194\/215|[from] item: Life Orb\n|move|p1a: Zapdos|Toxic|p2a: Blacephalon\n|-status|p2a: Blacephalon|tox\n|\n|-heal|p1a: Zapdos|85\/275|[from] item: Leftovers\n|-damage|p2a: Blacephalon|181\/215 tox|[from] psn\n|upkeep\n|turn|2\n|\n|t:|1668037890\n|move|p2a: Blacephalon|Shadow Ball|p1a: Zapdos\n|-damage|p1a: Zapdos|0 fnt\n|faint|p1a: Zapdos\n|-ability|p2a: Blacephalon|Beast Boost|boost\n|-boost|p2a: Blacephalon|spa|1\n|-damage|p2a: Blacephalon|160\/215 tox|[from] item: Life Orb\n|\n|-damage|p2a: Blacephalon|134\/215 tox|[from] psn\n|upkeep\n|\n|t:|1668037903\n|switch|p1a: Lanturn|Lanturn, L88, F|363\/363\n|turn|3\n|\n|t:|1668037909\n|move|p2a: Blacephalon|Shadow Ball|p1a: Lanturn\n|-damage|p1a: Lanturn|117\/363\n|-unboost|p1a: Lanturn|spd|1\n|-damage|p2a: Blacephalon|113\/215 tox|[from] item: Life Orb\n|move|p1a: Lanturn|Hydro Pump|p2a: Blacephalon\n|-supereffective|p2a: Blacephalon\n|-damage|p2a: Blacephalon|0 fnt\n|faint|p2a: Blacephalon\n|-damage|p1a: Lanturn|81\/363|[from] item: Life Orb\n|\n|upkeep\n|\n|t:|1668037927\n|switch|p2a: Arceus|Arceus-Ghost, L76|307\/307\n|turn|4\n|\n|t:|1668037948\n|move|p2a: Arceus|Swords Dance|p2a: Arceus\n|-boost|p2a: Arceus|atk|2\n|move|p1a: Lanturn|Volt Switch|p2a: Arceus\n|-damage|p2a: Arceus|229\/307\n|-damage|p1a: Lanturn|45\/363|[from] item: Life Orb\n|\n|t:|1668037955\n|switch|p1a: Clefable|Clefable, L80, F|283\/283\n|\n|upkeep\n|turn|5\n|\n|t:|1668037966\n|move|p2a: Arceus|Shadow Force||[still]\n|-prepare|p2a: Arceus|Shadow Force\n|move|p1a: Clefable|Calm Mind|p1a: Clefable\n|-boost|p1a: Clefable|spa|1\n|-boost|p1a: Clefable|spd|1\n|\n|upkeep\n|turn|6\n|\n|t:|1668037976\n|move|p2a: Arceus|Shadow Force|p1a: Clefable|[from]lockedmove\n|-damage|p1a: Clefable|0 fnt\n|faint|p1a: Clefable\n|\n|upkeep\n|\n|t:|1668037984\n|switch|p1a: Escavalier|Escavalier, L84, M|255\/255\n|turn|7\n|\n|t:|1668037995\n|-zpower|p2a: Arceus\n|move|p2a: Arceus|Never-Ending Nightmare|p1a: Escavalier|[zeffect]\n|-damage|p1a: Escavalier|0 fnt\n|faint|p1a: Escavalier\n|\n|upkeep\n|\n|t:|1668038005\n|switch|p1a: Glaceon|Glaceon, L88, F|258\/258\n|turn|8\n|\n|t:|1668038011\n|move|p2a: Arceus|Shadow Force||[still]\n|-prepare|p2a: Arceus|Shadow Force\n|move|p1a: Glaceon|Shadow Ball|p2a: Arceus|[miss]\n|-miss|p1a: Glaceon|p2a: Arceus\n|\n|upkeep\n|turn|9\n|\n|t:|1668038018\n|move|p2a: Arceus|Shadow Force|p1a: Glaceon|[from]lockedmove\n|-damage|p1a: Glaceon|47\/258\n|move|p1a: Glaceon|Wish|p1a: Glaceon\n|\n|-heal|p1a: Glaceon|63\/258|[from] item: Leftovers\n|upkeep\n|turn|10\n|\n|t:|1668038027\n|move|p2a: Arceus|Extreme Speed|p1a: Glaceon\n|-crit|p1a: Glaceon\n|-damage|p1a: Glaceon|0 fnt\n|faint|p1a: Glaceon\n|\n|upkeep\n|\n|t:|1668038034\n|switch|p1a: Lanturn|Lanturn, L88, F|45\/363\n|turn|11\n|\n|t:|1668038044\n|move|p2a: Arceus|Shadow Force||[still]\n|-prepare|p2a: Arceus|Shadow Force\n|move|p1a: Lanturn|Hydro Pump|p2a: Arceus|[miss]\n|-miss|p1a: Lanturn|p2a: Arceus\n|\n|upkeep\n|turn|12\n|\n|t:|1668038050\n|move|p2a: Arceus|Shadow Force|p1a: Lanturn|[from]lockedmove\n|-damage|p1a: Lanturn|0 fnt\n|faint|p1a: Lanturn\n|\n|upkeep\n|\n|t:|1668038055\n|switch|p1a: Metagross|Metagross, L76|247\/247\n|turn|13\n|\n|t:|1668038067\n|detailschange|p1a: Metagross|Metagross-Mega, L76\n|-mega|p1a: Metagross|Metagross|Metagrossite\n|move|p2a: Arceus|Shadow Force||[still]\n|-prepare|p2a: Arceus|Shadow Force\n|move|p1a: Metagross|Meteor Mash|p2a: Arceus|[miss]\n|-miss|p1a: Metagross|p2a: Arceus\n|\n|upkeep\n|turn|14\n|\n|t:|1668038079\n|move|p2a: Arceus|Shadow Force|p1a: Metagross|[from]lockedmove\n|-supereffective|p1a: Metagross\n|-crit|p1a: Metagross\n|-damage|p1a: Metagross|0 fnt\n|faint|p1a: Metagross\n|\n|win|w41rus\n|c|\u2606Sergodiosdelmaiz|gg\n","inputlog":">version 453a3ad56483cc6a5c08448f6577d394b68621b7\n>start {\"formatid\":\"gen7randombattle\",\"seed\":[44907,58438,34977,58844]}\n>player p1 {\"name\":\"Sergodiosdelmaiz\",\"avatar\":\"biker-gen4\",\"rating\":0,\"seed\":[29906,33541,50204,34200]}\n>player p2 {\"name\":\"w41rus\",\"avatar\":\"ghetsis-gen5bw\",\"rating\":0,\"seed\":[60217,6546,7484,39403]}\n>p1 move toxic\n>p2 move fireblast\n>p1 move roost\n>p2 move shadowball\n>p1 switch 5\n>p1 move hydropump\n>p2 move shadowball\n>p2 switch 6\n>p1 move voltswitch\n>p2 move swordsdance\n>p1 switch 2\n>p1 move calmmind\n>p2 move shadowforce\n>p1 move softboiled\n>p2 move shadowforce\n>p1 switch 3\n>p1 move knockoff\n>p2 move shadowforce zmove\n>p1 switch 6\n>p1 move shadowball\n>p2 move shadowforce\n>p1 move wish\n>p2 move shadowforce\n>p1 move shadowball\n>p2 move extremespeed\n>p1 switch 2\n>p1 move hydropump\n>p2 move shadowforce\n>p1 move voltswitch\n>p2 move shadowforce\n>p1 switch 4\n>p1 move meteormash mega\n>p2 move shadowforce\n>p1 move meteormash\n>p2 move shadowforce","uploadtime":1668038089,"views":3,"p1id":"sergodiosdelmaiz","p2id":"w41rus","formatid":"gen7randombattle","rating":0,"private":0,"password":null}