{"id":"gen7ou-824645713","p1":"CarlyBae","p2":"ZinaX","format":"gen7ou","log":"|raw|<div class=\"broadcast-red\"><strong>This battle is invite-only!<\/strong><br \/>Users must be rank + or invited with <code>\/invite<\/code> to join<\/div>\n|j|\u2606CarlyBae\n|j|\u2606ZinaX\n|player|p1|CarlyBae|138\n|player|p2|ZinaX|102\n|teamsize|p1|6\n|teamsize|p2|6\n|gametype|singles\n|gen|7\n|tier|[Gen 7] OU\n|rated|\n|rule|Sleep Clause Mod: Limit one foe put to sleep\n|rule|Species Clause: Limit one of each Pok\u00e9mon\n|rule|OHKO Clause: OHKO moves are banned\n|rule|Moody Clause: Moody is banned\n|rule|Evasion Moves Clause: Evasion moves are banned\n|rule|Endless Battle Clause: Forcing endless battles is banned\n|rule|HP Percentage Mod: HP is shown in percentages\n|clearpoke\n|poke|p1|Toxapex, F|item\n|poke|p1|Hippowdon, M|item\n|poke|p1|Heatran, M|item\n|poke|p1|Clefable, F|item\n|poke|p1|Latias, F|item\n|poke|p1|Skarmory, M|item\n|poke|p2|Scizor, M|item\n|poke|p2|Tapu Fini|item\n|poke|p2|Serperior, M|item\n|poke|p2|Buzzwole|item\n|poke|p2|Tapu Koko|item\n|poke|p2|Gliscor, M|item\n|teampreview\n|\n|start\n|switch|p1a: Hippowdon|Hippowdon, M|100\/100\n|switch|p2a: Gliscor|Gliscor, M|100\/100\n|-weather|Sandstorm|[from] ability: Sand Stream|[of] p1a: Hippowdon\n|turn|1\n|\n|move|p2a: Gliscor|Swords Dance|p2a: Gliscor\n|-boost|p2a: Gliscor|atk|2\n|move|p1a: Hippowdon|Stealth Rock|p2a: Gliscor\n|-sidestart|p2: ZinaX|move: Stealth Rock\n|\n|-weather|Sandstorm|[upkeep]\n|-status|p2a: Gliscor|tox|[from] item: Toxic Orb\n|upkeep\n|turn|2\n|\n|switch|p1a: Skarmory|Skarmory, M|100\/100\n|move|p2a: Gliscor|Facade|p1a: Skarmory\n|-resisted|p1a: Skarmory\n|-damage|p1a: Skarmory|74\/100\n|-damage|p2a: Gliscor|84\/100 tox|[from] item: Rocky Helmet|[of] p1a: Skarmory\n|\n|-weather|Sandstorm|[upkeep]\n|-heal|p2a: Gliscor|96\/100 tox|[from] ability: Poison Heal\n|upkeep\n|turn|3\n|\n|move|p2a: Gliscor|Facade|p1a: Skarmory\n|-resisted|p1a: Skarmory\n|-damage|p1a: Skarmory|47\/100\n|-damage|p2a: Gliscor|80\/100 tox|[from] item: Rocky Helmet|[of] p1a: Skarmory\n|move|p1a: Skarmory|Roost|p1a: Skarmory\n|-heal|p1a: Skarmory|97\/100\n|\n|-weather|Sandstorm|[upkeep]\n|-heal|p2a: Gliscor|92\/100 tox|[from] ability: Poison Heal\n|upkeep\n|turn|4\n|\n|move|p2a: Gliscor|Facade|p1a: Skarmory\n|-resisted|p1a: Skarmory\n|-damage|p1a: Skarmory|74\/100\n|-damage|p2a: Gliscor|76\/100 tox|[from] item: Rocky Helmet|[of] p1a: Skarmory\n|move|p1a: Skarmory|Iron Defense|p1a: Skarmory\n|-boost|p1a: Skarmory|def|2\n|\n|-weather|Sandstorm|[upkeep]\n|-heal|p2a: Gliscor|88\/100 tox|[from] ability: Poison Heal\n|upkeep\n|turn|5\n|\n|switch|p2a: Tapu Fini|Tapu Fini|100\/100\n|-damage|p2a: Tapu Fini|88\/100|[from] Stealth Rock\n|-fieldstart|move: Misty Terrain|[from] ability: Misty Surge|[of] p2a: Tapu Fini\n|move|p1a: Skarmory|Spikes|p2a: Tapu Fini\n|-sidestart|p2: ZinaX|Spikes\n|\n|-weather|none\n|-heal|p2a: Tapu Fini|94\/100|[from] item: Leftovers\n|upkeep\n|turn|6\n|\n|switch|p1a: Toxapex|Toxapex, F|100\/100\n|move|p2a: Tapu Fini|Defog|p1a: Toxapex\n|-unboost|p1a: Toxapex|evasion|1\n|-sideend|p2: ZinaX|Spikes|[from] move: Defog|[of] p2a: Tapu Fini\n|-sideend|p2: ZinaX|Stealth Rock|[from] move: Defog|[of] p2a: Tapu Fini\n|\n|-heal|p2a: Tapu Fini|99\/100|[from] item: Leftovers\n|upkeep\n|turn|7\n|\n|move|p2a: Tapu Fini|Nature's Madness|p1a: Toxapex\n|-damage|p1a: Toxapex|50\/100\n|move|p1a: Toxapex|Toxic Spikes|p2a: Tapu Fini\n|-sidestart|p2: ZinaX|move: Toxic Spikes\n|\n|-heal|p2a: Tapu Fini|100\/100|[from] item: Leftovers\n|upkeep\n|turn|8\n|\n|move|p2a: Tapu Fini|Defog|p1a: Toxapex\n|-unboost|p1a: Toxapex|evasion|1\n|-sideend|p2: ZinaX|Toxic Spikes|[from] move: Defog|[of] p2a: Tapu Fini\n|-zpower|p1a: Toxapex\n|move|p1a: Toxapex|Acid Downpour|p2a: Tapu Fini|[zeffect]\n|-supereffective|p2a: Tapu Fini\n|-damage|p2a: Tapu Fini|25\/100\n|\n|-heal|p2a: Tapu Fini|31\/100|[from] item: Leftovers\n|upkeep\n|turn|9\n|\n|switch|p2a: Gliscor|Gliscor, M|88\/100 tox\n|move|p1a: Toxapex|Toxic Spikes|p2a: Gliscor\n|-sidestart|p2: ZinaX|move: Toxic Spikes\n|\n|-heal|p2a: Gliscor|100\/100 tox|[from] ability: Poison Heal\n|-fieldend|Misty Terrain\n|upkeep\n|turn|10\n|\n|switch|p1a: Skarmory|Skarmory, M|74\/100\n|move|p2a: Gliscor|Earthquake|p1a: Skarmory\n|-immune|p1a: Skarmory|[msg]\n|\n|upkeep\n|turn|11\n|\n|move|p2a: Gliscor|Swords Dance|p2a: Gliscor\n|-boost|p2a: Gliscor|atk|2\n|move|p1a: Skarmory|Spikes|p2a: Gliscor\n|-sidestart|p2: ZinaX|Spikes\n|\n|upkeep\n|turn|12\n|\n|move|p2a: Gliscor|Swords Dance|p2a: Gliscor\n|-boost|p2a: Gliscor|atk|2\n|move|p1a: Skarmory|Iron Defense|p1a: Skarmory\n|-boost|p1a: Skarmory|def|2\n|\n|upkeep\n|turn|13\n|\n|move|p2a: Gliscor|Swords Dance|p2a: Gliscor\n|-boost|p2a: Gliscor|atk|2\n|move|p1a: Skarmory|Roost|p1a: Skarmory\n|-heal|p1a: Skarmory|100\/100\n|\n|upkeep\n|turn|14\n|\n|move|p2a: Gliscor|Facade|p1a: Skarmory\n|-resisted|p1a: Skarmory\n|-damage|p1a: Skarmory|77\/100\n|-damage|p2a: Gliscor|84\/100 tox|[from] item: Rocky Helmet|[of] p1a: Skarmory\n|move|p1a: Skarmory|Counter|p2a: Gliscor\n|-damage|p2a: Gliscor|38\/100 tox\n|\n|-heal|p2a: Gliscor|50\/100 tox|[from] ability: Poison Heal\n|upkeep\n|turn|15\n|\n|move|p2a: Gliscor|Roost|p2a: Gliscor\n|-heal|p2a: Gliscor|99\/100 tox\n|move|p1a: Skarmory|Spikes|p2a: Gliscor\n|-sidestart|p2: ZinaX|Spikes\n|\n|-heal|p2a: Gliscor|100\/100 tox|[from] ability: Poison Heal\n|upkeep\n|turn|16\n|\n|switch|p2a: Tapu Fini|Tapu Fini|31\/100\n|-status|p2a: Tapu Fini|psn\n|-damage|p2a: Tapu Fini|14\/100 psn|[from] Spikes\n|-fieldstart|move: Misty Terrain|[from] ability: Misty Surge|[of] p2a: Tapu Fini\n|move|p1a: Skarmory|Iron Defense|p1a: Skarmory\n|-boost|p1a: Skarmory|def|2\n|\n|-heal|p2a: Tapu Fini|21\/100 psn|[from] item: Leftovers\n|-damage|p2a: Tapu Fini|8\/100 psn|[from] psn\n|upkeep\n|turn|17\n|\n|switch|p1a: Toxapex|Toxapex, F|84\/100\n|move|p2a: Tapu Fini|Defog|p1a: Toxapex\n|-unboost|p1a: Toxapex|evasion|1\n|-sideend|p2: ZinaX|Spikes|[from] move: Defog|[of] p2a: Tapu Fini\n|-sideend|p2: ZinaX|Toxic Spikes|[from] move: Defog|[of] p2a: Tapu Fini\n|\n|-heal|p2a: Tapu Fini|14\/100 psn|[from] item: Leftovers\n|-damage|p2a: Tapu Fini|2\/100 psn|[from] psn\n|upkeep\n|turn|18\n|\n|switch|p2a: Tapu Koko|Tapu Koko|100\/100\n|-fieldstart|move: Electric Terrain|[from] ability: Electric Surge|[of] p2a: Tapu Koko\n|move|p1a: Toxapex|Toxic Spikes|p2a: Tapu Koko\n|-sidestart|p2: ZinaX|move: Toxic Spikes\n|\n|upkeep\n|turn|19\n|\n|switch|p1a: Hippowdon|Hippowdon, M|100\/100\n|-weather|Sandstorm|[from] ability: Sand Stream|[of] p1a: Hippowdon\n|move|p2a: Tapu Koko|Dazzling Gleam|p1a: Hippowdon\n|-damage|p1a: Hippowdon|60\/100\n|-damage|p2a: Tapu Koko|91\/100|[from] item: Life Orb\n|\n|-weather|Sandstorm|[upkeep]\n|-damage|p2a: Tapu Koko|84\/100|[from] Sandstorm\n|upkeep\n|turn|20\n|\n|move|p2a: Tapu Koko|Hidden Power|p1a: Hippowdon\n|-supereffective|p1a: Hippowdon\n|-damage|p1a: Hippowdon|16\/100\n|-damage|p2a: Tapu Koko|75\/100|[from] item: Life Orb\n|move|p1a: Hippowdon|Slack Off|p1a: Hippowdon\n|-heal|p1a: Hippowdon|66\/100\n|\n|-weather|Sandstorm|[upkeep]\n|-damage|p2a: Tapu Koko|68\/100|[from] Sandstorm\n|upkeep\n|turn|21\n|\n|move|p2a: Tapu Koko|Dazzling Gleam|p1a: Hippowdon\n|-damage|p1a: Hippowdon|29\/100\n|-damage|p2a: Tapu Koko|59\/100|[from] item: Life Orb\n|move|p1a: Hippowdon|Slack Off|p1a: Hippowdon\n|-heal|p1a: Hippowdon|79\/100\n|\n|-weather|Sandstorm|[upkeep]\n|-damage|p2a: Tapu Koko|52\/100|[from] Sandstorm\n|upkeep\n|turn|22\n|\n|switch|p2a: Tapu Fini|Tapu Fini|2\/100 psn\n|-fieldstart|move: Misty Terrain|[from] ability: Misty Surge|[of] p2a: Tapu Fini\n|move|p1a: Hippowdon|Slack Off|p1a: Hippowdon\n|-heal|p1a: Hippowdon|100\/100\n|\n|-weather|Sandstorm|[upkeep]\n|-damage|p2a: Tapu Fini|0 fnt|[from] Sandstorm\n|upkeep\n|faint|p2a: Tapu Fini\n|\n|switch|p2a: Scizor|Scizor, M|100\/100\n|turn|23\n|\n|switch|p1a: Heatran|Heatran, M|100\/100\n|detailschange|p2a: Scizor|Scizor-Mega, M\n|-mega|p2a: Scizor|Scizor|Scizorite\n|move|p2a: Scizor|Knock Off|p1a: Heatran\n|-damage|p1a: Heatran|74\/100\n|-enditem|p1a: Heatran|Leftovers|[from] move: Knock Off|[of] p2a: Scizor\n|\n|-weather|none\n|upkeep\n|turn|24\n|\n|switch|p2a: Gliscor|Gliscor, M|100\/100 tox\n|move|p1a: Heatran|Magma Storm|p2a: Gliscor\n|-damage|p2a: Gliscor|49\/100 tox\n|-activate|p2a: Gliscor|move: Magma Storm|[of] p1a: Heatran\n|\n|-heal|p2a: Gliscor|62\/100 tox|[from] ability: Poison Heal\n|-damage|p2a: Gliscor|49\/100 tox|[from] move: Magma Storm|[partiallytrapped]\n|upkeep\n|turn|25\n|\n|switch|p1a: Skarmory|Skarmory, M|77\/100\n|move|p2a: Gliscor|Roost|p2a: Gliscor\n|-heal|p2a: Gliscor|99\/100 tox\n|\n|-heal|p2a: Gliscor|100\/100 tox|[from] ability: Poison Heal\n|upkeep\n|turn|26\n|\n|move|p2a: Gliscor|Swords Dance|p2a: Gliscor\n|-boost|p2a: Gliscor|atk|2\n|move|p1a: Skarmory|Spikes|p2a: Gliscor\n|-sidestart|p2: ZinaX|Spikes\n|\n|-fieldend|Misty Terrain\n|upkeep\n|turn|27\n|\n|move|p2a: Gliscor|Swords Dance|p2a: Gliscor\n|-boost|p2a: Gliscor|atk|2\n|move|p1a: Skarmory|Spikes|p2a: Gliscor\n|-sidestart|p2: ZinaX|Spikes\n|\n|upkeep\n|turn|28\n|\n|move|p2a: Gliscor|Facade|p1a: Skarmory\n|-resisted|p1a: Skarmory\n|-damage|p1a: Skarmory|38\/100\n|-damage|p2a: Gliscor|84\/100 tox|[from] item: Rocky Helmet|[of] p1a: Skarmory\n|move|p1a: Skarmory|Roost|p1a: Skarmory\n|-heal|p1a: Skarmory|88\/100\n|\n|-heal|p2a: Gliscor|96\/100 tox|[from] ability: Poison Heal\n|upkeep\n|turn|29\n|\n|move|p2a: Gliscor|Swords Dance|p2a: Gliscor\n|-boost|p2a: Gliscor|atk|2\n|move|p1a: Skarmory|Iron Defense|p1a: Skarmory\n|-boost|p1a: Skarmory|def|2\n|\n|-heal|p2a: Gliscor|100\/100 tox|[from] ability: Poison Heal\n|upkeep\n|turn|30\n|\n|move|p2a: Gliscor|Swords Dance|p2a: Gliscor\n|-boost|p2a: Gliscor|atk|0\n|move|p1a: Skarmory|Counter|p2a: Gliscor\n|-fail|p2a: Gliscor\n|\n|upkeep\n|turn|31\n|\n|move|p2a: Gliscor|Facade|p1a: Skarmory\n|-resisted|p1a: Skarmory\n|-damage|p1a: Skarmory|65\/100\n|-damage|p2a: Gliscor|84\/100 tox|[from] item: Rocky Helmet|[of] p1a: Skarmory\n|move|p1a: Skarmory|Counter|p2a: Gliscor\n|-damage|p2a: Gliscor|38\/100 tox\n|\n|-heal|p2a: Gliscor|50\/100 tox|[from] ability: Poison Heal\n|upkeep\n|turn|32\n|\n|move|p2a: Gliscor|Roost|p2a: Gliscor\n|-heal|p2a: Gliscor|99\/100 tox\n|move|p1a: Skarmory|Spikes|p2a: Gliscor\n|-sidestart|p2: ZinaX|Spikes\n|\n|-heal|p2a: Gliscor|100\/100 tox|[from] ability: Poison Heal\n|upkeep\n|turn|33\n|\n|switch|p2a: Serperior|Serperior, M|100\/100\n|-damage|p2a: Serperior|76\/100|[from] Spikes\n|-status|p2a: Serperior|psn\n|move|p1a: Skarmory|Counter|p2a: Serperior\n|-fail|p2a: Serperior\n|\n|-heal|p2a: Serperior|82\/100 psn|[from] item: Leftovers\n|-damage|p2a: Serperior|69\/100 psn|[from] psn\n|upkeep\n|turn|34\n|\n|switch|p1a: Toxapex|Toxapex, F|100\/100\n|move|p2a: Serperior|Glare|p1a: Toxapex\n|-status|p1a: Toxapex|par\n|\n|-heal|p2a: Serperior|76\/100 psn|[from] item: Leftovers\n|-damage|p2a: Serperior|63\/100 psn|[from] psn\n|upkeep\n|turn|35\n|\n|move|p2a: Serperior|Leaf Storm|p1a: Toxapex\n|-damage|p1a: Toxapex|77\/100 par\n|-boost|p2a: Serperior|spa|2\n|move|p1a: Toxapex|Toxic Spikes|p2a: Serperior\n|-sidestart|p2: ZinaX|move: Toxic Spikes\n|\n|-heal|p2a: Serperior|69\/100 psn|[from] item: Leftovers\n|-damage|p2a: Serperior|57\/100 psn|[from] psn\n|upkeep\n|turn|36\n|\n|move|p2a: Serperior|Leaf Storm|p1a: Toxapex|[miss]\n|-miss|p2a: Serperior|p1a: Toxapex\n|move|p1a: Toxapex|Haze|p1a: Toxapex\n|-clearallboost\n|\n|-heal|p2a: Serperior|63\/100 psn|[from] item: Leftovers\n|-damage|p2a: Serperior|51\/100 psn|[from] psn\n|upkeep\n|turn|37\n|\n|move|p2a: Serperior|Leaf Storm|p1a: Toxapex\n|-damage|p1a: Toxapex|52\/100 par\n|-boost|p2a: Serperior|spa|2\n|move|p1a: Toxapex|Gunk Shot|p2a: Serperior|[miss]\n|-miss|p1a: Toxapex|p2a: Serperior\n|\n|-heal|p2a: Serperior|57\/100 psn|[from] item: Leftovers\n|-damage|p2a: Serperior|45\/100 psn|[from] psn\n|upkeep\n|turn|38\n|\n|move|p2a: Serperior|Leaf Storm|p1a: Toxapex\n|-damage|p1a: Toxapex|6\/100 par\n|-boost|p2a: Serperior|spa|2\n|move|p1a: Toxapex|Gunk Shot|p2a: Serperior\n|-supereffective|p2a: Serperior\n|-damage|p2a: Serperior|0 fnt\n|faint|p2a: Serperior\n|\n|upkeep\n|\n|switch|p2a: Buzzwole|Buzzwole|100\/100\n|-status|p2a: Buzzwole|tox\n|-damage|p2a: Buzzwole|76\/100 tox|[from] Spikes\n|turn|39\n|\n|switch|p1a: Skarmory|Skarmory, M|65\/100\n|move|p2a: Buzzwole|Drain Punch|p1a: Skarmory\n|-damage|p1a: Skarmory|39\/100\n|-heal|p2a: Buzzwole|86\/100 tox|[from] drain|[of] p1a: Skarmory\n|-damage|p2a: Buzzwole|69\/100 tox|[from] item: Rocky Helmet|[of] p1a: Skarmory\n|\n|-heal|p2a: Buzzwole|76\/100 tox|[from] item: Leftovers\n|-damage|p2a: Buzzwole|69\/100 tox|[from] psn\n|upkeep\n|turn|40\n|\n|move|p1a: Skarmory|Roost|p1a: Skarmory\n|-heal|p1a: Skarmory|89\/100\n|move|p2a: Buzzwole|Drain Punch|p1a: Skarmory\n|-supereffective|p1a: Skarmory\n|-damage|p1a: Skarmory|41\/100\n|-heal|p2a: Buzzwole|89\/100 tox|[from] drain|[of] p1a: Skarmory\n|-damage|p2a: Buzzwole|72\/100 tox|[from] item: Rocky Helmet|[of] p1a: Skarmory\n|\n|-heal|p2a: Buzzwole|78\/100 tox|[from] item: Leftovers\n|-damage|p2a: Buzzwole|66\/100 tox|[from] psn\n|upkeep\n|turn|41\n|\n|move|p1a: Skarmory|Roost|p1a: Skarmory\n|-heal|p1a: Skarmory|91\/100\n|move|p2a: Buzzwole|Drain Punch|p1a: Skarmory\n|-supereffective|p1a: Skarmory\n|-crit|p1a: Skarmory\n|-damage|p1a: Skarmory|10\/100\n|-heal|p2a: Buzzwole|98\/100 tox|[from] drain|[of] p1a: Skarmory\n|-damage|p2a: Buzzwole|82\/100 tox|[from] item: Rocky Helmet|[of] p1a: Skarmory\n|\n|-heal|p2a: Buzzwole|88\/100 tox|[from] item: Leftovers\n|-damage|p2a: Buzzwole|69\/100 tox|[from] psn\n|upkeep\n|turn|42\n|\n|move|p1a: Skarmory|Roost|p1a: Skarmory\n|-heal|p1a: Skarmory|60\/100\n|move|p2a: Buzzwole|Drain Punch|p1a: Skarmory\n|-supereffective|p1a: Skarmory\n|-damage|p1a: Skarmory|7\/100\n|-heal|p2a: Buzzwole|90\/100 tox|[from] drain|[of] p1a: Skarmory\n|-damage|p2a: Buzzwole|74\/100 tox|[from] item: Rocky Helmet|[of] p1a: Skarmory\n|\n|-heal|p2a: Buzzwole|80\/100 tox|[from] item: Leftovers\n|-damage|p2a: Buzzwole|55\/100 tox|[from] psn\n|upkeep\n|turn|43\n|\n|switch|p1a: Clefable|Clefable, F|100\/100\n|move|p2a: Buzzwole|Drain Punch|p1a: Clefable\n|-resisted|p1a: Clefable\n|-damage|p1a: Clefable|85\/100\n|-heal|p2a: Buzzwole|62\/100 tox|[from] drain|[of] p1a: Clefable\n|\n|-heal|p2a: Buzzwole|69\/100 tox|[from] item: Leftovers\n|-damage|p2a: Buzzwole|38\/100 tox|[from] psn\n|upkeep\n|turn|44\n|\n|switch|p1a: Hippowdon|Hippowdon, M|100\/100\n|-weather|Sandstorm|[from] ability: Sand Stream|[of] p1a: Hippowdon\n|move|p2a: Buzzwole|Drain Punch|p1a: Hippowdon\n|-damage|p1a: Hippowdon|77\/100\n|-heal|p2a: Buzzwole|50\/100 tox|[from] drain|[of] p1a: Hippowdon\n|\n|-weather|Sandstorm|[upkeep]\n|-damage|p2a: Buzzwole|43\/100 tox|[from] Sandstorm\n|-heal|p2a: Buzzwole|50\/100 tox|[from] item: Leftovers\n|-damage|p2a: Buzzwole|12\/100 tox|[from] psn\n|upkeep\n|turn|45\n|\n|move|p2a: Buzzwole|Drain Punch|p1a: Hippowdon\n|-damage|p1a: Hippowdon|53\/100\n|-heal|p2a: Buzzwole|24\/100 tox|[from] drain|[of] p1a: Hippowdon\n|move|p1a: Hippowdon|Stealth Rock|p2a: Buzzwole\n|-sidestart|p2: ZinaX|move: Stealth Rock\n|\n|-weather|Sandstorm|[upkeep]\n|-damage|p2a: Buzzwole|18\/100 tox|[from] Sandstorm\n|-heal|p2a: Buzzwole|24\/100 tox|[from] item: Leftovers\n|-damage|p2a: Buzzwole|0 fnt|[from] psn\n|upkeep\n|faint|p2a: Buzzwole\n|\n|switch|p2a: Gliscor|Gliscor, M|100\/100 tox\n|-damage|p2a: Gliscor|88\/100 tox|[from] Stealth Rock\n|turn|46\n|\n|switch|p1a: Latias|Latias, F|100\/100\n|move|p2a: Gliscor|Swords Dance|p2a: Gliscor\n|-boost|p2a: Gliscor|atk|2\n|\n|-weather|Sandstorm|[upkeep]\n|-damage|p1a: Latias|94\/100|[from] Sandstorm\n|-heal|p2a: Gliscor|100\/100 tox|[from] ability: Poison Heal\n|upkeep\n|turn|47\n|\n|detailschange|p1a: Latias|Latias-Mega, F\n|-mega|p1a: Latias|Latias|Latiasite\n|move|p1a: Latias|Calm Mind|p1a: Latias\n|-boost|p1a: Latias|spa|1\n|-boost|p1a: Latias|spd|1\n|move|p2a: Gliscor|Roost|p2a: Gliscor\n|-fail|p2a: Gliscor\n|\n|-weather|Sandstorm|[upkeep]\n|-damage|p1a: Latias|88\/100|[from] Sandstorm\n|upkeep\n|turn|48\n|\n|move|p1a: Latias|Calm Mind|p1a: Latias\n|-boost|p1a: Latias|spa|1\n|-boost|p1a: Latias|spd|1\n|move|p2a: Gliscor|Facade|p1a: Latias\n|-damage|p1a: Latias|19\/100\n|\n|-weather|none\n|upkeep\n|turn|49\n|\n|switch|p2a: Tapu Koko|Tapu Koko|52\/100\n|-damage|p2a: Tapu Koko|40\/100|[from] Stealth Rock\n|-damage|p2a: Tapu Koko|15\/100|[from] Spikes\n|-status|p2a: Tapu Koko|tox\n|-fieldstart|move: Electric Terrain|[from] ability: Electric Surge|[of] p2a: Tapu Koko\n|move|p1a: Latias|Shadow Ball|p2a: Tapu Koko\n|-damage|p2a: Tapu Koko|0 fnt\n|faint|p2a: Tapu Koko\n|\n|upkeep\n|\n|switch|p2a: Scizor|Scizor-Mega, M|100\/100\n|-damage|p2a: Scizor|75\/100|[from] Spikes\n|-damage|p2a: Scizor|63\/100|[from] Stealth Rock\n|turn|50\n|\n|switch|p2a: Gliscor|Gliscor, M|100\/100 tox\n|-damage|p2a: Gliscor|88\/100 tox|[from] Stealth Rock\n|move|p1a: Latias|Shadow Ball|p2a: Gliscor\n|-damage|p2a: Gliscor|23\/100 tox\n|\n|-heal|p2a: Gliscor|35\/100 tox|[from] ability: Poison Heal\n|upkeep\n|turn|51\n|\n|switch|p2a: Scizor|Scizor-Mega, M|63\/100\n|-damage|p2a: Scizor|38\/100|[from] Spikes\n|-damage|p2a: Scizor|25\/100|[from] Stealth Rock\n|move|p1a: Latias|Roost|p1a: Latias\n|-heal|p1a: Latias|69\/100\n|\n|upkeep\n|turn|52\n|c|\u2606ZinaX|Damn gg\n|-message|ZinaX forfeited.\n|\n|win|CarlyBae\n|c|\u2606CarlyBae|gg\n|l|\u2606ZinaX\n|raw|CarlyBae's rating: 1566 &rarr; <strong>1586<\/strong><br \/>(+20 for winning)\n|raw|ZinaX's rating: 1573 &rarr; <strong>1553<\/strong><br \/>(-20 for losing)\n|c|\u2606CarlyBae|\/log CarlyBae made this room public.\n","uploadtime":1540332474,"views":6,"p1id":"carlybae","p2id":"zinax","formatid":"gen7ou","rating":1553,"private":0,"password":null}