{"id":"gen7ou-954753898","p1":"ghecisbestvillain","p2":"tonhua","format":"gen7ou","log":"|j|\u2606ghecisbestvillain\n|j|\u2606tonhua\n|player|p1|ghecisbestvillain|269|1601\n|player|p2|tonhua|102|1513\n|teamsize|p1|6\n|teamsize|p2|6\n|gametype|singles\n|gen|7\n|tier|[Gen 7] OU\n|rated|\n|rule|Sleep Clause Mod: Limit one foe put to sleep\n|rule|Species Clause: Limit one of each Pok\u00e9mon\n|rule|OHKO Clause: OHKO moves are banned\n|rule|Moody Clause: Moody is banned\n|rule|Evasion Moves Clause: Evasion moves are banned\n|rule|Endless Battle Clause: Forcing endless battles is banned\n|rule|HP Percentage Mod: HP is shown in percentages\n|clearpoke\n|poke|p1|Hawlucha, M|item\n|poke|p1|Clefable, F|item\n|poke|p1|Charizard, M|item\n|poke|p1|Tapu Koko|item\n|poke|p1|Magearna|item\n|poke|p1|Kyurem-Black|item\n|poke|p2|Pikachu, F|item\n|poke|p2|Landorus-Therian, M|item\n|poke|p2|Chansey, F|item\n|poke|p2|Medicham, M|item\n|poke|p2|Kartana|item\n|poke|p2|Tapu Fini|item\n|teampreview\n|inactive|Battle timer is ON: inactive players will automatically lose when time's up. (requested by ghecisbestvillain)\n|\n|start\n|switch|p1a: Tapu Koko|Tapu Koko|100\/100\n|switch|p2a: Medicham|Medicham, M|100\/100\n|-fieldstart|move: Electric Terrain|[from] ability: Electric Surge|[of] p1a: Tapu Koko\n|turn|1\n|\n|detailschange|p2a: Medicham|Medicham-Mega, M\n|-mega|p2a: Medicham|Medicham|Medichamite\n|move|p2a: Medicham|Fake Out|p1a: Tapu Koko\n|-damage|p1a: Tapu Koko|76\/100\n|cant|p1a: Tapu Koko|flinch\n|\n|upkeep\n|turn|2\n|\n|switch|p2a: Pikachu|Pikachu, F|100\/100\n|move|p1a: Tapu Koko|Reflect|p1a: Tapu Koko\n|-sidestart|p1: ghecisbestvillain|Reflect\n|\n|upkeep\n|turn|3\n|\n|move|p2a: Pikachu|Fake Out|p1a: Tapu Koko\n|-damage|p1a: Tapu Koko|67\/100\n|cant|p1a: Tapu Koko|flinch\n|\n|upkeep\n|turn|4\n|\n|switch|p2a: Tapu Fini|Tapu Fini|100\/100\n|-fieldstart|move: Misty Terrain|[from] ability: Misty Surge|[of] p2a: Tapu Fini\n|move|p1a: Tapu Koko|Light Screen|p1a: Tapu Koko\n|-sidestart|p1: ghecisbestvillain|move: Light Screen\n|\n|upkeep\n|turn|5\n|\n|move|p1a: Tapu Koko|Taunt|p2a: Tapu Fini\n|-start|p2a: Tapu Fini|move: Taunt\n|cant|p2a: Tapu Fini|move: Taunt|Defog\n|\n|upkeep\n|turn|6\n|\n|switch|p1a: Magearna|Magearna|100\/100\n|move|p2a: Tapu Fini|Moonblast|p1a: Magearna\n|-resisted|p1a: Magearna\n|-damage|p1a: Magearna|93\/100\n|\n|upkeep\n|turn|7\n|\n|switch|p2a: Chansey|Chansey, F|100\/100\n|move|p1a: Magearna|Shift Gear|p1a: Magearna\n|-boost|p1a: Magearna|spe|2\n|-boost|p1a: Magearna|atk|1\n|\n|upkeep\n|turn|8\n|\n|move|p1a: Magearna|Shift Gear|p1a: Magearna\n|-boost|p1a: Magearna|spe|2\n|-boost|p1a: Magearna|atk|1\n|move|p2a: Chansey|Seismic Toss|p1a: Magearna\n|-damage|p1a: Magearna|60\/100\n|\n|-fieldend|Misty Terrain\n|upkeep\n|turn|9\n|\n|move|p1a: Magearna|Brick Break|p2a: Chansey\n|-supereffective|p2a: Chansey\n|-damage|p2a: Chansey|37\/100\n|move|p2a: Chansey|Seismic Toss|p1a: Magearna\n|-damage|p1a: Magearna|26\/100\n|\n|-sideend|p1: ghecisbestvillain|Reflect\n|upkeep\n|turn|10\n|\n|switch|p2a: Landorus|Landorus-Therian, M|100\/100\n|-ability|p2a: Landorus|Intimidate|boost\n|-unboost|p1a: Magearna|atk|1\n|move|p1a: Magearna|Iron Head|p2a: Landorus\n|-damage|p2a: Landorus|64\/100\n|-damage|p1a: Magearna|10\/100|[from] item: Rocky Helmet|[of] p2a: Landorus\n|\n|upkeep\n|turn|11\n|\n|switch|p2a: Tapu Fini|Tapu Fini|100\/100\n|-fieldstart|move: Misty Terrain|[from] ability: Misty Surge|[of] p2a: Tapu Fini\n|-zpower|p1a: Magearna\n|move|p1a: Magearna|Shattered Psyche|p2a: Tapu Fini|[zeffect]\n|-damage|p2a: Tapu Fini|49\/100\n|\n|-heal|p2a: Tapu Fini|55\/100|[from] item: Leftovers\n|-sideend|p1: ghecisbestvillain|move: Light Screen\n|upkeep\n|turn|12\n|\n|switch|p2a: Landorus|Landorus-Therian, M|64\/100\n|-ability|p2a: Landorus|Intimidate|boost\n|-unboost|p1a: Magearna|atk|1\n|move|p1a: Magearna|Iron Head|p2a: Landorus\n|-damage|p2a: Landorus|37\/100\n|-damage|p1a: Magearna|0 fnt|[from] item: Rocky Helmet|[of] p2a: Landorus\n|faint|p1a: Magearna\n|\n|upkeep\n|\n|switch|p1a: Tapu Koko|Tapu Koko|67\/100\n|-fieldstart|move: Electric Terrain|[from] ability: Electric Surge|[of] p1a: Tapu Koko\n|turn|13\n|\n|move|p1a: Tapu Koko|Reflect|p1a: Tapu Koko\n|-sidestart|p1: ghecisbestvillain|Reflect\n|move|p2a: Landorus|Stealth Rock|p1a: Tapu Koko\n|-sidestart|p1: ghecisbestvillain|move: Stealth Rock\n|\n|upkeep\n|turn|14\n|\n|move|p1a: Tapu Koko|Defog|p2a: Landorus\n|-unboost|p2a: Landorus|evasion|1\n|-sideend|p1: ghecisbestvillain|Stealth Rock|[from] move: Defog|[of] p1a: Tapu Koko\n|move|p2a: Landorus|U-turn|p1a: Tapu Koko\n|-resisted|p1a: Tapu Koko\n|-damage|p1a: Tapu Koko|61\/100\n|\n|switch|p2a: Tapu Fini|Tapu Fini|55\/100|[from]move: U-turn\n|-fieldstart|move: Misty Terrain|[from] ability: Misty Surge|[of] p2a: Tapu Fini\n|\n|-heal|p2a: Tapu Fini|62\/100|[from] item: Leftovers\n|upkeep\n|turn|15\n|\n|move|p1a: Tapu Koko|Light Screen|p1a: Tapu Koko\n|-sidestart|p1: ghecisbestvillain|move: Light Screen\n|move|p2a: Tapu Fini|Moonblast|p1a: Tapu Koko\n|-damage|p1a: Tapu Koko|37\/100\n|-unboost|p1a: Tapu Koko|spa|1\n|\n|-heal|p2a: Tapu Fini|68\/100|[from] item: Leftovers\n|upkeep\n|turn|16\n|\n|move|p1a: Tapu Koko|Taunt|p2a: Tapu Fini\n|-start|p2a: Tapu Fini|move: Taunt\n|move|p2a: Tapu Fini|Moonblast|p1a: Tapu Koko\n|-damage|p1a: Tapu Koko|11\/100\n|-unboost|p1a: Tapu Koko|spa|1\n|\n|-heal|p2a: Tapu Fini|74\/100|[from] item: Leftovers\n|upkeep\n|turn|17\n|\n|switch|p1a: Clefable|Clefable, F|100\/100\n|move|p2a: Tapu Fini|Moonblast|p1a: Clefable\n|-damage|p1a: Clefable|86\/100\n|-unboost|p1a: Clefable|spa|1\n|\n|-heal|p2a: Tapu Fini|80\/100|[from] item: Leftovers\n|-heal|p1a: Clefable|92\/100|[from] item: Leftovers\n|upkeep\n|turn|18\n|\n|switch|p1a: Tapu Koko|Tapu Koko|11\/100\n|-fieldstart|move: Electric Terrain|[from] ability: Electric Surge|[of] p1a: Tapu Koko\n|move|p2a: Tapu Fini|Muddy Water|p1a: Tapu Koko|[miss]\n|-miss|p2a: Tapu Fini|p1a: Tapu Koko\n|\n|-heal|p2a: Tapu Fini|86\/100|[from] item: Leftovers\n|-end|p2a: Tapu Fini|move: Taunt\n|upkeep\n|turn|19\n|\n|switch|p2a: Pikachu|Pikachu, F|100\/100\n|move|p1a: Tapu Koko|Taunt|p2a: Pikachu\n|-start|p2a: Pikachu|move: Taunt\n|\n|upkeep\n|turn|20\n|\n|switch|p1a: Kyurem|Kyurem-Black|100\/100\n|-ability|p1a: Kyurem|Teravolt\n|move|p2a: Pikachu|Fake Out|p1a: Kyurem\n|-crit|p1a: Kyurem\n|-damage|p1a: Kyurem|80\/100\n|\n|-sideend|p1: ghecisbestvillain|Reflect\n|upkeep\n|turn|21\n|\n|switch|p2a: Landorus|Landorus-Therian, M|37\/100\n|-ability|p2a: Landorus|Intimidate|boost\n|-unboost|p1a: Kyurem|atk|1\n|move|p1a: Kyurem|Ice Beam|p2a: Landorus\n|-supereffective|p2a: Landorus\n|-damage|p2a: Landorus|0 fnt\n|-damage|p1a: Kyurem|71\/100|[from] item: Life Orb\n|faint|p2a: Landorus\n|\n|upkeep\n|\n|switch|p2a: Kartana|Kartana|100\/100\n|turn|22\n|\n|switch|p1a: Charizard|Charizard, M|100\/100\n|move|p2a: Kartana|Smart Strike|p1a: Charizard\n|-resisted|p1a: Charizard\n|-damage|p1a: Charizard|68\/100\n|\n|-sideend|p1: ghecisbestvillain|move: Light Screen\n|-fieldend|move: Electric Terrain\n|upkeep\n|turn|23\n|\n|switch|p2a: Tapu Fini|Tapu Fini|86\/100\n|-fieldstart|move: Misty Terrain|[from] ability: Misty Surge|[of] p2a: Tapu Fini\n|detailschange|p1a: Charizard|Charizard-Mega-X, M\n|-mega|p1a: Charizard|Charizard|Charizardite X\n|move|p1a: Charizard|Dragon Dance|p1a: Charizard\n|-boost|p1a: Charizard|atk|1\n|-boost|p1a: Charizard|spe|1\n|\n|-heal|p2a: Tapu Fini|93\/100|[from] item: Leftovers\n|upkeep\n|turn|24\n|\n|move|p1a: Charizard|Earthquake|p2a: Tapu Fini\n|-damage|p2a: Tapu Fini|58\/100\n|move|p2a: Tapu Fini|Moonblast|p1a: Charizard\n|-damage|p1a: Charizard|23\/100\n|\n|-heal|p2a: Tapu Fini|64\/100|[from] item: Leftovers\n|upkeep\n|turn|25\n|\n|move|p1a: Charizard|Earthquake|p2a: Tapu Fini\n|-damage|p2a: Tapu Fini|26\/100\n|move|p2a: Tapu Fini|Moonblast|p1a: Charizard\n|-crit|p1a: Charizard\n|-damage|p1a: Charizard|0 fnt\n|faint|p1a: Charizard\n|\n|-heal|p2a: Tapu Fini|33\/100|[from] item: Leftovers\n|upkeep\n|\n|switch|p1a: Tapu Koko|Tapu Koko|11\/100\n|-fieldstart|move: Electric Terrain|[from] ability: Electric Surge|[of] p1a: Tapu Koko\n|turn|26\n|\n|switch|p2a: Kartana|Kartana|100\/100\n|move|p1a: Tapu Koko|Light Screen|p1a: Tapu Koko\n|-sidestart|p1: ghecisbestvillain|move: Light Screen\n|\n|upkeep\n|turn|27\n|\n|switch|p2a: Tapu Fini|Tapu Fini|33\/100\n|-fieldstart|move: Misty Terrain|[from] ability: Misty Surge|[of] p2a: Tapu Fini\n|move|p1a: Tapu Koko|Reflect|p1a: Tapu Koko\n|-sidestart|p1: ghecisbestvillain|Reflect\n|\n|-heal|p2a: Tapu Fini|39\/100|[from] item: Leftovers\n|upkeep\n|turn|28\n|\n|switch|p1a: Kyurem|Kyurem-Black|71\/100\n|-ability|p1a: Kyurem|Teravolt\n|move|p2a: Tapu Fini|Taunt|p1a: Kyurem\n|-start|p1a: Kyurem|move: Taunt\n|\n|-heal|p2a: Tapu Fini|45\/100|[from] item: Leftovers\n|upkeep\n|turn|29\n|\n|switch|p2a: Chansey|Chansey, F|37\/100\n|move|p1a: Kyurem|Fusion Bolt|p2a: Chansey\n|-damage|p2a: Chansey|7\/100\n|-damage|p1a: Kyurem|61\/100|[from] item: Life Orb\n|\n|upkeep\n|turn|30\n|\n|move|p2a: Chansey|Protect|p2a: Chansey\n|-singleturn|p2a: Chansey|Protect\n|move|p1a: Kyurem|Ice Beam|p2a: Chansey\n|-activate|p2a: Chansey|move: Protect\n|\n|-end|p1a: Kyurem|move: Taunt\n|upkeep\n|turn|31\n|\n|move|p1a: Kyurem|Ice Beam|p2a: Chansey\n|-damage|p2a: Chansey|0 fnt\n|-damage|p1a: Kyurem|51\/100|[from] item: Life Orb\n|faint|p2a: Chansey\n|\n|-fieldend|Misty Terrain\n|upkeep\n|\n|switch|p2a: Kartana|Kartana|100\/100\n|turn|32\n|\n|move|p2a: Kartana|Smart Strike|p1a: Kyurem\n|-supereffective|p1a: Kyurem\n|-damage|p1a: Kyurem|16\/100\n|move|p1a: Kyurem|Ice Beam|p2a: Kartana\n|-damage|p2a: Kartana|0 fnt\n|-damage|p1a: Kyurem|6\/100|[from] item: Life Orb\n|faint|p2a: Kartana\n|\n|upkeep\n|\n|switch|p2a: Pikachu|Pikachu, F|100\/100\n|turn|33\n|\n|switch|p1a: Tapu Koko|Tapu Koko|11\/100\n|-fieldstart|move: Electric Terrain|[from] ability: Electric Surge|[of] p1a: Tapu Koko\n|move|p2a: Pikachu|Fake Out|p1a: Tapu Koko\n|-damage|p1a: Tapu Koko|2\/100\n|\n|-sideend|p1: ghecisbestvillain|move: Light Screen\n|upkeep\n|turn|34\n|\n|move|p2a: Pikachu|Quick Attack|p1a: Tapu Koko\n|-damage|p1a: Tapu Koko|0 fnt\n|faint|p1a: Tapu Koko\n|\n|-sideend|p1: ghecisbestvillain|Reflect\n|upkeep\n|\n|switch|p1a: Hawlucha|Hawlucha, M|100\/100\n|-enditem|p1a: Hawlucha|Electric Seed\n|-boost|p1a: Hawlucha|def|1\n|turn|35\n|\n|move|p1a: Hawlucha|Rock Slide|p2a: Pikachu|[miss]\n|-miss|p1a: Hawlucha|p2a: Pikachu\n|move|p2a: Pikachu|Volt Tackle|p1a: Hawlucha\n|-supereffective|p1a: Hawlucha\n|-damage|p1a: Hawlucha|0 fnt\n|-damage|p2a: Pikachu|54\/100|[from] Recoil\n|faint|p1a: Hawlucha\n|\n|upkeep\n|\n|switch|p1a: Kyurem|Kyurem-Black|6\/100\n|-ability|p1a: Kyurem|Teravolt\n|turn|36\n|\n|move|p2a: Pikachu|Quick Attack|p1a: Kyurem\n|-damage|p1a: Kyurem|0 fnt\n|faint|p1a: Kyurem\n|\n|upkeep\n|\n|switch|p1a: Clefable|Clefable, F|92\/100\n|turn|37\n|\n|move|p2a: Pikachu|Volt Tackle|p1a: Clefable\n|-damage|p1a: Clefable|0 fnt\n|-damage|p2a: Pikachu|0 fnt|[from] Recoil\n|faint|p1a: Clefable\n|faint|p2a: Pikachu\n|\n|win|tonhua\n|raw|ghecisbestvillain's rating: 1601 &rarr; <strong>1576<\/strong><br \/>(-25 for losing)\n|raw|tonhua's rating: 1513 &rarr; <strong>1538<\/strong><br \/>(+25 for winning)\n|l|\u2606ghecisbestvillain\n","uploadtime":1564825686,"views":9,"p1id":"ghecisbestvillain","p2id":"tonhua","formatid":"gen7ou","rating":1538,"private":0,"password":null}