{"id":"gen7letsgoou-1641686365","p1":"Mimikyu Stardust","p2":"halaman95","format":"gen7letsgoou","log":"|j|\u2606Mimikyu Stardust\n|j|\u2606halaman95\n|t:|1660741719\n|gametype|singles\n|player|p1|Mimikyu Stardust|#wcop2022asia|\n|player|p2|halaman95|1|\n|teamsize|p1|6\n|teamsize|p2|6\n|gen|7\n|tier|[Gen 7 Let's Go] OU\n|rule|Species Clause: Limit one of each Pok\u00e9mon\n|rule|OHKO Clause: OHKO moves are banned\n|rule|Evasion Moves Clause: Evasion moves are banned\n|rule|HP Percentage Mod: HP is shown in percentages\n|rule|Sleep Clause Mod: Limit one foe put to sleep\n|clearpoke\n|poke|p1|Charizard, L50, F|item\n|poke|p1|Zapdos, L50|\n|poke|p1|Snorlax, L50, F|\n|poke|p1|Exeggutor-Alola, L50, F|\n|poke|p1|Mew, L50|\n|poke|p1|Melmetal, L50|\n|poke|p2|Venusaur, L50, F|item\n|poke|p2|Starmie, L50|\n|poke|p2|Snorlax, L50, F|\n|poke|p2|Dugtrio-Alola, L50, F|\n|poke|p2|Mew, L50|\n|poke|p2|Melmetal, L50|\n|teampreview\n|inactive|Battle timer is ON: inactive players will automatically lose when time's up. (requested by halaman95)\n|c|\u2606Mimikyu Stardust|hf\n|c|\u2606halaman95|gl hf\n|\n|t:|1660741736\n|start\n|switch|p1a: Charizard|Charizard, L50, F|100\/100\n|switch|p2a: Mew|Mew, L50|100\/100\n|turn|1\n|\n|t:|1660741740\n|detailschange|p1a: Charizard|Charizard-Mega-X, L50, F\n|-mega|p1a: Charizard|Charizard|Charizardite X\n|move|p1a: Charizard|Fire Blast|p2a: Mew\n|-damage|p2a: Mew|52\/100\n|move|p2a: Mew|Stealth Rock|p1a: Charizard\n|-sidestart|p1: Mimikyu Stardust|move: Stealth Rock\n|\n|upkeep\n|turn|2\n|\n|t:|1660741747\n|move|p1a: Charizard|Dragon Pulse|p2a: Mew\n|-damage|p2a: Mew|14\/100\n|move|p2a: Mew|Roost|p2a: Mew\n|-heal|p2a: Mew|64\/100\n|-singleturn|p2a: Mew|move: Roost\n|\n|upkeep\n|turn|3\n|\n|t:|1660741752\n|switch|p1a: Mew|Mew, L50|100\/100\n|-damage|p1a: Mew|88\/100|[from] Stealth Rock\n|move|p2a: Mew|Roost|p2a: Mew\n|-heal|p2a: Mew|100\/100\n|-singleturn|p2a: Mew|move: Roost\n|\n|upkeep\n|turn|4\n|\n|t:|1660741755\n|move|p1a: Mew|Stealth Rock|p2a: Mew\n|-sidestart|p2: halaman95|move: Stealth Rock\n|move|p2a: Mew|U-turn|p1a: Mew\n|-supereffective|p1a: Mew\n|-damage|p1a: Mew|60\/100\n|\n|t:|1660741763\n|switch|p2a: Melmetal|Melmetal, L50|100\/100|[from]move: U-turn\n|-damage|p2a: Melmetal|94\/100|[from] Stealth Rock\n|\n|upkeep\n|turn|5\n|\n|t:|1660741774\n|move|p1a: Mew|Psychic|p2a: Melmetal\n|-resisted|p2a: Melmetal\n|-damage|p2a: Melmetal|77\/100\n|-unboost|p2a: Melmetal|spd|1\n|move|p2a: Melmetal|Double Iron Bash|p1a: Mew\n|-damage|p1a: Mew|29\/100\n|-damage|p1a: Mew|0 fnt\n|faint|p1a: Mew\n|-hitcount|p1: Mew|2\n|\n|upkeep\n|\n|t:|1660741780\n|switch|p1a: Charizard|Charizard-Mega-X, L50, F|100\/100\n|-damage|p1a: Charizard|76\/100|[from] Stealth Rock\n|turn|6\n|\n|t:|1660741793\n|switch|p2a: Snorlax|Snorlax, L50, F|100\/100\n|-damage|p2a: Snorlax|88\/100|[from] Stealth Rock\n|move|p1a: Charizard|Fire Blast|p2a: Snorlax\n|-damage|p2a: Snorlax|55\/100\n|\n|upkeep\n|turn|7\n|\n|t:|1660741803\n|switch|p1a: Melmetal|Melmetal, L50|100\/100\n|-damage|p1a: Melmetal|94\/100|[from] Stealth Rock\n|move|p2a: Snorlax|Self-Destruct|p1a: Melmetal\n|-resisted|p1a: Melmetal\n|-damage|p1a: Melmetal|73\/100\n|faint|p2a: Snorlax\n|\n|upkeep\n|\n|t:|1660741816\n|switch|p2a: Venusaur|Venusaur, L50, F|100\/100\n|-damage|p2a: Venusaur|88\/100|[from] Stealth Rock\n|turn|8\n|\n|t:|1660741824\n|switch|p1a: Exeggutor|Exeggutor-Alola, L50, F|100\/100\n|-damage|p1a: Exeggutor|88\/100|[from] Stealth Rock\n|detailschange|p2a: Venusaur|Venusaur-Mega, L50, F\n|-mega|p2a: Venusaur|Venusaur|Venusaurite\n|move|p2a: Venusaur|Sleep Powder|p1a: Exeggutor\n|-immune|p1a: Exeggutor\n|\n|upkeep\n|turn|9\n|\n|t:|1660741832\n|switch|p1a: Snorlax|Snorlax, L50, F|100\/100\n|-damage|p1a: Snorlax|88\/100|[from] Stealth Rock\n|move|p2a: Venusaur|Sludge Bomb|p1a: Snorlax\n|-damage|p1a: Snorlax|63\/100\n|\n|upkeep\n|turn|10\n|\n|t:|1660741838\n|move|p2a: Venusaur|Sleep Powder|p1a: Snorlax\n|-status|p1a: Snorlax|slp|[from] move: Sleep Powder\n|cant|p1a: Snorlax|slp\n|\n|upkeep\n|turn|11\n|\n|t:|1660741841\n|move|p2a: Venusaur|Leech Seed|p1a: Snorlax\n|-start|p1a: Snorlax|move: Leech Seed\n|cant|p1a: Snorlax|slp\n|\n|-damage|p1a: Snorlax|50\/100 slp|[from] Leech Seed|[of] p2a: Venusaur\n|-heal|p2a: Venusaur|100\/100|[silent]\n|upkeep\n|turn|12\n|\n|t:|1660741847\n|move|p2a: Venusaur|Sludge Bomb|p1a: Snorlax\n|-damage|p1a: Snorlax|26\/100 slp\n|-curestatus|p1a: Snorlax|slp|[msg]\n|move|p1a: Snorlax|Self-Destruct|p2a: Venusaur\n|-damage|p2a: Venusaur|33\/100\n|faint|p1a: Snorlax\n|\n|upkeep\n|\n|t:|1660741851\n|switch|p1a: Charizard|Charizard-Mega-X, L50, F|76\/100\n|-damage|p1a: Charizard|51\/100|[from] Stealth Rock\n|turn|13\n|\n|t:|1660741856\n|move|p1a: Charizard|Fire Blast|p2a: Venusaur|[miss]\n|-miss|p1a: Charizard|p2a: Venusaur\n|move|p2a: Venusaur|Sleep Powder|p1a: Charizard\n|-status|p1a: Charizard|slp|[from] move: Sleep Powder\n|\n|upkeep\n|turn|14\n|\n|t:|1660741860\n|cant|p1a: Charizard|slp\n|move|p2a: Venusaur|Sludge Bomb|p1a: Charizard\n|-damage|p1a: Charizard|2\/100 slp\n|\n|upkeep\n|turn|15\n|\n|t:|1660741864\n|-curestatus|p1a: Charizard|slp|[msg]\n|move|p1a: Charizard|Dragon Pulse|p2a: Venusaur\n|-damage|p2a: Venusaur|0 fnt\n|faint|p2a: Venusaur\n|\n|upkeep\n|\n|t:|1660741870\n|switch|p2a: Starmie|Starmie, L50|100\/100\n|-damage|p2a: Starmie|89\/100|[from] Stealth Rock\n|turn|16\n|\n|t:|1660741877\n|move|p2a: Starmie|Psychic|p1a: Charizard\n|-damage|p1a: Charizard|0 fnt\n|faint|p1a: Charizard\n|\n|upkeep\n|\n|t:|1660741888\n|switch|p1a: Zapdos|Zapdos, L50|100\/100\n|-damage|p1a: Zapdos|76\/100|[from] Stealth Rock\n|turn|17\n|\n|t:|1660741902\n|switch|p2a: Dugtrio|Dugtrio-Alola, L50, F|100\/100\n|-damage|p2a: Dugtrio|98\/100|[from] Stealth Rock\n|move|p1a: Zapdos|Roost|p1a: Zapdos\n|-heal|p1a: Zapdos|100\/100\n|-singleturn|p1a: Zapdos|move: Roost\n|\n|upkeep\n|turn|18\n|\n|t:|1660741913\n|switch|p1a: Exeggutor|Exeggutor-Alola, L50, F|88\/100\n|-damage|p1a: Exeggutor|76\/100|[from] Stealth Rock\n|move|p2a: Dugtrio|Rock Slide|p1a: Exeggutor\n|-damage|p1a: Exeggutor|55\/100\n|\n|upkeep\n|turn|19\n|\n|t:|1660741919\n|switch|p2a: Mew|Mew, L50|100\/100\n|-damage|p2a: Mew|88\/100|[from] Stealth Rock\n|move|p1a: Exeggutor|Mega Drain|p2a: Mew\n|-damage|p2a: Mew|58\/100\n|-heal|p1a: Exeggutor|71\/100|[from] drain|[of] p2a: Mew\n|\n|upkeep\n|turn|20\n|\n|t:|1660741925\n|move|p2a: Mew|Roost|p2a: Mew\n|-heal|p2a: Mew|100\/100\n|-singleturn|p2a: Mew|move: Roost\n|move|p1a: Exeggutor|Stun Spore|p2a: Mew\n|-status|p2a: Mew|par\n|\n|upkeep\n|turn|21\n|\n|t:|1660741930\n|move|p2a: Mew|U-turn|p1a: Exeggutor\n|-supereffective|p1a: Exeggutor\n|-damage|p1a: Exeggutor|37\/100\n|\n|t:|1660741933\n|switch|p2a: Melmetal|Melmetal, L50|77\/100|[from]move: U-turn\n|-damage|p2a: Melmetal|71\/100|[from] Stealth Rock\n|move|p1a: Exeggutor|Mega Drain|p2a: Melmetal\n|-resisted|p2a: Melmetal\n|-damage|p2a: Melmetal|52\/100\n|-heal|p1a: Exeggutor|49\/100|[from] drain|[of] p2a: Melmetal\n|\n|upkeep\n|turn|22\n|\n|t:|1660741940\n|move|p1a: Exeggutor|Flamethrower|p2a: Melmetal\n|-supereffective|p2a: Melmetal\n|-damage|p2a: Melmetal|0 fnt\n|faint|p2a: Melmetal\n|\n|upkeep\n|\n|t:|1660741953\n|switch|p2a: Mew|Mew, L50|100\/100 par\n|-damage|p2a: Mew|88\/100 par|[from] Stealth Rock\n|turn|23\n|\n|t:|1660741962\n|switch|p1a: Melmetal|Melmetal, L50|73\/100\n|-damage|p1a: Melmetal|67\/100|[from] Stealth Rock\n|move|p2a: Mew|Psychic|p1a: Melmetal\n|-resisted|p1a: Melmetal\n|-damage|p1a: Melmetal|47\/100\n|\n|upkeep\n|turn|24\n|\n|t:|1660741970\n|switch|p2a: Starmie|Starmie, L50|89\/100\n|-damage|p2a: Starmie|77\/100|[from] Stealth Rock\n|move|p1a: Melmetal|Earthquake|p2a: Starmie\n|-damage|p2a: Starmie|26\/100\n|\n|upkeep\n|turn|25\n|\n|t:|1660741975\n|move|p2a: Starmie|Hydro Pump|p1a: Melmetal|[miss]\n|-miss|p2a: Starmie|p1a: Melmetal\n|move|p1a: Melmetal|Earthquake|p2a: Starmie\n|-damage|p2a: Starmie|0 fnt\n|faint|p2a: Starmie\n|\n|upkeep\n|\n|t:|1660741977\n|switch|p2a: Dugtrio|Dugtrio-Alola, L50, F|98\/100\n|-damage|p2a: Dugtrio|95\/100|[from] Stealth Rock\n|turn|26\n|\n|t:|1660741983\n|move|p2a: Dugtrio|Earthquake|p1a: Melmetal\n|-supereffective|p1a: Melmetal\n|-damage|p1a: Melmetal|1\/100\n|move|p1a: Melmetal|Earthquake|p2a: Dugtrio\n|-supereffective|p2a: Dugtrio\n|-damage|p2a: Dugtrio|0 fnt\n|faint|p2a: Dugtrio\n|\n|upkeep\n|\n|t:|1660741986\n|switch|p2a: Mew|Mew, L50|88\/100 par\n|-damage|p2a: Mew|76\/100 par|[from] Stealth Rock\n|turn|27\n|\n|t:|1660741988\n|move|p2a: Mew|Psychic|p1a: Melmetal\n|-resisted|p1a: Melmetal\n|-damage|p1a: Melmetal|0 fnt\n|faint|p1a: Melmetal\n|\n|upkeep\n|\n|t:|1660741990\n|switch|p1a: Zapdos|Zapdos, L50|100\/100\n|-damage|p1a: Zapdos|76\/100|[from] Stealth Rock\n|turn|28\n|\n|t:|1660741993\n|move|p1a: Zapdos|Thunderbolt|p2a: Mew\n|-damage|p2a: Mew|37\/100 par\n|move|p2a: Mew|Roost|p2a: Mew\n|-heal|p2a: Mew|87\/100 par\n|-singleturn|p2a: Mew|move: Roost\n|\n|upkeep\n|turn|29\n|\n|t:|1660741997\n|move|p1a: Zapdos|Thunderbolt|p2a: Mew\n|-damage|p2a: Mew|46\/100 par\n|move|p2a: Mew|Roost|p2a: Mew\n|-heal|p2a: Mew|96\/100 par\n|-singleturn|p2a: Mew|move: Roost\n|\n|upkeep\n|turn|30\n|\n|t:|1660741999\n|move|p1a: Zapdos|Thunderbolt|p2a: Mew\n|-damage|p2a: Mew|60\/100 par\n|move|p2a: Mew|Psychic|p1a: Zapdos\n|-damage|p1a: Zapdos|39\/100\n|\n|upkeep\n|turn|31\n|\n|t:|1660742005\n|move|p1a: Zapdos|Roost|p1a: Zapdos\n|-heal|p1a: Zapdos|90\/100\n|-singleturn|p1a: Zapdos|move: Roost\n|move|p2a: Mew|Roost|p2a: Mew\n|-heal|p2a: Mew|100\/100 par\n|-singleturn|p2a: Mew|move: Roost\n|\n|upkeep\n|turn|32\n|\n|t:|1660742008\n|move|p1a: Zapdos|Thunderbolt|p2a: Mew\n|-damage|p2a: Mew|61\/100 par\n|move|p2a: Mew|Psychic|p1a: Zapdos\n|-damage|p1a: Zapdos|51\/100\n|\n|upkeep\n|turn|33\n|\n|t:|1660742012\n|move|p1a: Zapdos|Thunderbolt|p2a: Mew\n|-damage|p2a: Mew|20\/100 par\n|cant|p2a: Mew|par\n|\n|upkeep\n|turn|34\n|\n|t:|1660742015\n|move|p1a: Zapdos|Thunderbolt|p2a: Mew\n|-damage|p2a: Mew|0 fnt\n|faint|p2a: Mew\n|\n|win|Mimikyu Stardust\n|c|\u2606Mimikyu Stardust|gg\n|c|\u2606halaman95|gg\n|l|\u2606Mimikyu Stardust\n|j|\u2606Mimikyu Stardust\n|player|p1|Mimikyu Stardust|#wcop2022asia\n","uploadtime":1660742026,"views":15,"p1id":"mimikyustardust","p2id":"halaman95","formatid":"gen7letsgoou","rating":0,"private":0,"password":null}