{"id":"gen7uu-854242680","p1":"Jakkkkkka","p2":"Bus Defense","format":"gen7uu","log":"|j|\u2606Jakkkkkka\n|j|\u2606Bus Defense\n|player|p1|Jakkkkkka|137\n|player|p2|Bus Defense|196\n|teamsize|p1|6\n|teamsize|p2|6\n|gametype|singles\n|gen|7\n|tier|[Gen 7] UU\n|rated|\n|rule|Sleep Clause Mod: Limit one foe put to sleep\n|rule|Species Clause: Limit one of each Pok\u00e9mon\n|rule|OHKO Clause: OHKO moves are banned\n|rule|Moody Clause: Moody is banned\n|rule|Evasion Moves Clause: Evasion moves are banned\n|rule|Endless Battle Clause: Forcing endless battles is banned\n|rule|HP Percentage Mod: HP is shown in percentages\n|clearpoke\n|poke|p1|Swampert, F|item\n|poke|p1|Hydreigon, F|item\n|poke|p1|Scizor, F|item\n|poke|p1|Sylveon, F|item\n|poke|p1|Manectric, M|item\n|poke|p1|Nidoking, M|item\n|poke|p2|Flygon, F|item\n|poke|p2|Escavalier, F|item\n|poke|p2|Snorlax, F|item\n|poke|p2|Nidoking, M|item\n|poke|p2|Rotom-Heat|item\n|poke|p2|Blastoise, M|item\n|teampreview\n|\n|start\n|switch|p1a: Swampert|Swampert, F|100\/100\n|switch|p2a: Rotom|Rotom-Heat|100\/100\n|turn|1\n|\n|move|p2a: Rotom|Hidden Power|p1a: Swampert\n|-supereffective|p1a: Swampert\n|-damage|p1a: Swampert|0 fnt\n|faint|p1a: Swampert\n|\n|upkeep\n|\n|switch|p1a: Nidoking|Nidoking, M|100\/100\n|turn|2\n|\n|switch|p2a: Blastoise|Blastoise, M|100\/100\n|move|p1a: Nidoking|Sludge Wave|p2a: Blastoise\n|-damage|p2a: Blastoise|46\/100\n|\n|upkeep\n|turn|3\n|inactive|Battle timer is ON: inactive players will automatically lose when time's up. (requested by Bus Defense)\n|\n|detailschange|p2a: Blastoise|Blastoise-Mega, M\n|-mega|p2a: Blastoise|Blastoise|Blastoisinite\n|move|p1a: Nidoking|Sludge Wave|p2a: Blastoise\n|-damage|p2a: Blastoise|0 fnt\n|faint|p2a: Blastoise\n|\n|upkeep\n|\n|switch|p2a: Flygon|Flygon, F|100\/100\n|turn|4\n|\n|move|p2a: Flygon|U-turn|p1a: Nidoking\n|-resisted|p1a: Nidoking\n|-damage|p1a: Nidoking|86\/100\n|\n|switch|p2a: Snorlax|Snorlax, F|100\/100\n|move|p1a: Nidoking|Ice Beam|p2a: Snorlax\n|-damage|p2a: Snorlax|79\/100\n|\n|upkeep\n|turn|5\n|\n|switch|p1a: Scizor|Scizor, F|100\/100\n|move|p2a: Snorlax|Curse|p2a: Snorlax\n|-unboost|p2a: Snorlax|spe|1\n|-boost|p2a: Snorlax|atk|1\n|-boost|p2a: Snorlax|def|1\n|\n|upkeep\n|turn|6\n|\n|move|p1a: Scizor|Knock Off|p2a: Snorlax\n|-damage|p2a: Snorlax|50\/100\n|-enditem|p2a: Snorlax|Figy Berry|[from] move: Knock Off|[of] p1a: Scizor\n|move|p2a: Snorlax|Fire Punch|p1a: Scizor\n|-supereffective|p1a: Scizor\n|-damage|p1a: Scizor|0 fnt\n|faint|p1a: Scizor\n|\n|upkeep\n|\n|switch|p1a: Hydreigon|Hydreigon, F|100\/100\n|turn|7\n|\n|-zpower|p1a: Hydreigon\n|move|p1a: Hydreigon|Black Hole Eclipse|p2a: Snorlax|[zeffect]\n|-damage|p2a: Snorlax|7\/100\n|move|p2a: Snorlax|Facade|p1a: Hydreigon\n|-damage|p1a: Hydreigon|54\/100\n|\n|upkeep\n|turn|8\n|\n|move|p1a: Hydreigon|Dark Pulse|p2a: Snorlax\n|-damage|p2a: Snorlax|0 fnt\n|faint|p2a: Snorlax\n|\n|upkeep\n|\n|switch|p2a: Flygon|Flygon, F|100\/100\n|turn|9\n|\n|switch|p1a: Sylveon|Sylveon, F|100\/100\n|move|p2a: Flygon|U-turn|p1a: Sylveon\n|-resisted|p1a: Sylveon\n|-damage|p1a: Sylveon|88\/100\n|\n|switch|p2a: Escavalier|Escavalier, F|100\/100\n|\n|-heal|p1a: Sylveon|94\/100|[from] item: Leftovers\n|upkeep\n|turn|10\n|\n|switch|p1a: Nidoking|Nidoking, M|86\/100\n|-zpower|p2a: Escavalier\n|move|p2a: Escavalier|Tectonic Rage|p1a: Nidoking|[zeffect]\n|-supereffective|p1a: Nidoking\n|-damage|p1a: Nidoking|0 fnt\n|faint|p1a: Nidoking\n|\n|upkeep\n|\n|switch|p1a: Manectric|Manectric, M|100\/100\n|turn|11\n|\n|switch|p2a: Flygon|Flygon, F|100\/100\n|detailschange|p1a: Manectric|Manectric-Mega, M\n|-mega|p1a: Manectric|Manectric|Manectite\n|-ability|p1a: Manectric|Intimidate|boost\n|-unboost|p2a: Flygon|atk|1\n|move|p1a: Manectric|Hidden Power|p2a: Flygon\n|-supereffective|p2a: Flygon\n|-damage|p2a: Flygon|0 fnt\n|faint|p2a: Flygon\n|\n|upkeep\n|\n|switch|p2a: Rotom|Rotom-Heat|100\/100\n|turn|12\n|\n|move|p1a: Manectric|Volt Switch|p2a: Rotom\n|-resisted|p2a: Rotom\n|-damage|p2a: Rotom|76\/100\n|\n|switch|p1a: Hydreigon|Hydreigon, F|54\/100\n|move|p2a: Rotom|Volt Switch|p1a: Hydreigon\n|-resisted|p1a: Hydreigon\n|-damage|p1a: Hydreigon|23\/100\n|\n|switch|p2a: Nidoking|Nidoking, M|100\/100\n|\n|upkeep\n|turn|13\n|\n|move|p1a: Hydreigon|Dark Pulse|p2a: Nidoking\n|-damage|p2a: Nidoking|45\/100\n|move|p2a: Nidoking|Ice Beam|p1a: Hydreigon\n|-supereffective|p1a: Hydreigon\n|-damage|p1a: Hydreigon|0 fnt\n|faint|p1a: Hydreigon\n|\n|upkeep\n|\n|switch|p1a: Manectric|Manectric-Mega, M|100\/100\n|-ability|p1a: Manectric|Intimidate|boost\n|-unboost|p2a: Nidoking|atk|1\n|turn|14\n|\n|switch|p2a: Rotom|Rotom-Heat|76\/100\n|move|p1a: Manectric|Hidden Power|p2a: Rotom\n|-resisted|p2a: Rotom\n|-damage|p2a: Rotom|61\/100\n|\n|upkeep\n|turn|15\n|\n|move|p1a: Manectric|Volt Switch|p2a: Rotom\n|-resisted|p2a: Rotom\n|-damage|p2a: Rotom|37\/100\n|\n|switch|p1a: Sylveon|Sylveon, F|94\/100\n|move|p2a: Rotom|Overheat|p1a: Sylveon\n|-damage|p1a: Sylveon|47\/100\n|-unboost|p2a: Rotom|spa|2\n|\n|-heal|p1a: Sylveon|53\/100|[from] item: Leftovers\n|upkeep\n|turn|16\n|\n|switch|p2a: Escavalier|Escavalier, F|100\/100\n|move|p1a: Sylveon|Wish|p1a: Sylveon\n|\n|-heal|p1a: Sylveon|59\/100|[from] item: Leftovers\n|upkeep\n|turn|17\n|inactive|Jakkkkkka has 120 seconds left.\n|\n|switch|p1a: Manectric|Manectric-Mega, M|100\/100\n|-ability|p1a: Manectric|Intimidate|boost\n|-unboost|p2a: Escavalier|atk|1\n|move|p2a: Escavalier|Iron Head|p1a: Manectric\n|-resisted|p1a: Manectric\n|-damage|p1a: Manectric|79\/100\n|\n|-heal|p1a: Manectric|100\/100|[from] move: Wish|[wisher] Sylveon\n|upkeep\n|turn|18\n|\n|move|p1a: Manectric|Flamethrower|p2a: Escavalier\n|-supereffective|p2a: Escavalier\n|-damage|p2a: Escavalier|0 fnt\n|faint|p2a: Escavalier\n|\n|upkeep\n|\n|switch|p2a: Rotom|Rotom-Heat|37\/100\n|turn|19\n|\n|move|p1a: Manectric|Thunderbolt|p2a: Rotom\n|-resisted|p2a: Rotom\n|-damage|p2a: Rotom|5\/100\n|move|p2a: Rotom|Overheat|p1a: Manectric\n|-damage|p1a: Manectric|0 fnt\n|-unboost|p2a: Rotom|spa|2\n|faint|p1a: Manectric\n|\n|upkeep\n|\n|switch|p1a: Sylveon|Sylveon, F|59\/100\n|turn|20\n|\n|move|p2a: Rotom|Overheat|p1a: Sylveon\n|-damage|p1a: Sylveon|32\/100\n|-unboost|p2a: Rotom|spa|2\n|move|p1a: Sylveon|Wish|p1a: Sylveon\n|\n|-heal|p1a: Sylveon|38\/100|[from] item: Leftovers\n|upkeep\n|turn|21\n|\n|move|p1a: Sylveon|Protect|p1a: Sylveon\n|-singleturn|p1a: Sylveon|Protect\n|move|p2a: Rotom|Overheat|p1a: Sylveon\n|-activate|p1a: Sylveon|move: Protect\n|\n|-heal|p1a: Sylveon|88\/100|[from] move: Wish|[wisher] Sylveon\n|-heal|p1a: Sylveon|94\/100|[from] item: Leftovers\n|upkeep\n|turn|22\n|\n|move|p2a: Rotom|Overheat|p1a: Sylveon\n|-damage|p1a: Sylveon|78\/100\n|-unboost|p2a: Rotom|spa|2\n|move|p1a: Sylveon|Wish|p1a: Sylveon\n|\n|-heal|p1a: Sylveon|84\/100|[from] item: Leftovers\n|upkeep\n|turn|23\n|\n|switch|p2a: Nidoking|Nidoking, M|45\/100\n|move|p1a: Sylveon|Moonblast|p2a: Nidoking\n|-resisted|p2a: Nidoking\n|-damage|p2a: Nidoking|20\/100\n|\n|-heal|p1a: Sylveon|100\/100|[from] move: Wish|[wisher] Sylveon\n|upkeep\n|turn|24\n|\n|move|p2a: Nidoking|Sludge Wave|p1a: Sylveon\n|-supereffective|p1a: Sylveon\n|-damage|p1a: Sylveon|31\/100\n|move|p1a: Sylveon|Moonblast|p2a: Nidoking\n|-resisted|p2a: Nidoking\n|-damage|p2a: Nidoking|0 fnt\n|faint|p2a: Nidoking\n|\n|-heal|p1a: Sylveon|37\/100|[from] item: Leftovers\n|upkeep\n|\n|switch|p2a: Rotom|Rotom-Heat|5\/100\n|turn|25\n|\n|move|p1a: Sylveon|Protect|p1a: Sylveon\n|-singleturn|p1a: Sylveon|Protect\n|move|p2a: Rotom|Overheat|p1a: Sylveon\n|-activate|p1a: Sylveon|move: Protect\n|\n|-heal|p1a: Sylveon|43\/100|[from] item: Leftovers\n|upkeep\n|turn|26\n|inactive|Jakkkkkka has 120 seconds left.\n|\n|move|p2a: Rotom|Overheat|p1a: Sylveon\n|-crit|p1a: Sylveon\n|-damage|p1a: Sylveon|0 fnt\n|-unboost|p2a: Rotom|spa|2\n|faint|p1a: Sylveon\n|\n|win|Bus Defense\n|raw|Jakkkkkka's rating: 1439 &rarr; <strong>1417<\/strong><br \/>(-22 for losing)\n|raw|Bus Defense's rating: 1400 &rarr; <strong>1422<\/strong><br \/>(+22 for winning)\n|c|\u2606Bus Defense|Gg\n","uploadtime":1548527920,"views":15,"p1id":"jakkkkkka","p2id":"busdefense","formatid":"gen7uu","rating":1417,"private":0,"password":null}