{"id":"gen7ou-670912507","p1":"Toxabelle","p2":"trep YT","format":"gen7ou","log":"|raw|<div class=\"broadcast-red\"><strong>This battle is invite-only!<\/strong><br \/>Users must be rank + or invited with <code>\/invite<\/code> to join<\/div>\n|j|Toxabelle\n|j|trep YT\n|player|p1|Toxabelle|169\n|teamsize|p1|6\n|player|p2|trep YT|253\n|teamsize|p2|6\n|gametype|singles\n|gen|7\n|tier|[Gen 7] OU\n|rated|\n|seed|10447,14565,60279,10803\n|rule|Sleep Clause Mod: Limit one foe put to sleep\n|rule|Species Clause: Limit one of each Pok\u00e9mon\n|rule|OHKO Clause: OHKO moves are banned\n|rule|Moody Clause: Moody is banned\n|rule|Evasion Moves Clause: Evasion moves are banned\n|rule|Endless Battle Clause: Forcing endless battles is banned\n|rule|HP Percentage Mod: HP is shown in percentages\n|clearpoke\n|poke|p1|Venusaur, F|item\n|poke|p1|Skarmory, F|item\n|poke|p1|Keldeo-Resolute|item\n|poke|p1|Chansey, F|item\n|poke|p1|Heatran, M|item\n|poke|p1|Bisharp, M|item\n|poke|p2|Latias, F|item\n|poke|p2|Kartana|item\n|poke|p2|Clefable, M|item\n|poke|p2|Tapu Bulu|item\n|poke|p2|Heatran, F|item\n|poke|p2|Tapu Lele|item\n|teampreview\n|inactive|Battle timer is ON: inactive players will automatically lose when time's up. (requested by Toxabelle)\n|choice|team 5, team 2, team 3, team 4, team 1, team 6|team 6, team 2, team 3, team 4, team 5, team 1\n|\n|start\n|switch|p1a: Heatran|Heatran, M|386\/386\n|switch|p2a: BaeBae|Tapu Lele|281\/281\n|-fieldstart|move: Psychic Terrain|[from] ability: Psychic Surge|[of] p2a: BaeBae\n|turn|1\n|choice|move stealthrock|move focusblast zmove\n|\n|-zpower|p2a: BaeBae\n|move|p2a: BaeBae|All-Out Pummeling|p1a: Heatran|[zeffect]\n|-supereffective|p1a: Heatran\n|-damage|p1a: Heatran|0 fnt\n|faint|p1a: Heatran\n|\n|upkeep\n|choice|switch 4|\n|\n|switch|p1a: Chansey|Chansey, F|703\/703\n|turn|2\n|choice|move thunderwave|move taunt\n|\n|move|p2a: BaeBae|Taunt|p1a: Chansey\n|-start|p1a: Chansey|move: Taunt\n|cant|p1a: Chansey|move: Taunt|Thunder Wave\n|\n|upkeep\n|turn|3\n|choice|move seismictoss|move focusblast\n|\n|move|p2a: BaeBae|Focus Blast|p1a: Chansey\n|-supereffective|p1a: Chansey\n|-damage|p1a: Chansey|521\/703\n|move|p1a: Chansey|Seismic Toss|p2a: BaeBae\n|-damage|p2a: BaeBae|181\/281\n|\n|upkeep\n|turn|4\n|choice|move seismictoss|move psyshock\n|\n|move|p2a: BaeBae|Psyshock|p1a: Chansey\n|-damage|p1a: Chansey|218\/703\n|move|p1a: Chansey|Seismic Toss|p2a: BaeBae\n|-damage|p2a: BaeBae|81\/281\n|\n|-end|p1a: Chansey|move: Taunt\n|upkeep\n|turn|5\n|choice|switch 6|move taunt\n|\n|switch|p1a: Bisharp|Bisharp, M|334\/334\n|move|p2a: BaeBae|Taunt|p1a: Bisharp\n|-start|p1a: Bisharp|move: Taunt\n|\n|-fieldend|move: Psychic Terrain\n|upkeep\n|turn|6\n|choice|move knockoff|move focusblast\n|\n|move|p2a: BaeBae|Focus Blast|p1a: Bisharp|[miss]\n|-miss|p2a: BaeBae|p1a: Bisharp\n|move|p1a: Bisharp|Knock Off|p2a: BaeBae\n|-damage|p2a: BaeBae|0 fnt\n|faint|p2a: BaeBae\n|\n|upkeep\n|choice||switch 2\n|\n|switch|p2a: Sakura|Kartana|275\/275\n|turn|7\n|choice|switch 5|move knockoff\n|\n|switch|p1a: Venusaur|Venusaur, F|363\/363\n|move|p2a: Sakura|Knock Off|p1a: Venusaur\n|-damage|p1a: Venusaur|288\/363\n|\n|upkeep\n|turn|8\n|inactive|trep YT has 135 seconds left.\n|choice|switch 3|move knockoff\n|\n|switch|p1a: Keldeo|Keldeo-Resolute|323\/323\n|move|p2a: Sakura|Knock Off|p1a: Keldeo\n|-resisted|p1a: Keldeo\n|-damage|p1a: Keldeo|247\/323\n|-ability|p1a: Keldeo|Justified|boost\n|-boost|p1a: Keldeo|atk|1\n|-enditem|p1a: Keldeo|Leftovers|[from] move: Knock Off|[of] p2a: Sakura\n|\n|upkeep\n|turn|9\n|choice|move scald|switch 6\n|\n|switch|p2a: Heartache|Latias, F|363\/363\n|move|p1a: Keldeo|Scald|p2a: Heartache\n|-resisted|p2a: Heartache\n|-damage|p2a: Heartache|307\/363\n|-status|p2a: Heartache|brn\n|\n|-damage|p2a: Heartache|285\/363 brn|[from] brn\n|upkeep\n|turn|10\n|choice|switch 5|switch 4\n|\n|switch|p2a: THE HORNS|Tapu Bulu|343\/343\n|-fieldstart|move: Grassy Terrain|[from] ability: Grassy Surge|[of] p2a: THE HORNS\n|switch|p1a: Bisharp|Bisharp, M|334\/334\n|\n|upkeep\n|turn|11\n|choice|switch 2|move superpower\n|\n|switch|p1a: Skarmory|Skarmory, F|333\/333\n|move|p2a: THE HORNS|Superpower|p1a: Skarmory\n|-damage|p1a: Skarmory|253\/333\n|-damage|p2a: THE HORNS|286\/343|[from] item: Rocky Helmet|[of] p1a: Skarmory\n|-unboost|p2a: THE HORNS|atk|1\n|-unboost|p2a: THE HORNS|def|1\n|\n|-heal|p2a: THE HORNS|307\/343|[from] Grassy Terrain\n|upkeep\n|turn|12\n|choice|move spikes|switch 5\n|\n|switch|p2a: Fire Turd|Heatran, F, shiny|323\/323\n|move|p1a: Skarmory|Spikes|p2a: Fire Turd\n|-sidestart|p2: trep YT|Spikes\n|\n|upkeep\n|turn|13\n|choice|switch 5|move flamethrower\n|\n|switch|p1a: Keldeo|Keldeo-Resolute|247\/323\n|move|p2a: Fire Turd|Flamethrower|p1a: Keldeo\n|-resisted|p1a: Keldeo\n|-damage|p1a: Keldeo|154\/323\n|\n|-heal|p1a: Keldeo|174\/323|[from] Grassy Terrain\n|upkeep\n|turn|14\n|choice|switch 2|switch 4\n|\n|switch|p2a: Heartache|Latias, F|285\/363 brn\n|switch|p1a: Bisharp|Bisharp, M|334\/334\n|\n|-fieldend|move: Grassy Terrain\n|-damage|p2a: Heartache|263\/363 brn|[from] brn\n|upkeep\n|turn|15\n|choice|move knockoff|switch 5\n|\n|switch|p2a: THE HORNS|Tapu Bulu|307\/343\n|-damage|p2a: THE HORNS|265\/343|[from] Spikes\n|-fieldstart|move: Grassy Terrain|[from] ability: Grassy Surge|[of] p2a: THE HORNS\n|move|p1a: Bisharp|Knock Off|p2a: THE HORNS\n|-resisted|p2a: THE HORNS\n|-damage|p2a: THE HORNS|178\/343\n|-enditem|p2a: THE HORNS|Assault Vest|[from] move: Knock Off|[of] p1a: Bisharp\n|\n|-heal|p2a: THE HORNS|199\/343|[from] Grassy Terrain\n|upkeep\n|turn|16\n|choice|switch 5|move superpower\n|\n|switch|p1a: Skarmory|Skarmory, F|253\/333\n|move|p2a: THE HORNS|Superpower|p1a: Skarmory\n|-damage|p1a: Skarmory|170\/333\n|-damage|p2a: THE HORNS|142\/343|[from] item: Rocky Helmet|[of] p1a: Skarmory\n|-unboost|p2a: THE HORNS|atk|1\n|-unboost|p2a: THE HORNS|def|1\n|\n|-heal|p2a: THE HORNS|163\/343|[from] Grassy Terrain\n|upkeep\n|turn|17\n|choice|move roost|switch 3\n|\n|switch|p2a: PINK|Clefable, M, shiny|393\/393\n|move|p1a: Skarmory|Roost|p1a: Skarmory\n|-heal|p1a: Skarmory|333\/333\n|\n|upkeep\n|turn|18\n|choice|move spikes|move moonblast\n|\n|move|p1a: Skarmory|Spikes|p2a: PINK\n|-sidestart|p2: trep YT|Spikes\n|move|p2a: PINK|Moonblast|p1a: Skarmory\n|-resisted|p1a: Skarmory\n|-damage|p1a: Skarmory|210\/333\n|\n|upkeep\n|turn|19\n|choice|move spikes|move stealthrock\n|\n|move|p1a: Skarmory|Spikes|p2a: PINK\n|-sidestart|p2: trep YT|Spikes\n|move|p2a: PINK|Stealth Rock|p1a: Skarmory\n|-sidestart|p1: Toxabelle|move: Stealth Rock\n|\n|-fieldend|move: Grassy Terrain\n|upkeep\n|turn|20\n|choice|move roost|move flamethrower\n|\n|move|p1a: Skarmory|Roost|p1a: Skarmory\n|-heal|p1a: Skarmory|333\/333\n|move|p2a: PINK|Flamethrower|p1a: Skarmory\n|-supereffective|p1a: Skarmory\n|-damage|p1a: Skarmory|26\/333\n|\n|upkeep\n|turn|21\n|choice|move bravebird|move moonblast\n|\n|move|p1a: Skarmory|Brave Bird|p2a: PINK\n|-damage|p2a: PINK|231\/393\n|-damage|p1a: Skarmory|0 fnt|[from] Recoil|[of] p2a: PINK\n|faint|p1a: Skarmory\n|move|p2a: PINK|Moonblast|p1: Skarmory|[notarget]\n|-notarget\n|\n|upkeep\n|choice|switch 5|\n|\n|switch|p1a: Bisharp|Bisharp, M|334\/334\n|-damage|p1a: Bisharp|314\/334|[from] Stealth Rock\n|turn|22\n|choice|move ironhead|move flamethrower\n|\n|move|p1a: Bisharp|Iron Head|p2a: PINK\n|-supereffective|p2a: PINK\n|-damage|p2a: PINK|0 fnt\n|faint|p2a: PINK\n|\n|-heal|p1a: Bisharp|334\/334|[from] item: Leftovers\n|upkeep\n|inactive|trep YT has 135 seconds left.\n|choice||switch 4\n|\n|switch|p2a: Fire Turd|Heatran, F, shiny|323\/323\n|-damage|p2a: Fire Turd|243\/323|[from] Spikes\n|turn|23\n|choice|switch 2|move flamethrower\n|\n|switch|p1a: Keldeo|Keldeo-Resolute|174\/323\n|-damage|p1a: Keldeo|154\/323|[from] Stealth Rock\n|move|p2a: Fire Turd|Flamethrower|p1a: Keldeo\n|-resisted|p1a: Keldeo\n|-damage|p1a: Keldeo|74\/323\n|\n|upkeep\n|turn|24\n|choice|move scald|move flamethrower\n|\n|move|p2a: Fire Turd|Flamethrower|p1a: Keldeo\n|-resisted|p1a: Keldeo\n|-damage|p1a: Keldeo|0 fnt\n|faint|p1a: Keldeo\n|\n|upkeep\n|choice|switch 6|\n|\n|switch|p1a: Chansey|Chansey, F|218\/703\n|-damage|p1a: Chansey|131\/703|[from] Stealth Rock\n|turn|25\n|choice|move softboiled|switch 6\n|\n|switch|p2a: Sakura|Kartana|275\/275\n|-damage|p2a: Sakura|207\/275|[from] Spikes\n|move|p1a: Chansey|Soft-Boiled|p1a: Chansey\n|-heal|p1a: Chansey|483\/703\n|\n|upkeep\n|turn|26\n|choice|switch 3|move knockoff\n|\n|switch|p1a: Venusaur|Venusaur, F|288\/363\n|-damage|p1a: Venusaur|243\/363|[from] Stealth Rock\n|move|p2a: Sakura|Knock Off|p1a: Venusaur\n|-damage|p1a: Venusaur|155\/363\n|\n|upkeep\n|turn|27\n|choice|move synthesis mega|switch 5\n|\n|switch|p2a: Heartache|Latias, F|263\/363 brn\n|-mega|p1a: Venusaur|Venusaur|Venusaurite\n|detailschange|p1a: Venusaur|Venusaur-Mega, F\n|move|p1a: Venusaur|Synthesis|p1a: Venusaur\n|-heal|p1a: Venusaur|336\/363\n|\n|-damage|p2a: Heartache|241\/363 brn|[from] brn\n|upkeep\n|turn|28\n|choice|switch 2|move calmmind mega\n|\n|switch|p1a: Bisharp|Bisharp, M|334\/334\n|-damage|p1a: Bisharp|314\/334|[from] Stealth Rock\n|-mega|p2a: Heartache|Latias|Latiasite\n|detailschange|p2a: Heartache|Latias-Mega, F\n|move|p2a: Heartache|Calm Mind|p2a: Heartache\n|-boost|p2a: Heartache|spa|1\n|-boost|p2a: Heartache|spd|1\n|\n|-heal|p1a: Bisharp|334\/334|[from] item: Leftovers\n|-damage|p2a: Heartache|219\/363 brn|[from] brn\n|upkeep\n|turn|29\n|choice|move knockoff|move thunderbolt\n|\n|move|p2a: Heartache|Thunderbolt|p1a: Bisharp\n|-damage|p1a: Bisharp|158\/334\n|move|p1a: Bisharp|Knock Off|p2a: Heartache\n|-supereffective|p2a: Heartache\n|-damage|p2a: Heartache|9\/363 brn\n|\n|-heal|p1a: Bisharp|178\/334|[from] item: Leftovers\n|-damage|p2a: Heartache|0 fnt|[from] brn\n|upkeep\n|faint|p2a: Heartache\n|inactive|trep YT has 135 seconds left.\n|choice||switch 6\n|\n|switch|p2a: Fire Turd|Heatran, F, shiny|243\/323\n|-damage|p2a: Fire Turd|163\/323|[from] Spikes\n|turn|30\n|choice|move suckerpunch|move flamethrower\n|\n|move|p1a: Bisharp|Sucker Punch|p2a: Fire Turd\n|-damage|p2a: Fire Turd|40\/323\n|move|p2a: Fire Turd|Flamethrower|p1a: Bisharp\n|-supereffective|p1a: Bisharp\n|-damage|p1a: Bisharp|0 fnt\n|faint|p1a: Bisharp\n|\n|upkeep\n|choice|switch 3|\n|\n|switch|p1a: Chansey|Chansey, F|483\/703\n|-damage|p1a: Chansey|396\/703|[from] Stealth Rock\n|turn|31\n|choice|move seismictoss|switch 3\n|\n|switch|p2a: THE HORNS|Tapu Bulu|163\/343\n|-damage|p2a: THE HORNS|78\/343|[from] Spikes\n|-fieldstart|move: Grassy Terrain|[from] ability: Grassy Surge|[of] p2a: THE HORNS\n|move|p1a: Chansey|Seismic Toss|p2a: THE HORNS\n|-damage|p2a: THE HORNS|0 fnt\n|faint|p2a: THE HORNS\n|\n|-heal|p1a: Chansey|439\/703|[from] Grassy Terrain\n|upkeep\n|choice||switch 5\n|\n|switch|p2a: Sakura|Kartana|207\/275\n|-damage|p2a: Sakura|139\/275|[from] Spikes\n|turn|32\n|choice|switch 2|move smartstrike\n|\n|switch|p1a: Venusaur|Venusaur-Mega, F|336\/363\n|-damage|p1a: Venusaur|291\/363|[from] Stealth Rock\n|move|p2a: Sakura|Smart Strike|p1a: Venusaur\n|-damage|p1a: Venusaur|191\/363\n|\n|-heal|p2a: Sakura|156\/275|[from] Grassy Terrain\n|-heal|p1a: Venusaur|213\/363|[from] Grassy Terrain\n|upkeep\n|turn|33\n|choice|move hiddenpower|move smartstrike\n|\n|move|p2a: Sakura|Smart Strike|p1a: Venusaur\n|-damage|p1a: Venusaur|111\/363\n|move|p1a: Venusaur|Hidden Power|p2a: Sakura\n|-supereffective|p2a: Sakura\n|-damage|p2a: Sakura|0 fnt\n|faint|p2a: Sakura\n|\n|-heal|p1a: Venusaur|133\/363|[from] Grassy Terrain\n|upkeep\n|-message|trep YT forfeited.\n|\n|win|Toxabelle\n|l|trep YT\n|c|\u2606Toxabelle|\/log Toxabelle made this room public.\n|raw|Toxabelle's rating: 1958 &rarr; <strong>1967<\/strong><br \/>(+9 for winning)\n|raw|trep YT's rating: 1758 &rarr; <strong>1749<\/strong><br \/>(-9 for losing)","inputlog":null,"uploadtime":1512745795,"views":81,"p1id":"toxabelle","p2id":"trepyt","formatid":"gen7ou","rating":1749,"private":0,"password":null}