{"id":"gen7ou-1655079039","p1":"GJfei","p2":"Meracx","format":"gen7ou","log":"|j|\u2606GJfei\n|j|\u2606Meracx\n|t:|1662210301\n|gametype|singles\n|player|p1|GJfei|colress|1541\n|player|p2|Meracx|thorton|1590\n|teamsize|p1|6\n|teamsize|p2|6\n|gen|7\n|tier|[Gen 7] OU\n|rated|\n|rule|Sleep Clause Mod: Limit one foe put to sleep\n|rule|Species Clause: Limit one of each Pok\u00e9mon\n|rule|OHKO Clause: OHKO moves are banned\n|rule|Moody Clause: Moody is banned\n|rule|Evasion Items Clause: Evasion items are banned\n|rule|Evasion Moves Clause: Evasion moves are banned\n|rule|Endless Battle Clause: Forcing endless battles is banned\n|rule|HP Percentage Mod: HP is shown in percentages\n|clearpoke\n|poke|p1|Sableye, F|item\n|poke|p1|Chansey, F|item\n|poke|p1|Ferrothorn, M|item\n|poke|p1|Skarmory, F|item\n|poke|p1|Toxapex, M|item\n|poke|p1|Quagsire, M|item\n|poke|p2|Aerodactyl, M|item\n|poke|p2|Serperior, M|item\n|poke|p2|Celesteela|item\n|poke|p2|Kommo-o, F|item\n|poke|p2|Tapu Koko|item\n|poke|p2|Landorus-Therian, M|item\n|teampreview\n|inactive|Battle timer is ON: inactive players will automatically lose when time's up. (requested by GJfei)\n|\n|t:|1662210310\n|start\n|switch|p1a: \u53ef\u7231\u7684\u5bb6\u4f19|Sableye, F, shiny|100\/100\n|switch|p2a: Serperior|Serperior, M|100\/100\n|turn|1\n|\n|t:|1662210313\n|detailschange|p1a: \u53ef\u7231\u7684\u5bb6\u4f19|Sableye-Mega, F, shiny\n|-mega|p1a: \u53ef\u7231\u7684\u5bb6\u4f19|Sableye|Sablenite\n|move|p1a: \u53ef\u7231\u7684\u5bb6\u4f19|Protect|p1a: \u53ef\u7231\u7684\u5bb6\u4f19\n|-singleturn|p1a: \u53ef\u7231\u7684\u5bb6\u4f19|Protect\n|move|p2a: Serperior|Substitute|p2a: Serperior\n|-start|p2a: Serperior|Substitute\n|-damage|p2a: Serperior|76\/100\n|\n|-heal|p2a: Serperior|82\/100|[from] item: Leftovers\n|upkeep\n|turn|2\n|\n|t:|1662210330\n|move|p2a: Serperior|Leaf Storm|p1a: \u53ef\u7231\u7684\u5bb6\u4f19\n|-damage|p1a: \u53ef\u7231\u7684\u5bb6\u4f19|60\/100\n|-boost|p2a: Serperior|spa|2\n|move|p1a: \u53ef\u7231\u7684\u5bb6\u4f19|Knock Off|p2a: Serperior\n|-end|p2a: Serperior|Substitute\n|\n|-heal|p2a: Serperior|88\/100|[from] item: Leftovers\n|upkeep\n|turn|3\n|\n|t:|1662210338\n|move|p1a: \u53ef\u7231\u7684\u5bb6\u4f19|Protect|p1a: \u53ef\u7231\u7684\u5bb6\u4f19\n|-singleturn|p1a: \u53ef\u7231\u7684\u5bb6\u4f19|Protect\n|move|p2a: Serperior|Leech Seed|p1a: \u53ef\u7231\u7684\u5bb6\u4f19\n|-activate|p1a: \u53ef\u7231\u7684\u5bb6\u4f19|move: Protect\n|\n|-heal|p2a: Serperior|94\/100|[from] item: Leftovers\n|upkeep\n|turn|4\n|\n|t:|1662210344\n|switch|p1a: \u7c89\u8272\u6076\u9b54|Chansey, F, shiny|100\/100\n|move|p2a: Serperior|Substitute|p2a: Serperior\n|-start|p2a: Serperior|Substitute\n|-damage|p2a: Serperior|69\/100\n|\n|-heal|p2a: Serperior|76\/100|[from] item: Leftovers\n|upkeep\n|turn|5\n|\n|t:|1662210350\n|move|p2a: Serperior|Leech Seed|p1a: \u7c89\u8272\u6076\u9b54\n|-start|p1a: \u7c89\u8272\u6076\u9b54|move: Leech Seed\n|move|p1a: \u7c89\u8272\u6076\u9b54|Seismic Toss|p2a: Serperior\n|-end|p2a: Serperior|Substitute\n|\n|-heal|p2a: Serperior|82\/100|[from] item: Leftovers\n|-damage|p1a: \u7c89\u8272\u6076\u9b54|88\/100|[from] Leech Seed|[of] p2a: Serperior\n|-heal|p2a: Serperior|100\/100|[silent]\n|upkeep\n|turn|6\n|\n|t:|1662210354\n|move|p2a: Serperior|Substitute|p2a: Serperior\n|-start|p2a: Serperior|Substitute\n|-damage|p2a: Serperior|76\/100\n|move|p1a: \u7c89\u8272\u6076\u9b54|Soft-Boiled|p1a: \u7c89\u8272\u6076\u9b54\n|-heal|p1a: \u7c89\u8272\u6076\u9b54|100\/100\n|\n|-heal|p2a: Serperior|82\/100|[from] item: Leftovers\n|-damage|p1a: \u7c89\u8272\u6076\u9b54|88\/100|[from] Leech Seed|[of] p2a: Serperior\n|-heal|p2a: Serperior|100\/100|[silent]\n|upkeep\n|turn|7\n|\n|t:|1662210359\n|move|p2a: Serperior|Leaf Storm|p1a: \u7c89\u8272\u6076\u9b54\n|-damage|p1a: \u7c89\u8272\u6076\u9b54|59\/100\n|-boost|p2a: Serperior|spa|2\n|move|p1a: \u7c89\u8272\u6076\u9b54|Seismic Toss|p2a: Serperior\n|-end|p2a: Serperior|Substitute\n|\n|-damage|p1a: \u7c89\u8272\u6076\u9b54|47\/100|[from] Leech Seed|[of] p2a: Serperior\n|upkeep\n|turn|8\n|\n|t:|1662210368\n|move|p2a: Serperior|Leaf Storm|p1a: \u7c89\u8272\u6076\u9b54\n|-damage|p1a: \u7c89\u8272\u6076\u9b54|8\/100\n|-boost|p2a: Serperior|spa|2\n|move|p1a: \u7c89\u8272\u6076\u9b54|Soft-Boiled|p1a: \u7c89\u8272\u6076\u9b54\n|-heal|p1a: \u7c89\u8272\u6076\u9b54|59\/100\n|\n|-damage|p1a: \u7c89\u8272\u6076\u9b54|46\/100|[from] Leech Seed|[of] p2a: Serperior\n|upkeep\n|turn|9\n|\n|t:|1662210377\n|switch|p1a: \u94a2\u795e\u6c38\u8fdc\u53ef\u9760|Ferrothorn, M, shiny|100\/100\n|move|p2a: Serperior|Substitute|p2a: Serperior\n|-start|p2a: Serperior|Substitute\n|-damage|p2a: Serperior|76\/100\n|\n|-heal|p2a: Serperior|82\/100|[from] item: Leftovers\n|upkeep\n|turn|10\n|\n|t:|1662210380\n|move|p1a: \u94a2\u795e\u6c38\u8fdc\u53ef\u9760|Protect|p1a: \u94a2\u795e\u6c38\u8fdc\u53ef\u9760\n|-singleturn|p1a: \u94a2\u795e\u6c38\u8fdc\u53ef\u9760|Protect\n|move|p2a: Serperior|Hidden Power|p1a: \u94a2\u795e\u6c38\u8fdc\u53ef\u9760\n|-activate|p1a: \u94a2\u795e\u6c38\u8fdc\u53ef\u9760|move: Protect\n|\n|-heal|p2a: Serperior|88\/100|[from] item: Leftovers\n|upkeep\n|turn|11\n|\n|t:|1662210387\n|move|p1a: \u94a2\u795e\u6c38\u8fdc\u53ef\u9760|Protect|p1a: \u94a2\u795e\u6c38\u8fdc\u53ef\u9760\n|-singleturn|p1a: \u94a2\u795e\u6c38\u8fdc\u53ef\u9760|Protect\n|move|p2a: Serperior|Hidden Power|p1a: \u94a2\u795e\u6c38\u8fdc\u53ef\u9760\n|-activate|p1a: \u94a2\u795e\u6c38\u8fdc\u53ef\u9760|move: Protect\n|\n|-heal|p2a: Serperior|94\/100|[from] item: Leftovers\n|upkeep\n|turn|12\n|inactive|GJfei has 120 seconds left.\n|\n|t:|1662210425\n|move|p2a: Serperior|Hidden Power|p1a: \u94a2\u795e\u6c38\u8fdc\u53ef\u9760\n|-supereffective|p1a: \u94a2\u795e\u6c38\u8fdc\u53ef\u9760\n|-damage|p1a: \u94a2\u795e\u6c38\u8fdc\u53ef\u9760|0 fnt\n|faint|p1a: \u94a2\u795e\u6c38\u8fdc\u53ef\u9760\n|\n|-heal|p2a: Serperior|100\/100|[from] item: Leftovers\n|upkeep\n|\n|t:|1662210427\n|switch|p1a: \u7c89\u8272\u6076\u9b54|Chansey, F, shiny|46\/100\n|turn|13\n|\n|t:|1662210433\n|move|p2a: Serperior|Leaf Storm|p1a: \u7c89\u8272\u6076\u9b54\n|-damage|p1a: \u7c89\u8272\u6076\u9b54|0 fnt\n|faint|p1a: \u7c89\u8272\u6076\u9b54\n|\n|upkeep\n|\n|t:|1662210444\n|switch|p1a: \u5929\u7a7a\u4e4b\u76fe|Skarmory, F, shiny|100\/100\n|turn|14\n|\n|t:|1662210447\n|move|p2a: Serperior|Hidden Power|p1a: \u5929\u7a7a\u4e4b\u76fe\n|-supereffective|p1a: \u5929\u7a7a\u4e4b\u76fe\n|-ability|p1a: \u5929\u7a7a\u4e4b\u76fe|Sturdy\n|-damage|p1a: \u5929\u7a7a\u4e4b\u76fe|1\/100\n|move|p1a: \u5929\u7a7a\u4e4b\u76fe|Whirlwind|p2a: Serperior\n|drag|p2a: Tapu Koko|Tapu Koko|100\/100\n|-fieldstart|move: Electric Terrain|[from] ability: Electric Surge|[of] p2a: Tapu Koko\n|\n|upkeep\n|turn|15\n|-message|GJfei forfeited.\n|\n|win|Meracx\n|raw|GJfei's rating: 1541 &rarr; <strong>1524<\/strong><br \/>(-17 for losing)\n|raw|Meracx's rating: 1590 &rarr; <strong>1607<\/strong><br \/>(+17 for winning)\n|l|\u2606GJfei\n||Ladder isn't responding, score probably updated but might not have (Request timeout).\n","uploadtime":1662210464,"views":9,"p1id":"gjfei","p2id":"meracx","formatid":"gen7ou","rating":1524,"private":0,"password":null}