{"id":"gen7pickyourteamrandombattle-1687199547","p1":"MinecraftUprising","p2":"Pokeplayer35","format":"gen7pickyourteamrandombattle","log":"|j|\u2606MinecraftUprising\n|j|\u2606Pokeplayer35\n|t:|1665937989\n|gametype|singles\n|player|p1|MinecraftUprising|smasher|1154\n|player|p2|Pokeplayer35|policeman-gen4|1066\n|teamsize|p1|12\n|teamsize|p2|12\n|gen|7\n|tier|[Gen 7] Pick-Your-Team Random Battle\n|rated|\n|rule|Sleep Clause Mod: Limit one foe put to sleep\n|rule|HP Percentage Mod: HP is shown in percentages\n|rule|Mega Rayquaza Clause: You cannot mega evolve Rayquaza\n|clearpoke\n|poke|p1|Pheromosa, L76|item\n|poke|p1|Emboar, L86, F|item\n|poke|p1|Venusaur, L84, M|item\n|poke|p1|Aurorus, L88, F|item\n|poke|p1|Zygarde-10%, L84|item\n|poke|p1|Raticate-Alola, L88, F|item\n|poke|p1|Kyurem-White, L76|item\n|poke|p1|Glaceon, L88, F|item\n|poke|p1|Krookodile, L82, M|item\n|poke|p1|Landorus-Therian, L80, M|item\n|poke|p1|Lurantis, L88, F|item\n|poke|p1|Manectric, L82, M|item\n|poke|p2|Musharna, L88, M|item\n|poke|p2|Marshadow, L76|item\n|poke|p2|Cinccino, L88, M|item\n|poke|p2|Zekrom, L76|item\n|poke|p2|Durant, L84, M|item\n|poke|p2|Gogoat, L88, F|item\n|poke|p2|Persian-Alola, L88, M|item\n|poke|p2|Tyrantrum, L84, M|item\n|poke|p2|Simisear, L88, M|item\n|poke|p2|Braviary, L86, M|item\n|poke|p2|Nihilego, L82|item\n|poke|p2|Pidgeot, L82, F|item\n|teampreview|6\n|inactive|Battle timer is ON: inactive players will automatically lose when time's up. (requested by MinecraftUprising)\n|inactive|MinecraftUprising has 120 seconds left.\n|inactive|Pokeplayer35 has 120 seconds left.\n|c|\u2606Pokeplayer35|Amogus\n|c|\u2606Pokeplayer35|Big chungus\n|inactive|MinecraftUprising has 90 seconds left.\n|c|\u2606Pokeplayer35|Cungus bulgus\n|c|\u2606Pokeplayer35|Dulgy\n|c|\u2606Pokeplayer35|Euellowes\n|c|\u2606Pokeplayer35|Fillies\n|inactive|MinecraftUprising has 60 seconds left.\n|\n|t:|1665938085\n|start\n|switch|p1a: Pheromosa|Pheromosa, L76|233\/233\n|switch|p2a: Marshadow|Marshadow, L76|262\/262\n|turn|1\n|c|\u2606Pokeplayer35|Gagaggagagaggagaggaga\n|inactive|MinecraftUprising has 120 seconds left.\n|\n|t:|1665938101\n|switch|p1a: Landorus|Landorus-Therian, L80, M|274\/274\n|-ability|p1a: Landorus|Intimidate|boost\n|-unboost|p2a: Marshadow|atk|1\n|switch|p2a: Pidgeot|Pidgeot, L82, F|270\/270\n|\n|upkeep\n|turn|2\n|inactive|MinecraftUprising has 120 seconds left.\n|\n|t:|1665938119\n|switch|p1a: Manectric|Manectric, L82, M|248\/248\n|detailschange|p2a: Pidgeot|Pidgeot-Mega, L82, F\n|-mega|p2a: Pidgeot|Pidgeot|Pidgeotite\n|move|p2a: Pidgeot|Hurricane|p1a: Manectric\n|-resisted|p1a: Manectric\n|-damage|p1a: Manectric|146\/248\n|\n|upkeep\n|turn|3\n|\n|t:|1665938127\n|detailschange|p1a: Manectric|Manectric-Mega, L82, M\n|-mega|p1a: Manectric|Manectric|Manectite\n|-ability|p1a: Manectric|Intimidate|boost\n|-unboost|p2a: Pidgeot|atk|1\n|move|p1a: Manectric|Thunderbolt|p2a: Pidgeot\n|-supereffective|p2a: Pidgeot\n|-damage|p2a: Pidgeot|10\/270\n|-status|p2a: Pidgeot|par\n|move|p2a: Pidgeot|Heat Wave|p1a: Manectric\n|-damage|p1a: Manectric|52\/248\n|-status|p1a: Manectric|brn\n|\n|-damage|p1a: Manectric|37\/248 brn|[from] brn\n|upkeep\n|turn|4\n|inactive|MinecraftUprising has 120 seconds left.\n|\n|t:|1665938145\n|move|p1a: Manectric|Volt Switch|p2a: Pidgeot\n|-supereffective|p2a: Pidgeot\n|-damage|p2a: Pidgeot|0 fnt\n|faint|p2a: Pidgeot\n|inactive|MinecraftUprising has 120 seconds left.\n|\n|t:|1665938151\n|switch|p1a: Lurantis|Lurantis, L88, F|266\/266\n|\n|upkeep\n|\n|t:|1665938158\n|switch|p2a: Durant|Durant, L84, M|235\/235\n|turn|5\n|\n|t:|1665938166\n|switch|p1a: Landorus|Landorus-Therian, L80, M|274\/274\n|-ability|p1a: Landorus|Intimidate|boost\n|-unboost|p2a: Durant|atk|1\n|move|p2a: Durant|X-Scissor|p1a: Landorus\n|-resisted|p1a: Landorus\n|-damage|p1a: Landorus|210\/274\n|-damage|p2a: Durant|212\/235|[from] item: Life Orb\n|\n|-heal|p1a: Landorus|227\/274|[from] item: Leftovers\n|upkeep\n|turn|6\n|\n|t:|1665938182\n|switch|p2a: Cinccino|Cinccino, L88, M|275\/275\n|move|p1a: Landorus|Rock Polish|p1a: Landorus\n|-boost|p1a: Landorus|spe|2\n|\n|-heal|p1a: Landorus|244\/274|[from] item: Leftovers\n|upkeep\n|turn|7\n|\n|t:|1665938191\n|move|p1a: Landorus|Superpower|p2a: Cinccino\n|-supereffective|p2a: Cinccino\n|-damage|p2a: Cinccino|3\/275\n|-unboost|p1a: Landorus|atk|1\n|-unboost|p1a: Landorus|def|1\n|move|p2a: Cinccino|Tail Slap|p1a: Landorus|[miss]\n|-miss|p2a: Cinccino|p1a: Landorus\n|\n|-heal|p1a: Landorus|261\/274|[from] item: Leftovers\n|upkeep\n|turn|8\n|\n|t:|1665938202\n|move|p1a: Landorus|Superpower|p2a: Cinccino\n|-supereffective|p2a: Cinccino\n|-damage|p2a: Cinccino|0 fnt\n|-unboost|p1a: Landorus|atk|1\n|-unboost|p1a: Landorus|def|1\n|faint|p2a: Cinccino\n|\n|-heal|p1a: Landorus|274\/274|[from] item: Leftovers\n|upkeep\n|\n|t:|1665938211\n|switch|p2a: Tyrantrum|Tyrantrum, L84, M|275\/275\n|turn|9\n|\n|t:|1665938225\n|switch|p1a: Krookodile|Krookodile, L82, M|290\/290\n|move|p2a: Tyrantrum|Dragon Dance|p2a: Tyrantrum\n|-boost|p2a: Tyrantrum|atk|1\n|-boost|p2a: Tyrantrum|spe|1\n|\n|upkeep\n|turn|10\n|\n|t:|1665938236\n|move|p2a: Tyrantrum|Superpower|p1a: Krookodile\n|-supereffective|p1a: Krookodile\n|-damage|p1a: Krookodile|0 fnt\n|-unboost|p2a: Tyrantrum|atk|1\n|-unboost|p2a: Tyrantrum|def|1\n|faint|p1a: Krookodile\n|-damage|p2a: Tyrantrum|248\/275|[from] item: Life Orb\n|\n|upkeep\n|\n|t:|1665938240\n|switch|p1a: Pheromosa|Pheromosa, L76|233\/233\n|turn|11\n|\n|t:|1665938247\n|move|p1a: Pheromosa|High Jump Kick|p2a: Tyrantrum\n|-supereffective|p2a: Tyrantrum\n|-damage|p2a: Tyrantrum|0 fnt\n|faint|p2a: Tyrantrum\n|-ability|p1a: Pheromosa|Beast Boost|boost\n|-boost|p1a: Pheromosa|spe|1\n|-damage|p1a: Pheromosa|210\/233|[from] item: Life Orb\n|\n|upkeep\n|\n|t:|1665938259\n|switch|p2a: Zekrom|Zekrom, L76|277\/277\n|-ability|p2a: Zekrom|Teravolt\n|turn|12\n|\n|t:|1665938272\n|move|p1a: Pheromosa|Ice Beam|p2a: Zekrom\n|-supereffective|p2a: Zekrom\n|-damage|p2a: Zekrom|92\/277\n|-damage|p1a: Pheromosa|187\/233|[from] item: Life Orb\n|move|p2a: Zekrom|Bolt Strike|p1a: Pheromosa\n|-damage|p1a: Pheromosa|0 fnt\n|faint|p1a: Pheromosa\n|\n|-heal|p2a: Zekrom|109\/277|[from] item: Leftovers\n|upkeep\n|\n|t:|1665938280\n|switch|p1a: Landorus|Landorus-Therian, L80, M|274\/274\n|-ability|p1a: Landorus|Intimidate|boost\n|-unboost|p2a: Zekrom|atk|1\n|turn|13\n|\n|t:|1665938291\n|switch|p2a: Marshadow|Marshadow, L76|262\/262\n|move|p1a: Landorus|Earthquake|p2a: Marshadow\n|-damage|p2a: Marshadow|94\/262\n|\n|upkeep\n|turn|14\n|\n|t:|1665938299\n|move|p2a: Marshadow|Ice Punch|p1a: Landorus\n|-supereffective|p1a: Landorus\n|-damage|p1a: Landorus|0 fnt\n|faint|p1a: Landorus\n|\n|upkeep\n|\n|t:|1665938303\n|switch|p1a: Manectric|Manectric-Mega, L82, M|37\/248 brn\n|-ability|p1a: Manectric|Intimidate|boost\n|-unboost|p2a: Marshadow|atk|1\n|turn|15\n|\n|t:|1665938308\n|move|p1a: Manectric|Volt Switch|p2a: Marshadow\n|-damage|p2a: Marshadow|0 fnt\n|faint|p2a: Marshadow\n|\n|t:|1665938311\n|switch|p1a: Lurantis|Lurantis, L88, F|266\/266\n|\n|upkeep\n|\n|t:|1665938316\n|switch|p2a: Durant|Durant, L84, M|212\/235\n|turn|16\n|\n|t:|1665938339\n|move|p2a: Durant|Hone Claws|p2a: Durant\n|-boost|p2a: Durant|atk|1\n|-boost|p2a: Durant|accuracy|1\n|move|p1a: Lurantis|Knock Off|p2a: Durant\n|-damage|p2a: Durant|118\/235\n|-enditem|p2a: Durant|Life Orb|[from] move: Knock Off|[of] p1a: Lurantis\n|-damage|p1a: Lurantis|240\/266|[from] item: Life Orb\n|\n|upkeep\n|turn|17\n|\n|t:|1665938348\n|move|p2a: Durant|X-Scissor|p1a: Lurantis\n|-supereffective|p1a: Lurantis\n|-damage|p1a: Lurantis|0 fnt\n|faint|p1a: Lurantis\n|\n|upkeep\n|\n|t:|1665938350\n|switch|p1a: Manectric|Manectric-Mega, L82, M|37\/248 brn\n|-ability|p1a: Manectric|Intimidate|boost\n|-unboost|p2a: Durant|atk|1\n|turn|18\n|\n|t:|1665938359\n|move|p1a: Manectric|Overheat|p2a: Durant\n|-supereffective|p2a: Durant\n|-damage|p2a: Durant|0 fnt\n|-unboost|p1a: Manectric|spa|2\n|faint|p2a: Durant\n|\n|-damage|p1a: Manectric|22\/248 brn|[from] brn\n|upkeep\n|\n|t:|1665938367\n|switch|p2a: Zekrom|Zekrom, L76|109\/277\n|-ability|p2a: Zekrom|Teravolt\n|turn|19\n|\n|t:|1665938372\n|move|p1a: Manectric|Overheat|p2a: Zekrom\n|-resisted|p2a: Zekrom\n|-damage|p2a: Zekrom|79\/277\n|-unboost|p1a: Manectric|spa|2\n|move|p2a: Zekrom|Roost|p2a: Zekrom\n|-heal|p2a: Zekrom|218\/277\n|-singleturn|p2a: Zekrom|move: Roost\n|\n|-heal|p2a: Zekrom|235\/277|[from] item: Leftovers\n|-damage|p1a: Manectric|7\/248 brn|[from] brn\n|upkeep\n|turn|20\n|\n|t:|1665938382\n|move|p1a: Manectric|Overheat|p2a: Zekrom\n|-resisted|p2a: Zekrom\n|-damage|p2a: Zekrom|214\/277\n|-unboost|p1a: Manectric|spa|2\n|move|p2a: Zekrom|Roost|p2a: Zekrom\n|-heal|p2a: Zekrom|277\/277\n|-singleturn|p2a: Zekrom|move: Roost\n|\n|-damage|p1a: Manectric|0 fnt|[from] brn\n|faint|p1a: Manectric\n|upkeep\n|\n|t:|1665938385\n|switch|p1a: Aurorus|Aurorus, L88, F|359\/359\n|turn|21\n|\n|t:|1665938398\n|move|p2a: Zekrom|Bolt Strike|p1a: Aurorus|[miss]\n|-miss|p2a: Zekrom|p1a: Aurorus\n|move|p1a: Aurorus|Hyper Voice|p2a: Zekrom\n|-supereffective|p2a: Zekrom\n|-damage|p2a: Zekrom|0 fnt\n|faint|p2a: Zekrom\n|\n|win|MinecraftUprising\n|raw|MinecraftUprising's rating: 1154 &rarr; <strong>1173<\/strong><br \/>(+19 for winning)\n|raw|Pokeplayer35's rating: 1066 &rarr; <strong>1051<\/strong><br \/>(-15 for losing)\n|l|\u2606Pokeplayer35\n||Ladder isn't responding, score probably updated but might not have (Request timeout).\n","inputlog":">version ef613a9475d6dbd637653866edadf31f5286d49e\n>start {\"formatid\":\"gen7pickyourteamrandombattle\",\"seed\":[1605,11132,39930,8409],\"rated\":\"Rated battle\"}\n>player p1 {\"name\":\"MinecraftUprising\",\"avatar\":\"smasher\",\"rating\":1154,\"seed\":[28745,37277,64473,10295]}\n>player p2 {\"name\":\"Pokeplayer35\",\"avatar\":\"policeman-gen4\",\"rating\":1066,\"seed\":[33366,5848,9331,39945]}\n>chat \u2606Pokeplayer35|Amogus \n>chat \u2606Pokeplayer35|Big chungus\n>chat \u2606Pokeplayer35|Cungus bulgus\n>chat \u2606Pokeplayer35|Dulgy\n>chat \u2606Pokeplayer35|Euellowes \n>chat \u2606Pokeplayer35|Fillies \n>p1 team 1, 9, 10, 12, 11, 4\n>p2 team 2, 4, 8, 3, 5, 12\n>chat \u2606Pokeplayer35|Gagaggagagaggagaggaga\n>p1 switch 3\n>p2 switch 6\n>p1 switch 4\n>p2 move hurricane mega\n>p1 move thunderbolt mega\n>p2 move heatwave\n>p1 move voltswitch\n>p2 move roost\n>p1 switch 5\n>p2 switch 5\n>p1 switch 4\n>p2 move xscissor\n>p1 move rockpolish\n>p2 switch 4\n>p1 move superpower\n>p2 move tailslap\n>p1 move superpower\n>p2 move tailslap\n>p2 switch 3\n>p1 switch 2\n>p2 move dragondance\n>p1 move knockoff\n>p2 move superpower\n>p1 switch 3\n>p1 move highjumpkick\n>p2 move dragondance\n>p2 switch 2\n>p1 move icebeam\n>p2 move boltstrike\n>p1 switch 2\n>p1 move earthquake\n>p2 switch 6\n>p1 move rockpolish\n>p2 move icepunch\n>p1 switch 5\n>p1 move voltswitch\n>p2 move icepunch\n>p1 switch 4\n>p2 switch 4\n>p1 move knockoff\n>p2 move honeclaws\n>p1 move leafstorm\n>p2 move xscissor\n>p1 switch 4\n>p1 move overheat\n>p2 move xscissor\n>p2 switch 6\n>p1 move overheat\n>p2 move roost\n>p1 move overheat\n>p2 move roost\n>p1 switch 6\n>p1 move hypervoice\n>p2 move boltstrike","uploadtime":1665938088,"views":0,"p1id":"minecraftuprising","p2id":"pokeplayer35","formatid":"gen7pickyourteamrandombattle","rating":1051,"private":0,"password":null}