{"id":"gen7randombattle-930402338","p1":"amineken0","p2":"comp233","format":"gen7randombattle","log":"|j|\u2606amineken0\n|j|\u2606comp233\n|player|p1|amineken0|170\n|player|p2|comp233|115\n|teamsize|p1|6\n|teamsize|p2|6\n|gametype|singles\n|gen|7\n|tier|[Gen 7] Random Battle\n|rated|\n|rule|Sleep Clause Mod: Limit one foe put to sleep\n|rule|HP Percentage Mod: HP is shown in percentages\n|\n|start\n|switch|p1a: Zeraora|Zeraora, L82|100\/100\n|switch|p2a: Clefable|Clefable, L80, M|100\/100\n|turn|1\n|inactive|Battle timer is ON: inactive players will automatically lose when time's up. (requested by amineken0)\n|\n|move|p1a: Zeraora|Volt Switch|p2a: Clefable\n|-damage|p2a: Clefable|74\/100\n|\n|switch|p1a: Aurorus|Aurorus, L88, F|100\/100|[from]move: Volt Switch\n|move|p2a: Clefable|Moonblast|p1a: Aurorus\n|-damage|p1a: Aurorus|71\/100\n|-unboost|p1a: Aurorus|spa|1\n|\n|-heal|p1a: Aurorus|77\/100|[from] item: Leftovers\n|upkeep\n|turn|2\n|\n|move|p1a: Aurorus|Stealth Rock|p2a: Clefable\n|-sidestart|p2: comp233|move: Stealth Rock\n|move|p2a: Clefable|Calm Mind|p2a: Clefable\n|-boost|p2a: Clefable|spa|1\n|-boost|p2a: Clefable|spd|1\n|\n|-heal|p1a: Aurorus|84\/100|[from] item: Leftovers\n|upkeep\n|turn|3\n|\n|move|p1a: Aurorus|Hyper Voice|p2a: Clefable\n|-damage|p2a: Clefable|54\/100\n|move|p2a: Clefable|Calm Mind|p2a: Clefable\n|-boost|p2a: Clefable|spa|1\n|-boost|p2a: Clefable|spd|1\n|\n|-heal|p1a: Aurorus|90\/100|[from] item: Leftovers\n|upkeep\n|turn|4\n|\n|move|p1a: Aurorus|Ancient Power|p2a: Clefable\n|-damage|p2a: Clefable|45\/100\n|move|p2a: Clefable|Soft-Boiled|p2a: Clefable\n|-heal|p2a: Clefable|95\/100\n|\n|-heal|p1a: Aurorus|96\/100|[from] item: Leftovers\n|upkeep\n|turn|5\n|\n|move|p1a: Aurorus|Ancient Power|p2a: Clefable\n|-damage|p2a: Clefable|86\/100\n|-boost|p1a: Aurorus|atk|1\n|-boost|p1a: Aurorus|def|1\n|-boost|p1a: Aurorus|spa|1\n|-boost|p1a: Aurorus|spd|1\n|-boost|p1a: Aurorus|spe|1\n|move|p2a: Clefable|Moonblast|p1a: Aurorus\n|-damage|p1a: Aurorus|53\/100\n|-unboost|p1a: Aurorus|spa|1\n|\n|-heal|p1a: Aurorus|59\/100|[from] item: Leftovers\n|upkeep\n|turn|6\n|\n|move|p1a: Aurorus|Ancient Power|p2a: Clefable\n|-damage|p2a: Clefable|77\/100\n|move|p2a: Clefable|Calm Mind|p2a: Clefable\n|-boost|p2a: Clefable|spa|1\n|-boost|p2a: Clefable|spd|1\n|\n|-heal|p1a: Aurorus|65\/100|[from] item: Leftovers\n|upkeep\n|turn|7\n|\n|move|p1a: Aurorus|Ancient Power|p2a: Clefable\n|-crit|p2a: Clefable\n|-damage|p2a: Clefable|34\/100\n|-boost|p1a: Aurorus|atk|1\n|-boost|p1a: Aurorus|def|1\n|-boost|p1a: Aurorus|spa|1\n|-boost|p1a: Aurorus|spd|1\n|-boost|p1a: Aurorus|spe|1\n|move|p2a: Clefable|Calm Mind|p2a: Clefable\n|-boost|p2a: Clefable|spa|1\n|-boost|p2a: Clefable|spd|1\n|\n|-heal|p1a: Aurorus|72\/100|[from] item: Leftovers\n|upkeep\n|turn|8\n|\n|move|p1a: Aurorus|Hyper Voice|p2a: Clefable\n|-damage|p2a: Clefable|18\/100\n|move|p2a: Clefable|Soft-Boiled|p2a: Clefable\n|-heal|p2a: Clefable|68\/100\n|\n|-heal|p1a: Aurorus|78\/100|[from] item: Leftovers\n|upkeep\n|turn|9\n|\n|move|p1a: Aurorus|Ancient Power|p2a: Clefable\n|-damage|p2a: Clefable|60\/100\n|move|p2a: Clefable|Soft-Boiled|p2a: Clefable\n|-heal|p2a: Clefable|100\/100\n|\n|-heal|p1a: Aurorus|84\/100|[from] item: Leftovers\n|upkeep\n|turn|10\n|\n|move|p1a: Aurorus|Ancient Power|p2a: Clefable\n|-damage|p2a: Clefable|92\/100\n|move|p2a: Clefable|Moonblast|p1a: Aurorus\n|-damage|p1a: Aurorus|36\/100\n|-unboost|p1a: Aurorus|spa|1\n|\n|-heal|p1a: Aurorus|42\/100|[from] item: Leftovers\n|upkeep\n|turn|11\n|\n|move|p1a: Aurorus|Ancient Power|p2a: Clefable\n|-damage|p2a: Clefable|86\/100\n|move|p2a: Clefable|Moonblast|p1a: Aurorus\n|-damage|p1a: Aurorus|0 fnt\n|faint|p1a: Aurorus\n|\n|upkeep\n|\n|switch|p1a: Zeraora|Zeraora, L82|100\/100\n|turn|12\n|\n|move|p1a: Zeraora|Plasma Fists|p2a: Clefable\n|-damage|p2a: Clefable|42\/100\n|-fieldactivate|move: Ion Deluge\n|move|p2a: Clefable|Moonblast|p1a: Zeraora\n|-damage|p1a: Zeraora|12\/100\n|\n|upkeep\n|turn|13\n|inactive|comp233 has 120 seconds left.\n|\n|switch|p2a: Wigglytuff|Wigglytuff, L89, M|100\/100\n|-damage|p2a: Wigglytuff|88\/100|[from] Stealth Rock\n|move|p1a: Zeraora|Plasma Fists|p2a: Wigglytuff\n|-damage|p2a: Wigglytuff|46\/100\n|-fieldactivate|move: Ion Deluge\n|\n|-heal|p2a: Wigglytuff|52\/100|[from] item: Leftovers\n|upkeep\n|turn|14\n|inactive|comp233 has 120 seconds left.\n|\n|move|p2a: Wigglytuff|Protect|p2a: Wigglytuff\n|-singleturn|p2a: Wigglytuff|Protect\n|move|p1a: Zeraora|Volt Switch|p2a: Wigglytuff\n|-activate|p2a: Wigglytuff|move: Protect\n|\n|-heal|p2a: Wigglytuff|58\/100|[from] item: Leftovers\n|upkeep\n|turn|15\n|inactive|comp233 has 120 seconds left.\n|\n|move|p1a: Zeraora|Volt Switch|p2a: Wigglytuff\n|-damage|p2a: Wigglytuff|33\/100\n|\n|switch|p1a: Archeops|Archeops, L87, F|100\/100|[from]move: Volt Switch\n|move|p2a: Wigglytuff|Stealth Rock|p1a: Archeops\n|-sidestart|p1: amineken0|move: Stealth Rock\n|\n|-heal|p2a: Wigglytuff|40\/100|[from] item: Leftovers\n|upkeep\n|turn|16\n|\n|move|p2a: Wigglytuff|Protect|p2a: Wigglytuff\n|-singleturn|p2a: Wigglytuff|Protect\n|move|p1a: Archeops|Acrobatics|p2a: Wigglytuff\n|-activate|p2a: Wigglytuff|move: Protect\n|\n|-heal|p2a: Wigglytuff|46\/100|[from] item: Leftovers\n|upkeep\n|turn|17\n|\n|move|p1a: Archeops|Acrobatics|p2a: Wigglytuff\n|-damage|p2a: Wigglytuff|0 fnt\n|faint|p2a: Wigglytuff\n|\n|upkeep\n|\n|switch|p2a: Reuniclus|Reuniclus, L83, F|100\/100\n|turn|18\n|\n|move|p1a: Archeops|U-turn|p2a: Reuniclus\n|-supereffective|p2a: Reuniclus\n|-damage|p2a: Reuniclus|51\/100\n|\n|switch|p1a: Yveltal|Yveltal, L78|100\/100|[from]move: U-turn\n|-damage|p1a: Yveltal|76\/100|[from] Stealth Rock\n|-ability|p1a: Yveltal|Dark Aura\n|move|p2a: Reuniclus|Trick Room|p2a: Reuniclus\n|-fieldstart|move: Trick Room|[of] p2a: Reuniclus\n|\n|-heal|p1a: Yveltal|82\/100|[from] item: Leftovers\n|upkeep\n|turn|19\n|\n|switch|p2a: Clefable|Clefable, L80, M|42\/100\n|move|p1a: Yveltal|Dark Pulse|p2a: Clefable\n|-resisted|p2a: Clefable\n|-damage|p2a: Clefable|20\/100\n|\n|-heal|p1a: Yveltal|88\/100|[from] item: Leftovers\n|upkeep\n|turn|20\n|\n|move|p2a: Clefable|Soft-Boiled|p2a: Clefable\n|-heal|p2a: Clefable|70\/100\n|move|p1a: Yveltal|Dark Pulse|p2a: Clefable\n|-resisted|p2a: Clefable\n|-damage|p2a: Clefable|47\/100\n|\n|-heal|p1a: Yveltal|94\/100|[from] item: Leftovers\n|upkeep\n|turn|21\n|\n|move|p2a: Clefable|Soft-Boiled|p2a: Clefable\n|-heal|p2a: Clefable|98\/100\n|move|p1a: Yveltal|Dark Pulse|p2a: Clefable\n|-resisted|p2a: Clefable\n|-damage|p2a: Clefable|77\/100\n|\n|-heal|p1a: Yveltal|99\/100|[from] item: Leftovers\n|upkeep\n|turn|22\n|\n|move|p2a: Clefable|Calm Mind|p2a: Clefable\n|-boost|p2a: Clefable|spa|1\n|-boost|p2a: Clefable|spd|1\n|move|p1a: Yveltal|Dark Pulse|p2a: Clefable\n|-resisted|p2a: Clefable\n|-damage|p2a: Clefable|61\/100\n|\n|-heal|p1a: Yveltal|100\/100|[from] item: Leftovers\n|-fieldend|move: Trick Room\n|upkeep\n|turn|23\n|\n|switch|p1a: Slowbro|Slowbro, L83, M|100\/100\n|-damage|p1a: Slowbro|88\/100|[from] Stealth Rock\n|move|p2a: Clefable|Calm Mind|p2a: Clefable\n|-boost|p2a: Clefable|spa|1\n|-boost|p2a: Clefable|spd|1\n|\n|upkeep\n|turn|24\n|\n|detailschange|p1a: Slowbro|Slowbro-Mega, L83, M\n|-mega|p1a: Slowbro|Slowbro|Slowbronite\n|move|p2a: Clefable|Moonblast|p1a: Slowbro\n|-damage|p1a: Slowbro|7\/100\n|-unboost|p1a: Slowbro|spa|1\n|move|p1a: Slowbro|Psyshock|p2a: Clefable\n|-damage|p2a: Clefable|32\/100\n|\n|upkeep\n|turn|25\n|\n|move|p2a: Clefable|Soft-Boiled|p2a: Clefable\n|-heal|p2a: Clefable|82\/100\n|move|p1a: Slowbro|Psyshock|p2a: Clefable\n|-damage|p2a: Clefable|51\/100\n|\n|upkeep\n|turn|26\n|\n|move|p2a: Clefable|Soft-Boiled|p2a: Clefable\n|-heal|p2a: Clefable|100\/100\n|move|p1a: Slowbro|Psyshock|p2a: Clefable\n|-damage|p2a: Clefable|72\/100\n|\n|upkeep\n|turn|27\n|\n|move|p2a: Clefable|Calm Mind|p2a: Clefable\n|-boost|p2a: Clefable|spa|1\n|-boost|p2a: Clefable|spd|1\n|move|p1a: Slowbro|Psyshock|p2a: Clefable\n|-damage|p2a: Clefable|43\/100\n|\n|upkeep\n|turn|28\n|\n|move|p2a: Clefable|Soft-Boiled|p2a: Clefable\n|-heal|p2a: Clefable|93\/100\n|move|p1a: Slowbro|Psyshock|p2a: Clefable\n|-damage|p2a: Clefable|64\/100\n|\n|upkeep\n|turn|29\n|\n|move|p2a: Clefable|Calm Mind|p2a: Clefable\n|-boost|p2a: Clefable|spa|1\n|-boost|p2a: Clefable|spd|1\n|move|p1a: Slowbro|Psyshock|p2a: Clefable\n|-damage|p2a: Clefable|34\/100\n|\n|upkeep\n|turn|30\n|\n|move|p2a: Clefable|Soft-Boiled|p2a: Clefable\n|-heal|p2a: Clefable|84\/100\n|move|p1a: Slowbro|Psyshock|p2a: Clefable\n|-damage|p2a: Clefable|51\/100\n|\n|upkeep\n|turn|31\n|\n|move|p2a: Clefable|Soft-Boiled|p2a: Clefable\n|-heal|p2a: Clefable|100\/100\n|move|p1a: Slowbro|Psyshock|p2a: Clefable\n|-damage|p2a: Clefable|69\/100\n|\n|upkeep\n|turn|32\n|\n|move|p2a: Clefable|Moonblast|p1a: Slowbro\n|-damage|p1a: Slowbro|0 fnt\n|faint|p1a: Slowbro\n|\n|upkeep\n|\n|switch|p1a: Archeops|Archeops, L87, F|100\/100\n|-damage|p1a: Archeops|76\/100|[from] Stealth Rock\n|turn|33\n|\n|move|p1a: Archeops|Acrobatics|p2a: Clefable\n|-damage|p2a: Clefable|0 fnt\n|faint|p2a: Clefable\n|\n|upkeep\n|\n|switch|p2a: Medicham|Medicham, L80, M|100\/100\n|-damage|p2a: Medicham|94\/100|[from] Stealth Rock\n|turn|34\n|\n|detailschange|p2a: Medicham|Medicham-Mega, L80, M\n|-mega|p2a: Medicham|Medicham|Medichamite\n|move|p2a: Medicham|Fake Out|p1a: Archeops\n|-resisted|p1a: Archeops\n|-damage|p1a: Archeops|64\/100\n|cant|p1a: Archeops|flinch\n|\n|upkeep\n|turn|35\n|\n|move|p1a: Archeops|Acrobatics|p2a: Medicham\n|-supereffective|p2a: Medicham\n|-damage|p2a: Medicham|0 fnt\n|faint|p2a: Medicham\n|\n|upkeep\n|\n|switch|p2a: Reuniclus|Reuniclus, L83, F|51\/100\n|turn|36\n|\n|move|p1a: Archeops|Acrobatics|p2a: Reuniclus\n|-damage|p2a: Reuniclus|0 fnt\n|faint|p2a: Reuniclus\n|\n|upkeep\n|\n|switch|p2a: Snorlax|Snorlax, L84, F|100\/100\n|-damage|p2a: Snorlax|88\/100|[from] Stealth Rock\n|turn|37\n|\n|move|p1a: Archeops|Acrobatics|p2a: Snorlax\n|-damage|p2a: Snorlax|41\/100\n|move|p2a: Snorlax|Crunch|p1a: Archeops\n|-damage|p1a: Archeops|38\/100\n|\n|-heal|p2a: Snorlax|47\/100|[from] item: Leftovers\n|upkeep\n|turn|38\n|inactive|comp233 has 120 seconds left.\n|\n|move|p1a: Archeops|Acrobatics|p2a: Snorlax\n|-damage|p2a: Snorlax|23\/100\n|move|p2a: Snorlax|Crunch|p1a: Archeops\n|-damage|p1a: Archeops|10\/100\n|-unboost|p1a: Archeops|def|1\n|\n|-heal|p2a: Snorlax|29\/100|[from] item: Leftovers\n|upkeep\n|turn|39\n|\n|move|p1a: Archeops|Acrobatics|p2a: Snorlax\n|-damage|p2a: Snorlax|5\/100\n|move|p2a: Snorlax|Crunch|p1a: Archeops\n|-damage|p1a: Archeops|0 fnt\n|faint|p1a: Archeops\n|\n|-heal|p2a: Snorlax|11\/100|[from] item: Leftovers\n|upkeep\n|\n|switch|p1a: Yveltal|Yveltal, L78|100\/100\n|-damage|p1a: Yveltal|76\/100|[from] Stealth Rock\n|-ability|p1a: Yveltal|Dark Aura\n|turn|40\n|\n|move|p1a: Yveltal|Dark Pulse|p2a: Snorlax\n|-damage|p2a: Snorlax|0 fnt\n|faint|p2a: Snorlax\n|\n|-heal|p1a: Yveltal|82\/100|[from] item: Leftovers\n|upkeep\n|\n|switch|p2a: Chandelure|Chandelure, L82, M|100\/100\n|-damage|p2a: Chandelure|76\/100|[from] Stealth Rock\n|turn|41\n|\n|move|p1a: Yveltal|Dark Pulse|p2a: Chandelure\n|-supereffective|p2a: Chandelure\n|-damage|p2a: Chandelure|0 fnt\n|faint|p2a: Chandelure\n|\n|win|amineken0\n|l|\u2606comp233\n","inputlog":">version 591f4aa0ed4ba728208ac57bb729514d7657ffc7\n>start {\"formatid\":\"gen7randombattle\",\"seed\":[19327,14979,56087,54646],\"rated\":\"Rated battle\"}\n>player p1 {\"name\":\"amineken0\",\"avatar\":\"170\",\"team\":\"\",\"seed\":[4877,46738,26983,27068]}\n>player p2 {\"name\":\"comp233\",\"avatar\":\"115\",\"team\":\"\",\"seed\":[13012,26086,974,33482]}\n>p1 move voltswitch\n>p2 move moonblast\n>p1 switch 2\n>p1 move stealthrock\n>p2 move calmmind\n>p1 move hypervoice\n>p2 move calmmind\n>p1 move ancientpower\n>p2 move softboiled\n>p1 move ancientpower\n>p2 move moonblast\n>p1 move ancientpower\n>p2 move calmmind\n>p1 move ancientpower\n>p2 move calmmind\n>p1 move hypervoice\n>p2 move softboiled\n>p1 move ancientpower\n>p2 move softboiled\n>p1 move ancientpower\n>p2 move moonblast\n>p1 move ancientpower\n>p2 move moonblast\n>p1 switch 2\n>p1 move plasmafists\n>p2 move moonblast\n>p1 move plasmafists\n>p2 switch 3\n>p1 move voltswitch\n>p2 move protect\n>p1 move voltswitch\n>p2 move stealthrock\n>p1 switch 6\n>p1 move acrobatics\n>p2 move protect\n>p1 move acrobatics\n>p2 move dazzlinggleam\n>p2 switch 2\n>p1 move uturn\n>p2 move trickroom\n>p1 switch 5\n>p1 move darkpulse\n>p2 switch 3\n>p1 move darkpulse\n>p2 move softboiled\n>p1 move darkpulse\n>p2 move softboiled\n>p1 move darkpulse\n>p2 move calmmind\n>p1 switch 4\n>p2 move calmmind\n>p1 move psyshock mega\n>p2 move moonblast\n>p1 move psyshock\n>p2 move softboiled\n>p1 move psyshock\n>p2 move softboiled\n>p1 move psyshock\n>p2 move calmmind\n>p1 move psyshock\n>p2 move softboiled\n>p1 move psyshock\n>p2 move calmmind\n>p1 move psyshock\n>p2 move softboiled\n>p1 move psyshock\n>p2 move softboiled\n>p1 move psyshock\n>p2 move moonblast\n>p1 switch 5\n>p1 move acrobatics\n>p2 move moonblast\n>p2 switch 4\n>p1 move acrobatics\n>p2 move fakeout mega\n>p1 move acrobatics\n>p2 move icepunch\n>p2 switch 3\n>p1 move acrobatics\n>p2 move trickroom\n>p2 switch 6\n>p1 move acrobatics\n>p2 move crunch\n>p1 move acrobatics\n>p2 move crunch\n>p1 move acrobatics\n>p2 move crunch\n>p1 switch 4\n>p1 move darkpulse\n>p2 move bodyslam\n>p2 switch 5\n>p1 move darkpulse\n>p2 move fireblast","uploadtime":1560855338,"views":3,"p1id":"amineken0","p2id":"comp233","formatid":"gen7randombattle","rating":0,"private":0,"password":null}