{"id":"gen7doublesou-897356268","p1":"Flashybee","p2":"gomosenna","format":"gen7doublesou","log":"|j|\u2606Flashybee\n|j|\u2606gomosenna\n|player|p1|Flashybee|70\n|player|p2|gomosenna|193\n|teamsize|p1|6\n|teamsize|p2|6\n|gametype|doubles\n|gen|7\n|tier|[Gen 7] Doubles OU\n|rated|\n|rule|Species Clause: Limit one of each Pok\u00e9mon\n|rule|OHKO Clause: OHKO moves are banned\n|rule|Moody Clause: Moody is banned\n|rule|Evasion Abilities Clause: Evasion abilities are banned\n|rule|Evasion Moves Clause: Evasion moves are banned\n|rule|Endless Battle Clause: Forcing endless battles is banned\n|rule|HP Percentage Mod: HP is shown in percentages\n|rule|Swagger Clause: Swagger is banned\n|clearpoke\n|poke|p1|Garchomp, M|item\n|poke|p1|Pyroar, M|item\n|poke|p1|Sableye, M|item\n|poke|p1|Talonflame, F|item\n|poke|p1|Meowstic, M|item\n|poke|p1|Tyranitar, F|item\n|poke|p2|Incineroar, M|item\n|poke|p2|Tapu Fini|item\n|poke|p2|Amoonguss, M|item\n|poke|p2|Salamence, M|item\n|poke|p2|Whimsicott, M|item\n|poke|p2|Deoxys-Attack|item\n|teampreview\n|inactive|Battle timer is ON: inactive players will automatically lose when time's up. (requested by gomosenna)\n|\n|start\n|switch|p1a: Garchomp|Garchomp, M|100\/100\n|switch|p1b: Pyroar|Pyroar, M|100\/100\n|switch|p2a: Whimsicott|Whimsicott, M|100\/100\n|switch|p2b: Deoxys|Deoxys-Attack|100\/100\n|-ability|p2b: Deoxys|Pressure\n|turn|1\n|\n|move|p2b: Deoxys|Detect|p2b: Deoxys\n|-singleturn|p2b: Deoxys|Protect\n|move|p2a: Whimsicott|Tailwind|p2a: Whimsicott\n|-sidestart|p2: gomosenna|move: Tailwind\n|move|p1b: Pyroar|Entrainment|p1a: Garchomp\n|-endability|p1a: Garchomp|Rough Skin|[from] move: Entrainment\n|-ability|p1a: Garchomp|Moxie|[from] move: Entrainment\n|move|p1a: Garchomp|Earthquake|p2a: Whimsicott|[spread] p1b: Pyroar,p2a: Whimsicott\n|-activate|p2b: Deoxys|move: Protect\n|-supereffective|p1b: Pyroar\n|-resisted|p2a: Whimsicott\n|-damage|p1b: Pyroar|0 fnt\n|-damage|p2a: Whimsicott|65\/100\n|faint|p1b: Pyroar\n|-ability|p1a: Garchomp|Moxie|boost\n|-boost|p1a: Garchomp|atk|1\n|\n|upkeep\n|\n|switch|p1b: Talonflame|Talonflame, F|100\/100\n|turn|2\n|inactive|gomosenna has 120 seconds left.\n|\n|switch|p2b: Salamence|Salamence, M, shiny|100\/100\n|-ability|p2b: Salamence|Intimidate|boost\n|-unboost|p1a: Garchomp|atk|1\n|-unboost|p1b: Talonflame|atk|1\n|move|p2a: Whimsicott|Taunt|p1a: Garchomp\n|-start|p1a: Garchomp|move: Taunt\n|move|p1b: Talonflame|Tailwind|p1b: Talonflame\n|-sidestart|p1: Flashybee|move: Tailwind\n|move|p1a: Garchomp|Earthquake|p2b: Salamence|[spread] p2a: Whimsicott\n|-immune|p1b: Talonflame\n|-immune|p2b: Salamence\n|-resisted|p2a: Whimsicott\n|-damage|p2a: Whimsicott|27\/100\n|\n|upkeep\n|turn|3\n|\n|detailschange|p2b: Salamence|Salamence-Mega, M, shiny\n|-mega|p2b: Salamence|Salamence|Salamencite\n|move|p2a: Whimsicott|Encore|p1b: Talonflame\n|-start|p1b: Talonflame|Encore\n|move|p1b: Talonflame|Tailwind||[still]\n|-fail|p1b: Talonflame\n|move|p2b: Salamence|Hyper Voice|p1b: Talonflame|[spread] p1a: Garchomp,p1b: Talonflame\n|-damage|p1a: Garchomp|58\/100\n|-damage|p1b: Talonflame|37\/100\n|move|p1a: Garchomp|Earthquake|p2b: Salamence|[spread] p2a: Whimsicott\n|-immune|p1b: Talonflame\n|-immune|p2b: Salamence\n|-resisted|p2a: Whimsicott\n|-damage|p2a: Whimsicott|0 fnt\n|faint|p2a: Whimsicott\n|-ability|p1a: Garchomp|Moxie|boost\n|-boost|p1a: Garchomp|atk|1\n|\n|upkeep\n|\n|switch|p2a: Deoxys|Deoxys-Attack|100\/100\n|-ability|p2a: Deoxys|Pressure\n|turn|4\n|\n|switch|p1b: Tyranitar|Tyranitar, F|100\/100\n|-weather|Sandstorm|[from] ability: Sand Stream|[of] p1b: Tyranitar\n|move|p2a: Deoxys|Detect|p2a: Deoxys\n|-singleturn|p2a: Deoxys|Protect\n|move|p2b: Salamence|Hyper Voice|p1b: Tyranitar|[spread] p1a: Garchomp,p1b: Tyranitar\n|-resisted|p1b: Tyranitar\n|-damage|p1a: Garchomp|12\/100\n|-damage|p1b: Tyranitar|86\/100\n|move|p1a: Garchomp|Earthquake|p2a: Deoxys|[spread] p1b: Tyranitar\n|-activate|p2a: Deoxys|move: Protect\n|-immune|p2b: Salamence\n|-supereffective|p1b: Tyranitar\n|-damage|p1b: Tyranitar|0 fnt\n|faint|p1b: Tyranitar\n|-ability|p1a: Garchomp|Moxie|boost\n|-boost|p1a: Garchomp|atk|1\n|\n|-weather|Sandstorm|[upkeep]\n|-damage|p2a: Deoxys|94\/100|[from] Sandstorm\n|-damage|p2b: Salamence|94\/100|[from] Sandstorm\n|-end|p1a: Garchomp|move: Taunt\n|-sideend|p2: gomosenna|move: Tailwind\n|upkeep\n|\n|switch|p1b: Sableye|Sableye, M|100\/100\n|turn|5\n|\n|switch|p2a: Incineroar|Incineroar, M|100\/100\n|-ability|p2a: Incineroar|Intimidate|boost\n|-unboost|p1a: Garchomp|atk|1\n|-unboost|p1b: Sableye|atk|1\n|move|p1b: Sableye|Gravity|p1b: Sableye\n|-fieldstart|move: Gravity\n|move|p1a: Garchomp|Earthquake|p2a: Incineroar|[spread] p1b: Sableye,p2a: Incineroar,p2b: Salamence\n|-supereffective|p2a: Incineroar\n|-damage|p1b: Sableye|0 fnt\n|-damage|p2a: Incineroar|0 fnt\n|-damage|p2b: Salamence|13\/100\n|faint|p1b: Sableye\n|-ability|p1a: Garchomp|Moxie|boost\n|-boost|p1a: Garchomp|atk|1\n|faint|p2a: Incineroar\n|-ability|p1a: Garchomp|Moxie|boost\n|-boost|p1a: Garchomp|atk|1\n|move|p2b: Salamence|Hyper Voice|p1a: Garchomp\n|-damage|p1a: Garchomp|0 fnt\n|faint|p1a: Garchomp\n|\n|-weather|Sandstorm|[upkeep]\n|-damage|p2b: Salamence|7\/100|[from] Sandstorm\n|-sideend|p1: Flashybee|move: Tailwind\n|upkeep\n|-message|Flashybee forfeited.\n|\n|win|gomosenna\n|l|\u2606Flashybee\n","uploadtime":1555961387,"views":2,"p1id":"flashybee","p2id":"gomosenna","formatid":"gen7doublesou","rating":0,"private":0,"password":null}