{"id":"gen7ou-983020115","p1":"madness10","p2":"vendetta14253","format":"gen7ou","log":"|j|\u2606madness10\n|j|\u2606vendetta14253\n|player|p1|madness10|266|1318\n|player|p2|vendetta14253|170|1272\n|teamsize|p1|6\n|teamsize|p2|6\n|gametype|singles\n|gen|7\n|tier|[Gen 7] OU\n|rated|\n|rule|Sleep Clause Mod: Limit one foe put to sleep\n|rule|Species Clause: Limit one of each Pok\u00e9mon\n|rule|OHKO Clause: OHKO moves are banned\n|rule|Moody Clause: Moody is banned\n|rule|Evasion Moves Clause: Evasion moves are banned\n|rule|Endless Battle Clause: Forcing endless battles is banned\n|rule|HP Percentage Mod: HP is shown in percentages\n|clearpoke\n|poke|p1|Skarmory, F|item\n|poke|p1|Clefable, M|item\n|poke|p1|Chansey, F|item\n|poke|p1|Toxapex, F|item\n|poke|p1|Sableye, F|item\n|poke|p1|Quagsire, F|item\n|poke|p2|Kyurem-Black|item\n|poke|p2|Tapu Fini|item\n|poke|p2|Magearna|item\n|poke|p2|Medicham, M|item\n|poke|p2|Zapdos|item\n|poke|p2|Landorus-Therian, M|item\n|teampreview\n|inactive|Battle timer is ON: inactive players will automatically lose when time's up. (requested by madness10)\n|\n|start\n|switch|p1a: Sableye|Sableye, F, shiny|100\/100\n|switch|p2a: Magearna|Magearna|100\/100\n|turn|1\n|\n|switch|p1a: Chansey|Chansey, F, shiny|100\/100\n|move|p2a: Magearna|Iron Head|p1a: Chansey\n|-damage|p1a: Chansey|85\/100\n|\n|upkeep\n|turn|2\n|\n|move|p2a: Magearna|Volt Switch|p1a: Chansey\n|-damage|p1a: Chansey|78\/100\n|\n|switch|p2a: Medicham|Medicham, M|100\/100|[from]move: Volt Switch\n|move|p1a: Chansey|Stealth Rock|p2a: Medicham\n|-sidestart|p2: vendetta14253|move: Stealth Rock\n|\n|upkeep\n|turn|3\n|\n|switch|p1a: Toxapex|Toxapex, F, shiny|100\/100\n|detailschange|p2a: Medicham|Medicham-Mega, M\n|-mega|p2a: Medicham|Medicham|Medichamite\n|move|p2a: Medicham|Zen Headbutt|p1a: Toxapex\n|-supereffective|p1a: Toxapex\n|-damage|p1a: Toxapex|0 fnt\n|faint|p1a: Toxapex\n|\n|upkeep\n|\n|switch|p1a: Sableye|Sableye, F, shiny|100\/100\n|turn|4\n|inactive|madness10 has 120 seconds left.\n|\n|switch|p2a: Tapu Fini|Tapu Fini|100\/100\n|-damage|p2a: Tapu Fini|88\/100|[from] Stealth Rock\n|-fieldstart|move: Misty Terrain|[from] ability: Misty Surge|[of] p2a: Tapu Fini\n|detailschange|p1a: Sableye|Sableye-Mega, F, shiny\n|-mega|p1a: Sableye|Sableye|Sablenite\n|move|p1a: Sableye|Knock Off|p2a: Tapu Fini\n|-resisted|p2a: Tapu Fini\n|-damage|p2a: Tapu Fini|76\/100\n|-enditem|p2a: Tapu Fini|Leftovers|[from] move: Knock Off|[of] p1a: Sableye\n|\n|upkeep\n|turn|5\n|inactive|madness10 has 120 seconds left.\n|\n|switch|p1a: Clefable|Clefable, M, shiny|100\/100\n|move|p2a: Tapu Fini|Defog|p1a: Clefable\n|-unboost|p1a: Clefable|evasion|1\n|-sideend|p2: vendetta14253|Stealth Rock|[from] move: Defog|[of] p2a: Tapu Fini\n|\n|upkeep\n|turn|6\n|inactive|madness10 has 120 seconds left.\n|\n|switch|p2a: Magearna|Magearna|100\/100\n|move|p1a: Clefable|Cosmic Power|p1a: Clefable\n|-boost|p1a: Clefable|def|1\n|-boost|p1a: Clefable|spd|1\n|\n|upkeep\n|turn|7\n|inactive|madness10 has 120 seconds left.\n|\n|switch|p1a: Sableye|Sableye-Mega, F, shiny|100\/100\n|move|p2a: Magearna|Iron Head|p1a: Sableye\n|-crit|p1a: Sableye\n|-damage|p1a: Sableye|68\/100\n|\n|upkeep\n|turn|8\n|\n|move|p2a: Magearna|Fleur Cannon|p1a: Sableye\n|-supereffective|p1a: Sableye\n|-damage|p1a: Sableye|0 fnt\n|-unboost|p2a: Magearna|spa|2\n|faint|p1a: Sableye\n|-ability|p2a: Magearna|Soul-Heart|boost\n|-boost|p2a: Magearna|spa|1\n|\n|-fieldend|Misty Terrain\n|upkeep\n|-message|madness10 forfeited.\n|\n|win|vendetta14253\n|l|\u2606madness10\n|raw|madness10's rating: 1318 &rarr; <strong>1295<\/strong><br \/>(-23 for losing)\n|raw|vendetta14253's rating: 1272 &rarr; <strong>1300<\/strong><br \/>(+28 for winning)\n","uploadtime":1569590589,"views":10,"p1id":"madness10","p2id":"vendetta14253","formatid":"gen7ou","rating":1295,"private":0,"password":null}