{"id":"gen7randombattle-1006373489","p1":"comp233","p2":"bjork","format":"gen7randombattle","log":"|j|\u2606comp233\n|j|\u2606bjork\n|player|p1|comp233|115|2226\n|player|p2|bjork|170|2219\n|teamsize|p1|6\n|teamsize|p2|6\n|gametype|singles\n|gen|7\n|tier|[Gen 7] Random Battle\n|rated|\n|rule|Sleep Clause Mod: Limit one foe put to sleep\n|rule|HP Percentage Mod: HP is shown in percentages\n|\n|start\n|switch|p1a: Mew|Mew, L82|298\/298\n|switch|p2a: Toxicroak|Toxicroak, L84, F|277\/277\n|turn|1\n|\n|switch|p2a: Cradily|Cradily, L89, M|298\/298\n|move|p1a: Mew|Nasty Plot|p1a: Mew\n|-boost|p1a: Mew|spa|2\n|\n|upkeep\n|turn|2\n|\n|move|p1a: Mew|Psyshock|p2a: Cradily\n|-damage|p2a: Cradily|148\/298\n|move|p2a: Cradily|Curse|p2a: Cradily\n|-unboost|p2a: Cradily|spe|1\n|-boost|p2a: Cradily|atk|1\n|-boost|p2a: Cradily|def|1\n|\n|-heal|p2a: Cradily|166\/298|[from] item: Leftovers\n|upkeep\n|turn|3\n|\n|move|p1a: Mew|Earth Power|p2a: Cradily\n|-damage|p2a: Cradily|69\/298\n|move|p2a: Cradily|Seed Bomb|p1a: Mew\n|-crit|p1a: Mew\n|-damage|p1a: Mew|117\/298\n|\n|-heal|p1a: Mew|135\/298|[from] item: Leftovers\n|-heal|p2a: Cradily|87\/298|[from] item: Leftovers\n|upkeep\n|turn|4\n|\n|move|p1a: Mew|Psyshock|p2a: Cradily\n|-damage|p2a: Cradily|0 fnt\n|faint|p2a: Cradily\n|\n|-heal|p1a: Mew|153\/298|[from] item: Leftovers\n|upkeep\n|\n|switch|p2a: Buzzwole|Buzzwole, L81|306\/306\n|turn|5\n|\n|switch|p1a: Ho-Oh|Ho-Oh, L78|293\/293\n|move|p2a: Buzzwole|Poison Jab|p1a: Ho-Oh\n|-damage|p1a: Ho-Oh|214\/293\n|\n|-heal|p1a: Ho-Oh|232\/293|[from] item: Leftovers\n|upkeep\n|turn|6\n|\n|switch|p2a: Garchomp|Garchomp, L80, F|304\/304\n|move|p1a: Ho-Oh|Brave Bird|p2a: Garchomp\n|-damage|p2a: Garchomp|153\/304\n|-damage|p1a: Ho-Oh|196\/293|[from] ability: Rough Skin|[of] p2a: Garchomp\n|-damage|p1a: Ho-Oh|146\/293|[from] Recoil\n|\n|-heal|p1a: Ho-Oh|164\/293|[from] item: Leftovers\n|upkeep\n|turn|7\n|\n|switch|p1a: Mudsdale|Mudsdale, L88, F|319\/319\n|detailschange|p2a: Garchomp|Garchomp-Mega, L80, F\n|-mega|p2a: Garchomp|Garchomp|Garchompite\n|move|p2a: Garchomp|Swords Dance|p2a: Garchomp\n|-boost|p2a: Garchomp|atk|2\n|\n|upkeep\n|turn|8\n|\n|move|p2a: Garchomp|Earthquake|p1a: Mudsdale\n|-damage|p1a: Mudsdale|36\/319\n|-ability|p1a: Mudsdale|Stamina|boost\n|-boost|p1a: Mudsdale|def|1\n|move|p1a: Mudsdale|Stealth Rock|p2a: Garchomp\n|-sidestart|p2: bjork|move: Stealth Rock\n|\n|-heal|p1a: Mudsdale|55\/319|[from] item: Leftovers\n|upkeep\n|turn|9\n|\n|move|p2a: Garchomp|Earthquake|p1a: Mudsdale\n|-damage|p1a: Mudsdale|0 fnt\n|faint|p1a: Mudsdale\n|\n|upkeep\n|\n|switch|p1a: Glalie|Glalie, L86, M|278\/278\n|turn|10\n|\n|switch|p2a: Passimian|Passimian, L86, F|312\/312\n|-damage|p2a: Passimian|293\/312|[from] Stealth Rock\n|detailschange|p1a: Glalie|Glalie-Mega, L86, M\n|-mega|p1a: Glalie|Glalie|Glalitite\n|move|p1a: Glalie|Return|p2a: Passimian\n|-damage|p2a: Passimian|130\/312\n|\n|upkeep\n|turn|11\n|\n|switch|p1a: Ho-Oh|Ho-Oh, L78|261\/293\n|move|p2a: Passimian|U-turn|p1a: Ho-Oh\n|-resisted|p1a: Ho-Oh\n|-damage|p1a: Ho-Oh|246\/293\n|\n|switch|p2a: Garchomp|Garchomp-Mega, L80, F|153\/304\n|-damage|p2a: Garchomp|134\/304|[from] Stealth Rock\n|\n|-heal|p1a: Ho-Oh|264\/293|[from] item: Leftovers\n|upkeep\n|turn|12\n|\n|switch|p1a: Malamar|Malamar, L86, M|288\/288\n|move|p2a: Garchomp|Earthquake|p1a: Malamar\n|-damage|p1a: Malamar|140\/288\n|\n|-heal|p1a: Malamar|158\/288|[from] item: Leftovers\n|upkeep\n|turn|13\n|\n|move|p2a: Garchomp|Earthquake|p1a: Malamar\n|-damage|p1a: Malamar|16\/288\n|move|p1a: Malamar|Superpower|p2a: Garchomp\n|-damage|p2a: Garchomp|61\/304\n|-boost|p1a: Malamar|atk|1\n|-boost|p1a: Malamar|def|1\n|\n|-heal|p1a: Malamar|34\/288|[from] item: Leftovers\n|upkeep\n|turn|14\n|\n|move|p2a: Garchomp|Earthquake|p1a: Malamar\n|-damage|p1a: Malamar|0 fnt\n|faint|p1a: Malamar\n|\n|upkeep\n|\n|switch|p1a: Mew|Mew, L82|153\/298\n|turn|15\n|\n|switch|p2a: Skuntank|Skuntank, L88, F|325\/325\n|-damage|p2a: Skuntank|285\/325|[from] Stealth Rock\n|move|p1a: Mew|Psyshock|p2a: Skuntank\n|-immune|p2a: Skuntank\n|\n|-heal|p1a: Mew|171\/298|[from] item: Leftovers\n|-heal|p2a: Skuntank|305\/325|[from] item: Black Sludge\n|upkeep\n|turn|16\n|\n|switch|p2a: Garchomp|Garchomp-Mega, L80, F|61\/304\n|-damage|p2a: Garchomp|42\/304|[from] Stealth Rock\n|move|p1a: Mew|Earth Power|p2a: Garchomp\n|-damage|p2a: Garchomp|0 fnt\n|faint|p2a: Garchomp\n|\n|-heal|p1a: Mew|189\/298|[from] item: Leftovers\n|upkeep\n|\n|switch|p2a: Skuntank|Skuntank, L88, F|305\/325\n|-damage|p2a: Skuntank|265\/325|[from] Stealth Rock\n|turn|17\n|\n|move|p1a: Mew|Earth Power|p2a: Skuntank\n|-supereffective|p2a: Skuntank\n|-damage|p2a: Skuntank|103\/325\n|move|p2a: Skuntank|Crunch|p1a: Mew\n|-supereffective|p1a: Mew\n|-damage|p1a: Mew|19\/298\n|\n|-heal|p1a: Mew|37\/298|[from] item: Leftovers\n|-heal|p2a: Skuntank|123\/325|[from] item: Black Sludge\n|upkeep\n|turn|18\n|\n|switch|p1a: Machamp|Machamp, L84, F|288\/288\n|move|p2a: Skuntank|Crunch|p1a: Machamp\n|-resisted|p1a: Machamp\n|-damage|p1a: Machamp|239\/288\n|\n|-heal|p2a: Skuntank|143\/325|[from] item: Black Sludge\n|upkeep\n|turn|19\n|\n|move|p2a: Skuntank|Fire Blast|p1a: Machamp\n|-damage|p1a: Machamp|171\/288\n|move|p1a: Machamp|Dynamic Punch|p2a: Skuntank\n|-damage|p2a: Skuntank|0 fnt\n|-damage|p1a: Machamp|99\/288|[from] ability: Aftermath|[of] p2a: Skuntank\n|faint|p2a: Skuntank\n|\n|upkeep\n|\n|switch|p2a: Toxicroak|Toxicroak, L84, F|277\/277\n|-damage|p2a: Toxicroak|260\/277|[from] Stealth Rock\n|turn|20\n|\n|move|p2a: Toxicroak|Substitute|p2a: Toxicroak\n|-start|p2a: Toxicroak|Substitute\n|-damage|p2a: Toxicroak|191\/277\n|move|p1a: Machamp|Dynamic Punch|p2a: Toxicroak\n|-resisted|p2a: Toxicroak\n|-end|p2a: Toxicroak|Substitute\n|\n|-heal|p2a: Toxicroak|208\/277|[from] item: Black Sludge\n|upkeep\n|turn|21\n|\n|move|p2a: Toxicroak|Drain Punch|p1a: Machamp\n|-damage|p1a: Machamp|6\/288\n|-heal|p2a: Toxicroak|255\/277|[from] drain|[of] p1a: Machamp\n|move|p1a: Machamp|Dynamic Punch|p2a: Toxicroak\n|-resisted|p2a: Toxicroak\n|-damage|p2a: Toxicroak|120\/277\n|-start|p2a: Toxicroak|confusion\n|\n|-heal|p2a: Toxicroak|137\/277|[from] item: Black Sludge\n|upkeep\n|turn|22\n|\n|-activate|p2a: Toxicroak|confusion\n|move|p2a: Toxicroak|Substitute|p2a: Toxicroak\n|-start|p2a: Toxicroak|Substitute\n|-damage|p2a: Toxicroak|68\/277\n|move|p1a: Machamp|Dynamic Punch|p2a: Toxicroak\n|-resisted|p2a: Toxicroak\n|-end|p2a: Toxicroak|Substitute\n|\n|-heal|p2a: Toxicroak|85\/277|[from] item: Black Sludge\n|upkeep\n|turn|23\n|\n|-activate|p2a: Toxicroak|confusion\n|move|p2a: Toxicroak|Substitute|p2a: Toxicroak\n|-start|p2a: Toxicroak|Substitute\n|-damage|p2a: Toxicroak|16\/277\n|move|p1a: Machamp|Dynamic Punch|p2a: Toxicroak\n|-resisted|p2a: Toxicroak\n|-end|p2a: Toxicroak|Substitute\n|\n|-heal|p2a: Toxicroak|33\/277|[from] item: Black Sludge\n|upkeep\n|turn|24\n|\n|-activate|p2a: Toxicroak|confusion\n|move|p2a: Toxicroak|Substitute|p2a: Toxicroak\n|-fail|p2a: Toxicroak|move: Substitute|[weak]\n|move|p1a: Machamp|Dynamic Punch|p2a: Toxicroak\n|-resisted|p2a: Toxicroak\n|-damage|p2a: Toxicroak|0 fnt\n|faint|p2a: Toxicroak\n|\n|upkeep\n|\n|switch|p2a: Buzzwole|Buzzwole, L81|306\/306\n|-damage|p2a: Buzzwole|268\/306|[from] Stealth Rock\n|turn|25\n|c|\u2606comp233|\uff1f\n|\n|move|p2a: Buzzwole|Stone Edge|p1a: Machamp\n|-resisted|p1a: Machamp\n|-damage|p1a: Machamp|0 fnt\n|faint|p1a: Machamp\n|-ability|p2a: Buzzwole|Beast Boost|boost\n|-boost|p2a: Buzzwole|atk|1\n|\n|upkeep\n|inactive|Battle timer is ON: inactive players will automatically lose when time's up. (requested by bjork)\n|\n|switch|p1a: Glalie|Glalie-Mega, L86, M|278\/278\n|turn|26\n|\n|move|p2a: Buzzwole|Stone Edge|p1a: Glalie\n|-supereffective|p1a: Glalie\n|-damage|p1a: Glalie|6\/278\n|move|p1a: Glalie|Freeze-Dry|p2a: Buzzwole\n|-damage|p2a: Buzzwole|120\/306\n|\n|upkeep\n|turn|27\n|\n|move|p1a: Glalie|Ice Shard|p2a: Buzzwole\n|-damage|p2a: Buzzwole|83\/306\n|move|p2a: Buzzwole|Stone Edge|p1a: Glalie|[miss]\n|-miss|p2a: Buzzwole|p1a: Glalie\n|\n|upkeep\n|turn|28\n|\n|move|p2a: Buzzwole|Stone Edge|p1a: Glalie\n|-supereffective|p1a: Glalie\n|-damage|p1a: Glalie|0 fnt\n|faint|p1a: Glalie\n|-ability|p2a: Buzzwole|Beast Boost|boost\n|-boost|p2a: Buzzwole|atk|1\n|\n|upkeep\n|c|\u2606bjork|cmon swole boi\n|\n|switch|p1a: Mew|Mew, L82|37\/298\n|turn|29\n|\n|move|p2a: Buzzwole|Stone Edge|p1a: Mew\n|-crit|p1a: Mew\n|-damage|p1a: Mew|0 fnt\n|faint|p1a: Mew\n|-ability|p2a: Buzzwole|Beast Boost|boost\n|-boost|p2a: Buzzwole|atk|1\n|\n|upkeep\n|\n|switch|p1a: Ho-Oh|Ho-Oh, L78|293\/293\n|turn|30\n|\n|move|p2a: Buzzwole|Stone Edge|p1a: Ho-Oh\n|-supereffective|p1a: Ho-Oh\n|-damage|p1a: Ho-Oh|0 fnt\n|faint|p1a: Ho-Oh\n|\n|win|bjork\n|l|\u2606comp233\n|c|\u2606bjork|achieve\n|raw|comp233's rating: 2200 &rarr; <strong>2180<\/strong><br \/>(-20 for losing)\n|raw|bjork's rating: 2193 &rarr; <strong>2213<\/strong><br \/>(+20 for winning)\n","inputlog":">version bac81b59db4dcbcbf4da78920c0f994863891aa2\n>start {\"formatid\":\"gen7randombattle\",\"seed\":[9663,62449,17166,21656],\"rated\":\"Rated battle\"}\n>player p1 {\"name\":\"comp233\",\"avatar\":\"115\",\"team\":\"\",\"rating\":2226,\"seed\":[34119,62213,33626,33684]}\n>player p2 {\"name\":\"bjork\",\"avatar\":\"170\",\"team\":\"\",\"rating\":2219,\"seed\":[37434,17105,32275,48190]}\n>p1 move nastyplot\n>p2 switch 5\n>p1 move psyshock\n>p2 move curse\n>p1 move earthpower\n>p2 move seedbomb\n>p1 move psyshock\n>p2 move seedbomb\n>p2 switch 6\n>p1 switch 4\n>p2 move poisonjab\n>p1 move bravebird\n>p2 switch 2\n>p1 switch 2\n>p2 move swordsdance mega\n>p1 move stealthrock\n>p2 move earthquake\n>p1 move earthquake\n>p2 move earthquake\n>p1 switch 6\n>p1 move return mega\n>p2 switch 4\n>p1 switch 2\n>p2 move uturn\n>p2 switch 4\n>p1 switch 5\n>p2 move earthquake\n>p1 move superpower\n>p2 move earthquake\n>p1 move superpower\n>p2 move earthquake\n>p1 switch 4\n>p1 move psyshock\n>p2 switch 3\n>p1 move earthpower\n>p2 switch 3\n>p2 switch 3\n>p1 move earthpower\n>p2 move crunch\n>p1 switch 3\n>p2 move crunch\n>p1 move dynamicpunch\n>p2 move fireblast\n>p2 switch 5\n>p1 move dynamicpunch\n>p2 move substitute\n>p1 move dynamicpunch\n>p2 move drainpunch\n>p1 move dynamicpunch\n>p2 move substitute\n>p1 move dynamicpunch\n>p2 move substitute\n>p1 move dynamicpunch\n>p2 move substitute\n>p2 switch 2\n>p1 move dynamicpunch\n>p2 move stoneedge\n>p1 switch 2\n>p1 move freezedry\n>p2 move stoneedge\n>p1 move iceshard\n>p2 move stoneedge\n>p1 move return\n>p2 move stoneedge\n>p1 switch 3\n>p1 move psyshock\n>p2 move stoneedge\n>p1 switch 5\n>p1 move bravebird\n>p2 move stoneedge","uploadtime":1573254981,"views":6,"p1id":"comp233","p2id":"bjork","formatid":"gen7randombattle","rating":2180,"private":0,"password":null}