{"id":"gen7monotype-975012846","p1":"PGhost","p2":"lord cube","format":"gen7monotype","log":"|j|\u2606PGhost\n|j|\u2606lord cube\n|player|p1|PGhost|281|1228\n|player|p2|lord cube|92|1318\n|teamsize|p1|6\n|teamsize|p2|6\n|gametype|singles\n|gen|7\n|tier|[Gen 7] Monotype\n|rated|\n|rule|Sleep Clause Mod: Limit one foe put to sleep\n|rule|Species Clause: Limit one of each Pok\u00e9mon\n|rule|OHKO Clause: OHKO moves are banned\n|rule|Moody Clause: Moody is banned\n|rule|Evasion Moves Clause: Evasion moves are banned\n|rule|Endless Battle Clause: Forcing endless battles is banned\n|rule|HP Percentage Mod: HP is shown in percentages\n|rule|Swagger Clause: Swagger is banned\n|rule|Same Type Clause: Pok\u00e9mon in a team must share a type\n|clearpoke\n|poke|p1|Marowak-Alola, M|item\n|poke|p1|Mimikyu, M|item\n|poke|p1|Golurk|item\n|poke|p1|Jellicent, M|item\n|poke|p1|Doublade, F|item\n|poke|p1|Banette, F|item\n|poke|p2|Landorus, M|item\n|poke|p2|Thundurus, M|item\n|poke|p2|Tornadus, M|\n|poke|p2|Togekiss, M|item\n|poke|p2|Gyarados, M|item\n|poke|p2|Skarmory, M|\n|teampreview\n|inactive|Battle timer is ON: inactive players will automatically lose when time's up. (requested by lord cube)\n|c|\u2606PGhost|woaahh\n|c|\u2606PGhost|three genies\n|c|\u2606PGhost|nice\n|c|\u2606PGhost|glh\n|c|\u2606PGhost|f\n|\n|start\n|switch|p1a: Banette|Banette, F|100\/100\n|switch|p2a: Togekiss|Togekiss, M|100\/100\n|-item|p2a: Togekiss|Leftovers|[from] ability: Frisk|[of] p1a: Banette|[identify]\n|turn|1\n|\n|detailschange|p1a: Banette|Banette-Mega, F\n|-mega|p1a: Banette|Banette|Banettite\n|move|p2a: Togekiss|Air Slash|p1a: Banette\n|-damage|p1a: Banette|74\/100\n|move|p1a: Banette|Trick Room|p1a: Banette\n|-fieldstart|move: Trick Room|[of] p1a: Banette\n|\n|upkeep\n|turn|2\n|\n|switch|p1a: Golurk|Golurk, shiny|100\/100\n|move|p2a: Togekiss|Thunder Wave|p1a: Golurk\n|-immune|p1a: Golurk\n|\n|upkeep\n|turn|3\n|\n|switch|p2a: Skarmory|Skarmory, M|100\/100\n|move|p1a: Golurk|Stone Edge|p2a: Skarmory\n|-crit|p2a: Skarmory\n|-damage|p2a: Skarmory|59\/100\n|-damage|p1a: Golurk|91\/100|[from] item: Life Orb\n|\n|upkeep\n|turn|4\n|\n|switch|p1a: Marowak|Marowak-Alola, M, shiny|100\/100\n|move|p2a: Skarmory|Roost|p2a: Skarmory\n|-heal|p2a: Skarmory|100\/100\n|-singleturn|p2a: Skarmory|move: Roost\n|\n|upkeep\n|turn|5\n|\n|switch|p2a: Gyarados|Gyarados, M|100\/100\n|move|p1a: Marowak|Flare Blitz|p2a: Gyarados\n|-resisted|p2a: Gyarados\n|-damage|p2a: Gyarados|34\/100\n|\n|-fieldend|move: Trick Room\n|upkeep\n|turn|6\n|\n|switch|p1a: Jellicent|Jellicent, M|100\/100\n|-zpower|p2a: Gyarados\n|move|p2a: Gyarados|Supersonic Skystrike|p1a: Jellicent|[zeffect]\n|-damage|p1a: Jellicent|29\/100\n|\n|upkeep\n|turn|7\n|\n|move|p2a: Gyarados|Earthquake|p1a: Jellicent\n|-damage|p1a: Jellicent|0 fnt\n|faint|p1a: Jellicent\n|-ability|p2a: Gyarados|Moxie|boost\n|-boost|p2a: Gyarados|atk|1\n|\n|upkeep\n|\n|switch|p1a: Mimikyu|Mimikyu, M, shiny|100\/100\n|turn|8\n|\n|move|p2a: Gyarados|Waterfall|p1a: Mimikyu\n|-activate|p1a: Mimikyu|ability: Disguise\n|-damage|p1a: Mimikyu|100\/100\n|detailschange|p1a: Mimikyu|Mimikyu-Busted, M, shiny\n|move|p1a: Mimikyu|Trick Room|p1a: Mimikyu\n|-fieldstart|move: Trick Room|[of] p1a: Mimikyu\n|\n|upkeep\n|turn|9\n|\n|move|p1a: Mimikyu|Shadow Claw|p2a: Gyarados\n|-damage|p2a: Gyarados|0 fnt\n|faint|p2a: Gyarados\n|\n|upkeep\n|\n|switch|p2a: Togekiss|Togekiss, M|100\/100\n|turn|10\n|inactive|PGhost has 120 seconds left.\n|\n|switch|p1a: Golurk|Golurk, shiny|91\/100\n|move|p2a: Togekiss|Air Slash|p1a: Golurk\n|-damage|p1a: Golurk|56\/100\n|\n|upkeep\n|turn|11\n|\n|switch|p1a: Marowak|Marowak-Alola, M, shiny|100\/100\n|switch|p2a: Skarmory|Skarmory, M|100\/100\n|\n|upkeep\n|turn|12\n|\n|switch|p2a: Togekiss|Togekiss, M|100\/100\n|move|p1a: Marowak|Flare Blitz|p2a: Togekiss\n|-damage|p2a: Togekiss|14\/100\n|\n|-heal|p2a: Togekiss|20\/100|[from] item: Leftovers\n|-fieldend|move: Trick Room\n|upkeep\n|turn|13\n|inactive|PGhost has 120 seconds left.\n|\n|switch|p1a: Banette|Banette-Mega, F|74\/100\n|move|p2a: Togekiss|Thunder Wave|p1a: Banette\n|-status|p1a: Banette|par\n|\n|-heal|p2a: Togekiss|26\/100|[from] item: Leftovers\n|upkeep\n|turn|14\n|\n|move|p2a: Togekiss|Air Slash|p1a: Banette\n|-damage|p1a: Banette|47\/100 par\n|move|p1a: Banette|Trick Room|p1a: Banette\n|-fieldstart|move: Trick Room|[of] p1a: Banette\n|\n|-heal|p2a: Togekiss|32\/100|[from] item: Leftovers\n|upkeep\n|turn|15\n|\n|switch|p1a: Marowak|Marowak-Alola, M, shiny|100\/100\n|move|p2a: Togekiss|Air Slash|p1a: Marowak\n|-crit|p1a: Marowak\n|-damage|p1a: Marowak|42\/100\n|\n|-heal|p2a: Togekiss|38\/100|[from] item: Leftovers\n|upkeep\n|turn|16\n|\n|move|p1a: Marowak|Flare Blitz|p2a: Togekiss\n|-damage|p2a: Togekiss|0 fnt\n|faint|p2a: Togekiss\n|\n|upkeep\n|inactive|lord cube has 120 seconds left.\n|\n|switch|p2a: Skarmory|Skarmory, M|100\/100\n|turn|17\n|\n|move|p1a: Marowak|Flare Blitz|p2a: Skarmory\n|-supereffective|p2a: Skarmory\n|-damage|p2a: Skarmory|0 fnt\n|faint|p2a: Skarmory\n|\n|upkeep\n|\n|switch|p2a: Tornadus|Tornadus, M|100\/100\n|turn|18\n|\n|move|p2a: Tornadus|Bulk Up|p2a: Tornadus\n|-boost|p2a: Tornadus|atk|1\n|-boost|p2a: Tornadus|def|1\n|move|p1a: Marowak|Flare Blitz|p2a: Tornadus\n|-damage|p2a: Tornadus|0 fnt\n|faint|p2a: Tornadus\n|\n|-fieldend|move: Trick Room\n|upkeep\n|inactive|lord cube has 120 seconds left.\n|\n|switch|p2a: Thundurus|Thundurus, M|100\/100\n|turn|19\n|inactive|lord cube has 120 seconds left.\n|\n|move|p2a: Thundurus|Thunderbolt|p1a: Marowak\n|-damage|p1a: Marowak|0 fnt\n|faint|p1a: Marowak\n|\n|upkeep\n|\n|switch|p1a: Banette|Banette-Mega, F|47\/100 par\n|turn|20\n|\n|move|p2a: Thundurus|Nasty Plot|p2a: Thundurus\n|-boost|p2a: Thundurus|spa|2\n|cant|p1a: Banette|par\n|\n|upkeep\n|turn|21\n|\n|move|p1a: Banette|Destiny Bond|p1a: Banette\n|-singlemove|p1a: Banette|Destiny Bond\n|move|p2a: Thundurus|Thunderbolt|p1a: Banette\n|-damage|p1a: Banette|0 fnt\n|faint|p1a: Banette\n|-activate|p1a: Banette|move: Destiny Bond\n|faint|p2a: Thundurus\n|\n|upkeep\n|\n|switch|p2a: Landorus|Landorus, M|100\/100\n|switch|p1a: Mimikyu|Mimikyu-Busted, M, shiny|100\/100\n|turn|22\n|\n|move|p2a: Landorus|Earth Power|p1a: Mimikyu\n|-damage|p1a: Mimikyu|19\/100\n|move|p1a: Mimikyu|Trick Room|p1a: Mimikyu\n|-fieldstart|move: Trick Room|[of] p1a: Mimikyu\n|\n|upkeep\n|turn|23\n|\n|-zpower|p1a: Mimikyu\n|move|p1a: Mimikyu|Let's Snuggle Forever|p2a: Landorus|[zeffect]\n|-damage|p2a: Landorus|0 fnt\n|faint|p2a: Landorus\n|\n|win|PGhost\n|l|\u2606lord cube\n|raw|PGhost's rating: 1228 &rarr; <strong>1260<\/strong><br \/>(+32 for winning)\n|raw|lord cube's rating: 1318 &rarr; <strong>1293<\/strong><br \/>(-25 for losing)\n","uploadtime":1568319501,"views":12,"p1id":"pghost","p2id":"lordcube","formatid":"gen7monotype","rating":1260,"private":0,"password":null}