{"id":"gen7ou-775517090","p1":"H4WT \u272f","p2":"ViperSniper96","format":"gen7ou","log":"|j|\u2606H4WT \u272f\n|j|\u2606ViperSniper96\n|player|p1|H4WT \u272f|165\n|player|p2|ViperSniper96|266\n|teamsize|p1|6\n|teamsize|p2|6\n|gametype|singles\n|gen|7\n|tier|[Gen 7] OU\n|rated|\n|rule|Sleep Clause Mod: Limit one foe put to sleep\n|rule|Species Clause: Limit one of each Pok\u00e9mon\n|rule|OHKO Clause: OHKO moves are banned\n|rule|Moody Clause: Moody is banned\n|rule|Evasion Moves Clause: Evasion moves are banned\n|rule|Endless Battle Clause: Forcing endless battles is banned\n|rule|HP Percentage Mod: HP is shown in percentages\n|clearpoke\n|poke|p1|Alakazam, M|item\n|poke|p1|Heatran, M|item\n|poke|p1|Tangrowth, F|item\n|poke|p1|Celesteela|item\n|poke|p1|Toxapex, F|item\n|poke|p1|Tornadus-Therian, M|item\n|poke|p2|Lopunny, M|item\n|poke|p2|Blacephalon|item\n|poke|p2|Landorus-Therian, M|item\n|poke|p2|Magearna|item\n|poke|p2|Ferrothorn, F|item\n|poke|p2|Crawdaunt, F|item\n|teampreview\n|inactive|Battle timer is ON: inactive players will automatically lose when time's up. (requested by ViperSniper96)\n|inactive|H4WT \u272f has 135 seconds left.\n|\n|start\n|switch|p1a: Tornadus|Tornadus-Therian, M|100\/100\n|switch|p2a: Ferrothorn|Ferrothorn, F|100\/100\n|turn|1\n|\n|switch|p2a: Crawdaunt|Crawdaunt, F|100\/100\n|move|p1a: Tornadus|Heat Wave|p2a: Crawdaunt\n|-resisted|p2a: Crawdaunt\n|-damage|p2a: Crawdaunt|74\/100\n|\n|upkeep\n|turn|2\n|\n|move|p1a: Tornadus|U-turn|p2a: Crawdaunt\n|-supereffective|p2a: Crawdaunt\n|-damage|p2a: Crawdaunt|29\/100\n|\n|switch|p1a: Tangrowth|Tangrowth, F|100\/100\n|move|p2a: Crawdaunt|Knock Off|p1a: Tangrowth\n|-damage|p1a: Tangrowth|40\/100\n|-enditem|p1a: Tangrowth|Assault Vest|[from] move: Knock Off|[of] p2a: Crawdaunt\n|\n|upkeep\n|turn|3\n|\n|switch|p2a: Ferrothorn|Ferrothorn, F|100\/100\n|move|p1a: Tangrowth|Giga Drain|p2a: Ferrothorn\n|-resisted|p2a: Ferrothorn\n|-damage|p2a: Ferrothorn|96\/100\n|-heal|p1a: Tangrowth|42\/100|[from] drain|[of] p2a: Ferrothorn\n|\n|-heal|p2a: Ferrothorn|100\/100|[from] item: Leftovers\n|upkeep\n|turn|4\n|\n|switch|p1a: Tornadus|Tornadus-Therian, M|100\/100\n|move|p2a: Ferrothorn|Stealth Rock|p1a: Tornadus\n|-sidestart|p1: H4WT \u272f|move: Stealth Rock\n|\n|upkeep\n|turn|5\n|\n|move|p1a: Tornadus|Defog|p2a: Ferrothorn\n|-unboost|p2a: Ferrothorn|evasion|1\n|-sideend|p1: H4WT \u272f|Stealth Rock|[from] move: Defog|[of] p1a: Tornadus\n|move|p2a: Ferrothorn|Leech Seed|p1a: Tornadus\n|-start|p1a: Tornadus|move: Leech Seed\n|\n|-damage|p1a: Tornadus|88\/100|[from] Leech Seed|[of] p2a: Ferrothorn\n|upkeep\n|turn|6\n|\n|move|p1a: Tornadus|Heat Wave|p2a: Ferrothorn\n|-supereffective|p2a: Ferrothorn\n|-damage|p2a: Ferrothorn|29\/100\n|move|p2a: Ferrothorn|Stealth Rock|p1a: Tornadus\n|-sidestart|p1: H4WT \u272f|move: Stealth Rock\n|\n|-heal|p2a: Ferrothorn|35\/100|[from] item: Leftovers\n|-damage|p1a: Tornadus|76\/100|[from] Leech Seed|[of] p2a: Ferrothorn\n|-heal|p2a: Ferrothorn|47\/100|[silent]\n|upkeep\n|turn|7\n|\n|move|p1a: Tornadus|Defog|p2a: Ferrothorn\n|-unboost|p2a: Ferrothorn|evasion|1\n|-sideend|p1: H4WT \u272f|Stealth Rock|[from] move: Defog|[of] p1a: Tornadus\n|move|p2a: Ferrothorn|Gyro Ball|p1a: Tornadus\n|-damage|p1a: Tornadus|19\/100\n|-damage|p2a: Ferrothorn|30\/100|[from] item: Rocky Helmet|[of] p1a: Tornadus\n|\n|-heal|p2a: Ferrothorn|36\/100|[from] item: Leftovers\n|-damage|p1a: Tornadus|7\/100|[from] Leech Seed|[of] p2a: Ferrothorn\n|-heal|p2a: Ferrothorn|49\/100|[silent]\n|upkeep\n|turn|8\n|\n|switch|p1a: Heatran|Heatran, M|100\/100\n|move|p2a: Ferrothorn|Stealth Rock|p1a: Heatran\n|-sidestart|p1: H4WT \u272f|move: Stealth Rock\n|\n|-heal|p2a: Ferrothorn|55\/100|[from] item: Leftovers\n|upkeep\n|turn|9\n|\n|switch|p2a: Crawdaunt|Crawdaunt, F|29\/100\n|move|p1a: Heatran|Stealth Rock|p2a: Crawdaunt\n|-sidestart|p2: ViperSniper96|move: Stealth Rock\n|\n|upkeep\n|turn|10\n|\n|move|p2a: Crawdaunt|Aqua Jet|p1a: Heatran\n|-supereffective|p1a: Heatran\n|-damage|p1a: Heatran|6\/100\n|move|p1a: Heatran|Earth Power|p2a: Crawdaunt\n|-damage|p2a: Crawdaunt|0 fnt\n|faint|p2a: Crawdaunt\n|\n|upkeep\n|\n|switch|p2a: Lopunny|Lopunny, M|100\/100\n|-damage|p2a: Lopunny|88\/100|[from] Stealth Rock\n|turn|11\n|\n|detailschange|p2a: Lopunny|Lopunny-Mega, M\n|-mega|p2a: Lopunny|Lopunny|Lopunnite\n|move|p2a: Lopunny|Frustration|p1a: Heatran\n|-resisted|p1a: Heatran\n|-damage|p1a: Heatran|0 fnt\n|faint|p1a: Heatran\n|\n|upkeep\n|\n|switch|p1a: Alakazam|Alakazam, M|100\/100\n|turn|12\n|inactive|ViperSniper96 has 135 seconds left.\n|\n|switch|p2a: Ferrothorn|Ferrothorn, F|55\/100\n|-damage|p2a: Ferrothorn|49\/100|[from] Stealth Rock\n|detailschange|p1a: Alakazam|Alakazam-Mega, M\n|-mega|p1a: Alakazam|Alakazam|Alakazite\n|-ability|p1a: Alakazam|Iron Barbs|[from] ability: Trace|[of] p2a: Ferrothorn\n|move|p1a: Alakazam|Psychic|p2a: Ferrothorn\n|-resisted|p2a: Ferrothorn\n|-damage|p2a: Ferrothorn|26\/100\n|\n|-heal|p2a: Ferrothorn|32\/100|[from] item: Leftovers\n|upkeep\n|turn|13\n|inactive|H4WT \u272f has 135 seconds left.\n|\n|move|p1a: Alakazam|Focus Blast|p2a: Ferrothorn|[miss]\n|-miss|p1a: Alakazam|p2a: Ferrothorn\n|move|p2a: Ferrothorn|Gyro Ball|p1a: Alakazam\n|-damage|p1a: Alakazam|13\/100\n|-damage|p2a: Ferrothorn|19\/100|[from] ability: Iron Barbs|[of] p1a: Alakazam\n|\n|-heal|p2a: Ferrothorn|25\/100|[from] item: Leftovers\n|upkeep\n|turn|14\n|\n|switch|p2a: Landorus|Landorus-Therian, M|100\/100\n|-damage|p2a: Landorus|88\/100|[from] Stealth Rock\n|-ability|p2a: Landorus|Intimidate|boost\n|-unboost|p1a: Alakazam|atk|1\n|move|p1a: Alakazam|Focus Blast|p2a: Landorus|[miss]\n|-miss|p1a: Alakazam|p2a: Landorus\n|\n|upkeep\n|turn|15\n|\n|switch|p1a: Celesteela|Celesteela|100\/100\n|-damage|p1a: Celesteela|88\/100|[from] Stealth Rock\n|move|p2a: Landorus|U-turn|p1a: Celesteela\n|-resisted|p1a: Celesteela\n|-damage|p1a: Celesteela|82\/100\n|\n|switch|p2a: Blacephalon|Blacephalon|100\/100\n|-damage|p2a: Blacephalon|76\/100|[from] Stealth Rock\n|\n|-heal|p1a: Celesteela|88\/100|[from] item: Leftovers\n|upkeep\n|turn|16\n|\n|switch|p1a: Toxapex|Toxapex, F|100\/100\n|-damage|p1a: Toxapex|88\/100|[from] Stealth Rock\n|move|p2a: Blacephalon|Shadow Ball|p1a: Toxapex\n|-damage|p1a: Toxapex|41\/100\n|\n|-heal|p1a: Toxapex|47\/100|[from] item: Black Sludge\n|upkeep\n|turn|17\n|\n|switch|p1a: Alakazam|Alakazam-Mega, M|13\/100\n|-damage|p1a: Alakazam|0 fnt|[from] Stealth Rock\n|faint|p1a: Alakazam\n|move|p2a: Blacephalon|Shadow Ball|p1: Alakazam|[notarget]\n|-notarget\n|\n|upkeep\n|\n|switch|p1a: Toxapex|Toxapex, F|80\/100\n|-damage|p1a: Toxapex|68\/100|[from] Stealth Rock\n|turn|18\n|\n|switch|p2a: Ferrothorn|Ferrothorn, F|25\/100\n|-damage|p2a: Ferrothorn|19\/100|[from] Stealth Rock\n|move|p1a: Toxapex|Recover|p1a: Toxapex\n|-heal|p1a: Toxapex|100\/100\n|\n|-heal|p2a: Ferrothorn|25\/100|[from] item: Leftovers\n|upkeep\n|turn|19\n|\n|switch|p1a: Tangrowth|Tangrowth, F|75\/100\n|-damage|p1a: Tangrowth|63\/100|[from] Stealth Rock\n|move|p2a: Ferrothorn|Spikes|p1a: Tangrowth\n|-sidestart|p1: H4WT \u272f|Spikes\n|\n|-heal|p2a: Ferrothorn|31\/100|[from] item: Leftovers\n|upkeep\n|turn|20\n|\n|move|p1a: Tangrowth|Knock Off|p2a: Ferrothorn\n|-damage|p2a: Ferrothorn|15\/100\n|-damage|p1a: Tangrowth|50\/100|[from] ability: Iron Barbs|[of] p2a: Ferrothorn\n|-enditem|p2a: Ferrothorn|Leftovers|[from] move: Knock Off|[of] p1a: Tangrowth\n|move|p2a: Ferrothorn|Spikes|p1a: Tangrowth\n|-sidestart|p1: H4WT \u272f|Spikes\n|\n|upkeep\n|turn|21\n|\n|switch|p1a: Tornadus|Tornadus-Therian, M|40\/100\n|-damage|p1a: Tornadus|15\/100|[from] Stealth Rock\n|move|p2a: Ferrothorn|Gyro Ball|p1a: Tornadus\n|-damage|p1a: Tornadus|0 fnt\n|-damage|p2a: Ferrothorn|0 fnt|[from] item: Rocky Helmet|[of] p1a: Tornadus\n|faint|p1a: Tornadus\n|faint|p2a: Ferrothorn\n|\n|upkeep\n|c|\u2606H4WT \u272f|fuck off\n|-message|H4WT \u272f forfeited.\n|\n|win|ViperSniper96\n|c|\u2606ViperSniper96|y\n|l|\u2606H4WT \u272f\n|raw|H4WT \u272f's rating: 1743 &rarr; <strong>1719<\/strong><br \/>(-24 for losing)\n|raw|ViperSniper96's rating: 1672 &rarr; <strong>1696<\/strong><br \/>(+24 for winning)\n","inputlog":null,"uploadtime":1531534280,"views":31,"p1id":"h4wt","p2id":"vipersniper96","formatid":"gen7ou","rating":1696,"private":0,"password":null}