{"id":"gen7ubers-1009309692","p1":"some rando 123","p2":"Lunar Neo","format":"gen7ubers","log":"|j|\u2606some rando 123\n|j|\u2606Lunar Neo\n|player|p1|some rando 123|idol|1732\n|player|p2|Lunar Neo|248|1541\n|teamsize|p1|6\n|teamsize|p2|6\n|gametype|singles\n|gen|7\n|tier|[Gen 7] Ubers\n|rated|\n|rule|Sleep Clause Mod: Limit one foe put to sleep\n|rule|Species Clause: Limit one of each Pok\u00e9mon\n|rule|OHKO Clause: OHKO moves are banned\n|rule|Moody Clause: Moody is banned\n|rule|Evasion Moves Clause: Evasion moves are banned\n|rule|Endless Battle Clause: Forcing endless battles is banned\n|rule|HP Percentage Mod: HP is shown in percentages\n|clearpoke\n|poke|p1|Arceus-*|item\n|poke|p1|Necrozma-Dusk-Mane|item\n|poke|p1|Giratina-Origin|item\n|poke|p1|Ho-Oh|item\n|poke|p1|Groudon|item\n|poke|p1|Toxapex, F|item\n|poke|p2|Necrozma-Dusk-Mane|item\n|poke|p2|Salamence, M|item\n|poke|p2|Arceus-*|item\n|poke|p2|Groudon|item\n|poke|p2|Marshadow|item\n|poke|p2|Kyogre|item\n|rule|Mega Rayquaza Clause: You cannot mega evolve Rayquaza\n|teampreview\n|\n|start\n|switch|p1a: Toxapex|Toxapex, F|100\/100\n|switch|p2a: Arceus|Arceus-Fairy|100\/100\n|turn|1\n|\n|switch|p2a: Groudon|Groudon|100\/100\n|detailschange|p2a: Groudon|Groudon-Primal\n|-primal|p2a: Groudon\n|-weather|DesolateLand|[from] ability: Desolate Land|[of] p2a: Groudon\n|move|p1a: Toxapex|Toxic Spikes|p2a: Groudon\n|-sidestart|p2: Lunar Neo|move: Toxic Spikes\n|\n|-weather|DesolateLand|[upkeep]\n|upkeep\n|turn|2\n|\n|move|p2a: Groudon|Precipice Blades|p1a: Toxapex\n|-supereffective|p1a: Toxapex\n|-damage|p1a: Toxapex|15\/100\n|move|p1a: Toxapex|Toxic|p2a: Groudon\n|-status|p2a: Groudon|tox\n|\n|-weather|DesolateLand|[upkeep]\n|-damage|p2a: Groudon|94\/100 tox|[from] psn\n|upkeep\n|turn|3\n|inactive|Battle timer is ON: inactive players will automatically lose when time's up. (requested by Lunar Neo)\n|\n|-weather|none\n|switch|p2a: Arceus|Arceus-Fairy|100\/100\n|-status|p2a: Arceus|psn\n|switch|p1a: Groudon|Groudon|100\/100\n|detailschange|p1a: Groudon|Groudon-Primal\n|-primal|p1a: Groudon\n|-weather|DesolateLand|[from] ability: Desolate Land|[of] p1a: Groudon\n|\n|-weather|DesolateLand|[upkeep]\n|-damage|p2a: Arceus|88\/100 psn|[from] psn\n|upkeep\n|turn|4\n|\n|-weather|none\n|switch|p1a: Toxapex|Toxapex, F|49\/100\n|move|p2a: Arceus|Toxic|p1a: Toxapex\n|-immune|p1a: Toxapex\n|\n|-damage|p2a: Arceus|76\/100 psn|[from] psn\n|upkeep\n|turn|5\n|inactive|some rando 123 has 120 seconds left.\n|\n|switch|p2a: Salamence|Salamence, M|100\/100\n|-ability|p2a: Salamence|Intimidate|boost\n|-unboost|p1a: Toxapex|atk|1\n|switch|p1a: Groudon|Groudon-Primal|100\/100\n|-weather|DesolateLand|[from] ability: Desolate Land|[of] p1a: Groudon\n|\n|-weather|DesolateLand|[upkeep]\n|upkeep\n|turn|6\n|\n|detailschange|p2a: Salamence|Salamence-Mega, M\n|-mega|p2a: Salamence|Salamence|Salamencite\n|move|p2a: Salamence|Double-Edge|p1a: Groudon\n|-damage|p1a: Groudon|40\/100\n|-damage|p2a: Salamence|80\/100|[from] Recoil\n|move|p1a: Groudon|Hidden Power|p2a: Salamence\n|-supereffective|p2a: Salamence\n|-damage|p2a: Salamence|0 fnt\n|faint|p2a: Salamence\n|\n|-weather|DesolateLand|[upkeep]\n|upkeep\n|\n|switch|p2a: Arceus|Arceus-Fairy|76\/100 psn\n|turn|7\n|inactive|some rando 123 has 120 seconds left.\n|\n|-weather|none\n|switch|p1a: Necrozma|Necrozma-Dusk-Mane|100\/100\n|move|p2a: Arceus|Stealth Rock|p1a: Necrozma\n|-sidestart|p1: some rando 123|move: Stealth Rock\n|\n|-damage|p2a: Arceus|63\/100 psn|[from] psn\n|upkeep\n|turn|8\n|\n|switch|p2a: Groudon|Groudon-Primal|94\/100 tox\n|-weather|DesolateLand|[from] ability: Desolate Land|[of] p2a: Groudon\n|move|p1a: Necrozma|Stealth Rock|p2a: Groudon\n|-sidestart|p2: Lunar Neo|move: Stealth Rock\n|\n|-weather|DesolateLand|[upkeep]\n|-damage|p2a: Groudon|88\/100 tox|[from] psn\n|upkeep\n|turn|9\n|inactive|some rando 123 has 120 seconds left.\n|inactive|some rando 123 has 90 seconds left.\n|inactive|some rando 123 has 60 seconds left.\n|\n|move|p2a: Groudon|Precipice Blades|p1a: Necrozma\n|-supereffective|p1a: Necrozma\n|-crit|p1a: Necrozma\n|-damage|p1a: Necrozma|0 fnt\n|faint|p1a: Necrozma\n|\n|-weather|DesolateLand|[upkeep]\n|-damage|p2a: Groudon|76\/100 tox|[from] psn\n|upkeep\n|\n|switch|p1a: Giratina|Giratina-Origin|100\/100\n|-damage|p1a: Giratina|88\/100|[from] Stealth Rock\n|turn|10\n|\n|-weather|none\n|switch|p2a: Arceus|Arceus-Fairy|63\/100 psn\n|-damage|p2a: Arceus|51\/100 psn|[from] Stealth Rock\n|move|p1a: Giratina|Hex|p2a: Arceus\n|-damage|p2a: Arceus|0 fnt\n|faint|p2a: Arceus\n|\n|upkeep\n|\n|switch|p2a: Marshadow|Marshadow|100\/100\n|-status|p2a: Marshadow|psn\n|-damage|p2a: Marshadow|94\/100 psn|[from] Stealth Rock\n|turn|11\n|\n|switch|p1a: Toxapex|Toxapex, F|82\/100\n|-damage|p1a: Toxapex|70\/100|[from] Stealth Rock\n|move|p2a: Marshadow|Spectral Thief|p1a: Toxapex\n|-damage|p1a: Toxapex|33\/100\n|-damage|p2a: Marshadow|78\/100 psn|[from] item: Rocky Helmet|[of] p1a: Toxapex\n|-damage|p2a: Marshadow|68\/100 psn|[from] item: Life Orb\n|\n|-damage|p2a: Marshadow|55\/100 psn|[from] psn\n|upkeep\n|turn|12\n|\n|switch|p1a: Arceus|Arceus-Dark|100\/100\n|-damage|p1a: Arceus|88\/100|[from] Stealth Rock\n|move|p2a: Marshadow|Close Combat|p1a: Arceus\n|-supereffective|p1a: Arceus\n|-damage|p1a: Arceus|0 fnt\n|-unboost|p2a: Marshadow|def|1\n|-unboost|p2a: Marshadow|spd|1\n|-damage|p2a: Marshadow|45\/100 psn|[from] item: Life Orb\n|faint|p1a: Arceus\n|\n|-damage|p2a: Marshadow|33\/100 psn|[from] psn\n|upkeep\n|inactive|some rando 123 has 90 seconds left.\n|\n|switch|p1a: Toxapex|Toxapex, F|66\/100\n|-damage|p1a: Toxapex|54\/100|[from] Stealth Rock\n|turn|13\n|inactive|some rando 123 has 90 seconds left.\n|\n|switch|p2a: Groudon|Groudon-Primal|76\/100 tox\n|-damage|p2a: Groudon|64\/100 tox|[from] Stealth Rock\n|-weather|DesolateLand|[from] ability: Desolate Land|[of] p2a: Groudon\n|switch|p1a: Groudon|Groudon-Primal|40\/100\n|-damage|p1a: Groudon|28\/100|[from] Stealth Rock\n|\n|-weather|DesolateLand|[upkeep]\n|-damage|p2a: Groudon|57\/100 tox|[from] psn\n|upkeep\n|turn|14\n|inactive|some rando 123 has 90 seconds left.\n|\n|move|p1a: Groudon|Precipice Blades|p2a: Groudon\n|-supereffective|p2a: Groudon\n|-damage|p2a: Groudon|0 fnt\n|faint|p2a: Groudon\n|\n|-weather|DesolateLand|[upkeep]\n|upkeep\n|\n|switch|p2a: Marshadow|Marshadow|33\/100 psn\n|-damage|p2a: Marshadow|27\/100 psn|[from] Stealth Rock\n|turn|15\n|\n|-weather|none\n|switch|p1a: Toxapex|Toxapex, F|87\/100\n|-damage|p1a: Toxapex|75\/100|[from] Stealth Rock\n|move|p2a: Marshadow|Spectral Thief|p1a: Toxapex\n|-damage|p1a: Toxapex|37\/100\n|-damage|p2a: Marshadow|10\/100 psn|[from] item: Rocky Helmet|[of] p1a: Toxapex\n|-damage|p2a: Marshadow|0 fnt|[from] item: Life Orb\n|faint|p2a: Marshadow\n|\n|upkeep\n|\n|switch|p2a: Necrozma|Necrozma-Dusk-Mane|100\/100\n|-damage|p2a: Necrozma|94\/100|[from] Stealth Rock\n|turn|16\n|inactive|Lunar Neo has 120 seconds left.\n|\n|move|p2a: Necrozma|Swords Dance|p2a: Necrozma\n|-boost|p2a: Necrozma|atk|2\n|move|p1a: Toxapex|Haze|p1a: Toxapex\n|-clearallboost\n|\n|upkeep\n|turn|17\n|inactive|Lunar Neo has 120 seconds left.\n|\n|move|p2a: Necrozma|Swords Dance|p2a: Necrozma\n|-boost|p2a: Necrozma|atk|2\n|move|p1a: Toxapex|Haze|p1a: Toxapex\n|-clearallboost\n|\n|upkeep\n|turn|18\n|\n|move|p2a: Necrozma|Earthquake|p1a: Toxapex\n|-supereffective|p1a: Toxapex\n|-damage|p1a: Toxapex|0 fnt\n|faint|p1a: Toxapex\n|\n|upkeep\n|\n|switch|p1a: Groudon|Groudon-Primal|28\/100\n|-damage|p1a: Groudon|16\/100|[from] Stealth Rock\n|-weather|DesolateLand|[from] ability: Desolate Land|[of] p1a: Groudon\n|turn|19\n|inactive|Lunar Neo has 120 seconds left.\n|\n|move|p1a: Groudon|Precipice Blades|p2a: Necrozma\n|-supereffective|p2a: Necrozma\n|-damage|p2a: Necrozma|9\/100\n|move|p2a: Necrozma|Earthquake|p1a: Groudon\n|-supereffective|p1a: Groudon\n|-damage|p1a: Groudon|0 fnt\n|faint|p1a: Groudon\n|-weather|none\n|\n|upkeep\n|\n|switch|p1a: Giratina|Giratina-Origin|88\/100\n|-damage|p1a: Giratina|76\/100|[from] Stealth Rock\n|turn|20\n|\n|move|p1a: Giratina|Shadow Sneak|p2a: Necrozma\n|-supereffective|p2a: Necrozma\n|-damage|p2a: Necrozma|0 fnt\n|faint|p2a: Necrozma\n|\n|upkeep\n|\n|switch|p2a: Kyogre|Kyogre|100\/100\n|-damage|p2a: Kyogre|88\/100|[from] Stealth Rock\n|-status|p2a: Kyogre|psn\n|detailschange|p2a: Kyogre|Kyogre-Primal\n|-primal|p2a: Kyogre\n|-weather|PrimordialSea|[from] ability: Primordial Sea|[of] p2a: Kyogre\n|turn|21\n|\n|move|p1a: Giratina|Hex|p2a: Kyogre\n|-damage|p2a: Kyogre|42\/100 psn\n|move|p2a: Kyogre|Ice Beam|p1a: Giratina\n|-supereffective|p1a: Giratina\n|-damage|p1a: Giratina|32\/100\n|\n|-weather|PrimordialSea|[upkeep]\n|-damage|p2a: Kyogre|29\/100 psn|[from] psn\n|upkeep\n|turn|22\n|\n|move|p2a: Kyogre|Ice Beam|p1a: Giratina\n|-supereffective|p1a: Giratina\n|-damage|p1a: Giratina|0 fnt\n|faint|p1a: Giratina\n|\n|-weather|PrimordialSea|[upkeep]\n|-damage|p2a: Kyogre|17\/100 psn|[from] psn\n|upkeep\n|\n|switch|p1a: Ho-Oh|Ho-Oh|100\/100\n|-damage|p1a: Ho-Oh|51\/100|[from] Stealth Rock\n|turn|23\n|c|\u2606some rando 123|huh\n|c|\u2606some rando 123|both 194 speed?\n|\n|move|p1a: Ho-Oh|Brave Bird|p2a: Kyogre\n|-damage|p2a: Kyogre|0 fnt\n|-damage|p1a: Ho-Oh|44\/100|[from] Recoil\n|-damage|p1a: Ho-Oh|34\/100|[from] item: Life Orb\n|faint|p2a: Kyogre\n|-weather|none\n|\n|win|some rando 123\n|l|\u2606Lunar Neo\n|raw|some rando 123's rating: 1732 &rarr; <strong>1741<\/strong><br \/>(+9 for winning)\n|raw|Lunar Neo's rating: 1525 &rarr; <strong>1516<\/strong><br \/>(-9 for losing)\n","uploadtime":1573695732,"views":47,"p1id":"somerando123","p2id":"lunarneo","formatid":"gen7ubers","rating":1516,"private":0,"password":null}