{"id":"gen7randombattle-564793626","p1":"SAO234","p2":"x wing fighter","format":"gen7randombattle","log":"|j|SAO234\n|j|x wing fighter\n|player|p1|SAO234|265\n|player|p2|x wing fighter|169\n|gametype|singles\n|gen|7\n|tier|[Gen 7] Random Battle\n|rated\n|seed|43511,11514,62343,65497,9261,16777,40556,62506,2644,18762,56313,52944\n|rule|Sleep Clause Mod: Limit one foe put to sleep\n|rule|HP Percentage Mod: HP is shown in percentages\n|\n|start\n|switch|p1a: Bouffalant|Bouffalant, L79, F|100\/100\n|switch|p2a: Quagsire|Quagsire, L79, M|100\/100\n|turn|1\n|choice|move swordsdance|move scald\n|\n|move|p1a: Bouffalant|Swords Dance|p1a: Bouffalant\n|-boost|p1a: Bouffalant|atk|2\n|move|p2a: Quagsire|Scald|p1a: Bouffalant\n|-damage|p1a: Bouffalant|80\/100\n|-status|p1a: Bouffalant|brn\n|\n|-heal|p1a: Bouffalant|86\/100 brn|[from] item: Leftovers\n|-damage|p1a: Bouffalant|80\/100 brn|[from] brn\n|upkeep\n|turn|2\n|choice|move swordsdance|switch 4\n|\n|switch|p2a: Terrakion|Terrakion, L77|100\/100\n|move|p1a: Bouffalant|Swords Dance|p1a: Bouffalant\n|-boost|p1a: Bouffalant|atk|2\n|\n|-heal|p1a: Bouffalant|86\/100 brn|[from] item: Leftovers\n|-damage|p1a: Bouffalant|80\/100 brn|[from] brn\n|upkeep\n|turn|3\n|choice|move superpower|move closecombat\n|\n|move|p2a: Terrakion|Close Combat|p1a: Bouffalant\n|-supereffective|p1a: Bouffalant\n|-damage|p1a: Bouffalant|0 fnt\n|-unboost|p2a: Terrakion|def|1\n|-unboost|p2a: Terrakion|spd|1\n|faint|p1a: Bouffalant\n|\n|upkeep\n|choice|switch 2|\n|\n|switch|p1a: Cresselia|Cresselia, L79, F|100\/100\n|turn|4\n|choice|move calmmind|switch 3\n|\n|switch|p2a: Heatran|Heatran, L75, M|100\/100\n|-item|p2a: Heatran|Air Balloon\n|move|p1a: Cresselia|Calm Mind|p1a: Cresselia\n|-boost|p1a: Cresselia|spa|1\n|-boost|p1a: Cresselia|spd|1\n|\n|upkeep\n|turn|5\n|choice|move calmmind|move stealthrock\n|\n|move|p1a: Cresselia|Calm Mind|p1a: Cresselia\n|-boost|p1a: Cresselia|spa|1\n|-boost|p1a: Cresselia|spd|1\n|move|p2a: Heatran|Stealth Rock|p1a: Cresselia\n|-sidestart|p1: SAO234|move: Stealth Rock\n|\n|upkeep\n|turn|6\n|choice|move substitute|move roar\n|\n|move|p1a: Cresselia|Substitute|p1a: Cresselia\n|-start|p1a: Cresselia|Substitute\n|-damage|p1a: Cresselia|76\/100\n|move|p2a: Heatran|Roar|p1a: Cresselia\n|drag|p1a: Dewgong|Dewgong, L79, M|100\/100\n|-damage|p1a: Dewgong|76\/100|[from] Stealth Rock\n|\n|-heal|p1a: Dewgong|82\/100|[from] item: Leftovers\n|upkeep\n|turn|7\n|choice|move protect|move flashcannon\n|\n|move|p1a: Dewgong|Protect|p1a: Dewgong\n|-singleturn|p1a: Dewgong|Protect\n|move|p2a: Heatran|Flash Cannon|p1a: Dewgong\n|-activate|p1a: Dewgong|move: Protect\n|\n|-heal|p1a: Dewgong|88\/100|[from] item: Leftovers\n|upkeep\n|turn|8\n|choice|switch 4|move flashcannon\n|\n|switch|p1a: Landorus|Landorus-Therian, L75, M|100\/100\n|-damage|p1a: Landorus|88\/100|[from] Stealth Rock\n|-ability|p1a: Landorus|Intimidate|boost\n|-unboost|p2a: Heatran|atk|1\n|move|p2a: Heatran|Flash Cannon|p1a: Landorus\n|-damage|p1a: Landorus|47\/100\n|-unboost|p1a: Landorus|spd|1\n|\n|upkeep\n|turn|9\n|choice|move superpower|move flashcannon\n|\n|move|p1a: Landorus|Superpower|p2a: Heatran\n|-supereffective|p2a: Heatran\n|-damage|p2a: Heatran|2\/100\n|-enditem|p2a: Heatran|Air Balloon\n|-unboost|p1a: Landorus|atk|1\n|-unboost|p1a: Landorus|def|1\n|-damage|p1a: Landorus|37\/100|[from] item: Life Orb\n|move|p2a: Heatran|Flash Cannon|p1a: Landorus\n|-damage|p1a: Landorus|0 fnt\n|faint|p1a: Landorus\n|\n|upkeep\n|choice|switch 5|\n|\n|switch|p1a: Pinsir|Pinsir, L75, F|100\/100\n|-damage|p1a: Pinsir|76\/100|[from] Stealth Rock\n|-ability|p1a: Pinsir|Mold Breaker\n|turn|10\n|choice|move quickattack mega|move fireblast\n|\n|detailschange|p1a: Pinsir|Pinsir-Mega, L75, F\n|-mega|p1a: Pinsir|Pinsir|Pinsirite\n|move|p1a: Pinsir|Quick Attack|p2a: Heatran\n|-resisted|p2a: Heatran\n|-damage|p2a: Heatran|0 fnt\n|faint|p2a: Heatran\n|\n|upkeep\n|choice||switch 2\n|\n|switch|p2a: Typhlosion|Typhlosion, L79, F|100\/100\n|turn|11\n|choice|move earthquake|move eruption\n|\n|move|p2a: Typhlosion|Eruption|p1a: Pinsir\n|-supereffective|p1a: Pinsir\n|-damage|p1a: Pinsir|0 fnt\n|faint|p1a: Pinsir\n|\n|upkeep\n|choice|switch 6|\n|\n|switch|p1a: Cresselia|Cresselia, L79, F|76\/100\n|-damage|p1a: Cresselia|64\/100|[from] Stealth Rock\n|turn|12\n|choice|move calmmind|move eruption\n|\n|move|p2a: Typhlosion|Eruption|p1a: Cresselia\n|-damage|p1a: Cresselia|24\/100\n|move|p1a: Cresselia|Calm Mind|p1a: Cresselia\n|-boost|p1a: Cresselia|spa|1\n|-boost|p1a: Cresselia|spd|1\n|\n|-heal|p1a: Cresselia|30\/100|[from] item: Leftovers\n|upkeep\n|turn|13\n|choice|move psyshock|move eruption\n|\n|move|p2a: Typhlosion|Eruption|p1a: Cresselia\n|-damage|p1a: Cresselia|5\/100\n|move|p1a: Cresselia|Psyshock|p2a: Typhlosion\n|-damage|p2a: Typhlosion|60\/100\n|\n|-heal|p1a: Cresselia|11\/100|[from] item: Leftovers\n|upkeep\n|turn|14\n|choice|switch 4|move eruption\n|\n|switch|p1a: Dewgong|Dewgong, L79, M|88\/100\n|-damage|p1a: Dewgong|63\/100|[from] Stealth Rock\n|move|p2a: Typhlosion|Eruption|p1a: Dewgong\n|-damage|p1a: Dewgong|46\/100\n|\n|-heal|p1a: Dewgong|52\/100|[from] item: Leftovers\n|upkeep\n|turn|15\n|choice|move toxic|switch 4\n|\n|switch|p2a: Quagsire|Quagsire, L79, M|100\/100\n|move|p1a: Dewgong|Toxic|p2a: Quagsire\n|-status|p2a: Quagsire|tox\n|\n|-heal|p1a: Dewgong|58\/100|[from] item: Leftovers\n|-damage|p2a: Quagsire|94\/100 tox|[from] psn\n|upkeep\n|turn|16\n|choice|switch 4|move encore\n|\n|switch|p1a: Cresselia|Cresselia, L79, F|11\/100\n|-damage|p1a: Cresselia|0 fnt|[from] Stealth Rock\n|faint|p1a: Cresselia\n|move|p2a: Quagsire|Encore|p1: Cresselia|[notarget]\n|-notarget\n|\n|-heal|p2a: Quagsire|100\/100 tox|[from] item: Leftovers\n|-damage|p2a: Quagsire|88\/100 tox|[from] psn\n|upkeep\n|-message|SAO234 forfeited.\n|\n|win|x wing fighter\n|l|SAO234\n|raw|SAO234's rating: 1074 &rarr; <strong>1049<\/strong><br \/>(-25 for losing)\n|raw|x wing fighter's rating: 1000 &rarr; <strong>1048<\/strong><br \/>(+48 for winning)","inputlog":null,"uploadtime":1492752619,"views":2,"p1id":"sao234","p2id":"xwingfighter","formatid":"gen7randombattle","rating":1048,"private":0,"password":null}