{"id":"gen7randombattle-956942770","p1":"Hugmeihaveaids","p2":"Flashybee","format":"gen7randombattle","log":"|j|\u2606Hugmeihaveaids\n|j|\u2606Flashybee\n|player|p1|Hugmeihaveaids|102|1509\n|player|p2|Flashybee|70|1457\n|teamsize|p1|6\n|teamsize|p2|6\n|gametype|singles\n|gen|7\n|tier|[Gen 7] Random Battle\n|rated|\n|rule|Sleep Clause Mod: Limit one foe put to sleep\n|rule|HP Percentage Mod: HP is shown in percentages\n|\n|start\n|switch|p1a: Carnivine|Carnivine, L89, M|277\/277\n|switch|p2a: Komala|Komala, L89, M|260\/260\n|-ability|p2a: Komala|Comatose\n|turn|1\n|inactive|Battle timer is ON: inactive players will automatically lose when time's up. (requested by Hugmeihaveaids)\n|\n|switch|p2a: Amoonguss|Amoonguss, L82, M|321\/321\n|switch|p1a: Sableye|Sableye, L88, M|231\/231\n|\n|upkeep\n|turn|2\n|\n|move|p1a: Sableye|Taunt|p2a: Amoonguss\n|-start|p2a: Amoonguss|move: Taunt\n|move|p2a: Amoonguss|Sludge Bomb|p1a: Sableye\n|-resisted|p1a: Sableye\n|-damage|p1a: Sableye|183\/231\n|-status|p1a: Sableye|psn\n|\n|-heal|p1a: Sableye|197\/231 psn|[from] item: Leftovers\n|-damage|p1a: Sableye|169\/231 psn|[from] psn\n|upkeep\n|turn|3\n|\n|switch|p1a: Florges|Florges, L84, F|268\/268\n|switch|p2a: Vaporeon|Vaporeon, L86, F|364\/364\n|\n|upkeep\n|turn|4\n|\n|move|p1a: Florges|Calm Mind|p1a: Florges\n|-boost|p1a: Florges|spa|1\n|-boost|p1a: Florges|spd|1\n|move|p2a: Vaporeon|Wish|p2a: Vaporeon\n|\n|upkeep\n|turn|5\n|\n|switch|p2a: Amoonguss|Amoonguss, L82, M|321\/321\n|move|p1a: Florges|Aromatherapy|p1a: Florges\n|-activate|p1a: Florges|move: Aromatherapy\n|-curestatus|p1: Sableye|psn|[msg]\n|\n|upkeep\n|turn|6\n|\n|move|p1a: Florges|Protect|p1a: Florges\n|-singleturn|p1a: Florges|Protect\n|move|p2a: Amoonguss|Clear Smog|p1a: Florges\n|-activate|p1a: Florges|move: Protect\n|\n|upkeep\n|turn|7\n|\n|switch|p1a: Sableye|Sableye, L88, M|169\/231\n|move|p2a: Amoonguss|Clear Smog|p1a: Sableye\n|-resisted|p1a: Sableye\n|-damage|p1a: Sableye|139\/231\n|-clearboost|p1a: Sableye\n|\n|-heal|p1a: Sableye|153\/231|[from] item: Leftovers\n|upkeep\n|turn|8\n|\n|move|p1a: Sableye|Knock Off|p2a: Amoonguss\n|-damage|p2a: Amoonguss|218\/321\n|-enditem|p2a: Amoonguss|Black Sludge|[from] move: Knock Off|[of] p1a: Sableye\n|move|p2a: Amoonguss|Sludge Bomb|p1a: Sableye\n|-resisted|p1a: Sableye\n|-damage|p1a: Sableye|102\/231\n|-status|p1a: Sableye|psn\n|\n|-heal|p1a: Sableye|116\/231 psn|[from] item: Leftovers\n|-damage|p1a: Sableye|88\/231 psn|[from] psn\n|upkeep\n|turn|9\n|inactive|Flashybee has 120 seconds left.\n|\n|switch|p2a: Mienshao|Mienshao, L83, F|244\/244\n|move|p1a: Sableye|Recover|p1a: Sableye\n|-heal|p1a: Sableye|204\/231 psn\n|\n|-heal|p1a: Sableye|218\/231 psn|[from] item: Leftovers\n|-damage|p1a: Sableye|190\/231 psn|[from] psn\n|upkeep\n|turn|10\n|\n|move|p1a: Sableye|Toxic|p2a: Mienshao\n|-status|p2a: Mienshao|tox\n|move|p2a: Mienshao|Knock Off|p1a: Sableye\n|-damage|p1a: Sableye|72\/231 psn\n|-enditem|p1a: Sableye|Leftovers|[from] move: Knock Off|[of] p2a: Mienshao\n|-damage|p2a: Mienshao|220\/244 tox|[from] item: Life Orb\n|\n|-damage|p2a: Mienshao|205\/244 tox|[from] psn\n|-damage|p1a: Sableye|44\/231 psn|[from] psn\n|upkeep\n|turn|11\n|\n|move|p1a: Sableye|Recover|p1a: Sableye\n|-heal|p1a: Sableye|160\/231 psn\n|move|p2a: Mienshao|Knock Off|p1a: Sableye\n|-damage|p1a: Sableye|83\/231 psn\n|-damage|p2a: Mienshao|181\/244 tox|[from] item: Life Orb\n|\n|-damage|p2a: Mienshao|151\/244 tox|[from] psn\n|-damage|p1a: Sableye|55\/231 psn|[from] psn\n|upkeep\n|turn|12\n|\n|switch|p2a: Diggersby|Diggersby, L81, M|270\/270\n|move|p1a: Sableye|Recover|p1a: Sableye\n|-heal|p1a: Sableye|171\/231 psn\n|\n|-damage|p1a: Sableye|143\/231 psn|[from] psn\n|upkeep\n|turn|13\n|\n|move|p1a: Sableye|Toxic|p2a: Diggersby\n|-status|p2a: Diggersby|tox\n|move|p2a: Diggersby|Agility|p2a: Diggersby\n|-boost|p2a: Diggersby|spe|2\n|\n|-damage|p2a: Diggersby|254\/270 tox|[from] psn\n|-damage|p1a: Sableye|115\/231 psn|[from] psn\n|upkeep\n|turn|14\n|\n|move|p1a: Sableye|Recover|p1a: Sableye\n|-heal|p1a: Sableye|231\/231 psn\n|move|p2a: Diggersby|Earthquake|p1a: Sableye\n|-damage|p1a: Sableye|54\/231 psn\n|-damage|p2a: Diggersby|227\/270 tox|[from] item: Life Orb\n|\n|-damage|p2a: Diggersby|195\/270 tox|[from] psn\n|-damage|p1a: Sableye|26\/231 psn|[from] psn\n|upkeep\n|turn|15\n|\n|move|p1a: Sableye|Recover|p1a: Sableye\n|-heal|p1a: Sableye|142\/231 psn\n|move|p2a: Diggersby|Earthquake|p1a: Sableye\n|-damage|p1a: Sableye|0 fnt\n|-damage|p2a: Diggersby|168\/270 tox|[from] item: Life Orb\n|faint|p1a: Sableye\n|\n|-damage|p2a: Diggersby|120\/270 tox|[from] psn\n|upkeep\n|\n|switch|p1a: Florges|Florges, L84, F|268\/268\n|turn|16\n|\n|move|p1a: Florges|Protect|p1a: Florges\n|-singleturn|p1a: Florges|Protect\n|move|p2a: Diggersby|Earthquake|p1a: Florges\n|-activate|p1a: Florges|move: Protect\n|\n|-damage|p2a: Diggersby|56\/270 tox|[from] psn\n|upkeep\n|turn|17\n|\n|switch|p1a: Talonflame|Talonflame, L83, F|265\/265\n|move|p2a: Diggersby|Wild Charge|p1a: Talonflame\n|-supereffective|p1a: Talonflame\n|-damage|p1a: Talonflame|8\/265\n|-damage|p2a: Diggersby|0 fnt|[from] Recoil\n|faint|p2a: Diggersby\n|\n|upkeep\n|\n|switch|p2a: Mienshao|Mienshao, L83, F|232\/244 tox\n|turn|18\n|\n|switch|p1a: Bruxish|Bruxish, L85, F|254\/254\n|move|p2a: Mienshao|Fake Out||[still]\n|cant|p1a: Bruxish|ability: Dazzling|Fake Out|[of] p2a: Mienshao\n|\n|-damage|p2a: Mienshao|217\/244 tox|[from] psn\n|upkeep\n|turn|19\n|\n|move|p2a: Mienshao|Knock Off|p1a: Bruxish\n|-supereffective|p1a: Bruxish\n|-damage|p1a: Bruxish|23\/254\n|-enditem|p1a: Bruxish|Life Orb|[from] move: Knock Off|[of] p2a: Mienshao\n|-damage|p2a: Mienshao|193\/244 tox|[from] item: Life Orb\n|move|p1a: Bruxish|Liquidation|p2a: Mienshao\n|-damage|p2a: Mienshao|72\/244 tox\n|\n|-damage|p2a: Mienshao|42\/244 tox|[from] psn\n|upkeep\n|turn|20\n|\n|move|p1a: Bruxish|Aqua Jet|p2a: Mienshao\n|-damage|p2a: Mienshao|0 fnt\n|faint|p2a: Mienshao\n|\n|upkeep\n|\n|switch|p2a: Amoonguss|Amoonguss, L82, M|321\/321\n|turn|21\n|\n|move|p1a: Bruxish|Crunch|p2a: Amoonguss\n|-damage|p2a: Amoonguss|250\/321\n|move|p2a: Amoonguss|Sludge Bomb|p1a: Bruxish\n|-damage|p1a: Bruxish|0 fnt\n|faint|p1a: Bruxish\n|\n|upkeep\n|\n|switch|p1a: Talonflame|Talonflame, L83, F|8\/265\n|turn|22\n|\n|switch|p2a: Vaporeon|Vaporeon, L86, F|364\/364\n|move|p1a: Talonflame|Roost|p1a: Talonflame\n|-heal|p1a: Talonflame|141\/265\n|-singleturn|p1a: Talonflame|move: Roost\n|\n|upkeep\n|turn|23\n|\n|switch|p1a: Carnivine|Carnivine, L89, M|277\/277\n|move|p2a: Vaporeon|Scald|p1a: Carnivine\n|-resisted|p1a: Carnivine\n|-damage|p1a: Carnivine|219\/277\n|\n|-heal|p1a: Carnivine|236\/277|[from] item: Leftovers\n|upkeep\n|turn|24\n|\n|switch|p2a: Amoonguss|Amoonguss, L82, M|321\/321\n|move|p1a: Carnivine|Swords Dance|p1a: Carnivine\n|-boost|p1a: Carnivine|atk|2\n|\n|-heal|p1a: Carnivine|253\/277|[from] item: Leftovers\n|upkeep\n|turn|25\n|\n|move|p1a: Carnivine|Return|p2a: Amoonguss\n|-damage|p2a: Amoonguss|139\/321\n|move|p2a: Amoonguss|Sludge Bomb|p1a: Carnivine\n|-supereffective|p1a: Carnivine\n|-damage|p1a: Carnivine|77\/277\n|-status|p1a: Carnivine|psn\n|\n|-heal|p1a: Carnivine|94\/277 psn|[from] item: Leftovers\n|-damage|p1a: Carnivine|60\/277 psn|[from] psn\n|upkeep\n|turn|26\n|\n|switch|p2a: Vaporeon|Vaporeon, L86, F|364\/364\n|move|p1a: Carnivine|Return|p2a: Vaporeon\n|-damage|p2a: Vaporeon|135\/364\n|\n|-heal|p2a: Vaporeon|157\/364|[from] item: Leftovers\n|-heal|p1a: Carnivine|77\/277 psn|[from] item: Leftovers\n|-damage|p1a: Carnivine|43\/277 psn|[from] psn\n|upkeep\n|turn|27\n|\n|move|p2a: Vaporeon|Protect|p2a: Vaporeon\n|-singleturn|p2a: Vaporeon|Protect\n|move|p1a: Carnivine|Return|p2a: Vaporeon\n|-activate|p2a: Vaporeon|move: Protect\n|\n|-heal|p2a: Vaporeon|179\/364|[from] item: Leftovers\n|-heal|p1a: Carnivine|60\/277 psn|[from] item: Leftovers\n|-damage|p1a: Carnivine|26\/277 psn|[from] psn\n|upkeep\n|turn|28\n|\n|switch|p2a: Amoonguss|Amoonguss, L82, M|246\/321\n|move|p1a: Carnivine|Return|p2a: Amoonguss\n|-damage|p2a: Amoonguss|62\/321\n|\n|-heal|p1a: Carnivine|43\/277 psn|[from] item: Leftovers\n|-damage|p1a: Carnivine|9\/277 psn|[from] psn\n|upkeep\n|turn|29\n|\n|switch|p2a: Lunala|Lunala, L78|342\/342\n|move|p1a: Carnivine|Return|p2a: Lunala\n|-immune|p2a: Lunala\n|\n|-heal|p1a: Carnivine|26\/277 psn|[from] item: Leftovers\n|-damage|p1a: Carnivine|0 fnt|[from] psn\n|faint|p1a: Carnivine\n|upkeep\n|\n|switch|p1a: Blastoise|Blastoise, L84, F|270\/270\n|turn|30\n|\n|switch|p2a: Vaporeon|Vaporeon, L86, F|179\/364\n|detailschange|p1a: Blastoise|Blastoise-Mega, L84, F\n|-mega|p1a: Blastoise|Blastoise|Blastoisinite\n|move|p1a: Blastoise|Dark Pulse|p2a: Vaporeon\n|-damage|p2a: Vaporeon|72\/364\n|\n|-heal|p2a: Vaporeon|94\/364|[from] item: Leftovers\n|upkeep\n|turn|31\n|\n|switch|p1a: Talonflame|Talonflame, L83, F|141\/265\n|move|p2a: Vaporeon|Protect||[still]\n|-fail|p2a: Vaporeon\n|\n|-heal|p2a: Vaporeon|116\/364|[from] item: Leftovers\n|upkeep\n|turn|32\n|\n|move|p1a: Talonflame|Brave Bird|p2a: Vaporeon\n|-damage|p2a: Vaporeon|0 fnt\n|-damage|p1a: Talonflame|103\/265|[from] Recoil\n|-damage|p1a: Talonflame|77\/265|[from] item: Life Orb\n|faint|p2a: Vaporeon\n|\n|upkeep\n|\n|switch|p2a: Komala|Komala, L89, M|260\/260\n|-ability|p2a: Komala|Comatose\n|turn|33\n|\n|move|p1a: Talonflame|Roost|p1a: Talonflame\n|-heal|p1a: Talonflame|210\/265\n|-singleturn|p1a: Talonflame|move: Roost\n|move|p2a: Komala|Return|p1a: Talonflame\n|-damage|p1a: Talonflame|18\/265\n|-damage|p2a: Komala|234\/260|[from] item: Life Orb\n|\n|upkeep\n|turn|34\n|\n|move|p1a: Talonflame|Flare Blitz|p2a: Komala\n|-damage|p2a: Komala|51\/260\n|-damage|p1a: Talonflame|0 fnt|[from] Recoil\n|faint|p1a: Talonflame\n|move|p2a: Komala|Return|p1: Talonflame|[notarget]\n|-fail|p2a: Komala\n|\n|upkeep\n|\n|switch|p1a: Blastoise|Blastoise-Mega, L84, F|270\/270\n|turn|35\n|\n|move|p2a: Komala|Sucker Punch|p1a: Blastoise\n|-damage|p1a: Blastoise|204\/270\n|-damage|p2a: Komala|25\/260|[from] item: Life Orb\n|move|p1a: Blastoise|Dark Pulse|p2a: Komala\n|-damage|p2a: Komala|0 fnt\n|faint|p2a: Komala\n|\n|upkeep\n|\n|switch|p2a: Amoonguss|Amoonguss, L82, M|169\/321\n|turn|36\n|\n|switch|p1a: Florges|Florges, L84, F|268\/268\n|move|p2a: Amoonguss|Synthesis|p2a: Amoonguss\n|-heal|p2a: Amoonguss|321\/321\n|\n|upkeep\n|turn|37\n|\n|move|p1a: Florges|Calm Mind|p1a: Florges\n|-boost|p1a: Florges|spa|1\n|-boost|p1a: Florges|spd|1\n|move|p2a: Amoonguss|Sludge Bomb|p1a: Florges\n|-supereffective|p1a: Florges\n|-damage|p1a: Florges|200\/268\n|\n|-heal|p1a: Florges|216\/268|[from] item: Leftovers\n|upkeep\n|turn|38\n|\n|move|p1a: Florges|Moonblast|p2a: Amoonguss\n|-resisted|p2a: Amoonguss\n|-damage|p2a: Amoonguss|234\/321\n|move|p2a: Amoonguss|Clear Smog|p1a: Florges\n|-supereffective|p1a: Florges\n|-damage|p1a: Florges|174\/268\n|-clearboost|p1a: Florges\n|\n|-heal|p1a: Florges|190\/268|[from] item: Leftovers\n|upkeep\n|turn|39\n|\n|move|p1a: Florges|Calm Mind|p1a: Florges\n|-boost|p1a: Florges|spa|1\n|-boost|p1a: Florges|spd|1\n|move|p2a: Amoonguss|Sludge Bomb|p1a: Florges\n|-supereffective|p1a: Florges\n|-damage|p1a: Florges|116\/268\n|\n|-heal|p1a: Florges|132\/268|[from] item: Leftovers\n|upkeep\n|turn|40\n|\n|move|p1a: Florges|Protect|p1a: Florges\n|-singleturn|p1a: Florges|Protect\n|move|p2a: Amoonguss|Clear Smog|p1a: Florges\n|-activate|p1a: Florges|move: Protect\n|\n|-heal|p1a: Florges|148\/268|[from] item: Leftovers\n|upkeep\n|turn|41\n|\n|move|p1a: Florges|Moonblast|p2a: Amoonguss\n|-resisted|p2a: Amoonguss\n|-damage|p2a: Amoonguss|147\/321\n|move|p2a: Amoonguss|Clear Smog|p1a: Florges\n|-supereffective|p1a: Florges\n|-damage|p1a: Florges|112\/268\n|-clearboost|p1a: Florges\n|\n|-heal|p1a: Florges|128\/268|[from] item: Leftovers\n|upkeep\n|turn|42\n|\n|move|p1a: Florges|Moonblast|p2a: Amoonguss\n|-resisted|p2a: Amoonguss\n|-damage|p2a: Amoonguss|86\/321\n|move|p2a: Amoonguss|Synthesis|p2a: Amoonguss\n|-heal|p2a: Amoonguss|246\/321\n|\n|-heal|p1a: Florges|144\/268|[from] item: Leftovers\n|upkeep\n|turn|43\n|\n|move|p1a: Florges|Protect|p1a: Florges\n|-singleturn|p1a: Florges|Protect\n|move|p2a: Amoonguss|Clear Smog|p1a: Florges\n|-activate|p1a: Florges|move: Protect\n|\n|-heal|p1a: Florges|160\/268|[from] item: Leftovers\n|upkeep\n|turn|44\n|\n|move|p1a: Florges|Moonblast|p2a: Amoonguss\n|-resisted|p2a: Amoonguss\n|-damage|p2a: Amoonguss|180\/321\n|move|p2a: Amoonguss|Clear Smog|p1a: Florges\n|-supereffective|p1a: Florges\n|-damage|p1a: Florges|104\/268\n|-clearboost|p1a: Florges\n|\n|-heal|p1a: Florges|120\/268|[from] item: Leftovers\n|upkeep\n|turn|45\n|\n|move|p1a: Florges|Moonblast|p2a: Amoonguss\n|-resisted|p2a: Amoonguss\n|-damage|p2a: Amoonguss|116\/321\n|-unboost|p2a: Amoonguss|spa|1\n|move|p2a: Amoonguss|Synthesis|p2a: Amoonguss\n|-heal|p2a: Amoonguss|276\/321\n|\n|-heal|p1a: Florges|136\/268|[from] item: Leftovers\n|upkeep\n|turn|46\n|\n|move|p1a: Florges|Protect|p1a: Florges\n|-singleturn|p1a: Florges|Protect\n|move|p2a: Amoonguss|Sludge Bomb|p1a: Florges\n|-activate|p1a: Florges|move: Protect\n|\n|-heal|p1a: Florges|152\/268|[from] item: Leftovers\n|upkeep\n|turn|47\n|\n|move|p1a: Florges|Moonblast|p2a: Amoonguss\n|-resisted|p2a: Amoonguss\n|-damage|p2a: Amoonguss|210\/321\n|move|p2a: Amoonguss|Sludge Bomb|p1a: Florges\n|-supereffective|p1a: Florges\n|-damage|p1a: Florges|74\/268\n|\n|-heal|p1a: Florges|90\/268|[from] item: Leftovers\n|upkeep\n|turn|48\n|\n|move|p1a: Florges|Moonblast|p2a: Amoonguss\n|-resisted|p2a: Amoonguss\n|-crit|p2a: Amoonguss\n|-damage|p2a: Amoonguss|122\/321\n|-unboost|p2a: Amoonguss|spa|1\n|move|p2a: Amoonguss|Sludge Bomb|p1a: Florges\n|-supereffective|p1a: Florges\n|-damage|p1a: Florges|36\/268\n|-status|p1a: Florges|psn\n|\n|-heal|p1a: Florges|52\/268 psn|[from] item: Leftovers\n|-damage|p1a: Florges|19\/268 psn|[from] psn\n|upkeep\n|turn|49\n|\n|move|p1a: Florges|Moonblast|p2a: Amoonguss\n|-resisted|p2a: Amoonguss\n|-damage|p2a: Amoonguss|60\/321\n|-unboost|p2a: Amoonguss|spa|1\n|move|p2a: Amoonguss|Synthesis|p2a: Amoonguss\n|-heal|p2a: Amoonguss|220\/321\n|\n|-heal|p1a: Florges|35\/268 psn|[from] item: Leftovers\n|-damage|p1a: Florges|2\/268 psn|[from] psn\n|upkeep\n|turn|50\n|\n|move|p1a: Florges|Moonblast|p2a: Amoonguss\n|-resisted|p2a: Amoonguss\n|-damage|p2a: Amoonguss|163\/321\n|move|p2a: Amoonguss|Synthesis|p2a: Amoonguss\n|-heal|p2a: Amoonguss|321\/321\n|\n|-heal|p1a: Florges|18\/268 psn|[from] item: Leftovers\n|-damage|p1a: Florges|0 fnt|[from] psn\n|faint|p1a: Florges\n|upkeep\n|\n|switch|p1a: Blastoise|Blastoise-Mega, L84, F|204\/270\n|turn|51\n|\n|move|p1a: Blastoise|Dark Pulse|p2a: Amoonguss\n|-damage|p2a: Amoonguss|205\/321\n|cant|p2a: Amoonguss|flinch\n|\n|upkeep\n|turn|52\n|\n|move|p1a: Blastoise|Dark Pulse|p2a: Amoonguss\n|-damage|p2a: Amoonguss|82\/321\n|cant|p2a: Amoonguss|flinch\n|\n|upkeep\n|turn|53\n|\n|move|p1a: Blastoise|Dark Pulse|p2a: Amoonguss\n|-damage|p2a: Amoonguss|0 fnt\n|faint|p2a: Amoonguss\n|\n|upkeep\n|c|\u2606Flashybee|no pls\n|\n|switch|p2a: Lunala|Lunala, L78|342\/342\n|turn|54\n|\n|move|p2a: Lunala|Calm Mind|p2a: Lunala\n|-boost|p2a: Lunala|spa|1\n|-boost|p2a: Lunala|spd|1\n|move|p1a: Blastoise|Dark Pulse|p2a: Lunala\n|-supereffective|p2a: Lunala\n|-damage|p2a: Lunala|196\/342\n|\n|-heal|p2a: Lunala|217\/342|[from] item: Leftovers\n|upkeep\n|turn|55\n|\n|move|p2a: Lunala|Moongeist Beam|p1a: Blastoise\n|-damage|p1a: Blastoise|50\/270\n|move|p1a: Blastoise|Dark Pulse|p2a: Lunala\n|-supereffective|p2a: Lunala\n|-damage|p2a: Lunala|0 fnt\n|faint|p2a: Lunala\n|\n|win|Hugmeihaveaids\n|raw|Hugmeihaveaids's rating: 1509 &rarr; <strong>1526<\/strong><br \/>(+17 for winning)\n|raw|Flashybee's rating: 1457 &rarr; <strong>1440<\/strong><br \/>(-17 for losing)\n|l|\u2606Flashybee\n","inputlog":">version 83bb9a3180624ee6ff507779fc1102035113cddd\n>start {\"formatid\":\"gen7randombattle\",\"seed\":[54609,6930,17941,21036],\"rated\":\"Rated battle\"}\n>player p1 {\"name\":\"Hugmeihaveaids\",\"avatar\":\"102\",\"team\":\"\",\"rating\":1509,\"seed\":[49838,11505,54210,9535]}\n>player p2 {\"name\":\"Flashybee\",\"avatar\":\"70\",\"team\":\"\",\"rating\":1457,\"seed\":[56752,3063,51330,58132]}\n>p1 switch 5\n>p2 switch 2\n>p1 move taunt\n>p2 move sludgebomb\n>p1 switch 6\n>p2 switch 4\n>p1 move calmmind\n>p2 move wish\n>p1 move aromatherapy\n>p2 switch 4\n>p1 move protect\n>p2 move clearsmog\n>p1 switch 6\n>p2 move clearsmog\n>p1 move knockoff\n>p2 move sludgebomb\n>p1 move recover\n>p2 switch 6\n>p1 move toxic\n>p2 move knockoff\n>p1 move recover\n>p2 move knockoff\n>p1 move recover\n>p2 switch 3\n>p1 move toxic\n>p2 move agility\n>p1 move recover\n>p2 move earthquake\n>p1 move recover\n>p2 move earthquake\n>p1 switch 6\n>p1 move protect\n>p2 move earthquake\n>p1 switch 4\n>p2 move wildcharge\n>p2 switch 3\n>p1 switch 3\n>p2 move fakeout\n>p1 move liquidation\n>p2 move knockoff\n>p1 move aquajet\n>p2 move knockoff\n>p2 switch 6\n>p1 move crunch\n>p2 move sludgebomb\n>p1 switch 3\n>p1 move roost\n>p2 switch 4\n>p1 switch 5\n>p2 move scald\n>p1 move swordsdance\n>p2 switch 4\n>p1 move return\n>p2 move sludgebomb\n>p1 move return\n>p2 switch 4\n>p1 move return\n>p2 move protect\n>p1 move return\n>p2 switch 4\n>p1 move return\n>p2 switch 5\n>p1 switch 2\n>p1 move darkpulse mega\n>p2 switch 4\n>p1 switch 5\n>p2 move protect\n>p1 move bravebird\n>p2 move wish\n>p2 switch 2\n>p1 move roost\n>p2 move return\n>p1 move flareblitz\n>p2 move return\n>p1 switch 5\n>p1 move darkpulse\n>p2 move suckerpunch\n>p2 switch 5\n>p1 switch 4\n>p2 move synthesis\n>p1 move calmmind\n>p2 move sludgebomb\n>p1 move moonblast\n>p2 move clearsmog\n>p1 move calmmind\n>p2 move sludgebomb\n>p1 move protect\n>p2 move clearsmog\n>p1 move moonblast\n>p2 move clearsmog\n>p1 move moonblast\n>p2 move synthesis\n>p1 move protect\n>p2 move clearsmog\n>p1 move moonblast\n>p2 move clearsmog\n>p1 move moonblast\n>p2 move synthesis\n>p1 move protect\n>p2 move sludgebomb\n>p1 move moonblast\n>p2 move sludgebomb\n>p1 move moonblast\n>p2 move sludgebomb\n>p1 move moonblast\n>p2 move synthesis\n>p1 move moonblast\n>p2 move synthesis\n>p1 switch 4\n>p1 move darkpulse\n>p2 move sludgebomb\n>p1 move darkpulse\n>p2 move sludgebomb\n>p1 move darkpulse\n>p2 move sludgebomb\n>p2 switch 4\n>p1 move darkpulse\n>p2 move calmmind\n>p1 move darkpulse\n>p2 move moongeistbeam","uploadtime":1565219627,"views":4,"p1id":"hugmeihaveaids","p2id":"flashybee","formatid":"gen7randombattle","rating":1440,"private":0,"password":null}