{"id":"gen7randombattle-1128536855","p1":"BaddyGames","p2":"K3ysha_x","format":"gen7randombattle","log":"|j|\u2606BaddyGames\n|j|\u2606K3ysha_x\n|player|p1|BaddyGames|275|\n|player|p2|K3ysha_x|winona|\n|teamsize|p1|6\n|teamsize|p2|6\n|gametype|singles\n|gen|7\n|tier|[Gen 7] Random Battle\n|rule|Sleep Clause Mod: Limit one foe put to sleep\n|rule|HP Percentage Mod: HP is shown in percentages\n|\n|start\n|switch|p1a: Rotom|Rotom, L86|226\/226\n|switch|p2a: Medicham|Medicham, L86, M|243\/243\n|turn|1\n|\n|move|p1a: Rotom|Shadow Ball|p2a: Medicham\n|-supereffective|p2a: Medicham\n|-damage|p2a: Medicham|33\/243\n|-unboost|p2a: Medicham|spd|1\n|move|p2a: Medicham|High Jump Kick|p1a: Rotom\n|-immune|p1a: Rotom\n|-damage|p2a: Medicham|0 fnt|[from] highjumpkick\n|faint|p2a: Medicham\n|\n|upkeep\n|\n|switch|p2a: Froslass|Froslass, L82, F|249\/249\n|turn|2\n|\n|move|p1a: Rotom|Shadow Ball|p2a: Froslass\n|-supereffective|p2a: Froslass\n|-crit|p2a: Froslass\n|-damage|p2a: Froslass|0 fnt\n|faint|p2a: Froslass\n|\n|upkeep\n|\n|switch|p2a: Dodrio|Dodrio, L88, M|249\/249\n|turn|3\n|inactive|Battle timer is ON: inactive players will automatically lose when time's up. (requested by K3ysha_x)\n|\n|switch|p1a: Giratina|Giratina, L78|362\/362\n|-ability|p1a: Giratina|Pressure\n|move|p2a: Dodrio|Return|p1a: Giratina\n|-immune|p1a: Giratina\n|\n|upkeep\n|turn|4\n|j| NintendoLabz\n|\n|move|p2a: Dodrio|Quick Attack|p1a: Giratina\n|-immune|p1a: Giratina\n|move|p1a: Giratina|Will-O-Wisp|p2a: Dodrio\n|-status|p2a: Dodrio|brn\n|\n|-damage|p2a: Dodrio|234\/249 brn|[from] brn\n|upkeep\n|turn|5\n|c| NintendoLabz|lets go k3ysha_x\n|c|\u2606K3ysha_x|:\"\/\n|\n|switch|p2a: Archeops|Archeops, L88, F|275\/275\n|move|p1a: Giratina|Dragon Tail|p2a: Archeops\n|-damage|p2a: Archeops|203\/275\n|drag|p2a: Armaldo|Armaldo, L88, M|275\/275\n|\n|upkeep\n|turn|6\n|\n|move|p1a: Giratina|Will-O-Wisp|p2a: Armaldo\n|-status|p2a: Armaldo|brn\n|move|p2a: Armaldo|Toxic|p1a: Giratina|[miss]\n|-miss|p2a: Armaldo|p1a: Giratina\n|\n|-damage|p2a: Armaldo|258\/275 brn|[from] brn\n|upkeep\n|turn|7\n|\n|switch|p1a: Scizor|Scizor, L80, M|243\/243\n|move|p2a: Armaldo|X-Scissor|p1a: Scizor\n|-resisted|p1a: Scizor\n|-damage|p1a: Scizor|215\/243\n|\n|-heal|p2a: Armaldo|275\/275 brn|[from] item: Leftovers\n|-damage|p2a: Armaldo|258\/275 brn|[from] brn\n|upkeep\n|turn|8\n|\n|detailschange|p1a: Scizor|Scizor-Mega, L80, M\n|-mega|p1a: Scizor|Scizor|Scizorite\n|move|p1a: Scizor|Swords Dance|p1a: Scizor\n|-boost|p1a: Scizor|atk|2\n|move|p2a: Armaldo|Stone Edge|p1a: Scizor\n|-damage|p1a: Scizor|164\/243\n|\n|-heal|p2a: Armaldo|275\/275 brn|[from] item: Leftovers\n|-damage|p2a: Armaldo|258\/275 brn|[from] brn\n|upkeep\n|turn|9\n|\n|move|p1a: Scizor|Swords Dance|p1a: Scizor\n|-boost|p1a: Scizor|atk|2\n|move|p2a: Armaldo|Stone Edge|p1a: Scizor|[miss]\n|-miss|p2a: Armaldo|p1a: Scizor\n|\n|-heal|p2a: Armaldo|275\/275 brn|[from] item: Leftovers\n|-damage|p2a: Armaldo|258\/275 brn|[from] brn\n|upkeep\n|turn|10\n|\n|move|p1a: Scizor|Swords Dance|p1a: Scizor\n|-boost|p1a: Scizor|atk|2\n|move|p2a: Armaldo|Stone Edge|p1a: Scizor\n|-damage|p1a: Scizor|111\/243\n|\n|-heal|p2a: Armaldo|275\/275 brn|[from] item: Leftovers\n|-damage|p2a: Armaldo|258\/275 brn|[from] brn\n|upkeep\n|turn|11\n|c| NintendoLabz|unfortunate\n|\n|move|p1a: Scizor|Bullet Punch|p2a: Armaldo\n|-supereffective|p2a: Armaldo\n|-damage|p2a: Armaldo|0 fnt\n|faint|p2a: Armaldo\n|\n|upkeep\n|\n|switch|p2a: Archeops|Archeops, L88, F|203\/275\n|turn|12\n|c|\u2606K3ysha_x|*agony*\n|\n|move|p1a: Scizor|Bullet Punch|p2a: Archeops\n|-supereffective|p2a: Archeops\n|-damage|p2a: Archeops|0 fnt\n|faint|p2a: Archeops\n|\n|upkeep\n|\n|switch|p2a: Dodrio|Dodrio, L88, M|234\/249 brn\n|turn|13\n|\n|move|p2a: Dodrio|Quick Attack|p1a: Scizor\n|-resisted|p1a: Scizor\n|-damage|p1a: Scizor|101\/243\n|move|p1a: Scizor|Bullet Punch|p2a: Dodrio\n|-damage|p2a: Dodrio|0 fnt\n|faint|p2a: Dodrio\n|\n|upkeep\n|c|\u2606K3ysha_x|i wasted my goodluck with Hydrotix >:\"\/\n|\n|switch|p2a: Gengar|Gengar, L78, M|222\/222\n|turn|14\n|\n|detailschange|p2a: Gengar|Gengar-Mega, L78, M\n|-mega|p2a: Gengar|Gengar|Gengarite\n|move|p1a: Scizor|Bullet Punch|p2a: Gengar\n|-damage|p2a: Gengar|0 fnt\n|faint|p2a: Gengar\n|\n|win|BaddyGames\n|c|\u2606BaddyGames|gg\n|l|\u2606K3ysha_x\n","inputlog":">version c9c7f6a747c4fa4bb90ab0817471f3f1098ea029\n>start {\"formatid\":\"gen7randombattle\",\"seed\":[57833,59767,37477,13988]}\n>player p1 {\"name\":\"BaddyGames\",\"avatar\":\"275\",\"team\":\"\",\"rating\":0,\"seed\":[7116,29808,63910,10566]}\n>player p2 {\"name\":\"K3ysha_x\",\"avatar\":\"winona\",\"team\":\"\",\"rating\":0,\"seed\":[34284,2142,18321,58972]}\n>p1 move shadowball\n>p2 move highjumpkick\n>p2 switch 3\n>p1 move shadowball\n>p2 move destinybond\n>p2 switch 4\n>p1 switch 3\n>p2 move return\n>p1 move willowisp\n>p2 move quickattack\n>p1 move dragontail\n>p2 switch 5\n>p1 move willowisp\n>p2 move toxic\n>p1 switch 6\n>p2 move xscissor\n>p1 move swordsdance mega\n>p2 move stoneedge\n>p1 move swordsdance\n>p2 move stoneedge\n>p1 move swordsdance\n>p2 move stoneedge\n>p1 move bulletpunch\n>p2 move stoneedge\n>p2 switch 6\n>p1 move bulletpunch\n>p2 move aquatail\n>p2 switch 5\n>p1 move bulletpunch\n>p2 move quickattack\n>p2 switch 2\n>p1 move bulletpunch\n>p2 move shadowball mega","uploadtime":1591548669,"views":9,"p1id":"baddygames","p2id":"k3yshax","formatid":"gen7randombattle","rating":0,"private":0,"password":null}