{"id":"gen7ou-1029518399","p1":"Shardul888","p2":"Fynx OCE","format":"gen7ou","log":"|j|\u2606Shardul888\n|j|\u2606Fynx OCE\n|player|p1|Shardul888|92|1630\n|player|p2|Fynx OCE|silver|1495\n|teamsize|p1|6\n|teamsize|p2|6\n|gametype|singles\n|gen|7\n|tier|[Gen 7] OU\n|rated|\n|rule|Sleep Clause Mod: Limit one foe put to sleep\n|rule|Species Clause: Limit one of each Pok\u00e9mon\n|rule|OHKO Clause: OHKO moves are banned\n|rule|Moody Clause: Moody is banned\n|rule|Evasion Moves Clause: Evasion moves are banned\n|rule|Endless Battle Clause: Forcing endless battles is banned\n|rule|HP Percentage Mod: HP is shown in percentages\n|clearpoke\n|poke|p1|Venusaur, M|item\n|poke|p1|Magearna|item\n|poke|p1|Dragonite, M|item\n|poke|p1|Entei|item\n|poke|p1|Gliscor, F|item\n|poke|p1|Toxapex, F|item\n|poke|p2|Snorlax, F|item\n|poke|p2|Ditto|item\n|poke|p2|Tornadus-Therian, M|item\n|poke|p2|Slowbro, M|item\n|poke|p2|Manectric, M|item\n|poke|p2|Landorus-Therian, M|item\n|teampreview\n|inactive|Battle timer is ON: inactive players will automatically lose when time's up. (requested by Shardul888)\n|\n|start\n|switch|p1a: Wonder Woman|Magearna|100\/100\n|switch|p2a: Manectric|Manectric, M|100\/100\n|turn|1\n|\n|switch|p1a: Spiderman|Gliscor, F|100\/100\n|detailschange|p2a: Manectric|Manectric-Mega, M\n|-mega|p2a: Manectric|Manectric|Manectite\n|-ability|p2a: Manectric|Intimidate|boost\n|-unboost|p1a: Spiderman|atk|1\n|move|p2a: Manectric|Overheat|p1a: Spiderman\n|-crit|p1a: Spiderman\n|-damage|p1a: Spiderman|21\/100\n|-unboost|p2a: Manectric|spa|2\n|\n|-status|p1a: Spiderman|tox|[from] item: Toxic Orb\n|upkeep\n|turn|2\n|\n|move|p1a: Spiderman|Protect|p1a: Spiderman\n|-singleturn|p1a: Spiderman|Protect\n|move|p2a: Manectric|Hidden Power|p1a: Spiderman\n|-activate|p1a: Spiderman|move: Protect\n|\n|-heal|p1a: Spiderman|34\/100 tox|[from] ability: Poison Heal\n|upkeep\n|turn|3\n|\n|switch|p2a: Packs A Punch|Slowbro, M|100\/100\n|switch|p1a: Captain America|Venusaur, M|100\/100\n|\n|upkeep\n|turn|4\n|\n|detailschange|p1a: Captain America|Venusaur-Mega, M\n|-mega|p1a: Captain America|Venusaur|Venusaurite\n|move|p1a: Captain America|Giga Drain|p2a: Packs A Punch\n|-supereffective|p2a: Packs A Punch\n|-damage|p2a: Packs A Punch|37\/100\n|move|p2a: Packs A Punch|Psyshock|p1a: Captain America\n|-supereffective|p1a: Captain America\n|-damage|p1a: Captain America|22\/100\n|\n|upkeep\n|turn|5\n|\n|switch|p2a: Flying Forever|Tornadus-Therian, M|100\/100\n|move|p1a: Captain America|Giga Drain|p2a: Flying Forever\n|-resisted|p2a: Flying Forever\n|-damage|p2a: Flying Forever|85\/100\n|-heal|p1a: Captain America|31\/100|[from] drain|[of] p2a: Flying Forever\n|\n|upkeep\n|turn|6\n|\n|switch|p1a: Black Widow|Toxapex, F|100\/100\n|move|p2a: Flying Forever|Hurricane|p1a: Black Widow\n|-damage|p1a: Black Widow|75\/100\n|\n|-heal|p1a: Black Widow|81\/100|[from] item: Leftovers\n|upkeep\n|turn|7\n|\n|move|p1a: Black Widow|Baneful Bunker|p1a: Black Widow\n|-singleturn|p1a: Black Widow|move: Protect\n|move|p2a: Flying Forever|Taunt|p1a: Black Widow\n|-activate|p1a: Black Widow|move: Protect\n|\n|-heal|p1a: Black Widow|87\/100|[from] item: Leftovers\n|upkeep\n|turn|8\n|\n|move|p2a: Flying Forever|Taunt|p1a: Black Widow\n|-start|p1a: Black Widow|move: Taunt\n|move|p1a: Black Widow|Scald|p2a: Flying Forever\n|-damage|p2a: Flying Forever|67\/100\n|\n|-heal|p1a: Black Widow|94\/100|[from] item: Leftovers\n|upkeep\n|turn|9\n|\n|switch|p2a: Packs A Punch|Slowbro, M|71\/100\n|move|p1a: Black Widow|Scald|p2a: Packs A Punch\n|-resisted|p2a: Packs A Punch\n|-damage|p2a: Packs A Punch|62\/100\n|\n|-heal|p1a: Black Widow|99\/100|[from] item: Leftovers\n|upkeep\n|turn|10\n|\n|move|p1a: Black Widow|Scald|p2a: Packs A Punch\n|-resisted|p2a: Packs A Punch\n|-damage|p2a: Packs A Punch|53\/100\n|-status|p2a: Packs A Punch|brn\n|move|p2a: Packs A Punch|Psyshock|p1a: Black Widow\n|-supereffective|p1a: Black Widow\n|-damage|p1a: Black Widow|21\/100\n|\n|-heal|p1a: Black Widow|27\/100|[from] item: Leftovers\n|-damage|p2a: Packs A Punch|47\/100 brn|[from] brn\n|-end|p1a: Black Widow|move: Taunt\n|upkeep\n|turn|11\n|\n|move|p1a: Black Widow|Baneful Bunker|p1a: Black Widow\n|-singleturn|p1a: Black Widow|move: Protect\n|move|p2a: Packs A Punch|Psyshock|p1a: Black Widow\n|-activate|p1a: Black Widow|move: Protect\n|\n|-heal|p1a: Black Widow|33\/100|[from] item: Leftovers\n|-damage|p2a: Packs A Punch|41\/100 brn|[from] brn\n|upkeep\n|turn|12\n|\n|switch|p1a: Wonder Woman|Magearna|100\/100\n|move|p2a: Packs A Punch|Psyshock|p1a: Wonder Woman\n|-resisted|p1a: Wonder Woman\n|-damage|p1a: Wonder Woman|82\/100\n|\n|-damage|p2a: Packs A Punch|35\/100 brn|[from] brn\n|upkeep\n|turn|13\n|\n|switch|p2a: Living The Life|Snorlax, F, shiny|100\/100\n|move|p1a: Wonder Woman|Dazzling Gleam|p2a: Living The Life\n|-damage|p2a: Living The Life|82\/100\n|\n|upkeep\n|turn|14\n|\n|switch|p1a: Spiderman|Gliscor, F|34\/100 tox\n|move|p2a: Living The Life|Curse|p2a: Living The Life\n|-unboost|p2a: Living The Life|spe|1\n|-boost|p2a: Living The Life|atk|1\n|-boost|p2a: Living The Life|def|1\n|\n|-heal|p1a: Spiderman|46\/100 tox|[from] ability: Poison Heal\n|upkeep\n|turn|15\n|\n|switch|p2a: Packs A Punch|Slowbro, M|68\/100 brn\n|move|p1a: Spiderman|Toxic||[still]\n|-fail|p1a: Spiderman\n|\n|-heal|p1a: Spiderman|59\/100 tox|[from] ability: Poison Heal\n|-damage|p2a: Packs A Punch|62\/100 brn|[from] brn\n|upkeep\n|turn|16\n|\n|move|p1a: Spiderman|Protect|p1a: Spiderman\n|-singleturn|p1a: Spiderman|Protect\n|move|p2a: Packs A Punch|Scald|p1a: Spiderman\n|-activate|p1a: Spiderman|move: Protect\n|\n|-heal|p1a: Spiderman|71\/100 tox|[from] ability: Poison Heal\n|-damage|p2a: Packs A Punch|56\/100 brn|[from] brn\n|upkeep\n|turn|17\n|\n|switch|p1a: Black Widow|Toxapex, F|67\/100\n|move|p2a: Packs A Punch|Scald|p1a: Black Widow\n|-resisted|p1a: Black Widow\n|-damage|p1a: Black Widow|48\/100\n|-status|p1a: Black Widow|brn\n|\n|-heal|p1a: Black Widow|54\/100 brn|[from] item: Leftovers\n|-damage|p1a: Black Widow|48\/100 brn|[from] brn\n|-damage|p2a: Packs A Punch|50\/100 brn|[from] brn\n|upkeep\n|turn|18\n|\n|switch|p1a: Wonder Woman|Magearna|82\/100\n|switch|p2a: Manectric|Manectric-Mega, M|100\/100\n|-ability|p2a: Manectric|Intimidate|boost\n|-unboost|p1a: Wonder Woman|atk|1\n|\n|upkeep\n|turn|19\n|\n|switch|p1a: Black Widow|Toxapex, F|81\/100 brn\n|move|p2a: Manectric|Volt Switch|p1a: Black Widow\n|-supereffective|p1a: Black Widow\n|-damage|p1a: Black Widow|32\/100 brn\n|\n|switch|p2a: Landorus|Landorus-Therian, M|100\/100|[from]move: Volt Switch\n|-ability|p2a: Landorus|Intimidate|boost\n|-unboost|p1a: Black Widow|atk|1\n|\n|-heal|p1a: Black Widow|38\/100 brn|[from] item: Leftovers\n|-damage|p1a: Black Widow|32\/100 brn|[from] brn\n|upkeep\n|turn|20\n|\n|move|p2a: Landorus|Stealth Rock|p1a: Black Widow\n|-sidestart|p1: Shardul888|move: Stealth Rock\n|move|p1a: Black Widow|Toxic|p2a: Landorus\n|-status|p2a: Landorus|tox\n|\n|-heal|p1a: Black Widow|38\/100 brn|[from] item: Leftovers\n|-damage|p2a: Landorus|94\/100 tox|[from] psn\n|-damage|p1a: Black Widow|32\/100 brn|[from] brn\n|upkeep\n|turn|21\n|\n|switch|p2a: Manectric|Manectric-Mega, M|100\/100\n|-ability|p2a: Manectric|Intimidate|boost\n|-unboost|p1a: Black Widow|atk|1\n|switch|p1a: Spiderman|Gliscor, F|71\/100 tox\n|-damage|p1a: Spiderman|59\/100 tox|[from] Stealth Rock\n|\n|-heal|p1a: Spiderman|71\/100 tox|[from] ability: Poison Heal\n|upkeep\n|turn|22\n|\n|move|p1a: Spiderman|Protect|p1a: Spiderman\n|-singleturn|p1a: Spiderman|Protect\n|move|p2a: Manectric|Hidden Power|p1a: Spiderman\n|-activate|p1a: Spiderman|move: Protect\n|\n|-heal|p1a: Spiderman|84\/100 tox|[from] ability: Poison Heal\n|upkeep\n|turn|23\n|\n|move|p2a: Manectric|Hidden Power|p1a: Spiderman\n|-supereffective|p1a: Spiderman\n|-damage|p1a: Spiderman|0 fnt\n|faint|p1a: Spiderman\n|\n|upkeep\n|\n|switch|p1a: Thor|Entei, shiny|100\/100\n|-damage|p1a: Thor|75\/100|[from] Stealth Rock\n|-ability|p1a: Thor|Pressure\n|turn|24\n|\n|switch|p2a: Packs A Punch|Slowbro, M|83\/100 brn\n|move|p1a: Thor|Sacred Fire|p2a: Packs A Punch\n|-resisted|p2a: Packs A Punch\n|-damage|p2a: Packs A Punch|63\/100 brn\n|\n|-damage|p2a: Packs A Punch|56\/100 brn|[from] brn\n|upkeep\n|turn|25\n|\n|move|p1a: Thor|Sacred Fire|p2a: Packs A Punch\n|-resisted|p2a: Packs A Punch\n|-damage|p2a: Packs A Punch|37\/100 brn\n|move|p2a: Packs A Punch|Psyshock|p1a: Thor\n|-damage|p1a: Thor|31\/100\n|\n|-damage|p2a: Packs A Punch|31\/100 brn|[from] brn\n|upkeep\n|turn|26\n|\n|move|p1a: Thor|Sacred Fire|p2a: Packs A Punch\n|-resisted|p2a: Packs A Punch\n|-damage|p2a: Packs A Punch|9\/100 brn\n|move|p2a: Packs A Punch|Psyshock|p1a: Thor\n|-damage|p1a: Thor|0 fnt\n|faint|p1a: Thor\n|\n|-damage|p2a: Packs A Punch|3\/100 brn|[from] brn\n|upkeep\n|\n|switch|p1a: Captain America|Venusaur-Mega, M|31\/100\n|-damage|p1a: Captain America|18\/100|[from] Stealth Rock\n|turn|27\n|\n|move|p1a: Captain America|Synthesis|p1a: Captain America\n|-heal|p1a: Captain America|68\/100\n|move|p2a: Packs A Punch|Psyshock|p1a: Captain America\n|-supereffective|p1a: Captain America\n|-damage|p1a: Captain America|0 fnt\n|faint|p1a: Captain America\n|\n|-damage|p2a: Packs A Punch|0 fnt|[from] brn\n|faint|p2a: Packs A Punch\n|upkeep\n|\n|switch|p1a: Wonder Woman|Magearna|82\/100\n|switch|p2a: Manectric|Manectric-Mega, M|100\/100\n|-ability|p2a: Manectric|Intimidate|boost\n|-unboost|p1a: Wonder Woman|atk|1\n|-damage|p1a: Wonder Woman|75\/100|[from] Stealth Rock\n|turn|28\n|\n|move|p2a: Manectric|Overheat|p1a: Wonder Woman\n|-supereffective|p1a: Wonder Woman\n|-damage|p1a: Wonder Woman|4\/100\n|-unboost|p2a: Manectric|spa|2\n|-enditem|p1a: Wonder Woman|Aguav Berry|[eat]\n|-heal|p1a: Wonder Woman|54\/100|[from] item: Aguav Berry\n|move|p1a: Wonder Woman|Dazzling Gleam|p2a: Manectric\n|-damage|p2a: Manectric|46\/100\n|\n|upkeep\n|turn|29\n|\n|move|p2a: Manectric|Volt Switch|p1a: Wonder Woman\n|-damage|p1a: Wonder Woman|38\/100\n|\n|switch|p2a: Living The Life|Snorlax, F, shiny|82\/100|[from]move: Volt Switch\n|move|p1a: Wonder Woman|Ice Beam|p2a: Living The Life\n|-damage|p2a: Living The Life|68\/100\n|\n|upkeep\n|turn|30\n|\n|move|p1a: Wonder Woman|Aura Sphere|p2a: Living The Life\n|-supereffective|p2a: Living The Life\n|-damage|p2a: Living The Life|43\/100\n|-enditem|p2a: Living The Life|Mago Berry|[eat]\n|-heal|p2a: Living The Life|93\/100|[from] item: Mago Berry\n|move|p2a: Living The Life|Curse|p2a: Living The Life\n|-unboost|p2a: Living The Life|spe|1\n|-boost|p2a: Living The Life|atk|1\n|-boost|p2a: Living The Life|def|1\n|\n|upkeep\n|turn|31\n|\n|move|p1a: Wonder Woman|Aura Sphere|p2a: Living The Life\n|-supereffective|p2a: Living The Life\n|-damage|p2a: Living The Life|68\/100\n|move|p2a: Living The Life|Curse|p2a: Living The Life\n|-unboost|p2a: Living The Life|spe|1\n|-boost|p2a: Living The Life|atk|1\n|-boost|p2a: Living The Life|def|1\n|\n|upkeep\n|turn|32\n|\n|move|p1a: Wonder Woman|Heart Swap|p2a: Living The Life\n|-swapboost|p1a: Wonder Woman|p2a: Living The Life|[from] move: Heart Swap\n|move|p2a: Living The Life|Curse|p2a: Living The Life\n|-unboost|p2a: Living The Life|spe|1\n|-boost|p2a: Living The Life|atk|1\n|-boost|p2a: Living The Life|def|1\n|\n|upkeep\n|turn|33\n|\n|move|p1a: Wonder Woman|Aura Sphere|p2a: Living The Life\n|-supereffective|p2a: Living The Life\n|-damage|p2a: Living The Life|45\/100\n|move|p2a: Living The Life|Curse|p2a: Living The Life\n|-unboost|p2a: Living The Life|spe|1\n|-boost|p2a: Living The Life|atk|1\n|-boost|p2a: Living The Life|def|1\n|\n|upkeep\n|turn|34\n|\n|move|p1a: Wonder Woman|Ice Beam|p2a: Living The Life\n|-damage|p2a: Living The Life|31\/100\n|move|p2a: Living The Life|Recycle|p2a: Living The Life\n|-item|p2a: Living The Life|Mago Berry|[from] move: Recycle\n|-enditem|p2a: Living The Life|Mago Berry|[eat]\n|-heal|p2a: Living The Life|81\/100|[from] item: Mago Berry\n|\n|upkeep\n|turn|35\n|\n|move|p1a: Wonder Woman|Ice Beam|p2a: Living The Life\n|-damage|p2a: Living The Life|67\/100\n|-status|p2a: Living The Life|frz\n|cant|p2a: Living The Life|frz\n|\n|upkeep\n|turn|36\n|\n|move|p1a: Wonder Woman|Aura Sphere|p2a: Living The Life\n|-supereffective|p2a: Living The Life\n|-damage|p2a: Living The Life|44\/100 frz\n|-curestatus|p2a: Living The Life|frz|[msg]\n|move|p2a: Living The Life|Curse|p2a: Living The Life\n|-unboost|p2a: Living The Life|spe|1\n|-boost|p2a: Living The Life|atk|1\n|-boost|p2a: Living The Life|def|1\n|\n|upkeep\n|turn|37\n|\n|move|p1a: Wonder Woman|Aura Sphere|p2a: Living The Life\n|-supereffective|p2a: Living The Life\n|-damage|p2a: Living The Life|19\/100\n|move|p2a: Living The Life|Recycle|p2a: Living The Life\n|-item|p2a: Living The Life|Mago Berry|[from] move: Recycle\n|-enditem|p2a: Living The Life|Mago Berry|[eat]\n|-heal|p2a: Living The Life|69\/100|[from] item: Mago Berry\n|\n|upkeep\n|turn|38\n|\n|move|p1a: Wonder Woman|Aura Sphere|p2a: Living The Life\n|-supereffective|p2a: Living The Life\n|-damage|p2a: Living The Life|44\/100\n|move|p2a: Living The Life|Recycle|p2a: Living The Life\n|-item|p2a: Living The Life|Mago Berry|[from] move: Recycle\n|-enditem|p2a: Living The Life|Mago Berry|[eat]\n|-heal|p2a: Living The Life|94\/100|[from] item: Mago Berry\n|\n|upkeep\n|turn|39\n|\n|move|p1a: Wonder Woman|Ice Beam|p2a: Living The Life\n|-damage|p2a: Living The Life|81\/100\n|move|p2a: Living The Life|Earthquake|p1a: Wonder Woman\n|-supereffective|p1a: Wonder Woman\n|-damage|p1a: Wonder Woman|0 fnt\n|faint|p1a: Wonder Woman\n|\n|upkeep\n|\n|switch|p1a: Black Widow|Toxapex, F|65\/100 brn\n|-damage|p1a: Black Widow|52\/100 brn|[from] Stealth Rock\n|turn|40\n|\n|move|p1a: Black Widow|Toxic|p2a: Living The Life\n|-status|p2a: Living The Life|tox\n|move|p2a: Living The Life|Earthquake|p1a: Black Widow\n|-supereffective|p1a: Black Widow\n|-damage|p1a: Black Widow|0 fnt\n|faint|p1a: Black Widow\n|\n|-damage|p2a: Living The Life|75\/100 tox|[from] psn\n|upkeep\n|\n|switch|p1a: Superman|Dragonite, M|100\/100\n|-damage|p1a: Superman|76\/100|[from] Stealth Rock\n|turn|41\n|\n|move|p1a: Superman|Earthquake|p2a: Living The Life\n|-damage|p2a: Living The Life|62\/100 tox\n|move|p2a: Living The Life|Facade|p1a: Superman\n|-damage|p1a: Superman|0 fnt\n|faint|p1a: Superman\n|\n|win|Fynx OCE\n|l|\u2606Shardul888\n|raw|Shardul888's rating: 1642 &rarr; <strong>1614<\/strong><br \/>(-28 for losing)\n|raw|Fynx OCE's rating: 1495 &rarr; <strong>1523<\/strong><br \/>(+28 for winning)\n","uploadtime":1576283762,"views":30,"p1id":"shardul888","p2id":"fynxoce","formatid":"gen7ou","rating":1523,"private":0,"password":null}