{"id":"gen7ou-670907212","p1":"Toxabelle","p2":"theveryworstplayer","format":"gen7ou","log":"|raw|<div class=\"broadcast-red\"><strong>This battle is invite-only!<\/strong><br \/>Users must be rank + or invited with <code>\/invite<\/code> to join<\/div>\n|j|Toxabelle\n|j|theveryworstplayer\n|player|p1|Toxabelle|169\n|teamsize|p1|6\n|player|p2|theveryworstplayer|159\n|teamsize|p2|6\n|gametype|singles\n|gen|7\n|tier|[Gen 7] OU\n|rated|\n|seed|48500,38943,20067,46102\n|rule|Sleep Clause Mod: Limit one foe put to sleep\n|rule|Species Clause: Limit one of each Pok\u00e9mon\n|rule|OHKO Clause: OHKO moves are banned\n|rule|Moody Clause: Moody is banned\n|rule|Evasion Moves Clause: Evasion moves are banned\n|rule|Endless Battle Clause: Forcing endless battles is banned\n|rule|HP Percentage Mod: HP is shown in percentages\n|clearpoke\n|poke|p1|Venusaur, F|item\n|poke|p1|Skarmory, F|item\n|poke|p1|Keldeo-Resolute|item\n|poke|p1|Chansey, F|item\n|poke|p1|Heatran, F|item\n|poke|p1|Bisharp, M|item\n|poke|p2|Hawlucha, M|item\n|poke|p2|Landorus-Therian, M|item\n|poke|p2|Tapu Lele|item\n|poke|p2|Alakazam, F|item\n|poke|p2|Tapu Koko|item\n|poke|p2|Magearna|item\n|teampreview\n|inactive|Battle timer is ON: inactive players will automatically lose when time's up. (requested by Toxabelle)\n|choice|team 4, team 2, team 3, team 1, team 5, team 6|team 3, team 2, team 1, team 4, team 5, team 6\n|\n|start\n|switch|p1a: Chansey|Chansey, F|703\/703\n|switch|p2a: Tapu Lele|Tapu Lele|281\/281\n|-fieldstart|move: Psychic Terrain|[from] ability: Psychic Surge|[of] p2a: Tapu Lele\n|turn|1\n|choice|switch 5|move psyshock\n|\n|switch|p1a: Heatran|Heatran, F|386\/386\n|move|p2a: Tapu Lele|Psyshock|p1a: Heatran\n|-resisted|p1a: Heatran\n|-damage|p1a: Heatran|220\/386\n|\n|-heal|p1a: Heatran|244\/386|[from] item: Leftovers\n|upkeep\n|turn|2\n|choice|move stealthrock|move psyshock\n|\n|move|p2a: Tapu Lele|Psyshock|p1a: Heatran\n|-resisted|p1a: Heatran\n|-damage|p1a: Heatran|78\/386\n|move|p1a: Heatran|Stealth Rock|p2a: Tapu Lele\n|-sidestart|p2: theveryworstplayer|move: Stealth Rock\n|\n|-heal|p1a: Heatran|102\/386|[from] item: Leftovers\n|upkeep\n|turn|3\n|choice|switch 6|switch 2\n|\n|switch|p2a: Landorus|Landorus-Therian, M|381\/381\n|-damage|p2a: Landorus|334\/381|[from] Stealth Rock\n|-ability|p2a: Landorus|Intimidate|boost\n|-unboost|p1a: Heatran|atk|1\n|switch|p1a: Bisharp|Bisharp, M|334\/334\n|\n|upkeep\n|turn|4\n|choice|switch 2|move stealthrock\n|\n|switch|p1a: Skarmory|Skarmory, F|333\/333\n|move|p2a: Landorus|Stealth Rock|p1a: Skarmory\n|-sidestart|p1: Toxabelle|move: Stealth Rock\n|\n|upkeep\n|turn|5\n|choice|move spikes|switch 6\n|\n|switch|p2a: Magearna|Magearna|363\/363\n|-damage|p2a: Magearna|341\/363|[from] Stealth Rock\n|move|p1a: Skarmory|Spikes|p2a: Magearna\n|-sidestart|p2: theveryworstplayer|Spikes\n|\n|-fieldend|move: Psychic Terrain\n|upkeep\n|turn|6\n|choice|switch 4|move voltswitch\n|\n|switch|p1a: Venusaur|Venusaur, F|363\/363\n|-damage|p1a: Venusaur|318\/363|[from] Stealth Rock\n|move|p2a: Magearna|Volt Switch|p1a: Venusaur\n|-resisted|p1a: Venusaur\n|-damage|p1a: Venusaur|271\/363\n|inactive|theveryworstplayer has 135 seconds left.\n|choice||switch 2\n|\n|switch|p2a: Tapu Lele|Tapu Lele|281\/281|[from]move: Volt Switch\n|-damage|p2a: Tapu Lele|246\/281|[from] Spikes\n|-damage|p2a: Tapu Lele|211\/281|[from] Stealth Rock\n|-fieldstart|move: Psychic Terrain|[from] ability: Psychic Surge|[of] p2a: Tapu Lele\n|\n|upkeep\n|turn|7\n|choice|move sludgebomb mega|move psyshock\n|\n|-mega|p1a: Venusaur|Venusaur|Venusaurite\n|detailschange|p1a: Venusaur|Venusaur-Mega, F\n|move|p2a: Tapu Lele|Psyshock|p1a: Venusaur\n|-supereffective|p1a: Venusaur\n|-damage|p1a: Venusaur|0 fnt\n|faint|p1a: Venusaur\n|\n|upkeep\n|choice|switch 2|\n|\n|switch|p1a: Bisharp|Bisharp, M|334\/334\n|-damage|p1a: Bisharp|314\/334|[from] Stealth Rock\n|turn|8\n|choice|move ironhead|switch 6\n|\n|switch|p2a: Landorus|Landorus-Therian, M|334\/381\n|-damage|p2a: Landorus|287\/381|[from] Stealth Rock\n|-ability|p2a: Landorus|Intimidate|boost\n|-unboost|p1a: Bisharp|atk|1\n|-ability|p1a: Bisharp|Defiant|boost\n|-boost|p1a: Bisharp|atk|2\n|move|p1a: Bisharp|Iron Head|p2a: Landorus\n|-damage|p2a: Landorus|107\/381\n|-damage|p1a: Bisharp|259\/334|[from] item: Rocky Helmet|[of] p2a: Landorus\n|\n|-heal|p1a: Bisharp|279\/334|[from] item: Leftovers\n|upkeep\n|turn|9\n|choice|move suckerpunch|move earthquake\n|\n|move|p1a: Bisharp|Sucker Punch|p2a: Landorus\n|-damage|p2a: Landorus|0 fnt\n|-damage|p1a: Bisharp|224\/334|[from] item: Rocky Helmet|[of] p2a: Landorus\n|faint|p2a: Landorus\n|\n|-heal|p1a: Bisharp|244\/334|[from] item: Leftovers\n|upkeep\n|choice||switch 6\n|\n|switch|p2a: Tapu Lele|Tapu Lele|211\/281\n|-damage|p2a: Tapu Lele|176\/281|[from] Spikes\n|-damage|p2a: Tapu Lele|141\/281|[from] Stealth Rock\n|turn|10\n|choice|switch 5|move moonblast\n|\n|switch|p1a: Chansey|Chansey, F|703\/703\n|-damage|p1a: Chansey|616\/703|[from] Stealth Rock\n|move|p2a: Tapu Lele|Moonblast|p1a: Chansey\n|-damage|p1a: Chansey|442\/703\n|\n|-fieldend|move: Psychic Terrain\n|upkeep\n|turn|11\n|choice|move softboiled|switch 5\n|\n|switch|p2a: Tapu Koko|Tapu Koko|281\/281\n|-damage|p2a: Tapu Koko|246\/281|[from] Spikes\n|-damage|p2a: Tapu Koko|211\/281|[from] Stealth Rock\n|-fieldstart|move: Electric Terrain|[from] ability: Electric Surge|[of] p2a: Tapu Koko\n|move|p1a: Chansey|Soft-Boiled|p1a: Chansey\n|-heal|p1a: Chansey|703\/703\n|\n|upkeep\n|turn|12\n|choice|move softboiled|move defog\n|\n|move|p2a: Tapu Koko|Defog|p1a: Chansey\n|-unboost|p1a: Chansey|evasion|1\n|-sideend|p1: Toxabelle|Stealth Rock|[from] move: Defog|[of] p1a: Chansey\n|-sideend|p2: theveryworstplayer|Spikes|[from] move: Defog|[of] p2a: Tapu Koko\n|-sideend|p2: theveryworstplayer|Stealth Rock|[from] move: Defog|[of] p2a: Tapu Koko\n|move|p1a: Chansey|Soft-Boiled|p1a: Chansey\n|-fail|p1a: Chansey\n|\n|upkeep\n|turn|13\n|choice|move softboiled|move wildcharge\n|\n|move|p2a: Tapu Koko|Wild Charge|p1a: Chansey\n|-damage|p1a: Chansey|426\/703\n|-damage|p2a: Tapu Koko|142\/281|[from] Recoil|[of] p1a: Chansey\n|move|p1a: Chansey|Soft-Boiled|p1a: Chansey\n|-heal|p1a: Chansey|703\/703\n|\n|upkeep\n|turn|14\n|choice|move softboiled|move uturn\n|\n|move|p2a: Tapu Koko|U-turn|p1a: Chansey\n|-damage|p1a: Chansey|598\/703\n|choice||switch 3\n|\n|switch|p2a: Hawlucha|Hawlucha, M|303\/303|[from]move: U-turn\n|-enditem|p2a: Hawlucha|Electric Seed\n|-boost|p2a: Hawlucha|def|1\n|move|p1a: Chansey|Soft-Boiled|p1a: Chansey\n|-heal|p1a: Chansey|703\/703\n|\n|upkeep\n|turn|15\n|choice|switch 4|move swordsdance\n|\n|switch|p1a: Skarmory|Skarmory, F|333\/333\n|move|p2a: Hawlucha|Swords Dance|p2a: Hawlucha\n|-boost|p2a: Hawlucha|atk|2\n|\n|-fieldend|move: Electric Terrain\n|upkeep\n|turn|16\n|choice|move roost|move highjumpkick\n|\n|move|p2a: Hawlucha|High Jump Kick|p1a: Skarmory\n|-damage|p1a: Skarmory|108\/333\n|-damage|p2a: Hawlucha|253\/303|[from] item: Rocky Helmet|[of] p1a: Skarmory\n|move|p1a: Skarmory|Roost|p1a: Skarmory\n|-heal|p1a: Skarmory|275\/333\n|\n|upkeep\n|turn|17\n|choice|move bravebird|move highjumpkick\n|\n|move|p2a: Hawlucha|High Jump Kick|p1a: Skarmory\n|-damage|p1a: Skarmory|65\/333\n|-damage|p2a: Hawlucha|203\/303|[from] item: Rocky Helmet|[of] p1a: Skarmory\n|move|p1a: Skarmory|Brave Bird|p2a: Hawlucha\n|-supereffective|p2a: Hawlucha\n|-damage|p2a: Hawlucha|5\/303\n|-damage|p1a: Skarmory|0 fnt|[from] Recoil|[of] p2a: Hawlucha\n|faint|p1a: Skarmory\n|\n|upkeep\n|choice|switch 5|\n|\n|switch|p1a: Bisharp|Bisharp, M|244\/334\n|turn|18\n|choice|move ironhead|switch 5\n|\n|switch|p2a: Tapu Lele|Tapu Lele|141\/281\n|-fieldstart|move: Psychic Terrain|[from] ability: Psychic Surge|[of] p2a: Tapu Lele\n|move|p1a: Bisharp|Iron Head|p2a: Tapu Lele\n|-supereffective|p2a: Tapu Lele\n|-damage|p2a: Tapu Lele|0 fnt\n|faint|p2a: Tapu Lele\n|\n|-heal|p1a: Bisharp|264\/334|[from] item: Leftovers\n|upkeep\n|c|\u2606theveryworstplayer|bold\n|c|\u2606Toxabelle|i have to\n|inactive|theveryworstplayer has 135 seconds left.\n|choice||switch 3\n|\n|switch|p2a: Tapu Koko|Tapu Koko|142\/281\n|-fieldstart|move: Electric Terrain|[from] ability: Electric Surge|[of] p2a: Tapu Koko\n|turn|19\n|choice|switch 6|move wildcharge zmove\n|\n|switch|p1a: Heatran|Heatran, F|102\/386\n|-zpower|p2a: Tapu Koko\n|move|p2a: Tapu Koko|Gigavolt Havoc|p1a: Heatran|[zeffect]\n|-damage|p1a: Heatran|0 fnt\n|faint|p1a: Heatran\n|\n|upkeep\n|choice|switch 4|\n|\n|switch|p1a: Chansey|Chansey, F|703\/703\n|turn|20\n|c|\u2606theveryworstplayer|you had to sucker or lucha won\n|inactive|theveryworstplayer has 135 seconds left.\n|c|\u2606theveryworstplayer|i know that so i went lele\n|c|\u2606theveryworstplayer|and you were bold\n|c|\u2606theveryworstplayer|you didnt have to\n|inactive|theveryworstplayer has 120 seconds left.\n|inactive|Toxabelle has 135 seconds left.\n|c|\u2606theveryworstplayer|iron\n|choice|move softboiled|move wildcharge\n|\n|move|p2a: Tapu Koko|Wild Charge|p1a: Chansey\n|-damage|p1a: Chansey|394\/703\n|-damage|p2a: Tapu Koko|65\/281|[from] Recoil|[of] p1a: Chansey\n|move|p1a: Chansey|Soft-Boiled|p1a: Chansey\n|-heal|p1a: Chansey|703\/703\n|\n|upkeep\n|turn|21\n|choice|move seismictoss|move uturn\n|\n|move|p2a: Tapu Koko|U-turn|p1a: Chansey\n|-damage|p1a: Chansey|598\/703\n|choice||switch 5\n|\n|switch|p2a: Hawlucha|Hawlucha, M|5\/303|[from]move: U-turn\n|move|p1a: Chansey|Seismic Toss|p2a: Hawlucha\n|-damage|p2a: Hawlucha|0 fnt\n|faint|p2a: Hawlucha\n|\n|upkeep\n|choice||switch 4\n|\n|switch|p2a: Alakazam|Alakazam, F|251\/251\n|turn|22\n|choice|switch 6|move psyshock mega\n|\n|switch|p1a: Bisharp|Bisharp, M|264\/334\n|-mega|p2a: Alakazam|Alakazam|Alakazite\n|detailschange|p2a: Alakazam|Alakazam-Mega, F\n|-ability|p2a: Alakazam|Defiant|[from] ability: Trace|[of] p1a: Bisharp\n|move|p2a: Alakazam|Psyshock|p1a: Bisharp\n|-immune|p1a: Bisharp|[msg]\n|\n|-heal|p1a: Bisharp|284\/334|[from] item: Leftovers\n|upkeep\n|turn|23\n|choice|move ironhead|switch 2\n|\n|switch|p2a: Magearna|Magearna|341\/363\n|move|p1a: Bisharp|Iron Head|p2a: Magearna\n|-damage|p2a: Magearna|214\/363\n|\n|-heal|p1a: Bisharp|304\/334|[from] item: Leftovers\n|-fieldend|move: Electric Terrain\n|upkeep\n|turn|24\n|choice|move ironhead|move voltswitch\n|\n|move|p1a: Bisharp|Iron Head|p2a: Magearna\n|-damage|p2a: Magearna|84\/363\n|move|p2a: Magearna|Volt Switch|p1a: Bisharp\n|-damage|p1a: Bisharp|179\/334\n|choice||switch 5\n|\n|switch|p2a: Tapu Koko|Tapu Koko|65\/281|[from]move: Volt Switch\n|-fieldstart|move: Electric Terrain|[from] ability: Electric Surge|[of] p2a: Tapu Koko\n|\n|-heal|p1a: Bisharp|199\/334|[from] item: Leftovers\n|upkeep\n|turn|25\n|choice|switch 3|move wildcharge\n|\n|switch|p1a: Keldeo|Keldeo-Resolute|323\/323\n|move|p2a: Tapu Koko|Wild Charge|p1a: Keldeo\n|-supereffective|p1a: Keldeo\n|-damage|p1a: Keldeo|0 fnt\n|-damage|p2a: Tapu Koko|0 fnt|[from] Recoil|[of] p1a: Keldeo\n|faint|p1a: Keldeo\n|faint|p2a: Tapu Koko\n|\n|upkeep\n|choice|switch 3|switch 2\n|\n|switch|p2a: Alakazam|Alakazam-Mega, F|251\/251\n|switch|p1a: Bisharp|Bisharp, M|199\/334\n|-ability|p2a: Alakazam|Defiant|[from] ability: Trace|[of] p1a: Bisharp\n|turn|26\n|choice|move suckerpunch|move dazzlinggleam\n|\n|move|p1a: Bisharp|Sucker Punch|p2a: Alakazam\n|-supereffective|p2a: Alakazam\n|-damage|p2a: Alakazam|0 fnt\n|faint|p2a: Alakazam\n|\n|-heal|p1a: Bisharp|219\/334|[from] item: Leftovers\n|upkeep\n|choice||switch 5\n|\n|switch|p2a: Magearna|Magearna|84\/363\n|turn|27\n|c|\u2606Toxabelle|gg\n|choice|move ironhead|move fleurcannon\n|\n|move|p1a: Bisharp|Iron Head|p2a: Magearna\n|-damage|p2a: Magearna|0 fnt\n|faint|p2a: Magearna\n|\n|win|Toxabelle\n|raw|Toxabelle's rating: 1963 &rarr; <strong>1983<\/strong><br \/>(+20 for winning)\n|raw|theveryworstplayer's rating: 1959 &rarr; <strong>1939<\/strong><br \/>(-20 for losing)\n|c|\u2606theveryworstplayer|you were bold once or twice\n|c|\u2606theveryworstplayer|wasnt good\n|c|\u2606Toxabelle|i win\n|c|\u2606Toxabelle|so i dont really care\n|c|\u2606Toxabelle|this mu is heavily in ur favor\n|c|\u2606Toxabelle|i have to be \"bold\"\n|c|\u2606theveryworstplayer|how is it in my favor\n|c|\u2606Toxabelle|lmao\n|c|\u2606theveryworstplayer|just go bisharp on lele\n|c|\u2606Toxabelle|yeah sack the win con\n|c|\u2606theveryworstplayer|bet on the choke\n|c|\u2606theveryworstplayer|and win\n|c|\u2606theveryworstplayer|easyest way to win\n|c|\u2606Toxabelle|ok thx for the advice\n|c|\u2606Toxabelle|i will always go bish on lele\n|c|\u2606Toxabelle|from now on\n|l|theveryworstplayer\n|c|\u2606Toxabelle|\/log Toxabelle made this room public.","inputlog":null,"uploadtime":1512745423,"views":55,"p1id":"toxabelle","p2id":"theveryworstplayer","formatid":"gen7ou","rating":1939,"private":0,"password":null}