{"id":"gen7ou-541415429","p1":"HHunt3r N.N","p2":"Kaylss","format":"gen7ou","log":"|j|HHunt3r N.N\n|j|Kaylss\n|player|p1|HHunt3r N.N|73\n|player|p2|Kaylss|265\n|gametype|singles\n|gen|7\n|tier|[Gen 7] OU\n|rated\n|seed|46537,40316,25123,15402\n|clearpoke\n|poke|p1|Azelf|item\n|poke|p1|Pinsir, M|item\n|poke|p1|Gyarados, M|item\n|poke|p1|Excadrill, F|item\n|poke|p1|Magnezone|item\n|poke|p1|Latios, M|item\n|poke|p2|Excadrill, F|item\n|poke|p2|Metagross|item\n|poke|p2|Scolipede, M|item\n|poke|p2|Xurkitree|item\n|poke|p2|Manaphy|item\n|poke|p2|Magearna|item\n|rule|Baton Pass Clause: Limit one Baton Passer, can't pass Spe and other stats simultaneously\n|rule|Sleep Clause Mod: Limit one foe put to sleep\n|rule|Species Clause: Limit one of each Pok\u00e9mon\n|rule|OHKO Clause: OHKO moves are banned\n|rule|Moody Clause: Moody is banned\n|rule|Evasion Moves Clause: Evasion moves are banned\n|rule|Endless Battle Clause: Forcing endless battles is banned\n|rule|HP Percentage Mod: HP is shown in percentages\n|teampreview\n|choice|team 1, team 2, team 3, team 4, team 5, team 6|team 1, team 2, team 3, team 4, team 5, team 6\n|\n|start\n|switch|p1a: Azelf|Azelf|354\/354\n|switch|p2a: Excadrill|Excadrill, F|361\/361\n|-ability|p2a: Excadrill|Mold Breaker\n|turn|1\n|choice|move taunt|switch 2\n|\n|switch|p2a: Metagross|Metagross|301\/301\n|move|p1a: Azelf|Taunt|p2a: Metagross\n|-start|p2a: Metagross|move: Taunt\n|\n|upkeep\n|turn|2\n|choice|move stealthrock|move meteormash mega\n|\n|detailschange|p2a: Metagross|Metagross-Mega\n|-mega|p2a: Metagross|Metagross|Metagrossite\n|move|p1a: Azelf|Stealth Rock|p2a: Metagross\n|-sidestart|p2: Kaylss|move: Stealth Rock\n|move|p2a: Metagross|Meteor Mash|p1a: Azelf\n|-damage|p1a: Azelf|75\/354\n|\n|upkeep\n|turn|3\n|choice|move explosion|move meteormash\n|\n|move|p1a: Azelf|Explosion|p2a: Metagross\n|-resisted|p2a: Metagross\n|-crit|p2a: Metagross\n|-damage|p2a: Metagross|180\/301\n|faint|p1a: Azelf\n|move|p2a: Metagross|Meteor Mash|p1: Azelf|[notarget]\n|-notarget\n|\n|-end|p2a: Metagross|move: Taunt\n|upkeep\n|choice|switch 4|\n|\n|switch|p1a: Excadrill|Excadrill, F|361\/361\n|-ability|p1a: Excadrill|Mold Breaker\n|turn|4\n|choice|move earthquake|move earthquake\n|\n|move|p1a: Excadrill|Earthquake|p2a: Metagross\n|-supereffective|p2a: Metagross\n|-damage|p2a: Metagross|0 fnt\n|faint|p2a: Metagross\n|\n|upkeep\n|choice||switch 3\n|\n|switch|p2a: Scolipede|Scolipede, M|261\/261\n|-damage|p2a: Scolipede|196\/261|[from] Stealth Rock\n|turn|5\n|choice|switch 3|move protect\n|\n|switch|p1a: Gyarados|Gyarados, M|331\/331\n|move|p2a: Scolipede|Protect|p2a: Scolipede\n|-fail|p2a: Scolipede\n|\n|-heal|p2a: Scolipede|212\/261|[from] item: Leftovers\n|-ability|p2a: Scolipede|Speed Boost|boost\n|-boost|p2a: Scolipede|spe|1\n|upkeep\n|turn|6\n|choice|move dragondance|move substitute\n|\n|move|p2a: Scolipede|Substitute|p2a: Scolipede\n|-start|p2a: Scolipede|Substitute\n|-damage|p2a: Scolipede|147\/261\n|move|p1a: Gyarados|Dragon Dance|p1a: Gyarados\n|-boost|p1a: Gyarados|atk|1\n|-boost|p1a: Gyarados|spe|1\n|\n|-heal|p2a: Scolipede|163\/261|[from] item: Leftovers\n|-ability|p2a: Scolipede|Speed Boost|boost\n|-boost|p2a: Scolipede|spe|1\n|upkeep\n|turn|7\n|choice|move waterfall|move batonpass\n|\n|move|p2a: Scolipede|Baton Pass|p2a: Scolipede\n|choice||switch 6\n|\n|switch|p2a: Magearna|Magearna|301\/301\n|-damage|p2a: Magearna|283\/301|[from] Stealth Rock\n|move|p1a: Gyarados|Waterfall|p2a: Magearna\n|-end|p2a: Magearna|Substitute\n|\n|upkeep\n|turn|8\n|choice|switch 5|move thunderbolt\n|\n|switch|p1a: Magnezone|Magnezone|309\/309\n|move|p2a: Magearna|Thunderbolt|p1a: Magnezone\n|-resisted|p1a: Magnezone\n|-damage|p1a: Magnezone|264\/309\n|\n|upkeep\n|turn|9\n|choice|move voltswitch|move calmmind\n|\n|move|p2a: Magearna|Calm Mind|p2a: Magearna\n|-boost|p2a: Magearna|spa|1\n|-boost|p2a: Magearna|spd|1\n|move|p1a: Magnezone|Volt Switch|p2a: Magearna\n|-damage|p2a: Magearna|193\/301\n|choice|switch 3|\n|\n|switch|p1a: Excadrill|Excadrill, F|361\/361\n|-ability|p1a: Excadrill|Mold Breaker\n|\n|upkeep\n|turn|10\n|choice|switch 3|move icebeam\n|\n|switch|p1a: Magnezone|Magnezone|264\/309\n|move|p2a: Magearna|Ice Beam|p1a: Magnezone\n|-resisted|p1a: Magnezone\n|-damage|p1a: Magnezone|201\/309\n|\n|upkeep\n|turn|11\n|choice|move flashcannon|move calmmind\n|\n|move|p2a: Magearna|Calm Mind|p2a: Magearna\n|-boost|p2a: Magearna|spa|1\n|-boost|p2a: Magearna|spd|1\n|move|p1a: Magnezone|Flash Cannon|p2a: Magearna\n|-damage|p2a: Magearna|121\/301\n|\n|upkeep\n|turn|12\n|choice|move voltswitch|move thunderbolt\n|\n|move|p2a: Magearna|Thunderbolt|p1a: Magnezone\n|-resisted|p1a: Magnezone\n|-damage|p1a: Magnezone|123\/309\n|move|p1a: Magnezone|Volt Switch|p2a: Magearna\n|-crit|p2a: Magearna\n|-damage|p2a: Magearna|0 fnt\n|faint|p2a: Magearna\n|choice|switch 5|\n|\n|switch|p1a: Gyarados|Gyarados, M|331\/331\n|\n|upkeep\n|choice||switch 2\n|\n|switch|p2a: Excadrill|Excadrill, F|361\/361\n|-damage|p2a: Excadrill|350\/361|[from] Stealth Rock\n|-ability|p2a: Excadrill|Mold Breaker\n|turn|13\n|choice|move dragondance|move toxic\n|\n|move|p2a: Excadrill|Toxic|p1a: Gyarados\n|-status|p1a: Gyarados|tox\n|move|p1a: Gyarados|Dragon Dance|p1a: Gyarados\n|-boost|p1a: Gyarados|atk|1\n|-boost|p1a: Gyarados|spe|1\n|\n|-damage|p1a: Gyarados|311\/331 tox|[from] psn\n|upkeep\n|turn|14\n|choice|move waterfall|move rapidspin\n|\n|move|p1a: Gyarados|Waterfall|p2a: Excadrill\n|-supereffective|p2a: Excadrill\n|-damage|p2a: Excadrill|0 fnt\n|faint|p2a: Excadrill\n|-ability|p1a: Gyarados|Moxie|boost\n|-boost|p1a: Gyarados|atk|1\n|\n|-damage|p1a: Gyarados|271\/331 tox|[from] psn\n|upkeep\n|choice||switch 6\n|\n|switch|p2a: Scolipede|Scolipede, M|163\/261\n|-damage|p2a: Scolipede|98\/261|[from] Stealth Rock\n|turn|15\n|choice|move dragondance|move substitute\n|\n|move|p1a: Gyarados|Dragon Dance|p1a: Gyarados\n|-boost|p1a: Gyarados|atk|1\n|-boost|p1a: Gyarados|spe|1\n|move|p2a: Scolipede|Substitute|p2a: Scolipede\n|-start|p2a: Scolipede|Substitute\n|-damage|p2a: Scolipede|33\/261\n|\n|-heal|p2a: Scolipede|49\/261|[from] item: Leftovers\n|-damage|p1a: Gyarados|211\/331 tox|[from] psn\n|-ability|p2a: Scolipede|Speed Boost|boost\n|-boost|p2a: Scolipede|spe|1\n|upkeep\n|turn|16\n|choice|move waterfall|move poisonjab\n|\n|move|p2a: Scolipede|Poison Jab|p1a: Gyarados\n|-damage|p1a: Gyarados|60\/331 tox\n|move|p1a: Gyarados|Waterfall|p2a: Scolipede\n|-end|p2a: Scolipede|Substitute\n|\n|-heal|p2a: Scolipede|65\/261|[from] item: Leftovers\n|-damage|p1a: Gyarados|0 fnt|[from] psn\n|-ability|p2a: Scolipede|Speed Boost|boost\n|-boost|p2a: Scolipede|spe|1\n|upkeep\n|faint|p1a: Gyarados\n|choice|switch 2|\n|\n|switch|p1a: Pinsir|Pinsir, M|271\/271\n|turn|17\n|choice|move quickattack mega|move batonpass\n|\n|detailschange|p1a: Pinsir|Pinsir-Mega, M\n|-mega|p1a: Pinsir|Pinsir|Pinsirite\n|move|p1a: Pinsir|Quick Attack|p2a: Scolipede\n|-supereffective|p2a: Scolipede\n|-damage|p2a: Scolipede|0 fnt\n|faint|p2a: Scolipede\n|\n|upkeep\n|choice||switch 4\n|\n|switch|p2a: Xurkitree|Xurkitree|307\/307\n|-damage|p2a: Xurkitree|269\/307|[from] Stealth Rock\n|-item|p2a: Xurkitree|Air Balloon\n|turn|18\n|choice|switch 6|move hiddenpower\n|\n|switch|p1a: Latios|Latios, M|301\/301\n|move|p2a: Xurkitree|Hidden Power|p1a: Latios\n|-supereffective|p1a: Latios\n|-damage|p1a: Latios|117\/301\n|\n|upkeep\n|turn|19\n|choice|move dracometeor|move hiddenpower\n|\n|move|p1a: Latios|Draco Meteor|p2a: Xurkitree\n|-damage|p2a: Xurkitree|0 fnt\n|-enditem|p2a: Xurkitree|Air Balloon\n|-unboost|p1a: Latios|spa|2\n|faint|p2a: Xurkitree\n|\n|upkeep\n|choice||switch 5\n|\n|switch|p2a: Manaphy|Manaphy|374\/374\n|-damage|p2a: Manaphy|328\/374|[from] Stealth Rock\n|turn|20\n|choice|switch 5|move surf\n|\n|switch|p1a: Magnezone|Magnezone|123\/309\n|move|p2a: Manaphy|Surf|p1a: Magnezone\n|-damage|p1a: Magnezone|8\/309\n|\n|upkeep\n|turn|21\n|choice|move thunderbolt|move surf\n|\n|move|p2a: Manaphy|Surf|p1a: Magnezone\n|-damage|p1a: Magnezone|0 fnt\n|faint|p1a: Magnezone\n|\n|upkeep\n|choice|switch 6|\n|\n|switch|p1a: Pinsir|Pinsir-Mega, M|271\/271\n|turn|22\n|choice|move frustration|move icebeam\n|\n|move|p1a: Pinsir|Frustration|p2a: Manaphy\n|-damage|p2a: Manaphy|63\/374\n|-enditem|p2a: Manaphy|Sitrus Berry|[eat]\n|-heal|p2a: Manaphy|156\/374|[from] item: Sitrus Berry\n|move|p2a: Manaphy|Ice Beam|p1a: Pinsir\n|-supereffective|p1a: Pinsir\n|-damage|p1a: Pinsir|65\/271\n|\n|upkeep\n|turn|23\n|choice|move frustration|move surf\n|\n|move|p1a: Pinsir|Frustration|p2a: Manaphy\n|-crit|p2a: Manaphy\n|-damage|p2a: Manaphy|0 fnt\n|faint|p2a: Manaphy\n|\n|win|HHunt3r N.N\n|player|p1\n|player|p2\n|c|\u2606HHunt3r N.N|gg\n|l|Kaylss","inputlog":null,"uploadtime":1488486609,"views":14,"p1id":"hhunt3rnn","p2id":"kaylss","formatid":"gen7ou","rating":0,"private":0,"password":null}