{"id":"gen7ubers-1494412891","p1":"85792195wwww","p2":"Cowsrule247","format":"gen7ubers","log":"|j|\u260685792195wwww\n|j|\u2606Cowsrule247\n|t:|1642602492\n|gametype|singles\n|player|p1|85792195wwww|lady|1661\n|player|p2|Cowsrule247|skyla|1499\n|teamsize|p1|6\n|teamsize|p2|6\n|gen|7\n|tier|[Gen 7] Ubers\n|rated|\n|rule|Sleep Clause Mod: Limit one foe put to sleep\n|rule|Species Clause: Limit one of each Pok\u00e9mon\n|rule|OHKO Clause: OHKO moves are banned\n|rule|Moody Clause: Moody is banned\n|rule|Evasion Moves Clause: Evasion moves are banned\n|rule|Endless Battle Clause: Forcing endless battles is banned\n|rule|HP Percentage Mod: HP is shown in percentages\n|rule|Mega Rayquaza Clause: You cannot mega evolve Rayquaza\n|clearpoke\n|poke|p1|Excadrill, F|item\n|poke|p1|Mewtwo|item\n|poke|p1|Greninja, M|item\n|poke|p1|Xerneas|item\n|poke|p1|Arceus-*|item\n|poke|p1|Necrozma-Dusk-Mane|item\n|poke|p2|Necrozma-Dusk-Mane|item\n|poke|p2|Deoxys-Speed|item\n|poke|p2|Xerneas|item\n|poke|p2|Arceus-*|item\n|poke|p2|Salamence, F|item\n|poke|p2|Groudon|item\n|teampreview\n|inactive|Battle timer is ON: inactive players will automatically lose when time's up. (requested by Cowsrule247)\n|\n|t:|1642602513\n|start\n|switch|p1a: Greninja|Greninja, M|100\/100\n|switch|p2a: God|Arceus|100\/100\n|turn|1\n|\n|t:|1642602531\n|move|p1a: Greninja|Taunt|p2a: God\n|-start|p1a: Greninja|typechange|Dark|[from] ability: Protean\n|-start|p2a: God|move: Taunt\n|cant|p2a: God|move: Taunt|Swords Dance\n|\n|upkeep\n|turn|2\n|\n|t:|1642602538\n|move|p2a: God|Extreme Speed|p1a: Greninja\n|-damage|p1a: Greninja|25\/100\n|move|p1a: Greninja|Scald|p2a: God\n|-start|p1a: Greninja|typechange|Water|[from] ability: Protean\n|-damage|p2a: God|69\/100\n|-damage|p1a: Greninja|16\/100|[from] item: Life Orb\n|\n|upkeep\n|turn|3\n|\n|t:|1642602550\n|move|p2a: God|Extreme Speed|p1a: Greninja\n|-damage|p1a: Greninja|0 fnt\n|faint|p1a: Greninja\n|\n|-end|p2a: God|move: Taunt\n|upkeep\n|j| fdgds43453\n|\n|t:|1642602561\n|switch|p1a: Arceus|Arceus|100\/100\n|turn|4\n|\n|t:|1642602568\n|move|p1a: Arceus|Swords Dance|p1a: Arceus\n|-boost|p1a: Arceus|atk|2\n|move|p2a: God|Swords Dance|p2a: God\n|-boost|p2a: God|atk|2\n|\n|upkeep\n|turn|5\n|\n|t:|1642602579\n|move|p2a: God|Extreme Speed|p1a: Arceus\n|-damage|p1a: Arceus|44\/100\n|move|p1a: Arceus|Swords Dance|p1a: Arceus\n|-boost|p1a: Arceus|atk|2\n|\n|upkeep\n|turn|6\n|\n|t:|1642602589\n|move|p1a: Arceus|Extreme Speed|p2a: God\n|-damage|p2a: God|0 fnt\n|faint|p2a: God\n|\n|upkeep\n|\n|t:|1642602600\n|switch|p2a: Necrophobia|Necrozma-Dusk-Mane|100\/100\n|turn|7\n|\n|t:|1642602606\n|detailschange|p2a: Necrophobia|Necrozma-Ultra\n|-burst|p2a: Necrophobia|Necrozma|Ultranecrozium Z\n|move|p2a: Necrophobia|Photon Geyser|p1a: Arceus\n|-damage|p1a: Arceus|6\/100\n|move|p1a: Arceus|Earthquake|p2a: Necrophobia\n|-damage|p2a: Necrophobia|0 fnt\n|faint|p2a: Necrophobia\n|\n|upkeep\n|inactive|Cowsrule247 has 120 seconds left.\n|\n|t:|1642602652\n|switch|p2a: BloodSoakedCrecent|Salamence, F|100\/100\n|-ability|p2a: BloodSoakedCrecent|Intimidate|boost\n|-unboost|p1a: Arceus|atk|1\n|turn|8\n|\n|t:|1642602658\n|detailschange|p2a: BloodSoakedCrecent|Salamence-Mega, F\n|-mega|p2a: BloodSoakedCrecent|Salamence|Salamencite\n|move|p1a: Arceus|Extreme Speed|p2a: BloodSoakedCrecent\n|-damage|p2a: BloodSoakedCrecent|20\/100\n|move|p2a: BloodSoakedCrecent|Facade|p1a: Arceus\n|-damage|p1a: Arceus|0 fnt\n|faint|p1a: Arceus\n|\n|upkeep\n|\n|t:|1642602671\n|switch|p1a: Mewtwo|Mewtwo|100\/100\n|-ability|p1a: Mewtwo|Pressure\n|turn|9\n|\n|t:|1642602679\n|detailschange|p1a: Mewtwo|Mewtwo-Mega-Y\n|-mega|p1a: Mewtwo|Mewtwo|Mewtwonite Y\n|move|p1a: Mewtwo|Psystrike|p2a: BloodSoakedCrecent\n|-damage|p2a: BloodSoakedCrecent|0 fnt\n|faint|p2a: BloodSoakedCrecent\n|\n|upkeep\n|\n|t:|1642602686\n|switch|p2a: Fast as f**k|Deoxys-Speed|100\/100\n|-ability|p2a: Fast as f**k|Pressure\n|turn|10\n|\n|t:|1642602692\n|switch|p1a: Excadrill|Excadrill, F|100\/100\n|-ability|p1a: Excadrill|Mold Breaker\n|move|p2a: Fast as f**k|Stealth Rock|p1a: Excadrill\n|-sidestart|p1: 85792195wwww|move: Stealth Rock\n|\n|upkeep\n|turn|11\n|\n|t:|1642602710\n|move|p2a: Fast as f**k|Taunt|p1a: Excadrill\n|-start|p1a: Excadrill|move: Taunt\n|move|p1a: Excadrill|Rapid Spin|p2a: Fast as f**k\n|-damage|p2a: Fast as f**k|92\/100\n|-sideend|p1: 85792195wwww|Stealth Rock|[from] move: Rapid Spin|[of] p1a: Excadrill\n|\n|upkeep\n|turn|12\n|\n|t:|1642602719\n|move|p2a: Fast as f**k|Stealth Rock|p1a: Excadrill\n|-sidestart|p1: 85792195wwww|move: Stealth Rock\n|move|p1a: Excadrill|Bulldoze|p2a: Fast as f**k\n|-damage|p2a: Fast as f**k|55\/100\n|-unboost|p2a: Fast as f**k|spe|1\n|\n|upkeep\n|turn|13\n|\n|t:|1642602731\n|switch|p2a: Give up|Xerneas|100\/100\n|-ability|p2a: Give up|Fairy Aura\n|move|p1a: Excadrill|Rapid Spin|p2a: Give up\n|-damage|p2a: Give up|94\/100\n|-sideend|p1: 85792195wwww|Stealth Rock|[from] move: Rapid Spin|[of] p1a: Excadrill\n|\n|-end|p1a: Excadrill|move: Taunt\n|upkeep\n|turn|14\n|\n|t:|1642602742\n|move|p1a: Excadrill|Bulldoze|p2a: Give up\n|-damage|p2a: Give up|66\/100\n|-unboost|p2a: Give up|spe|1\n|move|p2a: Give up|Moonblast|p1a: Excadrill\n|-resisted|p1a: Excadrill\n|-damage|p1a: Excadrill|55\/100\n|\n|upkeep\n|turn|15\n|\n|t:|1642602752\n|switch|p2a: Fast as f**k|Deoxys-Speed|55\/100\n|-ability|p2a: Fast as f**k|Pressure\n|move|p1a: Excadrill|Bulldoze|p2a: Fast as f**k\n|-damage|p2a: Fast as f**k|18\/100\n|-unboost|p2a: Fast as f**k|spe|1\n|\n|upkeep\n|turn|16\n|\n|t:|1642602761\n|move|p2a: Fast as f**k|Stealth Rock|p1a: Excadrill\n|-sidestart|p1: 85792195wwww|move: Stealth Rock\n|move|p1a: Excadrill|Stealth Rock|p2a: Fast as f**k\n|-sidestart|p2: Cowsrule247|move: Stealth Rock\n|\n|upkeep\n|turn|17\n|\n|t:|1642602770\n|move|p2a: Fast as f**k|Spikes|p1a: Excadrill\n|-sidestart|p1: 85792195wwww|Spikes\n|move|p1a: Excadrill|Rapid Spin|p2a: Fast as f**k\n|-damage|p2a: Fast as f**k|9\/100\n|-sideend|p1: 85792195wwww|Spikes|[from] move: Rapid Spin|[of] p1a: Excadrill\n|-sideend|p1: 85792195wwww|Stealth Rock|[from] move: Rapid Spin|[of] p1a: Excadrill\n|\n|upkeep\n|turn|18\n|\n|t:|1642602777\n|move|p2a: Fast as f**k|Stealth Rock|p1a: Excadrill\n|-sidestart|p1: 85792195wwww|move: Stealth Rock\n|move|p1a: Excadrill|Rapid Spin|p2a: Fast as f**k\n|-damage|p2a: Fast as f**k|0 fnt\n|-sideend|p1: 85792195wwww|Stealth Rock|[from] move: Rapid Spin|[of] p1a: Excadrill\n|faint|p2a: Fast as f**k\n|\n|upkeep\n|\n|t:|1642602799\n|switch|p2a: Amaterasu|Groudon, shiny|100\/100\n|-damage|p2a: Amaterasu|94\/100|[from] Stealth Rock\n|detailschange|p2a: Amaterasu|Groudon-Primal, shiny\n|-primal|p2a: Amaterasu\n|-weather|DesolateLand|[from] ability: Desolate Land|[of] p2a: Amaterasu\n|turn|19\n|\n|t:|1642602807\n|move|p1a: Excadrill|Bulldoze|p2a: Amaterasu\n|-supereffective|p2a: Amaterasu\n|-damage|p2a: Amaterasu|53\/100\n|-unboost|p2a: Amaterasu|spe|1\n|move|p2a: Amaterasu|Rock Polish|p2a: Amaterasu\n|-boost|p2a: Amaterasu|spe|2\n|\n|-weather|DesolateLand|[upkeep]\n|upkeep\n|turn|20\n|\n|t:|1642602816\n|move|p2a: Amaterasu|Fire Punch|p1a: Excadrill\n|-supereffective|p1a: Excadrill\n|-damage|p1a: Excadrill|0 fnt\n|faint|p1a: Excadrill\n|\n|-weather|DesolateLand|[upkeep]\n|upkeep\n|\n|t:|1642602822\n|switch|p1a: Xerneas|Xerneas|100\/100\n|-ability|p1a: Xerneas|Fairy Aura\n|turn|21\n|\n|t:|1642602830\n|move|p2a: Amaterasu|Precipice Blades|p1a: Xerneas\n|-damage|p1a: Xerneas|40\/100\n|move|p1a: Xerneas|Geomancy||[still]\n|-prepare|p1a: Xerneas|Geomancy\n|-enditem|p1a: Xerneas|Power Herb\n|-anim|p1a: Xerneas|Geomancy|p1a: Xerneas\n|-boost|p1a: Xerneas|spa|2\n|-boost|p1a: Xerneas|spd|2\n|-boost|p1a: Xerneas|spe|2\n|\n|-weather|DesolateLand|[upkeep]\n|upkeep\n|turn|22\n|\n|t:|1642602840\n|move|p1a: Xerneas|Moonblast|p2a: Amaterasu\n|-resisted|p2a: Amaterasu\n|-damage|p2a: Amaterasu|0 fnt\n|faint|p2a: Amaterasu\n|-weather|none\n|\n|upkeep\n|\n|t:|1642602843\n|switch|p2a: Give up|Xerneas|66\/100\n|-damage|p2a: Give up|54\/100|[from] Stealth Rock\n|-ability|p2a: Give up|Fairy Aura\n|turn|23\n|-message|Cowsrule247 forfeited.\n|\n|win|85792195wwww\n|raw|85792195wwww's rating: 1661 &rarr; <strong>1672<\/strong><br \/>(+11 for winning)\n|raw|Cowsrule247's rating: 1499 &rarr; <strong>1488<\/strong><br \/>(-11 for losing)\n|l|\u2606Cowsrule247\n||Ladder isn't responding, score probably updated but might not have (Request timeout).\n","uploadtime":1642602853,"views":14,"p1id":"85792195wwww","p2id":"cowsrule247","formatid":"gen7ubers","rating":1488,"private":0,"password":null}