{"id":"gen7ou-1549459679","p1":"HQSTest","p2":"I do ok","format":"gen7ou","log":"|j|\u2606HQSTest\n|j|\u2606I do ok\n|t:|1649487578\n|gametype|singles\n|player|p1|HQSTest|cynthia|1563\n|player|p2|I do ok|101|1502\n|teamsize|p1|6\n|teamsize|p2|6\n|gen|7\n|tier|[Gen 7] OU\n|rated|\n|rule|Sleep Clause Mod: Limit one foe put to sleep\n|rule|Species Clause: Limit one of each Pok\u00e9mon\n|rule|OHKO Clause: OHKO moves are banned\n|rule|Moody Clause: Moody is banned\n|rule|Evasion Moves Clause: Evasion moves are banned\n|rule|Endless Battle Clause: Forcing endless battles is banned\n|rule|HP Percentage Mod: HP is shown in percentages\n|clearpoke\n|poke|p1|Diancie|item\n|poke|p1|Blacephalon|item\n|poke|p1|Ribombee, M|item\n|poke|p1|Serperior, F|item\n|poke|p1|Garchomp, F|item\n|poke|p1|Celesteela|item\n|poke|p2|Medicham, M|item\n|poke|p2|Tapu Koko|item\n|poke|p2|Magearna|item\n|poke|p2|Landorus-Therian, M|item\n|poke|p2|Greninja, M|item\n|poke|p2|Tangrowth, M|item\n|teampreview\n|\n|t:|1649487583\n|start\n|switch|p1a: Ribombee|Ribombee, M|100\/100\n|switch|p2a: Tapu Koko|Tapu Koko|100\/100\n|-fieldstart|move: Electric Terrain|[from] ability: Electric Surge|[of] p2a: Tapu Koko\n|turn|1\n|inactive|Battle timer is ON: inactive players will automatically lose when time's up. (requested by HQSTest)\n|\n|t:|1649487586\n|move|p2a: Tapu Koko|Taunt|p1a: Ribombee\n|-start|p1a: Ribombee|move: Taunt\n|cant|p1a: Ribombee|move: Taunt|Sticky Web\n|\n|upkeep\n|turn|2\n|\n|t:|1649487589\n|switch|p1a: Garchomp|Garchomp, F|100\/100\n|move|p2a: Tapu Koko|Hidden Power|p1a: Garchomp\n|-supereffective|p1a: Garchomp\n|-damage|p1a: Garchomp|21\/100\n|\n|upkeep\n|turn|3\n|\n|t:|1649487600\n|move|p2a: Tapu Koko|Hidden Power|p1a: Garchomp\n|-supereffective|p1a: Garchomp\n|-damage|p1a: Garchomp|0 fnt\n|faint|p1a: Garchomp\n|\n|upkeep\n|\n|t:|1649487604\n|switch|p1a: Blacephalon|Blacephalon|100\/100\n|turn|4\n|\n|t:|1649487609\n|move|p1a: Blacephalon|Fire Blast|p2a: Tapu Koko\n|-damage|p2a: Tapu Koko|0 fnt\n|faint|p2a: Tapu Koko\n|-ability|p1a: Blacephalon|Beast Boost|boost\n|-boost|p1a: Blacephalon|spa|1\n|\n|upkeep\n|\n|t:|1649487612\n|switch|p2a: Greninja|Greninja, M|100\/100\n|turn|5\n|\n|t:|1649487617\n|switch|p1a: Diancie|Diancie|100\/100\n|move|p2a: Greninja|Hydro Pump|p1a: Diancie\n|-start|p2a: Greninja|typechange|Water|[from] ability: Protean\n|-supereffective|p1a: Diancie\n|-damage|p1a: Diancie|0 fnt\n|faint|p1a: Diancie\n|-damage|p2a: Greninja|91\/100|[from] item: Life Orb\n|\n|-fieldend|move: Electric Terrain\n|upkeep\n|\n|t:|1649487623\n|switch|p1a: Ribombee|Ribombee, M|100\/100\n|turn|6\n|\n|t:|1649487629\n|move|p1a: Ribombee|Sticky Web|p2a: Greninja\n|-sidestart|p2: I do ok|move: Sticky Web\n|move|p2a: Greninja|Hidden Power|p1a: Ribombee\n|-start|p2a: Greninja|typechange|Fire|[from] ability: Protean\n|-supereffective|p1a: Ribombee\n|-enditem|p1a: Ribombee|Focus Sash\n|-damage|p1a: Ribombee|1\/100\n|-damage|p2a: Greninja|81\/100|[from] item: Life Orb\n|\n|upkeep\n|turn|7\n|\n|t:|1649487636\n|move|p1a: Ribombee|Stun Spore|p2a: Greninja\n|-status|p2a: Greninja|par\n|move|p2a: Greninja|Hidden Power|p1a: Ribombee\n|-supereffective|p1a: Ribombee\n|-damage|p1a: Ribombee|0 fnt\n|faint|p1a: Ribombee\n|-damage|p2a: Greninja|71\/100 par|[from] item: Life Orb\n|\n|upkeep\n|\n|t:|1649487643\n|switch|p1a: Celesteela|Celesteela|100\/100\n|turn|8\n|\n|t:|1649487650\n|switch|p2a: Landorus|Landorus-Therian, M|100\/100\n|-ability|p2a: Landorus|Intimidate|boost\n|-unboost|p1a: Celesteela|atk|1\n|move|p1a: Celesteela|Autotomize|p1a: Celesteela\n|-boost|p1a: Celesteela|spe|2\n|-start|p1a: Celesteela|Autotomize\n|\n|upkeep\n|turn|9\n|\n|t:|1649487662\n|move|p1a: Celesteela|Air Slash|p2a: Landorus\n|-damage|p2a: Landorus|64\/100\n|cant|p2a: Landorus|flinch\n|\n|upkeep\n|turn|10\n|\n|t:|1649487675\n|move|p1a: Celesteela|Air Slash|p2a: Landorus\n|-damage|p2a: Landorus|20\/100\n|move|p2a: Landorus|U-turn|p1a: Celesteela\n|-resisted|p1a: Celesteela\n|-damage|p1a: Celesteela|94\/100\n|\n|t:|1649487678\n|switch|p2a: Magearna|Magearna|100\/100|[from]move: U-turn\n|-activate|p2a: Magearna|move: Sticky Web\n|-unboost|p2a: Magearna|spe|1\n|\n|upkeep\n|turn|11\n|\n|t:|1649487684\n|move|p1a: Celesteela|Flamethrower|p2a: Magearna\n|-supereffective|p2a: Magearna\n|-damage|p2a: Magearna|47\/100\n|-zpower|p2a: Magearna\n|move|p2a: Magearna|Gigavolt Havoc|p1a: Celesteela|[zeffect]\n|-supereffective|p1a: Celesteela\n|-damage|p1a: Celesteela|0 fnt\n|faint|p1a: Celesteela\n|-ability|p2a: Magearna|Soul-Heart|boost\n|-boost|p2a: Magearna|spa|1\n|\n|upkeep\n|\n|t:|1649487689\n|switch|p1a: Blacephalon|Blacephalon|100\/100\n|turn|12\n|\n|t:|1649487698\n|switch|p2a: Landorus|Landorus-Therian, M|20\/100\n|-ability|p2a: Landorus|Intimidate|boost\n|-unboost|p1a: Blacephalon|atk|1\n|move|p1a: Blacephalon|Flamethrower|p2a: Landorus\n|-damage|p2a: Landorus|0 fnt\n|faint|p2a: Landorus\n|-ability|p1a: Blacephalon|Beast Boost|boost\n|-boost|p1a: Blacephalon|spa|1\n|\n|upkeep\n|\n|t:|1649487702\n|switch|p2a: Tangrowth|Tangrowth, M|100\/100\n|-activate|p2a: Tangrowth|move: Sticky Web\n|-unboost|p2a: Tangrowth|spe|1\n|turn|13\n|\n|t:|1649487706\n|move|p1a: Blacephalon|Flamethrower|p2a: Tangrowth\n|-supereffective|p2a: Tangrowth\n|-damage|p2a: Tangrowth|0 fnt\n|faint|p2a: Tangrowth\n|-ability|p1a: Blacephalon|Beast Boost|boost\n|-boost|p1a: Blacephalon|spa|1\n|\n|upkeep\n|-message|I do ok forfeited.\n|\n|win|HQSTest\n|raw|HQSTest's rating: 1563 &rarr; <strong>1580<\/strong><br \/>(+17 for winning)\n|raw|I do ok's rating: 1502 &rarr; <strong>1485<\/strong><br \/>(-17 for losing)\n|l|\u2606I do ok\n","uploadtime":1649487719,"views":13,"p1id":"hqstest","p2id":"idook","formatid":"gen7ou","rating":1485,"private":0,"password":null}