{"id":"gen7randombattle-1597011976","p1":"BigWes95","p2":"Sweetp0t4t0","format":"gen7randombattle","log":"|j|\u2606BigWes95\n|j|\u2606Sweetp0t4t0\n|t:|1655316766\n|gametype|singles\n|player|p1|BigWes95|lusamine-nihilego|1711\n|player|p2|Sweetp0t4t0|barry|1597\n|teamsize|p1|6\n|teamsize|p2|6\n|gen|7\n|tier|[Gen 7] Random Battle\n|rated|\n|rule|Sleep Clause Mod: Limit one foe put to sleep\n|rule|HP Percentage Mod: HP is shown in percentages\n|rule|Mega Rayquaza Clause: You cannot mega evolve Rayquaza\n|\n|t:|1655316766\n|start\n|switch|p1a: Stantler|Stantler, L88, M|272\/272\n|switch|p2a: Marshadow|Marshadow, L76|262\/262\n|-ability|p1a: Stantler|Intimidate|boost\n|-unboost|p2a: Marshadow|atk|1\n|turn|1\n|inactive|Battle timer is ON: inactive players will automatically lose when time's up. (requested by BigWes95)\n|inactive|Sweetp0t4t0 has 120 seconds left.\n|\n|t:|1655316818\n|switch|p1a: Ho-Oh|Ho-Oh, L76|285\/285\n|move|p2a: Marshadow|Bulk Up|p2a: Marshadow\n|-boost|p2a: Marshadow|atk|1\n|-boost|p2a: Marshadow|def|1\n|\n|upkeep\n|turn|2\n|\n|t:|1655316822\n|move|p2a: Marshadow|Rock Tomb|p1a: Ho-Oh\n|-supereffective|p1a: Ho-Oh\n|-damage|p1a: Ho-Oh|0 fnt\n|faint|p1a: Ho-Oh\n|\n|upkeep\n|\n|t:|1655316826\n|switch|p1a: Bruxish|Bruxish, L86, M|257\/257\n|turn|3\n|\n|t:|1655316836\n|move|p2a: Marshadow|Bulk Up|p2a: Marshadow\n|-boost|p2a: Marshadow|atk|1\n|-boost|p2a: Marshadow|def|1\n|move|p1a: Bruxish|Psychic Fangs|p2a: Marshadow\n|-supereffective|p2a: Marshadow\n|-damage|p2a: Marshadow|49\/262\n|-damage|p1a: Bruxish|232\/257|[from] item: Life Orb\n|\n|upkeep\n|turn|4\n|\n|t:|1655316839\n|move|p1a: Bruxish|Aqua Jet|p2a: Marshadow\n|-damage|p2a: Marshadow|13\/262\n|-damage|p1a: Bruxish|207\/257|[from] item: Life Orb\n|-zpower|p2a: Marshadow\n|move|p2a: Marshadow|Soul-Stealing 7-Star Strike|p1a: Bruxish|[zeffect]\n|-supereffective|p1a: Bruxish\n|-damage|p1a: Bruxish|0 fnt\n|faint|p1a: Bruxish\n|\n|upkeep\n|\n|t:|1655316843\n|switch|p1a: Lopunny|Lopunny, L80, M|235\/235\n|turn|5\n|\n|t:|1655316851\n|detailschange|p1a: Lopunny|Lopunny-Mega, L80, M\n|-mega|p1a: Lopunny|Lopunny|Lopunnite\n|move|p1a: Lopunny|Return|p2a: Marshadow\n|-damage|p2a: Marshadow|0 fnt\n|faint|p2a: Marshadow\n|\n|upkeep\n|\n|t:|1655316870\n|switch|p2a: Excadrill|Excadrill, L80, F|307\/307\n|-ability|p2a: Excadrill|Mold Breaker\n|turn|6\n|\n|t:|1655316883\n|move|p1a: Lopunny|High Jump Kick|p2a: Excadrill\n|-supereffective|p2a: Excadrill\n|-damage|p2a: Excadrill|0 fnt\n|faint|p2a: Excadrill\n|\n|upkeep\n|\n|t:|1655316887\n|switch|p2a: Abomasnow|Abomasnow, L86, F|295\/295\n|-weather|Hail|[from] ability: Snow Warning|[of] p2a: Abomasnow\n|turn|7\n|\n|t:|1655316891\n|detailschange|p2a: Abomasnow|Abomasnow-Mega, L86, F\n|-mega|p2a: Abomasnow|Abomasnow|Abomasite\n|move|p1a: Lopunny|High Jump Kick|p2a: Abomasnow\n|-supereffective|p2a: Abomasnow\n|-damage|p2a: Abomasnow|17\/295\n|move|p2a: Abomasnow|Blizzard|p1a: Lopunny\n|-damage|p1a: Lopunny|78\/235\n|\n|-weather|Hail|[upkeep]\n|-damage|p1a: Lopunny|64\/235|[from] Hail\n|upkeep\n|turn|8\n|\n|t:|1655316900\n|switch|p1a: Froslass|Froslass, L82, F|249\/249\n|move|p2a: Abomasnow|Ice Shard|p1a: Froslass\n|-resisted|p1a: Froslass\n|-damage|p1a: Froslass|216\/249\n|-start|p2a: Abomasnow|Disable|Ice Shard|[from] ability: Cursed Body|[of] p1a: Froslass\n|\n|-weather|Hail|[upkeep]\n|-heal|p1a: Froslass|231\/249|[from] item: Leftovers\n|upkeep\n|turn|9\n|\n|t:|1655316905\n|switch|p2a: Darmanitan|Darmanitan, L84, M|314\/314\n|move|p1a: Froslass|Shadow Ball|p2a: Darmanitan\n|-damage|p2a: Darmanitan|223\/314\n|\n|-weather|Hail|[upkeep]\n|-damage|p2a: Darmanitan|204\/314|[from] Hail\n|-heal|p1a: Froslass|246\/249|[from] item: Leftovers\n|upkeep\n|turn|10\n|\n|t:|1655316909\n|move|p1a: Froslass|Shadow Ball|p2a: Darmanitan\n|-damage|p2a: Darmanitan|107\/314\n|-unboost|p2a: Darmanitan|spd|1\n|move|p2a: Darmanitan|Flare Blitz|p1a: Froslass\n|-supereffective|p1a: Froslass\n|-damage|p1a: Froslass|0 fnt\n|faint|p1a: Froslass\n|-damage|p2a: Darmanitan|26\/314|[from] Recoil\n|\n|-weather|Hail|[upkeep]\n|-damage|p2a: Darmanitan|7\/314|[from] Hail\n|upkeep\n|\n|t:|1655316915\n|switch|p1a: Primeape|Primeape, L88, F|258\/258\n|turn|11\n|\n|t:|1655316929\n|switch|p2a: Drifblim|Drifblim, L88, F|404\/404\n|move|p1a: Primeape|Earthquake|p2a: Drifblim\n|-immune|p2a: Drifblim\n|\n|-weather|none\n|upkeep\n|turn|12\n|\n|t:|1655316946\n|switch|p1a: Stantler|Stantler, L88, M|272\/272\n|-ability|p1a: Stantler|Intimidate|boost\n|-unboost|p2a: Drifblim|atk|1\n|move|p2a: Drifblim|Will-O-Wisp|p1a: Stantler\n|-status|p1a: Stantler|brn\n|\n|-damage|p1a: Stantler|255\/272 brn|[from] brn\n|upkeep\n|turn|13\n|\n|t:|1655316953\n|switch|p2a: Abomasnow|Abomasnow-Mega, L86, F|17\/295\n|-weather|Hail|[from] ability: Snow Warning|[of] p2a: Abomasnow\n|move|p1a: Stantler|Sucker Punch||[still]\n|-fail|p1a: Stantler\n|\n|-weather|Hail|[upkeep]\n|-damage|p1a: Stantler|238\/272 brn|[from] Hail\n|-damage|p1a: Stantler|221\/272 brn|[from] brn\n|upkeep\n|turn|14\n|\n|t:|1655316961\n|move|p2a: Abomasnow|Ice Shard|p1a: Stantler\n|-damage|p1a: Stantler|146\/272 brn\n|move|p1a: Stantler|Double-Edge|p2a: Abomasnow\n|-damage|p2a: Abomasnow|0 fnt\n|faint|p2a: Abomasnow\n|-damage|p1a: Stantler|140\/272 brn|[from] Recoil\n|-damage|p1a: Stantler|113\/272 brn|[from] item: Life Orb\n|\n|-weather|Hail|[upkeep]\n|-damage|p1a: Stantler|96\/272 brn|[from] Hail\n|-damage|p1a: Stantler|79\/272 brn|[from] brn\n|upkeep\n|\n|t:|1655316965\n|switch|p2a: Drifblim|Drifblim, L88, F|404\/404\n|turn|15\n|\n|t:|1655316968\n|move|p1a: Stantler|Sucker Punch||[still]\n|-fail|p1a: Stantler\n|move|p2a: Drifblim|Substitute|p2a: Drifblim\n|-start|p2a: Drifblim|Substitute\n|-damage|p2a: Drifblim|303\/404\n|\n|-weather|Hail|[upkeep]\n|-damage|p1a: Stantler|62\/272 brn|[from] Hail\n|-damage|p2a: Drifblim|278\/404|[from] Hail\n|-damage|p1a: Stantler|45\/272 brn|[from] brn\n|upkeep\n|turn|16\n|-message|BigWes95 forfeited.\n|\n|win|Sweetp0t4t0\n|raw|BigWes95's rating: 1711 &rarr; <strong>1685<\/strong><br \/>(-26 for losing)\n|raw|Sweetp0t4t0's rating: 1597 &rarr; <strong>1623<\/strong><br \/>(+26 for winning)\n|l|\u2606BigWes95\n|c|\u2606Sweetp0t4t0|gg\n||Ladder isn't responding, score probably updated but might not have (Request timeout).\n|l|\u2606Sweetp0t4t0\n","inputlog":">version 670c2f5a4ee85e366483c1d6b048cac7bb7a651c\n>start {\"formatid\":\"gen7randombattle\",\"seed\":[35009,62673,8241,919],\"rated\":\"Rated battle\"}\n>player p1 {\"name\":\"BigWes95\",\"avatar\":\"lusamine-nihilego\",\"rating\":1711,\"seed\":[29403,57216,43458,18465]}\n>player p2 {\"name\":\"Sweetp0t4t0\",\"avatar\":\"barry\",\"rating\":1597,\"seed\":[11742,2840,64199,43744]}\n>p1 switch 2\n>p2 move bulkup\n>p1 move sacredfire\n>p2 move rocktomb\n>p1 switch 6\n>p1 move psychicfangs\n>p2 move bulkup\n>p1 move aquajet\n>p2 move spectralthief zmove\n>p1 switch 5\n>p1 move return mega\n>p2 move closecombat\n>p2 switch 2\n>p1 move highjumpkick\n>p2 move rockslide\n>p2 switch 4\n>p1 move highjumpkick\n>p2 move blizzard mega\n>p1 switch 3\n>p2 move iceshard\n>p1 move shadowball\n>p2 switch 3\n>p1 move shadowball\n>p2 move flareblitz\n>p1 switch 4\n>p1 move earthquake\n>p2 switch 6\n>p1 switch 2\n>p2 move willowisp\n>p1 move suckerpunch\n>p2 switch 3\n>p1 move doubleedge\n>p2 move iceshard\n>p2 switch 3\n>p1 move suckerpunch\n>p2 move substitute\n>forcelose p1","uploadtime":1655317584,"views":2,"p1id":"bigwes95","p2id":"sweetp0t4t0","formatid":"gen7randombattle","rating":1623,"private":0,"password":null}