{"id":"gen7ru-871717194","p1":"BugCatcherWeevil","p2":"Duggymosa","format":"gen7ru","log":"|j|\u2606BugCatcherWeevil\n|j|\u2606Duggymosa\n|player|p1|BugCatcherWeevil|7\n|player|p2|Duggymosa|9\n|teamsize|p1|6\n|teamsize|p2|6\n|gametype|singles\n|gen|7\n|tier|[Gen 7] RU\n|rated|\n|html|<div class=\"broadcast-green\"><strong>RU is currently suspecting Zygarde-10%! For information on how to participate check out the <a href=\"https:\/\/www.smogon.com\/forums\/threads\/3647724\/\">suspect thread<\/a>.<\/strong><\/div>\n|rule|Sleep Clause Mod: Limit one foe put to sleep\n|rule|Species Clause: Limit one of each Pok\u00e9mon\n|rule|OHKO Clause: OHKO moves are banned\n|rule|Moody Clause: Moody is banned\n|rule|Evasion Moves Clause: Evasion moves are banned\n|rule|Endless Battle Clause: Forcing endless battles is banned\n|rule|HP Percentage Mod: HP is shown in percentages\n|clearpoke\n|poke|p1|Stoutland, F|item\n|poke|p1|Gigalith, M|item\n|poke|p1|Golbat, M|item\n|poke|p1|Tangela, F|item\n|poke|p1|Gastrodon, F|item\n|poke|p1|Metagross|item\n|poke|p2|Audino, F|item\n|poke|p2|Tangela, M|item\n|poke|p2|Metagross|item\n|poke|p2|Blastoise, M|item\n|poke|p2|Golbat, M|item\n|poke|p2|Spiritomb, M|item\n|teampreview\n|inactive|Battle timer is ON: inactive players will automatically lose when time's up. (requested by Duggymosa)\n|inactive|BugCatcherWeevil has 120 seconds left.\n|\n|start\n|switch|p1a: Metagross|Metagross|100\/100\n|switch|p2a: Metagross|Metagross|100\/100\n|turn|1\n|\n|move|p1a: Metagross|Earthquake|p2a: Metagross\n|-supereffective|p2a: Metagross\n|-enditem|p2a: Metagross|Shuca Berry|[eat]\n|-enditem|p2a: Metagross|Shuca Berry|[weaken]\n|-damage|p2a: Metagross|71\/100\n|move|p2a: Metagross|Stealth Rock|p1a: Metagross\n|-sidestart|p1: BugCatcherWeevil|move: Stealth Rock\n|\n|upkeep\n|turn|2\n|\n|switch|p2a: Tangela|Tangela, M|100\/100\n|move|p1a: Metagross|Meteor Mash|p2a: Tangela\n|-damage|p2a: Tangela|76\/100\n|-boost|p1a: Metagross|atk|1\n|\n|upkeep\n|turn|3\n|\n|move|p1a: Metagross|Meteor Mash|p2a: Tangela\n|-damage|p2a: Tangela|39\/100\n|move|p2a: Tangela|Leech Seed|p1a: Metagross\n|-start|p1a: Metagross|move: Leech Seed\n|\n|-damage|p1a: Metagross|88\/100|[from] Leech Seed|[of] p2a: Tangela\n|-heal|p2a: Tangela|52\/100|[silent]\n|upkeep\n|turn|4\n|inactive|Duggymosa has 120 seconds left.\n|\n|switch|p2a: Blastoise|Blastoise, M|100\/100\n|move|p1a: Metagross|Meteor Mash|p2a: Blastoise\n|-resisted|p2a: Blastoise\n|-damage|p2a: Blastoise|52\/100\n|\n|-damage|p1a: Metagross|76\/100|[from] Leech Seed|[of] p2a: Blastoise\n|-heal|p2a: Blastoise|66\/100|[silent]\n|upkeep\n|turn|5\n|\n|switch|p1a: Gastrodon|Gastrodon, F|100\/100\n|-damage|p1a: Gastrodon|94\/100|[from] Stealth Rock\n|detailschange|p2a: Blastoise|Blastoise-Mega, M\n|-mega|p2a: Blastoise|Blastoise|Blastoisinite\n|move|p2a: Blastoise|Dark Pulse|p1a: Gastrodon\n|-damage|p1a: Gastrodon|64\/100\n|\n|-heal|p1a: Gastrodon|70\/100|[from] item: Leftovers\n|upkeep\n|turn|6\n|\n|move|p2a: Blastoise|Dark Pulse|p1a: Gastrodon\n|-damage|p1a: Gastrodon|39\/100\n|move|p1a: Gastrodon|Toxic|p2a: Blastoise\n|-status|p2a: Blastoise|tox\n|\n|-heal|p1a: Gastrodon|45\/100|[from] item: Leftovers\n|-damage|p2a: Blastoise|60\/100 tox|[from] psn\n|upkeep\n|turn|7\n|\n|switch|p2a: Audino|Audino, F|100\/100\n|move|p1a: Gastrodon|Recover|p1a: Gastrodon\n|-heal|p1a: Gastrodon|95\/100\n|\n|-heal|p1a: Gastrodon|100\/100|[from] item: Leftovers\n|upkeep\n|turn|8\n|inactive|Duggymosa has 120 seconds left.\n|\n|switch|p1a: Gigalith|Gigalith, M|100\/100\n|-damage|p1a: Gigalith|88\/100|[from] Stealth Rock\n|-weather|Sandstorm|[from] ability: Sand Stream|[of] p1a: Gigalith\n|move|p2a: Audino|Toxic|p1a: Gigalith|[miss]\n|-miss|p2a: Audino|p1a: Gigalith\n|\n|-weather|Sandstorm|[upkeep]\n|-damage|p2a: Audino|94\/100|[from] Sandstorm\n|-heal|p2a: Audino|100\/100|[from] item: Leftovers\n|-heal|p1a: Gigalith|94\/100|[from] item: Leftovers\n|upkeep\n|turn|9\n|inactive|Duggymosa has 120 seconds left.\n|\n|move|p2a: Audino|Toxic|p1a: Gigalith\n|-status|p1a: Gigalith|tox\n|move|p1a: Gigalith|Stealth Rock|p2a: Audino\n|-sidestart|p2: Duggymosa|move: Stealth Rock\n|\n|-weather|Sandstorm|[upkeep]\n|-damage|p2a: Audino|94\/100|[from] Sandstorm\n|-heal|p2a: Audino|100\/100|[from] item: Leftovers\n|-heal|p1a: Gigalith|100\/100 tox|[from] item: Leftovers\n|-damage|p1a: Gigalith|94\/100 tox|[from] psn\n|upkeep\n|turn|10\n|inactive|Duggymosa has 120 seconds left.\n|\n|switch|p1a: Metagross|Metagross|76\/100\n|-damage|p1a: Metagross|70\/100|[from] Stealth Rock\n|move|p2a: Audino|Knock Off|p1a: Metagross\n|-supereffective|p1a: Metagross\n|-damage|p1a: Metagross|53\/100\n|\n|-weather|Sandstorm|[upkeep]\n|-damage|p2a: Audino|94\/100|[from] Sandstorm\n|-heal|p2a: Audino|100\/100|[from] item: Leftovers\n|upkeep\n|turn|11\n|\n|move|p1a: Metagross|Meteor Mash|p2a: Audino|[miss]\n|-miss|p1a: Metagross|p2a: Audino\n|move|p2a: Audino|Wish|p2a: Audino\n|\n|-weather|Sandstorm|[upkeep]\n|-damage|p2a: Audino|94\/100|[from] Sandstorm\n|-heal|p2a: Audino|100\/100|[from] item: Leftovers\n|upkeep\n|turn|12\n|\n|switch|p2a: Tangela|Tangela, M|85\/100\n|-damage|p2a: Tangela|73\/100|[from] Stealth Rock\n|move|p1a: Metagross|Meteor Mash|p2a: Tangela\n|-damage|p2a: Tangela|48\/100\n|\n|-weather|none\n|-heal|p2a: Tangela|100\/100|[from] move: Wish|[wisher] Audino\n|upkeep\n|turn|13\n|\n|switch|p1a: Tangela|Tangela, F|100\/100\n|-damage|p1a: Tangela|88\/100|[from] Stealth Rock\n|move|p2a: Tangela|Leech Seed|p1a: Tangela\n|-immune|p1a: Tangela\n|\n|upkeep\n|turn|14\n|\n|move|p2a: Tangela|Sludge Bomb|p1a: Tangela\n|-supereffective|p1a: Tangela\n|-damage|p1a: Tangela|34\/100\n|move|p1a: Tangela|Knock Off|p2a: Tangela\n|-damage|p2a: Tangela|95\/100\n|-enditem|p2a: Tangela|Eviolite|[from] move: Knock Off|[of] p1a: Tangela\n|\n|upkeep\n|turn|15\n|\n|switch|p1a: Golbat|Golbat, M|100\/100\n|-damage|p1a: Golbat|76\/100|[from] Stealth Rock\n|move|p2a: Tangela|Knock Off|p1a: Golbat\n|-damage|p1a: Golbat|67\/100\n|-enditem|p1a: Golbat|Eviolite|[from] move: Knock Off|[of] p2a: Tangela\n|\n|upkeep\n|turn|16\n|\n|move|p1a: Golbat|Super Fang|p2a: Tangela\n|-damage|p2a: Tangela|48\/100\n|move|p2a: Tangela|Leech Seed|p1a: Golbat\n|-start|p1a: Golbat|move: Leech Seed\n|\n|-damage|p1a: Golbat|54\/100|[from] Leech Seed|[of] p2a: Tangela\n|-heal|p2a: Tangela|61\/100|[silent]\n|upkeep\n|turn|17\n|\n|switch|p1a: Metagross|Metagross|53\/100\n|-damage|p1a: Metagross|47\/100|[from] Stealth Rock\n|switch|p2a: Blastoise|Blastoise-Mega, M|60\/100 tox\n|-damage|p2a: Blastoise|48\/100 tox|[from] Stealth Rock\n|\n|-damage|p2a: Blastoise|42\/100 tox|[from] psn\n|upkeep\n|turn|18\n|\n|switch|p2a: Audino|Audino, F|100\/100\n|-damage|p2a: Audino|88\/100|[from] Stealth Rock\n|switch|p1a: Gastrodon|Gastrodon, F|100\/100\n|-damage|p1a: Gastrodon|94\/100|[from] Stealth Rock\n|\n|-heal|p2a: Audino|94\/100|[from] item: Leftovers\n|-heal|p1a: Gastrodon|100\/100|[from] item: Leftovers\n|upkeep\n|turn|19\n|\n|switch|p1a: Metagross|Metagross|47\/100\n|-damage|p1a: Metagross|41\/100|[from] Stealth Rock\n|move|p2a: Audino|Knock Off|p1a: Metagross\n|-supereffective|p1a: Metagross\n|-damage|p1a: Metagross|24\/100\n|\n|-heal|p2a: Audino|99\/100|[from] item: Leftovers\n|upkeep\n|turn|20\n|\n|switch|p2a: Spiritomb|Spiritomb, M|100\/100\n|-damage|p2a: Spiritomb|88\/100|[from] Stealth Rock\n|move|p1a: Metagross|Meteor Mash|p2a: Spiritomb\n|-damage|p2a: Spiritomb|32\/100\n|-boost|p1a: Metagross|atk|1\n|\n|-heal|p2a: Spiritomb|38\/100|[from] item: Leftovers\n|upkeep\n|turn|21\n|\n|move|p1a: Metagross|Bullet Punch|p2a: Spiritomb\n|-damage|p2a: Spiritomb|3\/100\n|move|p2a: Spiritomb|Shadow Sneak|p1a: Metagross\n|-supereffective|p1a: Metagross\n|-damage|p1a: Metagross|0 fnt\n|faint|p1a: Metagross\n|\n|-heal|p2a: Spiritomb|10\/100|[from] item: Leftovers\n|upkeep\n|\n|switch|p1a: Stoutland|Stoutland, F|100\/100\n|-damage|p1a: Stoutland|88\/100|[from] Stealth Rock\n|turn|22\n|\n|move|p1a: Stoutland|Pursuit|p2a: Spiritomb\n|-damage|p2a: Spiritomb|0 fnt\n|faint|p2a: Spiritomb\n|\n|upkeep\n|\n|switch|p2a: Audino|Audino, F|100\/100\n|-damage|p2a: Audino|88\/100|[from] Stealth Rock\n|turn|23\n|\n|switch|p1a: Golbat|Golbat, M|54\/100\n|-damage|p1a: Golbat|29\/100|[from] Stealth Rock\n|move|p2a: Audino|Wish|p2a: Audino\n|\n|-heal|p2a: Audino|94\/100|[from] item: Leftovers\n|upkeep\n|turn|24\n|\n|switch|p2a: Blastoise|Blastoise-Mega, M|42\/100 tox\n|-damage|p2a: Blastoise|29\/100 tox|[from] Stealth Rock\n|move|p1a: Golbat|Brave Bird|p2a: Blastoise\n|-damage|p2a: Blastoise|0 fnt\n|-damage|p1a: Golbat|21\/100|[from] Recoil\n|faint|p2a: Blastoise\n|\n|upkeep\n|\n|switch|p2a: Metagross|Metagross|71\/100\n|-damage|p2a: Metagross|65\/100|[from] Stealth Rock\n|turn|25\n|\n|move|p1a: Golbat|Roost|p1a: Golbat\n|-heal|p1a: Golbat|72\/100\n|-singleturn|p1a: Golbat|move: Roost\n|move|p2a: Metagross|Earthquake|p1a: Golbat\n|-supereffective|p1a: Golbat\n|-damage|p1a: Golbat|13\/100\n|\n|upkeep\n|turn|26\n|inactive|Duggymosa has 120 seconds left.\n|\n|move|p2a: Metagross|Bullet Punch|p1a: Golbat\n|-damage|p1a: Golbat|0 fnt\n|faint|p1a: Golbat\n|\n|upkeep\n|\n|switch|p1a: Tangela|Tangela, F|67\/100\n|-damage|p1a: Tangela|55\/100|[from] Stealth Rock\n|turn|27\n|\n|switch|p2a: Audino|Audino, F|100\/100\n|-damage|p2a: Audino|88\/100|[from] Stealth Rock\n|move|p1a: Tangela|Leech Seed|p2a: Audino\n|-start|p2a: Audino|move: Leech Seed\n|\n|-heal|p2a: Audino|94\/100|[from] item: Leftovers\n|-damage|p2a: Audino|82\/100|[from] Leech Seed|[of] p1a: Tangela\n|-heal|p1a: Tangela|70\/100|[silent]\n|upkeep\n|turn|28\n|\n|switch|p1a: Gigalith|Gigalith, M|94\/100 tox\n|-damage|p1a: Gigalith|82\/100 tox|[from] Stealth Rock\n|-weather|Sandstorm|[from] ability: Sand Stream|[of] p1a: Gigalith\n|move|p2a: Audino|Toxic|p1a: Gigalith\n|-fail|p1a: Gigalith|tox\n|\n|-weather|Sandstorm|[upkeep]\n|-damage|p2a: Audino|76\/100|[from] Sandstorm\n|-heal|p2a: Audino|82\/100|[from] item: Leftovers\n|-heal|p1a: Gigalith|88\/100 tox|[from] item: Leftovers\n|-damage|p2a: Audino|69\/100|[from] Leech Seed|[of] p1a: Gigalith\n|-heal|p1a: Gigalith|100\/100 tox|[silent]\n|-damage|p1a: Gigalith|94\/100 tox|[from] psn\n|upkeep\n|turn|29\n|inactive|Duggymosa has 120 seconds left.\n|\n|switch|p2a: Tangela|Tangela, M|94\/100\n|-damage|p2a: Tangela|82\/100|[from] Stealth Rock\n|move|p1a: Gigalith|Stone Edge|p2a: Tangela\n|-damage|p2a: Tangela|47\/100\n|\n|-weather|Sandstorm|[upkeep]\n|-damage|p2a: Tangela|41\/100|[from] Sandstorm\n|-heal|p1a: Gigalith|100\/100 tox|[from] item: Leftovers\n|-damage|p1a: Gigalith|88\/100 tox|[from] psn\n|upkeep\n|turn|30\n|\n|switch|p1a: Tangela|Tangela, F|100\/100\n|-damage|p1a: Tangela|88\/100|[from] Stealth Rock\n|move|p2a: Tangela|Giga Drain|p1a: Tangela\n|-resisted|p1a: Tangela\n|-damage|p1a: Tangela|71\/100\n|-heal|p2a: Tangela|50\/100|[from] drain|[of] p1a: Tangela\n|\n|-weather|Sandstorm|[upkeep]\n|-damage|p2a: Tangela|44\/100|[from] Sandstorm\n|-damage|p1a: Tangela|65\/100|[from] Sandstorm\n|upkeep\n|turn|31\n|\n|switch|p2a: Audino|Audino, F|100\/100\n|-damage|p2a: Audino|88\/100|[from] Stealth Rock\n|move|p1a: Tangela|Sludge Bomb|p2a: Audino\n|-damage|p2a: Audino|74\/100\n|\n|-weather|Sandstorm|[upkeep]\n|-damage|p1a: Tangela|59\/100|[from] Sandstorm\n|-damage|p2a: Audino|68\/100|[from] Sandstorm\n|-heal|p2a: Audino|74\/100|[from] item: Leftovers\n|upkeep\n|turn|32\n|\n|move|p1a: Tangela|Knock Off|p2a: Audino\n|-damage|p2a: Audino|62\/100\n|-enditem|p2a: Audino|Leftovers|[from] move: Knock Off|[of] p1a: Tangela\n|move|p2a: Audino|Knock Off|p1a: Tangela\n|-damage|p1a: Tangela|52\/100\n|-enditem|p1a: Tangela|Eviolite|[from] move: Knock Off|[of] p2a: Audino\n|\n|-weather|none\n|upkeep\n|turn|33\n|\n|move|p1a: Tangela|Leech Seed|p2a: Audino\n|-start|p2a: Audino|move: Leech Seed\n|move|p2a: Audino|Wish|p2a: Audino\n|\n|-damage|p2a: Audino|50\/100|[from] Leech Seed|[of] p1a: Tangela\n|-heal|p1a: Tangela|67\/100|[silent]\n|upkeep\n|turn|34\n|\n|move|p1a: Tangela|Knock Off|p2a: Audino\n|-damage|p2a: Audino|42\/100\n|move|p2a: Audino|Knock Off|p1a: Tangela\n|-damage|p1a: Tangela|60\/100\n|\n|-heal|p2a: Audino|92\/100|[from] move: Wish|[wisher] Audino\n|-damage|p2a: Audino|80\/100|[from] Leech Seed|[of] p1a: Tangela\n|-heal|p1a: Tangela|76\/100|[silent]\n|upkeep\n|turn|35\n|\n|switch|p1a: Gigalith|Gigalith, M|88\/100 tox\n|-damage|p1a: Gigalith|76\/100 tox|[from] Stealth Rock\n|-weather|Sandstorm|[from] ability: Sand Stream|[of] p1a: Gigalith\n|move|p2a: Audino|Toxic|p1a: Gigalith|[miss]\n|-miss|p2a: Audino|p1a: Gigalith\n|\n|-weather|Sandstorm|[upkeep]\n|-damage|p2a: Audino|73\/100|[from] Sandstorm\n|-heal|p1a: Gigalith|82\/100 tox|[from] item: Leftovers\n|-damage|p2a: Audino|61\/100|[from] Leech Seed|[of] p1a: Gigalith\n|-heal|p1a: Gigalith|96\/100 tox|[silent]\n|-damage|p1a: Gigalith|90\/100 tox|[from] psn\n|upkeep\n|turn|36\n|\n|switch|p2a: Metagross|Metagross|65\/100\n|-damage|p2a: Metagross|59\/100|[from] Stealth Rock\n|move|p1a: Gigalith|Stone Edge|p2a: Metagross\n|-resisted|p2a: Metagross\n|-damage|p2a: Metagross|39\/100\n|\n|-weather|Sandstorm|[upkeep]\n|-heal|p1a: Gigalith|96\/100 tox|[from] item: Leftovers\n|-damage|p1a: Gigalith|83\/100 tox|[from] psn\n|upkeep\n|turn|37\n|\n|switch|p1a: Gastrodon|Gastrodon, F|100\/100\n|-damage|p1a: Gastrodon|94\/100|[from] Stealth Rock\n|move|p2a: Metagross|Meteor Mash|p1a: Gastrodon\n|-resisted|p1a: Gastrodon\n|-damage|p1a: Gastrodon|70\/100\n|\n|-weather|Sandstorm|[upkeep]\n|-heal|p1a: Gastrodon|76\/100|[from] item: Leftovers\n|upkeep\n|turn|38\n|\n|switch|p2a: Golbat|Golbat, M|100\/100\n|-damage|p2a: Golbat|76\/100|[from] Stealth Rock\n|move|p1a: Gastrodon|Earthquake|p2a: Golbat\n|-immune|p2a: Golbat\n|\n|-weather|Sandstorm|[upkeep]\n|-damage|p2a: Golbat|69\/100|[from] Sandstorm\n|-heal|p1a: Gastrodon|82\/100|[from] item: Leftovers\n|upkeep\n|turn|39\n|\n|switch|p1a: Tangela|Tangela, F|100\/100\n|-damage|p1a: Tangela|88\/100|[from] Stealth Rock\n|move|p2a: Golbat|Roost|p2a: Golbat\n|-heal|p2a: Golbat|100\/100\n|-singleturn|p2a: Golbat|move: Roost\n|\n|-weather|none\n|upkeep\n|turn|40\n|\n|switch|p2a: Audino|Audino, F|94\/100\n|-damage|p2a: Audino|82\/100|[from] Stealth Rock\n|move|p1a: Tangela|Knock Off|p2a: Audino\n|-damage|p2a: Audino|73\/100\n|\n|upkeep\n|turn|41\n|\n|move|p1a: Tangela|Leech Seed|p2a: Audino\n|-start|p2a: Audino|move: Leech Seed\n|move|p2a: Audino|Wish|p2a: Audino\n|\n|-damage|p2a: Audino|61\/100|[from] Leech Seed|[of] p1a: Tangela\n|-heal|p1a: Tangela|100\/100|[silent]\n|upkeep\n|turn|42\n|\n|switch|p1a: Gigalith|Gigalith, M|83\/100 tox\n|-damage|p1a: Gigalith|71\/100 tox|[from] Stealth Rock\n|-weather|Sandstorm|[from] ability: Sand Stream|[of] p1a: Gigalith\n|switch|p2a: Metagross|Metagross|39\/100\n|-damage|p2a: Metagross|33\/100|[from] Stealth Rock\n|\n|-weather|Sandstorm|[upkeep]\n|-heal|p2a: Metagross|94\/100|[from] move: Wish|[wisher] Audino\n|-heal|p1a: Gigalith|77\/100 tox|[from] item: Leftovers\n|-damage|p1a: Gigalith|71\/100 tox|[from] psn\n|upkeep\n|turn|43\n|\n|switch|p1a: Gastrodon|Gastrodon, F|82\/100\n|-damage|p1a: Gastrodon|76\/100|[from] Stealth Rock\n|move|p2a: Metagross|Earthquake|p1a: Gastrodon\n|-damage|p1a: Gastrodon|37\/100\n|\n|-weather|Sandstorm|[upkeep]\n|-heal|p1a: Gastrodon|43\/100|[from] item: Leftovers\n|upkeep\n|turn|44\n|\n|move|p2a: Metagross|Earthquake|p1a: Gastrodon\n|-damage|p1a: Gastrodon|8\/100\n|move|p1a: Gastrodon|Recover|p1a: Gastrodon\n|-heal|p1a: Gastrodon|58\/100\n|\n|-weather|Sandstorm|[upkeep]\n|-heal|p1a: Gastrodon|64\/100|[from] item: Leftovers\n|upkeep\n|turn|45\n|\n|move|p2a: Metagross|Earthquake|p1a: Gastrodon\n|-damage|p1a: Gastrodon|27\/100\n|move|p1a: Gastrodon|Recover|p1a: Gastrodon\n|-heal|p1a: Gastrodon|77\/100\n|\n|-weather|Sandstorm|[upkeep]\n|-heal|p1a: Gastrodon|83\/100|[from] item: Leftovers\n|upkeep\n|turn|46\n|\n|move|p2a: Metagross|Earthquake|p1a: Gastrodon\n|-crit|p1a: Gastrodon\n|-damage|p1a: Gastrodon|26\/100\n|move|p1a: Gastrodon|Recover|p1a: Gastrodon\n|-heal|p1a: Gastrodon|76\/100\n|\n|-weather|none\n|-heal|p1a: Gastrodon|82\/100|[from] item: Leftovers\n|upkeep\n|turn|47\n|\n|switch|p2a: Audino|Audino, F|94\/100\n|-damage|p2a: Audino|82\/100|[from] Stealth Rock\n|move|p1a: Gastrodon|Recover|p1a: Gastrodon\n|-heal|p1a: Gastrodon|100\/100\n|\n|upkeep\n|turn|48\n|\n|move|p2a: Audino|Toxic|p1a: Gastrodon\n|-status|p1a: Gastrodon|tox\n|move|p1a: Gastrodon|Toxic|p2a: Audino\n|-status|p2a: Audino|tox\n|\n|-damage|p2a: Audino|76\/100 tox|[from] psn\n|-damage|p1a: Gastrodon|94\/100 tox|[from] psn\n|upkeep\n|turn|49\n|\n|switch|p1a: Tangela|Tangela, F|100\/100\n|-damage|p1a: Tangela|88\/100|[from] Stealth Rock\n|move|p2a: Audino|Knock Off|p1a: Tangela\n|-damage|p1a: Tangela|81\/100\n|\n|-damage|p2a: Audino|63\/100 tox|[from] psn\n|upkeep\n|turn|50\n|\n|move|p1a: Tangela|Leech Seed|p2a: Audino\n|-start|p2a: Audino|move: Leech Seed\n|move|p2a: Audino|Wish|p2a: Audino\n|\n|-damage|p2a: Audino|51\/100 tox|[from] Leech Seed|[of] p1a: Tangela\n|-heal|p1a: Tangela|96\/100|[silent]\n|-damage|p2a: Audino|33\/100 tox|[from] psn\n|upkeep\n|turn|51\n|\n|switch|p2a: Golbat|Golbat, M|100\/100\n|-damage|p2a: Golbat|76\/100|[from] Stealth Rock\n|move|p1a: Tangela|Sludge Bomb|p2a: Golbat\n|-resisted|p2a: Golbat\n|-damage|p2a: Golbat|67\/100\n|\n|-heal|p2a: Golbat|100\/100|[from] move: Wish|[wisher] Audino\n|upkeep\n|turn|52\n|\n|move|p2a: Golbat|Brave Bird|p1a: Tangela\n|-supereffective|p1a: Tangela\n|-damage|p1a: Tangela|51\/100\n|-damage|p2a: Golbat|86\/100|[from] Recoil\n|move|p1a: Tangela|Knock Off|p2a: Golbat\n|-damage|p2a: Golbat|78\/100\n|-enditem|p2a: Golbat|Eviolite|[from] move: Knock Off|[of] p1a: Tangela\n|\n|upkeep\n|turn|53\n|\n|switch|p2a: Tangela|Tangela, M|77\/100\n|-damage|p2a: Tangela|65\/100|[from] Stealth Rock\n|move|p1a: Tangela|Leech Seed|p2a: Tangela\n|-immune|p2a: Tangela\n|\n|upkeep\n|turn|54\n|\n|switch|p2a: Audino|Audino, F|66\/100 tox\n|-damage|p2a: Audino|53\/100 tox|[from] Stealth Rock\n|move|p1a: Tangela|Sludge Bomb|p2a: Audino\n|-damage|p2a: Audino|40\/100 tox\n|\n|-damage|p2a: Audino|34\/100 tox|[from] psn\n|upkeep\n|turn|55\n|\n|move|p1a: Tangela|Giga Drain|p2a: Audino\n|-damage|p2a: Audino|18\/100 tox\n|-heal|p1a: Tangela|61\/100|[from] drain|[of] p2a: Audino\n|move|p2a: Audino|Wish|p2a: Audino\n|\n|-damage|p2a: Audino|6\/100 tox|[from] psn\n|upkeep\n|turn|56\n|\n|move|p2a: Audino|Protect|p2a: Audino\n|-singleturn|p2a: Audino|Protect\n|move|p1a: Tangela|Giga Drain|p2a: Audino\n|-activate|p2a: Audino|move: Protect\n|\n|-heal|p2a: Audino|56\/100 tox|[from] move: Wish|[wisher] Audino\n|-damage|p2a: Audino|38\/100 tox|[from] psn\n|upkeep\n|turn|57\n|\n|switch|p2a: Golbat|Golbat, M|78\/100\n|-damage|p2a: Golbat|53\/100|[from] Stealth Rock\n|move|p1a: Tangela|Giga Drain|p2a: Golbat\n|-resisted|p2a: Golbat\n|-damage|p2a: Golbat|45\/100\n|-heal|p1a: Tangela|65\/100|[from] drain|[of] p2a: Golbat\n|\n|upkeep\n|turn|58\n|\n|move|p2a: Golbat|Roost|p2a: Golbat\n|-heal|p2a: Golbat|95\/100\n|-singleturn|p2a: Golbat|move: Roost\n|move|p1a: Tangela|Leech Seed|p2a: Golbat\n|-start|p2a: Golbat|move: Leech Seed\n|\n|-damage|p2a: Golbat|83\/100|[from] Leech Seed|[of] p1a: Tangela\n|-heal|p1a: Tangela|79\/100|[silent]\n|upkeep\n|turn|59\n|\n|move|p2a: Golbat|Super Fang|p1a: Tangela\n|-damage|p1a: Tangela|40\/100\n|move|p1a: Tangela|Sludge Bomb|p2a: Golbat\n|-resisted|p2a: Golbat\n|-damage|p2a: Golbat|69\/100\n|\n|-damage|p2a: Golbat|57\/100|[from] Leech Seed|[of] p1a: Tangela\n|-heal|p1a: Tangela|53\/100|[silent]\n|upkeep\n|turn|60\n|\n|switch|p1a: Gigalith|Gigalith, M|71\/100 tox\n|-damage|p1a: Gigalith|59\/100 tox|[from] Stealth Rock\n|-weather|Sandstorm|[from] ability: Sand Stream|[of] p1a: Gigalith\n|move|p2a: Golbat|Roost|p2a: Golbat\n|-heal|p2a: Golbat|100\/100\n|-singleturn|p2a: Golbat|move: Roost\n|\n|-weather|Sandstorm|[upkeep]\n|-damage|p2a: Golbat|94\/100|[from] Sandstorm\n|-heal|p1a: Gigalith|65\/100 tox|[from] item: Leftovers\n|-damage|p2a: Golbat|82\/100|[from] Leech Seed|[of] p1a: Gigalith\n|-heal|p1a: Gigalith|77\/100 tox|[silent]\n|-damage|p1a: Gigalith|71\/100 tox|[from] psn\n|upkeep\n|turn|61\n|\n|switch|p2a: Tangela|Tangela, M|98\/100\n|-damage|p2a: Tangela|86\/100|[from] Stealth Rock\n|move|p1a: Gigalith|Stone Edge|p2a: Tangela\n|-crit|p2a: Tangela\n|-damage|p2a: Tangela|32\/100\n|\n|-weather|Sandstorm|[upkeep]\n|-damage|p2a: Tangela|26\/100|[from] Sandstorm\n|-heal|p1a: Gigalith|77\/100 tox|[from] item: Leftovers\n|-damage|p1a: Gigalith|64\/100 tox|[from] psn\n|upkeep\n|turn|62\n|\n|switch|p2a: Golbat|Golbat, M|82\/100\n|-damage|p2a: Golbat|57\/100|[from] Stealth Rock\n|switch|p1a: Stoutland|Stoutland, F|88\/100\n|-damage|p1a: Stoutland|76\/100|[from] Stealth Rock\n|\n|-weather|Sandstorm|[upkeep]\n|-damage|p2a: Golbat|51\/100|[from] Sandstorm\n|upkeep\n|turn|63\n|\n|move|p1a: Stoutland|Return|p2a: Golbat\n|-damage|p2a: Golbat|0 fnt\n|faint|p2a: Golbat\n|\n|-weather|Sandstorm|[upkeep]\n|upkeep\n|\n|switch|p2a: Metagross|Metagross|94\/100\n|-damage|p2a: Metagross|88\/100|[from] Stealth Rock\n|turn|64\n|\n|switch|p1a: Gastrodon|Gastrodon, F|94\/100 tox\n|-damage|p1a: Gastrodon|88\/100 tox|[from] Stealth Rock\n|move|p2a: Metagross|Earthquake|p1a: Gastrodon\n|-damage|p1a: Gastrodon|50\/100 tox\n|\n|-weather|none\n|-heal|p1a: Gastrodon|57\/100 tox|[from] item: Leftovers\n|-damage|p1a: Gastrodon|50\/100 tox|[from] psn\n|upkeep\n|turn|65\n|\n|move|p2a: Metagross|Earthquake|p1a: Gastrodon\n|-damage|p1a: Gastrodon|16\/100 tox\n|move|p1a: Gastrodon|Recover|p1a: Gastrodon\n|-heal|p1a: Gastrodon|66\/100 tox\n|\n|-heal|p1a: Gastrodon|73\/100 tox|[from] item: Leftovers\n|-damage|p1a: Gastrodon|60\/100 tox|[from] psn\n|upkeep\n|turn|66\n|\n|switch|p1a: Tangela|Tangela, F|86\/100\n|-damage|p1a: Tangela|74\/100|[from] Stealth Rock\n|move|p2a: Metagross|Earthquake|p1a: Tangela\n|-resisted|p1a: Tangela\n|-damage|p1a: Tangela|64\/100\n|\n|upkeep\n|turn|67\n|\n|move|p2a: Metagross|Meteor Mash|p1a: Tangela\n|-damage|p1a: Tangela|35\/100\n|move|p1a: Tangela|Sludge Bomb|p2a: Metagross\n|-immune|p2a: Metagross\n|\n|upkeep\n|turn|68\n|\n|move|p2a: Metagross|Meteor Mash|p1a: Tangela\n|-damage|p1a: Tangela|5\/100\n|move|p1a: Tangela|Leech Seed|p2a: Metagross\n|-start|p2a: Metagross|move: Leech Seed\n|\n|-damage|p2a: Metagross|76\/100|[from] Leech Seed|[of] p1a: Tangela\n|-heal|p1a: Tangela|18\/100|[silent]\n|upkeep\n|turn|69\n|\n|switch|p1a: Gastrodon|Gastrodon, F|60\/100 tox\n|-damage|p1a: Gastrodon|54\/100 tox|[from] Stealth Rock\n|move|p2a: Metagross|Meteor Mash|p1a: Gastrodon\n|-resisted|p1a: Gastrodon\n|-damage|p1a: Gastrodon|28\/100 tox\n|\n|-heal|p1a: Gastrodon|34\/100 tox|[from] item: Leftovers\n|-damage|p2a: Metagross|64\/100|[from] Leech Seed|[of] p1a: Gastrodon\n|-heal|p1a: Gastrodon|44\/100 tox|[silent]\n|-damage|p1a: Gastrodon|38\/100 tox|[from] psn\n|upkeep\n|turn|70\n|\n|switch|p2a: Audino|Audino, F|71\/100 tox\n|-damage|p2a: Audino|58\/100 tox|[from] Stealth Rock\n|move|p1a: Gastrodon|Recover|p1a: Gastrodon\n|-heal|p1a: Gastrodon|88\/100 tox\n|\n|-heal|p1a: Gastrodon|94\/100 tox|[from] item: Leftovers\n|-damage|p2a: Audino|52\/100 tox|[from] psn\n|-damage|p1a: Gastrodon|81\/100 tox|[from] psn\n|upkeep\n|turn|71\n|\n|switch|p1a: Gigalith|Gigalith, M|64\/100 tox\n|-damage|p1a: Gigalith|52\/100 tox|[from] Stealth Rock\n|-weather|Sandstorm|[from] ability: Sand Stream|[of] p1a: Gigalith\n|move|p2a: Audino|Wish|p2a: Audino\n|\n|-weather|Sandstorm|[upkeep]\n|-damage|p2a: Audino|46\/100 tox|[from] Sandstorm\n|-heal|p1a: Gigalith|58\/100 tox|[from] item: Leftovers\n|-damage|p2a: Audino|34\/100 tox|[from] psn\n|-damage|p1a: Gigalith|52\/100 tox|[from] psn\n|upkeep\n|turn|72\n|\n|switch|p2a: Tangela|Tangela, M|59\/100\n|-damage|p2a: Tangela|47\/100|[from] Stealth Rock\n|move|p1a: Gigalith|Earthquake|p2a: Tangela\n|-resisted|p2a: Tangela\n|-damage|p2a: Tangela|35\/100\n|\n|-weather|Sandstorm|[upkeep]\n|-damage|p2a: Tangela|29\/100|[from] Sandstorm\n|-heal|p2a: Tangela|91\/100|[from] move: Wish|[wisher] Audino\n|-heal|p1a: Gigalith|58\/100 tox|[from] item: Leftovers\n|-damage|p1a: Gigalith|46\/100 tox|[from] psn\n|upkeep\n|turn|73\n|\n|switch|p1a: Stoutland|Stoutland, F|76\/100\n|-damage|p1a: Stoutland|64\/100|[from] Stealth Rock\n|move|p2a: Tangela|Knock Off|p1a: Stoutland\n|-damage|p1a: Stoutland|47\/100\n|-enditem|p1a: Stoutland|Choice Band|[from] move: Knock Off|[of] p2a: Tangela\n|\n|-weather|Sandstorm|[upkeep]\n|-damage|p2a: Tangela|85\/100|[from] Sandstorm\n|upkeep\n|turn|74\n|\n|move|p1a: Stoutland|Return|p2a: Tangela\n|-damage|p2a: Tangela|52\/100\n|move|p2a: Tangela|Leech Seed|p1a: Stoutland\n|-start|p1a: Stoutland|move: Leech Seed\n|\n|-weather|Sandstorm|[upkeep]\n|-damage|p2a: Tangela|46\/100|[from] Sandstorm\n|-damage|p1a: Stoutland|35\/100|[from] Leech Seed|[of] p2a: Tangela\n|-heal|p2a: Tangela|57\/100|[silent]\n|upkeep\n|turn|75\n|\n|switch|p1a: Tangela|Tangela, F|51\/100\n|-damage|p1a: Tangela|39\/100|[from] Stealth Rock\n|move|p2a: Tangela|Giga Drain|p1a: Tangela\n|-resisted|p1a: Tangela\n|-damage|p1a: Tangela|9\/100\n|-heal|p2a: Tangela|72\/100|[from] drain|[of] p1a: Tangela\n|\n|-weather|none\n|upkeep\n|turn|76\n|inactive|BugCatcherWeevil has 120 seconds left.\n|\n|switch|p1a: Stoutland|Stoutland, F|35\/100\n|-damage|p1a: Stoutland|23\/100|[from] Stealth Rock\n|switch|p2a: Metagross|Metagross|64\/100\n|-damage|p2a: Metagross|58\/100|[from] Stealth Rock\n|\n|upkeep\n|turn|77\n|inactive|BugCatcherWeevil has 120 seconds left.\n|\n|move|p1a: Stoutland|Pursuit|p2a: Metagross\n|-supereffective|p2a: Metagross\n|-crit|p2a: Metagross\n|-damage|p2a: Metagross|24\/100\n|move|p2a: Metagross|Earthquake|p1a: Stoutland\n|-crit|p1a: Stoutland\n|-damage|p1a: Stoutland|0 fnt\n|faint|p1a: Stoutland\n|\n|upkeep\n|inactive|BugCatcherWeevil has 120 seconds left.\n|\n|switch|p1a: Gastrodon|Gastrodon, F|81\/100 tox\n|-damage|p1a: Gastrodon|75\/100 tox|[from] Stealth Rock\n|turn|78\n|\n|switch|p2a: Audino|Audino, F|67\/100 tox\n|-damage|p2a: Audino|55\/100 tox|[from] Stealth Rock\n|move|p1a: Gastrodon|Earthquake|p2a: Audino\n|-damage|p2a: Audino|25\/100 tox\n|\n|-heal|p1a: Gastrodon|81\/100 tox|[from] item: Leftovers\n|-damage|p2a: Audino|19\/100 tox|[from] psn\n|-damage|p1a: Gastrodon|75\/100 tox|[from] psn\n|upkeep\n|turn|79\n|\n|switch|p2a: Tangela|Tangela, M|100\/100\n|-damage|p2a: Tangela|88\/100|[from] Stealth Rock\n|switch|p1a: Gigalith|Gigalith, M|46\/100 tox\n|-damage|p1a: Gigalith|34\/100 tox|[from] Stealth Rock\n|-weather|Sandstorm|[from] ability: Sand Stream|[of] p1a: Gigalith\n|\n|-weather|Sandstorm|[upkeep]\n|-damage|p2a: Tangela|82\/100|[from] Sandstorm\n|-heal|p1a: Gigalith|40\/100 tox|[from] item: Leftovers\n|-damage|p1a: Gigalith|34\/100 tox|[from] psn\n|upkeep\n|turn|80\n|\n|move|p2a: Tangela|Giga Drain|p1a: Gigalith\n|-supereffective|p1a: Gigalith\n|-damage|p1a: Gigalith|3\/100 tox\n|-heal|p2a: Tangela|99\/100|[from] drain|[of] p1a: Gigalith\n|move|p1a: Gigalith|Stone Edge|p2a: Tangela\n|-crit|p2a: Tangela\n|-damage|p2a: Tangela|49\/100\n|\n|-weather|Sandstorm|[upkeep]\n|-damage|p2a: Tangela|43\/100|[from] Sandstorm\n|-heal|p1a: Gigalith|9\/100 tox|[from] item: Leftovers\n|-damage|p1a: Gigalith|0 fnt|[from] psn\n|faint|p1a: Gigalith\n|upkeep\n|\n|switch|p1a: Tangela|Tangela, F|43\/100\n|-damage|p1a: Tangela|30\/100|[from] Stealth Rock\n|turn|81\n|\n|switch|p2a: Metagross|Metagross|24\/100\n|-damage|p2a: Metagross|18\/100|[from] Stealth Rock\n|move|p1a: Tangela|Sludge Bomb|p2a: Metagross\n|-immune|p2a: Metagross\n|\n|-weather|Sandstorm|[upkeep]\n|-damage|p1a: Tangela|24\/100|[from] Sandstorm\n|upkeep\n|turn|82\n|\n|switch|p1a: Gastrodon|Gastrodon, F|75\/100 tox\n|-damage|p1a: Gastrodon|69\/100 tox|[from] Stealth Rock\n|move|p2a: Metagross|Meteor Mash|p1a: Gastrodon\n|-resisted|p1a: Gastrodon\n|-damage|p1a: Gastrodon|45\/100 tox\n|\n|-weather|Sandstorm|[upkeep]\n|-heal|p1a: Gastrodon|51\/100 tox|[from] item: Leftovers\n|-damage|p1a: Gastrodon|45\/100 tox|[from] psn\n|upkeep\n|turn|83\n|\n|move|p2a: Metagross|Earthquake|p1a: Gastrodon\n|-crit|p1a: Gastrodon\n|-damage|p1a: Gastrodon|0 fnt\n|faint|p1a: Gastrodon\n|\n|-weather|none\n|upkeep\n|\n|switch|p1a: Tangela|Tangela, F|58\/100\n|-damage|p1a: Tangela|45\/100|[from] Stealth Rock\n|turn|84\n|\n|switch|p2a: Audino|Audino, F|52\/100 tox\n|-damage|p2a: Audino|40\/100 tox|[from] Stealth Rock\n|move|p1a: Tangela|Leech Seed|p2a: Audino\n|-start|p2a: Audino|move: Leech Seed\n|\n|-damage|p2a: Audino|27\/100 tox|[from] Leech Seed|[of] p1a: Tangela\n|-heal|p1a: Tangela|61\/100|[silent]\n|-damage|p2a: Audino|21\/100 tox|[from] psn\n|upkeep\n|turn|85\n|\n|move|p1a: Tangela|Giga Drain|p2a: Audino\n|-damage|p2a: Audino|4\/100 tox\n|-heal|p1a: Tangela|71\/100|[from] drain|[of] p2a: Audino\n|move|p2a: Audino|Toxic|p1a: Tangela\n|-status|p1a: Tangela|tox\n|\n|-damage|p2a: Audino|0 fnt|[from] Leech Seed|[of] p1a: Tangela\n|-heal|p1a: Tangela|76\/100 tox|[silent]\n|faint|p2a: Audino\n|-damage|p1a: Tangela|70\/100 tox|[from] psn\n|upkeep\n|\n|switch|p2a: Metagross|Metagross|18\/100\n|-damage|p2a: Metagross|12\/100|[from] Stealth Rock\n|turn|86\n|\n|move|p2a: Metagross|Meteor Mash|p1a: Tangela\n|-damage|p1a: Tangela|42\/100 tox\n|move|p1a: Tangela|Giga Drain|p2a: Metagross\n|-resisted|p2a: Metagross\n|-damage|p2a: Metagross|1\/100\n|-heal|p1a: Tangela|48\/100 tox|[from] drain|[of] p2a: Metagross\n|\n|-damage|p1a: Tangela|36\/100 tox|[from] psn\n|upkeep\n|turn|87\n|\n|move|p2a: Metagross|Meteor Mash|p1a: Tangela\n|-damage|p1a: Tangela|6\/100 tox\n|move|p1a: Tangela|Giga Drain|p2a: Metagross\n|-resisted|p2a: Metagross\n|-damage|p2a: Metagross|0 fnt\n|-heal|p1a: Tangela|6\/100 tox|[from] drain|[of] p2a: Metagross\n|faint|p2a: Metagross\n|\n|-damage|p1a: Tangela|0 fnt|[from] psn\n|faint|p1a: Tangela\n|\n|win|Duggymosa\n|upkeep\n|c|\u2606Duggymosa|gg\n|raw|BugCatcherWeevil's rating: 1501 &rarr; <strong>1471<\/strong><br \/>(-30 for losing)\n|raw|Duggymosa's rating: 1313 &rarr; <strong>1343<\/strong><br \/>(+30 for winning)\n|l|\u2606BugCatcherWeevil\n","uploadtime":1551829498,"views":12,"p1id":"bugcatcherweevil","p2id":"duggymosa","formatid":"gen7ru","rating":1343,"private":0,"password":null}