{"id":"gen7ou-957166489","p1":"LT63RB tiful","p2":"JoJo321","format":"gen7ou","log":"|j|\u2606LT63RB tiful\n|j|\u2606JoJo321\n|player|p1|LT63RB tiful|24|1901\n|player|p2|JoJo321|265|1933\n|teamsize|p1|6\n|teamsize|p2|6\n|gametype|singles\n|gen|7\n|tier|[Gen 7] OU\n|rated|\n|rule|Sleep Clause Mod: Limit one foe put to sleep\n|rule|Species Clause: Limit one of each Pok\u00e9mon\n|rule|OHKO Clause: OHKO moves are banned\n|rule|Moody Clause: Moody is banned\n|rule|Evasion Moves Clause: Evasion moves are banned\n|rule|Endless Battle Clause: Forcing endless battles is banned\n|rule|HP Percentage Mod: HP is shown in percentages\n|clearpoke\n|poke|p1|Latias, F|item\n|poke|p1|Ferrothorn, M|item\n|poke|p1|Gliscor, M|item\n|poke|p1|Toxapex, F|item\n|poke|p1|Clefable, M|item\n|poke|p1|Ditto|item\n|poke|p2|Rhyperior, M|item\n|poke|p2|Serperior, F|item\n|poke|p2|Magearna|item\n|poke|p2|Victini|item\n|poke|p2|Celesteela|item\n|poke|p2|Swampert, M|item\n|teampreview\n|j| SweetPosho\n|j| LT62HG Juulsy\n|\n|start\n|switch|p1a: Ferrothorn|Ferrothorn, M|100\/100\n|switch|p2a: Rhyperior|Rhyperior, M|100\/100\n|turn|1\n|c| SweetPosho|lol\n|j| TheThorn\n|c| SweetPosho|te has ido\n|c| SweetPosho|a la verga\n|inactive|Battle timer is ON: inactive players will automatically lose when time's up. (requested by LT63RB tiful)\n|\n|move|p2a: Rhyperior|Fire Punch|p1a: Ferrothorn\n|-supereffective|p1a: Ferrothorn\n|-damage|p1a: Ferrothorn|14\/100\n|-damage|p2a: Rhyperior|88\/100|[from] ability: Iron Barbs|[of] p1a: Ferrothorn\n|move|p1a: Ferrothorn|Stealth Rock|p2a: Rhyperior\n|-sidestart|p2: JoJo321|move: Stealth Rock\n|\n|-heal|p1a: Ferrothorn|20\/100|[from] item: Leftovers\n|upkeep\n|turn|2\n|\n|switch|p1a: Toxapex|Toxapex, F|100\/100\n|-zpower|p2a: Rhyperior\n|move|p2a: Rhyperior|Continental Crush|p1a: Toxapex|[zeffect]\n|-damage|p1a: Toxapex|6\/100\n|\n|-heal|p1a: Toxapex|12\/100|[from] item: Black Sludge\n|upkeep\n|turn|3\n|\n|switch|p1a: Clefable|Clefable, M|100\/100\n|move|p2a: Rhyperior|Fire Punch|p1a: Clefable\n|-damage|p1a: Clefable|76\/100\n|\n|-heal|p1a: Clefable|82\/100|[from] item: Leftovers\n|upkeep\n|turn|4\n|j|+Jordy\n|j| vitalost\n|\n|move|p1a: Clefable|Calm Mind|p1a: Clefable\n|-boost|p1a: Clefable|spa|1\n|-boost|p1a: Clefable|spd|1\n|move|p2a: Rhyperior|Earthquake|p1a: Clefable\n|-damage|p1a: Clefable|40\/100\n|\n|-heal|p1a: Clefable|46\/100|[from] item: Leftovers\n|upkeep\n|turn|5\n|\n|move|p1a: Clefable|Soft-Boiled|p1a: Clefable\n|-heal|p1a: Clefable|96\/100\n|move|p2a: Rhyperior|Rock Wrecker|p1a: Clefable\n|-crit|p1a: Clefable\n|-damage|p1a: Clefable|0 fnt\n|-mustrecharge|p2a: Rhyperior\n|faint|p1a: Clefable\n|\n|upkeep\n|c| SweetPosho|LOOOOOL\n|\n|switch|p1a: Latias|Latias, F|100\/100\n|turn|6\n|\n|detailschange|p1a: Latias|Latias-Mega, F\n|-mega|p1a: Latias|Latias|Latiasite\n|move|p1a: Latias|Calm Mind|p1a: Latias\n|-boost|p1a: Latias|spa|1\n|-boost|p1a: Latias|spd|1\n|cant|p2a: Rhyperior|recharge\n|\n|upkeep\n|turn|7\n|\n|switch|p2a: Victini|Victini|100\/100\n|-damage|p2a: Victini|76\/100|[from] Stealth Rock\n|move|p1a: Latias|Calm Mind|p1a: Latias\n|-boost|p1a: Latias|spa|1\n|-boost|p1a: Latias|spd|1\n|\n|upkeep\n|turn|8\n|\n|move|p1a: Latias|Calm Mind|p1a: Latias\n|-boost|p1a: Latias|spa|1\n|-boost|p1a: Latias|spd|1\n|move|p2a: Victini|U-turn|p1a: Latias\n|-supereffective|p1a: Latias\n|-damage|p1a: Latias|49\/100\n|\n|switch|p2a: Serperior|Serperior, F|100\/100|[from]move: U-turn\n|-damage|p2a: Serperior|88\/100|[from] Stealth Rock\n|\n|upkeep\n|turn|9\n|\n|move|p2a: Serperior|Glare|p1a: Latias\n|-status|p1a: Latias|par\n|cant|p1a: Latias|par\n|\n|upkeep\n|turn|10\n|\n|switch|p2a: Celesteela|Celesteela|100\/100\n|-damage|p2a: Celesteela|88\/100|[from] Stealth Rock\n|move|p1a: Latias|Recover|p1a: Latias\n|-heal|p1a: Latias|99\/100 par\n|\n|upkeep\n|turn|11\n|c|\u2606LT63RB tiful|Co\u00f1o\n|c|\u2606LT63RB tiful|Paren ya\n|\n|move|p2a: Celesteela|Air Slash|p1a: Latias\n|-damage|p1a: Latias|89\/100 par\n|cant|p1a: Latias|flinch\n|\n|upkeep\n|turn|12\n|\n|move|p2a: Celesteela|Air Slash|p1a: Latias\n|-damage|p1a: Latias|78\/100 par\n|move|p1a: Latias|Calm Mind|p1a: Latias\n|-boost|p1a: Latias|spa|1\n|-boost|p1a: Latias|spd|1\n|\n|upkeep\n|turn|13\n|\n|move|p2a: Celesteela|Air Slash|p1a: Latias\n|-damage|p1a: Latias|66\/100 par\n|move|p1a: Latias|Recover|p1a: Latias\n|-heal|p1a: Latias|100\/100 par\n|\n|upkeep\n|turn|14\n|j| LightScreener \u2718\n|\n|move|p2a: Celesteela|Air Slash|p1a: Latias\n|-damage|p1a: Latias|87\/100 par\n|cant|p1a: Latias|par\n|\n|upkeep\n|turn|15\n|\n|move|p2a: Celesteela|Air Slash|p1a: Latias\n|-damage|p1a: Latias|71\/100 par\n|cant|p1a: Latias|par\n|\n|upkeep\n|turn|16\n|\n|move|p2a: Celesteela|Air Slash|p1a: Latias\n|-damage|p1a: Latias|53\/100 par\n|move|p1a: Latias|Recover|p1a: Latias\n|-heal|p1a: Latias|100\/100 par\n|\n|upkeep\n|turn|17\n|\n|move|p2a: Celesteela|Air Slash|p1a: Latias\n|-damage|p1a: Latias|84\/100 par\n|cant|p1a: Latias|par\n|\n|upkeep\n|turn|18\n|\n|move|p2a: Celesteela|Air Slash|p1a: Latias\n|-damage|p1a: Latias|67\/100 par\n|cant|p1a: Latias|flinch\n|\n|upkeep\n|turn|19\n|\n|move|p2a: Celesteela|Air Slash|p1a: Latias\n|-damage|p1a: Latias|49\/100 par\n|cant|p1a: Latias|par\n|\n|upkeep\n|turn|20\n|\n|move|p2a: Celesteela|Air Slash|p1a: Latias\n|-damage|p1a: Latias|32\/100 par\n|cant|p1a: Latias|par\n|\n|upkeep\n|turn|21\n|\n|move|p2a: Celesteela|Air Slash|p1a: Latias\n|-damage|p1a: Latias|15\/100 par\n|cant|p1a: Latias|par\n|\n|upkeep\n|turn|22\n|c|\u2606LT63RB tiful|Esto es increible\n|\n|switch|p1a: Gliscor|Gliscor, M|100\/100\n|move|p2a: Celesteela|Air Slash|p1a: Gliscor\n|-damage|p1a: Gliscor|22\/100\n|\n|-status|p1a: Gliscor|tox|[from] item: Toxic Orb\n|upkeep\n|turn|23\n|\n|switch|p1a: Ferrothorn|Ferrothorn, M|20\/100\n|move|p2a: Celesteela|Air Slash|p1a: Ferrothorn\n|-damage|p1a: Ferrothorn|0 fnt\n|faint|p1a: Ferrothorn\n|-ability|p2a: Celesteela|Beast Boost|boost\n|-boost|p2a: Celesteela|spa|1\n|\n|upkeep\n|l| vitalost\n|\n|switch|p1a: Ditto|Ditto|100\/100\n|-transform|p1a: Ditto|p2a: Celesteela|[from] ability: Imposter\n|turn|24\n|\n|switch|p2a: Swampert|Swampert, M|100\/100\n|-damage|p2a: Swampert|94\/100|[from] Stealth Rock\n|move|p1a: Ditto|Fire Blast|p2a: Swampert\n|-resisted|p2a: Swampert\n|-damage|p2a: Swampert|70\/100\n|\n|upkeep\n|turn|25\n|\n|switch|p1a: Toxapex|Toxapex, F|45\/100\n|move|p2a: Swampert|Stealth Rock|p1a: Toxapex\n|-sidestart|p1: LT63RB tiful|move: Stealth Rock\n|\n|-heal|p1a: Toxapex|51\/100|[from] item: Black Sludge\n|upkeep\n|turn|26\n|\n|move|p2a: Swampert|Earthquake|p1a: Toxapex\n|-supereffective|p1a: Toxapex\n|-damage|p1a: Toxapex|0 fnt\n|faint|p1a: Toxapex\n|\n|upkeep\n|\n|switch|p1a: Gliscor|Gliscor, M|22\/100 tox\n|-damage|p1a: Gliscor|10\/100 tox|[from] Stealth Rock\n|turn|27\n|\n|move|p1a: Gliscor|Roost|p1a: Gliscor\n|-heal|p1a: Gliscor|60\/100 tox\n|-singleturn|p1a: Gliscor|move: Roost\n|move|p2a: Swampert|Scald|p1a: Gliscor\n|-supereffective|p1a: Gliscor\n|-damage|p1a: Gliscor|3\/100 tox\n|\n|-heal|p1a: Gliscor|16\/100 tox|[from] ability: Poison Heal\n|upkeep\n|turn|28\n|\n|move|p1a: Gliscor|Roost|p1a: Gliscor\n|-heal|p1a: Gliscor|66\/100 tox\n|-singleturn|p1a: Gliscor|move: Roost\n|move|p2a: Swampert|Scald|p1a: Gliscor\n|-supereffective|p1a: Gliscor\n|-damage|p1a: Gliscor|13\/100 tox\n|\n|-heal|p1a: Gliscor|25\/100 tox|[from] ability: Poison Heal\n|upkeep\n|turn|29\n|\n|move|p1a: Gliscor|Roost|p1a: Gliscor\n|-heal|p1a: Gliscor|75\/100 tox\n|-singleturn|p1a: Gliscor|move: Roost\n|move|p2a: Swampert|Scald|p1a: Gliscor\n|-supereffective|p1a: Gliscor\n|-damage|p1a: Gliscor|17\/100 tox\n|\n|-heal|p1a: Gliscor|29\/100 tox|[from] ability: Poison Heal\n|upkeep\n|turn|30\n|\n|move|p1a: Gliscor|Roost|p1a: Gliscor\n|-heal|p1a: Gliscor|79\/100 tox\n|-singleturn|p1a: Gliscor|move: Roost\n|move|p2a: Swampert|Scald|p1a: Gliscor\n|-supereffective|p1a: Gliscor\n|-damage|p1a: Gliscor|21\/100 tox\n|\n|-heal|p1a: Gliscor|33\/100 tox|[from] ability: Poison Heal\n|upkeep\n|turn|31\n|\n|move|p1a: Gliscor|Roost|p1a: Gliscor\n|-heal|p1a: Gliscor|83\/100 tox\n|-singleturn|p1a: Gliscor|move: Roost\n|move|p2a: Swampert|Scald|p1a: Gliscor\n|-supereffective|p1a: Gliscor\n|-crit|p1a: Gliscor\n|-damage|p1a: Gliscor|8\/100 tox\n|\n|-heal|p1a: Gliscor|21\/100 tox|[from] ability: Poison Heal\n|upkeep\n|turn|32\n|\n|move|p1a: Gliscor|Roost|p1a: Gliscor\n|-heal|p1a: Gliscor|71\/100 tox\n|-singleturn|p1a: Gliscor|move: Roost\n|move|p2a: Swampert|Scald|p1a: Gliscor\n|-supereffective|p1a: Gliscor\n|-damage|p1a: Gliscor|12\/100 tox\n|\n|-heal|p1a: Gliscor|25\/100 tox|[from] ability: Poison Heal\n|upkeep\n|turn|33\n|c| LightScreener \u2718|Rhyperior team is so good\n|\n|move|p1a: Gliscor|Roost|p1a: Gliscor\n|-heal|p1a: Gliscor|75\/100 tox\n|-singleturn|p1a: Gliscor|move: Roost\n|move|p2a: Swampert|Scald|p1a: Gliscor\n|-supereffective|p1a: Gliscor\n|-damage|p1a: Gliscor|16\/100 tox\n|\n|-heal|p1a: Gliscor|29\/100 tox|[from] ability: Poison Heal\n|upkeep\n|turn|34\n|\n|move|p1a: Gliscor|Roost|p1a: Gliscor\n|-heal|p1a: Gliscor|79\/100 tox\n|-singleturn|p1a: Gliscor|move: Roost\n|move|p2a: Swampert|Scald|p1a: Gliscor\n|-supereffective|p1a: Gliscor\n|-damage|p1a: Gliscor|20\/100 tox\n|\n|-heal|p1a: Gliscor|33\/100 tox|[from] ability: Poison Heal\n|upkeep\n|turn|35\n|\n|move|p1a: Gliscor|Roost|p1a: Gliscor\n|-heal|p1a: Gliscor|83\/100 tox\n|-singleturn|p1a: Gliscor|move: Roost\n|move|p2a: Swampert|Scald|p1a: Gliscor\n|-supereffective|p1a: Gliscor\n|-damage|p1a: Gliscor|27\/100 tox\n|\n|-heal|p1a: Gliscor|39\/100 tox|[from] ability: Poison Heal\n|upkeep\n|turn|36\n|\n|move|p1a: Gliscor|Roost|p1a: Gliscor\n|-heal|p1a: Gliscor|89\/100 tox\n|-singleturn|p1a: Gliscor|move: Roost\n|move|p2a: Swampert|Scald|p1a: Gliscor\n|-supereffective|p1a: Gliscor\n|-damage|p1a: Gliscor|40\/100 tox\n|\n|-heal|p1a: Gliscor|52\/100 tox|[from] ability: Poison Heal\n|upkeep\n|turn|37\n|l| TheThorn\n|\n|move|p1a: Gliscor|Roost|p1a: Gliscor\n|-heal|p1a: Gliscor|100\/100 tox\n|-singleturn|p1a: Gliscor|move: Roost\n|move|p2a: Swampert|Scald|p1a: Gliscor\n|-supereffective|p1a: Gliscor\n|-damage|p1a: Gliscor|49\/100 tox\n|\n|-heal|p1a: Gliscor|61\/100 tox|[from] ability: Poison Heal\n|upkeep\n|turn|38\n|\n|move|p1a: Gliscor|Swords Dance|p1a: Gliscor\n|-boost|p1a: Gliscor|atk|2\n|move|p2a: Swampert|Scald|p1a: Gliscor\n|-supereffective|p1a: Gliscor\n|-damage|p1a: Gliscor|6\/100 tox\n|\n|-heal|p1a: Gliscor|19\/100 tox|[from] ability: Poison Heal\n|upkeep\n|turn|39\n|\n|move|p1a: Gliscor|Roost|p1a: Gliscor\n|-heal|p1a: Gliscor|69\/100 tox\n|-singleturn|p1a: Gliscor|move: Roost\n|move|p2a: Swampert|Scald|p1a: Gliscor\n|-supereffective|p1a: Gliscor\n|-damage|p1a: Gliscor|15\/100 tox\n|\n|-heal|p1a: Gliscor|28\/100 tox|[from] ability: Poison Heal\n|upkeep\n|turn|40\n|\n|move|p1a: Gliscor|Roost|p1a: Gliscor\n|-heal|p1a: Gliscor|78\/100 tox\n|-singleturn|p1a: Gliscor|move: Roost\n|move|p2a: Swampert|Scald|p1a: Gliscor\n|-supereffective|p1a: Gliscor\n|-damage|p1a: Gliscor|25\/100 tox\n|\n|-heal|p1a: Gliscor|37\/100 tox|[from] ability: Poison Heal\n|upkeep\n|turn|41\n|\n|move|p1a: Gliscor|Roost|p1a: Gliscor\n|-heal|p1a: Gliscor|87\/100 tox\n|-singleturn|p1a: Gliscor|move: Roost\n|move|p2a: Swampert|Scald|p1a: Gliscor\n|-supereffective|p1a: Gliscor\n|-damage|p1a: Gliscor|31\/100 tox\n|\n|-heal|p1a: Gliscor|44\/100 tox|[from] ability: Poison Heal\n|upkeep\n|turn|42\n|\n|move|p1a: Gliscor|Roost|p1a: Gliscor\n|-heal|p1a: Gliscor|94\/100 tox\n|-singleturn|p1a: Gliscor|move: Roost\n|move|p2a: Swampert|Scald|p1a: Gliscor\n|-supereffective|p1a: Gliscor\n|-damage|p1a: Gliscor|43\/100 tox\n|\n|-heal|p1a: Gliscor|55\/100 tox|[from] ability: Poison Heal\n|upkeep\n|turn|43\n|\n|move|p1a: Gliscor|Roost|p1a: Gliscor\n|-heal|p1a: Gliscor|100\/100 tox\n|-singleturn|p1a: Gliscor|move: Roost\n|move|p2a: Swampert|Scald|p1a: Gliscor\n|-supereffective|p1a: Gliscor\n|-damage|p1a: Gliscor|51\/100 tox\n|\n|-heal|p1a: Gliscor|64\/100 tox|[from] ability: Poison Heal\n|upkeep\n|turn|44\n|\n|move|p1a: Gliscor|Earthquake|p2a: Swampert\n|-damage|p2a: Swampert|30\/100\n|move|p2a: Swampert|Scald|p1a: Gliscor\n|-supereffective|p1a: Gliscor\n|-damage|p1a: Gliscor|0 fnt\n|faint|p1a: Gliscor\n|\n|upkeep\n|\n|switch|p1a: Ditto|Ditto|100\/100\n|-damage|p1a: Ditto|88\/100|[from] Stealth Rock\n|-transform|p1a: Ditto|p2a: Swampert|[from] ability: Imposter\n|turn|45\n|-message|LT63RB tiful forfeited.\n|\n|win|JoJo321\n|l|\u2606LT63RB tiful\n|l|\u2606JoJo321\n|raw|LT63RB tiful's rating: 1901 &rarr; <strong>1883<\/strong><br \/>(-18 for losing)\n|raw|JoJo321's rating: 1933 &rarr; <strong>1951<\/strong><br \/>(+18 for winning)\n|l| LT62HG Juulsy\n","uploadtime":1565266170,"views":45,"p1id":"lt63rbtiful","p2id":"jojo321","formatid":"gen7ou","rating":1883,"private":0,"password":null}