{"id":"gen7ou-1701647996","p1":"Lucians Call","p2":"BTLT007 Pho","format":"gen7ou","log":"|raw|<div class=\"broadcast-blue\"><strong>This battle is required to be public due to a player having a name starting with 'btlt007'.<\/div>\n|j|\u2606Lucians Call\n|j|\u2606BTLT007 Pho\n|t:|1667475591\n|gametype|singles\n|player|p1|Lucians Call|furisodegirl-blue|1768\n|player|p2|BTLT007 Pho|leaf-masters|1672\n|teamsize|p1|6\n|teamsize|p2|6\n|gen|7\n|tier|[Gen 7] OU\n|rated|\n|rule|Sleep Clause Mod: Limit one foe put to sleep\n|rule|Species Clause: Limit one of each Pok\u00e9mon\n|rule|OHKO Clause: OHKO moves are banned\n|rule|Moody Clause: Moody is banned\n|rule|Evasion Items Clause: Evasion items are banned\n|rule|Evasion Moves Clause: Evasion moves are banned\n|rule|Endless Battle Clause: Forcing endless battles is banned\n|rule|HP Percentage Mod: HP is shown in percentages\n|clearpoke\n|poke|p1|Escavalier, M|item\n|poke|p1|Latias, F|item\n|poke|p1|Tangrowth, M|item\n|poke|p1|Clefable, F|item\n|poke|p1|Greninja, M|item\n|poke|p1|Heatran, F|item\n|poke|p2|Pinsir, M|item\n|poke|p2|Magearna|item\n|poke|p2|Tapu Koko|item\n|poke|p2|Landorus-Therian, M|item\n|poke|p2|Kommo-o, F|item\n|poke|p2|Kartana|item\n|teampreview\n|inactive|Battle timer is ON: inactive players will automatically lose when time's up. (requested by BTLT007 Pho)\n|inactive|Lucians Call has 120 seconds left.\n|j| IEUIIE\n|inactive|Lucians Call has 90 seconds left.\n|inactive|Lucians Call has 60 seconds left.\n|j| theyjjj\n|\n|t:|1667475689\n|start\n|switch|p1a: Latias|Latias, F|100\/100\n|switch|p2a: Mag|Magearna|100\/100\n|turn|1\n|\n|t:|1667475702\n|detailschange|p1a: Latias|Latias-Mega, F\n|-mega|p1a: Latias|Latias|Latiasite\n|move|p1a: Latias|Thunder Wave|p2a: Mag\n|-status|p2a: Mag|par\n|cant|p2a: Mag|par\n|\n|upkeep\n|turn|2\n|inactive|Lucians Call has 120 seconds left.\n|j| huge blast\n|inactive|Lucians Call has 90 seconds left.\n|\n|t:|1667475758\n|move|p1a: Latias|Ice Beam|p2a: Mag\n|-resisted|p2a: Mag\n|-damage|p2a: Mag|95\/100 par\n|move|p2a: Mag|Volt Switch|p1a: Latias\n|-resisted|p1a: Latias\n|-damage|p1a: Latias|94\/100\n|\n|t:|1667475768\n|switch|p2a: Koko|Tapu Koko|100\/100|[from]move: Volt Switch\n|-fieldstart|move: Electric Terrain|[from] ability: Electric Surge|[of] p2a: Koko\n|\n|upkeep\n|turn|3\n|inactive|Lucians Call has 90 seconds left.\n|\n|t:|1667475781\n|move|p2a: Koko|U-turn|p1a: Latias\n|-supereffective|p1a: Latias\n|-damage|p1a: Latias|69\/100\n|\n|t:|1667475782\n|switch|p2a: Mag|Magearna|95\/100 par|[from]move: U-turn\n|move|p1a: Latias|Ice Beam|p2a: Mag\n|-resisted|p2a: Mag\n|-damage|p2a: Mag|90\/100 par\n|\n|upkeep\n|turn|4\n|\n|t:|1667475790\n|move|p1a: Latias|Ice Beam|p2a: Mag\n|-resisted|p2a: Mag\n|-damage|p2a: Mag|84\/100 par\n|move|p2a: Mag|Ice Beam|p1a: Latias\n|-supereffective|p1a: Latias\n|-damage|p1a: Latias|36\/100\n|\n|upkeep\n|turn|5\n|\n|t:|1667475800\n|move|p1a: Latias|Roost|p1a: Latias\n|-heal|p1a: Latias|86\/100\n|-singleturn|p1a: Latias|move: Roost\n|cant|p2a: Mag|par\n|\n|upkeep\n|turn|6\n|\n|t:|1667475803\n|switch|p1a: Heatran|Heatran, F|100\/100\n|move|p2a: Mag|Flash Cannon|p1a: Heatran\n|-resisted|p1a: Heatran\n|-damage|p1a: Heatran|92\/100\n|-unboost|p1a: Heatran|spd|1\n|\n|-fieldend|move: Electric Terrain\n|upkeep\n|turn|7\n|\n|t:|1667475812\n|move|p1a: Heatran|Stealth Rock|p2a: Mag\n|-sidestart|p2: BTLT007 Pho|move: Stealth Rock\n|cant|p2a: Mag|par\n|\n|upkeep\n|turn|8\n|\n|t:|1667475816\n|switch|p2a: Kommo|Kommo-o, F|100\/100\n|-damage|p2a: Kommo|94\/100|[from] Stealth Rock\n|-zpower|p1a: Heatran\n|move|p1a: Heatran|Inferno Overdrive|p2a: Kommo|[zeffect]\n|-resisted|p2a: Kommo\n|-damage|p2a: Kommo|35\/100\n|\n|upkeep\n|turn|9\n|\n|t:|1667475821\n|switch|p2a: LandoT|Landorus-Therian, M, shiny|100\/100\n|-damage|p2a: LandoT|88\/100|[from] Stealth Rock\n|-ability|p2a: LandoT|Intimidate|boost\n|-unboost|p1a: Heatran|atk|1\n|move|p1a: Heatran|Earth Power|p2a: LandoT\n|-immune|p2a: LandoT\n|\n|upkeep\n|turn|10\n|\n|t:|1667475824\n|switch|p1a: Latias|Latias-Mega, F|86\/100\n|move|p2a: LandoT|Defog|p1a: Latias\n|-unboost|p1a: Latias|evasion|1\n|-sideend|p2: BTLT007 Pho|Stealth Rock|[from] move: Defog|[of] p2a: LandoT\n|\n|upkeep\n|turn|11\n|\n|t:|1667475827\n|switch|p1a: Heatran|Heatran, F|92\/100\n|switch|p2a: Mag|Magearna|84\/100 par\n|\n|upkeep\n|turn|12\n|\n|t:|1667475830\n|switch|p2a: Kommo|Kommo-o, F|35\/100\n|move|p1a: Heatran|Stealth Rock|p2a: Kommo\n|-sidestart|p2: BTLT007 Pho|move: Stealth Rock\n|\n|upkeep\n|turn|13\n|\n|t:|1667475833\n|switch|p1a: Clefable|Clefable, F|100\/100\n|switch|p2a: LandoT|Landorus-Therian, M, shiny|88\/100\n|-damage|p2a: LandoT|76\/100|[from] Stealth Rock\n|-ability|p2a: LandoT|Intimidate|boost\n|-unboost|p1a: Clefable|atk|1\n|\n|upkeep\n|turn|14\n|\n|t:|1667475837\n|switch|p1a: Heatran|Heatran, F|92\/100\n|move|p2a: LandoT|Defog|p1a: Heatran\n|-unboost|p1a: Heatran|evasion|1\n|-sideend|p2: BTLT007 Pho|Stealth Rock|[from] move: Defog|[of] p2a: LandoT\n|\n|upkeep\n|turn|15\n|\n|t:|1667475840\n|move|p1a: Heatran|Stealth Rock|p2a: LandoT\n|-sidestart|p2: BTLT007 Pho|move: Stealth Rock\n|move|p2a: LandoT|Earthquake|p1a: Heatran\n|-supereffective|p1a: Heatran\n|-damage|p1a: Heatran|0 fnt\n|faint|p1a: Heatran\n|\n|upkeep\n|\n|t:|1667475844\n|switch|p1a: Greninja|Greninja, M|100\/100\n|turn|16\n|\n|t:|1667475848\n|switch|p2a: Mag|Magearna|84\/100 par\n|-damage|p2a: Mag|78\/100 par|[from] Stealth Rock\n|move|p1a: Greninja|Hydro Pump|p2a: Mag\n|-damage|p2a: Mag|49\/100 par\n|\n|upkeep\n|turn|17\n|\n|t:|1667475851\n|switch|p1a: Escavalier|Escavalier, M|100\/100\n|move|p2a: Mag|Volt Switch|p1a: Escavalier\n|-damage|p1a: Escavalier|78\/100\n|\n|t:|1667475853\n|switch|p2a: LandoT|Landorus-Therian, M, shiny|76\/100|[from]move: Volt Switch\n|-damage|p2a: LandoT|63\/100|[from] Stealth Rock\n|-ability|p2a: LandoT|Intimidate|boost\n|-unboost|p1a: Escavalier|atk|1\n|\n|upkeep\n|turn|18\n|\n|t:|1667475855\n|switch|p1a: Greninja|Greninja, M|100\/100\n|move|p2a: LandoT|Defog|p1a: Greninja\n|-unboost|p1a: Greninja|evasion|1\n|-sideend|p2: BTLT007 Pho|Stealth Rock|[from] move: Defog|[of] p2a: LandoT\n|\n|upkeep\n|turn|19\n|\n|t:|1667475871\n|move|p1a: Greninja|Hydro Pump|p2a: LandoT\n|-supereffective|p2a: LandoT\n|-damage|p2a: LandoT|0 fnt\n|faint|p2a: LandoT\n|-activate|p1a: Greninja|ability: Battle Bond\n|detailschange|p1a: Greninja|Greninja-Ash, M\n|\n|upkeep\n|\n|t:|1667475876\n|switch|p2a: Mag|Magearna|49\/100 par\n|turn|20\n|\n|t:|1667475880\n|switch|p1a: Escavalier|Escavalier, M|78\/100\n|move|p2a: Mag|Volt Switch|p1a: Escavalier\n|-damage|p1a: Escavalier|55\/100\n|\n|t:|1667475883\n|switch|p2a: Kommo|Kommo-o, F|35\/100|[from]move: Volt Switch\n|\n|upkeep\n|turn|21\n|\n|t:|1667475885\n|move|p2a: Kommo|Stealth Rock|p1a: Escavalier\n|-sidestart|p1: Lucians Call|move: Stealth Rock\n|move|p1a: Escavalier|Iron Head|p2a: Kommo\n|-damage|p2a: Kommo|0 fnt\n|faint|p2a: Kommo\n|\n|upkeep\n|\n|t:|1667475908\n|switch|p2a: Koko|Tapu Koko|100\/100\n|-fieldstart|move: Electric Terrain|[from] ability: Electric Surge|[of] p2a: Koko\n|turn|22\n|\n|t:|1667475910\n|move|p2a: Koko|Thunderbolt|p1a: Escavalier\n|-damage|p1a: Escavalier|0 fnt\n|faint|p1a: Escavalier\n|\n|upkeep\n|\n|t:|1667475912\n|switch|p1a: Latias|Latias-Mega, F|86\/100\n|-damage|p1a: Latias|74\/100|[from] Stealth Rock\n|turn|23\n|\n|t:|1667475917\n|move|p2a: Koko|Hidden Power|p1a: Latias\n|-supereffective|p1a: Latias\n|-damage|p1a: Latias|50\/100\n|move|p1a: Latias|Defog|p2a: Koko\n|-unboost|p2a: Koko|evasion|1\n|-sideend|p1: Lucians Call|Stealth Rock|[from] move: Defog|[of] p1a: Latias\n|\n|upkeep\n|turn|24\n|\n|t:|1667475936\n|move|p2a: Koko|Thunderbolt|p1a: Latias\n|-resisted|p1a: Latias\n|-damage|p1a: Latias|29\/100\n|move|p1a: Latias|Roost|p1a: Latias\n|-heal|p1a: Latias|79\/100\n|-singleturn|p1a: Latias|move: Roost\n|\n|upkeep\n|turn|25\n|inactive|Lucians Call has 120 seconds left.\n|\n|t:|1667475989\n|move|p2a: Koko|Thunderbolt|p1a: Latias\n|-resisted|p1a: Latias\n|-damage|p1a: Latias|57\/100\n|move|p1a: Latias|Ice Beam|p2a: Koko\n|-damage|p2a: Koko|58\/100\n|\n|upkeep\n|turn|26\n|\n|t:|1667475995\n|move|p2a: Koko|Thunderbolt|p1a: Latias\n|-resisted|p1a: Latias\n|-damage|p1a: Latias|37\/100\n|move|p1a: Latias|Ice Beam|p2a: Koko\n|-damage|p2a: Koko|15\/100\n|\n|-fieldend|move: Electric Terrain\n|upkeep\n|turn|27\n|\n|t:|1667476001\n|move|p2a: Koko|Roost|p2a: Koko\n|-heal|p2a: Koko|65\/100\n|-singleturn|p2a: Koko|move: Roost\n|move|p1a: Latias|Roost|p1a: Latias\n|-heal|p1a: Latias|87\/100\n|-singleturn|p1a: Latias|move: Roost\n|\n|upkeep\n|turn|28\n|\n|t:|1667476003\n|move|p2a: Koko|Thunderbolt|p1a: Latias\n|-resisted|p1a: Latias\n|-damage|p1a: Latias|73\/100\n|move|p1a: Latias|Ice Beam|p2a: Koko\n|-damage|p2a: Koko|28\/100\n|\n|upkeep\n|turn|29\n|\n|t:|1667476005\n|move|p2a: Koko|Roost|p2a: Koko\n|-heal|p2a: Koko|79\/100\n|-singleturn|p2a: Koko|move: Roost\n|move|p1a: Latias|Ice Beam|p2a: Koko\n|-damage|p2a: Koko|39\/100\n|\n|upkeep\n|turn|30\n|\n|t:|1667476007\n|move|p2a: Koko|Roost|p2a: Koko\n|-heal|p2a: Koko|89\/100\n|-singleturn|p2a: Koko|move: Roost\n|move|p1a: Latias|Ice Beam|p2a: Koko\n|-damage|p2a: Koko|49\/100\n|\n|upkeep\n|turn|31\n|\n|t:|1667476009\n|move|p2a: Koko|Roost|p2a: Koko\n|-heal|p2a: Koko|99\/100\n|-singleturn|p2a: Koko|move: Roost\n|move|p1a: Latias|Ice Beam|p2a: Koko\n|-damage|p2a: Koko|61\/100\n|\n|upkeep\n|turn|32\n|\n|t:|1667476012\n|switch|p1a: Tangrowth|Tangrowth, M|100\/100\n|move|p2a: Koko|Thunderbolt|p1a: Tangrowth\n|-resisted|p1a: Tangrowth\n|-damage|p1a: Tangrowth|86\/100\n|\n|upkeep\n|turn|33\n|\n|t:|1667476015\n|move|p2a: Koko|U-turn|p1a: Tangrowth\n|-supereffective|p1a: Tangrowth\n|-damage|p1a: Tangrowth|64\/100\n|\n|t:|1667476017\n|switch|p2a: Pin|Pinsir, M, shiny|100\/100|[from]move: U-turn\n|move|p1a: Tangrowth|Rock Slide|p2a: Pin\n|-supereffective|p2a: Pin\n|-damage|p2a: Pin|55\/100\n|\n|upkeep\n|turn|34\n|\n|t:|1667476030\n|switch|p1a: Clefable|Clefable, F|100\/100\n|detailschange|p2a: Pin|Pinsir-Mega, M, shiny\n|-mega|p2a: Pin|Pinsir|Pinsirite\n|move|p2a: Pin|Return|p1a: Clefable\n|-damage|p1a: Clefable|46\/100\n|\n|-heal|p1a: Clefable|53\/100|[from] item: Leftovers\n|upkeep\n|turn|35\n|\n|t:|1667476033\n|move|p2a: Pin|Return|p1a: Clefable\n|-damage|p1a: Clefable|0 fnt\n|faint|p1a: Clefable\n|\n|upkeep\n|\n|t:|1667476035\n|switch|p1a: Greninja|Greninja-Ash, M|100\/100\n|turn|36\n|\n|t:|1667476064\n|switch|p2a: Koko|Tapu Koko|61\/100\n|-fieldstart|move: Electric Terrain|[from] ability: Electric Surge|[of] p2a: Koko\n|move|p1a: Greninja|Hydro Pump|p2a: Koko\n|-crit|p2a: Koko\n|-damage|p2a: Koko|0 fnt\n|faint|p2a: Koko\n|\n|upkeep\n|\n|t:|1667476066\n|switch|p2a: Mag|Magearna|49\/100 par\n|turn|37\n|\n|t:|1667476074\n|switch|p1a: Latias|Latias-Mega, F|73\/100\n|move|p2a: Mag|Volt Switch|p1a: Latias\n|-resisted|p1a: Latias\n|-damage|p1a: Latias|63\/100\n|\n|t:|1667476077\n|switch|p2a: Kart|Kartana, shiny|100\/100|[from]move: Volt Switch\n|\n|upkeep\n|turn|38\n|\n|t:|1667476083\n|move|p1a: Latias|Roost|p1a: Latias\n|-heal|p1a: Latias|100\/100\n|-singleturn|p1a: Latias|move: Roost\n|move|p2a: Kart|Knock Off|p1a: Latias\n|-supereffective|p1a: Latias\n|-damage|p1a: Latias|32\/100\n|\n|upkeep\n|turn|39\n|\n|t:|1667476088\n|move|p1a: Latias|Ice Beam|p2a: Kart\n|-damage|p2a: Kart|6\/100\n|-status|p2a: Kart|frz\n|-curestatus|p2a: Kart|frz|[msg]\n|move|p2a: Kart|Knock Off|p1a: Latias\n|-supereffective|p1a: Latias\n|-damage|p1a: Latias|0 fnt\n|faint|p1a: Latias\n|-ability|p2a: Kart|Beast Boost|boost\n|-boost|p2a: Kart|atk|1\n|\n|upkeep\n|\n|t:|1667476090\n|switch|p1a: Greninja|Greninja-Ash, M|100\/100\n|turn|40\n|\n|t:|1667476099\n|move|p1a: Greninja|Hydro Pump|p2a: Kart\n|-resisted|p2a: Kart\n|-damage|p2a: Kart|0 fnt\n|faint|p2a: Kart\n|\n|-fieldend|move: Electric Terrain\n|upkeep\n|\n|t:|1667476101\n|switch|p2a: Mag|Magearna|49\/100 par\n|turn|41\n|\n|t:|1667476120\n|move|p1a: Greninja|Hydro Pump|p2a: Mag\n|-damage|p2a: Mag|10\/100 par\n|cant|p2a: Mag|par\n|\n|upkeep\n|turn|42\n|c|\u2606BTLT007 Pho|CMON\n|\n|t:|1667476130\n|switch|p1a: Tangrowth|Tangrowth, M|97\/100\n|move|p2a: Mag|Volt Switch|p1a: Tangrowth\n|-resisted|p1a: Tangrowth\n|-damage|p1a: Tangrowth|91\/100\n|\n|t:|1667476132\n|switch|p2a: Pin|Pinsir-Mega, M, shiny|55\/100|[from]move: Volt Switch\n|\n|upkeep\n|turn|43\n|\n|t:|1667476136\n|move|p2a: Pin|Return|p1a: Tangrowth\n|-supereffective|p1a: Tangrowth\n|-damage|p1a: Tangrowth|0 fnt\n|faint|p1a: Tangrowth\n|\n|upkeep\n|\n|t:|1667476146\n|switch|p1a: Greninja|Greninja-Ash, M|100\/100\n|turn|44\n|\n|t:|1667476151\n|move|p1a: Greninja|Water Shuriken|p2a: Pin\n|-damage|p2a: Pin|28\/100\n|-damage|p2a: Pin|5\/100\n|-damage|p2a: Pin|0 fnt\n|faint|p2a: Pin\n|-hitcount|p2: Pin|3\n|\n|upkeep\n|c|\u2606BTLT007 Pho|nice game u were better\n|-message|BTLT007 Pho forfeited.\n|\n|win|Lucians Call\n|raw|Lucians Call's rating: 1768 &rarr; <strong>1783<\/strong><br \/>(+15 for winning)\n|raw|BTLT007 Pho's rating: 1672 &rarr; <strong>1657<\/strong><br \/>(-15 for losing)\n|l|\u2606BTLT007 Pho\n","uploadtime":1667476164,"views":10,"p1id":"lucianscall","p2id":"btlt007pho","formatid":"gen7ou","rating":1657,"private":0,"password":null}