{"id":"gen7ou-699877962","p1":"test bange3","p2":"Q114","format":"gen7ou","log":"|j|\u2606test bange3\n|j|\u2606Q114\n|player|p1|test bange3|142\n|player|p2|Q114|1\n|teamsize|p1|6\n|teamsize|p2|6\n|gametype|singles\n|gen|7\n|tier|[Gen 7] OU\n|rated|\n|rule|Sleep Clause Mod: Limit one foe put to sleep\n|rule|Species Clause: Limit one of each Pok\u00e9mon\n|rule|OHKO Clause: OHKO moves are banned\n|rule|Moody Clause: Moody is banned\n|rule|Evasion Moves Clause: Evasion moves are banned\n|rule|Endless Battle Clause: Forcing endless battles is banned\n|rule|HP Percentage Mod: HP is shown in percentages\n|clearpoke\n|poke|p1|Zapdos|item\n|poke|p1|Kartana|item\n|poke|p1|Alakazam, F|item\n|poke|p1|Seismitoad, M|item\n|poke|p1|Muk-Alola, F|item\n|poke|p1|Gyarados, F|item\n|poke|p2|Skarmory, F|item\n|poke|p2|Chansey, F|item\n|poke|p2|Magnezone|item\n|poke|p2|Toxapex, M|item\n|poke|p2|Clefable, M|item\n|poke|p2|Sableye, F|item\n|teampreview\n|\n|start\n|switch|p1a: Muk|Muk-Alola, F|100\/100\n|switch|p2a: Sableye|Sableye, F|100\/100\n|turn|1\n|\n|-mega|p2a: Sableye|Sableye|Sablenite\n|detailschange|p2a: Sableye|Sableye-Mega, F\n|move|p1a: Muk|Knock Off|p2a: Sableye\n|-damage|p2a: Sableye|74\/100\n|move|p2a: Sableye|Knock Off|p1a: Muk\n|-resisted|p1a: Muk\n|-damage|p1a: Muk|86\/100\n|-enditem|p1a: Muk|Assault Vest|[from] move: Knock Off|[of] p2a: Sableye\n|\n|upkeep\n|turn|2\n|\n|move|p1a: Muk|Knock Off|p2a: Sableye\n|-damage|p2a: Sableye|48\/100\n|move|p2a: Sableye|Will-O-Wisp|p1a: Muk\n|-status|p1a: Muk|brn\n|\n|-damage|p1a: Muk|80\/100 brn|[from] brn\n|upkeep\n|turn|3\n|\n|move|p1a: Muk|Knock Off|p2a: Sableye\n|-damage|p2a: Sableye|34\/100\n|move|p2a: Sableye|Recover|p2a: Sableye\n|-heal|p2a: Sableye|84\/100\n|\n|-damage|p1a: Muk|74\/100 brn|[from] brn\n|upkeep\n|turn|4\n|\n|move|p2a: Sableye|Protect|p2a: Sableye\n|-singleturn|p2a: Sableye|Protect\n|move|p1a: Muk|Knock Off|p2a: Sableye\n|-activate|p2a: Sableye|move: Protect\n|\n|-damage|p1a: Muk|68\/100 brn|[from] brn\n|upkeep\n|turn|5\n|\n|switch|p2a: Skarmory|Skarmory, F|100\/100\n|move|p1a: Muk|Knock Off|p2a: Skarmory\n|-damage|p2a: Skarmory|88\/100\n|-damage|p1a: Muk|51\/100 brn|[from] item: Rocky Helmet|[of] p2a: Skarmory\n|-enditem|p2a: Skarmory|Rocky Helmet|[from] move: Knock Off|[of] p1a: Muk\n|\n|-damage|p1a: Muk|45\/100 brn|[from] brn\n|upkeep\n|turn|6\n|\n|switch|p1a: Zapdos|Zapdos|100\/100\n|move|p2a: Skarmory|Spikes|p1a: Zapdos\n|-sidestart|p1: test bange3|Spikes\n|\n|upkeep\n|turn|7\n|\n|switch|p2a: Chansey|Chansey, F|100\/100\n|move|p1a: Zapdos|Volt Switch|p2a: Chansey\n|-damage|p2a: Chansey|92\/100\n|\n|switch|p1a: Kartana|Kartana|100\/100\n|-damage|p1a: Kartana|88\/100|[from] Spikes\n|\n|upkeep\n|turn|8\n|\n|switch|p1a: Zapdos|Zapdos|100\/100\n|switch|p2a: Toxapex|Toxapex, M|100\/100\n|\n|upkeep\n|turn|9\n|j| waltervolpi92\n|\n|move|p1a: Zapdos|Volt Switch|p2a: Toxapex\n|-supereffective|p2a: Toxapex\n|-damage|p2a: Toxapex|50\/100\n|\n|switch|p1a: Seismitoad|Seismitoad, M, shiny|100\/100\n|-damage|p1a: Seismitoad|88\/100|[from] Spikes\n|move|p2a: Toxapex|Scald|p1a: Seismitoad\n|-heal|p1a: Seismitoad|100\/100|[from] ability: Water Absorb|[of] p2a: Toxapex\n|\n|-heal|p2a: Toxapex|56\/100|[from] item: Black Sludge\n|upkeep\n|turn|10\n|\n|switch|p2a: Chansey|Chansey, F|92\/100\n|move|p1a: Seismitoad|Earthquake|p2a: Chansey\n|-damage|p2a: Chansey|68\/100\n|\n|upkeep\n|turn|11\n|\n|move|p1a: Seismitoad|Stealth Rock|p2a: Chansey\n|-sidestart|p2: Q114|move: Stealth Rock\n|move|p2a: Chansey|Stealth Rock|p1a: Seismitoad\n|-sidestart|p1: test bange3|move: Stealth Rock\n|\n|upkeep\n|turn|12\n|\n|move|p1a: Seismitoad|Scald|p2a: Chansey\n|-damage|p2a: Chansey|61\/100\n|move|p2a: Chansey|Soft-Boiled|p2a: Chansey\n|-heal|p2a: Chansey|100\/100\n|\n|upkeep\n|turn|13\n|\n|move|p1a: Seismitoad|Scald|p2a: Chansey\n|-damage|p2a: Chansey|93\/100\n|move|p2a: Chansey|Toxic|p1a: Seismitoad\n|-status|p1a: Seismitoad|tox\n|\n|-damage|p1a: Seismitoad|94\/100 tox|[from] psn\n|upkeep\n|turn|14\n|j| ojcastillo29\n|\n|move|p1a: Seismitoad|Scald|p2a: Chansey\n|-damage|p2a: Chansey|85\/100\n|move|p2a: Chansey|Seismic Toss|p1a: Seismitoad\n|-damage|p1a: Seismitoad|70\/100 tox\n|\n|-heal|p1a: Seismitoad|76\/100 tox|[from] item: Leftovers\n|-damage|p1a: Seismitoad|64\/100 tox|[from] psn\n|upkeep\n|turn|15\n|\n|move|p1a: Seismitoad|Scald|p2a: Chansey\n|-damage|p2a: Chansey|77\/100\n|move|p2a: Chansey|Seismic Toss|p1a: Seismitoad\n|-damage|p1a: Seismitoad|40\/100 tox\n|\n|-heal|p1a: Seismitoad|46\/100 tox|[from] item: Leftovers\n|-damage|p1a: Seismitoad|28\/100 tox|[from] psn\n|upkeep\n|turn|16\n|\n|move|p1a: Seismitoad|Scald|p2a: Chansey\n|-damage|p2a: Chansey|70\/100\n|move|p2a: Chansey|Soft-Boiled|p2a: Chansey\n|-heal|p2a: Chansey|100\/100\n|\n|-heal|p1a: Seismitoad|34\/100 tox|[from] item: Leftovers\n|-damage|p1a: Seismitoad|10\/100 tox|[from] psn\n|upkeep\n|turn|17\n|\n|move|p1a: Seismitoad|Endeavor|p2a: Chansey\n|-damage|p2a: Chansey|6\/100\n|move|p2a: Chansey|Soft-Boiled|p2a: Chansey\n|-heal|p2a: Chansey|56\/100\n|\n|-heal|p1a: Seismitoad|16\/100 tox|[from] item: Leftovers\n|-damage|p1a: Seismitoad|0 fnt|[from] psn\n|upkeep\n|faint|p1a: Seismitoad\n|\n|switch|p1a: Alakazam|Alakazam, F|100\/100\n|turn|18\n|\n|move|p1a: Alakazam|Taunt|p2a: Chansey\n|-start|p2a: Chansey|move: Taunt\n|cant|p2a: Chansey|move: Taunt|Soft-Boiled\n|\n|upkeep\n|turn|19\n|inactive|Battle timer is ON: inactive players will automatically lose when time's up. (requested by test bange3)\n|\n|switch|p1a: Zapdos|Zapdos|100\/100\n|-damage|p1a: Zapdos|75\/100|[from] Stealth Rock\n|switch|p2a: Sableye|Sableye-Mega, F|84\/100\n|-damage|p2a: Sableye|71\/100|[from] Stealth Rock\n|\n|upkeep\n|turn|20\n|\n|move|p1a: Zapdos|Volt Switch|p2a: Sableye\n|-damage|p2a: Sableye|51\/100\n|\n|switch|p1a: Muk|Muk-Alola, F|45\/100 brn\n|-damage|p1a: Muk|33\/100 brn|[from] Spikes\n|-damage|p1a: Muk|20\/100 brn|[from] Stealth Rock\n|move|p2a: Sableye|Recover|p2a: Sableye\n|-heal|p2a: Sableye|100\/100\n|\n|-damage|p1a: Muk|14\/100 brn|[from] brn\n|upkeep\n|turn|21\n|\n|move|p2a: Sableye|Protect|p2a: Sableye\n|-singleturn|p2a: Sableye|Protect\n|move|p1a: Muk|Pursuit|p2a: Sableye\n|-activate|p2a: Sableye|move: Protect\n|\n|-damage|p1a: Muk|8\/100 brn|[from] brn\n|upkeep\n|turn|22\n|inactive|Q114 has 135 seconds left.\n|\n|-activate|p2a: Sableye|move: Pursuit\n|move|p1a: Muk|Pursuit|p2a: Sableye|[from]Pursuit\n|-damage|p2a: Sableye|85\/100\n|switch|p2a: Magnezone|Magnezone|100\/100\n|-damage|p2a: Magnezone|94\/100|[from] Stealth Rock\n|\n|-damage|p1a: Muk|2\/100 brn|[from] brn\n|upkeep\n|turn|23\n|j| fuxx listall\n|\n|move|p2a: Magnezone|Thunderbolt|p1a: Muk\n|-damage|p1a: Muk|0 fnt\n|faint|p1a: Muk\n|\n|upkeep\n|\n|switch|p1a: Alakazam|Alakazam, F|100\/100\n|turn|24\n|inactive|Q114 has 135 seconds left.\n|\n|-mega|p1a: Alakazam|Alakazam|Alakazite\n|detailschange|p1a: Alakazam|Alakazam-Mega, F\n|-ability|p1a: Alakazam|Magnet Pull|[from] ability: Trace|[of] p2a: Magnezone\n|move|p1a: Alakazam|Focus Blast|p2a: Magnezone\n|-supereffective|p2a: Magnezone\n|-damage|p2a: Magnezone|0 fnt\n|faint|p2a: Magnezone\n|\n|upkeep\n|inactive|Q114 has 135 seconds left.\n|\n|switch|p2a: Sableye|Sableye-Mega, F|85\/100\n|-damage|p2a: Sableye|73\/100|[from] Stealth Rock\n|turn|25\n|\n|switch|p1a: Zapdos|Zapdos|75\/100\n|-damage|p1a: Zapdos|50\/100|[from] Stealth Rock\n|move|p2a: Sableye|Recover|p2a: Sableye\n|-heal|p2a: Sableye|100\/100\n|\n|upkeep\n|turn|26\n|\n|move|p1a: Zapdos|Volt Switch|p2a: Sableye\n|-damage|p2a: Sableye|78\/100\n|\n|switch|p1a: Kartana|Kartana|88\/100\n|-damage|p1a: Kartana|82\/100|[from] Stealth Rock\n|-damage|p1a: Kartana|70\/100|[from] Spikes\n|move|p2a: Sableye|Will-O-Wisp|p1a: Kartana\n|-status|p1a: Kartana|brn\n|\n|-damage|p1a: Kartana|63\/100 brn|[from] brn\n|upkeep\n|turn|27\n|\n|move|p1a: Kartana|Leaf Blade|p2a: Sableye\n|-crit|p2a: Sableye\n|-damage|p2a: Sableye|38\/100\n|move|p2a: Sableye|Recover|p2a: Sableye\n|-heal|p2a: Sableye|88\/100\n|\n|-damage|p1a: Kartana|57\/100 brn|[from] brn\n|upkeep\n|turn|28\n|\n|move|p1a: Kartana|Leaf Blade|p2a: Sableye\n|-damage|p2a: Sableye|62\/100\n|move|p2a: Sableye|Recover|p2a: Sableye\n|-heal|p2a: Sableye|100\/100\n|\n|-damage|p1a: Kartana|51\/100 brn|[from] brn\n|upkeep\n|turn|29\n|j| ReimuXMarisa\n|\n|move|p2a: Sableye|Protect|p2a: Sableye\n|-singleturn|p2a: Sableye|Protect\n|move|p1a: Kartana|Leaf Blade|p2a: Sableye\n|-activate|p2a: Sableye|move: Protect\n|\n|-damage|p1a: Kartana|45\/100 brn|[from] brn\n|upkeep\n|turn|30\n|\n|switch|p2a: Skarmory|Skarmory, F|88\/100\n|-damage|p2a: Skarmory|76\/100|[from] Stealth Rock\n|move|p1a: Kartana|Leaf Blade|p2a: Skarmory\n|-resisted|p2a: Skarmory\n|-damage|p2a: Skarmory|71\/100\n|\n|-damage|p1a: Kartana|39\/100 brn|[from] brn\n|upkeep\n|turn|31\n|\n|switch|p1a: Zapdos|Zapdos|50\/100\n|-damage|p1a: Zapdos|25\/100|[from] Stealth Rock\n|move|p2a: Skarmory|Roost|p2a: Skarmory\n|-heal|p2a: Skarmory|100\/100\n|\n|upkeep\n|turn|32\n|\n|switch|p2a: Chansey|Chansey, F|56\/100\n|-damage|p2a: Chansey|44\/100|[from] Stealth Rock\n|move|p1a: Zapdos|Roost|p1a: Zapdos\n|-heal|p1a: Zapdos|75\/100\n|\n|upkeep\n|turn|33\n|\n|move|p1a: Zapdos|Defog|p2a: Chansey\n|-unboost|p2a: Chansey|evasion|1\n|-sideend|p2: Q114|Stealth Rock|[from] move: Defog|[of] p2a: Chansey\n|-sideend|p1: test bange3|Spikes|[from] move: Defog|[of] p1a: Zapdos\n|-sideend|p1: test bange3|Stealth Rock|[from] move: Defog|[of] p1a: Zapdos\n|move|p2a: Chansey|Soft-Boiled|p2a: Chansey\n|-heal|p2a: Chansey|94\/100\n|\n|upkeep\n|turn|34\n|\n|move|p1a: Zapdos|Volt Switch|p2a: Chansey\n|-damage|p2a: Chansey|85\/100\n|\n|switch|p1a: Gyarados|Gyarados, F|100\/100\n|-ability|p1a: Gyarados|Intimidate|boost\n|-unboost|p2a: Chansey|atk|1\n|move|p2a: Chansey|Stealth Rock|p1a: Gyarados\n|-sidestart|p1: test bange3|move: Stealth Rock\n|\n|upkeep\n|turn|35\n|inactive|Q114 has 135 seconds left.\n|\n|switch|p2a: Toxapex|Toxapex, M|90\/100\n|move|p1a: Gyarados|Dragon Dance|p1a: Gyarados\n|-boost|p1a: Gyarados|atk|1\n|-boost|p1a: Gyarados|spe|1\n|\n|-heal|p2a: Toxapex|96\/100|[from] item: Black Sludge\n|upkeep\n|turn|36\n|\n|move|p1a: Gyarados|Earthquake|p2a: Toxapex\n|-supereffective|p2a: Toxapex\n|-damage|p2a: Toxapex|37\/100\n|move|p2a: Toxapex|Haze|p2a: Toxapex\n|-clearallboost\n|\n|-heal|p2a: Toxapex|43\/100|[from] item: Black Sludge\n|upkeep\n|turn|37\n|inactive|Q114 has 135 seconds left.\n|\n|move|p1a: Gyarados|Earthquake|p2a: Toxapex\n|-supereffective|p2a: Toxapex\n|-damage|p2a: Toxapex|3\/100\n|move|p2a: Toxapex|Haze|p2a: Toxapex\n|-clearallboost\n|\n|-heal|p2a: Toxapex|9\/100|[from] item: Black Sludge\n|upkeep\n|turn|38\n|\n|switch|p2a: Skarmory|Skarmory, F|100\/100\n|move|p1a: Gyarados|Dragon Dance|p1a: Gyarados\n|-boost|p1a: Gyarados|atk|1\n|-boost|p1a: Gyarados|spe|1\n|\n|upkeep\n|turn|39\n|\n|move|p1a: Gyarados|Waterfall|p2a: Skarmory\n|-damage|p2a: Skarmory|68\/100\n|cant|p2a: Skarmory|flinch\n|\n|upkeep\n|turn|40\n|\n|move|p1a: Gyarados|Waterfall|p2a: Skarmory\n|-damage|p2a: Skarmory|35\/100\n|move|p2a: Skarmory|Roost|p2a: Skarmory\n|-heal|p2a: Skarmory|85\/100\n|\n|upkeep\n|turn|41\n|l| waltervolpi92\n|\n|move|p1a: Gyarados|Dragon Dance|p1a: Gyarados\n|-boost|p1a: Gyarados|atk|1\n|-boost|p1a: Gyarados|spe|1\n|move|p2a: Skarmory|Counter|p1a: Gyarados\n|-fail|p1a: Gyarados\n|\n|upkeep\n|turn|42\n|\n|move|p1a: Gyarados|Waterfall|p2a: Skarmory\n|-damage|p2a: Skarmory|39\/100\n|move|p2a: Skarmory|Roost|p2a: Skarmory\n|-heal|p2a: Skarmory|89\/100\n|\n|upkeep\n|turn|43\n|\n|move|p1a: Gyarados|Dragon Dance|p1a: Gyarados\n|-boost|p1a: Gyarados|atk|1\n|-boost|p1a: Gyarados|spe|1\n|move|p2a: Skarmory|Counter|p1a: Gyarados\n|-fail|p1a: Gyarados\n|\n|upkeep\n|turn|44\n|\n|move|p1a: Gyarados|Waterfall|p2a: Skarmory\n|-damage|p2a: Skarmory|27\/100\n|move|p2a: Skarmory|Counter|p1a: Gyarados\n|-damage|p1a: Gyarados|0 fnt\n|faint|p1a: Gyarados\n|\n|upkeep\n|l| ojcastillo29\n|\n|switch|p1a: Alakazam|Alakazam-Mega, F|100\/100\n|-damage|p1a: Alakazam|88\/100|[from] Stealth Rock\n|-ability|p1a: Alakazam|Sturdy|[from] ability: Trace|[of] p2a: Skarmory\n|turn|45\n|\n|move|p1a: Alakazam|Shadow Ball|p2a: Skarmory\n|-damage|p2a: Skarmory|0 fnt\n|faint|p2a: Skarmory\n|\n|upkeep\n|\n|switch|p2a: Sableye|Sableye-Mega, F|100\/100\n|turn|46\n|\n|move|p1a: Alakazam|Shadow Ball|p2a: Sableye\n|-damage|p2a: Sableye|76\/100\n|move|p2a: Sableye|Knock Off|p1a: Alakazam\n|-supereffective|p1a: Alakazam\n|-damage|p1a: Alakazam|14\/100\n|\n|upkeep\n|turn|47\n|\n|move|p1a: Alakazam|Shadow Ball|p2a: Sableye\n|-damage|p2a: Sableye|51\/100\n|-unboost|p2a: Sableye|spd|1\n|move|p2a: Sableye|Recover|p2a: Sableye\n|-heal|p2a: Sableye|100\/100\n|\n|upkeep\n|turn|48\n|-message|test bange3 forfeited.\n|\n|win|Q114\n|l|\u2606test bange3\n|raw|test bange3's rating: 1891 &rarr; <strong>1868<\/strong><br \/>(-23 for losing)\n|raw|Q114's rating: 1836 &rarr; <strong>1860<\/strong><br \/>(+24 for winning)\n|l| ReimuXMarisa\n|j| waltervolpi92\n|l| waltervolpi92\n","inputlog":null,"uploadtime":1517905292,"views":33,"p1id":"testbange3","p2id":"q114","formatid":"gen7ou","rating":1860,"private":0,"password":null}