{"id":"gen7ou-864696767","p1":"karmana","p2":"orangesss","format":"gen7ou","log":"|j|\u2606karmana\n|j|\u2606orangesss\n|player|p1|karmana|116\n|player|p2|orangesss|269\n|teamsize|p1|6\n|teamsize|p2|6\n|gametype|singles\n|gen|7\n|tier|[Gen 7] OU\n|rated|\n|rule|Sleep Clause Mod: Limit one foe put to sleep\n|rule|Species Clause: Limit one of each Pok\u00e9mon\n|rule|OHKO Clause: OHKO moves are banned\n|rule|Moody Clause: Moody is banned\n|rule|Evasion Moves Clause: Evasion moves are banned\n|rule|Endless Battle Clause: Forcing endless battles is banned\n|rule|HP Percentage Mod: HP is shown in percentages\n|clearpoke\n|poke|p1|Landorus-Therian, M|item\n|poke|p1|Magearna|item\n|poke|p1|Garchomp, F|item\n|poke|p1|Ditto|item\n|poke|p1|Clefable, F|item\n|poke|p1|Mawile, F|item\n|poke|p2|Hawlucha, F|item\n|poke|p2|Swampert, F|item\n|poke|p2|Ferrothorn, M|item\n|poke|p2|Pelipper, M|item\n|poke|p2|Tapu Koko|item\n|poke|p2|Kartana|item\n|teampreview\n|inactive|Battle timer is ON: inactive players will automatically lose when time's up. (requested by orangesss)\n|\n|start\n|switch|p1a: Garchomp|Garchomp, F, shiny|100\/100\n|switch|p2a: Birdman|Tapu Koko|100\/100\n|-fieldstart|move: Electric Terrain|[from] ability: Electric Surge|[of] p2a: Birdman\n|turn|1\n|\n|switch|p2a: Hate rain :(|Ferrothorn, M|100\/100\n|move|p1a: Garchomp|Earthquake|p2a: Hate rain :(\n|-damage|p2a: Hate rain :(|66\/100\n|\n|-heal|p2a: Hate rain :(|72\/100|[from] item: Leftovers\n|upkeep\n|turn|2\n|\n|move|p1a: Garchomp|Swords Dance|p1a: Garchomp\n|-boost|p1a: Garchomp|atk|2\n|move|p2a: Hate rain :(|Gyro Ball|p1a: Garchomp\n|-damage|p1a: Garchomp|54\/100\n|-damage|p2a: Hate rain :(|59\/100|[from] ability: Rough Skin|[of] p1a: Garchomp\n|\n|-heal|p2a: Hate rain :(|66\/100|[from] item: Leftovers\n|upkeep\n|turn|3\n|\n|move|p1a: Garchomp|Fire Fang|p2a: Hate rain :(\n|-supereffective|p2a: Hate rain :(\n|-damage|p2a: Hate rain :(|0 fnt\n|-damage|p1a: Garchomp|42\/100|[from] ability: Iron Barbs|[of] p2a: Hate rain :(\n|faint|p2a: Hate rain :(\n|\n|upkeep\n|\n|switch|p2a: Birdman|Tapu Koko|100\/100\n|turn|4\n|\n|switch|p1a: Magearna|Magearna|100\/100\n|move|p2a: Birdman|Dazzling Gleam|p1a: Magearna\n|-resisted|p1a: Magearna\n|-damage|p1a: Magearna|91\/100\n|\n|upkeep\n|turn|5\n|\n|move|p2a: Birdman|Nature's Madness|p1a: Magearna\n|-damage|p1a: Magearna|46\/100\n|move|p1a: Magearna|Fleur Cannon|p2a: Birdman\n|-damage|p2a: Birdman|3\/100\n|-unboost|p1a: Magearna|spa|2\n|\n|-fieldend|move: Electric Terrain\n|upkeep\n|turn|6\n|\n|move|p2a: Birdman|Volt Switch|p1a: Magearna\n|-damage|p1a: Magearna|30\/100\n|\n|switch|p2a: S for Swampert|Swampert, F|100\/100\n|move|p1a: Magearna|Volt Switch|p2a: S for Swampert\n|-immune|p2a: S for Swampert\n|\n|upkeep\n|turn|7\n|\n|switch|p1a: Landorus|Landorus-Therian, M, shiny|100\/100\n|-ability|p1a: Landorus|Intimidate|boost\n|-unboost|p2a: S for Swampert|atk|1\n|detailschange|p2a: S for Swampert|Swampert-Mega, F\n|-mega|p2a: S for Swampert|Swampert|Swampertite\n|move|p2a: S for Swampert|Waterfall|p1a: Landorus\n|-supereffective|p1a: Landorus\n|-damage|p1a: Landorus|53\/100\n|-damage|p2a: S for Swampert|84\/100|[from] item: Rocky Helmet|[of] p1a: Landorus\n|\n|upkeep\n|turn|8\n|\n|switch|p2a: Nappy love|Pelipper, M|100\/100\n|-weather|RainDance|[from] ability: Drizzle|[of] p2a: Nappy love\n|move|p1a: Landorus|Earthquake|p2a: Nappy love\n|-immune|p2a: Nappy love\n|\n|-weather|RainDance|[upkeep]\n|upkeep\n|turn|9\n|\n|move|p1a: Landorus|Stone Edge|p2a: Nappy love\n|-supereffective|p2a: Nappy love\n|-damage|p2a: Nappy love|44\/100\n|move|p2a: Nappy love|U-turn|p1a: Landorus\n|-resisted|p1a: Landorus\n|-damage|p1a: Landorus|50\/100\n|-damage|p2a: Nappy love|28\/100|[from] item: Rocky Helmet|[of] p1a: Landorus\n|\n|switch|p2a: Birdman|Tapu Koko|3\/100\n|-fieldstart|move: Electric Terrain|[from] ability: Electric Surge|[of] p2a: Birdman\n|\n|-weather|RainDance|[upkeep]\n|upkeep\n|turn|10\n|\n|-zpower|p2a: Birdman\n|move|p2a: Birdman|Twinkle Tackle|p1a: Landorus|[zeffect]\n|-damage|p1a: Landorus|0 fnt\n|faint|p1a: Landorus\n|\n|-weather|RainDance|[upkeep]\n|upkeep\n|\n|switch|p1a: Ditto|Ditto|100\/100\n|-transform|p1a: Ditto|p2a: Birdman|[from] ability: Imposter\n|turn|11\n|\n|move|p1a: Ditto|Dazzling Gleam|p2a: Birdman\n|-damage|p2a: Birdman|0 fnt\n|faint|p2a: Birdman\n|\n|-weather|RainDance|[upkeep]\n|upkeep\n|\n|switch|p2a: S for Swampert|Swampert-Mega, F|84\/100\n|turn|12\n|\n|switch|p1a: Magearna|Magearna|30\/100\n|move|p2a: S for Swampert|Earthquake|p1a: Magearna\n|-supereffective|p1a: Magearna\n|-damage|p1a: Magearna|0 fnt\n|faint|p1a: Magearna\n|\n|-weather|RainDance|[upkeep]\n|upkeep\n|\n|switch|p1a: Ditto|Ditto|100\/100\n|-transform|p1a: Ditto|p2a: S for Swampert|[from] ability: Imposter\n|turn|13\n|\n|switch|p2a: Copypaste|Hawlucha, F|100\/100\n|-enditem|p2a: Copypaste|Electric Seed\n|-boost|p2a: Copypaste|def|1\n|move|p1a: Ditto|Waterfall|p2a: Copypaste\n|-damage|p2a: Copypaste|35\/100\n|\n|-weather|RainDance|[upkeep]\n|-fieldend|move: Electric Terrain\n|upkeep\n|turn|14\n|\n|move|p1a: Ditto|Waterfall|p2a: Copypaste\n|-damage|p2a: Copypaste|0 fnt\n|faint|p2a: Copypaste\n|\n|-weather|RainDance|[upkeep]\n|upkeep\n|\n|switch|p2a: arsonist|Kartana|100\/100\n|turn|15\n|\n|switch|p1a: Mawile|Mawile, F|100\/100\n|-ability|p1a: Mawile|Intimidate|boost\n|-unboost|p2a: arsonist|atk|1\n|move|p2a: arsonist|Leaf Blade|p1a: Mawile\n|-resisted|p1a: Mawile\n|-damage|p1a: Mawile|70\/100\n|\n|-weather|none\n|upkeep\n|turn|16\n|\n|switch|p2a: S for Swampert|Swampert-Mega, F|84\/100\n|detailschange|p1a: Mawile|Mawile-Mega, F\n|-mega|p1a: Mawile|Mawile|Mawilite\n|move|p1a: Mawile|Play Rough|p2a: S for Swampert\n|-damage|p2a: S for Swampert|9\/100\n|\n|upkeep\n|turn|17\n|j| Negre\n|c| Negre|noob\n|c| Negre|:)\n|c| Negre|pray for haxx\n|c| Negre|you need it\n|c|\u2606orangesss|like i said you are unhappy in life\n|inactive|orangesss has 120 seconds left.\n|\n|switch|p2a: arsonist|Kartana|100\/100\n|move|p1a: Mawile|Sucker Punch||[still]\n|-fail|p1a: Mawile\n|\n|upkeep\n|turn|18\n|\n|move|p2a: arsonist|Sacred Sword|p1a: Mawile\n|-damage|p1a: Mawile|29\/100\n|move|p1a: Mawile|Play Rough|p2a: arsonist\n|-resisted|p2a: arsonist\n|-damage|p2a: arsonist|53\/100\n|\n|upkeep\n|turn|19\n|\n|move|p1a: Mawile|Sucker Punch|p2a: arsonist\n|-damage|p2a: arsonist|7\/100\n|move|p2a: arsonist|Sacred Sword|p1a: Mawile\n|-damage|p1a: Mawile|0 fnt\n|faint|p1a: Mawile\n|-ability|p2a: arsonist|Beast Boost|boost\n|-boost|p2a: arsonist|atk|1\n|\n|upkeep\n|\n|switch|p1a: Ditto|Ditto|100\/100\n|-transform|p1a: Ditto|p2a: arsonist|[from] ability: Imposter\n|turn|20\n|\n|move|p2a: arsonist|Sacred Sword|p1a: Ditto\n|-supereffective|p1a: Ditto\n|-damage|p1a: Ditto|0 fnt\n|faint|p1a: Ditto\n|-ability|p2a: arsonist|Beast Boost|boost\n|-boost|p2a: arsonist|atk|1\n|\n|upkeep\n|\n|switch|p1a: Garchomp|Garchomp, F, shiny|42\/100\n|turn|21\n|\n|switch|p2a: Nappy love|Pelipper, M|28\/100\n|-weather|RainDance|[from] ability: Drizzle|[of] p2a: Nappy love\n|move|p1a: Garchomp|Earthquake|p2a: Nappy love\n|-immune|p2a: Nappy love\n|\n|-weather|RainDance|[upkeep]\n|upkeep\n|turn|22\n|\n|-zpower|p1a: Garchomp\n|move|p1a: Garchomp|Devastating Drake|p2a: Nappy love|[zeffect]\n|-damage|p2a: Nappy love|0 fnt\n|faint|p2a: Nappy love\n|\n|-weather|RainDance|[upkeep]\n|upkeep\n|\n|switch|p2a: S for Swampert|Swampert-Mega, F|9\/100\n|turn|23\n|inactive|karmana has 120 seconds left.\n|\n|move|p2a: S for Swampert|Earthquake|p1a: Garchomp\n|-damage|p1a: Garchomp|0 fnt\n|faint|p1a: Garchomp\n|\n|-weather|RainDance|[upkeep]\n|upkeep\n|\n|switch|p1a: Clefable|Clefable, F|100\/100\n|turn|24\n|c|\u2606orangesss|hey negre done talking shit i guess\n|\n|move|p2a: S for Swampert|Waterfall|p1a: Clefable\n|-damage|p1a: Clefable|43\/100\n|move|p1a: Clefable|Moonblast|p2a: S for Swampert\n|-damage|p2a: S for Swampert|0 fnt\n|faint|p2a: S for Swampert\n|\n|-weather|RainDance|[upkeep]\n|-heal|p1a: Clefable|49\/100|[from] item: Leftovers\n|upkeep\n|\n|switch|p2a: arsonist|Kartana|7\/100\n|turn|25\n|c|\u2606orangesss|i guess that was hax too right\n|c| Negre|like i said you are unhappy in life\n|inactive|orangesss has 120 seconds left.\n|c|\u2606orangesss|you dumb fuck , really wasting your time watching me win cause you lost to hax like grow up it pokemon\n|\n|move|p2a: arsonist|Smart Strike|p1a: Clefable\n|-supereffective|p1a: Clefable\n|-damage|p1a: Clefable|0 fnt\n|faint|p1a: Clefable\n|\n|win|orangesss\n|raw|karmana's rating: 1595 &rarr; <strong>1573<\/strong><br \/>(-22 for losing)\n|raw|orangesss's rating: 1561 &rarr; <strong>1583<\/strong><br \/>(+22 for winning)\n|c|\u2606orangesss|gg karmana\n|l|\u2606karmana\n","uploadtime":1550577028,"views":13,"p1id":"karmana","p2id":"orangesss","formatid":"gen7ou","rating":1573,"private":0,"password":null}