{"id":"gen7ou-922200846","p1":"Bellaban","p2":"ghecisbestvillain","format":"gen7ou","log":"|j|\u2606Bellaban\n|j|\u2606ghecisbestvillain\n|player|p1|Bellaban|36\n|player|p2|ghecisbestvillain|87\n|teamsize|p1|6\n|teamsize|p2|6\n|gametype|singles\n|gen|7\n|tier|[Gen 7] OU\n|rated|\n|rule|Sleep Clause Mod: Limit one foe put to sleep\n|rule|Species Clause: Limit one of each Pok\u00e9mon\n|rule|OHKO Clause: OHKO moves are banned\n|rule|Moody Clause: Moody is banned\n|rule|Evasion Moves Clause: Evasion moves are banned\n|rule|Endless Battle Clause: Forcing endless battles is banned\n|rule|HP Percentage Mod: HP is shown in percentages\n|clearpoke\n|poke|p1|Chansey, F|item\n|poke|p1|Sableye, M|item\n|poke|p1|Avalugg, M|item\n|poke|p1|Zapdos|item\n|poke|p1|Clefable, M|item\n|poke|p1|Registeel|item\n|poke|p2|Hawlucha, M|item\n|poke|p2|Clefable, F|item\n|poke|p2|Charizard, M|item\n|poke|p2|Tapu Koko|item\n|poke|p2|Magearna|item\n|poke|p2|Kyurem-Black|item\n|teampreview\n|inactive|Battle timer is ON: inactive players will automatically lose when time's up. (requested by ghecisbestvillain)\n|\n|start\n|switch|p1a: Sableye|Sableye, M|303\/303\n|switch|p2a: Tapu Koko|Tapu Koko|282\/282\n|-fieldstart|move: Electric Terrain|[from] ability: Electric Surge|[of] p2a: Tapu Koko\n|turn|1\n|\n|detailschange|p1a: Sableye|Sableye-Mega, M\n|-mega|p1a: Sableye|Sableye|Sablenite\n|move|p1a: Sableye|Protect|p1a: Sableye\n|-singleturn|p1a: Sableye|Protect\n|move|p2a: Tapu Koko|Reflect|p2a: Tapu Koko\n|-sidestart|p2: ghecisbestvillain|Reflect\n|\n|upkeep\n|turn|2\n|inactive|Bellaban has 120 seconds left.\n|\n|switch|p2a: Clefable|Clefable, F|393\/393\n|switch|p1a: Chansey|Chansey, F|703\/703\n|\n|upkeep\n|turn|3\n|inactive|ghecisbestvillain has 120 seconds left.\n|inactive|ghecisbestvillain has 90 seconds left.\n|\n|move|p2a: Clefable|Cosmic Power|p2a: Clefable\n|-boost|p2a: Clefable|def|1\n|-boost|p2a: Clefable|spd|1\n|move|p1a: Chansey|Stealth Rock|p2a: Clefable\n|-sidestart|p2: ghecisbestvillain|move: Stealth Rock\n|\n|upkeep\n|turn|4\n|j| Mr.Cellapex\n|inactive|Bellaban has 120 seconds left.\n|inactive|ghecisbestvillain has 90 seconds left.\n|inactive|Bellaban has 90 seconds left.\n|\n|switch|p1a: Registeel|Registeel|364\/364\n|move|p2a: Clefable|Cosmic Power|p2a: Clefable\n|-boost|p2a: Clefable|def|1\n|-boost|p2a: Clefable|spd|1\n|\n|upkeep\n|turn|5\n|\n|move|p2a: Clefable|Cosmic Power|p2a: Clefable\n|-boost|p2a: Clefable|def|1\n|-boost|p2a: Clefable|spd|1\n|move|p1a: Registeel|Thunder Wave|p2a: Clefable\n|-status|p2a: Clefable|par\n|\n|-fieldend|move: Electric Terrain\n|upkeep\n|turn|6\n|inactive|Bellaban has 90 seconds left.\n|\n|move|p1a: Registeel|Seismic Toss|p2a: Clefable\n|-damage|p2a: Clefable|293\/393 par\n|move|p2a: Clefable|Cosmic Power|p2a: Clefable\n|-boost|p2a: Clefable|def|1\n|-boost|p2a: Clefable|spd|1\n|\n|-heal|p2a: Clefable|317\/393 par|[from] item: Leftovers\n|upkeep\n|turn|7\n|inactive|Bellaban has 90 seconds left.\n|\n|move|p1a: Registeel|Seismic Toss|p2a: Clefable\n|-damage|p2a: Clefable|217\/393 par\n|move|p2a: Clefable|Cosmic Power|p2a: Clefable\n|-boost|p2a: Clefable|def|1\n|-boost|p2a: Clefable|spd|1\n|\n|-heal|p2a: Clefable|241\/393 par|[from] item: Leftovers\n|upkeep\n|turn|8\n|\n|move|p1a: Registeel|Seismic Toss|p2a: Clefable\n|-damage|p2a: Clefable|141\/393 par\n|move|p2a: Clefable|Soft-Boiled|p2a: Clefable\n|-heal|p2a: Clefable|338\/393 par\n|\n|-heal|p2a: Clefable|362\/393 par|[from] item: Leftovers\n|-sideend|p2: ghecisbestvillain|Reflect\n|upkeep\n|turn|9\n|\n|move|p1a: Registeel|Seismic Toss|p2a: Clefable\n|-damage|p2a: Clefable|262\/393 par\n|move|p2a: Clefable|Cosmic Power|p2a: Clefable\n|-boost|p2a: Clefable|def|1\n|-boost|p2a: Clefable|spd|1\n|\n|-heal|p2a: Clefable|286\/393 par|[from] item: Leftovers\n|upkeep\n|turn|10\n|\n|move|p1a: Registeel|Seismic Toss|p2a: Clefable\n|-damage|p2a: Clefable|186\/393 par\n|move|p2a: Clefable|Soft-Boiled|p2a: Clefable\n|-heal|p2a: Clefable|383\/393 par\n|\n|-heal|p2a: Clefable|393\/393 par|[from] item: Leftovers\n|upkeep\n|turn|11\n|inactive|ghecisbestvillain has 90 seconds left.\n|\n|move|p1a: Registeel|Seismic Toss|p2a: Clefable\n|-damage|p2a: Clefable|293\/393 par\n|cant|p2a: Clefable|par\n|\n|-heal|p2a: Clefable|317\/393 par|[from] item: Leftovers\n|upkeep\n|turn|12\n|inactive|ghecisbestvillain has 90 seconds left.\n|inactive|Bellaban has 90 seconds left.\n|\n|move|p1a: Registeel|Seismic Toss|p2a: Clefable\n|-damage|p2a: Clefable|217\/393 par\n|cant|p2a: Clefable|par\n|\n|-heal|p2a: Clefable|241\/393 par|[from] item: Leftovers\n|upkeep\n|turn|13\n|inactive|ghecisbestvillain has 90 seconds left.\n|inactive|Bellaban has 90 seconds left.\n|j| abc da amazonia\n|\n|move|p1a: Registeel|Seismic Toss|p2a: Clefable\n|-damage|p2a: Clefable|141\/393 par\n|cant|p2a: Clefable|par\n|\n|-heal|p2a: Clefable|165\/393 par|[from] item: Leftovers\n|upkeep\n|turn|14\n|inactive|ghecisbestvillain has 90 seconds left.\n|\n|move|p1a: Registeel|Seismic Toss|p2a: Clefable\n|-damage|p2a: Clefable|65\/393 par\n|move|p2a: Clefable|Soft-Boiled|p2a: Clefable\n|-heal|p2a: Clefable|262\/393 par\n|\n|-heal|p2a: Clefable|286\/393 par|[from] item: Leftovers\n|upkeep\n|turn|15\n|inactive|ghecisbestvillain has 90 seconds left.\n|\n|move|p1a: Registeel|Seismic Toss|p2a: Clefable\n|-damage|p2a: Clefable|186\/393 par\n|move|p2a: Clefable|Soft-Boiled|p2a: Clefable\n|-heal|p2a: Clefable|383\/393 par\n|\n|-heal|p2a: Clefable|393\/393 par|[from] item: Leftovers\n|upkeep\n|turn|16\n|inactive|ghecisbestvillain has 90 seconds left.\n|\n|switch|p1a: Clefable|Clefable, M|394\/394\n|move|p2a: Clefable|Stored Power|p1a: Clefable\n|-damage|p1a: Clefable|191\/394\n|\n|-heal|p1a: Clefable|215\/394|[from] item: Leftovers\n|upkeep\n|turn|17\n|inactive|Bellaban has 120 seconds left.\n|inactive|ghecisbestvillain has 60 seconds left.\n|inactive|ghecisbestvillain has 30 seconds left.\n|\n|move|p1a: Clefable|Wish|p1a: Clefable\n|move|p2a: Clefable|Stored Power|p1a: Clefable\n|-damage|p1a: Clefable|0 fnt\n|faint|p1a: Clefable\n|\n|upkeep\n|\n|switch|p1a: Chansey|Chansey, F|703\/703\n|turn|18\n|\n|move|p1a: Chansey|Seismic Toss|p2a: Clefable\n|-damage|p2a: Clefable|293\/393 par\n|move|p2a: Clefable|Charge Beam|p1a: Chansey|[miss]\n|-miss|p2a: Clefable|p1a: Chansey\n|\n|-heal|p2a: Clefable|317\/393 par|[from] item: Leftovers\n|upkeep\n|turn|19\n|-message|Bellaban forfeited.\n|\n|win|ghecisbestvillain\n|l|\u2606Bellaban\n|l|\u2606ghecisbestvillain\n||Ladder (probably) updated, but score could not be retrieved (Response not received).\n","uploadtime":1559675846,"views":15,"p1id":"bellaban","p2id":"ghecisbestvillain","formatid":"gen7ou","rating":0,"private":0,"password":null}