{"id":"gen7ou-879376419","p1":"Jakkkkkka","p2":"GriffonV5","format":"gen7ou","log":"|j|\u2606Jakkkkkka\n|j|\u2606GriffonV5\n|player|p1|Jakkkkkka|137\n|player|p2|GriffonV5|169\n|teamsize|p1|6\n|teamsize|p2|6\n|gametype|singles\n|gen|7\n|tier|[Gen 7] OU\n|rated|\n|rule|Sleep Clause Mod: Limit one foe put to sleep\n|rule|Species Clause: Limit one of each Pok\u00e9mon\n|rule|OHKO Clause: OHKO moves are banned\n|rule|Moody Clause: Moody is banned\n|rule|Evasion Moves Clause: Evasion moves are banned\n|rule|Endless Battle Clause: Forcing endless battles is banned\n|rule|HP Percentage Mod: HP is shown in percentages\n|clearpoke\n|poke|p1|Venusaur, F|item\n|poke|p1|Greninja, F|item\n|poke|p1|Heatran, F|item\n|poke|p1|Rotom-Wash|item\n|poke|p1|Landorus-Therian, M|item\n|poke|p1|Scizor, F|item\n|poke|p2|Golduck, F|item\n|poke|p2|Abomasnow, M|item\n|poke|p2|Greninja, M|item\n|poke|p2|Politoed, M|item\n|poke|p2|Tapu Koko|item\n|poke|p2|Baltoy|item\n|teampreview\n|\n|start\n|switch|p1a: Scizor|Scizor, F|100\/100\n|switch|p2a: Tapu Koko|Tapu Koko|100\/100\n|-fieldstart|move: Electric Terrain|[from] ability: Electric Surge|[of] p2a: Tapu Koko\n|turn|1\n|inactive|Battle timer is ON: inactive players will automatically lose when time's up. (requested by GriffonV5)\n|\n|move|p1a: Scizor|Bullet Punch|p2a: Tapu Koko\n|-damage|p2a: Tapu Koko|35\/100\n|move|p2a: Tapu Koko|Volt Switch|p1a: Scizor\n|-damage|p1a: Scizor|21\/100\n|\n|switch|p2a: Baltoy|Baltoy|100\/100\n|\n|upkeep\n|turn|2\n|\n|move|p1a: Scizor|Bullet Punch|p2a: Baltoy\n|-damage|p2a: Baltoy|31\/100\n|move|p2a: Baltoy|Stealth Rock|p1a: Scizor\n|-sidestart|p1: Jakkkkkka|move: Stealth Rock\n|\n|upkeep\n|turn|3\n|\n|move|p1a: Scizor|Bullet Punch|p2a: Baltoy\n|-damage|p2a: Baltoy|0 fnt\n|faint|p2a: Baltoy\n|\n|upkeep\n|\n|switch|p2a: Greninja|Greninja, M|100\/100\n|turn|4\n|\n|switch|p1a: Venusaur|Venusaur, F|100\/100\n|-damage|p1a: Venusaur|88\/100|[from] Stealth Rock\n|move|p2a: Greninja|Water Shuriken|p1a: Venusaur\n|-resisted|p1a: Venusaur\n|-damage|p1a: Venusaur|85\/100\n|-resisted|p1a: Venusaur\n|-damage|p1a: Venusaur|81\/100\n|-resisted|p1a: Venusaur\n|-damage|p1a: Venusaur|78\/100\n|-resisted|p1a: Venusaur\n|-crit|p1a: Venusaur\n|-damage|p1a: Venusaur|72\/100\n|-resisted|p1a: Venusaur\n|-damage|p1a: Venusaur|69\/100\n|-hitcount|p1a: Venusaur|5\n|-damage|p2a: Greninja|91\/100|[from] item: Life Orb\n|\n|upkeep\n|turn|5\n|\n|switch|p2a: Politoed|Politoed, M|100\/100\n|-weather|RainDance|[from] ability: Drizzle|[of] p2a: Politoed\n|detailschange|p1a: Venusaur|Venusaur-Mega, F\n|-mega|p1a: Venusaur|Venusaur|Venusaurite\n|move|p1a: Venusaur|Synthesis|p1a: Venusaur\n|-heal|p1a: Venusaur|93\/100\n|\n|-weather|RainDance|[upkeep]\n|-fieldend|move: Electric Terrain\n|upkeep\n|turn|6\n|\n|move|p1a: Venusaur|Sludge Bomb|p2a: Politoed\n|-damage|p2a: Politoed|78\/100\n|move|p2a: Politoed|Hypnosis|p1a: Venusaur\n|-status|p1a: Venusaur|slp\n|\n|-weather|RainDance|[upkeep]\n|upkeep\n|turn|7\n|\n|cant|p1a: Venusaur|slp\n|move|p2a: Politoed|Whirlpool|p1a: Venusaur\n|-resisted|p1a: Venusaur\n|-damage|p1a: Venusaur|88\/100 slp\n|-activate|p1a: Venusaur|move: Whirlpool|[of] p2a: Politoed\n|\n|-weather|RainDance|[upkeep]\n|-damage|p1a: Venusaur|75\/100 slp|[from] move: Whirlpool|[partiallytrapped]\n|upkeep\n|turn|8\n|\n|-curestatus|p1a: Venusaur|slp|[msg]\n|move|p1a: Venusaur|Sleep Powder|p2a: Politoed\n|-status|p2a: Politoed|slp\n|cant|p2a: Politoed|slp\n|\n|-weather|RainDance|[upkeep]\n|-damage|p1a: Venusaur|63\/100|[from] move: Whirlpool|[partiallytrapped]\n|upkeep\n|turn|9\n|\n|switch|p2a: Abomasnow|Abomasnow, M, shiny|100\/100\n|move|p1a: Venusaur|Sludge Bomb|p2a: Abomasnow\n|-supereffective|p2a: Abomasnow\n|-damage|p2a: Abomasnow|22\/100\n|-status|p2a: Abomasnow|psn\n|\n|-weather|RainDance|[upkeep]\n|-damage|p2a: Abomasnow|10\/100 psn|[from] psn\n|-end|p1a: Venusaur|Whirlpool|[partiallytrapped]|[silent]\n|upkeep\n|turn|10\n|\n|detailschange|p2a: Abomasnow|Abomasnow-Mega, M, shiny\n|-mega|p2a: Abomasnow|Abomasnow|Abomasite\n|-weather|Hail|[from] ability: Snow Warning|[of] p2a: Abomasnow\n|move|p2a: Abomasnow|Ice Shard|p1a: Venusaur\n|-supereffective|p1a: Venusaur\n|-damage|p1a: Venusaur|45\/100\n|move|p1a: Venusaur|Sludge Bomb|p2a: Abomasnow\n|-supereffective|p2a: Abomasnow\n|-damage|p2a: Abomasnow|0 fnt\n|faint|p2a: Abomasnow\n|\n|-weather|Hail|[upkeep]\n|-damage|p1a: Venusaur|39\/100|[from] Hail\n|upkeep\n|\n|switch|p2a: Greninja|Greninja, M|91\/100\n|turn|11\n|\n|switch|p1a: Heatran|Heatran, F|100\/100\n|-damage|p1a: Heatran|88\/100|[from] Stealth Rock\n|move|p2a: Greninja|Dark Pulse|p1a: Heatran\n|-damage|p1a: Heatran|37\/100\n|-damage|p2a: Greninja|81\/100|[from] item: Life Orb\n|\n|-weather|Hail|[upkeep]\n|-damage|p2a: Greninja|75\/100|[from] Hail\n|-damage|p1a: Heatran|31\/100|[from] Hail\n|upkeep\n|turn|12\n|\n|move|p2a: Greninja|Dark Pulse|p1a: Heatran\n|-damage|p1a: Heatran|0 fnt\n|-damage|p2a: Greninja|65\/100|[from] item: Life Orb\n|faint|p1a: Heatran\n|-activate|p2a: Greninja|ability: Battle Bond\n|detailschange|p2a: Greninja|Greninja-Ash, M\n|\n|-weather|Hail|[upkeep]\n|-damage|p2a: Greninja|59\/100|[from] Hail\n|upkeep\n|\n|switch|p1a: Rotom|Rotom-Wash|100\/100\n|-damage|p1a: Rotom|88\/100|[from] Stealth Rock\n|turn|13\n|\n|switch|p2a: Politoed|Politoed, M|78\/100 slp\n|-weather|RainDance|[from] ability: Drizzle|[of] p2a: Politoed\n|move|p1a: Rotom|Volt Switch|p2a: Politoed\n|-supereffective|p2a: Politoed\n|-damage|p2a: Politoed|44\/100 slp\n|\n|switch|p1a: Landorus|Landorus-Therian, M|100\/100\n|-damage|p1a: Landorus|88\/100|[from] Stealth Rock\n|-ability|p1a: Landorus|Intimidate|boost\n|-unboost|p2a: Politoed|atk|1\n|\n|-weather|RainDance|[upkeep]\n|upkeep\n|turn|14\n|\n|move|p1a: Landorus|Earthquake|p2a: Politoed\n|-crit|p2a: Politoed\n|-damage|p2a: Politoed|0 fnt\n|faint|p2a: Politoed\n|\n|-weather|RainDance|[upkeep]\n|upkeep\n|\n|switch|p2a: Golduck|Golduck, F|100\/100\n|turn|15\n|\n|switch|p1a: Rotom|Rotom-Wash|88\/100\n|-damage|p1a: Rotom|76\/100|[from] Stealth Rock\n|move|p2a: Golduck|Power-Up Punch|p1a: Rotom\n|-crit|p1a: Rotom\n|-damage|p1a: Rotom|56\/100\n|-boost|p2a: Golduck|atk|1\n|\n|-weather|RainDance|[upkeep]\n|-heal|p1a: Rotom|62\/100|[from] item: Leftovers\n|upkeep\n|turn|16\n|\n|move|p2a: Golduck|Waterfall|p1a: Rotom\n|-resisted|p1a: Rotom\n|-damage|p1a: Rotom|18\/100\n|cant|p1a: Rotom|flinch\n|\n|-weather|RainDance|[upkeep]\n|-heal|p1a: Rotom|25\/100|[from] item: Leftovers\n|upkeep\n|turn|17\n|c|\u2606Jakkkkkka|..\n|c|\u2606Jakkkkkka|will o wisp\n|\n|move|p2a: Golduck|Waterfall|p1a: Rotom\n|-resisted|p1a: Rotom\n|-damage|p1a: Rotom|0 fnt\n|faint|p1a: Rotom\n|\n|-weather|RainDance|[upkeep]\n|upkeep\n|\n|switch|p1a: Landorus|Landorus-Therian, M|88\/100\n|-damage|p1a: Landorus|76\/100|[from] Stealth Rock\n|-ability|p1a: Landorus|Intimidate|boost\n|-unboost|p2a: Golduck|atk|1\n|turn|18\n|\n|switch|p1a: Greninja|Greninja, F|100\/100\n|-damage|p1a: Greninja|88\/100|[from] Stealth Rock\n|move|p2a: Golduck|Power-Up Punch|p1a: Greninja\n|-supereffective|p1a: Greninja\n|-damage|p1a: Greninja|49\/100\n|-boost|p2a: Golduck|atk|1\n|\n|-weather|RainDance|[upkeep]\n|upkeep\n|turn|19\n|\n|move|p2a: Golduck|Power-Up Punch|p1a: Greninja\n|-supereffective|p1a: Greninja\n|-damage|p1a: Greninja|0 fnt\n|-boost|p2a: Golduck|atk|1\n|faint|p1a: Greninja\n|\n|-weather|RainDance|[upkeep]\n|upkeep\n|inactive|Jakkkkkka has 120 seconds left.\n|\n|switch|p1a: Scizor|Scizor, F|21\/100\n|-damage|p1a: Scizor|9\/100|[from] Stealth Rock\n|turn|20\n|\n|move|p1a: Scizor|Bullet Punch|p2a: Golduck\n|-resisted|p2a: Golduck\n|-damage|p2a: Golduck|72\/100\n|move|p2a: Golduck|Power-Up Punch|p1a: Scizor\n|-damage|p1a: Scizor|0 fnt\n|-boost|p2a: Golduck|atk|1\n|faint|p1a: Scizor\n|\n|-weather|none\n|upkeep\n|\n|switch|p1a: Landorus|Landorus-Therian, M|76\/100\n|-damage|p1a: Landorus|63\/100|[from] Stealth Rock\n|-ability|p1a: Landorus|Intimidate|boost\n|-unboost|p2a: Golduck|atk|1\n|turn|21\n|\n|move|p1a: Landorus|Earthquake|p2a: Golduck\n|-damage|p2a: Golduck|3\/100\n|-zpower|p2a: Golduck\n|move|p2a: Golduck|Hydro Vortex|p1a: Landorus|[zeffect]\n|-supereffective|p1a: Landorus\n|-damage|p1a: Landorus|0 fnt\n|faint|p1a: Landorus\n|\n|upkeep\n|\n|switch|p1a: Venusaur|Venusaur-Mega, F|39\/100\n|-damage|p1a: Venusaur|27\/100|[from] Stealth Rock\n|turn|22\n|\n|move|p2a: Golduck|Zen Headbutt|p1a: Venusaur\n|-supereffective|p1a: Venusaur\n|-damage|p1a: Venusaur|0 fnt\n|faint|p1a: Venusaur\n|\n|win|GriffonV5\n|l|\u2606Jakkkkkka\n","uploadtime":1553122381,"views":2,"p1id":"jakkkkkka","p2id":"griffonv5","formatid":"gen7ou","rating":0,"private":0,"password":null}