{"id":"gen7ou-985056943","p1":"madness10","p2":"Dough WY","format":"gen7ou","log":"|j|\u2606madness10\n|j|\u2606Dough WY\n|player|p1|madness10|170|1574\n|player|p2|Dough WY|acerola|1535\n|teamsize|p1|6\n|teamsize|p2|6\n|gametype|singles\n|gen|7\n|tier|[Gen 7] OU\n|rated|\n|rule|Sleep Clause Mod: Limit one foe put to sleep\n|rule|Species Clause: Limit one of each Pok\u00e9mon\n|rule|OHKO Clause: OHKO moves are banned\n|rule|Moody Clause: Moody is banned\n|rule|Evasion Moves Clause: Evasion moves are banned\n|rule|Endless Battle Clause: Forcing endless battles is banned\n|rule|HP Percentage Mod: HP is shown in percentages\n|clearpoke\n|poke|p1|Charizard, M|item\n|poke|p1|Tapu Koko|item\n|poke|p1|Jirachi|item\n|poke|p1|Garchomp, F|item\n|poke|p1|Skarmory, M|item\n|poke|p1|Rotom-Wash|item\n|poke|p2|Shuckle, M|item\n|poke|p2|Heracross, F|item\n|poke|p2|Landorus-Therian, M|item\n|poke|p2|Tapu Fini|item\n|poke|p2|Bisharp, M|item\n|poke|p2|Porygon-Z|item\n|teampreview\n|\n|start\n|switch|p1a: Tapu Koko|Tapu Koko, shiny|100\/100\n|switch|p2a: Shuckle|Shuckle, M|100\/100\n|-fieldstart|move: Electric Terrain|[from] ability: Electric Surge|[of] p1a: Tapu Koko\n|turn|1\n|\n|move|p1a: Tapu Koko|Reflect|p1a: Tapu Koko\n|-sidestart|p1: madness10|Reflect\n|move|p2a: Shuckle|Sticky Web|p1a: Tapu Koko\n|-sidestart|p1: madness10|move: Sticky Web\n|\n|upkeep\n|turn|2\n|\n|move|p1a: Tapu Koko|Volt Switch|p2a: Shuckle\n|-damage|p2a: Shuckle|76\/100\n|\n|switch|p1a: Rotom|Rotom-Wash, shiny|100\/100|[from]move: Volt Switch\n|move|p2a: Shuckle|Stealth Rock|p1a: Rotom\n|-sidestart|p1: madness10|move: Stealth Rock\n|\n|upkeep\n|turn|3\n|\n|switch|p2a: Bisharp|Bisharp, M|100\/100\n|move|p1a: Rotom|Defog|p2a: Bisharp\n|-unboost|p2a: Bisharp|evasion|1\n|-ability|p2a: Bisharp|Defiant|boost\n|-boost|p2a: Bisharp|atk|2\n|-sideend|p1: madness10|Stealth Rock|[from] move: Defog|[of] p1a: Rotom\n|-sideend|p1: madness10|Sticky Web|[from] move: Defog|[of] p1a: Rotom\n|\n|upkeep\n|turn|4\n|\n|move|p2a: Bisharp|Swords Dance|p2a: Bisharp\n|-boost|p2a: Bisharp|atk|2\n|move|p1a: Rotom|Volt Switch|p2a: Bisharp\n|-damage|p2a: Bisharp|56\/100\n|\n|switch|p1a: Garchomp|Garchomp, F, shiny|100\/100|[from]move: Volt Switch\n|\n|upkeep\n|turn|5\n|\n|move|p1a: Garchomp|Earthquake|p2a: Bisharp\n|-supereffective|p2a: Bisharp\n|-damage|p2a: Bisharp|0 fnt\n|faint|p2a: Bisharp\n|\n|-fieldend|move: Electric Terrain\n|upkeep\n|\n|switch|p2a: Shuckle|Shuckle, M|76\/100\n|turn|6\n|\n|move|p1a: Garchomp|Earthquake|p2a: Shuckle\n|-damage|p2a: Shuckle|46\/100\n|move|p2a: Shuckle|Sticky Web|p1a: Garchomp\n|-sidestart|p1: madness10|move: Sticky Web\n|\n|upkeep\n|turn|7\n|\n|switch|p1a: Rotom|Rotom-Wash, shiny|100\/100\n|move|p2a: Shuckle|Stealth Rock|p1a: Rotom\n|-sidestart|p1: madness10|move: Stealth Rock\n|\n|upkeep\n|turn|8\n|\n|move|p1a: Rotom|Defog|p2a: Shuckle\n|-unboost|p2a: Shuckle|evasion|1\n|-sideend|p1: madness10|Stealth Rock|[from] move: Defog|[of] p1a: Rotom\n|-sideend|p1: madness10|Sticky Web|[from] move: Defog|[of] p1a: Rotom\n|move|p2a: Shuckle|Encore|p1a: Rotom\n|-start|p1a: Rotom|Encore\n|\n|-sideend|p1: madness10|Reflect\n|upkeep\n|turn|9\n|\n|switch|p1a: Tapu Koko|Tapu Koko, shiny|100\/100\n|-fieldstart|move: Electric Terrain|[from] ability: Electric Surge|[of] p1a: Tapu Koko\n|move|p2a: Shuckle|Sticky Web|p1a: Tapu Koko\n|-sidestart|p1: madness10|move: Sticky Web\n|\n|upkeep\n|turn|10\n|\n|move|p1a: Tapu Koko|Reflect|p1a: Tapu Koko\n|-sidestart|p1: madness10|Reflect\n|move|p2a: Shuckle|Stealth Rock|p1a: Tapu Koko\n|-sidestart|p1: madness10|move: Stealth Rock\n|\n|upkeep\n|turn|11\n|\n|move|p1a: Tapu Koko|Volt Switch|p2a: Shuckle\n|-damage|p2a: Shuckle|21\/100\n|\n|switch|p1a: Rotom|Rotom-Wash, shiny|100\/100|[from]move: Volt Switch\n|-damage|p1a: Rotom|88\/100|[from] Stealth Rock\n|move|p2a: Shuckle|Encore||[still]\n|-fail|p2a: Shuckle\n|\n|-heal|p1a: Rotom|94\/100|[from] item: Leftovers\n|upkeep\n|turn|12\n|\n|move|p1a: Rotom|Hydro Pump|p2a: Shuckle\n|-supereffective|p2a: Shuckle\n|-damage|p2a: Shuckle|0 fnt\n|faint|p2a: Shuckle\n|\n|-heal|p1a: Rotom|100\/100|[from] item: Leftovers\n|upkeep\n|\n|switch|p2a: Tapu Fini|Tapu Fini|100\/100\n|-fieldstart|move: Misty Terrain|[from] ability: Misty Surge|[of] p2a: Tapu Fini\n|turn|13\n|\n|move|p2a: Tapu Fini|Taunt|p1a: Rotom\n|-start|p1a: Rotom|move: Taunt\n|cant|p1a: Rotom|move: Taunt|Defog\n|\n|upkeep\n|turn|14\n|\n|move|p2a: Tapu Fini|Calm Mind|p2a: Tapu Fini\n|-boost|p2a: Tapu Fini|spa|1\n|-boost|p2a: Tapu Fini|spd|1\n|move|p1a: Rotom|Volt Switch|p2a: Tapu Fini\n|-supereffective|p2a: Tapu Fini\n|-damage|p2a: Tapu Fini|66\/100\n|\n|switch|p1a: Tapu Koko|Tapu Koko, shiny|100\/100|[from]move: Volt Switch\n|-activate|p1a: Tapu Koko|move: Sticky Web\n|-unboost|p1a: Tapu Koko|spe|1\n|-damage|p1a: Tapu Koko|88\/100|[from] Stealth Rock\n|-fieldstart|move: Electric Terrain|[from] ability: Electric Surge|[of] p1a: Tapu Koko\n|\n|upkeep\n|turn|15\n|\n|move|p2a: Tapu Fini|Moonblast|p1a: Tapu Koko\n|-damage|p1a: Tapu Koko|0 fnt\n|faint|p1a: Tapu Koko\n|\n|upkeep\n|\n|switch|p1a: Rotom|Rotom-Wash, shiny|100\/100\n|-damage|p1a: Rotom|88\/100|[from] Stealth Rock\n|turn|16\n|\n|move|p2a: Tapu Fini|Taunt|p1a: Rotom\n|-start|p1a: Rotom|move: Taunt\n|move|p1a: Rotom|Volt Switch|p2a: Tapu Fini\n|-supereffective|p2a: Tapu Fini\n|-damage|p2a: Tapu Fini|36\/100\n|\n|switch|p1a: Garchomp|Garchomp, F, shiny|100\/100|[from]move: Volt Switch\n|-damage|p1a: Garchomp|94\/100|[from] Stealth Rock\n|-activate|p1a: Garchomp|move: Sticky Web\n|-unboost|p1a: Garchomp|spe|1\n|\n|upkeep\n|turn|17\n|\n|move|p1a: Garchomp|Poison Jab|p2a: Tapu Fini\n|-supereffective|p2a: Tapu Fini\n|-damage|p2a: Tapu Fini|0 fnt\n|faint|p2a: Tapu Fini\n|\n|-sideend|p1: madness10|Reflect\n|upkeep\n|\n|switch|p2a: Porygon-Z|Porygon-Z|100\/100\n|turn|18\n|\n|switch|p1a: Skarmory|Skarmory, M, shiny|100\/100\n|-damage|p1a: Skarmory|88\/100|[from] Stealth Rock\n|-zpower|p2a: Porygon-Z\n|move|p2a: Porygon-Z|Z-Conversion|p2a: Porygon-Z|[anim]Conversion\n|-boost|p2a: Porygon-Z|atk|1|[zeffect]\n|-boost|p2a: Porygon-Z|def|1|[zeffect]\n|-boost|p2a: Porygon-Z|spa|1|[zeffect]\n|-boost|p2a: Porygon-Z|spd|1|[zeffect]\n|-boost|p2a: Porygon-Z|spe|1|[zeffect]\n|-start|p2a: Porygon-Z|typechange|Ghost\n|\n|-fieldend|move: Electric Terrain\n|upkeep\n|turn|19\n|\n|move|p2a: Porygon-Z|Thunderbolt|p1a: Skarmory\n|-supereffective|p1a: Skarmory\n|-damage|p1a: Skarmory|0 fnt\n|faint|p1a: Skarmory\n|\n|upkeep\n|\n|switch|p1a: Rotom|Rotom-Wash, shiny|88\/100\n|-damage|p1a: Rotom|75\/100|[from] Stealth Rock\n|turn|20\n|\n|move|p2a: Porygon-Z|Shadow Ball|p1a: Rotom\n|-damage|p1a: Rotom|0 fnt\n|faint|p1a: Rotom\n|\n|upkeep\n|\n|switch|p1a: Garchomp|Garchomp, F, shiny|94\/100\n|-activate|p1a: Garchomp|move: Sticky Web\n|-unboost|p1a: Garchomp|spe|1\n|-damage|p1a: Garchomp|88\/100|[from] Stealth Rock\n|turn|21\n|\n|move|p2a: Porygon-Z|Shadow Ball|p1a: Garchomp\n|-damage|p1a: Garchomp|0 fnt\n|faint|p1a: Garchomp\n|\n|upkeep\n|\n|switch|p1a: Jirachi|Jirachi, shiny|100\/100\n|-damage|p1a: Jirachi|94\/100|[from] Stealth Rock\n|-activate|p1a: Jirachi|move: Sticky Web\n|-unboost|p1a: Jirachi|spe|1\n|turn|22\n|\n|move|p2a: Porygon-Z|Shadow Ball|p1a: Jirachi\n|-supereffective|p1a: Jirachi\n|-damage|p1a: Jirachi|0 fnt\n|faint|p1a: Jirachi\n|\n|upkeep\n|-message|madness10 forfeited.\n|\n|win|Dough WY\n|l|\u2606madness10\n|raw|madness10's rating: 1574 &rarr; <strong>1552<\/strong><br \/>(-22 for losing)\n|raw|Dough WY's rating: 1535 &rarr; <strong>1558<\/strong><br \/>(+23 for winning)\n","uploadtime":1569903900,"views":7,"p1id":"madness10","p2id":"doughwy","formatid":"gen7ou","rating":1552,"private":0,"password":null}