{"id":"gen7ou-1681476801","p1":"Lucians Call","p2":"chickwayne","format":"gen7ou","log":"|j|\u2606Lucians Call\n|j|\u2606chickwayne\n|t:|1665322123\n|gametype|singles\n|player|p1|Lucians Call|furisodegirl-blue|\n|player|p2|chickwayne|dawn|\n|teamsize|p1|6\n|teamsize|p2|6\n|gen|7\n|tier|[Gen 7] OU\n|rule|Sleep Clause Mod: Limit one foe put to sleep\n|rule|Species Clause: Limit one of each Pok\u00e9mon\n|rule|OHKO Clause: OHKO moves are banned\n|rule|Moody Clause: Moody is banned\n|rule|Evasion Items Clause: Evasion items are banned\n|rule|Evasion Moves Clause: Evasion moves are banned\n|rule|Endless Battle Clause: Forcing endless battles is banned\n|rule|HP Percentage Mod: HP is shown in percentages\n|clearpoke\n|poke|p1|Banette, F|item\n|poke|p1|Magearna|item\n|poke|p1|Garchomp, M|item\n|poke|p1|Tornadus-Therian, M|item\n|poke|p1|Tapu Bulu|item\n|poke|p1|Greninja, M|item\n|poke|p2|Latios, M|item\n|poke|p2|Hippowdon, M|item\n|poke|p2|Toxapex, F|item\n|poke|p2|Excadrill, F|item\n|poke|p2|Mew|item\n|poke|p2|Tornadus-Therian, M|item\n|teampreview\n|c|\u2606Lucians Call|hf\n|l|\u2606Lucians Call\n|player|p1|\n|c|\u2606chickwayne|hf\n|j| itwasthislong\n|j| pyernhuy\n|j|\u2606Lucians Call\n|player|p1|Lucians Call|furisodegirl-blue\n|j| davynavy\n|c| davynavy|LETS GO ACEY\n|j| Shiox\n|j| Haarperr \u271e\n|inactive|Battle timer is ON: inactive players will automatically lose when time's up. (requested by Lucians Call)\n|l| Shiox\n|\n|t:|1665322225\n|start\n|switch|p1a: Tornadus|Tornadus-Therian, M|100\/100\n|switch|p2a: FEHLT|Mew|100\/100\n|turn|1\n|l| Haarperr \u271e\n|\n|t:|1665322246\n|switch|p2a: Clock of Fifth|Toxapex, F|100\/100\n|move|p1a: Tornadus|Knock Off|p2a: Clock of Fifth\n|-damage|p2a: Clock of Fifth|85\/100\n|-enditem|p2a: Clock of Fifth|Black Sludge|[from] move: Knock Off|[of] p1a: Tornadus\n|\n|upkeep\n|turn|2\n|\n|t:|1665322252\n|move|p1a: Tornadus|Hurricane|p2a: Clock of Fifth\n|-damage|p2a: Clock of Fifth|58\/100\n|-start|p2a: Clock of Fifth|confusion\n|-activate|p2a: Clock of Fifth|confusion\n|move|p2a: Clock of Fifth|Toxic Spikes|p1a: Tornadus\n|-sidestart|p1: Lucians Call|move: Toxic Spikes\n|\n|upkeep\n|turn|3\n|j| dragonitenb\n|inactive|chickwayne has 270 seconds left.\n|\n|t:|1665322291\n|switch|p2a: Gleam Stone|Hippowdon, M|100\/100\n|-weather|Sandstorm|[from] ability: Sand Stream|[of] p2a: Gleam Stone\n|move|p1a: Tornadus|Defog|p2a: Gleam Stone\n|-unboost|p2a: Gleam Stone|evasion|1\n|-sideend|p1: Lucians Call|Toxic Spikes|[from] move: Defog|[of] p1a: Tornadus\n|\n|-weather|Sandstorm|[upkeep]\n|-damage|p1a: Tornadus|94\/100|[from] Sandstorm\n|upkeep\n|turn|4\n|inactive|chickwayne has 270 seconds left.\n|\n|t:|1665322299\n|move|p1a: Tornadus|Knock Off|p2a: Gleam Stone\n|-damage|p2a: Gleam Stone|88\/100\n|-damage|p1a: Tornadus|78\/100|[from] item: Rocky Helmet|[of] p2a: Gleam Stone\n|-enditem|p2a: Gleam Stone|Rocky Helmet|[from] move: Knock Off|[of] p1a: Tornadus\n|move|p2a: Gleam Stone|Toxic|p1a: Tornadus\n|-status|p1a: Tornadus|tox\n|\n|-weather|Sandstorm|[upkeep]\n|-damage|p1a: Tornadus|72\/100 tox|[from] Sandstorm\n|-damage|p1a: Tornadus|66\/100 tox|[from] psn\n|upkeep\n|turn|5\n|inactive|chickwayne has 270 seconds left.\n|\n|t:|1665322321\n|switch|p1a: Garchomp|Garchomp, M|100\/100\n|move|p2a: Gleam Stone|Stealth Rock|p1a: Garchomp\n|-sidestart|p1: Lucians Call|move: Stealth Rock\n|\n|-weather|Sandstorm|[upkeep]\n|upkeep\n|turn|6\n|j| Aro Nova\n|\n|t:|1665322341\n|move|p1a: Garchomp|Stealth Rock|p2a: Gleam Stone\n|-sidestart|p2: chickwayne|move: Stealth Rock\n|move|p2a: Gleam Stone|Toxic|p1a: Garchomp\n|-status|p1a: Garchomp|tox\n|\n|-weather|Sandstorm|[upkeep]\n|-damage|p1a: Garchomp|94\/100 tox|[from] psn\n|upkeep\n|turn|7\n|j| AlphaRay01\n|inactive|chickwayne has 240 seconds left.\n|\n|t:|1665322380\n|switch|p1a: Tapu Bulu|Tapu Bulu|100\/100\n|-damage|p1a: Tapu Bulu|88\/100|[from] Stealth Rock\n|-fieldstart|move: Grassy Terrain|[from] ability: Grassy Surge|[of] p1a: Tapu Bulu\n|move|p2a: Gleam Stone|Earthquake|p1a: Tapu Bulu\n|-resisted|p1a: Tapu Bulu\n|-damage|p1a: Tapu Bulu|80\/100\n|\n|-weather|none\n|-heal|p1a: Tapu Bulu|86\/100|[from] Grassy Terrain\n|-heal|p2a: Gleam Stone|94\/100|[from] Grassy Terrain\n|upkeep\n|turn|8\n|inactive|chickwayne has 240 seconds left.\n|j| RNN YasuKe\n|j| Shiox\n|j| lzaaaaa\n|inactive|chickwayne has 210 seconds left.\n|l| davynavy\n|inactive|chickwayne has 180 seconds left.\n|\n|t:|1665322465\n|switch|p2a: FEHLT|Mew|100\/100\n|-damage|p2a: FEHLT|88\/100|[from] Stealth Rock\n|move|p1a: Tapu Bulu|Wood Hammer|p2a: FEHLT\n|-damage|p2a: FEHLT|0 fnt\n|faint|p2a: FEHLT\n|-damage|p1a: Tapu Bulu|48\/100|[from] Recoil\n|\n|-heal|p1a: Tapu Bulu|54\/100|[from] Grassy Terrain\n|upkeep\n|inactive|chickwayne has 150 seconds left.\n|l| RNN YasuKe\n|\n|t:|1665322506\n|switch|p2a: FIS-SURE|Excadrill, F|100\/100\n|-damage|p2a: FIS-SURE|97\/100|[from] Stealth Rock\n|turn|9\n|\n|t:|1665322518\n|switch|p1a: Garchomp|Garchomp, M|94\/100 tox\n|-damage|p1a: Garchomp|88\/100 tox|[from] Stealth Rock\n|-zpower|p2a: FIS-SURE\n|move|p2a: FIS-SURE|Corkscrew Crash|p1a: Garchomp|[zeffect]\n|-damage|p1a: Garchomp|0 fnt\n|faint|p1a: Garchomp\n|\n|-heal|p2a: FIS-SURE|100\/100|[from] Grassy Terrain\n|upkeep\n|l| dragonitenb\n|\n|t:|1665322527\n|switch|p1a: Greninja|Greninja, M|100\/100\n|-damage|p1a: Greninja|88\/100|[from] Stealth Rock\n|turn|10\n|\n|t:|1665322538\n|switch|p2a: Rondo for 97keys|Tornadus-Therian, M|100\/100\n|-damage|p2a: Rondo for 97keys|75\/100|[from] Stealth Rock\n|move|p1a: Greninja|Dark Pulse|p2a: Rondo for 97keys\n|-damage|p2a: Rondo for 97keys|36\/100\n|\n|-heal|p1a: Greninja|94\/100|[from] Grassy Terrain\n|upkeep\n|turn|11\n|inactive|chickwayne has 150 seconds left.\n|\n|t:|1665322544\n|switch|p2a: Clock of Fifth|Toxapex, F|91\/100\n|-damage|p2a: Clock of Fifth|79\/100|[from] Stealth Rock\n|move|p1a: Greninja|Dark Pulse|p2a: Clock of Fifth\n|-crit|p2a: Clock of Fifth\n|-damage|p2a: Clock of Fifth|27\/100\n|\n|-heal|p1a: Greninja|99\/100|[from] Grassy Terrain\n|-heal|p2a: Clock of Fifth|34\/100|[from] Grassy Terrain\n|-fieldend|move: Grassy Terrain\n|upkeep\n|turn|12\n|inactive|chickwayne has 150 seconds left.\n|j| Alonge\n|inactive|chickwayne has 120 seconds left.\n|\n|t:|1665322605\n|switch|p2a: Gleam Stone|Hippowdon, M|94\/100\n|-damage|p2a: Gleam Stone|88\/100|[from] Stealth Rock\n|-weather|Sandstorm|[from] ability: Sand Stream|[of] p2a: Gleam Stone\n|move|p1a: Greninja|Dark Pulse|p2a: Gleam Stone\n|-damage|p2a: Gleam Stone|23\/100\n|\n|-weather|Sandstorm|[upkeep]\n|-damage|p1a: Greninja|94\/100|[from] Sandstorm\n|upkeep\n|turn|13\n|\n|t:|1665322608\n|switch|p2a: FIS-SURE|Excadrill, F|100\/100\n|-damage|p2a: FIS-SURE|97\/100|[from] Stealth Rock\n|move|p1a: Greninja|Dark Pulse|p2a: FIS-SURE\n|-damage|p2a: FIS-SURE|31\/100\n|\n|-weather|Sandstorm|[upkeep]\n|-damage|p1a: Greninja|88\/100|[from] Sandstorm\n|upkeep\n|turn|14\n|\n|t:|1665322622\n|switch|p1a: Tornadus|Tornadus-Therian, M|99\/100 tox\n|-damage|p1a: Tornadus|74\/100 tox|[from] Stealth Rock\n|move|p2a: FIS-SURE|Earthquake|p1a: Tornadus\n|-immune|p1a: Tornadus\n|\n|-weather|Sandstorm|[upkeep]\n|-damage|p1a: Tornadus|68\/100 tox|[from] Sandstorm\n|-damage|p1a: Tornadus|62\/100 tox|[from] psn\n|upkeep\n|turn|15\n|j|+susciety\n|inactive|chickwayne has 90 seconds left.\n|\n|t:|1665322662\n|switch|p2a: Clock of Fifth|Toxapex, F|67\/100\n|-damage|p2a: Clock of Fifth|54\/100|[from] Stealth Rock\n|move|p1a: Tornadus|Hurricane|p2a: Clock of Fifth\n|-damage|p2a: Clock of Fifth|28\/100\n|-start|p2a: Clock of Fifth|confusion\n|\n|-weather|Sandstorm|[upkeep]\n|-damage|p1a: Tornadus|56\/100 tox|[from] Sandstorm\n|-damage|p2a: Clock of Fifth|22\/100|[from] Sandstorm\n|-damage|p1a: Tornadus|43\/100 tox|[from] psn\n|upkeep\n|turn|16\n|inactive|chickwayne has 90 seconds left.\n|\n|t:|1665322675\n|switch|p2a: Rondo for 97keys|Tornadus-Therian, M|69\/100\n|-damage|p2a: Rondo for 97keys|44\/100|[from] Stealth Rock\n|move|p1a: Tornadus|Hurricane|p2a: Rondo for 97keys\n|-damage|p2a: Rondo for 97keys|18\/100\n|\n|-weather|none\n|-damage|p1a: Tornadus|25\/100 tox|[from] psn\n|upkeep\n|turn|17\n|inactive|chickwayne has 90 seconds left.\n|\n|t:|1665322695\n|switch|p2a: Clock of Fifth|Toxapex, F|55\/100\n|-damage|p2a: Clock of Fifth|42\/100|[from] Stealth Rock\n|move|p1a: Tornadus|Hurricane|p2a: Clock of Fifth|[miss]\n|-miss|p1a: Tornadus|p2a: Clock of Fifth\n|\n|-damage|p1a: Tornadus|1\/100 tox|[from] psn\n|upkeep\n|turn|18\n|\n|t:|1665322700\n|switch|p1a: Tapu Bulu|Tapu Bulu|54\/100\n|-damage|p1a: Tapu Bulu|42\/100|[from] Stealth Rock\n|-fieldstart|move: Grassy Terrain|[from] ability: Grassy Surge|[of] p1a: Tapu Bulu\n|move|p2a: Clock of Fifth|Recover|p2a: Clock of Fifth\n|-heal|p2a: Clock of Fifth|92\/100\n|\n|-heal|p1a: Tapu Bulu|48\/100|[from] Grassy Terrain\n|-heal|p2a: Clock of Fifth|99\/100|[from] Grassy Terrain\n|upkeep\n|turn|19\n|inactive|chickwayne has 90 seconds left.\n|inactive|chickwayne has 60 seconds left.\n|\n|t:|1665322754\n|switch|p2a: ALiUS|Latios, M|100\/100\n|-damage|p2a: ALiUS|88\/100|[from] Stealth Rock\n|move|p1a: Tapu Bulu|Horn Leech|p2a: ALiUS\n|-resisted|p2a: ALiUS\n|-damage|p2a: ALiUS|21\/100\n|-heal|p1a: Tapu Bulu|82\/100|[from] drain|[of] p2a: ALiUS\n|\n|-heal|p1a: Tapu Bulu|88\/100|[from] Grassy Terrain\n|upkeep\n|turn|20\n|\n|t:|1665322764\n|switch|p1a: Magearna|Magearna|100\/100\n|-damage|p1a: Magearna|94\/100|[from] Stealth Rock\n|detailschange|p2a: ALiUS|Latios-Mega, M\n|-mega|p2a: ALiUS|Latios|Latiosite\n|move|p2a: ALiUS|Recover|p2a: ALiUS\n|-heal|p2a: ALiUS|71\/100\n|\n|-heal|p1a: Magearna|100\/100|[from] Grassy Terrain\n|upkeep\n|turn|21\n|\n|t:|1665322782\n|switch|p2a: Clock of Fifth|Toxapex, F|100\/100\n|-damage|p2a: Clock of Fifth|88\/100|[from] Stealth Rock\n|move|p1a: Magearna|Volt Switch|p2a: Clock of Fifth\n|-supereffective|p2a: Clock of Fifth\n|-damage|p2a: Clock of Fifth|59\/100\n|\n|t:|1665322790\n|switch|p1a: Tapu Bulu|Tapu Bulu|88\/100|[from]move: Volt Switch\n|-damage|p1a: Tapu Bulu|76\/100|[from] Stealth Rock\n|\n|-heal|p1a: Tapu Bulu|82\/100|[from] Grassy Terrain\n|-heal|p2a: Clock of Fifth|65\/100|[from] Grassy Terrain\n|upkeep\n|turn|22\n|\n|t:|1665322797\n|switch|p2a: ALiUS|Latios-Mega, M|71\/100\n|-damage|p2a: ALiUS|59\/100|[from] Stealth Rock\n|move|p1a: Tapu Bulu|Wood Hammer|p2a: ALiUS\n|-resisted|p2a: ALiUS\n|-damage|p2a: ALiUS|0 fnt\n|faint|p2a: ALiUS\n|-damage|p1a: Tapu Bulu|62\/100|[from] Recoil\n|\n|-heal|p1a: Tapu Bulu|69\/100|[from] Grassy Terrain\n|-fieldend|move: Grassy Terrain\n|upkeep\n|\n|t:|1665322809\n|switch|p2a: FIS-SURE|Excadrill, F|31\/100\n|-damage|p2a: FIS-SURE|28\/100|[from] Stealth Rock\n|turn|23\n|\n|t:|1665322824\n|switch|p1a: Tornadus|Tornadus-Therian, M|34\/100 tox\n|-damage|p1a: Tornadus|9\/100 tox|[from] Stealth Rock\n|move|p2a: FIS-SURE|Iron Head|p1a: Tornadus\n|-damage|p1a: Tornadus|0 fnt\n|-damage|p2a: FIS-SURE|11\/100|[from] item: Rocky Helmet|[of] p1a: Tornadus\n|faint|p1a: Tornadus\n|\n|upkeep\n|j| RNN YasuKe\n|\n|t:|1665322830\n|switch|p1a: Greninja|Greninja, M|88\/100\n|-damage|p1a: Greninja|76\/100|[from] Stealth Rock\n|turn|24\n|l| RNN YasuKe\n|\n|t:|1665322832\n|switch|p2a: Clock of Fifth|Toxapex, F|99\/100\n|-damage|p2a: Clock of Fifth|86\/100|[from] Stealth Rock\n|move|p1a: Greninja|Dark Pulse|p2a: Clock of Fifth\n|-damage|p2a: Clock of Fifth|50\/100\n|\n|upkeep\n|turn|25\n|\n|t:|1665322836\n|move|p1a: Greninja|Dark Pulse|p2a: Clock of Fifth\n|-damage|p2a: Clock of Fifth|18\/100\n|move|p2a: Clock of Fifth|Recover|p2a: Clock of Fifth\n|-heal|p2a: Clock of Fifth|68\/100\n|\n|upkeep\n|turn|26\n|\n|t:|1665322844\n|move|p1a: Greninja|Dark Pulse|p2a: Clock of Fifth\n|-damage|p2a: Clock of Fifth|35\/100\n|move|p2a: Clock of Fifth|Toxic Spikes|p1a: Greninja\n|-sidestart|p1: Lucians Call|move: Toxic Spikes\n|\n|upkeep\n|turn|27\n|\n|t:|1665322860\n|switch|p2a: Gleam Stone|Hippowdon, M|23\/100\n|-damage|p2a: Gleam Stone|17\/100|[from] Stealth Rock\n|-weather|Sandstorm|[from] ability: Sand Stream|[of] p2a: Gleam Stone\n|move|p1a: Greninja|Dark Pulse|p2a: Gleam Stone\n|-damage|p2a: Gleam Stone|0 fnt\n|faint|p2a: Gleam Stone\n|-activate|p1a: Greninja|ability: Battle Bond\n|detailschange|p1a: Greninja|Greninja-Ash, M\n|\n|-weather|Sandstorm|[upkeep]\n|-damage|p1a: Greninja|70\/100|[from] Sandstorm\n|upkeep\n|\n|t:|1665322862\n|switch|p2a: FIS-SURE|Excadrill, F|11\/100\n|-damage|p2a: FIS-SURE|8\/100|[from] Stealth Rock\n|turn|28\n|\n|t:|1665322887\n|switch|p1a: Magearna|Magearna|100\/100\n|-damage|p1a: Magearna|94\/100|[from] Stealth Rock\n|move|p2a: FIS-SURE|Earthquake|p1a: Magearna\n|-supereffective|p1a: Magearna\n|-damage|p1a: Magearna|0 fnt\n|faint|p1a: Magearna\n|\n|-weather|Sandstorm|[upkeep]\n|upkeep\n|\n|t:|1665322890\n|switch|p1a: Banette|Banette, F|100\/100\n|-damage|p1a: Banette|88\/100|[from] Stealth Rock\n|-status|p1a: Banette|psn\n|-item|p2a: FIS-SURE|Steelium Z|[from] ability: Frisk|[of] p1a: Banette|[identify]\n|turn|29\n|inactive|chickwayne has 90 seconds left.\n|inactive|Lucians Call has 270 seconds left.\n|inactive|chickwayne has 60 seconds left.\n|j| ssuber baby\n|inactive|chickwayne has 30 seconds left.\n|j| marsandback\n|\n|t:|1665322961\n|switch|p2a: Clock of Fifth|Toxapex, F|69\/100\n|-damage|p2a: Clock of Fifth|56\/100|[from] Stealth Rock\n|detailschange|p1a: Banette|Banette-Mega, F\n|-mega|p1a: Banette|Banette|Banettite\n|move|p1a: Banette|Will-O-Wisp|p2a: Clock of Fifth\n|-status|p2a: Clock of Fifth|brn\n|\n|-weather|Sandstorm|[upkeep]\n|-damage|p1a: Banette|82\/100 psn|[from] Sandstorm\n|-damage|p2a: Clock of Fifth|50\/100 brn|[from] Sandstorm\n|-damage|p1a: Banette|69\/100 psn|[from] psn\n|-damage|p2a: Clock of Fifth|44\/100 brn|[from] brn\n|upkeep\n|turn|30\n|\n|t:|1665322967\n|move|p1a: Banette|Phantom Force||[still]\n|-prepare|p1a: Banette|Phantom Force\n|move|p2a: Clock of Fifth|Recover|p2a: Clock of Fifth\n|-heal|p2a: Clock of Fifth|94\/100 brn\n|\n|-weather|Sandstorm|[upkeep]\n|-damage|p1a: Banette|63\/100 psn|[from] Sandstorm\n|-damage|p2a: Clock of Fifth|87\/100 brn|[from] Sandstorm\n|-damage|p1a: Banette|51\/100 psn|[from] psn\n|-damage|p2a: Clock of Fifth|81\/100 brn|[from] brn\n|upkeep\n|turn|31\n|\n|t:|1665322973\n|move|p1a: Banette|Phantom Force|p2a: Clock of Fifth|[from]lockedmove\n|-damage|p2a: Clock of Fifth|30\/100 brn\n|move|p2a: Clock of Fifth|Recover|p2a: Clock of Fifth\n|-heal|p2a: Clock of Fifth|80\/100 brn\n|\n|-weather|none\n|-damage|p1a: Banette|38\/100 psn|[from] psn\n|-damage|p2a: Clock of Fifth|74\/100 brn|[from] brn\n|upkeep\n|turn|32\n|j| Banal enfer \u2605\u5f61\n|\n|t:|1665322976\n|switch|p1a: Tapu Bulu|Tapu Bulu|69\/100\n|-damage|p1a: Tapu Bulu|56\/100|[from] Stealth Rock\n|-status|p1a: Tapu Bulu|psn\n|-fieldstart|move: Grassy Terrain|[from] ability: Grassy Surge|[of] p1a: Tapu Bulu\n|move|p2a: Clock of Fifth|Recover|p2a: Clock of Fifth\n|-heal|p2a: Clock of Fifth|100\/100 brn\n|\n|-heal|p1a: Tapu Bulu|62\/100 psn|[from] Grassy Terrain\n|-damage|p1a: Tapu Bulu|50\/100 psn|[from] psn\n|-damage|p2a: Clock of Fifth|94\/100 brn|[from] brn\n|upkeep\n|turn|33\n|inactive|chickwayne has 30 seconds left.\n|j| Toxabelle\n|\n|t:|1665323012\n|switch|p2a: FIS-SURE|Excadrill, F|8\/100\n|-damage|p2a: FIS-SURE|5\/100|[from] Stealth Rock\n|move|p1a: Tapu Bulu|Horn Leech|p2a: FIS-SURE\n|-damage|p2a: FIS-SURE|0 fnt\n|-heal|p1a: Tapu Bulu|53\/100 psn|[from] drain|[of] p2a: FIS-SURE\n|faint|p2a: FIS-SURE\n|\n|-heal|p1a: Tapu Bulu|59\/100 psn|[from] Grassy Terrain\n|-damage|p1a: Tapu Bulu|47\/100 psn|[from] psn\n|upkeep\n|inactive|chickwayne has 30 seconds left this turn.\n|\n|t:|1665323014\n|switch|p2a: Rondo for 97keys|Tornadus-Therian, M|51\/100\n|-damage|p2a: Rondo for 97keys|26\/100|[from] Stealth Rock\n|turn|34\n|inactive|chickwayne has 30 seconds left.\n|inactive|chickwayne has 20 seconds left.\n|inactive|chickwayne has 15 seconds left.\n|\n|t:|1665323041\n|switch|p1a: Banette|Banette-Mega, F|38\/100 psn\n|-damage|p1a: Banette|26\/100 psn|[from] Stealth Rock\n|move|p2a: Rondo for 97keys|Hurricane|p1a: Banette\n|-damage|p1a: Banette|0 fnt\n|faint|p1a: Banette\n|\n|upkeep\n|inactive|chickwayne has 20 seconds left this turn.\n|\n|t:|1665323044\n|switch|p1a: Greninja|Greninja-Ash, M|70\/100\n|-damage|p1a: Greninja|58\/100|[from] Stealth Rock\n|-status|p1a: Greninja|psn\n|turn|35\n|inactive|chickwayne has 30 seconds left this turn.\n|inactive|chickwayne has 20 seconds left.\n|l| ssuber baby\n|inactive|chickwayne has 15 seconds left.\n|inactive|chickwayne has 10 seconds left.\n|\n|t:|1665323067\n|switch|p2a: Clock of Fifth|Toxapex, F|100\/100 brn\n|-damage|p2a: Clock of Fifth|88\/100 brn|[from] Stealth Rock\n|move|p1a: Greninja|Dark Pulse|p2a: Clock of Fifth\n|-damage|p2a: Clock of Fifth|46\/100 brn\n|\n|-heal|p1a: Greninja|64\/100 psn|[from] Grassy Terrain\n|-heal|p2a: Clock of Fifth|52\/100 brn|[from] Grassy Terrain\n|-damage|p1a: Greninja|51\/100 psn|[from] psn\n|-damage|p2a: Clock of Fifth|46\/100 brn|[from] brn\n|upkeep\n|turn|36\n|inactive|chickwayne has 20 seconds left this turn.\n|l| Toxabelle\n|inactive|chickwayne has 15 seconds left.\n|\n|t:|1665323073\n|move|p1a: Greninja|Dark Pulse|p2a: Clock of Fifth\n|-damage|p2a: Clock of Fifth|2\/100 brn\n|move|p2a: Clock of Fifth|Recover|p2a: Clock of Fifth\n|-heal|p2a: Clock of Fifth|52\/100 brn\n|\n|-heal|p1a: Greninja|57\/100 psn|[from] Grassy Terrain\n|-heal|p2a: Clock of Fifth|58\/100 brn|[from] Grassy Terrain\n|-damage|p1a: Greninja|45\/100 psn|[from] psn\n|-damage|p2a: Clock of Fifth|52\/100 brn|[from] brn\n|-fieldend|move: Grassy Terrain\n|upkeep\n|turn|37\n|inactive|chickwayne has 25 seconds left this turn.\n|inactive|chickwayne has 20 seconds left.\n|l| lzaaaaa\n|inactive|chickwayne has 15 seconds left.\n|\n|t:|1665323096\n|switch|p2a: Rondo for 97keys|Tornadus-Therian, M|59\/100\n|-damage|p2a: Rondo for 97keys|34\/100|[from] Stealth Rock\n|move|p1a: Greninja|Dark Pulse|p2a: Rondo for 97keys\n|-damage|p2a: Rondo for 97keys|0 fnt\n|faint|p2a: Rondo for 97keys\n|\n|-damage|p1a: Greninja|33\/100 psn|[from] psn\n|upkeep\n|inactive|chickwayne has 20 seconds left this turn.\n|\n|t:|1665323099\n|switch|p2a: Clock of Fifth|Toxapex, F|85\/100 brn\n|-damage|p2a: Clock of Fifth|73\/100 brn|[from] Stealth Rock\n|turn|38\n|inactive|chickwayne has 30 seconds left this turn.\n|\n|t:|1665323103\n|move|p1a: Greninja|Dark Pulse|p2a: Clock of Fifth\n|-damage|p2a: Clock of Fifth|28\/100 brn\n|move|p2a: Clock of Fifth|Recover|p2a: Clock of Fifth\n|-heal|p2a: Clock of Fifth|78\/100 brn\n|\n|-damage|p1a: Greninja|20\/100 psn|[from] psn\n|-damage|p2a: Clock of Fifth|72\/100 brn|[from] brn\n|upkeep\n|turn|39\n|j| Grimmisnarl\n|\n|t:|1665323107\n|move|p1a: Greninja|Dark Pulse|p2a: Clock of Fifth\n|-damage|p2a: Clock of Fifth|28\/100 brn\n|move|p2a: Clock of Fifth|Recover|p2a: Clock of Fifth\n|-heal|p2a: Clock of Fifth|78\/100 brn\n|\n|-damage|p1a: Greninja|8\/100 psn|[from] psn\n|-damage|p2a: Clock of Fifth|72\/100 brn|[from] brn\n|upkeep\n|turn|40\n|\n|t:|1665323110\n|move|p1a: Greninja|Dark Pulse|p2a: Clock of Fifth\n|-damage|p2a: Clock of Fifth|28\/100 brn\n|move|p2a: Clock of Fifth|Recover|p2a: Clock of Fifth\n|-heal|p2a: Clock of Fifth|78\/100 brn\n|\n|-damage|p1a: Greninja|0 fnt|[from] psn\n|faint|p1a: Greninja\n|-damage|p2a: Clock of Fifth|72\/100 brn|[from] brn\n|upkeep\n|\n|t:|1665323112\n|switch|p1a: Tapu Bulu|Tapu Bulu|47\/100 psn\n|-damage|p1a: Tapu Bulu|35\/100 psn|[from] Stealth Rock\n|-fieldstart|move: Grassy Terrain|[from] ability: Grassy Surge|[of] p1a: Tapu Bulu\n|turn|41\n|inactive|Lucians Call has 270 seconds left.\n|\n|t:|1665323150\n|move|p1a: Tapu Bulu|Wood Hammer|p2a: Clock of Fifth\n|-damage|p2a: Clock of Fifth|0 fnt\n|faint|p2a: Clock of Fifth\n|-damage|p1a: Tapu Bulu|11\/100 psn|[from] Recoil\n|\n|win|Lucians Call\n|l| Grimmisnarl\n|c|\u2606Lucians Call|gg\n|l|+susciety\n|l| Aro Nova\n|l|\u2606Lucians Call\n|j| RNN YasuKe\n|l| Banal enfer \u2605\u5f61\n|l| RNN YasuKe\n|l| marsandback\n|j|\u2606Lucians Call\n|player|p1|Lucians Call|furisodegirl-blue\n","uploadtime":1665323164,"views":88,"p1id":"lucianscall","p2id":"chickwayne","formatid":"gen7ou","rating":0,"private":0,"password":null}