{"id":"gen7ou-843329631","p1":"Kaylss","p2":"WarioMasters","format":"gen7ou","log":"|raw|<div class=\"broadcast-red\"><strong>This battle is invite-only!<\/strong><br \/>Users must be rank + or invited with <code>\/invite<\/code> to join<\/div>\n|j|\u2606Kaylss\n|j|\u2606WarioMasters\n|player|p1|Kaylss|138\n|player|p2|WarioMasters|40\n|teamsize|p1|6\n|teamsize|p2|6\n|gametype|singles\n|gen|7\n|tier|[Gen 7] OU\n|rated|\n|rule|Sleep Clause Mod: Limit one foe put to sleep\n|rule|Species Clause: Limit one of each Pok\u00e9mon\n|rule|OHKO Clause: OHKO moves are banned\n|rule|Moody Clause: Moody is banned\n|rule|Evasion Moves Clause: Evasion moves are banned\n|rule|Endless Battle Clause: Forcing endless battles is banned\n|rule|HP Percentage Mod: HP is shown in percentages\n|clearpoke\n|poke|p1|Porygon-Z|item\n|poke|p1|Landorus-Therian, M|item\n|poke|p1|Magnezone|item\n|poke|p1|Pinsir, F|item\n|poke|p1|Tangrowth, M|item\n|poke|p1|Greninja, M|item\n|poke|p2|Garchomp, F|item\n|poke|p2|Mawile, F|item\n|poke|p2|Ferrothorn, M|item\n|poke|p2|Zapdos|item\n|poke|p2|Greninja, M|item\n|poke|p2|Landorus-Therian, M|item\n|teampreview\n|\n|start\n|switch|p1a: Landorus|Landorus-Therian, M|100\/100\n|switch|p2a: Mawile|Mawile, F|100\/100\n|-ability|p1a: Landorus|Intimidate|boost\n|-fail|p2a: Mawile|unboost|Attack|[from] ability: Hyper Cutter|[of] p2a: Mawile\n|turn|1\n|\n|switch|p2a: Zapdos|Zapdos|100\/100\n|move|p1a: Landorus|Stealth Rock|p2a: Zapdos\n|-sidestart|p2: WarioMasters|move: Stealth Rock\n|\n|upkeep\n|turn|2\n|\n|switch|p1a: Porygon-Z|Porygon-Z|100\/100\n|move|p2a: Zapdos|Defog|p1a: Porygon-Z\n|-unboost|p1a: Porygon-Z|evasion|1\n|-sideend|p2: WarioMasters|Stealth Rock|[from] move: Defog|[of] p2a: Zapdos\n|\n|upkeep\n|turn|3\n|\n|move|p1a: Porygon-Z|Tri Attack|p2a: Zapdos\n|-damage|p2a: Zapdos|24\/100\n|move|p2a: Zapdos|Discharge|p1a: Porygon-Z\n|-damage|p1a: Porygon-Z|54\/100\n|\n|-heal|p2a: Zapdos|30\/100|[from] item: Leftovers\n|upkeep\n|turn|4\n|\n|switch|p2a: Ferrothorn|Ferrothorn, M|100\/100\n|move|p1a: Porygon-Z|Tri Attack|p2a: Ferrothorn\n|-resisted|p2a: Ferrothorn\n|-damage|p2a: Ferrothorn|73\/100\n|\n|-heal|p2a: Ferrothorn|79\/100|[from] item: Leftovers\n|upkeep\n|turn|5\n|\n|move|p1a: Porygon-Z|Tri Attack|p2a: Ferrothorn\n|-resisted|p2a: Ferrothorn\n|-damage|p2a: Ferrothorn|50\/100\n|move|p2a: Ferrothorn|Leech Seed|p1a: Porygon-Z\n|-start|p1a: Porygon-Z|move: Leech Seed\n|\n|-heal|p2a: Ferrothorn|56\/100|[from] item: Leftovers\n|-damage|p1a: Porygon-Z|42\/100|[from] Leech Seed|[of] p2a: Ferrothorn\n|-heal|p2a: Ferrothorn|67\/100|[silent]\n|upkeep\n|turn|6\n|\n|move|p1a: Porygon-Z|Tri Attack|p2a: Ferrothorn\n|-resisted|p2a: Ferrothorn\n|-damage|p2a: Ferrothorn|39\/100\n|-status|p2a: Ferrothorn|brn\n|move|p2a: Ferrothorn|Leech Seed||[still]\n|-fail|p2a: Ferrothorn\n|\n|-heal|p2a: Ferrothorn|45\/100 brn|[from] item: Leftovers\n|-damage|p1a: Porygon-Z|29\/100|[from] Leech Seed|[of] p2a: Ferrothorn\n|-heal|p2a: Ferrothorn|56\/100 brn|[silent]\n|-damage|p2a: Ferrothorn|49\/100 brn|[from] brn\n|upkeep\n|turn|7\n|-message|WarioMasters forfeited.\n|\n|win|Kaylss\n|l|\u2606WarioMasters\n|raw|Kaylss's rating: 1646 &rarr; <strong>1672<\/strong><br \/>(+26 for winning)\n|raw|WarioMasters's rating: 1744 &rarr; <strong>1719<\/strong><br \/>(-25 for losing)\n|c|\u2606Kaylss|\/log Kaylss made this room public.\n","uploadtime":1546391723,"views":30,"p1id":"kaylss","p2id":"wariomasters","formatid":"gen7ou","rating":1672,"private":0,"password":null}