{"id":"gen7ou-986052108","p1":"Gucci Berry","p2":"comp233","format":"gen7ou","log":"|j|\u2606Gucci Berry\n|j|\u2606comp233\n|player|p1|Gucci Berry|70|1647\n|player|p2|comp233|115|1622\n|teamsize|p1|6\n|teamsize|p2|6\n|gametype|singles\n|gen|7\n|tier|[Gen 7] OU\n|rated|\n|rule|Sleep Clause Mod: Limit one foe put to sleep\n|rule|Species Clause: Limit one of each Pok\u00e9mon\n|rule|OHKO Clause: OHKO moves are banned\n|rule|Moody Clause: Moody is banned\n|rule|Evasion Moves Clause: Evasion moves are banned\n|rule|Endless Battle Clause: Forcing endless battles is banned\n|rule|HP Percentage Mod: HP is shown in percentages\n|clearpoke\n|poke|p1|Azelf|item\n|poke|p1|Dragonite, F|item\n|poke|p1|Manaphy|item\n|poke|p1|Mimikyu, F|item\n|poke|p1|Pinsir, F|item\n|poke|p1|Excadrill, M|item\n|poke|p2|Lucario, F|item\n|poke|p2|Lopunny, M|item\n|poke|p2|Hawlucha, F|item\n|poke|p2|Kommo-o, F|item\n|poke|p2|Keldeo-Resolute|item\n|poke|p2|Infernape, F|item\n|teampreview\n|\n|start\n|switch|p1a: Azelf|Azelf|100\/100\n|switch|p2a: Infernape|Infernape, F, shiny|100\/100\n|turn|1\n|\n|move|p1a: Azelf|Stealth Rock|p2a: Infernape\n|-sidestart|p2: comp233|move: Stealth Rock\n|move|p2a: Infernape|Stealth Rock|p1a: Azelf\n|-sidestart|p1: Gucci Berry|move: Stealth Rock\n|\n|upkeep\n|turn|2\n|\n|move|p1a: Azelf|Explosion|p2a: Infernape\n|-enditem|p2a: Infernape|Focus Sash\n|-damage|p2a: Infernape|1\/100\n|faint|p1a: Azelf\n|move|p2a: Infernape|Overheat|p1: Azelf|[notarget]\n|-fail|p2a: Infernape\n|\n|upkeep\n|\n|switch|p1a: Dragonite|Dragonite, F|100\/100\n|-damage|p1a: Dragonite|76\/100|[from] Stealth Rock\n|turn|3\n|\n|move|p1a: Dragonite|Extreme Speed|p2a: Infernape\n|-damage|p2a: Infernape|0 fnt\n|faint|p2a: Infernape\n|\n|upkeep\n|\n|switch|p2a: Lopunny|Lopunny, M, shiny|100\/100\n|-damage|p2a: Lopunny|88\/100|[from] Stealth Rock\n|turn|4\n|inactive|Battle timer is ON: inactive players will automatically lose when time's up. (requested by comp233)\n|inactive|Gucci Berry has 120 seconds left.\n|inactive|Gucci Berry has 90 seconds left.\n|\n|detailschange|p2a: Lopunny|Lopunny-Mega, M, shiny\n|-mega|p2a: Lopunny|Lopunny|Lopunnite\n|move|p1a: Dragonite|Extreme Speed|p2a: Lopunny\n|-damage|p2a: Lopunny|45\/100\n|move|p2a: Lopunny|Ice Punch|p1a: Dragonite\n|-supereffective|p1a: Dragonite\n|-damage|p1a: Dragonite|0 fnt\n|faint|p1a: Dragonite\n|\n|upkeep\n|\n|switch|p1a: Pinsir|Pinsir, F|100\/100\n|-damage|p1a: Pinsir|76\/100|[from] Stealth Rock\n|turn|5\n|\n|switch|p2a: Hawlucha|Hawlucha, F|100\/100\n|-damage|p2a: Hawlucha|88\/100|[from] Stealth Rock\n|detailschange|p1a: Pinsir|Pinsir-Mega, F\n|-mega|p1a: Pinsir|Pinsir|Pinsirite\n|move|p1a: Pinsir|Quick Attack|p2a: Hawlucha\n|-supereffective|p2a: Hawlucha\n|-damage|p2a: Hawlucha|15\/100\n|-enditem|p2a: Hawlucha|Sitrus Berry|[eat]\n|-heal|p2a: Hawlucha|40\/100|[from] item: Sitrus Berry\n|\n|upkeep\n|turn|6\n|\n|move|p1a: Pinsir|Quick Attack|p2a: Hawlucha\n|-supereffective|p2a: Hawlucha\n|-damage|p2a: Hawlucha|0 fnt\n|faint|p2a: Hawlucha\n|\n|upkeep\n|\n|switch|p2a: Lucario|Lucario, F|100\/100\n|-damage|p2a: Lucario|98\/100|[from] Stealth Rock\n|turn|7\n|\n|move|p1a: Pinsir|Close Combat|p2a: Lucario\n|-supereffective|p2a: Lucario\n|-damage|p2a: Lucario|0 fnt\n|-unboost|p1a: Pinsir|def|1\n|-unboost|p1a: Pinsir|spd|1\n|faint|p2a: Lucario\n|\n|upkeep\n|\n|switch|p2a: Lopunny|Lopunny-Mega, M, shiny|45\/100\n|-damage|p2a: Lopunny|39\/100|[from] Stealth Rock\n|turn|8\n|\n|switch|p1a: Excadrill|Excadrill, M|100\/100\n|-damage|p1a: Excadrill|97\/100|[from] Stealth Rock\n|move|p2a: Lopunny|Fake Out|p1a: Excadrill\n|-resisted|p1a: Excadrill\n|-damage|p1a: Excadrill|82\/100\n|\n|upkeep\n|turn|9\n|\n|move|p1a: Excadrill|Earthquake|p2a: Lopunny\n|-damage|p2a: Lopunny|0 fnt\n|faint|p2a: Lopunny\n|\n|upkeep\n|\n|switch|p2a: Kommo-o|Kommo-o, F|100\/100\n|-damage|p2a: Kommo-o|94\/100|[from] Stealth Rock\n|turn|10\n|\n|move|p1a: Excadrill|Earthquake|p2a: Kommo-o\n|-damage|p2a: Kommo-o|35\/100\n|-zpower|p2a: Kommo-o\n|move|p2a: Kommo-o|Clangorous Soulblaze|p1a: Excadrill|[zeffect]\n|-resisted|p1a: Excadrill\n|-crit|p1a: Excadrill\n|-damage|p1a: Excadrill|18\/100\n|-boost|p2a: Kommo-o|atk|1\n|-boost|p2a: Kommo-o|def|1\n|-boost|p2a: Kommo-o|spa|1\n|-boost|p2a: Kommo-o|spd|1\n|-boost|p2a: Kommo-o|spe|1\n|\n|upkeep\n|turn|11\n|\n|move|p1a: Excadrill|Earthquake|p2a: Kommo-o\n|-damage|p2a: Kommo-o|0 fnt\n|faint|p2a: Kommo-o\n|\n|upkeep\n|\n|switch|p2a: Keldeo|Keldeo-Resolute|100\/100\n|-damage|p2a: Keldeo|94\/100|[from] Stealth Rock\n|turn|12\n|\n|move|p2a: Keldeo|Hydro Pump|p1a: Excadrill\n|-supereffective|p1a: Excadrill\n|-damage|p1a: Excadrill|0 fnt\n|faint|p1a: Excadrill\n|\n|upkeep\n|\n|switch|p1a: Manaphy|Manaphy|100\/100\n|-damage|p1a: Manaphy|88\/100|[from] Stealth Rock\n|turn|13\n|\n|move|p2a: Keldeo|Hydro Pump|p1a: Manaphy\n|-resisted|p1a: Manaphy\n|-damage|p1a: Manaphy|62\/100\n|move|p1a: Manaphy|Tail Glow|p1a: Manaphy\n|-boost|p1a: Manaphy|spa|3\n|\n|-heal|p1a: Manaphy|68\/100|[from] item: Leftovers\n|upkeep\n|turn|14\n|\n|move|p2a: Keldeo|Hydro Pump|p1a: Manaphy\n|-resisted|p1a: Manaphy\n|-damage|p1a: Manaphy|41\/100\n|move|p1a: Manaphy|Psychic|p2a: Keldeo\n|-supereffective|p2a: Keldeo\n|-damage|p2a: Keldeo|0 fnt\n|faint|p2a: Keldeo\n|\n|win|Gucci Berry\n|l|\u2606comp233\n|raw|Gucci Berry's rating: 1647 &rarr; <strong>1666<\/strong><br \/>(+19 for winning)\n|raw|comp233's rating: 1622 &rarr; <strong>1603<\/strong><br \/>(-19 for losing)\n","uploadtime":1570059295,"views":1,"p1id":"gucciberry","p2id":"comp233","formatid":"gen7ou","rating":1603,"private":0,"password":null}