{"id":"gen7ou-1132757875","p1":"Moskito Cup","p2":"ChessRobot","format":"gen7ou","log":"|j|\u2606Moskito Cup\n|j|\u2606ChessRobot\n|player|p1|Moskito Cup|1|1889\n|player|p2|ChessRobot|clemont|1609\n|teamsize|p1|6\n|teamsize|p2|6\n|gametype|singles\n|gen|7\n|tier|[Gen 7] OU\n|rated|\n|clearpoke\n|poke|p1|Venusaur, F|item\n|poke|p1|Keldeo-Resolute|item\n|poke|p1|Skarmory, M|item\n|poke|p1|Chansey, F|item\n|poke|p1|Heatran, F|item\n|poke|p1|Bisharp, F|item\n|poke|p2|Venusaur, M|item\n|poke|p2|Keldeo|item\n|poke|p2|Skarmory, F|item\n|poke|p2|Chansey, F|item\n|poke|p2|Heatran, F|item\n|poke|p2|Bisharp, M|item\n|rule|Sleep Clause Mod: Limit one foe put to sleep\n|rule|Species Clause: Limit one of each Pok\u00e9mon\n|rule|OHKO Clause: OHKO moves are banned\n|rule|Moody Clause: Moody is banned\n|rule|Evasion Moves Clause: Evasion moves are banned\n|rule|Endless Battle Clause: Forcing endless battles is banned\n|rule|HP Percentage Mod: HP is shown in percentages\n|teampreview\n|raw|<div class=\"broadcast-red\"><strong>Moderated join is set to sync with modchat!<\/strong><br \/>Only users who can speak in modchat can join.<\/div>\n|c|\u2606Moskito Cup|\/log Moskito Cup set modjoin to sync with modchat.\n|raw|<div class=\"broadcast-red\"><strong>Moderated chat was set to +!<\/strong><br \/>Only users of rank + and higher can talk.<\/div>\n|c|\u2606Moskito Cup|\/log Moskito Cup made this room hidden.\n|inactive|Battle timer is ON: inactive players will automatically lose when time's up. (requested by Moskito Cup)\n|\n|start\n|switch|p1a: Keldeo|Keldeo-Resolute|100\/100\n|switch|p2a: Keldeo|Keldeo|100\/100\n|turn|1\n|\n|switch|p2a: Venusaur|Venusaur, M|100\/100\n|move|p1a: Keldeo|Secret Sword|p2a: Venusaur\n|-resisted|p2a: Venusaur\n|-damage|p2a: Venusaur|83\/100\n|\n|upkeep\n|turn|2\n|\n|switch|p1a: Heatran|Heatran, F|100\/100\n|detailschange|p2a: Venusaur|Venusaur-Mega, M\n|-mega|p2a: Venusaur|Venusaur|Venusaurite\n|move|p2a: Venusaur|Hidden Power|p1a: Heatran\n|-start|p1a: Heatran|ability: Flash Fire\n|\n|upkeep\n|turn|3\n|\n|switch|p2a: Heatran|Heatran, F|100\/100\n|move|p1a: Heatran|Stealth Rock|p2a: Heatran\n|-sidestart|p2: ChessRobot|move: Stealth Rock\n|\n|upkeep\n|turn|4\n|\n|move|p1a: Heatran|Taunt|p2a: Heatran\n|-start|p2a: Heatran|move: Taunt\n|cant|p2a: Heatran|move: Taunt|Taunt\n|\n|upkeep\n|turn|5\n|\n|move|p1a: Heatran|Lava Plume|p2a: Heatran\n|-start|p2a: Heatran|ability: Flash Fire\n|move|p2a: Heatran|Lava Plume|p1a: Heatran\n|-immune|p1a: Heatran|[from] ability: Flash Fire\n|\n|upkeep\n|turn|6\n|\n|move|p1a: Heatran|Lava Plume|p2a: Heatran\n|-immune|p2a: Heatran|[from] ability: Flash Fire\n|move|p2a: Heatran|Lava Plume|p1a: Heatran\n|-immune|p1a: Heatran|[from] ability: Flash Fire\n|\n|-end|p2a: Heatran|move: Taunt\n|upkeep\n|turn|7\n|\n|move|p1a: Heatran|Taunt|p2a: Heatran\n|-start|p2a: Heatran|move: Taunt\n|cant|p2a: Heatran|move: Taunt|Taunt\n|\n|upkeep\n|turn|8\n|\n|move|p1a: Heatran|Stealth Rock||[still]\n|-fail|p1a: Heatran\n|move|p2a: Heatran|Lava Plume|p1a: Heatran\n|-immune|p1a: Heatran|[from] ability: Flash Fire\n|\n|upkeep\n|turn|9\n|\n|move|p1a: Heatran|Stealth Rock||[still]\n|-fail|p1a: Heatran\n|move|p2a: Heatran|Lava Plume|p1a: Heatran\n|-immune|p1a: Heatran|[from] ability: Flash Fire\n|\n|-end|p2a: Heatran|move: Taunt\n|upkeep\n|turn|10\n|\n|move|p1a: Heatran|Taunt|p2a: Heatran\n|-start|p2a: Heatran|move: Taunt\n|cant|p2a: Heatran|move: Taunt|Taunt\n|\n|upkeep\n|turn|11\n|\n|move|p1a: Heatran|Stealth Rock||[still]\n|-fail|p1a: Heatran\n|move|p2a: Heatran|Lava Plume|p1a: Heatran\n|-immune|p1a: Heatran|[from] ability: Flash Fire\n|\n|upkeep\n|turn|12\n|\n|move|p1a: Heatran|Toxic|p2a: Heatran\n|-immune|p2a: Heatran\n|move|p2a: Heatran|Lava Plume|p1a: Heatran\n|-immune|p1a: Heatran|[from] ability: Flash Fire\n|\n|-end|p2a: Heatran|move: Taunt\n|upkeep\n|turn|13\n|\n|move|p1a: Heatran|Taunt|p2a: Heatran\n|-start|p2a: Heatran|move: Taunt\n|cant|p2a: Heatran|move: Taunt|Taunt\n|\n|upkeep\n|turn|14\n|\n|move|p1a: Heatran|Stealth Rock||[still]\n|-fail|p1a: Heatran\n|move|p2a: Heatran|Lava Plume|p1a: Heatran\n|-immune|p1a: Heatran|[from] ability: Flash Fire\n|\n|upkeep\n|turn|15\n|\n|-end|p2a: Heatran|ability: Flash Fire|[silent]\n|switch|p2a: Chansey|Chansey, F|100\/100\n|-damage|p2a: Chansey|88\/100|[from] Stealth Rock\n|move|p1a: Heatran|Stealth Rock||[still]\n|-fail|p1a: Heatran\n|\n|upkeep\n|turn|16\n|\n|switch|p2a: Heatran|Heatran, F|100\/100\n|-damage|p2a: Heatran|88\/100|[from] Stealth Rock\n|move|p1a: Heatran|Taunt|p2a: Heatran\n|-start|p2a: Heatran|move: Taunt\n|\n|-heal|p2a: Heatran|94\/100|[from] item: Leftovers\n|upkeep\n|turn|17\n|\n|move|p1a: Heatran|Toxic|p2a: Heatran\n|-immune|p2a: Heatran\n|move|p2a: Heatran|Lava Plume|p1a: Heatran\n|-immune|p1a: Heatran|[from] ability: Flash Fire\n|\n|-heal|p2a: Heatran|100\/100|[from] item: Leftovers\n|upkeep\n|turn|18\n|\n|switch|p2a: Chansey|Chansey, F|88\/100\n|-damage|p2a: Chansey|76\/100|[from] Stealth Rock\n|move|p1a: Heatran|Stealth Rock||[still]\n|-fail|p1a: Heatran\n|\n|upkeep\n|turn|19\n|\n|switch|p2a: Heatran|Heatran, F|100\/100\n|-damage|p2a: Heatran|88\/100|[from] Stealth Rock\n|move|p1a: Heatran|Taunt|p2a: Heatran\n|-start|p2a: Heatran|move: Taunt\n|\n|-heal|p2a: Heatran|94\/100|[from] item: Leftovers\n|upkeep\n|turn|20\n|\n|move|p1a: Heatran|Lava Plume|p2a: Heatran\n|-start|p2a: Heatran|ability: Flash Fire\n|move|p2a: Heatran|Lava Plume|p1a: Heatran\n|-immune|p1a: Heatran|[from] ability: Flash Fire\n|\n|-heal|p2a: Heatran|100\/100|[from] item: Leftovers\n|upkeep\n|turn|21\n|\n|-end|p2a: Heatran|ability: Flash Fire|[silent]\n|switch|p2a: Chansey|Chansey, F|76\/100\n|-damage|p2a: Chansey|63\/100|[from] Stealth Rock\n|move|p1a: Heatran|Toxic|p2a: Chansey\n|-status|p2a: Chansey|tox\n|\n|-damage|p2a: Chansey|57\/100 tox|[from] psn\n|upkeep\n|turn|22\n|\n|move|p1a: Heatran|Taunt|p2a: Chansey\n|-start|p2a: Chansey|move: Taunt\n|cant|p2a: Chansey|move: Taunt|Soft-Boiled\n|\n|-damage|p2a: Chansey|45\/100 tox|[from] psn\n|upkeep\n|turn|23\n|\n|switch|p2a: Heatran|Heatran, F|100\/100\n|-damage|p2a: Heatran|88\/100|[from] Stealth Rock\n|move|p1a: Heatran|Lava Plume|p2a: Heatran\n|-start|p2a: Heatran|ability: Flash Fire\n|\n|-heal|p2a: Heatran|94\/100|[from] item: Leftovers\n|upkeep\n|turn|24\n|\n|move|p1a: Heatran|Taunt|p2a: Heatran\n|-start|p2a: Heatran|move: Taunt\n|cant|p2a: Heatran|move: Taunt|Stealth Rock\n|\n|-heal|p2a: Heatran|100\/100|[from] item: Leftovers\n|upkeep\n|turn|25\n|\n|move|p1a: Heatran|Lava Plume|p2a: Heatran\n|-immune|p2a: Heatran|[from] ability: Flash Fire\n|move|p2a: Heatran|Lava Plume|p1a: Heatran\n|-immune|p1a: Heatran|[from] ability: Flash Fire\n|\n|upkeep\n|turn|26\n|\n|move|p1a: Heatran|Stealth Rock||[still]\n|-fail|p1a: Heatran\n|move|p2a: Heatran|Lava Plume|p1a: Heatran\n|-immune|p1a: Heatran|[from] ability: Flash Fire\n|\n|-end|p2a: Heatran|move: Taunt\n|upkeep\n|turn|27\n|\n|move|p1a: Heatran|Taunt|p2a: Heatran\n|-start|p2a: Heatran|move: Taunt\n|cant|p2a: Heatran|move: Taunt|Stealth Rock\n|\n|upkeep\n|turn|28\n|\n|-end|p2a: Heatran|ability: Flash Fire|[silent]\n|switch|p2a: Keldeo|Keldeo|100\/100\n|-damage|p2a: Keldeo|94\/100|[from] Stealth Rock\n|move|p1a: Heatran|Toxic|p2a: Keldeo\n|-status|p2a: Keldeo|tox\n|\n|-heal|p2a: Keldeo|100\/100 tox|[from] item: Leftovers\n|-damage|p2a: Keldeo|94\/100 tox|[from] psn\n|upkeep\n|turn|29\n|\n|-end|p1a: Heatran|ability: Flash Fire|[silent]\n|switch|p1a: Venusaur|Venusaur, F|100\/100\n|move|p2a: Keldeo|Scald|p1a: Venusaur\n|-resisted|p1a: Venusaur\n|-damage|p1a: Venusaur|80\/100\n|\n|-heal|p2a: Keldeo|100\/100 tox|[from] item: Leftovers\n|-damage|p2a: Keldeo|88\/100 tox|[from] psn\n|upkeep\n|turn|30\n|\n|switch|p2a: Chansey|Chansey, F|45\/100\n|-damage|p2a: Chansey|33\/100|[from] Stealth Rock\n|switch|p1a: Keldeo|Keldeo-Resolute|100\/100\n|\n|upkeep\n|turn|31\n|\n|switch|p2a: Venusaur|Venusaur-Mega, M|83\/100\n|-damage|p2a: Venusaur|71\/100|[from] Stealth Rock\n|move|p1a: Keldeo|Secret Sword|p2a: Venusaur\n|-resisted|p2a: Venusaur\n|-damage|p2a: Venusaur|58\/100\n|\n|upkeep\n|turn|32\n|\n|switch|p1a: Skarmory|Skarmory, M|100\/100\n|move|p2a: Venusaur|Synthesis|p2a: Venusaur\n|-heal|p2a: Venusaur|100\/100\n|\n|upkeep\n|turn|33\n|\n|switch|p2a: Chansey|Chansey, F|33\/100\n|-damage|p2a: Chansey|20\/100|[from] Stealth Rock\n|move|p1a: Skarmory|Spikes|p2a: Chansey\n|-sidestart|p2: ChessRobot|Spikes\n|\n|upkeep\n|turn|34\n|\n|move|p1a: Skarmory|Brave Bird|p2a: Chansey\n|-damage|p2a: Chansey|0 fnt\n|-damage|p1a: Skarmory|87\/100|[from] Recoil\n|faint|p2a: Chansey\n|\n|upkeep\n|\n|switch|p2a: Heatran|Heatran, F|100\/100\n|-damage|p2a: Heatran|88\/100|[from] Stealth Rock\n|-damage|p2a: Heatran|76\/100|[from] Spikes\n|turn|35\n|\n|switch|p1a: Heatran|Heatran, F|100\/100\n|move|p2a: Heatran|Stealth Rock|p1a: Heatran\n|-sidestart|p1: Moskito Cup|move: Stealth Rock\n|\n|-heal|p2a: Heatran|82\/100|[from] item: Leftovers\n|upkeep\n|turn|36\n|\n|move|p1a: Heatran|Taunt|p2a: Heatran\n|-start|p2a: Heatran|move: Taunt\n|cant|p2a: Heatran|move: Taunt|Taunt\n|\n|-heal|p2a: Heatran|88\/100|[from] item: Leftovers\n|upkeep\n|turn|37\n|\n|move|p1a: Heatran|Stealth Rock||[still]\n|-fail|p1a: Heatran\n|move|p2a: Heatran|Lava Plume|p1a: Heatran\n|-start|p1a: Heatran|ability: Flash Fire\n|\n|-heal|p2a: Heatran|94\/100|[from] item: Leftovers\n|upkeep\n|turn|38\n|\n|move|p1a: Heatran|Stealth Rock||[still]\n|-fail|p1a: Heatran\n|move|p2a: Heatran|Lava Plume|p1a: Heatran\n|-immune|p1a: Heatran|[from] ability: Flash Fire\n|\n|-heal|p2a: Heatran|100\/100|[from] item: Leftovers\n|-end|p2a: Heatran|move: Taunt\n|upkeep\n|turn|39\n|\n|move|p1a: Heatran|Taunt|p2a: Heatran\n|-start|p2a: Heatran|move: Taunt\n|cant|p2a: Heatran|move: Taunt|Taunt\n|\n|upkeep\n|turn|40\n|\n|switch|p2a: Keldeo|Keldeo|88\/100 tox\n|-damage|p2a: Keldeo|82\/100 tox|[from] Stealth Rock\n|-damage|p2a: Keldeo|70\/100 tox|[from] Spikes\n|move|p1a: Heatran|Lava Plume|p2a: Keldeo\n|-resisted|p2a: Keldeo\n|-crit|p2a: Keldeo\n|-damage|p2a: Keldeo|21\/100 tox\n|\n|-heal|p2a: Keldeo|27\/100 tox|[from] item: Leftovers\n|-damage|p2a: Keldeo|21\/100 tox|[from] psn\n|upkeep\n|turn|41\n|\n|-end|p1a: Heatran|ability: Flash Fire|[silent]\n|switch|p1a: Venusaur|Venusaur, F|80\/100\n|-damage|p1a: Venusaur|68\/100|[from] Stealth Rock\n|move|p2a: Keldeo|Scald|p1a: Venusaur\n|-resisted|p1a: Venusaur\n|-damage|p1a: Venusaur|50\/100\n|-status|p1a: Venusaur|brn\n|\n|-heal|p2a: Keldeo|27\/100 tox|[from] item: Leftovers\n|-damage|p2a: Keldeo|15\/100 tox|[from] psn\n|-damage|p1a: Venusaur|44\/100 brn|[from] brn\n|upkeep\n|turn|42\n|\n|switch|p2a: Skarmory|Skarmory, F|100\/100\n|-damage|p2a: Skarmory|88\/100|[from] Stealth Rock\n|detailschange|p1a: Venusaur|Venusaur-Mega, F\n|-mega|p1a: Venusaur|Venusaur|Venusaurite\n|move|p1a: Venusaur|Synthesis|p1a: Venusaur\n|-heal|p1a: Venusaur|94\/100 brn\n|\n|-damage|p1a: Venusaur|88\/100 brn|[from] brn\n|upkeep\n|turn|43\n|\n|switch|p1a: Heatran|Heatran, F|100\/100\n|-damage|p1a: Heatran|88\/100|[from] Stealth Rock\n|move|p2a: Skarmory|Spikes|p1a: Heatran\n|-sidestart|p1: Moskito Cup|Spikes\n|\n|-heal|p1a: Heatran|94\/100|[from] item: Leftovers\n|upkeep\n|turn|44\n|\n|move|p1a: Heatran|Taunt|p2a: Skarmory\n|-start|p2a: Skarmory|move: Taunt\n|move|p2a: Skarmory|Brave Bird|p1a: Heatran\n|-resisted|p1a: Heatran\n|-damage|p1a: Heatran|79\/100\n|-damage|p2a: Skarmory|83\/100|[from] Recoil\n|\n|-heal|p1a: Heatran|85\/100|[from] item: Leftovers\n|upkeep\n|turn|45\n|\n|switch|p2a: Heatran|Heatran, F|100\/100\n|-damage|p2a: Heatran|88\/100|[from] Spikes\n|-damage|p2a: Heatran|76\/100|[from] Stealth Rock\n|move|p1a: Heatran|Lava Plume|p2a: Heatran\n|-start|p2a: Heatran|ability: Flash Fire\n|\n|-heal|p1a: Heatran|91\/100|[from] item: Leftovers\n|-heal|p2a: Heatran|82\/100|[from] item: Leftovers\n|upkeep\n|turn|46\n|\n|move|p1a: Heatran|Taunt|p2a: Heatran\n|-start|p2a: Heatran|move: Taunt\n|cant|p2a: Heatran|move: Taunt|Taunt\n|\n|-heal|p1a: Heatran|97\/100|[from] item: Leftovers\n|-heal|p2a: Heatran|88\/100|[from] item: Leftovers\n|upkeep\n|turn|47\n|\n|-end|p2a: Heatran|ability: Flash Fire|[silent]\n|switch|p2a: Skarmory|Skarmory, F|83\/100\n|-damage|p2a: Skarmory|71\/100|[from] Stealth Rock\n|move|p1a: Heatran|Stealth Rock||[still]\n|-fail|p1a: Heatran\n|\n|-heal|p1a: Heatran|100\/100|[from] item: Leftovers\n|upkeep\n|turn|48\n|\n|switch|p2a: Heatran|Heatran, F|88\/100\n|-damage|p2a: Heatran|76\/100|[from] Spikes\n|-damage|p2a: Heatran|63\/100|[from] Stealth Rock\n|move|p1a: Heatran|Lava Plume|p2a: Heatran\n|-start|p2a: Heatran|ability: Flash Fire\n|\n|-heal|p2a: Heatran|69\/100|[from] item: Leftovers\n|upkeep\n|turn|49\n|\n|move|p1a: Heatran|Taunt|p2a: Heatran\n|-start|p2a: Heatran|move: Taunt\n|cant|p2a: Heatran|move: Taunt|Taunt\n|\n|-heal|p2a: Heatran|76\/100|[from] item: Leftovers\n|upkeep\n|turn|50\n|\n|move|p1a: Heatran|Lava Plume|p2a: Heatran\n|-immune|p2a: Heatran|[from] ability: Flash Fire\n|move|p2a: Heatran|Lava Plume|p1a: Heatran\n|-start|p1a: Heatran|ability: Flash Fire\n|\n|-heal|p2a: Heatran|82\/100|[from] item: Leftovers\n|upkeep\n|turn|51\n|\n|move|p1a: Heatran|Lava Plume|p2a: Heatran\n|-immune|p2a: Heatran|[from] ability: Flash Fire\n|move|p2a: Heatran|Lava Plume|p1a: Heatran\n|-immune|p1a: Heatran|[from] ability: Flash Fire\n|\n|-heal|p2a: Heatran|88\/100|[from] item: Leftovers\n|-end|p2a: Heatran|move: Taunt\n|upkeep\n|turn|52\n|\n|move|p1a: Heatran|Taunt|p2a: Heatran\n|-start|p2a: Heatran|move: Taunt\n|cant|p2a: Heatran|move: Taunt|Taunt\n|\n|-heal|p2a: Heatran|94\/100|[from] item: Leftovers\n|upkeep\n|turn|53\n|\n|move|p1a: Heatran|Stealth Rock||[still]\n|-fail|p1a: Heatran\n|move|p2a: Heatran|Lava Plume|p1a: Heatran\n|-immune|p1a: Heatran|[from] ability: Flash Fire\n|\n|-heal|p2a: Heatran|100\/100|[from] item: Leftovers\n|upkeep\n|turn|54\n|\n|move|p1a: Heatran|Lava Plume|p2a: Heatran\n|-immune|p2a: Heatran|[from] ability: Flash Fire\n|move|p2a: Heatran|Lava Plume|p1a: Heatran\n|-immune|p1a: Heatran|[from] ability: Flash Fire\n|\n|-end|p2a: Heatran|move: Taunt\n|upkeep\n|turn|55\n|\n|move|p1a: Heatran|Taunt|p2a: Heatran\n|-start|p2a: Heatran|move: Taunt\n|cant|p2a: Heatran|move: Taunt|Taunt\n|\n|upkeep\n|turn|56\n|\n|move|p1a: Heatran|Lava Plume|p2a: Heatran\n|-immune|p2a: Heatran|[from] ability: Flash Fire\n|move|p2a: Heatran|Lava Plume|p1a: Heatran\n|-immune|p1a: Heatran|[from] ability: Flash Fire\n|\n|upkeep\n|turn|57\n|\n|-end|p2a: Heatran|ability: Flash Fire|[silent]\n|switch|p2a: Venusaur|Venusaur-Mega, M|100\/100\n|-damage|p2a: Venusaur|88\/100|[from] Spikes\n|-damage|p2a: Venusaur|76\/100|[from] Stealth Rock\n|move|p1a: Heatran|Stealth Rock||[still]\n|-fail|p1a: Heatran\n|\n|upkeep\n|turn|58\n|\n|switch|p2a: Heatran|Heatran, F|100\/100\n|-damage|p2a: Heatran|88\/100|[from] Spikes\n|-damage|p2a: Heatran|76\/100|[from] Stealth Rock\n|move|p1a: Heatran|Taunt|p2a: Heatran\n|-start|p2a: Heatran|move: Taunt\n|\n|-heal|p2a: Heatran|82\/100|[from] item: Leftovers\n|upkeep\n|turn|59\n|\n|switch|p2a: Venusaur|Venusaur-Mega, M|76\/100\n|-damage|p2a: Venusaur|63\/100|[from] Spikes\n|-damage|p2a: Venusaur|51\/100|[from] Stealth Rock\n|move|p1a: Heatran|Stealth Rock||[still]\n|-fail|p1a: Heatran\n|\n|upkeep\n|turn|60\n|\n|switch|p2a: Heatran|Heatran, F|82\/100\n|-damage|p2a: Heatran|69\/100|[from] Spikes\n|-damage|p2a: Heatran|57\/100|[from] Stealth Rock\n|move|p1a: Heatran|Lava Plume|p2a: Heatran\n|-start|p2a: Heatran|ability: Flash Fire\n|\n|-heal|p2a: Heatran|63\/100|[from] item: Leftovers\n|upkeep\n|turn|61\n|\n|move|p1a: Heatran|Taunt|p2a: Heatran\n|-start|p2a: Heatran|move: Taunt\n|cant|p2a: Heatran|move: Taunt|Taunt\n|\n|-heal|p2a: Heatran|69\/100|[from] item: Leftovers\n|upkeep\n|turn|62\n|\n|move|p1a: Heatran|Stealth Rock||[still]\n|-fail|p1a: Heatran\n|move|p2a: Heatran|Lava Plume|p1a: Heatran\n|-immune|p1a: Heatran|[from] ability: Flash Fire\n|\n|-heal|p2a: Heatran|76\/100|[from] item: Leftovers\n|upkeep\n|turn|63\n|\n|move|p1a: Heatran|Stealth Rock||[still]\n|-fail|p1a: Heatran\n|move|p2a: Heatran|Lava Plume|p1a: Heatran\n|-immune|p1a: Heatran|[from] ability: Flash Fire\n|\n|-heal|p2a: Heatran|82\/100|[from] item: Leftovers\n|-end|p2a: Heatran|move: Taunt\n|upkeep\n|turn|64\n|\n|move|p1a: Heatran|Taunt|p2a: Heatran\n|-start|p2a: Heatran|move: Taunt\n|cant|p2a: Heatran|move: Taunt|Taunt\n|\n|-heal|p2a: Heatran|88\/100|[from] item: Leftovers\n|upkeep\n|turn|65\n|\n|-end|p2a: Heatran|ability: Flash Fire|[silent]\n|switch|p2a: Skarmory|Skarmory, F|71\/100\n|-damage|p2a: Skarmory|58\/100|[from] Stealth Rock\n|move|p1a: Heatran|Stealth Rock||[still]\n|-fail|p1a: Heatran\n|\n|upkeep\n|turn|66\n|\n|move|p1a: Heatran|Lava Plume|p2a: Skarmory\n|-supereffective|p2a: Skarmory\n|-damage|p2a: Skarmory|0 fnt\n|faint|p2a: Skarmory\n|\n|upkeep\n|\n|switch|p2a: Keldeo|Keldeo|15\/100 tox\n|-damage|p2a: Keldeo|9\/100 tox|[from] Stealth Rock\n|-damage|p2a: Keldeo|0 fnt|[from] Spikes\n|faint|p2a: Keldeo\n|\n|switch|p2a: Bisharp|Bisharp, M|100\/100\n|-damage|p2a: Bisharp|88\/100|[from] Spikes\n|-damage|p2a: Bisharp|82\/100|[from] Stealth Rock\n|turn|67\n|\n|move|p1a: Heatran|Lava Plume|p2a: Bisharp\n|-supereffective|p2a: Bisharp\n|-crit|p2a: Bisharp\n|-damage|p2a: Bisharp|0 fnt\n|faint|p2a: Bisharp\n|\n|upkeep\n|\n|switch|p2a: Venusaur|Venusaur-Mega, M|51\/100\n|-damage|p2a: Venusaur|39\/100|[from] Spikes\n|-damage|p2a: Venusaur|26\/100|[from] Stealth Rock\n|turn|68\n|\n|switch|p2a: Heatran|Heatran, F|88\/100\n|-damage|p2a: Heatran|76\/100|[from] Stealth Rock\n|-damage|p2a: Heatran|63\/100|[from] Spikes\n|move|p1a: Heatran|Lava Plume|p2a: Heatran\n|-start|p2a: Heatran|ability: Flash Fire\n|\n|-heal|p2a: Heatran|69\/100|[from] item: Leftovers\n|upkeep\n|turn|69\n|\n|move|p1a: Heatran|Taunt|p2a: Heatran\n|-start|p2a: Heatran|move: Taunt\n|cant|p2a: Heatran|move: Taunt|Taunt\n|\n|-heal|p2a: Heatran|76\/100|[from] item: Leftovers\n|upkeep\n|turn|70\n|\n|move|p1a: Heatran|Stealth Rock||[still]\n|-fail|p1a: Heatran\n|move|p2a: Heatran|Lava Plume|p1a: Heatran\n|-immune|p1a: Heatran|[from] ability: Flash Fire\n|\n|-heal|p2a: Heatran|82\/100|[from] item: Leftovers\n|upkeep\n|turn|71\n|\n|move|p1a: Heatran|Stealth Rock||[still]\n|-fail|p1a: Heatran\n|move|p2a: Heatran|Lava Plume|p1a: Heatran\n|-immune|p1a: Heatran|[from] ability: Flash Fire\n|\n|-heal|p2a: Heatran|88\/100|[from] item: Leftovers\n|-end|p2a: Heatran|move: Taunt\n|upkeep\n|turn|72\n|\n|move|p1a: Heatran|Taunt|p2a: Heatran\n|-start|p2a: Heatran|move: Taunt\n|cant|p2a: Heatran|move: Taunt|Taunt\n|\n|-heal|p2a: Heatran|94\/100|[from] item: Leftovers\n|upkeep\n|turn|73\n|\n|move|p1a: Heatran|Stealth Rock||[still]\n|-fail|p1a: Heatran\n|move|p2a: Heatran|Lava Plume|p1a: Heatran\n|-immune|p1a: Heatran|[from] ability: Flash Fire\n|\n|-heal|p2a: Heatran|100\/100|[from] item: Leftovers\n|upkeep\n|turn|74\n|\n|move|p1a: Heatran|Stealth Rock||[still]\n|-fail|p1a: Heatran\n|move|p2a: Heatran|Lava Plume|p1a: Heatran\n|-immune|p1a: Heatran|[from] ability: Flash Fire\n|\n|-end|p2a: Heatran|move: Taunt\n|upkeep\n|turn|75\n|\n|move|p1a: Heatran|Taunt|p2a: Heatran\n|-start|p2a: Heatran|move: Taunt\n|cant|p2a: Heatran|move: Taunt|Taunt\n|\n|upkeep\n|turn|76\n|\n|-end|p1a: Heatran|ability: Flash Fire|[silent]\n|switch|p1a: Keldeo|Keldeo-Resolute|100\/100\n|-damage|p1a: Keldeo|88\/100|[from] Spikes\n|-damage|p1a: Keldeo|82\/100|[from] Stealth Rock\n|-activate|p2a: Heatran|move: Struggle\n|move|p2a: Heatran|Struggle|p1a: Keldeo\n|-damage|p1a: Keldeo|72\/100\n|-damage|p2a: Heatran|75\/100|[from] recoil\n|\n|-heal|p1a: Keldeo|79\/100|[from] item: Leftovers\n|-heal|p2a: Heatran|82\/100|[from] item: Leftovers\n|upkeep\n|turn|77\n|\n|move|p1a: Keldeo|Calm Mind|p1a: Keldeo\n|-boost|p1a: Keldeo|spa|1\n|-boost|p1a: Keldeo|spd|1\n|-activate|p2a: Heatran|move: Struggle\n|move|p2a: Heatran|Struggle|p1a: Keldeo\n|-damage|p1a: Keldeo|70\/100\n|-damage|p2a: Heatran|56\/100|[from] recoil\n|\n|-heal|p1a: Keldeo|76\/100|[from] item: Leftovers\n|-heal|p2a: Heatran|63\/100|[from] item: Leftovers\n|-end|p2a: Heatran|move: Taunt\n|upkeep\n|turn|78\n|\n|move|p1a: Keldeo|Secret Sword|p2a: Heatran\n|-supereffective|p2a: Heatran\n|-damage|p2a: Heatran|0 fnt\n|faint|p2a: Heatran\n|\n|-heal|p1a: Keldeo|82\/100|[from] item: Leftovers\n|upkeep\n|\n|switch|p2a: Venusaur|Venusaur-Mega, M|26\/100\n|-damage|p2a: Venusaur|14\/100|[from] Spikes\n|-damage|p2a: Venusaur|2\/100|[from] Stealth Rock\n|turn|79\n|\n|move|p1a: Keldeo|Scald|p2a: Venusaur\n|-resisted|p2a: Venusaur\n|-damage|p2a: Venusaur|0 fnt\n|faint|p2a: Venusaur\n|\n|win|Moskito Cup\n|c|\u2606Moskito Cup|\/log Moskito Cup made this room public.\n","uploadtime":1592176665,"views":180,"p1id":"moskitocup","p2id":"chessrobot","formatid":"gen7ou","rating":0,"private":0,"password":null}