{"id":"gen7randombattle-1139670181","p1":"charliepoo","p2":"BaddyGames","format":"gen7randombattle","log":"|j|\u2606charliepoo\n|j|\u2606BaddyGames\n|player|p1|charliepoo|170|\n|player|p2|BaddyGames|275|\n|teamsize|p1|6\n|teamsize|p2|6\n|gametype|singles\n|gen|7\n|tier|[Gen 7] Random Battle\n|rule|Sleep Clause Mod: Limit one foe put to sleep\n|rule|HP Percentage Mod: HP is shown in percentages\n|\n|start\n|switch|p1a: Solrock|Solrock, L88|302\/302\n|switch|p2a: Luxray|Luxray, L88, F|284\/284\n|turn|1\n|c|\u2606BaddyGames|hf\n|\n|move|p1a: Solrock|Stealth Rock|p2a: Luxray\n|-sidestart|p2: BaddyGames|move: Stealth Rock\n|move|p2a: Luxray|Volt Switch|p1a: Solrock\n|-damage|p1a: Solrock|202\/302\n|c|\u2606charliepoo|glhf\n|\n|switch|p2a: Mudsdale|Mudsdale, L88, M|319\/319\n|-damage|p2a: Mudsdale|300\/319|[from] Stealth Rock\n|\n|-heal|p2a: Mudsdale|319\/319|[from] item: Leftovers\n|upkeep\n|turn|2\n|\n|switch|p1a: Vileplume|Vileplume, L86, M|269\/269\n|move|p2a: Mudsdale|Stealth Rock|p1a: Vileplume\n|-sidestart|p1: charliepoo|move: Stealth Rock\n|\n|upkeep\n|turn|3\n|\n|switch|p2a: Luxray|Luxray, L88, F|284\/284\n|-damage|p2a: Luxray|249\/284|[from] Stealth Rock\n|move|p1a: Vileplume|Sludge Bomb|p2a: Luxray\n|-damage|p2a: Luxray|103\/284\n|-damage|p1a: Vileplume|243\/269|[from] item: Life Orb\n|\n|-status|p2a: Luxray|brn|[from] item: Flame Orb\n|upkeep\n|turn|4\n|\n|move|p2a: Luxray|Facade|p1a: Vileplume\n|-crit|p1a: Vileplume\n|-damage|p1a: Vileplume|0 fnt\n|faint|p1a: Vileplume\n|\n|-damage|p2a: Luxray|86\/284 brn|[from] brn\n|upkeep\n|\n|switch|p1a: Basculin|Basculin-Blue-Striped, L88, M|266\/266\n|-damage|p1a: Basculin|233\/266|[from] Stealth Rock\n|turn|5\n|\n|move|p1a: Basculin|Liquidation|p2a: Luxray\n|-damage|p2a: Luxray|0 fnt\n|faint|p2a: Luxray\n|\n|upkeep\n|\n|switch|p2a: Abomasnow|Abomasnow, L86, F|295\/295\n|-damage|p2a: Abomasnow|222\/295|[from] Stealth Rock\n|-weather|Hail|[from] ability: Snow Warning|[of] p2a: Abomasnow\n|turn|6\n|\n|switch|p1a: Solrock|Solrock, L88|202\/302\n|-damage|p1a: Solrock|165\/302|[from] Stealth Rock\n|detailschange|p2a: Abomasnow|Abomasnow-Mega, L86, F\n|-mega|p2a: Abomasnow|Abomasnow|Abomasite\n|move|p2a: Abomasnow|Giga Drain|p1a: Solrock\n|-supereffective|p1a: Solrock\n|-damage|p1a: Solrock|0 fnt\n|-heal|p2a: Abomasnow|295\/295|[from] drain|[of] p1a: Solrock\n|faint|p1a: Solrock\n|\n|-weather|Hail|[upkeep]\n|upkeep\n|\n|switch|p1a: Zangoose|Zangoose, L88, M|272\/272\n|-damage|p1a: Zangoose|238\/272|[from] Stealth Rock\n|turn|7\n|\n|switch|p2a: Mudsdale|Mudsdale, L88, M|319\/319\n|-damage|p2a: Mudsdale|300\/319|[from] Stealth Rock\n|move|p1a: Zangoose|Close Combat|p2a: Mudsdale\n|-damage|p2a: Mudsdale|206\/319\n|-unboost|p1a: Zangoose|def|1\n|-unboost|p1a: Zangoose|spd|1\n|-ability|p2a: Mudsdale|Stamina|boost\n|-boost|p2a: Mudsdale|def|1\n|\n|-weather|Hail|[upkeep]\n|-damage|p1a: Zangoose|221\/272|[from] Hail\n|-damage|p2a: Mudsdale|187\/319|[from] Hail\n|-heal|p2a: Mudsdale|206\/319|[from] item: Leftovers\n|-status|p1a: Zangoose|tox|[from] item: Toxic Orb\n|upkeep\n|turn|8\n|\n|move|p1a: Zangoose|Swords Dance|p1a: Zangoose\n|-boost|p1a: Zangoose|atk|2\n|move|p2a: Mudsdale|Earthquake|p1a: Zangoose\n|-damage|p1a: Zangoose|0 fnt\n|faint|p1a: Zangoose\n|\n|-weather|Hail|[upkeep]\n|-damage|p2a: Mudsdale|187\/319|[from] Hail\n|-heal|p2a: Mudsdale|206\/319|[from] item: Leftovers\n|upkeep\n|\n|switch|p1a: Basculin|Basculin-Blue-Striped, L88, M|233\/266\n|-damage|p1a: Basculin|200\/266|[from] Stealth Rock\n|turn|9\n|\n|move|p1a: Basculin|Liquidation|p2a: Mudsdale\n|-supereffective|p2a: Mudsdale\n|-damage|p2a: Mudsdale|0 fnt\n|faint|p2a: Mudsdale\n|\n|-weather|Hail|[upkeep]\n|-damage|p1a: Basculin|184\/266|[from] Hail\n|upkeep\n|\n|switch|p2a: Abomasnow|Abomasnow-Mega, L86, F|295\/295\n|-damage|p2a: Abomasnow|222\/295|[from] Stealth Rock\n|turn|10\n|\n|move|p1a: Basculin|Liquidation|p2a: Abomasnow\n|-resisted|p2a: Abomasnow\n|-damage|p2a: Abomasnow|138\/295\n|move|p2a: Abomasnow|Giga Drain|p1a: Basculin\n|-supereffective|p1a: Basculin\n|-damage|p1a: Basculin|0 fnt\n|-heal|p2a: Abomasnow|230\/295|[from] drain|[of] p1a: Basculin\n|faint|p1a: Basculin\n|\n|-weather|none\n|upkeep\n|\n|switch|p1a: Banette|Banette, L84, M|245\/245\n|-damage|p1a: Banette|215\/245|[from] Stealth Rock\n|turn|11\n|\n|switch|p2a: Blissey|Blissey, L82, F|552\/552\n|-damage|p2a: Blissey|483\/552|[from] Stealth Rock\n|detailschange|p1a: Banette|Banette-Mega, L84, M\n|-mega|p1a: Banette|Banette|Banettite\n|move|p1a: Banette|Will-O-Wisp|p2a: Blissey\n|-status|p2a: Blissey|brn\n|\n|-heal|p2a: Blissey|517\/552 brn|[from] item: Leftovers\n|-damage|p2a: Blissey|483\/552 brn|[from] brn\n|upkeep\n|turn|12\n|\n|move|p1a: Banette|Taunt|p2a: Blissey\n|-start|p2a: Blissey|move: Taunt\n|cant|p2a: Blissey|move: Taunt|Toxic\n|\n|-heal|p2a: Blissey|517\/552 brn|[from] item: Leftovers\n|-damage|p2a: Blissey|483\/552 brn|[from] brn\n|upkeep\n|turn|13\n|\n|switch|p2a: Stunfisk|Stunfisk, L88, F|335\/335\n|-damage|p2a: Stunfisk|315\/335|[from] Stealth Rock\n|move|p1a: Banette|Knock Off|p2a: Stunfisk\n|-damage|p2a: Stunfisk|207\/335\n|-status|p1a: Banette|par|[from] ability: Static|[of] p2a: Stunfisk\n|-enditem|p2a: Stunfisk|Leftovers|[from] move: Knock Off|[of] p1a: Banette\n|\n|upkeep\n|turn|14\n|\n|move|p2a: Stunfisk|Discharge|p1a: Banette\n|-damage|p1a: Banette|128\/245 par\n|move|p1a: Banette|Shadow Claw|p2a: Stunfisk\n|-damage|p2a: Stunfisk|95\/335\n|\n|upkeep\n|turn|15\n|\n|move|p2a: Stunfisk|Rest|p2a: Stunfisk\n|-status|p2a: Stunfisk|slp|[from] move: Rest\n|-heal|p2a: Stunfisk|335\/335 slp|[silent]\n|cant|p1a: Banette|par\n|\n|upkeep\n|turn|16\n|\n|cant|p2a: Stunfisk|slp\n|move|p2a: Stunfisk|Sleep Talk|p2a: Stunfisk\n|move|p2a: Stunfisk|Discharge|p1a: Banette|[from]Sleep Talk\n|-damage|p1a: Banette|49\/245 par\n|cant|p1a: Banette|par\n|\n|upkeep\n|turn|17\n|\n|cant|p2a: Stunfisk|slp\n|move|p2a: Stunfisk|Sleep Talk|p2a: Stunfisk\n|move|p2a: Stunfisk|Rest|p2a: Stunfisk|[from]Sleep Talk\n|-fail|p2a: Stunfisk|heal\n|move|p1a: Banette|Shadow Claw|p2a: Stunfisk\n|-damage|p2a: Stunfisk|214\/335 slp\n|\n|upkeep\n|turn|18\n|\n|-curestatus|p2a: Stunfisk|slp|[msg]\n|move|p2a: Stunfisk|Discharge|p1a: Banette\n|-damage|p1a: Banette|0 fnt\n|faint|p1a: Banette\n|\n|upkeep\n|\n|switch|p1a: Hawlucha|Hawlucha, L80, F|256\/256\n|-damage|p1a: Hawlucha|224\/256|[from] Stealth Rock\n|turn|19\n|\n|move|p1a: Hawlucha|Swords Dance|p1a: Hawlucha\n|-boost|p1a: Hawlucha|atk|2\n|move|p2a: Stunfisk|Toxic|p1a: Hawlucha\n|-status|p1a: Hawlucha|tox\n|\n|-damage|p1a: Hawlucha|208\/256 tox|[from] psn\n|upkeep\n|turn|20\n|\n|move|p1a: Hawlucha|High Jump Kick|p2a: Stunfisk\n|-damage|p2a: Stunfisk|0 fnt\n|faint|p2a: Stunfisk\n|\n|-damage|p1a: Hawlucha|176\/256 tox|[from] psn\n|upkeep\n|\n|switch|p2a: Blissey|Blissey, L82, F|483\/552\n|-damage|p2a: Blissey|414\/552|[from] Stealth Rock\n|turn|21\n|\n|move|p2a: Blissey|Protect|p2a: Blissey\n|-singleturn|p2a: Blissey|Protect\n|move|p1a: Hawlucha|Acrobatics|p2a: Blissey\n|-activate|p2a: Blissey|move: Protect\n|\n|-heal|p2a: Blissey|448\/552|[from] item: Leftovers\n|-damage|p1a: Hawlucha|128\/256 tox|[from] psn\n|upkeep\n|-enditem|p1a: Hawlucha|Sitrus Berry|[eat]\n|-heal|p1a: Hawlucha|192\/256 tox|[from] item: Sitrus Berry\n|turn|22\n|\n|switch|p2a: Keldeo|Keldeo, L80|277\/277\n|-damage|p2a: Keldeo|260\/277|[from] Stealth Rock\n|move|p1a: Hawlucha|Acrobatics|p2a: Keldeo\n|-supereffective|p2a: Keldeo\n|-damage|p2a: Keldeo|0 fnt\n|faint|p2a: Keldeo\n|\n|-damage|p1a: Hawlucha|128\/256 tox|[from] psn\n|upkeep\n|\n|switch|p2a: Blissey|Blissey, L82, F|448\/552\n|-damage|p2a: Blissey|379\/552|[from] Stealth Rock\n|turn|23\n|\n|move|p2a: Blissey|Protect|p2a: Blissey\n|-singleturn|p2a: Blissey|Protect\n|move|p1a: Hawlucha|Acrobatics|p2a: Blissey\n|-activate|p2a: Blissey|move: Protect\n|\n|-heal|p2a: Blissey|413\/552|[from] item: Leftovers\n|-damage|p1a: Hawlucha|48\/256 tox|[from] psn\n|upkeep\n|turn|24\n|\n|move|p1a: Hawlucha|Acrobatics|p2a: Blissey\n|-damage|p2a: Blissey|0 fnt\n|faint|p2a: Blissey\n|\n|-damage|p1a: Hawlucha|0 fnt|[from] psn\n|faint|p1a: Hawlucha\n|\n|win|BaddyGames\n|upkeep\n|c|\u2606BaddyGames|gg\n","inputlog":">version 0e0ad1f3d8d403304322b841bb20ad0f7a94dee2\n>start {\"formatid\":\"gen7randombattle\",\"seed\":[14648,18246,17992,31901]}\n>player p1 {\"name\":\"charliepoo\",\"avatar\":\"170\",\"team\":\"\",\"rating\":0,\"seed\":[9502,5486,29522,1579]}\n>player p2 {\"name\":\"BaddyGames\",\"avatar\":\"275\",\"team\":\"\",\"rating\":0,\"seed\":[19373,30876,13368,56961]}\n>p1 move stealthrock\n>p2 move voltswitch\n>p2 switch 3\n>p1 switch 3\n>p2 move stealthrock\n>p1 move sludgebomb\n>p2 switch 3\n>p1 move sludgebomb\n>p2 move facade\n>p1 switch 6\n>p1 move liquidation\n>p2 move wildcharge\n>p2 switch 6\n>p1 switch 3\n>p2 move gigadrain mega\n>p1 switch 2\n>p1 move closecombat\n>p2 switch 3\n>p1 move swordsdance\n>p2 move earthquake\n>p1 switch 3\n>p1 move liquidation\n>p2 move earthquake\n>p2 switch 3\n>p1 move liquidation\n>p2 move gigadrain\n>p1 switch 4\n>p1 move willowisp mega\n>p2 switch 5\n>p1 move taunt\n>p2 move toxic\n>p1 move knockoff\n>p2 switch 4\n>p1 move shadowclaw\n>p2 move discharge\n>p1 move shadowclaw\n>p2 move rest\n>p1 move shadowclaw\n>p2 move sleeptalk\n>p1 move shadowclaw\n>p2 move sleeptalk\n>p1 move shadowclaw\n>p2 move discharge\n>p1 switch 5\n>p1 move swordsdance\n>p2 move toxic\n>p1 move highjumpkick\n>p2 move rest\n>p2 switch 4\n>p1 move acrobatics\n>p2 move protect\n>p1 move acrobatics\n>p2 switch 2\n>p2 switch 2\n>p1 move acrobatics\n>p2 move protect\n>p1 move acrobatics\n>p2 move softboiled","uploadtime":1593120532,"views":6,"p1id":"charliepoo","p2id":"baddygames","formatid":"gen7randombattle","rating":0,"private":0,"password":null}