{"id":"gen7battlefactory-822382811","p1":"CarlyBae","p2":"googlethis","format":"gen7battlefactory","log":"|j|\u2606CarlyBae\n|j|\u2606googlethis\n|player|p1|CarlyBae|266\n|player|p2|googlethis|265\n|teamsize|p1|6\n|teamsize|p2|6\n|gametype|singles\n|gen|7\n|tier|[Gen 7] Battle Factory\n|rated|\n|seed|64422,24602,58060,33025\n|rule|Sleep Clause Mod: Limit one foe put to sleep\n|clearpoke\n|poke|p1|Guzzlord|item\n|poke|p1|Probopass, M|item\n|poke|p1|Decidueye, M|item\n|poke|p1|Heliolisk, M|item\n|poke|p1|Hariyama, M|item\n|poke|p1|Golbat, M|item\n|poke|p2|Type: Null|item\n|poke|p2|Palossand, M|item\n|poke|p2|Kabutops, F|item\n|poke|p2|Whimsicott, F|item\n|poke|p2|Quagsire, M|item\n|poke|p2|Guzzlord|item\n|rule|HP Percentage Mod: HP is shown in percentages\n|rule|Mega Rayquaza Clause: You cannot mega evolve Rayquaza\n|teampreview\n|\n|start\n|switch|p1a: Probopass|Probopass, M|304\/304\n|switch|p2a: Palossand|Palossand, M|374\/374\n|-item|p1a: Probopass|Air Balloon\n|turn|1\n|\n|move|p1a: Probopass|Stealth Rock|p2a: Palossand\n|-sidestart|p2: googlethis|move: Stealth Rock\n|move|p2a: Palossand|Stealth Rock|p1a: Probopass\n|-sidestart|p1: CarlyBae|move: Stealth Rock\n|\n|upkeep\n|turn|2\n|\n|move|p1a: Probopass|Earth Power|p2a: Palossand\n|-damage|p2a: Palossand|268\/374\n|move|p2a: Palossand|Shadow Ball|p1a: Probopass\n|-damage|p1a: Probopass|241\/304\n|-enditem|p1a: Probopass|Air Balloon\n|-unboost|p1a: Probopass|spd|1\n|\n|upkeep\n|turn|3\n|\n|move|p1a: Probopass|Magnet Rise|p1a: Probopass\n|-start|p1a: Probopass|Magnet Rise\n|move|p2a: Palossand|Shadow Ball|p1a: Probopass\n|-damage|p1a: Probopass|135\/304\n|\n|upkeep\n|turn|4\n|\n|switch|p1a: Guzzlord|Guzzlord|587\/587\n|-damage|p1a: Guzzlord|514\/587|[from] Stealth Rock\n|move|p2a: Palossand|Shadow Ball|p1a: Guzzlord\n|-resisted|p1a: Guzzlord\n|-damage|p1a: Guzzlord|445\/587\n|-unboost|p1a: Guzzlord|spd|1\n|\n|upkeep\n|turn|5\n|\n|switch|p2a: Whimsicott|Whimsicott, F|261\/261\n|-damage|p2a: Whimsicott|229\/261|[from] Stealth Rock\n|move|p1a: Guzzlord|Heavy Slam|p2a: Whimsicott\n|-supereffective|p2a: Whimsicott\n|-damage|p2a: Whimsicott|45\/261\n|\n|upkeep\n|turn|6\n|c|\u2606googlethis|owch\n|\n|switch|p1a: Probopass|Probopass, M|135\/304\n|-damage|p1a: Probopass|116\/304|[from] Stealth Rock\n|move|p2a: Whimsicott|Moonblast|p1a: Probopass\n|-resisted|p1a: Probopass\n|-damage|p1a: Probopass|59\/304\n|-unboost|p1a: Probopass|spa|1\n|-damage|p2a: Whimsicott|19\/261|[from] item: Life Orb\n|\n|upkeep\n|turn|7\n|\n|move|p2a: Whimsicott|Energy Ball|p1a: Probopass\n|-damage|p1a: Probopass|0 fnt\n|-damage|p2a: Whimsicott|0 fnt|[from] item: Life Orb\n|faint|p1a: Probopass\n|faint|p2a: Whimsicott\n|\n|upkeep\n|\n|switch|p2a: Palossand|Palossand, M|268\/374\n|switch|p1a: Decidueye|Decidueye, M|360\/360\n|-damage|p1a: Decidueye|315\/360|[from] Stealth Rock\n|-damage|p2a: Palossand|245\/374|[from] Stealth Rock\n|turn|8\n|\n|switch|p2a: Guzzlord|Guzzlord|587\/587\n|-damage|p2a: Guzzlord|514\/587|[from] Stealth Rock\n|move|p1a: Decidueye|U-turn|p2a: Guzzlord\n|-supereffective|p2a: Guzzlord\n|-damage|p2a: Guzzlord|334\/587\n|\n|switch|p1a: Hariyama|Hariyama, M|429\/429|[from]move: U-turn\n|-damage|p1a: Hariyama|403\/429|[from] Stealth Rock\n|\n|-status|p1a: Hariyama|brn|[from] item: Flame Orb\n|upkeep\n|turn|9\n|\n|switch|p2a: Quagsire|Quagsire, M|394\/394\n|-damage|p2a: Quagsire|370\/394|[from] Stealth Rock\n|move|p1a: Hariyama|Close Combat|p2a: Quagsire\n|-damage|p2a: Quagsire|103\/394\n|-unboost|p1a: Hariyama|def|1\n|-unboost|p1a: Hariyama|spd|1\n|\n|-heal|p2a: Quagsire|127\/394|[from] item: Leftovers\n|-damage|p1a: Hariyama|377\/429 brn|[from] brn\n|upkeep\n|turn|10\n|\n|move|p1a: Hariyama|Close Combat|p2a: Quagsire\n|-damage|p2a: Quagsire|0 fnt\n|-unboost|p1a: Hariyama|def|1\n|-unboost|p1a: Hariyama|spd|1\n|faint|p2a: Quagsire\n|\n|-damage|p1a: Hariyama|351\/429 brn|[from] brn\n|upkeep\n|\n|switch|p2a: Kabutops|Kabutops, F|261\/261\n|-damage|p2a: Kabutops|229\/261|[from] Stealth Rock\n|turn|11\n|\n|move|p2a: Kabutops|Liquidation|p1a: Hariyama\n|-damage|p1a: Hariyama|0 fnt\n|faint|p1a: Hariyama\n|\n|upkeep\n|\n|switch|p1a: Heliolisk|Heliolisk, M|265\/265\n|-damage|p1a: Heliolisk|232\/265|[from] Stealth Rock\n|turn|12\n|\n|switch|p2a: Palossand|Palossand, M|245\/374\n|-damage|p2a: Palossand|222\/374|[from] Stealth Rock\n|move|p1a: Heliolisk|Surf|p2a: Palossand\n|-supereffective|p2a: Palossand\n|-damage|p2a: Palossand|0 fnt\n|-damage|p1a: Heliolisk|206\/265|[from] item: Life Orb\n|faint|p2a: Palossand\n|\n|upkeep\n|\n|switch|p2a: Type: Null|Type: Null|394\/394\n|-damage|p2a: Type: Null|345\/394|[from] Stealth Rock\n|turn|13\n|\n|move|p1a: Heliolisk|Volt Switch|p2a: Type: Null\n|-damage|p2a: Type: Null|274\/394\n|-damage|p1a: Heliolisk|180\/265|[from] item: Life Orb\n|\n|switch|p1a: Golbat|Golbat, M|353\/353|[from]move: Volt Switch\n|-damage|p1a: Golbat|265\/353|[from] Stealth Rock\n|move|p2a: Type: Null|U-turn|p1a: Golbat\n|-resisted|p1a: Golbat\n|-damage|p1a: Golbat|255\/353\n|\n|switch|p2a: Kabutops|Kabutops, F|229\/261|[from]move: U-turn\n|-damage|p2a: Kabutops|197\/261|[from] Stealth Rock\n|\n|upkeep\n|turn|14\n|\n|switch|p1a: Decidueye|Decidueye, M|315\/360\n|-damage|p1a: Decidueye|270\/360|[from] Stealth Rock\n|move|p2a: Kabutops|Stone Edge|p1a: Decidueye\n|-damage|p1a: Decidueye|123\/360\n|\n|-heal|p1a: Decidueye|145\/360|[from] item: Leftovers\n|upkeep\n|turn|15\n|\n|move|p2a: Kabutops|Stone Edge|p1a: Decidueye\n|-damage|p1a: Decidueye|0 fnt\n|faint|p1a: Decidueye\n|\n|upkeep\n|\n|switch|p1a: Heliolisk|Heliolisk, M|180\/265\n|-damage|p1a: Heliolisk|147\/265|[from] Stealth Rock\n|turn|16\n|\n|switch|p2a: Type: Null|Type: Null|274\/394\n|-damage|p2a: Type: Null|225\/394|[from] Stealth Rock\n|move|p1a: Heliolisk|Volt Switch|p2a: Type: Null\n|-damage|p2a: Type: Null|147\/394\n|-damage|p1a: Heliolisk|121\/265|[from] item: Life Orb\n|\n|switch|p1a: Golbat|Golbat, M|255\/353|[from]move: Volt Switch\n|-damage|p1a: Golbat|167\/353|[from] Stealth Rock\n|\n|upkeep\n|turn|17\n|\n|move|p1a: Golbat|Taunt|p2a: Type: Null\n|-start|p2a: Type: Null|move: Taunt\n|cant|p2a: Type: Null|move: Taunt|Rest\n|\n|upkeep\n|turn|18\n|\n|move|p1a: Golbat|Roost|p1a: Golbat\n|-heal|p1a: Golbat|344\/353\n|move|p2a: Type: Null|Frustration|p1a: Golbat\n|-damage|p1a: Golbat|248\/353\n|\n|upkeep\n|turn|19\n|\n|switch|p2a: Kabutops|Kabutops, F|197\/261\n|-damage|p2a: Kabutops|165\/261|[from] Stealth Rock\n|move|p1a: Golbat|Toxic|p2a: Kabutops\n|-status|p2a: Kabutops|tox\n|\n|-damage|p2a: Kabutops|149\/261 tox|[from] psn\n|upkeep\n|turn|20\n|\n|move|p1a: Golbat|Roost|p1a: Golbat\n|-heal|p1a: Golbat|353\/353\n|-zpower|p2a: Kabutops\n|move|p2a: Kabutops|Continental Crush|p1a: Golbat|[zeffect]\n|-damage|p1a: Golbat|107\/353\n|\n|-damage|p2a: Kabutops|117\/261 tox|[from] psn\n|upkeep\n|turn|21\n|\n|move|p2a: Kabutops|Aqua Jet|p1a: Golbat\n|-damage|p1a: Golbat|50\/353\n|move|p1a: Golbat|Roost|p1a: Golbat\n|-heal|p1a: Golbat|227\/353\n|\n|-damage|p2a: Kabutops|69\/261 tox|[from] psn\n|upkeep\n|turn|22\n|\n|move|p1a: Golbat|Roost|p1a: Golbat\n|-heal|p1a: Golbat|353\/353\n|move|p2a: Kabutops|Liquidation|p1a: Golbat\n|-damage|p1a: Golbat|227\/353\n|\n|-damage|p2a: Kabutops|5\/261 tox|[from] psn\n|upkeep\n|turn|23\n|\n|move|p1a: Golbat|Roost|p1a: Golbat\n|-heal|p1a: Golbat|353\/353\n|move|p2a: Kabutops|Stone Edge|p1a: Golbat\n|-damage|p1a: Golbat|217\/353\n|\n|-damage|p2a: Kabutops|0 fnt|[from] psn\n|upkeep\n|faint|p2a: Kabutops\n|\n|switch|p2a: Guzzlord|Guzzlord|334\/587\n|-damage|p2a: Guzzlord|261\/587|[from] Stealth Rock\n|turn|24\n|\n|move|p1a: Golbat|Toxic|p2a: Guzzlord\n|-status|p2a: Guzzlord|tox\n|move|p2a: Guzzlord|Draco Meteor|p1a: Golbat\n|-damage|p1a: Golbat|0 fnt\n|-unboost|p2a: Guzzlord|spa|2\n|faint|p1a: Golbat\n|-ability|p2a: Guzzlord|Beast Boost|boost\n|-boost|p2a: Guzzlord|spa|1\n|\n|-damage|p2a: Guzzlord|225\/587 tox|[from] psn\n|upkeep\n|\n|switch|p1a: Heliolisk|Heliolisk, M|121\/265\n|-damage|p1a: Heliolisk|88\/265|[from] Stealth Rock\n|turn|25\n|\n|move|p1a: Heliolisk|Hyper Voice|p2a: Guzzlord\n|-damage|p2a: Guzzlord|0 fnt\n|-damage|p1a: Heliolisk|62\/265|[from] item: Life Orb\n|faint|p2a: Guzzlord\n|\n|upkeep\n|\n|switch|p2a: Type: Null|Type: Null|147\/394\n|-damage|p2a: Type: Null|98\/394|[from] Stealth Rock\n|turn|26\n|\n|move|p1a: Heliolisk|Hyper Voice|p2a: Type: Null\n|-damage|p2a: Type: Null|8\/394\n|-damage|p1a: Heliolisk|36\/265|[from] item: Life Orb\n|move|p2a: Type: Null|Rest|p2a: Type: Null\n|-status|p2a: Type: Null|slp\n|-heal|p2a: Type: Null|394\/394 slp|[silent]\n|-status|p2a: Type: Null|slp|[from] move: Rest\n|\n|upkeep\n|turn|27\n|c|\u2606CarlyBae|gg\n|c|\u2606googlethis|gg\n|\n|move|p1a: Heliolisk|Hyper Voice|p2a: Type: Null\n|-damage|p2a: Type: Null|303\/394 slp\n|-damage|p1a: Heliolisk|10\/265|[from] item: Life Orb\n|cant|p2a: Type: Null|slp\n|move|p2a: Type: Null|Sleep Talk|p2a: Type: Null\n|move|p2a: Type: Null|U-turn|p1a: Heliolisk|[from]Sleep Talk\n|-damage|p1a: Heliolisk|0 fnt\n|faint|p1a: Heliolisk\n|\n|upkeep\n|\n|switch|p1a: Guzzlord|Guzzlord|445\/587\n|-damage|p1a: Guzzlord|372\/587|[from] Stealth Rock\n|turn|28\n|\n|-zpower|p1a: Guzzlord\n|move|p1a: Guzzlord|Devastating Drake|p2a: Type: Null|[zeffect]\n|-damage|p2a: Type: Null|150\/394 slp\n|cant|p2a: Type: Null|slp\n|move|p2a: Type: Null|Sleep Talk|p2a: Type: Null\n|move|p2a: Type: Null|Rest|p2a: Type: Null|[from]Sleep Talk\n|-fail|p2a: Type: Null\n|\n|upkeep\n|turn|29\n|\n|move|p1a: Guzzlord|Dark Pulse|p2a: Type: Null\n|-damage|p2a: Type: Null|83\/394 slp\n|-curestatus|p2a: Type: Null|slp|[msg]\n|cant|p2a: Type: Null|flinch\n|\n|upkeep\n|turn|30\n|\n|move|p1a: Guzzlord|Draco Meteor|p2a: Type: Null\n|-damage|p2a: Type: Null|0 fnt\n|faint|p2a: Type: Null\n|\n|win|CarlyBae\n|l|\u2606googlethis\n|raw|CarlyBae's rating: 1339 &rarr; <strong>1357<\/strong><br \/>(+18 for winning)\n|raw|googlethis's rating: 1310 &rarr; <strong>1292<\/strong><br \/>(-18 for losing)\n","inputlog":">version dc92d302d73fe38280560fccaee55a5802f1bb9d\n>start {\"formatid\":\"gen7battlefactory\",\"seed\":[64422,24602,58060,33025],\"rated\":\"Rated battle\"}\n>player p1 {\"name\":\"CarlyBae\",\"avatar\":\"266\",\"team\":\"\"}\n>player p2 {\"name\":\"googlethis\",\"avatar\":\"265\",\"team\":\"\"}\n>p1 team 2, 1, 3, 4, 5, 6\n>p2 team 2, 1, 3, 4, 5, 6\n>p1 move stealthrock\n>p2 move stealthrock\n>p1 move earthpower\n>p2 move shadowball\n>p1 move magnetrise\n>p2 move shadowball\n>p1 switch 2\n>p2 move shadowball\n>p1 move heavyslam\n>p2 switch 4\n>p1 switch 2\n>p2 move moonblast\n>p1 move earthpower\n>p2 move energyball\n>p1 switch 3\n>p2 switch 4\n>p1 move uturn\n>p2 switch 6\n>p1 switch 5\n>p1 move closecombat\n>p2 switch 5\n>p1 move closecombat\n>p2 move earthquake\n>p2 switch 3\n>p1 move closecombat\n>p2 move liquidation\n>p1 switch 4\n>p1 move surf\n>p2 switch 6\n>p2 switch 2\n>p1 move voltswitch\n>p2 move uturn\n>p1 switch 6\n>p2 switch 6\n>p1 switch 5\n>p2 move stoneedge\n>p1 move roost\n>p2 move stoneedge\n>p1 switch 6\n>p1 move voltswitch\n>p2 switch 6\n>p1 switch 5\n>p1 move taunt\n>p2 move rest\n>p1 move roost\n>p2 move frustration\n>p1 move toxic\n>p2 switch 6\n>p1 move roost\n>p2 move stoneedge zmove\n>p1 move roost\n>p2 move aquajet\n>p1 move roost\n>p2 move liquidation\n>p1 move roost\n>p2 move stoneedge\n>p2 switch 5\n>p1 move toxic\n>p2 move dracometeor\n>p1 switch 5\n>p1 move hypervoice\n>p2 move dracometeor\n>p2 switch 6\n>p1 move hypervoice\n>p2 move rest\n>p1 move hypervoice\n>p2 move sleeptalk\n>p1 switch 2\n>p1 move dracometeor zmove\n>p2 move sleeptalk\n>p1 move darkpulse\n>p2 move rest\n>p1 move dracometeor\n>p2 move rest","uploadtime":1539914193,"views":20,"p1id":"carlybae","p2id":"googlethis","formatid":"gen7battlefactory","rating":1292,"private":0,"password":null}