{"id":"gen7ou-1397672624","p1":"Therockcena","p2":"FildrongEstNul","format":"gen7ou","log":"|j|\u2606Therockcena\n|j|\u203dFildrongEstNul\n|t:|1629127803\n|gametype|singles\n|player|p1|Therockcena|169|1399\n|player|p2|FildrongEstNul|170|1446\n|teamsize|p1|6\n|teamsize|p2|6\n|gen|7\n|tier|[Gen 7] OU\n|rated|\n|rule|Sleep Clause Mod: Limit one foe put to sleep\n|rule|Species Clause: Limit one of each Pok\u00e9mon\n|rule|OHKO Clause: OHKO moves are banned\n|rule|Moody Clause: Moody is banned\n|rule|Evasion Moves Clause: Evasion moves are banned\n|rule|Endless Battle Clause: Forcing endless battles is banned\n|rule|HP Percentage Mod: HP is shown in percentages\n|clearpoke\n|poke|p1|Charizard, F|item\n|poke|p1|Latios, M|item\n|poke|p1|Victini|item\n|poke|p1|Tapu Koko|item\n|poke|p1|Tornadus-Therian, M|item\n|poke|p1|Landorus-Therian, M|item\n|poke|p2|Venusaur, F|item\n|poke|p2|Bisharp, F|item\n|poke|p2|Keldeo|item\n|poke|p2|Chansey, F|item\n|poke|p2|Heatran, F|item\n|poke|p2|Skarmory, F|item\n|teampreview\n|inactive|Battle timer is ON: inactive players will automatically lose when time's up. (requested by FildrongEstNul)\n|\n|t:|1629127815\n|start\n|switch|p1a: Charizard|Charizard, F|100\/100\n|switch|p2a: Chansey|Chansey, F|100\/100\n|turn|1\n|\n|t:|1629127818\n|switch|p1a: Tornadus|Tornadus-Therian, M|100\/100\n|move|p2a: Chansey|Thunder Wave|p1a: Tornadus\n|-status|p1a: Tornadus|par\n|\n|upkeep\n|turn|2\n|\n|t:|1629127820\n|move|p1a: Tornadus|Knock Off|p2a: Chansey\n|-damage|p2a: Chansey|86\/100\n|-enditem|p2a: Chansey|Eviolite|[from] move: Knock Off|[of] p1a: Tornadus\n|move|p2a: Chansey|Seismic Toss|p1a: Tornadus\n|-damage|p1a: Tornadus|73\/100 par\n|\n|-heal|p1a: Tornadus|79\/100 par|[from] item: Leftovers\n|upkeep\n|turn|3\n|\n|t:|1629127825\n|cant|p1a: Tornadus|par\n|move|p2a: Chansey|Seismic Toss|p1a: Tornadus\n|-damage|p1a: Tornadus|51\/100 par\n|\n|-heal|p1a: Tornadus|57\/100 par|[from] item: Leftovers\n|upkeep\n|turn|4\n|\n|t:|1629127828\n|switch|p1a: Landorus|Landorus-Therian, M|100\/100\n|-ability|p1a: Landorus|Intimidate|boost\n|-unboost|p2a: Chansey|atk|1\n|move|p2a: Chansey|Seismic Toss|p1a: Landorus\n|-damage|p1a: Landorus|74\/100\n|\n|-heal|p1a: Landorus|80\/100|[from] item: Leftovers\n|upkeep\n|turn|5\n|\n|t:|1629127832\n|switch|p2a: Keldeo|Keldeo|100\/100\n|move|p1a: Landorus|U-turn|p2a: Keldeo\n|-resisted|p2a: Keldeo\n|-damage|p2a: Keldeo|87\/100\n|\n|t:|1629127834\n|switch|p1a: Charizard|Charizard, F|100\/100|[from]move: U-turn\n|\n|-heal|p2a: Keldeo|93\/100|[from] item: Leftovers\n|upkeep\n|turn|6\n|\n|t:|1629127836\n|detailschange|p1a: Charizard|Charizard-Mega-Y, F\n|-mega|p1a: Charizard|Charizard|Charizardite Y\n|-weather|SunnyDay|[from] ability: Drought|[of] p1a: Charizard\n|move|p2a: Keldeo|Substitute|p2a: Keldeo\n|-start|p2a: Keldeo|Substitute\n|-damage|p2a: Keldeo|69\/100\n|move|p1a: Charizard|Solar Beam||[still]\n|-prepare|p1a: Charizard|Solar Beam\n|-anim|p1a: Charizard|Solar Beam|p2a: Keldeo\n|-supereffective|p2a: Keldeo\n|-end|p2a: Keldeo|Substitute\n|\n|-weather|SunnyDay|[upkeep]\n|-heal|p2a: Keldeo|75\/100|[from] item: Leftovers\n|upkeep\n|turn|7\n|\n|t:|1629127841\n|move|p2a: Keldeo|Substitute|p2a: Keldeo\n|-start|p2a: Keldeo|Substitute\n|-damage|p2a: Keldeo|50\/100\n|move|p1a: Charizard|Solar Beam||[still]\n|-prepare|p1a: Charizard|Solar Beam\n|-anim|p1a: Charizard|Solar Beam|p2a: Keldeo\n|-supereffective|p2a: Keldeo\n|-crit|p2a: Keldeo\n|-end|p2a: Keldeo|Substitute\n|\n|-weather|SunnyDay|[upkeep]\n|-heal|p2a: Keldeo|56\/100|[from] item: Leftovers\n|upkeep\n|turn|8\n|\n|t:|1629127842\n|move|p2a: Keldeo|Substitute|p2a: Keldeo\n|-start|p2a: Keldeo|Substitute\n|-damage|p2a: Keldeo|31\/100\n|move|p1a: Charizard|Solar Beam||[still]\n|-prepare|p1a: Charizard|Solar Beam\n|-anim|p1a: Charizard|Solar Beam|p2a: Keldeo\n|-supereffective|p2a: Keldeo\n|-end|p2a: Keldeo|Substitute\n|\n|-weather|SunnyDay|[upkeep]\n|-heal|p2a: Keldeo|38\/100|[from] item: Leftovers\n|upkeep\n|turn|9\n|\n|t:|1629127844\n|move|p2a: Keldeo|Substitute|p2a: Keldeo\n|-start|p2a: Keldeo|Substitute\n|-damage|p2a: Keldeo|13\/100\n|move|p1a: Charizard|Solar Beam||[still]\n|-prepare|p1a: Charizard|Solar Beam\n|-anim|p1a: Charizard|Solar Beam|p2a: Keldeo\n|-supereffective|p2a: Keldeo\n|-end|p2a: Keldeo|Substitute\n|\n|-weather|SunnyDay|[upkeep]\n|-heal|p2a: Keldeo|19\/100|[from] item: Leftovers\n|upkeep\n|turn|10\n|\n|t:|1629127845\n|move|p2a: Keldeo|Scald|p1a: Charizard\n|-supereffective|p1a: Charizard\n|-crit|p1a: Charizard\n|-damage|p1a: Charizard|32\/100\n|move|p1a: Charizard|Solar Beam||[still]\n|-prepare|p1a: Charizard|Solar Beam\n|-anim|p1a: Charizard|Solar Beam|p2a: Keldeo\n|-supereffective|p2a: Keldeo\n|-damage|p2a: Keldeo|0 fnt\n|faint|p2a: Keldeo\n|\n|-weather|none\n|upkeep\n|\n|t:|1629127845\n|switch|p2a: Heatran|Heatran, F|100\/100\n|turn|11\n|\n|t:|1629127848\n|switch|p2a: Chansey|Chansey, F|86\/100\n|move|p1a: Charizard|Hidden Power|p2a: Chansey\n|-damage|p2a: Chansey|76\/100\n|\n|upkeep\n|turn|12\n|\n|t:|1629127851\n|switch|p1a: Landorus|Landorus-Therian, M|80\/100\n|-ability|p1a: Landorus|Intimidate|boost\n|-unboost|p2a: Chansey|atk|1\n|move|p2a: Chansey|Soft-Boiled|p2a: Chansey\n|-heal|p2a: Chansey|100\/100\n|\n|-heal|p1a: Landorus|86\/100|[from] item: Leftovers\n|upkeep\n|turn|13\n|\n|t:|1629127856\n|switch|p2a: Skarmory|Skarmory, F|100\/100\n|move|p1a: Landorus|Earthquake|p2a: Skarmory\n|-immune|p2a: Skarmory\n|\n|-heal|p1a: Landorus|92\/100|[from] item: Leftovers\n|upkeep\n|turn|14\n|\n|t:|1629127860\n|switch|p1a: Tapu Koko|Tapu Koko|100\/100\n|-fieldstart|move: Electric Terrain|[from] ability: Electric Surge|[of] p1a: Tapu Koko\n|move|p2a: Skarmory|Spikes|p1a: Tapu Koko\n|-sidestart|p1: Therockcena|Spikes\n|\n|upkeep\n|turn|15\n|\n|t:|1629127863\n|switch|p2a: Venusaur|Venusaur, F|100\/100\n|move|p1a: Tapu Koko|Volt Switch|p2a: Venusaur\n|-resisted|p2a: Venusaur\n|-damage|p2a: Venusaur|78\/100\n|\n|t:|1629127866\n|switch|p1a: Charizard|Charizard-Mega-Y, F|32\/100|[from]move: Volt Switch\n|-weather|SunnyDay|[from] ability: Drought|[of] p1a: Charizard\n|\n|-weather|SunnyDay|[upkeep]\n|upkeep\n|turn|16\n|\n|t:|1629127867\n|switch|p2a: Chansey|Chansey, F|100\/100\n|move|p1a: Charizard|Flamethrower|p2a: Chansey\n|-crit|p2a: Chansey\n|-damage|p2a: Chansey|49\/100\n|-status|p2a: Chansey|brn\n|\n|-weather|SunnyDay|[upkeep]\n|-damage|p2a: Chansey|43\/100 brn|[from] brn\n|upkeep\n|turn|17\n|\n|t:|1629127870\n|move|p1a: Charizard|Flamethrower|p2a: Chansey\n|-damage|p2a: Chansey|8\/100 brn\n|move|p2a: Chansey|Soft-Boiled|p2a: Chansey\n|-heal|p2a: Chansey|59\/100 brn\n|\n|-weather|SunnyDay|[upkeep]\n|-damage|p2a: Chansey|52\/100 brn|[from] brn\n|upkeep\n|turn|18\n|\n|t:|1629127872\n|move|p1a: Charizard|Flamethrower|p2a: Chansey\n|-damage|p2a: Chansey|21\/100 brn\n|move|p2a: Chansey|Soft-Boiled|p2a: Chansey\n|-heal|p2a: Chansey|71\/100 brn\n|\n|-weather|SunnyDay|[upkeep]\n|-damage|p2a: Chansey|65\/100 brn|[from] brn\n|-fieldend|move: Electric Terrain\n|upkeep\n|turn|19\n|\n|t:|1629127874\n|move|p1a: Charizard|Flamethrower|p2a: Chansey\n|-damage|p2a: Chansey|31\/100 brn\n|move|p2a: Chansey|Soft-Boiled|p2a: Chansey\n|-heal|p2a: Chansey|81\/100 brn\n|\n|-weather|none\n|-damage|p2a: Chansey|75\/100 brn|[from] brn\n|upkeep\n|turn|20\n|\n|t:|1629127878\n|switch|p1a: Tornadus|Tornadus-Therian, M|91\/100 par\n|move|p2a: Chansey|Soft-Boiled|p2a: Chansey\n|-heal|p2a: Chansey|100\/100 brn\n|\n|-heal|p1a: Tornadus|97\/100 par|[from] item: Leftovers\n|-damage|p2a: Chansey|94\/100 brn|[from] brn\n|upkeep\n|turn|21\n|\n|t:|1629127880\n|move|p1a: Tornadus|Defog|p2a: Chansey\n|-unboost|p2a: Chansey|evasion|1\n|-sideend|p1: Therockcena|Spikes|[from] move: Defog|[of] p1a: Tornadus\n|move|p2a: Chansey|Seismic Toss|p1a: Tornadus\n|-damage|p1a: Tornadus|69\/100 par\n|\n|-heal|p1a: Tornadus|75\/100 par|[from] item: Leftovers\n|-damage|p2a: Chansey|88\/100 brn|[from] brn\n|upkeep\n|turn|22\n|\n|t:|1629127889\n|switch|p1a: Charizard|Charizard-Mega-Y, F|32\/100\n|-weather|SunnyDay|[from] ability: Drought|[of] p1a: Charizard\n|move|p2a: Chansey|Seismic Toss|p1a: Charizard\n|-damage|p1a: Charizard|0 fnt\n|faint|p1a: Charizard\n|\n|-weather|SunnyDay|[upkeep]\n|-damage|p2a: Chansey|82\/100 brn|[from] brn\n|upkeep\n|\n|t:|1629127898\n|switch|p1a: Victini|Victini|100\/100\n|turn|23\n|\n|t:|1629127903\n|switch|p2a: Heatran|Heatran, F|100\/100\n|move|p1a: Victini|Bolt Strike|p2a: Heatran\n|-damage|p2a: Heatran|70\/100\n|\n|-weather|SunnyDay|[upkeep]\n|-heal|p2a: Heatran|76\/100|[from] item: Leftovers\n|upkeep\n|turn|24\n|\n|t:|1629127906\n|move|p1a: Victini|Bolt Strike|p2a: Heatran\n|-damage|p2a: Heatran|42\/100\n|move|p2a: Heatran|Toxic|p1a: Victini\n|-status|p1a: Victini|tox\n|\n|-weather|SunnyDay|[upkeep]\n|-heal|p2a: Heatran|49\/100|[from] item: Leftovers\n|-damage|p1a: Victini|94\/100 tox|[from] psn\n|upkeep\n|turn|25\n|\n|t:|1629127910\n|switch|p1a: Tapu Koko|Tapu Koko|100\/100\n|-fieldstart|move: Electric Terrain|[from] ability: Electric Surge|[of] p1a: Tapu Koko\n|move|p2a: Heatran|Stealth Rock|p1a: Tapu Koko\n|-sidestart|p1: Therockcena|move: Stealth Rock\n|\n|-weather|SunnyDay|[upkeep]\n|-heal|p2a: Heatran|55\/100|[from] item: Leftovers\n|upkeep\n|turn|26\n|\n|t:|1629127911\n|switch|p2a: Chansey|Chansey, F|82\/100\n|move|p1a: Tapu Koko|Volt Switch|p2a: Chansey\n|-damage|p2a: Chansey|63\/100\n|\n|t:|1629127914\n|switch|p1a: Tornadus|Tornadus-Therian, M|100\/100 par|[from]move: Volt Switch\n|-damage|p1a: Tornadus|76\/100 par|[from] Stealth Rock\n|\n|-weather|none\n|-heal|p1a: Tornadus|82\/100 par|[from] item: Leftovers\n|upkeep\n|turn|27\n|\n|t:|1629127916\n|move|p1a: Tornadus|Defog|p2a: Chansey\n|-unboost|p2a: Chansey|evasion|1\n|-sideend|p1: Therockcena|Stealth Rock|[from] move: Defog|[of] p1a: Tornadus\n|move|p2a: Chansey|Soft-Boiled|p2a: Chansey\n|-heal|p2a: Chansey|100\/100\n|\n|-heal|p1a: Tornadus|88\/100 par|[from] item: Leftovers\n|upkeep\n|turn|28\n|\n|t:|1629127919\n|switch|p1a: Victini|Victini|94\/100 tox\n|move|p2a: Chansey|Seismic Toss|p1a: Victini\n|-damage|p1a: Victini|65\/100 tox\n|\n|-damage|p1a: Victini|59\/100 tox|[from] psn\n|upkeep\n|turn|29\n|j| YINXUE\n|\n|t:|1629127938\n|switch|p2a: Skarmory|Skarmory, F|100\/100\n|move|p1a: Victini|Bolt Strike|p2a: Skarmory\n|-supereffective|p2a: Skarmory\n|-crit|p2a: Skarmory\n|-ability|p2a: Skarmory|Sturdy\n|-damage|p2a: Skarmory|1\/100\n|-damage|p1a: Victini|42\/100 tox|[from] item: Rocky Helmet|[of] p2a: Skarmory\n|\n|-damage|p1a: Victini|30\/100 tox|[from] psn\n|-fieldend|move: Electric Terrain\n|upkeep\n|turn|30\n|\n|t:|1629127947\n|switch|p2a: Heatran|Heatran, F|55\/100\n|move|p1a: Victini|Bolt Strike|p2a: Heatran\n|-damage|p2a: Heatran|21\/100\n|\n|-heal|p2a: Heatran|27\/100|[from] item: Leftovers\n|-damage|p1a: Victini|12\/100 tox|[from] psn\n|upkeep\n|turn|31\n|\n|t:|1629127951\n|move|p1a: Victini|Bolt Strike|p2a: Heatran\n|-damage|p2a: Heatran|0 fnt\n|faint|p2a: Heatran\n|\n|-damage|p1a: Victini|0 fnt|[from] psn\n|faint|p1a: Victini\n|upkeep\n|\n|t:|1629127965\n|switch|p1a: Landorus|Landorus-Therian, M|92\/100\n|switch|p2a: Venusaur|Venusaur, F|78\/100\n|-ability|p1a: Landorus|Intimidate|boost\n|-unboost|p2a: Venusaur|atk|1\n|turn|32\n|\n|t:|1629127969\n|switch|p1a: Tornadus|Tornadus-Therian, M|100\/100 par\n|detailschange|p2a: Venusaur|Venusaur-Mega, F\n|-mega|p2a: Venusaur|Venusaur|Venusaurite\n|move|p2a: Venusaur|Giga Drain|p1a: Tornadus\n|-resisted|p1a: Tornadus\n|-damage|p1a: Tornadus|85\/100 par\n|-heal|p2a: Venusaur|86\/100|[from] drain|[of] p1a: Tornadus\n|\n|-heal|p1a: Tornadus|91\/100 par|[from] item: Leftovers\n|upkeep\n|turn|33\n|\n|t:|1629127971\n|move|p2a: Venusaur|Sludge Bomb|p1a: Tornadus\n|-damage|p1a: Tornadus|50\/100 par\n|cant|p1a: Tornadus|par\n|\n|-heal|p1a: Tornadus|56\/100 par|[from] item: Leftovers\n|upkeep\n|turn|34\n|\n|t:|1629127976\n|move|p2a: Venusaur|Sludge Bomb|p1a: Tornadus\n|-damage|p1a: Tornadus|20\/100 par\n|cant|p1a: Tornadus|par\n|\n|-heal|p1a: Tornadus|26\/100 par|[from] item: Leftovers\n|upkeep\n|turn|35\n|\n|t:|1629127981\n|switch|p1a: Latios|Latios, M|100\/100\n|move|p2a: Venusaur|Sludge Bomb|p1a: Latios\n|-damage|p1a: Latios|64\/100\n|\n|-heal|p1a: Latios|70\/100|[from] item: Leftovers\n|upkeep\n|turn|36\n|\n|t:|1629127999\n|switch|p2a: Bisharp|Bisharp, F|100\/100\n|move|p1a: Latios|Psychic|p2a: Bisharp\n|-immune|p2a: Bisharp\n|\n|-heal|p1a: Latios|76\/100|[from] item: Leftovers\n|upkeep\n|turn|37\n|\n|t:|1629128002\n|move|p1a: Latios|Hidden Power|p2a: Bisharp\n|-supereffective|p2a: Bisharp\n|-crit|p2a: Bisharp\n|-damage|p2a: Bisharp|21\/100\n|move|p2a: Bisharp|Knock Off|p1a: Latios\n|-supereffective|p1a: Latios\n|-damage|p1a: Latios|0 fnt\n|-enditem|p1a: Latios|Leftovers|[from] move: Knock Off|[of] p2a: Bisharp\n|faint|p1a: Latios\n|\n|-heal|p2a: Bisharp|27\/100|[from] item: Leftovers\n|upkeep\n|\n|t:|1629128009\n|switch|p1a: Tapu Koko|Tapu Koko|100\/100\n|-fieldstart|move: Electric Terrain|[from] ability: Electric Surge|[of] p1a: Tapu Koko\n|turn|38\n|\n|t:|1629128010\n|switch|p2a: Venusaur|Venusaur-Mega, F|86\/100\n|move|p1a: Tapu Koko|Volt Switch|p2a: Venusaur\n|-resisted|p2a: Venusaur\n|-damage|p2a: Venusaur|67\/100\n|\n|t:|1629128013\n|switch|p1a: Tornadus|Tornadus-Therian, M|60\/100 par|[from]move: Volt Switch\n|\n|-heal|p1a: Tornadus|66\/100 par|[from] item: Leftovers\n|upkeep\n|turn|39\n|\n|t:|1629128015\n|move|p2a: Venusaur|Synthesis|p2a: Venusaur\n|-heal|p2a: Venusaur|100\/100\n|cant|p1a: Tornadus|par\n|\n|-heal|p1a: Tornadus|72\/100 par|[from] item: Leftovers\n|upkeep\n|turn|40\n|\n|t:|1629128019\n|move|p2a: Venusaur|Sludge Bomb|p1a: Tornadus\n|-damage|p1a: Tornadus|36\/100 par\n|move|p1a: Tornadus|Hurricane|p2a: Venusaur\n|-supereffective|p2a: Venusaur\n|-damage|p2a: Venusaur|32\/100\n|-start|p2a: Venusaur|confusion\n|\n|-heal|p1a: Tornadus|42\/100 par|[from] item: Leftovers\n|upkeep\n|turn|41\n|\n|t:|1629128023\n|-activate|p2a: Venusaur|confusion\n|-damage|p2a: Venusaur|27\/100|[from] confusion\n|move|p1a: Tornadus|Hurricane|p2a: Venusaur\n|-supereffective|p2a: Venusaur\n|-damage|p2a: Venusaur|0 fnt\n|faint|p2a: Venusaur\n|\n|-heal|p1a: Tornadus|48\/100 par|[from] item: Leftovers\n|upkeep\n|\n|t:|1629128023\n|switch|p2a: Bisharp|Bisharp, F|27\/100\n|turn|42\n|\n|t:|1629128028\n|move|p1a: Tornadus|Hidden Power|p2a: Bisharp\n|-supereffective|p2a: Bisharp\n|-damage|p2a: Bisharp|0 fnt\n|faint|p2a: Bisharp\n|\n|-heal|p1a: Tornadus|54\/100 par|[from] item: Leftovers\n|-fieldend|move: Electric Terrain\n|upkeep\n|\n|t:|1629128028\n|switch|p2a: Chansey|Chansey, F|100\/100\n|turn|43\n|inactive|Therockcena has 120 seconds left.\n|\n|t:|1629128083\n|move|p1a: Tornadus|Hurricane|p2a: Chansey\n|-damage|p2a: Chansey|84\/100\n|move|p2a: Chansey|Seismic Toss|p1a: Tornadus\n|-damage|p1a: Tornadus|27\/100 par\n|\n|-heal|p1a: Tornadus|33\/100 par|[from] item: Leftovers\n|upkeep\n|turn|44\n|\n|t:|1629128086\n|move|p1a: Tornadus|Hurricane|p2a: Chansey\n|-crit|p2a: Chansey\n|-damage|p2a: Chansey|60\/100\n|move|p2a: Chansey|Seismic Toss|p1a: Tornadus\n|-damage|p1a: Tornadus|5\/100 par\n|\n|-heal|p1a: Tornadus|11\/100 par|[from] item: Leftovers\n|upkeep\n|turn|45\n|\n|t:|1629128088\n|cant|p1a: Tornadus|par\n|move|p2a: Chansey|Soft-Boiled|p2a: Chansey\n|-heal|p2a: Chansey|100\/100\n|\n|-heal|p1a: Tornadus|17\/100 par|[from] item: Leftovers\n|upkeep\n|turn|46\n|\n|t:|1629128090\n|move|p1a: Tornadus|Hurricane|p2a: Chansey\n|-damage|p2a: Chansey|84\/100\n|move|p2a: Chansey|Seismic Toss|p1a: Tornadus\n|-damage|p1a: Tornadus|0 fnt\n|faint|p1a: Tornadus\n|\n|upkeep\n|\n|t:|1629128096\n|switch|p1a: Landorus|Landorus-Therian, M|92\/100\n|-ability|p1a: Landorus|Intimidate|boost\n|-unboost|p2a: Chansey|atk|1\n|turn|47\n|inactive|Therockcena has 120 seconds left.\n|j| atkg\n|\n|t:|1629128120\n|move|p1a: Landorus|Earthquake|p2a: Chansey\n|-damage|p2a: Chansey|33\/100\n|move|p2a: Chansey|Soft-Boiled|p2a: Chansey\n|-heal|p2a: Chansey|83\/100\n|\n|-heal|p1a: Landorus|98\/100|[from] item: Leftovers\n|upkeep\n|turn|48\n|\n|t:|1629128123\n|move|p1a: Landorus|Earthquake|p2a: Chansey\n|-damage|p2a: Chansey|35\/100\n|move|p2a: Chansey|Soft-Boiled|p2a: Chansey\n|-heal|p2a: Chansey|85\/100\n|\n|-heal|p1a: Landorus|100\/100|[from] item: Leftovers\n|upkeep\n|turn|49\n|\n|t:|1629128124\n|move|p1a: Landorus|Earthquake|p2a: Chansey\n|-damage|p2a: Chansey|32\/100\n|move|p2a: Chansey|Soft-Boiled|p2a: Chansey\n|-heal|p2a: Chansey|82\/100\n|\n|upkeep\n|turn|50\n|\n|t:|1629128126\n|move|p1a: Landorus|Earthquake|p2a: Chansey\n|-damage|p2a: Chansey|33\/100\n|move|p2a: Chansey|Soft-Boiled|p2a: Chansey\n|-heal|p2a: Chansey|83\/100\n|\n|upkeep\n|turn|51\n|\n|t:|1629128127\n|move|p1a: Landorus|Earthquake|p2a: Chansey\n|-damage|p2a: Chansey|36\/100\n|move|p2a: Chansey|Soft-Boiled|p2a: Chansey\n|-heal|p2a: Chansey|86\/100\n|\n|upkeep\n|turn|52\n|\n|t:|1629128128\n|move|p1a: Landorus|Earthquake|p2a: Chansey\n|-crit|p2a: Chansey\n|-damage|p2a: Chansey|15\/100\n|move|p2a: Chansey|Soft-Boiled|p2a: Chansey\n|-heal|p2a: Chansey|65\/100\n|\n|upkeep\n|turn|53\n|\n|t:|1629128130\n|move|p1a: Landorus|Earthquake|p2a: Chansey\n|-damage|p2a: Chansey|17\/100\n|move|p2a: Chansey|Soft-Boiled|p2a: Chansey\n|-heal|p2a: Chansey|67\/100\n|\n|upkeep\n|turn|54\n|\n|t:|1629128133\n|move|p1a: Landorus|Earthquake|p2a: Chansey\n|-damage|p2a: Chansey|14\/100\n|move|p2a: Chansey|Soft-Boiled|p2a: Chansey\n|-heal|p2a: Chansey|64\/100\n|\n|upkeep\n|turn|55\n|\n|t:|1629128134\n|move|p1a: Landorus|Earthquake|p2a: Chansey\n|-crit|p2a: Chansey\n|-damage|p2a: Chansey|0 fnt\n|faint|p2a: Chansey\n|\n|upkeep\n|\n|t:|1629128134\n|switch|p2a: Skarmory|Skarmory, F|1\/100\n|turn|56\n|\n|t:|1629128138\n|move|p1a: Landorus|U-turn|p2a: Skarmory\n|-resisted|p2a: Skarmory\n|-damage|p2a: Skarmory|0 fnt\n|-damage|p1a: Landorus|84\/100|[from] item: Rocky Helmet|[of] p2a: Skarmory\n|faint|p2a: Skarmory\n|\n|win|Therockcena\n|raw|Therockcena's rating: 1399 &rarr; <strong>1422<\/strong><br \/>(+23 for winning)\n|raw|FildrongEstNul's rating: 1447 &rarr; <strong>1424<\/strong><br \/>(-23 for losing)\n|l|\u203dFildrongEstNul\n|c|\u2606Therockcena|gg\\\n|l|\u2606Therockcena\n||Ladder isn't responding, score probably updated but might not have (Request timeout).\n","uploadtime":1629128159,"views":8,"p1id":"therockcena","p2id":"fildrongestnul","formatid":"gen7ou","rating":1422,"private":0,"password":null}