{"id":"gen7oususpecttest-575591177","p1":"jly8","p2":"ItHenrique","format":"gen7oususpecttest","log":"|j|jly8\n|j|ItHenrique\n|player|p1|jly8|80\n|player|p2|ItHenrique|141\n|gametype|singles\n|gen|7\n|tier|[Gen 7] OU (suspect test)\n|rated\n|seed|51212,5326,50324,13414\n|rule|Sleep Clause Mod: Limit one foe put to sleep\n|rule|Species Clause: Limit one of each Pok\u00e9mon\n|rule|OHKO Clause: OHKO moves are banned\n|rule|Moody Clause: Moody is banned\n|rule|Evasion Moves Clause: Evasion moves are banned\n|rule|Endless Battle Clause: Forcing endless battles is banned\n|rule|HP Percentage Mod: HP is shown in percentages\n|clearpoke\n|poke|p1|Medicham, F|item\n|poke|p1|Magnezone|item\n|poke|p1|Mimikyu, M|item\n|poke|p1|Chansey, F|item\n|poke|p1|Landorus-Therian, M|item\n|poke|p1|Tapu Fini|item\n|poke|p2|Salamence, F|item\n|poke|p2|Garchomp, M|item\n|poke|p2|Zapdos|item\n|poke|p2|Gengar, M|item\n|poke|p2|Gyarados, M|item\n|poke|p2|Skarmory, F, shiny|item\n|rule|Baton Pass Clause: Limit one Baton Passer, can't pass Spe and other stats simultaneously\n|teampreview\n|inactive|Battle timer is ON: inactive players will automatically lose when time's up. (requested by ItHenrique)\n|choice|team 2, team 1, team 3, team 4, team 5, team 6|team 1, team 2, team 3, team 4, team 5, team 6\n|\n|start\n|switch|p1a: Magnezone|Magnezone|281\/281\n|switch|p2a: Salamandra|Salamence, F|331\/331\n|-ability|p2a: Salamandra|Intimidate|boost\n|-unboost|p1a: Magnezone|atk|1\n|turn|1\n|choice|switch 5|move fireblast\n|\n|switch|p1a: Landorus|Landorus-Therian, M|381\/381\n|-ability|p1a: Landorus|Intimidate|boost\n|-unboost|p2a: Salamandra|atk|1\n|move|p2a: Salamandra|Fire Blast|p1a: Landorus\n|-damage|p1a: Landorus|240\/381\n|\n|upkeep\n|turn|2\n|choice|move hiddenpower|move hydropump\n|\n|move|p2a: Salamandra|Hydro Pump|p1a: Landorus\n|-supereffective|p1a: Landorus\n|-damage|p1a: Landorus|0 fnt\n|faint|p1a: Landorus\n|\n|upkeep\n|choice|switch 2|\n|\n|switch|p1a: Medicham|Medicham, F|261\/261\n|turn|3\n|choice|move icepunch mega|move aircutter zmove\n|\n|detailschange|p1a: Medicham|Medicham-Mega, F\n|-mega|p1a: Medicham|Medicham|Medichamite\n|move|p1a: Medicham|Ice Punch|p2a: Salamandra\n|-supereffective|p2a: Salamandra\n|-damage|p2a: Salamandra|0 fnt\n|faint|p2a: Salamandra\n|\n|upkeep\n|choice||switch 6\n|\n|switch|p2a: SteelBird|Skarmory, F, shiny|334\/334\n|turn|4\n|choice|switch 5|move stealthrock\n|\n|switch|p1a: Magnezone|Magnezone|281\/281\n|move|p2a: SteelBird|Stealth Rock|p1a: Magnezone\n|-sidestart|p1: jly8|move: Stealth Rock\n|\n|upkeep\n|turn|5\n|choice|move thunderbolt|move bravebird\n|\n|move|p1a: Magnezone|Thunderbolt|p2a: SteelBird\n|-supereffective|p2a: SteelBird\n|-damage|p2a: SteelBird|0 fnt\n|faint|p2a: SteelBird\n|\n|upkeep\n|choice||switch 2\n|\n|switch|p2a: GameShark|Garchomp, M|357\/357\n|turn|6\n|choice|switch 4|move earthquake\n|\n|switch|p1a: Chansey|Chansey, F|703\/703\n|-damage|p1a: Chansey|616\/703|[from] stealthrock\n|move|p2a: GameShark|Earthquake|p1a: Chansey\n|-damage|p1a: Chansey|373\/703\n|\n|upkeep\n|turn|7\n|choice|move counter|switch 4\n|\n|switch|p2a: Joker|Gengar, M|261\/261\n|move|p1a: Chansey|Counter|p2a: Joker\n|-immune|p2a: Joker|[msg]\n|\n|upkeep\n|turn|8\n|choice|move softboiled|move sludgewave\n|\n|move|p2a: Joker|Sludge Wave|p1a: Chansey\n|-damage|p1a: Chansey|271\/703\n|move|p1a: Chansey|Soft-Boiled|p1a: Chansey\n|-heal|p1a: Chansey|623\/703\n|\n|upkeep\n|turn|9\n|choice|switch 4|move icywind\n|\n|switch|p1a: Magnezone|Magnezone|281\/281\n|-damage|p1a: Magnezone|264\/281|[from] stealthrock\n|move|p2a: Joker|Icy Wind|p1a: Magnezone\n|-resisted|p1a: Magnezone\n|-damage|p1a: Magnezone|229\/281\n|-unboost|p1a: Magnezone|spe|1\n|\n|upkeep\n|turn|10\n|choice|move flashcannon|switch 4\n|\n|switch|p2a: GameShark|Garchomp, M|357\/357\n|move|p1a: Magnezone|Flash Cannon|p2a: GameShark\n|-damage|p2a: GameShark|105\/357\n|-unboost|p2a: GameShark|spd|1\n|\n|upkeep\n|turn|11\n|choice|move flashcannon|move earthquake\n|\n|move|p2a: GameShark|Earthquake|p1a: Magnezone\n|-supereffective|p1a: Magnezone\n|-damage|p1a: Magnezone|0 fnt\n|faint|p1a: Magnezone\n|\n|upkeep\n|choice|switch 3|\n|\n|switch|p1a: Mimikyu|Mimikyu, M|251\/251\n|-damage|p1a: Mimikyu|220\/251|[from] stealthrock\n|turn|12\n|choice|move swordsdance|move earthquake\n|\n|move|p2a: GameShark|Earthquake|p1a: Mimikyu\n|-activate|p1a: Mimikyu|ability: Disguise\n|-damage|p1a: Mimikyu|220\/251\n|detailschange|p1a: Mimikyu|Mimikyu-Busted, M\n|move|p1a: Mimikyu|Swords Dance|p1a: Mimikyu\n|-boost|p1a: Mimikyu|atk|2\n|\n|upkeep\n|turn|13\n|choice|move shadowsneak|move earthquake\n|\n|move|p1a: Mimikyu|Shadow Sneak|p2a: GameShark\n|-damage|p2a: GameShark|0 fnt\n|-damage|p1a: Mimikyu|189\/251|[from] ability: Rough Skin|[of] p2a: GameShark\n|faint|p2a: GameShark\n|\n|upkeep\n|choice||switch 5\n|\n|switch|p2a: Leviathan|Gyarados, M|331\/331\n|-ability|p2a: Leviathan|Intimidate|boost\n|-unboost|p1a: Mimikyu|atk|1\n|turn|14\n|choice|move shadowclaw zmove|move dragondance\n|\n|-zpower|p1a: Mimikyu\n|move|p1a: Mimikyu|Never-Ending Nightmare|p2a: Leviathan|[zeffect]\n|-damage|p2a: Leviathan|3\/331\n|move|p2a: Leviathan|Dragon Dance|p2a: Leviathan\n|-boost|p2a: Leviathan|atk|1\n|-boost|p2a: Leviathan|spe|1\n|\n|upkeep\n|turn|15\n|choice|move shadowsneak|move waterfall\n|\n|move|p1a: Mimikyu|Shadow Sneak|p2a: Leviathan\n|-damage|p2a: Leviathan|0 fnt\n|faint|p2a: Leviathan\n|\n|upkeep\n|choice||switch 4\n|\n|switch|p2a: Joker|Gengar, M|261\/261\n|turn|16\n|choice|move shadowsneak|move shadowball\n|\n|move|p1a: Mimikyu|Shadow Sneak|p2a: Joker\n|-supereffective|p2a: Joker\n|-damage|p2a: Joker|27\/261\n|move|p2a: Joker|Shadow Ball|p1a: Mimikyu\n|-supereffective|p1a: Mimikyu\n|-damage|p1a: Mimikyu|0 fnt\n|faint|p1a: Mimikyu\n|\n|upkeep\n|choice|switch 6|\n|\n|switch|p1a: Tapu Fini|Tapu Fini|343\/343\n|-damage|p1a: Tapu Fini|301\/343|[from] stealthrock\n|-fieldstart|move: Misty Terrain|[from] ability: Misty Surge|[of] p1a: Tapu Fini\n|turn|17\n|choice|move moonblast|switch 3\n|\n|switch|p2a: Chidori|Zapdos|383\/383\n|-ability|p2a: Chidori|Pressure\n|move|p1a: Tapu Fini|Moonblast|p2a: Chidori\n|-damage|p2a: Chidori|272\/383\n|\n|-heal|p2a: Chidori|295\/383|[from] item: Leftovers\n|-heal|p1a: Tapu Fini|322\/343|[from] item: Leftovers\n|upkeep\n|turn|18\n|choice|switch 5|move discharge\n|\n|switch|p1a: Medicham|Medicham-Mega, F|261\/261\n|-damage|p1a: Medicham|245\/261|[from] stealthrock\n|move|p2a: Chidori|Discharge|p1a: Medicham\n|-damage|p1a: Medicham|122\/261\n|\n|-heal|p2a: Chidori|318\/383|[from] item: Leftovers\n|upkeep\n|turn|19\n|choice|move fakeout|move discharge\n|\n|move|p1a: Medicham|Fake Out|p2a: Chidori\n|-damage|p2a: Chidori|254\/383\n|cant|p2a: Chidori|flinch\n|\n|-heal|p2a: Chidori|277\/383|[from] item: Leftovers\n|upkeep\n|turn|20\n|choice|move icepunch|move discharge\n|\n|move|p1a: Medicham|Ice Punch|p2a: Chidori\n|-supereffective|p2a: Chidori\n|-damage|p2a: Chidori|45\/383\n|move|p2a: Chidori|Discharge|p1a: Medicham\n|-damage|p1a: Medicham|0 fnt\n|faint|p1a: Medicham\n|\n|-heal|p2a: Chidori|68\/383|[from] item: Leftovers\n|upkeep\n|choice|switch 4|\n|\n|switch|p1a: Chansey|Chansey, F|623\/703\n|-damage|p1a: Chansey|536\/703|[from] stealthrock\n|turn|21\n|choice|switch 5|switch 3\n|\n|switch|p2a: Joker|Gengar, M|27\/261\n|switch|p1a: Tapu Fini|Tapu Fini|322\/343\n|-damage|p1a: Tapu Fini|280\/343|[from] stealthrock\n|\n|-heal|p1a: Tapu Fini|301\/343|[from] item: Leftovers\n|-fieldend|Misty Terrain\n|upkeep\n|turn|22\n|choice|move moonblast|move sludgewave\n|\n|move|p2a: Joker|Sludge Wave|p1a: Tapu Fini\n|-supereffective|p1a: Tapu Fini\n|-damage|p1a: Tapu Fini|20\/343\n|-status|p1a: Tapu Fini|psn\n|move|p1a: Tapu Fini|Moonblast|p2a: Joker\n|-resisted|p2a: Joker\n|-damage|p2a: Joker|0 fnt\n|faint|p2a: Joker\n|\n|-heal|p1a: Tapu Fini|41\/343 psn|[from] item: Leftovers\n|-damage|p1a: Tapu Fini|0 fnt|[from] psn\n|upkeep\n|faint|p1a: Tapu Fini\n|choice|switch 5|switch 3\n|\n|switch|p2a: Chidori|Zapdos|68\/383\n|switch|p1a: Chansey|Chansey, F|536\/703\n|-ability|p2a: Chidori|Pressure\n|-damage|p1a: Chansey|449\/703|[from] stealthrock\n|turn|23\n|choice|move toxic|move toxic\n|\n|move|p2a: Chidori|Toxic|p1a: Chansey\n|-status|p1a: Chansey|tox\n|move|p1a: Chansey|Toxic|p2a: Chidori\n|-status|p2a: Chidori|tox\n|\n|-heal|p2a: Chidori|91\/383 tox|[from] item: Leftovers\n|-damage|p2a: Chidori|68\/383 tox|[from] psn\n|-damage|p1a: Chansey|406\/703 tox|[from] psn\n|upkeep\n|turn|24\n|choice|move softboiled|move roost\n|\n|move|p2a: Chidori|Roost|p2a: Chidori\n|-heal|p2a: Chidori|260\/383 tox\n|move|p1a: Chansey|Soft-Boiled|p1a: Chansey\n|-heal|p1a: Chansey|703\/703 tox\n|\n|-heal|p2a: Chidori|283\/383 tox|[from] item: Leftovers\n|-damage|p2a: Chidori|237\/383 tox|[from] psn\n|-damage|p1a: Chansey|617\/703 tox|[from] psn\n|upkeep\n|turn|25\n|choice|move seismictoss|move roost\n|\n|move|p2a: Chidori|Roost|p2a: Chidori\n|-heal|p2a: Chidori|383\/383 tox\n|move|p1a: Chansey|Seismic Toss|p2a: Chidori\n|-damage|p2a: Chidori|283\/383 tox\n|\n|-heal|p2a: Chidori|306\/383 tox|[from] item: Leftovers\n|-damage|p2a: Chidori|237\/383 tox|[from] psn\n|-damage|p1a: Chansey|488\/703 tox|[from] psn\n|upkeep\n|turn|26\n|choice|move seismictoss|move roost\n|\n|move|p2a: Chidori|Roost|p2a: Chidori\n|-heal|p2a: Chidori|383\/383 tox\n|move|p1a: Chansey|Seismic Toss|p2a: Chidori\n|-damage|p2a: Chidori|283\/383 tox\n|\n|-heal|p2a: Chidori|306\/383 tox|[from] item: Leftovers\n|-damage|p2a: Chidori|214\/383 tox|[from] psn\n|-damage|p1a: Chansey|316\/703 tox|[from] psn\n|upkeep\n|turn|27\n|choice|move softboiled|move roost\n|\n|move|p2a: Chidori|Roost|p2a: Chidori\n|-heal|p2a: Chidori|383\/383 tox\n|move|p1a: Chansey|Soft-Boiled|p1a: Chansey\n|-heal|p1a: Chansey|668\/703 tox\n|\n|-damage|p2a: Chidori|268\/383 tox|[from] psn\n|-damage|p1a: Chansey|453\/703 tox|[from] psn\n|upkeep\n|turn|28\n|choice|move softboiled|move roost\n|\n|move|p2a: Chidori|Roost|p2a: Chidori\n|-heal|p2a: Chidori|383\/383 tox\n|move|p1a: Chansey|Soft-Boiled|p1a: Chansey\n|-heal|p1a: Chansey|703\/703 tox\n|\n|-damage|p2a: Chidori|245\/383 tox|[from] psn\n|-damage|p1a: Chansey|445\/703 tox|[from] psn\n|upkeep\n|turn|29\n|choice|move softboiled|move roost\n|\n|move|p2a: Chidori|Roost|p2a: Chidori\n|-heal|p2a: Chidori|383\/383 tox\n|move|p1a: Chansey|Soft-Boiled|p1a: Chansey\n|-heal|p1a: Chansey|703\/703 tox\n|\n|-damage|p2a: Chidori|222\/383 tox|[from] psn\n|-damage|p1a: Chansey|402\/703 tox|[from] psn\n|upkeep\n|turn|30\n|choice|move softboiled|move roost\n|\n|move|p2a: Chidori|Roost|p2a: Chidori\n|-heal|p2a: Chidori|383\/383 tox\n|move|p1a: Chansey|Soft-Boiled|p1a: Chansey\n|-heal|p1a: Chansey|703\/703 tox\n|\n|-damage|p2a: Chidori|199\/383 tox|[from] psn\n|-damage|p1a: Chansey|359\/703 tox|[from] psn\n|upkeep\n|turn|31\n|choice|move softboiled|move roost\n|\n|move|p2a: Chidori|Roost|p2a: Chidori\n|-heal|p2a: Chidori|383\/383 tox\n|move|p1a: Chansey|Soft-Boiled|p1a: Chansey\n|-heal|p1a: Chansey|703\/703 tox\n|\n|-damage|p2a: Chidori|176\/383 tox|[from] psn\n|-damage|p1a: Chansey|316\/703 tox|[from] psn\n|upkeep\n|turn|32\n|choice|move softboiled|move roost\n|\n|move|p2a: Chidori|Roost|p2a: Chidori\n|-heal|p2a: Chidori|368\/383 tox\n|move|p1a: Chansey|Soft-Boiled|p1a: Chansey\n|-heal|p1a: Chansey|668\/703 tox\n|\n|-heal|p2a: Chidori|383\/383 tox|[from] item: Leftovers\n|-damage|p2a: Chidori|153\/383 tox|[from] psn\n|-damage|p1a: Chansey|238\/703 tox|[from] psn\n|upkeep\n|turn|33\n|choice|move softboiled|move roost\n|\n|move|p2a: Chidori|Roost|p2a: Chidori\n|-heal|p2a: Chidori|345\/383 tox\n|move|p1a: Chansey|Soft-Boiled|p1a: Chansey\n|-heal|p1a: Chansey|590\/703 tox\n|\n|-heal|p2a: Chidori|368\/383 tox|[from] item: Leftovers\n|-damage|p2a: Chidori|115\/383 tox|[from] psn\n|-damage|p1a: Chansey|117\/703 tox|[from] psn\n|upkeep\n|turn|34\n|choice|move seismictoss|move roost\n|\n|move|p2a: Chidori|Roost|p2a: Chidori\n|-heal|p2a: Chidori|307\/383 tox\n|move|p1a: Chansey|Seismic Toss|p2a: Chidori\n|-damage|p2a: Chidori|207\/383 tox\n|\n|-heal|p2a: Chidori|230\/383 tox|[from] item: Leftovers\n|-damage|p2a: Chidori|0 fnt|[from] psn\n|-damage|p1a: Chansey|0 fnt|[from] psn\n|upkeep\n|faint|p2a: Chidori\n|faint|p1a: Chansey\n|\n|win|jly8\n|raw|jly8's rating: 1415 &rarr; <strong>1433<\/strong><br \/>(+18 for winning)\n|raw|ItHenrique's rating: 1385 &rarr; <strong>1367<\/strong><br \/>(-18 for losing)\n|c|\u2606jly8|xD\n|c|\u2606ItHenrique|You win\n|c|\u2606ItHenrique|Why?\n|c|\u2606jly8|sorry?\n|c|\u2606ItHenrique|Draw game, but You Win\n|c|\u2606ItHenrique|GG Man\n|c|\u2606jly8|GG","inputlog":null,"uploadtime":1494649256,"views":0,"p1id":"jly8","p2id":"ithenrique","formatid":"gen7oususpecttest","rating":1367,"private":0,"password":null}