{"id":"gen7ou-983387411","p1":"Ban lando t guy jk","p2":"NG Leaker","format":"gen7ou","log":"|j|\u2606Ban lando t guy jk\n|j|\u203dNG Leaker\n|player|p1|Ban lando t guy jk|164|1804\n|player|p2|NG Leaker|167|1791\n|teamsize|p1|6\n|teamsize|p2|6\n|gametype|singles\n|gen|7\n|tier|[Gen 7] OU\n|rated|\n|rule|Sleep Clause Mod: Limit one foe put to sleep\n|rule|Species Clause: Limit one of each Pok\u00e9mon\n|rule|OHKO Clause: OHKO moves are banned\n|rule|Moody Clause: Moody is banned\n|rule|Evasion Moves Clause: Evasion moves are banned\n|rule|Endless Battle Clause: Forcing endless battles is banned\n|rule|HP Percentage Mod: HP is shown in percentages\n|clearpoke\n|poke|p1|Hawlucha, M|item\n|poke|p1|Ferrothorn, F|item\n|poke|p1|Pelipper, M|item\n|poke|p1|Tapu Koko|item\n|poke|p1|Swampert, M|item\n|poke|p1|Kartana|item\n|poke|p2|Lopunny, F|item\n|poke|p2|Zapdos|item\n|poke|p2|Kartana|item\n|poke|p2|Clefable, F|item\n|poke|p2|Seismitoad, M|item\n|poke|p2|Victini|item\n|teampreview\n|inactive|Battle timer is ON: inactive players will automatically lose when time's up. (requested by Ban lando t guy jk)\n|\n|start\n|switch|p1a: Speed OD|Tapu Koko|100\/100\n|switch|p2a: Clefable|Clefable, F|100\/100\n|-fieldstart|move: Electric Terrain|[from] ability: Electric Surge|[of] p1a: Speed OD\n|turn|1\n|\n|switch|p2a: Seismitoad|Seismitoad, M|100\/100\n|move|p1a: Speed OD|Taunt|p2a: Seismitoad\n|-start|p2a: Seismitoad|move: Taunt\n|\n|upkeep\n|turn|2\n|j| BrothaOptions\n|\n|switch|p1a: Hate rain :(|Ferrothorn, F|100\/100\n|move|p2a: Seismitoad|Scald|p1a: Hate rain :(\n|-resisted|p1a: Hate rain :(\n|-damage|p1a: Hate rain :(|92\/100\n|\n|-heal|p1a: Hate rain :(|98\/100|[from] item: Leftovers\n|upkeep\n|turn|3\n|\n|switch|p2a: Kartana|Kartana|100\/100\n|move|p1a: Hate rain :(|Stealth Rock|p2a: Kartana\n|-sidestart|p2: NG Leaker|move: Stealth Rock\n|\n|-heal|p1a: Hate rain :(|100\/100|[from] item: Leftovers\n|upkeep\n|turn|4\n|\n|move|p2a: Kartana|Defog|p1a: Hate rain :(\n|-unboost|p1a: Hate rain :(|evasion|1\n|-sideend|p2: NG Leaker|Stealth Rock|[from] move: Defog|[of] p2a: Kartana\n|move|p1a: Hate rain :(|Knock Off|p2a: Kartana\n|-damage|p2a: Kartana|87\/100\n|\n|upkeep\n|turn|5\n|\n|move|p2a: Kartana|Knock Off|p1a: Hate rain :(\n|-damage|p1a: Hate rain :(|77\/100\n|-damage|p2a: Kartana|75\/100|[from] ability: Iron Barbs|[of] p1a: Hate rain :(\n|-enditem|p1a: Hate rain :(|Leftovers|[from] move: Knock Off|[of] p2a: Kartana\n|move|p1a: Hate rain :(|Stealth Rock|p2a: Kartana\n|-sidestart|p2: NG Leaker|move: Stealth Rock\n|\n|-fieldend|move: Electric Terrain\n|upkeep\n|turn|6\n|\n|move|p2a: Kartana|Defog|p1a: Hate rain :(\n|-unboost|p1a: Hate rain :(|evasion|1\n|-sideend|p2: NG Leaker|Stealth Rock|[from] move: Defog|[of] p2a: Kartana\n|move|p1a: Hate rain :(|Spikes|p2a: Kartana\n|-sidestart|p2: NG Leaker|Spikes\n|\n|upkeep\n|turn|7\n|j| thiagoanderson\n|\n|move|p2a: Kartana|Knock Off|p1a: Hate rain :(\n|-damage|p1a: Hate rain :(|58\/100\n|-damage|p2a: Kartana|62\/100|[from] ability: Iron Barbs|[of] p1a: Hate rain :(\n|move|p1a: Hate rain :(|Stealth Rock|p2a: Kartana\n|-sidestart|p2: NG Leaker|move: Stealth Rock\n|\n|upkeep\n|turn|8\n|\n|move|p2a: Kartana|Defog|p1a: Hate rain :(\n|-unboost|p1a: Hate rain :(|evasion|1\n|-sideend|p2: NG Leaker|Spikes|[from] move: Defog|[of] p2a: Kartana\n|-sideend|p2: NG Leaker|Stealth Rock|[from] move: Defog|[of] p2a: Kartana\n|move|p1a: Hate rain :(|Spikes|p2a: Kartana\n|-sidestart|p2: NG Leaker|Spikes\n|\n|upkeep\n|turn|9\n|l| thiagoanderson\n|\n|move|p2a: Kartana|Synthesis|p2a: Kartana\n|-heal|p2a: Kartana|100\/100\n|move|p1a: Hate rain :(|Stealth Rock|p2a: Kartana\n|-sidestart|p2: NG Leaker|move: Stealth Rock\n|\n|upkeep\n|turn|10\n|\n|move|p2a: Kartana|Defog|p1a: Hate rain :(\n|-unboost|p1a: Hate rain :(|evasion|1\n|-sideend|p2: NG Leaker|Spikes|[from] move: Defog|[of] p2a: Kartana\n|-sideend|p2: NG Leaker|Stealth Rock|[from] move: Defog|[of] p2a: Kartana\n|move|p1a: Hate rain :(|Knock Off|p2a: Kartana\n|-damage|p2a: Kartana|88\/100\n|\n|upkeep\n|turn|11\n|\n|move|p2a: Kartana|Knock Off|p1a: Hate rain :(\n|-damage|p1a: Hate rain :(|41\/100\n|-damage|p2a: Kartana|75\/100|[from] ability: Iron Barbs|[of] p1a: Hate rain :(\n|move|p1a: Hate rain :(|Stealth Rock|p2a: Kartana\n|-sidestart|p2: NG Leaker|move: Stealth Rock\n|\n|upkeep\n|turn|12\n|\n|move|p2a: Kartana|Defog|p1a: Hate rain :(\n|-unboost|p1a: Hate rain :(|evasion|1\n|-sideend|p2: NG Leaker|Stealth Rock|[from] move: Defog|[of] p2a: Kartana\n|move|p1a: Hate rain :(|Stealth Rock|p2a: Kartana\n|-sidestart|p2: NG Leaker|move: Stealth Rock\n|\n|upkeep\n|turn|13\n|\n|move|p2a: Kartana|Knock Off|p1a: Hate rain :(\n|-crit|p1a: Hate rain :(\n|-damage|p1a: Hate rain :(|16\/100\n|-damage|p2a: Kartana|63\/100|[from] ability: Iron Barbs|[of] p1a: Hate rain :(\n|move|p1a: Hate rain :(|Stealth Rock||[still]\n|-fail|p1a: Hate rain :(\n|\n|upkeep\n|turn|14\n|\n|move|p2a: Kartana|Defog|p1a: Hate rain :(\n|-unboost|p1a: Hate rain :(|evasion|1\n|-sideend|p2: NG Leaker|Stealth Rock|[from] move: Defog|[of] p2a: Kartana\n|move|p1a: Hate rain :(|Stealth Rock|p2a: Kartana\n|-sidestart|p2: NG Leaker|move: Stealth Rock\n|\n|upkeep\n|turn|15\n|\n|switch|p1a: Speed OD|Tapu Koko|100\/100\n|-fieldstart|move: Electric Terrain|[from] ability: Electric Surge|[of] p1a: Speed OD\n|move|p2a: Kartana|Synthesis|p2a: Kartana\n|-heal|p2a: Kartana|100\/100\n|\n|upkeep\n|turn|16\n|\n|switch|p2a: Seismitoad|Seismitoad, M|100\/100\n|-damage|p2a: Seismitoad|94\/100|[from] Stealth Rock\n|-zpower|p1a: Speed OD\n|move|p1a: Speed OD|Twinkle Tackle|p2a: Seismitoad|[zeffect]\n|-damage|p2a: Seismitoad|36\/100\n|\n|-heal|p2a: Seismitoad|42\/100|[from] item: Leftovers\n|upkeep\n|turn|17\n|j| thiagoanderson\n|\n|move|p1a: Speed OD|Dazzling Gleam|p2a: Seismitoad\n|-crit|p2a: Seismitoad\n|-damage|p2a: Seismitoad|2\/100\n|move|p2a: Seismitoad|Scald|p1a: Speed OD\n|-damage|p1a: Speed OD|64\/100\n|-status|p1a: Speed OD|brn\n|\n|-heal|p2a: Seismitoad|8\/100|[from] item: Leftovers\n|-damage|p1a: Speed OD|58\/100 brn|[from] brn\n|upkeep\n|turn|18\n|\n|switch|p2a: Victini|Victini|100\/100\n|-damage|p2a: Victini|76\/100|[from] Stealth Rock\n|move|p1a: Speed OD|Dazzling Gleam|p2a: Victini\n|-resisted|p2a: Victini\n|-damage|p2a: Victini|60\/100\n|\n|-damage|p1a: Speed OD|52\/100 brn|[from] brn\n|upkeep\n|turn|19\n|\n|switch|p1a: Nappy is trash|Pelipper, M|100\/100\n|-weather|RainDance|[from] ability: Drizzle|[of] p1a: Nappy is trash\n|move|p2a: Victini|U-turn|p1a: Nappy is trash\n|-resisted|p1a: Nappy is trash\n|-damage|p1a: Nappy is trash|93\/100\n|\n|switch|p2a: Clefable|Clefable, F|100\/100|[from]move: U-turn\n|\n|-weather|RainDance|[upkeep]\n|-fieldend|move: Electric Terrain\n|upkeep\n|turn|20\n|\n|move|p2a: Clefable|Thunderbolt|p1a: Nappy is trash\n|-supereffective|p1a: Nappy is trash\n|-damage|p1a: Nappy is trash|0 fnt\n|faint|p1a: Nappy is trash\n|\n|-weather|RainDance|[upkeep]\n|upkeep\n|\n|switch|p1a: Swamp Thing|Swampert, M|100\/100\n|turn|21\n|\n|switch|p2a: Seismitoad|Seismitoad, M|8\/100\n|-damage|p2a: Seismitoad|2\/100|[from] Stealth Rock\n|detailschange|p1a: Swamp Thing|Swampert-Mega, M\n|-mega|p1a: Swamp Thing|Swampert|Swampertite\n|move|p1a: Swamp Thing|Power-Up Punch|p2a: Seismitoad\n|-damage|p2a: Seismitoad|0 fnt\n|-boost|p1a: Swamp Thing|atk|1\n|faint|p2a: Seismitoad\n|\n|-weather|RainDance|[upkeep]\n|upkeep\n|\n|switch|p2a: Kartana|Kartana|100\/100\n|-damage|p2a: Kartana|94\/100|[from] Stealth Rock\n|turn|22\n|\n|move|p1a: Swamp Thing|Earthquake|p2a: Kartana\n|-damage|p2a: Kartana|1\/100\n|move|p2a: Kartana|Leaf Blade|p1a: Swamp Thing\n|-supereffective|p1a: Swamp Thing\n|-damage|p1a: Swamp Thing|0 fnt\n|faint|p1a: Swamp Thing\n|-ability|p2a: Kartana|Beast Boost|boost\n|-boost|p2a: Kartana|atk|1\n|\n|-weather|RainDance|[upkeep]\n|upkeep\n|\n|switch|p1a: Speed OD|Tapu Koko|52\/100 brn\n|-fieldstart|move: Electric Terrain|[from] ability: Electric Surge|[of] p1a: Speed OD\n|turn|23\n|\n|move|p1a: Speed OD|Dazzling Gleam|p2a: Kartana\n|-resisted|p2a: Kartana\n|-crit|p2a: Kartana\n|-damage|p2a: Kartana|0 fnt\n|faint|p2a: Kartana\n|\n|-weather|RainDance|[upkeep]\n|-damage|p1a: Speed OD|46\/100 brn|[from] brn\n|upkeep\n|l| thiagoanderson\n|inactive|NG Leaker has 120 seconds left.\n|inactive|NG Leaker has 90 seconds left.\n|\n|switch|p2a: Lopunny|Lopunny, F|100\/100\n|-damage|p2a: Lopunny|88\/100|[from] Stealth Rock\n|turn|24\n|\n|switch|p1a: Hate rain :(|Ferrothorn, F|16\/100\n|detailschange|p2a: Lopunny|Lopunny-Mega, F\n|-mega|p2a: Lopunny|Lopunny|Lopunnite\n|move|p2a: Lopunny|Return|p1a: Hate rain :(\n|-resisted|p1a: Hate rain :(\n|-damage|p1a: Hate rain :(|0 fnt\n|-damage|p2a: Lopunny|76\/100|[from] ability: Iron Barbs|[of] p1a: Hate rain :(\n|faint|p1a: Hate rain :(\n|\n|-weather|RainDance|[upkeep]\n|upkeep\n|\n|switch|p1a: Wolverine|Kartana|100\/100\n|turn|25\n|\n|switch|p1a: Speed OD|Tapu Koko|46\/100 brn\n|switch|p2a: Clefable|Clefable, F|100\/100\n|\n|-weather|RainDance|[upkeep]\n|-damage|p1a: Speed OD|40\/100 brn|[from] brn\n|upkeep\n|turn|26\n|\n|move|p1a: Speed OD|Nature's Madness|p2a: Clefable\n|-damage|p2a: Clefable|51\/100\n|move|p2a: Clefable|Ice Beam|p1a: Speed OD\n|-damage|p1a: Speed OD|0 fnt\n|faint|p1a: Speed OD\n|\n|-weather|none\n|upkeep\n|\n|switch|p1a: Wolverine|Kartana|100\/100\n|turn|27\n|\n|switch|p2a: Zapdos|Zapdos|100\/100\n|-damage|p2a: Zapdos|75\/100|[from] Stealth Rock\n|-ability|p2a: Zapdos|Pressure\n|move|p1a: Wolverine|Smart Strike|p2a: Zapdos\n|-resisted|p2a: Zapdos\n|-damage|p2a: Zapdos|55\/100\n|\n|-heal|p2a: Zapdos|61\/100|[from] item: Leftovers\n|-fieldend|move: Electric Terrain\n|upkeep\n|turn|28\n|-message|Ban lando t guy jk forfeited.\n|\n|win|NG Leaker\n|l|\u2606Ban lando t guy jk\n|raw|Ban lando t guy jk's rating: 1804 &rarr; <strong>1783<\/strong><br \/>(-21 for losing)\n|raw|NG Leaker's rating: 1791 &rarr; <strong>1812<\/strong><br \/>(+21 for winning)\n","uploadtime":1569637569,"views":58,"p1id":"banlandotguyjk","p2id":"ngleaker","formatid":"gen7ou","rating":1783,"private":0,"password":null}