{"id":"gen7ou-1395826583","p1":"Mandibuladel5555","p2":"Therockcena","format":"gen7ou","log":"|j|\u2606Mandibuladel5555\n|j|\u2606Therockcena\n|t:|1628863740\n|gametype|singles\n|player|p1|Mandibuladel5555|brawly|1377\n|player|p2|Therockcena|169|1417\n|teamsize|p1|6\n|teamsize|p2|6\n|gen|7\n|tier|[Gen 7] OU\n|rated|\n|rule|Sleep Clause Mod: Limit one foe put to sleep\n|rule|Species Clause: Limit one of each Pok\u00e9mon\n|rule|OHKO Clause: OHKO moves are banned\n|rule|Moody Clause: Moody is banned\n|rule|Evasion Moves Clause: Evasion moves are banned\n|rule|Endless Battle Clause: Forcing endless battles is banned\n|rule|HP Percentage Mod: HP is shown in percentages\n|clearpoke\n|poke|p1|Charizard, M|item\n|poke|p1|Greninja, M|item\n|poke|p1|Landorus-Therian, M|item\n|poke|p1|Tapu Fini|item\n|poke|p1|Toxapex, F|item\n|poke|p1|Celesteela|item\n|poke|p2|Charizard, F|item\n|poke|p2|Tapu Koko|item\n|poke|p2|Greninja, F|item\n|poke|p2|Victini|item\n|poke|p2|Tornadus-Therian, M|item\n|poke|p2|Landorus-Therian, M|item\n|teampreview\n|inactive|Battle timer is ON: inactive players will automatically lose when time's up. (requested by Therockcena)\n|\n|t:|1628863747\n|start\n|switch|p1a: Toxapex|Toxapex, F|100\/100\n|switch|p2a: Charizard|Charizard, F|100\/100\n|turn|1\n|\n|t:|1628863751\n|detailschange|p2a: Charizard|Charizard-Mega-Y, F\n|-mega|p2a: Charizard|Charizard|Charizardite Y\n|-weather|SunnyDay|[from] ability: Drought|[of] p2a: Charizard\n|move|p2a: Charizard|Air Slash|p1a: Toxapex\n|-damage|p1a: Toxapex|66\/100\n|move|p1a: Toxapex|Toxic|p2a: Charizard\n|-status|p2a: Charizard|tox\n|\n|-weather|SunnyDay|[upkeep]\n|-heal|p1a: Toxapex|72\/100|[from] item: Leftovers\n|-damage|p2a: Charizard|94\/100 tox|[from] psn\n|upkeep\n|turn|2\n|\n|t:|1628863758\n|switch|p2a: Tapu Koko|Tapu Koko|100\/100\n|-fieldstart|move: Electric Terrain|[from] ability: Electric Surge|[of] p2a: Tapu Koko\n|move|p1a: Toxapex|Recover|p1a: Toxapex\n|-heal|p1a: Toxapex|100\/100\n|\n|-weather|SunnyDay|[upkeep]\n|upkeep\n|turn|3\n|\n|t:|1628863762\n|move|p2a: Tapu Koko|Volt Switch|p1a: Toxapex\n|-supereffective|p1a: Toxapex\n|-damage|p1a: Toxapex|25\/100\n|\n|t:|1628863766\n|switch|p2a: Tornadus|Tornadus-Therian, M|100\/100|[from]move: Volt Switch\n|move|p1a: Toxapex|Toxic|p2a: Tornadus\n|-status|p2a: Tornadus|tox\n|\n|-weather|SunnyDay|[upkeep]\n|-heal|p1a: Toxapex|31\/100|[from] item: Leftovers\n|-damage|p2a: Tornadus|94\/100 tox|[from] psn\n|upkeep\n|turn|4\n|\n|t:|1628863769\n|switch|p1a: Celesteela|Celesteela|100\/100\n|move|p2a: Tornadus|Hurricane|p1a: Celesteela\n|-resisted|p1a: Celesteela\n|-damage|p1a: Celesteela|82\/100\n|\n|-weather|SunnyDay|[upkeep]\n|-heal|p2a: Tornadus|100\/100 tox|[from] item: Leftovers\n|-damage|p2a: Tornadus|88\/100 tox|[from] psn\n|upkeep\n|turn|5\n|\n|t:|1628863773\n|switch|p1a: Landorus|Landorus-Therian, M, shiny|100\/100\n|-ability|p1a: Landorus|Intimidate|boost\n|-unboost|p2a: Tornadus|atk|1\n|move|p2a: Tornadus|Knock Off|p1a: Landorus\n|-damage|p1a: Landorus|90\/100\n|-damage|p2a: Tornadus|72\/100 tox|[from] item: Rocky Helmet|[of] p1a: Landorus\n|-enditem|p1a: Landorus|Rocky Helmet|[from] move: Knock Off|[of] p2a: Tornadus\n|\n|-weather|none\n|-heal|p2a: Tornadus|78\/100 tox|[from] item: Leftovers\n|-damage|p2a: Tornadus|60\/100 tox|[from] psn\n|upkeep\n|turn|6\n|\n|t:|1628863778\n|switch|p2a: Landorus|Landorus-Therian, M|100\/100\n|-ability|p2a: Landorus|Intimidate|boost\n|-unboost|p1a: Landorus|atk|1\n|switch|p1a: Toxapex|Toxapex, F|64\/100\n|\n|-heal|p1a: Toxapex|71\/100|[from] item: Leftovers\n|-fieldend|move: Electric Terrain\n|upkeep\n|turn|7\n|\n|t:|1628863783\n|switch|p1a: Landorus|Landorus-Therian, M, shiny|90\/100\n|-ability|p1a: Landorus|Intimidate|boost\n|-unboost|p2a: Landorus|atk|1\n|move|p2a: Landorus|Earthquake|p1a: Landorus\n|-immune|p1a: Landorus\n|\n|upkeep\n|turn|8\n|\n|t:|1628863786\n|switch|p1a: Toxapex|Toxapex, F|100\/100\n|move|p2a: Landorus|Toxic|p1a: Toxapex\n|-immune|p1a: Toxapex\n|\n|upkeep\n|turn|9\n|\n|t:|1628863788\n|move|p2a: Landorus|U-turn|p1a: Toxapex\n|-resisted|p1a: Toxapex\n|-damage|p1a: Toxapex|96\/100\n|\n|t:|1628863791\n|switch|p2a: Charizard|Charizard-Mega-Y, F|94\/100 tox|[from]move: U-turn\n|-weather|SunnyDay|[from] ability: Drought|[of] p2a: Charizard\n|move|p1a: Toxapex|Scald|p2a: Charizard\n|-supereffective|p2a: Charizard\n|-damage|p2a: Charizard|78\/100 tox\n|\n|-weather|SunnyDay|[upkeep]\n|-heal|p1a: Toxapex|100\/100|[from] item: Leftovers\n|-damage|p2a: Charizard|72\/100 tox|[from] psn\n|upkeep\n|turn|10\n|\n|t:|1628863794\n|move|p2a: Charizard|Air Slash|p1a: Toxapex\n|-damage|p1a: Toxapex|62\/100\n|move|p1a: Toxapex|Scald|p2a: Charizard\n|-supereffective|p2a: Charizard\n|-damage|p2a: Charizard|57\/100 tox\n|\n|-weather|SunnyDay|[upkeep]\n|-heal|p1a: Toxapex|68\/100|[from] item: Leftovers\n|-damage|p2a: Charizard|45\/100 tox|[from] psn\n|upkeep\n|turn|11\n|\n|t:|1628863803\n|switch|p2a: Victini|Victini|100\/100\n|move|p1a: Toxapex|Recover|p1a: Toxapex\n|-heal|p1a: Toxapex|100\/100\n|\n|-weather|SunnyDay|[upkeep]\n|upkeep\n|turn|12\n|\n|t:|1628863808\n|switch|p1a: Landorus|Landorus-Therian, M, shiny|90\/100\n|-ability|p1a: Landorus|Intimidate|boost\n|-unboost|p2a: Victini|atk|1\n|move|p2a: Victini|U-turn|p1a: Landorus\n|-resisted|p1a: Landorus\n|-damage|p1a: Landorus|84\/100\n|\n|t:|1628863812\n|switch|p2a: Greninja|Greninja, F|100\/100|[from]move: U-turn\n|\n|-weather|SunnyDay|[upkeep]\n|upkeep\n|turn|13\n|\n|t:|1628863818\n|switch|p1a: Greninja|Greninja, M|100\/100\n|move|p2a: Greninja|Ice Beam|p1a: Greninja\n|-start|p2a: Greninja|typechange|Ice|[from] ability: Protean\n|-resisted|p1a: Greninja\n|-damage|p1a: Greninja|68\/100\n|\n|-weather|none\n|upkeep\n|turn|14\n|\n|t:|1628863828\n|move|p2a: Greninja|Grass Knot|p1a: Greninja\n|-start|p2a: Greninja|typechange|Grass|[from] ability: Protean\n|-supereffective|p1a: Greninja\n|-damage|p1a: Greninja|0 fnt\n|faint|p1a: Greninja\n|\n|upkeep\n|\n|t:|1628863833\n|switch|p1a: Celesteela|Celesteela|82\/100\n|turn|15\n|\n|t:|1628863837\n|switch|p2a: Tapu Koko|Tapu Koko|100\/100\n|-fieldstart|move: Electric Terrain|[from] ability: Electric Surge|[of] p2a: Tapu Koko\n|move|p1a: Celesteela|Flash Cannon|p2a: Tapu Koko\n|-damage|p2a: Tapu Koko|35\/100\n|\n|upkeep\n|turn|16\n|\n|t:|1628863841\n|move|p2a: Tapu Koko|Volt Switch|p1a: Celesteela\n|-supereffective|p1a: Celesteela\n|-damage|p1a: Celesteela|2\/100\n|-enditem|p1a: Celesteela|Weakness Policy\n|-boost|p1a: Celesteela|atk|2|[from] item: Weakness Policy\n|-boost|p1a: Celesteela|spa|2|[from] item: Weakness Policy\n|\n|t:|1628863844\n|switch|p2a: Charizard|Charizard-Mega-Y, F|45\/100 tox|[from]move: Volt Switch\n|-weather|SunnyDay|[from] ability: Drought|[of] p2a: Charizard\n|move|p1a: Celesteela|Flash Cannon|p2a: Charizard\n|-resisted|p2a: Charizard\n|-damage|p2a: Charizard|5\/100 tox\n|\n|-weather|SunnyDay|[upkeep]\n|-damage|p2a: Charizard|0 fnt|[from] psn\n|faint|p2a: Charizard\n|upkeep\n|\n|t:|1628863850\n|switch|p2a: Victini|Victini|100\/100\n|turn|17\n|\n|t:|1628863854\n|switch|p1a: Toxapex|Toxapex, F|100\/100\n|move|p2a: Victini|U-turn|p1a: Toxapex\n|-resisted|p1a: Toxapex\n|-damage|p1a: Toxapex|94\/100\n|\n|t:|1628863856\n|switch|p2a: Tapu Koko|Tapu Koko|35\/100|[from]move: U-turn\n|\n|-weather|SunnyDay|[upkeep]\n|-heal|p1a: Toxapex|99\/100|[from] item: Leftovers\n|upkeep\n|turn|18\n|\n|t:|1628863860\n|switch|p2a: Greninja|Greninja, F|100\/100\n|switch|p1a: Landorus|Landorus-Therian, M, shiny|84\/100\n|-ability|p1a: Landorus|Intimidate|boost\n|-unboost|p2a: Greninja|atk|1\n|\n|-weather|SunnyDay|[upkeep]\n|upkeep\n|turn|19\n|\n|t:|1628863863\n|switch|p1a: Tapu Fini|Tapu Fini|100\/100\n|-fieldstart|move: Misty Terrain|[from] ability: Misty Surge|[of] p1a: Tapu Fini\n|move|p2a: Greninja|Ice Beam|p1a: Tapu Fini\n|-start|p2a: Greninja|typechange|Ice|[from] ability: Protean\n|-resisted|p1a: Tapu Fini\n|-damage|p1a: Tapu Fini|82\/100\n|\n|-weather|SunnyDay|[upkeep]\n|-heal|p1a: Tapu Fini|88\/100|[from] item: Leftovers\n|upkeep\n|turn|20\n|\n|t:|1628863868\n|switch|p2a: Victini|Victini|100\/100\n|move|p1a: Tapu Fini|Moonblast|p2a: Victini\n|-resisted|p2a: Victini\n|-damage|p2a: Victini|80\/100\n|-unboost|p2a: Victini|spa|1\n|\n|-weather|none\n|-heal|p1a: Tapu Fini|94\/100|[from] item: Leftovers\n|upkeep\n|turn|21\n|\n|t:|1628863870\n|move|p2a: Victini|U-turn|p1a: Tapu Fini\n|-resisted|p1a: Tapu Fini\n|-damage|p1a: Tapu Fini|83\/100\n|\n|t:|1628863872\n|switch|p2a: Tapu Koko|Tapu Koko|35\/100|[from]move: U-turn\n|-fieldstart|move: Electric Terrain|[from] ability: Electric Surge|[of] p2a: Tapu Koko\n|move|p1a: Tapu Fini|Whirlpool|p2a: Tapu Koko|[miss]\n|-miss|p1a: Tapu Fini|p2a: Tapu Koko\n|\n|-heal|p1a: Tapu Fini|89\/100|[from] item: Leftovers\n|upkeep\n|turn|22\n|\n|t:|1628863875\n|switch|p1a: Landorus|Landorus-Therian, M, shiny|84\/100\n|-ability|p1a: Landorus|Intimidate|boost\n|-unboost|p2a: Tapu Koko|atk|1\n|move|p2a: Tapu Koko|Volt Switch|p1a: Landorus\n|-immune|p1a: Landorus\n|\n|upkeep\n|turn|23\n|\n|t:|1628863879\n|switch|p2a: Tornadus|Tornadus-Therian, M|93\/100 tox\n|move|p1a: Landorus|Stone Edge|p2a: Tornadus\n|-supereffective|p2a: Tornadus\n|-damage|p2a: Tornadus|17\/100 tox\n|\n|-heal|p2a: Tornadus|23\/100 tox|[from] item: Leftovers\n|-damage|p2a: Tornadus|17\/100 tox|[from] psn\n|upkeep\n|turn|24\n|\n|t:|1628863884\n|switch|p2a: Landorus|Landorus-Therian, M|100\/100\n|-ability|p2a: Landorus|Intimidate|boost\n|-unboost|p1a: Landorus|atk|1\n|move|p1a: Landorus|Earthquake|p2a: Landorus\n|-immune|p2a: Landorus\n|\n|upkeep\n|turn|25\n|\n|t:|1628863887\n|move|p1a: Landorus|U-turn|p2a: Landorus\n|-resisted|p2a: Landorus\n|-damage|p2a: Landorus|96\/100\n|\n|t:|1628863892\n|switch|p1a: Celesteela|Celesteela|2\/100|[from]move: U-turn\n|move|p2a: Landorus|Toxic|p1a: Celesteela\n|-immune|p1a: Celesteela\n|\n|-heal|p2a: Landorus|100\/100|[from] item: Leftovers\n|-fieldend|move: Electric Terrain\n|upkeep\n|turn|26\n|\n|t:|1628863895\n|move|p2a: Landorus|U-turn|p1a: Celesteela\n|-resisted|p1a: Celesteela\n|-damage|p1a: Celesteela|0 fnt\n|faint|p1a: Celesteela\n|\n|t:|1628863898\n|switch|p2a: Tapu Koko|Tapu Koko|35\/100|[from]move: U-turn\n|-fieldstart|move: Electric Terrain|[from] ability: Electric Surge|[of] p2a: Tapu Koko\n|\n|upkeep\n|\n|t:|1628863901\n|switch|p1a: Landorus|Landorus-Therian, M, shiny|84\/100\n|-ability|p1a: Landorus|Intimidate|boost\n|-unboost|p2a: Tapu Koko|atk|1\n|turn|27\n|\n|t:|1628863904\n|move|p2a: Tapu Koko|Hidden Power|p1a: Landorus\n|-supereffective|p1a: Landorus\n|-damage|p1a: Landorus|2\/100\n|move|p1a: Landorus|U-turn|p2a: Tapu Koko\n|-resisted|p2a: Tapu Koko\n|-damage|p2a: Tapu Koko|20\/100\n|\n|t:|1628863908\n|switch|p1a: Toxapex|Toxapex, F|100\/100|[from]move: U-turn\n|\n|upkeep\n|turn|28\n|\n|t:|1628863920\n|switch|p2a: Tornadus|Tornadus-Therian, M|50\/100 tox\n|move|p1a: Toxapex|Stockpile|p1a: Toxapex\n|-start|p1a: Toxapex|stockpile1\n|-boost|p1a: Toxapex|def|1\n|-boost|p1a: Toxapex|spd|1\n|\n|-heal|p2a: Tornadus|56\/100 tox|[from] item: Leftovers\n|-damage|p2a: Tornadus|50\/100 tox|[from] psn\n|upkeep\n|turn|29\n|\n|t:|1628863927\n|switch|p2a: Tapu Koko|Tapu Koko|20\/100\n|move|p1a: Toxapex|Stockpile|p1a: Toxapex\n|-start|p1a: Toxapex|stockpile2\n|-boost|p1a: Toxapex|def|1\n|-boost|p1a: Toxapex|spd|1\n|\n|upkeep\n|turn|30\n|\n|t:|1628863929\n|move|p2a: Tapu Koko|Thunderbolt|p1a: Toxapex\n|-supereffective|p1a: Toxapex\n|-damage|p1a: Toxapex|49\/100\n|move|p1a: Toxapex|Scald|p2a: Tapu Koko\n|-damage|p2a: Tapu Koko|0 fnt\n|faint|p2a: Tapu Koko\n|\n|-heal|p1a: Toxapex|55\/100|[from] item: Leftovers\n|-fieldend|move: Electric Terrain\n|upkeep\n|\n|t:|1628863940\n|switch|p2a: Landorus|Landorus-Therian, M|100\/100\n|-ability|p2a: Landorus|Intimidate|boost\n|-unboost|p1a: Toxapex|atk|1\n|turn|31\n|\n|t:|1628863942\n|move|p2a: Landorus|Earthquake|p1a: Toxapex\n|-supereffective|p1a: Toxapex\n|-damage|p1a: Toxapex|25\/100\n|move|p1a: Toxapex|Recover|p1a: Toxapex\n|-heal|p1a: Toxapex|75\/100\n|\n|-heal|p1a: Toxapex|81\/100|[from] item: Leftovers\n|upkeep\n|turn|32\n|\n|t:|1628863944\n|move|p2a: Landorus|Earthquake|p1a: Toxapex\n|-supereffective|p1a: Toxapex\n|-damage|p1a: Toxapex|51\/100\n|move|p1a: Toxapex|Recover|p1a: Toxapex\n|-heal|p1a: Toxapex|100\/100\n|\n|upkeep\n|turn|33\n|\n|t:|1628863946\n|move|p2a: Landorus|Earthquake|p1a: Toxapex\n|-supereffective|p1a: Toxapex\n|-damage|p1a: Toxapex|72\/100\n|move|p1a: Toxapex|Stockpile|p1a: Toxapex\n|-start|p1a: Toxapex|stockpile3\n|-boost|p1a: Toxapex|def|1\n|-boost|p1a: Toxapex|spd|1\n|\n|-heal|p1a: Toxapex|78\/100|[from] item: Leftovers\n|upkeep\n|turn|34\n|\n|t:|1628863947\n|move|p2a: Landorus|Earthquake|p1a: Toxapex\n|-supereffective|p1a: Toxapex\n|-damage|p1a: Toxapex|56\/100\n|move|p1a: Toxapex|Scald|p2a: Landorus\n|-supereffective|p2a: Landorus\n|-damage|p2a: Landorus|62\/100\n|\n|-heal|p2a: Landorus|68\/100|[from] item: Leftovers\n|-heal|p1a: Toxapex|62\/100|[from] item: Leftovers\n|upkeep\n|turn|35\n|\n|t:|1628863949\n|move|p2a: Landorus|Earthquake|p1a: Toxapex\n|-supereffective|p1a: Toxapex\n|-damage|p1a: Toxapex|38\/100\n|move|p1a: Toxapex|Scald|p2a: Landorus\n|-supereffective|p2a: Landorus\n|-damage|p2a: Landorus|32\/100\n|\n|-heal|p2a: Landorus|38\/100|[from] item: Leftovers\n|-heal|p1a: Toxapex|44\/100|[from] item: Leftovers\n|upkeep\n|turn|36\n|\n|t:|1628863951\n|move|p2a: Landorus|Earthquake|p1a: Toxapex\n|-supereffective|p1a: Toxapex\n|-damage|p1a: Toxapex|20\/100\n|move|p1a: Toxapex|Recover|p1a: Toxapex\n|-heal|p1a: Toxapex|70\/100\n|\n|-heal|p2a: Landorus|44\/100|[from] item: Leftovers\n|-heal|p1a: Toxapex|76\/100|[from] item: Leftovers\n|upkeep\n|turn|37\n|\n|t:|1628863952\n|move|p2a: Landorus|Earthquake|p1a: Toxapex\n|-supereffective|p1a: Toxapex\n|-damage|p1a: Toxapex|52\/100\n|move|p1a: Toxapex|Scald|p2a: Landorus\n|-supereffective|p2a: Landorus\n|-damage|p2a: Landorus|9\/100\n|-status|p2a: Landorus|brn\n|\n|-heal|p2a: Landorus|15\/100 brn|[from] item: Leftovers\n|-heal|p1a: Toxapex|58\/100|[from] item: Leftovers\n|-damage|p2a: Landorus|9\/100 brn|[from] brn\n|upkeep\n|turn|38\n|\n|t:|1628863954\n|move|p2a: Landorus|Earthquake|p1a: Toxapex\n|-supereffective|p1a: Toxapex\n|-damage|p1a: Toxapex|46\/100\n|move|p1a: Toxapex|Scald|p2a: Landorus\n|-supereffective|p2a: Landorus\n|-damage|p2a: Landorus|0 fnt\n|faint|p2a: Landorus\n|\n|-heal|p1a: Toxapex|52\/100|[from] item: Leftovers\n|upkeep\n|\n|t:|1628863956\n|switch|p2a: Victini|Victini|80\/100\n|turn|39\n|\n|t:|1628863957\n|move|p2a: Victini|Bolt Strike|p1a: Toxapex\n|-supereffective|p1a: Toxapex\n|-damage|p1a: Toxapex|31\/100\n|move|p1a: Toxapex|Scald|p2a: Victini\n|-supereffective|p2a: Victini\n|-damage|p2a: Victini|46\/100\n|\n|-heal|p1a: Toxapex|38\/100|[from] item: Leftovers\n|upkeep\n|turn|40\n|\n|t:|1628863959\n|move|p2a: Victini|Bolt Strike|p1a: Toxapex\n|-supereffective|p1a: Toxapex\n|-damage|p1a: Toxapex|16\/100\n|move|p1a: Toxapex|Recover|p1a: Toxapex\n|-heal|p1a: Toxapex|66\/100\n|\n|-heal|p1a: Toxapex|72\/100|[from] item: Leftovers\n|upkeep\n|turn|41\n|\n|t:|1628863961\n|move|p2a: Victini|Bolt Strike|p1a: Toxapex\n|-supereffective|p1a: Toxapex\n|-damage|p1a: Toxapex|53\/100\n|move|p1a: Toxapex|Recover|p1a: Toxapex\n|-heal|p1a: Toxapex|100\/100\n|\n|upkeep\n|turn|42\n|\n|t:|1628863962\n|move|p2a: Victini|Bolt Strike|p1a: Toxapex\n|-supereffective|p1a: Toxapex\n|-damage|p1a: Toxapex|81\/100\n|-status|p1a: Toxapex|par\n|move|p1a: Toxapex|Scald|p2a: Victini\n|-supereffective|p2a: Victini\n|-damage|p2a: Victini|12\/100\n|\n|-heal|p1a: Toxapex|87\/100 par|[from] item: Leftovers\n|upkeep\n|turn|43\n|\n|t:|1628863963\n|move|p2a: Victini|Bolt Strike|p1a: Toxapex\n|-supereffective|p1a: Toxapex\n|-damage|p1a: Toxapex|67\/100 par\n|move|p1a: Toxapex|Scald|p2a: Victini\n|-supereffective|p2a: Victini\n|-damage|p2a: Victini|0 fnt\n|faint|p2a: Victini\n|\n|-heal|p1a: Toxapex|73\/100 par|[from] item: Leftovers\n|upkeep\n|\n|t:|1628863966\n|switch|p2a: Tornadus|Tornadus-Therian, M|83\/100 tox\n|turn|44\n|\n|t:|1628863969\n|move|p2a: Tornadus|Hurricane|p1a: Toxapex|[miss]\n|-miss|p2a: Tornadus|p1a: Toxapex\n|move|p1a: Toxapex|Stockpile||[still]\n|-fail|p1a: Toxapex\n|\n|-heal|p2a: Tornadus|89\/100 tox|[from] item: Leftovers\n|-heal|p1a: Toxapex|79\/100 par|[from] item: Leftovers\n|-damage|p2a: Tornadus|83\/100 tox|[from] psn\n|upkeep\n|turn|45\n|\n|t:|1628863970\n|move|p2a: Tornadus|Hurricane|p1a: Toxapex\n|-damage|p1a: Toxapex|64\/100 par\n|move|p1a: Toxapex|Stockpile||[still]\n|-fail|p1a: Toxapex\n|\n|-heal|p2a: Tornadus|89\/100 tox|[from] item: Leftovers\n|-heal|p1a: Toxapex|71\/100 par|[from] item: Leftovers\n|-damage|p2a: Tornadus|77\/100 tox|[from] psn\n|upkeep\n|turn|46\n|\n|t:|1628863972\n|move|p2a: Tornadus|Hurricane|p1a: Toxapex\n|-damage|p1a: Toxapex|57\/100 par\n|move|p1a: Toxapex|Stockpile||[still]\n|-fail|p1a: Toxapex\n|\n|-heal|p2a: Tornadus|83\/100 tox|[from] item: Leftovers\n|-heal|p1a: Toxapex|64\/100 par|[from] item: Leftovers\n|-damage|p2a: Tornadus|65\/100 tox|[from] psn\n|upkeep\n|turn|47\n|\n|t:|1628863973\n|move|p2a: Tornadus|Hurricane|p1a: Toxapex\n|-damage|p1a: Toxapex|49\/100 par\n|cant|p1a: Toxapex|par\n|\n|-heal|p2a: Tornadus|71\/100 tox|[from] item: Leftovers\n|-heal|p1a: Toxapex|55\/100 par|[from] item: Leftovers\n|-damage|p2a: Tornadus|46\/100 tox|[from] psn\n|upkeep\n|turn|48\n|\n|t:|1628863975\n|move|p2a: Tornadus|Hurricane|p1a: Toxapex\n|-damage|p1a: Toxapex|41\/100 par\n|-start|p1a: Toxapex|confusion\n|-activate|p1a: Toxapex|confusion\n|cant|p1a: Toxapex|par\n|\n|-heal|p2a: Tornadus|52\/100 tox|[from] item: Leftovers\n|-heal|p1a: Toxapex|48\/100 par|[from] item: Leftovers\n|-damage|p2a: Tornadus|22\/100 tox|[from] psn\n|upkeep\n|turn|49\n|\n|t:|1628863976\n|move|p2a: Tornadus|Hurricane|p1a: Toxapex|[miss]\n|-miss|p2a: Tornadus|p1a: Toxapex\n|-end|p1a: Toxapex|confusion\n|move|p1a: Toxapex|Recover|p1a: Toxapex\n|-heal|p1a: Toxapex|98\/100 par\n|\n|-heal|p2a: Tornadus|28\/100 tox|[from] item: Leftovers\n|-heal|p1a: Toxapex|100\/100 par|[from] item: Leftovers\n|-damage|p2a: Tornadus|0 fnt|[from] psn\n|faint|p2a: Tornadus\n|upkeep\n|\n|t:|1628863978\n|switch|p2a: Greninja|Greninja, F|100\/100\n|turn|50\n|\n|t:|1628863980\n|move|p2a: Greninja|Grass Knot|p1a: Toxapex\n|-start|p2a: Greninja|typechange|Grass|[from] ability: Protean\n|-damage|p1a: Toxapex|94\/100 par\n|move|p1a: Toxapex|Toxic|p2a: Greninja\n|-status|p2a: Greninja|tox\n|\n|-heal|p1a: Toxapex|100\/100 par|[from] item: Leftovers\n|-damage|p2a: Greninja|95\/100 tox|[from] psn\n|upkeep\n|turn|51\n|\n|t:|1628863983\n|move|p2a: Greninja|Grass Knot|p1a: Toxapex\n|-damage|p1a: Toxapex|94\/100 par\n|cant|p1a: Toxapex|par\n|\n|-heal|p1a: Toxapex|100\/100 par|[from] item: Leftovers\n|-damage|p2a: Greninja|83\/100 tox|[from] psn\n|upkeep\n|turn|52\n|\n|t:|1628863984\n|move|p2a: Greninja|Gunk Shot|p1a: Toxapex|[miss]\n|-start|p2a: Greninja|typechange|Poison|[from] ability: Protean\n|-miss|p2a: Greninja|p1a: Toxapex\n|move|p1a: Toxapex|Stockpile||[still]\n|-fail|p1a: Toxapex\n|\n|-damage|p2a: Greninja|65\/100 tox|[from] psn\n|upkeep\n|turn|53\n|\n|t:|1628863988\n|move|p2a: Greninja|Surf|p1a: Toxapex\n|-start|p2a: Greninja|typechange|Water|[from] ability: Protean\n|-resisted|p1a: Toxapex\n|-damage|p1a: Toxapex|94\/100 par\n|move|p1a: Toxapex|Stockpile||[still]\n|-fail|p1a: Toxapex\n|\n|-heal|p1a: Toxapex|100\/100 par|[from] item: Leftovers\n|-damage|p2a: Greninja|41\/100 tox|[from] psn\n|upkeep\n|turn|54\n|\n|t:|1628863989\n|move|p2a: Greninja|Surf|p1a: Toxapex\n|-resisted|p1a: Toxapex\n|-damage|p1a: Toxapex|94\/100 par\n|cant|p1a: Toxapex|par\n|\n|-heal|p1a: Toxapex|99\/100 par|[from] item: Leftovers\n|-damage|p2a: Greninja|11\/100 tox|[from] psn\n|upkeep\n|turn|55\n|\n|t:|1628863990\n|move|p2a: Greninja|Surf|p1a: Toxapex\n|-resisted|p1a: Toxapex\n|-damage|p1a: Toxapex|93\/100 par\n|move|p1a: Toxapex|Stockpile||[still]\n|-fail|p1a: Toxapex\n|\n|-heal|p1a: Toxapex|99\/100 par|[from] item: Leftovers\n|-damage|p2a: Greninja|0 fnt|[from] psn\n|faint|p2a: Greninja\n|\n|win|Mandibuladel5555\n|upkeep\n|raw|Mandibuladel5555's rating: 1377 &rarr; <strong>1399<\/strong><br \/>(+22 for winning)\n|raw|Therockcena's rating: 1417 &rarr; <strong>1395<\/strong><br \/>(-22 for losing)\n||Ladder isn't responding, score probably updated but might not have (Request timeout).\n","uploadtime":1628864038,"views":9,"p1id":"mandibuladel5555","p2id":"therockcena","formatid":"gen7ou","rating":1395,"private":0,"password":null}