{"id":"gen7ou-654208291","p1":"RaiyanGotNo3DS","p2":"Candice","format":"gen7ou","log":"|j|RaiyanGotNo3DS\n|j|Candice\n|player|p1|RaiyanGotNo3DS|162\n|teamsize|p1|6\n|player|p2|Candice|36\n|teamsize|p2|6\n|gametype|singles\n|gen|7\n|tier|[Gen 7] OU\n|rated|\n|seed|21548,60013,48441,31784\n|rule|Sleep Clause Mod: Limit one foe put to sleep\n|rule|Species Clause: Limit one of each Pok\u00e9mon\n|rule|OHKO Clause: OHKO moves are banned\n|rule|Moody Clause: Moody is banned\n|rule|Evasion Moves Clause: Evasion moves are banned\n|rule|Endless Battle Clause: Forcing endless battles is banned\n|rule|HP Percentage Mod: HP is shown in percentages\n|clearpoke\n|poke|p1|Hoopa-Unbound|item\n|poke|p1|Tapu Koko|item\n|poke|p1|Greninja, M|item\n|poke|p1|Scizor, F|item\n|poke|p1|Landorus-Therian, M|item\n|poke|p1|Zygarde|item\n|poke|p2|Landorus-Therian, M|item\n|poke|p2|Lopunny, F|item\n|poke|p2|Latios, M|item\n|poke|p2|Gastrodon, F|item\n|poke|p2|Tapu Lele|item\n|poke|p2|Celesteela|item\n|teampreview\n|choice|team 2, team 1, team 3, team 4, team 5, team 6|team 5, team 2, team 3, team 4, team 1, team 6\n|\n|start\n|switch|p1a: Tapu Koko|Tapu Koko|281\/281\n|switch|p2a: Tapu Lele|Tapu Lele|281\/281\n|-fieldstart|move: Electric Terrain|[from] ability: Electric Surge|[of] p1a: Tapu Koko\n|-fieldstart|move: Psychic Terrain|[from] ability: Psychic Surge|[of] p2a: Tapu Lele\n|turn|1\n|inactive|Battle timer is ON: inactive players will automatically lose when time's up. (requested by RaiyanGotNo3DS)\n|choice|move uturn|move psychic\n|\n|move|p1a: Tapu Koko|U-turn|p2a: Tapu Lele\n|-damage|p2a: Tapu Lele|207\/281\n|choice|switch 4|\n|\n|switch|p1a: Scizor|Scizor, F|343\/343\n|move|p2a: Tapu Lele|Psychic|p1a: Scizor\n|-resisted|p1a: Scizor\n|-damage|p1a: Scizor|185\/343\n|\n|upkeep\n|turn|2\n|choice|move roost mega|move psychic\n|\n|detailschange|p1a: Scizor|Scizor-Mega, F\n|-mega|p1a: Scizor|Scizor|Scizorite\n|move|p2a: Tapu Lele|Psychic|p1a: Scizor\n|-resisted|p1a: Scizor\n|-damage|p1a: Scizor|47\/343\n|move|p1a: Scizor|Roost|p1a: Scizor\n|-heal|p1a: Scizor|219\/343\n|\n|upkeep\n|turn|3\n|choice|move roost|switch 6\n|\n|switch|p2a: Kaguya|Celesteela|398\/398\n|move|p1a: Scizor|Roost|p1a: Scizor\n|-heal|p1a: Scizor|343\/343\n|\n|upkeep\n|turn|4\n|choice|switch 2|move leechseed\n|\n|switch|p1a: Hoopa|Hoopa-Unbound|301\/301\n|move|p2a: Kaguya|Leech Seed|p1a: Hoopa\n|-start|p1a: Hoopa|move: Leech Seed\n|\n|-damage|p1a: Hoopa|264\/301|[from] Leech Seed|[of] p2a: Kaguya\n|upkeep\n|turn|5\n|choice|move hyperspacefury|move protect\n|\n|move|p2a: Kaguya|Protect|p2a: Kaguya\n|-singleturn|p2a: Kaguya|Protect\n|move|p1a: Hoopa|Hyperspace Fury|p2a: Kaguya\n|-activate|p2a: Kaguya|move: Hyperspace Fury|[broken]\n|-crit|p2a: Kaguya\n|-damage|p2a: Kaguya|8\/398\n|-unboost|p1a: Hoopa|def|1\n|\n|-heal|p2a: Kaguya|32\/398|[from] item: Leftovers\n|-damage|p1a: Hoopa|227\/301|[from] Leech Seed|[of] p2a: Kaguya\n|-heal|p2a: Kaguya|69\/398|[silent]\n|-fieldend|move: Psychic Terrain\n|upkeep\n|turn|6\n|choice|move hyperspacefury|switch 5\n|\n|switch|p2a: Meow Meow|Landorus-Therian, M|319\/319\n|-ability|p2a: Meow Meow|Intimidate|boost\n|-unboost|p1a: Hoopa|atk|1\n|move|p1a: Hoopa|Hyperspace Fury|p2a: Meow Meow\n|-damage|p2a: Meow Meow|76\/319\n|-unboost|p1a: Hoopa|def|1\n|\n|-damage|p1a: Hoopa|190\/301|[from] Leech Seed|[of] p2a: Meow Meow\n|-heal|p2a: Meow Meow|113\/319|[silent]\n|upkeep\n|turn|7\n|choice|switch 5|move stealthrock\n|\n|switch|p1a: Landorus|Landorus-Therian, M|382\/382\n|-ability|p1a: Landorus|Intimidate|boost\n|-unboost|p2a: Meow Meow|atk|1\n|move|p2a: Meow Meow|Stealth Rock|p1a: Landorus\n|-sidestart|p1: RaiyanGotNo3DS|move: Stealth Rock\n|\n|upkeep\n|turn|8\n|choice|move stealthrock|switch 5\n|\n|switch|p2a: Kaguya|Celesteela|69\/398\n|move|p1a: Landorus|Stealth Rock|p2a: Kaguya\n|-sidestart|p2: Candice|move: Stealth Rock\n|\n|-heal|p2a: Kaguya|93\/398|[from] item: Leftovers\n|upkeep\n|turn|9\n|choice|move uturn|move leechseed\n|\n|move|p1a: Landorus|U-turn|p2a: Kaguya\n|-resisted|p2a: Kaguya\n|-damage|p2a: Kaguya|79\/398\n|choice|switch 4|\n|\n|switch|p1a: Tapu Koko|Tapu Koko|281\/281\n|-damage|p1a: Tapu Koko|246\/281|[from] Stealth Rock\n|-fieldstart|move: Electric Terrain|[from] ability: Electric Surge|[of] p1a: Tapu Koko\n|move|p2a: Kaguya|Leech Seed|p1a: Tapu Koko\n|-start|p1a: Tapu Koko|move: Leech Seed\n|\n|-heal|p2a: Kaguya|103\/398|[from] item: Leftovers\n|-damage|p1a: Tapu Koko|211\/281|[from] Leech Seed|[of] p2a: Kaguya\n|-heal|p2a: Kaguya|138\/398|[silent]\n|upkeep\n|turn|10\n|choice|move thunderbolt|move heavyslam\n|\n|move|p1a: Tapu Koko|Thunderbolt|p2a: Kaguya\n|-supereffective|p2a: Kaguya\n|-damage|p2a: Kaguya|0 fnt\n|faint|p2a: Kaguya\n|\n|upkeep\n|choice||switch 4\n|\n|switch|p2a: Gastrodon|Gastrodon, F|426\/426\n|-damage|p2a: Gastrodon|400\/426|[from] Stealth Rock\n|turn|11\n|choice|move grassknot|move toxic\n|\n|move|p1a: Tapu Koko|Grass Knot|p2a: Gastrodon\n|-supereffective|p2a: Gastrodon\n|-damage|p2a: Gastrodon|204\/426\n|move|p2a: Gastrodon|Toxic|p1a: Tapu Koko\n|-status|p1a: Tapu Koko|tox\n|\n|-heal|p2a: Gastrodon|230\/426|[from] item: Leftovers\n|-damage|p1a: Tapu Koko|176\/281 tox|[from] Leech Seed|[of] p2a: Gastrodon\n|-heal|p2a: Gastrodon|265\/426|[silent]\n|-damage|p1a: Tapu Koko|159\/281 tox|[from] psn\n|upkeep\n|turn|12\n|choice|switch 5|move recover\n|\n|switch|p1a: Hoopa|Hoopa-Unbound|190\/301\n|-damage|p1a: Hoopa|153\/301|[from] Stealth Rock\n|move|p2a: Gastrodon|Recover|p2a: Gastrodon\n|-heal|p2a: Gastrodon|426\/426\n|\n|upkeep\n|turn|13\n|choice|move hyperspacefury|move earthquake\n|\n|move|p1a: Hoopa|Hyperspace Fury|p2a: Gastrodon\n|-damage|p2a: Gastrodon|0 fnt\n|-unboost|p1a: Hoopa|def|1\n|faint|p2a: Gastrodon\n|\n|-fieldend|move: Electric Terrain\n|upkeep\n|inactive|Candice has 135 seconds left.\n|choice||switch 5\n|\n|switch|p2a: Meow Meow|Landorus-Therian, M|113\/319\n|-damage|p2a: Meow Meow|74\/319|[from] Stealth Rock\n|-ability|p2a: Meow Meow|Intimidate|boost\n|-unboost|p1a: Hoopa|atk|1\n|turn|14\n|choice|switch 4|move fly zmove\n|\n|switch|p1a: Landorus|Landorus-Therian, M|382\/382\n|-damage|p1a: Landorus|335\/382|[from] Stealth Rock\n|-ability|p1a: Landorus|Intimidate|boost\n|-unboost|p2a: Meow Meow|atk|1\n|-zpower|p2a: Meow Meow\n|move|p2a: Meow Meow|Supersonic Skystrike|p1a: Landorus|[zeffect]\n|-damage|p1a: Landorus|142\/382\n|\n|upkeep\n|turn|15\n|inactive|Candice has 135 seconds left.\n|choice|move uturn|switch 3\n|\n|switch|p2a: Latios|Latios, M|301\/301\n|-damage|p2a: Latios|264\/301|[from] Stealth Rock\n|move|p1a: Landorus|U-turn|p2a: Latios\n|-supereffective|p2a: Latios\n|-damage|p2a: Latios|80\/301\n|choice|switch 3|\n|\n|switch|p1a: Greninja|Greninja, M|285\/285\n|-damage|p1a: Greninja|250\/285|[from] Stealth Rock\n|\n|upkeep\n|turn|16\n|choice|move uturn|move dracometeor\n|\n|move|p1a: Greninja|U-turn|p2a: Latios\n|-start|p1a: Greninja|typechange|Bug|[from] Protean\n|-supereffective|p2a: Latios\n|-damage|p2a: Latios|0 fnt\n|faint|p2a: Latios\n|choice|switch 2|\n|\n|switch|p1a: Scizor|Scizor-Mega, F|343\/343\n|-damage|p1a: Scizor|301\/343|[from] Stealth Rock\n|\n|upkeep\n|choice||switch 6\n|\n|switch|p2a: Tapu Lele|Tapu Lele|207\/281\n|-damage|p2a: Tapu Lele|172\/281|[from] Stealth Rock\n|-fieldstart|move: Psychic Terrain|[from] ability: Psychic Surge|[of] p2a: Tapu Lele\n|turn|17\n|choice|switch 4|move hiddenpower\n|\n|switch|p1a: Hoopa|Hoopa-Unbound|153\/301\n|-damage|p1a: Hoopa|116\/301|[from] Stealth Rock\n|move|p2a: Tapu Lele|Hidden Power|p1a: Hoopa\n|-damage|p1a: Hoopa|30\/301\n|\n|upkeep\n|turn|18\n|choice|move hyperspacefury|move hiddenpower\n|\n|move|p2a: Tapu Lele|Hidden Power|p1a: Hoopa\n|-damage|p1a: Hoopa|0 fnt\n|faint|p1a: Hoopa\n|\n|upkeep\n|choice|switch 2|\n|\n|switch|p1a: Greninja|Greninja, M|250\/285\n|-damage|p1a: Greninja|215\/285|[from] Stealth Rock\n|turn|19\n|choice|move uturn|switch 3\n|\n|switch|p2a: Meow Meow|Landorus-Therian, M|74\/319\n|-damage|p2a: Meow Meow|35\/319|[from] Stealth Rock\n|-ability|p2a: Meow Meow|Intimidate|boost\n|-unboost|p1a: Greninja|atk|1\n|move|p1a: Greninja|U-turn|p2a: Meow Meow\n|-start|p1a: Greninja|typechange|Bug|[from] Protean\n|-resisted|p2a: Meow Meow\n|-damage|p2a: Meow Meow|1\/319\n|inactive|RaiyanGotNo3DS has 135 seconds left.\n|choice|switch 5|\n|\n|switch|p1a: Tapu Koko|Tapu Koko|159\/281 tox\n|-damage|p1a: Tapu Koko|124\/281 tox|[from] Stealth Rock\n|-fieldstart|move: Electric Terrain|[from] ability: Electric Surge|[of] p1a: Tapu Koko\n|\n|-damage|p1a: Tapu Koko|107\/281 tox|[from] psn\n|upkeep\n|turn|20\n|choice|move uturn|move earthquake\n|\n|move|p1a: Tapu Koko|U-turn|p2a: Meow Meow\n|-resisted|p2a: Meow Meow\n|-damage|p2a: Meow Meow|0 fnt\n|faint|p2a: Meow Meow\n|choice|switch 5|\n|\n|switch|p1a: Greninja|Greninja, M|215\/285\n|-damage|p1a: Greninja|180\/285|[from] Stealth Rock\n|\n|upkeep\n|choice||switch 2\n|\n|switch|p2a: Lopunny|Lopunny, F|271\/271\n|-damage|p2a: Lopunny|238\/271|[from] Stealth Rock\n|turn|21\n|choice|switch 3|move poweruppunch mega\n|\n|switch|p1a: Landorus|Landorus-Therian, M|142\/382\n|-damage|p1a: Landorus|95\/382|[from] Stealth Rock\n|-ability|p1a: Landorus|Intimidate|boost\n|-unboost|p2a: Lopunny|atk|1\n|detailschange|p2a: Lopunny|Lopunny-Mega, F\n|-mega|p2a: Lopunny|Lopunny|Lopunnite\n|move|p2a: Lopunny|Power-Up Punch|p1a: Landorus\n|-resisted|p1a: Landorus\n|-damage|p1a: Landorus|74\/382\n|-damage|p2a: Lopunny|193\/271|[from] item: Rocky Helmet|[of] p1a: Landorus\n|-boost|p2a: Lopunny|atk|1\n|\n|upkeep\n|turn|22\n|choice|move earthquake|move highjumpkick\n|\n|move|p2a: Lopunny|High Jump Kick|p1a: Landorus\n|-resisted|p1a: Landorus\n|-damage|p1a: Landorus|0 fnt\n|-damage|p2a: Lopunny|148\/271|[from] item: Rocky Helmet|[of] p1a: Landorus\n|faint|p1a: Landorus\n|\n|upkeep\n|choice|switch 6|\n|\n|switch|p1a: Zygarde|Zygarde|358\/358\n|-damage|p1a: Zygarde|336\/358|[from] Stealth Rock\n|-ability|p1a: Zygarde|Aura Break\n|turn|23\n|choice|move thousandarrows|move highjumpkick\n|\n|move|p2a: Lopunny|High Jump Kick|p1a: Zygarde\n|-damage|p1a: Zygarde|120\/358\n|move|p1a: Zygarde|Thousand Arrows|p2a: Lopunny\n|-damage|p2a: Lopunny|0 fnt\n|faint|p2a: Lopunny\n|\n|-fieldend|move: Electric Terrain\n|upkeep\n|choice||switch 3\n|\n|switch|p2a: Tapu Lele|Tapu Lele|172\/281\n|-damage|p2a: Tapu Lele|137\/281|[from] Stealth Rock\n|-fieldstart|move: Psychic Terrain|[from] ability: Psychic Surge|[of] p2a: Tapu Lele\n|turn|24\n|c|\u2606Candice|gg\n|choice|switch 5|move moonblast\n|\n|switch|p1a: Tapu Koko|Tapu Koko|107\/281 tox\n|-damage|p1a: Tapu Koko|72\/281 tox|[from] Stealth Rock\n|-fieldstart|move: Electric Terrain|[from] ability: Electric Surge|[of] p1a: Tapu Koko\n|move|p2a: Tapu Lele|Moonblast|p1a: Tapu Koko\n|-damage|p1a: Tapu Koko|0 fnt\n|faint|p1a: Tapu Koko\n|\n|upkeep\n|c|\u2606RaiyanGotNo3DS|gg\n|choice|switch 4|\n|\n|switch|p1a: Scizor|Scizor-Mega, F|301\/343\n|-damage|p1a: Scizor|259\/343|[from] Stealth Rock\n|turn|25\n|choice|move bulletpunch|move moonblast\n|\n|move|p1a: Scizor|Bullet Punch|p2a: Tapu Lele\n|-supereffective|p2a: Tapu Lele\n|-crit|p2a: Tapu Lele\n|-damage|p2a: Tapu Lele|0 fnt\n|faint|p2a: Tapu Lele\n|\n|win|RaiyanGotNo3DS\n|raw|RaiyanGotNo3DS's rating: 1576 &rarr; <strong>1599<\/strong><br \/>(+23 for winning)\n|raw|Candice's rating: 1630 &rarr; <strong>1606<\/strong><br \/>(-24 for losing)\n|l|Candice","inputlog":null,"uploadtime":1509696295,"views":77,"p1id":"raiyangotno3ds","p2id":"candice","formatid":"gen7ou","rating":1599,"private":0,"password":null}