{"id":"gen7randombattle-918259493","p1":"comp233","p2":"zeta2048","format":"gen7randombattle","log":"|j|\u2606comp233\n|j|\u2606zeta2048\n|player|p1|comp233|115\n|player|p2|zeta2048|169\n|teamsize|p1|6\n|teamsize|p2|6\n|gametype|singles\n|gen|7\n|tier|[Gen 7] Random Battle\n|rated|\n|rule|Sleep Clause Mod: Limit one foe put to sleep\n|rule|HP Percentage Mod: HP is shown in percentages\n|\n|start\n|switch|p1a: Avalugg|Avalugg, L89, M|100\/100\n|switch|p2a: Marowak|Marowak-Alola, L84, F|100\/100\n|turn|1\n|\n|move|p2a: Marowak|Will-O-Wisp|p1a: Avalugg\n|-status|p1a: Avalugg|brn\n|move|p1a: Avalugg|Toxic|p2a: Marowak|[miss]\n|-miss|p1a: Avalugg|p2a: Marowak\n|\n|-damage|p1a: Avalugg|94\/100 brn|[from] brn\n|upkeep\n|turn|2\n|\n|switch|p2a: Sigilyph|Sigilyph, L86, M|100\/100\n|move|p1a: Avalugg|Toxic|p2a: Sigilyph\n|-status|p2a: Sigilyph|tox\n|\n|-heal|p1a: Avalugg|100\/100 brn|[from] item: Leftovers\n|-damage|p1a: Avalugg|94\/100 brn|[from] brn\n|upkeep\n|turn|3\n|\n|switch|p1a: Tapu Koko|Tapu Koko, L80|100\/100\n|-fieldstart|move: Electric Terrain|[from] ability: Electric Surge|[of] p1a: Tapu Koko\n|move|p2a: Sigilyph|Cosmic Power|p2a: Sigilyph\n|-boost|p2a: Sigilyph|def|1\n|-boost|p2a: Sigilyph|spd|1\n|\n|upkeep\n|turn|4\n|\n|switch|p2a: Marowak|Marowak-Alola, L84, F|100\/100\n|move|p1a: Tapu Koko|Nature's Madness|p2a: Marowak\n|-damage|p2a: Marowak|50\/100\n|-damage|p1a: Tapu Koko|91\/100|[from] item: Life Orb\n|\n|upkeep\n|turn|5\n|\n|switch|p1a: Umbreon|Umbreon, L84, M|100\/100\n|move|p2a: Marowak|Shadow Bone|p1a: Umbreon\n|-resisted|p1a: Umbreon\n|-damage|p1a: Umbreon|77\/100\n|\n|-heal|p1a: Umbreon|83\/100|[from] item: Leftovers\n|upkeep\n|turn|6\n|\n|switch|p2a: Sigilyph|Sigilyph, L86, M|100\/100 tox\n|move|p1a: Umbreon|Heal Bell|p1a: Umbreon\n|-activate|p1a: Umbreon|move: Heal Bell\n|-curestatus|p1: Avalugg|brn|[msg]\n|\n|-heal|p1a: Umbreon|89\/100|[from] item: Leftovers\n|upkeep\n|turn|7\n|\n|switch|p1a: Avalugg|Avalugg, L89, M|94\/100\n|move|p2a: Sigilyph|Psycho Shift|p1a: Avalugg\n|-status|p1a: Avalugg|tox\n|-curestatus|p2a: Sigilyph|tox|[msg]\n|\n|-heal|p1a: Avalugg|100\/100 tox|[from] item: Leftovers\n|-damage|p1a: Avalugg|94\/100 tox|[from] psn\n|-fieldend|move: Electric Terrain\n|-status|p2a: Sigilyph|brn|[from] item: Flame Orb\n|upkeep\n|turn|8\n|\n|move|p2a: Sigilyph|Cosmic Power|p2a: Sigilyph\n|-boost|p2a: Sigilyph|def|1\n|-boost|p2a: Sigilyph|spd|1\n|move|p1a: Avalugg|Avalanche|p2a: Sigilyph\n|-supereffective|p2a: Sigilyph\n|-damage|p2a: Sigilyph|59\/100 brn\n|\n|-heal|p1a: Avalugg|100\/100 tox|[from] item: Leftovers\n|-damage|p1a: Avalugg|88\/100 tox|[from] psn\n|upkeep\n|turn|9\n|\n|move|p2a: Sigilyph|Psycho Shift||[still]\n|-fail|p2a: Sigilyph\n|move|p1a: Avalugg|Roar|p2a: Sigilyph\n|drag|p2a: Marowak|Marowak-Alola, L84, F|50\/100\n|\n|-heal|p1a: Avalugg|94\/100 tox|[from] item: Leftovers\n|-damage|p1a: Avalugg|76\/100 tox|[from] psn\n|upkeep\n|turn|10\n|\n|move|p2a: Marowak|Stone Edge|p1a: Avalugg\n|-supereffective|p1a: Avalugg\n|-damage|p1a: Avalugg|38\/100 tox\n|move|p1a: Avalugg|Toxic|p2a: Marowak|[miss]\n|-miss|p1a: Avalugg|p2a: Marowak\n|\n|-heal|p1a: Avalugg|44\/100 tox|[from] item: Leftovers\n|-damage|p1a: Avalugg|20\/100 tox|[from] psn\n|upkeep\n|turn|11\n|\n|move|p2a: Marowak|Flame Charge|p1a: Avalugg\n|-supereffective|p1a: Avalugg\n|-damage|p1a: Avalugg|0 fnt\n|-boost|p2a: Marowak|spe|1\n|faint|p1a: Avalugg\n|\n|upkeep\n|\n|switch|p1a: Archeops|Archeops, L87, F|100\/100\n|turn|12\n|\n|move|p1a: Archeops|Stone Edge|p2a: Marowak\n|-supereffective|p2a: Marowak\n|-crit|p2a: Marowak\n|-damage|p2a: Marowak|0 fnt\n|faint|p2a: Marowak\n|\n|upkeep\n|\n|switch|p2a: Sableye|Sableye, L88, F|100\/100\n|turn|13\n|\n|switch|p1a: Tapu Koko|Tapu Koko, L80|91\/100\n|-fieldstart|move: Electric Terrain|[from] ability: Electric Surge|[of] p1a: Tapu Koko\n|move|p2a: Sableye|Knock Off|p1a: Tapu Koko\n|-resisted|p1a: Tapu Koko\n|-damage|p1a: Tapu Koko|70\/100\n|-enditem|p1a: Tapu Koko|Life Orb|[from] move: Knock Off|[of] p2a: Sableye\n|\n|upkeep\n|turn|14\n|\n|move|p2a: Sableye|Toxic|p1a: Tapu Koko\n|-status|p1a: Tapu Koko|tox\n|move|p1a: Tapu Koko|Dazzling Gleam|p2a: Sableye\n|-supereffective|p2a: Sableye\n|-damage|p2a: Sableye|17\/100\n|\n|-heal|p2a: Sableye|23\/100|[from] item: Leftovers\n|-damage|p1a: Tapu Koko|64\/100 tox|[from] psn\n|upkeep\n|turn|15\n|\n|move|p2a: Sableye|Taunt|p1a: Tapu Koko\n|-start|p1a: Tapu Koko|move: Taunt\n|move|p1a: Tapu Koko|Dazzling Gleam|p2a: Sableye\n|-supereffective|p2a: Sableye\n|-damage|p2a: Sableye|0 fnt\n|faint|p2a: Sableye\n|\n|-damage|p1a: Tapu Koko|52\/100 tox|[from] psn\n|upkeep\n|\n|switch|p2a: Houndoom|Houndoom, L87, M|100\/100\n|turn|16\n|\n|move|p1a: Tapu Koko|Thunderbolt|p2a: Houndoom\n|-damage|p2a: Houndoom|52\/100\n|-status|p2a: Houndoom|par\n|cant|p2a: Houndoom|par\n|\n|-damage|p1a: Tapu Koko|33\/100 tox|[from] psn\n|upkeep\n|turn|17\n|\n|switch|p1a: Umbreon|Umbreon, L84, M|89\/100\n|move|p2a: Houndoom|Fire Blast|p1a: Umbreon|[miss]\n|-miss|p2a: Houndoom|p1a: Umbreon\n|\n|-heal|p1a: Umbreon|95\/100|[from] item: Leftovers\n|-fieldend|move: Electric Terrain\n|upkeep\n|turn|18\n|\n|move|p1a: Umbreon|Heal Bell|p1a: Umbreon\n|-activate|p1a: Umbreon|move: Heal Bell\n|-curestatus|p1: Tapu Koko|tox|[msg]\n|move|p2a: Houndoom|Fire Blast|p1a: Umbreon\n|-damage|p1a: Umbreon|55\/100\n|-damage|p2a: Houndoom|42\/100 par|[from] item: Life Orb\n|\n|-heal|p1a: Umbreon|61\/100|[from] item: Leftovers\n|upkeep\n|turn|19\n|\n|switch|p2a: Sigilyph|Sigilyph, L86, M|59\/100 brn\n|move|p1a: Umbreon|Wish|p1a: Umbreon\n|\n|-heal|p1a: Umbreon|67\/100|[from] item: Leftovers\n|upkeep\n|turn|20\n|l|\u2606zeta2048\n|player|p2|\n|j|\u2606zeta2048\n|player|p2|zeta2048|169\n|\n|switch|p1a: Tapu Koko|Tapu Koko, L80|33\/100\n|-fieldstart|move: Electric Terrain|[from] ability: Electric Surge|[of] p1a: Tapu Koko\n|move|p2a: Sigilyph|Psycho Shift|p1a: Tapu Koko\n|-status|p1a: Tapu Koko|brn\n|-curestatus|p2a: Sigilyph|brn|[msg]\n|\n|-heal|p1a: Tapu Koko|94\/100 brn|[from] move: Wish|[wisher] Umbreon\n|-damage|p1a: Tapu Koko|88\/100 brn|[from] brn\n|-status|p2a: Sigilyph|brn|[from] item: Flame Orb\n|upkeep\n|turn|21\n|\n|switch|p2a: Houndoom|Houndoom, L87, M|42\/100 par\n|move|p1a: Tapu Koko|Thunderbolt|p2a: Houndoom\n|-damage|p2a: Houndoom|0 fnt\n|faint|p2a: Houndoom\n|\n|-damage|p1a: Tapu Koko|82\/100 brn|[from] brn\n|upkeep\n|\n|switch|p2a: Haxorus|Haxorus, L82, M|100\/100\n|-ability|p2a: Haxorus|Mold Breaker\n|turn|22\n|\n|move|p1a: Tapu Koko|Dazzling Gleam|p2a: Haxorus\n|-supereffective|p2a: Haxorus\n|-damage|p2a: Haxorus|33\/100\n|move|p2a: Haxorus|Dragon Dance|p2a: Haxorus\n|-boost|p2a: Haxorus|atk|1\n|-boost|p2a: Haxorus|spe|1\n|\n|-damage|p1a: Tapu Koko|75\/100 brn|[from] brn\n|upkeep\n|turn|23\n|\n|switch|p1a: Articuno|Articuno, L88|100\/100\n|-ability|p1a: Articuno|Pressure\n|move|p2a: Haxorus|Poison Jab|p1a: Articuno\n|-damage|p1a: Articuno|69\/100\n|\n|-heal|p1a: Articuno|75\/100|[from] item: Leftovers\n|upkeep\n|turn|24\n|\n|move|p2a: Haxorus|Outrage|p1a: Articuno\n|-damage|p1a: Articuno|0 fnt\n|faint|p1a: Articuno\n|\n|-fieldend|move: Electric Terrain\n|upkeep\n|\n|switch|p1a: Tapu Koko|Tapu Koko, L80|75\/100 brn\n|-fieldstart|move: Electric Terrain|[from] ability: Electric Surge|[of] p1a: Tapu Koko\n|turn|25\n|\n|move|p2a: Haxorus|Outrage|p1a: Tapu Koko|[from]lockedmove\n|-immune|p1a: Tapu Koko\n|move|p1a: Tapu Koko|Dazzling Gleam|p2a: Haxorus\n|-supereffective|p2a: Haxorus\n|-damage|p2a: Haxorus|0 fnt\n|faint|p2a: Haxorus\n|\n|-damage|p1a: Tapu Koko|69\/100 brn|[from] brn\n|upkeep\n|\n|switch|p2a: Altaria|Altaria, L82, M|100\/100\n|turn|26\n|\n|detailschange|p2a: Altaria|Altaria-Mega, L82, M\n|-mega|p2a: Altaria|Altaria|Altarianite\n|move|p1a: Tapu Koko|Dazzling Gleam|p2a: Altaria\n|-supereffective|p2a: Altaria\n|-crit|p2a: Altaria\n|-damage|p2a: Altaria|19\/100\n|move|p2a: Altaria|Dragon Dance|p2a: Altaria\n|-boost|p2a: Altaria|atk|1\n|-boost|p2a: Altaria|spe|1\n|\n|-damage|p1a: Tapu Koko|63\/100 brn|[from] brn\n|upkeep\n|turn|27\n|\n|switch|p1a: Archeops|Archeops, L87, F|100\/100\n|move|p2a: Altaria|Return|p1a: Archeops\n|-damage|p1a: Archeops|8\/100\n|\n|upkeep\n|turn|28\n|\n|move|p2a: Altaria|Return|p1a: Archeops\n|-damage|p1a: Archeops|0 fnt\n|faint|p1a: Archeops\n|\n|upkeep\n|\n|switch|p1a: Meloetta|Meloetta, L83|100\/100\n|turn|29\n|\n|move|p2a: Altaria|Roost|p2a: Altaria\n|-heal|p2a: Altaria|69\/100\n|-singleturn|p2a: Altaria|move: Roost\n|move|p1a: Meloetta|Relic Song|p2a: Altaria\n|-damage|p2a: Altaria|37\/100\n|-formechange|p1a: Meloetta|Meloetta-Pirouette|[msg]\n|\n|-fieldend|move: Electric Terrain\n|upkeep\n|turn|30\n|\n|switch|p1a: Umbreon|Umbreon, L84, M|67\/100\n|move|p2a: Altaria|Return|p1a: Umbreon\n|-supereffective|p1a: Umbreon\n|-damage|p1a: Umbreon|0 fnt\n|faint|p1a: Umbreon\n|\n|upkeep\n|\n|switch|p1a: Meloetta|Meloetta, L83|100\/100\n|turn|31\n|\n|move|p2a: Altaria|Roost|p2a: Altaria\n|-heal|p2a: Altaria|87\/100\n|-singleturn|p2a: Altaria|move: Roost\n|move|p1a: Meloetta|Return|p2a: Altaria\n|-damage|p2a: Altaria|58\/100\n|\n|upkeep\n|turn|32\n|\n|move|p2a: Altaria|Return|p1a: Meloetta\n|-damage|p1a: Meloetta|20\/100\n|move|p1a: Meloetta|Relic Song|p2a: Altaria\n|-damage|p2a: Altaria|25\/100\n|-formechange|p1a: Meloetta|Meloetta-Pirouette|[msg]\n|\n|upkeep\n|turn|33\n|\n|move|p2a: Altaria|Return|p1a: Meloetta\n|-supereffective|p1a: Meloetta\n|-damage|p1a: Meloetta|0 fnt\n|faint|p1a: Meloetta\n|\n|upkeep\n|\n|switch|p1a: Tapu Koko|Tapu Koko, L80|63\/100 brn\n|-fieldstart|move: Electric Terrain|[from] ability: Electric Surge|[of] p1a: Tapu Koko\n|turn|34\n|\n|move|p2a: Altaria|Earthquake|p1a: Tapu Koko\n|-supereffective|p1a: Tapu Koko\n|-damage|p1a: Tapu Koko|0 fnt\n|faint|p1a: Tapu Koko\n|\n|win|zeta2048\n|raw|comp233's rating: 1730 &rarr; <strong>1712<\/strong><br \/>(-18 for losing)\n|raw|zeta2048's rating: 1765 &rarr; <strong>1783<\/strong><br \/>(+18 for winning)\n|l|\u2606comp233\n","inputlog":">version e3c57a6cce861eef12f7cb6ae3439b883bc8870f\n>start {\"formatid\":\"gen7randombattle\",\"seed\":[57427,3573,57371,45221],\"rated\":\"Rated battle\"}\n>player p1 {\"name\":\"comp233\",\"avatar\":\"115\",\"team\":\"\",\"seed\":[25614,13491,37199,40538]}\n>player p2 {\"name\":\"zeta2048\",\"avatar\":\"169\",\"team\":\"\",\"seed\":[28369,32561,30597,19419]}\n>p1 move toxic\n>p2 move willowisp\n>p1 move toxic\n>p2 switch 5\n>p1 switch 2\n>p2 move cosmicpower\n>p1 move naturesmadness\n>p2 switch 5\n>p1 switch 5\n>p2 move shadowbone\n>p1 move healbell\n>p2 switch 5\n>p1 switch 2\n>p2 move psychoshift\n>p1 move avalanche\n>p2 move cosmicpower\n>p1 move roar\n>p2 move psychoshift\n>p1 move toxic\n>p2 move stoneedge\n>p1 move avalanche\n>p2 move flamecharge\n>p1 switch 3\n>p1 move stoneedge\n>p2 move stoneedge\n>p2 switch 6\n>p1 switch 5\n>p2 move knockoff\n>p1 move dazzlinggleam\n>p2 move toxic\n>p1 move dazzlinggleam\n>p2 move taunt\n>p2 switch 3\n>p1 move thunderbolt\n>p2 move fireblast\n>p1 switch 2\n>p2 move fireblast\n>p1 move healbell\n>p2 move fireblast\n>p1 move wish\n>p2 switch 5\n>p1 switch 2\n>p2 move psychoshift\n>p1 move thunderbolt\n>p2 switch 5\n>p2 switch 4\n>p1 move dazzlinggleam\n>p2 move dragondance\n>p1 switch 4\n>p2 move poisonjab\n>p1 move freezedry\n>p2 move outrage\n>p1 switch 4\n>p1 move dazzlinggleam\n>p2 move outrage\n>p2 switch 2\n>p1 move dazzlinggleam\n>p2 move dragondance mega\n>p1 switch 5\n>p2 move return\n>p1 move tailwind\n>p2 move return\n>p1 switch 6\n>p1 move relicsong\n>p2 move roost\n>p1 switch 2\n>p2 move return\n>p1 switch 2\n>p1 move return\n>p2 move roost\n>p1 move relicsong\n>p2 move return\n>p1 move return\n>p2 move return\n>p1 switch 5\n>p1 move dazzlinggleam\n>p2 move earthquake","uploadtime":1559107833,"views":11,"p1id":"comp233","p2id":"zeta2048","formatid":"gen7randombattle","rating":1712,"private":0,"password":null}