{"id":"gen7ou-872868457","p1":"Mob Barley","p2":"orangesss","format":"gen7ou","log":"|j|\u2606Mob Barley\n|j|\u2606orangesss\n|player|p1|Mob Barley|blue-gen2\n|player|p2|orangesss|95\n|teamsize|p1|6\n|teamsize|p2|6\n|gametype|singles\n|gen|7\n|tier|[Gen 7] OU\n|rated|\n|rule|Sleep Clause Mod: Limit one foe put to sleep\n|rule|Species Clause: Limit one of each Pok\u00e9mon\n|rule|OHKO Clause: OHKO moves are banned\n|rule|Moody Clause: Moody is banned\n|rule|Evasion Moves Clause: Evasion moves are banned\n|rule|Endless Battle Clause: Forcing endless battles is banned\n|rule|HP Percentage Mod: HP is shown in percentages\n|clearpoke\n|poke|p1|Charizard, F|item\n|poke|p1|Keldeo-Resolute|item\n|poke|p1|Serperior, M|item\n|poke|p1|Magearna|item\n|poke|p1|Clefable, F|item\n|poke|p1|Ninetales-Alola, F|item\n|poke|p2|Hawlucha, F|item\n|poke|p2|Ferrothorn, F|item\n|poke|p2|Pelipper, M|item\n|poke|p2|Tapu Koko|item\n|poke|p2|Kartana|item\n|poke|p2|Swampert, F|item\n|teampreview\n|inactive|Battle timer is ON: inactive players will automatically lose when time's up. (requested by orangesss)\n|\n|start\n|switch|p1a: Charizard|Charizard, F|100\/100\n|switch|p2a: Birdman|Tapu Koko|100\/100\n|-fieldstart|move: Electric Terrain|[from] ability: Electric Surge|[of] p2a: Birdman\n|turn|1\n|j| Koyarno\n|\n|detailschange|p1a: Charizard|Charizard-Mega-X, F\n|-mega|p1a: Charizard|Charizard|Charizardite X\n|move|p2a: Birdman|Volt Switch|p1a: Charizard\n|-resisted|p1a: Charizard\n|-damage|p1a: Charizard|72\/100\n|\n|switch|p2a: Nappy love|Pelipper, M|100\/100\n|-weather|RainDance|[from] ability: Drizzle|[of] p2a: Nappy love\n|move|p1a: Charizard|Belly Drum|p1a: Charizard\n|-damage|p1a: Charizard|22\/100\n|-setboost|p1a: Charizard|atk|6|[from] move: Belly Drum\n|\n|-weather|RainDance|[upkeep]\n|upkeep\n|turn|2\n|\n|move|p1a: Charizard|Roost|p1a: Charizard\n|-heal|p1a: Charizard|73\/100\n|-singleturn|p1a: Charizard|move: Roost\n|move|p2a: Nappy love|U-turn|p1a: Charizard\n|-resisted|p1a: Charizard\n|-crit|p1a: Charizard\n|-damage|p1a: Charizard|66\/100\n|j| tapu moxo\n|\n|switch|p2a: Swamp Thing|Swampert, F|100\/100\n|\n|-weather|RainDance|[upkeep]\n|upkeep\n|turn|3\n|\n|switch|p1a: Ninetales|Ninetales-Alola, F|100\/100\n|-weather|Hail|[from] ability: Snow Warning|[of] p1a: Ninetales\n|detailschange|p2a: Swamp Thing|Swampert-Mega, F\n|-mega|p2a: Swamp Thing|Swampert|Swampertite\n|move|p2a: Swamp Thing|Earthquake|p1a: Ninetales\n|-damage|p1a: Ninetales|27\/100\n|\n|-weather|Hail|[upkeep]\n|-damage|p2a: Swamp Thing|94\/100|[from] Hail\n|upkeep\n|turn|4\n|\n|switch|p2a: Hate rain :(|Ferrothorn, F|100\/100\n|move|p1a: Ninetales|Freeze-Dry|p2a: Hate rain :(\n|-damage|p2a: Hate rain :(|84\/100\n|\n|-weather|Hail|[upkeep]\n|-damage|p2a: Hate rain :(|78\/100|[from] Hail\n|-heal|p2a: Hate rain :(|84\/100|[from] item: Leftovers\n|upkeep\n|turn|5\n|\n|move|p1a: Ninetales|Aurora Veil|p1a: Ninetales\n|-sidestart|p1: Mob Barley|move: Aurora Veil\n|move|p2a: Hate rain :(|Stealth Rock|p1a: Ninetales\n|-sidestart|p1: Mob Barley|move: Stealth Rock\n|\n|-weather|Hail|[upkeep]\n|-damage|p2a: Hate rain :(|78\/100|[from] Hail\n|-heal|p2a: Hate rain :(|84\/100|[from] item: Leftovers\n|-fieldend|move: Electric Terrain\n|upkeep\n|turn|6\n|\n|switch|p1a: Charizard|Charizard-Mega-X, F|66\/100\n|-damage|p1a: Charizard|41\/100|[from] Stealth Rock\n|move|p2a: Hate rain :(|Knock Off|p1a: Charizard\n|-damage|p1a: Charizard|34\/100\n|\n|-weather|Hail|[upkeep]\n|-damage|p1a: Charizard|28\/100|[from] Hail\n|-damage|p2a: Hate rain :(|78\/100|[from] Hail\n|-heal|p2a: Hate rain :(|84\/100|[from] item: Leftovers\n|upkeep\n|turn|7\n|\n|switch|p2a: Nappy love|Pelipper, M|100\/100\n|-weather|RainDance|[from] ability: Drizzle|[of] p2a: Nappy love\n|move|p1a: Charizard|Roost|p1a: Charizard\n|-heal|p1a: Charizard|78\/100\n|-singleturn|p1a: Charizard|move: Roost\n|\n|-weather|RainDance|[upkeep]\n|upkeep\n|turn|8\n|\n|move|p1a: Charizard|Dragon Claw|p2a: Nappy love\n|-damage|p2a: Nappy love|54\/100\n|move|p2a: Nappy love|U-turn|p1a: Charizard\n|-resisted|p1a: Charizard\n|-damage|p1a: Charizard|76\/100\n|\n|switch|p2a: Swamp Thing|Swampert-Mega, F|94\/100\n|\n|-weather|RainDance|[upkeep]\n|upkeep\n|turn|9\n|j| Hax be on my Side\n|\n|switch|p1a: Serperior|Serperior, M|100\/100\n|-damage|p1a: Serperior|88\/100|[from] Stealth Rock\n|move|p2a: Swamp Thing|Earthquake|p1a: Serperior\n|-resisted|p1a: Serperior\n|-crit|p1a: Serperior\n|-damage|p1a: Serperior|29\/100\n|\n|-weather|RainDance|[upkeep]\n|-heal|p1a: Serperior|36\/100|[from] item: Leftovers\n|upkeep\n|turn|10\n|inactive|orangesss has 120 seconds left.\n|\n|move|p2a: Swamp Thing|Ice Punch|p1a: Serperior\n|-supereffective|p1a: Serperior\n|-damage|p1a: Serperior|0 fnt\n|faint|p1a: Serperior\n|\n|-weather|RainDance|[upkeep]\n|upkeep\n|\n|switch|p1a: Keldeo|Keldeo-Resolute|100\/100\n|-damage|p1a: Keldeo|94\/100|[from] Stealth Rock\n|turn|11\n|\n|move|p2a: Swamp Thing|Earthquake|p1a: Keldeo\n|-damage|p1a: Keldeo|57\/100\n|move|p1a: Keldeo|Calm Mind|p1a: Keldeo\n|-boost|p1a: Keldeo|spa|1\n|-boost|p1a: Keldeo|spd|1\n|\n|-weather|RainDance|[upkeep]\n|upkeep\n|turn|12\n|\n|switch|p2a: Hate rain :(|Ferrothorn, F|84\/100\n|move|p1a: Keldeo|Scald|p2a: Hate rain :(\n|-resisted|p2a: Hate rain :(\n|-damage|p2a: Hate rain :(|46\/100\n|\n|-weather|RainDance|[upkeep]\n|-heal|p2a: Hate rain :(|52\/100|[from] item: Leftovers\n|-sideend|p1: Mob Barley|move: Aurora Veil\n|upkeep\n|turn|13\n|\n|move|p1a: Keldeo|Secret Sword|p2a: Hate rain :(\n|-supereffective|p2a: Hate rain :(\n|-damage|p2a: Hate rain :(|0 fnt\n|faint|p2a: Hate rain :(\n|\n|-weather|RainDance|[upkeep]\n|upkeep\n|j| LuanD\n|\n|switch|p2a: Birdman|Tapu Koko|100\/100\n|-fieldstart|move: Electric Terrain|[from] ability: Electric Surge|[of] p2a: Birdman\n|turn|14\n|\n|-zpower|p2a: Birdman\n|move|p2a: Birdman|Twinkle Tackle|p1a: Keldeo|[zeffect]\n|-supereffective|p1a: Keldeo\n|-damage|p1a: Keldeo|0 fnt\n|faint|p1a: Keldeo\n|\n|-weather|none\n|upkeep\n|\n|switch|p1a: Charizard|Charizard-Mega-X, F|76\/100\n|-damage|p1a: Charizard|51\/100|[from] Stealth Rock\n|turn|15\n|\n|move|p2a: Birdman|Taunt|p1a: Charizard\n|-start|p1a: Charizard|move: Taunt\n|cant|p1a: Charizard|move: Taunt|Roost\n|\n|upkeep\n|turn|16\n|\n|move|p2a: Birdman|Volt Switch|p1a: Charizard\n|-resisted|p1a: Charizard\n|-damage|p1a: Charizard|24\/100\n|\n|switch|p2a: Nappy love|Pelipper, M|54\/100\n|-weather|RainDance|[from] ability: Drizzle|[of] p2a: Nappy love\n|move|p1a: Charizard|Flame Charge|p2a: Nappy love\n|-resisted|p2a: Nappy love\n|-damage|p2a: Nappy love|46\/100\n|-boost|p1a: Charizard|spe|1\n|\n|-weather|RainDance|[upkeep]\n|upkeep\n|turn|17\n|\n|move|p1a: Charizard|Dragon Claw|p2a: Nappy love\n|-damage|p2a: Nappy love|0 fnt\n|faint|p2a: Nappy love\n|\n|-weather|RainDance|[upkeep]\n|-end|p1a: Charizard|move: Taunt\n|upkeep\n|\n|switch|p2a: Swamp Thing|Swampert-Mega, F|94\/100\n|turn|18\n|\n|move|p1a: Charizard|Dragon Claw|p2a: Swamp Thing\n|-damage|p2a: Swamp Thing|46\/100\n|move|p2a: Swamp Thing|Earthquake|p1a: Charizard\n|-supereffective|p1a: Charizard\n|-damage|p1a: Charizard|0 fnt\n|faint|p1a: Charizard\n|\n|-weather|RainDance|[upkeep]\n|-fieldend|move: Electric Terrain\n|upkeep\n|\n|switch|p1a: Ninetales|Ninetales-Alola, F|27\/100\n|-damage|p1a: Ninetales|2\/100|[from] Stealth Rock\n|-weather|Hail|[from] ability: Snow Warning|[of] p1a: Ninetales\n|turn|19\n|l| Hax be on my Side\n|\n|move|p1a: Ninetales|Aurora Veil|p1a: Ninetales\n|-sidestart|p1: Mob Barley|move: Aurora Veil\n|move|p2a: Swamp Thing|Power-Up Punch|p1a: Ninetales\n|-crit|p1a: Ninetales\n|-damage|p1a: Ninetales|0 fnt\n|-boost|p2a: Swamp Thing|atk|1\n|faint|p1a: Ninetales\n|\n|-weather|Hail|[upkeep]\n|-damage|p2a: Swamp Thing|40\/100|[from] Hail\n|upkeep\n|\n|switch|p1a: Magearna|Magearna|100\/100\n|-damage|p1a: Magearna|95\/100|[from] Stealth Rock\n|turn|20\n|\n|move|p1a: Magearna|Shift Gear|p1a: Magearna\n|-boost|p1a: Magearna|spe|2\n|-boost|p1a: Magearna|atk|1\n|move|p2a: Swamp Thing|Waterfall|p1a: Magearna\n|-damage|p1a: Magearna|59\/100\n|\n|-weather|Hail|[upkeep]\n|-damage|p1a: Magearna|53\/100|[from] Hail\n|-damage|p2a: Swamp Thing|33\/100|[from] Hail\n|upkeep\n|turn|21\n|\n|move|p1a: Magearna|Ice Beam|p2a: Swamp Thing\n|-damage|p2a: Swamp Thing|3\/100\n|-status|p2a: Swamp Thing|frz\n|cant|p2a: Swamp Thing|frz\n|\n|-weather|Hail|[upkeep]\n|-damage|p1a: Magearna|47\/100|[from] Hail\n|-damage|p2a: Swamp Thing|0 fnt|[from] Hail\n|faint|p2a: Swamp Thing\n|-ability|p1a: Magearna|Soul-Heart|boost\n|-boost|p1a: Magearna|spa|1\n|upkeep\n|\n|switch|p2a: Birdman|Tapu Koko|100\/100\n|-fieldstart|move: Electric Terrain|[from] ability: Electric Surge|[of] p2a: Birdman\n|turn|22\n|\n|move|p1a: Magearna|Ice Beam|p2a: Birdman\n|-damage|p2a: Birdman|34\/100\n|move|p2a: Birdman|Taunt|p1a: Magearna\n|-start|p1a: Magearna|move: Taunt\n|\n|-weather|Hail|[upkeep]\n|-damage|p1a: Magearna|41\/100|[from] Hail\n|-damage|p2a: Birdman|28\/100|[from] Hail\n|upkeep\n|turn|23\n|l| LuanD\n|\n|move|p1a: Magearna|Ice Beam|p2a: Birdman\n|-damage|p2a: Birdman|0 fnt\n|faint|p2a: Birdman\n|-ability|p1a: Magearna|Soul-Heart|boost\n|-boost|p1a: Magearna|spa|1\n|\n|-weather|none\n|upkeep\n|\n|switch|p2a: Copypaste|Hawlucha, F|100\/100\n|-enditem|p2a: Copypaste|Electric Seed\n|-boost|p2a: Copypaste|def|1\n|turn|24\n|\n|move|p2a: Copypaste|High Jump Kick|p1a: Magearna|[miss]\n|-miss|p2a: Copypaste|p1a: Magearna\n|-damage|p2a: Copypaste|51\/100|[from] High Jump Kick\n|move|p1a: Magearna|Thunderbolt|p2a: Copypaste\n|-supereffective|p2a: Copypaste\n|-damage|p2a: Copypaste|0 fnt\n|faint|p2a: Copypaste\n|-ability|p1a: Magearna|Soul-Heart|boost\n|-boost|p1a: Magearna|spa|1\n|\n|upkeep\n|\n|switch|p2a: arsonist|Kartana|100\/100\n|turn|25\n|c| tapu moxo|gg\n|\n|move|p2a: arsonist|Smart Strike|p1a: Magearna\n|-damage|p1a: Magearna|19\/100\n|move|p1a: Magearna|Thunderbolt|p2a: arsonist\n|-resisted|p2a: arsonist\n|-damage|p2a: arsonist|0 fnt\n|faint|p2a: arsonist\n|\n|win|Mob Barley\n|raw|Mob Barley's rating: 1779 &rarr; <strong>1796<\/strong><br \/>(+17 for winning)\n|raw|orangesss's rating: 1732 &rarr; <strong>1714<\/strong><br \/>(-18 for losing)\n|c|\u2606Mob Barley|soz\n|l|\u2606Mob Barley\n|l| Koyarno\n|j| LuanD\n|c| tapu moxo|what means soz\n|l| LuanD\n|c|\u2606orangesss|total hax\n|l|\u2606orangesss\n","uploadtime":1552013557,"views":398,"p1id":"mobbarley","p2id":"orangesss","formatid":"gen7ou","rating":1714,"private":0,"password":null}