{"id":"gen7ou-792447004","p1":"H4WT \u2605","p2":"lt54slqze","format":"gen7ou","log":"|j|\u203dH4WT \u2605\n|j|\u2606lt54slqze\n|player|p1|H4WT \u2605|165\n|player|p2|lt54slqze|251\n|teamsize|p1|6\n|teamsize|p2|6\n|gametype|singles\n|gen|7\n|tier|[Gen 7] OU\n|rated|\n|rule|Sleep Clause Mod: Limit one foe put to sleep\n|rule|Species Clause: Limit one of each Pok\u00e9mon\n|rule|OHKO Clause: OHKO moves are banned\n|rule|Moody Clause: Moody is banned\n|rule|Evasion Moves Clause: Evasion moves are banned\n|rule|Endless Battle Clause: Forcing endless battles is banned\n|rule|HP Percentage Mod: HP is shown in percentages\n|clearpoke\n|poke|p1|Heracross, M|item\n|poke|p1|Jirachi|item\n|poke|p1|Keldeo-Resolute|item\n|poke|p1|Zapdos|item\n|poke|p1|Tangrowth, M|item\n|poke|p1|Zygarde|item\n|poke|p2|Slowbro, F|item\n|poke|p2|Tornadus-Therian, M|item\n|poke|p2|Tapu Bulu|item\n|poke|p2|Heatran, F|item\n|poke|p2|Zygarde|item\n|poke|p2|Weavile, M|item\n|teampreview\n|j| dvgsdjkgrfpg\n|\n|start\n|switch|p1a: Keldeo|Keldeo-Resolute|100\/100\n|switch|p2a: Weavile|Weavile, M|100\/100\n|-ability|p2a: Weavile|Pressure\n|turn|1\n|\n|switch|p1a: Heracross|Heracross, M|100\/100\n|switch|p2a: Tornadus|Tornadus-Therian, M|100\/100\n|\n|upkeep\n|turn|2\n|\n|switch|p1a: Zapdos|Zapdos|100\/100\n|-ability|p1a: Zapdos|Pressure\n|move|p2a: Tornadus|U-turn|p1a: Zapdos\n|-resisted|p1a: Zapdos\n|-damage|p1a: Zapdos|96\/100\n|inactive|Battle timer is ON: inactive players will automatically lose when time's up. (requested by H4WT \u2605)\n|\n|switch|p2a: Heatran|Heatran, F|100\/100\n|\n|-heal|p1a: Zapdos|100\/100|[from] item: Leftovers\n|upkeep\n|turn|3\n|\n|switch|p1a: Zygarde|Zygarde|100\/100\n|-ability|p1a: Zygarde|Aura Break\n|move|p2a: Heatran|Stealth Rock|p1a: Zygarde\n|-sidestart|p1: H4WT \u2605|move: Stealth Rock\n|\n|upkeep\n|turn|4\n|\n|switch|p1a: Heracross|Heracross, M|100\/100\n|-damage|p1a: Heracross|88\/100|[from] Stealth Rock\n|switch|p2a: Slowbro|Slowbro, F|100\/100\n|\n|upkeep\n|turn|5\n|\n|detailschange|p1a: Heracross|Heracross-Mega, M\n|-mega|p1a: Heracross|Heracross|Heracronite\n|move|p1a: Heracross|Rock Blast|p2a: Slowbro\n|-damage|p2a: Slowbro|93\/100\n|-damage|p2a: Slowbro|86\/100\n|-damage|p2a: Slowbro|78\/100\n|-damage|p2a: Slowbro|70\/100\n|-damage|p2a: Slowbro|63\/100\n|-hitcount|p2a: Slowbro|5\n|move|p2a: Slowbro|Scald|p1a: Heracross\n|-damage|p1a: Heracross|59\/100\n|\n|upkeep\n|turn|6\n|\n|switch|p2a: Heatran|Heatran, F|100\/100\n|move|p1a: Heracross|Rock Blast|p2a: Heatran\n|-crit|p2a: Heatran\n|-damage|p2a: Heatran|80\/100\n|-damage|p2a: Heatran|67\/100\n|-damage|p2a: Heatran|54\/100\n|-crit|p2a: Heatran\n|-damage|p2a: Heatran|35\/100\n|-crit|p2a: Heatran\n|-damage|p2a: Heatran|16\/100\n|-hitcount|p2a: Heatran|5\n|\n|upkeep\n|turn|7\n|\n|switch|p1a: Keldeo|Keldeo-Resolute|100\/100\n|-damage|p1a: Keldeo|94\/100|[from] Stealth Rock\n|-zpower|p2a: Heatran\n|move|p2a: Heatran|Bloom Doom|p1a: Keldeo|[zeffect]\n|-supereffective|p1a: Keldeo\n|-damage|p1a: Keldeo|0\n|faint|p1a: Keldeo\n|\n|upkeep\n|\n|switch|p1a: Zygarde|Zygarde|100\/100\n|-damage|p1a: Zygarde|94\/100|[from] Stealth Rock\n|-ability|p1a: Zygarde|Aura Break\n|turn|8\n|inactive|lt54slqze has 120 seconds left.\n|-message|H4WT \u2605 forfeited.\n|\n|win|lt54slqze\n|l|\u203dH4WT \u2605\n|l|\u2606lt54slqze\n|raw|H4WT \u2605's rating: 1596 &rarr; <strong>1576<\/strong><br \/>(-20 for losing)\n|raw|lt54slqze's rating: 1580 &rarr; <strong>1601<\/strong><br \/>(+21 for winning)\n","uploadtime":1534618110,"views":61,"p1id":"h4wt","p2id":"lt54slqze","formatid":"gen7ou","rating":1576,"private":0,"password":null}