{"id":"gen7nu-929498833","p1":"Parnstar","p2":"JoJo321","format":"gen7nu","log":"|j|\u2606Parnstar\n|j|\u2606JoJo321\n|player|p1|Parnstar|21\n|player|p2|JoJo321|102\n|teamsize|p1|6\n|teamsize|p2|6\n|gametype|singles\n|gen|7\n|tier|[Gen 7] NU\n|rated|\n|html|<div class=\"broadcast-red\"><strong>NU is currently suspecting Vileplume! For information on how to participate check out the <a href=\"https:\/\/www.smogon.com\/forums\/threads\/3650934\/\">suspect thread<\/a>.<\/strong><\/div>\n|rule|Sleep Clause Mod: Limit one foe put to sleep\n|rule|Species Clause: Limit one of each Pok\u00e9mon\n|rule|OHKO Clause: OHKO moves are banned\n|rule|Moody Clause: Moody is banned\n|rule|Evasion Moves Clause: Evasion moves are banned\n|rule|Endless Battle Clause: Forcing endless battles is banned\n|rule|HP Percentage Mod: HP is shown in percentages\n|clearpoke\n|poke|p1|Whimsicott, F|item\n|poke|p1|Vileplume, F|item\n|poke|p1|Druddigon, M|item\n|poke|p1|Samurott, M|item\n|poke|p1|Typhlosion, M|item\n|poke|p1|Braviary, M|item\n|poke|p2|Ariados, F|item\n|poke|p2|Medicham, M|item\n|poke|p2|Rotom|item\n|poke|p2|Sneasel, F|item\n|poke|p2|Incineroar, F|item\n|poke|p2|Magcargo, F|item\n|teampreview\n|\n|start\n|switch|p1a: Gimmi Newport \u267f\ufe0f|Druddigon, M|358\/358\n|switch|p2a: Ariados|Ariados, F|282\/282\n|-ability|p1a: Gimmi Newport \u267f\ufe0f|Mold Breaker\n|turn|1\n|\n|switch|p2a: Rotom|Rotom|304\/304\n|move|p1a: Gimmi Newport \u267f\ufe0f|Glare|p2a: Rotom\n|-immune|p2a: Rotom\n|\n|upkeep\n|turn|2\n|\n|move|p2a: Rotom|Will-O-Wisp|p1a: Gimmi Newport \u267f\ufe0f\n|-status|p1a: Gimmi Newport \u267f\ufe0f|brn\n|move|p1a: Gimmi Newport \u267f\ufe0f|Stealth Rock|p2a: Rotom\n|-sidestart|p2: JoJo321|move: Stealth Rock\n|\n|-damage|p1a: Gimmi Newport \u267f\ufe0f|336\/358 brn|[from] brn\n|upkeep\n|turn|3\n|\n|move|p2a: Rotom|Defog|p1a: Gimmi Newport \u267f\ufe0f\n|-unboost|p1a: Gimmi Newport \u267f\ufe0f|evasion|1\n|-sideend|p2: JoJo321|Stealth Rock|[from] move: Defog|[of] p2a: Rotom\n|move|p1a: Gimmi Newport \u267f\ufe0f|Earthquake|p2a: Rotom\n|-supereffective|p2a: Rotom\n|-damage|p2a: Rotom|185\/304\n|\n|-damage|p1a: Gimmi Newport \u267f\ufe0f|314\/358 brn|[from] brn\n|upkeep\n|turn|4\n|\n|move|p2a: Rotom|Hex|p1a: Gimmi Newport \u267f\ufe0f\n|-damage|p1a: Gimmi Newport \u267f\ufe0f|149\/358 brn\n|move|p1a: Gimmi Newport \u267f\ufe0f|Earthquake|p2a: Rotom\n|-supereffective|p2a: Rotom\n|-damage|p2a: Rotom|69\/304\n|\n|-damage|p1a: Gimmi Newport \u267f\ufe0f|127\/358 brn|[from] brn\n|upkeep\n|turn|5\n|\n|switch|p1a: Us of A\ud83c\udfc8|Braviary, M|403\/403\n|move|p2a: Rotom|Hex|p1a: Us of A\ud83c\udfc8\n|-immune|p1a: Us of A\ud83c\udfc8\n|\n|upkeep\n|turn|6\n|\n|move|p2a: Rotom|Volt Switch|p1a: Us of A\ud83c\udfc8\n|-supereffective|p1a: Us of A\ud83c\udfc8\n|-damage|p1a: Us of A\ud83c\udfc8|217\/403\n|\n|switch|p2a: Incineroar|Incineroar, F|359\/359\n|-ability|p2a: Incineroar|Intimidate|boost\n|-unboost|p1a: Us of A\ud83c\udfc8|atk|1\n|-ability|p1a: Us of A\ud83c\udfc8|Defiant|boost\n|-boost|p1a: Us of A\ud83c\udfc8|atk|2\n|move|p1a: Us of A\ud83c\udfc8|Brave Bird|p2a: Incineroar\n|-damage|p2a: Incineroar|0 fnt\n|-damage|p1a: Us of A\ud83c\udfc8|99\/403|[from] Recoil\n|-damage|p1a: Us of A\ud83c\udfc8|59\/403|[from] item: Life Orb\n|faint|p2a: Incineroar\n|\n|upkeep\n|\n|switch|p2a: Sneasel|Sneasel, F|251\/251\n|turn|7\n|\n|move|p2a: Sneasel|Pursuit|p1a: Us of A\ud83c\udfc8\n|-damage|p1a: Us of A\ud83c\udfc8|0 fnt\n|faint|p1a: Us of A\ud83c\udfc8\n|\n|upkeep\n|\n|switch|p1a: Foot long \ud83e\udd56|Samurott, M, shiny|369\/369\n|turn|8\n|\n|switch|p2a: Rotom|Rotom|69\/304\n|move|p1a: Foot long \ud83e\udd56|Swords Dance|p1a: Foot long \ud83e\udd56\n|-boost|p1a: Foot long \ud83e\udd56|atk|2\n|\n|upkeep\n|turn|9\n|\n|move|p1a: Foot long \ud83e\udd56|Aqua Jet|p2a: Rotom\n|-damage|p2a: Rotom|0 fnt\n|faint|p2a: Rotom\n|\n|upkeep\n|\n|switch|p2a: Medicham|Medicham, M|261\/261\n|turn|10\n|\n|move|p1a: Foot long \ud83e\udd56|Aqua Jet|p2a: Medicham\n|-damage|p2a: Medicham|93\/261\n|move|p2a: Medicham|Thunder Punch|p1a: Foot long \ud83e\udd56\n|-supereffective|p1a: Foot long \ud83e\udd56\n|-enditem|p1a: Foot long \ud83e\udd56|Wacan Berry|[eat]\n|-enditem|p1a: Foot long \ud83e\udd56|Wacan Berry|[weaken]\n|-damage|p1a: Foot long \ud83e\udd56|194\/369\n|-damage|p2a: Medicham|67\/261|[from] item: Life Orb\n|\n|upkeep\n|turn|11\n|\n|move|p1a: Foot long \ud83e\udd56|Aqua Jet|p2a: Medicham\n|-damage|p2a: Medicham|0 fnt\n|faint|p2a: Medicham\n|\n|upkeep\n|\n|switch|p2a: Sneasel|Sneasel, F|251\/251\n|turn|12\n|\n|move|p1a: Foot long \ud83e\udd56|Aqua Jet|p2a: Sneasel\n|-damage|p2a: Sneasel|23\/251\n|move|p2a: Sneasel|Knock Off|p1a: Foot long \ud83e\udd56\n|-damage|p1a: Foot long \ud83e\udd56|34\/369\n|\n|upkeep\n|turn|13\n|\n|switch|p2a: Ariados|Ariados, F|282\/282\n|switch|p1a: Gimmi Newport \u267f\ufe0f|Druddigon, M|127\/358 brn\n|-ability|p1a: Gimmi Newport \u267f\ufe0f|Mold Breaker\n|\n|-damage|p1a: Gimmi Newport \u267f\ufe0f|105\/358 brn|[from] brn\n|upkeep\n|turn|14\n|\n|move|p2a: Ariados|Toxic Spikes|p1a: Gimmi Newport \u267f\ufe0f\n|-sidestart|p1: Parnstar|move: Toxic Spikes\n|move|p1a: Gimmi Newport \u267f\ufe0f|Stealth Rock|p2a: Ariados\n|-sidestart|p2: JoJo321|move: Stealth Rock\n|\n|-damage|p1a: Gimmi Newport \u267f\ufe0f|83\/358 brn|[from] brn\n|upkeep\n|turn|15\n|\n|move|p2a: Ariados|Sticky Web|p1a: Gimmi Newport \u267f\ufe0f\n|-sidestart|p1: Parnstar|move: Sticky Web\n|move|p1a: Gimmi Newport \u267f\ufe0f|Glare|p2a: Ariados\n|-status|p2a: Ariados|par\n|\n|-damage|p1a: Gimmi Newport \u267f\ufe0f|61\/358 brn|[from] brn\n|upkeep\n|turn|16\n|\n|move|p1a: Gimmi Newport \u267f\ufe0f|Earthquake|p2a: Ariados\n|-damage|p2a: Ariados|211\/282 par\n|move|p2a: Ariados|Poison Jab|p1a: Gimmi Newport \u267f\ufe0f\n|-damage|p1a: Gimmi Newport \u267f\ufe0f|0 fnt\n|faint|p1a: Gimmi Newport \u267f\ufe0f\n|\n|upkeep\n|\n|switch|p1a: It\u2019s tight\ud83d\ude17|Vileplume, F, shiny|339\/339\n|-sideend|p1: Parnstar|move: Toxic Spikes|[of] p1a: It\u2019s tight\ud83d\ude17\n|-activate|p1a: It\u2019s tight\ud83d\ude17|move: Sticky Web\n|-unboost|p1a: It\u2019s tight\ud83d\ude17|spe|1\n|turn|17\n|-message|JoJo321 forfeited.\n|\n|win|Parnstar\n|l|\u2606JoJo321\n","uploadtime":1560721931,"views":7,"p1id":"parnstar","p2id":"jojo321","formatid":"gen7nu","rating":0,"private":0,"password":null}