{"id":"gen7randombattle-1648904724","p1":"Ankra","p2":"himynametay","format":"gen7randombattle","log":"|j|\u2606Ankra\n|j|\u203dhimynametay\n|t:|1661535960\n|gametype|singles\n|player|p1|Ankra|170|1518\n|player|p2|himynametay|elesa-masters|1556\n|teamsize|p1|6\n|teamsize|p2|6\n|gen|7\n|tier|[Gen 7] Random Battle\n|rated|\n|rule|Sleep Clause Mod: Limit one foe put to sleep\n|rule|HP Percentage Mod: HP is shown in percentages\n|rule|Mega Rayquaza Clause: You cannot mega evolve Rayquaza\n|\n|t:|1661535960\n|start\n|switch|p1a: Floette|Floette-Eternal, L80, F|250\/250\n|switch|p2a: Vanilluxe|Vanilluxe, L86, M|262\/262\n|-weather|Hail|[from] ability: Snow Warning|[of] p2a: Vanilluxe\n|turn|1\n|inactive|Battle timer is ON: inactive players will automatically lose when time's up. (requested by himynametay)\n|\n|t:|1661535987\n|move|p1a: Floette|Moonblast|p2a: Vanilluxe\n|-damage|p2a: Vanilluxe|154\/262\n|-unboost|p2a: Vanilluxe|spa|1\n|move|p2a: Vanilluxe|Flash Cannon|p1a: Floette\n|-supereffective|p1a: Floette\n|-damage|p1a: Floette|182\/250\n|\n|-weather|Hail|[upkeep]\n|-damage|p1a: Floette|167\/250|[from] Hail\n|upkeep\n|turn|2\n|\n|t:|1661535999\n|switch|p2a: Victreebel|Victreebel, L88, F|284\/284\n|move|p1a: Floette|Moonblast|p2a: Victreebel\n|-resisted|p2a: Victreebel\n|-damage|p2a: Victreebel|215\/284\n|\n|-weather|Hail|[upkeep]\n|-damage|p1a: Floette|152\/250|[from] Hail\n|-damage|p2a: Victreebel|198\/284|[from] Hail\n|upkeep\n|turn|3\n|\n|t:|1661536017\n|switch|p1a: Ninetales|Ninetales, L84, M|259\/259\n|-weather|SunnyDay|[from] ability: Drought|[of] p1a: Ninetales\n|move|p2a: Victreebel|Strength Sap|p1a: Ninetales\n|-unboost|p1a: Ninetales|atk|1\n|-heal|p2a: Victreebel|284\/284\n|\n|-weather|SunnyDay|[upkeep]\n|upkeep\n|turn|4\n|\n|t:|1661536034\n|switch|p2a: Vanilluxe|Vanilluxe, L86, M|154\/262\n|-weather|Hail|[from] ability: Snow Warning|[of] p2a: Vanilluxe\n|move|p1a: Ninetales|Fire Blast|p2a: Vanilluxe\n|-supereffective|p2a: Vanilluxe\n|-damage|p2a: Vanilluxe|0 fnt\n|faint|p2a: Vanilluxe\n|\n|-weather|Hail|[upkeep]\n|-damage|p1a: Ninetales|243\/259|[from] Hail\n|-heal|p1a: Ninetales|259\/259|[from] item: Leftovers\n|upkeep\n|\n|t:|1661536043\n|switch|p2a: Kingler|Kingler, L88, F|240\/240\n|turn|5\n|\n|t:|1661536064\n|switch|p1a: Decidueye|Decidueye, L86, F|274\/274\n|move|p2a: Kingler|Agility|p2a: Kingler\n|-boost|p2a: Kingler|spe|2\n|\n|-weather|Hail|[upkeep]\n|-damage|p2a: Kingler|225\/240|[from] Hail\n|-damage|p1a: Decidueye|257\/274|[from] Hail\n|upkeep\n|turn|6\n|\n|t:|1661536080\n|switch|p2a: Registeel|Registeel, L84|272\/272\n|move|p1a: Decidueye|Leaf Blade|p2a: Registeel\n|-resisted|p2a: Registeel\n|-damage|p2a: Registeel|236\/272\n|\n|-weather|Hail|[upkeep]\n|-damage|p1a: Decidueye|240\/274|[from] Hail\n|-damage|p2a: Registeel|219\/272|[from] Hail\n|-heal|p2a: Registeel|236\/272|[from] item: Leftovers\n|upkeep\n|turn|7\n|inactive|Ankra has 120 seconds left.\n|\n|t:|1661536100\n|move|p1a: Decidueye|Swords Dance|p1a: Decidueye\n|-boost|p1a: Decidueye|atk|2\n|move|p2a: Registeel|Stealth Rock|p1a: Decidueye\n|-sidestart|p1: Ankra|move: Stealth Rock\n|\n|-weather|Hail|[upkeep]\n|-damage|p1a: Decidueye|223\/274|[from] Hail\n|-damage|p2a: Registeel|219\/272|[from] Hail\n|-heal|p2a: Registeel|236\/272|[from] item: Leftovers\n|upkeep\n|turn|8\n|inactive|Ankra has 120 seconds left.\n|\n|t:|1661536125\n|move|p1a: Decidueye|Swords Dance|p1a: Decidueye\n|-boost|p1a: Decidueye|atk|2\n|move|p2a: Registeel|Curse|p2a: Registeel\n|-unboost|p2a: Registeel|spe|1\n|-boost|p2a: Registeel|atk|1\n|-boost|p2a: Registeel|def|1\n|\n|-weather|none\n|-heal|p2a: Registeel|253\/272|[from] item: Leftovers\n|upkeep\n|turn|9\n|inactive|Ankra has 120 seconds left.\n|\n|t:|1661536142\n|-zpower|p1a: Decidueye\n|move|p1a: Decidueye|Sinister Arrow Raid|p2a: Registeel|[zeffect]\n|-crit|p2a: Registeel\n|-damage|p2a: Registeel|0 fnt\n|faint|p2a: Registeel\n|\n|upkeep\n|\n|t:|1661536147\n|switch|p2a: Persian|Persian, L88, F|258\/258\n|turn|10\n|inactive|Ankra has 120 seconds left.\n|\n|t:|1661536159\n|move|p2a: Persian|Knock Off|p1a: Decidueye\n|-supereffective|p1a: Decidueye\n|-damage|p1a: Decidueye|98\/274\n|-damage|p2a: Persian|233\/258|[from] item: Life Orb\n|move|p1a: Decidueye|Leaf Blade|p2a: Persian\n|-damage|p2a: Persian|0 fnt\n|faint|p2a: Persian\n|\n|upkeep\n|\n|t:|1661536164\n|switch|p2a: Victreebel|Victreebel, L88, F|284\/284\n|turn|11\n|inactive|Ankra has 120 seconds left.\n|\n|t:|1661536175\n|move|p2a: Victreebel|Sludge Bomb|p1a: Decidueye\n|-damage|p1a: Decidueye|0 fnt\n|faint|p1a: Decidueye\n|-damage|p2a: Victreebel|256\/284|[from] item: Life Orb\n|\n|upkeep\n|inactive|Ankra has 120 seconds left.\n|\n|t:|1661536185\n|switch|p1a: Ninetales|Ninetales, L84, M|259\/259\n|-damage|p1a: Ninetales|195\/259|[from] Stealth Rock\n|-weather|SunnyDay|[from] ability: Drought|[of] p1a: Ninetales\n|turn|12\n|\n|t:|1661536192\n|move|p2a: Victreebel|Sludge Bomb|p1a: Ninetales\n|-damage|p1a: Ninetales|74\/259\n|-damage|p2a: Victreebel|228\/284|[from] item: Life Orb\n|move|p1a: Ninetales|Fire Blast|p2a: Victreebel|[miss]\n|-miss|p1a: Ninetales|p2a: Victreebel\n|\n|-weather|SunnyDay|[upkeep]\n|-heal|p1a: Ninetales|90\/259|[from] item: Leftovers\n|upkeep\n|turn|13\n|inactive|Ankra has 120 seconds left.\n|\n|t:|1661536208\n|move|p2a: Victreebel|Sludge Bomb|p1a: Ninetales\n|-damage|p1a: Ninetales|0 fnt\n|faint|p1a: Ninetales\n|-damage|p2a: Victreebel|200\/284|[from] item: Life Orb\n|\n|-weather|SunnyDay|[upkeep]\n|upkeep\n|inactive|Ankra has 120 seconds left.\n|\n|t:|1661536219\n|switch|p1a: Dragonite|Dragonite, L82, F|283\/283\n|-damage|p1a: Dragonite|213\/283|[from] Stealth Rock\n|turn|14\n|inactive|Ankra has 120 seconds left.\n|\n|t:|1661536225\n|move|p2a: Victreebel|Strength Sap|p1a: Dragonite\n|-unboost|p1a: Dragonite|atk|1\n|-heal|p2a: Victreebel|284\/284\n|move|p1a: Dragonite|Dragon Dance|p1a: Dragonite\n|-boost|p1a: Dragonite|atk|1\n|-boost|p1a: Dragonite|spe|1\n|\n|-weather|SunnyDay|[upkeep]\n|upkeep\n|turn|15\n|\n|t:|1661536230\n|move|p2a: Victreebel|Strength Sap|p1a: Dragonite\n|-unboost|p1a: Dragonite|atk|1\n|move|p1a: Dragonite|Dragon Dance|p1a: Dragonite\n|-boost|p1a: Dragonite|atk|1\n|-boost|p1a: Dragonite|spe|1\n|\n|-weather|SunnyDay|[upkeep]\n|upkeep\n|turn|16\n|\n|t:|1661536236\n|move|p1a: Dragonite|Dragon Dance|p1a: Dragonite\n|-boost|p1a: Dragonite|atk|1\n|-boost|p1a: Dragonite|spe|1\n|move|p2a: Victreebel|Strength Sap|p1a: Dragonite\n|-unboost|p1a: Dragonite|atk|1\n|\n|-weather|none\n|upkeep\n|turn|17\n|\n|t:|1661536240\n|move|p1a: Dragonite|Fire Punch|p2a: Victreebel\n|-supereffective|p2a: Victreebel\n|-damage|p2a: Victreebel|132\/284\n|move|p2a: Victreebel|Strength Sap|p1a: Dragonite\n|-unboost|p1a: Dragonite|atk|1\n|-heal|p2a: Victreebel|284\/284\n|\n|upkeep\n|turn|18\n|\n|t:|1661536244\n|move|p1a: Dragonite|Dragon Dance|p1a: Dragonite\n|-boost|p1a: Dragonite|atk|1\n|-boost|p1a: Dragonite|spe|1\n|move|p2a: Victreebel|Strength Sap|p1a: Dragonite\n|-unboost|p1a: Dragonite|atk|1\n|\n|upkeep\n|turn|19\n|\n|t:|1661536246\n|move|p1a: Dragonite|Dragon Dance|p1a: Dragonite\n|-boost|p1a: Dragonite|atk|1\n|-boost|p1a: Dragonite|spe|1\n|move|p2a: Victreebel|Strength Sap|p1a: Dragonite\n|-unboost|p1a: Dragonite|atk|1\n|\n|upkeep\n|turn|20\n|\n|t:|1661536249\n|move|p1a: Dragonite|Dragon Dance|p1a: Dragonite\n|-boost|p1a: Dragonite|atk|1\n|-boost|p1a: Dragonite|spe|1\n|move|p2a: Victreebel|Strength Sap|p1a: Dragonite\n|-unboost|p1a: Dragonite|atk|1\n|\n|upkeep\n|turn|21\n|\n|t:|1661536251\n|move|p1a: Dragonite|Dragon Dance|p1a: Dragonite\n|-boost|p1a: Dragonite|atk|1\n|-boost|p1a: Dragonite|spe|0\n|move|p2a: Victreebel|Sludge Bomb|p1a: Dragonite\n|-damage|p1a: Dragonite|92\/283\n|-damage|p2a: Victreebel|256\/284|[from] item: Life Orb\n|\n|upkeep\n|turn|22\n|\n|t:|1661536259\n|move|p1a: Dragonite|Fire Punch|p2a: Victreebel\n|-supereffective|p2a: Victreebel\n|-damage|p2a: Victreebel|114\/284\n|move|p2a: Victreebel|Sludge Bomb|p1a: Dragonite\n|-damage|p1a: Dragonite|0 fnt\n|faint|p1a: Dragonite\n|-damage|p2a: Victreebel|86\/284|[from] item: Life Orb\n|\n|upkeep\n|\n|t:|1661536262\n|switch|p1a: Charizard|Charizard, L80, F|255\/255\n|-damage|p1a: Charizard|128\/255|[from] Stealth Rock\n|turn|23\n|\n|t:|1661536268\n|move|p1a: Charizard|Air Slash|p2a: Victreebel\n|-supereffective|p2a: Victreebel\n|-damage|p2a: Victreebel|0 fnt\n|faint|p2a: Victreebel\n|\n|upkeep\n|\n|t:|1661536270\n|switch|p2a: Kingler|Kingler, L88, F|225\/240\n|turn|24\n|\n|t:|1661536277\n|move|p1a: Charizard|Air Slash|p2a: Kingler\n|-damage|p2a: Kingler|120\/240\n|move|p2a: Kingler|Agility|p2a: Kingler\n|-boost|p2a: Kingler|spe|2\n|\n|upkeep\n|turn|25\n|\n|t:|1661536282\n|move|p2a: Kingler|Liquidation|p1a: Charizard\n|-supereffective|p1a: Charizard\n|-damage|p1a: Charizard|0 fnt\n|faint|p1a: Charizard\n|\n|upkeep\n|\n|t:|1661536284\n|switch|p1a: Floette|Floette-Eternal, L80, F|152\/250\n|-damage|p1a: Floette|121\/250|[from] Stealth Rock\n|turn|26\n|\n|t:|1661536288\n|move|p2a: Kingler|Liquidation|p1a: Floette\n|-damage|p1a: Floette|0 fnt\n|faint|p1a: Floette\n|\n|upkeep\n|\n|t:|1661536290\n|switch|p1a: Regigigas|Regigigas, L88|337\/337\n|-damage|p1a: Regigigas|295\/337|[from] Stealth Rock\n|-start|p1a: Regigigas|ability: Slow Start\n|turn|27\n|\n|t:|1661536293\n|move|p2a: Kingler|Liquidation|p1a: Regigigas\n|-damage|p1a: Regigigas|127\/337\n|move|p1a: Regigigas|Thunder Wave|p2a: Kingler\n|-status|p2a: Kingler|par\n|\n|-heal|p1a: Regigigas|148\/337|[from] item: Leftovers\n|upkeep\n|turn|28\n|\n|t:|1661536298\n|move|p2a: Kingler|Liquidation|p1a: Regigigas\n|-damage|p1a: Regigigas|0 fnt\n|faint|p1a: Regigigas\n|-end|p1a: Regigigas|Slow Start|[silent]\n|\n|win|himynametay\n|raw|Ankra's rating: 1518 &rarr; <strong>1501<\/strong><br \/>(-17 for losing)\n|raw|himynametay's rating: 1574 &rarr; <strong>1591<\/strong><br \/>(+17 for winning)\n|l|\u2606Ankra\n||Ladder isn't responding, score probably updated but might not have (Request timeout).\n","inputlog":">version 6a616b3eff9d23b71ac7ce9a5066e931b21dc500\n>start {\"formatid\":\"gen7randombattle\",\"seed\":[32473,24452,51465,30937],\"rated\":\"Rated battle\"}\n>player p1 {\"name\":\"Ankra\",\"avatar\":\"170\",\"rating\":1518,\"seed\":[25051,41817,59861,46694]}\n>player p2 {\"name\":\"himynametay\",\"avatar\":\"elesa-masters\",\"rating\":1556,\"seed\":[3893,37766,52492,52007]}\n>p1 move moonblast\n>p2 move flashcannon\n>p1 move moonblast\n>p2 switch 3\n>p1 switch 3\n>p2 move strengthsap\n>p1 move fireblast\n>p2 switch 3\n>p2 switch 4\n>p1 switch 5\n>p2 move agility\n>p1 move leafblade\n>p2 switch 5\n>p1 move swordsdance\n>p2 move stealthrock\n>p1 move swordsdance\n>p2 move curse\n>p1 move spiritshackle zmove\n>p2 move toxic\n>p2 switch 6\n>p1 move leafblade\n>p2 move knockoff\n>p2 switch 3\n>p1 move spiritshackle\n>p2 move sludgebomb\n>p1 switch 5\n>p1 move fireblast\n>p2 move sludgebomb\n>p1 move fireblast\n>p2 move sludgebomb\n>p1 switch 2\n>p1 move dragondance\n>p2 move strengthsap\n>p1 move dragondance\n>p2 move strengthsap\n>p1 move dragondance\n>p2 move strengthsap\n>p1 move firepunch\n>p2 move strengthsap\n>p1 move dragondance\n>p2 move strengthsap\n>p1 move dragondance\n>p2 move strengthsap\n>p1 move dragondance\n>p2 move strengthsap\n>p1 move dragondance\n>p2 move sludgebomb\n>p1 move firepunch\n>p2 move sludgebomb\n>p1 switch 4\n>p1 move airslash\n>p2 move sludgebomb\n>p2 switch 5\n>p1 move airslash\n>p2 move agility\n>p1 move airslash\n>p2 move liquidation\n>p1 switch 3\n>p1 move lightofruin\n>p2 move liquidation\n>p1 switch 6\n>p1 move thunderwave\n>p2 move liquidation\n>p1 move substitute\n>p2 move liquidation","uploadtime":1661536301,"views":3,"p1id":"ankra","p2id":"himynametay","formatid":"gen7randombattle","rating":1501,"private":0,"password":null}