{"id":"gen7ou-700504169","p1":"damflame","p2":"Toxabelle","format":"gen7ou","log":"|j|\u2606damflame\n|j|\u2606Toxabelle\n|inactive|Battle timer is ON: inactive players will automatically lose when time's up.\n|player|p1|damflame|1\n|player|p2|Toxabelle|101\n|teamsize|p1|6\n|teamsize|p2|6\n|gametype|singles\n|gen|7\n|tier|[Gen 7] OU\n|rated|Tournament battle\n|rule|Sleep Clause Mod: Limit one foe put to sleep\n|rule|Species Clause: Limit one of each Pok\u00e9mon\n|rule|OHKO Clause: OHKO moves are banned\n|rule|Moody Clause: Moody is banned\n|rule|Evasion Moves Clause: Evasion moves are banned\n|rule|Endless Battle Clause: Forcing endless battles is banned\n|rule|HP Percentage Mod: HP is shown in percentages\n|clearpoke\n|poke|p1|Magearna|item\n|poke|p1|Swirlix, F|item\n|poke|p1|Mimikyu, F|item\n|poke|p1|Pinsir, F|item\n|poke|p1|Bisharp, M|item\n|poke|p1|Garchomp, F|item\n|poke|p2|Scizor, M|item\n|poke|p2|Greninja, M|item\n|poke|p2|Gengar, F|item\n|poke|p2|Blacephalon|item\n|poke|p2|Mimikyu, M|item\n|poke|p2|Landorus-Therian, M|item\n|teampreview\n|j| scooter4000\n|\n|start\n|switch|p1a: Swear God|Swirlix, F|100\/100\n|switch|p2a: Gengar|Gengar, F|100\/100\n|turn|1\n|j| Explosion Badger\n|c|\u2606Toxabelle|nice team dude\n|\n|move|p2a: Gengar|Taunt|p1a: Swear God\n|-start|p1a: Swear God|move: Taunt\n|cant|p1a: Swear God|move: Taunt|Sticky Web\n|\n|upkeep\n|turn|2\n|\n|switch|p1a: Weeb Heart|Magearna|100\/100\n|move|p2a: Gengar|Shadow Ball|p1a: Weeb Heart\n|-damage|p1a: Weeb Heart|59\/100\n|\n|upkeep\n|turn|3\n|j| yraf\n|inactive|damflame has 135 seconds left.\n|\n|move|p2a: Gengar|Shadow Ball|p1a: Weeb Heart\n|-damage|p1a: Weeb Heart|19\/100\n|move|p1a: Weeb Heart|Shift Gear|p1a: Weeb Heart\n|-boost|p1a: Weeb Heart|spe|2\n|-boost|p1a: Weeb Heart|atk|1\n|\n|upkeep\n|turn|4\n|\n|move|p1a: Weeb Heart|Thunderbolt|p2a: Gengar\n|-damage|p2a: Gengar|45\/100\n|move|p2a: Gengar|Shadow Ball|p1a: Weeb Heart\n|-damage|p1a: Weeb Heart|0 fnt\n|faint|p1a: Weeb Heart\n|\n|upkeep\n|j| unfuckingreal\n|l| unfuckingreal\n|inactive|damflame has 135 seconds left.\n|\n|switch|p1a: D4RK WEEB|Bisharp, M|100\/100\n|turn|5\n|\n|move|p2a: Gengar|Destiny Bond|p2a: Gengar\n|-singlemove|p2a: Gengar|Destiny Bond\n|move|p1a: D4RK WEEB|Swords Dance|p1a: D4RK WEEB\n|-boost|p1a: D4RK WEEB|atk|2\n|\n|upkeep\n|turn|6\n|\n|move|p2a: Gengar|Focus Blast|p1a: D4RK WEEB|[miss]\n|-miss|p2a: Gengar|p1a: D4RK WEEB\n|move|p1a: D4RK WEEB|Knock Off|p2a: Gengar\n|-supereffective|p2a: Gengar\n|-damage|p2a: Gengar|0 fnt\n|-enditem|p2a: Gengar|Focus Sash|[from] move: Knock Off|[of] p1a: D4RK WEEB\n|faint|p2a: Gengar\n|\n|upkeep\n|\n|switch|p2a: Greninja|Greninja, M|100\/100\n|turn|7\n|j| Let's go shuckles\n|inactive|damflame has 135 seconds left.\n|\n|move|p2a: Greninja|Hydro Pump|p1a: D4RK WEEB|[miss]\n|-miss|p2a: Greninja|p1a: D4RK WEEB\n|move|p1a: D4RK WEEB|Iron Head|p2a: Greninja\n|-resisted|p2a: Greninja\n|-damage|p2a: Greninja|23\/100\n|\n|upkeep\n|turn|8\n|\n|switch|p2a: Blacephalon|Blacephalon|100\/100\n|move|p1a: D4RK WEEB|Sucker Punch|p2a: Blacephalon|[still]\n|-fail|p1a: D4RK WEEB\n|\n|upkeep\n|turn|9\n|\n|move|p2a: Blacephalon|Substitute|p2a: Blacephalon\n|-start|p2a: Blacephalon|Substitute\n|-damage|p2a: Blacephalon|76\/100\n|move|p1a: D4RK WEEB|Knock Off|p2a: Blacephalon\n|-supereffective|p2a: Blacephalon\n|-end|p2a: Blacephalon|Substitute\n|\n|upkeep\n|turn|10\n|c|\u2606Toxabelle|bro wtf\n|j| swineIsLove\n|\n|move|p1a: D4RK WEEB|Sucker Punch|p2a: Blacephalon|[still]\n|-fail|p1a: D4RK WEEB\n|move|p2a: Blacephalon|Substitute|p2a: Blacephalon\n|-start|p2a: Blacephalon|Substitute\n|-damage|p2a: Blacephalon|51\/100\n|\n|upkeep\n|turn|11\n|c| swineIsLove|ez\n|inactive|damflame has 135 seconds left.\n|\n|move|p2a: Blacephalon|Flamethrower|p1a: D4RK WEEB\n|-supereffective|p1a: D4RK WEEB\n|-damage|p1a: D4RK WEEB|0 fnt\n|faint|p1a: D4RK WEEB\n|-ability|p2a: Blacephalon|Beast Boost|boost\n|-boost|p2a: Blacephalon|spa|1\n|\n|upkeep\n|\n|switch|p1a: Weeb Outside|Mimikyu, F|100\/100\n|turn|12\n|l| swineIsLove\n|\n|move|p1a: Weeb Outside|Shadow Sneak|p2a: Blacephalon\n|-supereffective|p2a: Blacephalon\n|-end|p2a: Blacephalon|Substitute\n|-damage|p1a: Weeb Outside|91\/100|[from] item: Life Orb\n|move|p2a: Blacephalon|Flamethrower|p1a: Weeb Outside\n|-activate|p1a: Weeb Outside|ability: Disguise\n|-damage|p1a: Weeb Outside|91\/100\n|detailschange|p1a: Weeb Outside|Mimikyu-Busted, F\n|\n|upkeep\n|turn|13\n|\n|switch|p2a: Landorus|Landorus-Therian, M|100\/100\n|-ability|p2a: Landorus|Intimidate|boost\n|-unboost|p1a: Weeb Outside|atk|1\n|move|p1a: Weeb Outside|Shadow Sneak|p2a: Landorus\n|-damage|p2a: Landorus|88\/100\n|-damage|p1a: Weeb Outside|74\/100|[from] item: Rocky Helmet|[of] p2a: Landorus\n|-damage|p1a: Weeb Outside|64\/100|[from] item: Life Orb\n|\n|upkeep\n|turn|14\n|inactive|damflame has 135 seconds left.\n|-message|damflame forfeited.\n|\n|win|Toxabelle\n|l|\u2606damflame\n|l|\u2606Toxabelle\n|l| Explosion Badger\n|l| yraf\n|l| Let's go shuckles\n","inputlog":null,"uploadtime":1518020650,"views":114,"p1id":"damflame","p2id":"toxabelle","formatid":"gen7ou","rating":0,"private":0,"password":null}