{"id":"gen7ou-834570693","p1":"Sheer Flames","p2":"Kaylss","format":"gen7ou","log":"|j|\u2606Sheer Flames\n|j|\u2606Kaylss\n|player|p1|Sheer Flames|169\n|player|p2|Kaylss|138\n|teamsize|p1|6\n|teamsize|p2|6\n|gametype|singles\n|gen|7\n|tier|[Gen 7] OU\n|rated|\n|rule|Sleep Clause Mod: Limit one foe put to sleep\n|rule|Species Clause: Limit one of each Pok\u00e9mon\n|rule|OHKO Clause: OHKO moves are banned\n|rule|Moody Clause: Moody is banned\n|rule|Evasion Moves Clause: Evasion moves are banned\n|rule|Endless Battle Clause: Forcing endless battles is banned\n|rule|HP Percentage Mod: HP is shown in percentages\n|clearpoke\n|poke|p1|Celesteela|item\n|poke|p1|Gliscor, F|item\n|poke|p1|Clefable, F|item\n|poke|p1|Toxapex, M|item\n|poke|p1|Venusaur, M|item\n|poke|p1|Alomomola, M|item\n|poke|p2|Lopunny, F|item\n|poke|p2|Magearna|item\n|poke|p2|Landorus-Therian, M|item\n|poke|p2|Zygarde|item\n|poke|p2|Greninja, M|item\n|poke|p2|Tornadus-Therian, M|item\n|teampreview\n|c|\u2606Kaylss|\/log Kaylss made this room hidden.\n|inactive|Battle timer is ON: inactive players will automatically lose when time's up. (requested by Sheer Flames)\n|\n|start\n|switch|p1a: Clefable|Clefable, F|100\/100\n|switch|p2a: Tornadus|Tornadus-Therian, M|100\/100\n|turn|1\n|\n|move|p1a: Clefable|Protect|p1a: Clefable\n|-singleturn|p1a: Clefable|Protect\n|move|p2a: Tornadus|Taunt|p1a: Clefable\n|-activate|p1a: Clefable|move: Protect\n|\n|upkeep\n|turn|2\n|\n|move|p2a: Tornadus|Taunt|p1a: Clefable\n|-start|p1a: Clefable|move: Taunt\n|cant|p1a: Clefable|move: Taunt|Stealth Rock\n|\n|upkeep\n|turn|3\n|\n|switch|p1a: Gliscor|Gliscor, F|100\/100\n|move|p2a: Tornadus|Knock Off|p1a: Gliscor\n|-damage|p1a: Gliscor|84\/100\n|-enditem|p1a: Gliscor|Toxic Orb|[from] move: Knock Off|[of] p2a: Tornadus\n|\n|upkeep\n|turn|4\n|\n|move|p2a: Tornadus|Taunt|p1a: Gliscor\n|-start|p1a: Gliscor|move: Taunt\n|cant|p1a: Gliscor|move: Taunt|Toxic\n|\n|upkeep\n|turn|5\n|j| tessp\n|\n|switch|p1a: Toxapex|Toxapex, M|100\/100\n|move|p2a: Tornadus|Hurricane|p1a: Toxapex\n|-damage|p1a: Toxapex|74\/100\n|\n|-heal|p1a: Toxapex|80\/100|[from] item: Black Sludge\n|upkeep\n|turn|6\n|l| tessp\n|\n|move|p2a: Tornadus|Taunt|p1a: Toxapex\n|-start|p1a: Toxapex|move: Taunt\n|move|p1a: Toxapex|Scald|p2a: Tornadus\n|-damage|p2a: Tornadus|83\/100\n|\n|-heal|p1a: Toxapex|86\/100|[from] item: Black Sludge\n|upkeep\n|turn|7\n|\n|move|p2a: Tornadus|Knock Off|p1a: Toxapex\n|-damage|p1a: Toxapex|71\/100\n|-enditem|p1a: Toxapex|Black Sludge|[from] move: Knock Off|[of] p2a: Tornadus\n|move|p1a: Toxapex|Scald|p2a: Tornadus\n|-damage|p2a: Tornadus|66\/100\n|\n|upkeep\n|turn|8\n|\n|switch|p2a: Magearna|Magearna|100\/100\n|move|p1a: Toxapex|Scald|p2a: Magearna\n|-damage|p2a: Magearna|94\/100\n|\n|-end|p1a: Toxapex|move: Taunt\n|upkeep\n|turn|9\n|\n|switch|p1a: Venusaur|Venusaur, M|100\/100\n|move|p2a: Magearna|Volt Switch|p1a: Venusaur\n|-resisted|p1a: Venusaur\n|-damage|p1a: Venusaur|93\/100\n|\n|switch|p2a: Tornadus|Tornadus-Therian, M|99\/100\n|\n|upkeep\n|turn|10\n|\n|switch|p1a: Toxapex|Toxapex, M|100\/100\n|move|p2a: Tornadus|Hurricane|p1a: Toxapex\n|-damage|p1a: Toxapex|73\/100\n|\n|upkeep\n|turn|11\n|\n|move|p2a: Tornadus|Taunt|p1a: Toxapex\n|-start|p1a: Toxapex|move: Taunt\n|move|p1a: Toxapex|Scald|p2a: Tornadus\n|-damage|p2a: Tornadus|82\/100\n|-status|p2a: Tornadus|brn\n|\n|-damage|p2a: Tornadus|76\/100 brn|[from] brn\n|upkeep\n|turn|12\n|\n|move|p2a: Tornadus|Hurricane|p1a: Toxapex\n|-crit|p1a: Toxapex\n|-damage|p1a: Toxapex|34\/100\n|move|p1a: Toxapex|Scald|p2a: Tornadus\n|-damage|p2a: Tornadus|59\/100 brn\n|\n|-damage|p2a: Tornadus|53\/100 brn|[from] brn\n|upkeep\n|turn|13\n|\n|switch|p1a: Celesteela|Celesteela|100\/100\n|move|p2a: Tornadus|Hurricane|p1a: Celesteela\n|-resisted|p1a: Celesteela\n|-damage|p1a: Celesteela|88\/100\n|\n|-heal|p1a: Celesteela|94\/100|[from] item: Leftovers\n|-damage|p2a: Tornadus|47\/100 brn|[from] brn\n|upkeep\n|turn|14\n|\n|switch|p2a: Zygarde|Zygarde|100\/100\n|-ability|p2a: Zygarde|Aura Break\n|move|p1a: Celesteela|Protect||[still]\n|-fail|p1a: Celesteela\n|\n|-heal|p1a: Celesteela|100\/100|[from] item: Leftovers\n|upkeep\n|turn|15\n|\n|switch|p1a: Clefable|Clefable, F|100\/100\n|move|p2a: Zygarde|Thousand Arrows|p1a: Clefable\n|-damage|p1a: Clefable|47\/100\n|\n|-heal|p1a: Clefable|53\/100|[from] item: Leftovers\n|upkeep\n|turn|16\n|\n|move|p1a: Clefable|Protect|p1a: Clefable\n|-singleturn|p1a: Clefable|Protect\n|move|p2a: Zygarde|Thousand Arrows|p1a: Clefable\n|-activate|p1a: Clefable|move: Protect\n|\n|-heal|p1a: Clefable|59\/100|[from] item: Leftovers\n|upkeep\n|turn|17\n|\n|move|p2a: Zygarde|Thousand Arrows|p1a: Clefable\n|-damage|p1a: Clefable|12\/100\n|move|p1a: Clefable|Wish|p1a: Clefable\n|\n|-heal|p1a: Clefable|18\/100|[from] item: Leftovers\n|upkeep\n|turn|18\n|\n|switch|p2a: Tornadus|Tornadus-Therian, M|80\/100 brn\n|move|p1a: Clefable|Protect||[still]\n|-fail|p1a: Clefable\n|\n|-heal|p1a: Clefable|68\/100|[from] move: Wish|[wisher] Clefable\n|-heal|p1a: Clefable|74\/100|[from] item: Leftovers\n|-damage|p2a: Tornadus|74\/100 brn|[from] brn\n|upkeep\n|turn|19\n|\n|move|p1a: Clefable|Protect|p1a: Clefable\n|-singleturn|p1a: Clefable|Protect\n|move|p2a: Tornadus|Knock Off|p1a: Clefable\n|-activate|p1a: Clefable|move: Protect\n|\n|-heal|p1a: Clefable|80\/100|[from] item: Leftovers\n|-damage|p2a: Tornadus|68\/100 brn|[from] brn\n|upkeep\n|turn|20\n|\n|switch|p1a: Toxapex|Toxapex, M|67\/100\n|move|p2a: Tornadus|Knock Off|p1a: Toxapex\n|-damage|p1a: Toxapex|62\/100\n|\n|-damage|p2a: Tornadus|62\/100 brn|[from] brn\n|upkeep\n|turn|21\n|\n|switch|p2a: Zygarde|Zygarde|100\/100\n|-ability|p2a: Zygarde|Aura Break\n|move|p1a: Toxapex|Recover|p1a: Toxapex\n|-heal|p1a: Toxapex|100\/100\n|\n|upkeep\n|turn|22\n|\n|switch|p1a: Alomomola|Alomomola, M|100\/100\n|move|p2a: Zygarde|Thousand Arrows|p1a: Alomomola\n|-damage|p1a: Alomomola|62\/100\n|\n|upkeep\n|turn|23\n|\n|switch|p2a: Magearna|Magearna|94\/100\n|move|p1a: Alomomola|Knock Off|p2a: Magearna\n|-resisted|p2a: Magearna\n|-damage|p2a: Magearna|87\/100\n|-enditem|p2a: Magearna|Assault Vest|[from] move: Knock Off|[of] p1a: Alomomola\n|\n|upkeep\n|turn|24\n|\n|move|p1a: Alomomola|Protect|p1a: Alomomola\n|-singleturn|p1a: Alomomola|Protect\n|move|p2a: Magearna|Volt Switch|p1a: Alomomola\n|-activate|p1a: Alomomola|move: Protect\n|\n|upkeep\n|turn|25\n|\n|switch|p1a: Venusaur|Venusaur, M|93\/100\n|move|p2a: Magearna|Volt Switch|p1a: Venusaur\n|-resisted|p1a: Venusaur\n|-damage|p1a: Venusaur|85\/100\n|\n|switch|p2a: Tornadus|Tornadus-Therian, M|95\/100 brn\n|\n|-damage|p2a: Tornadus|89\/100 brn|[from] brn\n|upkeep\n|turn|26\n|\n|switch|p1a: Toxapex|Toxapex, M|100\/100\n|move|p2a: Tornadus|Taunt|p1a: Toxapex\n|-start|p1a: Toxapex|move: Taunt\n|\n|-damage|p2a: Tornadus|83\/100 brn|[from] brn\n|upkeep\n|turn|27\n|\n|switch|p2a: Magearna|Magearna|87\/100\n|move|p1a: Toxapex|Scald|p2a: Magearna\n|-damage|p2a: Magearna|78\/100\n|\n|upkeep\n|turn|28\n|\n|switch|p1a: Venusaur|Venusaur, M|85\/100\n|move|p2a: Magearna|Volt Switch|p1a: Venusaur\n|-resisted|p1a: Venusaur\n|-damage|p1a: Venusaur|78\/100\n|\n|switch|p2a: Tornadus|Tornadus-Therian, M|100\/100 brn\n|\n|-damage|p2a: Tornadus|94\/100 brn|[from] brn\n|upkeep\n|turn|29\n|\n|switch|p1a: Toxapex|Toxapex, M|100\/100\n|move|p2a: Tornadus|Hurricane|p1a: Toxapex\n|-damage|p1a: Toxapex|75\/100\n|-start|p1a: Toxapex|confusion\n|\n|-damage|p2a: Tornadus|88\/100 brn|[from] brn\n|upkeep\n|turn|30\n|\n|switch|p1a: Alomomola|Alomomola, M|96\/100\n|move|p2a: Tornadus|Taunt|p1a: Alomomola\n|-start|p1a: Alomomola|move: Taunt\n|\n|-damage|p2a: Tornadus|82\/100 brn|[from] brn\n|upkeep\n|turn|31\n|\n|switch|p1a: Toxapex|Toxapex, M|100\/100\n|move|p2a: Tornadus|Knock Off|p1a: Toxapex\n|-damage|p1a: Toxapex|95\/100\n|\n|-damage|p2a: Tornadus|76\/100 brn|[from] brn\n|upkeep\n|turn|32\n|\n|move|p2a: Tornadus|Taunt|p1a: Toxapex\n|-start|p1a: Toxapex|move: Taunt\n|move|p1a: Toxapex|Scald|p2a: Tornadus\n|-damage|p2a: Tornadus|58\/100 brn\n|\n|-damage|p2a: Tornadus|52\/100 brn|[from] brn\n|upkeep\n|turn|33\n|\n|switch|p2a: Magearna|Magearna|78\/100\n|move|p1a: Toxapex|Scald|p2a: Magearna\n|-damage|p2a: Magearna|69\/100\n|\n|upkeep\n|turn|34\n|\n|switch|p1a: Gliscor|Gliscor, F|84\/100\n|move|p2a: Magearna|Volt Switch|p1a: Gliscor\n|-immune|p1a: Gliscor\n|\n|upkeep\n|turn|35\n|\n|switch|p1a: Clefable|Clefable, F|80\/100\n|switch|p2a: Tornadus|Tornadus-Therian, M|85\/100 brn\n|\n|-heal|p1a: Clefable|86\/100|[from] item: Leftovers\n|-damage|p2a: Tornadus|79\/100 brn|[from] brn\n|upkeep\n|turn|36\n|\n|switch|p1a: Toxapex|Toxapex, M|100\/100\n|move|p2a: Tornadus|Knock Off|p1a: Toxapex\n|-damage|p1a: Toxapex|95\/100\n|\n|-damage|p2a: Tornadus|73\/100 brn|[from] brn\n|upkeep\n|turn|37\n|\n|switch|p1a: Alomomola|Alomomola, M|100\/100\n|move|p2a: Tornadus|Taunt|p1a: Alomomola\n|-start|p1a: Alomomola|move: Taunt\n|\n|-damage|p2a: Tornadus|67\/100 brn|[from] brn\n|upkeep\n|turn|38\n|\n|switch|p2a: Magearna|Magearna|69\/100\n|switch|p1a: Toxapex|Toxapex, M|100\/100\n|\n|upkeep\n|turn|39\n|\n|switch|p1a: Gliscor|Gliscor, F|84\/100\n|move|p2a: Magearna|Volt Switch|p1a: Gliscor\n|-immune|p1a: Gliscor\n|\n|upkeep\n|turn|40\n|\n|switch|p1a: Clefable|Clefable, F|86\/100\n|switch|p2a: Tornadus|Tornadus-Therian, M|99\/100 brn\n|\n|-heal|p1a: Clefable|92\/100|[from] item: Leftovers\n|-damage|p2a: Tornadus|94\/100 brn|[from] brn\n|upkeep\n|turn|41\n|\n|switch|p1a: Toxapex|Toxapex, M|100\/100\n|move|p2a: Tornadus|Taunt|p1a: Toxapex\n|-start|p1a: Toxapex|move: Taunt\n|\n|-damage|p2a: Tornadus|88\/100 brn|[from] brn\n|upkeep\n|turn|42\n|\n|switch|p2a: Magearna|Magearna|69\/100\n|switch|p1a: Alomomola|Alomomola, M|100\/100\n|\n|upkeep\n|turn|43\n|\n|move|p1a: Alomomola|Protect|p1a: Alomomola\n|-singleturn|p1a: Alomomola|Protect\n|move|p2a: Magearna|Volt Switch|p1a: Alomomola\n|-activate|p1a: Alomomola|move: Protect\n|\n|upkeep\n|turn|44\n|\n|switch|p1a: Venusaur|Venusaur, M|78\/100\n|move|p2a: Magearna|Volt Switch|p1a: Venusaur\n|-resisted|p1a: Venusaur\n|-damage|p1a: Venusaur|70\/100\n|\n|switch|p2a: Landorus|Landorus-Therian, M|100\/100\n|-ability|p2a: Landorus|Intimidate|boost\n|-unboost|p1a: Venusaur|atk|1\n|\n|upkeep\n|turn|45\n|\n|switch|p1a: Celesteela|Celesteela|100\/100\n|move|p2a: Landorus|Stealth Rock|p1a: Celesteela\n|-sidestart|p1: Sheer Flames|move: Stealth Rock\n|\n|upkeep\n|turn|46\n|\n|switch|p2a: Zygarde|Zygarde|100\/100\n|-ability|p2a: Zygarde|Aura Break\n|move|p1a: Celesteela|Leech Seed|p2a: Zygarde\n|-start|p2a: Zygarde|move: Leech Seed\n|\n|-damage|p2a: Zygarde|88\/100|[from] Leech Seed|[of] p1a: Celesteela\n|upkeep\n|turn|47\n|\n|switch|p1a: Clefable|Clefable, F|92\/100\n|-damage|p1a: Clefable|80\/100|[from] Stealth Rock\n|move|p2a: Zygarde|Thousand Arrows|p1a: Clefable\n|-crit|p1a: Clefable\n|-damage|p1a: Clefable|6\/100\n|\n|-heal|p1a: Clefable|12\/100|[from] item: Leftovers\n|-damage|p2a: Zygarde|76\/100|[from] Leech Seed|[of] p1a: Clefable\n|-heal|p1a: Clefable|24\/100|[silent]\n|upkeep\n|turn|48\n|\n|move|p1a: Clefable|Protect|p1a: Clefable\n|-singleturn|p1a: Clefable|Protect\n|move|p2a: Zygarde|Thousand Arrows|p1a: Clefable\n|-activate|p1a: Clefable|move: Protect\n|\n|-heal|p1a: Clefable|30\/100|[from] item: Leftovers\n|-damage|p2a: Zygarde|64\/100|[from] Leech Seed|[of] p1a: Clefable\n|-heal|p1a: Clefable|41\/100|[silent]\n|upkeep\n|turn|49\n|c|\u2606Sheer Flames|nice\n|c|\u2606Sheer Flames|thats how i like it\n|\n|switch|p1a: Alomomola|Alomomola, M|100\/100\n|-damage|p1a: Alomomola|88\/100|[from] Stealth Rock\n|move|p2a: Zygarde|Thousand Arrows|p1a: Alomomola\n|-damage|p1a: Alomomola|47\/100\n|\n|-damage|p2a: Zygarde|51\/100|[from] Leech Seed|[of] p1a: Alomomola\n|-heal|p1a: Alomomola|57\/100|[silent]\n|upkeep\n|turn|50\n|\n|switch|p2a: Tornadus|Tornadus-Therian, M|100\/100 brn\n|move|p1a: Alomomola|Wish|p1a: Alomomola\n|\n|-damage|p2a: Tornadus|94\/100 brn|[from] brn\n|upkeep\n|turn|51\n|\n|move|p1a: Alomomola|Protect|p1a: Alomomola\n|-singleturn|p1a: Alomomola|Protect\n|move|p2a: Tornadus|Hurricane|p1a: Alomomola\n|-activate|p1a: Alomomola|move: Protect\n|\n|-heal|p1a: Alomomola|100\/100|[from] move: Wish|[wisher] Alomomola\n|-damage|p2a: Tornadus|88\/100 brn|[from] brn\n|upkeep\n|turn|52\n|\n|switch|p1a: Toxapex|Toxapex, M|100\/100\n|-damage|p1a: Toxapex|88\/100|[from] Stealth Rock\n|move|p2a: Tornadus|Taunt|p1a: Toxapex\n|-start|p1a: Toxapex|move: Taunt\n|\n|-damage|p2a: Tornadus|82\/100 brn|[from] brn\n|upkeep\n|turn|53\n|\n|switch|p2a: Magearna|Magearna|69\/100\n|move|p1a: Toxapex|Scald|p2a: Magearna\n|-damage|p2a: Magearna|58\/100\n|\n|upkeep\n|turn|54\n|\n|switch|p1a: Gliscor|Gliscor, F|84\/100\n|-damage|p1a: Gliscor|72\/100|[from] Stealth Rock\n|move|p2a: Magearna|Ice Beam|p1a: Gliscor\n|-supereffective|p1a: Gliscor\n|-damage|p1a: Gliscor|0 fnt\n|faint|p1a: Gliscor\n|-ability|p2a: Magearna|Soul-Heart|boost\n|-boost|p2a: Magearna|spa|1\n|\n|upkeep\n|c|\u2606Sheer Flames|click click\n|c|\u2606Kaylss|nice\n|\n|switch|p1a: Venusaur|Venusaur, M|70\/100\n|-damage|p1a: Venusaur|58\/100|[from] Stealth Rock\n|turn|55\n|c|\u2606Kaylss|thats how i like it\n|\n|switch|p2a: Tornadus|Tornadus-Therian, M|100\/100 brn\n|detailschange|p1a: Venusaur|Venusaur-Mega, M\n|-mega|p1a: Venusaur|Venusaur|Venusaurite\n|move|p1a: Venusaur|Synthesis|p1a: Venusaur\n|-heal|p1a: Venusaur|100\/100\n|\n|-damage|p2a: Tornadus|94\/100 brn|[from] brn\n|upkeep\n|turn|56\n|\n|switch|p1a: Toxapex|Toxapex, M|100\/100\n|-damage|p1a: Toxapex|88\/100|[from] Stealth Rock\n|move|p2a: Tornadus|Hurricane|p1a: Toxapex\n|-damage|p1a: Toxapex|63\/100\n|\n|-damage|p2a: Tornadus|88\/100 brn|[from] brn\n|upkeep\n|turn|57\n|\n|move|p2a: Tornadus|Taunt|p1a: Toxapex\n|-start|p1a: Toxapex|move: Taunt\n|move|p1a: Toxapex|Scald|p2a: Tornadus\n|-damage|p2a: Tornadus|71\/100 brn\n|\n|-damage|p2a: Tornadus|65\/100 brn|[from] brn\n|upkeep\n|turn|58\n|\n|switch|p2a: Magearna|Magearna|58\/100\n|move|p1a: Toxapex|Scald|p2a: Magearna\n|-damage|p2a: Magearna|48\/100\n|\n|upkeep\n|turn|59\n|\n|switch|p1a: Venusaur|Venusaur-Mega, M|100\/100\n|-damage|p1a: Venusaur|88\/100|[from] Stealth Rock\n|move|p2a: Magearna|Volt Switch|p1a: Venusaur\n|-resisted|p1a: Venusaur\n|-damage|p1a: Venusaur|81\/100\n|\n|switch|p2a: Tornadus|Tornadus-Therian, M|99\/100 brn\n|\n|-damage|p2a: Tornadus|92\/100 brn|[from] brn\n|upkeep\n|turn|60\n|\n|switch|p1a: Toxapex|Toxapex, M|97\/100\n|-damage|p1a: Toxapex|84\/100|[from] Stealth Rock\n|move|p2a: Tornadus|Taunt|p1a: Toxapex\n|-start|p1a: Toxapex|move: Taunt\n|\n|-damage|p2a: Tornadus|86\/100 brn|[from] brn\n|upkeep\n|turn|61\n|\n|switch|p2a: Magearna|Magearna|48\/100\n|move|p1a: Toxapex|Scald|p2a: Magearna\n|-damage|p2a: Magearna|39\/100\n|\n|upkeep\n|turn|62\n|\n|switch|p1a: Venusaur|Venusaur-Mega, M|81\/100\n|-damage|p1a: Venusaur|69\/100|[from] Stealth Rock\n|move|p2a: Magearna|Volt Switch|p1a: Venusaur\n|-resisted|p1a: Venusaur\n|-damage|p1a: Venusaur|62\/100\n|\n|switch|p2a: Tornadus|Tornadus-Therian, M|100\/100 brn\n|\n|-damage|p2a: Tornadus|94\/100 brn|[from] brn\n|upkeep\n|turn|63\n|\n|switch|p1a: Toxapex|Toxapex, M|100\/100\n|-damage|p1a: Toxapex|88\/100|[from] Stealth Rock\n|move|p2a: Tornadus|Taunt|p1a: Toxapex\n|-start|p1a: Toxapex|move: Taunt\n|\n|-damage|p2a: Tornadus|88\/100 brn|[from] brn\n|upkeep\n|turn|64\n|\n|move|p2a: Tornadus|Hurricane|p1a: Toxapex\n|-damage|p1a: Toxapex|64\/100\n|-start|p1a: Toxapex|confusion\n|-activate|p1a: Toxapex|confusion\n|-damage|p1a: Toxapex|59\/100|[from] confusion\n|\n|-damage|p2a: Tornadus|82\/100 brn|[from] brn\n|upkeep\n|turn|65\n|\n|switch|p2a: Magearna|Magearna|39\/100\n|-activate|p1a: Toxapex|confusion\n|move|p1a: Toxapex|Scald|p2a: Magearna\n|-damage|p2a: Magearna|28\/100\n|\n|-end|p1a: Toxapex|move: Taunt\n|upkeep\n|turn|66\n|\n|move|p2a: Magearna|Volt Switch|p1a: Toxapex\n|-supereffective|p1a: Toxapex\n|-damage|p1a: Toxapex|31\/100\n|\n|switch|p2a: Tornadus|Tornadus-Therian, M|100\/100 brn\n|-end|p1a: Toxapex|confusion\n|move|p1a: Toxapex|Recover|p1a: Toxapex\n|-heal|p1a: Toxapex|81\/100\n|\n|-damage|p2a: Tornadus|94\/100 brn|[from] brn\n|upkeep\n|turn|67\n|\n|move|p2a: Tornadus|Taunt|p1a: Toxapex\n|-start|p1a: Toxapex|move: Taunt\n|move|p1a: Toxapex|Scald|p2a: Tornadus\n|-damage|p2a: Tornadus|76\/100 brn\n|\n|-damage|p2a: Tornadus|70\/100 brn|[from] brn\n|upkeep\n|turn|68\n|\n|move|p2a: Tornadus|Hurricane|p1a: Toxapex\n|-damage|p1a: Toxapex|54\/100\n|move|p1a: Toxapex|Scald|p2a: Tornadus\n|-damage|p2a: Tornadus|53\/100 brn\n|\n|-damage|p2a: Tornadus|47\/100 brn|[from] brn\n|upkeep\n|turn|69\n|\n|switch|p2a: Magearna|Magearna|28\/100\n|switch|p1a: Alomomola|Alomomola, M|100\/100\n|-damage|p1a: Alomomola|88\/100|[from] Stealth Rock\n|\n|upkeep\n|turn|70\n|\n|move|p1a: Alomomola|Protect|p1a: Alomomola\n|-singleturn|p1a: Alomomola|Protect\n|move|p2a: Magearna|Volt Switch|p1a: Alomomola\n|-activate|p1a: Alomomola|move: Protect\n|\n|upkeep\n|turn|71\n|\n|move|p1a: Alomomola|Wish|p1a: Alomomola\n|move|p2a: Magearna|Volt Switch|p1a: Alomomola\n|-supereffective|p1a: Alomomola\n|-damage|p1a: Alomomola|47\/100\n|\n|switch|p2a: Tornadus|Tornadus-Therian, M|80\/100 brn\n|\n|-damage|p2a: Tornadus|74\/100 brn|[from] brn\n|upkeep\n|turn|72\n|\n|move|p1a: Alomomola|Protect|p1a: Alomomola\n|-singleturn|p1a: Alomomola|Protect\n|move|p2a: Tornadus|Hurricane|p1a: Alomomola\n|-activate|p1a: Alomomola|move: Protect\n|\n|-heal|p1a: Alomomola|97\/100|[from] move: Wish|[wisher] Alomomola\n|-damage|p2a: Tornadus|68\/100 brn|[from] brn\n|upkeep\n|turn|73\n|\n|switch|p1a: Toxapex|Toxapex, M|87\/100\n|-damage|p1a: Toxapex|75\/100|[from] Stealth Rock\n|move|p2a: Tornadus|Taunt|p1a: Toxapex\n|-start|p1a: Toxapex|move: Taunt\n|\n|-damage|p2a: Tornadus|62\/100 brn|[from] brn\n|upkeep\n|turn|74\n|\n|switch|p2a: Greninja|Greninja, M|100\/100\n|move|p1a: Toxapex|Scald|p2a: Greninja\n|-resisted|p2a: Greninja\n|-damage|p2a: Greninja|89\/100\n|-status|p2a: Greninja|brn\n|\n|-damage|p2a: Greninja|83\/100 brn|[from] brn\n|upkeep\n|turn|75\n|\n|switch|p2a: Tornadus|Tornadus-Therian, M|95\/100 brn\n|switch|p1a: Alomomola|Alomomola, M|100\/100\n|-damage|p1a: Alomomola|88\/100|[from] Stealth Rock\n|\n|-damage|p2a: Tornadus|89\/100 brn|[from] brn\n|upkeep\n|turn|76\n|\n|switch|p2a: Greninja|Greninja, M|83\/100 brn\n|move|p1a: Alomomola|Knock Off|p2a: Greninja\n|-resisted|p2a: Greninja\n|-damage|p2a: Greninja|70\/100 brn\n|-enditem|p2a: Greninja|Choice Specs|[from] move: Knock Off|[of] p1a: Alomomola\n|\n|-damage|p2a: Greninja|64\/100 brn|[from] brn\n|upkeep\n|turn|77\n|c|\u2606Sheer Flames|:)\n|\n|move|p1a: Alomomola|Protect|p1a: Alomomola\n|-singleturn|p1a: Alomomola|Protect\n|move|p2a: Greninja|Dark Pulse|p1a: Alomomola\n|-activate|p1a: Alomomola|move: Protect\n|\n|-damage|p2a: Greninja|58\/100 brn|[from] brn\n|upkeep\n|turn|78\n|\n|move|p2a: Greninja|Dark Pulse|p1a: Alomomola\n|-damage|p1a: Alomomola|55\/100\n|move|p1a: Alomomola|Wish|p1a: Alomomola\n|\n|-damage|p2a: Greninja|52\/100 brn|[from] brn\n|upkeep\n|turn|79\n|\n|move|p2a: Greninja|Hydro Pump|p1a: Alomomola\n|-resisted|p1a: Alomomola\n|-damage|p1a: Alomomola|34\/100\n|move|p1a: Alomomola|Toxic||[still]\n|-fail|p1a: Alomomola\n|\n|-heal|p1a: Alomomola|84\/100|[from] move: Wish|[wisher] Alomomola\n|-damage|p2a: Greninja|46\/100 brn|[from] brn\n|upkeep\n|turn|80\n|\n|move|p1a: Alomomola|Protect|p1a: Alomomola\n|-singleturn|p1a: Alomomola|Protect\n|move|p2a: Greninja|Spikes|p1a: Alomomola\n|-sidestart|p1: Sheer Flames|Spikes\n|\n|-damage|p2a: Greninja|40\/100 brn|[from] brn\n|upkeep\n|turn|81\n|\n|move|p2a: Greninja|Dark Pulse|p1a: Alomomola\n|-damage|p1a: Alomomola|51\/100\n|move|p1a: Alomomola|Wish|p1a: Alomomola\n|\n|-damage|p2a: Greninja|35\/100 brn|[from] brn\n|upkeep\n|turn|82\n|\n|move|p1a: Alomomola|Protect|p1a: Alomomola\n|-singleturn|p1a: Alomomola|Protect\n|move|p2a: Greninja|Hydro Pump|p1a: Alomomola\n|-activate|p1a: Alomomola|move: Protect\n|\n|-heal|p1a: Alomomola|100\/100|[from] move: Wish|[wisher] Alomomola\n|-damage|p2a: Greninja|29\/100 brn|[from] brn\n|upkeep\n|turn|83\n|\n|move|p2a: Greninja|Spikes|p1a: Alomomola\n|-sidestart|p1: Sheer Flames|Spikes\n|move|p1a: Alomomola|Wish|p1a: Alomomola\n|\n|-damage|p2a: Greninja|23\/100 brn|[from] brn\n|upkeep\n|turn|84\n|\n|move|p2a: Greninja|Hydro Pump|p1a: Alomomola\n|-resisted|p1a: Alomomola\n|-damage|p1a: Alomomola|78\/100\n|move|p1a: Alomomola|Knock Off|p2a: Greninja\n|-resisted|p2a: Greninja\n|-damage|p2a: Greninja|14\/100 brn\n|\n|-heal|p1a: Alomomola|100\/100|[from] move: Wish|[wisher] Alomomola\n|-damage|p2a: Greninja|8\/100 brn|[from] brn\n|upkeep\n|turn|85\n|\n|move|p1a: Alomomola|Protect|p1a: Alomomola\n|-singleturn|p1a: Alomomola|Protect\n|move|p2a: Greninja|Spikes|p1a: Alomomola\n|-sidestart|p1: Sheer Flames|Spikes\n|\n|-damage|p2a: Greninja|2\/100 brn|[from] brn\n|upkeep\n|turn|86\n|\n|move|p2a: Greninja|Hydro Pump|p1a: Alomomola\n|-resisted|p1a: Alomomola\n|-damage|p1a: Alomomola|77\/100\n|move|p1a: Alomomola|Wish|p1a: Alomomola\n|\n|-damage|p2a: Greninja|0 fnt|[from] brn\n|upkeep\n|faint|p2a: Greninja\n|\n|switch|p2a: Magearna|Magearna|28\/100\n|turn|87\n|\n|move|p2a: Magearna|Volt Switch|p1a: Alomomola\n|-supereffective|p1a: Alomomola\n|-damage|p1a: Alomomola|37\/100\n|\n|switch|p2a: Tornadus|Tornadus-Therian, M|100\/100 brn\n|move|p1a: Alomomola|Toxic|p2a: Tornadus|[miss]\n|-miss|p1a: Alomomola|p2a: Tornadus\n|\n|-heal|p1a: Alomomola|87\/100|[from] move: Wish|[wisher] Alomomola\n|-damage|p2a: Tornadus|94\/100 brn|[from] brn\n|upkeep\n|turn|88\n|\n|move|p1a: Alomomola|Protect|p1a: Alomomola\n|-singleturn|p1a: Alomomola|Protect\n|move|p2a: Tornadus|Taunt|p1a: Alomomola\n|-activate|p1a: Alomomola|move: Protect\n|\n|-damage|p2a: Tornadus|88\/100 brn|[from] brn\n|upkeep\n|turn|89\n|\n|switch|p2a: Magearna|Magearna|28\/100\n|move|p1a: Alomomola|Knock Off|p2a: Magearna\n|-resisted|p2a: Magearna\n|-damage|p2a: Magearna|24\/100\n|\n|upkeep\n|turn|90\n|\n|move|p1a: Alomomola|Wish|p1a: Alomomola\n|move|p2a: Magearna|Volt Switch|p1a: Alomomola\n|-supereffective|p1a: Alomomola\n|-damage|p1a: Alomomola|49\/100\n|\n|switch|p2a: Tornadus|Tornadus-Therian, M|100\/100 brn\n|\n|-damage|p2a: Tornadus|94\/100 brn|[from] brn\n|upkeep\n|turn|91\n|\n|move|p2a: Tornadus|Taunt|p1a: Alomomola\n|-start|p1a: Alomomola|move: Taunt\n|move|p1a: Alomomola|Knock Off|p2a: Tornadus\n|-damage|p2a: Tornadus|77\/100 brn\n|-damage|p1a: Alomomola|33\/100|[from] item: Rocky Helmet|[of] p2a: Tornadus\n|-enditem|p2a: Tornadus|Rocky Helmet|[from] move: Knock Off|[of] p1a: Alomomola\n|\n|-heal|p1a: Alomomola|83\/100|[from] move: Wish|[wisher] Alomomola\n|-damage|p2a: Tornadus|71\/100 brn|[from] brn\n|upkeep\n|turn|92\n|\n|switch|p1a: Clefable|Clefable, F|41\/100\n|-damage|p1a: Clefable|16\/100|[from] Spikes\n|-damage|p1a: Clefable|4\/100|[from] Stealth Rock\n|move|p2a: Tornadus|Hurricane|p1a: Clefable\n|-damage|p1a: Clefable|0 fnt\n|faint|p1a: Clefable\n|\n|-damage|p2a: Tornadus|64\/100 brn|[from] brn\n|upkeep\n|\n|switch|p1a: Celesteela|Celesteela|100\/100\n|-damage|p1a: Celesteela|88\/100|[from] Stealth Rock\n|turn|93\n|\n|move|p2a: Tornadus|Taunt|p1a: Celesteela\n|-start|p1a: Celesteela|move: Taunt\n|move|p1a: Celesteela|Heavy Slam|p2a: Tornadus\n|-damage|p2a: Tornadus|15\/100 brn\n|\n|-heal|p1a: Celesteela|94\/100|[from] item: Leftovers\n|-damage|p2a: Tornadus|9\/100 brn|[from] brn\n|upkeep\n|turn|94\n|\n|switch|p2a: Landorus|Landorus-Therian, M|100\/100\n|-ability|p2a: Landorus|Intimidate|boost\n|-unboost|p1a: Celesteela|atk|1\n|move|p1a: Celesteela|Heavy Slam|p2a: Landorus\n|-damage|p2a: Landorus|73\/100\n|\n|-heal|p1a: Celesteela|99\/100|[from] item: Leftovers\n|upkeep\n|turn|95\n|\n|switch|p2a: Zygarde|Zygarde|51\/100\n|-ability|p2a: Zygarde|Aura Break\n|move|p1a: Celesteela|Heavy Slam|p2a: Zygarde\n|-damage|p2a: Zygarde|35\/100\n|\n|-heal|p1a: Celesteela|100\/100|[from] item: Leftovers\n|-end|p1a: Celesteela|move: Taunt\n|upkeep\n|turn|96\n|\n|move|p1a: Celesteela|Protect|p1a: Celesteela\n|-singleturn|p1a: Celesteela|Protect\n|move|p2a: Zygarde|Thousand Arrows|p1a: Celesteela\n|-activate|p1a: Celesteela|move: Protect\n|\n|upkeep\n|turn|97\n|\n|move|p2a: Zygarde|Thousand Arrows|p1a: Celesteela\n|-damage|p1a: Celesteela|49\/100\n|-start|p1a: Celesteela|Smack Down\n|move|p1a: Celesteela|Leech Seed|p2a: Zygarde\n|-start|p2a: Zygarde|move: Leech Seed\n|\n|-heal|p1a: Celesteela|55\/100|[from] item: Leftovers\n|-damage|p2a: Zygarde|23\/100|[from] Leech Seed|[of] p1a: Celesteela\n|-heal|p1a: Celesteela|66\/100|[silent]\n|upkeep\n|turn|98\n|\n|switch|p2a: Landorus|Landorus-Therian, M|73\/100\n|-ability|p2a: Landorus|Intimidate|boost\n|-unboost|p1a: Celesteela|atk|1\n|move|p1a: Celesteela|Protect||[still]\n|-fail|p1a: Celesteela\n|\n|-heal|p1a: Celesteela|72\/100|[from] item: Leftovers\n|upkeep\n|turn|99\n|\n|move|p2a: Landorus|Earthquake|p1a: Celesteela\n|-supereffective|p1a: Celesteela\n|-damage|p1a: Celesteela|0 fnt\n|faint|p1a: Celesteela\n|\n|upkeep\n|-message|Sheer Flames forfeited.\n|\n|win|Kaylss\n|l|\u2606Sheer Flames\n|c|\u2606Kaylss|\/log Kaylss made this room public.\n|raw|Sheer Flames's rating: 1682 &rarr; <strong>1658<\/strong><br \/>(-24 for losing)\n|raw|Kaylss's rating: 1626 &rarr; <strong>1650<\/strong><br \/>(+24 for winning)\n","uploadtime":1544636833,"views":57,"p1id":"sheerflames","p2id":"kaylss","formatid":"gen7ou","rating":1650,"private":0,"password":null}