{"id":"gen7randombattle-811239539","p1":"wolfwarrior","p2":"LUFFY.ANDY","format":"gen7randombattle","log":"|j|\u2606wolfwarrior\n|j|\u2606LUFFY.ANDY\n|player|p1|wolfwarrior|162\n|player|p2|LUFFY.ANDY|70\n|teamsize|p1|6\n|teamsize|p2|6\n|gametype|singles\n|gen|7\n|tier|[Gen 7] Random Battle\n|rated|\n|seed|26687,14988,54313,57189\n|rule|Sleep Clause Mod: Limit one foe put to sleep\n|rule|HP Percentage Mod: HP is shown in percentages\n|\n|start\n|switch|p1a: Blissey|Blissey, L77, F|519\/519\n|switch|p2a: Miltank|Miltank, L81, F|287\/287\n|turn|1\n|inactive|Battle timer is ON: inactive players will automatically lose when time's up. (requested by wolfwarrior)\n|\n|move|p2a: Miltank|Curse|p2a: Miltank\n|-unboost|p2a: Miltank|spe|1\n|-boost|p2a: Miltank|atk|1\n|-boost|p2a: Miltank|def|1\n|move|p1a: Blissey|Wish|p1a: Blissey\n|\n|upkeep\n|turn|2\n|\n|switch|p1a: Rapidash|Rapidash, L83, M|243\/243\n|move|p2a: Miltank|Body Slam|p1a: Rapidash\n|-damage|p1a: Rapidash|116\/243\n|\n|-heal|p1a: Rapidash|243\/243|[from] move: Wish|[wisher] Blissey\n|upkeep\n|turn|3\n|\n|move|p1a: Rapidash|Will-O-Wisp|p2a: Miltank\n|-status|p2a: Miltank|brn\n|move|p2a: Miltank|Earthquake|p1a: Rapidash\n|-supereffective|p1a: Rapidash\n|-damage|p1a: Rapidash|139\/243\n|\n|-heal|p1a: Rapidash|154\/243|[from] item: Leftovers\n|-damage|p2a: Miltank|270\/287 brn|[from] brn\n|upkeep\n|turn|4\n|\n|move|p1a: Rapidash|Morning Sun|p1a: Rapidash\n|-heal|p1a: Rapidash|243\/243\n|move|p2a: Miltank|Heal Bell|p2a: Miltank\n|-activate|p2a: Miltank|move: Heal Bell\n|-curestatus|p2a: Miltank|brn|[msg]\n|\n|-heal|p2a: Miltank|287\/287|[from] item: Leftovers\n|upkeep\n|turn|5\n|\n|move|p1a: Rapidash|Will-O-Wisp|p2a: Miltank\n|-status|p2a: Miltank|brn\n|move|p2a: Miltank|Curse|p2a: Miltank\n|-unboost|p2a: Miltank|spe|1\n|-boost|p2a: Miltank|atk|1\n|-boost|p2a: Miltank|def|1\n|\n|-damage|p2a: Miltank|270\/287 brn|[from] brn\n|upkeep\n|turn|6\n|\n|switch|p1a: Mewtwo|Mewtwo, L73|275\/275\n|-ability|p1a: Mewtwo|Unnerve|p2: LUFFY.ANDY\n|move|p2a: Miltank|Heal Bell|p2a: Miltank\n|-activate|p2a: Miltank|move: Heal Bell\n|-curestatus|p2a: Miltank|brn|[msg]\n|\n|-heal|p2a: Miltank|287\/287|[from] item: Leftovers\n|upkeep\n|turn|7\n|\n|detailschange|p1a: Mewtwo|Mewtwo-Mega-Y, L73\n|-mega|p1a: Mewtwo|Mewtwo|Mewtwonite Y\n|move|p1a: Mewtwo|Will-O-Wisp|p2a: Miltank\n|-status|p2a: Miltank|brn\n|move|p2a: Miltank|Body Slam|p1a: Mewtwo\n|-damage|p1a: Mewtwo|175\/275\n|\n|-damage|p2a: Miltank|270\/287 brn|[from] brn\n|upkeep\n|turn|8\n|\n|move|p1a: Mewtwo|Aura Sphere|p2a: Miltank\n|-supereffective|p2a: Miltank\n|-damage|p2a: Miltank|74\/287 brn\n|move|p2a: Miltank|Body Slam|p1a: Mewtwo\n|-damage|p1a: Mewtwo|79\/275\n|-status|p1a: Mewtwo|par\n|\n|-heal|p2a: Miltank|91\/287 brn|[from] item: Leftovers\n|-damage|p2a: Miltank|74\/287 brn|[from] brn\n|upkeep\n|turn|9\n|\n|switch|p1a: Blissey|Blissey, L77, F|519\/519\n|move|p2a: Miltank|Body Slam|p1a: Blissey\n|-damage|p1a: Blissey|290\/519\n|-status|p1a: Blissey|par\n|\n|-heal|p2a: Miltank|91\/287 brn|[from] item: Leftovers\n|-heal|p1a: Blissey|322\/519 par|[from] item: Leftovers\n|-damage|p2a: Miltank|74\/287 brn|[from] brn\n|upkeep\n|turn|10\n|\n|move|p2a: Miltank|Heal Bell|p2a: Miltank\n|-activate|p2a: Miltank|move: Heal Bell\n|-curestatus|p2a: Miltank|brn|[msg]\n|move|p1a: Blissey|Heal Bell|p1a: Blissey\n|-activate|p1a: Blissey|move: Heal Bell\n|-curestatus|p1a: Blissey|par|[msg]\n|-curestatus|p1: Mewtwo|par|[msg]\n|\n|-heal|p1a: Blissey|354\/519|[from] item: Leftovers\n|-heal|p2a: Miltank|91\/287|[from] item: Leftovers\n|upkeep\n|turn|11\n|\n|switch|p1a: Rapidash|Rapidash, L83, M|243\/243\n|move|p2a: Miltank|Body Slam|p1a: Rapidash\n|-damage|p1a: Rapidash|83\/243\n|\n|-heal|p1a: Rapidash|98\/243|[from] item: Leftovers\n|-heal|p2a: Miltank|108\/287|[from] item: Leftovers\n|upkeep\n|turn|12\n|\n|move|p1a: Rapidash|Will-O-Wisp|p2a: Miltank\n|-status|p2a: Miltank|brn\n|move|p2a: Miltank|Earthquake|p1a: Rapidash\n|-supereffective|p1a: Rapidash\n|-damage|p1a: Rapidash|0 fnt\n|faint|p1a: Rapidash\n|\n|-heal|p2a: Miltank|125\/287 brn|[from] item: Leftovers\n|-damage|p2a: Miltank|108\/287 brn|[from] brn\n|upkeep\n|\n|switch|p1a: Slowking|Slowking, L81, F|287\/287\n|turn|13\n|\n|move|p2a: Miltank|Heal Bell|p2a: Miltank\n|-activate|p2a: Miltank|move: Heal Bell\n|-curestatus|p2a: Miltank|brn|[msg]\n|move|p1a: Slowking|Scald|p2a: Miltank\n|-damage|p2a: Miltank|3\/287\n|\n|-heal|p2a: Miltank|20\/287|[from] item: Leftovers\n|upkeep\n|turn|14\n|\n|move|p2a: Miltank|Body Slam|p1a: Slowking\n|-damage|p1a: Slowking|119\/287\n|move|p1a: Slowking|Scald|p2a: Miltank\n|-damage|p2a: Miltank|0 fnt\n|faint|p2a: Miltank\n|\n|-heal|p1a: Slowking|136\/287|[from] item: Leftovers\n|upkeep\n|\n|switch|p2a: Ribombee|Ribombee, L80, F|227\/227\n|turn|15\n|\n|move|p2a: Ribombee|Quiver Dance|p2a: Ribombee\n|-boost|p2a: Ribombee|spa|1\n|-boost|p2a: Ribombee|spd|1\n|-boost|p2a: Ribombee|spe|1\n|move|p1a: Slowking|Psyshock|p2a: Ribombee\n|-damage|p2a: Ribombee|113\/227\n|\n|-heal|p1a: Slowking|153\/287|[from] item: Leftovers\n|upkeep\n|turn|16\n|\n|switch|p1a: Blissey|Blissey, L77, F|354\/519\n|move|p2a: Ribombee|Bug Buzz|p1a: Blissey\n|-damage|p1a: Blissey|214\/519\n|-damage|p2a: Ribombee|91\/227|[from] item: Life Orb\n|\n|-heal|p1a: Blissey|246\/519|[from] item: Leftovers\n|upkeep\n|turn|17\n|\n|move|p2a: Ribombee|Moonblast|p1a: Blissey\n|-damage|p1a: Blissey|113\/519\n|-damage|p2a: Ribombee|69\/227|[from] item: Life Orb\n|move|p1a: Blissey|Wish|p1a: Blissey\n|\n|-heal|p1a: Blissey|145\/519|[from] item: Leftovers\n|upkeep\n|turn|18\n|\n|move|p1a: Blissey|Protect|p1a: Blissey\n|-singleturn|p1a: Blissey|Protect\n|move|p2a: Ribombee|Bug Buzz|p1a: Blissey\n|-activate|p1a: Blissey|move: Protect\n|\n|-heal|p1a: Blissey|404\/519|[from] move: Wish|[wisher] Blissey\n|-heal|p1a: Blissey|436\/519|[from] item: Leftovers\n|upkeep\n|turn|19\n|\n|switch|p2a: Electrode|Electrode, L83|235\/235\n|move|p1a: Blissey|Wish|p1a: Blissey\n|\n|-heal|p1a: Blissey|468\/519|[from] item: Leftovers\n|upkeep\n|turn|20\n|\n|move|p2a: Electrode|Thunderbolt|p1a: Blissey\n|-damage|p1a: Blissey|390\/519\n|-damage|p2a: Electrode|212\/235|[from] item: Life Orb\n|move|p1a: Blissey|Flamethrower|p2a: Electrode\n|-damage|p2a: Electrode|163\/235\n|\n|-heal|p1a: Blissey|519\/519|[from] move: Wish|[wisher] Blissey\n|upkeep\n|turn|21\n|\n|move|p2a: Electrode|Taunt|p1a: Blissey\n|-start|p1a: Blissey|move: Taunt\n|cant|p1a: Blissey|move: Taunt|Wish\n|\n|upkeep\n|turn|22\n|\n|switch|p2a: Lumineon|Lumineon, L83, F|250\/250\n|move|p1a: Blissey|Flamethrower|p2a: Lumineon\n|-resisted|p2a: Lumineon\n|-damage|p2a: Lumineon|228\/250\n|\n|-heal|p2a: Lumineon|243\/250|[from] item: Leftovers\n|upkeep\n|turn|23\n|\n|switch|p1a: Slowking|Slowking, L81, F|248\/287\n|move|p2a: Lumineon|Toxic|p1a: Slowking\n|-status|p1a: Slowking|tox\n|\n|-heal|p2a: Lumineon|250\/250|[from] item: Leftovers\n|-heal|p1a: Slowking|265\/287 tox|[from] item: Leftovers\n|-damage|p1a: Slowking|248\/287 tox|[from] psn\n|upkeep\n|turn|24\n|\n|move|p2a: Lumineon|U-turn|p1a: Slowking\n|-supereffective|p1a: Slowking\n|-damage|p1a: Slowking|162\/287 tox\n|\n|switch|p2a: Electrode|Electrode, L83|163\/235|[from]move: U-turn\n|move|p1a: Slowking|Nasty Plot|p1a: Slowking\n|-boost|p1a: Slowking|spa|2\n|\n|-heal|p1a: Slowking|179\/287 tox|[from] item: Leftovers\n|-damage|p1a: Slowking|145\/287 tox|[from] psn\n|upkeep\n|turn|25\n|\n|switch|p1a: Blissey|Blissey, L77, F|519\/519\n|move|p2a: Electrode|Thunderbolt|p1a: Blissey\n|-damage|p1a: Blissey|437\/519\n|-damage|p2a: Electrode|140\/235|[from] item: Life Orb\n|\n|-heal|p1a: Blissey|469\/519|[from] item: Leftovers\n|upkeep\n|turn|26\n|\n|move|p2a: Electrode|Taunt|p1a: Blissey\n|-start|p1a: Blissey|move: Taunt\n|move|p1a: Blissey|Flamethrower|p2a: Electrode\n|-damage|p2a: Electrode|91\/235\n|\n|-heal|p1a: Blissey|501\/519|[from] item: Leftovers\n|upkeep\n|turn|27\n|\n|switch|p2a: Lumineon|Lumineon, L83, F|250\/250\n|move|p1a: Blissey|Flamethrower|p2a: Lumineon\n|-resisted|p2a: Lumineon\n|-damage|p2a: Lumineon|226\/250\n|-status|p2a: Lumineon|brn\n|\n|-heal|p2a: Lumineon|241\/250 brn|[from] item: Leftovers\n|-heal|p1a: Blissey|519\/519|[from] item: Leftovers\n|-damage|p2a: Lumineon|226\/250 brn|[from] brn\n|upkeep\n|turn|28\n|\n|switch|p1a: Slowking|Slowking, L81, F|240\/287 tox\n|move|p2a: Lumineon|Toxic|p1a: Slowking\n|-fail|p1a: Slowking|tox\n|\n|-heal|p2a: Lumineon|241\/250 brn|[from] item: Leftovers\n|-heal|p1a: Slowking|257\/287 tox|[from] item: Leftovers\n|-damage|p2a: Lumineon|226\/250 brn|[from] brn\n|-damage|p1a: Slowking|240\/287 tox|[from] psn\n|upkeep\n|turn|29\n|\n|switch|p1a: Blissey|Blissey, L77, F|519\/519\n|move|p2a: Lumineon|U-turn|p1a: Blissey\n|-crit|p1a: Blissey\n|-damage|p1a: Blissey|426\/519\n|\n|switch|p2a: Deoxys|Deoxys, L73|193\/193|[from]move: U-turn\n|-ability|p2a: Deoxys|Pressure\n|\n|-heal|p1a: Blissey|458\/519|[from] item: Leftovers\n|upkeep\n|turn|30\n|\n|switch|p1a: Ho-Oh|Ho-Oh, L73|275\/275\n|move|p2a: Deoxys|Extreme Speed|p1a: Ho-Oh\n|-damage|p1a: Ho-Oh|191\/275\n|-damage|p2a: Deoxys|174\/193|[from] item: Life Orb\n|\n|-heal|p1a: Ho-Oh|208\/275|[from] item: Leftovers\n|upkeep\n|turn|31\n|\n|switch|p2a: Lumineon|Lumineon, L83, F|226\/250 brn\n|move|p1a: Ho-Oh|Substitute|p1a: Ho-Oh\n|-start|p1a: Ho-Oh|Substitute\n|-damage|p1a: Ho-Oh|140\/275\n|\n|-heal|p2a: Lumineon|241\/250 brn|[from] item: Leftovers\n|-heal|p1a: Ho-Oh|157\/275|[from] item: Leftovers\n|-damage|p2a: Lumineon|226\/250 brn|[from] brn\n|upkeep\n|turn|32\n|\n|switch|p1a: Slowking|Slowking, L81, F|287\/287 tox\n|move|p2a: Lumineon|Scald|p1a: Slowking\n|-resisted|p1a: Slowking\n|-damage|p1a: Slowking|260\/287 tox\n|\n|-heal|p2a: Lumineon|241\/250 brn|[from] item: Leftovers\n|-heal|p1a: Slowking|277\/287 tox|[from] item: Leftovers\n|-damage|p2a: Lumineon|226\/250 brn|[from] brn\n|-damage|p1a: Slowking|260\/287 tox|[from] psn\n|upkeep\n|turn|33\n|\n|move|p2a: Lumineon|U-turn|p1a: Slowking\n|-supereffective|p1a: Slowking\n|-damage|p1a: Slowking|219\/287 tox\n|\n|switch|p2a: Electrode|Electrode, L83|91\/235|[from]move: U-turn\n|move|p1a: Slowking|Nasty Plot|p1a: Slowking\n|-boost|p1a: Slowking|spa|2\n|\n|-heal|p1a: Slowking|236\/287 tox|[from] item: Leftovers\n|-damage|p1a: Slowking|202\/287 tox|[from] psn\n|upkeep\n|turn|34\n|\n|switch|p1a: Blissey|Blissey, L77, F|458\/519\n|move|p2a: Electrode|Taunt|p1a: Blissey\n|-start|p1a: Blissey|move: Taunt\n|\n|-heal|p1a: Blissey|490\/519|[from] item: Leftovers\n|upkeep\n|turn|35\n|\n|switch|p2a: Lumineon|Lumineon, L83, F|226\/250 brn\n|move|p1a: Blissey|Flamethrower|p2a: Lumineon\n|-resisted|p2a: Lumineon\n|-damage|p2a: Lumineon|202\/250 brn\n|\n|-heal|p2a: Lumineon|217\/250 brn|[from] item: Leftovers\n|-heal|p1a: Blissey|519\/519|[from] item: Leftovers\n|-damage|p2a: Lumineon|202\/250 brn|[from] brn\n|upkeep\n|turn|36\n|\n|switch|p1a: Slowking|Slowking, L81, F|287\/287 tox\n|move|p2a: Lumineon|U-turn|p1a: Slowking\n|-supereffective|p1a: Slowking\n|-damage|p1a: Slowking|241\/287 tox\n|\n|switch|p2a: Electrode|Electrode, L83|91\/235|[from]move: U-turn\n|\n|-heal|p1a: Slowking|258\/287 tox|[from] item: Leftovers\n|-damage|p1a: Slowking|241\/287 tox|[from] psn\n|upkeep\n|turn|37\n|\n|switch|p1a: Blissey|Blissey, L77, F|519\/519\n|move|p2a: Electrode|Taunt|p1a: Blissey\n|-start|p1a: Blissey|move: Taunt\n|\n|upkeep\n|turn|38\n|\n|switch|p2a: Lumineon|Lumineon, L83, F|202\/250 brn\n|move|p1a: Blissey|Flamethrower|p2a: Lumineon\n|-resisted|p2a: Lumineon\n|-damage|p2a: Lumineon|178\/250 brn\n|\n|-heal|p2a: Lumineon|193\/250 brn|[from] item: Leftovers\n|-damage|p2a: Lumineon|178\/250 brn|[from] brn\n|upkeep\n|turn|39\n|\n|switch|p1a: Slowking|Slowking, L81, F|287\/287 tox\n|move|p2a: Lumineon|U-turn|p1a: Slowking\n|-supereffective|p1a: Slowking\n|-damage|p1a: Slowking|245\/287 tox\n|\n|switch|p2a: Magnezone|Magnezone, L75|229\/229|[from]move: U-turn\n|\n|-heal|p1a: Slowking|262\/287 tox|[from] item: Leftovers\n|-damage|p1a: Slowking|245\/287 tox|[from] psn\n|upkeep\n|turn|40\n|\n|switch|p1a: Blissey|Blissey, L77, F|519\/519\n|move|p2a: Magnezone|Volt Switch|p1a: Blissey\n|-damage|p1a: Blissey|459\/519\n|\n|switch|p2a: Deoxys|Deoxys, L73|174\/193|[from]move: Volt Switch\n|-ability|p2a: Deoxys|Pressure\n|\n|-heal|p1a: Blissey|491\/519|[from] item: Leftovers\n|upkeep\n|turn|41\n|inactive|wolfwarrior has 120 seconds left.\n|\n|move|p1a: Blissey|Protect|p1a: Blissey\n|-singleturn|p1a: Blissey|Protect\n|move|p2a: Deoxys|Extreme Speed|p1a: Blissey\n|-activate|p1a: Blissey|move: Protect\n|\n|-heal|p1a: Blissey|519\/519|[from] item: Leftovers\n|upkeep\n|turn|42\n|\n|move|p2a: Deoxys|Extreme Speed|p1a: Blissey\n|-damage|p1a: Blissey|280\/519\n|-damage|p2a: Deoxys|155\/193|[from] item: Life Orb\n|move|p1a: Blissey|Wish|p1a: Blissey\n|\n|-heal|p1a: Blissey|312\/519|[from] item: Leftovers\n|upkeep\n|turn|43\n|\n|switch|p1a: Lycanroc|Lycanroc-Dusk, L79, F|248\/248\n|move|p2a: Deoxys|Spikes|p1a: Lycanroc\n|-sidestart|p1: wolfwarrior|Spikes\n|\n|upkeep\n|turn|44\n|\n|move|p2a: Deoxys|Psycho Boost|p1a: Lycanroc\n|-damage|p1a: Lycanroc|0 fnt\n|-unboost|p2a: Deoxys|spa|2\n|-damage|p2a: Deoxys|136\/193|[from] item: Life Orb\n|faint|p1a: Lycanroc\n|\n|upkeep\n|inactive|wolfwarrior has 120 seconds left.\n|\n|switch|p1a: Ho-Oh|Ho-Oh, L73|248\/275\n|turn|45\n|\n|switch|p2a: Electrode|Electrode, L83|91\/235\n|move|p1a: Ho-Oh|Sacred Fire|p2a: Electrode\n|-damage|p2a: Electrode|0 fnt\n|faint|p2a: Electrode\n|\n|-heal|p1a: Ho-Oh|265\/275|[from] item: Leftovers\n|upkeep\n|\n|switch|p2a: Lumineon|Lumineon, L83, F|178\/250 brn\n|turn|46\n|\n|switch|p1a: Slowking|Slowking, L81, F|287\/287 tox\n|-damage|p1a: Slowking|252\/287 tox|[from] Spikes\n|move|p2a: Lumineon|Toxic|p1a: Slowking\n|-fail|p1a: Slowking|tox\n|\n|-heal|p2a: Lumineon|193\/250 brn|[from] item: Leftovers\n|-heal|p1a: Slowking|269\/287 tox|[from] item: Leftovers\n|-damage|p2a: Lumineon|178\/250 brn|[from] brn\n|-damage|p1a: Slowking|252\/287 tox|[from] psn\n|upkeep\n|turn|47\n|\n|move|p2a: Lumineon|U-turn|p1a: Slowking\n|-supereffective|p1a: Slowking\n|-damage|p1a: Slowking|212\/287 tox\n|\n|switch|p2a: Magnezone|Magnezone, L75|229\/229|[from]move: U-turn\n|move|p1a: Slowking|Scald|p2a: Magnezone\n|-damage|p2a: Magnezone|135\/229\n|\n|-heal|p1a: Slowking|229\/287 tox|[from] item: Leftovers\n|-damage|p1a: Slowking|195\/287 tox|[from] psn\n|upkeep\n|turn|48\n|\n|switch|p1a: Blissey|Blissey, L77, F|312\/519\n|-damage|p1a: Blissey|248\/519|[from] Spikes\n|move|p2a: Magnezone|Volt Switch|p1a: Blissey\n|-damage|p1a: Blissey|191\/519\n|\n|switch|p2a: Deoxys|Deoxys, L73|136\/193|[from]move: Volt Switch\n|-ability|p2a: Deoxys|Pressure\n|\n|-heal|p1a: Blissey|223\/519|[from] item: Leftovers\n|upkeep\n|turn|49\n|\n|move|p1a: Blissey|Protect|p1a: Blissey\n|-singleturn|p1a: Blissey|Protect\n|move|p2a: Deoxys|Extreme Speed|p1a: Blissey\n|-activate|p1a: Blissey|move: Protect\n|\n|-heal|p1a: Blissey|255\/519|[from] item: Leftovers\n|upkeep\n|turn|50\n|\n|switch|p1a: Slowking|Slowking, L81, F|287\/287 tox\n|-damage|p1a: Slowking|252\/287 tox|[from] Spikes\n|move|p2a: Deoxys|Extreme Speed|p1a: Slowking\n|-damage|p1a: Slowking|166\/287 tox\n|-damage|p2a: Deoxys|117\/193|[from] item: Life Orb\n|\n|-heal|p1a: Slowking|183\/287 tox|[from] item: Leftovers\n|-damage|p1a: Slowking|166\/287 tox|[from] psn\n|upkeep\n|turn|51\n|inactive|wolfwarrior has 120 seconds left.\n|\n|switch|p2a: Lumineon|Lumineon, L83, F|178\/250 brn\n|move|p1a: Slowking|Scald|p2a: Lumineon\n|-ability|p2a: Lumineon|Storm Drain|boost\n|-boost|p2a: Lumineon|spa|1\n|\n|-heal|p2a: Lumineon|193\/250 brn|[from] item: Leftovers\n|-heal|p1a: Slowking|183\/287 tox|[from] item: Leftovers\n|-damage|p2a: Lumineon|178\/250 brn|[from] brn\n|-damage|p1a: Slowking|149\/287 tox|[from] psn\n|upkeep\n|turn|52\n|\n|move|p2a: Lumineon|Toxic|p1a: Slowking\n|-fail|p1a: Slowking|tox\n|move|p1a: Slowking|Psyshock|p2a: Lumineon\n|-damage|p2a: Lumineon|87\/250 brn\n|\n|-heal|p2a: Lumineon|102\/250 brn|[from] item: Leftovers\n|-heal|p1a: Slowking|166\/287 tox|[from] item: Leftovers\n|-damage|p2a: Lumineon|87\/250 brn|[from] brn\n|-damage|p1a: Slowking|115\/287 tox|[from] psn\n|upkeep\n|turn|53\n|\n|switch|p1a: Blissey|Blissey, L77, F|255\/519\n|-damage|p1a: Blissey|191\/519|[from] Spikes\n|move|p2a: Lumineon|Toxic|p1a: Blissey\n|-status|p1a: Blissey|tox\n|\n|-heal|p2a: Lumineon|102\/250 brn|[from] item: Leftovers\n|-heal|p1a: Blissey|223\/519 tox|[from] item: Leftovers\n|-damage|p2a: Lumineon|87\/250 brn|[from] brn\n|-damage|p1a: Blissey|191\/519 tox|[from] psn\n|upkeep\n|turn|54\n|\n|move|p2a: Lumineon|U-turn|p1a: Blissey\n|-damage|p1a: Blissey|130\/519 tox\n|\n|switch|p2a: Deoxys|Deoxys, L73|117\/193|[from]move: U-turn\n|-ability|p2a: Deoxys|Pressure\n|move|p1a: Blissey|Wish|p1a: Blissey\n|\n|-heal|p1a: Blissey|162\/519 tox|[from] item: Leftovers\n|-damage|p1a: Blissey|98\/519 tox|[from] psn\n|upkeep\n|turn|55\n|\n|move|p1a: Blissey|Protect|p1a: Blissey\n|-singleturn|p1a: Blissey|Protect\n|move|p2a: Deoxys|Spikes|p1a: Blissey\n|-sidestart|p1: wolfwarrior|Spikes\n|\n|-heal|p1a: Blissey|357\/519 tox|[from] move: Wish|[wisher] Blissey\n|-heal|p1a: Blissey|389\/519 tox|[from] item: Leftovers\n|-damage|p1a: Blissey|293\/519 tox|[from] psn\n|upkeep\n|turn|56\n|\n|switch|p2a: Lumineon|Lumineon, L83, F|87\/250 brn\n|move|p1a: Blissey|Wish|p1a: Blissey\n|\n|-heal|p2a: Lumineon|102\/250 brn|[from] item: Leftovers\n|-heal|p1a: Blissey|325\/519 tox|[from] item: Leftovers\n|-damage|p2a: Lumineon|87\/250 brn|[from] brn\n|-damage|p1a: Blissey|197\/519 tox|[from] psn\n|upkeep\n|turn|57\n|\n|move|p2a: Lumineon|Toxic|p1a: Blissey\n|-fail|p1a: Blissey|tox\n|move|p1a: Blissey|Heal Bell|p1a: Blissey\n|-activate|p1a: Blissey|move: Heal Bell\n|-curestatus|p1a: Blissey|tox|[msg]\n|-curestatus|p1: Slowking|tox|[msg]\n|\n|-heal|p1a: Blissey|456\/519|[from] move: Wish|[wisher] Blissey\n|-heal|p2a: Lumineon|102\/250 brn|[from] item: Leftovers\n|-heal|p1a: Blissey|488\/519|[from] item: Leftovers\n|-damage|p2a: Lumineon|87\/250 brn|[from] brn\n|upkeep\n|turn|58\n|\n|move|p2a: Lumineon|Toxic|p1a: Blissey\n|-status|p1a: Blissey|tox\n|move|p1a: Blissey|Wish|p1a: Blissey\n|\n|-heal|p2a: Lumineon|102\/250 brn|[from] item: Leftovers\n|-heal|p1a: Blissey|519\/519 tox|[from] item: Leftovers\n|-damage|p2a: Lumineon|87\/250 brn|[from] brn\n|-damage|p1a: Blissey|487\/519 tox|[from] psn\n|upkeep\n|turn|59\n|\n|move|p2a: Lumineon|Toxic|p1a: Blissey\n|-fail|p1a: Blissey|tox\n|move|p1a: Blissey|Heal Bell|p1a: Blissey\n|-activate|p1a: Blissey|move: Heal Bell\n|-curestatus|p1a: Blissey|tox|[msg]\n|\n|-heal|p1a: Blissey|519\/519|[from] move: Wish|[wisher] Blissey\n|-heal|p2a: Lumineon|102\/250 brn|[from] item: Leftovers\n|-damage|p2a: Lumineon|87\/250 brn|[from] brn\n|upkeep\n|turn|60\n|\n|move|p2a: Lumineon|Toxic|p1a: Blissey\n|-status|p1a: Blissey|tox\n|move|p1a: Blissey|Wish|p1a: Blissey\n|\n|-heal|p2a: Lumineon|102\/250 brn|[from] item: Leftovers\n|-damage|p2a: Lumineon|87\/250 brn|[from] brn\n|-damage|p1a: Blissey|487\/519 tox|[from] psn\n|upkeep\n|turn|61\n|\n|move|p2a: Lumineon|Toxic|p1a: Blissey\n|-fail|p1a: Blissey|tox\n|move|p1a: Blissey|Heal Bell|p1a: Blissey\n|-activate|p1a: Blissey|move: Heal Bell\n|-curestatus|p1a: Blissey|tox|[msg]\n|\n|-heal|p1a: Blissey|519\/519|[from] move: Wish|[wisher] Blissey\n|-heal|p2a: Lumineon|102\/250 brn|[from] item: Leftovers\n|-damage|p2a: Lumineon|87\/250 brn|[from] brn\n|upkeep\n|turn|62\n|\n|move|p2a: Lumineon|Toxic|p1a: Blissey\n|-status|p1a: Blissey|tox\n|move|p1a: Blissey|Wish|p1a: Blissey\n|\n|-heal|p2a: Lumineon|102\/250 brn|[from] item: Leftovers\n|-damage|p2a: Lumineon|87\/250 brn|[from] brn\n|-damage|p1a: Blissey|487\/519 tox|[from] psn\n|upkeep\n|turn|63\n|\n|switch|p1a: Mewtwo|Mewtwo-Mega-Y, L73|79\/275\n|-damage|p1a: Mewtwo|34\/275|[from] Spikes\n|move|p2a: Lumineon|U-turn|p1a: Mewtwo\n|-supereffective|p1a: Mewtwo\n|-damage|p1a: Mewtwo|0 fnt\n|faint|p1a: Mewtwo\n|\n|switch|p2a: Magnezone|Magnezone, L75|135\/229|[from]move: U-turn\n|\n|upkeep\n|\n|switch|p1a: Blissey|Blissey, L77, F|487\/519\n|-damage|p1a: Blissey|401\/519|[from] Spikes\n|turn|64\n|\n|move|p2a: Magnezone|Volt Switch|p1a: Blissey\n|-damage|p1a: Blissey|341\/519\n|\n|switch|p2a: Lumineon|Lumineon, L83, F|87\/250 brn|[from]move: Volt Switch\n|move|p1a: Blissey|Flamethrower|p2a: Lumineon\n|-resisted|p2a: Lumineon\n|-damage|p2a: Lumineon|63\/250 brn\n|\n|-heal|p2a: Lumineon|78\/250 brn|[from] item: Leftovers\n|-heal|p1a: Blissey|373\/519|[from] item: Leftovers\n|-damage|p2a: Lumineon|63\/250 brn|[from] brn\n|upkeep\n|turn|65\n|\n|move|p2a: Lumineon|Toxic|p1a: Blissey\n|-status|p1a: Blissey|tox\n|move|p1a: Blissey|Wish|p1a: Blissey\n|\n|-heal|p2a: Lumineon|78\/250 brn|[from] item: Leftovers\n|-heal|p1a: Blissey|405\/519 tox|[from] item: Leftovers\n|-damage|p2a: Lumineon|63\/250 brn|[from] brn\n|-damage|p1a: Blissey|373\/519 tox|[from] psn\n|upkeep\n|turn|66\n|\n|-curestatus|p1a: Blissey|tox|[from] ability: Natural Cure\n|switch|p1a: Slowking|Slowking, L81, F|210\/287\n|-damage|p1a: Slowking|163\/287|[from] Spikes\n|move|p2a: Lumineon|U-turn|p1a: Slowking\n|-supereffective|p1a: Slowking\n|-damage|p1a: Slowking|119\/287\n|\n|switch|p2a: Magnezone|Magnezone, L75|135\/229|[from]move: U-turn\n|\n|-heal|p1a: Slowking|287\/287|[from] move: Wish|[wisher] Blissey\n|upkeep\n|turn|67\n|\n|switch|p1a: Blissey|Blissey, L77, F|373\/519\n|-damage|p1a: Blissey|287\/519|[from] Spikes\n|move|p2a: Magnezone|Volt Switch|p1a: Blissey\n|-damage|p1a: Blissey|226\/519\n|\n|switch|p2a: Lumineon|Lumineon, L83, F|63\/250 brn|[from]move: Volt Switch\n|\n|-heal|p2a: Lumineon|78\/250 brn|[from] item: Leftovers\n|-heal|p1a: Blissey|258\/519|[from] item: Leftovers\n|-damage|p2a: Lumineon|63\/250 brn|[from] brn\n|upkeep\n|turn|68\n|\n|move|p2a: Lumineon|Toxic|p1a: Blissey\n|-status|p1a: Blissey|tox\n|move|p1a: Blissey|Wish|p1a: Blissey\n|\n|-heal|p2a: Lumineon|78\/250 brn|[from] item: Leftovers\n|-heal|p1a: Blissey|290\/519 tox|[from] item: Leftovers\n|-damage|p2a: Lumineon|63\/250 brn|[from] brn\n|-damage|p1a: Blissey|258\/519 tox|[from] psn\n|upkeep\n|turn|69\n|\n|move|p2a: Lumineon|U-turn|p1a: Blissey\n|-damage|p1a: Blissey|192\/519 tox\n|\n|switch|p2a: Magnezone|Magnezone, L75|135\/229|[from]move: U-turn\n|move|p1a: Blissey|Flamethrower|p2a: Magnezone\n|-supereffective|p2a: Magnezone\n|-damage|p2a: Magnezone|39\/229\n|\n|-heal|p1a: Blissey|451\/519 tox|[from] move: Wish|[wisher] Blissey\n|-heal|p1a: Blissey|483\/519 tox|[from] item: Leftovers\n|-damage|p1a: Blissey|419\/519 tox|[from] psn\n|upkeep\n|turn|70\n|\n|move|p2a: Magnezone|Volt Switch|p1a: Blissey\n|-damage|p1a: Blissey|356\/519 tox\n|\n|switch|p2a: Lumineon|Lumineon, L83, F|63\/250 brn|[from]move: Volt Switch\n|move|p1a: Blissey|Wish|p1a: Blissey\n|\n|-heal|p2a: Lumineon|78\/250 brn|[from] item: Leftovers\n|-heal|p1a: Blissey|388\/519 tox|[from] item: Leftovers\n|-damage|p2a: Lumineon|63\/250 brn|[from] brn\n|-damage|p1a: Blissey|292\/519 tox|[from] psn\n|upkeep\n|turn|71\n|\n|move|p2a: Lumineon|U-turn|p1a: Blissey\n|-damage|p1a: Blissey|232\/519 tox\n|\n|switch|p2a: Ribombee|Ribombee, L80, F|69\/227|[from]move: U-turn\n|move|p1a: Blissey|Heal Bell|p1a: Blissey\n|-activate|p1a: Blissey|move: Heal Bell\n|-curestatus|p1a: Blissey|tox|[msg]\n|\n|-heal|p1a: Blissey|491\/519|[from] move: Wish|[wisher] Blissey\n|-heal|p1a: Blissey|519\/519|[from] item: Leftovers\n|upkeep\n|turn|72\n|\n|move|p2a: Ribombee|Quiver Dance|p2a: Ribombee\n|-boost|p2a: Ribombee|spa|1\n|-boost|p2a: Ribombee|spd|1\n|-boost|p2a: Ribombee|spe|1\n|move|p1a: Blissey|Flamethrower|p2a: Ribombee\n|-supereffective|p2a: Ribombee\n|-damage|p2a: Ribombee|0 fnt\n|faint|p2a: Ribombee\n|\n|upkeep\n|\n|switch|p2a: Lumineon|Lumineon, L83, F|63\/250 brn\n|turn|73\n|\n|move|p2a: Lumineon|Toxic|p1a: Blissey\n|-status|p1a: Blissey|tox\n|move|p1a: Blissey|Flamethrower|p2a: Lumineon\n|-resisted|p2a: Lumineon\n|-damage|p2a: Lumineon|39\/250 brn\n|\n|-heal|p2a: Lumineon|54\/250 brn|[from] item: Leftovers\n|-damage|p2a: Lumineon|39\/250 brn|[from] brn\n|-damage|p1a: Blissey|487\/519 tox|[from] psn\n|upkeep\n|turn|74\n|\n|move|p2a: Lumineon|Scald|p1a: Blissey\n|-damage|p1a: Blissey|438\/519 tox\n|move|p1a: Blissey|Flamethrower|p2a: Lumineon\n|-resisted|p2a: Lumineon\n|-damage|p2a: Lumineon|15\/250 brn\n|\n|-heal|p2a: Lumineon|30\/250 brn|[from] item: Leftovers\n|-heal|p1a: Blissey|470\/519 tox|[from] item: Leftovers\n|-damage|p2a: Lumineon|15\/250 brn|[from] brn\n|-damage|p1a: Blissey|406\/519 tox|[from] psn\n|upkeep\n|turn|75\n|\n|move|p2a: Lumineon|Scald|p1a: Blissey\n|-damage|p1a: Blissey|352\/519 tox\n|move|p1a: Blissey|Heal Bell|p1a: Blissey\n|-activate|p1a: Blissey|move: Heal Bell\n|-curestatus|p1a: Blissey|tox|[msg]\n|\n|-heal|p2a: Lumineon|30\/250 brn|[from] item: Leftovers\n|-heal|p1a: Blissey|384\/519|[from] item: Leftovers\n|-damage|p2a: Lumineon|15\/250 brn|[from] brn\n|upkeep\n|turn|76\n|\n|move|p2a: Lumineon|Toxic|p1a: Blissey\n|-status|p1a: Blissey|tox\n|move|p1a: Blissey|Wish|p1a: Blissey\n|\n|-heal|p2a: Lumineon|30\/250 brn|[from] item: Leftovers\n|-heal|p1a: Blissey|416\/519 tox|[from] item: Leftovers\n|-damage|p2a: Lumineon|15\/250 brn|[from] brn\n|-damage|p1a: Blissey|384\/519 tox|[from] psn\n|upkeep\n|turn|77\n|\n|move|p2a: Lumineon|Scald|p1a: Blissey\n|-damage|p1a: Blissey|330\/519 tox\n|move|p1a: Blissey|Flamethrower|p2a: Lumineon\n|-resisted|p2a: Lumineon\n|-damage|p2a: Lumineon|0 fnt\n|faint|p2a: Lumineon\n|\n|-heal|p1a: Blissey|519\/519 tox|[from] move: Wish|[wisher] Blissey\n|-damage|p1a: Blissey|455\/519 tox|[from] psn\n|upkeep\n|\n|switch|p2a: Deoxys|Deoxys, L73|117\/193\n|-ability|p2a: Deoxys|Pressure\n|turn|78\n|\n|-curestatus|p1a: Blissey|tox|[from] ability: Natural Cure\n|switch|p1a: Ho-Oh|Ho-Oh, L73|275\/275\n|move|p2a: Deoxys|Spikes|p1a: Ho-Oh\n|-sidestart|p1: wolfwarrior|Spikes\n|\n|upkeep\n|turn|79\n|\n|move|p2a: Deoxys|Psycho Boost|p1a: Ho-Oh\n|-damage|p1a: Ho-Oh|129\/275\n|-unboost|p2a: Deoxys|spa|2\n|-damage|p2a: Deoxys|98\/193|[from] item: Life Orb\n|move|p1a: Ho-Oh|Flame Charge|p2a: Deoxys\n|-damage|p2a: Deoxys|14\/193\n|-boost|p1a: Ho-Oh|spe|1\n|\n|-heal|p1a: Ho-Oh|146\/275|[from] item: Leftovers\n|upkeep\n|turn|80\n|\n|move|p2a: Deoxys|Extreme Speed|p1a: Ho-Oh\n|-crit|p1a: Ho-Oh\n|-damage|p1a: Ho-Oh|7\/275\n|-damage|p2a: Deoxys|0 fnt|[from] item: Life Orb\n|faint|p2a: Deoxys\n|move|p1a: Ho-Oh|Sacred Fire|p2: Deoxys|[notarget]\n|-notarget\n|\n|-heal|p1a: Ho-Oh|24\/275|[from] item: Leftovers\n|upkeep\n|\n|switch|p2a: Magnezone|Magnezone, L75|39\/229\n|turn|81\n|\n|move|p1a: Ho-Oh|Flame Charge|p2a: Magnezone\n|-supereffective|p2a: Magnezone\n|-damage|p2a: Magnezone|0 fnt\n|faint|p2a: Magnezone\n|\n|win|wolfwarrior\n|raw|wolfwarrior's rating: 1480 &rarr; <strong>1504<\/strong><br \/>(+24 for winning)\n|raw|LUFFY.ANDY's rating: 1554 &rarr; <strong>1530<\/strong><br \/>(-24 for losing)\n|l|\u2606wolfwarrior\n","inputlog":">version 55900355233aeb44db4358f3518262f07c6d674d\n>start {\"formatid\":\"gen7randombattle\",\"seed\":[26687,14988,54313,57189],\"rated\":\"Rated battle\"}\n>player p1 {\"name\":\"wolfwarrior\",\"avatar\":\"162\",\"team\":\"\"}\n>player p2 {\"name\":\"LUFFY.ANDY\",\"avatar\":\"70\",\"team\":\"\"}\n>p1 move wish\n>p2 move curse\n>p1 switch 5\n>p2 move bodyslam\n>p1 move willowisp\n>p2 move earthquake\n>p1 move morningsun\n>p2 move healbell\n>p1 move willowisp\n>p2 move curse\n>p1 switch 3\n>p2 move healbell\n>p1 move willowisp mega\n>p2 move bodyslam\n>p1 move aurasphere\n>p2 move bodyslam\n>p1 switch 5\n>p2 move bodyslam\n>p1 move healbell\n>p2 move healbell\n>p1 switch 3\n>p2 move bodyslam\n>p1 move willowisp\n>p2 move earthquake\n>p1 switch 6\n>p1 move scald\n>p2 move healbell\n>p1 move scald\n>p2 move bodyslam\n>p2 switch 4\n>p1 move psyshock\n>p2 move quiverdance\n>p1 switch 3\n>p2 move bugbuzz\n>p1 move wish\n>p2 move moonblast\n>p1 move protect\n>p2 move bugbuzz\n>p1 move wish\n>p2 switch 2\n>p1 move flamethrower\n>p2 move thunderbolt\n>p1 move wish\n>p2 move taunt\n>p1 move flamethrower\n>p2 switch 5\n>p1 switch 3\n>p2 move toxic\n>p1 move nastyplot\n>p2 move uturn\n>p2 switch 5\n>p1 switch 3\n>p2 move thunderbolt\n>p1 move flamethrower\n>p2 move taunt\n>p1 move flamethrower\n>p2 switch 5\n>p1 switch 3\n>p2 move toxic\n>p1 switch 3\n>p2 move uturn\n>p2 switch 3\n>p1 switch 4\n>p2 move extremespeed\n>p1 move substitute\n>p2 switch 3\n>p1 switch 3\n>p2 move scald\n>p1 move nastyplot\n>p2 move uturn\n>p2 switch 5\n>p1 switch 4\n>p2 move taunt\n>p1 move flamethrower\n>p2 switch 5\n>p1 switch 4\n>p2 move uturn\n>p2 switch 5\n>p1 switch 4\n>p2 move taunt\n>p1 move flamethrower\n>p2 switch 5\n>p1 switch 4\n>p2 move uturn\n>p2 switch 6\n>p1 switch 4\n>p2 move voltswitch\n>p2 switch 3\n>p1 move protect\n>p2 move extremespeed\n>p1 move wish\n>p2 move extremespeed\n>p1 switch 2\n>p2 move spikes\n>p1 move stoneedge\n>p2 move psychoboost\n>p1 switch 3\n>p1 move sacredfire\n>p2 switch 5\n>p2 switch 6\n>p1 switch 4\n>p2 move toxic\n>p1 move scald\n>p2 move uturn\n>p2 switch 3\n>p1 switch 2\n>p2 move voltswitch\n>p2 switch 5\n>p1 move protect\n>p2 move extremespeed\n>p1 switch 2\n>p2 move extremespeed\n>p1 move scald\n>p2 switch 3\n>p1 move psyshock\n>p2 move toxic\n>p1 switch 2\n>p2 move toxic\n>p1 move wish\n>p2 move uturn\n>p2 switch 3\n>p1 move protect\n>p2 move spikes\n>p1 move wish\n>p2 switch 3\n>p1 move healbell\n>p2 move toxic\n>p1 move wish\n>p2 move toxic\n>p1 move healbell\n>p2 move toxic\n>p1 move wish\n>p2 move toxic\n>p1 move healbell\n>p2 move toxic\n>p1 move wish\n>p2 move toxic\n>p1 switch 5\n>p2 move uturn\n>p2 switch 5\n>p1 switch 5\n>p1 move flamethrower\n>p2 move voltswitch\n>p2 switch 5\n>p1 move wish\n>p2 move toxic\n>p1 switch 2\n>p2 move uturn\n>p2 switch 5\n>p1 switch 2\n>p2 move voltswitch\n>p2 switch 5\n>p1 move wish\n>p2 move toxic\n>p1 move flamethrower\n>p2 move uturn\n>p2 switch 5\n>p1 move wish\n>p2 move voltswitch\n>p2 switch 5\n>p1 move healbell\n>p2 move uturn\n>p2 switch 2\n>p1 move flamethrower\n>p2 move quiverdance\n>p2 switch 2\n>p1 move flamethrower\n>p2 move toxic\n>p1 move flamethrower\n>p2 move scald\n>p1 move healbell\n>p2 move scald\n>p1 move wish\n>p2 move toxic\n>p1 move flamethrower\n>p2 move scald\n>p2 switch 3\n>p1 switch 4\n>p2 move spikes\n>p1 move flamecharge\n>p2 move psychoboost\n>p1 move sacredfire\n>p2 move extremespeed\n>p2 switch 5\n>p1 move flamecharge\n>p2 move thunderbolt","uploadtime":1537948229,"views":10,"p1id":"wolfwarrior","p2id":"luffyandy","formatid":"gen7randombattle","rating":1504,"private":0,"password":null}