{"id":"gen7ou-798113993","p1":"illuzionist fun","p2":"H4WT \u2605","format":"gen7ou","log":"|j|\u2606illuzionist fun\n|j|\u2606H4WT \u2605\n|player|p1|illuzionist fun|102\n|player|p2|H4WT \u2605|165\n|teamsize|p1|6\n|teamsize|p2|6\n|gametype|singles\n|gen|7\n|tier|[Gen 7] OU\n|rated|\n|rule|Sleep Clause Mod: Limit one foe put to sleep\n|rule|Species Clause: Limit one of each Pok\u00e9mon\n|rule|OHKO Clause: OHKO moves are banned\n|rule|Moody Clause: Moody is banned\n|rule|Evasion Moves Clause: Evasion moves are banned\n|rule|Endless Battle Clause: Forcing endless battles is banned\n|rule|HP Percentage Mod: HP is shown in percentages\n|clearpoke\n|poke|p1|Noivern, M|item\n|poke|p1|Pelipper, F|item\n|poke|p1|Volcanion|item\n|poke|p1|Swampert, M|item\n|poke|p1|Manaphy|item\n|poke|p1|Klefki, F|item\n|poke|p2|Tapu Koko|item\n|poke|p2|Greninja, M|item\n|poke|p2|Tapu Lele|item\n|poke|p2|Gliscor, M|item\n|poke|p2|Scizor, F|item\n|poke|p2|Tangrowth, M|item\n|teampreview\n|\n|start\n|switch|p1a: Pelipper|Pelipper, F|100\/100\n|switch|p2a: Tapu Lele|Tapu Lele|100\/100\n|-fieldstart|move: Psychic Terrain|[from] ability: Psychic Surge|[of] p2a: Tapu Lele\n|-weather|RainDance|[from] ability: Drizzle|[of] p1a: Pelipper\n|turn|1\n|c|\u2606illuzionist fun|gl hf\n|j| saiko best girl\n|\n|switch|p1a: Klefki|Klefki, F|100\/100\n|move|p2a: Tapu Lele|Psychic|p1a: Klefki\n|-resisted|p1a: Klefki\n|-damage|p1a: Klefki|55\/100\n|\n|-weather|RainDance|[upkeep]\n|upkeep\n|turn|2\n|\n|move|p1a: Klefki|Spikes|p2a: Tapu Lele\n|-sidestart|p2: H4WT \u2605|Spikes\n|move|p2a: Tapu Lele|Psychic|p1a: Klefki\n|-resisted|p1a: Klefki\n|-damage|p1a: Klefki|7\/100\n|\n|-weather|RainDance|[upkeep]\n|upkeep\n|turn|3\n|\n|move|p1a: Klefki|Spikes|p2a: Tapu Lele\n|-sidestart|p2: H4WT \u2605|Spikes\n|move|p2a: Tapu Lele|Psychic|p1a: Klefki\n|-resisted|p1a: Klefki\n|-damage|p1a: Klefki|0\n|faint|p1a: Klefki\n|\n|-weather|RainDance|[upkeep]\n|upkeep\n|\n|switch|p1a: Swampert|Swampert, M|100\/100\n|turn|4\n|\n|switch|p2a: Tangrowth|Tangrowth, M|100\/100\n|-damage|p2a: Tangrowth|84\/100|[from] Spikes\n|switch|p1a: Volcanion|Volcanion|100\/100\n|\n|-weather|RainDance|[upkeep]\n|upkeep\n|turn|5\n|inactive|Battle timer is ON: inactive players will automatically lose when time's up. (requested by illuzionist fun)\n|\n|switch|p2a: Gliscor|Gliscor, M|100\/100\n|move|p1a: Volcanion|Steam Eruption|p2a: Gliscor\n|-supereffective|p2a: Gliscor\n|-damage|p2a: Gliscor|0\n|faint|p2a: Gliscor\n|\n|-weather|RainDance|[upkeep]\n|-fieldend|move: Psychic Terrain\n|upkeep\n|\n|switch|p2a: Tapu Lele|Tapu Lele|100\/100\n|-damage|p2a: Tapu Lele|84\/100|[from] Spikes\n|-fieldstart|move: Psychic Terrain|[from] ability: Psychic Surge|[of] p2a: Tapu Lele\n|turn|6\n|\n|move|p2a: Tapu Lele|Psychic|p1a: Volcanion\n|-damage|p1a: Volcanion|0\n|faint|p1a: Volcanion\n|\n|-weather|RainDance|[upkeep]\n|upkeep\n|\n|switch|p1a: Swampert|Swampert, M|100\/100\n|turn|7\n|\n|switch|p2a: Tangrowth|Tangrowth, M|100\/100\n|-damage|p2a: Tangrowth|84\/100|[from] Spikes\n|detailschange|p1a: Swampert|Swampert-Mega, M\n|-mega|p1a: Swampert|Swampert|Swampertite\n|move|p1a: Swampert|Ice Punch|p2a: Tangrowth\n|-supereffective|p2a: Tangrowth\n|-damage|p2a: Tangrowth|37\/100\n|\n|-weather|RainDance|[upkeep]\n|upkeep\n|turn|8\n|\n|switch|p2a: Greninja|Greninja, M|100\/100\n|-damage|p2a: Greninja|84\/100|[from] Spikes\n|move|p1a: Swampert|Waterfall|p2a: Greninja\n|-resisted|p2a: Greninja\n|-damage|p2a: Greninja|17\/100\n|\n|-weather|none\n|upkeep\n|turn|9\n|\n|-zpower|p2a: Greninja\n|move|p2a: Greninja|Hydro Vortex|p1a: Swampert|[zeffect]\n|-start|p2a: Greninja|typechange|Water|[from] Protean\n|-damage|p1a: Swampert|22\/100\n|move|p1a: Swampert|Stealth Rock|p2a: Greninja\n|-sidestart|p2: H4WT \u2605|move: Stealth Rock\n|\n|upkeep\n|turn|10\n|\n|switch|p1a: Pelipper|Pelipper, F|100\/100\n|-weather|RainDance|[from] ability: Drizzle|[of] p1a: Pelipper\n|move|p2a: Greninja|U-turn|p1a: Pelipper\n|-start|p2a: Greninja|typechange|Bug|[from] Protean\n|-resisted|p1a: Pelipper\n|-damage|p1a: Pelipper|91\/100\n|\n|switch|p2a: Scizor|Scizor, F|100\/100\n|-damage|p2a: Scizor|84\/100|[from] Spikes\n|-damage|p2a: Scizor|72\/100|[from] Stealth Rock\n|\n|-weather|RainDance|[upkeep]\n|-fieldend|move: Psychic Terrain\n|upkeep\n|turn|11\n|\n|detailschange|p2a: Scizor|Scizor-Mega, F\n|-mega|p2a: Scizor|Scizor|Scizorite\n|move|p2a: Scizor|Defog|p1a: Pelipper\n|-unboost|p1a: Pelipper|evasion|1\n|-sideend|p2: H4WT \u2605|Spikes|[from] move: Defog|[of] p2a: Scizor\n|-sideend|p2: H4WT \u2605|Stealth Rock|[from] move: Defog|[of] p2a: Scizor\n|move|p1a: Pelipper|U-turn|p2a: Scizor\n|-resisted|p2a: Scizor\n|-damage|p2a: Scizor|69\/100\n|\n|switch|p1a: Manaphy|Manaphy|100\/100\n|\n|-weather|RainDance|[upkeep]\n|upkeep\n|turn|12\n|\n|-zpower|p1a: Manaphy\n|move|p1a: Manaphy|Hydro Vortex|p2a: Scizor|[zeffect]\n|-damage|p2a: Scizor|0\n|faint|p2a: Scizor\n|\n|-weather|RainDance|[upkeep]\n|upkeep\n|\n|switch|p2a: Tapu Koko|Tapu Koko|100\/100\n|-fieldstart|move: Electric Terrain|[from] ability: Electric Surge|[of] p2a: Tapu Koko\n|turn|13\n|\n|move|p2a: Tapu Koko|Hidden Power|p1a: Manaphy\n|-resisted|p1a: Manaphy\n|-damage|p1a: Manaphy|97\/100\n|move|p1a: Manaphy|Surf|p2a: Tapu Koko\n|-damage|p2a: Tapu Koko|0\n|faint|p2a: Tapu Koko\n|\n|-weather|RainDance|[upkeep]\n|upkeep\n|\n|switch|p2a: Tangrowth|Tangrowth, M|70\/100\n|turn|14\n|\n|switch|p1a: Noivern|Noivern, M|100\/100\n|move|p2a: Tangrowth|Giga Drain|p1a: Noivern\n|-resisted|p1a: Noivern\n|-damage|p1a: Noivern|91\/100\n|-heal|p2a: Tangrowth|74\/100|[from] drain|[of] p1a: Noivern\n|\n|-weather|RainDance|[upkeep]\n|upkeep\n|turn|15\n|c|\u2606H4WT \u2605|missclick\n|\n|switch|p2a: Greninja|Greninja, M|17\/100\n|move|p1a: Noivern|Hurricane|p2a: Greninja\n|-damage|p2a: Greninja|0\n|faint|p2a: Greninja\n|\n|-weather|RainDance|[upkeep]\n|upkeep\n|\n|switch|p2a: Tapu Lele|Tapu Lele|84\/100\n|-fieldstart|move: Psychic Terrain|[from] ability: Psychic Surge|[of] p2a: Tapu Lele\n|turn|16\n|\n|switch|p1a: Manaphy|Manaphy|97\/100\n|move|p2a: Tapu Lele|Psychic|p1a: Manaphy\n|-damage|p1a: Manaphy|3\/100\n|\n|-weather|RainDance|[upkeep]\n|upkeep\n|turn|17\n|\n|switch|p2a: Tangrowth|Tangrowth, M|100\/100\n|move|p1a: Manaphy|Surf|p2a: Tangrowth\n|-resisted|p2a: Tangrowth\n|-damage|p2a: Tangrowth|81\/100\n|\n|-weather|none\n|upkeep\n|turn|18\n|\n|switch|p1a: Pelipper|Pelipper, F|91\/100\n|-weather|RainDance|[from] ability: Drizzle|[of] p1a: Pelipper\n|move|p2a: Tangrowth|Hidden Power|p1a: Pelipper\n|-damage|p1a: Pelipper|74\/100\n|\n|-weather|RainDance|[upkeep]\n|upkeep\n|turn|19\n|\n|move|p2a: Tangrowth|Hidden Power|p1a: Pelipper\n|-damage|p1a: Pelipper|55\/100\n|move|p1a: Pelipper|Hurricane|p2a: Tangrowth\n|-supereffective|p2a: Tangrowth\n|-damage|p2a: Tangrowth|39\/100\n|\n|-weather|RainDance|[upkeep]\n|upkeep\n|turn|20\n|\n|move|p2a: Tangrowth|Giga Drain|p1a: Pelipper\n|-damage|p1a: Pelipper|20\/100\n|-heal|p2a: Tangrowth|53\/100|[from] drain|[of] p1a: Pelipper\n|move|p1a: Pelipper|Hurricane|p2a: Tangrowth\n|-supereffective|p2a: Tangrowth\n|-damage|p2a: Tangrowth|12\/100\n|\n|-weather|RainDance|[upkeep]\n|-fieldend|move: Psychic Terrain\n|upkeep\n|turn|21\n|\n|switch|p2a: Tapu Lele|Tapu Lele|84\/100\n|-fieldstart|move: Psychic Terrain|[from] ability: Psychic Surge|[of] p2a: Tapu Lele\n|switch|p1a: Manaphy|Manaphy|3\/100\n|\n|-weather|RainDance|[upkeep]\n|upkeep\n|turn|22\n|\n|move|p2a: Tapu Lele|Psychic|p1a: Manaphy\n|-damage|p1a: Manaphy|0\n|faint|p1a: Manaphy\n|\n|-weather|RainDance|[upkeep]\n|upkeep\n|\n|switch|p1a: Swampert|Swampert-Mega, M|22\/100\n|turn|23\n|-message|H4WT \u2605 forfeited.\n|\n|win|illuzionist fun\n|l|\u2606H4WT \u2605\n|raw|illuzionist fun's rating: 1790 &rarr; <strong>1804<\/strong><br \/>(+14 for winning)\n|raw|H4WT \u2605's rating: 1687 &rarr; <strong>1673<\/strong><br \/>(-14 for losing)\n|l|\u2606illuzionist fun\n","uploadtime":1535631833,"views":80,"p1id":"illuzionistfun","p2id":"h4wt","formatid":"gen7ou","rating":1673,"private":0,"password":null}