{"id":"gen7ou-1008178302","p1":"Shardul888","p2":"chiplee1215","format":"gen7ou","log":"|j|\u2606Shardul888\n|j|\u2606chiplee1215\n|player|p1|Shardul888|92|1628\n|player|p2|chiplee1215|1|1657\n|teamsize|p1|6\n|teamsize|p2|6\n|gametype|singles\n|gen|7\n|tier|[Gen 7] OU\n|rated|\n|rule|Sleep Clause Mod: Limit one foe put to sleep\n|rule|Species Clause: Limit one of each Pok\u00e9mon\n|rule|OHKO Clause: OHKO moves are banned\n|rule|Moody Clause: Moody is banned\n|rule|Evasion Moves Clause: Evasion moves are banned\n|rule|Endless Battle Clause: Forcing endless battles is banned\n|rule|HP Percentage Mod: HP is shown in percentages\n|clearpoke\n|poke|p1|Venusaur, M|item\n|poke|p1|Magearna|item\n|poke|p1|Dragonite, M|item\n|poke|p1|Feraligatr, F|item\n|poke|p1|Gliscor, M|item\n|poke|p1|Toxapex, M|item\n|poke|p2|Celesteela|item\n|poke|p2|Charizard, F|item\n|poke|p2|Rotom-Wash|item\n|poke|p2|Tyranitar, M|item\n|poke|p2|Excadrill, F|item\n|poke|p2|Tapu Lele|item\n|teampreview\n|\n|start\n|switch|p1a: Feraligatr|Feraligatr, F|100\/100\n|switch|p2a: Rotom|Rotom-Wash|100\/100\n|turn|1\n|inactive|Battle timer is ON: inactive players will automatically lose when time's up. (requested by Shardul888)\n|\n|switch|p1a: Spiderman|Gliscor, M|100\/100\n|move|p2a: Rotom|Volt Switch|p1a: Spiderman\n|-immune|p1a: Spiderman\n|\n|-status|p1a: Spiderman|tox|[from] item: Toxic Orb\n|upkeep\n|turn|2\n|\n|move|p1a: Spiderman|Protect|p1a: Spiderman\n|-singleturn|p1a: Spiderman|Protect\n|move|p2a: Rotom|Hydro Pump|p1a: Spiderman\n|-activate|p1a: Spiderman|move: Protect\n|\n|upkeep\n|turn|3\n|\n|move|p1a: Spiderman|Toxic|p2a: Rotom\n|-status|p2a: Rotom|tox\n|move|p2a: Rotom|Hydro Pump|p1a: Spiderman\n|-supereffective|p1a: Spiderman\n|-damage|p1a: Spiderman|16\/100 tox\n|\n|-heal|p1a: Spiderman|28\/100 tox|[from] ability: Poison Heal\n|-damage|p2a: Rotom|94\/100 tox|[from] psn\n|upkeep\n|turn|4\n|\n|switch|p2a: Celesteela|Celesteela|100\/100\n|move|p1a: Spiderman|Protect||[still]\n|-fail|p1a: Spiderman\n|\n|-heal|p1a: Spiderman|41\/100 tox|[from] ability: Poison Heal\n|upkeep\n|turn|5\n|\n|move|p1a: Spiderman|Knock Off|p2a: Celesteela\n|-damage|p2a: Celesteela|80\/100\n|-enditem|p2a: Celesteela|Leftovers|[from] move: Knock Off|[of] p1a: Spiderman\n|move|p2a: Celesteela|Autotomize|p2a: Celesteela\n|-boost|p2a: Celesteela|spe|2\n|-start|p2a: Celesteela|Autotomize\n|\n|-heal|p1a: Spiderman|53\/100 tox|[from] ability: Poison Heal\n|upkeep\n|turn|6\n|\n|switch|p1a: Black Widow|Toxapex, M|100\/100\n|move|p2a: Celesteela|Air Slash|p1a: Black Widow\n|-damage|p1a: Black Widow|72\/100\n|\n|-heal|p1a: Black Widow|78\/100|[from] item: Leftovers\n|upkeep\n|turn|7\n|\n|move|p2a: Celesteela|Leech Seed|p1a: Black Widow\n|-start|p1a: Black Widow|move: Leech Seed\n|move|p1a: Black Widow|Scald|p2a: Celesteela\n|-damage|p2a: Celesteela|63\/100\n|-status|p2a: Celesteela|brn\n|\n|-heal|p1a: Black Widow|84\/100|[from] item: Leftovers\n|-damage|p1a: Black Widow|72\/100|[from] Leech Seed|[of] p2a: Celesteela\n|-heal|p2a: Celesteela|74\/100 brn|[silent]\n|-damage|p2a: Celesteela|68\/100 brn|[from] brn\n|upkeep\n|turn|8\n|\n|switch|p1a: Ironman|Magearna|100\/100\n|move|p2a: Celesteela|Air Slash|p1a: Ironman\n|-resisted|p1a: Ironman\n|-damage|p1a: Ironman|86\/100\n|\n|-damage|p2a: Celesteela|61\/100 brn|[from] brn\n|upkeep\n|turn|9\n|\n|switch|p1a: Captain America|Venusaur, M|100\/100\n|move|p2a: Celesteela|Fire Blast|p1a: Captain America\n|-supereffective|p1a: Captain America\n|-damage|p1a: Captain America|44\/100\n|\n|-damage|p2a: Celesteela|55\/100 brn|[from] brn\n|upkeep\n|turn|10\n|\n|detailschange|p1a: Captain America|Venusaur-Mega, M\n|-mega|p1a: Captain America|Venusaur|Venusaurite\n|move|p2a: Celesteela|Air Slash|p1a: Captain America\n|-supereffective|p1a: Captain America\n|-damage|p1a: Captain America|0 fnt\n|faint|p1a: Captain America\n|-ability|p2a: Celesteela|Beast Boost|boost\n|-boost|p2a: Celesteela|spa|1\n|\n|-damage|p2a: Celesteela|49\/100 brn|[from] brn\n|upkeep\n|\n|switch|p1a: Ironman|Magearna|86\/100\n|turn|11\n|\n|move|p2a: Celesteela|Fire Blast|p1a: Ironman\n|-supereffective|p1a: Ironman\n|-damage|p1a: Ironman|0 fnt\n|faint|p1a: Ironman\n|-ability|p2a: Celesteela|Beast Boost|boost\n|-boost|p2a: Celesteela|spa|1\n|\n|-damage|p2a: Celesteela|43\/100 brn|[from] brn\n|upkeep\n|\n|switch|p1a: Spiderman|Gliscor, M|53\/100 tox\n|turn|12\n|\n|move|p1a: Spiderman|Protect|p1a: Spiderman\n|-singleturn|p1a: Spiderman|Protect\n|move|p2a: Celesteela|Air Slash|p1a: Spiderman\n|-activate|p1a: Spiderman|move: Protect\n|\n|-damage|p2a: Celesteela|36\/100 brn|[from] brn\n|-heal|p1a: Spiderman|65\/100 tox|[from] ability: Poison Heal\n|upkeep\n|turn|13\n|\n|move|p2a: Celesteela|Air Slash|p1a: Spiderman\n|-damage|p1a: Spiderman|0 fnt\n|faint|p1a: Spiderman\n|-ability|p2a: Celesteela|Beast Boost|boost\n|-boost|p2a: Celesteela|spa|1\n|\n|-damage|p2a: Celesteela|30\/100 brn|[from] brn\n|upkeep\n|\n|switch|p1a: Black Widow|Toxapex, M|100\/100\n|turn|14\n|\n|move|p1a: Black Widow|Baneful Bunker|p1a: Black Widow\n|-singleturn|p1a: Black Widow|move: Protect\n|move|p2a: Celesteela|Air Slash|p1a: Black Widow\n|-activate|p1a: Black Widow|move: Protect\n|\n|-damage|p2a: Celesteela|24\/100 brn|[from] brn\n|upkeep\n|turn|15\n|\n|move|p2a: Celesteela|Air Slash|p1a: Black Widow\n|-damage|p1a: Black Widow|28\/100\n|move|p1a: Black Widow|Scald|p2a: Celesteela\n|-damage|p2a: Celesteela|8\/100 brn\n|\n|-heal|p1a: Black Widow|34\/100|[from] item: Leftovers\n|-damage|p2a: Celesteela|2\/100 brn|[from] brn\n|upkeep\n|turn|16\n|\n|move|p1a: Black Widow|Baneful Bunker|p1a: Black Widow\n|-singleturn|p1a: Black Widow|move: Protect\n|move|p2a: Celesteela|Leech Seed|p1a: Black Widow\n|-activate|p1a: Black Widow|move: Protect\n|\n|-heal|p1a: Black Widow|41\/100|[from] item: Leftovers\n|-damage|p2a: Celesteela|0 fnt|[from] brn\n|faint|p2a: Celesteela\n|upkeep\n|\n|switch|p2a: Tapu Lele|Tapu Lele|100\/100\n|-fieldstart|move: Psychic Terrain|[from] ability: Psychic Surge|[of] p2a: Tapu Lele\n|turn|17\n|\n|move|p2a: Tapu Lele|Psychic|p1a: Black Widow\n|-supereffective|p1a: Black Widow\n|-damage|p1a: Black Widow|0 fnt\n|faint|p1a: Black Widow\n|\n|upkeep\n|\n|switch|p1a: Thor|Dragonite, M|100\/100\n|turn|18\n|\n|switch|p2a: Tyranitar|Tyranitar, M|100\/100\n|-weather|Sandstorm|[from] ability: Sand Stream|[of] p2a: Tyranitar\n|move|p1a: Thor|Earthquake|p2a: Tyranitar\n|-supereffective|p2a: Tyranitar\n|-damage|p2a: Tyranitar|45\/100\n|\n|-weather|Sandstorm|[upkeep]\n|-damage|p1a: Thor|94\/100|[from] Sandstorm\n|upkeep\n|turn|19\n|\n|switch|p2a: Rotom|Rotom-Wash|94\/100 tox\n|move|p1a: Thor|Earthquake|p2a: Rotom\n|-immune|p2a: Rotom|[from] ability: Levitate\n|\n|-weather|Sandstorm|[upkeep]\n|-damage|p2a: Rotom|88\/100 tox|[from] Sandstorm\n|-damage|p1a: Thor|88\/100|[from] Sandstorm\n|-heal|p2a: Rotom|94\/100 tox|[from] item: Leftovers\n|-damage|p2a: Rotom|88\/100 tox|[from] psn\n|upkeep\n|turn|20\n|\n|move|p2a: Rotom|Will-O-Wisp|p1a: Thor\n|-status|p1a: Thor|brn\n|move|p1a: Thor|Dragon Claw|p2a: Rotom\n|-damage|p2a: Rotom|70\/100 tox\n|\n|-weather|Sandstorm|[upkeep]\n|-damage|p2a: Rotom|64\/100 tox|[from] Sandstorm\n|-damage|p1a: Thor|82\/100 brn|[from] Sandstorm\n|-heal|p2a: Rotom|70\/100 tox|[from] item: Leftovers\n|-damage|p2a: Rotom|58\/100 tox|[from] psn\n|-damage|p1a: Thor|76\/100 brn|[from] brn\n|upkeep\n|turn|21\n|-message|Shardul888 forfeited.\n|\n|win|chiplee1215\n|l|\u2606Shardul888\n|raw|Shardul888's rating: 1628 &rarr; <strong>1610<\/strong><br \/>(-18 for losing)\n|raw|chiplee1215's rating: 1657 &rarr; <strong>1675<\/strong><br \/>(+18 for winning)\n","uploadtime":1573530322,"views":1,"p1id":"shardul888","p2id":"chiplee1215","formatid":"gen7ou","rating":1610,"private":0,"password":null}