{"id":"gen7ou-1009040215","p1":"delchef","p2":"GM Green","format":"gen7ou","log":"|j|\u2606delchef\n|j|\u2606GM Green\n|player|p1|delchef|266|1454\n|player|p2|GM Green|2|1505\n|teamsize|p1|6\n|teamsize|p2|6\n|gametype|singles\n|gen|7\n|tier|[Gen 7] OU\n|rated|\n|rule|Sleep Clause Mod: Limit one foe put to sleep\n|rule|Species Clause: Limit one of each Pok\u00e9mon\n|rule|OHKO Clause: OHKO moves are banned\n|rule|Moody Clause: Moody is banned\n|rule|Evasion Moves Clause: Evasion moves are banned\n|rule|Endless Battle Clause: Forcing endless battles is banned\n|rule|HP Percentage Mod: HP is shown in percentages\n|clearpoke\n|poke|p1|Excadrill, F|item\n|poke|p1|Tyranitar, F|item\n|poke|p1|Gastrodon-East, M|item\n|poke|p1|Latias, F|item\n|poke|p1|Ferrothorn, F|item\n|poke|p1|Clefable, F|item\n|poke|p2|Diancie|item\n|poke|p2|Kyurem-Black|item\n|poke|p2|Ferrothorn, M|item\n|poke|p2|Magearna|item\n|poke|p2|Toxapex, F|item\n|poke|p2|Greninja, M|item\n|teampreview\n|\n|start\n|switch|p1a: Ferrothorn|Ferrothorn, F|100\/100\n|switch|p2a: Ferrothorn|Ferrothorn, M|100\/100\n|turn|1\n|\n|move|p2a: Ferrothorn|Spikes|p1a: Ferrothorn\n|-sidestart|p1: delchef|Spikes\n|move|p1a: Ferrothorn|Stealth Rock|p2a: Ferrothorn\n|-sidestart|p2: GM Green|move: Stealth Rock\n|\n|upkeep\n|turn|2\n|\n|switch|p1a: Tyranitar|Tyranitar, F|100\/100\n|-damage|p1a: Tyranitar|88\/100|[from] Spikes\n|-weather|Sandstorm|[from] ability: Sand Stream|[of] p1a: Tyranitar\n|move|p2a: Ferrothorn|Spikes|p1a: Tyranitar\n|-sidestart|p1: delchef|Spikes\n|\n|-weather|Sandstorm|[upkeep]\n|upkeep\n|turn|3\n|\n|move|p1a: Tyranitar|Fire Punch|p2a: Ferrothorn\n|-supereffective|p2a: Ferrothorn\n|-damage|p2a: Ferrothorn|5\/100\n|-damage|p1a: Tyranitar|76\/100|[from] ability: Iron Barbs|[of] p2a: Ferrothorn\n|move|p2a: Ferrothorn|Power Whip|p1a: Tyranitar\n|-supereffective|p1a: Tyranitar\n|-damage|p1a: Tyranitar|10\/100\n|\n|-weather|Sandstorm|[upkeep]\n|-heal|p2a: Ferrothorn|11\/100|[from] item: Leftovers\n|upkeep\n|turn|4\n|\n|move|p1a: Tyranitar|Pursuit|p2a: Ferrothorn\n|-crit|p2a: Ferrothorn\n|-damage|p2a: Ferrothorn|0 fnt\n|-damage|p1a: Tyranitar|0 fnt|[from] ability: Iron Barbs|[of] p2a: Ferrothorn\n|faint|p2a: Ferrothorn\n|faint|p1a: Tyranitar\n|\n|-weather|Sandstorm|[upkeep]\n|upkeep\n|\n|switch|p1a: Ferrothorn|Ferrothorn, F|100\/100\n|switch|p2a: Greninja|Greninja, M|100\/100\n|-damage|p2a: Greninja|88\/100|[from] Stealth Rock\n|-damage|p1a: Ferrothorn|84\/100|[from] Spikes\n|turn|5\n|\n|switch|p2a: Toxapex|Toxapex, F|100\/100\n|-damage|p2a: Toxapex|88\/100|[from] Stealth Rock\n|move|p1a: Ferrothorn|Leech Seed|p2a: Toxapex\n|-start|p2a: Toxapex|move: Leech Seed\n|\n|-weather|Sandstorm|[upkeep]\n|-damage|p2a: Toxapex|82\/100|[from] Sandstorm\n|-heal|p2a: Toxapex|88\/100|[from] item: Leftovers\n|-heal|p1a: Ferrothorn|90\/100|[from] item: Leftovers\n|-damage|p2a: Toxapex|75\/100|[from] Leech Seed|[of] p1a: Ferrothorn\n|-heal|p1a: Ferrothorn|100\/100|[silent]\n|upkeep\n|turn|6\n|\n|switch|p1a: Excadrill|Excadrill, F|100\/100\n|-damage|p1a: Excadrill|84\/100|[from] Spikes\n|move|p2a: Toxapex|Toxic Spikes|p1a: Excadrill\n|-sidestart|p1: delchef|move: Toxic Spikes\n|\n|-weather|Sandstorm|[upkeep]\n|-damage|p2a: Toxapex|69\/100|[from] Sandstorm\n|-heal|p2a: Toxapex|75\/100|[from] item: Leftovers\n|-damage|p2a: Toxapex|63\/100|[from] Leech Seed|[of] p1a: Excadrill\n|-heal|p1a: Excadrill|94\/100|[silent]\n|upkeep\n|turn|7\n|\n|move|p1a: Excadrill|Rapid Spin|p2a: Toxapex\n|-damage|p2a: Toxapex|58\/100\n|-sideend|p1: delchef|Spikes|[from] move: Rapid Spin|[of] p1a: Excadrill\n|-sideend|p1: delchef|Toxic Spikes|[from] move: Rapid Spin|[of] p1a: Excadrill\n|move|p2a: Toxapex|Scald|p1a: Excadrill\n|-supereffective|p1a: Excadrill\n|-damage|p1a: Excadrill|53\/100\n|\n|-weather|Sandstorm|[upkeep]\n|-damage|p2a: Toxapex|52\/100|[from] Sandstorm\n|-heal|p2a: Toxapex|58\/100|[from] item: Leftovers\n|-damage|p2a: Toxapex|46\/100|[from] Leech Seed|[of] p1a: Excadrill\n|-heal|p1a: Excadrill|63\/100|[silent]\n|upkeep\n|turn|8\n|\n|move|p1a: Excadrill|Earthquake|p2a: Toxapex\n|-supereffective|p2a: Toxapex\n|-damage|p2a: Toxapex|0 fnt\n|faint|p2a: Toxapex\n|\n|-weather|Sandstorm|[upkeep]\n|upkeep\n|\n|switch|p2a: Greninja|Greninja, M|88\/100\n|-damage|p2a: Greninja|76\/100|[from] Stealth Rock\n|turn|9\n|\n|switch|p1a: Gastrodon|Gastrodon-East, M|100\/100\n|move|p2a: Greninja|Dark Pulse|p1a: Gastrodon\n|-damage|p1a: Gastrodon|62\/100\n|\n|-weather|none\n|-heal|p1a: Gastrodon|68\/100|[from] item: Leftovers\n|upkeep\n|turn|10\n|\n|move|p2a: Greninja|Dark Pulse|p1a: Gastrodon\n|-damage|p1a: Gastrodon|31\/100\n|move|p1a: Gastrodon|Toxic|p2a: Greninja\n|-status|p2a: Greninja|tox\n|\n|-heal|p1a: Gastrodon|37\/100|[from] item: Leftovers\n|-damage|p2a: Greninja|70\/100 tox|[from] psn\n|upkeep\n|turn|11\n|\n|switch|p1a: Ferrothorn|Ferrothorn, F|100\/100\n|move|p2a: Greninja|Dark Pulse|p1a: Ferrothorn\n|-damage|p1a: Ferrothorn|52\/100\n|\n|-heal|p1a: Ferrothorn|59\/100|[from] item: Leftovers\n|-damage|p2a: Greninja|58\/100 tox|[from] psn\n|upkeep\n|turn|12\n|\n|move|p2a: Greninja|Dark Pulse|p1a: Ferrothorn\n|-damage|p1a: Ferrothorn|13\/100\n|move|p1a: Ferrothorn|Leech Seed|p2a: Greninja\n|-start|p2a: Greninja|move: Leech Seed\n|\n|-heal|p1a: Ferrothorn|20\/100|[from] item: Leftovers\n|-damage|p2a: Greninja|46\/100 tox|[from] Leech Seed|[of] p1a: Ferrothorn\n|-heal|p1a: Ferrothorn|29\/100|[silent]\n|-damage|p2a: Greninja|28\/100 tox|[from] psn\n|upkeep\n|turn|13\n|\n|switch|p2a: Magearna|Magearna|100\/100\n|-damage|p2a: Magearna|95\/100|[from] Stealth Rock\n|move|p1a: Ferrothorn|Protect||[still]\n|-fail|p1a: Ferrothorn\n|\n|-heal|p1a: Ferrothorn|36\/100|[from] item: Leftovers\n|upkeep\n|turn|14\n|\n|move|p2a: Magearna|Shift Gear|p2a: Magearna\n|-boost|p2a: Magearna|spe|2\n|-boost|p2a: Magearna|atk|1\n|move|p1a: Ferrothorn|Leech Seed|p2a: Magearna\n|-start|p2a: Magearna|move: Leech Seed\n|\n|-heal|p1a: Ferrothorn|42\/100|[from] item: Leftovers\n|-damage|p2a: Magearna|82\/100|[from] Leech Seed|[of] p1a: Ferrothorn\n|-heal|p1a: Ferrothorn|52\/100|[silent]\n|upkeep\n|turn|15\n|\n|switch|p1a: Gastrodon|Gastrodon-East, M|37\/100\n|move|p2a: Magearna|Focus Blast|p1a: Gastrodon\n|-damage|p1a: Gastrodon|9\/100\n|\n|-heal|p1a: Gastrodon|15\/100|[from] item: Leftovers\n|-damage|p2a: Magearna|70\/100|[from] Leech Seed|[of] p1a: Gastrodon\n|-heal|p1a: Gastrodon|24\/100|[silent]\n|upkeep\n|turn|16\n|\n|move|p2a: Magearna|Focus Blast|p1a: Gastrodon\n|-damage|p1a: Gastrodon|0 fnt\n|faint|p1a: Gastrodon\n|-ability|p2a: Magearna|Soul-Heart|boost\n|-boost|p2a: Magearna|spa|1\n|\n|upkeep\n|\n|switch|p1a: S T O R E|Latias, F|100\/100\n|turn|17\n|\n|switch|p1a: Ferrothorn|Ferrothorn, F|52\/100\n|move|p2a: Magearna|Ice Beam|p1a: Ferrothorn\n|-damage|p1a: Ferrothorn|10\/100\n|\n|-heal|p1a: Ferrothorn|16\/100|[from] item: Leftovers\n|-damage|p2a: Magearna|58\/100|[from] Leech Seed|[of] p1a: Ferrothorn\n|-heal|p1a: Ferrothorn|27\/100|[silent]\n|upkeep\n|turn|18\n|\n|move|p1a: Ferrothorn|Protect|p1a: Ferrothorn\n|-singleturn|p1a: Ferrothorn|Protect\n|move|p2a: Magearna|Ice Beam|p1a: Ferrothorn\n|-activate|p1a: Ferrothorn|move: Protect\n|\n|-heal|p1a: Ferrothorn|33\/100|[from] item: Leftovers\n|-damage|p2a: Magearna|45\/100|[from] Leech Seed|[of] p1a: Ferrothorn\n|-heal|p1a: Ferrothorn|44\/100|[silent]\n|upkeep\n|turn|19\n|\n|switch|p1a: S T O R E|Latias, F|100\/100\n|-zpower|p2a: Magearna\n|move|p2a: Magearna|All-Out Pummeling|p1a: S T O R E|[zeffect]\n|-resisted|p1a: S T O R E\n|-damage|p1a: S T O R E|61\/100\n|\n|-damage|p2a: Magearna|33\/100|[from] Leech Seed|[of] p1a: S T O R E\n|-heal|p1a: S T O R E|71\/100|[silent]\n|upkeep\n|turn|20\n|\n|switch|p1a: Ferrothorn|Ferrothorn, F|44\/100\n|move|p2a: Magearna|Ice Beam|p1a: Ferrothorn\n|-damage|p1a: Ferrothorn|1\/100\n|\n|-heal|p1a: Ferrothorn|7\/100|[from] item: Leftovers\n|-damage|p2a: Magearna|21\/100|[from] Leech Seed|[of] p1a: Ferrothorn\n|-heal|p1a: Ferrothorn|18\/100|[silent]\n|upkeep\n|turn|21\n|\n|move|p1a: Ferrothorn|Protect|p1a: Ferrothorn\n|-singleturn|p1a: Ferrothorn|Protect\n|move|p2a: Magearna|Ice Beam|p1a: Ferrothorn\n|-activate|p1a: Ferrothorn|move: Protect\n|\n|-heal|p1a: Ferrothorn|24\/100|[from] item: Leftovers\n|-damage|p2a: Magearna|8\/100|[from] Leech Seed|[of] p1a: Ferrothorn\n|-heal|p1a: Ferrothorn|34\/100|[silent]\n|upkeep\n|turn|22\n|\n|move|p1a: Ferrothorn|Protect||[still]\n|-fail|p1a: Ferrothorn\n|move|p2a: Magearna|Ice Beam|p1a: Ferrothorn\n|-damage|p1a: Ferrothorn|0 fnt\n|faint|p1a: Ferrothorn\n|-ability|p2a: Magearna|Soul-Heart|boost\n|-boost|p2a: Magearna|spa|1\n|\n|upkeep\n|\n|switch|p1a: Clefable|Clefable, F|100\/100\n|turn|23\n|\n|switch|p1a: S T O R E|Latias, F|71\/100\n|move|p2a: Magearna|Thunderbolt|p1a: S T O R E\n|-resisted|p1a: S T O R E\n|-damage|p1a: S T O R E|46\/100\n|\n|-damage|p2a: Magearna|0 fnt|[from] Leech Seed|[of] p1a: S T O R E\n|-heal|p1a: S T O R E|52\/100|[silent]\n|faint|p2a: Magearna\n|upkeep\n|\n|switch|p2a: Diancie|Diancie|100\/100\n|-damage|p2a: Diancie|88\/100|[from] Stealth Rock\n|turn|24\n|\n|detailschange|p1a: S T O R E|Latias-Mega, F\n|-mega|p1a: S T O R E|Latias|Latiasite\n|detailschange|p2a: Diancie|Diancie-Mega\n|-mega|p2a: Diancie|Diancie|Diancite\n|move|p2a: Diancie|Stealth Rock|p1a: S T O R E\n|-sidestart|p1: delchef|move: Stealth Rock\n|move|p1a: S T O R E|Reflect Type|p2a: Diancie\n|-start|p1a: S T O R E|typechange|[from] move: Reflect Type|[of] p2a: Diancie\n|\n|upkeep\n|turn|25\n|\n|move|p2a: Diancie|Earth Power|p1a: S T O R E\n|-immune|p1a: S T O R E|[from] ability: Levitate\n|move|p1a: S T O R E|Recover|p1a: S T O R E\n|-heal|p1a: S T O R E|100\/100\n|\n|upkeep\n|turn|26\n|\n|move|p2a: Diancie|Diamond Storm|p1a: S T O R E\n|-damage|p1a: S T O R E|73\/100\n|-boost|p2a: Diancie|def|2\n|move|p1a: S T O R E|Calm Mind|p1a: S T O R E\n|-boost|p1a: S T O R E|spa|1\n|-boost|p1a: S T O R E|spd|1\n|\n|upkeep\n|turn|27\n|\n|switch|p2a: Kyurem|Kyurem-Black|100\/100\n|-damage|p2a: Kyurem|76\/100|[from] Stealth Rock\n|-ability|p2a: Kyurem|Teravolt\n|move|p1a: S T O R E|Calm Mind|p1a: S T O R E\n|-boost|p1a: S T O R E|spa|1\n|-boost|p1a: S T O R E|spd|1\n|\n|upkeep\n|turn|28\n|\n|move|p2a: Kyurem|Iron Head|p1a: S T O R E\n|-supereffective|p1a: S T O R E\n|-damage|p1a: S T O R E|0 fnt\n|-damage|p2a: Kyurem|66\/100|[from] item: Life Orb\n|faint|p1a: S T O R E\n|\n|upkeep\n|\n|switch|p1a: Excadrill|Excadrill, F|63\/100\n|-damage|p1a: Excadrill|60\/100|[from] Stealth Rock\n|turn|29\n|\n|move|p1a: Excadrill|Earthquake|p2a: Kyurem\n|-damage|p2a: Kyurem|18\/100\n|move|p2a: Kyurem|Ice Beam|p1a: Excadrill\n|-damage|p1a: Excadrill|0 fnt\n|-damage|p2a: Kyurem|8\/100|[from] item: Life Orb\n|faint|p1a: Excadrill\n|\n|upkeep\n|\n|switch|p1a: Clefable|Clefable, F|100\/100\n|turn|30\n|\n|move|p2a: Kyurem|Roost|p2a: Kyurem\n|-heal|p2a: Kyurem|58\/100\n|-singleturn|p2a: Kyurem|move: Roost\n|move|p1a: Clefable|Soft-Boiled||[still]\n|-fail|p1a: Clefable|heal\n|\n|upkeep\n|turn|31\n|\n|move|p2a: Kyurem|Iron Head|p1a: Clefable\n|-supereffective|p1a: Clefable\n|-damage|p1a: Clefable|40\/100\n|-damage|p2a: Kyurem|48\/100|[from] item: Life Orb\n|cant|p1a: Clefable|flinch\n|\n|-heal|p1a: Clefable|46\/100|[from] item: Leftovers\n|upkeep\n|turn|32\n|-message|delchef forfeited.\n|\n|win|GM Green\n|l|\u2606delchef\n||Ladder (probably) updated, but score could not be retrieved (Response not received).\n","uploadtime":1573664539,"views":3,"p1id":"delchef","p2id":"gmgreen","formatid":"gen7ou","rating":0,"private":0,"password":null}