{"id":"gen7ou-843786469","p1":"Riana Salvatore","p2":"Kaylss","format":"gen7ou","log":"|raw|<div class=\"broadcast-red\"><strong>This battle is invite-only!<\/strong><br \/>Users must be rank + or invited with <code>\/invite<\/code> to join<\/div>\n|j|\u2606Riana Salvatore\n|j|\u2606Kaylss\n|player|p1|Riana Salvatore|190\n|player|p2|Kaylss|138\n|teamsize|p1|6\n|teamsize|p2|6\n|gametype|singles\n|gen|7\n|tier|[Gen 7] OU\n|rated|\n|rule|Sleep Clause Mod: Limit one foe put to sleep\n|rule|Species Clause: Limit one of each Pok\u00e9mon\n|rule|OHKO Clause: OHKO moves are banned\n|rule|Moody Clause: Moody is banned\n|rule|Evasion Moves Clause: Evasion moves are banned\n|rule|Endless Battle Clause: Forcing endless battles is banned\n|rule|HP Percentage Mod: HP is shown in percentages\n|clearpoke\n|poke|p1|Charizard, F|item\n|poke|p1|Hoopa-Unbound|item\n|poke|p1|Tapu Koko|item\n|poke|p1|Garchomp, M|item\n|poke|p1|Weavile, F|item\n|poke|p1|Kartana|item\n|poke|p2|Porygon-Z|item\n|poke|p2|Landorus-Therian, M|item\n|poke|p2|Magnezone|item\n|poke|p2|Pinsir, M|item\n|poke|p2|Tangrowth, F|item\n|poke|p2|Greninja, M|item\n|teampreview\n|inactive|Battle timer is ON: inactive players will automatically lose when time's up. (requested by Riana Salvatore)\n|\n|start\n|switch|p1a: Charizard|Charizard, F|100\/100\n|switch|p2a: Greninja|Greninja, M|100\/100\n|turn|1\n|\n|detailschange|p1a: Charizard|Charizard-Mega-Y, F\n|-mega|p1a: Charizard|Charizard|Charizardite Y\n|-weather|SunnyDay|[from] ability: Drought|[of] p1a: Charizard\n|move|p2a: Greninja|U-turn|p1a: Charizard\n|-resisted|p1a: Charizard\n|-damage|p1a: Charizard|95\/100\n|\n|switch|p2a: Magnezone|Magnezone|100\/100\n|move|p1a: Charizard|Solar Beam||[still]\n|-prepare|p1a: Charizard|Solar Beam|p2a: Magnezone\n|-anim|p1a: Charizard|Solar Beam|p2a: Magnezone\n|-resisted|p2a: Magnezone\n|-damage|p2a: Magnezone|68\/100\n|\n|-weather|SunnyDay|[upkeep]\n|upkeep\n|turn|2\n|inactive|Kaylss has 120 seconds left.\n|\n|switch|p1a: Garchomp|Garchomp, M|100\/100\n|move|p2a: Magnezone|Thunderbolt|p1a: Garchomp\n|-immune|p1a: Garchomp\n|\n|-weather|SunnyDay|[upkeep]\n|upkeep\n|turn|3\n|\n|switch|p2a: Landorus|Landorus-Therian, M|100\/100\n|-ability|p2a: Landorus|Intimidate|boost\n|-unboost|p1a: Garchomp|atk|1\n|move|p1a: Garchomp|Stealth Rock|p2a: Landorus\n|-sidestart|p2: Kaylss|move: Stealth Rock\n|\n|-weather|SunnyDay|[upkeep]\n|upkeep\n|turn|4\n|\n|switch|p1a: Charizard|Charizard-Mega-Y, F|95\/100\n|move|p2a: Landorus|Defog|p1a: Charizard\n|-unboost|p1a: Charizard|evasion|1\n|-sideend|p2: Kaylss|Stealth Rock|[from] move: Defog|[of] p2a: Landorus\n|\n|-weather|SunnyDay|[upkeep]\n|upkeep\n|turn|5\n|\n|switch|p2a: Greninja|Greninja, M|100\/100\n|move|p1a: Charizard|Fire Blast|p2a: Greninja\n|-resisted|p2a: Greninja\n|-crit|p2a: Greninja\n|-damage|p2a: Greninja|0 fnt\n|faint|p2a: Greninja\n|\n|-weather|none\n|upkeep\n|\n|switch|p2a: Pinsir|Pinsir, M|100\/100\n|turn|6\n|\n|switch|p1a: Garchomp|Garchomp, M|100\/100\n|detailschange|p2a: Pinsir|Pinsir-Mega, M\n|-mega|p2a: Pinsir|Pinsir|Pinsirite\n|move|p2a: Pinsir|Return|p1a: Garchomp\n|-damage|p1a: Garchomp|54\/100\n|-damage|p2a: Pinsir|88\/100|[from] ability: Rough Skin|[of] p1a: Garchomp\n|-damage|p2a: Pinsir|72\/100|[from] item: Rocky Helmet|[of] p1a: Garchomp\n|\n|upkeep\n|turn|7\n|\n|move|p2a: Pinsir|Swords Dance|p2a: Pinsir\n|-boost|p2a: Pinsir|atk|2\n|move|p1a: Garchomp|Stealth Rock|p2a: Pinsir\n|-sidestart|p2: Kaylss|move: Stealth Rock\n|\n|upkeep\n|turn|8\n|\n|switch|p1a: Charizard|Charizard-Mega-Y, F|95\/100\n|-weather|SunnyDay|[from] ability: Drought|[of] p1a: Charizard\n|move|p2a: Pinsir|Return|p1a: Charizard\n|-damage|p1a: Charizard|0 fnt\n|faint|p1a: Charizard\n|\n|-weather|SunnyDay|[upkeep]\n|upkeep\n|\n|switch|p1a: Tapu Koko|Tapu Koko|100\/100\n|-fieldstart|move: Electric Terrain|[from] ability: Electric Surge|[of] p1a: Tapu Koko\n|turn|9\n|\n|switch|p2a: Tangrowth|Tangrowth, F|100\/100\n|-damage|p2a: Tangrowth|88\/100|[from] Stealth Rock\n|move|p1a: Tapu Koko|Thunderbolt|p2a: Tangrowth\n|-resisted|p2a: Tangrowth\n|-damage|p2a: Tangrowth|64\/100\n|-status|p2a: Tangrowth|par\n|-damage|p1a: Tapu Koko|91\/100|[from] item: Life Orb\n|\n|-weather|SunnyDay|[upkeep]\n|upkeep\n|turn|10\n|\n|switch|p1a: Garchomp|Garchomp, M|54\/100\n|switch|p2a: Magnezone|Magnezone|68\/100\n|-damage|p2a: Magnezone|62\/100|[from] Stealth Rock\n|\n|-weather|SunnyDay|[upkeep]\n|upkeep\n|turn|11\n|\n|switch|p2a: Landorus|Landorus-Therian, M|100\/100\n|-damage|p2a: Landorus|88\/100|[from] Stealth Rock\n|-ability|p2a: Landorus|Intimidate|boost\n|-unboost|p1a: Garchomp|atk|1\n|move|p1a: Garchomp|Dragon Tail|p2a: Landorus\n|-damage|p2a: Landorus|76\/100\n|-damage|p1a: Garchomp|37\/100|[from] item: Rocky Helmet|[of] p2a: Landorus\n|drag|p2a: Magnezone|Magnezone|62\/100\n|-damage|p2a: Magnezone|56\/100|[from] Stealth Rock\n|\n|-weather|SunnyDay|[upkeep]\n|upkeep\n|turn|12\n|\n|switch|p2a: Landorus|Landorus-Therian, M|76\/100\n|-damage|p2a: Landorus|64\/100|[from] Stealth Rock\n|-ability|p2a: Landorus|Intimidate|boost\n|-unboost|p1a: Garchomp|atk|1\n|move|p1a: Garchomp|Dragon Tail|p2a: Landorus\n|-damage|p2a: Landorus|53\/100\n|-damage|p1a: Garchomp|20\/100|[from] item: Rocky Helmet|[of] p2a: Landorus\n|drag|p2a: Magnezone|Magnezone|56\/100\n|-damage|p2a: Magnezone|50\/100|[from] Stealth Rock\n|\n|-weather|none\n|upkeep\n|turn|13\n|\n|move|p2a: Magnezone|Flash Cannon|p1a: Garchomp\n|-crit|p1a: Garchomp\n|-damage|p1a: Garchomp|0 fnt\n|faint|p1a: Garchomp\n|\n|-fieldend|move: Electric Terrain\n|upkeep\n|\n|switch|p1a: Weavile|Weavile, F|100\/100\n|-ability|p1a: Weavile|Pressure\n|turn|14\n|\n|move|p1a: Weavile|Knock Off|p2a: Magnezone\n|-damage|p2a: Magnezone|0 fnt\n|-enditem|p2a: Magnezone|Choice Scarf|[from] move: Knock Off|[of] p1a: Weavile\n|-damage|p1a: Weavile|91\/100|[from] item: Life Orb\n|faint|p2a: Magnezone\n|\n|upkeep\n|\n|switch|p2a: Porygon-Z|Porygon-Z|100\/100\n|-damage|p2a: Porygon-Z|88\/100|[from] Stealth Rock\n|turn|15\n|\n|move|p1a: Weavile|Ice Punch|p2a: Porygon-Z\n|-damage|p2a: Porygon-Z|13\/100\n|-damage|p1a: Weavile|81\/100|[from] item: Life Orb\n|move|p2a: Porygon-Z|Tri Attack|p1a: Weavile\n|-damage|p1a: Weavile|0 fnt\n|faint|p1a: Weavile\n|\n|upkeep\n|\n|switch|p1a: Kartana|Kartana|100\/100\n|turn|16\n|\n|switch|p2a: Tangrowth|Tangrowth, F|98\/100 par\n|-damage|p2a: Tangrowth|85\/100 par|[from] Stealth Rock\n|move|p1a: Kartana|Knock Off|p2a: Tangrowth\n|-damage|p2a: Tangrowth|53\/100 par\n|-enditem|p2a: Tangrowth|Assault Vest|[from] move: Knock Off|[of] p1a: Kartana\n|\n|upkeep\n|turn|17\n|\n|switch|p2a: Porygon-Z|Porygon-Z|13\/100\n|-damage|p2a: Porygon-Z|0 fnt|[from] Stealth Rock\n|faint|p2a: Porygon-Z\n|move|p1a: Kartana|Knock Off|p2: Porygon-Z|[notarget]\n|-fail|p1a: Kartana\n|\n|upkeep\n|\n|switch|p2a: Landorus|Landorus-Therian, M|53\/100\n|-damage|p2a: Landorus|41\/100|[from] Stealth Rock\n|-ability|p2a: Landorus|Intimidate|boost\n|-unboost|p1a: Kartana|atk|1\n|turn|18\n|\n|move|p1a: Kartana|Knock Off|p2a: Landorus\n|-damage|p2a: Landorus|18\/100\n|-damage|p1a: Kartana|84\/100|[from] item: Rocky Helmet|[of] p2a: Landorus\n|-enditem|p2a: Landorus|Rocky Helmet|[from] move: Knock Off|[of] p1a: Kartana\n|move|p2a: Landorus|Defog|p1a: Kartana\n|-unboost|p1a: Kartana|evasion|1\n|-sideend|p2: Kaylss|Stealth Rock|[from] move: Defog|[of] p2a: Landorus\n|\n|upkeep\n|turn|19\n|\n|switch|p1a: Hoopa|Hoopa-Unbound|100\/100\n|move|p2a: Landorus|U-turn|p1a: Hoopa\n|-supereffective|p1a: Hoopa\n|-damage|p1a: Hoopa|0 fnt\n|faint|p1a: Hoopa\n|\n|switch|p2a: Tangrowth|Tangrowth, F|86\/100 par\n|\n|upkeep\n|\n|switch|p1a: Tapu Koko|Tapu Koko|91\/100\n|-fieldstart|move: Electric Terrain|[from] ability: Electric Surge|[of] p1a: Tapu Koko\n|turn|20\n|\n|move|p1a: Tapu Koko|Dazzling Gleam|p2a: Tangrowth\n|-damage|p2a: Tangrowth|47\/100 par\n|-damage|p1a: Tapu Koko|81\/100|[from] item: Life Orb\n|cant|p2a: Tangrowth|par\n|\n|upkeep\n|turn|21\n|\n|move|p1a: Tapu Koko|Dazzling Gleam|p2a: Tangrowth\n|-damage|p2a: Tangrowth|3\/100 par\n|-damage|p1a: Tapu Koko|71\/100|[from] item: Life Orb\n|move|p2a: Tangrowth|Earthquake|p1a: Tapu Koko\n|-supereffective|p1a: Tapu Koko\n|-damage|p1a: Tapu Koko|12\/100\n|\n|upkeep\n|turn|22\n|\n|switch|p1a: Kartana|Kartana|84\/100\n|move|p2a: Tangrowth|Earthquake|p1a: Kartana\n|-damage|p1a: Kartana|58\/100\n|\n|upkeep\n|turn|23\n|\n|switch|p2a: Landorus|Landorus-Therian, M|18\/100\n|-ability|p2a: Landorus|Intimidate|boost\n|-unboost|p1a: Kartana|atk|1\n|move|p1a: Kartana|Smart Strike|p2a: Landorus\n|-damage|p2a: Landorus|0 fnt\n|faint|p2a: Landorus\n|-ability|p1a: Kartana|Beast Boost|boost\n|-boost|p1a: Kartana|atk|1\n|\n|upkeep\n|\n|switch|p2a: Pinsir|Pinsir-Mega, M|72\/100\n|turn|24\n|\n|move|p1a: Kartana|Smart Strike|p2a: Pinsir\n|-damage|p2a: Pinsir|24\/100\n|move|p2a: Pinsir|Return|p1a: Kartana\n|-damage|p1a: Kartana|0 fnt\n|faint|p1a: Kartana\n|\n|-fieldend|move: Electric Terrain\n|upkeep\n|-message|Riana Salvatore forfeited.\n|\n|win|Kaylss\n|l|\u2606Riana Salvatore\n|raw|Riana Salvatore's rating: 1569 &rarr; <strong>1551<\/strong><br \/>(-18 for losing)\n|raw|Kaylss's rating: 1588 &rarr; <strong>1607<\/strong><br \/>(+19 for winning)\n|c|\u2606Kaylss|\/log Kaylss made this room public.\n","uploadtime":1546485500,"views":32,"p1id":"rianasalvatore","p2id":"kaylss","formatid":"gen7ou","rating":1551,"private":0,"password":null}