{"id":"gen7randombattle-1451778787","p1":"BigWes95","p2":"Lilshobrob","format":"gen7randombattle","log":"|j|\u2606BigWes95\n|j|\u2606Lilshobrob\n|t:|1636471231\n|gametype|singles\n|player|p1|BigWes95|102|1683\n|player|p2|Lilshobrob|1|1631\n|teamsize|p1|6\n|teamsize|p2|6\n|gen|7\n|tier|[Gen 7] Random Battle\n|rated|\n|rule|Sleep Clause Mod: Limit one foe put to sleep\n|rule|HP Percentage Mod: HP is shown in percentages\n|\n|t:|1636471231\n|start\n|switch|p1a: Claydol|Claydol, L88|249\/249\n|switch|p2a: Sawk|Sawk, L88, M|275\/275\n|-ability|p2a: Sawk|Mold Breaker\n|turn|1\n|inactive|Battle timer is ON: inactive players will automatically lose when time's up. (requested by BigWes95)\n|\n|t:|1636471250\n|switch|p2a: Wobbuffet|Wobbuffet, L82, F|446\/446\n|move|p1a: Claydol|Psychic|p2a: Wobbuffet\n|-resisted|p2a: Wobbuffet\n|-damage|p2a: Wobbuffet|391\/446\n|\n|upkeep\n|turn|2\n|\n|t:|1636471271\n|switch|p2a: Golduck|Golduck, L88, M|284\/284\n|-ability|p2a: Golduck|Cloud Nine\n|move|p1a: Claydol|Toxic|p2a: Golduck\n|-status|p2a: Golduck|tox\n|\n|-damage|p2a: Golduck|267\/284 tox|[from] psn\n|upkeep\n|turn|3\n|\n|t:|1636471279\n|switch|p1a: Ludicolo|Ludicolo, L88, M|284\/284\n|move|p2a: Golduck|Encore||[still]\n|-fail|p2a: Golduck\n|\n|-heal|p2a: Golduck|284\/284 tox|[from] item: Leftovers\n|-damage|p2a: Golduck|250\/284 tox|[from] psn\n|upkeep\n|turn|4\n|\n|t:|1636471292\n|switch|p2a: Zeraora|Zeraora, L82|278\/278\n|move|p1a: Ludicolo|Rain Dance|p1a: Ludicolo\n|-weather|RainDance\n|\n|-weather|RainDance|[upkeep]\n|upkeep\n|turn|5\n|\n|t:|1636471314\n|move|p1a: Ludicolo|Hydro Pump|p2a: Zeraora\n|-damage|p2a: Zeraora|99\/278\n|-damage|p1a: Ludicolo|256\/284|[from] item: Life Orb\n|move|p2a: Zeraora|Plasma Fists|p1a: Ludicolo\n|-damage|p1a: Ludicolo|136\/284\n|\n|-weather|RainDance|[upkeep]\n|upkeep\n|turn|6\n|inactive|Lilshobrob has 120 seconds left.\n|\n|t:|1636471333\n|switch|p2a: Wobbuffet|Wobbuffet, L82, F|391\/446\n|move|p1a: Ludicolo|Hydro Pump|p2a: Wobbuffet\n|-damage|p2a: Wobbuffet|39\/446\n|-damage|p1a: Ludicolo|108\/284|[from] item: Life Orb\n|\n|-weather|RainDance|[upkeep]\n|upkeep\n|turn|7\n|-enditem|p2a: Wobbuffet|Custap Berry|[eat]\n|-activate|p2a: Wobbuffet|item: Custap Berry|[consumed]\n|\n|t:|1636471342\n|move|p2a: Wobbuffet|Destiny Bond|p2a: Wobbuffet\n|-singlemove|p2a: Wobbuffet|Destiny Bond\n|move|p1a: Ludicolo|Rain Dance||[still]\n|-fail|p1a: Ludicolo\n|\n|-weather|RainDance|[upkeep]\n|upkeep\n|turn|8\n|\n|t:|1636471353\n|move|p1a: Ludicolo|Rain Dance||[still]\n|-fail|p1a: Ludicolo\n|move|p2a: Wobbuffet|Encore|p1a: Ludicolo\n|-start|p1a: Ludicolo|Encore\n|\n|-weather|none\n|upkeep\n|turn|9\n|\n|t:|1636471367\n|switch|p2a: Zeraora|Zeraora, L82|99\/278\n|move|p1a: Ludicolo|Rain Dance|p1a: Ludicolo\n|-weather|RainDance\n|\n|-weather|RainDance|[upkeep]\n|upkeep\n|turn|10\n|\n|t:|1636471374\n|switch|p1a: Claydol|Claydol, L88|249\/249\n|move|p2a: Zeraora|Knock Off|p1a: Claydol\n|-supereffective|p1a: Claydol\n|-crit|p1a: Claydol\n|-damage|p1a: Claydol|79\/249\n|-enditem|p1a: Claydol|Leftovers|[from] move: Knock Off|[of] p2a: Zeraora\n|\n|-weather|RainDance|[upkeep]\n|upkeep\n|turn|11\n|\n|t:|1636471385\n|move|p2a: Zeraora|Grass Knot|p1a: Claydol\n|-supereffective|p1a: Claydol\n|-damage|p1a: Claydol|0 fnt\n|faint|p1a: Claydol\n|\n|-weather|RainDance|[upkeep]\n|upkeep\n|\n|t:|1636471390\n|switch|p1a: Nidoqueen|Nidoqueen, L84, F|288\/288\n|turn|12\n|\n|t:|1636471399\n|switch|p2a: Wobbuffet|Wobbuffet, L82, F|39\/446\n|move|p1a: Nidoqueen|Earth Power|p2a: Wobbuffet\n|-damage|p2a: Wobbuffet|0 fnt\n|faint|p2a: Wobbuffet\n|\n|-weather|RainDance|[upkeep]\n|upkeep\n|\n|t:|1636471416\n|switch|p2a: Golduck|Golduck, L88, M|250\/284 tox\n|-ability|p2a: Golduck|Cloud Nine\n|turn|13\n|\n|t:|1636471424\n|switch|p1a: Ludicolo|Ludicolo, L88, M|108\/284\n|move|p2a: Golduck|Calm Mind|p2a: Golduck\n|-boost|p2a: Golduck|spa|1\n|-boost|p2a: Golduck|spd|1\n|\n|-weather|none\n|-heal|p2a: Golduck|267\/284 tox|[from] item: Leftovers\n|-damage|p2a: Golduck|250\/284 tox|[from] psn\n|upkeep\n|turn|14\n|\n|t:|1636471430\n|move|p2a: Golduck|Psyshock|p1a: Ludicolo\n|-damage|p1a: Ludicolo|10\/284\n|move|p1a: Ludicolo|Giga Drain|p2a: Golduck\n|-supereffective|p2a: Golduck\n|-crit|p2a: Golduck\n|-damage|p2a: Golduck|0 fnt\n|-heal|p1a: Ludicolo|135\/284|[from] drain|[of] p2a: Golduck\n|faint|p2a: Golduck\n|-damage|p1a: Ludicolo|107\/284|[from] item: Life Orb\n|\n|upkeep\n|inactive|Lilshobrob has 120 seconds left.\n|\n|t:|1636471461\n|switch|p2a: Sawk|Sawk, L88, M|275\/275\n|-ability|p2a: Sawk|Mold Breaker\n|turn|15\n|\n|t:|1636471465\n|move|p2a: Sawk|Close Combat|p1a: Ludicolo\n|-damage|p1a: Ludicolo|0 fnt\n|-unboost|p2a: Sawk|def|1\n|-unboost|p2a: Sawk|spd|1\n|faint|p1a: Ludicolo\n|\n|upkeep\n|\n|t:|1636471468\n|switch|p1a: Aromatisse|Aromatisse, L88, F|321\/321\n|turn|16\n|inactive|Lilshobrob has 120 seconds left.\n|\n|t:|1636471495\n|switch|p2a: Togedemaru|Togedemaru, L86, F|252\/252\n|-item|p2a: Togedemaru|Air Balloon\n|move|p1a: Aromatisse|Moonblast|p2a: Togedemaru\n|-resisted|p2a: Togedemaru\n|-damage|p2a: Togedemaru|186\/252\n|-enditem|p2a: Togedemaru|Air Balloon\n|\n|upkeep\n|turn|17\n|inactive|Lilshobrob has 120 seconds left.\n|\n|t:|1636471511\n|switch|p1a: Bastiodon|Bastiodon, L88, M|249\/249\n|-item|p1a: Bastiodon|Air Balloon\n|move|p2a: Togedemaru|Iron Head|p1a: Bastiodon\n|-damage|p1a: Bastiodon|200\/249\n|-enditem|p1a: Bastiodon|Air Balloon\n|\n|upkeep\n|turn|18\n|\n|t:|1636471523\n|move|p2a: Togedemaru|Wish|p2a: Togedemaru\n|move|p1a: Bastiodon|Stealth Rock|p2a: Togedemaru\n|-sidestart|p2: Lilshobrob|move: Stealth Rock\n|\n|upkeep\n|turn|19\n|inactive|Lilshobrob has 90 seconds left.\n|\n|t:|1636471557\n|move|p2a: Togedemaru|Iron Head|p1a: Bastiodon\n|-damage|p1a: Bastiodon|143\/249\n|move|p1a: Bastiodon|Roar|p2a: Togedemaru\n|drag|p2a: Zeraora|Zeraora, L82|99\/278\n|-damage|p2a: Zeraora|65\/278|[from] Stealth Rock\n|\n|-heal|p2a: Zeraora|191\/278|[from] move: Wish|[wisher] Togedemaru\n|upkeep\n|turn|20\n|inactive|Lilshobrob has 90 seconds left.\n|\n|t:|1636471589\n|move|p2a: Zeraora|Plasma Fists|p1a: Bastiodon\n|-damage|p1a: Bastiodon|73\/249\n|move|p1a: Bastiodon|Roar|p2a: Zeraora\n|-heal|p2a: Zeraora|260\/278|[from] ability: Volt Absorb|[of] p1a: Bastiodon\n|\n|upkeep\n|turn|21\n|inactive|Lilshobrob has 60 seconds left.\n|\n|t:|1636471612\n|move|p2a: Zeraora|Plasma Fists|p1a: Bastiodon\n|-damage|p1a: Bastiodon|6\/249\n|move|p1a: Bastiodon|Toxic|p2a: Zeraora|[miss]\n|-miss|p1a: Bastiodon|p2a: Zeraora\n|\n|upkeep\n|turn|22\n|inactive|Lilshobrob has 60 seconds left.\n|\n|t:|1636471623\n|move|p2a: Zeraora|Knock Off|p1a: Bastiodon\n|-damage|p1a: Bastiodon|0 fnt\n|faint|p1a: Bastiodon\n|\n|upkeep\n|\n|t:|1636471628\n|switch|p1a: Nidoqueen|Nidoqueen, L84, F|288\/288\n|turn|23\n|inactive|Lilshobrob has 60 seconds left.\n|\n|t:|1636471660\n|move|p2a: Zeraora|Hidden Power|p1a: Nidoqueen\n|-supereffective|p1a: Nidoqueen\n|-damage|p1a: Nidoqueen|196\/288\n|move|p1a: Nidoqueen|Earth Power|p2a: Zeraora\n|-supereffective|p2a: Zeraora\n|-damage|p2a: Zeraora|47\/278\n|\n|upkeep\n|turn|24\n|\n|t:|1636471674\n|move|p2a: Zeraora|Knock Off|p1a: Nidoqueen\n|-damage|p1a: Nidoqueen|120\/288\n|-enditem|p1a: Nidoqueen|Life Orb|[from] move: Knock Off|[of] p2a: Zeraora\n|move|p1a: Nidoqueen|Earth Power|p2a: Zeraora\n|-supereffective|p2a: Zeraora\n|-damage|p2a: Zeraora|0 fnt\n|faint|p2a: Zeraora\n|\n|upkeep\n|inactive|Lilshobrob has 30 seconds left.\n|\n|t:|1636471698\n|switch|p2a: Sawk|Sawk, L88, M|275\/275\n|-damage|p2a: Sawk|258\/275|[from] Stealth Rock\n|-ability|p2a: Sawk|Mold Breaker\n|turn|25\n|\n|t:|1636471704\n|move|p2a: Sawk|Bulk Up|p2a: Sawk\n|-boost|p2a: Sawk|atk|1\n|-boost|p2a: Sawk|def|1\n|move|p1a: Nidoqueen|Earth Power|p2a: Sawk\n|-damage|p2a: Sawk|156\/275\n|\n|upkeep\n|turn|26\n|\n|t:|1636471716\n|move|p2a: Sawk|Earthquake|p1a: Nidoqueen\n|-supereffective|p1a: Nidoqueen\n|-damage|p1a: Nidoqueen|0 fnt\n|faint|p1a: Nidoqueen\n|\n|upkeep\n|\n|t:|1636471721\n|switch|p1a: Aromatisse|Aromatisse, L88, F|321\/321\n|turn|27\n|\n|t:|1636471733\n|move|p2a: Sawk|Earthquake|p1a: Aromatisse\n|-damage|p1a: Aromatisse|159\/321\n|move|p1a: Aromatisse|Moonblast|p2a: Sawk\n|-supereffective|p2a: Sawk\n|-damage|p2a: Sawk|0 fnt\n|faint|p2a: Sawk\n|\n|-heal|p1a: Aromatisse|179\/321|[from] item: Leftovers\n|upkeep\n|\n|t:|1636471738\n|switch|p2a: Togedemaru|Togedemaru, L86, F|186\/252\n|-damage|p2a: Togedemaru|171\/252|[from] Stealth Rock\n|turn|28\n|\n|t:|1636471743\n|switch|p1a: Scizor|Scizor, L80, F|243\/243\n|move|p2a: Togedemaru|Iron Head|p1a: Scizor\n|-resisted|p1a: Scizor\n|-damage|p1a: Scizor|201\/243\n|\n|upkeep\n|turn|29\n|\n|t:|1636471765\n|detailschange|p1a: Scizor|Scizor-Mega, L80, F\n|-mega|p1a: Scizor|Scizor|Scizorite\n|move|p2a: Togedemaru|Zing Zap|p1a: Scizor\n|-damage|p1a: Scizor|129\/243\n|move|p1a: Scizor|Swords Dance|p1a: Scizor\n|-boost|p1a: Scizor|atk|2\n|\n|upkeep\n|turn|30\n|\n|t:|1636471776\n|move|p2a: Togedemaru|Zing Zap|p1a: Scizor\n|-damage|p1a: Scizor|69\/243\n|cant|p1a: Scizor|flinch\n|\n|upkeep\n|turn|31\n|\n|t:|1636471786\n|move|p2a: Togedemaru|Spiky Shield|p2a: Togedemaru\n|-singleturn|p2a: Togedemaru|move: Protect\n|move|p1a: Scizor|Roost|p1a: Scizor\n|-heal|p1a: Scizor|191\/243\n|-singleturn|p1a: Scizor|move: Roost\n|\n|upkeep\n|turn|32\n|\n|t:|1636471798\n|move|p2a: Togedemaru|Zing Zap|p1a: Scizor\n|-damage|p1a: Scizor|128\/243\n|cant|p1a: Scizor|flinch\n|\n|upkeep\n|turn|33\n|\n|t:|1636471810\n|move|p2a: Togedemaru|Zing Zap|p1a: Scizor\n|-damage|p1a: Scizor|61\/243\n|cant|p1a: Scizor|flinch\n|\n|upkeep\n|turn|34\n|c|\u2606BigWes95|\ud83e\udd23\ud83e\udd23\ud83e\udd23\n|\n|t:|1636471823\n|move|p1a: Scizor|Bullet Punch|p2a: Togedemaru\n|-resisted|p2a: Togedemaru\n|-damage|p2a: Togedemaru|120\/252\n|move|p2a: Togedemaru|Zing Zap|p1a: Scizor\n|-damage|p1a: Scizor|0 fnt\n|faint|p1a: Scizor\n|\n|upkeep\n|-message|BigWes95 forfeited.\n|\n|win|Lilshobrob\n|raw|BigWes95's rating: 1683 &rarr; <strong>1660<\/strong><br \/>(-23 for losing)\n|raw|Lilshobrob's rating: 1631 &rarr; <strong>1654<\/strong><br \/>(+23 for winning)\n|l|\u2606BigWes95\n","inputlog":">version d64624f79f6595d6ff2d9c737314a84d75e8041b\n>start {\"formatid\":\"gen7randombattle\",\"seed\":[60046,42595,42459,10069],\"rated\":\"Rated battle\"}\n>player p1 {\"name\":\"BigWes95\",\"avatar\":\"102\",\"rating\":1683,\"seed\":[14423,46405,65003,44236]}\n>player p2 {\"name\":\"Lilshobrob\",\"avatar\":\"1\",\"rating\":1631,\"seed\":[35985,62673,24397,51471]}\n>p1 move psychic\n>p2 switch 5\n>p1 move toxic\n>p2 switch 3\n>p1 switch 3\n>p2 move encore\n>p1 move raindance\n>p2 switch 2\n>p1 move hydropump\n>p2 move plasmafists\n>p1 move hydropump\n>p2 switch 3\n>p1 move raindance\n>p2 move destinybond\n>p1 move raindance\n>p2 move encore\n>p1 move raindance\n>p2 switch 3\n>p1 switch 3\n>p2 move knockoff\n>p1 move earthquake\n>p2 move grassknot\n>p1 switch 2\n>p1 move earthpower\n>p2 switch 3\n>p2 switch 2\n>p1 switch 3\n>p2 move calmmind\n>p1 move gigadrain\n>p2 move psyshock\n>p2 switch 5\n>p1 move hydropump\n>p2 move closecombat\n>p1 switch 4\n>p1 move moonblast\n>p2 switch 4\n>p1 switch 6\n>p2 move ironhead\n>p1 move stealthrock\n>p2 move wish\n>p1 move roar\n>p2 move ironhead\n>p1 move roar\n>p2 move plasmafists\n>p1 move toxic\n>p2 move plasmafists\n>p1 move toxic\n>p2 move knockoff\n>p1 switch 3\n>p1 move earthpower\n>p2 move hiddenpower\n>p1 move earthpower\n>p2 move knockoff\n>p2 switch 4\n>p1 move earthpower\n>p2 move bulkup\n>p1 move sludgewave\n>p2 move earthquake\n>p1 switch 6\n>p1 move moonblast\n>p2 move earthquake\n>p2 switch 3\n>p1 switch 5\n>p2 move ironhead\n>p1 move swordsdance mega\n>p2 move zingzap\n>p1 move roost\n>p2 move zingzap\n>p1 move roost\n>p2 move spikyshield\n>p1 move roost\n>p2 move zingzap\n>p1 move roost\n>p2 move zingzap\n>chat \u2606BigWes95|\ud83e\udd23\ud83e\udd23\ud83e\udd23\n>p1 move bulletpunch\n>p2 move zingzap\n>forcelose p1","uploadtime":1636471830,"views":8,"p1id":"bigwes95","p2id":"lilshobrob","formatid":"gen7randombattle","rating":1654,"private":0,"password":null}