{"id":"gen7randombattle-1138278564","p1":"BaddyGames","p2":"Retronub","format":"gen7randombattle","log":"|j|\u2606BaddyGames\n|j|\u2606Retronub\n|player|p1|BaddyGames|275|\n|player|p2|Retronub|169|\n|teamsize|p1|6\n|teamsize|p2|6\n|gametype|singles\n|gen|7\n|tier|[Gen 7] Random Battle\n|rule|Sleep Clause Mod: Limit one foe put to sleep\n|rule|HP Percentage Mod: HP is shown in percentages\n|\n|start\n|switch|p1a: Cloyster|Cloyster, L84, M|221\/221\n|switch|p2a: Golisopod|Golisopod, L84, F|263\/263\n|turn|1\n|c|\u2606BaddyGames|shit did u save the replay\n|\n|switch|p1a: Kingdra|Kingdra, L86, M|269\/269\n|move|p2a: Golisopod|First Impression|p1a: Kingdra\n|-damage|p1a: Kingdra|121\/269\n|\n|upkeep\n|turn|2\n|\n|switch|p2a: Pachirisu|Pachirisu, L88, F|249\/249\n|move|p1a: Kingdra|Draco Meteor|p2a: Pachirisu\n|-damage|p2a: Pachirisu|62\/249\n|-unboost|p1a: Kingdra|spa|2\n|-damage|p1a: Kingdra|95\/269|[from] item: Life Orb\n|\n|-heal|p2a: Pachirisu|77\/249|[from] item: Leftovers\n|upkeep\n|turn|3\n|\n|move|p2a: Pachirisu|Thunderbolt|p1a: Kingdra\n|-damage|p1a: Kingdra|40\/269\n|move|p1a: Kingdra|Rain Dance|p1a: Kingdra\n|-weather|RainDance\n|\n|-weather|RainDance|[upkeep]\n|-heal|p2a: Pachirisu|92\/249|[from] item: Leftovers\n|upkeep\n|turn|4\n|\n|move|p1a: Kingdra|Draco Meteor|p2a: Pachirisu\n|-damage|p2a: Pachirisu|5\/249\n|-unboost|p1a: Kingdra|spa|2\n|-damage|p1a: Kingdra|14\/269|[from] item: Life Orb\n|move|p2a: Pachirisu|Nuzzle|p1a: Kingdra\n|-damage|p1a: Kingdra|1\/269\n|-status|p1a: Kingdra|par\n|\n|-weather|RainDance|[upkeep]\n|-heal|p2a: Pachirisu|20\/249|[from] item: Leftovers\n|upkeep\n|turn|5\n|\n|move|p2a: Pachirisu|U-turn|p1a: Kingdra\n|-damage|p1a: Kingdra|0 fnt\n|faint|p1a: Kingdra\n|\n|switch|p2a: Golisopod|Golisopod, L84, F|263\/263\n|\n|-weather|RainDance|[upkeep]\n|upkeep\n|\n|switch|p1a: Cloyster|Cloyster, L84, M|221\/221\n|turn|6\n|\n|move|p2a: Golisopod|First Impression|p1a: Cloyster\n|-damage|p1a: Cloyster|124\/221\n|move|p1a: Cloyster|Shell Smash|p1a: Cloyster\n|-unboost|p1a: Cloyster|def|1\n|-unboost|p1a: Cloyster|spd|1\n|-boost|p1a: Cloyster|atk|2\n|-boost|p1a: Cloyster|spa|2\n|-boost|p1a: Cloyster|spe|2\n|-enditem|p1a: Cloyster|White Herb\n|-clearnegativeboost|p1a: Cloyster|[silent]\n|\n|-weather|RainDance|[upkeep]\n|upkeep\n|turn|7\n|\n|switch|p2a: Pachirisu|Pachirisu, L88, F|20\/249\n|move|p1a: Cloyster|Hydro Pump|p2a: Pachirisu|[miss]\n|-miss|p1a: Cloyster|p2a: Pachirisu\n|\n|-weather|none\n|-heal|p2a: Pachirisu|35\/249|[from] item: Leftovers\n|upkeep\n|turn|8\n|\n|move|p1a: Cloyster|Ice Shard|p2a: Pachirisu\n|-damage|p2a: Pachirisu|0 fnt\n|faint|p2a: Pachirisu\n|\n|upkeep\n|\n|switch|p2a: Magnezone|Magnezone, L80|243\/243\n|turn|9\n|\n|move|p1a: Cloyster|Hydro Pump|p2a: Magnezone\n|-damage|p2a: Magnezone|17\/243\n|move|p2a: Magnezone|Substitute|p2a: Magnezone\n|-fail|p2a: Magnezone|move: Substitute|[weak]\n|\n|-heal|p2a: Magnezone|32\/243|[from] item: Leftovers\n|upkeep\n|turn|10\n|\n|move|p1a: Cloyster|Ice Shard|p2a: Magnezone\n|-resisted|p2a: Magnezone\n|-damage|p2a: Magnezone|0 fnt\n|faint|p2a: Magnezone\n|\n|upkeep\n|c|\u2606Retronub|Im stupid\n|c|\u2606BaddyGames|+\n|\n|switch|p2a: Celebi|Celebi, L82|298\/298\n|turn|11\n|\n|move|p1a: Cloyster|Icicle Spear|p2a: Celebi\n|-supereffective|p2a: Celebi\n|-damage|p2a: Celebi|196\/298\n|-supereffective|p2a: Celebi\n|-damage|p2a: Celebi|100\/298\n|-supereffective|p2a: Celebi\n|-damage|p2a: Celebi|0 fnt\n|-hitcount|p2a: Celebi|3\n|faint|p2a: Celebi\n|\n|upkeep\n|\n|switch|p2a: Vileplume|Vileplume, L86, M|269\/269\n|turn|12\n|\n|move|p1a: Cloyster|Icicle Spear|p2a: Vileplume\n|-supereffective|p2a: Vileplume\n|-damage|p2a: Vileplume|171\/269\n|-supereffective|p2a: Vileplume\n|-damage|p2a: Vileplume|55\/269\n|-supereffective|p2a: Vileplume\n|-crit|p2a: Vileplume\n|-damage|p2a: Vileplume|0 fnt\n|-hitcount|p2a: Vileplume|3\n|faint|p2a: Vileplume\n|\n|upkeep\n|\n|switch|p2a: Golisopod|Golisopod, L84, F|263\/263\n|turn|13\n|\n|move|p2a: Golisopod|First Impression|p1a: Cloyster\n|-damage|p1a: Cloyster|22\/221\n|move|p1a: Cloyster|Hydro Pump|p2a: Golisopod\n|-resisted|p2a: Golisopod\n|-damage|p2a: Golisopod|152\/263\n|\n|upkeep\n|turn|14\n|\n|switch|p2a: Latios|Latios, L82, M|265\/265\n|move|p1a: Cloyster|Hydro Pump|p2a: Latios\n|-resisted|p2a: Latios\n|-damage|p2a: Latios|172\/265\n|\n|upkeep\n|turn|15\n|\n|move|p1a: Cloyster|Icicle Spear|p2a: Latios\n|-supereffective|p2a: Latios\n|-damage|p2a: Latios|56\/265\n|-supereffective|p2a: Latios\n|-damage|p2a: Latios|0 fnt\n|-hitcount|p2a: Latios|2\n|faint|p2a: Latios\n|\n|upkeep\n|\n|switch|p2a: Golisopod|Golisopod, L84, F|152\/263\n|turn|16\n|\n|move|p1a: Cloyster|Ice Shard|p2a: Golisopod\n|-resisted|p2a: Golisopod\n|-damage|p2a: Golisopod|123\/263\n|move|p2a: Golisopod|Knock Off|p1a: Cloyster\n|-damage|p1a: Cloyster|0 fnt\n|faint|p1a: Cloyster\n|\n|upkeep\n|\n|switch|p1a: Florges|Florges-White, L84, F|268\/268\n|turn|17\n|\n|move|p1a: Florges|Toxic|p2a: Golisopod\n|-status|p2a: Golisopod|tox\n|move|p2a: Golisopod|Knock Off|p1a: Florges\n|-resisted|p1a: Florges\n|-damage|p1a: Florges|196\/268\n|-enditem|p1a: Florges|Leftovers|[from] move: Knock Off|[of] p2a: Golisopod\n|\n|-damage|p2a: Golisopod|107\/263 tox|[from] psn\n|upkeep\n|turn|18\n|c|\u2606Retronub|gg\n|\n|move|p1a: Florges|Protect|p1a: Florges\n|-singleturn|p1a: Florges|Protect\n|move|p2a: Golisopod|Knock Off|p1a: Florges\n|-activate|p1a: Florges|move: Protect\n|\n|-damage|p2a: Golisopod|75\/263 tox|[from] psn\n|upkeep\n|turn|19\n|\n|move|p1a: Florges|Moonblast|p2a: Golisopod\n|-damage|p2a: Golisopod|0 fnt\n|faint|p2a: Golisopod\n|\n|win|BaddyGames\n|c|\u2606BaddyGames|gg\n","inputlog":">version d7c26c1baada66bae3d90aadb513f0f3b66fa5bd\n>start {\"formatid\":\"gen7randombattle\",\"seed\":[14026,25529,53487,60889]}\n>player p1 {\"name\":\"BaddyGames\",\"avatar\":\"275\",\"team\":\"\",\"rating\":0,\"seed\":[17779,9558,36446,19051]}\n>player p2 {\"name\":\"Retronub\",\"avatar\":\"169\",\"team\":\"\",\"rating\":0,\"seed\":[45386,35672,37575,11758]}\n>p1 switch 3\n>p2 move firstimpression\n>p1 move dracometeor\n>p2 switch 3\n>p1 move raindance\n>p2 move thunderbolt\n>p1 move dracometeor\n>p2 move nuzzle\n>p1 move waterfall\n>p2 move uturn\n>p2 switch 3\n>p1 switch 3\n>p1 move shellsmash\n>p2 move firstimpression\n>p1 move hydropump\n>p2 switch 3\n>p1 move iceshard\n>p2 move thunderbolt\n>p2 switch 2\n>p1 move hydropump\n>p2 move substitute\n>p1 move iceshard\n>p2 move thunderbolt\n>p2 switch 5\n>p1 move iciclespear\n>p2 move leafstorm\n>p2 switch 6\n>p1 move iciclespear\n>p2 move gigadrain\n>p2 switch 3\n>p1 move hydropump\n>p2 move firstimpression\n>p1 move hydropump\n>p2 switch 4\n>p1 move iciclespear\n>p2 move psyshock\n>p2 switch 4\n>p1 move iceshard\n>p2 move knockoff\n>p1 switch 5\n>p1 move toxic\n>p2 move knockoff\n>p1 move protect\n>p2 move knockoff\n>p1 move moonblast\n>p2 move knockoff","uploadtime":1592943660,"views":6,"p1id":"baddygames","p2id":"retronub","formatid":"gen7randombattle","rating":0,"private":0,"password":null}