{"id":"gen7ou-1652456521","p1":"zozhi","p2":"chansey and lulu","format":"gen7ou","log":"|j|\u2606zozhi\n|j|\u2606chansey and lulu\n|t:|1661922575\n|gametype|singles\n|player|p1|zozhi|richboy-gen4|1288\n|player|p2|chansey and lulu|hooligans|1239\n|teamsize|p1|6\n|teamsize|p2|6\n|gen|7\n|tier|[Gen 7] OU\n|rated|\n|rule|Sleep Clause Mod: Limit one foe put to sleep\n|rule|Species Clause: Limit one of each Pok\u00e9mon\n|rule|OHKO Clause: OHKO moves are banned\n|rule|Moody Clause: Moody is banned\n|rule|Evasion Items Clause: Evasion items are banned\n|rule|Evasion Moves Clause: Evasion moves are banned\n|rule|Endless Battle Clause: Forcing endless battles is banned\n|rule|HP Percentage Mod: HP is shown in percentages\n|clearpoke\n|poke|p1|Gallade, M|item\n|poke|p1|Greninja, M|item\n|poke|p1|Landorus-Therian, M|item\n|poke|p1|Magearna|item\n|poke|p1|Ferrothorn, M|item\n|poke|p1|Tapu Fini|item\n|poke|p2|Magearna|item\n|poke|p2|Camerupt, F|item\n|poke|p2|Rampardos, M|item\n|poke|p2|Cresselia, F|item\n|poke|p2|Crawdaunt, M|item\n|poke|p2|Stakataka|item\n|teampreview\n|\n|t:|1661922593\n|start\n|switch|p1a: Landorus|Landorus-Therian, M|100\/100\n|switch|p2a: Magearna|Magearna|100\/100\n|-ability|p1a: Landorus|Intimidate|boost\n|-unboost|p2a: Magearna|atk|1\n|turn|1\n|\n|t:|1661922604\n|move|p1a: Landorus|Stealth Rock|p2a: Magearna\n|-sidestart|p2: chansey and lulu|move: Stealth Rock\n|move|p2a: Magearna|Ice Beam|p1a: Landorus\n|-supereffective|p1a: Landorus\n|-damage|p1a: Landorus|0 fnt\n|faint|p1a: Landorus\n|-ability|p2a: Magearna|Soul-Heart|boost\n|-boost|p2a: Magearna|spa|1\n|\n|upkeep\n|\n|t:|1661922631\n|switch|p1a: Gallade|Gallade, M|100\/100\n|turn|2\n|\n|t:|1661922635\n|detailschange|p1a: Gallade|Gallade-Mega, M\n|-mega|p1a: Gallade|Gallade|Galladite\n|-singleturn|p1a: Gallade|move: Focus Punch\n|-zpower|p2a: Magearna\n|move|p2a: Magearna|Twinkle Tackle|p1a: Gallade|[zeffect]\n|-supereffective|p1a: Gallade\n|-damage|p1a: Gallade|0 fnt\n|faint|p1a: Gallade\n|-ability|p2a: Magearna|Soul-Heart|boost\n|-boost|p2a: Magearna|spa|1\n|\n|upkeep\n|\n|t:|1661922662\n|switch|p1a: Ferrothorn|Ferrothorn, M|100\/100\n|turn|3\n|\n|t:|1661922673\n|move|p2a: Magearna|Ice Beam|p1a: Ferrothorn\n|-damage|p1a: Ferrothorn|46\/100\n|move|p1a: Ferrothorn|Spikes|p2a: Magearna\n|-sidestart|p2: chansey and lulu|Spikes\n|\n|-heal|p1a: Ferrothorn|53\/100|[from] item: Leftovers\n|upkeep\n|turn|4\n|\n|t:|1661922679\n|move|p2a: Magearna|Ice Beam|p1a: Ferrothorn\n|-damage|p1a: Ferrothorn|0 fnt\n|faint|p1a: Ferrothorn\n|-ability|p2a: Magearna|Soul-Heart|boost\n|-boost|p2a: Magearna|spa|1\n|\n|upkeep\n|\n|t:|1661922684\n|switch|p1a: Greninja|Greninja, M|100\/100\n|turn|5\n|\n|t:|1661922689\n|move|p1a: Greninja|Hydro Pump|p2a: Magearna|[miss]\n|-miss|p1a: Greninja|p2a: Magearna\n|move|p2a: Magearna|Thunderbolt|p1a: Greninja\n|-supereffective|p1a: Greninja\n|-damage|p1a: Greninja|0 fnt\n|faint|p1a: Greninja\n|-ability|p2a: Magearna|Soul-Heart|boost\n|-boost|p2a: Magearna|spa|1\n|\n|upkeep\n|-message|zozhi forfeited.\n|\n|win|chansey and lulu\n|raw|zozhi's rating: 1288 &rarr; <strong>1259<\/strong><br \/>(-29 for losing)\n|raw|chansey and lulu's rating: 1239 &rarr; <strong>1268<\/strong><br \/>(+29 for winning)\n|l|\u2606zozhi\n","uploadtime":1661922738,"views":7,"p1id":"zozhi","p2id":"chanseyandlulu","formatid":"gen7ou","rating":1259,"private":0,"password":null}