{"id":"gen7ou-880946757","p1":"Jasondega","p2":"why addicted","format":"gen7ou","log":"|j|\u2606Jasondega\n|j|\u2606why addicted\n|player|p1|Jasondega|164\n|player|p2|why addicted|167\n|teamsize|p1|6\n|teamsize|p2|6\n|gametype|singles\n|gen|7\n|tier|[Gen 7] OU\n|rated|\n|rule|Sleep Clause Mod: Limit one foe put to sleep\n|rule|Species Clause: Limit one of each Pok\u00e9mon\n|rule|OHKO Clause: OHKO moves are banned\n|rule|Moody Clause: Moody is banned\n|rule|Evasion Moves Clause: Evasion moves are banned\n|rule|Endless Battle Clause: Forcing endless battles is banned\n|rule|HP Percentage Mod: HP is shown in percentages\n|clearpoke\n|poke|p1|Kyurem-Black|item\n|poke|p1|Tapu Koko|item\n|poke|p1|Heatran, M|item\n|poke|p1|Tangrowth, M|item\n|poke|p1|Medicham, M|item\n|poke|p1|Landorus-Therian, M|item\n|poke|p2|Mawile, M|item\n|poke|p2|Tapu Fini|item\n|poke|p2|Greninja, M|item\n|poke|p2|Zapdos|item\n|poke|p2|Jirachi|item\n|poke|p2|Garchomp, F|item\n|teampreview\n|c|\u2606why addicted|hf\n|j| OPBrow11\n|inactive|Battle timer is ON: inactive players will automatically lose when time's up. (requested by Jasondega)\n|c|\u2606Jasondega|hg\n|j| Luckster Dry\n|\n|start\n|switch|p1a: Medicham|Medicham, M|100\/100\n|switch|p2a: Mawile|Mawile, M|100\/100\n|-ability|p2a: Mawile|Intimidate|boost\n|-unboost|p1a: Medicham|atk|1\n|turn|1\n|c| Luckster Dry|YO\n|c| Luckster Dry|Rematch\n|\n|switch|p2a: Zapdos|Zapdos|100\/100\n|detailschange|p1a: Medicham|Medicham-Mega, M\n|-mega|p1a: Medicham|Medicham|Medichamite\n|move|p1a: Medicham|Fake Out|p2a: Zapdos\n|-damage|p2a: Zapdos|89\/100\n|\n|-heal|p2a: Zapdos|95\/100|[from] item: Leftovers\n|upkeep\n|turn|2\n|\n|switch|p1a: Heatran|Heatran, M|100\/100\n|move|p2a: Zapdos|Volt Switch|p1a: Heatran\n|-damage|p1a: Heatran|72\/100\n|\n|switch|p2a: Garchomp|Garchomp, F|100\/100\n|\n|-heal|p1a: Heatran|78\/100|[from] item: Leftovers\n|upkeep\n|turn|3\n|\n|switch|p1a: Tangrowth|Tangrowth, M|100\/100\n|move|p2a: Garchomp|Stealth Rock|p1a: Tangrowth\n|-sidestart|p1: Jasondega|move: Stealth Rock\n|\n|upkeep\n|turn|4\n|\n|switch|p2a: Zapdos|Zapdos|95\/100\n|move|p1a: Tangrowth|Knock Off|p2a: Zapdos\n|-damage|p2a: Zapdos|79\/100\n|-status|p1a: Tangrowth|par|[from] ability: Static|[of] p2a: Zapdos\n|-enditem|p2a: Zapdos|Leftovers|[from] move: Knock Off|[of] p1a: Tangrowth\n|\n|upkeep\n|turn|5\n|\n|switch|p1a: Landorus|Landorus-Therian, M|100\/100\n|-damage|p1a: Landorus|88\/100|[from] Stealth Rock\n|-ability|p1a: Landorus|Intimidate|boost\n|-unboost|p2a: Zapdos|atk|1\n|move|p2a: Zapdos|Hidden Power|p1a: Landorus\n|-supereffective|p1a: Landorus\n|-damage|p1a: Landorus|0 fnt\n|faint|p1a: Landorus\n|\n|upkeep\n|\n|switch|p1a: Medicham|Medicham-Mega, M|100\/100\n|-damage|p1a: Medicham|94\/100|[from] Stealth Rock\n|turn|6\n|\n|move|p1a: Medicham|Ice Punch|p2a: Zapdos\n|-supereffective|p2a: Zapdos\n|-damage|p2a: Zapdos|12\/100\n|move|p2a: Zapdos|Volt Switch|p1a: Medicham\n|-damage|p1a: Medicham|53\/100\n|\n|switch|p2a: Greninja|Greninja, M|100\/100\n|\n|upkeep\n|turn|7\n|\n|switch|p1a: Tangrowth|Tangrowth, M|100\/100 par\n|-damage|p1a: Tangrowth|88\/100 par|[from] Stealth Rock\n|move|p2a: Greninja|Spikes|p1a: Tangrowth\n|-sidestart|p1: Jasondega|Spikes\n|\n|upkeep\n|turn|8\n|\n|switch|p2a: Zapdos|Zapdos|12\/100\n|move|p1a: Tangrowth|Giga Drain|p2a: Zapdos\n|-resisted|p2a: Zapdos\n|-damage|p2a: Zapdos|0 fnt\n|-heal|p1a: Tangrowth|94\/100 par|[from] drain|[of] p2a: Zapdos\n|faint|p2a: Zapdos\n|\n|upkeep\n|\n|switch|p2a: Mawile|Mawile, M|100\/100\n|-ability|p2a: Mawile|Intimidate|boost\n|-unboost|p1a: Tangrowth|atk|1\n|turn|9\n|\n|switch|p1a: Heatran|Heatran, M|78\/100\n|-damage|p1a: Heatran|66\/100|[from] Stealth Rock\n|-damage|p1a: Heatran|53\/100|[from] Spikes\n|detailschange|p2a: Mawile|Mawile-Mega, M\n|-mega|p2a: Mawile|Mawile|Mawilite\n|move|p2a: Mawile|Knock Off|p1a: Heatran\n|-damage|p1a: Heatran|0 fnt\n|-enditem|p1a: Heatran|Leftovers|[from] move: Knock Off|[of] p2a: Mawile\n|faint|p1a: Heatran\n|\n|upkeep\n|\n|switch|p1a: Tapu Koko|Tapu Koko|100\/100\n|-damage|p1a: Tapu Koko|88\/100|[from] Stealth Rock\n|-damage|p1a: Tapu Koko|76\/100|[from] Spikes\n|-fieldstart|move: Electric Terrain|[from] ability: Electric Surge|[of] p1a: Tapu Koko\n|turn|10\n|\n|move|p1a: Tapu Koko|Hidden Power|p2a: Mawile\n|-resisted|p2a: Mawile\n|-damage|p2a: Mawile|86\/100\n|move|p2a: Mawile|Play Rough|p1a: Tapu Koko\n|-damage|p1a: Tapu Koko|0 fnt\n|faint|p1a: Tapu Koko\n|\n|upkeep\n|-message|Jasondega forfeited.\n|\n|win|why addicted\n|l|\u2606Jasondega\n","uploadtime":1553381879,"views":41,"p1id":"jasondega","p2id":"whyaddicted","formatid":"gen7ou","rating":0,"private":0,"password":null}