{"id":"gen7ou-658175521","p1":"Lkjhgfdsapoi","p2":"shomeister","format":"gen7ou","log":"|j|Lkjhgfdsapoi\n|j|shomeister\n|player|p1|Lkjhgfdsapoi|222\n|teamsize|p1|6\n|player|p2|shomeister|266\n|teamsize|p2|6\n|gametype|singles\n|gen|7\n|tier|[Gen 7] OU\n|rated|\n|seed|21016,35944,25331,53062\n|rule|Sleep Clause Mod: Limit one foe put to sleep\n|rule|Species Clause: Limit one of each Pok\u00e9mon\n|rule|OHKO Clause: OHKO moves are banned\n|rule|Moody Clause: Moody is banned\n|rule|Evasion Moves Clause: Evasion moves are banned\n|rule|Endless Battle Clause: Forcing endless battles is banned\n|rule|HP Percentage Mod: HP is shown in percentages\n|clearpoke\n|poke|p1|Charizard, M|item\n|poke|p1|Celesteela|item\n|poke|p1|Excadrill, M|item\n|poke|p1|Kartana|item\n|poke|p1|Azelf|item\n|poke|p1|Greninja, M|item\n|poke|p2|Garchomp, F|item\n|poke|p2|Landorus-Therian, M|item\n|poke|p2|Tapu Lele|item\n|poke|p2|Hawlucha, F|item\n|poke|p2|Tapu Koko|item\n|poke|p2|Hydreigon, F|item\n|teampreview\n|inactive|Battle timer is ON: inactive players will automatically lose when time's up. (requested by shomeister)\n|choice|team 3, team 2, team 1, team 4, team 5, team 6|team 6, team 2, team 3, team 4, team 5, team 1\n|\n|start\n|switch|p1a: Excadrill|Excadrill, M|361\/361\n|switch|p2a: Hydreigon|Hydreigon, F|325\/325\n|-ability|p1a: Excadrill|Mold Breaker\n|turn|1\n|choice|move rocktomb|move fireblast\n|\n|move|p2a: Hydreigon|Fire Blast|p1a: Excadrill\n|-supereffective|p1a: Excadrill\n|-enditem|p1a: Excadrill|Focus Sash\n|-damage|p1a: Excadrill|1\/361\n|move|p1a: Excadrill|Rock Tomb|p2a: Hydreigon\n|-damage|p2a: Hydreigon|238\/325\n|-unboost|p2a: Hydreigon|spe|1\n|\n|upkeep\n|turn|2\n|choice|move stealthrock|switch 2\n|\n|switch|p2a: Landorus|Landorus-Therian, M|320\/320\n|-ability|p2a: Landorus|Intimidate|boost\n|-unboost|p1a: Excadrill|atk|1\n|move|p1a: Excadrill|Stealth Rock|p2a: Landorus\n|-sidestart|p2: shomeister|move: Stealth Rock\n|\n|upkeep\n|turn|3\n|choice|move rocktomb|move knockoff\n|\n|move|p2a: Landorus|Knock Off|p1a: Excadrill\n|-damage|p1a: Excadrill|0 fnt\n|-damage|p2a: Landorus|288\/320|[from] item: Life Orb\n|faint|p1a: Excadrill\n|\n|upkeep\n|choice|switch 5|\n|\n|switch|p1a: Azelf|Azelf|291\/291\n|turn|4\n|choice|move icepunch|move knockoff\n|\n|move|p1a: Azelf|Ice Punch|p2a: Landorus\n|-supereffective|p2a: Landorus\n|-damage|p2a: Landorus|0 fnt\n|faint|p2a: Landorus\n|\n|upkeep\n|choice||switch 6\n|\n|switch|p2a: Garchomp|Garchomp, F|403\/403\n|-damage|p2a: Garchomp|378\/403|[from] Stealth Rock\n|turn|5\n|choice|switch 2|move earthquake mega\n|\n|switch|p1a: Celesteela|Celesteela|398\/398\n|detailschange|p2a: Garchomp|Garchomp-Mega, F\n|-mega|p2a: Garchomp|Garchomp|Garchompite\n|move|p2a: Garchomp|Earthquake|p1a: Celesteela\n|-immune|p1a: Celesteela|[msg]\n|\n|upkeep\n|turn|6\n|choice|move leechseed|move swordsdance\n|\n|move|p2a: Garchomp|Swords Dance|p2a: Garchomp\n|-boost|p2a: Garchomp|atk|2\n|move|p1a: Celesteela|Leech Seed|p2a: Garchomp\n|-start|p2a: Garchomp|move: Leech Seed\n|\n|-damage|p2a: Garchomp|328\/403|[from] Leech Seed|[of] p1a: Celesteela\n|upkeep\n|turn|7\n|choice|move toxic|move swordsdance\n|\n|move|p2a: Garchomp|Swords Dance|p2a: Garchomp\n|-boost|p2a: Garchomp|atk|2\n|move|p1a: Celesteela|Toxic|p2a: Garchomp\n|-status|p2a: Garchomp|tox\n|\n|-damage|p2a: Garchomp|278\/403 tox|[from] Leech Seed|[of] p1a: Celesteela\n|-damage|p2a: Garchomp|253\/403 tox|[from] psn\n|upkeep\n|turn|8\n|choice|move flamethrower|move rockslide\n|\n|move|p2a: Garchomp|Rock Slide|p1a: Celesteela\n|-crit|p1a: Celesteela\n|-damage|p1a: Celesteela|78\/398\n|move|p1a: Celesteela|Flamethrower|p2a: Garchomp\n|-resisted|p2a: Garchomp\n|-damage|p2a: Garchomp|211\/403 tox\n|\n|-heal|p1a: Celesteela|102\/398|[from] item: Leftovers\n|-damage|p2a: Garchomp|161\/403 tox|[from] Leech Seed|[of] p1a: Celesteela\n|-heal|p1a: Celesteela|152\/398|[silent]\n|-damage|p2a: Garchomp|111\/403 tox|[from] psn\n|upkeep\n|turn|9\n|inactive|Lkjhgfdsapoi has 135 seconds left.\n|choice|move protect|move rockslide\n|\n|move|p1a: Celesteela|Protect|p1a: Celesteela\n|-singleturn|p1a: Celesteela|Protect\n|move|p2a: Garchomp|Rock Slide|p1a: Celesteela\n|-activate|p1a: Celesteela|move: Protect\n|\n|-heal|p1a: Celesteela|176\/398|[from] item: Leftovers\n|-damage|p2a: Garchomp|61\/403 tox|[from] Leech Seed|[of] p1a: Celesteela\n|-heal|p1a: Celesteela|226\/398|[silent]\n|-damage|p2a: Garchomp|0 fnt|[from] psn\n|upkeep\n|faint|p2a: Garchomp\n|inactive|shomeister has 135 seconds left.\n|choice||switch 5\n|\n|switch|p2a: Tapu Koko|Tapu Koko|281\/281\n|-damage|p2a: Tapu Koko|246\/281|[from] Stealth Rock\n|-fieldstart|move: Electric Terrain|[from] ability: Electric Surge|[of] p2a: Tapu Koko\n|turn|10\n|inactive|Lkjhgfdsapoi has 135 seconds left.\n|inactive|Lkjhgfdsapoi has 120 seconds left.\n|choice|switch 4|move thunderbolt\n|\n|switch|p1a: Kartana|Kartana|259\/259\n|move|p2a: Tapu Koko|Thunderbolt|p1a: Kartana\n|-resisted|p1a: Kartana\n|-damage|p1a: Kartana|0 fnt\n|-damage|p2a: Tapu Koko|218\/281|[from] item: Life Orb\n|faint|p1a: Kartana\n|\n|upkeep\n|inactive|Lkjhgfdsapoi has 135 seconds left.\n|choice|switch 3|\n|\n|switch|p1a: Charizard|Charizard, M|297\/297\n|turn|11\n|inactive|shomeister has 135 seconds left.\n|choice|move flamethrower mega|move voltswitch\n|\n|detailschange|p1a: Charizard|Charizard-Mega-Y, M\n|-mega|p1a: Charizard|Charizard|Charizardite Y\n|-weather|SunnyDay|[from] ability: Drought|[of] p1a: Charizard\n|move|p2a: Tapu Koko|Volt Switch|p1a: Charizard\n|-supereffective|p1a: Charizard\n|-damage|p1a: Charizard|0 fnt\n|-damage|p2a: Tapu Koko|190\/281|[from] item: Life Orb\n|faint|p1a: Charizard\n|inactive|shomeister has 135 seconds left.\n|choice||switch 3\n|\n|switch|p2a: Tapu Lele|Tapu Lele|282\/282\n|-damage|p2a: Tapu Lele|247\/282|[from] Stealth Rock\n|-fieldstart|move: Psychic Terrain|[from] ability: Psychic Surge|[of] p2a: Tapu Lele\n|\n|-weather|SunnyDay|[upkeep]\n|upkeep\n|choice|switch 4|\n|\n|switch|p1a: Celesteela|Celesteela|226\/398\n|turn|12\n|choice|move leechseed|move focusblast\n|\n|move|p2a: Tapu Lele|Focus Blast|p1a: Celesteela\n|-damage|p1a: Celesteela|0 fnt\n|faint|p1a: Celesteela\n|\n|-weather|SunnyDay|[upkeep]\n|upkeep\n|choice|switch 2|\n|\n|switch|p1a: Azelf|Azelf|291\/291\n|turn|13\n|choice|move explosion|move focusblast\n|\n|move|p1a: Azelf|Explosion|p2a: Tapu Lele\n|-damage|p2a: Tapu Lele|0 fnt\n|faint|p1a: Azelf\n|faint|p2a: Tapu Lele\n|\n|-weather|SunnyDay|[upkeep]\n|upkeep\n|choice|switch 6|switch 4\n|\n|switch|p1a: Greninja|Greninja, M|285\/285\n|switch|p2a: Hawlucha|Hawlucha, F|359\/359\n|-enditem|p2a: Hawlucha|Psychic Seed\n|-boost|p2a: Hawlucha|spd|1\n|-damage|p2a: Hawlucha|315\/359|[from] Stealth Rock\n|turn|14\n|choice|move extrasensory|move roost\n|\n|move|p2a: Hawlucha|Roost|p2a: Hawlucha\n|-heal|p2a: Hawlucha|359\/359\n|move|p1a: Greninja|Extrasensory|p2a: Hawlucha\n|-supereffective|p2a: Hawlucha\n|-damage|p2a: Hawlucha|138\/359\n|-damage|p1a: Greninja|257\/285|[from] item: Life Orb\n|\n|-weather|SunnyDay|[upkeep]\n|upkeep\n|turn|15\n|choice|move watershuriken|move drainpunch\n|\n|move|p1a: Greninja|Water Shuriken|p2a: Hawlucha\n|-damage|p2a: Hawlucha|129\/359\n|-damage|p2a: Hawlucha|120\/359\n|-damage|p2a: Hawlucha|111\/359\n|-damage|p2a: Hawlucha|102\/359\n|-hitcount|p2a: Hawlucha|4\n|-damage|p1a: Greninja|229\/285|[from] item: Life Orb\n|move|p2a: Hawlucha|Drain Punch|p1a: Greninja\n|-supereffective|p1a: Greninja\n|-damage|p1a: Greninja|13\/285\n|-heal|p2a: Hawlucha|210\/359|[from] drain|[of] p1a: Greninja\n|\n|-weather|none\n|-fieldend|move: Psychic Terrain\n|upkeep\n|turn|16\n|-message|Lkjhgfdsapoi forfeited.\n|\n|win|shomeister\n|l|Lkjhgfdsapoi\n|raw|Lkjhgfdsapoi's rating: 1351 &rarr; <strong>1330<\/strong><br \/>(-21 for losing)\n|raw|shomeister's rating: 1322 &rarr; <strong>1344<\/strong><br \/>(+22 for winning)","inputlog":null,"uploadtime":1510437308,"views":23,"p1id":"lkjhgfdsapoi","p2id":"shomeister","formatid":"gen7ou","rating":1330,"private":0,"password":null}