{"id":"gen7ou-881328558","p1":"BopHole","p2":"why addicted","format":"gen7ou","log":"|j|\u2606BopHole\n|j|\u2606why addicted\n|inactive|Battle timer is ON: inactive players will automatically lose when time's up.\n|player|p1|BopHole|tucker-gen3\n|player|p2|why addicted|102\n|teamsize|p1|6\n|teamsize|p2|6\n|gametype|singles\n|gen|7\n|tier|[Gen 7] OU\n|rated|Tournament battle\n|rule|Sleep Clause Mod: Limit one foe put to sleep\n|rule|Species Clause: Limit one of each Pok\u00e9mon\n|rule|OHKO Clause: OHKO moves are banned\n|rule|Moody Clause: Moody is banned\n|rule|Evasion Moves Clause: Evasion moves are banned\n|rule|Endless Battle Clause: Forcing endless battles is banned\n|rule|HP Percentage Mod: HP is shown in percentages\n|clearpoke\n|poke|p1|Arceus-*|item\n|poke|p1|Excadrill, F|item\n|poke|p1|Tapu Koko|item\n|poke|p1|Hawlucha, F|item\n|poke|p1|Magearna|item\n|poke|p1|Gyarados, M|item\n|poke|p2|Medicham, F|item\n|poke|p2|Hydreigon, M|item\n|poke|p2|Gastrodon, F|item\n|poke|p2|Heatran, F|item\n|poke|p2|Tornadus-Therian, M|item\n|poke|p2|Arceus-*|item\n|teampreview\n|j|#moondazing\n|j| Mr. fLiNsToNe DUDE\n|j| using_namespace\n|j| take wins\n|j| Mystletaynn\n|j|+Ske\n|j| LTPU1 Jucc\n|j| LadderSoTall\n|j| Lxrd Black\n|j| Spyrodon\n|j| xxxfapgod\n|c|\u2606why addicted|hf\n|j| hector d wilson\n|j| Parrot67\n|j|\u203dmikelibs\n|j| salasso\n|\n|start\n|switch|p1a: Tapu Koko|Tapu Koko|100\/100\n|switch|p2a: Predict|Medicham, F|100\/100\n|-fieldstart|move: Electric Terrain|[from] ability: Electric Surge|[of] p1a: Tapu Koko\n|turn|1\n|j|@GMars\n|j| randomladderalt123\n|c| using_namespace|Arceus is God\n|l|@GMars\n|\n|detailschange|p2a: Predict|Medicham-Mega, F\n|-mega|p2a: Predict|Medicham|Medichamite\n|move|p2a: Predict|Fake Out|p1a: Tapu Koko\n|-damage|p1a: Tapu Koko|73\/100\n|cant|p1a: Tapu Koko|flinch\n|\n|upkeep\n|turn|2\n|j| Primal Unova\n|\n|move|p1a: Tapu Koko|Reflect|p1a: Tapu Koko\n|-sidestart|p1: BopHole|Reflect\n|move|p2a: Predict|Zen Headbutt|p1a: Tapu Koko\n|-damage|p1a: Tapu Koko|36\/100\n|\n|upkeep\n|turn|3\n|j| Leviathan102\n|\n|switch|p2a: Broken|Heatran, F|100\/100\n|move|p1a: Tapu Koko|U-turn|p2a: Broken\n|-resisted|p2a: Broken\n|-damage|p2a: Broken|97\/100\n|\n|switch|p1a: Excadrill|Excadrill, F|100\/100\n|-ability|p1a: Excadrill|Mold Breaker\n|\n|-heal|p2a: Broken|100\/100|[from] item: Leftovers\n|upkeep\n|turn|4\n|j| MedPromptDragon\n|j| NukTest\n|\n|switch|p2a: Reliable|Tornadus-Therian, M|100\/100\n|move|p1a: Excadrill|Earthquake|p2a: Reliable\n|-immune|p2a: Reliable\n|\n|upkeep\n|turn|5\n|\n|move|p2a: Reliable|Defog|p1a: Excadrill\n|-unboost|p1a: Excadrill|evasion|1\n|-sideend|p1: BopHole|Reflect\n|move|p1a: Excadrill|Rock Tomb|p2a: Reliable\n|-supereffective|p2a: Reliable\n|-damage|p2a: Reliable|57\/100\n|-unboost|p2a: Reliable|spe|1\n|\n|-fieldend|move: Electric Terrain\n|upkeep\n|turn|6\n|\n|move|p1a: Excadrill|Stealth Rock|p2a: Reliable\n|-sidestart|p2: why addicted|move: Stealth Rock\n|move|p2a: Reliable|U-turn|p1a: Excadrill\n|-resisted|p1a: Excadrill\n|-damage|p1a: Excadrill|91\/100\n|\n|switch|p2a: Predict|Medicham-Mega, F|100\/100\n|-damage|p2a: Predict|94\/100|[from] Stealth Rock\n|\n|upkeep\n|turn|7\n|\n|move|p2a: Predict|High Jump Kick|p1a: Excadrill\n|-supereffective|p1a: Excadrill\n|-damage|p1a: Excadrill|0 fnt\n|faint|p1a: Excadrill\n|\n|upkeep\n|\n|switch|p1a: Tapu Koko|Tapu Koko|36\/100\n|-fieldstart|move: Electric Terrain|[from] ability: Electric Surge|[of] p1a: Tapu Koko\n|turn|8\n|\n|switch|p2a: Broken|Heatran, F|100\/100\n|-damage|p2a: Broken|88\/100|[from] Stealth Rock\n|move|p1a: Tapu Koko|Reflect|p1a: Tapu Koko\n|-sidestart|p1: BopHole|Reflect\n|\n|-heal|p2a: Broken|94\/100|[from] item: Leftovers\n|upkeep\n|turn|9\n|j| Blitz Brigader\n|\n|switch|p2a: Reliable|Tornadus-Therian, M|90\/100\n|-damage|p2a: Reliable|65\/100|[from] Stealth Rock\n|move|p1a: Tapu Koko|Light Screen|p1a: Tapu Koko\n|-sidestart|p1: BopHole|move: Light Screen\n|\n|upkeep\n|turn|10\n|\n|move|p1a: Tapu Koko|Taunt|p2a: Reliable\n|-start|p2a: Reliable|move: Taunt\n|move|p2a: Reliable|U-turn|p1a: Tapu Koko\n|-resisted|p1a: Tapu Koko\n|-damage|p1a: Tapu Koko|32\/100\n|\n|switch|p2a: Broken|Heatran, F|94\/100\n|-damage|p2a: Broken|82\/100|[from] Stealth Rock\n|\n|-heal|p2a: Broken|88\/100|[from] item: Leftovers\n|upkeep\n|turn|11\n|\n|move|p1a: Tapu Koko|U-turn|p2a: Broken\n|-resisted|p2a: Broken\n|-damage|p2a: Broken|84\/100\n|l|+Ske\n|\n|switch|p1a: Gyarados|Gyarados, M|100\/100\n|-ability|p1a: Gyarados|Intimidate|boost\n|-unboost|p2a: Broken|atk|1\n|move|p2a: Broken|Toxic|p1a: Gyarados\n|-status|p1a: Gyarados|tox\n|\n|-heal|p2a: Broken|91\/100|[from] item: Leftovers\n|-damage|p1a: Gyarados|94\/100 tox|[from] psn\n|upkeep\n|turn|12\n|\n|switch|p1a: Hawlucha|Hawlucha, F|100\/100\n|-enditem|p1a: Hawlucha|Electric Seed\n|-boost|p1a: Hawlucha|def|1\n|move|p2a: Broken|Stealth Rock|p1a: Hawlucha\n|-sidestart|p1: BopHole|move: Stealth Rock\n|\n|-heal|p2a: Broken|97\/100|[from] item: Leftovers\n|-fieldend|move: Electric Terrain\n|upkeep\n|turn|13\n|\n|move|p1a: Hawlucha|High Jump Kick|p2a: Broken\n|-supereffective|p2a: Broken\n|-damage|p2a: Broken|0 fnt\n|faint|p2a: Broken\n|\n|upkeep\n|\n|switch|p2a: Underrated|Gastrodon, F|100\/100\n|-damage|p2a: Underrated|94\/100|[from] Stealth Rock\n|turn|14\n|\n|move|p1a: Hawlucha|Swords Dance|p1a: Hawlucha\n|-boost|p1a: Hawlucha|atk|2\n|move|p2a: Underrated|Toxic|p1a: Hawlucha\n|-status|p1a: Hawlucha|tox\n|\n|-heal|p2a: Underrated|100\/100|[from] item: Leftovers\n|-damage|p1a: Hawlucha|94\/100 tox|[from] psn\n|upkeep\n|turn|15\n|\n|move|p1a: Hawlucha|Swords Dance|p1a: Hawlucha\n|-boost|p1a: Hawlucha|atk|2\n|move|p2a: Underrated|Earth Power|p1a: Hawlucha\n|-immune|p1a: Hawlucha\n|\n|-damage|p1a: Hawlucha|82\/100 tox|[from] psn\n|-sideend|p1: BopHole|Reflect\n|upkeep\n|turn|16\n|j|+Punchshroom\n|\n|move|p1a: Hawlucha|Acrobatics|p2a: Underrated\n|-damage|p2a: Underrated|0 fnt\n|faint|p2a: Underrated\n|\n|-damage|p1a: Hawlucha|63\/100 tox|[from] psn\n|-sideend|p1: BopHole|move: Light Screen\n|upkeep\n|\n|switch|p2a: Predict|Medicham-Mega, F|94\/100\n|-damage|p2a: Predict|88\/100|[from] Stealth Rock\n|turn|17\n|\n|move|p2a: Predict|Fake Out|p1a: Hawlucha\n|-crit|p1a: Hawlucha\n|-damage|p1a: Hawlucha|15\/100 tox\n|cant|p1a: Hawlucha|flinch\n|\n|-damage|p1a: Hawlucha|0 fnt|[from] psn\n|faint|p1a: Hawlucha\n|upkeep\n|c| using_namespace|awww no\n|c|\u2606BopHole|:(\n|j| EtherealThunder777\n|\n|switch|p1a: Tapu Koko|Tapu Koko|32\/100\n|-damage|p1a: Tapu Koko|19\/100|[from] Stealth Rock\n|-fieldstart|move: Electric Terrain|[from] ability: Electric Surge|[of] p1a: Tapu Koko\n|turn|18\n|c|+Punchshroom|which BugCeus is gonna take it\n|\n|move|p1a: Tapu Koko|Reflect|p1a: Tapu Koko\n|-sidestart|p1: BopHole|Reflect\n|move|p2a: Predict|Ice Punch|p1a: Tapu Koko\n|-damage|p1a: Tapu Koko|0 fnt\n|faint|p1a: Tapu Koko\n|\n|upkeep\n|c| Lxrd Black|my moneys on the winner\n|c| using_namespace|Extremekiller is my fave Arc\n|j| Bobble tea\n|l| take wins\n|j| OverlordCrispy\n|\n|switch|p1a: Magearna|Magearna|100\/100\n|-damage|p1a: Magearna|95\/100|[from] Stealth Rock\n|turn|19\n|\n|move|p2a: Predict|High Jump Kick|p1a: Magearna\n|-damage|p1a: Magearna|37\/100\n|move|p1a: Magearna|Shift Gear|p1a: Magearna\n|-boost|p1a: Magearna|spe|2\n|-boost|p1a: Magearna|atk|1\n|\n|upkeep\n|turn|20\n|j| AnonymousAnony\n|l| Mr. fLiNsToNe DUDE\n|l| OverlordCrispy\n|\n|switch|p2a: wHyadreigon|Hydreigon, M|100\/100\n|-damage|p2a: wHyadreigon|88\/100|[from] Stealth Rock\n|-zpower|p1a: Magearna\n|move|p1a: Magearna|Twinkle Tackle|p2a: wHyadreigon|[zeffect]\n|-supereffective|p2a: wHyadreigon\n|-damage|p2a: wHyadreigon|0 fnt\n|faint|p2a: wHyadreigon\n|-ability|p1a: Magearna|Soul-Heart|boost\n|-boost|p1a: Magearna|spa|1\n|\n|upkeep\n|\n|switch|p2a: Predict|Medicham-Mega, F|88\/100\n|-damage|p2a: Predict|82\/100|[from] Stealth Rock\n|turn|21\n|\n|move|p2a: Predict|Fake Out|p1a: Magearna\n|-resisted|p1a: Magearna\n|-damage|p1a: Magearna|31\/100\n|cant|p1a: Magearna|flinch\n|\n|upkeep\n|turn|22\n|\n|switch|p2a: Reliable|Tornadus-Therian, M|99\/100\n|-damage|p2a: Reliable|74\/100|[from] Stealth Rock\n|move|p1a: Magearna|Fleur Cannon|p2a: Reliable|[miss]\n|-miss|p1a: Magearna|p2a: Reliable\n|\n|-fieldend|move: Electric Terrain\n|upkeep\n|turn|23\n|c|#moondazing|aww\n|\n|move|p1a: Magearna|Fleur Cannon|p2a: Reliable\n|-damage|p2a: Reliable|0 fnt\n|-unboost|p1a: Magearna|spa|2\n|faint|p2a: Reliable\n|-ability|p1a: Magearna|Soul-Heart|boost\n|-boost|p1a: Magearna|spa|1\n|\n|upkeep\n|c|+Punchshroom|tfw missing backfires\n|c| using_namespace|shucks\n|c|+Punchshroom|oh nvm he just went for it again\n|\n|switch|p2a: Arceus|Arceus-Bug|100\/100\n|-damage|p2a: Arceus|76\/100|[from] Stealth Rock\n|turn|24\n|\n|move|p1a: Magearna|Calm Mind|p1a: Magearna\n|-boost|p1a: Magearna|spa|1\n|-boost|p1a: Magearna|spd|1\n|move|p2a: Arceus|Swords Dance|p2a: Arceus\n|-boost|p2a: Arceus|atk|2\n|\n|upkeep\n|turn|25\n|j| Mimikyu4Smash\n|l| Mimikyu4Smash\n|l| Spyrodon\n|j| PecFlooo\n|l|\u2606BopHole\n|inactive|BopHole disconnected and has a minute to reconnect!\n|player|p1|\n|j| benJAMIN536\n|j| atha\n|j| spatulakun\n|c|#moondazing|not like this\n|c| using_namespace|noooooo\n|j|\u2606BopHole\n|inactive|BopHole reconnected and has 120 seconds left.\n|player|p1|BopHole|tucker-gen3\n|c| xxxfapgod|o\n|\n|move|p1a: Magearna|Fleur Cannon|p2a: Arceus\n|-damage|p2a: Arceus|0 fnt\n|-unboost|p1a: Magearna|spa|2\n|faint|p2a: Arceus\n|-ability|p1a: Magearna|Soul-Heart|boost\n|-boost|p1a: Magearna|spa|1\n|\n|-sideend|p1: BopHole|Reflect\n|upkeep\n|j| Bloody alfa\n|c|\u2606why addicted|gg\n|c| spatulakun|magearna > arceus\n|c|+Punchshroom|conclusion:\n|c|\u2606BopHole|Gg\n|c|+Punchshroom|BugCeus ain't broken\n|-message|why addicted forfeited.\n|\n|win|BopHole\n","uploadtime":1553452205,"views":41,"p1id":"bophole","p2id":"whyaddicted","formatid":"gen7ou","rating":0,"private":0,"password":null}