{"id":"gen7ou-959248118","p1":"lt64sz prad","p2":"Flashybee","format":"gen7ou","log":"|j|\u2606lt64sz prad\n|j|\u2606Flashybee\n|player|p1|lt64sz prad|5|1572\n|player|p2|Flashybee|70|1634\n|teamsize|p1|6\n|teamsize|p2|6\n|gametype|singles\n|gen|7\n|tier|[Gen 7] OU\n|rated|\n|rule|Sleep Clause Mod: Limit one foe put to sleep\n|rule|Species Clause: Limit one of each Pok\u00e9mon\n|rule|OHKO Clause: OHKO moves are banned\n|rule|Moody Clause: Moody is banned\n|rule|Evasion Moves Clause: Evasion moves are banned\n|rule|Endless Battle Clause: Forcing endless battles is banned\n|rule|HP Percentage Mod: HP is shown in percentages\n|clearpoke\n|poke|p1|Ferrothorn, F|item\n|poke|p1|Heatran, F|item\n|poke|p1|Rotom-Wash|item\n|poke|p1|Latias, F|item\n|poke|p1|Clefable, F|item\n|poke|p1|Landorus-Therian, M|item\n|poke|p2|Empoleon, M|item\n|poke|p2|Kommo-o, M|item\n|poke|p2|Azumarill, M|item\n|poke|p2|Magearna|item\n|poke|p2|Mimikyu, M|item\n|poke|p2|Sceptile, M|item\n|teampreview\n|inactive|Battle timer is ON: inactive players will automatically lose when time's up. (requested by lt64sz prad)\n|\n|start\n|switch|p1a: Ferrothorn|Ferrothorn, F|100\/100\n|switch|p2a: Sceptile|Sceptile, M|100\/100\n|turn|1\n|\n|detailschange|p2a: Sceptile|Sceptile-Mega, M\n|-mega|p2a: Sceptile|Sceptile|Sceptilite\n|move|p2a: Sceptile|Focus Blast|p1a: Ferrothorn|[miss]\n|-miss|p2a: Sceptile|p1a: Ferrothorn\n|move|p1a: Ferrothorn|Stealth Rock|p2a: Sceptile\n|-sidestart|p2: Flashybee|move: Stealth Rock\n|\n|upkeep\n|turn|2\n|\n|move|p2a: Sceptile|Focus Blast|p1a: Ferrothorn\n|-supereffective|p1a: Ferrothorn\n|-damage|p1a: Ferrothorn|44\/100\n|move|p1a: Ferrothorn|Spikes|p2a: Sceptile\n|-sidestart|p2: Flashybee|Spikes\n|\n|-heal|p1a: Ferrothorn|50\/100|[from] item: Leftovers\n|upkeep\n|turn|3\n|\n|switch|p1a: Clefable|Clefable, F|100\/100\n|move|p2a: Sceptile|Focus Blast|p1a: Clefable\n|-resisted|p1a: Clefable\n|-crit|p1a: Clefable\n|-damage|p1a: Clefable|71\/100\n|\n|-heal|p1a: Clefable|77\/100|[from] item: Leftovers\n|upkeep\n|turn|4\n|\n|switch|p2a: Best Defog|Empoleon, M|100\/100\n|-damage|p2a: Best Defog|88\/100|[from] Spikes\n|-damage|p2a: Best Defog|82\/100|[from] Stealth Rock\n|move|p1a: Clefable|Soft-Boiled|p1a: Clefable\n|-heal|p1a: Clefable|100\/100\n|\n|-heal|p2a: Best Defog|88\/100|[from] item: Leftovers\n|upkeep\n|turn|5\n|\n|move|p1a: Clefable|Thunder Wave|p2a: Best Defog|[miss]\n|-miss|p1a: Clefable|p2a: Best Defog\n|move|p2a: Best Defog|Defog|p1a: Clefable\n|-unboost|p1a: Clefable|evasion|1\n|-sideend|p2: Flashybee|Spikes|[from] move: Defog|[of] p2a: Best Defog\n|-sideend|p2: Flashybee|Stealth Rock|[from] move: Defog|[of] p2a: Best Defog\n|\n|-heal|p2a: Best Defog|94\/100|[from] item: Leftovers\n|upkeep\n|turn|6\n|\n|switch|p1a: Ferrothorn|Ferrothorn, F|50\/100\n|move|p2a: Best Defog|Toxic|p1a: Ferrothorn\n|-immune|p1a: Ferrothorn\n|\n|-heal|p2a: Best Defog|100\/100|[from] item: Leftovers\n|-heal|p1a: Ferrothorn|57\/100|[from] item: Leftovers\n|upkeep\n|turn|7\n|\n|switch|p2a: Soul-Heart of Stee|Magearna|100\/100\n|move|p1a: Ferrothorn|Stealth Rock|p2a: Soul-Heart of Stee\n|-sidestart|p2: Flashybee|move: Stealth Rock\n|\n|-heal|p1a: Ferrothorn|63\/100|[from] item: Leftovers\n|upkeep\n|turn|8\n|\n|switch|p1a: Heatran|Heatran, F|100\/100\n|move|p2a: Soul-Heart of Stee|Shift Gear|p2a: Soul-Heart of Stee\n|-boost|p2a: Soul-Heart of Stee|spe|2\n|-boost|p2a: Soul-Heart of Stee|atk|1\n|\n|upkeep\n|turn|9\n|\n|switch|p2a: Best Defog|Empoleon, M|100\/100\n|-damage|p2a: Best Defog|94\/100|[from] Stealth Rock\n|move|p1a: Heatran|Magma Storm|p2a: Best Defog|[miss]\n|-miss|p1a: Heatran|p2a: Best Defog\n|\n|-heal|p2a: Best Defog|100\/100|[from] item: Leftovers\n|upkeep\n|turn|10\n|\n|switch|p1a: Ferrothorn|Ferrothorn, F|63\/100\n|move|p2a: Best Defog|Defog|p1a: Ferrothorn\n|-unboost|p1a: Ferrothorn|evasion|1\n|-sideend|p2: Flashybee|Stealth Rock|[from] move: Defog|[of] p2a: Best Defog\n|\n|-heal|p1a: Ferrothorn|69\/100|[from] item: Leftovers\n|upkeep\n|turn|11\n|\n|switch|p2a: Best Z|Kommo-o, M|100\/100\n|move|p1a: Ferrothorn|Stealth Rock|p2a: Best Z\n|-sidestart|p2: Flashybee|move: Stealth Rock\n|\n|-heal|p1a: Ferrothorn|75\/100|[from] item: Leftovers\n|upkeep\n|turn|12\n|\n|switch|p1a: Clefable|Clefable, F|100\/100\n|move|p2a: Best Z|Substitute|p2a: Best Z\n|-start|p2a: Best Z|Substitute\n|-damage|p2a: Best Z|75\/100\n|\n|upkeep\n|turn|13\n|\n|move|p2a: Best Z|Ice Punch|p1a: Clefable\n|-damage|p1a: Clefable|80\/100\n|move|p1a: Clefable|Moonblast|p2a: Best Z\n|-supereffective|p2a: Best Z\n|-crit|p2a: Best Z\n|-end|p2a: Best Z|Substitute\n|\n|-heal|p1a: Clefable|86\/100|[from] item: Leftovers\n|upkeep\n|turn|14\n|\n|switch|p2a: Drummer|Azumarill, M|100\/100\n|-damage|p2a: Drummer|88\/100|[from] Stealth Rock\n|move|p1a: Clefable|Moonblast|p2a: Drummer\n|-crit|p2a: Drummer\n|-damage|p2a: Drummer|37\/100\n|\n|-heal|p1a: Clefable|92\/100|[from] item: Leftovers\n|-heal|p2a: Drummer|44\/100|[from] item: Leftovers\n|upkeep\n|turn|15\n|\n|move|p2a: Drummer|Protect|p2a: Drummer\n|-singleturn|p2a: Drummer|Protect\n|move|p1a: Clefable|Moonblast|p2a: Drummer\n|-activate|p2a: Drummer|move: Protect\n|\n|-heal|p1a: Clefable|98\/100|[from] item: Leftovers\n|-heal|p2a: Drummer|50\/100|[from] item: Leftovers\n|upkeep\n|turn|16\n|\n|switch|p1a: Rotom|Rotom-Wash|100\/100\n|move|p2a: Drummer|Whirlpool|p1a: Rotom\n|-resisted|p1a: Rotom\n|-damage|p1a: Rotom|97\/100\n|-activate|p1a: Rotom|move: Whirlpool|[of] p2a: Drummer\n|\n|-heal|p2a: Drummer|56\/100|[from] item: Leftovers\n|-damage|p1a: Rotom|84\/100|[from] move: Whirlpool|[partiallytrapped]\n|upkeep\n|turn|17\n|\n|move|p2a: Drummer|Protect|p2a: Drummer\n|-singleturn|p2a: Drummer|Protect\n|move|p1a: Rotom|Volt Switch|p2a: Drummer\n|-activate|p2a: Drummer|move: Protect\n|\n|-heal|p2a: Drummer|62\/100|[from] item: Leftovers\n|-damage|p1a: Rotom|72\/100|[from] move: Whirlpool|[partiallytrapped]\n|upkeep\n|turn|18\n|\n|switch|p2a: Sceptile|Sceptile-Mega, M|100\/100\n|-damage|p2a: Sceptile|88\/100|[from] Stealth Rock\n|move|p1a: Rotom|Hydro Pump|p2a: Sceptile\n|-resisted|p2a: Sceptile\n|-damage|p2a: Sceptile|74\/100\n|\n|-end|p1a: Rotom|Whirlpool|[partiallytrapped]|[silent]\n|upkeep\n|turn|19\n|\n|switch|p1a: Ferrothorn|Ferrothorn, F|75\/100\n|move|p2a: Sceptile|Leaf Storm|p1a: Ferrothorn\n|-resisted|p1a: Ferrothorn\n|-damage|p1a: Ferrothorn|63\/100\n|-unboost|p2a: Sceptile|spa|2\n|\n|-heal|p1a: Ferrothorn|70\/100|[from] item: Leftovers\n|upkeep\n|turn|20\n|\n|switch|p2a: Drummer|Azumarill, M|62\/100\n|-damage|p2a: Drummer|50\/100|[from] Stealth Rock\n|move|p1a: Ferrothorn|Leech Seed|p2a: Drummer\n|-ability|p2a: Drummer|Sap Sipper|boost\n|-boost|p2a: Drummer|atk|1\n|\n|-heal|p2a: Drummer|56\/100|[from] item: Leftovers\n|-heal|p1a: Ferrothorn|76\/100|[from] item: Leftovers\n|upkeep\n|turn|21\n|\n|switch|p1a: Rotom|Rotom-Wash|72\/100\n|move|p2a: Drummer|Whirlpool|p1a: Rotom\n|-resisted|p1a: Rotom\n|-damage|p1a: Rotom|68\/100\n|-activate|p1a: Rotom|move: Whirlpool|[of] p2a: Drummer\n|\n|-heal|p2a: Drummer|62\/100|[from] item: Leftovers\n|-damage|p1a: Rotom|55\/100|[from] move: Whirlpool|[partiallytrapped]\n|upkeep\n|turn|22\n|\n|move|p2a: Drummer|Protect|p2a: Drummer\n|-singleturn|p2a: Drummer|Protect\n|move|p1a: Rotom|Volt Switch|p2a: Drummer\n|-activate|p2a: Drummer|move: Protect\n|\n|-heal|p2a: Drummer|68\/100|[from] item: Leftovers\n|-damage|p1a: Rotom|43\/100|[from] move: Whirlpool|[partiallytrapped]\n|upkeep\n|turn|23\n|\n|switch|p2a: Sceptile|Sceptile-Mega, M|74\/100\n|-damage|p2a: Sceptile|61\/100|[from] Stealth Rock\n|move|p1a: Rotom|Volt Switch|p2a: Sceptile\n|-ability|p2a: Sceptile|Lightning Rod|boost\n|-boost|p2a: Sceptile|spa|1\n|\n|-end|p1a: Rotom|Whirlpool|[partiallytrapped]|[silent]\n|upkeep\n|turn|24\n|\n|switch|p1a: Landorus|Landorus-Therian, M|100\/100\n|-ability|p1a: Landorus|Intimidate|boost\n|-unboost|p2a: Sceptile|atk|1\n|move|p2a: Sceptile|Focus Blast|p1a: Landorus\n|-resisted|p1a: Landorus\n|-damage|p1a: Landorus|55\/100\n|\n|upkeep\n|turn|25\n|\n|switch|p2a: Ragdoll|Mimikyu, M|100\/100\n|-damage|p2a: Ragdoll|88\/100|[from] Stealth Rock\n|move|p1a: Landorus|U-turn|p2a: Ragdoll\n|-activate|p2a: Ragdoll|ability: Disguise\n|-damage|p2a: Ragdoll|88\/100\n|detailschange|p2a: Ragdoll|Mimikyu-Busted, M\n|\n|switch|p1a: Heatran|Heatran, F|100\/100|[from]move: U-turn\n|\n|upkeep\n|turn|26\n|\n|move|p2a: Ragdoll|Shadow Claw|p1a: Heatran\n|-damage|p1a: Heatran|69\/100\n|-damage|p2a: Ragdoll|78\/100|[from] item: Life Orb\n|move|p1a: Heatran|Magma Storm|p2a: Ragdoll\n|-damage|p2a: Ragdoll|25\/100\n|-activate|p2a: Ragdoll|move: Magma Storm|[of] p1a: Heatran\n|\n|-heal|p1a: Heatran|75\/100|[from] item: Leftovers\n|-damage|p2a: Ragdoll|13\/100|[from] move: Magma Storm|[partiallytrapped]\n|upkeep\n|turn|27\n|\n|move|p1a: Heatran|Protect|p1a: Heatran\n|-singleturn|p1a: Heatran|Protect\n|move|p2a: Ragdoll|Shadow Claw|p1a: Heatran\n|-activate|p1a: Heatran|move: Protect\n|\n|-heal|p1a: Heatran|81\/100|[from] item: Leftovers\n|-damage|p2a: Ragdoll|1\/100|[from] move: Magma Storm|[partiallytrapped]\n|upkeep\n|turn|28\n|\n|switch|p1a: Ferrothorn|Ferrothorn, F|76\/100\n|move|p2a: Ragdoll|Shadow Claw|p1a: Ferrothorn\n|-damage|p1a: Ferrothorn|46\/100\n|-damage|p2a: Ragdoll|0 fnt|[from] ability: Iron Barbs|[of] p1a: Ferrothorn\n|faint|p2a: Ragdoll\n|\n|-heal|p1a: Ferrothorn|52\/100|[from] item: Leftovers\n|upkeep\n|\n|switch|p2a: Drummer|Azumarill, M|68\/100\n|-damage|p2a: Drummer|56\/100|[from] Stealth Rock\n|turn|29\n|\n|switch|p1a: Rotom|Rotom-Wash|43\/100\n|move|p2a: Drummer|Whirlpool|p1a: Rotom|[miss]\n|-miss|p2a: Drummer|p1a: Rotom\n|\n|-heal|p2a: Drummer|62\/100|[from] item: Leftovers\n|upkeep\n|turn|30\n|\n|move|p2a: Drummer|Protect|p2a: Drummer\n|-singleturn|p2a: Drummer|Protect\n|move|p1a: Rotom|Hydro Pump|p2a: Drummer\n|-activate|p2a: Drummer|move: Protect\n|\n|-heal|p2a: Drummer|68\/100|[from] item: Leftovers\n|upkeep\n|turn|31\n|\n|move|p1a: Rotom|Hydro Pump|p2a: Drummer\n|-resisted|p2a: Drummer\n|-damage|p2a: Drummer|49\/100\n|move|p2a: Drummer|Whirlpool|p1a: Rotom\n|-resisted|p1a: Rotom\n|-damage|p1a: Rotom|39\/100\n|-activate|p1a: Rotom|move: Whirlpool|[of] p2a: Drummer\n|\n|-heal|p2a: Drummer|55\/100|[from] item: Leftovers\n|-damage|p1a: Rotom|26\/100|[from] move: Whirlpool|[partiallytrapped]\n|upkeep\n|turn|32\n|\n|move|p2a: Drummer|Protect|p2a: Drummer\n|-singleturn|p2a: Drummer|Protect\n|move|p1a: Rotom|Volt Switch|p2a: Drummer\n|-activate|p2a: Drummer|move: Protect\n|\n|-heal|p2a: Drummer|61\/100|[from] item: Leftovers\n|-damage|p1a: Rotom|14\/100|[from] move: Whirlpool|[partiallytrapped]\n|upkeep\n|turn|33\n|\n|switch|p2a: Sceptile|Sceptile-Mega, M|61\/100\n|-damage|p2a: Sceptile|49\/100|[from] Stealth Rock\n|move|p1a: Rotom|Pain Split|p2a: Sceptile\n|-sethp|p2a: Sceptile|32\/100|[from] move: Pain Split|[silent]\n|-sethp|p1a: Rotom|29\/100|[from] move: Pain Split\n|\n|-end|p1a: Rotom|Whirlpool|[partiallytrapped]|[silent]\n|upkeep\n|turn|34\n|\n|switch|p1a: Latias|Latias, F|100\/100\n|move|p2a: Sceptile|Leaf Storm|p1a: Latias\n|-resisted|p1a: Latias\n|-damage|p1a: Latias|75\/100\n|-unboost|p2a: Sceptile|spa|2\n|\n|upkeep\n|turn|35\n|\n|switch|p2a: Soul-Heart of Stee|Magearna|100\/100\n|-damage|p2a: Soul-Heart of Stee|95\/100|[from] Stealth Rock\n|switch|p1a: Heatran|Heatran, F|81\/100\n|\n|-heal|p1a: Heatran|88\/100|[from] item: Leftovers\n|upkeep\n|turn|36\n|\n|switch|p2a: Best Defog|Empoleon, M|100\/100\n|-damage|p2a: Best Defog|94\/100|[from] Stealth Rock\n|move|p1a: Heatran|Magma Storm|p2a: Best Defog|[miss]\n|-miss|p1a: Heatran|p2a: Best Defog\n|\n|-heal|p1a: Heatran|94\/100|[from] item: Leftovers\n|-heal|p2a: Best Defog|100\/100|[from] item: Leftovers\n|upkeep\n|turn|37\n|\n|switch|p1a: Ferrothorn|Ferrothorn, F|52\/100\n|move|p2a: Best Defog|Defog|p1a: Ferrothorn\n|-unboost|p1a: Ferrothorn|evasion|1\n|-sideend|p2: Flashybee|Stealth Rock|[from] move: Defog|[of] p2a: Best Defog\n|\n|-heal|p1a: Ferrothorn|58\/100|[from] item: Leftovers\n|upkeep\n|turn|38\n|\n|switch|p2a: Drummer|Azumarill, M|61\/100\n|move|p1a: Ferrothorn|Stealth Rock|p2a: Drummer\n|-sidestart|p2: Flashybee|move: Stealth Rock\n|\n|-heal|p2a: Drummer|68\/100|[from] item: Leftovers\n|-heal|p1a: Ferrothorn|65\/100|[from] item: Leftovers\n|upkeep\n|turn|39\n|inactive|lt64sz prad has 120 seconds left.\n|\n|switch|p1a: Rotom|Rotom-Wash|29\/100\n|move|p2a: Drummer|Whirlpool|p1a: Rotom\n|-resisted|p1a: Rotom\n|-damage|p1a: Rotom|26\/100\n|-activate|p1a: Rotom|move: Whirlpool|[of] p2a: Drummer\n|\n|-heal|p2a: Drummer|74\/100|[from] item: Leftovers\n|-damage|p1a: Rotom|13\/100|[from] move: Whirlpool|[partiallytrapped]\n|upkeep\n|turn|40\n|\n|move|p2a: Drummer|Protect|p2a: Drummer\n|-singleturn|p2a: Drummer|Protect\n|move|p1a: Rotom|Volt Switch|p2a: Drummer\n|-activate|p2a: Drummer|move: Protect\n|\n|-heal|p2a: Drummer|80\/100|[from] item: Leftovers\n|-damage|p1a: Rotom|1\/100|[from] move: Whirlpool|[partiallytrapped]\n|upkeep\n|turn|41\n|inactive|lt64sz prad has 120 seconds left.\n|\n|switch|p2a: Sceptile|Sceptile-Mega, M|32\/100\n|-damage|p2a: Sceptile|19\/100|[from] Stealth Rock\n|move|p1a: Rotom|Pain Split|p2a: Sceptile\n|-sethp|p2a: Sceptile|10\/100|[from] move: Pain Split|[silent]\n|-sethp|p1a: Rotom|9\/100|[from] move: Pain Split\n|\n|-end|p1a: Rotom|Whirlpool|[partiallytrapped]|[silent]\n|upkeep\n|turn|42\n|inactive|lt64sz prad has 120 seconds left.\n|\n|switch|p1a: Ferrothorn|Ferrothorn, F|65\/100\n|move|p2a: Sceptile|Dragon Pulse|p1a: Ferrothorn\n|-resisted|p1a: Ferrothorn\n|-damage|p1a: Ferrothorn|49\/100\n|\n|-heal|p1a: Ferrothorn|56\/100|[from] item: Leftovers\n|upkeep\n|turn|43\n|\n|switch|p1a: Clefable|Clefable, F|98\/100\n|move|p2a: Sceptile|Focus Blast|p1a: Clefable|[miss]\n|-miss|p2a: Sceptile|p1a: Clefable\n|\n|-heal|p1a: Clefable|100\/100|[from] item: Leftovers\n|upkeep\n|turn|44\n|\n|switch|p2a: Best Defog|Empoleon, M|100\/100\n|-damage|p2a: Best Defog|94\/100|[from] Stealth Rock\n|switch|p1a: Heatran|Heatran, F|94\/100\n|\n|-heal|p1a: Heatran|99\/100|[from] item: Leftovers\n|-heal|p2a: Best Defog|100\/100|[from] item: Leftovers\n|upkeep\n|turn|45\n|\n|move|p1a: Heatran|Magma Storm|p2a: Best Defog\n|-damage|p2a: Best Defog|59\/100\n|-activate|p2a: Best Defog|move: Magma Storm|[of] p1a: Heatran\n|move|p2a: Best Defog|Defog|p1a: Heatran\n|-unboost|p1a: Heatran|evasion|1\n|-sideend|p2: Flashybee|Stealth Rock|[from] move: Defog|[of] p2a: Best Defog\n|\n|-heal|p1a: Heatran|100\/100|[from] item: Leftovers\n|-heal|p2a: Best Defog|65\/100|[from] item: Leftovers\n|-damage|p2a: Best Defog|53\/100|[from] move: Magma Storm|[partiallytrapped]\n|upkeep\n|turn|46\n|\n|move|p1a: Heatran|Earth Power|p2a: Best Defog\n|-supereffective|p2a: Best Defog\n|-damage|p2a: Best Defog|3\/100\n|move|p2a: Best Defog|Roar|p1a: Heatran\n|drag|p1a: Ferrothorn|Ferrothorn, F|56\/100\n|\n|-heal|p2a: Best Defog|9\/100|[from] item: Leftovers\n|-heal|p1a: Ferrothorn|62\/100|[from] item: Leftovers\n|-end|p2a: Best Defog|Magma Storm|[partiallytrapped]|[silent]\n|upkeep\n|turn|47\n|\n|switch|p2a: Drummer|Azumarill, M|80\/100\n|move|p1a: Ferrothorn|Stealth Rock|p2a: Drummer\n|-sidestart|p2: Flashybee|move: Stealth Rock\n|\n|-heal|p2a: Drummer|86\/100|[from] item: Leftovers\n|-heal|p1a: Ferrothorn|68\/100|[from] item: Leftovers\n|upkeep\n|turn|48\n|\n|move|p2a: Drummer|Whirlpool|p1a: Ferrothorn\n|-resisted|p1a: Ferrothorn\n|-crit|p1a: Ferrothorn\n|-damage|p1a: Ferrothorn|65\/100\n|-activate|p1a: Ferrothorn|move: Whirlpool|[of] p2a: Drummer\n|move|p1a: Ferrothorn|Spikes|p2a: Drummer\n|-sidestart|p2: Flashybee|Spikes\n|\n|-heal|p2a: Drummer|92\/100|[from] item: Leftovers\n|-heal|p1a: Ferrothorn|71\/100|[from] item: Leftovers\n|-damage|p1a: Ferrothorn|58\/100|[from] move: Whirlpool|[partiallytrapped]\n|upkeep\n|turn|49\n|\n|move|p2a: Drummer|Perish Song|p2a: Drummer\n|-start|p1a: Ferrothorn|perish3|[silent]\n|-start|p2a: Drummer|perish3|[silent]\n|-fieldactivate|move: Perish Song\n|move|p1a: Ferrothorn|Spikes|p2a: Drummer\n|-sidestart|p2: Flashybee|Spikes\n|\n|-heal|p2a: Drummer|99\/100|[from] item: Leftovers\n|-heal|p1a: Ferrothorn|65\/100|[from] item: Leftovers\n|-damage|p1a: Ferrothorn|52\/100|[from] move: Whirlpool|[partiallytrapped]\n|-start|p2a: Drummer|perish3\n|-start|p1a: Ferrothorn|perish3\n|upkeep\n|turn|50\n|\n|move|p2a: Drummer|Protect|p2a: Drummer\n|-singleturn|p2a: Drummer|Protect\n|move|p1a: Ferrothorn|Spikes|p2a: Drummer\n|-sidestart|p2: Flashybee|Spikes\n|\n|-heal|p2a: Drummer|100\/100|[from] item: Leftovers\n|-heal|p1a: Ferrothorn|58\/100|[from] item: Leftovers\n|-damage|p1a: Ferrothorn|46\/100|[from] move: Whirlpool|[partiallytrapped]\n|-start|p2a: Drummer|perish2\n|-start|p1a: Ferrothorn|perish2\n|upkeep\n|turn|51\n|\n|move|p2a: Drummer|Protect||[still]\n|-fail|p2a: Drummer\n|move|p1a: Ferrothorn|Leech Seed|p2a: Drummer\n|-ability|p2a: Drummer|Sap Sipper|boost\n|-boost|p2a: Drummer|atk|1\n|\n|-heal|p1a: Ferrothorn|52\/100|[from] item: Leftovers\n|-damage|p1a: Ferrothorn|40\/100|[from] move: Whirlpool|[partiallytrapped]\n|-start|p2a: Drummer|perish1\n|-start|p1a: Ferrothorn|perish1\n|upkeep\n|turn|52\n|\n|switch|p2a: Best Defog|Empoleon, M|9\/100\n|-damage|p2a: Best Defog|0 fnt|[from] Spikes\n|faint|p2a: Best Defog\n|move|p1a: Ferrothorn|Leech Seed|p2: Best Defog|[notarget]\n|-fail|p1a: Ferrothorn\n|\n|-heal|p1a: Ferrothorn|46\/100|[from] item: Leftovers\n|-end|p1a: Ferrothorn|Whirlpool|[partiallytrapped]\n|-start|p1a: Ferrothorn|perish0\n|upkeep\n|faint|p1a: Ferrothorn\n|\n|switch|p2a: Sceptile|Sceptile-Mega, M|10\/100\n|switch|p1a: Landorus|Landorus-Therian, M|55\/100\n|-ability|p1a: Landorus|Intimidate|boost\n|-unboost|p2a: Sceptile|atk|1\n|-damage|p2a: Sceptile|0 fnt|[from] Stealth Rock\n|faint|p2a: Sceptile\n|c|\u2606lt64sz prad|get fked\n|c|\u2606Flashybee|lol\n|\n|switch|p2a: Drummer|Azumarill, M|100\/100\n|-damage|p2a: Drummer|88\/100|[from] Stealth Rock\n|-damage|p2a: Drummer|63\/100|[from] Spikes\n|turn|53\n|c|\u2606lt64sz prad|what an ezz ass match\n|\n|move|p1a: Landorus|Earthquake|p2a: Drummer\n|-damage|p2a: Drummer|21\/100\n|move|p2a: Drummer|Whirlpool|p1a: Landorus\n|-supereffective|p1a: Landorus\n|-damage|p1a: Landorus|37\/100\n|-activate|p1a: Landorus|move: Whirlpool|[of] p2a: Drummer\n|\n|-heal|p2a: Drummer|27\/100|[from] item: Leftovers\n|-damage|p1a: Landorus|25\/100|[from] move: Whirlpool|[partiallytrapped]\n|upkeep\n|turn|54\n|c|\u2606Flashybee|:D\n|c|\u2606Flashybee|you did play really well\n|c|\u2606Flashybee|nice\n|\n|move|p2a: Drummer|Protect|p2a: Drummer\n|-singleturn|p2a: Drummer|Protect\n|move|p1a: Landorus|Earthquake|p2a: Drummer\n|-activate|p2a: Drummer|move: Protect\n|\n|-heal|p2a: Drummer|33\/100|[from] item: Leftovers\n|-damage|p1a: Landorus|13\/100|[from] move: Whirlpool|[partiallytrapped]\n|upkeep\n|turn|55\n|\n|move|p2a: Drummer|Protect|p2a: Drummer\n|-singleturn|p2a: Drummer|Protect\n|move|p1a: Landorus|Earthquake|p2a: Drummer\n|-activate|p2a: Drummer|move: Protect\n|\n|-heal|p2a: Drummer|39\/100|[from] item: Leftovers\n|-damage|p1a: Landorus|1\/100|[from] move: Whirlpool|[partiallytrapped]\n|upkeep\n|turn|56\n|\n|move|p2a: Drummer|Protect||[still]\n|-fail|p2a: Drummer\n|move|p1a: Landorus|Earthquake|p2a: Drummer\n|-damage|p2a: Drummer|1\/100\n|\n|-heal|p2a: Drummer|7\/100|[from] item: Leftovers\n|-damage|p1a: Landorus|0 fnt|[from] move: Whirlpool|[partiallytrapped]\n|faint|p1a: Landorus\n|upkeep\n|\n|switch|p1a: Rotom|Rotom-Wash|9\/100\n|turn|57\n|\n|move|p2a: Drummer|Protect|p2a: Drummer\n|-singleturn|p2a: Drummer|Protect\n|move|p1a: Rotom|Volt Switch|p2a: Drummer\n|-activate|p2a: Drummer|move: Protect\n|\n|-heal|p2a: Drummer|13\/100|[from] item: Leftovers\n|upkeep\n|turn|58\n|\n|move|p1a: Rotom|Volt Switch|p2a: Drummer\n|-supereffective|p2a: Drummer\n|-damage|p2a: Drummer|0 fnt\n|faint|p2a: Drummer\n|\n|switch|p1a: Heatran|Heatran, F|100\/100|[from]move: Volt Switch\n|\n|upkeep\n|\n|switch|p2a: Best Z|Kommo-o, M|75\/100\n|-damage|p2a: Best Z|50\/100|[from] Spikes\n|-damage|p2a: Best Z|44\/100|[from] Stealth Rock\n|turn|59\n|\n|switch|p1a: Clefable|Clefable, F|100\/100\n|move|p2a: Best Z|Drain Punch|p1a: Clefable\n|-resisted|p1a: Clefable\n|-damage|p1a: Clefable|86\/100\n|-heal|p2a: Best Z|54\/100|[from] drain|[of] p1a: Clefable\n|\n|-heal|p1a: Clefable|92\/100|[from] item: Leftovers\n|upkeep\n|turn|60\n|\n|move|p2a: Best Z|Ice Punch|p1a: Clefable\n|-damage|p1a: Clefable|73\/100\n|move|p1a: Clefable|Moonblast|p2a: Best Z\n|-supereffective|p2a: Best Z\n|-damage|p2a: Best Z|0 fnt\n|faint|p2a: Best Z\n|\n|-heal|p1a: Clefable|79\/100|[from] item: Leftovers\n|upkeep\n|\n|switch|p2a: Soul-Heart of Stee|Magearna|95\/100\n|-damage|p2a: Soul-Heart of Stee|89\/100|[from] Stealth Rock\n|-damage|p2a: Soul-Heart of Stee|64\/100|[from] Spikes\n|turn|61\n|\n|move|p2a: Soul-Heart of Stee|Calm Mind|p2a: Soul-Heart of Stee\n|-boost|p2a: Soul-Heart of Stee|spa|1\n|-boost|p2a: Soul-Heart of Stee|spd|1\n|move|p1a: Clefable|Thunder Wave|p2a: Soul-Heart of Stee\n|-status|p2a: Soul-Heart of Stee|par\n|\n|-heal|p1a: Clefable|85\/100|[from] item: Leftovers\n|upkeep\n|turn|62\n|\n|switch|p1a: Heatran|Heatran, F|100\/100\n|move|p2a: Soul-Heart of Stee|Calm Mind|p2a: Soul-Heart of Stee\n|-boost|p2a: Soul-Heart of Stee|spa|1\n|-boost|p2a: Soul-Heart of Stee|spd|1\n|\n|upkeep\n|turn|63\n|\n|move|p1a: Heatran|Magma Storm|p2a: Soul-Heart of Stee\n|-supereffective|p2a: Soul-Heart of Stee\n|-damage|p2a: Soul-Heart of Stee|20\/100 par\n|-activate|p2a: Soul-Heart of Stee|move: Magma Storm|[of] p1a: Heatran\n|move|p2a: Soul-Heart of Stee|Shift Gear|p2a: Soul-Heart of Stee\n|-boost|p2a: Soul-Heart of Stee|spe|2\n|-boost|p2a: Soul-Heart of Stee|atk|1\n|\n|-damage|p2a: Soul-Heart of Stee|8\/100 par|[from] move: Magma Storm|[partiallytrapped]\n|upkeep\n|turn|64\n|c|\u2606Flashybee|gg\n|c|\u2606Flashybee|wp\n|\n|move|p1a: Heatran|Protect|p1a: Heatran\n|-singleturn|p1a: Heatran|Protect\n|-zpower|p2a: Soul-Heart of Stee\n|move|p2a: Soul-Heart of Stee|Twinkle Tackle|p1a: Heatran|[zeffect]\n|-resisted|p1a: Heatran\n|-zbroken|p1a: Heatran\n|-damage|p1a: Heatran|91\/100\n|\n|-heal|p1a: Heatran|97\/100|[from] item: Leftovers\n|-damage|p2a: Soul-Heart of Stee|0 fnt|[from] move: Magma Storm|[partiallytrapped]\n|faint|p2a: Soul-Heart of Stee\n|\n|win|lt64sz prad\n|upkeep\n","uploadtime":1565628239,"views":3,"p1id":"lt64szprad","p2id":"flashybee","formatid":"gen7ou","rating":0,"private":0,"password":null}