{"id":"gen7randombattle-1578825715","p1":"triss merigold 14","p2":"firepunch917","format":"gen7randombattle","log":"|j|\u2606triss merigold 14\n|j|\u2606firepunch917\n|t:|1653029412\n|gametype|singles\n|player|p1|triss merigold 14|101|1695\n|player|p2|firepunch917|102|1808\n|teamsize|p1|6\n|teamsize|p2|6\n|gen|7\n|tier|[Gen 7] Random Battle\n|rated|\n|rule|Sleep Clause Mod: Limit one foe put to sleep\n|rule|HP Percentage Mod: HP is shown in percentages\n|\n|t:|1653029412\n|start\n|switch|p1a: Octillery|Octillery, L88, F|275\/275\n|switch|p2a: Rotom|Rotom, L86|226\/226\n|turn|1\n|\n|t:|1653029434\n|move|p2a: Rotom|Volt Switch|p1a: Octillery\n|-supereffective|p1a: Octillery\n|-damage|p1a: Octillery|113\/275\n|inactive|Battle timer is ON: inactive players will automatically lose when time's up. (requested by triss merigold 14)\n|\n|t:|1653029437\n|switch|p2a: Ninetales|Ninetales, L84, F|259\/259\n|-weather|SunnyDay|[from] ability: Drought|[of] p2a: Ninetales\n|move|p1a: Octillery|Scald|p2a: Ninetales\n|-supereffective|p2a: Ninetales\n|-damage|p2a: Ninetales|141\/259\n|\n|-weather|SunnyDay|[upkeep]\n|-heal|p2a: Ninetales|157\/259|[from] item: Leftovers\n|upkeep\n|turn|2\n|\n|t:|1653029449\n|switch|p1a: Arceus|Arceus-Bug, L76|307\/307\n|move|p2a: Ninetales|Solar Beam||[still]\n|-prepare|p2a: Ninetales|Solar Beam\n|-anim|p2a: Ninetales|Solar Beam|p1a: Arceus\n|-resisted|p1a: Arceus\n|-crit|p1a: Arceus\n|-damage|p1a: Arceus|257\/307\n|\n|-weather|SunnyDay|[upkeep]\n|-heal|p2a: Ninetales|173\/259|[from] item: Leftovers\n|upkeep\n|turn|3\n|inactive|firepunch917 has 120 seconds left.\n|\n|t:|1653029506\n|switch|p1a: Octillery|Octillery, L88, F|113\/275\n|move|p2a: Ninetales|Fire Blast|p1a: Octillery\n|-resisted|p1a: Octillery\n|-damage|p1a: Octillery|29\/275\n|\n|-weather|SunnyDay|[upkeep]\n|-heal|p2a: Ninetales|189\/259|[from] item: Leftovers\n|upkeep\n|turn|4\n|\n|t:|1653029514\n|move|p2a: Ninetales|Solar Beam||[still]\n|-prepare|p2a: Ninetales|Solar Beam\n|-anim|p2a: Ninetales|Solar Beam|p1a: Octillery\n|-supereffective|p1a: Octillery\n|-damage|p1a: Octillery|0 fnt\n|faint|p1a: Octillery\n|\n|-weather|SunnyDay|[upkeep]\n|-heal|p2a: Ninetales|205\/259|[from] item: Leftovers\n|upkeep\n|\n|t:|1653029524\n|switch|p1a: Mienshao|Mienshao, L84, M|246\/246\n|turn|5\n|\n|t:|1653029542\n|move|p1a: Mienshao|Fake Out|p2a: Ninetales\n|-crit|p2a: Ninetales\n|-damage|p2a: Ninetales|130\/259\n|-damage|p1a: Mienshao|222\/246|[from] item: Life Orb\n|cant|p2a: Ninetales|flinch\n|\n|-weather|none\n|-heal|p2a: Ninetales|146\/259|[from] item: Leftovers\n|upkeep\n|turn|6\n|\n|t:|1653029553\n|move|p1a: Mienshao|Knock Off|p2a: Ninetales\n|-damage|p2a: Ninetales|24\/259\n|-enditem|p2a: Ninetales|Leftovers|[from] move: Knock Off|[of] p1a: Mienshao\n|-damage|p1a: Mienshao|198\/246|[from] item: Life Orb\n|move|p2a: Ninetales|Will-O-Wisp|p1a: Mienshao\n|-status|p1a: Mienshao|brn\n|\n|-damage|p1a: Mienshao|183\/246 brn|[from] brn\n|upkeep\n|turn|7\n|\n|t:|1653029563\n|move|p1a: Mienshao|Knock Off|p2a: Ninetales\n|-damage|p2a: Ninetales|0 fnt\n|faint|p2a: Ninetales\n|-damage|p1a: Mienshao|159\/246 brn|[from] item: Life Orb\n|\n|-damage|p1a: Mienshao|144\/246 brn|[from] brn\n|upkeep\n|inactive|firepunch917 has 120 seconds left.\n|\n|t:|1653029568\n|switch|p2a: Toucannon|Toucannon, L88, M|283\/283\n|turn|8\n|inactive|triss merigold 14 has 120 seconds left.\n|\n|t:|1653029600\n|move|p1a: Mienshao|High Jump Kick|p2a: Toucannon|[miss]\n|-miss|p1a: Mienshao|p2a: Toucannon\n|-damage|p1a: Mienshao|21\/246 brn|[from] highjumpkick\n|move|p2a: Toucannon|Boomburst|p1a: Mienshao\n|-damage|p1a: Mienshao|0 fnt\n|faint|p1a: Mienshao\n|-damage|p2a: Toucannon|255\/283|[from] item: Life Orb\n|\n|upkeep\n|inactive|triss merigold 14 has 120 seconds left.\n|\n|t:|1653029610\n|switch|p1a: Starmie|Starmie, L82|233\/233\n|turn|9\n|\n|t:|1653029621\n|switch|p2a: Type: Null|Type: Null, L88|310\/310\n|move|p1a: Starmie|Ice Beam|p2a: Type: Null\n|-damage|p2a: Type: Null|235\/310\n|\n|upkeep\n|turn|10\n|\n|t:|1653029637\n|switch|p1a: Kommo-o|Kommo-o, L80, M|251\/251\n|move|p2a: Type: Null|Swords Dance|p2a: Type: Null\n|-boost|p2a: Type: Null|atk|2\n|\n|upkeep\n|turn|11\n|inactive|triss merigold 14 has 120 seconds left.\n|inactive|firepunch917 has 120 seconds left.\n|inactive|firepunch917 has 90 seconds left.\n|\n|t:|1653029699\n|move|p1a: Kommo-o|Dragon Dance|p1a: Kommo-o\n|-boost|p1a: Kommo-o|atk|1\n|-boost|p1a: Kommo-o|spe|1\n|move|p2a: Type: Null|Return|p1a: Kommo-o\n|-damage|p1a: Kommo-o|71\/251\n|\n|upkeep\n|turn|12\n|inactive|firepunch917 has 90 seconds left.\n|\n|t:|1653029711\n|move|p1a: Kommo-o|Close Combat|p2a: Type: Null\n|-supereffective|p2a: Type: Null\n|-damage|p2a: Type: Null|1\/310\n|-unboost|p1a: Kommo-o|def|1\n|-unboost|p1a: Kommo-o|spd|1\n|move|p2a: Type: Null|Return|p1a: Kommo-o\n|-damage|p1a: Kommo-o|0 fnt\n|faint|p1a: Kommo-o\n|\n|upkeep\n|\n|t:|1653029726\n|switch|p1a: Arceus|Arceus-Bug, L76|257\/307\n|turn|13\n|\n|t:|1653029733\n|move|p1a: Arceus|X-Scissor|p2a: Type: Null\n|-damage|p2a: Type: Null|0 fnt\n|faint|p2a: Type: Null\n|\n|upkeep\n|\n|t:|1653029736\n|switch|p2a: Toucannon|Toucannon, L88, M|255\/283\n|turn|14\n|inactive|triss merigold 14 has 120 seconds left.\n|\n|t:|1653029745\n|switch|p1a: Starmie|Starmie, L82|233\/233\n|-singleturn|p2a: Toucannon|move: Beak Blast\n|move|p2a: Toucannon|Beak Blast|p1a: Starmie\n|-damage|p1a: Starmie|37\/233\n|-damage|p2a: Toucannon|227\/283|[from] item: Life Orb\n|\n|upkeep\n|turn|15\n|inactive|firepunch917 has 120 seconds left.\n|\n|t:|1653029763\n|move|p1a: Starmie|Ice Beam|p2a: Toucannon\n|-supereffective|p2a: Toucannon\n|-damage|p2a: Toucannon|17\/283\n|move|p2a: Toucannon|Bullet Seed|p1a: Starmie\n|-supereffective|p1a: Starmie\n|-damage|p1a: Starmie|0 fnt\n|faint|p1a: Starmie\n|-hitcount|p1: Starmie|1\n|-damage|p2a: Toucannon|0 fnt|[from] item: Life Orb\n|faint|p2a: Toucannon\n|\n|upkeep\n|inactive|triss merigold 14 has 120 seconds left.\n|\n|t:|1653029799\n|switch|p1a: Salazzle|Salazzle, L84, F|251\/251\n|switch|p2a: Rotom|Rotom, L86|226\/226\n|-item|p1a: Salazzle|Air Balloon\n|turn|16\n|inactive|firepunch917 has 120 seconds left.\n|\n|t:|1653029808\n|move|p1a: Salazzle|Nasty Plot|p1a: Salazzle\n|-boost|p1a: Salazzle|spa|2\n|move|p2a: Rotom|Shadow Ball|p1a: Salazzle\n|-damage|p1a: Salazzle|131\/251\n|-enditem|p1a: Salazzle|Air Balloon\n|\n|upkeep\n|turn|17\n|inactive|firepunch917 has 120 seconds left.\n|\n|t:|1653029831\n|move|p1a: Salazzle|Fire Blast|p2a: Rotom\n|-enditem|p2a: Rotom|Focus Sash\n|-damage|p2a: Rotom|1\/226\n|move|p2a: Rotom|Shadow Ball|p1a: Salazzle\n|-damage|p1a: Salazzle|5\/251\n|-unboost|p1a: Salazzle|spd|1\n|\n|upkeep\n|turn|18\n|\n|t:|1653029839\n|move|p1a: Salazzle|Sludge Wave|p2a: Rotom\n|-resisted|p2a: Rotom\n|-damage|p2a: Rotom|0 fnt\n|faint|p2a: Rotom\n|\n|upkeep\n|\n|t:|1653029844\n|switch|p2a: Primeape|Primeape, L88, M|258\/258\n|turn|19\n|\n|t:|1653029850\n|move|p1a: Salazzle|Fire Blast|p2a: Primeape\n|-damage|p2a: Primeape|0 fnt\n|faint|p2a: Primeape\n|\n|upkeep\n|\n|t:|1653029852\n|switch|p2a: Zekrom|Zekrom, L76|277\/277\n|-ability|p2a: Zekrom|Teravolt\n|turn|20\n|\n|t:|1653029859\n|move|p1a: Salazzle|Sludge Wave|p2a: Zekrom\n|-damage|p2a: Zekrom|60\/277\n|move|p2a: Zekrom|Bolt Strike|p1a: Salazzle\n|-damage|p1a: Salazzle|0 fnt\n|faint|p1a: Salazzle\n|\n|upkeep\n|\n|t:|1653029865\n|switch|p1a: Arceus|Arceus-Bug, L76|257\/307\n|turn|21\n|\n|t:|1653029867\n|move|p1a: Arceus|Earthquake|p2a: Zekrom\n|-supereffective|p2a: Zekrom\n|-damage|p2a: Zekrom|0 fnt\n|faint|p2a: Zekrom\n|\n|win|triss merigold 14\n|raw|triss merigold 14's rating: 1695 &rarr; <strong>1721<\/strong><br \/>(+26 for winning)\n|raw|firepunch917's rating: 1808 &rarr; <strong>1782<\/strong><br \/>(-26 for losing)\n|l|\u2606firepunch917\n","inputlog":">version 4c9e1ae78641d89b360ec25232a65a4f7033f808\n>start {\"formatid\":\"gen7randombattle\",\"seed\":[47881,56747,544,16118],\"rated\":\"Rated battle\"}\n>player p1 {\"name\":\"triss merigold 14\",\"avatar\":\"101\",\"rating\":1695,\"seed\":[6756,23978,28179,4055]}\n>player p2 {\"name\":\"firepunch917\",\"avatar\":\"102\",\"rating\":1808,\"seed\":[64244,40469,30226,65118]}\n>p1 move scald\n>p2 move voltswitch\n>p2 switch 2\n>p1 switch 2\n>p2 move solarbeam\n>p1 switch 2\n>p2 move fireblast\n>p1 move scald\n>p2 move solarbeam\n>p1 switch 4\n>p1 move fakeout\n>p2 move willowisp\n>p1 move knockoff\n>p2 move willowisp\n>p1 move knockoff\n>p2 move fireblast\n>p2 switch 4\n>p1 move highjumpkick\n>p2 move boomburst\n>p1 switch 3\n>p1 move icebeam\n>p2 switch 3\n>p1 switch 6\n>p2 move swordsdance\n>p1 move dragondance\n>p2 move return\n>p1 move closecombat\n>p2 move return\n>p1 switch 2\n>p1 move xscissor\n>p2 move rest\n>p2 switch 3\n>p1 switch 6\n>p2 move beakblast\n>p1 move icebeam\n>p2 move bulletseed\n>p1 switch 5\n>p2 switch 2\n>p1 move nastyplot\n>p2 move shadowball\n>p1 move fireblast\n>p2 move shadowball\n>p1 move sludgewave\n>p2 move shadowball\n>p2 switch 6\n>p1 move fireblast\n>p2 move uturn\n>p2 switch 5\n>p1 move sludgewave\n>p2 move boltstrike\n>p1 switch 6\n>p1 move earthquake\n>p2 move roost","uploadtime":1653029870,"views":6,"p1id":"trissmerigold14","p2id":"firepunch917","formatid":"gen7randombattle","rating":1721,"private":0,"password":null}