{"id":"gen7randombattle-1611662653","p1":"fercarde","p2":"BigWes95","format":"gen7randombattle","log":"|j|\u2606fercarde\n|j|\u2606BigWes95\n|t:|1657130373\n|gametype|singles\n|player|p1|fercarde|101|1586\n|player|p2|BigWes95|lusamine-nihilego|1699\n|teamsize|p1|6\n|teamsize|p2|6\n|gen|7\n|tier|[Gen 7] Random Battle\n|rated|\n|rule|Sleep Clause Mod: Limit one foe put to sleep\n|rule|HP Percentage Mod: HP is shown in percentages\n|rule|Mega Rayquaza Clause: You cannot mega evolve Rayquaza\n|\n|t:|1657130373\n|start\n|switch|p1a: Sceptile|Sceptile, L86, F|261\/261\n|switch|p2a: Kyurem|Kyurem-Black, L80|331\/331\n|-ability|p2a: Kyurem|Teravolt\n|turn|1\n|inactive|Battle timer is ON: inactive players will automatically lose when time's up. (requested by BigWes95)\n|\n|t:|1657130399\n|switch|p1a: Cryogonal|Cryogonal, L88|283\/283\n|move|p2a: Kyurem|Ice Beam|p1a: Cryogonal\n|-resisted|p1a: Cryogonal\n|-damage|p1a: Cryogonal|249\/283\n|\n|-heal|p1a: Cryogonal|266\/283|[from] item: Leftovers\n|upkeep\n|turn|2\n|\n|t:|1657130406\n|switch|p2a: Alakazam|Alakazam, L80, F|219\/219\n|move|p1a: Cryogonal|Toxic|p2a: Alakazam\n|-status|p2a: Alakazam|tox\n|\n|-heal|p1a: Cryogonal|283\/283|[from] item: Leftovers\n|upkeep\n|turn|3\n|\n|t:|1657130414\n|switch|p1a: Drapion|Drapion, L84, M|255\/255\n|move|p2a: Alakazam|Calm Mind|p2a: Alakazam\n|-boost|p2a: Alakazam|spa|1\n|-boost|p2a: Alakazam|spd|1\n|\n|upkeep\n|turn|4\n|\n|t:|1657130421\n|detailschange|p2a: Alakazam|Alakazam-Mega, L80, F\n|-mega|p2a: Alakazam|Alakazam|Alakazite\n|-ability|p2a: Alakazam|Sniper|[from] ability: Trace|[of] p1a: Drapion\n|move|p2a: Alakazam|Focus Blast|p1a: Drapion\n|-damage|p1a: Drapion|36\/255\n|move|p1a: Drapion|Knock Off|p2a: Alakazam\n|-supereffective|p2a: Alakazam\n|-damage|p2a: Alakazam|51\/219 tox\n|\n|-heal|p1a: Drapion|51\/255|[from] item: Black Sludge\n|-damage|p2a: Alakazam|12\/219 tox|[from] psn\n|upkeep\n|turn|5\n|\n|t:|1657130434\n|move|p2a: Alakazam|Shadow Ball|p1a: Drapion\n|-resisted|p1a: Drapion\n|-crit|p1a: Drapion\n|-damage|p1a: Drapion|0 fnt\n|faint|p1a: Drapion\n|\n|-damage|p2a: Alakazam|0 fnt|[from] psn\n|faint|p2a: Alakazam\n|upkeep\n|\n|t:|1657130454\n|switch|p2a: Kingler|Kingler, L88, M|240\/240\n|switch|p1a: Sceptile|Sceptile, L86, F|261\/261\n|turn|6\n|\n|t:|1657130469\n|switch|p2a: Kyurem|Kyurem-Black, L80|331\/331\n|-ability|p2a: Kyurem|Teravolt\n|move|p1a: Sceptile|Focus Blast|p2a: Kyurem\n|-supereffective|p2a: Kyurem\n|-damage|p2a: Kyurem|55\/331\n|-unboost|p2a: Kyurem|spd|1\n|\n|-heal|p2a: Kyurem|75\/331|[from] item: Leftovers\n|upkeep\n|turn|7\n|\n|t:|1657130480\n|switch|p2a: Froslass|Froslass, L82, F|249\/249\n|move|p1a: Sceptile|Focus Blast|p2a: Froslass\n|-immune|p2a: Froslass\n|\n|upkeep\n|turn|8\n|\n|t:|1657130489\n|switch|p1a: Cryogonal|Cryogonal, L88|283\/283\n|switch|p2a: Kyurem|Kyurem-Black, L80|75\/331\n|-ability|p2a: Kyurem|Teravolt\n|\n|-heal|p2a: Kyurem|95\/331|[from] item: Leftovers\n|upkeep\n|turn|9\n|\n|t:|1657130497\n|move|p1a: Cryogonal|Ice Beam|p2a: Kyurem\n|-damage|p2a: Kyurem|0 fnt\n|faint|p2a: Kyurem\n|\n|upkeep\n|\n|t:|1657130504\n|switch|p2a: Kingler|Kingler, L88, M|240\/240\n|turn|10\n|\n|t:|1657130508\n|move|p1a: Cryogonal|Toxic|p2a: Kingler\n|-status|p2a: Kingler|tox\n|move|p2a: Kingler|Superpower|p1a: Cryogonal\n|-supereffective|p1a: Cryogonal\n|-damage|p1a: Cryogonal|0 fnt\n|-unboost|p2a: Kingler|atk|1\n|-unboost|p2a: Kingler|def|1\n|faint|p1a: Cryogonal\n|-damage|p2a: Kingler|216\/240 tox|[from] item: Life Orb\n|\n|-damage|p2a: Kingler|201\/240 tox|[from] psn\n|upkeep\n|\n|t:|1657130518\n|switch|p1a: Sceptile|Sceptile, L86, F|261\/261\n|turn|11\n|\n|t:|1657130535\n|switch|p2a: Froslass|Froslass, L82, F|249\/249\n|move|p1a: Sceptile|Giga Drain|p2a: Froslass\n|-damage|p2a: Froslass|86\/249\n|\n|-heal|p2a: Froslass|101\/249|[from] item: Leftovers\n|upkeep\n|turn|12\n|\n|t:|1657130543\n|move|p1a: Sceptile|Giga Drain|p2a: Froslass\n|-damage|p2a: Froslass|0 fnt\n|faint|p2a: Froslass\n|\n|upkeep\n|\n|t:|1657130546\n|switch|p2a: Miltank|Miltank, L86, F|304\/304\n|turn|13\n|\n|t:|1657130554\n|switch|p1a: Sandslash|Sandslash, L88, F|275\/275\n|move|p2a: Miltank|Body Slam|p1a: Sandslash\n|-damage|p1a: Sandslash|205\/275\n|-status|p1a: Sandslash|par\n|\n|upkeep\n|turn|14\n|\n|t:|1657130562\n|switch|p2a: Kingler|Kingler, L88, M|201\/240 tox\n|move|p1a: Sandslash|Knock Off|p2a: Kingler\n|-damage|p2a: Kingler|115\/240 tox\n|-enditem|p2a: Kingler|Life Orb|[from] move: Knock Off|[of] p1a: Sandslash\n|-damage|p1a: Sandslash|178\/275 par|[from] item: Life Orb\n|\n|-damage|p2a: Kingler|100\/240 tox|[from] psn\n|upkeep\n|turn|15\n|\n|t:|1657130572\n|move|p2a: Kingler|Liquidation|p1a: Sandslash\n|-supereffective|p1a: Sandslash\n|-damage|p1a: Sandslash|0 fnt\n|faint|p1a: Sandslash\n|\n|-damage|p2a: Kingler|70\/240 tox|[from] psn\n|upkeep\n|\n|t:|1657130579\n|switch|p1a: Mienshao|Mienshao, L84, F|246\/246\n|turn|16\n|\n|t:|1657130583\n|move|p1a: Mienshao|High Jump Kick|p2a: Kingler\n|-damage|p2a: Kingler|0 fnt\n|faint|p2a: Kingler\n|-damage|p1a: Mienshao|222\/246|[from] item: Life Orb\n|\n|upkeep\n|\n|t:|1657130603\n|switch|p2a: Miltank|Miltank, L86, F|304\/304\n|turn|17\n|\n|t:|1657130632\n|move|p1a: Mienshao|High Jump Kick|p2a: Miltank\n|-supereffective|p2a: Miltank\n|-damage|p2a: Miltank|0 fnt\n|faint|p2a: Miltank\n|-damage|p1a: Mienshao|198\/246|[from] item: Life Orb\n|\n|upkeep\n|-message|BigWes95 forfeited.\n|\n|win|fercarde\n|raw|fercarde's rating: 1586 &rarr; <strong>1612<\/strong><br \/>(+26 for winning)\n|raw|BigWes95's rating: 1699 &rarr; <strong>1673<\/strong><br \/>(-26 for losing)\n|l|\u2606BigWes95\n|l|\u2606fercarde\n||Ladder isn't responding, score probably updated but might not have (Request timeout).\n","inputlog":">version 11c68141c380f61e2da7046fb748694845aecef0\n>start {\"formatid\":\"gen7randombattle\",\"seed\":[64551,24669,65230,64581],\"rated\":\"Rated battle\"}\n>player p1 {\"name\":\"fercarde\",\"avatar\":\"101\",\"rating\":1586,\"seed\":[40000,43644,13915,45980]}\n>player p2 {\"name\":\"BigWes95\",\"avatar\":\"lusamine-nihilego\",\"rating\":1699,\"seed\":[56629,29775,34652,61434]}\n>p1 switch 2\n>p2 move icebeam\n>p1 move toxic\n>p2 switch 3\n>p1 switch 3\n>p2 move calmmind\n>p1 move knockoff\n>p2 move focusblast mega\n>p1 move knockoff\n>p2 move shadowball\n>p1 switch 2\n>p2 switch 6\n>p1 move focusblast\n>p2 switch 3\n>p1 move focusblast\n>p2 switch 4\n>p1 switch 3\n>p2 switch 4\n>p1 move icebeam\n>p2 move dragonclaw\n>p2 switch 3\n>p1 move toxic\n>p2 move superpower\n>p1 switch 3\n>p1 move gigadrain\n>p2 switch 4\n>p1 move gigadrain\n>p2 move icebeam\n>p2 switch 5\n>p1 switch 5\n>p2 move bodyslam\n>p1 move knockoff\n>p2 switch 4\n>p1 move earthquake\n>p2 move liquidation\n>p1 switch 6\n>p1 move highjumpkick\n>p2 move liquidation\n>p2 switch 4\n>p1 move highjumpkick\n>p2 move bodyslam\n>forcelose p2","uploadtime":1657131848,"views":3,"p1id":"fercarde","p2id":"bigwes95","formatid":"gen7randombattle","rating":1612,"private":0,"password":null}