{"id":"gen7doublesou-1706961549","p1":"uptmr","p2":"Aleph588","format":"gen7doublesou","log":"|j|\u2606uptmr\n|j|\u2606Aleph588\n|t:|1668036651\n|gametype|doubles\n|player|p1|uptmr|acetrainer-gen4dp|1139\n|player|p2|Aleph588|shauntal|1222\n|teamsize|p1|6\n|teamsize|p2|6\n|gen|7\n|tier|[Gen 7] Doubles OU\n|rated|\n|rule|Species Clause: Limit one of each Pok\u00e9mon\n|rule|OHKO Clause: OHKO moves are banned\n|rule|Moody Clause: Moody is banned\n|rule|Evasion Abilities Clause: Evasion abilities are banned\n|rule|Evasion Moves Clause: Evasion moves are banned\n|rule|Gravity Sleep Clause: The combination of Gravity and sleep-inducing moves with imperfect accuracy are banned\n|rule|Endless Battle Clause: Forcing endless battles is banned\n|rule|HP Percentage Mod: HP is shown in percentages\n|rule|Swagger Clause: Swagger is banned\n|clearpoke\n|poke|p1|Sceptile, F|item\n|poke|p1|Rotom-Heat|item\n|poke|p1|Garchomp, F|item\n|poke|p1|Mimikyu, F|item\n|poke|p1|Talonflame, M|item\n|poke|p1|Amoonguss, F|\n|poke|p2|Sceptile, M|item\n|poke|p2|Gyarados, M|item\n|poke|p2|Togekiss, F|item\n|poke|p2|Klefki, M|item\n|poke|p2|Entei|item\n|poke|p2|Porygon2|item\n|teampreview\n|\n|t:|1668036685\n|start\n|switch|p1a: Rotom|Rotom-Heat, shiny|100\/100\n|switch|p1b: Sceptile|Sceptile, F|100\/100\n|switch|p2a: Entei|Entei, shiny|100\/100\n|switch|p2b: Gyarados|Gyarados, M|100\/100\n|-ability|p2a: Entei|Pressure\n|-ability|p2b: Gyarados|Intimidate|boost\n|-unboost|p1a: Rotom|atk|1\n|-unboost|p1b: Sceptile|atk|1\n|turn|1\n|\n|t:|1668036712\n|switch|p2b: Klefki|Klefki, M|100\/100\n|detailschange|p1b: Sceptile|Sceptile-Mega, F\n|-mega|p1b: Sceptile|Sceptile|Sceptilite\n|move|p1b: Sceptile|Giga Drain|p2b: Klefki\n|-resisted|p2b: Klefki\n|-damage|p2b: Klefki|73\/100\n|move|p1a: Rotom|Discharge|p2b: Klefki|[spread] p2a,p2b\n|-ability|p1b: Sceptile|Lightning Rod|boost\n|-boost|p1b: Sceptile|spa|1\n|-damage|p2a: Entei|66\/100\n|-damage|p2b: Klefki|42\/100\n|-status|p2b: Klefki|par\n|-zpower|p2a: Entei\n|move|p2a: Entei|Inferno Overdrive|p1b: Sceptile|[zeffect]\n|-damage|p1b: Sceptile|0 fnt\n|faint|p1b: Sceptile\n|\n|upkeep\n|\n|t:|1668036768\n|switch|p1b: Talonflame|Talonflame, M|100\/100\n|turn|2\n|\n|t:|1668036804\n|switch|p2a: Porygon2|Porygon2|100\/100\n|-ability|p2a: Porygon2|Download|boost\n|-boost|p2a: Porygon2|spa|1\n|cant|p2b: Klefki|par\n|move|p1a: Rotom|Discharge|p2b: Klefki|[spread] p1b,p2a,p2b\n|-supereffective|p1b: Talonflame\n|-damage|p1b: Talonflame|23\/100\n|-damage|p2a: Porygon2|86\/100\n|-damage|p2b: Klefki|12\/100 par\n|move|p1b: Talonflame|Flame Charge|p2b: Klefki\n|-supereffective|p2b: Klefki\n|-damage|p2b: Klefki|0 fnt\n|-boost|p1b: Talonflame|spe|1\n|faint|p2b: Klefki\n|\n|-heal|p1b: Talonflame|29\/100|[from] item: Leftovers\n|upkeep\n|\n|t:|1668036824\n|switch|p2b: Sceptile|Sceptile, M|100\/100\n|turn|3\n|\n|t:|1668036844\n|detailschange|p2b: Sceptile|Sceptile-Mega, M\n|-mega|p2b: Sceptile|Sceptile|Sceptilite\n|move|p2b: Sceptile|Protect|p2b: Sceptile\n|-singleturn|p2b: Sceptile|Protect\n|move|p1b: Talonflame|Brave Bird|p2b: Sceptile\n|-activate|p2b: Sceptile|move: Protect\n|move|p1a: Rotom|Discharge|p2a: Porygon2|[spread] p1b,p2a\n|-activate|p2b: Sceptile|move: Protect\n|-supereffective|p1b: Talonflame\n|-damage|p1b: Talonflame|0 fnt\n|-damage|p2a: Porygon2|70\/100\n|-status|p2a: Porygon2|par\n|faint|p1b: Talonflame\n|move|p2a: Porygon2|Discharge|p1a: Rotom|[spread] p1a\n|-activate|p2b: Sceptile|move: Protect\n|-resisted|p1a: Rotom\n|-damage|p1a: Rotom|87\/100\n|\n|upkeep\n|\n|t:|1668036864\n|switch|p1b: Garchomp|Garchomp, F|100\/100\n|turn|4\n|\n|t:|1668036882\n|switch|p1a: Mimikyu|Mimikyu, F|100\/100\n|switch|p2a: Gyarados|Gyarados, M|100\/100\n|-ability|p2a: Gyarados|Intimidate|boost\n|-unboost|p1a: Mimikyu|atk|1\n|-unboost|p1b: Garchomp|atk|1\n|move|p2b: Sceptile|Dragon Pulse|p1b: Garchomp\n|-supereffective|p1b: Garchomp\n|-enditem|p1b: Garchomp|Haban Berry|[eat]\n|-enditem|p1b: Garchomp|Haban Berry|[weaken]\n|-damage|p1b: Garchomp|39\/100\n|move|p1b: Garchomp|Dragon Rush|p2b: Sceptile\n|-supereffective|p2b: Sceptile\n|-damage|p2b: Sceptile|0 fnt\n|faint|p2b: Sceptile\n|\n|upkeep\n|\n|t:|1668036904\n|switch|p2b: Togekiss|Togekiss, F|100\/100\n|turn|5\n|\n|t:|1668036920\n|move|p2b: Togekiss|Follow Me|p2b: Togekiss\n|-singleturn|p2b: Togekiss|move: Follow Me\n|move|p1b: Garchomp|Crunch|p2b: Togekiss\n|-resisted|p2b: Togekiss\n|-damage|p2b: Togekiss|93\/100\n|move|p2a: Gyarados|Dragon Dance|p2a: Gyarados\n|-boost|p2a: Gyarados|atk|1\n|-boost|p2a: Gyarados|spe|1\n|move|p1a: Mimikyu|Giga Drain|p2b: Togekiss\n|-resisted|p2b: Togekiss\n|-damage|p2b: Togekiss|88\/100\n|\n|upkeep\n|turn|6\n|inactive|Battle timer is ON: inactive players will automatically lose when time's up. (requested by uptmr)\n|\n|t:|1668036979\n|switch|p1a: Rotom|Rotom-Heat, shiny|87\/100\n|move|p2a: Gyarados|Waterfall|p1b: Garchomp\n|-damage|p1b: Garchomp|0 fnt\n|-damage|p2a: Gyarados|88\/100|[from] ability: Rough Skin|[of] p1b: Garchomp\n|faint|p1b: Garchomp\n|move|p2b: Togekiss|Dazzling Gleam|p1a: Rotom\n|-resisted|p1a: Rotom\n|-damage|p1a: Rotom|64\/100\n|\n|upkeep\n|\n|t:|1668036995\n|switch|p1b: Amoonguss|Amoonguss, F|100\/100\n|turn|7\n|inactive|Aleph588 has 120 seconds left.\n|\n|t:|1668037032\n|move|p2b: Togekiss|Follow Me|p2b: Togekiss\n|-singleturn|p2b: Togekiss|move: Follow Me\n|move|p1a: Rotom|Discharge|p2b: Togekiss|[spread] p1b,p2a,p2b\n|-resisted|p1b: Amoonguss\n|-supereffective|p2a: Gyarados\n|-supereffective|p2b: Togekiss\n|-damage|p1b: Amoonguss|84\/100\n|-damage|p2a: Gyarados|0 fnt\n|-damage|p2b: Togekiss|43\/100\n|-status|p1b: Amoonguss|par\n|-status|p2b: Togekiss|par\n|-enditem|p2b: Togekiss|Sitrus Berry|[eat]\n|-heal|p2b: Togekiss|68\/100 par|[from] item: Sitrus Berry\n|faint|p2a: Gyarados\n|cant|p1b: Amoonguss|par\n|\n|upkeep\n|\n|t:|1668037047\n|switch|p2a: Entei|Entei, shiny|66\/100\n|-ability|p2a: Entei|Pressure\n|turn|8\n|inactive|Aleph588 has 120 seconds left.\n|\n|t:|1668037063\n|move|p2b: Togekiss|Follow Me|p2b: Togekiss\n|-singleturn|p2b: Togekiss|move: Follow Me\n|move|p1a: Rotom|Discharge|p2b: Togekiss|[spread] p1b,p2a,p2b\n|-resisted|p1b: Amoonguss\n|-supereffective|p2b: Togekiss\n|-damage|p1b: Amoonguss|69\/100 par\n|-damage|p2a: Entei|36\/100\n|-damage|p2b: Togekiss|24\/100 par\n|move|p2a: Entei|Sacred Fire|p1a: Rotom\n|-resisted|p1a: Rotom\n|-damage|p1a: Rotom|32\/100\n|move|p1b: Amoonguss|Spore||[still]\n|-fail|p1b: Amoonguss\n|\n|upkeep\n|turn|9\n|inactive|Aleph588 has 120 seconds left.\n|\n|t:|1668037099\n|switch|p2a: Porygon2|Porygon2|70\/100 par\n|-ability|p2a: Porygon2|Download|boost\n|-boost|p2a: Porygon2|atk|1\n|move|p1a: Rotom|Discharge|p2a: Porygon2|[spread] p1b,p2a,p2b\n|-resisted|p1b: Amoonguss\n|-supereffective|p2b: Togekiss\n|-crit|p2b: Togekiss\n|-damage|p1b: Amoonguss|54\/100 par\n|-damage|p2a: Porygon2|56\/100 par\n|-damage|p2b: Togekiss|0 fnt\n|faint|p2b: Togekiss\n|move|p1b: Amoonguss|Sludge Bomb|p2a: Porygon2\n|-damage|p2a: Porygon2|37\/100 par\n|\n|upkeep\n|\n|t:|1668037110\n|switch|p2b: Entei|Entei, shiny|36\/100\n|-ability|p2b: Entei|Pressure\n|turn|10\n|inactive|Aleph588 has 120 seconds left.\n|\n|t:|1668037123\n|move|p2b: Entei|Protect|p2b: Entei\n|-singleturn|p2b: Entei|Protect\n|move|p1a: Rotom|Discharge|p2a: Porygon2|[spread] p1b,p2a\n|-activate|p2b: Entei|move: Protect\n|-resisted|p1b: Amoonguss\n|-damage|p1b: Amoonguss|40\/100 par\n|-damage|p2a: Porygon2|23\/100 par\n|cant|p2a: Porygon2|par\n|cant|p1b: Amoonguss|par\n|\n|upkeep\n|turn|11\n|inactive|Aleph588 has 120 seconds left.\n|\n|t:|1668037165\n|move|p2b: Entei|Extreme Speed|p1a: Rotom\n|-damage|p1a: Rotom|0 fnt\n|faint|p1a: Rotom\n|cant|p2a: Porygon2|par\n|cant|p1b: Amoonguss|par\n|\n|upkeep\n|\n|t:|1668037172\n|switch|p1a: Mimikyu|Mimikyu, F|100\/100\n|turn|12\n|\n|t:|1668037192\n|move|p2b: Entei|Protect|p2b: Entei\n|-singleturn|p2b: Entei|Protect\n|move|p1a: Mimikyu|Dazzling Gleam|p2a: Porygon2|[spread] p2a\n|-activate|p2b: Entei|move: Protect\n|-damage|p2a: Porygon2|17\/100 par\n|move|p2a: Porygon2|Discharge|p1a: Mimikyu|[spread] p1a,p1b\n|-activate|p2b: Entei|move: Protect\n|-resisted|p1b: Amoonguss\n|-activate|p1a: Mimikyu|ability: Disguise\n|-damage|p1a: Mimikyu|100\/100\n|-damage|p1b: Amoonguss|32\/100 par\n|detailschange|p1a: Mimikyu|Mimikyu-Busted, F\n|move|p1b: Amoonguss|Sludge Bomb|p2b: Entei\n|-activate|p2b: Entei|move: Protect\n|\n|upkeep\n|turn|13\n|j| Phoenix3782\n|inactive|Aleph588 has 120 seconds left.\n|\n|t:|1668037230\n|move|p2a: Porygon2|Ally Switch|p2a: Porygon2\n|swap|p2a: Porygon2|1|[from] move: Ally Switch\n|move|p2a: Entei|Sacred Fire|p1a: Mimikyu\n|-damage|p1a: Mimikyu|20\/100\n|move|p1a: Mimikyu|Dazzling Gleam|p2a: Entei|[spread] p2a,p2b\n|-resisted|p2a: Entei\n|-damage|p2a: Entei|29\/100\n|-damage|p2b: Porygon2|10\/100 par\n|move|p1b: Amoonguss|Sludge Bomb|p2b: Porygon2\n|-damage|p2b: Porygon2|0 fnt\n|faint|p2b: Porygon2\n|\n|-heal|p1a: Mimikyu|26\/100|[from] item: Leftovers\n|upkeep\n|turn|14\n|l| Phoenix3782\n|inactive|Aleph588 has 120 seconds left.\n|inactive|uptmr has 120 seconds left.\n|\n|t:|1668037266\n|move|p2a: Entei|Sacred Fire|p1b: Amoonguss\n|-supereffective|p1b: Amoonguss\n|-damage|p1b: Amoonguss|0 fnt\n|faint|p1b: Amoonguss\n|move|p1a: Mimikyu|Destiny Bond|p1a: Mimikyu\n|-singlemove|p1a: Mimikyu|Destiny Bond\n|\n|-heal|p1a: Mimikyu|32\/100|[from] item: Leftovers\n|upkeep\n|turn|15\n|\n|t:|1668037278\n|move|p2a: Entei|Sacred Fire|p1a: Mimikyu\n|-damage|p1a: Mimikyu|0 fnt\n|faint|p1a: Mimikyu\n|-activate|p1a: Mimikyu|move: Destiny Bond\n|faint|p2a: Entei\n|\n|win|Aleph588\n|raw|uptmr's rating: 1139 &rarr; <strong>1120<\/strong><br \/>(-19 for losing)\n|raw|Aleph588's rating: 1222 &rarr; <strong>1241<\/strong><br \/>(+19 for winning)\n|l|\u2606uptmr\n|c|\u2606Aleph588|fuck yeah gg\n||Ladder isn't responding, score probably updated but might not have (Request timeout).\n","uploadtime":1668037300,"views":4,"p1id":"uptmr","p2id":"aleph588","formatid":"gen7doublesou","rating":1120,"private":0,"password":null}