{"id":"gen7ou-985150807","p1":"Mofu no Ame","p2":"JoJo321","format":"gen7ou","log":"|j|\u2606Mofu no Ame\n|j|\u2606JoJo321\n|player|p1|Mofu no Ame|pokemonrangerf-gen3|1762\n|player|p2|JoJo321|265|1824\n|teamsize|p1|6\n|teamsize|p2|6\n|gametype|singles\n|gen|7\n|tier|[Gen 7] OU\n|rated|\n|rule|Sleep Clause Mod: Limit one foe put to sleep\n|rule|Species Clause: Limit one of each Pok\u00e9mon\n|rule|OHKO Clause: OHKO moves are banned\n|rule|Moody Clause: Moody is banned\n|rule|Evasion Moves Clause: Evasion moves are banned\n|rule|Endless Battle Clause: Forcing endless battles is banned\n|rule|HP Percentage Mod: HP is shown in percentages\n|clearpoke\n|poke|p1|Scizor, M|item\n|poke|p1|Magearna|item\n|poke|p1|Zapdos|item\n|poke|p1|Keldeo-Resolute|item\n|poke|p1|Blacephalon|item\n|poke|p1|Landorus-Therian, M|item\n|poke|p2|Mew|item\n|poke|p2|Tapu Fini|item\n|poke|p2|Tapu Koko|item\n|poke|p2|Landorus-Therian, M|item\n|poke|p2|Ferrothorn, M|item\n|poke|p2|Medicham, F|item\n|teampreview\n|inactive|Battle timer is ON: inactive players will automatically lose when time's up. (requested by JoJo321)\n|\n|start\n|switch|p1a: Landorus|Landorus-Therian, M, shiny|100\/100\n|switch|p2a: Landorus|Landorus-Therian, M|100\/100\n|-ability|p1a: Landorus|Intimidate|boost\n|-unboost|p2a: Landorus|atk|1\n|-ability|p2a: Landorus|Intimidate|boost\n|-unboost|p1a: Landorus|atk|1\n|turn|1\n|j| ToxaChoke\n|\n|move|p1a: Landorus|Stealth Rock|p2a: Landorus\n|-sidestart|p2: JoJo321|move: Stealth Rock\n|move|p2a: Landorus|Stealth Rock|p1a: Landorus\n|-sidestart|p1: Mofu no Ame|move: Stealth Rock\n|\n|upkeep\n|turn|2\n|l| ToxaChoke\n|\n|switch|p1a: Zapdos|Zapdos|100\/100\n|-damage|p1a: Zapdos|76\/100|[from] Stealth Rock\n|move|p2a: Landorus|U-turn|p1a: Zapdos\n|-resisted|p1a: Zapdos\n|-crit|p1a: Zapdos\n|-damage|p1a: Zapdos|64\/100\n|\n|switch|p2a: Medicham|Medicham, F|100\/100|[from]move: U-turn\n|-damage|p2a: Medicham|94\/100|[from] Stealth Rock\n|\n|-heal|p1a: Zapdos|70\/100|[from] item: Leftovers\n|upkeep\n|turn|3\n|j| jiao1127\n|\n|detailschange|p2a: Medicham|Medicham-Mega, F\n|-mega|p2a: Medicham|Medicham|Medichamite\n|move|p2a: Medicham|Ice Punch|p1a: Zapdos\n|-supereffective|p1a: Zapdos\n|-damage|p1a: Zapdos|0 fnt\n|faint|p1a: Zapdos\n|\n|upkeep\n|\n|switch|p1a: Blacephalon|Blacephalon|100\/100\n|-damage|p1a: Blacephalon|76\/100|[from] Stealth Rock\n|turn|4\n|\n|switch|p2a: Tapu Fini|Tapu Fini|100\/100\n|-damage|p2a: Tapu Fini|88\/100|[from] Stealth Rock\n|-fieldstart|move: Misty Terrain|[from] ability: Misty Surge|[of] p2a: Tapu Fini\n|move|p1a: Blacephalon|Shadow Ball|p2a: Tapu Fini\n|-damage|p2a: Tapu Fini|36\/100\n|\n|-heal|p2a: Tapu Fini|42\/100|[from] item: Leftovers\n|upkeep\n|turn|5\n|\n|move|p1a: Blacephalon|Shadow Ball|p2a: Tapu Fini\n|-damage|p2a: Tapu Fini|0 fnt\n|faint|p2a: Tapu Fini\n|-ability|p1a: Blacephalon|Beast Boost|boost\n|-boost|p1a: Blacephalon|spa|1\n|\n|upkeep\n|j| noluckjustskills\n|\n|switch|p2a: Tapu Koko|Tapu Koko|100\/100\n|-damage|p2a: Tapu Koko|88\/100|[from] Stealth Rock\n|-fieldstart|move: Electric Terrain|[from] ability: Electric Surge|[of] p2a: Tapu Koko\n|turn|6\n|\n|switch|p1a: Haishera|Magearna|100\/100\n|-damage|p1a: Haishera|94\/100|[from] Stealth Rock\n|move|p2a: Tapu Koko|U-turn|p1a: Haishera\n|-resisted|p1a: Haishera\n|-damage|p1a: Haishera|91\/100\n|j| Sikeru is back\n|\n|switch|p2a: Medicham|Medicham-Mega, F|94\/100|[from]move: U-turn\n|-damage|p2a: Medicham|88\/100|[from] Stealth Rock\n|\n|upkeep\n|turn|7\n|\n|move|p2a: Medicham|Ice Punch|p1a: Haishera\n|-resisted|p1a: Haishera\n|-damage|p1a: Haishera|71\/100\n|move|p1a: Haishera|Fleur Cannon|p2a: Medicham\n|-supereffective|p2a: Medicham\n|-damage|p2a: Medicham|0 fnt\n|-unboost|p1a: Haishera|spa|2\n|faint|p2a: Medicham\n|-ability|p1a: Haishera|Soul-Heart|boost\n|-boost|p1a: Haishera|spa|1\n|\n|upkeep\n|\n|switch|p2a: Landorus|Landorus-Therian, M|100\/100\n|-damage|p2a: Landorus|88\/100|[from] Stealth Rock\n|-ability|p2a: Landorus|Intimidate|boost\n|-unboost|p1a: Haishera|atk|1\n|turn|8\n|\n|switch|p1a: Landorus|Landorus-Therian, M, shiny|100\/100\n|-damage|p1a: Landorus|88\/100|[from] Stealth Rock\n|-ability|p1a: Landorus|Intimidate|boost\n|-unboost|p2a: Landorus|atk|1\n|move|p2a: Landorus|Hidden Power|p1a: Landorus\n|-supereffective|p1a: Landorus\n|-damage|p1a: Landorus|23\/100\n|\n|upkeep\n|turn|9\n|\n|-zpower|p1a: Landorus\n|move|p1a: Landorus|Supersonic Skystrike|p2a: Landorus|[zeffect]\n|-damage|p2a: Landorus|13\/100\n|move|p2a: Landorus|U-turn|p1a: Landorus\n|-resisted|p1a: Landorus\n|-damage|p1a: Landorus|14\/100\n|\n|switch|p2a: Tapu Koko|Tapu Koko|88\/100|[from]move: U-turn\n|-damage|p2a: Tapu Koko|76\/100|[from] Stealth Rock\n|\n|upkeep\n|turn|10\n|\n|switch|p1a: Haishera|Magearna|71\/100\n|-damage|p1a: Haishera|65\/100|[from] Stealth Rock\n|move|p2a: Tapu Koko|Hidden Power|p1a: Haishera\n|-resisted|p1a: Haishera\n|-damage|p1a: Haishera|60\/100\n|\n|-fieldend|move: Electric Terrain\n|upkeep\n|turn|11\n|\n|move|p2a: Tapu Koko|Volt Switch|p1a: Haishera\n|-damage|p1a: Haishera|41\/100\n|\n|switch|p2a: Landorus|Landorus-Therian, M|13\/100|[from]move: Volt Switch\n|-damage|p2a: Landorus|1\/100|[from] Stealth Rock\n|-ability|p2a: Landorus|Intimidate|boost\n|-unboost|p1a: Haishera|atk|1\n|move|p1a: Haishera|Focus Blast|p2a: Landorus\n|-resisted|p2a: Landorus\n|-damage|p2a: Landorus|0 fnt\n|faint|p2a: Landorus\n|-ability|p1a: Haishera|Soul-Heart|boost\n|-boost|p1a: Haishera|spa|1\n|\n|upkeep\n|\n|switch|p2a: Mew|Mew|100\/100\n|-damage|p2a: Mew|88\/100|[from] Stealth Rock\n|turn|12\n|\n|move|p2a: Mew|Rock Polish|p2a: Mew\n|-boost|p2a: Mew|spe|2\n|move|p1a: Haishera|Fleur Cannon|p2a: Mew\n|-damage|p2a: Mew|0 fnt\n|-unboost|p1a: Haishera|spa|2\n|faint|p2a: Mew\n|-ability|p1a: Haishera|Soul-Heart|boost\n|-boost|p1a: Haishera|spa|1\n|\n|upkeep\n|-message|JoJo321 forfeited.\n|\n|win|Mofu no Ame\n|l|\u2606JoJo321\n|raw|Mofu no Ame's rating: 1762 &rarr; <strong>1785<\/strong><br \/>(+23 for winning)\n|raw|JoJo321's rating: 1824 &rarr; <strong>1801<\/strong><br \/>(-23 for losing)\n|l| jiao1127\n|l|mofunoame\n|j| Mofu no E\n|n|\u2606Mofu no Ame|mofunoe\n|l| noluckjustskills\n","uploadtime":1569926769,"views":21,"p1id":"mofunoame","p2id":"jojo321","formatid":"gen7ou","rating":1785,"private":0,"password":null}