{"id":"gen7randombattle-1131753006","p1":"BaddyGames","p2":"Freya1337","format":"gen7randombattle","log":"|j|\u2606BaddyGames\n|j|\u2606Freya1337\n|player|p1|BaddyGames|275|\n|player|p2|Freya1337|1|\n|teamsize|p1|6\n|teamsize|p2|6\n|gametype|singles\n|gen|7\n|tier|[Gen 7] Random Battle\n|rule|Sleep Clause Mod: Limit one foe put to sleep\n|rule|HP Percentage Mod: HP is shown in percentages\n|\n|start\n|switch|p1a: Salamence|Salamence, L82, M|290\/290\n|switch|p2a: Deoxys|Deoxys-Attack, L78|206\/206\n|-ability|p2a: Deoxys|Pressure\n|turn|1\n|\n|switch|p1a: Gastrodon|Gastrodon-East, L88, F|339\/339\n|move|p2a: Deoxys|Ice Beam|p1a: Gastrodon\n|-damage|p1a: Gastrodon|216\/339\n|-damage|p2a: Deoxys|186\/206|[from] item: Life Orb\n|\n|-heal|p1a: Gastrodon|237\/339|[from] item: Leftovers\n|upkeep\n|turn|2\n|\n|switch|p2a: Vaporeon|Vaporeon, L86, M|364\/364\n|move|p1a: Gastrodon|Scald|p2a: Vaporeon\n|-immune|p2a: Vaporeon|[from] ability: Water Absorb\n|\n|-heal|p1a: Gastrodon|258\/339|[from] item: Leftovers\n|upkeep\n|turn|3\n|\n|move|p2a: Vaporeon|Scald|p1a: Gastrodon\n|-ability|p1a: Gastrodon|Storm Drain|boost\n|-boost|p1a: Gastrodon|spa|1\n|move|p1a: Gastrodon|Toxic|p2a: Vaporeon\n|-status|p2a: Vaporeon|tox\n|\n|-heal|p1a: Gastrodon|279\/339|[from] item: Leftovers\n|-damage|p2a: Vaporeon|342\/364 tox|[from] psn\n|upkeep\n|turn|4\n|c|\u2606Freya1337|wot\n|\n|move|p2a: Vaporeon|Heal Bell|p2a: Vaporeon\n|-activate|p2a: Vaporeon|move: Heal Bell\n|-curestatus|p2a: Vaporeon|tox|[msg]\n|move|p1a: Gastrodon|Earthquake|p2a: Vaporeon\n|-damage|p2a: Vaporeon|201\/364\n|\n|-heal|p2a: Vaporeon|223\/364|[from] item: Leftovers\n|-heal|p1a: Gastrodon|300\/339|[from] item: Leftovers\n|upkeep\n|turn|5\n|\n|move|p2a: Vaporeon|Wish|p2a: Vaporeon\n|move|p1a: Gastrodon|Earthquake|p2a: Vaporeon\n|-damage|p2a: Vaporeon|85\/364\n|\n|-heal|p2a: Vaporeon|107\/364|[from] item: Leftovers\n|-heal|p1a: Gastrodon|321\/339|[from] item: Leftovers\n|upkeep\n|turn|6\n|\n|move|p2a: Vaporeon|Protect|p2a: Vaporeon\n|-singleturn|p2a: Vaporeon|Protect\n|move|p1a: Gastrodon|Earthquake|p2a: Vaporeon\n|-activate|p2a: Vaporeon|move: Protect\n|\n|-heal|p2a: Vaporeon|289\/364|[from] move: Wish|[wisher] Vaporeon\n|-heal|p2a: Vaporeon|311\/364|[from] item: Leftovers\n|-heal|p1a: Gastrodon|339\/339|[from] item: Leftovers\n|upkeep\n|turn|7\n|\n|switch|p2a: Mantine|Mantine, L84, M|279\/279\n|move|p1a: Gastrodon|Toxic|p2a: Mantine\n|-status|p2a: Mantine|tox\n|\n|-damage|p2a: Mantine|262\/279 tox|[from] psn\n|upkeep\n|turn|8\n|\n|move|p2a: Mantine|Toxic|p1a: Gastrodon\n|-status|p1a: Gastrodon|tox\n|move|p1a: Gastrodon|Ice Beam|p2a: Mantine\n|-damage|p2a: Mantine|196\/279 tox\n|\n|-heal|p2a: Mantine|213\/279 tox|[from] item: Leftovers\n|-damage|p2a: Mantine|179\/279 tox|[from] psn\n|-damage|p1a: Gastrodon|318\/339 tox|[from] psn\n|upkeep\n|turn|9\n|\n|switch|p1a: Gorebyss|Gorebyss, L88, F|240\/240\n|move|p2a: Mantine|Roost|p2a: Mantine\n|-heal|p2a: Mantine|279\/279 tox\n|-singleturn|p2a: Mantine|move: Roost\n|\n|-damage|p2a: Mantine|228\/279 tox|[from] psn\n|upkeep\n|turn|10\n|\n|move|p2a: Mantine|Toxic|p1a: Gorebyss\n|-status|p1a: Gorebyss|tox\n|move|p1a: Gorebyss|Shell Smash|p1a: Gorebyss\n|-unboost|p1a: Gorebyss|def|1\n|-unboost|p1a: Gorebyss|spd|1\n|-boost|p1a: Gorebyss|atk|2\n|-boost|p1a: Gorebyss|spa|2\n|-boost|p1a: Gorebyss|spe|2\n|-enditem|p1a: Gorebyss|White Herb\n|-clearnegativeboost|p1a: Gorebyss|[silent]\n|\n|-heal|p2a: Mantine|245\/279 tox|[from] item: Leftovers\n|-damage|p1a: Gorebyss|225\/240 tox|[from] psn\n|-damage|p2a: Mantine|177\/279 tox|[from] psn\n|upkeep\n|turn|11\n|\n|move|p1a: Gorebyss|Hidden Power|p2a: Mantine\n|-damage|p2a: Mantine|105\/279 tox\n|move|p2a: Mantine|Scald|p1a: Gorebyss\n|-resisted|p1a: Gorebyss\n|-damage|p1a: Gorebyss|186\/240 tox\n|\n|-heal|p2a: Mantine|122\/279 tox|[from] item: Leftovers\n|-damage|p1a: Gorebyss|156\/240 tox|[from] psn\n|-damage|p2a: Mantine|37\/279 tox|[from] psn\n|upkeep\n|turn|12\n|\n|move|p1a: Gorebyss|Hidden Power|p2a: Mantine\n|-damage|p2a: Mantine|0 fnt\n|faint|p2a: Mantine\n|\n|-damage|p1a: Gorebyss|111\/240 tox|[from] psn\n|upkeep\n|\n|switch|p2a: Deoxys|Deoxys-Attack, L78|186\/206\n|-ability|p2a: Deoxys|Pressure\n|turn|13\n|\n|move|p2a: Deoxys|Extreme Speed|p1a: Gorebyss\n|-damage|p1a: Gorebyss|23\/240 tox\n|-damage|p2a: Deoxys|166\/206|[from] item: Life Orb\n|move|p1a: Gorebyss|Hydro Pump|p2a: Deoxys\n|-damage|p2a: Deoxys|0 fnt\n|faint|p2a: Deoxys\n|\n|-damage|p1a: Gorebyss|0 fnt|[from] psn\n|faint|p1a: Gorebyss\n|upkeep\n|\n|switch|p2a: Vaporeon|Vaporeon, L86, M|311\/364\n|switch|p1a: Vikavolt|Vikavolt, L86, M|273\/273\n|turn|14\n|\n|switch|p2a: Ninjask|Ninjask, L88, F|251\/251\n|move|p1a: Vikavolt|Volt Switch|p2a: Ninjask\n|-supereffective|p2a: Ninjask\n|-damage|p2a: Ninjask|0 fnt\n|faint|p2a: Ninjask\n|\n|switch|p1a: Gastrodon|Gastrodon-East, L88, F|318\/339 tox\n|\n|-heal|p1a: Gastrodon|339\/339 tox|[from] item: Leftovers\n|-damage|p1a: Gastrodon|318\/339 tox|[from] psn\n|upkeep\n|c|\u2606Freya1337|rip forot it was flying\n|\n|switch|p2a: Metagross|Metagross, L78|253\/253\n|turn|15\n|\n|move|p2a: Metagross|Zen Headbutt|p1a: Gastrodon\n|-damage|p1a: Gastrodon|215\/339 tox\n|cant|p1a: Gastrodon|flinch\n|\n|-heal|p1a: Gastrodon|236\/339 tox|[from] item: Leftovers\n|-damage|p1a: Gastrodon|194\/339 tox|[from] psn\n|upkeep\n|turn|16\n|\n|move|p2a: Metagross|Zen Headbutt|p1a: Gastrodon\n|-damage|p1a: Gastrodon|76\/339 tox\n|move|p1a: Gastrodon|Earthquake|p2a: Metagross\n|-supereffective|p2a: Metagross\n|-damage|p2a: Metagross|83\/253\n|\n|-heal|p1a: Gastrodon|97\/339 tox|[from] item: Leftovers\n|-damage|p1a: Gastrodon|34\/339 tox|[from] psn\n|upkeep\n|turn|17\n|\n|move|p2a: Metagross|Ice Punch|p1a: Gastrodon\n|-damage|p1a: Gastrodon|0 fnt\n|faint|p1a: Gastrodon\n|\n|upkeep\n|\n|switch|p1a: Vikavolt|Vikavolt, L86, M|273\/273\n|turn|18\n|\n|detailschange|p2a: Metagross|Metagross-Mega, L78\n|-mega|p2a: Metagross|Metagross|Metagrossite\n|move|p2a: Metagross|Ice Punch|p1a: Vikavolt\n|-damage|p1a: Vikavolt|191\/273\n|move|p1a: Vikavolt|Thunderbolt|p2a: Metagross\n|-damage|p2a: Metagross|0 fnt\n|faint|p2a: Metagross\n|\n|upkeep\n|\n|switch|p2a: Raikou|Raikou, L84|288\/288\n|-ability|p2a: Raikou|Pressure\n|turn|19\n|\n|move|p2a: Raikou|Calm Mind|p2a: Raikou\n|-boost|p2a: Raikou|spa|1\n|-boost|p2a: Raikou|spd|1\n|move|p1a: Vikavolt|Thunderbolt|p2a: Raikou\n|-resisted|p2a: Raikou\n|-damage|p2a: Raikou|231\/288\n|\n|-heal|p2a: Raikou|249\/288|[from] item: Leftovers\n|upkeep\n|turn|20\n|\n|switch|p1a: Diancie|Diancie, L84|221\/221\n|move|p2a: Raikou|Calm Mind|p2a: Raikou\n|-boost|p2a: Raikou|spa|1\n|-boost|p2a: Raikou|spd|1\n|\n|-heal|p2a: Raikou|267\/288|[from] item: Leftovers\n|upkeep\n|turn|21\n|\n|move|p2a: Raikou|Aura Sphere|p1a: Diancie\n|-damage|p1a: Diancie|137\/221\n|move|p1a: Diancie|Moonblast|p2a: Raikou\n|-damage|p2a: Raikou|222\/288\n|\n|-heal|p2a: Raikou|240\/288|[from] item: Leftovers\n|-heal|p1a: Diancie|150\/221|[from] item: Leftovers\n|upkeep\n|turn|22\n|\n|move|p2a: Raikou|Calm Mind|p2a: Raikou\n|-boost|p2a: Raikou|spa|1\n|-boost|p2a: Raikou|spd|1\n|move|p1a: Diancie|Moonblast|p2a: Raikou\n|-damage|p2a: Raikou|206\/288\n|\n|-heal|p2a: Raikou|224\/288|[from] item: Leftovers\n|-heal|p1a: Diancie|163\/221|[from] item: Leftovers\n|upkeep\n|turn|23\n|\n|move|p2a: Raikou|Aura Sphere|p1a: Diancie\n|-damage|p1a: Diancie|61\/221\n|move|p1a: Diancie|Moonblast|p2a: Raikou\n|-damage|p2a: Raikou|182\/288\n|-unboost|p2a: Raikou|spa|1\n|\n|-heal|p2a: Raikou|200\/288|[from] item: Leftovers\n|-heal|p1a: Diancie|74\/221|[from] item: Leftovers\n|upkeep\n|turn|24\n|\n|switch|p2a: Vaporeon|Vaporeon, L86, M|311\/364\n|switch|p1a: Vikavolt|Vikavolt, L86, M|191\/273\n|\n|-heal|p2a: Vaporeon|333\/364|[from] item: Leftovers\n|upkeep\n|turn|25\n|\n|move|p2a: Vaporeon|Wish|p2a: Vaporeon\n|move|p1a: Vikavolt|Volt Switch|p2a: Vaporeon\n|-supereffective|p2a: Vaporeon\n|-damage|p2a: Vaporeon|55\/364\n|\n|switch|p1a: Salamence|Salamence, L82, M|290\/290\n|\n|-heal|p2a: Vaporeon|77\/364|[from] item: Leftovers\n|upkeep\n|turn|26\n|\n|move|p1a: Salamence|Dragon Dance|p1a: Salamence\n|-boost|p1a: Salamence|atk|1\n|-boost|p1a: Salamence|spe|1\n|move|p2a: Vaporeon|Scald|p1a: Salamence\n|-resisted|p1a: Salamence\n|-damage|p1a: Salamence|236\/290\n|\n|-heal|p2a: Vaporeon|259\/364|[from] move: Wish|[wisher] Vaporeon\n|-heal|p2a: Vaporeon|281\/364|[from] item: Leftovers\n|upkeep\n|turn|27\n|\n|-zpower|p1a: Salamence\n|move|p1a: Salamence|Supersonic Skystrike|p2a: Vaporeon|[zeffect]\n|-damage|p2a: Vaporeon|0 fnt\n|faint|p2a: Vaporeon\n|-ability|p1a: Salamence|Moxie|boost\n|-boost|p1a: Salamence|atk|1\n|\n|upkeep\n|\n|switch|p2a: Raikou|Raikou, L84|200\/288\n|-ability|p2a: Raikou|Pressure\n|turn|28\n|c|\u2606Freya1337|gg\n|\n|move|p1a: Salamence|Outrage|p2a: Raikou\n|-damage|p2a: Raikou|0 fnt\n|faint|p2a: Raikou\n|\n|win|BaddyGames\n|c|\u2606BaddyGames|gg\n","inputlog":">version e1649a2dfaa61a80f5a5f70e20f6f26ae4cc4115\n>version-origin 70ab234f1d71fd2bc2b4c543cd0d0a1110b8e06b\n>start {\"formatid\":\"gen7randombattle\",\"seed\":[31425,2705,51255,40268]}\n>player p1 {\"name\":\"BaddyGames\",\"avatar\":\"275\",\"team\":\"\",\"rating\":0,\"seed\":[20625,63281,19370,46405]}\n>player p2 {\"name\":\"Freya1337\",\"avatar\":\"1\",\"team\":\"\",\"rating\":0,\"seed\":[20051,22250,11355,44227]}\n>p1 switch 2\n>p2 move icebeam\n>p1 move scald\n>p2 switch 5\n>p1 move toxic\n>p2 move scald\n>p1 move earthquake\n>p2 move healbell\n>p1 move earthquake\n>p2 move wish\n>p1 move earthquake\n>p2 move protect\n>p1 move toxic\n>p2 switch 2\n>p1 move icebeam\n>p2 move toxic\n>p1 switch 5\n>p2 move roost\n>p1 move shellsmash\n>p2 move toxic\n>p1 move hiddenpower\n>p2 move scald\n>p1 move hiddenpower\n>p2 move defog\n>p2 switch 5\n>p1 move hydropump\n>p2 move extremespeed\n>p1 switch 6\n>p2 switch 2\n>p1 move voltswitch\n>p2 switch 4\n>p1 switch 5\n>p2 switch 6\n>p1 move earthquake\n>p2 move zenheadbutt\n>p1 move earthquake\n>p2 move zenheadbutt\n>p1 move earthquake\n>p2 move icepunch\n>p1 switch 5\n>p1 move thunderbolt\n>p2 move icepunch mega\n>p2 switch 3\n>p1 move thunderbolt\n>p2 move calmmind\n>p1 switch 4\n>p2 move calmmind\n>p1 move moonblast\n>p2 move aurasphere\n>p1 move moonblast\n>p2 move calmmind\n>p1 move moonblast\n>p2 move aurasphere\n>p1 switch 4\n>p2 switch 4\n>p1 move voltswitch\n>p2 move wish\n>p1 switch 2\n>p1 move dragondance\n>p2 move scald\n>p1 move fly zmove\n>p2 move wish\n>p2 switch 4\n>p1 move outrage\n>p2 move thunderbolt","uploadtime":1592013948,"views":4,"p1id":"baddygames","p2id":"freya1337","formatid":"gen7randombattle","rating":0,"private":0,"password":null}