{"id":"gen7ou-620696435","p1":"Kaylss","p2":"Omari P","format":"gen7ou","log":"|j|Kaylss\n|j|Omari P\n|player|p1|Kaylss|138\n|teamsize|p1|6\n|player|p2|Omari P|283\n|teamsize|p2|6\n|gametype|singles\n|gen|7\n|tier|[Gen 7] OU\n|rated\n|seed|7104,59203,46502,19148\n|rule|Sleep Clause Mod: Limit one foe put to sleep\n|rule|Species Clause: Limit one of each Pok\u00e9mon\n|rule|OHKO Clause: OHKO moves are banned\n|rule|Moody Clause: Moody is banned\n|rule|Evasion Moves Clause: Evasion moves are banned\n|rule|Endless Battle Clause: Forcing endless battles is banned\n|rule|HP Percentage Mod: HP is shown in percentages\n|clearpoke\n|poke|p1|Chansey, F|item\n|poke|p1|Sableye, F|item\n|poke|p1|Quagsire, F|item\n|poke|p1|Skarmory, F|item\n|poke|p1|Toxapex, M|item\n|poke|p1|Tangrowth, M|item\n|poke|p2|Mew, shiny|item\n|poke|p2|Staraptor, F, shiny|item\n|poke|p2|Mandibuzz, F, shiny|item\n|poke|p2|Hoopa-Unbound|item\n|poke|p2|Victini|item\n|poke|p2|Nidoking, M, shiny|item\n|teampreview\n|c|\u2606Kaylss|\/log Kaylss made this room hidden.\n|inactive|Battle timer is ON: inactive players will automatically lose when time's up. (requested by Omari P)\n|choice|team 2, team 1, team 3, team 4, team 5, team 6|team 1, team 2, team 3, team 4, team 5, team 6\n|\n|start\n|switch|p1a: Alessia Cara|Sableye, F|303\/303\n|switch|p2a: Mew|Mew, shiny|341\/341\n|turn|1\n|choice|move protect mega|move nastyplot\n|\n|detailschange|p1a: Alessia Cara|Sableye-Mega, F\n|-mega|p1a: Alessia Cara|Sableye|Sablenite\n|move|p1a: Alessia Cara|Protect|p1a: Alessia Cara\n|-singleturn|p1a: Alessia Cara|Protect\n|move|p2a: Mew|Nasty Plot|p2a: Mew\n|-boost|p2a: Mew|spa|2\n|\n|upkeep\n|turn|2\n|choice|switch 6|move nastyplot\n|\n|switch|p1a: Chance the Rapper|Tangrowth, M|404\/404\n|move|p2a: Mew|Nasty Plot|p2a: Mew\n|-boost|p2a: Mew|spa|2\n|\n|upkeep\n|turn|3\n|choice|switch 6|move psychic zmove\n|\n|switch|p1a: Alessia Cara|Sableye-Mega, F|303\/303\n|-zpower|p2a: Mew\n|move|p2a: Mew|Genesis Supernova|p1a: Alessia Cara|[zeffect]\n|-immune|p1a: Alessia Cara|[msg]\n|\n|upkeep\n|turn|4\n|c|\u2606Omari P|ok\n|c|\u2606Omari P|lol\n|choice|move protect|move nastyplot\n|\n|move|p1a: Alessia Cara|Protect|p1a: Alessia Cara\n|-singleturn|p1a: Alessia Cara|Protect\n|move|p2a: Mew|Nasty Plot|p2a: Mew\n|-boost|p2a: Mew|spa|2\n|\n|upkeep\n|turn|5\n|choice|move foulplay|move psychic\n|\n|move|p2a: Mew|Psychic|p1a: Alessia Cara\n|-immune|p1a: Alessia Cara|[msg]\n|move|p1a: Alessia Cara|Foul Play|p2a: Mew\n|-supereffective|p2a: Mew\n|-damage|p2a: Mew|161\/341\n|\n|upkeep\n|turn|6\n|choice|move foulplay|move softboiled\n|\n|move|p2a: Mew|Soft-Boiled|p2a: Mew\n|-heal|p2a: Mew|332\/341\n|move|p1a: Alessia Cara|Foul Play|p2a: Mew\n|-supereffective|p2a: Mew\n|-damage|p2a: Mew|168\/341\n|\n|upkeep\n|turn|7\n|choice|move foulplay|move softboiled\n|\n|move|p2a: Mew|Soft-Boiled|p2a: Mew\n|-heal|p2a: Mew|339\/341\n|move|p1a: Alessia Cara|Foul Play|p2a: Mew\n|-supereffective|p2a: Mew\n|-damage|p2a: Mew|153\/341\n|\n|upkeep\n|turn|8\n|choice|move foulplay|move softboiled\n|\n|move|p2a: Mew|Soft-Boiled|p2a: Mew\n|-heal|p2a: Mew|324\/341\n|move|p1a: Alessia Cara|Foul Play|p2a: Mew\n|-supereffective|p2a: Mew\n|-damage|p2a: Mew|138\/341\n|\n|upkeep\n|turn|9\n|choice|move foulplay|move softboiled\n|\n|move|p2a: Mew|Soft-Boiled|p2a: Mew\n|-heal|p2a: Mew|309\/341\n|move|p1a: Alessia Cara|Foul Play|p2a: Mew\n|-supereffective|p2a: Mew\n|-damage|p2a: Mew|139\/341\n|\n|upkeep\n|turn|10\n|choice|move foulplay|move softboiled\n|\n|move|p2a: Mew|Soft-Boiled|p2a: Mew\n|-heal|p2a: Mew|310\/341\n|move|p1a: Alessia Cara|Foul Play|p2a: Mew\n|-supereffective|p2a: Mew\n|-damage|p2a: Mew|142\/341\n|\n|upkeep\n|turn|11\n|choice|move foulplay|move softboiled\n|\n|move|p2a: Mew|Soft-Boiled|p2a: Mew\n|-heal|p2a: Mew|313\/341\n|move|p1a: Alessia Cara|Foul Play|p2a: Mew\n|-supereffective|p2a: Mew\n|-damage|p2a: Mew|143\/341\n|\n|upkeep\n|turn|12\n|choice|move foulplay|move softboiled\n|\n|move|p2a: Mew|Soft-Boiled|p2a: Mew\n|-heal|p2a: Mew|314\/341\n|move|p1a: Alessia Cara|Foul Play|p2a: Mew\n|-supereffective|p2a: Mew\n|-damage|p2a: Mew|140\/341\n|\n|upkeep\n|turn|13\n|choice|move foulplay|move softboiled\n|\n|move|p2a: Mew|Soft-Boiled|p2a: Mew\n|-heal|p2a: Mew|311\/341\n|move|p1a: Alessia Cara|Foul Play|p2a: Mew\n|-supereffective|p2a: Mew\n|-crit|p2a: Mew\n|-damage|p2a: Mew|53\/341\n|\n|upkeep\n|turn|14\n|choice|move foulplay|move softboiled\n|\n|move|p2a: Mew|Soft-Boiled|p2a: Mew\n|-heal|p2a: Mew|224\/341\n|move|p1a: Alessia Cara|Foul Play|p2a: Mew\n|-supereffective|p2a: Mew\n|-damage|p2a: Mew|44\/341\n|\n|upkeep\n|turn|15\n|choice|move foulplay|move softboiled\n|\n|move|p2a: Mew|Soft-Boiled|p2a: Mew\n|-heal|p2a: Mew|215\/341\n|move|p1a: Alessia Cara|Foul Play|p2a: Mew\n|-supereffective|p2a: Mew\n|-damage|p2a: Mew|47\/341\n|\n|upkeep\n|turn|16\n|choice|move foulplay|move softboiled\n|\n|move|p2a: Mew|Soft-Boiled|p2a: Mew\n|-heal|p2a: Mew|218\/341\n|move|p1a: Alessia Cara|Foul Play|p2a: Mew\n|-supereffective|p2a: Mew\n|-damage|p2a: Mew|26\/341\n|\n|upkeep\n|turn|17\n|choice|move foulplay|move softboiled\n|\n|move|p2a: Mew|Soft-Boiled|p2a: Mew\n|-heal|p2a: Mew|197\/341\n|move|p1a: Alessia Cara|Foul Play|p2a: Mew\n|-supereffective|p2a: Mew\n|-damage|p2a: Mew|5\/341\n|\n|upkeep\n|turn|18\n|choice|move foulplay|move softboiled\n|\n|move|p2a: Mew|Soft-Boiled|p2a: Mew\n|-heal|p2a: Mew|176\/341\n|move|p1a: Alessia Cara|Foul Play|p2a: Mew\n|-supereffective|p2a: Mew\n|-damage|p2a: Mew|0 fnt\n|faint|p2a: Mew\n|\n|upkeep\n|choice||switch 5\n|\n|switch|p2a: Victini|Victini|350\/350\n|turn|19\n|choice|move protect|move blueflare\n|\n|move|p1a: Alessia Cara|Protect|p1a: Alessia Cara\n|-singleturn|p1a: Alessia Cara|Protect\n|move|p2a: Victini|Blue Flare|p1a: Alessia Cara\n|-activate|p1a: Alessia Cara|move: Protect\n|\n|upkeep\n|turn|20\n|choice|switch 2|move blueflare\n|\n|switch|p1a: Carly Rae Jepsen|Chansey, F|642\/642\n|move|p2a: Victini|Blue Flare|p1a: Carly Rae Jepsen\n|-damage|p1a: Carly Rae Jepsen|533\/642\n|\n|upkeep\n|turn|21\n|choice|move stealthrock|move vcreate\n|\n|move|p2a: Victini|V-create|p1a: Carly Rae Jepsen\n|-damage|p1a: Carly Rae Jepsen|232\/642\n|-unboost|p2a: Victini|spe|1\n|-unboost|p2a: Victini|def|1\n|-unboost|p2a: Victini|spd|1\n|move|p1a: Carly Rae Jepsen|Stealth Rock|p2a: Victini\n|-sidestart|p2: Omari P|move: Stealth Rock\n|\n|upkeep\n|turn|22\n|choice|switch 5|move blueflare\n|\n|switch|p1a: Ariana Grande|Toxapex, M|304\/304\n|move|p2a: Victini|Blue Flare|p1a: Ariana Grande\n|-resisted|p1a: Ariana Grande\n|-damage|p1a: Ariana Grande|229\/304\n|\n|-heal|p1a: Ariana Grande|248\/304|[from] item: Black Sludge\n|upkeep\n|turn|23\n|choice|move scald|move thunder\n|\n|move|p2a: Victini|Thunder|p1a: Ariana Grande\n|-supereffective|p1a: Ariana Grande\n|-damage|p1a: Ariana Grande|92\/304\n|move|p1a: Ariana Grande|Scald|p2a: Victini\n|-supereffective|p2a: Victini\n|-damage|p2a: Victini|228\/350\n|\n|-heal|p1a: Ariana Grande|111\/304|[from] item: Black Sludge\n|upkeep\n|turn|24\n|inactive|Kaylss has 120 seconds left.\n|inactive|Omari P has 120 seconds left.\n|choice|switch 3|move blueflare\n|\n|switch|p1a: Madilyn Bailey|Quagsire, F|394\/394\n|move|p2a: Victini|Blue Flare|p1a: Madilyn Bailey\n|-resisted|p1a: Madilyn Bailey\n|-damage|p1a: Madilyn Bailey|247\/394\n|\n|-heal|p1a: Madilyn Bailey|271\/394|[from] item: Leftovers\n|upkeep\n|turn|25\n|choice|switch 6|move blueflare\n|\n|switch|p1a: Chance the Rapper|Tangrowth, M|404\/404\n|move|p2a: Victini|Blue Flare|p1a: Chance the Rapper\n|-supereffective|p1a: Chance the Rapper\n|-damage|p1a: Chance the Rapper|98\/404\n|\n|upkeep\n|turn|26\n|inactive|Omari P has 120 seconds left.\n|choice|move knockoff|move blueflare\n|\n|move|p2a: Victini|Blue Flare|p1a: Chance the Rapper|[miss]\n|-miss|p2a: Victini|p1a: Chance the Rapper\n|move|p1a: Chance the Rapper|Knock Off|p2a: Victini\n|-supereffective|p2a: Victini\n|-damage|p2a: Victini|0 fnt\n|-enditem|p2a: Victini|Assault Vest|[from] move: Knock Off|[of] p1a: Chance the Rapper\n|faint|p2a: Victini\n|\n|upkeep\n|choice||switch 6\n|\n|switch|p2a: Nidoking|Nidoking, M, shiny|351\/351\n|-damage|p2a: Nidoking|330\/351|[from] Stealth Rock\n|turn|27\n|choice|move knockoff|move icebeam\n|\n|move|p2a: Nidoking|Ice Beam|p1a: Chance the Rapper\n|-supereffective|p1a: Chance the Rapper\n|-damage|p1a: Chance the Rapper|0 fnt\n|faint|p1a: Chance the Rapper\n|\n|upkeep\n|choice|switch 5|\n|\n|switch|p1a: Carly Rae Jepsen|Chansey, F|232\/642\n|turn|28\n|c|\u2606Omari P|id say relatively successful\n|choice|move softboiled|move stealthrock\n|\n|move|p2a: Nidoking|Stealth Rock|p1a: Carly Rae Jepsen\n|-sidestart|p1: Kaylss|move: Stealth Rock\n|move|p1a: Carly Rae Jepsen|Soft-Boiled|p1a: Carly Rae Jepsen\n|-heal|p1a: Carly Rae Jepsen|553\/642\n|\n|upkeep\n|turn|29\n|choice|move seismictoss|switch 4\n|\n|switch|p2a: Genie|Hoopa-Unbound|301\/301\n|-damage|p2a: Genie|264\/301|[from] Stealth Rock\n|move|p1a: Carly Rae Jepsen|Seismic Toss|p2a: Genie\n|-damage|p2a: Genie|164\/301\n|\n|upkeep\n|turn|30\n|inactive|Kaylss has 120 seconds left.\n|inactive|Kaylss has 90 seconds left.\n|choice|switch 6|move hyperspacefury\n|\n|switch|p1a: Madilyn Bailey|Quagsire, F|271\/394\n|-damage|p1a: Madilyn Bailey|247\/394|[from] Stealth Rock\n|move|p2a: Genie|Hyperspace Fury|p1a: Madilyn Bailey\n|-damage|p1a: Madilyn Bailey|79\/394\n|-unboost|p2a: Genie|def|1\n|\n|-heal|p1a: Madilyn Bailey|103\/394|[from] item: Leftovers\n|upkeep\n|turn|31\n|inactive|Kaylss has 120 seconds left.\n|inactive|Omari P has 120 seconds left.\n|inactive|Kaylss has 90 seconds left.\n|inactive|Omari P has 90 seconds left.\n|choice|switch 4|move hyperspacefury\n|\n|switch|p1a: Kanye West|Skarmory, F|334\/334\n|-damage|p1a: Kanye West|293\/334|[from] Stealth Rock\n|move|p2a: Genie|Hyperspace Fury|p1a: Kanye West\n|-damage|p1a: Kanye West|184\/334\n|-unboost|p2a: Genie|def|1\n|\n|upkeep\n|turn|32\n|choice|move roost|switch 4\n|\n|switch|p2a: Nidoking|Nidoking, M, shiny|330\/351\n|-damage|p2a: Nidoking|309\/351|[from] Stealth Rock\n|move|p1a: Kanye West|Roost|p1a: Kanye West\n|-heal|p1a: Kanye West|334\/334\n|\n|upkeep\n|turn|33\n|choice|switch 6|move thunderbolt\n|\n|switch|p1a: Carly Rae Jepsen|Chansey, F|553\/642\n|-damage|p1a: Carly Rae Jepsen|473\/642|[from] Stealth Rock\n|move|p2a: Nidoking|Thunderbolt|p1a: Carly Rae Jepsen\n|-damage|p1a: Carly Rae Jepsen|409\/642\n|\n|upkeep\n|turn|34\n|choice|move softboiled|switch 4\n|\n|switch|p2a: Genie|Hoopa-Unbound|164\/301\n|-damage|p2a: Genie|127\/301|[from] Stealth Rock\n|move|p1a: Carly Rae Jepsen|Soft-Boiled|p1a: Carly Rae Jepsen\n|-heal|p1a: Carly Rae Jepsen|642\/642\n|\n|upkeep\n|turn|35\n|choice|switch 3|move drainpunch\n|\n|switch|p1a: Ariana Grande|Toxapex, M|212\/304\n|-damage|p1a: Ariana Grande|174\/304|[from] Stealth Rock\n|move|p2a: Genie|Drain Punch|p1a: Ariana Grande\n|-resisted|p1a: Ariana Grande\n|-damage|p1a: Ariana Grande|146\/304\n|-heal|p2a: Genie|141\/301|[from] drain|[of] p1a: Ariana Grande\n|\n|-heal|p1a: Ariana Grande|165\/304|[from] item: Black Sludge\n|upkeep\n|turn|36\n|choice|move toxicspikes|switch 4\n|\n|switch|p2a: Nidoking|Nidoking, M, shiny|309\/351\n|-damage|p2a: Nidoking|288\/351|[from] Stealth Rock\n|move|p1a: Ariana Grande|Toxic Spikes|p2a: Nidoking\n|-sidestart|p2: Omari P|move: Toxic Spikes\n|\n|-heal|p1a: Ariana Grande|184\/304|[from] item: Black Sludge\n|upkeep\n|turn|37\n|choice|switch 3|switch 3\n|\n|switch|p2a: Mandibuzz|Mandibuzz, F, shiny|411\/411\n|-damage|p2a: Mandibuzz|309\/411|[from] Stealth Rock\n|switch|p1a: Carly Rae Jepsen|Chansey, F|642\/642\n|-damage|p1a: Carly Rae Jepsen|562\/642|[from] Stealth Rock\n|\n|upkeep\n|turn|38\n|choice|switch 3|move defog\n|\n|switch|p1a: Ariana Grande|Toxapex, M|285\/304\n|-damage|p1a: Ariana Grande|247\/304|[from] Stealth Rock\n|move|p2a: Mandibuzz|Defog|p1a: Ariana Grande\n|-unboost|p1a: Ariana Grande|evasion|1\n|-sideend|p1: Kaylss|Stealth Rock|[from] move: Defog|[of] p1a: Ariana Grande\n|-sideend|p2: Omari P|Toxic Spikes|[from] move: Defog|[of] p2a: Mandibuzz\n|-sideend|p2: Omari P|Stealth Rock|[from] move: Defog|[of] p2a: Mandibuzz\n|\n|-heal|p1a: Ariana Grande|266\/304|[from] item: Black Sludge\n|upkeep\n|turn|39\n|inactive|Omari P has 120 seconds left.\n|choice|move scald|switch 3\n|\n|switch|p2a: Nidoking|Nidoking, M, shiny|288\/351\n|move|p1a: Ariana Grande|Scald|p2a: Nidoking\n|-supereffective|p2a: Nidoking\n|-crit|p2a: Nidoking\n|-damage|p2a: Nidoking|58\/351\n|\n|-heal|p1a: Ariana Grande|285\/304|[from] item: Black Sludge\n|upkeep\n|turn|40\n|choice|switch 3|move earthpower\n|\n|switch|p1a: Carly Rae Jepsen|Chansey, F|562\/642\n|move|p2a: Nidoking|Earth Power|p1a: Carly Rae Jepsen\n|-damage|p1a: Carly Rae Jepsen|472\/642\n|\n|upkeep\n|turn|41\n|choice|move stealthrock|move stealthrock\n|\n|move|p2a: Nidoking|Stealth Rock|p1a: Carly Rae Jepsen\n|-sidestart|p1: Kaylss|move: Stealth Rock\n|move|p1a: Carly Rae Jepsen|Stealth Rock|p2a: Nidoking\n|-sidestart|p2: Omari P|move: Stealth Rock\n|\n|upkeep\n|turn|42\n|choice|move seismictoss|move earthpower\n|\n|move|p2a: Nidoking|Earth Power|p1a: Carly Rae Jepsen\n|-damage|p1a: Carly Rae Jepsen|385\/642\n|move|p1a: Carly Rae Jepsen|Seismic Toss|p2a: Nidoking\n|-damage|p2a: Nidoking|0 fnt\n|faint|p2a: Nidoking\n|\n|upkeep\n|inactive|Omari P has 120 seconds left.\n|choice||switch 4\n|\n|switch|p2a: Genie|Hoopa-Unbound|141\/301\n|-damage|p2a: Genie|104\/301|[from] Stealth Rock\n|turn|43\n|choice|switch 4|move hyperspacehole\n|\n|switch|p1a: Madilyn Bailey|Quagsire, F|103\/394\n|-damage|p1a: Madilyn Bailey|79\/394|[from] Stealth Rock\n|move|p2a: Genie|Hyperspace Hole|p1a: Madilyn Bailey\n|-damage|p1a: Madilyn Bailey|0 fnt\n|faint|p1a: Madilyn Bailey\n|\n|upkeep\n|choice|switch 4|\n|\n|switch|p1a: Carly Rae Jepsen|Chansey, F|385\/642\n|-damage|p1a: Carly Rae Jepsen|305\/642|[from] Stealth Rock\n|turn|44\n|choice|move softboiled|switch 2\n|\n|switch|p2a: Staraptor|Staraptor, F, shiny|312\/312\n|-damage|p2a: Staraptor|234\/312|[from] Stealth Rock\n|move|p1a: Carly Rae Jepsen|Soft-Boiled|p1a: Carly Rae Jepsen\n|-heal|p1a: Carly Rae Jepsen|626\/642\n|\n|upkeep\n|turn|45\n|choice|switch 3|move bravebird\n|\n|switch|p1a: Ariana Grande|Toxapex, M|304\/304\n|-damage|p1a: Ariana Grande|266\/304|[from] Stealth Rock\n|move|p2a: Staraptor|Brave Bird|p1a: Ariana Grande\n|-damage|p1a: Ariana Grande|133\/304\n|-damage|p2a: Staraptor|190\/312|[from] Recoil|[of] p1a: Ariana Grande\n|\n|-heal|p1a: Ariana Grande|152\/304|[from] item: Black Sludge\n|upkeep\n|turn|46\n|choice|move recover|move bravebird\n|\n|move|p2a: Staraptor|Brave Bird|p1a: Ariana Grande\n|-damage|p1a: Ariana Grande|8\/304\n|-damage|p2a: Staraptor|142\/312|[from] Recoil|[of] p1a: Ariana Grande\n|move|p1a: Ariana Grande|Recover|p1a: Ariana Grande\n|-heal|p1a: Ariana Grande|160\/304\n|\n|-heal|p1a: Ariana Grande|179\/304|[from] item: Black Sludge\n|upkeep\n|turn|47\n|choice|move recover|switch 2\n|\n|switch|p2a: Genie|Hoopa-Unbound|104\/301\n|-damage|p2a: Genie|67\/301|[from] Stealth Rock\n|move|p1a: Ariana Grande|Recover|p1a: Ariana Grande\n|-heal|p1a: Ariana Grande|304\/304\n|\n|upkeep\n|turn|48\n|inactive|Kaylss has 120 seconds left.\n|choice|switch 2|move hyperspacefury\n|\n|switch|p1a: Alessia Cara|Sableye-Mega, F|303\/303\n|-damage|p1a: Alessia Cara|266\/303|[from] Stealth Rock\n|move|p2a: Genie|Hyperspace Fury|p1a: Alessia Cara\n|-damage|p1a: Alessia Cara|137\/303\n|-unboost|p2a: Genie|def|1\n|\n|upkeep\n|turn|49\n|choice|move recover|move hyperspacefury\n|\n|move|p2a: Genie|Hyperspace Fury|p1a: Alessia Cara\n|-damage|p1a: Alessia Cara|4\/303\n|-unboost|p2a: Genie|def|1\n|move|p1a: Alessia Cara|Recover|p1a: Alessia Cara\n|-heal|p1a: Alessia Cara|156\/303\n|\n|upkeep\n|turn|50\n|choice|move recover|move hyperspacefury\n|\n|move|p2a: Genie|Hyperspace Fury|p1a: Alessia Cara\n|-damage|p1a: Alessia Cara|32\/303\n|-unboost|p2a: Genie|def|1\n|move|p1a: Alessia Cara|Recover|p1a: Alessia Cara\n|-heal|p1a: Alessia Cara|184\/303\n|\n|upkeep\n|turn|51\n|choice|move recover|move hyperspacefury\n|\n|move|p2a: Genie|Hyperspace Fury|p1a: Alessia Cara\n|-damage|p1a: Alessia Cara|70\/303\n|-unboost|p2a: Genie|def|1\n|move|p1a: Alessia Cara|Recover|p1a: Alessia Cara\n|-heal|p1a: Alessia Cara|222\/303\n|\n|upkeep\n|turn|52\n|choice|move foulplay|move hyperspacefury\n|\n|move|p2a: Genie|Hyperspace Fury|p1a: Alessia Cara\n|-damage|p1a: Alessia Cara|104\/303\n|-unboost|p2a: Genie|def|1\n|move|p1a: Alessia Cara|Foul Play|p2a: Genie\n|-damage|p2a: Genie|0 fnt\n|faint|p2a: Genie\n|\n|upkeep\n|-message|Omari P forfeited.\n|\n|win|Kaylss\n|l|Omari P\n|raw|Kaylss's rating: 1656 &rarr; <strong>1674<\/strong><br \/>(+18 for winning)\n|raw|Omari P's rating: 1618 &rarr; <strong>1601<\/strong><br \/>(-17 for losing)\n|c|\u2606Kaylss|\/log Kaylss made this room public.","inputlog":null,"uploadtime":1503349562,"views":26,"p1id":"kaylss","p2id":"omarip","formatid":"gen7ou","rating":1601,"private":0,"password":null}