{"id":"gen7ou-800329510","p1":"CarlyBae","p2":"Nyandroo","format":"gen7ou","log":"|j|\u2606CarlyBae\n|j|\u2606Nyandroo\n|player|p1|CarlyBae|2\n|player|p2|Nyandroo|20\n|teamsize|p1|6\n|teamsize|p2|6\n|gametype|singles\n|gen|7\n|tier|[Gen 7] OU\n|rated|\n|rule|Sleep Clause Mod: Limit one foe put to sleep\n|rule|Species Clause: Limit one of each Pok\u00e9mon\n|rule|OHKO Clause: OHKO moves are banned\n|rule|Moody Clause: Moody is banned\n|rule|Evasion Moves Clause: Evasion moves are banned\n|rule|Endless Battle Clause: Forcing endless battles is banned\n|rule|HP Percentage Mod: HP is shown in percentages\n|clearpoke\n|poke|p1|Heatran, M|item\n|poke|p1|Scizor, F|item\n|poke|p1|Mew|item\n|poke|p1|Mantine, F|item\n|poke|p1|Zygarde|item\n|poke|p1|Celesteela|item\n|poke|p2|Landorus-Therian, M|item\n|poke|p2|Cobalion|item\n|poke|p2|Ditto|item\n|poke|p2|Kingdra, M|item\n|poke|p2|Purugly, M|item\n|poke|p2|Garchomp, M|item\n|teampreview\n|j| Jhepri\n|c|\u2606CarlyBae|\/log CarlyBae made this room hidden.\n|inactive|Battle timer is ON: inactive players will automatically lose when time's up. (requested by Nyandroo)\n|c| Jhepri|trying to hide?\n|\n|start\n|switch|p1a: Celesteela|Celesteela|100\/100\n|switch|p2a: Kingdra|Kingdra, M|100\/100\n|turn|1\n|\n|switch|p1a: Mantine|Mantine, F|100\/100\n|move|p2a: Kingdra|Focus Energy|p2a: Kingdra\n|-start|p2a: Kingdra|move: Focus Energy\n|\n|upkeep\n|turn|2\n|\n|move|p2a: Kingdra|Draco Meteor|p1a: Mantine\n|-crit|p1a: Mantine\n|-damage|p1a: Mantine|36\/100\n|-unboost|p2a: Kingdra|spa|2\n|move|p1a: Mantine|Toxic|p2a: Kingdra\n|-status|p2a: Kingdra|tox\n|\n|-heal|p1a: Mantine|42\/100|[from] item: Leftovers\n|-damage|p2a: Kingdra|94\/100 tox|[from] psn\n|upkeep\n|turn|3\n|\n|switch|p1a: Heatran|Heatran, M|100\/100\n|move|p2a: Kingdra|Hydro Pump|p1a: Heatran\n|-supereffective|p1a: Heatran\n|-crit|p1a: Heatran\n|-damage|p1a: Heatran|0\n|faint|p1a: Heatran\n|\n|-damage|p2a: Kingdra|82\/100 tox|[from] psn\n|upkeep\n|\n|switch|p1a: Celesteela|Celesteela|100\/100\n|turn|4\n|\n|move|p2a: Kingdra|Hydro Pump|p1a: Celesteela|[miss]\n|-miss|p2a: Kingdra|p1a: Celesteela\n|move|p1a: Celesteela|Leech Seed|p2a: Kingdra\n|-start|p2a: Kingdra|move: Leech Seed\n|\n|-damage|p2a: Kingdra|70\/100 tox|[from] Leech Seed|[of] p1a: Celesteela\n|-damage|p2a: Kingdra|51\/100 tox|[from] psn\n|upkeep\n|turn|5\n|c| Jhepri|shameful\n|\n|switch|p2a: Landorus|Landorus-Therian, M|100\/100\n|-ability|p2a: Landorus|Intimidate|boost\n|-unboost|p1a: Celesteela|atk|1\n|move|p1a: Celesteela|Protect|p1a: Celesteela\n|-fail|p1a: Celesteela\n|\n|upkeep\n|turn|6\n|\n|move|p2a: Landorus|Stealth Rock|p1a: Celesteela\n|-sidestart|p1: CarlyBae|move: Stealth Rock\n|move|p1a: Celesteela|Leech Seed|p2a: Landorus\n|-start|p2a: Landorus|move: Leech Seed\n|\n|-damage|p2a: Landorus|88\/100|[from] Leech Seed|[of] p1a: Celesteela\n|upkeep\n|turn|7\n|\n|switch|p2a: Garchomp|Garchomp, M|100\/100\n|move|p1a: Celesteela|Leech Seed|p2a: Garchomp\n|-start|p2a: Garchomp|move: Leech Seed\n|\n|-damage|p2a: Garchomp|88\/100|[from] Leech Seed|[of] p1a: Celesteela\n|upkeep\n|turn|8\n|\n|switch|p2a: Cobalion|Cobalion|100\/100\n|move|p1a: Celesteela|Heavy Slam|p2a: Cobalion\n|-resisted|p2a: Cobalion\n|-damage|p2a: Cobalion|92\/100\n|\n|upkeep\n|turn|9\n|\n|move|p2a: Cobalion|Swords Dance|p2a: Cobalion\n|-boost|p2a: Cobalion|atk|2\n|move|p1a: Celesteela|Flamethrower|p2a: Cobalion\n|-supereffective|p2a: Cobalion\n|-crit|p2a: Cobalion\n|-damage|p2a: Cobalion|0\n|faint|p2a: Cobalion\n|-ability|p1a: Celesteela|Beast Boost|boost\n|-boost|p1a: Celesteela|spd|1\n|\n|upkeep\n|\n|switch|p2a: Ditto|Ditto|100\/100\n|-transform|p2a: Ditto|p1a: Celesteela|[from] ability: Imposter\n|turn|10\n|\n|move|p1a: Celesteela|Protect|p1a: Celesteela\n|-singleturn|p1a: Celesteela|Protect\n|move|p2a: Ditto|Leech Seed|p1a: Celesteela\n|-activate|p1a: Celesteela|move: Protect\n|\n|upkeep\n|turn|11\n|\n|switch|p2a: Garchomp|Garchomp, M|88\/100\n|switch|p1a: Mantine|Mantine, F|42\/100\n|-damage|p1a: Mantine|17\/100|[from] Stealth Rock\n|\n|-heal|p1a: Mantine|23\/100|[from] item: Leftovers\n|upkeep\n|turn|12\n|\n|move|p2a: Garchomp|Draco Meteor|p1a: Mantine\n|-damage|p1a: Mantine|0\n|-unboost|p2a: Garchomp|spa|2\n|-damage|p2a: Garchomp|78\/100|[from] item: Life Orb\n|faint|p1a: Mantine\n|\n|upkeep\n|\n|switch|p1a: Celesteela|Celesteela|100\/100\n|-damage|p1a: Celesteela|88\/100|[from] Stealth Rock\n|turn|13\n|\n|switch|p2a: Ditto|Ditto|100\/100\n|-transform|p2a: Ditto|p1a: Celesteela|[from] ability: Imposter\n|move|p1a: Celesteela|Leech Seed|p2a: Ditto\n|-start|p2a: Ditto|move: Leech Seed\n|\n|-heal|p1a: Celesteela|94\/100|[from] item: Leftovers\n|-damage|p2a: Ditto|88\/100|[from] Leech Seed|[of] p1a: Celesteela\n|-heal|p1a: Celesteela|100\/100|[silent]\n|upkeep\n|turn|14\n|\n|move|p1a: Celesteela|Protect|p1a: Celesteela\n|-singleturn|p1a: Celesteela|Protect\n|move|p2a: Ditto|Leech Seed|p1a: Celesteela\n|-activate|p1a: Celesteela|move: Protect\n|\n|-damage|p2a: Ditto|76\/100|[from] Leech Seed|[of] p1a: Celesteela\n|upkeep\n|turn|15\n|\n|switch|p1a: Zygarde|Zygarde|100\/100\n|-damage|p1a: Zygarde|94\/100|[from] Stealth Rock\n|-ability|p1a: Zygarde|Aura Break\n|move|p2a: Ditto|Leech Seed|p1a: Zygarde\n|-start|p1a: Zygarde|move: Leech Seed\n|\n|-heal|p1a: Zygarde|100\/100|[from] item: Leftovers\n|-damage|p1a: Zygarde|88\/100|[from] Leech Seed|[of] p2a: Ditto\n|-heal|p2a: Ditto|93\/100|[silent]\n|-damage|p2a: Ditto|81\/100|[from] Leech Seed|[of] p1a: Zygarde\n|-heal|p1a: Zygarde|97\/100|[silent]\n|upkeep\n|turn|16\n|\n|switch|p1a: Celesteela|Celesteela|100\/100\n|-damage|p1a: Celesteela|88\/100|[from] Stealth Rock\n|move|p2a: Ditto|Leech Seed|p1a: Celesteela\n|-start|p1a: Celesteela|move: Leech Seed\n|\n|-heal|p1a: Celesteela|94\/100|[from] item: Leftovers\n|-damage|p2a: Ditto|68\/100|[from] Leech Seed|[of] p1a: Celesteela\n|-heal|p1a: Celesteela|100\/100|[silent]\n|-damage|p1a: Celesteela|88\/100|[from] Leech Seed|[of] p2a: Ditto\n|-heal|p2a: Ditto|85\/100|[silent]\n|upkeep\n|turn|17\n|\n|switch|p2a: Purugly|Purugly, M|100\/100\n|move|p1a: Celesteela|Leech Seed|p2a: Purugly\n|-start|p2a: Purugly|move: Leech Seed\n|\n|-heal|p1a: Celesteela|94\/100|[from] item: Leftovers\n|-damage|p2a: Purugly|88\/100|[from] Leech Seed|[of] p1a: Celesteela\n|-heal|p1a: Celesteela|100\/100|[silent]\n|-damage|p1a: Celesteela|88\/100|[from] Leech Seed|[of] p2a: Purugly\n|-heal|p2a: Purugly|100\/100|[silent]\n|upkeep\n|turn|18\n|\n|switch|p1a: Scizor|Scizor, F|100\/100\n|-damage|p1a: Scizor|88\/100|[from] Stealth Rock\n|move|p2a: Purugly|U-turn|p1a: Scizor\n|-resisted|p1a: Scizor\n|-damage|p1a: Scizor|79\/100\n|-damage|p2a: Purugly|91\/100|[from] item: Life Orb\n|\n|switch|p2a: Garchomp|Garchomp, M|78\/100\n|\n|upkeep\n|turn|19\n|\n|switch|p1a: Mew|Mew|100\/100\n|-damage|p1a: Mew|88\/100|[from] Stealth Rock\n|move|p2a: Garchomp|Fire Blast|p1a: Mew\n|-damage|p1a: Mew|57\/100\n|-damage|p2a: Garchomp|69\/100|[from] item: Life Orb\n|\n|-heal|p1a: Mew|63\/100|[from] item: Leftovers\n|upkeep\n|turn|20\n|\n|move|p2a: Garchomp|Earthquake|p1a: Mew\n|-damage|p1a: Mew|28\/100\n|-damage|p2a: Garchomp|59\/100|[from] item: Life Orb\n|move|p1a: Mew|Soft-Boiled|p1a: Mew\n|-heal|p1a: Mew|78\/100\n|\n|-heal|p1a: Mew|84\/100|[from] item: Leftovers\n|upkeep\n|turn|21\n|\n|switch|p2a: Purugly|Purugly, M|91\/100\n|move|p1a: Mew|Soft-Boiled|p1a: Mew\n|-heal|p1a: Mew|100\/100\n|\n|upkeep\n|turn|22\n|\n|move|p2a: Purugly|Knock Off|p1a: Mew\n|-supereffective|p1a: Mew\n|-damage|p1a: Mew|61\/100\n|-enditem|p1a: Mew|Leftovers|[from] move: Knock Off|[of] p2a: Purugly\n|-damage|p2a: Purugly|81\/100|[from] item: Life Orb\n|move|p1a: Mew|Soft-Boiled|p1a: Mew\n|-heal|p1a: Mew|100\/100\n|\n|upkeep\n|turn|23\n|\n|move|p2a: Purugly|Knock Off|p1a: Mew\n|-supereffective|p1a: Mew\n|-damage|p1a: Mew|75\/100\n|-damage|p2a: Purugly|71\/100|[from] item: Life Orb\n|move|p1a: Mew|Soft-Boiled|p1a: Mew\n|-heal|p1a: Mew|100\/100\n|\n|upkeep\n|turn|24\n|\n|move|p2a: Purugly|U-turn|p1a: Mew\n|-supereffective|p1a: Mew\n|-damage|p1a: Mew|69\/100\n|-damage|p2a: Purugly|61\/100|[from] item: Life Orb\n|\n|switch|p2a: Kingdra|Kingdra, M|51\/100 tox\n|move|p1a: Mew|Will-O-Wisp|p2a: Kingdra\n|-fail|p2a: Kingdra\n|\n|-damage|p2a: Kingdra|45\/100 tox|[from] psn\n|upkeep\n|turn|25\n|\n|move|p2a: Kingdra|Focus Energy|p2a: Kingdra\n|-start|p2a: Kingdra|move: Focus Energy\n|move|p1a: Mew|Psychic|p2a: Kingdra\n|-damage|p2a: Kingdra|6\/100 tox\n|\n|-damage|p2a: Kingdra|0 tox|[from] psn\n|upkeep\n|faint|p2a: Kingdra\n|\n|switch|p2a: Garchomp|Garchomp, M|59\/100\n|turn|26\n|\n|move|p2a: Garchomp|Draco Meteor|p1a: Mew\n|-damage|p1a: Mew|19\/100\n|-unboost|p2a: Garchomp|spa|2\n|-damage|p2a: Garchomp|49\/100|[from] item: Life Orb\n|move|p1a: Mew|Soft-Boiled|p1a: Mew\n|-heal|p1a: Mew|69\/100\n|\n|upkeep\n|turn|27\n|\n|switch|p2a: Ditto|Ditto|85\/100\n|-transform|p2a: Ditto|p1a: Mew|[from] ability: Imposter\n|move|p1a: Mew|Soft-Boiled|p1a: Mew\n|-heal|p1a: Mew|100\/100\n|\n|upkeep\n|turn|28\n|\n|switch|p1a: Zygarde|Zygarde|97\/100\n|-damage|p1a: Zygarde|91\/100|[from] Stealth Rock\n|-ability|p1a: Zygarde|Aura Break\n|move|p2a: Ditto|Will-O-Wisp|p1a: Zygarde\n|-status|p1a: Zygarde|brn\n|\n|-heal|p1a: Zygarde|97\/100 brn|[from] item: Leftovers\n|-damage|p1a: Zygarde|91\/100 brn|[from] brn\n|upkeep\n|turn|29\n|\n|switch|p2a: Landorus|Landorus-Therian, M|88\/100\n|-ability|p2a: Landorus|Intimidate|boost\n|-unboost|p1a: Zygarde|atk|1\n|move|p1a: Zygarde|Rest|p1a: Zygarde\n|-status|p1a: Zygarde|slp\n|-heal|p1a: Zygarde|100\/100 slp|[silent]\n|-status|p1a: Zygarde|slp|[from] move: Rest\n|\n|-heal|p2a: Landorus|94\/100|[from] item: Leftovers\n|upkeep\n|turn|30\n|\n|switch|p1a: Celesteela|Celesteela|88\/100\n|-damage|p1a: Celesteela|76\/100|[from] Stealth Rock\n|move|p2a: Landorus|U-turn|p1a: Celesteela\n|-resisted|p1a: Celesteela\n|-damage|p1a: Celesteela|72\/100\n|\n|switch|p2a: Garchomp|Garchomp, M|49\/100\n|\n|-heal|p1a: Celesteela|78\/100|[from] item: Leftovers\n|upkeep\n|turn|31\n|inactive|CarlyBae has 120 seconds left.\n|\n|switch|p1a: Mew|Mew|100\/100\n|-damage|p1a: Mew|88\/100|[from] Stealth Rock\n|move|p2a: Garchomp|Earthquake|p1a: Mew\n|-damage|p1a: Mew|54\/100\n|-damage|p2a: Garchomp|39\/100|[from] item: Life Orb\n|\n|upkeep\n|turn|32\n|\n|move|p2a: Garchomp|Draco Meteor|p1a: Mew\n|-crit|p1a: Mew\n|-damage|p1a: Mew|0\n|-unboost|p2a: Garchomp|spa|2\n|-damage|p2a: Garchomp|29\/100|[from] item: Life Orb\n|faint|p1a: Mew\n|\n|upkeep\n|c| Jhepri|finally\n|c|\u2606Nyandroo|call me champ\n|\n|switch|p1a: Celesteela|Celesteela|78\/100\n|-damage|p1a: Celesteela|65\/100|[from] Stealth Rock\n|turn|33\n|\n|switch|p2a: Ditto|Ditto|85\/100\n|-transform|p2a: Ditto|p1a: Celesteela|[from] ability: Imposter\n|move|p1a: Celesteela|Leech Seed|p2a: Ditto\n|-start|p2a: Ditto|move: Leech Seed\n|\n|-heal|p1a: Celesteela|71\/100|[from] item: Leftovers\n|-damage|p2a: Ditto|72\/100|[from] Leech Seed|[of] p1a: Celesteela\n|-heal|p1a: Celesteela|81\/100|[silent]\n|upkeep\n|turn|34\n|\n|move|p1a: Celesteela|Protect|p1a: Celesteela\n|-singleturn|p1a: Celesteela|Protect\n|move|p2a: Ditto|Leech Seed|p1a: Celesteela\n|-activate|p1a: Celesteela|move: Protect\n|\n|-heal|p1a: Celesteela|87\/100|[from] item: Leftovers\n|-damage|p2a: Ditto|60\/100|[from] Leech Seed|[of] p1a: Celesteela\n|-heal|p1a: Celesteela|96\/100|[silent]\n|upkeep\n|turn|35\n|\n|move|p2a: Ditto|Leech Seed|p1a: Celesteela\n|-start|p1a: Celesteela|move: Leech Seed\n|move|p1a: Celesteela|Flamethrower|p2a: Ditto\n|-supereffective|p2a: Ditto\n|-crit|p2a: Ditto\n|-damage|p2a: Ditto|0\n|faint|p2a: Ditto\n|-ability|p1a: Celesteela|Beast Boost|boost\n|-boost|p1a: Celesteela|spd|1\n|\n|-heal|p1a: Celesteela|100\/100|[from] item: Leftovers\n|upkeep\n|\n|switch|p2a: Purugly|Purugly, M|61\/100\n|turn|36\n|\n|switch|p1a: Zygarde|Zygarde|100\/100 slp\n|-damage|p1a: Zygarde|94\/100 slp|[from] Stealth Rock\n|-ability|p1a: Zygarde|Aura Break\n|move|p2a: Purugly|Knock Off|p1a: Zygarde\n|-damage|p1a: Zygarde|70\/100 slp\n|-enditem|p1a: Zygarde|Leftovers|[from] move: Knock Off|[of] p2a: Purugly\n|-damage|p2a: Purugly|51\/100|[from] item: Life Orb\n|\n|upkeep\n|turn|37\n|\n|move|p2a: Purugly|U-turn|p1a: Zygarde\n|-damage|p1a: Zygarde|54\/100 slp\n|-damage|p2a: Purugly|41\/100|[from] item: Life Orb\n|\n|switch|p2a: Landorus|Landorus-Therian, M|94\/100\n|-ability|p2a: Landorus|Intimidate|boost\n|-unboost|p1a: Zygarde|atk|1\n|cant|p1a: Zygarde|slp\n|move|p1a: Zygarde|Sleep Talk|p1a: Zygarde\n|move|p1a: Zygarde|Rest|p1a: Zygarde|[from]Sleep Talk\n|-fail|p1a: Zygarde\n|\n|-heal|p2a: Landorus|99\/100|[from] item: Leftovers\n|upkeep\n|turn|38\n|\n|cant|p1a: Zygarde|slp\n|move|p1a: Zygarde|Sleep Talk|p1a: Zygarde\n|move|p1a: Zygarde|Rest|p1a: Zygarde|[from]Sleep Talk\n|-fail|p1a: Zygarde\n|move|p2a: Landorus|Hidden Power|p1a: Zygarde\n|-supereffective|p1a: Zygarde\n|-damage|p1a: Zygarde|19\/100 slp\n|\n|-heal|p2a: Landorus|100\/100|[from] item: Leftovers\n|upkeep\n|turn|39\n|\n|-curestatus|p1a: Zygarde|slp|[msg]\n|move|p1a: Zygarde|Rest|p1a: Zygarde\n|-status|p1a: Zygarde|slp\n|-heal|p1a: Zygarde|100\/100 slp|[silent]\n|-status|p1a: Zygarde|slp|[from] move: Rest\n|move|p2a: Landorus|Hidden Power|p1a: Zygarde\n|-supereffective|p1a: Zygarde\n|-damage|p1a: Zygarde|63\/100 slp\n|\n|upkeep\n|turn|40\n|\n|switch|p2a: Garchomp|Garchomp, M|29\/100\n|cant|p1a: Zygarde|slp\n|move|p1a: Zygarde|Sleep Talk|p1a: Zygarde\n|move|p1a: Zygarde|Thousand Arrows|p2a: Garchomp|[from]Sleep Talk\n|-damage|p2a: Garchomp|9\/100\n|\n|upkeep\n|turn|41\n|\n|move|p2a: Garchomp|Fire Blast|p1a: Zygarde\n|-resisted|p1a: Zygarde\n|-damage|p1a: Zygarde|50\/100 slp\n|-damage|p2a: Garchomp|0|[from] item: Life Orb\n|faint|p2a: Garchomp\n|cant|p1a: Zygarde|slp\n|move|p1a: Zygarde|Sleep Talk|p1a: Zygarde\n|move|p1a: Zygarde|Rest|p1a: Zygarde|[from]Sleep Talk\n|-fail|p1a: Zygarde\n|\n|upkeep\n|-message|Nyandroo forfeited.\n|\n|win|CarlyBae\n|l|\u2606Nyandroo\n|c|\u2606CarlyBae|gg\n|c|\u2606CarlyBae|champ\n|c| Jhepri|trash\n|c|\u2606CarlyBae|\/log CarlyBae made this room public.\n","uploadtime":1535999798,"views":7,"p1id":"carlybae","p2id":"nyandroo","formatid":"gen7ou","rating":0,"private":0,"password":null}