{"id":"gen7ou-1683911979","p1":"Lucians Call","p2":"eu","format":"gen7ou","log":"|j|\u2606Lucians Call\n|j|\u2606eu\n|t:|1665583534\n|gametype|singles\n|player|p1|Lucians Call|furisodegirl-blue|\n|player|p2|eu|lisia|\n|teamsize|p1|6\n|teamsize|p2|6\n|gen|7\n|tier|[Gen 7] OU\n|rule|Sleep Clause Mod: Limit one foe put to sleep\n|rule|Species Clause: Limit one of each Pok\u00e9mon\n|rule|OHKO Clause: OHKO moves are banned\n|rule|Moody Clause: Moody is banned\n|rule|Evasion Items Clause: Evasion items are banned\n|rule|Evasion Moves Clause: Evasion moves are banned\n|rule|Endless Battle Clause: Forcing endless battles is banned\n|rule|HP Percentage Mod: HP is shown in percentages\n|clearpoke\n|poke|p1|Blastoise, F|item\n|poke|p1|Zapdos|item\n|poke|p1|Tapu Fini|item\n|poke|p1|Zangoose, F|item\n|poke|p1|Ferrothorn, F|item\n|poke|p1|Landorus-Therian, M|item\n|poke|p2|Gyarados, F|item\n|poke|p2|Excadrill, F|item\n|poke|p2|Victini|item\n|poke|p2|Greninja, M|item\n|poke|p2|Kommo-o, M|item\n|poke|p2|Magearna|item\n|teampreview\n|inactive|Battle timer is ON: inactive players will automatically lose when time's up. (requested by eu)\n|c|\u2606eu|hf\n|c|\u2606Lucians Call|u2\n|l|\u2606Lucians Call\n|inactive|Lucians Call disconnected and has 300 seconds to reconnect!\n|player|p1|\n|j|\u2606Lucians Call\n|inactive|Lucians Call reconnected and has 280 seconds left.\n|player|p1|Lucians Call|furisodegirl-blue\n|inactive|eu has 270 seconds left.\n|inactive|Lucians Call has 270 seconds left.\n|\n|t:|1665583575\n|start\n|switch|p1a: Blastoise|Blastoise, F|100\/100\n|switch|p2a: Gloria|Greninja, M|100\/100\n|turn|1\n|\n|t:|1665583583\n|detailschange|p1a: Blastoise|Blastoise-Mega, F\n|-mega|p1a: Blastoise|Blastoise|Blastoisinite\n|move|p2a: Gloria|Spikes|p1a: Blastoise\n|-start|p2a: Gloria|typechange|Ground|[from] ability: Protean\n|-sidestart|p1: Lucians Call|Spikes\n|move|p1a: Blastoise|Water Pulse|p2a: Gloria\n|-supereffective|p2a: Gloria\n|-enditem|p2a: Gloria|Focus Sash\n|-damage|p2a: Gloria|1\/100\n|\n|upkeep\n|turn|2\n|\n|t:|1665583589\n|move|p2a: Gloria|Spikes|p1a: Blastoise\n|-sidestart|p1: Lucians Call|Spikes\n|move|p1a: Blastoise|Rapid Spin|p2a: Gloria\n|-crit|p2a: Gloria\n|-damage|p2a: Gloria|0 fnt\n|-sideend|p1: Lucians Call|Spikes|[from] move: Rapid Spin|[of] p1a: Blastoise\n|faint|p2a: Gloria\n|\n|upkeep\n|\n|t:|1665583603\n|switch|p2a: Eva|Excadrill, F|100\/100\n|-ability|p2a: Eva|Mold Breaker\n|turn|3\n|\n|t:|1665583611\n|move|p2a: Eva|Rock Tomb|p1a: Blastoise\n|-damage|p1a: Blastoise|81\/100\n|-unboost|p1a: Blastoise|spe|1\n|move|p1a: Blastoise|Water Pulse|p2a: Eva\n|-supereffective|p2a: Eva\n|-enditem|p2a: Eva|Focus Sash\n|-damage|p2a: Eva|1\/100\n|\n|upkeep\n|turn|4\n|\n|t:|1665583614\n|move|p2a: Eva|Stealth Rock|p1a: Blastoise\n|-sidestart|p1: Lucians Call|move: Stealth Rock\n|move|p1a: Blastoise|Rapid Spin|p2a: Eva\n|-resisted|p2a: Eva\n|-damage|p2a: Eva|0 fnt\n|-sideend|p1: Lucians Call|Stealth Rock|[from] move: Rapid Spin|[of] p1a: Blastoise\n|faint|p2a: Eva\n|\n|upkeep\n|\n|t:|1665583617\n|switch|p2a: Melanie|Magearna|100\/100\n|turn|5\n|\n|t:|1665583620\n|move|p2a: Melanie|Shift Gear|p2a: Melanie\n|-boost|p2a: Melanie|spe|2\n|-boost|p2a: Melanie|atk|1\n|move|p1a: Blastoise|Water Pulse|p2a: Melanie\n|-damage|p2a: Melanie|44\/100\n|\n|-heal|p2a: Melanie|50\/100|[from] item: Leftovers\n|upkeep\n|turn|6\n|j| valuee\n|\n|t:|1665583624\n|move|p2a: Melanie|Thunderbolt|p1a: Blastoise\n|-supereffective|p1a: Blastoise\n|-damage|p1a: Blastoise|17\/100\n|move|p1a: Blastoise|Water Pulse|p2a: Melanie\n|-damage|p2a: Melanie|0 fnt\n|faint|p2a: Melanie\n|\n|upkeep\n|\n|t:|1665583643\n|switch|p2a: Kathi|Kommo-o, M|100\/100\n|turn|7\n|\n|t:|1665583648\n|move|p2a: Kathi|Substitute|p2a: Kathi\n|-start|p2a: Kathi|Substitute\n|-damage|p2a: Kathi|75\/100\n|move|p1a: Blastoise|Ice Beam|p2a: Kathi\n|-supereffective|p2a: Kathi\n|-end|p2a: Kathi|Substitute\n|\n|upkeep\n|turn|8\n|\n|t:|1665583652\n|move|p2a: Kathi|Drain Punch|p1a: Blastoise\n|-damage|p1a: Blastoise|0 fnt\n|-heal|p2a: Kathi|84\/100|[from] drain|[of] p1a: Blastoise\n|faint|p1a: Blastoise\n|\n|upkeep\n|\n|t:|1665583659\n|switch|p1a: Tapu Fini|Tapu Fini|100\/100\n|-fieldstart|move: Misty Terrain|[from] ability: Misty Surge|[of] p1a: Tapu Fini\n|turn|9\n|\n|t:|1665583663\n|switch|p2a: Victoria|Victini|100\/100\n|move|p1a: Tapu Fini|Moonblast|p2a: Victoria\n|-resisted|p2a: Victoria\n|-damage|p2a: Victoria|86\/100\n|\n|upkeep\n|turn|10\n|\n|t:|1665583666\n|-zpower|p2a: Victoria\n|move|p2a: Victoria|Z-Celebrate|p2a: Victoria|[anim]Celebrate\n|-boost|p2a: Victoria|atk|1|[zeffect]\n|-boost|p2a: Victoria|def|1|[zeffect]\n|-boost|p2a: Victoria|spa|1|[zeffect]\n|-boost|p2a: Victoria|spd|1|[zeffect]\n|-boost|p2a: Victoria|spe|1|[zeffect]\n|-activate|p2a: Victoria|move: Celebrate\n|move|p1a: Tapu Fini|Nature's Madness|p2a: Victoria\n|-damage|p2a: Victoria|43\/100\n|\n|upkeep\n|turn|11\n|\n|t:|1665583677\n|switch|p1a: Ferrothorn|Ferrothorn, F|100\/100\n|move|p2a: Victoria|Stored Power|p1a: Ferrothorn\n|-resisted|p1a: Ferrothorn\n|-damage|p1a: Ferrothorn|75\/100\n|\n|-heal|p1a: Ferrothorn|81\/100|[from] item: Leftovers\n|upkeep\n|turn|12\n|\n|t:|1665583679\n|move|p2a: Victoria|Fire Blast|p1a: Ferrothorn\n|-supereffective|p1a: Ferrothorn\n|-damage|p1a: Ferrothorn|0 fnt\n|faint|p1a: Ferrothorn\n|\n|upkeep\n|j| mgtcp10\n|inactive|Lucians Call has 270 seconds left.\n|\n|t:|1665583718\n|switch|p1a: Landorus|Landorus-Therian, M|100\/100\n|-ability|p1a: Landorus|Intimidate|boost\n|-unboost|p2a: Victoria|atk|1\n|turn|13\n|\n|t:|1665583723\n|move|p2a: Victoria|Fire Blast|p1a: Landorus\n|-crit|p1a: Landorus\n|-damage|p1a: Landorus|0 fnt\n|faint|p1a: Landorus\n|\n|-fieldend|Misty Terrain\n|upkeep\n|c|\u2606Lucians Call|bro\n|c|\u2606eu|mb\n|inactive|Lucians Call has 270 seconds left.\n|j| SNAK30PRA\n|inactive|Lucians Call has 240 seconds left.\n|\n|t:|1665583777\n|switch|p1a: Zapdos|Zapdos|100\/100\n|turn|14\n|\n|t:|1665583783\n|move|p2a: Victoria|Fire Blast|p1a: Zapdos\n|-damage|p1a: Zapdos|15\/100\n|-zpower|p1a: Zapdos\n|move|p1a: Zapdos|Gigavolt Havoc|p2a: Victoria|[zeffect]\n|-damage|p2a: Victoria|0 fnt\n|faint|p2a: Victoria\n|\n|upkeep\n|\n|t:|1665583792\n|switch|p2a: Kathi|Kommo-o, M|84\/100\n|turn|15\n|\n|t:|1665583796\n|switch|p1a: Tapu Fini|Tapu Fini|100\/100\n|-fieldstart|move: Misty Terrain|[from] ability: Misty Surge|[of] p1a: Tapu Fini\n|move|p2a: Kathi|Substitute|p2a: Kathi\n|-start|p2a: Kathi|Substitute\n|-damage|p2a: Kathi|59\/100\n|\n|upkeep\n|turn|16\n|\n|t:|1665583801\n|move|p2a: Kathi|Belly Drum|p2a: Kathi\n|-damage|p2a: Kathi|9\/100\n|-setboost|p2a: Kathi|atk|6|[from] move: Belly Drum\n|-enditem|p2a: Kathi|Salac Berry|[eat]\n|-boost|p2a: Kathi|spe|1|[from] item: Salac Berry\n|move|p1a: Tapu Fini|Moonblast|p2a: Kathi\n|-supereffective|p2a: Kathi\n|-end|p2a: Kathi|Substitute\n|\n|upkeep\n|turn|17\n|l| valuee\n|inactive|Lucians Call has 270 seconds left.\n|j| Demetrius Andrade\n|\n|t:|1665583828\n|switch|p1a: Zapdos|Zapdos|15\/100\n|move|p2a: Kathi|Thunder Punch|p1a: Zapdos\n|-damage|p1a: Zapdos|0 fnt\n|faint|p1a: Zapdos\n|\n|upkeep\n|\n|t:|1665583829\n|switch|p1a: Zangoose|Zangoose, F|100\/100\n|turn|18\n|j|%Mihowk\n|\n|t:|1665583834\n|switch|p2a: Giana|Gyarados, F|100\/100\n|-ability|p2a: Giana|Intimidate|boost\n|-unboost|p1a: Zangoose|atk|1\n|move|p1a: Zangoose|Quick Attack|p2a: Giana\n|-damage|p2a: Giana|86\/100\n|\n|upkeep\n|turn|19\n|inactive|Lucians Call has 270 seconds left.\n|l| Demetrius Andrade\n|\n|t:|1665583844\n|switch|p1a: Tapu Fini|Tapu Fini|100\/100\n|detailschange|p2a: Giana|Gyarados-Mega, F\n|-mega|p2a: Giana|Gyarados|Gyaradosite\n|-ability|p2a: Giana|Mold Breaker\n|move|p2a: Giana|Dragon Dance|p2a: Giana\n|-boost|p2a: Giana|atk|1\n|-boost|p2a: Giana|spe|1\n|\n|-fieldend|Misty Terrain\n|upkeep\n|turn|20\n|\n|t:|1665583849\n|switch|p2a: Kathi|Kommo-o, M|9\/100\n|move|p1a: Tapu Fini|Moonblast|p2a: Kathi\n|-supereffective|p2a: Kathi\n|-damage|p2a: Kathi|0 fnt\n|faint|p2a: Kathi\n|\n|upkeep\n|\n|t:|1665583850\n|switch|p2a: Giana|Gyarados-Mega, F|86\/100\n|-ability|p2a: Giana|Mold Breaker\n|turn|21\n|c|\u2606eu|fml mobile\n|\n|t:|1665583858\n|move|p2a: Giana|Earthquake|p1a: Tapu Fini\n|-damage|p1a: Tapu Fini|64\/100\n|move|p1a: Tapu Fini|Moonblast|p2a: Giana\n|-supereffective|p2a: Giana\n|-damage|p2a: Giana|30\/100\n|\n|-heal|p1a: Tapu Fini|70\/100|[from] item: Leftovers\n|upkeep\n|turn|22\n|c|\u2606eu|,\n|\n|t:|1665583863\n|move|p2a: Giana|Earthquake|p1a: Tapu Fini\n|-damage|p1a: Tapu Fini|38\/100\n|move|p1a: Tapu Fini|Moonblast|p2a: Giana\n|-supereffective|p2a: Giana\n|-damage|p2a: Giana|0 fnt\n|faint|p2a: Giana\n|\n|win|Lucians Call\n|c|\u2606eu|gg\n|c|\u2606Lucians Call|gg\n|j| isatrapp\n","uploadtime":1665583873,"views":178,"p1id":"lucianscall","p2id":"eu","formatid":"gen7ou","rating":0,"private":0,"password":null}