{"id":"gen7ou-899200805","p1":"Ban Lando t guy jk","p2":"The Yeet King","format":"gen7ou","log":"|j|\u2606Ban Lando t guy jk\n|j|\u2606The Yeet King\n|player|p1|Ban Lando t guy jk|247\n|player|p2|The Yeet King|156\n|teamsize|p1|6\n|teamsize|p2|6\n|gametype|singles\n|gen|7\n|tier|[Gen 7] OU\n|rated|\n|rule|Sleep Clause Mod: Limit one foe put to sleep\n|rule|Species Clause: Limit one of each Pok\u00e9mon\n|rule|OHKO Clause: OHKO moves are banned\n|rule|Moody Clause: Moody is banned\n|rule|Evasion Moves Clause: Evasion moves are banned\n|rule|Endless Battle Clause: Forcing endless battles is banned\n|rule|HP Percentage Mod: HP is shown in percentages\n|clearpoke\n|poke|p1|Landorus-Therian, M|item\n|poke|p1|Greninja, M|item\n|poke|p1|Alakazam, M|item\n|poke|p1|Tornadus-Therian, M|item\n|poke|p1|Heatran, M|item\n|poke|p1|Tangrowth, M|item\n|poke|p2|Serperior, F|item\n|poke|p2|Greninja, M|item\n|poke|p2|Tornadus-Therian, M|item\n|poke|p2|Toxapex, F|item\n|poke|p2|Garchomp, F|item\n|poke|p2|Kartana|item\n|teampreview\n|inactive|Battle timer is ON: inactive players will automatically lose when time's up. (requested by Ban Lando t guy jk)\n|inactive|The Yeet King has 120 seconds left.\n|\n|start\n|switch|p1a: Tornadus|Tornadus-Therian, M|100\/100\n|switch|p2a: Tornadus|Tornadus-Therian, M|100\/100\n|turn|1\n|\n|move|p2a: Tornadus|Hurricane|p1a: Tornadus\n|-damage|p1a: Tornadus|41\/100\n|-start|p1a: Tornadus|confusion\n|-activate|p1a: Tornadus|confusion\n|-zpower|p1a: Tornadus\n|move|p1a: Tornadus|Supersonic Skystrike|p2a: Tornadus|[zeffect]\n|-damage|p2a: Tornadus|1\/100\n|\n|upkeep\n|turn|2\n|\n|switch|p1a: Heatran|Heatran, M|100\/100\n|move|p2a: Tornadus|Hurricane|p1a: Heatran\n|-resisted|p1a: Heatran\n|-damage|p1a: Heatran|81\/100\n|\n|-heal|p1a: Heatran|87\/100|[from] item: Leftovers\n|upkeep\n|turn|3\n|c|\u2606The Yeet King|ballsy\n|\n|move|p2a: Tornadus|U-turn|p1a: Heatran\n|-resisted|p1a: Heatran\n|-damage|p1a: Heatran|83\/100\n|\n|switch|p2a: Garchomp|Garchomp, F|100\/100|[from]move: U-turn\n|move|p1a: Heatran|Stealth Rock|p2a: Garchomp\n|-sidestart|p2: The Yeet King|move: Stealth Rock\n|\n|-heal|p1a: Heatran|90\/100|[from] item: Leftovers\n|upkeep\n|turn|4\n|\n|switch|p1a: Landorus|Landorus-Therian, M|100\/100\n|-ability|p1a: Landorus|Intimidate|boost\n|-unboost|p2a: Garchomp|atk|1\n|move|p2a: Garchomp|Stealth Rock|p1a: Landorus\n|-sidestart|p1: Ban Lando t guy jk|move: Stealth Rock\n|\n|upkeep\n|turn|5\n|\n|move|p1a: Landorus|U-turn|p2a: Garchomp\n|-damage|p2a: Garchomp|75\/100\n|-damage|p1a: Landorus|88\/100|[from] ability: Rough Skin|[of] p2a: Garchomp\n|\n|switch|p1a: Tangrowth|Tangrowth, M|100\/100|[from]move: U-turn\n|-damage|p1a: Tangrowth|88\/100|[from] Stealth Rock\n|move|p2a: Garchomp|Swords Dance|p2a: Garchomp\n|-boost|p2a: Garchomp|atk|2\n|\n|upkeep\n|turn|6\n|\n|move|p2a: Garchomp|Swords Dance|p2a: Garchomp\n|-boost|p2a: Garchomp|atk|2\n|move|p1a: Tangrowth|Giga Drain|p2a: Garchomp\n|-damage|p2a: Garchomp|44\/100\n|-heal|p1a: Tangrowth|100\/100|[from] drain|[of] p2a: Garchomp\n|\n|upkeep\n|turn|7\n|\n|-zpower|p2a: Garchomp\n|move|p2a: Garchomp|Continental Crush|p1a: Tangrowth|[zeffect]\n|-damage|p1a: Tangrowth|0 fnt\n|faint|p1a: Tangrowth\n|\n|upkeep\n|\n|switch|p1a: Alakazam|Alakazam, M|100\/100\n|turn|8\n|\n|detailschange|p1a: Alakazam|Alakazam-Mega, M\n|-mega|p1a: Alakazam|Alakazam|Alakazite\n|-ability|p1a: Alakazam|Rough Skin|[from] ability: Trace|[of] p2a: Garchomp\n|move|p1a: Alakazam|Psychic|p2a: Garchomp\n|-damage|p2a: Garchomp|0 fnt\n|faint|p2a: Garchomp\n|\n|upkeep\n|\n|switch|p2a: Kartana|Kartana|100\/100\n|-damage|p2a: Kartana|94\/100|[from] Stealth Rock\n|turn|9\n|\n|switch|p1a: Tornadus|Tornadus-Therian, M|74\/100\n|-damage|p1a: Tornadus|50\/100|[from] Stealth Rock\n|move|p2a: Kartana|Knock Off|p1a: Tornadus\n|-damage|p1a: Tornadus|9\/100\n|\n|upkeep\n|turn|10\n|\n|move|p2a: Kartana|Knock Off|p1a: Tornadus\n|-damage|p1a: Tornadus|0 fnt\n|faint|p1a: Tornadus\n|-ability|p2a: Kartana|Beast Boost|boost\n|-boost|p2a: Kartana|atk|1\n|\n|upkeep\n|\n|switch|p1a: Landorus|Landorus-Therian, M|88\/100\n|-damage|p1a: Landorus|76\/100|[from] Stealth Rock\n|-ability|p1a: Landorus|Intimidate|boost\n|-unboost|p2a: Kartana|atk|1\n|turn|11\n|\n|switch|p2a: Tornadus|Tornadus-Therian, M|34\/100\n|-damage|p2a: Tornadus|10\/100|[from] Stealth Rock\n|switch|p1a: Heatran|Heatran, M|90\/100\n|-damage|p1a: Heatran|77\/100|[from] Stealth Rock\n|\n|-heal|p1a: Heatran|83\/100|[from] item: Leftovers\n|upkeep\n|turn|12\n|\n|move|p2a: Tornadus|U-turn|p1a: Heatran\n|-resisted|p1a: Heatran\n|-damage|p1a: Heatran|79\/100\n|\n|switch|p2a: Greninja|Greninja, M|100\/100|[from]move: U-turn\n|-damage|p2a: Greninja|88\/100|[from] Stealth Rock\n|move|p1a: Heatran|Lava Plume|p2a: Greninja\n|-resisted|p2a: Greninja\n|-damage|p2a: Greninja|63\/100\n|-status|p2a: Greninja|brn\n|\n|-heal|p1a: Heatran|86\/100|[from] item: Leftovers\n|-damage|p2a: Greninja|57\/100 brn|[from] brn\n|upkeep\n|turn|13\n|\n|move|p2a: Greninja|Surf|p1a: Heatran\n|-supereffective|p1a: Heatran\n|-damage|p1a: Heatran|3\/100\n|move|p1a: Heatran|Lava Plume|p2a: Greninja\n|-resisted|p2a: Greninja\n|-damage|p2a: Greninja|30\/100 brn\n|\n|-heal|p1a: Heatran|9\/100|[from] item: Leftovers\n|-damage|p2a: Greninja|24\/100 brn|[from] brn\n|upkeep\n|turn|14\n|c|\u2606The Yeet King|damn\n|\n|move|p2a: Greninja|Surf|p1a: Heatran\n|-supereffective|p1a: Heatran\n|-damage|p1a: Heatran|0 fnt\n|faint|p1a: Heatran\n|-activate|p2a: Greninja|ability: Battle Bond\n|detailschange|p2a: Greninja|Greninja-Ash, M\n|\n|-damage|p2a: Greninja|18\/100 brn|[from] brn\n|upkeep\n|\n|switch|p1a: Landorus|Landorus-Therian, M|76\/100\n|-damage|p1a: Landorus|64\/100|[from] Stealth Rock\n|-ability|p1a: Landorus|Intimidate|boost\n|-unboost|p2a: Greninja|atk|1\n|turn|15\n|\n|switch|p2a: Tornadus|Tornadus-Therian, M|43\/100\n|-damage|p2a: Tornadus|18\/100|[from] Stealth Rock\n|move|p1a: Landorus|U-turn|p2a: Tornadus\n|-resisted|p2a: Tornadus\n|-damage|p2a: Tornadus|0 fnt\n|-damage|p1a: Landorus|47\/100|[from] item: Rocky Helmet|[of] p2a: Tornadus\n|faint|p2a: Tornadus\n|\n|switch|p1a: Alakazam|Alakazam-Mega, M|100\/100|[from]move: U-turn\n|-damage|p1a: Alakazam|88\/100|[from] Stealth Rock\n|\n|upkeep\n|\n|switch|p2a: Serperior|Serperior, F|100\/100\n|-ability|p1a: Alakazam|Contrary|[from] ability: Trace|[of] p2a: Serperior\n|-damage|p2a: Serperior|88\/100|[from] Stealth Rock\n|turn|16\n|\n|move|p1a: Alakazam|Psychic|p2a: Serperior\n|-damage|p2a: Serperior|25\/100\n|move|p2a: Serperior|Glare|p1a: Alakazam\n|-status|p1a: Alakazam|par\n|\n|-heal|p2a: Serperior|31\/100|[from] item: Leftovers\n|upkeep\n|turn|17\n|\n|move|p2a: Serperior|Leaf Storm|p1a: Alakazam\n|-damage|p1a: Alakazam|40\/100 par\n|-boost|p2a: Serperior|spa|2\n|cant|p1a: Alakazam|par\n|\n|-heal|p2a: Serperior|37\/100|[from] item: Leftovers\n|upkeep\n|turn|18\n|\n|move|p2a: Serperior|Leaf Storm|p1a: Alakazam\n|-damage|p1a: Alakazam|0 fnt\n|-boost|p2a: Serperior|spa|2\n|faint|p1a: Alakazam\n|\n|-heal|p2a: Serperior|43\/100|[from] item: Leftovers\n|upkeep\n|\n|switch|p1a: Landorus|Landorus-Therian, M|47\/100\n|-damage|p1a: Landorus|35\/100|[from] Stealth Rock\n|-ability|p1a: Landorus|Intimidate|boost\n|-boost|p2a: Serperior|atk|1\n|turn|19\n|\n|move|p1a: Landorus|Earthquake|p2a: Serperior\n|-resisted|p2a: Serperior\n|-damage|p2a: Serperior|13\/100\n|move|p2a: Serperior|Glare|p1a: Landorus\n|-status|p1a: Landorus|par\n|\n|-heal|p2a: Serperior|19\/100|[from] item: Leftovers\n|upkeep\n|turn|20\n|c|\u2606The Yeet King|lol\n|c|\u2606The Yeet King|come on\n|\n|move|p2a: Serperior|Leaf Storm|p1a: Landorus\n|-damage|p1a: Landorus|0 fnt\n|-boost|p2a: Serperior|spa|2\n|faint|p1a: Landorus\n|\n|-heal|p2a: Serperior|25\/100|[from] item: Leftovers\n|upkeep\n|\n|switch|p1a: Greninja|Greninja, M|100\/100\n|-damage|p1a: Greninja|88\/100|[from] Stealth Rock\n|turn|21\n|\n|switch|p2a: Toxapex|Toxapex, F|100\/100\n|-damage|p2a: Toxapex|88\/100|[from] Stealth Rock\n|move|p1a: Greninja|Water Shuriken|p2a: Toxapex\n|-resisted|p2a: Toxapex\n|-damage|p2a: Toxapex|85\/100\n|-resisted|p2a: Toxapex\n|-damage|p2a: Toxapex|82\/100\n|-resisted|p2a: Toxapex\n|-damage|p2a: Toxapex|79\/100\n|-hitcount|p2a: Toxapex|3\n|\n|-heal|p2a: Toxapex|85\/100|[from] item: Black Sludge\n|upkeep\n|turn|22\n|-message|Ban Lando t guy jk forfeited.\n|\n|win|The Yeet King\n|l|\u2606Ban Lando t guy jk\n|raw|Ban Lando t guy jk's rating: 1567 &rarr; <strong>1547<\/strong><br \/>(-20 for losing)\n|raw|The Yeet King's rating: 1560 &rarr; <strong>1581<\/strong><br \/>(+21 for winning)\n","uploadtime":1556245924,"views":16,"p1id":"banlandotguyjk","p2id":"theyeetking","formatid":"gen7ou","rating":1547,"private":0,"password":null}