{"id":"gen7ou-707812316","p1":"Q114","p2":"Oiseau Orange","format":"gen7ou","log":"|j|\u2606Q114\n|j|\u2606Oiseau Orange\n|player|p1|Q114|2\n|player|p2|Oiseau Orange|110\n|teamsize|p1|6\n|teamsize|p2|6\n|gametype|singles\n|gen|7\n|tier|[Gen 7] OU\n|rated|\n|rule|Sleep Clause Mod: Limit one foe put to sleep\n|rule|Species Clause: Limit one of each Pok\u00e9mon\n|rule|OHKO Clause: OHKO moves are banned\n|rule|Moody Clause: Moody is banned\n|rule|Evasion Moves Clause: Evasion moves are banned\n|rule|Endless Battle Clause: Forcing endless battles is banned\n|rule|HP Percentage Mod: HP is shown in percentages\n|clearpoke\n|poke|p1|Skarmory, F|item\n|poke|p1|Chansey, F|item\n|poke|p1|Magnezone|item\n|poke|p1|Toxapex, F|item\n|poke|p1|Clefable, M|item\n|poke|p1|Sableye, F|item\n|poke|p2|Sableye, M|item\n|poke|p2|Chansey, F|item\n|poke|p2|Skarmory, M|item\n|poke|p2|Jirachi|item\n|poke|p2|Clefable, M|item\n|poke|p2|Hippowdon, F|item\n|teampreview\n|c|\u2606Oiseau Orange|gl\n|\n|start\n|switch|p1a: Sableye|Sableye, F|100\/100\n|switch|p2a: Sableye|Sableye, M|100\/100\n|turn|1\n|\n|-mega|p2a: Sableye|Sableye|Sablenite\n|detailschange|p2a: Sableye|Sableye-Mega, M\n|move|p1a: Sableye|Protect|p1a: Sableye\n|-singleturn|p1a: Sableye|Protect\n|move|p2a: Sableye|Knock Off|p1a: Sableye\n|-activate|p1a: Sableye|move: Protect\n|\n|upkeep\n|turn|2\n|\n|-mega|p1a: Sableye|Sableye|Sablenite\n|detailschange|p1a: Sableye|Sableye-Mega, F\n|move|p1a: Sableye|Knock Off|p2a: Sableye\n|-damage|p2a: Sableye|86\/100\n|move|p2a: Sableye|Knock Off|p1a: Sableye\n|-damage|p1a: Sableye|81\/100\n|\n|upkeep\n|turn|3\n|\n|switch|p1a: Magnezone|Magnezone|100\/100\n|move|p2a: Sableye|Knock Off|p1a: Magnezone\n|-crit|p1a: Magnezone\n|-damage|p1a: Magnezone|54\/100\n|-enditem|p1a: Magnezone|Choice Scarf|[from] move: Knock Off|[of] p2a: Sableye\n|\n|upkeep\n|turn|4\n|\n|switch|p1a: Sableye|Sableye-Mega, F|81\/100\n|move|p2a: Sableye|Recover|p2a: Sableye\n|-heal|p2a: Sableye|100\/100\n|\n|upkeep\n|turn|5\n|\n|move|p1a: Sableye|Protect|p1a: Sableye\n|-singleturn|p1a: Sableye|Protect\n|move|p2a: Sableye|Knock Off|p1a: Sableye\n|-activate|p1a: Sableye|move: Protect\n|\n|upkeep\n|turn|6\n|\n|switch|p1a: Toxapex|Toxapex, F|100\/100\n|switch|p2a: Clefable|Clefable, M|100\/100\n|\n|upkeep\n|turn|7\n|\n|switch|p2a: Sableye|Sableye-Mega, M|100\/100\n|switch|p1a: Magnezone|Magnezone|54\/100\n|\n|upkeep\n|turn|8\n|\n|switch|p1a: Toxapex|Toxapex, F|100\/100\n|switch|p2a: Chansey|Chansey, F|100\/100\n|\n|upkeep\n|turn|9\n|\n|switch|p1a: Sableye|Sableye-Mega, F|81\/100\n|move|p2a: Chansey|Seismic Toss|p1a: Sableye\n|-immune|p1a: Sableye|[msg]\n|\n|upkeep\n|turn|10\n|j| djok barra hi\n|\n|switch|p2a: Sableye|Sableye-Mega, M|100\/100\n|switch|p1a: Clefable|Clefable, M|100\/100\n|\n|upkeep\n|turn|11\n|\n|switch|p1a: Sableye|Sableye-Mega, F|81\/100\n|move|p2a: Sableye|Protect|p2a: Sableye\n|-fail|p2a: Sableye\n|\n|upkeep\n|turn|12\n|\n|switch|p1a: Toxapex|Toxapex, F|100\/100\n|move|p2a: Sableye|Knock Off|p1a: Toxapex\n|-damage|p1a: Toxapex|82\/100\n|-enditem|p1a: Toxapex|Black Sludge|[from] move: Knock Off|[of] p2a: Sableye\n|\n|upkeep\n|turn|13\n|\n|switch|p1a: Sableye|Sableye-Mega, F|81\/100\n|switch|p2a: Chansey|Chansey, F|100\/100\n|\n|upkeep\n|turn|14\n|j| TJLD\n|\n|switch|p2a: Sableye|Sableye-Mega, M|100\/100\n|switch|p1a: Magnezone|Magnezone|54\/100\n|\n|upkeep\n|turn|15\n|\n|switch|p1a: Toxapex|Toxapex, F|100\/100\n|switch|p2a: Hippowdon|Hippowdon, F|100\/100\n|-weather|Sandstorm|[from] ability: Sand Stream|[of] p2a: Hippowdon\n|\n|-weather|Sandstorm|[upkeep]\n|-damage|p1a: Toxapex|95\/100|[from] sandstorm\n|upkeep\n|turn|16\n|\n|switch|p1a: Skarmory|Skarmory, F|100\/100\n|move|p2a: Hippowdon|Earthquake|p1a: Skarmory\n|-immune|p1a: Skarmory|[msg]\n|\n|-weather|Sandstorm|[upkeep]\n|upkeep\n|turn|17\n|\n|switch|p1a: Toxapex|Toxapex, F|100\/100\n|move|p2a: Hippowdon|Earthquake|p1a: Toxapex\n|-supereffective|p1a: Toxapex\n|-damage|p1a: Toxapex|55\/100\n|\n|-weather|Sandstorm|[upkeep]\n|-damage|p1a: Toxapex|49\/100|[from] sandstorm\n|upkeep\n|turn|18\n|\n|switch|p1a: Skarmory|Skarmory, F|100\/100\n|move|p2a: Hippowdon|Stealth Rock|p1a: Skarmory\n|-sidestart|p1: Q114|move: Stealth Rock\n|\n|-weather|Sandstorm|[upkeep]\n|upkeep\n|turn|19\n|\n|switch|p2a: Skarmory|Skarmory, M|100\/100\n|move|p1a: Skarmory|Defog|p2a: Skarmory\n|-unboost|p2a: Skarmory|evasion|1\n|-sideend|p1: Q114|Stealth Rock|[from] move: Defog|[of] p1a: Skarmory\n|\n|-weather|none\n|upkeep\n|turn|20\n|\n|switch|p1a: Magnezone|Magnezone|54\/100\n|switch|p2a: Sableye|Sableye-Mega, M|100\/100\n|\n|upkeep\n|turn|21\n|\n|switch|p1a: Toxapex|Toxapex, F|82\/100\n|switch|p2a: Hippowdon|Hippowdon, F|100\/100\n|-weather|Sandstorm|[from] ability: Sand Stream|[of] p2a: Hippowdon\n|\n|-weather|Sandstorm|[upkeep]\n|-damage|p1a: Toxapex|76\/100|[from] sandstorm\n|upkeep\n|turn|22\n|\n|switch|p1a: Skarmory|Skarmory, F|100\/100\n|move|p2a: Hippowdon|Whirlwind|p1a: Skarmory\n|drag|p1a: Magnezone|Magnezone|54\/100\n|\n|-weather|Sandstorm|[upkeep]\n|upkeep\n|turn|23\n|\n|switch|p1a: Toxapex|Toxapex, F|100\/100\n|move|p2a: Hippowdon|Whirlwind|p1a: Toxapex\n|drag|p1a: Skarmory|Skarmory, F|100\/100\n|\n|-weather|Sandstorm|[upkeep]\n|upkeep\n|turn|24\n|\n|switch|p1a: Toxapex|Toxapex, F|100\/100\n|switch|p2a: Skarmory|Skarmory, M|100\/100\n|\n|-weather|Sandstorm|[upkeep]\n|-damage|p1a: Toxapex|95\/100|[from] sandstorm\n|upkeep\n|turn|25\n|\n|switch|p2a: Chansey|Chansey, F|100\/100\n|move|p1a: Toxapex|Scald|p2a: Chansey\n|-damage|p2a: Chansey|95\/100\n|\n|-weather|none\n|upkeep\n|turn|26\n|\n|switch|p1a: Clefable|Clefable, M|100\/100\n|move|p2a: Chansey|Seismic Toss|p1a: Clefable\n|-damage|p1a: Clefable|75\/100\n|\n|-heal|p1a: Clefable|81\/100|[from] item: Leftovers\n|upkeep\n|turn|27\n|\n|move|p1a: Clefable|Wish|p1a: Clefable\n|move|p2a: Chansey|Toxic|p1a: Clefable\n|-status|p1a: Clefable|tox\n|\n|-heal|p1a: Clefable|87\/100 tox|[from] item: Leftovers\n|-damage|p1a: Clefable|81\/100 tox|[from] psn\n|upkeep\n|turn|28\n|j| supasahil\n|\n|switch|p1a: Magnezone|Magnezone|54\/100\n|move|p2a: Chansey|Seismic Toss|p1a: Magnezone\n|-damage|p1a: Magnezone|18\/100\n|\n|-heal|p1a: Magnezone|88\/100|[from] move: Wish|[wisher] Clefable\n|upkeep\n|turn|29\n|\n|switch|p1a: Sableye|Sableye-Mega, F|81\/100\n|move|p2a: Chansey|Seismic Toss|p1a: Sableye\n|-immune|p1a: Sableye|[msg]\n|\n|upkeep\n|turn|30\n|\n|switch|p2a: Clefable|Clefable, M|100\/100\n|switch|p1a: Toxapex|Toxapex, F|100\/100\n|\n|upkeep\n|turn|31\n|l| supasahil\n|\n|switch|p2a: Chansey|Chansey, F|95\/100\n|switch|p1a: Skarmory|Skarmory, F|100\/100\n|\n|upkeep\n|turn|32\n|\n|switch|p1a: Sableye|Sableye-Mega, F|81\/100\n|switch|p2a: Skarmory|Skarmory, M|100\/100\n|\n|upkeep\n|turn|33\n|\n|switch|p2a: Clefable|Clefable, M|100\/100\n|move|p1a: Sableye|Knock Off|p2a: Clefable\n|-resisted|p2a: Clefable\n|-damage|p2a: Clefable|89\/100\n|-enditem|p2a: Clefable|Leftovers|[from] move: Knock Off|[of] p1a: Sableye\n|\n|upkeep\n|turn|34\n|\n|switch|p1a: Toxapex|Toxapex, F|100\/100\n|move|p2a: Clefable|Wish|p2a: Clefable\n|\n|upkeep\n|turn|35\n|\n|switch|p2a: Chansey|Chansey, F|95\/100\n|move|p1a: Toxapex|Toxic Spikes|p2a: Chansey\n|-sidestart|p2: Oiseau Orange|move: Toxic Spikes\n|\n|-heal|p2a: Chansey|100\/100|[from] move: Wish|[wisher] Clefable\n|upkeep\n|turn|36\n|\n|switch|p2a: Skarmory|Skarmory, M|100\/100\n|switch|p1a: Sableye|Sableye-Mega, F|81\/100\n|\n|upkeep\n|turn|37\n|\n|move|p2a: Skarmory|Defog|p1a: Sableye\n|move|p1a: Sableye|Defog|p2a: Skarmory|[from]Magic Bounce\n|-unboost|p2a: Skarmory|evasion|1\n|-sideend|p2: Oiseau Orange|Toxic Spikes|[from] move: Defog|[of] p2a: Skarmory\n|move|p1a: Sableye|Knock Off|p2a: Skarmory\n|-damage|p2a: Skarmory|83\/100\n|-enditem|p2a: Skarmory|Shed Shell|[from] move: Knock Off|[of] p1a: Sableye\n|\n|upkeep\n|turn|38\n|l| TJLD\n|c|\u2606Q114|gg\n|c|\u2606Q114|you wanna forfeit now or play it out?\n|j| Axellus\n|inactive|Battle timer is ON: inactive players will automatically lose when time's up. (requested by Oiseau Orange)\n|inactive|Q114 has 135 seconds left.\n|inactive|Q114 has 120 seconds left.\n|inactive|Q114 has 105 seconds left.\n|\n|switch|p2a: Chansey|Chansey, F|100\/100\n|switch|p1a: Magnezone|Magnezone|88\/100\n|\n|upkeep\n|turn|39\n|\n|switch|p1a: Sableye|Sableye-Mega, F|81\/100\n|move|p2a: Chansey|Seismic Toss|p1a: Sableye\n|-immune|p1a: Sableye|[msg]\n|\n|upkeep\n|turn|40\n|\n|switch|p2a: Sableye|Sableye-Mega, M|100\/100\n|move|p1a: Sableye|Knock Off|p2a: Sableye\n|-damage|p2a: Sableye|85\/100\n|\n|upkeep\n|turn|41\n|\n|switch|p1a: Toxapex|Toxapex, F|100\/100\n|move|p2a: Sableye|Knock Off|p1a: Toxapex\n|-damage|p1a: Toxapex|89\/100\n|\n|upkeep\n|turn|42\n|\n|switch|p1a: Sableye|Sableye-Mega, F|81\/100\n|move|p2a: Sableye|Protect|p2a: Sableye\n|-fail|p2a: Sableye\n|\n|upkeep\n|turn|43\n|\n|switch|p1a: Toxapex|Toxapex, F|100\/100\n|move|p2a: Sableye|Knock Off|p1a: Toxapex\n|-damage|p1a: Toxapex|89\/100\n|\n|upkeep\n|turn|44\n|\n|switch|p1a: Sableye|Sableye-Mega, F|81\/100\n|move|p2a: Sableye|Protect|p2a: Sableye\n|-fail|p2a: Sableye\n|\n|upkeep\n|turn|45\n|\n|move|p2a: Sableye|Knock Off|p1a: Sableye\n|-damage|p1a: Sableye|63\/100\n|move|p1a: Sableye|Knock Off|p2a: Sableye\n|-damage|p2a: Sableye|70\/100\n|\n|upkeep\n|turn|46\n|\n|switch|p1a: Toxapex|Toxapex, F|100\/100\n|move|p2a: Sableye|Knock Off|p1a: Toxapex\n|-damage|p1a: Toxapex|89\/100\n|\n|upkeep\n|turn|47\n|\n|switch|p1a: Sableye|Sableye-Mega, F|63\/100\n|move|p2a: Sableye|Protect|p2a: Sableye\n|-fail|p2a: Sableye\n|\n|upkeep\n|turn|48\n|\n|move|p1a: Sableye|Knock Off|p2a: Sableye\n|-damage|p2a: Sableye|55\/100\n|move|p2a: Sableye|Recover|p2a: Sableye\n|-heal|p2a: Sableye|100\/100\n|\n|upkeep\n|turn|49\n|\n|switch|p1a: Toxapex|Toxapex, F|100\/100\n|move|p2a: Sableye|Knock Off|p1a: Toxapex\n|-damage|p1a: Toxapex|89\/100\n|\n|upkeep\n|turn|50\n|\n|switch|p1a: Sableye|Sableye-Mega, F|63\/100\n|move|p2a: Sableye|Will-O-Wisp|p1a: Sableye\n|move|p1a: Sableye|Will-O-Wisp|p2a: Sableye|[from]Magic Bounce|[miss]\n|-miss|p1a: Sableye|p2a: Sableye\n|\n|upkeep\n|turn|51\n|\n|switch|p2a: Hippowdon|Hippowdon, F|100\/100\n|-weather|Sandstorm|[from] ability: Sand Stream|[of] p2a: Hippowdon\n|move|p1a: Sableye|Recover|p1a: Sableye\n|-heal|p1a: Sableye|100\/100\n|\n|-weather|Sandstorm|[upkeep]\n|-damage|p1a: Sableye|95\/100|[from] sandstorm\n|upkeep\n|turn|52\n|\n|switch|p2a: Sableye|Sableye-Mega, M|100\/100\n|move|p1a: Sableye|Knock Off|p2a: Sableye\n|-damage|p2a: Sableye|87\/100\n|\n|-weather|Sandstorm|[upkeep]\n|-damage|p1a: Sableye|89\/100|[from] sandstorm\n|-damage|p2a: Sableye|81\/100|[from] sandstorm\n|upkeep\n|turn|53\n|\n|switch|p1a: Toxapex|Toxapex, F|100\/100\n|move|p2a: Sableye|Protect|p2a: Sableye\n|-fail|p2a: Sableye\n|\n|-weather|Sandstorm|[upkeep]\n|-damage|p1a: Toxapex|95\/100|[from] sandstorm\n|-damage|p2a: Sableye|75\/100|[from] sandstorm\n|upkeep\n|turn|54\n|\n|move|p1a: Toxapex|Scald|p2a: Sableye\n|-damage|p2a: Sableye|60\/100\n|move|p2a: Sableye|Recover|p2a: Sableye\n|-heal|p2a: Sableye|100\/100\n|\n|-weather|Sandstorm|[upkeep]\n|-damage|p1a: Toxapex|89\/100|[from] sandstorm\n|-damage|p2a: Sableye|95\/100|[from] sandstorm\n|upkeep\n|turn|55\n|\n|switch|p1a: Sableye|Sableye-Mega, F|89\/100\n|switch|p2a: Jirachi|Jirachi|100\/100\n|\n|-weather|none\n|upkeep\n|turn|56\n|\n|switch|p1a: Skarmory|Skarmory, F|100\/100\n|move|p2a: Jirachi|U-turn|p1a: Skarmory\n|-resisted|p1a: Skarmory\n|-damage|p1a: Skarmory|98\/100\n|-damage|p2a: Jirachi|84\/100|[from] item: Rocky Helmet|[of] p1a: Skarmory\n|\n|switch|p2a: Skarmory|Skarmory, M|83\/100\n|\n|upkeep\n|turn|57\n|\n|switch|p1a: Magnezone|Magnezone|88\/100\n|switch|p2a: Sableye|Sableye-Mega, M|95\/100\n|\n|upkeep\n|turn|58\n|\n|switch|p1a: Toxapex|Toxapex, F|100\/100\n|switch|p2a: Chansey|Chansey, F|100\/100\n|\n|upkeep\n|turn|59\n|\n|switch|p2a: Sableye|Sableye-Mega, M|95\/100\n|move|p1a: Toxapex|Toxic Spikes|p2a: Sableye\n|move|p2a: Sableye|Toxic Spikes|p1a: Toxapex|[from]Magic Bounce\n|-sidestart|p1: Q114|move: Toxic Spikes\n|\n|upkeep\n|turn|60\n|\n|move|p1a: Toxapex|Scald|p2a: Sableye\n|-damage|p2a: Sableye|79\/100\n|move|p2a: Sableye|Will-O-Wisp|p1a: Toxapex|[miss]\n|-miss|p2a: Sableye|p1a: Toxapex\n|\n|upkeep\n|turn|61\n|\n|move|p1a: Toxapex|Scald|p2a: Sableye\n|-damage|p2a: Sableye|65\/100\n|move|p2a: Sableye|Knock Off|p1a: Toxapex\n|-damage|p1a: Toxapex|87\/100\n|\n|upkeep\n|turn|62\n|\n|move|p1a: Toxapex|Scald|p2a: Sableye\n|-damage|p2a: Sableye|50\/100\n|move|p2a: Sableye|Will-O-Wisp|p1a: Toxapex\n|-status|p1a: Toxapex|brn\n|\n|-damage|p1a: Toxapex|81\/100 brn|[from] brn\n|upkeep\n|turn|63\n|\n|move|p1a: Toxapex|Scald|p2a: Sableye\n|-damage|p2a: Sableye|35\/100\n|move|p2a: Sableye|Recover|p2a: Sableye\n|-heal|p2a: Sableye|85\/100\n|\n|-damage|p1a: Toxapex|75\/100 brn|[from] brn\n|upkeep\n|turn|64\n|\n|move|p2a: Sableye|Protect|p2a: Sableye\n|-singleturn|p2a: Sableye|Protect\n|move|p1a: Toxapex|Toxic Spikes|p2a: Sableye\n|move|p2a: Sableye|Toxic Spikes|p1a: Toxapex|[from]Magic Bounce\n|-sidestart|p1: Q114|move: Toxic Spikes\n|\n|-damage|p1a: Toxapex|69\/100 brn|[from] brn\n|upkeep\n|turn|65\n|\n|move|p1a: Toxapex|Toxic Spikes|p2a: Sableye\n|move|p2a: Sableye|Toxic Spikes|p1a: Toxapex|[from]Magic Bounce\n|-fail|p2a: Sableye\n|move|p2a: Sableye|Will-O-Wisp|p1a: Toxapex\n|-fail|p1a: Toxapex|brn\n|\n|-damage|p1a: Toxapex|64\/100 brn|[from] brn\n|upkeep\n|turn|66\n|\n|move|p1a: Toxapex|Recover|p1a: Toxapex\n|-heal|p1a: Toxapex|100\/100 brn\n|move|p2a: Sableye|Will-O-Wisp|p1a: Toxapex\n|-fail|p1a: Toxapex|brn\n|\n|-damage|p1a: Toxapex|95\/100 brn|[from] brn\n|upkeep\n|turn|67\n|\n|move|p1a: Toxapex|Scald|p2a: Sableye\n|-damage|p2a: Sableye|70\/100\n|-status|p2a: Sableye|brn\n|move|p2a: Sableye|Will-O-Wisp|p1a: Toxapex\n|-fail|p1a: Toxapex|brn\n|\n|-damage|p1a: Toxapex|89\/100 brn|[from] brn\n|-damage|p2a: Sableye|65\/100 brn|[from] brn\n|upkeep\n|turn|68\n|\n|switch|p1a: Chansey|Chansey, F|100\/100\n|-status|p1a: Chansey|tox\n|move|p2a: Sableye|Recover|p2a: Sableye\n|-heal|p2a: Sableye|100\/100 brn\n|\n|-damage|p1a: Chansey|94\/100 tox|[from] psn\n|-damage|p2a: Sableye|95\/100 brn|[from] brn\n|upkeep\n|turn|69\n|\n|-curestatus|p1a: Chansey|tox|[from] ability: Natural Cure\n|switch|p1a: Toxapex|Toxapex, F|100\/100 brn\n|-sideend|p1: Q114|move: Toxic Spikes|[of] p1a: Toxapex\n|switch|p2a: Hippowdon|Hippowdon, F|100\/100\n|-weather|Sandstorm|[from] ability: Sand Stream|[of] p2a: Hippowdon\n|\n|-weather|Sandstorm|[upkeep]\n|-damage|p1a: Toxapex|95\/100 brn|[from] sandstorm\n|-damage|p1a: Toxapex|89\/100 brn|[from] brn\n|upkeep\n|turn|70\n|\n|switch|p1a: Skarmory|Skarmory, F|98\/100\n|move|p2a: Hippowdon|Earthquake|p1a: Skarmory\n|-immune|p1a: Skarmory|[msg]\n|\n|-weather|Sandstorm|[upkeep]\n|upkeep\n|turn|71\n|\n|switch|p2a: Chansey|Chansey, F|100\/100\n|move|p1a: Skarmory|Spikes|p2a: Chansey\n|-sidestart|p2: Oiseau Orange|Spikes\n|\n|-weather|Sandstorm|[upkeep]\n|-damage|p2a: Chansey|94\/100|[from] sandstorm\n|upkeep\n|turn|72\n|-message|Oiseau Orange forfeited.\n|\n|win|Q114\n|l|\u2606Oiseau Orange\n|raw|Q114's rating: 1814 &rarr; <strong>1830<\/strong><br \/>(+16 for winning)\n|raw|Oiseau Orange's rating: 1749 &rarr; <strong>1733<\/strong><br \/>(-16 for losing)\n","inputlog":null,"uploadtime":1519288287,"views":32,"p1id":"q114","p2id":"oiseauorange","formatid":"gen7ou","rating":1733,"private":0,"password":null}