{"id":"gen7unratedrandombattle-926680415","p1":"lNEWE","p2":"Hajmola","format":"gen7unratedrandombattle","log":"|j|\u2606lNEWE\n|j|\u2606Hajmola\n|player|p1|lNEWE|265\n|player|p2|Hajmola|143\n|teamsize|p1|6\n|teamsize|p2|6\n|gametype|singles\n|gen|7\n|tier|[Gen 7] Unrated Random Battle\n|rule|Sleep Clause Mod: Limit one foe put to sleep\n|rule|HP Percentage Mod: HP is shown in percentages\n|\n|start\n|switch|p1a: Houndoom|Houndoom, L83, F|100\/100\n|switch|p2a: Mandibuzz|Mandibuzz, L84, F|100\/100\n|turn|1\n|\n|switch|p1a: Heatran|Heatran, L80, M|100\/100\n|-item|p1a: Heatran|Air Balloon\n|move|p2a: Mandibuzz|Taunt|p1a: Heatran\n|-start|p1a: Heatran|move: Taunt\n|\n|upkeep\n|turn|2\n|\n|move|p2a: Mandibuzz|Foul Play|p1a: Heatran\n|-damage|p1a: Heatran|80\/100\n|-enditem|p1a: Heatran|Air Balloon\n|move|p1a: Heatran|Lava Plume|p2a: Mandibuzz\n|-damage|p2a: Mandibuzz|71\/100\n|\n|-heal|p2a: Mandibuzz|78\/100|[from] item: Leftovers\n|upkeep\n|turn|3\n|\n|switch|p2a: Volcanion|Volcanion, L82|100\/100\n|move|p1a: Heatran|Flash Cannon|p2a: Volcanion\n|-resisted|p2a: Volcanion\n|-damage|p2a: Volcanion|91\/100\n|-unboost|p2a: Volcanion|spd|1\n|\n|-heal|p2a: Volcanion|97\/100|[from] item: Leftovers\n|-end|p1a: Heatran|move: Taunt\n|upkeep\n|turn|4\n|\n|move|p1a: Heatran|Earth Power|p2a: Volcanion\n|-supereffective|p2a: Volcanion\n|-damage|p2a: Volcanion|13\/100\n|move|p2a: Volcanion|Steam Eruption|p1a: Heatran\n|-supereffective|p1a: Heatran\n|-damage|p1a: Heatran|0 fnt\n|faint|p1a: Heatran\n|\n|-heal|p2a: Volcanion|19\/100|[from] item: Leftovers\n|upkeep\n|\n|switch|p1a: Yanmega|Yanmega, L84, F|100\/100\n|turn|5\n|\n|switch|p2a: Mandibuzz|Mandibuzz, L84, F|78\/100\n|move|p1a: Yanmega|Air Slash|p2a: Mandibuzz\n|-damage|p2a: Mandibuzz|41\/100\n|-damage|p1a: Yanmega|91\/100|[from] item: Life Orb\n|\n|-heal|p2a: Mandibuzz|47\/100|[from] item: Leftovers\n|-ability|p1a: Yanmega|Speed Boost|boost\n|-boost|p1a: Yanmega|spe|1\n|upkeep\n|turn|6\n|\n|move|p1a: Yanmega|Ancient Power|p2a: Mandibuzz\n|-supereffective|p2a: Mandibuzz\n|-damage|p2a: Mandibuzz|10\/100\n|-damage|p1a: Yanmega|81\/100|[from] item: Life Orb\n|move|p2a: Mandibuzz|Brave Bird|p1a: Yanmega\n|-supereffective|p1a: Yanmega\n|-damage|p1a: Yanmega|12\/100\n|-damage|p2a: Mandibuzz|0 fnt|[from] Recoil\n|faint|p2a: Mandibuzz\n|\n|-ability|p1a: Yanmega|Speed Boost|boost\n|-boost|p1a: Yanmega|spe|1\n|upkeep\n|\n|switch|p2a: Kingler|Kingler, L87, M|100\/100\n|turn|7\n|\n|move|p1a: Yanmega|Giga Drain|p2a: Kingler\n|-supereffective|p2a: Kingler\n|-damage|p2a: Kingler|9\/100\n|-heal|p1a: Yanmega|50\/100|[from] drain|[of] p2a: Kingler\n|-damage|p1a: Yanmega|40\/100|[from] item: Life Orb\n|move|p2a: Kingler|Knock Off|p1a: Yanmega\n|-damage|p1a: Yanmega|0 fnt\n|-enditem|p1a: Yanmega|Life Orb|[from] move: Knock Off|[of] p2a: Kingler\n|-damage|p2a: Kingler|0 fnt|[from] item: Life Orb\n|faint|p1a: Yanmega\n|faint|p2a: Kingler\n|\n|upkeep\n|-message|Hajmola forfeited.\n|\n|win|lNEWE\n|l|\u2606Hajmola\n","inputlog":">version 221fee94a37ca316bb153f46fca2a11bbc6b0ff4\n>start {\"formatid\":\"gen7unratedrandombattle\",\"seed\":[21890,60239,15986,62363]}\n>player p1 {\"name\":\"lNEWE\",\"avatar\":\"265\",\"team\":\"\",\"seed\":[59548,28716,21276,64961]}\n>player p2 {\"name\":\"Hajmola\",\"avatar\":\"143\",\"team\":\"\",\"seed\":[8837,28390,15628,2903]}\n>p1 switch 3\n>p2 move taunt\n>p1 move lavaplume\n>p2 move foulplay\n>p1 move flashcannon\n>p2 switch 5\n>p1 move earthpower\n>p2 move steameruption\n>p1 switch 2\n>p1 move airslash\n>p2 switch 5\n>p1 move ancientpower\n>p2 move bravebird\n>p2 switch 6\n>p1 move gigadrain\n>p2 move knockoff","uploadtime":1560322423,"views":0,"p1id":"lnewe","p2id":"hajmola","formatid":"gen7unratedrandombattle","rating":0,"private":0,"password":null}