{"id":"gen7ou-1701990430","p1":"BTLT007 Ojczul","p2":"Pok et glace","format":"gen7ou","log":"|raw|<div class=\"broadcast-blue\"><strong>This battle is required to be public due to a player having a name starting with 'btlt007'.<\/div>\n|j|\u2606BTLT007 Ojczul\n|j|\u2606Pok et glace\n|t:|1667502260\n|gametype|singles\n|player|p1|BTLT007 Ojczul|swimmer-gen4dp|1535\n|player|p2|Pok et glace|cynthia-masters|1713\n|teamsize|p1|6\n|teamsize|p2|6\n|gen|7\n|tier|[Gen 7] OU\n|rated|\n|rule|Sleep Clause Mod: Limit one foe put to sleep\n|rule|Species Clause: Limit one of each Pok\u00e9mon\n|rule|OHKO Clause: OHKO moves are banned\n|rule|Moody Clause: Moody is banned\n|rule|Evasion Items Clause: Evasion items are banned\n|rule|Evasion Moves Clause: Evasion moves are banned\n|rule|Endless Battle Clause: Forcing endless battles is banned\n|rule|HP Percentage Mod: HP is shown in percentages\n|clearpoke\n|poke|p1|Stakataka|item\n|poke|p1|Magnezone|item\n|poke|p1|Latias, F|item\n|poke|p1|Landorus-Therian, M|item\n|poke|p1|Greninja, M|item\n|poke|p1|Kommo-o, M|item\n|poke|p2|Landorus-Therian, M|item\n|poke|p2|Ferrothorn, M|item\n|poke|p2|Blacephalon|item\n|poke|p2|Tapu Fini|item\n|poke|p2|Lopunny, M|item\n|poke|p2|Porygon-Z|item\n|teampreview\n|\n|t:|1667502291\n|start\n|switch|p1a: Latias|Latias, F|100\/100\n|switch|p2a: Hyperspace|Blacephalon|100\/100\n|turn|1\n|\n|t:|1667502300\n|detailschange|p1a: Latias|Latias-Mega, F\n|-mega|p1a: Latias|Latias|Latiasite\n|move|p1a: Latias|Thunder Wave|p2a: Hyperspace|[miss]\n|-miss|p1a: Latias|p2a: Hyperspace\n|move|p2a: Hyperspace|Trick||[still]\n|-fail|p2a: Hyperspace\n|\n|upkeep\n|turn|2\n|\n|t:|1667502322\n|switch|p1a: Magnezone|Magnezone|100\/100\n|switch|p2a: Calamity|Tapu Fini|100\/100\n|-fieldstart|move: Misty Terrain|[from] ability: Misty Surge|[of] p2a: Calamity\n|\n|upkeep\n|turn|3\n|inactive|Battle timer is ON: inactive players will automatically lose when time's up. (requested by Pok et glace)\n|\n|t:|1667502328\n|switch|p2a: Temple|Ferrothorn, M|100\/100\n|move|p1a: Magnezone|Flash Cannon|p2a: Temple\n|-resisted|p2a: Temple\n|-damage|p2a: Temple|88\/100\n|\n|upkeep\n|turn|4\n|\n|t:|1667502334\n|switch|p2a: Hyperspace|Blacephalon|100\/100\n|move|p1a: Magnezone|Hidden Power|p2a: Hyperspace\n|-resisted|p2a: Hyperspace\n|-damage|p2a: Hyperspace|84\/100\n|\n|upkeep\n|turn|5\n|\n|t:|1667502341\n|switch|p1a: Kommo-o|Kommo-o, M|100\/100\n|move|p2a: Hyperspace|Shadow Ball|p1a: Kommo-o\n|-immune|p1a: Kommo-o|[from] ability: Bulletproof\n|\n|upkeep\n|turn|6\n|\n|t:|1667502346\n|switch|p2a: Enten|Landorus-Therian, M, shiny|100\/100\n|-ability|p2a: Enten|Intimidate|boost\n|-unboost|p1a: Kommo-o|atk|1\n|move|p1a: Kommo-o|Poison Jab|p2a: Enten\n|-resisted|p2a: Enten\n|-damage|p2a: Enten|95\/100\n|-status|p2a: Enten|psn\n|\n|-heal|p2a: Enten|100\/100 psn|[from] item: Leftovers\n|-damage|p2a: Enten|88\/100 psn|[from] psn\n|-fieldend|Misty Terrain\n|upkeep\n|turn|7\n|\n|t:|1667502350\n|switch|p1a: Landorus|Landorus-Therian, M|100\/100\n|-ability|p1a: Landorus|Intimidate|boost\n|-unboost|p2a: Enten|atk|1\n|move|p2a: Enten|Stealth Rock|p1a: Landorus\n|-sidestart|p1: BTLT007 Ojczul|move: Stealth Rock\n|\n|-heal|p2a: Enten|94\/100 psn|[from] item: Leftovers\n|-damage|p2a: Enten|82\/100 psn|[from] psn\n|upkeep\n|turn|8\n|\n|t:|1667502353\n|move|p1a: Landorus|Stealth Rock|p2a: Enten\n|-sidestart|p2: Pok et glace|move: Stealth Rock\n|move|p2a: Enten|U-turn|p1a: Landorus\n|-resisted|p1a: Landorus\n|-damage|p1a: Landorus|93\/100\n|\n|t:|1667502355\n|switch|p2a: Hyperspace|Blacephalon|84\/100|[from]move: U-turn\n|-damage|p2a: Hyperspace|59\/100|[from] Stealth Rock\n|\n|-heal|p1a: Landorus|99\/100|[from] item: Leftovers\n|upkeep\n|turn|9\n|\n|t:|1667502358\n|move|p2a: Hyperspace|Overheat|p1a: Landorus\n|-damage|p1a: Landorus|0 fnt\n|-unboost|p2a: Hyperspace|spa|2\n|faint|p1a: Landorus\n|-ability|p2a: Hyperspace|Beast Boost|boost\n|-boost|p2a: Hyperspace|spa|1\n|\n|upkeep\n|\n|t:|1667502366\n|switch|p1a: Kommo-o|Kommo-o, M|100\/100\n|-damage|p1a: Kommo-o|94\/100|[from] Stealth Rock\n|turn|10\n|\n|t:|1667502368\n|switch|p2a: Calamity|Tapu Fini|100\/100\n|-damage|p2a: Calamity|88\/100|[from] Stealth Rock\n|-fieldstart|move: Misty Terrain|[from] ability: Misty Surge|[of] p2a: Calamity\n|move|p1a: Kommo-o|Dragon Dance|p1a: Kommo-o\n|-boost|p1a: Kommo-o|atk|1\n|-boost|p1a: Kommo-o|spe|1\n|\n|-heal|p2a: Calamity|94\/100|[from] item: Leftovers\n|upkeep\n|turn|11\n|\n|t:|1667502372\n|switch|p1a: Greninja|Greninja, M|100\/100\n|-damage|p1a: Greninja|88\/100|[from] Stealth Rock\n|move|p2a: Calamity|Moonblast|p1a: Greninja\n|-supereffective|p1a: Greninja\n|-damage|p1a: Greninja|0 fnt\n|faint|p1a: Greninja\n|\n|-heal|p2a: Calamity|100\/100|[from] item: Leftovers\n|upkeep\n|j| CM Reuni\n|\n|t:|1667502377\n|switch|p1a: Magnezone|Magnezone|100\/100\n|-damage|p1a: Magnezone|94\/100|[from] Stealth Rock\n|turn|12\n|\n|t:|1667502390\n|switch|p2a: Enten|Landorus-Therian, M, shiny|82\/100 psn\n|-damage|p2a: Enten|70\/100 psn|[from] Stealth Rock\n|-ability|p2a: Enten|Intimidate|boost\n|-unboost|p1a: Magnezone|atk|1\n|move|p1a: Magnezone|Flash Cannon|p2a: Enten\n|-damage|p2a: Enten|27\/100 psn\n|\n|-heal|p2a: Enten|33\/100 psn|[from] item: Leftovers\n|-damage|p2a: Enten|21\/100 psn|[from] psn\n|upkeep\n|turn|13\n|\n|t:|1667502395\n|switch|p1a: Latias|Latias-Mega, F|100\/100\n|-damage|p1a: Latias|88\/100|[from] Stealth Rock\n|move|p2a: Enten|U-turn|p1a: Latias\n|-supereffective|p1a: Latias\n|-damage|p1a: Latias|52\/100\n|\n|t:|1667502399\n|switch|p2a: Genesis|Lopunny, M, shiny|100\/100|[from]move: U-turn\n|-damage|p2a: Genesis|88\/100|[from] Stealth Rock\n|\n|upkeep\n|turn|14\n|\n|t:|1667502404\n|detailschange|p2a: Genesis|Lopunny-Mega, M, shiny\n|-mega|p2a: Genesis|Lopunny|Lopunnite\n|move|p2a: Genesis|Fake Out|p1a: Latias\n|-damage|p1a: Latias|35\/100\n|cant|p1a: Latias|flinch\n|\n|-fieldend|Misty Terrain\n|upkeep\n|turn|15\n|\n|t:|1667502409\n|move|p2a: Genesis|Frustration|p1a: Latias\n|-damage|p1a: Latias|0 fnt\n|faint|p1a: Latias\n|\n|upkeep\n|\n|t:|1667502415\n|switch|p1a: Kommo-o|Kommo-o, M|94\/100\n|-damage|p1a: Kommo-o|88\/100|[from] Stealth Rock\n|turn|16\n|\n|t:|1667502423\n|switch|p2a: Enten|Landorus-Therian, M, shiny|21\/100 psn\n|-damage|p2a: Enten|8\/100 psn|[from] Stealth Rock\n|-ability|p2a: Enten|Intimidate|boost\n|-unboost|p1a: Kommo-o|atk|1\n|move|p1a: Kommo-o|Dragon Dance|p1a: Kommo-o\n|-boost|p1a: Kommo-o|atk|1\n|-boost|p1a: Kommo-o|spe|1\n|\n|-heal|p2a: Enten|14\/100 psn|[from] item: Leftovers\n|-damage|p2a: Enten|2\/100 psn|[from] psn\n|upkeep\n|turn|17\n|\n|t:|1667502433\n|-zpower|p1a: Kommo-o\n|move|p1a: Kommo-o|Clangorous Soulblaze|p2a: Enten|[zeffect]\n|-crit|p2a: Enten\n|-damage|p2a: Enten|0 fnt\n|faint|p2a: Enten\n|-boost|p1a: Kommo-o|atk|1\n|-boost|p1a: Kommo-o|def|1\n|-boost|p1a: Kommo-o|spa|1\n|-boost|p1a: Kommo-o|spd|1\n|-boost|p1a: Kommo-o|spe|1\n|\n|upkeep\n|\n|t:|1667502439\n|switch|p2a: Genesis|Lopunny-Mega, M, shiny|88\/100\n|-damage|p2a: Genesis|82\/100|[from] Stealth Rock\n|turn|18\n|\n|t:|1667502444\n|move|p2a: Genesis|Fake Out|p1a: Kommo-o\n|-damage|p1a: Kommo-o|74\/100\n|cant|p1a: Kommo-o|flinch\n|\n|upkeep\n|turn|19\n|\n|t:|1667502448\n|switch|p2a: Temple|Ferrothorn, M|88\/100\n|-damage|p2a: Temple|82\/100|[from] Stealth Rock\n|move|p1a: Kommo-o|Dragon Dance|p1a: Kommo-o\n|-boost|p1a: Kommo-o|atk|1\n|-boost|p1a: Kommo-o|spe|1\n|\n|upkeep\n|turn|20\n|\n|t:|1667502455\n|move|p1a: Kommo-o|Dragon Dance|p1a: Kommo-o\n|-boost|p1a: Kommo-o|atk|1\n|-boost|p1a: Kommo-o|spe|1\n|move|p2a: Temple|Thunder Wave|p1a: Kommo-o\n|-status|p1a: Kommo-o|par\n|\n|upkeep\n|turn|21\n|\n|t:|1667502467\n|move|p1a: Kommo-o|Close Combat|p2a: Temple\n|-supereffective|p2a: Temple\n|-damage|p2a: Temple|0 fnt\n|-unboost|p1a: Kommo-o|def|1\n|-unboost|p1a: Kommo-o|spd|1\n|-damage|p1a: Kommo-o|62\/100 par|[from] ability: Iron Barbs|[of] p2a: Temple\n|faint|p2a: Temple\n|\n|upkeep\n|\n|t:|1667502471\n|switch|p2a: Genesis|Lopunny-Mega, M, shiny|82\/100\n|-damage|p2a: Genesis|75\/100|[from] Stealth Rock\n|turn|22\n|\n|t:|1667502477\n|move|p2a: Genesis|Fake Out|p1a: Kommo-o\n|-damage|p1a: Kommo-o|39\/100 par\n|cant|p1a: Kommo-o|flinch\n|\n|upkeep\n|turn|23\n|\n|t:|1667502483\n|switch|p2a: Porygon-Z|Porygon-Z|100\/100\n|-damage|p2a: Porygon-Z|88\/100|[from] Stealth Rock\n|move|p1a: Kommo-o|Poison Jab|p2a: Porygon-Z\n|-damage|p2a: Porygon-Z|0 fnt\n|faint|p2a: Porygon-Z\n|\n|upkeep\n|\n|t:|1667502486\n|switch|p2a: Genesis|Lopunny-Mega, M, shiny|75\/100\n|-damage|p2a: Genesis|69\/100|[from] Stealth Rock\n|turn|24\n|\n|t:|1667502492\n|move|p2a: Genesis|Fake Out|p1a: Kommo-o\n|-crit|p1a: Kommo-o\n|-damage|p1a: Kommo-o|6\/100 par\n|cant|p1a: Kommo-o|flinch\n|\n|upkeep\n|turn|25\n|\n|t:|1667502503\n|move|p2a: Genesis|Quick Attack|p1a: Kommo-o\n|-damage|p1a: Kommo-o|0 fnt\n|faint|p1a: Kommo-o\n|\n|upkeep\n|\n|t:|1667502506\n|switch|p1a: Stakataka|Stakataka|100\/100\n|-damage|p1a: Stakataka|94\/100|[from] Stealth Rock\n|turn|26\n|\n|t:|1667502528\n|move|p2a: Genesis|High Jump Kick|p1a: Stakataka\n|-supereffective|p1a: Stakataka\n|-damage|p1a: Stakataka|0 fnt\n|faint|p1a: Stakataka\n|\n|upkeep\n|-message|BTLT007 Ojczul forfeited.\n|\n|win|Pok et glace\n|raw|BTLT007 Ojczul's rating: 1535 &rarr; <strong>1524<\/strong><br \/>(-11 for losing)\n|raw|Pok et glace's rating: 1713 &rarr; <strong>1724<\/strong><br \/>(+11 for winning)\n|l|\u2606BTLT007 Ojczul\n|l| CM Reuni\n","uploadtime":1667502546,"views":8,"p1id":"btlt007ojczul","p2id":"poketglace","formatid":"gen7ou","rating":1524,"private":0,"password":null}