{"id":"gen7ou-698649881","p1":"Aurella","p2":"jly8","format":"gen7ou","log":"|j|\u2606Aurella\n|j|\u2606jly8\n|player|p1|Aurella|159\n|player|p2|jly8|80\n|teamsize|p1|6\n|teamsize|p2|6\n|gametype|singles\n|gen|7\n|tier|[Gen 7] OU\n|rated|\n|rule|Sleep Clause Mod: Limit one foe put to sleep\n|rule|Species Clause: Limit one of each Pok\u00e9mon\n|rule|OHKO Clause: OHKO moves are banned\n|rule|Moody Clause: Moody is banned\n|rule|Evasion Moves Clause: Evasion moves are banned\n|rule|Endless Battle Clause: Forcing endless battles is banned\n|rule|HP Percentage Mod: HP is shown in percentages\n|clearpoke\n|poke|p1|Latios, M|item\n|poke|p1|Latias, F|item\n|poke|p1|Skarmory, M|item\n|poke|p1|Toxapex, M|item\n|poke|p1|Hippowdon, M|item\n|poke|p1|Mew|item\n|poke|p2|Kartana|item\n|poke|p2|Greninja, M|item\n|poke|p2|Zapdos|item\n|poke|p2|Tapu Bulu|item\n|poke|p2|Alakazam, F|item\n|poke|p2|Chansey, F|item\n|teampreview\n|inactive|Battle timer is ON: inactive players will automatically lose when time's up. (requested by Aurella)\n|inactive|jly8 has 135 seconds left.\n|\n|start\n|switch|p1a: Toxapex|Toxapex, M|100\/100\n|switch|p2a: Alakazam|Alakazam, F|100\/100\n|turn|1\n|\n|-mega|p2a: Alakazam|Alakazam|Alakazite\n|detailschange|p2a: Alakazam|Alakazam-Mega, F\n|-ability|p2a: Alakazam|Regenerator|[from] ability: Trace|[of] p1a: Toxapex\n|move|p2a: Alakazam|Calm Mind|p2a: Alakazam\n|-boost|p2a: Alakazam|spa|1\n|-boost|p2a: Alakazam|spd|1\n|move|p1a: Toxapex|Toxic|p2a: Alakazam\n|-status|p2a: Alakazam|tox\n|\n|-damage|p2a: Alakazam|95\/100 tox|[from] psn\n|upkeep\n|turn|2\n|\n|switch|p1a: Mew|Mew, shiny|100\/100\n|move|p2a: Alakazam|Psyshock|p1a: Mew\n|-resisted|p1a: Mew\n|-damage|p1a: Mew|65\/100\n|\n|-damage|p2a: Alakazam|83\/100 tox|[from] psn\n|upkeep\n|turn|3\n|\n|switch|p1a: Toxapex|Toxapex, M|100\/100\n|move|p2a: Alakazam|Calm Mind|p2a: Alakazam\n|-boost|p2a: Alakazam|spa|1\n|-boost|p2a: Alakazam|spd|1\n|\n|-damage|p2a: Alakazam|65\/100 tox|[from] psn\n|upkeep\n|turn|4\n|\n|switch|p1a: Hippowdon|Hippowdon, M, shiny|100\/100\n|-weather|Sandstorm|[from] ability: Sand Stream|[of] p1a: Hippowdon\n|move|p2a: Alakazam|Calm Mind|p2a: Alakazam\n|-boost|p2a: Alakazam|spa|1\n|-boost|p2a: Alakazam|spd|1\n|\n|-weather|Sandstorm|[upkeep]\n|-damage|p2a: Alakazam|59\/100 tox|[from] sandstorm\n|-damage|p2a: Alakazam|35\/100 tox|[from] psn\n|upkeep\n|turn|5\n|\n|move|p2a: Alakazam|Psyshock|p1a: Hippowdon\n|-damage|p1a: Hippowdon|21\/100\n|move|p1a: Hippowdon|Slack Off|p1a: Hippowdon\n|-heal|p1a: Hippowdon|71\/100\n|\n|-weather|Sandstorm|[upkeep]\n|-damage|p2a: Alakazam|29\/100 tox|[from] sandstorm\n|-heal|p1a: Hippowdon|78\/100|[from] item: Leftovers\n|-damage|p2a: Alakazam|0 fnt|[from] psn\n|upkeep\n|faint|p2a: Alakazam\n|inactive|jly8 has 135 seconds left.\n|\n|switch|p2a: Kartana|Kartana|100\/100\n|turn|6\n|\n|move|p2a: Kartana|Swords Dance|p2a: Kartana\n|-boost|p2a: Kartana|atk|2\n|move|p1a: Hippowdon|Fire Fang|p2a: Kartana\n|-supereffective|p2a: Kartana\n|-damage|p2a: Kartana|25\/100\n|\n|-weather|Sandstorm|[upkeep]\n|-heal|p1a: Hippowdon|84\/100|[from] item: Leftovers\n|upkeep\n|turn|7\n|\n|switch|p1a: Skarmory|Skarmory, M, shiny|100\/100\n|move|p2a: Kartana|Leaf Blade|p1a: Skarmory\n|-resisted|p1a: Skarmory\n|-crit|p1a: Skarmory\n|-damage|p1a: Skarmory|74\/100\n|-damage|p2a: Kartana|8\/100|[from] item: Rocky Helmet|[of] p1a: Skarmory\n|\n|-weather|Sandstorm|[upkeep]\n|upkeep\n|turn|8\n|\n|move|p2a: Kartana|Sacred Sword|p1a: Skarmory\n|-damage|p1a: Skarmory|31\/100\n|-damage|p2a: Kartana|0 fnt|[from] item: Rocky Helmet|[of] p1a: Skarmory\n|faint|p2a: Kartana\n|move|p1a: Skarmory|Roost|p1a: Skarmory\n|-heal|p1a: Skarmory|81\/100\n|\n|-weather|none\n|upkeep\n|\n|switch|p2a: Greninja|Greninja, M|100\/100\n|turn|9\n|\n|switch|p1a: Toxapex|Toxapex, M|100\/100\n|move|p2a: Greninja|Dark Pulse|p1a: Toxapex\n|-damage|p1a: Toxapex|64\/100\n|\n|upkeep\n|turn|10\n|\n|move|p2a: Greninja|Dark Pulse|p1a: Toxapex|[miss]\n|-miss|p2a: Greninja|p1a: Toxapex\n|move|p1a: Toxapex|Toxic|p2a: Greninja\n|-status|p2a: Greninja|tox\n|\n|-damage|p2a: Greninja|95\/100 tox|[from] psn\n|upkeep\n|turn|11\n|c|\u2606jly8|?\n|-message|jly8 forfeited.\n|\n|win|Aurella\n|l|\u2606jly8\n|raw|Aurella's rating: 1547 &rarr; <strong>1568<\/strong><br \/>(+21 for winning)\n|raw|jly8's rating: 1560 &rarr; <strong>1540<\/strong><br \/>(-20 for losing)\n","inputlog":null,"uploadtime":1517689154,"views":198,"p1id":"aurella","p2id":"jly8","formatid":"gen7ou","rating":1540,"private":0,"password":null}