{"id":"gen7ou-769531057","p1":"BigL91","p2":"AdontisMage1175","format":"gen7ou","log":"|j|\u2606BigL91\n|j|\u2606AdontisMage1175\n|player|p1|BigL91|1\n|player|p2|AdontisMage1175|21\n|teamsize|p1|6\n|teamsize|p2|6\n|gametype|singles\n|gen|7\n|tier|[Gen 7] OU\n|rated|\n|rule|Sleep Clause Mod: Limit one foe put to sleep\n|rule|Species Clause: Limit one of each Pok\u00e9mon\n|rule|OHKO Clause: OHKO moves are banned\n|rule|Moody Clause: Moody is banned\n|rule|Evasion Moves Clause: Evasion moves are banned\n|rule|Endless Battle Clause: Forcing endless battles is banned\n|rule|HP Percentage Mod: HP is shown in percentages\n|clearpoke\n|poke|p1|Ribombee, M|item\n|poke|p1|Landorus-Therian, M|item\n|poke|p1|Medicham, M|item\n|poke|p1|Magearna|item\n|poke|p1|Bisharp, M|item\n|poke|p1|Greninja, M|item\n|poke|p2|Greninja, M|item\n|poke|p2|Sableye, F|item\n|poke|p2|Heatran, F|item\n|poke|p2|Magearna|item\n|poke|p2|Landorus-Therian, M|item\n|poke|p2|Kyurem-Black|item\n|teampreview\n|\n|start\n|switch|p1a: Ribombee|Ribombee, M, shiny|100\/100\n|switch|p2a: Lil Sable|Sableye, F|100\/100\n|turn|1\n|\n|detailschange|p2a: Lil Sable|Sableye-Mega, F\n|-mega|p2a: Lil Sable|Sableye|Sablenite\n|move|p1a: Ribombee|Moonblast|p2a: Lil Sable\n|-supereffective|p2a: Lil Sable\n|-damage|p2a: Lil Sable|13\/100\n|move|p2a: Lil Sable|Recover|p2a: Lil Sable\n|-heal|p2a: Lil Sable|64\/100\n|\n|upkeep\n|turn|2\n|\n|move|p2a: Lil Sable|Shadow Sneak|p1a: Ribombee\n|-damage|p1a: Ribombee|76\/100\n|move|p1a: Ribombee|Moonblast|p2a: Lil Sable\n|-supereffective|p2a: Lil Sable\n|-damage|p2a: Lil Sable|0 fnt\n|faint|p2a: Lil Sable\n|\n|upkeep\n|\n|switch|p2a: Bernie Landers|Landorus-Therian, M|100\/100\n|-ability|p2a: Bernie Landers|Intimidate|boost\n|-unboost|p1a: Ribombee|atk|1\n|turn|3\n|\n|move|p2a: Bernie Landers|Stone Edge|p1a: Ribombee|[miss]\n|-miss|p2a: Bernie Landers|p1a: Ribombee\n|move|p1a: Ribombee|Sticky Web|p2a: Bernie Landers\n|-sidestart|p2: AdontisMage1175|move: Sticky Web\n|\n|upkeep\n|turn|4\n|j| loser113\n|\n|switch|p2a: Le Flame|Heatran, F, shiny|100\/100\n|-activate|p2a: Le Flame|move: Sticky Web\n|-unboost|p2a: Le Flame|spe|1\n|switch|p1a: Magearna|Magearna|100\/100\n|\n|upkeep\n|turn|5\n|\n|move|p1a: Magearna|Volt Switch|p2a: Le Flame\n|-damage|p2a: Le Flame|84\/100\n|\n|switch|p1a: Ribombee|Ribombee, M, shiny|76\/100\n|move|p2a: Le Flame|Stealth Rock|p1a: Ribombee\n|-sidestart|p1: BigL91|move: Stealth Rock\n|\n|upkeep\n|turn|6\n|\n|move|p1a: Ribombee|Hidden Power|p2a: Le Flame\n|-supereffective|p2a: Le Flame\n|-damage|p2a: Le Flame|26\/100\n|move|p2a: Le Flame|Lava Plume|p1a: Ribombee\n|-supereffective|p1a: Ribombee\n|-damage|p1a: Ribombee|0 fnt\n|faint|p1a: Ribombee\n|\n|upkeep\n|\n|switch|p1a: Medicham|Medicham, M|100\/100\n|-damage|p1a: Medicham|94\/100|[from] Stealth Rock\n|turn|7\n|\n|detailschange|p1a: Medicham|Medicham-Mega, M\n|-mega|p1a: Medicham|Medicham|Medichamite\n|move|p1a: Medicham|High Jump Kick|p2a: Le Flame\n|-supereffective|p2a: Le Flame\n|-damage|p2a: Le Flame|0 fnt\n|faint|p2a: Le Flame\n|\n|upkeep\n|\n|switch|p2a: Bernie Landers|Landorus-Therian, M|100\/100\n|-ability|p2a: Bernie Landers|Intimidate|boost\n|-unboost|p1a: Medicham|atk|1\n|turn|8\n|\n|switch|p1a: Landorus|Landorus-Therian, M|100\/100\n|-damage|p1a: Landorus|88\/100|[from] Stealth Rock\n|-ability|p1a: Landorus|Intimidate|boost\n|-unboost|p2a: Bernie Landers|atk|1\n|move|p2a: Bernie Landers|U-turn|p1a: Landorus\n|-resisted|p1a: Landorus\n|-damage|p1a: Landorus|78\/100\n|\n|switch|p2a: Byurem Klack|Kyurem-Black|100\/100\n|-activate|p2a: Byurem Klack|move: Sticky Web\n|-unboost|p2a: Byurem Klack|spe|1\n|-ability|p2a: Byurem Klack|Teravolt\n|\n|upkeep\n|turn|9\n|-message|AdontisMage1175 forfeited.\n|\n|win|BigL91\n|l|\u2606AdontisMage1175\n|raw|BigL91's rating: 1673 &rarr; <strong>1697<\/strong><br \/>(+24 for winning)\n|raw|AdontisMage1175's rating: 1731 &rarr; <strong>1708<\/strong><br \/>(-23 for losing)\n|l|\u2606BigL91\n","inputlog":null,"uploadtime":1530369570,"views":36,"p1id":"bigl91","p2id":"adontismage1175","formatid":"gen7ou","rating":1697,"private":0,"password":null}