{"id":"gen7ou-766588589","p1":"SMxVale","p2":"kylelowrythepump","format":"gen7ou","log":"|j|\u2606SMxVale\n|j|\u2606kylelowrythepump\n|player|p1|SMxVale|265\n|player|p2|kylelowrythepump|266\n|teamsize|p1|6\n|teamsize|p2|6\n|gametype|singles\n|gen|7\n|tier|[Gen 7] OU\n|rated|\n|rule|Sleep Clause Mod: Limit one foe put to sleep\n|rule|Species Clause: Limit one of each Pok\u00e9mon\n|rule|OHKO Clause: OHKO moves are banned\n|rule|Moody Clause: Moody is banned\n|rule|Evasion Moves Clause: Evasion moves are banned\n|rule|Endless Battle Clause: Forcing endless battles is banned\n|rule|HP Percentage Mod: HP is shown in percentages\n|clearpoke\n|poke|p1|Blacephalon|item\n|poke|p1|Medicham, M|item\n|poke|p1|Landorus-Therian, M|item\n|poke|p1|Magearna|item\n|poke|p1|Tapu Bulu|item\n|poke|p1|Toxapex, M|item\n|poke|p2|Alomomola, M|item\n|poke|p2|Tapu Bulu|item\n|poke|p2|Heatran, F|item\n|poke|p2|Clefable, M|item\n|poke|p2|Kartana|item\n|poke|p2|Tornadus-Therian, M|item\n|teampreview\n|inactive|Battle timer is ON: inactive players will automatically lose when time's up. (requested by kylelowrythepump)\n|inactive|SMxVale has 135 seconds left.\n|\n|start\n|switch|p1a: Toxapex|Toxapex, M|100\/100\n|switch|p2a: Alomomola|Alomomola, M|100\/100\n|turn|1\n|inactive|SMxVale also wants the timer to be on.\n|\n|move|p2a: Alomomola|Knock Off|p1a: Toxapex\n|-damage|p1a: Toxapex|87\/100\n|-enditem|p1a: Toxapex|Black Sludge|[from] move: Knock Off|[of] p2a: Alomomola\n|move|p1a: Toxapex|Toxic Spikes|p2a: Alomomola\n|-sidestart|p2: kylelowrythepump|move: Toxic Spikes\n|\n|upkeep\n|turn|2\n|inactive|SMxVale has 135 seconds left.\n|\n|move|p2a: Alomomola|Scald|p1a: Toxapex\n|-resisted|p1a: Toxapex\n|-damage|p1a: Toxapex|83\/100\n|move|p1a: Toxapex|Scald|p2a: Alomomola\n|-resisted|p2a: Alomomola\n|-damage|p2a: Alomomola|94\/100\n|-status|p2a: Alomomola|brn\n|\n|-heal|p2a: Alomomola|99\/100 brn|[from] item: Leftovers\n|-damage|p2a: Alomomola|94\/100 brn|[from] brn\n|upkeep\n|turn|3\n|inactive|SMxVale has 135 seconds left.\n|inactive|kylelowrythepump has 135 seconds left.\n|inactive|SMxVale has 120 seconds left.\n|\n|switch|p1a: Tapu Bulu|Tapu Bulu|100\/100\n|-fieldstart|move: Grassy Terrain|[from] ability: Grassy Surge|[of] p1a: Tapu Bulu\n|move|p2a: Alomomola|Scald|p1a: Tapu Bulu\n|-resisted|p1a: Tapu Bulu\n|-damage|p1a: Tapu Bulu|91\/100\n|\n|-heal|p1a: Tapu Bulu|97\/100|[from] Grassy Terrain\n|-heal|p2a: Alomomola|99\/100 brn|[from] item: Leftovers\n|-heal|p2a: Alomomola|100\/100 brn|[from] Grassy Terrain\n|-damage|p2a: Alomomola|94\/100 brn|[from] brn\n|upkeep\n|turn|4\n|\n|switch|p2a: Tornadus|Tornadus-Therian, M|100\/100\n|move|p1a: Tapu Bulu|Wood Hammer|p2a: Tornadus\n|-resisted|p2a: Tornadus\n|-damage|p2a: Tornadus|50\/100\n|-damage|p1a: Tapu Bulu|81\/100|[from] item: Rocky Helmet|[of] p2a: Tornadus\n|-damage|p1a: Tapu Bulu|59\/100|[from] Recoil\n|\n|-heal|p1a: Tapu Bulu|65\/100|[from] Grassy Terrain\n|upkeep\n|turn|5\n|\n|switch|p2a: Kartana|Kartana|100\/100\n|move|p1a: Tapu Bulu|Wood Hammer|p2a: Kartana\n|-resisted|p2a: Kartana\n|-damage|p2a: Kartana|76\/100\n|-damage|p1a: Tapu Bulu|58\/100|[from] Recoil\n|\n|-heal|p2a: Kartana|82\/100|[from] Grassy Terrain\n|-heal|p1a: Tapu Bulu|64\/100|[from] Grassy Terrain\n|upkeep\n|turn|6\n|\n|switch|p1a: Landorus|Landorus-Therian, M|100\/100\n|-ability|p1a: Landorus|Intimidate|boost\n|-unboost|p2a: Kartana|atk|1\n|move|p2a: Kartana|Leaf Blade|p1a: Landorus\n|-damage|p1a: Landorus|34\/100\n|-damage|p2a: Kartana|65\/100|[from] item: Rocky Helmet|[of] p1a: Landorus\n|\n|-heal|p2a: Kartana|72\/100|[from] Grassy Terrain\n|upkeep\n|turn|7\n|inactive|SMxVale has 135 seconds left.\n|\n|switch|p1a: Blacephalon|Blacephalon|100\/100\n|move|p2a: Kartana|Leaf Blade|p1a: Blacephalon\n|-resisted|p1a: Blacephalon\n|-damage|p1a: Blacephalon|0 fnt\n|faint|p1a: Blacephalon\n|-ability|p2a: Kartana|Beast Boost|boost\n|-boost|p2a: Kartana|atk|1\n|\n|-heal|p2a: Kartana|78\/100|[from] Grassy Terrain\n|-fieldend|move: Grassy Terrain\n|upkeep\n|-message|SMxVale forfeited.\n|\n|win|kylelowrythepump\n|l|\u2606SMxVale\n|raw|SMxVale's rating: 1656 &rarr; <strong>1639<\/strong><br \/>(-17 for losing)\n|raw|kylelowrythepump's rating: 1713 &rarr; <strong>1730<\/strong><br \/>(+17 for winning)\n","inputlog":null,"uploadtime":1529789251,"views":14,"p1id":"smxvale","p2id":"kylelowrythepump","formatid":"gen7ou","rating":1639,"private":0,"password":null}