{"id":"gen7ou-1664983604","p1":"Alu9204","p2":"kongbing","format":"gen7ou","log":"|j|\u2606Alu9204\n|j|\u2606kongbing\n|t:|1663256116\n|gametype|singles\n|player|p1|Alu9204|burglar|1482\n|player|p2|kongbing|265|1416\n|teamsize|p1|6\n|teamsize|p2|6\n|gen|7\n|tier|[Gen 7] OU\n|rated|\n|rule|Sleep Clause Mod: Limit one foe put to sleep\n|rule|Species Clause: Limit one of each Pok\u00e9mon\n|rule|OHKO Clause: OHKO moves are banned\n|rule|Moody Clause: Moody is banned\n|rule|Evasion Items Clause: Evasion items are banned\n|rule|Evasion Moves Clause: Evasion moves are banned\n|rule|Endless Battle Clause: Forcing endless battles is banned\n|rule|HP Percentage Mod: HP is shown in percentages\n|clearpoke\n|poke|p1|Shuckle, F|item\n|poke|p1|Kyurem-Black|item\n|poke|p1|Zeraora|item\n|poke|p1|Bisharp, F|item\n|poke|p1|Gyarados, M|item\n|poke|p1|Mimikyu, M|item\n|poke|p2|Diancie|item\n|poke|p2|Crawdaunt, M|item\n|poke|p2|Rotom-Wash|item\n|poke|p2|Ferrothorn, F|item\n|poke|p2|Landorus-Therian, M|item\n|poke|p2|Volcarona, M|item\n|teampreview\n|inactive|Battle timer is ON: inactive players will automatically lose when time's up. (requested by kongbing)\n|\n|t:|1663256164\n|start\n|switch|p1a: Mimikyu|Mimikyu, M|100\/100\n|switch|p2a: Diancie|Diancie|100\/100\n|turn|1\n|\n|t:|1663256169\n|detailschange|p2a: Diancie|Diancie-Mega\n|-mega|p2a: Diancie|Diancie|Diancite\n|move|p2a: Diancie|Stealth Rock|p1a: Mimikyu\n|-sidestart|p1: Alu9204|move: Stealth Rock\n|move|p1a: Mimikyu|Swords Dance|p1a: Mimikyu\n|-boost|p1a: Mimikyu|atk|2\n|\n|upkeep\n|turn|2\n|\n|t:|1663256173\n|switch|p2a: Ferrothorn|Ferrothorn, F|100\/100\n|move|p1a: Mimikyu|Shadow Claw|p2a: Ferrothorn\n|-damage|p2a: Ferrothorn|48\/100\n|-damage|p1a: Mimikyu|88\/100|[from] ability: Iron Barbs|[of] p2a: Ferrothorn\n|-damage|p1a: Mimikyu|78\/100|[from] item: Life Orb\n|\n|-heal|p2a: Ferrothorn|54\/100|[from] item: Leftovers\n|upkeep\n|turn|3\n|\n|t:|1663256180\n|move|p1a: Mimikyu|Shadow Claw|p2a: Ferrothorn\n|-crit|p2a: Ferrothorn\n|-damage|p2a: Ferrothorn|0 fnt\n|-damage|p1a: Mimikyu|66\/100|[from] ability: Iron Barbs|[of] p2a: Ferrothorn\n|faint|p2a: Ferrothorn\n|-damage|p1a: Mimikyu|56\/100|[from] item: Life Orb\n|\n|upkeep\n|\n|t:|1663256185\n|switch|p2a: Landorus|Landorus-Therian, M|100\/100\n|-ability|p2a: Landorus|Intimidate|boost\n|-unboost|p1a: Mimikyu|atk|1\n|turn|4\n|\n|t:|1663256193\n|move|p2a: Landorus|U-turn|p1a: Mimikyu\n|-activate|p1a: Mimikyu|ability: Disguise\n|-damage|p1a: Mimikyu|56\/100\n|detailschange|p1a: Mimikyu|Mimikyu-Busted, M\n|\n|t:|1663256195\n|switch|p2a: Crawdaunt|Crawdaunt, M|100\/100|[from]move: U-turn\n|move|p1a: Mimikyu|Shadow Claw|p2a: Crawdaunt\n|-resisted|p2a: Crawdaunt\n|-damage|p2a: Crawdaunt|54\/100\n|-damage|p1a: Mimikyu|46\/100|[from] item: Life Orb\n|\n|upkeep\n|turn|5\n|\n|t:|1663256203\n|move|p2a: Crawdaunt|Aqua Jet|p1a: Mimikyu\n|-damage|p1a: Mimikyu|0 fnt\n|faint|p1a: Mimikyu\n|\n|upkeep\n|\n|t:|1663256217\n|switch|p1a: Kyurem|Kyurem-Black|100\/100\n|-damage|p1a: Kyurem|76\/100|[from] Stealth Rock\n|-ability|p1a: Kyurem|Teravolt\n|turn|6\n|\n|t:|1663256222\n|switch|p2a: Volcarona|Volcarona, M|100\/100\n|move|p1a: Kyurem|Ice Beam|p2a: Volcarona\n|-resisted|p2a: Volcarona\n|-damage|p2a: Volcarona|81\/100\n|\n|upkeep\n|turn|7\n|\n|t:|1663256233\n|move|p1a: Kyurem|Earth Power|p2a: Volcarona\n|-damage|p2a: Volcarona|53\/100\n|move|p2a: Volcarona|Quiver Dance|p2a: Volcarona\n|-boost|p2a: Volcarona|spa|1\n|-boost|p2a: Volcarona|spd|1\n|-boost|p2a: Volcarona|spe|1\n|\n|upkeep\n|turn|8\n|\n|t:|1663256240\n|move|p2a: Volcarona|Quiver Dance|p2a: Volcarona\n|-boost|p2a: Volcarona|spa|1\n|-boost|p2a: Volcarona|spd|1\n|-boost|p2a: Volcarona|spe|1\n|move|p1a: Kyurem|Fusion Bolt|p2a: Volcarona\n|-damage|p2a: Volcarona|16\/100\n|\n|upkeep\n|turn|9\n|\n|t:|1663256244\n|move|p2a: Volcarona|Roost|p2a: Volcarona\n|-heal|p2a: Volcarona|66\/100\n|-singleturn|p2a: Volcarona|move: Roost\n|move|p1a: Kyurem|Fusion Bolt|p2a: Volcarona\n|-damage|p2a: Volcarona|30\/100\n|\n|upkeep\n|turn|10\n|\n|t:|1663256248\n|move|p2a: Volcarona|Roost|p2a: Volcarona\n|-heal|p2a: Volcarona|80\/100\n|-singleturn|p2a: Volcarona|move: Roost\n|move|p1a: Kyurem|Fusion Bolt|p2a: Volcarona\n|-damage|p2a: Volcarona|46\/100\n|\n|upkeep\n|turn|11\n|\n|t:|1663256255\n|move|p2a: Volcarona|Roost|p2a: Volcarona\n|-heal|p2a: Volcarona|96\/100\n|-singleturn|p2a: Volcarona|move: Roost\n|move|p1a: Kyurem|Fusion Bolt|p2a: Volcarona\n|-damage|p2a: Volcarona|63\/100\n|\n|upkeep\n|turn|12\n|\n|t:|1663256260\n|move|p2a: Volcarona|Quiver Dance|p2a: Volcarona\n|-boost|p2a: Volcarona|spa|1\n|-boost|p2a: Volcarona|spd|1\n|-boost|p2a: Volcarona|spe|1\n|move|p1a: Kyurem|Fusion Bolt|p2a: Volcarona\n|-damage|p2a: Volcarona|30\/100\n|\n|upkeep\n|turn|13\n|\n|t:|1663256268\n|move|p2a: Volcarona|Bug Buzz|p1a: Kyurem\n|-damage|p1a: Kyurem|0 fnt\n|faint|p1a: Kyurem\n|\n|upkeep\n|\n|t:|1663256285\n|switch|p1a: Bisharp|Bisharp, F|100\/100\n|-damage|p1a: Bisharp|95\/100|[from] Stealth Rock\n|turn|14\n|\n|t:|1663256289\n|move|p2a: Volcarona|Flamethrower|p1a: Bisharp\n|-supereffective|p1a: Bisharp\n|-damage|p1a: Bisharp|0 fnt\n|faint|p1a: Bisharp\n|\n|upkeep\n|\n|t:|1663256291\n|switch|p1a: Gyarados|Gyarados, M|100\/100\n|-damage|p1a: Gyarados|76\/100|[from] Stealth Rock\n|-ability|p1a: Gyarados|Intimidate|boost\n|-unboost|p2a: Volcarona|atk|1\n|turn|15\n|\n|t:|1663256298\n|-zpower|p2a: Volcarona\n|move|p2a: Volcarona|Savage Spin-Out|p1a: Gyarados|[zeffect]\n|-resisted|p1a: Gyarados\n|-crit|p1a: Gyarados\n|-damage|p1a: Gyarados|0 fnt\n|faint|p1a: Gyarados\n|\n|upkeep\n|\n|t:|1663256303\n|switch|p1a: Zeraora|Zeraora|100\/100\n|-damage|p1a: Zeraora|88\/100|[from] Stealth Rock\n|turn|16\n|\n|t:|1663256309\n|move|p2a: Volcarona|Flamethrower|p1a: Zeraora\n|-damage|p1a: Zeraora|0 fnt\n|faint|p1a: Zeraora\n|\n|upkeep\n|\n|t:|1663256311\n|switch|p1a: Shuckle|Shuckle, F|100\/100\n|-damage|p1a: Shuckle|76\/100|[from] Stealth Rock\n|turn|17\n|\n|t:|1663256313\n|move|p2a: Volcarona|Flamethrower|p1a: Shuckle\n|-damage|p1a: Shuckle|19\/100\n|-enditem|p1a: Shuckle|Red Card|[of] p2a: Volcarona\n|drag|p2a: Rotom|Rotom-Wash|100\/100\n|move|p1a: Shuckle|Final Gambit|p2a: Rotom\n|-damage|p2a: Rotom|86\/100\n|faint|p1a: Shuckle\n|\n|win|kongbing\n|raw|Alu9204's rating: 1482 &rarr; <strong>1458<\/strong><br \/>(-24 for losing)\n|raw|kongbing's rating: 1416 &rarr; <strong>1440<\/strong><br \/>(+24 for winning)\n|l|\u2606Alu9204\n","uploadtime":1663256317,"views":7,"p1id":"alu9204","p2id":"kongbing","formatid":"gen7ou","rating":1440,"private":0,"password":null}