{"id":"gen7ou-1066043466","p1":"fukkwill","p2":"Shardul888","format":"gen7ou","log":"|j|\u2606fukkwill\n|j|\u2606Shardul888\n|player|p1|fukkwill|cueball-gen1|1578\n|player|p2|Shardul888|palmer|1607\n|teamsize|p1|6\n|teamsize|p2|6\n|gametype|singles\n|gen|7\n|tier|[Gen 7] OU\n|rated|\n|clearpoke\n|poke|p1|Wailord, F|item\n|poke|p1|Tapu Bulu|item\n|poke|p1|Toxapex, F|item\n|poke|p1|Heatran, M|item\n|poke|p1|Kartana|item\n|poke|p1|Gliscor, M|item\n|poke|p2|Venusaur, M|item\n|poke|p2|Dragonite, M|item\n|poke|p2|Magearna|item\n|poke|p2|Toxapex, F|item\n|poke|p2|Gliscor, M|item\n|poke|p2|Entei|item\n|rule|Sleep Clause Mod: Limit one foe put to sleep\n|rule|Species Clause: Limit one of each Pok\u00e9mon\n|rule|OHKO Clause: OHKO moves are banned\n|rule|Moody Clause: Moody is banned\n|rule|Evasion Moves Clause: Evasion moves are banned\n|rule|Endless Battle Clause: Forcing endless battles is banned\n|rule|HP Percentage Mod: HP is shown in percentages\n|teampreview\n|inactive|Battle timer is ON: inactive players will automatically lose when time's up. (requested by Shardul888)\n|\n|start\n|switch|p1a: Wailord|Wailord, F|100\/100\n|switch|p2a: Wonder Woman|Magearna|100\/100\n|-ability|p1a: Wailord|Pressure\n|turn|1\n|\n|switch|p2a: Captain America|Venusaur, M|100\/100\n|move|p1a: Wailord|Substitute|p1a: Wailord\n|-start|p1a: Wailord|Substitute\n|-damage|p1a: Wailord|76\/100\n|\n|-heal|p1a: Wailord|82\/100|[from] item: Leftovers\n|upkeep\n|turn|2\n|\n|detailschange|p2a: Captain America|Venusaur-Mega, M\n|-mega|p2a: Captain America|Venusaur|Venusaurite\n|move|p1a: Wailord|Aqua Ring|p1a: Wailord\n|-start|p1a: Wailord|Aqua Ring\n|move|p2a: Captain America|Giga Drain|p1a: Wailord\n|-supereffective|p1a: Wailord\n|-end|p1a: Wailord|Substitute\n|\n|-heal|p1a: Wailord|88\/100|[from] item: Leftovers\n|-heal|p1a: Wailord|94\/100|[from] Aqua Ring\n|upkeep\n|turn|3\n|\n|move|p1a: Wailord|Substitute|p1a: Wailord\n|-start|p1a: Wailord|Substitute\n|-damage|p1a: Wailord|69\/100\n|move|p2a: Captain America|Leech Seed||[still]\n|-fail|p2a: Captain America\n|\n|-heal|p1a: Wailord|75\/100|[from] item: Leftovers\n|-heal|p1a: Wailord|81\/100|[from] Aqua Ring\n|upkeep\n|turn|4\n|\n|move|p1a: Wailord|Protect|p1a: Wailord\n|-singleturn|p1a: Wailord|Protect\n|move|p2a: Captain America|Giga Drain|p1a: Wailord\n|-activate|p1a: Wailord|move: Protect\n|\n|-heal|p1a: Wailord|87\/100|[from] item: Leftovers\n|-heal|p1a: Wailord|93\/100|[from] Aqua Ring\n|upkeep\n|turn|5\n|\n|move|p1a: Wailord|Scald|p2a: Captain America\n|-resisted|p2a: Captain America\n|-damage|p2a: Captain America|92\/100\n|-status|p2a: Captain America|brn\n|move|p2a: Captain America|Giga Drain|p1a: Wailord\n|-supereffective|p1a: Wailord\n|-end|p1a: Wailord|Substitute\n|-heal|p2a: Captain America|100\/100 brn|[from] drain|[of] p1a: Wailord\n|\n|-heal|p1a: Wailord|99\/100|[from] item: Leftovers\n|-heal|p1a: Wailord|100\/100|[from] Aqua Ring\n|-damage|p2a: Captain America|94\/100 brn|[from] brn\n|upkeep\n|turn|6\n|\n|move|p1a: Wailord|Substitute|p1a: Wailord\n|-start|p1a: Wailord|Substitute\n|-damage|p1a: Wailord|76\/100\n|move|p2a: Captain America|Giga Drain|p1a: Wailord\n|-supereffective|p1a: Wailord\n|-end|p1a: Wailord|Substitute\n|-heal|p2a: Captain America|100\/100 brn|[from] drain|[of] p1a: Wailord\n|\n|-heal|p1a: Wailord|82\/100|[from] item: Leftovers\n|-heal|p1a: Wailord|88\/100|[from] Aqua Ring\n|-damage|p2a: Captain America|94\/100 brn|[from] brn\n|upkeep\n|turn|7\n|\n|move|p1a: Wailord|Protect|p1a: Wailord\n|-singleturn|p1a: Wailord|Protect\n|move|p2a: Captain America|Sludge Bomb|p1a: Wailord\n|-activate|p1a: Wailord|move: Protect\n|\n|-heal|p1a: Wailord|94\/100|[from] item: Leftovers\n|-heal|p1a: Wailord|99\/100|[from] Aqua Ring\n|-damage|p2a: Captain America|88\/100 brn|[from] brn\n|upkeep\n|turn|8\n|\n|move|p1a: Wailord|Substitute|p1a: Wailord\n|-start|p1a: Wailord|Substitute\n|-damage|p1a: Wailord|75\/100\n|move|p2a: Captain America|Sludge Bomb|p1a: Wailord\n|-end|p1a: Wailord|Substitute\n|\n|-heal|p1a: Wailord|81\/100|[from] item: Leftovers\n|-heal|p1a: Wailord|87\/100|[from] Aqua Ring\n|-damage|p2a: Captain America|82\/100 brn|[from] brn\n|upkeep\n|turn|9\n|\n|move|p1a: Wailord|Protect|p1a: Wailord\n|-singleturn|p1a: Wailord|Protect\n|move|p2a: Captain America|Sludge Bomb|p1a: Wailord\n|-activate|p1a: Wailord|move: Protect\n|\n|-heal|p1a: Wailord|93\/100|[from] item: Leftovers\n|-heal|p1a: Wailord|99\/100|[from] Aqua Ring\n|-damage|p2a: Captain America|76\/100 brn|[from] brn\n|upkeep\n|turn|10\n|\n|move|p1a: Wailord|Substitute|p1a: Wailord\n|-start|p1a: Wailord|Substitute\n|-damage|p1a: Wailord|75\/100\n|move|p2a: Captain America|Giga Drain|p1a: Wailord\n|-supereffective|p1a: Wailord\n|-end|p1a: Wailord|Substitute\n|-heal|p2a: Captain America|96\/100 brn|[from] drain|[of] p1a: Wailord\n|\n|-heal|p1a: Wailord|81\/100|[from] item: Leftovers\n|-heal|p1a: Wailord|87\/100|[from] Aqua Ring\n|-damage|p2a: Captain America|90\/100 brn|[from] brn\n|upkeep\n|turn|11\n|-message|Shardul888 forfeited.\n|\n|win|fukkwill\n|l|\u2606Shardul888\n|raw|fukkwill's rating: 1578 &rarr; <strong>1600<\/strong><br \/>(+22 for winning)\n|raw|Shardul888's rating: 1622 &rarr; <strong>1599<\/strong><br \/>(-23 for losing)\n","uploadtime":1582150626,"views":14,"p1id":"fukkwill","p2id":"shardul888","formatid":"gen7ou","rating":1599,"private":0,"password":null}