{"id":"gen7anythinggoes-1598305915","p1":"Jayden312","p2":"AlphaTherai","format":"gen7anythinggoes","log":"|j|\u2606Jayden312\n|j|\u2606AlphaTherai\n|t:|1655475060\n|gametype|singles\n|player|p1|Jayden312|lucas|\n|player|p2|AlphaTherai|n|\n|teamsize|p1|6\n|teamsize|p2|6\n|gen|7\n|tier|[Gen 7] Anything Goes\n|rule|HP Percentage Mod: HP is shown in percentages\n|rule|Endless Battle Clause: Forcing endless battles is banned\n|clearpoke\n|poke|p1|Eevee, M|item\n|poke|p1|Zygarde|item\n|poke|p1|Aegislash, M|item\n|poke|p1|Blaziken, F|item\n|poke|p1|Darkrai|item\n|poke|p1|Smeargle, F|item\n|poke|p2|Landorus-Therian, M|item\n|poke|p2|Kartana|item\n|poke|p2|Zeraora|item\n|poke|p2|Victini|item\n|poke|p2|Latias, F|item\n|poke|p2|Ditto|item\n|teampreview\n|c|\u2606AlphaTherai|Just so you know\n|c|\u2606Jayden312|>:)\n|c|\u2606AlphaTherai|All of my mons\n|c|\u2606AlphaTherai|Are scarfed\n|c|\u2606Jayden312|um huh\n|\n|t:|1655475091\n|start\n|switch|p1a: Aegislash|Aegislash, M, shiny|100\/100\n|switch|p2a: Landorus|Landorus-Therian, M|100\/100\n|-ability|p2a: Landorus|Intimidate|boost\n|-unboost|p1a: Aegislash|atk|1\n|turn|1\n|c|\u2606Jayden312|hm\n|\n|t:|1655475097\n|move|p1a: Aegislash|King's Shield|p1a: Aegislash\n|-singleturn|p1a: Aegislash|Protect\n|move|p2a: Landorus|Earthquake|p1a: Aegislash\n|-activate|p1a: Aegislash|move: Protect\n|\n|upkeep\n|turn|2\n|\n|t:|1655475101\n|move|p2a: Landorus|Earthquake|p1a: Aegislash\n|-supereffective|p1a: Aegislash\n|-damage|p1a: Aegislash|0 fnt\n|faint|p1a: Aegislash\n|\n|upkeep\n|\n|t:|1655475107\n|switch|p1a: Darkrai|Darkrai|100\/100\n|turn|3\n|\n|t:|1655475125\n|switch|p2a: Latias|Latias, F|100\/100\n|move|p1a: Darkrai|Dark Void|p2a: Latias|[miss]\n|-miss|p1a: Darkrai|p2a: Latias\n|\n|upkeep\n|turn|4\n|c|\u2606Jayden312|uh\n|\n|t:|1655475131\n|move|p2a: Latias|Trick|p1a: Darkrai\n|-activate|p2a: Latias|move: Trick|[of] p1a: Darkrai\n|-item|p1a: Darkrai|Choice Scarf|[from] move: Trick\n|-item|p2a: Latias|Leftovers|[from] move: Trick\n|move|p1a: Darkrai|Dark Void|p2a: Latias\n|-status|p2a: Latias|slp|[from] move: Dark Void\n|\n|-damage|p2a: Latias|88\/100 slp|[from] ability: Bad Dreams|[of] p1a: Darkrai\n|upkeep\n|turn|5\n|c|\u2606Jayden312|should have use\n|c|\u2606Jayden312|something else\n|c|\u2606Jayden312|besides dark void\n|c|\u2606Jayden312|523 speed\n|c|\u2606Jayden312|:)\n|c|\u2606AlphaTherai|hehehehehe\n|c|\u2606AlphaTherai|No match for my\n|c|\u2606Jayden312|hehehehhehehehehehehehhehehehhehehnenheheheheheheehehehehheheeh\n|c|\u2606Jayden312|i'm just getting started\n|c|\u2606AlphaTherai|577 zeraora\n|c|\u2606Jayden312|i have like twenty something teams i can use\n|\n|t:|1655475187\n|switch|p1a: Blaziken|Blaziken, F|100\/100\n|cant|p2a: Latias|slp\n|\n|-heal|p2a: Latias|94\/100 slp|[from] item: Leftovers\n|upkeep\n|turn|6\n|\n|t:|1655475192\n|detailschange|p1a: Blaziken|Blaziken-Mega, F\n|-mega|p1a: Blaziken|Blaziken|Blazikenite\n|-curestatus|p2a: Latias|slp|[msg]\n|move|p2a: Latias|Draco Meteor|p1a: Blaziken\n|-damage|p1a: Blaziken|12\/100\n|-unboost|p2a: Latias|spa|2\n|move|p1a: Blaziken|Power-Up Punch|p2a: Latias\n|-resisted|p2a: Latias\n|-damage|p2a: Latias|80\/100\n|-boost|p1a: Blaziken|atk|1\n|\n|-heal|p2a: Latias|86\/100|[from] item: Leftovers\n|-ability|p1a: Blaziken|Speed Boost|boost\n|-boost|p1a: Blaziken|spe|1\n|upkeep\n|turn|7\n|c|\u2606Jayden312|oh really\n|c|\u2606AlphaTherai|Watch this heat\n|\n|t:|1655475202\n|move|p1a: Blaziken|Protect|p1a: Blaziken\n|-singleturn|p1a: Blaziken|Protect\n|move|p2a: Latias|Draco Meteor|p1a: Blaziken\n|-activate|p1a: Blaziken|move: Protect\n|\n|-heal|p2a: Latias|92\/100|[from] item: Leftovers\n|-ability|p1a: Blaziken|Speed Boost|boost\n|-boost|p1a: Blaziken|spe|1\n|upkeep\n|turn|8\n|c|\u2606Jayden312|zzzzzzzzzzzzzzzzzz\n|c|\u2606Jayden312|:)\n|\n|t:|1655475213\n|move|p1a: Blaziken|Blaze Kick|p2a: Latias\n|-resisted|p2a: Latias\n|-damage|p2a: Latias|41\/100\n|move|p2a: Latias|Draco Meteor|p1a: Blaziken\n|-damage|p1a: Blaziken|0 fnt\n|-unboost|p2a: Latias|spa|2\n|faint|p1a: Blaziken\n|\n|-heal|p2a: Latias|47\/100|[from] item: Leftovers\n|upkeep\n|c|\u2606Jayden312|imagine that missed\n|\n|t:|1655475223\n|switch|p1a: Zygarde|Zygarde|100\/100\n|turn|9\n|\n|t:|1655475230\n|move|p2a: Latias|Draco Meteor|p1a: Zygarde\n|-supereffective|p1a: Zygarde\n|-crit|p1a: Zygarde\n|-damage|p1a: Zygarde|0 fnt\n|-unboost|p2a: Latias|spa|2\n|faint|p1a: Zygarde\n|\n|-heal|p2a: Latias|53\/100|[from] item: Leftovers\n|upkeep\n|\n|t:|1655475234\n|switch|p1a: Darkrai|Darkrai|100\/100\n|turn|10\n|c|\u2606AlphaTherai|NASTY CRIT\n|c|\u2606Jayden312|time to win this\n|\n|t:|1655475241\n|move|p1a: Darkrai|Shadow Claw|p2a: Latias\n|-supereffective|p2a: Latias\n|-damage|p2a: Latias|5\/100\n|move|p2a: Latias|Draco Meteor|p1a: Darkrai\n|-damage|p1a: Darkrai|78\/100\n|\n|-heal|p2a: Latias|11\/100|[from] item: Leftovers\n|upkeep\n|turn|11\n|\n|t:|1655475245\n|move|p1a: Darkrai|Shadow Claw|p2a: Latias\n|-supereffective|p2a: Latias\n|-crit|p2a: Latias\n|-damage|p2a: Latias|0 fnt\n|faint|p2a: Latias\n|\n|upkeep\n|\n|t:|1655475248\n|switch|p2a: Zeraora|Zeraora|100\/100\n|turn|12\n|\n|t:|1655475252\n|move|p2a: Zeraora|Close Combat|p1a: Darkrai\n|-supereffective|p1a: Darkrai\n|-damage|p1a: Darkrai|0 fnt\n|-unboost|p2a: Zeraora|def|1\n|-unboost|p2a: Zeraora|spd|1\n|faint|p1a: Darkrai\n|\n|upkeep\n|\n|t:|1655475257\n|switch|p1a: Eevee|Eevee, M|100\/100\n|turn|13\n|c|\u2606Jayden312|welp let me make a new team\n|l|\u2606AlphaTherai\n|player|p2|\n|c|\u2606Jayden312|...\n|c|\u2606Jayden312|battle timer time\n|inactive|Battle timer is ON: inactive players will automatically lose when time's up. (requested by Jayden312)\n|inactive|AlphaTherai has 270 seconds to reconnect!\n|j|\u2606AlphaTherai\n|inactive|AlphaTherai reconnected and has 300 seconds left.\n|player|p2|AlphaTherai|n\n|c|\u2606Jayden312|>:)\n|c|\u2606AlphaTherai|MY POWER WENT OUT\n|c|\u2606Jayden312|lol\n|c|\u2606AlphaTherai|HAHAHAHAHAHA\n|\n|t:|1655475424\n|move|p2a: Zeraora|Close Combat|p1a: Eevee\n|-supereffective|p1a: Eevee\n|-damage|p1a: Eevee|0 fnt\n|-unboost|p2a: Zeraora|def|1\n|-unboost|p2a: Zeraora|spd|1\n|faint|p1a: Eevee\n|\n|upkeep\n|c|\u2606Jayden312|lmao\n|\n|t:|1655475430\n|switch|p1a: Smeargle|Smeargle, F|100\/100\n|turn|14\n|c|\u2606AlphaTherai|Anyways GG\n|\n|t:|1655475434\n|move|p2a: Zeraora|Close Combat|p1a: Smeargle\n|-supereffective|p1a: Smeargle\n|-damage|p1a: Smeargle|0 fnt\n|-unboost|p2a: Zeraora|def|1\n|-unboost|p2a: Zeraora|spd|1\n|faint|p1a: Smeargle\n|\n|win|AlphaTherai\n|c|\u2606Jayden312|gg\n|c|\u2606Jayden312|wait\n|c|\u2606Jayden312|i'm making\n|c|\u2606Jayden312|a\n|c|\u2606Jayden312|new\n|c|\u2606Jayden312|counter\n|c|\u2606Jayden312|team\n|c|\u2606AlphaTherai|alright\n|c|\u2606Jayden312|>:)\n","uploadtime":1655475461,"views":4,"p1id":"jayden312","p2id":"alphatherai","formatid":"gen7anythinggoes","rating":0,"private":0,"password":null}