{"id":"gen7ou-1699541949","p1":"BTLT007Brandonlee1","p2":"why addicted","format":"gen7ou","log":"|j|\u2606BTLT007Brandonlee1\n|j|\u2606why addicted\n|t:|1667244518\n|gametype|singles\n|player|p1|BTLT007Brandonlee1|giovanni|1649\n|player|p2|why addicted|2|1802\n|teamsize|p1|6\n|teamsize|p2|6\n|gen|7\n|tier|[Gen 7] OU\n|rated|\n|rule|Sleep Clause Mod: Limit one foe put to sleep\n|rule|Species Clause: Limit one of each Pok\u00e9mon\n|rule|OHKO Clause: OHKO moves are banned\n|rule|Moody Clause: Moody is banned\n|rule|Evasion Items Clause: Evasion items are banned\n|rule|Evasion Moves Clause: Evasion moves are banned\n|rule|Endless Battle Clause: Forcing endless battles is banned\n|rule|HP Percentage Mod: HP is shown in percentages\n|clearpoke\n|poke|p1|Magearna|item\n|poke|p1|Tapu Koko|item\n|poke|p1|Hawlucha, M|item\n|poke|p1|Pinsir, F|item\n|poke|p1|Landorus-Therian, M|item\n|poke|p1|Kommo-o, M|item\n|poke|p2|Excadrill, F|item\n|poke|p2|Seismitoad, M|item\n|poke|p2|Scizor, F|item\n|poke|p2|Gengar, F|item\n|poke|p2|Zapdos|item\n|poke|p2|Tyranitar, M|item\n|teampreview\n|inactive|Battle timer is ON: inactive players will automatically lose when time's up. (requested by BTLT007Brandonlee1)\n|\n|t:|1667244533\n|start\n|switch|p1a: Landorus|Landorus-Therian, M|100\/100\n|switch|p2a: Scizor|Scizor, F|100\/100\n|-ability|p1a: Landorus|Intimidate|boost\n|-unboost|p2a: Scizor|atk|1\n|turn|1\n|\n|t:|1667244539\n|detailschange|p2a: Scizor|Scizor-Mega, F\n|-mega|p2a: Scizor|Scizor|Scizorite\n|move|p1a: Landorus|Stealth Rock|p2a: Scizor\n|-sidestart|p2: why addicted|move: Stealth Rock\n|move|p2a: Scizor|U-turn|p1a: Landorus\n|-resisted|p1a: Landorus\n|-damage|p1a: Landorus|87\/100\n|\n|t:|1667244545\n|switch|p2a: Tyranitar|Tyranitar, M|100\/100|[from]move: U-turn\n|-damage|p2a: Tyranitar|88\/100|[from] Stealth Rock\n|-weather|Sandstorm|[from] ability: Sand Stream|[of] p2a: Tyranitar\n|\n|-weather|Sandstorm|[upkeep]\n|upkeep\n|turn|2\n|\n|t:|1667244549\n|move|p2a: Tyranitar|Ice Punch|p1a: Landorus\n|-supereffective|p1a: Landorus\n|-damage|p1a: Landorus|0 fnt\n|faint|p1a: Landorus\n|\n|-weather|Sandstorm|[upkeep]\n|upkeep\n|\n|t:|1667244556\n|switch|p1a: Pinsir|Pinsir, F|100\/100\n|turn|3\n|\n|t:|1667244567\n|switch|p2a: Gengar|Gengar, F|100\/100\n|-damage|p2a: Gengar|88\/100|[from] Stealth Rock\n|switch|p1a: Tapu Koko|Tapu Koko|100\/100\n|-fieldstart|move: Electric Terrain|[from] ability: Electric Surge|[of] p1a: Tapu Koko\n|\n|-weather|Sandstorm|[upkeep]\n|-damage|p1a: Tapu Koko|94\/100|[from] Sandstorm\n|-damage|p2a: Gengar|82\/100|[from] Sandstorm\n|upkeep\n|turn|4\n|\n|t:|1667244570\n|move|p1a: Tapu Koko|Light Screen|p1a: Tapu Koko\n|-sidestart|p1: BTLT007Brandonlee1|move: Light Screen\n|move|p2a: Gengar|Trick|p1a: Tapu Koko\n|-activate|p2a: Gengar|move: Trick|[of] p1a: Tapu Koko\n|-item|p1a: Tapu Koko|Choice Specs|[from] move: Trick\n|-item|p2a: Gengar|Light Clay|[from] move: Trick\n|\n|-weather|Sandstorm|[upkeep]\n|-damage|p1a: Tapu Koko|88\/100|[from] Sandstorm\n|-damage|p2a: Gengar|76\/100|[from] Sandstorm\n|upkeep\n|turn|5\n|\n|t:|1667244578\n|move|p1a: Tapu Koko|U-turn|p2a: Gengar\n|-resisted|p2a: Gengar\n|-damage|p2a: Gengar|67\/100\n|\n|t:|1667244581\n|switch|p1a: Magearna|Magearna|100\/100|[from]move: U-turn\n|move|p2a: Gengar|Sludge Wave|p1a: Magearna\n|-immune|p1a: Magearna\n|\n|-weather|none\n|upkeep\n|turn|6\n|\n|t:|1667244591\n|switch|p2a: Scizor|Scizor-Mega, F|100\/100\n|-damage|p2a: Scizor|88\/100|[from] Stealth Rock\n|move|p1a: Magearna|Shift Gear|p1a: Magearna\n|-boost|p1a: Magearna|spe|2\n|-boost|p1a: Magearna|atk|1\n|\n|upkeep\n|turn|7\n|\n|t:|1667244594\n|-zpower|p1a: Magearna\n|move|p1a: Magearna|Gigavolt Havoc|p2a: Scizor|[zeffect]\n|-damage|p2a: Scizor|19\/100\n|move|p2a: Scizor|Roost|p2a: Scizor\n|-heal|p2a: Scizor|69\/100\n|-singleturn|p2a: Scizor|move: Roost\n|\n|-fieldend|move: Electric Terrain\n|upkeep\n|turn|8\n|\n|t:|1667244600\n|move|p1a: Magearna|Thunderbolt|p2a: Scizor\n|-damage|p2a: Scizor|44\/100\n|move|p2a: Scizor|Roost|p2a: Scizor\n|-heal|p2a: Scizor|94\/100\n|-singleturn|p2a: Scizor|move: Roost\n|\n|upkeep\n|turn|9\n|\n|t:|1667244609\n|switch|p1a: Tapu Koko|Tapu Koko|88\/100\n|-fieldstart|move: Electric Terrain|[from] ability: Electric Surge|[of] p1a: Tapu Koko\n|move|p2a: Scizor|Swords Dance|p2a: Scizor\n|-boost|p2a: Scizor|atk|2\n|\n|upkeep\n|turn|10\n|j| CM Reuni\n|\n|t:|1667244615\n|move|p1a: Tapu Koko|Taunt|p2a: Scizor\n|-start|p2a: Scizor|move: Taunt\n|cant|p2a: Scizor|move: Taunt|Swords Dance\n|\n|upkeep\n|turn|11\n|\n|t:|1667244630\n|switch|p1a: Kommo-o|Kommo-o, M|100\/100\n|move|p2a: Scizor|Bullet Punch|p1a: Kommo-o\n|-damage|p1a: Kommo-o|48\/100\n|\n|-sideend|p1: BTLT007Brandonlee1|move: Light Screen\n|upkeep\n|turn|12\n|\n|t:|1667244638\n|move|p2a: Scizor|Bullet Punch|p1a: Kommo-o\n|-damage|p1a: Kommo-o|0 fnt\n|faint|p1a: Kommo-o\n|\n|-end|p2a: Scizor|move: Taunt\n|upkeep\n|\n|t:|1667244641\n|switch|p1a: Pinsir|Pinsir, F|100\/100\n|turn|13\n|\n|t:|1667244645\n|switch|p2a: Tyranitar|Tyranitar, M|88\/100\n|-damage|p2a: Tyranitar|76\/100|[from] Stealth Rock\n|-weather|Sandstorm|[from] ability: Sand Stream|[of] p2a: Tyranitar\n|detailschange|p1a: Pinsir|Pinsir-Mega, F\n|-mega|p1a: Pinsir|Pinsir|Pinsirite\n|move|p1a: Pinsir|Return|p2a: Tyranitar\n|-resisted|p2a: Tyranitar\n|-damage|p2a: Tyranitar|42\/100\n|\n|-weather|Sandstorm|[upkeep]\n|-damage|p1a: Pinsir|95\/100|[from] Sandstorm\n|-fieldend|move: Electric Terrain\n|upkeep\n|turn|14\n|\n|t:|1667244650\n|switch|p1a: Tapu Koko|Tapu Koko|88\/100\n|-fieldstart|move: Electric Terrain|[from] ability: Electric Surge|[of] p1a: Tapu Koko\n|move|p2a: Tyranitar|Fire Punch|p1a: Tapu Koko\n|-damage|p1a: Tapu Koko|60\/100\n|\n|-weather|Sandstorm|[upkeep]\n|-damage|p1a: Tapu Koko|54\/100|[from] Sandstorm\n|upkeep\n|turn|15\n|\n|t:|1667244654\n|switch|p2a: Excadrill|Excadrill, F|100\/100\n|-damage|p2a: Excadrill|97\/100|[from] Stealth Rock\n|move|p1a: Tapu Koko|Reflect|p1a: Tapu Koko\n|-sidestart|p1: BTLT007Brandonlee1|Reflect\n|\n|-weather|Sandstorm|[upkeep]\n|-damage|p1a: Tapu Koko|47\/100|[from] Sandstorm\n|upkeep\n|turn|16\n|\n|t:|1667244660\n|switch|p1a: Pinsir|Pinsir-Mega, F|95\/100\n|move|p2a: Excadrill|Rapid Spin|p1a: Pinsir\n|-damage|p1a: Pinsir|90\/100\n|-sideend|p2: why addicted|Stealth Rock|[from] move: Rapid Spin|[of] p2a: Excadrill\n|\n|-weather|Sandstorm|[upkeep]\n|-damage|p1a: Pinsir|84\/100|[from] Sandstorm\n|upkeep\n|turn|17\n|\n|t:|1667244667\n|switch|p2a: Gengar|Gengar, F|67\/100\n|move|p1a: Pinsir|Close Combat|p2a: Gengar\n|-immune|p2a: Gengar\n|\n|-weather|none\n|upkeep\n|turn|18\n|\n|t:|1667244672\n|move|p2a: Gengar|Shadow Ball|p1a: Pinsir\n|-damage|p1a: Pinsir|26\/100\n|move|p1a: Pinsir|Return|p2a: Gengar\n|-damage|p2a: Gengar|0 fnt\n|faint|p2a: Gengar\n|\n|-fieldend|move: Electric Terrain\n|upkeep\n|\n|t:|1667244680\n|switch|p2a: Tyranitar|Tyranitar, M|42\/100\n|-weather|Sandstorm|[from] ability: Sand Stream|[of] p2a: Tyranitar\n|turn|19\n|\n|t:|1667244684\n|switch|p1a: Tapu Koko|Tapu Koko|47\/100\n|-fieldstart|move: Electric Terrain|[from] ability: Electric Surge|[of] p1a: Tapu Koko\n|move|p2a: Tyranitar|Fire Punch|p1a: Tapu Koko\n|-damage|p1a: Tapu Koko|32\/100\n|-status|p1a: Tapu Koko|brn\n|\n|-weather|Sandstorm|[upkeep]\n|-damage|p1a: Tapu Koko|26\/100 brn|[from] Sandstorm\n|-damage|p1a: Tapu Koko|19\/100 brn|[from] brn\n|-sideend|p1: BTLT007Brandonlee1|Reflect\n|upkeep\n|turn|20\n|\n|t:|1667244691\n|switch|p2a: Zapdos|Zapdos|100\/100\n|move|p1a: Tapu Koko|U-turn|p2a: Zapdos\n|-resisted|p2a: Zapdos\n|-damage|p2a: Zapdos|96\/100\n|\n|t:|1667244694\n|switch|p1a: Magearna|Magearna|100\/100|[from]move: U-turn\n|\n|-weather|Sandstorm|[upkeep]\n|-damage|p2a: Zapdos|90\/100|[from] Sandstorm\n|-heal|p2a: Zapdos|96\/100|[from] item: Leftovers\n|upkeep\n|turn|21\n|\n|t:|1667244698\n|move|p2a: Zapdos|Volt Switch|p1a: Magearna\n|-damage|p1a: Magearna|73\/100\n|\n|t:|1667244701\n|switch|p2a: Excadrill|Excadrill, F|97\/100|[from]move: Volt Switch\n|move|p1a: Magearna|Shift Gear|p1a: Magearna\n|-boost|p1a: Magearna|spe|2\n|-boost|p1a: Magearna|atk|1\n|\n|-weather|Sandstorm|[upkeep]\n|upkeep\n|turn|22\n|\n|t:|1667244709\n|-zpower|p2a: Excadrill\n|move|p2a: Excadrill|Corkscrew Crash|p1a: Magearna|[zeffect]\n|-damage|p1a: Magearna|0 fnt\n|faint|p1a: Magearna\n|\n|-weather|Sandstorm|[upkeep]\n|upkeep\n|\n|t:|1667244712\n|switch|p1a: Hawlucha|Hawlucha, M|100\/100\n|-enditem|p1a: Hawlucha|Electric Seed\n|-boost|p1a: Hawlucha|def|1|[from] item: Electric Seed\n|turn|23\n|\n|t:|1667244716\n|switch|p2a: Zapdos|Zapdos|96\/100\n|move|p1a: Hawlucha|Swords Dance|p1a: Hawlucha\n|-boost|p1a: Hawlucha|atk|2\n|\n|-weather|none\n|-heal|p2a: Zapdos|100\/100|[from] item: Leftovers\n|-fieldend|move: Electric Terrain\n|upkeep\n|turn|24\n|\n|t:|1667244721\n|move|p1a: Hawlucha|High Jump Kick|p2a: Zapdos\n|-resisted|p2a: Zapdos\n|-damage|p2a: Zapdos|41\/100\n|-status|p1a: Hawlucha|par|[from] ability: Static|[of] p2a: Zapdos\n|move|p2a: Zapdos|Volt Switch|p1a: Hawlucha\n|-supereffective|p1a: Hawlucha\n|-damage|p1a: Hawlucha|16\/100 par\n|\n|t:|1667244726\n|switch|p2a: Scizor|Scizor-Mega, F|94\/100|[from]move: Volt Switch\n|\n|upkeep\n|turn|25\n|\n|t:|1667244729\n|move|p2a: Scizor|Bullet Punch|p1a: Hawlucha\n|-damage|p1a: Hawlucha|0 fnt\n|faint|p1a: Hawlucha\n|\n|upkeep\n|-message|BTLT007Brandonlee1 forfeited.\n|\n|win|why addicted\n|raw|BTLT007Brandonlee1's rating: 1649 &rarr; <strong>1637<\/strong><br \/>(-12 for losing)\n|raw|why addicted's rating: 1802 &rarr; <strong>1814<\/strong><br \/>(+12 for winning)\n|l|\u2606BTLT007Brandonlee1\n|l| CM Reuni\n||Ladder isn't responding, score probably updated but might not have (Request timeout).\n|j| tf\n|l| tf\n|j| LordEnz\n|l| LordEnz\n|j| uindetru\n","uploadtime":1667245249,"views":17,"p1id":"btlt007brandonlee1","p2id":"whyaddicted","formatid":"gen7ou","rating":1637,"private":0,"password":null}