{"id":"gen7ou-824686186","p1":"Kurusan","p2":"CarlyBae","format":"gen7ou","log":"|raw|<div class=\"broadcast-red\"><strong>This battle is invite-only!<\/strong><br \/>Users must be rank + or invited with <code>\/invite<\/code> to join<\/div>\n|j|\u2606Kurusan\n|j|\u2606CarlyBae\n|player|p1|Kurusan|99\n|player|p2|CarlyBae|138\n|teamsize|p1|6\n|teamsize|p2|6\n|gametype|singles\n|gen|7\n|tier|[Gen 7] OU\n|rated|\n|rule|Sleep Clause Mod: Limit one foe put to sleep\n|rule|Species Clause: Limit one of each Pok\u00e9mon\n|rule|OHKO Clause: OHKO moves are banned\n|rule|Moody Clause: Moody is banned\n|rule|Evasion Moves Clause: Evasion moves are banned\n|rule|Endless Battle Clause: Forcing endless battles is banned\n|rule|HP Percentage Mod: HP is shown in percentages\n|clearpoke\n|poke|p1|Charizard, F|item\n|poke|p1|Hawlucha, M|item\n|poke|p1|Tapu Koko|item\n|poke|p1|Tapu Fini|item\n|poke|p1|Excadrill, F|item\n|poke|p1|Tyranitar, M|item\n|poke|p2|Pinsir, M|item\n|poke|p2|Magearna|item\n|poke|p2|Garchomp, F|item\n|poke|p2|Zygarde|item\n|poke|p2|Greninja, M|item\n|poke|p2|Excadrill, M|item\n|teampreview\n|inactive|Battle timer is ON: inactive players will automatically lose when time's up. (requested by Kurusan)\n|\n|start\n|switch|p1a: Me!Me!Me!|Tapu Fini|100\/100\n|switch|p2a: Greninja|Greninja, M|100\/100\n|-fieldstart|move: Misty Terrain|[from] ability: Misty Surge|[of] p1a: Me!Me!Me!\n|turn|1\n|\n|move|p2a: Greninja|Taunt|p1a: Me!Me!Me!\n|-start|p2a: Greninja|typechange|Dark|[from] Protean\n|-start|p1a: Me!Me!Me!|move: Taunt\n|move|p1a: Me!Me!Me!|Moonblast|p2a: Greninja\n|-supereffective|p2a: Greninja\n|-enditem|p2a: Greninja|Focus Sash\n|-damage|p2a: Greninja|1\/100\n|\n|upkeep\n|turn|2\n|\n|move|p2a: Greninja|Spikes|p1a: Me!Me!Me!\n|-start|p2a: Greninja|typechange|Ground|[from] Protean\n|-sidestart|p1: Kurusan|Spikes\n|move|p1a: Me!Me!Me!|Moonblast|p2a: Greninja\n|-damage|p2a: Greninja|0 fnt\n|faint|p2a: Greninja\n|\n|upkeep\n|\n|switch|p2a: Magearna|Magearna|100\/100\n|turn|3\n|\n|move|p1a: Me!Me!Me!|Hydro Pump|p2a: Magearna\n|-damage|p2a: Magearna|61\/100\n|move|p2a: Magearna|Thunderbolt|p1a: Me!Me!Me!\n|-supereffective|p1a: Me!Me!Me!\n|-damage|p1a: Me!Me!Me!|45\/100\n|\n|-heal|p1a: Me!Me!Me!|51\/100|[from] item: Leftovers\n|-end|p1a: Me!Me!Me!|move: Taunt\n|upkeep\n|turn|4\n|\n|switch|p1a: Suicide lead|Tyranitar, M|100\/100\n|-damage|p1a: Suicide lead|88\/100|[from] Spikes\n|-weather|Sandstorm|[from] ability: Sand Stream|[of] p1a: Suicide lead\n|move|p2a: Magearna|Trick Room|p2a: Magearna\n|-fieldstart|move: Trick Room|[of] p2a: Magearna\n|\n|-weather|Sandstorm|[upkeep]\n|upkeep\n|turn|5\n|\n|-zpower|p2a: Magearna\n|move|p2a: Magearna|All-Out Pummeling|p1a: Suicide lead|[zeffect]\n|-supereffective|p1a: Suicide lead\n|-damage|p1a: Suicide lead|0 fnt\n|faint|p1a: Suicide lead\n|-ability|p2a: Magearna|Soul-Heart|boost\n|-boost|p2a: Magearna|spa|1\n|\n|-weather|Sandstorm|[upkeep]\n|-fieldend|Misty Terrain\n|upkeep\n|c|\u2606Kurusan|Nani ?\n|\n|switch|p1a: Me!Me!Me!|Tapu Fini|51\/100\n|-damage|p1a: Me!Me!Me!|39\/100|[from] Spikes\n|-fieldstart|move: Misty Terrain|[from] ability: Misty Surge|[of] p1a: Me!Me!Me!\n|turn|6\n|\n|switch|p1a: Fear me !!!|Excadrill, F|100\/100\n|-damage|p1a: Fear me !!!|88\/100|[from] Spikes\n|move|p2a: Magearna|Aura Sphere|p1a: Fear me !!!\n|-supereffective|p1a: Fear me !!!\n|-damage|p1a: Fear me !!!|0 fnt\n|faint|p1a: Fear me !!!\n|-ability|p2a: Magearna|Soul-Heart|boost\n|-boost|p2a: Magearna|spa|1\n|\n|-weather|Sandstorm|[upkeep]\n|upkeep\n|\n|switch|p1a: Me!Me!Me!|Tapu Fini|39\/100\n|-damage|p1a: Me!Me!Me!|27\/100|[from] Spikes\n|turn|7\n|\n|move|p2a: Magearna|Thunderbolt|p1a: Me!Me!Me!\n|-supereffective|p1a: Me!Me!Me!\n|-damage|p1a: Me!Me!Me!|0 fnt\n|faint|p1a: Me!Me!Me!\n|-ability|p2a: Magearna|Soul-Heart|boost\n|-boost|p2a: Magearna|spa|1\n|\n|-weather|Sandstorm|[upkeep]\n|upkeep\n|\n|switch|p1a: Tapu Koko|Tapu Koko|100\/100\n|-damage|p1a: Tapu Koko|88\/100|[from] Spikes\n|-fieldstart|move: Electric Terrain|[from] ability: Electric Surge|[of] p1a: Tapu Koko\n|turn|8\n|\n|switch|p1a: Let me Set up|Charizard, F|100\/100\n|move|p2a: Magearna|Flash Cannon|p1a: Let me Set up\n|-resisted|p1a: Let me Set up\n|-damage|p1a: Let me Set up|25\/100\n|\n|-weather|Sandstorm|[upkeep]\n|-damage|p1a: Let me Set up|19\/100|[from] Sandstorm\n|-fieldend|move: Trick Room\n|upkeep\n|turn|9\n|\n|detailschange|p1a: Let me Set up|Charizard-Mega-Y, F\n|-mega|p1a: Let me Set up|Charizard|Charizardite Y\n|-weather|SunnyDay|[from] ability: Drought|[of] p1a: Let me Set up\n|move|p1a: Let me Set up|Fire Blast|p2a: Magearna\n|-supereffective|p2a: Magearna\n|-damage|p2a: Magearna|0 fnt\n|faint|p2a: Magearna\n|\n|-weather|SunnyDay|[upkeep]\n|upkeep\n|\n|switch|p2a: Garchomp|Garchomp, F|100\/100\n|turn|10\n|inactive|CarlyBae has 120 seconds left.\n|inactive|CarlyBae has 90 seconds left.\n|\n|move|p2a: Garchomp|Hidden Power|p1a: Let me Set up\n|-damage|p1a: Let me Set up|0 fnt\n|-damage|p2a: Garchomp|91\/100|[from] item: Life Orb\n|faint|p1a: Let me Set up\n|\n|-weather|SunnyDay|[upkeep]\n|upkeep\n|inactive|Kurusan has 120 seconds left.\n|\n|switch|p1a: Tapu Koko|Tapu Koko|88\/100\n|-damage|p1a: Tapu Koko|76\/100|[from] Spikes\n|turn|11\n|\n|move|p1a: Tapu Koko|Hidden Power|p2a: Garchomp\n|-supereffective|p2a: Garchomp\n|-crit|p2a: Garchomp\n|-damage|p2a: Garchomp|0 fnt\n|faint|p2a: Garchomp\n|\n|-weather|SunnyDay|[upkeep]\n|upkeep\n|inactive|CarlyBae has 120 seconds left.\n|\n|switch|p2a: Zygarde|Zygarde|100\/100\n|-ability|p2a: Zygarde|Aura Break\n|turn|12\n|\n|move|p1a: Tapu Koko|Hidden Power|p2a: Zygarde\n|-supereffective|p2a: Zygarde\n|-damage|p2a: Zygarde|47\/100\n|-enditem|p2a: Zygarde|Weakness Policy\n|-boost|p2a: Zygarde|atk|2\n|-boost|p2a: Zygarde|spa|2\n|move|p2a: Zygarde|Thousand Arrows|p1a: Tapu Koko\n|-supereffective|p1a: Tapu Koko\n|-damage|p1a: Tapu Koko|0 fnt\n|faint|p1a: Tapu Koko\n|\n|-weather|SunnyDay|[upkeep]\n|-fieldend|move: Electric Terrain\n|upkeep\n|\n|switch|p1a: Priority suck|Hawlucha, M, shiny|100\/100\n|turn|13\n|c|\u2606Kurusan|Hmm\n|c|\u2606Kurusan|no eletric terrain\n|c|\u2606Kurusan|Shit.\n|c|\u2606Kurusan|I lost\n|\n|move|p1a: Priority suck|High Jump Kick|p2a: Zygarde\n|-damage|p2a: Zygarde|2\/100\n|move|p2a: Zygarde|Thousand Arrows|p1a: Priority suck\n|-damage|p1a: Priority suck|0 fnt\n|faint|p1a: Priority suck\n|\n|win|CarlyBae\n|l|\u2606Kurusan\n|raw|Kurusan's rating: 1707 &rarr; <strong>1681<\/strong><br \/>(-26 for losing)\n|raw|CarlyBae's rating: 1596 &rarr; <strong>1622<\/strong><br \/>(+26 for winning)\n|c|\u2606CarlyBae|\/log CarlyBae made this room public.\n","uploadtime":1540338548,"views":9,"p1id":"kurusan","p2id":"carlybae","formatid":"gen7ou","rating":1622,"private":0,"password":null}