{"id":"gen7ou-780329916","p1":"Toxabelle","p2":"LT51NP Sir Slaking","format":"gen7ou","log":"|j|\u2606Toxabelle\n|j|\u2606LT51NP Sir Slaking\n|player|p1|Toxabelle|169\n|player|p2|LT51NP Sir Slaking|284\n|teamsize|p1|6\n|teamsize|p2|6\n|gametype|singles\n|gen|7\n|tier|[Gen 7] OU\n|rated|\n|rule|Sleep Clause Mod: Limit one foe put to sleep\n|rule|Species Clause: Limit one of each Pok\u00e9mon\n|rule|OHKO Clause: OHKO moves are banned\n|rule|Moody Clause: Moody is banned\n|rule|Evasion Moves Clause: Evasion moves are banned\n|rule|Endless Battle Clause: Forcing endless battles is banned\n|rule|HP Percentage Mod: HP is shown in percentages\n|clearpoke\n|poke|p1|Mawile, F|item\n|poke|p1|Celesteela|item\n|poke|p1|Toxapex, M|item\n|poke|p1|Landorus-Therian, M|item\n|poke|p1|Mew|item\n|poke|p1|Tapu Koko|item\n|poke|p2|Volcarona, M|item\n|poke|p2|Diancie|item\n|poke|p2|Landorus-Therian, M|item\n|poke|p2|Tapu Lele|item\n|poke|p2|Ferrothorn, M|item\n|poke|p2|Tyranitar, F|item\n|teampreview\n|inactive|Battle timer is ON: inactive players will automatically lose when time's up. (requested by Toxabelle)\n|j| LT51NP Vessev\n|j| Neva Meta\n|inactive|Toxabelle has 135 seconds left.\n|inactive|LT51NP Sir Slaking has 135 seconds left.\n|inactive|Toxabelle has 120 seconds left.\n|\n|start\n|switch|p1a: Landorus|Landorus-Therian, M|100\/100\n|switch|p2a: Volcarona|Volcarona, M|100\/100\n|-ability|p1a: Landorus|Intimidate|boost\n|-unboost|p2a: Volcarona|atk|1\n|turn|1\n|\n|switch|p1a: Toxapex|Toxapex, M|100\/100\n|move|p2a: Volcarona|Fire Blast|p1a: Toxapex\n|-resisted|p1a: Toxapex\n|-damage|p1a: Toxapex|81\/100\n|\n|-heal|p1a: Toxapex|87\/100|[from] item: Black Sludge\n|upkeep\n|turn|2\n|\n|switch|p2a: Ferrothorn|Ferrothorn, M|100\/100\n|move|p1a: Toxapex|Toxic|p2a: Ferrothorn\n|-immune|p2a: Ferrothorn|[msg]\n|\n|-heal|p1a: Toxapex|93\/100|[from] item: Black Sludge\n|upkeep\n|turn|3\n|\n|move|p1a: Toxapex|Toxic Spikes|p2a: Ferrothorn\n|-sidestart|p2: LT51NP Sir Slaking|move: Toxic Spikes\n|move|p2a: Ferrothorn|Stealth Rock|p1a: Toxapex\n|-sidestart|p1: Toxabelle|move: Stealth Rock\n|\n|-heal|p1a: Toxapex|99\/100|[from] item: Black Sludge\n|upkeep\n|turn|4\n|\n|move|p1a: Toxapex|Toxic Spikes|p2a: Ferrothorn\n|-sidestart|p2: LT51NP Sir Slaking|move: Toxic Spikes\n|move|p2a: Ferrothorn|Knock Off|p1a: Toxapex\n|-damage|p1a: Toxapex|83\/100\n|-enditem|p1a: Toxapex|Black Sludge|[from] move: Knock Off|[of] p2a: Ferrothorn\n|\n|upkeep\n|turn|5\n|\n|move|p1a: Toxapex|Scald|p2a: Ferrothorn\n|-resisted|p2a: Ferrothorn\n|-damage|p2a: Ferrothorn|94\/100\n|move|p2a: Ferrothorn|Leech Seed|p1a: Toxapex|[miss]\n|-miss|p2a: Ferrothorn|p1a: Toxapex\n|\n|-heal|p2a: Ferrothorn|99\/100|[from] item: Leftovers\n|upkeep\n|turn|6\n|\n|move|p1a: Toxapex|Scald|p2a: Ferrothorn\n|-resisted|p2a: Ferrothorn\n|-damage|p2a: Ferrothorn|94\/100\n|move|p2a: Ferrothorn|Leech Seed|p1a: Toxapex\n|-start|p1a: Toxapex|move: Leech Seed\n|\n|-heal|p2a: Ferrothorn|99\/100|[from] item: Leftovers\n|-damage|p1a: Toxapex|71\/100|[from] Leech Seed|[of] p2a: Ferrothorn\n|-heal|p2a: Ferrothorn|100\/100|[silent]\n|upkeep\n|turn|7\n|\n|switch|p1a: Celesteela|Celesteela|100\/100\n|-damage|p1a: Celesteela|88\/100|[from] Stealth Rock\n|switch|p2a: Landorus|Landorus-Therian, M|100\/100\n|-ability|p2a: Landorus|Intimidate|boost\n|-unboost|p1a: Celesteela|atk|1\n|\n|-heal|p1a: Celesteela|94\/100|[from] item: Leftovers\n|upkeep\n|turn|8\n|\n|move|p1a: Celesteela|Protect|p1a: Celesteela\n|-singleturn|p1a: Celesteela|Protect\n|move|p2a: Landorus|Defog|p1a: Celesteela\n|-activate|p1a: Celesteela|move: Protect\n|\n|-heal|p1a: Celesteela|99\/100|[from] item: Leftovers\n|upkeep\n|turn|9\n|\n|switch|p1a: Mawile|Mawile, F, shiny|100\/100\n|-damage|p1a: Mawile|95\/100|[from] Stealth Rock\n|-ability|p1a: Mawile|Intimidate|boost\n|-unboost|p2a: Landorus|atk|1\n|move|p2a: Landorus|Defog|p1a: Mawile\n|-unboost|p1a: Mawile|evasion|1\n|-sideend|p1: Toxabelle|Stealth Rock|[from] move: Defog|[of] p1a: Mawile\n|-sideend|p2: LT51NP Sir Slaking|Toxic Spikes|[from] move: Defog|[of] p2a: Landorus\n|\n|upkeep\n|turn|10\n|inactive|LT51NP Sir Slaking has 135 seconds left.\n|\n|detailschange|p1a: Mawile|Mawile-Mega, F, shiny\n|-mega|p1a: Mawile|Mawile|Mawilite\n|move|p2a: Landorus|Earthquake|p1a: Mawile\n|-supereffective|p1a: Mawile\n|-damage|p1a: Mawile|28\/100\n|move|p1a: Mawile|Fire Fang|p2a: Landorus\n|-damage|p2a: Landorus|69\/100\n|-damage|p1a: Mawile|12\/100|[from] item: Rocky Helmet|[of] p2a: Landorus\n|\n|upkeep\n|turn|11\n|inactive|Toxabelle has 135 seconds left.\n|inactive|LT51NP Sir Slaking has 135 seconds left.\n|inactive|Toxabelle has 120 seconds left.\n|inactive|LT51NP Sir Slaking has 120 seconds left.\n|\n|switch|p1a: Mew|Mew|100\/100\n|move|p2a: Landorus|U-turn|p1a: Mew\n|-supereffective|p1a: Mew\n|-damage|p1a: Mew|80\/100\n|inactive|LT51NP Sir Slaking has 135 seconds left.\n|\n|switch|p2a: Ferrothorn|Ferrothorn, M|100\/100\n|\n|-heal|p1a: Mew|86\/100|[from] item: Leftovers\n|upkeep\n|turn|12\n|l| Neva Meta\n|\n|move|p1a: Mew|Will-O-Wisp|p2a: Ferrothorn\n|-status|p2a: Ferrothorn|brn\n|move|p2a: Ferrothorn|Knock Off|p1a: Mew\n|-supereffective|p1a: Mew\n|-damage|p1a: Mew|70\/100\n|-enditem|p1a: Mew|Leftovers|[from] move: Knock Off|[of] p2a: Ferrothorn\n|\n|-damage|p2a: Ferrothorn|94\/100 brn|[from] brn\n|upkeep\n|turn|13\n|\n|switch|p1a: Toxapex|Toxapex, M|100\/100\n|move|p2a: Ferrothorn|Stealth Rock|p1a: Toxapex\n|-sidestart|p1: Toxabelle|move: Stealth Rock\n|\n|-heal|p2a: Ferrothorn|100\/100 brn|[from] item: Leftovers\n|-damage|p2a: Ferrothorn|94\/100 brn|[from] brn\n|upkeep\n|turn|14\n|\n|switch|p2a: Diancie|Diancie|100\/100\n|move|p1a: Toxapex|Toxic Spikes|p2a: Diancie\n|-sidestart|p2: LT51NP Sir Slaking|move: Toxic Spikes\n|\n|upkeep\n|turn|15\n|\n|detailschange|p2a: Diancie|Diancie-Mega\n|-mega|p2a: Diancie|Diancie|Diancite\n|move|p2a: Diancie|Diamond Storm|p1a: Toxapex\n|-damage|p1a: Toxapex|61\/100\n|move|p1a: Toxapex|Scald|p2a: Diancie\n|-supereffective|p2a: Diancie\n|-damage|p2a: Diancie|53\/100\n|\n|upkeep\n|turn|16\n|\n|switch|p1a: Celesteela|Celesteela|99\/100\n|-damage|p1a: Celesteela|88\/100|[from] Stealth Rock\n|move|p2a: Diancie|Diamond Storm|p1a: Celesteela\n|-damage|p1a: Celesteela|45\/100\n|\n|-heal|p1a: Celesteela|51\/100|[from] item: Leftovers\n|upkeep\n|turn|17\n|l| LT51NP Vessev\n|inactive|LT51NP Sir Slaking has 135 seconds left.\n|\n|move|p1a: Celesteela|Protect|p1a: Celesteela\n|-singleturn|p1a: Celesteela|Protect\n|move|p2a: Diancie|Diamond Storm|p1a: Celesteela\n|-activate|p1a: Celesteela|move: Protect\n|\n|-heal|p1a: Celesteela|57\/100|[from] item: Leftovers\n|upkeep\n|turn|18\n|\n|move|p2a: Diancie|Diamond Storm|p1a: Celesteela\n|-damage|p1a: Celesteela|18\/100\n|-boost|p2a: Diancie|def|2\n|move|p1a: Celesteela|Heavy Slam|p2a: Diancie\n|-supereffective|p2a: Diancie\n|-damage|p2a: Diancie|0 fnt\n|faint|p2a: Diancie\n|-ability|p1a: Celesteela|Beast Boost|boost\n|-boost|p1a: Celesteela|spd|1\n|\n|-heal|p1a: Celesteela|24\/100|[from] item: Leftovers\n|upkeep\n|\n|switch|p2a: Tyranitar|Tyranitar, F|100\/100\n|-status|p2a: Tyranitar|psn\n|-weather|Sandstorm|[from] ability: Sand Stream|[of] p2a: Tyranitar\n|turn|19\n|\n|move|p1a: Celesteela|Protect|p1a: Celesteela\n|-singleturn|p1a: Celesteela|Protect\n|move|p2a: Tyranitar|Crunch|p1a: Celesteela\n|-activate|p1a: Celesteela|move: Protect\n|\n|-weather|Sandstorm|[upkeep]\n|-heal|p1a: Celesteela|30\/100|[from] item: Leftovers\n|-damage|p2a: Tyranitar|88\/100 psn|[from] psn\n|upkeep\n|turn|20\n|\n|switch|p1a: Landorus|Landorus-Therian, M|100\/100\n|-damage|p1a: Landorus|88\/100|[from] Stealth Rock\n|-ability|p1a: Landorus|Intimidate|boost\n|-unboost|p2a: Tyranitar|atk|1\n|move|p2a: Tyranitar|Crunch|p1a: Landorus\n|-damage|p1a: Landorus|42\/100\n|\n|-weather|Sandstorm|[upkeep]\n|-damage|p2a: Tyranitar|76\/100 psn|[from] psn\n|upkeep\n|turn|21\n|\n|move|p1a: Landorus|U-turn|p2a: Tyranitar\n|-supereffective|p2a: Tyranitar\n|-damage|p2a: Tyranitar|38\/100 psn\n|\n|switch|p1a: Tapu Koko|Tapu Koko|100\/100\n|-damage|p1a: Tapu Koko|88\/100|[from] Stealth Rock\n|-fieldstart|move: Electric Terrain|[from] ability: Electric Surge|[of] p1a: Tapu Koko\n|move|p2a: Tyranitar|Crunch|p1a: Tapu Koko\n|-resisted|p1a: Tapu Koko\n|-damage|p1a: Tapu Koko|56\/100\n|\n|-weather|Sandstorm|[upkeep]\n|-damage|p1a: Tapu Koko|50\/100|[from] Sandstorm\n|-damage|p2a: Tyranitar|25\/100 psn|[from] psn\n|upkeep\n|turn|22\n|\n|switch|p2a: Ferrothorn|Ferrothorn, M|94\/100 brn\n|move|p1a: Tapu Koko|Roost|p1a: Tapu Koko\n|-heal|p1a: Tapu Koko|99\/100\n|\n|-weather|Sandstorm|[upkeep]\n|-damage|p1a: Tapu Koko|94\/100|[from] Sandstorm\n|-heal|p2a: Ferrothorn|100\/100 brn|[from] item: Leftovers\n|-damage|p2a: Ferrothorn|94\/100 brn|[from] brn\n|upkeep\n|turn|23\n|\n|move|p1a: Tapu Koko|U-turn|p2a: Ferrothorn\n|-damage|p2a: Ferrothorn|84\/100 brn\n|-damage|p1a: Tapu Koko|81\/100|[from] ability: Iron Barbs|[of] p2a: Ferrothorn\n|\n|switch|p1a: Toxapex|Toxapex, M|94\/100\n|-damage|p1a: Toxapex|82\/100|[from] Stealth Rock\n|move|p2a: Ferrothorn|Leech Seed|p1a: Toxapex\n|-start|p1a: Toxapex|move: Leech Seed\n|\n|-weather|none\n|-heal|p2a: Ferrothorn|90\/100 brn|[from] item: Leftovers\n|-damage|p1a: Toxapex|70\/100|[from] Leech Seed|[of] p2a: Ferrothorn\n|-heal|p2a: Ferrothorn|100\/100 brn|[silent]\n|-damage|p2a: Ferrothorn|94\/100 brn|[from] brn\n|upkeep\n|turn|24\n|inactive|LT51NP Sir Slaking has 135 seconds left.\n|\n|switch|p1a: Mew|Mew|70\/100\n|-damage|p1a: Mew|58\/100|[from] Stealth Rock\n|switch|p2a: Landorus|Landorus-Therian, M|69\/100\n|-ability|p2a: Landorus|Intimidate|boost\n|-unboost|p1a: Mew|atk|1\n|\n|upkeep\n|turn|25\n|\n|move|p1a: Mew|Will-O-Wisp|p2a: Landorus\n|-status|p2a: Landorus|brn\n|move|p2a: Landorus|Defog|p1a: Mew\n|-unboost|p1a: Mew|evasion|1\n|-sideend|p1: Toxabelle|Stealth Rock|[from] move: Defog|[of] p1a: Mew\n|-sideend|p2: LT51NP Sir Slaking|Toxic Spikes|[from] move: Defog|[of] p2a: Landorus\n|\n|-damage|p2a: Landorus|63\/100 brn|[from] brn\n|-fieldend|move: Electric Terrain\n|upkeep\n|turn|26\n|\n|move|p1a: Mew|Stealth Rock|p2a: Landorus\n|-sidestart|p2: LT51NP Sir Slaking|move: Stealth Rock\n|move|p2a: Landorus|U-turn|p1a: Mew\n|-supereffective|p1a: Mew\n|-damage|p1a: Mew|42\/100\n|\n|switch|p2a: Ferrothorn|Ferrothorn, M|94\/100 brn\n|-damage|p2a: Ferrothorn|88\/100 brn|[from] Stealth Rock\n|\n|-heal|p2a: Ferrothorn|94\/100 brn|[from] item: Leftovers\n|-damage|p2a: Ferrothorn|88\/100 brn|[from] brn\n|upkeep\n|turn|27\n|\n|move|p1a: Mew|Soft-Boiled|p1a: Mew\n|-heal|p1a: Mew|93\/100\n|move|p2a: Ferrothorn|Stealth Rock|p1a: Mew\n|-sidestart|p1: Toxabelle|move: Stealth Rock\n|\n|-heal|p2a: Ferrothorn|94\/100 brn|[from] item: Leftovers\n|-damage|p2a: Ferrothorn|88\/100 brn|[from] brn\n|upkeep\n|turn|28\n|\n|move|p1a: Mew|Earthquake|p2a: Ferrothorn\n|-damage|p2a: Ferrothorn|79\/100 brn\n|move|p2a: Ferrothorn|Leech Seed|p1a: Mew\n|-start|p1a: Mew|move: Leech Seed\n|\n|-heal|p2a: Ferrothorn|85\/100 brn|[from] item: Leftovers\n|-damage|p1a: Mew|80\/100|[from] Leech Seed|[of] p2a: Ferrothorn\n|-heal|p2a: Ferrothorn|99\/100 brn|[silent]\n|-damage|p2a: Ferrothorn|93\/100 brn|[from] brn\n|upkeep\n|turn|29\n|\n|switch|p1a: Toxapex|Toxapex, M|100\/100\n|-damage|p1a: Toxapex|88\/100|[from] Stealth Rock\n|move|p2a: Ferrothorn|Thunder Wave|p1a: Toxapex\n|-status|p1a: Toxapex|par\n|\n|-heal|p2a: Ferrothorn|99\/100 brn|[from] item: Leftovers\n|-damage|p2a: Ferrothorn|93\/100 brn|[from] brn\n|upkeep\n|turn|30\n|\n|cant|p1a: Toxapex|par\n|move|p2a: Ferrothorn|Leech Seed|p1a: Toxapex|[miss]\n|-miss|p2a: Ferrothorn|p1a: Toxapex\n|\n|-heal|p2a: Ferrothorn|99\/100 brn|[from] item: Leftovers\n|-damage|p2a: Ferrothorn|93\/100 brn|[from] brn\n|upkeep\n|turn|31\n|\n|move|p1a: Toxapex|Toxic Spikes|p2a: Ferrothorn\n|-sidestart|p2: LT51NP Sir Slaking|move: Toxic Spikes\n|move|p2a: Ferrothorn|Leech Seed|p1a: Toxapex\n|-start|p1a: Toxapex|move: Leech Seed\n|\n|-heal|p2a: Ferrothorn|99\/100 brn|[from] item: Leftovers\n|-damage|p1a: Toxapex|76\/100 par|[from] Leech Seed|[of] p2a: Ferrothorn\n|-heal|p2a: Ferrothorn|100\/100 brn|[silent]\n|-damage|p2a: Ferrothorn|94\/100 brn|[from] brn\n|upkeep\n|turn|32\n|\n|switch|p1a: Mew|Mew|80\/100\n|-damage|p1a: Mew|68\/100|[from] Stealth Rock\n|move|p2a: Ferrothorn|Knock Off|p1a: Mew\n|-supereffective|p1a: Mew\n|-damage|p1a: Mew|57\/100\n|\n|-heal|p2a: Ferrothorn|100\/100 brn|[from] item: Leftovers\n|-damage|p2a: Ferrothorn|94\/100 brn|[from] brn\n|upkeep\n|turn|33\n|\n|move|p1a: Mew|Soft-Boiled|p1a: Mew\n|-heal|p1a: Mew|100\/100\n|move|p2a: Ferrothorn|Thunder Wave|p1a: Mew\n|-status|p1a: Mew|par\n|-activate|p1a: Mew|ability: Synchronize\n|-fail|p2a: Ferrothorn\n|\n|-heal|p2a: Ferrothorn|100\/100 brn|[from] item: Leftovers\n|-damage|p2a: Ferrothorn|94\/100 brn|[from] brn\n|upkeep\n|turn|34\n|\n|cant|p1a: Mew|par\n|move|p2a: Ferrothorn|Leech Seed|p1a: Mew|[miss]\n|-miss|p2a: Ferrothorn|p1a: Mew\n|\n|-heal|p2a: Ferrothorn|100\/100 brn|[from] item: Leftovers\n|-damage|p2a: Ferrothorn|94\/100 brn|[from] brn\n|upkeep\n|turn|35\n|\n|cant|p1a: Mew|par\n|move|p2a: Ferrothorn|Leech Seed|p1a: Mew\n|-start|p1a: Mew|move: Leech Seed\n|\n|-heal|p2a: Ferrothorn|100\/100 brn|[from] item: Leftovers\n|-damage|p1a: Mew|88\/100 par|[from] Leech Seed|[of] p2a: Ferrothorn\n|-damage|p2a: Ferrothorn|94\/100 brn|[from] brn\n|upkeep\n|turn|36\n|\n|switch|p1a: Toxapex|Toxapex, M|100\/100 par\n|-damage|p1a: Toxapex|88\/100 par|[from] Stealth Rock\n|switch|p2a: Landorus|Landorus-Therian, M|63\/100 brn\n|-damage|p2a: Landorus|51\/100 brn|[from] Stealth Rock\n|-ability|p2a: Landorus|Intimidate|boost\n|-unboost|p1a: Toxapex|atk|1\n|\n|-damage|p2a: Landorus|45\/100 brn|[from] brn\n|upkeep\n|turn|37\n|\n|move|p2a: Landorus|Earthquake|p1a: Toxapex\n|-supereffective|p1a: Toxapex\n|-damage|p1a: Toxapex|53\/100 par\n|move|p1a: Toxapex|Scald|p2a: Landorus\n|-supereffective|p2a: Landorus\n|-damage|p2a: Landorus|7\/100 brn\n|\n|-damage|p2a: Landorus|1\/100 brn|[from] brn\n|upkeep\n|turn|38\n|\n|move|p2a: Landorus|Defog|p1a: Toxapex\n|-unboost|p1a: Toxapex|evasion|1\n|-sideend|p1: Toxabelle|Stealth Rock|[from] move: Defog|[of] p1a: Toxapex\n|-sideend|p2: LT51NP Sir Slaking|Toxic Spikes|[from] move: Defog|[of] p2a: Landorus\n|-sideend|p2: LT51NP Sir Slaking|Stealth Rock|[from] move: Defog|[of] p2a: Landorus\n|cant|p1a: Toxapex|par\n|\n|-damage|p2a: Landorus|0 fnt|[from] brn\n|upkeep\n|faint|p2a: Landorus\n|\n|switch|p2a: Volcarona|Volcarona, M|100\/100\n|turn|39\n|\n|move|p2a: Volcarona|Quiver Dance|p2a: Volcarona\n|-boost|p2a: Volcarona|spa|1\n|-boost|p2a: Volcarona|spd|1\n|-boost|p2a: Volcarona|spe|1\n|move|p1a: Toxapex|Toxic|p2a: Volcarona\n|-status|p2a: Volcarona|tox\n|\n|-damage|p2a: Volcarona|94\/100 tox|[from] psn\n|upkeep\n|turn|40\n|\n|switch|p1a: Mawile|Mawile-Mega, F, shiny|12\/100\n|move|p2a: Volcarona|Hidden Power|p1a: Mawile\n|-supereffective|p1a: Mawile\n|-damage|p1a: Mawile|0 fnt\n|faint|p1a: Mawile\n|\n|-damage|p2a: Volcarona|82\/100 tox|[from] psn\n|upkeep\n|\n|switch|p1a: Toxapex|Toxapex, M|86\/100 par\n|turn|41\n|\n|switch|p2a: Tapu Lele|Tapu Lele|100\/100\n|-fieldstart|move: Psychic Terrain|[from] ability: Psychic Surge|[of] p2a: Tapu Lele\n|move|p1a: Toxapex|Toxic Spikes|p2a: Tapu Lele\n|-sidestart|p2: LT51NP Sir Slaking|move: Toxic Spikes\n|\n|upkeep\n|turn|42\n|\n|switch|p1a: Mew|Mew|88\/100 par\n|move|p2a: Tapu Lele|Psychic|p1a: Mew\n|-resisted|p1a: Mew\n|-damage|p1a: Mew|63\/100 par\n|\n|upkeep\n|turn|43\n|\n|switch|p2a: Volcarona|Volcarona, M|82\/100 tox\n|move|p1a: Mew|Earthquake|p2a: Volcarona\n|-damage|p2a: Volcarona|46\/100 tox\n|\n|-damage|p2a: Volcarona|40\/100 tox|[from] psn\n|upkeep\n|turn|44\n|\n|switch|p1a: Toxapex|Toxapex, M|100\/100 par\n|move|p2a: Volcarona|Hidden Power|p1a: Toxapex\n|-supereffective|p1a: Toxapex\n|-damage|p1a: Toxapex|71\/100 par\n|\n|-damage|p2a: Volcarona|28\/100 tox|[from] psn\n|upkeep\n|turn|45\n|\n|switch|p2a: Ferrothorn|Ferrothorn, M|94\/100 brn\n|move|p1a: Toxapex|Scald|p2a: Ferrothorn\n|-resisted|p2a: Ferrothorn\n|-damage|p2a: Ferrothorn|89\/100 brn\n|\n|-heal|p2a: Ferrothorn|95\/100 brn|[from] item: Leftovers\n|-damage|p2a: Ferrothorn|89\/100 brn|[from] brn\n|-fieldend|move: Psychic Terrain\n|upkeep\n|turn|46\n|\n|switch|p1a: Mew|Mew|63\/100 par\n|move|p2a: Ferrothorn|Leech Seed|p1a: Mew\n|-start|p1a: Mew|move: Leech Seed\n|\n|-heal|p2a: Ferrothorn|95\/100 brn|[from] item: Leftovers\n|-damage|p1a: Mew|50\/100 par|[from] Leech Seed|[of] p2a: Ferrothorn\n|-heal|p2a: Ferrothorn|100\/100 brn|[silent]\n|-damage|p2a: Ferrothorn|94\/100 brn|[from] brn\n|upkeep\n|turn|47\n|\n|switch|p1a: Celesteela|Celesteela|30\/100\n|switch|p2a: Volcarona|Volcarona, M|28\/100 tox\n|\n|-heal|p1a: Celesteela|36\/100|[from] item: Leftovers\n|-damage|p2a: Volcarona|21\/100 tox|[from] psn\n|upkeep\n|turn|48\n|\n|switch|p1a: Toxapex|Toxapex, M|100\/100 par\n|move|p2a: Volcarona|Fire Blast|p1a: Toxapex\n|-resisted|p1a: Toxapex\n|-damage|p1a: Toxapex|81\/100 par\n|\n|-damage|p2a: Volcarona|9\/100 tox|[from] psn\n|upkeep\n|turn|49\n|\n|switch|p2a: Ferrothorn|Ferrothorn, M|94\/100 brn\n|move|p1a: Toxapex|Recover|p1a: Toxapex\n|-heal|p1a: Toxapex|100\/100 par\n|\n|-heal|p2a: Ferrothorn|100\/100 brn|[from] item: Leftovers\n|-damage|p2a: Ferrothorn|94\/100 brn|[from] brn\n|upkeep\n|turn|50\n|\n|move|p1a: Toxapex|Scald|p2a: Ferrothorn\n|-resisted|p2a: Ferrothorn\n|-crit|p2a: Ferrothorn\n|-damage|p2a: Ferrothorn|85\/100 brn\n|move|p2a: Ferrothorn|Leech Seed|p1a: Toxapex\n|-start|p1a: Toxapex|move: Leech Seed\n|\n|-heal|p2a: Ferrothorn|92\/100 brn|[from] item: Leftovers\n|-damage|p1a: Toxapex|88\/100 par|[from] Leech Seed|[of] p2a: Ferrothorn\n|-heal|p2a: Ferrothorn|100\/100 brn|[silent]\n|-damage|p2a: Ferrothorn|94\/100 brn|[from] brn\n|upkeep\n|turn|51\n|\n|switch|p1a: Celesteela|Celesteela|36\/100\n|move|p2a: Ferrothorn|Knock Off|p1a: Celesteela\n|-damage|p1a: Celesteela|28\/100\n|-enditem|p1a: Celesteela|Leftovers|[from] move: Knock Off|[of] p2a: Ferrothorn\n|\n|-heal|p2a: Ferrothorn|100\/100 brn|[from] item: Leftovers\n|-damage|p2a: Ferrothorn|94\/100 brn|[from] brn\n|upkeep\n|turn|52\n|\n|move|p1a: Celesteela|Flamethrower|p2a: Ferrothorn\n|-supereffective|p2a: Ferrothorn\n|-damage|p2a: Ferrothorn|34\/100 brn\n|move|p2a: Ferrothorn|Leech Seed|p1a: Celesteela\n|-start|p1a: Celesteela|move: Leech Seed\n|\n|-heal|p2a: Ferrothorn|40\/100 brn|[from] item: Leftovers\n|-damage|p1a: Celesteela|16\/100|[from] Leech Seed|[of] p2a: Ferrothorn\n|-heal|p2a: Ferrothorn|54\/100 brn|[silent]\n|-damage|p2a: Ferrothorn|48\/100 brn|[from] brn\n|upkeep\n|turn|53\n|inactive|LT51NP Sir Slaking has 135 seconds left.\n|\n|switch|p2a: Tyranitar|Tyranitar, F|25\/100 psn\n|-weather|Sandstorm|[from] ability: Sand Stream|[of] p2a: Tyranitar\n|move|p1a: Celesteela|Heavy Slam|p2a: Tyranitar\n|-supereffective|p2a: Tyranitar\n|-damage|p2a: Tyranitar|0 fnt\n|faint|p2a: Tyranitar\n|-ability|p1a: Celesteela|Beast Boost|boost\n|-boost|p1a: Celesteela|spd|1\n|\n|-weather|Sandstorm|[upkeep]\n|upkeep\n|\n|switch|p2a: Volcarona|Volcarona, M|9\/100 tox\n|turn|54\n|\n|switch|p1a: Toxapex|Toxapex, M|100\/100 par\n|move|p2a: Volcarona|Hidden Power|p1a: Toxapex\n|-supereffective|p1a: Toxapex\n|-damage|p1a: Toxapex|69\/100 par\n|\n|-weather|Sandstorm|[upkeep]\n|-damage|p2a: Volcarona|3\/100 tox|[from] Sandstorm\n|-damage|p1a: Toxapex|64\/100 par|[from] Sandstorm\n|-damage|p2a: Volcarona|0 fnt|[from] psn\n|upkeep\n|faint|p2a: Volcarona\n|\n|switch|p2a: Tapu Lele|Tapu Lele|100\/100\n|-status|p2a: Tapu Lele|psn\n|-fieldstart|move: Psychic Terrain|[from] ability: Psychic Surge|[of] p2a: Tapu Lele\n|turn|55\n|\n|switch|p1a: Celesteela|Celesteela|16\/100\n|move|p2a: Tapu Lele|Psychic|p1a: Celesteela\n|-resisted|p1a: Celesteela\n|-damage|p1a: Celesteela|0 fnt\n|faint|p1a: Celesteela\n|\n|-weather|Sandstorm|[upkeep]\n|-damage|p2a: Tapu Lele|94\/100 psn|[from] Sandstorm\n|-damage|p2a: Tapu Lele|82\/100 psn|[from] psn\n|upkeep\n|\n|switch|p1a: Tapu Koko|Tapu Koko|81\/100\n|-fieldstart|move: Electric Terrain|[from] ability: Electric Surge|[of] p1a: Tapu Koko\n|turn|56\n|\n|move|p2a: Tapu Lele|Psychic|p1a: Tapu Koko\n|-damage|p1a: Tapu Koko|4\/100\n|-zpower|p1a: Tapu Koko\n|move|p1a: Tapu Koko|Gigavolt Havoc|p2a: Tapu Lele|[zeffect]\n|-damage|p2a: Tapu Lele|0 fnt\n|faint|p2a: Tapu Lele\n|\n|-weather|Sandstorm|[upkeep]\n|-damage|p1a: Tapu Koko|0 fnt|[from] Sandstorm\n|upkeep\n|faint|p1a: Tapu Koko\n|j| ugiuog8o\n|-message|LT51NP Sir Slaking forfeited.\n|\n|win|Toxabelle\n|raw|Toxabelle's rating: 1510 &rarr; <strong>1543<\/strong><br \/>(+33 for winning)\n|raw|LT51NP Sir Slaking's rating: 1782 &rarr; <strong>1758<\/strong><br \/>(-24 for losing)\n|c|\u2606Toxabelle|so ez\n|l|\u2606Toxabelle\n","inputlog":null,"uploadtime":1532406197,"views":19,"p1id":"toxabelle","p2id":"lt51npsirslaking","formatid":"gen7ou","rating":1543,"private":0,"password":null}