{"id":"gen7ou-964619812","p1":"JoeyOwesMeMoney","p2":"sannoh kogyo","format":"gen7ou","log":"|j|\u2606JoeyOwesMeMoney\n|j|\u2606sannoh kogyo\n|player|p1|JoeyOwesMeMoney|169|1800\n|player|p2|sannoh kogyo|lusamine-nihilego|1797\n|teamsize|p1|6\n|teamsize|p2|6\n|gametype|singles\n|gen|7\n|tier|[Gen 7] OU\n|rated|\n|rule|Sleep Clause Mod: Limit one foe put to sleep\n|rule|Species Clause: Limit one of each Pok\u00e9mon\n|rule|OHKO Clause: OHKO moves are banned\n|rule|Moody Clause: Moody is banned\n|rule|Evasion Moves Clause: Evasion moves are banned\n|rule|Endless Battle Clause: Forcing endless battles is banned\n|rule|HP Percentage Mod: HP is shown in percentages\n|clearpoke\n|poke|p1|Skarmory, M|item\n|poke|p1|Chansey, F|item\n|poke|p1|Magnezone|item\n|poke|p1|Toxapex, F|item\n|poke|p1|Clefable, M|item\n|poke|p1|Sableye, M|item\n|poke|p2|Celesteela|item\n|poke|p2|Excadrill, M|item\n|poke|p2|Tyranitar, F|item\n|poke|p2|Tentacruel, M|item\n|poke|p2|Tangrowth, F|item\n|poke|p2|Tapu Koko|item\n|teampreview\n|\n|start\n|switch|p1a: Sableye|Sableye, M|100\/100\n|switch|p2a: Tyranitar|Tyranitar, F|100\/100\n|-weather|Sandstorm|[from] ability: Sand Stream|[of] p2a: Tyranitar\n|turn|1\n|\n|switch|p2a: Tapu Koko|Tapu Koko|100\/100\n|-fieldstart|move: Electric Terrain|[from] ability: Electric Surge|[of] p2a: Tapu Koko\n|detailschange|p1a: Sableye|Sableye-Mega, M\n|-mega|p1a: Sableye|Sableye|Sablenite\n|move|p1a: Sableye|Will-O-Wisp|p2a: Tapu Koko\n|-status|p2a: Tapu Koko|brn\n|\n|-weather|Sandstorm|[upkeep]\n|-damage|p2a: Tapu Koko|95\/100 brn|[from] Sandstorm\n|-damage|p1a: Sableye|95\/100|[from] Sandstorm\n|-damage|p2a: Tapu Koko|89\/100 brn|[from] brn\n|upkeep\n|turn|2\n|\n|move|p2a: Tapu Koko|Thunderbolt|p1a: Sableye\n|-damage|p1a: Sableye|56\/100\n|move|p1a: Sableye|Recover|p1a: Sableye\n|-heal|p1a: Sableye|100\/100\n|\n|-weather|Sandstorm|[upkeep]\n|-damage|p2a: Tapu Koko|83\/100 brn|[from] Sandstorm\n|-damage|p1a: Sableye|95\/100|[from] Sandstorm\n|-damage|p2a: Tapu Koko|77\/100 brn|[from] brn\n|upkeep\n|turn|3\n|\n|move|p1a: Sableye|Protect|p1a: Sableye\n|-singleturn|p1a: Sableye|Protect\n|move|p2a: Tapu Koko|Thunderbolt|p1a: Sableye\n|-activate|p1a: Sableye|move: Protect\n|\n|-weather|Sandstorm|[upkeep]\n|-damage|p2a: Tapu Koko|71\/100 brn|[from] Sandstorm\n|-damage|p1a: Sableye|89\/100|[from] Sandstorm\n|-damage|p2a: Tapu Koko|65\/100 brn|[from] brn\n|upkeep\n|turn|4\n|\n|move|p2a: Tapu Koko|Thunderbolt|p1a: Sableye\n|-damage|p1a: Sableye|49\/100\n|move|p1a: Sableye|Recover|p1a: Sableye\n|-heal|p1a: Sableye|99\/100\n|\n|-weather|Sandstorm|[upkeep]\n|-damage|p2a: Tapu Koko|59\/100 brn|[from] Sandstorm\n|-damage|p1a: Sableye|93\/100|[from] Sandstorm\n|-damage|p2a: Tapu Koko|53\/100 brn|[from] brn\n|upkeep\n|turn|5\n|\n|move|p1a: Sableye|Protect|p1a: Sableye\n|-singleturn|p1a: Sableye|Protect\n|move|p2a: Tapu Koko|Roost|p2a: Tapu Koko\n|-heal|p2a: Tapu Koko|100\/100 brn\n|-singleturn|p2a: Tapu Koko|move: Roost\n|\n|-weather|none\n|-damage|p2a: Tapu Koko|95\/100 brn|[from] brn\n|-fieldend|move: Electric Terrain\n|upkeep\n|turn|6\n|\n|move|p2a: Tapu Koko|Thunderbolt|p1a: Sableye\n|-damage|p1a: Sableye|67\/100\n|move|p1a: Sableye|Knock Off|p2a: Tapu Koko\n|-resisted|p2a: Tapu Koko\n|-damage|p2a: Tapu Koko|75\/100 brn\n|-enditem|p2a: Tapu Koko|Shuca Berry|[from] move: Knock Off|[of] p1a: Sableye\n|\n|-damage|p2a: Tapu Koko|69\/100 brn|[from] brn\n|upkeep\n|turn|7\n|\n|move|p2a: Tapu Koko|Hidden Power|p1a: Sableye\n|-damage|p1a: Sableye|56\/100\n|move|p1a: Sableye|Recover|p1a: Sableye\n|-heal|p1a: Sableye|100\/100\n|\n|-damage|p2a: Tapu Koko|63\/100 brn|[from] brn\n|upkeep\n|turn|8\n|\n|move|p2a: Tapu Koko|Hidden Power|p1a: Sableye\n|-damage|p1a: Sableye|88\/100\n|move|p1a: Sableye|Knock Off|p2a: Tapu Koko\n|-resisted|p2a: Tapu Koko\n|-damage|p2a: Tapu Koko|51\/100 brn\n|\n|-damage|p2a: Tapu Koko|45\/100 brn|[from] brn\n|upkeep\n|turn|9\n|\n|move|p2a: Tapu Koko|Roost|p2a: Tapu Koko\n|-heal|p2a: Tapu Koko|95\/100 brn\n|-singleturn|p2a: Tapu Koko|move: Roost\n|move|p1a: Sableye|Knock Off|p2a: Tapu Koko\n|-resisted|p2a: Tapu Koko\n|-damage|p2a: Tapu Koko|83\/100 brn\n|\n|-damage|p2a: Tapu Koko|77\/100 brn|[from] brn\n|upkeep\n|turn|10\n|j| yiailu\n|j| xTalonflamex\n|\n|move|p2a: Tapu Koko|Thunderbolt|p1a: Sableye\n|-damage|p1a: Sableye|61\/100\n|move|p1a: Sableye|Knock Off|p2a: Tapu Koko\n|-resisted|p2a: Tapu Koko\n|-damage|p2a: Tapu Koko|63\/100 brn\n|\n|-damage|p2a: Tapu Koko|57\/100 brn|[from] brn\n|upkeep\n|turn|11\n|j| Ninjamanatee200\n|\n|move|p2a: Tapu Koko|Hidden Power|p1a: Sableye\n|-damage|p1a: Sableye|50\/100\n|move|p1a: Sableye|Knock Off|p2a: Tapu Koko\n|-resisted|p2a: Tapu Koko\n|-damage|p2a: Tapu Koko|45\/100 brn\n|\n|-damage|p2a: Tapu Koko|39\/100 brn|[from] brn\n|upkeep\n|turn|12\n|\n|move|p2a: Tapu Koko|Roost|p2a: Tapu Koko\n|-heal|p2a: Tapu Koko|89\/100 brn\n|-singleturn|p2a: Tapu Koko|move: Roost\n|move|p1a: Sableye|Recover|p1a: Sableye\n|-heal|p1a: Sableye|99\/100\n|\n|-damage|p2a: Tapu Koko|83\/100 brn|[from] brn\n|upkeep\n|turn|13\n|\n|move|p1a: Sableye|Protect|p1a: Sableye\n|-singleturn|p1a: Sableye|Protect\n|move|p2a: Tapu Koko|Thunderbolt|p1a: Sableye\n|-activate|p1a: Sableye|move: Protect\n|\n|-damage|p2a: Tapu Koko|77\/100 brn|[from] brn\n|upkeep\n|turn|14\n|\n|move|p2a: Tapu Koko|Thunderbolt|p1a: Sableye\n|-damage|p1a: Sableye|71\/100\n|move|p1a: Sableye|Knock Off|p2a: Tapu Koko\n|-resisted|p2a: Tapu Koko\n|-damage|p2a: Tapu Koko|65\/100 brn\n|\n|-damage|p2a: Tapu Koko|59\/100 brn|[from] brn\n|upkeep\n|turn|15\n|j| Inaphyt\n|\n|move|p2a: Tapu Koko|Thunderbolt|p1a: Sableye\n|-damage|p1a: Sableye|43\/100\n|move|p1a: Sableye|Knock Off|p2a: Tapu Koko\n|-resisted|p2a: Tapu Koko\n|-damage|p2a: Tapu Koko|47\/100 brn\n|\n|-damage|p2a: Tapu Koko|41\/100 brn|[from] brn\n|upkeep\n|turn|16\n|\n|move|p2a: Tapu Koko|Roost|p2a: Tapu Koko\n|-heal|p2a: Tapu Koko|91\/100 brn\n|-singleturn|p2a: Tapu Koko|move: Roost\n|move|p1a: Sableye|Recover|p1a: Sableye\n|-heal|p1a: Sableye|93\/100\n|\n|-damage|p2a: Tapu Koko|85\/100 brn|[from] brn\n|upkeep\n|turn|17\n|\n|move|p1a: Sableye|Protect|p1a: Sableye\n|-singleturn|p1a: Sableye|Protect\n|move|p2a: Tapu Koko|Hidden Power|p1a: Sableye\n|-activate|p1a: Sableye|move: Protect\n|\n|-damage|p2a: Tapu Koko|79\/100 brn|[from] brn\n|upkeep\n|turn|18\n|\n|move|p2a: Tapu Koko|Thunderbolt|p1a: Sableye\n|-damage|p1a: Sableye|64\/100\n|move|p1a: Sableye|Knock Off|p2a: Tapu Koko\n|-resisted|p2a: Tapu Koko\n|-damage|p2a: Tapu Koko|67\/100 brn\n|\n|-damage|p2a: Tapu Koko|61\/100 brn|[from] brn\n|upkeep\n|turn|19\n|\n|move|p1a: Sableye|Protect|p1a: Sableye\n|-singleturn|p1a: Sableye|Protect\n|move|p2a: Tapu Koko|Hidden Power|p1a: Sableye\n|-activate|p1a: Sableye|move: Protect\n|\n|-damage|p2a: Tapu Koko|55\/100 brn|[from] brn\n|upkeep\n|turn|20\n|c| Ninjamanatee200|Stall is so gay\n|j| big miike\n|\n|move|p2a: Tapu Koko|Thunderbolt|p1a: Sableye\n|-damage|p1a: Sableye|38\/100\n|move|p1a: Sableye|Recover|p1a: Sableye\n|-heal|p1a: Sableye|88\/100\n|\n|-damage|p2a: Tapu Koko|49\/100 brn|[from] brn\n|upkeep\n|turn|21\n|\n|move|p2a: Tapu Koko|Roost|p2a: Tapu Koko\n|-heal|p2a: Tapu Koko|99\/100 brn\n|-singleturn|p2a: Tapu Koko|move: Roost\n|move|p1a: Sableye|Knock Off|p2a: Tapu Koko\n|-resisted|p2a: Tapu Koko\n|-damage|p2a: Tapu Koko|87\/100 brn\n|\n|-damage|p2a: Tapu Koko|81\/100 brn|[from] brn\n|upkeep\n|turn|22\n|c| big miike|agreed\n|\n|move|p2a: Tapu Koko|Hidden Power|p1a: Sableye\n|-damage|p1a: Sableye|75\/100\n|move|p1a: Sableye|Knock Off|p2a: Tapu Koko\n|-resisted|p2a: Tapu Koko\n|-damage|p2a: Tapu Koko|70\/100 brn\n|\n|-damage|p2a: Tapu Koko|64\/100 brn|[from] brn\n|upkeep\n|turn|23\n|\n|switch|p2a: Tangrowth|Tangrowth, F|100\/100\n|move|p1a: Sableye|Protect||[still]\n|-fail|p1a: Sableye\n|\n|upkeep\n|turn|24\n|\n|switch|p2a: Tapu Koko|Tapu Koko|64\/100 brn\n|-fieldstart|move: Electric Terrain|[from] ability: Electric Surge|[of] p2a: Tapu Koko\n|move|p1a: Sableye|Knock Off|p2a: Tapu Koko\n|-resisted|p2a: Tapu Koko\n|-damage|p2a: Tapu Koko|51\/100 brn\n|\n|-damage|p2a: Tapu Koko|45\/100 brn|[from] brn\n|upkeep\n|turn|25\n|\n|switch|p1a: Chansey|Chansey, F|100\/100\n|move|p2a: Tapu Koko|Thunderbolt|p1a: Chansey\n|-damage|p1a: Chansey|84\/100\n|\n|-damage|p2a: Tapu Koko|39\/100 brn|[from] brn\n|upkeep\n|turn|26\n|\n|move|p2a: Tapu Koko|Roost|p2a: Tapu Koko\n|-heal|p2a: Tapu Koko|90\/100 brn\n|-singleturn|p2a: Tapu Koko|move: Roost\n|move|p1a: Chansey|Seismic Toss|p2a: Tapu Koko\n|-damage|p2a: Tapu Koko|57\/100 brn\n|\n|-damage|p2a: Tapu Koko|51\/100 brn|[from] brn\n|upkeep\n|turn|27\n|\n|move|p2a: Tapu Koko|U-turn|p1a: Chansey\n|-damage|p1a: Chansey|79\/100\n|\n|switch|p2a: Excadrill|Excadrill, M|100\/100|[from]move: U-turn\n|move|p1a: Chansey|Stealth Rock|p2a: Excadrill\n|-sidestart|p2: sannoh kogyo|move: Stealth Rock\n|\n|upkeep\n|turn|28\n|\n|switch|p1a: Skarmory|Skarmory, M|100\/100\n|move|p2a: Excadrill|Stealth Rock|p1a: Skarmory\n|-sidestart|p1: JoeyOwesMeMoney|move: Stealth Rock\n|\n|-fieldend|move: Electric Terrain\n|upkeep\n|turn|29\n|j|\u203dhypervortexreturns\n|\n|switch|p2a: Tangrowth|Tangrowth, F|100\/100\n|-damage|p2a: Tangrowth|88\/100|[from] Stealth Rock\n|move|p1a: Skarmory|Spikes|p2a: Tangrowth\n|-sidestart|p2: sannoh kogyo|Spikes\n|\n|upkeep\n|turn|30\n|\n|move|p1a: Skarmory|Spikes|p2a: Tangrowth\n|-sidestart|p2: sannoh kogyo|Spikes\n|move|p2a: Tangrowth|Knock Off|p1a: Skarmory\n|-damage|p1a: Skarmory|88\/100\n|-damage|p2a: Tangrowth|72\/100|[from] item: Rocky Helmet|[of] p1a: Skarmory\n|-enditem|p1a: Skarmory|Rocky Helmet|[from] move: Knock Off|[of] p2a: Tangrowth\n|\n|upkeep\n|turn|31\n|\n|move|p1a: Skarmory|Spikes|p2a: Tangrowth\n|-sidestart|p2: sannoh kogyo|Spikes\n|move|p2a: Tangrowth|Sleep Powder|p1a: Skarmory\n|-status|p1a: Skarmory|slp|[from] move: Sleep Powder\n|\n|upkeep\n|turn|32\n|\n|switch|p1a: Sableye|Sableye-Mega, M|75\/100\n|-damage|p1a: Sableye|63\/100|[from] Stealth Rock\n|move|p2a: Tangrowth|Hidden Power|p1a: Sableye\n|-damage|p1a: Sableye|51\/100\n|\n|upkeep\n|turn|33\n|j|@bobochan\n|\n|move|p2a: Tangrowth|Giga Drain|p1a: Sableye\n|-crit|p1a: Sableye\n|-damage|p1a: Sableye|21\/100\n|-heal|p2a: Tangrowth|83\/100|[from] drain|[of] p1a: Sableye\n|move|p1a: Sableye|Recover|p1a: Sableye\n|-heal|p1a: Sableye|71\/100\n|\n|upkeep\n|turn|34\n|l|@bobochan\n|\n|move|p2a: Tangrowth|Giga Drain|p1a: Sableye\n|-damage|p1a: Sableye|52\/100\n|-heal|p2a: Tangrowth|91\/100|[from] drain|[of] p1a: Sableye\n|move|p1a: Sableye|Recover|p1a: Sableye\n|-heal|p1a: Sableye|100\/100\n|\n|upkeep\n|turn|35\n|c| Inaphyt|i would forfeit and then reconsider how much i like pokemon if i was sannoh\n|\n|move|p2a: Tangrowth|Hidden Power|p1a: Sableye\n|-crit|p1a: Sableye\n|-damage|p1a: Sableye|83\/100\n|move|p1a: Sableye|Knock Off|p2a: Tangrowth\n|-damage|p2a: Tangrowth|75\/100\n|-damage|p1a: Sableye|67\/100|[from] item: Rocky Helmet|[of] p2a: Tangrowth\n|-enditem|p2a: Tangrowth|Rocky Helmet|[from] move: Knock Off|[of] p1a: Sableye\n|\n|upkeep\n|turn|36\n|c| Inaphyt|and then i would consider how much i hate people in general\n|c|\u2606sannoh kogyo|i['ll win this\n|l| yiailu\n|c|\u2606sannoh kogyo|but the time it takes is annoying yes.\n|c| Inaphyt|\/\/muteself\n|\n|move|p2a: Tangrowth|Giga Drain|p1a: Sableye\n|-damage|p1a: Sableye|45\/100\n|-heal|p2a: Tangrowth|83\/100|[from] drain|[of] p1a: Sableye\n|move|p1a: Sableye|Recover|p1a: Sableye\n|-heal|p1a: Sableye|96\/100\n|\n|upkeep\n|turn|37\n|\n|switch|p1a: Toxapex|Toxapex, F|100\/100\n|-damage|p1a: Toxapex|88\/100|[from] Stealth Rock\n|move|p2a: Tangrowth|Hidden Power|p1a: Toxapex\n|-resisted|p1a: Toxapex\n|-damage|p1a: Toxapex|82\/100\n|\n|-heal|p1a: Toxapex|88\/100|[from] item: Black Sludge\n|upkeep\n|turn|38\n|\n|switch|p2a: Tentacruel|Tentacruel, M|100\/100\n|-damage|p2a: Tentacruel|76\/100|[from] Spikes\n|-damage|p2a: Tentacruel|63\/100|[from] Stealth Rock\n|move|p1a: Toxapex|Toxic Spikes|p2a: Tentacruel\n|-sidestart|p2: sannoh kogyo|move: Toxic Spikes\n|\n|-heal|p1a: Toxapex|94\/100|[from] item: Black Sludge\n|upkeep\n|turn|39\n|\n|switch|p2a: Excadrill|Excadrill, M|100\/100\n|-damage|p2a: Excadrill|97\/100|[from] Stealth Rock\n|-damage|p2a: Excadrill|73\/100|[from] Spikes\n|switch|p1a: Sableye|Sableye-Mega, M|96\/100\n|-damage|p1a: Sableye|83\/100|[from] Stealth Rock\n|\n|upkeep\n|turn|40\n|\n|-zpower|p2a: Excadrill\n|move|p2a: Excadrill|Tectonic Rage|p1a: Sableye|[zeffect]\n|-damage|p1a: Sableye|0 fnt\n|faint|p1a: Sableye\n|\n|upkeep\n|c| Inaphyt|gg\n|c| Inaphyt|i stand corrected\n|c|\u2606sannoh kogyo|indeed.\n|c| Ninjamanatee200|YES\n|j| judang\n|inactive|Battle timer is ON: inactive players will automatically lose when time's up. (requested by sannoh kogyo)\n|\n|switch|p1a: Magnezone|Magnezone|100\/100\n|-damage|p1a: Magnezone|94\/100|[from] Stealth Rock\n|turn|41\n|\n|switch|p1a: Skarmory|Skarmory, M|88\/100 slp\n|-damage|p1a: Skarmory|75\/100 slp|[from] Stealth Rock\n|move|p2a: Excadrill|Earthquake|p1a: Skarmory\n|-immune|p1a: Skarmory\n|\n|upkeep\n|turn|42\n|\n|move|p2a: Excadrill|Swords Dance|p2a: Excadrill\n|-boost|p2a: Excadrill|atk|2\n|cant|p1a: Skarmory|slp\n|\n|upkeep\n|turn|43\n|\n|move|p2a: Excadrill|Swords Dance|p2a: Excadrill\n|-boost|p2a: Excadrill|atk|2\n|cant|p1a: Skarmory|slp\n|\n|upkeep\n|turn|44\n|\n|move|p2a: Excadrill|Iron Head|p1a: Skarmory\n|-resisted|p1a: Skarmory\n|-damage|p1a: Skarmory|34\/100 slp\n|cant|p1a: Skarmory|slp\n|\n|upkeep\n|turn|45\n|c| big miike|nice\n|c| Inaphyt|god - i also hate stall - lucifer stalled - cough\n|inactive|JoeyOwesMeMoney has 120 seconds left.\n|c| big miike|get rekt stall nerd\n|inactive|JoeyOwesMeMoney has 90 seconds left.\n|c|\u2606sannoh kogyo|move dude\n|n| Kate Upton Is Bae|xtalonflamex\n|inactive|JoeyOwesMeMoney has 60 seconds left.\n|c| Inaphyt|i'm talking big from the stand if i was joey i would be shook lowkey\n|c| Inaphyt|that tectonic rage would have sent me into a spiral of depression\n|inactive|JoeyOwesMeMoney has 30 seconds left.\n|c| big miike|hes already in a spiral of depression if hes using stall\n|c|\u2606sannoh kogyo|lol\n|inactive|JoeyOwesMeMoney has 20 seconds left.\n|c|\u2606sannoh kogyo|all good points\n|inactive|JoeyOwesMeMoney has 15 seconds left.\n|inactive|JoeyOwesMeMoney has 10 seconds left.\n|inactive|JoeyOwesMeMoney has 5 seconds left.\n|-message|JoeyOwesMeMoney lost due to inactivity.\n|\n|win|sannoh kogyo\n|c|\u2606sannoh kogyo|or maybe hes in a depression because joey owes him money\n|l| big miike\n|raw|JoeyOwesMeMoney's rating: 1800 &rarr; <strong>1780<\/strong><br \/>(-20 for losing)\n|raw|sannoh kogyo's rating: 1797 &rarr; <strong>1817<\/strong><br \/>(+20 for winning)\n|l|\u2606sannoh kogyo\n|l| Ninjamanatee200\n|j|\u2606sannoh kogyo\n|player|p2|sannoh kogyo|lusamine-nihilego\n","uploadtime":1566540649,"views":37,"p1id":"joeyowesmemoney","p2id":"sannohkogyo","formatid":"gen7ou","rating":1780,"private":0,"password":null}