{"id":"gen7ou-1007504723","p1":"hauntersnightmare","p2":"trolling tyranitar","format":"gen7ou","log":"|j|\u2606hauntersnightmare\n|j|\u2606trolling tyranitar\n|player|p1|hauntersnightmare|169|1385\n|player|p2|trolling tyranitar|169|1391\n|teamsize|p1|6\n|teamsize|p2|6\n|gametype|singles\n|gen|7\n|tier|[Gen 7] OU\n|rated|\n|rule|Sleep Clause Mod: Limit one foe put to sleep\n|rule|Species Clause: Limit one of each Pok\u00e9mon\n|rule|OHKO Clause: OHKO moves are banned\n|rule|Moody Clause: Moody is banned\n|rule|Evasion Moves Clause: Evasion moves are banned\n|rule|Endless Battle Clause: Forcing endless battles is banned\n|rule|HP Percentage Mod: HP is shown in percentages\n|clearpoke\n|poke|p1|Mawile, F|item\n|poke|p1|Greninja, M|item\n|poke|p1|Ferrothorn, F|item\n|poke|p1|Slowbro, F|item\n|poke|p1|Gliscor, F|item\n|poke|p1|Heatran, M|item\n|poke|p2|Blacephalon|item\n|poke|p2|Landorus-Therian, M|item\n|poke|p2|Greninja, M|item\n|poke|p2|Volcarona, F|item\n|poke|p2|Toxapex, M|item\n|poke|p2|Zeraora|item\n|teampreview\n|inactive|Battle timer is ON: inactive players will automatically lose when time's up. (requested by trolling tyranitar)\n|\n|start\n|switch|p1a: Greninja|Greninja, M|100\/100\n|switch|p2a: Greninja|Greninja, M|100\/100\n|turn|1\n|\n|switch|p2a: Volcarona|Volcarona, F|100\/100\n|switch|p1a: Ferrothorn|Ferrothorn, F|100\/100\n|\n|upkeep\n|turn|2\n|\n|switch|p1a: Heatran|Heatran, M|100\/100\n|move|p2a: Volcarona|Quiver Dance|p2a: Volcarona\n|-boost|p2a: Volcarona|spa|1\n|-boost|p2a: Volcarona|spd|1\n|-boost|p2a: Volcarona|spe|1\n|\n|upkeep\n|turn|3\n|\n|move|p2a: Volcarona|Quiver Dance|p2a: Volcarona\n|-boost|p2a: Volcarona|spa|1\n|-boost|p2a: Volcarona|spd|1\n|-boost|p2a: Volcarona|spe|1\n|move|p1a: Heatran|Magma Storm|p2a: Volcarona\n|-damage|p2a: Volcarona|73\/100\n|-activate|p2a: Volcarona|move: Magma Storm|[of] p1a: Heatran\n|\n|-damage|p2a: Volcarona|61\/100|[from] move: Magma Storm|[partiallytrapped]\n|upkeep\n|turn|4\n|\n|switch|p1a: Greninja|Greninja, M|100\/100\n|move|p2a: Volcarona|Hidden Power|p1a: Greninja\n|-crit|p1a: Greninja\n|-damage|p1a: Greninja|0 fnt\n|faint|p1a: Greninja\n|\n|-end|p2a: Volcarona|Magma Storm|[partiallytrapped]|[silent]\n|upkeep\n|\n|switch|p1a: Mawile|Mawile, F|100\/100\n|-ability|p1a: Mawile|Intimidate|boost\n|-unboost|p2a: Volcarona|atk|1\n|turn|5\n|\n|detailschange|p1a: Mawile|Mawile-Mega, F\n|-mega|p1a: Mawile|Mawile|Mawilite\n|move|p1a: Mawile|Sucker Punch|p2a: Volcarona\n|-damage|p2a: Volcarona|0 fnt\n|faint|p2a: Volcarona\n|\n|upkeep\n|\n|switch|p2a: Landorus|Landorus-Therian, M|100\/100\n|-ability|p2a: Landorus|Intimidate|boost\n|-unboost|p1a: Mawile|atk|1\n|turn|6\n|\n|switch|p1a: Gliscor|Gliscor, F|100\/100\n|move|p2a: Landorus|Knock Off|p1a: Gliscor\n|-damage|p1a: Gliscor|70\/100\n|-enditem|p1a: Gliscor|Toxic Orb|[from] move: Knock Off|[of] p2a: Landorus\n|\n|upkeep\n|turn|7\n|\n|switch|p2a: Zeraora|Zeraora|100\/100\n|move|p1a: Gliscor|Knock Off|p2a: Zeraora\n|-damage|p2a: Zeraora|66\/100\n|-enditem|p2a: Zeraora|Focus Sash|[from] move: Knock Off|[of] p1a: Gliscor\n|\n|upkeep\n|turn|8\n|\n|switch|p1a: Ferrothorn|Ferrothorn, F|100\/100\n|move|p2a: Zeraora|Hidden Power|p1a: Ferrothorn\n|-damage|p1a: Ferrothorn|91\/100\n|\n|-heal|p1a: Ferrothorn|98\/100|[from] item: Leftovers\n|upkeep\n|turn|9\n|\n|switch|p1a: Slowbro|Slowbro, F|100\/100\n|move|p2a: Zeraora|Close Combat|p1a: Slowbro\n|-resisted|p1a: Slowbro\n|-damage|p1a: Slowbro|90\/100\n|-unboost|p2a: Zeraora|def|1\n|-unboost|p2a: Zeraora|spd|1\n|\n|upkeep\n|turn|10\n|\n|move|p2a: Zeraora|Plasma Fists|p1a: Slowbro\n|-supereffective|p1a: Slowbro\n|-damage|p1a: Slowbro|29\/100\n|-fieldactivate|move: Ion Deluge\n|move|p1a: Slowbro|Counter|p2a: Zeraora\n|-damage|p2a: Zeraora|0 fnt\n|faint|p2a: Zeraora\n|\n|upkeep\n|\n|switch|p2a: Blacephalon|Blacephalon|100\/100\n|turn|11\n|\n|switch|p1a: Gliscor|Gliscor, F|70\/100\n|move|p2a: Blacephalon|Shadow Ball|p1a: Gliscor\n|-damage|p1a: Gliscor|19\/100\n|\n|upkeep\n|turn|12\n|\n|move|p2a: Blacephalon|Shadow Ball|p1a: Gliscor\n|-damage|p1a: Gliscor|0 fnt\n|faint|p1a: Gliscor\n|-ability|p2a: Blacephalon|Beast Boost|boost\n|-boost|p2a: Blacephalon|spa|1\n|\n|upkeep\n|\n|switch|p1a: Heatran|Heatran, M|100\/100\n|turn|13\n|\n|switch|p2a: Greninja|Greninja, M|100\/100\n|move|p1a: Heatran|Earth Power|p2a: Greninja\n|-damage|p2a: Greninja|49\/100\n|\n|upkeep\n|turn|14\n|\n|switch|p1a: Ferrothorn|Ferrothorn, F|98\/100\n|move|p2a: Greninja|Dark Pulse|p1a: Ferrothorn\n|-damage|p1a: Ferrothorn|66\/100\n|-damage|p2a: Greninja|39\/100|[from] item: Life Orb\n|\n|-heal|p1a: Ferrothorn|72\/100|[from] item: Leftovers\n|upkeep\n|turn|15\n|\n|move|p2a: Greninja|Taunt|p1a: Ferrothorn\n|-start|p1a: Ferrothorn|move: Taunt\n|cant|p1a: Ferrothorn|move: Taunt|Leech Seed\n|\n|-heal|p1a: Ferrothorn|78\/100|[from] item: Leftovers\n|upkeep\n|turn|16\n|\n|move|p2a: Greninja|Dark Pulse|p1a: Ferrothorn\n|-damage|p1a: Ferrothorn|48\/100\n|-damage|p2a: Greninja|29\/100|[from] item: Life Orb\n|move|p1a: Ferrothorn|Gyro Ball|p2a: Greninja\n|-resisted|p2a: Greninja\n|-damage|p2a: Greninja|0 fnt\n|faint|p2a: Greninja\n|\n|-heal|p1a: Ferrothorn|54\/100|[from] item: Leftovers\n|upkeep\n|\n|switch|p2a: Landorus|Landorus-Therian, M|100\/100\n|-ability|p2a: Landorus|Intimidate|boost\n|-unboost|p1a: Ferrothorn|atk|1\n|turn|17\n|\n|switch|p1a: Slowbro|Slowbro, F|62\/100\n|move|p2a: Landorus|Earthquake|p1a: Slowbro\n|-damage|p1a: Slowbro|26\/100\n|\n|upkeep\n|turn|18\n|\n|switch|p1a: Ferrothorn|Ferrothorn, F|54\/100\n|move|p2a: Landorus|Knock Off|p1a: Ferrothorn\n|-damage|p1a: Ferrothorn|24\/100\n|-damage|p2a: Landorus|88\/100|[from] ability: Iron Barbs|[of] p1a: Ferrothorn\n|-enditem|p1a: Ferrothorn|Leftovers|[from] move: Knock Off|[of] p2a: Landorus\n|\n|upkeep\n|turn|19\n|\n|move|p2a: Landorus|Earthquake|p1a: Ferrothorn\n|-damage|p1a: Ferrothorn|0 fnt\n|faint|p1a: Ferrothorn\n|\n|upkeep\n|\n|switch|p1a: Slowbro|Slowbro, F|59\/100\n|turn|20\n|\n|switch|p2a: Toxapex|Toxapex, M|100\/100\n|move|p1a: Slowbro|Slack Off|p1a: Slowbro\n|-heal|p1a: Slowbro|100\/100\n|\n|upkeep\n|turn|21\n|\n|switch|p1a: Heatran|Heatran, M|100\/100\n|move|p2a: Toxapex|Toxic|p1a: Heatran\n|-immune|p1a: Heatran\n|\n|upkeep\n|turn|22\n|\n|move|p1a: Heatran|Magma Storm|p2a: Toxapex\n|-resisted|p2a: Toxapex\n|-damage|p2a: Toxapex|77\/100\n|-activate|p2a: Toxapex|move: Magma Storm|[of] p1a: Heatran\n|move|p2a: Toxapex|Scald|p1a: Heatran\n|-supereffective|p1a: Heatran\n|-damage|p1a: Heatran|68\/100\n|\n|-heal|p2a: Toxapex|83\/100|[from] item: Black Sludge\n|-damage|p2a: Toxapex|71\/100|[from] move: Magma Storm|[partiallytrapped]\n|upkeep\n|turn|23\n|\n|move|p1a: Heatran|Earth Power|p2a: Toxapex\n|-supereffective|p2a: Toxapex\n|-damage|p2a: Toxapex|19\/100\n|move|p2a: Toxapex|Recover|p2a: Toxapex\n|-heal|p2a: Toxapex|69\/100\n|\n|-heal|p2a: Toxapex|75\/100|[from] item: Black Sludge\n|-damage|p2a: Toxapex|62\/100|[from] move: Magma Storm|[partiallytrapped]\n|upkeep\n|turn|24\n|\n|move|p1a: Heatran|Stealth Rock|p2a: Toxapex\n|-sidestart|p2: trolling tyranitar|move: Stealth Rock\n|move|p2a: Toxapex|Recover|p2a: Toxapex\n|-heal|p2a: Toxapex|100\/100\n|\n|-damage|p2a: Toxapex|88\/100|[from] move: Magma Storm|[partiallytrapped]\n|upkeep\n|turn|25\n|\n|move|p1a: Heatran|Earth Power|p2a: Toxapex\n|-supereffective|p2a: Toxapex\n|-damage|p2a: Toxapex|32\/100\n|move|p2a: Toxapex|Scald|p1a: Heatran\n|-supereffective|p1a: Heatran\n|-damage|p1a: Heatran|37\/100\n|\n|-heal|p2a: Toxapex|38\/100|[from] item: Black Sludge\n|-damage|p2a: Toxapex|26\/100|[from] move: Magma Storm|[partiallytrapped]\n|upkeep\n|turn|26\n|\n|move|p1a: Heatran|Earth Power|p2a: Toxapex\n|-supereffective|p2a: Toxapex\n|-damage|p2a: Toxapex|0 fnt\n|faint|p2a: Toxapex\n|\n|upkeep\n|\n|switch|p2a: Landorus|Landorus-Therian, M|88\/100\n|-damage|p2a: Landorus|76\/100|[from] Stealth Rock\n|-ability|p2a: Landorus|Intimidate|boost\n|-unboost|p1a: Heatran|atk|1\n|turn|27\n|inactive|hauntersnightmare has 120 seconds left.\n|\n|move|p2a: Landorus|Earthquake|p1a: Heatran\n|-supereffective|p1a: Heatran\n|-damage|p1a: Heatran|0 fnt\n|faint|p1a: Heatran\n|\n|upkeep\n|\n|switch|p1a: Slowbro|Slowbro, F|100\/100\n|turn|28\n|\n|move|p2a: Landorus|Defog|p1a: Slowbro\n|-unboost|p1a: Slowbro|evasion|1\n|-sideend|p2: trolling tyranitar|Stealth Rock|[from] move: Defog|[of] p2a: Landorus\n|move|p1a: Slowbro|Toxic|p2a: Landorus|[miss]\n|-miss|p1a: Slowbro|p2a: Landorus\n|\n|upkeep\n|turn|29\n|\n|move|p2a: Landorus|Knock Off|p1a: Slowbro\n|-supereffective|p1a: Slowbro\n|-enditem|p1a: Slowbro|Colbur Berry|[eat]\n|-enditem|p1a: Slowbro|Colbur Berry|[weaken]\n|-damage|p1a: Slowbro|78\/100\n|move|p1a: Slowbro|Toxic|p2a: Landorus\n|-status|p2a: Landorus|tox\n|\n|-damage|p2a: Landorus|70\/100 tox|[from] psn\n|upkeep\n|turn|30\n|inactive|hauntersnightmare has 120 seconds left.\n|\n|switch|p2a: Blacephalon|Blacephalon|100\/100\n|move|p1a: Slowbro|Slack Off|p1a: Slowbro\n|-heal|p1a: Slowbro|100\/100\n|\n|upkeep\n|turn|31\n|inactive|hauntersnightmare has 120 seconds left.\n|\n|switch|p1a: Mawile|Mawile-Mega, F|100\/100\n|move|p2a: Blacephalon|Shadow Ball|p1a: Mawile\n|-damage|p1a: Mawile|34\/100\n|\n|upkeep\n|turn|32\n|\n|switch|p2a: Landorus|Landorus-Therian, M|70\/100 tox\n|-ability|p2a: Landorus|Intimidate|boost\n|-unboost|p1a: Mawile|atk|1\n|move|p1a: Mawile|Play Rough|p2a: Landorus\n|-damage|p2a: Landorus|4\/100 tox\n|\n|-damage|p2a: Landorus|0 fnt|[from] psn\n|faint|p2a: Landorus\n|upkeep\n|\n|switch|p2a: Blacephalon|Blacephalon|100\/100\n|turn|33\n|-message|trolling tyranitar forfeited.\n|\n|win|hauntersnightmare\n|l|\u2606trolling tyranitar\n|raw|hauntersnightmare's rating: 1406 &rarr; <strong>1424<\/strong><br \/>(+18 for winning)\n|raw|trolling tyranitar's rating: 1369 &rarr; <strong>1351<\/strong><br \/>(-18 for losing)\n","uploadtime":1573431173,"views":1,"p1id":"hauntersnightmare","p2id":"trollingtyranitar","formatid":"gen7ou","rating":1351,"private":0,"password":null}