{"id":"gen7ou-1070941567","p1":"Grc111","p2":"Shardul888","format":"gen7ou","log":"|j|\u203dGrc111\n|j|\u2606Shardul888\n|player|p1|Grc111|2|1824\n|player|p2|Shardul888|palmer|1682\n|teamsize|p1|6\n|teamsize|p2|6\n|gametype|singles\n|gen|7\n|tier|[Gen 7] OU\n|rated|\n|clearpoke\n|poke|p1|Garchomp, F|item\n|poke|p1|Magearna|item\n|poke|p1|Scizor, F|item\n|poke|p1|Hoopa-Unbound|item\n|poke|p1|Tapu Lele|item\n|poke|p1|Keldeo-Resolute|item\n|poke|p2|Venusaur, F|item\n|poke|p2|Dragonite, M|item\n|poke|p2|Magearna|item\n|poke|p2|Toxapex, F|item\n|poke|p2|Gliscor, M|item\n|poke|p2|Entei|item\n|rule|Sleep Clause Mod: Limit one foe put to sleep\n|rule|Species Clause: Limit one of each Pok\u00e9mon\n|rule|OHKO Clause: OHKO moves are banned\n|rule|Moody Clause: Moody is banned\n|rule|Evasion Moves Clause: Evasion moves are banned\n|rule|Endless Battle Clause: Forcing endless battles is banned\n|rule|HP Percentage Mod: HP is shown in percentages\n|teampreview\n|inactive|Battle timer is ON: inactive players will automatically lose when time's up. (requested by Shardul888)\n|\n|start\n|switch|p1a: Scizor|Scizor, F|100\/100\n|switch|p2a: Wonder Woman|Magearna|100\/100\n|turn|1\n|\n|switch|p2a: Captain America|Venusaur, F|100\/100\n|detailschange|p1a: Scizor|Scizor-Mega, F\n|-mega|p1a: Scizor|Scizor|Scizorite\n|move|p1a: Scizor|Bullet Punch|p2a: Captain America\n|-damage|p2a: Captain America|73\/100\n|\n|upkeep\n|turn|2\n|\n|switch|p1a: Garchomp|Garchomp, F|100\/100\n|detailschange|p2a: Captain America|Venusaur-Mega, F\n|-mega|p2a: Captain America|Venusaur|Venusaurite\n|move|p2a: Captain America|Leech Seed|p1a: Garchomp\n|-start|p1a: Garchomp|move: Leech Seed\n|\n|-damage|p1a: Garchomp|88\/100|[from] Leech Seed|[of] p2a: Captain America\n|-heal|p2a: Captain America|85\/100|[silent]\n|upkeep\n|turn|3\n|\n|move|p1a: Garchomp|Stealth Rock|p2a: Captain America\n|-sidestart|p2: Shardul888|move: Stealth Rock\n|move|p2a: Captain America|Giga Drain|p1a: Garchomp\n|-damage|p1a: Garchomp|54\/100\n|-heal|p2a: Captain America|100\/100|[from] drain|[of] p1a: Garchomp\n|\n|-damage|p1a: Garchomp|42\/100|[from] Leech Seed|[of] p2a: Captain America\n|upkeep\n|turn|4\n|\n|switch|p1a: Scizor|Scizor-Mega, F|100\/100\n|switch|p2a: Spider-man|Gliscor, M|100\/100\n|-damage|p2a: Spider-man|88\/100|[from] Stealth Rock\n|\n|-status|p2a: Spider-man|tox|[from] item: Toxic Orb\n|upkeep\n|turn|5\n|inactive|Grc111 has 120 seconds left.\n|\n|move|p2a: Spider-man|Defog|p1a: Scizor\n|-unboost|p1a: Scizor|evasion|1\n|-sideend|p2: Shardul888|Stealth Rock|[from] move: Defog|[of] p2a: Spider-man\n|move|p1a: Scizor|U-turn|p2a: Spider-man\n|-resisted|p2a: Spider-man\n|-damage|p2a: Spider-man|76\/100 tox\n|inactive|Grc111 has 120 seconds left.\n|\n|switch|p1a: Keldeo|Keldeo-Resolute|100\/100|[from]move: U-turn\n|\n|-heal|p2a: Spider-man|89\/100 tox|[from] ability: Poison Heal\n|upkeep\n|turn|6\n|\n|switch|p1a: Garchomp|Garchomp, F|42\/100\n|move|p2a: Spider-man|Protect||[still]\n|-fail|p2a: Spider-man\n|\n|-heal|p2a: Spider-man|100\/100 tox|[from] ability: Poison Heal\n|upkeep\n|turn|7\n|\n|move|p1a: Garchomp|Stealth Rock|p2a: Spider-man\n|-sidestart|p2: Shardul888|move: Stealth Rock\n|move|p2a: Spider-man|Toxic|p1a: Garchomp\n|-status|p1a: Garchomp|tox\n|\n|-damage|p1a: Garchomp|36\/100 tox|[from] psn\n|upkeep\n|turn|8\n|\n|switch|p1a: Keldeo|Keldeo-Resolute|100\/100\n|move|p2a: Spider-man|Defog|p1a: Keldeo\n|-unboost|p1a: Keldeo|evasion|1\n|-sideend|p2: Shardul888|Stealth Rock|[from] move: Defog|[of] p2a: Spider-man\n|\n|upkeep\n|turn|9\n|\n|switch|p1a: Garchomp|Garchomp, F|36\/100 tox\n|switch|p2a: Black Widow|Toxapex, F, shiny|100\/100\n|\n|-damage|p1a: Garchomp|30\/100 tox|[from] psn\n|upkeep\n|turn|10\n|\n|switch|p2a: Spider-man|Gliscor, M|100\/100 tox\n|move|p1a: Garchomp|Swords Dance|p1a: Garchomp\n|-boost|p1a: Garchomp|atk|2\n|\n|-damage|p1a: Garchomp|17\/100 tox|[from] psn\n|upkeep\n|turn|11\n|\n|move|p2a: Spider-man|Protect|p2a: Spider-man\n|-singleturn|p2a: Spider-man|Protect\n|move|p1a: Garchomp|Stealth Rock|p2a: Spider-man\n|-sidestart|p2: Shardul888|move: Stealth Rock\n|\n|-damage|p1a: Garchomp|0 fnt|[from] psn\n|faint|p1a: Garchomp\n|upkeep\n|\n|switch|p1a: Keldeo|Keldeo-Resolute|100\/100\n|turn|12\n|\n|switch|p2a: Black Widow|Toxapex, F, shiny|100\/100\n|-damage|p2a: Black Widow|88\/100|[from] Stealth Rock\n|move|p1a: Keldeo|Surf|p2a: Black Widow\n|-resisted|p2a: Black Widow\n|-damage|p2a: Black Widow|72\/100\n|\n|-heal|p2a: Black Widow|78\/100|[from] item: Black Sludge\n|upkeep\n|turn|13\n|\n|switch|p1a: Tapu Lele|Tapu Lele|100\/100\n|-fieldstart|move: Psychic Terrain|[from] ability: Psychic Surge|[of] p1a: Tapu Lele\n|move|p2a: Black Widow|Scald|p1a: Tapu Lele\n|-damage|p1a: Tapu Lele|81\/100\n|-status|p1a: Tapu Lele|brn\n|\n|-heal|p2a: Black Widow|84\/100|[from] item: Black Sludge\n|-damage|p1a: Tapu Lele|75\/100 brn|[from] brn\n|upkeep\n|turn|14\n|\n|move|p2a: Black Widow|Baneful Bunker|p2a: Black Widow\n|-singleturn|p2a: Black Widow|move: Protect\n|move|p1a: Tapu Lele|Calm Mind|p1a: Tapu Lele\n|-boost|p1a: Tapu Lele|spa|1\n|-boost|p1a: Tapu Lele|spd|1\n|\n|-heal|p2a: Black Widow|90\/100|[from] item: Black Sludge\n|-damage|p1a: Tapu Lele|69\/100 brn|[from] brn\n|upkeep\n|turn|15\n|\n|switch|p2a: Wonder Woman|Magearna|100\/100\n|-damage|p2a: Wonder Woman|94\/100|[from] Stealth Rock\n|move|p1a: Tapu Lele|Psyshock|p2a: Wonder Woman\n|-resisted|p2a: Wonder Woman\n|-damage|p2a: Wonder Woman|58\/100\n|\n|-damage|p1a: Tapu Lele|63\/100 brn|[from] brn\n|upkeep\n|turn|16\n|\n|move|p1a: Tapu Lele|Hidden Power|p2a: Wonder Woman\n|-supereffective|p2a: Wonder Woman\n|-damage|p2a: Wonder Woman|5\/100\n|-enditem|p2a: Wonder Woman|Aguav Berry|[eat]\n|-heal|p2a: Wonder Woman|55\/100|[from] item: Aguav Berry\n|move|p2a: Wonder Woman|Flash Cannon|p1a: Tapu Lele\n|-supereffective|p1a: Tapu Lele\n|-damage|p1a: Tapu Lele|5\/100 brn\n|\n|-damage|p1a: Tapu Lele|0 fnt|[from] brn\n|faint|p1a: Tapu Lele\n|-ability|p2a: Wonder Woman|Soul-Heart|boost\n|-boost|p2a: Wonder Woman|spa|1\n|upkeep\n|\n|switch|p1a: Hoopa|Hoopa-Unbound|100\/100\n|turn|17\n|\n|move|p1a: Hoopa|Psychic|p2a: Wonder Woman\n|-resisted|p2a: Wonder Woman\n|-damage|p2a: Wonder Woman|19\/100\n|-damage|p1a: Hoopa|91\/100|[from] item: Life Orb\n|move|p2a: Wonder Woman|Aura Sphere|p1a: Hoopa\n|-damage|p1a: Hoopa|59\/100\n|\n|-fieldend|move: Psychic Terrain\n|upkeep\n|turn|18\n|\n|move|p1a: Hoopa|Drain Punch|p2a: Wonder Woman\n|-damage|p2a: Wonder Woman|0 fnt\n|-heal|p1a: Hoopa|69\/100|[from] drain|[of] p2a: Wonder Woman\n|-damage|p1a: Hoopa|59\/100|[from] item: Life Orb\n|faint|p2a: Wonder Woman\n|\n|upkeep\n|\n|switch|p2a: Spider-man|Gliscor, M|100\/100 tox\n|-damage|p2a: Spider-man|88\/100 tox|[from] Stealth Rock\n|turn|19\n|\n|move|p1a: Hoopa|Psychic|p2a: Spider-man\n|-damage|p2a: Spider-man|13\/100 tox\n|-damage|p1a: Hoopa|49\/100|[from] item: Life Orb\n|move|p2a: Spider-man|Defog|p1a: Hoopa\n|-unboost|p1a: Hoopa|evasion|1\n|-sideend|p2: Shardul888|Stealth Rock|[from] move: Defog|[of] p2a: Spider-man\n|\n|-heal|p2a: Spider-man|26\/100 tox|[from] ability: Poison Heal\n|upkeep\n|turn|20\n|\n|move|p1a: Hoopa|Hyperspace Fury|p2a: Spider-man\n|-damage|p2a: Spider-man|0 fnt\n|-unboost|p1a: Hoopa|def|1\n|-damage|p1a: Hoopa|39\/100|[from] item: Life Orb\n|faint|p2a: Spider-man\n|\n|upkeep\n|\n|switch|p2a: Superman|Dragonite, M|100\/100\n|turn|21\n|\n|switch|p1a: Scizor|Scizor-Mega, F|100\/100\n|move|p2a: Superman|Dragon Dance|p2a: Superman\n|-boost|p2a: Superman|atk|1\n|-boost|p2a: Superman|spe|1\n|\n|upkeep\n|turn|22\n|\n|-zpower|p2a: Superman\n|move|p2a: Superman|Inferno Overdrive|p1a: Scizor|[zeffect]\n|-supereffective|p1a: Scizor\n|-damage|p1a: Scizor|0 fnt\n|faint|p1a: Scizor\n|\n|upkeep\n|\n|switch|p1a: Magearna|Magearna|100\/100\n|turn|23\n|\n|move|p2a: Superman|Earthquake|p1a: Magearna\n|-supereffective|p1a: Magearna\n|-damage|p1a: Magearna|22\/100\n|move|p1a: Magearna|Fleur Cannon|p2a: Superman\n|-supereffective|p2a: Superman\n|-damage|p2a: Superman|50\/100\n|-unboost|p1a: Magearna|spa|2\n|\n|-heal|p1a: Magearna|28\/100|[from] item: Leftovers\n|upkeep\n|turn|24\n|\n|switch|p1a: Keldeo|Keldeo-Resolute|100\/100\n|move|p2a: Superman|Earthquake|p1a: Keldeo\n|-damage|p1a: Keldeo|27\/100\n|\n|upkeep\n|turn|25\n|\n|move|p2a: Superman|Extreme Speed|p1a: Keldeo\n|-damage|p1a: Keldeo|0 fnt\n|faint|p1a: Keldeo\n|\n|upkeep\n|-message|Grc111 forfeited.\n|\n|win|Shardul888\n|l|\u203dGrc111\n|l|\u2606Shardul888\n|raw|Grc111's rating: 1849 &rarr; <strong>1820<\/strong><br \/>(-29 for losing)\n|raw|Shardul888's rating: 1682 &rarr; <strong>1711<\/strong><br \/>(+29 for winning)\n|j| Brainbreaker\n","uploadtime":1582932185,"views":83,"p1id":"grc111","p2id":"shardul888","formatid":"gen7ou","rating":1711,"private":0,"password":null}