{"id":"gen7ou-597294327","p1":"Jeep101","p2":"I'm back from mars","format":"gen7ou","log":"|j|Jeep101\n|j|I'm back from mars\n|player|p1|Jeep101|169\n|teamsize|p1|6\n|player|p2|I'm back from mars|128\n|teamsize|p2|6\n|gametype|singles\n|gen|7\n|tier|[Gen 7] OU\n|rated\n|seed|31276,6034,16029,8331\n|clearpoke\n|poke|p1|Swampert, F|item\n|poke|p1|Kingdra, F|item\n|poke|p1|Pelipper, M|item\n|poke|p1|Tapu Lele|item\n|poke|p1|Ferrothorn, M|item\n|poke|p1|Garchomp, M|item\n|poke|p2|Alakazam, F|item\n|poke|p2|Ferrothorn, F|item\n|poke|p2|Tornadus-Therian, M|item\n|poke|p2|Heatran, F|item\n|poke|p2|Landorus-Therian, M|item\n|poke|p2|Tyranitar, F|item\n|rule|Sleep Clause Mod: Limit one foe put to sleep\n|rule|Species Clause: Limit one of each Pok\u00e9mon\n|rule|OHKO Clause: OHKO moves are banned\n|rule|Moody Clause: Moody is banned\n|rule|Evasion Moves Clause: Evasion moves are banned\n|rule|Endless Battle Clause: Forcing endless battles is banned\n|rule|HP Percentage Mod: HP is shown in percentages\n|teampreview\n|j|Trump is Fake News\n|inactive|Battle timer is ON: inactive players will automatically lose when time's up. (requested by Jeep101)\n|j|Dreiath\n|choice|team 3, team 2, team 1, team 4, team 5, team 6|team 2, team 1, team 3, team 4, team 5, team 6\n|\n|start\n|switch|p1a: Pelipper|Pelipper, M|324\/324\n|switch|p2a: Ferrothorn|Ferrothorn, F|351\/351\n|-weather|RainDance|[from] ability: Drizzle|[of] p1a: Pelipper\n|turn|1\n|choice|move hurricane|move stealthrock\n|\n|move|p1a: Pelipper|Hurricane|p2a: Ferrothorn\n|-damage|p2a: Ferrothorn|206\/351\n|move|p2a: Ferrothorn|Stealth Rock|p1a: Pelipper\n|-sidestart|p1: Jeep101|move: Stealth Rock\n|\n|-weather|RainDance|[upkeep]\n|upkeep\n|turn|2\n|choice|move hurricane|switch 6\n|\n|switch|p2a: Tyranitar|Tyranitar, F|342\/342\n|-weather|Sandstorm|[from] ability: Sand Stream|[of] p2a: Tyranitar\n|move|p1a: Pelipper|Hurricane|p2a: Tyranitar\n|-resisted|p2a: Tyranitar\n|-damage|p2a: Tyranitar|280\/342\n|\n|-weather|Sandstorm|[upkeep]\n|-damage|p1a: Pelipper|304\/324|[from] sandstorm\n|upkeep\n|turn|3\n|choice|switch 6|switch 4\n|\n|switch|p2a: Heatran|Heatran, F|376\/376\n|switch|p1a: Garchomp|Garchomp, M|357\/357\n|-damage|p1a: Garchomp|335\/357|[from] Stealth Rock\n|\n|-weather|Sandstorm|[upkeep]\n|upkeep\n|turn|4\n|choice|move swordsdance|switch 5\n|\n|switch|p2a: Landorus|Landorus-Therian, M|321\/321\n|-ability|p2a: Landorus|Intimidate|boost\n|-unboost|p1a: Garchomp|atk|1\n|move|p1a: Garchomp|Swords Dance|p1a: Garchomp\n|-boost|p1a: Garchomp|atk|2\n|\n|-weather|Sandstorm|[upkeep]\n|upkeep\n|turn|5\n|choice|move dragonclaw zmove|move hiddenpower\n|\n|move|p2a: Landorus|Hidden Power|p1a: Garchomp\n|-supereffective|p1a: Garchomp\n|-damage|p1a: Garchomp|135\/357\n|-zpower|p1a: Garchomp\n|move|p1a: Garchomp|Devastating Drake|p2a: Landorus|[zeffect]\n|-damage|p2a: Landorus|0 fnt\n|faint|p2a: Landorus\n|\n|-weather|Sandstorm|[upkeep]\n|upkeep\n|choice||switch 2\n|\n|switch|p2a: Alakazam|Alakazam, F|251\/251\n|turn|6\n|choice|switch 5|move psychic mega\n|\n|switch|p1a: Ferrothorn|Ferrothorn, M|352\/352\n|-damage|p1a: Ferrothorn|330\/352|[from] Stealth Rock\n|detailschange|p2a: Alakazam|Alakazam-Mega, F\n|-mega|p2a: Alakazam|Alakazam|Alakazite\n|-ability|p2a: Alakazam|Iron Barbs|[from] ability: Trace|[of] p1a: Ferrothorn\n|move|p2a: Alakazam|Psychic|p1a: Ferrothorn\n|-resisted|p1a: Ferrothorn\n|-damage|p1a: Ferrothorn|247\/352\n|\n|-weather|none\n|-heal|p1a: Ferrothorn|269\/352|[from] item: Leftovers\n|upkeep\n|turn|7\n|choice|move stealthrock|move hiddenpower\n|\n|move|p2a: Alakazam|Hidden Power|p1a: Ferrothorn\n|-supereffective|p1a: Ferrothorn\n|-crit|p1a: Ferrothorn\n|-damage|p1a: Ferrothorn|0 fnt\n|faint|p1a: Ferrothorn\n|\n|upkeep\n|choice|switch 6|\n|\n|switch|p1a: Pelipper|Pelipper, M|304\/324\n|-damage|p1a: Pelipper|223\/324|[from] Stealth Rock\n|-weather|RainDance|[from] ability: Drizzle|[of] p1a: Pelipper\n|turn|8\n|choice|switch 5|move psychic\n|\n|switch|p1a: Garchomp|Garchomp, M|135\/357\n|-damage|p1a: Garchomp|113\/357|[from] Stealth Rock\n|move|p2a: Alakazam|Psychic|p1a: Garchomp\n|-damage|p1a: Garchomp|0 fnt\n|faint|p1a: Garchomp\n|\n|-weather|RainDance|[upkeep]\n|upkeep\n|choice|switch 3|\n|\n|switch|p1a: Swampert|Swampert, F|341\/341\n|-damage|p1a: Swampert|320\/341|[from] Stealth Rock\n|turn|9\n|choice|move earthquake mega|switch 3\n|\n|switch|p2a: Tornadus|Tornadus-Therian, M|361\/361\n|detailschange|p1a: Swampert|Swampert-Mega, F\n|-mega|p1a: Swampert|Swampert|Swampertite\n|move|p1a: Swampert|Earthquake|p2a: Tornadus\n|-immune|p2a: Tornadus|[msg]\n|\n|-weather|RainDance|[upkeep]\n|upkeep\n|turn|10\n|l|Dreiath\n|choice|move waterfall|switch 6\n|\n|switch|p2a: Ferrothorn|Ferrothorn, F|206\/351\n|move|p1a: Swampert|Waterfall|p2a: Ferrothorn\n|-resisted|p2a: Ferrothorn\n|-damage|p2a: Ferrothorn|115\/351\n|-damage|p1a: Swampert|278\/341|[from] ability: Iron Barbs|[of] p2a: Ferrothorn\n|\n|-weather|RainDance|[upkeep]\n|upkeep\n|turn|11\n|j|jaehwan\n|choice|move earthquake|move powerwhip\n|\n|move|p1a: Swampert|Earthquake|p2a: Ferrothorn\n|-damage|p2a: Ferrothorn|0 fnt\n|faint|p2a: Ferrothorn\n|\n|-weather|RainDance|[upkeep]\n|upkeep\n|choice||switch 4\n|\n|switch|p2a: Tyranitar|Tyranitar, F|280\/342\n|-weather|Sandstorm|[from] ability: Sand Stream|[of] p2a: Tyranitar\n|turn|12\n|choice|move earthquake|switch 6\n|\n|switch|p2a: Tornadus|Tornadus-Therian, M|361\/361\n|move|p1a: Swampert|Earthquake|p2a: Tornadus\n|-immune|p2a: Tornadus|[msg]\n|\n|-weather|Sandstorm|[upkeep]\n|-damage|p2a: Tornadus|339\/361|[from] sandstorm\n|upkeep\n|turn|13\n|j|tessssp\n|choice|switch 5|move uturn\n|\n|switch|p1a: Pelipper|Pelipper, M|223\/324\n|-damage|p1a: Pelipper|142\/324|[from] Stealth Rock\n|-weather|RainDance|[from] ability: Drizzle|[of] p1a: Pelipper\n|move|p2a: Tornadus|U-turn|p1a: Pelipper\n|-resisted|p1a: Pelipper\n|-damage|p1a: Pelipper|120\/324\n|c| tessssp|lol, weather wars\n|choice||switch 6\n|\n|switch|p2a: Tyranitar|Tyranitar, F|280\/342\n|-weather|Sandstorm|[from] ability: Sand Stream|[of] p2a: Tyranitar\n|\n|-weather|Sandstorm|[upkeep]\n|-damage|p1a: Pelipper|100\/324|[from] sandstorm\n|upkeep\n|turn|14\n|choice|move roost|move pursuit\n|\n|move|p2a: Tyranitar|Pursuit|p1a: Pelipper\n|-damage|p1a: Pelipper|25\/324\n|move|p1a: Pelipper|Roost|p1a: Pelipper\n|-heal|p1a: Pelipper|187\/324\n|\n|-weather|Sandstorm|[upkeep]\n|-damage|p1a: Pelipper|167\/324|[from] sandstorm\n|upkeep\n|turn|15\n|choice|move roost|switch 6\n|\n|switch|p2a: Tornadus|Tornadus-Therian, M|361\/361\n|move|p1a: Pelipper|Roost|p1a: Pelipper\n|-heal|p1a: Pelipper|324\/324\n|\n|-weather|Sandstorm|[upkeep]\n|-damage|p2a: Tornadus|339\/361|[from] sandstorm\n|-damage|p1a: Pelipper|304\/324|[from] sandstorm\n|upkeep\n|turn|16\n|choice|switch 4|move hurricane\n|\n|switch|p1a: Tapu Lele|Tapu Lele|281\/281\n|-damage|p1a: Tapu Lele|246\/281|[from] Stealth Rock\n|-fieldstart|move: Psychic Terrain|[from] ability: Psychic Surge|[of] p1a: Tapu Lele\n|move|p2a: Tornadus|Hurricane|p1a: Tapu Lele\n|-damage|p1a: Tapu Lele|113\/281\n|-start|p1a: Tapu Lele|confusion\n|\n|-weather|Sandstorm|[upkeep]\n|-damage|p2a: Tornadus|317\/361|[from] sandstorm\n|-damage|p1a: Tapu Lele|96\/281|[from] sandstorm\n|upkeep\n|turn|17\n|choice|move moonblast|move knockoff\n|\n|move|p2a: Tornadus|Knock Off|p1a: Tapu Lele\n|-damage|p1a: Tapu Lele|14\/281\n|-enditem|p1a: Tapu Lele|Shed Shell|[from] move: Knock Off|[of] p2a: Tornadus\n|-activate|p1a: Tapu Lele|confusion\n|move|p1a: Tapu Lele|Moonblast|p2a: Tornadus\n|-damage|p2a: Tornadus|197\/361\n|\n|-weather|none\n|upkeep\n|turn|18\n|choice|move moonblast|move uturn\n|\n|move|p2a: Tornadus|U-turn|p1a: Tapu Lele\n|-damage|p1a: Tapu Lele|0 fnt\n|faint|p1a: Tapu Lele\n|choice||switch 3\n|\n|switch|p2a: Alakazam|Alakazam-Mega, F|251\/251\n|\n|upkeep\n|choice|switch 4|\n|\n|switch|p1a: Pelipper|Pelipper, M|304\/324\n|-ability|p2a: Alakazam|Drizzle|[from] ability: Trace|[of] p1a: Pelipper\n|-weather|RainDance|[from] ability: Drizzle|[of] p2a: Alakazam\n|-damage|p1a: Pelipper|223\/324|[from] Stealth Rock\n|turn|19\n|choice|switch 2|move psychic\n|\n|switch|p1a: Kingdra|Kingdra, F|291\/291\n|-damage|p1a: Kingdra|255\/291|[from] Stealth Rock\n|move|p2a: Alakazam|Psychic|p1a: Kingdra\n|-damage|p1a: Kingdra|0 fnt\n|faint|p1a: Kingdra\n|\n|-weather|RainDance|[upkeep]\n|upkeep\n|choice|switch 5|\n|\n|switch|p1a: Swampert|Swampert-Mega, F|278\/341\n|-damage|p1a: Swampert|257\/341|[from] Stealth Rock\n|turn|20\n|choice|move waterfall|switch 6\n|\n|switch|p2a: Tyranitar|Tyranitar, F|280\/342\n|-weather|Sandstorm|[from] ability: Sand Stream|[of] p2a: Tyranitar\n|move|p1a: Swampert|Waterfall|p2a: Tyranitar\n|-supereffective|p2a: Tyranitar\n|-crit|p2a: Tyranitar\n|-damage|p2a: Tyranitar|0 fnt\n|faint|p2a: Tyranitar\n|\n|-weather|Sandstorm|[upkeep]\n|-fieldend|move: Psychic Terrain\n|upkeep\n|choice||switch 3\n|\n|switch|p2a: Tornadus|Tornadus-Therian, M|317\/361\n|turn|21\n|choice|switch 2|move hurricane\n|\n|switch|p1a: Pelipper|Pelipper, M|223\/324\n|-damage|p1a: Pelipper|142\/324|[from] Stealth Rock\n|-weather|RainDance|[from] ability: Drizzle|[of] p1a: Pelipper\n|move|p2a: Tornadus|Hurricane|p1a: Pelipper\n|-damage|p1a: Pelipper|0 fnt\n|faint|p1a: Pelipper\n|\n|-weather|RainDance|[upkeep]\n|upkeep\n|choice|switch 2|\n|\n|switch|p1a: Swampert|Swampert-Mega, F|257\/341\n|-damage|p1a: Swampert|236\/341|[from] Stealth Rock\n|turn|22\n|choice|move waterfall|move hurricane\n|\n|move|p1a: Swampert|Waterfall|p2a: Tornadus\n|-crit|p2a: Tornadus\n|-damage|p2a: Tornadus|0 fnt\n|faint|p2a: Tornadus\n|\n|-weather|RainDance|[upkeep]\n|upkeep\n|choice||switch 6\n|\n|switch|p2a: Alakazam|Alakazam-Mega, F|251\/251\n|-ability|p2a: Alakazam|Swift Swim|[from] ability: Trace|[of] p1a: Swampert\n|turn|23\n|choice|move waterfall|move psychic\n|\n|move|p2a: Alakazam|Psychic|p1a: Swampert\n|-damage|p1a: Swampert|46\/341\n|move|p1a: Swampert|Waterfall|p2a: Alakazam\n|-damage|p2a: Alakazam|0 fnt\n|faint|p2a: Alakazam\n|\n|-weather|RainDance|[upkeep]\n|upkeep\n|c|\u2606Jeep101|gg\n|choice||switch 5\n|\n|switch|p2a: Heatran|Heatran, F|376\/376\n|turn|24\n|c| tessssp|very close game\n|c|\u2606I'm back from mars|wait how do i even lose\n|-message|I'm back from mars forfeited.\n|\n|win|Jeep101\n|c|\u2606Jeep101|gg\n|c| tessssp|energy ball on zam is important\n|raw|Jeep101's rating: 1759 &rarr; <strong>1775<\/strong><br \/>(+16 for winning)\n|raw|I&apos;m back from mars's rating: 1682 &rarr; <strong>1667<\/strong><br \/>(-15 for losing)\n|l|I'm back from mars\n|l|Jeep101","inputlog":null,"uploadtime":1498754750,"views":10,"p1id":"jeep101","p2id":"imbackfrommars","formatid":"gen7ou","rating":1667,"private":0,"password":null}