{"id":"gen7ou-955186484","p1":"JoJo321","p2":"lt63rb rari","format":"gen7ou","log":"|j|\u2606JoJo321\n|j|\u2606lt63rb rari\n|player|p1|JoJo321|169|1952\n|player|p2|lt63rb rari|14|1862\n|teamsize|p1|6\n|teamsize|p2|6\n|gametype|singles\n|gen|7\n|tier|[Gen 7] OU\n|rated|\n|rule|Sleep Clause Mod: Limit one foe put to sleep\n|rule|Species Clause: Limit one of each Pok\u00e9mon\n|rule|OHKO Clause: OHKO moves are banned\n|rule|Moody Clause: Moody is banned\n|rule|Evasion Moves Clause: Evasion moves are banned\n|rule|Endless Battle Clause: Forcing endless battles is banned\n|rule|HP Percentage Mod: HP is shown in percentages\n|clearpoke\n|poke|p1|Stakataka|item\n|poke|p1|Magearna|item\n|poke|p1|Cresselia, F|item\n|poke|p1|Azumarill, F|item\n|poke|p1|Bronzong|item\n|poke|p1|Mawile, F|item\n|poke|p2|Mew|item\n|poke|p2|Gastrodon-East, M|item\n|poke|p2|Landorus-Therian, M|item\n|poke|p2|Heatran, M|item\n|poke|p2|Tyranitar, M|item\n|poke|p2|Kartana|item\n|teampreview\n|\n|start\n|switch|p1a: Bronzong|Bronzong|100\/100\n|switch|p2a: Mew|Mew, shiny|100\/100\n|turn|1\n|j| insulae\n|\n|move|p2a: Mew|Will-O-Wisp|p1a: Bronzong\n|-status|p1a: Bronzong|brn\n|move|p1a: Bronzong|Trick Room|p1a: Bronzong\n|-fieldstart|move: Trick Room|[of] p1a: Bronzong\n|\n|-damage|p1a: Bronzong|98\/100 brn|[from] brn\n|upkeep\n|turn|2\n|\n|move|p1a: Bronzong|Stealth Rock|p2a: Mew\n|-sidestart|p2: lt63rb rari|move: Stealth Rock\n|move|p2a: Mew|Defog|p1a: Bronzong\n|-unboost|p1a: Bronzong|evasion|1\n|-sideend|p2: lt63rb rari|Stealth Rock|[from] move: Defog|[of] p2a: Mew\n|\n|-damage|p1a: Bronzong|95\/100 brn|[from] brn\n|upkeep\n|turn|3\n|inactive|Battle timer is ON: inactive players will automatically lose when time's up. (requested by lt63rb rari)\n|\n|move|p1a: Bronzong|Stealth Rock|p2a: Mew\n|-sidestart|p2: lt63rb rari|move: Stealth Rock\n|move|p2a: Mew|Defog|p1a: Bronzong\n|-unboost|p1a: Bronzong|evasion|1\n|-sideend|p2: lt63rb rari|Stealth Rock|[from] move: Defog|[of] p2a: Mew\n|\n|-damage|p1a: Bronzong|92\/100 brn|[from] brn\n|upkeep\n|turn|4\n|c|\u2606lt63rb rari|i think this mew 6-0s ur team\n|\n|move|p1a: Bronzong|Stealth Rock|p2a: Mew\n|-sidestart|p2: lt63rb rari|move: Stealth Rock\n|move|p2a: Mew|Defog|p1a: Bronzong\n|-unboost|p1a: Bronzong|evasion|1\n|-sideend|p2: lt63rb rari|Stealth Rock|[from] move: Defog|[of] p2a: Mew\n|\n|-damage|p1a: Bronzong|89\/100 brn|[from] brn\n|upkeep\n|turn|5\n|j| yrs\n|\n|switch|p2a: Tyranitar|Tyranitar, M, shiny|100\/100\n|-weather|Sandstorm|[from] ability: Sand Stream|[of] p2a: Tyranitar\n|move|p1a: Bronzong|Stealth Rock|p2a: Tyranitar\n|-sidestart|p2: lt63rb rari|move: Stealth Rock\n|\n|-weather|Sandstorm|[upkeep]\n|-damage|p1a: Bronzong|86\/100 brn|[from] brn\n|-fieldend|move: Trick Room\n|upkeep\n|turn|6\n|\n|switch|p1a: Mawile|Mawile, F|100\/100\n|-ability|p1a: Mawile|Intimidate|boost\n|-unboost|p2a: Tyranitar|atk|1\n|detailschange|p2a: Tyranitar|Tyranitar-Mega, M, shiny\n|-mega|p2a: Tyranitar|Tyranitar|Tyranitarite\n|move|p2a: Tyranitar|Crunch|p1a: Mawile\n|-resisted|p1a: Mawile\n|-damage|p1a: Mawile|80\/100\n|\n|-weather|Sandstorm|[upkeep]\n|upkeep\n|turn|7\n|\n|switch|p2a: Landorus|Landorus-Therian, M|100\/100\n|-damage|p2a: Landorus|88\/100|[from] Stealth Rock\n|-ability|p2a: Landorus|Intimidate|boost\n|-unboost|p1a: Mawile|atk|1\n|detailschange|p1a: Mawile|Mawile-Mega, F\n|-mega|p1a: Mawile|Mawile|Mawilite\n|move|p1a: Mawile|Knock Off|p2a: Landorus\n|-damage|p2a: Landorus|46\/100\n|-enditem|p2a: Landorus|Choice Scarf|[from] move: Knock Off|[of] p1a: Mawile\n|\n|-weather|Sandstorm|[upkeep]\n|upkeep\n|turn|8\n|\n|switch|p1a: Bronzong|Bronzong|86\/100 brn\n|move|p2a: Landorus|U-turn|p1a: Bronzong\n|-damage|p1a: Bronzong|64\/100 brn\n|\n|switch|p2a: Tyranitar|Tyranitar-Mega, M, shiny|100\/100|[from]move: U-turn\n|-damage|p2a: Tyranitar|88\/100|[from] Stealth Rock\n|\n|-weather|Sandstorm|[upkeep]\n|-damage|p1a: Bronzong|61\/100 brn|[from] brn\n|upkeep\n|turn|9\n|j| Throh-Valencia\n|\n|switch|p1a: Magearna|Magearna|100\/100\n|move|p2a: Tyranitar|Crunch|p1a: Magearna\n|-resisted|p1a: Magearna\n|-damage|p1a: Magearna|83\/100\n|\n|-weather|none\n|upkeep\n|turn|10\n|j| Archon6\n|\n|move|p2a: Tyranitar|Earthquake|p1a: Magearna\n|-supereffective|p1a: Magearna\n|-damage|p1a: Magearna|22\/100\n|move|p1a: Magearna|Trick Room|p1a: Magearna\n|-fieldstart|move: Trick Room|[of] p1a: Magearna\n|\n|upkeep\n|turn|11\n|\n|switch|p2a: Gastrodon|Gastrodon-East, M|100\/100\n|-damage|p2a: Gastrodon|94\/100|[from] Stealth Rock\n|move|p1a: Magearna|Focus Blast|p2a: Gastrodon|[miss]\n|-miss|p1a: Magearna|p2a: Gastrodon\n|\n|-heal|p2a: Gastrodon|100\/100|[from] item: Leftovers\n|upkeep\n|turn|12\n|\n|switch|p2a: Heatran|Heatran, M, shiny|100\/100\n|-damage|p2a: Heatran|88\/100|[from] Stealth Rock\n|-zpower|p1a: Magearna\n|move|p1a: Magearna|Twinkle Tackle|p2a: Heatran|[zeffect]\n|-resisted|p2a: Heatran\n|-damage|p2a: Heatran|66\/100\n|\n|-heal|p2a: Heatran|72\/100|[from] item: Leftovers\n|upkeep\n|turn|13\n|\n|switch|p1a: Azumarill|Azumarill, F|100\/100\n|switch|p2a: Gastrodon|Gastrodon-East, M|100\/100\n|-damage|p2a: Gastrodon|94\/100|[from] Stealth Rock\n|\n|-heal|p2a: Gastrodon|100\/100|[from] item: Leftovers\n|upkeep\n|turn|14\n|l| Archon6\n|j| Prathi\n|l| Prathi\n|\n|switch|p2a: Kartana|Kartana|100\/100\n|-damage|p2a: Kartana|94\/100|[from] Stealth Rock\n|move|p1a: Azumarill|Play Rough|p2a: Kartana\n|-resisted|p2a: Kartana\n|-damage|p2a: Kartana|53\/100\n|\n|-fieldend|move: Trick Room\n|upkeep\n|turn|15\n|\n|switch|p1a: Cresselia|Cresselia, F|100\/100\n|move|p2a: Kartana|Swords Dance|p2a: Kartana\n|-boost|p2a: Kartana|atk|2\n|\n|upkeep\n|turn|16\n|\n|move|p2a: Kartana|Leaf Blade|p1a: Cresselia\n|-damage|p1a: Cresselia|43\/100\n|move|p1a: Cresselia|Trick Room|p1a: Cresselia\n|-fieldstart|move: Trick Room|[of] p1a: Cresselia\n|\n|upkeep\n|turn|17\n|\n|switch|p1a: Magearna|Magearna|22\/100\n|switch|p2a: Mew|Mew, shiny|100\/100\n|-damage|p2a: Mew|88\/100|[from] Stealth Rock\n|\n|-heal|p2a: Mew|94\/100|[from] item: Leftovers\n|upkeep\n|turn|18\n|\n|switch|p1a: Stakataka|Stakataka|100\/100\n|move|p2a: Mew|Soft-Boiled|p2a: Mew\n|-heal|p2a: Mew|100\/100\n|\n|upkeep\n|turn|19\n|\n|move|p1a: Stakataka|Gyro Ball|p2a: Mew\n|-damage|p2a: Mew|11\/100\n|move|p2a: Mew|Soft-Boiled|p2a: Mew\n|-heal|p2a: Mew|61\/100\n|\n|-heal|p2a: Mew|68\/100|[from] item: Leftovers\n|upkeep\n|turn|20\n|l| yrs\n|\n|switch|p2a: Heatran|Heatran, M, shiny|72\/100\n|-damage|p2a: Heatran|60\/100|[from] Stealth Rock\n|move|p1a: Stakataka|Gyro Ball|p2a: Heatran\n|-resisted|p2a: Heatran\n|-damage|p2a: Heatran|34\/100\n|\n|-heal|p2a: Heatran|40\/100|[from] item: Leftovers\n|-fieldend|move: Trick Room\n|upkeep\n|turn|21\n|\n|switch|p2a: Mew|Mew, shiny|68\/100\n|-damage|p2a: Mew|55\/100|[from] Stealth Rock\n|switch|p1a: Azumarill|Azumarill, F|100\/100\n|\n|-heal|p2a: Mew|61\/100|[from] item: Leftovers\n|upkeep\n|turn|22\n|\n|switch|p1a: Cresselia|Cresselia, F|43\/100\n|move|p2a: Mew|Will-O-Wisp|p1a: Cresselia\n|-status|p1a: Cresselia|brn\n|\n|-heal|p2a: Mew|68\/100|[from] item: Leftovers\n|-damage|p1a: Cresselia|37\/100 brn|[from] brn\n|upkeep\n|turn|23\n|j| thunder dlolt\n|\n|move|p2a: Mew|Defog|p1a: Cresselia\n|-unboost|p1a: Cresselia|evasion|1\n|-sideend|p2: lt63rb rari|Stealth Rock|[from] move: Defog|[of] p2a: Mew\n|move|p1a: Cresselia|Moonlight|p1a: Cresselia\n|-heal|p1a: Cresselia|87\/100 brn\n|\n|-heal|p2a: Mew|74\/100|[from] item: Leftovers\n|-damage|p1a: Cresselia|81\/100 brn|[from] brn\n|upkeep\n|turn|24\n|\n|switch|p2a: Heatran|Heatran, M, shiny|40\/100\n|move|p1a: Cresselia|Trick Room|p1a: Cresselia\n|-fieldstart|move: Trick Room|[of] p1a: Cresselia\n|\n|-heal|p2a: Heatran|47\/100|[from] item: Leftovers\n|-damage|p1a: Cresselia|75\/100 brn|[from] brn\n|upkeep\n|turn|25\n|\n|switch|p1a: Azumarill|Azumarill, F|100\/100\n|move|p2a: Heatran|Stealth Rock|p1a: Azumarill\n|-sidestart|p1: JoJo321|move: Stealth Rock\n|\n|-heal|p2a: Heatran|53\/100|[from] item: Leftovers\n|upkeep\n|turn|26\n|\n|switch|p2a: Landorus|Landorus-Therian, M|46\/100\n|-ability|p2a: Landorus|Intimidate|boost\n|-unboost|p1a: Azumarill|atk|1\n|move|p1a: Azumarill|Play Rough|p2a: Landorus\n|-damage|p2a: Landorus|0 fnt\n|faint|p2a: Landorus\n|\n|upkeep\n|\n|switch|p2a: Kartana|Kartana|53\/100\n|turn|27\n|\n|switch|p1a: Magearna|Magearna|22\/100\n|-damage|p1a: Magearna|16\/100|[from] Stealth Rock\n|-zpower|p2a: Kartana\n|move|p2a: Kartana|All-Out Pummeling|p1a: Magearna|[zeffect]\n|-damage|p1a: Magearna|0 fnt\n|faint|p1a: Magearna\n|-ability|p2a: Kartana|Beast Boost|boost\n|-boost|p2a: Kartana|atk|1\n|\n|upkeep\n|j| Leleforubers\n|\n|switch|p1a: Stakataka|Stakataka|100\/100\n|-damage|p1a: Stakataka|94\/100|[from] Stealth Rock\n|turn|28\n|\n|switch|p2a: Gastrodon|Gastrodon-East, M|100\/100\n|move|p1a: Stakataka|Gyro Ball|p2a: Gastrodon\n|-resisted|p2a: Gastrodon\n|-damage|p2a: Gastrodon|65\/100\n|\n|-heal|p2a: Gastrodon|71\/100|[from] item: Leftovers\n|-fieldend|move: Trick Room\n|upkeep\n|turn|29\n|\n|switch|p2a: Tyranitar|Tyranitar-Mega, M, shiny|88\/100\n|-weather|Sandstorm|[from] ability: Sand Stream|[of] p2a: Tyranitar\n|switch|p1a: Cresselia|Cresselia, F|75\/100 brn\n|-damage|p1a: Cresselia|62\/100 brn|[from] Stealth Rock\n|\n|-weather|Sandstorm|[upkeep]\n|-damage|p1a: Cresselia|56\/100 brn|[from] Sandstorm\n|-damage|p1a: Cresselia|50\/100 brn|[from] brn\n|upkeep\n|turn|30\n|\n|switch|p1a: Mawile|Mawile-Mega, F|80\/100\n|-damage|p1a: Mawile|74\/100|[from] Stealth Rock\n|move|p2a: Tyranitar|Crunch|p1a: Mawile\n|-resisted|p1a: Mawile\n|-damage|p1a: Mawile|52\/100\n|\n|-weather|Sandstorm|[upkeep]\n|upkeep\n|turn|31\n|j| Little hugo\n|\n|switch|p1a: Azumarill|Azumarill, F|100\/100\n|-damage|p1a: Azumarill|88\/100|[from] Stealth Rock\n|move|p2a: Tyranitar|Earthquake|p1a: Azumarill\n|-damage|p1a: Azumarill|43\/100\n|\n|-weather|Sandstorm|[upkeep]\n|-damage|p1a: Azumarill|36\/100|[from] Sandstorm\n|upkeep\n|turn|32\n|\n|switch|p2a: Kartana|Kartana|53\/100\n|move|p1a: Azumarill|Aqua Jet|p2a: Kartana\n|-resisted|p2a: Kartana\n|-damage|p2a: Kartana|31\/100\n|\n|-weather|Sandstorm|[upkeep]\n|-damage|p1a: Azumarill|30\/100|[from] Sandstorm\n|upkeep\n|turn|33\n|j| Lightning El Drago\n|\n|move|p1a: Azumarill|Aqua Jet|p2a: Kartana\n|-resisted|p2a: Kartana\n|-crit|p2a: Kartana\n|-damage|p2a: Kartana|2\/100\n|move|p2a: Kartana|Smart Strike|p1a: Azumarill\n|-damage|p1a: Azumarill|0 fnt\n|faint|p1a: Azumarill\n|-ability|p2a: Kartana|Beast Boost|boost\n|-boost|p2a: Kartana|atk|1\n|\n|-weather|none\n|upkeep\n|-message|JoJo321 forfeited.\n|\n|win|lt63rb rari\n|l|\u2606JoJo321\n|raw|JoJo321's rating: 1952 &rarr; <strong>1927<\/strong><br \/>(-25 for losing)\n|raw|lt63rb rari's rating: 1862 &rarr; <strong>1887<\/strong><br \/>(+25 for winning)\n|l|\u2606lt63rb rari\n","uploadtime":1564904748,"views":76,"p1id":"jojo321","p2id":"lt63rbrari","formatid":"gen7ou","rating":1887,"private":0,"password":null}