{"id":"gen7ou-872493377","p1":"Whitesmith","p2":"BugCatcherWeevil","format":"gen7ou","log":"|j|\u2606Whitesmith\n|j|\u2606BugCatcherWeevil\n|player|p1|Whitesmith|257\n|player|p2|BugCatcherWeevil|7\n|teamsize|p1|6\n|teamsize|p2|6\n|gametype|singles\n|gen|7\n|tier|[Gen 7] OU\n|rated|\n|rule|Sleep Clause Mod: Limit one foe put to sleep\n|rule|Species Clause: Limit one of each Pok\u00e9mon\n|rule|OHKO Clause: OHKO moves are banned\n|rule|Moody Clause: Moody is banned\n|rule|Evasion Moves Clause: Evasion moves are banned\n|rule|Endless Battle Clause: Forcing endless battles is banned\n|rule|HP Percentage Mod: HP is shown in percentages\n|clearpoke\n|poke|p1|Gyarados, M|item\n|poke|p1|Tapu Lele|item\n|poke|p1|Magnezone|item\n|poke|p1|Heatran, M|item\n|poke|p1|Landorus-Therian, M|item\n|poke|p1|Greninja, M|item\n|poke|p2|Hoopa-Unbound|item\n|poke|p2|Ferrothorn, M|item\n|poke|p2|Keldeo|item\n|poke|p2|Latios, M|item\n|poke|p2|Zapdos|item\n|poke|p2|Landorus-Therian, M|item\n|teampreview\n|inactive|Battle timer is ON: inactive players will automatically lose when time's up. (requested by Whitesmith)\n|\n|start\n|switch|p1a: Tapu Lele|Tapu Lele|100\/100\n|switch|p2a: Zapdos|Zapdos|100\/100\n|-fieldstart|move: Psychic Terrain|[from] ability: Psychic Surge|[of] p1a: Tapu Lele\n|turn|1\n|\n|move|p1a: Tapu Lele|Calm Mind|p1a: Tapu Lele\n|-boost|p1a: Tapu Lele|spa|1\n|-boost|p1a: Tapu Lele|spd|1\n|move|p2a: Zapdos|Discharge|p1a: Tapu Lele\n|-damage|p1a: Tapu Lele|76\/100\n|\n|upkeep\n|turn|2\n|\n|move|p1a: Tapu Lele|Moonblast|p2a: Zapdos\n|-damage|p2a: Zapdos|32\/100\n|move|p2a: Zapdos|Discharge|p1a: Tapu Lele\n|-damage|p1a: Tapu Lele|51\/100\n|\n|-heal|p2a: Zapdos|38\/100|[from] item: Leftovers\n|upkeep\n|turn|3\n|\n|move|p1a: Tapu Lele|Psyshock|p2a: Zapdos\n|-damage|p2a: Zapdos|0 fnt\n|faint|p2a: Zapdos\n|\n|upkeep\n|\n|switch|p2a: Keldeo|Keldeo|100\/100\n|turn|4\n|\n|move|p2a: Keldeo|Hydro Pump|p1a: Tapu Lele\n|-damage|p1a: Tapu Lele|9\/100\n|move|p1a: Tapu Lele|Psyshock|p2a: Keldeo\n|-supereffective|p2a: Keldeo\n|-damage|p2a: Keldeo|0 fnt\n|faint|p2a: Keldeo\n|\n|upkeep\n|\n|switch|p2a: Latios|Latios, M|100\/100\n|turn|5\n|\n|detailschange|p2a: Latios|Latios-Mega, M\n|-mega|p2a: Latios|Latios|Latiosite\n|move|p2a: Latios|Earthquake|p1a: Tapu Lele\n|-damage|p1a: Tapu Lele|0 fnt\n|faint|p1a: Tapu Lele\n|\n|-fieldend|move: Psychic Terrain\n|upkeep\n|\n|switch|p1a: Greninja|Greninja, M|100\/100\n|turn|6\n|\n|move|p1a: Greninja|U-turn|p2a: Latios\n|-supereffective|p2a: Latios\n|-crit|p2a: Latios\n|-damage|p2a: Latios|45\/100\n|\n|switch|p1a: Heatran|Heatran, M|100\/100\n|-item|p1a: Heatran|Air Balloon\n|move|p2a: Latios|Draco Meteor|p1a: Heatran\n|-resisted|p1a: Heatran\n|-damage|p1a: Heatran|72\/100\n|-enditem|p1a: Heatran|Air Balloon\n|-unboost|p2a: Latios|spa|2\n|\n|upkeep\n|turn|7\n|\n|switch|p1a: Landorus|Landorus-Therian, M|100\/100\n|-ability|p1a: Landorus|Intimidate|boost\n|-unboost|p2a: Latios|atk|1\n|move|p2a: Latios|Roost|p2a: Latios\n|-heal|p2a: Latios|95\/100\n|-singleturn|p2a: Latios|move: Roost\n|\n|upkeep\n|turn|8\n|\n|move|p2a: Latios|Psychic|p1a: Landorus\n|-damage|p1a: Landorus|66\/100\n|-zpower|p1a: Landorus\n|move|p1a: Landorus|Continental Crush|p2a: Latios|[zeffect]\n|-damage|p2a: Latios|4\/100\n|\n|upkeep\n|turn|9\n|\n|move|p2a: Latios|Roost|p2a: Latios\n|-heal|p2a: Latios|55\/100\n|-singleturn|p2a: Latios|move: Roost\n|move|p1a: Landorus|Swords Dance|p1a: Landorus\n|-boost|p1a: Landorus|atk|2\n|\n|upkeep\n|turn|10\n|\n|switch|p2a: Landorus|Landorus-Therian, M|100\/100\n|-ability|p2a: Landorus|Intimidate|boost\n|-unboost|p1a: Landorus|atk|1\n|move|p1a: Landorus|Stone Edge|p2a: Landorus\n|-damage|p2a: Landorus|31\/100\n|\n|upkeep\n|turn|11\n|\n|move|p1a: Landorus|Stone Edge|p2a: Landorus\n|-damage|p2a: Landorus|0 fnt\n|faint|p2a: Landorus\n|\n|upkeep\n|\n|switch|p2a: Latios|Latios-Mega, M|55\/100\n|turn|12\n|\n|switch|p1a: Magnezone|Magnezone|100\/100\n|move|p2a: Latios|Draco Meteor|p1a: Magnezone\n|-resisted|p1a: Magnezone\n|-damage|p1a: Magnezone|47\/100\n|-unboost|p2a: Latios|spa|2\n|\n|upkeep\n|turn|13\n|\n|move|p1a: Magnezone|Volt Switch|p2a: Latios\n|-resisted|p2a: Latios\n|-damage|p2a: Latios|36\/100\n|\n|switch|p1a: Greninja|Greninja, M|100\/100\n|move|p2a: Latios|Roost|p2a: Latios\n|-heal|p2a: Latios|87\/100\n|-singleturn|p2a: Latios|move: Roost\n|\n|upkeep\n|turn|14\n|\n|switch|p2a: Ferrothorn|Ferrothorn, M|100\/100\n|move|p1a: Greninja|U-turn|p2a: Ferrothorn\n|-damage|p2a: Ferrothorn|90\/100\n|-damage|p1a: Greninja|88\/100|[from] ability: Iron Barbs|[of] p2a: Ferrothorn\n|\n|switch|p1a: Magnezone|Magnezone|47\/100\n|\n|-heal|p2a: Ferrothorn|97\/100|[from] item: Leftovers\n|upkeep\n|turn|15\n|\n|move|p2a: Ferrothorn|Protect|p2a: Ferrothorn\n|-singleturn|p2a: Ferrothorn|Protect\n|move|p1a: Magnezone|Hidden Power|p2a: Ferrothorn\n|-activate|p2a: Ferrothorn|move: Protect\n|\n|-heal|p2a: Ferrothorn|100\/100|[from] item: Leftovers\n|upkeep\n|turn|16\n|\n|move|p1a: Magnezone|Hidden Power|p2a: Ferrothorn\n|-supereffective|p2a: Ferrothorn\n|-damage|p2a: Ferrothorn|49\/100\n|move|p2a: Ferrothorn|Leech Seed|p1a: Magnezone\n|-start|p1a: Magnezone|move: Leech Seed\n|\n|-heal|p2a: Ferrothorn|56\/100|[from] item: Leftovers\n|-damage|p1a: Magnezone|35\/100|[from] Leech Seed|[of] p2a: Ferrothorn\n|-heal|p2a: Ferrothorn|66\/100|[silent]\n|upkeep\n|turn|17\n|\n|move|p1a: Magnezone|Hidden Power|p2a: Ferrothorn\n|-supereffective|p2a: Ferrothorn\n|-damage|p2a: Ferrothorn|13\/100\n|move|p2a: Ferrothorn|Stealth Rock|p1a: Magnezone\n|-sidestart|p1: Whitesmith|move: Stealth Rock\n|\n|-heal|p2a: Ferrothorn|20\/100|[from] item: Leftovers\n|-damage|p1a: Magnezone|22\/100|[from] Leech Seed|[of] p2a: Ferrothorn\n|-heal|p2a: Ferrothorn|29\/100|[silent]\n|upkeep\n|turn|18\n|\n|move|p2a: Ferrothorn|Protect|p2a: Ferrothorn\n|-singleturn|p2a: Ferrothorn|Protect\n|move|p1a: Magnezone|Hidden Power|p2a: Ferrothorn\n|-activate|p2a: Ferrothorn|move: Protect\n|\n|-heal|p2a: Ferrothorn|36\/100|[from] item: Leftovers\n|-damage|p1a: Magnezone|10\/100|[from] Leech Seed|[of] p2a: Ferrothorn\n|-heal|p2a: Ferrothorn|46\/100|[silent]\n|upkeep\n|turn|19\n|\n|move|p2a: Ferrothorn|Protect|p2a: Ferrothorn\n|-singleturn|p2a: Ferrothorn|Protect\n|move|p1a: Magnezone|Hidden Power|p2a: Ferrothorn\n|-activate|p2a: Ferrothorn|move: Protect\n|\n|-heal|p2a: Ferrothorn|52\/100|[from] item: Leftovers\n|-damage|p1a: Magnezone|0 fnt|[from] Leech Seed|[of] p2a: Ferrothorn\n|-heal|p2a: Ferrothorn|60\/100|[silent]\n|faint|p1a: Magnezone\n|upkeep\n|c|\u2606Whitesmith|lucky fuck\n|\n|switch|p1a: Heatran|Heatran, M|72\/100\n|-damage|p1a: Heatran|59\/100|[from] Stealth Rock\n|turn|20\n|c|\u2606BugCatcherWeevil|wow, he really complains, although discharge didnt para, u hit every inaccurate move etc lol\n|c|\u2606Whitesmith|stfu\n|\n|switch|p2a: Hoopa|Hoopa-Unbound|100\/100\n|move|p1a: Heatran|Lava Plume|p2a: Hoopa\n|-damage|p2a: Hoopa|70\/100\n|-status|p2a: Hoopa|brn\n|\n|-damage|p2a: Hoopa|64\/100 brn|[from] brn\n|upkeep\n|turn|21\n|c|\u2606BugCatcherWeevil|and this lol\n|c|\u2606Whitesmith|that is exactly the girlboy that you are\n|c|\u2606Whitesmith|you EXPECT discharge to para\n|c|\u2606Whitesmith|goddamn phaggots\n|c|\u2606BugCatcherWeevil|well no, hence i didnt complain\n|\n|switch|p1a: Landorus|Landorus-Therian, M|66\/100\n|-damage|p1a: Landorus|54\/100|[from] Stealth Rock\n|-ability|p1a: Landorus|Intimidate|boost\n|-unboost|p2a: Hoopa|atk|1\n|move|p2a: Hoopa|Hyperspace Fury|p1a: Landorus\n|-damage|p1a: Landorus|22\/100\n|-unboost|p2a: Hoopa|def|1\n|\n|-damage|p2a: Hoopa|58\/100 brn|[from] brn\n|upkeep\n|turn|22\n|c|\u2606BugCatcherWeevil|but u expect 50vs50 not to happen lol\n|c|\u2606BugCatcherWeevil|which is almost the same probabaility of two discharges to para\n|inactive|BugCatcherWeevil has 120 seconds left.\n|\n|switch|p2a: Latios|Latios-Mega, M|87\/100\n|move|p1a: Landorus|Stone Edge|p2a: Latios\n|-damage|p2a: Latios|33\/100\n|\n|upkeep\n|turn|23\n|\n|move|p2a: Latios|Roost|p2a: Latios\n|-heal|p2a: Latios|84\/100\n|-singleturn|p2a: Latios|move: Roost\n|move|p1a: Landorus|Stone Edge|p2a: Latios\n|-crit|p2a: Latios\n|-damage|p2a: Latios|4\/100\n|\n|upkeep\n|turn|24\n|inactive|BugCatcherWeevil has 120 seconds left.\n|\n|move|p2a: Latios|Roost|p2a: Latios\n|-heal|p2a: Latios|54\/100\n|-singleturn|p2a: Latios|move: Roost\n|move|p1a: Landorus|Earthquake|p2a: Latios\n|-immune|p2a: Latios|[from] ability: Levitate\n|\n|upkeep\n|turn|25\n|inactive|BugCatcherWeevil has 120 seconds left.\n|\n|switch|p1a: Heatran|Heatran, M|59\/100\n|-damage|p1a: Heatran|47\/100|[from] Stealth Rock\n|move|p2a: Latios|Roost|p2a: Latios\n|-heal|p2a: Latios|100\/100\n|-singleturn|p2a: Latios|move: Roost\n|\n|upkeep\n|turn|26\n|\n|move|p2a: Latios|Earthquake|p1a: Heatran\n|-supereffective|p1a: Heatran\n|-damage|p1a: Heatran|0 fnt\n|faint|p1a: Heatran\n|\n|upkeep\n|\n|switch|p1a: Greninja|Greninja, M|88\/100\n|-damage|p1a: Greninja|76\/100|[from] Stealth Rock\n|turn|27\n|\n|move|p1a: Greninja|Dark Pulse|p2a: Latios\n|-supereffective|p2a: Latios\n|-damage|p2a: Latios|0 fnt\n|faint|p2a: Latios\n|-activate|p1a: Greninja|ability: Battle Bond\n|detailschange|p1a: Greninja|Greninja-Ash, M\n|\n|upkeep\n|c|\u2606Whitesmith|do your worst\n|\n|switch|p2a: Ferrothorn|Ferrothorn, M|60\/100\n|turn|28\n|\n|move|p1a: Greninja|Dark Pulse|p2a: Ferrothorn\n|-damage|p2a: Ferrothorn|12\/100\n|move|p2a: Ferrothorn|Power Whip|p1a: Greninja\n|-supereffective|p1a: Greninja\n|-damage|p1a: Greninja|0 fnt\n|faint|p1a: Greninja\n|\n|-heal|p2a: Ferrothorn|18\/100|[from] item: Leftovers\n|upkeep\n|\n|switch|p1a: Gyarados|Gyarados, M|100\/100\n|-damage|p1a: Gyarados|76\/100|[from] Stealth Rock\n|-ability|p1a: Gyarados|Intimidate|boost\n|-unboost|p2a: Ferrothorn|atk|1\n|turn|29\n|\n|detailschange|p1a: Gyarados|Gyarados-Mega, M\n|-mega|p1a: Gyarados|Gyarados|Gyaradosite\n|-ability|p1a: Gyarados|Mold Breaker\n|move|p1a: Gyarados|Earthquake|p2a: Ferrothorn\n|-damage|p2a: Ferrothorn|0 fnt\n|faint|p2a: Ferrothorn\n|\n|upkeep\n|\n|switch|p2a: Hoopa|Hoopa-Unbound|58\/100 brn\n|turn|30\n|\n|move|p1a: Gyarados|Waterfall|p2a: Hoopa\n|-damage|p2a: Hoopa|0 fnt\n|faint|p2a: Hoopa\n|\n|win|Whitesmith\n|raw|Whitesmith's rating: 1622 &rarr; <strong>1644<\/strong><br \/>(+22 for winning)\n|raw|BugCatcherWeevil's rating: 1664 &rarr; <strong>1642<\/strong><br \/>(-22 for losing)\n|c|\u2606Whitesmith|=(=(=(=(===(=(\n","uploadtime":1551964376,"views":8,"p1id":"whitesmith","p2id":"bugcatcherweevil","formatid":"gen7ou","rating":1642,"private":0,"password":null}