{"id":"gen7anythinggoes-968927982","p1":"D-Fallt","p2":"Walletinspector62","format":"gen7anythinggoes","log":"|j|\u2606D-Fallt\n|j|\u2606Walletinspector62\n|player|p1|D-Fallt|247|\n|player|p2|Walletinspector62|101|\n|teamsize|p1|6\n|teamsize|p2|6\n|gametype|singles\n|gen|7\n|tier|[Gen 7] Anything Goes\n|rule|Endless Battle Clause: Forcing endless battles is banned\n|clearpoke\n|poke|p1|Kangaskhan, F|item\n|poke|p1|Tapu Fini|item\n|poke|p1|Rotom-Mow|item\n|poke|p1|Cloyster, M|item\n|poke|p1|Zygarde-10%|item\n|poke|p1|Pangoro, M|item\n|poke|p2|Jellicent, M|item\n|poke|p2|Excadrill, M|item\n|poke|p2|Tyranitar, M|item\n|poke|p2|Zapdos|item\n|poke|p2|Clefable, F|item\n|poke|p2|Hydreigon, M|item\n|rule|HP Percentage Mod: HP is shown in percentages\n|teampreview\n|c|\u2606Walletinspector62|Glhf\n|c|\u2606D-Fallt|u2\n|\n|start\n|switch|p1a: Za Hando|Pangoro, M|100\/100\n|switch|p2a: Barbara|Clefable, F, shiny|100\/100\n|turn|1\n|\n|switch|p1a: Black & Decker|Rotom-Mow|100\/100\n|move|p2a: Barbara|Moonblast|p1a: Black & Decker\n|-damage|p1a: Black & Decker|56\/100\n|-unboost|p1a: Black & Decker|spa|1\n|\n|upkeep\n|turn|2\n|\n|move|p1a: Black & Decker|Leaf Storm|p2a: Barbara\n|-damage|p2a: Barbara|75\/100\n|-unboost|p1a: Black & Decker|spa|2\n|move|p2a: Barbara|Stealth Rock|p1a: Black & Decker\n|-sidestart|p1: D-Fallt|move: Stealth Rock\n|\n|-heal|p2a: Barbara|81\/100|[from] item: Leftovers\n|upkeep\n|turn|3\n|\n|switch|p1a: Finnegan|Tapu Fini|100\/100\n|-damage|p1a: Finnegan|88\/100|[from] Stealth Rock\n|-fieldstart|move: Misty Terrain|[from] ability: Misty Surge|[of] p1a: Finnegan\n|move|p2a: Barbara|Moonblast|p1a: Finnegan\n|-damage|p1a: Finnegan|64\/100\n|\n|-heal|p1a: Finnegan|70\/100|[from] item: Leftovers\n|-heal|p2a: Barbara|87\/100|[from] item: Leftovers\n|upkeep\n|turn|4\n|\n|switch|p2a: Cheese stick|Zapdos|100\/100\n|move|p1a: Finnegan|Taunt|p2a: Cheese stick\n|-start|p2a: Cheese stick|move: Taunt\n|\n|-heal|p1a: Finnegan|76\/100|[from] item: Leftovers\n|upkeep\n|turn|5\n|\n|switch|p1a: Black & Decker|Rotom-Mow|56\/100\n|-damage|p1a: Black & Decker|43\/100|[from] Stealth Rock\n|move|p2a: Cheese stick|Discharge|p1a: Black & Decker\n|-resisted|p1a: Black & Decker\n|-damage|p1a: Black & Decker|28\/100\n|\n|upkeep\n|turn|6\n|\n|move|p1a: Black & Decker|Volt Switch|p2a: Cheese stick\n|-damage|p2a: Cheese stick|70\/100\n|\n|switch|p1a: Indiegogo|Kangaskhan, F|100\/100|[from]move: Volt Switch\n|-damage|p1a: Indiegogo|88\/100|[from] Stealth Rock\n|move|p2a: Cheese stick|U-turn|p1a: Indiegogo\n|-damage|p1a: Indiegogo|72\/100\n|\n|switch|p2a: Pringles|Jellicent, M, shiny|100\/100|[from]move: U-turn\n|\n|upkeep\n|turn|7\n|\n|switch|p1a: Finnegan|Tapu Fini|76\/100\n|-damage|p1a: Finnegan|64\/100|[from] Stealth Rock\n|move|p2a: Pringles|Scald|p1a: Finnegan\n|-resisted|p1a: Finnegan\n|-damage|p1a: Finnegan|54\/100\n|\n|-heal|p1a: Finnegan|60\/100|[from] item: Leftovers\n|-fieldend|Misty Terrain\n|upkeep\n|turn|8\n|\n|move|p1a: Finnegan|Defog|p2a: Pringles\n|-unboost|p2a: Pringles|evasion|1\n|-sideend|p1: D-Fallt|Stealth Rock|[from] move: Defog|[of] p1a: Finnegan\n|move|p2a: Pringles|Toxic|p1a: Finnegan\n|-status|p1a: Finnegan|tox\n|\n|-heal|p1a: Finnegan|66\/100 tox|[from] item: Leftovers\n|-damage|p1a: Finnegan|60\/100 tox|[from] psn\n|upkeep\n|turn|9\n|\n|switch|p1a: Black & Decker|Rotom-Mow|28\/100\n|switch|p2a: Barbara|Clefable, F, shiny|87\/100\n|\n|-heal|p2a: Barbara|93\/100|[from] item: Leftovers\n|upkeep\n|turn|10\n|\n|move|p1a: Black & Decker|Thunder Wave|p2a: Barbara\n|-status|p2a: Barbara|par\n|move|p2a: Barbara|Stealth Rock|p1a: Black & Decker\n|-sidestart|p1: D-Fallt|move: Stealth Rock\n|\n|-heal|p2a: Barbara|99\/100 par|[from] item: Leftovers\n|upkeep\n|turn|11\n|\n|move|p1a: Black & Decker|Volt Switch|p2a: Barbara\n|-damage|p2a: Barbara|80\/100 par\n|\n|switch|p1a: Finnegan|Tapu Fini|60\/100 tox|[from]move: Volt Switch\n|-damage|p1a: Finnegan|48\/100 tox|[from] Stealth Rock\n|-fieldstart|move: Misty Terrain|[from] ability: Misty Surge|[of] p1a: Finnegan\n|move|p2a: Barbara|Moonblast|p1a: Finnegan\n|-damage|p1a: Finnegan|21\/100 tox\n|\n|-heal|p1a: Finnegan|27\/100 tox|[from] item: Leftovers\n|-heal|p2a: Barbara|86\/100 par|[from] item: Leftovers\n|-damage|p1a: Finnegan|21\/100 tox|[from] psn\n|upkeep\n|turn|12\n|\n|move|p1a: Finnegan|Defog|p2a: Barbara\n|-unboost|p2a: Barbara|evasion|1\n|-sideend|p1: D-Fallt|Stealth Rock|[from] move: Defog|[of] p1a: Finnegan\n|cant|p2a: Barbara|par\n|\n|-heal|p1a: Finnegan|27\/100 tox|[from] item: Leftovers\n|-heal|p2a: Barbara|92\/100 par|[from] item: Leftovers\n|-damage|p1a: Finnegan|15\/100 tox|[from] psn\n|upkeep\n|turn|13\n|\n|move|p1a: Finnegan|Taunt|p2a: Barbara\n|-start|p2a: Barbara|move: Taunt\n|cant|p2a: Barbara|move: Taunt|Stealth Rock\n|\n|-heal|p1a: Finnegan|21\/100 tox|[from] item: Leftovers\n|-heal|p2a: Barbara|98\/100 par|[from] item: Leftovers\n|-damage|p1a: Finnegan|3\/100 tox|[from] psn\n|upkeep\n|turn|14\n|\n|switch|p2a: Pringles|Jellicent, M, shiny|100\/100\n|move|p1a: Finnegan|Moonblast|p2a: Pringles\n|-damage|p2a: Pringles|72\/100\n|\n|-heal|p1a: Finnegan|9\/100 tox|[from] item: Leftovers\n|-heal|p2a: Pringles|78\/100|[from] item: Leftovers\n|-damage|p1a: Finnegan|0 fnt|[from] psn\n|faint|p1a: Finnegan\n|upkeep\n|\n|switch|p1a: Za Hando|Pangoro, M|100\/100\n|turn|15\n|\n|switch|p2a: Barbara|Clefable, F, shiny|98\/100 par\n|move|p1a: Za Hando|Knock Off|p2a: Barbara\n|-resisted|p2a: Barbara\n|-damage|p2a: Barbara|69\/100 par\n|-enditem|p2a: Barbara|Leftovers|[from] move: Knock Off|[of] p1a: Za Hando\n|\n|-fieldend|Misty Terrain\n|upkeep\n|turn|16\n|\n|move|p1a: Za Hando|Bullet Punch|p2a: Barbara\n|-supereffective|p2a: Barbara\n|-damage|p2a: Barbara|25\/100 par\n|cant|p2a: Barbara|par\n|\n|upkeep\n|turn|17\n|\n|switch|p2a: Cheese stick|Zapdos|70\/100\n|move|p1a: Za Hando|Ice Punch|p2a: Cheese stick\n|-supereffective|p2a: Cheese stick\n|-damage|p2a: Cheese stick|5\/100\n|\n|-heal|p2a: Cheese stick|11\/100|[from] item: Leftovers\n|upkeep\n|turn|18\n|\n|move|p1a: Za Hando|Bullet Punch|p2a: Cheese stick\n|-resisted|p2a: Cheese stick\n|-damage|p2a: Cheese stick|2\/100\n|move|p2a: Cheese stick|Roost|p2a: Cheese stick\n|-heal|p2a: Cheese stick|52\/100\n|-singleturn|p2a: Cheese stick|move: Roost\n|\n|-heal|p2a: Cheese stick|59\/100|[from] item: Leftovers\n|upkeep\n|turn|19\n|\n|move|p2a: Cheese stick|Roost|p2a: Cheese stick\n|-heal|p2a: Cheese stick|100\/100\n|-singleturn|p2a: Cheese stick|move: Roost\n|move|p1a: Za Hando|Knock Off|p2a: Cheese stick\n|-damage|p2a: Cheese stick|42\/100\n|-enditem|p2a: Cheese stick|Leftovers|[from] move: Knock Off|[of] p1a: Za Hando\n|\n|upkeep\n|turn|20\n|\n|move|p2a: Cheese stick|Roost|p2a: Cheese stick\n|-heal|p2a: Cheese stick|92\/100\n|-singleturn|p2a: Cheese stick|move: Roost\n|move|p1a: Za Hando|Ice Punch|p2a: Cheese stick\n|-damage|p2a: Cheese stick|60\/100\n|-status|p1a: Za Hando|par|[from] ability: Static|[of] p2a: Cheese stick\n|\n|upkeep\n|turn|21\n|\n|move|p2a: Cheese stick|Discharge|p1a: Za Hando\n|-damage|p1a: Za Hando|64\/100 par\n|move|p1a: Za Hando|Drain Punch|p2a: Cheese stick\n|-resisted|p2a: Cheese stick\n|-damage|p2a: Cheese stick|34\/100\n|-heal|p1a: Za Hando|77\/100 par|[from] drain|[of] p2a: Cheese stick\n|\n|upkeep\n|turn|22\n|\n|move|p2a: Cheese stick|Roost|p2a: Cheese stick\n|-heal|p2a: Cheese stick|84\/100\n|-singleturn|p2a: Cheese stick|move: Roost\n|move|p1a: Za Hando|Ice Punch|p2a: Cheese stick\n|-damage|p2a: Cheese stick|48\/100\n|\n|upkeep\n|turn|23\n|\n|move|p2a: Cheese stick|Roost|p2a: Cheese stick\n|-heal|p2a: Cheese stick|98\/100\n|-singleturn|p2a: Cheese stick|move: Roost\n|move|p1a: Za Hando|Ice Punch|p2a: Cheese stick\n|-damage|p2a: Cheese stick|64\/100\n|\n|upkeep\n|turn|24\n|\n|move|p2a: Cheese stick|Discharge|p1a: Za Hando\n|-damage|p1a: Za Hando|41\/100 par\n|move|p1a: Za Hando|Drain Punch|p2a: Cheese stick\n|-resisted|p2a: Cheese stick\n|-damage|p2a: Cheese stick|40\/100\n|-heal|p1a: Za Hando|53\/100 par|[from] drain|[of] p2a: Cheese stick\n|\n|upkeep\n|turn|25\n|c|\u2606D-Fallt|How am I getting every one of these wrong\n|\n|move|p2a: Cheese stick|Roost|p2a: Cheese stick\n|-heal|p2a: Cheese stick|90\/100\n|-singleturn|p2a: Cheese stick|move: Roost\n|move|p1a: Za Hando|Ice Punch|p2a: Cheese stick\n|-damage|p2a: Cheese stick|57\/100\n|\n|upkeep\n|turn|26\n|\n|move|p2a: Cheese stick|Discharge|p1a: Za Hando\n|-damage|p1a: Za Hando|21\/100 par\n|cant|p1a: Za Hando|par\n|\n|upkeep\n|turn|27\n|\n|move|p2a: Cheese stick|Discharge|p1a: Za Hando\n|-damage|p1a: Za Hando|0 fnt\n|faint|p1a: Za Hando\n|\n|upkeep\n|\n|switch|p1a: Indiegogo|Kangaskhan, F|72\/100\n|turn|28\n|j| dingalingading\n|\n|switch|p1a: Black & Decker|Rotom-Mow|28\/100\n|move|p2a: Cheese stick|Roost|p2a: Cheese stick\n|-heal|p2a: Cheese stick|100\/100\n|-singleturn|p2a: Cheese stick|move: Roost\n|\n|upkeep\n|turn|29\n|\n|move|p1a: Black & Decker|Volt Switch|p2a: Cheese stick\n|-damage|p2a: Cheese stick|72\/100\n|\n|switch|p1a: Polygonus|Zygarde-10%|100\/100|[from]move: Volt Switch\n|-ability|p1a: Polygonus|Aura Break\n|move|p2a: Cheese stick|U-turn|p1a: Polygonus\n|-damage|p1a: Polygonus|77\/100\n|\n|switch|p2a: Pringles|Jellicent, M, shiny|78\/100|[from]move: U-turn\n|\n|-heal|p2a: Pringles|85\/100|[from] item: Leftovers\n|upkeep\n|turn|30\n|\n|switch|p1a: Black & Decker|Rotom-Mow|28\/100\n|move|p2a: Pringles|Ice Beam|p1a: Black & Decker\n|-supereffective|p1a: Black & Decker\n|-damage|p1a: Black & Decker|0 fnt\n|faint|p1a: Black & Decker\n|\n|-heal|p2a: Pringles|91\/100|[from] item: Leftovers\n|upkeep\n|\n|switch|p1a: DJ Coldid|Cloyster, M|100\/100\n|turn|31\n|\n|move|p1a: DJ Coldid|Shell Smash|p1a: DJ Coldid\n|-unboost|p1a: DJ Coldid|def|1\n|-unboost|p1a: DJ Coldid|spd|1\n|-boost|p1a: DJ Coldid|atk|2\n|-boost|p1a: DJ Coldid|spa|2\n|-boost|p1a: DJ Coldid|spe|2\n|move|p2a: Pringles|Toxic|p1a: DJ Coldid\n|-status|p1a: DJ Coldid|tox\n|\n|-heal|p2a: Pringles|97\/100|[from] item: Leftovers\n|-damage|p1a: DJ Coldid|94\/100 tox|[from] psn\n|upkeep\n|turn|32\n|c|\u2606D-Fallt|yeah, gg, I misplayed every one of those punches vs zapdos\n|\n|move|p1a: DJ Coldid|Icicle Spear|p2a: Pringles\n|-resisted|p2a: Pringles\n|-damage|p2a: Pringles|88\/100\n|-resisted|p2a: Pringles\n|-damage|p2a: Pringles|80\/100\n|-resisted|p2a: Pringles\n|-damage|p2a: Pringles|72\/100\n|-resisted|p2a: Pringles\n|-damage|p2a: Pringles|62\/100\n|-resisted|p2a: Pringles\n|-damage|p2a: Pringles|54\/100\n|-hitcount|p2a: Pringles|5\n|move|p2a: Pringles|Recover|p2a: Pringles\n|-heal|p2a: Pringles|100\/100\n|\n|-damage|p1a: DJ Coldid|82\/100 tox|[from] psn\n|upkeep\n|turn|33\n|\n|move|p1a: DJ Coldid|Shell Smash|p1a: DJ Coldid\n|-unboost|p1a: DJ Coldid|def|1\n|-unboost|p1a: DJ Coldid|spd|1\n|-boost|p1a: DJ Coldid|atk|2\n|-boost|p1a: DJ Coldid|spa|2\n|-boost|p1a: DJ Coldid|spe|2\n|move|p2a: Pringles|Ice Beam|p1a: DJ Coldid\n|-resisted|p1a: DJ Coldid\n|-damage|p1a: DJ Coldid|57\/100 tox\n|\n|-damage|p1a: DJ Coldid|38\/100 tox|[from] psn\n|upkeep\n|turn|34\n|\n|move|p1a: DJ Coldid|Icicle Spear|p2a: Pringles\n|-resisted|p2a: Pringles\n|-damage|p2a: Pringles|87\/100\n|-resisted|p2a: Pringles\n|-damage|p2a: Pringles|74\/100\n|-resisted|p2a: Pringles\n|-damage|p2a: Pringles|62\/100\n|-resisted|p2a: Pringles\n|-damage|p2a: Pringles|49\/100\n|-resisted|p2a: Pringles\n|-damage|p2a: Pringles|35\/100\n|-hitcount|p2a: Pringles|5\n|move|p2a: Pringles|Recover|p2a: Pringles\n|-heal|p2a: Pringles|85\/100\n|\n|-heal|p2a: Pringles|91\/100|[from] item: Leftovers\n|-damage|p1a: DJ Coldid|13\/100 tox|[from] psn\n|upkeep\n|turn|35\n|c|\u2606Walletinspector62|No rock blast?\n|c|\u2606D-Fallt|Nah, should've though\n|c|\u2606D-Fallt|This was the only thing that resisted both stabs, I made a mistake\n|-enditem|p1a: DJ Coldid|Custap Berry|[eat]\n|-activate|p1a: DJ Coldid|item: Custap Berry|[consumed]\n|\n|move|p1a: DJ Coldid|Icicle Spear|p2a: Pringles\n|-resisted|p2a: Pringles\n|-damage|p2a: Pringles|78\/100\n|-resisted|p2a: Pringles\n|-damage|p2a: Pringles|64\/100\n|-resisted|p2a: Pringles\n|-crit|p2a: Pringles\n|-damage|p2a: Pringles|45\/100\n|-resisted|p2a: Pringles\n|-damage|p2a: Pringles|31\/100\n|-resisted|p2a: Pringles\n|-damage|p2a: Pringles|19\/100\n|-hitcount|p2a: Pringles|5\n|move|p2a: Pringles|Recover|p2a: Pringles\n|-heal|p2a: Pringles|69\/100\n|\n|-heal|p2a: Pringles|75\/100|[from] item: Leftovers\n|-damage|p1a: DJ Coldid|0 fnt|[from] psn\n|faint|p1a: DJ Coldid\n|upkeep\n|c|\u2606D-Fallt|I'm the only person that can over prep and under prep at the same time\n|\n|switch|p1a: Indiegogo|Kangaskhan, F|72\/100\n|turn|36\n|\n|detailschange|p1a: Indiegogo|Kangaskhan-Mega, F\n|-mega|p1a: Indiegogo|Kangaskhan|Kangaskhanite\n|move|p1a: Indiegogo|Sucker Punch||[still]\n|-fail|p1a: Indiegogo\n|move|p2a: Pringles|Recover|p2a: Pringles\n|-heal|p2a: Pringles|100\/100\n|\n|upkeep\n|turn|37\n|\n|move|p1a: Indiegogo|Sucker Punch||[still]\n|-fail|p1a: Indiegogo\n|move|p2a: Pringles|Toxic|p1a: Indiegogo\n|-status|p1a: Indiegogo|tox\n|\n|-damage|p1a: Indiegogo|66\/100 tox|[from] psn\n|upkeep\n|turn|38\n|c|\u2606D-Fallt|I also didn't even put scrappy as the normal ability\n|\n|switch|p1a: Polygonus|Zygarde-10%|77\/100\n|-ability|p1a: Polygonus|Aura Break\n|move|p2a: Pringles|Ice Beam|p1a: Polygonus\n|-supereffective|p1a: Polygonus\n|-damage|p1a: Polygonus|0 fnt\n|faint|p1a: Polygonus\n|\n|upkeep\n|\n|switch|p1a: Indiegogo|Kangaskhan-Mega, F|66\/100 tox\n|turn|39\n|c|\u2606Walletinspector62|Gg\n|c|\u2606D-Fallt|gg\n|\n|move|p1a: Indiegogo|Sucker Punch|p2a: Pringles\n|-supereffective|p2a: Pringles\n|-damage|p2a: Pringles|65\/100\n|-supereffective|p2a: Pringles\n|-damage|p2a: Pringles|56\/100\n|-hitcount|p2a: Pringles|2\n|move|p2a: Pringles|Scald|p1a: Indiegogo\n|-damage|p1a: Indiegogo|42\/100 tox\n|\n|-heal|p2a: Pringles|62\/100|[from] item: Leftovers\n|-damage|p1a: Indiegogo|35\/100 tox|[from] psn\n|upkeep\n|turn|40\n|\n|move|p1a: Indiegogo|Sucker Punch||[still]\n|-fail|p1a: Indiegogo\n|move|p2a: Pringles|Recover|p2a: Pringles\n|-heal|p2a: Pringles|100\/100\n|\n|-damage|p1a: Indiegogo|23\/100 tox|[from] psn\n|upkeep\n|turn|41\n|\n|move|p1a: Indiegogo|Sucker Punch|p2a: Pringles\n|-supereffective|p2a: Pringles\n|-damage|p2a: Pringles|66\/100\n|-supereffective|p2a: Pringles\n|-damage|p2a: Pringles|56\/100\n|-hitcount|p2a: Pringles|2\n|move|p2a: Pringles|Scald|p1a: Indiegogo\n|-damage|p1a: Indiegogo|0 fnt\n|faint|p1a: Indiegogo\n|\n|win|Walletinspector62\n","uploadtime":1567272585,"views":4,"p1id":"dfallt","p2id":"walletinspector62","formatid":"gen7anythinggoes","rating":0,"private":0,"password":null}