{"id":"gen7ou-624585087","p1":"I'm back from mars","p2":"Rafael lj lima","format":"gen7ou","log":"|j|I'm back from mars\n|j|Rafael lj lima\n|player|p1|I'm back from mars|128\n|teamsize|p1|6\n|player|p2|Rafael lj lima|265\n|teamsize|p2|6\n|gametype|singles\n|gen|7\n|tier|[Gen 7] OU\n|rated\n|seed|48780,30484,40266,49663\n|rule|Sleep Clause Mod: Limit one foe put to sleep\n|rule|Species Clause: Limit one of each Pok\u00e9mon\n|rule|OHKO Clause: OHKO moves are banned\n|rule|Moody Clause: Moody is banned\n|rule|Evasion Moves Clause: Evasion moves are banned\n|rule|Endless Battle Clause: Forcing endless battles is banned\n|rule|HP Percentage Mod: HP is shown in percentages\n|clearpoke\n|poke|p1|Latias, F|item\n|poke|p1|Tangrowth, M|item\n|poke|p1|Tapu Koko|item\n|poke|p1|Dugtrio, F|item\n|poke|p1|Landorus-Therian, M|item\n|poke|p1|Heatran, M|item\n|poke|p2|Slowbro, F|item\n|poke|p2|Heatran, M|item\n|poke|p2|Tapu Bulu|item\n|poke|p2|Magnezone|item\n|poke|p2|Landorus-Therian, M|item\n|poke|p2|Latios, M|item\n|teampreview\n|choice|team 5, team 2, team 3, team 4, team 1, team 6|team 5, team 2, team 3, team 4, team 1, team 6\n|\n|start\n|switch|p1a: Landorus|Landorus-Therian, M|382\/382\n|switch|p2a: Landorus|Landorus-Therian, M|381\/381\n|-ability|p1a: Landorus|Intimidate|boost\n|-unboost|p2a: Landorus|atk|1\n|-ability|p2a: Landorus|Intimidate|boost\n|-unboost|p1a: Landorus|atk|1\n|turn|1\n|inactive|Battle timer is ON: inactive players will automatically lose when time's up. (requested by Rafael lj lima)\n|choice|move stealthrock|move stealthrock\n|\n|move|p1a: Landorus|Stealth Rock|p2a: Landorus\n|-sidestart|p2: Rafael lj lima|move: Stealth Rock\n|move|p2a: Landorus|Stealth Rock|p1a: Landorus\n|-sidestart|p1: I'm back from mars|move: Stealth Rock\n|\n|upkeep\n|turn|2\n|inactive|I'm back from mars has 120 seconds left.\n|choice|move hiddenpower|move knockoff\n|\n|move|p1a: Landorus|Hidden Power|p2a: Landorus\n|-supereffective|p2a: Landorus\n|-enditem|p2a: Landorus|Yache Berry|[eat]\n|-enditem|p2a: Landorus|Yache Berry|[weaken]\n|-damage|p2a: Landorus|281\/381\n|move|p2a: Landorus|Knock Off|p1a: Landorus\n|-damage|p1a: Landorus|327\/382\n|-enditem|p1a: Landorus|Leftovers|[from] move: Knock Off|[of] p2a: Landorus\n|\n|upkeep\n|turn|3\n|choice|move hiddenpower|move hiddenpower\n|\n|move|p1a: Landorus|Hidden Power|p2a: Landorus\n|-supereffective|p2a: Landorus\n|-damage|p2a: Landorus|77\/381\n|move|p2a: Landorus|Hidden Power|p1a: Landorus\n|-supereffective|p1a: Landorus\n|-damage|p1a: Landorus|123\/382\n|\n|upkeep\n|turn|4\n|choice|move hiddenpower|switch 5\n|\n|switch|p2a: Slowbro|Slowbro, F|393\/393\n|-damage|p2a: Slowbro|344\/393|[from] Stealth Rock\n|move|p1a: Landorus|Hidden Power|p2a: Slowbro\n|-resisted|p2a: Slowbro\n|-damage|p2a: Slowbro|326\/393\n|\n|upkeep\n|turn|5\n|inactive|I'm back from mars has 120 seconds left.\n|choice|move uturn|move calmmind\n|\n|move|p1a: Landorus|U-turn|p2a: Slowbro\n|-supereffective|p2a: Slowbro\n|-damage|p2a: Slowbro|230\/393\n|inactive|I'm back from mars has 120 seconds left.\n|choice|switch 3|\n|\n|switch|p1a: Tapu Koko|Tapu Koko|281\/281\n|-damage|p1a: Tapu Koko|246\/281|[from] Stealth Rock\n|-fieldstart|move: Electric Terrain|[from] ability: Electric Surge|[of] p1a: Tapu Koko\n|move|p2a: Slowbro|Calm Mind|p2a: Slowbro\n|-boost|p2a: Slowbro|spa|1\n|-boost|p2a: Slowbro|spd|1\n|\n|upkeep\n|turn|6\n|choice|move wildcharge|switch 5\n|\n|switch|p2a: Landorus|Landorus-Therian, M|77\/381\n|-damage|p2a: Landorus|30\/381|[from] Stealth Rock\n|-ability|p2a: Landorus|Intimidate|boost\n|-unboost|p1a: Tapu Koko|atk|1\n|move|p1a: Tapu Koko|Wild Charge|p2a: Landorus\n|-immune|p2a: Landorus|[msg]\n|\n|upkeep\n|turn|7\n|inactive|Rafael lj lima has 120 seconds left.\n|choice|move hiddenpower|move knockoff\n|\n|move|p1a: Tapu Koko|Hidden Power|p2a: Landorus\n|-supereffective|p2a: Landorus\n|-damage|p2a: Landorus|0 fnt\n|faint|p2a: Landorus\n|\n|upkeep\n|choice||switch 3\n|\n|switch|p2a: Tapu Bulu|Tapu Bulu|281\/281\n|-damage|p2a: Tapu Bulu|246\/281|[from] Stealth Rock\n|-fieldstart|move: Grassy Terrain|[from] ability: Grassy Surge|[of] p2a: Tapu Bulu\n|turn|8\n|choice|move uturn|move swordsdance\n|\n|move|p1a: Tapu Koko|U-turn|p2a: Tapu Bulu\n|-damage|p2a: Tapu Bulu|199\/281\n|choice|switch 6|\n|\n|switch|p1a: Heatran|Heatran, M|376\/376\n|-damage|p1a: Heatran|329\/376|[from] Stealth Rock\n|move|p2a: Tapu Bulu|Swords Dance|p2a: Tapu Bulu\n|-boost|p2a: Tapu Bulu|atk|2\n|\n|-heal|p1a: Heatran|352\/376|[from] item: Leftovers\n|-heal|p1a: Heatran|375\/376|[from] Grassy Terrain\n|-heal|p2a: Tapu Bulu|216\/281|[from] Grassy Terrain\n|upkeep\n|turn|9\n|choice|move magmastorm|switch 5\n|\n|switch|p2a: Slowbro|Slowbro, F|361\/393\n|-damage|p2a: Slowbro|312\/393|[from] Stealth Rock\n|move|p1a: Heatran|Magma Storm|p2a: Slowbro\n|-resisted|p2a: Slowbro\n|-damage|p2a: Slowbro|253\/393\n|-activate|p2a: Slowbro|move: Magma Storm|[of] p1a: Heatran\n|\n|-heal|p1a: Heatran|376\/376|[from] item: Leftovers\n|-heal|p2a: Slowbro|277\/393|[from] Grassy Terrain\n|-damage|p2a: Slowbro|228\/393|[from] move: Magma Storm|[partiallytrapped]\n|upkeep\n|turn|10\n|choice|move toxic|move calmmind\n|\n|move|p1a: Heatran|Toxic|p2a: Slowbro\n|-status|p2a: Slowbro|tox\n|move|p2a: Slowbro|Calm Mind|p2a: Slowbro\n|-boost|p2a: Slowbro|spa|1\n|-boost|p2a: Slowbro|spd|1\n|\n|-heal|p2a: Slowbro|252\/393 tox|[from] Grassy Terrain\n|-damage|p2a: Slowbro|228\/393 tox|[from] psn\n|-damage|p2a: Slowbro|179\/393 tox|[from] move: Magma Storm|[partiallytrapped]\n|upkeep\n|turn|11\n|choice|move substitute|move rest mega\n|\n|detailschange|p2a: Slowbro|Slowbro-Mega, F\n|-mega|p2a: Slowbro|Slowbro|Slowbronite\n|move|p1a: Heatran|Substitute|p1a: Heatran\n|-start|p1a: Heatran|Substitute\n|-damage|p1a: Heatran|282\/376\n|move|p2a: Slowbro|Rest|p2a: Slowbro\n|-status|p2a: Slowbro|slp\n|-heal|p2a: Slowbro|393\/393 slp|[silent]\n|-status|p2a: Slowbro|slp|[from] move: Rest\n|\n|-heal|p1a: Heatran|305\/376|[from] item: Leftovers\n|-heal|p1a: Heatran|328\/376|[from] Grassy Terrain\n|-damage|p2a: Slowbro|344\/393 slp|[from] move: Magma Storm|[partiallytrapped]\n|upkeep\n|turn|12\n|choice|switch 6|move sleeptalk\n|\n|switch|p1a: Tapu Koko|Tapu Koko|246\/281\n|-damage|p1a: Tapu Koko|211\/281|[from] Stealth Rock\n|-fieldstart|move: Electric Terrain|[from] ability: Electric Surge|[of] p1a: Tapu Koko\n|cant|p2a: Slowbro|slp\n|move|p2a: Slowbro|Sleep Talk|p2a: Slowbro\n|move|p2a: Slowbro|Calm Mind|p2a: Slowbro|[from]Sleep Talk\n|-boost|p2a: Slowbro|spa|1\n|-boost|p2a: Slowbro|spd|1\n|\n|upkeep\n|turn|13\n|inactive|Rafael lj lima has 120 seconds left.\n|choice|move wildcharge zmove|move sleeptalk\n|\n|-zpower|p1a: Tapu Koko\n|move|p1a: Tapu Koko|Gigavolt Havoc|p2a: Slowbro|[zeffect]\n|-supereffective|p2a: Slowbro\n|-damage|p2a: Slowbro|0 fnt\n|faint|p2a: Slowbro\n|\n|upkeep\n|choice||switch 5\n|\n|switch|p2a: Tapu Bulu|Tapu Bulu|216\/281\n|-damage|p2a: Tapu Bulu|181\/281|[from] Stealth Rock\n|-fieldstart|move: Grassy Terrain|[from] ability: Grassy Surge|[of] p2a: Tapu Bulu\n|turn|14\n|choice|move uturn|move stoneedge\n|\n|move|p1a: Tapu Koko|U-turn|p2a: Tapu Bulu\n|-damage|p2a: Tapu Bulu|113\/281\n|choice|switch 3|\n|\n|switch|p1a: Landorus|Landorus-Therian, M|123\/382\n|-damage|p1a: Landorus|76\/382|[from] Stealth Rock\n|-ability|p1a: Landorus|Intimidate|boost\n|-unboost|p2a: Tapu Bulu|atk|1\n|move|p2a: Tapu Bulu|Stone Edge|p1a: Landorus\n|-damage|p1a: Landorus|17\/382\n|\n|-heal|p2a: Tapu Bulu|130\/281|[from] Grassy Terrain\n|upkeep\n|turn|15\n|choice|switch 6|move hornleech\n|\n|switch|p1a: Heatran|Heatran, M|328\/376\n|-damage|p1a: Heatran|281\/376|[from] Stealth Rock\n|move|p2a: Tapu Bulu|Horn Leech|p1a: Heatran\n|-resisted|p1a: Heatran\n|-damage|p1a: Heatran|252\/376\n|-heal|p2a: Tapu Bulu|145\/281|[from] drain|[of] p1a: Heatran\n|\n|-heal|p1a: Heatran|275\/376|[from] item: Leftovers\n|-heal|p1a: Heatran|298\/376|[from] Grassy Terrain\n|-heal|p2a: Tapu Bulu|162\/281|[from] Grassy Terrain\n|upkeep\n|turn|16\n|choice|move substitute|switch 2\n|\n|switch|p2a: Heatran|Heatran, M|386\/386\n|-damage|p2a: Heatran|338\/386|[from] Stealth Rock\n|move|p1a: Heatran|Substitute|p1a: Heatran\n|-start|p1a: Heatran|Substitute\n|-damage|p1a: Heatran|204\/376\n|\n|-heal|p2a: Heatran|362\/386|[from] item: Leftovers\n|-heal|p1a: Heatran|227\/376|[from] item: Leftovers\n|-heal|p2a: Heatran|386\/386|[from] Grassy Terrain\n|-heal|p1a: Heatran|250\/376|[from] Grassy Terrain\n|upkeep\n|turn|17\n|choice|move earthpower|move substitute\n|\n|move|p1a: Heatran|Earth Power|p2a: Heatran\n|-supereffective|p2a: Heatran\n|-damage|p2a: Heatran|42\/386\n|move|p2a: Heatran|Substitute|p2a: Heatran\n|-fail|p2a: Heatran|move: Substitute|[weak]\n|\n|-heal|p2a: Heatran|66\/386|[from] item: Leftovers\n|-heal|p1a: Heatran|273\/376|[from] item: Leftovers\n|-heal|p2a: Heatran|90\/386|[from] Grassy Terrain\n|-heal|p1a: Heatran|296\/376|[from] Grassy Terrain\n|upkeep\n|turn|18\n|-message|Rafael lj lima forfeited.\n|\n|win|I'm back from mars\n|l|Rafael lj lima","inputlog":null,"uploadtime":1504106865,"views":8,"p1id":"imbackfrommars","p2id":"rafaelljlima","formatid":"gen7ou","rating":0,"private":0,"password":null}