{"id":"gen7ou-524778008","p1":"Candice","p2":"fran teste","format":"gen7ou","log":"|j|Candice\n|j|fran teste\n|player|p1|Candice|2\n|player|p2|fran teste|167\n|gametype|singles\n|gen|7\n|tier|[Gen 7] OU\n|rated\n|seed|26915,53624,40055,24664\n|clearpoke\n|poke|p1|Landorus-Therian, M|item\n|poke|p1|Charizard, F|item\n|poke|p1|Tapu Fini|item\n|poke|p1|Serperior, M|item\n|poke|p1|Tyranitar, M|item\n|poke|p1|Excadrill, M|item\n|poke|p2|Hoopa-Unbound|item\n|poke|p2|Landorus-Therian, M|item\n|poke|p2|Ferrothorn, M|item\n|poke|p2|Metagross|item\n|poke|p2|Tapu Fini|item\n|poke|p2|Zapdos|item\n|rule|Baton Pass Clause: Limit one Baton Passer, can't pass Spe and other stats simultaneously\n|rule|Sleep Clause Mod: Limit one foe put to sleep\n|rule|Species Clause: Limit one of each Pok\u00e9mon\n|rule|OHKO Clause: OHKO moves are banned\n|rule|Moody Clause: Moody is banned\n|rule|Evasion Moves Clause: Evasion moves are banned\n|rule|Endless Battle Clause: Forcing endless battles is banned\n|rule|HP Percentage Mod: HP is shown in percentages\n|teampreview\n|choice|team 1, team 2, team 3, team 4, team 5, team 6|team 2, team 1, team 3, team 4, team 5, team 6\n|\n|start\n|switch|p1a: Landorus|Landorus-Therian, M|319\/319\n|switch|p2a: Landorus|Landorus-Therian, M|344\/344\n|-ability|p1a: Landorus|Intimidate|boost\n|-unboost|p2a: Landorus|atk|1\n|-ability|p2a: Landorus|Intimidate|boost\n|-unboost|p1a: Landorus|atk|1\n|turn|1\n|choice|move knockoff|move swordsdance\n|\n|move|p1a: Landorus|Knock Off|p2a: Landorus\n|-damage|p2a: Landorus|286\/344\n|move|p2a: Landorus|Swords Dance|p2a: Landorus\n|-boost|p2a: Landorus|atk|2\n|\n|upkeep\n|turn|2\n|choice|switch 5|move fly zmove\n|\n|switch|p1a: Tyranitar|Tyranitar, M|403\/403\n|-weather|Sandstorm|[from] ability: Sand Stream|[of] p1a: Tyranitar\n|-zpower|p2a: Landorus\n|move|p2a: Landorus|Supersonic Skystrike|p1a: Tyranitar|[zeffect]\n|-resisted|p1a: Tyranitar\n|-damage|p1a: Tyranitar|197\/403\n|\n|-weather|Sandstorm|[upkeep]\n|upkeep\n|turn|3\n|choice|switch 5|move stealthrock\n|\n|switch|p1a: Landorus|Landorus-Therian, M|319\/319\n|-ability|p1a: Landorus|Intimidate|boost\n|-unboost|p2a: Landorus|atk|1\n|move|p2a: Landorus|Stealth Rock|p1a: Landorus\n|-sidestart|p1: Candice|move: Stealth Rock\n|\n|-weather|Sandstorm|[upkeep]\n|upkeep\n|turn|4\n|choice|move stoneedge|move swordsdance\n|\n|move|p1a: Landorus|Stone Edge|p2a: Landorus\n|-damage|p2a: Landorus|157\/344\n|move|p2a: Landorus|Swords Dance|p2a: Landorus\n|-boost|p2a: Landorus|atk|2\n|\n|-weather|Sandstorm|[upkeep]\n|upkeep\n|turn|5\n|choice|move stoneedge|move fly\n|\n|move|p1a: Landorus|Stone Edge|p2a: Landorus\n|-crit|p2a: Landorus\n|-damage|p2a: Landorus|0 fnt\n|faint|p2a: Landorus\n|\n|-weather|Sandstorm|[upkeep]\n|upkeep\n|choice||switch 5\n|\n|switch|p2a: Tapu Fini|Tapu Fini|344\/344\n|-fieldstart|move: Misty Terrain|[from] ability: Misty Surge|[of] p2a: Tapu Fini\n|turn|6\n|c|\u2605Candice|SORRY \/5\n|choice|switch 4|move moonblast\n|\n|switch|p1a: Serperior|Serperior, M|305\/305\n|-damage|p1a: Serperior|267\/305|[from] Stealth Rock\n|move|p2a: Tapu Fini|Moonblast|p1a: Serperior\n|-damage|p1a: Serperior|107\/305\n|-boost|p1a: Serperior|spa|1\n|\n|-weather|Sandstorm|[upkeep]\n|-damage|p1a: Serperior|88\/305|[from] sandstorm\n|-damage|p2a: Tapu Fini|323\/344|[from] sandstorm\n|-heal|p1a: Serperior|107\/305|[from] item: Leftovers\n|-heal|p2a: Tapu Fini|344\/344|[from] item: Leftovers\n|upkeep\n|turn|7\n|c|\u2605Candice|lol\n|choice|move leafstorm|switch 3\n|\n|switch|p2a: Ferrothorn|Ferrothorn, M|352\/352\n|move|p1a: Serperior|Leaf Storm|p2a: Ferrothorn\n|-resisted|p2a: Ferrothorn\n|-damage|p2a: Ferrothorn|315\/352\n|-boost|p1a: Serperior|spa|2\n|\n|-weather|Sandstorm|[upkeep]\n|-damage|p1a: Serperior|88\/305|[from] sandstorm\n|-heal|p1a: Serperior|107\/305|[from] item: Leftovers\n|-heal|p2a: Ferrothorn|337\/352|[from] item: Leftovers\n|upkeep\n|turn|8\n|c|\u2605fran teste|:V\n|choice|move hiddenpower|move gyroball\n|\n|move|p1a: Serperior|Hidden Power|p2a: Ferrothorn\n|-supereffective|p2a: Ferrothorn\n|-damage|p2a: Ferrothorn|41\/352\n|move|p2a: Ferrothorn|Gyro Ball|p1a: Serperior\n|-damage|p1a: Serperior|0 fnt\n|faint|p1a: Serperior\n|\n|-weather|Sandstorm|[upkeep]\n|-heal|p2a: Ferrothorn|63\/352|[from] item: Leftovers\n|upkeep\n|c|\u2605Candice|:(\n|c|\u2605fran teste|BG?\n|choice|switch 3|\n|\n|switch|p1a: Tapu Fini|Tapu Fini|343\/343\n|-damage|p1a: Tapu Fini|301\/343|[from] Stealth Rock\n|turn|9\n|choice|move defog|move leechseed\n|\n|move|p1a: Tapu Fini|Defog|p2a: Ferrothorn\n|-unboost|p2a: Ferrothorn|evasion|1\n|-sideend|p1: Candice|Stealth Rock|[from] move: Defog|[of] p1a: Tapu Fini\n|move|p2a: Ferrothorn|Leech Seed|p1a: Tapu Fini\n|-start|p1a: Tapu Fini|move: Leech Seed\n|\n|-weather|none\n|-heal|p1a: Tapu Fini|322\/343|[from] item: Leftovers\n|-heal|p2a: Ferrothorn|85\/352|[from] item: Leftovers\n|-damage|p1a: Tapu Fini|280\/343|[from] Leech Seed|[of] p2a: Ferrothorn\n|-heal|p2a: Ferrothorn|127\/352|[silent]\n|upkeep\n|turn|10\n|choice|switch 2|move leechseed\n|\n|switch|p1a: Charizard|Charizard, F|297\/297\n|move|p2a: Ferrothorn|Leech Seed|p1a: Charizard|[miss]\n|-miss|p2a: Ferrothorn|p1a: Charizard\n|\n|-heal|p2a: Ferrothorn|149\/352|[from] item: Leftovers\n|-fieldend|Misty Terrain\n|upkeep\n|turn|11\n|c|\u2605fran teste|OK MEN\n|choice|move fireblast mega|move leechseed\n|\n|detailschange|p1a: Charizard|Charizard-Mega-Y, F\n|-mega|p1a: Charizard|Charizard|Charizardite Y\n|-weather|SunnyDay|[from] ability: Drought|[of] p1a: Charizard\n|move|p1a: Charizard|Fire Blast|p2a: Ferrothorn\n|-supereffective|p2a: Ferrothorn\n|-damage|p2a: Ferrothorn|0 fnt\n|faint|p2a: Ferrothorn\n|\n|-weather|SunnyDay|[upkeep]\n|upkeep\n|c|\u2605Candice|lol\n|choice||switch 6\n|\n|switch|p2a: Zapdos|Zapdos|384\/384\n|-ability|p2a: Zapdos|Pressure\n|turn|12\n|c|\u2605Candice|this is unfair\n|choice|move fireblast|move discharge\n|\n|move|p1a: Charizard|Fire Blast|p2a: Zapdos\n|-damage|p2a: Zapdos|8\/384\n|move|p2a: Zapdos|Discharge|p1a: Charizard\n|-supereffective|p1a: Charizard\n|-damage|p1a: Charizard|97\/297\n|\n|-weather|SunnyDay|[upkeep]\n|-heal|p2a: Zapdos|32\/384|[from] item: Leftovers\n|upkeep\n|turn|13\n|choice|move solarbeam|move discharge\n|\n|move|p1a: Charizard|Solar Beam|p2a: Zapdos|[still]\n|-prepare|p1a: Charizard|Solar Beam|p2a: Zapdos\n|-anim|p1a: Charizard|Solar Beam|p2a: Zapdos\n|-resisted|p2a: Zapdos\n|-damage|p2a: Zapdos|0 fnt\n|faint|p2a: Zapdos\n|\n|-weather|SunnyDay|[upkeep]\n|upkeep\n|choice||switch 4\n|\n|switch|p2a: Metagross|Metagross|301\/301\n|turn|14\n|choice|switch 5|move zenheadbutt mega\n|\n|switch|p1a: Tyranitar|Tyranitar, M|197\/403\n|-weather|Sandstorm|[from] ability: Sand Stream|[of] p1a: Tyranitar\n|detailschange|p2a: Metagross|Metagross-Mega\n|-mega|p2a: Metagross|Metagross|Metagrossite\n|move|p2a: Metagross|Zen Headbutt|p1a: Tyranitar\n|-immune|p1a: Tyranitar|[msg]\n|\n|-weather|Sandstorm|[upkeep]\n|upkeep\n|turn|15\n|choice|switch 4|move meteormash\n|\n|switch|p1a: Landorus|Landorus-Therian, M|319\/319\n|-ability|p1a: Landorus|Intimidate|boost\n|-unboost|p2a: Metagross|atk|1\n|move|p2a: Metagross|Meteor Mash|p1a: Landorus\n|-damage|p1a: Landorus|162\/319\n|-boost|p2a: Metagross|atk|1\n|\n|-weather|Sandstorm|[upkeep]\n|upkeep\n|turn|16\n|choice|move earthquake|move meteormash\n|\n|move|p1a: Landorus|Earthquake|p2a: Metagross\n|-supereffective|p2a: Metagross\n|-damage|p2a: Metagross|25\/301\n|move|p2a: Metagross|Meteor Mash|p1a: Landorus\n|-damage|p1a: Landorus|0 fnt\n|faint|p1a: Landorus\n|\n|-weather|Sandstorm|[upkeep]\n|upkeep\n|choice|switch 6|\n|\n|switch|p1a: Excadrill|Excadrill, M|361\/361\n|turn|17\n|choice|move earthquake|switch 3\n|\n|switch|p2a: Tapu Fini|Tapu Fini|344\/344\n|-fieldstart|move: Misty Terrain|[from] ability: Misty Surge|[of] p2a: Tapu Fini\n|move|p1a: Excadrill|Earthquake|p2a: Tapu Fini\n|-damage|p2a: Tapu Fini|170\/344\n|\n|-weather|Sandstorm|[upkeep]\n|-damage|p2a: Tapu Fini|149\/344|[from] sandstorm\n|-heal|p2a: Tapu Fini|170\/344|[from] item: Leftovers\n|upkeep\n|turn|18\n|choice|move swordsdance|move surf\n|\n|move|p1a: Excadrill|Swords Dance|p1a: Excadrill\n|-boost|p1a: Excadrill|atk|2\n|move|p2a: Tapu Fini|Surf|p1a: Excadrill\n|-supereffective|p1a: Excadrill\n|-damage|p1a: Excadrill|0 fnt\n|faint|p1a: Excadrill\n|\n|-weather|Sandstorm|[upkeep]\n|-damage|p2a: Tapu Fini|149\/344|[from] sandstorm\n|-heal|p2a: Tapu Fini|170\/344|[from] item: Leftovers\n|upkeep\n|choice|switch 5|\n|\n|switch|p1a: Charizard|Charizard-Mega-Y, F|97\/297\n|-weather|SunnyDay|[from] ability: Drought|[of] p1a: Charizard\n|turn|19\n|choice|move solarbeam|move surf\n|\n|move|p1a: Charizard|Solar Beam|p2a: Tapu Fini|[still]\n|-prepare|p1a: Charizard|Solar Beam|p2a: Tapu Fini\n|-anim|p1a: Charizard|Solar Beam|p2a: Tapu Fini\n|-supereffective|p2a: Tapu Fini\n|-damage|p2a: Tapu Fini|0 fnt\n|faint|p2a: Tapu Fini\n|\n|-weather|SunnyDay|[upkeep]\n|upkeep\n|choice||switch 3\n|\n|switch|p2a: Metagross|Metagross-Mega|25\/301\n|turn|20\n|choice|switch 4|move thunderpunch\n|\n|switch|p1a: Tyranitar|Tyranitar, M|197\/403\n|-weather|Sandstorm|[from] ability: Sand Stream|[of] p1a: Tyranitar\n|move|p2a: Metagross|Thunder Punch|p1a: Tyranitar\n|-damage|p1a: Tyranitar|107\/403\n|\n|-weather|Sandstorm|[upkeep]\n|upkeep\n|turn|21\n|choice|move pursuit|move meteormash\n|\n|move|p2a: Metagross|Meteor Mash|p1a: Tyranitar\n|-supereffective|p1a: Tyranitar\n|-damage|p1a: Tyranitar|0 fnt\n|faint|p1a: Tyranitar\n|\n|-weather|Sandstorm|[upkeep]\n|-fieldend|Misty Terrain\n|upkeep\n|choice|switch 2|\n|\n|switch|p1a: Tapu Fini|Tapu Fini|280\/343\n|-fieldstart|move: Misty Terrain|[from] ability: Misty Surge|[of] p1a: Tapu Fini\n|turn|22\n|choice|move scald|move meteormash\n|\n|move|p2a: Metagross|Meteor Mash|p1a: Tapu Fini|[miss]\n|-miss|p2a: Metagross|p1a: Tapu Fini\n|move|p1a: Tapu Fini|Scald|p2a: Metagross\n|-damage|p2a: Metagross|0 fnt\n|faint|p2a: Metagross\n|\n|-weather|Sandstorm|[upkeep]\n|-damage|p1a: Tapu Fini|259\/343|[from] sandstorm\n|-heal|p1a: Tapu Fini|280\/343|[from] item: Leftovers\n|upkeep\n|c|\u2605fran teste|OK\n|choice||switch 2\n|\n|switch|p2a: Hoopa|Hoopa-Unbound|301\/301\n|turn|23\n|c|\u2605Candice|D:\n|choice|move naturesmadness|move gunkshot\n|\n|move|p2a: Hoopa|Gunk Shot|p1a: Tapu Fini\n|-supereffective|p1a: Tapu Fini\n|-damage|p1a: Tapu Fini|22\/343\n|move|p1a: Tapu Fini|Nature's Madness|p2a: Hoopa\n|-damage|p2a: Hoopa|151\/301\n|\n|-weather|Sandstorm|[upkeep]\n|-damage|p2a: Hoopa|133\/301|[from] sandstorm\n|-damage|p1a: Tapu Fini|1\/343|[from] sandstorm\n|-heal|p1a: Tapu Fini|22\/343|[from] item: Leftovers\n|upkeep\n|turn|24\n|choice|move scald|move gunkshot\n|\n|move|p2a: Hoopa|Gunk Shot|p1a: Tapu Fini\n|-supereffective|p1a: Tapu Fini\n|-damage|p1a: Tapu Fini|0 fnt\n|faint|p1a: Tapu Fini\n|\n|-weather|Sandstorm|[upkeep]\n|-damage|p2a: Hoopa|115\/301|[from] sandstorm\n|upkeep\n|choice|switch 4|\n|\n|switch|p1a: Charizard|Charizard-Mega-Y, F|97\/297\n|-weather|SunnyDay|[from] ability: Drought|[of] p1a: Charizard\n|turn|25\n|c|\u2605Candice|scarf\n|c|\u2605Candice|gg :'(\n|c|\u2605fran teste|NO\n|choice|move fireblast|move gunkshot\n|\n|move|p2a: Hoopa|Gunk Shot|p1a: Charizard\n|-damage|p1a: Charizard|0 fnt\n|faint|p1a: Charizard\n|\n|win|fran teste\n|player|p1\n|player|p2\n|raw|Candice's rating: 1446 &rarr; <strong>1419<\/strong><br \/>(-27 for losing)\n|raw|fran teste's rating: 1320 &rarr; <strong>1347<\/strong><br \/>(+27 for winning)\n|c|\u2605fran teste|:V\n|l|Candice\n|c|\u2605fran teste|O SHI","inputlog":null,"uploadtime":1485596158,"views":8,"p1id":"candice","p2id":"franteste","formatid":"gen7ou","rating":1347,"private":0,"password":null}