{"id":"gen7ou-844573687","p1":"Kasuki27","p2":"Moskito Cup","format":"gen7ou","log":"|j|\u2606Kasuki27\n|j|\u2606Moskito Cup\n|player|p1|Kasuki27|137\n|player|p2|Moskito Cup|2\n|teamsize|p1|6\n|teamsize|p2|6\n|gametype|singles\n|gen|7\n|tier|[Gen 7] OU\n|rated|\n|rule|Sleep Clause Mod: Limit one foe put to sleep\n|rule|Species Clause: Limit one of each Pok\u00e9mon\n|rule|OHKO Clause: OHKO moves are banned\n|rule|Moody Clause: Moody is banned\n|rule|Evasion Moves Clause: Evasion moves are banned\n|rule|Endless Battle Clause: Forcing endless battles is banned\n|rule|HP Percentage Mod: HP is shown in percentages\n|clearpoke\n|poke|p1|Gyarados, F|item\n|poke|p1|Victini|item\n|poke|p1|Tapu Bulu|item\n|poke|p1|Magearna|item\n|poke|p1|Tapu Koko|item\n|poke|p1|Landorus-Therian, M|item\n|poke|p2|Venusaur, F|item\n|poke|p2|Keldeo-Resolute|item\n|poke|p2|Skarmory, M|item\n|poke|p2|Chansey, F|item\n|poke|p2|Heatran, F|item\n|poke|p2|Bisharp, F|item\n|teampreview\n|inactive|Battle timer is ON: inactive players will automatically lose when time's up. (requested by Moskito Cup)\n|\n|start\n|switch|p1a: Tapu Koko|Tapu Koko|100\/100\n|switch|p2a: Heatran|Heatran, F|100\/100\n|-fieldstart|move: Electric Terrain|[from] ability: Electric Surge|[of] p1a: Tapu Koko\n|turn|1\n|\n|move|p1a: Tapu Koko|Thunderbolt|p2a: Heatran\n|-damage|p2a: Heatran|30\/100\n|-status|p2a: Heatran|par\n|cant|p2a: Heatran|par\n|\n|-heal|p2a: Heatran|36\/100 par|[from] item: Leftovers\n|upkeep\n|turn|2\n|\n|switch|p2a: Chansey|Chansey, F|100\/100\n|move|p1a: Tapu Koko|Thunderbolt|p2a: Chansey\n|-damage|p2a: Chansey|73\/100\n|\n|upkeep\n|turn|3\n|\n|switch|p1a: Victini|Victini|100\/100\n|move|p2a: Chansey|Aromatherapy|p2a: Chansey\n|-activate|p2a: Chansey|move: Aromatherapy\n|-curestatus|p2: Heatran|par|[msg]\n|\n|upkeep\n|turn|4\n|\n|move|p1a: Victini|Bolt Strike|p2a: Chansey|[miss]\n|-miss|p1a: Victini|p2a: Chansey\n|move|p2a: Chansey|Thunder Wave|p1a: Victini\n|-status|p1a: Victini|par\n|\n|upkeep\n|turn|5\n|\n|move|p1a: Victini|Bolt Strike|p2a: Chansey\n|-damage|p2a: Chansey|23\/100\n|move|p2a: Chansey|Soft-Boiled|p2a: Chansey\n|-heal|p2a: Chansey|73\/100\n|\n|-fieldend|move: Electric Terrain\n|upkeep\n|turn|6\n|\n|cant|p1a: Victini|par\n|move|p2a: Chansey|Soft-Boiled|p2a: Chansey\n|-heal|p2a: Chansey|100\/100\n|\n|upkeep\n|turn|7\n|\n|switch|p1a: Tapu Bulu|Tapu Bulu|100\/100\n|-fieldstart|move: Grassy Terrain|[from] ability: Grassy Surge|[of] p1a: Tapu Bulu\n|move|p2a: Chansey|Seismic Toss|p1a: Tapu Bulu\n|-damage|p1a: Tapu Bulu|71\/100\n|\n|-heal|p1a: Tapu Bulu|77\/100|[from] Grassy Terrain\n|upkeep\n|turn|8\n|\n|switch|p1a: Tapu Koko|Tapu Koko|100\/100\n|-fieldstart|move: Electric Terrain|[from] ability: Electric Surge|[of] p1a: Tapu Koko\n|move|p2a: Chansey|Thunder Wave|p1a: Tapu Koko\n|-immune|p1a: Tapu Koko\n|\n|upkeep\n|turn|9\n|\n|move|p1a: Tapu Koko|Volt Switch|p2a: Chansey\n|-crit|p2a: Chansey\n|-damage|p2a: Chansey|67\/100\n|\n|switch|p1a: Victini|Victini|100\/100 par\n|move|p2a: Chansey|Seismic Toss|p1a: Victini\n|-damage|p1a: Victini|71\/100 par\n|\n|upkeep\n|turn|10\n|\n|switch|p2a: Heatran|Heatran, F|36\/100\n|cant|p1a: Victini|par\n|\n|-heal|p2a: Heatran|42\/100|[from] item: Leftovers\n|upkeep\n|turn|11\n|\n|move|p2a: Heatran|Stealth Rock|p1a: Victini\n|-sidestart|p1: Kasuki27|move: Stealth Rock\n|move|p1a: Victini|Bolt Strike|p2a: Heatran\n|-damage|p2a: Heatran|0 fnt\n|faint|p2a: Heatran\n|\n|upkeep\n|\n|switch|p2a: Bisharp|Bisharp, F|100\/100\n|turn|12\n|\n|switch|p1a: Tapu Koko|Tapu Koko|100\/100\n|-damage|p1a: Tapu Koko|88\/100|[from] Stealth Rock\n|move|p2a: Bisharp|Knock Off|p1a: Tapu Koko\n|-resisted|p1a: Tapu Koko\n|-damage|p1a: Tapu Koko|50\/100\n|-enditem|p1a: Tapu Koko|Choice Specs|[from] move: Knock Off|[of] p2a: Bisharp\n|\n|-fieldend|move: Electric Terrain\n|upkeep\n|turn|13\n|\n|move|p1a: Tapu Koko|Thunderbolt|p2a: Bisharp\n|-damage|p2a: Bisharp|46\/100\n|move|p2a: Bisharp|Iron Head|p1a: Tapu Koko\n|-damage|p1a: Tapu Koko|0 fnt\n|faint|p1a: Tapu Koko\n|\n|-heal|p2a: Bisharp|52\/100|[from] item: Leftovers\n|upkeep\n|\n|switch|p1a: Magearna|Magearna|100\/100\n|-damage|p1a: Magearna|94\/100|[from] Stealth Rock\n|turn|14\n|\n|move|p2a: Bisharp|Iron Head|p1a: Magearna\n|-damage|p1a: Magearna|55\/100\n|move|p1a: Magearna|Volt Switch|p2a: Bisharp\n|-damage|p2a: Bisharp|17\/100\n|\n|switch|p1a: Gyarados|Gyarados, F|100\/100\n|-damage|p1a: Gyarados|76\/100|[from] Stealth Rock\n|-ability|p1a: Gyarados|Intimidate|boost\n|-unboost|p2a: Bisharp|atk|1\n|-ability|p2a: Bisharp|Defiant|boost\n|-boost|p2a: Bisharp|atk|2\n|\n|-heal|p2a: Bisharp|23\/100|[from] item: Leftovers\n|upkeep\n|turn|15\n|\n|switch|p2a: Skarmory|Skarmory, M|100\/100\n|detailschange|p1a: Gyarados|Gyarados-Mega, F\n|-mega|p1a: Gyarados|Gyarados|Gyaradosite\n|-ability|p1a: Gyarados|Mold Breaker\n|move|p1a: Gyarados|Crunch|p2a: Skarmory\n|-damage|p2a: Skarmory|70\/100\n|-damage|p1a: Gyarados|59\/100|[from] item: Rocky Helmet|[of] p2a: Skarmory\n|-unboost|p2a: Skarmory|def|1\n|\n|upkeep\n|turn|16\n|\n|move|p1a: Gyarados|Waterfall|p2a: Skarmory\n|-damage|p2a: Skarmory|25\/100\n|-damage|p1a: Gyarados|42\/100|[from] item: Rocky Helmet|[of] p2a: Skarmory\n|move|p2a: Skarmory|Brave Bird|p1a: Gyarados\n|-damage|p1a: Gyarados|12\/100\n|-damage|p2a: Skarmory|15\/100|[from] Recoil\n|\n|upkeep\n|turn|17\n|\n|move|p1a: Gyarados|Crunch|p2a: Skarmory\n|-damage|p2a: Skarmory|0 fnt\n|-damage|p1a: Gyarados|0 fnt|[from] item: Rocky Helmet|[of] p2a: Skarmory\n|faint|p2a: Skarmory\n|faint|p1a: Gyarados\n|\n|upkeep\n|\n|switch|p1a: Landorus|Landorus-Therian, M|100\/100\n|switch|p2a: Keldeo|Keldeo-Resolute|100\/100\n|-damage|p1a: Landorus|88\/100|[from] Stealth Rock\n|-ability|p1a: Landorus|Intimidate|boost\n|-unboost|p2a: Keldeo|atk|1\n|turn|18\n|\n|switch|p2a: Venusaur|Venusaur, F|100\/100\n|move|p1a: Landorus|Defog|p2a: Venusaur\n|-unboost|p2a: Venusaur|evasion|1\n|-sideend|p1: Kasuki27|Stealth Rock|[from] move: Defog|[of] p1a: Landorus\n|\n|upkeep\n|turn|19\n|\n|switch|p1a: Magearna|Magearna|55\/100\n|detailschange|p2a: Venusaur|Venusaur-Mega, F\n|-mega|p2a: Venusaur|Venusaur|Venusaurite\n|move|p2a: Venusaur|Hidden Power|p1a: Magearna\n|-supereffective|p1a: Magearna\n|-damage|p1a: Magearna|36\/100\n|\n|upkeep\n|turn|20\n|\n|move|p2a: Venusaur|Hidden Power|p1a: Magearna\n|-supereffective|p1a: Magearna\n|-damage|p1a: Magearna|18\/100\n|move|p1a: Magearna|Ice Beam|p2a: Venusaur\n|-supereffective|p2a: Venusaur\n|-damage|p2a: Venusaur|75\/100\n|\n|upkeep\n|turn|21\n|\n|move|p2a: Venusaur|Hidden Power|p1a: Magearna\n|-supereffective|p1a: Magearna\n|-damage|p1a: Magearna|0 fnt\n|faint|p1a: Magearna\n|\n|upkeep\n|\n|switch|p1a: Victini|Victini|71\/100 par\n|turn|22\n|\n|switch|p2a: Keldeo|Keldeo-Resolute|100\/100\n|move|p1a: Victini|V-create|p2a: Keldeo\n|-resisted|p2a: Keldeo\n|-damage|p2a: Keldeo|31\/100\n|-unboost|p1a: Victini|spe|1\n|-unboost|p1a: Victini|def|1\n|-unboost|p1a: Victini|spd|1\n|\n|-heal|p2a: Keldeo|38\/100|[from] item: Leftovers\n|upkeep\n|turn|23\n|\n|switch|p1a: Tapu Bulu|Tapu Bulu|77\/100\n|-fieldstart|move: Grassy Terrain|[from] ability: Grassy Surge|[of] p1a: Tapu Bulu\n|move|p2a: Keldeo|Scald|p1a: Tapu Bulu\n|-resisted|p1a: Tapu Bulu\n|-damage|p1a: Tapu Bulu|56\/100\n|\n|-heal|p2a: Keldeo|44\/100|[from] item: Leftovers\n|-heal|p2a: Keldeo|50\/100|[from] Grassy Terrain\n|-heal|p1a: Tapu Bulu|63\/100|[from] Grassy Terrain\n|upkeep\n|turn|24\n|\n|move|p2a: Keldeo|Scald|p1a: Tapu Bulu\n|-resisted|p1a: Tapu Bulu\n|-damage|p1a: Tapu Bulu|42\/100\n|move|p1a: Tapu Bulu|Swords Dance|p1a: Tapu Bulu\n|-boost|p1a: Tapu Bulu|atk|2\n|\n|-heal|p2a: Keldeo|56\/100|[from] item: Leftovers\n|-heal|p2a: Keldeo|62\/100|[from] Grassy Terrain\n|-heal|p1a: Tapu Bulu|48\/100|[from] Grassy Terrain\n|upkeep\n|turn|25\n|\n|move|p2a: Keldeo|Scald|p1a: Tapu Bulu\n|-resisted|p1a: Tapu Bulu\n|-damage|p1a: Tapu Bulu|27\/100\n|move|p1a: Tapu Bulu|Swords Dance|p1a: Tapu Bulu\n|-boost|p1a: Tapu Bulu|atk|2\n|\n|-heal|p2a: Keldeo|68\/100|[from] item: Leftovers\n|-heal|p2a: Keldeo|75\/100|[from] Grassy Terrain\n|-heal|p1a: Tapu Bulu|33\/100|[from] Grassy Terrain\n|upkeep\n|turn|26\n|\n|move|p2a: Keldeo|Scald|p1a: Tapu Bulu\n|-resisted|p1a: Tapu Bulu\n|-damage|p1a: Tapu Bulu|14\/100\n|-status|p1a: Tapu Bulu|brn\n|move|p1a: Tapu Bulu|Horn Leech|p2a: Keldeo\n|-supereffective|p2a: Keldeo\n|-damage|p2a: Keldeo|0 fnt\n|-heal|p1a: Tapu Bulu|49\/100 brn|[from] drain|[of] p2a: Keldeo\n|faint|p2a: Keldeo\n|\n|-heal|p1a: Tapu Bulu|55\/100 brn|[from] Grassy Terrain\n|-damage|p1a: Tapu Bulu|49\/100 brn|[from] brn\n|upkeep\n|\n|switch|p2a: Venusaur|Venusaur-Mega, F|75\/100\n|turn|27\n|\n|move|p2a: Venusaur|Synthesis|p2a: Venusaur\n|-heal|p2a: Venusaur|100\/100\n|-zpower|p1a: Tapu Bulu\n|move|p1a: Tapu Bulu|All-Out Pummeling|p2a: Venusaur|[zeffect]\n|-resisted|p2a: Venusaur\n|-damage|p2a: Venusaur|68\/100\n|\n|-heal|p2a: Venusaur|74\/100|[from] Grassy Terrain\n|-heal|p1a: Tapu Bulu|55\/100 brn|[from] Grassy Terrain\n|-fieldend|move: Grassy Terrain\n|-damage|p1a: Tapu Bulu|49\/100 brn|[from] brn\n|upkeep\n|turn|28\n|j| Alvar\n|\n|switch|p1a: Victini|Victini|71\/100 par\n|move|p2a: Venusaur|Sludge Bomb|p1a: Victini\n|-damage|p1a: Victini|34\/100 par\n|\n|upkeep\n|turn|29\n|\n|move|p2a: Venusaur|Sludge Bomb|p1a: Victini\n|-damage|p1a: Victini|0 fnt\n|faint|p1a: Victini\n|\n|upkeep\n|\n|switch|p1a: Landorus|Landorus-Therian, M|88\/100\n|-ability|p1a: Landorus|Intimidate|boost\n|-unboost|p2a: Venusaur|atk|1\n|turn|30\n|\n|move|p1a: Landorus|Earthquake|p2a: Venusaur\n|-damage|p2a: Venusaur|41\/100\n|move|p2a: Venusaur|Giga Drain|p1a: Landorus\n|-damage|p1a: Landorus|46\/100\n|-heal|p2a: Venusaur|60\/100|[from] drain|[of] p1a: Landorus\n|\n|upkeep\n|turn|31\n|\n|move|p1a: Landorus|Earthquake|p2a: Venusaur\n|-crit|p2a: Venusaur\n|-damage|p2a: Venusaur|13\/100\n|move|p2a: Venusaur|Synthesis|p2a: Venusaur\n|-heal|p2a: Venusaur|63\/100\n|\n|upkeep\n|turn|32\n|-message|Kasuki27 forfeited.\n|\n|win|Moskito Cup\n|l|\u2606Kasuki27\n|l|\u2606Moskito Cup\n|raw|Kasuki27's rating: 1786 &rarr; <strong>1761<\/strong><br \/>(-25 for losing)\n|raw|Moskito Cup's rating: 1697 &rarr; <strong>1722<\/strong><br \/>(+25 for winning)\n","uploadtime":1546643828,"views":104,"p1id":"kasuki27","p2id":"moskitocup","formatid":"gen7ou","rating":1722,"private":0,"password":null}