{"id":"gen7randombattle-813176248","p1":"Doin'UrMom(\u00b0 \u035c\u00b0)","p2":"wolfwarrior","format":"gen7randombattle","log":"|j|\u2606Doin'UrMom(\u00b0 \u035c\u00b0)\n|j|\u2606wolfwarrior\n|player|p1|Doin'UrMom(\u00b0 \u035c\u00b0)|156\n|player|p2|wolfwarrior|162\n|teamsize|p1|6\n|teamsize|p2|6\n|gametype|singles\n|gen|7\n|tier|[Gen 7] Random Battle\n|rated|\n|seed|18436,1474,43256,17215\n|rule|Sleep Clause Mod: Limit one foe put to sleep\n|rule|HP Percentage Mod: HP is shown in percentages\n|\n|start\n|switch|p1a: Rotom|Rotom-Fan, L83|219\/219\n|switch|p2a: Bouffalant|Bouffalant, L83, F|293\/293\n|turn|1\n|inactive|Battle timer is ON: inactive players will automatically lose when time's up. (requested by wolfwarrior)\n|\n|switch|p2a: Vanilluxe|Vanilluxe, L81, M|247\/247\n|-weather|Hail|[from] ability: Snow Warning|[of] p2a: Vanilluxe\n|move|p1a: Rotom|Will-O-Wisp|p2a: Vanilluxe\n|-status|p2a: Vanilluxe|brn\n|\n|-weather|Hail|[upkeep]\n|-damage|p1a: Rotom|206\/219|[from] Hail\n|-damage|p2a: Vanilluxe|232\/247 brn|[from] brn\n|upkeep\n|turn|2\n|\n|move|p1a: Rotom|Volt Switch|p2a: Vanilluxe\n|-damage|p2a: Vanilluxe|160\/247 brn\n|c|\u2606wolfwarrior|shit wet huh\n|\n|switch|p1a: Lucario|Lucario, L73, M|223\/223|[from]move: Volt Switch\n|move|p2a: Vanilluxe|Blizzard|p1a: Lucario\n|-resisted|p1a: Lucario\n|-damage|p1a: Lucario|109\/223\n|-damage|p2a: Vanilluxe|136\/247 brn|[from] item: Life Orb\n|\n|-weather|Hail|[upkeep]\n|-damage|p1a: Lucario|96\/223|[from] Hail\n|-damage|p2a: Vanilluxe|121\/247 brn|[from] brn\n|upkeep\n|turn|3\n|\n|detailschange|p1a: Lucario|Lucario-Mega, L73, M\n|-mega|p1a: Lucario|Lucario|Lucarionite\n|move|p1a: Lucario|Meteor Mash|p2a: Vanilluxe\n|-supereffective|p2a: Vanilluxe\n|-damage|p2a: Vanilluxe|0 fnt\n|-boost|p1a: Lucario|atk|1\n|faint|p2a: Vanilluxe\n|\n|-weather|Hail|[upkeep]\n|-damage|p1a: Lucario|83\/223|[from] Hail\n|upkeep\n|\n|switch|p2a: Tornadus|Tornadus-Therian, L75, M|242\/242\n|turn|4\n|\n|switch|p1a: Tyrantrum|Tyrantrum, L79, F|259\/259\n|move|p2a: Tornadus|Heat Wave|p1a: Tyrantrum\n|-resisted|p1a: Tyrantrum\n|-damage|p1a: Tyrantrum|237\/259\n|\n|-weather|Hail|[upkeep]\n|-damage|p2a: Tornadus|227\/242|[from] Hail\n|-damage|p1a: Tyrantrum|221\/259|[from] Hail\n|upkeep\n|turn|5\n|\n|move|p2a: Tornadus|U-turn|p1a: Tyrantrum\n|-damage|p1a: Tyrantrum|187\/259\n|\n|switch|p2a: Whiscash|Whiscash, L83, F|318\/318|[from]move: U-turn\n|move|p1a: Tyrantrum|Head Smash|p2a: Whiscash\n|-resisted|p2a: Whiscash\n|-damage|p2a: Whiscash|222\/318\n|\n|-weather|none\n|upkeep\n|turn|6\n|\n|switch|p1a: Mandibuzz|Mandibuzz, L79, F|303\/303\n|move|p2a: Whiscash|Waterfall|p1a: Mandibuzz\n|-damage|p1a: Mandibuzz|203\/303\n|\n|-heal|p1a: Mandibuzz|221\/303|[from] item: Leftovers\n|upkeep\n|turn|7\n|\n|switch|p2a: Zekrom|Zekrom, L73|266\/266\n|-ability|p2a: Zekrom|Teravolt\n|move|p1a: Mandibuzz|Taunt|p2a: Zekrom\n|-start|p2a: Zekrom|move: Taunt\n|\n|-heal|p1a: Mandibuzz|239\/303|[from] item: Leftovers\n|upkeep\n|turn|8\n|\n|switch|p1a: Sandslash|Sandslash, L83, M|260\/260\n|move|p2a: Zekrom|Volt Switch|p1a: Sandslash\n|-immune|p1a: Sandslash|[msg]\n|\n|upkeep\n|turn|9\n|\n|switch|p2a: Bouffalant|Bouffalant, L83, F|293\/293\n|move|p1a: Sandslash|Toxic|p2a: Bouffalant\n|-status|p2a: Bouffalant|tox\n|\n|-damage|p2a: Bouffalant|275\/293 tox|[from] psn\n|upkeep\n|turn|10\n|\n|switch|p1a: Lucario|Lucario-Mega, L73, M|83\/223\n|move|p2a: Bouffalant|Head Charge|p1a: Lucario\n|-resisted|p1a: Lucario\n|-damage|p1a: Lucario|0 fnt\n|-damage|p2a: Bouffalant|254\/293 tox|[from] Recoil\n|faint|p1a: Lucario\n|\n|-damage|p2a: Bouffalant|218\/293 tox|[from] psn\n|upkeep\n|\n|switch|p1a: Mandibuzz|Mandibuzz, L79, F|239\/303\n|turn|11\n|\n|move|p1a: Mandibuzz|Knock Off|p2a: Bouffalant\n|-damage|p2a: Bouffalant|146\/293 tox\n|-enditem|p2a: Bouffalant|Choice Band|[from] move: Knock Off|[of] p1a: Mandibuzz\n|move|p2a: Bouffalant|Head Charge|p1a: Mandibuzz\n|-damage|p1a: Mandibuzz|101\/303\n|-damage|p2a: Bouffalant|111\/293 tox|[from] Recoil\n|\n|-heal|p1a: Mandibuzz|119\/303|[from] item: Leftovers\n|-damage|p2a: Bouffalant|57\/293 tox|[from] psn\n|upkeep\n|turn|12\n|\n|move|p1a: Mandibuzz|Roost|p1a: Mandibuzz\n|-heal|p1a: Mandibuzz|271\/303\n|move|p2a: Bouffalant|Head Charge|p1a: Mandibuzz\n|-damage|p1a: Mandibuzz|153\/303\n|-damage|p2a: Bouffalant|27\/293 tox|[from] Recoil\n|\n|-heal|p1a: Mandibuzz|171\/303|[from] item: Leftovers\n|-damage|p2a: Bouffalant|0 fnt|[from] psn\n|upkeep\n|faint|p2a: Bouffalant\n|\n|switch|p2a: Whiscash|Whiscash, L83, F|222\/318\n|turn|13\n|\n|move|p1a: Mandibuzz|Toxic|p2a: Whiscash\n|-status|p2a: Whiscash|tox\n|move|p2a: Whiscash|Stone Edge|p1a: Mandibuzz\n|-supereffective|p1a: Mandibuzz\n|-damage|p1a: Mandibuzz|7\/303\n|\n|-heal|p1a: Mandibuzz|25\/303|[from] item: Leftovers\n|-damage|p2a: Whiscash|203\/318 tox|[from] psn\n|upkeep\n|turn|14\n|\n|switch|p2a: Tornadus|Tornadus-Therian, L75, M|242\/242\n|move|p1a: Mandibuzz|Roost|p1a: Mandibuzz\n|-heal|p1a: Mandibuzz|177\/303\n|\n|-heal|p1a: Mandibuzz|195\/303|[from] item: Leftovers\n|upkeep\n|turn|15\n|\n|move|p2a: Tornadus|U-turn|p1a: Mandibuzz\n|-damage|p1a: Mandibuzz|158\/303\n|\n|switch|p2a: Whiscash|Whiscash, L83, F|203\/318 tox|[from]move: U-turn\n|move|p1a: Mandibuzz|Knock Off|p2a: Whiscash\n|-crit|p2a: Whiscash\n|-damage|p2a: Whiscash|77\/318 tox\n|-enditem|p2a: Whiscash|Choice Band|[from] move: Knock Off|[of] p1a: Mandibuzz\n|\n|-heal|p1a: Mandibuzz|176\/303|[from] item: Leftovers\n|-damage|p2a: Whiscash|58\/318 tox|[from] psn\n|upkeep\n|turn|16\n|\n|move|p1a: Mandibuzz|Roost|p1a: Mandibuzz\n|-heal|p1a: Mandibuzz|303\/303\n|move|p2a: Whiscash|Waterfall|p1a: Mandibuzz\n|-damage|p1a: Mandibuzz|237\/303\n|\n|-heal|p1a: Mandibuzz|255\/303|[from] item: Leftovers\n|-damage|p2a: Whiscash|20\/318 tox|[from] psn\n|upkeep\n|turn|17\n|\n|move|p1a: Mandibuzz|Knock Off|p2a: Whiscash\n|-damage|p2a: Whiscash|0 fnt\n|faint|p2a: Whiscash\n|\n|-heal|p1a: Mandibuzz|273\/303|[from] item: Leftovers\n|upkeep\n|\n|switch|p2a: Zekrom|Zekrom, L73|266\/266\n|-ability|p2a: Zekrom|Teravolt\n|turn|18\n|\n|move|p2a: Zekrom|Dragon Claw|p1a: Mandibuzz\n|-crit|p1a: Mandibuzz\n|-damage|p1a: Mandibuzz|134\/303\n|move|p1a: Mandibuzz|Toxic|p2a: Zekrom\n|-status|p2a: Zekrom|tox\n|\n|-heal|p1a: Mandibuzz|152\/303|[from] item: Leftovers\n|-damage|p2a: Zekrom|250\/266 tox|[from] psn\n|upkeep\n|turn|19\n|\n|switch|p1a: Sandslash|Sandslash, L83, M|260\/260\n|move|p2a: Zekrom|Dragon Claw|p1a: Sandslash\n|-damage|p1a: Sandslash|184\/260\n|\n|-heal|p1a: Sandslash|200\/260|[from] item: Leftovers\n|-damage|p2a: Zekrom|218\/266 tox|[from] psn\n|upkeep\n|turn|20\n|\n|move|p2a: Zekrom|Draco Meteor|p1a: Sandslash\n|-damage|p1a: Sandslash|20\/260\n|-unboost|p2a: Zekrom|spa|2\n|move|p1a: Sandslash|Earthquake|p2a: Zekrom\n|-supereffective|p2a: Zekrom\n|-damage|p2a: Zekrom|30\/266 tox\n|\n|-heal|p1a: Sandslash|36\/260|[from] item: Leftovers\n|-damage|p2a: Zekrom|0 fnt|[from] psn\n|upkeep\n|faint|p2a: Zekrom\n|c|\u2606Doin'UrMom(\u00b0 \u035c\u00b0)|:3\n|\n|switch|p2a: Landorus|Landorus, L73, M|250\/250\n|turn|21\n|\n|move|p2a: Landorus|Calm Mind|p2a: Landorus\n|-boost|p2a: Landorus|spa|1\n|-boost|p2a: Landorus|spd|1\n|move|p1a: Sandslash|Toxic|p2a: Landorus|[miss]\n|-miss|p1a: Sandslash|p2a: Landorus\n|\n|-heal|p1a: Sandslash|52\/260|[from] item: Leftovers\n|upkeep\n|turn|22\n|\n|move|p2a: Landorus|Calm Mind|p2a: Landorus\n|-boost|p2a: Landorus|spa|1\n|-boost|p2a: Landorus|spd|1\n|move|p1a: Sandslash|Toxic|p2a: Landorus\n|-status|p2a: Landorus|tox\n|\n|-heal|p1a: Sandslash|68\/260|[from] item: Leftovers\n|-damage|p2a: Landorus|235\/250 tox|[from] psn\n|upkeep\n|turn|23\n|\n|move|p2a: Landorus|Earth Power|p1a: Sandslash\n|-damage|p1a: Sandslash|0 fnt\n|faint|p1a: Sandslash\n|\n|-damage|p2a: Landorus|205\/250 tox|[from] psn\n|upkeep\n|\n|switch|p1a: Mandibuzz|Mandibuzz, L79, F|152\/303\n|turn|24\n|\n|move|p2a: Landorus|Sludge Wave|p1a: Mandibuzz\n|-damage|p1a: Mandibuzz|0 fnt\n|faint|p1a: Mandibuzz\n|\n|-damage|p2a: Landorus|160\/250 tox|[from] psn\n|upkeep\n|\n|switch|p1a: Darmanitan|Darmanitan, L77, F|287\/287\n|turn|25\n|c|\u2606Doin'UrMom(\u00b0 \u035c\u00b0)|>:3\n|\n|switch|p2a: Tornadus|Tornadus-Therian, L75, M|242\/242\n|move|p1a: Darmanitan|Flare Blitz|p2a: Tornadus\n|-damage|p2a: Tornadus|0 fnt\n|-damage|p1a: Darmanitan|207\/287|[from] Recoil\n|faint|p2a: Tornadus\n|\n|upkeep\n|\n|switch|p2a: Landorus|Landorus, L73, M|160\/250 tox\n|turn|26\n|\n|move|p1a: Darmanitan|Flare Blitz|p2a: Landorus\n|-crit|p2a: Landorus\n|-damage|p2a: Landorus|0 fnt\n|-damage|p1a: Darmanitan|154\/287|[from] Recoil\n|faint|p2a: Landorus\n|\n|win|Doin'UrMom(\u00b0 \u035c\u00b0)\n|raw|Doin&apos;UrMom(\u00b0 \u035c\u00b0)'s rating: 1542 &rarr; <strong>1562<\/strong><br \/>(+20 for winning)\n|raw|wolfwarrior's rating: 1544 &rarr; <strong>1524<\/strong><br \/>(-20 for losing)\n|l|\u2606wolfwarrior\n","inputlog":">version 868db27e94498f389a7a626aa1a1bd2d22216cd7\n>start {\"formatid\":\"gen7randombattle\",\"seed\":[18436,1474,43256,17215],\"rated\":\"Rated battle\"}\n>player p1 {\"name\":\"Doin'UrMom(\u00b0 \u035c\u00b0)\",\"avatar\":\"156\",\"team\":\"\"}\n>player p2 {\"name\":\"wolfwarrior\",\"avatar\":\"162\",\"team\":\"\"}\n>p1 move willowisp\n>p2 switch 6\n>p1 move voltswitch\n>p2 move blizzard\n>p1 switch 3\n>p1 move meteormash mega\n>p2 move blizzard\n>p2 switch 2\n>p1 switch 4\n>p2 move heatwave\n>p1 move headsmash\n>p2 move uturn\n>p2 switch 3\n>p1 switch 6\n>p2 move waterfall\n>p1 move taunt\n>p2 switch 5\n>p1 switch 2\n>p2 move voltswitch\n>p1 move toxic\n>p2 switch 6\n>p1 switch 4\n>p2 move headcharge\n>p1 switch 2\n>p1 move knockoff\n>p2 move headcharge\n>p1 move roost\n>p2 move headcharge\n>p2 switch 5\n>p1 move toxic\n>p2 move stoneedge\n>p1 move roost\n>p2 switch 3\n>p1 move knockoff\n>p2 move uturn\n>p2 switch 3\n>p1 move roost\n>p2 move waterfall\n>p1 move knockoff\n>p2 move stoneedge\n>p2 switch 6\n>p1 move toxic\n>p2 move dragonclaw\n>p1 switch 4\n>p2 move dragonclaw\n>p1 move earthquake\n>p2 move dracometeor\n>p2 switch 4\n>p1 move toxic\n>p2 move calmmind\n>p1 move toxic\n>p2 move calmmind\n>p1 move knockoff\n>p2 move earthpower\n>p1 switch 4\n>p1 move roost\n>p2 move sludgewave\n>p1 switch 5\n>p1 move flareblitz\n>p2 switch 3\n>p2 switch 3\n>p1 move flareblitz\n>p2 move rockpolish","uploadtime":1538278795,"views":1,"p1id":"doinurmom","p2id":"wolfwarrior","formatid":"gen7randombattle","rating":1524,"private":0,"password":null}