{"id":"gen7ou-899383607","p1":"robopoke5","p2":"ghecisbestvillain","format":"gen7ou","log":"|j|\u2606robopoke5\n|j|\u2606ghecisbestvillain\n|player|p1|robopoke5|265\n|player|p2|ghecisbestvillain|87\n|teamsize|p1|6\n|teamsize|p2|6\n|gametype|singles\n|gen|7\n|tier|[Gen 7] OU\n|rated|\n|rule|Sleep Clause Mod: Limit one foe put to sleep\n|rule|Species Clause: Limit one of each Pok\u00e9mon\n|rule|OHKO Clause: OHKO moves are banned\n|rule|Moody Clause: Moody is banned\n|rule|Evasion Moves Clause: Evasion moves are banned\n|rule|Endless Battle Clause: Forcing endless battles is banned\n|rule|HP Percentage Mod: HP is shown in percentages\n|clearpoke\n|poke|p1|Mawile, M|item\n|poke|p1|Tapu Bulu|item\n|poke|p1|Heatran, F|item\n|poke|p1|Greninja, M|item\n|poke|p1|Landorus-Therian, M|item\n|poke|p1|Salamence, M|item\n|poke|p2|Hawlucha, M|item\n|poke|p2|Clefable, F|item\n|poke|p2|Charizard, M|item\n|poke|p2|Tapu Koko|item\n|poke|p2|Magearna|item\n|poke|p2|Kyurem-Black|item\n|teampreview\n|inactive|Battle timer is ON: inactive players will automatically lose when time's up. (requested by ghecisbestvillain)\n|\n|start\n|switch|p1a: Heatran|Heatran, F|100\/100\n|switch|p2a: Tapu Koko|Tapu Koko|100\/100\n|-fieldstart|move: Electric Terrain|[from] ability: Electric Surge|[of] p2a: Tapu Koko\n|turn|1\n|\n|move|p2a: Tapu Koko|Taunt|p1a: Heatran\n|-start|p1a: Heatran|move: Taunt\n|cant|p1a: Heatran|move: Taunt|Stealth Rock\n|\n|upkeep\n|turn|2\n|\n|switch|p2a: Kyurem|Kyurem-Black|100\/100\n|-ability|p2a: Kyurem|Teravolt\n|move|p1a: Heatran|Lava Plume|p2a: Kyurem\n|-damage|p2a: Kyurem|68\/100\n|-status|p2a: Kyurem|brn\n|\n|-damage|p2a: Kyurem|62\/100 brn|[from] brn\n|upkeep\n|turn|3\n|\n|move|p2a: Kyurem|Ice Beam|p1a: Heatran\n|-resisted|p1a: Heatran\n|-damage|p1a: Heatran|89\/100\n|-damage|p2a: Kyurem|52\/100 brn|[from] item: Life Orb\n|move|p1a: Heatran|Lava Plume|p2a: Kyurem\n|-damage|p2a: Kyurem|22\/100 brn\n|\n|-heal|p1a: Heatran|96\/100|[from] item: Leftovers\n|-damage|p2a: Kyurem|16\/100 brn|[from] brn\n|-end|p1a: Heatran|move: Taunt\n|upkeep\n|turn|4\n|\n|move|p1a: Heatran|Protect|p1a: Heatran\n|-singleturn|p1a: Heatran|Protect\n|move|p2a: Kyurem|Roost|p2a: Kyurem\n|-heal|p2a: Kyurem|66\/100 brn\n|-singleturn|p2a: Kyurem|move: Roost\n|\n|-heal|p1a: Heatran|100\/100|[from] item: Leftovers\n|-damage|p2a: Kyurem|60\/100 brn|[from] brn\n|upkeep\n|turn|5\n|\n|move|p2a: Kyurem|Ice Beam|p1a: Heatran\n|-resisted|p1a: Heatran\n|-damage|p1a: Heatran|89\/100\n|-damage|p2a: Kyurem|50\/100 brn|[from] item: Life Orb\n|move|p1a: Heatran|Stealth Rock|p2a: Kyurem\n|-sidestart|p2: ghecisbestvillain|move: Stealth Rock\n|\n|-heal|p1a: Heatran|96\/100|[from] item: Leftovers\n|-damage|p2a: Kyurem|44\/100 brn|[from] brn\n|-fieldend|move: Electric Terrain\n|upkeep\n|turn|6\n|\n|move|p2a: Kyurem|Roost|p2a: Kyurem\n|-heal|p2a: Kyurem|94\/100 brn\n|-singleturn|p2a: Kyurem|move: Roost\n|move|p1a: Heatran|Lava Plume|p2a: Kyurem\n|-damage|p2a: Kyurem|63\/100 brn\n|\n|-heal|p1a: Heatran|100\/100|[from] item: Leftovers\n|-damage|p2a: Kyurem|57\/100 brn|[from] brn\n|upkeep\n|turn|7\n|\n|move|p2a: Kyurem|Ice Beam|p1a: Heatran\n|-resisted|p1a: Heatran\n|-damage|p1a: Heatran|90\/100\n|-damage|p2a: Kyurem|47\/100 brn|[from] item: Life Orb\n|move|p1a: Heatran|Lava Plume|p2a: Kyurem\n|-damage|p2a: Kyurem|14\/100 brn\n|\n|-heal|p1a: Heatran|97\/100|[from] item: Leftovers\n|-damage|p2a: Kyurem|8\/100 brn|[from] brn\n|upkeep\n|turn|8\n|\n|move|p2a: Kyurem|Earth Power|p1a: Heatran\n|-supereffective|p1a: Heatran\n|-crit|p1a: Heatran\n|-damage|p1a: Heatran|0 fnt\n|-damage|p2a: Kyurem|0 fnt|[from] item: Life Orb\n|faint|p1a: Heatran\n|faint|p2a: Kyurem\n|\n|upkeep\n|c|\u2606robopoke5|omg\n|\n|switch|p2a: Tapu Koko|Tapu Koko|100\/100\n|switch|p1a: Landorus|Landorus-Therian, M, shiny|100\/100\n|-ability|p1a: Landorus|Intimidate|boost\n|-unboost|p2a: Tapu Koko|atk|1\n|-damage|p2a: Tapu Koko|88\/100|[from] Stealth Rock\n|-fieldstart|move: Electric Terrain|[from] ability: Electric Surge|[of] p2a: Tapu Koko\n|turn|9\n|\n|move|p1a: Landorus|Earthquake|p2a: Tapu Koko\n|-supereffective|p2a: Tapu Koko\n|-damage|p2a: Tapu Koko|0 fnt\n|faint|p2a: Tapu Koko\n|\n|upkeep\n|\n|switch|p2a: Charizard|Charizard, M|100\/100\n|-damage|p2a: Charizard|51\/100|[from] Stealth Rock\n|turn|10\n|\n|switch|p1a: Mawile|Mawile, M|100\/100\n|-ability|p1a: Mawile|Intimidate|boost\n|-unboost|p2a: Charizard|atk|1\n|move|p2a: Charizard|Dragon Dance|p2a: Charizard\n|-boost|p2a: Charizard|atk|1\n|-boost|p2a: Charizard|spe|1\n|\n|upkeep\n|turn|11\n|\n|switch|p1a: Landorus|Landorus-Therian, M, shiny|100\/100\n|-ability|p1a: Landorus|Intimidate|boost\n|-unboost|p2a: Charizard|atk|1\n|move|p2a: Charizard|Dragon Dance|p2a: Charizard\n|-boost|p2a: Charizard|atk|1\n|-boost|p2a: Charizard|spe|1\n|\n|upkeep\n|turn|12\n|\n|switch|p1a: Mawile|Mawile, M|100\/100\n|-ability|p1a: Mawile|Intimidate|boost\n|-unboost|p2a: Charizard|atk|1\n|detailschange|p2a: Charizard|Charizard-Mega-X, M\n|-mega|p2a: Charizard|Charizard|Charizardite X\n|move|p2a: Charizard|Dragon Dance|p2a: Charizard\n|-boost|p2a: Charizard|atk|1\n|-boost|p2a: Charizard|spe|1\n|\n|upkeep\n|turn|13\n|\n|switch|p1a: Landorus|Landorus-Therian, M, shiny|100\/100\n|-ability|p1a: Landorus|Intimidate|boost\n|-unboost|p2a: Charizard|atk|1\n|move|p2a: Charizard|Fire Punch|p1a: Landorus\n|-damage|p1a: Landorus|62\/100\n|\n|-fieldend|move: Electric Terrain\n|upkeep\n|turn|14\n|\n|move|p2a: Charizard|Dragon Claw|p1a: Landorus\n|-damage|p1a: Landorus|19\/100\n|move|p1a: Landorus|Earthquake|p2a: Charizard\n|-supereffective|p2a: Charizard\n|-damage|p2a: Charizard|0 fnt\n|faint|p2a: Charizard\n|\n|upkeep\n|\n|switch|p2a: Hawlucha|Hawlucha, M|100\/100\n|-damage|p2a: Hawlucha|88\/100|[from] Stealth Rock\n|turn|15\n|\n|switch|p1a: Salamence|Salamence, M, shiny|100\/100\n|move|p2a: Hawlucha|Swords Dance|p2a: Hawlucha\n|-boost|p2a: Hawlucha|atk|2\n|\n|upkeep\n|turn|16\n|\n|-zpower|p1a: Salamence\n|move|p1a: Salamence|Supersonic Skystrike|p2a: Hawlucha|[zeffect]\n|-supereffective|p2a: Hawlucha\n|-damage|p2a: Hawlucha|0 fnt\n|faint|p2a: Hawlucha\n|-ability|p1a: Salamence|Moxie|boost\n|-boost|p1a: Salamence|atk|1\n|\n|upkeep\n|\n|switch|p2a: Clefable|Clefable, F|100\/100\n|turn|17\n|\n|move|p1a: Salamence|Earthquake|p2a: Clefable\n|-damage|p2a: Clefable|51\/100\n|move|p2a: Clefable|Cosmic Power|p2a: Clefable\n|-boost|p2a: Clefable|def|1\n|-boost|p2a: Clefable|spd|1\n|\n|-heal|p2a: Clefable|57\/100|[from] item: Leftovers\n|upkeep\n|turn|18\n|\n|switch|p1a: Tapu Bulu|Tapu Bulu|100\/100\n|-fieldstart|move: Grassy Terrain|[from] ability: Grassy Surge|[of] p1a: Tapu Bulu\n|move|p2a: Clefable|Soft-Boiled|p2a: Clefable\n|-heal|p2a: Clefable|100\/100\n|\n|upkeep\n|turn|19\n|\n|move|p1a: Tapu Bulu|Wood Hammer|p2a: Clefable\n|-damage|p2a: Clefable|17\/100\n|-damage|p1a: Tapu Bulu|63\/100|[from] Recoil\n|move|p2a: Clefable|Cosmic Power|p2a: Clefable\n|-boost|p2a: Clefable|def|1\n|-boost|p2a: Clefable|spd|1\n|\n|-heal|p1a: Tapu Bulu|69\/100|[from] Grassy Terrain\n|-heal|p2a: Clefable|23\/100|[from] item: Leftovers\n|-heal|p2a: Clefable|29\/100|[from] Grassy Terrain\n|upkeep\n|turn|20\n|\n|move|p1a: Tapu Bulu|Wood Hammer|p2a: Clefable\n|-damage|p2a: Clefable|0 fnt\n|-damage|p1a: Tapu Bulu|56\/100|[from] Recoil\n|faint|p2a: Clefable\n|\n|-heal|p1a: Tapu Bulu|62\/100|[from] Grassy Terrain\n|upkeep\n|\n|switch|p2a: Magearna|Magearna|100\/100\n|-damage|p2a: Magearna|95\/100|[from] Stealth Rock\n|turn|21\n|\n|move|p1a: Tapu Bulu|Wood Hammer|p2a: Magearna\n|-resisted|p2a: Magearna\n|-damage|p2a: Magearna|35\/100\n|-damage|p1a: Tapu Bulu|42\/100|[from] Recoil\n|move|p2a: Magearna|Shift Gear|p2a: Magearna\n|-boost|p2a: Magearna|spe|2\n|-boost|p2a: Magearna|atk|1\n|\n|-heal|p2a: Magearna|41\/100|[from] Grassy Terrain\n|-heal|p1a: Tapu Bulu|48\/100|[from] Grassy Terrain\n|upkeep\n|turn|22\n|\n|move|p2a: Magearna|Iron Head|p1a: Tapu Bulu\n|-supereffective|p1a: Tapu Bulu\n|-damage|p1a: Tapu Bulu|0 fnt\n|faint|p1a: Tapu Bulu\n|-ability|p2a: Magearna|Soul-Heart|boost\n|-boost|p2a: Magearna|spa|1\n|\n|-heal|p2a: Magearna|47\/100|[from] Grassy Terrain\n|-fieldend|move: Grassy Terrain\n|upkeep\n|\n|switch|p1a: Landorus|Landorus-Therian, M, shiny|19\/100\n|-ability|p1a: Landorus|Intimidate|boost\n|-unboost|p2a: Magearna|atk|1\n|turn|23\n|\n|switch|p1a: Greninja|Greninja, M|100\/100\n|move|p2a: Magearna|Iron Head|p1a: Greninja\n|-resisted|p1a: Greninja\n|-damage|p1a: Greninja|70\/100\n|\n|upkeep\n|turn|24\n|\n|move|p1a: Greninja|Water Shuriken|p2a: Magearna\n|-damage|p2a: Magearna|36\/100\n|-damage|p2a: Magearna|26\/100\n|-hitcount|p2a: Magearna|2\n|move|p2a: Magearna|Shift Gear|p2a: Magearna\n|-boost|p2a: Magearna|spe|2\n|-boost|p2a: Magearna|atk|1\n|\n|upkeep\n|turn|25\n|\n|move|p1a: Greninja|Water Shuriken|p2a: Magearna\n|-damage|p2a: Magearna|15\/100\n|-damage|p2a: Magearna|5\/100\n|-damage|p2a: Magearna|0 fnt\n|-hitcount|p2a: Magearna|3\n|faint|p2a: Magearna\n|\n|win|robopoke5\n","uploadtime":1556285386,"views":25,"p1id":"robopoke5","p2id":"ghecisbestvillain","formatid":"gen7ou","rating":0,"private":0,"password":null}