{"id":"gen7ou-568055806","p1":"draco magic","p2":"jly8","format":"gen7ou","log":"|j|draco magic\n|j|jly8\n|player|p1|draco magic|99\n|player|p2|jly8|80\n|gametype|singles\n|gen|7\n|tier|[Gen 7] OU\n|seed|14048,32019,18243,61918\n|clearpoke\n|poke|p1|Golisopod, M|item\n|poke|p1|Landorus-Therian, M|item\n|poke|p1|Magnezone|item\n|poke|p1|Tapu Koko|item\n|poke|p1|Medicham, M|item\n|poke|p1|Starmie|item\n|poke|p2|Tapu Lele|item\n|poke|p2|Landorus-Therian, M|item\n|poke|p2|Chansey, F|item\n|poke|p2|Ferrothorn, F|item\n|poke|p2|Metagross|item\n|poke|p2|Tapu Koko|item\n|rule|Baton Pass Clause: Limit one Baton Passer, can't pass Spe and other stats simultaneously\n|rule|Sleep Clause Mod: Limit one foe put to sleep\n|rule|Species Clause: Limit one of each Pok\u00e9mon\n|rule|OHKO Clause: OHKO moves are banned\n|rule|Moody Clause: Moody is banned\n|rule|Evasion Moves Clause: Evasion moves are banned\n|rule|Endless Battle Clause: Forcing endless battles is banned\n|rule|HP Percentage Mod: HP is shown in percentages\n|teampreview\n|choice|team 1, team 2, team 3, team 4, team 5, team 6|team 6, team 2, team 3, team 4, team 5, team 1\n|\n|start\n|switch|p1a: Golisopod|Golisopod, M|341\/341\n|switch|p2a: Tapu Koko|Tapu Koko|281\/281\n|-fieldstart|move: Electric Terrain|[from] ability: Electric Surge|[of] p2a: Tapu Koko\n|turn|1\n|choice|switch 3|move hiddenpower\n|\n|switch|p1a: Magnezone|Magnezone|343\/343\n|move|p2a: Tapu Koko|Hidden Power|p1a: Magnezone\n|-resisted|p1a: Magnezone\n|-damage|p1a: Magnezone|322\/343\n|\n|upkeep\n|turn|2\n|choice|move flashcannon|switch 2\n|\n|switch|p2a: Landorus|Landorus-Therian, M|381\/381\n|-ability|p2a: Landorus|Intimidate|boost\n|-unboost|p1a: Magnezone|atk|1\n|move|p1a: Magnezone|Flash Cannon|p2a: Landorus\n|-damage|p2a: Landorus|231\/381\n|\n|upkeep\n|turn|3\n|choice|switch 3|move stealthrock\n|\n|switch|p1a: Golisopod|Golisopod, M|341\/341\n|move|p2a: Landorus|Stealth Rock|p1a: Golisopod\n|-sidestart|p1: draco magic|move: Stealth Rock\n|\n|upkeep\n|turn|4\n|choice|move spikes|switch 4\n|\n|switch|p2a: Ferrothorn|Ferrothorn, F|351\/351\n|move|p1a: Golisopod|Spikes|p2a: Ferrothorn\n|-sidestart|p2: jly8|Spikes\n|\n|upkeep\n|turn|5\n|choice|move spikes|move spikes\n|\n|move|p1a: Golisopod|Spikes|p2a: Ferrothorn\n|-sidestart|p2: jly8|Spikes\n|move|p2a: Ferrothorn|Spikes|p1a: Golisopod\n|-sidestart|p1: draco magic|Spikes\n|\n|-fieldend|move: Electric Terrain\n|upkeep\n|turn|6\n|choice|move spikes|move spikes\n|\n|move|p1a: Golisopod|Spikes|p2a: Ferrothorn\n|-sidestart|p2: jly8|Spikes\n|move|p2a: Ferrothorn|Spikes|p1a: Golisopod\n|-sidestart|p1: draco magic|Spikes\n|\n|upkeep\n|turn|7\n|choice|switch 6|move spikes\n|\n|switch|p1a: Starmie|Starmie|323\/323\n|-damage|p1a: Starmie|283\/323|[from] Stealth Rock\n|-damage|p1a: Starmie|230\/323|[from] Spikes\n|move|p2a: Ferrothorn|Spikes|p1a: Starmie\n|-sidestart|p1: draco magic|Spikes\n|\n|-heal|p1a: Starmie|250\/323|[from] item: Leftovers\n|upkeep\n|turn|8\n|choice|move rapidspin|switch 2\n|\n|switch|p2a: Tapu Koko|Tapu Koko|281\/281\n|-damage|p2a: Tapu Koko|211\/281|[from] Spikes\n|-fieldstart|move: Electric Terrain|[from] ability: Electric Surge|[of] p2a: Tapu Koko\n|move|p1a: Starmie|Rapid Spin|p2a: Tapu Koko\n|-damage|p2a: Tapu Koko|200\/281\n|-sideend|p1: draco magic|Spikes|[from] move: Rapid Spin|[of] p1a: Starmie\n|-sideend|p1: draco magic|Stealth Rock|[from] move: Rapid Spin|[of] p1a: Starmie\n|\n|-heal|p1a: Starmie|270\/323|[from] item: Leftovers\n|upkeep\n|turn|9\n|choice|switch 3|move thunderbolt\n|\n|switch|p1a: Magnezone|Magnezone|322\/343\n|move|p2a: Tapu Koko|Thunderbolt|p1a: Magnezone\n|-resisted|p1a: Magnezone\n|-damage|p1a: Magnezone|244\/343\n|\n|upkeep\n|turn|10\n|choice|move flashcannon|switch 5\n|\n|switch|p2a: Metagross|Metagross|301\/301\n|-damage|p2a: Metagross|226\/301|[from] Spikes\n|move|p1a: Magnezone|Flash Cannon|p2a: Metagross\n|-resisted|p2a: Metagross\n|-crit|p2a: Metagross\n|-damage|p2a: Metagross|127\/301\n|\n|upkeep\n|turn|11\n|choice|switch 6|move earthquake mega\n|\n|switch|p1a: Golisopod|Golisopod, M|341\/341\n|detailschange|p2a: Metagross|Metagross-Mega\n|-mega|p2a: Metagross|Metagross|Metagrossite\n|move|p2a: Metagross|Earthquake|p1a: Golisopod\n|-resisted|p1a: Golisopod\n|-damage|p1a: Golisopod|292\/341\n|\n|upkeep\n|turn|12\n|choice|move firstimpression|move zenheadbutt\n|\n|move|p1a: Golisopod|First Impression|p2a: Metagross\n|-damage|p2a: Metagross|1\/301\n|move|p2a: Metagross|Zen Headbutt|p1a: Golisopod\n|-damage|p1a: Golisopod|147\/341\n|-activate|p1a: Golisopod|ability: Emergency Exit\n|choice|switch 4|\n|\n|switch|p1a: Tapu Koko|Tapu Koko|288\/288\n|\n|-fieldend|move: Electric Terrain\n|upkeep\n|turn|13\n|choice|move uturn|move zenheadbutt\n|\n|move|p1a: Tapu Koko|U-turn|p2a: Metagross\n|-damage|p2a: Metagross|0 fnt\n|faint|p2a: Metagross\n|choice|switch 4|\n|\n|switch|p1a: Golisopod|Golisopod, M|147\/341\n|\n|upkeep\n|choice||switch 6\n|\n|switch|p2a: tapu diva|Tapu Lele|281\/281\n|-damage|p2a: tapu diva|211\/281|[from] Spikes\n|-fieldstart|move: Psychic Terrain|[from] ability: Psychic Surge|[of] p2a: tapu diva\n|turn|14\n|choice|switch 6|move psychic\n|\n|switch|p1a: Magnezone|Magnezone|244\/343\n|move|p2a: tapu diva|Psychic|p1a: Magnezone\n|-resisted|p1a: Magnezone\n|-damage|p1a: Magnezone|172\/343\n|\n|upkeep\n|turn|15\n|choice|move voltswitch|switch 4\n|\n|switch|p2a: Landorus|Landorus-Therian, M|231\/381\n|-ability|p2a: Landorus|Intimidate|boost\n|-unboost|p1a: Magnezone|atk|1\n|move|p1a: Magnezone|Volt Switch|p2a: Landorus\n|-immune|p2a: Landorus|[msg]\n|\n|upkeep\n|turn|16\n|choice|switch 2|move stealthrock\n|\n|switch|p1a: Landorus|Landorus-Therian, M|381\/381\n|-ability|p1a: Landorus|Intimidate|boost\n|-unboost|p2a: Landorus|atk|1\n|move|p2a: Landorus|Stealth Rock|p1a: Landorus\n|-sidestart|p1: draco magic|move: Stealth Rock\n|\n|upkeep\n|turn|17\n|choice|move stealthrock|move hiddenpower\n|\n|move|p2a: Landorus|Hidden Power|p1a: Landorus\n|-supereffective|p1a: Landorus\n|-damage|p1a: Landorus|177\/381\n|move|p1a: Landorus|Stealth Rock|p2a: Landorus\n|-sidestart|p2: jly8|move: Stealth Rock\n|\n|upkeep\n|turn|18\n|choice|switch 3|move hiddenpower\n|\n|switch|p1a: Starmie|Starmie|270\/323\n|-damage|p1a: Starmie|230\/323|[from] Stealth Rock\n|move|p2a: Landorus|Hidden Power|p1a: Starmie\n|-resisted|p1a: Starmie\n|-damage|p1a: Starmie|204\/323\n|\n|-heal|p1a: Starmie|224\/323|[from] item: Leftovers\n|-fieldend|move: Psychic Terrain\n|upkeep\n|turn|19\n|choice|move scald|move knockoff\n|\n|move|p1a: Starmie|Scald|p2a: Landorus\n|-supereffective|p2a: Landorus\n|-crit|p2a: Landorus\n|-damage|p2a: Landorus|0 fnt\n|faint|p2a: Landorus\n|\n|-heal|p1a: Starmie|244\/323|[from] item: Leftovers\n|upkeep\n|choice||switch 5\n|\n|switch|p2a: Tapu Koko|Tapu Koko|200\/281\n|-damage|p2a: Tapu Koko|130\/281|[from] Spikes\n|-damage|p2a: Tapu Koko|95\/281|[from] Stealth Rock\n|-fieldstart|move: Electric Terrain|[from] ability: Electric Surge|[of] p2a: Tapu Koko\n|turn|20\n|choice|switch 3|move thunderbolt\n|\n|switch|p1a: Landorus|Landorus-Therian, M|177\/381\n|-damage|p1a: Landorus|130\/381|[from] Stealth Rock\n|-ability|p1a: Landorus|Intimidate|boost\n|-unboost|p2a: Tapu Koko|atk|1\n|move|p2a: Tapu Koko|Thunderbolt|p1a: Landorus\n|-immune|p1a: Landorus|[msg]\n|\n|upkeep\n|turn|21\n|choice|move earthquake|move thunderbolt\n|\n|move|p2a: Tapu Koko|Thunderbolt|p1a: Landorus\n|-immune|p1a: Landorus|[msg]\n|move|p1a: Landorus|Earthquake|p2a: Tapu Koko\n|-supereffective|p2a: Tapu Koko\n|-damage|p2a: Tapu Koko|0 fnt\n|faint|p2a: Tapu Koko\n|\n|upkeep\n|choice||switch 4\n|\n|switch|p2a: tapu diva|Tapu Lele|211\/281\n|-damage|p2a: tapu diva|176\/281|[from] Stealth Rock\n|-damage|p2a: tapu diva|106\/281|[from] Spikes\n|-fieldstart|move: Psychic Terrain|[from] ability: Psychic Surge|[of] p2a: tapu diva\n|turn|22\n|choice|move earthquake|move psychic\n|\n|move|p2a: tapu diva|Psychic|p1a: Landorus\n|-damage|p1a: Landorus|0 fnt\n|faint|p1a: Landorus\n|\n|upkeep\n|choice|switch 2|\n|\n|switch|p1a: Magnezone|Magnezone|172\/343\n|-damage|p1a: Magnezone|151\/343|[from] Stealth Rock\n|turn|23\n|choice|move voltswitch|switch 3\n|\n|switch|p2a: Chansey|Chansey, F|703\/703\n|-damage|p2a: Chansey|616\/703|[from] Stealth Rock\n|-damage|p2a: Chansey|441\/703|[from] Spikes\n|move|p1a: Magnezone|Volt Switch|p2a: Chansey\n|-damage|p2a: Chansey|375\/703\n|choice|switch 5|\n|\n|switch|p1a: Medicham|Medicham, M|261\/261\n|-damage|p1a: Medicham|245\/261|[from] Stealth Rock\n|\n|upkeep\n|turn|24\n|choice|move highjumpkick mega|move seismictoss\n|\n|detailschange|p1a: Medicham|Medicham-Mega, M\n|-mega|p1a: Medicham|Medicham|Medichamite\n|move|p1a: Medicham|High Jump Kick|p2a: Chansey\n|-supereffective|p2a: Chansey\n|-damage|p2a: Chansey|0 fnt\n|faint|p2a: Chansey\n|\n|upkeep\n|choice||switch 3\n|\n|switch|p2a: tapu diva|Tapu Lele|106\/281\n|-damage|p2a: tapu diva|36\/281|[from] Spikes\n|-damage|p2a: tapu diva|1\/281|[from] Stealth Rock\n|turn|25\n|choice|switch 4|move psychic\n|\n|switch|p1a: Tapu Koko|Tapu Koko|288\/288\n|-damage|p1a: Tapu Koko|252\/288|[from] Stealth Rock\n|-fieldstart|move: Electric Terrain|[from] ability: Electric Surge|[of] p1a: Tapu Koko\n|move|p2a: tapu diva|Psychic|p1a: Tapu Koko\n|-damage|p1a: Tapu Koko|39\/288\n|\n|upkeep\n|turn|26\n|choice|move hiddenpower|move psychic\n|\n|move|p1a: Tapu Koko|Hidden Power|p2a: tapu diva\n|-damage|p2a: tapu diva|0 fnt\n|faint|p2a: tapu diva\n|\n|upkeep\n|choice||switch 2\n|\n|switch|p2a: Ferrothorn|Ferrothorn, F|351\/351\n|-damage|p2a: Ferrothorn|330\/351|[from] Stealth Rock\n|-damage|p2a: Ferrothorn|243\/351|[from] Spikes\n|turn|27\n|choice|move hiddenpower|move leechseed\n|\n|move|p1a: Tapu Koko|Hidden Power|p2a: Ferrothorn\n|-supereffective|p2a: Ferrothorn\n|-damage|p2a: Ferrothorn|43\/351\n|move|p2a: Ferrothorn|Leech Seed|p1a: Tapu Koko\n|-start|p1a: Tapu Koko|move: Leech Seed\n|\n|-heal|p2a: Ferrothorn|64\/351|[from] item: Leftovers\n|-damage|p1a: Tapu Koko|3\/288|[from] Leech Seed|[of] p2a: Ferrothorn\n|-heal|p2a: Ferrothorn|100\/351|[silent]\n|upkeep\n|turn|28\n|choice|switch 5|move protect\n|\n|switch|p1a: Magnezone|Magnezone|151\/343\n|-damage|p1a: Magnezone|130\/343|[from] Stealth Rock\n|move|p2a: Ferrothorn|Protect|p2a: Ferrothorn\n|-fail|p2a: Ferrothorn\n|\n|-heal|p2a: Ferrothorn|121\/351|[from] item: Leftovers\n|upkeep\n|turn|29\n|choice|move hiddenpower|move leechseed\n|\n|move|p1a: Magnezone|Hidden Power|p2a: Ferrothorn\n|-supereffective|p2a: Ferrothorn\n|-damage|p2a: Ferrothorn|0 fnt\n|faint|p2a: Ferrothorn\n|\n|win|draco magic\n|c|\u2606draco magic|gg","inputlog":null,"uploadtime":1493361541,"views":2,"p1id":"dracomagic","p2id":"jly8","formatid":"gen7ou","rating":0,"private":0,"password":null}