{"id":"gen7ou-883768846","p1":"why addicted","p2":"KoNoMa","format":"gen7ou","log":"|j|\u2606why addicted\n|j|\u2606KoNoMa\n|player|p1|why addicted|168\n|player|p2|KoNoMa|266\n|teamsize|p1|6\n|teamsize|p2|6\n|gametype|singles\n|gen|7\n|tier|[Gen 7] OU\n|rated|\n|rule|Sleep Clause Mod: Limit one foe put to sleep\n|rule|Species Clause: Limit one of each Pok\u00e9mon\n|rule|OHKO Clause: OHKO moves are banned\n|rule|Moody Clause: Moody is banned\n|rule|Evasion Moves Clause: Evasion moves are banned\n|rule|Endless Battle Clause: Forcing endless battles is banned\n|rule|HP Percentage Mod: HP is shown in percentages\n|clearpoke\n|poke|p1|Medicham, F|item\n|poke|p1|Hydreigon, F|item\n|poke|p1|Gastrodon, F|item\n|poke|p1|Heatran, F|item\n|poke|p1|Tornadus-Therian, M|item\n|poke|p1|Kartana|item\n|poke|p2|Medicham, M|item\n|poke|p2|Landorus-Therian, M|item\n|poke|p2|Heatran, M|item\n|poke|p2|Rotom-Wash|item\n|poke|p2|Magearna|item\n|poke|p2|Kartana|item\n|teampreview\n|c|\u2606why addicted|gl\n|inactive|Battle timer is ON: inactive players will automatically lose when time's up. (requested by KoNoMa)\n|\n|start\n|switch|p1a: Reliable|Tornadus-Therian, M|100\/100\n|switch|p2a: Landorus|Landorus-Therian, M|100\/100\n|-ability|p2a: Landorus|Intimidate|boost\n|-unboost|p1a: Reliable|atk|1\n|turn|1\n|\n|switch|p2a: Heatran|Heatran, M|100\/100\n|move|p1a: Reliable|Hurricane|p2a: Heatran\n|-resisted|p2a: Heatran\n|-damage|p2a: Heatran|89\/100\n|-start|p2a: Heatran|confusion\n|\n|-heal|p2a: Heatran|95\/100|[from] item: Leftovers\n|upkeep\n|turn|2\n|\n|move|p1a: Reliable|Knock Off|p2a: Heatran\n|-damage|p2a: Heatran|84\/100\n|-enditem|p2a: Heatran|Leftovers|[from] move: Knock Off|[of] p1a: Reliable\n|-activate|p2a: Heatran|confusion\n|move|p2a: Heatran|Stealth Rock|p1a: Reliable\n|-sidestart|p1: why addicted|move: Stealth Rock\n|\n|upkeep\n|turn|3\n|j| bange\n|\n|move|p1a: Reliable|Defog|p2a: Heatran\n|-unboost|p2a: Heatran|evasion|1\n|-sideend|p1: why addicted|Stealth Rock|[from] move: Defog|[of] p1a: Reliable\n|-activate|p2a: Heatran|confusion\n|move|p2a: Heatran|Magma Storm|p1a: Reliable\n|-damage|p1a: Reliable|57\/100\n|-activate|p1a: Reliable|move: Magma Storm|[of] p2a: Heatran\n|\n|-damage|p1a: Reliable|45\/100|[from] move: Magma Storm|[partiallytrapped]\n|upkeep\n|turn|4\n|j| CCCCold\n|\n|move|p1a: Reliable|U-turn|p2a: Heatran\n|-resisted|p2a: Heatran\n|-damage|p2a: Heatran|82\/100\n|\n|switch|p1a: wHyadreigon|Hydreigon, F|100\/100\n|-end|p2a: Heatran|confusion\n|move|p2a: Heatran|Stealth Rock|p1a: wHyadreigon\n|-sidestart|p1: why addicted|move: Stealth Rock\n|\n|upkeep\n|turn|5\n|\n|switch|p1a: Broken|Heatran, F|100\/100\n|-damage|p1a: Broken|88\/100|[from] Stealth Rock\n|move|p2a: Heatran|Toxic|p1a: Broken\n|-immune|p1a: Broken\n|\n|-heal|p1a: Broken|94\/100|[from] item: Leftovers\n|upkeep\n|turn|6\n|\n|switch|p1a: wHyadreigon|Hydreigon, F|100\/100\n|-damage|p1a: wHyadreigon|88\/100|[from] Stealth Rock\n|switch|p2a: Medicham|Medicham, M|100\/100\n|\n|upkeep\n|turn|7\n|\n|switch|p1a: Broken|Heatran, F|94\/100\n|-damage|p1a: Broken|82\/100|[from] Stealth Rock\n|switch|p2a: Landorus|Landorus-Therian, M|100\/100\n|-ability|p2a: Landorus|Intimidate|boost\n|-unboost|p1a: Broken|atk|1\n|\n|-heal|p1a: Broken|88\/100|[from] item: Leftovers\n|upkeep\n|turn|8\n|\n|switch|p1a: Reliable|Tornadus-Therian, M|78\/100\n|-damage|p1a: Reliable|53\/100|[from] Stealth Rock\n|move|p2a: Landorus|U-turn|p1a: Reliable\n|-resisted|p1a: Reliable\n|-damage|p1a: Reliable|40\/100\n|-damage|p2a: Landorus|84\/100|[from] item: Rocky Helmet|[of] p1a: Reliable\n|\n|switch|p2a: Heatran|Heatran, M|82\/100\n|\n|upkeep\n|turn|9\n|\n|move|p1a: Reliable|U-turn|p2a: Heatran\n|-resisted|p2a: Heatran\n|-damage|p2a: Heatran|79\/100\n|\n|switch|p1a: wHyadreigon|Hydreigon, F|88\/100\n|-damage|p1a: wHyadreigon|76\/100|[from] Stealth Rock\n|move|p2a: Heatran|Toxic|p1a: wHyadreigon|[miss]\n|-miss|p2a: Heatran|p1a: wHyadreigon\n|\n|upkeep\n|turn|10\n|\n|switch|p2a: Landorus|Landorus-Therian, M|84\/100\n|-ability|p2a: Landorus|Intimidate|boost\n|-unboost|p1a: wHyadreigon|atk|1\n|-zpower|p1a: wHyadreigon\n|move|p1a: wHyadreigon|Black Hole Eclipse|p2a: Landorus|[zeffect]\n|-damage|p2a: Landorus|0 fnt\n|faint|p2a: Landorus\n|\n|upkeep\n|\n|switch|p2a: Kartana|Kartana|100\/100\n|turn|11\n|\n|switch|p1a: Reliable|Tornadus-Therian, M|73\/100\n|-damage|p1a: Reliable|48\/100|[from] Stealth Rock\n|-zpower|p2a: Kartana\n|move|p2a: Kartana|All-Out Pummeling|p1a: Reliable|[zeffect]\n|-resisted|p1a: Reliable\n|-damage|p1a: Reliable|5\/100\n|\n|upkeep\n|turn|12\n|\n|move|p1a: Reliable|Defog|p2a: Kartana\n|-unboost|p2a: Kartana|evasion|1\n|-sideend|p1: why addicted|Stealth Rock|[from] move: Defog|[of] p1a: Reliable\n|move|p2a: Kartana|Leaf Blade|p1a: Reliable\n|-resisted|p1a: Reliable\n|-damage|p1a: Reliable|0 fnt\n|-damage|p2a: Kartana|84\/100|[from] item: Rocky Helmet|[of] p1a: Reliable\n|faint|p1a: Reliable\n|-ability|p2a: Kartana|Beast Boost|boost\n|-boost|p2a: Kartana|atk|1\n|\n|upkeep\n|\n|switch|p1a: Wincon|Kartana|100\/100\n|turn|13\n|\n|move|p1a: Wincon|Sacred Sword|p2a: Kartana\n|-supereffective|p2a: Kartana\n|-damage|p2a: Kartana|0 fnt\n|faint|p2a: Kartana\n|-ability|p1a: Wincon|Beast Boost|boost\n|-boost|p1a: Wincon|atk|1\n|\n|upkeep\n|\n|switch|p2a: Magearna|Magearna|100\/100\n|turn|14\n|\n|switch|p1a: Underrated|Gastrodon, F|100\/100\n|move|p2a: Magearna|Volt Switch|p1a: Underrated\n|-immune|p1a: Underrated\n|\n|upkeep\n|turn|15\n|\n|switch|p2a: Medicham|Medicham, M|100\/100\n|move|p1a: Underrated|Toxic|p2a: Medicham\n|-status|p2a: Medicham|tox\n|\n|-damage|p2a: Medicham|94\/100 tox|[from] psn\n|upkeep\n|turn|16\n|\n|switch|p1a: Broken|Heatran, F|88\/100\n|detailschange|p2a: Medicham|Medicham-Mega, M\n|-mega|p2a: Medicham|Medicham|Medichamite\n|move|p2a: Medicham|High Jump Kick|p1a: Broken\n|-supereffective|p1a: Broken\n|-damage|p1a: Broken|0 fnt\n|faint|p1a: Broken\n|\n|-damage|p2a: Medicham|82\/100 tox|[from] psn\n|upkeep\n|\n|switch|p1a: Wincon|Kartana|100\/100\n|turn|17\n|\n|switch|p1a: Predict|Medicham, F|100\/100\n|switch|p2a: Magearna|Magearna|100\/100\n|\n|upkeep\n|turn|18\n|\n|detailschange|p1a: Predict|Medicham-Mega, F\n|-mega|p1a: Predict|Medicham|Medichamite\n|move|p1a: Predict|Fake Out|p2a: Magearna\n|-resisted|p2a: Magearna\n|-damage|p2a: Magearna|91\/100\n|cant|p2a: Magearna|flinch\n|\n|upkeep\n|turn|19\n|\n|move|p1a: Predict|High Jump Kick|p2a: Magearna\n|-damage|p2a: Magearna|0 fnt\n|faint|p2a: Magearna\n|\n|upkeep\n|\n|switch|p2a: Medicham|Medicham-Mega, M|82\/100 tox\n|turn|20\n|\n|switch|p1a: wHyadreigon|Hydreigon, F|76\/100\n|move|p2a: Medicham|High Jump Kick|p1a: wHyadreigon\n|-supereffective|p1a: wHyadreigon\n|-damage|p1a: wHyadreigon|0 fnt\n|faint|p1a: wHyadreigon\n|\n|-damage|p2a: Medicham|76\/100 tox|[from] psn\n|upkeep\n|\n|switch|p1a: Predict|Medicham-Mega, F|100\/100\n|turn|21\n|\n|move|p1a: Predict|Fake Out|p2a: Medicham\n|-damage|p2a: Medicham|40\/100 tox\n|cant|p2a: Medicham|flinch\n|\n|-damage|p2a: Medicham|27\/100 tox|[from] psn\n|upkeep\n|turn|22\n|\n|move|p1a: Predict|Zen Headbutt|p2a: Medicham\n|-damage|p2a: Medicham|0 fnt\n|faint|p2a: Medicham\n|\n|upkeep\n|c|\u2606KoNoMa|So haxx\n|-message|KoNoMa forfeited.\n|\n|win|why addicted\n|l|\u2606KoNoMa\n|raw|why addicted's rating: 1851 &rarr; <strong>1871<\/strong><br \/>(+20 for winning)\n|raw|KoNoMa's rating: 1855 &rarr; <strong>1835<\/strong><br \/>(-20 for losing)\n|l| CCCCold\n|l| bange\n","uploadtime":1553850249,"views":60,"p1id":"whyaddicted","p2id":"konoma","formatid":"gen7ou","rating":1835,"private":0,"password":null}