{"id":"gen7ou-601197222","p1":"Colddy","p2":"Pokefreak77","format":"gen7ou","log":"|j|Colddy\n|j|Pokefreak77\n|player|p1|Colddy|89\n|teamsize|p1|6\n|player|p2|Pokefreak77|#zinnia\n|teamsize|p2|6\n|gametype|singles\n|gen|7\n|tier|[Gen 7] OU\n|rated\n|seed|20498,37484,9994,8065\n|clearpoke\n|poke|p1|Serperior, F|item\n|poke|p1|Gyarados, F|item\n|poke|p1|Klefki, F|item\n|poke|p1|Porygon-Z|item\n|poke|p1|Mew|item\n|poke|p1|Scizor, F|item\n|poke|p2|Pelipper, M|item\n|poke|p2|Kingdra, M|item\n|poke|p2|Ferrothorn, M|item\n|poke|p2|Medicham, M|item\n|poke|p2|Tapu Koko|item\n|poke|p2|Landorus-Therian, M|item\n|rule|Sleep Clause Mod: Limit one foe put to sleep\n|rule|Species Clause: Limit one of each Pok\u00e9mon\n|rule|OHKO Clause: OHKO moves are banned\n|rule|Moody Clause: Moody is banned\n|rule|Evasion Moves Clause: Evasion moves are banned\n|rule|Endless Battle Clause: Forcing endless battles is banned\n|rule|HP Percentage Mod: HP is shown in percentages\n|teampreview\n|inactive|Battle timer is ON: inactive players will automatically lose when time's up. (requested by Colddy)\n|choice|team 5, team 2, team 3, team 4, team 1, team 6|team 5, team 2, team 3, team 4, team 1, team 6\n|\n|start\n|switch|p1a: Mew|Mew|342\/342\n|switch|p2a: Tapu Koko|Tapu Koko|281\/281\n|-fieldstart|move: Electric Terrain|[from] ability: Electric Surge|[of] p2a: Tapu Koko\n|turn|1\n|j|VandalCrown\n|choice|move stealthrock|move thunder\n|\n|move|p2a: Tapu Koko|Thunder|p1a: Mew|[miss]\n|-miss|p2a: Tapu Koko|p1a: Mew\n|move|p1a: Mew|Stealth Rock|p2a: Tapu Koko\n|-sidestart|p2: Pokefreak77|move: Stealth Rock\n|\n|upkeep\n|turn|2\n|j|Commander F\n|j|dedic\n|choice|move flamethrower|move thunder\n|\n|move|p2a: Tapu Koko|Thunder|p1a: Mew|[miss]\n|-miss|p2a: Tapu Koko|p1a: Mew\n|move|p1a: Mew|Flamethrower|p2a: Tapu Koko\n|-damage|p2a: Tapu Koko|177\/281\n|\n|upkeep\n|turn|3\n|choice|move flamethrower|move thunder\n|\n|move|p2a: Tapu Koko|Thunder|p1a: Mew\n|-damage|p1a: Mew|69\/342\n|-status|p1a: Mew|par\n|-activate|p1a: Mew|ability: Synchronize\n|-immune|p2a: Tapu Koko|[msg]\n|-enditem|p1a: Mew|Red Card|[of] p2a: Tapu Koko\n|drag|p2a: Pelipper|Pelipper, M|323\/323\n|-damage|p2a: Pelipper|243\/323|[from] Stealth Rock\n|-weather|RainDance|[from] ability: Drizzle|[of] p2a: Pelipper\n|cant|p1a: Mew|par\n|\n|-weather|RainDance|[upkeep]\n|upkeep\n|turn|4\n|choice|switch 5|move defog\n|\n|switch|p1a: Serperior|Serperior, F|292\/292\n|move|p2a: Pelipper|Defog|p1a: Serperior\n|-boost|p1a: Serperior|evasion|1\n|-sideend|p2: Pokefreak77|Stealth Rock|[from] move: Defog|[of] p2a: Pelipper\n|\n|-weather|RainDance|[upkeep]\n|upkeep\n|turn|5\n|choice|move glare|move uturn\n|\n|move|p1a: Serperior|Glare|p2a: Pelipper\n|-status|p2a: Pelipper|par\n|cant|p2a: Pelipper|par\n|\n|-weather|RainDance|[upkeep]\n|-fieldend|move: Electric Terrain\n|upkeep\n|turn|6\n|choice|move leafstorm|move uturn\n|\n|move|p1a: Serperior|Leaf Storm|p2a: Pelipper\n|-crit|p2a: Pelipper\n|-damage|p2a: Pelipper|15\/323 par\n|-boost|p1a: Serperior|spa|2\n|move|p2a: Pelipper|U-turn|p1a: Serperior|[miss]\n|-miss|p2a: Pelipper|p1a: Serperior\n|\n|-weather|RainDance|[upkeep]\n|upkeep\n|turn|7\n|choice|move leafstorm|switch 3\n|\n|switch|p2a: Ferrothorn|Ferrothorn, M|351\/351\n|move|p1a: Serperior|Leaf Storm|p2a: Ferrothorn\n|-resisted|p2a: Ferrothorn\n|-damage|p2a: Ferrothorn|287\/351\n|-boost|p1a: Serperior|spa|2\n|\n|-weather|RainDance|[upkeep]\n|upkeep\n|turn|8\n|choice|move glare|move thunderwave\n|\n|move|p1a: Serperior|Glare|p2a: Ferrothorn\n|-status|p2a: Ferrothorn|par\n|cant|p2a: Ferrothorn|par\n|\n|-weather|RainDance|[upkeep]\n|upkeep\n|turn|9\n|choice|switch 5|move thunderwave\n|\n|switch|p1a: Mew|Mew|69\/342 par\n|move|p2a: Ferrothorn|Thunder Wave|p1a: Mew\n|-fail|p1a: Mew|par\n|\n|-weather|RainDance|[upkeep]\n|upkeep\n|turn|10\n|c|\u2606Pokefreak77|dumb game\n|-message|Pokefreak77 forfeited.\n|\n|win|Colddy\n|raw|Colddy's rating: 1842 &rarr; <strong>1861<\/strong><br \/>(+19 for winning)\n|raw|Pokefreak77's rating: 1821 &rarr; <strong>1803<\/strong><br \/>(-18 for losing)","inputlog":null,"uploadtime":1499534906,"views":1,"p1id":"colddy","p2id":"pokefreak77","formatid":"gen7ou","rating":1803,"private":0,"password":null}