{"id":"gen7ou-1696586950","p1":"trashio","p2":"Lucians Call","format":"gen7ou","log":"|j|\u2606trashio\n|j|\u203dLucians Call\n|t:|1666907783\n|gametype|singles\n|player|p1|trashio|grimsley|1661\n|player|p2|Lucians Call|furisodegirl-blue|1751\n|teamsize|p1|6\n|teamsize|p2|6\n|gen|7\n|tier|[Gen 7] OU\n|rated|\n|rule|Sleep Clause Mod: Limit one foe put to sleep\n|rule|Species Clause: Limit one of each Pok\u00e9mon\n|rule|OHKO Clause: OHKO moves are banned\n|rule|Moody Clause: Moody is banned\n|rule|Evasion Items Clause: Evasion items are banned\n|rule|Evasion Moves Clause: Evasion moves are banned\n|rule|Endless Battle Clause: Forcing endless battles is banned\n|rule|HP Percentage Mod: HP is shown in percentages\n|clearpoke\n|poke|p1|Diancie|item\n|poke|p1|Kartana|item\n|poke|p1|Victini|item\n|poke|p1|Landorus-Therian, M|item\n|poke|p1|Gastrodon, F|item\n|poke|p1|Skarmory, F|item\n|poke|p2|Clefable, F|item\n|poke|p2|Scizor, F|item\n|poke|p2|Toxapex, M|item\n|poke|p2|Zapdos|item\n|poke|p2|Blacephalon|item\n|poke|p2|Garchomp, F|item\n|teampreview\n|j| deuitje\n|\n|t:|1666907804\n|start\n|switch|p1a: ecco|Diancie, shiny|100\/100\n|switch|p2a: Clefable|Clefable, F|100\/100\n|turn|1\n|inactive|Battle timer is ON: inactive players will automatically lose when time's up. (requested by Lucians Call)\n|\n|t:|1666907808\n|detailschange|p1a: ecco|Diancie-Mega, shiny\n|-mega|p1a: ecco|Diancie|Diancite\n|move|p1a: ecco|Stealth Rock|p2a: Clefable\n|-sidestart|p2: Lucians Call|move: Stealth Rock\n|move|p2a: Clefable|Moonblast|p1a: ecco\n|-damage|p1a: ecco|62\/100\n|-unboost|p1a: ecco|spa|1\n|\n|upkeep\n|turn|2\n|\n|t:|1666907818\n|switch|p1a: thaiboy|Victini|100\/100\n|move|p2a: Clefable|Thunder Wave|p1a: thaiboy|[miss]\n|-miss|p2a: Clefable|p1a: thaiboy\n|\n|upkeep\n|turn|3\n|\n|t:|1666907827\n|switch|p2a: Toxapex|Toxapex, M|100\/100\n|-damage|p2a: Toxapex|88\/100|[from] Stealth Rock\n|move|p1a: thaiboy|V-create|p2a: Toxapex\n|-resisted|p2a: Toxapex\n|-damage|p2a: Toxapex|45\/100\n|-unboost|p1a: thaiboy|spe|1\n|-unboost|p1a: thaiboy|def|1\n|-unboost|p1a: thaiboy|spd|1\n|\n|-heal|p2a: Toxapex|51\/100|[from] item: Black Sludge\n|upkeep\n|turn|4\n|\n|t:|1666907848\n|switch|p1a: gud|Gastrodon, F, shiny|100\/100\n|move|p2a: Toxapex|Recover|p2a: Toxapex\n|-heal|p2a: Toxapex|100\/100\n|\n|upkeep\n|turn|5\n|\n|t:|1666907865\n|move|p1a: gud|Earth Power|p2a: Toxapex\n|-supereffective|p2a: Toxapex\n|-crit|p2a: Toxapex\n|-damage|p2a: Toxapex|49\/100\n|-unboost|p2a: Toxapex|spd|1\n|move|p2a: Toxapex|Toxic Spikes|p1a: gud\n|-sidestart|p1: trashio|move: Toxic Spikes\n|\n|-heal|p2a: Toxapex|55\/100|[from] item: Black Sludge\n|upkeep\n|turn|6\n|inactive|trashio has 120 seconds left.\n|\n|t:|1666907884\n|switch|p1a: whitearmor|Skarmory, F, shiny|100\/100\n|switch|p2a: Clefable|Clefable, F|100\/100\n|\n|upkeep\n|turn|7\n|inactive|trashio has 120 seconds left.\n|\n|t:|1666907894\n|move|p1a: whitearmor|Defog|p2a: Clefable\n|-unboost|p2a: Clefable|evasion|1\n|-sideend|p2: Lucians Call|Stealth Rock|[from] move: Defog|[of] p1a: whitearmor\n|-sideend|p1: trashio|Toxic Spikes|[from] move: Defog|[of] p1a: whitearmor\n|move|p2a: Clefable|Thunder Wave|p1a: whitearmor\n|-status|p1a: whitearmor|par\n|\n|upkeep\n|turn|8\n|inactive|trashio has 120 seconds left.\n|\n|t:|1666907908\n|switch|p2a: Toxapex|Toxapex, M|88\/100\n|move|p1a: whitearmor|Toxic|p2a: Toxapex|[miss]\n|-miss|p1a: whitearmor|p2a: Toxapex\n|\n|-heal|p2a: Toxapex|94\/100|[from] item: Black Sludge\n|upkeep\n|turn|9\n|\n|t:|1666907915\n|switch|p1a: ecco|Diancie-Mega, shiny|62\/100\n|move|p2a: Toxapex|Toxic Spikes|p1a: ecco\n|move|p1a: ecco|Toxic Spikes|p2a: Toxapex|[from]ability: Magic Bounce\n|-sidestart|p2: Lucians Call|move: Toxic Spikes\n|\n|-heal|p2a: Toxapex|100\/100|[from] item: Black Sludge\n|upkeep\n|turn|10\n|\n|t:|1666907925\n|move|p1a: ecco|Earth Power|p2a: Toxapex\n|-supereffective|p2a: Toxapex\n|-damage|p2a: Toxapex|57\/100\n|move|p2a: Toxapex|Toxic Spikes|p1a: ecco\n|move|p1a: ecco|Toxic Spikes|p2a: Toxapex|[from]ability: Magic Bounce\n|-sidestart|p2: Lucians Call|move: Toxic Spikes\n|\n|-heal|p2a: Toxapex|63\/100|[from] item: Black Sludge\n|upkeep\n|turn|11\n|\n|t:|1666907949\n|move|p1a: ecco|Earth Power|p2a: Toxapex\n|-supereffective|p2a: Toxapex\n|-damage|p2a: Toxapex|13\/100\n|move|p2a: Toxapex|Scald|p1a: ecco\n|-supereffective|p1a: ecco\n|-damage|p1a: ecco|17\/100\n|\n|-heal|p2a: Toxapex|19\/100|[from] item: Black Sludge\n|upkeep\n|turn|12\n|inactive|trashio has 120 seconds left.\n|\n|t:|1666907965\n|switch|p2a: Scizor|Scizor, F|100\/100\n|move|p1a: ecco|Power Gem|p2a: Scizor\n|-damage|p2a: Scizor|57\/100\n|\n|upkeep\n|turn|13\n|inactive|trashio has 120 seconds left.\n|\n|t:|1666907982\n|switch|p1a: thaiboy|Victini|100\/100\n|detailschange|p2a: Scizor|Scizor-Mega, F\n|-mega|p2a: Scizor|Scizor|Scizorite\n|move|p2a: Scizor|Roost|p2a: Scizor\n|-heal|p2a: Scizor|100\/100\n|-singleturn|p2a: Scizor|move: Roost\n|\n|upkeep\n|turn|14\n|inactive|trashio has 120 seconds left.\n|\n|t:|1666907991\n|switch|p2a: Zapdos|Zapdos|100\/100\n|move|p1a: thaiboy|Zen Headbutt|p2a: Zapdos\n|-damage|p2a: Zapdos|62\/100\n|-damage|p1a: thaiboy|84\/100|[from] item: Rocky Helmet|[of] p2a: Zapdos\n|\n|upkeep\n|turn|15\n|inactive|trashio has 120 seconds left.\n|\n|t:|1666908002\n|switch|p1a: gud|Gastrodon, F, shiny|100\/100\n|move|p2a: Zapdos|Roost|p2a: Zapdos\n|-heal|p2a: Zapdos|100\/100\n|-singleturn|p2a: Zapdos|move: Roost\n|\n|upkeep\n|turn|16\n|\n|t:|1666908011\n|switch|p2a: Toxapex|Toxapex, M|52\/100\n|-sideend|p2: Lucians Call|move: Toxic Spikes|[of] p2a: Toxapex\n|move|p1a: gud|Earth Power|p2a: Toxapex\n|-supereffective|p2a: Toxapex\n|-damage|p2a: Toxapex|17\/100\n|\n|-heal|p2a: Toxapex|23\/100|[from] item: Black Sludge\n|upkeep\n|turn|17\n|\n|t:|1666908015\n|switch|p2a: Clefable|Clefable, F|100\/100\n|move|p1a: gud|Earth Power|p2a: Clefable\n|-damage|p2a: Clefable|72\/100\n|\n|upkeep\n|turn|18\n|\n|t:|1666908024\n|move|p2a: Clefable|Moonblast|p1a: gud\n|-damage|p1a: gud|81\/100\n|move|p1a: gud|Earth Power|p2a: Clefable\n|-damage|p2a: Clefable|45\/100\n|\n|upkeep\n|turn|19\n|\n|t:|1666908034\n|switch|p1a: thaiboy|Victini|84\/100\n|move|p2a: Clefable|Soft-Boiled|p2a: Clefable\n|-heal|p2a: Clefable|95\/100\n|\n|upkeep\n|turn|20\n|\n|t:|1666908042\n|switch|p2a: Garchomp|Garchomp, F|100\/100\n|move|p1a: thaiboy|V-create|p2a: Garchomp\n|-resisted|p2a: Garchomp\n|-damage|p2a: Garchomp|47\/100\n|-unboost|p1a: thaiboy|spe|1\n|-unboost|p1a: thaiboy|def|1\n|-unboost|p1a: thaiboy|spd|1\n|-damage|p1a: thaiboy|72\/100|[from] ability: Rough Skin|[of] p2a: Garchomp\n|\n|upkeep\n|turn|21\n|\n|t:|1666908050\n|switch|p1a: whitearmor|Skarmory, F, shiny|100\/100 par\n|move|p2a: Garchomp|Stealth Rock|p1a: whitearmor\n|-sidestart|p1: trashio|move: Stealth Rock\n|\n|upkeep\n|turn|22\n|\n|t:|1666908055\n|switch|p2a: Blacephalon|Blacephalon|100\/100\n|move|p1a: whitearmor|Defog|p2a: Blacephalon\n|-unboost|p2a: Blacephalon|evasion|1\n|-sideend|p1: trashio|Stealth Rock|[from] move: Defog|[of] p1a: whitearmor\n|\n|upkeep\n|turn|23\n|\n|t:|1666908067\n|switch|p1a: gud|Gastrodon, F, shiny|81\/100\n|move|p2a: Blacephalon|Shadow Ball|p1a: gud\n|-damage|p1a: gud|40\/100\n|\n|upkeep\n|turn|24\n|inactive|trashio has 120 seconds left.\n|\n|t:|1666908108\n|switch|p1a: ecco|Diancie-Mega, shiny|17\/100\n|move|p2a: Blacephalon|Shadow Ball|p1a: ecco\n|-damage|p1a: ecco|0 fnt\n|faint|p1a: ecco\n|-ability|p2a: Blacephalon|Beast Boost|boost\n|-boost|p2a: Blacephalon|spe|1\n|\n|upkeep\n|inactive|trashio has 90 seconds left.\n|\n|t:|1666908139\n|switch|p1a: lusi|Landorus-Therian, M, shiny|100\/100\n|-ability|p1a: lusi|Intimidate|boost\n|-unboost|p2a: Blacephalon|atk|1\n|turn|25\n|inactive|trashio has 90 seconds left.\n|\n|t:|1666908149\n|switch|p2a: Zapdos|Zapdos|100\/100\n|move|p1a: lusi|Earthquake|p2a: Zapdos\n|-immune|p2a: Zapdos\n|\n|upkeep\n|turn|26\n|\n|t:|1666908163\n|switch|p1a: gud|Gastrodon, F, shiny|40\/100\n|move|p2a: Zapdos|Heat Wave|p1a: gud\n|-resisted|p1a: gud\n|-damage|p1a: gud|31\/100\n|\n|upkeep\n|turn|27\n|\n|t:|1666908169\n|switch|p2a: Garchomp|Garchomp, F|47\/100\n|move|p1a: gud|Recover|p1a: gud\n|-heal|p1a: gud|81\/100\n|\n|upkeep\n|turn|28\n|\n|t:|1666908181\n|move|p2a: Garchomp|Stealth Rock|p1a: gud\n|-sidestart|p1: trashio|move: Stealth Rock\n|move|p1a: gud|Scald|p2a: Garchomp\n|-damage|p2a: Garchomp|20\/100\n|\n|upkeep\n|turn|29\n|\n|t:|1666908189\n|switch|p1a: whitearmor|Skarmory, F, shiny|100\/100 par\n|-damage|p1a: whitearmor|88\/100 par|[from] Stealth Rock\n|move|p2a: Garchomp|Stone Edge|p1a: whitearmor\n|-damage|p1a: whitearmor|68\/100 par\n|\n|upkeep\n|turn|30\n|\n|t:|1666908191\n|move|p2a: Garchomp|Stone Edge|p1a: whitearmor\n|-damage|p1a: whitearmor|41\/100 par\n|move|p1a: whitearmor|Defog|p2a: Garchomp\n|-unboost|p2a: Garchomp|evasion|1\n|-sideend|p1: trashio|Stealth Rock|[from] move: Defog|[of] p1a: whitearmor\n|\n|upkeep\n|turn|31\n|\n|t:|1666908196\n|move|p2a: Garchomp|Stone Edge|p1a: whitearmor\n|-damage|p1a: whitearmor|14\/100 par\n|move|p1a: whitearmor|Roost|p1a: whitearmor\n|-heal|p1a: whitearmor|64\/100 par\n|-singleturn|p1a: whitearmor|move: Roost\n|\n|upkeep\n|turn|32\n|\n|t:|1666908203\n|move|p2a: Garchomp|Stealth Rock|p1a: whitearmor\n|-sidestart|p1: trashio|move: Stealth Rock\n|cant|p1a: whitearmor|par\n|\n|upkeep\n|turn|33\n|\n|t:|1666908209\n|switch|p2a: Blacephalon|Blacephalon|100\/100\n|cant|p1a: whitearmor|par\n|\n|upkeep\n|turn|34\n|\n|t:|1666908237\n|move|p2a: Blacephalon|Shadow Ball|p1a: whitearmor\n|-damage|p1a: whitearmor|0 fnt\n|faint|p1a: whitearmor\n|-ability|p2a: Blacephalon|Beast Boost|boost\n|-boost|p2a: Blacephalon|spe|1\n|\n|upkeep\n|\n|t:|1666908240\n|switch|p1a: bladee|Kartana, shiny|100\/100\n|-damage|p1a: bladee|94\/100|[from] Stealth Rock\n|turn|35\n|\n|t:|1666908248\n|move|p1a: bladee|Knock Off|p2a: Blacephalon\n|-supereffective|p2a: Blacephalon\n|-damage|p2a: Blacephalon|0 fnt\n|-enditem|p2a: Blacephalon|Choice Specs|[from] move: Knock Off|[of] p1a: bladee\n|faint|p2a: Blacephalon\n|-ability|p1a: bladee|Beast Boost|boost\n|-boost|p1a: bladee|atk|1\n|\n|upkeep\n|\n|t:|1666908250\n|switch|p2a: Scizor|Scizor-Mega, F|100\/100\n|turn|36\n|\n|t:|1666908259\n|switch|p1a: lusi|Landorus-Therian, M, shiny|100\/100\n|-damage|p1a: lusi|88\/100|[from] Stealth Rock\n|-ability|p1a: lusi|Intimidate|boost\n|-unboost|p2a: Scizor|atk|1\n|move|p2a: Scizor|Swords Dance|p2a: Scizor\n|-boost|p2a: Scizor|atk|2\n|\n|upkeep\n|turn|37\n|l|\u203dLucians Call\n|inactive|Lucians Call disconnected and has a minute to reconnect!\n|player|p2|\n|inactive|Lucians Call has 30 seconds to reconnect!\n|j|\u203dLucians Call\n|inactive|Lucians Call reconnected and has 120 seconds left.\n|player|p2|Lucians Call|furisodegirl-blue\n|n|\u203dLucians Call|lucianscall\n|n|\u203dLucians Call|lucianscall\n|n|\u203dLucians Call|lucianscall\n|n|\u203dLucians Call|lucianscall\n|n|\u203dLucians Call|lucianscall\n|n|\u203dLucians Call|lucianscall\n|n|\u203dLucians Call|lucianscall\n|inactive|trashio has 120 seconds left.\n|\n|t:|1666908300\n|move|p1a: lusi|Swords Dance|p1a: lusi\n|-boost|p1a: lusi|atk|2\n|move|p2a: Scizor|Swords Dance|p2a: Scizor\n|-boost|p2a: Scizor|atk|2\n|\n|upkeep\n|turn|38\n|inactive|Lucians Call has 120 seconds left.\n|\n|t:|1666908315\n|move|p2a: Scizor|Bullet Punch|p1a: lusi\n|-damage|p1a: lusi|26\/100\n|-zpower|p1a: lusi\n|move|p1a: lusi|Supersonic Skystrike|p2a: Scizor|[zeffect]\n|-damage|p2a: Scizor|0 fnt\n|faint|p2a: Scizor\n|\n|upkeep\n|\n|t:|1666908318\n|switch|p2a: Garchomp|Garchomp, F|20\/100\n|turn|39\n|\n|t:|1666908332\n|move|p2a: Garchomp|Dragon Claw|p1a: lusi\n|-damage|p1a: lusi|0 fnt\n|faint|p1a: lusi\n|\n|upkeep\n|\n|t:|1666908335\n|switch|p1a: bladee|Kartana, shiny|94\/100\n|-damage|p1a: bladee|88\/100|[from] Stealth Rock\n|turn|40\n|\n|t:|1666908356\n|switch|p1a: thaiboy|Victini|72\/100\n|-damage|p1a: thaiboy|47\/100|[from] Stealth Rock\n|switch|p2a: Toxapex|Toxapex, M|56\/100\n|\n|-heal|p2a: Toxapex|62\/100|[from] item: Black Sludge\n|upkeep\n|turn|41\n|\n|t:|1666908369\n|switch|p2a: Clefable|Clefable, F|95\/100\n|move|p1a: thaiboy|V-create|p2a: Clefable\n|-damage|p2a: Clefable|5\/100\n|-unboost|p1a: thaiboy|spe|1\n|-unboost|p1a: thaiboy|def|1\n|-unboost|p1a: thaiboy|spd|1\n|\n|upkeep\n|turn|42\n|\n|t:|1666908376\n|switch|p2a: Toxapex|Toxapex, M|96\/100\n|move|p1a: thaiboy|V-create|p2a: Toxapex\n|-resisted|p2a: Toxapex\n|-damage|p2a: Toxapex|48\/100\n|-unboost|p1a: thaiboy|spe|1\n|-unboost|p1a: thaiboy|def|1\n|-unboost|p1a: thaiboy|spd|1\n|\n|-heal|p2a: Toxapex|54\/100|[from] item: Black Sludge\n|upkeep\n|turn|43\n|\n|t:|1666908393\n|switch|p1a: gud|Gastrodon, F, shiny|81\/100\n|-damage|p1a: gud|75\/100|[from] Stealth Rock\n|switch|p2a: Clefable|Clefable, F|5\/100\n|\n|upkeep\n|turn|44\n|\n|t:|1666908401\n|move|p2a: Clefable|Soft-Boiled|p2a: Clefable\n|-heal|p2a: Clefable|55\/100\n|move|p1a: gud|Earth Power|p2a: Clefable\n|-damage|p2a: Clefable|26\/100\n|\n|upkeep\n|turn|45\n|\n|t:|1666908409\n|switch|p1a: bladee|Kartana, shiny|88\/100\n|-damage|p1a: bladee|82\/100|[from] Stealth Rock\n|move|p2a: Clefable|Soft-Boiled|p2a: Clefable\n|-heal|p2a: Clefable|76\/100\n|\n|upkeep\n|turn|46\n|\n|t:|1666908418\n|switch|p2a: Zapdos|Zapdos|100\/100\n|move|p1a: bladee|Knock Off|p2a: Zapdos\n|-damage|p2a: Zapdos|70\/100\n|-damage|p1a: bladee|65\/100|[from] item: Rocky Helmet|[of] p2a: Zapdos\n|-enditem|p2a: Zapdos|Rocky Helmet|[from] move: Knock Off|[of] p1a: bladee\n|\n|upkeep\n|turn|47\n|\n|t:|1666908425\n|switch|p1a: gud|Gastrodon, F, shiny|75\/100\n|-damage|p1a: gud|69\/100|[from] Stealth Rock\n|move|p2a: Zapdos|Roost|p2a: Zapdos\n|-heal|p2a: Zapdos|100\/100\n|-singleturn|p2a: Zapdos|move: Roost\n|\n|upkeep\n|turn|48\n|\n|t:|1666908435\n|switch|p2a: Clefable|Clefable, F|76\/100\n|move|p1a: gud|Earth Power|p2a: Clefable\n|-damage|p2a: Clefable|49\/100\n|\n|upkeep\n|turn|49\n|\n|t:|1666908449\n|move|p2a: Clefable|Soft-Boiled|p2a: Clefable\n|-heal|p2a: Clefable|99\/100\n|move|p1a: gud|Scald|p2a: Clefable\n|-damage|p2a: Clefable|76\/100\n|\n|upkeep\n|turn|50\n|\n|t:|1666908455\n|move|p2a: Clefable|Moonblast|p1a: gud\n|-damage|p1a: gud|48\/100\n|move|p1a: gud|Scald|p2a: Clefable\n|-damage|p2a: Clefable|51\/100\n|-status|p2a: Clefable|brn\n|\n|upkeep\n|turn|51\n|\n|t:|1666908459\n|move|p2a: Clefable|Moonblast|p1a: gud\n|-damage|p1a: gud|28\/100\n|move|p1a: gud|Scald|p2a: Clefable\n|-damage|p2a: Clefable|26\/100 brn\n|\n|upkeep\n|turn|52\n|\n|t:|1666908466\n|move|p2a: Clefable|Moonblast|p1a: gud\n|-damage|p1a: gud|9\/100\n|-enditem|p1a: gud|Aguav Berry|[eat]\n|-heal|p1a: gud|59\/100|[from] item: Aguav Berry\n|move|p1a: gud|Scald|p2a: Clefable\n|-damage|p2a: Clefable|3\/100 brn\n|\n|upkeep\n|turn|53\n|\n|t:|1666908481\n|switch|p1a: thaiboy|Victini|47\/100\n|-damage|p1a: thaiboy|22\/100|[from] Stealth Rock\n|move|p2a: Clefable|Soft-Boiled|p2a: Clefable\n|-heal|p2a: Clefable|53\/100 brn\n|\n|upkeep\n|turn|54\n|\n|t:|1666908495\n|move|p1a: thaiboy|Bolt Strike|p2a: Clefable\n|-damage|p2a: Clefable|13\/100 brn\n|-zpower|p2a: Clefable\n|move|p2a: Clefable|Tectonic Rage|p1a: thaiboy|[zeffect]\n|-supereffective|p1a: thaiboy\n|-damage|p1a: thaiboy|0 fnt\n|faint|p1a: thaiboy\n|\n|upkeep\n|\n|t:|1666908501\n|switch|p1a: bladee|Kartana, shiny|65\/100\n|-damage|p1a: bladee|59\/100|[from] Stealth Rock\n|turn|55\n|\n|t:|1666908523\n|switch|p2a: Toxapex|Toxapex, M|87\/100\n|move|p1a: bladee|Leaf Blade|p2a: Toxapex\n|-damage|p2a: Toxapex|42\/100\n|\n|-heal|p2a: Toxapex|48\/100|[from] item: Black Sludge\n|upkeep\n|turn|56\n|\n|t:|1666908534\n|switch|p1a: gud|Gastrodon, F, shiny|59\/100\n|-damage|p1a: gud|53\/100|[from] Stealth Rock\n|switch|p2a: Zapdos|Zapdos|100\/100\n|\n|upkeep\n|turn|57\n|\n|t:|1666908546\n|switch|p2a: Toxapex|Toxapex, M|81\/100\n|move|p1a: gud|Scald|p2a: Toxapex\n|-resisted|p2a: Toxapex\n|-damage|p2a: Toxapex|74\/100\n|-status|p2a: Toxapex|brn\n|\n|-heal|p2a: Toxapex|80\/100 brn|[from] item: Black Sludge\n|-damage|p2a: Toxapex|74\/100 brn|[from] brn\n|upkeep\n|turn|58\n|\n|t:|1666908552\n|move|p1a: gud|Earth Power|p2a: Toxapex\n|-supereffective|p2a: Toxapex\n|-damage|p2a: Toxapex|40\/100 brn\n|move|p2a: Toxapex|Toxic Spikes|p1a: gud\n|-sidestart|p1: trashio|move: Toxic Spikes\n|\n|-heal|p2a: Toxapex|46\/100 brn|[from] item: Black Sludge\n|-damage|p2a: Toxapex|40\/100 brn|[from] brn\n|upkeep\n|turn|59\n|\n|t:|1666908567\n|switch|p2a: Zapdos|Zapdos|100\/100\n|move|p1a: gud|Scald|p2a: Zapdos\n|-damage|p2a: Zapdos|77\/100\n|\n|upkeep\n|turn|60\n|\n|t:|1666908570\n|switch|p2a: Toxapex|Toxapex, M|73\/100 brn\n|move|p1a: gud|Scald|p2a: Toxapex\n|-resisted|p2a: Toxapex\n|-damage|p2a: Toxapex|65\/100 brn\n|\n|-heal|p2a: Toxapex|72\/100 brn|[from] item: Black Sludge\n|-damage|p2a: Toxapex|65\/100 brn|[from] brn\n|upkeep\n|turn|61\n|\n|t:|1666908573\n|move|p1a: gud|Earth Power|p2a: Toxapex\n|-supereffective|p2a: Toxapex\n|-damage|p2a: Toxapex|30\/100 brn\n|move|p2a: Toxapex|Recover|p2a: Toxapex\n|-heal|p2a: Toxapex|80\/100 brn\n|\n|-heal|p2a: Toxapex|86\/100 brn|[from] item: Black Sludge\n|-damage|p2a: Toxapex|80\/100 brn|[from] brn\n|upkeep\n|turn|62\n|\n|t:|1666908582\n|move|p1a: gud|Recover|p1a: gud\n|-heal|p1a: gud|100\/100\n|move|p2a: Toxapex|Toxic Spikes|p1a: gud\n|-sidestart|p1: trashio|move: Toxic Spikes\n|\n|-heal|p2a: Toxapex|86\/100 brn|[from] item: Black Sludge\n|-damage|p2a: Toxapex|80\/100 brn|[from] brn\n|upkeep\n|turn|63\n|\n|t:|1666908589\n|move|p1a: gud|Earth Power|p2a: Toxapex\n|-supereffective|p2a: Toxapex\n|-damage|p2a: Toxapex|44\/100 brn\n|move|p2a: Toxapex|Toxic Spikes||[still]\n|-fail|p2a: Toxapex\n|\n|-heal|p2a: Toxapex|50\/100 brn|[from] item: Black Sludge\n|-damage|p2a: Toxapex|44\/100 brn|[from] brn\n|upkeep\n|turn|64\n|\n|t:|1666908597\n|move|p1a: gud|Earth Power|p2a: Toxapex\n|-supereffective|p2a: Toxapex\n|-damage|p2a: Toxapex|6\/100 brn\n|move|p2a: Toxapex|Recover|p2a: Toxapex\n|-heal|p2a: Toxapex|56\/100 brn\n|\n|-heal|p2a: Toxapex|62\/100 brn|[from] item: Black Sludge\n|-damage|p2a: Toxapex|56\/100 brn|[from] brn\n|upkeep\n|turn|65\n|\n|t:|1666908604\n|move|p1a: gud|Earth Power|p2a: Toxapex\n|-supereffective|p2a: Toxapex\n|-damage|p2a: Toxapex|21\/100 brn\n|move|p2a: Toxapex|Recover|p2a: Toxapex\n|-heal|p2a: Toxapex|71\/100 brn\n|\n|-heal|p2a: Toxapex|77\/100 brn|[from] item: Black Sludge\n|-damage|p2a: Toxapex|71\/100 brn|[from] brn\n|upkeep\n|turn|66\n|-message|trashio forfeited.\n|\n|win|Lucians Call\n|raw|trashio's rating: 1661 &rarr; <strong>1646<\/strong><br \/>(-15 for losing)\n|raw|Lucians Call's rating: 1751 &rarr; <strong>1766<\/strong><br \/>(+15 for winning)\n|l|\u2606trashio\n|l|\u203dLucians Call\n||Ladder isn't responding, score probably updated but might not have (Request timeout).\n","uploadtime":1666908679,"views":26,"p1id":"trashio","p2id":"lucianscall","formatid":"gen7ou","rating":1646,"private":0,"password":null}