{"id":"gen7ou-803207517","p1":"Pitou<3","p2":"Pitaye","format":"gen7ou","log":"|j|\u2606Pitou<3\n|j|\u2606Pitaye\n|player|p1|Pitou<3|153\n|player|p2|Pitaye|36\n|teamsize|p1|6\n|teamsize|p2|6\n|gametype|singles\n|gen|7\n|tier|[Gen 7] OU\n|rated|\n|rule|Sleep Clause Mod: Limit one foe put to sleep\n|rule|Species Clause: Limit one of each Pok\u00e9mon\n|rule|OHKO Clause: OHKO moves are banned\n|rule|Moody Clause: Moody is banned\n|rule|Evasion Moves Clause: Evasion moves are banned\n|rule|Endless Battle Clause: Forcing endless battles is banned\n|rule|HP Percentage Mod: HP is shown in percentages\n|clearpoke\n|poke|p1|Greninja, M|item\n|poke|p1|Landorus-Therian, M|item\n|poke|p1|Kartana|item\n|poke|p1|Tapu Koko|item\n|poke|p1|Hawlucha, M|item\n|poke|p1|Charizard, F|item\n|poke|p2|Landorus-Therian, M|item\n|poke|p2|Swampert, M|item\n|poke|p2|Pelipper, M|item\n|poke|p2|Tornadus-Therian, M|item\n|poke|p2|Greninja, M|item\n|poke|p2|Ferrothorn, M|item\n|teampreview\n|inactive|Battle timer is ON: inactive players will automatically lose when time's up. (requested by Pitou<3)\n|\n|start\n|switch|p1a: Greninja|Greninja, M, shiny|100\/100\n|switch|p2a: Kero|Greninja, M|100\/100\n|turn|1\n|\n|move|p1a: Greninja|Spikes|p2a: Kero\n|-start|p1a: Greninja|typechange|Ground|[from] Protean\n|-sidestart|p2: Pitaye|Spikes\n|move|p2a: Kero|U-turn|p1a: Greninja\n|-damage|p1a: Greninja|76\/100\n|\n|switch|p2a: Chota|Pelipper, M|100\/100\n|-weather|RainDance|[from] ability: Drizzle|[of] p2a: Chota\n|\n|-weather|RainDance|[upkeep]\n|upkeep\n|turn|2\n|\n|move|p1a: Greninja|Dark Pulse|p2a: Chota\n|-start|p1a: Greninja|typechange|Dark|[from] Protean\n|-damage|p2a: Chota|54\/100\n|-damage|p1a: Greninja|66\/100|[from] item: Life Orb\n|move|p2a: Chota|Scald|p1a: Greninja\n|-damage|p1a: Greninja|0 fnt\n|faint|p1a: Greninja\n|\n|-weather|RainDance|[upkeep]\n|upkeep\n|\n|switch|p1a: Landorus|Landorus-Therian, M|100\/100\n|-ability|p1a: Landorus|Intimidate|boost\n|-unboost|p2a: Chota|atk|1\n|turn|3\n|\n|switch|p2a: Meow Meow|Landorus-Therian, M|100\/100\n|-ability|p2a: Meow Meow|Intimidate|boost\n|-unboost|p1a: Landorus|atk|1\n|move|p1a: Landorus|Stealth Rock|p2a: Meow Meow\n|-sidestart|p2: Pitaye|move: Stealth Rock\n|\n|-weather|RainDance|[upkeep]\n|upkeep\n|turn|4\n|\n|move|p1a: Landorus|Explosion|p2a: Meow Meow\n|-damage|p2a: Meow Meow|22\/100\n|faint|p1a: Landorus\n|-zpower|p2a: Meow Meow\n|move|p2a: Meow Meow|Supersonic Skystrike|p1: Landorus|[zeffect]|[notarget]\n|-notarget\n|\n|-weather|RainDance|[upkeep]\n|upkeep\n|\n|switch|p1a: Tapu Koko|Tapu Koko|100\/100\n|-fieldstart|move: Electric Terrain|[from] ability: Electric Surge|[of] p1a: Tapu Koko\n|turn|5\n|\n|move|p1a: Tapu Koko|Dazzling Gleam|p2a: Meow Meow\n|-damage|p2a: Meow Meow|0 fnt\n|faint|p2a: Meow Meow\n|\n|-weather|RainDance|[upkeep]\n|upkeep\n|\n|switch|p2a: Ortie|Ferrothorn, M|100\/100\n|-damage|p2a: Ortie|88\/100|[from] Spikes\n|-damage|p2a: Ortie|82\/100|[from] Stealth Rock\n|turn|6\n|\n|move|p1a: Tapu Koko|Taunt|p2a: Ortie\n|-start|p2a: Ortie|move: Taunt\n|cant|p2a: Ortie|move: Taunt|Leech Seed\n|\n|-weather|RainDance|[upkeep]\n|-heal|p2a: Ortie|88\/100|[from] item: Leftovers\n|upkeep\n|turn|7\n|\n|switch|p1a: Charizard|Charizard, F|100\/100\n|move|p2a: Ortie|Power Whip|p1a: Charizard\n|-resisted|p1a: Charizard\n|-damage|p1a: Charizard|87\/100\n|\n|-weather|RainDance|[upkeep]\n|-heal|p2a: Ortie|94\/100|[from] item: Leftovers\n|upkeep\n|turn|8\n|\n|switch|p2a: \u00c9ole|Tornadus-Therian, M|100\/100\n|-damage|p2a: \u00c9ole|76\/100|[from] Stealth Rock\n|detailschange|p1a: Charizard|Charizard-Mega-X, F\n|-mega|p1a: Charizard|Charizard|Charizardite X\n|move|p1a: Charizard|Dragon Dance|p1a: Charizard\n|-boost|p1a: Charizard|atk|1\n|-boost|p1a: Charizard|spe|1\n|\n|-weather|none\n|upkeep\n|turn|9\n|\n|move|p1a: Charizard|Flare Blitz|p2a: \u00c9ole\n|-damage|p2a: \u00c9ole|0 fnt\n|-damage|p1a: Charizard|62\/100|[from] Recoil\n|faint|p2a: \u00c9ole\n|\n|-fieldend|move: Electric Terrain\n|upkeep\n|j| tapu moxo\n|inactive|Pitaye has 120 seconds left.\n|\n|switch|p2a: Chota|Pelipper, M|54\/100\n|-damage|p2a: Chota|30\/100|[from] Stealth Rock\n|-weather|RainDance|[from] ability: Drizzle|[of] p2a: Chota\n|turn|10\n|\n|move|p1a: Charizard|Dragon Claw|p2a: Chota\n|-damage|p2a: Chota|0 fnt\n|faint|p2a: Chota\n|\n|-weather|RainDance|[upkeep]\n|upkeep\n|\n|switch|p2a: Kero|Greninja, M|100\/100\n|-damage|p2a: Kero|88\/100|[from] Stealth Rock\n|-damage|p2a: Kero|76\/100|[from] Spikes\n|turn|11\n|\n|move|p2a: Kero|Water Shuriken|p1a: Charizard\n|-damage|p1a: Charizard|41\/100\n|-damage|p1a: Charizard|23\/100\n|-damage|p1a: Charizard|3\/100\n|-damage|p1a: Charizard|0 fnt\n|-hitcount|p1a: Charizard|4\n|faint|p1a: Charizard\n|-activate|p2a: Kero|ability: Battle Bond\n|detailschange|p2a: Kero|Greninja-Ash, M\n|\n|-weather|RainDance|[upkeep]\n|upkeep\n|\n|switch|p1a: Kartana|Kartana|100\/100\n|turn|12\n|\n|move|p2a: Kero|Water Shuriken|p1a: Kartana\n|-resisted|p1a: Kartana\n|-damage|p1a: Kartana|58\/100\n|-resisted|p1a: Kartana\n|-damage|p1a: Kartana|17\/100\n|-resisted|p1a: Kartana\n|-damage|p1a: Kartana|0 fnt\n|-hitcount|p1a: Kartana|3\n|faint|p1a: Kartana\n|\n|-weather|RainDance|[upkeep]\n|upkeep\n|c|\u2606Pitou<3|4\n|c|\u2606Pitou<3|3\n|c|\u2606Pitou<3|Nice\n|c|\u2606Pitou<3|nice nice\n|\n|switch|p1a: Tapu Koko|Tapu Koko|100\/100\n|-fieldstart|move: Electric Terrain|[from] ability: Electric Surge|[of] p1a: Tapu Koko\n|turn|13\n|c|\u2606Pitaye|ik\n|c|\u2606Pitaye|:))))\n|\n|move|p2a: Kero|Water Shuriken|p1a: Tapu Koko\n|-damage|p1a: Tapu Koko|57\/100\n|-crit|p1a: Tapu Koko\n|-damage|p1a: Tapu Koko|0 fnt\n|-hitcount|p1a: Tapu Koko|2\n|faint|p1a: Tapu Koko\n|\n|-weather|RainDance|[upkeep]\n|upkeep\n|c|\u2606Pitou<3|crittt\n|c|\u2606Pitou<3|epic niceee\n|c|\u2606Pitaye|;)\n|c|\u2606Pitaye|ikr\n|c|\u2606Pitou<3|^^ GG down\n|c|\u2606Pitaye|gotta love it\n|\n|switch|p1a: Hawlucha|Hawlucha, M|100\/100\n|-enditem|p1a: Hawlucha|Electric Seed\n|-boost|p1a: Hawlucha|def|1\n|turn|14\n|c|\u2606Pitaye|Kero is too cute for u <3\n|\n|move|p2a: Kero|Water Shuriken|p1a: Hawlucha\n|-damage|p1a: Hawlucha|57\/100\n|-damage|p1a: Hawlucha|11\/100\n|-damage|p1a: Hawlucha|0 fnt\n|-hitcount|p1a: Hawlucha|3\n|faint|p1a: Hawlucha\n|\n|win|Pitaye\n|l|\u2606Pitou<3\n|raw|Pitou&lt;3's rating: 1751 &rarr; <strong>1731<\/strong><br \/>(-20 for losing)\n|raw|Pitaye's rating: 1748 &rarr; <strong>1769<\/strong><br \/>(+21 for winning)\n","uploadtime":1536508786,"views":5,"p1id":"pitou3","p2id":"pitaye","formatid":"gen7ou","rating":1731,"private":0,"password":null}