{"id":"gen7ou-1009275013","p1":"Sir Isaac Mewton","p2":"Ban Lando t guy jk","format":"gen7ou","log":"|j|\u2606Sir Isaac Mewton\n|j|\u2606Ban Lando t guy jk\n|player|p1|Sir Isaac Mewton|267|1771\n|player|p2|Ban Lando t guy jk|164|1861\n|teamsize|p1|6\n|teamsize|p2|6\n|gametype|singles\n|gen|7\n|tier|[Gen 7] OU\n|rated|\n|rule|Sleep Clause Mod: Limit one foe put to sleep\n|rule|Species Clause: Limit one of each Pok\u00e9mon\n|rule|OHKO Clause: OHKO moves are banned\n|rule|Moody Clause: Moody is banned\n|rule|Evasion Moves Clause: Evasion moves are banned\n|rule|Endless Battle Clause: Forcing endless battles is banned\n|rule|HP Percentage Mod: HP is shown in percentages\n|clearpoke\n|poke|p1|Tapu Koko|item\n|poke|p1|Magearna|item\n|poke|p1|Gliscor, F|item\n|poke|p1|Toxapex, F|item\n|poke|p1|Clefable, M|item\n|poke|p1|Mew|item\n|poke|p2|Hawlucha, M|item\n|poke|p2|Ferrothorn, M|item\n|poke|p2|Pelipper, F|item\n|poke|p2|Tapu Koko|item\n|poke|p2|Swampert, F|item\n|poke|p2|Kartana|item\n|teampreview\n|inactive|Battle timer is ON: inactive players will automatically lose when time's up. (requested by Ban Lando t guy jk)\n|\n|start\n|switch|p1a: Mew|Mew|100\/100\n|switch|p2a: Speed OD|Tapu Koko|100\/100\n|-fieldstart|move: Electric Terrain|[from] ability: Electric Surge|[of] p2a: Speed OD\n|turn|1\n|\n|move|p2a: Speed OD|Taunt|p1a: Mew\n|-start|p1a: Mew|move: Taunt\n|cant|p1a: Mew|move: Taunt|Roost\n|\n|upkeep\n|turn|2\n|\n|switch|p1a: Magearna|Magearna|100\/100\n|move|p2a: Speed OD|Nature's Madness|p1a: Magearna\n|-damage|p1a: Magearna|50\/100\n|\n|upkeep\n|turn|3\n|\n|move|p2a: Speed OD|Volt Switch|p1a: Magearna\n|-damage|p1a: Magearna|24\/100\n|\n|switch|p2a: Hate rain :(|Ferrothorn, M|100\/100|[from]move: Volt Switch\n|-zpower|p1a: Magearna\n|move|p1a: Magearna|Twinkle Tackle|p2a: Hate rain :(|[zeffect]\n|-resisted|p2a: Hate rain :(\n|-damage|p2a: Hate rain :(|70\/100\n|\n|-heal|p2a: Hate rain :(|76\/100|[from] item: Leftovers\n|upkeep\n|turn|4\n|\n|move|p1a: Magearna|Pain Split|p2a: Hate rain :(\n|-sethp|p2a: Hate rain :(|50\/100|[from] move: Pain Split|[silent]\n|-sethp|p1a: Magearna|49\/100|[from] move: Pain Split\n|move|p2a: Hate rain :(|Stealth Rock|p1a: Magearna\n|-sidestart|p1: Sir Isaac Mewton|move: Stealth Rock\n|\n|-heal|p2a: Hate rain :(|57\/100|[from] item: Leftovers\n|upkeep\n|turn|5\n|\n|switch|p1a: Toxapex|Toxapex, F|100\/100\n|-damage|p1a: Toxapex|88\/100|[from] Stealth Rock\n|move|p2a: Hate rain :(|Knock Off|p1a: Toxapex\n|-damage|p1a: Toxapex|74\/100\n|-enditem|p1a: Toxapex|Black Sludge|[from] move: Knock Off|[of] p2a: Hate rain :(\n|\n|-heal|p2a: Hate rain :(|63\/100|[from] item: Leftovers\n|-fieldend|move: Electric Terrain\n|upkeep\n|turn|6\n|\n|move|p1a: Toxapex|Toxic Spikes|p2a: Hate rain :(\n|-sidestart|p2: Ban Lando t guy jk|move: Toxic Spikes\n|move|p2a: Hate rain :(|Spikes|p1a: Toxapex\n|-sidestart|p1: Sir Isaac Mewton|Spikes\n|\n|-heal|p2a: Hate rain :(|69\/100|[from] item: Leftovers\n|upkeep\n|turn|7\n|\n|move|p1a: Toxapex|Toxic Spikes|p2a: Hate rain :(\n|-sidestart|p2: Ban Lando t guy jk|move: Toxic Spikes\n|move|p2a: Hate rain :(|Spikes|p1a: Toxapex\n|-sidestart|p1: Sir Isaac Mewton|Spikes\n|\n|-heal|p2a: Hate rain :(|75\/100|[from] item: Leftovers\n|upkeep\n|turn|8\n|\n|move|p1a: Toxapex|Scald|p2a: Hate rain :(\n|-resisted|p2a: Hate rain :(\n|-damage|p2a: Hate rain :(|69\/100\n|move|p2a: Hate rain :(|Spikes|p1a: Toxapex\n|-sidestart|p1: Sir Isaac Mewton|Spikes\n|\n|-heal|p2a: Hate rain :(|75\/100|[from] item: Leftovers\n|upkeep\n|turn|9\n|\n|switch|p2a: Nappy is trash|Pelipper, F|100\/100\n|-weather|RainDance|[from] ability: Drizzle|[of] p2a: Nappy is trash\n|move|p1a: Toxapex|Scald|p2a: Nappy is trash\n|-resisted|p2a: Nappy is trash\n|-damage|p2a: Nappy is trash|87\/100\n|\n|-weather|RainDance|[upkeep]\n|upkeep\n|turn|10\n|\n|move|p2a: Nappy is trash|U-turn|p1a: Toxapex\n|-resisted|p1a: Toxapex\n|-damage|p1a: Toxapex|71\/100\n|\n|switch|p2a: Hate rain :(|Ferrothorn, M|75\/100|[from]move: U-turn\n|move|p1a: Toxapex|Scald|p2a: Hate rain :(\n|-resisted|p2a: Hate rain :(\n|-damage|p2a: Hate rain :(|67\/100\n|\n|-weather|RainDance|[upkeep]\n|-heal|p2a: Hate rain :(|73\/100|[from] item: Leftovers\n|upkeep\n|turn|11\n|\n|move|p1a: Toxapex|Scald|p2a: Hate rain :(\n|-resisted|p2a: Hate rain :(\n|-damage|p2a: Hate rain :(|64\/100\n|move|p2a: Hate rain :(|Knock Off|p1a: Toxapex\n|-damage|p1a: Toxapex|61\/100\n|\n|-weather|RainDance|[upkeep]\n|-heal|p2a: Hate rain :(|70\/100|[from] item: Leftovers\n|upkeep\n|turn|12\n|\n|switch|p2a: Speed OD|Tapu Koko|100\/100\n|-status|p2a: Speed OD|tox\n|-fieldstart|move: Electric Terrain|[from] ability: Electric Surge|[of] p2a: Speed OD\n|move|p1a: Toxapex|Scald|p2a: Speed OD\n|-damage|p2a: Speed OD|65\/100 tox\n|\n|-weather|RainDance|[upkeep]\n|-damage|p2a: Speed OD|59\/100 tox|[from] psn\n|upkeep\n|turn|13\n|\n|switch|p1a: Tapu Koko|Tapu Koko|100\/100\n|-damage|p1a: Tapu Koko|76\/100|[from] Spikes\n|-damage|p1a: Tapu Koko|63\/100|[from] Stealth Rock\n|-zpower|p2a: Speed OD\n|move|p2a: Speed OD|Twinkle Tackle|p1a: Tapu Koko|[zeffect]\n|-damage|p1a: Tapu Koko|0 fnt\n|faint|p1a: Tapu Koko\n|\n|-weather|RainDance|[upkeep]\n|-damage|p2a: Speed OD|47\/100 tox|[from] psn\n|upkeep\n|\n|switch|p1a: Gliscor|Gliscor, F|100\/100\n|-damage|p1a: Gliscor|88\/100|[from] Stealth Rock\n|turn|14\n|\n|move|p2a: Speed OD|Taunt|p1a: Gliscor\n|-start|p1a: Gliscor|move: Taunt\n|move|p1a: Gliscor|Earthquake|p2a: Speed OD\n|-supereffective|p2a: Speed OD\n|-damage|p2a: Speed OD|0 fnt\n|faint|p2a: Speed OD\n|\n|-weather|RainDance|[upkeep]\n|-status|p1a: Gliscor|tox|[from] item: Toxic Orb\n|upkeep\n|\n|switch|p2a: Copypaste|Hawlucha, M|100\/100\n|-enditem|p2a: Copypaste|Electric Seed\n|-boost|p2a: Copypaste|def|1\n|turn|15\n|\n|switch|p1a: Clefable|Clefable, M|100\/100\n|-damage|p1a: Clefable|88\/100|[from] Stealth Rock\n|-damage|p1a: Clefable|63\/100|[from] Spikes\n|move|p2a: Copypaste|Swords Dance|p2a: Copypaste\n|-boost|p2a: Copypaste|atk|2\n|\n|-weather|RainDance|[upkeep]\n|-heal|p1a: Clefable|69\/100|[from] item: Leftovers\n|upkeep\n|turn|16\n|\n|move|p2a: Copypaste|Acrobatics|p1a: Clefable\n|-damage|p1a: Clefable|33\/100\n|move|p1a: Clefable|Wish|p1a: Clefable\n|\n|-weather|none\n|-heal|p1a: Clefable|40\/100|[from] item: Leftovers\n|-fieldend|move: Electric Terrain\n|upkeep\n|turn|17\n|\n|move|p1a: Clefable|Protect|p1a: Clefable\n|-singleturn|p1a: Clefable|Protect\n|move|p2a: Copypaste|Acrobatics|p1a: Clefable\n|-activate|p1a: Clefable|move: Protect\n|\n|-heal|p1a: Clefable|90\/100|[from] move: Wish|[wisher] Clefable\n|-heal|p1a: Clefable|96\/100|[from] item: Leftovers\n|upkeep\n|turn|18\n|\n|move|p2a: Copypaste|Acrobatics|p1a: Clefable\n|-damage|p1a: Clefable|59\/100\n|move|p1a: Clefable|Wish|p1a: Clefable\n|\n|-heal|p1a: Clefable|65\/100|[from] item: Leftovers\n|upkeep\n|turn|19\n|\n|switch|p2a: Nappy is trash|Pelipper, F|87\/100\n|-weather|RainDance|[from] ability: Drizzle|[of] p2a: Nappy is trash\n|move|p1a: Clefable|Moonblast|p2a: Nappy is trash\n|-crit|p2a: Nappy is trash\n|-damage|p2a: Nappy is trash|36\/100\n|\n|-weather|RainDance|[upkeep]\n|-heal|p1a: Clefable|100\/100|[from] move: Wish|[wisher] Clefable\n|upkeep\n|turn|20\n|\n|move|p2a: Nappy is trash|Defog|p1a: Clefable\n|-unboost|p1a: Clefable|evasion|1\n|-sideend|p1: Sir Isaac Mewton|Spikes|[from] move: Defog|[of] p2a: Nappy is trash\n|-sideend|p1: Sir Isaac Mewton|Stealth Rock|[from] move: Defog|[of] p2a: Nappy is trash\n|-sideend|p2: Ban Lando t guy jk|Toxic Spikes|[from] move: Defog|[of] p2a: Nappy is trash\n|move|p1a: Clefable|Moonblast|p2a: Nappy is trash\n|-damage|p2a: Nappy is trash|4\/100\n|\n|-weather|RainDance|[upkeep]\n|upkeep\n|turn|21\n|\n|switch|p2a: Swamp Thing|Swampert, F|100\/100\n|move|p1a: Clefable|Wish|p1a: Clefable\n|\n|-weather|RainDance|[upkeep]\n|upkeep\n|turn|22\n|\n|switch|p1a: Mew|Mew|100\/100\n|detailschange|p2a: Swamp Thing|Swampert-Mega, F\n|-mega|p2a: Swamp Thing|Swampert|Swampertite\n|move|p2a: Swamp Thing|Power-Up Punch|p1a: Mew\n|-resisted|p1a: Mew\n|-damage|p1a: Mew|94\/100\n|-boost|p2a: Swamp Thing|atk|1\n|\n|-weather|RainDance|[upkeep]\n|-heal|p1a: Mew|100\/100|[from] move: Wish|[wisher] Clefable\n|upkeep\n|turn|23\n|\n|move|p2a: Swamp Thing|Waterfall|p1a: Mew\n|-damage|p1a: Mew|21\/100\n|move|p1a: Mew|Will-O-Wisp|p2a: Swamp Thing\n|-status|p2a: Swamp Thing|brn\n|\n|-weather|RainDance|[upkeep]\n|-heal|p1a: Mew|27\/100|[from] item: Leftovers\n|-damage|p2a: Swamp Thing|94\/100 brn|[from] brn\n|upkeep\n|turn|24\n|\n|switch|p1a: Clefable|Clefable, M|100\/100\n|move|p2a: Swamp Thing|Waterfall|p1a: Clefable\n|-crit|p1a: Clefable\n|-damage|p1a: Clefable|60\/100\n|\n|-weather|RainDance|[upkeep]\n|-heal|p1a: Clefable|66\/100|[from] item: Leftovers\n|-damage|p2a: Swamp Thing|88\/100 brn|[from] brn\n|upkeep\n|turn|25\n|j|\u203dBruv You Trash\n|\n|switch|p2a: Hate rain :(|Ferrothorn, M|70\/100\n|move|p1a: Clefable|Wish|p1a: Clefable\n|\n|-weather|RainDance|[upkeep]\n|-heal|p1a: Clefable|73\/100|[from] item: Leftovers\n|-heal|p2a: Hate rain :(|76\/100|[from] item: Leftovers\n|upkeep\n|turn|26\n|\n|switch|p1a: Mew|Mew|27\/100\n|move|p2a: Hate rain :(|Stealth Rock|p1a: Mew\n|-sidestart|p1: Sir Isaac Mewton|move: Stealth Rock\n|\n|-weather|none\n|-heal|p1a: Mew|76\/100|[from] move: Wish|[wisher] Clefable\n|-heal|p1a: Mew|82\/100|[from] item: Leftovers\n|-heal|p2a: Hate rain :(|82\/100|[from] item: Leftovers\n|upkeep\n|turn|27\n|\n|move|p1a: Mew|Will-O-Wisp|p2a: Hate rain :(\n|-status|p2a: Hate rain :(|brn\n|move|p2a: Hate rain :(|Knock Off|p1a: Mew\n|-supereffective|p1a: Mew\n|-damage|p1a: Mew|67\/100\n|-enditem|p1a: Mew|Leftovers|[from] move: Knock Off|[of] p2a: Hate rain :(\n|\n|-heal|p2a: Hate rain :(|89\/100 brn|[from] item: Leftovers\n|-damage|p2a: Hate rain :(|82\/100 brn|[from] brn\n|upkeep\n|turn|28\n|\n|move|p1a: Mew|Roost|p1a: Mew\n|-heal|p1a: Mew|100\/100\n|-singleturn|p1a: Mew|move: Roost\n|move|p2a: Hate rain :(|Spikes|p1a: Mew\n|-sidestart|p1: Sir Isaac Mewton|Spikes\n|\n|-heal|p2a: Hate rain :(|89\/100 brn|[from] item: Leftovers\n|-damage|p2a: Hate rain :(|82\/100 brn|[from] brn\n|upkeep\n|turn|29\n|\n|switch|p1a: Gliscor|Gliscor, F|88\/100 tox\n|-damage|p1a: Gliscor|76\/100 tox|[from] Stealth Rock\n|move|p2a: Hate rain :(|Spikes|p1a: Gliscor\n|-sidestart|p1: Sir Isaac Mewton|Spikes\n|\n|-heal|p2a: Hate rain :(|89\/100 brn|[from] item: Leftovers\n|-heal|p1a: Gliscor|88\/100 tox|[from] ability: Poison Heal\n|-damage|p2a: Hate rain :(|82\/100 brn|[from] brn\n|upkeep\n|turn|30\n|\n|switch|p2a: Nappy is trash|Pelipper, F|4\/100\n|-weather|RainDance|[from] ability: Drizzle|[of] p2a: Nappy is trash\n|move|p1a: Gliscor|Defog|p2a: Nappy is trash\n|-unboost|p2a: Nappy is trash|evasion|1\n|-sideend|p1: Sir Isaac Mewton|Spikes|[from] move: Defog|[of] p1a: Gliscor\n|-sideend|p1: Sir Isaac Mewton|Stealth Rock|[from] move: Defog|[of] p1a: Gliscor\n|\n|-weather|RainDance|[upkeep]\n|-heal|p1a: Gliscor|100\/100 tox|[from] ability: Poison Heal\n|upkeep\n|turn|31\n|\n|switch|p1a: Magearna|Magearna|49\/100\n|move|p2a: Nappy is trash|U-turn|p1a: Magearna\n|-resisted|p1a: Magearna\n|-damage|p1a: Magearna|47\/100\n|\n|switch|p2a: Swamp Thing|Swampert-Mega, F|88\/100 brn|[from]move: U-turn\n|\n|-weather|RainDance|[upkeep]\n|-damage|p2a: Swamp Thing|82\/100 brn|[from] brn\n|upkeep\n|turn|32\n|\n|switch|p1a: Mew|Mew|100\/100\n|move|p2a: Swamp Thing|Earthquake|p1a: Mew\n|-damage|p1a: Mew|78\/100\n|\n|-weather|RainDance|[upkeep]\n|-damage|p2a: Swamp Thing|76\/100 brn|[from] brn\n|upkeep\n|turn|33\n|\n|switch|p2a: Hate rain :(|Ferrothorn, M|82\/100 brn\n|move|p1a: Mew|Stealth Rock|p2a: Hate rain :(\n|-sidestart|p2: Ban Lando t guy jk|move: Stealth Rock\n|\n|-weather|RainDance|[upkeep]\n|-heal|p2a: Hate rain :(|89\/100 brn|[from] item: Leftovers\n|-damage|p2a: Hate rain :(|82\/100 brn|[from] brn\n|upkeep\n|turn|34\n|j| Tabbouli\n|\n|move|p1a: Mew|Ice Beam|p2a: Hate rain :(\n|-damage|p2a: Hate rain :(|66\/100 brn\n|move|p2a: Hate rain :(|Stealth Rock|p1a: Mew\n|-sidestart|p1: Sir Isaac Mewton|move: Stealth Rock\n|\n|-weather|RainDance|[upkeep]\n|-heal|p2a: Hate rain :(|73\/100 brn|[from] item: Leftovers\n|-damage|p2a: Hate rain :(|66\/100 brn|[from] brn\n|upkeep\n|turn|35\n|\n|move|p1a: Mew|Roost|p1a: Mew\n|-heal|p1a: Mew|100\/100\n|-singleturn|p1a: Mew|move: Roost\n|move|p2a: Hate rain :(|Spikes|p1a: Mew\n|-sidestart|p1: Sir Isaac Mewton|Spikes\n|\n|-weather|RainDance|[upkeep]\n|-heal|p2a: Hate rain :(|73\/100 brn|[from] item: Leftovers\n|-damage|p2a: Hate rain :(|66\/100 brn|[from] brn\n|upkeep\n|turn|36\n|\n|switch|p1a: Gliscor|Gliscor, F|100\/100 tox\n|-damage|p1a: Gliscor|88\/100 tox|[from] Stealth Rock\n|move|p2a: Hate rain :(|Spikes|p1a: Gliscor\n|-sidestart|p1: Sir Isaac Mewton|Spikes\n|\n|-weather|RainDance|[upkeep]\n|-heal|p2a: Hate rain :(|73\/100 brn|[from] item: Leftovers\n|-heal|p1a: Gliscor|100\/100 tox|[from] ability: Poison Heal\n|-damage|p2a: Hate rain :(|66\/100 brn|[from] brn\n|upkeep\n|turn|37\n|\n|switch|p2a: Swamp Thing|Swampert-Mega, F|76\/100 brn\n|-damage|p2a: Swamp Thing|70\/100 brn|[from] Stealth Rock\n|move|p1a: Gliscor|Defog|p2a: Swamp Thing\n|-unboost|p2a: Swamp Thing|evasion|1\n|-sideend|p2: Ban Lando t guy jk|Stealth Rock|[from] move: Defog|[of] p1a: Gliscor\n|-sideend|p1: Sir Isaac Mewton|Spikes|[from] move: Defog|[of] p1a: Gliscor\n|-sideend|p1: Sir Isaac Mewton|Stealth Rock|[from] move: Defog|[of] p1a: Gliscor\n|\n|-weather|none\n|-damage|p2a: Swamp Thing|64\/100 brn|[from] brn\n|upkeep\n|turn|38\n|l|\u203dBruv You Trash\n|-message|Ban Lando t guy jk forfeited.\n|\n|win|Sir Isaac Mewton\n|l|\u2606Ban Lando t guy jk\n|c|\u2606Sir Isaac Mewton|lmao\n|c|\u2606Sir Isaac Mewton|run kid.\n","uploadtime":1573690703,"views":5,"p1id":"sirisaacmewton","p2id":"banlandotguyjk","formatid":"gen7ou","rating":0,"private":0,"password":null}