{"id":"gen7ou-982996011","p1":"lord cube","p2":"Dorido","format":"gen7ou","log":"|j|\u2606lord cube\n|j|\u2606Dorido\n|player|p1|lord cube|92|1463\n|player|p2|Dorido|15|1457\n|teamsize|p1|6\n|teamsize|p2|6\n|gametype|singles\n|gen|7\n|tier|[Gen 7] OU\n|rated|\n|rule|Sleep Clause Mod: Limit one foe put to sleep\n|rule|Species Clause: Limit one of each Pok\u00e9mon\n|rule|OHKO Clause: OHKO moves are banned\n|rule|Moody Clause: Moody is banned\n|rule|Evasion Moves Clause: Evasion moves are banned\n|rule|Endless Battle Clause: Forcing endless battles is banned\n|rule|HP Percentage Mod: HP is shown in percentages\n|clearpoke\n|poke|p1|Blastoise, M|item\n|poke|p1|Garchomp, F|item\n|poke|p1|Amoonguss, M|item\n|poke|p1|Moltres|item\n|poke|p1|Jirachi|item\n|poke|p1|Clefable, M|item\n|poke|p2|Cresselia, F|item\n|poke|p2|Camerupt, M|item\n|poke|p2|Magearna|item\n|poke|p2|Reuniclus, M|item\n|poke|p2|Exeggutor-Alola, M|item\n|poke|p2|Crawdaunt, M|item\n|teampreview\n|inactive|Battle timer is ON: inactive players will automatically lose when time's up. (requested by lord cube)\n|\n|start\n|switch|p1a: Blastoise|Blastoise, M|100\/100\n|switch|p2a: Stonk|Reuniclus, M, shiny|100\/100\n|turn|1\n|\n|switch|p2a: Windows Update|Magearna|100\/100\n|detailschange|p1a: Blastoise|Blastoise-Mega, M\n|-mega|p1a: Blastoise|Blastoise|Blastoisinite\n|move|p1a: Blastoise|Dark Pulse|p2a: Windows Update\n|-resisted|p2a: Windows Update\n|-damage|p2a: Windows Update|79\/100\n|\n|upkeep\n|turn|2\n|\n|switch|p1a: Amoonguss|Amoonguss, M|100\/100\n|move|p2a: Windows Update|Trick Room|p2a: Windows Update\n|-fieldstart|move: Trick Room|[of] p2a: Windows Update\n|\n|upkeep\n|turn|3\n|\n|switch|p2a: 5'9\"|Exeggutor-Alola, M|100\/100\n|move|p1a: Amoonguss|Sludge Bomb|p2a: 5'9\"\n|-supereffective|p2a: 5'9\"\n|-damage|p2a: 5'9\"|36\/100\n|\n|upkeep\n|turn|4\n|\n|switch|p2a: Windows Update|Magearna|79\/100\n|move|p1a: Amoonguss|Sludge Bomb|p2a: Windows Update\n|-immune|p2a: Windows Update\n|\n|upkeep\n|turn|5\n|\n|move|p1a: Amoonguss|Spore|p2a: Windows Update\n|-status|p2a: Windows Update|slp|[from] move: Spore\n|cant|p2a: Windows Update|slp\n|\n|upkeep\n|turn|6\n|\n|switch|p1a: Garchomp|Garchomp, F|100\/100\n|switch|p2a: Stonk|Reuniclus, M, shiny|100\/100\n|\n|-fieldend|move: Trick Room\n|upkeep\n|turn|7\n|\n|switch|p2a: Made in heaven|Cresselia, F|100\/100\n|move|p1a: Garchomp|Swords Dance|p1a: Garchomp\n|-boost|p1a: Garchomp|atk|2\n|\n|upkeep\n|turn|8\n|\n|move|p1a: Garchomp|Stealth Rock|p2a: Made in heaven\n|-sidestart|p2: Dorido|move: Stealth Rock\n|move|p2a: Made in heaven|Trick Room|p2a: Made in heaven\n|-fieldstart|move: Trick Room|[of] p2a: Made in heaven\n|\n|upkeep\n|turn|9\n|\n|switch|p1a: Blastoise|Blastoise-Mega, M|100\/100\n|move|p2a: Made in heaven|Ice Beam|p1a: Blastoise\n|-resisted|p1a: Blastoise\n|-damage|p1a: Blastoise|93\/100\n|\n|upkeep\n|turn|10\n|\n|switch|p2a: Stonk|Reuniclus, M, shiny|100\/100\n|move|p1a: Blastoise|Dark Pulse|p2a: Stonk\n|-supereffective|p2a: Stonk\n|-crit|p2a: Stonk\n|-damage|p2a: Stonk|0 fnt\n|faint|p2a: Stonk\n|\n|upkeep\n|\n|switch|p2a: Windows Update|Magearna|79\/100 slp\n|-damage|p2a: Windows Update|73\/100 slp|[from] Stealth Rock\n|turn|11\n|\n|cant|p2a: Windows Update|slp\n|move|p1a: Blastoise|Aura Sphere|p2a: Windows Update\n|-damage|p2a: Windows Update|32\/100 slp\n|\n|upkeep\n|turn|12\n|\n|-curestatus|p2a: Windows Update|slp|[msg]\n|-zpower|p2a: Windows Update\n|move|p2a: Windows Update|Twinkle Tackle|p1a: Blastoise|[zeffect]\n|-damage|p1a: Blastoise|0 fnt\n|faint|p1a: Blastoise\n|-ability|p2a: Windows Update|Soul-Heart|boost\n|-boost|p2a: Windows Update|spa|1\n|\n|-fieldend|move: Trick Room\n|upkeep\n|\n|switch|p1a: Jirachi|Jirachi|100\/100\n|turn|13\n|\n|move|p1a: Jirachi|Substitute|p1a: Jirachi\n|-start|p1a: Jirachi|Substitute\n|-damage|p1a: Jirachi|75\/100\n|move|p2a: Windows Update|Trick Room|p2a: Windows Update\n|-fieldstart|move: Trick Room|[of] p2a: Windows Update\n|\n|-heal|p1a: Jirachi|82\/100|[from] item: Leftovers\n|upkeep\n|turn|14\n|\n|move|p2a: Windows Update|Focus Blast|p1a: Jirachi\n|-end|p1a: Jirachi|Substitute\n|move|p1a: Jirachi|Iron Head|p2a: Windows Update\n|-damage|p2a: Windows Update|5\/100\n|\n|-heal|p1a: Jirachi|88\/100|[from] item: Leftovers\n|upkeep\n|turn|15\n|\n|move|p2a: Windows Update|Focus Blast|p1a: Jirachi\n|-damage|p1a: Jirachi|29\/100\n|move|p1a: Jirachi|Iron Head|p2a: Windows Update\n|-damage|p2a: Windows Update|0 fnt\n|faint|p2a: Windows Update\n|\n|-heal|p1a: Jirachi|36\/100|[from] item: Leftovers\n|upkeep\n|\n|switch|p2a: 5'9\"|Exeggutor-Alola, M|36\/100\n|-damage|p2a: 5'9\"|24\/100|[from] Stealth Rock\n|-enditem|p2a: 5'9\"|Petaya Berry|[eat]\n|-boost|p2a: 5'9\"|spa|1\n|turn|16\n|\n|switch|p1a: Moltres|Moltres|100\/100\n|move|p2a: 5'9\"|Flamethrower|p1a: Moltres\n|-resisted|p1a: Moltres\n|-damage|p1a: Moltres|76\/100\n|\n|-heal|p1a: Moltres|83\/100|[from] item: Leftovers\n|-item|p2a: 5'9\"|Petaya Berry|[from] ability: Harvest\n|upkeep\n|-enditem|p2a: 5'9\"|Petaya Berry|[eat]\n|-boost|p2a: 5'9\"|spa|1\n|turn|17\n|\n|switch|p1a: Clefable|Clefable, M|100\/100\n|move|p2a: 5'9\"|Draco Meteor|p1a: Clefable\n|-immune|p1a: Clefable\n|\n|-fieldend|move: Trick Room\n|upkeep\n|turn|18\n|\n|move|p1a: Clefable|Moonblast|p2a: 5'9\"\n|-supereffective|p2a: 5'9\"\n|-damage|p2a: 5'9\"|0 fnt\n|faint|p2a: 5'9\"\n|\n|upkeep\n|\n|switch|p2a: Made in heaven|Cresselia, F|100\/100\n|-damage|p2a: Made in heaven|88\/100|[from] Stealth Rock\n|turn|19\n|\n|move|p1a: Clefable|Wish|p1a: Clefable\n|move|p2a: Made in heaven|Trick Room|p2a: Made in heaven\n|-fieldstart|move: Trick Room|[of] p2a: Made in heaven\n|\n|-heal|p2a: Made in heaven|94\/100|[from] item: Leftovers\n|upkeep\n|turn|20\n|\n|switch|p1a: Jirachi|Jirachi|36\/100\n|switch|p2a: Ouga Bouga|Crawdaunt, M, shiny|100\/100\n|-damage|p2a: Ouga Bouga|88\/100|[from] Stealth Rock\n|\n|-heal|p1a: Jirachi|84\/100|[from] move: Wish|[wisher] Clefable\n|-heal|p1a: Jirachi|90\/100|[from] item: Leftovers\n|upkeep\n|turn|21\n|\n|switch|p1a: Clefable|Clefable, M|100\/100\n|move|p2a: Ouga Bouga|Knock Off|p1a: Clefable\n|-resisted|p1a: Clefable\n|-damage|p1a: Clefable|62\/100\n|-enditem|p1a: Clefable|Leftovers|[from] move: Knock Off|[of] p2a: Ouga Bouga\n|\n|upkeep\n|turn|22\n|\n|switch|p2a: Krakatoa|Camerupt, M, shiny|100\/100\n|-damage|p2a: Krakatoa|88\/100|[from] Stealth Rock\n|move|p1a: Clefable|Protect||[still]\n|-fail|p1a: Clefable\n|\n|upkeep\n|turn|23\n|\n|switch|p1a: Garchomp|Garchomp, F|100\/100\n|detailschange|p2a: Krakatoa|Camerupt-Mega, M, shiny\n|-mega|p2a: Krakatoa|Camerupt|Cameruptite\n|move|p2a: Krakatoa|Fire Blast|p1a: Garchomp\n|-resisted|p1a: Garchomp\n|-damage|p1a: Garchomp|56\/100\n|\n|-fieldend|move: Trick Room\n|upkeep\n|turn|24\n|\n|switch|p2a: Made in heaven|Cresselia, F|94\/100\n|-damage|p2a: Made in heaven|82\/100|[from] Stealth Rock\n|move|p1a: Garchomp|Dragon Tail|p2a: Made in heaven\n|-damage|p2a: Made in heaven|65\/100\n|drag|p2a: Krakatoa|Camerupt-Mega, M, shiny|88\/100\n|-damage|p2a: Krakatoa|76\/100|[from] Stealth Rock\n|\n|upkeep\n|turn|25\n|\n|move|p2a: Krakatoa|Fire Blast|p1a: Garchomp\n|-resisted|p1a: Garchomp\n|-damage|p1a: Garchomp|15\/100\n|move|p1a: Garchomp|Dragon Tail|p2a: Krakatoa\n|-damage|p2a: Krakatoa|48\/100\n|drag|p2a: Ouga Bouga|Crawdaunt, M, shiny|88\/100\n|-damage|p2a: Ouga Bouga|76\/100|[from] Stealth Rock\n|\n|upkeep\n|turn|26\n|\n|move|p2a: Ouga Bouga|Aqua Jet|p1a: Garchomp\n|-damage|p1a: Garchomp|0 fnt\n|-damage|p2a: Ouga Bouga|63\/100|[from] ability: Rough Skin|[of] p1a: Garchomp\n|-damage|p2a: Ouga Bouga|47\/100|[from] item: Rocky Helmet|[of] p1a: Garchomp\n|faint|p1a: Garchomp\n|\n|upkeep\n|\n|switch|p1a: Amoonguss|Amoonguss, M|100\/100\n|turn|27\n|\n|move|p2a: Ouga Bouga|Aqua Jet|p1a: Amoonguss\n|-resisted|p1a: Amoonguss\n|-damage|p1a: Amoonguss|81\/100\n|move|p1a: Amoonguss|Spore|p2a: Ouga Bouga\n|-status|p2a: Ouga Bouga|slp|[from] move: Spore\n|\n|-heal|p1a: Amoonguss|88\/100|[from] item: Black Sludge\n|upkeep\n|turn|28\n|\n|switch|p2a: Made in heaven|Cresselia, F|65\/100\n|-damage|p2a: Made in heaven|53\/100|[from] Stealth Rock\n|move|p1a: Amoonguss|Giga Drain|p2a: Made in heaven\n|-damage|p2a: Made in heaven|42\/100\n|-heal|p1a: Amoonguss|93\/100|[from] drain|[of] p2a: Made in heaven\n|\n|-heal|p2a: Made in heaven|48\/100|[from] item: Leftovers\n|-heal|p1a: Amoonguss|99\/100|[from] item: Black Sludge\n|upkeep\n|turn|29\n|\n|move|p1a: Amoonguss|Foul Play|p2a: Made in heaven\n|-supereffective|p2a: Made in heaven\n|-damage|p2a: Made in heaven|32\/100\n|move|p2a: Made in heaven|Trick Room|p2a: Made in heaven\n|-fieldstart|move: Trick Room|[of] p2a: Made in heaven\n|\n|-heal|p1a: Amoonguss|100\/100|[from] item: Black Sludge\n|-heal|p2a: Made in heaven|38\/100|[from] item: Leftovers\n|upkeep\n|turn|30\n|\n|move|p1a: Amoonguss|Sludge Bomb|p2a: Made in heaven\n|-damage|p2a: Made in heaven|25\/100\n|-status|p2a: Made in heaven|psn\n|move|p2a: Made in heaven|Lunar Dance|p2a: Made in heaven\n|faint|p2a: Made in heaven\n|\n|upkeep\n|\n|switch|p2a: Krakatoa|Camerupt-Mega, M, shiny|48\/100\n|-heal|p2a: Krakatoa|100\/100|[from] move: Lunar Dance\n|-damage|p2a: Krakatoa|88\/100|[from] Stealth Rock\n|turn|31\n|\n|switch|p1a: Moltres|Moltres|83\/100\n|move|p2a: Krakatoa|Fire Blast|p1a: Moltres|[miss]\n|-miss|p2a: Krakatoa|p1a: Moltres\n|\n|-heal|p1a: Moltres|89\/100|[from] item: Leftovers\n|upkeep\n|turn|32\n|\n|switch|p1a: Amoonguss|Amoonguss, M|100\/100\n|move|p2a: Krakatoa|Rock Slide|p1a: Amoonguss\n|-damage|p1a: Amoonguss|79\/100\n|\n|-heal|p1a: Amoonguss|85\/100|[from] item: Black Sludge\n|upkeep\n|turn|33\n|\n|switch|p1a: Clefable|Clefable, M|62\/100\n|move|p2a: Krakatoa|Fire Blast|p1a: Clefable\n|-damage|p1a: Clefable|0 fnt\n|faint|p1a: Clefable\n|\n|-fieldend|move: Trick Room\n|upkeep\n|\n|switch|p1a: Amoonguss|Amoonguss, M|100\/100\n|turn|34\n|\n|move|p1a: Amoonguss|Spore|p2a: Krakatoa\n|-message|Sleep Clause Mod activated.\n|move|p2a: Krakatoa|Fire Blast|p1a: Amoonguss\n|-supereffective|p1a: Amoonguss\n|-damage|p1a: Amoonguss|0 fnt\n|faint|p1a: Amoonguss\n|\n|upkeep\n|\n|switch|p1a: Moltres|Moltres|89\/100\n|turn|35\n|\n|move|p1a: Moltres|Roost|p1a: Moltres\n|-heal|p1a: Moltres|100\/100\n|-singleturn|p1a: Moltres|move: Roost\n|move|p2a: Krakatoa|Rock Slide|p1a: Moltres\n|-supereffective|p1a: Moltres\n|-damage|p1a: Moltres|55\/100\n|\n|-heal|p1a: Moltres|61\/100|[from] item: Leftovers\n|upkeep\n|turn|36\n|\n|move|p1a: Moltres|Roost|p1a: Moltres\n|-heal|p1a: Moltres|100\/100\n|-singleturn|p1a: Moltres|move: Roost\n|move|p2a: Krakatoa|Earth Power|p1a: Moltres\n|-supereffective|p1a: Moltres\n|-damage|p1a: Moltres|0 fnt\n|faint|p1a: Moltres\n|\n|upkeep\n|\n|switch|p1a: Jirachi|Jirachi|90\/100\n|turn|37\n|\n|move|p1a: Jirachi|Iron Head|p2a: Krakatoa\n|-resisted|p2a: Krakatoa\n|-damage|p2a: Krakatoa|72\/100\n|move|p2a: Krakatoa|Fire Blast|p1a: Jirachi\n|-supereffective|p1a: Jirachi\n|-damage|p1a: Jirachi|0 fnt\n|faint|p1a: Jirachi\n|\n|win|Dorido\n|raw|lord cube's rating: 1463 &rarr; <strong>1443<\/strong><br \/>(-20 for losing)\n|raw|Dorido's rating: 1457 &rarr; <strong>1477<\/strong><br \/>(+20 for winning)\n|l|\u2606lord cube\n","uploadtime":1569587179,"views":15,"p1id":"lordcube","p2id":"dorido","formatid":"gen7ou","rating":1443,"private":0,"password":null}