{"id":"gen7ou-669233373","p1":"Toxabelle","p2":"Omari P","format":"gen7ou","log":"|raw|<div class=\"broadcast-red\"><strong>This battle is invite-only!<\/strong><br \/>Users must be rank + or invited with <code>\/invite<\/code> to join<\/div>\n|j|Toxabelle\n|j|Omari P\n|player|p1|Toxabelle|164\n|teamsize|p1|6\n|player|p2|Omari P|194\n|teamsize|p2|6\n|gametype|singles\n|gen|7\n|tier|[Gen 7] OU\n|rated|\n|seed|32445,36399,64831,50172\n|rule|Sleep Clause Mod: Limit one foe put to sleep\n|rule|Species Clause: Limit one of each Pok\u00e9mon\n|rule|OHKO Clause: OHKO moves are banned\n|rule|Moody Clause: Moody is banned\n|rule|Evasion Moves Clause: Evasion moves are banned\n|rule|Endless Battle Clause: Forcing endless battles is banned\n|rule|HP Percentage Mod: HP is shown in percentages\n|clearpoke\n|poke|p1|Venusaur, M|item\n|poke|p1|Keldeo-Resolute|item\n|poke|p1|Skarmory, F|item\n|poke|p1|Chansey, F|item\n|poke|p1|Heatran, F|item\n|poke|p1|Bisharp, F|item\n|poke|p2|Mew|item\n|poke|p2|Haxorus, M|item\n|poke|p2|Empoleon, F|item\n|poke|p2|Entei|item\n|poke|p2|Mandibuzz, F|item\n|poke|p2|Bastiodon, M|item\n|teampreview\n|inactive|Battle timer is ON: inactive players will automatically lose when time's up. (requested by Toxabelle)\n|choice|team 2, team 1, team 3, team 4, team 5, team 6|team 1, team 2, team 3, team 4, team 5, team 6\n|\n|start\n|switch|p1a: Keldeo|Keldeo-Resolute|323\/323\n|switch|p2a: Mew|Mew|341\/341\n|turn|1\n|choice|switch 4|move psychic\n|\n|switch|p1a: Chansey|Chansey, F|703\/703\n|move|p2a: Mew|Psychic|p1a: Chansey\n|-damage|p1a: Chansey|616\/703\n|\n|upkeep\n|turn|2\n|choice|move seismictoss|switch 3\n|\n|switch|p2a: Empoleon|Empoleon, F|309\/309\n|move|p1a: Chansey|Seismic Toss|p2a: Empoleon\n|-damage|p2a: Empoleon|209\/309\n|\n|upkeep\n|turn|3\n|choice|move seismictoss|move stealthrock\n|\n|move|p2a: Empoleon|Stealth Rock|p1a: Chansey\n|-sidestart|p1: Toxabelle|move: Stealth Rock\n|move|p1a: Chansey|Seismic Toss|p2a: Empoleon\n|-damage|p2a: Empoleon|109\/309\n|\n|upkeep\n|turn|4\n|choice|move seismictoss|move scald\n|\n|move|p2a: Empoleon|Scald|p1a: Chansey\n|-damage|p1a: Chansey|531\/703\n|-status|p1a: Chansey|brn\n|move|p1a: Chansey|Seismic Toss|p2a: Empoleon\n|-damage|p2a: Empoleon|9\/309\n|\n|-damage|p1a: Chansey|488\/703 brn|[from] brn\n|upkeep\n|turn|5\n|choice|move softboiled|switch 4\n|\n|switch|p2a: Entei|Entei, shiny|371\/371\n|-ability|p2a: Entei|Pressure\n|move|p1a: Chansey|Soft-Boiled|p1a: Chansey\n|-heal|p1a: Chansey|703\/703 brn\n|\n|-damage|p1a: Chansey|660\/703 brn|[from] brn\n|upkeep\n|turn|6\n|choice|move softboiled|move sacredfire\n|\n|move|p2a: Entei|Sacred Fire|p1a: Chansey\n|-damage|p1a: Chansey|408\/703 brn\n|move|p1a: Chansey|Soft-Boiled|p1a: Chansey\n|-heal|p1a: Chansey|703\/703 brn\n|\n|-damage|p1a: Chansey|660\/703 brn|[from] brn\n|upkeep\n|turn|7\n|choice|switch 4|move ironhead\n|\n|-curestatus|p1a: Chansey|brn|[from] ability: Natural Cure\n|switch|p1a: Keldeo|Keldeo-Resolute|323\/323\n|-damage|p1a: Keldeo|303\/323|[from] Stealth Rock\n|move|p2a: Entei|Iron Head|p1a: Keldeo\n|-resisted|p1a: Keldeo\n|-damage|p1a: Keldeo|250\/323\n|\n|-heal|p1a: Keldeo|270\/323|[from] item: Leftovers\n|upkeep\n|turn|8\n|choice|move substitute|move extremespeed\n|\n|move|p2a: Entei|Extreme Speed|p1a: Keldeo\n|-damage|p1a: Keldeo|164\/323\n|move|p1a: Keldeo|Substitute|p1a: Keldeo\n|-start|p1a: Keldeo|Substitute\n|-damage|p1a: Keldeo|84\/323\n|\n|-heal|p1a: Keldeo|104\/323|[from] item: Leftovers\n|upkeep\n|turn|9\n|choice|move scald|move extremespeed\n|\n|move|p2a: Entei|Extreme Speed|p1a: Keldeo\n|-end|p1a: Keldeo|Substitute\n|move|p1a: Keldeo|Scald|p2a: Entei\n|-supereffective|p2a: Entei\n|-damage|p2a: Entei|119\/371\n|\n|-heal|p1a: Keldeo|124\/323|[from] item: Leftovers\n|upkeep\n|turn|10\n|choice|move scald|move extremespeed\n|\n|move|p2a: Entei|Extreme Speed|p1a: Keldeo\n|-damage|p1a: Keldeo|24\/323\n|move|p1a: Keldeo|Scald|p2a: Entei\n|-supereffective|p2a: Entei\n|-damage|p2a: Entei|0 fnt\n|faint|p2a: Entei\n|\n|-heal|p1a: Keldeo|44\/323|[from] item: Leftovers\n|upkeep\n|choice||switch 3\n|\n|switch|p2a: Mew|Mew|341\/341\n|turn|11\n|choice|switch 4|move psychic\n|\n|switch|p1a: Chansey|Chansey, F|660\/703\n|-damage|p1a: Chansey|573\/703|[from] Stealth Rock\n|move|p2a: Mew|Psychic|p1a: Chansey\n|-damage|p1a: Chansey|488\/703\n|-unboost|p1a: Chansey|spd|1\n|\n|upkeep\n|turn|12\n|choice|move softboiled|move nastyplot\n|\n|move|p2a: Mew|Nasty Plot|p2a: Mew\n|-boost|p2a: Mew|spa|2\n|move|p1a: Chansey|Soft-Boiled|p1a: Chansey\n|-heal|p1a: Chansey|703\/703\n|\n|upkeep\n|turn|13\n|choice|move thunderwave|move aurasphere\n|\n|move|p2a: Mew|Aura Sphere|p1a: Chansey\n|-supereffective|p1a: Chansey\n|-damage|p1a: Chansey|403\/703\n|move|p1a: Chansey|Thunder Wave|p2a: Mew\n|-status|p2a: Mew|par\n|-activate|p2a: Mew|ability: Synchronize\n|-status|p1a: Chansey|par\n|\n|upkeep\n|turn|14\n|choice|switch 2|move psychic zmove\n|\n|-curestatus|p1a: Chansey|par|[from] ability: Natural Cure\n|switch|p1a: Venusaur|Venusaur, M|363\/363\n|-damage|p1a: Venusaur|318\/363|[from] Stealth Rock\n|-zpower|p2a: Mew\n|move|p2a: Mew|Genesis Supernova|p1a: Venusaur|[zeffect]\n|-supereffective|p1a: Venusaur\n|-damage|p1a: Venusaur|0 fnt\n|-fieldstart|move: Psychic Terrain\n|faint|p1a: Venusaur\n|\n|upkeep\n|choice|switch 6|\n|\n|switch|p1a: Bisharp|Bisharp, F|334\/334\n|-damage|p1a: Bisharp|314\/334|[from] Stealth Rock\n|turn|15\n|choice|move knockoff|move aurasphere\n|\n|move|p1a: Bisharp|Knock Off|p2a: Mew\n|-supereffective|p2a: Mew\n|-damage|p2a: Mew|105\/341 par\n|move|p2a: Mew|Aura Sphere|p1a: Bisharp\n|-supereffective|p1a: Bisharp\n|-damage|p1a: Bisharp|0 fnt\n|faint|p1a: Bisharp\n|\n|upkeep\n|choice|switch 4|\n|\n|switch|p1a: Keldeo|Keldeo-Resolute|44\/323\n|-damage|p1a: Keldeo|24\/323|[from] Stealth Rock\n|turn|16\n|choice|move scald|move psychic\n|\n|move|p1a: Keldeo|Scald|p2a: Mew\n|-crit|p2a: Mew\n|-damage|p2a: Mew|0 fnt\n|faint|p2a: Mew\n|\n|-heal|p1a: Keldeo|44\/323|[from] item: Leftovers\n|upkeep\n|choice||switch 2\n|\n|switch|p2a: Haxorus|Haxorus, M, shiny|293\/293\n|-ability|p2a: Haxorus|Mold Breaker\n|turn|17\n|choice|move secretsword|move earthquake\n|\n|move|p2a: Haxorus|Earthquake|p1a: Keldeo\n|-damage|p1a: Keldeo|0 fnt\n|faint|p1a: Keldeo\n|\n|upkeep\n|choice|switch 3|\n|\n|switch|p1a: Skarmory|Skarmory, F|333\/333\n|-damage|p1a: Skarmory|292\/333|[from] Stealth Rock\n|turn|18\n|choice|move spikes|switch 4\n|\n|switch|p2a: Empoleon|Empoleon, F|9\/309\n|move|p1a: Skarmory|Spikes|p2a: Empoleon\n|-sidestart|p2: Omari P|Spikes\n|\n|-fieldend|move: Psychic Terrain\n|upkeep\n|turn|19\n|choice|switch 2|move scald\n|\n|switch|p1a: Chansey|Chansey, F|403\/703\n|-damage|p1a: Chansey|316\/703|[from] Stealth Rock\n|move|p2a: Empoleon|Scald|p1a: Chansey\n|-damage|p1a: Chansey|181\/703\n|-status|p1a: Chansey|brn\n|\n|-damage|p1a: Chansey|138\/703 brn|[from] brn\n|upkeep\n|turn|20\n|choice|move softboiled|move scald\n|\n|move|p2a: Empoleon|Scald|p1a: Chansey\n|-damage|p1a: Chansey|15\/703 brn\n|move|p1a: Chansey|Soft-Boiled|p1a: Chansey\n|-heal|p1a: Chansey|367\/703 brn\n|\n|-damage|p1a: Chansey|324\/703 brn|[from] brn\n|upkeep\n|turn|21\n|choice|move softboiled|switch 4\n|\n|switch|p2a: Haxorus|Haxorus, M, shiny|293\/293\n|-damage|p2a: Haxorus|257\/293|[from] Spikes\n|-ability|p2a: Haxorus|Mold Breaker\n|move|p1a: Chansey|Soft-Boiled|p1a: Chansey\n|-heal|p1a: Chansey|676\/703 brn\n|\n|-damage|p1a: Chansey|633\/703 brn|[from] brn\n|upkeep\n|turn|22\n|choice|switch 2|move aquatail\n|\n|-curestatus|p1a: Chansey|brn|[from] ability: Natural Cure\n|switch|p1a: Skarmory|Skarmory, F|292\/333\n|-damage|p1a: Skarmory|251\/333|[from] Stealth Rock\n|move|p2a: Haxorus|Aqua Tail|p1a: Skarmory\n|-damage|p1a: Skarmory|182\/333\n|-damage|p2a: Haxorus|209\/293|[from] item: Rocky Helmet|[of] p1a: Skarmory\n|\n|upkeep\n|turn|23\n|choice|move roost|switch 6\n|\n|switch|p2a: Bastiodon|Bastiodon, M|321\/321\n|-damage|p2a: Bastiodon|281\/321|[from] Spikes\n|move|p1a: Skarmory|Roost|p1a: Skarmory\n|-heal|p1a: Skarmory|333\/333\n|\n|upkeep\n|turn|24\n|choice|move whirlwind|move icebeam\n|\n|move|p2a: Bastiodon|Ice Beam|p1a: Skarmory\n|-damage|p1a: Skarmory|277\/333\n|move|p1a: Skarmory|Whirlwind|p2a: Bastiodon\n|drag|p2a: Mandibuzz|Mandibuzz, F|413\/413\n|\n|upkeep\n|turn|25\n|choice|move spikes|move defog\n|\n|move|p2a: Mandibuzz|Defog|p1a: Skarmory\n|-unboost|p1a: Skarmory|evasion|1\n|-sideend|p1: Toxabelle|Stealth Rock|[from] move: Defog|[of] p1a: Skarmory\n|-sideend|p2: Omari P|Spikes|[from] move: Defog|[of] p2a: Mandibuzz\n|move|p1a: Skarmory|Spikes|p2a: Mandibuzz\n|-sidestart|p2: Omari P|Spikes\n|\n|upkeep\n|turn|26\n|choice|switch 5|move defog\n|\n|switch|p1a: Heatran|Heatran, F|386\/386\n|move|p2a: Mandibuzz|Defog|p1a: Heatran\n|-unboost|p1a: Heatran|evasion|1\n|-sideend|p2: Omari P|Spikes|[from] move: Defog|[of] p2a: Mandibuzz\n|\n|upkeep\n|turn|27\n|choice|move stealthrock|switch 5\n|\n|switch|p2a: Bastiodon|Bastiodon, M|281\/321\n|move|p1a: Heatran|Stealth Rock|p2a: Bastiodon\n|-sidestart|p2: Omari P|move: Stealth Rock\n|\n|upkeep\n|turn|28\n|choice|switch 5|move metalburst\n|\n|switch|p1a: Skarmory|Skarmory, F|277\/333\n|move|p2a: Bastiodon|Metal Burst|p1a: Skarmory\n|-fail|p1a: Skarmory\n|\n|upkeep\n|turn|29\n|choice|move whirlwind|move icebeam\n|\n|move|p2a: Bastiodon|Ice Beam|p1a: Skarmory\n|-damage|p1a: Skarmory|221\/333\n|move|p1a: Skarmory|Whirlwind|p2a: Bastiodon\n|drag|p2a: Mandibuzz|Mandibuzz, F|413\/413\n|-damage|p2a: Mandibuzz|310\/413|[from] Stealth Rock\n|\n|upkeep\n|turn|30\n|choice|switch 5|move defog\n|\n|switch|p1a: Heatran|Heatran, F|386\/386\n|move|p2a: Mandibuzz|Defog|p1a: Heatran\n|-unboost|p1a: Heatran|evasion|1\n|-sideend|p2: Omari P|Stealth Rock|[from] move: Defog|[of] p2a: Mandibuzz\n|\n|upkeep\n|turn|31\n|choice|move stealthrock|move roost\n|\n|move|p1a: Heatran|Stealth Rock|p2a: Mandibuzz\n|-sidestart|p2: Omari P|move: Stealth Rock\n|move|p2a: Mandibuzz|Roost|p2a: Mandibuzz\n|-heal|p2a: Mandibuzz|413\/413\n|\n|upkeep\n|turn|32\n|choice|move taunt|move defog\n|\n|move|p1a: Heatran|Taunt|p2a: Mandibuzz\n|-start|p2a: Mandibuzz|move: Taunt\n|cant|p2a: Mandibuzz|move: Taunt|Defog\n|\n|upkeep\n|turn|33\n|choice|move toxic|switch 4\n|\n|switch|p2a: Empoleon|Empoleon, F|9\/309\n|-damage|p2a: Empoleon|0 fnt|[from] Stealth Rock\n|faint|p2a: Empoleon\n|move|p1a: Heatran|Toxic|p2: Empoleon|[notarget]\n|-notarget\n|\n|upkeep\n|choice||switch 5\n|\n|switch|p2a: Bastiodon|Bastiodon, M|281\/321\n|-damage|p2a: Bastiodon|261\/321|[from] Stealth Rock\n|turn|34\n|choice|switch 5|move icebeam\n|\n|switch|p1a: Skarmory|Skarmory, F|221\/333\n|move|p2a: Bastiodon|Ice Beam|p1a: Skarmory\n|-damage|p1a: Skarmory|170\/333\n|\n|upkeep\n|turn|35\n|choice|move roost|move icebeam\n|\n|move|p1a: Skarmory|Roost|p1a: Skarmory\n|-heal|p1a: Skarmory|333\/333\n|move|p2a: Bastiodon|Ice Beam|p1a: Skarmory\n|-resisted|p1a: Skarmory\n|-damage|p1a: Skarmory|309\/333\n|\n|upkeep\n|turn|36\n|choice|move whirlwind|move icebeam\n|\n|move|p2a: Bastiodon|Ice Beam|p1a: Skarmory\n|-damage|p1a: Skarmory|258\/333\n|move|p1a: Skarmory|Whirlwind|p2a: Bastiodon\n|drag|p2a: Haxorus|Haxorus, M, shiny|209\/293\n|-damage|p2a: Haxorus|173\/293|[from] Stealth Rock\n|-ability|p2a: Haxorus|Mold Breaker\n|\n|upkeep\n|turn|37\n|choice|move roost|switch 6\n|\n|switch|p2a: Bastiodon|Bastiodon, M|261\/321\n|-damage|p2a: Bastiodon|241\/321|[from] Stealth Rock\n|move|p1a: Skarmory|Roost|p1a: Skarmory\n|-heal|p1a: Skarmory|333\/333\n|\n|upkeep\n|turn|38\n|c|\u2606Omari P|bastion is so bad lmao\n|choice|move whirlwind|move icebeam\n|\n|move|p2a: Bastiodon|Ice Beam|p1a: Skarmory\n|-damage|p1a: Skarmory|284\/333\n|move|p1a: Skarmory|Whirlwind|p2a: Bastiodon\n|drag|p2a: Mandibuzz|Mandibuzz, F|413\/413\n|-damage|p2a: Mandibuzz|310\/413|[from] Stealth Rock\n|\n|upkeep\n|turn|39\n|choice|switch 5|move defog\n|\n|switch|p1a: Heatran|Heatran, F|386\/386\n|move|p2a: Mandibuzz|Defog|p1a: Heatran\n|-unboost|p1a: Heatran|evasion|1\n|-sideend|p2: Omari P|Stealth Rock|[from] move: Defog|[of] p2a: Mandibuzz\n|\n|upkeep\n|turn|40\n|choice|move stealthrock|switch 4\n|\n|switch|p2a: Bastiodon|Bastiodon, M|241\/321\n|move|p1a: Heatran|Stealth Rock|p2a: Bastiodon\n|-sidestart|p2: Omari P|move: Stealth Rock\n|\n|upkeep\n|turn|41\n|choice|switch 5|move earthquake\n|\n|switch|p1a: Skarmory|Skarmory, F|284\/333\n|move|p2a: Bastiodon|Earthquake|p1a: Skarmory\n|-immune|p1a: Skarmory|[msg]\n|\n|upkeep\n|turn|42\n|choice|move whirlwind|move icebeam\n|\n|move|p2a: Bastiodon|Ice Beam|p1a: Skarmory\n|-damage|p1a: Skarmory|233\/333\n|move|p1a: Skarmory|Whirlwind|p2a: Bastiodon\n|drag|p2a: Haxorus|Haxorus, M, shiny|173\/293\n|-damage|p2a: Haxorus|137\/293|[from] Stealth Rock\n|-ability|p2a: Haxorus|Mold Breaker\n|\n|upkeep\n|turn|43\n|choice|move whirlwind|switch 4\n|\n|switch|p2a: Mandibuzz|Mandibuzz, F|310\/413\n|-damage|p2a: Mandibuzz|207\/413|[from] Stealth Rock\n|move|p1a: Skarmory|Whirlwind|p2a: Mandibuzz\n|drag|p2a: Bastiodon|Bastiodon, M|241\/321\n|-damage|p2a: Bastiodon|221\/321|[from] Stealth Rock\n|\n|upkeep\n|turn|44\n|choice|move whirlwind|move icebeam\n|\n|move|p2a: Bastiodon|Ice Beam|p1a: Skarmory\n|-damage|p1a: Skarmory|182\/333\n|move|p1a: Skarmory|Whirlwind|p2a: Bastiodon\n|drag|p2a: Haxorus|Haxorus, M, shiny|137\/293\n|-damage|p2a: Haxorus|101\/293|[from] Stealth Rock\n|-ability|p2a: Haxorus|Mold Breaker\n|\n|upkeep\n|turn|45\n|choice|move roost|switch 4\n|\n|switch|p2a: Bastiodon|Bastiodon, M|221\/321\n|-damage|p2a: Bastiodon|201\/321|[from] Stealth Rock\n|move|p1a: Skarmory|Roost|p1a: Skarmory\n|-heal|p1a: Skarmory|333\/333\n|\n|upkeep\n|turn|46\n|choice|move whirlwind|move icebeam\n|\n|move|p2a: Bastiodon|Ice Beam|p1a: Skarmory\n|-damage|p1a: Skarmory|278\/333\n|move|p1a: Skarmory|Whirlwind|p2a: Bastiodon\n|drag|p2a: Mandibuzz|Mandibuzz, F|207\/413\n|-damage|p2a: Mandibuzz|104\/413|[from] Stealth Rock\n|\n|upkeep\n|turn|47\n|choice|switch 5|move roost\n|\n|switch|p1a: Heatran|Heatran, F|386\/386\n|move|p2a: Mandibuzz|Roost|p2a: Mandibuzz\n|-heal|p2a: Mandibuzz|311\/413\n|\n|upkeep\n|turn|48\n|choice|move taunt|switch 6\n|\n|switch|p2a: Bastiodon|Bastiodon, M|201\/321\n|-damage|p2a: Bastiodon|181\/321|[from] Stealth Rock\n|move|p1a: Heatran|Taunt|p2a: Bastiodon\n|-start|p2a: Bastiodon|move: Taunt\n|\n|upkeep\n|turn|49\n|choice|switch 5|move earthquake\n|\n|switch|p1a: Skarmory|Skarmory, F|278\/333\n|move|p2a: Bastiodon|Earthquake|p1a: Skarmory\n|-immune|p1a: Skarmory|[msg]\n|\n|upkeep\n|turn|50\n|choice|move spikes|move icebeam\n|\n|move|p1a: Skarmory|Spikes|p2a: Bastiodon\n|-sidestart|p2: Omari P|Spikes\n|move|p2a: Bastiodon|Ice Beam|p1a: Skarmory\n|-damage|p1a: Skarmory|223\/333\n|\n|-end|p2a: Bastiodon|move: Taunt\n|upkeep\n|turn|51\n|choice|move whirlwind|move icebeam\n|\n|move|p2a: Bastiodon|Ice Beam|p1a: Skarmory\n|-damage|p1a: Skarmory|172\/333\n|move|p1a: Skarmory|Whirlwind|p2a: Bastiodon\n|drag|p2a: Mandibuzz|Mandibuzz, F|311\/413\n|-damage|p2a: Mandibuzz|208\/413|[from] Stealth Rock\n|\n|upkeep\n|turn|52\n|choice|switch 5|move defog\n|\n|switch|p1a: Heatran|Heatran, F|386\/386\n|move|p2a: Mandibuzz|Defog|p1a: Heatran\n|-unboost|p1a: Heatran|evasion|1\n|-sideend|p2: Omari P|Spikes|[from] move: Defog|[of] p2a: Mandibuzz\n|-sideend|p2: Omari P|Stealth Rock|[from] move: Defog|[of] p2a: Mandibuzz\n|\n|upkeep\n|turn|53\n|choice|move stealthrock|switch 6\n|\n|switch|p2a: Bastiodon|Bastiodon, M|181\/321\n|move|p1a: Heatran|Stealth Rock|p2a: Bastiodon\n|-sidestart|p2: Omari P|move: Stealth Rock\n|\n|upkeep\n|turn|54\n|choice|switch 2|move earthquake\n|\n|switch|p1a: Chansey|Chansey, F|633\/703\n|move|p2a: Bastiodon|Earthquake|p1a: Chansey\n|-damage|p1a: Chansey|568\/703\n|\n|upkeep\n|turn|55\n|choice|move seismictoss|move metalburst\n|\n|move|p1a: Chansey|Seismic Toss|p2a: Bastiodon\n|-damage|p2a: Bastiodon|81\/321\n|move|p2a: Bastiodon|Metal Burst|p1a: Chansey\n|-damage|p1a: Chansey|418\/703\n|\n|upkeep\n|turn|56\n|c|\u2606Omari P|lol this mons is ass\n|inactive|Omari P has 135 seconds left.\n|c|\u2606Omari P|in ou\n|c|\u2606Omari P|gg\n|c|\u2606Toxabelle|lol\n|c|\u2606Toxabelle|gg\n|c|\u2606Omari P|ive been trying to use it\n|inactive|Omari P has 120 seconds left.\n|c|\u2606Omari P|and i get far in the game with my regualr team\n|c|\u2606Omari P|but this shit loses it\n|c|\u2606Omari P|almsot every time\n|inactive|Omari P has 105 seconds left.\n|-message|Omari P forfeited.\n|\n|win|Toxabelle\n|l|Omari P\n|raw|Toxabelle's rating: 1962 &rarr; <strong>1975<\/strong><br \/>(+13 for winning)\n|raw|Omari P's rating: 1846 &rarr; <strong>1833<\/strong><br \/>(-13 for losing)\n|c|\u2606Toxabelle|\/log Toxabelle made this room public.","inputlog":null,"uploadtime":1512452997,"views":99,"p1id":"toxabelle","p2id":"omarip","formatid":"gen7ou","rating":1833,"private":0,"password":null}