{"id":"gen7ou-875317960","p1":"shortfuzd","p2":"Kaylss","format":"gen7ou","log":"|j|\u2606shortfuzd\n|j|\u2606Kaylss\n|player|p1|shortfuzd|170\n|player|p2|Kaylss|138\n|teamsize|p1|6\n|teamsize|p2|6\n|gametype|singles\n|gen|7\n|tier|[Gen 7] OU\n|rated|\n|rule|Sleep Clause Mod: Limit one foe put to sleep\n|rule|Species Clause: Limit one of each Pok\u00e9mon\n|rule|OHKO Clause: OHKO moves are banned\n|rule|Moody Clause: Moody is banned\n|rule|Evasion Moves Clause: Evasion moves are banned\n|rule|Endless Battle Clause: Forcing endless battles is banned\n|rule|HP Percentage Mod: HP is shown in percentages\n|clearpoke\n|poke|p1|Pelipper, M|item\n|poke|p1|Ferrothorn, M|item\n|poke|p1|Tsareena, F|item\n|poke|p1|Greninja, M|item\n|poke|p1|Azumarill, M|item\n|poke|p1|Swampert, M|item\n|poke|p2|Ribombee, F|item\n|poke|p2|Mimikyu, F|item\n|poke|p2|Excadrill, F|item\n|poke|p2|Charizard, M|item\n|poke|p2|Serperior, F|item\n|poke|p2|Kommo-o, M|item\n|teampreview\n|c|\u2606Kaylss|\/log Kaylss made this room hidden.\n|\n|start\n|switch|p1a: Pelipper|Pelipper, M|100\/100\n|switch|p2a: Ribombee|Ribombee, F|100\/100\n|-weather|RainDance|[from] ability: Drizzle|[of] p1a: Pelipper\n|turn|1\n|\n|move|p2a: Ribombee|Sticky Web|p1a: Pelipper\n|-sidestart|p1: shortfuzd|move: Sticky Web\n|move|p1a: Pelipper|Hurricane|p2a: Ribombee\n|-supereffective|p2a: Ribombee\n|-enditem|p2a: Ribombee|Focus Sash\n|-damage|p2a: Ribombee|1\/100\n|\n|-weather|RainDance|[upkeep]\n|upkeep\n|turn|2\n|\n|switch|p1a: Tsareena|Tsareena, F|100\/100\n|-activate|p1a: Tsareena|move: Sticky Web\n|-unboost|p1a: Tsareena|spe|1\n|move|p2a: Ribombee|Moonblast|p1a: Tsareena\n|-damage|p1a: Tsareena|73\/100\n|\n|-weather|RainDance|[upkeep]\n|-heal|p1a: Tsareena|79\/100|[from] item: Leftovers\n|upkeep\n|turn|3\n|\n|switch|p2a: Mimikyu|Mimikyu, F|100\/100\n|move|p1a: Tsareena|Rapid Spin|p2a: Mimikyu\n|-immune|p2a: Mimikyu\n|\n|-weather|RainDance|[upkeep]\n|-heal|p1a: Tsareena|85\/100|[from] item: Leftovers\n|upkeep\n|turn|4\n|\n|switch|p2a: Charizard|Charizard, M|100\/100\n|move|p1a: Tsareena|U-turn|p2a: Charizard\n|-resisted|p2a: Charizard\n|-damage|p2a: Charizard|94\/100\n|\n|switch|p1a: Pelipper|Pelipper, M|100\/100\n|\n|-weather|RainDance|[upkeep]\n|upkeep\n|turn|5\n|\n|detailschange|p2a: Charizard|Charizard-Mega-X, M\n|-mega|p2a: Charizard|Charizard|Charizardite X\n|move|p2a: Charizard|Dragon Claw|p1a: Pelipper\n|-damage|p1a: Pelipper|25\/100\n|move|p1a: Pelipper|Hydro Pump|p2a: Charizard|[miss]\n|-miss|p1a: Pelipper|p2a: Charizard\n|\n|-weather|RainDance|[upkeep]\n|upkeep\n|turn|6\n|\n|switch|p1a: Ferrothorn|Ferrothorn, M|100\/100\n|-activate|p1a: Ferrothorn|move: Sticky Web\n|-unboost|p1a: Ferrothorn|spe|1\n|move|p2a: Charizard|Flare Blitz|p1a: Ferrothorn\n|-supereffective|p1a: Ferrothorn\n|-damage|p1a: Ferrothorn|7\/100\n|-damage|p2a: Charizard|82\/100|[from] ability: Iron Barbs|[of] p1a: Ferrothorn\n|-damage|p2a: Charizard|65\/100|[from] item: Rocky Helmet|[of] p1a: Ferrothorn\n|-damage|p2a: Charizard|29\/100|[from] Recoil\n|\n|-weather|RainDance|[upkeep]\n|upkeep\n|turn|7\n|\n|move|p2a: Charizard|Earthquake|p1a: Ferrothorn\n|-damage|p1a: Ferrothorn|0 fnt\n|faint|p1a: Ferrothorn\n|\n|-weather|RainDance|[upkeep]\n|upkeep\n|\n|switch|p1a: Swampert|Swampert, M|100\/100\n|-activate|p1a: Swampert|move: Sticky Web\n|-unboost|p1a: Swampert|spe|1\n|turn|8\n|\n|detailschange|p1a: Swampert|Swampert-Mega, M\n|-mega|p1a: Swampert|Swampert|Swampertite\n|move|p2a: Charizard|Dragon Claw|p1a: Swampert\n|-damage|p1a: Swampert|52\/100\n|move|p1a: Swampert|Stealth Rock|p2a: Charizard\n|-sidestart|p2: Kaylss|move: Stealth Rock\n|\n|-weather|none\n|upkeep\n|turn|9\n|\n|switch|p1a: Pelipper|Pelipper, M|25\/100\n|-weather|RainDance|[from] ability: Drizzle|[of] p1a: Pelipper\n|move|p2a: Charizard|Flare Blitz|p1a: Pelipper\n|-resisted|p1a: Pelipper\n|-damage|p1a: Pelipper|0 fnt\n|-damage|p2a: Charizard|22\/100|[from] Recoil\n|faint|p1a: Pelipper\n|\n|-weather|RainDance|[upkeep]\n|upkeep\n|\n|switch|p1a: Greninja|Greninja, M|100\/100\n|-activate|p1a: Greninja|move: Sticky Web\n|-unboost|p1a: Greninja|spe|1\n|turn|10\n|\n|move|p1a: Greninja|Water Shuriken|p2a: Charizard\n|-damage|p2a: Charizard|3\/100\n|-damage|p2a: Charizard|0 fnt\n|-hitcount|p2a: Charizard|2\n|faint|p2a: Charizard\n|-activate|p1a: Greninja|ability: Battle Bond\n|detailschange|p1a: Greninja|Greninja-Ash, M\n|\n|-weather|RainDance|[upkeep]\n|upkeep\n|\n|switch|p2a: Kommo-o|Kommo-o, M|100\/100\n|-damage|p2a: Kommo-o|94\/100|[from] Stealth Rock\n|turn|11\n|\n|switch|p1a: Azumarill|Azumarill, M|100\/100\n|-activate|p1a: Azumarill|move: Sticky Web\n|-unboost|p1a: Azumarill|spe|1\n|move|p2a: Kommo-o|Dragon Dance|p2a: Kommo-o\n|-boost|p2a: Kommo-o|atk|1\n|-boost|p2a: Kommo-o|spe|1\n|\n|-weather|RainDance|[upkeep]\n|upkeep\n|turn|12\n|\n|move|p2a: Kommo-o|Poison Jab|p1a: Azumarill\n|-supereffective|p1a: Azumarill\n|-damage|p1a: Azumarill|11\/100\n|move|p1a: Azumarill|Play Rough|p2a: Kommo-o\n|-supereffective|p2a: Kommo-o\n|-damage|p2a: Kommo-o|0 fnt\n|faint|p2a: Kommo-o\n|\n|-weather|RainDance|[upkeep]\n|upkeep\n|\n|switch|p2a: Serperior|Serperior, F|100\/100\n|-damage|p2a: Serperior|88\/100|[from] Stealth Rock\n|turn|13\n|\n|switch|p1a: Tsareena|Tsareena, F|85\/100\n|-activate|p1a: Tsareena|move: Sticky Web\n|-unboost|p1a: Tsareena|spe|1\n|move|p2a: Serperior|Leaf Storm|p1a: Tsareena\n|-resisted|p1a: Tsareena\n|-damage|p1a: Tsareena|69\/100\n|-boost|p2a: Serperior|spa|2\n|\n|-weather|RainDance|[upkeep]\n|-heal|p2a: Serperior|94\/100|[from] item: Leftovers\n|-heal|p1a: Tsareena|75\/100|[from] item: Leftovers\n|upkeep\n|turn|14\n|\n|move|p2a: Serperior|Substitute|p2a: Serperior\n|-start|p2a: Serperior|Substitute\n|-damage|p2a: Serperior|70\/100\n|move|p1a: Tsareena|U-turn|p2a: Serperior\n|-supereffective|p2a: Serperior\n|-end|p2a: Serperior|Substitute\n|\n|switch|p1a: Azumarill|Azumarill, M|11\/100\n|-activate|p1a: Azumarill|move: Sticky Web\n|-unboost|p1a: Azumarill|spe|1\n|\n|-weather|RainDance|[upkeep]\n|-heal|p2a: Serperior|76\/100|[from] item: Leftovers\n|upkeep\n|turn|15\n|\n|switch|p1a: Tsareena|Tsareena, F|75\/100\n|-activate|p1a: Tsareena|move: Sticky Web\n|-unboost|p1a: Tsareena|spe|1\n|move|p2a: Serperior|Leaf Storm|p1a: Tsareena\n|-resisted|p1a: Tsareena\n|-damage|p1a: Tsareena|40\/100\n|-boost|p2a: Serperior|spa|2\n|\n|-weather|RainDance|[upkeep]\n|-heal|p2a: Serperior|82\/100|[from] item: Leftovers\n|-heal|p1a: Tsareena|46\/100|[from] item: Leftovers\n|upkeep\n|turn|16\n|\n|move|p2a: Serperior|Substitute|p2a: Serperior\n|-start|p2a: Serperior|Substitute\n|-damage|p2a: Serperior|57\/100\n|move|p1a: Tsareena|Rapid Spin|p2a: Serperior\n|-activate|p2a: Serperior|move: Substitute|[damage]\n|-sideend|p1: shortfuzd|Sticky Web|[from] move: Rapid Spin|[of] p1a: Tsareena\n|\n|-weather|none\n|-heal|p2a: Serperior|63\/100|[from] item: Leftovers\n|-heal|p1a: Tsareena|53\/100|[from] item: Leftovers\n|upkeep\n|turn|17\n|\n|move|p2a: Serperior|Hidden Power|p1a: Tsareena\n|-supereffective|p1a: Tsareena\n|-damage|p1a: Tsareena|0 fnt\n|faint|p1a: Tsareena\n|\n|-heal|p2a: Serperior|70\/100|[from] item: Leftovers\n|upkeep\n|\n|switch|p1a: Azumarill|Azumarill, M|11\/100\n|turn|18\n|\n|move|p1a: Azumarill|Aqua Jet|p2a: Serperior\n|-resisted|p2a: Serperior\n|-activate|p2a: Serperior|move: Substitute|[damage]\n|move|p2a: Serperior|Leaf Storm|p1a: Azumarill\n|-supereffective|p1a: Azumarill\n|-damage|p1a: Azumarill|0 fnt\n|-boost|p2a: Serperior|spa|2\n|faint|p1a: Azumarill\n|\n|-heal|p2a: Serperior|76\/100|[from] item: Leftovers\n|upkeep\n|\n|switch|p1a: Swampert|Swampert-Mega, M|52\/100\n|turn|19\n|\n|move|p2a: Serperior|Leaf Storm|p1a: Swampert\n|-supereffective|p1a: Swampert\n|-damage|p1a: Swampert|0 fnt\n|faint|p1a: Swampert\n|\n|-heal|p2a: Serperior|82\/100|[from] item: Leftovers\n|upkeep\n|-message|shortfuzd forfeited.\n|\n|win|Kaylss\n|l|\u2606shortfuzd\n|raw|shortfuzd's rating: 1736 &rarr; <strong>1711<\/strong><br \/>(-25 for losing)\n|raw|Kaylss's rating: 1649 &rarr; <strong>1674<\/strong><br \/>(+25 for winning)\n|c|\u2606Kaylss|\/log Kaylss made this room public.\n","uploadtime":1552447359,"views":19,"p1id":"shortfuzd","p2id":"kaylss","formatid":"gen7ou","rating":1674,"private":0,"password":null}