{"id":"gen7ou-974268800","p1":"TurnOnMent","p2":"lord cube","format":"gen7ou","log":"|j|\u2606TurnOnMent\n|j|\u2606lord cube\n|player|p1|TurnOnMent|102|1604\n|player|p2|lord cube|92|1580\n|teamsize|p1|6\n|teamsize|p2|6\n|gametype|singles\n|gen|7\n|tier|[Gen 7] OU\n|rated|\n|rule|Sleep Clause Mod: Limit one foe put to sleep\n|rule|Species Clause: Limit one of each Pok\u00e9mon\n|rule|OHKO Clause: OHKO moves are banned\n|rule|Moody Clause: Moody is banned\n|rule|Evasion Moves Clause: Evasion moves are banned\n|rule|Endless Battle Clause: Forcing endless battles is banned\n|rule|HP Percentage Mod: HP is shown in percentages\n|clearpoke\n|poke|p1|Tapu Koko|item\n|poke|p1|Raichu-Alola, F|item\n|poke|p1|Magnezone|item\n|poke|p1|Gyarados, F|item\n|poke|p1|Kyurem-Black|item\n|poke|p1|Hawlucha, F|item\n|poke|p2|Sableye, F|item\n|poke|p2|Toxapex, M|item\n|poke|p2|Chansey, F|item\n|poke|p2|Clefable, M|item\n|poke|p2|Gliscor, F|item\n|poke|p2|Tangrowth, M|item\n|teampreview\n|inactive|Battle timer is ON: inactive players will automatically lose when time's up. (requested by TurnOnMent)\n|inactive|lord cube also wants the timer to be on.\n|\n|start\n|switch|p1a: Magnezone|Magnezone|100\/100\n|switch|p2a: Gliscor|Gliscor, F|100\/100\n|turn|1\n|\n|switch|p2a: Chansey|Chansey, F|100\/100\n|switch|p1a: Gyarados|Gyarados, F|100\/100\n|-ability|p1a: Gyarados|Intimidate|boost\n|-unboost|p2a: Chansey|atk|1\n|\n|upkeep\n|turn|2\n|inactive|TurnOnMent no longer wants the timer on, but the timer is staying on because lordcube still does.\n|\n|switch|p1a: Kyurem|Kyurem-Black|100\/100\n|-ability|p1a: Kyurem|Teravolt\n|switch|p2a: Toxapex|Toxapex, M|100\/100\n|\n|upkeep\n|turn|3\n|\n|switch|p1a: Tapu Koko|Tapu Koko|100\/100\n|-fieldstart|move: Electric Terrain|[from] ability: Electric Surge|[of] p1a: Tapu Koko\n|move|p2a: Toxapex|Toxic|p1a: Tapu Koko\n|-status|p1a: Tapu Koko|tox\n|\n|-damage|p1a: Tapu Koko|94\/100 tox|[from] psn\n|upkeep\n|turn|4\n|\n|switch|p2a: Chansey|Chansey, F|100\/100\n|move|p1a: Tapu Koko|U-turn|p2a: Chansey\n|-damage|p2a: Chansey|90\/100\n|\n|switch|p1a: Kyurem|Kyurem-Black|100\/100|[from]move: U-turn\n|-ability|p1a: Kyurem|Teravolt\n|\n|upkeep\n|turn|5\n|\n|switch|p2a: Toxapex|Toxapex, M|100\/100\n|move|p1a: Kyurem|Earth Power|p2a: Toxapex\n|-supereffective|p2a: Toxapex\n|-damage|p2a: Toxapex|60\/100\n|\n|-heal|p2a: Toxapex|67\/100|[from] item: Black Sludge\n|upkeep\n|turn|6\n|\n|move|p1a: Kyurem|Earth Power|p2a: Toxapex\n|-supereffective|p2a: Toxapex\n|-damage|p2a: Toxapex|31\/100\n|move|p2a: Toxapex|Toxic|p1a: Kyurem\n|-status|p1a: Kyurem|tox\n|\n|-heal|p2a: Toxapex|37\/100|[from] item: Black Sludge\n|-damage|p1a: Kyurem|94\/100 tox|[from] psn\n|upkeep\n|turn|7\n|\n|switch|p2a: Chansey|Chansey, F|90\/100\n|-zpower|p1a: Kyurem\n|move|p1a: Kyurem|Subzero Slammer|p2a: Chansey|[zeffect]\n|-damage|p2a: Chansey|8\/100\n|\n|-damage|p1a: Kyurem|82\/100 tox|[from] psn\n|upkeep\n|turn|8\n|\n|switch|p2a: Toxapex|Toxapex, M|71\/100\n|move|p1a: Kyurem|Outrage|p2a: Toxapex\n|-damage|p2a: Toxapex|20\/100\n|\n|-heal|p2a: Toxapex|26\/100|[from] item: Black Sludge\n|-damage|p1a: Kyurem|64\/100 tox|[from] psn\n|upkeep\n|turn|9\n|\n|switch|p2a: Tangrowth|Tangrowth, M|100\/100\n|move|p1a: Kyurem|Outrage|p2a: Tangrowth|[from]lockedmove\n|-damage|p2a: Tangrowth|57\/100\n|-damage|p1a: Kyurem|47\/100 tox|[from] item: Rocky Helmet|[of] p2a: Tangrowth\n|-start|p1a: Kyurem|confusion|[fatigue]\n|\n|-damage|p1a: Kyurem|22\/100 tox|[from] psn\n|upkeep\n|turn|10\n|\n|switch|p1a: Magnezone|Magnezone|100\/100\n|switch|p2a: Clefable|Clefable, M|100\/100\n|\n|-fieldend|move: Electric Terrain\n|upkeep\n|turn|11\n|\n|switch|p2a: Gliscor|Gliscor, F|100\/100\n|move|p1a: Magnezone|Thunderbolt|p2a: Gliscor\n|-immune|p2a: Gliscor\n|\n|-status|p2a: Gliscor|tox|[from] item: Toxic Orb\n|upkeep\n|turn|12\n|\n|switch|p1a: Kyurem|Kyurem-Black|22\/100 tox\n|-ability|p1a: Kyurem|Teravolt\n|move|p2a: Gliscor|Toxic|p1a: Kyurem\n|-fail|p1a: Kyurem|tox\n|\n|-damage|p1a: Kyurem|16\/100 tox|[from] psn\n|upkeep\n|turn|13\n|\n|switch|p2a: Toxapex|Toxapex, M|60\/100\n|move|p1a: Kyurem|Ice Beam|p2a: Toxapex\n|-resisted|p2a: Toxapex\n|-damage|p2a: Toxapex|47\/100\n|\n|-heal|p2a: Toxapex|53\/100|[from] item: Black Sludge\n|-damage|p1a: Kyurem|4\/100 tox|[from] psn\n|upkeep\n|turn|14\n|\n|move|p1a: Kyurem|Ice Beam|p2a: Toxapex\n|-resisted|p2a: Toxapex\n|-crit|p2a: Toxapex\n|-damage|p2a: Toxapex|31\/100\n|move|p2a: Toxapex|Recover|p2a: Toxapex\n|-heal|p2a: Toxapex|81\/100\n|\n|-heal|p2a: Toxapex|87\/100|[from] item: Black Sludge\n|-damage|p1a: Kyurem|0 fnt|[from] psn\n|faint|p1a: Kyurem\n|upkeep\n|\n|switch|p1a: Magnezone|Magnezone|100\/100\n|turn|15\n|\n|switch|p2a: Tangrowth|Tangrowth, M|91\/100\n|move|p1a: Magnezone|Flash Cannon|p2a: Tangrowth\n|-damage|p2a: Tangrowth|0 fnt\n|faint|p2a: Tangrowth\n|\n|upkeep\n|\n|switch|p2a: Gliscor|Gliscor, F|100\/100 tox\n|turn|16\n|\n|switch|p1a: Gyarados|Gyarados, F|100\/100\n|-ability|p1a: Gyarados|Intimidate|boost\n|-unboost|p2a: Gliscor|atk|1\n|move|p2a: Gliscor|Toxic|p1a: Gyarados\n|-status|p1a: Gyarados|tox\n|\n|-damage|p1a: Gyarados|94\/100 tox|[from] psn\n|upkeep\n|turn|17\n|\n|switch|p2a: Clefable|Clefable, M|100\/100\n|move|p1a: Gyarados|Waterfall|p2a: Clefable\n|-damage|p2a: Clefable|67\/100\n|\n|-heal|p2a: Clefable|73\/100|[from] item: Leftovers\n|-damage|p1a: Gyarados|82\/100 tox|[from] psn\n|upkeep\n|turn|18\n|\n|switch|p1a: Magnezone|Magnezone|100\/100\n|move|p2a: Clefable|Wish|p2a: Clefable\n|\n|-heal|p2a: Clefable|79\/100|[from] item: Leftovers\n|upkeep\n|turn|19\n|\n|move|p2a: Clefable|Protect|p2a: Clefable\n|-singleturn|p2a: Clefable|Protect\n|move|p1a: Magnezone|Flash Cannon|p2a: Clefable\n|-activate|p2a: Clefable|move: Protect\n|\n|-heal|p2a: Clefable|100\/100|[from] move: Wish|[wisher] Clefable\n|upkeep\n|turn|20\n|\n|switch|p1a: Tapu Koko|Tapu Koko|94\/100 tox\n|-fieldstart|move: Electric Terrain|[from] ability: Electric Surge|[of] p1a: Tapu Koko\n|switch|p2a: Toxapex|Toxapex, M|100\/100\n|\n|-damage|p1a: Tapu Koko|88\/100 tox|[from] psn\n|upkeep\n|turn|21\n|\n|switch|p2a: Sableye|Sableye, F|100\/100\n|move|p1a: Tapu Koko|Volt Switch|p2a: Sableye\n|-damage|p2a: Sableye|55\/100\n|\n|switch|p1a: Raichu|Raichu-Alola, F|100\/100|[from]move: Volt Switch\n|\n|upkeep\n|turn|22\n|\n|detailschange|p2a: Sableye|Sableye-Mega, F\n|-mega|p2a: Sableye|Sableye|Sablenite\n|move|p2a: Sableye|Protect|p2a: Sableye\n|-singleturn|p2a: Sableye|Protect\n|move|p1a: Raichu|Thunderbolt|p2a: Sableye\n|-activate|p2a: Sableye|move: Protect\n|\n|upkeep\n|turn|23\n|\n|switch|p2a: Gliscor|Gliscor, F|100\/100 tox\n|move|p1a: Raichu|Psychic|p2a: Gliscor\n|-damage|p2a: Gliscor|53\/100 tox\n|\n|-heal|p2a: Gliscor|65\/100 tox|[from] ability: Poison Heal\n|upkeep\n|turn|24\n|\n|move|p1a: Raichu|Psychic|p2a: Gliscor\n|-damage|p2a: Gliscor|13\/100 tox\n|move|p2a: Gliscor|Earthquake|p1a: Raichu\n|-supereffective|p1a: Raichu\n|-damage|p1a: Raichu|0 fnt\n|faint|p1a: Raichu\n|\n|-heal|p2a: Gliscor|25\/100 tox|[from] ability: Poison Heal\n|upkeep\n|\n|switch|p1a: Tapu Koko|Tapu Koko|88\/100 tox\n|turn|25\n|\n|switch|p2a: Chansey|Chansey, F|8\/100\n|move|p1a: Tapu Koko|Hidden Power|p2a: Chansey\n|-damage|p2a: Chansey|3\/100\n|\n|-damage|p1a: Tapu Koko|82\/100 tox|[from] psn\n|upkeep\n|turn|26\n|\n|switch|p2a: Clefable|Clefable, M|100\/100\n|move|p1a: Tapu Koko|U-turn|p2a: Clefable\n|-resisted|p2a: Clefable\n|-damage|p2a: Clefable|95\/100\n|\n|switch|p1a: Magnezone|Magnezone|100\/100|[from]move: U-turn\n|\n|-heal|p2a: Clefable|100\/100|[from] item: Leftovers\n|upkeep\n|turn|27\n|\n|move|p2a: Clefable|Protect|p2a: Clefable\n|-singleturn|p2a: Clefable|Protect\n|move|p1a: Magnezone|Flash Cannon|p2a: Clefable\n|-activate|p2a: Clefable|move: Protect\n|\n|-fieldend|move: Electric Terrain\n|upkeep\n|turn|28\n|\n|switch|p1a: Tapu Koko|Tapu Koko|82\/100 tox\n|-fieldstart|move: Electric Terrain|[from] ability: Electric Surge|[of] p1a: Tapu Koko\n|switch|p2a: Chansey|Chansey, F|3\/100\n|\n|-damage|p1a: Tapu Koko|76\/100 tox|[from] psn\n|upkeep\n|turn|29\n|\n|switch|p2a: Clefable|Clefable, M|100\/100\n|move|p1a: Tapu Koko|U-turn|p2a: Clefable\n|-resisted|p2a: Clefable\n|-damage|p2a: Clefable|94\/100\n|\n|switch|p1a: Magnezone|Magnezone|100\/100|[from]move: U-turn\n|\n|-heal|p2a: Clefable|100\/100|[from] item: Leftovers\n|upkeep\n|turn|30\n|\n|move|p2a: Clefable|Protect|p2a: Clefable\n|-singleturn|p2a: Clefable|Protect\n|move|p1a: Magnezone|Flash Cannon|p2a: Clefable\n|-activate|p2a: Clefable|move: Protect\n|\n|upkeep\n|turn|31\n|\n|move|p1a: Magnezone|Flash Cannon|p2a: Clefable\n|-supereffective|p2a: Clefable\n|-damage|p2a: Clefable|0 fnt\n|faint|p2a: Clefable\n|\n|upkeep\n|\n|switch|p2a: Gliscor|Gliscor, F|25\/100 tox\n|turn|32\n|\n|switch|p1a: Gyarados|Gyarados, F|82\/100 tox\n|-ability|p1a: Gyarados|Intimidate|boost\n|-unboost|p2a: Gliscor|atk|1\n|move|p2a: Gliscor|Roost|p2a: Gliscor\n|-heal|p2a: Gliscor|75\/100 tox\n|-singleturn|p2a: Gliscor|move: Roost\n|\n|-heal|p2a: Gliscor|88\/100 tox|[from] ability: Poison Heal\n|-damage|p1a: Gyarados|76\/100 tox|[from] psn\n|upkeep\n|turn|33\n|\n|switch|p2a: Toxapex|Toxapex, M|100\/100\n|move|p1a: Gyarados|Dragon Dance|p1a: Gyarados\n|-boost|p1a: Gyarados|atk|1\n|-boost|p1a: Gyarados|spe|1\n|\n|-damage|p1a: Gyarados|64\/100 tox|[from] psn\n|upkeep\n|turn|34\n|\n|detailschange|p1a: Gyarados|Gyarados-Mega, F\n|-mega|p1a: Gyarados|Gyarados|Gyaradosite\n|-ability|p1a: Gyarados|Mold Breaker\n|move|p1a: Gyarados|Earthquake|p2a: Toxapex\n|-supereffective|p2a: Toxapex\n|-damage|p2a: Toxapex|21\/100\n|move|p2a: Toxapex|Haze|p2a: Toxapex\n|-clearallboost\n|\n|-heal|p2a: Toxapex|27\/100|[from] item: Black Sludge\n|-damage|p1a: Gyarados|46\/100 tox|[from] psn\n|upkeep\n|turn|35\n|\n|switch|p2a: Gliscor|Gliscor, F|88\/100 tox\n|move|p1a: Gyarados|Earthquake|p2a: Gliscor\n|-immune|p2a: Gliscor\n|\n|-heal|p2a: Gliscor|100\/100 tox|[from] ability: Poison Heal\n|-damage|p1a: Gyarados|22\/100 tox|[from] psn\n|-fieldend|move: Electric Terrain\n|upkeep\n|turn|36\n|\n|switch|p2a: Chansey|Chansey, F|3\/100\n|move|p1a: Gyarados|Crunch|p2a: Chansey\n|-damage|p2a: Chansey|0 fnt\n|faint|p2a: Chansey\n|\n|-damage|p1a: Gyarados|0 fnt|[from] psn\n|faint|p1a: Gyarados\n|upkeep\n|\n|switch|p1a: Tapu Koko|Tapu Koko|76\/100 tox\n|switch|p2a: Sableye|Sableye-Mega, F|55\/100\n|-fieldstart|move: Electric Terrain|[from] ability: Electric Surge|[of] p1a: Tapu Koko\n|turn|37\n|\n|move|p2a: Sableye|Protect|p2a: Sableye\n|-singleturn|p2a: Sableye|Protect\n|move|p1a: Tapu Koko|U-turn|p2a: Sableye\n|-activate|p2a: Sableye|move: Protect\n|\n|-damage|p1a: Tapu Koko|70\/100 tox|[from] psn\n|upkeep\n|turn|38\n|\n|move|p1a: Tapu Koko|U-turn|p2a: Sableye\n|-damage|p2a: Sableye|39\/100\n|\n|switch|p1a: Hawlucha|Hawlucha, F|100\/100|[from]move: U-turn\n|-enditem|p1a: Hawlucha|Electric Seed\n|-boost|p1a: Hawlucha|def|1\n|move|p2a: Sableye|Recover|p2a: Sableye\n|-heal|p2a: Sableye|89\/100\n|\n|upkeep\n|turn|39\n|\n|move|p1a: Hawlucha|Swords Dance|p1a: Hawlucha\n|-boost|p1a: Hawlucha|atk|2\n|move|p2a: Sableye|Will-O-Wisp|p1a: Hawlucha\n|-status|p1a: Hawlucha|brn\n|\n|-damage|p1a: Hawlucha|95\/100 brn|[from] brn\n|upkeep\n|turn|40\n|\n|switch|p2a: Toxapex|Toxapex, M|60\/100\n|move|p1a: Hawlucha|Swords Dance|p1a: Hawlucha\n|-boost|p1a: Hawlucha|atk|2\n|\n|-heal|p2a: Toxapex|67\/100|[from] item: Black Sludge\n|-damage|p1a: Hawlucha|89\/100 brn|[from] brn\n|upkeep\n|turn|41\n|\n|move|p1a: Hawlucha|Acrobatics|p2a: Toxapex\n|-damage|p2a: Toxapex|17\/100\n|move|p2a: Toxapex|Haze|p2a: Toxapex\n|-clearallboost\n|\n|-heal|p2a: Toxapex|23\/100|[from] item: Black Sludge\n|-damage|p1a: Hawlucha|83\/100 brn|[from] brn\n|upkeep\n|turn|42\n|\n|switch|p2a: Sableye|Sableye-Mega, F|89\/100\n|move|p1a: Hawlucha|Acrobatics|p2a: Sableye\n|-damage|p2a: Sableye|67\/100\n|\n|-damage|p1a: Hawlucha|77\/100 brn|[from] brn\n|upkeep\n|turn|43\n|\n|switch|p2a: Toxapex|Toxapex, M|56\/100\n|move|p1a: Hawlucha|Swords Dance|p1a: Hawlucha\n|-boost|p1a: Hawlucha|atk|2\n|\n|-heal|p2a: Toxapex|62\/100|[from] item: Black Sludge\n|-damage|p1a: Hawlucha|71\/100 brn|[from] brn\n|upkeep\n|turn|44\n|\n|switch|p1a: Magnezone|Magnezone|100\/100\n|move|p2a: Toxapex|Haze|p2a: Toxapex\n|-clearallboost\n|\n|-heal|p2a: Toxapex|69\/100|[from] item: Black Sludge\n|-fieldend|move: Electric Terrain\n|upkeep\n|turn|45\n|\n|move|p1a: Magnezone|Flash Cannon|p2a: Toxapex\n|-resisted|p2a: Toxapex\n|-damage|p2a: Toxapex|42\/100\n|move|p2a: Toxapex|Recover|p2a: Toxapex\n|-heal|p2a: Toxapex|92\/100\n|\n|-heal|p2a: Toxapex|98\/100|[from] item: Black Sludge\n|upkeep\n|turn|46\n|\n|switch|p1a: Tapu Koko|Tapu Koko|70\/100 tox\n|-fieldstart|move: Electric Terrain|[from] ability: Electric Surge|[of] p1a: Tapu Koko\n|switch|p2a: Sableye|Sableye-Mega, F|67\/100\n|\n|-damage|p1a: Tapu Koko|64\/100 tox|[from] psn\n|upkeep\n|turn|47\n|\n|switch|p1a: Magnezone|Magnezone|100\/100\n|move|p2a: Sableye|Protect||[still]\n|-fail|p2a: Sableye\n|\n|upkeep\n|turn|48\n|\n|switch|p1a: Hawlucha|Hawlucha, F|71\/100 brn\n|move|p2a: Sableye|Protect||[still]\n|-fail|p2a: Sableye\n|\n|-damage|p1a: Hawlucha|65\/100 brn|[from] brn\n|upkeep\n|turn|49\n|\n|switch|p1a: Magnezone|Magnezone|100\/100\n|switch|p2a: Toxapex|Toxapex, M|100\/100\n|\n|upkeep\n|turn|50\n|\n|switch|p2a: Gliscor|Gliscor, F|100\/100 tox\n|move|p1a: Magnezone|Thunderbolt|p2a: Gliscor\n|-immune|p2a: Gliscor\n|\n|upkeep\n|turn|51\n|\n|switch|p2a: Sableye|Sableye-Mega, F|67\/100\n|switch|p1a: Hawlucha|Hawlucha, F|65\/100 brn\n|\n|-damage|p1a: Hawlucha|59\/100 brn|[from] brn\n|upkeep\n|turn|52\n|\n|move|p1a: Hawlucha|Roost|p1a: Hawlucha\n|-heal|p1a: Hawlucha|100\/100 brn\n|-singleturn|p1a: Hawlucha|move: Roost\n|move|p2a: Sableye|Knock Off|p1a: Hawlucha\n|-resisted|p1a: Hawlucha\n|-damage|p1a: Hawlucha|87\/100 brn\n|\n|-damage|p1a: Hawlucha|81\/100 brn|[from] brn\n|upkeep\n|turn|53\n|inactive|lord cube has 120 seconds left.\n|\n|move|p1a: Hawlucha|Swords Dance|p1a: Hawlucha\n|-boost|p1a: Hawlucha|atk|2\n|move|p2a: Sableye|Knock Off|p1a: Hawlucha\n|-resisted|p1a: Hawlucha\n|-damage|p1a: Hawlucha|67\/100 brn\n|\n|-damage|p1a: Hawlucha|61\/100 brn|[from] brn\n|-fieldend|move: Electric Terrain\n|upkeep\n|turn|54\n|inactive|lord cube has 120 seconds left.\n|\n|switch|p1a: Magnezone|Magnezone|100\/100\n|switch|p2a: Toxapex|Toxapex, M|100\/100\n|\n|upkeep\n|turn|55\n|inactive|lord cube has 120 seconds left.\n|\n|move|p1a: Magnezone|Flash Cannon|p2a: Toxapex\n|-resisted|p2a: Toxapex\n|-damage|p2a: Toxapex|72\/100\n|move|p2a: Toxapex|Scald|p1a: Magnezone\n|-damage|p1a: Magnezone|81\/100\n|-status|p1a: Magnezone|brn\n|\n|-heal|p2a: Toxapex|78\/100|[from] item: Black Sludge\n|-damage|p1a: Magnezone|75\/100 brn|[from] brn\n|upkeep\n|turn|56\n|\n|switch|p1a: Tapu Koko|Tapu Koko|64\/100 tox\n|-fieldstart|move: Electric Terrain|[from] ability: Electric Surge|[of] p1a: Tapu Koko\n|switch|p2a: Gliscor|Gliscor, F|100\/100 tox\n|\n|-damage|p1a: Tapu Koko|58\/100 tox|[from] psn\n|upkeep\n|turn|57\n|\n|move|p1a: Tapu Koko|Hidden Power|p2a: Gliscor\n|-supereffective|p2a: Gliscor\n|-damage|p2a: Gliscor|28\/100 tox\n|move|p2a: Gliscor|Earthquake|p1a: Tapu Koko\n|-supereffective|p1a: Tapu Koko\n|-damage|p1a: Tapu Koko|0 fnt\n|faint|p1a: Tapu Koko\n|\n|-heal|p2a: Gliscor|40\/100 tox|[from] ability: Poison Heal\n|upkeep\n|\n|switch|p1a: Hawlucha|Hawlucha, F|61\/100 brn\n|turn|58\n|inactive|lord cube has 120 seconds left.\n|\n|switch|p2a: Toxapex|Toxapex, M|100\/100\n|move|p1a: Hawlucha|Swords Dance|p1a: Hawlucha\n|-boost|p1a: Hawlucha|atk|2\n|\n|-damage|p1a: Hawlucha|55\/100 brn|[from] brn\n|upkeep\n|turn|59\n|inactive|lord cube has 120 seconds left.\n|\n|move|p1a: Hawlucha|Swords Dance|p1a: Hawlucha\n|-boost|p1a: Hawlucha|atk|2\n|move|p2a: Toxapex|Haze|p2a: Toxapex\n|-clearallboost\n|\n|-damage|p1a: Hawlucha|49\/100 brn|[from] brn\n|upkeep\n|turn|60\n|\n|switch|p1a: Magnezone|Magnezone|75\/100 brn\n|move|p2a: Toxapex|Scald|p1a: Magnezone\n|-damage|p1a: Magnezone|56\/100 brn\n|\n|-damage|p1a: Magnezone|50\/100 brn|[from] brn\n|upkeep\n|turn|61\n|j| stcstc\n|\n|switch|p2a: Gliscor|Gliscor, F|40\/100 tox\n|move|p1a: Magnezone|Flash Cannon|p2a: Gliscor\n|-damage|p2a: Gliscor|0 fnt\n|faint|p2a: Gliscor\n|\n|-damage|p1a: Magnezone|44\/100 brn|[from] brn\n|upkeep\n|inactive|lord cube has 120 seconds left.\n|\n|switch|p2a: Toxapex|Toxapex, M|100\/100\n|turn|62\n|\n|switch|p1a: Hawlucha|Hawlucha, F|49\/100 brn\n|move|p2a: Toxapex|Scald|p1a: Hawlucha\n|-damage|p1a: Hawlucha|22\/100 brn\n|\n|-damage|p1a: Hawlucha|16\/100 brn|[from] brn\n|upkeep\n|turn|63\n|\n|move|p1a: Hawlucha|Roost|p1a: Hawlucha\n|-heal|p1a: Hawlucha|66\/100 brn\n|-singleturn|p1a: Hawlucha|move: Roost\n|move|p2a: Toxapex|Scald|p1a: Hawlucha\n|-damage|p1a: Hawlucha|38\/100 brn\n|\n|-damage|p1a: Hawlucha|32\/100 brn|[from] brn\n|-fieldend|move: Electric Terrain\n|upkeep\n|turn|64\n|\n|move|p1a: Hawlucha|Roost|p1a: Hawlucha\n|-heal|p1a: Hawlucha|82\/100 brn\n|-singleturn|p1a: Hawlucha|move: Roost\n|move|p2a: Toxapex|Scald|p1a: Hawlucha\n|-damage|p1a: Hawlucha|57\/100 brn\n|\n|-damage|p1a: Hawlucha|51\/100 brn|[from] brn\n|upkeep\n|turn|65\n|\n|move|p1a: Hawlucha|Swords Dance|p1a: Hawlucha\n|-boost|p1a: Hawlucha|atk|2\n|move|p2a: Toxapex|Scald|p1a: Hawlucha\n|-damage|p1a: Hawlucha|25\/100 brn\n|\n|-damage|p1a: Hawlucha|19\/100 brn|[from] brn\n|upkeep\n|turn|66\n|\n|move|p1a: Hawlucha|Roost|p1a: Hawlucha\n|-heal|p1a: Hawlucha|69\/100 brn\n|-singleturn|p1a: Hawlucha|move: Roost\n|move|p2a: Toxapex|Haze|p2a: Toxapex\n|-clearallboost\n|\n|-damage|p1a: Hawlucha|64\/100 brn|[from] brn\n|upkeep\n|turn|67\n|\n|move|p1a: Hawlucha|Swords Dance|p1a: Hawlucha\n|-boost|p1a: Hawlucha|atk|2\n|move|p2a: Toxapex|Scald|p1a: Hawlucha\n|-damage|p1a: Hawlucha|37\/100 brn\n|\n|-damage|p1a: Hawlucha|31\/100 brn|[from] brn\n|upkeep\n|turn|68\n|\n|move|p1a: Hawlucha|Roost|p1a: Hawlucha\n|-heal|p1a: Hawlucha|81\/100 brn\n|-singleturn|p1a: Hawlucha|move: Roost\n|move|p2a: Toxapex|Haze|p2a: Toxapex\n|-clearallboost\n|\n|-damage|p1a: Hawlucha|75\/100 brn|[from] brn\n|upkeep\n|turn|69\n|\n|move|p1a: Hawlucha|Swords Dance|p1a: Hawlucha\n|-boost|p1a: Hawlucha|atk|2\n|move|p2a: Toxapex|Scald|p1a: Hawlucha\n|-damage|p1a: Hawlucha|48\/100 brn\n|\n|-damage|p1a: Hawlucha|42\/100 brn|[from] brn\n|upkeep\n|turn|70\n|\n|move|p1a: Hawlucha|Swords Dance|p1a: Hawlucha\n|-boost|p1a: Hawlucha|atk|2\n|move|p2a: Toxapex|Haze|p2a: Toxapex\n|-clearallboost\n|\n|-damage|p1a: Hawlucha|36\/100 brn|[from] brn\n|upkeep\n|turn|71\n|\n|move|p1a: Hawlucha|Swords Dance|p1a: Hawlucha\n|-boost|p1a: Hawlucha|atk|2\n|move|p2a: Toxapex|Scald|p1a: Hawlucha\n|-damage|p1a: Hawlucha|11\/100 brn\n|\n|-damage|p1a: Hawlucha|5\/100 brn|[from] brn\n|upkeep\n|turn|72\n|\n|move|p1a: Hawlucha|Swords Dance|p1a: Hawlucha\n|-boost|p1a: Hawlucha|atk|2\n|move|p2a: Toxapex|Scald|p1a: Hawlucha\n|-damage|p1a: Hawlucha|0 fnt\n|faint|p1a: Hawlucha\n|\n|upkeep\n|\n|switch|p1a: Magnezone|Magnezone|44\/100 brn\n|turn|73\n|l| stcstc\n|\n|move|p1a: Magnezone|Thunderbolt|p2a: Toxapex\n|-supereffective|p2a: Toxapex\n|-damage|p2a: Toxapex|0 fnt\n|faint|p2a: Toxapex\n|\n|-damage|p1a: Magnezone|38\/100 brn|[from] brn\n|upkeep\n|\n|switch|p2a: Sableye|Sableye-Mega, F|67\/100\n|turn|74\n|\n|move|p1a: Magnezone|Thunderbolt|p2a: Sableye\n|-crit|p2a: Sableye\n|-damage|p2a: Sableye|0 fnt\n|faint|p2a: Sableye\n|\n|win|TurnOnMent\n|raw|TurnOnMent's rating: 1604 &rarr; <strong>1622<\/strong><br \/>(+18 for winning)\n|raw|lord cube's rating: 1580 &rarr; <strong>1561<\/strong><br \/>(-19 for losing)\n","uploadtime":1568201863,"views":13,"p1id":"turnonment","p2id":"lordcube","formatid":"gen7ou","rating":1561,"private":0,"password":null}