{"id":"gen7ou-581196419","p1":"jly8","p2":"Maoxd","format":"gen7ou","log":"|j|jly8\n|j|Maoxd\n|player|p1|jly8|80\n|teamsize|p1|6\n|player|p2|Maoxd|2\n|teamsize|p2|6\n|gametype|singles\n|gen|7\n|tier|[Gen 7] OU\n|seed|28190,49191,43144,32466\n|clearpoke\n|poke|p1|Medicham, M|item\n|poke|p1|Magnezone|item\n|poke|p1|Mimikyu, F|item\n|poke|p1|Chansey, F|item\n|poke|p1|Landorus-Therian, M|item\n|poke|p1|Tapu Fini|item\n|poke|p2|Kyurem-Black|item\n|poke|p2|Scizor, F|item\n|poke|p2|Chandelure, M|item\n|poke|p2|Muk-Alola, M|item\n|poke|p2|Keldeo|item\n|poke|p2|Landorus-Therian, M|item\n|rule|Baton Pass Clause: Limit one Baton Passer, can't pass Spe and other stats simultaneously\n|rule|Sleep Clause Mod: Limit one foe put to sleep\n|rule|Species Clause: Limit one of each Pok\u00e9mon\n|rule|OHKO Clause: OHKO moves are banned\n|rule|Moody Clause: Moody is banned\n|rule|Evasion Moves Clause: Evasion moves are banned\n|rule|Endless Battle Clause: Forcing endless battles is banned\n|rule|HP Percentage Mod: HP is shown in percentages\n|teampreview\n|choice|team 1, team 2, team 3, team 4, team 5, team 6|team 1, team 2, team 3, team 4, team 5, team 6\n|\n|start\n|switch|p1a: Medicham|Medicham, M|261\/261\n|switch|p2a: Kyurem|Kyurem-Black|391\/391\n|-ability|p2a: Kyurem|Teravolt\n|turn|1\n|choice|move fakeout mega|switch 3\n|\n|switch|p2a: Chandelure|Chandelure, M|261\/261\n|detailschange|p1a: Medicham|Medicham-Mega, M\n|-mega|p1a: Medicham|Medicham|Medichamite\n|move|p1a: Medicham|Fake Out|p2a: Chandelure\n|-immune|p2a: Chandelure|[msg]\n|\n|upkeep\n|turn|2\n|choice|switch 4|move trick\n|\n|switch|p1a: Chansey|Chansey, F|703\/703\n|move|p2a: Chandelure|Trick|p1a: Chansey\n|-activate|p2a: Chandelure|move: Trick|[of] p1a: Chansey\n|-item|p1a: Chansey|Choice Scarf|[from] move: Trick\n|-item|p2a: Chandelure|Eviolite|[from] move: Trick\n|\n|upkeep\n|turn|3\n|choice|move toxic|move energyball\n|\n|move|p2a: Chandelure|Energy Ball|p1a: Chansey\n|-damage|p1a: Chansey|591\/703\n|move|p1a: Chansey|Toxic|p2a: Chandelure\n|-status|p2a: Chandelure|tox\n|\n|-damage|p2a: Chandelure|245\/261 tox|[from] psn\n|upkeep\n|turn|4\n|choice|switch 2|move flamethrower\n|\n|switch|p1a: Magnezone|Magnezone|281\/281\n|move|p2a: Chandelure|Flamethrower|p1a: Magnezone\n|-supereffective|p1a: Magnezone\n|-crit|p1a: Magnezone\n|-damage|p1a: Magnezone|0 fnt\n|faint|p1a: Magnezone\n|\n|-damage|p2a: Chandelure|213\/261 tox|[from] psn\n|upkeep\n|choice|switch 4|\n|\n|switch|p1a: Medicham|Medicham-Mega, M|261\/261\n|turn|5\n|choice|move zenheadbutt|switch 2\n|\n|switch|p2a: Scizor|Scizor, F|344\/344\n|move|p1a: Medicham|Zen Headbutt|p2a: Scizor|[miss]\n|-miss|p1a: Medicham|p2a: Scizor\n|\n|upkeep\n|turn|6\n|choice|move highjumpkick|move uturn mega\n|\n|detailschange|p2a: Scizor|Scizor-Mega, F\n|-mega|p2a: Scizor|Scizor|Scizorite\n|move|p1a: Medicham|High Jump Kick|p2a: Scizor\n|-damage|p2a: Scizor|137\/344\n|move|p2a: Scizor|U-turn|p1a: Medicham\n|-damage|p1a: Medicham|116\/261\n|choice||switch 5\n|\n|switch|p2a: Keldeo|Keldeo|323\/323\n|\n|upkeep\n|turn|7\n|choice|switch 2|switch 2\n|\n|switch|p2a: Chandelure|Chandelure, M|213\/261 tox\n|switch|p1a: Chansey|Chansey, F|591\/703\n|\n|-damage|p2a: Chandelure|197\/261 tox|[from] psn\n|upkeep\n|turn|8\n|choice|move seismictoss|switch 5\n|\n|switch|p2a: Scizor|Scizor-Mega, F|137\/344\n|move|p1a: Chansey|Seismic Toss|p2a: Scizor\n|-damage|p2a: Scizor|37\/344\n|\n|upkeep\n|turn|9\n|choice|move seismictoss|move roost\n|\n|move|p1a: Chansey|Seismic Toss|p2a: Scizor\n|-damage|p2a: Scizor|0 fnt\n|faint|p2a: Scizor\n|\n|upkeep\n|choice||switch 5\n|\n|switch|p2a: Chandelure|Chandelure, M|197\/261 tox\n|turn|10\n|choice|move seismictoss|move flamethrower\n|\n|move|p2a: Chandelure|Flamethrower|p1a: Chansey\n|-damage|p1a: Chansey|432\/703\n|move|p1a: Chansey|Seismic Toss|p2a: Chandelure\n|-immune|p2a: Chandelure|[msg]\n|\n|-damage|p2a: Chandelure|181\/261 tox|[from] psn\n|upkeep\n|turn|11\n|choice|move seismictoss|move flamethrower\n|\n|move|p2a: Chandelure|Flamethrower|p1a: Chansey\n|-damage|p1a: Chansey|269\/703\n|-status|p1a: Chansey|brn\n|move|p1a: Chansey|Seismic Toss|p2a: Chandelure\n|-immune|p2a: Chandelure|[msg]\n|\n|-damage|p2a: Chandelure|149\/261 tox|[from] psn\n|-damage|p1a: Chansey|226\/703 brn|[from] brn\n|upkeep\n|turn|12\n|l|jly8\n|player|p1|\n|j|jly8\n|player|p1|jly8|80\n|choice|move seismictoss|move flamethrower\n|\n|move|p2a: Chandelure|Flamethrower|p1a: Chansey\n|-damage|p1a: Chansey|63\/703 brn\n|move|p1a: Chansey|Seismic Toss|p2a: Chandelure\n|-immune|p2a: Chandelure|[msg]\n|\n|-damage|p2a: Chandelure|101\/261 tox|[from] psn\n|-damage|p1a: Chansey|20\/703 brn|[from] brn\n|upkeep\n|turn|13\n|j|brendatest\n|choice|move seismictoss|move flamethrower\n|\n|move|p2a: Chandelure|Flamethrower|p1a: Chansey\n|-damage|p1a: Chansey|0 fnt\n|faint|p1a: Chansey\n|\n|-damage|p2a: Chandelure|37\/261 tox|[from] psn\n|upkeep\n|choice|switch 3|\n|\n|switch|p1a: Mimikyu|Mimikyu, F|251\/251\n|turn|14\n|choice|move shadowclaw|move flamethrower\n|\n|move|p1a: Mimikyu|Shadow Claw|p2a: Chandelure\n|-supereffective|p2a: Chandelure\n|-damage|p2a: Chandelure|0 fnt\n|faint|p2a: Chandelure\n|\n|upkeep\n|choice||switch 4\n|\n|switch|p2a: Muk|Muk-Alola, M|414\/414\n|turn|15\n|choice|move swordsdance|move knockoff\n|\n|move|p1a: Mimikyu|Swords Dance|p1a: Mimikyu\n|-boost|p1a: Mimikyu|atk|2\n|move|p2a: Muk|Knock Off|p1a: Mimikyu\n|-activate|p1a: Mimikyu|ability: Disguise\n|-damage|p1a: Mimikyu|251\/251\n|-status|p1a: Mimikyu|psn|[from] ability: Poison Touch|[of] p2a: Muk\n|detailschange|p1a: Mimikyu|Mimikyu-Busted, F\n|\n|-damage|p1a: Mimikyu|220\/251 psn|[from] psn\n|upkeep\n|turn|16\n|choice|move playrough|move knockoff\n|\n|move|p1a: Mimikyu|Play Rough|p2a: Muk\n|-damage|p2a: Muk|80\/414\n|move|p2a: Muk|Knock Off|p1a: Mimikyu\n|-damage|p1a: Mimikyu|10\/251 psn\n|\n|-damage|p1a: Mimikyu|0 fnt|[from] psn\n|upkeep\n|faint|p1a: Mimikyu\n|c| brendatest|Ya gg\n|c|\u2606jly8|xD\n|choice|switch 5|\n|\n|switch|p1a: Landorus|Landorus-Therian, M|381\/381\n|-ability|p1a: Landorus|Intimidate|boost\n|-unboost|p2a: Muk|atk|1\n|turn|17\n|choice|move stealthrock|switch 6\n|\n|switch|p2a: Landorus|Landorus-Therian, M|319\/319\n|-ability|p2a: Landorus|Intimidate|boost\n|-unboost|p1a: Landorus|atk|1\n|move|p1a: Landorus|Stealth Rock|p2a: Landorus\n|-sidestart|p2: Maoxd|move: Stealth Rock\n|\n|upkeep\n|turn|18\n|choice|move hiddenpower|move swordsdance\n|\n|move|p2a: Landorus|Swords Dance|p2a: Landorus\n|-boost|p2a: Landorus|atk|2\n|move|p1a: Landorus|Hidden Power|p2a: Landorus\n|-supereffective|p2a: Landorus\n|-damage|p2a: Landorus|91\/319\n|\n|upkeep\n|turn|19\n|choice|move hiddenpower|move fly zmove\n|\n|-zpower|p2a: Landorus\n|move|p2a: Landorus|Supersonic Skystrike|p1a: Landorus|[zeffect]\n|-damage|p1a: Landorus|0 fnt\n|faint|p1a: Landorus\n|\n|upkeep\n|choice|switch 2|\n|\n|switch|p1a: Medicham|Medicham-Mega, M|116\/261\n|turn|20\n|choice|move zenheadbutt|move earthquake\n|\n|move|p1a: Medicham|Zen Headbutt|p2a: Landorus\n|-damage|p2a: Landorus|0 fnt\n|faint|p2a: Landorus\n|\n|upkeep\n|choice||switch 6\n|\n|switch|p2a: Muk|Muk-Alola, M|80\/414\n|-damage|p2a: Muk|29\/414|[from] stealthrock\n|turn|21\n|l|brendatest\n|j|brendatest\n|choice|switch 6|move shadowsneak\n|\n|switch|p1a: Tapu Fini|Tapu Fini|343\/343\n|-fieldstart|move: Misty Terrain|[from] ability: Misty Surge|[of] p1a: Tapu Fini\n|move|p2a: Muk|Shadow Sneak|p1a: Tapu Fini\n|-damage|p1a: Tapu Fini|289\/343\n|\n|-heal|p1a: Tapu Fini|310\/343|[from] item: Leftovers\n|upkeep\n|turn|22\n|choice|move moonblast|move shadowsneak\n|\n|move|p2a: Muk|Shadow Sneak|p1a: Tapu Fini\n|-damage|p1a: Tapu Fini|259\/343\n|move|p1a: Tapu Fini|Moonblast|p2a: Muk\n|-damage|p2a: Muk|0 fnt\n|faint|p2a: Muk\n|\n|-heal|p1a: Tapu Fini|280\/343|[from] item: Leftovers\n|upkeep\n|choice||switch 3\n|\n|switch|p2a: Kyurem|Kyurem-Black|391\/391\n|-damage|p2a: Kyurem|294\/391|[from] stealthrock\n|-ability|p2a: Kyurem|Teravolt\n|turn|23\n|choice|move moonblast|move fusionbolt\n|\n|move|p2a: Kyurem|Fusion Bolt|p1a: Tapu Fini\n|-supereffective|p1a: Tapu Fini\n|-damage|p1a: Tapu Fini|72\/343\n|move|p1a: Tapu Fini|Moonblast|p2a: Kyurem\n|-supereffective|p2a: Kyurem\n|-damage|p2a: Kyurem|132\/391\n|\n|-heal|p1a: Tapu Fini|93\/343|[from] item: Leftovers\n|upkeep\n|turn|24\n|choice|move moonblast|move fusionbolt\n|\n|move|p2a: Kyurem|Fusion Bolt|p1a: Tapu Fini\n|-supereffective|p1a: Tapu Fini\n|-damage|p1a: Tapu Fini|0 fnt\n|faint|p1a: Tapu Fini\n|\n|upkeep\n|l|brendatest\n|choice|switch 6|\n|\n|switch|p1a: Medicham|Medicham-Mega, M|116\/261\n|turn|25\n|choice|move fakeout|move outrage\n|\n|move|p1a: Medicham|Fake Out|p2a: Kyurem\n|-damage|p2a: Kyurem|40\/391\n|cant|p2a: Kyurem|flinch\n|\n|-fieldend|Misty Terrain\n|upkeep\n|turn|26\n|choice|move icepunch|move outrage\n|\n|move|p1a: Medicham|Ice Punch|p2a: Kyurem\n|-damage|p2a: Kyurem|0 fnt\n|faint|p2a: Kyurem\n|\n|upkeep\n|choice||switch 2\n|\n|switch|p2a: Keldeo|Keldeo|323\/323\n|-damage|p2a: Keldeo|303\/323|[from] stealthrock\n|turn|27\n|choice|move zenheadbutt|move scald\n|\n|move|p2a: Keldeo|Scald|p1a: Medicham\n|-damage|p1a: Medicham|0 fnt\n|faint|p1a: Medicham\n|\n|win|Maoxd\n|c|\u2606Maoxd|gg","inputlog":null,"uploadtime":1495675400,"views":31,"p1id":"jly8","p2id":"maoxd","formatid":"gen7ou","rating":0,"private":0,"password":null}