{"id":"gen7ou-658432086","p1":"mZET-\u272a","p2":"Toxabelle","format":"gen7ou","log":"|j|mZET-\u272a\n|j|Toxabelle\n|inactive|Battle timer is ON: inactive players will automatically lose when time's up.\n|player|p1|mZET-\u272a|167\n|teamsize|p1|6\n|player|p2|Toxabelle|238\n|teamsize|p2|6\n|gametype|singles\n|gen|7\n|tier|[Gen 7] OU\n|rated|Tournament battle\n|seed|37604,3654,47929,11294\n|rule|Sleep Clause Mod: Limit one foe put to sleep\n|rule|Species Clause: Limit one of each Pok\u00e9mon\n|rule|OHKO Clause: OHKO moves are banned\n|rule|Moody Clause: Moody is banned\n|rule|Evasion Moves Clause: Evasion moves are banned\n|rule|Endless Battle Clause: Forcing endless battles is banned\n|rule|HP Percentage Mod: HP is shown in percentages\n|clearpoke\n|poke|p1|Toxapex, M|item\n|poke|p1|Alakazam, M|item\n|poke|p1|Tapu Lele|item\n|poke|p1|Ferrothorn, M|item\n|poke|p1|Tyranitar, F|item\n|poke|p1|Landorus-Therian, M|item\n|poke|p2|Venusaur, F|item\n|poke|p2|Keldeo-Resolute|item\n|poke|p2|Skarmory, M|item\n|poke|p2|Chansey, F|item\n|poke|p2|Heatran, M|item\n|poke|p2|Bisharp, M|item\n|teampreview\n|j|Fem\n|j|Pretty bad alt.\n|j|Amaan Sadri\n|j|Dante's Purgatory\n|inactive|mZET-\u272a has 135 seconds left.\n|j|Lycon\n|j|Harrykh\n|j|jysa\n|j|xXDarkSasuke69Xx\n|inactive|mZET-\u272a has 120 seconds left.\n|inactive|mZET-\u272a has 105 seconds left.\n|inactive|Toxabelle has 135 seconds left.\n|inactive|mZET-\u272a has 90 seconds left.\n|j|Over the Ocean\n|choice|team 5, team 2, team 3, team 4, team 1, team 6|team 5, team 2, team 3, team 4, team 1, team 6\n|\n|start\n|switch|p1a: Tyranitar|Tyranitar, F|341\/341\n|switch|p2a: Heatran|Heatran, M|386\/386\n|-weather|Sandstorm|[from] ability: Sand Stream|[of] p1a: Tyranitar\n|turn|1\n|choice|move stoneedge|move stealthrock\n|\n|move|p2a: Heatran|Stealth Rock|p1a: Tyranitar\n|-sidestart|p1: mZET-\u272a|move: Stealth Rock\n|move|p1a: Tyranitar|Stone Edge|p2a: Heatran\n|-damage|p2a: Heatran|94\/386\n|\n|-weather|Sandstorm|[upkeep]\n|-heal|p2a: Heatran|118\/386|[from] item: Leftovers\n|upkeep\n|turn|2\n|choice|move stoneedge|switch 2\n|\n|switch|p2a: Keldeo|Keldeo-Resolute|323\/323\n|move|p1a: Tyranitar|Stone Edge|p2a: Keldeo\n|-resisted|p2a: Keldeo\n|-damage|p2a: Keldeo|160\/323\n|\n|-weather|Sandstorm|[upkeep]\n|-damage|p2a: Keldeo|140\/323|[from] sandstorm\n|-heal|p2a: Keldeo|160\/323|[from] item: Leftovers\n|upkeep\n|turn|3\n|j|yraf\n|inactive|mZET-\u272a has 135 seconds left.\n|inactive|Toxabelle has 135 seconds left.\n|choice|switch 2|move secretsword\n|\n|switch|p1a: Alakazam|Alakazam, M|251\/251\n|move|p2a: Keldeo|Secret Sword|p1a: Alakazam\n|-resisted|p1a: Alakazam\n|-damage|p1a: Alakazam|101\/251\n|\n|-weather|Sandstorm|[upkeep]\n|-damage|p2a: Keldeo|140\/323|[from] sandstorm\n|-heal|p2a: Keldeo|160\/323|[from] item: Leftovers\n|upkeep\n|turn|4\n|choice|move psychic|switch 4\n|\n|switch|p2a: Chansey|Chansey, F|703\/703\n|move|p1a: Alakazam|Psychic|p2a: Chansey\n|-damage|p2a: Chansey|600\/703\n|\n|-weather|Sandstorm|[upkeep]\n|-damage|p2a: Chansey|557\/703|[from] sandstorm\n|upkeep\n|turn|5\n|c| Over the Ocean|wtf\n|inactive|mZET-\u272a has 135 seconds left.\n|choice|switch 2|switch 3\n|\n|switch|p1a: Tyranitar|Tyranitar, F|341\/341\n|-damage|p1a: Tyranitar|299\/341|[from] Stealth Rock\n|switch|p2a: Skarmory|Skarmory, M|333\/333\n|\n|-weather|none\n|upkeep\n|turn|6\n|choice|move stoneedge|move roost\n|\n|move|p1a: Tyranitar|Stone Edge|p2a: Skarmory\n|-damage|p2a: Skarmory|153\/333\n|move|p2a: Skarmory|Roost|p2a: Skarmory\n|-heal|p2a: Skarmory|320\/333\n|\n|upkeep\n|turn|7\n|choice|switch 6|move roost\n|\n|switch|p1a: Landorus|Landorus-Therian, M|382\/382\n|-damage|p1a: Landorus|335\/382|[from] Stealth Rock\n|-ability|p1a: Landorus|Intimidate|boost\n|-unboost|p2a: Skarmory|atk|1\n|move|p2a: Skarmory|Roost|p2a: Skarmory\n|-heal|p2a: Skarmory|333\/333\n|\n|upkeep\n|turn|8\n|choice|move stealthrock|move spikes\n|\n|move|p1a: Landorus|Stealth Rock|p2a: Skarmory\n|-sidestart|p2: Toxabelle|move: Stealth Rock\n|move|p2a: Skarmory|Spikes|p1a: Landorus\n|-sidestart|p1: mZET-\u272a|Spikes\n|\n|upkeep\n|turn|9\n|choice|switch 4|move spikes\n|\n|switch|p1a: Ferrothorn|Ferrothorn, M|351\/351\n|-damage|p1a: Ferrothorn|330\/351|[from] Stealth Rock\n|-damage|p1a: Ferrothorn|287\/351|[from] Spikes\n|move|p2a: Skarmory|Spikes|p1a: Ferrothorn\n|-sidestart|p1: mZET-\u272a|Spikes\n|\n|-heal|p1a: Ferrothorn|308\/351|[from] item: Leftovers\n|upkeep\n|turn|10\n|choice|move spikes|move spikes\n|\n|move|p2a: Skarmory|Spikes|p1a: Ferrothorn\n|-sidestart|p1: mZET-\u272a|Spikes\n|move|p1a: Ferrothorn|Spikes|p2a: Skarmory\n|-sidestart|p2: Toxabelle|Spikes\n|\n|-heal|p1a: Ferrothorn|329\/351|[from] item: Leftovers\n|upkeep\n|turn|11\n|choice|move spikes|move whirlwind\n|\n|move|p1a: Ferrothorn|Spikes|p2a: Skarmory\n|-sidestart|p2: Toxabelle|Spikes\n|move|p2a: Skarmory|Whirlwind|p1a: Ferrothorn\n|drag|p1a: Alakazam|Alakazam, M|101\/251\n|\n|upkeep\n|turn|12\n|choice|switch 4|switch 2\n|\n|switch|p1a: Landorus|Landorus-Therian, M|335\/382\n|-damage|p1a: Landorus|288\/382|[from] Stealth Rock\n|-ability|p1a: Landorus|Intimidate|boost\n|-unboost|p2a: Skarmory|atk|1\n|switch|p2a: Heatran|Heatran, M|118\/386\n|-damage|p2a: Heatran|70\/386|[from] Stealth Rock\n|-damage|p2a: Heatran|6\/386|[from] Spikes\n|\n|-heal|p2a: Heatran|30\/386|[from] item: Leftovers\n|upkeep\n|turn|13\n|inactive|mZET-\u272a has 135 seconds left.\n|choice|switch 5|switch 2\n|\n|switch|p2a: Skarmory|Skarmory, M|333\/333\n|-damage|p2a: Skarmory|292\/333|[from] Stealth Rock\n|switch|p1a: Toxapex|Toxapex, M|303\/303\n|-damage|p1a: Toxapex|228\/303|[from] Spikes\n|-damage|p1a: Toxapex|191\/303|[from] Stealth Rock\n|\n|upkeep\n|turn|14\n|choice|move scald|move whirlwind\n|\n|move|p1a: Toxapex|Scald|p2a: Skarmory\n|-damage|p2a: Skarmory|208\/333\n|move|p2a: Skarmory|Whirlwind|p1a: Toxapex\n|drag|p1a: Tapu Lele|Tapu Lele|281\/281\n|-damage|p1a: Tapu Lele|211\/281|[from] Spikes\n|-damage|p1a: Tapu Lele|176\/281|[from] Stealth Rock\n|-fieldstart|move: Psychic Terrain|[from] ability: Psychic Surge|[of] p1a: Tapu Lele\n|\n|upkeep\n|turn|15\n|choice|move psychic|switch 2\n|\n|switch|p2a: Heatran|Heatran, M|30\/386\n|-damage|p2a: Heatran|0 fnt|[from] Stealth Rock\n|faint|p2a: Heatran\n|move|p1a: Tapu Lele|Psychic|p2: Heatran|[notarget]\n|-notarget\n|\n|upkeep\n|choice||switch 6\n|\n|switch|p2a: Bisharp|Bisharp, M|334\/334\n|-damage|p2a: Bisharp|314\/334|[from] Stealth Rock\n|-damage|p2a: Bisharp|259\/334|[from] Spikes\n|turn|16\n|j|Nosoforos\n|choice|move thunderbolt zmove|move swordsdance\n|\n|-zpower|p1a: Tapu Lele\n|move|p1a: Tapu Lele|Gigavolt Havoc|p2a: Bisharp|[zeffect]\n|-damage|p2a: Bisharp|0 fnt\n|faint|p2a: Bisharp\n|\n|upkeep\n|choice||switch 3\n|\n|switch|p2a: Chansey|Chansey, F|557\/703\n|-damage|p2a: Chansey|440\/703|[from] Spikes\n|-damage|p2a: Chansey|353\/703|[from] Stealth Rock\n|turn|17\n|inactive|mZET-\u272a has 135 seconds left.\n|choice|switch 6|move softboiled\n|\n|switch|p1a: Tyranitar|Tyranitar, F|299\/341\n|-damage|p1a: Tyranitar|214\/341|[from] Spikes\n|-damage|p1a: Tyranitar|172\/341|[from] Stealth Rock\n|-weather|Sandstorm|[from] ability: Sand Stream|[of] p1a: Tyranitar\n|move|p2a: Chansey|Soft-Boiled|p2a: Chansey\n|-heal|p2a: Chansey|703\/703\n|\n|-weather|Sandstorm|[upkeep]\n|-damage|p2a: Chansey|660\/703|[from] sandstorm\n|upkeep\n|turn|18\n|choice|move crunch|move thunderwave\n|\n|move|p1a: Tyranitar|Crunch|p2a: Chansey\n|-damage|p2a: Chansey|347\/703\n|move|p2a: Chansey|Thunder Wave|p1a: Tyranitar\n|-status|p1a: Tyranitar|par\n|\n|-weather|Sandstorm|[upkeep]\n|-damage|p2a: Chansey|304\/703|[from] sandstorm\n|-fieldend|move: Psychic Terrain\n|upkeep\n|turn|19\n|c| Nosoforos|big daddy is out\n|choice|move crunch|move softboiled\n|\n|move|p2a: Chansey|Soft-Boiled|p2a: Chansey\n|-heal|p2a: Chansey|656\/703\n|cant|p1a: Tyranitar|par\n|\n|-weather|Sandstorm|[upkeep]\n|-damage|p2a: Chansey|613\/703|[from] sandstorm\n|upkeep\n|turn|20\n|choice|move crunch|move seismictoss\n|\n|move|p2a: Chansey|Seismic Toss|p1a: Tyranitar\n|-damage|p1a: Tyranitar|72\/341 par\n|move|p1a: Tyranitar|Crunch|p2a: Chansey\n|-damage|p2a: Chansey|321\/703\n|-unboost|p2a: Chansey|def|1\n|\n|-weather|Sandstorm|[upkeep]\n|-damage|p2a: Chansey|278\/703|[from] sandstorm\n|upkeep\n|turn|21\n|choice|move crunch|move softboiled\n|\n|move|p2a: Chansey|Soft-Boiled|p2a: Chansey\n|-heal|p2a: Chansey|630\/703\n|move|p1a: Tyranitar|Crunch|p2a: Chansey\n|-damage|p2a: Chansey|144\/703\n|-unboost|p2a: Chansey|def|1\n|\n|-weather|none\n|upkeep\n|turn|22\n|choice|move crunch|move softboiled\n|\n|move|p2a: Chansey|Soft-Boiled|p2a: Chansey\n|-heal|p2a: Chansey|496\/703\n|move|p1a: Tyranitar|Crunch|p2a: Chansey\n|-damage|p2a: Chansey|0 fnt\n|faint|p2a: Chansey\n|\n|upkeep\n|choice||switch 2\n|\n|switch|p2a: Skarmory|Skarmory, M|208\/333\n|-damage|p2a: Skarmory|167\/333|[from] Stealth Rock\n|turn|23\n|choice|move crunch|move roost\n|\n|move|p2a: Skarmory|Roost|p2a: Skarmory\n|-heal|p2a: Skarmory|333\/333\n|cant|p1a: Tyranitar|par\n|\n|upkeep\n|turn|24\n|choice|move crunch|move whirlwind\n|\n|move|p1a: Tyranitar|Crunch|p2a: Skarmory\n|-damage|p2a: Skarmory|194\/333\n|-damage|p1a: Tyranitar|16\/341 par|[from] item: Rocky Helmet|[of] p2a: Skarmory\n|move|p2a: Skarmory|Whirlwind|p1a: Tyranitar\n|drag|p1a: Alakazam|Alakazam, M|101\/251\n|\n|upkeep\n|turn|25\n|choice|move hiddenpower|move bravebird\n|\n|move|p1a: Alakazam|Hidden Power|p2a: Skarmory\n|-supereffective|p2a: Skarmory\n|-damage|p2a: Skarmory|14\/333\n|move|p2a: Skarmory|Brave Bird|p1a: Alakazam\n|-damage|p1a: Alakazam|0 fnt\n|-damage|p2a: Skarmory|0 fnt|[from] Recoil|[of] p1a: Alakazam\n|faint|p1a: Alakazam\n|faint|p2a: Skarmory\n|\n|upkeep\n|inactive|mZET-\u272a has 135 seconds left.\n|c| Fem|if you were mega\n|choice|switch 4|switch 4\n|\n|switch|p1a: Tyranitar|Tyranitar, F|16\/341 par\n|switch|p2a: Keldeo|Keldeo-Resolute|160\/323\n|-damage|p2a: Keldeo|107\/323|[from] Spikes\n|-damage|p2a: Keldeo|87\/323|[from] Stealth Rock\n|-damage|p1a: Tyranitar|0 fnt|[from] Stealth Rock\n|faint|p1a: Tyranitar\n|c| Fem|that was top 10 worst chokes of all time\n|inactive|mZET-\u272a has 135 seconds left.\n|choice|switch 6|\n|\n|switch|p1a: Tapu Lele|Tapu Lele|176\/281\n|-damage|p1a: Tapu Lele|106\/281|[from] Spikes\n|-damage|p1a: Tapu Lele|71\/281|[from] Stealth Rock\n|-fieldstart|move: Psychic Terrain|[from] ability: Psychic Surge|[of] p1a: Tapu Lele\n|turn|26\n|choice|move psychic|move scald\n|\n|move|p2a: Keldeo|Scald|p1a: Tapu Lele\n|-damage|p1a: Tapu Lele|0 fnt\n|faint|p1a: Tapu Lele\n|\n|-heal|p2a: Keldeo|107\/323|[from] item: Leftovers\n|upkeep\n|choice|switch 3|\n|\n|switch|p1a: Toxapex|Toxapex, M|292\/303\n|-damage|p1a: Toxapex|255\/303|[from] Stealth Rock\n|-damage|p1a: Toxapex|180\/303|[from] Spikes\n|turn|27\n|choice|move scald|move substitute\n|\n|move|p2a: Keldeo|Substitute|p2a: Keldeo\n|-start|p2a: Keldeo|Substitute\n|-damage|p2a: Keldeo|27\/323\n|move|p1a: Toxapex|Scald|p2a: Keldeo\n|-resisted|p2a: Keldeo\n|-activate|p2a: Keldeo|move: Substitute|[damage]\n|\n|-heal|p2a: Keldeo|47\/323|[from] item: Leftovers\n|upkeep\n|turn|28\n|choice|move scald|move calmmind\n|\n|move|p2a: Keldeo|Calm Mind|p2a: Keldeo\n|-boost|p2a: Keldeo|spa|1\n|-boost|p2a: Keldeo|spd|1\n|move|p1a: Toxapex|Scald|p2a: Keldeo\n|-resisted|p2a: Keldeo\n|-activate|p2a: Keldeo|move: Substitute|[damage]\n|\n|-heal|p2a: Keldeo|67\/323|[from] item: Leftovers\n|upkeep\n|turn|29\n|c| Over the Ocean|Fem: that was top 10 worst chokes of all time\n|choice|move haze|move scald\n|\n|move|p2a: Keldeo|Scald|p1a: Toxapex\n|-resisted|p1a: Toxapex\n|-damage|p1a: Toxapex|119\/303\n|move|p1a: Toxapex|Haze|p1a: Toxapex\n|-clearallboost\n|\n|-heal|p2a: Keldeo|87\/323|[from] item: Leftovers\n|upkeep\n|turn|30\n|choice|move scald|move calmmind\n|\n|move|p2a: Keldeo|Calm Mind|p2a: Keldeo\n|-boost|p2a: Keldeo|spa|1\n|-boost|p2a: Keldeo|spd|1\n|move|p1a: Toxapex|Scald|p2a: Keldeo\n|-resisted|p2a: Keldeo\n|-activate|p2a: Keldeo|move: Substitute|[damage]\n|\n|-heal|p2a: Keldeo|107\/323|[from] item: Leftovers\n|-fieldend|move: Psychic Terrain\n|upkeep\n|turn|31\n|choice|move recover|move scald\n|\n|move|p2a: Keldeo|Scald|p1a: Toxapex\n|-resisted|p1a: Toxapex\n|-damage|p1a: Toxapex|63\/303\n|move|p1a: Toxapex|Recover|p1a: Toxapex\n|-heal|p1a: Toxapex|215\/303\n|\n|-heal|p2a: Keldeo|127\/323|[from] item: Leftovers\n|upkeep\n|turn|32\n|choice|move haze|move scald\n|\n|move|p2a: Keldeo|Scald|p1a: Toxapex\n|-resisted|p1a: Toxapex\n|-damage|p1a: Toxapex|158\/303\n|move|p1a: Toxapex|Haze|p1a: Toxapex\n|-clearallboost\n|\n|-heal|p2a: Keldeo|147\/323|[from] item: Leftovers\n|upkeep\n|turn|33\n|choice|move scald|move calmmind\n|\n|move|p2a: Keldeo|Calm Mind|p2a: Keldeo\n|-boost|p2a: Keldeo|spa|1\n|-boost|p2a: Keldeo|spd|1\n|move|p1a: Toxapex|Scald|p2a: Keldeo\n|-resisted|p2a: Keldeo\n|-end|p2a: Keldeo|Substitute\n|\n|-heal|p2a: Keldeo|167\/323|[from] item: Leftovers\n|upkeep\n|turn|34\n|choice|move recover|move scald\n|\n|move|p2a: Keldeo|Scald|p1a: Toxapex\n|-resisted|p1a: Toxapex\n|-damage|p1a: Toxapex|103\/303\n|-status|p1a: Toxapex|brn\n|move|p1a: Toxapex|Recover|p1a: Toxapex\n|-heal|p1a: Toxapex|255\/303 brn\n|\n|-heal|p2a: Keldeo|187\/323|[from] item: Leftovers\n|-damage|p1a: Toxapex|237\/303 brn|[from] brn\n|upkeep\n|turn|35\n|c| Over the Ocean|Tyranitar, come back! Go! Alakazam!\n|c| Over the Ocean|The opposing Keldeo used Secret Sword!\n|c| Fem|*if he was mega zam\n|c| Over the Ocean|It's not very effective... Alakazam lost 59% of its health!\n|j|Itachi64\n|choice|move scald|move substitute\n|\n|move|p2a: Keldeo|Substitute|p2a: Keldeo\n|-start|p2a: Keldeo|Substitute\n|-damage|p2a: Keldeo|107\/323\n|move|p1a: Toxapex|Scald|p2a: Keldeo\n|-resisted|p2a: Keldeo\n|-activate|p2a: Keldeo|move: Substitute|[damage]\n|\n|-heal|p2a: Keldeo|127\/323|[from] item: Leftovers\n|-damage|p1a: Toxapex|219\/303 brn|[from] brn\n|upkeep\n|turn|36\n|c| Over the Ocean|having a toxa\n|choice|move haze|move secretsword\n|\n|move|p2a: Keldeo|Secret Sword|p1a: Toxapex\n|-resisted|p1a: Toxapex\n|-damage|p1a: Toxapex|139\/303 brn\n|move|p1a: Toxapex|Haze|p1a: Toxapex\n|-clearallboost\n|\n|-heal|p2a: Keldeo|147\/323|[from] item: Leftovers\n|-damage|p1a: Toxapex|121\/303 brn|[from] brn\n|upkeep\n|turn|37\n|c| Fem|thats a good play\n|c| Over the Ocean|?\n|choice|move recover|move calmmind\n|\n|move|p2a: Keldeo|Calm Mind|p2a: Keldeo\n|-boost|p2a: Keldeo|spa|1\n|-boost|p2a: Keldeo|spd|1\n|move|p1a: Toxapex|Recover|p1a: Toxapex\n|-heal|p1a: Toxapex|273\/303 brn\n|\n|-heal|p2a: Keldeo|167\/323|[from] item: Leftovers\n|-damage|p1a: Toxapex|255\/303 brn|[from] brn\n|upkeep\n|turn|38\n|c| Nosoforos|i d say hazard control wold be very useful\n|choice|move haze|move scald\n|\n|move|p2a: Keldeo|Scald|p1a: Toxapex\n|-resisted|p1a: Toxapex\n|-damage|p1a: Toxapex|193\/303 brn\n|move|p1a: Toxapex|Haze|p1a: Toxapex\n|-clearallboost\n|\n|-heal|p2a: Keldeo|187\/323|[from] item: Leftovers\n|-damage|p1a: Toxapex|175\/303 brn|[from] brn\n|upkeep\n|turn|39\n|choice|move scald|move calmmind\n|\n|move|p2a: Keldeo|Calm Mind|p2a: Keldeo\n|-boost|p2a: Keldeo|spa|1\n|-boost|p2a: Keldeo|spd|1\n|move|p1a: Toxapex|Scald|p2a: Keldeo\n|-resisted|p2a: Keldeo\n|-activate|p2a: Keldeo|move: Substitute|[damage]\n|\n|-heal|p2a: Keldeo|207\/323|[from] item: Leftovers\n|-damage|p1a: Toxapex|157\/303 brn|[from] brn\n|upkeep\n|turn|40\n|choice|move recover|move scald\n|\n|move|p2a: Keldeo|Scald|p1a: Toxapex\n|-resisted|p1a: Toxapex\n|-crit|p1a: Toxapex\n|-damage|p1a: Toxapex|70\/303 brn\n|move|p1a: Toxapex|Recover|p1a: Toxapex\n|-heal|p1a: Toxapex|222\/303 brn\n|\n|-heal|p2a: Keldeo|227\/323|[from] item: Leftovers\n|-damage|p1a: Toxapex|204\/303 brn|[from] brn\n|upkeep\n|turn|41\n|choice|move haze|move scald\n|\n|move|p2a: Keldeo|Scald|p1a: Toxapex\n|-resisted|p1a: Toxapex\n|-damage|p1a: Toxapex|141\/303 brn\n|move|p1a: Toxapex|Haze|p1a: Toxapex\n|-clearallboost\n|\n|-heal|p2a: Keldeo|247\/323|[from] item: Leftovers\n|-damage|p1a: Toxapex|123\/303 brn|[from] brn\n|upkeep\n|turn|42\n|c| Over the Ocean|why u switch in zam\n|choice|move recover|move calmmind\n|\n|move|p2a: Keldeo|Calm Mind|p2a: Keldeo\n|-boost|p2a: Keldeo|spa|1\n|-boost|p2a: Keldeo|spd|1\n|move|p1a: Toxapex|Recover|p1a: Toxapex\n|-heal|p1a: Toxapex|275\/303 brn\n|\n|-heal|p2a: Keldeo|267\/323|[from] item: Leftovers\n|-damage|p1a: Toxapex|257\/303 brn|[from] brn\n|upkeep\n|turn|43\n|j|bange\n|c| Fem|because he knows this is wish killers team\n|choice|move haze|move scald\n|\n|move|p2a: Keldeo|Scald|p1a: Toxapex\n|-resisted|p1a: Toxapex\n|-damage|p1a: Toxapex|193\/303 brn\n|move|p1a: Toxapex|Haze|p1a: Toxapex\n|-clearallboost\n|\n|-heal|p2a: Keldeo|287\/323|[from] item: Leftovers\n|-damage|p1a: Toxapex|175\/303 brn|[from] brn\n|upkeep\n|turn|44\n|choice|move recover|move calmmind\n|\n|move|p2a: Keldeo|Calm Mind|p2a: Keldeo\n|-boost|p2a: Keldeo|spa|1\n|-boost|p2a: Keldeo|spd|1\n|move|p1a: Toxapex|Recover|p1a: Toxapex\n|-heal|p1a: Toxapex|303\/303 brn\n|\n|-heal|p2a: Keldeo|307\/323|[from] item: Leftovers\n|-damage|p1a: Toxapex|285\/303 brn|[from] brn\n|upkeep\n|turn|45\n|c| Fem|which means he knows its sub cm\n|c| Fem|so toxa is not a counter\n|choice|move haze|move scald\n|\n|move|p2a: Keldeo|Scald|p1a: Toxapex\n|-resisted|p1a: Toxapex\n|-damage|p1a: Toxapex|228\/303 brn\n|move|p1a: Toxapex|Haze|p1a: Toxapex\n|-clearallboost\n|\n|-heal|p2a: Keldeo|323\/323|[from] item: Leftovers\n|-damage|p1a: Toxapex|210\/303 brn|[from] brn\n|upkeep\n|turn|46\n|choice|move scald|move calmmind\n|\n|move|p2a: Keldeo|Calm Mind|p2a: Keldeo\n|-boost|p2a: Keldeo|spa|1\n|-boost|p2a: Keldeo|spd|1\n|move|p1a: Toxapex|Scald|p2a: Keldeo\n|-resisted|p2a: Keldeo\n|-activate|p2a: Keldeo|move: Substitute|[damage]\n|\n|-damage|p1a: Toxapex|192\/303 brn|[from] brn\n|upkeep\n|turn|47\n|choice|move haze|move scald\n|\n|move|p2a: Keldeo|Scald|p1a: Toxapex\n|-resisted|p1a: Toxapex\n|-damage|p1a: Toxapex|136\/303 brn\n|move|p1a: Toxapex|Haze|p1a: Toxapex\n|-clearallboost\n|\n|-damage|p1a: Toxapex|118\/303 brn|[from] brn\n|upkeep\n|turn|48\n|choice|move recover|move calmmind\n|\n|move|p2a: Keldeo|Calm Mind|p2a: Keldeo\n|-boost|p2a: Keldeo|spa|1\n|-boost|p2a: Keldeo|spd|1\n|move|p1a: Toxapex|Recover|p1a: Toxapex\n|-heal|p1a: Toxapex|270\/303 brn\n|\n|-damage|p1a: Toxapex|252\/303 brn|[from] brn\n|upkeep\n|turn|49\n|j|Pazze\n|c| Over the Ocean|more pps\n|inactive|mZET-\u272a has 135 seconds left.\n|choice|move haze|move scald\n|\n|move|p2a: Keldeo|Scald|p1a: Toxapex\n|-resisted|p1a: Toxapex\n|-damage|p1a: Toxapex|197\/303 brn\n|move|p1a: Toxapex|Haze|p1a: Toxapex\n|-clearallboost\n|\n|-damage|p1a: Toxapex|179\/303 brn|[from] brn\n|upkeep\n|turn|50\n|c| jysa|doesent pex pp stall keld or its the opposite\n|choice|move scald|move calmmind\n|\n|move|p2a: Keldeo|Calm Mind|p2a: Keldeo\n|-boost|p2a: Keldeo|spa|1\n|-boost|p2a: Keldeo|spd|1\n|move|p1a: Toxapex|Scald|p2a: Keldeo\n|-resisted|p2a: Keldeo\n|-end|p2a: Keldeo|Substitute\n|\n|-damage|p1a: Toxapex|161\/303 brn|[from] brn\n|upkeep\n|turn|51\n|inactive|mZET-\u272a has 135 seconds left.\n|choice|move toxic|move substitute\n|\n|move|p2a: Keldeo|Substitute|p2a: Keldeo\n|-start|p2a: Keldeo|Substitute\n|-damage|p2a: Keldeo|243\/323\n|move|p1a: Toxapex|Toxic|p2a: Keldeo\n|-fail|p2a: Keldeo\n|\n|-heal|p2a: Keldeo|263\/323|[from] item: Leftovers\n|-damage|p1a: Toxapex|143\/303 brn|[from] brn\n|upkeep\n|turn|52\n|choice|move recover|move scald\n|\n|move|p2a: Keldeo|Scald|p1a: Toxapex\n|-resisted|p1a: Toxapex\n|-damage|p1a: Toxapex|83\/303 brn\n|move|p1a: Toxapex|Recover|p1a: Toxapex\n|-heal|p1a: Toxapex|235\/303 brn\n|\n|-heal|p2a: Keldeo|283\/323|[from] item: Leftovers\n|-damage|p1a: Toxapex|217\/303 brn|[from] brn\n|upkeep\n|turn|53\n|choice|move haze|move secretsword\n|\n|move|p2a: Keldeo|Secret Sword|p1a: Toxapex\n|-resisted|p1a: Toxapex\n|-damage|p1a: Toxapex|133\/303 brn\n|move|p1a: Toxapex|Haze|p1a: Toxapex\n|-clearallboost\n|\n|-heal|p2a: Keldeo|303\/323|[from] item: Leftovers\n|-damage|p1a: Toxapex|115\/303 brn|[from] brn\n|upkeep\n|turn|54\n|c| Pretty bad alt.|pex could if it still had black sludge\n|choice|move scald|move calmmind\n|\n|move|p2a: Keldeo|Calm Mind|p2a: Keldeo\n|-boost|p2a: Keldeo|spa|1\n|-boost|p2a: Keldeo|spd|1\n|move|p1a: Toxapex|Scald|p2a: Keldeo\n|-resisted|p2a: Keldeo\n|-activate|p2a: Keldeo|move: Substitute|[damage]\n|\n|-heal|p2a: Keldeo|323\/323|[from] item: Leftovers\n|-damage|p1a: Toxapex|97\/303 brn|[from] brn\n|upkeep\n|turn|55\n|choice|move recover|move calmmind\n|\n|move|p2a: Keldeo|Calm Mind|p2a: Keldeo\n|-boost|p2a: Keldeo|spa|1\n|-boost|p2a: Keldeo|spd|1\n|move|p1a: Toxapex|Recover|p1a: Toxapex\n|-heal|p1a: Toxapex|249\/303 brn\n|\n|-damage|p1a: Toxapex|231\/303 brn|[from] brn\n|upkeep\n|turn|56\n|c| Over the Ocean|oh\n|c| Over the Ocean|lol\n|choice|move haze|move secretsword\n|\n|move|p2a: Keldeo|Secret Sword|p1a: Toxapex\n|-resisted|p1a: Toxapex\n|-damage|p1a: Toxapex|132\/303 brn\n|move|p1a: Toxapex|Haze|p1a: Toxapex\n|-clearallboost\n|\n|-damage|p1a: Toxapex|114\/303 brn|[from] brn\n|upkeep\n|turn|57\n|choice|move recover|move calmmind\n|\n|move|p2a: Keldeo|Calm Mind|p2a: Keldeo\n|-boost|p2a: Keldeo|spa|1\n|-boost|p2a: Keldeo|spd|1\n|move|p1a: Toxapex|Recover|p1a: Toxapex\n|-heal|p1a: Toxapex|266\/303 brn\n|\n|-damage|p1a: Toxapex|248\/303 brn|[from] brn\n|upkeep\n|turn|58\n|c| Over the Ocean|no bsludge\n|choice|move haze|move secretsword\n|\n|move|p2a: Keldeo|Secret Sword|p1a: Toxapex\n|-resisted|p1a: Toxapex\n|-damage|p1a: Toxapex|176\/303 brn\n|move|p1a: Toxapex|Haze|p1a: Toxapex\n|-clearallboost\n|\n|-damage|p1a: Toxapex|158\/303 brn|[from] brn\n|upkeep\n|turn|59\n|choice|move haze|move calmmind\n|\n|move|p2a: Keldeo|Calm Mind|p2a: Keldeo\n|-boost|p2a: Keldeo|spa|1\n|-boost|p2a: Keldeo|spd|1\n|move|p1a: Toxapex|Haze|p1a: Toxapex\n|-clearallboost\n|\n|-damage|p1a: Toxapex|140\/303 brn|[from] brn\n|upkeep\n|turn|60\n|choice|move recover|move calmmind\n|\n|move|p2a: Keldeo|Calm Mind|p2a: Keldeo\n|-boost|p2a: Keldeo|spa|1\n|-boost|p2a: Keldeo|spd|1\n|move|p1a: Toxapex|Recover|p1a: Toxapex\n|-heal|p1a: Toxapex|292\/303 brn\n|\n|-damage|p1a: Toxapex|274\/303 brn|[from] brn\n|upkeep\n|turn|61\n|choice|move haze|move secretsword\n|\n|move|p2a: Keldeo|Secret Sword|p1a: Toxapex\n|-resisted|p1a: Toxapex\n|-damage|p1a: Toxapex|192\/303 brn\n|move|p1a: Toxapex|Haze|p1a: Toxapex\n|-clearallboost\n|\n|-damage|p1a: Toxapex|174\/303 brn|[from] brn\n|upkeep\n|turn|62\n|choice|move scald|move calmmind\n|\n|move|p2a: Keldeo|Calm Mind|p2a: Keldeo\n|-boost|p2a: Keldeo|spa|1\n|-boost|p2a: Keldeo|spd|1\n|move|p1a: Toxapex|Scald|p2a: Keldeo\n|-resisted|p2a: Keldeo\n|-activate|p2a: Keldeo|move: Substitute|[damage]\n|\n|-damage|p1a: Toxapex|156\/303 brn|[from] brn\n|upkeep\n|turn|63\n|choice|move recover|move calmmind\n|\n|move|p2a: Keldeo|Calm Mind|p2a: Keldeo\n|-boost|p2a: Keldeo|spa|1\n|-boost|p2a: Keldeo|spd|1\n|move|p1a: Toxapex|Recover|p1a: Toxapex\n|-heal|p1a: Toxapex|303\/303 brn\n|\n|-damage|p1a: Toxapex|285\/303 brn|[from] brn\n|upkeep\n|turn|64\n|choice|move haze|move secretsword\n|\n|move|p2a: Keldeo|Secret Sword|p1a: Toxapex\n|-resisted|p1a: Toxapex\n|-damage|p1a: Toxapex|184\/303 brn\n|move|p1a: Toxapex|Haze|p1a: Toxapex\n|-clearallboost\n|\n|-damage|p1a: Toxapex|166\/303 brn|[from] brn\n|upkeep\n|turn|65\n|choice|move scald|move calmmind\n|\n|move|p2a: Keldeo|Calm Mind|p2a: Keldeo\n|-boost|p2a: Keldeo|spa|1\n|-boost|p2a: Keldeo|spd|1\n|move|p1a: Toxapex|Scald|p2a: Keldeo\n|-resisted|p2a: Keldeo\n|-activate|p2a: Keldeo|move: Substitute|[damage]\n|\n|-damage|p1a: Toxapex|148\/303 brn|[from] brn\n|upkeep\n|turn|66\n|choice|move recover|move secretsword\n|\n|move|p2a: Keldeo|Secret Sword|p1a: Toxapex\n|-resisted|p1a: Toxapex\n|-crit|p1a: Toxapex\n|-damage|p1a: Toxapex|31\/303 brn\n|move|p1a: Toxapex|Recover|p1a: Toxapex\n|-heal|p1a: Toxapex|183\/303 brn\n|\n|-damage|p1a: Toxapex|165\/303 brn|[from] brn\n|upkeep\n|turn|67\n|choice|move haze|move calmmind\n|\n|move|p2a: Keldeo|Calm Mind|p2a: Keldeo\n|-boost|p2a: Keldeo|spa|1\n|-boost|p2a: Keldeo|spd|1\n|move|p1a: Toxapex|Haze|p1a: Toxapex\n|-clearallboost\n|\n|-damage|p1a: Toxapex|147\/303 brn|[from] brn\n|upkeep\n|turn|68\n|choice|move recover|move calmmind\n|\n|move|p2a: Keldeo|Calm Mind|p2a: Keldeo\n|-boost|p2a: Keldeo|spa|1\n|-boost|p2a: Keldeo|spd|1\n|move|p1a: Toxapex|Recover|p1a: Toxapex\n|-heal|p1a: Toxapex|299\/303 brn\n|\n|-damage|p1a: Toxapex|281\/303 brn|[from] brn\n|upkeep\n|turn|69\n|choice|move haze|move scald\n|\n|move|p2a: Keldeo|Scald|p1a: Toxapex\n|-resisted|p1a: Toxapex\n|-damage|p1a: Toxapex|225\/303 brn\n|move|p1a: Toxapex|Haze|p1a: Toxapex\n|-clearallboost\n|\n|-damage|p1a: Toxapex|207\/303 brn|[from] brn\n|upkeep\n|turn|70\n|choice|move haze|move calmmind\n|\n|move|p2a: Keldeo|Calm Mind|p2a: Keldeo\n|-boost|p2a: Keldeo|spa|1\n|-boost|p2a: Keldeo|spd|1\n|move|p1a: Toxapex|Haze|p1a: Toxapex\n|-clearallboost\n|\n|-damage|p1a: Toxapex|189\/303 brn|[from] brn\n|upkeep\n|turn|71\n|choice|move scald|move calmmind\n|\n|move|p2a: Keldeo|Calm Mind|p2a: Keldeo\n|-boost|p2a: Keldeo|spa|1\n|-boost|p2a: Keldeo|spd|1\n|move|p1a: Toxapex|Scald|p2a: Keldeo\n|-resisted|p2a: Keldeo\n|-end|p2a: Keldeo|Substitute\n|\n|-damage|p1a: Toxapex|171\/303 brn|[from] brn\n|upkeep\n|turn|72\n|choice|move haze|move substitute\n|\n|move|p2a: Keldeo|Substitute|p2a: Keldeo\n|-start|p2a: Keldeo|Substitute\n|-damage|p2a: Keldeo|243\/323\n|move|p1a: Toxapex|Haze|p1a: Toxapex\n|-clearallboost\n|\n|-heal|p2a: Keldeo|263\/323|[from] item: Leftovers\n|-damage|p1a: Toxapex|153\/303 brn|[from] brn\n|upkeep\n|turn|73\n|choice|move scald|move calmmind\n|\n|move|p2a: Keldeo|Calm Mind|p2a: Keldeo\n|-boost|p2a: Keldeo|spa|1\n|-boost|p2a: Keldeo|spd|1\n|move|p1a: Toxapex|Scald|p2a: Keldeo\n|-resisted|p2a: Keldeo\n|-activate|p2a: Keldeo|move: Substitute|[damage]\n|\n|-heal|p2a: Keldeo|283\/323|[from] item: Leftovers\n|-damage|p1a: Toxapex|135\/303 brn|[from] brn\n|upkeep\n|turn|74\n|choice|move recover|move calmmind\n|\n|move|p2a: Keldeo|Calm Mind|p2a: Keldeo\n|-boost|p2a: Keldeo|spa|1\n|-boost|p2a: Keldeo|spd|1\n|move|p1a: Toxapex|Recover|p1a: Toxapex\n|-heal|p1a: Toxapex|287\/303 brn\n|\n|-heal|p2a: Keldeo|303\/323|[from] item: Leftovers\n|-damage|p1a: Toxapex|269\/303 brn|[from] brn\n|upkeep\n|turn|75\n|choice|move haze|move secretsword\n|\n|move|p2a: Keldeo|Secret Sword|p1a: Toxapex\n|-resisted|p1a: Toxapex\n|-damage|p1a: Toxapex|169\/303 brn\n|move|p1a: Toxapex|Haze|p1a: Toxapex\n|-clearallboost\n|\n|-heal|p2a: Keldeo|323\/323|[from] item: Leftovers\n|-damage|p1a: Toxapex|151\/303 brn|[from] brn\n|upkeep\n|turn|76\n|choice|move haze|move calmmind\n|\n|move|p2a: Keldeo|Calm Mind|p2a: Keldeo\n|-boost|p2a: Keldeo|spa|1\n|-boost|p2a: Keldeo|spd|1\n|move|p1a: Toxapex|Haze|p1a: Toxapex\n|-clearallboost\n|\n|-damage|p1a: Toxapex|133\/303 brn|[from] brn\n|upkeep\n|turn|77\n|choice|move haze|move scald\n|\n|move|p2a: Keldeo|Scald|p1a: Toxapex\n|-resisted|p1a: Toxapex\n|-damage|p1a: Toxapex|92\/303 brn\n|move|p1a: Toxapex|Haze|p1a: Toxapex\n|-clearallboost\n|\n|-damage|p1a: Toxapex|74\/303 brn|[from] brn\n|upkeep\n|turn|78\n|choice|move recover|move calmmind\n|\n|move|p2a: Keldeo|Calm Mind|p2a: Keldeo\n|-boost|p2a: Keldeo|spa|1\n|-boost|p2a: Keldeo|spd|1\n|move|p1a: Toxapex|Recover|p1a: Toxapex\n|-heal|p1a: Toxapex|226\/303 brn\n|\n|-damage|p1a: Toxapex|208\/303 brn|[from] brn\n|upkeep\n|turn|79\n|choice|move haze|move secretsword\n|\n|move|p2a: Keldeo|Secret Sword|p1a: Toxapex\n|-resisted|p1a: Toxapex\n|-damage|p1a: Toxapex|127\/303 brn\n|move|p1a: Toxapex|Haze|p1a: Toxapex\n|-clearallboost\n|\n|-damage|p1a: Toxapex|109\/303 brn|[from] brn\n|upkeep\n|turn|80\n|choice|move scald|move scald\n|\n|move|p2a: Keldeo|Scald|p1a: Toxapex\n|-resisted|p1a: Toxapex\n|-damage|p1a: Toxapex|67\/303 brn\n|move|p1a: Toxapex|Scald|p2a: Keldeo\n|-resisted|p2a: Keldeo\n|-activate|p2a: Keldeo|move: Substitute|[damage]\n|\n|-damage|p1a: Toxapex|49\/303 brn|[from] brn\n|upkeep\n|turn|81\n|j|Boss Giovani\n|choice|move haze|move scald\n|\n|move|p2a: Keldeo|Scald|p1a: Toxapex\n|-resisted|p1a: Toxapex\n|-damage|p1a: Toxapex|10\/303 brn\n|move|p1a: Toxapex|Haze|p1a: Toxapex\n|-clearallboost\n|\n|-damage|p1a: Toxapex|0 fnt|[from] brn\n|upkeep\n|faint|p1a: Toxapex\n|choice|switch 2|\n|\n|switch|p1a: Ferrothorn|Ferrothorn, M|329\/351\n|-damage|p1a: Ferrothorn|308\/351|[from] Stealth Rock\n|-damage|p1a: Ferrothorn|221\/351|[from] Spikes\n|turn|82\n|choice|switch 5|move secretsword\n|\n|switch|p1a: Landorus|Landorus-Therian, M|288\/382\n|-damage|p1a: Landorus|241\/382|[from] Stealth Rock\n|-ability|p1a: Landorus|Intimidate|boost\n|-immune|p2a: Keldeo|[msg]\n|move|p2a: Keldeo|Secret Sword|p1a: Landorus\n|-resisted|p1a: Landorus\n|-damage|p1a: Landorus|182\/382\n|\n|upkeep\n|turn|83\n|choice|switch 5|move scald\n|\n|switch|p1a: Ferrothorn|Ferrothorn, M|221\/351\n|-damage|p1a: Ferrothorn|134\/351|[from] Spikes\n|-damage|p1a: Ferrothorn|113\/351|[from] Stealth Rock\n|move|p2a: Keldeo|Scald|p1a: Ferrothorn\n|-resisted|p1a: Ferrothorn\n|-damage|p1a: Ferrothorn|66\/351\n|\n|-heal|p1a: Ferrothorn|87\/351|[from] item: Leftovers\n|upkeep\n|turn|84\n|choice|switch 5|move secretsword\n|\n|switch|p1a: Landorus|Landorus-Therian, M|182\/382\n|-damage|p1a: Landorus|135\/382|[from] Stealth Rock\n|-ability|p1a: Landorus|Intimidate|boost\n|-immune|p2a: Keldeo|[msg]\n|move|p2a: Keldeo|Secret Sword|p1a: Landorus\n|-resisted|p1a: Landorus\n|-damage|p1a: Landorus|74\/382\n|\n|upkeep\n|turn|85\n|-message|mZET-\u272a forfeited.\n|\n|win|Toxabelle\n|l|mZET-\u272a\n|c|\u2606Toxabelle|gg\n|c| Boss Giovani|Go Toxabelle, we are with you !\n|l|jysa","inputlog":null,"uploadtime":1510494707,"views":47,"p1id":"mzet","p2id":"toxabelle","formatid":"gen7ou","rating":0,"private":0,"password":null}