{"id":"gen7ou-578576882","p1":"Opjqy","p2":"I'm back from mars","format":"gen7ou","log":"|j|Opjqy\n|j|I'm back from mars\n|player|p1|Opjqy|17\n|teamsize|p1|6\n|player|p2|I'm back from mars|128\n|teamsize|p2|6\n|gametype|singles\n|gen|7\n|tier|[Gen 7] OU\n|rated\n|seed|9238,59512,33001,38244\n|clearpoke\n|poke|p1|Aerodactyl, M|item\n|poke|p1|Zygarde|item\n|poke|p1|Dugtrio, M|item\n|poke|p1|Greninja, F|item\n|poke|p1|Alakazam, M|item\n|poke|p1|Magearna|item\n|poke|p2|Heracross, F|item\n|poke|p2|Muk-Alola, F|item\n|poke|p2|Zapdos|item\n|poke|p2|Hippowdon, M|item\n|poke|p2|Toxapex, M|item\n|poke|p2|Cresselia, F|item\n|rule|Baton Pass Clause: Limit one Baton Passer, can't pass Spe and other stats simultaneously\n|rule|Sleep Clause Mod: Limit one foe put to sleep\n|rule|Species Clause: Limit one of each Pok\u00e9mon\n|rule|OHKO Clause: OHKO moves are banned\n|rule|Moody Clause: Moody is banned\n|rule|Evasion Moves Clause: Evasion moves are banned\n|rule|Endless Battle Clause: Forcing endless battles is banned\n|rule|HP Percentage Mod: HP is shown in percentages\n|teampreview\n|inactive|Battle timer is ON: inactive players will automatically lose when time's up. (requested by Opjqy)\n|choice|team 1, team 2, team 3, team 4, team 5, team 6|team 6, team 2, team 3, team 4, team 5, team 1\n|\n|start\n|switch|p1a: Aerodactyl|Aerodactyl, M|302\/302\n|switch|p2a: Cresselia|Cresselia, F|444\/444\n|-ability|p1a: Aerodactyl|Pressure\n|turn|1\n|j|the412gang!\n|choice|move taunt|move icebeam\n|\n|move|p1a: Aerodactyl|Taunt|p2a: Cresselia\n|-start|p2a: Cresselia|move: Taunt\n|move|p2a: Cresselia|Ice Beam|p1a: Aerodactyl\n|-supereffective|p1a: Aerodactyl\n|-damage|p1a: Aerodactyl|196\/302\n|\n|upkeep\n|turn|2\n|choice|move stealthrock|move icebeam\n|\n|move|p1a: Aerodactyl|Stealth Rock|p2a: Cresselia\n|-sidestart|p2: I'm back from mars|move: Stealth Rock\n|move|p2a: Cresselia|Ice Beam|p1a: Aerodactyl\n|-supereffective|p1a: Aerodactyl\n|-damage|p1a: Aerodactyl|92\/302\n|\n|upkeep\n|turn|3\n|choice|move tailwind|move icebeam\n|\n|move|p1a: Aerodactyl|Tailwind|p1a: Aerodactyl\n|-sidestart|p1: Opjqy|move: Tailwind\n|move|p2a: Cresselia|Ice Beam|p1a: Aerodactyl\n|-supereffective|p1a: Aerodactyl\n|-damage|p1a: Aerodactyl|0 fnt\n|faint|p1a: Aerodactyl\n|\n|-end|p2a: Cresselia|move: Taunt\n|upkeep\n|choice|switch 6|\n|\n|switch|p1a: Magearna|Magearna|323\/323\n|turn|4\n|choice|move fleurcannon|switch 4\n|\n|switch|p2a: Hippowdon|Hippowdon, M|420\/420\n|-damage|p2a: Hippowdon|394\/420|[from] stealthrock\n|move|p1a: Magearna|Fleur Cannon|p2a: Hippowdon\n|-damage|p2a: Hippowdon|96\/420\n|-unboost|p1a: Magearna|spa|2\n|\n|-heal|p2a: Hippowdon|122\/420|[from] item: Leftovers\n|upkeep\n|turn|5\n|choice|move fleurcannon|move slackoff\n|\n|move|p1a: Magearna|Fleur Cannon|p2a: Hippowdon\n|-damage|p2a: Hippowdon|0 fnt\n|-unboost|p1a: Magearna|spa|2\n|faint|p2a: Hippowdon\n|-ability|p1a: Magearna|Soul-Heart|boost\n|-boost|p1a: Magearna|spa|1\n|\n|upkeep\n|choice||switch 5\n|\n|switch|p2a: Toxapex|Toxapex, M|304\/304\n|-damage|p2a: Toxapex|266\/304|[from] stealthrock\n|turn|6\n|choice|switch 2|move toxicspikes\n|\n|switch|p1a: Zygarde|Zygarde|420\/420\n|-ability|p1a: Zygarde|Aura Break\n|move|p2a: Toxapex|Toxic Spikes|p1a: Zygarde\n|-sidestart|p1: Opjqy|move: Toxic Spikes\n|\n|-heal|p2a: Toxapex|285\/304|[from] item: Black Sludge\n|-sideend|p1: Opjqy|move: Tailwind\n|upkeep\n|turn|7\n|j|Jump K\n|choice|move substitute|move toxicspikes\n|\n|move|p1a: Zygarde|Substitute|p1a: Zygarde\n|-start|p1a: Zygarde|Substitute\n|-damage|p1a: Zygarde|315\/420\n|move|p2a: Toxapex|Toxic Spikes|p1a: Zygarde\n|-sidestart|p1: Opjqy|move: Toxic Spikes\n|\n|-heal|p1a: Zygarde|341\/420|[from] item: Leftovers\n|-heal|p2a: Toxapex|304\/304|[from] item: Black Sludge\n|upkeep\n|turn|8\n|l|Jump K\n|choice|move coil|move haze\n|\n|move|p1a: Zygarde|Coil|p1a: Zygarde\n|-boost|p1a: Zygarde|atk|1\n|-boost|p1a: Zygarde|def|1\n|-boost|p1a: Zygarde|accuracy|1\n|move|p2a: Toxapex|Haze|p2a: Toxapex\n|-clearallboost\n|\n|-heal|p1a: Zygarde|367\/420|[from] item: Leftovers\n|upkeep\n|turn|9\n|choice|move coil|switch 4\n|\n|switch|p2a: Cresselia|Cresselia, F|444\/444\n|-damage|p2a: Cresselia|389\/444|[from] stealthrock\n|move|p1a: Zygarde|Coil|p1a: Zygarde\n|-boost|p1a: Zygarde|atk|1\n|-boost|p1a: Zygarde|def|1\n|-boost|p1a: Zygarde|accuracy|1\n|\n|-heal|p1a: Zygarde|393\/420|[from] item: Leftovers\n|-heal|p2a: Cresselia|416\/444|[from] item: Leftovers\n|upkeep\n|turn|10\n|choice|move thousandarrows|move icebeam\n|\n|move|p1a: Zygarde|Thousand Arrows|p2a: Cresselia\n|-damage|p2a: Cresselia|275\/444\n|-start|p2a: Cresselia|Smack Down\n|move|p2a: Cresselia|Ice Beam|p1a: Zygarde\n|-supereffective|p1a: Zygarde\n|-end|p1a: Zygarde|Substitute\n|\n|-heal|p1a: Zygarde|419\/420|[from] item: Leftovers\n|-heal|p2a: Cresselia|302\/444|[from] item: Leftovers\n|upkeep\n|turn|11\n|j|popoling\n|choice|move substitute|move moonlight\n|\n|move|p1a: Zygarde|Substitute|p1a: Zygarde\n|-start|p1a: Zygarde|Substitute\n|-damage|p1a: Zygarde|314\/420\n|move|p2a: Cresselia|Moonlight|p2a: Cresselia\n|-heal|p2a: Cresselia|444\/444\n|\n|-heal|p1a: Zygarde|340\/420|[from] item: Leftovers\n|upkeep\n|turn|12\n|choice|move thousandarrows|move icebeam\n|\n|move|p1a: Zygarde|Thousand Arrows|p2a: Cresselia\n|-damage|p2a: Cresselia|305\/444\n|move|p2a: Cresselia|Ice Beam|p1a: Zygarde\n|-supereffective|p1a: Zygarde\n|-end|p1a: Zygarde|Substitute\n|\n|-heal|p1a: Zygarde|366\/420|[from] item: Leftovers\n|-heal|p2a: Cresselia|332\/444|[from] item: Leftovers\n|upkeep\n|turn|13\n|l|the412gang!\n|choice|move coil|move icebeam\n|\n|move|p1a: Zygarde|Coil|p1a: Zygarde\n|-boost|p1a: Zygarde|atk|1\n|-boost|p1a: Zygarde|def|1\n|-boost|p1a: Zygarde|accuracy|1\n|move|p2a: Cresselia|Ice Beam|p1a: Zygarde\n|-supereffective|p1a: Zygarde\n|-crit|p1a: Zygarde\n|-damage|p1a: Zygarde|10\/420\n|\n|-heal|p1a: Zygarde|36\/420|[from] item: Leftovers\n|-heal|p2a: Cresselia|359\/444|[from] item: Leftovers\n|upkeep\n|turn|14\n|choice|move thousandarrows|move icebeam\n|\n|move|p1a: Zygarde|Thousand Arrows|p2a: Cresselia\n|-damage|p2a: Cresselia|167\/444\n|move|p2a: Cresselia|Ice Beam|p1a: Zygarde\n|-supereffective|p1a: Zygarde\n|-damage|p1a: Zygarde|0 fnt\n|faint|p1a: Zygarde\n|\n|-heal|p2a: Cresselia|194\/444|[from] item: Leftovers\n|upkeep\n|j|jaylyfe\n|l|jaylyfe\n|choice|switch 2|\n|\n|switch|p1a: Magearna|Magearna|323\/323\n|turn|15\n|choice|move fleurcannon|move moonlight\n|\n|move|p1a: Magearna|Fleur Cannon|p2a: Cresselia\n|-damage|p2a: Cresselia|0 fnt\n|-unboost|p1a: Magearna|spa|2\n|faint|p2a: Cresselia\n|-ability|p1a: Magearna|Soul-Heart|boost\n|-boost|p1a: Magearna|spa|1\n|\n|upkeep\n|choice||switch 3\n|\n|switch|p2a: Zapdos|Zapdos|382\/382\n|-damage|p2a: Zapdos|287\/382|[from] stealthrock\n|-ability|p2a: Zapdos|Pressure\n|turn|16\n|choice|switch 4|move discharge\n|\n|switch|p1a: Greninja|Greninja, F|285\/285\n|-status|p1a: Greninja|tox\n|move|p2a: Zapdos|Discharge|p1a: Greninja\n|-supereffective|p1a: Greninja\n|-damage|p1a: Greninja|0 fnt\n|faint|p1a: Greninja\n|\n|-heal|p2a: Zapdos|310\/382|[from] item: Leftovers\n|upkeep\n|choice|switch 5|\n|\n|switch|p1a: Alakazam|Alakazam, M|251\/251\n|-status|p1a: Alakazam|tox\n|turn|17\n|choice|move calmmind|move roost\n|\n|move|p1a: Alakazam|Calm Mind|p1a: Alakazam\n|-boost|p1a: Alakazam|spa|1\n|-boost|p1a: Alakazam|spd|1\n|move|p2a: Zapdos|Roost|p2a: Zapdos\n|-heal|p2a: Zapdos|382\/382\n|\n|upkeep\n|turn|18\n|choice|move psychic mega|switch 4\n|\n|switch|p2a: Toxapex|Toxapex, M|304\/304\n|-damage|p2a: Toxapex|266\/304|[from] stealthrock\n|detailschange|p1a: Alakazam|Alakazam-Mega, M\n|-mega|p1a: Alakazam|Alakazam|Alakazite\n|-ability|p1a: Alakazam|Regenerator|[from] ability: Trace|[of] p2a: Toxapex\n|move|p1a: Alakazam|Psychic|p2a: Toxapex\n|-supereffective|p2a: Toxapex\n|-damage|p2a: Toxapex|0 fnt\n|faint|p2a: Toxapex\n|\n|-damage|p1a: Alakazam|221\/251 tox|[from] psn\n|upkeep\n|choice||switch 2\n|\n|switch|p2a: Muk|Muk-Alola, F|414\/414\n|-damage|p2a: Muk|363\/414|[from] stealthrock\n|turn|19\n|choice|move dazzlinggleam|move pursuit\n|\n|move|p1a: Alakazam|Dazzling Gleam|p2a: Muk\n|-damage|p2a: Muk|250\/414\n|move|p2a: Muk|Pursuit|p1a: Alakazam\n|-supereffective|p1a: Alakazam\n|-damage|p1a: Alakazam|35\/251 tox\n|\n|-damage|p1a: Alakazam|0 fnt|[from] psn\n|upkeep\n|faint|p1a: Alakazam\n|choice|switch 3|\n|\n|switch|p1a: Dugtrio|Dugtrio, M|212\/212\n|-status|p1a: Dugtrio|tox\n|turn|20\n|choice|move earthquake|move shadowsneak\n|\n|move|p2a: Muk|Shadow Sneak|p1a: Dugtrio\n|-damage|p1a: Dugtrio|132\/212 tox\n|move|p1a: Dugtrio|Earthquake|p2a: Muk\n|-supereffective|p2a: Muk\n|-damage|p2a: Muk|0 fnt\n|faint|p2a: Muk\n|\n|-damage|p1a: Dugtrio|119\/212 tox|[from] psn\n|upkeep\n|choice||switch 6\n|\n|switch|p2a: Heracross|Heracross, F|332\/332\n|-damage|p2a: Heracross|291\/332|[from] stealthrock\n|turn|21\n|j|xxyzg\n|choice|move memento|move swordsdance mega\n|\n|detailschange|p2a: Heracross|Heracross-Mega, F\n|-mega|p2a: Heracross|Heracross|Heracronite\n|move|p1a: Dugtrio|Memento|p2a: Heracross\n|-unboost|p2a: Heracross|atk|2\n|-unboost|p2a: Heracross|spa|2\n|faint|p1a: Dugtrio\n|move|p2a: Heracross|Swords Dance|p2a: Heracross\n|-boost|p2a: Heracross|atk|2\n|\n|upkeep\n|choice|switch 4|\n|\n|switch|p1a: Magearna|Magearna|323\/323\n|turn|22\n|j|MowiFisherman\n|choice|move shiftgear|move earthquake\n|\n|move|p2a: Heracross|Earthquake|p1a: Magearna\n|-supereffective|p1a: Magearna\n|-damage|p1a: Magearna|0 fnt\n|faint|p1a: Magearna\n|\n|win|I'm back from mars\n|l|Opjqy\n|raw|Opjqy's rating: 1763 &rarr; <strong>1741<\/strong><br \/>(-22 for losing)\n|raw|I&apos;m back from mars's rating: 1725 &rarr; <strong>1747<\/strong><br \/>(+22 for winning)\n|l|MowiFisherman","inputlog":null,"uploadtime":1495204496,"views":20,"p1id":"opjqy","p2id":"imbackfrommars","formatid":"gen7ou","rating":1741,"private":0,"password":null}