{"id":"gen7randombattle-831657427","p1":"Scolopendre","p2":"wolfwarrior","format":"gen7randombattle","log":"|j|\u2606Scolopendre\n|j|\u2606wolfwarrior\n|player|p1|Scolopendre|1\n|player|p2|wolfwarrior|162\n|teamsize|p1|6\n|teamsize|p2|6\n|gametype|singles\n|gen|7\n|tier|[Gen 7] Random Battle\n|rated|\n|seed|38093,24371,58611,21126\n|rule|Sleep Clause Mod: Limit one foe put to sleep\n|rule|HP Percentage Mod: HP is shown in percentages\n|\n|start\n|switch|p1a: Magearna|Magearna, L75|244\/244\n|switch|p2a: Pinsir|Pinsir, L75, F|221\/221\n|turn|1\n|inactive|Battle timer is ON: inactive players will automatically lose when time's up. (requested by wolfwarrior)\n|\n|switch|p2a: Silvally|Silvally-Psychic, L83|293\/293\n|switch|p1a: Garbodor|Garbodor, L81, F|262\/262\n|\n|upkeep\n|turn|2\n|\n|switch|p1a: Magearna|Magearna, L75|244\/244\n|move|p2a: Silvally|Multi-Attack|p1a: Magearna\n|-resisted|p1a: Magearna\n|-damage|p1a: Magearna|203\/244\n|\n|-heal|p1a: Magearna|218\/244|[from] item: Leftovers\n|upkeep\n|turn|3\n|\n|switch|p1a: Milotic|Milotic, L79, F|280\/280\n|move|p2a: Silvally|Flamethrower|p1a: Milotic\n|-resisted|p1a: Milotic\n|-damage|p1a: Milotic|255\/280\n|\n|-heal|p1a: Milotic|272\/280|[from] item: Leftovers\n|upkeep\n|turn|4\n|\n|move|p2a: Silvally|Parting Shot|p1a: Milotic\n|-unboost|p1a: Milotic|atk|1\n|-ability|p1a: Milotic|Competitive|boost\n|-boost|p1a: Milotic|spa|2\n|-unboost|p1a: Milotic|spa|1\n|-ability|p1a: Milotic|Competitive|boost\n|-boost|p1a: Milotic|spa|2\n|\n|switch|p2a: Simisage|Simisage, L83, M|260\/260|[from]move: Parting Shot\n|move|p1a: Milotic|Toxic|p2a: Simisage|[miss]\n|-miss|p1a: Milotic|p2a: Simisage\n|\n|-heal|p1a: Milotic|280\/280|[from] item: Leftovers\n|upkeep\n|turn|5\n|\n|switch|p1a: Garbodor|Garbodor, L81, F|262\/262\n|move|p2a: Simisage|Leaf Storm|p1a: Garbodor|[miss]\n|-miss|p2a: Simisage|p1a: Garbodor\n|\n|upkeep\n|turn|6\n|\n|switch|p2a: Latias|Latias, L77, F|250\/250\n|move|p1a: Garbodor|Toxic Spikes|p2a: Latias\n|-sidestart|p2: wolfwarrior|move: Toxic Spikes\n|\n|upkeep\n|turn|7\n|\n|switch|p1a: Magearna|Magearna, L75|218\/244\n|move|p2a: Latias|Psyshock|p1a: Magearna\n|-resisted|p1a: Magearna\n|-damage|p1a: Magearna|178\/244\n|\n|-heal|p1a: Magearna|193\/244|[from] item: Leftovers\n|upkeep\n|turn|8\n|\n|switch|p2a: Silvally|Silvally-Psychic, L83|293\/293\n|-status|p2a: Silvally|psn\n|move|p1a: Magearna|Flash Cannon|p2a: Silvally\n|-damage|p2a: Silvally|208\/293 psn\n|\n|-heal|p1a: Magearna|208\/244|[from] item: Leftovers\n|-damage|p2a: Silvally|172\/293 psn|[from] psn\n|upkeep\n|turn|9\n|\n|switch|p1a: Milotic|Milotic, L79, F|280\/280\n|move|p2a: Silvally|Multi-Attack|p1a: Milotic\n|-damage|p1a: Milotic|169\/280\n|\n|-heal|p1a: Milotic|186\/280|[from] item: Leftovers\n|-damage|p2a: Silvally|136\/293 psn|[from] psn\n|upkeep\n|turn|10\n|\n|move|p2a: Silvally|Multi-Attack|p1a: Milotic\n|-damage|p1a: Milotic|80\/280\n|move|p1a: Milotic|Recover|p1a: Milotic\n|-heal|p1a: Milotic|220\/280\n|\n|-heal|p1a: Milotic|237\/280|[from] item: Leftovers\n|-damage|p2a: Silvally|100\/293 psn|[from] psn\n|upkeep\n|turn|11\n|\n|switch|p2a: Zapdos|Zapdos, L75|259\/259\n|move|p1a: Milotic|Dragon Tail|p2a: Zapdos\n|-damage|p2a: Zapdos|230\/259\n|drag|p2a: Simisage|Simisage, L83, M|260\/260\n|-status|p2a: Simisage|psn\n|\n|-heal|p1a: Milotic|254\/280|[from] item: Leftovers\n|-damage|p2a: Simisage|228\/260 psn|[from] psn\n|upkeep\n|turn|12\n|\n|switch|p1a: Garbodor|Garbodor, L81, F|262\/262\n|move|p2a: Simisage|Knock Off|p1a: Garbodor\n|-damage|p1a: Garbodor|190\/262\n|-enditem|p1a: Garbodor|Black Sludge|[from] move: Knock Off|[of] p2a: Simisage\n|\n|-damage|p2a: Simisage|196\/260 psn|[from] psn\n|upkeep\n|turn|13\n|\n|move|p2a: Simisage|Hidden Power|p1a: Garbodor\n|-damage|p1a: Garbodor|142\/262\n|move|p1a: Garbodor|Gunk Shot|p2a: Simisage\n|-supereffective|p2a: Simisage\n|-damage|p2a: Simisage|0 fnt\n|faint|p2a: Simisage\n|\n|upkeep\n|\n|switch|p2a: Zygarde|Zygarde-10%, L79|215\/215\n|-status|p2a: Zygarde|psn\n|-ability|p2a: Zygarde|Aura Break\n|-enditem|p2a: Zygarde|Lum Berry|[eat]\n|-curestatus|p2a: Zygarde|psn|[msg]\n|turn|14\n|\n|move|p2a: Zygarde|Dragon Dance|p2a: Zygarde\n|-boost|p2a: Zygarde|atk|1\n|-boost|p2a: Zygarde|spe|1\n|move|p1a: Garbodor|Toxic|p2a: Zygarde\n|-status|p2a: Zygarde|tox\n|\n|-damage|p2a: Zygarde|202\/215 tox|[from] psn\n|upkeep\n|turn|15\n|\n|move|p2a: Zygarde|Thousand Arrows|p1a: Garbodor\n|-supereffective|p1a: Garbodor\n|-damage|p1a: Garbodor|0 fnt\n|faint|p1a: Garbodor\n|\n|-damage|p2a: Zygarde|176\/215 tox|[from] psn\n|upkeep\n|\n|switch|p1a: Milotic|Milotic, L79, F|254\/280\n|turn|16\n|\n|move|p2a: Zygarde|Thousand Arrows|p1a: Milotic\n|-damage|p1a: Milotic|100\/280\n|move|p1a: Milotic|Dragon Tail|p2a: Zygarde\n|-supereffective|p2a: Zygarde\n|-damage|p2a: Zygarde|114\/215 tox\n|drag|p2a: Silvally|Silvally-Psychic, L83|100\/293 psn\n|\n|-heal|p1a: Milotic|117\/280|[from] item: Leftovers\n|-damage|p2a: Silvally|64\/293 psn|[from] psn\n|upkeep\n|turn|17\n|\n|switch|p2a: Zapdos|Zapdos, L75|230\/259\n|move|p1a: Milotic|Recover|p1a: Milotic\n|-heal|p1a: Milotic|257\/280\n|\n|-heal|p1a: Milotic|274\/280|[from] item: Leftovers\n|upkeep\n|turn|18\n|\n|switch|p1a: Furret|Furret, L83, F|277\/277\n|move|p2a: Zapdos|U-turn|p1a: Furret\n|-damage|p1a: Furret|219\/277\n|-damage|p2a: Zapdos|205\/259|[from] item: Life Orb\n|\n|switch|p2a: Latias|Latias, L77, F|250\/250|[from]move: U-turn\n|\n|upkeep\n|turn|19\n|\n|switch|p1a: Magearna|Magearna, L75|208\/244\n|move|p2a: Latias|Draco Meteor|p1a: Magearna\n|-immune|p1a: Magearna|[msg]\n|\n|-heal|p1a: Magearna|223\/244|[from] item: Leftovers\n|upkeep\n|turn|20\n|\n|switch|p2a: Silvally|Silvally-Psychic, L83|64\/293 psn\n|move|p1a: Magearna|Shift Gear|p1a: Magearna\n|-boost|p1a: Magearna|spe|2\n|-boost|p1a: Magearna|atk|1\n|\n|-heal|p1a: Magearna|238\/244|[from] item: Leftovers\n|-damage|p2a: Silvally|28\/293 psn|[from] psn\n|upkeep\n|turn|21\n|\n|move|p1a: Magearna|Iron Head|p2a: Silvally\n|-damage|p2a: Silvally|0 fnt\n|faint|p2a: Silvally\n|-ability|p1a: Magearna|Soul-Heart|boost\n|-boost|p1a: Magearna|spa|1\n|\n|-heal|p1a: Magearna|244\/244|[from] item: Leftovers\n|upkeep\n|-message|wolfwarrior forfeited.\n|\n|win|Scolopendre\n|l|\u2606wolfwarrior\n|raw|Scolopendre's rating: 1868 &rarr; <strong>1887<\/strong><br \/>(+19 for winning)\n|raw|wolfwarrior's rating: 1858 &rarr; <strong>1839<\/strong><br \/>(-19 for losing)\n","inputlog":">version 5fe80694a7981c63b98a7fa0364960a957608332\n>start {\"formatid\":\"gen7randombattle\",\"seed\":[38093,24371,58611,21126],\"rated\":\"Rated battle\"}\n>player p1 {\"name\":\"Scolopendre\",\"avatar\":\"1\",\"team\":\"\"}\n>player p2 {\"name\":\"wolfwarrior\",\"avatar\":\"162\",\"team\":\"\"}\n>p1 switch 4\n>p2 switch 4\n>p1 switch 4\n>p2 move multiattack\n>p1 switch 5\n>p2 move flamethrower\n>p1 move toxic\n>p2 move partingshot\n>p2 switch 2\n>p1 switch 4\n>p2 move leafstorm\n>p1 move toxicspikes\n>p2 switch 3\n>p1 switch 5\n>p2 move psyshock\n>p1 move flashcannon\n>p2 switch 2\n>p1 switch 4\n>p2 move multiattack\n>p1 move recover\n>p2 move multiattack\n>p1 move dragontail\n>p2 switch 5\n>p1 switch 5\n>p2 move knockoff\n>p1 move gunkshot\n>p2 move hiddenpower\n>p2 switch 6\n>p1 move toxic\n>p2 move dragondance\n>p1 move haze\n>p2 move thousandarrows\n>p1 switch 5\n>p1 move dragontail\n>p2 move thousandarrows\n>p1 move recover\n>p2 switch 3\n>p1 switch 2\n>p2 move uturn\n>p2 switch 2\n>p1 switch 4\n>p2 move dracometeor\n>p1 move shiftgear\n>p2 switch 3\n>p1 move ironhead\n>p2 move flamethrower","uploadtime":1541551709,"views":1,"p1id":"scolopendre","p2id":"wolfwarrior","formatid":"gen7randombattle","rating":1839,"private":0,"password":null}