{"id":"gen7ou-854070516","p1":"Kaylss","p2":"Proftreez","format":"gen7ou","log":"|raw|<div class=\"broadcast-red\"><strong>This battle is invite-only!<\/strong><br \/>Users must be rank + or invited with <code>\/invite<\/code> to join<\/div>\n|j|\u2606Kaylss\n|j|\u2606Proftreez\n|player|p1|Kaylss|138\n|player|p2|Proftreez|174\n|teamsize|p1|6\n|teamsize|p2|6\n|gametype|singles\n|gen|7\n|tier|[Gen 7] OU\n|rated|\n|rule|Sleep Clause Mod: Limit one foe put to sleep\n|rule|Species Clause: Limit one of each Pok\u00e9mon\n|rule|OHKO Clause: OHKO moves are banned\n|rule|Moody Clause: Moody is banned\n|rule|Evasion Moves Clause: Evasion moves are banned\n|rule|Endless Battle Clause: Forcing endless battles is banned\n|rule|HP Percentage Mod: HP is shown in percentages\n|clearpoke\n|poke|p1|Lopunny, F|item\n|poke|p1|Magearna|item\n|poke|p1|Landorus-Therian, M|item\n|poke|p1|Zygarde-10%|item\n|poke|p1|Greninja, M|item\n|poke|p1|Tornadus-Therian, M|item\n|poke|p2|Altaria, F|item\n|poke|p2|Mew|item\n|poke|p2|Kommo-o, M|item\n|poke|p2|Alomomola, F|item\n|poke|p2|Celesteela|item\n|poke|p2|Clefable, F|item\n|teampreview\n|\n|start\n|switch|p1a: Tornadus|Tornadus-Therian, M|100\/100\n|switch|p2a: Jenga|Kommo-o, M|100\/100\n|turn|1\n|\n|switch|p2a: Regina Nubibus|Altaria, F|100\/100\n|move|p1a: Tornadus|Taunt|p2a: Regina Nubibus\n|-start|p2a: Regina Nubibus|move: Taunt\n|\n|upkeep\n|turn|2\n|\n|move|p1a: Tornadus|Hurricane|p2a: Regina Nubibus\n|-damage|p2a: Regina Nubibus|69\/100\n|move|p2a: Regina Nubibus|Hyper Voice|p1a: Tornadus\n|-damage|p1a: Tornadus|86\/100\n|\n|upkeep\n|turn|3\n|\n|switch|p2a: Sushi|Alomomola, F|100\/100\n|move|p1a: Tornadus|Hurricane|p2a: Sushi|[miss]\n|-miss|p1a: Tornadus|p2a: Sushi\n|\n|upkeep\n|turn|4\n|\n|move|p2a: Sushi|Protect|p2a: Sushi\n|-singleturn|p2a: Sushi|Protect\n|move|p1a: Tornadus|Taunt|p2a: Sushi\n|-activate|p2a: Sushi|move: Protect\n|\n|upkeep\n|turn|5\n|\n|move|p1a: Tornadus|Taunt|p2a: Sushi\n|-start|p2a: Sushi|move: Taunt\n|move|p2a: Sushi|Scald|p1a: Tornadus\n|-damage|p1a: Tornadus|72\/100\n|-status|p1a: Tornadus|brn\n|\n|-damage|p1a: Tornadus|66\/100 brn|[from] brn\n|upkeep\n|turn|6\n|\n|move|p1a: Tornadus|Knock Off|p2a: Sushi\n|-damage|p2a: Sushi|95\/100\n|-damage|p1a: Tornadus|50\/100 brn|[from] item: Rocky Helmet|[of] p2a: Sushi\n|-enditem|p2a: Sushi|Rocky Helmet|[from] move: Knock Off|[of] p1a: Tornadus\n|move|p2a: Sushi|Scald|p1a: Tornadus\n|-damage|p1a: Tornadus|34\/100 brn\n|\n|-damage|p1a: Tornadus|28\/100 brn|[from] brn\n|upkeep\n|turn|7\n|\n|switch|p1a: Magearna|Magearna|100\/100\n|move|p2a: Sushi|Scald|p1a: Magearna\n|-damage|p1a: Magearna|94\/100\n|\n|-end|p2a: Sushi|move: Taunt\n|upkeep\n|turn|8\n|\n|switch|p2a: Celesteela|Celesteela|100\/100\n|move|p1a: Magearna|Volt Switch|p2a: Celesteela\n|-supereffective|p2a: Celesteela\n|-damage|p2a: Celesteela|75\/100\n|\n|switch|p1a: Zygarde|Zygarde-10%|100\/100\n|-ability|p1a: Zygarde|Aura Break\n|\n|-heal|p2a: Celesteela|81\/100|[from] item: Leftovers\n|upkeep\n|turn|9\n|\n|move|p2a: Celesteela|Protect|p2a: Celesteela\n|-singleturn|p2a: Celesteela|Protect\n|move|p1a: Zygarde|Thousand Arrows|p2a: Celesteela\n|-activate|p2a: Celesteela|move: Protect\n|\n|-heal|p2a: Celesteela|87\/100|[from] item: Leftovers\n|upkeep\n|turn|10\n|\n|move|p1a: Zygarde|Thousand Arrows|p2a: Celesteela\n|-damage|p2a: Celesteela|37\/100\n|-start|p2a: Celesteela|Smack Down\n|move|p2a: Celesteela|Leech Seed|p1a: Zygarde\n|-start|p1a: Zygarde|move: Leech Seed\n|\n|-heal|p2a: Celesteela|43\/100|[from] item: Leftovers\n|-damage|p1a: Zygarde|88\/100|[from] Leech Seed|[of] p2a: Celesteela\n|-heal|p2a: Celesteela|50\/100|[silent]\n|upkeep\n|turn|11\n|\n|switch|p1a: Landorus|Landorus-Therian, M|100\/100\n|-ability|p1a: Landorus|Intimidate|boost\n|-unboost|p2a: Celesteela|atk|1\n|move|p2a: Celesteela|Protect||[still]\n|-fail|p2a: Celesteela\n|\n|-heal|p2a: Celesteela|56\/100|[from] item: Leftovers\n|upkeep\n|turn|12\n|\n|move|p2a: Celesteela|Protect|p2a: Celesteela\n|-singleturn|p2a: Celesteela|Protect\n|move|p1a: Landorus|Stealth Rock|p2a: Celesteela\n|-sidestart|p2: Proftreez|move: Stealth Rock\n|\n|-heal|p2a: Celesteela|62\/100|[from] item: Leftovers\n|upkeep\n|turn|13\n|c|\u2606Proftreez|Lol\n|\n|switch|p2a: Sushi|Alomomola, F|100\/100\n|-damage|p2a: Sushi|88\/100|[from] Stealth Rock\n|move|p1a: Landorus|Earthquake|p2a: Sushi\n|-damage|p2a: Sushi|59\/100\n|\n|upkeep\n|turn|14\n|\n|switch|p1a: Tornadus|Tornadus-Therian, M|61\/100 brn\n|move|p2a: Sushi|Wish|p2a: Sushi\n|\n|-damage|p1a: Tornadus|55\/100 brn|[from] brn\n|upkeep\n|turn|15\n|\n|switch|p2a: Celesteela|Celesteela|62\/100\n|-damage|p2a: Celesteela|50\/100|[from] Stealth Rock\n|move|p1a: Tornadus|Knock Off|p2a: Celesteela\n|-damage|p2a: Celesteela|42\/100\n|-enditem|p2a: Celesteela|Leftovers|[from] move: Knock Off|[of] p1a: Tornadus\n|\n|-heal|p2a: Celesteela|100\/100|[from] move: Wish|[wisher] Sushi\n|-damage|p1a: Tornadus|49\/100 brn|[from] brn\n|upkeep\n|turn|16\n|\n|switch|p1a: Landorus|Landorus-Therian, M|100\/100\n|-ability|p1a: Landorus|Intimidate|boost\n|-unboost|p2a: Celesteela|atk|1\n|move|p2a: Celesteela|Heavy Slam|p1a: Landorus\n|-crit|p1a: Landorus\n|-damage|p1a: Landorus|36\/100\n|\n|upkeep\n|turn|17\n|\n|switch|p1a: Tornadus|Tornadus-Therian, M|82\/100 brn\n|move|p2a: Celesteela|Leech Seed|p1a: Tornadus\n|-start|p1a: Tornadus|move: Leech Seed\n|\n|-damage|p1a: Tornadus|70\/100 brn|[from] Leech Seed|[of] p2a: Celesteela\n|-damage|p1a: Tornadus|64\/100 brn|[from] brn\n|upkeep\n|turn|18\n|\n|move|p1a: Tornadus|Taunt|p2a: Celesteela\n|-start|p2a: Celesteela|move: Taunt\n|move|p2a: Celesteela|Heavy Slam|p1a: Tornadus\n|-damage|p1a: Tornadus|36\/100 brn\n|-damage|p2a: Celesteela|84\/100|[from] item: Rocky Helmet|[of] p1a: Tornadus\n|\n|-damage|p1a: Tornadus|24\/100 brn|[from] Leech Seed|[of] p2a: Celesteela\n|-heal|p2a: Celesteela|95\/100|[silent]\n|-damage|p1a: Tornadus|18\/100 brn|[from] brn\n|upkeep\n|turn|19\n|\n|switch|p1a: Greninja|Greninja, M|100\/100\n|move|p2a: Celesteela|Heavy Slam|p1a: Greninja\n|-resisted|p1a: Greninja\n|-damage|p1a: Greninja|77\/100\n|\n|upkeep\n|turn|20\n|\n|switch|p2a: Sushi|Alomomola, F|93\/100\n|-damage|p2a: Sushi|80\/100|[from] Stealth Rock\n|move|p1a: Greninja|Dark Pulse|p2a: Sushi\n|-damage|p2a: Sushi|7\/100\n|\n|upkeep\n|turn|21\n|\n|switch|p1a: Magearna|Magearna|94\/100\n|switch|p2a: Treble|Clefable, F|100\/100\n|-damage|p2a: Treble|88\/100|[from] Stealth Rock\n|\n|-heal|p2a: Treble|94\/100|[from] item: Leftovers\n|upkeep\n|turn|22\n|\n|move|p1a: Magearna|Volt Switch|p2a: Treble\n|-damage|p2a: Treble|73\/100\n|\n|switch|p1a: Landorus|Landorus-Therian, M|36\/100\n|-ability|p1a: Landorus|Intimidate|boost\n|-unboost|p2a: Treble|atk|1\n|move|p2a: Treble|Wish|p2a: Treble\n|\n|-heal|p2a: Treble|79\/100|[from] item: Leftovers\n|upkeep\n|turn|23\n|\n|move|p1a: Landorus|Earthquake|p2a: Treble\n|-damage|p2a: Treble|42\/100\n|move|p2a: Treble|Moonblast|p1a: Landorus\n|-damage|p1a: Landorus|5\/100\n|\n|-heal|p2a: Treble|92\/100|[from] move: Wish|[wisher] Treble\n|-heal|p2a: Treble|98\/100|[from] item: Leftovers\n|upkeep\n|turn|24\n|\n|switch|p1a: Magearna|Magearna|94\/100\n|move|p2a: Treble|Wish|p2a: Treble\n|\n|-heal|p2a: Treble|100\/100|[from] item: Leftovers\n|upkeep\n|turn|25\n|\n|switch|p2a: Neon Cat|Mew|100\/100\n|-damage|p2a: Neon Cat|88\/100|[from] Stealth Rock\n|move|p1a: Magearna|Flash Cannon|p2a: Neon Cat\n|-damage|p2a: Neon Cat|60\/100\n|\n|-heal|p2a: Neon Cat|100\/100|[from] move: Wish|[wisher] Treble\n|upkeep\n|turn|26\n|\n|move|p2a: Neon Cat|Will-O-Wisp|p1a: Magearna\n|-status|p1a: Magearna|brn\n|move|p1a: Magearna|Volt Switch|p2a: Neon Cat\n|-damage|p2a: Neon Cat|82\/100\n|\n|switch|p1a: Greninja|Greninja, M|77\/100\n|\n|-heal|p2a: Neon Cat|88\/100|[from] item: Leftovers\n|upkeep\n|turn|27\n|\n|switch|p2a: Treble|Clefable, F|100\/100\n|-damage|p2a: Treble|88\/100|[from] Stealth Rock\n|move|p1a: Greninja|Surf|p2a: Treble\n|-damage|p2a: Treble|29\/100\n|\n|-heal|p2a: Treble|36\/100|[from] item: Leftovers\n|upkeep\n|turn|28\n|\n|switch|p2a: Regina Nubibus|Altaria, F|69\/100\n|-damage|p2a: Regina Nubibus|44\/100|[from] Stealth Rock\n|move|p1a: Greninja|Surf|p2a: Regina Nubibus\n|-resisted|p2a: Regina Nubibus\n|-damage|p2a: Regina Nubibus|17\/100\n|\n|upkeep\n|turn|29\n|\n|switch|p2a: Jenga|Kommo-o, M|100\/100\n|-damage|p2a: Jenga|94\/100|[from] Stealth Rock\n|move|p1a: Greninja|Surf|p2a: Jenga\n|-resisted|p2a: Jenga\n|-damage|p2a: Jenga|73\/100\n|\n|-heal|p2a: Jenga|79\/100|[from] item: Leftovers\n|upkeep\n|turn|30\n|\n|switch|p1a: Landorus|Landorus-Therian, M|5\/100\n|-ability|p1a: Landorus|Intimidate|boost\n|-unboost|p2a: Jenga|atk|1\n|move|p2a: Jenga|Stealth Rock|p1a: Landorus\n|-sidestart|p1: Kaylss|move: Stealth Rock\n|\n|-heal|p2a: Jenga|86\/100|[from] item: Leftovers\n|upkeep\n|turn|31\n|\n|-zpower|p1a: Landorus\n|move|p1a: Landorus|Supersonic Skystrike|p2a: Jenga|[zeffect]\n|-supereffective|p2a: Jenga\n|-damage|p2a: Jenga|0 fnt\n|faint|p2a: Jenga\n|\n|upkeep\n|-message|Proftreez forfeited.\n|\n|win|Kaylss\n|l|\u2606Proftreez\n|raw|Kaylss's rating: 1601 &rarr; <strong>1620<\/strong><br \/>(+19 for winning)\n|raw|Proftreez's rating: 1594 &rarr; <strong>1575<\/strong><br \/>(-19 for losing)\n|c|\u2606Kaylss|\/log Kaylss made this room public.\n","uploadtime":1548491271,"views":54,"p1id":"kaylss","p2id":"proftreez","formatid":"gen7ou","rating":1575,"private":0,"password":null}