{"id":"gen7ou-1395151098","p1":"mmtwistertest","p2":"EEEEEvolto\u6df1\u6eba","format":"gen7ou","log":"|j|\u2606mmtwistertest\n|j|\u2606EEEEEvolto\u6df1\u6eba\n|t:|1628775115\n|gametype|singles\n|player|p1|mmtwistertest|psychic-gen1rb|1463\n|player|p2|EEEEEvolto\u6df1\u6eba|265|1489\n|teamsize|p1|6\n|teamsize|p2|6\n|gen|7\n|tier|[Gen 7] OU\n|rated|\n|rule|Sleep Clause Mod: Limit one foe put to sleep\n|rule|Species Clause: Limit one of each Pok\u00e9mon\n|rule|OHKO Clause: OHKO moves are banned\n|rule|Moody Clause: Moody is banned\n|rule|Evasion Moves Clause: Evasion moves are banned\n|rule|Endless Battle Clause: Forcing endless battles is banned\n|rule|HP Percentage Mod: HP is shown in percentages\n|clearpoke\n|poke|p1|Kartana|item\n|poke|p1|Alakazam, M|item\n|poke|p1|Tapu Lele|item\n|poke|p1|Magearna|item\n|poke|p1|Landorus-Therian, M|item\n|poke|p1|Rotom-Wash|item\n|poke|p2|Greninja, M|item\n|poke|p2|Landorus-Therian, M|item\n|poke|p2|Scizor, M|item\n|poke|p2|Heatran, M|item\n|poke|p2|Zapdos|item\n|poke|p2|Hoopa-Unbound|item\n|teampreview\n|inactive|Battle timer is ON: inactive players will automatically lose when time's up. (requested by EEEEEvolto\u6df1\u6eba)\n|\n|t:|1628775132\n|start\n|switch|p1a: Rotom|Rotom-Wash|100\/100\n|switch|p2a: Greninja|Greninja, M|100\/100\n|turn|1\n|\n|t:|1628775135\n|move|p2a: Greninja|U-turn|p1a: Rotom\n|-start|p2a: Greninja|typechange|Bug|[from] ability: Protean\n|-damage|p1a: Rotom|77\/100\n|\n|t:|1628775138\n|switch|p2a: Landorus|Landorus-Therian, M|100\/100|[from]move: U-turn\n|-ability|p2a: Landorus|Intimidate|boost\n|-unboost|p1a: Rotom|atk|1\n|move|p1a: Rotom|Hydro Pump|p2a: Landorus\n|-supereffective|p2a: Landorus\n|-damage|p2a: Landorus|0 fnt\n|faint|p2a: Landorus\n|\n|upkeep\n|\n|t:|1628775142\n|switch|p2a: Scizor|Scizor, M|100\/100\n|turn|2\n|\n|t:|1628775148\n|detailschange|p2a: Scizor|Scizor-Mega, M\n|-mega|p2a: Scizor|Scizor|Scizorite\n|move|p1a: Rotom|Will-O-Wisp|p2a: Scizor\n|-status|p2a: Scizor|brn\n|move|p2a: Scizor|Swords Dance|p2a: Scizor\n|-boost|p2a: Scizor|atk|2\n|\n|-damage|p2a: Scizor|94\/100 brn|[from] brn\n|upkeep\n|turn|3\n|\n|t:|1628775156\n|move|p1a: Rotom|Hydro Pump|p2a: Scizor\n|-damage|p2a: Scizor|63\/100 brn\n|move|p2a: Scizor|U-turn|p1a: Rotom\n|-damage|p1a: Rotom|51\/100\n|\n|t:|1628775160\n|switch|p2a: Hoopa|Hoopa-Unbound|100\/100|[from]move: U-turn\n|\n|upkeep\n|turn|4\n|\n|t:|1628775165\n|switch|p1a: Magearna|Magearna|100\/100\n|move|p2a: Hoopa|Hyperspace Fury|p1a: Magearna\n|-resisted|p1a: Magearna\n|-damage|p1a: Magearna|63\/100\n|-unboost|p2a: Hoopa|def|1\n|\n|upkeep\n|turn|5\n|\n|t:|1628775171\n|switch|p2a: Zapdos|Zapdos|100\/100\n|move|p1a: Magearna|Volt Switch|p2a: Zapdos\n|-damage|p2a: Zapdos|81\/100\n|\n|t:|1628775178\n|switch|p1a: Tapu Lele|Tapu Lele|100\/100|[from]move: Volt Switch\n|-fieldstart|move: Psychic Terrain|[from] ability: Psychic Surge|[of] p1a: Tapu Lele\n|\n|upkeep\n|turn|6\n|\n|t:|1628775190\n|switch|p2a: Scizor|Scizor-Mega, M|63\/100 brn\n|move|p1a: Tapu Lele|Psyshock|p2a: Scizor\n|-resisted|p2a: Scizor\n|-damage|p2a: Scizor|39\/100 brn\n|\n|-damage|p2a: Scizor|33\/100 brn|[from] brn\n|upkeep\n|turn|7\n|\n|t:|1628775197\n|move|p1a: Tapu Lele|Focus Blast|p2a: Scizor\n|-damage|p2a: Scizor|0 fnt\n|faint|p2a: Scizor\n|\n|upkeep\n|\n|t:|1628775201\n|switch|p2a: Greninja|Greninja, M|100\/100\n|turn|8\n|\n|t:|1628775205\n|switch|p1a: Magearna|Magearna|63\/100\n|move|p2a: Greninja|Gunk Shot|p1a: Magearna\n|-start|p2a: Greninja|typechange|Poison|[from] ability: Protean\n|-immune|p1a: Magearna\n|\n|upkeep\n|turn|9\n|\n|t:|1628775211\n|-zpower|p2a: Greninja\n|move|p2a: Greninja|Tectonic Rage|p1a: Magearna|[zeffect]\n|-start|p2a: Greninja|typechange|Ground|[from] ability: Protean\n|-supereffective|p1a: Magearna\n|-damage|p1a: Magearna|0 fnt\n|faint|p1a: Magearna\n|\n|-fieldend|move: Psychic Terrain\n|upkeep\n|\n|t:|1628775220\n|switch|p1a: Kartana|Kartana|100\/100\n|turn|10\n|\n|t:|1628775224\n|switch|p2a: Zapdos|Zapdos|81\/100\n|move|p1a: Kartana|Knock Off|p2a: Zapdos\n|-damage|p2a: Zapdos|50\/100\n|-damage|p1a: Kartana|84\/100|[from] item: Rocky Helmet|[of] p2a: Zapdos\n|-enditem|p2a: Zapdos|Rocky Helmet|[from] move: Knock Off|[of] p1a: Kartana\n|\n|upkeep\n|turn|11\n|\n|t:|1628775229\n|switch|p1a: Rotom|Rotom-Wash|51\/100\n|move|p2a: Zapdos|Roost|p2a: Zapdos\n|-heal|p2a: Zapdos|100\/100\n|-singleturn|p2a: Zapdos|move: Roost\n|\n|upkeep\n|turn|12\n|\n|t:|1628775232\n|move|p2a: Zapdos|Volt Switch|p1a: Rotom\n|-damage|p1a: Rotom|23\/100\n|-enditem|p1a: Rotom|Iapapa Berry|[eat]\n|-heal|p1a: Rotom|73\/100|[from] item: Iapapa Berry\n|\n|t:|1628775237\n|switch|p2a: Hoopa|Hoopa-Unbound|100\/100|[from]move: Volt Switch\n|move|p1a: Rotom|Volt Switch|p2a: Hoopa\n|-damage|p2a: Hoopa|77\/100\n|\n|t:|1628775262\n|switch|p1a: Tapu Lele|Tapu Lele|100\/100|[from]move: Volt Switch\n|-fieldstart|move: Psychic Terrain|[from] ability: Psychic Surge|[of] p1a: Tapu Lele\n|\n|upkeep\n|turn|13\n|\n|t:|1628775271\n|switch|p2a: Heatran|Heatran, M|100\/100\n|move|p1a: Tapu Lele|Moonblast|p2a: Heatran\n|-resisted|p2a: Heatran\n|-damage|p2a: Heatran|92\/100\n|-unboost|p2a: Heatran|spa|1\n|\n|-heal|p2a: Heatran|99\/100|[from] item: Leftovers\n|upkeep\n|turn|14\n|\n|t:|1628775279\n|switch|p1a: Alakazam|Alakazam, M|100\/100\n|switch|p2a: Zapdos|Zapdos|100\/100\n|\n|upkeep\n|turn|15\n|\n|t:|1628775285\n|detailschange|p1a: Alakazam|Alakazam-Mega, M\n|-mega|p1a: Alakazam|Alakazam|Alakazite\n|-ability|p1a: Alakazam|Static|[from] ability: Trace|[of] p2a: Zapdos\n|move|p1a: Alakazam|Calm Mind|p1a: Alakazam\n|-boost|p1a: Alakazam|spa|1\n|-boost|p1a: Alakazam|spd|1\n|move|p2a: Zapdos|Volt Switch|p1a: Alakazam\n|-damage|p1a: Alakazam|74\/100\n|\n|t:|1628775293\n|switch|p2a: Heatran|Heatran, M|99\/100|[from]move: Volt Switch\n|\n|-heal|p2a: Heatran|100\/100|[from] item: Leftovers\n|upkeep\n|turn|16\n|\n|t:|1628775295\n|move|p1a: Alakazam|Focus Blast|p2a: Heatran\n|-supereffective|p2a: Heatran\n|-damage|p2a: Heatran|8\/100\n|move|p2a: Heatran|Toxic|p1a: Alakazam\n|-status|p1a: Alakazam|tox\n|\n|-heal|p2a: Heatran|14\/100|[from] item: Leftovers\n|-damage|p1a: Alakazam|68\/100 tox|[from] psn\n|-fieldend|move: Psychic Terrain\n|upkeep\n|turn|17\n|\n|t:|1628775302\n|switch|p2a: Zapdos|Zapdos|100\/100\n|move|p1a: Alakazam|Shadow Ball|p2a: Zapdos\n|-damage|p2a: Zapdos|48\/100\n|\n|-damage|p1a: Alakazam|56\/100 tox|[from] psn\n|upkeep\n|turn|18\n|\n|t:|1628775311\n|switch|p2a: Heatran|Heatran, M|14\/100\n|move|p1a: Alakazam|Shadow Ball|p2a: Heatran\n|-damage|p2a: Heatran|0 fnt\n|faint|p2a: Heatran\n|\n|-damage|p1a: Alakazam|38\/100 tox|[from] psn\n|upkeep\n|\n|t:|1628775317\n|switch|p2a: Zapdos|Zapdos|48\/100\n|turn|19\n|\n|t:|1628775320\n|move|p1a: Alakazam|Shadow Ball|p2a: Zapdos\n|-damage|p2a: Zapdos|0 fnt\n|faint|p2a: Zapdos\n|\n|-damage|p1a: Alakazam|14\/100 tox|[from] psn\n|upkeep\n|\n|t:|1628775326\n|switch|p2a: Hoopa|Hoopa-Unbound|77\/100\n|turn|20\n|\n|t:|1628775330\n|move|p1a: Alakazam|Shadow Ball|p2a: Hoopa\n|-damage|p2a: Hoopa|31\/100\n|move|p2a: Hoopa|Hyperspace Fury|p1a: Alakazam\n|-supereffective|p1a: Alakazam\n|-damage|p1a: Alakazam|0 fnt\n|-unboost|p2a: Hoopa|def|1\n|faint|p1a: Alakazam\n|\n|upkeep\n|\n|t:|1628775335\n|switch|p1a: Kartana|Kartana|84\/100\n|turn|21\n|\n|t:|1628775337\n|move|p1a: Kartana|Leaf Blade|p2a: Hoopa\n|-damage|p2a: Hoopa|0 fnt\n|faint|p2a: Hoopa\n|-ability|p1a: Kartana|Beast Boost|boost\n|-boost|p1a: Kartana|atk|1\n|\n|upkeep\n|-message|EEEEEvolto\u6df1\u6eba forfeited.\n|\n|win|mmtwistertest\n|raw|mmtwistertest's rating: 1463 &rarr; <strong>1484<\/strong><br \/>(+21 for winning)\n|raw|EEEEEvolto\u6df1\u6eba's rating: 1488 &rarr; <strong>1467<\/strong><br \/>(-21 for losing)\n","uploadtime":1628775345,"views":6,"p1id":"mmtwistertest","p2id":"eeeeevolto","formatid":"gen7ou","rating":1467,"private":0,"password":null}