{"id":"gen7battlefactory-1031800933","p1":"youhavelostperiod","p2":"ferromolybdenum","format":"gen7battlefactory","log":"|j|\u2606youhavelostperiod\n|j|\u2606ferromolybdenum\n|inactive|Battle timer is ON: inactive players will automatically lose when time's up.\n|player|p1|youhavelostperiod|101|\n|player|p2|ferromolybdenum|1|\n|teamsize|p1|6\n|teamsize|p2|6\n|gametype|singles\n|gen|7\n|tier|[Gen 7] Battle Factory\n|rated|Tournament battle\n|rule|Sleep Clause Mod: Limit one foe put to sleep\n|clearpoke\n|poke|p1|Gallade, M|item\n|poke|p1|Blastoise, F|item\n|poke|p1|Delphox, M|item\n|poke|p1|Palossand, M|item\n|poke|p1|Gastrodon, F|item\n|poke|p1|Audino, F|item\n|poke|p2|Houndoom, F|item\n|poke|p2|Piloswine, M|item\n|poke|p2|Scrafty, F|item\n|poke|p2|Comfey, M|item\n|poke|p2|Blastoise, F|item\n|poke|p2|Garbodor, M|item\n|rule|HP Percentage Mod: HP is shown in percentages\n|rule|Mega Rayquaza Clause: You cannot mega evolve Rayquaza\n|teampreview\n|j| negsan\n|c| negsan|go!\n|j| no time for shit\n|\n|start\n|switch|p1a: Palossand|Palossand, M|374\/374\n|switch|p2a: Comfey|Comfey, M|302\/302\n|turn|1\n|\n|move|p2a: Comfey|Calm Mind|p2a: Comfey\n|-boost|p2a: Comfey|spa|1\n|-boost|p2a: Comfey|spd|1\n|move|p1a: Palossand|Stealth Rock|p2a: Comfey\n|-sidestart|p2: ferromolybdenum|move: Stealth Rock\n|\n|upkeep\n|turn|2\n|inactive|youhavelostperiod has 120 seconds left.\n|l| no time for shit\n|inactive|youhavelostperiod has 90 seconds left.\n|\n|move|p2a: Comfey|Calm Mind|p2a: Comfey\n|-boost|p2a: Comfey|spa|1\n|-boost|p2a: Comfey|spd|1\n|move|p1a: Palossand|Earth Power|p2a: Comfey\n|-damage|p2a: Comfey|253\/302\n|\n|upkeep\n|turn|3\n|\n|switch|p1a: Blastoise|Blastoise, F|362\/362\n|move|p2a: Comfey|Giga Drain|p1a: Blastoise\n|-supereffective|p1a: Blastoise\n|-damage|p1a: Blastoise|34\/362\n|-heal|p2a: Comfey|302\/302|[from] drain|[of] p1a: Blastoise\n|-damage|p2a: Comfey|272\/302|[from] item: Life Orb\n|\n|-heal|p1a: Blastoise|56\/362|[from] item: Leftovers\n|upkeep\n|turn|4\n|\n|move|p2a: Comfey|Giga Drain|p1a: Blastoise\n|-supereffective|p1a: Blastoise\n|-crit|p1a: Blastoise\n|-damage|p1a: Blastoise|0 fnt\n|-heal|p2a: Comfey|300\/302|[from] drain|[of] p1a: Blastoise\n|-damage|p2a: Comfey|270\/302|[from] item: Life Orb\n|faint|p1a: Blastoise\n|\n|upkeep\n|inactive|youhavelostperiod has 90 seconds left.\n|\n|switch|p1a: Delphox|Delphox, M|291\/291\n|turn|5\n|inactive|youhavelostperiod has 90 seconds left.\n|j| no time for shit\n|\n|move|p1a: Delphox|Calm Mind|p1a: Delphox\n|-boost|p1a: Delphox|spa|1\n|-boost|p1a: Delphox|spd|1\n|move|p2a: Comfey|Calm Mind|p2a: Comfey\n|-boost|p2a: Comfey|spa|1\n|-boost|p2a: Comfey|spd|1\n|\n|upkeep\n|turn|6\n|\n|switch|p2a: Piloswine|Piloswine, M|404\/404\n|-damage|p2a: Piloswine|354\/404|[from] Stealth Rock\n|move|p1a: Delphox|Calm Mind|p1a: Delphox\n|-boost|p1a: Delphox|spa|1\n|-boost|p1a: Delphox|spd|1\n|\n|upkeep\n|turn|7\n|inactive|youhavelostperiod has 60 seconds left.\n|\n|move|p1a: Delphox|Grass Knot|p2a: Piloswine\n|-supereffective|p2a: Piloswine\n|-damage|p2a: Piloswine|0 fnt\n|faint|p2a: Piloswine\n|\n|upkeep\n|\n|switch|p2a: Houndoom|Houndoom, F|291\/291\n|-damage|p2a: Houndoom|219\/291|[from] Stealth Rock\n|turn|8\n|j| tyroneguy44\n|\n|move|p1a: Delphox|Dazzling Gleam|p2a: Houndoom\n|-damage|p2a: Houndoom|1\/291\n|-zpower|p2a: Houndoom\n|move|p2a: Houndoom|Black Hole Eclipse|p1a: Delphox|[zeffect]\n|-supereffective|p1a: Delphox\n|-damage|p1a: Delphox|51\/291\n|\n|upkeep\n|turn|9\n|\n|move|p1a: Delphox|Grass Knot|p2a: Houndoom\n|-resisted|p2a: Houndoom\n|-damage|p2a: Houndoom|0 fnt\n|faint|p2a: Houndoom\n|\n|upkeep\n|c|\u2606youhavelostperiod|freaking 1\n|\n|switch|p2a: Scrafty|Scrafty, F|271\/271\n|-damage|p2a: Scrafty|255\/271|[from] Stealth Rock\n|turn|10\n|inactive|youhavelostperiod has 60 seconds left.\n|\n|move|p1a: Delphox|Fire Blast|p2a: Scrafty|[miss]\n|-miss|p1a: Delphox|p2a: Scrafty\n|move|p2a: Scrafty|Knock Off|p1a: Delphox\n|-supereffective|p1a: Delphox\n|-damage|p1a: Delphox|0 fnt\n|faint|p1a: Delphox\n|\n|upkeep\n|\n|switch|p1a: Gallade|Gallade, M|277\/277\n|turn|11\n|\n|switch|p2a: Garbodor|Garbodor, M|364\/364\n|-damage|p2a: Garbodor|319\/364|[from] Stealth Rock\n|move|p1a: Gallade|Swords Dance|p1a: Gallade\n|-boost|p1a: Gallade|atk|2\n|\n|-heal|p2a: Garbodor|341\/364|[from] item: Black Sludge\n|upkeep\n|turn|12\n|l| no time for shit\n|\n|move|p1a: Gallade|Psycho Cut|p2a: Garbodor\n|-supereffective|p2a: Garbodor\n|-damage|p2a: Garbodor|0 fnt\n|-damage|p1a: Gallade|250\/277|[from] item: Life Orb\n|faint|p2a: Garbodor\n|\n|upkeep\n|\n|switch|p2a: Blastoise|Blastoise, F|362\/362\n|-damage|p2a: Blastoise|317\/362|[from] Stealth Rock\n|turn|13\n|\n|move|p1a: Gallade|Leaf Blade|p2a: Blastoise\n|-supereffective|p2a: Blastoise\n|-damage|p2a: Blastoise|0 fnt\n|-damage|p1a: Gallade|223\/277|[from] item: Life Orb\n|faint|p2a: Blastoise\n|\n|upkeep\n|\n|switch|p2a: Scrafty|Scrafty, F|255\/271\n|-damage|p2a: Scrafty|239\/271|[from] Stealth Rock\n|turn|14\n|\n|move|p1a: Gallade|Close Combat|p2a: Scrafty\n|-supereffective|p2a: Scrafty\n|-enditem|p2a: Scrafty|Chople Berry|[eat]\n|-enditem|p2a: Scrafty|Chople Berry|[weaken]\n|-damage|p2a: Scrafty|0 fnt\n|-unboost|p1a: Gallade|def|1\n|-unboost|p1a: Gallade|spd|1\n|-damage|p1a: Gallade|196\/277|[from] item: Life Orb\n|faint|p2a: Scrafty\n|\n|upkeep\n|\n|switch|p2a: Comfey|Comfey, M|270\/302\n|-damage|p2a: Comfey|233\/302|[from] Stealth Rock\n|turn|15\n|\n|move|p2a: Comfey|Draining Kiss|p1a: Gallade\n|-supereffective|p1a: Gallade\n|-damage|p1a: Gallade|0 fnt\n|-heal|p2a: Comfey|302\/302|[from] drain|[of] p1a: Gallade\n|-damage|p2a: Comfey|272\/302|[from] item: Life Orb\n|faint|p1a: Gallade\n|\n|upkeep\n|l| tyroneguy44\n|inactive|youhavelostperiod has 30 seconds left.\n|inactive|youhavelostperiod has 20 seconds left.\n|\n|switch|p1a: Gastrodon|Gastrodon, F|426\/426\n|turn|16\n|inactive|youhavelostperiod has 30 seconds left this turn.\n|inactive|youhavelostperiod has 20 seconds left.\n|\n|switch|p1a: Audino|Audino, F|410\/410\n|move|p2a: Comfey|Calm Mind|p2a: Comfey\n|-boost|p2a: Comfey|spa|1\n|-boost|p2a: Comfey|spd|1\n|\n|upkeep\n|turn|17\n|inactive|youhavelostperiod has 30 seconds left this turn.\n|inactive|youhavelostperiod has 20 seconds left.\n|\n|detailschange|p1a: Audino|Audino-Mega, F\n|-mega|p1a: Audino|Audino|Audinite\n|move|p2a: Comfey|Calm Mind|p2a: Comfey\n|-boost|p2a: Comfey|spa|1\n|-boost|p2a: Comfey|spd|1\n|move|p1a: Audino|Knock Off|p2a: Comfey\n|-resisted|p2a: Comfey\n|-damage|p2a: Comfey|248\/302\n|-enditem|p2a: Comfey|Life Orb|[from] move: Knock Off|[of] p1a: Audino\n|\n|upkeep\n|turn|18\n|inactive|youhavelostperiod has 30 seconds left this turn.\n|\n|move|p2a: Comfey|Calm Mind|p2a: Comfey\n|-boost|p2a: Comfey|spa|1\n|-boost|p2a: Comfey|spd|1\n|move|p1a: Audino|Knock Off|p2a: Comfey\n|-resisted|p2a: Comfey\n|-damage|p2a: Comfey|231\/302\n|\n|upkeep\n|turn|19\n|\n|move|p2a: Comfey|Calm Mind|p2a: Comfey\n|-boost|p2a: Comfey|spa|1\n|-boost|p2a: Comfey|spd|1\n|move|p1a: Audino|Knock Off|p2a: Comfey\n|-resisted|p2a: Comfey\n|-damage|p2a: Comfey|215\/302\n|\n|upkeep\n|turn|20\n|inactive|youhavelostperiod has 30 seconds left.\n|\n|move|p2a: Comfey|Calm Mind|p2a: Comfey\n|-boost|p2a: Comfey|spa|1\n|-boost|p2a: Comfey|spd|1\n|move|p1a: Audino|Wish|p1a: Audino\n|\n|upkeep\n|turn|21\n|\n|switch|p1a: Palossand|Palossand, M|374\/374\n|move|p2a: Comfey|Calm Mind|p2a: Comfey\n|-boost|p2a: Comfey|spa|1\n|-boost|p2a: Comfey|spd|1\n|\n|upkeep\n|turn|22\n|\n|move|p2a: Comfey|Giga Drain|p1a: Palossand\n|-supereffective|p1a: Palossand\n|-damage|p1a: Palossand|0 fnt\n|-heal|p2a: Comfey|302\/302|[from] drain|[of] p1a: Palossand\n|faint|p1a: Palossand\n|\n|upkeep\n|\n|switch|p1a: Gastrodon|Gastrodon, F|426\/426\n|turn|23\n|\n|move|p2a: Comfey|Giga Drain|p1a: Gastrodon\n|-supereffective|p1a: Gastrodon\n|-damage|p1a: Gastrodon|0 fnt\n|faint|p1a: Gastrodon\n|\n|upkeep\n|inactive|youhavelostperiod has 30 seconds left.\n|inactive|youhavelostperiod has 20 seconds left.\n|inactive|youhavelostperiod has 15 seconds left.\n|inactive|youhavelostperiod has 10 seconds left.\n|inactive|youhavelostperiod has 5 seconds left.\n|\n|switch|p1a: Audino|Audino-Mega, F|410\/410\n|turn|24\n|inactive|youhavelostperiod has 15 seconds left this turn.\n|inactive|youhavelostperiod has 10 seconds left.\n|inactive|youhavelostperiod has 5 seconds left.\n|\n|move|p1a: Audino|Protect|p1a: Audino\n|-singleturn|p1a: Audino|Protect\n|move|p2a: Comfey|Draining Kiss|p1a: Audino\n|-activate|p1a: Audino|move: Protect\n|\n|upkeep\n|turn|25\n|inactive|youhavelostperiod has 15 seconds left this turn.\n|inactive|youhavelostperiod has 10 seconds left.\n|\n|move|p2a: Comfey|Draining Kiss|p1a: Audino\n|-damage|p1a: Audino|224\/410\n|move|p1a: Audino|Wish|p1a: Audino\n|\n|upkeep\n|turn|26\n|inactive|youhavelostperiod has 20 seconds left this turn.\n|inactive|youhavelostperiod has 15 seconds left.\n|\n|move|p1a: Audino|Protect|p1a: Audino\n|-singleturn|p1a: Audino|Protect\n|move|p2a: Comfey|Draining Kiss|p1a: Audino\n|-activate|p1a: Audino|move: Protect\n|\n|-heal|p1a: Audino|410\/410|[from] move: Wish|[wisher] Audino\n|upkeep\n|turn|27\n|inactive|youhavelostperiod has 25 seconds left this turn.\n|inactive|youhavelostperiod has 20 seconds left.\n|inactive|youhavelostperiod has 15 seconds left.\n|j| totalgomi\n|\n|move|p2a: Comfey|Hidden Power|p1a: Audino\n|-damage|p1a: Audino|258\/410\n|move|p1a: Audino|Wish|p1a: Audino\n|\n|upkeep\n|turn|28\n|inactive|youhavelostperiod has 25 seconds left this turn.\n|inactive|youhavelostperiod has 20 seconds left.\n|inactive|youhavelostperiod has 15 seconds left.\n|inactive|youhavelostperiod has 10 seconds left.\n|c|\u2606ferromolybdenum|your last move is heal bell right?\n|inactive|youhavelostperiod has 5 seconds left.\n|\n|move|p1a: Audino|Protect|p1a: Audino\n|-singleturn|p1a: Audino|Protect\n|move|p2a: Comfey|Hidden Power|p1a: Audino\n|-activate|p1a: Audino|move: Protect\n|\n|-heal|p1a: Audino|410\/410|[from] move: Wish|[wisher] Audino\n|upkeep\n|turn|29\n|inactive|youhavelostperiod has 15 seconds left this turn.\n|inactive|youhavelostperiod has 10 seconds left.\n|inactive|youhavelostperiod has 5 seconds left.\n|\n|move|p2a: Comfey|Hidden Power|p1a: Audino\n|-damage|p1a: Audino|274\/410\n|move|p1a: Audino|Wish|p1a: Audino\n|\n|upkeep\n|turn|30\n|inactive|youhavelostperiod has 15 seconds left this turn.\n|inactive|youhavelostperiod has 10 seconds left.\n|\n|move|p2a: Comfey|Hidden Power|p1a: Audino\n|-damage|p1a: Audino|133\/410\n|move|p1a: Audino|Knock Off|p2a: Comfey\n|-resisted|p2a: Comfey\n|-damage|p2a: Comfey|287\/302\n|\n|-heal|p1a: Audino|338\/410|[from] move: Wish|[wisher] Audino\n|upkeep\n|turn|31\n|inactive|youhavelostperiod has 20 seconds left this turn.\n|\n|move|p2a: Comfey|Hidden Power|p1a: Audino\n|-damage|p1a: Audino|203\/410\n|move|p1a: Audino|Wish|p1a: Audino\n|\n|upkeep\n|turn|32\n|inactive|youhavelostperiod has 30 seconds left this turn.\n|\n|move|p1a: Audino|Protect|p1a: Audino\n|-singleturn|p1a: Audino|Protect\n|move|p2a: Comfey|Hidden Power|p1a: Audino\n|-activate|p1a: Audino|move: Protect\n|\n|-heal|p1a: Audino|408\/410|[from] move: Wish|[wisher] Audino\n|upkeep\n|turn|33\n|inactive|youhavelostperiod has 30 seconds left.\n|\n|move|p2a: Comfey|Hidden Power|p1a: Audino\n|-crit|p1a: Audino\n|-damage|p1a: Audino|185\/410\n|move|p1a: Audino|Wish|p1a: Audino\n|\n|upkeep\n|turn|34\n|inactive|youhavelostperiod has 30 seconds left.\n|\n|move|p1a: Audino|Protect|p1a: Audino\n|-singleturn|p1a: Audino|Protect\n|move|p2a: Comfey|Hidden Power|p1a: Audino\n|-activate|p1a: Audino|move: Protect\n|\n|-heal|p1a: Audino|390\/410|[from] move: Wish|[wisher] Audino\n|upkeep\n|turn|35\n|\n|move|p2a: Comfey|Hidden Power|p1a: Audino\n|-damage|p1a: Audino|252\/410\n|move|p1a: Audino|Wish|p1a: Audino\n|\n|upkeep\n|turn|36\n|\n|move|p2a: Comfey|Hidden Power|p1a: Audino\n|-damage|p1a: Audino|104\/410\n|move|p1a: Audino|Knock Off|p2a: Comfey\n|-resisted|p2a: Comfey\n|-damage|p2a: Comfey|271\/302\n|\n|-heal|p1a: Audino|309\/410|[from] move: Wish|[wisher] Audino\n|upkeep\n|turn|37\n|\n|move|p2a: Comfey|Hidden Power|p1a: Audino\n|-damage|p1a: Audino|167\/410\n|move|p1a: Audino|Wish|p1a: Audino\n|\n|upkeep\n|turn|38\n|\n|move|p1a: Audino|Protect|p1a: Audino\n|-singleturn|p1a: Audino|Protect\n|move|p2a: Comfey|Hidden Power|p1a: Audino\n|-activate|p1a: Audino|move: Protect\n|\n|-heal|p1a: Audino|372\/410|[from] move: Wish|[wisher] Audino\n|upkeep\n|turn|39\n|inactive|youhavelostperiod has 60 seconds left.\n|\n|move|p2a: Comfey|Hidden Power|p1a: Audino\n|-damage|p1a: Audino|237\/410\n|move|p1a: Audino|Knock Off|p2a: Comfey\n|-resisted|p2a: Comfey\n|-damage|p2a: Comfey|254\/302\n|\n|upkeep\n|turn|40\n|\n|move|p2a: Comfey|Draining Kiss|p1a: Audino\n|-damage|p1a: Audino|66\/410\n|-heal|p2a: Comfey|302\/302|[from] drain|[of] p1a: Audino\n|move|p1a: Audino|Wish|p1a: Audino\n|\n|upkeep\n|turn|41\n|\n|move|p1a: Audino|Protect|p1a: Audino\n|-singleturn|p1a: Audino|Protect\n|move|p2a: Comfey|Hidden Power|p1a: Audino\n|-activate|p1a: Audino|move: Protect\n|\n|-heal|p1a: Audino|271\/410|[from] move: Wish|[wisher] Audino\n|upkeep\n|turn|42\n|inactive|youhavelostperiod has 60 seconds left.\n|\n|move|p2a: Comfey|Hidden Power|p1a: Audino\n|-damage|p1a: Audino|142\/410\n|move|p1a: Audino|Wish|p1a: Audino\n|\n|upkeep\n|turn|43\n|\n|move|p1a: Audino|Protect|p1a: Audino\n|-singleturn|p1a: Audino|Protect\n|move|p2a: Comfey|Hidden Power|p1a: Audino\n|-activate|p1a: Audino|move: Protect\n|\n|-heal|p1a: Audino|347\/410|[from] move: Wish|[wisher] Audino\n|upkeep\n|turn|44\n|\n|move|p2a: Comfey|Hidden Power|p1a: Audino\n|-damage|p1a: Audino|208\/410\n|move|p1a: Audino|Wish|p1a: Audino\n|\n|upkeep\n|turn|45\n|\n|move|p1a: Audino|Protect|p1a: Audino\n|-singleturn|p1a: Audino|Protect\n|move|p2a: Comfey|Hidden Power|p1a: Audino\n|-activate|p1a: Audino|move: Protect\n|\n|-heal|p1a: Audino|410\/410|[from] move: Wish|[wisher] Audino\n|upkeep\n|turn|46\n|c|\u2606youhavelostperiod|seriously dad\n|inactive|youhavelostperiod has 60 seconds left.\n|c|\u2606ferromolybdenum|?\n|c|\u2606youhavelostperiod|Fine, I know I lose the stall battle, but I wanted to draw this out\n|c|\u2606youhavelostperiod|gtg\n|-message|youhavelostperiod forfeited.\n|\n|win|ferromolybdenum\n","inputlog":">version d8d59dbbaefff47ae4e97c13f5ca7c96c382870d\n>start {\"formatid\":\"gen7battlefactory\",\"seed\":[28366,56019,42465,35647],\"rated\":\"Tournament battle\"}\n>player p1 {\"name\":\"youhavelostperiod\",\"avatar\":\"101\",\"team\":\"\",\"rating\":0,\"seed\":[45650,300,38099,59189]}\n>player p2 {\"name\":\"ferromolybdenum\",\"avatar\":\"1\",\"team\":\"\",\"rating\":0,\"seed\":[4500,19142,35571,1526]}\n>p1 team 4, 2, 3, 1, 5, 6\n>p2 team 4, 2, 3, 1, 5, 6\n>p1 move stealthrock\n>p2 move calmmind\n>p1 move earthpower\n>p2 move calmmind\n>p1 switch 2\n>p2 move gigadrain\n>p1 move toxic\n>p2 move gigadrain\n>p1 switch 3\n>p1 move calmmind\n>p2 move calmmind\n>p1 move calmmind\n>p2 switch 2\n>p1 move grassknot\n>p2 move earthquake\n>p2 switch 4\n>p1 move dazzlinggleam\n>p2 move darkpulse zmove\n>p1 move grassknot\n>p2 move darkpulse\n>p2 switch 3\n>p1 move fireblast\n>p2 move knockoff\n>p1 switch 4\n>p1 move swordsdance\n>p2 switch 6\n>p1 move psychocut\n>p2 move gunkshot\n>p2 switch 5\n>p1 move leafblade\n>p2 move toxic\n>p2 switch 6\n>p1 move closecombat\n>p2 move knockoff\n>p2 switch 2\n>p1 move psychocut\n>p2 move drainingkiss\n>p1 switch 5\n>p1 switch 6\n>p2 move calmmind\n>p1 move knockoff mega\n>p2 move calmmind\n>p1 move knockoff\n>p2 move calmmind\n>p1 move knockoff\n>p2 move calmmind\n>p1 move wish\n>p2 move calmmind\n>p1 switch 2\n>p2 move calmmind\n>p1 move shadowball\n>p2 move gigadrain\n>p1 switch 6\n>p1 move toxic\n>p2 move gigadrain\n>p1 switch 2\n>p1 move protect\n>p2 move drainingkiss\n>p1 move wish\n>p2 move drainingkiss\n>p1 move protect\n>p2 move drainingkiss\n>p1 move wish\n>p2 move hiddenpower\n>p1 move protect\n>p2 move hiddenpower\n>p1 move wish\n>p2 move hiddenpower\n>p1 move knockoff\n>p2 move hiddenpower\n>p1 move wish\n>p2 move hiddenpower\n>p1 move protect\n>p2 move hiddenpower\n>p1 move wish\n>p2 move hiddenpower\n>p1 move protect\n>p2 move hiddenpower\n>p1 move wish\n>p2 move hiddenpower\n>p1 move knockoff\n>p2 move hiddenpower\n>p1 move wish\n>p2 move hiddenpower\n>p1 move protect\n>p2 move hiddenpower\n>p1 move knockoff\n>p2 move hiddenpower\n>p1 move wish\n>p2 move drainingkiss\n>p1 move protect\n>p2 move hiddenpower\n>p1 move wish\n>p2 move hiddenpower\n>p1 move protect\n>p2 move hiddenpower\n>p1 move wish\n>p2 move hiddenpower\n>p1 move protect\n>p2 move hiddenpower","uploadtime":1576738256,"views":4,"p1id":"youhavelostperiod","p2id":"ferromolybdenum","formatid":"gen7battlefactory","rating":0,"private":0,"password":null}