{"id":"gen7ou-833274250","p1":"hdypbf","p2":"Toxabelle","format":"gen7ou","log":"|j|\u2606hdypbf\n|j|\u2606Toxabelle\n|player|p1|hdypbf|169\n|player|p2|Toxabelle|265\n|teamsize|p1|6\n|teamsize|p2|6\n|gametype|singles\n|gen|7\n|tier|[Gen 7] OU\n|rated|\n|rule|Sleep Clause Mod: Limit one foe put to sleep\n|rule|Species Clause: Limit one of each Pok\u00e9mon\n|rule|OHKO Clause: OHKO moves are banned\n|rule|Moody Clause: Moody is banned\n|rule|Evasion Moves Clause: Evasion moves are banned\n|rule|Endless Battle Clause: Forcing endless battles is banned\n|rule|HP Percentage Mod: HP is shown in percentages\n|clearpoke\n|poke|p1|Magearna|item\n|poke|p1|Kartana|item\n|poke|p1|Landorus-Therian, M|item\n|poke|p1|Tornadus, M|item\n|poke|p1|Tapu Koko|item\n|poke|p1|Lopunny, F|item\n|poke|p2|Buzzwole|item\n|poke|p2|Celesteela|item\n|poke|p2|Alakazam, F|item\n|poke|p2|Toxapex, F|item\n|poke|p2|Landorus-Therian, M|item\n|poke|p2|Heatran, M|item\n|teampreview\n|inactive|Battle timer is ON: inactive players will automatically lose when time's up. (requested by Toxabelle)\n|\n|start\n|switch|p1a: Tapu Koko|Tapu Koko|100\/100\n|switch|p2a: Heatran|Heatran, M|100\/100\n|-fieldstart|move: Electric Terrain|[from] ability: Electric Surge|[of] p1a: Tapu Koko\n|turn|1\n|\n|move|p1a: Tapu Koko|Volt Switch|p2a: Heatran\n|-damage|p2a: Heatran|59\/100\n|\n|switch|p1a: Landorus|Landorus-Therian, M|100\/100\n|-ability|p1a: Landorus|Intimidate|boost\n|-unboost|p2a: Heatran|atk|1\n|move|p2a: Heatran|Magma Storm|p1a: Landorus\n|-damage|p1a: Landorus|51\/100\n|-activate|p1a: Landorus|move: Magma Storm|[of] p2a: Heatran\n|\n|-heal|p2a: Heatran|65\/100|[from] item: Leftovers\n|-damage|p1a: Landorus|39\/100|[from] move: Magma Storm|[partiallytrapped]\n|upkeep\n|turn|2\n|\n|move|p1a: Landorus|Stealth Rock|p2a: Heatran\n|-sidestart|p2: Toxabelle|move: Stealth Rock\n|move|p2a: Heatran|Stealth Rock|p1a: Landorus\n|-sidestart|p1: hdypbf|move: Stealth Rock\n|\n|-heal|p2a: Heatran|71\/100|[from] item: Leftovers\n|-damage|p1a: Landorus|26\/100|[from] move: Magma Storm|[partiallytrapped]\n|upkeep\n|turn|3\n|\n|switch|p2a: Celesteela|Celesteela|100\/100\n|-damage|p2a: Celesteela|88\/100|[from] Stealth Rock\n|move|p1a: Landorus|U-turn|p2a: Celesteela\n|-resisted|p2a: Celesteela\n|-damage|p2a: Celesteela|84\/100\n|\n|switch|p1a: Magearna|Magearna|100\/100\n|-damage|p1a: Magearna|94\/100|[from] Stealth Rock\n|\n|-heal|p2a: Celesteela|90\/100|[from] item: Leftovers\n|upkeep\n|turn|4\n|\n|move|p2a: Celesteela|Protect|p2a: Celesteela\n|-singleturn|p2a: Celesteela|Protect\n|move|p1a: Magearna|Volt Switch|p2a: Celesteela\n|-activate|p2a: Celesteela|move: Protect\n|\n|-heal|p2a: Celesteela|96\/100|[from] item: Leftovers\n|upkeep\n|turn|5\n|\n|switch|p2a: Toxapex|Toxapex, F|100\/100\n|-damage|p2a: Toxapex|88\/100|[from] Stealth Rock\n|move|p1a: Magearna|Volt Switch|p2a: Toxapex\n|-supereffective|p2a: Toxapex\n|-crit|p2a: Toxapex\n|-damage|p2a: Toxapex|7\/100\n|\n|switch|p1a: Kartana|Kartana|100\/100\n|-damage|p1a: Kartana|94\/100|[from] Stealth Rock\n|\n|-heal|p2a: Toxapex|13\/100|[from] item: Black Sludge\n|-fieldend|move: Electric Terrain\n|upkeep\n|turn|6\n|\n|switch|p2a: rambo|Buzzwole|100\/100\n|-damage|p2a: rambo|88\/100|[from] Stealth Rock\n|move|p1a: Kartana|Knock Off|p2a: rambo\n|-resisted|p2a: rambo\n|-damage|p2a: rambo|76\/100\n|\n|upkeep\n|turn|7\n|\n|switch|p1a: Magearna|Magearna|94\/100\n|-damage|p1a: Magearna|88\/100|[from] Stealth Rock\n|move|p2a: rambo|Drain Punch|p1a: Magearna\n|-damage|p1a: Magearna|57\/100\n|-heal|p2a: rambo|89\/100|[from] drain|[of] p1a: Magearna\n|\n|upkeep\n|turn|8\n|\n|switch|p2a: Heatran|Heatran, M|71\/100\n|-damage|p2a: Heatran|59\/100|[from] Stealth Rock\n|move|p1a: Magearna|Ice Beam|p2a: Heatran\n|-resisted|p2a: Heatran\n|-damage|p2a: Heatran|54\/100\n|-status|p2a: Heatran|frz\n|\n|-heal|p2a: Heatran|60\/100 frz|[from] item: Leftovers\n|upkeep\n|turn|9\n|\n|switch|p2a: Landorus|Landorus-Therian, M|100\/100\n|-damage|p2a: Landorus|88\/100|[from] Stealth Rock\n|-ability|p2a: Landorus|Intimidate|boost\n|-unboost|p1a: Magearna|atk|1\n|move|p1a: Magearna|Focus Blast|p2a: Landorus|[miss]\n|-miss|p1a: Magearna|p2a: Landorus\n|\n|upkeep\n|turn|10\n|\n|move|p2a: Landorus|Earthquake|p1a: Magearna\n|-supereffective|p1a: Magearna\n|-damage|p1a: Magearna|0 fnt\n|faint|p1a: Magearna\n|\n|upkeep\n|\n|switch|p1a: Kartana|Kartana|94\/100\n|-damage|p1a: Kartana|88\/100|[from] Stealth Rock\n|turn|11\n|\n|switch|p2a: rambo|Buzzwole|89\/100\n|-damage|p2a: rambo|77\/100|[from] Stealth Rock\n|move|p1a: Kartana|Smart Strike|p2a: rambo\n|-damage|p2a: rambo|40\/100\n|\n|upkeep\n|turn|12\n|\n|switch|p1a: Landorus|Landorus-Therian, M|26\/100\n|-damage|p1a: Landorus|14\/100|[from] Stealth Rock\n|-ability|p1a: Landorus|Intimidate|boost\n|-unboost|p2a: rambo|atk|1\n|move|p2a: rambo|Roost|p2a: rambo\n|-heal|p2a: rambo|90\/100\n|\n|upkeep\n|turn|13\n|\n|switch|p2a: Celesteela|Celesteela|96\/100\n|-damage|p2a: Celesteela|84\/100|[from] Stealth Rock\n|move|p1a: Landorus|Defog|p2a: Celesteela\n|-unboost|p2a: Celesteela|evasion|1\n|-sideend|p2: Toxabelle|Stealth Rock|[from] move: Defog|[of] p2a: Celesteela\n|-sideend|p1: hdypbf|Stealth Rock|[from] move: Defog|[of] p1a: Landorus\n|\n|-heal|p2a: Celesteela|90\/100|[from] item: Leftovers\n|upkeep\n|turn|14\n|\n|move|p1a: Landorus|Stealth Rock|p2a: Celesteela\n|-sidestart|p2: Toxabelle|move: Stealth Rock\n|move|p2a: Celesteela|Flamethrower|p1a: Landorus\n|-damage|p1a: Landorus|0 fnt\n|faint|p1a: Landorus\n|-ability|p2a: Celesteela|Beast Boost|boost\n|-boost|p2a: Celesteela|spd|1\n|\n|-heal|p2a: Celesteela|96\/100|[from] item: Leftovers\n|upkeep\n|\n|switch|p1a: Tapu Koko|Tapu Koko|100\/100\n|-fieldstart|move: Electric Terrain|[from] ability: Electric Surge|[of] p1a: Tapu Koko\n|turn|15\n|\n|switch|p2a: Landorus|Landorus-Therian, M|88\/100\n|-damage|p2a: Landorus|76\/100|[from] Stealth Rock\n|-ability|p2a: Landorus|Intimidate|boost\n|-unboost|p1a: Tapu Koko|atk|1\n|move|p1a: Tapu Koko|Thunderbolt|p2a: Landorus\n|-immune|p2a: Landorus|[msg]\n|\n|upkeep\n|turn|16\n|\n|switch|p1a: Tornadus|Tornadus, M|100\/100\n|move|p2a: Landorus|Defog|p1a: Tornadus\n|-unboost|p1a: Tornadus|evasion|1\n|-sideend|p2: Toxabelle|Stealth Rock|[from] move: Defog|[of] p2a: Landorus\n|\n|upkeep\n|turn|17\n|\n|switch|p2a: Celesteela|Celesteela|96\/100\n|switch|p1a: Tapu Koko|Tapu Koko|100\/100\n|\n|-heal|p2a: Celesteela|100\/100|[from] item: Leftovers\n|upkeep\n|turn|18\n|\n|move|p2a: Celesteela|Protect|p2a: Celesteela\n|-singleturn|p2a: Celesteela|Protect\n|move|p1a: Tapu Koko|Volt Switch|p2a: Celesteela\n|-activate|p2a: Celesteela|move: Protect\n|\n|upkeep\n|turn|19\n|\n|switch|p1a: Kartana|Kartana|88\/100\n|switch|p2a: Landorus|Landorus-Therian, M|76\/100\n|-ability|p2a: Landorus|Intimidate|boost\n|-unboost|p1a: Kartana|atk|1\n|\n|-fieldend|move: Electric Terrain\n|upkeep\n|turn|20\n|\n|switch|p2a: rambo|Buzzwole|90\/100\n|move|p1a: Kartana|Knock Off|p2a: rambo\n|-resisted|p2a: rambo\n|-damage|p2a: rambo|83\/100\n|\n|upkeep\n|turn|21\n|\n|switch|p1a: Tornadus|Tornadus, M|100\/100\n|move|p2a: rambo|Ice Punch|p1a: Tornadus\n|-supereffective|p1a: Tornadus\n|-damage|p1a: Tornadus|24\/100\n|\n|upkeep\n|turn|22\n|\n|switch|p1a: Lopunny|Lopunny, F|100\/100\n|switch|p2a: Celesteela|Celesteela|100\/100\n|\n|upkeep\n|turn|23\n|\n|detailschange|p1a: Lopunny|Lopunny-Mega, F\n|-mega|p1a: Lopunny|Lopunny|Lopunnite\n|move|p2a: Celesteela|Protect|p2a: Celesteela\n|-singleturn|p2a: Celesteela|Protect\n|move|p1a: Lopunny|Fake Out|p2a: Celesteela\n|-activate|p2a: Celesteela|move: Protect\n|\n|upkeep\n|turn|24\n|\n|move|p1a: Lopunny|High Jump Kick|p2a: Celesteela\n|-damage|p2a: Celesteela|49\/100\n|move|p2a: Celesteela|Leech Seed|p1a: Lopunny\n|-start|p1a: Lopunny|move: Leech Seed\n|\n|-heal|p2a: Celesteela|55\/100|[from] item: Leftovers\n|-damage|p1a: Lopunny|88\/100|[from] Leech Seed|[of] p2a: Celesteela\n|-heal|p2a: Celesteela|63\/100|[silent]\n|upkeep\n|turn|25\n|\n|switch|p1a: Kartana|Kartana|88\/100\n|move|p2a: Celesteela|Heavy Slam|p1a: Kartana\n|-resisted|p1a: Kartana\n|-damage|p1a: Kartana|66\/100\n|\n|-heal|p2a: Celesteela|70\/100|[from] item: Leftovers\n|upkeep\n|turn|26\n|\n|switch|p1a: Tapu Koko|Tapu Koko|100\/100\n|-fieldstart|move: Electric Terrain|[from] ability: Electric Surge|[of] p1a: Tapu Koko\n|switch|p2a: rambo|Buzzwole|83\/100\n|\n|upkeep\n|turn|27\n|\n|switch|p2a: Heatran|Heatran, M|60\/100 frz\n|move|p1a: Tapu Koko|Dazzling Gleam|p2a: Heatran\n|-resisted|p2a: Heatran\n|-damage|p2a: Heatran|52\/100 frz\n|\n|-heal|p2a: Heatran|58\/100 frz|[from] item: Leftovers\n|upkeep\n|turn|28\n|\n|switch|p1a: Lopunny|Lopunny-Mega, F|88\/100\n|switch|p2a: Alakazam|Alakazam, F|100\/100\n|\n|upkeep\n|turn|29\n|\n|detailschange|p2a: Alakazam|Alakazam-Mega, F\n|-mega|p2a: Alakazam|Alakazam|Alakazite\n|-ability|p2a: Alakazam|Scrappy|[from] ability: Trace|[of] p1a: Lopunny\n|move|p1a: Lopunny|Fake Out|p2a: Alakazam\n|-damage|p2a: Alakazam|62\/100\n|cant|p2a: Alakazam|flinch\n|\n|upkeep\n|turn|30\n|\n|switch|p1a: Kartana|Kartana|66\/100\n|move|p2a: Alakazam|Psychic|p1a: Kartana\n|-resisted|p1a: Kartana\n|-damage|p1a: Kartana|0 fnt\n|faint|p1a: Kartana\n|\n|-fieldend|move: Electric Terrain\n|upkeep\n|\n|switch|p1a: Lopunny|Lopunny-Mega, F|88\/100\n|turn|31\n|\n|switch|p2a: rambo|Buzzwole|83\/100\n|move|p1a: Lopunny|Fake Out|p2a: rambo\n|-damage|p2a: rambo|72\/100\n|\n|upkeep\n|turn|32\n|\n|move|p1a: Lopunny|Frustration|p2a: rambo\n|-damage|p2a: rambo|46\/100\n|move|p2a: rambo|Drain Punch|p1a: Lopunny\n|-supereffective|p1a: Lopunny\n|-damage|p1a: Lopunny|1\/100\n|-heal|p2a: rambo|74\/100|[from] drain|[of] p1a: Lopunny\n|\n|upkeep\n|turn|33\n|-message|hdypbf forfeited.\n|\n|win|Toxabelle\n|l|\u2606hdypbf\n|raw|hdypbf's rating: 1859 &rarr; <strong>1834<\/strong><br \/>(-25 for losing)\n|raw|Toxabelle's rating: 1769 &rarr; <strong>1794<\/strong><br \/>(+25 for winning)\n","uploadtime":1541828173,"views":59,"p1id":"hdypbf","p2id":"toxabelle","formatid":"gen7ou","rating":1794,"private":0,"password":null}