{"id":"gen7ou-637410621","p1":"Green's Legacy","p2":"I'm back from mars","format":"gen7ou","log":"|j|Green's Legacy\n|j|I'm back from mars\n|player|p1|Green's Legacy|17\n|teamsize|p1|6\n|player|p2|I'm back from mars|128\n|teamsize|p2|6\n|gametype|singles\n|gen|7\n|tier|[Gen 7] OU\n|rated\n|seed|21950,40601,13515,21579\n|rule|Sleep Clause Mod: Limit one foe put to sleep\n|rule|Species Clause: Limit one of each Pok\u00e9mon\n|rule|OHKO Clause: OHKO moves are banned\n|rule|Moody Clause: Moody is banned\n|rule|Evasion Moves Clause: Evasion moves are banned\n|rule|Endless Battle Clause: Forcing endless battles is banned\n|rule|HP Percentage Mod: HP is shown in percentages\n|clearpoke\n|poke|p1|Keldeo-Resolute|item\n|poke|p1|Toxapex, F|item\n|poke|p1|Excadrill, M|item\n|poke|p1|Tyranitar, M|item\n|poke|p1|Celesteela|item\n|poke|p1|Clefable, F|item\n|poke|p2|Sableye, F|item\n|poke|p2|Tangrowth, F|item\n|poke|p2|Chansey, F|item\n|poke|p2|Landorus-Therian, M|item\n|poke|p2|Weavile, F|item\n|poke|p2|Zapdos|item\n|teampreview\n|choice|team 6, team 2, team 3, team 4, team 5, team 1|team 1, team 2, team 3, team 4, team 5, team 6\n|\n|start\n|switch|p1a: Clefable|Clefable, F|394\/394\n|switch|p2a: Sableye|Sableye, F|303\/303\n|turn|1\n|choice|switch 2|move protect mega\n|\n|switch|p1a: Toxapex|Toxapex, F|303\/303\n|detailschange|p2a: Sableye|Sableye-Mega, F\n|-mega|p2a: Sableye|Sableye|Sablenite\n|move|p2a: Sableye|Protect|p2a: Sableye\n|-fail|p2a: Sableye\n|\n|upkeep\n|turn|2\n|choice|move scald|move willowisp\n|\n|move|p1a: Toxapex|Scald|p2a: Sableye\n|-damage|p2a: Sableye|264\/303\n|-status|p2a: Sableye|brn\n|move|p2a: Sableye|Will-O-Wisp|p1a: Toxapex\n|-status|p1a: Toxapex|brn\n|\n|-damage|p1a: Toxapex|285\/303 brn|[from] brn\n|-damage|p2a: Sableye|246\/303 brn|[from] brn\n|upkeep\n|turn|3\n|choice|move scald|move knockoff\n|\n|move|p1a: Toxapex|Scald|p2a: Sableye\n|-damage|p2a: Sableye|206\/303 brn\n|move|p2a: Sableye|Knock Off|p1a: Toxapex\n|-damage|p1a: Toxapex|252\/303 brn\n|-enditem|p1a: Toxapex|Black Sludge|[from] move: Knock Off|[of] p2a: Sableye\n|\n|-damage|p1a: Toxapex|234\/303 brn|[from] brn\n|-damage|p2a: Sableye|188\/303 brn|[from] brn\n|upkeep\n|turn|4\n|choice|switch 2|move recover\n|\n|switch|p1a: Clefable|Clefable, F|394\/394\n|move|p2a: Sableye|Recover|p2a: Sableye\n|-heal|p2a: Sableye|303\/303 brn\n|\n|-damage|p2a: Sableye|285\/303 brn|[from] brn\n|upkeep\n|turn|5\n|choice|switch 2|switch 6\n|\n|switch|p1a: Toxapex|Toxapex, F|303\/303 brn\n|switch|p2a: Zapdos|Zapdos|383\/383\n|-ability|p2a: Zapdos|Pressure\n|\n|-damage|p1a: Toxapex|285\/303 brn|[from] brn\n|upkeep\n|turn|6\n|choice|move toxic|move voltswitch\n|\n|move|p2a: Zapdos|Volt Switch|p1a: Toxapex\n|-supereffective|p1a: Toxapex\n|-damage|p1a: Toxapex|163\/303 brn\n|choice||switch 6\n|\n|switch|p2a: Sableye|Sableye-Mega, F|285\/303 brn\n|move|p1a: Toxapex|Toxic|p2a: Sableye\n|move|p2a: Sableye|Toxic|p1a: Toxapex|[from]Magic Bounce\n|-fail|p1a: Toxapex\n|\n|-damage|p1a: Toxapex|145\/303 brn|[from] brn\n|-damage|p2a: Sableye|267\/303 brn|[from] brn\n|upkeep\n|turn|7\n|choice|move scald|switch 6\n|\n|switch|p2a: Zapdos|Zapdos|383\/383\n|-ability|p2a: Zapdos|Pressure\n|move|p1a: Toxapex|Scald|p2a: Zapdos\n|-damage|p2a: Zapdos|322\/383\n|\n|-damage|p1a: Toxapex|127\/303 brn|[from] brn\n|upkeep\n|turn|8\n|c|\u2606Green's Legacy|this is gonna be a long game\n|c|\u2606Green's Legacy|well\n|choice|switch 2|move heatwave\n|\n|switch|p1a: Clefable|Clefable, F|394\/394\n|move|p2a: Zapdos|Heat Wave|p1a: Clefable\n|-crit|p1a: Clefable\n|-damage|p1a: Clefable|247\/394\n|\n|-heal|p1a: Clefable|271\/394|[from] item: Leftovers\n|upkeep\n|turn|9\n|c|\u2606Green's Legacy|lets enjoy ourselves\n|choice|move softboiled|move voltswitch\n|\n|move|p2a: Zapdos|Volt Switch|p1a: Clefable\n|-damage|p1a: Clefable|157\/394\n|choice||switch 4\n|\n|switch|p2a: Landorus|Landorus-Therian, M|382\/382\n|-ability|p2a: Landorus|Intimidate|boost\n|-unboost|p1a: Clefable|atk|1\n|move|p1a: Clefable|Soft-Boiled|p1a: Clefable\n|-heal|p1a: Clefable|354\/394\n|\n|-heal|p1a: Clefable|378\/394|[from] item: Leftovers\n|upkeep\n|turn|10\n|choice|move stealthrock|move stealthrock\n|\n|move|p2a: Landorus|Stealth Rock|p1a: Clefable\n|-sidestart|p1: Green's Legacy|move: Stealth Rock\n|move|p1a: Clefable|Stealth Rock|p2a: Landorus\n|-sidestart|p2: I'm back from mars|move: Stealth Rock\n|\n|-heal|p1a: Clefable|394\/394|[from] item: Leftovers\n|upkeep\n|turn|11\n|c|\u2606Green's Legacy|inb4 z\n|c|\u2606I'm back from mars|so you have knock off ok\n|choice|switch 5|move protect\n|\n|switch|p1a: Celesteela|Celesteela|397\/397\n|-damage|p1a: Celesteela|348\/397|[from] Stealth Rock\n|move|p2a: Landorus|Protect|p2a: Landorus\n|-fail|p2a: Landorus\n|\n|-heal|p1a: Celesteela|372\/397|[from] item: Leftovers\n|upkeep\n|turn|12\n|choice|move heavyslam|switch 3\n|\n|switch|p2a: Chansey|Chansey, F|703\/703\n|-damage|p2a: Chansey|616\/703|[from] Stealth Rock\n|move|p1a: Celesteela|Heavy Slam|p2a: Chansey\n|-damage|p2a: Chansey|444\/703\n|\n|-heal|p1a: Celesteela|396\/397|[from] item: Leftovers\n|upkeep\n|turn|13\n|choice|move heavyslam|move healbell\n|\n|move|p1a: Celesteela|Heavy Slam|p2a: Chansey\n|-damage|p2a: Chansey|255\/703\n|move|p2a: Chansey|Heal Bell|p2a: Chansey\n|-activate|p2a: Chansey|move: Heal Bell\n|-curestatus|p2: Sableye|brn|[msg]\n|\n|-heal|p1a: Celesteela|397\/397|[from] item: Leftovers\n|upkeep\n|turn|14\n|choice|move leechseed|move softboiled\n|\n|move|p1a: Celesteela|Leech Seed|p2a: Chansey|[miss]\n|-miss|p1a: Celesteela|p2a: Chansey\n|move|p2a: Chansey|Soft-Boiled|p2a: Chansey\n|-heal|p2a: Chansey|607\/703\n|\n|upkeep\n|turn|15\n|choice|move heavyslam|move seismictoss\n|\n|move|p1a: Celesteela|Heavy Slam|p2a: Chansey\n|-damage|p2a: Chansey|406\/703\n|move|p2a: Chansey|Seismic Toss|p1a: Celesteela\n|-damage|p1a: Celesteela|297\/397\n|\n|-heal|p1a: Celesteela|321\/397|[from] item: Leftovers\n|upkeep\n|turn|16\n|choice|move leechseed|move softboiled\n|\n|move|p1a: Celesteela|Leech Seed|p2a: Chansey\n|-start|p2a: Chansey|move: Leech Seed\n|move|p2a: Chansey|Soft-Boiled|p2a: Chansey\n|-heal|p2a: Chansey|703\/703\n|\n|-heal|p1a: Celesteela|345\/397|[from] item: Leftovers\n|-damage|p2a: Chansey|616\/703|[from] Leech Seed|[of] p1a: Celesteela\n|-heal|p1a: Celesteela|397\/397|[silent]\n|upkeep\n|turn|17\n|choice|switch 6|switch 6\n|\n|switch|p1a: Keldeo|Keldeo-Resolute|323\/323\n|-damage|p1a: Keldeo|303\/323|[from] Stealth Rock\n|switch|p2a: Sableye|Sableye-Mega, F|267\/303\n|-damage|p2a: Sableye|230\/303|[from] Stealth Rock\n|\n|upkeep\n|turn|18\n|choice|move calmmind|move protect\n|\n|move|p2a: Sableye|Protect|p2a: Sableye\n|-singleturn|p2a: Sableye|Protect\n|move|p1a: Keldeo|Calm Mind|p1a: Keldeo\n|-boost|p1a: Keldeo|spa|1\n|-boost|p1a: Keldeo|spd|1\n|\n|upkeep\n|turn|19\n|c|\u2606I'm back from mars|its going to be a long game he said\n|choice|move calmmind|switch 2\n|\n|switch|p2a: Tangrowth|Tangrowth, F|403\/403\n|-damage|p2a: Tangrowth|353\/403|[from] Stealth Rock\n|move|p1a: Keldeo|Calm Mind|p1a: Keldeo\n|-boost|p1a: Keldeo|spa|1\n|-boost|p1a: Keldeo|spd|1\n|\n|upkeep\n|turn|20\n|choice|move secretsword|move gigadrain\n|\n|move|p1a: Keldeo|Secret Sword|p2a: Tangrowth\n|-damage|p2a: Tangrowth|145\/403\n|move|p2a: Tangrowth|Giga Drain|p1a: Keldeo\n|-supereffective|p1a: Keldeo\n|-damage|p1a: Keldeo|205\/323\n|-heal|p2a: Tangrowth|194\/403|[from] drain|[of] p1a: Keldeo\n|\n|upkeep\n|turn|21\n|choice|move secretsword|move leechseed\n|\n|move|p1a: Keldeo|Secret Sword|p2a: Tangrowth\n|-damage|p2a: Tangrowth|11\/403\n|move|p2a: Tangrowth|Leech Seed|p1a: Keldeo\n|-start|p1a: Keldeo|move: Leech Seed\n|\n|-damage|p1a: Keldeo|165\/323|[from] Leech Seed|[of] p2a: Tangrowth\n|-heal|p2a: Tangrowth|51\/403|[silent]\n|upkeep\n|turn|22\n|c|\u2606Green's Legacy|tsk low roll\n|c|\u2606I'm back from mars|+2 252 SpA Keldeo Secret Sword vs. 248 HP \/ 212+ Def Tangrowth: 177-208 (43.9 - 51.6%) -- 10.5% chance to 2HKO\n|c|\u2606I'm back from mars|Tangrowth lost 51.6% of its health!\n|c|\u2606I'm back from mars|dont complain about rolls lol\n|choice|move scald|switch 6\n|\n|switch|p2a: Chansey|Chansey, F|616\/703\n|-damage|p2a: Chansey|529\/703|[from] Stealth Rock\n|move|p1a: Keldeo|Scald|p2a: Chansey\n|-damage|p2a: Chansey|340\/703\n|-status|p2a: Chansey|brn\n|\n|-damage|p1a: Keldeo|125\/323|[from] Leech Seed|[of] p2a: Chansey\n|-heal|p2a: Chansey|380\/703 brn|[silent]\n|-damage|p2a: Chansey|337\/703 brn|[from] brn\n|upkeep\n|turn|23\n|choice|move hyperbeam zmove|switch 2\n|\n|-curestatus|p2a: Chansey|brn|[from] ability: Natural Cure\n|switch|p2a: Sableye|Sableye-Mega, F|230\/303\n|-damage|p2a: Sableye|193\/303|[from] Stealth Rock\n|-zpower|p1a: Keldeo\n|move|p1a: Keldeo|Breakneck Blitz|p2a: Sableye|[zeffect]\n|-immune|p2a: Sableye|[msg]\n|\n|-damage|p1a: Keldeo|85\/323|[from] Leech Seed|[of] p2a: Sableye\n|-heal|p2a: Sableye|233\/303|[silent]\n|upkeep\n|turn|24\n|choice|switch 5|move protect\n|\n|switch|p1a: Clefable|Clefable, F|394\/394\n|move|p2a: Sableye|Protect|p2a: Sableye\n|-fail|p2a: Sableye\n|\n|upkeep\n|turn|25\n|c|\u2606Green's Legacy|gotme\n|choice|move moonblast|switch 4\n|\n|switch|p2a: Zapdos|Zapdos|322\/383\n|-damage|p2a: Zapdos|227\/383|[from] Stealth Rock\n|-ability|p2a: Zapdos|Pressure\n|move|p1a: Clefable|Moonblast|p2a: Zapdos\n|-damage|p2a: Zapdos|103\/383\n|-unboost|p2a: Zapdos|spa|1\n|\n|upkeep\n|turn|26\n|choice|move knockoff|move roost\n|\n|move|p2a: Zapdos|Roost|p2a: Zapdos\n|-heal|p2a: Zapdos|295\/383\n|move|p1a: Clefable|Knock Off|p2a: Zapdos\n|-damage|p2a: Zapdos|264\/383\n|\n|upkeep\n|turn|27\n|c|\u2606Green's Legacy|i see\n|c|\u2606Green's Legacy|z in here\n|choice|move moonblast|move roost\n|\n|move|p2a: Zapdos|Roost|p2a: Zapdos\n|-heal|p2a: Zapdos|383\/383\n|move|p1a: Clefable|Moonblast|p2a: Zapdos\n|-damage|p2a: Zapdos|262\/383\n|\n|upkeep\n|turn|28\n|choice|switch 4|move heatwave\n|\n|switch|p1a: Tyranitar|Tyranitar, M|341\/341\n|-damage|p1a: Tyranitar|299\/341|[from] Stealth Rock\n|-weather|Sandstorm|[from] ability: Sand Stream|[of] p1a: Tyranitar\n|move|p2a: Zapdos|Heat Wave|p1a: Tyranitar|[miss]\n|-miss|p2a: Zapdos|p1a: Tyranitar\n|\n|-weather|Sandstorm|[upkeep]\n|-damage|p2a: Zapdos|239\/383|[from] sandstorm\n|upkeep\n|turn|29\n|choice|move dragondance mega|move voltswitch\n|\n|detailschange|p1a: Tyranitar|Tyranitar-Mega, M\n|-mega|p1a: Tyranitar|Tyranitar|Tyranitarite\n|move|p1a: Tyranitar|Dragon Dance|p1a: Tyranitar\n|-boost|p1a: Tyranitar|atk|1\n|-boost|p1a: Tyranitar|spe|1\n|move|p2a: Zapdos|Volt Switch|p1a: Tyranitar\n|-damage|p1a: Tyranitar|263\/341\n|choice||switch 3\n|\n|switch|p2a: Landorus|Landorus-Therian, M|382\/382\n|-damage|p2a: Landorus|335\/382|[from] Stealth Rock\n|-ability|p2a: Landorus|Intimidate|boost\n|-unboost|p1a: Tyranitar|atk|1\n|\n|-weather|Sandstorm|[upkeep]\n|-heal|p2a: Landorus|358\/382|[from] item: Leftovers\n|upkeep\n|turn|30\n|choice|switch 6|move earthquake\n|\n|switch|p1a: Celesteela|Celesteela|397\/397\n|-damage|p1a: Celesteela|348\/397|[from] Stealth Rock\n|move|p2a: Landorus|Earthquake|p1a: Celesteela\n|-immune|p1a: Celesteela|[msg]\n|\n|-weather|Sandstorm|[upkeep]\n|-heal|p2a: Landorus|381\/382|[from] item: Leftovers\n|-heal|p1a: Celesteela|372\/397|[from] item: Leftovers\n|upkeep\n|turn|31\n|choice|switch 5|switch 6\n|\n|switch|p2a: Tangrowth|Tangrowth, F|185\/403\n|-damage|p2a: Tangrowth|135\/403|[from] Stealth Rock\n|switch|p1a: Keldeo|Keldeo-Resolute|85\/323\n|-damage|p1a: Keldeo|65\/323|[from] Stealth Rock\n|\n|-weather|Sandstorm|[upkeep]\n|-damage|p1a: Keldeo|45\/323|[from] sandstorm\n|-damage|p2a: Tangrowth|110\/403|[from] sandstorm\n|upkeep\n|turn|32\n|choice|move hyperbeam|switch 2\n|\n|switch|p2a: Chansey|Chansey, F|337\/703\n|-damage|p2a: Chansey|250\/703|[from] Stealth Rock\n|move|p1a: Keldeo|Hyper Beam|p2a: Chansey\n|-damage|p2a: Chansey|139\/703\n|\n|-weather|none\n|upkeep\n|turn|33\n|-mustrecharge|p1a: Keldeo\n|-mustrecharge|p1a: Keldeo\n|-mustrecharge|p1a: Keldeo\n|c|\u2606Green's Legacy|nice\n|c|\u2606I'm back from mars|hpump killed\n|choice|move recharge|move seismictoss\n|\n|cant|p1a: Keldeo|recharge\n|move|p2a: Chansey|Seismic Toss|p1a: Keldeo\n|-damage|p1a: Keldeo|0 fnt\n|faint|p1a: Keldeo\n|\n|upkeep\n|choice|switch 6|\n|\n|switch|p1a: Tyranitar|Tyranitar-Mega, M|263\/341\n|-damage|p1a: Tyranitar|221\/341|[from] Stealth Rock\n|-weather|Sandstorm|[from] ability: Sand Stream|[of] p1a: Tyranitar\n|turn|34\n|choice|move stoneedge|move toxic\n|\n|move|p1a: Tyranitar|Stone Edge|p2a: Chansey\n|-damage|p2a: Chansey|0 fnt\n|faint|p2a: Chansey\n|\n|-weather|Sandstorm|[upkeep]\n|upkeep\n|choice||switch 6\n|\n|switch|p2a: Landorus|Landorus-Therian, M|381\/382\n|-damage|p2a: Landorus|334\/382|[from] Stealth Rock\n|-ability|p2a: Landorus|Intimidate|boost\n|-unboost|p1a: Tyranitar|atk|1\n|turn|35\n|choice|switch 5|switch 2\n|\n|switch|p1a: Celesteela|Celesteela|372\/397\n|-damage|p1a: Celesteela|323\/397|[from] Stealth Rock\n|switch|p2a: Tangrowth|Tangrowth, F|244\/403\n|-damage|p2a: Tangrowth|194\/403|[from] Stealth Rock\n|\n|-weather|Sandstorm|[upkeep]\n|-damage|p2a: Tangrowth|169\/403|[from] sandstorm\n|-heal|p1a: Celesteela|347\/397|[from] item: Leftovers\n|upkeep\n|turn|36\n|choice|move flamethrower|switch 3\n|\n|switch|p2a: Zapdos|Zapdos|239\/383\n|-damage|p2a: Zapdos|144\/383|[from] Stealth Rock\n|-ability|p2a: Zapdos|Pressure\n|move|p1a: Celesteela|Flamethrower|p2a: Zapdos\n|-damage|p2a: Zapdos|68\/383\n|\n|-weather|Sandstorm|[upkeep]\n|-damage|p2a: Zapdos|45\/383|[from] sandstorm\n|-heal|p1a: Celesteela|371\/397|[from] item: Leftovers\n|upkeep\n|turn|37\n|choice|move leechseed|move roost\n|\n|move|p2a: Zapdos|Roost|p2a: Zapdos\n|-heal|p2a: Zapdos|237\/383\n|move|p1a: Celesteela|Leech Seed|p2a: Zapdos\n|-start|p2a: Zapdos|move: Leech Seed\n|\n|-weather|Sandstorm|[upkeep]\n|-damage|p2a: Zapdos|214\/383|[from] sandstorm\n|-heal|p1a: Celesteela|395\/397|[from] item: Leftovers\n|-damage|p2a: Zapdos|167\/383|[from] Leech Seed|[of] p1a: Celesteela\n|-heal|p1a: Celesteela|397\/397|[silent]\n|upkeep\n|turn|38\n|choice|switch 3|move roost\n|\n|switch|p1a: Excadrill|Excadrill, M|362\/362\n|-damage|p1a: Excadrill|351\/362|[from] Stealth Rock\n|move|p2a: Zapdos|Roost|p2a: Zapdos\n|-heal|p2a: Zapdos|359\/383\n|\n|-weather|none\n|-damage|p2a: Zapdos|312\/383|[from] Leech Seed|[of] p1a: Excadrill\n|-heal|p1a: Excadrill|362\/362|[silent]\n|upkeep\n|turn|39\n|choice|switch 4|switch 2\n|\n|switch|p1a: Clefable|Clefable, F|394\/394\n|switch|p2a: Landorus|Landorus-Therian, M|334\/382\n|-damage|p2a: Landorus|287\/382|[from] Stealth Rock\n|-ability|p2a: Landorus|Intimidate|boost\n|-unboost|p1a: Clefable|atk|1\n|\n|-heal|p2a: Landorus|310\/382|[from] item: Leftovers\n|upkeep\n|turn|40\n|choice|move moonblast|move protect\n|\n|move|p2a: Landorus|Protect|p2a: Landorus\n|-singleturn|p2a: Landorus|Protect\n|move|p1a: Clefable|Moonblast|p2a: Landorus\n|-activate|p2a: Landorus|move: Protect\n|\n|-heal|p2a: Landorus|333\/382|[from] item: Leftovers\n|upkeep\n|turn|41\n|choice|move moonblast|switch 2\n|\n|switch|p2a: Zapdos|Zapdos|312\/383\n|-damage|p2a: Zapdos|217\/383|[from] Stealth Rock\n|-ability|p2a: Zapdos|Pressure\n|move|p1a: Clefable|Moonblast|p2a: Zapdos\n|-damage|p2a: Zapdos|96\/383\n|-unboost|p2a: Zapdos|spa|1\n|\n|upkeep\n|turn|42\n|choice|switch 5|move roost\n|\n|switch|p1a: Tyranitar|Tyranitar-Mega, M|221\/341\n|-damage|p1a: Tyranitar|179\/341|[from] Stealth Rock\n|-weather|Sandstorm|[from] ability: Sand Stream|[of] p1a: Tyranitar\n|move|p2a: Zapdos|Roost|p2a: Zapdos\n|-heal|p2a: Zapdos|288\/383\n|\n|-weather|Sandstorm|[upkeep]\n|-damage|p2a: Zapdos|265\/383|[from] sandstorm\n|upkeep\n|turn|43\n|choice|move icepunch|switch 2\n|\n|switch|p2a: Landorus|Landorus-Therian, M|333\/382\n|-damage|p2a: Landorus|286\/382|[from] Stealth Rock\n|-ability|p2a: Landorus|Intimidate|boost\n|-unboost|p1a: Tyranitar|atk|1\n|move|p1a: Tyranitar|Ice Punch|p2a: Landorus\n|-supereffective|p2a: Landorus\n|-damage|p2a: Landorus|38\/382\n|\n|-weather|Sandstorm|[upkeep]\n|-heal|p2a: Landorus|61\/382|[from] item: Leftovers\n|upkeep\n|turn|44\n|choice|move icepunch|switch 2\n|\n|switch|p2a: Zapdos|Zapdos|265\/383\n|-damage|p2a: Zapdos|170\/383|[from] Stealth Rock\n|-ability|p2a: Zapdos|Pressure\n|move|p1a: Tyranitar|Ice Punch|p2a: Zapdos\n|-supereffective|p2a: Zapdos\n|-damage|p2a: Zapdos|56\/383\n|-status|p2a: Zapdos|frz\n|\n|-weather|Sandstorm|[upkeep]\n|-damage|p2a: Zapdos|33\/383 frz|[from] sandstorm\n|upkeep\n|turn|45\n|c|\u2606Green's Legacy|why the zapdos\n|c|\u2606Green's Legacy|its obvious that your lando isnt running speed\n|c|\u2606I'm back from mars|idk i expected you to double but it was a mistake\n|c|\u2606I'm back from mars|its an impossible to win match up anyway\n|choice|move icepunch|switch 3\n|\n|switch|p2a: Tangrowth|Tangrowth, F|303\/403\n|-damage|p2a: Tangrowth|253\/403|[from] Stealth Rock\n|move|p1a: Tyranitar|Ice Punch|p2a: Tangrowth\n|-supereffective|p2a: Tangrowth\n|-damage|p2a: Tangrowth|157\/403\n|-damage|p1a: Tyranitar|123\/341|[from] item: Rocky Helmet|[of] p2a: Tangrowth\n|\n|-weather|Sandstorm|[upkeep]\n|-damage|p2a: Tangrowth|132\/403|[from] sandstorm\n|upkeep\n|turn|46\n|c|\u2606Green's Legacy|and how do you plan to remove rocks btw\n|choice|switch 5|move gigadrain\n|\n|switch|p1a: Clefable|Clefable, F|394\/394\n|move|p2a: Tangrowth|Giga Drain|p1a: Clefable\n|-damage|p1a: Clefable|282\/394\n|-heal|p2a: Tangrowth|188\/403|[from] drain|[of] p1a: Clefable\n|\n|-weather|none\n|-heal|p1a: Clefable|306\/394|[from] item: Leftovers\n|upkeep\n|turn|47\n|c|\u2606I'm back from mars|i didnt plan to remove them\n|c|\u2606Green's Legacy|whats the point of keeping zap\n|c|\u2606Green's Legacy|annother regenerator turn?\n|c|\u2606Green's Legacy|a free switch?\n|c|\u2606I'm back from mars|ah you mean that\n|c|\u2606I'm back from mars|because if you dd i lost\n|choice|move softboiled|move gigadrain\n|\n|move|p1a: Clefable|Soft-Boiled|p1a: Clefable\n|-heal|p1a: Clefable|394\/394\n|move|p2a: Tangrowth|Giga Drain|p1a: Clefable\n|-damage|p1a: Clefable|288\/394\n|-heal|p2a: Tangrowth|241\/403|[from] drain|[of] p1a: Clefable\n|\n|-heal|p1a: Clefable|312\/394|[from] item: Leftovers\n|upkeep\n|turn|48\n|choice|move knockoff|move sludgebomb\n|\n|move|p1a: Clefable|Knock Off|p2a: Tangrowth\n|-damage|p2a: Tangrowth|208\/403\n|-enditem|p2a: Tangrowth|Rocky Helmet|[from] move: Knock Off|[of] p1a: Clefable\n|move|p2a: Tangrowth|Sludge Bomb|p1a: Clefable\n|-supereffective|p1a: Clefable\n|-damage|p1a: Clefable|142\/394\n|\n|-heal|p1a: Clefable|166\/394|[from] item: Leftovers\n|upkeep\n|turn|49\n|c|\u2606Green's Legacy|so how do you find my team\n|choice|move softboiled|move sludgebomb\n|\n|move|p1a: Clefable|Soft-Boiled|p1a: Clefable\n|-heal|p1a: Clefable|363\/394\n|move|p2a: Tangrowth|Sludge Bomb|p1a: Clefable\n|-supereffective|p1a: Clefable\n|-damage|p1a: Clefable|187\/394\n|\n|-heal|p1a: Clefable|211\/394|[from] item: Leftovers\n|upkeep\n|turn|50\n|c|\u2606I'm back from mars|very cool\n|c|\u2606Green's Legacy|i think its quite solid\n|c|\u2606I'm back from mars|yes\n|c|\u2606Green's Legacy|but i feel theres something to improve\n|c|\u2606I'm back from mars|ive tried to build something similar too\n|c|\u2606I'm back from mars|I had band ttar and mega latias instead of keld\n|c|\u2606I'm back from mars|but I found it was a bit zygarde weak\n|choice|move softboiled|move gigadrain\n|\n|move|p1a: Clefable|Soft-Boiled|p1a: Clefable\n|-heal|p1a: Clefable|394\/394\n|move|p2a: Tangrowth|Giga Drain|p1a: Clefable\n|-crit|p1a: Clefable\n|-damage|p1a: Clefable|240\/394\n|-heal|p2a: Tangrowth|285\/403|[from] drain|[of] p1a: Clefable\n|\n|-heal|p1a: Clefable|264\/394|[from] item: Leftovers\n|upkeep\n|turn|51\n|choice|switch 3|move gigadrain\n|\n|switch|p1a: Celesteela|Celesteela|397\/397\n|-damage|p1a: Celesteela|348\/397|[from] Stealth Rock\n|move|p2a: Tangrowth|Giga Drain|p1a: Celesteela\n|-resisted|p1a: Celesteela\n|-damage|p1a: Celesteela|325\/397\n|-heal|p2a: Tangrowth|297\/403|[from] drain|[of] p1a: Celesteela\n|\n|-heal|p1a: Celesteela|349\/397|[from] item: Leftovers\n|upkeep\n|turn|52\n|choice|move protect|switch 4\n|\n|switch|p2a: Sableye|Sableye-Mega, F|233\/303\n|-damage|p2a: Sableye|196\/303|[from] Stealth Rock\n|move|p1a: Celesteela|Protect|p1a: Celesteela\n|-fail|p1a: Celesteela\n|\n|-heal|p1a: Celesteela|373\/397|[from] item: Leftovers\n|upkeep\n|turn|53\n|choice|switch 2|move recover\n|\n|switch|p1a: Toxapex|Toxapex, F|228\/303 brn\n|-damage|p1a: Toxapex|191\/303 brn|[from] Stealth Rock\n|move|p2a: Sableye|Recover|p2a: Sableye\n|-heal|p2a: Sableye|303\/303\n|\n|-damage|p1a: Toxapex|173\/303 brn|[from] brn\n|upkeep\n|turn|54\n|choice|switch 3|switch 4\n|\n|switch|p1a: Clefable|Clefable, F|264\/394\n|switch|p2a: Tangrowth|Tangrowth, F|403\/403\n|-damage|p2a: Tangrowth|353\/403|[from] Stealth Rock\n|\n|-heal|p1a: Clefable|288\/394|[from] item: Leftovers\n|upkeep\n|turn|55\n|choice|switch 3|move knockoff\n|\n|switch|p1a: Toxapex|Toxapex, F|274\/303 brn\n|-damage|p1a: Toxapex|237\/303 brn|[from] Stealth Rock\n|move|p2a: Tangrowth|Knock Off|p1a: Toxapex\n|-damage|p1a: Toxapex|200\/303 brn\n|\n|-damage|p1a: Toxapex|182\/303 brn|[from] brn\n|upkeep\n|turn|56\n|choice|switch 3|switch 3\n|\n|switch|p2a: Zapdos|Zapdos|33\/383 frz\n|-damage|p2a: Zapdos|0 fnt|[from] Stealth Rock\n|faint|p2a: Zapdos\n|switch|p1a: Clefable|Clefable, F|288\/394\n|\n|-heal|p1a: Clefable|312\/394|[from] item: Leftovers\n|upkeep\n|choice||switch 5\n|\n|switch|p2a: Weavile|Weavile, F|281\/281\n|-damage|p2a: Weavile|211\/281|[from] Stealth Rock\n|-ability|p2a: Weavile|Pressure\n|turn|57\n|choice|switch 3|move iciclecrash\n|\n|switch|p1a: Toxapex|Toxapex, F|283\/303 brn\n|-damage|p1a: Toxapex|246\/303 brn|[from] Stealth Rock\n|move|p2a: Weavile|Icicle Crash|p1a: Toxapex\n|-resisted|p1a: Toxapex\n|-damage|p1a: Toxapex|180\/303 brn\n|\n|-damage|p1a: Toxapex|162\/303 brn|[from] brn\n|upkeep\n|turn|58\n|choice|move recover|move iciclecrash\n|\n|move|p2a: Weavile|Icicle Crash|p1a: Toxapex\n|-resisted|p1a: Toxapex\n|-damage|p1a: Toxapex|95\/303 brn\n|cant|p1a: Toxapex|flinch\n|\n|-damage|p1a: Toxapex|77\/303 brn|[from] brn\n|upkeep\n|turn|59\n|choice|switch 2|move iciclecrash\n|\n|switch|p1a: Celesteela|Celesteela|373\/397\n|-damage|p1a: Celesteela|324\/397|[from] Stealth Rock\n|move|p2a: Weavile|Icicle Crash|p1a: Celesteela\n|-damage|p1a: Celesteela|180\/397\n|\n|-heal|p1a: Celesteela|204\/397|[from] item: Leftovers\n|upkeep\n|turn|60\n|choice|move protect|move iciclecrash\n|\n|move|p1a: Celesteela|Protect|p1a: Celesteela\n|-singleturn|p1a: Celesteela|Protect\n|move|p2a: Weavile|Icicle Crash|p1a: Celesteela\n|-activate|p1a: Celesteela|move: Protect\n|\n|-heal|p1a: Celesteela|228\/397|[from] item: Leftovers\n|upkeep\n|turn|61\n|choice|move heavyslam|move iciclecrash\n|\n|move|p2a: Weavile|Icicle Crash|p1a: Celesteela\n|-damage|p1a: Celesteela|75\/397\n|move|p1a: Celesteela|Heavy Slam|p2a: Weavile\n|-supereffective|p2a: Weavile\n|-damage|p2a: Weavile|0 fnt\n|faint|p2a: Weavile\n|-ability|p1a: Celesteela|Beast Boost|boost\n|-boost|p1a: Celesteela|def|1\n|\n|-heal|p1a: Celesteela|99\/397|[from] item: Leftovers\n|upkeep\n|choice||switch 4\n|\n|switch|p2a: Sableye|Sableye-Mega, F|303\/303\n|-damage|p2a: Sableye|266\/303|[from] Stealth Rock\n|turn|62\n|choice|move protect|move knockoff\n|\n|move|p1a: Celesteela|Protect|p1a: Celesteela\n|-singleturn|p1a: Celesteela|Protect\n|move|p2a: Sableye|Knock Off|p1a: Celesteela\n|-activate|p1a: Celesteela|move: Protect\n|\n|-heal|p1a: Celesteela|123\/397|[from] item: Leftovers\n|upkeep\n|turn|63\n|choice|switch 2|move knockoff\n|\n|switch|p1a: Toxapex|Toxapex, F|178\/303 brn\n|-damage|p1a: Toxapex|141\/303 brn|[from] Stealth Rock\n|move|p2a: Sableye|Knock Off|p1a: Toxapex\n|-damage|p1a: Toxapex|98\/303 brn\n|\n|-damage|p1a: Toxapex|80\/303 brn|[from] brn\n|upkeep\n|turn|64\n|choice|move toxic|move knockoff\n|\n|move|p1a: Toxapex|Toxic|p2a: Sableye\n|move|p2a: Sableye|Toxic|p1a: Toxapex|[from]Magic Bounce|[miss]\n|-miss|p2a: Sableye|p1a: Toxapex\n|move|p2a: Sableye|Knock Off|p1a: Toxapex\n|-damage|p1a: Toxapex|38\/303 brn\n|\n|-damage|p1a: Toxapex|20\/303 brn|[from] brn\n|upkeep\n|turn|65\n|choice|move recover|switch 2\n|\n|switch|p2a: Landorus|Landorus-Therian, M|61\/382\n|-damage|p2a: Landorus|14\/382|[from] Stealth Rock\n|-ability|p2a: Landorus|Intimidate|boost\n|-unboost|p1a: Toxapex|atk|1\n|move|p1a: Toxapex|Recover|p1a: Toxapex\n|-heal|p1a: Toxapex|172\/303 brn\n|\n|-heal|p2a: Landorus|37\/382|[from] item: Leftovers\n|-damage|p1a: Toxapex|154\/303 brn|[from] brn\n|upkeep\n|turn|66\n|choice|switch 2|move hiddenpower\n|\n|switch|p1a: Celesteela|Celesteela|123\/397\n|-damage|p1a: Celesteela|74\/397|[from] Stealth Rock\n|move|p2a: Landorus|Hidden Power|p1a: Celesteela\n|-damage|p1a: Celesteela|27\/397\n|\n|-heal|p2a: Landorus|60\/382|[from] item: Leftovers\n|-heal|p1a: Celesteela|51\/397|[from] item: Leftovers\n|upkeep\n|turn|67\n|choice|move flamethrower|switch 2\n|\n|switch|p2a: Sableye|Sableye-Mega, F|266\/303\n|-damage|p2a: Sableye|229\/303|[from] Stealth Rock\n|move|p1a: Celesteela|Flamethrower|p2a: Sableye\n|-damage|p2a: Sableye|178\/303\n|\n|-heal|p1a: Celesteela|75\/397|[from] item: Leftovers\n|upkeep\n|turn|68\n|choice|move protect|move knockoff\n|\n|move|p1a: Celesteela|Protect|p1a: Celesteela\n|-singleturn|p1a: Celesteela|Protect\n|move|p2a: Sableye|Knock Off|p1a: Celesteela\n|-activate|p1a: Celesteela|move: Protect\n|\n|-heal|p1a: Celesteela|99\/397|[from] item: Leftovers\n|upkeep\n|turn|69\n|choice|switch 3|switch 2\n|\n|switch|p1a: Clefable|Clefable, F|312\/394\n|switch|p2a: Landorus|Landorus-Therian, M|60\/382\n|-damage|p2a: Landorus|13\/382|[from] Stealth Rock\n|-ability|p2a: Landorus|Intimidate|boost\n|-unboost|p1a: Clefable|atk|1\n|\n|-heal|p2a: Landorus|36\/382|[from] item: Leftovers\n|-heal|p1a: Clefable|336\/394|[from] item: Leftovers\n|upkeep\n|turn|70\n|choice|move moonblast|move earthquake\n|\n|move|p2a: Landorus|Earthquake|p1a: Clefable\n|-damage|p1a: Clefable|182\/394\n|move|p1a: Clefable|Moonblast|p2a: Landorus\n|-crit|p2a: Landorus\n|-damage|p2a: Landorus|0 fnt\n|faint|p2a: Landorus\n|\n|-heal|p1a: Clefable|206\/394|[from] item: Leftovers\n|upkeep\n|choice||switch 3\n|\n|switch|p2a: Tangrowth|Tangrowth, F|403\/403\n|-damage|p2a: Tangrowth|353\/403|[from] Stealth Rock\n|turn|71\n|choice|move softboiled|move knockoff\n|\n|move|p1a: Clefable|Soft-Boiled|p1a: Clefable\n|-heal|p1a: Clefable|394\/394\n|move|p2a: Tangrowth|Knock Off|p1a: Clefable\n|-resisted|p1a: Clefable\n|-damage|p1a: Clefable|363\/394\n|-enditem|p1a: Clefable|Leftovers|[from] move: Knock Off|[of] p2a: Tangrowth\n|\n|upkeep\n|turn|72\n|choice|switch 2|move gigadrain\n|\n|switch|p1a: Toxapex|Toxapex, F|255\/303 brn\n|-damage|p1a: Toxapex|218\/303 brn|[from] Stealth Rock\n|move|p2a: Tangrowth|Giga Drain|p1a: Toxapex\n|-damage|p1a: Toxapex|161\/303 brn\n|-heal|p2a: Tangrowth|382\/403|[from] drain|[of] p1a: Toxapex\n|\n|-damage|p1a: Toxapex|143\/303 brn|[from] brn\n|upkeep\n|turn|73\n|choice|move recover|move leechseed\n|\n|move|p2a: Tangrowth|Leech Seed|p1a: Toxapex|[miss]\n|-miss|p2a: Tangrowth|p1a: Toxapex\n|move|p1a: Toxapex|Recover|p1a: Toxapex\n|-heal|p1a: Toxapex|295\/303 brn\n|\n|-damage|p1a: Toxapex|277\/303 brn|[from] brn\n|upkeep\n|turn|74\n|choice|move toxicspikes|switch 2\n|\n|switch|p2a: Sableye|Sableye-Mega, F|178\/303\n|-damage|p2a: Sableye|141\/303|[from] Stealth Rock\n|move|p1a: Toxapex|Toxic Spikes|p2a: Sableye\n|move|p2a: Sableye|Toxic Spikes|p1a: Toxapex|[from]Magic Bounce\n|-sidestart|p1: Green's Legacy|move: Toxic Spikes\n|\n|-damage|p1a: Toxapex|259\/303 brn|[from] brn\n|upkeep\n|turn|75\n|choice|switch 2|move recover\n|\n|switch|p1a: Clefable|Clefable, F|363\/394\n|-status|p1a: Clefable|psn\n|move|p2a: Sableye|Recover|p2a: Sableye\n|-heal|p2a: Sableye|293\/303\n|\n|upkeep\n|turn|76\n|c|\u2606Green's Legacy|now i cant be burnt\n|c|\u2606I'm back from mars|lol\n|choice|switch 2|move protect\n|\n|switch|p1a: Toxapex|Toxapex, F|303\/303 brn\n|-damage|p1a: Toxapex|266\/303 brn|[from] Stealth Rock\n|-sideend|p1: Green's Legacy|move: Toxic Spikes|[of] p1a: Toxapex\n|move|p2a: Sableye|Protect|p2a: Sableye\n|-fail|p2a: Sableye\n|\n|-damage|p1a: Toxapex|248\/303 brn|[from] brn\n|upkeep\n|turn|77\n|choice|switch 2|switch 2\n|\n|switch|p1a: Clefable|Clefable, F|363\/394 psn\n|switch|p2a: Tangrowth|Tangrowth, F|403\/403\n|-damage|p2a: Tangrowth|353\/403|[from] Stealth Rock\n|\n|upkeep\n|turn|78\n|choice|switch 2|move sludgebomb\n|\n|switch|p1a: Toxapex|Toxapex, F|303\/303 brn\n|-damage|p1a: Toxapex|266\/303 brn|[from] Stealth Rock\n|move|p2a: Tangrowth|Sludge Bomb|p1a: Toxapex\n|-resisted|p1a: Toxapex\n|-damage|p1a: Toxapex|243\/303 brn\n|\n|-damage|p1a: Toxapex|225\/303 brn|[from] brn\n|upkeep\n|turn|79\n|choice|switch 2|move gigadrain\n|\n|switch|p1a: Clefable|Clefable, F|363\/394 psn\n|move|p2a: Tangrowth|Giga Drain|p1a: Clefable\n|-damage|p1a: Clefable|264\/394 psn\n|-heal|p2a: Tangrowth|403\/403|[from] drain|[of] p1a: Clefable\n|\n|upkeep\n|turn|80\n|choice|switch 2|move sludgebomb\n|\n|switch|p1a: Toxapex|Toxapex, F|303\/303 brn\n|-damage|p1a: Toxapex|266\/303 brn|[from] Stealth Rock\n|move|p2a: Tangrowth|Sludge Bomb|p1a: Toxapex\n|-resisted|p1a: Toxapex\n|-damage|p1a: Toxapex|244\/303 brn\n|\n|-damage|p1a: Toxapex|226\/303 brn|[from] brn\n|upkeep\n|turn|81\n|choice|switch 2|move sludgebomb\n|\n|switch|p1a: Clefable|Clefable, F|264\/394 psn\n|move|p2a: Tangrowth|Sludge Bomb|p1a: Clefable\n|-supereffective|p1a: Clefable\n|-damage|p1a: Clefable|106\/394 psn\n|\n|upkeep\n|turn|82\n|choice|move softboiled|move sludgebomb\n|\n|move|p1a: Clefable|Soft-Boiled|p1a: Clefable\n|-heal|p1a: Clefable|303\/394 psn\n|move|p2a: Tangrowth|Sludge Bomb|p1a: Clefable\n|-supereffective|p1a: Clefable\n|-damage|p1a: Clefable|125\/394 psn\n|\n|upkeep\n|turn|83\n|choice|move softboiled|move sludgebomb\n|\n|move|p1a: Clefable|Soft-Boiled|p1a: Clefable\n|-heal|p1a: Clefable|322\/394 psn\n|move|p2a: Tangrowth|Sludge Bomb|p1a: Clefable\n|-supereffective|p1a: Clefable\n|-damage|p1a: Clefable|142\/394 psn\n|\n|upkeep\n|turn|84\n|choice|move softboiled|move sludgebomb\n|\n|move|p1a: Clefable|Soft-Boiled|p1a: Clefable\n|-heal|p1a: Clefable|339\/394 psn\n|move|p2a: Tangrowth|Sludge Bomb|p1a: Clefable\n|-supereffective|p1a: Clefable\n|-damage|p1a: Clefable|169\/394 psn\n|\n|upkeep\n|turn|85\n|choice|move softboiled|move sludgebomb\n|\n|move|p1a: Clefable|Soft-Boiled|p1a: Clefable\n|-heal|p1a: Clefable|366\/394 psn\n|move|p2a: Tangrowth|Sludge Bomb|p1a: Clefable\n|-supereffective|p1a: Clefable\n|-crit|p1a: Clefable\n|-damage|p1a: Clefable|94\/394 psn\n|\n|upkeep\n|turn|86\n|choice|move softboiled|move sludgebomb\n|\n|move|p1a: Clefable|Soft-Boiled|p1a: Clefable\n|-heal|p1a: Clefable|291\/394 psn\n|move|p2a: Tangrowth|Sludge Bomb|p1a: Clefable\n|-supereffective|p1a: Clefable\n|-damage|p1a: Clefable|131\/394 psn\n|\n|upkeep\n|turn|87\n|choice|move softboiled|move sludgebomb\n|\n|move|p1a: Clefable|Soft-Boiled|p1a: Clefable\n|-heal|p1a: Clefable|328\/394 psn\n|move|p2a: Tangrowth|Sludge Bomb|p1a: Clefable\n|-supereffective|p1a: Clefable\n|-damage|p1a: Clefable|152\/394 psn\n|\n|upkeep\n|turn|88\n|choice|switch 2|move sludgebomb\n|\n|switch|p1a: Toxapex|Toxapex, F|303\/303 brn\n|-damage|p1a: Toxapex|266\/303 brn|[from] Stealth Rock\n|move|p2a: Tangrowth|Sludge Bomb|p1a: Toxapex\n|-resisted|p1a: Toxapex\n|-damage|p1a: Toxapex|244\/303 brn\n|\n|-damage|p1a: Toxapex|226\/303 brn|[from] brn\n|upkeep\n|turn|89\n|choice|move toxic|switch 2\n|\n|switch|p2a: Sableye|Sableye-Mega, F|293\/303\n|-damage|p2a: Sableye|256\/303|[from] Stealth Rock\n|move|p1a: Toxapex|Toxic|p2a: Sableye\n|move|p2a: Sableye|Toxic|p1a: Toxapex|[from]Magic Bounce\n|-fail|p1a: Toxapex\n|\n|-damage|p1a: Toxapex|208\/303 brn|[from] brn\n|upkeep\n|turn|90\n|choice|move scald|switch 2\n|\n|switch|p2a: Tangrowth|Tangrowth, F|403\/403\n|-damage|p2a: Tangrowth|353\/403|[from] Stealth Rock\n|move|p1a: Toxapex|Scald|p2a: Tangrowth\n|-resisted|p2a: Tangrowth\n|-damage|p2a: Tangrowth|311\/403\n|\n|-damage|p1a: Toxapex|190\/303 brn|[from] brn\n|upkeep\n|turn|91\n|choice|move toxic|move sludgebomb\n|\n|move|p2a: Tangrowth|Sludge Bomb|p1a: Toxapex\n|-resisted|p1a: Toxapex\n|-damage|p1a: Toxapex|166\/303 brn\n|move|p1a: Toxapex|Toxic|p2a: Tangrowth\n|-status|p2a: Tangrowth|tox\n|\n|-damage|p2a: Tangrowth|286\/403 tox|[from] psn\n|-damage|p1a: Toxapex|148\/303 brn|[from] brn\n|upkeep\n|turn|92\n|choice|move recover|move gigadrain\n|\n|move|p2a: Tangrowth|Giga Drain|p1a: Toxapex\n|-damage|p1a: Toxapex|94\/303 brn\n|-heal|p2a: Tangrowth|313\/403 tox|[from] drain|[of] p1a: Toxapex\n|move|p1a: Toxapex|Recover|p1a: Toxapex\n|-heal|p1a: Toxapex|246\/303 brn\n|\n|-damage|p2a: Tangrowth|263\/403 tox|[from] psn\n|-damage|p1a: Toxapex|228\/303 brn|[from] brn\n|upkeep\n|turn|93\n|choice|move toxicspikes|switch 2\n|\n|switch|p2a: Sableye|Sableye-Mega, F|256\/303\n|-damage|p2a: Sableye|219\/303|[from] Stealth Rock\n|move|p1a: Toxapex|Toxic Spikes|p2a: Sableye\n|move|p2a: Sableye|Toxic Spikes|p1a: Toxapex|[from]Magic Bounce\n|-sidestart|p1: Green's Legacy|move: Toxic Spikes\n|\n|-damage|p1a: Toxapex|210\/303 brn|[from] brn\n|upkeep\n|turn|94\n|c|\u2606I'm back from mars|if i z your toxapex at beginning maybe i had a chance\n|choice|move toxicspikes|switch 2\n|\n|switch|p2a: Tangrowth|Tangrowth, F|397\/403 tox\n|-damage|p2a: Tangrowth|347\/403 tox|[from] Stealth Rock\n|move|p1a: Toxapex|Toxic Spikes|p2a: Tangrowth\n|-sidestart|p2: I'm back from mars|move: Toxic Spikes\n|\n|-damage|p2a: Tangrowth|322\/403 tox|[from] psn\n|-damage|p1a: Toxapex|192\/303 brn|[from] brn\n|upkeep\n|turn|95\n|choice|move toxicspikes|move leechseed\n|\n|move|p2a: Tangrowth|Leech Seed|p1a: Toxapex\n|-start|p1a: Toxapex|move: Leech Seed\n|move|p1a: Toxapex|Toxic Spikes|p2a: Tangrowth\n|-sidestart|p2: I'm back from mars|move: Toxic Spikes\n|\n|-damage|p1a: Toxapex|155\/303 brn|[from] Leech Seed|[of] p2a: Tangrowth\n|-heal|p2a: Tangrowth|359\/403 tox|[silent]\n|-damage|p2a: Tangrowth|309\/403 tox|[from] psn\n|-damage|p1a: Toxapex|137\/303 brn|[from] brn\n|upkeep\n|turn|96\n|c|\u2606Green's Legacy|if i had z you tangrowth it was a gg\n|c|\u2606Green's Legacy|your*\n|c|\u2606I'm back from mars|but yeah\n|choice|move recover|switch 2\n|\n|switch|p2a: Sableye|Sableye-Mega, F|219\/303\n|-status|p2a: Sableye|tox\n|-damage|p2a: Sableye|182\/303 tox|[from] Stealth Rock\n|move|p1a: Toxapex|Recover|p1a: Toxapex\n|-heal|p1a: Toxapex|289\/303 brn\n|\n|-damage|p1a: Toxapex|252\/303 brn|[from] Leech Seed|[of] p2a: Sableye\n|-heal|p2a: Sableye|219\/303 tox|[silent]\n|-damage|p1a: Toxapex|234\/303 brn|[from] brn\n|-damage|p2a: Sableye|201\/303 tox|[from] psn\n|upkeep\n|turn|97\n|c|\u2606I'm back from mars|keldeo should have cleaned easily\n|choice|switch 2|switch 2\n|\n|switch|p1a: Clefable|Clefable, F|152\/394 psn\n|switch|p2a: Tangrowth|Tangrowth, F|403\/403 tox\n|-damage|p2a: Tangrowth|353\/403 tox|[from] Stealth Rock\n|\n|-damage|p2a: Tangrowth|328\/403 tox|[from] psn\n|upkeep\n|turn|98\n|choice|move softboiled|move sludgebomb\n|\n|move|p1a: Clefable|Soft-Boiled|p1a: Clefable\n|-heal|p1a: Clefable|349\/394 psn\n|move|p2a: Tangrowth|Sludge Bomb|p1a: Clefable\n|-supereffective|p1a: Clefable\n|-damage|p1a: Clefable|195\/394 psn\n|\n|-damage|p2a: Tangrowth|278\/403 tox|[from] psn\n|upkeep\n|turn|99\n|c|\u2606Green's Legacy|i expected a vest tangrowth\n|c|\u2606Green's Legacy|so ididnt go for z at first\n|c|\u2606I'm back from mars|thats what i had at first\n|c|\u2606Green's Legacy|i tought that 52 was a neutral roll\n|c|\u2606I'm back from mars|but the team is weak to m lop\n|choice|move softboiled|move sludgebomb\n|\n|move|p1a: Clefable|Soft-Boiled|p1a: Clefable\n|-heal|p1a: Clefable|392\/394 psn\n|move|p2a: Tangrowth|Sludge Bomb|p1a: Clefable\n|-supereffective|p1a: Clefable\n|-damage|p1a: Clefable|224\/394 psn\n|\n|-damage|p2a: Tangrowth|203\/403 tox|[from] psn\n|upkeep\n|turn|100\n|c|\u2606I'm back from mars|so i need phy def tang\n|c|\u2606I'm back from mars|and now i realize keld is an issue\n|choice|move softboiled|move sludgebomb\n|\n|move|p1a: Clefable|Soft-Boiled|p1a: Clefable\n|-heal|p1a: Clefable|394\/394 psn\n|move|p2a: Tangrowth|Sludge Bomb|p1a: Clefable\n|-supereffective|p1a: Clefable\n|-damage|p1a: Clefable|212\/394 psn\n|\n|-damage|p2a: Tangrowth|103\/403 tox|[from] psn\n|upkeep\n|turn|101\n|choice|move moonblast|move gigadrain\n|\n|move|p1a: Clefable|Moonblast|p2a: Tangrowth\n|-damage|p2a: Tangrowth|0 fnt\n|faint|p2a: Tangrowth\n|\n|upkeep\n|choice||switch 2\n|\n|switch|p2a: Sableye|Sableye-Mega, F|201\/303 tox\n|-damage|p2a: Sableye|164\/303 tox|[from] Stealth Rock\n|turn|102\n|choice|move moonblast|move recover\n|\n|move|p1a: Clefable|Moonblast|p2a: Sableye\n|-supereffective|p2a: Sableye\n|-damage|p2a: Sableye|14\/303 tox\n|move|p2a: Sableye|Recover|p2a: Sableye\n|-heal|p2a: Sableye|166\/303 tox\n|\n|-damage|p2a: Sableye|148\/303 tox|[from] psn\n|upkeep\n|turn|103\n|c|\u2606I'm back from mars|gg\n|choice|move moonblast|move recover\n|\n|move|p1a: Clefable|Moonblast|p2a: Sableye\n|-supereffective|p2a: Sableye\n|-damage|p2a: Sableye|0 fnt\n|faint|p2a: Sableye\n|\n|win|Green's Legacy\n|c|\u2606Green's Legacy|gg\n|raw|Green&apos;s Legacy's rating: 1650 &rarr; <strong>1672<\/strong><br \/>(+22 for winning)\n|raw|I&apos;m back from mars's rating: 1701 &rarr; <strong>1678<\/strong><br \/>(-23 for losing)\n|l|I'm back from mars","inputlog":null,"uploadtime":1506517765,"views":63,"p1id":"greenslegacy","p2id":"imbackfrommars","formatid":"gen7ou","rating":0,"private":0,"password":null}