{"id":"gen7uu-809994196","p1":"Therockcena","p2":"Pocket19","format":"gen7uu","log":"|j|\u2606Therockcena\n|j|\u2606Pocket19\n|player|p1|Therockcena|102\n|player|p2|Pocket19|288\n|teamsize|p1|6\n|teamsize|p2|6\n|gametype|singles\n|gen|7\n|tier|[Gen 7] UU\n|rated|\n|rule|Sleep Clause Mod: Limit one foe put to sleep\n|rule|Species Clause: Limit one of each Pok\u00e9mon\n|rule|OHKO Clause: OHKO moves are banned\n|rule|Moody Clause: Moody is banned\n|rule|Evasion Moves Clause: Evasion moves are banned\n|rule|Endless Battle Clause: Forcing endless battles is banned\n|rule|HP Percentage Mod: HP is shown in percentages\n|clearpoke\n|poke|p1|Krookodile, M|item\n|poke|p1|Metagross|item\n|poke|p1|Raikou|item\n|poke|p1|Empoleon, F|item\n|poke|p1|Infernape, M|item\n|poke|p1|Aerodactyl, F|item\n|poke|p2|Beedrill, M|item\n|poke|p2|Metagross|item\n|poke|p2|Rotom-Heat|item\n|poke|p2|Celebi|item\n|poke|p2|Terrakion|item\n|poke|p2|Heliolisk, M|item\n|teampreview\n|\n|start\n|switch|p1a: Empoleon|Empoleon, F|100\/100\n|switch|p2a: Beedrill|Beedrill, M|100\/100\n|turn|1\n|\n|detailschange|p2a: Beedrill|Beedrill-Mega, M\n|-mega|p2a: Beedrill|Beedrill|Beedrillite\n|move|p2a: Beedrill|Knock Off|p1a: Empoleon\n|-damage|p1a: Empoleon|70\/100\n|-enditem|p1a: Empoleon|Leftovers|[from] move: Knock Off|[of] p2a: Beedrill\n|move|p1a: Empoleon|Stealth Rock|p2a: Beedrill\n|-sidestart|p2: Pocket19|move: Stealth Rock\n|\n|upkeep\n|turn|2\n|inactive|Battle timer is ON: inactive players will automatically lose when time's up. (requested by Therockcena)\n|\n|move|p2a: Beedrill|U-turn|p1a: Empoleon\n|-resisted|p1a: Empoleon\n|-damage|p1a: Empoleon|46\/100\n|\n|switch|p2a: Metagross|Metagross|100\/100\n|-damage|p2a: Metagross|94\/100|[from] Stealth Rock\n|move|p1a: Empoleon|Roar|p2a: Metagross\n|drag|p2a: Heliolisk|Heliolisk, M|100\/100\n|-damage|p2a: Heliolisk|88\/100|[from] Stealth Rock\n|\n|upkeep\n|turn|3\n|\n|move|p2a: Heliolisk|Hyper Voice|p1a: Empoleon\n|-resisted|p1a: Empoleon\n|-damage|p1a: Empoleon|29\/100\n|move|p1a: Empoleon|Roar|p2a: Heliolisk\n|drag|p2a: Rotom|Rotom-Heat|100\/100\n|-damage|p2a: Rotom|76\/100|[from] Stealth Rock\n|\n|upkeep\n|turn|4\n|\n|move|p2a: Rotom|Volt Switch|p1a: Empoleon\n|-supereffective|p1a: Empoleon\n|-damage|p1a: Empoleon|0 fnt\n|faint|p1a: Empoleon\n|\n|switch|p2a: Metagross|Metagross|94\/100\n|-damage|p2a: Metagross|88\/100|[from] Stealth Rock\n|\n|upkeep\n|\n|switch|p1a: Infernape|Infernape, M|100\/100\n|turn|5\n|inactive|Pocket19 has 120 seconds left.\n|\n|move|p1a: Infernape|Flamethrower|p2a: Metagross\n|-supereffective|p2a: Metagross\n|-damage|p2a: Metagross|0 fnt\n|-damage|p1a: Infernape|91\/100|[from] item: Life Orb\n|faint|p2a: Metagross\n|\n|upkeep\n|\n|switch|p2a: Terrakion|Terrakion|100\/100\n|-damage|p2a: Terrakion|94\/100|[from] Stealth Rock\n|turn|6\n|\n|move|p2a: Terrakion|Earthquake|p1a: Infernape\n|-supereffective|p1a: Infernape\n|-damage|p1a: Infernape|0 fnt\n|-damage|p2a: Terrakion|84\/100|[from] item: Life Orb\n|faint|p1a: Infernape\n|\n|upkeep\n|\n|switch|p1a: Aerodactyl|Aerodactyl, F|100\/100\n|turn|7\n|\n|detailschange|p1a: Aerodactyl|Aerodactyl-Mega, F\n|-mega|p1a: Aerodactyl|Aerodactyl|Aerodactylite\n|move|p1a: Aerodactyl|Aqua Tail|p2a: Terrakion\n|-supereffective|p2a: Terrakion\n|-damage|p2a: Terrakion|0 fnt\n|faint|p2a: Terrakion\n|\n|upkeep\n|\n|switch|p2a: Celebi|Celebi|100\/100\n|-damage|p2a: Celebi|88\/100|[from] Stealth Rock\n|turn|8\n|\n|move|p1a: Aerodactyl|Aerial Ace|p2a: Celebi\n|-supereffective|p2a: Celebi\n|-damage|p2a: Celebi|7\/100\n|move|p2a: Celebi|Thunder Wave|p1a: Aerodactyl\n|-status|p1a: Aerodactyl|par\n|\n|-heal|p2a: Celebi|13\/100|[from] item: Leftovers\n|upkeep\n|turn|9\n|\n|switch|p2a: Rotom|Rotom-Heat|76\/100\n|-damage|p2a: Rotom|51\/100|[from] Stealth Rock\n|move|p1a: Aerodactyl|Aerial Ace|p2a: Rotom\n|-resisted|p2a: Rotom\n|-damage|p2a: Rotom|23\/100\n|\n|upkeep\n|turn|10\n|\n|move|p2a: Rotom|Volt Switch|p1a: Aerodactyl\n|-supereffective|p1a: Aerodactyl\n|-damage|p1a: Aerodactyl|21\/100 par\n|\n|switch|p2a: Heliolisk|Heliolisk, M|88\/100\n|-damage|p2a: Heliolisk|76\/100|[from] Stealth Rock\n|cant|p1a: Aerodactyl|par\n|\n|upkeep\n|turn|11\n|\n|move|p2a: Heliolisk|Thunderbolt|p1a: Aerodactyl\n|-supereffective|p1a: Aerodactyl\n|-damage|p1a: Aerodactyl|0 fnt\n|faint|p1a: Aerodactyl\n|\n|upkeep\n|\n|switch|p1a: Metagross|Metagross|100\/100\n|turn|12\n|\n|move|p2a: Heliolisk|Volt Switch|p1a: Metagross\n|-damage|p1a: Metagross|70\/100\n|\n|switch|p2a: Rotom|Rotom-Heat|23\/100\n|-damage|p2a: Rotom|0 fnt|[from] Stealth Rock\n|faint|p2a: Rotom\n|move|p1a: Metagross|Agility|p1a: Metagross\n|-boost|p1a: Metagross|spe|2\n|\n|upkeep\n|\n|switch|p2a: Celebi|Celebi|13\/100\n|-damage|p2a: Celebi|1\/100|[from] Stealth Rock\n|turn|13\n|\n|move|p1a: Metagross|Meteor Mash|p2a: Celebi\n|-damage|p2a: Celebi|0 fnt\n|-damage|p1a: Metagross|60\/100|[from] item: Life Orb\n|faint|p2a: Celebi\n|\n|upkeep\n|\n|switch|p2a: Beedrill|Beedrill-Mega, M|100\/100\n|-damage|p2a: Beedrill|76\/100|[from] Stealth Rock\n|turn|14\n|\n|move|p2a: Beedrill|Knock Off|p1a: Metagross\n|-supereffective|p1a: Metagross\n|-damage|p1a: Metagross|0 fnt\n|-enditem|p1a: Metagross|Life Orb|[from] move: Knock Off|[of] p2a: Beedrill\n|faint|p1a: Metagross\n|\n|upkeep\n|\n|switch|p1a: Raikou|Raikou|100\/100\n|turn|15\n|\n|move|p2a: Beedrill|U-turn|p1a: Raikou\n|-damage|p1a: Raikou|46\/100\n|\n|switch|p2a: Heliolisk|Heliolisk, M|76\/100\n|-damage|p2a: Heliolisk|63\/100|[from] Stealth Rock\n|move|p1a: Raikou|Thunder Wave|p2a: Heliolisk\n|-immune|p2a: Heliolisk|[msg]\n|\n|-heal|p1a: Raikou|53\/100|[from] item: Leftovers\n|upkeep\n|turn|16\n|\n|move|p2a: Heliolisk|Hyper Voice|p1a: Raikou\n|-damage|p1a: Raikou|12\/100\n|move|p1a: Raikou|Thunderbolt|p2a: Heliolisk\n|-resisted|p2a: Heliolisk\n|-damage|p2a: Heliolisk|45\/100\n|\n|-heal|p1a: Raikou|18\/100|[from] item: Leftovers\n|upkeep\n|turn|17\n|\n|move|p2a: Heliolisk|Hyper Voice|p1a: Raikou\n|-damage|p1a: Raikou|0 fnt\n|faint|p1a: Raikou\n|\n|upkeep\n|\n|switch|p1a: Krookodile|Krookodile, M|100\/100\n|turn|18\n|\n|move|p1a: Krookodile|Earthquake|p2a: Heliolisk\n|-supereffective|p2a: Heliolisk\n|-damage|p2a: Heliolisk|0 fnt\n|faint|p2a: Heliolisk\n|-ability|p1a: Krookodile|Moxie|boost\n|-boost|p1a: Krookodile|atk|1\n|\n|upkeep\n|c|\u2606Pocket19|gg\n|\n|switch|p2a: Beedrill|Beedrill-Mega, M|76\/100\n|-damage|p2a: Beedrill|51\/100|[from] Stealth Rock\n|turn|19\n|\n|move|p2a: Beedrill|U-turn|p1a: Krookodile\n|-supereffective|p1a: Krookodile\n|-damage|p1a: Krookodile|0 fnt\n|faint|p1a: Krookodile\n|\n|win|Pocket19\n|l|\u2606Therockcena\n|raw|Therockcena's rating: 1108 &rarr; <strong>1078<\/strong><br \/>(-30 for losing)\n|raw|Pocket19's rating: 1045 &rarr; <strong>1084<\/strong><br \/>(+39 for winning)\n","uploadtime":1537728926,"views":3,"p1id":"therockcena","p2id":"pocket19","formatid":"gen7uu","rating":1078,"private":0,"password":null}