{"id":"gen7ou-1010554977","p1":"Drainn","p2":"Cowsrule247","format":"gen7ou","log":"|j|\u2606Drainn\n|j|\u2606Cowsrule247\n|player|p1|Drainn|blue|1192\n|player|p2|Cowsrule247|192|1256\n|teamsize|p1|6\n|teamsize|p2|6\n|gametype|singles\n|gen|7\n|tier|[Gen 7] OU\n|rated|\n|rule|Sleep Clause Mod: Limit one foe put to sleep\n|rule|Species Clause: Limit one of each Pok\u00e9mon\n|rule|OHKO Clause: OHKO moves are banned\n|rule|Moody Clause: Moody is banned\n|rule|Evasion Moves Clause: Evasion moves are banned\n|rule|Endless Battle Clause: Forcing endless battles is banned\n|rule|HP Percentage Mod: HP is shown in percentages\n|clearpoke\n|poke|p1|Salamence, M|item\n|poke|p1|Magnezone|item\n|poke|p1|Mienshao, M|item\n|poke|p1|Skarmory, F|item\n|poke|p1|Umbreon, F|item\n|poke|p1|Swampert, M|item\n|poke|p2|Greninja, M|item\n|poke|p2|Swampert, F|item\n|poke|p2|Pelipper, F|item\n|poke|p2|Tapu Koko|item\n|poke|p2|Ferrothorn, F|item\n|poke|p2|Hawlucha, M|item\n|teampreview\n|inactive|Battle timer is ON: inactive players will automatically lose when time's up. (requested by Cowsrule247)\n|\n|start\n|switch|p1a: Zone|Magnezone|100\/100\n|switch|p2a: Pelipper|Pelipper, F|100\/100\n|-weather|RainDance|[from] ability: Drizzle|[of] p2a: Pelipper\n|turn|1\n|\n|switch|p2a: Swampert|Swampert, F|100\/100\n|move|p1a: Zone|Flash Cannon|p2a: Swampert\n|-resisted|p2a: Swampert\n|-damage|p2a: Swampert|79\/100\n|\n|-weather|RainDance|[upkeep]\n|upkeep\n|turn|2\n|\n|switch|p1a: Skarlito|Skarmory, F, shiny|100\/100\n|detailschange|p2a: Swampert|Swampert-Mega, F\n|-mega|p2a: Swampert|Swampert|Swampertite\n|move|p2a: Swampert|Ice Punch|p1a: Skarlito\n|-damage|p1a: Skarlito|82\/100\n|\n|-weather|RainDance|[upkeep]\n|-heal|p1a: Skarlito|88\/100|[from] item: Leftovers\n|upkeep\n|turn|3\n|\n|switch|p2a: Tapu Koko|Tapu Koko|100\/100\n|-fieldstart|move: Electric Terrain|[from] ability: Electric Surge|[of] p2a: Tapu Koko\n|move|p1a: Skarlito|Spikes|p2a: Tapu Koko\n|-sidestart|p2: Cowsrule247|Spikes\n|\n|-weather|RainDance|[upkeep]\n|-heal|p1a: Skarlito|94\/100|[from] item: Leftovers\n|upkeep\n|turn|4\n|\n|switch|p1a: Swampert|Swampert, M, shiny|100\/100\n|move|p2a: Tapu Koko|U-turn|p1a: Swampert\n|-damage|p1a: Swampert|91\/100\n|\n|switch|p2a: Hawlucha|Hawlucha, M|100\/100|[from]move: U-turn\n|-enditem|p2a: Hawlucha|Electric Seed\n|-boost|p2a: Hawlucha|def|1\n|\n|-weather|RainDance|[upkeep]\n|-heal|p1a: Swampert|97\/100|[from] item: Leftovers\n|upkeep\n|turn|5\n|\n|move|p2a: Hawlucha|Swords Dance|p2a: Hawlucha\n|-boost|p2a: Hawlucha|atk|2\n|move|p1a: Swampert|Stealth Rock|p2a: Hawlucha\n|-sidestart|p2: Cowsrule247|move: Stealth Rock\n|\n|-weather|RainDance|[upkeep]\n|-heal|p1a: Swampert|100\/100|[from] item: Leftovers\n|upkeep\n|turn|6\n|\n|move|p2a: Hawlucha|High Jump Kick|p1a: Swampert\n|-damage|p1a: Swampert|26\/100\n|move|p1a: Swampert|Roar|p2a: Hawlucha\n|drag|p2a: Tapu Koko|Tapu Koko|100\/100\n|-damage|p2a: Tapu Koko|88\/100|[from] Spikes\n|-damage|p2a: Tapu Koko|76\/100|[from] Stealth Rock\n|\n|-weather|RainDance|[upkeep]\n|-heal|p1a: Swampert|32\/100|[from] item: Leftovers\n|upkeep\n|turn|7\n|\n|move|p2a: Tapu Koko|Roost|p2a: Tapu Koko\n|-heal|p2a: Tapu Koko|100\/100\n|-singleturn|p2a: Tapu Koko|move: Roost\n|move|p1a: Swampert|Earthquake|p2a: Tapu Koko\n|-supereffective|p2a: Tapu Koko\n|-damage|p2a: Tapu Koko|0 fnt\n|faint|p2a: Tapu Koko\n|\n|-weather|RainDance|[upkeep]\n|-heal|p1a: Swampert|38\/100|[from] item: Leftovers\n|-fieldend|move: Electric Terrain\n|upkeep\n|\n|switch|p2a: Ferrothorn|Ferrothorn, F|100\/100\n|-damage|p2a: Ferrothorn|88\/100|[from] Spikes\n|-damage|p2a: Ferrothorn|82\/100|[from] Stealth Rock\n|turn|8\n|\n|switch|p1a: Zone|Magnezone|100\/100\n|move|p2a: Ferrothorn|Stealth Rock|p1a: Zone\n|-sidestart|p1: Drainn|move: Stealth Rock\n|\n|-weather|none\n|-heal|p2a: Ferrothorn|88\/100|[from] item: Leftovers\n|upkeep\n|turn|9\n|\n|move|p1a: Zone|Hidden Power|p2a: Ferrothorn\n|-supereffective|p2a: Ferrothorn\n|-damage|p2a: Ferrothorn|33\/100\n|move|p2a: Ferrothorn|Leech Seed|p1a: Zone\n|-start|p1a: Zone|move: Leech Seed\n|\n|-heal|p2a: Ferrothorn|40\/100|[from] item: Leftovers\n|-damage|p1a: Zone|88\/100|[from] Leech Seed|[of] p2a: Ferrothorn\n|-heal|p2a: Ferrothorn|50\/100|[silent]\n|upkeep\n|turn|10\n|\n|move|p1a: Zone|Hidden Power|p2a: Ferrothorn\n|-supereffective|p2a: Ferrothorn\n|-damage|p2a: Ferrothorn|0 fnt\n|faint|p2a: Ferrothorn\n|\n|upkeep\n|\n|switch|p2a: Swampert|Swampert-Mega, F|79\/100\n|-damage|p2a: Swampert|67\/100|[from] Spikes\n|-damage|p2a: Swampert|61\/100|[from] Stealth Rock\n|turn|11\n|\n|switch|p1a: Skarlito|Skarmory, F, shiny|94\/100\n|-damage|p1a: Skarlito|81\/100|[from] Stealth Rock\n|switch|p2a: Greninja|Greninja, M|100\/100\n|-damage|p2a: Greninja|88\/100|[from] Spikes\n|-damage|p2a: Greninja|76\/100|[from] Stealth Rock\n|\n|-heal|p1a: Skarlito|87\/100|[from] item: Leftovers\n|upkeep\n|turn|12\n|\n|switch|p1a: Ray|Umbreon, F, shiny|100\/100\n|-damage|p1a: Ray|88\/100|[from] Stealth Rock\n|move|p2a: Greninja|Hydro Pump|p1a: Ray\n|-damage|p1a: Ray|47\/100\n|\n|-heal|p1a: Ray|54\/100|[from] item: Leftovers\n|upkeep\n|turn|13\n|\n|move|p2a: Greninja|Hydro Pump|p1a: Ray\n|-damage|p1a: Ray|15\/100\n|move|p1a: Ray|Wish|p1a: Ray\n|\n|-heal|p1a: Ray|22\/100|[from] item: Leftovers\n|upkeep\n|turn|14\n|\n|switch|p2a: Pelipper|Pelipper, F|100\/100\n|-damage|p2a: Pelipper|76\/100|[from] Stealth Rock\n|-weather|RainDance|[from] ability: Drizzle|[of] p2a: Pelipper\n|move|p1a: Ray|Protect||[still]\n|-fail|p1a: Ray\n|\n|-weather|RainDance|[upkeep]\n|-heal|p1a: Ray|72\/100|[from] move: Wish|[wisher] Ray\n|-heal|p1a: Ray|78\/100|[from] item: Leftovers\n|upkeep\n|turn|15\n|\n|move|p2a: Pelipper|U-turn|p1a: Ray\n|-supereffective|p1a: Ray\n|-damage|p1a: Ray|63\/100\n|\n|switch|p2a: Hawlucha|Hawlucha, M|100\/100|[from]move: U-turn\n|-damage|p2a: Hawlucha|88\/100|[from] Stealth Rock\n|move|p1a: Ray|Wish|p1a: Ray\n|\n|-weather|RainDance|[upkeep]\n|-heal|p1a: Ray|70\/100|[from] item: Leftovers\n|upkeep\n|turn|16\n|\n|switch|p1a: Swampert|Swampert, M, shiny|38\/100\n|-damage|p1a: Swampert|32\/100|[from] Stealth Rock\n|move|p2a: Hawlucha|Swords Dance|p2a: Hawlucha\n|-boost|p2a: Hawlucha|atk|2\n|\n|-weather|RainDance|[upkeep]\n|-heal|p1a: Swampert|81\/100|[from] move: Wish|[wisher] Ray\n|-heal|p1a: Swampert|87\/100|[from] item: Leftovers\n|upkeep\n|turn|17\n|\n|move|p2a: Hawlucha|High Jump Kick|p1a: Swampert\n|-damage|p1a: Swampert|5\/100\n|move|p1a: Swampert|Roar|p2a: Hawlucha\n|drag|p2a: Pelipper|Pelipper, F|76\/100\n|-damage|p2a: Pelipper|51\/100|[from] Stealth Rock\n|\n|-weather|RainDance|[upkeep]\n|-heal|p1a: Swampert|11\/100|[from] item: Leftovers\n|upkeep\n|turn|18\n|\n|move|p2a: Pelipper|Roost|p2a: Pelipper\n|-heal|p2a: Pelipper|100\/100\n|-singleturn|p2a: Pelipper|move: Roost\n|move|p1a: Swampert|Roar|p2a: Pelipper\n|drag|p2a: Swampert|Swampert-Mega, F|61\/100\n|-damage|p2a: Swampert|49\/100|[from] Spikes\n|-damage|p2a: Swampert|43\/100|[from] Stealth Rock\n|\n|-weather|RainDance|[upkeep]\n|-heal|p1a: Swampert|17\/100|[from] item: Leftovers\n|upkeep\n|turn|19\n|\n|move|p2a: Swampert|Waterfall|p1a: Swampert\n|-damage|p1a: Swampert|0 fnt\n|faint|p1a: Swampert\n|\n|-weather|RainDance|[upkeep]\n|upkeep\n|\n|switch|p1a: Shao|Mienshao, M|100\/100\n|-damage|p1a: Shao|95\/100|[from] Stealth Rock\n|turn|20\n|\n|move|p2a: Swampert|Waterfall|p1a: Shao\n|-damage|p1a: Shao|0 fnt\n|faint|p1a: Shao\n|\n|-weather|RainDance|[upkeep]\n|upkeep\n|\n|switch|p1a: Skarlito|Skarmory, F, shiny|87\/100\n|-damage|p1a: Skarlito|75\/100|[from] Stealth Rock\n|turn|21\n|\n|move|p2a: Swampert|Superpower|p1a: Skarlito\n|-damage|p1a: Skarlito|46\/100\n|-unboost|p2a: Swampert|atk|1\n|-unboost|p2a: Swampert|def|1\n|move|p1a: Skarlito|Roost|p1a: Skarlito\n|-heal|p1a: Skarlito|96\/100\n|-singleturn|p1a: Skarlito|move: Roost\n|\n|-weather|none\n|-heal|p1a: Skarlito|100\/100|[from] item: Leftovers\n|upkeep\n|turn|22\n|\n|switch|p2a: Hawlucha|Hawlucha, M|88\/100\n|-damage|p2a: Hawlucha|76\/100|[from] Stealth Rock\n|move|p1a: Skarlito|Spikes|p2a: Hawlucha\n|-sidestart|p2: Cowsrule247|Spikes\n|\n|upkeep\n|turn|23\n|\n|move|p2a: Hawlucha|Swords Dance|p2a: Hawlucha\n|-boost|p2a: Hawlucha|atk|2\n|move|p1a: Skarlito|Whirlwind|p2a: Hawlucha\n|drag|p2a: Pelipper|Pelipper, F|100\/100\n|-damage|p2a: Pelipper|76\/100|[from] Stealth Rock\n|-weather|RainDance|[from] ability: Drizzle|[of] p2a: Pelipper\n|\n|-weather|RainDance|[upkeep]\n|upkeep\n|turn|24\n|\n|move|p1a: Skarlito|Spikes|p2a: Pelipper\n|-sidestart|p2: Cowsrule247|Spikes\n|move|p2a: Pelipper|Scald|p1a: Skarlito\n|-damage|p1a: Skarlito|51\/100\n|\n|-weather|RainDance|[upkeep]\n|-heal|p1a: Skarlito|57\/100|[from] item: Leftovers\n|upkeep\n|turn|25\n|\n|switch|p1a: Ray|Umbreon, F, shiny|70\/100\n|-damage|p1a: Ray|57\/100|[from] Stealth Rock\n|move|p2a: Pelipper|Scald|p1a: Ray\n|-damage|p1a: Ray|36\/100\n|\n|-weather|RainDance|[upkeep]\n|-heal|p1a: Ray|42\/100|[from] item: Leftovers\n|upkeep\n|turn|26\n|\n|move|p1a: Ray|Toxic|p2a: Pelipper\n|-status|p2a: Pelipper|tox\n|move|p2a: Pelipper|Hurricane|p1a: Ray\n|-damage|p1a: Ray|24\/100\n|\n|-weather|RainDance|[upkeep]\n|-heal|p1a: Ray|30\/100|[from] item: Leftovers\n|-damage|p2a: Pelipper|69\/100 tox|[from] psn\n|upkeep\n|turn|27\n|\n|switch|p2a: Swampert|Swampert-Mega, F|43\/100\n|-damage|p2a: Swampert|36\/100|[from] Stealth Rock\n|-damage|p2a: Swampert|12\/100|[from] Spikes\n|move|p1a: Ray|Wish|p1a: Ray\n|\n|-weather|RainDance|[upkeep]\n|-heal|p1a: Ray|36\/100|[from] item: Leftovers\n|upkeep\n|turn|28\n|\n|move|p1a: Ray|Protect|p1a: Ray\n|-singleturn|p1a: Ray|Protect\n|move|p2a: Swampert|Waterfall|p1a: Ray\n|-activate|p1a: Ray|move: Protect\n|\n|-weather|RainDance|[upkeep]\n|-heal|p1a: Ray|86\/100|[from] move: Wish|[wisher] Ray\n|-heal|p1a: Ray|92\/100|[from] item: Leftovers\n|upkeep\n|turn|29\n|\n|switch|p1a: Skarlito|Skarmory, F, shiny|57\/100\n|-damage|p1a: Skarlito|44\/100|[from] Stealth Rock\n|move|p2a: Swampert|Waterfall|p1a: Skarlito\n|-damage|p1a: Skarlito|2\/100\n|\n|-weather|RainDance|[upkeep]\n|-heal|p1a: Skarlito|8\/100|[from] item: Leftovers\n|upkeep\n|turn|30\n|\n|move|p2a: Swampert|Waterfall|p1a: Skarlito\n|-damage|p1a: Skarlito|0 fnt\n|faint|p1a: Skarlito\n|\n|-weather|none\n|upkeep\n|\n|switch|p1a: Salamence|Salamence, M|100\/100\n|-damage|p1a: Salamence|76\/100|[from] Stealth Rock\n|-ability|p1a: Salamence|Intimidate|boost\n|-unboost|p2a: Swampert|atk|1\n|turn|31\n|\n|move|p1a: Salamence|Dragon Claw|p2a: Swampert\n|-damage|p2a: Swampert|0 fnt\n|faint|p2a: Swampert\n|\n|upkeep\n|\n|switch|p2a: Hawlucha|Hawlucha, M|76\/100\n|-damage|p2a: Hawlucha|64\/100|[from] Stealth Rock\n|turn|32\n|\n|move|p1a: Salamence|Dragon Claw|p2a: Hawlucha\n|-damage|p2a: Hawlucha|9\/100\n|move|p2a: Hawlucha|Roost|p2a: Hawlucha\n|-heal|p2a: Hawlucha|59\/100\n|-singleturn|p2a: Hawlucha|move: Roost\n|\n|upkeep\n|turn|33\n|\n|switch|p1a: Ray|Umbreon, F, shiny|92\/100\n|-damage|p1a: Ray|80\/100|[from] Stealth Rock\n|move|p2a: Hawlucha|Acrobatics|p1a: Ray\n|-damage|p1a: Ray|40\/100\n|\n|-heal|p1a: Ray|46\/100|[from] item: Leftovers\n|upkeep\n|turn|34\n|\n|move|p2a: Hawlucha|High Jump Kick|p1a: Ray\n|-supereffective|p1a: Ray\n|-damage|p1a: Ray|0 fnt\n|faint|p1a: Ray\n|\n|upkeep\n|\n|switch|p1a: Zone|Magnezone|88\/100\n|-damage|p1a: Zone|82\/100|[from] Stealth Rock\n|turn|35\n|\n|move|p1a: Zone|Thunderbolt|p2a: Hawlucha\n|-supereffective|p2a: Hawlucha\n|-damage|p2a: Hawlucha|0 fnt\n|faint|p2a: Hawlucha\n|\n|upkeep\n|\n|switch|p2a: Pelipper|Pelipper, F|69\/100 tox\n|-damage|p2a: Pelipper|45\/100 tox|[from] Stealth Rock\n|-weather|RainDance|[from] ability: Drizzle|[of] p2a: Pelipper\n|turn|36\n|\n|move|p1a: Zone|Thunderbolt|p2a: Pelipper\n|-supereffective|p2a: Pelipper\n|-damage|p2a: Pelipper|0 fnt\n|faint|p2a: Pelipper\n|\n|-weather|RainDance|[upkeep]\n|upkeep\n|\n|switch|p2a: Greninja|Greninja, M|76\/100\n|-damage|p2a: Greninja|64\/100|[from] Stealth Rock\n|-damage|p2a: Greninja|39\/100|[from] Spikes\n|turn|37\n|\n|move|p2a: Greninja|Water Shuriken|p1a: Zone\n|-damage|p1a: Zone|63\/100\n|-damage|p1a: Zone|43\/100\n|-damage|p1a: Zone|23\/100\n|-damage|p1a: Zone|2\/100\n|-crit|p1a: Zone\n|-damage|p1a: Zone|0 fnt\n|-hitcount|p1a: Zone|5\n|faint|p1a: Zone\n|-activate|p2a: Greninja|ability: Battle Bond\n|detailschange|p2a: Greninja|Greninja-Ash, M\n|\n|-weather|RainDance|[upkeep]\n|upkeep\n|c|\u2606Drainn|nice luck\n|\n|switch|p1a: Salamence|Salamence, M|76\/100\n|-damage|p1a: Salamence|51\/100|[from] Stealth Rock\n|-ability|p1a: Salamence|Intimidate|boost\n|-unboost|p2a: Greninja|atk|1\n|turn|38\n|\n|move|p2a: Greninja|Water Shuriken|p1a: Salamence\n|-resisted|p1a: Salamence\n|-damage|p1a: Salamence|33\/100\n|-resisted|p1a: Salamence\n|-damage|p1a: Salamence|17\/100\n|-resisted|p1a: Salamence\n|-damage|p1a: Salamence|1\/100\n|-hitcount|p1a: Salamence|3\n|move|p1a: Salamence|Dragon Claw|p2a: Greninja\n|-damage|p2a: Greninja|0 fnt\n|faint|p2a: Greninja\n|\n|win|Drainn\n|raw|Drainn's rating: 1192 &rarr; <strong>1221<\/strong><br \/>(+29 for winning)\n|raw|Cowsrule247's rating: 1256 &rarr; <strong>1226<\/strong><br \/>(-30 for losing)\n|l|\u2606Cowsrule247\n","uploadtime":1573891747,"views":7,"p1id":"drainn","p2id":"cowsrule247","formatid":"gen7ou","rating":1221,"private":0,"password":null}