{"id":"gen7ou-987042750","p1":"ghecisbestvillain","p2":"dimrah","format":"gen7ou","log":"|j|\u2606ghecisbestvillain\n|j|\u2606dimrah\n|player|p1|ghecisbestvillain|269|1759\n|player|p2|dimrah|30|1771\n|teamsize|p1|6\n|teamsize|p2|6\n|gametype|singles\n|gen|7\n|tier|[Gen 7] OU\n|rated|\n|rule|Sleep Clause Mod: Limit one foe put to sleep\n|rule|Species Clause: Limit one of each Pok\u00e9mon\n|rule|OHKO Clause: OHKO moves are banned\n|rule|Moody Clause: Moody is banned\n|rule|Evasion Moves Clause: Evasion moves are banned\n|rule|Endless Battle Clause: Forcing endless battles is banned\n|rule|HP Percentage Mod: HP is shown in percentages\n|clearpoke\n|poke|p1|Hawlucha, M|item\n|poke|p1|Clefable, F|item\n|poke|p1|Charizard, M|item\n|poke|p1|Tapu Koko|item\n|poke|p1|Magearna|item\n|poke|p1|Kyurem-Black|item\n|poke|p2|Tornadus-Therian, M|item\n|poke|p2|Slowbro, M|item\n|poke|p2|Tapu Lele|item\n|poke|p2|Garchomp, F|item\n|poke|p2|Landorus-Therian, M|item\n|poke|p2|Alakazam, F|item\n|teampreview\n|inactive|Battle timer is ON: inactive players will automatically lose when time's up. (requested by ghecisbestvillain)\n|j| Fyntu\n|j| Ganjafin\n|\n|start\n|switch|p1a: Tapu Koko|Tapu Koko|100\/100\n|switch|p2a: Alakazam|Alakazam, F|100\/100\n|-fieldstart|move: Electric Terrain|[from] ability: Electric Surge|[of] p1a: Tapu Koko\n|turn|1\n|\n|detailschange|p2a: Alakazam|Alakazam-Mega, F\n|-mega|p2a: Alakazam|Alakazam|Alakazite\n|-ability|p2a: Alakazam|Electric Surge|[from] ability: Trace|[of] p1a: Tapu Koko\n|move|p2a: Alakazam|Psychic|p1a: Tapu Koko\n|-damage|p1a: Tapu Koko|1\/100\n|move|p1a: Tapu Koko|Light Screen|p1a: Tapu Koko\n|-sidestart|p1: ghecisbestvillain|move: Light Screen\n|\n|upkeep\n|turn|2\n|\n|switch|p2a: Garchomp|Garchomp, F|100\/100\n|move|p1a: Tapu Koko|Reflect|p1a: Tapu Koko\n|-sidestart|p1: ghecisbestvillain|Reflect\n|\n|upkeep\n|turn|3\n|\n|move|p1a: Tapu Koko|Taunt|p2a: Garchomp\n|-start|p2a: Garchomp|move: Taunt\n|cant|p2a: Garchomp|move: Taunt|Stealth Rock\n|\n|upkeep\n|turn|4\n|\n|switch|p1a: Magearna|Magearna|100\/100\n|switch|p2a: Tornadus|Tornadus-Therian, M|100\/100\n|\n|upkeep\n|turn|5\n|\n|move|p2a: Tornadus|U-turn|p1a: Magearna\n|-resisted|p1a: Magearna\n|-damage|p1a: Magearna|99\/100\n|\n|switch|p2a: Garchomp|Garchomp, F|100\/100|[from]move: U-turn\n|move|p1a: Magearna|Shift Gear|p1a: Magearna\n|-boost|p1a: Magearna|spe|2\n|-boost|p1a: Magearna|atk|1\n|\n|-fieldend|move: Electric Terrain\n|upkeep\n|turn|6\n|\n|switch|p2a: Tornadus|Tornadus-Therian, M|100\/100\n|move|p1a: Magearna|Shift Gear|p1a: Magearna\n|-boost|p1a: Magearna|spe|2\n|-boost|p1a: Magearna|atk|1\n|\n|upkeep\n|turn|7\n|\n|move|p1a: Magearna|Shift Gear|p1a: Magearna\n|-boost|p1a: Magearna|spe|2\n|-boost|p1a: Magearna|atk|1\n|move|p2a: Tornadus|U-turn|p1a: Magearna\n|-resisted|p1a: Magearna\n|-damage|p1a: Magearna|98\/100\n|\n|switch|p2a: Landorus|Landorus-Therian, M|100\/100|[from]move: U-turn\n|-ability|p2a: Landorus|Intimidate|boost\n|-unboost|p1a: Magearna|atk|1\n|\n|upkeep\n|turn|8\n|\n|switch|p2a: Tornadus|Tornadus-Therian, M|100\/100\n|move|p1a: Magearna|Iron Head|p2a: Tornadus\n|-damage|p2a: Tornadus|12\/100\n|\n|-sideend|p1: ghecisbestvillain|move: Light Screen\n|upkeep\n|turn|9\n|\n|switch|p2a: Slowbro|Slowbro, M|100\/100\n|move|p1a: Magearna|Shift Gear|p1a: Magearna\n|-boost|p1a: Magearna|spe|0\n|-boost|p1a: Magearna|atk|1\n|\n|-sideend|p1: ghecisbestvillain|Reflect\n|upkeep\n|turn|10\n|\n|move|p1a: Magearna|Shift Gear|p1a: Magearna\n|-boost|p1a: Magearna|spe|0\n|-boost|p1a: Magearna|atk|1\n|move|p2a: Slowbro|Thunder Wave|p1a: Magearna\n|-status|p1a: Magearna|par\n|\n|upkeep\n|turn|11\n|\n|move|p1a: Magearna|Iron Head|p2a: Slowbro\n|-resisted|p2a: Slowbro\n|-damage|p2a: Slowbro|69\/100\n|-damage|p1a: Magearna|81\/100 par|[from] item: Rocky Helmet|[of] p2a: Slowbro\n|move|p2a: Slowbro|Scald|p1a: Magearna\n|-damage|p1a: Magearna|53\/100 par\n|\n|upkeep\n|turn|12\n|\n|switch|p2a: Garchomp|Garchomp, F|100\/100\n|cant|p1a: Magearna|par\n|\n|upkeep\n|turn|13\n|\n|-zpower|p1a: Magearna\n|move|p1a: Magearna|Shattered Psyche|p2a: Garchomp|[zeffect]\n|-damage|p2a: Garchomp|2\/100\n|move|p2a: Garchomp|Stealth Rock|p1a: Magearna\n|-sidestart|p1: ghecisbestvillain|move: Stealth Rock\n|\n|upkeep\n|turn|14\n|-enditem|p2a: Garchomp|Custap Berry|[eat]\n|-activate|p2a: Garchomp|item: Custap Berry|[consumed]\n|\n|move|p2a: Garchomp|Earthquake|p1a: Magearna\n|-supereffective|p1a: Magearna\n|-damage|p1a: Magearna|0 fnt\n|faint|p1a: Magearna\n|\n|upkeep\n|\n|switch|p1a: Clefable|Clefable, F|100\/100\n|turn|15\n|\n|switch|p2a: Tornadus|Tornadus-Therian, M|45\/100\n|move|p1a: Clefable|Cosmic Power|p1a: Clefable\n|-boost|p1a: Clefable|def|1\n|-boost|p1a: Clefable|spd|1\n|\n|upkeep\n|turn|16\n|j| WhiteDevilK\n|j| GarbageAssNigguh\n|\n|move|p2a: Tornadus|Knock Off|p1a: Clefable\n|-resisted|p1a: Clefable\n|-damage|p1a: Clefable|94\/100\n|-enditem|p1a: Clefable|Leftovers|[from] move: Knock Off|[of] p2a: Tornadus\n|move|p1a: Clefable|Charge Beam|p2a: Tornadus\n|-supereffective|p2a: Tornadus\n|-damage|p2a: Tornadus|33\/100\n|-boost|p1a: Clefable|spa|1\n|\n|upkeep\n|turn|17\n|\n|switch|p2a: Tapu Lele|Tapu Lele|100\/100\n|-fieldstart|move: Psychic Terrain|[from] ability: Psychic Surge|[of] p2a: Tapu Lele\n|move|p1a: Clefable|Cosmic Power|p1a: Clefable\n|-boost|p1a: Clefable|def|1\n|-boost|p1a: Clefable|spd|1\n|\n|upkeep\n|turn|18\n|j| baboomar\n|\n|move|p2a: Tapu Lele|Psyshock|p1a: Clefable\n|-damage|p1a: Clefable|49\/100\n|move|p1a: Clefable|Cosmic Power|p1a: Clefable\n|-boost|p1a: Clefable|def|1\n|-boost|p1a: Clefable|spd|1\n|\n|upkeep\n|turn|19\n|\n|move|p2a: Tapu Lele|Psyshock|p1a: Clefable\n|-damage|p1a: Clefable|16\/100\n|move|p1a: Clefable|Soft-Boiled|p1a: Clefable\n|-heal|p1a: Clefable|66\/100\n|\n|upkeep\n|turn|20\n|\n|move|p2a: Tapu Lele|Psyshock|p1a: Clefable\n|-damage|p1a: Clefable|30\/100\n|move|p1a: Clefable|Soft-Boiled|p1a: Clefable\n|-heal|p1a: Clefable|80\/100\n|\n|upkeep\n|turn|21\n|\n|move|p2a: Tapu Lele|Psyshock|p1a: Clefable\n|-damage|p1a: Clefable|48\/100\n|move|p1a: Clefable|Cosmic Power|p1a: Clefable\n|-boost|p1a: Clefable|def|1\n|-boost|p1a: Clefable|spd|1\n|\n|-fieldend|move: Psychic Terrain\n|upkeep\n|turn|22\n|\n|switch|p2a: Slowbro|Slowbro, M|100\/100\n|move|p1a: Clefable|Soft-Boiled|p1a: Clefable\n|-heal|p1a: Clefable|98\/100\n|\n|upkeep\n|turn|23\n|\n|move|p1a: Clefable|Cosmic Power|p1a: Clefable\n|-boost|p1a: Clefable|def|1\n|-boost|p1a: Clefable|spd|1\n|move|p2a: Slowbro|Thunder Wave|p1a: Clefable\n|-status|p1a: Clefable|par\n|\n|upkeep\n|turn|24\n|\n|switch|p2a: Tapu Lele|Tapu Lele|100\/100\n|-fieldstart|move: Psychic Terrain|[from] ability: Psychic Surge|[of] p2a: Tapu Lele\n|cant|p1a: Clefable|par\n|\n|upkeep\n|turn|25\n|\n|move|p2a: Tapu Lele|Psychic|p1a: Clefable\n|-damage|p1a: Clefable|69\/100 par\n|move|p1a: Clefable|Cosmic Power|p1a: Clefable\n|-boost|p1a: Clefable|def|1\n|-boost|p1a: Clefable|spd|1\n|\n|upkeep\n|turn|26\n|\n|move|p2a: Tapu Lele|Psychic|p1a: Clefable\n|-damage|p1a: Clefable|47\/100 par\n|cant|p1a: Clefable|par\n|\n|upkeep\n|turn|27\n|\n|move|p2a: Tapu Lele|Psychic|p1a: Clefable\n|-damage|p1a: Clefable|20\/100 par\n|move|p1a: Clefable|Soft-Boiled|p1a: Clefable\n|-heal|p1a: Clefable|70\/100 par\n|\n|upkeep\n|turn|28\n|\n|move|p2a: Tapu Lele|Psychic|p1a: Clefable\n|-damage|p1a: Clefable|48\/100 par\n|move|p1a: Clefable|Soft-Boiled|p1a: Clefable\n|-heal|p1a: Clefable|98\/100 par\n|\n|-fieldend|move: Psychic Terrain\n|upkeep\n|turn|29\n|\n|move|p2a: Tapu Lele|Psychic|p1a: Clefable\n|-damage|p1a: Clefable|81\/100 par\n|cant|p1a: Clefable|par\n|\n|upkeep\n|turn|30\n|\n|move|p2a: Tapu Lele|Psychic|p1a: Clefable\n|-damage|p1a: Clefable|65\/100 par\n|move|p1a: Clefable|Charge Beam|p2a: Tapu Lele\n|-damage|p2a: Tapu Lele|84\/100\n|-boost|p1a: Clefable|spa|1\n|\n|upkeep\n|turn|31\n|\n|move|p2a: Tapu Lele|Psychic|p1a: Clefable\n|-damage|p1a: Clefable|48\/100 par\n|cant|p1a: Clefable|par\n|\n|upkeep\n|turn|32\n|\n|move|p2a: Tapu Lele|Psychic|p1a: Clefable\n|-damage|p1a: Clefable|30\/100 par\n|move|p1a: Clefable|Soft-Boiled|p1a: Clefable\n|-heal|p1a: Clefable|80\/100 par\n|\n|upkeep\n|turn|33\n|\n|move|p2a: Tapu Lele|Psychic|p1a: Clefable\n|-damage|p1a: Clefable|64\/100 par\n|move|p1a: Clefable|Charge Beam|p2a: Tapu Lele\n|-damage|p2a: Tapu Lele|63\/100\n|-boost|p1a: Clefable|spa|1\n|\n|upkeep\n|turn|34\n|\n|move|p2a: Tapu Lele|Psychic|p1a: Clefable\n|-damage|p1a: Clefable|47\/100 par\n|cant|p1a: Clefable|par\n|\n|upkeep\n|turn|35\n|\n|move|p2a: Tapu Lele|Psychic|p1a: Clefable\n|-crit|p1a: Clefable\n|-damage|p1a: Clefable|0 fnt\n|faint|p1a: Clefable\n|\n|upkeep\n|-message|ghecisbestvillain forfeited.\n|\n|win|dimrah\n|l|\u2606ghecisbestvillain\n|l|\u2606dimrah\n|l| baboomar\n|raw|ghecisbestvillain's rating: 1760 &rarr; <strong>1740<\/strong><br \/>(-20 for losing)\n|raw|dimrah's rating: 1764 &rarr; <strong>1784<\/strong><br \/>(+20 for winning)\n|l| WhiteDevilK\n|l| Fyntu\n|l| GarbageAssNigguh\n","uploadtime":1570218335,"views":6,"p1id":"ghecisbestvillain","p2id":"dimrah","formatid":"gen7ou","rating":1740,"private":0,"password":null}