{"id":"gen7ou-768393830","p1":"Gerbil","p2":"SMxVale","format":"gen7ou","log":"|j|\u2606Gerbil\n|j|\u2606SMxVale\n|player|p1|Gerbil|146\n|player|p2|SMxVale|102\n|teamsize|p1|6\n|teamsize|p2|6\n|gametype|singles\n|gen|7\n|tier|[Gen 7] OU\n|rated|\n|rule|Sleep Clause Mod: Limit one foe put to sleep\n|rule|Species Clause: Limit one of each Pok\u00e9mon\n|rule|OHKO Clause: OHKO moves are banned\n|rule|Moody Clause: Moody is banned\n|rule|Evasion Moves Clause: Evasion moves are banned\n|rule|Endless Battle Clause: Forcing endless battles is banned\n|rule|HP Percentage Mod: HP is shown in percentages\n|clearpoke\n|poke|p1|Snorlax, M|item\n|poke|p1|Ninetales-Alola, M|item\n|poke|p1|Landorus-Therian, M|item\n|poke|p1|Gyarados, M|item\n|poke|p1|Blacephalon|item\n|poke|p1|Zapdos|item\n|poke|p2|Tapu Fini|item\n|poke|p2|Medicham, M|item\n|poke|p2|Tangrowth, F|item\n|poke|p2|Zygarde|item\n|poke|p2|Heatran, M|item\n|poke|p2|Landorus-Therian, M|item\n|teampreview\n|\n|start\n|switch|p1a: Blacephalon|Blacephalon|100\/100\n|switch|p2a: Heatran|Heatran, M|100\/100\n|turn|1\n|inactive|Battle timer is ON: inactive players will automatically lose when time's up. (requested by SMxVale)\n|\n|switch|p1a: Landorus|Landorus-Therian, M|100\/100\n|-ability|p1a: Landorus|Intimidate|boost\n|-unboost|p2a: Heatran|atk|1\n|move|p2a: Heatran|Protect|p2a: Heatran\n|-fail|p2a: Heatran\n|\n|upkeep\n|turn|2\n|j| illuminati\n|inactive|SMxVale has 135 seconds left.\n|inactive|SMxVale has 120 seconds left.\n|\n|move|p1a: Landorus|Earthquake|p2a: Heatran\n|-supereffective|p2a: Heatran\n|-damage|p2a: Heatran|0 fnt\n|faint|p2a: Heatran\n|\n|upkeep\n|\n|switch|p2a: Landorus|Landorus-Therian, M|100\/100\n|-ability|p2a: Landorus|Intimidate|boost\n|-unboost|p1a: Landorus|atk|1\n|turn|3\n|inactive|Gerbil has 135 seconds left.\n|\n|switch|p1a: Zapdos|Zapdos|100\/100\n|move|p2a: Landorus|Stealth Rock|p1a: Zapdos\n|-sidestart|p1: Gerbil|move: Stealth Rock\n|\n|upkeep\n|turn|4\n|j| NDHB\n|inactive|SMxVale has 135 seconds left.\n|\n|switch|p2a: Zygarde|Zygarde|100\/100\n|-ability|p2a: Zygarde|Aura Break\n|move|p1a: Zapdos|Defog|p2a: Zygarde\n|-unboost|p2a: Zygarde|evasion|1\n|-sideend|p1: Gerbil|Stealth Rock|[from] move: Defog|[of] p1a: Zapdos\n|\n|upkeep\n|turn|5\n|\n|switch|p2a: Tangrowth|Tangrowth, F|100\/100\n|move|p1a: Zapdos|Hidden Power|p2a: Tangrowth\n|-supereffective|p2a: Tangrowth\n|-damage|p2a: Tangrowth|80\/100\n|\n|upkeep\n|turn|6\n|j| NakiriErinaSama\n|inactive|Gerbil has 135 seconds left.\n|inactive|SMxVale has 135 seconds left.\n|inactive|Gerbil has 120 seconds left.\n|inactive|Gerbil has 105 seconds left.\n|\n|move|p1a: Zapdos|Heat Wave|p2a: Tangrowth\n|-supereffective|p2a: Tangrowth\n|-damage|p2a: Tangrowth|50\/100\n|move|p2a: Tangrowth|Knock Off|p1a: Zapdos\n|-damage|p1a: Zapdos|83\/100\n|-enditem|p1a: Zapdos|Iapapa Berry|[from] move: Knock Off|[of] p2a: Tangrowth\n|\n|upkeep\n|turn|7\n|j| choerryisindian\n|inactive|Gerbil has 135 seconds left.\n|inactive|SMxVale has 135 seconds left.\n|\n|switch|p2a: Tapu Fini|Tapu Fini|100\/100\n|-fieldstart|move: Misty Terrain|[from] ability: Misty Surge|[of] p2a: Tapu Fini\n|move|p1a: Zapdos|Heat Wave|p2a: Tapu Fini\n|-resisted|p2a: Tapu Fini\n|-damage|p2a: Tapu Fini|91\/100\n|\n|-heal|p2a: Tapu Fini|97\/100|[from] item: Leftovers\n|upkeep\n|turn|8\n|inactive|SMxVale has 135 seconds left.\n|\n|switch|p2a: Tangrowth|Tangrowth, F|83\/100\n|move|p1a: Zapdos|Discharge|p2a: Tangrowth\n|-resisted|p2a: Tangrowth\n|-damage|p2a: Tangrowth|72\/100\n|\n|upkeep\n|turn|9\n|\n|move|p1a: Zapdos|Heat Wave|p2a: Tangrowth\n|-supereffective|p2a: Tangrowth\n|-damage|p2a: Tangrowth|40\/100\n|move|p2a: Tangrowth|Sludge Bomb|p1a: Zapdos\n|-damage|p1a: Zapdos|62\/100\n|\n|upkeep\n|turn|10\n|inactive|SMxVale has 135 seconds left.\n|\n|switch|p2a: Medicham|Medicham, M|100\/100\n|move|p1a: Zapdos|Hidden Power|p2a: Medicham\n|-damage|p2a: Medicham|71\/100\n|\n|upkeep\n|turn|11\n|inactive|SMxVale has 135 seconds left.\n|\n|detailschange|p2a: Medicham|Medicham-Mega, M\n|-mega|p2a: Medicham|Medicham|Medichamite\n|move|p2a: Medicham|Ice Punch|p1a: Zapdos\n|-supereffective|p1a: Zapdos\n|-damage|p1a: Zapdos|0 fnt\n|faint|p1a: Zapdos\n|\n|-fieldend|Misty Terrain\n|upkeep\n|l| NakiriErinaSama\n|inactive|Gerbil has 135 seconds left.\n|\n|switch|p1a: Blacephalon|Blacephalon|100\/100\n|turn|12\n|\n|switch|p2a: Tapu Fini|Tapu Fini|97\/100\n|-fieldstart|move: Misty Terrain|[from] ability: Misty Surge|[of] p2a: Tapu Fini\n|move|p1a: Blacephalon|Shadow Ball|p2a: Tapu Fini\n|-damage|p2a: Tapu Fini|65\/100\n|\n|-heal|p2a: Tapu Fini|71\/100|[from] item: Leftovers\n|upkeep\n|turn|13\n|inactive|SMxVale has 135 seconds left.\n|\n|move|p1a: Blacephalon|Calm Mind|p1a: Blacephalon\n|-boost|p1a: Blacephalon|spa|1\n|-boost|p1a: Blacephalon|spd|1\n|move|p2a: Tapu Fini|Surf|p1a: Blacephalon\n|-supereffective|p1a: Blacephalon\n|-damage|p1a: Blacephalon|48\/100\n|\n|-heal|p2a: Tapu Fini|78\/100|[from] item: Leftovers\n|upkeep\n|turn|14\n|inactive|SMxVale has 135 seconds left.\n|\n|switch|p2a: Tangrowth|Tangrowth, F|73\/100\n|-zpower|p1a: Blacephalon\n|move|p1a: Blacephalon|Never-Ending Nightmare|p2a: Tangrowth|[zeffect]\n|-damage|p2a: Tangrowth|0 fnt\n|faint|p2a: Tangrowth\n|-ability|p1a: Blacephalon|Beast Boost|boost\n|-boost|p1a: Blacephalon|spe|1\n|\n|upkeep\n|inactive|SMxVale has 135 seconds left.\n|\n|switch|p2a: Tapu Fini|Tapu Fini|78\/100\n|turn|15\n|\n|move|p1a: Blacephalon|Calm Mind|p1a: Blacephalon\n|-boost|p1a: Blacephalon|spa|1\n|-boost|p1a: Blacephalon|spd|1\n|move|p2a: Tapu Fini|Surf|p1a: Blacephalon\n|-supereffective|p1a: Blacephalon\n|-damage|p1a: Blacephalon|8\/100\n|\n|-heal|p2a: Tapu Fini|84\/100|[from] item: Leftovers\n|upkeep\n|turn|16\n|\n|move|p1a: Blacephalon|Shadow Ball|p2a: Tapu Fini\n|-crit|p2a: Tapu Fini\n|-damage|p2a: Tapu Fini|0 fnt\n|faint|p2a: Tapu Fini\n|-ability|p1a: Blacephalon|Beast Boost|boost\n|-boost|p1a: Blacephalon|spe|1\n|\n|-fieldend|Misty Terrain\n|upkeep\n|\n|switch|p2a: Zygarde|Zygarde|100\/100\n|-ability|p2a: Zygarde|Aura Break\n|turn|17\n|\n|move|p1a: Blacephalon|Shadow Ball|p2a: Zygarde\n|-damage|p2a: Zygarde|34\/100\n|move|p2a: Zygarde|Thousand Arrows|p1a: Blacephalon\n|-supereffective|p1a: Blacephalon\n|-damage|p1a: Blacephalon|0 fnt\n|faint|p1a: Blacephalon\n|\n|-heal|p2a: Zygarde|40\/100|[from] item: Leftovers\n|upkeep\n|\n|switch|p1a: Ninetales|Ninetales-Alola, M|100\/100\n|-weather|Hail|[from] ability: Snow Warning|[of] p1a: Ninetales\n|turn|18\n|inactive|SMxVale has 135 seconds left.\n|\n|move|p2a: Zygarde|Protect|p2a: Zygarde\n|-singleturn|p2a: Zygarde|Protect\n|move|p1a: Ninetales|Freeze-Dry|p2a: Zygarde\n|-activate|p2a: Zygarde|move: Protect\n|\n|-weather|Hail|[upkeep]\n|-damage|p2a: Zygarde|34\/100|[from] Hail\n|-heal|p2a: Zygarde|40\/100|[from] item: Leftovers\n|upkeep\n|turn|19\n|inactive|SMxVale has 135 seconds left.\n|\n|move|p1a: Ninetales|Freeze-Dry|p2a: Zygarde\n|-supereffective|p2a: Zygarde\n|-damage|p2a: Zygarde|0 fnt\n|faint|p2a: Zygarde\n|\n|-weather|Hail|[upkeep]\n|upkeep\n|\n|switch|p2a: Medicham|Medicham-Mega, M|71\/100\n|turn|20\n|\n|switch|p1a: Snorlax|Snorlax, M|100\/100\n|move|p2a: Medicham|Fake Out|p1a: Snorlax\n|-damage|p1a: Snorlax|84\/100\n|\n|-weather|Hail|[upkeep]\n|-damage|p2a: Medicham|65\/100|[from] Hail\n|-damage|p1a: Snorlax|78\/100|[from] Hail\n|upkeep\n|turn|21\n|\n|move|p2a: Medicham|High Jump Kick|p1a: Snorlax\n|-supereffective|p1a: Snorlax\n|-damage|p1a: Snorlax|0 fnt\n|faint|p1a: Snorlax\n|\n|-weather|Hail|[upkeep]\n|-damage|p2a: Medicham|59\/100|[from] Hail\n|upkeep\n|\n|switch|p1a: Landorus|Landorus-Therian, M|100\/100\n|-ability|p1a: Landorus|Intimidate|boost\n|-unboost|p2a: Medicham|atk|1\n|turn|22\n|\n|switch|p2a: Landorus|Landorus-Therian, M|100\/100\n|-ability|p2a: Landorus|Intimidate|boost\n|-unboost|p1a: Landorus|atk|1\n|move|p1a: Landorus|Explosion|p2a: Landorus\n|-damage|p2a: Landorus|53\/100\n|faint|p1a: Landorus\n|\n|-weather|none\n|upkeep\n|\n|switch|p1a: Ninetales|Ninetales-Alola, M|100\/100\n|-weather|Hail|[from] ability: Snow Warning|[of] p1a: Ninetales\n|turn|23\n|inactive|SMxVale has 135 seconds left.\n|l| illuminati\n|\n|move|p1a: Ninetales|Aurora Veil|p1a: Ninetales\n|-sidestart|p1: Gerbil|move: Aurora Veil\n|move|p2a: Landorus|Stealth Rock|p1a: Ninetales\n|-sidestart|p1: Gerbil|move: Stealth Rock\n|\n|-weather|Hail|[upkeep]\n|-damage|p2a: Landorus|47\/100|[from] Hail\n|upkeep\n|turn|24\n|\n|move|p1a: Ninetales|Freeze-Dry|p2a: Landorus\n|-supereffective|p2a: Landorus\n|-damage|p2a: Landorus|0 fnt\n|faint|p2a: Landorus\n|\n|-weather|Hail|[upkeep]\n|upkeep\n|\n|switch|p2a: Medicham|Medicham-Mega, M|59\/100\n|turn|25\n|\n|move|p1a: Ninetales|Freeze-Dry|p2a: Medicham\n|-damage|p2a: Medicham|27\/100\n|move|p2a: Medicham|High Jump Kick|p1a: Ninetales\n|-damage|p1a: Ninetales|30\/100\n|\n|-weather|Hail|[upkeep]\n|-damage|p2a: Medicham|21\/100|[from] Hail\n|upkeep\n|turn|26\n|inactive|SMxVale has 135 seconds left.\n|\n|move|p1a: Ninetales|Freeze-Dry|p2a: Medicham\n|-damage|p2a: Medicham|0 fnt\n|faint|p2a: Medicham\n|\n|win|Gerbil\n|l|\u2606Gerbil\n|raw|Gerbil's rating: 1928 &rarr; <strong>1940<\/strong><br \/>(+12 for winning)\n|raw|SMxVale's rating: 1768 &rarr; <strong>1757<\/strong><br \/>(-11 for losing)\n|l|\u2606SMxVale\n|l| NDHB\n","inputlog":null,"uploadtime":1530135886,"views":13,"p1id":"gerbil","p2id":"smxvale","formatid":"gen7ou","rating":1757,"private":0,"password":null}