{"id":"gen7randombattle-1611324866","p1":"firepunch917","p2":"velvestrade","format":"gen7randombattle","log":"|j|\u2606firepunch917\n|j|\u2606velvestrade\n|t:|1657087339\n|gametype|singles\n|player|p1|firepunch917|169|1648\n|player|p2|velvestrade|elesa|1603\n|teamsize|p1|6\n|teamsize|p2|6\n|gen|7\n|tier|[Gen 7] Random Battle\n|rated|\n|rule|Sleep Clause Mod: Limit one foe put to sleep\n|rule|HP Percentage Mod: HP is shown in percentages\n|rule|Mega Rayquaza Clause: You cannot mega evolve Rayquaza\n|\n|t:|1657087339\n|start\n|switch|p1a: Reuniclus|Reuniclus, L84, F|322\/322\n|switch|p2a: Lanturn|Lanturn, L88, F|363\/363\n|turn|1\n|inactive|Battle timer is ON: inactive players will automatically lose when time's up. (requested by velvestrade)\n|\n|t:|1657087359\n|move|p2a: Lanturn|Volt Switch|p1a: Reuniclus\n|-damage|p1a: Reuniclus|255\/322\n|\n|t:|1657087372\n|switch|p2a: Genesect|Genesect, L76|233\/233\n|-ability|p2a: Genesect|Download|boost\n|-boost|p2a: Genesect|atk|1\n|move|p1a: Reuniclus|Calm Mind|p1a: Reuniclus\n|-boost|p1a: Reuniclus|spa|1\n|-boost|p1a: Reuniclus|spd|1\n|\n|upkeep\n|turn|2\n|\n|t:|1657087395\n|move|p2a: Genesect|U-turn|p1a: Reuniclus\n|-supereffective|p1a: Reuniclus\n|-damage|p1a: Reuniclus|25\/322\n|\n|t:|1657087399\n|switch|p2a: Jirachi|Jirachi, L80|291\/291\n|move|p1a: Reuniclus|Shadow Ball|p2a: Jirachi\n|-supereffective|p2a: Jirachi\n|-damage|p2a: Jirachi|34\/291\n|\n|-heal|p2a: Jirachi|52\/291|[from] item: Leftovers\n|upkeep\n|turn|3\n|\n|t:|1657087409\n|move|p2a: Jirachi|Iron Head|p1a: Reuniclus\n|-damage|p1a: Reuniclus|0 fnt\n|faint|p1a: Reuniclus\n|\n|-heal|p2a: Jirachi|70\/291|[from] item: Leftovers\n|upkeep\n|\n|t:|1657087413\n|switch|p1a: Staraptor|Staraptor, L82, F|274\/274\n|-ability|p1a: Staraptor|Intimidate|boost\n|-unboost|p2a: Jirachi|atk|1\n|turn|4\n|\n|t:|1657087431\n|move|p1a: Staraptor|U-turn|p2a: Jirachi\n|-damage|p2a: Jirachi|0 fnt\n|faint|p2a: Jirachi\n|\n|t:|1657087438\n|switch|p1a: Palkia|Palkia, L76|262\/262\n|-ability|p1a: Palkia|Pressure\n|\n|upkeep\n|\n|t:|1657087444\n|switch|p2a: Slurpuff|Slurpuff, L86, M|280\/280\n|turn|5\n|\n|t:|1657087449\n|move|p1a: Palkia|Thunder Wave|p2a: Slurpuff\n|-status|p2a: Slurpuff|par\n|move|p2a: Slurpuff|Belly Drum|p2a: Slurpuff\n|-damage|p2a: Slurpuff|140\/280 par\n|-setboost|p2a: Slurpuff|atk|6|[from] move: Belly Drum\n|-enditem|p2a: Slurpuff|Sitrus Berry|[eat]\n|-heal|p2a: Slurpuff|210\/280 par|[from] item: Sitrus Berry\n|\n|upkeep\n|turn|6\n|\n|t:|1657087462\n|move|p1a: Palkia|Hydro Pump|p2a: Slurpuff\n|-damage|p2a: Slurpuff|17\/280 par\n|move|p2a: Slurpuff|Play Rough|p1a: Palkia\n|-supereffective|p1a: Palkia\n|-damage|p1a: Palkia|0 fnt\n|faint|p1a: Palkia\n|\n|upkeep\n|\n|t:|1657087466\n|switch|p1a: Staraptor|Staraptor, L82, F|274\/274\n|-ability|p1a: Staraptor|Intimidate|boost\n|-unboost|p2a: Slurpuff|atk|1\n|turn|7\n|\n|t:|1657087471\n|move|p1a: Staraptor|U-turn|p2a: Slurpuff\n|-resisted|p2a: Slurpuff\n|-damage|p2a: Slurpuff|0 fnt\n|faint|p2a: Slurpuff\n|\n|t:|1657087478\n|switch|p1a: Wailord|Wailord, L88, F|442\/442\n|\n|upkeep\n|\n|t:|1657087485\n|switch|p2a: Lanturn|Lanturn, L88, F|363\/363\n|turn|8\n|\n|t:|1657087488\n|move|p2a: Lanturn|Toxic|p1a: Wailord\n|-status|p1a: Wailord|tox\n|move|p1a: Wailord|Hydro Pump|p2a: Lanturn\n|-resisted|p2a: Lanturn\n|-damage|p2a: Lanturn|258\/363\n|\n|-heal|p2a: Lanturn|280\/363|[from] item: Leftovers\n|-damage|p1a: Wailord|415\/442 tox|[from] psn\n|upkeep\n|turn|9\n|\n|t:|1657087497\n|move|p2a: Lanturn|Volt Switch|p1a: Wailord\n|-supereffective|p1a: Wailord\n|-damage|p1a: Wailord|223\/442 tox\n|\n|t:|1657087500\n|switch|p2a: Leafeon|Leafeon, L88, F|258\/258\n|move|p1a: Wailord|Hydro Pump|p2a: Leafeon\n|-resisted|p2a: Leafeon\n|-damage|p2a: Leafeon|148\/258\n|\n|-heal|p2a: Leafeon|164\/258|[from] item: Leftovers\n|-damage|p1a: Wailord|169\/442 tox|[from] psn\n|upkeep\n|turn|10\n|\n|t:|1657087514\n|move|p2a: Leafeon|Leaf Blade|p1a: Wailord\n|-supereffective|p1a: Wailord\n|-damage|p1a: Wailord|0 fnt\n|faint|p1a: Wailord\n|\n|-heal|p2a: Leafeon|180\/258|[from] item: Leftovers\n|upkeep\n|\n|t:|1657087518\n|switch|p1a: Staraptor|Staraptor, L82, F|274\/274\n|-ability|p1a: Staraptor|Intimidate|boost\n|-unboost|p2a: Leafeon|atk|1\n|turn|11\n|\n|t:|1657087523\n|switch|p2a: Lanturn|Lanturn, L88, F|280\/363\n|move|p1a: Staraptor|U-turn|p2a: Lanturn\n|-damage|p2a: Lanturn|176\/363\n|\n|t:|1657087532\n|switch|p1a: Mimikyu|Mimikyu, L82, M|224\/224\n|\n|-heal|p2a: Lanturn|198\/363|[from] item: Leftovers\n|upkeep\n|turn|12\n|\n|t:|1657087545\n|-zpower|p1a: Mimikyu\n|move|p1a: Mimikyu|Let's Snuggle Forever|p2a: Lanturn|[zeffect]\n|-damage|p2a: Lanturn|0 fnt\n|faint|p2a: Lanturn\n|\n|upkeep\n|\n|t:|1657087553\n|switch|p2a: Genesect|Genesect, L76|233\/233\n|-ability|p2a: Genesect|Download|boost\n|-boost|p2a: Genesect|atk|1\n|turn|13\n|\n|t:|1657087560\n|move|p1a: Mimikyu|Taunt|p2a: Genesect\n|-start|p2a: Genesect|move: Taunt\n|cant|p2a: Genesect|move: Taunt|Shift Gear\n|\n|upkeep\n|turn|14\n|\n|t:|1657087565\n|switch|p1a: Staraptor|Staraptor, L82, F|274\/274\n|-ability|p1a: Staraptor|Intimidate|boost\n|-unboost|p2a: Genesect|atk|1\n|move|p2a: Genesect|Iron Head|p1a: Staraptor\n|-damage|p1a: Staraptor|171\/274\n|\n|upkeep\n|turn|15\n|\n|t:|1657087574\n|move|p1a: Staraptor|Brave Bird|p2a: Genesect\n|-damage|p2a: Genesect|20\/233\n|-damage|p1a: Staraptor|101\/274|[from] Recoil\n|move|p2a: Genesect|U-turn|p1a: Staraptor\n|-resisted|p1a: Staraptor\n|-damage|p1a: Staraptor|53\/274\n|\n|t:|1657087580\n|switch|p2a: Lycanroc|Lycanroc-Dusk, L84, M|263\/263\n|\n|upkeep\n|turn|16\n|\n|t:|1657087586\n|move|p2a: Lycanroc|Accelerock|p1a: Staraptor\n|-supereffective|p1a: Staraptor\n|-damage|p1a: Staraptor|0 fnt\n|faint|p1a: Staraptor\n|\n|upkeep\n|\n|t:|1657087590\n|switch|p1a: Mimikyu|Mimikyu, L82, M|224\/224\n|turn|17\n|\n|t:|1657087593\n|switch|p2a: Leafeon|Leafeon, L88, F|180\/258\n|move|p1a: Mimikyu|Play Rough|p2a: Leafeon\n|-damage|p2a: Leafeon|114\/258\n|\n|-heal|p2a: Leafeon|130\/258|[from] item: Leftovers\n|upkeep\n|turn|18\n|\n|t:|1657087603\n|switch|p1a: Latias|Latias, L80, F|259\/259\n|move|p2a: Leafeon|Leaf Blade|p1a: Latias\n|-resisted|p1a: Latias\n|-damage|p1a: Latias|202\/259\n|\n|-heal|p2a: Leafeon|146\/258|[from] item: Leftovers\n|upkeep\n|turn|19\n|\n|t:|1657087613\n|detailschange|p1a: Latias|Latias-Mega, L80, F\n|-mega|p1a: Latias|Latias|Latiasite\n|move|p1a: Latias|Psyshock|p2a: Leafeon\n|-damage|p2a: Leafeon|68\/258\n|move|p2a: Leafeon|Knock Off|p1a: Latias\n|-supereffective|p1a: Latias\n|-damage|p1a: Latias|110\/259\n|\n|-heal|p2a: Leafeon|84\/258|[from] item: Leftovers\n|upkeep\n|turn|20\n|\n|t:|1657087622\n|move|p1a: Latias|Roost|p1a: Latias\n|-heal|p1a: Latias|240\/259\n|-singleturn|p1a: Latias|move: Roost\n|move|p2a: Leafeon|Synthesis|p2a: Leafeon\n|-heal|p2a: Leafeon|213\/258\n|\n|-heal|p2a: Leafeon|229\/258|[from] item: Leftovers\n|upkeep\n|turn|21\n|\n|t:|1657087624\n|move|p1a: Latias|Calm Mind|p1a: Latias\n|-boost|p1a: Latias|spa|1\n|-boost|p1a: Latias|spd|1\n|move|p2a: Leafeon|Swords Dance|p2a: Leafeon\n|-boost|p2a: Leafeon|atk|2\n|\n|-heal|p2a: Leafeon|245\/258|[from] item: Leftovers\n|upkeep\n|turn|22\n|\n|t:|1657087631\n|move|p1a: Latias|Draco Meteor|p2a: Leafeon|[miss]\n|-miss|p1a: Latias|p2a: Leafeon\n|move|p2a: Leafeon|Knock Off|p1a: Latias\n|-supereffective|p1a: Latias\n|-damage|p1a: Latias|48\/259\n|\n|-heal|p2a: Leafeon|258\/258|[from] item: Leftovers\n|upkeep\n|turn|23\n|\n|t:|1657087637\n|move|p1a: Latias|Psyshock|p2a: Leafeon\n|-damage|p2a: Leafeon|149\/258\n|move|p2a: Leafeon|Knock Off|p1a: Latias\n|-supereffective|p1a: Latias\n|-damage|p1a: Latias|0 fnt\n|faint|p1a: Latias\n|\n|-heal|p2a: Leafeon|165\/258|[from] item: Leftovers\n|upkeep\n|\n|t:|1657087639\n|switch|p1a: Mimikyu|Mimikyu, L82, M|224\/224\n|turn|24\n|-message|firepunch917 forfeited.\n|\n|win|velvestrade\n|raw|firepunch917's rating: 1648 &rarr; <strong>1625<\/strong><br \/>(-23 for losing)\n|raw|velvestrade's rating: 1603 &rarr; <strong>1626<\/strong><br \/>(+23 for winning)\n|l|\u2606firepunch917\n","inputlog":">version 11c68141c380f61e2da7046fb748694845aecef0\n>start {\"formatid\":\"gen7randombattle\",\"seed\":[26865,22816,50041,62022],\"rated\":\"Rated battle\"}\n>player p1 {\"name\":\"firepunch917\",\"avatar\":\"169\",\"rating\":1648,\"seed\":[48313,65321,57351,24902]}\n>player p2 {\"name\":\"velvestrade\",\"avatar\":\"elesa\",\"rating\":1603,\"seed\":[12706,47801,28804,49446]}\n>p1 move calmmind\n>p2 move voltswitch\n>p2 switch 6\n>p1 move shadowball\n>p2 move uturn\n>p2 switch 5\n>p1 move recover\n>p2 move ironhead\n>p1 switch 6\n>p1 move uturn\n>p2 move toxic\n>p1 switch 3\n>p2 switch 4\n>p1 move thunderwave\n>p2 move bellydrum\n>p1 move hydropump\n>p2 move playrough\n>p1 switch 3\n>p1 move uturn\n>p2 move drainpunch\n>p1 switch 5\n>p2 switch 6\n>p1 move hydropump\n>p2 move toxic\n>p1 move hydropump\n>p2 move voltswitch\n>p2 switch 2\n>p1 move hydropump\n>p2 move leafblade\n>p1 switch 5\n>p1 move uturn\n>p2 switch 2\n>p1 switch 4\n>p1 move playrough zmove\n>p2 move toxic\n>p2 switch 5\n>p1 move taunt\n>p2 move shiftgear\n>p1 switch 4\n>p2 move ironhead\n>p1 move bravebird\n>p2 move uturn\n>p2 switch 3\n>p1 move bravebird\n>p2 move accelerock\n>p1 switch 4\n>p1 move playrough\n>p2 switch 2\n>p1 switch 2\n>p2 move leafblade\n>p1 move psyshock mega\n>p2 move knockoff\n>p1 move roost\n>p2 move synthesis\n>p1 move calmmind\n>p2 move swordsdance\n>p1 move dracometeor\n>p2 move knockoff\n>p1 move psyshock\n>p2 move knockoff\n>p1 switch 2\n>forcelose p1","uploadtime":1657087647,"views":4,"p1id":"firepunch917","p2id":"velvestrade","formatid":"gen7randombattle","rating":1625,"private":0,"password":null}