{"id":"gen7ou-591551152","p1":"A Better Trainer","p2":"I'm back from mars","format":"gen7ou","log":"|j|A Better Trainer\n|j|I'm back from mars\n|player|p1|A Better Trainer|265\n|teamsize|p1|6\n|player|p2|I'm back from mars|128\n|teamsize|p2|6\n|gametype|singles\n|gen|7\n|tier|[Gen 7] OU\n|rated\n|seed|20625,8468,3336,26724\n|clearpoke\n|poke|p1|Manectric, M|item\n|poke|p1|Tangrowth, M|item\n|poke|p1|Tapu Fini|item\n|poke|p1|Landorus-Therian, M|item\n|poke|p1|Heatran, M|item\n|poke|p1|Garchomp, M|item\n|poke|p2|Tyranitar, M|item\n|poke|p2|Garchomp, F|item\n|poke|p2|Tangrowth, M|item\n|poke|p2|Reuniclus, M|item\n|poke|p2|Bronzong|item\n|poke|p2|Landorus-Therian, M|item\n|rule|Sleep Clause Mod: Limit one foe put to sleep\n|rule|Species Clause: Limit one of each Pok\u00e9mon\n|rule|OHKO Clause: OHKO moves are banned\n|rule|Moody Clause: Moody is banned\n|rule|Evasion Moves Clause: Evasion moves are banned\n|rule|Endless Battle Clause: Forcing endless battles is banned\n|rule|HP Percentage Mod: HP is shown in percentages\n|teampreview\n|j|Tonicosuepes\n|choice|team 2, team 1, team 3, team 4, team 5, team 6|team 1, team 2, team 3, team 4, team 5, team 6\n|\n|start\n|switch|p1a: Tangrowth|Tangrowth, M|404\/404\n|switch|p2a: Tyranitar|Tyranitar, M|342\/342\n|-weather|Sandstorm|[from] ability: Sand Stream|[of] p2a: Tyranitar\n|turn|1\n|j|atnawata\n|j|DestinyUnknown\n|choice|move knockoff|switch 3\n|\n|switch|p2a: Tangrowth|Tangrowth, M|404\/404\n|move|p1a: Tangrowth|Knock Off|p2a: Tangrowth\n|-damage|p2a: Tangrowth|336\/404\n|-enditem|p2a: Tangrowth|Assault Vest|[from] move: Knock Off|[of] p1a: Tangrowth\n|\n|-weather|Sandstorm|[upkeep]\n|-damage|p2a: Tangrowth|311\/404|[from] sandstorm\n|-damage|p1a: Tangrowth|379\/404|[from] sandstorm\n|upkeep\n|turn|2\n|j|Boygirl Next Door\n|j|Matthew Marshall\n|choice|switch 6|move knockoff\n|\n|switch|p1a: Garchomp|Garchomp, M|357\/357\n|move|p2a: Tangrowth|Knock Off|p1a: Garchomp\n|-damage|p1a: Garchomp|282\/357\n|-damage|p2a: Tangrowth|261\/404|[from] ability: Rough Skin|[of] p1a: Garchomp\n|-enditem|p1a: Garchomp|Choice Scarf|[from] move: Knock Off|[of] p2a: Tangrowth\n|\n|-weather|Sandstorm|[upkeep]\n|-damage|p2a: Tangrowth|236\/404|[from] sandstorm\n|upkeep\n|turn|3\n|choice|move stealthrock|switch 5\n|\n|switch|p2a: Bronzong|Bronzong|338\/338\n|move|p1a: Garchomp|Stealth Rock|p2a: Bronzong\n|-sidestart|p2: I'm back from mars|move: Stealth Rock\n|\n|-weather|Sandstorm|[upkeep]\n|upkeep\n|turn|4\n|inactive|Battle timer is ON: inactive players will automatically lose when time's up. (requested by A Better Trainer)\n|choice|switch 5|move stealthrock\n|\n|switch|p1a: Heatran|Heatran, M|384\/384\n|move|p2a: Bronzong|Stealth Rock|p1a: Heatran\n|-sidestart|p1: A Better Trainer|move: Stealth Rock\n|\n|-weather|Sandstorm|[upkeep]\n|upkeep\n|turn|5\n|choice|switch 3|move protect\n|\n|switch|p1a: Tapu Fini|Tapu Fini|344\/344\n|-damage|p1a: Tapu Fini|301\/344|[from] Stealth Rock\n|-fieldstart|move: Misty Terrain|[from] ability: Misty Surge|[of] p1a: Tapu Fini\n|move|p2a: Bronzong|Protect|p2a: Bronzong\n|-fail|p2a: Bronzong\n|\n|-weather|none\n|-heal|p1a: Tapu Fini|322\/344|[from] item: Leftovers\n|upkeep\n|turn|6\n|choice|switch 3|switch 5\n|\n|switch|p1a: Heatran|Heatran, M|384\/384\n|-damage|p1a: Heatran|336\/384|[from] Stealth Rock\n|switch|p2a: Tangrowth|Tangrowth, M|370\/404\n|-damage|p2a: Tangrowth|320\/404|[from] Stealth Rock\n|\n|-heal|p1a: Heatran|360\/384|[from] item: Leftovers\n|upkeep\n|turn|7\n|choice|move magmastorm|switch 2\n|\n|switch|p2a: Garchomp|Garchomp, F|358\/358\n|-damage|p2a: Garchomp|336\/358|[from] Stealth Rock\n|move|p1a: Heatran|Magma Storm|p2a: Garchomp\n|-resisted|p2a: Garchomp\n|-damage|p2a: Garchomp|238\/358\n|-activate|p2a: Garchomp|move: Magma Storm|[of] p1a: Heatran\n|\n|-heal|p1a: Heatran|384\/384|[from] item: Leftovers\n|-damage|p2a: Garchomp|194\/358|[from] move: Magma Storm|[partiallytrapped]\n|upkeep\n|turn|8\n|c| atnawata|i like pink mons\n|c| atnawata|u r sooo fucking bad\n|c| atnawata|holy shit\n|c|\u2606I'm back from mars|i dont even know who you are.\n|c| atnawata|the guy who knows ur bad\n|choice|switch 6|move earthquake mega\n|\n|switch|p1a: Tangrowth|Tangrowth, M|404\/404\n|-damage|p1a: Tangrowth|354\/404|[from] Stealth Rock\n|detailschange|p2a: Garchomp|Garchomp-Mega, F\n|-mega|p2a: Garchomp|Garchomp|Garchompite\n|move|p2a: Garchomp|Earthquake|p1a: Tangrowth\n|-resisted|p1a: Tangrowth\n|-damage|p1a: Tangrowth|263\/404\n|\n|upkeep\n|turn|9\n|c|\u2606A Better Trainer|I have respect for u bro, you travelled all the way to mars and back\n|choice|move hiddenpower|move swordsdance\n|\n|move|p2a: Garchomp|Swords Dance|p2a: Garchomp\n|-boost|p2a: Garchomp|atk|2\n|move|p1a: Tangrowth|Hidden Power|p2a: Garchomp\n|-supereffective|p2a: Garchomp\n|-damage|p2a: Garchomp|0 fnt\n|faint|p2a: Garchomp\n|\n|-fieldend|Misty Terrain\n|upkeep\n|j|dedic\n|choice||switch 2\n|\n|switch|p2a: Tangrowth|Tangrowth, M|404\/404\n|-damage|p2a: Tangrowth|354\/404|[from] Stealth Rock\n|turn|10\n|choice|move hiddenpower|move knockoff\n|\n|move|p2a: Tangrowth|Knock Off|p1a: Tangrowth\n|-damage|p1a: Tangrowth|201\/404\n|-enditem|p1a: Tangrowth|Assault Vest|[from] move: Knock Off|[of] p2a: Tangrowth\n|move|p1a: Tangrowth|Hidden Power|p2a: Tangrowth\n|-supereffective|p2a: Tangrowth\n|-damage|p2a: Tangrowth|240\/404\n|\n|upkeep\n|turn|11\n|choice|switch 6|switch 3\n|\n|switch|p2a: Tyranitar|Tyranitar, M|342\/342\n|-damage|p2a: Tyranitar|300\/342|[from] Stealth Rock\n|-weather|Sandstorm|[from] ability: Sand Stream|[of] p2a: Tyranitar\n|switch|p1a: Heatran|Heatran, M|384\/384\n|-damage|p1a: Heatran|336\/384|[from] Stealth Rock\n|\n|-weather|Sandstorm|[upkeep]\n|-heal|p1a: Heatran|360\/384|[from] item: Leftovers\n|upkeep\n|turn|12\n|j|Ak4shi\n|choice|move toxic|move earthquake\n|\n|move|p2a: Tyranitar|Earthquake|p1a: Heatran\n|-supereffective|p1a: Heatran\n|-damage|p1a: Heatran|0 fnt\n|faint|p1a: Heatran\n|\n|-weather|Sandstorm|[upkeep]\n|upkeep\n|choice|switch 4|\n|\n|switch|p1a: Landorus|Landorus-Therian, M|319\/319\n|-damage|p1a: Landorus|280\/319|[from] Stealth Rock\n|-ability|p1a: Landorus|Intimidate|boost\n|-unboost|p2a: Tyranitar|atk|1\n|turn|13\n|choice|move swordsdance|switch 5\n|\n|switch|p2a: Bronzong|Bronzong|338\/338\n|-damage|p2a: Bronzong|317\/338|[from] Stealth Rock\n|move|p1a: Landorus|Swords Dance|p1a: Landorus\n|-boost|p1a: Landorus|atk|2\n|\n|-weather|Sandstorm|[upkeep]\n|-heal|p2a: Bronzong|338\/338|[from] item: Leftovers\n|upkeep\n|turn|14\n|choice|move gravity|move toxic\n|\n|move|p1a: Landorus|Gravity|p1a: Landorus\n|-fieldstart|move: Gravity\n|move|p2a: Bronzong|Toxic|p1a: Landorus\n|-status|p1a: Landorus|tox\n|\n|-weather|Sandstorm|[upkeep]\n|-damage|p1a: Landorus|261\/319 tox|[from] psn\n|upkeep\n|turn|15\n|c|\u2606A Better Trainer|LOOOOOL\n|choice|move earthquake|switch 6\n|\n|switch|p2a: Landorus|Landorus-Therian, M|382\/382\n|-damage|p2a: Landorus|335\/382|[from] Stealth Rock\n|-ability|p2a: Landorus|Intimidate|boost\n|-unboost|p1a: Landorus|atk|1\n|move|p1a: Landorus|Earthquake|p2a: Landorus\n|-damage|p2a: Landorus|107\/382\n|\n|-weather|none\n|-heal|p2a: Landorus|130\/382|[from] item: Leftovers\n|-damage|p1a: Landorus|223\/319 tox|[from] psn\n|upkeep\n|turn|16\n|l|dedic\n|choice|move earthquake|move earthquake\n|\n|move|p1a: Landorus|Earthquake|p2a: Landorus\n|-damage|p2a: Landorus|0 fnt\n|faint|p2a: Landorus\n|\n|-damage|p1a: Landorus|166\/319 tox|[from] psn\n|upkeep\n|choice||switch 3\n|\n|switch|p2a: Tangrowth|Tangrowth, M|374\/404\n|-damage|p2a: Tangrowth|324\/404|[from] Stealth Rock\n|turn|17\n|choice|move fly zmove|move hiddenpower\n|\n|-zpower|p1a: Landorus\n|move|p1a: Landorus|Supersonic Skystrike|p2a: Tangrowth|[zeffect]\n|-supereffective|p2a: Tangrowth\n|-damage|p2a: Tangrowth|0 fnt\n|faint|p2a: Tangrowth\n|\n|-damage|p1a: Landorus|90\/319 tox|[from] psn\n|upkeep\n|c|\u2606I'm back from mars|im stupid\n|c|\u2606I'm back from mars|ofc it is z fly\n|choice||switch 5\n|\n|switch|p2a: Tyranitar|Tyranitar, M|300\/342\n|-damage|p2a: Tyranitar|258\/342|[from] Stealth Rock\n|-weather|Sandstorm|[from] ability: Sand Stream|[of] p2a: Tyranitar\n|turn|18\n|c|\u2606A Better Trainer|u should have switched to tangrowth the turn before\n|choice|move earthquake|move stoneedge\n|\n|move|p2a: Tyranitar|Stone Edge|p1a: Landorus\n|-damage|p1a: Landorus|0 fnt\n|faint|p1a: Landorus\n|\n|-weather|Sandstorm|[upkeep]\n|-fieldend|move: Gravity\n|upkeep\n|choice|switch 5|\n|\n|switch|p1a: Garchomp|Garchomp, M|282\/357\n|-damage|p1a: Garchomp|260\/357|[from] Stealth Rock\n|turn|19\n|c|\u2606I'm back from mars|yes\n|choice|move dragonclaw|switch 6\n|\n|switch|p2a: Bronzong|Bronzong|338\/338\n|-damage|p2a: Bronzong|317\/338|[from] Stealth Rock\n|move|p1a: Garchomp|Dragon Claw|p2a: Bronzong\n|-resisted|p2a: Bronzong\n|-damage|p2a: Bronzong|265\/338\n|\n|-weather|Sandstorm|[upkeep]\n|-heal|p2a: Bronzong|286\/338|[from] item: Leftovers\n|upkeep\n|turn|20\n|choice|switch 3|move psywave\n|\n|switch|p1a: Tapu Fini|Tapu Fini|322\/344\n|-damage|p1a: Tapu Fini|279\/344|[from] Stealth Rock\n|-fieldstart|move: Misty Terrain|[from] ability: Misty Surge|[of] p1a: Tapu Fini\n|move|p2a: Bronzong|Psywave|p1a: Tapu Fini\n|-damage|p1a: Tapu Fini|223\/344\n|\n|-weather|Sandstorm|[upkeep]\n|-damage|p1a: Tapu Fini|202\/344|[from] sandstorm\n|-heal|p1a: Tapu Fini|223\/344|[from] item: Leftovers\n|-heal|p2a: Bronzong|307\/338|[from] item: Leftovers\n|upkeep\n|turn|21\n|choice|move naturesmadness|move psywave\n|\n|move|p1a: Tapu Fini|Nature's Madness|p2a: Bronzong\n|-damage|p2a: Bronzong|154\/338\n|move|p2a: Bronzong|Psywave|p1a: Tapu Fini\n|-damage|p1a: Tapu Fini|108\/344\n|\n|-weather|Sandstorm|[upkeep]\n|-damage|p1a: Tapu Fini|87\/344|[from] sandstorm\n|-heal|p1a: Tapu Fini|108\/344|[from] item: Leftovers\n|-heal|p2a: Bronzong|175\/338|[from] item: Leftovers\n|upkeep\n|turn|22\n|choice|switch 6|move psywave\n|\n|switch|p1a: Tangrowth|Tangrowth, M|335\/404\n|-damage|p1a: Tangrowth|285\/404|[from] Stealth Rock\n|move|p2a: Bronzong|Psywave|p1a: Tangrowth\n|-damage|p1a: Tangrowth|145\/404\n|\n|-weather|none\n|-heal|p2a: Bronzong|196\/338|[from] item: Leftovers\n|upkeep\n|turn|23\n|l|Ak4shi\n|choice|move knockoff|move protect\n|\n|move|p2a: Bronzong|Protect|p2a: Bronzong\n|-singleturn|p2a: Bronzong|Protect\n|move|p1a: Tangrowth|Knock Off|p2a: Bronzong\n|-activate|p2a: Bronzong|move: Protect\n|\n|-heal|p2a: Bronzong|217\/338|[from] item: Leftovers\n|upkeep\n|turn|24\n|c|\u2606A Better Trainer|lol love the creativity\n|choice|move knockoff|switch 6\n|\n|switch|p2a: Tyranitar|Tyranitar, M|258\/342\n|-damage|p2a: Tyranitar|216\/342|[from] Stealth Rock\n|-weather|Sandstorm|[from] ability: Sand Stream|[of] p2a: Tyranitar\n|move|p1a: Tangrowth|Knock Off|p2a: Tyranitar\n|-resisted|p2a: Tyranitar\n|-damage|p2a: Tyranitar|183\/342\n|-enditem|p2a: Tyranitar|Choice Scarf|[from] move: Knock Off|[of] p1a: Tangrowth\n|\n|-weather|Sandstorm|[upkeep]\n|-damage|p1a: Tangrowth|120\/404|[from] sandstorm\n|-fieldend|Misty Terrain\n|upkeep\n|turn|25\n|l|atnawata\n|c|\u2606I'm back from mars|that bronzong set is not from me\n|c|\u2606A Better Trainer|nvm\n|c|\u2606I'm back from mars|i think it has been used during spl\n|c| Tonicosuepes|both teams are quite creative\n|l|DestinyUnknown\n|c| Tonicosuepes|loving this type of matches\n|choice|switch 3|move stoneedge\n|\n|switch|p1a: Garchomp|Garchomp, M|260\/357\n|-damage|p1a: Garchomp|238\/357|[from] Stealth Rock\n|move|p2a: Tyranitar|Stone Edge|p1a: Garchomp\n|-resisted|p1a: Garchomp\n|-damage|p1a: Garchomp|137\/357\n|\n|-weather|Sandstorm|[upkeep]\n|upkeep\n|turn|26\n|c|\u2606A Better Trainer|I aint using standard stuff\n|c|\u2606A Better Trainer|only tangrowth\n|choice|switch 3|switch 6\n|\n|switch|p1a: Tangrowth|Tangrowth, M|254\/404\n|-damage|p1a: Tangrowth|204\/404|[from] Stealth Rock\n|switch|p2a: Bronzong|Bronzong|217\/338\n|-damage|p2a: Bronzong|196\/338|[from] Stealth Rock\n|\n|-weather|Sandstorm|[upkeep]\n|-damage|p1a: Tangrowth|179\/404|[from] sandstorm\n|-heal|p2a: Bronzong|217\/338|[from] item: Leftovers\n|upkeep\n|turn|27\n|c| Tonicosuepes|exactly\n|choice|move gigadrain|move protect\n|\n|move|p2a: Bronzong|Protect|p2a: Bronzong\n|-singleturn|p2a: Bronzong|Protect\n|move|p1a: Tangrowth|Giga Drain|p2a: Bronzong\n|-activate|p2a: Bronzong|move: Protect\n|\n|-weather|Sandstorm|[upkeep]\n|-damage|p1a: Tangrowth|154\/404|[from] sandstorm\n|-heal|p2a: Bronzong|238\/338|[from] item: Leftovers\n|upkeep\n|turn|28\n|c|\u2606A Better Trainer|cuz u cant without\n|choice|move knockoff|switch 4\n|\n|switch|p2a: Reuniclus|Reuniclus, M|424\/424\n|move|p1a: Tangrowth|Knock Off|p2a: Reuniclus\n|-supereffective|p2a: Reuniclus\n|-damage|p2a: Reuniclus|292\/424\n|-enditem|p2a: Reuniclus|Leftovers|[from] move: Knock Off|[of] p1a: Tangrowth\n|\n|-weather|none\n|upkeep\n|turn|29\n|choice|switch 6|move calmmind\n|\n|switch|p1a: Tapu Fini|Tapu Fini|108\/344\n|-damage|p1a: Tapu Fini|65\/344|[from] Stealth Rock\n|-fieldstart|move: Misty Terrain|[from] ability: Misty Surge|[of] p1a: Tapu Fini\n|move|p2a: Reuniclus|Calm Mind|p2a: Reuniclus\n|-boost|p2a: Reuniclus|spa|1\n|-boost|p2a: Reuniclus|spd|1\n|\n|-heal|p1a: Tapu Fini|86\/344|[from] item: Leftovers\n|upkeep\n|turn|30\n|choice|move taunt|move psyshock\n|\n|move|p1a: Tapu Fini|Taunt|p2a: Reuniclus\n|-start|p2a: Reuniclus|move: Taunt\n|move|p2a: Reuniclus|Psyshock|p1a: Tapu Fini\n|-damage|p1a: Tapu Fini|0 fnt\n|faint|p1a: Tapu Fini\n|\n|upkeep\n|choice|switch 3|\n|\n|switch|p1a: Garchomp|Garchomp, M|137\/357\n|-damage|p1a: Garchomp|115\/357|[from] Stealth Rock\n|turn|31\n|choice|switch 2|switch 4\n|\n|switch|p1a: Manectric|Manectric, M|281\/281\n|-damage|p1a: Manectric|246\/281|[from] Stealth Rock\n|switch|p2a: Bronzong|Bronzong|238\/338\n|-damage|p2a: Bronzong|217\/338|[from] Stealth Rock\n|\n|-heal|p2a: Bronzong|238\/338|[from] item: Leftovers\n|upkeep\n|turn|32\n|choice|move thunderbolt mega|move protect\n|\n|detailschange|p1a: Manectric|Manectric-Mega, M\n|-mega|p1a: Manectric|Manectric|Manectite\n|-ability|p1a: Manectric|Intimidate|boost\n|-unboost|p2a: Bronzong|atk|1\n|move|p2a: Bronzong|Protect|p2a: Bronzong\n|-singleturn|p2a: Bronzong|Protect\n|move|p1a: Manectric|Thunderbolt|p2a: Bronzong\n|-activate|p2a: Bronzong|move: Protect\n|\n|-heal|p2a: Bronzong|259\/338|[from] item: Leftovers\n|upkeep\n|turn|33\n|c| Matthew Marshall|ez\n|choice|move thunderbolt|move toxic\n|\n|move|p1a: Manectric|Thunderbolt|p2a: Bronzong\n|-damage|p2a: Bronzong|126\/338\n|move|p2a: Bronzong|Toxic|p1a: Manectric\n|-activate|p1a: Manectric|move: Misty Terrain\n|\n|-heal|p2a: Bronzong|147\/338|[from] item: Leftovers\n|-fieldend|Misty Terrain\n|upkeep\n|turn|34\n|j|VORE\/GIDAL\n|l|VORE\/GIDAL\n|c|\u2606I'm back from mars|oops\n|c| Matthew Marshall|le toxic protect\n|c| Matthew Marshall|X^D\n|c|\u2606I'm back from mars|sorry im not focusing\n|c| Matthew Marshall|lol of course\n|j|chwag III\n|c| Matthew Marshall|its just a coincidence that you arent focusin as you are about to lose\n|c| Matthew Marshall|really makes you think\n|choice|move thunderbolt|move protect\n|\n|move|p2a: Bronzong|Protect|p2a: Bronzong\n|-singleturn|p2a: Bronzong|Protect\n|move|p1a: Manectric|Thunderbolt|p2a: Bronzong\n|-activate|p2a: Bronzong|move: Protect\n|\n|-heal|p2a: Bronzong|168\/338|[from] item: Leftovers\n|upkeep\n|turn|35\n|choice|move voltswitch|switch 6\n|\n|switch|p2a: Tyranitar|Tyranitar, M|183\/342\n|-damage|p2a: Tyranitar|141\/342|[from] Stealth Rock\n|-weather|Sandstorm|[from] ability: Sand Stream|[of] p2a: Tyranitar\n|move|p1a: Manectric|Volt Switch|p2a: Tyranitar\n|-damage|p2a: Tyranitar|57\/342\n|choice|switch 2|\n|\n|switch|p1a: Garchomp|Garchomp, M|115\/357\n|-damage|p1a: Garchomp|93\/357|[from] Stealth Rock\n|\n|-weather|Sandstorm|[upkeep]\n|upkeep\n|turn|36\n|choice|move dragonclaw|switch 6\n|\n|switch|p2a: Bronzong|Bronzong|168\/338\n|-damage|p2a: Bronzong|147\/338|[from] Stealth Rock\n|move|p1a: Garchomp|Dragon Claw|p2a: Bronzong\n|-resisted|p2a: Bronzong\n|-damage|p2a: Bronzong|93\/338\n|\n|-weather|Sandstorm|[upkeep]\n|-heal|p2a: Bronzong|114\/338|[from] item: Leftovers\n|upkeep\n|turn|37\n|choice|move dragonclaw|move toxic\n|\n|move|p1a: Garchomp|Dragon Claw|p2a: Bronzong\n|-resisted|p2a: Bronzong\n|-damage|p2a: Bronzong|66\/338\n|move|p2a: Bronzong|Toxic|p1a: Garchomp\n|-status|p1a: Garchomp|tox\n|\n|-weather|Sandstorm|[upkeep]\n|-heal|p2a: Bronzong|87\/338|[from] item: Leftovers\n|-damage|p1a: Garchomp|71\/357 tox|[from] psn\n|upkeep\n|turn|38\n|choice|switch 2|move toxic\n|\n|switch|p1a: Manectric|Manectric-Mega, M|246\/281\n|-damage|p1a: Manectric|211\/281|[from] Stealth Rock\n|-ability|p1a: Manectric|Intimidate|boost\n|-unboost|p2a: Bronzong|atk|1\n|move|p2a: Bronzong|Toxic|p1a: Manectric\n|-status|p1a: Manectric|tox\n|\n|-weather|Sandstorm|[upkeep]\n|-damage|p1a: Manectric|194\/281 tox|[from] sandstorm\n|-heal|p2a: Bronzong|108\/338|[from] item: Leftovers\n|-damage|p1a: Manectric|177\/281 tox|[from] psn\n|upkeep\n|turn|39\n|choice|move thunderbolt|move protect\n|\n|move|p2a: Bronzong|Protect|p2a: Bronzong\n|-singleturn|p2a: Bronzong|Protect\n|move|p1a: Manectric|Thunderbolt|p2a: Bronzong\n|-activate|p2a: Bronzong|move: Protect\n|\n|-weather|none\n|-heal|p2a: Bronzong|129\/338|[from] item: Leftovers\n|-damage|p1a: Manectric|143\/281 tox|[from] psn\n|upkeep\n|turn|40\n|choice|move thunderbolt|switch 6\n|\n|switch|p2a: Tyranitar|Tyranitar, M|57\/342\n|-damage|p2a: Tyranitar|15\/342|[from] Stealth Rock\n|-weather|Sandstorm|[from] ability: Sand Stream|[of] p2a: Tyranitar\n|move|p1a: Manectric|Thunderbolt|p2a: Tyranitar\n|-damage|p2a: Tyranitar|0 fnt\n|faint|p2a: Tyranitar\n|\n|-weather|Sandstorm|[upkeep]\n|-damage|p1a: Manectric|126\/281 tox|[from] sandstorm\n|-damage|p1a: Manectric|75\/281 tox|[from] psn\n|upkeep\n|choice||switch 4\n|\n|switch|p2a: Reuniclus|Reuniclus, M|292\/424\n|turn|41\n|choice|move thunderbolt|move recover\n|\n|move|p1a: Manectric|Thunderbolt|p2a: Reuniclus\n|-damage|p2a: Reuniclus|96\/424\n|move|p2a: Reuniclus|Recover|p2a: Reuniclus\n|-heal|p2a: Reuniclus|308\/424\n|\n|-weather|Sandstorm|[upkeep]\n|-damage|p1a: Manectric|58\/281 tox|[from] sandstorm\n|-damage|p1a: Manectric|0 fnt|[from] psn\n|upkeep\n|faint|p1a: Manectric\n|choice|switch 2|\n|\n|switch|p1a: Garchomp|Garchomp, M|71\/357 tox\n|-damage|p1a: Garchomp|49\/357 tox|[from] Stealth Rock\n|turn|42\n|choice|move earthquake|switch 6\n|\n|switch|p2a: Bronzong|Bronzong|129\/338\n|-damage|p2a: Bronzong|108\/338|[from] Stealth Rock\n|move|p1a: Garchomp|Earthquake|p2a: Bronzong\n|-immune|p2a: Bronzong|[msg]|[from] ability: Levitate\n|\n|-weather|Sandstorm|[upkeep]\n|-heal|p2a: Bronzong|129\/338|[from] item: Leftovers\n|-damage|p1a: Garchomp|27\/357 tox|[from] psn\n|upkeep\n|turn|43\n|c|\u2606A Better Trainer|gg\n|c|\u2606I'm back from mars|gg\n|c|\u2606A Better Trainer|love ur team\n|c|\u2606I'm back from mars|ty\n|choice|move dragonclaw|move psywave\n|\n|move|p1a: Garchomp|Dragon Claw|p2a: Bronzong\n|-resisted|p2a: Bronzong\n|-damage|p2a: Bronzong|78\/338\n|move|p2a: Bronzong|Psywave|p1a: Garchomp\n|-damage|p1a: Garchomp|0 fnt\n|faint|p1a: Garchomp\n|\n|-weather|Sandstorm|[upkeep]\n|-heal|p2a: Bronzong|99\/338|[from] item: Leftovers\n|upkeep\n|choice|switch 6|\n|\n|switch|p1a: Tangrowth|Tangrowth, M|288\/404\n|-damage|p1a: Tangrowth|238\/404|[from] Stealth Rock\n|turn|44\n|c|\u2606A Better Trainer|could u link it or do u want it to stay unique :p\n|choice|move knockoff|move toxic\n|\n|move|p1a: Tangrowth|Knock Off|p2a: Bronzong\n|-supereffective|p2a: Bronzong\n|-damage|p2a: Bronzong|0 fnt\n|-enditem|p2a: Bronzong|Leftovers|[from] move: Knock Off|[of] p1a: Tangrowth\n|faint|p2a: Bronzong\n|\n|-weather|none\n|upkeep\n|c|\u2606I'm back from mars|no i can give it to you\n|choice||switch 6\n|\n|switch|p2a: Reuniclus|Reuniclus, M|308\/424\n|turn|45\n|c|\u2606A Better Trainer|would be nice :D\n|choice|move gigadrain|move recover\n|\n|move|p2a: Reuniclus|Recover|p2a: Reuniclus\n|-heal|p2a: Reuniclus|424\/424\n|move|p1a: Tangrowth|Giga Drain|p2a: Reuniclus\n|-damage|p2a: Reuniclus|321\/424\n|-heal|p1a: Tangrowth|290\/404|[from] drain|[of] p2a: Reuniclus\n|\n|upkeep\n|turn|46\n|c|\u2606I'm back from mars|np\n|choice|move gigadrain|move calmmind\n|\n|move|p2a: Reuniclus|Calm Mind|p2a: Reuniclus\n|-boost|p2a: Reuniclus|spa|1\n|-boost|p2a: Reuniclus|spd|1\n|move|p1a: Tangrowth|Giga Drain|p2a: Reuniclus\n|-damage|p2a: Reuniclus|246\/424\n|-heal|p1a: Tangrowth|328\/404|[from] drain|[of] p2a: Reuniclus\n|\n|upkeep\n|turn|47\n|choice|move knockoff|move recover\n|\n|move|p2a: Reuniclus|Recover|p2a: Reuniclus\n|-heal|p2a: Reuniclus|424\/424\n|move|p1a: Tangrowth|Knock Off|p2a: Reuniclus\n|-supereffective|p2a: Reuniclus\n|-damage|p2a: Reuniclus|334\/424\n|\n|upkeep\n|turn|48\n|choice|move gigadrain|move calmmind\n|\n|move|p2a: Reuniclus|Calm Mind|p2a: Reuniclus\n|-boost|p2a: Reuniclus|spa|1\n|-boost|p2a: Reuniclus|spd|1\n|move|p1a: Tangrowth|Giga Drain|p2a: Reuniclus\n|-crit|p2a: Reuniclus\n|-damage|p2a: Reuniclus|168\/424\n|-heal|p1a: Tangrowth|404\/404|[from] drain|[of] p2a: Reuniclus\n|\n|upkeep\n|turn|49\n|choice|move gigadrain|move recover\n|\n|move|p2a: Reuniclus|Recover|p2a: Reuniclus\n|-heal|p2a: Reuniclus|380\/424\n|move|p1a: Tangrowth|Giga Drain|p2a: Reuniclus\n|-damage|p2a: Reuniclus|325\/424\n|\n|upkeep\n|turn|50\n|choice|move gigadrain|move calmmind\n|\n|move|p2a: Reuniclus|Calm Mind|p2a: Reuniclus\n|-boost|p2a: Reuniclus|spa|1\n|-boost|p2a: Reuniclus|spd|1\n|move|p1a: Tangrowth|Giga Drain|p2a: Reuniclus\n|-damage|p2a: Reuniclus|282\/424\n|\n|upkeep\n|turn|51\n|choice|move knockoff|move psyshock\n|\n|move|p2a: Reuniclus|Psyshock|p1a: Tangrowth\n|-damage|p1a: Tangrowth|185\/404\n|move|p1a: Tangrowth|Knock Off|p2a: Reuniclus\n|-supereffective|p2a: Reuniclus\n|-damage|p2a: Reuniclus|186\/424\n|\n|upkeep\n|turn|52\n|choice|move gigadrain|move psyshock\n|\n|move|p2a: Reuniclus|Psyshock|p1a: Tangrowth\n|-damage|p1a: Tangrowth|0 fnt\n|faint|p1a: Tangrowth\n|\n|win|I'm back from mars\n|raw|A Better Trainer's rating: 1717 &rarr; <strong>1696<\/strong><br \/>(-21 for losing)\n|raw|I&apos;m back from mars's rating: 1701 &rarr; <strong>1722<\/strong><br \/>(+21 for winning)\n|l|Matthew Marshall\n|c|\u2606I'm back from mars|gg\n|l|Boygirl Next Door\n|l|I'm back from mars\n|c|\u2606A Better Trainer|gg","inputlog":null,"uploadtime":1497630398,"views":22,"p1id":"abettertrainer","p2id":"imbackfrommars","formatid":"gen7ou","rating":1696,"private":0,"password":null}