{"id":"gen7monotype-798873100","p1":"xX_Edgelord123_Xx","p2":"Del chef","format":"gen7monotype","log":"|j|\u2606xX_Edgelord123_Xx\n|j|\u2606Del chef\n|player|p1|xX_Edgelord123_Xx|2\n|player|p2|Del chef|102\n|teamsize|p1|6\n|teamsize|p2|6\n|gametype|singles\n|gen|7\n|tier|[Gen 7] Monotype\n|rated|\n|rule|Sleep Clause Mod: Limit one foe put to sleep\n|rule|Species Clause: Limit one of each Pok\u00e9mon\n|rule|OHKO Clause: OHKO moves are banned\n|rule|Moody Clause: Moody is banned\n|rule|Evasion Moves Clause: Evasion moves are banned\n|rule|Endless Battle Clause: Forcing endless battles is banned\n|rule|HP Percentage Mod: HP is shown in percentages\n|rule|Swagger Clause: Swagger is banned\n|rule|Same Type Clause: Pok\u00e9mon in a team must share a type\n|clearpoke\n|poke|p1|Hippowdon, M|item\n|poke|p1|Gastrodon, F|item\n|poke|p1|Garchomp, F|item\n|poke|p1|Excadrill, M|item\n|poke|p1|Dugtrio, F|item\n|poke|p1|Landorus, M|item\n|poke|p2|Chansey, F|item\n|poke|p2|Lopunny, F|item\n|poke|p2|Swellow, F|item\n|poke|p2|Porygon-Z|item\n|poke|p2|Ditto|item\n|poke|p2|Bewear, F|item\n|teampreview\n|inactive|Battle timer is ON: inactive players will automatically lose when time's up. (requested by xX_Edgelord123_Xx)\n|\n|start\n|switch|p1a: Garchomp|Garchomp, F|100\/100\n|switch|p2a: Lopunny|Lopunny, F, shiny|100\/100\n|turn|1\n|\n|switch|p1a: Hippowdon|Hippowdon, M|100\/100\n|-weather|Sandstorm|[from] ability: Sand Stream|[of] p1a: Hippowdon\n|detailschange|p2a: Lopunny|Lopunny-Mega, F, shiny\n|-mega|p2a: Lopunny|Lopunny|Lopunnite\n|move|p2a: Lopunny|Fake Out|p1a: Hippowdon\n|-damage|p1a: Hippowdon|88\/100\n|\n|-weather|Sandstorm|[upkeep]\n|-damage|p2a: Lopunny|95\/100|[from] Sandstorm\n|-heal|p1a: Hippowdon|94\/100|[from] item: Leftovers\n|upkeep\n|turn|2\n|\n|switch|p2a: Bewear|Bewear, F|100\/100\n|move|p1a: Hippowdon|Stealth Rock|p2a: Bewear\n|-sidestart|p2: Del chef|move: Stealth Rock\n|\n|-weather|Sandstorm|[upkeep]\n|-damage|p2a: Bewear|94\/100|[from] Sandstorm\n|-heal|p1a: Hippowdon|99\/100|[from] item: Leftovers\n|upkeep\n|turn|3\n|\n|move|p2a: Bewear|Drain Punch|p1a: Hippowdon\n|-crit|p1a: Hippowdon\n|-damage|p1a: Hippowdon|63\/100\n|-heal|p2a: Bewear|100\/100|[from] drain|[of] p1a: Hippowdon\n|move|p1a: Hippowdon|Whirlwind|p2a: Bewear\n|drag|p2a: Swellow|Swellow, F|100\/100\n|-damage|p2a: Swellow|76\/100|[from] Stealth Rock\n|\n|-weather|Sandstorm|[upkeep]\n|-damage|p2a: Swellow|69\/100|[from] Sandstorm\n|-heal|p1a: Hippowdon|69\/100|[from] item: Leftovers\n|-status|p2a: Swellow|brn|[from] item: Flame Orb\n|upkeep\n|turn|4\n|\n|switch|p1a: Excadrill|Excadrill, M|100\/100\n|move|p2a: Swellow|Facade|p1a: Excadrill\n|-resisted|p1a: Excadrill\n|-damage|p1a: Excadrill|42\/100\n|\n|-weather|Sandstorm|[upkeep]\n|-damage|p2a: Swellow|63\/100 brn|[from] Sandstorm\n|-damage|p2a: Swellow|57\/100 brn|[from] brn\n|upkeep\n|turn|5\n|\n|move|p1a: Excadrill|Iron Head|p2a: Swellow\n|-damage|p2a: Swellow|0 brn\n|faint|p2a: Swellow\n|\n|-weather|none\n|upkeep\n|\n|switch|p2a: Bewear|Bewear, F|100\/100\n|-damage|p2a: Bewear|94\/100|[from] Stealth Rock\n|turn|6\n|\n|switch|p1a: Hippowdon|Hippowdon, M|69\/100\n|-weather|Sandstorm|[from] ability: Sand Stream|[of] p1a: Hippowdon\n|move|p2a: Bewear|Drain Punch|p1a: Hippowdon\n|-damage|p1a: Hippowdon|47\/100\n|-heal|p2a: Bewear|100\/100|[from] drain|[of] p1a: Hippowdon\n|\n|-weather|Sandstorm|[upkeep]\n|-damage|p2a: Bewear|94\/100|[from] Sandstorm\n|-heal|p1a: Hippowdon|53\/100|[from] item: Leftovers\n|upkeep\n|turn|7\n|\n|move|p2a: Bewear|Drain Punch|p1a: Hippowdon\n|-damage|p1a: Hippowdon|29\/100\n|-heal|p2a: Bewear|100\/100|[from] drain|[of] p1a: Hippowdon\n|move|p1a: Hippowdon|Slack Off|p1a: Hippowdon\n|-heal|p1a: Hippowdon|79\/100\n|\n|-weather|Sandstorm|[upkeep]\n|-damage|p2a: Bewear|94\/100|[from] Sandstorm\n|-heal|p1a: Hippowdon|85\/100|[from] item: Leftovers\n|upkeep\n|turn|8\n|\n|switch|p2a: Ditto|Ditto|100\/100\n|-damage|p2a: Ditto|88\/100|[from] Stealth Rock\n|-transform|p2a: Ditto|p1a: Hippowdon|[from] ability: Imposter\n|move|p1a: Hippowdon|Whirlwind|p2a: Ditto\n|drag|p2a: Chansey|Chansey, F|100\/100\n|-damage|p2a: Chansey|88\/100|[from] Stealth Rock\n|\n|-weather|Sandstorm|[upkeep]\n|-damage|p2a: Chansey|82\/100|[from] Sandstorm\n|-heal|p1a: Hippowdon|91\/100|[from] item: Leftovers\n|upkeep\n|turn|9\n|\n|switch|p1a: Dugtrio|Dugtrio, F|100\/100\n|move|p2a: Chansey|Toxic|p1a: Dugtrio\n|-status|p1a: Dugtrio|tox\n|\n|-weather|Sandstorm|[upkeep]\n|-damage|p2a: Chansey|76\/100|[from] Sandstorm\n|-damage|p1a: Dugtrio|95\/100 tox|[from] psn\n|upkeep\n|turn|10\n|\n|move|p1a: Dugtrio|Earthquake|p2a: Chansey\n|-damage|p2a: Chansey|47\/100\n|move|p2a: Chansey|Soft-Boiled|p2a: Chansey\n|-heal|p2a: Chansey|97\/100\n|\n|-weather|none\n|-damage|p1a: Dugtrio|83\/100 tox|[from] psn\n|upkeep\n|turn|11\n|\n|move|p1a: Dugtrio|Earthquake|p2a: Chansey\n|-damage|p2a: Chansey|71\/100\n|move|p2a: Chansey|Seismic Toss|p1a: Dugtrio\n|-damage|p1a: Dugtrio|33\/100 tox\n|\n|-damage|p1a: Dugtrio|15\/100 tox|[from] psn\n|upkeep\n|turn|12\n|\n|move|p1a: Dugtrio|Reversal|p2a: Chansey\n|-supereffective|p2a: Chansey\n|-damage|p2a: Chansey|33\/100\n|move|p2a: Chansey|Toxic|p1a: Dugtrio\n|-fail|p1a: Dugtrio|tox\n|\n|-damage|p1a: Dugtrio|0 tox|[from] psn\n|upkeep\n|faint|p1a: Dugtrio\n|\n|switch|p1a: Excadrill|Excadrill, M|42\/100\n|turn|13\n|\n|switch|p2a: Bewear|Bewear, F|94\/100\n|-damage|p2a: Bewear|88\/100|[from] Stealth Rock\n|move|p1a: Excadrill|Earthquake|p2a: Bewear\n|-damage|p2a: Bewear|21\/100\n|\n|upkeep\n|turn|14\n|\n|move|p1a: Excadrill|Earthquake|p2a: Bewear\n|-damage|p2a: Bewear|0\n|faint|p2a: Bewear\n|\n|upkeep\n|\n|switch|p2a: Lopunny|Lopunny-Mega, F, shiny|95\/100\n|-damage|p2a: Lopunny|89\/100|[from] Stealth Rock\n|turn|15\n|\n|switch|p1a: Hippowdon|Hippowdon, M|91\/100\n|-weather|Sandstorm|[from] ability: Sand Stream|[of] p1a: Hippowdon\n|move|p2a: Lopunny|Fake Out|p1a: Hippowdon\n|-damage|p1a: Hippowdon|78\/100\n|\n|-weather|Sandstorm|[upkeep]\n|-damage|p2a: Lopunny|83\/100|[from] Sandstorm\n|-heal|p1a: Hippowdon|84\/100|[from] item: Leftovers\n|upkeep\n|turn|16\n|\n|switch|p2a: Chansey|Chansey, F|33\/100\n|-damage|p2a: Chansey|20\/100|[from] Stealth Rock\n|move|p1a: Hippowdon|Earthquake|p2a: Chansey\n|-damage|p2a: Chansey|0\n|faint|p2a: Chansey\n|\n|-weather|Sandstorm|[upkeep]\n|-heal|p1a: Hippowdon|90\/100|[from] item: Leftovers\n|upkeep\n|\n|switch|p2a: Porygon-Z|Porygon-Z, shiny|100\/100\n|-damage|p2a: Porygon-Z|88\/100|[from] Stealth Rock\n|turn|17\n|\n|move|p2a: Porygon-Z|Protect|p2a: Porygon-Z\n|-singleturn|p2a: Porygon-Z|Protect\n|move|p1a: Hippowdon|Whirlwind|p2a: Porygon-Z\n|drag|p2a: Lopunny|Lopunny-Mega, F, shiny|83\/100\n|-damage|p2a: Lopunny|77\/100|[from] Stealth Rock\n|\n|-weather|Sandstorm|[upkeep]\n|-damage|p2a: Lopunny|71\/100|[from] Sandstorm\n|-heal|p1a: Hippowdon|96\/100|[from] item: Leftovers\n|upkeep\n|turn|18\n|\n|move|p2a: Lopunny|Fake Out|p1a: Hippowdon\n|-damage|p1a: Hippowdon|82\/100\n|cant|p1a: Hippowdon|flinch\n|\n|-weather|Sandstorm|[upkeep]\n|-damage|p2a: Lopunny|65\/100|[from] Sandstorm\n|-heal|p1a: Hippowdon|89\/100|[from] item: Leftovers\n|upkeep\n|turn|19\n|\n|move|p2a: Lopunny|High Jump Kick|p1a: Hippowdon\n|-damage|p1a: Hippowdon|49\/100\n|move|p1a: Hippowdon|Earthquake|p2a: Lopunny\n|-damage|p2a: Lopunny|17\/100\n|\n|-weather|none\n|-heal|p1a: Hippowdon|55\/100|[from] item: Leftovers\n|upkeep\n|turn|20\n|\n|move|p2a: Lopunny|Ice Punch|p1a: Hippowdon\n|-supereffective|p1a: Hippowdon\n|-damage|p1a: Hippowdon|20\/100\n|move|p1a: Hippowdon|Slack Off|p1a: Hippowdon\n|-heal|p1a: Hippowdon|70\/100\n|\n|-heal|p1a: Hippowdon|76\/100|[from] item: Leftovers\n|upkeep\n|turn|21\n|\n|move|p2a: Lopunny|Ice Punch|p1a: Hippowdon\n|-supereffective|p1a: Hippowdon\n|-damage|p1a: Hippowdon|45\/100\n|move|p1a: Hippowdon|Earthquake|p2a: Lopunny\n|-damage|p2a: Lopunny|0\n|faint|p2a: Lopunny\n|\n|-heal|p1a: Hippowdon|51\/100|[from] item: Leftovers\n|upkeep\n|\n|switch|p2a: Porygon-Z|Porygon-Z, shiny|88\/100\n|-damage|p2a: Porygon-Z|76\/100|[from] Stealth Rock\n|turn|22\n|\n|move|p2a: Porygon-Z|Ice Beam|p1a: Hippowdon\n|-supereffective|p1a: Hippowdon\n|-damage|p1a: Hippowdon|0\n|faint|p1a: Hippowdon\n|\n|upkeep\n|\n|switch|p1a: Landorus|Landorus, M|100\/100\n|turn|23\n|\n|move|p2a: Porygon-Z|Protect|p2a: Porygon-Z\n|-singleturn|p2a: Porygon-Z|Protect\n|move|p1a: Landorus|Earth Power|p2a: Porygon-Z\n|-activate|p2a: Porygon-Z|move: Protect\n|\n|upkeep\n|turn|24\n|\n|switch|p2a: Ditto|Ditto|88\/100\n|-damage|p2a: Ditto|76\/100|[from] Stealth Rock\n|-transform|p2a: Ditto|p1a: Landorus|[from] ability: Imposter\n|move|p1a: Landorus|Earth Power|p2a: Ditto\n|-immune|p2a: Ditto|[msg]\n|\n|upkeep\n|turn|25\n|\n|switch|p1a: Excadrill|Excadrill, M|42\/100\n|move|p2a: Ditto|Sludge Wave|p1a: Excadrill\n|-immune|p1a: Excadrill|[msg]\n|\n|upkeep\n|turn|26\n|\n|move|p2a: Ditto|Sludge Wave|p1a: Excadrill\n|-immune|p1a: Excadrill|[msg]\n|move|p1a: Excadrill|Iron Head|p2a: Ditto\n|-damage|p2a: Ditto|2\/100\n|\n|upkeep\n|turn|27\n|\n|move|p2a: Ditto|Sludge Wave|p1a: Excadrill\n|-immune|p1a: Excadrill|[msg]\n|move|p1a: Excadrill|Iron Head|p2a: Ditto\n|-damage|p2a: Ditto|0\n|faint|p2a: Ditto\n|\n|upkeep\n|\n|switch|p2a: Porygon-Z|Porygon-Z, shiny|76\/100\n|-damage|p2a: Porygon-Z|63\/100|[from] Stealth Rock\n|turn|28\n|\n|move|p2a: Porygon-Z|Protect|p2a: Porygon-Z\n|-singleturn|p2a: Porygon-Z|Protect\n|move|p1a: Excadrill|Iron Head|p2a: Porygon-Z\n|-activate|p2a: Porygon-Z|move: Protect\n|\n|upkeep\n|turn|29\n|\n|move|p1a: Excadrill|Iron Head|p2a: Porygon-Z\n|-damage|p2a: Porygon-Z|0\n|faint|p2a: Porygon-Z\n|\n|win|xX_Edgelord123_Xx\n|l|\u2606Del chef\n|raw|xX_Edgelord123_Xx's rating: 1566 &rarr; <strong>1577<\/strong><br \/>(+11 for winning)\n|raw|Del chef's rating: 1393 &rarr; <strong>1383<\/strong><br \/>(-10 for losing)\n","uploadtime":1535749690,"views":19,"p1id":"xxedgelord123xx","p2id":"delchef","formatid":"gen7monotype","rating":1383,"private":0,"password":null}