{"id":"gen7ou-1632386810","p1":"alvar03","p2":"Philein","format":"gen7ou","log":"|j|\u2606alvar03\n|j|\u2606Philein\n|t:|1659649830\n|gametype|singles\n|player|p1|alvar03|alder|1614\n|player|p2|Philein|lucas|1674\n|teamsize|p1|6\n|teamsize|p2|6\n|gen|7\n|tier|[Gen 7] OU\n|rated|\n|rule|Sleep Clause Mod: Limit one foe put to sleep\n|rule|Species Clause: Limit one of each Pok\u00e9mon\n|rule|OHKO Clause: OHKO moves are banned\n|rule|Moody Clause: Moody is banned\n|rule|Evasion Moves Clause: Evasion moves are banned\n|rule|Endless Battle Clause: Forcing endless battles is banned\n|rule|HP Percentage Mod: HP is shown in percentages\n|clearpoke\n|poke|p1|Reuniclus, M|item\n|poke|p1|Magnezone|item\n|poke|p1|Landorus-Therian, M|item\n|poke|p1|Tapu Fini|item\n|poke|p1|Mawile, F|item\n|poke|p1|Greninja, M|item\n|poke|p2|Lopunny, F|item\n|poke|p2|Greninja, M|item\n|poke|p2|Victini|item\n|poke|p2|Landorus-Therian, M|item\n|poke|p2|Ferrothorn, M|item\n|poke|p2|Tapu Fini|item\n|teampreview\n|\n|t:|1659649847\n|start\n|switch|p1a: Landorus|Landorus-Therian, M|100\/100\n|switch|p2a: . . .|Lopunny, F|100\/100\n|-ability|p1a: Landorus|Intimidate|boost\n|-unboost|p2a: . . .|atk|1\n|turn|1\n|\n|t:|1659649859\n|switch|p1a: Tapu Fini|Tapu Fini|100\/100\n|-fieldstart|move: Misty Terrain|[from] ability: Misty Surge|[of] p1a: Tapu Fini\n|move|p2a: . . .|Fake Out|p1a: Tapu Fini\n|-damage|p1a: Tapu Fini|93\/100\n|\n|-heal|p1a: Tapu Fini|99\/100|[from] item: Leftovers\n|upkeep\n|turn|2\n|inactive|Battle timer is ON: inactive players will automatically lose when time's up. (requested by Philein)\n|\n|t:|1659649863\n|switch|p2a: Nogaret|Ferrothorn, M|100\/100\n|switch|p1a: Landorus|Landorus-Therian, M|100\/100\n|-ability|p1a: Landorus|Intimidate|boost\n|-unboost|p2a: Nogaret|atk|1\n|\n|upkeep\n|turn|3\n|\n|t:|1659649868\n|switch|p2a: Dimitri|Landorus-Therian, M|100\/100\n|-ability|p2a: Dimitri|Intimidate|boost\n|-unboost|p1a: Landorus|atk|1\n|move|p1a: Landorus|U-turn|p2a: Dimitri\n|-resisted|p2a: Dimitri\n|-damage|p2a: Dimitri|94\/100\n|-damage|p1a: Landorus|84\/100|[from] item: Rocky Helmet|[of] p2a: Dimitri\n|\n|t:|1659649874\n|switch|p1a: Greninja|Greninja, M|100\/100|[from]move: U-turn\n|\n|upkeep\n|turn|4\n|\n|t:|1659649878\n|switch|p2a: Victor|Victini|100\/100\n|move|p1a: Greninja|Spikes|p2a: Victor\n|-sidestart|p2: Philein|Spikes\n|\n|upkeep\n|turn|5\n|\n|t:|1659649892\n|switch|p1a: Landorus|Landorus-Therian, M|84\/100\n|-ability|p1a: Landorus|Intimidate|boost\n|-unboost|p2a: Victor|atk|1\n|move|p2a: Victor|V-create|p1a: Landorus\n|-damage|p1a: Landorus|26\/100\n|-unboost|p2a: Victor|spe|1\n|-unboost|p2a: Victor|def|1\n|-unboost|p2a: Victor|spd|1\n|-damage|p2a: Victor|84\/100|[from] item: Rocky Helmet|[of] p1a: Landorus\n|\n|-fieldend|Misty Terrain\n|upkeep\n|turn|6\n|\n|t:|1659649896\n|switch|p2a: Dimitri|Landorus-Therian, M|94\/100\n|-ability|p2a: Dimitri|Intimidate|boost\n|-unboost|p1a: Landorus|atk|1\n|move|p1a: Landorus|U-turn|p2a: Dimitri\n|-resisted|p2a: Dimitri\n|-damage|p2a: Dimitri|89\/100\n|-damage|p1a: Landorus|10\/100|[from] item: Rocky Helmet|[of] p2a: Dimitri\n|\n|t:|1659649901\n|switch|p1a: Tapu Fini|Tapu Fini|99\/100|[from]move: U-turn\n|-fieldstart|move: Misty Terrain|[from] ability: Misty Surge|[of] p1a: Tapu Fini\n|\n|-heal|p1a: Tapu Fini|100\/100|[from] item: Leftovers\n|upkeep\n|turn|7\n|\n|t:|1659649905\n|move|p1a: Tapu Fini|Scald|p2a: Dimitri\n|-supereffective|p2a: Dimitri\n|-damage|p2a: Dimitri|35\/100\n|move|p2a: Dimitri|U-turn|p1a: Tapu Fini\n|-resisted|p1a: Tapu Fini\n|-damage|p1a: Tapu Fini|91\/100\n|\n|t:|1659649908\n|switch|p2a: Thomas le p\u00eacheur|Tapu Fini|100\/100|[from]move: U-turn\n|-damage|p2a: Thomas le p\u00eacheur|88\/100|[from] Spikes\n|\n|-heal|p1a: Tapu Fini|97\/100|[from] item: Leftovers\n|-heal|p2a: Thomas le p\u00eacheur|94\/100|[from] item: Leftovers\n|upkeep\n|turn|8\n|\n|t:|1659649919\n|switch|p1a: Reuniclus|Reuniclus, M|100\/100\n|move|p2a: Thomas le p\u00eacheur|Defog|p1a: Reuniclus\n|-unboost|p1a: Reuniclus|evasion|1\n|-sideend|p2: Philein|Spikes|[from] move: Defog|[of] p2a: Thomas le p\u00eacheur\n|\n|-heal|p2a: Thomas le p\u00eacheur|100\/100|[from] item: Leftovers\n|upkeep\n|turn|9\n|\n|t:|1659649923\n|switch|p2a: Victor|Victini|84\/100\n|move|p1a: Reuniclus|Trick Room|p1a: Reuniclus\n|-fieldstart|move: Trick Room|[of] p1a: Reuniclus\n|\n|upkeep\n|turn|10\n|\n|t:|1659649927\n|move|p1a: Reuniclus|Psychic|p2a: Victor\n|-resisted|p2a: Victor\n|-crit|p2a: Victor\n|-damage|p2a: Victor|37\/100\n|move|p2a: Victor|V-create|p1a: Reuniclus\n|-damage|p1a: Reuniclus|0 fnt\n|-unboost|p2a: Victor|spe|1\n|-unboost|p2a: Victor|def|1\n|-unboost|p2a: Victor|spd|1\n|faint|p1a: Reuniclus\n|\n|-fieldend|Misty Terrain\n|upkeep\n|j| 9INDU Karma\n|\n|t:|1659649933\n|switch|p1a: Mawile|Mawile, F|100\/100\n|-ability|p1a: Mawile|Intimidate|boost\n|-unboost|p2a: Victor|atk|1\n|turn|11\n|\n|t:|1659649937\n|switch|p2a: Dimitri|Landorus-Therian, M|35\/100\n|-ability|p2a: Dimitri|Intimidate|boost\n|-unboost|p1a: Mawile|atk|1\n|detailschange|p1a: Mawile|Mawile-Mega, F\n|-mega|p1a: Mawile|Mawile|Mawilite\n|move|p1a: Mawile|Play Rough|p2a: Dimitri|[miss]\n|-miss|p1a: Mawile|p2a: Dimitri\n|\n|upkeep\n|turn|12\n|\n|t:|1659649943\n|switch|p2a: Nogaret|Ferrothorn, M|100\/100\n|move|p1a: Mawile|Play Rough|p2a: Nogaret|[miss]\n|-miss|p1a: Mawile|p2a: Nogaret\n|\n|upkeep\n|turn|13\n|\n|t:|1659649953\n|switch|p2a: Dimitri|Landorus-Therian, M|35\/100\n|-ability|p2a: Dimitri|Intimidate|boost\n|-unboost|p1a: Mawile|atk|1\n|move|p1a: Mawile|Swords Dance|p1a: Mawile\n|-boost|p1a: Mawile|atk|2\n|\n|-fieldend|move: Trick Room\n|upkeep\n|turn|14\n|\n|t:|1659649956\n|move|p1a: Mawile|Sucker Punch|p2a: Dimitri\n|-damage|p2a: Dimitri|0 fnt\n|-damage|p1a: Mawile|84\/100|[from] item: Rocky Helmet|[of] p2a: Dimitri\n|faint|p2a: Dimitri\n|\n|upkeep\n|\n|t:|1659649960\n|switch|p2a: Alexandre|Greninja, M|100\/100\n|turn|15\n|\n|t:|1659649966\n|switch|p1a: Tapu Fini|Tapu Fini|97\/100\n|-fieldstart|move: Misty Terrain|[from] ability: Misty Surge|[of] p1a: Tapu Fini\n|move|p2a: Alexandre|Gunk Shot|p1a: Tapu Fini\n|-start|p2a: Alexandre|typechange|Poison|[from] ability: Protean\n|-supereffective|p1a: Tapu Fini\n|-damage|p1a: Tapu Fini|7\/100\n|\n|-heal|p1a: Tapu Fini|14\/100|[from] item: Leftovers\n|upkeep\n|turn|16\n|\n|t:|1659649977\n|move|p2a: Alexandre|Gunk Shot|p1a: Tapu Fini\n|-supereffective|p1a: Tapu Fini\n|-damage|p1a: Tapu Fini|0 fnt\n|faint|p1a: Tapu Fini\n|\n|upkeep\n|\n|t:|1659649979\n|switch|p1a: Magnezone|Magnezone|100\/100\n|turn|17\n|\n|t:|1659649983\n|-zpower|p2a: Alexandre\n|move|p2a: Alexandre|Tectonic Rage|p1a: Magnezone|[zeffect]\n|-start|p2a: Alexandre|typechange|Ground|[from] ability: Protean\n|-supereffective|p1a: Magnezone\n|-damage|p1a: Magnezone|0 fnt\n|faint|p1a: Magnezone\n|\n|upkeep\n|\n|t:|1659649989\n|switch|p1a: Greninja|Greninja, M|100\/100\n|turn|18\n|\n|t:|1659649992\n|switch|p2a: Thomas le p\u00eacheur|Tapu Fini|100\/100\n|move|p1a: Greninja|Spikes|p2a: Thomas le p\u00eacheur\n|-sidestart|p2: Philein|Spikes\n|\n|upkeep\n|turn|19\n|\n|t:|1659649995\n|switch|p1a: Landorus|Landorus-Therian, M|10\/100\n|-ability|p1a: Landorus|Intimidate|boost\n|-unboost|p2a: Thomas le p\u00eacheur|atk|1\n|move|p2a: Thomas le p\u00eacheur|Scald|p1a: Landorus\n|-supereffective|p1a: Landorus\n|-damage|p1a: Landorus|0 fnt\n|faint|p1a: Landorus\n|\n|-fieldend|Misty Terrain\n|upkeep\n|\n|t:|1659649997\n|switch|p1a: Mawile|Mawile-Mega, F|84\/100\n|turn|20\n|\n|t:|1659649999\n|move|p2a: Thomas le p\u00eacheur|Taunt|p1a: Mawile\n|-start|p1a: Mawile|move: Taunt\n|cant|p1a: Mawile|move: Taunt|Swords Dance\n|\n|upkeep\n|turn|21\n|\n|t:|1659650001\n|move|p2a: Thomas le p\u00eacheur|Scald|p1a: Mawile\n|-crit|p1a: Mawile\n|-damage|p1a: Mawile|31\/100\n|-status|p1a: Mawile|brn\n|move|p1a: Mawile|Thunder Punch|p2a: Thomas le p\u00eacheur\n|-supereffective|p2a: Thomas le p\u00eacheur\n|-damage|p2a: Thomas le p\u00eacheur|61\/100\n|\n|-heal|p2a: Thomas le p\u00eacheur|67\/100|[from] item: Leftovers\n|-damage|p1a: Mawile|25\/100 brn|[from] brn\n|upkeep\n|turn|22\n|-message|alvar03 forfeited.\n|\n|win|Philein\n|raw|alvar03's rating: 1614 &rarr; <strong>1597<\/strong><br \/>(-17 for losing)\n|raw|Philein's rating: 1674 &rarr; <strong>1691<\/strong><br \/>(+17 for winning)\n|l|\u2606alvar03\n|l| 9INDU Karma\n||Ladder isn't responding, score probably updated but might not have (Request timeout).\n","uploadtime":1659650010,"views":30,"p1id":"alvar03","p2id":"philein","formatid":"gen7ou","rating":1597,"private":0,"password":null}