{"id":"gen7uu-658502615","p1":"OGamer289","p2":"Ven + Troddl","format":"gen7uu","log":"|j|OGamer289\n|j|Ven + Troddl\n|player|p1|OGamer289|153\n|teamsize|p1|6\n|player|p2|Ven + Troddl|53\n|teamsize|p2|6\n|gametype|singles\n|gen|7\n|tier|[Gen 7] UU\n|seed|12176,2872,13030,41679\n|rule|Sleep Clause Mod: Limit one foe put to sleep\n|rule|Species Clause: Limit one of each Pok\u00e9mon\n|rule|OHKO Clause: OHKO moves are banned\n|rule|Moody Clause: Moody is banned\n|rule|Evasion Moves Clause: Evasion moves are banned\n|rule|Endless Battle Clause: Forcing endless battles is banned\n|rule|HP Percentage Mod: HP is shown in percentages\n|clearpoke\n|poke|p1|Manectric, F|item\n|poke|p1|Swampert, M|item\n|poke|p1|Latias, F|item\n|poke|p1|Darmanitan, M|item\n|poke|p1|Terrakion|item\n|poke|p1|Porygon2|item\n|poke|p2|Gliscor, M|item\n|poke|p2|Rotom-Wash|item\n|poke|p2|Altaria, F|item\n|poke|p2|Starmie|item\n|poke|p2|Infernape, M|item\n|poke|p2|Scizor, M|item\n|teampreview\n|c|\u2606Ven + Troddl|okay jz is alles 100^^\n|c|\u2606OGamer289|ok\n|c|\u2606Ven + Troddl|rotom und p2\n|choice|team 6, team 2, team 3, team 4, team 5, team 1|team 2, team 1, team 3, team 4, team 5, team 6\n|\n|start\n|switch|p1a: Ente.exe|Porygon2|374\/374\n|switch|p2a: Rotom|Rotom-Wash, shiny|304\/304\n|-ability|p1a: Ente.exe|Download|boost\n|-boost|p1a: Ente.exe|spa|1\n|turn|1\n|choice|move toxic|move voltswitch\n|\n|move|p2a: Rotom|Volt Switch|p1a: Ente.exe\n|-damage|p1a: Ente.exe|323\/374\n|c|\u2606OGamer289|ach man wieso\n|c|\u2606Ven + Troddl|ja wow jz bin ich auch schneller\n|c|\u2606Ven + Troddl|wegen lvl 100\n|c|\u2606OGamer289|achso\n|c|\u2606Ven + Troddl|ich geh trotzdem einfach infernape oder?\n|c|\u2606OGamer289|ja mach\n|choice||switch 5\n|\n|switch|p2a: Infernape|Infernape, M|293\/293\n|move|p1a: Ente.exe|Toxic|p2a: Infernape\n|-status|p2a: Infernape|tox\n|\n|-damage|p2a: Infernape|275\/293 tox|[from] psn\n|upkeep\n|turn|2\n|choice|switch 2|move closecombat\n|\n|switch|p1a: Pax|Swampert, M|404\/404\n|move|p2a: Infernape|Close Combat|p1a: Pax\n|-damage|p1a: Pax|260\/404\n|-unboost|p2a: Infernape|def|1\n|-unboost|p2a: Infernape|spd|1\n|\n|-heal|p1a: Pax|285\/404|[from] item: Leftovers\n|-damage|p2a: Infernape|239\/293 tox|[from] psn\n|upkeep\n|turn|3\n|c|\u2606Ven + Troddl|okay dann jetzt gl hf ^^\n|c|\u2606OGamer289|dir auch\n|choice|move stealthrock|switch 2\n|\n|switch|p2a: Gliscor|Gliscor, M|352\/352\n|move|p1a: Pax|Stealth Rock|p2a: Gliscor\n|-sidestart|p2: Ven + Troddl|move: Stealth Rock\n|\n|-heal|p1a: Pax|310\/404|[from] item: Leftovers\n|-status|p2a: Gliscor|tox|[from] item: Toxic Orb\n|upkeep\n|turn|4\n|choice|move scald|move toxic\n|\n|move|p2a: Gliscor|Toxic|p1a: Pax\n|-status|p1a: Pax|tox\n|move|p1a: Pax|Scald|p2a: Gliscor\n|-supereffective|p2a: Gliscor\n|-damage|p2a: Gliscor|196\/352 tox\n|\n|-heal|p1a: Pax|335\/404 tox|[from] item: Leftovers\n|-heal|p2a: Gliscor|240\/352 tox|[from] ability: Poison Heal\n|-damage|p1a: Pax|310\/404 tox|[from] psn\n|upkeep\n|turn|5\n|choice|switch 3|move toxic\n|\n|switch|p1a: Fliegi2|Latias, F|349\/349\n|move|p2a: Gliscor|Toxic|p1a: Fliegi2\n|-status|p1a: Fliegi2|tox\n|\n|-damage|p1a: Fliegi2|328\/349 tox|[from] psn\n|-heal|p2a: Gliscor|284\/352 tox|[from] ability: Poison Heal\n|upkeep\n|turn|6\n|choice|move dracometeor|move roost\n|\n|move|p1a: Fliegi2|Draco Meteor|p2a: Gliscor\n|-damage|p2a: Gliscor|88\/352 tox\n|-unboost|p1a: Fliegi2|spa|2\n|move|p2a: Gliscor|Roost|p2a: Gliscor\n|-heal|p2a: Gliscor|264\/352 tox\n|\n|-damage|p1a: Fliegi2|286\/349 tox|[from] psn\n|-heal|p2a: Gliscor|308\/352 tox|[from] ability: Poison Heal\n|upkeep\n|turn|7\n|choice|switch 3|move toxic\n|\n|switch|p1a: Pax|Swampert, M|310\/404 tox\n|move|p2a: Gliscor|Toxic|p1a: Pax\n|-fail|p1a: Pax|tox\n|\n|-heal|p1a: Pax|335\/404 tox|[from] item: Leftovers\n|-heal|p2a: Gliscor|352\/352 tox|[from] ability: Poison Heal\n|-damage|p1a: Pax|310\/404 tox|[from] psn\n|upkeep\n|turn|8\n|choice|move avalanche|move stealthrock\n|\n|move|p2a: Gliscor|Stealth Rock|p1a: Pax\n|-sidestart|p1: OGamer289|move: Stealth Rock\n|move|p1a: Pax|Avalanche|p2a: Gliscor\n|-supereffective|p2a: Gliscor\n|-damage|p2a: Gliscor|184\/352 tox\n|\n|-heal|p1a: Pax|335\/404 tox|[from] item: Leftovers\n|-heal|p2a: Gliscor|228\/352 tox|[from] ability: Poison Heal\n|-damage|p1a: Pax|285\/404 tox|[from] psn\n|upkeep\n|turn|9\n|choice|move avalanche|move roost\n|\n|move|p2a: Gliscor|Roost|p2a: Gliscor\n|-heal|p2a: Gliscor|352\/352 tox\n|move|p1a: Pax|Avalanche|p2a: Gliscor\n|-supereffective|p2a: Gliscor\n|-damage|p2a: Gliscor|274\/352 tox\n|\n|-heal|p1a: Pax|310\/404 tox|[from] item: Leftovers\n|-heal|p2a: Gliscor|318\/352 tox|[from] ability: Poison Heal\n|-damage|p1a: Pax|235\/404 tox|[from] psn\n|upkeep\n|turn|10\n|choice|switch 3|move roost\n|\n|switch|p1a: Fliegi2|Latias, F|286\/349 tox\n|-damage|p1a: Fliegi2|243\/349 tox|[from] Stealth Rock\n|move|p2a: Gliscor|Roost|p2a: Gliscor\n|-heal|p2a: Gliscor|352\/352 tox\n|\n|-damage|p1a: Fliegi2|222\/349 tox|[from] psn\n|upkeep\n|turn|11\n|c|\u2606OGamer289|habe den falschen mov hier drauf XD\n|choice|move psyshock|switch 6\n|\n|switch|p2a: Scizor|Scizor, M|344\/344\n|-damage|p2a: Scizor|301\/344|[from] Stealth Rock\n|move|p1a: Fliegi2|Psyshock|p2a: Scizor\n|-resisted|p2a: Scizor\n|-damage|p2a: Scizor|242\/344\n|\n|-damage|p1a: Fliegi2|180\/349 tox|[from] psn\n|upkeep\n|turn|12\n|c|\u2606Ven + Troddl|uff.....\n|c|\u2606Ven + Troddl|mattered das jetzt?\n|c|\u2606OGamer289|DAS IST DOCH KACKE\n|c|\u2606Ven + Troddl|sollen wir NOCHMAL nachspielen? ...\n|c|\u2606Ven + Troddl|auf showdown geht nachspielen immerhin gut\n|c|\u2606OGamer289|Ne lass\n|c|\u2606Ven + Troddl|einfach zuendespielen jetzt?\n|c|\u2606OGamer289|ja\n|choice|move defog|move uturn\n|\n|move|p1a: Fliegi2|Defog|p2a: Scizor\n|-unboost|p2a: Scizor|evasion|1\n|-sideend|p2: Ven + Troddl|Stealth Rock|[from] move: Defog|[of] p2a: Scizor\n|-sideend|p1: OGamer289|Stealth Rock|[from] move: Defog|[of] p1a: Fliegi2\n|move|p2a: Scizor|U-turn|p1a: Fliegi2\n|-supereffective|p1a: Fliegi2\n|-damage|p1a: Fliegi2|0 fnt\n|faint|p1a: Fliegi2\n|choice||switch 6\n|\n|switch|p2a: Gliscor|Gliscor, M|352\/352 tox\n|\n|upkeep\n|choice|switch 2|\n|\n|switch|p1a: Ente.exe|Porygon2|323\/374\n|-ability|p1a: Ente.exe|Download|boost\n|-boost|p1a: Ente.exe|spa|1\n|turn|13\n|choice|move icebeam|move toxic\n|\n|move|p2a: Gliscor|Toxic|p1a: Ente.exe\n|-status|p1a: Ente.exe|tox\n|move|p1a: Ente.exe|Ice Beam|p2a: Gliscor\n|-supereffective|p2a: Gliscor\n|-damage|p2a: Gliscor|0 fnt\n|faint|p2a: Gliscor\n|\n|-damage|p1a: Ente.exe|300\/374 tox|[from] psn\n|upkeep\n|choice||switch 6\n|\n|switch|p2a: Scizor|Scizor, M|242\/344\n|turn|14\n|choice|switch 3|move uturn\n|\n|switch|p1a: Pax|Swampert, M|235\/404 tox\n|move|p2a: Scizor|U-turn|p1a: Pax\n|-damage|p1a: Pax|84\/404 tox\n|choice||switch 3\n|\n|switch|p2a: Altaria|Altaria, F, shiny|352\/352\n|\n|-heal|p1a: Pax|109\/404 tox|[from] item: Leftovers\n|-damage|p1a: Pax|84\/404 tox|[from] psn\n|upkeep\n|turn|15\n|choice|move avalanche|move return mega\n|\n|detailschange|p2a: Altaria|Altaria-Mega, F, shiny\n|-mega|p2a: Altaria|Altaria|Altarianite\n|move|p2a: Altaria|Return|p1a: Pax\n|-damage|p1a: Pax|0 fnt\n|faint|p1a: Pax\n|\n|upkeep\n|choice|switch 3|\n|\n|switch|p1a: Ente.exe|Porygon2|300\/374 tox\n|-ability|p1a: Ente.exe|Download|boost\n|-boost|p1a: Ente.exe|spa|1\n|turn|16\n|choice|move icebeam|switch 4\n|\n|switch|p2a: Starmie|Starmie|324\/324\n|move|p1a: Ente.exe|Ice Beam|p2a: Starmie\n|-resisted|p2a: Starmie\n|-damage|p2a: Starmie|256\/324\n|\n|-heal|p2a: Starmie|276\/324|[from] item: Leftovers\n|-damage|p1a: Ente.exe|277\/374 tox|[from] psn\n|upkeep\n|turn|17\n|choice|move recover|move scald\n|\n|move|p2a: Starmie|Scald|p1a: Ente.exe\n|-damage|p1a: Ente.exe|214\/374 tox\n|move|p1a: Ente.exe|Recover|p1a: Ente.exe\n|-heal|p1a: Ente.exe|374\/374 tox\n|\n|-heal|p2a: Starmie|296\/324|[from] item: Leftovers\n|-damage|p1a: Ente.exe|328\/374 tox|[from] psn\n|upkeep\n|turn|18\n|choice|move triattack|move scald\n|\n|move|p2a: Starmie|Scald|p1a: Ente.exe\n|-damage|p1a: Ente.exe|270\/374 tox\n|move|p1a: Ente.exe|Tri Attack|p2a: Starmie\n|-damage|p2a: Starmie|119\/324\n|\n|-heal|p2a: Starmie|139\/324|[from] item: Leftovers\n|-damage|p1a: Ente.exe|201\/374 tox|[from] psn\n|upkeep\n|turn|19\n|choice|switch 6|move recover\n|\n|switch|p1a: Spaky|Manectric, F, shiny|282\/282\n|move|p2a: Starmie|Recover|p2a: Starmie\n|-heal|p2a: Starmie|301\/324\n|\n|-heal|p2a: Starmie|321\/324|[from] item: Leftovers\n|upkeep\n|turn|20\n|choice|move voltswitch mega|switch 4\n|\n|switch|p2a: Altaria|Altaria-Mega, F, shiny|352\/352\n|detailschange|p1a: Spaky|Manectric-Mega, F, shiny\n|-mega|p1a: Spaky|Manectric|Manectite\n|-ability|p1a: Spaky|Intimidate|boost\n|-unboost|p2a: Altaria|atk|1\n|move|p1a: Spaky|Volt Switch|p2a: Altaria\n|-resisted|p2a: Altaria\n|-damage|p2a: Altaria|288\/352\n|j|TriachWargl\n|l|TriachWargl\n|choice|switch 5|\n|\n|switch|p1a: Bulle|Terrakion|324\/324\n|\n|upkeep\n|turn|21\n|choice|move stoneedge zmove|move return\n|\n|-zpower|p1a: Bulle\n|move|p1a: Bulle|Continental Crush|p2a: Altaria|[zeffect]\n|-damage|p2a: Altaria|44\/352\n|move|p2a: Altaria|Return|p1a: Bulle\n|-supereffective|p1a: Bulle\n|-damage|p1a: Bulle|94\/324\n|\n|upkeep\n|turn|22\n|choice|move earthquake|move dragondance\n|\n|move|p1a: Bulle|Earthquake|p2a: Altaria\n|-damage|p2a: Altaria|0 fnt\n|faint|p2a: Altaria\n|\n|upkeep\n|choice||switch 4\n|\n|switch|p2a: Starmie|Starmie|321\/324\n|turn|23\n|j|Sylveman\n|choice|switch 5|move scald\n|\n|switch|p1a: Spaky|Manectric-Mega, F, shiny|282\/282\n|-ability|p1a: Spaky|Intimidate|boost\n|-unboost|p2a: Starmie|atk|1\n|move|p2a: Starmie|Scald|p1a: Spaky\n|-damage|p1a: Spaky|167\/282\n|-status|p1a: Spaky|brn\n|\n|-heal|p2a: Starmie|324\/324|[from] item: Leftovers\n|-damage|p1a: Spaky|150\/282 brn|[from] brn\n|upkeep\n|turn|24\n|choice|move voltswitch|move recover\n|\n|move|p1a: Spaky|Volt Switch|p2a: Starmie\n|-supereffective|p2a: Starmie\n|-damage|p2a: Starmie|4\/324\n|choice|switch 6|\n|\n|switch|p1a: Ente.exe|Porygon2|201\/374 tox\n|-ability|p1a: Ente.exe|Download|boost\n|-boost|p1a: Ente.exe|spa|1\n|move|p2a: Starmie|Recover|p2a: Starmie\n|-heal|p2a: Starmie|166\/324\n|\n|-heal|p2a: Starmie|186\/324|[from] item: Leftovers\n|-damage|p1a: Ente.exe|178\/374 tox|[from] psn\n|upkeep\n|turn|25\n|choice|move triattack|move recover\n|\n|move|p2a: Starmie|Recover|p2a: Starmie\n|-heal|p2a: Starmie|324\/324\n|move|p1a: Ente.exe|Tri Attack|p2a: Starmie\n|-damage|p2a: Starmie|168\/324\n|\n|-heal|p2a: Starmie|188\/324|[from] item: Leftovers\n|-damage|p1a: Ente.exe|132\/374 tox|[from] psn\n|upkeep\n|turn|26\n|choice|move triattack|move scald\n|\n|move|p2a: Starmie|Scald|p1a: Ente.exe\n|-damage|p1a: Ente.exe|77\/374 tox\n|move|p1a: Ente.exe|Tri Attack|p2a: Starmie\n|-damage|p2a: Starmie|34\/324\n|-status|p2a: Starmie|brn\n|\n|-heal|p2a: Starmie|54\/324 brn|[from] item: Leftovers\n|-damage|p2a: Starmie|34\/324 brn|[from] brn\n|-damage|p1a: Ente.exe|8\/374 tox|[from] psn\n|upkeep\n|turn|27\n|choice|move triattack|move recover\n|\n|move|p2a: Starmie|Recover|p2a: Starmie\n|-heal|p2a: Starmie|196\/324 brn\n|move|p1a: Ente.exe|Tri Attack|p2a: Starmie\n|-damage|p2a: Starmie|13\/324 brn\n|\n|-heal|p2a: Starmie|33\/324 brn|[from] item: Leftovers\n|-damage|p2a: Starmie|13\/324 brn|[from] brn\n|-damage|p1a: Ente.exe|0 fnt|[from] psn\n|upkeep\n|faint|p1a: Ente.exe\n|choice|switch 4|\n|\n|switch|p1a: Ape san|Darmanitan, M, shiny|352\/352\n|turn|28\n|choice|move uturn|switch 5\n|\n|-curestatus|p2a: Starmie|brn|[from] ability: Natural Cure\n|switch|p2a: Rotom|Rotom-Wash, shiny|304\/304\n|move|p1a: Ape san|U-turn|p2a: Rotom\n|-damage|p2a: Rotom|236\/304\n|choice|switch 5|\n|\n|switch|p1a: Bulle|Terrakion|94\/324\n|\n|-heal|p2a: Rotom|255\/304|[from] item: Leftovers\n|upkeep\n|turn|29\n|choice|move closecombat|move voltswitch\n|\n|move|p1a: Bulle|Close Combat|p2a: Rotom\n|-damage|p2a: Rotom|102\/304\n|-unboost|p1a: Bulle|def|1\n|-unboost|p1a: Bulle|spd|1\n|move|p2a: Rotom|Volt Switch|p1a: Bulle\n|-damage|p1a: Bulle|0 fnt\n|faint|p1a: Bulle\n|choice||switch 3\n|\n|switch|p2a: Scizor|Scizor, M|242\/344\n|\n|upkeep\n|c|\u2606OGamer289|gg\n|choice|switch 6|\n|\n|switch|p1a: Spaky|Manectric-Mega, F, shiny|150\/282 brn\n|-ability|p1a: Spaky|Intimidate|boost\n|-unboost|p2a: Scizor|atk|1\n|turn|30\n|choice|move flamethrower|switch 3\n|\n|switch|p2a: Rotom|Rotom-Wash, shiny|102\/304\n|move|p1a: Spaky|Flamethrower|p2a: Rotom\n|-resisted|p2a: Rotom\n|-damage|p2a: Rotom|51\/304\n|\n|-heal|p2a: Rotom|70\/304|[from] item: Leftovers\n|-damage|p1a: Spaky|133\/282 brn|[from] brn\n|upkeep\n|turn|31\n|choice|move voltswitch|move voltswitch\n|\n|move|p1a: Spaky|Volt Switch|p2a: Rotom\n|-damage|p2a: Rotom|0 fnt\n|faint|p2a: Rotom\n|choice|switch 5|\n|\n|switch|p1a: Ape san|Darmanitan, M, shiny|352\/352\n|\n|upkeep\n|choice||switch 2\n|\n|switch|p2a: Infernape|Infernape, M|239\/293 tox\n|turn|32\n|choice|move earthquake|move closecombat\n|\n|move|p2a: Infernape|Close Combat|p1a: Ape san\n|-damage|p1a: Ape san|52\/352\n|-unboost|p2a: Infernape|def|1\n|-unboost|p2a: Infernape|spd|1\n|move|p1a: Ape san|Earthquake|p2a: Infernape\n|-supereffective|p2a: Infernape\n|-damage|p2a: Infernape|0 fnt\n|faint|p2a: Infernape\n|\n|upkeep\n|choice||switch 3\n|\n|switch|p2a: Scizor|Scizor, M|242\/344\n|turn|33\n|choice|move earthquake|move bulletpunch\n|\n|move|p2a: Scizor|Bullet Punch|p1a: Ape san\n|-resisted|p1a: Ape san\n|-damage|p1a: Ape san|0 fnt\n|faint|p1a: Ape san\n|\n|upkeep\n|choice|switch 5|\n|\n|switch|p1a: Spaky|Manectric-Mega, F, shiny|133\/282 brn\n|-ability|p1a: Spaky|Intimidate|boost\n|-unboost|p2a: Scizor|atk|1\n|turn|34\n|choice|move thunderbolt|switch 5\n|\n|switch|p2a: Starmie|Starmie|13\/324\n|move|p1a: Spaky|Thunderbolt|p2a: Starmie\n|-supereffective|p2a: Starmie\n|-damage|p2a: Starmie|0 fnt\n|faint|p2a: Starmie\n|\n|-damage|p1a: Spaky|116\/282 brn|[from] brn\n|upkeep\n|choice||switch 5\n|\n|switch|p2a: Scizor|Scizor, M|242\/344\n|turn|35\n|choice|move flamethrower|move bulletpunch\n|\n|move|p2a: Scizor|Bullet Punch|p1a: Spaky\n|-resisted|p1a: Spaky\n|-damage|p1a: Spaky|7\/282 brn\n|move|p1a: Spaky|Flamethrower|p2a: Scizor\n|-supereffective|p2a: Scizor\n|-damage|p2a: Scizor|0 fnt\n|faint|p2a: Scizor\n|\n|win|OGamer289\n|c|\u2606Ven + Troddl|uff gg :\/\n|c|\u2606OGamer289|gg alter\n|c|\u2606OGamer289|als ob\n|c|\u2606Ven + Troddl|naja immerhin haben wir es jetzt\n|c|\u2606Ven + Troddl|^^\n|c|\u2606OGamer289|ja\n|c|\u2606Ven + Troddl|schickst du es razor?\n|c|\u2606Ven + Troddl|raizor*\n|c|\u2606OGamer289|ist ja showdown wei\u00df nicht wie es geht\n|c|\u2606Ven + Troddl|k dann schicke ich es ^^\n|c|\u2606OGamer289|ok mach mit ergebnis ist ein richtig geiles battle gewesen","inputlog":null,"uploadtime":1510506567,"views":8,"p1id":"ogamer289","p2id":"ventroddl","formatid":"gen7uu","rating":0,"private":0,"password":null}