{"id":"gen7ou-782630276","p1":"uyjbbjh","p2":"Therockcena","format":"gen7ou","log":"|j|\u2606uyjbbjh\n|j|\u2606Therockcena\n|player|p1|uyjbbjh|183\n|player|p2|Therockcena|2\n|teamsize|p1|6\n|teamsize|p2|6\n|gametype|singles\n|gen|7\n|tier|[Gen 7] OU\n|rated|\n|rule|Sleep Clause Mod: Limit one foe put to sleep\n|rule|Species Clause: Limit one of each Pok\u00e9mon\n|rule|OHKO Clause: OHKO moves are banned\n|rule|Moody Clause: Moody is banned\n|rule|Evasion Moves Clause: Evasion moves are banned\n|rule|Endless Battle Clause: Forcing endless battles is banned\n|rule|HP Percentage Mod: HP is shown in percentages\n|clearpoke\n|poke|p1|Stakataka|item\n|poke|p1|Clamperl, F|item\n|poke|p1|Uxie|item\n|poke|p1|Mawile, M|item\n|poke|p1|Porygon2|item\n|poke|p1|Marowak-Alola, F|item\n|poke|p2|Darmanitan, M|item\n|poke|p2|Conkeldurr, M|item\n|poke|p2|Hoopa-Unbound|item\n|poke|p2|Ribombee, F|item\n|poke|p2|Chandelure, F|item\n|poke|p2|Alakazam, M|item\n|teampreview\n|inactive|Battle timer is ON: inactive players will automatically lose when time's up. (requested by uyjbbjh)\n|\n|start\n|switch|p1a: Mawile|Mawile, M|100\/100\n|switch|p2a: Ribombee|Ribombee, F|100\/100\n|turn|1\n|\n|detailschange|p1a: Mawile|Mawile-Mega, M\n|-mega|p1a: Mawile|Mawile|Mawilite\n|move|p2a: Ribombee|Sticky Web|p1a: Mawile\n|-sidestart|p1: uyjbbjh|move: Sticky Web\n|move|p1a: Mawile|Play Rough|p2a: Ribombee\n|-enditem|p2a: Ribombee|Focus Sash\n|-damage|p2a: Ribombee|1\/100\n|\n|upkeep\n|turn|2\n|\n|move|p1a: Mawile|Sucker Punch|p2a: Ribombee\n|-resisted|p2a: Ribombee\n|-damage|p2a: Ribombee|0 fnt\n|faint|p2a: Ribombee\n|\n|upkeep\n|inactive|Therockcena has 135 seconds left.\n|\n|switch|p2a: Chandelure|Chandelure, F|100\/100\n|turn|3\n|inactive|uyjbbjh has 135 seconds left.\n|inactive|uyjbbjh has 120 seconds left.\n|\n|switch|p1a: Porygon2|Porygon2|100\/100\n|-activate|p1a: Porygon2|move: Sticky Web\n|-unboost|p1a: Porygon2|spe|1\n|-ability|p1a: Porygon2|Download|boost\n|-boost|p1a: Porygon2|spa|1\n|move|p2a: Chandelure|Flamethrower|p1a: Porygon2\n|-damage|p1a: Porygon2|55\/100\n|-damage|p2a: Chandelure|91\/100|[from] item: Life Orb\n|\n|upkeep\n|turn|4\n|\n|move|p2a: Chandelure|Flamethrower|p1a: Porygon2\n|-damage|p1a: Porygon2|7\/100\n|-status|p1a: Porygon2|brn\n|-damage|p2a: Chandelure|81\/100|[from] item: Life Orb\n|move|p1a: Porygon2|Recover|p1a: Porygon2\n|-heal|p1a: Porygon2|57\/100 brn\n|\n|-damage|p1a: Porygon2|51\/100 brn|[from] brn\n|upkeep\n|turn|5\n|\n|switch|p2a: Darmanitan|Darmanitan, M|100\/100\n|move|p1a: Porygon2|Trick Room|p1a: Porygon2\n|-fieldstart|move: Trick Room|[of] p1a: Porygon2\n|\n|-damage|p1a: Porygon2|44\/100 brn|[from] brn\n|upkeep\n|turn|6\n|\n|switch|p1a: Uxie|Uxie|100\/100\n|move|p2a: Darmanitan|Flare Blitz|p1a: Uxie\n|-damage|p1a: Uxie|13\/100\n|-damage|p2a: Darmanitan|72\/100|[from] Recoil\n|\n|upkeep\n|turn|7\n|\n|move|p1a: Uxie|Stealth Rock|p2a: Darmanitan\n|-sidestart|p2: Therockcena|move: Stealth Rock\n|move|p2a: Darmanitan|Flare Blitz|p1a: Uxie\n|-crit|p1a: Uxie\n|-damage|p1a: Uxie|0 fnt\n|-damage|p2a: Darmanitan|67\/100|[from] Recoil\n|faint|p1a: Uxie\n|\n|upkeep\n|\n|switch|p1a: Clamperl|Clamperl, F|100\/100\n|-activate|p1a: Clamperl|move: Sticky Web\n|-unboost|p1a: Clamperl|spe|1\n|turn|8\n|\n|move|p1a: Clamperl|Surf|p2a: Darmanitan\n|-supereffective|p2a: Darmanitan\n|-damage|p2a: Darmanitan|0 fnt\n|faint|p2a: Darmanitan\n|\n|upkeep\n|\n|switch|p2a: Conkeldurr|Conkeldurr, M|100\/100\n|-damage|p2a: Conkeldurr|94\/100|[from] Stealth Rock\n|turn|9\n|\n|move|p1a: Clamperl|Surf|p2a: Conkeldurr\n|-damage|p2a: Conkeldurr|0 fnt\n|faint|p2a: Conkeldurr\n|\n|-fieldend|move: Trick Room\n|upkeep\n|inactive|Therockcena has 135 seconds left.\n|inactive|Therockcena has 120 seconds left.\n|\n|switch|p2a: Alakazam|Alakazam, M|100\/100\n|-damage|p2a: Alakazam|88\/100|[from] Stealth Rock\n|turn|10\n|inactive|uyjbbjh has 135 seconds left.\n|\n|detailschange|p2a: Alakazam|Alakazam-Mega, M\n|-mega|p2a: Alakazam|Alakazam|Alakazite\n|-ability|p2a: Alakazam|Shell Armor|[from] ability: Trace|[of] p1a: Clamperl\n|move|p2a: Alakazam|Psychic|p1a: Clamperl\n|-damage|p1a: Clamperl|0 fnt\n|faint|p1a: Clamperl\n|\n|upkeep\n|\n|switch|p1a: Porygon2|Porygon2|44\/100 brn\n|-activate|p1a: Porygon2|move: Sticky Web\n|-unboost|p1a: Porygon2|spe|1\n|-ability|p1a: Porygon2|Download|boost\n|-boost|p1a: Porygon2|atk|1\n|turn|11\n|\n|move|p2a: Alakazam|Psychic|p1a: Porygon2\n|-damage|p1a: Porygon2|5\/100 brn\n|move|p1a: Porygon2|Trick Room|p1a: Porygon2\n|-fieldstart|move: Trick Room|[of] p1a: Porygon2\n|\n|-damage|p1a: Porygon2|0 fnt|[from] brn\n|upkeep\n|faint|p1a: Porygon2\n|\n|switch|p1a: Stakataka|Stakataka|100\/100\n|-activate|p1a: Stakataka|move: Sticky Web\n|-unboost|p1a: Stakataka|spe|1\n|turn|12\n|\n|move|p1a: Stakataka|Gyro Ball|p2a: Alakazam\n|-damage|p2a: Alakazam|0 fnt\n|faint|p2a: Alakazam\n|-ability|p1a: Stakataka|Beast Boost|boost\n|-boost|p1a: Stakataka|atk|1\n|\n|upkeep\n|\n|switch|p2a: Chandelure|Chandelure, F|81\/100\n|-damage|p2a: Chandelure|56\/100|[from] Stealth Rock\n|turn|13\n|inactive|uyjbbjh has 135 seconds left.\n|\n|move|p1a: Stakataka|Earthquake|p2a: Chandelure\n|-supereffective|p2a: Chandelure\n|-damage|p2a: Chandelure|0 fnt\n|faint|p2a: Chandelure\n|-ability|p1a: Stakataka|Beast Boost|boost\n|-boost|p1a: Stakataka|atk|1\n|\n|upkeep\n|\n|switch|p2a: Hoopa|Hoopa-Unbound|100\/100\n|-damage|p2a: Hoopa|88\/100|[from] Stealth Rock\n|turn|14\n|\n|move|p1a: Stakataka|Gyro Ball|p2a: Hoopa\n|-damage|p2a: Hoopa|0 fnt\n|faint|p2a: Hoopa\n|\n|win|uyjbbjh\n|l|\u2606Therockcena\n|raw|uyjbbjh's rating: 1188 &rarr; <strong>1212<\/strong><br \/>(+24 for winning)\n|raw|Therockcena's rating: 1184 &rarr; <strong>1159<\/strong><br \/>(-25 for losing)\n","inputlog":null,"uploadtime":1532810554,"views":1,"p1id":"uyjbbjh","p2id":"therockcena","formatid":"gen7ou","rating":1159,"private":0,"password":null}