{"id":"gen7ou-1004737391","p1":"Lunar Neo","p2":"00Atrix","format":"gen7ou","log":"|j|\u2606Lunar Neo\n|j|\u260600Atrix\n|player|p1|Lunar Neo|248|1573\n|player|p2|00Atrix|123|1626\n|teamsize|p1|6\n|teamsize|p2|6\n|gametype|singles\n|gen|7\n|tier|[Gen 7] OU\n|rated|\n|rule|Sleep Clause Mod: Limit one foe put to sleep\n|rule|Species Clause: Limit one of each Pok\u00e9mon\n|rule|OHKO Clause: OHKO moves are banned\n|rule|Moody Clause: Moody is banned\n|rule|Evasion Moves Clause: Evasion moves are banned\n|rule|Endless Battle Clause: Forcing endless battles is banned\n|rule|HP Percentage Mod: HP is shown in percentages\n|clearpoke\n|poke|p1|Zapdos|item\n|poke|p1|Keldeo-Resolute|item\n|poke|p1|Scizor, M|item\n|poke|p1|Hydreigon, M|item\n|poke|p1|Mamoswine, M|item\n|poke|p1|Blacephalon|item\n|poke|p2|Kartana|item\n|poke|p2|Tyranitar, M|item\n|poke|p2|Zapdos|item\n|poke|p2|Gliscor, M|item\n|poke|p2|Tapu Bulu|item\n|poke|p2|Jirachi|item\n|teampreview\n|inactive|Battle timer is ON: inactive players will automatically lose when time's up. (requested by 00Atrix)\n|j| WrongDeflection\n|j| AJag\n|\n|start\n|switch|p1a: Mamoswine|Mamoswine, M|100\/100\n|switch|p2a: Tapu Bulu|Tapu Bulu|100\/100\n|-fieldstart|move: Grassy Terrain|[from] ability: Grassy Surge|[of] p2a: Tapu Bulu\n|turn|1\n|inactive|00Atrix has 120 seconds left.\n|inactive|00Atrix has 90 seconds left.\n|inactive|00Atrix has 60 seconds left.\n|\n|switch|p1a: Scizor|Scizor, M|100\/100\n|move|p2a: Tapu Bulu|Horn Leech|p1a: Scizor\n|-resisted|p1a: Scizor\n|-damage|p1a: Scizor|87\/100\n|\n|-heal|p1a: Scizor|93\/100|[from] Grassy Terrain\n|upkeep\n|turn|2\n|\n|switch|p2a: Gliscor|Gliscor, M|100\/100\n|detailschange|p1a: Scizor|Scizor-Mega, M\n|-mega|p1a: Scizor|Scizor|Scizorite\n|move|p1a: Scizor|Knock Off|p2a: Gliscor\n|-damage|p2a: Gliscor|70\/100\n|-enditem|p2a: Gliscor|Toxic Orb|[from] move: Knock Off|[of] p1a: Scizor\n|\n|-heal|p1a: Scizor|99\/100|[from] Grassy Terrain\n|upkeep\n|turn|3\n|inactive|00Atrix has 60 seconds left.\n|\n|switch|p2a: Zapdos|Zapdos|100\/100\n|switch|p1a: Mamoswine|Mamoswine, M|100\/100\n|\n|upkeep\n|turn|4\n|inactive|00Atrix has 60 seconds left.\n|\n|switch|p2a: Jirachi|Jirachi|100\/100\n|move|p1a: Mamoswine|Stealth Rock|p2a: Jirachi\n|-sidestart|p2: 00Atrix|move: Stealth Rock\n|\n|upkeep\n|turn|5\n|inactive|00Atrix has 60 seconds left.\n|\n|switch|p1a: Zapdos|Zapdos, shiny|100\/100\n|move|p2a: Jirachi|Iron Head|p1a: Zapdos\n|-resisted|p1a: Zapdos\n|-damage|p1a: Zapdos|90\/100\n|-status|p2a: Jirachi|par|[from] ability: Static|[of] p1a: Zapdos\n|\n|-heal|p1a: Zapdos|96\/100|[from] item: Leftovers\n|-fieldend|move: Grassy Terrain\n|upkeep\n|turn|6\n|\n|switch|p1a: Keldeo|Keldeo-Resolute|100\/100\n|switch|p2a: Gliscor|Gliscor, M|70\/100\n|-damage|p2a: Gliscor|57\/100|[from] Stealth Rock\n|\n|upkeep\n|turn|7\n|\n|switch|p2a: Jirachi|Jirachi|100\/100 par\n|-damage|p2a: Jirachi|94\/100 par|[from] Stealth Rock\n|move|p1a: Keldeo|Hydro Pump|p2a: Jirachi\n|-damage|p2a: Jirachi|56\/100 par\n|\n|-heal|p2a: Jirachi|62\/100 par|[from] item: Leftovers\n|upkeep\n|turn|8\n|\n|switch|p1a: Zapdos|Zapdos, shiny|96\/100\n|move|p2a: Jirachi|Wish|p2a: Jirachi\n|\n|-heal|p1a: Zapdos|100\/100|[from] item: Leftovers\n|-heal|p2a: Jirachi|68\/100 par|[from] item: Leftovers\n|upkeep\n|turn|9\n|j| scblol26\n|\n|switch|p2a: Gliscor|Gliscor, M|57\/100\n|-damage|p2a: Gliscor|45\/100|[from] Stealth Rock\n|move|p1a: Zapdos|Heat Wave|p2a: Gliscor\n|-damage|p2a: Gliscor|12\/100\n|\n|-heal|p2a: Gliscor|70\/100|[from] move: Wish|[wisher] Jirachi\n|upkeep\n|turn|10\n|j| Jascha \u2602\n|\n|switch|p1a: Mamoswine|Mamoswine, M|100\/100\n|move|p2a: Gliscor|Defog|p1a: Mamoswine\n|-unboost|p1a: Mamoswine|evasion|1\n|-sideend|p2: 00Atrix|Stealth Rock|[from] move: Defog|[of] p2a: Gliscor\n|\n|upkeep\n|turn|11\n|\n|move|p2a: Gliscor|Toxic|p1a: Mamoswine\n|-status|p1a: Mamoswine|tox\n|move|p1a: Mamoswine|Stealth Rock|p2a: Gliscor\n|-sidestart|p2: 00Atrix|move: Stealth Rock\n|\n|-damage|p1a: Mamoswine|94\/100 tox|[from] psn\n|upkeep\n|turn|12\n|\n|move|p2a: Gliscor|Defog|p1a: Mamoswine\n|-unboost|p1a: Mamoswine|evasion|1\n|-sideend|p2: 00Atrix|Stealth Rock|[from] move: Defog|[of] p2a: Gliscor\n|move|p1a: Mamoswine|Icicle Crash|p2a: Gliscor\n|-supereffective|p2a: Gliscor\n|-damage|p2a: Gliscor|0 fnt\n|faint|p2a: Gliscor\n|\n|-damage|p1a: Mamoswine|82\/100 tox|[from] psn\n|upkeep\n|j| Ophion\n|\n|switch|p2a: Kartana|Kartana|100\/100\n|turn|13\n|\n|switch|p1a: Zapdos|Zapdos, shiny|100\/100\n|move|p2a: Kartana|Swords Dance|p2a: Kartana\n|-boost|p2a: Kartana|atk|2\n|\n|upkeep\n|turn|14\n|j| A chansey\n|\n|switch|p1a: Blacephalon|Blacephalon, shiny|100\/100\n|-zpower|p2a: Kartana\n|move|p2a: Kartana|Breakneck Blitz|p1a: Blacephalon|[zeffect]\n|-immune|p1a: Blacephalon\n|\n|upkeep\n|turn|15\n|c| scblol26|OH\n|\n|switch|p1a: Keldeo|Keldeo-Resolute|100\/100\n|switch|p2a: Tyranitar|Tyranitar, M|100\/100\n|-weather|Sandstorm|[from] ability: Sand Stream|[of] p2a: Tyranitar\n|\n|-weather|Sandstorm|[upkeep]\n|-damage|p1a: Keldeo|94\/100|[from] Sandstorm\n|upkeep\n|turn|16\n|c| scblol26|SHIT\n|c| AJag|DOUBLE OH ATRIX\n|c| Jascha \u2602|OMFG\n|c| scblol26|LOL\n|c| scblol26|UR GETTING SMASHED\n|c| Jascha \u2602|GOAT\n|\n|switch|p2a: Tapu Bulu|Tapu Bulu|100\/100\n|-fieldstart|move: Grassy Terrain|[from] ability: Grassy Surge|[of] p2a: Tapu Bulu\n|move|p1a: Keldeo|Hydro Pump|p2a: Tapu Bulu\n|-resisted|p2a: Tapu Bulu\n|-damage|p2a: Tapu Bulu|65\/100\n|\n|-weather|Sandstorm|[upkeep]\n|-damage|p2a: Tapu Bulu|59\/100|[from] Sandstorm\n|-damage|p1a: Keldeo|88\/100|[from] Sandstorm\n|-heal|p2a: Tapu Bulu|65\/100|[from] Grassy Terrain\n|-heal|p1a: Keldeo|94\/100|[from] Grassy Terrain\n|upkeep\n|turn|17\n|c| Jascha \u2602|HOLY SHIT\n|c| Ophion|god damn atrix bro\n|c| scblol26|THIS GUY IS A BEAST\n|\n|switch|p2a: Tyranitar|Tyranitar, M|100\/100\n|switch|p1a: Scizor|Scizor-Mega, M|99\/100\n|\n|-weather|Sandstorm|[upkeep]\n|-heal|p1a: Scizor|100\/100|[from] Grassy Terrain\n|upkeep\n|turn|18\n|c| Ophion|get a fire truck\n|c| Ophion|hes engulfed\n|c| Ophion|oml\n|\n|detailschange|p2a: Tyranitar|Tyranitar-Mega, M\n|-mega|p2a: Tyranitar|Tyranitar|Tyranitarite\n|move|p1a: Scizor|Bullet Punch|p2a: Tyranitar\n|-supereffective|p2a: Tyranitar\n|-damage|p2a: Tyranitar|58\/100\n|move|p2a: Tyranitar|Fire Punch|p1a: Scizor\n|-supereffective|p1a: Scizor\n|-damage|p1a: Scizor|4\/100\n|\n|-weather|Sandstorm|[upkeep]\n|-heal|p2a: Tyranitar|64\/100|[from] Grassy Terrain\n|-heal|p1a: Scizor|10\/100|[from] Grassy Terrain\n|upkeep\n|turn|19\n|\n|switch|p2a: Zapdos|Zapdos|100\/100\n|move|p1a: Scizor|Roost|p1a: Scizor\n|-heal|p1a: Scizor|60\/100\n|-singleturn|p1a: Scizor|move: Roost\n|\n|-weather|none\n|-heal|p1a: Scizor|66\/100|[from] Grassy Terrain\n|upkeep\n|turn|20\n|inactive|00Atrix has 120 seconds left.\n|\n|switch|p1a: Hydreigon|Hydreigon, M|100\/100\n|move|p2a: Zapdos|Heat Wave|p1a: Hydreigon\n|-resisted|p1a: Hydreigon\n|-damage|p1a: Hydreigon|84\/100\n|\n|-fieldend|move: Grassy Terrain\n|upkeep\n|turn|21\n|\n|move|p1a: Hydreigon|Dark Pulse|p2a: Zapdos\n|-damage|p2a: Zapdos|50\/100\n|-damage|p1a: Hydreigon|75\/100|[from] item: Life Orb\n|move|p2a: Zapdos|Discharge|p1a: Hydreigon\n|-resisted|p1a: Hydreigon\n|-damage|p1a: Hydreigon|56\/100\n|\n|-heal|p2a: Zapdos|56\/100|[from] item: Leftovers\n|upkeep\n|turn|22\n|\n|switch|p2a: Tapu Bulu|Tapu Bulu|65\/100\n|-fieldstart|move: Grassy Terrain|[from] ability: Grassy Surge|[of] p2a: Tapu Bulu\n|move|p1a: Hydreigon|Draco Meteor|p2a: Tapu Bulu\n|-immune|p2a: Tapu Bulu\n|\n|-heal|p2a: Tapu Bulu|71\/100|[from] Grassy Terrain\n|upkeep\n|turn|23\n|c| Jascha \u2602|going for para\n|c| Jascha \u2602|classic 00atrix\n|\n|move|p2a: Tapu Bulu|Superpower|p1a: Hydreigon\n|-supereffective|p1a: Hydreigon\n|-damage|p1a: Hydreigon|0 fnt\n|-unboost|p2a: Tapu Bulu|atk|1\n|-unboost|p2a: Tapu Bulu|def|1\n|faint|p1a: Hydreigon\n|\n|-heal|p2a: Tapu Bulu|77\/100|[from] Grassy Terrain\n|upkeep\n|c| AJag|classic double oh\n|\n|switch|p1a: Blacephalon|Blacephalon, shiny|100\/100\n|turn|24\n|\n|switch|p1a: Keldeo|Keldeo-Resolute|94\/100\n|switch|p2a: Tyranitar|Tyranitar-Mega, M|64\/100\n|-weather|Sandstorm|[from] ability: Sand Stream|[of] p2a: Tyranitar\n|\n|-weather|Sandstorm|[upkeep]\n|-damage|p1a: Keldeo|88\/100|[from] Sandstorm\n|-heal|p1a: Keldeo|94\/100|[from] Grassy Terrain\n|-heal|p2a: Tyranitar|70\/100|[from] Grassy Terrain\n|upkeep\n|turn|25\n|\n|switch|p2a: Tapu Bulu|Tapu Bulu|77\/100\n|move|p1a: Keldeo|Secret Sword|p2a: Tapu Bulu\n|-resisted|p2a: Tapu Bulu\n|-damage|p2a: Tapu Bulu|52\/100\n|\n|-weather|Sandstorm|[upkeep]\n|-damage|p2a: Tapu Bulu|46\/100|[from] Sandstorm\n|-damage|p1a: Keldeo|88\/100|[from] Sandstorm\n|-heal|p2a: Tapu Bulu|52\/100|[from] Grassy Terrain\n|-heal|p1a: Keldeo|94\/100|[from] Grassy Terrain\n|upkeep\n|turn|26\n|\n|switch|p1a: Scizor|Scizor-Mega, M|66\/100\n|move|p2a: Tapu Bulu|Horn Leech|p1a: Scizor\n|-resisted|p1a: Scizor\n|-damage|p1a: Scizor|56\/100\n|-heal|p2a: Tapu Bulu|59\/100|[from] drain|[of] p1a: Scizor\n|\n|-weather|Sandstorm|[upkeep]\n|-damage|p2a: Tapu Bulu|52\/100|[from] Sandstorm\n|-heal|p2a: Tapu Bulu|59\/100|[from] Grassy Terrain\n|-heal|p1a: Scizor|62\/100|[from] Grassy Terrain\n|-fieldend|move: Grassy Terrain\n|upkeep\n|turn|27\n|\n|switch|p2a: Zapdos|Zapdos|56\/100\n|move|p1a: Scizor|Knock Off|p2a: Zapdos\n|-damage|p2a: Zapdos|27\/100\n|-status|p1a: Scizor|par|[from] ability: Static|[of] p2a: Zapdos\n|-enditem|p2a: Zapdos|Leftovers|[from] move: Knock Off|[of] p1a: Scizor\n|\n|-weather|Sandstorm|[upkeep]\n|-damage|p2a: Zapdos|21\/100|[from] Sandstorm\n|upkeep\n|turn|28\n|\n|switch|p1a: Mamoswine|Mamoswine, M|82\/100 tox\n|move|p2a: Zapdos|Roost|p2a: Zapdos\n|-heal|p2a: Zapdos|71\/100\n|-singleturn|p2a: Zapdos|move: Roost\n|\n|-weather|none\n|-damage|p1a: Mamoswine|76\/100 tox|[from] psn\n|upkeep\n|turn|29\n|\n|switch|p2a: Kartana|Kartana|100\/100\n|move|p1a: Mamoswine|Stealth Rock|p2a: Kartana\n|-sidestart|p2: 00Atrix|move: Stealth Rock\n|\n|-damage|p1a: Mamoswine|63\/100 tox|[from] psn\n|upkeep\n|turn|30\n|\n|switch|p2a: Tyranitar|Tyranitar-Mega, M|70\/100\n|-damage|p2a: Tyranitar|58\/100|[from] Stealth Rock\n|-weather|Sandstorm|[from] ability: Sand Stream|[of] p2a: Tyranitar\n|switch|p1a: Zapdos|Zapdos, shiny|100\/100\n|\n|-weather|Sandstorm|[upkeep]\n|-damage|p1a: Zapdos|94\/100|[from] Sandstorm\n|-heal|p1a: Zapdos|100\/100|[from] item: Leftovers\n|upkeep\n|turn|31\n|\n|switch|p1a: Keldeo|Keldeo-Resolute|94\/100\n|move|p2a: Tyranitar|Stealth Rock|p1a: Keldeo\n|-sidestart|p1: Lunar Neo|move: Stealth Rock\n|\n|-weather|Sandstorm|[upkeep]\n|-damage|p1a: Keldeo|88\/100|[from] Sandstorm\n|upkeep\n|turn|32\n|\n|switch|p2a: Jirachi|Jirachi|68\/100 par\n|-damage|p2a: Jirachi|62\/100 par|[from] Stealth Rock\n|move|p1a: Keldeo|Secret Sword|p2a: Jirachi\n|-damage|p2a: Jirachi|26\/100 par\n|\n|-weather|Sandstorm|[upkeep]\n|-damage|p1a: Keldeo|82\/100|[from] Sandstorm\n|-heal|p2a: Jirachi|32\/100 par|[from] item: Leftovers\n|upkeep\n|turn|33\n|\n|move|p2a: Jirachi|Protect|p2a: Jirachi\n|-singleturn|p2a: Jirachi|Protect\n|move|p1a: Keldeo|Secret Sword|p2a: Jirachi\n|-activate|p2a: Jirachi|move: Protect\n|\n|-weather|Sandstorm|[upkeep]\n|-damage|p1a: Keldeo|76\/100|[from] Sandstorm\n|-heal|p2a: Jirachi|38\/100 par|[from] item: Leftovers\n|upkeep\n|turn|34\n|\n|move|p1a: Keldeo|Secret Sword|p2a: Jirachi\n|-damage|p2a: Jirachi|4\/100 par\n|move|p2a: Jirachi|Wish|p2a: Jirachi\n|\n|-weather|none\n|-heal|p2a: Jirachi|10\/100 par|[from] item: Leftovers\n|upkeep\n|turn|35\n|\n|switch|p2a: Tapu Bulu|Tapu Bulu|59\/100\n|-damage|p2a: Tapu Bulu|46\/100|[from] Stealth Rock\n|-fieldstart|move: Grassy Terrain|[from] ability: Grassy Surge|[of] p2a: Tapu Bulu\n|move|p1a: Keldeo|Secret Sword|p2a: Tapu Bulu\n|-resisted|p2a: Tapu Bulu\n|-damage|p2a: Tapu Bulu|24\/100\n|\n|-heal|p2a: Tapu Bulu|96\/100|[from] move: Wish|[wisher] Jirachi\n|-heal|p2a: Tapu Bulu|100\/100|[from] Grassy Terrain\n|-heal|p1a: Keldeo|82\/100|[from] Grassy Terrain\n|upkeep\n|turn|36\n|\n|switch|p2a: Zapdos|Zapdos|71\/100\n|-damage|p2a: Zapdos|46\/100|[from] Stealth Rock\n|switch|p1a: Zapdos|Zapdos, shiny|100\/100\n|-damage|p1a: Zapdos|75\/100|[from] Stealth Rock\n|\n|-heal|p1a: Zapdos|82\/100|[from] item: Leftovers\n|upkeep\n|turn|37\n|\n|switch|p1a: Mamoswine|Mamoswine, M|63\/100 tox\n|-damage|p1a: Mamoswine|51\/100 tox|[from] Stealth Rock\n|move|p2a: Zapdos|Roost|p2a: Zapdos\n|-heal|p2a: Zapdos|96\/100\n|-singleturn|p2a: Zapdos|move: Roost\n|\n|-heal|p2a: Zapdos|100\/100|[from] Grassy Terrain\n|-heal|p1a: Mamoswine|57\/100 tox|[from] Grassy Terrain\n|-damage|p1a: Mamoswine|51\/100 tox|[from] psn\n|upkeep\n|turn|38\n|\n|switch|p2a: Jirachi|Jirachi|10\/100 par\n|-damage|p2a: Jirachi|4\/100 par|[from] Stealth Rock\n|move|p1a: Mamoswine|Icicle Crash|p2a: Jirachi\n|-resisted|p2a: Jirachi\n|-damage|p2a: Jirachi|0 fnt\n|faint|p2a: Jirachi\n|\n|-heal|p1a: Mamoswine|57\/100 tox|[from] Grassy Terrain\n|-damage|p1a: Mamoswine|45\/100 tox|[from] psn\n|upkeep\n|\n|switch|p2a: Kartana|Kartana|100\/100\n|-damage|p2a: Kartana|94\/100|[from] Stealth Rock\n|turn|39\n|\n|switch|p1a: Zapdos|Zapdos, shiny|82\/100\n|-damage|p1a: Zapdos|57\/100|[from] Stealth Rock\n|move|p2a: Kartana|Leaf Blade|p1a: Zapdos\n|-resisted|p1a: Zapdos\n|-damage|p1a: Zapdos|21\/100\n|\n|-heal|p2a: Kartana|100\/100|[from] Grassy Terrain\n|-heal|p1a: Zapdos|27\/100|[from] item: Leftovers\n|-fieldend|move: Grassy Terrain\n|upkeep\n|turn|40\n|inactive|00Atrix has 120 seconds left.\n|\n|move|p2a: Kartana|Giga Impact|p1a: Zapdos\n|-damage|p1a: Zapdos|0 fnt\n|-mustrecharge|p2a: Kartana\n|faint|p1a: Zapdos\n|-ability|p2a: Kartana|Beast Boost|boost\n|-boost|p2a: Kartana|atk|1\n|\n|upkeep\n|\n|switch|p1a: Keldeo|Keldeo-Resolute|82\/100\n|-damage|p1a: Keldeo|76\/100|[from] Stealth Rock\n|turn|41\n|\n|cant|p2a: Kartana|recharge\n|-zpower|p1a: Keldeo\n|move|p1a: Keldeo|Hydro Vortex|p2a: Kartana|[zeffect]\n|-resisted|p2a: Kartana\n|-damage|p2a: Kartana|0 fnt\n|faint|p2a: Kartana\n|\n|upkeep\n|\n|switch|p2a: Tapu Bulu|Tapu Bulu|100\/100\n|-damage|p2a: Tapu Bulu|88\/100|[from] Stealth Rock\n|-fieldstart|move: Grassy Terrain|[from] ability: Grassy Surge|[of] p2a: Tapu Bulu\n|turn|42\n|c| AJag|\"atrix ur not even on the right account\" -scb\n|\n|switch|p2a: Zapdos|Zapdos|100\/100\n|-damage|p2a: Zapdos|76\/100|[from] Stealth Rock\n|switch|p1a: Scizor|Scizor-Mega, M|62\/100 par\n|-damage|p1a: Scizor|50\/100 par|[from] Stealth Rock\n|\n|-heal|p1a: Scizor|56\/100 par|[from] Grassy Terrain\n|upkeep\n|turn|43\n|c| AJag|'FUCKKK\" -atrix\n|c| A chansey|double oh atrix michael jordan\n|\n|switch|p1a: Mamoswine|Mamoswine, M|45\/100 tox\n|-damage|p1a: Mamoswine|33\/100 tox|[from] Stealth Rock\n|move|p2a: Zapdos|Heat Wave|p1a: Mamoswine\n|-supereffective|p1a: Mamoswine\n|-damage|p1a: Mamoswine|2\/100 tox\n|\n|-heal|p1a: Mamoswine|8\/100 tox|[from] Grassy Terrain\n|-damage|p1a: Mamoswine|2\/100 tox|[from] psn\n|upkeep\n|turn|44\n|c| Jascha \u2602|LOL\n|c| Jascha \u2602|classic double oh\n|c| Ophion|lol\n|\n|move|p1a: Mamoswine|Ice Shard|p2a: Zapdos\n|-supereffective|p2a: Zapdos\n|-damage|p2a: Zapdos|44\/100\n|move|p2a: Zapdos|Roost|p2a: Zapdos\n|-heal|p2a: Zapdos|94\/100\n|-singleturn|p2a: Zapdos|move: Roost\n|\n|-heal|p2a: Zapdos|99\/100|[from] Grassy Terrain\n|-heal|p1a: Mamoswine|8\/100 tox|[from] Grassy Terrain\n|-damage|p1a: Mamoswine|0 fnt|[from] psn\n|faint|p1a: Mamoswine\n|upkeep\n|c|\u2606Lunar Neo|i suck\n|\n|switch|p1a: Blacephalon|Blacephalon, shiny|100\/100\n|-damage|p1a: Blacephalon|76\/100|[from] Stealth Rock\n|turn|45\n|c| Jascha \u2602|lunar neo\n|c| Jascha \u2602|ur rlly godo\n|c|\u260600Atrix|not really\n|c| Jascha \u2602|unironically\n|c|\u260600Atrix|i screamed in call\n|c|\u260600Atrix|\"WHO IS THIS GUY\"\n|c|\u260600Atrix|early game\n|c|\u260600Atrix|u almost got tf outta me\n|\n|move|p1a: Blacephalon|Overheat|p2a: Zapdos\n|-damage|p2a: Zapdos|32\/100\n|-unboost|p1a: Blacephalon|spa|2\n|move|p2a: Zapdos|Discharge|p1a: Blacephalon\n|-damage|p1a: Blacephalon|23\/100\n|\n|-heal|p1a: Blacephalon|29\/100|[from] Grassy Terrain\n|upkeep\n|turn|46\n|\n|switch|p2a: Tyranitar|Tyranitar-Mega, M|58\/100\n|-damage|p2a: Tyranitar|46\/100|[from] Stealth Rock\n|-weather|Sandstorm|[from] ability: Sand Stream|[of] p2a: Tyranitar\n|move|p1a: Blacephalon|Overheat|p2a: Tyranitar\n|-resisted|p2a: Tyranitar\n|-damage|p2a: Tyranitar|37\/100\n|-unboost|p1a: Blacephalon|spa|2\n|\n|-weather|Sandstorm|[upkeep]\n|-damage|p1a: Blacephalon|23\/100|[from] Sandstorm\n|-heal|p1a: Blacephalon|29\/100|[from] Grassy Terrain\n|-heal|p2a: Tyranitar|43\/100|[from] Grassy Terrain\n|-fieldend|move: Grassy Terrain\n|upkeep\n|turn|47\n|\n|move|p1a: Blacephalon|Overheat|p2a: Tyranitar\n|-resisted|p2a: Tyranitar\n|-damage|p2a: Tyranitar|37\/100\n|-unboost|p1a: Blacephalon|spa|2\n|move|p2a: Tyranitar|Pursuit|p1a: Blacephalon\n|-supereffective|p1a: Blacephalon\n|-damage|p1a: Blacephalon|0 fnt\n|faint|p1a: Blacephalon\n|\n|-weather|Sandstorm|[upkeep]\n|upkeep\n|c| Jascha \u2602|scizor wins\n|c| Jascha \u2602|gg\n|c| AJag|yep\n|\n|switch|p1a: Scizor|Scizor-Mega, M|56\/100 par\n|-damage|p1a: Scizor|43\/100 par|[from] Stealth Rock\n|turn|48\n|\n|cant|p1a: Scizor|par\n|move|p2a: Tyranitar|Fire Punch|p1a: Scizor\n|-supereffective|p1a: Scizor\n|-damage|p1a: Scizor|0 fnt\n|faint|p1a: Scizor\n|\n|-weather|Sandstorm|[upkeep]\n|upkeep\n|c|\u260600Atrix|lul\n|c| Jascha \u2602|nvm\n|\n|switch|p1a: Keldeo|Keldeo-Resolute|76\/100\n|-damage|p1a: Keldeo|70\/100|[from] Stealth Rock\n|turn|49\n|c| AJag|ARE YOU KIDDING ME\n|c| scblol26|lol\n|c| AJag|SO LUCKY\n|c| Jascha \u2602|im so sorry lunar neoo\n|c|\u260600Atrix|how much did bp do to zap\n|c| Jascha \u2602|it killed\n|c|\u260600Atrix|he couldnt sd\n|c| AJag|enough\n|c| Jascha \u2602|after rocks\n|c| Jascha \u2602|he didnt need to\n|c| AJag|ur at 7%\n|c| Jascha \u2602|idioot\n|inactive|00Atrix has 120 seconds left.\n|c|\u260600Atrix|9-11\n|\n|move|p1a: Keldeo|Secret Sword|p2a: Tyranitar\n|-supereffective|p2a: Tyranitar\n|-damage|p2a: Tyranitar|0 fnt\n|faint|p2a: Tyranitar\n|\n|-weather|Sandstorm|[upkeep]\n|-damage|p1a: Keldeo|63\/100|[from] Sandstorm\n|upkeep\n|c| AJag|so it kills\n|\n|switch|p2a: Zapdos|Zapdos|32\/100\n|-damage|p2a: Zapdos|7\/100|[from] Stealth Rock\n|turn|50\n|c| Jascha \u2602|never forget\n|\n|move|p1a: Keldeo|Secret Sword|p2a: Zapdos\n|-resisted|p2a: Zapdos\n|-damage|p2a: Zapdos|0 fnt\n|faint|p2a: Zapdos\n|\n|-weather|none\n|upkeep\n|c| Jascha \u2602|9\/11\n|c| AJag|\"oh\" -atrix\n|\n|switch|p2a: Tapu Bulu|Tapu Bulu|88\/100\n|-damage|p2a: Tapu Bulu|76\/100|[from] Stealth Rock\n|-fieldstart|move: Grassy Terrain|[from] ability: Grassy Surge|[of] p2a: Tapu Bulu\n|turn|51\n|c| AJag|he didn't know his zaps health\n|\n|move|p2a: Tapu Bulu|Horn Leech|p1a: Keldeo\n|-supereffective|p1a: Keldeo\n|-damage|p1a: Keldeo|0 fnt\n|-heal|p2a: Tapu Bulu|100\/100|[from] drain|[of] p1a: Keldeo\n|faint|p1a: Keldeo\n|\n|win|00Atrix\n|c| AJag|what a dumbass\n|c| Jascha \u2602|atrix makes me so mad\n|c|\u260600Atrix|gg\n|c|\u260600Atrix|keep playing this game\n|l| scblol26\n|c| AJag|who doesn't woodhammer\n|c|\u2606Lunar Neo|gg\n|c| AJag|for flex\n|raw|Lunar Neo's rating: 1573 &rarr; <strong>1556<\/strong><br \/>(-17 for losing)\n|raw|00Atrix's rating: 1595 &rarr; <strong>1614<\/strong><br \/>(+19 for winning)\n|c|\u260600Atrix|ur gonna get somewhere\n|l| AJag\n|l| A chansey\n|l|\u2606Lunar Neo\n|l| Jascha \u2602\n|l| WrongDeflection\n|l|\u260600Atrix\n|j| scblol26\n|l| scblol26\n|l| Ophion\n|j|\u2606Lunar Neo\n|player|p1|Lunar Neo|248\n","uploadtime":1573011867,"views":2,"p1id":"lunarneo","p2id":"00atrix","formatid":"gen7ou","rating":1556,"private":0,"password":null}