{"id":"gen7ou-844601511","p1":"Moskito Cup","p2":"wg scholar","format":"gen7ou","log":"|j|\u2606Moskito Cup\n|j|\u2606wg scholar\n|player|p1|Moskito Cup|2\n|player|p2|wg scholar|78\n|teamsize|p1|6\n|teamsize|p2|6\n|gametype|singles\n|gen|7\n|tier|[Gen 7] OU\n|rated|\n|rule|Sleep Clause Mod: Limit one foe put to sleep\n|rule|Species Clause: Limit one of each Pok\u00e9mon\n|rule|OHKO Clause: OHKO moves are banned\n|rule|Moody Clause: Moody is banned\n|rule|Evasion Moves Clause: Evasion moves are banned\n|rule|Endless Battle Clause: Forcing endless battles is banned\n|rule|HP Percentage Mod: HP is shown in percentages\n|clearpoke\n|poke|p1|Venusaur, M|item\n|poke|p1|Keldeo-Resolute|item\n|poke|p1|Skarmory, M|item\n|poke|p1|Chansey, F|item\n|poke|p1|Heatran, M|item\n|poke|p1|Bisharp, F|item\n|poke|p2|Garchomp, M|item\n|poke|p2|Tangrowth, F|item\n|poke|p2|Celesteela|item\n|poke|p2|Mawile, F|item\n|poke|p2|Toxapex, F|item\n|poke|p2|Landorus-Therian, M|item\n|teampreview\n|inactive|Battle timer is ON: inactive players will automatically lose when time's up. (requested by Moskito Cup)\n|\n|start\n|switch|p1a: Heatran|Heatran, M|100\/100\n|switch|p2a: Landorus|Landorus-Therian, M|100\/100\n|-ability|p2a: Landorus|Intimidate|boost\n|-unboost|p1a: Heatran|atk|1\n|turn|1\n|\n|switch|p1a: Skarmory|Skarmory, M|100\/100\n|move|p2a: Landorus|U-turn|p1a: Skarmory\n|-resisted|p1a: Skarmory\n|-damage|p1a: Skarmory|97\/100\n|-damage|p2a: Landorus|84\/100|[from] item: Rocky Helmet|[of] p1a: Skarmory\n|\n|switch|p2a: Garchomp|Garchomp, M|100\/100\n|\n|upkeep\n|turn|2\n|\n|move|p2a: Garchomp|Stealth Rock|p1a: Skarmory\n|-sidestart|p1: Moskito Cup|move: Stealth Rock\n|move|p1a: Skarmory|Spikes|p2a: Garchomp\n|-sidestart|p2: wg scholar|Spikes\n|\n|upkeep\n|turn|3\n|\n|move|p2a: Garchomp|Swords Dance|p2a: Garchomp\n|-boost|p2a: Garchomp|atk|2\n|move|p1a: Skarmory|Spikes|p2a: Garchomp\n|-sidestart|p2: wg scholar|Spikes\n|\n|upkeep\n|turn|4\n|\n|move|p2a: Garchomp|Swords Dance|p2a: Garchomp\n|-boost|p2a: Garchomp|atk|2\n|move|p1a: Skarmory|Whirlwind|p2a: Garchomp\n|drag|p2a: Landorus|Landorus-Therian, M|84\/100\n|-ability|p2a: Landorus|Intimidate|boost\n|-unboost|p1a: Skarmory|atk|1\n|\n|upkeep\n|turn|5\n|\n|switch|p2a: Tangrowth|Tangrowth, F|100\/100\n|-damage|p2a: Tangrowth|84\/100|[from] Spikes\n|move|p1a: Skarmory|Spikes|p2a: Tangrowth\n|-sidestart|p2: wg scholar|Spikes\n|\n|upkeep\n|turn|6\n|\n|switch|p1a: Venusaur|Venusaur, M|100\/100\n|-damage|p1a: Venusaur|88\/100|[from] Stealth Rock\n|move|p2a: Tangrowth|Sleep Powder|p1a: Venusaur\n|-immune|p1a: Venusaur\n|\n|upkeep\n|turn|7\n|\n|switch|p1a: Bisharp|Bisharp, F|100\/100\n|-damage|p1a: Bisharp|94\/100|[from] Stealth Rock\n|switch|p2a: Celesteela|Celesteela|100\/100\n|\n|-heal|p1a: Bisharp|100\/100|[from] item: Leftovers\n|upkeep\n|turn|8\n|\n|move|p1a: Bisharp|Knock Off|p2a: Celesteela\n|-damage|p2a: Celesteela|61\/100\n|-enditem|p2a: Celesteela|Leftovers|[from] move: Knock Off|[of] p1a: Bisharp\n|move|p2a: Celesteela|Flamethrower|p1a: Bisharp\n|-supereffective|p1a: Bisharp\n|-damage|p1a: Bisharp|39\/100\n|\n|-heal|p1a: Bisharp|45\/100|[from] item: Leftovers\n|upkeep\n|turn|9\n|\n|switch|p1a: Venusaur|Venusaur, M|88\/100\n|-damage|p1a: Venusaur|76\/100|[from] Stealth Rock\n|move|p2a: Celesteela|Leech Seed|p1a: Venusaur\n|-immune|p1a: Venusaur\n|\n|upkeep\n|turn|10\n|j| croo\n|\n|switch|p2a: Toxapex|Toxapex, F|100\/100\n|-damage|p2a: Toxapex|76\/100|[from] Spikes\n|detailschange|p1a: Venusaur|Venusaur-Mega, M\n|-mega|p1a: Venusaur|Venusaur|Venusaurite\n|move|p1a: Venusaur|Giga Drain|p2a: Toxapex\n|-damage|p2a: Toxapex|57\/100\n|-heal|p1a: Venusaur|84\/100|[from] drain|[of] p2a: Toxapex\n|\n|-heal|p2a: Toxapex|63\/100|[from] item: Black Sludge\n|upkeep\n|turn|11\n|\n|switch|p1a: Keldeo|Keldeo-Resolute|100\/100\n|-damage|p1a: Keldeo|94\/100|[from] Stealth Rock\n|move|p2a: Toxapex|Scald|p1a: Keldeo\n|-resisted|p1a: Keldeo\n|-damage|p1a: Keldeo|84\/100\n|\n|-heal|p1a: Keldeo|90\/100|[from] item: Leftovers\n|-heal|p2a: Toxapex|68\/100|[from] item: Black Sludge\n|upkeep\n|turn|12\n|\n|switch|p2a: Tangrowth|Tangrowth, F|100\/100\n|-damage|p2a: Tangrowth|76\/100|[from] Spikes\n|move|p1a: Keldeo|Scald|p2a: Tangrowth\n|-resisted|p2a: Tangrowth\n|-damage|p2a: Tangrowth|45\/100\n|-status|p2a: Tangrowth|brn\n|\n|-heal|p1a: Keldeo|96\/100|[from] item: Leftovers\n|-damage|p2a: Tangrowth|39\/100 brn|[from] brn\n|upkeep\n|turn|13\n|\n|switch|p1a: Heatran|Heatran, M|100\/100\n|-damage|p1a: Heatran|88\/100|[from] Stealth Rock\n|move|p2a: Tangrowth|Giga Drain|p1a: Heatran\n|-resisted|p1a: Heatran\n|-damage|p1a: Heatran|82\/100\n|-heal|p2a: Tangrowth|42\/100 brn|[from] drain|[of] p1a: Heatran\n|\n|-heal|p1a: Heatran|88\/100|[from] item: Leftovers\n|-damage|p2a: Tangrowth|35\/100 brn|[from] brn\n|upkeep\n|turn|14\n|\n|switch|p2a: Landorus|Landorus-Therian, M|84\/100\n|-ability|p2a: Landorus|Intimidate|boost\n|-unboost|p1a: Heatran|atk|1\n|move|p1a: Heatran|Lava Plume|p2a: Landorus\n|-damage|p2a: Landorus|38\/100\n|-status|p2a: Landorus|brn\n|\n|-heal|p1a: Heatran|95\/100|[from] item: Leftovers\n|-damage|p2a: Landorus|32\/100 brn|[from] brn\n|upkeep\n|turn|15\n|\n|move|p2a: Landorus|Defog|p1a: Heatran\n|-unboost|p1a: Heatran|evasion|1\n|-sideend|p1: Moskito Cup|Stealth Rock|[from] move: Defog|[of] p2a: Landorus\n|-sideend|p2: wg scholar|Spikes|[from] move: Defog|[of] p2a: Landorus\n|move|p1a: Heatran|Stealth Rock|p2a: Landorus\n|-sidestart|p2: wg scholar|move: Stealth Rock\n|\n|-heal|p1a: Heatran|100\/100|[from] item: Leftovers\n|-damage|p2a: Landorus|26\/100 brn|[from] brn\n|upkeep\n|turn|16\n|\n|move|p2a: Landorus|Defog|p1a: Heatran\n|-unboost|p1a: Heatran|evasion|1\n|-sideend|p2: wg scholar|Stealth Rock|[from] move: Defog|[of] p2a: Landorus\n|move|p1a: Heatran|Lava Plume|p2a: Landorus\n|-damage|p2a: Landorus|0 fnt\n|faint|p2a: Landorus\n|\n|upkeep\n|\n|switch|p2a: Garchomp|Garchomp, M|100\/100\n|turn|17\n|\n|switch|p1a: Skarmory|Skarmory, M|97\/100\n|move|p2a: Garchomp|Swords Dance|p2a: Garchomp\n|-boost|p2a: Garchomp|atk|2\n|\n|upkeep\n|turn|18\n|\n|-zpower|p2a: Garchomp\n|move|p2a: Garchomp|Continental Crush|p1a: Skarmory|[zeffect]\n|-damage|p1a: Skarmory|30\/100\n|move|p1a: Skarmory|Whirlwind|p2a: Garchomp\n|drag|p2a: Tangrowth|Tangrowth, F|69\/100 brn\n|\n|-damage|p2a: Tangrowth|63\/100 brn|[from] brn\n|upkeep\n|turn|19\n|\n|move|p1a: Skarmory|Spikes|p2a: Tangrowth\n|-sidestart|p2: wg scholar|Spikes\n|move|p2a: Tangrowth|Hidden Power|p1a: Skarmory\n|-supereffective|p1a: Skarmory\n|-damage|p1a: Skarmory|0 fnt\n|faint|p1a: Skarmory\n|\n|-damage|p2a: Tangrowth|56\/100 brn|[from] brn\n|upkeep\n|\n|switch|p1a: Heatran|Heatran, M|100\/100\n|turn|20\n|\n|switch|p2a: Garchomp|Garchomp, M|100\/100\n|-damage|p2a: Garchomp|88\/100|[from] Spikes\n|move|p1a: Heatran|Toxic|p2a: Garchomp\n|-status|p2a: Garchomp|tox\n|\n|-damage|p2a: Garchomp|82\/100 tox|[from] psn\n|upkeep\n|turn|21\n|\n|switch|p1a: Chansey|Chansey, F|100\/100\n|move|p2a: Garchomp|Earthquake|p1a: Chansey\n|-damage|p1a: Chansey|69\/100\n|\n|-damage|p2a: Garchomp|70\/100 tox|[from] psn\n|upkeep\n|turn|22\n|\n|move|p2a: Garchomp|Stealth Rock|p1a: Chansey\n|-sidestart|p1: Moskito Cup|move: Stealth Rock\n|move|p1a: Chansey|Soft-Boiled|p1a: Chansey\n|-heal|p1a: Chansey|100\/100\n|\n|-damage|p2a: Garchomp|51\/100 tox|[from] psn\n|upkeep\n|turn|23\n|\n|move|p2a: Garchomp|Swords Dance|p2a: Garchomp\n|-boost|p2a: Garchomp|atk|2\n|move|p1a: Chansey|Seismic Toss|p2a: Garchomp\n|-damage|p2a: Garchomp|23\/100 tox\n|-damage|p1a: Chansey|88\/100|[from] ability: Rough Skin|[of] p2a: Garchomp\n|\n|-damage|p2a: Garchomp|0 fnt|[from] psn\n|faint|p2a: Garchomp\n|upkeep\n|\n|switch|p2a: Mawile|Mawile, F|100\/100\n|-damage|p2a: Mawile|88\/100|[from] Spikes\n|-ability|p2a: Mawile|Intimidate|boost\n|-unboost|p1a: Chansey|atk|1\n|turn|24\n|\n|detailschange|p2a: Mawile|Mawile-Mega, F\n|-mega|p2a: Mawile|Mawile|Mawilite\n|move|p2a: Mawile|Thunder Punch|p1a: Chansey\n|-damage|p1a: Chansey|57\/100\n|move|p1a: Chansey|Thunder Wave|p2a: Mawile\n|-status|p2a: Mawile|par\n|\n|upkeep\n|turn|25\n|\n|switch|p1a: Heatran|Heatran, M|100\/100\n|-damage|p1a: Heatran|88\/100|[from] Stealth Rock\n|cant|p2a: Mawile|par\n|\n|-heal|p1a: Heatran|94\/100|[from] item: Leftovers\n|upkeep\n|turn|26\n|\n|move|p1a: Heatran|Stealth Rock|p2a: Mawile\n|-sidestart|p2: wg scholar|move: Stealth Rock\n|move|p2a: Mawile|Thunder Punch|p1a: Heatran\n|-damage|p1a: Heatran|53\/100\n|\n|-heal|p1a: Heatran|59\/100|[from] item: Leftovers\n|upkeep\n|turn|27\n|\n|switch|p2a: Toxapex|Toxapex, F|100\/100\n|-damage|p2a: Toxapex|88\/100|[from] Stealth Rock\n|-damage|p2a: Toxapex|76\/100|[from] Spikes\n|move|p1a: Heatran|Lava Plume|p2a: Toxapex\n|-resisted|p2a: Toxapex\n|-damage|p2a: Toxapex|64\/100\n|-status|p2a: Toxapex|brn\n|\n|-heal|p1a: Heatran|66\/100|[from] item: Leftovers\n|-heal|p2a: Toxapex|70\/100 brn|[from] item: Black Sludge\n|-damage|p2a: Toxapex|64\/100 brn|[from] brn\n|upkeep\n|turn|28\n|-message|wg scholar forfeited.\n|\n|win|Moskito Cup\n|l|\u2606wg scholar\n|raw|Moskito Cup's rating: 1800 &rarr; <strong>1824<\/strong><br \/>(+24 for winning)\n|raw|wg scholar's rating: 1882 &rarr; <strong>1858<\/strong><br \/>(-24 for losing)\n","uploadtime":1546648475,"views":351,"p1id":"moskitocup","p2id":"wgscholar","formatid":"gen7ou","rating":1824,"private":0,"password":null}