{"id":"gen7ou-1519143723","p1":"Amelza","p2":"tanishq1","format":"gen7ou","log":"|j|\u2606Amelza\n|j|\u2606tanishq1\n|t:|1645870894\n|gametype|singles\n|player|p1|Amelza|hugh|1514\n|player|p2|tanishq1|266|1762\n|teamsize|p1|6\n|teamsize|p2|6\n|gen|7\n|tier|[Gen 7] OU\n|rated|\n|rule|Sleep Clause Mod: Limit one foe put to sleep\n|rule|Species Clause: Limit one of each Pok\u00e9mon\n|rule|OHKO Clause: OHKO moves are banned\n|rule|Moody Clause: Moody is banned\n|rule|Evasion Moves Clause: Evasion moves are banned\n|rule|Endless Battle Clause: Forcing endless battles is banned\n|rule|HP Percentage Mod: HP is shown in percentages\n|clearpoke\n|poke|p1|Gliscor, F|item\n|poke|p1|Heatran, F|item\n|poke|p1|Toxapex, M|item\n|poke|p1|Latias, F|item\n|poke|p1|Tapu Koko|item\n|poke|p1|Kyurem-Black|item\n|poke|p2|Gliscor, M|item\n|poke|p2|Lopunny, M|item\n|poke|p2|Magearna|item\n|poke|p2|Tangrowth, F|item\n|poke|p2|Tornadus-Therian, M|item\n|poke|p2|Toxapex, F|item\n|teampreview\n|inactive|Battle timer is ON: inactive players will automatically lose when time's up. (requested by tanishq1)\n|\n|t:|1645870916\n|start\n|switch|p1a: Roblox SFX OoOoF|Heatran, F|100\/100\n|switch|p2a: Lopunny|Lopunny, M|100\/100\n|turn|1\n|\n|t:|1645870922\n|switch|p1a: Smecta \u00ae|Toxapex, M|100\/100\n|detailschange|p2a: Lopunny|Lopunny-Mega, M\n|-mega|p2a: Lopunny|Lopunny|Lopunnite\n|move|p2a: Lopunny|Return|p1a: Smecta \u00ae\n|-crit|p1a: Smecta \u00ae\n|-damage|p1a: Smecta \u00ae|51\/100\n|\n|upkeep\n|turn|2\n|\n|t:|1645870930\n|switch|p2a: Toxapex|Toxapex, F|100\/100\n|move|p1a: Smecta \u00ae|Recover|p1a: Smecta \u00ae\n|-heal|p1a: Smecta \u00ae|100\/100\n|\n|upkeep\n|turn|3\n|\n|t:|1645870933\n|move|p1a: Smecta \u00ae|Toxic Spikes|p2a: Toxapex\n|-sidestart|p2: tanishq1|move: Toxic Spikes\n|move|p2a: Toxapex|Scald|p1a: Smecta \u00ae\n|-resisted|p1a: Smecta \u00ae\n|-damage|p1a: Smecta \u00ae|93\/100\n|\n|upkeep\n|turn|4\n|\n|t:|1645870941\n|switch|p1a: RNG|Latias, F|100\/100\n|move|p2a: Toxapex|Scald|p1a: RNG\n|-resisted|p1a: RNG\n|-damage|p1a: RNG|94\/100\n|\n|upkeep\n|turn|5\n|\n|t:|1645870947\n|switch|p2a: Gliscor|Gliscor, M|100\/100\n|detailschange|p1a: RNG|Latias-Mega, F\n|-mega|p1a: RNG|Latias|Latiasite\n|move|p1a: RNG|Calm Mind|p1a: RNG\n|-boost|p1a: RNG|spa|1\n|-boost|p1a: RNG|spd|1\n|\n|-status|p2a: Gliscor|tox|[from] item: Toxic Orb\n|upkeep\n|turn|6\n|j| Poke Blade XX\n|\n|t:|1645870951\n|switch|p2a: Magearna|Magearna|100\/100\n|move|p1a: RNG|Psyshock|p2a: Magearna\n|-resisted|p2a: Magearna\n|-damage|p2a: Magearna|77\/100\n|\n|-heal|p2a: Magearna|83\/100|[from] item: Leftovers\n|upkeep\n|turn|7\n|\n|t:|1645870955\n|move|p1a: RNG|Hidden Power|p2a: Magearna\n|-supereffective|p2a: Magearna\n|-damage|p2a: Magearna|46\/100\n|move|p2a: Magearna|Heart Swap|p1a: RNG\n|-swapboost|p2a: Magearna|p1a: RNG|[from] move: Heart Swap\n|\n|-heal|p2a: Magearna|52\/100|[from] item: Leftovers\n|upkeep\n|turn|8\n|\n|t:|1645870970\n|move|p1a: RNG|Calm Mind|p1a: RNG\n|-boost|p1a: RNG|spa|1\n|-boost|p1a: RNG|spd|1\n|move|p2a: Magearna|Pain Split|p1a: RNG\n|-sethp|p1a: RNG|73\/100|[from] move: Pain Split|[silent]\n|-sethp|p2a: Magearna|74\/100|[from] move: Pain Split\n|\n|-heal|p2a: Magearna|80\/100|[from] item: Leftovers\n|upkeep\n|turn|9\n|\n|t:|1645870979\n|move|p1a: RNG|Hidden Power|p2a: Magearna\n|-supereffective|p2a: Magearna\n|-crit|p2a: Magearna\n|-damage|p2a: Magearna|31\/100\n|move|p2a: Magearna|Flash Cannon|p1a: RNG\n|-damage|p1a: RNG|52\/100\n|\n|-heal|p2a: Magearna|37\/100|[from] item: Leftovers\n|upkeep\n|turn|10\n|\n|t:|1645870985\n|move|p1a: RNG|Hidden Power|p2a: Magearna\n|-supereffective|p2a: Magearna\n|-damage|p2a: Magearna|16\/100\n|move|p2a: Magearna|Pain Split|p1a: RNG\n|-sethp|p1a: RNG|33\/100|[from] move: Pain Split|[silent]\n|-sethp|p2a: Magearna|34\/100|[from] move: Pain Split\n|\n|-heal|p2a: Magearna|40\/100|[from] item: Leftovers\n|upkeep\n|turn|11\n|\n|t:|1645870994\n|move|p1a: RNG|Roost|p1a: RNG\n|-heal|p1a: RNG|83\/100\n|-singleturn|p1a: RNG|move: Roost\n|move|p2a: Magearna|Flash Cannon|p1a: RNG\n|-damage|p1a: RNG|59\/100\n|-unboost|p1a: RNG|spd|1\n|\n|-heal|p2a: Magearna|46\/100|[from] item: Leftovers\n|upkeep\n|turn|12\n|\n|t:|1645871002\n|move|p1a: RNG|Calm Mind|p1a: RNG\n|-boost|p1a: RNG|spa|1\n|-boost|p1a: RNG|spd|1\n|move|p2a: Magearna|Flash Cannon|p1a: RNG\n|-damage|p1a: RNG|37\/100\n|\n|-heal|p2a: Magearna|52\/100|[from] item: Leftovers\n|upkeep\n|turn|13\n|\n|t:|1645871005\n|move|p1a: RNG|Hidden Power|p2a: Magearna\n|-supereffective|p2a: Magearna\n|-crit|p2a: Magearna\n|-damage|p2a: Magearna|0 fnt\n|faint|p2a: Magearna\n|\n|upkeep\n|\n|t:|1645871017\n|switch|p2a: Tornadus|Tornadus-Therian, M|100\/100\n|turn|14\n|\n|t:|1645871021\n|-zpower|p2a: Tornadus\n|move|p2a: Tornadus|Supersonic Skystrike|p1a: RNG|[zeffect]\n|-damage|p1a: RNG|0 fnt\n|faint|p1a: RNG\n|\n|upkeep\n|\n|t:|1645871034\n|switch|p1a: Here comes|Tapu Koko|100\/100\n|-fieldstart|move: Electric Terrain|[from] ability: Electric Surge|[of] p1a: Here comes\n|turn|15\n|\n|t:|1645871039\n|switch|p2a: Toxapex|Toxapex, F|100\/100\n|-sideend|p2: tanishq1|move: Toxic Spikes|[of] p2a: Toxapex\n|move|p1a: Here comes|Dazzling Gleam|p2a: Toxapex\n|-resisted|p2a: Toxapex\n|-damage|p2a: Toxapex|80\/100\n|\n|-heal|p2a: Toxapex|86\/100|[from] item: Black Sludge\n|upkeep\n|turn|16\n|\n|t:|1645871047\n|switch|p1a: Roblox SFX OoOoF|Heatran, F|100\/100\n|switch|p2a: Tangrowth|Tangrowth, F|100\/100\n|\n|upkeep\n|turn|17\n|\n|t:|1645871053\n|switch|p2a: Gliscor|Gliscor, M|100\/100 tox\n|move|p1a: Roblox SFX OoOoF|Magma Storm|p2a: Gliscor\n|-damage|p2a: Gliscor|60\/100 tox\n|-activate|p2a: Gliscor|move: Magma Storm|[of] p1a: Roblox SFX OoOoF\n|\n|-heal|p2a: Gliscor|72\/100 tox|[from] ability: Poison Heal\n|-damage|p2a: Gliscor|60\/100 tox|[from] move: Magma Storm|[partiallytrapped]\n|upkeep\n|turn|18\n|\n|t:|1645871058\n|switch|p1a: Vousneplacerezpas|Gliscor, F|100\/100\n|move|p2a: Gliscor|Stealth Rock|p1a: Vousneplacerezpas\n|-sidestart|p1: Amelza|move: Stealth Rock\n|\n|-heal|p2a: Gliscor|72\/100 tox|[from] ability: Poison Heal\n|-end|p2a: Gliscor|Magma Storm|[partiallytrapped]|[silent]\n|-status|p1a: Vousneplacerezpas|tox|[from] item: Toxic Orb\n|upkeep\n|turn|19\n|\n|t:|1645871068\n|switch|p2a: Tornadus|Tornadus-Therian, M|100\/100\n|move|p1a: Vousneplacerezpas|Defog|p2a: Tornadus\n|-unboost|p2a: Tornadus|evasion|1\n|-sideend|p1: Amelza|Stealth Rock|[from] move: Defog|[of] p1a: Vousneplacerezpas\n|\n|-fieldend|move: Electric Terrain\n|upkeep\n|turn|20\n|\n|t:|1645871076\n|switch|p1a: Here comes|Tapu Koko|100\/100\n|-fieldstart|move: Electric Terrain|[from] ability: Electric Surge|[of] p1a: Here comes\n|move|p2a: Tornadus|Hurricane|p1a: Here comes\n|-resisted|p1a: Here comes\n|-damage|p1a: Here comes|59\/100\n|\n|upkeep\n|turn|21\n|\n|t:|1645871088\n|switch|p2a: Tangrowth|Tangrowth, F|100\/100\n|move|p1a: Here comes|Dazzling Gleam|p2a: Tangrowth\n|-damage|p2a: Tangrowth|32\/100\n|\n|upkeep\n|turn|22\n|\n|t:|1645871097\n|switch|p1a: KB|Kyurem-Black|100\/100\n|-ability|p1a: KB|Teravolt\n|switch|p2a: Gliscor|Gliscor, M|72\/100 tox\n|\n|-heal|p2a: Gliscor|85\/100 tox|[from] ability: Poison Heal\n|upkeep\n|turn|23\n|\n|t:|1645871107\n|switch|p2a: Toxapex|Toxapex, F|100\/100\n|-zpower|p1a: KB\n|move|p1a: KB|Subzero Slammer|p2a: Toxapex|[zeffect]\n|-resisted|p2a: Toxapex\n|-damage|p2a: Toxapex|56\/100\n|\n|-heal|p2a: Toxapex|62\/100|[from] item: Black Sludge\n|upkeep\n|turn|24\n|\n|t:|1645871111\n|switch|p2a: Gliscor|Gliscor, M|85\/100 tox\n|move|p1a: KB|Fusion Bolt|p2a: Gliscor\n|-immune|p2a: Gliscor\n|\n|-heal|p2a: Gliscor|97\/100 tox|[from] ability: Poison Heal\n|-fieldend|move: Electric Terrain\n|upkeep\n|turn|25\n|\n|t:|1645871115\n|switch|p2a: Toxapex|Toxapex, F|95\/100\n|move|p1a: KB|Ice Beam|p2a: Toxapex\n|-resisted|p2a: Toxapex\n|-damage|p2a: Toxapex|81\/100\n|\n|-heal|p2a: Toxapex|87\/100|[from] item: Black Sludge\n|upkeep\n|turn|26\n|\n|t:|1645871118\n|switch|p2a: Tangrowth|Tangrowth, F|65\/100\n|move|p1a: KB|Ice Beam|p2a: Tangrowth\n|-supereffective|p2a: Tangrowth\n|-damage|p2a: Tangrowth|0 fnt\n|faint|p2a: Tangrowth\n|\n|upkeep\n|\n|t:|1645871121\n|switch|p2a: Lopunny|Lopunny-Mega, M|100\/100\n|turn|27\n|\n|t:|1645871125\n|switch|p1a: Smecta \u00ae|Toxapex, M|100\/100\n|move|p2a: Lopunny|Return|p1a: Smecta \u00ae\n|-damage|p1a: Smecta \u00ae|67\/100\n|\n|upkeep\n|turn|28\n|\n|t:|1645871139\n|switch|p2a: Gliscor|Gliscor, M|97\/100 tox\n|move|p1a: Smecta \u00ae|Scald|p2a: Gliscor\n|-supereffective|p2a: Gliscor\n|-damage|p2a: Gliscor|64\/100 tox\n|\n|-heal|p2a: Gliscor|77\/100 tox|[from] ability: Poison Heal\n|upkeep\n|turn|29\n|\n|t:|1645871150\n|move|p2a: Gliscor|Earthquake|p1a: Smecta \u00ae\n|-supereffective|p1a: Smecta \u00ae\n|-damage|p1a: Smecta \u00ae|27\/100\n|move|p1a: Smecta \u00ae|Toxic Spikes|p2a: Gliscor\n|-sidestart|p2: tanishq1|move: Toxic Spikes\n|\n|-heal|p2a: Gliscor|89\/100 tox|[from] ability: Poison Heal\n|upkeep\n|turn|30\n|\n|t:|1645871157\n|switch|p1a: Vousneplacerezpas|Gliscor, F|100\/100 tox\n|move|p2a: Gliscor|Stealth Rock|p1a: Vousneplacerezpas\n|-sidestart|p1: Amelza|move: Stealth Rock\n|\n|-heal|p2a: Gliscor|100\/100 tox|[from] ability: Poison Heal\n|upkeep\n|turn|31\n|\n|t:|1645871166\n|switch|p1a: Smecta \u00ae|Toxapex, M|61\/100\n|-damage|p1a: Smecta \u00ae|48\/100|[from] Stealth Rock\n|switch|p2a: Tornadus|Tornadus-Therian, M|100\/100\n|\n|upkeep\n|turn|32\n|\n|t:|1645871179\n|switch|p1a: Roblox SFX OoOoF|Heatran, F|100\/100\n|-damage|p1a: Roblox SFX OoOoF|88\/100|[from] Stealth Rock\n|move|p2a: Tornadus|Hurricane|p1a: Roblox SFX OoOoF\n|-resisted|p1a: Roblox SFX OoOoF\n|-damage|p1a: Roblox SFX OoOoF|73\/100\n|\n|-heal|p1a: Roblox SFX OoOoF|79\/100|[from] item: Leftovers\n|upkeep\n|turn|33\n|\n|t:|1645871192\n|move|p2a: Tornadus|Focus Blast|p1a: Roblox SFX OoOoF\n|-supereffective|p1a: Roblox SFX OoOoF\n|-damage|p1a: Roblox SFX OoOoF|32\/100\n|move|p1a: Roblox SFX OoOoF|Stealth Rock|p2a: Tornadus\n|-sidestart|p2: tanishq1|move: Stealth Rock\n|\n|-heal|p1a: Roblox SFX OoOoF|38\/100|[from] item: Leftovers\n|upkeep\n|turn|34\n|\n|t:|1645871199\n|move|p1a: Roblox SFX OoOoF|Protect|p1a: Roblox SFX OoOoF\n|-singleturn|p1a: Roblox SFX OoOoF|Protect\n|move|p2a: Tornadus|Defog|p1a: Roblox SFX OoOoF\n|-activate|p1a: Roblox SFX OoOoF|move: Protect\n|\n|-heal|p1a: Roblox SFX OoOoF|44\/100|[from] item: Leftovers\n|upkeep\n|turn|35\n|\n|t:|1645871204\n|move|p2a: Tornadus|Defog|p1a: Roblox SFX OoOoF\n|-unboost|p1a: Roblox SFX OoOoF|evasion|1\n|-sideend|p1: Amelza|Stealth Rock|[from] move: Defog|[of] p2a: Tornadus\n|-sideend|p2: tanishq1|Toxic Spikes|[from] move: Defog|[of] p2a: Tornadus\n|-sideend|p2: tanishq1|Stealth Rock|[from] move: Defog|[of] p2a: Tornadus\n|move|p1a: Roblox SFX OoOoF|Magma Storm|p2a: Tornadus\n|-damage|p2a: Tornadus|49\/100\n|-activate|p2a: Tornadus|move: Magma Storm|[of] p1a: Roblox SFX OoOoF\n|\n|-heal|p1a: Roblox SFX OoOoF|50\/100|[from] item: Leftovers\n|-damage|p2a: Tornadus|37\/100|[from] move: Magma Storm|[partiallytrapped]\n|upkeep\n|turn|36\n|\n|t:|1645871216\n|move|p1a: Roblox SFX OoOoF|Protect|p1a: Roblox SFX OoOoF\n|-singleturn|p1a: Roblox SFX OoOoF|Protect\n|move|p2a: Tornadus|Focus Blast|p1a: Roblox SFX OoOoF\n|-activate|p1a: Roblox SFX OoOoF|move: Protect\n|\n|-heal|p1a: Roblox SFX OoOoF|56\/100|[from] item: Leftovers\n|-damage|p2a: Tornadus|24\/100|[from] move: Magma Storm|[partiallytrapped]\n|upkeep\n|turn|37\n|\n|t:|1645871227\n|move|p2a: Tornadus|Focus Blast|p1a: Roblox SFX OoOoF\n|-supereffective|p1a: Roblox SFX OoOoF\n|-damage|p1a: Roblox SFX OoOoF|5\/100\n|move|p1a: Roblox SFX OoOoF|Magma Storm|p2a: Tornadus|[miss]\n|-miss|p1a: Roblox SFX OoOoF|p2a: Tornadus\n|\n|-heal|p1a: Roblox SFX OoOoF|11\/100|[from] item: Leftovers\n|-damage|p2a: Tornadus|12\/100|[from] move: Magma Storm|[partiallytrapped]\n|upkeep\n|turn|38\n|\n|t:|1645871236\n|move|p1a: Roblox SFX OoOoF|Protect|p1a: Roblox SFX OoOoF\n|-singleturn|p1a: Roblox SFX OoOoF|Protect\n|move|p2a: Tornadus|Focus Blast|p1a: Roblox SFX OoOoF\n|-activate|p1a: Roblox SFX OoOoF|move: Protect\n|\n|-heal|p1a: Roblox SFX OoOoF|17\/100|[from] item: Leftovers\n|-damage|p2a: Tornadus|0 fnt|[from] move: Magma Storm|[partiallytrapped]\n|faint|p2a: Tornadus\n|upkeep\n|\n|t:|1645871240\n|switch|p2a: Lopunny|Lopunny-Mega, M|100\/100\n|turn|39\n|\n|t:|1645871250\n|move|p1a: Roblox SFX OoOoF|Protect||[still]\n|-fail|p1a: Roblox SFX OoOoF\n|move|p2a: Lopunny|Return|p1a: Roblox SFX OoOoF\n|-resisted|p1a: Roblox SFX OoOoF\n|-damage|p1a: Roblox SFX OoOoF|0 fnt\n|faint|p1a: Roblox SFX OoOoF\n|\n|upkeep\n|\n|t:|1645871255\n|switch|p1a: Smecta \u00ae|Toxapex, M|81\/100\n|turn|40\n|\n|t:|1645871262\n|switch|p2a: Gliscor|Gliscor, M|100\/100 tox\n|move|p1a: Smecta \u00ae|Scald|p2a: Gliscor\n|-supereffective|p2a: Gliscor\n|-damage|p2a: Gliscor|68\/100 tox\n|\n|-heal|p2a: Gliscor|80\/100 tox|[from] ability: Poison Heal\n|upkeep\n|turn|41\n|\n|t:|1645871272\n|move|p2a: Gliscor|Stealth Rock|p1a: Smecta \u00ae\n|-sidestart|p1: Amelza|move: Stealth Rock\n|move|p1a: Smecta \u00ae|Toxic Spikes|p2a: Gliscor\n|-sidestart|p2: tanishq1|move: Toxic Spikes\n|\n|-heal|p2a: Gliscor|93\/100 tox|[from] ability: Poison Heal\n|upkeep\n|turn|42\n|l|\u2606tanishq1\n|inactive|tanishq1 disconnected and has a minute to reconnect!\n|player|p2|\n|j|\u2606tanishq1\n|inactive|tanishq1 reconnected and has 130 seconds left.\n|player|p2|tanishq1|266\n|\n|t:|1645871297\n|switch|p2a: Toxapex|Toxapex, F|100\/100\n|-sideend|p2: tanishq1|move: Toxic Spikes|[of] p2a: Toxapex\n|move|p1a: Smecta \u00ae|Recover|p1a: Smecta \u00ae\n|-heal|p1a: Smecta \u00ae|100\/100\n|\n|upkeep\n|turn|43\n|inactive|tanishq1 has 120 seconds left.\n|l|\u2606tanishq1\n|inactive|tanishq1 disconnected and has a minute to reconnect!\n|player|p2|\n|inactive|Amelza has 120 seconds left.\n|inactive|tanishq1 has 30 seconds to reconnect!\n|inactive|tanishq1 has 20 seconds to reconnect!\n|inactive|tanishq1 has 15 seconds to reconnect!\n|inactive|tanishq1 has 10 seconds to reconnect!\n|inactive|tanishq1 has 5 seconds to reconnect!\n|-message|tanishq1 lost due to inactivity.\n|\n|win|Amelza\n|raw|Amelza's rating: 1514 &rarr; <strong>1546<\/strong><br \/>(+32 for winning)\n|raw|tanishq1's rating: 1762 &rarr; <strong>1730<\/strong><br \/>(-32 for losing)\n|j|\u2606tanishq1\n|player|p2|tanishq1|266\n|l|\u2606tanishq1\n|player|p2|\n|l| Poke Blade XX\n","uploadtime":1645871410,"views":19,"p1id":"amelza","p2id":"tanishq1","formatid":"gen7ou","rating":1546,"private":0,"password":null}