{"id":"gen7ou-1395848414","p1":"Therockcena","p2":"RunicRose","format":"gen7ou","log":"|j|\u2606Therockcena\n|j|\u2606RunicRose\n|t:|1628866167\n|gametype|singles\n|player|p1|Therockcena|169|1410\n|player|p2|RunicRose|169|1419\n|teamsize|p1|6\n|teamsize|p2|6\n|gen|7\n|tier|[Gen 7] OU\n|rated|\n|rule|Sleep Clause Mod: Limit one foe put to sleep\n|rule|Species Clause: Limit one of each Pok\u00e9mon\n|rule|OHKO Clause: OHKO moves are banned\n|rule|Moody Clause: Moody is banned\n|rule|Evasion Moves Clause: Evasion moves are banned\n|rule|Endless Battle Clause: Forcing endless battles is banned\n|rule|HP Percentage Mod: HP is shown in percentages\n|clearpoke\n|poke|p1|Victini|item\n|poke|p1|Greninja, F|item\n|poke|p1|Landorus-Therian, M|item\n|poke|p1|Tapu Koko|item\n|poke|p1|Charizard, F|item\n|poke|p1|Tornadus-Therian, M|item\n|poke|p2|Chatot, F|item\n|poke|p2|Bisharp, F|item\n|poke|p2|Shaymin|item\n|poke|p2|Carracosta, F|item\n|poke|p2|Electivire, F|item\n|poke|p2|Diancie|item\n|teampreview\n|inactive|Battle timer is ON: inactive players will automatically lose when time's up. (requested by Therockcena)\n|\n|t:|1628866173\n|start\n|switch|p1a: Charizard|Charizard, F|100\/100\n|switch|p2a: Chatot|Chatot, F|100\/100\n|turn|1\n|\n|t:|1628866185\n|detailschange|p1a: Charizard|Charizard-Mega-Y, F\n|-mega|p1a: Charizard|Charizard|Charizardite Y\n|-weather|SunnyDay|[from] ability: Drought|[of] p1a: Charizard\n|move|p1a: Charizard|Flamethrower|p2a: Chatot\n|-enditem|p2a: Chatot|Focus Sash\n|-damage|p2a: Chatot|1\/100\n|move|p2a: Chatot|Boomburst|p1a: Charizard\n|-damage|p1a: Charizard|44\/100\n|\n|-weather|SunnyDay|[upkeep]\n|upkeep\n|turn|2\n|\n|t:|1628866193\n|move|p1a: Charizard|Flamethrower|p2a: Chatot\n|-damage|p2a: Chatot|0 fnt\n|faint|p2a: Chatot\n|\n|-weather|SunnyDay|[upkeep]\n|upkeep\n|\n|t:|1628866194\n|switch|p2a: Diancie|Diancie|100\/100\n|turn|3\n|\n|t:|1628866206\n|switch|p1a: Landorus|Landorus-Therian, M|100\/100\n|-ability|p1a: Landorus|Intimidate|boost\n|-fail|p2a: Diancie|unboost|[from] ability: Clear Body|[of] p2a: Diancie\n|detailschange|p2a: Diancie|Diancie-Mega\n|-mega|p2a: Diancie|Diancie|Diancite\n|move|p2a: Diancie|Power Gem|p1a: Landorus\n|-damage|p1a: Landorus|46\/100\n|\n|-weather|SunnyDay|[upkeep]\n|-heal|p1a: Landorus|52\/100|[from] item: Leftovers\n|upkeep\n|turn|4\n|\n|t:|1628866212\n|move|p2a: Diancie|Moonblast|p1a: Landorus\n|-damage|p1a: Landorus|0 fnt\n|faint|p1a: Landorus\n|\n|-weather|SunnyDay|[upkeep]\n|upkeep\n|\n|t:|1628866225\n|switch|p1a: Greninja|Greninja, F|100\/100\n|turn|5\n|\n|t:|1628866233\n|switch|p1a: Charizard|Charizard-Mega-Y, F|44\/100\n|move|p2a: Diancie|Moonblast|p1a: Charizard\n|-resisted|p1a: Charizard\n|-damage|p1a: Charizard|12\/100\n|\n|-weather|none\n|upkeep\n|turn|6\n|\n|t:|1628866237\n|move|p2a: Diancie|Moonblast|p1a: Charizard\n|-resisted|p1a: Charizard\n|-damage|p1a: Charizard|0 fnt\n|faint|p1a: Charizard\n|\n|upkeep\n|\n|t:|1628866239\n|switch|p1a: Greninja|Greninja, F|100\/100\n|turn|7\n|\n|t:|1628866242\n|switch|p2a: Shaymin|Shaymin|100\/100\n|move|p1a: Greninja|Surf|p2a: Shaymin\n|-start|p1a: Greninja|typechange|Water|[from] ability: Protean\n|-resisted|p2a: Shaymin\n|-damage|p2a: Shaymin|83\/100\n|\n|-heal|p2a: Shaymin|89\/100|[from] item: Leftovers\n|upkeep\n|turn|8\n|\n|t:|1628866244\n|move|p1a: Greninja|Gunk Shot|p2a: Shaymin\n|-start|p1a: Greninja|typechange|Poison|[from] ability: Protean\n|-supereffective|p2a: Shaymin\n|-damage|p2a: Shaymin|10\/100\n|-status|p2a: Shaymin|psn\n|move|p2a: Shaymin|Tailwind|p2a: Shaymin\n|-sidestart|p2: RunicRose|move: Tailwind\n|\n|-heal|p2a: Shaymin|16\/100 psn|[from] item: Leftovers\n|-damage|p2a: Shaymin|4\/100 psn|[from] psn\n|upkeep\n|turn|9\n|\n|t:|1628866254\n|switch|p1a: Tornadus|Tornadus-Therian, M|100\/100\n|move|p2a: Shaymin|Earth Power|p1a: Tornadus\n|-immune|p1a: Tornadus\n|\n|-heal|p2a: Shaymin|10\/100 psn|[from] item: Leftovers\n|-damage|p2a: Shaymin|0 fnt|[from] psn\n|faint|p2a: Shaymin\n|upkeep\n|\n|t:|1628866256\n|switch|p2a: Diancie|Diancie-Mega|100\/100\n|turn|10\n|\n|t:|1628866262\n|move|p2a: Diancie|Power Gem|p1a: Tornadus\n|-supereffective|p1a: Tornadus\n|-damage|p1a: Tornadus|0 fnt\n|faint|p1a: Tornadus\n|\n|upkeep\n|\n|t:|1628866265\n|switch|p1a: Greninja|Greninja, F|100\/100\n|turn|11\n|\n|t:|1628866268\n|switch|p1a: Tapu Koko|Tapu Koko|100\/100\n|-fieldstart|move: Electric Terrain|[from] ability: Electric Surge|[of] p1a: Tapu Koko\n|move|p2a: Diancie|Moonblast|p1a: Tapu Koko\n|-damage|p1a: Tapu Koko|10\/100\n|\n|-sideend|p2: RunicRose|move: Tailwind\n|upkeep\n|turn|12\n|\n|t:|1628866273\n|switch|p2a: Electivire|Electivire, F|100\/100\n|move|p1a: Tapu Koko|Thunderbolt|p2a: Electivire\n|-ability|p2a: Electivire|Motor Drive|boost\n|-boost|p2a: Electivire|spe|1\n|\n|upkeep\n|turn|13\n|\n|t:|1628866282\n|switch|p1a: Victini|Victini|100\/100\n|move|p2a: Electivire|Wild Charge|p1a: Victini\n|-damage|p1a: Victini|28\/100\n|-damage|p2a: Electivire|79\/100|[from] Recoil\n|\n|upkeep\n|turn|14\n|\n|t:|1628866288\n|move|p2a: Electivire|Wild Charge|p1a: Victini\n|-damage|p1a: Victini|0 fnt\n|faint|p1a: Victini\n|-damage|p2a: Electivire|71\/100|[from] Recoil\n|\n|upkeep\n|\n|t:|1628866298\n|switch|p1a: Greninja|Greninja, F|100\/100\n|turn|15\n|\n|t:|1628866302\n|move|p2a: Electivire|Wild Charge|p1a: Greninja\n|-supereffective|p1a: Greninja\n|-crit|p1a: Greninja\n|-damage|p1a: Greninja|0 fnt\n|faint|p1a: Greninja\n|-damage|p2a: Electivire|46\/100|[from] Recoil\n|\n|-fieldend|move: Electric Terrain\n|upkeep\n|\n|t:|1628866306\n|switch|p1a: Tapu Koko|Tapu Koko|10\/100\n|-fieldstart|move: Electric Terrain|[from] ability: Electric Surge|[of] p1a: Tapu Koko\n|turn|16\n|\n|t:|1628866309\n|move|p2a: Electivire|Wild Charge|p1a: Tapu Koko\n|-resisted|p1a: Tapu Koko\n|-damage|p1a: Tapu Koko|0 fnt\n|faint|p1a: Tapu Koko\n|-damage|p2a: Electivire|44\/100|[from] Recoil\n|\n|win|RunicRose\n|raw|Therockcena's rating: 1410 &rarr; <strong>1391<\/strong><br \/>(-19 for losing)\n|raw|RunicRose's rating: 1419 &rarr; <strong>1438<\/strong><br \/>(+19 for winning)\n||Ladder isn't responding, score probably updated but might not have (Request timeout).\n|l|\u2606RunicRose\n|l|\u2606Therockcena\n|j|\u2606RunicRose\n|player|p2|RunicRose|169\n","uploadtime":1628867577,"views":3,"p1id":"therockcena","p2id":"runicrose","formatid":"gen7ou","rating":1391,"private":0,"password":null}