{"id":"gen7ou-1706194569","p1":"Philein","p2":"CoconutCrabs","format":"gen7ou","log":"|j|\u2606Philein\n|j|\u2606CoconutCrabs\n|t:|1667956825\n|gametype|singles\n|player|p1|Philein|olivia|1585\n|player|p2|CoconutCrabs|ninjaboy|1599\n|teamsize|p1|6\n|teamsize|p2|6\n|gen|7\n|tier|[Gen 7] OU\n|rated|\n|rule|Sleep Clause Mod: Limit one foe put to sleep\n|rule|Species Clause: Limit one of each Pok\u00e9mon\n|rule|OHKO Clause: OHKO moves are banned\n|rule|Moody Clause: Moody is banned\n|rule|Evasion Items Clause: Evasion items are banned\n|rule|Evasion Moves Clause: Evasion moves are banned\n|rule|Endless Battle Clause: Forcing endless battles is banned\n|rule|HP Percentage Mod: HP is shown in percentages\n|clearpoke\n|poke|p1|Lopunny, M|item\n|poke|p1|Greninja, M|item\n|poke|p1|Victini|item\n|poke|p1|Landorus-Therian, M|item\n|poke|p1|Ferrothorn, M|item\n|poke|p1|Tapu Fini|item\n|poke|p2|Serperior, M|item\n|poke|p2|Tapu Fini|item\n|poke|p2|Scizor, M|item\n|poke|p2|Heatran, F|item\n|poke|p2|Landorus-Therian, M|item\n|poke|p2|Kyurem-Black|item\n|teampreview\n|inactive|Battle timer is ON: inactive players will automatically lose when time's up. (requested by CoconutCrabs)\n|inactive|CoconutCrabs has 120 seconds left.\n|\n|t:|1667956858\n|start\n|switch|p1a: Dimitri|Landorus-Therian, M|100\/100\n|switch|p2a: Landorus|Landorus-Therian, M|100\/100\n|-ability|p2a: Landorus|Intimidate|boost\n|-unboost|p1a: Dimitri|atk|1\n|-ability|p1a: Dimitri|Intimidate|boost\n|-unboost|p2a: Landorus|atk|1\n|turn|1\n|j| Iveel 21\/02\/14\n|\n|t:|1667956861\n|move|p2a: Landorus|Hidden Power|p1a: Dimitri\n|-supereffective|p1a: Dimitri\n|-damage|p1a: Dimitri|35\/100\n|move|p1a: Dimitri|U-turn|p2a: Landorus\n|-resisted|p2a: Landorus\n|-damage|p2a: Landorus|93\/100\n|\n|t:|1667956865\n|switch|p1a: Alexandre|Greninja, M|100\/100|[from]move: U-turn\n|\n|upkeep\n|turn|2\n|\n|t:|1667956868\n|switch|p2a: Tapu Fini|Tapu Fini|100\/100\n|-fieldstart|move: Misty Terrain|[from] ability: Misty Surge|[of] p2a: Tapu Fini\n|move|p1a: Alexandre|Gunk Shot|p2a: Tapu Fini|[miss]\n|-start|p1a: Alexandre|typechange|Poison|[from] ability: Protean\n|-miss|p1a: Alexandre|p2a: Tapu Fini\n|\n|upkeep\n|turn|3\n|\n|t:|1667956876\n|switch|p2a: Scizor|Scizor, M|100\/100\n|move|p1a: Alexandre|Toxic Spikes|p2a: Scizor\n|-sidestart|p2: CoconutCrabs|move: Toxic Spikes\n|\n|upkeep\n|turn|4\n|\n|t:|1667956882\n|switch|p1a: Dimitri|Landorus-Therian, M|35\/100\n|-ability|p1a: Dimitri|Intimidate|boost\n|-unboost|p2a: Scizor|atk|1\n|detailschange|p2a: Scizor|Scizor-Mega, M\n|-mega|p2a: Scizor|Scizor|Scizorite\n|move|p2a: Scizor|Knock Off|p1a: Dimitri\n|-damage|p1a: Dimitri|19\/100\n|-damage|p2a: Scizor|84\/100|[from] item: Rocky Helmet|[of] p1a: Dimitri\n|-enditem|p1a: Dimitri|Rocky Helmet|[from] move: Knock Off|[of] p2a: Scizor\n|\n|upkeep\n|turn|5\n|j| Nislas\n|\n|t:|1667956888\n|switch|p1a: Victor|Victini|100\/100\n|move|p2a: Scizor|Bullet Punch|p1a: Victor\n|-resisted|p1a: Victor\n|-damage|p1a: Victor|91\/100\n|\n|upkeep\n|turn|6\n|\n|t:|1667956894\n|switch|p2a: Heatran|Heatran, F|100\/100\n|move|p1a: Victor|U-turn|p2a: Heatran\n|-resisted|p2a: Heatran\n|-damage|p2a: Heatran|94\/100\n|\n|t:|1667956897\n|switch|p1a: . . .|Lopunny, M|100\/100|[from]move: U-turn\n|\n|-heal|p2a: Heatran|99\/100|[from] item: Leftovers\n|-fieldend|Misty Terrain\n|upkeep\n|turn|7\n|\n|t:|1667956900\n|switch|p2a: Landorus|Landorus-Therian, M|93\/100\n|-ability|p2a: Landorus|Intimidate|boost\n|-unboost|p1a: . . .|atk|1\n|detailschange|p1a: . . .|Lopunny-Mega, M\n|-mega|p1a: . . .|Lopunny|Lopunnite\n|move|p1a: . . .|High Jump Kick|p2a: Landorus\n|-resisted|p2a: Landorus\n|-damage|p2a: Landorus|71\/100\n|\n|upkeep\n|turn|8\n|\n|t:|1667956903\n|switch|p1a: Dimitri|Landorus-Therian, M|19\/100\n|-ability|p1a: Dimitri|Intimidate|boost\n|-unboost|p2a: Landorus|atk|1\n|move|p2a: Landorus|Defog|p1a: Dimitri\n|-unboost|p1a: Dimitri|evasion|1\n|-sideend|p2: CoconutCrabs|Toxic Spikes|[from] move: Defog|[of] p2a: Landorus\n|\n|upkeep\n|turn|9\n|\n|t:|1667956910\n|switch|p2a: Serperior|Serperior, M|100\/100\n|move|p1a: Dimitri|Stealth Rock|p2a: Serperior\n|-sidestart|p2: CoconutCrabs|move: Stealth Rock\n|\n|upkeep\n|turn|10\n|\n|t:|1667956915\n|switch|p1a: Victor|Victini|91\/100\n|move|p2a: Serperior|Substitute|p2a: Serperior\n|-start|p2a: Serperior|Substitute\n|-damage|p2a: Serperior|76\/100\n|\n|-heal|p2a: Serperior|82\/100|[from] item: Leftovers\n|upkeep\n|turn|11\n|\n|t:|1667956920\n|move|p2a: Serperior|Leaf Storm|p1a: Victor\n|-resisted|p1a: Victor\n|-damage|p1a: Victor|69\/100\n|-boost|p2a: Serperior|spa|2\n|move|p1a: Victor|U-turn|p2a: Serperior\n|-supereffective|p2a: Serperior\n|-end|p2a: Serperior|Substitute\n|\n|t:|1667956922\n|switch|p1a: Alexandre|Greninja, M|100\/100|[from]move: U-turn\n|\n|-heal|p2a: Serperior|88\/100|[from] item: Leftovers\n|upkeep\n|turn|12\n|l| Iveel 21\/02\/14\n|\n|t:|1667956927\n|switch|p2a: Scizor|Scizor-Mega, M|84\/100\n|-damage|p2a: Scizor|72\/100|[from] Stealth Rock\n|move|p1a: Alexandre|Ice Beam|p2a: Scizor\n|-start|p1a: Alexandre|typechange|Ice|[from] ability: Protean\n|-resisted|p2a: Scizor\n|-damage|p2a: Scizor|59\/100\n|\n|upkeep\n|turn|13\n|\n|t:|1667956931\n|switch|p1a: Nogaret|Ferrothorn, M|100\/100\n|move|p2a: Scizor|Bullet Punch|p1a: Nogaret\n|-resisted|p1a: Nogaret\n|-damage|p1a: Nogaret|92\/100\n|-damage|p2a: Scizor|46\/100|[from] ability: Iron Barbs|[of] p1a: Nogaret\n|\n|-heal|p1a: Nogaret|98\/100|[from] item: Leftovers\n|upkeep\n|turn|14\n|\n|t:|1667956935\n|move|p2a: Scizor|Knock Off|p1a: Nogaret\n|-damage|p1a: Nogaret|80\/100\n|-damage|p2a: Scizor|34\/100|[from] ability: Iron Barbs|[of] p1a: Nogaret\n|-enditem|p1a: Nogaret|Leftovers|[from] move: Knock Off|[of] p2a: Scizor\n|move|p1a: Nogaret|Thunder Wave|p2a: Scizor\n|-status|p2a: Scizor|par\n|\n|upkeep\n|turn|15\n|\n|t:|1667956938\n|move|p2a: Scizor|Roost|p2a: Scizor\n|-heal|p2a: Scizor|84\/100 par\n|-singleturn|p2a: Scizor|move: Roost\n|move|p1a: Nogaret|Spikes|p2a: Scizor\n|-sidestart|p2: CoconutCrabs|Spikes\n|\n|upkeep\n|turn|16\n|\n|t:|1667956943\n|switch|p2a: Heatran|Heatran, F|99\/100\n|-damage|p2a: Heatran|88\/100|[from] Stealth Rock\n|-damage|p2a: Heatran|75\/100|[from] Spikes\n|move|p1a: Nogaret|Leech Seed|p2a: Heatran|[miss]\n|-miss|p1a: Nogaret|p2a: Heatran\n|\n|-heal|p2a: Heatran|82\/100|[from] item: Leftovers\n|upkeep\n|turn|17\n|\n|t:|1667956946\n|switch|p1a: Thomas le p\u00eacheur|Tapu Fini|100\/100\n|-fieldstart|move: Misty Terrain|[from] ability: Misty Surge|[of] p1a: Thomas le p\u00eacheur\n|move|p2a: Heatran|Stealth Rock|p1a: Thomas le p\u00eacheur\n|-sidestart|p1: Philein|move: Stealth Rock\n|\n|-heal|p2a: Heatran|88\/100|[from] item: Leftovers\n|upkeep\n|turn|18\n|\n|t:|1667956951\n|switch|p2a: Scizor|Scizor-Mega, M|84\/100 par\n|-damage|p2a: Scizor|72\/100 par|[from] Stealth Rock\n|-damage|p2a: Scizor|60\/100 par|[from] Spikes\n|move|p1a: Thomas le p\u00eacheur|Moonblast|p2a: Scizor\n|-resisted|p2a: Scizor\n|-damage|p2a: Scizor|47\/100 par\n|\n|upkeep\n|turn|19\n|\n|t:|1667956954\n|switch|p2a: Serperior|Serperior, M|88\/100\n|-damage|p2a: Serperior|76\/100|[from] Stealth Rock\n|-damage|p2a: Serperior|63\/100|[from] Spikes\n|move|p1a: Thomas le p\u00eacheur|Taunt|p2a: Serperior\n|-start|p2a: Serperior|move: Taunt\n|\n|-heal|p2a: Serperior|69\/100|[from] item: Leftovers\n|upkeep\n|turn|20\n|\n|t:|1667956959\n|switch|p1a: Nogaret|Ferrothorn, M|80\/100\n|-damage|p1a: Nogaret|74\/100|[from] Stealth Rock\n|move|p2a: Serperior|Leaf Storm|p1a: Nogaret\n|-resisted|p1a: Nogaret\n|-damage|p1a: Nogaret|65\/100\n|-boost|p2a: Serperior|spa|2\n|\n|-heal|p2a: Serperior|76\/100|[from] item: Leftovers\n|upkeep\n|turn|21\n|\n|t:|1667956963\n|switch|p1a: Alexandre|Greninja, M|100\/100\n|-damage|p1a: Alexandre|88\/100|[from] Stealth Rock\n|move|p2a: Serperior|Hidden Power|p1a: Alexandre\n|-resisted|p1a: Alexandre\n|-damage|p1a: Alexandre|68\/100\n|\n|-heal|p2a: Serperior|82\/100|[from] item: Leftovers\n|-end|p2a: Serperior|move: Taunt\n|-fieldend|Misty Terrain\n|upkeep\n|turn|22\n|\n|t:|1667956973\n|switch|p2a: Scizor|Scizor-Mega, M|47\/100 par\n|-damage|p2a: Scizor|35\/100 par|[from] Stealth Rock\n|-damage|p2a: Scizor|23\/100 par|[from] Spikes\n|move|p1a: Alexandre|Gunk Shot|p2a: Scizor\n|-start|p1a: Alexandre|typechange|Poison|[from] ability: Protean\n|-immune|p2a: Scizor\n|\n|upkeep\n|turn|23\n|\n|t:|1667956976\n|-zpower|p1a: Alexandre\n|move|p1a: Alexandre|Tectonic Rage|p2a: Scizor|[zeffect]\n|-start|p1a: Alexandre|typechange|Ground|[from] ability: Protean\n|-damage|p2a: Scizor|0 fnt\n|faint|p2a: Scizor\n|\n|upkeep\n|\n|t:|1667956983\n|switch|p2a: Landorus|Landorus-Therian, M|71\/100\n|-damage|p2a: Landorus|59\/100|[from] Stealth Rock\n|-ability|p2a: Landorus|Intimidate|boost\n|-unboost|p1a: Alexandre|atk|1\n|turn|24\n|\n|t:|1667956986\n|switch|p1a: Dimitri|Landorus-Therian, M|19\/100\n|-damage|p1a: Dimitri|7\/100|[from] Stealth Rock\n|-ability|p1a: Dimitri|Intimidate|boost\n|-unboost|p2a: Landorus|atk|1\n|move|p2a: Landorus|Defog|p1a: Dimitri\n|-unboost|p1a: Dimitri|evasion|1\n|-sideend|p1: Philein|Stealth Rock|[from] move: Defog|[of] p2a: Landorus\n|-sideend|p2: CoconutCrabs|Spikes|[from] move: Defog|[of] p2a: Landorus\n|-sideend|p2: CoconutCrabs|Stealth Rock|[from] move: Defog|[of] p2a: Landorus\n|\n|upkeep\n|turn|25\n|\n|t:|1667956990\n|switch|p2a: Serperior|Serperior, M|82\/100\n|move|p1a: Dimitri|Stealth Rock|p2a: Serperior\n|-sidestart|p2: CoconutCrabs|move: Stealth Rock\n|\n|-heal|p2a: Serperior|88\/100|[from] item: Leftovers\n|upkeep\n|turn|26\n|\n|t:|1667956996\n|switch|p1a: Victor|Victini|69\/100\n|move|p2a: Serperior|Leaf Storm|p1a: Victor\n|-resisted|p1a: Victor\n|-damage|p1a: Victor|46\/100\n|-boost|p2a: Serperior|spa|2\n|\n|-heal|p2a: Serperior|94\/100|[from] item: Leftovers\n|upkeep\n|turn|27\n|\n|t:|1667956998\n|move|p2a: Serperior|Leaf Storm|p1a: Victor\n|-resisted|p1a: Victor\n|-damage|p1a: Victor|0 fnt\n|-boost|p2a: Serperior|spa|2\n|faint|p1a: Victor\n|\n|-heal|p2a: Serperior|100\/100|[from] item: Leftovers\n|upkeep\n|\n|t:|1667957001\n|switch|p1a: Alexandre|Greninja, M|68\/100\n|turn|28\n|\n|t:|1667957006\n|switch|p2a: Heatran|Heatran, F|88\/100\n|-damage|p2a: Heatran|75\/100|[from] Stealth Rock\n|move|p1a: Alexandre|Toxic Spikes|p2a: Heatran\n|-start|p1a: Alexandre|typechange|Poison|[from] ability: Protean\n|-sidestart|p2: CoconutCrabs|move: Toxic Spikes\n|\n|-heal|p2a: Heatran|82\/100|[from] item: Leftovers\n|upkeep\n|turn|29\n|\n|t:|1667957012\n|switch|p1a: Dimitri|Landorus-Therian, M|7\/100\n|-ability|p1a: Dimitri|Intimidate|boost\n|-unboost|p2a: Heatran|atk|1\n|move|p2a: Heatran|Stealth Rock|p1a: Dimitri\n|-sidestart|p1: Philein|move: Stealth Rock\n|\n|-heal|p2a: Heatran|88\/100|[from] item: Leftovers\n|upkeep\n|turn|30\n|\n|t:|1667957015\n|switch|p2a: Landorus|Landorus-Therian, M|59\/100\n|-damage|p2a: Landorus|46\/100|[from] Stealth Rock\n|-ability|p2a: Landorus|Intimidate|boost\n|-unboost|p1a: Dimitri|atk|1\n|move|p1a: Dimitri|U-turn|p2a: Landorus\n|-resisted|p2a: Landorus\n|-damage|p2a: Landorus|39\/100\n|\n|t:|1667957017\n|switch|p1a: . . .|Lopunny-Mega, M|100\/100|[from]move: U-turn\n|-damage|p1a: . . .|95\/100|[from] Stealth Rock\n|\n|upkeep\n|turn|31\n|\n|t:|1667957024\n|switch|p2a: Heatran|Heatran, F|88\/100\n|-damage|p2a: Heatran|75\/100|[from] Stealth Rock\n|move|p1a: . . .|Fake Out|p2a: Heatran\n|-resisted|p2a: Heatran\n|-damage|p2a: Heatran|66\/100\n|\n|-heal|p2a: Heatran|72\/100|[from] item: Leftovers\n|upkeep\n|turn|32\n|\n|t:|1667957031\n|move|p1a: . . .|High Jump Kick|p2a: Heatran\n|-supereffective|p2a: Heatran\n|-crit|p2a: Heatran\n|-damage|p2a: Heatran|0 fnt\n|faint|p2a: Heatran\n|\n|upkeep\n|\n|t:|1667957038\n|switch|p2a: Landorus|Landorus-Therian, M|39\/100\n|-damage|p2a: Landorus|27\/100|[from] Stealth Rock\n|-ability|p2a: Landorus|Intimidate|boost\n|-unboost|p1a: . . .|atk|1\n|turn|33\n|\n|t:|1667957043\n|switch|p1a: Dimitri|Landorus-Therian, M|7\/100\n|-damage|p1a: Dimitri|0 fnt|[from] Stealth Rock\n|faint|p1a: Dimitri\n|move|p2a: Landorus|Defog|p1: Dimitri|[notarget]\n|-fail|p2a: Landorus\n|\n|upkeep\n|\n|t:|1667957049\n|switch|p1a: . . .|Lopunny-Mega, M|95\/100\n|-damage|p1a: . . .|89\/100|[from] Stealth Rock\n|turn|34\n|\n|t:|1667957052\n|move|p1a: . . .|Fake Out|p2a: Landorus\n|-damage|p2a: Landorus|7\/100\n|cant|p2a: Landorus|flinch\n|\n|upkeep\n|turn|35\n|\n|t:|1667957055\n|move|p1a: . . .|Quick Attack|p2a: Landorus\n|-damage|p2a: Landorus|0 fnt\n|faint|p2a: Landorus\n|\n|upkeep\n|\n|t:|1667957057\n|switch|p2a: Tapu Fini|Tapu Fini|100\/100\n|-damage|p2a: Tapu Fini|88\/100|[from] Stealth Rock\n|-status|p2a: Tapu Fini|psn\n|-fieldstart|move: Misty Terrain|[from] ability: Misty Surge|[of] p2a: Tapu Fini\n|turn|36\n|\n|t:|1667957061\n|switch|p2a: Kyurem|Kyurem-Black|100\/100\n|-damage|p2a: Kyurem|76\/100|[from] Stealth Rock\n|-ability|p2a: Kyurem|Teravolt\n|move|p1a: . . .|Return|p2a: Kyurem\n|-damage|p2a: Kyurem|26\/100\n|\n|upkeep\n|turn|37\n|-message|CoconutCrabs forfeited.\n|\n|win|Philein\n|raw|Philein's rating: 1585 &rarr; <strong>1606<\/strong><br \/>(+21 for winning)\n|raw|CoconutCrabs's rating: 1599 &rarr; <strong>1578<\/strong><br \/>(-21 for losing)\n|l|\u2606CoconutCrabs\n||Ladder isn't responding, score probably updated but might not have (Request timeout).\n","uploadtime":1667957071,"views":5,"p1id":"philein","p2id":"coconutcrabs","formatid":"gen7ou","rating":1578,"private":0,"password":null}