{"id":"gen7ou-956878752","p1":"JoJo321","p2":"LT63RB robjr","format":"gen7ou","log":"|j|\u2606JoJo321\n|j|\u2606LT63RB robjr\n|player|p1|JoJo321|266|1925\n|player|p2|LT63RB robjr|266|1880\n|teamsize|p1|6\n|teamsize|p2|6\n|gametype|singles\n|gen|7\n|tier|[Gen 7] OU\n|rated|\n|rule|Sleep Clause Mod: Limit one foe put to sleep\n|rule|Species Clause: Limit one of each Pok\u00e9mon\n|rule|OHKO Clause: OHKO moves are banned\n|rule|Moody Clause: Moody is banned\n|rule|Evasion Moves Clause: Evasion moves are banned\n|rule|Endless Battle Clause: Forcing endless battles is banned\n|rule|HP Percentage Mod: HP is shown in percentages\n|clearpoke\n|poke|p1|Celesteela|item\n|poke|p1|Tapu Koko|item\n|poke|p1|Clefable, M|item\n|poke|p1|Tapu Lele|item\n|poke|p1|Hawlucha, M|item\n|poke|p1|Diancie|item\n|poke|p2|Landorus-Therian, M|item\n|poke|p2|Greninja, M|item\n|poke|p2|Lopunny, M|item\n|poke|p2|Heatran, M|item\n|poke|p2|Tapu Bulu|item\n|poke|p2|Kommo-o, M|item\n|teampreview\n|\n|start\n|switch|p1a: Diancie|Diancie|100\/100\n|switch|p2a: Landorus|Landorus-Therian, M|100\/100\n|-ability|p2a: Landorus|Intimidate|boost\n|-fail|p1a: Diancie|unboost|[from] ability: Clear Body|[of] p1a: Diancie\n|turn|1\n|\n|move|p2a: Landorus|Swords Dance|p2a: Landorus\n|-boost|p2a: Landorus|atk|2\n|move|p1a: Diancie|Stealth Rock|p2a: Landorus\n|-sidestart|p2: LT63RB robjr|move: Stealth Rock\n|\n|upkeep\n|turn|2\n|\n|detailschange|p1a: Diancie|Diancie-Mega\n|-mega|p1a: Diancie|Diancie|Diancite\n|move|p1a: Diancie|Substitute|p1a: Diancie\n|-start|p1a: Diancie|Substitute\n|-damage|p1a: Diancie|76\/100\n|move|p2a: Landorus|Earthquake|p1a: Diancie\n|-supereffective|p1a: Diancie\n|-end|p1a: Diancie|Substitute\n|\n|upkeep\n|turn|3\n|\n|move|p1a: Diancie|Substitute|p1a: Diancie\n|-start|p1a: Diancie|Substitute\n|-damage|p1a: Diancie|51\/100\n|move|p2a: Landorus|Earthquake|p1a: Diancie\n|-supereffective|p1a: Diancie\n|-end|p1a: Diancie|Substitute\n|\n|upkeep\n|turn|4\n|\n|move|p1a: Diancie|Substitute|p1a: Diancie\n|-start|p1a: Diancie|Substitute\n|-damage|p1a: Diancie|26\/100\n|move|p2a: Landorus|Earthquake|p1a: Diancie\n|-supereffective|p1a: Diancie\n|-end|p1a: Diancie|Substitute\n|\n|upkeep\n|turn|5\n|\n|move|p1a: Diancie|Substitute|p1a: Diancie\n|-start|p1a: Diancie|Substitute\n|-damage|p1a: Diancie|1\/100\n|move|p2a: Landorus|Earthquake|p1a: Diancie\n|-supereffective|p1a: Diancie\n|-end|p1a: Diancie|Substitute\n|\n|upkeep\n|turn|6\n|j| Dra15\n|\n|move|p1a: Diancie|Endeavor|p2a: Landorus\n|-damage|p2a: Landorus|1\/100\n|move|p2a: Landorus|Earthquake|p1a: Diancie\n|-supereffective|p1a: Diancie\n|-damage|p1a: Diancie|0 fnt\n|faint|p1a: Diancie\n|\n|upkeep\n|\n|switch|p1a: Tapu Koko|Tapu Koko|100\/100\n|-fieldstart|move: Electric Terrain|[from] ability: Electric Surge|[of] p1a: Tapu Koko\n|turn|7\n|\n|switch|p2a: Heatran|Heatran, M|100\/100\n|-damage|p2a: Heatran|88\/100|[from] Stealth Rock\n|move|p1a: Tapu Koko|U-turn|p2a: Heatran\n|-resisted|p2a: Heatran\n|-damage|p2a: Heatran|85\/100\n|\n|switch|p1a: Tapu Lele|Tapu Lele|100\/100|[from]move: U-turn\n|-fieldstart|move: Psychic Terrain|[from] ability: Psychic Surge|[of] p1a: Tapu Lele\n|\n|-heal|p2a: Heatran|91\/100|[from] item: Leftovers\n|upkeep\n|turn|8\n|\n|move|p1a: Tapu Lele|Focus Blast|p2a: Heatran|[miss]\n|-miss|p1a: Tapu Lele|p2a: Heatran\n|move|p2a: Heatran|Toxic|p1a: Tapu Lele|[miss]\n|-miss|p2a: Heatran|p1a: Tapu Lele\n|\n|-heal|p2a: Heatran|97\/100|[from] item: Leftovers\n|upkeep\n|turn|9\n|j| Sayuze\n|\n|move|p1a: Tapu Lele|Focus Blast|p2a: Heatran\n|-supereffective|p2a: Heatran\n|-crit|p2a: Heatran\n|-damage|p2a: Heatran|0 fnt\n|faint|p2a: Heatran\n|\n|upkeep\n|\n|switch|p2a: Tapu Bulu|Tapu Bulu|100\/100\n|-damage|p2a: Tapu Bulu|88\/100|[from] Stealth Rock\n|-fieldstart|move: Grassy Terrain|[from] ability: Grassy Surge|[of] p2a: Tapu Bulu\n|turn|10\n|\n|switch|p1a: Celesteela|Celesteela|100\/100\n|move|p2a: Tapu Bulu|Stone Edge|p1a: Celesteela\n|-damage|p1a: Celesteela|43\/100\n|\n|-heal|p2a: Tapu Bulu|94\/100|[from] Grassy Terrain\n|upkeep\n|turn|11\n|\n|move|p2a: Tapu Bulu|Stone Edge|p1a: Celesteela|[miss]\n|-miss|p2a: Tapu Bulu|p1a: Celesteela\n|move|p1a: Celesteela|Heavy Slam|p2a: Tapu Bulu\n|-supereffective|p2a: Tapu Bulu\n|-damage|p2a: Tapu Bulu|0 fnt\n|faint|p2a: Tapu Bulu\n|-ability|p1a: Celesteela|Beast Boost|boost\n|-boost|p1a: Celesteela|atk|1\n|\n|upkeep\n|\n|switch|p2a: Greninja|Greninja, M|100\/100\n|-damage|p2a: Greninja|88\/100|[from] Stealth Rock\n|turn|12\n|\n|move|p2a: Greninja|Surf|p1a: Celesteela\n|-damage|p1a: Celesteela|0 fnt\n|faint|p1a: Celesteela\n|-activate|p2a: Greninja|ability: Battle Bond\n|detailschange|p2a: Greninja|Greninja-Ash, M\n|\n|-heal|p2a: Greninja|94\/100|[from] Grassy Terrain\n|upkeep\n|\n|switch|p1a: Tapu Lele|Tapu Lele|100\/100\n|-fieldstart|move: Psychic Terrain|[from] ability: Psychic Surge|[of] p1a: Tapu Lele\n|turn|13\n|\n|move|p2a: Greninja|Surf|p1a: Tapu Lele\n|-damage|p1a: Tapu Lele|12\/100\n|move|p1a: Tapu Lele|Moonblast|p2a: Greninja\n|-supereffective|p2a: Greninja\n|-crit|p2a: Greninja\n|-damage|p2a: Greninja|0 fnt\n|faint|p2a: Greninja\n|\n|upkeep\n|\n|switch|p2a: Lopunny|Lopunny, M|100\/100\n|-damage|p2a: Lopunny|88\/100|[from] Stealth Rock\n|turn|14\n|-message|LT63RB robjr forfeited.\n|\n|win|JoJo321\n|l|\u2606JoJo321\n|raw|JoJo321's rating: 1925 &rarr; <strong>1943<\/strong><br \/>(+18 for winning)\n|raw|LT63RB robjr's rating: 1880 &rarr; <strong>1862<\/strong><br \/>(-18 for losing)\n|l|\u2606LT63RB robjr\n|l| Dra15\n","uploadtime":1565210204,"views":39,"p1id":"jojo321","p2id":"lt63rbrobjr","formatid":"gen7ou","rating":1862,"private":0,"password":null}