{"id":"gen7ou-944156891","p1":"Flashybee","p2":"Drazytox","format":"gen7ou","log":"|j|\u2606Flashybee\n|j|\u2606Drazytox\n|player|p1|Flashybee|70|\n|player|p2|Drazytox|274|\n|teamsize|p1|6\n|teamsize|p2|6\n|gametype|singles\n|gen|7\n|tier|[Gen 7] OU\n|rated|\n|rule|Sleep Clause Mod: Limit one foe put to sleep\n|rule|Species Clause: Limit one of each Pok\u00e9mon\n|rule|OHKO Clause: OHKO moves are banned\n|rule|Moody Clause: Moody is banned\n|rule|Evasion Moves Clause: Evasion moves are banned\n|rule|Endless Battle Clause: Forcing endless battles is banned\n|rule|HP Percentage Mod: HP is shown in percentages\n|clearpoke\n|poke|p1|Blastoise, M|item\n|poke|p1|Dragonite, F|item\n|poke|p1|Metagross|item\n|poke|p1|Garchomp, M|item\n|poke|p1|Volcarona, M|item\n|poke|p1|Gardevoir, F|item\n|poke|p2|Crobat, M|item\n|poke|p2|Kartana|item\n|poke|p2|Clefable, M|item\n|poke|p2|Ferrothorn, F|item\n|poke|p2|Mantine, F|item\n|poke|p2|Xurkitree|item\n|teampreview\n|inactive|Battle timer is ON: inactive players will automatically lose when time's up. (requested by Drazytox)\n|\n|start\n|switch|p1a: Alder|Volcarona, M|100\/100\n|switch|p2a: Cancer|Clefable, M|100\/100\n|turn|1\n|\n|switch|p2a: Mantine|Mantine, F, shiny|100\/100\n|move|p1a: Alder|Substitute|p1a: Alder\n|-start|p1a: Alder|Substitute\n|-damage|p1a: Alder|75\/100\n|\n|upkeep\n|turn|2\n|inactive|Flashybee has 120 seconds left.\n|\n|move|p1a: Alder|Bug Buzz|p2a: Mantine\n|-resisted|p2a: Mantine\n|-damage|p2a: Mantine|87\/100\n|move|p2a: Mantine|Scald|p1a: Alder\n|-supereffective|p1a: Alder\n|-end|p1a: Alder|Substitute\n|\n|-heal|p2a: Mantine|93\/100|[from] item: Leftovers\n|upkeep\n|turn|3\n|inactive|Flashybee has 120 seconds left.\n|\n|switch|p1a: Steven|Metagross|100\/100\n|move|p2a: Mantine|Scald|p1a: Steven\n|-damage|p1a: Steven|72\/100\n|-status|p1a: Steven|brn\n|\n|-heal|p1a: Steven|79\/100 brn|[from] item: Leftovers\n|-heal|p2a: Mantine|99\/100|[from] item: Leftovers\n|-damage|p1a: Steven|72\/100 brn|[from] brn\n|upkeep\n|turn|4\n|inactive|Drazytox has 120 seconds left.\n|inactive|Drazytox has 90 seconds left.\n|\n|switch|p2a: Ferrothorn|Ferrothorn, F|100\/100\n|move|p1a: Steven|Stealth Rock|p2a: Ferrothorn\n|-sidestart|p2: Drazytox|move: Stealth Rock\n|\n|-heal|p1a: Steven|79\/100 brn|[from] item: Leftovers\n|-damage|p1a: Steven|72\/100 brn|[from] brn\n|upkeep\n|turn|5\n|inactive|Flashybee has 120 seconds left.\n|\n|switch|p1a: Alder|Volcarona, M|75\/100\n|move|p2a: Ferrothorn|Spikes|p1a: Alder\n|-sidestart|p1: Flashybee|Spikes\n|\n|upkeep\n|turn|6\n|\n|switch|p1a: Diantha|Gardevoir, F|100\/100\n|-damage|p1a: Diantha|88\/100|[from] Spikes\n|-ability|p1a: Diantha|Iron Barbs|[from] ability: Trace|[of] p2a: Ferrothorn\n|switch|p2a: Mantine|Mantine, F, shiny|99\/100\n|-damage|p2a: Mantine|74\/100|[from] Stealth Rock\n|\n|-heal|p2a: Mantine|81\/100|[from] item: Leftovers\n|upkeep\n|turn|7\n|inactive|Flashybee has 90 seconds left.\n|\n|switch|p2a: Ferrothorn|Ferrothorn, F|100\/100\n|-damage|p2a: Ferrothorn|94\/100|[from] Stealth Rock\n|detailschange|p1a: Diantha|Gardevoir-Mega, F\n|-mega|p1a: Diantha|Gardevoir|Gardevoirite\n|move|p1a: Diantha|Taunt|p2a: Ferrothorn\n|-start|p2a: Ferrothorn|move: Taunt\n|\n|-heal|p2a: Ferrothorn|100\/100|[from] item: Leftovers\n|upkeep\n|turn|8\n|inactive|Flashybee has 90 seconds left.\n|\n|switch|p1a: Cynthia|Garchomp, M|100\/100\n|-damage|p1a: Cynthia|88\/100|[from] Spikes\n|move|p2a: Ferrothorn|Gyro Ball|p1a: Cynthia\n|-damage|p1a: Cynthia|42\/100\n|-damage|p2a: Ferrothorn|88\/100|[from] ability: Rough Skin|[of] p1a: Cynthia\n|-enditem|p1a: Cynthia|Sitrus Berry|[eat]\n|-heal|p1a: Cynthia|66\/100|[from] item: Sitrus Berry\n|\n|-heal|p2a: Ferrothorn|94\/100|[from] item: Leftovers\n|upkeep\n|turn|9\n|c|\u2606Drazytox|mono champion damn looks cool\n|inactive|Drazytox has 90 seconds left.\n|\n|switch|p2a: Cancer|Clefable, M|100\/100\n|-damage|p2a: Cancer|88\/100|[from] Stealth Rock\n|move|p1a: Cynthia|Swords Dance|p1a: Cynthia\n|-boost|p1a: Cynthia|atk|2\n|\n|-heal|p2a: Cancer|94\/100|[from] item: Leftovers\n|upkeep\n|turn|10\n|c|\u2606Flashybee|ikr\n|inactive|Flashybee has 90 seconds left.\n|\n|move|p1a: Cynthia|Poison Jab|p2a: Cancer\n|-supereffective|p2a: Cancer\n|-damage|p2a: Cancer|56\/100\n|move|p2a: Cancer|Stealth Rock|p1a: Cynthia\n|-sidestart|p1: Flashybee|move: Stealth Rock\n|\n|-heal|p2a: Cancer|62\/100|[from] item: Leftovers\n|upkeep\n|turn|11\n|inactive|Flashybee has 90 seconds left.\n|\n|switch|p1a: Blastoise|Blastoise, M|100\/100\n|-damage|p1a: Blastoise|88\/100|[from] Stealth Rock\n|-damage|p1a: Blastoise|76\/100|[from] Spikes\n|move|p2a: Cancer|Protect||[still]\n|-fail|p2a: Cancer\n|\n|-heal|p2a: Cancer|68\/100|[from] item: Leftovers\n|upkeep\n|turn|12\n|inactive|Drazytox has 90 seconds left.\n|\n|switch|p2a: Ferrothorn|Ferrothorn, F|94\/100\n|-damage|p2a: Ferrothorn|88\/100|[from] Stealth Rock\n|move|p1a: Blastoise|Rapid Spin|p2a: Ferrothorn\n|-resisted|p2a: Ferrothorn\n|-damage|p2a: Ferrothorn|86\/100\n|-damage|p1a: Blastoise|63\/100|[from] ability: Iron Barbs|[of] p2a: Ferrothorn\n|-sideend|p1: Flashybee|Spikes|[from] move: Rapid Spin|[of] p1a: Blastoise\n|-sideend|p1: Flashybee|Stealth Rock|[from] move: Rapid Spin|[of] p1a: Blastoise\n|\n|-heal|p2a: Ferrothorn|93\/100|[from] item: Leftovers\n|upkeep\n|turn|13\n|inactive|Drazytox has 90 seconds left.\n|inactive|Flashybee has 90 seconds left.\n|\n|switch|p1a: Alder|Volcarona, M|75\/100\n|move|p2a: Ferrothorn|Leech Seed|p1a: Alder\n|-start|p1a: Alder|move: Leech Seed\n|\n|-heal|p2a: Ferrothorn|99\/100|[from] item: Leftovers\n|-damage|p1a: Alder|63\/100|[from] Leech Seed|[of] p2a: Ferrothorn\n|-heal|p2a: Ferrothorn|100\/100|[silent]\n|upkeep\n|turn|14\n|inactive|Flashybee has 90 seconds left.\n|\n|switch|p2a: Mantine|Mantine, F, shiny|81\/100\n|-damage|p2a: Mantine|56\/100|[from] Stealth Rock\n|move|p1a: Alder|Fiery Dance|p2a: Mantine\n|-resisted|p2a: Mantine\n|-damage|p2a: Mantine|44\/100\n|-boost|p1a: Alder|spa|1\n|\n|-heal|p2a: Mantine|50\/100|[from] item: Leftovers\n|-damage|p1a: Alder|50\/100|[from] Leech Seed|[of] p2a: Mantine\n|-heal|p2a: Mantine|60\/100|[silent]\n|upkeep\n|turn|15\n|inactive|Flashybee has 90 seconds left.\n|inactive|Drazytox has 90 seconds left.\n|\n|switch|p1a: Lance|Dragonite, F|100\/100\n|move|p2a: Mantine|Defog|p1a: Lance\n|-unboost|p1a: Lance|evasion|1\n|-sideend|p2: Drazytox|Stealth Rock|[from] move: Defog|[of] p2a: Mantine\n|\n|-heal|p2a: Mantine|66\/100|[from] item: Leftovers\n|upkeep\n|turn|16\n|inactive|Flashybee has 90 seconds left.\n|\n|switch|p2a: Cancer|Clefable, M|68\/100\n|move|p1a: Lance|Dragon Dance|p1a: Lance\n|-boost|p1a: Lance|atk|1\n|-boost|p1a: Lance|spe|1\n|\n|-heal|p2a: Cancer|74\/100|[from] item: Leftovers\n|upkeep\n|turn|17\n|inactive|Flashybee has 90 seconds left.\n|\n|move|p2a: Cancer|Protect|p2a: Cancer\n|-singleturn|p2a: Cancer|Protect\n|move|p1a: Lance|Dragon Dance|p1a: Lance\n|-boost|p1a: Lance|atk|1\n|-boost|p1a: Lance|spe|1\n|\n|-heal|p2a: Cancer|80\/100|[from] item: Leftovers\n|upkeep\n|turn|18\n|\n|-zpower|p1a: Lance\n|move|p1a: Lance|Supersonic Skystrike|p2a: Cancer|[zeffect]\n|-damage|p2a: Cancer|13\/100\n|move|p2a: Cancer|Wish|p2a: Cancer\n|\n|-heal|p2a: Cancer|19\/100|[from] item: Leftovers\n|upkeep\n|turn|19\n|inactive|Flashybee has 90 seconds left.\n|inactive|Drazytox has 90 seconds left.\n|c|\u2606Flashybee|Unaware too fat\n|c|\u2606Drazytox|yep xD\n|\n|move|p2a: Cancer|Protect|p2a: Cancer\n|-singleturn|p2a: Cancer|Protect\n|move|p1a: Lance|Dragon Dance|p1a: Lance\n|-boost|p1a: Lance|atk|1\n|-boost|p1a: Lance|spe|1\n|\n|-heal|p2a: Cancer|69\/100|[from] move: Wish|[wisher] Cancer\n|-heal|p2a: Cancer|75\/100|[from] item: Leftovers\n|upkeep\n|turn|20\n|\n|move|p1a: Lance|Earthquake|p2a: Cancer\n|-damage|p2a: Cancer|49\/100\n|move|p2a: Cancer|Wish|p2a: Cancer\n|\n|-heal|p2a: Cancer|56\/100|[from] item: Leftovers\n|upkeep\n|turn|21\n|inactive|Flashybee has 90 seconds left.\n|\n|move|p1a: Lance|Earthquake|p2a: Cancer\n|-damage|p2a: Cancer|26\/100\n|move|p2a: Cancer|Stealth Rock|p1a: Lance\n|-sidestart|p1: Flashybee|move: Stealth Rock\n|\n|-heal|p2a: Cancer|76\/100|[from] move: Wish|[wisher] Cancer\n|-heal|p2a: Cancer|82\/100|[from] item: Leftovers\n|upkeep\n|turn|22\n|inactive|Flashybee has 90 seconds left.\n|\n|move|p1a: Lance|Earthquake|p2a: Cancer\n|-damage|p2a: Cancer|55\/100\n|move|p2a: Cancer|Moonblast|p1a: Lance\n|-supereffective|p1a: Lance\n|-damage|p1a: Lance|67\/100\n|\n|-heal|p2a: Cancer|61\/100|[from] item: Leftovers\n|upkeep\n|turn|23\n|inactive|Flashybee has 90 seconds left.\n|\n|switch|p1a: Steven|Metagross|72\/100 brn\n|-damage|p1a: Steven|66\/100 brn|[from] Stealth Rock\n|move|p2a: Cancer|Protect||[still]\n|-fail|p2a: Cancer\n|\n|-heal|p1a: Steven|72\/100 brn|[from] item: Leftovers\n|-heal|p2a: Cancer|67\/100|[from] item: Leftovers\n|-damage|p1a: Steven|66\/100 brn|[from] brn\n|upkeep\n|turn|24\n|\n|switch|p2a: Xurkitree|Xurkitree|100\/100\n|move|p1a: Steven|Stealth Rock|p2a: Xurkitree\n|-sidestart|p2: Drazytox|move: Stealth Rock\n|\n|-heal|p1a: Steven|72\/100 brn|[from] item: Leftovers\n|-damage|p1a: Steven|66\/100 brn|[from] brn\n|upkeep\n|turn|25\n|\n|move|p2a: Xurkitree|Hidden Power|p1a: Steven\n|-resisted|p1a: Steven\n|-damage|p1a: Steven|52\/100 brn\n|move|p1a: Steven|Earthquake|p2a: Xurkitree\n|-supereffective|p2a: Xurkitree\n|-damage|p2a: Xurkitree|58\/100\n|\n|-heal|p1a: Steven|58\/100 brn|[from] item: Leftovers\n|-damage|p1a: Steven|52\/100 brn|[from] brn\n|upkeep\n|turn|26\n|\n|switch|p2a: Mantine|Mantine, F, shiny|66\/100\n|-damage|p2a: Mantine|42\/100|[from] Stealth Rock\n|switch|p1a: Cynthia|Garchomp, M|66\/100\n|-damage|p1a: Cynthia|60\/100|[from] Stealth Rock\n|\n|-heal|p2a: Mantine|48\/100|[from] item: Leftovers\n|upkeep\n|turn|27\n|\n|move|p1a: Cynthia|Swords Dance|p1a: Cynthia\n|-boost|p1a: Cynthia|atk|2\n|move|p2a: Mantine|Scald|p1a: Cynthia\n|-damage|p1a: Cynthia|35\/100\n|\n|-heal|p2a: Mantine|54\/100|[from] item: Leftovers\n|upkeep\n|turn|28\n|inactive|Drazytox has 120 seconds left.\n|\n|move|p1a: Cynthia|Poison Jab|p2a: Mantine\n|-damage|p2a: Mantine|0 fnt\n|faint|p2a: Mantine\n|\n|upkeep\n|\n|switch|p2a: Kartana|Kartana|100\/100\n|-damage|p2a: Kartana|94\/100|[from] Stealth Rock\n|turn|29\n|inactive|Flashybee has 120 seconds left.\n|\n|switch|p1a: Steven|Metagross|52\/100 brn\n|-damage|p1a: Steven|46\/100 brn|[from] Stealth Rock\n|move|p2a: Kartana|Leaf Blade|p1a: Steven\n|-resisted|p1a: Steven\n|-damage|p1a: Steven|26\/100 brn\n|\n|-heal|p1a: Steven|32\/100 brn|[from] item: Leftovers\n|-damage|p1a: Steven|26\/100 brn|[from] brn\n|upkeep\n|turn|30\n|inactive|Flashybee has 120 seconds left.\n|\n|-zpower|p2a: Kartana\n|move|p2a: Kartana|All-Out Pummeling|p1a: Steven|[zeffect]\n|-damage|p1a: Steven|0 fnt\n|faint|p1a: Steven\n|-ability|p2a: Kartana|Beast Boost|boost\n|-boost|p2a: Kartana|atk|1\n|\n|upkeep\n|inactive|Flashybee has 120 seconds left.\n|\n|switch|p1a: Lance|Dragonite, F|67\/100\n|-damage|p1a: Lance|42\/100|[from] Stealth Rock\n|turn|31\n|inactive|Flashybee has 120 seconds left.\n|\n|move|p2a: Kartana|Smart Strike|p1a: Lance\n|-damage|p1a: Lance|0 fnt\n|faint|p1a: Lance\n|-ability|p2a: Kartana|Beast Boost|boost\n|-boost|p2a: Kartana|atk|1\n|\n|upkeep\n|c|\u2606Flashybee|gg\n|inactive|Flashybee has 120 seconds left.\n|-message|Flashybee forfeited.\n|\n|win|Drazytox\n|l|\u2606Flashybee\n|c|\u2606Drazytox|depends on your volc XD\n|c|\u2606Drazytox|ah nvm\n|raw|Flashybee's rating: 1599 &rarr; <strong>1576<\/strong><br \/>(-23 for losing)\n|raw|Drazytox's rating: 1544 &rarr; <strong>1568<\/strong><br \/>(+24 for winning)\n","uploadtime":1563028700,"views":5,"p1id":"flashybee","p2id":"drazytox","formatid":"gen7ou","rating":1568,"private":0,"password":null}