{"id":"gen7ou-938405966","p1":"NAFLD","p2":"Teastykule","format":"gen7ou","log":"|j|\u2606NAFLD\n|j|\u2606Teastykule\n|player|p1|NAFLD|266\n|player|p2|Teastykule|2\n|teamsize|p1|6\n|teamsize|p2|6\n|gametype|singles\n|gen|7\n|tier|[Gen 7] OU\n|rated|\n|rule|Sleep Clause Mod: Limit one foe put to sleep\n|rule|Species Clause: Limit one of each Pok\u00e9mon\n|rule|OHKO Clause: OHKO moves are banned\n|rule|Moody Clause: Moody is banned\n|rule|Evasion Moves Clause: Evasion moves are banned\n|rule|Endless Battle Clause: Forcing endless battles is banned\n|rule|HP Percentage Mod: HP is shown in percentages\n|clearpoke\n|poke|p1|Greninja, M|item\n|poke|p1|Pelipper, M|item\n|poke|p1|Swampert, M|item\n|poke|p1|Tornadus-Therian, M|item\n|poke|p1|Manaphy|item\n|poke|p1|Ferrothorn, M|item\n|poke|p2|Lopunny, F|item\n|poke|p2|Azumarill, F|item\n|poke|p2|Excadrill, F|item\n|poke|p2|Ribombee, F|item\n|poke|p2|Tapu Koko|item\n|poke|p2|Heatran, F|item\n|teampreview\n|inactive|Battle timer is ON: inactive players will automatically lose when time's up. (requested by Teastykule)\n|\n|start\n|switch|p1a: Ferrothorn|Ferrothorn, M|100\/100\n|switch|p2a: Ribombee|Ribombee, F|100\/100\n|turn|1\n|\n|move|p2a: Ribombee|Sticky Web|p1a: Ferrothorn\n|-sidestart|p1: NAFLD|move: Sticky Web\n|move|p1a: Ferrothorn|Stealth Rock|p2a: Ribombee\n|-sidestart|p2: Teastykule|move: Stealth Rock\n|\n|upkeep\n|turn|2\n|\n|move|p2a: Ribombee|Hidden Power|p1a: Ferrothorn\n|-supereffective|p1a: Ferrothorn\n|-damage|p1a: Ferrothorn|51\/100\n|move|p1a: Ferrothorn|Spikes|p2a: Ribombee\n|-sidestart|p2: Teastykule|Spikes\n|\n|upkeep\n|turn|3\n|\n|switch|p1a: Tornadus|Tornadus-Therian, M|100\/100\n|move|p2a: Ribombee|Hidden Power|p1a: Tornadus\n|-damage|p1a: Tornadus|88\/100\n|\n|upkeep\n|turn|4\n|\n|switch|p1a: Pelipper|Pelipper, M|100\/100\n|-weather|RainDance|[from] ability: Drizzle|[of] p1a: Pelipper\n|move|p2a: Ribombee|Stun Spore|p1a: Pelipper\n|-status|p1a: Pelipper|par\n|\n|-weather|RainDance|[upkeep]\n|upkeep\n|turn|5\n|\n|move|p2a: Ribombee|Dazzling Gleam|p1a: Pelipper\n|-damage|p1a: Pelipper|67\/100 par\n|cant|p1a: Pelipper|par\n|\n|-weather|RainDance|[upkeep]\n|upkeep\n|turn|6\n|\n|move|p2a: Ribombee|Dazzling Gleam|p1a: Pelipper\n|-damage|p1a: Pelipper|27\/100 par\n|move|p1a: Pelipper|Hurricane|p2a: Ribombee\n|-supereffective|p2a: Ribombee\n|-crit|p2a: Ribombee\n|-enditem|p2a: Ribombee|Focus Sash\n|-damage|p2a: Ribombee|1\/100\n|-start|p2a: Ribombee|confusion\n|\n|-weather|RainDance|[upkeep]\n|upkeep\n|turn|7\n|\n|switch|p1a: Tornadus|Tornadus-Therian, M|100\/100\n|-activate|p2a: Ribombee|confusion\n|move|p2a: Ribombee|Dazzling Gleam|p1a: Tornadus\n|-damage|p1a: Tornadus|73\/100\n|\n|-weather|RainDance|[upkeep]\n|upkeep\n|turn|8\n|\n|-end|p2a: Ribombee|confusion\n|move|p2a: Ribombee|Stun Spore|p1a: Tornadus\n|-status|p1a: Tornadus|par\n|move|p1a: Tornadus|Hurricane|p2a: Ribombee\n|-supereffective|p2a: Ribombee\n|-damage|p2a: Ribombee|0 fnt\n|faint|p2a: Ribombee\n|\n|-weather|RainDance|[upkeep]\n|upkeep\n|\n|switch|p2a: Excadrill|Excadrill, F|100\/100\n|-damage|p2a: Excadrill|88\/100|[from] Spikes\n|-damage|p2a: Excadrill|85\/100|[from] Stealth Rock\n|-ability|p2a: Excadrill|Mold Breaker\n|turn|9\n|\n|switch|p1a: Ferrothorn|Ferrothorn, M|51\/100\n|-activate|p1a: Ferrothorn|move: Sticky Web\n|-unboost|p1a: Ferrothorn|spe|1\n|move|p2a: Excadrill|Rapid Spin|p1a: Ferrothorn\n|-resisted|p1a: Ferrothorn\n|-damage|p1a: Ferrothorn|49\/100\n|-damage|p2a: Excadrill|73\/100|[from] ability: Iron Barbs|[of] p1a: Ferrothorn\n|-sideend|p2: Teastykule|Spikes|[from] move: Rapid Spin|[of] p2a: Excadrill\n|-sideend|p2: Teastykule|Stealth Rock|[from] move: Rapid Spin|[of] p2a: Excadrill\n|\n|-weather|RainDance|[upkeep]\n|upkeep\n|turn|10\n|\n|move|p2a: Excadrill|Stealth Rock|p1a: Ferrothorn\n|-sidestart|p1: NAFLD|move: Stealth Rock\n|move|p1a: Ferrothorn|Gyro Ball|p2a: Excadrill\n|-resisted|p2a: Excadrill\n|-damage|p2a: Excadrill|30\/100\n|\n|-weather|RainDance|[upkeep]\n|upkeep\n|turn|11\n|\n|move|p2a: Excadrill|Earthquake|p1a: Ferrothorn\n|-damage|p1a: Ferrothorn|4\/100\n|move|p1a: Ferrothorn|Gyro Ball|p2a: Excadrill\n|-resisted|p2a: Excadrill\n|-damage|p2a: Excadrill|0 fnt\n|faint|p2a: Excadrill\n|\n|-weather|none\n|upkeep\n|\n|switch|p2a: Tapu Koko|Tapu Koko|100\/100\n|-fieldstart|move: Electric Terrain|[from] ability: Electric Surge|[of] p2a: Tapu Koko\n|turn|12\n|\n|move|p2a: Tapu Koko|Dazzling Gleam|p1a: Ferrothorn\n|-resisted|p1a: Ferrothorn\n|-damage|p1a: Ferrothorn|0 fnt\n|faint|p1a: Ferrothorn\n|\n|upkeep\n|\n|switch|p1a: Pelipper|Pelipper, M|27\/100 par\n|-damage|p1a: Pelipper|3\/100 par|[from] Stealth Rock\n|-weather|RainDance|[from] ability: Drizzle|[of] p1a: Pelipper\n|turn|13\n|\n|switch|p1a: Swampert|Swampert, M|100\/100\n|-activate|p1a: Swampert|move: Sticky Web\n|-unboost|p1a: Swampert|spe|1\n|-damage|p1a: Swampert|94\/100|[from] Stealth Rock\n|move|p2a: Tapu Koko|Dazzling Gleam|p1a: Swampert\n|-damage|p1a: Swampert|58\/100\n|\n|-weather|RainDance|[upkeep]\n|upkeep\n|turn|14\n|\n|detailschange|p1a: Swampert|Swampert-Mega, M\n|-mega|p1a: Swampert|Swampert|Swampertite\n|move|p2a: Tapu Koko|Grass Knot|p1a: Swampert\n|-supereffective|p1a: Swampert\n|-damage|p1a: Swampert|0 fnt\n|faint|p1a: Swampert\n|\n|-weather|RainDance|[upkeep]\n|upkeep\n|-message|NAFLD forfeited.\n|\n|win|Teastykule\n|l|\u2606NAFLD\n","uploadtime":1562062453,"views":0,"p1id":"nafld","p2id":"teastykule","formatid":"gen7ou","rating":0,"private":0,"password":null}