{"id":"gen7ou-1169424136","p1":"Azxria_","p2":"Hajmola","format":"gen7ou","log":"|j|\u2606Azxria_\n|j|\u2606Hajmola\n|t:|1597512242\n|player|p1|Azxria_|2|1191\n|player|p2|Hajmola|pokefan|1294\n|teamsize|p1|6\n|teamsize|p2|6\n|gametype|singles\n|gen|7\n|tier|[Gen 7] OU\n|rated|\n|clearpoke\n|poke|p1|Skarmory, M|item\n|poke|p1|Chansey, F|item\n|poke|p1|Keldeo|item\n|poke|p1|Venusaur, M|item\n|poke|p1|Bisharp, F|item\n|poke|p1|Heatran, F|item\n|poke|p2|Beedrill, M|item\n|poke|p2|Zeraora|item\n|poke|p2|Comfey, F|item\n|poke|p2|Victini|item\n|poke|p2|Kartana|item\n|poke|p2|Azumarill, F|item\n|rule|Sleep Clause Mod: Limit one foe put to sleep\n|rule|Species Clause: Limit one of each Pok\u00e9mon\n|rule|OHKO Clause: OHKO moves are banned\n|rule|Moody Clause: Moody is banned\n|rule|Evasion Moves Clause: Evasion moves are banned\n|rule|Endless Battle Clause: Forcing endless battles is banned\n|rule|HP Percentage Mod: HP is shown in percentages\n|teampreview\n|inactive|Battle timer is ON: inactive players will automatically lose when time's up. (requested by Hajmola)\n|\n|t:|1597512248\n|start\n|switch|p1a: Keldeo|Keldeo|100\/100\n|switch|p2a: Kartana|Kartana|100\/100\n|turn|1\n|\n|t:|1597512261\n|switch|p1a: Heatran|Heatran, F|100\/100\n|move|p2a: Kartana|Swords Dance|p2a: Kartana\n|-boost|p2a: Kartana|atk|2\n|\n|upkeep\n|turn|2\n|\n|t:|1597512269\n|move|p2a: Kartana|Sacred Sword|p1a: Heatran\n|-supereffective|p1a: Heatran\n|-damage|p1a: Heatran|0 fnt\n|faint|p1a: Heatran\n|-ability|p2a: Kartana|Beast Boost|boost\n|-boost|p2a: Kartana|atk|1\n|\n|upkeep\n|\n|t:|1597512275\n|switch|p1a: Bisharp|Bisharp, F|100\/100\n|turn|3\n|\n|t:|1597512281\n|move|p1a: Bisharp|Sucker Punch|p2a: Kartana\n|-damage|p2a: Kartana|61\/100\n|move|p2a: Kartana|Sacred Sword|p1a: Bisharp\n|-supereffective|p1a: Bisharp\n|-damage|p1a: Bisharp|0 fnt\n|faint|p1a: Bisharp\n|-ability|p2a: Kartana|Beast Boost|boost\n|-boost|p2a: Kartana|atk|1\n|\n|upkeep\n|\n|t:|1597512293\n|switch|p1a: Skarmory|Skarmory, M|100\/100\n|turn|4\n|\n|t:|1597512298\n|move|p2a: Kartana|Sacred Sword|p1a: Skarmory\n|-damage|p1a: Skarmory|22\/100\n|-damage|p2a: Kartana|45\/100|[from] item: Rocky Helmet|[of] p1a: Skarmory\n|move|p1a: Skarmory|Brave Bird|p2a: Kartana\n|-damage|p2a: Kartana|8\/100\n|-damage|p1a: Skarmory|13\/100|[from] Recoil\n|\n|upkeep\n|turn|5\n|\n|t:|1597512308\n|move|p2a: Kartana|Sacred Sword|p1a: Skarmory\n|-damage|p1a: Skarmory|0 fnt\n|-damage|p2a: Kartana|0 fnt|[from] item: Rocky Helmet|[of] p1a: Skarmory\n|faint|p1a: Skarmory\n|faint|p2a: Kartana\n|\n|upkeep\n|\n|t:|1597512318\n|switch|p2a: Beedrill|Beedrill, M|100\/100\n|switch|p1a: Venusaur|Venusaur, M|100\/100\n|turn|6\n|\n|t:|1597512324\n|detailschange|p2a: Beedrill|Beedrill-Mega, M\n|-mega|p2a: Beedrill|Beedrill|Beedrillite\n|detailschange|p1a: Venusaur|Venusaur-Mega, M\n|-mega|p1a: Venusaur|Venusaur|Venusaurite\n|move|p2a: Beedrill|X-Scissor|p1a: Venusaur\n|-damage|p1a: Venusaur|64\/100\n|move|p1a: Venusaur|Hidden Power|p2a: Beedrill\n|-supereffective|p2a: Beedrill\n|-damage|p2a: Beedrill|53\/100\n|\n|upkeep\n|turn|7\n|\n|t:|1597512339\n|move|p2a: Beedrill|U-turn|p1a: Venusaur\n|-damage|p1a: Venusaur|29\/100\n|\n|t:|1597512342\n|switch|p2a: Victini|Victini|100\/100|[from]move: U-turn\n|move|p1a: Venusaur|Hidden Power|p2a: Victini\n|-resisted|p2a: Victini\n|-damage|p2a: Victini|93\/100\n|\n|upkeep\n|turn|8\n|\n|t:|1597512351\n|switch|p1a: Keldeo|Keldeo|100\/100\n|move|p2a: Victini|V-create|p1a: Keldeo\n|-resisted|p1a: Keldeo\n|-damage|p1a: Keldeo|55\/100\n|-unboost|p2a: Victini|spe|1\n|-unboost|p2a: Victini|def|1\n|-unboost|p2a: Victini|spd|1\n|\n|-heal|p1a: Keldeo|61\/100|[from] item: Leftovers\n|upkeep\n|turn|9\n|\n|t:|1597512381\n|switch|p2a: Azumarill|Azumarill, F|100\/100\n|move|p1a: Keldeo|Substitute|p1a: Keldeo\n|-start|p1a: Keldeo|Substitute\n|-damage|p1a: Keldeo|36\/100\n|\n|-heal|p1a: Keldeo|42\/100|[from] item: Leftovers\n|upkeep\n|turn|10\n|\n|t:|1597512392\n|move|p1a: Keldeo|Calm Mind|p1a: Keldeo\n|-boost|p1a: Keldeo|spa|1\n|-boost|p1a: Keldeo|spd|1\n|move|p2a: Azumarill|Hyper Voice|p1a: Keldeo\n|-damage|p1a: Keldeo|27\/100\n|\n|-heal|p1a: Keldeo|34\/100|[from] item: Leftovers\n|upkeep\n|turn|11\n|\n|t:|1597512403\n|switch|p2a: Zeraora|Zeraora|100\/100\n|move|p1a: Keldeo|Calm Mind|p1a: Keldeo\n|-boost|p1a: Keldeo|spa|1\n|-boost|p1a: Keldeo|spd|1\n|\n|-heal|p1a: Keldeo|40\/100|[from] item: Leftovers\n|upkeep\n|turn|12\n|\n|t:|1597512415\n|move|p2a: Zeraora|Plasma Fists|p1a: Keldeo\n|-supereffective|p1a: Keldeo\n|-end|p1a: Keldeo|Substitute\n|move|p1a: Keldeo|Secret Sword|p2a: Zeraora\n|-damage|p2a: Zeraora|0 fnt\n|faint|p2a: Zeraora\n|\n|-heal|p1a: Keldeo|46\/100|[from] item: Leftovers\n|upkeep\n|inactive|Hajmola has 120 seconds left.\n|\n|t:|1597512427\n|switch|p2a: Comfey|Comfey, F|100\/100\n|turn|13\n|\n|t:|1597512452\n|move|p2a: Comfey|Giga Drain|p1a: Keldeo\n|-supereffective|p1a: Keldeo\n|-damage|p1a: Keldeo|23\/100\n|move|p1a: Keldeo|Scald|p2a: Comfey\n|-damage|p2a: Comfey|31\/100\n|\n|-heal|p1a: Keldeo|29\/100|[from] item: Leftovers\n|upkeep\n|turn|14\n|\n|t:|1597512462\n|move|p2a: Comfey|Draining Kiss|p1a: Keldeo\n|-supereffective|p1a: Keldeo\n|-damage|p1a: Keldeo|8\/100\n|-heal|p2a: Comfey|52\/100|[from] drain|[of] p1a: Keldeo\n|move|p1a: Keldeo|Scald|p2a: Comfey\n|-damage|p2a: Comfey|0 fnt\n|faint|p2a: Comfey\n|\n|-heal|p1a: Keldeo|14\/100|[from] item: Leftovers\n|upkeep\n|\n|t:|1597512477\n|switch|p2a: Victini|Victini|93\/100\n|turn|15\n|\n|t:|1597512483\n|move|p1a: Keldeo|Scald|p2a: Victini\n|-supereffective|p2a: Victini\n|-damage|p2a: Victini|0 fnt\n|faint|p2a: Victini\n|\n|-heal|p1a: Keldeo|21\/100|[from] item: Leftovers\n|upkeep\n|\n|t:|1597512491\n|switch|p2a: Beedrill|Beedrill-Mega, M|53\/100\n|turn|16\n|\n|t:|1597512496\n|move|p2a: Beedrill|Poison Jab|p1a: Keldeo\n|-damage|p1a: Keldeo|0 fnt\n|faint|p1a: Keldeo\n|\n|upkeep\n|\n|t:|1597512500\n|switch|p1a: Chansey|Chansey, F|100\/100\n|turn|17\n|\n|t:|1597512506\n|move|p2a: Beedrill|Poison Jab|p1a: Chansey\n|-damage|p1a: Chansey|56\/100\n|move|p1a: Chansey|Thunder Wave|p2a: Beedrill\n|-status|p2a: Beedrill|par\n|\n|upkeep\n|turn|18\n|\n|t:|1597512517\n|cant|p2a: Beedrill|par\n|move|p1a: Chansey|Soft-Boiled|p1a: Chansey\n|-heal|p1a: Chansey|100\/100\n|\n|upkeep\n|turn|19\n|\n|t:|1597512534\n|cant|p2a: Beedrill|par\n|move|p1a: Chansey|Seismic Toss|p2a: Beedrill\n|-damage|p2a: Beedrill|16\/100 par\n|\n|upkeep\n|turn|20\n|\n|t:|1597512541\n|move|p2a: Beedrill|Sludge Bomb|p1a: Chansey\n|-damage|p1a: Chansey|97\/100\n|move|p1a: Chansey|Seismic Toss|p2a: Beedrill\n|-damage|p2a: Beedrill|0 fnt\n|faint|p2a: Beedrill\n|\n|upkeep\n|\n|t:|1597512549\n|switch|p2a: Azumarill|Azumarill, F|100\/100\n|turn|21\n|\n|t:|1597512554\n|move|p1a: Chansey|Thunder Wave|p2a: Azumarill|[miss]\n|-miss|p1a: Chansey|p2a: Azumarill\n|move|p2a: Azumarill|Surf|p1a: Chansey\n|-damage|p1a: Chansey|90\/100\n|\n|upkeep\n|turn|22\n|-message|Hajmola forfeited.\n|\n|win|Azxria_\n|l|\u2606Hajmola\n|raw|Azxria_'s rating: 1191 &rarr; <strong>1223<\/strong><br \/>(+32 for winning)\n|raw|Hajmola's rating: 1294 &rarr; <strong>1262<\/strong><br \/>(-32 for losing)\n","uploadtime":1597512566,"views":3,"p1id":"azxria","p2id":"hajmola","formatid":"gen7ou","rating":1223,"private":0,"password":null}