{"id":"gen7randombattle-827266537","p1":"uuuuiiii","p2":"Whirlingore9","format":"gen7randombattle","log":"|j|\u2606uuuuiiii\n|j|\u2606Whirlingore9\n|player|p1|uuuuiiii|170\n|player|p2|Whirlingore9|265\n|teamsize|p1|6\n|teamsize|p2|6\n|gametype|singles\n|gen|7\n|tier|[Gen 7] Random Battle\n|rated|\n|seed|33906,11446,55263,43946\n|rule|Sleep Clause Mod: Limit one foe put to sleep\n|rule|HP Percentage Mod: HP is shown in percentages\n|\n|start\n|switch|p1a: Dragalge|Dragalge, L79, M|232\/232\n|switch|p2a: Lanturn|Lanturn, L83, M|343\/343\n|turn|1\n|\n|move|p2a: Lanturn|Volt Switch|p1a: Dragalge\n|-resisted|p1a: Dragalge\n|-damage|p1a: Dragalge|205\/232\n|\n|switch|p2a: Armaldo|Armaldo, L83, F|259\/259|[from]move: Volt Switch\n|move|p1a: Dragalge|Draco Meteor|p2a: Armaldo|[miss]\n|-miss|p1a: Dragalge|p2a: Armaldo\n|\n|upkeep\n|turn|2\n|inactive|Battle timer is ON: inactive players will automatically lose when time's up. (requested by uuuuiiii)\n|\n|move|p2a: Armaldo|Stealth Rock|p1a: Dragalge\n|-sidestart|p1: uuuuiiii|move: Stealth Rock\n|move|p1a: Dragalge|Draco Meteor|p2a: Armaldo\n|-damage|p2a: Armaldo|0 fnt\n|-unboost|p1a: Dragalge|spa|2\n|faint|p2a: Armaldo\n|\n|upkeep\n|\n|switch|p2a: Dodrio|Dodrio, L83, F|235\/235\n|turn|3\n|\n|switch|p1a: Suicune|Suicune, L77|281\/281\n|-damage|p1a: Suicune|246\/281|[from] Stealth Rock\n|move|p2a: Dodrio|Knock Off|p1a: Suicune\n|-damage|p1a: Suicune|144\/281\n|-enditem|p1a: Suicune|Leftovers|[from] move: Knock Off|[of] p2a: Dodrio\n|\n|upkeep\n|turn|4\n|\n|switch|p2a: Lanturn|Lanturn, L83, M|343\/343\n|move|p1a: Suicune|Ice Beam|p2a: Lanturn\n|-resisted|p2a: Lanturn\n|-damage|p2a: Lanturn|315\/343\n|\n|upkeep\n|turn|5\n|\n|move|p1a: Suicune|Hidden Power|p2a: Lanturn\n|-supereffective|p2a: Lanturn\n|-damage|p2a: Lanturn|233\/343\n|move|p2a: Lanturn|Volt Switch|p1a: Suicune\n|-supereffective|p1a: Suicune\n|-damage|p1a: Suicune|42\/281\n|\n|switch|p2a: Furret|Furret, L83, M|277\/277|[from]move: Volt Switch\n|\n|upkeep\n|turn|6\n|\n|move|p2a: Furret|Double-Edge|p1a: Suicune\n|-damage|p1a: Suicune|0 fnt\n|-damage|p2a: Furret|263\/277|[from] Recoil\n|faint|p1a: Suicune\n|\n|upkeep\n|\n|switch|p1a: Dhelmise|Dhelmise, L81|246\/246\n|-damage|p1a: Dhelmise|216\/246|[from] Stealth Rock\n|turn|7\n|\n|switch|p2a: Malamar|Malamar, L81, M|272\/272\n|move|p1a: Dhelmise|Rapid Spin|p2a: Malamar\n|-damage|p2a: Malamar|255\/272\n|-sideend|p1: uuuuiiii|Stealth Rock|[from] move: Rapid Spin|[of] p1a: Dhelmise\n|\n|-heal|p2a: Malamar|272\/272|[from] item: Leftovers\n|upkeep\n|turn|8\n|\n|switch|p1a: Salazzle|Salazzle, L79, F|237\/237\n|-item|p1a: Salazzle|Air Balloon\n|move|p2a: Malamar|Knock Off|p1a: Salazzle\n|-damage|p1a: Salazzle|96\/237\n|-enditem|p1a: Salazzle|Air Balloon\n|\n|upkeep\n|turn|9\n|\n|move|p1a: Salazzle|Fire Blast|p2a: Malamar\n|-damage|p2a: Malamar|127\/272\n|move|p2a: Malamar|Psycho Cut|p1a: Salazzle\n|-supereffective|p1a: Salazzle\n|-damage|p1a: Salazzle|0 fnt\n|faint|p1a: Salazzle\n|\n|-heal|p2a: Malamar|144\/272|[from] item: Leftovers\n|upkeep\n|\n|switch|p1a: Kangaskhan|Kangaskhan, L73, F|274\/274\n|turn|10\n|\n|detailschange|p1a: Kangaskhan|Kangaskhan-Mega, L73, F\n|-mega|p1a: Kangaskhan|Kangaskhan|Kangaskhanite\n|move|p1a: Kangaskhan|Return|p2a: Malamar\n|-damage|p2a: Malamar|45\/272\n|-damage|p2a: Malamar|20\/272\n|-hitcount|p2a: Malamar|2\n|move|p2a: Malamar|Psycho Cut|p1a: Kangaskhan\n|-damage|p1a: Kangaskhan|210\/274\n|\n|-heal|p2a: Malamar|37\/272|[from] item: Leftovers\n|upkeep\n|turn|11\n|\n|move|p1a: Kangaskhan|Power-Up Punch|p2a: Malamar\n|-damage|p2a: Malamar|11\/272\n|-boost|p1a: Kangaskhan|atk|1\n|-damage|p2a: Malamar|0 fnt\n|-boost|p1a: Kangaskhan|atk|1\n|-hitcount|p2a: Malamar|2\n|faint|p2a: Malamar\n|\n|upkeep\n|\n|switch|p2a: Furret|Furret, L83, M|263\/277\n|-item|p1a: Kangaskhan|Kangaskhanite|[from] ability: Frisk|[of] p2a: Furret|[identify]\n|turn|12\n|\n|switch|p1a: Dhelmise|Dhelmise, L81|216\/246\n|move|p2a: Furret|Double-Edge|p1a: Dhelmise\n|-immune|p1a: Dhelmise|[msg]\n|\n|upkeep\n|turn|13\n|\n|switch|p2a: Dodrio|Dodrio, L83, F|235\/235\n|move|p1a: Dhelmise|Anchor Shot|p2a: Dodrio\n|-damage|p2a: Dodrio|113\/235\n|-activate|p2a: Dodrio|trapped\n|\n|upkeep\n|turn|14\n|\n|switch|p1a: Musharna|Musharna, L83, M|328\/328\n|move|p2a: Dodrio|Knock Off|p1a: Musharna\n|-supereffective|p1a: Musharna\n|-damage|p1a: Musharna|108\/328\n|-enditem|p1a: Musharna|Leftovers|[from] move: Knock Off|[of] p2a: Dodrio\n|\n|upkeep\n|turn|15\n|\n|move|p2a: Dodrio|Knock Off|p1a: Musharna\n|-supereffective|p1a: Musharna\n|-damage|p1a: Musharna|0 fnt\n|faint|p1a: Musharna\n|\n|upkeep\n|\n|switch|p1a: Kangaskhan|Kangaskhan-Mega, L73, F|210\/274\n|turn|16\n|\n|switch|p2a: Lanturn|Lanturn, L83, M|233\/343\n|move|p1a: Kangaskhan|Return|p2a: Lanturn\n|-damage|p2a: Lanturn|88\/343\n|-damage|p2a: Lanturn|52\/343\n|-hitcount|p2a: Lanturn|2\n|\n|upkeep\n|turn|17\n|\n|move|p1a: Kangaskhan|Power-Up Punch|p2a: Lanturn\n|-crit|p2a: Lanturn\n|-damage|p2a: Lanturn|0 fnt\n|-boost|p1a: Kangaskhan|atk|1\n|-hitcount|p2a: Lanturn|1\n|faint|p2a: Lanturn\n|\n|upkeep\n|\n|switch|p2a: Furret|Furret, L83, M|263\/277\n|-item|p1a: Kangaskhan|Kangaskhanite|[from] ability: Frisk|[of] p2a: Furret|[identify]\n|turn|18\n|\n|move|p2a: Furret|Double-Edge|p1a: Kangaskhan\n|-damage|p1a: Kangaskhan|41\/274\n|-damage|p2a: Furret|207\/277|[from] Recoil\n|move|p1a: Kangaskhan|Return|p2a: Furret\n|-damage|p2a: Furret|18\/277\n|-damage|p2a: Furret|0 fnt\n|-hitcount|p2a: Furret|2\n|faint|p2a: Furret\n|\n|upkeep\n|\n|switch|p2a: Dodrio|Dodrio, L83, F|113\/235\n|turn|19\n|\n|move|p2a: Dodrio|Quick Attack|p1a: Kangaskhan\n|-damage|p1a: Kangaskhan|0 fnt\n|faint|p1a: Kangaskhan\n|\n|upkeep\n|\n|switch|p1a: Dhelmise|Dhelmise, L81|216\/246\n|turn|20\n|\n|switch|p2a: Rampardos|Rampardos, L83, F|297\/297\n|move|p1a: Dhelmise|Anchor Shot|p2a: Rampardos\n|-supereffective|p2a: Rampardos\n|-damage|p2a: Rampardos|19\/297\n|-activate|p2a: Rampardos|trapped\n|\n|upkeep\n|turn|21\n|\n|move|p2a: Rampardos|Crunch|p1a: Dhelmise\n|-supereffective|p1a: Dhelmise\n|-damage|p1a: Dhelmise|0 fnt\n|faint|p1a: Dhelmise\n|\n|upkeep\n|\n|switch|p1a: Dragalge|Dragalge, L79, M|205\/232\n|turn|22\n|\n|move|p2a: Rampardos|Earthquake|p1a: Dragalge\n|-supereffective|p1a: Dragalge\n|-damage|p1a: Dragalge|0 fnt\n|-damage|p2a: Rampardos|0 fnt|[from] item: Life Orb\n|faint|p1a: Dragalge\n|faint|p2a: Rampardos\n|\n|win|Whirlingore9\n|raw|uuuuiiii's rating: 1755 &rarr; <strong>1734<\/strong><br \/>(-21 for losing)\n|raw|Whirlingore9's rating: 1738 &rarr; <strong>1759<\/strong><br \/>(+21 for winning)\n|l|\u2606uuuuiiii\n","inputlog":">version e92fcc984891c3b919711ffb876966addb0373d4\n>start {\"formatid\":\"gen7randombattle\",\"seed\":[33906,11446,55263,43946],\"rated\":\"Rated battle\"}\n>player p1 {\"name\":\"uuuuiiii\",\"avatar\":\"170\",\"team\":\"\"}\n>player p2 {\"name\":\"Whirlingore9\",\"avatar\":\"265\",\"team\":\"\"}\n>p1 move dracometeor\n>p2 move voltswitch\n>p2 switch 4\n>p1 move dracometeor\n>p2 move stealthrock\n>p2 switch 2\n>p1 switch 2\n>p2 move knockoff\n>p1 move icebeam\n>p2 switch 4\n>p1 move hiddenpower\n>p2 move voltswitch\n>p2 switch 3\n>p1 move scald\n>p2 move doubleedge\n>p1 switch 4\n>p1 move rapidspin\n>p2 switch 5\n>p1 switch 6\n>p2 move knockoff\n>p1 move fireblast\n>p2 move psychocut\n>p1 switch 3\n>p1 move return mega\n>p2 move psychocut\n>p1 move poweruppunch\n>p2 move rest\n>p2 switch 5\n>p1 switch 6\n>p2 move doubleedge\n>p1 move anchorshot\n>p2 switch 4\n>p1 switch 5\n>p2 move knockoff\n>p1 move psyshock\n>p2 move knockoff\n>p1 switch 6\n>p1 move return\n>p2 switch 3\n>p1 move poweruppunch\n>p2 move scald\n>p2 switch 4\n>p1 move return\n>p2 move doubleedge\n>p2 switch 3\n>p1 move return\n>p2 move quickattack\n>p1 switch 5\n>p1 move anchorshot\n>p2 switch 6\n>p1 move anchorshot\n>p2 move crunch\n>p1 switch 2\n>p1 move sludgewave\n>p2 move earthquake","uploadtime":1540793588,"views":2,"p1id":"uuuuiiii","p2id":"whirlingore9","formatid":"gen7randombattle","rating":1734,"private":0,"password":null}