{"id":"gen7ou-831235668","p1":"badbadnotgucc","p2":"CarlyBae","format":"gen7ou","log":"|raw|<div class=\"broadcast-red\"><strong>This battle is invite-only!<\/strong><br \/>Users must be rank + or invited with <code>\/invite<\/code> to join<\/div>\n|j|\u2606badbadnotgucc\n|j|\u2606CarlyBae\n|player|p1|badbadnotgucc|24\n|player|p2|CarlyBae|138\n|teamsize|p1|6\n|teamsize|p2|6\n|gametype|singles\n|gen|7\n|tier|[Gen 7] OU\n|rated|\n|rule|Sleep Clause Mod: Limit one foe put to sleep\n|rule|Species Clause: Limit one of each Pok\u00e9mon\n|rule|OHKO Clause: OHKO moves are banned\n|rule|Moody Clause: Moody is banned\n|rule|Evasion Moves Clause: Evasion moves are banned\n|rule|Endless Battle Clause: Forcing endless battles is banned\n|rule|HP Percentage Mod: HP is shown in percentages\n|clearpoke\n|poke|p1|Hippowdon, M|item\n|poke|p1|Weavile, F|item\n|poke|p1|Toxapex, M|item\n|poke|p1|Celesteela|item\n|poke|p1|Reuniclus, M|item\n|poke|p1|Tornadus-Therian, M|item\n|poke|p2|Lopunny, M|item\n|poke|p2|Magearna|item\n|poke|p2|Landorus-Therian, M|item\n|poke|p2|Zygarde|item\n|poke|p2|Greninja, M|item\n|poke|p2|Tornadus-Therian, M|item\n|teampreview\n|\n|start\n|switch|p1a: Toxapex|Toxapex, M|100\/100\n|switch|p2a: Lopunny|Lopunny, M|100\/100\n|turn|1\n|\n|detailschange|p2a: Lopunny|Lopunny-Mega, M\n|-mega|p2a: Lopunny|Lopunny|Lopunnite\n|move|p2a: Lopunny|Fake Out|p1a: Toxapex\n|-crit|p1a: Toxapex\n|-damage|p1a: Toxapex|74\/100\n|cant|p1a: Toxapex|flinch\n|\n|-heal|p1a: Toxapex|80\/100|[from] item: Black Sludge\n|upkeep\n|turn|2\n|\n|move|p2a: Lopunny|Power-Up Punch|p1a: Toxapex\n|-resisted|p1a: Toxapex\n|-damage|p1a: Toxapex|72\/100\n|-boost|p2a: Lopunny|atk|1\n|move|p1a: Toxapex|Toxic Spikes|p2a: Lopunny\n|-sidestart|p2: CarlyBae|move: Toxic Spikes\n|\n|-heal|p1a: Toxapex|78\/100|[from] item: Black Sludge\n|upkeep\n|turn|3\n|\n|move|p2a: Lopunny|Return|p1a: Toxapex\n|-damage|p1a: Toxapex|18\/100\n|move|p1a: Toxapex|Haze|p1a: Toxapex\n|-clearallboost\n|\n|-heal|p1a: Toxapex|24\/100|[from] item: Black Sludge\n|upkeep\n|turn|4\n|\n|switch|p1a: Hippowdon|Hippowdon, M|100\/100\n|-weather|Sandstorm|[from] ability: Sand Stream|[of] p1a: Hippowdon\n|move|p2a: Lopunny|Power-Up Punch|p1a: Hippowdon\n|-damage|p1a: Hippowdon|90\/100\n|-damage|p2a: Lopunny|84\/100|[from] item: Rocky Helmet|[of] p1a: Hippowdon\n|-boost|p2a: Lopunny|atk|1\n|\n|-weather|Sandstorm|[upkeep]\n|-damage|p2a: Lopunny|78\/100|[from] Sandstorm\n|upkeep\n|turn|5\n|\n|move|p2a: Lopunny|High Jump Kick|p1a: Hippowdon\n|-damage|p1a: Hippowdon|35\/100\n|-damage|p2a: Lopunny|61\/100|[from] item: Rocky Helmet|[of] p1a: Hippowdon\n|move|p1a: Hippowdon|Slack Off|p1a: Hippowdon\n|-heal|p1a: Hippowdon|85\/100\n|\n|-weather|Sandstorm|[upkeep]\n|-damage|p2a: Lopunny|55\/100|[from] Sandstorm\n|upkeep\n|turn|6\n|\n|switch|p2a: Tornadus|Tornadus-Therian, M|100\/100\n|move|p1a: Hippowdon|Slack Off|p1a: Hippowdon\n|-heal|p1a: Hippowdon|100\/100\n|\n|-weather|Sandstorm|[upkeep]\n|-damage|p2a: Tornadus|94\/100|[from] Sandstorm\n|upkeep\n|turn|7\n|\n|switch|p1a: Toxapex|Toxapex, M|57\/100\n|move|p2a: Tornadus|Taunt|p1a: Toxapex\n|-start|p1a: Toxapex|move: Taunt\n|\n|-weather|Sandstorm|[upkeep]\n|-damage|p2a: Tornadus|88\/100|[from] Sandstorm\n|-damage|p1a: Toxapex|51\/100|[from] Sandstorm\n|-heal|p1a: Toxapex|57\/100|[from] item: Black Sludge\n|upkeep\n|turn|8\n|\n|move|p2a: Tornadus|Defog|p1a: Toxapex\n|-unboost|p1a: Toxapex|evasion|1\n|-sideend|p2: CarlyBae|Toxic Spikes|[from] move: Defog|[of] p2a: Tornadus\n|move|p1a: Toxapex|Scald|p2a: Tornadus\n|-damage|p2a: Tornadus|70\/100\n|\n|-weather|none\n|-heal|p1a: Toxapex|64\/100|[from] item: Black Sludge\n|upkeep\n|turn|9\n|\n|move|p2a: Tornadus|Hurricane|p1a: Toxapex\n|-damage|p1a: Toxapex|40\/100\n|move|p1a: Toxapex|Scald|p2a: Tornadus\n|-damage|p2a: Tornadus|53\/100\n|\n|-heal|p1a: Toxapex|46\/100|[from] item: Black Sludge\n|-end|p1a: Toxapex|move: Taunt\n|upkeep\n|turn|10\n|\n|move|p2a: Tornadus|Knock Off|p1a: Toxapex\n|-damage|p1a: Toxapex|29\/100\n|-enditem|p1a: Toxapex|Black Sludge|[from] move: Knock Off|[of] p2a: Tornadus\n|move|p1a: Toxapex|Scald|p2a: Tornadus\n|-damage|p2a: Tornadus|36\/100\n|\n|upkeep\n|turn|11\n|\n|switch|p2a: Greninja|Greninja, M|100\/100\n|switch|p1a: Weavile|Weavile, F|100\/100\n|-ability|p1a: Weavile|Pressure\n|\n|upkeep\n|turn|12\n|\n|switch|p1a: Toxapex|Toxapex, M|63\/100\n|move|p2a: Greninja|Hydro Pump|p1a: Toxapex|[miss]\n|-miss|p2a: Greninja|p1a: Toxapex\n|\n|upkeep\n|turn|13\n|\n|switch|p2a: Zygarde|Zygarde|100\/100\n|-ability|p2a: Zygarde|Aura Break\n|move|p1a: Toxapex|Toxic Spikes|p2a: Zygarde\n|-sidestart|p2: CarlyBae|move: Toxic Spikes\n|\n|upkeep\n|turn|14\n|\n|switch|p1a: Hippowdon|Hippowdon, M|100\/100\n|-weather|Sandstorm|[from] ability: Sand Stream|[of] p1a: Hippowdon\n|move|p2a: Zygarde|Thousand Arrows|p1a: Hippowdon\n|-damage|p1a: Hippowdon|66\/100\n|\n|-weather|Sandstorm|[upkeep]\n|upkeep\n|turn|15\n|\n|move|p2a: Zygarde|Thousand Arrows|p1a: Hippowdon\n|-damage|p1a: Hippowdon|33\/100\n|move|p1a: Hippowdon|Stealth Rock|p2a: Zygarde\n|-sidestart|p2: CarlyBae|move: Stealth Rock\n|\n|-weather|Sandstorm|[upkeep]\n|upkeep\n|turn|16\n|\n|switch|p1a: Reuniclus|Reuniclus, M, shiny|100\/100\n|move|p2a: Zygarde|Thousand Arrows|p1a: Reuniclus\n|-damage|p1a: Reuniclus|57\/100\n|\n|-weather|Sandstorm|[upkeep]\n|-heal|p1a: Reuniclus|63\/100|[from] item: Leftovers\n|upkeep\n|turn|17\n|\n|switch|p2a: Tornadus|Tornadus-Therian, M|69\/100\n|-damage|p2a: Tornadus|44\/100|[from] Stealth Rock\n|move|p1a: Reuniclus|Recover|p1a: Reuniclus\n|-heal|p1a: Reuniclus|100\/100\n|\n|-weather|Sandstorm|[upkeep]\n|-damage|p2a: Tornadus|38\/100|[from] Sandstorm\n|upkeep\n|turn|18\n|\n|move|p2a: Tornadus|Defog|p1a: Reuniclus\n|-unboost|p1a: Reuniclus|evasion|1\n|-sideend|p2: CarlyBae|Toxic Spikes|[from] move: Defog|[of] p2a: Tornadus\n|-sideend|p2: CarlyBae|Stealth Rock|[from] move: Defog|[of] p2a: Tornadus\n|move|p1a: Reuniclus|Psyshock|p2a: Tornadus\n|-damage|p2a: Tornadus|5\/100\n|\n|-weather|none\n|upkeep\n|turn|19\n|\n|switch|p2a: Greninja|Greninja, M|100\/100\n|switch|p1a: Toxapex|Toxapex, M|96\/100\n|\n|upkeep\n|turn|20\n|\n|switch|p2a: Tornadus|Tornadus-Therian, M|39\/100\n|move|p1a: Toxapex|Toxic Spikes|p2a: Tornadus\n|-sidestart|p2: CarlyBae|move: Toxic Spikes\n|\n|upkeep\n|turn|21\n|\n|switch|p2a: Magearna|Magearna|100\/100\n|move|p1a: Toxapex|Scald|p2a: Magearna\n|-damage|p2a: Magearna|94\/100\n|-status|p2a: Magearna|brn\n|\n|-damage|p2a: Magearna|88\/100 brn|[from] brn\n|upkeep\n|turn|22\n|\n|move|p2a: Magearna|Volt Switch|p1a: Toxapex\n|-supereffective|p1a: Toxapex\n|-damage|p1a: Toxapex|68\/100\n|\n|switch|p2a: Tornadus|Tornadus-Therian, M|72\/100\n|move|p1a: Toxapex|Scald|p2a: Tornadus\n|-damage|p2a: Tornadus|56\/100\n|\n|upkeep\n|turn|23\n|\n|move|p2a: Tornadus|Taunt|p1a: Toxapex\n|-start|p1a: Toxapex|move: Taunt\n|move|p1a: Toxapex|Scald|p2a: Tornadus\n|-damage|p2a: Tornadus|38\/100\n|-status|p2a: Tornadus|brn\n|\n|-damage|p2a: Tornadus|32\/100 brn|[from] brn\n|upkeep\n|turn|24\n|\n|switch|p1a: Weavile|Weavile, F|100\/100\n|-ability|p1a: Weavile|Pressure\n|move|p2a: Tornadus|Defog|p1a: Weavile\n|-unboost|p1a: Weavile|evasion|1\n|-sideend|p2: CarlyBae|Toxic Spikes|[from] move: Defog|[of] p2a: Tornadus\n|\n|-damage|p2a: Tornadus|26\/100 brn|[from] brn\n|upkeep\n|turn|25\n|\n|-activate|p2a: Tornadus|move: Pursuit\n|move|p1a: Weavile|Pursuit|p2a: Tornadus|[from]Pursuit\n|-damage|p2a: Tornadus|0 fnt\n|-damage|p1a: Weavile|84\/100|[from] item: Rocky Helmet|[of] p2a: Tornadus\n|faint|p2a: Tornadus\n|\n|upkeep\n|\n|switch|p2a: Landorus|Landorus-Therian, M|100\/100\n|-ability|p2a: Landorus|Intimidate|boost\n|-unboost|p1a: Weavile|atk|1\n|turn|26\n|\n|switch|p1a: Tornadus|Tornadus-Therian, M, shiny|100\/100\n|move|p2a: Landorus|Stealth Rock|p1a: Tornadus\n|-sidestart|p1: badbadnotgucc|move: Stealth Rock\n|\n|upkeep\n|turn|27\n|\n|move|p1a: Tornadus|Defog|p2a: Landorus\n|-unboost|p2a: Landorus|evasion|1\n|-sideend|p1: badbadnotgucc|Stealth Rock|[from] move: Defog|[of] p1a: Tornadus\n|-zpower|p2a: Landorus\n|move|p2a: Landorus|Supersonic Skystrike|p1a: Tornadus|[zeffect]\n|-damage|p1a: Tornadus|0 fnt\n|faint|p1a: Tornadus\n|\n|upkeep\n|\n|switch|p1a: Weavile|Weavile, F|84\/100\n|-ability|p1a: Weavile|Pressure\n|turn|28\n|\n|switch|p1a: Toxapex|Toxapex, M|100\/100\n|switch|p2a: Magearna|Magearna|88\/100 brn\n|\n|-damage|p2a: Magearna|81\/100 brn|[from] brn\n|upkeep\n|turn|29\n|\n|move|p2a: Magearna|Volt Switch|p1a: Toxapex\n|-supereffective|p1a: Toxapex\n|-damage|p1a: Toxapex|75\/100\n|\n|switch|p2a: Greninja|Greninja, M|100\/100\n|move|p1a: Toxapex|Toxic Spikes|p2a: Greninja\n|-sidestart|p2: CarlyBae|move: Toxic Spikes\n|\n|upkeep\n|turn|30\n|\n|move|p2a: Greninja|Dark Pulse|p1a: Toxapex\n|-damage|p1a: Toxapex|43\/100\n|move|p1a: Toxapex|Recover|p1a: Toxapex\n|-heal|p1a: Toxapex|93\/100\n|\n|upkeep\n|turn|31\n|\n|move|p2a: Greninja|Dark Pulse|p1a: Toxapex\n|-damage|p1a: Toxapex|60\/100\n|cant|p1a: Toxapex|flinch\n|\n|upkeep\n|turn|32\n|\n|move|p2a: Greninja|Dark Pulse|p1a: Toxapex\n|-damage|p1a: Toxapex|24\/100\n|move|p1a: Toxapex|Recover|p1a: Toxapex\n|-heal|p1a: Toxapex|74\/100\n|\n|upkeep\n|turn|33\n|\n|move|p2a: Greninja|Dark Pulse|p1a: Toxapex\n|-damage|p1a: Toxapex|40\/100\n|move|p1a: Toxapex|Recover|p1a: Toxapex\n|-heal|p1a: Toxapex|90\/100\n|\n|upkeep\n|turn|34\n|\n|move|p2a: Greninja|Dark Pulse|p1a: Toxapex\n|-damage|p1a: Toxapex|55\/100\n|move|p1a: Toxapex|Scald|p2a: Greninja\n|-resisted|p2a: Greninja\n|-damage|p2a: Greninja|86\/100\n|\n|upkeep\n|turn|35\n|\n|move|p2a: Greninja|Dark Pulse|p1a: Toxapex\n|-damage|p1a: Toxapex|20\/100\n|move|p1a: Toxapex|Recover|p1a: Toxapex\n|-heal|p1a: Toxapex|70\/100\n|\n|upkeep\n|turn|36\n|\n|move|p2a: Greninja|Dark Pulse|p1a: Toxapex\n|-damage|p1a: Toxapex|37\/100\n|move|p1a: Toxapex|Recover|p1a: Toxapex\n|-heal|p1a: Toxapex|87\/100\n|\n|upkeep\n|turn|37\n|\n|move|p2a: Greninja|Dark Pulse|p1a: Toxapex\n|-damage|p1a: Toxapex|52\/100\n|move|p1a: Toxapex|Scald|p2a: Greninja\n|-resisted|p2a: Greninja\n|-damage|p2a: Greninja|73\/100\n|\n|upkeep\n|turn|38\n|\n|move|p2a: Greninja|Dark Pulse|p1a: Toxapex\n|-damage|p1a: Toxapex|21\/100\n|move|p1a: Toxapex|Recover|p1a: Toxapex\n|-heal|p1a: Toxapex|71\/100\n|\n|upkeep\n|turn|39\n|\n|move|p2a: Greninja|Dark Pulse|p1a: Toxapex\n|-damage|p1a: Toxapex|37\/100\n|cant|p1a: Toxapex|flinch\n|\n|upkeep\n|turn|40\n|\n|move|p2a: Greninja|Dark Pulse|p1a: Toxapex\n|-damage|p1a: Toxapex|2\/100\n|move|p1a: Toxapex|Recover|p1a: Toxapex\n|-heal|p1a: Toxapex|52\/100\n|\n|upkeep\n|turn|41\n|\n|move|p2a: Greninja|Dark Pulse|p1a: Toxapex\n|-damage|p1a: Toxapex|21\/100\n|move|p1a: Toxapex|Recover|p1a: Toxapex\n|-heal|p1a: Toxapex|71\/100\n|\n|upkeep\n|turn|42\n|\n|move|p2a: Greninja|Dark Pulse|p1a: Toxapex\n|-damage|p1a: Toxapex|39\/100\n|move|p1a: Toxapex|Scald|p2a: Greninja\n|-resisted|p2a: Greninja\n|-damage|p2a: Greninja|61\/100\n|\n|upkeep\n|turn|43\n|\n|move|p2a: Greninja|Dark Pulse|p1a: Toxapex\n|-damage|p1a: Toxapex|8\/100\n|move|p1a: Toxapex|Recover|p1a: Toxapex\n|-heal|p1a: Toxapex|58\/100\n|\n|upkeep\n|turn|44\n|\n|move|p2a: Greninja|Dark Pulse|p1a: Toxapex\n|-damage|p1a: Toxapex|24\/100\n|move|p1a: Toxapex|Recover|p1a: Toxapex\n|-heal|p1a: Toxapex|74\/100\n|\n|upkeep\n|turn|45\n|\n|move|p2a: Greninja|Dark Pulse|p1a: Toxapex\n|-damage|p1a: Toxapex|37\/100\n|cant|p1a: Toxapex|flinch\n|\n|upkeep\n|turn|46\n|\n|move|p2a: Greninja|Dark Pulse|p1a: Toxapex\n|-damage|p1a: Toxapex|0 fnt\n|faint|p1a: Toxapex\n|-activate|p2a: Greninja|ability: Battle Bond\n|detailschange|p2a: Greninja|Greninja-Ash, M\n|\n|upkeep\n|\n|switch|p1a: Weavile|Weavile, F|84\/100\n|-ability|p1a: Weavile|Pressure\n|turn|47\n|\n|move|p2a: Greninja|Dark Pulse|p1a: Weavile\n|-resisted|p1a: Weavile\n|-damage|p1a: Weavile|35\/100\n|move|p1a: Weavile|Pursuit|p2a: Greninja\n|-resisted|p2a: Greninja\n|-damage|p2a: Greninja|39\/100\n|\n|upkeep\n|turn|48\n|\n|switch|p1a: Hippowdon|Hippowdon, M|33\/100\n|-weather|Sandstorm|[from] ability: Sand Stream|[of] p1a: Hippowdon\n|move|p2a: Greninja|Dark Pulse|p1a: Hippowdon\n|-damage|p1a: Hippowdon|0 fnt\n|faint|p1a: Hippowdon\n|\n|-weather|Sandstorm|[upkeep]\n|-damage|p2a: Greninja|33\/100|[from] Sandstorm\n|upkeep\n|\n|switch|p1a: Weavile|Weavile, F|35\/100\n|-ability|p1a: Weavile|Pressure\n|turn|49\n|\n|move|p1a: Weavile|Ice Shard|p2a: Greninja\n|-resisted|p2a: Greninja\n|-damage|p2a: Greninja|10\/100\n|move|p2a: Greninja|Dark Pulse|p1a: Weavile\n|-resisted|p1a: Weavile\n|-damage|p1a: Weavile|0 fnt\n|faint|p1a: Weavile\n|\n|-weather|Sandstorm|[upkeep]\n|-damage|p2a: Greninja|4\/100|[from] Sandstorm\n|upkeep\n|\n|switch|p1a: Celesteela|Celesteela|100\/100\n|turn|50\n|\n|move|p1a: Celesteela|Protect|p1a: Celesteela\n|-singleturn|p1a: Celesteela|Protect\n|move|p2a: Greninja|Dark Pulse|p1a: Celesteela\n|-activate|p1a: Celesteela|move: Protect\n|\n|-weather|Sandstorm|[upkeep]\n|-damage|p2a: Greninja|0 fnt|[from] Sandstorm\n|upkeep\n|faint|p2a: Greninja\n|inactive|Battle timer is ON: inactive players will automatically lose when time's up. (requested by badbadnotgucc)\n|\n|switch|p2a: Zygarde|Zygarde|100\/100\n|-status|p2a: Zygarde|psn\n|-ability|p2a: Zygarde|Aura Break\n|turn|51\n|\n|move|p2a: Zygarde|Thousand Arrows|p1a: Celesteela\n|-damage|p1a: Celesteela|58\/100\n|-start|p1a: Celesteela|Smack Down\n|move|p1a: Celesteela|Leech Seed|p2a: Zygarde\n|-start|p2a: Zygarde|move: Leech Seed\n|\n|-weather|Sandstorm|[upkeep]\n|-heal|p1a: Celesteela|64\/100|[from] item: Leftovers\n|-damage|p2a: Zygarde|88\/100 psn|[from] Leech Seed|[of] p1a: Celesteela\n|-heal|p1a: Celesteela|75\/100|[silent]\n|-damage|p2a: Zygarde|76\/100 psn|[from] psn\n|upkeep\n|turn|52\n|\n|switch|p2a: Magearna|Magearna|81\/100 brn\n|move|p1a: Celesteela|Protect||[still]\n|-fail|p1a: Celesteela\n|\n|-weather|none\n|-heal|p1a: Celesteela|81\/100|[from] item: Leftovers\n|-damage|p2a: Magearna|75\/100 brn|[from] brn\n|upkeep\n|turn|53\n|\n|move|p1a: Celesteela|Protect|p1a: Celesteela\n|-singleturn|p1a: Celesteela|Protect\n|move|p2a: Magearna|Volt Switch|p1a: Celesteela\n|-activate|p1a: Celesteela|move: Protect\n|\n|-heal|p1a: Celesteela|87\/100|[from] item: Leftovers\n|-damage|p2a: Magearna|69\/100 brn|[from] brn\n|upkeep\n|turn|54\n|\n|move|p2a: Magearna|Volt Switch|p1a: Celesteela\n|-supereffective|p1a: Celesteela\n|-damage|p1a: Celesteela|56\/100\n|\n|switch|p2a: Zygarde|Zygarde|76\/100 psn\n|-ability|p2a: Zygarde|Aura Break\n|move|p1a: Celesteela|Leech Seed|p2a: Zygarde\n|-start|p2a: Zygarde|move: Leech Seed\n|\n|-heal|p1a: Celesteela|62\/100|[from] item: Leftovers\n|-damage|p2a: Zygarde|64\/100 psn|[from] Leech Seed|[of] p1a: Celesteela\n|-heal|p1a: Celesteela|73\/100|[silent]\n|-damage|p2a: Zygarde|51\/100 psn|[from] psn\n|upkeep\n|turn|55\n|\n|switch|p2a: Magearna|Magearna|69\/100 brn\n|move|p1a: Celesteela|Protect||[still]\n|-fail|p1a: Celesteela\n|\n|-heal|p1a: Celesteela|79\/100|[from] item: Leftovers\n|-damage|p2a: Magearna|63\/100 brn|[from] brn\n|upkeep\n|turn|56\n|\n|move|p1a: Celesteela|Protect|p1a: Celesteela\n|-singleturn|p1a: Celesteela|Protect\n|move|p2a: Magearna|Volt Switch|p1a: Celesteela\n|-activate|p1a: Celesteela|move: Protect\n|\n|-heal|p1a: Celesteela|85\/100|[from] item: Leftovers\n|-damage|p2a: Magearna|57\/100 brn|[from] brn\n|upkeep\n|turn|57\n|\n|move|p2a: Magearna|Volt Switch|p1a: Celesteela\n|-supereffective|p1a: Celesteela\n|-damage|p1a: Celesteela|56\/100\n|\n|switch|p2a: Zygarde|Zygarde|51\/100 psn\n|-ability|p2a: Zygarde|Aura Break\n|move|p1a: Celesteela|Leech Seed|p2a: Zygarde\n|-start|p2a: Zygarde|move: Leech Seed\n|\n|-heal|p1a: Celesteela|62\/100|[from] item: Leftovers\n|-damage|p2a: Zygarde|39\/100 psn|[from] Leech Seed|[of] p1a: Celesteela\n|-heal|p1a: Celesteela|73\/100|[silent]\n|-damage|p2a: Zygarde|27\/100 psn|[from] psn\n|upkeep\n|turn|58\n|\n|switch|p2a: Landorus|Landorus-Therian, M|100\/100\n|-ability|p2a: Landorus|Intimidate|boost\n|-unboost|p1a: Celesteela|atk|1\n|move|p1a: Celesteela|Protect||[still]\n|-fail|p1a: Celesteela\n|\n|-heal|p1a: Celesteela|79\/100|[from] item: Leftovers\n|upkeep\n|turn|59\n|\n|move|p2a: Landorus|Swords Dance|p2a: Landorus\n|-boost|p2a: Landorus|atk|2\n|move|p1a: Celesteela|Leech Seed|p2a: Landorus\n|-start|p2a: Landorus|move: Leech Seed\n|\n|-heal|p1a: Celesteela|85\/100|[from] item: Leftovers\n|-damage|p2a: Landorus|88\/100|[from] Leech Seed|[of] p1a: Celesteela\n|-heal|p1a: Celesteela|97\/100|[silent]\n|upkeep\n|turn|60\n|\n|move|p2a: Landorus|Swords Dance|p2a: Landorus\n|-boost|p2a: Landorus|atk|2\n|move|p1a: Celesteela|Heavy Slam|p2a: Landorus\n|-damage|p2a: Landorus|61\/100\n|\n|-heal|p1a: Celesteela|100\/100|[from] item: Leftovers\n|-damage|p2a: Landorus|49\/100|[from] Leech Seed|[of] p1a: Celesteela\n|upkeep\n|turn|61\n|\n|move|p1a: Celesteela|Protect|p1a: Celesteela\n|-singleturn|p1a: Celesteela|Protect\n|move|p2a: Landorus|Earthquake|p1a: Celesteela\n|-activate|p1a: Celesteela|move: Protect\n|\n|-damage|p2a: Landorus|37\/100|[from] Leech Seed|[of] p1a: Celesteela\n|upkeep\n|turn|62\n|\n|move|p2a: Landorus|Earthquake|p1a: Celesteela\n|-supereffective|p1a: Celesteela\n|-damage|p1a: Celesteela|0 fnt\n|faint|p1a: Celesteela\n|\n|upkeep\n|\n|switch|p1a: Reuniclus|Reuniclus, M, shiny|100\/100\n|turn|63\n|\n|move|p2a: Landorus|Earthquake|p1a: Reuniclus\n|-crit|p1a: Reuniclus\n|-damage|p1a: Reuniclus|0 fnt\n|faint|p1a: Reuniclus\n|\n|win|CarlyBae\n|raw|badbadnotgucc's rating: 1660 &rarr; <strong>1639<\/strong><br \/>(-21 for losing)\n|raw|CarlyBae's rating: 1653 &rarr; <strong>1673<\/strong><br \/>(+20 for winning)\n|c|\u2606CarlyBae|gg\n|c|\u2606badbadnotgucc|lucky\n|c|\u2606badbadnotgucc|ass\n|c|\u2606CarlyBae|how\n|l|\u2606badbadnotgucc\n|c|\u2606CarlyBae|it killed\n|c|\u2606CarlyBae|\/log CarlyBae made this room public.\n","uploadtime":1541479403,"views":9,"p1id":"badbadnotgucc","p2id":"carlybae","formatid":"gen7ou","rating":1639,"private":0,"password":null}