{"id":"gen7randombattle-845550878","p1":"cyberbully2019","p2":"wolfwarrior","format":"gen7randombattle","log":"|j|\u2606cyberbully2019\n|j|\u2606wolfwarrior\n|player|p1|cyberbully2019|156\n|player|p2|wolfwarrior|162\n|teamsize|p1|6\n|teamsize|p2|6\n|gametype|singles\n|gen|7\n|tier|[Gen 7] Random Battle\n|rated|\n|seed|53674,567,25135,6912\n|rule|Sleep Clause Mod: Limit one foe put to sleep\n|rule|HP Percentage Mod: HP is shown in percentages\n|\n|start\n|switch|p1a: Dhelmise|Dhelmise, L81|246\/246\n|switch|p2a: Dragonite|Dragonite, L76, F|263\/263\n|turn|1\n|inactive|Battle timer is ON: inactive players will automatically lose when time's up. (requested by wolfwarrior)\n|\n|switch|p2a: Wailord|Wailord, L83, F|418\/418\n|move|p1a: Dhelmise|Knock Off|p2a: Wailord\n|-damage|p2a: Wailord|291\/418\n|-enditem|p2a: Wailord|Choice Specs|[from] move: Knock Off|[of] p1a: Dhelmise\n|\n|upkeep\n|turn|2\n|\n|switch|p1a: Aromatisse|Aromatisse, L82, M|300\/300\n|move|p2a: Wailord|Ice Beam|p1a: Aromatisse\n|-damage|p1a: Aromatisse|239\/300\n|\n|-heal|p1a: Aromatisse|257\/300|[from] item: Leftovers\n|upkeep\n|turn|3\n|\n|move|p2a: Wailord|Ice Beam|p1a: Aromatisse\n|-damage|p1a: Aromatisse|196\/300\n|move|p1a: Aromatisse|Moonblast|p2a: Wailord\n|-damage|p2a: Wailord|126\/418\n|\n|-heal|p1a: Aromatisse|214\/300|[from] item: Leftovers\n|upkeep\n|turn|4\n|\n|move|p2a: Wailord|Ice Beam|p1a: Aromatisse\n|-damage|p1a: Aromatisse|156\/300\n|move|p1a: Aromatisse|Wish|p1a: Aromatisse\n|\n|-heal|p1a: Aromatisse|174\/300|[from] item: Leftovers\n|upkeep\n|turn|5\n|\n|move|p2a: Wailord|Ice Beam|p1a: Aromatisse\n|-damage|p1a: Aromatisse|110\/300\n|move|p1a: Aromatisse|Moonblast|p2a: Wailord\n|-damage|p2a: Wailord|0 fnt\n|faint|p2a: Wailord\n|\n|-heal|p1a: Aromatisse|260\/300|[from] move: Wish|[wisher] Aromatisse\n|-heal|p1a: Aromatisse|278\/300|[from] item: Leftovers\n|upkeep\n|\n|switch|p2a: Probopass|Probopass, L83, M|235\/235\n|-item|p2a: Probopass|Air Balloon\n|turn|6\n|\n|switch|p1a: Bewear|Bewear, L79, M|319\/319\n|move|p2a: Probopass|Flash Cannon|p1a: Bewear\n|-damage|p1a: Bewear|225\/319\n|-unboost|p1a: Bewear|spd|1\n|\n|upkeep\n|turn|7\n|\n|switch|p2a: Starmie|Starmie, L77|219\/219\n|move|p1a: Bewear|Hammer Arm|p2a: Starmie\n|-resisted|p2a: Starmie\n|-damage|p2a: Starmie|142\/219\n|-unboost|p1a: Bewear|spe|1\n|-damage|p1a: Bewear|194\/319|[from] item: Life Orb\n|\n|-heal|p2a: Starmie|155\/219|[from] item: Leftovers\n|upkeep\n|turn|8\n|\n|switch|p1a: Aromatisse|Aromatisse, L82, M|278\/300\n|move|p2a: Starmie|Psyshock|p1a: Aromatisse\n|-damage|p1a: Aromatisse|191\/300\n|\n|-heal|p2a: Starmie|168\/219|[from] item: Leftovers\n|-heal|p1a: Aromatisse|209\/300|[from] item: Leftovers\n|upkeep\n|turn|9\n|\n|move|p2a: Starmie|Hydro Pump|p1a: Aromatisse\n|-damage|p1a: Aromatisse|112\/300\n|move|p1a: Aromatisse|Moonblast|p2a: Starmie\n|-damage|p2a: Starmie|54\/219\n|\n|-heal|p2a: Starmie|67\/219|[from] item: Leftovers\n|-heal|p1a: Aromatisse|130\/300|[from] item: Leftovers\n|upkeep\n|turn|10\n|\n|move|p2a: Starmie|Hydro Pump|p1a: Aromatisse\n|-damage|p1a: Aromatisse|19\/300\n|move|p1a: Aromatisse|Wish|p1a: Aromatisse\n|\n|-heal|p2a: Starmie|80\/219|[from] item: Leftovers\n|-heal|p1a: Aromatisse|37\/300|[from] item: Leftovers\n|upkeep\n|turn|11\n|\n|move|p1a: Aromatisse|Protect|p1a: Aromatisse\n|-singleturn|p1a: Aromatisse|Protect\n|move|p2a: Starmie|Ice Beam|p1a: Aromatisse\n|-activate|p1a: Aromatisse|move: Protect\n|\n|-heal|p1a: Aromatisse|187\/300|[from] move: Wish|[wisher] Aromatisse\n|-heal|p2a: Starmie|93\/219|[from] item: Leftovers\n|-heal|p1a: Aromatisse|205\/300|[from] item: Leftovers\n|upkeep\n|turn|12\n|inactive|cyberbully2019 has 120 seconds left.\n|\n|switch|p2a: Probopass|Probopass, L83, M|235\/235\n|-item|p2a: Probopass|Air Balloon\n|move|p1a: Aromatisse|Moonblast|p2a: Probopass\n|-resisted|p2a: Probopass\n|-damage|p2a: Probopass|202\/235\n|-enditem|p2a: Probopass|Air Balloon\n|-unboost|p2a: Probopass|spa|1\n|\n|-heal|p1a: Aromatisse|223\/300|[from] item: Leftovers\n|upkeep\n|turn|13\n|\n|switch|p1a: Bewear|Bewear, L79, M|194\/319\n|move|p2a: Probopass|Flash Cannon|p1a: Bewear\n|-damage|p1a: Bewear|127\/319\n|\n|upkeep\n|turn|14\n|\n|move|p1a: Bewear|Hammer Arm|p2a: Probopass\n|-supereffective|p2a: Probopass\n|-damage|p2a: Probopass|0 fnt\n|-unboost|p1a: Bewear|spe|1\n|-damage|p1a: Bewear|96\/319|[from] item: Life Orb\n|faint|p2a: Probopass\n|\n|upkeep\n|\n|switch|p2a: Dodrio|Dodrio, L83, F|235\/235\n|turn|15\n|\n|move|p2a: Dodrio|Return|p1a: Bewear\n|-damage|p1a: Bewear|13\/319\n|-damage|p2a: Dodrio|212\/235|[from] item: Life Orb\n|move|p1a: Bewear|Ice Punch|p2a: Dodrio\n|-supereffective|p2a: Dodrio\n|-damage|p2a: Dodrio|43\/235\n|-damage|p1a: Bewear|0 fnt|[from] item: Life Orb\n|faint|p1a: Bewear\n|\n|upkeep\n|\n|switch|p1a: Dhelmise|Dhelmise, L81|246\/246\n|turn|16\n|\n|switch|p1a: Aromatisse|Aromatisse, L82, M|223\/300\n|move|p2a: Dodrio|Knock Off|p1a: Aromatisse\n|-resisted|p1a: Aromatisse\n|-damage|p1a: Aromatisse|167\/300\n|-enditem|p1a: Aromatisse|Leftovers|[from] move: Knock Off|[of] p2a: Dodrio\n|-damage|p2a: Dodrio|20\/235|[from] item: Life Orb\n|\n|upkeep\n|turn|17\n|\n|move|p2a: Dodrio|Roost|p2a: Dodrio\n|-heal|p2a: Dodrio|138\/235\n|move|p1a: Aromatisse|Wish|p1a: Aromatisse\n|\n|upkeep\n|turn|18\n|\n|move|p2a: Dodrio|Return|p1a: Aromatisse\n|-damage|p1a: Aromatisse|0 fnt\n|-damage|p2a: Dodrio|115\/235|[from] item: Life Orb\n|faint|p1a: Aromatisse\n|\n|upkeep\n|\n|switch|p1a: Typhlosion|Typhlosion, L82, F|262\/262\n|turn|19\n|\n|switch|p2a: Starmie|Starmie, L77|93\/219\n|move|p1a: Typhlosion|Eruption|p2a: Starmie\n|-resisted|p2a: Starmie\n|-damage|p2a: Starmie|1\/219\n|\n|-heal|p2a: Starmie|14\/219|[from] item: Leftovers\n|upkeep\n|turn|20\n|\n|move|p1a: Typhlosion|Eruption|p2a: Starmie\n|-resisted|p2a: Starmie\n|-damage|p2a: Starmie|0 fnt\n|faint|p2a: Starmie\n|\n|upkeep\n|\n|switch|p2a: Beheeyem|Beheeyem, L83, F|260\/260\n|turn|21\n|inactive|cyberbully2019 has 120 seconds left.\n|\n|switch|p1a: Glalie|Glalie, L79, M|255\/255\n|move|p2a: Beheeyem|Psyshock|p1a: Glalie\n|-damage|p1a: Glalie|59\/255\n|-damage|p2a: Beheeyem|234\/260|[from] item: Life Orb\n|\n|upkeep\n|turn|22\n|inactive|wolfwarrior has 120 seconds left.\n|\n|detailschange|p1a: Glalie|Glalie-Mega, L79, M\n|-mega|p1a: Glalie|Glalie|Glalitite\n|move|p1a: Glalie|Return|p2a: Beheeyem\n|-damage|p2a: Beheeyem|87\/260\n|move|p2a: Beheeyem|Trick Room|p2a: Beheeyem\n|-fieldstart|move: Trick Room|[of] p2a: Beheeyem\n|\n|upkeep\n|turn|23\n|\n|switch|p1a: Dhelmise|Dhelmise, L81|246\/246\n|move|p2a: Beheeyem|Hidden Power|p1a: Dhelmise\n|-immune|p1a: Dhelmise\n|\n|upkeep\n|turn|24\n|\n|move|p2a: Beheeyem|Psyshock|p1a: Dhelmise\n|-crit|p1a: Dhelmise\n|-damage|p1a: Dhelmise|59\/246\n|-damage|p2a: Beheeyem|61\/260|[from] item: Life Orb\n|move|p1a: Dhelmise|Knock Off|p2a: Beheeyem\n|-supereffective|p2a: Beheeyem\n|-damage|p2a: Beheeyem|0 fnt\n|-enditem|p2a: Beheeyem|Life Orb|[from] move: Knock Off|[of] p1a: Dhelmise\n|faint|p2a: Beheeyem\n|\n|-heal|p1a: Dhelmise|74\/246|[from] item: Leftovers\n|upkeep\n|\n|switch|p2a: Dodrio|Dodrio, L83, F|115\/235\n|turn|25\n|\n|move|p1a: Dhelmise|Knock Off|p2a: Dodrio\n|-damage|p2a: Dodrio|23\/235\n|-enditem|p2a: Dodrio|Life Orb|[from] move: Knock Off|[of] p1a: Dhelmise\n|move|p2a: Dodrio|Roost|p2a: Dodrio\n|-heal|p2a: Dodrio|141\/235\n|\n|-heal|p1a: Dhelmise|89\/246|[from] item: Leftovers\n|upkeep\n|turn|26\n|\n|move|p1a: Dhelmise|Anchor Shot|p2a: Dodrio\n|-damage|p2a: Dodrio|23\/235\n|-activate|p2a: Dodrio|trapped\n|move|p2a: Dodrio|Knock Off|p1a: Dhelmise\n|-supereffective|p1a: Dhelmise\n|-damage|p1a: Dhelmise|0 fnt\n|-enditem|p1a: Dhelmise|Leftovers|[from] move: Knock Off|[of] p2a: Dodrio\n|faint|p1a: Dhelmise\n|\n|-fieldend|move: Trick Room\n|upkeep\n|\n|switch|p1a: Typhlosion|Typhlosion, L82, F|262\/262\n|turn|27\n|\n|switch|p2a: Dragonite|Dragonite, L76, F|263\/263\n|move|p1a: Typhlosion|Eruption|p2a: Dragonite\n|-resisted|p2a: Dragonite\n|-damage|p2a: Dragonite|222\/263\n|\n|upkeep\n|turn|28\n|\n|move|p1a: Typhlosion|Eruption|p2a: Dragonite\n|-resisted|p2a: Dragonite\n|-damage|p2a: Dragonite|144\/263\n|move|p2a: Dragonite|Dragon Dance|p2a: Dragonite\n|-boost|p2a: Dragonite|atk|1\n|-boost|p2a: Dragonite|spe|1\n|\n|upkeep\n|turn|29\n|\n|move|p1a: Typhlosion|Eruption|p2a: Dragonite\n|-resisted|p2a: Dragonite\n|-damage|p2a: Dragonite|68\/263\n|move|p2a: Dragonite|Outrage|p1a: Typhlosion\n|-damage|p1a: Typhlosion|28\/262\n|\n|upkeep\n|turn|30\n|\n|move|p1a: Typhlosion|Eruption|p2a: Dragonite\n|-resisted|p2a: Dragonite\n|-damage|p2a: Dragonite|58\/263\n|move|p2a: Dragonite|Outrage|p1a: Typhlosion|[from]lockedmove\n|-damage|p1a: Typhlosion|0 fnt\n|-start|p2a: Dragonite|confusion|[fatigue]\n|faint|p1a: Typhlosion\n|-enditem|p2a: Dragonite|Lum Berry|[eat]\n|-end|p2a: Dragonite|confusion\n|\n|upkeep\n|\n|switch|p1a: Ditto|Ditto, L83|215\/215\n|-transform|p1a: Ditto|p2a: Dragonite|[from] ability: Imposter\n|turn|31\n|\n|move|p1a: Ditto|Outrage|p2a: Dragonite\n|-supereffective|p2a: Dragonite\n|-damage|p2a: Dragonite|0 fnt\n|faint|p2a: Dragonite\n|\n|upkeep\n|-message|wolfwarrior forfeited.\n|\n|win|cyberbully2019\n|l|\u2606wolfwarrior\n|raw|cyberbully2019's rating: 1602 &rarr; <strong>1623<\/strong><br \/>(+21 for winning)\n|raw|wolfwarrior's rating: 1616 &rarr; <strong>1596<\/strong><br \/>(-20 for losing)\n","inputlog":">version 167dce1ca67a1530449c0c777df8a5312f65fe26\n>start {\"formatid\":\"gen7randombattle\",\"seed\":[53674,567,25135,6912],\"rated\":\"Rated battle\"}\n>player p1 {\"name\":\"cyberbully2019\",\"avatar\":\"156\",\"team\":\"\"}\n>player p2 {\"name\":\"wolfwarrior\",\"avatar\":\"162\",\"team\":\"\"}\n>p1 move knockoff\n>p2 switch 6\n>p1 switch 3\n>p2 move icebeam\n>p1 move moonblast\n>p2 move icebeam\n>p1 move wish\n>p2 move icebeam\n>p1 move moonblast\n>p2 move icebeam\n>p2 switch 5\n>p1 switch 6\n>p2 move flashcannon\n>p1 move hammerarm\n>p2 switch 4\n>p1 switch 6\n>p2 move psyshock\n>p1 move moonblast\n>p2 move hydropump\n>p1 move wish\n>p2 move hydropump\n>p1 move protect\n>p2 move icebeam\n>p1 move moonblast\n>p2 switch 4\n>p1 switch 6\n>p2 move flashcannon\n>p1 move hammerarm\n>p2 move toxic\n>p2 switch 3\n>p1 move icepunch\n>p2 move return\n>p1 switch 3\n>p1 switch 6\n>p2 move knockoff\n>p1 move wish\n>p2 move roost\n>p1 move moonblast\n>p2 move return\n>p1 switch 4\n>p1 move eruption\n>p2 switch 4\n>p1 move eruption\n>p2 move hydropump\n>p2 switch 2\n>p1 switch 5\n>p2 move psyshock\n>p1 move return mega\n>p2 move trickroom\n>p1 switch 6\n>p2 move hiddenpower\n>p1 move knockoff\n>p2 move psyshock\n>p2 switch 4\n>p1 move knockoff\n>p2 move roost\n>p1 move anchorshot\n>p2 move knockoff\n>p1 switch 5\n>p1 move eruption\n>p2 switch 6\n>p1 move eruption\n>p2 move dragondance\n>p1 move eruption\n>p2 move outrage\n>p1 move eruption\n>p2 move outrage\n>p1 switch 2\n>p1 move outrage\n>p2 move outrage","uploadtime":1546848286,"views":2,"p1id":"cyberbully2019","p2id":"wolfwarrior","formatid":"gen7randombattle","rating":1596,"private":0,"password":null}