{"id":"gen7ou-912798439","p1":"hat40","p2":"why addicted","format":"gen7ou","log":"|j|\u2606hat40\n|j|\u2606why addicted\n|inactive|Battle timer is ON: inactive players will automatically lose when time's up.\n|player|p1|hat40|2\n|player|p2|why addicted|170\n|teamsize|p1|6\n|teamsize|p2|6\n|gametype|singles\n|gen|7\n|tier|[Gen 7] OU\n|rated|Tournament battle\n|rule|Sleep Clause Mod: Limit one foe put to sleep\n|rule|Species Clause: Limit one of each Pok\u00e9mon\n|rule|OHKO Clause: OHKO moves are banned\n|rule|Moody Clause: Moody is banned\n|rule|Evasion Moves Clause: Evasion moves are banned\n|rule|Endless Battle Clause: Forcing endless battles is banned\n|rule|HP Percentage Mod: HP is shown in percentages\n|clearpoke\n|poke|p1|Blacephalon|item\n|poke|p1|Charizard, F|item\n|poke|p1|Tangrowth, M|item\n|poke|p1|Toxapex, M|item\n|poke|p1|Hippowdon, F|item\n|poke|p1|Excadrill, M|item\n|poke|p2|Gallade, M|item\n|poke|p2|Tapu Lele|item\n|poke|p2|Serperior, M|item\n|poke|p2|Landorus-Therian, M|item\n|poke|p2|Rotom-Wash|item\n|poke|p2|Magearna|item\n|teampreview\n|j| fusien\n|j| slightly trash\n|j| dingalingading\n|j| Vishnug123\n|j| Ske\n|j| xu14\n|j| PC420\n|j| ltecho\n|j| Cladderly\n|j| Viocream\n|j| howardthecow\n|j| SigStorm\n|l| Ske\n|c| Vishnug123|why goatered\n|\n|start\n|switch|p1a: Charizard|Charizard, F|297\/297\n|switch|p2a: Tapu Lele|Tapu Lele|281\/281\n|-fieldstart|move: Psychic Terrain|[from] ability: Psychic Surge|[of] p2a: Tapu Lele\n|turn|1\n|j| SidPokeMe\n|j| Oculars\n|j| Docinbio\n|j| sketch-tan\n|c| Oculars|yeeeee\n|l| Vishnug123\n|\n|switch|p2a: Landorus|Landorus-Therian, M|382\/382\n|-ability|p2a: Landorus|Intimidate|boost\n|-unboost|p1a: Charizard|atk|1\n|detailschange|p1a: Charizard|Charizard-Mega-Y, F\n|-mega|p1a: Charizard|Charizard|Charizardite Y\n|-weather|SunnyDay|[from] ability: Drought|[of] p1a: Charizard\n|move|p1a: Charizard|Flamethrower|p2a: Landorus\n|-damage|p2a: Landorus|25\/382\n|-status|p2a: Landorus|brn\n|\n|-weather|SunnyDay|[upkeep]\n|-damage|p2a: Landorus|2\/382 brn|[from] brn\n|upkeep\n|turn|2\n|c| Oculars|gallade out here\n|\n|move|p1a: Charizard|Flamethrower|p2a: Landorus\n|-damage|p2a: Landorus|0 fnt\n|faint|p2a: Landorus\n|\n|-weather|SunnyDay|[upkeep]\n|upkeep\n|j| KAPrimeval\n|\n|switch|p2a: Gallade|Gallade, M|277\/277\n|turn|3\n|j| dat set doe\n|\n|detailschange|p2a: Gallade|Gallade-Mega, M\n|-mega|p2a: Gallade|Gallade|Galladite\n|move|p2a: Gallade|Zen Headbutt|p1a: Charizard\n|-damage|p1a: Charizard|3\/297\n|move|p1a: Charizard|Flamethrower|p2a: Gallade\n|-crit|p2a: Gallade\n|-damage|p2a: Gallade|0 fnt\n|faint|p2a: Gallade\n|\n|-weather|SunnyDay|[upkeep]\n|upkeep\n|l| KAPrimeval\n|j| alwaysblindsided\n|j| dtyjhtykukl\n|c|\u2606why addicted|how that live\n|l| dtyjhtykukl\n|l| howardthecow\n|l| dat set doe\n|l| alwaysblindsided\n|\n|switch|p2a: Serperior|Serperior, M|291\/291\n|turn|4\n|c| SidPokeMe|roll\n|\n|switch|p1a: Tangrowth|Tangrowth, M|403\/403\n|move|p2a: Serperior|Leaf Storm|p1a: Tangrowth\n|-resisted|p1a: Tangrowth\n|-damage|p1a: Tangrowth|341\/403\n|-boost|p2a: Serperior|spa|2\n|\n|-weather|SunnyDay|[upkeep]\n|upkeep\n|turn|5\n|\n|switch|p2a: Magearna|Magearna|363\/363\n|move|p1a: Tangrowth|Hidden Power|p2a: Magearna\n|-supereffective|p2a: Magearna\n|-damage|p2a: Magearna|297\/363\n|\n|-weather|none\n|-fieldend|move: Psychic Terrain\n|upkeep\n|turn|6\n|\n|move|p2a: Magearna|Ice Beam|p1a: Tangrowth\n|-supereffective|p1a: Tangrowth\n|-damage|p1a: Tangrowth|215\/403\n|move|p1a: Tangrowth|Earthquake|p2a: Magearna\n|-supereffective|p2a: Magearna\n|-damage|p2a: Magearna|157\/363\n|\n|upkeep\n|turn|7\n|\n|move|p2a: Magearna|Volt Switch|p1a: Tangrowth\n|-resisted|p1a: Tangrowth\n|-damage|p1a: Tangrowth|189\/403\n|j| tusirenafavorita\n|\n|switch|p2a: Tapu Lele|Tapu Lele|281\/281\n|-fieldstart|move: Psychic Terrain|[from] ability: Psychic Surge|[of] p2a: Tapu Lele\n|move|p1a: Tangrowth|Earthquake|p2a: Tapu Lele\n|-damage|p2a: Tapu Lele|177\/281\n|\n|upkeep\n|turn|8\n|\n|switch|p1a: Hippowdon|Hippowdon, F|419\/419\n|-weather|Sandstorm|[from] ability: Sand Stream|[of] p1a: Hippowdon\n|move|p2a: Tapu Lele|Psychic|p1a: Hippowdon\n|-damage|p1a: Hippowdon|0 fnt\n|faint|p1a: Hippowdon\n|\n|-weather|Sandstorm|[upkeep]\n|-damage|p2a: Tapu Lele|160\/281|[from] Sandstorm\n|upkeep\n|\n|switch|p1a: Excadrill|Excadrill, M|361\/361\n|turn|9\n|\n|switch|p2a: Rotom|Rotom-Wash|304\/304\n|move|p1a: Excadrill|Swords Dance|p1a: Excadrill\n|-boost|p1a: Excadrill|atk|2\n|\n|-weather|Sandstorm|[upkeep]\n|-damage|p2a: Rotom|285\/304|[from] Sandstorm\n|upkeep\n|turn|10\n|\n|move|p1a: Excadrill|Iron Head|p2a: Rotom\n|-resisted|p2a: Rotom\n|-damage|p2a: Rotom|230\/304\n|move|p2a: Rotom|Hydro Pump|p1a: Excadrill|[miss]\n|-miss|p2a: Rotom|p1a: Excadrill\n|\n|-weather|Sandstorm|[upkeep]\n|-damage|p2a: Rotom|211\/304|[from] Sandstorm\n|upkeep\n|turn|11\n|j| thundurpuss\n|\n|-zpower|p1a: Excadrill\n|move|p1a: Excadrill|Corkscrew Crash|p2a: Rotom|[zeffect]\n|-resisted|p2a: Rotom\n|-damage|p2a: Rotom|115\/304\n|move|p2a: Rotom|Hydro Pump|p1a: Excadrill\n|-supereffective|p1a: Excadrill\n|-crit|p1a: Excadrill\n|-damage|p1a: Excadrill|0 fnt\n|faint|p1a: Excadrill\n|\n|-weather|Sandstorm|[upkeep]\n|-damage|p2a: Rotom|96\/304|[from] Sandstorm\n|-fieldend|move: Psychic Terrain\n|upkeep\n|\n|switch|p1a: Charizard|Charizard-Mega-Y, F|3\/297\n|-weather|SunnyDay|[from] ability: Drought|[of] p1a: Charizard\n|turn|12\n|j| TheDarkSwirl\n|\n|switch|p2a: Magearna|Magearna|157\/363\n|move|p1a: Charizard|Flamethrower|p2a: Magearna\n|-supereffective|p2a: Magearna\n|-damage|p2a: Magearna|0 fnt\n|faint|p2a: Magearna\n|\n|-weather|SunnyDay|[upkeep]\n|upkeep\n|\n|switch|p2a: Serperior|Serperior, M|291\/291\n|turn|13\n|\n|move|p2a: Serperior|Leaf Storm|p1a: Charizard\n|-resisted|p1a: Charizard\n|-damage|p1a: Charizard|0 fnt\n|-boost|p2a: Serperior|spa|2\n|faint|p1a: Charizard\n|\n|-weather|SunnyDay|[upkeep]\n|upkeep\n|\n|switch|p1a: Blacephalon|Blacephalon|247\/247\n|turn|14\n|\n|switch|p2a: Rotom|Rotom-Wash|96\/304\n|move|p1a: Blacephalon|Fire Blast|p2a: Rotom\n|-resisted|p2a: Rotom\n|-damage|p2a: Rotom|0 fnt\n|faint|p2a: Rotom\n|-ability|p1a: Blacephalon|Beast Boost|boost\n|-boost|p1a: Blacephalon|spa|1\n|\n|-weather|SunnyDay|[upkeep]\n|upkeep\n|\n|switch|p2a: Serperior|Serperior, M|291\/291\n|turn|15\n|\n|move|p2a: Serperior|Glare|p1a: Blacephalon\n|-status|p1a: Blacephalon|par\n|move|p1a: Blacephalon|Fire Blast|p2a: Serperior|[miss]\n|-miss|p1a: Blacephalon|p2a: Serperior\n|\n|-weather|SunnyDay|[upkeep]\n|upkeep\n|turn|16\n|\n|move|p2a: Serperior|Glare|p1a: Blacephalon\n|-fail|p1a: Blacephalon|par\n|move|p1a: Blacephalon|Fire Blast|p2a: Serperior\n|-supereffective|p2a: Serperior\n|-damage|p2a: Serperior|0 fnt\n|faint|p2a: Serperior\n|-ability|p1a: Blacephalon|Beast Boost|boost\n|-boost|p1a: Blacephalon|spa|1\n|\n|-weather|none\n|upkeep\n|\n|switch|p2a: Tapu Lele|Tapu Lele|160\/281\n|-fieldstart|move: Psychic Terrain|[from] ability: Psychic Surge|[of] p2a: Tapu Lele\n|turn|17\n|\n|move|p2a: Tapu Lele|Psyshock|p1a: Blacephalon\n|-damage|p1a: Blacephalon|0 fnt\n|faint|p1a: Blacephalon\n|\n|upkeep\n|l| dingalingading\n|\n|switch|p1a: Toxapex|Toxapex, M|304\/304\n|turn|18\n|\n|move|p2a: Tapu Lele|Psyshock|p1a: Toxapex\n|-supereffective|p1a: Toxapex\n|-damage|p1a: Toxapex|0 fnt\n|faint|p1a: Toxapex\n|\n|upkeep\n|\n|switch|p1a: Tangrowth|Tangrowth, M|323\/403\n|turn|19\n|\n|move|p2a: Tapu Lele|Psyshock|p1a: Tangrowth\n|-damage|p1a: Tangrowth|73\/403\n|move|p1a: Tangrowth|Giga Drain|p2a: Tapu Lele\n|-damage|p2a: Tapu Lele|82\/281\n|-heal|p1a: Tangrowth|112\/403|[from] drain|[of] p2a: Tapu Lele\n|\n|upkeep\n|turn|20\n|\n|move|p2a: Tapu Lele|Psyshock|p1a: Tangrowth\n|-damage|p1a: Tangrowth|0 fnt\n|faint|p1a: Tangrowth\n|\n|win|why addicted\n","uploadtime":1558318351,"views":60,"p1id":"hat40","p2id":"whyaddicted","formatid":"gen7ou","rating":0,"private":0,"password":null}