{"id":"gen7ou-1680673574","p1":"Philein","p2":"tanishq1","format":"gen7ou","log":"|j|\u2606Philein\n|j|\u2606tanishq1\n|t:|1665224838\n|gametype|singles\n|player|p1|Philein|lucas|1702\n|player|p2|tanishq1|2|1628\n|teamsize|p1|6\n|teamsize|p2|6\n|gen|7\n|tier|[Gen 7] OU\n|rated|\n|rule|Sleep Clause Mod: Limit one foe put to sleep\n|rule|Species Clause: Limit one of each Pok\u00e9mon\n|rule|OHKO Clause: OHKO moves are banned\n|rule|Moody Clause: Moody is banned\n|rule|Evasion Items Clause: Evasion items are banned\n|rule|Evasion Moves Clause: Evasion moves are banned\n|rule|Endless Battle Clause: Forcing endless battles is banned\n|rule|HP Percentage Mod: HP is shown in percentages\n|clearpoke\n|poke|p1|Toxapex, F|item\n|poke|p1|Gliscor, F|item\n|poke|p1|Ferrothorn, F|item\n|poke|p1|Ditto|item\n|poke|p1|Latias, F|item\n|poke|p1|Celesteela|item\n|poke|p2|Mawile, M|item\n|poke|p2|Kartana|item\n|poke|p2|Magnezone|item\n|poke|p2|Gliscor, F|item\n|poke|p2|Chansey, F|item\n|poke|p2|Slowbro, F|item\n|teampreview\n|inactive|Battle timer is ON: inactive players will automatically lose when time's up. (requested by tanishq1)\n|\n|t:|1665224862\n|start\n|switch|p1a: Raiponse|Toxapex, F|100\/100\n|switch|p2a: Gliscor|Gliscor, F|100\/100\n|turn|1\n|\n|t:|1665224865\n|switch|p2a: Slowbro|Slowbro, F|100\/100\n|move|p1a: Raiponse|Scald|p2a: Slowbro\n|-resisted|p2a: Slowbro\n|-damage|p2a: Slowbro|93\/100\n|\n|-heal|p2a: Slowbro|99\/100|[from] item: Leftovers\n|upkeep\n|turn|2\n|\n|t:|1665224870\n|move|p1a: Raiponse|Scald|p2a: Slowbro\n|-resisted|p2a: Slowbro\n|-damage|p2a: Slowbro|92\/100\n|move|p2a: Slowbro|Future Sight|p1a: Raiponse\n|-start|p2a: Slowbro|move: Future Sight\n|\n|-heal|p2a: Slowbro|98\/100|[from] item: Leftovers\n|upkeep\n|turn|3\n|\n|t:|1665224874\n|switch|p2a: Gliscor|Gliscor, F|100\/100\n|move|p1a: Raiponse|Scald|p2a: Gliscor\n|-supereffective|p2a: Gliscor\n|-damage|p2a: Gliscor|65\/100\n|-status|p2a: Gliscor|brn\n|\n|-damage|p2a: Gliscor|58\/100 brn|[from] brn\n|upkeep\n|turn|4\n|\n|t:|1665224879\n|switch|p1a: Lyobart de Cambrai|Latias, F|100\/100\n|move|p2a: Gliscor|Stealth Rock|p1a: Lyobart de Cambrai\n|-sidestart|p1: Philein|move: Stealth Rock\n|\n|-end|p1a: Lyobart de Cambrai|move: Future Sight\n|-resisted|p1a: Lyobart de Cambrai\n|-damage|p1a: Lyobart de Cambrai|85\/100\n|-damage|p2a: Gliscor|52\/100 brn|[from] brn\n|upkeep\n|turn|5\n|\n|t:|1665224884\n|switch|p1a: Nogaret|Ferrothorn, F|100\/100\n|-damage|p1a: Nogaret|94\/100|[from] Stealth Rock\n|switch|p2a: Chansey|Chansey, F|100\/100\n|\n|-heal|p1a: Nogaret|100\/100|[from] item: Leftovers\n|upkeep\n|turn|6\n|\n|t:|1665224888\n|switch|p2a: Magnezone|Magnezone|100\/100\n|switch|p1a: ERRORE DE SISTEMA|Ditto|100\/100\n|-damage|p1a: ERRORE DE SISTEMA|88\/100|[from] Stealth Rock\n|-transform|p1a: ERRORE DE SISTEMA|p2a: Magnezone|[from] ability: Imposter\n|\n|upkeep\n|turn|7\n|\n|t:|1665224893\n|move|p1a: ERRORE DE SISTEMA|Hidden Power|p2a: Magnezone\n|-supereffective|p2a: Magnezone\n|-damage|p2a: Magnezone|0 fnt\n|faint|p2a: Magnezone\n|\n|upkeep\n|j| CM Reuni\n|\n|t:|1665224901\n|switch|p2a: Gliscor|Gliscor, F|52\/100 brn\n|turn|8\n|\n|t:|1665224905\n|switch|p1a: Sandrine|Gliscor, F|100\/100\n|-damage|p1a: Sandrine|88\/100|[from] Stealth Rock\n|move|p2a: Gliscor|U-turn|p1a: Sandrine\n|-resisted|p1a: Sandrine\n|-damage|p1a: Sandrine|85\/100\n|\n|t:|1665224907\n|switch|p2a: Kartana|Kartana|100\/100|[from]move: U-turn\n|\n|-status|p1a: Sandrine|tox|[from] item: Toxic Orb\n|upkeep\n|turn|9\n|\n|t:|1665224913\n|switch|p1a: Raiponse|Toxapex, F|100\/100\n|-damage|p1a: Raiponse|88\/100|[from] Stealth Rock\n|move|p2a: Kartana|Knock Off|p1a: Raiponse\n|-damage|p1a: Raiponse|56\/100\n|-enditem|p1a: Raiponse|Black Sludge|[from] move: Knock Off|[of] p2a: Kartana\n|\n|upkeep\n|turn|10\n|\n|t:|1665224916\n|move|p2a: Kartana|Leaf Blade|p1a: Raiponse\n|-damage|p1a: Raiponse|12\/100\n|move|p1a: Raiponse|Recover|p1a: Raiponse\n|-heal|p1a: Raiponse|62\/100\n|\n|upkeep\n|turn|11\n|\n|t:|1665224919\n|move|p1a: Raiponse|Baneful Bunker|p1a: Raiponse\n|-singleturn|p1a: Raiponse|move: Protect\n|-zpower|p2a: Kartana\n|move|p2a: Kartana|Bloom Doom|p1a: Raiponse|[zeffect]\n|-zbroken|p1a: Raiponse\n|-damage|p1a: Raiponse|41\/100\n|\n|upkeep\n|turn|12\n|\n|t:|1665224936\n|switch|p1a: Lyobart de Cambrai|Latias, F|85\/100\n|-damage|p1a: Lyobart de Cambrai|72\/100|[from] Stealth Rock\n|move|p2a: Kartana|Knock Off|p1a: Lyobart de Cambrai\n|-supereffective|p1a: Lyobart de Cambrai\n|-damage|p1a: Lyobart de Cambrai|18\/100\n|\n|upkeep\n|turn|13\n|\n|t:|1665224940\n|detailschange|p1a: Lyobart de Cambrai|Latias-Mega, F\n|-mega|p1a: Lyobart de Cambrai|Latias|Latiasite\n|move|p1a: Lyobart de Cambrai|Roost|p1a: Lyobart de Cambrai\n|-heal|p1a: Lyobart de Cambrai|69\/100\n|-singleturn|p1a: Lyobart de Cambrai|move: Roost\n|move|p2a: Kartana|Knock Off|p1a: Lyobart de Cambrai\n|-supereffective|p1a: Lyobart de Cambrai\n|-damage|p1a: Lyobart de Cambrai|25\/100\n|\n|upkeep\n|turn|14\n|\n|t:|1665224946\n|switch|p2a: Mawile|Mawile, M|100\/100\n|-ability|p2a: Mawile|Intimidate|boost\n|-unboost|p1a: Lyobart de Cambrai|atk|1\n|move|p1a: Lyobart de Cambrai|Roost|p1a: Lyobart de Cambrai\n|-heal|p1a: Lyobart de Cambrai|75\/100\n|-singleturn|p1a: Lyobart de Cambrai|move: Roost\n|\n|upkeep\n|turn|15\n|\n|t:|1665224951\n|switch|p1a: Nogaret|Ferrothorn, F|100\/100\n|-damage|p1a: Nogaret|94\/100|[from] Stealth Rock\n|detailschange|p2a: Mawile|Mawile-Mega, M\n|-mega|p2a: Mawile|Mawile|Mawilite\n|move|p2a: Mawile|Swords Dance|p2a: Mawile\n|-boost|p2a: Mawile|atk|2\n|\n|-heal|p1a: Nogaret|100\/100|[from] item: Leftovers\n|upkeep\n|turn|16\n|\n|t:|1665224954\n|move|p2a: Mawile|Knock Off|p1a: Nogaret\n|-damage|p1a: Nogaret|24\/100\n|-damage|p2a: Mawile|88\/100|[from] ability: Iron Barbs|[of] p1a: Nogaret\n|-enditem|p1a: Nogaret|Leftovers|[from] move: Knock Off|[of] p2a: Mawile\n|move|p1a: Nogaret|Leech Seed|p2a: Mawile\n|-start|p2a: Mawile|move: Leech Seed\n|\n|-damage|p2a: Mawile|75\/100|[from] Leech Seed|[of] p1a: Nogaret\n|-heal|p1a: Nogaret|33\/100|[silent]\n|upkeep\n|turn|17\n|\n|t:|1665224957\n|move|p1a: Nogaret|Protect|p1a: Nogaret\n|-singleturn|p1a: Nogaret|Protect\n|move|p2a: Mawile|Knock Off|p1a: Nogaret\n|-activate|p1a: Nogaret|move: Protect\n|\n|-damage|p2a: Mawile|63\/100|[from] Leech Seed|[of] p1a: Nogaret\n|-heal|p1a: Nogaret|43\/100|[silent]\n|upkeep\n|turn|18\n|\n|t:|1665224960\n|move|p2a: Mawile|Knock Off|p1a: Nogaret\n|-damage|p1a: Nogaret|0 fnt\n|-damage|p2a: Mawile|50\/100|[from] ability: Iron Barbs|[of] p1a: Nogaret\n|faint|p1a: Nogaret\n|\n|upkeep\n|\n|t:|1665224964\n|switch|p1a: ERRORE DE SISTEMA|Ditto|88\/100\n|-damage|p1a: ERRORE DE SISTEMA|76\/100|[from] Stealth Rock\n|-transform|p1a: ERRORE DE SISTEMA|p2a: Mawile|[from] ability: Imposter\n|turn|19\n|\n|t:|1665224969\n|move|p1a: ERRORE DE SISTEMA|Play Rough|p2a: Mawile\n|-resisted|p2a: Mawile\n|-damage|p2a: Mawile|0 fnt\n|faint|p2a: Mawile\n|\n|upkeep\n|-message|tanishq1 forfeited.\n|\n|win|Philein\n|raw|Philein's rating: 1702 &rarr; <strong>1718<\/strong><br \/>(+16 for winning)\n|raw|tanishq1's rating: 1628 &rarr; <strong>1612<\/strong><br \/>(-16 for losing)\n|l|\u2606tanishq1\n","uploadtime":1665224979,"views":20,"p1id":"philein","p2id":"tanishq1","formatid":"gen7ou","rating":1612,"private":0,"password":null}