{"id":"gen7ou-950107715","p1":"Saint Surfy","p2":"Ban lando t guy jk","format":"gen7ou","log":"|j|\u2606Saint Surfy\n|j|\u2606Ban lando t guy jk\n|player|p1|Saint Surfy|sage-gen2|1639\n|player|p2|Ban lando t guy jk|164|1603\n|teamsize|p1|6\n|teamsize|p2|6\n|gametype|singles\n|gen|7\n|tier|[Gen 7] OU\n|rated|\n|rule|Sleep Clause Mod: Limit one foe put to sleep\n|rule|Species Clause: Limit one of each Pok\u00e9mon\n|rule|OHKO Clause: OHKO moves are banned\n|rule|Moody Clause: Moody is banned\n|rule|Evasion Moves Clause: Evasion moves are banned\n|rule|Endless Battle Clause: Forcing endless battles is banned\n|rule|HP Percentage Mod: HP is shown in percentages\n|clearpoke\n|poke|p1|Mawile, F|item\n|poke|p1|Rotom-Wash|item\n|poke|p1|Heatran, M|item\n|poke|p1|Landorus-Therian, M|item\n|poke|p1|Tapu Bulu|item\n|poke|p1|Kartana|item\n|poke|p2|Hawlucha, M|item\n|poke|p2|Swampert, F|item\n|poke|p2|Ferrothorn, F|item\n|poke|p2|Pelipper, M|item\n|poke|p2|Tapu Koko|item\n|poke|p2|Greninja, M|item\n|teampreview\n|inactive|Battle timer is ON: inactive players will automatically lose when time's up. (requested by Ban lando t guy jk)\n|\n|start\n|switch|p1a: Kartana|Kartana|100\/100\n|switch|p2a: Tapu Koko|Tapu Koko|100\/100\n|-fieldstart|move: Electric Terrain|[from] ability: Electric Surge|[of] p2a: Tapu Koko\n|turn|1\n|\n|switch|p1a: Rotom|Rotom-Wash|100\/100\n|-zpower|p2a: Tapu Koko\n|move|p2a: Tapu Koko|Twinkle Tackle|p1a: Rotom|[zeffect]\n|-damage|p1a: Rotom|48\/100\n|\n|upkeep\n|turn|2\n|j| Pope Faith\n|\n|switch|p2a: Hey|Ferrothorn, F|100\/100\n|move|p1a: Rotom|Volt Switch|p2a: Hey\n|-resisted|p2a: Hey\n|-damage|p2a: Hey|92\/100\n|\n|switch|p1a: Heatran|Heatran, M|100\/100|[from]move: Volt Switch\n|\n|-heal|p2a: Hey|98\/100|[from] item: Leftovers\n|upkeep\n|turn|3\n|\n|move|p1a: Heatran|Stealth Rock|p2a: Hey\n|-sidestart|p2: Ban lando t guy jk|move: Stealth Rock\n|move|p2a: Hey|Stealth Rock|p1a: Heatran\n|-sidestart|p1: Saint Surfy|move: Stealth Rock\n|\n|-heal|p2a: Hey|100\/100|[from] item: Leftovers\n|upkeep\n|turn|4\n|\n|switch|p2a: Nappy is trash|Pelipper, M|100\/100\n|-damage|p2a: Nappy is trash|76\/100|[from] Stealth Rock\n|-weather|RainDance|[from] ability: Drizzle|[of] p2a: Nappy is trash\n|move|p1a: Heatran|Magma Storm|p2a: Nappy is trash|[miss]\n|-miss|p1a: Heatran|p2a: Nappy is trash\n|\n|-weather|RainDance|[upkeep]\n|upkeep\n|turn|5\n|\n|switch|p1a: Rotom|Rotom-Wash|48\/100\n|-damage|p1a: Rotom|36\/100|[from] Stealth Rock\n|move|p2a: Nappy is trash|U-turn|p1a: Rotom\n|-damage|p1a: Rotom|27\/100\n|\n|switch|p2a: Let get Bluff|Swampert, F|100\/100|[from]move: U-turn\n|-damage|p2a: Let get Bluff|94\/100|[from] Stealth Rock\n|\n|-weather|RainDance|[upkeep]\n|-fieldend|move: Electric Terrain\n|upkeep\n|turn|6\n|\n|detailschange|p2a: Let get Bluff|Swampert-Mega, F\n|-mega|p2a: Let get Bluff|Swampert|Swampertite\n|move|p2a: Let get Bluff|Waterfall|p1a: Rotom\n|-resisted|p1a: Rotom\n|-damage|p1a: Rotom|0 fnt\n|faint|p1a: Rotom\n|\n|-weather|RainDance|[upkeep]\n|upkeep\n|\n|switch|p1a: Tapu Bulu|Tapu Bulu|100\/100\n|-damage|p1a: Tapu Bulu|88\/100|[from] Stealth Rock\n|-fieldstart|move: Grassy Terrain|[from] ability: Grassy Surge|[of] p1a: Tapu Bulu\n|turn|7\n|\n|switch|p2a: Hey|Ferrothorn, F|100\/100\n|-damage|p2a: Hey|94\/100|[from] Stealth Rock\n|move|p1a: Tapu Bulu|Superpower|p2a: Hey\n|-supereffective|p2a: Hey\n|-damage|p2a: Hey|3\/100\n|-damage|p1a: Tapu Bulu|76\/100|[from] ability: Iron Barbs|[of] p2a: Hey\n|-unboost|p1a: Tapu Bulu|atk|1\n|-unboost|p1a: Tapu Bulu|def|1\n|\n|-weather|RainDance|[upkeep]\n|-heal|p1a: Tapu Bulu|82\/100|[from] Grassy Terrain\n|-heal|p2a: Hey|9\/100|[from] item: Leftovers\n|-heal|p2a: Hey|15\/100|[from] Grassy Terrain\n|upkeep\n|turn|8\n|\n|switch|p2a: Tapu Koko|Tapu Koko|100\/100\n|-damage|p2a: Tapu Koko|88\/100|[from] Stealth Rock\n|-fieldstart|move: Electric Terrain|[from] ability: Electric Surge|[of] p2a: Tapu Koko\n|move|p1a: Tapu Bulu|Superpower|p2a: Tapu Koko\n|-resisted|p2a: Tapu Koko\n|-damage|p2a: Tapu Koko|56\/100\n|-unboost|p1a: Tapu Bulu|atk|1\n|-unboost|p1a: Tapu Bulu|def|1\n|\n|-weather|RainDance|[upkeep]\n|upkeep\n|turn|9\n|\n|switch|p2a: Copy and PasteBirb|Hawlucha, M|100\/100\n|-damage|p2a: Copy and PasteBirb|88\/100|[from] Stealth Rock\n|-enditem|p2a: Copy and PasteBirb|Electric Seed\n|-boost|p2a: Copy and PasteBirb|def|1\n|switch|p1a: Landorus|Landorus-Therian, M|100\/100\n|-damage|p1a: Landorus|88\/100|[from] Stealth Rock\n|-ability|p1a: Landorus|Intimidate|boost\n|-unboost|p2a: Copy and PasteBirb|atk|1\n|\n|-weather|RainDance|[upkeep]\n|upkeep\n|turn|10\n|\n|move|p2a: Copy and PasteBirb|Swords Dance|p2a: Copy and PasteBirb\n|-boost|p2a: Copy and PasteBirb|atk|2\n|move|p1a: Landorus|Hidden Power|p2a: Copy and PasteBirb\n|-supereffective|p2a: Copy and PasteBirb\n|-damage|p2a: Copy and PasteBirb|43\/100\n|\n|-weather|RainDance|[upkeep]\n|upkeep\n|turn|11\n|\n|move|p2a: Copy and PasteBirb|Swords Dance|p2a: Copy and PasteBirb\n|-boost|p2a: Copy and PasteBirb|atk|2\n|move|p1a: Landorus|Hidden Power|p2a: Copy and PasteBirb\n|-supereffective|p2a: Copy and PasteBirb\n|-damage|p2a: Copy and PasteBirb|1\/100\n|\n|-weather|none\n|upkeep\n|turn|12\n|\n|move|p2a: Copy and PasteBirb|Roost|p2a: Copy and PasteBirb\n|-heal|p2a: Copy and PasteBirb|51\/100\n|-singleturn|p2a: Copy and PasteBirb|move: Roost\n|move|p1a: Landorus|Hidden Power|p2a: Copy and PasteBirb\n|-damage|p2a: Copy and PasteBirb|29\/100\n|\n|-fieldend|move: Electric Terrain\n|upkeep\n|turn|13\n|\n|move|p2a: Copy and PasteBirb|Roost|p2a: Copy and PasteBirb\n|-heal|p2a: Copy and PasteBirb|79\/100\n|-singleturn|p2a: Copy and PasteBirb|move: Roost\n|move|p1a: Landorus|Hidden Power|p2a: Copy and PasteBirb\n|-damage|p2a: Copy and PasteBirb|54\/100\n|\n|upkeep\n|turn|14\n|c|\u2606Saint Surfy|u lived on 1\n|\n|move|p2a: Copy and PasteBirb|Roost|p2a: Copy and PasteBirb\n|-heal|p2a: Copy and PasteBirb|100\/100\n|-singleturn|p2a: Copy and PasteBirb|move: Roost\n|move|p1a: Landorus|Hidden Power|p2a: Copy and PasteBirb\n|-damage|p2a: Copy and PasteBirb|77\/100\n|\n|upkeep\n|turn|15\n|c|\u2606Saint Surfy|is this you\n|c|\u2606Saint Surfy|my kids are gone\n|\n|move|p2a: Copy and PasteBirb|Swords Dance|p2a: Copy and PasteBirb\n|-boost|p2a: Copy and PasteBirb|atk|2\n|move|p1a: Landorus|Hidden Power|p2a: Copy and PasteBirb\n|-supereffective|p2a: Copy and PasteBirb\n|-damage|p2a: Copy and PasteBirb|27\/100\n|\n|upkeep\n|turn|16\n|\n|move|p2a: Copy and PasteBirb|Roost|p2a: Copy and PasteBirb\n|-heal|p2a: Copy and PasteBirb|77\/100\n|-singleturn|p2a: Copy and PasteBirb|move: Roost\n|move|p1a: Landorus|Hidden Power|p2a: Copy and PasteBirb\n|-damage|p2a: Copy and PasteBirb|53\/100\n|\n|upkeep\n|turn|17\n|\n|move|p2a: Copy and PasteBirb|Roost|p2a: Copy and PasteBirb\n|-heal|p2a: Copy and PasteBirb|100\/100\n|-singleturn|p2a: Copy and PasteBirb|move: Roost\n|move|p1a: Landorus|Hidden Power|p2a: Copy and PasteBirb\n|-damage|p2a: Copy and PasteBirb|77\/100\n|\n|upkeep\n|turn|18\n|\n|move|p2a: Copy and PasteBirb|Acrobatics|p1a: Landorus\n|-damage|p1a: Landorus|0 fnt\n|faint|p1a: Landorus\n|\n|upkeep\n|\n|switch|p1a: Mawile|Mawile, F|100\/100\n|-damage|p1a: Mawile|94\/100|[from] Stealth Rock\n|-ability|p1a: Mawile|Intimidate|boost\n|-unboost|p2a: Copy and PasteBirb|atk|1\n|turn|19\n|\n|detailschange|p1a: Mawile|Mawile-Mega, F\n|-mega|p1a: Mawile|Mawile|Mawilite\n|move|p1a: Mawile|Sucker Punch|p2a: Copy and PasteBirb\n|-resisted|p2a: Copy and PasteBirb\n|-damage|p2a: Copy and PasteBirb|55\/100\n|move|p2a: Copy and PasteBirb|High Jump Kick|p1a: Mawile\n|-damage|p1a: Mawile|0 fnt\n|faint|p1a: Mawile\n|\n|upkeep\n|\n|switch|p1a: Kartana|Kartana|100\/100\n|-damage|p1a: Kartana|94\/100|[from] Stealth Rock\n|turn|20\n|\n|move|p2a: Copy and PasteBirb|Acrobatics|p1a: Kartana\n|-damage|p1a: Kartana|0 fnt\n|faint|p1a: Kartana\n|\n|upkeep\n|\n|switch|p1a: Heatran|Heatran, M|100\/100\n|-damage|p1a: Heatran|88\/100|[from] Stealth Rock\n|turn|21\n|\n|move|p2a: Copy and PasteBirb|High Jump Kick|p1a: Heatran\n|-supereffective|p1a: Heatran\n|-damage|p1a: Heatran|0 fnt\n|faint|p1a: Heatran\n|\n|upkeep\n|-message|Saint Surfy forfeited.\n|\n|win|Ban lando t guy jk\n|l|\u2606Saint Surfy\n|c|\u2606Ban lando t guy jk|gg\n|raw|Saint Surfy's rating: 1639 &rarr; <strong>1615<\/strong><br \/>(-24 for losing)\n|raw|Ban lando t guy jk's rating: 1580 &rarr; <strong>1604<\/strong><br \/>(+24 for winning)\n","uploadtime":1564015865,"views":39,"p1id":"saintsurfy","p2id":"banlandotguyjk","formatid":"gen7ou","rating":1604,"private":0,"password":null}