{"id":"gen7ou-986734580","p1":"comp233","p2":"SeventhDragon","format":"gen7ou","log":"|j|\u2606comp233\n|j|\u2606SeventhDragon\n|player|p1|comp233|115|1651\n|player|p2|SeventhDragon|146|1663\n|teamsize|p1|6\n|teamsize|p2|6\n|gametype|singles\n|gen|7\n|tier|[Gen 7] OU\n|rated|\n|rule|Sleep Clause Mod: Limit one foe put to sleep\n|rule|Species Clause: Limit one of each Pok\u00e9mon\n|rule|OHKO Clause: OHKO moves are banned\n|rule|Moody Clause: Moody is banned\n|rule|Evasion Moves Clause: Evasion moves are banned\n|rule|Endless Battle Clause: Forcing endless battles is banned\n|rule|HP Percentage Mod: HP is shown in percentages\n|clearpoke\n|poke|p1|Lucario, M|item\n|poke|p1|Lopunny, M|item\n|poke|p1|Hawlucha, M|item\n|poke|p1|Kommo-o, F|item\n|poke|p1|Keldeo-Resolute|item\n|poke|p1|Infernape, F|item\n|poke|p2|Venusaur, M|item\n|poke|p2|Victini|item\n|poke|p2|Keldeo|item\n|poke|p2|Seismitoad, M|item\n|poke|p2|Skarmory, M|item\n|poke|p2|Magearna|item\n|teampreview\n|\n|start\n|switch|p1a: Infernape|Infernape, F, shiny|100\/100\n|switch|p2a: Keldeo|Keldeo|100\/100\n|turn|1\n|\n|move|p1a: Infernape|Stealth Rock|p2a: Keldeo\n|-sidestart|p2: SeventhDragon|move: Stealth Rock\n|move|p2a: Keldeo|Scald|p1a: Infernape\n|-supereffective|p1a: Infernape\n|-enditem|p1a: Infernape|Focus Sash\n|-damage|p1a: Infernape|1\/100\n|\n|upkeep\n|turn|2\n|\n|move|p2a: Keldeo|Scald|p1a: Infernape\n|-supereffective|p1a: Infernape\n|-damage|p1a: Infernape|0 fnt\n|faint|p1a: Infernape\n|\n|upkeep\n|\n|switch|p1a: Lopunny|Lopunny, M, shiny|100\/100\n|turn|3\n|\n|switch|p2a: Skarmory|Skarmory, M|100\/100\n|-damage|p2a: Skarmory|88\/100|[from] Stealth Rock\n|detailschange|p1a: Lopunny|Lopunny-Mega, M, shiny\n|-mega|p1a: Lopunny|Lopunny|Lopunnite\n|move|p1a: Lopunny|High Jump Kick|p2a: Skarmory\n|-crit|p2a: Skarmory\n|-damage|p2a: Skarmory|21\/100\n|\n|upkeep\n|turn|4\n|\n|move|p1a: Lopunny|High Jump Kick|p2a: Skarmory\n|-damage|p2a: Skarmory|0 fnt\n|faint|p2a: Skarmory\n|\n|upkeep\n|\n|switch|p2a: Keldeo|Keldeo|100\/100\n|-damage|p2a: Keldeo|94\/100|[from] Stealth Rock\n|turn|5\n|\n|move|p1a: Lopunny|High Jump Kick|p2a: Keldeo\n|-damage|p2a: Keldeo|8\/100\n|move|p2a: Keldeo|Secret Sword|p1a: Lopunny\n|-supereffective|p1a: Lopunny\n|-damage|p1a: Lopunny|0 fnt\n|faint|p1a: Lopunny\n|\n|-heal|p2a: Keldeo|14\/100|[from] item: Leftovers\n|upkeep\n|\n|switch|p1a: Keldeo|Keldeo-Resolute|100\/100\n|turn|6\n|\n|switch|p2a: Venusaur|Venusaur, M|100\/100\n|-damage|p2a: Venusaur|88\/100|[from] Stealth Rock\n|move|p1a: Keldeo|Secret Sword|p2a: Venusaur\n|-resisted|p2a: Venusaur\n|-damage|p2a: Venusaur|71\/100\n|\n|upkeep\n|turn|7\n|\n|switch|p1a: Lucario|Lucario, M|100\/100\n|switch|p2a: Magearna|Magearna|100\/100\n|-damage|p2a: Magearna|94\/100|[from] Stealth Rock\n|\n|upkeep\n|turn|8\n|\n|move|p1a: Lucario|Flash Cannon|p2a: Magearna\n|-damage|p2a: Magearna|41\/100\n|-unboost|p2a: Magearna|spd|1\n|move|p2a: Magearna|Trick Room|p2a: Magearna\n|-fieldstart|move: Trick Room|[of] p2a: Magearna\n|\n|upkeep\n|turn|9\n|\n|-zpower|p2a: Magearna\n|move|p2a: Magearna|Twinkle Tackle|p1a: Lucario|[zeffect]\n|-damage|p1a: Lucario|0 fnt\n|faint|p1a: Lucario\n|-ability|p2a: Magearna|Soul-Heart|boost\n|-boost|p2a: Magearna|spa|1\n|\n|upkeep\n|\n|switch|p1a: Keldeo|Keldeo-Resolute|100\/100\n|turn|10\n|\n|move|p2a: Magearna|Thunderbolt|p1a: Keldeo\n|-supereffective|p1a: Keldeo\n|-damage|p1a: Keldeo|0 fnt\n|faint|p1a: Keldeo\n|-ability|p2a: Magearna|Soul-Heart|boost\n|-boost|p2a: Magearna|spa|1\n|\n|upkeep\n|\n|switch|p1a: Hawlucha|Hawlucha, M|100\/100\n|turn|11\n|\n|move|p2a: Magearna|Thunderbolt|p1a: Hawlucha\n|-supereffective|p1a: Hawlucha\n|-damage|p1a: Hawlucha|0 fnt\n|faint|p1a: Hawlucha\n|-ability|p2a: Magearna|Soul-Heart|boost\n|-boost|p2a: Magearna|spa|1\n|\n|upkeep\n|\n|switch|p1a: Kommo-o|Kommo-o, F|100\/100\n|turn|12\n|\n|move|p2a: Magearna|Fleur Cannon|p1a: Kommo-o\n|-supereffective|p1a: Kommo-o\n|-damage|p1a: Kommo-o|0 fnt\n|-unboost|p2a: Magearna|spa|2\n|faint|p1a: Kommo-o\n|\n|win|SeventhDragon\n|raw|comp233's rating: 1651 &rarr; <strong>1631<\/strong><br \/>(-20 for losing)\n|raw|SeventhDragon's rating: 1663 &rarr; <strong>1682<\/strong><br \/>(+19 for winning)\n","uploadtime":1570170843,"views":5,"p1id":"comp233","p2id":"seventhdragon","formatid":"gen7ou","rating":1631,"private":0,"password":null}