{"id":"gen7ou-964117277","p1":"Shardul888","p2":"MysteryML","format":"gen7ou","log":"|j|\u2606Shardul888\n|j|\u2606MysteryML\n|player|p1|Shardul888|92|1536\n|player|p2|MysteryML|266|1564\n|teamsize|p1|6\n|teamsize|p2|6\n|gametype|singles\n|gen|7\n|tier|[Gen 7] OU\n|rated|\n|rule|Sleep Clause Mod: Limit one foe put to sleep\n|rule|Species Clause: Limit one of each Pok\u00e9mon\n|rule|OHKO Clause: OHKO moves are banned\n|rule|Moody Clause: Moody is banned\n|rule|Evasion Moves Clause: Evasion moves are banned\n|rule|Endless Battle Clause: Forcing endless battles is banned\n|rule|HP Percentage Mod: HP is shown in percentages\n|clearpoke\n|poke|p1|Venusaur, M|item\n|poke|p1|Magearna|item\n|poke|p1|Dragonite, F|item\n|poke|p1|Gliscor, F|item\n|poke|p1|Zeraora|item\n|poke|p1|Milotic, M|item\n|poke|p2|Rotom-Wash|item\n|poke|p2|Ninetales-Alola, F|item\n|poke|p2|Sandslash-Alola, F|item\n|poke|p2|Abomasnow, M|item\n|poke|p2|Kommo-o, F|item\n|poke|p2|Jirachi|item\n|teampreview\n|inactive|Battle timer is ON: inactive players will automatically lose when time's up. (requested by Shardul888)\n|\n|start\n|switch|p1a: Wave|Milotic, M|100\/100\n|switch|p2a: Jirachi|Jirachi|100\/100\n|turn|1\n|\n|move|p2a: Jirachi|U-turn|p1a: Wave\n|-damage|p1a: Wave|85\/100\n|\n|switch|p2a: Abomasnow|Abomasnow, M|100\/100|[from]move: U-turn\n|-weather|Hail|[from] ability: Snow Warning|[of] p2a: Abomasnow\n|move|p1a: Wave|Whirlpool|p2a: Abomasnow\n|-resisted|p2a: Abomasnow\n|-damage|p2a: Abomasnow|94\/100\n|-activate|p2a: Abomasnow|move: Whirlpool|[of] p1a: Wave\n|\n|-weather|Hail|[upkeep]\n|-damage|p1a: Wave|79\/100|[from] Hail\n|-heal|p1a: Wave|85\/100|[from] item: Leftovers\n|-damage|p2a: Abomasnow|82\/100|[from] move: Whirlpool|[partiallytrapped]\n|upkeep\n|turn|2\n|\n|switch|p1a: Machine|Magearna|100\/100\n|detailschange|p2a: Abomasnow|Abomasnow-Mega, M\n|-mega|p2a: Abomasnow|Abomasnow|Abomasite\n|move|p2a: Abomasnow|Giga Drain|p1a: Machine\n|-resisted|p1a: Machine\n|-damage|p1a: Machine|83\/100\n|-heal|p2a: Abomasnow|90\/100|[from] drain|[of] p1a: Machine\n|\n|-weather|Hail|[upkeep]\n|-damage|p1a: Machine|77\/100|[from] Hail\n|-end|p2a: Abomasnow|Whirlpool|[partiallytrapped]|[silent]\n|upkeep\n|turn|3\n|\n|switch|p2a: Jirachi|Jirachi|100\/100\n|move|p1a: Machine|Aura Sphere|p2a: Jirachi\n|-damage|p2a: Jirachi|81\/100\n|\n|-weather|Hail|[upkeep]\n|-damage|p2a: Jirachi|75\/100|[from] Hail\n|-damage|p1a: Machine|71\/100|[from] Hail\n|-heal|p2a: Jirachi|81\/100|[from] item: Leftovers\n|upkeep\n|turn|4\n|\n|move|p2a: Jirachi|U-turn|p1a: Machine\n|-resisted|p1a: Machine\n|-damage|p1a: Machine|68\/100\n|\n|switch|p2a: Rotom|Rotom-Wash|100\/100|[from]move: U-turn\n|move|p1a: Machine|Aura Sphere|p2a: Rotom\n|-damage|p2a: Rotom|70\/100\n|\n|-weather|Hail|[upkeep]\n|-damage|p2a: Rotom|63\/100|[from] Hail\n|-damage|p1a: Machine|62\/100|[from] Hail\n|upkeep\n|turn|5\n|\n|switch|p1a: King|Venusaur, M|100\/100\n|move|p2a: Rotom|Volt Switch|p1a: King\n|-resisted|p1a: King\n|-damage|p1a: King|89\/100\n|\n|switch|p2a: Abomasnow|Abomasnow-Mega, M|90\/100|[from]move: Volt Switch\n|\n|-weather|none\n|upkeep\n|turn|6\n|\n|switch|p2a: Sandslash|Sandslash-Alola, F|100\/100\n|detailschange|p1a: King|Venusaur-Mega, M\n|-mega|p1a: King|Venusaur|Venusaurite\n|move|p1a: King|Sludge Bomb|p2a: Sandslash\n|-immune|p2a: Sandslash\n|\n|upkeep\n|turn|7\n|\n|switch|p1a: Machine|Magearna|62\/100\n|move|p2a: Sandslash|Icicle Crash|p1a: Machine\n|-resisted|p1a: Machine\n|-damage|p1a: Machine|44\/100\n|-damage|p2a: Sandslash|91\/100|[from] item: Life Orb\n|\n|upkeep\n|turn|8\n|\n|move|p2a: Sandslash|Earthquake|p1a: Machine\n|-supereffective|p1a: Machine\n|-damage|p1a: Machine|0 fnt\n|-damage|p2a: Sandslash|81\/100|[from] item: Life Orb\n|faint|p1a: Machine\n|\n|upkeep\n|\n|switch|p1a: Spark|Zeraora|100\/100\n|turn|9\n|\n|switch|p2a: Rotom|Rotom-Wash|63\/100\n|move|p1a: Spark|Close Combat|p2a: Rotom\n|-damage|p2a: Rotom|32\/100\n|-unboost|p1a: Spark|def|1\n|-unboost|p1a: Spark|spd|1\n|\n|upkeep\n|turn|10\n|\n|switch|p2a: Kommo-o|Kommo-o, F|100\/100\n|move|p1a: Spark|Plasma Fists|p2a: Kommo-o\n|-resisted|p2a: Kommo-o\n|-damage|p2a: Kommo-o|76\/100\n|-fieldactivate|move: Ion Deluge\n|\n|upkeep\n|turn|11\n|\n|switch|p1a: Sandstorm|Gliscor, F|100\/100\n|move|p2a: Kommo-o|Stealth Rock|p1a: Sandstorm\n|-sidestart|p1: Shardul888|move: Stealth Rock\n|\n|-status|p1a: Sandstorm|tox|[from] item: Toxic Orb\n|upkeep\n|turn|12\n|\n|switch|p2a: Ninetales|Ninetales-Alola, F|100\/100\n|-weather|Hail|[from] ability: Snow Warning|[of] p2a: Ninetales\n|move|p1a: Sandstorm|Defog|p2a: Ninetales\n|-unboost|p2a: Ninetales|evasion|1\n|-sideend|p1: Shardul888|Stealth Rock|[from] move: Defog|[of] p1a: Sandstorm\n|\n|-weather|Hail|[upkeep]\n|-damage|p1a: Sandstorm|94\/100 tox|[from] Hail\n|-heal|p1a: Sandstorm|100\/100 tox|[from] ability: Poison Heal\n|upkeep\n|turn|13\n|\n|switch|p1a: King|Venusaur-Mega, M|89\/100\n|move|p2a: Ninetales|Aurora Veil|p2a: Ninetales\n|-sidestart|p2: MysteryML|move: Aurora Veil\n|\n|-weather|Hail|[upkeep]\n|-damage|p1a: King|83\/100|[from] Hail\n|upkeep\n|turn|14\n|\n|switch|p2a: Sandslash|Sandslash-Alola, F|81\/100\n|move|p1a: King|Leech Seed|p2a: Sandslash\n|-start|p2a: Sandslash|move: Leech Seed\n|\n|-weather|Hail|[upkeep]\n|-damage|p1a: King|77\/100|[from] Hail\n|-damage|p2a: Sandslash|68\/100|[from] Leech Seed|[of] p1a: King\n|-heal|p1a: King|87\/100|[silent]\n|upkeep\n|turn|15\n|\n|switch|p2a: Abomasnow|Abomasnow-Mega, M|90\/100\n|switch|p1a: Wave|Milotic, M|85\/100\n|\n|-weather|Hail|[upkeep]\n|-damage|p1a: Wave|79\/100|[from] Hail\n|-heal|p1a: Wave|85\/100|[from] item: Leftovers\n|upkeep\n|turn|16\n|\n|switch|p1a: King|Venusaur-Mega, M|87\/100\n|move|p2a: Abomasnow|Blizzard|p1a: King\n|-supereffective|p1a: King\n|-damage|p1a: King|42\/100\n|\n|-weather|none\n|upkeep\n|turn|17\n|\n|move|p1a: King|Synthesis|p1a: King\n|-heal|p1a: King|92\/100\n|move|p2a: Abomasnow|Blizzard|p1a: King\n|-supereffective|p1a: King\n|-damage|p1a: King|46\/100\n|\n|upkeep\n|turn|18\n|\n|switch|p2a: Sandslash|Sandslash-Alola, F|68\/100\n|move|p1a: King|Sludge Bomb|p2a: Sandslash\n|-immune|p2a: Sandslash\n|\n|upkeep\n|turn|19\n|\n|move|p2a: Sandslash|Swords Dance|p2a: Sandslash\n|-boost|p2a: Sandslash|atk|2\n|move|p1a: King|Synthesis|p1a: King\n|-heal|p1a: King|96\/100\n|\n|upkeep\n|turn|20\n|\n|move|p2a: Sandslash|Icicle Crash|p1a: King\n|-supereffective|p1a: King\n|-damage|p1a: King|21\/100\n|-damage|p2a: Sandslash|58\/100|[from] item: Life Orb\n|move|p1a: King|Leech Seed|p2a: Sandslash\n|-start|p2a: Sandslash|move: Leech Seed\n|\n|-damage|p2a: Sandslash|46\/100|[from] Leech Seed|[of] p1a: King\n|-heal|p1a: King|32\/100|[silent]\n|-sideend|p2: MysteryML|move: Aurora Veil\n|upkeep\n|turn|21\n|\n|switch|p1a: Wave|Milotic, M|85\/100\n|move|p2a: Sandslash|Iron Head|p1a: Wave\n|-resisted|p1a: Wave\n|-damage|p1a: Wave|39\/100\n|-damage|p2a: Sandslash|36\/100|[from] item: Life Orb\n|\n|-heal|p1a: Wave|45\/100|[from] item: Leftovers\n|-damage|p2a: Sandslash|24\/100|[from] Leech Seed|[of] p1a: Wave\n|-heal|p1a: Wave|54\/100|[silent]\n|upkeep\n|turn|22\n|\n|move|p2a: Sandslash|Earthquake|p1a: Wave\n|-damage|p1a: Wave|0 fnt\n|-damage|p2a: Sandslash|14\/100|[from] item: Life Orb\n|faint|p1a: Wave\n|\n|upkeep\n|\n|switch|p1a: Spark|Zeraora|100\/100\n|turn|23\n|\n|switch|p2a: Rotom|Rotom-Wash|32\/100\n|move|p1a: Spark|Plasma Fists|p2a: Rotom\n|-damage|p2a: Rotom|0 fnt\n|-fieldactivate|move: Ion Deluge\n|faint|p2a: Rotom\n|\n|upkeep\n|\n|switch|p2a: Ninetales|Ninetales-Alola, F|100\/100\n|-weather|Hail|[from] ability: Snow Warning|[of] p2a: Ninetales\n|turn|24\n|\n|move|p1a: Spark|Fire Punch|p2a: Ninetales\n|-supereffective|p2a: Ninetales\n|-damage|p2a: Ninetales|31\/100\n|move|p2a: Ninetales|Aurora Veil|p2a: Ninetales\n|-sidestart|p2: MysteryML|move: Aurora Veil\n|\n|-weather|Hail|[upkeep]\n|-damage|p1a: Spark|95\/100|[from] Hail\n|upkeep\n|turn|25\n|\n|switch|p2a: Kommo-o|Kommo-o, F|76\/100\n|move|p1a: Spark|Plasma Fists|p2a: Kommo-o\n|-resisted|p2a: Kommo-o\n|-damage|p2a: Kommo-o|65\/100\n|-fieldactivate|move: Ion Deluge\n|\n|-weather|Hail|[upkeep]\n|-damage|p1a: Spark|89\/100|[from] Hail\n|-damage|p2a: Kommo-o|58\/100|[from] Hail\n|upkeep\n|turn|26\n|\n|switch|p1a: Sandstorm|Gliscor, F|100\/100 tox\n|-zpower|p2a: Kommo-o\n|move|p2a: Kommo-o|Clangorous Soulblaze|p1a: Sandstorm|[zeffect]\n|-damage|p1a: Sandstorm|24\/100 tox\n|-boost|p2a: Kommo-o|atk|1\n|-boost|p2a: Kommo-o|def|1\n|-boost|p2a: Kommo-o|spa|1\n|-boost|p2a: Kommo-o|spd|1\n|-boost|p2a: Kommo-o|spe|1\n|\n|-weather|Hail|[upkeep]\n|-damage|p2a: Kommo-o|52\/100|[from] Hail\n|-damage|p1a: Sandstorm|18\/100 tox|[from] Hail\n|-heal|p1a: Sandstorm|30\/100 tox|[from] ability: Poison Heal\n|upkeep\n|turn|27\n|\n|move|p1a: Sandstorm|Protect|p1a: Sandstorm\n|-singleturn|p1a: Sandstorm|Protect\n|move|p2a: Kommo-o|Clanging Scales|p1a: Sandstorm\n|-activate|p1a: Sandstorm|move: Protect\n|\n|-weather|Hail|[upkeep]\n|-damage|p2a: Kommo-o|46\/100|[from] Hail\n|-damage|p1a: Sandstorm|24\/100 tox|[from] Hail\n|-heal|p1a: Sandstorm|36\/100 tox|[from] ability: Poison Heal\n|upkeep\n|turn|28\n|\n|move|p1a: Sandstorm|Protect||[still]\n|-fail|p1a: Sandstorm\n|move|p2a: Kommo-o|Clanging Scales|p1a: Sandstorm\n|-crit|p1a: Sandstorm\n|-damage|p1a: Sandstorm|0 fnt\n|-unboost|p2a: Kommo-o|def|1\n|faint|p1a: Sandstorm\n|\n|-weather|none\n|upkeep\n|\n|switch|p1a: Sky|Dragonite, F|100\/100\n|turn|29\n|\n|move|p2a: Kommo-o|Clanging Scales|p1a: Sky\n|-supereffective|p1a: Sky\n|-damage|p1a: Sky|68\/100\n|-unboost|p2a: Kommo-o|def|1\n|move|p1a: Sky|Dragon Claw|p2a: Kommo-o\n|-supereffective|p2a: Kommo-o\n|-damage|p2a: Kommo-o|0 fnt\n|faint|p2a: Kommo-o\n|\n|upkeep\n|\n|switch|p2a: Ninetales|Ninetales-Alola, F|31\/100\n|-weather|Hail|[from] ability: Snow Warning|[of] p2a: Ninetales\n|turn|30\n|\n|switch|p1a: King|Venusaur-Mega, M|32\/100\n|move|p2a: Ninetales|Freeze-Dry|p1a: King\n|-supereffective|p1a: King\n|-damage|p1a: King|17\/100\n|\n|-weather|Hail|[upkeep]\n|-damage|p1a: King|11\/100|[from] Hail\n|upkeep\n|turn|31\n|\n|move|p2a: Ninetales|Freeze-Dry|p1a: King\n|-supereffective|p1a: King\n|-damage|p1a: King|0 fnt\n|faint|p1a: King\n|\n|-weather|Hail|[upkeep]\n|-sideend|p2: MysteryML|move: Aurora Veil\n|upkeep\n|\n|switch|p1a: Spark|Zeraora|89\/100\n|turn|32\n|\n|move|p1a: Spark|Fire Punch|p2a: Ninetales\n|-supereffective|p2a: Ninetales\n|-damage|p2a: Ninetales|0 fnt\n|faint|p2a: Ninetales\n|\n|-weather|Hail|[upkeep]\n|-damage|p1a: Spark|83\/100|[from] Hail\n|upkeep\n|\n|switch|p2a: Jirachi|Jirachi|81\/100\n|turn|33\n|\n|move|p1a: Spark|Fire Punch|p2a: Jirachi\n|-supereffective|p2a: Jirachi\n|-damage|p2a: Jirachi|29\/100\n|move|p2a: Jirachi|Healing Wish|p2a: Jirachi\n|faint|p2a: Jirachi\n|\n|-weather|Hail|[upkeep]\n|-damage|p1a: Spark|77\/100|[from] Hail\n|upkeep\n|\n|switch|p2a: Sandslash|Sandslash-Alola, F|14\/100\n|-heal|p2a: Sandslash|100\/100|[from] move: Healing Wish\n|turn|34\n|inactive|MysteryML has 120 seconds left.\n|\n|move|p2a: Sandslash|Earthquake|p1a: Spark\n|-supereffective|p1a: Spark\n|-damage|p1a: Spark|0 fnt\n|-damage|p2a: Sandslash|91\/100|[from] item: Life Orb\n|faint|p1a: Spark\n|\n|-weather|none\n|upkeep\n|\n|switch|p1a: Sky|Dragonite, F|68\/100\n|turn|35\n|\n|switch|p2a: Abomasnow|Abomasnow-Mega, M|90\/100\n|-weather|Hail|[from] ability: Snow Warning|[of] p2a: Abomasnow\n|move|p1a: Sky|Earthquake|p2a: Abomasnow\n|-resisted|p2a: Abomasnow\n|-damage|p2a: Abomasnow|73\/100\n|\n|-weather|Hail|[upkeep]\n|-damage|p1a: Sky|61\/100|[from] Hail\n|upkeep\n|turn|36\n|c|\u2606MysteryML|gg\n|\n|move|p2a: Abomasnow|Ice Shard|p1a: Sky\n|-supereffective|p1a: Sky\n|-crit|p1a: Sky\n|-damage|p1a: Sky|0 fnt\n|faint|p1a: Sky\n|\n|win|MysteryML\n|raw|Shardul888's rating: 1536 &rarr; <strong>1517<\/strong><br \/>(-19 for losing)\n|raw|MysteryML's rating: 1556 &rarr; <strong>1575<\/strong><br \/>(+19 for winning)\n|l|\u2606Shardul888\n","uploadtime":1566460609,"views":7,"p1id":"shardul888","p2id":"mysteryml","formatid":"gen7ou","rating":1517,"private":0,"password":null}