{"id":"gen7anythinggoes-896411981","p1":"Flashybee","p2":"Sabotage1979","format":"gen7anythinggoes","log":"|j|\u2606Flashybee\n|j|\u2606Sabotage1979\n|player|p1|Flashybee|70\n|player|p2|Sabotage1979|15\n|teamsize|p1|6\n|teamsize|p2|6\n|gametype|singles\n|gen|7\n|tier|[Gen 7] Anything Goes\n|rated|\n|rule|Endless Battle Clause: Forcing endless battles is banned\n|clearpoke\n|poke|p1|Rayquaza|item\n|poke|p1|Durant, F|item\n|poke|p1|Smeargle, M|item\n|poke|p1|Shuckle, M|item\n|poke|p1|Klefki, F|item\n|poke|p1|Bidoof, F|item\n|poke|p2|Beedrill, M|item\n|poke|p2|Bayleef, M|item\n|poke|p2|Beheeyem, M|item\n|poke|p2|Bewear, F|item\n|poke|p2|Blaziken, M|item\n|poke|p2|Blastoise, M|item\n|rule|HP Percentage Mod: HP is shown in percentages\n|teampreview\n|inactive|Battle timer is ON: inactive players will automatically lose when time's up. (requested by Sabotage1979)\n|\n|start\n|switch|p1a: Shuckle|Shuckle, M|100\/100\n|switch|p2a: Blaziken|Blaziken, M|100\/100\n|turn|1\n|\n|move|p2a: Blaziken|Blaze Kick|p1a: Shuckle|[miss]\n|-miss|p2a: Blaziken|p1a: Shuckle\n|move|p1a: Shuckle|Stealth Rock|p2a: Blaziken\n|-sidestart|p2: Sabotage1979|move: Stealth Rock\n|\n|-ability|p2a: Blaziken|Speed Boost|boost\n|-boost|p2a: Blaziken|spe|1\n|upkeep\n|turn|2\n|\n|move|p2a: Blaziken|Blaze Kick|p1a: Shuckle\n|-damage|p1a: Shuckle|76\/100\n|move|p1a: Shuckle|Sticky Web|p2a: Blaziken\n|-sidestart|p2: Sabotage1979|move: Sticky Web\n|\n|-heal|p1a: Shuckle|82\/100|[from] item: Leftovers\n|-ability|p2a: Blaziken|Speed Boost|boost\n|-boost|p2a: Blaziken|spe|1\n|upkeep\n|turn|3\n|\n|move|p2a: Blaziken|High Jump Kick|p1a: Shuckle\n|-damage|p1a: Shuckle|44\/100\n|move|p1a: Shuckle|Encore|p2a: Blaziken\n|-start|p2a: Blaziken|Encore\n|\n|-heal|p1a: Shuckle|50\/100|[from] item: Leftovers\n|-ability|p2a: Blaziken|Speed Boost|boost\n|-boost|p2a: Blaziken|spe|1\n|upkeep\n|turn|4\n|\n|switch|p1a: Klefki|Klefki, F|100\/100\n|move|p2a: Blaziken|High Jump Kick|p1a: Klefki\n|-crit|p1a: Klefki\n|-damage|p1a: Klefki|12\/100\n|-enditem|p1a: Klefki|Red Card|[of] p2a: Blaziken\n|drag|p2a: Bayleef|Bayleef, M|100\/100\n|-activate|p2a: Bayleef|move: Sticky Web\n|-unboost|p2a: Bayleef|spe|1\n|-damage|p2a: Bayleef|88\/100|[from] Stealth Rock\n|\n|upkeep\n|turn|5\n|\n|move|p1a: Klefki|Spikes|p2a: Bayleef\n|-sidestart|p2: Sabotage1979|Spikes\n|move|p2a: Bayleef|Leech Seed|p1a: Klefki\n|-start|p1a: Klefki|move: Leech Seed\n|\n|-damage|p1a: Klefki|0 fnt|[from] Leech Seed|[of] p2a: Bayleef\n|-heal|p2a: Bayleef|99\/100|[silent]\n|faint|p1a: Klefki\n|upkeep\n|\n|switch|p1a: Durant|Durant, F|100\/100\n|turn|6\n|\n|move|p1a: Durant|Entrainment|p2a: Bayleef\n|-endability|p2a: Bayleef|Leaf Guard|[from] move: Entrainment\n|-ability|p2a: Bayleef|Truant|[from] move: Entrainment\n|move|p2a: Bayleef|Leech Seed|p1a: Durant\n|-start|p1a: Durant|move: Leech Seed\n|\n|-damage|p1a: Durant|88\/100|[from] Leech Seed|[of] p2a: Bayleef\n|-heal|p2a: Bayleef|100\/100|[silent]\n|upkeep\n|turn|7\n|\n|switch|p1a: Smeargle|Smeargle, M|100\/100\n|switch|p2a: Blastoise|Blastoise, M|100\/100\n|-damage|p2a: Blastoise|88\/100|[from] Stealth Rock\n|-activate|p2a: Blastoise|move: Sticky Web\n|-unboost|p2a: Blastoise|spe|1\n|-damage|p2a: Blastoise|76\/100|[from] Spikes\n|\n|upkeep\n|turn|8\n|\n|switch|p1a: Shuckle|Shuckle, M|50\/100\n|move|p2a: Blastoise|Rain Dance|p2a: Blastoise\n|-weather|RainDance\n|\n|-weather|RainDance|[upkeep]\n|-heal|p2a: Blastoise|82\/100|[from] ability: Rain Dish\n|-heal|p1a: Shuckle|56\/100|[from] item: Leftovers\n|upkeep\n|turn|9\n|\n|move|p2a: Blastoise|Scald|p1a: Shuckle\n|-supereffective|p1a: Shuckle\n|-damage|p1a: Shuckle|0 fnt\n|faint|p1a: Shuckle\n|\n|-weather|RainDance|[upkeep]\n|-heal|p2a: Blastoise|88\/100|[from] ability: Rain Dish\n|upkeep\n|\n|switch|p1a: Durant|Durant, F|88\/100\n|turn|10\n|\n|move|p1a: Durant|Entrainment|p2a: Blastoise\n|-endability|p2a: Blastoise|Rain Dish|[from] move: Entrainment\n|-ability|p2a: Blastoise|Truant|[from] move: Entrainment\n|move|p2a: Blastoise|Scald|p1a: Durant\n|-damage|p1a: Durant|0 fnt\n|faint|p1a: Durant\n|\n|-weather|RainDance|[upkeep]\n|upkeep\n|\n|switch|p1a: Smeargle|Smeargle, M|100\/100\n|turn|11\n|\n|switch|p2a: Bayleef|Bayleef, M|100\/100\n|-activate|p2a: Bayleef|move: Sticky Web\n|-unboost|p2a: Bayleef|spe|1\n|-damage|p2a: Bayleef|88\/100|[from] Spikes\n|-damage|p2a: Bayleef|76\/100|[from] Stealth Rock\n|move|p1a: Smeargle|Block|p2a: Bayleef\n|-activate|p2a: Bayleef|trapped\n|\n|-weather|RainDance|[upkeep]\n|upkeep\n|turn|12\n|\n|move|p1a: Smeargle|Acupressure|p1a: Smeargle\n|-boost|p1a: Smeargle|spa|2\n|move|p2a: Bayleef|Leech Seed|p1a: Smeargle\n|-start|p1a: Smeargle|move: Leech Seed\n|\n|-weather|none\n|-damage|p1a: Smeargle|88\/100|[from] Leech Seed|[of] p2a: Bayleef\n|-heal|p2a: Bayleef|88\/100|[silent]\n|upkeep\n|turn|13\n|\n|move|p1a: Smeargle|Acupressure|p1a: Smeargle\n|-boost|p1a: Smeargle|spd|2\n|move|p2a: Bayleef|Toxic|p1a: Smeargle\n|-status|p1a: Smeargle|tox\n|\n|-damage|p1a: Smeargle|76\/100 tox|[from] Leech Seed|[of] p2a: Bayleef\n|-heal|p2a: Bayleef|99\/100|[silent]\n|-damage|p1a: Smeargle|70\/100 tox|[from] psn\n|upkeep\n|turn|14\n|\n|move|p1a: Smeargle|Acupressure|p1a: Smeargle\n|-boost|p1a: Smeargle|spd|2\n|move|p2a: Bayleef|Giga Drain|p1a: Smeargle\n|-damage|p1a: Smeargle|57\/100 tox\n|-heal|p2a: Bayleef|100\/100|[from] drain|[of] p1a: Smeargle\n|\n|-damage|p1a: Smeargle|45\/100 tox|[from] Leech Seed|[of] p2a: Bayleef\n|-damage|p1a: Smeargle|33\/100 tox|[from] psn\n|upkeep\n|turn|15\n|\n|move|p1a: Smeargle|Baton Pass|p1a: Smeargle\n|\n|switch|p1a: Rayquaza|Rayquaza|100\/100\n|-ability|p1a: Rayquaza|Air Lock\n|move|p2a: Bayleef|Giga Drain|p1a: Rayquaza\n|-resisted|p1a: Rayquaza\n|-damage|p1a: Rayquaza|99\/100\n|\n|-damage|p1a: Rayquaza|87\/100|[from] Leech Seed|[of] p2a: Bayleef\n|upkeep\n|turn|16\n|\n|detailschange|p1a: Rayquaza|Rayquaza-Mega\n|-mega|p1a: Rayquaza|Rayquaza|\n|-weather|DeltaStream|[from] ability: Delta Stream|[of] p1a: Rayquaza\n|move|p1a: Rayquaza|Dragon Ascent|p2a: Bayleef\n|-supereffective|p2a: Bayleef\n|-damage|p2a: Bayleef|0 fnt\n|-unboost|p1a: Rayquaza|def|1\n|-unboost|p1a: Rayquaza|spd|1\n|faint|p2a: Bayleef\n|\n|-weather|DeltaStream|[upkeep]\n|upkeep\n|\n|switch|p2a: Beedrill|Beedrill, M|100\/100\n|-damage|p2a: Beedrill|88\/100|[from] Spikes\n|-damage|p2a: Beedrill|64\/100|[from] Stealth Rock\n|-activate|p2a: Beedrill|move: Sticky Web\n|-unboost|p2a: Beedrill|spe|1\n|turn|17\n|\n|detailschange|p2a: Beedrill|Beedrill-Mega, M\n|-mega|p2a: Beedrill|Beedrill|Beedrillite\n|move|p1a: Rayquaza|Iron Head|p2a: Beedrill\n|-damage|p2a: Beedrill|0 fnt\n|faint|p2a: Beedrill\n|\n|-weather|DeltaStream|[upkeep]\n|upkeep\n|\n|switch|p2a: Blastoise|Blastoise, M|88\/100\n|-damage|p2a: Blastoise|75\/100|[from] Stealth Rock\n|-damage|p2a: Blastoise|63\/100|[from] Spikes\n|-activate|p2a: Blastoise|move: Sticky Web\n|-unboost|p2a: Blastoise|spe|1\n|turn|18\n|\n|move|p1a: Rayquaza|Dragon Ascent|p2a: Blastoise\n|-damage|p2a: Blastoise|0 fnt\n|-unboost|p1a: Rayquaza|def|1\n|-unboost|p1a: Rayquaza|spd|1\n|faint|p2a: Blastoise\n|\n|-weather|DeltaStream|[upkeep]\n|upkeep\n|\n|switch|p2a: Beheeyem|Beheeyem, M|100\/100\n|-damage|p2a: Beheeyem|88\/100|[from] Stealth Rock\n|-activate|p2a: Beheeyem|move: Sticky Web\n|-unboost|p2a: Beheeyem|spe|1\n|-damage|p2a: Beheeyem|76\/100|[from] Spikes\n|turn|19\n|\n|move|p1a: Rayquaza|Dragon Ascent|p2a: Beheeyem\n|-damage|p2a: Beheeyem|0 fnt\n|-unboost|p1a: Rayquaza|def|1\n|-unboost|p1a: Rayquaza|spd|1\n|faint|p2a: Beheeyem\n|\n|-weather|DeltaStream|[upkeep]\n|upkeep\n|\n|switch|p2a: Bewear|Bewear, F|100\/100\n|-damage|p2a: Bewear|88\/100|[from] Spikes\n|-damage|p2a: Bewear|82\/100|[from] Stealth Rock\n|-activate|p2a: Bewear|move: Sticky Web\n|-unboost|p2a: Bewear|spe|1\n|turn|20\n|\n|move|p1a: Rayquaza|Dragon Ascent|p2a: Bewear\n|-supereffective|p2a: Bewear\n|-damage|p2a: Bewear|7\/100\n|-unboost|p1a: Rayquaza|def|1\n|-unboost|p1a: Rayquaza|spd|1\n|move|p2a: Bewear|Return|p1a: Rayquaza\n|-damage|p1a: Rayquaza|0 fnt\n|faint|p1a: Rayquaza\n|-weather|none\n|\n|upkeep\n|\n|switch|p1a: Bidoof|Bidoof, F|100\/100\n|turn|21\n|\n|move|p2a: Bewear|Drain Punch|p1a: Bidoof\n|-supereffective|p1a: Bidoof\n|-damage|p1a: Bidoof|0 fnt\n|-heal|p2a: Bewear|44\/100|[from] drain|[of] p1a: Bidoof\n|faint|p1a: Bidoof\n|\n|upkeep\n|-message|Flashybee forfeited.\n|\n|win|Sabotage1979\n|l|\u2606Flashybee\n","uploadtime":1555804662,"views":5,"p1id":"flashybee","p2id":"sabotage1979","formatid":"gen7anythinggoes","rating":0,"private":0,"password":null}