{"id":"gen7metronomebattle-1008486232","p1":"Hajmola","p2":"Link-chan","format":"gen7metronomebattle","log":"|j|\u2606Hajmola\n|j|\u2606Link-chan\n|player|p1|Hajmola|10|\n|player|p2|Link-chan|cynthia-gen4|\n|teamsize|p1|2\n|teamsize|p2|2\n|gametype|doubles\n|gen|7\n|tier|[Gen 7] Metronome Battle\n|rule|HP Percentage Mod: HP is shown in percentages\n|\n|start\n|switch|p1a: Sexy Girl|Ampharos-Mega, F, shiny|100\/100\n|switch|p1b: Sexy Guy|Ampharos-Mega, M|100\/100\n|switch|p2a: Blacephalon|Blacephalon, shiny|100\/100\n|switch|p2b: Tapu Koko|Tapu Koko|100\/100\n|turn|1\n|\n|move|p2b: Tapu Koko|Metronome|p2b: Tapu Koko\n|move|p2b: Tapu Koko|Sweet Kiss|p1a: Sexy Girl|[from]Metronome\n|-start|p1a: Sexy Girl|confusion\n|move|p2a: Blacephalon|Metronome|p2a: Blacephalon\n|move|p2a: Blacephalon|Morning Sun||[from]Metronome|[still]\n|-fail|p2a: Blacephalon\n|move|p1b: Sexy Guy|Metronome|p1b: Sexy Guy\n|move|p1b: Sexy Guy|Sucker Punch||[from]Metronome|[still]\n|-fail|p1b: Sexy Guy\n|-activate|p1a: Sexy Girl|confusion\n|-damage|p1a: Sexy Girl|93\/100|[from] confusion\n|\n|upkeep\n|turn|2\n|\n|move|p2b: Tapu Koko|Metronome|p2b: Tapu Koko\n|move|p2b: Tapu Koko|Smack Down|p1b: Sexy Guy|[from]Metronome\n|-damage|p1b: Sexy Guy|90\/100\n|move|p2a: Blacephalon|Metronome|p2a: Blacephalon\n|move|p2a: Blacephalon|Mystical Fire|p1a: Sexy Girl|[from]Metronome\n|-resisted|p1a: Sexy Girl\n|-damage|p1a: Sexy Girl|79\/100\n|-unboost|p1a: Sexy Girl|spa|1\n|-ability|p1a: Sexy Girl|Competitive\n|-boost|p1a: Sexy Girl|spa|2\n|-activate|p1a: Sexy Girl|confusion\n|-damage|p1a: Sexy Girl|70\/100|[from] confusion\n|move|p1b: Sexy Guy|Metronome|p1b: Sexy Guy\n|move|p1b: Sexy Guy|Reversal|p2a: Blacephalon|[from]Metronome\n|-immune|p2a: Blacephalon\n|\n|upkeep\n|turn|3\n|\n|move|p2b: Tapu Koko|Metronome|p2b: Tapu Koko\n|move|p2b: Tapu Koko|Flash Cannon|p1b: Sexy Guy|[from]Metronome\n|-resisted|p1b: Sexy Guy\n|-damage|p1b: Sexy Guy|83\/100\n|move|p2a: Blacephalon|Metronome|p2a: Blacephalon\n|move|p2a: Blacephalon|Shell Smash|p2a: Blacephalon|[from]Metronome\n|-unboost|p2a: Blacephalon|def|1\n|-unboost|p2a: Blacephalon|spd|1\n|-boost|p2a: Blacephalon|atk|2\n|-boost|p2a: Blacephalon|spa|2\n|-boost|p2a: Blacephalon|spe|2\n|move|p1b: Sexy Guy|Metronome|p1b: Sexy Guy\n|move|p1b: Sexy Guy|Prismatic Laser|p2b: Tapu Koko|[from]Metronome\n|-damage|p2b: Tapu Koko|37\/100\n|-mustrecharge|p1b: Sexy Guy\n|-activate|p1a: Sexy Girl|confusion\n|move|p1a: Sexy Girl|Metronome|p1a: Sexy Girl\n|move|p1a: Sexy Girl|Superpower|p2a: Blacephalon|[from]Metronome\n|-immune|p2a: Blacephalon\n|\n|upkeep\n|turn|4\n|\n|move|p2a: Blacephalon|Metronome|p2a: Blacephalon\n|move|p2a: Blacephalon|Zen Headbutt|p1b: Sexy Guy|[from]Metronome\n|-crit|p1b: Sexy Guy\n|-damage|p1b: Sexy Guy|28\/100\n|move|p2b: Tapu Koko|Metronome|p2b: Tapu Koko\n|move|p2b: Tapu Koko|Guillotine|p1a: Sexy Girl|[from]Metronome\n|-damage|p1a: Sexy Girl|0 fnt\n|-ohko\n|faint|p1a: Sexy Girl\n|cant|p1b: Sexy Guy|recharge\n|\n|upkeep\n|turn|5\n|\n|move|p2a: Blacephalon|Metronome|p2a: Blacephalon\n|move|p2a: Blacephalon|Defend Order|p2a: Blacephalon|[from]Metronome\n|-boost|p2a: Blacephalon|def|1\n|-boost|p2a: Blacephalon|spd|1\n|move|p2b: Tapu Koko|Metronome|p2b: Tapu Koko\n|move|p2b: Tapu Koko|Power Swap|p1b: Sexy Guy|[from]Metronome\n|-swapboost|p2b: Tapu Koko|p1b: Sexy Guy|atk, spa|[from] move: Power Swap\n|move|p1b: Sexy Guy|Metronome|p1b: Sexy Guy\n|move|p1b: Sexy Guy|Sheer Cold|p2b: Tapu Koko|[from]Metronome|[miss]\n|-miss|p1b: Sexy Guy|p2b: Tapu Koko\n|\n|upkeep\n|turn|6\n|\n|move|p2a: Blacephalon|Metronome|p2a: Blacephalon\n|move|p2a: Blacephalon|Sacred Sword|p1b: Sexy Guy|[from]Metronome\n|-damage|p1b: Sexy Guy|0 fnt\n|faint|p1b: Sexy Guy\n|\n|win|Link-chan\n","uploadtime":1573582233,"views":2,"p1id":"hajmola","p2id":"linkchan","formatid":"gen7metronomebattle","rating":0,"private":0,"password":null}