{"id":"gen7ou-1352278678","p1":"RTSG tests","p2":"Arcanis10011","format":"gen7ou","log":"|j|\u2606RTSG tests\n|j|\u2606Arcanis10011\n|t:|1622705465\n|gametype|singles\n|player|p1|RTSG tests|169|1189\n|player|p2|Arcanis10011|dawn-gen4pt|1243\n|teamsize|p1|6\n|teamsize|p2|6\n|gen|7\n|tier|[Gen 7] OU\n|rated|\n|rule|Sleep Clause Mod: Limit one foe put to sleep\n|rule|Species Clause: Limit one of each Pok\u00e9mon\n|rule|OHKO Clause: OHKO moves are banned\n|rule|Moody Clause: Moody is banned\n|rule|Evasion Moves Clause: Evasion moves are banned\n|rule|Endless Battle Clause: Forcing endless battles is banned\n|rule|HP Percentage Mod: HP is shown in percentages\n|clearpoke\n|poke|p1|Sceptile, M|item\n|poke|p1|Feraligatr, M|item\n|poke|p1|Infernape, M|item\n|poke|p1|Latios, M|item\n|poke|p1|Dugtrio-Alola, M|item\n|poke|p1|Thundurus-Therian, M|item\n|poke|p2|Tapu Koko|item\n|poke|p2|Muk-Alola, M|item\n|poke|p2|Pinsir, F|item\n|poke|p2|Serperior, F|item\n|poke|p2|Volcarona, M|item\n|poke|p2|Greninja, M|item\n|teampreview\n|inactive|Battle timer is ON: inactive players will automatically lose when time's up. (requested by RTSG tests)\n|inactive|Arcanis10011 also wants the timer to be on.\n|\n|t:|1622705482\n|start\n|switch|p1a: Dugtrio|Dugtrio-Alola, M|100\/100\n|switch|p2a: Pinsir|Pinsir, F, shiny|100\/100\n|turn|1\n|\n|t:|1622705488\n|detailschange|p2a: Pinsir|Pinsir-Mega, F, shiny\n|-mega|p2a: Pinsir|Pinsir|Pinsirite\n|move|p1a: Dugtrio|Stealth Rock|p2a: Pinsir\n|-sidestart|p2: Arcanis10011|move: Stealth Rock\n|move|p2a: Pinsir|Swords Dance|p2a: Pinsir\n|-boost|p2a: Pinsir|atk|2\n|\n|upkeep\n|turn|2\n|\n|t:|1622705496\n|move|p1a: Dugtrio|Iron Head|p2a: Pinsir\n|-damage|p2a: Pinsir|66\/100\n|move|p2a: Pinsir|Earthquake|p1a: Dugtrio\n|-supereffective|p1a: Dugtrio\n|-enditem|p1a: Dugtrio|Focus Sash\n|-damage|p1a: Dugtrio|1\/100\n|\n|upkeep\n|turn|3\n|\n|t:|1622705504\n|move|p1a: Dugtrio|Sucker Punch|p2a: Pinsir\n|-damage|p2a: Pinsir|44\/100\n|move|p2a: Pinsir|Quick Attack|p1a: Dugtrio\n|-resisted|p1a: Dugtrio\n|-damage|p1a: Dugtrio|0 fnt\n|-ability|p1a: Dugtrio|Tangling Hair\n|-unboost|p2a: Pinsir|spe|1\n|faint|p1a: Dugtrio\n|\n|upkeep\n|\n|t:|1622705515\n|switch|p1a: Thundurus|Thundurus-Therian, M|100\/100\n|turn|4\n|\n|t:|1622705522\n|switch|p2a: Muk|Muk-Alola, M, shiny|100\/100\n|-damage|p2a: Muk|88\/100|[from] Stealth Rock\n|move|p1a: Thundurus|Thunderbolt|p2a: Muk\n|-damage|p2a: Muk|59\/100\n|-status|p2a: Muk|par\n|\n|upkeep\n|turn|5\n|\n|t:|1622705535\n|move|p1a: Thundurus|Nasty Plot|p1a: Thundurus\n|-boost|p1a: Thundurus|spa|2\n|move|p2a: Muk|Curse|p2a: Muk\n|-unboost|p2a: Muk|spe|1\n|-boost|p2a: Muk|atk|1\n|-boost|p2a: Muk|def|1\n|\n|upkeep\n|turn|6\n|\n|t:|1622705538\n|-zpower|p1a: Thundurus\n|move|p1a: Thundurus|All-Out Pummeling|p2a: Muk|[zeffect]\n|-damage|p2a: Muk|0 fnt\n|faint|p2a: Muk\n|\n|upkeep\n|\n|t:|1622705548\n|switch|p2a: Greninja|Greninja, M|100\/100\n|-damage|p2a: Greninja|88\/100|[from] Stealth Rock\n|turn|7\n|\n|t:|1622705552\n|move|p2a: Greninja|U-turn|p1a: Thundurus\n|-resisted|p1a: Thundurus\n|-damage|p1a: Thundurus|90\/100\n|\n|t:|1622705571\n|switch|p2a: Tapu Koko|Tapu Koko|100\/100|[from]move: U-turn\n|-damage|p2a: Tapu Koko|88\/100|[from] Stealth Rock\n|-fieldstart|move: Electric Terrain|[from] ability: Electric Surge|[of] p2a: Tapu Koko\n|move|p1a: Thundurus|Thunderbolt|p2a: Tapu Koko\n|-resisted|p2a: Tapu Koko\n|-damage|p2a: Tapu Koko|16\/100\n|\n|upkeep\n|turn|8\n|\n|t:|1622705577\n|move|p2a: Tapu Koko|Wild Charge|p1a: Thundurus\n|-heal|p1a: Thundurus|100\/100|[from] ability: Volt Absorb|[of] p2a: Tapu Koko\n|move|p1a: Thundurus|Thunderbolt|p2a: Tapu Koko\n|-resisted|p2a: Tapu Koko\n|-damage|p2a: Tapu Koko|0 fnt\n|faint|p2a: Tapu Koko\n|\n|upkeep\n|-message|Arcanis10011 forfeited.\n|\n|win|RTSG tests\n|raw|RTSG tests's rating: 1189 &rarr; <strong>1218<\/strong><br \/>(+29 for winning)\n|raw|Arcanis10011's rating: 1243 &rarr; <strong>1214<\/strong><br \/>(-29 for losing)\n|l|\u2606Arcanis10011\n","uploadtime":1622705584,"views":16,"p1id":"rtsgtests","p2id":"arcanis10011","formatid":"gen7ou","rating":1214,"private":0,"password":null}