{"id":"gen7ou-759685169","p1":"BigL91","p2":"ElStefano","format":"gen7ou","log":"|j|\u2606BigL91\n|j|\u2606ElStefano\n|player|p1|BigL91|135\n|player|p2|ElStefano|33\n|teamsize|p1|6\n|teamsize|p2|6\n|gametype|singles\n|gen|7\n|tier|[Gen 7] OU\n|rated|\n|rule|Sleep Clause Mod: Limit one foe put to sleep\n|rule|Species Clause: Limit one of each Pok\u00e9mon\n|rule|OHKO Clause: OHKO moves are banned\n|rule|Moody Clause: Moody is banned\n|rule|Evasion Moves Clause: Evasion moves are banned\n|rule|Endless Battle Clause: Forcing endless battles is banned\n|rule|HP Percentage Mod: HP is shown in percentages\n|clearpoke\n|poke|p1|Excadrill, M|item\n|poke|p1|Tapu Koko|item\n|poke|p1|Kartana|item\n|poke|p1|Lopunny, F|item\n|poke|p1|Zygarde|item\n|poke|p1|Magearna|item\n|poke|p2|Blacephalon|item\n|poke|p2|Tapu Koko|item\n|poke|p2|Sceptile, M|item\n|poke|p2|Omastar, F|item\n|poke|p2|Ditto|item\n|poke|p2|Latios, M|item\n|teampreview\n|\n|start\n|switch|p1a: Excadrill|Excadrill, M|100\/100\n|switch|p2a: Ditto|Ditto|100\/100\n|-ability|p1a: Excadrill|Mold Breaker\n|-transform|p2a: Ditto|p1a: Excadrill|[from] ability: Imposter\n|-ability|p2a: Ditto|Mold Breaker\n|turn|1\n|\n|move|p2a: Ditto|Earthquake|p1a: Excadrill\n|-supereffective|p1a: Excadrill\n|-enditem|p1a: Excadrill|Focus Sash\n|-damage|p1a: Excadrill|1\/100\n|move|p1a: Excadrill|Earthquake|p2a: Ditto\n|-supereffective|p2a: Ditto\n|-damage|p2a: Ditto|0 fnt\n|faint|p2a: Ditto\n|\n|upkeep\n|\n|switch|p2a: Tapu Koko|Tapu Koko|100\/100\n|-fieldstart|move: Electric Terrain|[from] ability: Electric Surge|[of] p2a: Tapu Koko\n|turn|2\n|\n|switch|p1a: Magearna|Magearna|100\/100\n|move|p2a: Tapu Koko|Dazzling Gleam|p1a: Magearna\n|-resisted|p1a: Magearna\n|-damage|p1a: Magearna|94\/100\n|\n|upkeep\n|turn|3\n|\n|move|p2a: Tapu Koko|Calm Mind|p2a: Tapu Koko\n|-boost|p2a: Tapu Koko|spa|1\n|-boost|p2a: Tapu Koko|spd|1\n|move|p1a: Magearna|Volt Switch|p2a: Tapu Koko\n|-resisted|p2a: Tapu Koko\n|-damage|p2a: Tapu Koko|84\/100\n|\n|switch|p1a: Lopunny|Lopunny, F, shiny|100\/100\n|\n|upkeep\n|turn|4\n|inactive|Battle timer is ON: inactive players will automatically lose when time's up. (requested by BigL91)\n|\n|detailschange|p1a: Lopunny|Lopunny-Mega, F, shiny\n|-mega|p1a: Lopunny|Lopunny|Lopunnite\n|move|p1a: Lopunny|Fake Out|p2a: Tapu Koko\n|-damage|p2a: Tapu Koko|51\/100\n|cant|p2a: Tapu Koko|flinch\n|\n|upkeep\n|turn|5\n|\n|move|p1a: Lopunny|Return|p2a: Tapu Koko\n|-damage|p2a: Tapu Koko|0 fnt\n|faint|p2a: Tapu Koko\n|\n|upkeep\n|\n|switch|p2a: Omastar|Omastar, F|100\/100\n|turn|6\n|\n|move|p1a: Lopunny|High Jump Kick|p2a: Omastar\n|-supereffective|p2a: Omastar\n|-enditem|p2a: Omastar|Focus Sash\n|-damage|p2a: Omastar|1\/100\n|-ability|p2a: Omastar|Weak Armor|boost\n|-unboost|p2a: Omastar|def|1\n|-boost|p2a: Omastar|spe|2\n|move|p2a: Omastar|Surf|p1a: Lopunny\n|-damage|p1a: Lopunny|41\/100\n|\n|-fieldend|move: Electric Terrain\n|upkeep\n|turn|7\n|\n|switch|p1a: Magearna|Magearna|94\/100\n|move|p2a: Omastar|Surf|p1a: Magearna\n|-damage|p1a: Magearna|77\/100\n|\n|upkeep\n|turn|8\n|inactive|ElStefano has 135 seconds left.\n|\n|move|p2a: Omastar|Stealth Rock|p1a: Magearna\n|-sidestart|p1: BigL91|move: Stealth Rock\n|move|p1a: Magearna|Volt Switch|p2a: Omastar\n|-supereffective|p2a: Omastar\n|-crit|p2a: Omastar\n|-damage|p2a: Omastar|0 fnt\n|faint|p2a: Omastar\n|-ability|p1a: Magearna|Soul-Heart|boost\n|-boost|p1a: Magearna|spa|1\n|inactive|BigL91 has 135 seconds left.\n|\n|switch|p1a: Tapu Koko|Tapu Koko|100\/100\n|-damage|p1a: Tapu Koko|88\/100|[from] Stealth Rock\n|-fieldstart|move: Electric Terrain|[from] ability: Electric Surge|[of] p1a: Tapu Koko\n|\n|upkeep\n|inactive|ElStefano has 135 seconds left.\n|\n|switch|p2a: Latios|Latios, M|100\/100\n|turn|9\n|inactive|BigL91 has 135 seconds left.\n|\n|detailschange|p2a: Latios|Latios-Mega, M\n|-mega|p2a: Latios|Latios|Latiosite\n|move|p1a: Tapu Koko|U-turn|p2a: Latios\n|-supereffective|p2a: Latios\n|-crit|p2a: Latios\n|-damage|p2a: Latios|24\/100\n|\n|switch|p1a: Excadrill|Excadrill, M|1\/100\n|-damage|p1a: Excadrill|0 fnt|[from] Stealth Rock\n|faint|p1a: Excadrill\n|move|p2a: Latios|Earthquake|p1: Excadrill|[notarget]\n|-notarget\n|\n|upkeep\n|inactive|BigL91 has 135 seconds left.\n|\n|switch|p1a: Kikoupe|Kartana|100\/100\n|-damage|p1a: Kikoupe|94\/100|[from] Stealth Rock\n|turn|10\n|\n|move|p1a: Kikoupe|Knock Off|p2a: Latios\n|-supereffective|p2a: Latios\n|-damage|p2a: Latios|0 fnt\n|faint|p2a: Latios\n|-ability|p1a: Kikoupe|Beast Boost|boost\n|-boost|p1a: Kikoupe|atk|1\n|\n|upkeep\n|\n|switch|p2a: Sceptile|Sceptile, M|100\/100\n|turn|11\n|\n|switch|p1a: Magearna|Magearna|77\/100\n|-damage|p1a: Magearna|71\/100|[from] Stealth Rock\n|move|p2a: Sceptile|Earthquake|p1a: Magearna\n|-supereffective|p1a: Magearna\n|-damage|p1a: Magearna|27\/100\n|\n|upkeep\n|turn|12\n|inactive|ElStefano has 135 seconds left.\n|\n|move|p2a: Sceptile|Earthquake|p1a: Magearna\n|-supereffective|p1a: Magearna\n|-crit|p1a: Magearna\n|-damage|p1a: Magearna|0 fnt\n|faint|p1a: Magearna\n|\n|-fieldend|move: Electric Terrain\n|upkeep\n|\n|switch|p1a: Zygarde|Zygarde|100\/100\n|-damage|p1a: Zygarde|94\/100|[from] Stealth Rock\n|-ability|p1a: Zygarde|Aura Break\n|turn|13\n|\n|move|p2a: Sceptile|Swords Dance|p2a: Sceptile\n|-boost|p2a: Sceptile|atk|2\n|move|p1a: Zygarde|Outrage|p2a: Sceptile\n|-damage|p2a: Sceptile|0 fnt\n|faint|p2a: Sceptile\n|\n|upkeep\n|\n|switch|p2a: Blacephalon|Blacephalon|100\/100\n|turn|14\n|\n|move|p2a: Blacephalon|Substitute|p2a: Blacephalon\n|-start|p2a: Blacephalon|Substitute\n|-damage|p2a: Blacephalon|76\/100\n|move|p1a: Zygarde|Outrage|p2a: Blacephalon|[from]lockedmove\n|-end|p2a: Blacephalon|Substitute\n|-start|p1a: Zygarde|confusion|[fatigue]\n|\n|upkeep\n|turn|15\n|\n|move|p2a: Blacephalon|Calm Mind|p2a: Blacephalon\n|-boost|p2a: Blacephalon|spa|1\n|-boost|p2a: Blacephalon|spd|1\n|-activate|p1a: Zygarde|confusion\n|-damage|p1a: Zygarde|78\/100|[from] confusion\n|\n|upkeep\n|turn|16\n|\n|-zpower|p2a: Blacephalon\n|move|p2a: Blacephalon|Never-Ending Nightmare|p1a: Zygarde|[zeffect]\n|-damage|p1a: Zygarde|0 fnt\n|faint|p1a: Zygarde\n|-ability|p2a: Blacephalon|Beast Boost|boost\n|-boost|p2a: Blacephalon|spe|1\n|\n|upkeep\n|\n|switch|p1a: Lopunny|Lopunny-Mega, F, shiny|41\/100\n|-damage|p1a: Lopunny|35\/100|[from] Stealth Rock\n|turn|17\n|inactive|ElStefano has 135 seconds left.\n|inactive|ElStefano has 120 seconds left.\n|\n|move|p1a: Lopunny|Fake Out|p2a: Blacephalon\n|-damage|p2a: Blacephalon|32\/100\n|cant|p2a: Blacephalon|flinch\n|\n|upkeep\n|turn|18\n|\n|switch|p1a: Tapu Koko|Tapu Koko|88\/100\n|-damage|p1a: Tapu Koko|76\/100|[from] Stealth Rock\n|-fieldstart|move: Electric Terrain|[from] ability: Electric Surge|[of] p1a: Tapu Koko\n|move|p2a: Blacephalon|Substitute|p2a: Blacephalon\n|-start|p2a: Blacephalon|Substitute\n|-damage|p2a: Blacephalon|8\/100\n|\n|upkeep\n|turn|19\n|\n|move|p2a: Blacephalon|Flamethrower|p1a: Tapu Koko\n|-damage|p1a: Tapu Koko|0 fnt\n|faint|p1a: Tapu Koko\n|-ability|p2a: Blacephalon|Beast Boost|boost\n|-boost|p2a: Blacephalon|spe|1\n|\n|upkeep\n|\n|switch|p1a: Lopunny|Lopunny-Mega, F, shiny|35\/100\n|-damage|p1a: Lopunny|29\/100|[from] Stealth Rock\n|turn|20\n|inactive|ElStefano has 135 seconds left.\n|\n|move|p1a: Lopunny|Fake Out|p2a: Blacephalon\n|-end|p2a: Blacephalon|Substitute\n|move|p2a: Blacephalon|Flamethrower|p1a: Lopunny\n|-damage|p1a: Lopunny|0 fnt\n|faint|p1a: Lopunny\n|-ability|p2a: Blacephalon|Beast Boost|boost\n|-boost|p2a: Blacephalon|spe|1\n|\n|upkeep\n|\n|switch|p1a: Kikoupe|Kartana|94\/100\n|-damage|p1a: Kikoupe|88\/100|[from] Stealth Rock\n|turn|21\n|\n|move|p2a: Blacephalon|Flamethrower|p1a: Kikoupe\n|-supereffective|p1a: Kikoupe\n|-damage|p1a: Kikoupe|0 fnt\n|faint|p1a: Kikoupe\n|\n|win|ElStefano\n|raw|BigL91's rating: 1635 &rarr; <strong>1612<\/strong><br \/>(-23 for losing)\n|raw|ElStefano's rating: 1588 &rarr; <strong>1611<\/strong><br \/>(+23 for winning)\n","inputlog":null,"uploadtime":1528496458,"views":54,"p1id":"bigl91","p2id":"elstefano","formatid":"gen7ou","rating":1611,"private":0,"password":null}