{"id":"gen7ou-860591950","p1":"PLT2A Kruzes","p2":"Moskito Cup","format":"gen7ou","log":"|raw|<div class=\"broadcast-red\"><strong>This battle is invite-only!<\/strong><br \/>Users must be rank + or invited with <code>\/invite<\/code> to join<\/div>\n|j|\u2606PLT2A Kruzes\n|j|\u2606Moskito Cup\n|player|p1|PLT2A Kruzes|293\n|player|p2|Moskito Cup|1\n|teamsize|p1|6\n|teamsize|p2|6\n|gametype|singles\n|gen|7\n|tier|[Gen 7] OU\n|rated|\n|rule|Sleep Clause Mod: Limit one foe put to sleep\n|rule|Species Clause: Limit one of each Pok\u00e9mon\n|rule|OHKO Clause: OHKO moves are banned\n|rule|Moody Clause: Moody is banned\n|rule|Evasion Moves Clause: Evasion moves are banned\n|rule|Endless Battle Clause: Forcing endless battles is banned\n|rule|HP Percentage Mod: HP is shown in percentages\n|clearpoke\n|poke|p1|Victini|item\n|poke|p1|Tapu Koko|item\n|poke|p1|Landorus-Therian, M|item\n|poke|p1|Kartana|item\n|poke|p1|Magearna|item\n|poke|p1|Gyarados, M|item\n|poke|p2|Venusaur, M|item\n|poke|p2|Keldeo-Resolute|item\n|poke|p2|Skarmory, M|item\n|poke|p2|Chansey, F|item\n|poke|p2|Heatran, F|item\n|poke|p2|Bisharp, F|item\n|teampreview\n|inactive|Battle timer is ON: inactive players will automatically lose when time's up. (requested by PLT2A Kruzes)\n|\n|start\n|switch|p1a: Tapu Koko|Tapu Koko|100\/100\n|switch|p2a: Heatran|Heatran, F|100\/100\n|-fieldstart|move: Electric Terrain|[from] ability: Electric Surge|[of] p1a: Tapu Koko\n|turn|1\n|\n|move|p1a: Tapu Koko|Volt Switch|p2a: Heatran\n|-damage|p2a: Heatran|68\/100\n|\n|switch|p1a: Landorus|Landorus-Therian, M|100\/100\n|-ability|p1a: Landorus|Intimidate|boost\n|-unboost|p2a: Heatran|atk|1\n|move|p2a: Heatran|Stealth Rock|p1a: Landorus\n|-sidestart|p1: PLT2A Kruzes|move: Stealth Rock\n|\n|-heal|p2a: Heatran|74\/100|[from] item: Leftovers\n|upkeep\n|turn|2\n|\n|switch|p2a: Skarmory|Skarmory, M|100\/100\n|move|p1a: Landorus|Earthquake|p2a: Skarmory\n|-immune|p2a: Skarmory\n|\n|upkeep\n|turn|3\n|\n|move|p1a: Landorus|Stealth Rock|p2a: Skarmory\n|-sidestart|p2: Moskito Cup|move: Stealth Rock\n|move|p2a: Skarmory|Spikes|p1a: Landorus\n|-sidestart|p1: PLT2A Kruzes|Spikes\n|\n|upkeep\n|turn|4\n|\n|switch|p1a: Tapu Koko|Tapu Koko|100\/100\n|-damage|p1a: Tapu Koko|88\/100|[from] Spikes\n|-damage|p1a: Tapu Koko|76\/100|[from] Stealth Rock\n|move|p2a: Skarmory|Whirlwind|p1a: Tapu Koko\n|drag|p1a: Victini|Victini|100\/100\n|-damage|p1a: Victini|76\/100|[from] Stealth Rock\n|-damage|p1a: Victini|63\/100|[from] Spikes\n|\n|upkeep\n|turn|5\n|\n|switch|p2a: Heatran|Heatran, F|74\/100\n|-damage|p2a: Heatran|61\/100|[from] Stealth Rock\n|move|p1a: Victini|Bolt Strike|p2a: Heatran\n|-damage|p2a: Heatran|0 fnt\n|faint|p2a: Heatran\n|\n|-fieldend|move: Electric Terrain\n|upkeep\n|\n|switch|p2a: Bisharp|Bisharp, F|100\/100\n|-damage|p2a: Bisharp|94\/100|[from] Stealth Rock\n|turn|6\n|inactive|PLT2A Kruzes has 120 seconds left.\n|\n|switch|p1a: Magearna|Magearna|100\/100\n|-damage|p1a: Magearna|88\/100|[from] Spikes\n|-damage|p1a: Magearna|82\/100|[from] Stealth Rock\n|move|p2a: Bisharp|Knock Off|p1a: Magearna\n|-resisted|p1a: Magearna\n|-damage|p1a: Magearna|58\/100\n|-enditem|p1a: Magearna|Assault Vest|[from] move: Knock Off|[of] p2a: Bisharp\n|\n|-heal|p2a: Bisharp|100\/100|[from] item: Leftovers\n|upkeep\n|turn|7\n|\n|move|p2a: Bisharp|Iron Head|p1a: Magearna\n|-damage|p1a: Magearna|21\/100\n|cant|p1a: Magearna|flinch\n|\n|upkeep\n|turn|8\n|c|\u2606PLT2A Kruzes|..\n|\n|move|p2a: Bisharp|Iron Head|p1a: Magearna\n|-damage|p1a: Magearna|0 fnt\n|faint|p1a: Magearna\n|\n|upkeep\n|c|\u2606PLT2A Kruzes|nice\n|c|\u2606PLT2A Kruzes|fucking haxer\n|\n|switch|p1a: Landorus|Landorus-Therian, M|100\/100\n|-damage|p1a: Landorus|88\/100|[from] Stealth Rock\n|-ability|p1a: Landorus|Intimidate|boost\n|-unboost|p2a: Bisharp|atk|1\n|-ability|p2a: Bisharp|Defiant|boost\n|-boost|p2a: Bisharp|atk|2\n|turn|9\n|\n|switch|p2a: Skarmory|Skarmory, M|100\/100\n|-damage|p2a: Skarmory|88\/100|[from] Stealth Rock\n|move|p1a: Landorus|Earthquake|p2a: Skarmory\n|-immune|p2a: Skarmory\n|\n|upkeep\n|turn|10\n|\n|switch|p1a: Tapu Koko|Tapu Koko|76\/100\n|-damage|p1a: Tapu Koko|63\/100|[from] Spikes\n|-damage|p1a: Tapu Koko|51\/100|[from] Stealth Rock\n|-fieldstart|move: Electric Terrain|[from] ability: Electric Surge|[of] p1a: Tapu Koko\n|move|p2a: Skarmory|Spikes|p1a: Tapu Koko\n|-sidestart|p1: PLT2A Kruzes|Spikes\n|\n|upkeep\n|turn|11\n|\n|switch|p2a: Venusaur|Venusaur, M|100\/100\n|-damage|p2a: Venusaur|88\/100|[from] Stealth Rock\n|move|p1a: Tapu Koko|Defog|p2a: Venusaur\n|-unboost|p2a: Venusaur|evasion|1\n|-sideend|p2: Moskito Cup|Stealth Rock|[from] move: Defog|[of] p1a: Tapu Koko\n|-sideend|p1: PLT2A Kruzes|Spikes|[from] move: Defog|[of] p1a: Tapu Koko\n|-sideend|p1: PLT2A Kruzes|Stealth Rock|[from] move: Defog|[of] p1a: Tapu Koko\n|\n|upkeep\n|turn|12\n|c|\u2606PLT2A Kruzes|\/log Serga was invited (and promoted to Room Voice) by PLT2A Kruzes.\n|\n|detailschange|p2a: Venusaur|Venusaur-Mega, M\n|-mega|p2a: Venusaur|Venusaur|Venusaurite\n|move|p1a: Tapu Koko|Volt Switch|p2a: Venusaur\n|-resisted|p2a: Venusaur\n|-damage|p2a: Venusaur|70\/100\n|j|+Serga\n|\n|switch|p1a: Landorus|Landorus-Therian, M|88\/100\n|-ability|p1a: Landorus|Intimidate|boost\n|-unboost|p2a: Venusaur|atk|1\n|move|p2a: Venusaur|Sludge Bomb|p1a: Landorus\n|-resisted|p1a: Landorus\n|-damage|p1a: Landorus|68\/100\n|\n|upkeep\n|turn|13\n|\n|switch|p2a: Skarmory|Skarmory, M|88\/100\n|move|p1a: Landorus|Stealth Rock|p2a: Skarmory\n|-sidestart|p2: Moskito Cup|move: Stealth Rock\n|\n|upkeep\n|turn|14\n|\n|switch|p1a: Victini|Victini|63\/100\n|move|p2a: Skarmory|Spikes|p1a: Victini\n|-sidestart|p1: PLT2A Kruzes|Spikes\n|\n|-fieldend|move: Electric Terrain\n|upkeep\n|turn|15\n|\n|switch|p2a: Keldeo|Keldeo-Resolute|100\/100\n|-damage|p2a: Keldeo|94\/100|[from] Stealth Rock\n|move|p1a: Victini|V-create|p2a: Keldeo\n|-resisted|p2a: Keldeo\n|-damage|p2a: Keldeo|32\/100\n|-unboost|p1a: Victini|spe|1\n|-unboost|p1a: Victini|def|1\n|-unboost|p1a: Victini|spd|1\n|\n|-heal|p2a: Keldeo|38\/100|[from] item: Leftovers\n|upkeep\n|turn|16\n|\n|switch|p1a: Gyarados|Gyarados, M|100\/100\n|-ability|p1a: Gyarados|Intimidate|boost\n|-unboost|p2a: Keldeo|atk|1\n|move|p2a: Keldeo|Scald|p1a: Gyarados\n|-resisted|p1a: Gyarados\n|-damage|p1a: Gyarados|81\/100\n|\n|-heal|p2a: Keldeo|44\/100|[from] item: Leftovers\n|upkeep\n|turn|17\n|\n|move|p2a: Keldeo|Scald|p1a: Gyarados\n|-resisted|p1a: Gyarados\n|-damage|p1a: Gyarados|59\/100\n|-status|p1a: Gyarados|brn\n|move|p1a: Gyarados|Dragon Dance|p1a: Gyarados\n|-boost|p1a: Gyarados|atk|1\n|-boost|p1a: Gyarados|spe|1\n|\n|-heal|p2a: Keldeo|50\/100|[from] item: Leftovers\n|-damage|p1a: Gyarados|53\/100 brn|[from] brn\n|upkeep\n|turn|18\n|c|\u2606PLT2A Kruzes|god\n|c|\u2606PLT2A Kruzes|fuck this haxer\n|\n|switch|p2a: Skarmory|Skarmory, M|88\/100\n|-damage|p2a: Skarmory|76\/100|[from] Stealth Rock\n|move|p1a: Gyarados|Dragon Dance|p1a: Gyarados\n|-boost|p1a: Gyarados|atk|1\n|-boost|p1a: Gyarados|spe|1\n|\n|-damage|p1a: Gyarados|47\/100 brn|[from] brn\n|upkeep\n|turn|19\n|\n|detailschange|p1a: Gyarados|Gyarados-Mega, M\n|-mega|p1a: Gyarados|Gyarados|Gyaradosite\n|-ability|p1a: Gyarados|Mold Breaker\n|move|p1a: Gyarados|Waterfall|p2a: Skarmory\n|-damage|p2a: Skarmory|47\/100\n|-damage|p1a: Gyarados|30\/100 brn|[from] item: Rocky Helmet|[of] p2a: Skarmory\n|move|p2a: Skarmory|Spikes|p1a: Gyarados\n|-sidestart|p1: PLT2A Kruzes|Spikes\n|\n|-damage|p1a: Gyarados|24\/100 brn|[from] brn\n|upkeep\n|turn|20\n|\n|move|p1a: Gyarados|Waterfall|p2a: Skarmory\n|-damage|p2a: Skarmory|19\/100\n|-damage|p1a: Gyarados|8\/100 brn|[from] item: Rocky Helmet|[of] p2a: Skarmory\n|move|p2a: Skarmory|Roost|p2a: Skarmory\n|-heal|p2a: Skarmory|69\/100\n|-singleturn|p2a: Skarmory|move: Roost\n|\n|-damage|p1a: Gyarados|2\/100 brn|[from] brn\n|upkeep\n|turn|21\n|\n|move|p1a: Gyarados|Waterfall|p2a: Skarmory\n|-crit|p2a: Skarmory\n|-damage|p2a: Skarmory|28\/100\n|-damage|p1a: Gyarados|0 fnt|[from] item: Rocky Helmet|[of] p2a: Skarmory\n|faint|p1a: Gyarados\n|move|p2a: Skarmory|Roost|p2a: Skarmory\n|-heal|p2a: Skarmory|78\/100\n|-singleturn|p2a: Skarmory|move: Roost\n|\n|upkeep\n|\n|switch|p1a: Victini|Victini|63\/100\n|-damage|p1a: Victini|47\/100|[from] Spikes\n|turn|22\n|\n|move|p1a: Victini|V-create|p2a: Skarmory\n|-supereffective|p2a: Skarmory\n|-damage|p2a: Skarmory|0 fnt\n|-damage|p1a: Victini|30\/100|[from] item: Rocky Helmet|[of] p2a: Skarmory\n|-unboost|p1a: Victini|spe|1\n|-unboost|p1a: Victini|def|1\n|-unboost|p1a: Victini|spd|1\n|faint|p2a: Skarmory\n|\n|upkeep\n|\n|switch|p2a: Keldeo|Keldeo-Resolute|50\/100\n|-damage|p2a: Keldeo|44\/100|[from] Stealth Rock\n|turn|23\n|\n|move|p2a: Keldeo|Substitute|p2a: Keldeo\n|-start|p2a: Keldeo|Substitute\n|-damage|p2a: Keldeo|19\/100\n|move|p1a: Victini|V-create|p2a: Keldeo\n|-resisted|p2a: Keldeo\n|-end|p2a: Keldeo|Substitute\n|-unboost|p1a: Victini|spe|1\n|-unboost|p1a: Victini|def|1\n|-unboost|p1a: Victini|spd|1\n|\n|-heal|p2a: Keldeo|25\/100|[from] item: Leftovers\n|upkeep\n|turn|24\n|\n|move|p2a: Keldeo|Scald|p1a: Victini\n|-supereffective|p1a: Victini\n|-damage|p1a: Victini|0 fnt\n|faint|p1a: Victini\n|\n|-heal|p2a: Keldeo|32\/100|[from] item: Leftovers\n|upkeep\n|\n|switch|p1a: Kartana|Kartana|100\/100\n|-damage|p1a: Kartana|84\/100|[from] Spikes\n|turn|25\n|\n|switch|p2a: Chansey|Chansey, F|100\/100\n|-damage|p2a: Chansey|88\/100|[from] Stealth Rock\n|move|p1a: Kartana|Sacred Sword|p2a: Chansey\n|-supereffective|p2a: Chansey\n|-damage|p2a: Chansey|37\/100\n|\n|upkeep\n|turn|26\n|\n|switch|p2a: Venusaur|Venusaur-Mega, M|70\/100\n|-damage|p2a: Venusaur|58\/100|[from] Stealth Rock\n|move|p1a: Kartana|Sacred Sword|p2a: Venusaur\n|-resisted|p2a: Venusaur\n|-damage|p2a: Venusaur|47\/100\n|\n|upkeep\n|turn|27\n|\n|switch|p1a: Landorus|Landorus-Therian, M|68\/100\n|-ability|p1a: Landorus|Intimidate|boost\n|-unboost|p2a: Venusaur|atk|1\n|move|p2a: Venusaur|Synthesis|p2a: Venusaur\n|-heal|p2a: Venusaur|97\/100\n|\n|upkeep\n|turn|28\n|inactive|PLT2A Kruzes has 120 seconds left.\n|\n|switch|p2a: Chansey|Chansey, F|37\/100\n|-damage|p2a: Chansey|25\/100|[from] Stealth Rock\n|-zpower|p1a: Landorus\n|move|p1a: Landorus|Supersonic Skystrike|p2a: Chansey|[zeffect]\n|-damage|p2a: Chansey|0 fnt\n|faint|p2a: Chansey\n|\n|upkeep\n|\n|switch|p2a: Keldeo|Keldeo-Resolute|32\/100\n|-damage|p2a: Keldeo|25\/100|[from] Stealth Rock\n|turn|29\n|inactive|PLT2A Kruzes has 90 seconds left.\n|\n|switch|p1a: Tapu Koko|Tapu Koko|51\/100\n|-damage|p1a: Tapu Koko|34\/100|[from] Spikes\n|-fieldstart|move: Electric Terrain|[from] ability: Electric Surge|[of] p1a: Tapu Koko\n|move|p2a: Keldeo|Scald|p1a: Tapu Koko\n|-damage|p1a: Tapu Koko|0 fnt\n|faint|p1a: Tapu Koko\n|\n|-heal|p2a: Keldeo|32\/100|[from] item: Leftovers\n|upkeep\n|\n|switch|p1a: Kartana|Kartana|84\/100\n|-damage|p1a: Kartana|67\/100|[from] Spikes\n|turn|30\n|inactive|PLT2A Kruzes has 90 seconds left.\n|\n|switch|p2a: Venusaur|Venusaur-Mega, M|97\/100\n|-damage|p2a: Venusaur|85\/100|[from] Stealth Rock\n|move|p1a: Kartana|Sacred Sword|p2a: Venusaur\n|-resisted|p2a: Venusaur\n|-damage|p2a: Venusaur|73\/100\n|\n|upkeep\n|turn|31\n|inactive|PLT2A Kruzes has 90 seconds left.\n|\n|switch|p1a: Landorus|Landorus-Therian, M|68\/100\n|-ability|p1a: Landorus|Intimidate|boost\n|-unboost|p2a: Venusaur|atk|1\n|move|p2a: Venusaur|Giga Drain|p1a: Landorus\n|-damage|p1a: Landorus|32\/100\n|-heal|p2a: Venusaur|91\/100|[from] drain|[of] p1a: Landorus\n|\n|upkeep\n|turn|32\n|\n|move|p1a: Landorus|Fly||[still]\n|-prepare|p1a: Landorus|Fly|p2a: Venusaur\n|move|p2a: Venusaur|Giga Drain|p1a: Landorus|[miss]\n|-miss|p2a: Venusaur|p1a: Landorus\n|\n|upkeep\n|turn|33\n|\n|move|p1a: Landorus|Fly|p2a: Venusaur|[from]lockedmove\n|-supereffective|p2a: Venusaur\n|-damage|p2a: Venusaur|40\/100\n|move|p2a: Venusaur|Giga Drain|p1a: Landorus\n|-damage|p1a: Landorus|0 fnt\n|-heal|p2a: Venusaur|57\/100|[from] drain|[of] p1a: Landorus\n|faint|p1a: Landorus\n|\n|-fieldend|move: Electric Terrain\n|upkeep\n|\n|switch|p1a: Kartana|Kartana|67\/100\n|-damage|p1a: Kartana|51\/100|[from] Spikes\n|turn|34\n|inactive|PLT2A Kruzes has 120 seconds left.\n|\n|move|p1a: Kartana|Sacred Sword|p2a: Venusaur\n|-resisted|p2a: Venusaur\n|-damage|p2a: Venusaur|46\/100\n|move|p2a: Venusaur|Hidden Power|p1a: Kartana\n|-supereffective|p1a: Kartana\n|-damage|p1a: Kartana|0 fnt\n|faint|p1a: Kartana\n|\n|win|Moskito Cup\n|c|\u2606PLT2A Kruzes|fuck hax\n|l|\u2606PLT2A Kruzes\n|raw|PLT2A Kruzes's rating: 1834 &rarr; <strong>1815<\/strong><br \/>(-19 for losing)\n|raw|Moskito Cup's rating: 1841 &rarr; <strong>1861<\/strong><br \/>(+20 for winning)\n|c|\u2606Moskito Cup|\/log Moskito Cup made this room public.\n","uploadtime":1549762682,"views":163,"p1id":"plt2akruzes","p2id":"moskitocup","formatid":"gen7ou","rating":1815,"private":0,"password":null}