{"id":"gen7ou-966281428","p1":"Ladder team","p2":"lord cube","format":"gen7ou","log":"|j|\u2606Ladder team\n|j|\u2606lord cube\n|player|p1|Ladder team|76|1576\n|player|p2|lord cube|92|1540\n|teamsize|p1|6\n|teamsize|p2|6\n|gametype|singles\n|gen|7\n|tier|[Gen 7] OU\n|rated|\n|rule|Sleep Clause Mod: Limit one foe put to sleep\n|rule|Species Clause: Limit one of each Pok\u00e9mon\n|rule|OHKO Clause: OHKO moves are banned\n|rule|Moody Clause: Moody is banned\n|rule|Evasion Moves Clause: Evasion moves are banned\n|rule|Endless Battle Clause: Forcing endless battles is banned\n|rule|HP Percentage Mod: HP is shown in percentages\n|clearpoke\n|poke|p1|Pelipper, M|item\n|poke|p1|Kingdra, M|item\n|poke|p1|Swampert, F|item\n|poke|p1|Ferrothorn, M|item\n|poke|p1|Kyurem-Black|item\n|poke|p1|Landorus-Therian, M|item\n|poke|p2|Banette, F|item\n|poke|p2|Skarmory, M|item\n|poke|p2|Thundurus, M|item\n|poke|p2|Azumarill, F|item\n|poke|p2|Alakazam, F|item\n|poke|p2|Garchomp, M|item\n|teampreview\n|inactive|Battle timer is ON: inactive players will automatically lose when time's up. (requested by Ladder team)\n|\n|start\n|switch|p1a: Pelipper|Pelipper, M|100\/100\n|switch|p2a: Skarmory|Skarmory, M|100\/100\n|-weather|RainDance|[from] ability: Drizzle|[of] p1a: Pelipper\n|turn|1\n|\n|move|p2a: Skarmory|Stealth Rock|p1a: Pelipper\n|-sidestart|p1: Ladder team|move: Stealth Rock\n|move|p1a: Pelipper|Scald|p2a: Skarmory\n|-damage|p2a: Skarmory|13\/100\n|\n|-weather|RainDance|[upkeep]\n|upkeep\n|turn|2\n|-enditem|p2a: Skarmory|Custap Berry|[eat]\n|-activate|p2a: Skarmory|item: Custap Berry|[consumed]\n|\n|move|p2a: Skarmory|Brave Bird|p1a: Pelipper\n|-damage|p1a: Pelipper|52\/100\n|-damage|p2a: Skarmory|0 fnt|[from] Recoil\n|faint|p2a: Skarmory\n|move|p1a: Pelipper|Scald|p2: Skarmory|[notarget]\n|-fail|p1a: Pelipper\n|\n|-weather|RainDance|[upkeep]\n|upkeep\n|\n|switch|p2a: Thundurus|Thundurus, M|100\/100\n|turn|3\n|\n|switch|p1a: Kyurem|Kyurem-Black, shiny|100\/100\n|-damage|p1a: Kyurem|75\/100|[from] Stealth Rock\n|-ability|p1a: Kyurem|Teravolt\n|move|p2a: Thundurus|Superpower|p1a: Kyurem\n|-supereffective|p1a: Kyurem\n|-damage|p1a: Kyurem|0 fnt\n|-unboost|p2a: Thundurus|atk|1\n|-unboost|p2a: Thundurus|def|1\n|-damage|p2a: Thundurus|91\/100|[from] item: Life Orb\n|faint|p1a: Kyurem\n|\n|-weather|RainDance|[upkeep]\n|upkeep\n|\n|switch|p1a: Swampert|Swampert, F, shiny|100\/100\n|-damage|p1a: Swampert|94\/100|[from] Stealth Rock\n|turn|4\n|\n|switch|p2a: Azumarill|Azumarill, F|100\/100\n|detailschange|p1a: Swampert|Swampert-Mega, F, shiny\n|-mega|p1a: Swampert|Swampert|Swampertite\n|move|p1a: Swampert|Waterfall|p2a: Azumarill\n|-resisted|p2a: Azumarill\n|-damage|p2a: Azumarill|60\/100\n|\n|-weather|RainDance|[upkeep]\n|upkeep\n|turn|5\n|\n|move|p1a: Swampert|Earthquake|p2a: Azumarill\n|-damage|p2a: Azumarill|0 fnt\n|faint|p2a: Azumarill\n|\n|-weather|RainDance|[upkeep]\n|upkeep\n|\n|switch|p2a: Banette|Banette, F|100\/100\n|turn|6\n|\n|detailschange|p2a: Banette|Banette-Mega, F\n|-mega|p2a: Banette|Banette|Banettite\n|move|p2a: Banette|Will-O-Wisp|p1a: Swampert|[miss]\n|-miss|p2a: Banette|p1a: Swampert\n|move|p1a: Swampert|Waterfall|p2a: Banette\n|-damage|p2a: Banette|0 fnt\n|faint|p2a: Banette\n|\n|-weather|RainDance|[upkeep]\n|upkeep\n|\n|switch|p2a: Alakazam|Alakazam, F|100\/100\n|turn|7\n|\n|switch|p1a: Ferrothorn|Ferrothorn, M, shiny|100\/100\n|-damage|p1a: Ferrothorn|94\/100|[from] Stealth Rock\n|move|p2a: Alakazam|Psychic|p1a: Ferrothorn\n|-resisted|p1a: Ferrothorn\n|-damage|p1a: Ferrothorn|75\/100\n|\n|-weather|RainDance|[upkeep]\n|-heal|p1a: Ferrothorn|81\/100|[from] item: Leftovers\n|upkeep\n|turn|8\n|\n|move|p2a: Alakazam|Hidden Power|p1a: Ferrothorn\n|-supereffective|p1a: Ferrothorn\n|-damage|p1a: Ferrothorn|47\/100\n|move|p1a: Ferrothorn|Gyro Ball|p2a: Alakazam\n|-enditem|p2a: Alakazam|Focus Sash\n|-damage|p2a: Alakazam|1\/100\n|\n|-weather|none\n|-heal|p1a: Ferrothorn|53\/100|[from] item: Leftovers\n|upkeep\n|turn|9\n|\n|move|p2a: Alakazam|Psychic|p1a: Ferrothorn\n|-resisted|p1a: Ferrothorn\n|-damage|p1a: Ferrothorn|32\/100\n|move|p1a: Ferrothorn|Stealth Rock|p2a: Alakazam\n|-sidestart|p2: lord cube|move: Stealth Rock\n|\n|-heal|p1a: Ferrothorn|38\/100|[from] item: Leftovers\n|upkeep\n|turn|10\n|\n|move|p2a: Alakazam|Hidden Power|p1a: Ferrothorn\n|-supereffective|p1a: Ferrothorn\n|-damage|p1a: Ferrothorn|0 fnt\n|faint|p1a: Ferrothorn\n|\n|upkeep\n|\n|switch|p1a: Pelipper|Pelipper, M|52\/100\n|-damage|p1a: Pelipper|27\/100|[from] Stealth Rock\n|-weather|RainDance|[from] ability: Drizzle|[of] p1a: Pelipper\n|turn|11\n|\n|move|p2a: Alakazam|Psychic|p1a: Pelipper\n|-damage|p1a: Pelipper|0 fnt\n|faint|p1a: Pelipper\n|\n|-weather|RainDance|[upkeep]\n|upkeep\n|\n|switch|p1a: Kingdra|Kingdra, M, shiny|100\/100\n|-damage|p1a: Kingdra|88\/100|[from] Stealth Rock\n|turn|12\n|\n|move|p1a: Kingdra|Surf|p2a: Alakazam\n|-damage|p2a: Alakazam|0 fnt\n|faint|p2a: Alakazam\n|\n|-weather|RainDance|[upkeep]\n|upkeep\n|\n|switch|p2a: Thundurus|Thundurus, M|91\/100\n|-damage|p2a: Thundurus|66\/100|[from] Stealth Rock\n|turn|13\n|\n|move|p1a: Kingdra|Surf|p2a: Thundurus\n|-damage|p2a: Thundurus|0 fnt\n|faint|p2a: Thundurus\n|\n|-weather|RainDance|[upkeep]\n|upkeep\n|\n|switch|p2a: Garchomp|Garchomp, M|100\/100\n|-damage|p2a: Garchomp|94\/100|[from] Stealth Rock\n|turn|14\n|\n|move|p1a: Kingdra|Surf|p2a: Garchomp\n|-damage|p2a: Garchomp|0 fnt\n|faint|p2a: Garchomp\n|\n|win|Ladder team\n|raw|Ladder team's rating: 1576 &rarr; <strong>1594<\/strong><br \/>(+18 for winning)\n|raw|lord cube's rating: 1540 &rarr; <strong>1523<\/strong><br \/>(-17 for losing)\n|l|\u2606lord cube\n","uploadtime":1566828993,"views":14,"p1id":"ladderteam","p2id":"lordcube","formatid":"gen7ou","rating":1523,"private":0,"password":null}