{"id":"gen7ou-842664264","p1":"PCL3","p2":"uuuuiiii","format":"gen7ou","log":"|j|\u2606PCL3\n|j|\u2606uuuuiiii\n|player|p1|PCL3|98\n|player|p2|uuuuiiii|1\n|teamsize|p1|6\n|teamsize|p2|6\n|gametype|singles\n|gen|7\n|tier|[Gen 7] OU\n|rated|\n|html|<div class=\"broadcast-green\"><strong>OU is currently suspecting Zygarde! For information on how to participate check out the <a href=\"https:\/\/www.smogon.com\/forums\/threads\/3645049\/\">suspect thread<\/a>.<\/strong><\/div>\n|rule|Sleep Clause Mod: Limit one foe put to sleep\n|rule|Species Clause: Limit one of each Pok\u00e9mon\n|rule|OHKO Clause: OHKO moves are banned\n|rule|Moody Clause: Moody is banned\n|rule|Evasion Moves Clause: Evasion moves are banned\n|rule|Endless Battle Clause: Forcing endless battles is banned\n|rule|HP Percentage Mod: HP is shown in percentages\n|clearpoke\n|poke|p1|Kyurem-Black|item\n|poke|p1|Landorus-Therian, M|item\n|poke|p1|Magearna|item\n|poke|p1|Greninja, M|item\n|poke|p1|Tapu Koko|item\n|poke|p1|Swampert, F|item\n|poke|p2|Beedrill, M|item\n|poke|p2|Tapu Lele|item\n|poke|p2|Landorus-Therian, M|item\n|poke|p2|Smeargle, M|item\n|poke|p2|Blacephalon|item\n|poke|p2|Araquanid, M|item\n|teampreview\n|\n|start\n|switch|p1a: Tapu Koko|Tapu Koko|100\/100\n|switch|p2a: Tapu Lele|Tapu Lele, shiny|100\/100\n|-fieldstart|move: Electric Terrain|[from] ability: Electric Surge|[of] p1a: Tapu Koko\n|-fieldstart|move: Psychic Terrain|[from] ability: Psychic Surge|[of] p2a: Tapu Lele\n|turn|1\n|\n|move|p1a: Tapu Koko|U-turn|p2a: Tapu Lele\n|-damage|p2a: Tapu Lele|68\/100\n|\n|switch|p1a: Magearna|Magearna|100\/100\n|move|p2a: Tapu Lele|Psyshock|p1a: Magearna\n|-resisted|p1a: Magearna\n|-damage|p1a: Magearna|70\/100\n|\n|upkeep\n|turn|2\n|\n|switch|p2a: Smeargle|Smeargle, M|100\/100\n|move|p1a: Magearna|Thunderbolt|p2a: Smeargle\n|-damage|p2a: Smeargle|33\/100\n|\n|upkeep\n|turn|3\n|\n|move|p2a: Smeargle|Sticky Web|p1a: Magearna\n|-sidestart|p1: PCL3|move: Sticky Web\n|move|p1a: Magearna|Thunderbolt|p2a: Smeargle\n|-damage|p2a: Smeargle|0 fnt\n|faint|p2a: Smeargle\n|-ability|p1a: Magearna|Soul-Heart|boost\n|-boost|p1a: Magearna|spa|1\n|\n|upkeep\n|\n|switch|p2a: Landorus|Landorus-Therian, M|100\/100\n|-ability|p2a: Landorus|Intimidate|boost\n|-unboost|p1a: Magearna|atk|1\n|turn|4\n|\n|move|p2a: Landorus|U-turn|p1a: Magearna\n|-resisted|p1a: Magearna\n|-crit|p1a: Magearna\n|-damage|p1a: Magearna|61\/100\n|\n|switch|p2a: Araquanid|Araquanid, M|100\/100\n|move|p1a: Magearna|Shift Gear|p1a: Magearna\n|-boost|p1a: Magearna|spe|2\n|-boost|p1a: Magearna|atk|1\n|\n|upkeep\n|turn|5\n|\n|switch|p2a: Landorus|Landorus-Therian, M|100\/100\n|-ability|p2a: Landorus|Intimidate|boost\n|-unboost|p1a: Magearna|atk|1\n|move|p1a: Magearna|Thunderbolt|p2a: Landorus\n|-immune|p2a: Landorus\n|\n|-fieldend|move: Psychic Terrain\n|upkeep\n|turn|6\n|\n|move|p1a: Magearna|Ice Beam|p2a: Landorus\n|-supereffective|p2a: Landorus\n|-damage|p2a: Landorus|0 fnt\n|faint|p2a: Landorus\n|-ability|p1a: Magearna|Soul-Heart|boost\n|-boost|p1a: Magearna|spa|1\n|\n|upkeep\n|inactive|Battle timer is ON: inactive players will automatically lose when time's up. (requested by PCL3)\n|-message|uuuuiiii forfeited.\n|\n|win|PCL3\n|l|\u2606uuuuiiii\n|raw|PCL3's rating: 1500 &rarr; <strong>1521<\/strong><br \/>(+21 for winning)\n|raw|uuuuiiii's rating: 1516 &rarr; <strong>1495<\/strong><br \/>(-21 for losing)\n","uploadtime":1546244029,"views":5,"p1id":"pcl3","p2id":"uuuuiiii","formatid":"gen7ou","rating":1495,"private":0,"password":null}