{"id":"gen7ou-1005305749","p1":"YoungAlbertross","p2":"Lunar Neo","format":"gen7ou","log":"|j|\u2606YoungAlbertross\n|j|\u2606Lunar Neo\n|player|p1|YoungAlbertross|102|1658\n|player|p2|Lunar Neo|248|1635\n|teamsize|p1|6\n|teamsize|p2|6\n|gametype|singles\n|gen|7\n|tier|[Gen 7] OU\n|rated|\n|rule|Sleep Clause Mod: Limit one foe put to sleep\n|rule|Species Clause: Limit one of each Pok\u00e9mon\n|rule|OHKO Clause: OHKO moves are banned\n|rule|Moody Clause: Moody is banned\n|rule|Evasion Moves Clause: Evasion moves are banned\n|rule|Endless Battle Clause: Forcing endless battles is banned\n|rule|HP Percentage Mod: HP is shown in percentages\n|clearpoke\n|poke|p1|Whimsicott, M|item\n|poke|p1|Torkoal, M|item\n|poke|p1|Kommo-o, M|item\n|poke|p1|Diancie|item\n|poke|p1|Tangrowth, F|item\n|poke|p1|Victreebel, M|item\n|poke|p2|Zapdos|item\n|poke|p2|Keldeo-Resolute|item\n|poke|p2|Scizor, M|item\n|poke|p2|Hydreigon, M|item\n|poke|p2|Mamoswine, F|item\n|poke|p2|Blacephalon|item\n|teampreview\n|inactive|Battle timer is ON: inactive players will automatically lose when time's up. (requested by YoungAlbertross)\n|\n|start\n|switch|p1a: Torkoal|Torkoal, M|100\/100\n|switch|p2a: Mamoswine|Mamoswine, F|100\/100\n|-weather|SunnyDay|[from] ability: Drought|[of] p1a: Torkoal\n|turn|1\n|\n|move|p2a: Mamoswine|Stealth Rock|p1a: Torkoal\n|-sidestart|p1: YoungAlbertross|move: Stealth Rock\n|move|p1a: Torkoal|Stealth Rock|p2a: Mamoswine\n|-sidestart|p2: Lunar Neo|move: Stealth Rock\n|\n|-weather|SunnyDay|[upkeep]\n|upkeep\n|turn|2\n|\n|move|p2a: Mamoswine|Earthquake|p1a: Torkoal\n|-supereffective|p1a: Torkoal\n|-damage|p1a: Torkoal|31\/100\n|move|p1a: Torkoal|Lava Plume|p2a: Mamoswine\n|-supereffective|p2a: Mamoswine\n|-damage|p2a: Mamoswine|59\/100\n|\n|-weather|SunnyDay|[upkeep]\n|upkeep\n|turn|3\n|\n|switch|p1a: Tangrowth|Tangrowth, F|100\/100\n|-damage|p1a: Tangrowth|88\/100|[from] Stealth Rock\n|move|p2a: Mamoswine|Earthquake|p1a: Tangrowth\n|-resisted|p1a: Tangrowth\n|-damage|p1a: Tangrowth|59\/100\n|\n|-weather|SunnyDay|[upkeep]\n|upkeep\n|turn|4\n|\n|move|p1a: Tangrowth|Solar Beam||[still]\n|-prepare|p1a: Tangrowth|Solar Beam|p2a: Mamoswine\n|-anim|p1a: Tangrowth|Solar Beam|p2a: Mamoswine\n|-supereffective|p2a: Mamoswine\n|-damage|p2a: Mamoswine|0 fnt\n|-damage|p1a: Tangrowth|49\/100|[from] item: Life Orb\n|faint|p2a: Mamoswine\n|\n|-weather|SunnyDay|[upkeep]\n|upkeep\n|\n|switch|p2a: Hydreigon|Hydreigon, M|100\/100\n|-damage|p2a: Hydreigon|88\/100|[from] Stealth Rock\n|turn|5\n|\n|move|p1a: Tangrowth|Solar Beam||[still]\n|-prepare|p1a: Tangrowth|Solar Beam|p2a: Hydreigon\n|-anim|p1a: Tangrowth|Solar Beam|p2a: Hydreigon\n|-resisted|p2a: Hydreigon\n|-damage|p2a: Hydreigon|45\/100\n|-damage|p1a: Tangrowth|39\/100|[from] item: Life Orb\n|move|p2a: Hydreigon|Dark Pulse|p1a: Tangrowth\n|-damage|p1a: Tangrowth|0 fnt\n|-damage|p2a: Hydreigon|35\/100|[from] item: Life Orb\n|faint|p1a: Tangrowth\n|\n|-weather|SunnyDay|[upkeep]\n|upkeep\n|\n|switch|p1a: Whimsicott|Whimsicott, M|100\/100\n|-damage|p1a: Whimsicott|88\/100|[from] Stealth Rock\n|turn|6\n|\n|switch|p2a: Scizor|Scizor, M|100\/100\n|-damage|p2a: Scizor|88\/100|[from] Stealth Rock\n|move|p1a: Whimsicott|Moonblast|p2a: Scizor\n|-resisted|p2a: Scizor\n|-damage|p2a: Scizor|59\/100\n|-unboost|p2a: Scizor|spa|1\n|-damage|p1a: Whimsicott|79\/100|[from] item: Life Orb\n|\n|-weather|SunnyDay|[upkeep]\n|upkeep\n|turn|7\n|\n|detailschange|p2a: Scizor|Scizor-Mega, M\n|-mega|p2a: Scizor|Scizor|Scizorite\n|move|p2a: Scizor|Bullet Punch|p1a: Whimsicott\n|-supereffective|p1a: Whimsicott\n|-damage|p1a: Whimsicott|0 fnt\n|faint|p1a: Whimsicott\n|\n|-weather|SunnyDay|[upkeep]\n|upkeep\n|\n|switch|p1a: Kommo-o|Kommo-o, M|100\/100\n|-damage|p1a: Kommo-o|94\/100|[from] Stealth Rock\n|turn|8\n|\n|-zpower|p1a: Kommo-o\n|move|p1a: Kommo-o|Clangorous Soulblaze|p2a: Scizor|[zeffect]\n|-resisted|p2a: Scizor\n|-damage|p2a: Scizor|22\/100\n|-boost|p1a: Kommo-o|atk|1\n|-boost|p1a: Kommo-o|def|1\n|-boost|p1a: Kommo-o|spa|1\n|-boost|p1a: Kommo-o|spd|1\n|-boost|p1a: Kommo-o|spe|1\n|move|p2a: Scizor|Swords Dance|p2a: Scizor\n|-boost|p2a: Scizor|atk|2\n|\n|-weather|none\n|upkeep\n|turn|9\n|\n|move|p2a: Scizor|Bullet Punch|p1a: Kommo-o\n|-damage|p1a: Kommo-o|47\/100\n|move|p1a: Kommo-o|Flamethrower|p2a: Scizor\n|-supereffective|p2a: Scizor\n|-damage|p2a: Scizor|0 fnt\n|faint|p2a: Scizor\n|\n|upkeep\n|\n|switch|p2a: Keldeo|Keldeo-Resolute|100\/100\n|-damage|p2a: Keldeo|94\/100|[from] Stealth Rock\n|turn|10\n|\n|move|p1a: Kommo-o|Clanging Scales|p2a: Keldeo\n|-damage|p2a: Keldeo|13\/100\n|-unboost|p1a: Kommo-o|def|1\n|move|p2a: Keldeo|Secret Sword|p1a: Kommo-o\n|-damage|p1a: Kommo-o|3\/100\n|\n|upkeep\n|turn|11\n|\n|move|p1a: Kommo-o|Clanging Scales|p2a: Keldeo\n|-damage|p2a: Keldeo|0 fnt\n|-unboost|p1a: Kommo-o|def|1\n|faint|p2a: Keldeo\n|\n|upkeep\n|\n|switch|p2a: Blacephalon|Blacephalon, shiny|100\/100\n|-damage|p2a: Blacephalon|76\/100|[from] Stealth Rock\n|turn|12\n|\n|move|p2a: Blacephalon|Flamethrower|p1a: Kommo-o\n|-resisted|p1a: Kommo-o\n|-damage|p1a: Kommo-o|0 fnt\n|faint|p1a: Kommo-o\n|-ability|p2a: Blacephalon|Beast Boost|boost\n|-boost|p2a: Blacephalon|spa|1\n|\n|upkeep\n|\n|switch|p1a: Diancie|Diancie|100\/100\n|-damage|p1a: Diancie|88\/100|[from] Stealth Rock\n|turn|13\n|\n|switch|p2a: Hydreigon|Hydreigon, M|35\/100\n|-damage|p2a: Hydreigon|23\/100|[from] Stealth Rock\n|move|p1a: Diancie|Rock Polish|p1a: Diancie\n|-boost|p1a: Diancie|spe|2\n|\n|upkeep\n|turn|14\n|\n|detailschange|p1a: Diancie|Diancie-Mega\n|-mega|p1a: Diancie|Diancie|Diancite\n|move|p1a: Diancie|Moonblast|p2a: Hydreigon\n|-supereffective|p2a: Hydreigon\n|-damage|p2a: Hydreigon|0 fnt\n|faint|p2a: Hydreigon\n|\n|upkeep\n|\n|switch|p2a: Zapdos|Zapdos, shiny|100\/100\n|-damage|p2a: Zapdos|75\/100|[from] Stealth Rock\n|turn|15\n|\n|move|p1a: Diancie|Calm Mind|p1a: Diancie\n|-boost|p1a: Diancie|spa|1\n|-boost|p1a: Diancie|spd|1\n|move|p2a: Zapdos|Discharge|p1a: Diancie\n|-damage|p1a: Diancie|62\/100\n|-status|p1a: Diancie|par\n|\n|-heal|p2a: Zapdos|82\/100|[from] item: Leftovers\n|upkeep\n|turn|16\n|\n|move|p1a: Diancie|Moonblast|p2a: Zapdos\n|-damage|p2a: Zapdos|0 fnt\n|faint|p2a: Zapdos\n|\n|upkeep\n|\n|switch|p2a: Blacephalon|Blacephalon, shiny|76\/100\n|-damage|p2a: Blacephalon|51\/100|[from] Stealth Rock\n|turn|17\n|\n|move|p2a: Blacephalon|Shadow Ball|p1a: Diancie\n|-crit|p1a: Diancie\n|-damage|p1a: Diancie|0 fnt\n|faint|p1a: Diancie\n|-ability|p2a: Blacephalon|Beast Boost|boost\n|-boost|p2a: Blacephalon|spa|1\n|\n|upkeep\n|inactive|YoungAlbertross has 120 seconds left.\n|\n|switch|p1a: Victreebel|Victreebel, M|100\/100\n|-damage|p1a: Victreebel|88\/100|[from] Stealth Rock\n|turn|18\n|\n|move|p1a: Victreebel|Sucker Punch|p2a: Blacephalon\n|-supereffective|p2a: Blacephalon\n|-damage|p2a: Blacephalon|0 fnt\n|-damage|p1a: Victreebel|78\/100|[from] item: Life Orb\n|faint|p2a: Blacephalon\n|\n|win|YoungAlbertross\n|c|\u2606YoungAlbertross|gg\n|l|\u2606Lunar Neo\n|raw|YoungAlbertross's rating: 1658 &rarr; <strong>1677<\/strong><br \/>(+19 for winning)\n|raw|Lunar Neo's rating: 1635 &rarr; <strong>1617<\/strong><br \/>(-18 for losing)\n","uploadtime":1573096720,"views":8,"p1id":"youngalbertross","p2id":"lunarneo","formatid":"gen7ou","rating":1617,"private":0,"password":null}