{"id":"gen7ou-1672412617","p1":"Player 07","p2":"HQSFun","format":"gen7ou","log":"|j|\u2606Player 07\n|j|\u2606HQSFun\n|t:|1664369206\n|gametype|singles\n|player|p1|Player 07|rood|1544\n|player|p2|HQSFun|veteranf|1639\n|teamsize|p1|6\n|teamsize|p2|6\n|gen|7\n|tier|[Gen 7] OU\n|rated|\n|rule|Sleep Clause Mod: Limit one foe put to sleep\n|rule|Species Clause: Limit one of each Pok\u00e9mon\n|rule|OHKO Clause: OHKO moves are banned\n|rule|Moody Clause: Moody is banned\n|rule|Evasion Items Clause: Evasion items are banned\n|rule|Evasion Moves Clause: Evasion moves are banned\n|rule|Endless Battle Clause: Forcing endless battles is banned\n|rule|HP Percentage Mod: HP is shown in percentages\n|clearpoke\n|poke|p1|Ferrothorn, F|item\n|poke|p1|Azumarill, F|item\n|poke|p1|Serperior, F|item\n|poke|p1|Alakazam, M|item\n|poke|p1|Gyarados, F|item\n|poke|p1|Cloyster, M|item\n|poke|p2|Abomasnow, M|item\n|poke|p2|Reuniclus, F|item\n|poke|p2|Rotom-Heat|item\n|poke|p2|Tapu Fini|item\n|poke|p2|Excadrill, F|item\n|poke|p2|Skarmory, M|item\n|teampreview\n|inactive|Battle timer is ON: inactive players will automatically lose when time's up. (requested by Player 07)\n|\n|t:|1664369229\n|start\n|switch|p1a: Robben|Cloyster, M|100\/100\n|switch|p2a: Abomasnow|Abomasnow, M|100\/100\n|-weather|Hail|[from] ability: Snow Warning|[of] p2a: Abomasnow\n|turn|1\n|inactive|Player 07 has 120 seconds left.\n|inactive|Player 07 has 90 seconds left.\n|j| nightsuwu\n|inactive|Player 07 has 60 seconds left.\n|\n|t:|1664369340\n|detailschange|p2a: Abomasnow|Abomasnow-Mega, M\n|-mega|p2a: Abomasnow|Abomasnow|Abomasite\n|move|p1a: Robben|Shell Smash|p1a: Robben\n|-unboost|p1a: Robben|def|1\n|-unboost|p1a: Robben|spd|1\n|-boost|p1a: Robben|atk|2\n|-boost|p1a: Robben|spa|2\n|-boost|p1a: Robben|spe|2\n|move|p2a: Abomasnow|Giga Drain|p1a: Robben\n|-supereffective|p1a: Robben\n|-enditem|p1a: Robben|Focus Sash\n|-damage|p1a: Robben|1\/100\n|\n|-weather|Hail|[upkeep]\n|upkeep\n|turn|2\n|\n|t:|1664369344\n|move|p2a: Abomasnow|Ice Shard|p1a: Robben\n|-resisted|p1a: Robben\n|-crit|p1a: Robben\n|-damage|p1a: Robben|0 fnt\n|faint|p1a: Robben\n|\n|-weather|Hail|[upkeep]\n|upkeep\n|\n|t:|1664369348\n|switch|p1a: Lambisg\u00f3ia|Ferrothorn, F|100\/100\n|turn|3\n|\n|t:|1664369355\n|switch|p2a: Excadrill|Excadrill, F|100\/100\n|-ability|p2a: Excadrill|Mold Breaker\n|move|p1a: Lambisg\u00f3ia|Stealth Rock|p2a: Excadrill\n|-sidestart|p2: HQSFun|move: Stealth Rock\n|\n|-weather|Hail|[upkeep]\n|-damage|p2a: Excadrill|94\/100|[from] Hail\n|-damage|p1a: Lambisg\u00f3ia|94\/100|[from] Hail\n|-heal|p2a: Excadrill|100\/100|[from] item: Leftovers\n|-heal|p1a: Lambisg\u00f3ia|100\/100|[from] item: Leftovers\n|upkeep\n|turn|4\n|inactive|Player 07 has 60 seconds left.\n|\n|t:|1664369395\n|switch|p1a: Jim|Serperior, F|100\/100\n|move|p2a: Excadrill|Rapid Spin|p1a: Jim\n|-damage|p1a: Jim|95\/100\n|-sideend|p2: HQSFun|Stealth Rock|[from] move: Rapid Spin|[of] p2a: Excadrill\n|\n|-weather|Hail|[upkeep]\n|-damage|p1a: Jim|88\/100|[from] Hail\n|-damage|p2a: Excadrill|94\/100|[from] Hail\n|-heal|p1a: Jim|95\/100|[from] item: Leftovers\n|-heal|p2a: Excadrill|100\/100|[from] item: Leftovers\n|upkeep\n|turn|5\n|\n|t:|1664369407\n|switch|p2a: Rotom|Rotom-Heat|100\/100\n|move|p1a: Jim|Substitute|p1a: Jim\n|-start|p1a: Jim|Substitute\n|-damage|p1a: Jim|70\/100\n|\n|-weather|none\n|-heal|p1a: Jim|76\/100|[from] item: Leftovers\n|upkeep\n|turn|6\n|\n|t:|1664369417\n|move|p1a: Jim|Leech Seed|p2a: Rotom\n|-start|p2a: Rotom|move: Leech Seed\n|move|p2a: Rotom|Overheat|p1a: Jim\n|-supereffective|p1a: Jim\n|-end|p1a: Jim|Substitute\n|-unboost|p2a: Rotom|spa|2\n|\n|-heal|p1a: Jim|82\/100|[from] item: Leftovers\n|-damage|p2a: Rotom|88\/100|[from] Leech Seed|[of] p1a: Jim\n|-heal|p1a: Jim|95\/100|[silent]\n|upkeep\n|turn|7\n|\n|t:|1664369421\n|move|p1a: Jim|Substitute|p1a: Jim\n|-start|p1a: Jim|Substitute\n|-damage|p1a: Jim|71\/100\n|move|p2a: Rotom|Volt Switch|p1a: Jim\n|-resisted|p1a: Jim\n|-activate|p1a: Jim|move: Substitute|[damage]\n|\n|t:|1664369436\n|switch|p2a: Excadrill|Excadrill, F|100\/100|[from]move: Volt Switch\n|-ability|p2a: Excadrill|Mold Breaker\n|\n|-heal|p1a: Jim|77\/100|[from] item: Leftovers\n|upkeep\n|turn|8\n|\n|t:|1664369439\n|switch|p2a: Rotom|Rotom-Heat|88\/100\n|move|p1a: Jim|Glare|p2a: Rotom\n|-immune|p2a: Rotom\n|\n|-heal|p1a: Jim|83\/100|[from] item: Leftovers\n|-heal|p2a: Rotom|94\/100|[from] item: Leftovers\n|upkeep\n|turn|9\n|\n|t:|1664369448\n|move|p1a: Jim|Leech Seed|p2a: Rotom\n|-start|p2a: Rotom|move: Leech Seed\n|move|p2a: Rotom|Volt Switch|p1a: Jim\n|-resisted|p1a: Jim\n|-activate|p1a: Jim|move: Substitute|[damage]\n|\n|t:|1664369451\n|switch|p2a: Excadrill|Excadrill, F|100\/100|[from]move: Volt Switch\n|-ability|p2a: Excadrill|Mold Breaker\n|\n|-heal|p1a: Jim|89\/100|[from] item: Leftovers\n|upkeep\n|turn|10\n|\n|t:|1664369454\n|switch|p2a: Rotom|Rotom-Heat|94\/100\n|move|p1a: Jim|Leech Seed|p2a: Rotom\n|-start|p2a: Rotom|move: Leech Seed\n|\n|-heal|p1a: Jim|95\/100|[from] item: Leftovers\n|-heal|p2a: Rotom|100\/100|[from] item: Leftovers\n|-damage|p2a: Rotom|88\/100|[from] Leech Seed|[of] p1a: Jim\n|-heal|p1a: Jim|100\/100|[silent]\n|upkeep\n|turn|11\n|\n|t:|1664369461\n|move|p1a: Jim|Leaf Storm|p2a: Rotom\n|-resisted|p2a: Rotom\n|-damage|p2a: Rotom|73\/100\n|-boost|p1a: Jim|spa|2\n|move|p2a: Rotom|Volt Switch|p1a: Jim\n|-resisted|p1a: Jim\n|-end|p1a: Jim|Substitute\n|\n|t:|1664369464\n|switch|p2a: Excadrill|Excadrill, F|100\/100|[from]move: Volt Switch\n|-ability|p2a: Excadrill|Mold Breaker\n|\n|upkeep\n|turn|12\n|\n|t:|1664369469\n|switch|p2a: Rotom|Rotom-Heat|73\/100\n|move|p1a: Jim|Substitute|p1a: Jim\n|-start|p1a: Jim|Substitute\n|-damage|p1a: Jim|76\/100\n|\n|-heal|p1a: Jim|82\/100|[from] item: Leftovers\n|-heal|p2a: Rotom|79\/100|[from] item: Leftovers\n|upkeep\n|turn|13\n|\n|t:|1664369488\n|move|p1a: Jim|Leech Seed|p2a: Rotom\n|-start|p2a: Rotom|move: Leech Seed\n|move|p2a: Rotom|Volt Switch|p1a: Jim\n|-resisted|p1a: Jim\n|-activate|p1a: Jim|move: Substitute|[damage]\n|\n|t:|1664369493\n|switch|p2a: Abomasnow|Abomasnow-Mega, M|100\/100|[from]move: Volt Switch\n|-weather|Hail|[from] ability: Snow Warning|[of] p2a: Abomasnow\n|\n|-weather|Hail|[upkeep]\n|-damage|p1a: Jim|76\/100|[from] Hail\n|-heal|p1a: Jim|82\/100|[from] item: Leftovers\n|upkeep\n|turn|14\n|\n|t:|1664369498\n|switch|p2a: Rotom|Rotom-Heat|79\/100\n|move|p1a: Jim|Leaf Storm|p2a: Rotom\n|-resisted|p2a: Rotom\n|-damage|p2a: Rotom|52\/100\n|-boost|p1a: Jim|spa|2\n|\n|-weather|Hail|[upkeep]\n|-damage|p1a: Jim|76\/100|[from] Hail\n|-damage|p2a: Rotom|46\/100|[from] Hail\n|-heal|p1a: Jim|82\/100|[from] item: Leftovers\n|-heal|p2a: Rotom|52\/100|[from] item: Leftovers\n|upkeep\n|turn|15\n|\n|t:|1664369505\n|move|p1a: Jim|Leaf Storm|p2a: Rotom\n|-resisted|p2a: Rotom\n|-damage|p2a: Rotom|9\/100\n|-boost|p1a: Jim|spa|2\n|move|p2a: Rotom|Pain Split||[still]\n|-fail|p2a: Rotom\n|\n|-weather|Hail|[upkeep]\n|-damage|p1a: Jim|76\/100|[from] Hail\n|-damage|p2a: Rotom|2\/100|[from] Hail\n|-heal|p1a: Jim|82\/100|[from] item: Leftovers\n|-heal|p2a: Rotom|9\/100|[from] item: Leftovers\n|upkeep\n|turn|16\n|\n|t:|1664369513\n|move|p1a: Jim|Leaf Storm|p2a: Rotom\n|-resisted|p2a: Rotom\n|-damage|p2a: Rotom|0 fnt\n|faint|p2a: Rotom\n|\n|-weather|Hail|[upkeep]\n|-damage|p1a: Jim|76\/100|[from] Hail\n|-heal|p1a: Jim|82\/100|[from] item: Leftovers\n|upkeep\n|\n|t:|1664369521\n|switch|p2a: Skarmory|Skarmory, M|100\/100\n|turn|17\n|\n|t:|1664369527\n|move|p1a: Jim|Glare|p2a: Skarmory\n|-status|p2a: Skarmory|par\n|move|p2a: Skarmory|Whirlwind|p1a: Jim\n|drag|p1a: LEVIAT\u00c3|Gyarados, F, shiny|100\/100\n|-ability|p1a: LEVIAT\u00c3|Intimidate|boost\n|-unboost|p2a: Skarmory|atk|1\n|\n|-weather|none\n|upkeep\n|turn|18\n|\n|t:|1664369534\n|move|p1a: LEVIAT\u00c3|Dragon Dance|p1a: LEVIAT\u00c3\n|-boost|p1a: LEVIAT\u00c3|atk|1\n|-boost|p1a: LEVIAT\u00c3|spe|1\n|cant|p2a: Skarmory|par\n|\n|upkeep\n|turn|19\n|\n|t:|1664369539\n|detailschange|p1a: LEVIAT\u00c3|Gyarados-Mega, F, shiny\n|-mega|p1a: LEVIAT\u00c3|Gyarados|Gyaradosite\n|-ability|p1a: LEVIAT\u00c3|Mold Breaker\n|move|p1a: LEVIAT\u00c3|Crunch|p2a: Skarmory\n|-damage|p2a: Skarmory|54\/100 par\n|-damage|p1a: LEVIAT\u00c3|84\/100|[from] item: Rocky Helmet|[of] p2a: Skarmory\n|move|p2a: Skarmory|Toxic|p1a: LEVIAT\u00c3\n|-status|p1a: LEVIAT\u00c3|tox\n|\n|-damage|p1a: LEVIAT\u00c3|78\/100 tox|[from] psn\n|upkeep\n|turn|20\n|\n|t:|1664369551\n|move|p1a: LEVIAT\u00c3|Dragon Dance|p1a: LEVIAT\u00c3\n|-boost|p1a: LEVIAT\u00c3|atk|1\n|-boost|p1a: LEVIAT\u00c3|spe|1\n|move|p2a: Skarmory|Spikes|p1a: LEVIAT\u00c3\n|-sidestart|p1: Player 07|Spikes\n|\n|-damage|p1a: LEVIAT\u00c3|66\/100 tox|[from] psn\n|upkeep\n|turn|21\n|\n|t:|1664369557\n|move|p1a: LEVIAT\u00c3|Crunch|p2a: Skarmory\n|-damage|p2a: Skarmory|0 fnt\n|-damage|p1a: LEVIAT\u00c3|49\/100 tox|[from] item: Rocky Helmet|[of] p2a: Skarmory\n|faint|p2a: Skarmory\n|\n|-damage|p1a: LEVIAT\u00c3|31\/100 tox|[from] psn\n|upkeep\n|\n|t:|1664369562\n|switch|p2a: Abomasnow|Abomasnow-Mega, M|100\/100\n|-weather|Hail|[from] ability: Snow Warning|[of] p2a: Abomasnow\n|turn|22\n|\n|t:|1664369566\n|switch|p2a: Tapu Fini|Tapu Fini|100\/100\n|-fieldstart|move: Misty Terrain|[from] ability: Misty Surge|[of] p2a: Tapu Fini\n|move|p1a: LEVIAT\u00c3|Crunch|p2a: Tapu Fini\n|-resisted|p2a: Tapu Fini\n|-damage|p2a: Tapu Fini|59\/100\n|\n|-weather|Hail|[upkeep]\n|-damage|p1a: LEVIAT\u00c3|25\/100 tox|[from] Hail\n|-damage|p2a: Tapu Fini|52\/100|[from] Hail\n|-heal|p2a: Tapu Fini|59\/100|[from] item: Leftovers\n|-damage|p1a: LEVIAT\u00c3|1\/100 tox|[from] psn\n|upkeep\n|turn|23\n|\n|t:|1664369575\n|move|p1a: LEVIAT\u00c3|Earthquake|p2a: Tapu Fini\n|-damage|p2a: Tapu Fini|0 fnt\n|faint|p2a: Tapu Fini\n|\n|-weather|Hail|[upkeep]\n|-damage|p1a: LEVIAT\u00c3|0 fnt|[from] Hail\n|faint|p1a: LEVIAT\u00c3\n|upkeep\n|\n|t:|1664369588\n|switch|p1a: Lambisg\u00f3ia|Ferrothorn, F|100\/100\n|switch|p2a: Abomasnow|Abomasnow-Mega, M|100\/100\n|-damage|p1a: Lambisg\u00f3ia|88\/100|[from] Spikes\n|turn|24\n|\n|t:|1664369593\n|switch|p2a: Reuniclus|Reuniclus, F|100\/100\n|move|p1a: Lambisg\u00f3ia|Gyro Ball|p2a: Reuniclus\n|-damage|p2a: Reuniclus|86\/100\n|\n|-weather|Hail|[upkeep]\n|-damage|p1a: Lambisg\u00f3ia|82\/100|[from] Hail\n|-heal|p1a: Lambisg\u00f3ia|88\/100|[from] item: Leftovers\n|upkeep\n|turn|25\n|\n|t:|1664369597\n|switch|p1a: Shaka|Alakazam, M|100\/100\n|move|p2a: Reuniclus|Calm Mind|p2a: Reuniclus\n|-boost|p2a: Reuniclus|spa|1\n|-boost|p2a: Reuniclus|spd|1\n|\n|-weather|Hail|[upkeep]\n|upkeep\n|turn|26\n|\n|t:|1664369603\n|move|p1a: Shaka|Thunder Wave|p2a: Reuniclus|[miss]\n|-miss|p1a: Shaka|p2a: Reuniclus\n|move|p2a: Reuniclus|Calm Mind|p2a: Reuniclus\n|-boost|p2a: Reuniclus|spa|1\n|-boost|p2a: Reuniclus|spd|1\n|\n|-weather|none\n|-fieldend|Misty Terrain\n|upkeep\n|turn|27\n|\n|t:|1664369612\n|switch|p2a: Excadrill|Excadrill, F|100\/100\n|-ability|p2a: Excadrill|Mold Breaker\n|move|p1a: Shaka|Thunder Wave|p2a: Excadrill\n|-immune|p2a: Excadrill\n|\n|upkeep\n|turn|28\n|\n|t:|1664369620\n|switch|p1a: Jim|Serperior, F|82\/100\n|-damage|p1a: Jim|70\/100|[from] Spikes\n|move|p2a: Excadrill|Stealth Rock|p1a: Jim\n|-sidestart|p1: Player 07|move: Stealth Rock\n|\n|-heal|p1a: Jim|76\/100|[from] item: Leftovers\n|upkeep\n|turn|29\n|\n|t:|1664369625\n|move|p1a: Jim|Substitute|p1a: Jim\n|-start|p1a: Jim|Substitute\n|-damage|p1a: Jim|51\/100\n|move|p2a: Excadrill|Iron Head|p1a: Jim\n|-end|p1a: Jim|Substitute\n|\n|-heal|p1a: Jim|57\/100|[from] item: Leftovers\n|upkeep\n|turn|30\n|\n|t:|1664369628\n|move|p1a: Jim|Glare|p2a: Excadrill\n|-status|p2a: Excadrill|par\n|cant|p2a: Excadrill|par\n|\n|-heal|p1a: Jim|63\/100|[from] item: Leftovers\n|upkeep\n|turn|31\n|\n|t:|1664369630\n|move|p1a: Jim|Leech Seed|p2a: Excadrill\n|-start|p2a: Excadrill|move: Leech Seed\n|move|p2a: Excadrill|Iron Head|p1a: Jim\n|-damage|p1a: Jim|35\/100\n|\n|-heal|p1a: Jim|41\/100|[from] item: Leftovers\n|-damage|p2a: Excadrill|88\/100 par|[from] Leech Seed|[of] p1a: Jim\n|-heal|p1a: Jim|59\/100|[silent]\n|upkeep\n|turn|32\n|\n|t:|1664369634\n|move|p1a: Jim|Substitute|p1a: Jim\n|-start|p1a: Jim|Substitute\n|-damage|p1a: Jim|34\/100\n|move|p2a: Excadrill|Iron Head|p1a: Jim\n|-end|p1a: Jim|Substitute\n|\n|-heal|p1a: Jim|40\/100|[from] item: Leftovers\n|-heal|p2a: Excadrill|94\/100 par|[from] item: Leftovers\n|-damage|p2a: Excadrill|82\/100 par|[from] Leech Seed|[of] p1a: Jim\n|-heal|p1a: Jim|58\/100|[silent]\n|upkeep\n|turn|33\n|\n|t:|1664369636\n|move|p1a: Jim|Substitute|p1a: Jim\n|-start|p1a: Jim|Substitute\n|-damage|p1a: Jim|33\/100\n|move|p2a: Excadrill|Iron Head|p1a: Jim\n|-end|p1a: Jim|Substitute\n|\n|-heal|p1a: Jim|39\/100|[from] item: Leftovers\n|-heal|p2a: Excadrill|88\/100 par|[from] item: Leftovers\n|-damage|p2a: Excadrill|76\/100 par|[from] Leech Seed|[of] p1a: Jim\n|-heal|p1a: Jim|57\/100|[silent]\n|upkeep\n|turn|34\n|\n|t:|1664369640\n|move|p1a: Jim|Substitute|p1a: Jim\n|-start|p1a: Jim|Substitute\n|-damage|p1a: Jim|32\/100\n|move|p2a: Excadrill|Iron Head|p1a: Jim\n|-end|p1a: Jim|Substitute\n|\n|-heal|p1a: Jim|39\/100|[from] item: Leftovers\n|-heal|p2a: Excadrill|82\/100 par|[from] item: Leftovers\n|-damage|p2a: Excadrill|70\/100 par|[from] Leech Seed|[of] p1a: Jim\n|-heal|p1a: Jim|57\/100|[silent]\n|upkeep\n|turn|35\n|\n|t:|1664369643\n|move|p1a: Jim|Substitute|p1a: Jim\n|-start|p1a: Jim|Substitute\n|-damage|p1a: Jim|32\/100\n|move|p2a: Excadrill|Iron Head|p1a: Jim\n|-end|p1a: Jim|Substitute\n|\n|-heal|p1a: Jim|38\/100|[from] item: Leftovers\n|-heal|p2a: Excadrill|76\/100 par|[from] item: Leftovers\n|-damage|p2a: Excadrill|64\/100 par|[from] Leech Seed|[of] p1a: Jim\n|-heal|p1a: Jim|56\/100|[silent]\n|upkeep\n|turn|36\n|\n|t:|1664369645\n|move|p1a: Jim|Substitute|p1a: Jim\n|-start|p1a: Jim|Substitute\n|-damage|p1a: Jim|31\/100\n|move|p2a: Excadrill|Iron Head|p1a: Jim\n|-end|p1a: Jim|Substitute\n|\n|-heal|p1a: Jim|37\/100|[from] item: Leftovers\n|-heal|p2a: Excadrill|70\/100 par|[from] item: Leftovers\n|-damage|p2a: Excadrill|57\/100 par|[from] Leech Seed|[of] p1a: Jim\n|-heal|p1a: Jim|55\/100|[silent]\n|upkeep\n|turn|37\n|\n|t:|1664369648\n|move|p1a: Jim|Substitute|p1a: Jim\n|-start|p1a: Jim|Substitute\n|-damage|p1a: Jim|30\/100\n|move|p2a: Excadrill|Iron Head|p1a: Jim\n|-end|p1a: Jim|Substitute\n|\n|-heal|p1a: Jim|37\/100|[from] item: Leftovers\n|-heal|p2a: Excadrill|64\/100 par|[from] item: Leftovers\n|-damage|p2a: Excadrill|51\/100 par|[from] Leech Seed|[of] p1a: Jim\n|-heal|p1a: Jim|54\/100|[silent]\n|upkeep\n|turn|38\n|\n|t:|1664369650\n|move|p1a: Jim|Substitute|p1a: Jim\n|-start|p1a: Jim|Substitute\n|-damage|p1a: Jim|30\/100\n|move|p2a: Excadrill|Iron Head|p1a: Jim\n|-end|p1a: Jim|Substitute\n|\n|-heal|p1a: Jim|36\/100|[from] item: Leftovers\n|-heal|p2a: Excadrill|57\/100 par|[from] item: Leftovers\n|-damage|p2a: Excadrill|45\/100 par|[from] Leech Seed|[of] p1a: Jim\n|-heal|p1a: Jim|54\/100|[silent]\n|upkeep\n|turn|39\n|\n|t:|1664369652\n|move|p1a: Jim|Substitute|p1a: Jim\n|-start|p1a: Jim|Substitute\n|-damage|p1a: Jim|29\/100\n|move|p2a: Excadrill|Iron Head|p1a: Jim\n|-end|p1a: Jim|Substitute\n|\n|-heal|p1a: Jim|35\/100|[from] item: Leftovers\n|-heal|p2a: Excadrill|51\/100 par|[from] item: Leftovers\n|-damage|p2a: Excadrill|39\/100 par|[from] Leech Seed|[of] p1a: Jim\n|-heal|p1a: Jim|53\/100|[silent]\n|upkeep\n|turn|40\n|\n|t:|1664369655\n|move|p1a: Jim|Substitute|p1a: Jim\n|-start|p1a: Jim|Substitute\n|-damage|p1a: Jim|28\/100\n|move|p2a: Excadrill|Iron Head|p1a: Jim\n|-end|p1a: Jim|Substitute\n|\n|-heal|p1a: Jim|35\/100|[from] item: Leftovers\n|-heal|p2a: Excadrill|45\/100 par|[from] item: Leftovers\n|-damage|p2a: Excadrill|33\/100 par|[from] Leech Seed|[of] p1a: Jim\n|-heal|p1a: Jim|52\/100|[silent]\n|upkeep\n|turn|41\n|\n|t:|1664369657\n|move|p1a: Jim|Substitute|p1a: Jim\n|-start|p1a: Jim|Substitute\n|-damage|p1a: Jim|28\/100\n|move|p2a: Excadrill|Iron Head|p1a: Jim\n|-end|p1a: Jim|Substitute\n|\n|-heal|p1a: Jim|34\/100|[from] item: Leftovers\n|-heal|p2a: Excadrill|39\/100 par|[from] item: Leftovers\n|-damage|p2a: Excadrill|27\/100 par|[from] Leech Seed|[of] p1a: Jim\n|-heal|p1a: Jim|52\/100|[silent]\n|upkeep\n|turn|42\n|\n|t:|1664369659\n|move|p1a: Jim|Substitute|p1a: Jim\n|-start|p1a: Jim|Substitute\n|-damage|p1a: Jim|27\/100\n|move|p2a: Excadrill|Iron Head|p1a: Jim\n|-end|p1a: Jim|Substitute\n|\n|-heal|p1a: Jim|33\/100|[from] item: Leftovers\n|-heal|p2a: Excadrill|33\/100 par|[from] item: Leftovers\n|-damage|p2a: Excadrill|21\/100 par|[from] Leech Seed|[of] p1a: Jim\n|-heal|p1a: Jim|51\/100|[silent]\n|upkeep\n|turn|43\n|\n|t:|1664369662\n|move|p1a: Jim|Substitute|p1a: Jim\n|-start|p1a: Jim|Substitute\n|-damage|p1a: Jim|26\/100\n|move|p2a: Excadrill|Iron Head|p1a: Jim\n|-end|p1a: Jim|Substitute\n|\n|-heal|p1a: Jim|32\/100|[from] item: Leftovers\n|-heal|p2a: Excadrill|27\/100 par|[from] item: Leftovers\n|-damage|p2a: Excadrill|14\/100 par|[from] Leech Seed|[of] p1a: Jim\n|-heal|p1a: Jim|50\/100|[silent]\n|upkeep\n|turn|44\n|\n|t:|1664369664\n|move|p1a: Jim|Leaf Storm|p2a: Excadrill|[miss]\n|-miss|p1a: Jim|p2a: Excadrill\n|move|p2a: Excadrill|Iron Head|p1a: Jim\n|-damage|p1a: Jim|20\/100\n|\n|-heal|p1a: Jim|27\/100|[from] item: Leftovers\n|-heal|p2a: Excadrill|21\/100 par|[from] item: Leftovers\n|-damage|p2a: Excadrill|8\/100 par|[from] Leech Seed|[of] p1a: Jim\n|-heal|p1a: Jim|44\/100|[silent]\n|upkeep\n|turn|45\n|\n|t:|1664369669\n|switch|p1a: Lambisg\u00f3ia|Ferrothorn, F|88\/100\n|-damage|p1a: Lambisg\u00f3ia|76\/100|[from] Spikes\n|-damage|p1a: Lambisg\u00f3ia|69\/100|[from] Stealth Rock\n|move|p2a: Excadrill|Iron Head|p1a: Lambisg\u00f3ia\n|-resisted|p1a: Lambisg\u00f3ia\n|-damage|p1a: Lambisg\u00f3ia|55\/100\n|-damage|p2a: Excadrill|0 fnt|[from] ability: Iron Barbs|[of] p1a: Lambisg\u00f3ia\n|faint|p2a: Excadrill\n|\n|-heal|p1a: Lambisg\u00f3ia|61\/100|[from] item: Leftovers\n|upkeep\n|\n|t:|1664369672\n|switch|p2a: Reuniclus|Reuniclus, F|86\/100\n|turn|46\n|\n|t:|1664369679\n|switch|p1a: Shaka|Alakazam, M|100\/100\n|move|p2a: Reuniclus|Calm Mind|p2a: Reuniclus\n|-boost|p2a: Reuniclus|spa|1\n|-boost|p2a: Reuniclus|spd|1\n|\n|upkeep\n|turn|47\n|\n|t:|1664369696\n|move|p1a: Shaka|Thunder Wave|p2a: Reuniclus\n|-status|p2a: Reuniclus|par\n|move|p2a: Reuniclus|Calm Mind|p2a: Reuniclus\n|-boost|p2a: Reuniclus|spa|1\n|-boost|p2a: Reuniclus|spd|1\n|\n|upkeep\n|turn|48\n|\n|t:|1664369699\n|move|p1a: Shaka|Light Screen|p1a: Shaka\n|-sidestart|p1: Player 07|move: Light Screen\n|move|p2a: Reuniclus|Calm Mind|p2a: Reuniclus\n|-boost|p2a: Reuniclus|spa|1\n|-boost|p2a: Reuniclus|spd|1\n|\n|upkeep\n|turn|49\n|\n|t:|1664369703\n|switch|p1a: Jim|Serperior, F|44\/100\n|-damage|p1a: Jim|32\/100|[from] Spikes\n|-damage|p1a: Jim|20\/100|[from] Stealth Rock\n|move|p2a: Reuniclus|Psyshock|p1a: Jim\n|-damage|p1a: Jim|0 fnt\n|faint|p1a: Jim\n|\n|upkeep\n|\n|t:|1664369706\n|switch|p1a: Blue Mary|Azumarill, F|100\/100\n|-damage|p1a: Blue Mary|88\/100|[from] Spikes\n|-damage|p1a: Blue Mary|76\/100|[from] Stealth Rock\n|turn|50\n|\n|t:|1664369711\n|move|p1a: Blue Mary|Knock Off|p2a: Reuniclus\n|-supereffective|p2a: Reuniclus\n|-damage|p2a: Reuniclus|44\/100 par\n|-zpower|p2a: Reuniclus\n|move|p2a: Reuniclus|Shattered Psyche|p1a: Blue Mary|[zeffect]\n|-damage|p1a: Blue Mary|0 fnt\n|faint|p1a: Blue Mary\n|\n|upkeep\n|\n|t:|1664369721\n|switch|p1a: Lambisg\u00f3ia|Ferrothorn, F|61\/100\n|-damage|p1a: Lambisg\u00f3ia|49\/100|[from] Spikes\n|-damage|p1a: Lambisg\u00f3ia|43\/100|[from] Stealth Rock\n|turn|51\n|\n|t:|1664369725\n|move|p2a: Reuniclus|Recover|p2a: Reuniclus\n|-heal|p2a: Reuniclus|94\/100 par\n|move|p1a: Lambisg\u00f3ia|Gyro Ball|p2a: Reuniclus\n|-damage|p2a: Reuniclus|87\/100 par\n|\n|-heal|p1a: Lambisg\u00f3ia|49\/100|[from] item: Leftovers\n|upkeep\n|turn|52\n|-message|Player 07 forfeited.\n|\n|win|HQSFun\n|raw|Player 07's rating: 1544 &rarr; <strong>1529<\/strong><br \/>(-15 for losing)\n|raw|HQSFun's rating: 1639 &rarr; <strong>1654<\/strong><br \/>(+15 for winning)\n|l|\u2606Player 07\n|l| nightsuwu\n||Ladder isn't responding, score probably updated but might not have (Request timeout).\n","uploadtime":1664369736,"views":7,"p1id":"player07","p2id":"hqsfun","formatid":"gen7ou","rating":1529,"private":0,"password":null}