{"id":"gen7ou-796154431","p1":"H4WT \u2605","p2":"vraubr","format":"gen7ou","log":"|j|\u2606H4WT \u2605\n|j|\u2606vraubr\n|player|p1|H4WT \u2605|165\n|player|p2|vraubr|267\n|teamsize|p1|6\n|teamsize|p2|6\n|gametype|singles\n|gen|7\n|tier|[Gen 7] OU\n|rated|Tournament battle\n|rule|Sleep Clause Mod: Limit one foe put to sleep\n|rule|Species Clause: Limit one of each Pok\u00e9mon\n|rule|OHKO Clause: OHKO moves are banned\n|rule|Moody Clause: Moody is banned\n|rule|Evasion Moves Clause: Evasion moves are banned\n|rule|Endless Battle Clause: Forcing endless battles is banned\n|rule|HP Percentage Mod: HP is shown in percentages\n|clearpoke\n|poke|p1|Dusclops, F|item\n|poke|p1|Sableye, M|item\n|poke|p1|Pyukumuku, M|item\n|poke|p1|Chansey, F|item\n|poke|p1|Ferrothorn, M|item\n|poke|p1|Zapdos|item\n|poke|p2|Venusaur, M|item\n|poke|p2|Zygarde|item\n|poke|p2|Azelf|item\n|poke|p2|Bisharp, M|item\n|poke|p2|Rotom-Wash|item\n|poke|p2|Excadrill, M|item\n|teampreview\n|j| ChesterChess\n|j| Marcelo\u262doMartelo\n|j| Alola Magikarp\n|j| Miojoebom\n|j| nono191\n|j| Onesimoj\n|inactive|Battle timer is ON: inactive players will automatically lose when time's up. (requested by vraubr)\n|l| Onesimoj\n|j| Speedpolo\n|\n|start\n|switch|p1a: Sableye|Sableye, M|100\/100\n|switch|p2a: alienigena|Azelf|100\/100\n|turn|1\n|\n|detailschange|p1a: Sableye|Sableye-Mega, M\n|-mega|p1a: Sableye|Sableye|Sablenite\n|move|p1a: Sableye|Protect|p1a: Sableye\n|-singleturn|p1a: Sableye|Protect\n|move|p2a: alienigena|Stealth Rock|p1a: Sableye\n|move|p1a: Sableye|Stealth Rock|p2a: alienigena|[from]Magic Bounce\n|-sidestart|p2: vraubr|move: Stealth Rock\n|\n|upkeep\n|turn|2\n|\n|move|p2a: alienigena|U-turn|p1a: Sableye\n|-damage|p1a: Sableye|84\/100\n|\n|switch|p2a: tankzao|Venusaur, M|100\/100\n|-damage|p2a: tankzao|88\/100|[from] Stealth Rock\n|move|p1a: Sableye|Will-O-Wisp|p2a: tankzao|[miss]\n|-miss|p1a: Sableye|p2a: tankzao\n|\n|upkeep\n|turn|3\n|\n|detailschange|p2a: tankzao|Venusaur-Mega, M\n|-mega|p2a: tankzao|Venusaur|Venusaurite\n|move|p1a: Sableye|Protect|p1a: Sableye\n|-singleturn|p1a: Sableye|Protect\n|move|p2a: tankzao|Sludge Bomb|p1a: Sableye\n|-activate|p1a: Sableye|move: Protect\n|\n|upkeep\n|turn|4\n|\n|switch|p1a: Dusclops|Dusclops, F|100\/100\n|-ability|p1a: Dusclops|Pressure\n|move|p2a: tankzao|Giga Drain|p1a: Dusclops\n|-damage|p1a: Dusclops|75\/100\n|-heal|p2a: tankzao|98\/100|[from] drain|[of] p1a: Dusclops\n|\n|upkeep\n|turn|5\n|\n|move|p2a: tankzao|Sludge Bomb|p1a: Dusclops\n|-resisted|p1a: Dusclops\n|-damage|p1a: Dusclops|61\/100\n|move|p1a: Dusclops|Mean Look|p2a: tankzao\n|-activate|p2a: tankzao|trapped\n|\n|upkeep\n|turn|6\n|\n|move|p2a: tankzao|Giga Drain|p1a: Dusclops\n|-damage|p1a: Dusclops|36\/100\n|-heal|p2a: tankzao|100\/100|[from] drain|[of] p1a: Dusclops\n|move|p1a: Dusclops|Spite|p2a: tankzao\n|-activate|p2a: tankzao|move: Spite|Giga Drain|4\n|\n|upkeep\n|turn|7\n|j| scep the sceptaile\n|\n|move|p2a: tankzao|Giga Drain|p1a: Dusclops\n|-damage|p1a: Dusclops|11\/100\n|move|p1a: Dusclops|Pain Split|p2a: tankzao\n|-sethp|p2a: tankzao|55\/100|p1a: Dusclops|70\/100|[from] move: Pain Split\n|\n|upkeep\n|turn|8\n|\n|move|p2a: tankzao|Giga Drain|p1a: Dusclops\n|-damage|p1a: Dusclops|46\/100\n|-heal|p2a: tankzao|64\/100|[from] drain|[of] p1a: Dusclops\n|move|p1a: Dusclops|Spite|p2a: tankzao\n|-activate|p2a: tankzao|move: Spite|Giga Drain|4\n|\n|upkeep\n|turn|9\n|\n|move|p2a: tankzao|Sludge Bomb|p1a: Dusclops\n|-resisted|p1a: Dusclops\n|-crit|p1a: Dusclops\n|-damage|p1a: Dusclops|24\/100\n|-status|p1a: Dusclops|psn\n|move|p1a: Dusclops|Rest|p1a: Dusclops\n|-status|p1a: Dusclops|slp\n|-heal|p1a: Dusclops|100\/100 slp|[silent]\n|-status|p1a: Dusclops|slp|[from] move: Rest\n|\n|upkeep\n|turn|10\n|\n|move|p2a: tankzao|Synthesis|p2a: tankzao\n|-heal|p2a: tankzao|100\/100\n|cant|p1a: Dusclops|slp\n|\n|upkeep\n|turn|11\n|\n|move|p2a: tankzao|Sludge Bomb|p1a: Dusclops\n|-resisted|p1a: Dusclops\n|-damage|p1a: Dusclops|86\/100 slp\n|cant|p1a: Dusclops|slp\n|\n|upkeep\n|turn|12\n|\n|move|p2a: tankzao|Sludge Bomb|p1a: Dusclops\n|-resisted|p1a: Dusclops\n|-damage|p1a: Dusclops|72\/100 slp\n|-curestatus|p1a: Dusclops|slp|[msg]\n|move|p1a: Dusclops|Spite|p2a: tankzao\n|-activate|p2a: tankzao|move: Spite|Sludge Bomb|4\n|\n|upkeep\n|turn|13\n|l| ChesterChess\n|\n|move|p2a: tankzao|Sludge Bomb|p1a: Dusclops\n|-resisted|p1a: Dusclops\n|-damage|p1a: Dusclops|58\/100\n|move|p1a: Dusclops|Pain Split|p2a: tankzao\n|-sethp|p2a: tankzao|73\/100|p1a: Dusclops|93\/100|[from] move: Pain Split\n|\n|upkeep\n|turn|14\n|c| Marcelo\u262doMartelo|maldade\n|\n|move|p2a: tankzao|Sludge Bomb|p1a: Dusclops\n|-resisted|p1a: Dusclops\n|-damage|p1a: Dusclops|79\/100\n|move|p1a: Dusclops|Pain Split|p2a: tankzao\n|-sethp|p2a: tankzao|67\/100|p1a: Dusclops|86\/100|[from] move: Pain Split\n|\n|upkeep\n|turn|15\n|c|\u2606vraubr|desisto\n|c|\u2606vraubr|ta loco kkkkk\n|c|\u2606vraubr|gg\n|j| Ephiel Ez Qarken\n|c|\u2606H4WT \u2605|gg\n|inactive|vraubr has 120 seconds left.\n|c|\u2606vraubr|tenho que sair mesmo kekkeke\n|-message|vraubr forfeited.\n|\n|win|H4WT \u2605\n|l|\u2606vraubr\n|l| Speedpolo\n|l| Marcelo\u262doMartelo\n|raw|<div class=\"broadcast-red\"><strong>Moderated join is set to sync with modchat!<\/strong><br \/>Only users who can speak in modchat can join.<\/div>\n|c|\u2606H4WT \u2605|\/log H4WT \u2605 set modjoin to sync with modchat.\n|raw|<div class=\"broadcast-red\"><strong>Moderated chat was set to +!<\/strong><br \/>Only users of rank + and higher can talk.<\/div>\n|c|\u2606H4WT \u2605|\/log H4WT \u2605 made this room hidden.\n","uploadtime":1535304058,"views":63,"p1id":"h4wt","p2id":"vraubr","formatid":"gen7ou","rating":0,"private":0,"password":null}