{"id":"gen7ou-887259298","p1":"threethousandyears","p2":"Ban Lando t guy jk","format":"gen7ou","log":"|j|\u2606threethousandyears\n|j|\u2606Ban Lando t guy jk\n|player|p1|threethousandyears|142\n|player|p2|Ban Lando t guy jk|247\n|teamsize|p1|6\n|teamsize|p2|6\n|gametype|singles\n|gen|7\n|tier|[Gen 7] OU\n|rated|\n|rule|Sleep Clause Mod: Limit one foe put to sleep\n|rule|Species Clause: Limit one of each Pok\u00e9mon\n|rule|OHKO Clause: OHKO moves are banned\n|rule|Moody Clause: Moody is banned\n|rule|Evasion Moves Clause: Evasion moves are banned\n|rule|Endless Battle Clause: Forcing endless battles is banned\n|rule|HP Percentage Mod: HP is shown in percentages\n|clearpoke\n|poke|p1|Latios, M|item\n|poke|p1|Magnezone|item\n|poke|p1|Greninja, M|item\n|poke|p1|Landorus-Therian, M|item\n|poke|p1|Tapu Fini|item\n|poke|p1|Jirachi|item\n|poke|p2|Hawlucha, M|item\n|poke|p2|Swampert, M|item\n|poke|p2|Ferrothorn, F|item\n|poke|p2|Pelipper, M|item\n|poke|p2|Kartana|item\n|poke|p2|Tapu Koko|item\n|teampreview\n|inactive|Battle timer is ON: inactive players will automatically lose when time's up. (requested by Ban Lando t guy jk)\n|\n|start\n|switch|p1a: Landorus|Landorus-Therian, M|100\/100\n|switch|p2a: Nappy is trash|Pelipper, M|100\/100\n|-ability|p1a: Landorus|Intimidate|boost\n|-unboost|p2a: Nappy is trash|atk|1\n|-weather|RainDance|[from] ability: Drizzle|[of] p2a: Nappy is trash\n|turn|1\n|\n|-zpower|p1a: Landorus\n|move|p1a: Landorus|Continental Crush|p2a: Nappy is trash|[zeffect]\n|-supereffective|p2a: Nappy is trash\n|-damage|p2a: Nappy is trash|0 fnt\n|faint|p2a: Nappy is trash\n|\n|-weather|RainDance|[upkeep]\n|upkeep\n|\n|switch|p2a: Let get Bluff|Swampert, M|100\/100\n|turn|2\n|inactive|threethousandyears has 120 seconds left.\n|inactive|threethousandyears has 90 seconds left.\n|\n|switch|p1a: Tapu Fini|Tapu Fini|100\/100\n|-fieldstart|move: Misty Terrain|[from] ability: Misty Surge|[of] p1a: Tapu Fini\n|detailschange|p2a: Let get Bluff|Swampert-Mega, M\n|-mega|p2a: Let get Bluff|Swampert|Swampertite\n|move|p2a: Let get Bluff|Waterfall|p1a: Tapu Fini\n|-resisted|p1a: Tapu Fini\n|-damage|p1a: Tapu Fini|71\/100\n|\n|-weather|RainDance|[upkeep]\n|-heal|p1a: Tapu Fini|77\/100|[from] item: Leftovers\n|upkeep\n|turn|3\n|inactive|threethousandyears has 90 seconds left.\n|\n|switch|p1a: Latios|Latios, M|100\/100\n|move|p2a: Let get Bluff|Power-Up Punch|p1a: Latios\n|-resisted|p1a: Latios\n|-damage|p1a: Latios|88\/100\n|-boost|p2a: Let get Bluff|atk|1\n|\n|-weather|RainDance|[upkeep]\n|upkeep\n|turn|4\n|inactive|threethousandyears has 90 seconds left.\n|\n|detailschange|p1a: Latios|Latios-Mega, M\n|-mega|p1a: Latios|Latios|Latiosite\n|move|p2a: Let get Bluff|Ice Punch|p1a: Latios\n|-supereffective|p1a: Latios\n|-damage|p1a: Latios|0 fnt\n|faint|p1a: Latios\n|\n|-weather|RainDance|[upkeep]\n|upkeep\n|\n|switch|p1a: Landorus|Landorus-Therian, M|100\/100\n|-ability|p1a: Landorus|Intimidate|boost\n|-unboost|p2a: Let get Bluff|atk|1\n|turn|5\n|\n|switch|p1a: Magnezone|Magnezone|100\/100\n|move|p2a: Let get Bluff|Waterfall|p1a: Magnezone\n|-damage|p1a: Magnezone|17\/100\n|\n|-weather|RainDance|[upkeep]\n|upkeep\n|turn|6\n|\n|move|p2a: Let get Bluff|Power-Up Punch|p1a: Magnezone\n|-supereffective|p1a: Magnezone\n|-damage|p1a: Magnezone|0 fnt\n|-boost|p2a: Let get Bluff|atk|1\n|faint|p1a: Magnezone\n|\n|-weather|RainDance|[upkeep]\n|-fieldend|Misty Terrain\n|upkeep\n|\n|switch|p1a: Landorus|Landorus-Therian, M|100\/100\n|-ability|p1a: Landorus|Intimidate|boost\n|-unboost|p2a: Let get Bluff|atk|1\n|turn|7\n|\n|switch|p1a: Jirachi|Jirachi|100\/100\n|move|p2a: Let get Bluff|Waterfall|p1a: Jirachi\n|-damage|p1a: Jirachi|35\/100\n|\n|-weather|RainDance|[upkeep]\n|upkeep\n|turn|8\n|\n|move|p1a: Jirachi|U-turn|p2a: Let get Bluff\n|-damage|p2a: Let get Bluff|84\/100\n|\n|switch|p1a: Landorus|Landorus-Therian, M|100\/100\n|-ability|p1a: Landorus|Intimidate|boost\n|-unboost|p2a: Let get Bluff|atk|1\n|move|p2a: Let get Bluff|Waterfall|p1a: Landorus\n|-supereffective|p1a: Landorus\n|-damage|p1a: Landorus|0 fnt\n|faint|p1a: Landorus\n|\n|-weather|none\n|upkeep\n|\n|switch|p1a: Greninja|Greninja, M|100\/100\n|turn|9\n|-message|threethousandyears forfeited.\n|\n|win|Ban Lando t guy jk\n|l|\u2606threethousandyears\n","uploadtime":1554405893,"views":10,"p1id":"threethousandyears","p2id":"banlandotguyjk","formatid":"gen7ou","rating":0,"private":0,"password":null}