{"id":"gen7randombattle-1515034002","p1":"madre mia rosalia","p2":"BigWes95","format":"gen7randombattle","log":"|j|\u2606madre mia rosalia\n|j|\u2606BigWes95\n|t:|1645366691\n|gametype|singles\n|player|p1|madre mia rosalia|170|1671\n|player|p2|BigWes95|169|1717\n|teamsize|p1|6\n|teamsize|p2|6\n|gen|7\n|tier|[Gen 7] Random Battle\n|rated|\n|rule|Sleep Clause Mod: Limit one foe put to sleep\n|rule|HP Percentage Mod: HP is shown in percentages\n|\n|t:|1645366691\n|start\n|switch|p1a: Registeel|Registeel, L84|272\/272\n|switch|p2a: Xatu|Xatu, L86, F|251\/251\n|turn|1\n|inactive|Battle timer is ON: inactive players will automatically lose when time's up. (requested by BigWes95)\n|\n|t:|1645366715\n|move|p2a: Xatu|U-turn|p1a: Registeel\n|-resisted|p1a: Registeel\n|-damage|p1a: Registeel|259\/272\n|\n|t:|1645366725\n|switch|p2a: Ho-Oh|Ho-Oh, L76|285\/285\n|move|p1a: Registeel|Iron Head|p2a: Ho-Oh\n|-resisted|p2a: Ho-Oh\n|-damage|p2a: Ho-Oh|248\/285\n|\n|-heal|p2a: Ho-Oh|265\/285|[from] item: Leftovers\n|-heal|p1a: Registeel|272\/272|[from] item: Leftovers\n|upkeep\n|turn|2\n|\n|t:|1645366755\n|switch|p1a: Wishiwashi|Wishiwashi, L88, F|222\/222\n|-formechange|p1a: Wishiwashi|Wishiwashi-School||[from] ability: Schooling\n|move|p2a: Ho-Oh|Sacred Fire|p1a: Wishiwashi|[miss]\n|-miss|p2a: Ho-Oh|p1a: Wishiwashi\n|\n|-heal|p2a: Ho-Oh|282\/285|[from] item: Leftovers\n|upkeep\n|turn|3\n|\n|t:|1645366761\n|switch|p2a: Shiftry|Shiftry, L88, F|302\/302\n|move|p1a: Wishiwashi|Scald|p2a: Shiftry\n|-resisted|p2a: Shiftry\n|-damage|p2a: Shiftry|228\/302\n|-status|p2a: Shiftry|brn\n|\n|-damage|p2a: Shiftry|210\/302 brn|[from] brn\n|upkeep\n|turn|4\n|\n|t:|1645366775\n|switch|p1a: Buzzwole|Buzzwole, L82|310\/310\n|move|p2a: Shiftry|Knock Off|p1a: Buzzwole\n|-resisted|p1a: Buzzwole\n|-crit|p1a: Buzzwole\n|-damage|p1a: Buzzwole|271\/310\n|-enditem|p1a: Buzzwole|Choice Scarf|[from] move: Knock Off|[of] p2a: Shiftry\n|-damage|p2a: Shiftry|180\/302 brn|[from] item: Life Orb\n|\n|-damage|p2a: Shiftry|162\/302 brn|[from] brn\n|upkeep\n|turn|5\n|\n|t:|1645366780\n|switch|p2a: Toxapex|Toxapex, L80, F|211\/211\n|move|p1a: Buzzwole|Stone Edge|p2a: Toxapex\n|-damage|p2a: Toxapex|148\/211\n|\n|-heal|p2a: Toxapex|161\/211|[from] item: Black Sludge\n|upkeep\n|turn|6\n|\n|t:|1645366793\n|switch|p1a: Gyarados|Gyarados, L80, M|283\/283\n|-ability|p1a: Gyarados|Intimidate|boost\n|-unboost|p2a: Toxapex|atk|1\n|move|p2a: Toxapex|Scald|p1a: Gyarados\n|-resisted|p1a: Gyarados\n|-damage|p1a: Gyarados|259\/283\n|-status|p1a: Gyarados|brn\n|\n|-heal|p2a: Toxapex|174\/211|[from] item: Black Sludge\n|-damage|p1a: Gyarados|242\/283 brn|[from] brn\n|upkeep\n|turn|7\n|\n|t:|1645366800\n|switch|p1a: Porygon-Z|Porygon-Z, L82|274\/274\n|-ability|p1a: Porygon-Z|Download|boost\n|-boost|p1a: Porygon-Z|spa|1\n|switch|p2a: Carbink|Carbink, L88|231\/231\n|\n|upkeep\n|turn|8\n|inactive|madre mia rosalia has 120 seconds left.\n|\n|t:|1645366834\n|switch|p1a: Registeel|Registeel, L84|272\/272\n|move|p2a: Carbink|Stealth Rock|p1a: Registeel\n|-sidestart|p1: madre mia rosalia|move: Stealth Rock\n|\n|upkeep\n|turn|9\n|\n|t:|1645366838\n|switch|p2a: Ho-Oh|Ho-Oh, L76|285\/285\n|move|p1a: Registeel|Stealth Rock|p2a: Ho-Oh\n|-sidestart|p2: BigWes95|move: Stealth Rock\n|\n|upkeep\n|turn|10\n|\n|t:|1645366841\n|switch|p1a: Gyarados|Gyarados, L80, M|242\/283 brn\n|-damage|p1a: Gyarados|172\/283 brn|[from] Stealth Rock\n|-ability|p1a: Gyarados|Intimidate|boost\n|-unboost|p2a: Ho-Oh|atk|1\n|move|p2a: Ho-Oh|Sacred Fire|p1a: Gyarados\n|-resisted|p1a: Gyarados\n|-damage|p1a: Gyarados|133\/283 brn\n|\n|-damage|p1a: Gyarados|116\/283 brn|[from] brn\n|upkeep\n|turn|11\n|\n|t:|1645366852\n|move|p2a: Ho-Oh|Brave Bird|p1a: Gyarados\n|-damage|p1a: Gyarados|8\/283 brn\n|-damage|p2a: Ho-Oh|249\/285|[from] Recoil\n|move|p1a: Gyarados|Waterfall|p2a: Ho-Oh\n|-supereffective|p2a: Ho-Oh\n|-damage|p2a: Ho-Oh|147\/285\n|\n|-heal|p2a: Ho-Oh|164\/285|[from] item: Leftovers\n|-damage|p1a: Gyarados|0 fnt|[from] brn\n|faint|p1a: Gyarados\n|upkeep\n|\n|t:|1645366861\n|switch|p1a: Wishiwashi|Wishiwashi, L88, F|222\/222\n|-damage|p1a: Wishiwashi|195\/222|[from] Stealth Rock\n|-formechange|p1a: Wishiwashi|Wishiwashi-School||[from] ability: Schooling\n|turn|12\n|\n|t:|1645366870\n|switch|p2a: Shiftry|Shiftry, L88, F|162\/302 brn\n|-damage|p2a: Shiftry|125\/302 brn|[from] Stealth Rock\n|move|p1a: Wishiwashi|Scald|p2a: Shiftry\n|-resisted|p2a: Shiftry\n|-damage|p2a: Shiftry|44\/302 brn\n|\n|-damage|p2a: Shiftry|26\/302 brn|[from] brn\n|upkeep\n|turn|13\n|\n|t:|1645366888\n|switch|p1a: Buzzwole|Buzzwole, L82|271\/310\n|-damage|p1a: Buzzwole|233\/310|[from] Stealth Rock\n|move|p2a: Shiftry|Knock Off|p1a: Buzzwole\n|-resisted|p1a: Buzzwole\n|-damage|p1a: Buzzwole|216\/310\n|-damage|p2a: Shiftry|0 fnt|[from] item: Life Orb\n|faint|p2a: Shiftry\n|\n|upkeep\n|\n|t:|1645366896\n|switch|p2a: Ho-Oh|Ho-Oh, L76|259\/285\n|-damage|p2a: Ho-Oh|117\/285|[from] Stealth Rock\n|turn|14\n|\n|t:|1645366912\n|move|p2a: Ho-Oh|Brave Bird|p1a: Buzzwole\n|-supereffective|p1a: Buzzwole\n|-damage|p1a: Buzzwole|0 fnt\n|faint|p1a: Buzzwole\n|-damage|p2a: Ho-Oh|46\/285|[from] Recoil\n|\n|-heal|p2a: Ho-Oh|63\/285|[from] item: Leftovers\n|upkeep\n|\n|t:|1645366931\n|switch|p1a: Porygon-Z|Porygon-Z, L82|274\/274\n|-damage|p1a: Porygon-Z|240\/274|[from] Stealth Rock\n|-ability|p1a: Porygon-Z|Download|boost\n|-boost|p1a: Porygon-Z|atk|1\n|turn|15\n|\n|t:|1645366935\n|switch|p2a: Carbink|Carbink, L88|231\/231\n|-damage|p2a: Carbink|203\/231|[from] Stealth Rock\n|move|p1a: Porygon-Z|Thunderbolt|p2a: Carbink\n|-damage|p2a: Carbink|137\/231\n|-damage|p1a: Porygon-Z|213\/274|[from] item: Life Orb\n|\n|upkeep\n|turn|16\n|\n|t:|1645366951\n|switch|p1a: Registeel|Registeel, L84|272\/272\n|-damage|p1a: Registeel|255\/272|[from] Stealth Rock\n|move|p2a: Carbink|Light Screen|p2a: Carbink\n|-sidestart|p2: BigWes95|move: Light Screen\n|\n|-heal|p1a: Registeel|272\/272|[from] item: Leftovers\n|upkeep\n|turn|17\n|\n|t:|1645366959\n|move|p2a: Carbink|Explosion|p1a: Registeel\n|-resisted|p1a: Registeel\n|-damage|p1a: Registeel|232\/272\n|faint|p2a: Carbink\n|move|p1a: Registeel|Toxic|p2: Carbink|[notarget]\n|-fail|p1a: Registeel\n|\n|-heal|p1a: Registeel|249\/272|[from] item: Leftovers\n|upkeep\n|\n|t:|1645366963\n|switch|p2a: Ho-Oh|Ho-Oh, L76|158\/285\n|-damage|p2a: Ho-Oh|16\/285|[from] Stealth Rock\n|turn|18\n|\n|t:|1645366966\n|move|p2a: Ho-Oh|Roost|p2a: Ho-Oh\n|-heal|p2a: Ho-Oh|159\/285\n|-singleturn|p2a: Ho-Oh|move: Roost\n|move|p1a: Registeel|Toxic|p2a: Ho-Oh\n|-status|p2a: Ho-Oh|tox\n|\n|-heal|p2a: Ho-Oh|176\/285 tox|[from] item: Leftovers\n|-heal|p1a: Registeel|266\/272|[from] item: Leftovers\n|-damage|p2a: Ho-Oh|159\/285 tox|[from] psn\n|upkeep\n|turn|19\n|\n|t:|1645366972\n|switch|p1a: Wishiwashi|Wishiwashi, L88, F|195\/222\n|-damage|p1a: Wishiwashi|168\/222|[from] Stealth Rock\n|-formechange|p1a: Wishiwashi|Wishiwashi-School||[from] ability: Schooling\n|move|p2a: Ho-Oh|Sacred Fire|p1a: Wishiwashi\n|-resisted|p1a: Wishiwashi\n|-damage|p1a: Wishiwashi|129\/222\n|-status|p1a: Wishiwashi|brn\n|\n|-heal|p2a: Ho-Oh|176\/285 tox|[from] item: Leftovers\n|-damage|p2a: Ho-Oh|142\/285 tox|[from] psn\n|-damage|p1a: Wishiwashi|116\/222 brn|[from] brn\n|upkeep\n|turn|20\n|\n|t:|1645366977\n|move|p2a: Ho-Oh|Roost|p2a: Ho-Oh\n|-heal|p2a: Ho-Oh|285\/285 tox\n|-singleturn|p2a: Ho-Oh|move: Roost\n|move|p1a: Wishiwashi|Scald|p2a: Ho-Oh\n|-supereffective|p2a: Ho-Oh\n|-damage|p2a: Ho-Oh|194\/285 tox\n|\n|-heal|p2a: Ho-Oh|211\/285 tox|[from] item: Leftovers\n|-damage|p2a: Ho-Oh|160\/285 tox|[from] psn\n|-damage|p1a: Wishiwashi|103\/222 brn|[from] brn\n|-sideend|p2: BigWes95|move: Light Screen\n|upkeep\n|turn|21\n|\n|t:|1645366980\n|switch|p2a: Toxapex|Toxapex, L80, F|211\/211\n|-damage|p2a: Toxapex|185\/211|[from] Stealth Rock\n|move|p1a: Wishiwashi|Scald|p2a: Toxapex\n|-resisted|p2a: Toxapex\n|-crit|p2a: Toxapex\n|-damage|p2a: Toxapex|113\/211\n|\n|-heal|p2a: Toxapex|126\/211|[from] item: Black Sludge\n|-damage|p1a: Wishiwashi|90\/222 brn|[from] brn\n|upkeep\n|turn|22\n|\n|t:|1645366992\n|switch|p1a: Porygon-Z|Porygon-Z, L82|213\/274\n|-damage|p1a: Porygon-Z|179\/274|[from] Stealth Rock\n|-ability|p1a: Porygon-Z|Download|boost\n|-boost|p1a: Porygon-Z|spa|1\n|move|p2a: Toxapex|Scald|p1a: Porygon-Z\n|-damage|p1a: Porygon-Z|125\/274\n|\n|-heal|p2a: Toxapex|139\/211|[from] item: Black Sludge\n|upkeep\n|turn|23\n|\n|t:|1645367000\n|switch|p2a: Raikou|Raikou, L84|288\/288\n|-damage|p2a: Raikou|252\/288|[from] Stealth Rock\n|move|p1a: Porygon-Z|Thunderbolt|p2a: Raikou\n|-resisted|p2a: Raikou\n|-damage|p2a: Raikou|183\/288\n|-damage|p1a: Porygon-Z|98\/274|[from] item: Life Orb\n|\n|upkeep\n|turn|24\n|\n|t:|1645367005\n|switch|p1a: Registeel|Registeel, L84|266\/272\n|-damage|p1a: Registeel|249\/272|[from] Stealth Rock\n|move|p2a: Raikou|Thunderbolt|p1a: Registeel\n|-damage|p1a: Registeel|144\/272\n|\n|-heal|p1a: Registeel|161\/272|[from] item: Leftovers\n|upkeep\n|turn|25\n|\n|t:|1645367008\n|move|p2a: Raikou|Thunderbolt|p1a: Registeel\n|-damage|p1a: Registeel|52\/272\n|move|p1a: Registeel|Toxic|p2a: Raikou|[miss]\n|-miss|p1a: Registeel|p2a: Raikou\n|\n|-heal|p1a: Registeel|69\/272|[from] item: Leftovers\n|upkeep\n|turn|26\n|\n|t:|1645367012\n|move|p2a: Raikou|Thunderbolt|p1a: Registeel\n|-damage|p1a: Registeel|0 fnt\n|faint|p1a: Registeel\n|\n|upkeep\n|\n|t:|1645367014\n|switch|p1a: Pangoro|Pangoro, L86, M|304\/304\n|-damage|p1a: Pangoro|285\/304|[from] Stealth Rock\n|turn|27\n|\n|t:|1645367021\n|switch|p2a: Xatu|Xatu, L86, F|251\/251\n|-damage|p2a: Xatu|189\/251|[from] Stealth Rock\n|move|p1a: Pangoro|Knock Off|p2a: Xatu\n|-supereffective|p2a: Xatu\n|-damage|p2a: Xatu|0 fnt\n|-enditem|p2a: Xatu|Leftovers|[from] move: Knock Off|[of] p1a: Pangoro\n|faint|p2a: Xatu\n|\n|upkeep\n|\n|t:|1645367022\n|switch|p2a: Ho-Oh|Ho-Oh, L76|255\/285 tox\n|-damage|p2a: Ho-Oh|113\/285 tox|[from] Stealth Rock\n|turn|28\n|inactive|madre mia rosalia has 120 seconds left.\n|\n|t:|1645367053\n|switch|p1a: Wishiwashi|Wishiwashi, L88, F|90\/222 brn\n|-damage|p1a: Wishiwashi|63\/222 brn|[from] Stealth Rock\n|-formechange|p1a: Wishiwashi|Wishiwashi-School||[from] ability: Schooling\n|move|p2a: Ho-Oh|Brave Bird|p1a: Wishiwashi\n|-damage|p1a: Wishiwashi|0 fnt\n|faint|p1a: Wishiwashi\n|-damage|p2a: Ho-Oh|92\/285 tox|[from] Recoil\n|\n|-heal|p2a: Ho-Oh|109\/285 tox|[from] item: Leftovers\n|-damage|p2a: Ho-Oh|92\/285 tox|[from] psn\n|upkeep\n|\n|t:|1645367054\n|switch|p1a: Porygon-Z|Porygon-Z, L82|98\/274\n|-damage|p1a: Porygon-Z|64\/274|[from] Stealth Rock\n|-ability|p1a: Porygon-Z|Download|boost\n|-boost|p1a: Porygon-Z|atk|1\n|turn|29\n|\n|t:|1645367059\n|switch|p2a: Raikou|Raikou, L84|183\/288\n|-damage|p2a: Raikou|147\/288|[from] Stealth Rock\n|move|p1a: Porygon-Z|Tri Attack|p2a: Raikou\n|-crit|p2a: Raikou\n|-damage|p2a: Raikou|0 fnt\n|faint|p2a: Raikou\n|-damage|p1a: Porygon-Z|37\/274|[from] item: Life Orb\n|\n|upkeep\n|\n|t:|1645367073\n|switch|p2a: Toxapex|Toxapex, L80, F|209\/211\n|-damage|p2a: Toxapex|183\/211|[from] Stealth Rock\n|turn|30\n|\n|t:|1645367083\n|switch|p2a: Ho-Oh|Ho-Oh, L76|187\/285 tox\n|-damage|p2a: Ho-Oh|45\/285 tox|[from] Stealth Rock\n|move|p1a: Porygon-Z|Thunderbolt|p2a: Ho-Oh\n|-supereffective|p2a: Ho-Oh\n|-damage|p2a: Ho-Oh|0 fnt\n|faint|p2a: Ho-Oh\n|-damage|p1a: Porygon-Z|10\/274|[from] item: Life Orb\n|\n|upkeep\n|\n|t:|1645367088\n|switch|p2a: Toxapex|Toxapex, L80, F|211\/211\n|-damage|p2a: Toxapex|185\/211|[from] Stealth Rock\n|turn|31\n|\n|t:|1645367092\n|move|p1a: Porygon-Z|Nasty Plot|p1a: Porygon-Z\n|-boost|p1a: Porygon-Z|spa|2\n|move|p2a: Toxapex|Recover|p2a: Toxapex\n|-heal|p2a: Toxapex|211\/211\n|\n|upkeep\n|turn|32\n|\n|t:|1645367098\n|move|p1a: Porygon-Z|Thunderbolt|p2a: Toxapex\n|-supereffective|p2a: Toxapex\n|-damage|p2a: Toxapex|0 fnt\n|faint|p2a: Toxapex\n|-damage|p1a: Porygon-Z|0 fnt|[from] item: Life Orb\n|faint|p1a: Porygon-Z\n|\n|win|madre mia rosalia\n|raw|madre mia rosalia's rating: 1671 &rarr; <strong>1694<\/strong><br \/>(+23 for winning)\n|raw|BigWes95's rating: 1717 &rarr; <strong>1694<\/strong><br \/>(-23 for losing)\n|l|\u2606BigWes95\n","inputlog":">version 619ed185dd1e0cd166763d439d42f388242d6d02\n>start {\"formatid\":\"gen7randombattle\",\"seed\":[3288,49869,63833,2943],\"rated\":\"Rated battle\"}\n>player p1 {\"name\":\"madre mia rosalia\",\"avatar\":\"170\",\"rating\":1671,\"seed\":[26782,8873,18702,12012]}\n>player p2 {\"name\":\"BigWes95\",\"avatar\":\"169\",\"rating\":1717,\"seed\":[10680,49898,61585,18473]}\n>p1 move ironhead\n>p2 move uturn\n>p2 switch 5\n>p1 switch 6\n>p2 move sacredfire\n>p1 move scald\n>p2 switch 6\n>p1 switch 2\n>p2 move knockoff\n>p1 move stoneedge\n>p2 switch 2\n>p1 switch 4\n>p2 move scald\n>p1 switch 3\n>p2 switch 4\n>p1 switch 6\n>p2 move stealthrock\n>p1 move stealthrock\n>p2 switch 6\n>p1 switch 3\n>p2 move sacredfire\n>p1 move waterfall\n>p2 move bravebird\n>p1 switch 2\n>p1 move scald\n>p2 switch 2\n>p1 switch 4\n>p2 move knockoff\n>p2 switch 2\n>p1 move stoneedge\n>p2 move bravebird\n>p1 switch 6\n>p1 move thunderbolt\n>p2 switch 6\n>p1 switch 3\n>p2 move lightscreen\n>p1 move toxic\n>p2 move explosion\n>p2 switch 6\n>p1 move toxic\n>p2 move roost\n>p1 switch 4\n>p2 move sacredfire\n>p1 move scald\n>p2 move roost\n>p1 move scald\n>p2 switch 4\n>p1 switch 3\n>p2 move scald\n>p1 move thunderbolt\n>p2 switch 3\n>p1 switch 4\n>p2 move thunderbolt\n>p1 move toxic\n>p2 move thunderbolt\n>p1 move toxic\n>p2 move thunderbolt\n>p1 switch 5\n>p1 move knockoff\n>p2 switch 5\n>p2 switch 4\n>p1 switch 3\n>p2 move bravebird\n>p1 switch 4\n>p1 move triattack\n>p2 switch 5\n>p2 switch 3\n>p1 move thunderbolt\n>p2 switch 5\n>p2 switch 5\n>p1 move nastyplot\n>p2 move recover\n>p1 move thunderbolt\n>p2 move recover","uploadtime":1645367102,"views":5,"p1id":"madremiarosalia","p2id":"bigwes95","formatid":"gen7randombattle","rating":1694,"private":0,"password":null}