{"id":"gen7ou-1024547471","p1":"Shardul888","p2":"Zed Thom","format":"gen7ou","log":"|j|\u2606Shardul888\n|j|\u2606Zed Thom\n|player|p1|Shardul888|92|1617\n|player|p2|Zed Thom|163|1661\n|teamsize|p1|6\n|teamsize|p2|6\n|gametype|singles\n|gen|7\n|tier|[Gen 7] OU\n|rated|\n|rule|Sleep Clause Mod: Limit one foe put to sleep\n|rule|Species Clause: Limit one of each Pok\u00e9mon\n|rule|OHKO Clause: OHKO moves are banned\n|rule|Moody Clause: Moody is banned\n|rule|Evasion Moves Clause: Evasion moves are banned\n|rule|Endless Battle Clause: Forcing endless battles is banned\n|rule|HP Percentage Mod: HP is shown in percentages\n|clearpoke\n|poke|p1|Venusaur, M|item\n|poke|p1|Magearna|item\n|poke|p1|Dragonite, M|item\n|poke|p1|Incineroar, M|item\n|poke|p1|Gliscor, M|item\n|poke|p1|Toxapex, F|item\n|poke|p2|Charizard, M|item\n|poke|p2|Garchomp, M|item\n|poke|p2|Tyranitar, M|item\n|poke|p2|Skarmory, F|item\n|poke|p2|Clefable, F|item\n|poke|p2|Ferrothorn, M|item\n|teampreview\n|inactive|Battle timer is ON: inactive players will automatically lose when time's up. (requested by Shardul888)\n|\n|start\n|switch|p1a: Spiderman|Gliscor, M|100\/100\n|switch|p2a: Saravee|Clefable, F|100\/100\n|turn|1\n|\n|move|p1a: Spiderman|Knock Off|p2a: Saravee\n|-resisted|p2a: Saravee\n|-damage|p2a: Saravee|93\/100\n|-enditem|p2a: Saravee|Leftovers|[from] move: Knock Off|[of] p1a: Spiderman\n|move|p2a: Saravee|Knock Off|p1a: Spiderman\n|-damage|p1a: Spiderman|90\/100\n|-enditem|p1a: Spiderman|Toxic Orb|[from] move: Knock Off|[of] p2a: Saravee\n|\n|upkeep\n|turn|2\n|\n|move|p1a: Spiderman|Toxic|p2a: Saravee\n|-status|p2a: Saravee|tox\n|move|p2a: Saravee|Moonblast|p1a: Spiderman\n|-damage|p1a: Spiderman|56\/100\n|-unboost|p1a: Spiderman|spa|1\n|\n|upkeep\n|turn|3\n|\n|switch|p1a: Captain America|Venusaur, M|100\/100\n|move|p2a: Saravee|Moonblast|p1a: Captain America\n|-resisted|p1a: Captain America\n|-damage|p1a: Captain America|89\/100\n|-unboost|p1a: Captain America|spa|1\n|\n|upkeep\n|turn|4\n|\n|switch|p2a: Thorn|Ferrothorn, M|100\/100\n|detailschange|p1a: Captain America|Venusaur-Mega, M\n|-mega|p1a: Captain America|Venusaur|Venusaurite\n|move|p1a: Captain America|Leech Seed|p2a: Thorn\n|-immune|p2a: Thorn\n|\n|upkeep\n|turn|5\n|\n|switch|p1a: Superman|Dragonite, M|100\/100\n|switch|p2a: Rex|Tyranitar, M|100\/100\n|-weather|Sandstorm|[from] ability: Sand Stream|[of] p2a: Rex\n|\n|-weather|Sandstorm|[upkeep]\n|-damage|p1a: Superman|94\/100|[from] Sandstorm\n|upkeep\n|turn|6\n|\n|switch|p1a: Black Widow|Toxapex, F|100\/100\n|move|p2a: Rex|Stone Edge|p1a: Black Widow\n|-damage|p1a: Black Widow|42\/100\n|\n|-weather|Sandstorm|[upkeep]\n|-damage|p1a: Black Widow|36\/100|[from] Sandstorm\n|-heal|p1a: Black Widow|42\/100|[from] item: Leftovers\n|upkeep\n|turn|7\n|\n|switch|p1a: Spiderman|Gliscor, M|56\/100\n|move|p2a: Rex|Stone Edge|p1a: Spiderman|[miss]\n|-miss|p2a: Rex|p1a: Spiderman\n|\n|-weather|Sandstorm|[upkeep]\n|upkeep\n|turn|8\n|\n|switch|p2a: Cheribum|Skarmory, F|100\/100\n|move|p1a: Spiderman|Toxic|p2a: Cheribum\n|-immune|p2a: Cheribum\n|\n|-weather|Sandstorm|[upkeep]\n|upkeep\n|turn|9\n|\n|move|p1a: Spiderman|Knock Off|p2a: Cheribum\n|-damage|p2a: Cheribum|87\/100\n|-enditem|p2a: Cheribum|Shed Shell|[from] move: Knock Off|[of] p1a: Spiderman\n|move|p2a: Cheribum|Brave Bird|p1a: Spiderman\n|-damage|p1a: Spiderman|32\/100\n|-damage|p2a: Cheribum|78\/100|[from] Recoil\n|\n|-weather|none\n|upkeep\n|turn|10\n|\n|switch|p1a: Black Widow|Toxapex, F|75\/100\n|move|p2a: Cheribum|Roost|p2a: Cheribum\n|-heal|p2a: Cheribum|100\/100\n|-singleturn|p2a: Cheribum|move: Roost\n|\n|-heal|p1a: Black Widow|81\/100|[from] item: Leftovers\n|upkeep\n|turn|11\n|\n|switch|p2a: Thorn|Ferrothorn, M|100\/100\n|move|p1a: Black Widow|Scald|p2a: Thorn\n|-resisted|p2a: Thorn\n|-damage|p2a: Thorn|95\/100\n|\n|-heal|p1a: Black Widow|88\/100|[from] item: Leftovers\n|-heal|p2a: Thorn|100\/100|[from] item: Leftovers\n|upkeep\n|turn|12\n|\n|move|p1a: Black Widow|Scald|p2a: Thorn\n|-resisted|p2a: Thorn\n|-damage|p2a: Thorn|95\/100\n|-status|p2a: Thorn|brn\n|move|p2a: Thorn|Spikes|p1a: Black Widow\n|-sidestart|p1: Shardul888|Spikes\n|\n|-heal|p1a: Black Widow|94\/100|[from] item: Leftovers\n|-heal|p2a: Thorn|100\/100 brn|[from] item: Leftovers\n|-damage|p2a: Thorn|94\/100 brn|[from] brn\n|upkeep\n|turn|13\n|j| feblack13\n|\n|switch|p1a: Spiderman|Gliscor, M|32\/100\n|move|p2a: Thorn|Leech Seed|p1a: Spiderman\n|-start|p1a: Spiderman|move: Leech Seed\n|\n|-heal|p2a: Thorn|100\/100 brn|[from] item: Leftovers\n|-damage|p1a: Spiderman|19\/100|[from] Leech Seed|[of] p2a: Thorn\n|-damage|p2a: Thorn|94\/100 brn|[from] brn\n|upkeep\n|turn|14\n|\n|move|p1a: Spiderman|Defog|p2a: Thorn\n|-unboost|p2a: Thorn|evasion|1\n|-sideend|p1: Shardul888|Spikes|[from] move: Defog|[of] p1a: Spiderman\n|move|p2a: Thorn|Power Whip|p1a: Spiderman\n|-damage|p1a: Spiderman|8\/100\n|\n|-heal|p2a: Thorn|100\/100 brn|[from] item: Leftovers\n|-damage|p1a: Spiderman|0 fnt|[from] Leech Seed|[of] p2a: Thorn\n|faint|p1a: Spiderman\n|-damage|p2a: Thorn|94\/100 brn|[from] brn\n|upkeep\n|\n|switch|p1a: Superman|Dragonite, M|94\/100\n|turn|15\n|\n|-zpower|p1a: Superman\n|move|p1a: Superman|Inferno Overdrive|p2a: Thorn|[zeffect]\n|-supereffective|p2a: Thorn\n|-damage|p2a: Thorn|0 fnt\n|faint|p2a: Thorn\n|\n|upkeep\n|\n|switch|p2a: Rex|Tyranitar, M|100\/100\n|-weather|Sandstorm|[from] ability: Sand Stream|[of] p2a: Rex\n|turn|16\n|\n|switch|p1a: Black Widow|Toxapex, F|100\/100\n|move|p2a: Rex|Stone Edge|p1a: Black Widow\n|-damage|p1a: Black Widow|34\/100\n|\n|-weather|Sandstorm|[upkeep]\n|-damage|p1a: Black Widow|28\/100|[from] Sandstorm\n|-heal|p1a: Black Widow|34\/100|[from] item: Leftovers\n|upkeep\n|turn|17\n|\n|move|p1a: Black Widow|Baneful Bunker|p1a: Black Widow\n|-singleturn|p1a: Black Widow|move: Protect\n|move|p2a: Rex|Stone Edge|p1a: Black Widow\n|-activate|p1a: Black Widow|move: Protect\n|\n|-weather|Sandstorm|[upkeep]\n|-damage|p1a: Black Widow|28\/100|[from] Sandstorm\n|-heal|p1a: Black Widow|34\/100|[from] item: Leftovers\n|upkeep\n|turn|18\n|\n|move|p2a: Rex|Stone Edge|p1a: Black Widow\n|-damage|p1a: Black Widow|0 fnt\n|faint|p1a: Black Widow\n|\n|-weather|Sandstorm|[upkeep]\n|upkeep\n|\n|switch|p1a: Wonder Woman|Magearna|100\/100\n|turn|19\n|\n|switch|p2a: Drake|Garchomp, M|100\/100\n|move|p1a: Wonder Woman|Aura Sphere|p2a: Drake\n|-damage|p2a: Drake|72\/100\n|\n|-weather|Sandstorm|[upkeep]\n|upkeep\n|turn|20\n|\n|move|p2a: Drake|Earthquake|p1a: Wonder Woman\n|-supereffective|p1a: Wonder Woman\n|-damage|p1a: Wonder Woman|16\/100\n|-enditem|p1a: Wonder Woman|Aguav Berry|[eat]\n|-heal|p1a: Wonder Woman|66\/100|[from] item: Aguav Berry\n|move|p1a: Wonder Woman|Ice Beam|p2a: Drake\n|-supereffective|p2a: Drake\n|-damage|p2a: Drake|0 fnt\n|faint|p2a: Drake\n|-ability|p1a: Wonder Woman|Soul-Heart|boost\n|-boost|p1a: Wonder Woman|spa|1\n|\n|-weather|none\n|upkeep\n|\n|switch|p2a: Urijah|Charizard, M|100\/100\n|turn|21\n|\n|switch|p1a: Superman|Dragonite, M|94\/100\n|detailschange|p2a: Urijah|Charizard-Mega-X, M\n|-mega|p2a: Urijah|Charizard|Charizardite X\n|move|p2a: Urijah|Flare Blitz|p1a: Superman\n|-resisted|p1a: Superman\n|-damage|p1a: Superman|56\/100\n|-damage|p2a: Urijah|84\/100|[from] Recoil\n|\n|upkeep\n|turn|22\n|\n|move|p1a: Superman|Extreme Speed|p2a: Urijah\n|-damage|p2a: Urijah|48\/100\n|move|p2a: Urijah|Dragon Claw|p1a: Superman\n|-supereffective|p1a: Superman\n|-crit|p1a: Superman\n|-damage|p1a: Superman|0 fnt\n|faint|p1a: Superman\n|\n|upkeep\n|\n|switch|p1a: Captain America|Venusaur-Mega, M|89\/100\n|turn|23\n|\n|switch|p2a: Saravee|Clefable, F|93\/100 tox\n|move|p1a: Captain America|Leech Seed|p2a: Saravee\n|-start|p2a: Saravee|move: Leech Seed\n|\n|upkeep\n|turn|24\n|\n|switch|p2a: Rex|Tyranitar, M|100\/100\n|-weather|Sandstorm|[from] ability: Sand Stream|[of] p2a: Rex\n|move|p1a: Captain America|Sludge Bomb|p2a: Rex\n|-resisted|p2a: Rex\n|-damage|p2a: Rex|88\/100\n|\n|-weather|Sandstorm|[upkeep]\n|-damage|p1a: Captain America|83\/100|[from] Sandstorm\n|upkeep\n|turn|25\n|\n|move|p2a: Rex|Stone Edge|p1a: Captain America\n|-crit|p1a: Captain America\n|-damage|p1a: Captain America|0 fnt\n|faint|p1a: Captain America\n|\n|-weather|Sandstorm|[upkeep]\n|upkeep\n|l| feblack13\n|\n|switch|p1a: Wonder Woman|Magearna|66\/100\n|turn|26\n|j| feblack13\n|\n|switch|p2a: Saravee|Clefable, F|93\/100 tox\n|move|p1a: Wonder Woman|Aura Sphere|p2a: Saravee\n|-resisted|p2a: Saravee\n|-damage|p2a: Saravee|81\/100 tox\n|\n|-weather|Sandstorm|[upkeep]\n|upkeep\n|turn|27\n|l| feblack13\n|j| feblack13\n|\n|move|p1a: Wonder Woman|Ice Beam|p2a: Saravee\n|-damage|p2a: Saravee|54\/100 tox\n|move|p2a: Saravee|Calm Mind|p2a: Saravee\n|-boost|p2a: Saravee|spa|1\n|-boost|p2a: Saravee|spd|1\n|\n|-weather|Sandstorm|[upkeep]\n|upkeep\n|turn|28\n|\n|move|p1a: Wonder Woman|Ice Beam|p2a: Saravee\n|-damage|p2a: Saravee|36\/100 tox\n|move|p2a: Saravee|Soft-Boiled|p2a: Saravee\n|-heal|p2a: Saravee|86\/100 tox\n|\n|-weather|none\n|upkeep\n|turn|29\n|\n|move|p1a: Wonder Woman|Ice Beam|p2a: Saravee\n|-damage|p2a: Saravee|68\/100 tox\n|move|p2a: Saravee|Moonblast|p1a: Wonder Woman\n|-resisted|p1a: Wonder Woman\n|-damage|p1a: Wonder Woman|46\/100\n|-unboost|p1a: Wonder Woman|spa|1\n|\n|upkeep\n|turn|30\n|c|\u2606Zed Thom|you know you can't freeze this mon because of toxic\n|\n|move|p1a: Wonder Woman|Ice Beam|p2a: Saravee\n|-damage|p2a: Saravee|56\/100 tox\n|move|p2a: Saravee|Moonblast|p1a: Wonder Woman\n|-resisted|p1a: Wonder Woman\n|-damage|p1a: Wonder Woman|28\/100\n|-unboost|p1a: Wonder Woman|spa|1\n|\n|upkeep\n|turn|31\n|\n|move|p1a: Wonder Woman|Heart Swap|p2a: Saravee\n|-swapboost|p1a: Wonder Woman|p2a: Saravee|[from] move: Heart Swap\n|move|p2a: Saravee|Moonblast|p1a: Wonder Woman\n|-resisted|p1a: Wonder Woman\n|-damage|p1a: Wonder Woman|24\/100\n|-unboost|p1a: Wonder Woman|spa|1\n|\n|upkeep\n|turn|32\n|\n|move|p1a: Wonder Woman|Dazzling Gleam|p2a: Saravee\n|-damage|p2a: Saravee|18\/100 tox\n|move|p2a: Saravee|Soft-Boiled|p2a: Saravee\n|-heal|p2a: Saravee|68\/100 tox\n|\n|upkeep\n|turn|33\n|\n|move|p1a: Wonder Woman|Dazzling Gleam|p2a: Saravee\n|-damage|p2a: Saravee|29\/100 tox\n|move|p2a: Saravee|Calm Mind|p2a: Saravee\n|-boost|p2a: Saravee|spa|1\n|-boost|p2a: Saravee|spd|1\n|\n|upkeep\n|turn|34\n|\n|move|p1a: Wonder Woman|Dazzling Gleam|p2a: Saravee\n|-crit|p2a: Saravee\n|-damage|p2a: Saravee|0 fnt\n|faint|p2a: Saravee\n|-ability|p1a: Wonder Woman|Soul-Heart|boost\n|-boost|p1a: Wonder Woman|spa|1\n|\n|upkeep\n|\n|switch|p2a: Urijah|Charizard-Mega-X, M|48\/100\n|turn|35\n|\n|move|p2a: Urijah|Earthquake|p1a: Wonder Woman\n|-supereffective|p1a: Wonder Woman\n|-damage|p1a: Wonder Woman|0 fnt\n|faint|p1a: Wonder Woman\n|\n|upkeep\n|\n|switch|p1a: Black Panther|Incineroar, M|100\/100\n|-ability|p1a: Black Panther|Intimidate|boost\n|-unboost|p2a: Urijah|atk|1\n|turn|36\n|\n|switch|p2a: Cheribum|Skarmory, F|100\/100\n|move|p1a: Black Panther|Fake Out|p2a: Cheribum\n|-resisted|p2a: Cheribum\n|-damage|p2a: Cheribum|96\/100\n|\n|upkeep\n|turn|37\n|\n|move|p2a: Cheribum|Brave Bird|p1a: Black Panther\n|-damage|p1a: Black Panther|68\/100\n|-damage|p2a: Cheribum|83\/100|[from] Recoil\n|move|p1a: Black Panther|Flare Blitz|p2a: Cheribum\n|-supereffective|p2a: Cheribum\n|-crit|p2a: Cheribum\n|-damage|p2a: Cheribum|0 fnt\n|-damage|p1a: Black Panther|45\/100|[from] Recoil\n|faint|p2a: Cheribum\n|\n|upkeep\n|\n|switch|p2a: Rex|Tyranitar, M|88\/100\n|-weather|Sandstorm|[from] ability: Sand Stream|[of] p2a: Rex\n|turn|38\n|\n|move|p2a: Rex|Earthquake|p1a: Black Panther\n|-supereffective|p1a: Black Panther\n|-damage|p1a: Black Panther|0 fnt\n|faint|p1a: Black Panther\n|\n|win|Zed Thom\n|l|\u2606Shardul888\n|l| feblack13\n||Ladder (probably) updated, but score could not be retrieved (Response not received).\n|error|Unexpected response null from ladder server.\n","uploadtime":1575672774,"views":6,"p1id":"shardul888","p2id":"zedthom","formatid":"gen7ou","rating":0,"private":0,"password":null}