{"id":"gen7ou-1629297251","p1":"Skip The Drip","p2":"ou dort","format":"gen7ou","log":"|j|\u2606Skip The Drip\n|j|\u2606ou dort\n|inactive|Battle timer is ON: inactive players will automatically lose when time's up.\n|t:|1659287963\n|gametype|singles\n|player|p1|Skip The Drip|policeman-gen8|\n|player|p2|ou dort|hiker|\n|teamsize|p1|6\n|teamsize|p2|6\n|gen|7\n|tier|[Gen 7] OU\n|rated|Tournament battle\n|rule|Sleep Clause Mod: Limit one foe put to sleep\n|rule|Species Clause: Limit one of each Pok\u00e9mon\n|rule|OHKO Clause: OHKO moves are banned\n|rule|Moody Clause: Moody is banned\n|rule|Evasion Moves Clause: Evasion moves are banned\n|rule|Endless Battle Clause: Forcing endless battles is banned\n|rule|HP Percentage Mod: HP is shown in percentages\n|clearpoke\n|poke|p1|Talonflame, M|item\n|poke|p1|Diancie|item\n|poke|p1|Comfey, F|item\n|poke|p1|Landorus-Therian, M|item\n|poke|p1|Tapu Koko|item\n|poke|p1|Ferrothorn, M|item\n|poke|p2|Alakazam, M|item\n|poke|p2|Victini|item\n|poke|p2|Landorus-Therian, M|item\n|poke|p2|Greninja, M|item\n|poke|p2|Tapu Lele|item\n|poke|p2|Kommo-o, F|item\n|teampreview\n|j| Lou dort\n|j| Rubiaa\n|inactive|ou dort has 120 seconds left.\n|c|\u2606ou dort|hf\n|c|\u2606ou dort|bro saw my z kommo and brought 3 fairies\n|c|\u2606ou dort|x.x\n|c| Rubiaa|x.x\n|\n|t:|1659288019\n|start\n|switch|p1a: Landorus|Landorus-Therian, M|100\/100\n|switch|p2a: Greninja|Greninja, M|100\/100\n|-ability|p1a: Landorus|Intimidate|boost\n|-unboost|p2a: Greninja|atk|1\n|turn|1\n|j| yoyolord\n|c|\u2606Skip The Drip|i only need 3\n|c|\u2606Skip The Drip|:3\n|\n|t:|1659288029\n|switch|p1a: Ferrothorn|Ferrothorn, M|100\/100\n|move|p2a: Greninja|Ice Beam|p1a: Ferrothorn\n|-damage|p1a: Ferrothorn|86\/100\n|\n|-heal|p1a: Ferrothorn|92\/100|[from] item: Leftovers\n|upkeep\n|turn|2\n|j| Bradley Chadster\n|c| Rubiaa|4\n|\n|t:|1659288037\n|switch|p2a: Kommo-o|Kommo-o, F|100\/100\n|move|p1a: Ferrothorn|Stealth Rock|p2a: Kommo-o\n|-sidestart|p2: ou dort|move: Stealth Rock\n|\n|-heal|p1a: Ferrothorn|98\/100|[from] item: Leftovers\n|upkeep\n|turn|3\n|c| Lou dort|he also got a talonflame\n|c|\u2606ou dort|zzzz\n|\n|t:|1659288050\n|switch|p1a: Diancie|Diancie|100\/100\n|move|p2a: Kommo-o|Stealth Rock|p1a: Diancie\n|-sidestart|p1: Skip The Drip|move: Stealth Rock\n|\n|upkeep\n|turn|4\n|c| Rubiaa|skill issue u didnt freeze\n|c|\u2606ou dort|bro\n|c|\u2606ou dort|i lost\n|c|\u2606ou dort|wtf\n|c|\u2606Skip The Drip|diancee\n|\n|t:|1659288075\n|detailschange|p1a: Diancie|Diancie-Mega\n|-mega|p1a: Diancie|Diancie|Diancite\n|move|p1a: Diancie|Moonblast|p2a: Kommo-o\n|-supereffective|p2a: Kommo-o\n|-damage|p2a: Kommo-o|0 fnt\n|faint|p2a: Kommo-o\n|\n|upkeep\n|\n|t:|1659288080\n|switch|p2a: Greninja|Greninja, M|100\/100\n|-damage|p2a: Greninja|88\/100|[from] Stealth Rock\n|turn|5\n|c|\u2606Skip The Drip|one of my mons is usesless now\n|c|\u2606Skip The Drip|:)\n|\n|t:|1659288086\n|move|p1a: Diancie|Protect|p1a: Diancie\n|-singleturn|p1a: Diancie|Protect\n|move|p2a: Greninja|U-turn|p1a: Diancie\n|-activate|p1a: Diancie|move: Protect\n|\n|upkeep\n|turn|6\n|j| taiwan lover\n|\n|t:|1659288091\n|move|p2a: Greninja|U-turn|p1a: Diancie\n|-resisted|p1a: Diancie\n|-damage|p1a: Diancie|87\/100\n|\n|t:|1659288094\n|switch|p2a: Alakazam|Alakazam, M|100\/100|[from]move: U-turn\n|move|p1a: Diancie|Moonblast|p2a: Alakazam\n|-damage|p2a: Alakazam|19\/100\n|\n|upkeep\n|turn|7\n|\n|t:|1659288103\n|switch|p1a: Ferrothorn|Ferrothorn, M|98\/100\n|-damage|p1a: Ferrothorn|92\/100|[from] Stealth Rock\n|detailschange|p2a: Alakazam|Alakazam-Mega, M\n|-mega|p2a: Alakazam|Alakazam|Alakazite\n|-ability|p2a: Alakazam|Iron Barbs|[from] ability: Trace|[of] p1a: Ferrothorn\n|move|p2a: Alakazam|Psychic|p1a: Ferrothorn\n|-resisted|p1a: Ferrothorn\n|-damage|p1a: Ferrothorn|73\/100\n|\n|-heal|p1a: Ferrothorn|79\/100|[from] item: Leftovers\n|upkeep\n|turn|8\n|\n|t:|1659288108\n|switch|p1a: Landorus|Landorus-Therian, M|100\/100\n|-damage|p1a: Landorus|88\/100|[from] Stealth Rock\n|-ability|p1a: Landorus|Intimidate|boost\n|-unboost|p2a: Alakazam|atk|1\n|move|p2a: Alakazam|Focus Blast|p1a: Landorus|[miss]\n|-miss|p2a: Alakazam|p1a: Landorus\n|\n|upkeep\n|turn|9\n|\n|t:|1659288116\n|switch|p2a: Landorus|Landorus-Therian, M|100\/100\n|-damage|p2a: Landorus|88\/100|[from] Stealth Rock\n|-ability|p2a: Landorus|Intimidate|boost\n|-unboost|p1a: Landorus|atk|1\n|move|p1a: Landorus|Hidden Power|p2a: Landorus\n|-supereffective|p2a: Landorus\n|-damage|p2a: Landorus|35\/100\n|\n|-heal|p2a: Landorus|41\/100|[from] item: Leftovers\n|upkeep\n|turn|10\n|j| LT91BB someidiot19\n|\n|t:|1659288121\n|move|p1a: Landorus|Hidden Power|p2a: Landorus\n|-supereffective|p2a: Landorus\n|-damage|p2a: Landorus|0 fnt\n|faint|p2a: Landorus\n|\n|upkeep\n|\n|t:|1659288134\n|switch|p2a: Tapu Lele|Tapu Lele|100\/100\n|-damage|p2a: Tapu Lele|88\/100|[from] Stealth Rock\n|-fieldstart|move: Psychic Terrain|[from] ability: Psychic Surge|[of] p2a: Tapu Lele\n|turn|11\n|\n|t:|1659288139\n|switch|p1a: Talonflame|Talonflame, M|100\/100\n|-damage|p1a: Talonflame|51\/100|[from] Stealth Rock\n|move|p2a: Tapu Lele|Psychic|p1a: Talonflame\n|-damage|p1a: Talonflame|0 fnt\n|faint|p1a: Talonflame\n|\n|upkeep\n|\n|t:|1659288142\n|switch|p1a: Tapu Koko|Tapu Koko|100\/100\n|-damage|p1a: Tapu Koko|88\/100|[from] Stealth Rock\n|-fieldstart|move: Electric Terrain|[from] ability: Electric Surge|[of] p1a: Tapu Koko\n|turn|12\n|\n|t:|1659288153\n|-zpower|p1a: Tapu Koko\n|move|p1a: Tapu Koko|Gigavolt Havoc|p2a: Tapu Lele|[zeffect]\n|-damage|p2a: Tapu Lele|0 fnt\n|faint|p2a: Tapu Lele\n|\n|upkeep\n|\n|t:|1659288157\n|switch|p2a: Alakazam|Alakazam-Mega, M|19\/100\n|-damage|p2a: Alakazam|6\/100|[from] Stealth Rock\n|-ability|p2a: Alakazam|Electric Surge|[from] ability: Trace|[of] p1a: Tapu Koko\n|turn|13\n|\n|t:|1659288164\n|move|p2a: Alakazam|Psychic|p1a: Tapu Koko\n|-damage|p1a: Tapu Koko|0 fnt\n|faint|p1a: Tapu Koko\n|\n|upkeep\n|\n|t:|1659288166\n|switch|p1a: Landorus|Landorus-Therian, M|88\/100\n|-damage|p1a: Landorus|76\/100|[from] Stealth Rock\n|-ability|p1a: Landorus|Intimidate|boost\n|-unboost|p2a: Alakazam|atk|1\n|turn|14\n|\n|t:|1659288171\n|move|p1a: Landorus|Earthquake|p2a: Alakazam\n|-damage|p2a: Alakazam|0 fnt\n|faint|p2a: Alakazam\n|\n|upkeep\n|\n|t:|1659288173\n|switch|p2a: Greninja|Greninja, M|88\/100\n|-damage|p2a: Greninja|76\/100|[from] Stealth Rock\n|turn|15\n|\n|t:|1659288177\n|switch|p1a: Ferrothorn|Ferrothorn, M|79\/100\n|-damage|p1a: Ferrothorn|73\/100|[from] Stealth Rock\n|move|p2a: Greninja|Ice Beam|p1a: Ferrothorn\n|-damage|p1a: Ferrothorn|57\/100\n|-status|p1a: Ferrothorn|frz\n|\n|-heal|p1a: Ferrothorn|63\/100 frz|[from] item: Leftovers\n|upkeep\n|turn|16\n|\n|t:|1659288180\n|switch|p2a: Victini|Victini|100\/100\n|-damage|p2a: Victini|76\/100|[from] Stealth Rock\n|-curestatus|p1a: Ferrothorn|frz|[msg]\n|move|p1a: Ferrothorn|Power Whip|p2a: Victini\n|-resisted|p2a: Victini\n|-damage|p2a: Victini|56\/100\n|\n|-heal|p1a: Ferrothorn|69\/100|[from] item: Leftovers\n|-fieldend|move: Electric Terrain\n|upkeep\n|turn|17\n|\n|t:|1659288184\n|move|p1a: Ferrothorn|Protect|p1a: Ferrothorn\n|-singleturn|p1a: Ferrothorn|Protect\n|-zpower|p2a: Victini\n|move|p2a: Victini|Z-Celebrate|p2a: Victini|[anim]Celebrate\n|-boost|p2a: Victini|atk|1|[zeffect]\n|-boost|p2a: Victini|def|1|[zeffect]\n|-boost|p2a: Victini|spa|1|[zeffect]\n|-boost|p2a: Victini|spd|1|[zeffect]\n|-boost|p2a: Victini|spe|1|[zeffect]\n|-activate|p2a: Victini|move: Celebrate\n|\n|-heal|p1a: Ferrothorn|75\/100|[from] item: Leftovers\n|upkeep\n|turn|18\n|\n|t:|1659288191\n|move|p2a: Victini|Searing Shot|p1a: Ferrothorn\n|-supereffective|p1a: Ferrothorn\n|-damage|p1a: Ferrothorn|0 fnt\n|faint|p1a: Ferrothorn\n|\n|upkeep\n|\n|t:|1659288194\n|switch|p1a: Landorus|Landorus-Therian, M|76\/100\n|-damage|p1a: Landorus|64\/100|[from] Stealth Rock\n|-ability|p1a: Landorus|Intimidate|boost\n|-unboost|p2a: Victini|atk|1\n|turn|19\n|\n|t:|1659288212\n|move|p2a: Victini|Stored Power|p1a: Landorus\n|-damage|p1a: Landorus|0 fnt\n|faint|p1a: Landorus\n|\n|upkeep\n|c| Lou dort|why did u bring psychic spam\n|c|\u2606Skip The Drip|bro\n|c|\u2606Skip The Drip|look at this shit\n|c|\u2606Skip The Drip|im 349\n|c|\u2606Skip The Drip|diance\n|c|\u2606Skip The Drip|lol\n|inactive|Skip The Drip has 120 seconds left.\n|c|\u2606ou dort|lmao\n|c|\u2606Skip The Drip|i just realzied that\n|c| taiwan lover|hate that thing\n|c| Lou dort|cuz of hidden power\n|c|\u2606Skip The Drip|!showset 2\n|c| Skip The Drip|\/raw <div class=\"infobox\">Diancie @ Diancite  <br \/>Ability: Clear Body  <br \/>Hidden Power: Fire  <br \/>EVs: 4 Atk &#x2f; 252 SpA &#x2f; 252 Spe  <br \/>Hasty Nature  <br \/>IVs: 30 Atk &#x2f; 30 SpA &#x2f; 30 Spe  <br \/>- Diamond Storm  <br \/>- Moonblast  <br \/>- Hidden Power [Fire]  <br \/>- Protect  <br \/><br \/><\/div>\n|c|\u2606Skip The Drip|this is 7\n|j| Iceman8911\n|c|\u2606Skip The Drip|u dont need hp fire ivs\n|\n|t:|1659288252\n|switch|p1a: Comfey|Comfey, F|100\/100\n|-damage|p1a: Comfey|88\/100|[from] Stealth Rock\n|turn|20\n|\n|t:|1659288258\n|move|p2a: Victini|Searing Shot|p1a: Comfey\n|-damage|p1a: Comfey|15\/100\n|-status|p1a: Comfey|brn\n|move|p1a: Comfey|Calm Mind|p1a: Comfey\n|-boost|p1a: Comfey|spa|1\n|-boost|p1a: Comfey|spd|1\n|\n|-heal|p1a: Comfey|21\/100 brn|[from] item: Leftovers\n|-damage|p1a: Comfey|15\/100 brn|[from] brn\n|upkeep\n|turn|21\n|\n|t:|1659288265\n|move|p1a: Comfey|Draining Kiss|p2a: Victini\n|-resisted|p2a: Victini\n|-damage|p2a: Victini|45\/100\n|-heal|p1a: Comfey|24\/100 brn|[from] drain|[of] p2a: Victini\n|move|p2a: Victini|Searing Shot|p1a: Comfey\n|-damage|p1a: Comfey|0 fnt\n|faint|p1a: Comfey\n|\n|upkeep\n|c|\u2606Skip The Drip|gg\n|-message|Skip The Drip forfeited.\n|\n|win|ou dort\n|n|\u2606Skip The Drip|skipthedrip\n|n|\u2606ou dort|oudort\n|n| Lou dort|loudort\n|n| Rubiaa|rubiaa\n|n| yoyolord|yoyolord\n|n| Bradley Chadster|bradleychadster\n|n| taiwan lover|taiwanlover\n|n| LT91BB someidiot19|lt91bbsomeidiot19\n|n| Iceman8911|iceman8911\n","uploadtime":1659288273,"views":7,"p1id":"skipthedrip","p2id":"oudort","formatid":"gen7ou","rating":0,"private":0,"password":null}