{"id":"gen7monotype-974816409","p1":"ColorlessHilda","p2":"lord cube","format":"gen7monotype","log":"|j|\u2606ColorlessHilda\n|j|\u2606lord cube\n|player|p1|ColorlessHilda|170|1365\n|player|p2|lord cube|92|1301\n|teamsize|p1|6\n|teamsize|p2|6\n|gametype|singles\n|gen|7\n|tier|[Gen 7] Monotype\n|rated|\n|rule|Sleep Clause Mod: Limit one foe put to sleep\n|rule|Species Clause: Limit one of each Pok\u00e9mon\n|rule|OHKO Clause: OHKO moves are banned\n|rule|Moody Clause: Moody is banned\n|rule|Evasion Moves Clause: Evasion moves are banned\n|rule|Endless Battle Clause: Forcing endless battles is banned\n|rule|HP Percentage Mod: HP is shown in percentages\n|rule|Swagger Clause: Swagger is banned\n|rule|Same Type Clause: Pok\u00e9mon in a team must share a type\n|clearpoke\n|poke|p1|Liepard, F|item\n|poke|p1|Scrafty, M|item\n|poke|p1|Krookodile, M|item\n|poke|p1|Bisharp, M|item\n|poke|p1|Mandibuzz, F|item\n|poke|p1|Hydreigon, F|item\n|poke|p2|Landorus, M|item\n|poke|p2|Krookodile, F|item\n|poke|p2|Hippowdon, M|item\n|poke|p2|Excadrill, M|item\n|poke|p2|Nidoqueen, F|item\n|poke|p2|Gastrodon, F|item\n|teampreview\n|inactive|Battle timer is ON: inactive players will automatically lose when time's up. (requested by lord cube)\n|\n|start\n|switch|p1a: Krookodile|Krookodile, M|100\/100\n|switch|p2a: Hippowdon|Hippowdon, M|100\/100\n|-ability|p1a: Krookodile|Intimidate|boost\n|-unboost|p2a: Hippowdon|atk|1\n|-weather|Sandstorm|[from] ability: Sand Stream|[of] p2a: Hippowdon\n|turn|1\n|\n|move|p1a: Krookodile|Taunt|p2a: Hippowdon\n|-start|p2a: Hippowdon|move: Taunt\n|cant|p2a: Hippowdon|move: Taunt|Toxic\n|\n|-weather|Sandstorm|[upkeep]\n|upkeep\n|turn|2\n|\n|switch|p2a: Gastrodon|Gastrodon, F|100\/100\n|move|p1a: Krookodile|Knock Off|p2a: Gastrodon\n|-damage|p2a: Gastrodon|68\/100\n|-enditem|p2a: Gastrodon|Leftovers|[from] move: Knock Off|[of] p1a: Krookodile\n|\n|-weather|Sandstorm|[upkeep]\n|upkeep\n|turn|3\n|\n|move|p1a: Krookodile|Stealth Rock|p2a: Gastrodon\n|-sidestart|p2: lord cube|move: Stealth Rock\n|move|p2a: Gastrodon|Scald|p1a: Krookodile\n|-supereffective|p1a: Krookodile\n|-damage|p1a: Krookodile|26\/100\n|\n|-weather|Sandstorm|[upkeep]\n|upkeep\n|turn|4\n|\n|move|p1a: Krookodile|Earthquake|p2a: Gastrodon\n|-damage|p2a: Gastrodon|34\/100\n|move|p2a: Gastrodon|Toxic|p1a: Krookodile\n|-status|p1a: Krookodile|tox\n|\n|-weather|Sandstorm|[upkeep]\n|-damage|p1a: Krookodile|20\/100 tox|[from] psn\n|upkeep\n|turn|5\n|\n|switch|p2a: Hippowdon|Hippowdon, M|100\/100\n|-damage|p2a: Hippowdon|94\/100|[from] Stealth Rock\n|move|p1a: Krookodile|Earthquake|p2a: Hippowdon\n|-damage|p2a: Hippowdon|62\/100\n|\n|-weather|none\n|-damage|p1a: Krookodile|7\/100 tox|[from] psn\n|upkeep\n|turn|6\n|\n|move|p1a: Krookodile|Taunt|p2a: Hippowdon\n|-start|p2a: Hippowdon|move: Taunt\n|cant|p2a: Hippowdon|move: Taunt|Slack Off\n|\n|-damage|p1a: Krookodile|0 fnt|[from] psn\n|faint|p1a: Krookodile\n|upkeep\n|\n|switch|p1a: Hydreigon|Hydreigon, F|100\/100\n|turn|7\n|\n|switch|p2a: Krookodile|Krookodile, F|100\/100\n|-damage|p2a: Krookodile|94\/100|[from] Stealth Rock\n|move|p1a: Hydreigon|Dark Pulse|p2a: Krookodile\n|-resisted|p2a: Krookodile\n|-damage|p2a: Krookodile|54\/100\n|\n|upkeep\n|turn|8\n|\n|switch|p1a: Scrafty|Scrafty, M|100\/100\n|-ability|p1a: Scrafty|Intimidate|boost\n|-unboost|p2a: Krookodile|atk|1\n|move|p2a: Krookodile|Knock Off|p1a: Scrafty\n|-resisted|p1a: Scrafty\n|-damage|p1a: Scrafty|94\/100\n|-enditem|p1a: Scrafty|Assault Vest|[from] move: Knock Off|[of] p2a: Krookodile\n|\n|upkeep\n|turn|9\n|\n|switch|p2a: Hippowdon|Hippowdon, M|62\/100\n|-damage|p2a: Hippowdon|56\/100|[from] Stealth Rock\n|-weather|Sandstorm|[from] ability: Sand Stream|[of] p2a: Hippowdon\n|move|p1a: Scrafty|Drain Punch|p2a: Hippowdon\n|-damage|p2a: Hippowdon|34\/100\n|-heal|p1a: Scrafty|100\/100|[from] drain|[of] p2a: Hippowdon\n|-damage|p1a: Scrafty|84\/100|[from] item: Rocky Helmet|[of] p2a: Hippowdon\n|\n|-weather|Sandstorm|[upkeep]\n|-damage|p1a: Scrafty|78\/100|[from] Sandstorm\n|upkeep\n|turn|10\n|\n|switch|p1a: Liepard|Liepard, F|100\/100\n|move|p2a: Hippowdon|Slack Off|p2a: Hippowdon\n|-heal|p2a: Hippowdon|84\/100\n|\n|-weather|Sandstorm|[upkeep]\n|-damage|p1a: Liepard|95\/100|[from] Sandstorm\n|upkeep\n|turn|11\n|\n|move|p1a: Liepard|Encore|p2a: Hippowdon\n|-start|p2a: Hippowdon|Encore\n|move|p2a: Hippowdon|Slack Off|p2a: Hippowdon\n|-heal|p2a: Hippowdon|100\/100\n|\n|-weather|Sandstorm|[upkeep]\n|-damage|p1a: Liepard|89\/100|[from] Sandstorm\n|upkeep\n|turn|12\n|\n|switch|p2a: Gastrodon|Gastrodon, F|34\/100\n|-damage|p2a: Gastrodon|28\/100|[from] Stealth Rock\n|move|p1a: Liepard|Snatch|p1a: Liepard\n|-singleturn|p1a: Liepard|Snatch\n|\n|-weather|Sandstorm|[upkeep]\n|-damage|p1a: Liepard|83\/100|[from] Sandstorm\n|upkeep\n|turn|13\n|\n|move|p1a: Liepard|Dark Pulse|p2a: Gastrodon\n|-damage|p2a: Gastrodon|0 fnt\n|faint|p2a: Gastrodon\n|\n|-weather|none\n|upkeep\n|\n|switch|p2a: Krookodile|Krookodile, F|54\/100\n|-damage|p2a: Krookodile|48\/100|[from] Stealth Rock\n|turn|14\n|\n|switch|p1a: Scrafty|Scrafty, M|78\/100\n|-ability|p1a: Scrafty|Intimidate|boost\n|-unboost|p2a: Krookodile|atk|1\n|move|p2a: Krookodile|Brick Break|p1a: Scrafty\n|-supereffective|p1a: Scrafty\n|-damage|p1a: Scrafty|50\/100\n|\n|upkeep\n|turn|15\n|\n|switch|p2a: Nidoqueen|Nidoqueen, F|100\/100\n|-damage|p2a: Nidoqueen|94\/100|[from] Stealth Rock\n|move|p1a: Scrafty|Knock Off|p2a: Nidoqueen\n|-damage|p2a: Nidoqueen|47\/100\n|-enditem|p2a: Nidoqueen|Life Orb|[from] move: Knock Off|[of] p1a: Scrafty\n|\n|upkeep\n|turn|16\n|\n|move|p2a: Nidoqueen|Ice Beam|p1a: Scrafty\n|-damage|p1a: Scrafty|20\/100\n|move|p1a: Scrafty|Knock Off|p2a: Nidoqueen\n|-damage|p2a: Nidoqueen|19\/100\n|\n|upkeep\n|turn|17\n|\n|move|p2a: Nidoqueen|Sludge Wave|p1a: Scrafty\n|-damage|p1a: Scrafty|0 fnt\n|faint|p1a: Scrafty\n|\n|upkeep\n|\n|switch|p1a: Liepard|Liepard, F|83\/100\n|turn|18\n|\n|move|p1a: Liepard|Dark Pulse|p2a: Nidoqueen\n|-damage|p2a: Nidoqueen|0 fnt\n|faint|p2a: Nidoqueen\n|\n|upkeep\n|\n|switch|p2a: Krookodile|Krookodile, F|48\/100\n|-damage|p2a: Krookodile|42\/100|[from] Stealth Rock\n|turn|19\n|\n|switch|p1a: Mandibuzz|Mandibuzz, F|100\/100\n|move|p2a: Krookodile|Knock Off|p1a: Mandibuzz\n|-resisted|p1a: Mandibuzz\n|-damage|p1a: Mandibuzz|87\/100\n|-enditem|p1a: Mandibuzz|Leftovers|[from] move: Knock Off|[of] p2a: Krookodile\n|\n|upkeep\n|turn|20\n|\n|move|p2a: Krookodile|Knock Off|p1a: Mandibuzz\n|-resisted|p1a: Mandibuzz\n|-damage|p1a: Mandibuzz|79\/100\n|move|p1a: Mandibuzz|Foul Play|p2a: Krookodile\n|-resisted|p2a: Krookodile\n|-damage|p2a: Krookodile|13\/100\n|\n|upkeep\n|turn|21\n|\n|move|p2a: Krookodile|Knock Off|p1a: Mandibuzz\n|-resisted|p1a: Mandibuzz\n|-damage|p1a: Mandibuzz|69\/100\n|move|p1a: Mandibuzz|Foul Play|p2a: Krookodile\n|-resisted|p2a: Krookodile\n|-damage|p2a: Krookodile|0 fnt\n|faint|p2a: Krookodile\n|\n|upkeep\n|\n|switch|p2a: Hippowdon|Hippowdon, M|100\/100\n|-damage|p2a: Hippowdon|94\/100|[from] Stealth Rock\n|-weather|Sandstorm|[from] ability: Sand Stream|[of] p2a: Hippowdon\n|turn|22\n|\n|move|p1a: Mandibuzz|U-turn|p2a: Hippowdon\n|-damage|p2a: Hippowdon|87\/100\n|-damage|p1a: Mandibuzz|53\/100|[from] item: Rocky Helmet|[of] p2a: Hippowdon\n|\n|switch|p1a: Liepard|Liepard, F|83\/100|[from]move: U-turn\n|move|p2a: Hippowdon|Toxic|p1a: Liepard\n|-status|p1a: Liepard|tox\n|\n|-weather|Sandstorm|[upkeep]\n|-damage|p1a: Liepard|77\/100 tox|[from] Sandstorm\n|-damage|p1a: Liepard|71\/100 tox|[from] psn\n|upkeep\n|turn|23\n|\n|switch|p2a: Excadrill|Excadrill, M|100\/100\n|-damage|p2a: Excadrill|97\/100|[from] Stealth Rock\n|move|p1a: Liepard|Encore||[still]\n|-fail|p1a: Liepard\n|\n|-weather|Sandstorm|[upkeep]\n|-damage|p1a: Liepard|65\/100 tox|[from] Sandstorm\n|-damage|p1a: Liepard|53\/100 tox|[from] psn\n|upkeep\n|turn|24\n|\n|move|p2a: Excadrill|Iron Head|p1a: Liepard\n|-damage|p1a: Liepard|0 fnt\n|faint|p1a: Liepard\n|\n|-weather|Sandstorm|[upkeep]\n|upkeep\n|\n|switch|p1a: Mandibuzz|Mandibuzz, F|53\/100\n|turn|25\n|\n|move|p2a: Excadrill|Iron Head|p1a: Mandibuzz\n|-damage|p1a: Mandibuzz|26\/100\n|move|p1a: Mandibuzz|Roost|p1a: Mandibuzz\n|-heal|p1a: Mandibuzz|76\/100\n|-singleturn|p1a: Mandibuzz|move: Roost\n|\n|-weather|Sandstorm|[upkeep]\n|upkeep\n|turn|26\n|\n|move|p2a: Excadrill|Swords Dance|p2a: Excadrill\n|-boost|p2a: Excadrill|atk|2\n|move|p1a: Mandibuzz|Roost|p1a: Mandibuzz\n|-heal|p1a: Mandibuzz|100\/100\n|-singleturn|p1a: Mandibuzz|move: Roost\n|\n|-weather|none\n|upkeep\n|turn|27\n|\n|move|p2a: Excadrill|Rock Tomb|p1a: Mandibuzz\n|-supereffective|p1a: Mandibuzz\n|-damage|p1a: Mandibuzz|48\/100\n|-unboost|p1a: Mandibuzz|spe|1\n|move|p1a: Mandibuzz|Foul Play|p2a: Excadrill\n|-damage|p2a: Excadrill|0 fnt\n|faint|p2a: Excadrill\n|\n|upkeep\n|\n|switch|p2a: Hippowdon|Hippowdon, M|87\/100\n|-damage|p2a: Hippowdon|81\/100|[from] Stealth Rock\n|-weather|Sandstorm|[from] ability: Sand Stream|[of] p2a: Hippowdon\n|turn|28\n|\n|move|p1a: Mandibuzz|U-turn|p2a: Hippowdon\n|-damage|p2a: Hippowdon|72\/100\n|-damage|p1a: Mandibuzz|31\/100|[from] item: Rocky Helmet|[of] p2a: Hippowdon\n|\n|switch|p1a: Hydreigon|Hydreigon, F|100\/100|[from]move: U-turn\n|move|p2a: Hippowdon|Toxic|p1a: Hydreigon\n|-status|p1a: Hydreigon|tox\n|\n|-weather|Sandstorm|[upkeep]\n|-damage|p1a: Hydreigon|94\/100 tox|[from] Sandstorm\n|-damage|p1a: Hydreigon|88\/100 tox|[from] psn\n|upkeep\n|turn|29\n|\n|move|p1a: Hydreigon|Draco Meteor|p2a: Hippowdon\n|-damage|p2a: Hippowdon|7\/100\n|-unboost|p1a: Hydreigon|spa|2\n|move|p2a: Hippowdon|Slack Off|p2a: Hippowdon\n|-heal|p2a: Hippowdon|57\/100\n|\n|-weather|Sandstorm|[upkeep]\n|-damage|p1a: Hydreigon|82\/100 tox|[from] Sandstorm\n|-damage|p1a: Hydreigon|70\/100 tox|[from] psn\n|upkeep\n|turn|30\n|\n|switch|p1a: Bisharp|Bisharp, M|100\/100\n|move|p2a: Hippowdon|Slack Off|p2a: Hippowdon\n|-heal|p2a: Hippowdon|100\/100\n|\n|-weather|Sandstorm|[upkeep]\n|upkeep\n|turn|31\n|\n|move|p1a: Bisharp|Knock Off|p2a: Hippowdon\n|-damage|p2a: Hippowdon|57\/100\n|-damage|p1a: Bisharp|84\/100|[from] item: Rocky Helmet|[of] p2a: Hippowdon\n|-enditem|p2a: Hippowdon|Rocky Helmet|[from] move: Knock Off|[of] p1a: Bisharp\n|-damage|p1a: Bisharp|74\/100|[from] item: Life Orb\n|move|p2a: Hippowdon|Earthquake|p1a: Bisharp\n|-supereffective|p1a: Bisharp\n|-damage|p1a: Bisharp|0 fnt\n|faint|p1a: Bisharp\n|\n|-weather|Sandstorm|[upkeep]\n|upkeep\n|\n|switch|p1a: Hydreigon|Hydreigon, F|70\/100 tox\n|turn|32\n|\n|move|p1a: Hydreigon|Draco Meteor|p2a: Hippowdon\n|-damage|p2a: Hippowdon|0 fnt\n|-unboost|p1a: Hydreigon|spa|2\n|faint|p2a: Hippowdon\n|\n|-weather|none\n|-damage|p1a: Hydreigon|64\/100 tox|[from] psn\n|upkeep\n|\n|switch|p2a: Landorus|Landorus, M|100\/100\n|-damage|p2a: Landorus|88\/100|[from] Stealth Rock\n|turn|33\n|\n|move|p1a: Hydreigon|Draco Meteor|p2a: Landorus\n|-damage|p2a: Landorus|22\/100\n|-unboost|p1a: Hydreigon|spa|2\n|move|p2a: Landorus|Calm Mind|p2a: Landorus\n|-boost|p2a: Landorus|spa|1\n|-boost|p2a: Landorus|spd|1\n|\n|-damage|p1a: Hydreigon|51\/100 tox|[from] psn\n|upkeep\n|turn|34\n|\n|move|p1a: Hydreigon|Draco Meteor|p2a: Landorus\n|-damage|p2a: Landorus|0 fnt\n|-unboost|p1a: Hydreigon|spa|2\n|faint|p2a: Landorus\n|\n|win|ColorlessHilda\n|raw|ColorlessHilda's rating: 1365 &rarr; <strong>1381<\/strong><br \/>(+16 for winning)\n|raw|lord cube's rating: 1301 &rarr; <strong>1284<\/strong><br \/>(-17 for losing)\n","uploadtime":1568294579,"views":4,"p1id":"colorlesshilda","p2id":"lordcube","formatid":"gen7monotype","rating":1284,"private":0,"password":null}