{"id":"gen7randombattle-1595228331","p1":"BigWes95","p2":"AuraGuardianNate","format":"gen7randombattle","log":"|j|\u2606BigWes95\n|j|\u2606AuraGuardianNate\n|t:|1655106900\n|gametype|singles\n|player|p1|BigWes95|lusamine-nihilego|1621\n|player|p2|AuraGuardianNate|riley|1668\n|teamsize|p1|6\n|teamsize|p2|6\n|gen|7\n|tier|[Gen 7] Random Battle\n|rated|\n|rule|Sleep Clause Mod: Limit one foe put to sleep\n|rule|HP Percentage Mod: HP is shown in percentages\n|rule|Mega Rayquaza Clause: You cannot mega evolve Rayquaza\n|\n|t:|1655106900\n|start\n|switch|p1a: Alakazam|Alakazam, L80, F|219\/219\n|switch|p2a: Banette|Banette, L84, M|245\/245\n|turn|1\n|inactive|Battle timer is ON: inactive players will automatically lose when time's up. (requested by BigWes95)\n|inactive|AuraGuardianNate has 120 seconds left.\n|\n|t:|1655106940\n|switch|p1a: Phione|Phione, L88|284\/284\n|switch|p2a: Persian|Persian-Alola, L88, F|258\/258\n|\n|upkeep\n|turn|2\n|\n|t:|1655106943\n|move|p2a: Persian|Hypnosis|p1a: Phione\n|-status|p1a: Phione|slp|[from] move: Hypnosis\n|cant|p1a: Phione|slp\n|\n|upkeep\n|turn|3\n|\n|t:|1655106947\n|switch|p1a: Hariyama|Hariyama, L86, F|388\/388\n|move|p2a: Persian|Dark Pulse|p1a: Hariyama\n|-resisted|p1a: Hariyama\n|-damage|p1a: Hariyama|324\/388\n|-damage|p2a: Persian|233\/258|[from] item: Life Orb\n|\n|upkeep\n|turn|4\n|\n|t:|1655106955\n|switch|p2a: Maractus|Maractus, L88, F|275\/275\n|move|p1a: Hariyama|Knock Off|p2a: Maractus\n|-damage|p2a: Maractus|150\/275\n|-enditem|p2a: Maractus|Leftovers|[from] move: Knock Off|[of] p1a: Hariyama\n|-damage|p1a: Hariyama|286\/388|[from] item: Life Orb\n|\n|upkeep\n|turn|5\n|\n|t:|1655106960\n|switch|p1a: Vanilluxe|Vanilluxe, L86, M|262\/262\n|-weather|Hail|[from] ability: Snow Warning|[of] p1a: Vanilluxe\n|move|p2a: Maractus|Leech Seed|p1a: Vanilluxe\n|-start|p1a: Vanilluxe|move: Leech Seed\n|\n|-weather|Hail|[upkeep]\n|-damage|p2a: Maractus|133\/275|[from] Hail\n|-damage|p1a: Vanilluxe|230\/262|[from] Leech Seed|[of] p2a: Maractus\n|-heal|p2a: Maractus|165\/275|[silent]\n|upkeep\n|turn|6\n|\n|t:|1655106966\n|move|p1a: Vanilluxe|Blizzard|p2a: Maractus\n|-supereffective|p2a: Maractus\n|-damage|p2a: Maractus|0 fnt\n|faint|p2a: Maractus\n|-damage|p1a: Vanilluxe|204\/262|[from] item: Life Orb\n|\n|-weather|Hail|[upkeep]\n|upkeep\n|\n|t:|1655106970\n|switch|p2a: Salazzle|Salazzle, L84, F|251\/251\n|-item|p2a: Salazzle|Air Balloon\n|turn|7\n|\n|t:|1655106975\n|switch|p1a: Uxie|Uxie, L84|263\/263\n|move|p2a: Salazzle|Fire Blast|p1a: Uxie\n|-damage|p1a: Uxie|170\/263\n|\n|-weather|Hail|[upkeep]\n|-damage|p2a: Salazzle|236\/251|[from] Hail\n|-damage|p1a: Uxie|154\/263|[from] Hail\n|-heal|p1a: Uxie|170\/263|[from] item: Leftovers\n|upkeep\n|turn|8\n|\n|t:|1655106981\n|switch|p2a: Persian|Persian-Alola, L88, F|233\/258\n|move|p1a: Uxie|U-turn|p2a: Persian\n|-supereffective|p2a: Persian\n|-damage|p2a: Persian|133\/258\n|\n|t:|1655106991\n|switch|p1a: Vanilluxe|Vanilluxe, L86, M|204\/262\n|\n|-weather|Hail|[upkeep]\n|-damage|p2a: Persian|117\/258|[from] Hail\n|upkeep\n|turn|9\n|\n|t:|1655106994\n|move|p2a: Persian|Hidden Power|p1a: Vanilluxe\n|-supereffective|p1a: Vanilluxe\n|-damage|p1a: Vanilluxe|66\/262\n|-damage|p2a: Persian|92\/258|[from] item: Life Orb\n|move|p1a: Vanilluxe|Blizzard|p2a: Persian\n|-crit|p2a: Persian\n|-damage|p2a: Persian|0 fnt\n|faint|p2a: Persian\n|-damage|p1a: Vanilluxe|40\/262|[from] item: Life Orb\n|\n|-weather|none\n|upkeep\n|\n|t:|1655107006\n|switch|p2a: Mimikyu|Mimikyu, L82, F|224\/224\n|turn|10\n|\n|t:|1655107009\n|move|p2a: Mimikyu|Swords Dance|p2a: Mimikyu\n|-boost|p2a: Mimikyu|atk|2\n|move|p1a: Vanilluxe|Flash Cannon|p2a: Mimikyu\n|-activate|p2a: Mimikyu|ability: Disguise\n|-damage|p2a: Mimikyu|224\/224\n|detailschange|p2a: Mimikyu|Mimikyu-Busted, L82, F\n|-damage|p1a: Vanilluxe|14\/262|[from] item: Life Orb\n|\n|upkeep\n|turn|11\n|\n|t:|1655107020\n|move|p2a: Mimikyu|Play Rough|p1a: Vanilluxe\n|-crit|p1a: Vanilluxe\n|-damage|p1a: Vanilluxe|0 fnt\n|faint|p1a: Vanilluxe\n|\n|upkeep\n|\n|t:|1655107029\n|switch|p1a: Blacephalon|Blacephalon, L80|215\/215\n|turn|12\n|\n|t:|1655107031\n|move|p2a: Mimikyu|Shadow Sneak|p1a: Blacephalon\n|-supereffective|p1a: Blacephalon\n|-damage|p1a: Blacephalon|0 fnt\n|faint|p1a: Blacephalon\n|\n|upkeep\n|-message|BigWes95 forfeited.\n|\n|win|AuraGuardianNate\n|raw|BigWes95's rating: 1621 &rarr; <strong>1604<\/strong><br \/>(-17 for losing)\n|raw|AuraGuardianNate's rating: 1668 &rarr; <strong>1685<\/strong><br \/>(+17 for winning)\n|l|\u2606BigWes95\n|l|\u2606AuraGuardianNate\n","inputlog":">version 670c2f5a4ee85e366483c1d6b048cac7bb7a651c\n>start {\"formatid\":\"gen7randombattle\",\"seed\":[24990,16200,50061,21412],\"rated\":\"Rated battle\"}\n>player p1 {\"name\":\"BigWes95\",\"avatar\":\"lusamine-nihilego\",\"rating\":1621,\"seed\":[12992,20376,21919,52693]}\n>player p2 {\"name\":\"AuraGuardianNate\",\"avatar\":\"riley\",\"rating\":1668,\"seed\":[51263,19104,43391,56692]}\n>p1 switch 5\n>p2 switch 5\n>p1 move toxic\n>p2 move hypnosis\n>p1 switch 6\n>p2 move darkpulse\n>p1 move knockoff\n>p2 switch 6\n>p1 switch 3\n>p2 move leechseed\n>p1 move blizzard\n>p2 move gigadrain\n>p2 switch 2\n>p1 switch 2\n>p2 move fireblast\n>p1 move uturn\n>p2 switch 6\n>p1 switch 2\n>p1 move blizzard\n>p2 move hiddenpower\n>p2 switch 4\n>p1 move flashcannon\n>p2 move swordsdance\n>p1 move flashcannon\n>p2 move playrough\n>p1 switch 4\n>p1 move shadowball\n>p2 move shadowsneak\n>forcelose p1","uploadtime":1655107039,"views":3,"p1id":"bigwes95","p2id":"auraguardiannate","formatid":"gen7randombattle","rating":1604,"private":0,"password":null}