{"id":"gen7ou-895948577","p1":"CarlyBae","p2":"Kaede\u2605Rain","format":"gen7ou","log":"|j|\u2606CarlyBae\n|j|\u2606Kaede\u2605Rain\n|player|p1|CarlyBae|138\n|player|p2|Kaede\u2605Rain|34\n|teamsize|p1|6\n|teamsize|p2|6\n|gametype|singles\n|gen|7\n|tier|[Gen 7] OU\n|rated|\n|rule|Sleep Clause Mod: Limit one foe put to sleep\n|rule|Species Clause: Limit one of each Pok\u00e9mon\n|rule|OHKO Clause: OHKO moves are banned\n|rule|Moody Clause: Moody is banned\n|rule|Evasion Moves Clause: Evasion moves are banned\n|rule|Endless Battle Clause: Forcing endless battles is banned\n|rule|HP Percentage Mod: HP is shown in percentages\n|clearpoke\n|poke|p1|Latias, F|item\n|poke|p1|Suicune|item\n|poke|p1|Avalugg, M|item\n|poke|p1|Hippowdon, M|item\n|poke|p1|Chansey, F|item\n|poke|p1|Toxapex, F|item\n|poke|p2|Pelipper, F|item\n|poke|p2|Swampert, M|item\n|poke|p2|Manaphy|item\n|poke|p2|Greninja, M|item\n|poke|p2|Tornadus-Therian, M|item\n|poke|p2|Ferrothorn, M|item\n|teampreview\n|inactive|Battle timer is ON: inactive players will automatically lose when time's up. (requested by Kaede\u2605Rain)\n|j| i summon EBT\n|\n|start\n|switch|p1a: Toxapex|Toxapex, F|100\/100\n|switch|p2a: Pelipper|Pelipper, F|100\/100\n|-weather|RainDance|[from] ability: Drizzle|[of] p2a: Pelipper\n|turn|1\n|\n|move|p2a: Pelipper|U-turn|p1a: Toxapex\n|-resisted|p1a: Toxapex\n|-damage|p1a: Toxapex|98\/100\n|\n|switch|p2a: Manaphy|Manaphy|100\/100\n|move|p1a: Toxapex|Toxic Spikes|p2a: Manaphy\n|-sidestart|p2: Kaede\u2605Rain|move: Toxic Spikes\n|\n|-weather|RainDance|[upkeep]\n|-heal|p1a: Toxapex|100\/100|[from] item: Black Sludge\n|upkeep\n|turn|2\n|\n|switch|p2a: Tornadus|Tornadus-Therian, M|100\/100\n|switch|p1a: Hippowdon|Hippowdon, M|100\/100\n|-weather|Sandstorm|[from] ability: Sand Stream|[of] p1a: Hippowdon\n|\n|-weather|Sandstorm|[upkeep]\n|-damage|p2a: Tornadus|94\/100|[from] Sandstorm\n|upkeep\n|turn|3\n|\n|move|p2a: Tornadus|Taunt|p1a: Hippowdon\n|-start|p1a: Hippowdon|move: Taunt\n|cant|p1a: Hippowdon|move: Taunt|Toxic\n|\n|-weather|Sandstorm|[upkeep]\n|-damage|p2a: Tornadus|88\/100|[from] Sandstorm\n|upkeep\n|turn|4\n|\n|switch|p1a: Toxapex|Toxapex, F|100\/100\n|move|p2a: Tornadus|Defog|p1a: Toxapex\n|-unboost|p1a: Toxapex|evasion|1\n|-sideend|p2: Kaede\u2605Rain|Toxic Spikes|[from] move: Defog|[of] p2a: Tornadus\n|\n|-weather|Sandstorm|[upkeep]\n|-damage|p2a: Tornadus|82\/100|[from] Sandstorm\n|-damage|p1a: Toxapex|95\/100|[from] Sandstorm\n|-heal|p1a: Toxapex|100\/100|[from] item: Black Sludge\n|upkeep\n|turn|5\n|j| Young Jane\n|\n|move|p2a: Tornadus|Taunt|p1a: Toxapex\n|-start|p1a: Toxapex|move: Taunt\n|cant|p1a: Toxapex|move: Taunt|Toxic\n|\n|-weather|Sandstorm|[upkeep]\n|-damage|p2a: Tornadus|76\/100|[from] Sandstorm\n|-damage|p1a: Toxapex|95\/100|[from] Sandstorm\n|-heal|p1a: Toxapex|100\/100|[from] item: Black Sludge\n|upkeep\n|turn|6\n|\n|move|p2a: Tornadus|U-turn|p1a: Toxapex\n|-resisted|p1a: Toxapex\n|-damage|p1a: Toxapex|95\/100\n|\n|switch|p2a: Pelipper|Pelipper, F|100\/100\n|-weather|RainDance|[from] ability: Drizzle|[of] p2a: Pelipper\n|move|p1a: Toxapex|Scald|p2a: Pelipper\n|-resisted|p2a: Pelipper\n|-damage|p2a: Pelipper|86\/100\n|-status|p2a: Pelipper|brn\n|\n|-weather|RainDance|[upkeep]\n|-heal|p1a: Toxapex|100\/100|[from] item: Black Sludge\n|-damage|p2a: Pelipper|80\/100 brn|[from] brn\n|upkeep\n|turn|7\n|\n|switch|p1a: Hippowdon|Hippowdon, M|100\/100\n|-weather|Sandstorm|[from] ability: Sand Stream|[of] p1a: Hippowdon\n|move|p2a: Pelipper|U-turn|p1a: Hippowdon\n|-damage|p1a: Hippowdon|98\/100\n|-damage|p2a: Pelipper|64\/100 brn|[from] item: Rocky Helmet|[of] p1a: Hippowdon\n|\n|switch|p2a: Ferrothorn|Ferrothorn, M|100\/100\n|\n|-weather|Sandstorm|[upkeep]\n|upkeep\n|turn|8\n|\n|move|p1a: Hippowdon|Stealth Rock|p2a: Ferrothorn\n|-sidestart|p2: Kaede\u2605Rain|move: Stealth Rock\n|move|p2a: Ferrothorn|Stealth Rock|p1a: Hippowdon\n|-sidestart|p1: CarlyBae|move: Stealth Rock\n|\n|-weather|Sandstorm|[upkeep]\n|upkeep\n|turn|9\n|\n|switch|p1a: Avalugg|Avalugg, M|100\/100\n|-damage|p1a: Avalugg|76\/100|[from] Stealth Rock\n|switch|p2a: Pelipper|Pelipper, F|64\/100 brn\n|-damage|p2a: Pelipper|39\/100 brn|[from] Stealth Rock\n|-weather|RainDance|[from] ability: Drizzle|[of] p2a: Pelipper\n|\n|-weather|RainDance|[upkeep]\n|-heal|p1a: Avalugg|82\/100|[from] item: Leftovers\n|-damage|p2a: Pelipper|33\/100 brn|[from] brn\n|upkeep\n|turn|10\n|\n|switch|p1a: Toxapex|Toxapex, F|100\/100\n|-damage|p1a: Toxapex|88\/100|[from] Stealth Rock\n|move|p2a: Pelipper|U-turn|p1a: Toxapex\n|-resisted|p1a: Toxapex\n|-damage|p1a: Toxapex|87\/100\n|\n|switch|p2a: Swampert|Swampert, M|100\/100\n|-damage|p2a: Swampert|94\/100|[from] Stealth Rock\n|\n|-weather|RainDance|[upkeep]\n|-heal|p1a: Toxapex|93\/100|[from] item: Black Sludge\n|upkeep\n|turn|11\n|\n|detailschange|p2a: Swampert|Swampert-Mega, M\n|-mega|p2a: Swampert|Swampert|Swampertite\n|move|p2a: Swampert|Substitute|p2a: Swampert\n|-start|p2a: Swampert|Substitute\n|-damage|p2a: Swampert|69\/100\n|move|p1a: Toxapex|Toxic||[still]\n|-fail|p1a: Toxapex\n|\n|-weather|RainDance|[upkeep]\n|-heal|p1a: Toxapex|99\/100|[from] item: Black Sludge\n|upkeep\n|turn|12\n|\n|move|p2a: Swampert|Waterfall|p1a: Toxapex\n|-resisted|p1a: Toxapex\n|-damage|p1a: Toxapex|73\/100\n|cant|p1a: Toxapex|flinch\n|\n|-weather|RainDance|[upkeep]\n|-heal|p1a: Toxapex|79\/100|[from] item: Black Sludge\n|upkeep\n|turn|13\n|\n|switch|p1a: Latias|Latias, F|100\/100\n|-damage|p1a: Latias|88\/100|[from] Stealth Rock\n|move|p2a: Swampert|Earthquake|p1a: Latias\n|-immune|p1a: Latias|[from] ability: Levitate\n|\n|-weather|RainDance|[upkeep]\n|upkeep\n|turn|14\n|\n|detailschange|p1a: Latias|Latias-Mega, F\n|-mega|p1a: Latias|Latias|Latiasite\n|move|p2a: Swampert|Ice Punch|p1a: Latias\n|-supereffective|p1a: Latias\n|-damage|p1a: Latias|48\/100\n|-status|p1a: Latias|frz\n|cant|p1a: Latias|frz\n|\n|-weather|RainDance|[upkeep]\n|upkeep\n|turn|15\n|\n|move|p2a: Swampert|Ice Punch|p1a: Latias\n|-supereffective|p1a: Latias\n|-damage|p1a: Latias|12\/100 frz\n|-curestatus|p1a: Latias|frz|[msg]\n|move|p1a: Latias|Roost|p1a: Latias\n|-heal|p1a: Latias|62\/100\n|-singleturn|p1a: Latias|move: Roost\n|\n|-weather|RainDance|[upkeep]\n|upkeep\n|turn|16\n|\n|move|p2a: Swampert|Ice Punch|p1a: Latias\n|-supereffective|p1a: Latias\n|-damage|p1a: Latias|24\/100\n|move|p1a: Latias|Roost|p1a: Latias\n|-heal|p1a: Latias|74\/100\n|-singleturn|p1a: Latias|move: Roost\n|\n|-weather|none\n|upkeep\n|turn|17\n|\n|move|p1a: Latias|Calm Mind|p1a: Latias\n|-boost|p1a: Latias|spa|1\n|-boost|p1a: Latias|spd|1\n|move|p2a: Swampert|Ice Punch|p1a: Latias\n|-supereffective|p1a: Latias\n|-damage|p1a: Latias|33\/100\n|\n|upkeep\n|turn|18\n|\n|switch|p2a: Greninja|Greninja, M|100\/100\n|-damage|p2a: Greninja|88\/100|[from] Stealth Rock\n|move|p1a: Latias|Roost|p1a: Latias\n|-heal|p1a: Latias|83\/100\n|-singleturn|p1a: Latias|move: Roost\n|\n|upkeep\n|turn|19\n|\n|move|p2a: Greninja|U-turn|p1a: Latias\n|-supereffective|p1a: Latias\n|-damage|p1a: Latias|65\/100\n|\n|switch|p2a: Ferrothorn|Ferrothorn, M|100\/100\n|-damage|p2a: Ferrothorn|94\/100|[from] Stealth Rock\n|move|p1a: Latias|Roost|p1a: Latias\n|-heal|p1a: Latias|100\/100\n|-singleturn|p1a: Latias|move: Roost\n|\n|-heal|p2a: Ferrothorn|100\/100|[from] item: Leftovers\n|upkeep\n|turn|20\n|inactive|CarlyBae has 120 seconds left.\n|\n|switch|p1a: Toxapex|Toxapex, F|100\/100\n|-damage|p1a: Toxapex|88\/100|[from] Stealth Rock\n|move|p2a: Ferrothorn|Leech Seed|p1a: Toxapex\n|-start|p1a: Toxapex|move: Leech Seed\n|\n|-heal|p1a: Toxapex|94\/100|[from] item: Black Sludge\n|-damage|p1a: Toxapex|82\/100|[from] Leech Seed|[of] p2a: Ferrothorn\n|upkeep\n|turn|21\n|\n|switch|p2a: Pelipper|Pelipper, F|33\/100 brn\n|-damage|p2a: Pelipper|8\/100 brn|[from] Stealth Rock\n|-weather|RainDance|[from] ability: Drizzle|[of] p2a: Pelipper\n|move|p1a: Toxapex|Toxic Spikes|p2a: Pelipper\n|-sidestart|p2: Kaede\u2605Rain|move: Toxic Spikes\n|\n|-weather|RainDance|[upkeep]\n|-heal|p1a: Toxapex|88\/100|[from] item: Black Sludge\n|-damage|p1a: Toxapex|76\/100|[from] Leech Seed|[of] p2a: Pelipper\n|-heal|p2a: Pelipper|19\/100 brn|[silent]\n|-damage|p2a: Pelipper|13\/100 brn|[from] brn\n|upkeep\n|turn|22\n|\n|switch|p2a: Manaphy|Manaphy|100\/100\n|-damage|p2a: Manaphy|88\/100|[from] Stealth Rock\n|-status|p2a: Manaphy|psn\n|switch|p1a: Chansey|Chansey, F|100\/100\n|-damage|p1a: Chansey|88\/100|[from] Stealth Rock\n|\n|-weather|RainDance|[upkeep]\n|-activate|p2a: Manaphy|ability: Hydration\n|-curestatus|p2a: Manaphy|psn|[msg]\n|upkeep\n|turn|23\n|\n|move|p2a: Manaphy|Tail Glow|p2a: Manaphy\n|-boost|p2a: Manaphy|spa|3\n|move|p1a: Chansey|Seismic Toss|p2a: Manaphy\n|-damage|p2a: Manaphy|59\/100\n|\n|-weather|RainDance|[upkeep]\n|upkeep\n|turn|24\n|\n|move|p2a: Manaphy|Tail Glow|p2a: Manaphy\n|-boost|p2a: Manaphy|spa|3\n|move|p1a: Chansey|Seismic Toss|p2a: Manaphy\n|-damage|p2a: Manaphy|30\/100\n|\n|-weather|RainDance|[upkeep]\n|upkeep\n|turn|25\n|inactive|CarlyBae has 120 seconds left.\n|\n|switch|p1a: Hippowdon|Hippowdon, M|98\/100\n|-damage|p1a: Hippowdon|92\/100|[from] Stealth Rock\n|-weather|Sandstorm|[from] ability: Sand Stream|[of] p1a: Hippowdon\n|move|p2a: Manaphy|Rest|p2a: Manaphy\n|-status|p2a: Manaphy|slp\n|-heal|p2a: Manaphy|100\/100 slp|[silent]\n|-status|p2a: Manaphy|slp|[from] move: Rest\n|\n|-weather|Sandstorm|[upkeep]\n|-damage|p2a: Manaphy|94\/100 slp|[from] Sandstorm\n|upkeep\n|turn|26\n|inactive|CarlyBae has 120 seconds left.\n|\n|switch|p1a: Suicune|Suicune|100\/100\n|-damage|p1a: Suicune|88\/100|[from] Stealth Rock\n|-ability|p1a: Suicune|Pressure\n|cant|p2a: Manaphy|slp\n|\n|-weather|Sandstorm|[upkeep]\n|-damage|p2a: Manaphy|88\/100 slp|[from] Sandstorm\n|-damage|p1a: Suicune|82\/100|[from] Sandstorm\n|-heal|p1a: Suicune|88\/100|[from] item: Leftovers\n|upkeep\n|turn|27\n|\n|cant|p2a: Manaphy|slp\n|move|p1a: Suicune|Substitute|p1a: Suicune\n|-start|p1a: Suicune|Substitute\n|-damage|p1a: Suicune|63\/100\n|\n|-weather|Sandstorm|[upkeep]\n|-damage|p2a: Manaphy|82\/100 slp|[from] Sandstorm\n|-damage|p1a: Suicune|57\/100|[from] Sandstorm\n|-heal|p1a: Suicune|63\/100|[from] item: Leftovers\n|upkeep\n|turn|28\n|\n|move|p1a: Suicune|Protect|p1a: Suicune\n|-singleturn|p1a: Suicune|Protect\n|-curestatus|p2a: Manaphy|slp|[msg]\n|move|p2a: Manaphy|Surf|p1a: Suicune\n|-activate|p1a: Suicune|move: Protect\n|\n|-weather|Sandstorm|[upkeep]\n|-damage|p2a: Manaphy|76\/100|[from] Sandstorm\n|-damage|p1a: Suicune|57\/100|[from] Sandstorm\n|-heal|p1a: Suicune|63\/100|[from] item: Leftovers\n|upkeep\n|turn|29\n|inactive|CarlyBae has 120 seconds left.\n|\n|move|p2a: Manaphy|Surf|p1a: Suicune\n|-resisted|p1a: Suicune\n|-end|p1a: Suicune|Substitute\n|move|p1a: Suicune|Calm Mind|p1a: Suicune\n|-boost|p1a: Suicune|spa|1\n|-boost|p1a: Suicune|spd|1\n|\n|-weather|none\n|-heal|p1a: Suicune|69\/100|[from] item: Leftovers\n|upkeep\n|turn|30\n|\n|move|p1a: Suicune|Protect|p1a: Suicune\n|-singleturn|p1a: Suicune|Protect\n|move|p2a: Manaphy|Surf|p1a: Suicune\n|-activate|p1a: Suicune|move: Protect\n|\n|-heal|p1a: Suicune|75\/100|[from] item: Leftovers\n|upkeep\n|turn|31\n|inactive|CarlyBae has 90 seconds left.\n|j| oh yeah gotcha\n|inactive|CarlyBae has 60 seconds left.\n|\n|move|p2a: Manaphy|Surf|p1a: Suicune\n|-resisted|p1a: Suicune\n|-damage|p1a: Suicune|32\/100\n|move|p1a: Suicune|Scald|p2a: Manaphy\n|-resisted|p2a: Manaphy\n|-crit|p2a: Manaphy\n|-damage|p2a: Manaphy|46\/100\n|\n|-heal|p1a: Suicune|38\/100|[from] item: Leftovers\n|upkeep\n|turn|32\n|\n|move|p1a: Suicune|Protect|p1a: Suicune\n|-singleturn|p1a: Suicune|Protect\n|move|p2a: Manaphy|Surf|p1a: Suicune\n|-activate|p1a: Suicune|move: Protect\n|\n|-heal|p1a: Suicune|44\/100|[from] item: Leftovers\n|upkeep\n|turn|33\n|inactive|CarlyBae has 60 seconds left.\n|\n|move|p2a: Manaphy|Surf|p1a: Suicune\n|-resisted|p1a: Suicune\n|-damage|p1a: Suicune|1\/100\n|move|p1a: Suicune|Scald|p2a: Manaphy\n|-resisted|p2a: Manaphy\n|-damage|p2a: Manaphy|26\/100\n|\n|-heal|p1a: Suicune|7\/100|[from] item: Leftovers\n|upkeep\n|turn|34\n|inactive|CarlyBae has 60 seconds left.\n|\n|move|p1a: Suicune|Protect|p1a: Suicune\n|-singleturn|p1a: Suicune|Protect\n|move|p2a: Manaphy|Ice Beam|p1a: Suicune\n|-activate|p1a: Suicune|move: Protect\n|\n|-heal|p1a: Suicune|13\/100|[from] item: Leftovers\n|upkeep\n|turn|35\n|inactive|CarlyBae has 60 seconds left.\n|\n|move|p2a: Manaphy|Surf|p1a: Suicune\n|-resisted|p1a: Suicune\n|-damage|p1a: Suicune|0 fnt\n|faint|p1a: Suicune\n|\n|upkeep\n|\n|switch|p1a: Toxapex|Toxapex, F|100\/100\n|-damage|p1a: Toxapex|88\/100|[from] Stealth Rock\n|turn|36\n|\n|-zpower|p2a: Manaphy\n|move|p2a: Manaphy|Hydro Vortex|p1a: Toxapex|[zeffect]\n|-resisted|p1a: Toxapex\n|-damage|p1a: Toxapex|0 fnt\n|faint|p1a: Toxapex\n|\n|upkeep\n|\n|switch|p1a: Chansey|Chansey, F|88\/100\n|-damage|p1a: Chansey|76\/100|[from] Stealth Rock\n|turn|37\n|\n|switch|p2a: Tornadus|Tornadus-Therian, M|100\/100\n|-damage|p2a: Tornadus|76\/100|[from] Stealth Rock\n|move|p1a: Chansey|Seismic Toss|p2a: Tornadus\n|-damage|p2a: Tornadus|48\/100\n|-damage|p1a: Chansey|59\/100|[from] item: Rocky Helmet|[of] p2a: Tornadus\n|\n|upkeep\n|turn|38\n|\n|switch|p1a: Latias|Latias-Mega, F|100\/100\n|-damage|p1a: Latias|88\/100|[from] Stealth Rock\n|move|p2a: Tornadus|Defog|p1a: Latias\n|-unboost|p1a: Latias|evasion|1\n|-sideend|p1: CarlyBae|Stealth Rock|[from] move: Defog|[of] p2a: Tornadus\n|-sideend|p2: Kaede\u2605Rain|Toxic Spikes|[from] move: Defog|[of] p2a: Tornadus\n|-sideend|p2: Kaede\u2605Rain|Stealth Rock|[from] move: Defog|[of] p2a: Tornadus\n|\n|upkeep\n|turn|39\n|\n|move|p2a: Tornadus|Taunt|p1a: Latias\n|-start|p1a: Latias|move: Taunt\n|cant|p1a: Latias|move: Taunt|Calm Mind\n|\n|upkeep\n|turn|40\n|\n|switch|p1a: Chansey|Chansey, F|59\/100\n|move|p2a: Tornadus|U-turn|p1a: Chansey\n|-damage|p1a: Chansey|49\/100\n|\n|switch|p2a: Pelipper|Pelipper, F|13\/100 brn\n|-weather|RainDance|[from] ability: Drizzle|[of] p2a: Pelipper\n|\n|-weather|RainDance|[upkeep]\n|-damage|p2a: Pelipper|7\/100 brn|[from] brn\n|upkeep\n|turn|41\n|\n|switch|p2a: Ferrothorn|Ferrothorn, M|100\/100\n|move|p1a: Chansey|Soft-Boiled|p1a: Chansey\n|-heal|p1a: Chansey|99\/100\n|\n|-weather|RainDance|[upkeep]\n|upkeep\n|turn|42\n|\n|switch|p1a: Latias|Latias-Mega, F|88\/100\n|move|p2a: Ferrothorn|Leech Seed|p1a: Latias\n|-start|p1a: Latias|move: Leech Seed\n|\n|-weather|RainDance|[upkeep]\n|-damage|p1a: Latias|76\/100|[from] Leech Seed|[of] p2a: Ferrothorn\n|upkeep\n|turn|43\n|\n|switch|p2a: Greninja|Greninja, M|88\/100\n|move|p1a: Latias|Calm Mind|p1a: Latias\n|-boost|p1a: Latias|spa|1\n|-boost|p1a: Latias|spd|1\n|\n|-weather|RainDance|[upkeep]\n|-damage|p1a: Latias|63\/100|[from] Leech Seed|[of] p2a: Greninja\n|-heal|p2a: Greninja|100\/100|[silent]\n|upkeep\n|turn|44\n|\n|move|p2a: Greninja|U-turn|p1a: Latias\n|-supereffective|p1a: Latias\n|-damage|p1a: Latias|46\/100\n|\n|switch|p2a: Tornadus|Tornadus-Therian, M|81\/100\n|move|p1a: Latias|Roost|p1a: Latias\n|-heal|p1a: Latias|96\/100\n|-singleturn|p1a: Latias|move: Roost\n|\n|-weather|RainDance|[upkeep]\n|-damage|p1a: Latias|83\/100|[from] Leech Seed|[of] p2a: Tornadus\n|-heal|p2a: Tornadus|94\/100|[silent]\n|upkeep\n|turn|45\n|j| TeamGrowlithe\n|\n|move|p2a: Tornadus|Taunt|p1a: Latias\n|-start|p1a: Latias|move: Taunt\n|move|p1a: Latias|Stored Power|p2a: Tornadus\n|-damage|p2a: Tornadus|53\/100\n|\n|-weather|RainDance|[upkeep]\n|-damage|p1a: Latias|71\/100|[from] Leech Seed|[of] p2a: Tornadus\n|-heal|p2a: Tornadus|65\/100|[silent]\n|upkeep\n|turn|46\n|\n|switch|p2a: Greninja|Greninja, M|100\/100\n|move|p1a: Latias|Stored Power|p2a: Greninja\n|-immune|p2a: Greninja\n|\n|-weather|RainDance|[upkeep]\n|-damage|p1a: Latias|59\/100|[from] Leech Seed|[of] p2a: Greninja\n|upkeep\n|turn|47\n|\n|switch|p1a: Chansey|Chansey, F|99\/100\n|move|p2a: Greninja|Dark Pulse|p1a: Chansey\n|-damage|p1a: Chansey|82\/100\n|\n|-weather|none\n|upkeep\n|turn|48\n|\n|switch|p2a: Pelipper|Pelipper, F|7\/100 brn\n|-weather|RainDance|[from] ability: Drizzle|[of] p2a: Pelipper\n|move|p1a: Chansey|Wish|p1a: Chansey\n|\n|-weather|RainDance|[upkeep]\n|-damage|p2a: Pelipper|1\/100 brn|[from] brn\n|upkeep\n|turn|49\n|c| Young Jane|does it not roost?\n|\n|switch|p2a: Swampert|Swampert-Mega, M|69\/100\n|switch|p1a: Latias|Latias-Mega, F|59\/100\n|\n|-weather|RainDance|[upkeep]\n|-heal|p1a: Latias|100\/100|[from] move: Wish|[wisher] Chansey\n|upkeep\n|turn|50\n|\n|switch|p2a: Greninja|Greninja, M|100\/100\n|move|p1a: Latias|Calm Mind|p1a: Latias\n|-boost|p1a: Latias|spa|1\n|-boost|p1a: Latias|spd|1\n|\n|-weather|RainDance|[upkeep]\n|upkeep\n|turn|51\n|\n|move|p2a: Greninja|U-turn|p1a: Latias\n|-supereffective|p1a: Latias\n|-crit|p1a: Latias\n|-damage|p1a: Latias|76\/100\n|\n|switch|p2a: Ferrothorn|Ferrothorn, M|100\/100\n|move|p1a: Latias|Roost|p1a: Latias\n|-heal|p1a: Latias|100\/100\n|-singleturn|p1a: Latias|move: Roost\n|\n|-weather|RainDance|[upkeep]\n|upkeep\n|turn|52\n|\n|move|p1a: Latias|Calm Mind|p1a: Latias\n|-boost|p1a: Latias|spa|1\n|-boost|p1a: Latias|spd|1\n|move|p2a: Ferrothorn|Leech Seed|p1a: Latias\n|-start|p1a: Latias|move: Leech Seed\n|\n|-weather|RainDance|[upkeep]\n|-damage|p1a: Latias|88\/100|[from] Leech Seed|[of] p2a: Ferrothorn\n|upkeep\n|turn|53\n|inactive|CarlyBae has 120 seconds left.\n|\n|move|p1a: Latias|Shadow Ball|p2a: Ferrothorn\n|-damage|p2a: Ferrothorn|69\/100\n|move|p2a: Ferrothorn|Stealth Rock|p1a: Latias\n|-sidestart|p1: CarlyBae|move: Stealth Rock\n|\n|-weather|RainDance|[upkeep]\n|-heal|p2a: Ferrothorn|75\/100|[from] item: Leftovers\n|-damage|p1a: Latias|76\/100|[from] Leech Seed|[of] p2a: Ferrothorn\n|-heal|p2a: Ferrothorn|88\/100|[silent]\n|upkeep\n|turn|54\n|\n|move|p1a: Latias|Calm Mind|p1a: Latias\n|-boost|p1a: Latias|spa|1\n|-boost|p1a: Latias|spd|1\n|move|p2a: Ferrothorn|Gyro Ball|p1a: Latias\n|-damage|p1a: Latias|46\/100\n|\n|-weather|RainDance|[upkeep]\n|-heal|p2a: Ferrothorn|94\/100|[from] item: Leftovers\n|-damage|p1a: Latias|34\/100|[from] Leech Seed|[of] p2a: Ferrothorn\n|-heal|p2a: Ferrothorn|100\/100|[silent]\n|upkeep\n|turn|55\n|\n|switch|p2a: Greninja|Greninja, M|100\/100\n|move|p1a: Latias|Roost|p1a: Latias\n|-heal|p1a: Latias|84\/100\n|-singleturn|p1a: Latias|move: Roost\n|\n|-weather|none\n|-damage|p1a: Latias|71\/100|[from] Leech Seed|[of] p2a: Greninja\n|upkeep\n|turn|56\n|\n|move|p2a: Greninja|Dark Pulse|p1a: Latias\n|-supereffective|p1a: Latias\n|-damage|p1a: Latias|41\/100\n|move|p1a: Latias|Roost|p1a: Latias\n|-heal|p1a: Latias|91\/100\n|-singleturn|p1a: Latias|move: Roost\n|\n|-damage|p1a: Latias|79\/100|[from] Leech Seed|[of] p2a: Greninja\n|upkeep\n|turn|57\n|\n|move|p2a: Greninja|Dark Pulse|p1a: Latias\n|-supereffective|p1a: Latias\n|-damage|p1a: Latias|52\/100\n|move|p1a: Latias|Roost|p1a: Latias\n|-heal|p1a: Latias|100\/100\n|-singleturn|p1a: Latias|move: Roost\n|\n|-damage|p1a: Latias|88\/100|[from] Leech Seed|[of] p2a: Greninja\n|upkeep\n|turn|58\n|\n|move|p2a: Greninja|Dark Pulse|p1a: Latias\n|-supereffective|p1a: Latias\n|-damage|p1a: Latias|58\/100\n|cant|p1a: Latias|flinch\n|\n|-damage|p1a: Latias|46\/100|[from] Leech Seed|[of] p2a: Greninja\n|upkeep\n|turn|59\n|j| sylver games\n|\n|move|p2a: Greninja|Dark Pulse|p1a: Latias\n|-supereffective|p1a: Latias\n|-damage|p1a: Latias|17\/100\n|cant|p1a: Latias|flinch\n|\n|-damage|p1a: Latias|5\/100|[from] Leech Seed|[of] p2a: Greninja\n|upkeep\n|turn|60\n|c| Young Jane|hax!\n|c|\u2606CarlyBae|gg\n|-message|CarlyBae forfeited.\n|\n|win|Kaede\u2605Rain\n|raw|CarlyBae's rating: 1669 &rarr; <strong>1650<\/strong><br \/>(-19 for losing)\n|raw|Kaede\u2605Rain's rating: 1689 &rarr; <strong>1708<\/strong><br \/>(+19 for winning)\n|c|\u2606Kaede\u2605Rain|great hax\n|l| sylver games\n","uploadtime":1555728354,"views":14,"p1id":"carlybae","p2id":"kaederain","formatid":"gen7ou","rating":1650,"private":0,"password":null}