{"id":"gen7ou-1626600150","p1":"Steelix Fusion","p2":"Philein","format":"gen7ou","log":"|j|\u2606Steelix Fusion\n|j|\u2606Philein\n|t:|1658954005\n|gametype|singles\n|player|p1|Steelix Fusion|marshal|1651\n|player|p2|Philein|lucas|1767\n|teamsize|p1|6\n|teamsize|p2|6\n|gen|7\n|tier|[Gen 7] OU\n|rated|\n|rule|Sleep Clause Mod: Limit one foe put to sleep\n|rule|Species Clause: Limit one of each Pok\u00e9mon\n|rule|OHKO Clause: OHKO moves are banned\n|rule|Moody Clause: Moody is banned\n|rule|Evasion Moves Clause: Evasion moves are banned\n|rule|Endless Battle Clause: Forcing endless battles is banned\n|rule|HP Percentage Mod: HP is shown in percentages\n|clearpoke\n|poke|p1|Ninetales-Alola, F|item\n|poke|p1|Klefki, M|item\n|poke|p1|Landorus-Therian, M|item\n|poke|p1|Gyarados, M|item\n|poke|p1|Salamence, M|item\n|poke|p1|Volcarona, F|item\n|poke|p2|Lopunny, F|item\n|poke|p2|Greninja, M|item\n|poke|p2|Victini|item\n|poke|p2|Landorus-Therian, M|item\n|poke|p2|Ferrothorn, F|item\n|poke|p2|Tapu Fini|item\n|teampreview\n|inactive|Battle timer is ON: inactive players will automatically lose when time's up. (requested by Steelix Fusion)\n|\n|t:|1658954020\n|start\n|switch|p1a: Klefki|Klefki, M, shiny|100\/100\n|switch|p2a: Dimitri|Landorus-Therian, M|100\/100\n|-ability|p2a: Dimitri|Intimidate|boost\n|-unboost|p1a: Klefki|atk|1\n|turn|1\n|\n|t:|1658954026\n|switch|p1a: Landorus|Landorus-Therian, M|100\/100\n|-ability|p1a: Landorus|Intimidate|boost\n|-unboost|p2a: Dimitri|atk|1\n|move|p2a: Dimitri|Earthquake|p1a: Landorus\n|-immune|p1a: Landorus\n|\n|upkeep\n|turn|2\n|\n|t:|1658954032\n|move|p2a: Dimitri|Stealth Rock|p1a: Landorus\n|-sidestart|p1: Steelix Fusion|move: Stealth Rock\n|move|p1a: Landorus|Substitute|p1a: Landorus\n|-start|p1a: Landorus|Substitute\n|-damage|p1a: Landorus|76\/100\n|\n|-heal|p1a: Landorus|82\/100|[from] item: Leftovers\n|upkeep\n|turn|3\n|\n|t:|1658954038\n|move|p2a: Dimitri|U-turn|p1a: Landorus\n|-resisted|p1a: Landorus\n|-activate|p1a: Landorus|move: Substitute|[damage]\n|\n|t:|1658954040\n|switch|p2a: Alexandre|Greninja, M|100\/100|[from]move: U-turn\n|move|p1a: Landorus|Swords Dance|p1a: Landorus\n|-boost|p1a: Landorus|atk|2\n|\n|-heal|p1a: Landorus|88\/100|[from] item: Leftovers\n|upkeep\n|turn|4\n|\n|t:|1658954047\n|move|p2a: Alexandre|Ice Beam|p1a: Landorus\n|-start|p2a: Alexandre|typechange|Ice|[from] ability: Protean\n|-supereffective|p1a: Landorus\n|-end|p1a: Landorus|Substitute\n|move|p1a: Landorus|Earthquake|p2a: Alexandre\n|-damage|p2a: Alexandre|0 fnt\n|faint|p2a: Alexandre\n|\n|-heal|p1a: Landorus|94\/100|[from] item: Leftovers\n|upkeep\n|\n|t:|1658954049\n|switch|p2a: Victor|Victini|100\/100\n|turn|5\n|inactive|Steelix Fusion has 120 seconds left.\n|\n|t:|1658954106\n|move|p2a: Victor|V-create|p1a: Landorus\n|-damage|p1a: Landorus|0 fnt\n|-unboost|p2a: Victor|spe|1\n|-unboost|p2a: Victor|def|1\n|-unboost|p2a: Victor|spd|1\n|faint|p1a: Landorus\n|\n|upkeep\n|\n|t:|1658954112\n|switch|p1a: Klefki|Klefki, M, shiny|100\/100\n|-damage|p1a: Klefki|94\/100|[from] Stealth Rock\n|turn|6\n|inactive|Philein has 120 seconds left.\n|\n|t:|1658954163\n|move|p1a: Klefki|Defog|p2a: Victor\n|-unboost|p2a: Victor|evasion|1\n|-sideend|p1: Steelix Fusion|Stealth Rock|[from] move: Defog|[of] p1a: Klefki\n|move|p2a: Victor|V-create|p1a: Klefki\n|-supereffective|p1a: Klefki\n|-damage|p1a: Klefki|0 fnt\n|-unboost|p2a: Victor|spe|1\n|-unboost|p2a: Victor|def|1\n|-unboost|p2a: Victor|spd|1\n|faint|p1a: Klefki\n|\n|upkeep\n|\n|t:|1658954171\n|switch|p1a: Ninetales|Ninetales-Alola, F|100\/100\n|-weather|Hail|[from] ability: Snow Warning|[of] p1a: Ninetales\n|turn|7\n|\n|t:|1658954176\n|move|p1a: Ninetales|Aurora Veil|p1a: Ninetales\n|-sidestart|p1: Steelix Fusion|move: Aurora Veil\n|move|p2a: Victor|V-create|p1a: Ninetales\n|-supereffective|p1a: Ninetales\n|-damage|p1a: Ninetales|0 fnt\n|-unboost|p2a: Victor|spe|1\n|-unboost|p2a: Victor|def|1\n|-unboost|p2a: Victor|spd|1\n|faint|p1a: Ninetales\n|\n|-weather|Hail|[upkeep]\n|-damage|p2a: Victor|94\/100|[from] Hail\n|upkeep\n|\n|t:|1658954184\n|switch|p1a: Salamence|Salamence, M, shiny|100\/100\n|turn|8\n|\n|t:|1658954187\n|switch|p2a: Dimitri|Landorus-Therian, M|100\/100\n|-ability|p2a: Dimitri|Intimidate|boost\n|-unboost|p1a: Salamence|atk|1\n|move|p1a: Salamence|Dragon Dance|p1a: Salamence\n|-boost|p1a: Salamence|atk|1\n|-boost|p1a: Salamence|spe|1\n|\n|-weather|Hail|[upkeep]\n|-damage|p1a: Salamence|94\/100|[from] Hail\n|-damage|p2a: Dimitri|94\/100|[from] Hail\n|upkeep\n|turn|9\n|\n|t:|1658954196\n|-zpower|p1a: Salamence\n|move|p1a: Salamence|Devastating Drake|p2a: Dimitri|[zeffect]\n|-crit|p2a: Dimitri\n|-damage|p2a: Dimitri|0 fnt\n|faint|p2a: Dimitri\n|-ability|p1a: Salamence|Moxie|boost\n|-boost|p1a: Salamence|atk|1\n|\n|-weather|Hail|[upkeep]\n|-damage|p1a: Salamence|88\/100|[from] Hail\n|upkeep\n|\n|t:|1658954203\n|switch|p2a: Nogaret|Ferrothorn, F|100\/100\n|turn|10\n|\n|t:|1658954207\n|move|p1a: Salamence|Fire Fang|p2a: Nogaret\n|-supereffective|p2a: Nogaret\n|-damage|p2a: Nogaret|16\/100\n|-damage|p1a: Salamence|76\/100|[from] ability: Iron Barbs|[of] p2a: Nogaret\n|move|p2a: Nogaret|Thunder Wave|p1a: Salamence\n|-status|p1a: Salamence|par\n|\n|-weather|Hail|[upkeep]\n|-damage|p1a: Salamence|70\/100 par|[from] Hail\n|-damage|p2a: Nogaret|10\/100|[from] Hail\n|-heal|p2a: Nogaret|16\/100|[from] item: Leftovers\n|upkeep\n|turn|11\n|\n|t:|1658954217\n|cant|p1a: Salamence|par\n|move|p2a: Nogaret|Spikes|p1a: Salamence\n|-sidestart|p1: Steelix Fusion|Spikes\n|\n|-weather|none\n|-heal|p2a: Nogaret|22\/100|[from] item: Leftovers\n|upkeep\n|turn|12\n|\n|t:|1658954222\n|switch|p2a: Thomas le p\u00eacheur|Tapu Fini|100\/100\n|-fieldstart|move: Misty Terrain|[from] ability: Misty Surge|[of] p2a: Thomas le p\u00eacheur\n|move|p1a: Salamence|Earthquake|p2a: Thomas le p\u00eacheur\n|-damage|p2a: Thomas le p\u00eacheur|52\/100\n|\n|-heal|p2a: Thomas le p\u00eacheur|58\/100|[from] item: Leftovers\n|upkeep\n|turn|13\n|\n|t:|1658954230\n|move|p2a: Thomas le p\u00eacheur|Moonblast|p1a: Salamence\n|-supereffective|p1a: Salamence\n|-crit|p1a: Salamence\n|-damage|p1a: Salamence|0 fnt\n|faint|p1a: Salamence\n|\n|-heal|p2a: Thomas le p\u00eacheur|64\/100|[from] item: Leftovers\n|upkeep\n|\n|t:|1658954235\n|switch|p1a: Gyarados|Gyarados, M, shiny|100\/100\n|turn|14\n|\n|t:|1658954238\n|move|p1a: Gyarados|Dragon Dance|p1a: Gyarados\n|-boost|p1a: Gyarados|atk|1\n|-boost|p1a: Gyarados|spe|1\n|move|p2a: Thomas le p\u00eacheur|Taunt|p1a: Gyarados\n|-start|p1a: Gyarados|move: Taunt\n|\n|-heal|p2a: Thomas le p\u00eacheur|70\/100|[from] item: Leftovers\n|-sideend|p1: Steelix Fusion|move: Aurora Veil\n|upkeep\n|turn|15\n|\n|t:|1658954245\n|move|p1a: Gyarados|Bounce||[still]\n|-prepare|p1a: Gyarados|Bounce\n|move|p2a: Thomas le p\u00eacheur|Moonblast|p1a: Gyarados|[miss]\n|-miss|p2a: Thomas le p\u00eacheur|p1a: Gyarados\n|\n|-heal|p2a: Thomas le p\u00eacheur|76\/100|[from] item: Leftovers\n|upkeep\n|turn|16\n|\n|t:|1658954250\n|move|p1a: Gyarados|Bounce|p2a: Thomas le p\u00eacheur|[from]lockedmove\n|-damage|p2a: Thomas le p\u00eacheur|17\/100\n|move|p2a: Thomas le p\u00eacheur|Scald|p1a: Gyarados\n|-resisted|p1a: Gyarados\n|-damage|p1a: Gyarados|86\/100\n|\n|-heal|p2a: Thomas le p\u00eacheur|23\/100|[from] item: Leftovers\n|-fieldend|Misty Terrain\n|upkeep\n|turn|17\n|\n|t:|1658954258\n|move|p1a: Gyarados|Earthquake|p2a: Thomas le p\u00eacheur\n|-damage|p2a: Thomas le p\u00eacheur|0 fnt\n|faint|p2a: Thomas le p\u00eacheur\n|-ability|p1a: Gyarados|Moxie|boost\n|-boost|p1a: Gyarados|atk|1\n|\n|-end|p1a: Gyarados|move: Taunt\n|upkeep\n|\n|t:|1658954260\n|switch|p2a: . . .|Lopunny, F|100\/100\n|turn|18\n|\n|t:|1658954285\n|switch|p1a: Volcarona|Volcarona, F|100\/100\n|-damage|p1a: Volcarona|88\/100|[from] Spikes\n|detailschange|p2a: . . .|Lopunny-Mega, F\n|-mega|p2a: . . .|Lopunny|Lopunnite\n|move|p2a: . . .|Fake Out|p1a: Volcarona\n|-damage|p1a: Volcarona|61\/100\n|\n|upkeep\n|turn|19\n|\n|t:|1658954295\n|switch|p2a: Victor|Victini|94\/100\n|move|p1a: Volcarona|Quiver Dance|p1a: Volcarona\n|-boost|p1a: Volcarona|spa|1\n|-boost|p1a: Volcarona|spd|1\n|-boost|p1a: Volcarona|spe|1\n|\n|upkeep\n|turn|20\n|\n|t:|1658954301\n|move|p1a: Volcarona|Hidden Power|p2a: Victor\n|-supereffective|p2a: Victor\n|-damage|p2a: Victor|24\/100\n|move|p2a: Victor|Bolt Strike|p1a: Volcarona\n|-damage|p1a: Volcarona|0 fnt\n|faint|p1a: Volcarona\n|\n|upkeep\n|\n|t:|1658954307\n|switch|p1a: Gyarados|Gyarados, M, shiny|86\/100\n|turn|21\n|\n|t:|1658954310\n|detailschange|p1a: Gyarados|Gyarados-Mega, M, shiny\n|-mega|p1a: Gyarados|Gyarados|Gyaradosite\n|-ability|p1a: Gyarados|Mold Breaker\n|move|p2a: Victor|Bolt Strike|p1a: Gyarados\n|-supereffective|p1a: Gyarados\n|-damage|p1a: Gyarados|0 fnt\n|faint|p1a: Gyarados\n|\n|win|Philein\n|raw|Steelix Fusion's rating: 1651 &rarr; <strong>1637<\/strong><br \/>(-14 for losing)\n|raw|Philein's rating: 1767 &rarr; <strong>1781<\/strong><br \/>(+14 for winning)\n|c|\u2606Steelix Fusion|joke\n|l|\u2606Steelix Fusion\n||Ladder isn't responding, score probably updated but might not have (Request timeout).\n","uploadtime":1658954395,"views":32,"p1id":"steelixfusion","p2id":"philein","formatid":"gen7ou","rating":1637,"private":0,"password":null}