{"id":"gen7randombattle-1611671454","p1":"BigWes95","p2":"Eimint64","format":"gen7randombattle","log":"|j|\u2606BigWes95\n|j|\u2606Eimint64\n|t:|1657131212\n|gametype|singles\n|player|p1|BigWes95|lusamine-nihilego|1697\n|player|p2|Eimint64|blackbelt-gen4dp|1716\n|teamsize|p1|6\n|teamsize|p2|6\n|gen|7\n|tier|[Gen 7] Random Battle\n|rated|\n|rule|Sleep Clause Mod: Limit one foe put to sleep\n|rule|HP Percentage Mod: HP is shown in percentages\n|rule|Mega Rayquaza Clause: You cannot mega evolve Rayquaza\n|\n|t:|1657131212\n|start\n|switch|p1a: Bisharp|Bisharp, L82, M|241\/241\n|switch|p2a: Ninetales|Ninetales-Alola, L82, M|254\/254\n|-weather|Hail|[from] ability: Snow Warning|[of] p2a: Ninetales\n|turn|1\n|inactive|Battle timer is ON: inactive players will automatically lose when time's up. (requested by Eimint64)\n|inactive|BigWes95 also wants the timer to be on.\n|\n|t:|1657131234\n|move|p2a: Ninetales|Moonblast|p1a: Bisharp\n|-damage|p1a: Bisharp|93\/241\n|-unboost|p1a: Bisharp|spa|1\n|-ability|p1a: Bisharp|Defiant\n|-boost|p1a: Bisharp|atk|2\n|move|p1a: Bisharp|Iron Head|p2a: Ninetales\n|-supereffective|p2a: Ninetales\n|-damage|p2a: Ninetales|0 fnt\n|faint|p2a: Ninetales\n|\n|-weather|Hail|[upkeep]\n|-damage|p1a: Bisharp|78\/241|[from] Hail\n|upkeep\n|\n|t:|1657131248\n|switch|p2a: Rotom|Rotom-Frost, L88|231\/231\n|turn|2\n|\n|t:|1657131252\n|move|p1a: Bisharp|Sucker Punch||[still]\n|-fail|p1a: Bisharp\n|move|p2a: Rotom|Will-O-Wisp|p1a: Bisharp\n|-status|p1a: Bisharp|brn\n|\n|-weather|Hail|[upkeep]\n|-damage|p1a: Bisharp|63\/241 brn|[from] Hail\n|-damage|p1a: Bisharp|48\/241 brn|[from] brn\n|upkeep\n|turn|3\n|\n|t:|1657131255\n|move|p1a: Bisharp|Sucker Punch|p2a: Rotom\n|-damage|p2a: Rotom|160\/231\n|move|p2a: Rotom|Volt Switch|p1a: Bisharp\n|-damage|p1a: Bisharp|0 fnt\n|faint|p1a: Bisharp\n|\n|t:|1657131257\n|switch|p2a: Chatot|Chatot, L88, F|277\/277\n|\n|-weather|Hail|[upkeep]\n|-damage|p2a: Chatot|260\/277|[from] Hail\n|upkeep\n|\n|t:|1657131269\n|switch|p1a: Silvally|Silvally, L88|310\/310\n|turn|4\n|\n|t:|1657131273\n|move|p1a: Silvally|Return|p2a: Chatot\n|-damage|p2a: Chatot|71\/277\n|move|p2a: Chatot|Boomburst|p1a: Silvally\n|-damage|p1a: Silvally|168\/310\n|\n|-weather|Hail|[upkeep]\n|-damage|p1a: Silvally|149\/310|[from] Hail\n|-damage|p2a: Chatot|54\/277|[from] Hail\n|upkeep\n|turn|5\n|\n|t:|1657131277\n|move|p1a: Silvally|Return|p2a: Chatot\n|-damage|p2a: Chatot|0 fnt\n|faint|p2a: Chatot\n|\n|-weather|none\n|upkeep\n|\n|t:|1657131280\n|switch|p2a: Mismagius|Mismagius, L86, M|243\/243\n|turn|6\n|\n|t:|1657131282\n|move|p2a: Mismagius|Will-O-Wisp|p1a: Silvally\n|-status|p1a: Silvally|brn\n|move|p1a: Silvally|Crunch|p2a: Mismagius\n|-supereffective|p2a: Mismagius\n|-damage|p2a: Mismagius|168\/243\n|-unboost|p2a: Mismagius|def|1\n|\n|-heal|p2a: Mismagius|183\/243|[from] item: Leftovers\n|-damage|p1a: Silvally|130\/310 brn|[from] brn\n|upkeep\n|turn|7\n|\n|t:|1657131291\n|switch|p2a: Sharpedo|Sharpedo, L82, F|249\/249\n|move|p1a: Silvally|Crunch|p2a: Sharpedo\n|-resisted|p2a: Sharpedo\n|-damage|p2a: Sharpedo|221\/249\n|\n|-damage|p1a: Silvally|111\/310 brn|[from] brn\n|upkeep\n|turn|8\n|\n|t:|1657131294\n|move|p2a: Sharpedo|Protect|p2a: Sharpedo\n|-singleturn|p2a: Sharpedo|Protect\n|move|p1a: Silvally|Return|p2a: Sharpedo\n|-activate|p2a: Sharpedo|move: Protect\n|\n|-damage|p1a: Silvally|92\/310 brn|[from] brn\n|-ability|p2a: Sharpedo|Speed Boost|boost\n|-boost|p2a: Sharpedo|spe|1\n|upkeep\n|turn|9\n|\n|t:|1657131301\n|move|p2a: Sharpedo|Waterfall|p1a: Silvally\n|-crit|p1a: Silvally\n|-damage|p1a: Silvally|0 fnt\n|faint|p1a: Silvally\n|\n|-ability|p2a: Sharpedo|Speed Boost|boost\n|-boost|p2a: Sharpedo|spe|1\n|upkeep\n|\n|t:|1657131307\n|switch|p1a: Venusaur|Venusaur, L84, F|272\/272\n|turn|10\n|\n|t:|1657131311\n|detailschange|p2a: Sharpedo|Sharpedo-Mega, L82, F\n|-mega|p2a: Sharpedo|Sharpedo|Sharpedonite\n|move|p2a: Sharpedo|Destiny Bond|p2a: Sharpedo\n|-singlemove|p2a: Sharpedo|Destiny Bond\n|move|p1a: Venusaur|Leaf Storm|p2a: Sharpedo\n|-supereffective|p2a: Sharpedo\n|-damage|p2a: Sharpedo|0 fnt\n|-unboost|p1a: Venusaur|spa|2\n|faint|p2a: Sharpedo\n|-activate|p2a: Sharpedo|move: Destiny Bond\n|faint|p1a: Venusaur\n|\n|upkeep\n|\n|t:|1657131320\n|switch|p2a: Mismagius|Mismagius, L86, M|183\/243\n|switch|p1a: Naganadel|Naganadel, L76|236\/236\n|turn|11\n|\n|t:|1657131327\n|move|p2a: Mismagius|Dazzling Gleam|p1a: Naganadel\n|-damage|p1a: Naganadel|158\/236\n|move|p1a: Naganadel|Draco Meteor|p2a: Mismagius\n|-damage|p2a: Mismagius|14\/243\n|-unboost|p1a: Naganadel|spa|2\n|-damage|p1a: Naganadel|135\/236|[from] item: Life Orb\n|\n|-heal|p2a: Mismagius|29\/243|[from] item: Leftovers\n|upkeep\n|turn|12\n|\n|t:|1657131332\n|move|p2a: Mismagius|Destiny Bond|p2a: Mismagius\n|-singlemove|p2a: Mismagius|Destiny Bond\n|move|p1a: Naganadel|Sludge Wave|p2a: Mismagius\n|-resisted|p2a: Mismagius\n|-damage|p2a: Mismagius|2\/243\n|-damage|p1a: Naganadel|112\/236|[from] item: Life Orb\n|\n|-heal|p2a: Mismagius|17\/243|[from] item: Leftovers\n|upkeep\n|turn|13\n|\n|t:|1657131343\n|move|p2a: Mismagius|Shadow Ball|p1a: Naganadel\n|-damage|p1a: Naganadel|0 fnt\n|faint|p1a: Naganadel\n|\n|-heal|p2a: Mismagius|32\/243|[from] item: Leftovers\n|upkeep\n|\n|t:|1657131347\n|switch|p1a: Exeggutor|Exeggutor-Alola, L86, F|304\/304\n|-item|p2a: Mismagius|Leftovers|[from] ability: Frisk|[of] p1a: Exeggutor|[identify]\n|turn|14\n|\n|t:|1657131352\n|move|p2a: Mismagius|Destiny Bond|p2a: Mismagius\n|-singlemove|p2a: Mismagius|Destiny Bond\n|move|p1a: Exeggutor|Giga Drain|p2a: Mismagius\n|-damage|p2a: Mismagius|0 fnt\n|faint|p2a: Mismagius\n|-activate|p2a: Mismagius|move: Destiny Bond\n|faint|p1a: Exeggutor\n|\n|upkeep\n|\n|t:|1657131355\n|switch|p2a: Rotom|Rotom-Frost, L88|160\/231\n|switch|p1a: Blastoise|Blastoise, L84, M|270\/270\n|turn|15\n|\n|t:|1657131360\n|detailschange|p1a: Blastoise|Blastoise-Mega, L84, M\n|-mega|p1a: Blastoise|Blastoise|Blastoisinite\n|-zpower|p2a: Rotom\n|move|p2a: Rotom|Subzero Slammer|p1a: Blastoise|[zeffect]\n|-resisted|p1a: Blastoise\n|-damage|p1a: Blastoise|179\/270\n|move|p1a: Blastoise|Aura Sphere|p2a: Rotom\n|-supereffective|p2a: Rotom\n|-damage|p2a: Rotom|0 fnt\n|faint|p2a: Rotom\n|\n|upkeep\n|\n|t:|1657131364\n|switch|p2a: Barbaracle|Barbaracle, L86, F|264\/264\n|turn|16\n|\n|t:|1657131367\n|move|p1a: Blastoise|Aura Sphere|p2a: Barbaracle\n|-supereffective|p2a: Barbaracle\n|-damage|p2a: Barbaracle|32\/264\n|move|p2a: Barbaracle|Shell Smash|p2a: Barbaracle\n|-unboost|p2a: Barbaracle|def|1\n|-unboost|p2a: Barbaracle|spd|1\n|-boost|p2a: Barbaracle|atk|2\n|-boost|p2a: Barbaracle|spa|2\n|-boost|p2a: Barbaracle|spe|2\n|-enditem|p2a: Barbaracle|White Herb\n|-clearnegativeboost|p2a: Barbaracle|[silent]\n|\n|upkeep\n|turn|17\n|\n|t:|1657131371\n|move|p2a: Barbaracle|Stone Edge|p1a: Blastoise\n|-damage|p1a: Blastoise|0 fnt\n|faint|p1a: Blastoise\n|\n|win|Eimint64\n|raw|BigWes95's rating: 1697 &rarr; <strong>1678<\/strong><br \/>(-19 for losing)\n|raw|Eimint64's rating: 1716 &rarr; <strong>1735<\/strong><br \/>(+19 for winning)\n|l|\u2606BigWes95\n|c|\u2606Eimint64|Gg\n||Ladder isn't responding, score probably updated but might not have (Request timeout).\n","inputlog":">version 11c68141c380f61e2da7046fb748694845aecef0\n>start {\"formatid\":\"gen7randombattle\",\"seed\":[37309,29811,31708,50440],\"rated\":\"Rated battle\"}\n>player p1 {\"name\":\"BigWes95\",\"avatar\":\"lusamine-nihilego\",\"rating\":1697,\"seed\":[46515,15606,695,64281]}\n>player p2 {\"name\":\"Eimint64\",\"avatar\":\"blackbelt-gen4dp\",\"rating\":1716,\"seed\":[9485,48740,11970,27602]}\n>p1 move ironhead\n>p2 move moonblast\n>p2 switch 2\n>p1 move suckerpunch\n>p2 move willowisp\n>p1 move suckerpunch\n>p2 move voltswitch\n>p2 switch 3\n>p1 switch 5\n>p1 move return\n>p2 move boomburst\n>p1 move return\n>p2 move boomburst\n>p2 switch 6\n>p1 move crunch\n>p2 move willowisp\n>p1 move crunch\n>p2 switch 5\n>p1 move return\n>p2 move protect\n>p1 move return\n>p2 move waterfall\n>p1 switch 2\n>p1 move leafstorm\n>p2 move destinybond mega\n>p1 switch 6\n>p2 switch 5\n>p1 move dracometeor\n>p2 move dazzlinggleam\n>p1 move sludgewave\n>p2 move destinybond\n>p1 move sludgewave\n>p2 move shadowball\n>p1 switch 4\n>p1 move gigadrain\n>p2 move destinybond\n>p1 switch 3\n>p2 switch 3\n>p1 move aurasphere mega\n>p2 move blizzard zmove\n>p2 switch 4\n>p1 move aurasphere\n>p2 move shellsmash\n>p1 move aurasphere\n>p2 move stoneedge","uploadtime":1657131378,"views":3,"p1id":"bigwes95","p2id":"eimint64","formatid":"gen7randombattle","rating":1678,"private":0,"password":null}