{"id":"gen7ou-933615073","p1":"German111","p2":"orangesss","format":"gen7ou","log":"|j|\u2606German111\n|j|\u2606orangesss\n|player|p1|German111|101\n|player|p2|orangesss|95\n|teamsize|p1|6\n|teamsize|p2|6\n|gametype|singles\n|gen|7\n|tier|[Gen 7] OU\n|rated|\n|rule|Sleep Clause Mod: Limit one foe put to sleep\n|rule|Species Clause: Limit one of each Pok\u00e9mon\n|rule|OHKO Clause: OHKO moves are banned\n|rule|Moody Clause: Moody is banned\n|rule|Evasion Moves Clause: Evasion moves are banned\n|rule|Endless Battle Clause: Forcing endless battles is banned\n|rule|HP Percentage Mod: HP is shown in percentages\n|clearpoke\n|poke|p1|Medicham, M|item\n|poke|p1|Landorus-Therian, M|item\n|poke|p1|Magearna|item\n|poke|p1|Greninja, M|item\n|poke|p1|Tapu Koko|item\n|poke|p1|Hawlucha, M|item\n|poke|p2|Hawlucha, M|item\n|poke|p2|Ferrothorn, M|item\n|poke|p2|Pelipper, F|item\n|poke|p2|Tapu Koko|item\n|poke|p2|Swampert, F|item\n|poke|p2|Kartana|item\n|teampreview\n|c|\u2606orangesss|hey dude\n|inactive|Battle timer is ON: inactive players will automatically lose when time's up. (requested by orangesss)\n|\n|start\n|switch|p1a: Medicham|Medicham, M|100\/100\n|switch|p2a: Nappy love|Pelipper, F|100\/100\n|-weather|RainDance|[from] ability: Drizzle|[of] p2a: Nappy love\n|turn|1\n|\n|detailschange|p1a: Medicham|Medicham-Mega, M\n|-mega|p1a: Medicham|Medicham|Medichamite\n|move|p1a: Medicham|High Jump Kick|p2a: Nappy love\n|-resisted|p2a: Nappy love\n|-damage|p2a: Nappy love|50\/100\n|move|p2a: Nappy love|U-turn|p1a: Medicham\n|-damage|p1a: Medicham|87\/100\n|\n|switch|p2a: Birdman|Tapu Koko|100\/100|[from]move: U-turn\n|-fieldstart|move: Electric Terrain|[from] ability: Electric Surge|[of] p2a: Birdman\n|\n|-weather|RainDance|[upkeep]\n|upkeep\n|turn|2\n|\n|switch|p1a: Landorus|Landorus-Therian, M|100\/100\n|-ability|p1a: Landorus|Intimidate|boost\n|-unboost|p2a: Birdman|atk|1\n|-zpower|p2a: Birdman\n|move|p2a: Birdman|Twinkle Tackle|p1a: Landorus|[zeffect]\n|-damage|p1a: Landorus|24\/100\n|\n|-weather|RainDance|[upkeep]\n|-heal|p1a: Landorus|30\/100|[from] item: Leftovers\n|upkeep\n|turn|3\n|\n|switch|p1a: Magearna|Magearna|100\/100\n|move|p2a: Birdman|Dazzling Gleam|p1a: Magearna\n|-resisted|p1a: Magearna\n|-damage|p1a: Magearna|88\/100\n|\n|-weather|RainDance|[upkeep]\n|-heal|p1a: Magearna|94\/100|[from] item: Leftovers\n|upkeep\n|turn|4\n|\n|switch|p1a: Landorus|Landorus-Therian, M|30\/100\n|-ability|p1a: Landorus|Intimidate|boost\n|-unboost|p2a: Birdman|atk|1\n|move|p2a: Birdman|Volt Switch|p1a: Landorus\n|-immune|p1a: Landorus\n|\n|-weather|RainDance|[upkeep]\n|-heal|p1a: Landorus|36\/100|[from] item: Leftovers\n|upkeep\n|turn|5\n|\n|switch|p1a: Magearna|Magearna|94\/100\n|move|p2a: Birdman|Dazzling Gleam|p1a: Magearna\n|-resisted|p1a: Magearna\n|-damage|p1a: Magearna|84\/100\n|\n|-weather|RainDance|[upkeep]\n|-heal|p1a: Magearna|90\/100|[from] item: Leftovers\n|-fieldend|move: Electric Terrain\n|upkeep\n|turn|6\n|\n|move|p2a: Birdman|Volt Switch|p1a: Magearna\n|-damage|p1a: Magearna|70\/100\n|\n|switch|p2a: Hate rain :(|Ferrothorn, M|100\/100|[from]move: Volt Switch\n|move|p1a: Magearna|Fleur Cannon|p2a: Hate rain :(\n|-resisted|p2a: Hate rain :(\n|-damage|p2a: Hate rain :(|79\/100\n|-unboost|p1a: Magearna|spa|2\n|\n|-weather|RainDance|[upkeep]\n|-heal|p1a: Magearna|77\/100|[from] item: Leftovers\n|-heal|p2a: Hate rain :(|85\/100|[from] item: Leftovers\n|upkeep\n|turn|7\n|\n|switch|p1a: Landorus|Landorus-Therian, M|36\/100\n|-ability|p1a: Landorus|Intimidate|boost\n|-unboost|p2a: Hate rain :(|atk|1\n|move|p2a: Hate rain :(|Stealth Rock|p1a: Landorus\n|-sidestart|p1: German111|move: Stealth Rock\n|\n|-weather|RainDance|[upkeep]\n|-heal|p1a: Landorus|42\/100|[from] item: Leftovers\n|-heal|p2a: Hate rain :(|92\/100|[from] item: Leftovers\n|upkeep\n|turn|8\n|\n|move|p1a: Landorus|Stealth Rock|p2a: Hate rain :(\n|-sidestart|p2: orangesss|move: Stealth Rock\n|move|p2a: Hate rain :(|Knock Off|p1a: Landorus\n|-damage|p1a: Landorus|32\/100\n|-enditem|p1a: Landorus|Leftovers|[from] move: Knock Off|[of] p2a: Hate rain :(\n|\n|-weather|none\n|-heal|p2a: Hate rain :(|98\/100|[from] item: Leftovers\n|upkeep\n|turn|9\n|\n|move|p1a: Landorus|Earthquake|p2a: Hate rain :(\n|-damage|p2a: Hate rain :(|67\/100\n|move|p2a: Hate rain :(|Spikes|p1a: Landorus\n|-sidestart|p1: German111|Spikes\n|\n|-heal|p2a: Hate rain :(|74\/100|[from] item: Leftovers\n|upkeep\n|turn|10\n|\n|switch|p2a: Nappy love|Pelipper, F|50\/100\n|-damage|p2a: Nappy love|25\/100|[from] Stealth Rock\n|-weather|RainDance|[from] ability: Drizzle|[of] p2a: Nappy love\n|move|p1a: Landorus|Earthquake|p2a: Nappy love\n|-immune|p2a: Nappy love\n|\n|-weather|RainDance|[upkeep]\n|upkeep\n|turn|11\n|\n|move|p1a: Landorus|Smack Down|p2a: Nappy love\n|-supereffective|p2a: Nappy love\n|-damage|p2a: Nappy love|0 fnt\n|faint|p2a: Nappy love\n|\n|-weather|RainDance|[upkeep]\n|upkeep\n|\n|switch|p2a: Swamp Thing|Swampert, F|100\/100\n|-damage|p2a: Swamp Thing|94\/100|[from] Stealth Rock\n|turn|12\n|\n|detailschange|p2a: Swamp Thing|Swampert-Mega, F\n|-mega|p2a: Swamp Thing|Swampert|Swampertite\n|move|p2a: Swamp Thing|Waterfall|p1a: Landorus\n|-supereffective|p1a: Landorus\n|-damage|p1a: Landorus|0 fnt\n|faint|p1a: Landorus\n|\n|-weather|RainDance|[upkeep]\n|upkeep\n|inactive|German111 has 120 seconds left.\n|\n|switch|p1a: Tapu Koko|Tapu Koko|100\/100\n|-damage|p1a: Tapu Koko|88\/100|[from] Spikes\n|-damage|p1a: Tapu Koko|76\/100|[from] Stealth Rock\n|-fieldstart|move: Electric Terrain|[from] ability: Electric Surge|[of] p1a: Tapu Koko\n|turn|13\n|inactive|German111 has 120 seconds left.\n|\n|move|p2a: Swamp Thing|Waterfall|p1a: Tapu Koko\n|-damage|p1a: Tapu Koko|0 fnt\n|faint|p1a: Tapu Koko\n|\n|-weather|RainDance|[upkeep]\n|upkeep\n|\n|switch|p1a: Hawlucha|Hawlucha, M|100\/100\n|-damage|p1a: Hawlucha|88\/100|[from] Stealth Rock\n|-enditem|p1a: Hawlucha|Electric Seed\n|-boost|p1a: Hawlucha|def|1\n|turn|14\n|\n|switch|p2a: Birdman|Tapu Koko|100\/100\n|-damage|p2a: Birdman|88\/100|[from] Stealth Rock\n|move|p1a: Hawlucha|Swords Dance|p1a: Hawlucha\n|-boost|p1a: Hawlucha|atk|2\n|\n|-weather|RainDance|[upkeep]\n|upkeep\n|turn|15\n|\n|move|p1a: Hawlucha|Stone Edge|p2a: Birdman\n|-damage|p2a: Birdman|4\/100\n|move|p2a: Birdman|Volt Switch|p1a: Hawlucha\n|-supereffective|p1a: Hawlucha\n|-damage|p1a: Hawlucha|0 fnt\n|faint|p1a: Hawlucha\n|\n|switch|p2a: Swamp Thing|Swampert-Mega, F|94\/100|[from]move: Volt Switch\n|-damage|p2a: Swamp Thing|88\/100|[from] Stealth Rock\n|\n|-weather|RainDance|[upkeep]\n|upkeep\n|\n|switch|p1a: Medicham|Medicham-Mega, M|87\/100\n|-damage|p1a: Medicham|75\/100|[from] Spikes\n|-damage|p1a: Medicham|69\/100|[from] Stealth Rock\n|turn|16\n|\n|move|p1a: Medicham|Fake Out|p2a: Swamp Thing\n|-crit|p2a: Swamp Thing\n|-damage|p2a: Swamp Thing|58\/100\n|cant|p2a: Swamp Thing|flinch\n|\n|-weather|RainDance|[upkeep]\n|upkeep\n|turn|17\n|\n|switch|p1a: Greninja|Greninja, M|100\/100\n|-damage|p1a: Greninja|88\/100|[from] Spikes\n|-damage|p1a: Greninja|76\/100|[from] Stealth Rock\n|move|p2a: Swamp Thing|Waterfall|p1a: Greninja\n|-resisted|p1a: Greninja\n|-damage|p1a: Greninja|13\/100\n|\n|-weather|none\n|-fieldend|move: Electric Terrain\n|upkeep\n|turn|18\n|\n|switch|p2a: Hate rain :(|Ferrothorn, M|74\/100\n|-damage|p2a: Hate rain :(|67\/100|[from] Stealth Rock\n|-zpower|p1a: Greninja\n|move|p1a: Greninja|Hydro Vortex|p2a: Hate rain :(|[zeffect]\n|-resisted|p2a: Hate rain :(\n|-damage|p2a: Hate rain :(|36\/100\n|\n|-heal|p2a: Hate rain :(|42\/100|[from] item: Leftovers\n|upkeep\n|turn|19\n|\n|move|p1a: Greninja|Dark Pulse|p2a: Hate rain :(\n|-damage|p2a: Hate rain :(|14\/100\n|move|p2a: Hate rain :(|Gyro Ball|p1a: Greninja\n|-resisted|p1a: Greninja\n|-damage|p1a: Greninja|0 fnt\n|faint|p1a: Greninja\n|\n|-heal|p2a: Hate rain :(|20\/100|[from] item: Leftovers\n|upkeep\n|\n|switch|p1a: Medicham|Medicham-Mega, M|69\/100\n|-damage|p1a: Medicham|57\/100|[from] Spikes\n|-damage|p1a: Medicham|51\/100|[from] Stealth Rock\n|turn|20\n|\n|switch|p2a: Birdman|Tapu Koko|4\/100\n|-damage|p2a: Birdman|0 fnt|[from] Stealth Rock\n|faint|p2a: Birdman\n|move|p1a: Medicham|Ice Punch|p2: Birdman|[notarget]\n|-fail|p1a: Medicham\n|\n|upkeep\n|\n|switch|p2a: Kartana|Kartana|100\/100\n|-damage|p2a: Kartana|94\/100|[from] Stealth Rock\n|turn|21\n|\n|switch|p1a: Magearna|Magearna|77\/100\n|-damage|p1a: Magearna|64\/100|[from] Spikes\n|-damage|p1a: Magearna|58\/100|[from] Stealth Rock\n|move|p2a: Kartana|Smart Strike|p1a: Magearna\n|-damage|p1a: Magearna|18\/100\n|\n|-heal|p1a: Magearna|24\/100|[from] item: Leftovers\n|upkeep\n|turn|22\n|c|\u2606orangesss|gg\n|-message|German111 forfeited.\n|\n|win|orangesss\n|l|\u2606German111\n||Ladder (probably) updated, but score could not be retrieved (Response not received).\n|l|\u2606orangesss\n|j| jose abraham\n","uploadtime":1561315559,"views":256,"p1id":"german111","p2id":"orangesss","formatid":"gen7ou","rating":0,"private":0,"password":null}