{"id":"gen7uu-856403474","p1":"haruhi-sama","p2":"Jakkkkkka","format":"gen7uu","log":"|j|\u2606haruhi-sama\n|j|\u2606Jakkkkkka\n|player|p1|haruhi-sama|138\n|player|p2|Jakkkkkka|137\n|teamsize|p1|6\n|teamsize|p2|6\n|gametype|singles\n|gen|7\n|tier|[Gen 7] UU\n|rated|\n|rule|Sleep Clause Mod: Limit one foe put to sleep\n|rule|Species Clause: Limit one of each Pok\u00e9mon\n|rule|OHKO Clause: OHKO moves are banned\n|rule|Moody Clause: Moody is banned\n|rule|Evasion Moves Clause: Evasion moves are banned\n|rule|Endless Battle Clause: Forcing endless battles is banned\n|rule|HP Percentage Mod: HP is shown in percentages\n|clearpoke\n|poke|p1|Beedrill, M|item\n|poke|p1|Hydreigon, F|item\n|poke|p1|Rotom-Mow|item\n|poke|p1|Primarina, F|item\n|poke|p1|Nihilego|item\n|poke|p1|Cobalion|item\n|poke|p2|Swampert, M|item\n|poke|p2|Hydreigon, F|item\n|poke|p2|Scizor, F|item\n|poke|p2|Sylveon, M|item\n|poke|p2|Manectric, M|item\n|poke|p2|Nidoking, M|item\n|teampreview\n|inactive|Battle timer is ON: inactive players will automatically lose when time's up. (requested by haruhi-sama)\n|\n|start\n|switch|p1a: Nihilego|Nihilego|100\/100\n|switch|p2a: Scizor|Scizor, F|100\/100\n|turn|1\n|\n|switch|p1a: Cobalion|Cobalion|100\/100\n|move|p2a: Scizor|U-turn|p1a: Cobalion\n|-resisted|p1a: Cobalion\n|-damage|p1a: Cobalion|88\/100\n|\n|switch|p2a: Swampert|Swampert, M|100\/100\n|\n|upkeep\n|turn|2\n|\n|switch|p1a: Rotom|Rotom-Mow|100\/100\n|move|p2a: Swampert|Stealth Rock|p1a: Rotom\n|-sidestart|p1: haruhi-sama|move: Stealth Rock\n|\n|upkeep\n|turn|3\n|\n|switch|p2a: Sylveon|Sylveon, M|100\/100\n|move|p1a: Rotom|Defog|p2a: Sylveon\n|-unboost|p2a: Sylveon|evasion|1\n|-sideend|p1: haruhi-sama|Stealth Rock|[from] move: Defog|[of] p1a: Rotom\n|\n|upkeep\n|turn|4\n|\n|move|p1a: Rotom|Volt Switch|p2a: Sylveon\n|-damage|p2a: Sylveon|84\/100\n|\n|switch|p1a: Nihilego|Nihilego|100\/100\n|move|p2a: Sylveon|Moonblast|p1a: Nihilego\n|-resisted|p1a: Nihilego\n|-damage|p1a: Nihilego|88\/100\n|\n|-heal|p2a: Sylveon|90\/100|[from] item: Leftovers\n|upkeep\n|turn|5\n|\n|switch|p2a: Swampert|Swampert, M|100\/100\n|move|p1a: Nihilego|Stealth Rock|p2a: Swampert\n|-sidestart|p2: Jakkkkkka|move: Stealth Rock\n|\n|upkeep\n|turn|6\n|\n|move|p1a: Nihilego|Grass Knot|p2a: Swampert\n|-supereffective|p2a: Swampert\n|-damage|p2a: Swampert|0 fnt\n|-damage|p1a: Nihilego|78\/100|[from] item: Life Orb\n|faint|p2a: Swampert\n|-ability|p1a: Nihilego|Beast Boost|boost\n|-boost|p1a: Nihilego|spa|1\n|\n|upkeep\n|\n|switch|p2a: Scizor|Scizor, F|100\/100\n|-damage|p2a: Scizor|88\/100|[from] Stealth Rock\n|turn|7\n|\n|switch|p1a: Cobalion|Cobalion|88\/100\n|move|p2a: Scizor|U-turn|p1a: Cobalion\n|-resisted|p1a: Cobalion\n|-damage|p1a: Cobalion|76\/100\n|\n|switch|p2a: Manectric|Manectric, M|100\/100\n|-damage|p2a: Manectric|88\/100|[from] Stealth Rock\n|\n|upkeep\n|turn|8\n|\n|switch|p1a: Hydreigon|Hydreigon, F|100\/100\n|detailschange|p2a: Manectric|Manectric-Mega, M\n|-mega|p2a: Manectric|Manectric|Manectite\n|-ability|p2a: Manectric|Intimidate|boost\n|-unboost|p1a: Hydreigon|atk|1\n|move|p2a: Manectric|Volt Switch|p1a: Hydreigon\n|-resisted|p1a: Hydreigon\n|-damage|p1a: Hydreigon|80\/100\n|\n|switch|p2a: Sylveon|Sylveon, M|90\/100\n|-damage|p2a: Sylveon|77\/100|[from] Stealth Rock\n|\n|-heal|p2a: Sylveon|83\/100|[from] item: Leftovers\n|upkeep\n|turn|9\n|\n|switch|p2a: Scizor|Scizor, F|88\/100\n|-damage|p2a: Scizor|76\/100|[from] Stealth Rock\n|move|p1a: Hydreigon|U-turn|p2a: Scizor\n|-resisted|p2a: Scizor\n|-damage|p2a: Scizor|70\/100\n|\n|switch|p1a: Primarina|Primarina, F|100\/100\n|\n|upkeep\n|turn|10\n|\n|switch|p2a: Sylveon|Sylveon, M|83\/100\n|-damage|p2a: Sylveon|71\/100|[from] Stealth Rock\n|move|p1a: Primarina|Scald|p2a: Sylveon\n|-damage|p2a: Sylveon|35\/100\n|\n|-heal|p2a: Sylveon|41\/100|[from] item: Leftovers\n|upkeep\n|turn|11\n|\n|switch|p1a: Nihilego|Nihilego|78\/100\n|move|p2a: Sylveon|Wish|p2a: Sylveon\n|\n|-heal|p2a: Sylveon|47\/100|[from] item: Leftovers\n|upkeep\n|turn|12\n|\n|switch|p2a: Nidoking|Nidoking, M|100\/100\n|-damage|p2a: Nidoking|95\/100|[from] Stealth Rock\n|move|p1a: Nihilego|Thunder|p2a: Nidoking\n|-immune|p2a: Nidoking\n|\n|-heal|p2a: Nidoking|100\/100|[from] move: Wish|[wisher] Sylveon\n|upkeep\n|turn|13\n|inactive|haruhi-sama has 120 seconds left.\n|\n|move|p1a: Nihilego|Grass Knot|p2a: Nidoking\n|-damage|p2a: Nidoking|54\/100\n|-damage|p1a: Nihilego|68\/100|[from] item: Life Orb\n|move|p2a: Nidoking|Ice Beam|p1a: Nihilego\n|-damage|p1a: Nihilego|36\/100\n|\n|upkeep\n|turn|14\n|inactive|haruhi-sama has 120 seconds left.\n|\n|move|p1a: Nihilego|Grass Knot|p2a: Nidoking\n|-damage|p2a: Nidoking|4\/100\n|-damage|p1a: Nihilego|26\/100|[from] item: Life Orb\n|move|p2a: Nidoking|Ice Beam|p1a: Nihilego\n|-damage|p1a: Nihilego|0 fnt\n|faint|p1a: Nihilego\n|\n|upkeep\n|\n|switch|p1a: Beedrill|Beedrill, M|100\/100\n|turn|15\n|\n|detailschange|p1a: Beedrill|Beedrill-Mega, M\n|-mega|p1a: Beedrill|Beedrill|Beedrillite\n|move|p1a: Beedrill|Knock Off|p2a: Nidoking\n|-damage|p2a: Nidoking|0 fnt\n|-enditem|p2a: Nidoking|Life Orb|[from] move: Knock Off|[of] p1a: Beedrill\n|faint|p2a: Nidoking\n|\n|upkeep\n|\n|switch|p2a: Manectric|Manectric-Mega, M|88\/100\n|-damage|p2a: Manectric|76\/100|[from] Stealth Rock\n|-ability|p2a: Manectric|Intimidate|boost\n|-unboost|p1a: Beedrill|atk|1\n|turn|16\n|\n|move|p1a: Beedrill|U-turn|p2a: Manectric\n|-damage|p2a: Manectric|25\/100\n|\n|switch|p1a: Hydreigon|Hydreigon, F|80\/100\n|move|p2a: Manectric|Hidden Power|p1a: Hydreigon\n|-supereffective|p1a: Hydreigon\n|-damage|p1a: Hydreigon|30\/100\n|\n|upkeep\n|turn|17\n|\n|move|p1a: Hydreigon|Dark Pulse|p2a: Manectric\n|-damage|p2a: Manectric|0 fnt\n|faint|p2a: Manectric\n|\n|upkeep\n|\n|switch|p2a: Scizor|Scizor, F|70\/100\n|-damage|p2a: Scizor|58\/100|[from] Stealth Rock\n|turn|18\n|\n|move|p2a: Scizor|Bullet Punch|p1a: Hydreigon\n|-damage|p1a: Hydreigon|0 fnt\n|faint|p1a: Hydreigon\n|\n|upkeep\n|\n|switch|p1a: Rotom|Rotom-Mow|100\/100\n|turn|19\n|\n|move|p2a: Scizor|Bullet Punch|p1a: Rotom\n|-resisted|p1a: Rotom\n|-damage|p1a: Rotom|66\/100\n|move|p1a: Rotom|Thunderbolt|p2a: Scizor\n|-damage|p2a: Scizor|5\/100\n|\n|upkeep\n|turn|20\n|\n|move|p2a: Scizor|Bullet Punch|p1a: Rotom\n|-resisted|p1a: Rotom\n|-damage|p1a: Rotom|33\/100\n|move|p1a: Rotom|Thunderbolt|p2a: Scizor\n|-damage|p2a: Scizor|0 fnt\n|faint|p2a: Scizor\n|\n|upkeep\n|-message|Jakkkkkka forfeited.\n|\n|win|haruhi-sama\n|l|\u2606Jakkkkkka\n|raw|haruhi-sama's rating: 1497 &rarr; <strong>1515<\/strong><br \/>(+18 for winning)\n|raw|Jakkkkkka's rating: 1465 &rarr; <strong>1447<\/strong><br \/>(-18 for losing)\n","uploadtime":1548954847,"views":11,"p1id":"haruhisama","p2id":"jakkkkkka","formatid":"gen7uu","rating":1447,"private":0,"password":null}