{"id":"gen7ou-698010026","p1":"Suspect Test Mike","p2":"jly8","format":"gen7ou","log":"|j|\u2606Suspect Test Mike\n|j|\u2606jly8\n|player|p1|Suspect Test Mike|17\n|player|p2|jly8|80\n|teamsize|p1|6\n|teamsize|p2|6\n|gametype|singles\n|gen|7\n|tier|[Gen 7] OU\n|rated|\n|rule|Sleep Clause Mod: Limit one foe put to sleep\n|rule|Species Clause: Limit one of each Pok\u00e9mon\n|rule|OHKO Clause: OHKO moves are banned\n|rule|Moody Clause: Moody is banned\n|rule|Evasion Moves Clause: Evasion moves are banned\n|rule|Endless Battle Clause: Forcing endless battles is banned\n|rule|HP Percentage Mod: HP is shown in percentages\n|clearpoke\n|poke|p1|Heatran, F|item\n|poke|p1|Latios, M|item\n|poke|p1|Landorus-Therian, M|item\n|poke|p1|Magearna|item\n|poke|p1|Volcanion|item\n|poke|p1|Tapu Koko|item\n|poke|p2|Ferrothorn, F|item\n|poke|p2|Heatran, M|item\n|poke|p2|Chansey, F|item\n|poke|p2|Clefable, F|item\n|poke|p2|Gliscor, F|item\n|poke|p2|Sableye, F|item\n|teampreview\n|j| Pok3mn0 \u30c4\n|j| H3ikyn\n|inactive|Battle timer is ON: inactive players will automatically lose when time's up. (requested by Suspect Test Mike)\n|\n|start\n|switch|p1a: Volcanion|Volcanion|100\/100\n|switch|p2a: Sableye|Sableye, F|100\/100\n|turn|1\n|\n|move|p1a: Volcanion|Fire Blast|p2a: Sableye|[miss]\n|-miss|p1a: Volcanion|p2a: Sableye\n|move|p2a: Sableye|Calm Mind|p2a: Sableye\n|-boost|p2a: Sableye|spa|1\n|-boost|p2a: Sableye|spd|1\n|\n|upkeep\n|turn|2\n|\n|-mega|p2a: Sableye|Sableye|Sablenite\n|detailschange|p2a: Sableye|Sableye-Mega, F\n|move|p1a: Volcanion|Steam Eruption|p2a: Sableye\n|-damage|p2a: Sableye|65\/100\n|-status|p2a: Sableye|brn\n|move|p2a: Sableye|Calm Mind|p2a: Sableye\n|-boost|p2a: Sableye|spa|1\n|-boost|p2a: Sableye|spd|1\n|\n|-damage|p2a: Sableye|59\/100 brn|[from] brn\n|upkeep\n|turn|3\n|\n|switch|p1a: Magearna|Magearna|100\/100\n|move|p2a: Sableye|Recover|p2a: Sableye\n|-heal|p2a: Sableye|100\/100 brn\n|\n|-damage|p2a: Sableye|95\/100 brn|[from] brn\n|upkeep\n|turn|4\n|\n|move|p1a: Magearna|Heart Swap|p2a: Sableye\n|-swapboost|p1a: Magearna|p2a: Sableye|[from] move: Heart Swap\n|move|p2a: Sableye|Recover|p2a: Sableye\n|-heal|p2a: Sableye|100\/100 brn\n|\n|-damage|p2a: Sableye|95\/100 brn|[from] brn\n|upkeep\n|turn|5\n|\n|switch|p2a: Heatran|Heatran, M|100\/100\n|move|p1a: Magearna|Volt Switch|p2a: Heatran\n|-damage|p2a: Heatran|76\/100\n|\n|switch|p1a: Volcanion|Volcanion|100\/100\n|\n|-heal|p2a: Heatran|82\/100|[from] item: Leftovers\n|upkeep\n|turn|6\n|\n|switch|p2a: Chansey|Chansey, F|100\/100\n|switch|p1a: Landorus|Landorus-Therian, M|100\/100\n|-ability|p1a: Landorus|Intimidate|boost\n|-unboost|p2a: Chansey|atk|1\n|\n|upkeep\n|turn|7\n|\n|move|p1a: Landorus|Knock Off|p2a: Chansey\n|-damage|p2a: Chansey|76\/100\n|-enditem|p2a: Chansey|Eviolite|[from] move: Knock Off|[of] p1a: Landorus\n|move|p2a: Chansey|Toxic|p1a: Landorus\n|-status|p1a: Landorus|tox\n|\n|-damage|p1a: Landorus|95\/100 tox|[from] psn\n|upkeep\n|turn|8\n|\n|switch|p1a: Magearna|Magearna|100\/100\n|switch|p2a: Gliscor|Gliscor, F|100\/100\n|\n|-status|p2a: Gliscor|tox|[from] item: Toxic Orb\n|upkeep\n|turn|9\n|\n|move|p2a: Gliscor|Earthquake|p1a: Magearna\n|-supereffective|p1a: Magearna\n|-damage|p1a: Magearna|46\/100\n|move|p1a: Magearna|Heal Bell|p1a: Magearna\n|-activate|p1a: Magearna|move: Heal Bell\n|-curestatus|p1: Landorus|tox|[msg]\n|\n|-heal|p1a: Magearna|52\/100|[from] item: Leftovers\n|upkeep\n|turn|10\n|\n|switch|p1a: Landorus|Landorus-Therian, M|95\/100\n|-ability|p1a: Landorus|Intimidate|boost\n|-unboost|p2a: Gliscor|atk|1\n|move|p2a: Gliscor|Toxic|p1a: Landorus\n|-status|p1a: Landorus|tox\n|\n|-damage|p1a: Landorus|89\/100 tox|[from] psn\n|upkeep\n|turn|11\n|\n|switch|p2a: Heatran|Heatran, M|82\/100\n|move|p1a: Landorus|Knock Off|p2a: Heatran\n|-damage|p2a: Heatran|50\/100\n|-enditem|p2a: Heatran|Leftovers|[from] move: Knock Off|[of] p1a: Landorus\n|\n|-damage|p1a: Landorus|77\/100 tox|[from] psn\n|upkeep\n|turn|12\n|\n|switch|p1a: Latios|Latios, M|100\/100\n|switch|p2a: Gliscor|Gliscor, F|100\/100 tox\n|\n|upkeep\n|turn|13\n|\n|switch|p2a: Chansey|Chansey, F|76\/100\n|-mega|p1a: Latios|Latios|Latiosite\n|detailschange|p1a: Latios|Latios-Mega, M\n|move|p1a: Latios|Draco Meteor|p2a: Chansey\n|-damage|p2a: Chansey|40\/100\n|-unboost|p1a: Latios|spa|2\n|\n|upkeep\n|turn|14\n|\n|switch|p1a: Heatran|Heatran, F|100\/100\n|move|p2a: Chansey|Soft-Boiled|p2a: Chansey\n|-heal|p2a: Chansey|90\/100\n|\n|upkeep\n|turn|15\n|\n|switch|p2a: Heatran|Heatran, M|50\/100\n|move|p1a: Heatran|Magma Storm|p2a: Heatran\n|-start|p2a: Heatran|ability: Flash Fire\n|\n|upkeep\n|turn|16\n|\n|move|p2a: Heatran|Magma Storm|p1a: Heatran\n|-start|p1a: Heatran|ability: Flash Fire\n|move|p1a: Heatran|Stealth Rock|p2a: Heatran\n|-sidestart|p2: jly8|move: Stealth Rock\n|\n|upkeep\n|turn|17\n|\n|-end|p1a: Heatran|ability: Flash Fire|[silent]\n|switch|p1a: Latios|Latios-Mega, M|100\/100\n|move|p2a: Heatran|Stealth Rock|p1a: Latios\n|-sidestart|p1: Suspect Test Mike|move: Stealth Rock\n|\n|upkeep\n|turn|18\n|\n|-end|p2a: Heatran|ability: Flash Fire|[silent]\n|switch|p2a: Chansey|Chansey, F|90\/100\n|-damage|p2a: Chansey|77\/100|[from] Stealth Rock\n|move|p1a: Latios|Calm Mind|p1a: Latios\n|-boost|p1a: Latios|spa|1\n|-boost|p1a: Latios|spd|1\n|\n|upkeep\n|turn|19\n|\n|move|p1a: Latios|Psyshock|p2a: Chansey\n|-damage|p2a: Chansey|7\/100\n|move|p2a: Chansey|Toxic|p1a: Latios\n|-status|p1a: Latios|tox\n|\n|-damage|p1a: Latios|95\/100 tox|[from] psn\n|upkeep\n|turn|20\n|\n|move|p1a: Latios|Psyshock|p2a: Chansey\n|-damage|p2a: Chansey|0 fnt\n|faint|p2a: Chansey\n|\n|-damage|p1a: Latios|83\/100 tox|[from] psn\n|upkeep\n|\n|switch|p2a: Ferrothorn|Ferrothorn, F|100\/100\n|-damage|p2a: Ferrothorn|95\/100|[from] Stealth Rock\n|turn|21\n|l| Pok3mn0 \u30c4\n|\n|switch|p1a: Magearna|Magearna|52\/100\n|-damage|p1a: Magearna|46\/100|[from] Stealth Rock\n|move|p2a: Ferrothorn|Leech Seed|p1a: Magearna\n|-start|p1a: Magearna|move: Leech Seed\n|\n|-heal|p1a: Magearna|52\/100|[from] item: Leftovers\n|-heal|p2a: Ferrothorn|100\/100|[from] item: Leftovers\n|-damage|p1a: Magearna|39\/100|[from] Leech Seed|[of] p2a: Ferrothorn\n|upkeep\n|turn|22\n|\n|move|p1a: Magearna|Heal Bell|p1a: Magearna\n|-activate|p1a: Magearna|move: Heal Bell\n|-curestatus|p1: Landorus|tox|[msg]\n|-curestatus|p1: Latios|tox|[msg]\n|move|p2a: Ferrothorn|Power Whip|p1a: Magearna\n|-resisted|p1a: Magearna\n|-damage|p1a: Magearna|24\/100\n|\n|-heal|p1a: Magearna|30\/100|[from] item: Leftovers\n|-damage|p1a: Magearna|17\/100|[from] Leech Seed|[of] p2a: Ferrothorn\n|upkeep\n|turn|23\n|\n|move|p1a: Magearna|Volt Switch|p2a: Ferrothorn\n|-resisted|p2a: Ferrothorn\n|-damage|p2a: Ferrothorn|94\/100\n|\n|switch|p1a: Volcanion|Volcanion|100\/100\n|-damage|p1a: Volcanion|76\/100|[from] Stealth Rock\n|move|p2a: Ferrothorn|Leech Seed|p1a: Volcanion|[miss]\n|-miss|p2a: Ferrothorn|p1a: Volcanion\n|\n|-heal|p2a: Ferrothorn|99\/100|[from] item: Leftovers\n|upkeep\n|turn|24\n|inactive|jly8 has 135 seconds left.\n|\n|switch|p2a: Heatran|Heatran, M|50\/100\n|-damage|p2a: Heatran|38\/100|[from] Stealth Rock\n|move|p1a: Volcanion|Steam Eruption|p2a: Heatran\n|-supereffective|p2a: Heatran\n|-damage|p2a: Heatran|0 fnt\n|faint|p2a: Heatran\n|\n|upkeep\n|j| Pok3mn0 \u30c4\n|\n|switch|p2a: Gliscor|Gliscor, F|100\/100 tox\n|-damage|p2a: Gliscor|88\/100 tox|[from] Stealth Rock\n|turn|25\n|\n|switch|p1a: Landorus|Landorus-Therian, M|77\/100\n|-damage|p1a: Landorus|64\/100|[from] Stealth Rock\n|-ability|p1a: Landorus|Intimidate|boost\n|-unboost|p2a: Gliscor|atk|1\n|move|p2a: Gliscor|Earthquake|p1a: Landorus\n|-immune|p1a: Landorus|[msg]\n|\n|-heal|p2a: Gliscor|100\/100 tox|[from] ability: Poison Heal\n|upkeep\n|turn|26\n|\n|move|p1a: Landorus|Defog|p2a: Gliscor\n|-unboost|p2a: Gliscor|evasion|1\n|-sideend|p2: jly8|Stealth Rock|[from] move: Defog|[of] p2a: Gliscor\n|-sideend|p1: Suspect Test Mike|Stealth Rock|[from] move: Defog|[of] p1a: Landorus\n|move|p2a: Gliscor|Toxic|p1a: Landorus\n|-status|p1a: Landorus|tox\n|\n|-damage|p1a: Landorus|58\/100 tox|[from] psn\n|upkeep\n|turn|27\n|\n|switch|p1a: Latios|Latios-Mega, M|83\/100\n|move|p2a: Gliscor|Earthquake|p1a: Latios\n|-immune|p1a: Latios|[msg]|[from] ability: Levitate\n|\n|upkeep\n|turn|28\n|\n|move|p1a: Latios|Calm Mind|p1a: Latios\n|-boost|p1a: Latios|spa|1\n|-boost|p1a: Latios|spd|1\n|move|p2a: Gliscor|Toxic|p1a: Latios\n|-status|p1a: Latios|tox\n|\n|-damage|p1a: Latios|77\/100 tox|[from] psn\n|upkeep\n|turn|29\n|\n|switch|p2a: Sableye|Sableye-Mega, F|95\/100 brn\n|move|p1a: Latios|Draco Meteor|p2a: Sableye\n|-damage|p2a: Sableye|0 fnt\n|-unboost|p1a: Latios|spa|2\n|faint|p2a: Sableye\n|\n|-damage|p1a: Latios|65\/100 tox|[from] psn\n|upkeep\n|\n|switch|p2a: Clefable|Clefable, F|100\/100\n|turn|30\n|\n|switch|p1a: Tapu Koko|Tapu Koko|100\/100\n|-fieldstart|move: Electric Terrain|[from] ability: Electric Surge|[of] p1a: Tapu Koko\n|move|p2a: Clefable|Moonblast|p1a: Tapu Koko\n|-crit|p1a: Tapu Koko\n|-damage|p1a: Tapu Koko|25\/100\n|\n|upkeep\n|turn|31\n|\n|switch|p2a: Ferrothorn|Ferrothorn, F|99\/100\n|move|p1a: Tapu Koko|U-turn|p2a: Ferrothorn\n|-damage|p2a: Ferrothorn|88\/100\n|-damage|p1a: Tapu Koko|13\/100|[from] ability: Iron Barbs|[of] p2a: Ferrothorn\n|\n|switch|p1a: Heatran|Heatran, F|100\/100\n|\n|-heal|p2a: Ferrothorn|94\/100|[from] item: Leftovers\n|upkeep\n|turn|32\n|\n|move|p2a: Ferrothorn|Protect|p2a: Ferrothorn\n|-singleturn|p2a: Ferrothorn|Protect\n|move|p1a: Heatran|Stealth Rock|p2a: Ferrothorn\n|-sidestart|p2: jly8|move: Stealth Rock\n|\n|-heal|p2a: Ferrothorn|99\/100|[from] item: Leftovers\n|upkeep\n|turn|33\n|inactive|jly8 has 135 seconds left.\n|\n|switch|p2a: Gliscor|Gliscor, F|100\/100 tox\n|-damage|p2a: Gliscor|88\/100 tox|[from] Stealth Rock\n|move|p1a: Heatran|Magma Storm|p2a: Gliscor|[miss]\n|-miss|p1a: Heatran|p2a: Gliscor\n|\n|-heal|p2a: Gliscor|100\/100 tox|[from] ability: Poison Heal\n|upkeep\n|turn|34\n|inactive|Suspect Test Mike has 135 seconds left.\n|\n|switch|p1a: Tapu Koko|Tapu Koko|13\/100\n|move|p2a: Gliscor|Toxic|p1a: Tapu Koko\n|-status|p1a: Tapu Koko|tox\n|\n|-damage|p1a: Tapu Koko|7\/100 tox|[from] psn\n|-fieldend|move: Electric Terrain\n|upkeep\n|turn|35\n|\n|move|p2a: Gliscor|Protect|p2a: Gliscor\n|-singleturn|p2a: Gliscor|Protect\n|move|p1a: Tapu Koko|Hidden Power|p2a: Gliscor\n|-activate|p2a: Gliscor|move: Protect\n|\n|-damage|p1a: Tapu Koko|0 fnt|[from] psn\n|upkeep\n|faint|p1a: Tapu Koko\n|\n|switch|p1a: Volcanion|Volcanion|76\/100\n|turn|36\n|\n|move|p2a: Gliscor|Earthquake|p1a: Volcanion\n|-supereffective|p1a: Volcanion\n|-damage|p1a: Volcanion|19\/100\n|move|p1a: Volcanion|Steam Eruption|p2a: Gliscor\n|-supereffective|p2a: Gliscor\n|-damage|p2a: Gliscor|0 fnt\n|faint|p2a: Gliscor\n|\n|upkeep\n|\n|switch|p2a: Clefable|Clefable, F|100\/100\n|turn|37\n|c|\u2606Suspect Test Mike|Gg\n|\n|-zpower|p1a: Volcanion\n|move|p1a: Volcanion|Acid Downpour|p2a: Clefable|[zeffect]\n|-supereffective|p2a: Clefable\n|-damage|p2a: Clefable|0 fnt\n|faint|p2a: Clefable\n|\n|upkeep\n|c|\u2606jly8|gg\n|-message|jly8 forfeited.\n|\n|win|Suspect Test Mike\n|l|\u2606jly8\n|l| Pok3mn0 \u30c4\n|raw|Suspect Test Mike's rating: 1651 &rarr; <strong>1668<\/strong><br \/>(+17 for winning)\n|raw|jly8's rating: 1593 &rarr; <strong>1576<\/strong><br \/>(-17 for losing)\n|l| H3ikyn\n","inputlog":null,"uploadtime":1517587518,"views":6,"p1id":"suspecttestmike","p2id":"jly8","formatid":"gen7ou","rating":1576,"private":0,"password":null}