{"id":"gen7randombattle-891912155","p1":"Cnnblt","p2":"comp233","format":"gen7randombattle","log":"|j|\u2606Cnnblt\n|j|\u2606comp233\n|player|p1|Cnnblt|102\n|player|p2|comp233|115\n|teamsize|p1|6\n|teamsize|p2|6\n|gametype|singles\n|gen|7\n|tier|[Gen 7] Random Battle\n|rated|\n|rule|Sleep Clause Mod: Limit one foe put to sleep\n|rule|HP Percentage Mod: HP is shown in percentages\n|\n|start\n|switch|p1a: Sylveon|Sylveon, L82, M|290\/290\n|switch|p2a: Swalot|Swalot, L89, F|323\/323\n|turn|1\n|\n|move|p2a: Swalot|Yawn|p1a: Sylveon\n|-start|p1a: Sylveon|move: Yawn|[of] p2a: Swalot\n|move|p1a: Sylveon|Calm Mind|p1a: Sylveon\n|-boost|p1a: Sylveon|spa|1\n|-boost|p1a: Sylveon|spd|1\n|\n|upkeep\n|turn|2\n|inactive|Battle timer is ON: inactive players will automatically lose when time's up. (requested by Cnnblt)\n|\n|switch|p1a: Beheeyem|Beheeyem, L89, F|278\/278\n|move|p2a: Swalot|Yawn|p1a: Beheeyem\n|-start|p1a: Beheeyem|move: Yawn|[of] p2a: Swalot\n|\n|upkeep\n|turn|3\n|c|\u2606Cnnblt|Gl\n|\n|switch|p2a: Forretress|Forretress, L84, F|263\/263\n|switch|p1a: Xatu|Xatu, L86, F|251\/251\n|\n|upkeep\n|turn|4\n|\n|switch|p2a: Groudon|Groudon, L78|284\/284\n|detailschange|p2a: Groudon|Groudon-Primal, L78\n|-primal|p2a: Groudon\n|-weather|DesolateLand|[from] ability: Desolate Land|[of] p2a: Groudon\n|move|p1a: Xatu|Calm Mind|p1a: Xatu\n|-boost|p1a: Xatu|spa|1\n|-boost|p1a: Xatu|spd|1\n|\n|-weather|DesolateLand|[upkeep]\n|upkeep\n|turn|5\n|\n|move|p1a: Xatu|Reflect|p1a: Xatu\n|-sidestart|p1: Cnnblt|Reflect\n|move|p2a: Groudon|Stone Edge|p1a: Xatu\n|-supereffective|p1a: Xatu\n|-damage|p1a: Xatu|138\/251\n|\n|-weather|DesolateLand|[upkeep]\n|-heal|p1a: Xatu|153\/251|[from] item: Leftovers\n|upkeep\n|turn|6\n|\n|move|p1a: Xatu|Psychic|p2a: Groudon\n|-damage|p2a: Groudon|121\/284\n|move|p2a: Groudon|Swords Dance|p2a: Groudon\n|-boost|p2a: Groudon|atk|2\n|\n|-weather|DesolateLand|[upkeep]\n|-heal|p1a: Xatu|168\/251|[from] item: Leftovers\n|upkeep\n|turn|7\n|inactive|comp233 has 120 seconds left.\n|\n|-weather|none\n|switch|p2a: Forretress|Forretress, L84, F|263\/263\n|move|p1a: Xatu|Psychic|p2a: Forretress\n|-resisted|p2a: Forretress\n|-damage|p2a: Forretress|161\/263\n|\n|-heal|p1a: Xatu|183\/251|[from] item: Leftovers\n|-heal|p2a: Forretress|177\/263|[from] item: Leftovers\n|upkeep\n|turn|8\n|\n|move|p1a: Xatu|Calm Mind|p1a: Xatu\n|-boost|p1a: Xatu|spa|1\n|-boost|p1a: Xatu|spd|1\n|move|p2a: Forretress|Volt Switch|p1a: Xatu\n|-supereffective|p1a: Xatu\n|-damage|p1a: Xatu|143\/251\n|\n|switch|p2a: Kyurem|Kyurem-Black, L80|331\/331|[from]move: Volt Switch\n|-ability|p2a: Kyurem|Teravolt\n|\n|-heal|p1a: Xatu|158\/251|[from] item: Leftovers\n|upkeep\n|turn|9\n|\n|switch|p1a: Palkia|Palkia, L78|268\/268\n|-ability|p1a: Palkia|Pressure\n|move|p2a: Kyurem|Ice Beam|p1a: Palkia\n|-damage|p1a: Palkia|207\/268\n|\n|-sideend|p1: Cnnblt|Reflect\n|upkeep\n|turn|10\n|inactive|comp233 has 120 seconds left.\n|\n|switch|p2a: Swalot|Swalot, L89, F|323\/323\n|move|p1a: Palkia|Spacial Rend|p2a: Swalot\n|-crit|p2a: Swalot\n|-damage|p2a: Swalot|140\/323\n|\n|upkeep\n|turn|11\n|\n|move|p1a: Palkia|Draco Meteor|p2a: Swalot\n|-damage|p2a: Swalot|0 fnt\n|-unboost|p1a: Palkia|spa|2\n|faint|p2a: Swalot\n|\n|upkeep\n|inactive|comp233 has 120 seconds left.\n|inactive|comp233 has 90 seconds left.\n|\n|switch|p2a: Groudon|Groudon-Primal, L78|121\/284\n|-weather|DesolateLand|[from] ability: Desolate Land|[of] p2a: Groudon\n|turn|12\n|inactive|comp233 has 90 seconds left.\n|\n|switch|p1a: Xatu|Xatu, L86, F|158\/251\n|move|p2a: Groudon|Precipice Blades|p1a: Xatu\n|-immune|p1a: Xatu\n|\n|-weather|DesolateLand|[upkeep]\n|-heal|p1a: Xatu|173\/251|[from] item: Leftovers\n|upkeep\n|turn|13\n|inactive|comp233 has 90 seconds left.\n|\n|switch|p1a: Primeape|Primeape, L88, M|258\/258\n|move|p2a: Groudon|Stone Edge|p1a: Primeape|[miss]\n|-miss|p2a: Groudon|p1a: Primeape\n|\n|-weather|DesolateLand|[upkeep]\n|upkeep\n|turn|14\n|inactive|comp233 has 90 seconds left.\n|\n|move|p1a: Primeape|Close Combat|p2a: Groudon\n|-damage|p2a: Groudon|0 fnt\n|-unboost|p1a: Primeape|def|1\n|-unboost|p1a: Primeape|spd|1\n|-damage|p1a: Primeape|233\/258|[from] item: Life Orb\n|faint|p2a: Groudon\n|-weather|none\n|\n|upkeep\n|inactive|comp233 has 90 seconds left.\n|\n|switch|p2a: Forretress|Forretress, L84, F|177\/263\n|turn|15\n|\n|switch|p1a: Xatu|Xatu, L86, F|173\/251\n|move|p2a: Forretress|Volt Switch|p1a: Xatu\n|-supereffective|p1a: Xatu\n|-damage|p1a: Xatu|87\/251\n|\n|switch|p2a: Kyurem|Kyurem-Black, L80|331\/331|[from]move: Volt Switch\n|-ability|p2a: Kyurem|Teravolt\n|\n|-heal|p1a: Xatu|102\/251|[from] item: Leftovers\n|upkeep\n|turn|16\n|\n|switch|p1a: Palkia|Palkia, L78|207\/268\n|-ability|p1a: Palkia|Pressure\n|move|p2a: Kyurem|Ice Beam|p1a: Palkia\n|-damage|p1a: Palkia|153\/268\n|-status|p1a: Palkia|frz\n|\n|upkeep\n|turn|17\n|\n|cant|p1a: Palkia|frz\n|move|p2a: Kyurem|Ice Beam|p1a: Palkia\n|-damage|p1a: Palkia|96\/268 frz\n|\n|upkeep\n|turn|18\n|\n|cant|p1a: Palkia|frz\n|move|p2a: Kyurem|Ice Beam|p1a: Palkia\n|-damage|p1a: Palkia|38\/268 frz\n|\n|upkeep\n|turn|19\n|\n|cant|p1a: Palkia|frz\n|move|p2a: Kyurem|Ice Beam|p1a: Palkia\n|-damage|p1a: Palkia|0 fnt\n|faint|p1a: Palkia\n|\n|upkeep\n|\n|switch|p1a: Sylveon|Sylveon, L82, M|290\/290\n|turn|20\n|inactive|comp233 has 120 seconds left.\n|\n|switch|p2a: Forretress|Forretress, L84, F|177\/263\n|move|p1a: Sylveon|Calm Mind|p1a: Sylveon\n|-boost|p1a: Sylveon|spa|1\n|-boost|p1a: Sylveon|spd|1\n|\n|-heal|p2a: Forretress|193\/263|[from] item: Leftovers\n|upkeep\n|turn|21\n|\n|switch|p1a: Xatu|Xatu, L86, F|102\/251\n|move|p2a: Forretress|Stealth Rock|p1a: Xatu\n|move|p1a: Xatu|Stealth Rock|p2a: Forretress|[from]Magic Bounce\n|-sidestart|p2: comp233|move: Stealth Rock\n|\n|-heal|p1a: Xatu|117\/251|[from] item: Leftovers\n|-heal|p2a: Forretress|209\/263|[from] item: Leftovers\n|upkeep\n|turn|22\n|\n|move|p1a: Xatu|Heat Wave|p2a: Forretress\n|-supereffective|p2a: Forretress\n|-damage|p2a: Forretress|0 fnt\n|faint|p2a: Forretress\n|\n|-heal|p1a: Xatu|132\/251|[from] item: Leftovers\n|upkeep\n|inactive|comp233 has 120 seconds left.\n|\n|switch|p2a: Kyurem|Kyurem-Black, L80|331\/331\n|-damage|p2a: Kyurem|249\/331|[from] Stealth Rock\n|-ability|p2a: Kyurem|Teravolt\n|turn|23\n|\n|switch|p1a: Primeape|Primeape, L88, M|233\/258\n|move|p2a: Kyurem|Ice Beam|p1a: Primeape\n|-damage|p1a: Primeape|118\/258\n|\n|upkeep\n|turn|24\n|\n|switch|p2a: Vivillon|Vivillon, L86, M|277\/277\n|-damage|p2a: Vivillon|139\/277|[from] Stealth Rock\n|move|p1a: Primeape|Close Combat|p2a: Vivillon\n|-resisted|p2a: Vivillon\n|-damage|p2a: Vivillon|68\/277\n|-unboost|p1a: Primeape|def|1\n|-unboost|p1a: Primeape|spd|1\n|-damage|p1a: Primeape|93\/258|[from] item: Life Orb\n|\n|-heal|p2a: Vivillon|85\/277|[from] item: Leftovers\n|upkeep\n|turn|25\n|\n|move|p1a: Primeape|Gunk Shot|p2a: Vivillon|[miss]\n|-miss|p1a: Primeape|p2a: Vivillon\n|move|p2a: Vivillon|Quiver Dance|p2a: Vivillon\n|-boost|p2a: Vivillon|spa|1\n|-boost|p2a: Vivillon|spd|1\n|-boost|p2a: Vivillon|spe|1\n|\n|-heal|p2a: Vivillon|102\/277|[from] item: Leftovers\n|upkeep\n|turn|26\n|\n|switch|p1a: Tsareena|Tsareena, L84, F|258\/258\n|move|p2a: Vivillon|Bug Buzz|p1a: Tsareena\n|-supereffective|p1a: Tsareena\n|-damage|p1a: Tsareena|10\/258\n|\n|-heal|p2a: Vivillon|119\/277|[from] item: Leftovers\n|-heal|p1a: Tsareena|26\/258|[from] item: Leftovers\n|upkeep\n|turn|27\n|\n|move|p2a: Vivillon|Bug Buzz|p1a: Tsareena\n|-supereffective|p1a: Tsareena\n|-damage|p1a: Tsareena|0 fnt\n|faint|p1a: Tsareena\n|\n|-heal|p2a: Vivillon|136\/277|[from] item: Leftovers\n|upkeep\n|\n|switch|p1a: Sylveon|Sylveon, L82, M|290\/290\n|turn|28\n|\n|move|p2a: Vivillon|Hurricane|p1a: Sylveon\n|-damage|p1a: Sylveon|149\/290\n|move|p1a: Sylveon|Calm Mind|p1a: Sylveon\n|-boost|p1a: Sylveon|spa|1\n|-boost|p1a: Sylveon|spd|1\n|\n|-heal|p2a: Vivillon|153\/277|[from] item: Leftovers\n|-heal|p1a: Sylveon|167\/290|[from] item: Leftovers\n|upkeep\n|turn|29\n|\n|move|p2a: Vivillon|Hurricane|p1a: Sylveon\n|-damage|p1a: Sylveon|74\/290\n|move|p1a: Sylveon|Psyshock|p2a: Vivillon\n|-damage|p2a: Vivillon|33\/277\n|\n|-heal|p2a: Vivillon|50\/277|[from] item: Leftovers\n|-heal|p1a: Sylveon|92\/290|[from] item: Leftovers\n|upkeep\n|turn|30\n|\n|move|p2a: Vivillon|Hurricane|p1a: Sylveon\n|-damage|p1a: Sylveon|11\/290\n|move|p1a: Sylveon|Psyshock|p2a: Vivillon\n|-damage|p2a: Vivillon|0 fnt\n|faint|p2a: Vivillon\n|\n|-heal|p1a: Sylveon|29\/290|[from] item: Leftovers\n|upkeep\n|\n|switch|p2a: Kyurem|Kyurem-Black, L80|249\/331\n|-damage|p2a: Kyurem|167\/331|[from] Stealth Rock\n|-ability|p2a: Kyurem|Teravolt\n|turn|31\n|\n|move|p2a: Kyurem|Ice Beam|p1a: Sylveon\n|-damage|p1a: Sylveon|0 fnt\n|faint|p1a: Sylveon\n|\n|upkeep\n|\n|switch|p1a: Primeape|Primeape, L88, M|93\/258\n|turn|32\n|\n|move|p1a: Primeape|Close Combat|p2a: Kyurem\n|-supereffective|p2a: Kyurem\n|-damage|p2a: Kyurem|0 fnt\n|-unboost|p1a: Primeape|def|1\n|-unboost|p1a: Primeape|spd|1\n|-damage|p1a: Primeape|68\/258|[from] item: Life Orb\n|faint|p2a: Kyurem\n|\n|upkeep\n|\n|switch|p2a: Rotom|Rotom-Frost, L88|231\/231\n|-damage|p2a: Rotom|174\/231|[from] Stealth Rock\n|turn|33\n|\n|move|p1a: Primeape|Close Combat|p2a: Rotom\n|-supereffective|p2a: Rotom\n|-damage|p2a: Rotom|0 fnt\n|-unboost|p1a: Primeape|def|1\n|-unboost|p1a: Primeape|spd|1\n|-damage|p1a: Primeape|43\/258|[from] item: Life Orb\n|faint|p2a: Rotom\n|\n|win|Cnnblt\n|l|\u2606comp233\n","inputlog":">version ad4f80ee6718b5f8b00f5951a43e2e6beec0200a\n>start {\"formatid\":\"gen7randombattle\",\"seed\":[58981,58663,21991,35703],\"rated\":\"Rated battle\"}\n>player p1 {\"name\":\"Cnnblt\",\"avatar\":\"102\",\"team\":\"\",\"seed\":[40608,26987,25814,63984]}\n>player p2 {\"name\":\"comp233\",\"avatar\":\"115\",\"team\":\"\",\"seed\":[39744,29586,57036,54024]}\n>p1 move calmmind\n>p2 move yawn\n>p1 switch 3\n>p2 move yawn\n>p1 switch 2\n>p2 switch 5\n>p1 move calmmind\n>p2 switch 6\n>p1 move reflect\n>p2 move stoneedge\n>p1 move psychic\n>p2 move swordsdance\n>p1 move psychic\n>p2 switch 6\n>p1 move calmmind\n>p2 move voltswitch\n>p2 switch 3\n>p1 switch 6\n>p2 move icebeam\n>p1 move spacialrend\n>p2 switch 5\n>p1 move dracometeor\n>p2 move painsplit\n>p2 switch 6\n>p1 switch 6\n>p2 move precipiceblades\n>p1 switch 5\n>p2 move stoneedge\n>p1 move closecombat\n>p2 move precipiceblades\n>p2 switch 3\n>p1 switch 5\n>p2 move voltswitch\n>p2 switch 5\n>p1 switch 6\n>p2 move icebeam\n>p1 move dracometeor\n>p2 move icebeam\n>p1 move spacialrend\n>p2 move icebeam\n>p1 move dracometeor\n>p2 move icebeam\n>p1 switch 3\n>p1 move calmmind\n>p2 switch 5\n>p1 switch 6\n>p2 move stealthrock\n>p1 move heatwave\n>p2 move voltswitch\n>p2 switch 5\n>p1 switch 5\n>p2 move icebeam\n>p1 move closecombat\n>p2 switch 4\n>p1 move gunkshot\n>p2 move quiverdance\n>p1 switch 4\n>p2 move bugbuzz\n>p1 move knockoff\n>p2 move bugbuzz\n>p1 switch 6\n>p1 move calmmind\n>p2 move hurricane\n>p1 move psyshock\n>p2 move hurricane\n>p1 move psyshock\n>p2 move hurricane\n>p2 switch 4\n>p1 move hypervoice\n>p2 move icebeam\n>p1 switch 4\n>p1 move closecombat\n>p2 move outrage\n>p2 switch 2\n>p1 move closecombat\n>p2 move thunderbolt","uploadtime":1555109603,"views":3,"p1id":"cnnblt","p2id":"comp233","formatid":"gen7randombattle","rating":0,"private":0,"password":null}