{"id":"gen7ou-899442586","p1":"agodamongallmen","p2":"ghecisbestvillain","format":"gen7ou","log":"|j|\u2606agodamongallmen\n|j|\u2606ghecisbestvillain\n|player|p1|agodamongallmen|1\n|player|p2|ghecisbestvillain|87\n|teamsize|p1|6\n|teamsize|p2|6\n|gametype|singles\n|gen|7\n|tier|[Gen 7] OU\n|rated|\n|rule|Sleep Clause Mod: Limit one foe put to sleep\n|rule|Species Clause: Limit one of each Pok\u00e9mon\n|rule|OHKO Clause: OHKO moves are banned\n|rule|Moody Clause: Moody is banned\n|rule|Evasion Moves Clause: Evasion moves are banned\n|rule|Endless Battle Clause: Forcing endless battles is banned\n|rule|HP Percentage Mod: HP is shown in percentages\n|clearpoke\n|poke|p1|Garchomp, F|item\n|poke|p1|Hippowdon, F|item\n|poke|p1|Excadrill, M|item\n|poke|p1|Ferrothorn, F|item\n|poke|p1|Keldeo-Resolute|item\n|poke|p1|Tornadus-Therian, M|item\n|poke|p2|Hawlucha, M|item\n|poke|p2|Clefable, F|item\n|poke|p2|Charizard, M|item\n|poke|p2|Tapu Koko|item\n|poke|p2|Magearna|item\n|poke|p2|Kyurem-Black|item\n|teampreview\n|inactive|Battle timer is ON: inactive players will automatically lose when time's up. (requested by ghecisbestvillain)\n|\n|start\n|switch|p1a: Keldeo|Keldeo-Resolute|100\/100\n|switch|p2a: Tapu Koko|Tapu Koko|100\/100\n|-fieldstart|move: Electric Terrain|[from] ability: Electric Surge|[of] p2a: Tapu Koko\n|turn|1\n|\n|switch|p1a: Hippowdon|Hippowdon, F|100\/100\n|-weather|Sandstorm|[from] ability: Sand Stream|[of] p1a: Hippowdon\n|move|p2a: Tapu Koko|Light Screen|p2a: Tapu Koko\n|-sidestart|p2: ghecisbestvillain|move: Light Screen\n|\n|-weather|Sandstorm|[upkeep]\n|-damage|p2a: Tapu Koko|94\/100|[from] Sandstorm\n|upkeep\n|turn|2\n|\n|move|p2a: Tapu Koko|Taunt|p1a: Hippowdon\n|-start|p1a: Hippowdon|move: Taunt\n|cant|p1a: Hippowdon|move: Taunt|Stealth Rock\n|\n|-weather|Sandstorm|[upkeep]\n|-damage|p2a: Tapu Koko|88\/100|[from] Sandstorm\n|upkeep\n|turn|3\n|\n|switch|p2a: Hawlucha|Hawlucha, M|100\/100\n|-enditem|p2a: Hawlucha|Electric Seed\n|-boost|p2a: Hawlucha|def|1\n|switch|p1a: Excadrill|Excadrill, M|100\/100\n|\n|-weather|Sandstorm|[upkeep]\n|-damage|p2a: Hawlucha|94\/100|[from] Sandstorm\n|upkeep\n|turn|4\n|\n|-zpower|p1a: Excadrill\n|move|p1a: Excadrill|Corkscrew Crash|p2a: Hawlucha|[zeffect]\n|-damage|p2a: Hawlucha|7\/100\n|move|p2a: Hawlucha|Swords Dance|p2a: Hawlucha\n|-boost|p2a: Hawlucha|atk|2\n|\n|-weather|Sandstorm|[upkeep]\n|-damage|p2a: Hawlucha|1\/100|[from] Sandstorm\n|upkeep\n|turn|5\n|\n|switch|p1a: Tornadus|Tornadus-Therian, M|100\/100\n|move|p2a: Hawlucha|Drain Punch|p1a: Tornadus\n|-resisted|p1a: Tornadus\n|-damage|p1a: Tornadus|65\/100\n|-heal|p2a: Hawlucha|23\/100|[from] drain|[of] p1a: Tornadus\n|-damage|p2a: Hawlucha|6\/100|[from] item: Rocky Helmet|[of] p1a: Tornadus\n|\n|-weather|none\n|-fieldend|move: Electric Terrain\n|upkeep\n|turn|6\n|\n|switch|p1a: Hippowdon|Hippowdon, F|100\/100\n|-weather|Sandstorm|[from] ability: Sand Stream|[of] p1a: Hippowdon\n|move|p2a: Hawlucha|Acrobatics|p1a: Hippowdon\n|-damage|p1a: Hippowdon|44\/100\n|\n|-weather|Sandstorm|[upkeep]\n|-damage|p2a: Hawlucha|0 fnt|[from] Sandstorm\n|faint|p2a: Hawlucha\n|-heal|p1a: Hippowdon|50\/100|[from] item: Leftovers\n|upkeep\n|\n|switch|p2a: Kyurem|Kyurem-Black|100\/100\n|-ability|p2a: Kyurem|Teravolt\n|turn|7\n|inactive|agodamongallmen has 120 seconds left.\n|\n|move|p2a: Kyurem|Ice Beam|p1a: Hippowdon\n|-supereffective|p1a: Hippowdon\n|-crit|p1a: Hippowdon\n|-damage|p1a: Hippowdon|0 fnt\n|-damage|p2a: Kyurem|91\/100|[from] item: Life Orb\n|faint|p1a: Hippowdon\n|\n|-weather|Sandstorm|[upkeep]\n|-damage|p2a: Kyurem|84\/100|[from] Sandstorm\n|upkeep\n|\n|switch|p1a: Garchomp|Garchomp, F|100\/100\n|turn|8\n|\n|switch|p2a: Tapu Koko|Tapu Koko|88\/100\n|-fieldstart|move: Electric Terrain|[from] ability: Electric Surge|[of] p2a: Tapu Koko\n|move|p1a: Garchomp|Dragon Claw|p2a: Tapu Koko\n|-immune|p2a: Tapu Koko\n|\n|-weather|Sandstorm|[upkeep]\n|-damage|p2a: Tapu Koko|82\/100|[from] Sandstorm\n|-sideend|p2: ghecisbestvillain|move: Light Screen\n|upkeep\n|turn|9\n|\n|move|p2a: Tapu Koko|Reflect|p2a: Tapu Koko\n|-sidestart|p2: ghecisbestvillain|Reflect\n|move|p1a: Garchomp|Swords Dance|p1a: Garchomp\n|-boost|p1a: Garchomp|atk|2\n|\n|-weather|Sandstorm|[upkeep]\n|-damage|p2a: Tapu Koko|76\/100|[from] Sandstorm\n|upkeep\n|turn|10\n|\n|move|p2a: Tapu Koko|Taunt|p1a: Garchomp\n|-start|p1a: Garchomp|move: Taunt\n|cant|p1a: Garchomp|move: Taunt|Swords Dance\n|\n|-weather|none\n|upkeep\n|turn|11\n|\n|switch|p2a: Charizard|Charizard, M|100\/100\n|move|p1a: Garchomp|Earthquake|p2a: Charizard\n|-immune|p2a: Charizard\n|\n|upkeep\n|turn|12\n|\n|move|p1a: Garchomp|Stone Edge|p2a: Charizard\n|-supereffective|p2a: Charizard\n|-damage|p2a: Charizard|0 fnt\n|faint|p2a: Charizard\n|\n|-end|p1a: Garchomp|move: Taunt\n|-fieldend|move: Electric Terrain\n|upkeep\n|\n|switch|p2a: Kyurem|Kyurem-Black|84\/100\n|-ability|p2a: Kyurem|Teravolt\n|turn|13\n|\n|move|p1a: Garchomp|Dragon Claw|p2a: Kyurem\n|-supereffective|p2a: Kyurem\n|-damage|p2a: Kyurem|27\/100\n|move|p2a: Kyurem|Ice Beam|p1a: Garchomp\n|-supereffective|p1a: Garchomp\n|-damage|p1a: Garchomp|0 fnt\n|-damage|p2a: Kyurem|17\/100|[from] item: Life Orb\n|faint|p1a: Garchomp\n|\n|upkeep\n|\n|switch|p1a: Keldeo|Keldeo-Resolute|100\/100\n|turn|14\n|\n|move|p1a: Keldeo|Scald|p2a: Kyurem\n|-resisted|p2a: Kyurem\n|-damage|p2a: Kyurem|0 fnt\n|faint|p2a: Kyurem\n|\n|upkeep\n|\n|switch|p2a: Clefable|Clefable, F|100\/100\n|turn|15\n|\n|switch|p1a: Ferrothorn|Ferrothorn, F|100\/100\n|move|p2a: Clefable|Cosmic Power|p2a: Clefable\n|-boost|p2a: Clefable|def|1\n|-boost|p2a: Clefable|spd|1\n|\n|upkeep\n|turn|16\n|\n|move|p2a: Clefable|Cosmic Power|p2a: Clefable\n|-boost|p2a: Clefable|def|1\n|-boost|p2a: Clefable|spd|1\n|move|p1a: Ferrothorn|Thunder Wave|p2a: Clefable\n|-status|p2a: Clefable|par\n|\n|-sideend|p2: ghecisbestvillain|Reflect\n|upkeep\n|turn|17\n|\n|switch|p1a: Excadrill|Excadrill, M|100\/100\n|cant|p2a: Clefable|par\n|\n|upkeep\n|turn|18\n|\n|switch|p1a: Keldeo|Keldeo-Resolute|100\/100\n|move|p2a: Clefable|Cosmic Power|p2a: Clefable\n|-boost|p2a: Clefable|def|1\n|-boost|p2a: Clefable|spd|1\n|\n|upkeep\n|turn|19\n|\n|switch|p1a: Excadrill|Excadrill, M|100\/100\n|cant|p2a: Clefable|par\n|\n|upkeep\n|turn|20\n|\n|move|p1a: Excadrill|Swords Dance|p1a: Excadrill\n|-boost|p1a: Excadrill|atk|2\n|move|p2a: Clefable|Cosmic Power|p2a: Clefable\n|-boost|p2a: Clefable|def|1\n|-boost|p2a: Clefable|spd|1\n|\n|upkeep\n|turn|21\n|\n|move|p1a: Excadrill|Swords Dance|p1a: Excadrill\n|-boost|p1a: Excadrill|atk|2\n|cant|p2a: Clefable|par\n|\n|upkeep\n|turn|22\n|\n|move|p1a: Excadrill|Swords Dance|p1a: Excadrill\n|-boost|p1a: Excadrill|atk|2\n|move|p2a: Clefable|Stored Power|p1a: Excadrill\n|-resisted|p1a: Excadrill\n|-damage|p1a: Excadrill|73\/100\n|\n|upkeep\n|turn|23\n|\n|move|p1a: Excadrill|Iron Head|p2a: Clefable\n|-supereffective|p2a: Clefable\n|-damage|p2a: Clefable|5\/100 par\n|cant|p2a: Clefable|flinch\n|\n|-heal|p2a: Clefable|11\/100 par|[from] item: Leftovers\n|upkeep\n|turn|24\n|\n|move|p1a: Excadrill|Iron Head|p2a: Clefable\n|-supereffective|p2a: Clefable\n|-damage|p2a: Clefable|0 fnt\n|faint|p2a: Clefable\n|\n|upkeep\n|-message|ghecisbestvillain forfeited.\n|\n|win|agodamongallmen\n|l|\u2606ghecisbestvillain\n","uploadtime":1556292708,"views":17,"p1id":"agodamongallmen","p2id":"ghecisbestvillain","formatid":"gen7ou","rating":0,"private":0,"password":null}