{"id":"gen7ou-1285057119","p1":"Gurtrant","p2":"Jfsosa10","format":"gen7ou","log":"|j|\u2606Gurtrant\n|j|\u2606Jfsosa10\n|t:|1613668595\n|player|p1|Gurtrant|238|1644\n|player|p2|Jfsosa10|87|1725\n|teamsize|p1|6\n|teamsize|p2|6\n|gametype|singles\n|gen|7\n|tier|[Gen 7] OU\n|rated|\n|clearpoke\n|poke|p1|Tapu Koko|item\n|poke|p1|Hawlucha, M|item\n|poke|p1|Victini|item\n|poke|p1|Tyranitar, F|item\n|poke|p1|Gliscor, F|item\n|poke|p1|Ferrothorn, F|item\n|poke|p2|Houndoom, M|item\n|poke|p2|Garchomp, M|item\n|poke|p2|Keldeo|item\n|poke|p2|Ferrothorn, F|item\n|poke|p2|Greninja, M|item\n|poke|p2|Zapdos|item\n|rule|Sleep Clause Mod: Limit one foe put to sleep\n|rule|Species Clause: Limit one of each Pok\u00e9mon\n|rule|OHKO Clause: OHKO moves are banned\n|rule|Moody Clause: Moody is banned\n|rule|Evasion Moves Clause: Evasion moves are banned\n|rule|Endless Battle Clause: Forcing endless battles is banned\n|rule|HP Percentage Mod: HP is shown in percentages\n|teampreview\n|inactive|Battle timer is ON: inactive players will automatically lose when time's up. (requested by Gurtrant)\n|\n|t:|1613668606\n|start\n|switch|p1a: Tapu Koko|Tapu Koko|100\/100\n|switch|p2a: Greninja|Greninja, M|100\/100\n|-fieldstart|move: Electric Terrain|[from] ability: Electric Surge|[of] p1a: Tapu Koko\n|turn|1\n|inactive|Gurtrant has 120 seconds left.\n|\n|t:|1613668643\n|switch|p1a: Ferrothorn|Ferrothorn, F|100\/100\n|move|p2a: Greninja|Toxic Spikes|p1a: Ferrothorn\n|-start|p2a: Greninja|typechange|Poison|[from] ability: Protean\n|-sidestart|p1: Gurtrant|move: Toxic Spikes\n|\n|upkeep\n|turn|2\n|inactive|Gurtrant has 120 seconds left.\n|\n|t:|1613668653\n|switch|p2a: Keldeo|Keldeo|100\/100\n|move|p1a: Ferrothorn|Leech Seed|p2a: Keldeo\n|-start|p2a: Keldeo|move: Leech Seed\n|\n|-damage|p2a: Keldeo|88\/100|[from] Leech Seed|[of] p1a: Ferrothorn\n|upkeep\n|turn|3\n|inactive|Gurtrant has 120 seconds left.\n|\n|t:|1613668664\n|move|p1a: Ferrothorn|Protect|p1a: Ferrothorn\n|-singleturn|p1a: Ferrothorn|Protect\n|move|p2a: Keldeo|Secret Sword|p1a: Ferrothorn\n|-activate|p1a: Ferrothorn|move: Protect\n|\n|-heal|p2a: Keldeo|94\/100|[from] item: Leftovers\n|-damage|p2a: Keldeo|82\/100|[from] Leech Seed|[of] p1a: Ferrothorn\n|upkeep\n|turn|4\n|inactive|Gurtrant has 120 seconds left.\n|\n|t:|1613668679\n|move|p2a: Keldeo|Secret Sword|p1a: Ferrothorn\n|-supereffective|p1a: Ferrothorn\n|-damage|p1a: Ferrothorn|37\/100\n|move|p1a: Ferrothorn|Spikes|p2a: Keldeo\n|-sidestart|p2: Jfsosa10|Spikes\n|\n|-heal|p2a: Keldeo|88\/100|[from] item: Leftovers\n|-heal|p1a: Ferrothorn|44\/100|[from] item: Leftovers\n|-damage|p2a: Keldeo|76\/100|[from] Leech Seed|[of] p1a: Ferrothorn\n|-heal|p1a: Ferrothorn|55\/100|[silent]\n|upkeep\n|turn|5\n|inactive|Gurtrant has 120 seconds left.\n|\n|t:|1613668687\n|move|p1a: Ferrothorn|Protect|p1a: Ferrothorn\n|-singleturn|p1a: Ferrothorn|Protect\n|move|p2a: Keldeo|Calm Mind|p2a: Keldeo\n|-boost|p2a: Keldeo|spa|1\n|-boost|p2a: Keldeo|spd|1\n|\n|-heal|p2a: Keldeo|82\/100|[from] item: Leftovers\n|-heal|p1a: Ferrothorn|61\/100|[from] item: Leftovers\n|-damage|p2a: Keldeo|70\/100|[from] Leech Seed|[of] p1a: Ferrothorn\n|-heal|p1a: Ferrothorn|73\/100|[silent]\n|-fieldend|move: Electric Terrain\n|upkeep\n|turn|6\n|\n|t:|1613668693\n|move|p2a: Keldeo|Secret Sword|p1a: Ferrothorn\n|-supereffective|p1a: Ferrothorn\n|-damage|p1a: Ferrothorn|0 fnt\n|faint|p1a: Ferrothorn\n|\n|-heal|p2a: Keldeo|76\/100|[from] item: Leftovers\n|upkeep\n|\n|t:|1613668696\n|switch|p1a: Tapu Koko|Tapu Koko|100\/100\n|-status|p1a: Tapu Koko|psn\n|-fieldstart|move: Electric Terrain|[from] ability: Electric Surge|[of] p1a: Tapu Koko\n|turn|7\n|\n|t:|1613668704\n|switch|p2a: Ferrothorn|Ferrothorn, F, shiny|100\/100\n|-damage|p2a: Ferrothorn|88\/100|[from] Spikes\n|move|p1a: Tapu Koko|Dazzling Gleam|p2a: Ferrothorn\n|-resisted|p2a: Ferrothorn\n|-damage|p2a: Ferrothorn|72\/100\n|\n|-heal|p2a: Ferrothorn|78\/100|[from] item: Leftovers\n|-damage|p1a: Tapu Koko|88\/100 psn|[from] psn\n|upkeep\n|turn|8\n|inactive|Gurtrant has 120 seconds left.\n|\n|t:|1613668742\n|switch|p1a: Gliscor|Gliscor, F|100\/100\n|move|p2a: Ferrothorn|Leech Seed|p1a: Gliscor\n|-start|p1a: Gliscor|move: Leech Seed\n|\n|-heal|p2a: Ferrothorn|84\/100|[from] item: Leftovers\n|-damage|p1a: Gliscor|88\/100|[from] Leech Seed|[of] p2a: Ferrothorn\n|-heal|p2a: Ferrothorn|97\/100|[silent]\n|-status|p1a: Gliscor|tox|[from] item: Toxic Orb\n|upkeep\n|turn|9\n|\n|t:|1613668747\n|switch|p2a: Keldeo|Keldeo|76\/100\n|-damage|p2a: Keldeo|63\/100|[from] Spikes\n|move|p1a: Gliscor|Defog|p2a: Keldeo\n|-unboost|p2a: Keldeo|evasion|1\n|-sideend|p2: Jfsosa10|Spikes|[from] move: Defog|[of] p1a: Gliscor\n|-sideend|p1: Gurtrant|Toxic Spikes|[from] move: Defog|[of] p1a: Gliscor\n|\n|-heal|p2a: Keldeo|70\/100|[from] item: Leftovers\n|-damage|p1a: Gliscor|75\/100 tox|[from] Leech Seed|[of] p2a: Keldeo\n|-heal|p2a: Keldeo|83\/100|[silent]\n|-heal|p1a: Gliscor|88\/100 tox|[from] ability: Poison Heal\n|upkeep\n|turn|10\n|inactive|Gurtrant has 120 seconds left.\n|inactive|Gurtrant has 90 seconds left.\n|\n|t:|1613668803\n|switch|p1a: Tapu Koko|Tapu Koko|88\/100 psn\n|move|p2a: Keldeo|Scald|p1a: Tapu Koko\n|-damage|p1a: Tapu Koko|25\/100 psn\n|\n|-heal|p2a: Keldeo|89\/100|[from] item: Leftovers\n|-damage|p1a: Tapu Koko|13\/100 psn|[from] psn\n|upkeep\n|turn|11\n|\n|t:|1613668813\n|switch|p2a: Garchomp|Garchomp, M, shiny|100\/100\n|move|p1a: Tapu Koko|Volt Switch|p2a: Garchomp\n|-immune|p2a: Garchomp\n|\n|-damage|p1a: Tapu Koko|0 fnt|[from] psn\n|faint|p1a: Tapu Koko\n|-fieldend|move: Electric Terrain\n|upkeep\n|-message|Gurtrant forfeited.\n|\n|win|Jfsosa10\n|l|\u2606Gurtrant\n||Ladder (probably) updated, but score could not be retrieved (Request timeout).\n","uploadtime":1613668825,"views":3,"p1id":"gurtrant","p2id":"jfsosa10","formatid":"gen7ou","rating":0,"private":0,"password":null}