{"id":"gen7ou-765917097","p1":"Worstsetsever","p2":"lzaaaaa","format":"gen7ou","log":"|j|\u2606Worstsetsever\n|j|\u2606lzaaaaa\n|player|p1|Worstsetsever|1\n|player|p2|lzaaaaa|1\n|teamsize|p1|6\n|teamsize|p2|6\n|gametype|singles\n|gen|7\n|tier|[Gen 7] OU\n|rated|\n|rule|Sleep Clause Mod: Limit one foe put to sleep\n|rule|Species Clause: Limit one of each Pok\u00e9mon\n|rule|OHKO Clause: OHKO moves are banned\n|rule|Moody Clause: Moody is banned\n|rule|Evasion Moves Clause: Evasion moves are banned\n|rule|Endless Battle Clause: Forcing endless battles is banned\n|rule|HP Percentage Mod: HP is shown in percentages\n|clearpoke\n|poke|p1|Heatran, F|item\n|poke|p1|Landorus-Therian, M|item\n|poke|p1|Tangrowth, M|item\n|poke|p1|Charizard, F|item\n|poke|p1|Tapu Koko|item\n|poke|p1|Greninja, M|item\n|poke|p2|Landorus-Therian, M|item\n|poke|p2|Zygarde|item\n|poke|p2|Tapu Fini|item\n|poke|p2|Jirachi|item\n|poke|p2|Heracross, F|item\n|poke|p2|Blacephalon|item\n|teampreview\n|inactive|Battle timer is ON: inactive players will automatically lose when time's up. (requested by Worstsetsever)\n|inactive|Worstsetsever has 135 seconds left.\n|\n|start\n|switch|p1a: Tapu Koko|Tapu Koko|100\/100\n|switch|p2a: Jirachi|Jirachi|100\/100\n|-fieldstart|move: Electric Terrain|[from] ability: Electric Surge|[of] p1a: Tapu Koko\n|turn|1\n|\n|move|p1a: Tapu Koko|Volt Switch|p2a: Jirachi\n|-damage|p2a: Jirachi|61\/100\n|\n|switch|p1a: Charizard|Charizard, F|100\/100\n|move|p2a: Jirachi|Stealth Rock|p1a: Charizard\n|-sidestart|p1: Worstsetsever|move: Stealth Rock\n|\n|-heal|p2a: Jirachi|67\/100|[from] item: Leftovers\n|upkeep\n|turn|2\n|\n|switch|p2a: Tapu Fini|Tapu Fini|100\/100\n|-fieldstart|move: Misty Terrain|[from] ability: Misty Surge|[of] p2a: Tapu Fini\n|detailschange|p1a: Charizard|Charizard-Mega-X, F\n|-mega|p1a: Charizard|Charizard|Charizardite X\n|move|p1a: Charizard|Fire Punch|p2a: Tapu Fini\n|-resisted|p2a: Tapu Fini\n|-damage|p2a: Tapu Fini|80\/100\n|\n|-heal|p2a: Tapu Fini|86\/100|[from] item: Leftovers\n|upkeep\n|turn|3\n|inactive|Worstsetsever has 135 seconds left.\n|\n|move|p1a: Charizard|Earthquake|p2a: Tapu Fini\n|-damage|p2a: Tapu Fini|59\/100\n|move|p2a: Tapu Fini|Nature's Madness|p1a: Charizard\n|-damage|p1a: Charizard|51\/100\n|\n|-heal|p2a: Tapu Fini|65\/100|[from] item: Leftovers\n|upkeep\n|turn|4\n|j| I could be 1500s\n|\n|switch|p1a: Tapu Koko|Tapu Koko|100\/100\n|-damage|p1a: Tapu Koko|88\/100|[from] Stealth Rock\n|-fieldstart|move: Electric Terrain|[from] ability: Electric Surge|[of] p1a: Tapu Koko\n|switch|p2a: Landorus|Landorus-Therian, M|100\/100\n|-ability|p2a: Landorus|Intimidate|boost\n|-unboost|p1a: Tapu Koko|atk|1\n|\n|upkeep\n|turn|5\n|\n|move|p2a: Landorus|U-turn|p1a: Tapu Koko\n|-resisted|p1a: Tapu Koko\n|-damage|p1a: Tapu Koko|71\/100\n|\n|switch|p2a: Jirachi|Jirachi|67\/100\n|move|p1a: Tapu Koko|Hidden Power|p2a: Jirachi\n|-resisted|p2a: Jirachi\n|-damage|p2a: Jirachi|59\/100\n|\n|-heal|p2a: Jirachi|65\/100|[from] item: Leftovers\n|upkeep\n|turn|6\n|\n|switch|p1a: Landorus|Landorus-Therian, M|100\/100\n|-damage|p1a: Landorus|88\/100|[from] Stealth Rock\n|-ability|p1a: Landorus|Intimidate|boost\n|-unboost|p2a: Jirachi|atk|1\n|switch|p2a: Blacephalon|Blacephalon|100\/100\n|\n|upkeep\n|turn|7\n|\n|switch|p2a: Landorus|Landorus-Therian, M|100\/100\n|-ability|p2a: Landorus|Intimidate|boost\n|-unboost|p1a: Landorus|atk|1\n|switch|p1a: Greninja|Greninja, M|100\/100\n|-damage|p1a: Greninja|88\/100|[from] Stealth Rock\n|\n|upkeep\n|turn|8\n|\n|move|p1a: Greninja|Ice Beam|p2a: Landorus\n|-start|p1a: Greninja|typechange|Ice|[from] Protean\n|-supereffective|p2a: Landorus\n|-damage|p2a: Landorus|0 fnt\n|faint|p2a: Landorus\n|\n|-fieldend|move: Electric Terrain\n|upkeep\n|\n|switch|p2a: Blacephalon|Blacephalon|100\/100\n|turn|9\n|\n|switch|p1a: Heatran|Heatran, F|100\/100\n|-damage|p1a: Heatran|88\/100|[from] Stealth Rock\n|move|p2a: Blacephalon|Calm Mind|p2a: Blacephalon\n|-boost|p2a: Blacephalon|spa|1\n|-boost|p2a: Blacephalon|spd|1\n|\n|-heal|p1a: Heatran|94\/100|[from] item: Leftovers\n|upkeep\n|turn|10\n|\n|move|p2a: Blacephalon|Calm Mind|p2a: Blacephalon\n|-boost|p2a: Blacephalon|spa|1\n|-boost|p2a: Blacephalon|spd|1\n|move|p1a: Heatran|Taunt|p2a: Blacephalon\n|-start|p2a: Blacephalon|move: Taunt\n|\n|-heal|p1a: Heatran|100\/100|[from] item: Leftovers\n|upkeep\n|turn|11\n|\n|move|p2a: Blacephalon|Shadow Ball|p1a: Heatran\n|-damage|p1a: Heatran|36\/100\n|move|p1a: Heatran|Earth Power|p2a: Blacephalon\n|-supereffective|p2a: Blacephalon\n|-damage|p2a: Blacephalon|68\/100\n|\n|-heal|p1a: Heatran|43\/100|[from] item: Leftovers\n|upkeep\n|turn|12\n|inactive|Worstsetsever has 135 seconds left.\n|\n|move|p2a: Blacephalon|Shadow Ball|p1a: Heatran\n|-damage|p1a: Heatran|0 fnt\n|faint|p1a: Heatran\n|-ability|p2a: Blacephalon|Beast Boost|boost\n|-boost|p2a: Blacephalon|spe|1\n|\n|upkeep\n|\n|switch|p1a: Greninja|Greninja, M|88\/100\n|-damage|p1a: Greninja|76\/100|[from] Stealth Rock\n|turn|13\n|\n|switch|p2a: Jirachi|Jirachi|65\/100\n|move|p1a: Greninja|U-turn|p2a: Jirachi\n|-start|p1a: Greninja|typechange|Bug|[from] Protean\n|-damage|p2a: Jirachi|39\/100\n|\n|switch|p1a: Landorus|Landorus-Therian, M|88\/100\n|-damage|p1a: Landorus|76\/100|[from] Stealth Rock\n|-ability|p1a: Landorus|Intimidate|boost\n|-unboost|p2a: Jirachi|atk|1\n|\n|-heal|p2a: Jirachi|45\/100|[from] item: Leftovers\n|upkeep\n|turn|14\n|\n|move|p2a: Jirachi|Wish|p2a: Jirachi\n|move|p1a: Landorus|Earthquake|p2a: Jirachi\n|-supereffective|p2a: Jirachi\n|-damage|p2a: Jirachi|0 fnt\n|faint|p2a: Jirachi\n|\n|upkeep\n|\n|switch|p2a: Blacephalon|Blacephalon|68\/100\n|turn|15\n|\n|-zpower|p2a: Blacephalon\n|move|p2a: Blacephalon|Never-Ending Nightmare|p1a: Landorus|[zeffect]\n|-damage|p1a: Landorus|0 fnt\n|faint|p1a: Landorus\n|-ability|p2a: Blacephalon|Beast Boost|boost\n|-boost|p2a: Blacephalon|spe|1\n|\n|-heal|p2a: Blacephalon|100\/100|[from] move: Wish|[wisher] Jirachi\n|upkeep\n|inactive|Worstsetsever has 135 seconds left.\n|\n|switch|p1a: Tangrowth|Tangrowth, M|100\/100\n|-damage|p1a: Tangrowth|88\/100|[from] Stealth Rock\n|turn|16\n|\n|move|p2a: Blacephalon|Flamethrower|p1a: Tangrowth\n|-supereffective|p1a: Tangrowth\n|-damage|p1a: Tangrowth|30\/100\n|move|p1a: Tangrowth|Knock Off|p2a: Blacephalon\n|-supereffective|p2a: Blacephalon\n|-damage|p2a: Blacephalon|43\/100\n|\n|upkeep\n|turn|17\n|inactive|Worstsetsever has 135 seconds left.\n|\n|move|p2a: Blacephalon|Flamethrower|p1a: Tangrowth\n|-supereffective|p1a: Tangrowth\n|-damage|p1a: Tangrowth|0 fnt\n|faint|p1a: Tangrowth\n|-ability|p2a: Blacephalon|Beast Boost|boost\n|-boost|p2a: Blacephalon|spe|1\n|\n|upkeep\n|\n|switch|p1a: Greninja|Greninja, M|76\/100\n|-damage|p1a: Greninja|64\/100|[from] Stealth Rock\n|turn|18\n|\n|move|p2a: Blacephalon|Shadow Ball|p1a: Greninja\n|-resisted|p1a: Greninja\n|-damage|p1a: Greninja|26\/100\n|move|p1a: Greninja|Gunk Shot|p2a: Blacephalon\n|-start|p1a: Greninja|typechange|Poison|[from] Protean\n|-resisted|p2a: Blacephalon\n|-damage|p2a: Blacephalon|0 fnt\n|faint|p2a: Blacephalon\n|\n|upkeep\n|\n|switch|p2a: Zygarde|Zygarde|100\/100\n|-ability|p2a: Zygarde|Aura Break\n|turn|19\n|\n|switch|p1a: Charizard|Charizard-Mega-X, F|51\/100\n|-damage|p1a: Charizard|26\/100|[from] Stealth Rock\n|move|p2a: Zygarde|Dragon Dance|p2a: Zygarde\n|-boost|p2a: Zygarde|atk|1\n|-boost|p2a: Zygarde|spe|1\n|\n|upkeep\n|turn|20\n|\n|move|p2a: Zygarde|Thousand Arrows|p1a: Charizard\n|-supereffective|p1a: Charizard\n|-damage|p1a: Charizard|0 fnt\n|faint|p1a: Charizard\n|\n|upkeep\n|\n|switch|p1a: Greninja|Greninja, M|26\/100\n|-damage|p1a: Greninja|13\/100|[from] Stealth Rock\n|turn|21\n|\n|switch|p2a: Tapu Fini|Tapu Fini|65\/100\n|-fieldstart|move: Misty Terrain|[from] ability: Misty Surge|[of] p2a: Tapu Fini\n|move|p1a: Greninja|Ice Beam|p2a: Tapu Fini\n|-start|p1a: Greninja|typechange|Ice|[from] Protean\n|-resisted|p2a: Tapu Fini\n|-damage|p2a: Tapu Fini|53\/100\n|\n|-heal|p2a: Tapu Fini|59\/100|[from] item: Leftovers\n|upkeep\n|turn|22\n|inactive|Worstsetsever has 135 seconds left.\n|\n|move|p1a: Greninja|Ice Beam|p2a: Tapu Fini\n|-resisted|p2a: Tapu Fini\n|-damage|p2a: Tapu Fini|46\/100\n|move|p2a: Tapu Fini|Moonblast|p1a: Greninja\n|-damage|p1a: Greninja|0 fnt\n|faint|p1a: Greninja\n|\n|-heal|p2a: Tapu Fini|52\/100|[from] item: Leftovers\n|upkeep\n|\n|switch|p1a: Tapu Koko|Tapu Koko|71\/100\n|-damage|p1a: Tapu Koko|59\/100|[from] Stealth Rock\n|-fieldstart|move: Electric Terrain|[from] ability: Electric Surge|[of] p1a: Tapu Koko\n|turn|23\n|\n|move|p1a: Tapu Koko|Dazzling Gleam|p2a: Tapu Fini\n|-damage|p2a: Tapu Fini|13\/100\n|move|p2a: Tapu Fini|Moonblast|p1a: Tapu Koko\n|-damage|p1a: Tapu Koko|5\/100\n|\n|-heal|p2a: Tapu Fini|19\/100|[from] item: Leftovers\n|upkeep\n|turn|24\n|j| starmind\n|\n|move|p1a: Tapu Koko|Dazzling Gleam|p2a: Tapu Fini\n|-damage|p2a: Tapu Fini|0 fnt\n|faint|p2a: Tapu Fini\n|\n|upkeep\n|\n|switch|p2a: Zygarde|Zygarde|100\/100\n|-ability|p2a: Zygarde|Aura Break\n|turn|25\n|\n|move|p1a: Tapu Koko|Dazzling Gleam|p2a: Zygarde\n|-supereffective|p2a: Zygarde\n|-damage|p2a: Zygarde|9\/100\n|move|p2a: Zygarde|Thousand Arrows|p1a: Tapu Koko\n|-supereffective|p1a: Tapu Koko\n|-damage|p1a: Tapu Koko|0 fnt\n|faint|p1a: Tapu Koko\n|\n|win|lzaaaaa\n|raw|Worstsetsever's rating: 1751 &rarr; <strong>1733<\/strong><br \/>(-18 for losing)\n|raw|lzaaaaa's rating: 1790 &rarr; <strong>1807<\/strong><br \/>(+17 for winning)\n|l|\u2606Worstsetsever\n|l|\u2606lzaaaaa\n|l| starmind\n","inputlog":null,"uploadtime":1529664028,"views":341,"p1id":"worstsetsever","p2id":"lzaaaaa","formatid":"gen7ou","rating":1733,"private":0,"password":null}