{"id":"gen7randombattle-949856475","p1":"kern111","p2":"wolfwarrior","format":"gen7randombattle","log":"|j|\u2606kern111\n|j|\u2606wolfwarrior\n|player|p1|kern111|169|1721\n|player|p2|wolfwarrior|162|1676\n|teamsize|p1|6\n|teamsize|p2|6\n|gametype|singles\n|gen|7\n|tier|[Gen 7] Random Battle\n|rated|\n|rule|Sleep Clause Mod: Limit one foe put to sleep\n|rule|HP Percentage Mod: HP is shown in percentages\n|\n|start\n|switch|p1a: Raticate|Raticate, L89, F|243\/243\n|switch|p2a: Skarmory|Skarmory, L80, M|235\/235\n|turn|1\n|\n|switch|p1a: Rotom|Rotom-Heat, L82|215\/215\n|move|p2a: Skarmory|Whirlwind|p1a: Rotom\n|drag|p1a: Araquanid|Araquanid, L84, M|251\/251\n|\n|upkeep\n|turn|2\n|\n|move|p2a: Skarmory|Stealth Rock|p1a: Araquanid\n|-sidestart|p1: kern111|move: Stealth Rock\n|move|p1a: Araquanid|Sticky Web|p2a: Skarmory\n|-sidestart|p2: wolfwarrior|move: Sticky Web\n|\n|upkeep\n|turn|3\n|\n|move|p1a: Araquanid|Liquidation|p2a: Skarmory\n|-damage|p2a: Skarmory|126\/235\n|move|p2a: Skarmory|Whirlwind|p1a: Araquanid\n|drag|p1a: Rotom|Rotom-Heat, L82|215\/215\n|-damage|p1a: Rotom|162\/215|[from] Stealth Rock\n|\n|-heal|p2a: Skarmory|140\/235|[from] item: Leftovers\n|upkeep\n|turn|4\n|\n|switch|p2a: Kingdra|Kingdra, L85, M|266\/266\n|-activate|p2a: Kingdra|move: Sticky Web\n|-unboost|p2a: Kingdra|spe|1\n|move|p1a: Rotom|Pain Split|p2a: Kingdra\n|-sethp|p2a: Kingdra|214\/266|[from] move: Pain Split|[silent]\n|-sethp|p1a: Rotom|214\/215|[from] move: Pain Split\n|\n|upkeep\n|turn|5\n|\n|move|p1a: Rotom|Volt Switch|p2a: Kingdra\n|-damage|p2a: Kingdra|119\/266\n|-damage|p1a: Rotom|193\/215|[from] item: Life Orb\n|\n|switch|p1a: Raticate|Raticate, L89, F|243\/243\n|-damage|p1a: Raticate|213\/243|[from] Stealth Rock\n|move|p2a: Kingdra|Rain Dance|p2a: Kingdra\n|-weather|RainDance\n|\n|-weather|RainDance|[upkeep]\n|-status|p1a: Raticate|brn|[from] item: Flame Orb\n|upkeep\n|turn|6\n|\n|move|p2a: Kingdra|Waterfall|p1a: Raticate\n|-damage|p1a: Raticate|5\/243 brn\n|-damage|p2a: Kingdra|93\/266|[from] item: Life Orb\n|move|p1a: Raticate|Facade|p2a: Kingdra\n|-crit|p2a: Kingdra\n|-damage|p2a: Kingdra|0 fnt\n|faint|p2a: Kingdra\n|\n|-weather|RainDance|[upkeep]\n|-damage|p1a: Raticate|0 fnt|[from] brn\n|faint|p1a: Raticate\n|upkeep\n|\n|switch|p1a: Araquanid|Araquanid, L84, M|251\/251\n|switch|p2a: Emolga|Emolga, L89, M|243\/243\n|-damage|p1a: Araquanid|189\/251|[from] Stealth Rock\n|turn|7\n|\n|switch|p1a: Druddigon|Druddigon, L86, M|273\/273\n|-damage|p1a: Druddigon|239\/273|[from] Stealth Rock\n|move|p2a: Emolga|Charge Beam|p1a: Druddigon\n|-resisted|p1a: Druddigon\n|-damage|p1a: Druddigon|210\/273\n|-damage|p2a: Emolga|219\/243|[from] item: Life Orb\n|\n|-weather|RainDance|[upkeep]\n|upkeep\n|turn|8\n|\n|switch|p2a: Skarmory|Skarmory, L80, M|140\/235\n|move|p1a: Druddigon|Stealth Rock|p2a: Skarmory\n|-sidestart|p2: wolfwarrior|move: Stealth Rock\n|\n|-weather|RainDance|[upkeep]\n|-heal|p2a: Skarmory|154\/235|[from] item: Leftovers\n|upkeep\n|turn|9\n|\n|move|p1a: Druddigon|Fire Punch|p2a: Skarmory\n|-supereffective|p2a: Skarmory\n|-damage|p2a: Skarmory|79\/235\n|move|p2a: Skarmory|Whirlwind|p1a: Druddigon\n|drag|p1a: Heracross|Heracross, L81, F|262\/262\n|-damage|p1a: Heracross|230\/262|[from] Stealth Rock\n|\n|-weather|none\n|-heal|p2a: Skarmory|93\/235|[from] item: Leftovers\n|upkeep\n|turn|10\n|\n|detailschange|p1a: Heracross|Heracross-Mega, L81, F\n|-mega|p1a: Heracross|Heracross|Heracronite\n|move|p1a: Heracross|Close Combat|p2a: Skarmory\n|-damage|p2a: Skarmory|0 fnt\n|-unboost|p1a: Heracross|def|1\n|-unboost|p1a: Heracross|spd|1\n|faint|p2a: Skarmory\n|\n|upkeep\n|\n|switch|p2a: Emolga|Emolga, L89, M|219\/243\n|-damage|p2a: Emolga|159\/243|[from] Stealth Rock\n|turn|11\n|\n|switch|p1a: Druddigon|Druddigon, L86, M|210\/273\n|-damage|p1a: Druddigon|176\/273|[from] Stealth Rock\n|move|p2a: Emolga|Air Slash|p1a: Druddigon|[miss]\n|-miss|p2a: Emolga|p1a: Druddigon\n|\n|upkeep\n|turn|12\n|\n|switch|p2a: Regirock|Regirock, L88|284\/284\n|-damage|p2a: Regirock|249\/284|[from] Stealth Rock\n|-activate|p2a: Regirock|move: Sticky Web\n|-unboost|p2a: Regirock|spe|1\n|move|p1a: Druddigon|Outrage|p2a: Regirock\n|-damage|p2a: Regirock|139\/284\n|-damage|p1a: Druddigon|149\/273|[from] item: Life Orb\n|\n|upkeep\n|turn|13\n|\n|move|p1a: Druddigon|Outrage|p2a: Regirock|[from]lockedmove\n|-damage|p2a: Regirock|34\/284\n|-damage|p1a: Druddigon|122\/273|[from] item: Life Orb\n|-start|p1a: Druddigon|confusion|[fatigue]\n|move|p2a: Regirock|Rest|p2a: Regirock\n|-status|p2a: Regirock|slp|[from] move: Rest\n|-heal|p2a: Regirock|284\/284 slp|[silent]\n|-enditem|p2a: Regirock|Chesto Berry|[eat]\n|-curestatus|p2a: Regirock|slp|[msg]\n|\n|upkeep\n|turn|14\n|\n|-activate|p1a: Druddigon|confusion\n|move|p1a: Druddigon|Gunk Shot|p2a: Regirock\n|-resisted|p2a: Regirock\n|-damage|p2a: Regirock|239\/284\n|move|p2a: Regirock|Stone Edge|p1a: Druddigon\n|-damage|p1a: Druddigon|11\/273\n|\n|upkeep\n|turn|15\n|\n|-end|p1a: Druddigon|confusion\n|move|p1a: Druddigon|Fire Punch|p2a: Regirock\n|-resisted|p2a: Regirock\n|-damage|p2a: Regirock|214\/284\n|move|p2a: Regirock|Drain Punch|p1a: Druddigon\n|-damage|p1a: Druddigon|0 fnt\n|-heal|p2a: Regirock|220\/284|[from] drain|[of] p1a: Druddigon\n|faint|p1a: Druddigon\n|\n|upkeep\n|\n|switch|p1a: Araquanid|Araquanid, L84, M|189\/251\n|-damage|p1a: Araquanid|127\/251|[from] Stealth Rock\n|turn|16\n|\n|move|p1a: Araquanid|Liquidation|p2a: Regirock\n|-supereffective|p2a: Regirock\n|-damage|p2a: Regirock|80\/284\n|move|p2a: Regirock|Stone Edge|p1a: Araquanid\n|-supereffective|p1a: Araquanid\n|-damage|p1a: Araquanid|0 fnt\n|faint|p1a: Araquanid\n|\n|upkeep\n|\n|switch|p1a: Heracross|Heracross-Mega, L81, F|230\/262\n|-damage|p1a: Heracross|198\/262|[from] Stealth Rock\n|turn|17\n|\n|move|p1a: Heracross|Swords Dance|p1a: Heracross\n|-boost|p1a: Heracross|atk|2\n|move|p2a: Regirock|Stone Edge|p1a: Heracross\n|-crit|p1a: Heracross\n|-damage|p1a: Heracross|45\/262\n|\n|upkeep\n|turn|18\n|\n|move|p1a: Heracross|Close Combat|p2a: Regirock\n|-supereffective|p2a: Regirock\n|-damage|p2a: Regirock|0 fnt\n|-unboost|p1a: Heracross|def|1\n|-unboost|p1a: Heracross|spd|1\n|faint|p2a: Regirock\n|\n|upkeep\n|\n|switch|p2a: Emolga|Emolga, L89, M|159\/243\n|-damage|p2a: Emolga|99\/243|[from] Stealth Rock\n|turn|19\n|\n|move|p2a: Emolga|Charge Beam|p1a: Heracross\n|-damage|p1a: Heracross|0 fnt\n|-boost|p2a: Emolga|spa|1\n|-damage|p2a: Emolga|75\/243|[from] item: Life Orb\n|faint|p1a: Heracross\n|\n|upkeep\n|\n|switch|p1a: Pyroar|Pyroar, L87, M|291\/291\n|-ability|p1a: Pyroar|Unnerve|p2: wolfwarrior\n|-damage|p1a: Pyroar|219\/291|[from] Stealth Rock\n|turn|20\n|\n|move|p1a: Pyroar|Dark Pulse|p2a: Emolga\n|-damage|p2a: Emolga|0 fnt\n|faint|p2a: Emolga\n|\n|upkeep\n|\n|switch|p2a: Kyogre|Kyogre, L78|284\/284\n|-activate|p2a: Kyogre|move: Sticky Web\n|-unboost|p2a: Kyogre|spe|1\n|-damage|p2a: Kyogre|249\/284|[from] Stealth Rock\n|-weather|RainDance|[from] ability: Drizzle|[of] p2a: Kyogre\n|turn|21\n|\n|move|p1a: Pyroar|Sunny Day|p1a: Pyroar\n|-weather|SunnyDay\n|move|p2a: Kyogre|Origin Pulse|p1a: Pyroar\n|-supereffective|p1a: Pyroar\n|-damage|p1a: Pyroar|39\/291\n|\n|-weather|SunnyDay|[upkeep]\n|upkeep\n|turn|22\n|\n|switch|p2a: Alakazam|Alakazam, L80, F|219\/219\n|-activate|p2a: Alakazam|move: Sticky Web\n|-unboost|p2a: Alakazam|spe|1\n|move|p1a: Pyroar|Solar Beam||[still]\n|-prepare|p1a: Pyroar|Solar Beam|p2a: Alakazam\n|-anim|p1a: Pyroar|Solar Beam|p2a: Alakazam\n|-damage|p2a: Alakazam|128\/219\n|\n|-weather|SunnyDay|[upkeep]\n|upkeep\n|turn|23\n|\n|detailschange|p2a: Alakazam|Alakazam-Mega, L80, F\n|-mega|p2a: Alakazam|Alakazam|Alakazite\n|-ability|p2a: Alakazam|Unnerve|[from] ability: Trace|[of] p1a: Pyroar\n|move|p1a: Pyroar|Fire Blast|p2a: Alakazam\n|-damage|p2a: Alakazam|0 fnt\n|faint|p2a: Alakazam\n|\n|-weather|SunnyDay|[upkeep]\n|upkeep\n|\n|switch|p2a: Kyogre|Kyogre, L78|249\/284\n|-damage|p2a: Kyogre|214\/284|[from] Stealth Rock\n|-activate|p2a: Kyogre|move: Sticky Web\n|-unboost|p2a: Kyogre|spe|1\n|-weather|RainDance|[from] ability: Drizzle|[of] p2a: Kyogre\n|turn|24\n|\n|move|p1a: Pyroar|Sunny Day|p1a: Pyroar\n|-weather|SunnyDay\n|move|p2a: Kyogre|Origin Pulse|p1a: Pyroar\n|-supereffective|p1a: Pyroar\n|-damage|p1a: Pyroar|0 fnt\n|faint|p1a: Pyroar\n|\n|-weather|SunnyDay|[upkeep]\n|upkeep\n|\n|switch|p1a: Rotom|Rotom-Heat, L82|193\/215\n|-damage|p1a: Rotom|140\/215|[from] Stealth Rock\n|turn|25\n|\n|move|p1a: Rotom|Volt Switch|p2a: Kyogre\n|-supereffective|p2a: Kyogre\n|-damage|p2a: Kyogre|63\/284\n|-damage|p1a: Rotom|119\/215|[from] item: Life Orb\n|move|p2a: Kyogre|Origin Pulse|p1a: Rotom\n|-supereffective|p1a: Rotom\n|-damage|p1a: Rotom|3\/215\n|\n|-weather|SunnyDay|[upkeep]\n|upkeep\n|turn|26\n|-message|wolfwarrior forfeited.\n|\n|win|kern111\n|l|\u2606wolfwarrior\n","inputlog":">version abe2ba1f5ed1aefb382e5d9db372fd9d81bcb4ec\n>start {\"formatid\":\"gen7randombattle\",\"seed\":[27610,41531,25621,26434],\"rated\":\"Rated battle\"}\n>player p1 {\"name\":\"kern111\",\"avatar\":\"169\",\"team\":\"\",\"rating\":1721,\"seed\":[55573,55789,45844,60948]}\n>player p2 {\"name\":\"wolfwarrior\",\"avatar\":\"162\",\"team\":\"\",\"rating\":1676,\"seed\":[1983,61615,13608,24833]}\n>p1 switch 2\n>p2 move whirlwind\n>p1 move stickyweb\n>p2 move stealthrock\n>p1 move liquidation\n>p2 move whirlwind\n>p1 move painsplit\n>p2 switch 6\n>p1 move voltswitch\n>p2 move raindance\n>p1 switch 2\n>p1 move facade\n>p2 move waterfall\n>p1 switch 5\n>p2 switch 2\n>p1 switch 3\n>p2 move chargebeam\n>p1 move stealthrock\n>p2 switch 6\n>p1 move firepunch\n>p2 move whirlwind\n>p1 move closecombat mega\n>p2 move bravebird\n>p2 switch 6\n>p1 switch 4\n>p2 move airslash\n>p1 move outrage\n>p2 switch 5\n>p1 move outrage\n>p2 move rest\n>p1 move gunkshot\n>p2 move stoneedge\n>p1 move firepunch\n>p2 move drainpunch\n>p1 switch 3\n>p1 move liquidation\n>p2 move stoneedge\n>p1 switch 4\n>p1 move swordsdance\n>p2 move stoneedge\n>p1 move closecombat\n>p2 move stoneedge\n>p2 switch 5\n>p1 move rockblast\n>p2 move chargebeam\n>p1 switch 6\n>p1 move darkpulse\n>p2 move thunderbolt\n>p2 switch 4\n>p1 move sunnyday\n>p2 move originpulse\n>p1 move solarbeam\n>p2 switch 3\n>p1 move fireblast\n>p2 move psyshock mega\n>p2 switch 3\n>p1 move sunnyday\n>p2 move originpulse\n>p1 switch 2\n>p1 move voltswitch\n>p2 move originpulse","uploadtime":1563983345,"views":11,"p1id":"kern111","p2id":"wolfwarrior","formatid":"gen7randombattle","rating":0,"private":0,"password":null}