{"id":"gen7ou-941915522","p1":"iAmNotWoke","p2":"uuuuiiii","format":"gen7ou","log":"|j|\u2606iAmNotWoke\n|j|\u2606uuuuiiii\n|player|p1|iAmNotWoke|76\n|player|p2|uuuuiiii|102\n|teamsize|p1|6\n|teamsize|p2|6\n|gametype|singles\n|gen|7\n|tier|[Gen 7] OU\n|rated|\n|rule|Sleep Clause Mod: Limit one foe put to sleep\n|rule|Species Clause: Limit one of each Pok\u00e9mon\n|rule|OHKO Clause: OHKO moves are banned\n|rule|Moody Clause: Moody is banned\n|rule|Evasion Moves Clause: Evasion moves are banned\n|rule|Endless Battle Clause: Forcing endless battles is banned\n|rule|HP Percentage Mod: HP is shown in percentages\n|clearpoke\n|poke|p1|Tapu Lele|item\n|poke|p1|Heatran, M|item\n|poke|p1|Landorus-Therian, M|item\n|poke|p1|Kartana|item\n|poke|p1|Tyranitar, F|item\n|poke|p1|Suicune|item\n|poke|p2|Marowak-Alola, M|item\n|poke|p2|Magearna|item\n|poke|p2|Greninja, M|item\n|poke|p2|Tapu Koko|item\n|poke|p2|Landorus-Therian, M|item\n|poke|p2|Tornadus-Therian, M|item\n|teampreview\n|\n|start\n|switch|p1a: Suicune|Suicune, shiny|100\/100\n|switch|p2a: Greninja|Greninja, M|100\/100\n|-ability|p1a: Suicune|Pressure\n|turn|1\n|\n|move|p2a: Greninja|Dark Pulse|p1a: Suicune\n|-damage|p1a: Suicune|59\/100\n|move|p1a: Suicune|Scald|p2a: Greninja\n|-resisted|p2a: Greninja\n|-damage|p2a: Greninja|82\/100\n|-status|p2a: Greninja|brn\n|\n|-heal|p1a: Suicune|65\/100|[from] item: Leftovers\n|-damage|p2a: Greninja|76\/100 brn|[from] brn\n|upkeep\n|turn|2\n|\n|switch|p1a: Tyranitar|Tyranitar, F|100\/100\n|-weather|Sandstorm|[from] ability: Sand Stream|[of] p1a: Tyranitar\n|move|p2a: Greninja|Dark Pulse|p1a: Tyranitar\n|-resisted|p1a: Tyranitar\n|-damage|p1a: Tyranitar|85\/100\n|\n|-weather|Sandstorm|[upkeep]\n|-damage|p2a: Greninja|70\/100 brn|[from] Sandstorm\n|-damage|p2a: Greninja|64\/100 brn|[from] brn\n|upkeep\n|turn|3\n|\n|switch|p2a: Landorus|Landorus-Therian, M|100\/100\n|-ability|p2a: Landorus|Intimidate|boost\n|-unboost|p1a: Tyranitar|atk|1\n|detailschange|p1a: Tyranitar|Tyranitar-Mega, F\n|-mega|p1a: Tyranitar|Tyranitar|Tyranitarite\n|move|p1a: Tyranitar|Ice Punch|p2a: Landorus\n|-supereffective|p2a: Landorus\n|-damage|p2a: Landorus|1\/100\n|\n|-weather|Sandstorm|[upkeep]\n|upkeep\n|turn|4\n|\n|switch|p1a: Landorus|Landorus-Therian, M|100\/100\n|-ability|p1a: Landorus|Intimidate|boost\n|-unboost|p2a: Landorus|atk|1\n|move|p2a: Landorus|Stealth Rock|p1a: Landorus\n|-sidestart|p1: iAmNotWoke|move: Stealth Rock\n|\n|-weather|Sandstorm|[upkeep]\n|upkeep\n|turn|5\n|\n|move|p1a: Landorus|Defog|p2a: Landorus\n|-unboost|p2a: Landorus|evasion|1\n|-sideend|p1: iAmNotWoke|Stealth Rock|[from] move: Defog|[of] p1a: Landorus\n|move|p2a: Landorus|Explosion|p1a: Landorus\n|-damage|p1a: Landorus|43\/100\n|faint|p2a: Landorus\n|\n|-weather|Sandstorm|[upkeep]\n|upkeep\n|\n|switch|p2a: Marowak|Marowak-Alola, M|100\/100\n|turn|6\n|\n|switch|p1a: Suicune|Suicune, shiny|65\/100\n|-ability|p1a: Suicune|Pressure\n|move|p2a: Marowak|Bonemerang|p1a: Suicune\n|-damage|p1a: Suicune|49\/100\n|-damage|p1a: Suicune|32\/100\n|-hitcount|p1a: Suicune|2\n|\n|-weather|none\n|-heal|p1a: Suicune|38\/100|[from] item: Leftovers\n|upkeep\n|turn|7\n|\n|switch|p2a: Tapu Koko|Tapu Koko|100\/100\n|-fieldstart|move: Electric Terrain|[from] ability: Electric Surge|[of] p2a: Tapu Koko\n|move|p1a: Suicune|Scald|p2a: Tapu Koko\n|-crit|p2a: Tapu Koko\n|-damage|p2a: Tapu Koko|46\/100\n|-status|p2a: Tapu Koko|brn\n|\n|-heal|p1a: Suicune|45\/100|[from] item: Leftovers\n|-damage|p2a: Tapu Koko|40\/100 brn|[from] brn\n|upkeep\n|turn|8\n|\n|switch|p1a: Landorus|Landorus-Therian, M|43\/100\n|-ability|p1a: Landorus|Intimidate|boost\n|-unboost|p2a: Tapu Koko|atk|1\n|move|p2a: Tapu Koko|Volt Switch|p1a: Landorus\n|-immune|p1a: Landorus\n|\n|-damage|p2a: Tapu Koko|34\/100 brn|[from] brn\n|upkeep\n|turn|9\n|\n|switch|p2a: Tornadus|Tornadus-Therian, M|100\/100\n|move|p1a: Landorus|U-turn|p2a: Tornadus\n|-resisted|p2a: Tornadus\n|-damage|p2a: Tornadus|89\/100\n|-damage|p1a: Landorus|27\/100|[from] item: Rocky Helmet|[of] p2a: Tornadus\n|\n|switch|p1a: Tyranitar|Tyranitar-Mega, F|85\/100|[from]move: U-turn\n|-weather|Sandstorm|[from] ability: Sand Stream|[of] p1a: Tyranitar\n|\n|-weather|Sandstorm|[upkeep]\n|-damage|p2a: Tornadus|83\/100|[from] Sandstorm\n|upkeep\n|turn|10\n|\n|move|p2a: Tornadus|U-turn|p1a: Tyranitar\n|-supereffective|p1a: Tyranitar\n|-damage|p1a: Tyranitar|66\/100\n|\n|switch|p2a: Magearna|Magearna|100\/100|[from]move: U-turn\n|move|p1a: Tyranitar|Dragon Dance|p1a: Tyranitar\n|-boost|p1a: Tyranitar|atk|1\n|-boost|p1a: Tyranitar|spe|1\n|\n|-weather|Sandstorm|[upkeep]\n|upkeep\n|turn|11\n|\n|move|p1a: Tyranitar|Fire Punch|p2a: Magearna\n|-supereffective|p2a: Magearna\n|-damage|p2a: Magearna|22\/100\n|-enditem|p2a: Magearna|Aguav Berry|[eat]\n|-heal|p2a: Magearna|72\/100|[from] item: Aguav Berry\n|move|p2a: Magearna|Trick Room|p2a: Magearna\n|-fieldstart|move: Trick Room|[of] p2a: Magearna\n|\n|-weather|Sandstorm|[upkeep]\n|-fieldend|move: Electric Terrain\n|upkeep\n|turn|12\n|\n|move|p2a: Magearna|Fleur Cannon|p1a: Tyranitar\n|-supereffective|p1a: Tyranitar\n|-damage|p1a: Tyranitar|0 fnt\n|-unboost|p2a: Magearna|spa|2\n|faint|p1a: Tyranitar\n|-ability|p2a: Magearna|Soul-Heart|boost\n|-boost|p2a: Magearna|spa|1\n|\n|-weather|Sandstorm|[upkeep]\n|upkeep\n|\n|switch|p1a: Heatran|Heatran, M|100\/100\n|turn|13\n|\n|move|p2a: Magearna|Volt Switch|p1a: Heatran\n|-crit|p1a: Heatran\n|-damage|p1a: Heatran|74\/100\n|\n|switch|p2a: Marowak|Marowak-Alola, M|100\/100|[from]move: Volt Switch\n|move|p1a: Heatran|Stealth Rock|p2a: Marowak\n|-sidestart|p2: uuuuiiii|move: Stealth Rock\n|\n|-weather|none\n|-heal|p1a: Heatran|80\/100|[from] item: Leftovers\n|upkeep\n|turn|14\n|\n|move|p2a: Marowak|Shadow Bone|p1a: Heatran\n|-damage|p1a: Heatran|18\/100\n|move|p1a: Heatran|Earth Power|p2a: Marowak\n|-supereffective|p2a: Marowak\n|-damage|p2a: Marowak|29\/100\n|\n|-heal|p1a: Heatran|24\/100|[from] item: Leftovers\n|upkeep\n|turn|15\n|\n|switch|p1a: Landorus|Landorus-Therian, M|27\/100\n|-ability|p1a: Landorus|Intimidate|boost\n|-unboost|p2a: Marowak|atk|1\n|move|p2a: Marowak|Shadow Bone|p1a: Landorus\n|-damage|p1a: Landorus|0 fnt\n|faint|p1a: Landorus\n|\n|-fieldend|move: Trick Room\n|upkeep\n|\n|switch|p1a: Heatran|Heatran, M|24\/100\n|turn|16\n|\n|switch|p2a: Greninja|Greninja, M|64\/100 brn\n|-damage|p2a: Greninja|51\/100 brn|[from] Stealth Rock\n|move|p1a: Heatran|Earth Power|p2a: Greninja\n|-crit|p2a: Greninja\n|-damage|p2a: Greninja|0 fnt\n|faint|p2a: Greninja\n|\n|-heal|p1a: Heatran|30\/100|[from] item: Leftovers\n|upkeep\n|\n|switch|p2a: Tornadus|Tornadus-Therian, M|100\/100\n|-damage|p2a: Tornadus|76\/100|[from] Stealth Rock\n|turn|17\n|\n|move|p2a: Tornadus|Defog|p1a: Heatran\n|-unboost|p1a: Heatran|evasion|1\n|-sideend|p2: uuuuiiii|Stealth Rock|[from] move: Defog|[of] p2a: Tornadus\n|move|p1a: Heatran|Magma Storm|p2a: Tornadus\n|-damage|p2a: Tornadus|24\/100\n|-activate|p2a: Tornadus|move: Magma Storm|[of] p1a: Heatran\n|\n|-heal|p1a: Heatran|36\/100|[from] item: Leftovers\n|-damage|p2a: Tornadus|12\/100|[from] move: Magma Storm|[partiallytrapped]\n|upkeep\n|turn|18\n|\n|move|p2a: Tornadus|Taunt|p1a: Heatran\n|-start|p1a: Heatran|move: Taunt\n|cant|p1a: Heatran|move: Taunt|Stealth Rock\n|\n|-heal|p1a: Heatran|42\/100|[from] item: Leftovers\n|-damage|p2a: Tornadus|0 fnt|[from] move: Magma Storm|[partiallytrapped]\n|faint|p2a: Tornadus\n|upkeep\n|\n|switch|p2a: Tapu Koko|Tapu Koko|34\/100 brn\n|-fieldstart|move: Electric Terrain|[from] ability: Electric Surge|[of] p2a: Tapu Koko\n|turn|19\n|\n|switch|p1a: Tapu Lele|Tapu Lele|100\/100\n|-fieldstart|move: Psychic Terrain|[from] ability: Psychic Surge|[of] p1a: Tapu Lele\n|move|p2a: Tapu Koko|Thunderbolt|p1a: Tapu Lele\n|-damage|p1a: Tapu Lele|58\/100\n|\n|-damage|p2a: Tapu Koko|28\/100 brn|[from] brn\n|upkeep\n|turn|20\n|\n|move|p2a: Tapu Koko|Thunderbolt|p1a: Tapu Lele\n|-crit|p1a: Tapu Lele\n|-damage|p1a: Tapu Lele|1\/100\n|move|p1a: Tapu Lele|Moonblast|p2a: Tapu Koko\n|-damage|p2a: Tapu Koko|0 fnt\n|faint|p2a: Tapu Koko\n|\n|upkeep\n|\n|switch|p2a: Magearna|Magearna|72\/100\n|turn|21\n|\n|switch|p1a: Heatran|Heatran, M|42\/100\n|move|p2a: Magearna|Trick Room|p2a: Magearna\n|-fieldstart|move: Trick Room|[of] p2a: Magearna\n|\n|-heal|p1a: Heatran|49\/100|[from] item: Leftovers\n|upkeep\n|turn|22\n|\n|move|p2a: Magearna|Ice Beam|p1a: Heatran\n|-resisted|p1a: Heatran\n|-damage|p1a: Heatran|43\/100\n|move|p1a: Heatran|Magma Storm|p2a: Magearna\n|-supereffective|p2a: Magearna\n|-damage|p2a: Magearna|2\/100\n|-activate|p2a: Magearna|move: Magma Storm|[of] p1a: Heatran\n|\n|-heal|p1a: Heatran|49\/100|[from] item: Leftovers\n|-damage|p2a: Magearna|0 fnt|[from] move: Magma Storm|[partiallytrapped]\n|faint|p2a: Magearna\n|upkeep\n|\n|switch|p2a: Marowak|Marowak-Alola, M|29\/100\n|turn|23\n|\n|move|p2a: Marowak|Shadow Bone|p1a: Heatran\n|-damage|p1a: Heatran|0 fnt\n|faint|p1a: Heatran\n|\n|-fieldend|move: Psychic Terrain\n|upkeep\n|\n|switch|p1a: Tapu Lele|Tapu Lele|1\/100\n|-fieldstart|move: Psychic Terrain|[from] ability: Psychic Surge|[of] p1a: Tapu Lele\n|turn|24\n|\n|move|p2a: Marowak|Shadow Bone|p1a: Tapu Lele\n|-supereffective|p1a: Tapu Lele\n|-damage|p1a: Tapu Lele|0 fnt\n|faint|p1a: Tapu Lele\n|\n|upkeep\n|\n|switch|p1a: Suicune|Suicune, shiny|45\/100\n|-ability|p1a: Suicune|Pressure\n|turn|25\n|\n|move|p2a: Marowak|Shadow Bone|p1a: Suicune\n|-damage|p1a: Suicune|7\/100\n|move|p1a: Suicune|Scald|p2a: Marowak\n|-supereffective|p2a: Marowak\n|-crit|p2a: Marowak\n|-damage|p2a: Marowak|0 fnt\n|faint|p2a: Marowak\n|\n|win|iAmNotWoke\n|c|\u2606iAmNotWoke|gg\n|raw|iAmNotWoke's rating: 1485 &rarr; <strong>1505<\/strong><br \/>(+20 for winning)\n|raw|uuuuiiii's rating: 1487 &rarr; <strong>1467<\/strong><br \/>(-20 for losing)\n|l|\u2606uuuuiiii\n","uploadtime":1562649426,"views":2,"p1id":"iamnotwoke","p2id":"uuuuiiii","formatid":"gen7ou","rating":1467,"private":0,"password":null}