{"id":"gen7ou-888486269","p1":"Thunder631 \u2605","p2":"CarlyBae","format":"gen7ou","log":"|j|\u2606Thunder631 \u2605\n|j|\u2606CarlyBae\n|player|p1|Thunder631 \u2605|101\n|player|p2|CarlyBae|138\n|teamsize|p1|6\n|teamsize|p2|6\n|gametype|singles\n|gen|7\n|tier|[Gen 7] OU\n|rated|\n|rule|Sleep Clause Mod: Limit one foe put to sleep\n|rule|Species Clause: Limit one of each Pok\u00e9mon\n|rule|OHKO Clause: OHKO moves are banned\n|rule|Moody Clause: Moody is banned\n|rule|Evasion Moves Clause: Evasion moves are banned\n|rule|Endless Battle Clause: Forcing endless battles is banned\n|rule|HP Percentage Mod: HP is shown in percentages\n|clearpoke\n|poke|p1|Pelipper, F|item\n|poke|p1|Swampert, M|item\n|poke|p1|Greninja, M|item\n|poke|p1|Magearna|item\n|poke|p1|Tornadus-Therian, M|item\n|poke|p1|Ferrothorn, M|item\n|poke|p2|Lopunny, F|item\n|poke|p2|Hoopa-Unbound|item\n|poke|p2|Tangrowth, M|item\n|poke|p2|Heatran, M|item\n|poke|p2|Magearna|item\n|poke|p2|Landorus-Therian, M|item\n|teampreview\n|inactive|Battle timer is ON: inactive players will automatically lose when time's up. (requested by Thunder631 \u2605)\n|c|\u2606CarlyBae|\/log CarlyBae made this room hidden.\n|inactive|CarlyBae has 120 seconds left.\n|\n|start\n|switch|p1a: Pelipper|Pelipper, F|100\/100\n|switch|p2a: Lopunny|Lopunny, F, shiny|100\/100\n|-weather|RainDance|[from] ability: Drizzle|[of] p1a: Pelipper\n|turn|1\n|\n|detailschange|p2a: Lopunny|Lopunny-Mega, F, shiny\n|-mega|p2a: Lopunny|Lopunny|Lopunnite\n|move|p2a: Lopunny|Fake Out|p1a: Pelipper\n|-damage|p1a: Pelipper|82\/100\n|cant|p1a: Pelipper|flinch\n|\n|-weather|RainDance|[upkeep]\n|upkeep\n|turn|2\n|\n|move|p2a: Lopunny|Frustration|p1a: Pelipper\n|-damage|p1a: Pelipper|30\/100\n|move|p1a: Pelipper|U-turn|p2a: Lopunny\n|-resisted|p2a: Lopunny\n|-damage|p2a: Lopunny|95\/100\n|\n|switch|p1a: Tornadus|Tornadus-Therian, M|100\/100\n|\n|-weather|RainDance|[upkeep]\n|upkeep\n|turn|3\n|\n|switch|p2a: Heatran|Heatran, M, shiny|100\/100\n|move|p1a: Tornadus|Superpower|p2a: Heatran\n|-supereffective|p2a: Heatran\n|-damage|p2a: Heatran|31\/100\n|-unboost|p1a: Tornadus|atk|1\n|-unboost|p1a: Tornadus|def|1\n|-damage|p1a: Tornadus|91\/100|[from] item: Life Orb\n|\n|-weather|RainDance|[upkeep]\n|upkeep\n|turn|4\n|\n|switch|p2a: Magearna|Magearna|100\/100\n|move|p1a: Tornadus|Hurricane|p2a: Magearna\n|-resisted|p2a: Magearna\n|-damage|p2a: Magearna|88\/100\n|-start|p2a: Magearna|confusion\n|-damage|p1a: Tornadus|81\/100|[from] item: Life Orb\n|\n|-weather|RainDance|[upkeep]\n|upkeep\n|turn|5\n|\n|switch|p1a: Ferrothorn|Ferrothorn, M|100\/100\n|switch|p2a: Lopunny|Lopunny-Mega, F, shiny|95\/100\n|\n|-weather|RainDance|[upkeep]\n|upkeep\n|turn|6\n|\n|move|p2a: Lopunny|Fake Out|p1a: Ferrothorn\n|-resisted|p1a: Ferrothorn\n|-damage|p1a: Ferrothorn|92\/100\n|-damage|p2a: Lopunny|83\/100|[from] ability: Iron Barbs|[of] p1a: Ferrothorn\n|cant|p1a: Ferrothorn|flinch\n|\n|-weather|RainDance|[upkeep]\n|-heal|p1a: Ferrothorn|98\/100|[from] item: Leftovers\n|upkeep\n|turn|7\n|\n|move|p2a: Lopunny|High Jump Kick|p1a: Ferrothorn\n|-supereffective|p1a: Ferrothorn\n|-damage|p1a: Ferrothorn|0 fnt\n|-damage|p2a: Lopunny|71\/100|[from] ability: Iron Barbs|[of] p1a: Ferrothorn\n|faint|p1a: Ferrothorn\n|\n|-weather|RainDance|[upkeep]\n|upkeep\n|\n|switch|p1a: Swampert|Swampert, M|100\/100\n|turn|8\n|\n|switch|p2a: Tangrowth|Tangrowth, M, shiny|100\/100\n|detailschange|p1a: Swampert|Swampert-Mega, M\n|-mega|p1a: Swampert|Swampert|Swampertite\n|move|p1a: Swampert|Stealth Rock|p2a: Tangrowth\n|-sidestart|p2: CarlyBae|move: Stealth Rock\n|\n|-weather|none\n|upkeep\n|turn|9\n|\n|switch|p1a: Tornadus|Tornadus-Therian, M|100\/100\n|move|p2a: Tangrowth|Sleep Powder|p1a: Tornadus\n|-status|p1a: Tornadus|slp\n|\n|upkeep\n|turn|10\n|\n|switch|p1a: Swampert|Swampert-Mega, M|100\/100\n|move|p2a: Tangrowth|Giga Drain|p1a: Swampert\n|-supereffective|p1a: Swampert\n|-damage|p1a: Swampert|0 fnt\n|faint|p1a: Swampert\n|\n|upkeep\n|-message|Thunder631 \u2605 forfeited.\n|\n|win|CarlyBae\n|l|\u2606Thunder631 \u2605\n|raw|Thunder631 \u2605's rating: 1781 &rarr; <strong>1756<\/strong><br \/>(-25 for losing)\n|raw|CarlyBae's rating: 1680 &rarr; <strong>1706<\/strong><br \/>(+26 for winning)\n|c|\u2606CarlyBae|\/log CarlyBae made this room public.\n","uploadtime":1554594658,"views":96,"p1id":"thunder631","p2id":"carlybae","formatid":"gen7ou","rating":1706,"private":0,"password":null}