{"id":"gen7ou-967218285","p1":"ghecisbestvillain","p2":"Jamel 1","format":"gen7ou","log":"|j|\u2606ghecisbestvillain\n|j|\u2606Jamel 1\n|player|p1|ghecisbestvillain|269|1780\n|player|p2|Jamel 1|87|1745\n|teamsize|p1|6\n|teamsize|p2|6\n|gametype|singles\n|gen|7\n|tier|[Gen 7] OU\n|rated|\n|rule|Sleep Clause Mod: Limit one foe put to sleep\n|rule|Species Clause: Limit one of each Pok\u00e9mon\n|rule|OHKO Clause: OHKO moves are banned\n|rule|Moody Clause: Moody is banned\n|rule|Evasion Moves Clause: Evasion moves are banned\n|rule|Endless Battle Clause: Forcing endless battles is banned\n|rule|HP Percentage Mod: HP is shown in percentages\n|clearpoke\n|poke|p1|Hawlucha, M|item\n|poke|p1|Clefable, F|item\n|poke|p1|Charizard, M|item\n|poke|p1|Tapu Koko|item\n|poke|p1|Magearna|item\n|poke|p1|Kyurem-Black|item\n|poke|p2|Gyarados, F|item\n|poke|p2|Magearna|item\n|poke|p2|Serperior, F|item\n|poke|p2|Kommo-o, F|item\n|poke|p2|Mew|item\n|poke|p2|Druddigon, F|item\n|teampreview\n|inactive|Battle timer is ON: inactive players will automatically lose when time's up. (requested by ghecisbestvillain)\n|\n|start\n|switch|p1a: Tapu Koko|Tapu Koko|100\/100\n|switch|p2a: Druddigon|Druddigon, F|100\/100\n|-fieldstart|move: Electric Terrain|[from] ability: Electric Surge|[of] p1a: Tapu Koko\n|-ability|p2a: Druddigon|Mold Breaker\n|turn|1\n|\n|move|p1a: Tapu Koko|Taunt|p2a: Druddigon\n|-start|p2a: Druddigon|move: Taunt\n|move|p2a: Druddigon|Gunk Shot|p1a: Tapu Koko\n|-supereffective|p1a: Tapu Koko\n|-damage|p1a: Tapu Koko|33\/100\n|\n|upkeep\n|turn|2\n|\n|move|p1a: Tapu Koko|Reflect|p1a: Tapu Koko\n|-sidestart|p1: ghecisbestvillain|Reflect\n|move|p2a: Druddigon|Gunk Shot|p1a: Tapu Koko\n|-supereffective|p1a: Tapu Koko\n|-damage|p1a: Tapu Koko|0 fnt\n|faint|p1a: Tapu Koko\n|\n|upkeep\n|\n|switch|p1a: Hawlucha|Hawlucha, M|100\/100\n|-enditem|p1a: Hawlucha|Electric Seed\n|-boost|p1a: Hawlucha|def|1\n|turn|3\n|\n|move|p1a: Hawlucha|Swords Dance|p1a: Hawlucha\n|-boost|p1a: Hawlucha|atk|2\n|move|p2a: Druddigon|Gunk Shot|p1a: Hawlucha|[miss]\n|-miss|p2a: Druddigon|p1a: Hawlucha\n|\n|-end|p2a: Druddigon|move: Taunt\n|upkeep\n|turn|4\n|\n|move|p1a: Hawlucha|Rock Slide|p2a: Druddigon|[miss]\n|-miss|p1a: Hawlucha|p2a: Druddigon\n|move|p2a: Druddigon|Roar|p1a: Hawlucha\n|drag|p1a: Magearna|Magearna|100\/100\n|\n|upkeep\n|turn|5\n|\n|move|p1a: Magearna|Shift Gear|p1a: Magearna\n|-boost|p1a: Magearna|spe|2\n|-boost|p1a: Magearna|atk|1\n|move|p2a: Druddigon|Glare|p1a: Magearna\n|-status|p1a: Magearna|par\n|\n|-fieldend|move: Electric Terrain\n|upkeep\n|turn|6\n|\n|move|p1a: Magearna|Iron Head|p2a: Druddigon\n|-damage|p2a: Druddigon|52\/100\n|move|p2a: Druddigon|Stealth Rock|p1a: Magearna\n|-sidestart|p1: ghecisbestvillain|move: Stealth Rock\n|\n|upkeep\n|turn|7\n|\n|cant|p1a: Magearna|par\n|move|p2a: Druddigon|Roar|p1a: Magearna\n|drag|p1a: Charizard|Charizard, M|100\/100\n|-damage|p1a: Charizard|51\/100|[from] Stealth Rock\n|\n|upkeep\n|turn|8\n|\n|move|p1a: Charizard|Dragon Dance|p1a: Charizard\n|-boost|p1a: Charizard|atk|1\n|-boost|p1a: Charizard|spe|1\n|move|p2a: Druddigon|Glare|p1a: Charizard\n|-status|p1a: Charizard|par\n|\n|upkeep\n|turn|9\n|\n|detailschange|p1a: Charizard|Charizard-Mega-X, M\n|-mega|p1a: Charizard|Charizard|Charizardite X\n|move|p1a: Charizard|Fire Punch|p2a: Druddigon\n|-resisted|p2a: Druddigon\n|-damage|p2a: Druddigon|14\/100\n|move|p2a: Druddigon|Roar|p1a: Charizard\n|drag|p1a: Magearna|Magearna|100\/100 par\n|-damage|p1a: Magearna|95\/100 par|[from] Stealth Rock\n|\n|-sideend|p1: ghecisbestvillain|Reflect\n|upkeep\n|turn|10\n|\n|move|p1a: Magearna|Shift Gear|p1a: Magearna\n|-boost|p1a: Magearna|spe|2\n|-boost|p1a: Magearna|atk|1\n|move|p2a: Druddigon|Roar|p1a: Magearna\n|drag|p1a: Charizard|Charizard-Mega-X, M|51\/100 par\n|-damage|p1a: Charizard|26\/100 par|[from] Stealth Rock\n|\n|upkeep\n|turn|11\n|j| zzs is my goddess\n|\n|move|p1a: Charizard|Dragon Dance|p1a: Charizard\n|-boost|p1a: Charizard|atk|1\n|-boost|p1a: Charizard|spe|1\n|move|p2a: Druddigon|Gunk Shot|p1a: Charizard\n|-damage|p1a: Charizard|0 fnt\n|faint|p1a: Charizard\n|\n|upkeep\n|\n|switch|p1a: Hawlucha|Hawlucha, M|100\/100\n|-damage|p1a: Hawlucha|88\/100|[from] Stealth Rock\n|turn|12\n|\n|move|p1a: Hawlucha|Swords Dance|p1a: Hawlucha\n|-boost|p1a: Hawlucha|atk|2\n|move|p2a: Druddigon|Glare|p1a: Hawlucha\n|-status|p1a: Hawlucha|par\n|\n|upkeep\n|turn|13\n|\n|cant|p1a: Hawlucha|par\n|move|p2a: Druddigon|Roar|p1a: Hawlucha\n|drag|p1a: Magearna|Magearna|95\/100 par\n|-damage|p1a: Magearna|89\/100 par|[from] Stealth Rock\n|\n|upkeep\n|turn|14\n|\n|move|p1a: Magearna|Shift Gear|p1a: Magearna\n|-boost|p1a: Magearna|spe|2\n|-boost|p1a: Magearna|atk|1\n|move|p2a: Druddigon|Roar|p1a: Magearna\n|drag|p1a: Hawlucha|Hawlucha, M|88\/100 par\n|-damage|p1a: Hawlucha|76\/100 par|[from] Stealth Rock\n|\n|upkeep\n|turn|15\n|\n|move|p1a: Hawlucha|Swords Dance|p1a: Hawlucha\n|-boost|p1a: Hawlucha|atk|2\n|move|p2a: Druddigon|Roar|p1a: Hawlucha\n|drag|p1a: Magearna|Magearna|89\/100 par\n|-damage|p1a: Magearna|83\/100 par|[from] Stealth Rock\n|\n|upkeep\n|turn|16\n|\n|cant|p1a: Magearna|par\n|move|p2a: Druddigon|Roar|p1a: Magearna\n|drag|p1a: Kyurem|Kyurem-Black|100\/100\n|-damage|p1a: Kyurem|76\/100|[from] Stealth Rock\n|-ability|p1a: Kyurem|Teravolt\n|\n|upkeep\n|turn|17\n|\n|switch|p1a: Hawlucha|Hawlucha, M|76\/100 par\n|-damage|p1a: Hawlucha|63\/100 par|[from] Stealth Rock\n|move|p2a: Druddigon|Glare|p1a: Hawlucha\n|-fail|p1a: Hawlucha|par\n|\n|upkeep\n|turn|18\n|\n|cant|p1a: Hawlucha|par\n|move|p2a: Druddigon|Roar|p1a: Hawlucha\n|drag|p1a: Magearna|Magearna|83\/100 par\n|-damage|p1a: Magearna|77\/100 par|[from] Stealth Rock\n|\n|upkeep\n|turn|19\n|\n|move|p1a: Magearna|Shift Gear|p1a: Magearna\n|-boost|p1a: Magearna|spe|2\n|-boost|p1a: Magearna|atk|1\n|move|p2a: Druddigon|Roar|p1a: Magearna\n|drag|p1a: Kyurem|Kyurem-Black|76\/100\n|-damage|p1a: Kyurem|51\/100|[from] Stealth Rock\n|-ability|p1a: Kyurem|Teravolt\n|\n|upkeep\n|turn|20\n|\n|switch|p1a: Hawlucha|Hawlucha, M|63\/100 par\n|-damage|p1a: Hawlucha|51\/100 par|[from] Stealth Rock\n|move|p2a: Druddigon|Roar|p1a: Hawlucha\n|drag|p1a: Kyurem|Kyurem-Black|51\/100\n|-damage|p1a: Kyurem|26\/100|[from] Stealth Rock\n|-ability|p1a: Kyurem|Teravolt\n|\n|upkeep\n|turn|21\n|\n|switch|p1a: Hawlucha|Hawlucha, M|51\/100 par\n|-damage|p1a: Hawlucha|39\/100 par|[from] Stealth Rock\n|move|p2a: Druddigon|Roar|p1a: Hawlucha\n|drag|p1a: Clefable|Clefable, F|100\/100\n|\n|upkeep\n|turn|22\n|\n|switch|p1a: Hawlucha|Hawlucha, M|39\/100 par\n|-damage|p1a: Hawlucha|26\/100 par|[from] Stealth Rock\n|move|p2a: Druddigon|Glare|p1a: Hawlucha\n|-fail|p1a: Hawlucha|par\n|\n|upkeep\n|turn|23\n|\n|switch|p1a: Clefable|Clefable, F|100\/100\n|move|p2a: Druddigon|Roar|p1a: Clefable\n|drag|p1a: Hawlucha|Hawlucha, M|26\/100 par\n|-damage|p1a: Hawlucha|14\/100 par|[from] Stealth Rock\n|\n|upkeep\n|turn|24\n|\n|move|p1a: Hawlucha|Swords Dance|p1a: Hawlucha\n|-boost|p1a: Hawlucha|atk|2\n|move|p2a: Druddigon|Roar|p1a: Hawlucha\n|drag|p1a: Clefable|Clefable, F|100\/100\n|\n|upkeep\n|turn|25\n|\n|switch|p1a: Magearna|Magearna|77\/100 par\n|-damage|p1a: Magearna|71\/100 par|[from] Stealth Rock\n|move|p2a: Druddigon|Glare|p1a: Magearna\n|-fail|p1a: Magearna|par\n|\n|upkeep\n|turn|26\n|\n|switch|p1a: Clefable|Clefable, F|100\/100\n|move|p2a: Druddigon|Roar|p1a: Clefable\n|drag|p1a: Hawlucha|Hawlucha, M|14\/100 par\n|-damage|p1a: Hawlucha|2\/100 par|[from] Stealth Rock\n|\n|upkeep\n|turn|27\n|\n|cant|p1a: Hawlucha|par\n|move|p2a: Druddigon|Roar|p1a: Hawlucha\n|drag|p1a: Kyurem|Kyurem-Black|26\/100\n|-damage|p1a: Kyurem|1\/100|[from] Stealth Rock\n|-ability|p1a: Kyurem|Teravolt\n|\n|upkeep\n|turn|28\n|j| Kate Upton Is Bae\n|\n|switch|p1a: Magearna|Magearna|71\/100 par\n|-damage|p1a: Magearna|65\/100 par|[from] Stealth Rock\n|move|p2a: Druddigon|Roar|p1a: Magearna\n|drag|p1a: Kyurem|Kyurem-Black|1\/100\n|-damage|p1a: Kyurem|0 fnt|[from] Stealth Rock\n|faint|p1a: Kyurem\n|\n|upkeep\n|j| Boub08\n|\n|switch|p1a: Magearna|Magearna|65\/100 par\n|-damage|p1a: Magearna|59\/100 par|[from] Stealth Rock\n|turn|29\n|\n|move|p1a: Magearna|Shift Gear|p1a: Magearna\n|-boost|p1a: Magearna|spe|2\n|-boost|p1a: Magearna|atk|1\n|move|p2a: Druddigon|Roar|p1a: Magearna\n|drag|p1a: Hawlucha|Hawlucha, M|2\/100 par\n|-damage|p1a: Hawlucha|0 fnt|[from] Stealth Rock\n|faint|p1a: Hawlucha\n|\n|upkeep\n|j| thepowerofplayleon\n|\n|switch|p1a: Clefable|Clefable, F|100\/100\n|turn|30\n|\n|switch|p1a: Magearna|Magearna|59\/100 par\n|-damage|p1a: Magearna|53\/100 par|[from] Stealth Rock\n|move|p2a: Druddigon|Glare|p1a: Magearna\n|-fail|p1a: Magearna|par\n|\n|upkeep\n|turn|31\n|\n|cant|p1a: Magearna|par\n|move|p2a: Druddigon|Roar|p1a: Magearna\n|drag|p1a: Clefable|Clefable, F|100\/100\n|\n|upkeep\n|turn|32\n|\n|switch|p1a: Magearna|Magearna|53\/100 par\n|-damage|p1a: Magearna|47\/100 par|[from] Stealth Rock\n|move|p2a: Druddigon|Roar|p1a: Magearna\n|drag|p1a: Clefable|Clefable, F|100\/100\n|\n|upkeep\n|turn|33\n|\n|switch|p1a: Magearna|Magearna|47\/100 par\n|-damage|p1a: Magearna|41\/100 par|[from] Stealth Rock\n|move|p2a: Druddigon|Roar|p1a: Magearna\n|drag|p1a: Clefable|Clefable, F|100\/100\n|\n|upkeep\n|turn|34\n|\n|switch|p1a: Magearna|Magearna|41\/100 par\n|-damage|p1a: Magearna|35\/100 par|[from] Stealth Rock\n|move|p2a: Druddigon|Roar|p1a: Magearna\n|drag|p1a: Clefable|Clefable, F|100\/100\n|\n|upkeep\n|turn|35\n|\n|switch|p1a: Magearna|Magearna|35\/100 par\n|-damage|p1a: Magearna|29\/100 par|[from] Stealth Rock\n|move|p2a: Druddigon|Roar|p1a: Magearna\n|drag|p1a: Clefable|Clefable, F|100\/100\n|\n|upkeep\n|turn|36\n|\n|switch|p1a: Magearna|Magearna|29\/100 par\n|-damage|p1a: Magearna|23\/100 par|[from] Stealth Rock\n|move|p2a: Druddigon|Roar|p1a: Magearna\n|drag|p1a: Clefable|Clefable, F|100\/100\n|\n|upkeep\n|turn|37\n|\n|switch|p1a: Magearna|Magearna|23\/100 par\n|-damage|p1a: Magearna|17\/100 par|[from] Stealth Rock\n|move|p2a: Druddigon|Roar|p1a: Magearna\n|drag|p1a: Clefable|Clefable, F|100\/100\n|\n|upkeep\n|turn|38\n|\n|switch|p1a: Magearna|Magearna|17\/100 par\n|-damage|p1a: Magearna|11\/100 par|[from] Stealth Rock\n|move|p2a: Druddigon|Glare|p1a: Magearna\n|-fail|p1a: Magearna|par\n|\n|upkeep\n|turn|39\n|\n|move|p1a: Magearna|Shift Gear|p1a: Magearna\n|-boost|p1a: Magearna|spe|2\n|-boost|p1a: Magearna|atk|1\n|move|p2a: Druddigon|Roar|p1a: Magearna\n|drag|p1a: Clefable|Clefable, F|100\/100\n|\n|upkeep\n|turn|40\n|\n|switch|p1a: Magearna|Magearna|11\/100 par\n|-damage|p1a: Magearna|5\/100 par|[from] Stealth Rock\n|move|p2a: Druddigon|Roar|p1a: Magearna\n|drag|p1a: Clefable|Clefable, F|100\/100\n|\n|upkeep\n|turn|41\n|\n|switch|p1a: Magearna|Magearna|5\/100 par\n|-damage|p1a: Magearna|0 fnt|[from] Stealth Rock\n|faint|p1a: Magearna\n|move|p2a: Druddigon|Roar|p1: Magearna|[notarget]\n|-fail|p2a: Druddigon\n|\n|upkeep\n|\n|switch|p1a: Clefable|Clefable, F|100\/100\n|turn|42\n|\n|move|p1a: Clefable|Cosmic Power|p1a: Clefable\n|-boost|p1a: Clefable|def|1\n|-boost|p1a: Clefable|spd|1\n|move|p2a: Druddigon|Glare|p1a: Clefable\n|-status|p1a: Clefable|par\n|\n|upkeep\n|turn|43\n|\n|move|p2a: Druddigon|Gunk Shot|p1a: Clefable\n|-supereffective|p1a: Clefable\n|-damage|p1a: Clefable|61\/100 par\n|move|p1a: Clefable|Cosmic Power|p1a: Clefable\n|-boost|p1a: Clefable|def|1\n|-boost|p1a: Clefable|spd|1\n|\n|-heal|p1a: Clefable|67\/100 par|[from] item: Leftovers\n|upkeep\n|turn|44\n|\n|move|p2a: Druddigon|Gunk Shot|p1a: Clefable\n|-supereffective|p1a: Clefable\n|-damage|p1a: Clefable|39\/100 par\n|move|p1a: Clefable|Soft-Boiled|p1a: Clefable\n|-heal|p1a: Clefable|90\/100 par\n|\n|-heal|p1a: Clefable|96\/100 par|[from] item: Leftovers\n|upkeep\n|turn|45\n|\n|switch|p2a: Mew|Mew|100\/100\n|move|p1a: Clefable|Cosmic Power|p1a: Clefable\n|-boost|p1a: Clefable|def|1\n|-boost|p1a: Clefable|spd|1\n|\n|-heal|p1a: Clefable|100\/100 par|[from] item: Leftovers\n|upkeep\n|turn|46\n|j| jellyhandsome\n|\n|move|p2a: Mew|Taunt|p1a: Clefable\n|-start|p1a: Clefable|move: Taunt\n|cant|p1a: Clefable|move: Taunt|Cosmic Power\n|\n|upkeep\n|turn|47\n|\n|switch|p2a: Serperior|Serperior, F, shiny|100\/100\n|move|p1a: Clefable|Charge Beam|p2a: Serperior\n|-resisted|p2a: Serperior\n|-damage|p2a: Serperior|95\/100\n|\n|upkeep\n|turn|48\n|\n|move|p2a: Serperior|Light Screen|p2a: Serperior\n|-sidestart|p2: Jamel 1|move: Light Screen\n|move|p1a: Clefable|Charge Beam|p2a: Serperior\n|-resisted|p2a: Serperior\n|-crit|p2a: Serperior\n|-damage|p2a: Serperior|85\/100\n|-boost|p1a: Clefable|spa|1\n|\n|-end|p1a: Clefable|move: Taunt\n|upkeep\n|turn|49\n|\n|move|p2a: Serperior|Leaf Storm|p1a: Clefable\n|-damage|p1a: Clefable|85\/100 par\n|-boost|p2a: Serperior|spa|2\n|move|p1a: Clefable|Cosmic Power|p1a: Clefable\n|-boost|p1a: Clefable|def|1\n|-boost|p1a: Clefable|spd|1\n|\n|-heal|p1a: Clefable|91\/100 par|[from] item: Leftovers\n|upkeep\n|turn|50\n|\n|move|p2a: Serperior|Leaf Storm|p1a: Clefable\n|-damage|p1a: Clefable|63\/100 par\n|-boost|p2a: Serperior|spa|2\n|move|p1a: Clefable|Cosmic Power|p1a: Clefable\n|-boost|p1a: Clefable|def|1\n|-boost|p1a: Clefable|spd|1\n|\n|-heal|p1a: Clefable|69\/100 par|[from] item: Leftovers\n|upkeep\n|turn|51\n|\n|move|p2a: Serperior|Leaf Storm|p1a: Clefable\n|-damage|p1a: Clefable|37\/100 par\n|-boost|p2a: Serperior|spa|2\n|move|p1a: Clefable|Soft-Boiled|p1a: Clefable\n|-heal|p1a: Clefable|87\/100 par\n|\n|-heal|p1a: Clefable|93\/100 par|[from] item: Leftovers\n|upkeep\n|turn|52\n|\n|move|p2a: Serperior|Leaf Storm|p1a: Clefable\n|-damage|p1a: Clefable|45\/100 par\n|move|p1a: Clefable|Soft-Boiled|p1a: Clefable\n|-heal|p1a: Clefable|95\/100 par\n|\n|-heal|p1a: Clefable|100\/100 par|[from] item: Leftovers\n|upkeep\n|turn|53\n|\n|move|p2a: Serperior|Leaf Storm|p1a: Clefable\n|-damage|p1a: Clefable|56\/100 par\n|cant|p1a: Clefable|par\n|\n|-heal|p1a: Clefable|62\/100 par|[from] item: Leftovers\n|upkeep\n|turn|54\n|\n|move|p2a: Serperior|Leaf Storm|p1a: Clefable\n|-damage|p1a: Clefable|18\/100 par\n|move|p1a: Clefable|Soft-Boiled|p1a: Clefable\n|-heal|p1a: Clefable|68\/100 par\n|\n|-heal|p1a: Clefable|74\/100 par|[from] item: Leftovers\n|upkeep\n|turn|55\n|\n|move|p2a: Serperior|Leaf Storm|p1a: Clefable|[miss]\n|-miss|p2a: Serperior|p1a: Clefable\n|move|p1a: Clefable|Soft-Boiled|p1a: Clefable\n|-heal|p1a: Clefable|100\/100 par\n|\n|-sideend|p2: Jamel 1|move: Light Screen\n|upkeep\n|turn|56\n|\n|move|p2a: Serperior|Leaf Storm|p1a: Clefable\n|-damage|p1a: Clefable|59\/100 par\n|move|p1a: Clefable|Cosmic Power|p1a: Clefable\n|-boost|p1a: Clefable|def|1\n|-boost|p1a: Clefable|spd|1\n|\n|-heal|p1a: Clefable|65\/100 par|[from] item: Leftovers\n|upkeep\n|turn|57\n|\n|switch|p2a: Mew|Mew|100\/100\n|cant|p1a: Clefable|par\n|\n|-heal|p1a: Clefable|71\/100 par|[from] item: Leftovers\n|upkeep\n|turn|58\n|\n|move|p2a: Mew|Taunt|p1a: Clefable\n|-start|p1a: Clefable|move: Taunt\n|move|p1a: Clefable|Charge Beam|p2a: Mew\n|-damage|p2a: Mew|86\/100\n|-boost|p1a: Clefable|spa|1\n|\n|-heal|p1a: Clefable|77\/100 par|[from] item: Leftovers\n|upkeep\n|turn|59\n|\n|switch|p2a: Kommo-o|Kommo-o, F|100\/100\n|move|p1a: Clefable|Charge Beam|p2a: Kommo-o\n|-resisted|p2a: Kommo-o\n|-damage|p2a: Kommo-o|88\/100\n|\n|-heal|p1a: Clefable|83\/100 par|[from] item: Leftovers\n|upkeep\n|turn|60\n|\n|move|p2a: Kommo-o|Substitute|p2a: Kommo-o\n|-start|p2a: Kommo-o|Substitute\n|-damage|p2a: Kommo-o|63\/100\n|move|p1a: Clefable|Stored Power|p2a: Kommo-o\n|-supereffective|p2a: Kommo-o\n|-end|p2a: Kommo-o|Substitute\n|\n|-heal|p1a: Clefable|90\/100 par|[from] item: Leftovers\n|-end|p1a: Clefable|move: Taunt\n|upkeep\n|turn|61\n|\n|move|p2a: Kommo-o|Substitute|p2a: Kommo-o\n|-start|p2a: Kommo-o|Substitute\n|-damage|p2a: Kommo-o|38\/100\n|move|p1a: Clefable|Stored Power|p2a: Kommo-o\n|-supereffective|p2a: Kommo-o\n|-end|p2a: Kommo-o|Substitute\n|\n|-heal|p1a: Clefable|96\/100 par|[from] item: Leftovers\n|upkeep\n|turn|62\n|\n|move|p2a: Kommo-o|Substitute|p2a: Kommo-o\n|-start|p2a: Kommo-o|Substitute\n|-damage|p2a: Kommo-o|13\/100\n|-enditem|p2a: Kommo-o|Salac Berry|[eat]\n|-boost|p2a: Kommo-o|spe|1\n|move|p1a: Clefable|Stored Power|p2a: Kommo-o\n|-supereffective|p2a: Kommo-o\n|-end|p2a: Kommo-o|Substitute\n|\n|-heal|p1a: Clefable|100\/100 par|[from] item: Leftovers\n|upkeep\n|turn|63\n|\n|move|p2a: Kommo-o|Thunder Punch|p1a: Clefable\n|-damage|p1a: Clefable|95\/100 par\n|move|p1a: Clefable|Charge Beam|p2a: Kommo-o\n|-resisted|p2a: Kommo-o\n|-damage|p2a: Kommo-o|1\/100\n|\n|-heal|p1a: Clefable|100\/100 par|[from] item: Leftovers\n|upkeep\n|turn|64\n|\n|move|p2a: Kommo-o|Drain Punch|p1a: Clefable\n|-resisted|p1a: Clefable\n|-crit|p1a: Clefable\n|-damage|p1a: Clefable|78\/100 par\n|-heal|p2a: Kommo-o|15\/100|[from] drain|[of] p1a: Clefable\n|move|p1a: Clefable|Charge Beam|p2a: Kommo-o\n|-resisted|p2a: Kommo-o\n|-damage|p2a: Kommo-o|3\/100\n|-boost|p1a: Clefable|spa|1\n|\n|-heal|p1a: Clefable|84\/100 par|[from] item: Leftovers\n|upkeep\n|turn|65\n|\n|switch|p2a: Serperior|Serperior, F, shiny|85\/100\n|move|p1a: Clefable|Charge Beam|p2a: Serperior|[miss]\n|-miss|p1a: Clefable|p2a: Serperior\n|\n|-heal|p1a: Clefable|91\/100 par|[from] item: Leftovers\n|upkeep\n|turn|66\n|j| kohake\n|\n|move|p2a: Serperior|Light Screen|p2a: Serperior\n|-sidestart|p2: Jamel 1|move: Light Screen\n|cant|p1a: Clefable|par\n|\n|-heal|p1a: Clefable|97\/100 par|[from] item: Leftovers\n|upkeep\n|turn|67\n|\n|switch|p2a: Snowball \u26c4|Magearna|100\/100\n|move|p1a: Clefable|Charge Beam|p2a: Snowball \u26c4|[miss]\n|-miss|p1a: Clefable|p2a: Snowball \u26c4\n|\n|-heal|p1a: Clefable|100\/100 par|[from] item: Leftovers\n|upkeep\n|turn|68\n|\n|move|p2a: Snowball \u26c4|Calm Mind|p2a: Snowball \u26c4\n|-boost|p2a: Snowball \u26c4|spa|1\n|-boost|p2a: Snowball \u26c4|spd|1\n|move|p1a: Clefable|Charge Beam|p2a: Snowball \u26c4\n|-damage|p2a: Snowball \u26c4|93\/100\n|-boost|p1a: Clefable|spa|1\n|\n|-heal|p2a: Snowball \u26c4|99\/100|[from] item: Leftovers\n|upkeep\n|turn|69\n|\n|move|p2a: Snowball \u26c4|Calm Mind|p2a: Snowball \u26c4\n|-boost|p2a: Snowball \u26c4|spa|1\n|-boost|p2a: Snowball \u26c4|spd|1\n|move|p1a: Clefable|Charge Beam|p2a: Snowball \u26c4\n|-damage|p2a: Snowball \u26c4|92\/100\n|-boost|p1a: Clefable|spa|1\n|\n|-heal|p2a: Snowball \u26c4|98\/100|[from] item: Leftovers\n|upkeep\n|turn|70\n|\n|move|p2a: Snowball \u26c4|Calm Mind|p2a: Snowball \u26c4\n|-boost|p2a: Snowball \u26c4|spa|1\n|-boost|p2a: Snowball \u26c4|spd|1\n|cant|p1a: Clefable|par\n|\n|-heal|p2a: Snowball \u26c4|100\/100|[from] item: Leftovers\n|upkeep\n|turn|71\n|\n|move|p2a: Snowball \u26c4|Calm Mind|p2a: Snowball \u26c4\n|-boost|p2a: Snowball \u26c4|spa|1\n|-boost|p2a: Snowball \u26c4|spd|1\n|move|p1a: Clefable|Charge Beam|p2a: Snowball \u26c4\n|-damage|p2a: Snowball \u26c4|95\/100\n|-boost|p1a: Clefable|spa|1\n|\n|-heal|p2a: Snowball \u26c4|100\/100|[from] item: Leftovers\n|upkeep\n|turn|72\n|\n|move|p2a: Snowball \u26c4|Calm Mind|p2a: Snowball \u26c4\n|-boost|p2a: Snowball \u26c4|spa|1\n|-boost|p2a: Snowball \u26c4|spd|1\n|cant|p1a: Clefable|par\n|\n|upkeep\n|turn|73\n|\n|move|p2a: Snowball \u26c4|Calm Mind|p2a: Snowball \u26c4\n|-boost|p2a: Snowball \u26c4|spa|1\n|-boost|p2a: Snowball \u26c4|spd|1\n|move|p1a: Clefable|Stored Power|p2a: Snowball \u26c4\n|-resisted|p2a: Snowball \u26c4\n|-damage|p2a: Snowball \u26c4|83\/100\n|\n|-heal|p2a: Snowball \u26c4|89\/100|[from] item: Leftovers\n|-sideend|p2: Jamel 1|move: Light Screen\n|upkeep\n|turn|74\n|\n|move|p2a: Snowball \u26c4|Thunderbolt|p1a: Clefable\n|-damage|p1a: Clefable|69\/100 par\n|move|p1a: Clefable|Stored Power|p2a: Snowball \u26c4\n|-resisted|p2a: Snowball \u26c4\n|-damage|p2a: Snowball \u26c4|55\/100\n|\n|-heal|p2a: Snowball \u26c4|61\/100|[from] item: Leftovers\n|-heal|p1a: Clefable|76\/100 par|[from] item: Leftovers\n|upkeep\n|turn|75\n|\n|move|p2a: Snowball \u26c4|Thunderbolt|p1a: Clefable\n|-damage|p1a: Clefable|44\/100 par\n|move|p1a: Clefable|Stored Power|p2a: Snowball \u26c4\n|-resisted|p2a: Snowball \u26c4\n|-damage|p2a: Snowball \u26c4|23\/100\n|\n|-heal|p2a: Snowball \u26c4|29\/100|[from] item: Leftovers\n|-heal|p1a: Clefable|50\/100 par|[from] item: Leftovers\n|upkeep\n|turn|76\n|j| AlexandraTheHonest\n|\n|move|p2a: Snowball \u26c4|Thunderbolt|p1a: Clefable\n|-damage|p1a: Clefable|19\/100 par\n|move|p1a: Clefable|Soft-Boiled|p1a: Clefable\n|-heal|p1a: Clefable|69\/100 par\n|\n|-heal|p2a: Snowball \u26c4|35\/100|[from] item: Leftovers\n|-heal|p1a: Clefable|75\/100 par|[from] item: Leftovers\n|upkeep\n|turn|77\n|\n|move|p2a: Snowball \u26c4|Thunderbolt|p1a: Clefable\n|-damage|p1a: Clefable|44\/100 par\n|move|p1a: Clefable|Stored Power|p2a: Snowball \u26c4\n|-resisted|p2a: Snowball \u26c4\n|-damage|p2a: Snowball \u26c4|0 fnt\n|faint|p2a: Snowball \u26c4\n|\n|-heal|p1a: Clefable|50\/100 par|[from] item: Leftovers\n|upkeep\n|\n|switch|p2a: Mew|Mew|86\/100\n|turn|78\n|\n|move|p2a: Mew|Taunt|p1a: Clefable\n|-start|p1a: Clefable|move: Taunt\n|cant|p1a: Clefable|par\n|\n|-heal|p1a: Clefable|56\/100 par|[from] item: Leftovers\n|upkeep\n|turn|79\n|\n|move|p2a: Mew|Zap Cannon|p1a: Clefable|[miss]\n|-miss|p2a: Mew|p1a: Clefable\n|move|p1a: Clefable|Stored Power|p2a: Mew\n|-resisted|p2a: Mew\n|-damage|p2a: Mew|0 fnt\n|faint|p2a: Mew\n|\n|-heal|p1a: Clefable|62\/100 par|[from] item: Leftovers\n|upkeep\n|\n|switch|p2a: Druddigon|Druddigon, F|14\/100\n|-ability|p2a: Druddigon|Mold Breaker\n|turn|80\n|\n|move|p2a: Druddigon|Gunk Shot|p1a: Clefable\n|-supereffective|p1a: Clefable\n|-damage|p1a: Clefable|48\/100 par\n|move|p1a: Clefable|Stored Power|p2a: Druddigon\n|-damage|p2a: Druddigon|0 fnt\n|faint|p2a: Druddigon\n|\n|-heal|p1a: Clefable|54\/100 par|[from] item: Leftovers\n|-end|p1a: Clefable|move: Taunt\n|upkeep\n|\n|switch|p2a: Gyarados|Gyarados, F, shiny|100\/100\n|-ability|p2a: Gyarados|Intimidate|boost\n|-unboost|p1a: Clefable|atk|1\n|turn|81\n|\n|switch|p2a: Serperior|Serperior, F, shiny|85\/100\n|cant|p1a: Clefable|par\n|\n|-heal|p1a: Clefable|60\/100 par|[from] item: Leftovers\n|upkeep\n|turn|82\n|\n|move|p2a: Serperior|Light Screen|p2a: Serperior\n|-sidestart|p2: Jamel 1|move: Light Screen\n|move|p1a: Clefable|Stored Power|p2a: Serperior\n|-damage|p2a: Serperior|0 fnt\n|faint|p2a: Serperior\n|\n|-heal|p1a: Clefable|66\/100 par|[from] item: Leftovers\n|upkeep\n|\n|switch|p2a: Gyarados|Gyarados, F, shiny|100\/100\n|-ability|p2a: Gyarados|Intimidate|boost\n|-unboost|p1a: Clefable|atk|1\n|turn|83\n|l| kohake\n|\n|detailschange|p2a: Gyarados|Gyarados-Mega, F, shiny\n|-mega|p2a: Gyarados|Gyarados|Gyaradosite\n|-ability|p2a: Gyarados|Mold Breaker\n|move|p2a: Gyarados|Substitute|p2a: Gyarados\n|-start|p2a: Gyarados|Substitute\n|-damage|p2a: Gyarados|75\/100\n|move|p1a: Clefable|Charge Beam|p2a: Gyarados\n|-supereffective|p2a: Gyarados\n|-end|p2a: Gyarados|Substitute\n|\n|-heal|p1a: Clefable|72\/100 par|[from] item: Leftovers\n|upkeep\n|turn|84\n|\n|move|p2a: Gyarados|Dragon Dance|p2a: Gyarados\n|-boost|p2a: Gyarados|atk|1\n|-boost|p2a: Gyarados|spe|1\n|move|p1a: Clefable|Charge Beam|p2a: Gyarados\n|-supereffective|p2a: Gyarados\n|-damage|p2a: Gyarados|40\/100\n|\n|-heal|p1a: Clefable|78\/100 par|[from] item: Leftovers\n|upkeep\n|turn|85\n|\n|move|p2a: Gyarados|Waterfall|p1a: Clefable\n|-damage|p1a: Clefable|62\/100 par\n|move|p1a: Clefable|Charge Beam|p2a: Gyarados\n|-supereffective|p2a: Gyarados\n|-crit|p2a: Gyarados\n|-damage|p2a: Gyarados|0 fnt\n|faint|p2a: Gyarados\n|\n|-heal|p1a: Clefable|68\/100 par|[from] item: Leftovers\n|upkeep\n|\n|switch|p2a: Kommo-o|Kommo-o, F|3\/100\n|turn|86\n|\n|move|p2a: Kommo-o|Drain Punch|p1a: Clefable\n|-resisted|p1a: Clefable\n|-damage|p1a: Clefable|65\/100 par\n|-heal|p2a: Kommo-o|6\/100|[from] drain|[of] p1a: Clefable\n|move|p1a: Clefable|Stored Power|p2a: Kommo-o\n|-supereffective|p2a: Kommo-o\n|-damage|p2a: Kommo-o|0 fnt\n|faint|p2a: Kommo-o\n|\n|win|ghecisbestvillain\n|l|\u2606Jamel 1\n|l|\u2606ghecisbestvillain\n","uploadtime":1566983173,"views":6,"p1id":"ghecisbestvillain","p2id":"jamel1","formatid":"gen7ou","rating":0,"private":0,"password":null}