{"id":"gen7ou-791719932","p1":"Andersev878","p2":"Therockcena","format":"gen7ou","log":"|j|\u2606Andersev878\n|j|\u2606Therockcena\n|player|p1|Andersev878|283\n|player|p2|Therockcena|102\n|teamsize|p1|6\n|teamsize|p2|6\n|gametype|singles\n|gen|7\n|tier|[Gen 7] OU\n|rated|\n|rule|Sleep Clause Mod: Limit one foe put to sleep\n|rule|Species Clause: Limit one of each Pok\u00e9mon\n|rule|OHKO Clause: OHKO moves are banned\n|rule|Moody Clause: Moody is banned\n|rule|Evasion Moves Clause: Evasion moves are banned\n|rule|Endless Battle Clause: Forcing endless battles is banned\n|rule|HP Percentage Mod: HP is shown in percentages\n|clearpoke\n|poke|p1|Landorus-Therian, M|item\n|poke|p1|Salazzle, F|item\n|poke|p1|Kartana|item\n|poke|p1|Ninetales-Alola, M|item\n|poke|p1|Sandslash-Alola, F|item\n|poke|p1|Sharpedo, M|item\n|poke|p2|Charizard, M|item\n|poke|p2|Mew|item\n|poke|p2|Kyurem-Black|item\n|poke|p2|Tapu Koko|item\n|poke|p2|Victini|item\n|poke|p2|Landorus-Therian, M|item\n|teampreview\n|inactive|Battle timer is ON: inactive players will automatically lose when time's up. (requested by Therockcena)\n|inactive|Andersev878 has 135 seconds left.\n|\n|start\n|switch|p1a: Ninetales|Ninetales-Alola, M|100\/100\n|switch|p2a: Tapu Koko|Tapu Koko|100\/100\n|-fieldstart|move: Electric Terrain|[from] ability: Electric Surge|[of] p2a: Tapu Koko\n|-weather|Hail|[from] ability: Snow Warning|[of] p1a: Ninetales\n|turn|1\n|\n|move|p2a: Tapu Koko|Thunderbolt|p1a: Ninetales\n|-damage|p1a: Ninetales|17\/100\n|-damage|p2a: Tapu Koko|91\/100|[from] item: Life Orb\n|move|p1a: Ninetales|Aurora Veil|p1a: Ninetales\n|-sidestart|p1: Andersev878|move: Aurora Veil\n|\n|-weather|Hail|[upkeep]\n|-damage|p2a: Tapu Koko|85\/100|[from] Hail\n|upkeep\n|turn|2\n|\n|switch|p1a: Sandslash|Sandslash-Alola, F|100\/100\n|move|p2a: Tapu Koko|Volt Switch|p1a: Sandslash\n|-damage|p1a: Sandslash|51\/100\n|-damage|p2a: Tapu Koko|75\/100|[from] item: Life Orb\n|\n|switch|p2a: Charizard|Charizard, M|100\/100\n|\n|-weather|Hail|[upkeep]\n|-damage|p2a: Charizard|94\/100|[from] Hail\n|upkeep\n|turn|3\n|\n|detailschange|p2a: Charizard|Charizard-Mega-Y, M\n|-mega|p2a: Charizard|Charizard|Charizardite Y\n|-weather|SunnyDay|[from] ability: Drought|[of] p2a: Charizard\n|-zpower|p1a: Sandslash\n|move|p1a: Sandslash|Subzero Slammer|p2a: Charizard|[zeffect]\n|-damage|p2a: Charizard|5\/100\n|move|p2a: Charizard|Flamethrower|p1a: Sandslash\n|-supereffective|p1a: Sandslash\n|-damage|p1a: Sandslash|0\n|faint|p1a: Sandslash\n|\n|-weather|SunnyDay|[upkeep]\n|upkeep\n|\n|switch|p1a: Kartana|Kartana|100\/100\n|turn|4\n|\n|switch|p2a: Landorus|Landorus-Therian, M|100\/100\n|-ability|p2a: Landorus|Intimidate|boost\n|-unboost|p1a: Kartana|atk|1\n|move|p1a: Kartana|Knock Off|p2a: Landorus\n|-damage|p2a: Landorus|74\/100\n|-enditem|p2a: Landorus|Leftovers|[from] move: Knock Off|[of] p1a: Kartana\n|\n|-weather|SunnyDay|[upkeep]\n|upkeep\n|turn|5\n|\n|switch|p1a: Landorus|Landorus-Therian, M|100\/100\n|-ability|p1a: Landorus|Intimidate|boost\n|-unboost|p2a: Landorus|atk|1\n|move|p2a: Landorus|Stealth Rock|p1a: Landorus\n|-sidestart|p1: Andersev878|move: Stealth Rock\n|\n|-weather|SunnyDay|[upkeep]\n|-fieldend|move: Electric Terrain\n|upkeep\n|turn|6\n|inactive|Andersev878 has 135 seconds left.\n|inactive|Andersev878 has 120 seconds left.\n|\n|move|p1a: Landorus|Stealth Rock|p2a: Landorus\n|-sidestart|p2: Therockcena|move: Stealth Rock\n|move|p2a: Landorus|U-turn|p1a: Landorus\n|-resisted|p1a: Landorus\n|-damage|p1a: Landorus|96\/100\n|\n|switch|p2a: Mew|Mew|100\/100\n|-damage|p2a: Mew|88\/100|[from] Stealth Rock\n|\n|-weather|SunnyDay|[upkeep]\n|-heal|p2a: Mew|94\/100|[from] item: Leftovers\n|upkeep\n|turn|7\n|\n|move|p1a: Landorus|Swords Dance|p1a: Landorus\n|-boost|p1a: Landorus|atk|2\n|move|p2a: Mew|Will-O-Wisp|p1a: Landorus\n|-status|p1a: Landorus|brn\n|\n|-weather|none\n|-heal|p2a: Mew|100\/100|[from] item: Leftovers\n|-damage|p1a: Landorus|90\/100 brn|[from] brn\n|upkeep\n|turn|8\n|\n|move|p1a: Landorus|Explosion|p2a: Mew\n|-damage|p2a: Mew|15\/100\n|faint|p1a: Landorus\n|move|p2a: Mew|Soft-Boiled|p2a: Mew\n|-heal|p2a: Mew|65\/100\n|\n|-heal|p2a: Mew|71\/100|[from] item: Leftovers\n|-sideend|p1: Andersev878|move: Aurora Veil\n|upkeep\n|\n|switch|p1a: Sharpedo|Sharpedo, M|100\/100\n|-damage|p1a: Sharpedo|88\/100|[from] Stealth Rock\n|turn|9\n|\n|move|p1a: Sharpedo|Protect|p1a: Sharpedo\n|-singleturn|p1a: Sharpedo|Protect\n|move|p2a: Mew|Will-O-Wisp|p1a: Sharpedo\n|-activate|p1a: Sharpedo|move: Protect\n|\n|-heal|p2a: Mew|77\/100|[from] item: Leftovers\n|-ability|p1a: Sharpedo|Speed Boost|boost\n|-boost|p1a: Sharpedo|spe|1\n|upkeep\n|turn|10\n|\n|move|p1a: Sharpedo|Crunch|p2a: Mew\n|-supereffective|p2a: Mew\n|-damage|p2a: Mew|4\/100\n|-unboost|p2a: Mew|def|1\n|move|p2a: Mew|Will-O-Wisp|p1a: Sharpedo\n|-status|p1a: Sharpedo|brn\n|\n|-heal|p2a: Mew|10\/100|[from] item: Leftovers\n|-damage|p1a: Sharpedo|82\/100 brn|[from] brn\n|-ability|p1a: Sharpedo|Speed Boost|boost\n|-boost|p1a: Sharpedo|spe|1\n|upkeep\n|turn|11\n|\n|detailschange|p1a: Sharpedo|Sharpedo-Mega, M\n|-mega|p1a: Sharpedo|Sharpedo|Sharpedonite\n|move|p1a: Sharpedo|Crunch|p2a: Mew\n|-supereffective|p2a: Mew\n|-damage|p2a: Mew|0\n|faint|p2a: Mew\n|\n|-damage|p1a: Sharpedo|76\/100 brn|[from] brn\n|upkeep\n|\n|switch|p2a: Landorus|Landorus-Therian, M|74\/100\n|-damage|p2a: Landorus|62\/100|[from] Stealth Rock\n|-ability|p2a: Landorus|Intimidate|boost\n|-unboost|p1a: Sharpedo|atk|1\n|turn|12\n|\n|move|p1a: Sharpedo|Ice Fang|p2a: Landorus\n|-supereffective|p2a: Landorus\n|-damage|p2a: Landorus|12\/100\n|move|p2a: Landorus|Defog|p1a: Sharpedo\n|-unboost|p1a: Sharpedo|evasion|1\n|-sideend|p1: Andersev878|Stealth Rock|[from] move: Defog|[of] p1a: Sharpedo\n|-sideend|p2: Therockcena|Stealth Rock|[from] move: Defog|[of] p2a: Landorus\n|\n|-damage|p1a: Sharpedo|70\/100 brn|[from] brn\n|upkeep\n|turn|13\n|\n|move|p1a: Sharpedo|Crunch|p2a: Landorus\n|-damage|p2a: Landorus|0\n|faint|p2a: Landorus\n|\n|-damage|p1a: Sharpedo|64\/100 brn|[from] brn\n|upkeep\n|\n|switch|p2a: Tapu Koko|Tapu Koko|75\/100\n|-fieldstart|move: Electric Terrain|[from] ability: Electric Surge|[of] p2a: Tapu Koko\n|turn|14\n|inactive|Andersev878 has 135 seconds left.\n|\n|move|p1a: Sharpedo|Crunch|p2a: Tapu Koko\n|-resisted|p2a: Tapu Koko\n|-damage|p2a: Tapu Koko|58\/100\n|move|p2a: Tapu Koko|Volt Switch|p1a: Sharpedo\n|-supereffective|p1a: Sharpedo\n|-damage|p1a: Sharpedo|0 brn\n|-damage|p2a: Tapu Koko|48\/100|[from] item: Life Orb\n|faint|p1a: Sharpedo\n|\n|switch|p2a: Victini|Victini|100\/100\n|\n|upkeep\n|\n|switch|p1a: Ninetales|Ninetales-Alola, M|17\/100\n|-weather|Hail|[from] ability: Snow Warning|[of] p1a: Ninetales\n|turn|15\n|\n|switch|p2a: Charizard|Charizard-Mega-Y, M|5\/100\n|-weather|SunnyDay|[from] ability: Drought|[of] p2a: Charizard\n|move|p1a: Ninetales|Aurora Veil|p1a: Ninetales\n|-fail|p1a: Ninetales\n|\n|-weather|SunnyDay|[upkeep]\n|upkeep\n|turn|16\n|\n|move|p1a: Ninetales|Blizzard|p2a: Charizard\n|-damage|p2a: Charizard|0\n|faint|p2a: Charizard\n|\n|-weather|SunnyDay|[upkeep]\n|upkeep\n|\n|switch|p2a: Victini|Victini|100\/100\n|turn|17\n|\n|switch|p1a: Salazzle|Salazzle, F|100\/100\n|move|p2a: Victini|V-create|p1a: Salazzle\n|-resisted|p1a: Salazzle\n|-damage|p1a: Salazzle|0\n|-unboost|p2a: Victini|spe|1\n|-unboost|p2a: Victini|def|1\n|-unboost|p2a: Victini|spd|1\n|faint|p1a: Salazzle\n|\n|-weather|SunnyDay|[upkeep]\n|upkeep\n|\n|switch|p1a: Ninetales|Ninetales-Alola, M|17\/100\n|-weather|Hail|[from] ability: Snow Warning|[of] p1a: Ninetales\n|turn|18\n|\n|move|p1a: Ninetales|Aurora Veil|p1a: Ninetales\n|-sidestart|p1: Andersev878|move: Aurora Veil\n|move|p2a: Victini|V-create|p1a: Ninetales\n|-supereffective|p1a: Ninetales\n|-damage|p1a: Ninetales|0\n|-unboost|p2a: Victini|spe|1\n|-unboost|p2a: Victini|def|1\n|-unboost|p2a: Victini|spd|1\n|faint|p1a: Ninetales\n|\n|-weather|Hail|[upkeep]\n|-damage|p2a: Victini|94\/100|[from] Hail\n|-fieldend|move: Electric Terrain\n|upkeep\n|inactive|Andersev878 has 135 seconds left.\n|\n|switch|p1a: Kartana|Kartana|100\/100\n|turn|19\n|\n|switch|p2a: Tapu Koko|Tapu Koko|48\/100\n|-fieldstart|move: Electric Terrain|[from] ability: Electric Surge|[of] p2a: Tapu Koko\n|move|p1a: Kartana|Knock Off|p2a: Tapu Koko\n|-resisted|p2a: Tapu Koko\n|-damage|p2a: Tapu Koko|18\/100\n|-enditem|p2a: Tapu Koko|Life Orb|[from] move: Knock Off|[of] p1a: Kartana\n|\n|-weather|Hail|[upkeep]\n|-damage|p1a: Kartana|94\/100|[from] Hail\n|-damage|p2a: Tapu Koko|12\/100|[from] Hail\n|upkeep\n|turn|20\n|\n|move|p1a: Kartana|Knock Off|p2a: Tapu Koko\n|-resisted|p2a: Tapu Koko\n|-damage|p2a: Tapu Koko|0\n|faint|p2a: Tapu Koko\n|-ability|p1a: Kartana|Beast Boost|boost\n|-boost|p1a: Kartana|atk|1\n|\n|-weather|Hail|[upkeep]\n|-damage|p1a: Kartana|88\/100|[from] Hail\n|upkeep\n|\n|switch|p2a: Kyurem|Kyurem-Black|100\/100\n|-ability|p2a: Kyurem|Teravolt\n|turn|21\n|\n|move|p1a: Kartana|Knock Off|p2a: Kyurem\n|-damage|p2a: Kyurem|48\/100\n|-enditem|p2a: Kyurem|Choice Scarf|[from] move: Knock Off|[of] p1a: Kartana\n|move|p2a: Kyurem|Outrage|p1a: Kartana\n|-resisted|p1a: Kartana\n|-damage|p1a: Kartana|67\/100\n|\n|-weather|Hail|[upkeep]\n|-damage|p1a: Kartana|61\/100|[from] Hail\n|upkeep\n|turn|22\n|\n|move|p1a: Kartana|Knock Off|p2a: Kyurem\n|-damage|p2a: Kyurem|11\/100\n|move|p2a: Kyurem|Outrage|p1a: Kartana|[from]lockedmove\n|-resisted|p1a: Kartana\n|-damage|p1a: Kartana|38\/100\n|-start|p2a: Kyurem|confusion|[fatigue]\n|\n|-weather|none\n|upkeep\n|turn|23\n|\n|move|p1a: Kartana|Knock Off|p2a: Kyurem\n|-crit|p2a: Kyurem\n|-damage|p2a: Kyurem|0\n|faint|p2a: Kyurem\n|-ability|p1a: Kartana|Beast Boost|boost\n|-boost|p1a: Kartana|atk|1\n|\n|-fieldend|move: Electric Terrain\n|upkeep\n|\n|switch|p2a: Victini|Victini|94\/100\n|turn|24\n|\n|move|p1a: Kartana|Knock Off|p2a: Victini\n|-supereffective|p2a: Victini\n|-damage|p2a: Victini|0\n|-enditem|p2a: Victini|Choice Scarf|[from] move: Knock Off|[of] p1a: Kartana\n|faint|p2a: Victini\n|\n|win|Andersev878\n|c|\u2606Andersev878|gg\n|raw|Andersev878's rating: 1295 &rarr; <strong>1323<\/strong><br \/>(+28 for winning)\n|raw|Therockcena's rating: 1347 &rarr; <strong>1324<\/strong><br \/>(-23 for losing)\n|l|\u2606Therockcena\n","uploadtime":1534466403,"views":2,"p1id":"andersev878","p2id":"therockcena","formatid":"gen7ou","rating":1323,"private":0,"password":null}