{"id":"gen7ou-1681069252","p1":"Lucians Call","p2":"bipolarcactus74","format":"gen7ou","log":"|j|\u2606Lucians Call\n|j|\u2606bipolarcactus74\n|t:|1665266623\n|gametype|singles\n|player|p1|Lucians Call|furisodegirl-blue|\n|player|p2|bipolarcactus74|hoopster|\n|teamsize|p1|6\n|teamsize|p2|6\n|gen|7\n|tier|[Gen 7] OU\n|rule|Sleep Clause Mod: Limit one foe put to sleep\n|rule|Species Clause: Limit one of each Pok\u00e9mon\n|rule|OHKO Clause: OHKO moves are banned\n|rule|Moody Clause: Moody is banned\n|rule|Evasion Items Clause: Evasion items are banned\n|rule|Evasion Moves Clause: Evasion moves are banned\n|rule|Endless Battle Clause: Forcing endless battles is banned\n|rule|HP Percentage Mod: HP is shown in percentages\n|clearpoke\n|poke|p1|Blastoise, M|item\n|poke|p1|Zapdos|item\n|poke|p1|Tapu Fini|item\n|poke|p1|Zangoose, M|item\n|poke|p1|Ferrothorn, F|item\n|poke|p1|Landorus-Therian, M|item\n|poke|p2|Diancie|item\n|poke|p2|Tornadus-Therian, M|item\n|poke|p2|Reuniclus, M|item\n|poke|p2|Landorus-Therian, M|item\n|poke|p2|Toxapex, F|item\n|poke|p2|Magearna|item\n|teampreview\n|inactive|Battle timer is ON: inactive players will automatically lose when time's up. (requested by Lucians Call)\n|\n|t:|1665266636\n|start\n|switch|p1a: Blastoise|Blastoise, M|100\/100\n|switch|p2a: Toxapex|Toxapex, F|100\/100\n|turn|1\n|\n|t:|1665266644\n|switch|p1a: Ferrothorn|Ferrothorn, F|100\/100\n|move|p2a: Toxapex|Toxic Spikes|p1a: Ferrothorn\n|-sidestart|p1: Lucians Call|move: Toxic Spikes\n|\n|upkeep\n|turn|2\n|\n|t:|1665266648\n|move|p2a: Toxapex|Scald|p1a: Ferrothorn\n|-resisted|p1a: Ferrothorn\n|-damage|p1a: Ferrothorn|95\/100\n|move|p1a: Ferrothorn|Stealth Rock|p2a: Toxapex\n|-sidestart|p2: bipolarcactus74|move: Stealth Rock\n|\n|-heal|p1a: Ferrothorn|100\/100|[from] item: Leftovers\n|upkeep\n|turn|3\n|\n|t:|1665266653\n|move|p2a: Toxapex|Scald|p1a: Ferrothorn\n|-resisted|p1a: Ferrothorn\n|-damage|p1a: Ferrothorn|95\/100\n|move|p1a: Ferrothorn|Spikes|p2a: Toxapex\n|-sidestart|p2: bipolarcactus74|Spikes\n|\n|-heal|p1a: Ferrothorn|100\/100|[from] item: Leftovers\n|upkeep\n|turn|4\n|\n|t:|1665266657\n|switch|p1a: Zangoose|Zangoose, M|100\/100\n|-status|p1a: Zangoose|psn\n|move|p2a: Toxapex|Toxic Spikes|p1a: Zangoose\n|-sidestart|p1: Lucians Call|move: Toxic Spikes\n|\n|-damage|p1a: Zangoose|88\/100 psn|[from] psn\n|upkeep\n|turn|5\n|\n|t:|1665266663\n|move|p1a: Zangoose|Facade|p2a: Toxapex\n|-damage|p2a: Toxapex|25\/100\n|move|p2a: Toxapex|Recover|p2a: Toxapex\n|-heal|p2a: Toxapex|75\/100\n|\n|-heal|p2a: Toxapex|81\/100|[from] item: Black Sludge\n|-damage|p1a: Zangoose|76\/100 psn|[from] psn\n|upkeep\n|turn|6\n|\n|t:|1665266670\n|move|p1a: Zangoose|Facade|p2a: Toxapex\n|-damage|p2a: Toxapex|0 fnt\n|faint|p2a: Toxapex\n|\n|-damage|p1a: Zangoose|64\/100 psn|[from] psn\n|upkeep\n|\n|t:|1665266673\n|switch|p2a: Diancie|Diancie|100\/100\n|-damage|p2a: Diancie|88\/100|[from] Stealth Rock\n|-damage|p2a: Diancie|76\/100|[from] Spikes\n|turn|7\n|\n|t:|1665266682\n|detailschange|p2a: Diancie|Diancie-Mega\n|-mega|p2a: Diancie|Diancie|Diancite\n|move|p2a: Diancie|Stealth Rock|p1a: Zangoose\n|-sidestart|p1: Lucians Call|move: Stealth Rock\n|move|p1a: Zangoose|Close Combat|p2a: Diancie\n|-damage|p2a: Diancie|0 fnt\n|-unboost|p1a: Zangoose|def|1\n|-unboost|p1a: Zangoose|spd|1\n|faint|p2a: Diancie\n|\n|-damage|p1a: Zangoose|52\/100 psn|[from] psn\n|upkeep\n|\n|t:|1665266686\n|switch|p2a: Landorus|Landorus-Therian, M|100\/100\n|-damage|p2a: Landorus|88\/100|[from] Stealth Rock\n|-ability|p2a: Landorus|Intimidate|boost\n|-unboost|p1a: Zangoose|atk|1\n|turn|8\n|\n|t:|1665266698\n|switch|p1a: Ferrothorn|Ferrothorn, F|100\/100\n|-damage|p1a: Ferrothorn|94\/100|[from] Stealth Rock\n|move|p2a: Landorus|U-turn|p1a: Ferrothorn\n|-damage|p1a: Ferrothorn|75\/100\n|-damage|p2a: Landorus|76\/100|[from] ability: Iron Barbs|[of] p1a: Ferrothorn\n|\n|t:|1665266701\n|switch|p2a: Reuniclus|Reuniclus, M|100\/100|[from]move: U-turn\n|\n|-heal|p1a: Ferrothorn|81\/100|[from] item: Leftovers\n|upkeep\n|turn|9\n|\n|t:|1665266708\n|switch|p1a: Blastoise|Blastoise, M|100\/100\n|-status|p1a: Blastoise|tox\n|-damage|p1a: Blastoise|88\/100 tox|[from] Stealth Rock\n|move|p2a: Reuniclus|Acid Armor|p2a: Reuniclus\n|-boost|p2a: Reuniclus|def|2\n|\n|-damage|p1a: Blastoise|82\/100 tox|[from] psn\n|upkeep\n|turn|10\n|\n|t:|1665266712\n|switch|p2a: Magearna|Magearna|100\/100\n|-damage|p2a: Magearna|94\/100|[from] Stealth Rock\n|-damage|p2a: Magearna|82\/100|[from] Spikes\n|detailschange|p1a: Blastoise|Blastoise-Mega, M\n|-mega|p1a: Blastoise|Blastoise|Blastoisinite\n|move|p1a: Blastoise|Rapid Spin|p2a: Magearna\n|-resisted|p2a: Magearna\n|-damage|p2a: Magearna|80\/100\n|-sideend|p1: Lucians Call|Toxic Spikes|[from] move: Rapid Spin|[of] p1a: Blastoise\n|-sideend|p1: Lucians Call|Stealth Rock|[from] move: Rapid Spin|[of] p1a: Blastoise\n|\n|-damage|p1a: Blastoise|70\/100 tox|[from] psn\n|upkeep\n|turn|11\n|\n|t:|1665266716\n|move|p1a: Blastoise|Water Pulse|p2a: Magearna\n|-damage|p2a: Magearna|59\/100\n|-start|p2a: Magearna|confusion\n|-activate|p2a: Magearna|confusion\n|-damage|p2a: Magearna|51\/100|[from] confusion\n|\n|-damage|p1a: Blastoise|52\/100 tox|[from] psn\n|upkeep\n|turn|12\n|\n|t:|1665266720\n|move|p1a: Blastoise|Water Pulse|p2a: Magearna\n|-damage|p2a: Magearna|29\/100\n|-activate|p2a: Magearna|confusion\n|move|p2a: Magearna|Volt Switch|p1a: Blastoise\n|-supereffective|p1a: Blastoise\n|-damage|p1a: Blastoise|12\/100 tox\n|\n|t:|1665266724\n|switch|p2a: Tornadus|Tornadus-Therian, M|100\/100|[from]move: Volt Switch\n|-damage|p2a: Tornadus|76\/100|[from] Stealth Rock\n|\n|-damage|p1a: Blastoise|0 fnt|[from] psn\n|faint|p1a: Blastoise\n|upkeep\n|\n|t:|1665266727\n|switch|p1a: Zapdos|Zapdos|100\/100\n|turn|13\n|\n|t:|1665266731\n|move|p2a: Tornadus|Defog|p1a: Zapdos\n|-unboost|p1a: Zapdos|evasion|1\n|-sideend|p2: bipolarcactus74|Spikes|[from] move: Defog|[of] p2a: Tornadus\n|-sideend|p2: bipolarcactus74|Stealth Rock|[from] move: Defog|[of] p2a: Tornadus\n|move|p1a: Zapdos|Thunderbolt|p2a: Tornadus\n|-supereffective|p2a: Tornadus\n|-damage|p2a: Tornadus|0 fnt\n|faint|p2a: Tornadus\n|\n|upkeep\n|\n|t:|1665266733\n|switch|p2a: Landorus|Landorus-Therian, M|76\/100\n|-ability|p2a: Landorus|Intimidate|boost\n|-unboost|p1a: Zapdos|atk|1\n|turn|14\n|\n|t:|1665266735\n|switch|p1a: Ferrothorn|Ferrothorn, F|81\/100\n|move|p2a: Landorus|Explosion|p1a: Ferrothorn\n|-resisted|p1a: Ferrothorn\n|-damage|p1a: Ferrothorn|45\/100\n|faint|p2a: Landorus\n|\n|-heal|p1a: Ferrothorn|51\/100|[from] item: Leftovers\n|upkeep\n|\n|t:|1665266737\n|switch|p2a: Reuniclus|Reuniclus, M|100\/100\n|turn|15\n|\n|t:|1665266741\n|switch|p1a: Tapu Fini|Tapu Fini|100\/100\n|-fieldstart|move: Misty Terrain|[from] ability: Misty Surge|[of] p1a: Tapu Fini\n|move|p2a: Reuniclus|Calm Mind|p2a: Reuniclus\n|-boost|p2a: Reuniclus|spa|1\n|-boost|p2a: Reuniclus|spd|1\n|\n|upkeep\n|turn|16\n|\n|t:|1665266743\n|move|p1a: Tapu Fini|Taunt|p2a: Reuniclus\n|-start|p2a: Reuniclus|move: Taunt\n|cant|p2a: Reuniclus|move: Taunt|Acid Armor\n|\n|upkeep\n|turn|17\n|\n|t:|1665266745\n|move|p1a: Tapu Fini|Nature's Madness|p2a: Reuniclus\n|-damage|p2a: Reuniclus|51\/100\n|move|p2a: Reuniclus|Psyshock|p1a: Tapu Fini\n|-damage|p1a: Tapu Fini|56\/100\n|\n|-heal|p1a: Tapu Fini|62\/100|[from] item: Leftovers\n|upkeep\n|turn|18\n|\n|t:|1665266747\n|move|p1a: Tapu Fini|Moonblast|p2a: Reuniclus\n|-damage|p2a: Reuniclus|30\/100\n|-unboost|p2a: Reuniclus|spa|1\n|move|p2a: Reuniclus|Psyshock|p1a: Tapu Fini\n|-damage|p1a: Tapu Fini|35\/100\n|\n|-heal|p1a: Tapu Fini|41\/100|[from] item: Leftovers\n|-end|p2a: Reuniclus|move: Taunt\n|upkeep\n|turn|19\n|\n|t:|1665266750\n|move|p1a: Tapu Fini|Taunt|p2a: Reuniclus\n|-start|p2a: Reuniclus|move: Taunt\n|move|p2a: Reuniclus|Psyshock|p1a: Tapu Fini\n|-damage|p1a: Tapu Fini|13\/100\n|\n|-heal|p1a: Tapu Fini|19\/100|[from] item: Leftovers\n|-fieldend|Misty Terrain\n|upkeep\n|turn|20\n|\n|t:|1665266753\n|move|p1a: Tapu Fini|Defog|p2a: Reuniclus\n|-unboost|p2a: Reuniclus|evasion|1\n|move|p2a: Reuniclus|Psyshock|p1a: Tapu Fini\n|-damage|p1a: Tapu Fini|0 fnt\n|faint|p1a: Tapu Fini\n|\n|upkeep\n|\n|t:|1665266754\n|switch|p1a: Zangoose|Zangoose, M|52\/100 psn\n|turn|21\n|\n|t:|1665266756\n|move|p1a: Zangoose|Facade|p2a: Reuniclus\n|-damage|p2a: Reuniclus|0 fnt\n|faint|p2a: Reuniclus\n|\n|-damage|p1a: Zangoose|40\/100 psn|[from] psn\n|upkeep\n|-message|bipolarcactus74 forfeited.\n|\n|win|Lucians Call\n|l|\u2606bipolarcactus74\n|l|\u2606Lucians Call\n|j|\u2606Lucians Call\n|player|p1|Lucians Call|furisodegirl-blue\n","uploadtime":1665266800,"views":50,"p1id":"lucianscall","p2id":"bipolarcactus74","formatid":"gen7ou","rating":0,"private":0,"password":null}