{"id":"gen7ou-1676205541","p1":"Bashar Jackson","p2":"Lucians Call","format":"gen7ou","log":"|j|\u2606Bashar Jackson\n|j|\u2606Lucians Call\n|t:|1664762922\n|gametype|singles\n|player|p1|Bashar Jackson|alder|1506\n|player|p2|Lucians Call|furisodegirl-blue|1767\n|teamsize|p1|6\n|teamsize|p2|6\n|gen|7\n|tier|[Gen 7] OU\n|rated|\n|rule|Sleep Clause Mod: Limit one foe put to sleep\n|rule|Species Clause: Limit one of each Pok\u00e9mon\n|rule|OHKO Clause: OHKO moves are banned\n|rule|Moody Clause: Moody is banned\n|rule|Evasion Items Clause: Evasion items are banned\n|rule|Evasion Moves Clause: Evasion moves are banned\n|rule|Endless Battle Clause: Forcing endless battles is banned\n|rule|HP Percentage Mod: HP is shown in percentages\n|clearpoke\n|poke|p1|Alakazam, F|item\n|poke|p1|Landorus-Therian, M|item\n|poke|p1|Ferrothorn, M|item\n|poke|p1|Greninja, M|item\n|poke|p1|Heatran, M|item\n|poke|p1|Dragonite, F|item\n|poke|p2|Kyurem-Black|item\n|poke|p2|Medicham, F|item\n|poke|p2|Tyranitar, M|item\n|poke|p2|Landorus-Therian, M|item\n|poke|p2|Zapdos|item\n|poke|p2|Magearna|item\n|teampreview\n|inactive|Battle timer is ON: inactive players will automatically lose when time's up. (requested by Bashar Jackson)\n|\n|t:|1664762940\n|start\n|switch|p1a: Greninja|Greninja, M|100\/100\n|switch|p2a: Medicham|Medicham, F|100\/100\n|turn|1\n|\n|t:|1664762945\n|detailschange|p2a: Medicham|Medicham-Mega, F\n|-mega|p2a: Medicham|Medicham|Medichamite\n|move|p2a: Medicham|Fake Out|p1a: Greninja\n|-crit|p1a: Greninja\n|-damage|p1a: Greninja|37\/100\n|cant|p1a: Greninja|flinch\n|\n|upkeep\n|turn|2\n|\n|t:|1664762952\n|switch|p2a: Kyurem|Kyurem-Black|100\/100\n|-ability|p2a: Kyurem|Teravolt\n|move|p1a: Greninja|U-turn|p2a: Kyurem\n|-start|p1a: Greninja|typechange|Bug|[from] ability: Protean\n|-damage|p2a: Kyurem|79\/100\n|\n|t:|1664762960\n|switch|p1a: Ferrothorn|Ferrothorn, M|100\/100|[from]move: U-turn\n|\n|upkeep\n|turn|3\n|\n|t:|1664762965\n|-zpower|p2a: Kyurem\n|move|p2a: Kyurem|Subzero Slammer|p1a: Ferrothorn|[zeffect]\n|-damage|p1a: Ferrothorn|2\/100\n|move|p1a: Ferrothorn|Leech Seed|p2a: Kyurem\n|-start|p2a: Kyurem|move: Leech Seed\n|\n|-heal|p1a: Ferrothorn|9\/100|[from] item: Leftovers\n|-damage|p2a: Kyurem|67\/100|[from] Leech Seed|[of] p1a: Ferrothorn\n|-heal|p1a: Ferrothorn|24\/100|[silent]\n|upkeep\n|turn|4\n|\n|t:|1664762973\n|switch|p1a: Heatran|Heatran, M|100\/100\n|move|p2a: Kyurem|Ice Beam|p1a: Heatran\n|-resisted|p1a: Heatran\n|-damage|p1a: Heatran|93\/100\n|\n|-damage|p2a: Kyurem|54\/100|[from] Leech Seed|[of] p1a: Heatran\n|-heal|p1a: Heatran|100\/100|[silent]\n|upkeep\n|turn|5\n|\n|t:|1664762992\n|switch|p1a: Ferrothorn|Ferrothorn, M|24\/100\n|move|p2a: Kyurem|Fusion Bolt|p1a: Ferrothorn\n|-resisted|p1a: Ferrothorn\n|-damage|p1a: Ferrothorn|6\/100\n|\n|-heal|p1a: Ferrothorn|12\/100|[from] item: Leftovers\n|-damage|p2a: Kyurem|42\/100|[from] Leech Seed|[of] p1a: Ferrothorn\n|-heal|p1a: Ferrothorn|28\/100|[silent]\n|upkeep\n|turn|6\n|\n|t:|1664763008\n|switch|p2a: Magearna|Magearna|100\/100\n|move|p1a: Ferrothorn|Gyro Ball|p2a: Magearna\n|-damage|p2a: Magearna|70\/100\n|\n|-heal|p1a: Ferrothorn|34\/100|[from] item: Leftovers\n|upkeep\n|turn|7\n|\n|t:|1664763013\n|move|p2a: Magearna|Focus Blast|p1a: Ferrothorn\n|-supereffective|p1a: Ferrothorn\n|-damage|p1a: Ferrothorn|0 fnt\n|faint|p1a: Ferrothorn\n|-ability|p2a: Magearna|Soul-Heart|boost\n|-boost|p2a: Magearna|spa|1\n|\n|upkeep\n|\n|t:|1664763017\n|switch|p1a: Heatran|Heatran, M|100\/100\n|turn|8\n|\n|t:|1664763020\n|move|p1a: Heatran|Magma Storm|p2a: Magearna\n|-supereffective|p2a: Magearna\n|-damage|p2a: Magearna|0 fnt\n|faint|p2a: Magearna\n|\n|upkeep\n|\n|t:|1664763026\n|switch|p2a: Medicham|Medicham-Mega, F|100\/100\n|turn|9\n|\n|t:|1664763030\n|switch|p1a: Landorus|Landorus-Therian, M|100\/100\n|-ability|p1a: Landorus|Intimidate|boost\n|-unboost|p2a: Medicham|atk|1\n|move|p2a: Medicham|High Jump Kick|p1a: Landorus\n|-resisted|p1a: Landorus\n|-damage|p1a: Landorus|70\/100\n|-damage|p2a: Medicham|84\/100|[from] item: Rocky Helmet|[of] p1a: Landorus\n|\n|upkeep\n|turn|10\n|\n|t:|1664763037\n|switch|p2a: Zapdos|Zapdos|100\/100\n|move|p1a: Landorus|Stealth Rock|p2a: Zapdos\n|-sidestart|p2: Lucians Call|move: Stealth Rock\n|\n|upkeep\n|turn|11\n|\n|t:|1664763041\n|move|p1a: Landorus|U-turn|p2a: Zapdos\n|-resisted|p2a: Zapdos\n|-damage|p2a: Zapdos|92\/100\n|-damage|p1a: Landorus|54\/100|[from] item: Rocky Helmet|[of] p2a: Zapdos\n|\n|t:|1664763043\n|switch|p1a: Greninja|Greninja, M|37\/100|[from]move: U-turn\n|move|p2a: Zapdos|Defog|p1a: Greninja\n|-unboost|p1a: Greninja|evasion|1\n|-sideend|p2: Lucians Call|Stealth Rock|[from] move: Defog|[of] p2a: Zapdos\n|\n|upkeep\n|turn|12\n|\n|t:|1664763052\n|switch|p2a: Kyurem|Kyurem-Black|42\/100\n|-ability|p2a: Kyurem|Teravolt\n|move|p1a: Greninja|Ice Beam|p2a: Kyurem\n|-start|p1a: Greninja|typechange|Ice|[from] ability: Protean\n|-damage|p2a: Kyurem|10\/100\n|\n|upkeep\n|turn|13\n|\n|t:|1664763054\n|switch|p2a: Tyranitar|Tyranitar, M|100\/100\n|-weather|Sandstorm|[from] ability: Sand Stream|[of] p2a: Tyranitar\n|move|p1a: Greninja|Ice Beam|p2a: Tyranitar\n|-crit|p2a: Tyranitar\n|-damage|p2a: Tyranitar|86\/100\n|\n|-weather|Sandstorm|[upkeep]\n|-damage|p1a: Greninja|31\/100|[from] Sandstorm\n|upkeep\n|turn|14\n|\n|t:|1664763059\n|-activate|p1a: Greninja|move: Pursuit\n|move|p2a: Tyranitar|Pursuit|p1a: Greninja|[from]Pursuit\n|-damage|p1a: Greninja|0 fnt\n|faint|p1a: Greninja\n|-hint|A Pokemon can't switch between when it runs out of HP and when it faints\n|\n|-weather|Sandstorm|[upkeep]\n|upkeep\n|\n|t:|1664763062\n|switch|p1a: Alakazam|Alakazam, F|100\/100\n|turn|15\n|\n|t:|1664763065\n|detailschange|p1a: Alakazam|Alakazam-Mega, F\n|-mega|p1a: Alakazam|Alakazam|Alakazite\n|-ability|p1a: Alakazam|Sand Stream|[from] ability: Trace|[of] p2a: Tyranitar\n|move|p1a: Alakazam|Focus Blast|p2a: Tyranitar\n|-supereffective|p2a: Tyranitar\n|-damage|p2a: Tyranitar|26\/100\n|move|p2a: Tyranitar|Crunch|p1a: Alakazam\n|-supereffective|p1a: Alakazam\n|-damage|p1a: Alakazam|0 fnt\n|faint|p1a: Alakazam\n|\n|-weather|Sandstorm|[upkeep]\n|upkeep\n|\n|t:|1664763072\n|switch|p1a: Landorus|Landorus-Therian, M|54\/100\n|-ability|p1a: Landorus|Intimidate|boost\n|-unboost|p2a: Tyranitar|atk|1\n|turn|16\n|\n|t:|1664763084\n|switch|p2a: Landorus|Landorus-Therian, M|100\/100\n|-ability|p2a: Landorus|Intimidate|boost\n|-unboost|p1a: Landorus|atk|1\n|move|p1a: Landorus|U-turn|p2a: Landorus\n|-resisted|p2a: Landorus\n|-damage|p2a: Landorus|93\/100\n|\n|t:|1664763088\n|switch|p1a: Dragonite|Dragonite, F|100\/100|[from]move: U-turn\n|\n|-weather|Sandstorm|[upkeep]\n|-damage|p1a: Dragonite|94\/100|[from] Sandstorm\n|-heal|p1a: Dragonite|100\/100|[from] item: Leftovers\n|upkeep\n|turn|17\n|\n|t:|1664763098\n|move|p2a: Landorus|U-turn|p1a: Dragonite\n|-resisted|p1a: Dragonite\n|-damage|p1a: Dragonite|94\/100\n|\n|t:|1664763101\n|switch|p2a: Zapdos|Zapdos|92\/100|[from]move: U-turn\n|move|p1a: Dragonite|Dragon Dance|p1a: Dragonite\n|-boost|p1a: Dragonite|atk|1\n|-boost|p1a: Dragonite|spe|1\n|\n|-weather|none\n|-heal|p1a: Dragonite|99\/100|[from] item: Leftovers\n|upkeep\n|turn|18\n|\n|t:|1664763103\n|move|p1a: Dragonite|Dragon Dance|p1a: Dragonite\n|-boost|p1a: Dragonite|atk|1\n|-boost|p1a: Dragonite|spe|1\n|move|p2a: Zapdos|Volt Switch|p1a: Dragonite\n|-damage|p1a: Dragonite|72\/100\n|\n|t:|1664763108\n|switch|p2a: Landorus|Landorus-Therian, M|93\/100|[from]move: Volt Switch\n|-ability|p2a: Landorus|Intimidate|boost\n|-unboost|p1a: Dragonite|atk|1\n|\n|-heal|p1a: Dragonite|78\/100|[from] item: Leftovers\n|upkeep\n|turn|19\n|j| WillisTurtle\n|\n|t:|1664763112\n|move|p1a: Dragonite|Ice Punch|p2a: Landorus\n|-supereffective|p2a: Landorus\n|-damage|p2a: Landorus|0 fnt\n|faint|p2a: Landorus\n|\n|-heal|p1a: Dragonite|84\/100|[from] item: Leftovers\n|upkeep\n|\n|t:|1664763118\n|switch|p2a: Medicham|Medicham-Mega, F|84\/100\n|turn|20\n|\n|t:|1664763120\n|move|p2a: Medicham|Fake Out|p1a: Dragonite\n|-damage|p1a: Dragonite|61\/100\n|cant|p1a: Dragonite|flinch\n|\n|-heal|p1a: Dragonite|67\/100|[from] item: Leftovers\n|upkeep\n|turn|21\n|\n|t:|1664763124\n|move|p1a: Dragonite|Roost|p1a: Dragonite\n|-heal|p1a: Dragonite|100\/100\n|-singleturn|p1a: Dragonite|move: Roost\n|move|p2a: Medicham|Zen Headbutt|p1a: Dragonite\n|-damage|p1a: Dragonite|67\/100\n|\n|-heal|p1a: Dragonite|73\/100|[from] item: Leftovers\n|upkeep\n|turn|22\n|\n|t:|1664763129\n|move|p1a: Dragonite|Earthquake|p2a: Medicham\n|-damage|p2a: Medicham|20\/100\n|move|p2a: Medicham|Zen Headbutt|p1a: Dragonite\n|-damage|p1a: Dragonite|6\/100\n|\n|-heal|p1a: Dragonite|12\/100|[from] item: Leftovers\n|upkeep\n|turn|23\n|\n|t:|1664763133\n|move|p2a: Medicham|Bullet Punch|p1a: Dragonite\n|-damage|p1a: Dragonite|0 fnt\n|faint|p1a: Dragonite\n|\n|upkeep\n|\n|t:|1664763135\n|switch|p1a: Landorus|Landorus-Therian, M|54\/100\n|-ability|p1a: Landorus|Intimidate|boost\n|-unboost|p2a: Medicham|atk|1\n|turn|24\n|\n|t:|1664763138\n|switch|p2a: Zapdos|Zapdos|92\/100\n|move|p1a: Landorus|U-turn|p2a: Zapdos\n|-resisted|p2a: Zapdos\n|-damage|p2a: Zapdos|85\/100\n|-damage|p1a: Landorus|37\/100|[from] item: Rocky Helmet|[of] p2a: Zapdos\n|\n|t:|1664763140\n|switch|p1a: Heatran|Heatran, M|100\/100|[from]move: U-turn\n|\n|upkeep\n|turn|25\n|\n|t:|1664763145\n|switch|p2a: Tyranitar|Tyranitar, M|26\/100\n|-weather|Sandstorm|[from] ability: Sand Stream|[of] p2a: Tyranitar\n|move|p1a: Heatran|Magma Storm|p2a: Tyranitar\n|-resisted|p2a: Tyranitar\n|-damage|p2a: Tyranitar|18\/100\n|-activate|p2a: Tyranitar|move: Magma Storm|[of] p1a: Heatran\n|\n|-weather|Sandstorm|[upkeep]\n|-damage|p2a: Tyranitar|5\/100|[from] move: Magma Storm|[partiallytrapped]\n|upkeep\n|turn|26\n|\n|t:|1664763148\n|move|p1a: Heatran|Earth Power|p2a: Tyranitar\n|-supereffective|p2a: Tyranitar\n|-damage|p2a: Tyranitar|0 fnt\n|faint|p2a: Tyranitar\n|\n|-weather|Sandstorm|[upkeep]\n|upkeep\n|\n|t:|1664763149\n|switch|p2a: Medicham|Medicham-Mega, F|20\/100\n|turn|27\n|\n|t:|1664763155\n|switch|p2a: Zapdos|Zapdos|85\/100\n|switch|p1a: Landorus|Landorus-Therian, M|37\/100\n|-ability|p1a: Landorus|Intimidate|boost\n|-unboost|p2a: Zapdos|atk|1\n|\n|-weather|Sandstorm|[upkeep]\n|-damage|p2a: Zapdos|78\/100|[from] Sandstorm\n|upkeep\n|turn|28\n|\n|t:|1664763158\n|switch|p1a: Heatran|Heatran, M|100\/100\n|move|p2a: Zapdos|Volt Switch|p1a: Heatran\n|-damage|p1a: Heatran|69\/100\n|\n|t:|1664763162\n|switch|p2a: Medicham|Medicham-Mega, F|20\/100|[from]move: Volt Switch\n|\n|-weather|Sandstorm|[upkeep]\n|-damage|p2a: Medicham|14\/100|[from] Sandstorm\n|upkeep\n|turn|29\n|\n|t:|1664763163\n|switch|p2a: Zapdos|Zapdos|78\/100\n|switch|p1a: Landorus|Landorus-Therian, M|37\/100\n|-ability|p1a: Landorus|Intimidate|boost\n|-unboost|p2a: Zapdos|atk|1\n|\n|-weather|none\n|upkeep\n|turn|30\n|\n|t:|1664763166\n|switch|p1a: Heatran|Heatran, M|69\/100\n|move|p2a: Zapdos|Volt Switch|p1a: Heatran\n|-damage|p1a: Heatran|40\/100\n|\n|t:|1664763178\n|switch|p2a: Medicham|Medicham-Mega, F|14\/100|[from]move: Volt Switch\n|\n|upkeep\n|turn|31\n|\n|t:|1664763201\n|switch|p1a: Landorus|Landorus-Therian, M|37\/100\n|-ability|p1a: Landorus|Intimidate|boost\n|-unboost|p2a: Medicham|atk|1\n|move|p2a: Medicham|Zen Headbutt|p1a: Landorus|[miss]\n|-miss|p2a: Medicham|p1a: Landorus\n|\n|upkeep\n|turn|32\n|\n|t:|1664763206\n|switch|p2a: Zapdos|Zapdos|78\/100\n|move|p1a: Landorus|Stealth Rock|p2a: Zapdos\n|-sidestart|p2: Lucians Call|move: Stealth Rock\n|\n|upkeep\n|turn|33\n|\n|t:|1664763211\n|move|p1a: Landorus|Hidden Power|p2a: Zapdos\n|-supereffective|p2a: Zapdos\n|-damage|p2a: Zapdos|54\/100\n|move|p2a: Zapdos|Defog|p1a: Landorus\n|-unboost|p1a: Landorus|evasion|1\n|-sideend|p2: Lucians Call|Stealth Rock|[from] move: Defog|[of] p2a: Zapdos\n|\n|upkeep\n|turn|34\n|\n|t:|1664763214\n|move|p1a: Landorus|Stealth Rock|p2a: Zapdos\n|-sidestart|p2: Lucians Call|move: Stealth Rock\n|move|p2a: Zapdos|Roost|p2a: Zapdos\n|-heal|p2a: Zapdos|100\/100\n|-singleturn|p2a: Zapdos|move: Roost\n|\n|upkeep\n|turn|35\n|\n|t:|1664763217\n|move|p1a: Landorus|Hidden Power|p2a: Zapdos\n|-supereffective|p2a: Zapdos\n|-damage|p2a: Zapdos|74\/100\n|move|p2a: Zapdos|Defog|p1a: Landorus\n|-unboost|p1a: Landorus|evasion|1\n|-sideend|p2: Lucians Call|Stealth Rock|[from] move: Defog|[of] p2a: Zapdos\n|\n|upkeep\n|turn|36\n|\n|t:|1664763220\n|move|p1a: Landorus|Stealth Rock|p2a: Zapdos\n|-sidestart|p2: Lucians Call|move: Stealth Rock\n|move|p2a: Zapdos|Heat Wave|p1a: Landorus\n|-damage|p1a: Landorus|7\/100\n|\n|upkeep\n|turn|37\n|\n|t:|1664763228\n|switch|p1a: Heatran|Heatran, M|40\/100\n|move|p2a: Zapdos|Defog|p1a: Heatran\n|-unboost|p1a: Heatran|evasion|1\n|-sideend|p2: Lucians Call|Stealth Rock|[from] move: Defog|[of] p2a: Zapdos\n|\n|upkeep\n|turn|38\n|\n|t:|1664763238\n|switch|p2a: Kyurem|Kyurem-Black|10\/100\n|-ability|p2a: Kyurem|Teravolt\n|move|p1a: Heatran|Magma Storm|p2a: Kyurem\n|-damage|p2a: Kyurem|0 fnt\n|faint|p2a: Kyurem\n|\n|upkeep\n|\n|t:|1664763240\n|switch|p2a: Medicham|Medicham-Mega, F|14\/100\n|turn|39\n|\n|t:|1664763247\n|switch|p2a: Zapdos|Zapdos|74\/100\n|switch|p1a: Landorus|Landorus-Therian, M|7\/100\n|-ability|p1a: Landorus|Intimidate|boost\n|-unboost|p2a: Zapdos|atk|1\n|\n|upkeep\n|turn|40\n|\n|t:|1664763256\n|move|p1a: Landorus|Stealth Rock|p2a: Zapdos\n|-sidestart|p2: Lucians Call|move: Stealth Rock\n|move|p2a: Zapdos|Roost|p2a: Zapdos\n|-heal|p2a: Zapdos|100\/100\n|-singleturn|p2a: Zapdos|move: Roost\n|\n|upkeep\n|turn|41\n|\n|t:|1664763260\n|switch|p1a: Heatran|Heatran, M|40\/100\n|move|p2a: Zapdos|Defog|p1a: Heatran\n|-unboost|p1a: Heatran|evasion|1\n|-sideend|p2: Lucians Call|Stealth Rock|[from] move: Defog|[of] p2a: Zapdos\n|\n|upkeep\n|turn|42\n|\n|t:|1664763263\n|-zpower|p1a: Heatran\n|move|p1a: Heatran|Inferno Overdrive|p2a: Zapdos|[zeffect]\n|-damage|p2a: Zapdos|0 fnt\n|faint|p2a: Zapdos\n|\n|upkeep\n|-message|Lucians Call forfeited.\n|\n|win|Bashar Jackson\n|raw|Bashar Jackson's rating: 1506 &rarr; <strong>1539<\/strong><br \/>(+33 for winning)\n|raw|Lucians Call's rating: 1767 &rarr; <strong>1734<\/strong><br \/>(-33 for losing)\n|l|\u2606Lucians Call\n","uploadtime":1664763279,"views":38,"p1id":"basharjackson","p2id":"lucianscall","formatid":"gen7ou","rating":1539,"private":0,"password":null}