{"id":"gen7ou-1159583861","p1":"Hajmola","p2":"mpngjp","format":"gen7ou","log":"|j|\u2606Hajmola\n|j|\u2606mpngjp\n|t:|1596003671\n|player|p1|Hajmola|pokefan|1116\n|player|p2|mpngjp|2|1000\n|teamsize|p1|5\n|teamsize|p2|6\n|gametype|singles\n|gen|7\n|tier|[Gen 7] OU\n|rated|\n|clearpoke\n|poke|p1|Volcanion|item\n|poke|p1|Thundurus-Therian, M|item\n|poke|p1|Goodra, M|item\n|poke|p1|Porygon2|item\n|poke|p1|Clefable, M|item\n|poke|p2|Noivern, M|item\n|poke|p2|Magnezone|item\n|poke|p2|Gyarados, M|item\n|poke|p2|Clefable, F|item\n|poke|p2|Jolteon, M|item\n|poke|p2|Excadrill, M|item\n|rule|Sleep Clause Mod: Limit one foe put to sleep\n|rule|Species Clause: Limit one of each Pok\u00e9mon\n|rule|OHKO Clause: OHKO moves are banned\n|rule|Moody Clause: Moody is banned\n|rule|Evasion Moves Clause: Evasion moves are banned\n|rule|Endless Battle Clause: Forcing endless battles is banned\n|rule|HP Percentage Mod: HP is shown in percentages\n|teampreview\n|inactive|Battle timer is ON: inactive players will automatically lose when time's up. (requested by Hajmola)\n|\n|t:|1596003678\n|start\n|switch|p1a: Porygon2|Porygon2|100\/100\n|switch|p2a: Noivern|Noivern, M|100\/100\n|-item|p1a: Porygon2|Eviolite|[from] ability: Frisk|[of] p2a: Noivern|[identify]\n|-ability|p1a: Porygon2|Frisk|[from] ability: Trace|[of] p2a: Noivern\n|-item|p2a: Noivern|Firium Z|[from] ability: Frisk|[of] p1a: Porygon2|[identify]\n|turn|1\n|\n|t:|1596003690\n|move|p2a: Noivern|U-turn|p1a: Porygon2\n|-damage|p1a: Porygon2|93\/100\n|\n|t:|1596003693\n|switch|p2a: Jolteon|Jolteon, M|100\/100|[from]move: U-turn\n|move|p1a: Porygon2|Gravity|p1a: Porygon2\n|-fieldstart|move: Gravity\n|\n|upkeep\n|turn|2\n|\n|t:|1596003702\n|move|p2a: Jolteon|Light Screen|p2a: Jolteon\n|-sidestart|p2: mpngjp|move: Light Screen\n|move|p1a: Porygon2|Blizzard|p2a: Jolteon\n|-damage|p2a: Jolteon|78\/100\n|\n|upkeep\n|turn|3\n|\n|t:|1596003718\n|switch|p1a: Thundurus|Thundurus-Therian, M|100\/100\n|move|p2a: Jolteon|Reflect|p2a: Jolteon\n|-sidestart|p2: mpngjp|Reflect\n|\n|upkeep\n|turn|4\n|\n|t:|1596003728\n|move|p2a: Jolteon|Hidden Power|p1a: Thundurus\n|-supereffective|p1a: Thundurus\n|-damage|p1a: Thundurus|51\/100\n|move|p1a: Thundurus|Iron Tail|p2a: Jolteon\n|-resisted|p2a: Jolteon\n|-damage|p2a: Jolteon|65\/100\n|\n|upkeep\n|turn|5\n|\n|t:|1596003736\n|move|p2a: Jolteon|Hidden Power|p1a: Thundurus\n|-supereffective|p1a: Thundurus\n|-damage|p1a: Thundurus|4\/100\n|move|p1a: Thundurus|Foul Play|p2a: Jolteon\n|-damage|p2a: Jolteon|55\/100\n|\n|-fieldend|move: Gravity\n|upkeep\n|turn|6\n|\n|t:|1596003747\n|move|p2a: Jolteon|Hidden Power|p1a: Thundurus\n|-supereffective|p1a: Thundurus\n|-damage|p1a: Thundurus|0 fnt\n|faint|p1a: Thundurus\n|\n|upkeep\n|\n|t:|1596003753\n|switch|p1a: Clefable|Clefable, M|100\/100\n|turn|7\n|\n|t:|1596003760\n|move|p2a: Jolteon|Volt Switch|p1a: Clefable\n|-damage|p1a: Clefable|77\/100\n|\n|t:|1596003763\n|switch|p2a: Magnezone|Magnezone|100\/100|[from]move: Volt Switch\n|move|p1a: Clefable|Trick|p2a: Magnezone\n|-activate|p1a: Clefable|move: Trick|[of] p2a: Magnezone\n|-item|p2a: Magnezone|Toxic Orb|[from] move: Trick\n|-item|p1a: Clefable|Assault Vest|[from] move: Trick\n|\n|upkeep\n|turn|8\n|\n|t:|1596003776\n|switch|p1a: Porygon2|Porygon2|93\/100\n|-ability|p1a: Porygon2|Analytic|[from] ability: Trace|[of] p2a: Magnezone\n|move|p2a: Magnezone|Flash Cannon|p1a: Porygon2\n|-damage|p1a: Porygon2|59\/100\n|\n|upkeep\n|turn|9\n|\n|t:|1596003792\n|move|p2a: Magnezone|Volt Switch|p1a: Porygon2\n|-damage|p1a: Porygon2|37\/100\n|\n|t:|1596003797\n|switch|p2a: Clefable|Clefable, F|100\/100|[from]move: Volt Switch\n|move|p1a: Porygon2|Rain Dance|p1a: Porygon2\n|-weather|RainDance\n|\n|-weather|RainDance|[upkeep]\n|-sideend|p2: mpngjp|move: Light Screen\n|upkeep\n|turn|10\n|\n|t:|1596003819\n|switch|p1a: Clefable|Clefable, M|77\/100\n|move|p2a: Clefable|Toxic|p1a: Clefable\n|-status|p1a: Clefable|tox\n|\n|-weather|RainDance|[upkeep]\n|-sideend|p2: mpngjp|Reflect\n|upkeep\n|turn|11\n|\n|t:|1596003832\n|switch|p1a: Goodra|Goodra, M|100\/100\n|move|p2a: Clefable|Stealth Rock|p1a: Goodra\n|-sidestart|p1: Hajmola|move: Stealth Rock\n|\n|-weather|RainDance|[upkeep]\n|upkeep\n|turn|12\n|\n|t:|1596003844\n|move|p1a: Goodra|Thunder|p2a: Clefable\n|-damage|p2a: Clefable|57\/100\n|-damage|p1a: Goodra|91\/100|[from] item: Life Orb\n|move|p2a: Clefable|Toxic|p1a: Goodra|[miss]\n|-miss|p2a: Clefable|p1a: Goodra\n|\n|-weather|RainDance|[upkeep]\n|upkeep\n|turn|13\n|\n|t:|1596003854\n|move|p1a: Goodra|Thunder|p2a: Clefable\n|-damage|p2a: Clefable|13\/100\n|-enditem|p2a: Clefable|Wiki Berry|[eat]\n|-heal|p2a: Clefable|63\/100|[from] item: Wiki Berry\n|-damage|p1a: Goodra|81\/100|[from] item: Life Orb\n|move|p2a: Clefable|Toxic|p1a: Goodra\n|-status|p1a: Goodra|tox\n|\n|-weather|none\n|-damage|p1a: Goodra|74\/100 tox|[from] psn\n|upkeep\n|turn|14\n|\n|t:|1596003867\n|switch|p1a: Porygon2|Porygon2|37\/100\n|-damage|p1a: Porygon2|25\/100|[from] Stealth Rock\n|-ability|p1a: Porygon2|Unaware|[from] ability: Trace|[of] p2a: Clefable\n|switch|p2a: Excadrill|Excadrill, M|100\/100\n|-ability|p2a: Excadrill|Mold Breaker\n|\n|upkeep\n|turn|15\n|\n|t:|1596003878\n|move|p2a: Excadrill|Iron Head|p1a: Porygon2\n|-damage|p1a: Porygon2|0 fnt\n|faint|p1a: Porygon2\n|\n|upkeep\n|\n|t:|1596003883\n|switch|p1a: Volcanion|Volcanion|100\/100\n|-damage|p1a: Volcanion|75\/100|[from] Stealth Rock\n|turn|16\n|\n|t:|1596003891\n|move|p2a: Excadrill|Earthquake|p1a: Volcanion\n|-supereffective|p1a: Volcanion\n|-damage|p1a: Volcanion|0 fnt\n|faint|p1a: Volcanion\n|\n|upkeep\n|-message|Hajmola forfeited.\n|\n|win|mpngjp\n|l|\u2606Hajmola\n|raw|Hajmola's rating: 1116 &rarr; <strong>1083<\/strong><br \/>(-33 for losing)\n|raw|mpngjp's rating: 1000 &rarr; <strong>1053<\/strong><br \/>(+53 for winning)\n","uploadtime":1596003899,"views":11,"p1id":"hajmola","p2id":"mpngjp","formatid":"gen7ou","rating":1053,"private":0,"password":null}