{"id":"gen7randombattle-1131756514","p1":"BaddyGames","p2":"Freya1337","format":"gen7randombattle","log":"|j|\u2606BaddyGames\n|j|\u2606Freya1337\n|player|p1|BaddyGames|275|\n|player|p2|Freya1337|1|\n|teamsize|p1|6\n|teamsize|p2|6\n|gametype|singles\n|gen|7\n|tier|[Gen 7] Random Battle\n|rule|Sleep Clause Mod: Limit one foe put to sleep\n|rule|HP Percentage Mod: HP is shown in percentages\n|\n|start\n|switch|p1a: Qwilfish|Qwilfish, L88, M|258\/258\n|switch|p2a: Tapu Bulu|Tapu Bulu, L80|243\/243\n|-ability|p1a: Qwilfish|Intimidate|boost\n|-unboost|p2a: Tapu Bulu|atk|1\n|-fieldstart|move: Grassy Terrain|[from] ability: Grassy Surge|[of] p2a: Tapu Bulu\n|turn|1\n|\n|move|p1a: Qwilfish|Thunder Wave|p2a: Tapu Bulu\n|-status|p2a: Tapu Bulu|par\n|move|p2a: Tapu Bulu|Bulk Up|p2a: Tapu Bulu\n|-boost|p2a: Tapu Bulu|atk|1\n|-boost|p2a: Tapu Bulu|def|1\n|\n|upkeep\n|turn|2\n|\n|move|p1a: Qwilfish|Taunt|p2a: Tapu Bulu\n|-start|p2a: Tapu Bulu|move: Taunt\n|cant|p2a: Tapu Bulu|par\n|\n|upkeep\n|turn|3\n|\n|move|p1a: Qwilfish|Spikes|p2a: Tapu Bulu\n|-sidestart|p2: Freya1337|Spikes\n|move|p2a: Tapu Bulu|Horn Leech|p1a: Qwilfish\n|-damage|p1a: Qwilfish|122\/258\n|\n|-heal|p1a: Qwilfish|138\/258|[from] Grassy Terrain\n|upkeep\n|turn|4\n|\n|move|p1a: Qwilfish|Spikes|p2a: Tapu Bulu\n|-sidestart|p2: Freya1337|Spikes\n|move|p2a: Tapu Bulu|Horn Leech|p1a: Qwilfish\n|-damage|p1a: Qwilfish|9\/258\n|\n|-heal|p1a: Qwilfish|25\/258|[from] Grassy Terrain\n|-end|p2a: Tapu Bulu|move: Taunt\n|upkeep\n|turn|5\n|\n|move|p1a: Qwilfish|Spikes|p2a: Tapu Bulu\n|-sidestart|p2: Freya1337|Spikes\n|move|p2a: Tapu Bulu|Horn Leech|p1a: Qwilfish\n|-crit|p1a: Qwilfish\n|-damage|p1a: Qwilfish|0 fnt\n|faint|p1a: Qwilfish\n|\n|-fieldend|move: Grassy Terrain\n|upkeep\n|c|\u2606Freya1337|be=ruh i forgor spikes stacked\n|\n|switch|p1a: Cobalion|Cobalion, L82|283\/283\n|turn|6\n|\n|move|p1a: Cobalion|Stealth Rock|p2a: Tapu Bulu\n|-sidestart|p2: Freya1337|move: Stealth Rock\n|cant|p2a: Tapu Bulu|par\n|\n|upkeep\n|turn|7\n|\n|move|p1a: Cobalion|Iron Head|p2a: Tapu Bulu\n|-supereffective|p2a: Tapu Bulu\n|-damage|p2a: Tapu Bulu|159\/243 par\n|cant|p2a: Tapu Bulu|par\n|\n|-heal|p2a: Tapu Bulu|174\/243 par|[from] item: Leftovers\n|upkeep\n|turn|8\n|\n|move|p1a: Cobalion|Iron Head|p2a: Tapu Bulu\n|-supereffective|p2a: Tapu Bulu\n|-damage|p2a: Tapu Bulu|82\/243 par\n|move|p2a: Tapu Bulu|Bulk Up|p2a: Tapu Bulu\n|-boost|p2a: Tapu Bulu|atk|1\n|-boost|p2a: Tapu Bulu|def|1\n|\n|-heal|p2a: Tapu Bulu|97\/243 par|[from] item: Leftovers\n|upkeep\n|turn|9\n|\n|move|p1a: Cobalion|Iron Head|p2a: Tapu Bulu\n|-supereffective|p2a: Tapu Bulu\n|-damage|p2a: Tapu Bulu|31\/243 par\n|cant|p2a: Tapu Bulu|flinch\n|\n|-heal|p2a: Tapu Bulu|46\/243 par|[from] item: Leftovers\n|upkeep\n|turn|10\n|\n|move|p1a: Cobalion|Iron Head|p2a: Tapu Bulu\n|-supereffective|p2a: Tapu Bulu\n|-damage|p2a: Tapu Bulu|0 fnt\n|faint|p2a: Tapu Bulu\n|\n|upkeep\n|\n|switch|p2a: Mesprit|Mesprit, L86|278\/278\n|-damage|p2a: Mesprit|244\/278|[from] Stealth Rock\n|turn|11\n|\n|move|p1a: Cobalion|Iron Head|p2a: Mesprit\n|-damage|p2a: Mesprit|180\/278\n|move|p2a: Mesprit|Psychic|p1a: Cobalion\n|-crit|p1a: Cobalion\n|-damage|p1a: Cobalion|85\/283\n|\n|-heal|p1a: Cobalion|102\/283|[from] item: Leftovers\n|-heal|p2a: Mesprit|197\/278|[from] item: Leftovers\n|upkeep\n|turn|12\n|\n|move|p1a: Cobalion|Iron Head|p2a: Mesprit\n|-damage|p2a: Mesprit|128\/278\n|cant|p2a: Mesprit|flinch\n|\n|-heal|p1a: Cobalion|119\/283|[from] item: Leftovers\n|-heal|p2a: Mesprit|145\/278|[from] item: Leftovers\n|upkeep\n|turn|13\n|\n|move|p1a: Cobalion|Iron Head|p2a: Mesprit\n|-damage|p2a: Mesprit|81\/278\n|move|p2a: Mesprit|Psychic|p1a: Cobalion\n|-damage|p1a: Cobalion|2\/283\n|\n|-heal|p1a: Cobalion|19\/283|[from] item: Leftovers\n|-heal|p2a: Mesprit|98\/278|[from] item: Leftovers\n|upkeep\n|turn|14\n|\n|move|p1a: Cobalion|Iron Head|p2a: Mesprit\n|-damage|p2a: Mesprit|37\/278\n|move|p2a: Mesprit|Psychic|p1a: Cobalion\n|-damage|p1a: Cobalion|0 fnt\n|faint|p1a: Cobalion\n|\n|-heal|p2a: Mesprit|54\/278|[from] item: Leftovers\n|upkeep\n|c|\u2606Freya1337|you sir are one lucky boi\n|c|\u2606BaddyGames|skill\n|\n|switch|p1a: Xerneas|Xerneas, L78|325\/325\n|-ability|p1a: Xerneas|Fairy Aura\n|turn|15\n|c|\u2606Freya1337|the flinches and paralysis are in your favor this amtch\n|\n|move|p1a: Xerneas|Geomancy||[still]\n|-prepare|p1a: Xerneas|Geomancy|p1a: Xerneas\n|-enditem|p1a: Xerneas|Power Herb\n|-anim|p1a: Xerneas|Geomancy|p1a: Xerneas\n|-boost|p1a: Xerneas|spa|2\n|-boost|p1a: Xerneas|spd|2\n|-boost|p1a: Xerneas|spe|2\n|move|p2a: Mesprit|Stealth Rock|p1a: Xerneas\n|-sidestart|p1: BaddyGames|move: Stealth Rock\n|\n|-heal|p2a: Mesprit|71\/278|[from] item: Leftovers\n|upkeep\n|turn|16\n|\n|move|p1a: Xerneas|Moonblast|p2a: Mesprit\n|-damage|p2a: Mesprit|0 fnt\n|faint|p2a: Mesprit\n|\n|upkeep\n|\n|switch|p2a: Escavalier|Escavalier, L84, M|255\/255\n|-damage|p2a: Escavalier|192\/255|[from] Spikes\n|-damage|p2a: Escavalier|161\/255|[from] Stealth Rock\n|turn|17\n|\n|move|p1a: Xerneas|Hidden Power|p2a: Escavalier\n|-supereffective|p2a: Escavalier\n|-damage|p2a: Escavalier|0 fnt\n|faint|p2a: Escavalier\n|\n|upkeep\n|c|\u2606Freya1337|gg\n|\n|switch|p2a: Furfrou|Furfrou-Heart, L88, F|275\/275\n|-damage|p2a: Furfrou|241\/275|[from] Stealth Rock\n|-damage|p2a: Furfrou|173\/275|[from] Spikes\n|turn|18\n|\n|move|p1a: Xerneas|Moonblast|p2a: Furfrou\n|-crit|p2a: Furfrou\n|-damage|p2a: Furfrou|0 fnt\n|faint|p2a: Furfrou\n|\n|upkeep\n|\n|switch|p2a: Ninetales|Ninetales-Alola, L82, M|254\/254\n|-damage|p2a: Ninetales|191\/254|[from] Stealth Rock\n|-damage|p2a: Ninetales|128\/254|[from] Spikes\n|-weather|Hail|[from] ability: Snow Warning|[of] p2a: Ninetales\n|turn|19\n|\n|move|p1a: Xerneas|Moonblast|p2a: Ninetales\n|-damage|p2a: Ninetales|0 fnt\n|faint|p2a: Ninetales\n|\n|-weather|Hail|[upkeep]\n|-damage|p1a: Xerneas|305\/325|[from] Hail\n|upkeep\n|\n|switch|p2a: Regirock|Regirock, L88|284\/284\n|-damage|p2a: Regirock|249\/284|[from] Stealth Rock\n|-damage|p2a: Regirock|178\/284|[from] Spikes\n|turn|20\n|\n|move|p1a: Xerneas|Moonblast|p2a: Regirock\n|-damage|p2a: Regirock|0 fnt\n|faint|p2a: Regirock\n|\n|win|BaddyGames\n|c|\u2606BaddyGames|gg\n","inputlog":">version e1649a2dfaa61a80f5a5f70e20f6f26ae4cc4115\n>version-origin 70ab234f1d71fd2bc2b4c543cd0d0a1110b8e06b\n>start {\"formatid\":\"gen7randombattle\",\"seed\":[56864,318,48803,60437]}\n>player p1 {\"name\":\"BaddyGames\",\"avatar\":\"275\",\"team\":\"\",\"rating\":0,\"seed\":[48117,51453,29063,38558]}\n>player p2 {\"name\":\"Freya1337\",\"avatar\":\"1\",\"team\":\"\",\"rating\":0,\"seed\":[57195,46187,13952,16070]}\n>p1 move thunderwave\n>p2 move bulkup\n>p1 move taunt\n>p2 move hornleech\n>p1 move spikes\n>p2 move hornleech\n>p1 move spikes\n>p2 move hornleech\n>p1 move spikes\n>p2 move hornleech\n>p1 switch 2\n>p1 move stealthrock\n>p2 move bulkup\n>p1 move ironhead\n>p2 move bulkup\n>p1 move ironhead\n>p2 move bulkup\n>p1 move ironhead\n>p2 move hornleech\n>p1 move ironhead\n>p2 move hornleech\n>p2 switch 3\n>p1 move ironhead\n>p2 move psychic\n>p1 move ironhead\n>p2 move psychic\n>p1 move ironhead\n>p2 move psychic\n>p1 move ironhead\n>p2 move psychic\n>p1 switch 5\n>p1 move geomancy\n>p2 move stealthrock\n>p1 move moonblast\n>p2 move psychic\n>p2 switch 4\n>p1 move hiddenpower\n>p2 move ironhead\n>p2 switch 5\n>p1 move moonblast\n>p2 move thunderwave\n>p2 switch 6\n>p1 move moonblast\n>p2 move moonblast\n>p2 switch 2\n>p1 move moonblast\n>p2 move rockslide","uploadtime":1592014236,"views":4,"p1id":"baddygames","p2id":"freya1337","formatid":"gen7randombattle","rating":0,"private":0,"password":null}