{"id":"gen7ou-920656498","p1":"HQSFun","p2":"aroberson","format":"gen7ou","log":"|j|\u2606HQSFun\n|j|\u2606aroberson\n|player|p1|HQSFun|260\n|player|p2|aroberson|170\n|teamsize|p1|6\n|teamsize|p2|6\n|gametype|singles\n|gen|7\n|tier|[Gen 7] OU\n|rated|\n|rule|Sleep Clause Mod: Limit one foe put to sleep\n|rule|Species Clause: Limit one of each Pok\u00e9mon\n|rule|OHKO Clause: OHKO moves are banned\n|rule|Moody Clause: Moody is banned\n|rule|Evasion Moves Clause: Evasion moves are banned\n|rule|Endless Battle Clause: Forcing endless battles is banned\n|rule|HP Percentage Mod: HP is shown in percentages\n|clearpoke\n|poke|p1|Medicham, M|item\n|poke|p1|Greninja, M|item\n|poke|p1|Kartana|item\n|poke|p1|Landorus-Therian, M|item\n|poke|p1|Magearna|item\n|poke|p1|Tapu Koko|item\n|poke|p2|Heatran, F|item\n|poke|p2|Toxapex, M|item\n|poke|p2|Tangrowth, F|item\n|poke|p2|Umbreon, M|item\n|poke|p2|Celesteela|item\n|poke|p2|Rotom-Wash|item\n|teampreview\n|\n|start\n|switch|p1a: Tapu Koko|Tapu Koko|281\/281\n|switch|p2a: Rotom|Rotom-Wash|304\/304\n|-fieldstart|move: Electric Terrain|[from] ability: Electric Surge|[of] p1a: Tapu Koko\n|turn|1\n|inactive|Battle timer is ON: inactive players will automatically lose when time's up. (requested by HQSFun)\n|\n|move|p1a: Tapu Koko|U-turn|p2a: Rotom\n|-damage|p2a: Rotom|245\/304\n|\n|switch|p1a: Landorus|Landorus-Therian, M|382\/382\n|-ability|p1a: Landorus|Intimidate|boost\n|-unboost|p2a: Rotom|atk|1\n|move|p2a: Rotom|Will-O-Wisp|p1a: Landorus\n|-status|p1a: Landorus|brn\n|\n|-heal|p2a: Rotom|264\/304|[from] item: Leftovers\n|-damage|p1a: Landorus|359\/382 brn|[from] brn\n|upkeep\n|turn|2\n|\n|move|p1a: Landorus|Stealth Rock|p2a: Rotom\n|-sidestart|p2: aroberson|move: Stealth Rock\n|move|p2a: Rotom|Hydro Pump|p1a: Landorus\n|-supereffective|p1a: Landorus\n|-damage|p1a: Landorus|35\/382 brn\n|\n|-heal|p1a: Landorus|58\/382 brn|[from] item: Leftovers\n|-heal|p2a: Rotom|283\/304|[from] item: Leftovers\n|-damage|p1a: Landorus|35\/382 brn|[from] brn\n|upkeep\n|turn|3\n|\n|move|p1a: Landorus|U-turn|p2a: Rotom\n|-damage|p2a: Rotom|247\/304\n|\n|switch|p1a: Magearna|Magearna|363\/363\n|move|p2a: Rotom|Will-O-Wisp|p1a: Magearna\n|-status|p1a: Magearna|brn\n|\n|-heal|p2a: Rotom|266\/304|[from] item: Leftovers\n|-damage|p1a: Magearna|341\/363 brn|[from] brn\n|upkeep\n|turn|4\n|\n|move|p2a: Rotom|Defog|p1a: Magearna\n|-unboost|p1a: Magearna|evasion|1\n|-sideend|p2: aroberson|Stealth Rock|[from] move: Defog|[of] p2a: Rotom\n|move|p1a: Magearna|Volt Switch|p2a: Rotom\n|-damage|p2a: Rotom|175\/304\n|\n|switch|p1a: Kartana|Kartana|259\/259\n|\n|-heal|p2a: Rotom|194\/304|[from] item: Leftovers\n|upkeep\n|turn|5\n|\n|switch|p2a: Celesteela|Celesteela|398\/398\n|move|p1a: Kartana|Leaf Blade|p2a: Celesteela\n|-resisted|p2a: Celesteela\n|-damage|p2a: Celesteela|360\/398\n|\n|-heal|p2a: Celesteela|384\/398|[from] item: Leftovers\n|-fieldend|move: Electric Terrain\n|upkeep\n|turn|6\n|\n|switch|p1a: Tapu Koko|Tapu Koko|281\/281\n|-fieldstart|move: Electric Terrain|[from] ability: Electric Surge|[of] p1a: Tapu Koko\n|move|p2a: Celesteela|Toxic|p1a: Tapu Koko\n|-status|p1a: Tapu Koko|tox\n|\n|-heal|p2a: Celesteela|398\/398|[from] item: Leftovers\n|-damage|p1a: Tapu Koko|264\/281 tox|[from] psn\n|upkeep\n|turn|7\n|\n|move|p2a: Celesteela|Protect|p2a: Celesteela\n|-singleturn|p2a: Celesteela|Protect\n|move|p1a: Tapu Koko|Thunderbolt|p2a: Celesteela\n|-activate|p2a: Celesteela|move: Protect\n|\n|-damage|p1a: Tapu Koko|230\/281 tox|[from] psn\n|upkeep\n|turn|8\n|\n|switch|p1a: Medicham|Medicham, M|261\/261\n|switch|p2a: Umbreon|Umbreon, M|394\/394\n|\n|upkeep\n|turn|9\n|\n|detailschange|p1a: Medicham|Medicham-Mega, M\n|-mega|p1a: Medicham|Medicham|Medichamite\n|move|p2a: Umbreon|Protect|p2a: Umbreon\n|-singleturn|p2a: Umbreon|Protect\n|move|p1a: Medicham|Fake Out|p2a: Umbreon\n|-activate|p2a: Umbreon|move: Protect\n|\n|upkeep\n|turn|10\n|\n|switch|p2a: Tangrowth|Tangrowth, F|404\/404\n|move|p1a: Medicham|High Jump Kick|p2a: Tangrowth\n|-damage|p2a: Tangrowth|148\/404\n|\n|-heal|p2a: Tangrowth|173\/404|[from] item: Leftovers\n|-fieldend|move: Electric Terrain\n|upkeep\n|turn|11\n|\n|move|p2a: Tangrowth|Protect|p2a: Tangrowth\n|-singleturn|p2a: Tangrowth|Protect\n|move|p1a: Medicham|High Jump Kick|p2a: Tangrowth\n|-activate|p2a: Tangrowth|move: Protect\n|-damage|p1a: Medicham|131\/261|[from] highjumpkick\n|\n|-heal|p2a: Tangrowth|198\/404|[from] item: Leftovers\n|upkeep\n|turn|12\n|\n|switch|p2a: Toxapex|Toxapex, M|304\/304\n|move|p1a: Medicham|Zen Headbutt|p2a: Toxapex\n|-supereffective|p2a: Toxapex\n|-damage|p2a: Toxapex|28\/304\n|\n|-heal|p2a: Toxapex|47\/304|[from] item: Black Sludge\n|upkeep\n|turn|13\n|\n|switch|p2a: Umbreon|Umbreon, M|394\/394\n|move|p1a: Medicham|Thunder Punch|p2a: Umbreon\n|-damage|p2a: Umbreon|245\/394\n|\n|-heal|p2a: Umbreon|269\/394|[from] item: Leftovers\n|upkeep\n|turn|14\n|\n|switch|p1a: Landorus|Landorus-Therian, M|35\/382 brn\n|-ability|p1a: Landorus|Intimidate|boost\n|-unboost|p2a: Umbreon|atk|1\n|move|p2a: Umbreon|Protect||[still]\n|-fail|p2a: Umbreon\n|\n|-heal|p1a: Landorus|58\/382 brn|[from] item: Leftovers\n|-heal|p2a: Umbreon|293\/394|[from] item: Leftovers\n|-damage|p1a: Landorus|35\/382 brn|[from] brn\n|upkeep\n|turn|15\n|\n|switch|p2a: Rotom|Rotom-Wash|194\/304\n|move|p1a: Landorus|Stealth Rock|p2a: Rotom\n|-sidestart|p2: aroberson|move: Stealth Rock\n|\n|-heal|p1a: Landorus|58\/382 brn|[from] item: Leftovers\n|-heal|p2a: Rotom|213\/304|[from] item: Leftovers\n|-damage|p1a: Landorus|35\/382 brn|[from] brn\n|upkeep\n|turn|16\n|\n|move|p1a: Landorus|U-turn|p2a: Rotom\n|-damage|p2a: Rotom|178\/304\n|\n|switch|p1a: Tapu Koko|Tapu Koko|230\/281 tox\n|-fieldstart|move: Electric Terrain|[from] ability: Electric Surge|[of] p1a: Tapu Koko\n|move|p2a: Rotom|Defog|p1a: Tapu Koko\n|-unboost|p1a: Tapu Koko|evasion|1\n|-sideend|p2: aroberson|Stealth Rock|[from] move: Defog|[of] p2a: Rotom\n|\n|-heal|p2a: Rotom|197\/304|[from] item: Leftovers\n|-damage|p1a: Tapu Koko|213\/281 tox|[from] psn\n|upkeep\n|turn|17\n|\n|move|p1a: Tapu Koko|U-turn|p2a: Rotom\n|-damage|p2a: Rotom|133\/304\n|\n|switch|p1a: Landorus|Landorus-Therian, M|35\/382 brn\n|-ability|p1a: Landorus|Intimidate|boost\n|-unboost|p2a: Rotom|atk|1\n|move|p2a: Rotom|Volt Switch|p1a: Landorus\n|-immune|p1a: Landorus\n|\n|-heal|p1a: Landorus|58\/382 brn|[from] item: Leftovers\n|-heal|p2a: Rotom|152\/304|[from] item: Leftovers\n|-damage|p1a: Landorus|35\/382 brn|[from] brn\n|upkeep\n|turn|18\n|\n|move|p1a: Landorus|Stealth Rock|p2a: Rotom\n|-sidestart|p2: aroberson|move: Stealth Rock\n|move|p2a: Rotom|Hydro Pump|p1a: Landorus\n|-supereffective|p1a: Landorus\n|-damage|p1a: Landorus|0 fnt\n|faint|p1a: Landorus\n|\n|-heal|p2a: Rotom|171\/304|[from] item: Leftovers\n|upkeep\n|\n|switch|p1a: Kartana|Kartana|259\/259\n|turn|19\n|\n|switch|p2a: Celesteela|Celesteela|398\/398\n|-damage|p2a: Celesteela|349\/398|[from] Stealth Rock\n|move|p1a: Kartana|Sacred Sword|p2a: Celesteela\n|-damage|p2a: Celesteela|250\/398\n|\n|-heal|p2a: Celesteela|274\/398|[from] item: Leftovers\n|upkeep\n|turn|20\n|\n|switch|p1a: Tapu Koko|Tapu Koko|213\/281 tox\n|move|p2a: Celesteela|Leech Seed|p1a: Tapu Koko\n|-start|p1a: Tapu Koko|move: Leech Seed\n|\n|-heal|p2a: Celesteela|298\/398|[from] item: Leftovers\n|-damage|p1a: Tapu Koko|178\/281 tox|[from] Leech Seed|[of] p2a: Celesteela\n|-heal|p2a: Celesteela|333\/398|[silent]\n|-damage|p1a: Tapu Koko|161\/281 tox|[from] psn\n|-fieldend|move: Electric Terrain\n|upkeep\n|turn|21\n|\n|switch|p1a: Magearna|Magearna|341\/363 brn\n|move|p2a: Celesteela|Protect||[still]\n|-fail|p2a: Celesteela\n|\n|-heal|p2a: Celesteela|357\/398|[from] item: Leftovers\n|-damage|p1a: Magearna|319\/363 brn|[from] brn\n|upkeep\n|turn|22\n|\n|move|p2a: Celesteela|Protect|p2a: Celesteela\n|-singleturn|p2a: Celesteela|Protect\n|move|p1a: Magearna|Volt Switch|p2a: Celesteela\n|-activate|p2a: Celesteela|move: Protect\n|\n|-heal|p2a: Celesteela|381\/398|[from] item: Leftovers\n|-damage|p1a: Magearna|297\/363 brn|[from] brn\n|upkeep\n|turn|23\n|\n|move|p2a: Celesteela|Leech Seed|p1a: Magearna|[miss]\n|-miss|p2a: Celesteela|p1a: Magearna\n|move|p1a: Magearna|Volt Switch|p2a: Celesteela\n|-supereffective|p2a: Celesteela\n|-damage|p2a: Celesteela|205\/398\n|\n|switch|p1a: Medicham|Medicham-Mega, M|131\/261\n|\n|-heal|p2a: Celesteela|229\/398|[from] item: Leftovers\n|upkeep\n|turn|24\n|\n|move|p1a: Medicham|Fake Out|p2a: Celesteela\n|-resisted|p2a: Celesteela\n|-damage|p2a: Celesteela|198\/398\n|cant|p2a: Celesteela|flinch\n|\n|-heal|p2a: Celesteela|222\/398|[from] item: Leftovers\n|upkeep\n|turn|25\n|\n|move|p2a: Celesteela|Protect|p2a: Celesteela\n|-singleturn|p2a: Celesteela|Protect\n|move|p1a: Medicham|Thunder Punch|p2a: Celesteela\n|-activate|p2a: Celesteela|move: Protect\n|\n|-heal|p2a: Celesteela|246\/398|[from] item: Leftovers\n|upkeep\n|turn|26\n|\n|move|p1a: Medicham|High Jump Kick|p2a: Celesteela\n|-damage|p2a: Celesteela|0 fnt\n|faint|p2a: Celesteela\n|\n|upkeep\n|\n|switch|p2a: Tangrowth|Tangrowth, F|332\/404\n|-damage|p2a: Tangrowth|282\/404|[from] Stealth Rock\n|turn|27\n|\n|switch|p1a: Magearna|Magearna|297\/363 brn\n|move|p2a: Tangrowth|Giga Drain|p1a: Magearna\n|-resisted|p1a: Magearna\n|-damage|p1a: Magearna|271\/363 brn\n|-heal|p2a: Tangrowth|295\/404|[from] drain|[of] p1a: Magearna\n|\n|-heal|p2a: Tangrowth|320\/404|[from] item: Leftovers\n|-damage|p1a: Magearna|249\/363 brn|[from] brn\n|upkeep\n|turn|28\n|\n|move|p2a: Tangrowth|Protect|p2a: Tangrowth\n|-singleturn|p2a: Tangrowth|Protect\n|move|p1a: Magearna|Volt Switch|p2a: Tangrowth\n|-activate|p2a: Tangrowth|move: Protect\n|\n|-heal|p2a: Tangrowth|345\/404|[from] item: Leftovers\n|-damage|p1a: Magearna|227\/363 brn|[from] brn\n|upkeep\n|turn|29\n|\n|move|p1a: Magearna|Volt Switch|p2a: Tangrowth\n|-resisted|p2a: Tangrowth\n|-damage|p2a: Tangrowth|273\/404\n|\n|switch|p1a: Tapu Koko|Tapu Koko|161\/281 tox\n|-fieldstart|move: Electric Terrain|[from] ability: Electric Surge|[of] p1a: Tapu Koko\n|move|p2a: Tangrowth|Giga Drain|p1a: Tapu Koko\n|-damage|p1a: Tapu Koko|28\/281 tox\n|-heal|p2a: Tangrowth|340\/404|[from] drain|[of] p1a: Tapu Koko\n|\n|-heal|p2a: Tangrowth|365\/404|[from] item: Leftovers\n|-damage|p1a: Tapu Koko|11\/281 tox|[from] psn\n|upkeep\n|turn|30\n|\n|move|p2a: Tangrowth|Protect|p2a: Tangrowth\n|-singleturn|p2a: Tangrowth|Protect\n|move|p1a: Tapu Koko|Brave Bird|p2a: Tangrowth\n|-activate|p2a: Tangrowth|move: Protect\n|\n|-heal|p2a: Tangrowth|390\/404|[from] item: Leftovers\n|-damage|p1a: Tapu Koko|0 fnt|[from] psn\n|faint|p1a: Tapu Koko\n|upkeep\n|\n|switch|p1a: Medicham|Medicham-Mega, M|131\/261\n|turn|31\n|\n|move|p1a: Medicham|High Jump Kick|p2a: Tangrowth\n|-damage|p2a: Tangrowth|119\/404\n|move|p2a: Tangrowth|Toxic|p1a: Medicham\n|-status|p1a: Medicham|tox\n|\n|-heal|p2a: Tangrowth|144\/404|[from] item: Leftovers\n|-damage|p1a: Medicham|115\/261 tox|[from] psn\n|upkeep\n|turn|32\n|\n|switch|p1a: Greninja|Greninja, M|285\/285\n|switch|p2a: Umbreon|Umbreon, M|293\/394\n|-damage|p2a: Umbreon|244\/394|[from] Stealth Rock\n|\n|-heal|p2a: Umbreon|268\/394|[from] item: Leftovers\n|upkeep\n|turn|33\n|\n|move|p1a: Greninja|Spikes|p2a: Umbreon\n|-sidestart|p2: aroberson|Spikes\n|move|p2a: Umbreon|Wish|p2a: Umbreon\n|\n|-heal|p2a: Umbreon|292\/394|[from] item: Leftovers\n|-fieldend|move: Electric Terrain\n|upkeep\n|turn|34\n|\n|switch|p2a: Rotom|Rotom-Wash|171\/304\n|-damage|p2a: Rotom|133\/304|[from] Stealth Rock\n|move|p1a: Greninja|Spikes|p2a: Rotom\n|-sidestart|p2: aroberson|Spikes\n|\n|-heal|p2a: Rotom|304\/304|[from] move: Wish|[wisher] Umbreon\n|upkeep\n|turn|35\n|\n|switch|p1a: Medicham|Medicham-Mega, M|115\/261 tox\n|move|p2a: Rotom|Defog|p1a: Medicham\n|-unboost|p1a: Medicham|evasion|1\n|-sideend|p2: aroberson|Spikes|[from] move: Defog|[of] p2a: Rotom\n|-sideend|p2: aroberson|Stealth Rock|[from] move: Defog|[of] p2a: Rotom\n|\n|-damage|p1a: Medicham|99\/261 tox|[from] psn\n|upkeep\n|turn|36\n|\n|switch|p2a: Toxapex|Toxapex, M|148\/304\n|move|p1a: Medicham|High Jump Kick|p2a: Toxapex\n|-resisted|p2a: Toxapex\n|-damage|p2a: Toxapex|31\/304\n|\n|-heal|p2a: Toxapex|50\/304|[from] item: Black Sludge\n|-damage|p1a: Medicham|67\/261 tox|[from] psn\n|upkeep\n|turn|37\n|\n|move|p2a: Toxapex|Baneful Bunker|p2a: Toxapex\n|-singleturn|p2a: Toxapex|move: Protect\n|move|p1a: Medicham|High Jump Kick|p2a: Toxapex\n|-activate|p2a: Toxapex|move: Protect\n|-damage|p1a: Medicham|0 fnt|[from] highjumpkick\n|faint|p1a: Medicham\n|\n|-heal|p2a: Toxapex|69\/304|[from] item: Black Sludge\n|upkeep\n|\n|switch|p1a: Kartana|Kartana|259\/259\n|turn|38\n|\n|switch|p2a: Tangrowth|Tangrowth, F|278\/404\n|move|p1a: Kartana|Leaf Blade|p2a: Tangrowth\n|-resisted|p2a: Tangrowth\n|-crit|p2a: Tangrowth\n|-damage|p2a: Tangrowth|188\/404\n|\n|-heal|p2a: Tangrowth|213\/404|[from] item: Leftovers\n|upkeep\n|turn|39\n|\n|switch|p1a: Magearna|Magearna|227\/363 brn\n|move|p2a: Tangrowth|Leech Seed|p1a: Magearna\n|-start|p1a: Magearna|move: Leech Seed\n|\n|-heal|p2a: Tangrowth|238\/404|[from] item: Leftovers\n|-damage|p1a: Magearna|182\/363 brn|[from] Leech Seed|[of] p2a: Tangrowth\n|-heal|p2a: Tangrowth|283\/404|[silent]\n|-damage|p1a: Magearna|160\/363 brn|[from] brn\n|upkeep\n|turn|40\n|\n|switch|p2a: Umbreon|Umbreon, M|292\/394\n|move|p1a: Magearna|Volt Switch|p2a: Umbreon\n|-damage|p2a: Umbreon|242\/394\n|\n|switch|p1a: Kartana|Kartana|259\/259\n|\n|-heal|p2a: Umbreon|266\/394|[from] item: Leftovers\n|upkeep\n|turn|41\n|\n|move|p2a: Umbreon|Protect|p2a: Umbreon\n|-singleturn|p2a: Umbreon|Protect\n|move|p1a: Kartana|Swords Dance|p1a: Kartana\n|-boost|p1a: Kartana|atk|2\n|\n|-heal|p2a: Umbreon|290\/394|[from] item: Leftovers\n|upkeep\n|turn|42\n|\n|switch|p2a: Toxapex|Toxapex, M|170\/304\n|move|p1a: Kartana|Sacred Sword|p2a: Toxapex\n|-resisted|p2a: Toxapex\n|-damage|p2a: Toxapex|94\/304\n|\n|-heal|p2a: Toxapex|113\/304|[from] item: Black Sludge\n|upkeep\n|turn|43\n|\n|move|p1a: Kartana|Leaf Blade|p2a: Toxapex\n|-damage|p2a: Toxapex|0 fnt\n|faint|p2a: Toxapex\n|-ability|p1a: Kartana|Beast Boost|boost\n|-boost|p1a: Kartana|atk|1\n|\n|upkeep\n|\n|switch|p2a: Rotom|Rotom-Wash|304\/304\n|turn|44\n|\n|switch|p2a: Where's my glasses|Heatran, F|386\/386\n|move|p1a: Kartana|Leaf Blade|p2a: Where's my glasses\n|-resisted|p2a: Where's my glasses\n|-crit|p2a: Where's my glasses\n|-damage|p2a: Where's my glasses|212\/386\n|\n|-heal|p2a: Where's my glasses|236\/386|[from] item: Leftovers\n|upkeep\n|turn|45\n|\n|move|p2a: Where's my glasses|Protect|p2a: Where's my glasses\n|-singleturn|p2a: Where's my glasses|Protect\n|move|p1a: Kartana|Sacred Sword|p2a: Where's my glasses\n|-activate|p2a: Where's my glasses|move: Protect\n|\n|-heal|p2a: Where's my glasses|260\/386|[from] item: Leftovers\n|upkeep\n|turn|46\n|\n|move|p1a: Kartana|Sacred Sword|p2a: Where's my glasses\n|-supereffective|p2a: Where's my glasses\n|-damage|p2a: Where's my glasses|0 fnt\n|faint|p2a: Where's my glasses\n|-ability|p1a: Kartana|Beast Boost|boost\n|-boost|p1a: Kartana|atk|1\n|\n|upkeep\n|-message|aroberson forfeited.\n|\n|win|HQSFun\n|l|\u2606aroberson\n","uploadtime":1559449655,"views":4,"p1id":"hqsfun","p2id":"aroberson","formatid":"gen7ou","rating":0,"private":0,"password":null}