{"id":"gen7ou-1554203876","p1":"TestingTesting1","p2":"Jfsosa10","format":"gen7ou","log":"|j|\u2606TestingTesting1\n|j|\u2606Jfsosa10\n|t:|1650051361\n|gametype|singles\n|player|p1|TestingTesting1|2|1554\n|player|p2|Jfsosa10|1|1589\n|teamsize|p1|6\n|teamsize|p2|6\n|gen|7\n|tier|[Gen 7] OU\n|rated|\n|rule|Sleep Clause Mod: Limit one foe put to sleep\n|rule|Species Clause: Limit one of each Pok\u00e9mon\n|rule|OHKO Clause: OHKO moves are banned\n|rule|Moody Clause: Moody is banned\n|rule|Evasion Moves Clause: Evasion moves are banned\n|rule|Endless Battle Clause: Forcing endless battles is banned\n|rule|HP Percentage Mod: HP is shown in percentages\n|clearpoke\n|poke|p1|Medicham, M|item\n|poke|p1|Rotom-Wash|item\n|poke|p1|Magearna|item\n|poke|p1|Tapu Bulu|item\n|poke|p1|Victini|item\n|poke|p1|Nihilego|item\n|poke|p2|Alakazam, M|item\n|poke|p2|Tapu Lele|item\n|poke|p2|Kommo-o, M|item\n|poke|p2|Magearna|item\n|poke|p2|Kartana|item\n|poke|p2|Landorus-Therian, M|item\n|teampreview\n|\n|t:|1650051374\n|start\n|switch|p1a: Rotom|Rotom-Wash|100\/100\n|switch|p2a: Tapu Lele|Tapu Lele|100\/100\n|-fieldstart|move: Psychic Terrain|[from] ability: Psychic Surge|[of] p2a: Tapu Lele\n|turn|1\n|\n|t:|1650051379\n|switch|p1a: Magearna|Magearna|100\/100\n|move|p2a: Tapu Lele|Psyshock|p1a: Magearna\n|-resisted|p1a: Magearna\n|-crit|p1a: Magearna\n|-damage|p1a: Magearna|34\/100\n|\n|upkeep\n|turn|2\n|\n|t:|1650051386\n|move|p2a: Tapu Lele|Psyshock|p1a: Magearna\n|-resisted|p1a: Magearna\n|-damage|p1a: Magearna|0 fnt\n|faint|p1a: Magearna\n|\n|upkeep\n|\n|t:|1650051404\n|switch|p1a: Victini|Victini|100\/100\n|turn|3\n|\n|t:|1650051409\n|switch|p2a: Landorus|Landorus-Therian, M|100\/100\n|-ability|p2a: Landorus|Intimidate|boost\n|-unboost|p1a: Victini|atk|1\n|move|p1a: Victini|V-create|p2a: Landorus\n|-damage|p2a: Landorus|62\/100\n|-unboost|p1a: Victini|spe|1\n|-unboost|p1a: Victini|def|1\n|-unboost|p1a: Victini|spd|1\n|-damage|p1a: Victini|84\/100|[from] item: Rocky Helmet|[of] p2a: Landorus\n|\n|upkeep\n|turn|4\n|\n|t:|1650051420\n|switch|p1a: Rotom|Rotom-Wash|100\/100\n|move|p2a: Landorus|Stealth Rock|p1a: Rotom\n|-sidestart|p1: TestingTesting1|move: Stealth Rock\n|\n|upkeep\n|turn|5\n|\n|t:|1650051426\n|move|p2a: Landorus|U-turn|p1a: Rotom\n|-damage|p1a: Rotom|81\/100\n|\n|t:|1650051428\n|switch|p2a: Alakazam|Alakazam, M|100\/100|[from]move: U-turn\n|move|p1a: Rotom|Defog|p2a: Alakazam\n|-unboost|p2a: Alakazam|evasion|1\n|-sideend|p1: TestingTesting1|Stealth Rock|[from] move: Defog|[of] p1a: Rotom\n|\n|-fieldend|move: Psychic Terrain\n|upkeep\n|turn|6\n|\n|t:|1650051436\n|detailschange|p2a: Alakazam|Alakazam-Mega, M\n|-mega|p2a: Alakazam|Alakazam|Alakazite\n|-ability|p2a: Alakazam|Levitate|[from] ability: Trace|[of] p1a: Rotom\n|move|p2a: Alakazam|Psychic|p1a: Rotom\n|-damage|p1a: Rotom|21\/100\n|-enditem|p1a: Rotom|Wiki Berry|[eat]\n|-heal|p1a: Rotom|71\/100|[from] item: Wiki Berry\n|move|p1a: Rotom|Volt Switch|p2a: Alakazam\n|-damage|p2a: Alakazam|69\/100\n|\n|t:|1650051448\n|switch|p1a: Victini|Victini|84\/100|[from]move: Volt Switch\n|\n|upkeep\n|turn|7\n|\n|t:|1650051452\n|switch|p2a: Kommo-o|Kommo-o, M|100\/100\n|move|p1a: Victini|U-turn|p2a: Kommo-o\n|-resisted|p2a: Kommo-o\n|-damage|p2a: Kommo-o|90\/100\n|\n|t:|1650051457\n|switch|p1a: Medicham|Medicham, M|100\/100|[from]move: U-turn\n|\n|upkeep\n|turn|8\n|\n|t:|1650051467\n|switch|p2a: Landorus|Landorus-Therian, M|62\/100\n|-ability|p2a: Landorus|Intimidate|boost\n|-unboost|p1a: Medicham|atk|1\n|detailschange|p1a: Medicham|Medicham-Mega, M\n|-mega|p1a: Medicham|Medicham|Medichamite\n|move|p1a: Medicham|Fake Out|p2a: Landorus\n|-damage|p2a: Landorus|49\/100\n|-damage|p1a: Medicham|84\/100|[from] item: Rocky Helmet|[of] p2a: Landorus\n|\n|upkeep\n|turn|9\n|\n|t:|1650051475\n|move|p1a: Medicham|Ice Punch|p2a: Landorus\n|-supereffective|p2a: Landorus\n|-damage|p2a: Landorus|0 fnt\n|-damage|p1a: Medicham|68\/100|[from] item: Rocky Helmet|[of] p2a: Landorus\n|faint|p2a: Landorus\n|\n|upkeep\n|\n|t:|1650051480\n|switch|p2a: Alakazam|Alakazam-Mega, M|69\/100\n|-ability|p2a: Alakazam|Pure Power|[from] ability: Trace|[of] p1a: Medicham\n|turn|10\n|\n|t:|1650051490\n|switch|p1a: Tapu Bulu|Tapu Bulu|100\/100\n|-fieldstart|move: Grassy Terrain|[from] ability: Grassy Surge|[of] p1a: Tapu Bulu\n|move|p2a: Alakazam|Shadow Ball|p1a: Tapu Bulu\n|-damage|p1a: Tapu Bulu|64\/100\n|\n|-heal|p2a: Alakazam|75\/100|[from] Grassy Terrain\n|-heal|p1a: Tapu Bulu|70\/100|[from] Grassy Terrain\n|upkeep\n|turn|11\n|\n|t:|1650051499\n|switch|p2a: Kommo-o|Kommo-o, M|90\/100\n|move|p1a: Tapu Bulu|Horn Leech|p2a: Kommo-o\n|-resisted|p2a: Kommo-o\n|-damage|p2a: Kommo-o|60\/100\n|-heal|p1a: Tapu Bulu|83\/100|[from] drain|[of] p2a: Kommo-o\n|\n|-heal|p2a: Kommo-o|66\/100|[from] Grassy Terrain\n|-heal|p1a: Tapu Bulu|89\/100|[from] Grassy Terrain\n|upkeep\n|turn|12\n|\n|t:|1650051515\n|switch|p1a: Medicham|Medicham-Mega, M|68\/100\n|move|p2a: Kommo-o|Stealth Rock|p1a: Medicham\n|-sidestart|p1: TestingTesting1|move: Stealth Rock\n|\n|-heal|p1a: Medicham|74\/100|[from] Grassy Terrain\n|-heal|p2a: Kommo-o|72\/100|[from] Grassy Terrain\n|upkeep\n|turn|13\n|\n|t:|1650051528\n|switch|p2a: Kartana|Kartana|100\/100\n|move|p1a: Medicham|Zen Headbutt|p2a: Kartana\n|-resisted|p2a: Kartana\n|-damage|p2a: Kartana|66\/100\n|\n|-heal|p2a: Kartana|72\/100|[from] Grassy Terrain\n|-heal|p1a: Medicham|80\/100|[from] Grassy Terrain\n|upkeep\n|turn|14\n|\n|t:|1650051547\n|switch|p1a: Rotom|Rotom-Wash|71\/100\n|-damage|p1a: Rotom|59\/100|[from] Stealth Rock\n|move|p2a: Kartana|Leaf Blade|p1a: Rotom\n|-supereffective|p1a: Rotom\n|-damage|p1a: Rotom|0 fnt\n|faint|p1a: Rotom\n|-ability|p2a: Kartana|Beast Boost|boost\n|-boost|p2a: Kartana|atk|1\n|\n|-heal|p2a: Kartana|78\/100|[from] Grassy Terrain\n|-fieldend|move: Grassy Terrain\n|upkeep\n|\n|t:|1650051559\n|switch|p1a: Victini|Victini|84\/100\n|-damage|p1a: Victini|59\/100|[from] Stealth Rock\n|turn|15\n|\n|t:|1650051564\n|switch|p2a: Kommo-o|Kommo-o, M|72\/100\n|move|p1a: Victini|V-create|p2a: Kommo-o\n|-resisted|p2a: Kommo-o\n|-damage|p2a: Kommo-o|36\/100\n|-unboost|p1a: Victini|spe|1\n|-unboost|p1a: Victini|def|1\n|-unboost|p1a: Victini|spd|1\n|\n|upkeep\n|turn|16\n|\n|t:|1650051571\n|move|p1a: Victini|V-create|p2a: Kommo-o\n|-resisted|p2a: Kommo-o\n|-damage|p2a: Kommo-o|0 fnt\n|-unboost|p1a: Victini|spe|1\n|-unboost|p1a: Victini|def|1\n|-unboost|p1a: Victini|spd|1\n|faint|p2a: Kommo-o\n|\n|upkeep\n|\n|t:|1650051581\n|switch|p2a: Tapu Lele|Tapu Lele|100\/100\n|-fieldstart|move: Psychic Terrain|[from] ability: Psychic Surge|[of] p2a: Tapu Lele\n|turn|17\n|j| yoshi13307\n|\n|t:|1650051591\n|switch|p1a: Tapu Bulu|Tapu Bulu|89\/100\n|-damage|p1a: Tapu Bulu|77\/100|[from] Stealth Rock\n|-fieldstart|move: Grassy Terrain|[from] ability: Grassy Surge|[of] p1a: Tapu Bulu\n|move|p2a: Tapu Lele|Psychic|p1a: Tapu Bulu\n|-damage|p1a: Tapu Bulu|0 fnt\n|faint|p1a: Tapu Bulu\n|\n|upkeep\n|\n|t:|1650051599\n|switch|p1a: Nihilego|Nihilego|100\/100\n|-damage|p1a: Nihilego|88\/100|[from] Stealth Rock\n|turn|18\n|\n|t:|1650051605\n|switch|p2a: Magearna|Magearna|100\/100\n|move|p1a: Nihilego|Sludge Wave|p2a: Magearna\n|-immune|p2a: Magearna\n|\n|-heal|p1a: Nihilego|94\/100|[from] Grassy Terrain\n|upkeep\n|turn|19\n|\n|t:|1650051613\n|move|p1a: Nihilego|Thunderbolt|p2a: Magearna\n|-damage|p2a: Magearna|85\/100\n|-damage|p1a: Nihilego|85\/100|[from] item: Life Orb\n|move|p2a: Magearna|Volt Switch|p1a: Nihilego\n|-damage|p1a: Nihilego|70\/100\n|\n|t:|1650051620\n|switch|p2a: Alakazam|Alakazam-Mega, M|75\/100|[from]move: Volt Switch\n|-ability|p2a: Alakazam|Beast Boost|[from] ability: Trace|[of] p1a: Nihilego\n|\n|-heal|p2a: Alakazam|81\/100|[from] Grassy Terrain\n|-heal|p1a: Nihilego|76\/100|[from] Grassy Terrain\n|upkeep\n|turn|20\n|l| yoshi13307\n|\n|t:|1650051632\n|move|p2a: Alakazam|Psychic|p1a: Nihilego\n|-supereffective|p1a: Nihilego\n|-damage|p1a: Nihilego|0 fnt\n|faint|p1a: Nihilego\n|-ability|p2a: Alakazam|Beast Boost|boost\n|-boost|p2a: Alakazam|spa|1\n|\n|-heal|p2a: Alakazam|87\/100|[from] Grassy Terrain\n|upkeep\n|\n|t:|1650051639\n|switch|p1a: Victini|Victini|59\/100\n|-damage|p1a: Victini|34\/100|[from] Stealth Rock\n|turn|21\n|\n|t:|1650051645\n|switch|p2a: Magearna|Magearna|85\/100\n|move|p1a: Victini|V-create|p2a: Magearna\n|-supereffective|p2a: Magearna\n|-damage|p2a: Magearna|0 fnt\n|-unboost|p1a: Victini|spe|1\n|-unboost|p1a: Victini|def|1\n|-unboost|p1a: Victini|spd|1\n|faint|p2a: Magearna\n|\n|-heal|p1a: Victini|40\/100|[from] Grassy Terrain\n|-fieldend|move: Grassy Terrain\n|upkeep\n|\n|t:|1650051650\n|switch|p2a: Alakazam|Alakazam-Mega, M|87\/100\n|-ability|p2a: Alakazam|Victory Star|[from] ability: Trace|[of] p1a: Victini\n|turn|22\n|\n|t:|1650051658\n|move|p2a: Alakazam|Shadow Ball|p1a: Victini\n|-supereffective|p1a: Victini\n|-damage|p1a: Victini|0 fnt\n|faint|p1a: Victini\n|\n|upkeep\n|-message|TestingTesting1 forfeited.\n|\n|win|Jfsosa10\n|raw|TestingTesting1's rating: 1554 &rarr; <strong>1536<\/strong><br \/>(-18 for losing)\n|raw|Jfsosa10's rating: 1589 &rarr; <strong>1607<\/strong><br \/>(+18 for winning)\n|l|\u2606TestingTesting1\n","uploadtime":1650051665,"views":4,"p1id":"testingtesting1","p2id":"jfsosa10","formatid":"gen7ou","rating":1536,"private":0,"password":null}