{"id":"gen7ubers-883392958","p1":"shardul888","p2":"Wolflady97","format":"gen7ubers","log":"|j|\u2606shardul888\n|j|\u2606Wolflady97\n|player|p1|shardul888|40\n|player|p2|Wolflady97|70\n|teamsize|p1|6\n|teamsize|p2|6\n|gametype|singles\n|gen|7\n|tier|[Gen 7] Ubers\n|rated|\n|rule|Sleep Clause Mod: Limit one foe put to sleep\n|rule|Species Clause: Limit one of each Pok\u00e9mon\n|rule|OHKO Clause: OHKO moves are banned\n|rule|Moody Clause: Moody is banned\n|rule|Evasion Moves Clause: Evasion moves are banned\n|rule|Endless Battle Clause: Forcing endless battles is banned\n|rule|HP Percentage Mod: HP is shown in percentages\n|clearpoke\n|poke|p1|Venusaur, F|item\n|poke|p1|Darkrai|item\n|poke|p1|Gliscor, F|item\n|poke|p1|Toxapex, F|item\n|poke|p1|Conkeldurr, M|item\n|poke|p1|Dragonite, F|item\n|poke|p2|Aegislash, F|item\n|poke|p2|Zygarde|item\n|poke|p2|Naganadel|item\n|poke|p2|Groudon|item\n|poke|p2|Kyogre|item\n|poke|p2|Arceus-*|item\n|rule|Mega Rayquaza Clause: You cannot mega evolve Rayquaza\n|teampreview\n|inactive|Battle timer is ON: inactive players will automatically lose when time's up. (requested by Wolflady97)\n|\n|start\n|switch|p1a: Toxapex|Toxapex, F|100\/100\n|switch|p2a: Aegislash|Aegislash, F, shiny|100\/100\n|turn|1\n|\n|move|p1a: Toxapex|Toxic Spikes|p2a: Aegislash\n|-sidestart|p2: Wolflady97|move: Toxic Spikes\n|-formechange|p2a: Aegislash|Aegislash-Blade||[from] ability: Stance Change\n|move|p2a: Aegislash|Gyro Ball|p1a: Toxapex\n|-resisted|p1a: Toxapex\n|-damage|p1a: Toxapex|94\/100\n|\n|-heal|p1a: Toxapex|99\/100|[from] item: Leftovers\n|upkeep\n|turn|2\n|\n|move|p1a: Toxapex|Scald|p2a: Aegislash\n|-damage|p2a: Aegislash|83\/100\n|move|p2a: Aegislash|Shadow Ball|p1a: Toxapex\n|-damage|p1a: Toxapex|67\/100\n|\n|-heal|p1a: Toxapex|73\/100|[from] item: Leftovers\n|upkeep\n|turn|3\n|\n|move|p1a: Toxapex|Scald|p2a: Aegislash\n|-damage|p2a: Aegislash|62\/100\n|-status|p2a: Aegislash|brn\n|move|p2a: Aegislash|Shadow Ball|p1a: Toxapex\n|-damage|p1a: Toxapex|40\/100\n|\n|-heal|p1a: Toxapex|47\/100|[from] item: Leftovers\n|-damage|p2a: Aegislash|56\/100 brn|[from] brn\n|upkeep\n|turn|4\n|\n|move|p1a: Toxapex|Baneful Bunker|p1a: Toxapex\n|-singleturn|p1a: Toxapex|move: Protect\n|-formechange|p2a: Aegislash|Aegislash||[from] ability: Stance Change\n|move|p2a: Aegislash|King's Shield||[still]\n|-fail|p2a: Aegislash\n|\n|-heal|p1a: Toxapex|53\/100|[from] item: Leftovers\n|-damage|p2a: Aegislash|50\/100 brn|[from] brn\n|upkeep\n|turn|5\n|\n|move|p1a: Toxapex|Recover|p1a: Toxapex\n|-heal|p1a: Toxapex|100\/100\n|-formechange|p2a: Aegislash|Aegislash-Blade||[from] ability: Stance Change\n|move|p2a: Aegislash|Shadow Ball|p1a: Toxapex\n|-damage|p1a: Toxapex|72\/100\n|\n|-heal|p1a: Toxapex|78\/100|[from] item: Leftovers\n|-damage|p2a: Aegislash|44\/100 brn|[from] brn\n|upkeep\n|turn|6\n|\n|move|p1a: Toxapex|Scald|p2a: Aegislash\n|-damage|p2a: Aegislash|25\/100 brn\n|move|p2a: Aegislash|Shadow Ball|p1a: Toxapex\n|-damage|p1a: Toxapex|47\/100\n|-unboost|p1a: Toxapex|spd|1\n|\n|-heal|p1a: Toxapex|53\/100|[from] item: Leftovers\n|-damage|p2a: Aegislash|19\/100 brn|[from] brn\n|upkeep\n|turn|7\n|\n|move|p1a: Toxapex|Baneful Bunker|p1a: Toxapex\n|-singleturn|p1a: Toxapex|move: Protect\n|move|p2a: Aegislash|Toxic|p1a: Toxapex\n|-activate|p1a: Toxapex|move: Protect\n|\n|-heal|p1a: Toxapex|60\/100|[from] item: Leftovers\n|-damage|p2a: Aegislash|13\/100 brn|[from] brn\n|upkeep\n|turn|8\n|\n|move|p1a: Toxapex|Recover|p1a: Toxapex\n|-heal|p1a: Toxapex|100\/100\n|move|p2a: Aegislash|Toxic|p1a: Toxapex\n|-immune|p1a: Toxapex\n|\n|-damage|p2a: Aegislash|7\/100 brn|[from] brn\n|upkeep\n|turn|9\n|\n|move|p1a: Toxapex|Baneful Bunker|p1a: Toxapex\n|-singleturn|p1a: Toxapex|move: Protect\n|-formechange|p2a: Aegislash|Aegislash||[from] ability: Stance Change\n|move|p2a: Aegislash|King's Shield||[still]\n|-fail|p2a: Aegislash\n|\n|-damage|p2a: Aegislash|0 fnt|[from] brn\n|faint|p2a: Aegislash\n|upkeep\n|\n|switch|p2a: Naganadel|Naganadel, shiny|100\/100\n|-sideend|p2: Wolflady97|move: Toxic Spikes|[of] p2a: Naganadel\n|turn|10\n|\n|switch|p2a: Groudon|Groudon|100\/100\n|detailschange|p2a: Groudon|Groudon-Primal\n|-primal|p2a: Groudon\n|-weather|DesolateLand|[from] ability: Desolate Land|[of] p2a: Groudon\n|move|p1a: Toxapex|Toxic Spikes|p2a: Groudon\n|-sidestart|p2: Wolflady97|move: Toxic Spikes\n|\n|-weather|DesolateLand|[upkeep]\n|upkeep\n|turn|11\n|\n|move|p1a: Toxapex|Baneful Bunker|p1a: Toxapex\n|-singleturn|p1a: Toxapex|move: Protect\n|move|p2a: Groudon|Bulk Up|p2a: Groudon\n|-boost|p2a: Groudon|atk|1\n|-boost|p2a: Groudon|def|1\n|\n|-weather|DesolateLand|[upkeep]\n|upkeep\n|turn|12\n|\n|move|p2a: Groudon|Bulk Up|p2a: Groudon\n|-boost|p2a: Groudon|atk|1\n|-boost|p2a: Groudon|def|1\n|move|p1a: Toxapex|Scald||[still]\n|-fail|p1a: Toxapex|Scald|[from] Desolate Land\n|\n|-weather|DesolateLand|[upkeep]\n|upkeep\n|turn|13\n|\n|switch|p1a: Gliscor|Gliscor, F|100\/100\n|move|p2a: Groudon|Bulk Up|p2a: Groudon\n|-boost|p2a: Groudon|atk|1\n|-boost|p2a: Groudon|def|1\n|\n|-weather|DesolateLand|[upkeep]\n|-status|p1a: Gliscor|tox|[from] item: Toxic Orb\n|upkeep\n|turn|14\n|\n|move|p1a: Gliscor|Toxic|p2a: Groudon\n|-status|p2a: Groudon|tox\n|move|p2a: Groudon|Bulk Up|p2a: Groudon\n|-boost|p2a: Groudon|atk|1\n|-boost|p2a: Groudon|def|1\n|\n|-weather|DesolateLand|[upkeep]\n|-damage|p2a: Groudon|94\/100 tox|[from] psn\n|upkeep\n|turn|15\n|\n|move|p1a: Gliscor|Earthquake|p2a: Groudon\n|-supereffective|p2a: Groudon\n|-damage|p2a: Groudon|82\/100 tox\n|move|p2a: Groudon|Eruption|p1a: Gliscor\n|-damage|p1a: Gliscor|8\/100 tox\n|\n|-weather|DesolateLand|[upkeep]\n|-heal|p1a: Gliscor|20\/100 tox|[from] ability: Poison Heal\n|-damage|p2a: Groudon|70\/100 tox|[from] psn\n|upkeep\n|turn|16\n|\n|move|p1a: Gliscor|Protect|p1a: Gliscor\n|-singleturn|p1a: Gliscor|Protect\n|move|p2a: Groudon|Dragon Claw|p1a: Gliscor\n|-activate|p1a: Gliscor|move: Protect\n|\n|-weather|DesolateLand|[upkeep]\n|-heal|p1a: Gliscor|33\/100 tox|[from] ability: Poison Heal\n|-damage|p2a: Groudon|51\/100 tox|[from] psn\n|upkeep\n|turn|17\n|\n|switch|p1a: Toxapex|Toxapex, F|100\/100\n|move|p2a: Groudon|Dragon Claw|p1a: Toxapex\n|-damage|p1a: Toxapex|24\/100\n|\n|-weather|DesolateLand|[upkeep]\n|-heal|p1a: Toxapex|30\/100|[from] item: Leftovers\n|-damage|p2a: Groudon|26\/100 tox|[from] psn\n|upkeep\n|turn|18\n|l|\u2606Wolflady97\n|inactive|Wolflady97 disconnected and has a minute to reconnect!\n|player|p2|\n|j|\u2606Wolflady97\n|inactive|Wolflady97 reconnected and has 125 seconds left.\n|player|p2|Wolflady97|70\n|inactive|Wolflady97 has 120 seconds left.\n|\n|move|p1a: Toxapex|Baneful Bunker|p1a: Toxapex\n|-singleturn|p1a: Toxapex|move: Protect\n|move|p2a: Groudon|Earthquake|p1a: Toxapex\n|-activate|p1a: Toxapex|move: Protect\n|\n|-weather|DesolateLand|[upkeep]\n|-heal|p1a: Toxapex|36\/100|[from] item: Leftovers\n|-damage|p2a: Groudon|0 fnt|[from] psn\n|faint|p2a: Groudon\n|-weather|none\n|upkeep\n|inactive|Wolflady97 has 120 seconds left.\n|\n|switch|p2a: Naganadel|Naganadel, shiny|100\/100\n|-sideend|p2: Wolflady97|move: Toxic Spikes|[of] p2a: Naganadel\n|turn|19\n|\n|switch|p2a: Arceus|Arceus, shiny|100\/100\n|move|p1a: Toxapex|Scald|p2a: Arceus\n|-crit|p2a: Arceus\n|-damage|p2a: Arceus|84\/100\n|\n|-heal|p1a: Toxapex|43\/100|[from] item: Leftovers\n|upkeep\n|turn|20\n|\n|move|p1a: Toxapex|Baneful Bunker|p1a: Toxapex\n|-singleturn|p1a: Toxapex|move: Protect\n|move|p2a: Arceus|Swords Dance|p2a: Arceus\n|-boost|p2a: Arceus|atk|2\n|\n|-heal|p1a: Toxapex|49\/100|[from] item: Leftovers\n|upkeep\n|turn|21\n|\n|move|p2a: Arceus|Shadow Claw|p1a: Toxapex\n|-damage|p1a: Toxapex|17\/100\n|move|p1a: Toxapex|Scald|p2a: Arceus\n|-damage|p2a: Arceus|72\/100\n|\n|-heal|p1a: Toxapex|23\/100|[from] item: Leftovers\n|upkeep\n|turn|22\n|\n|move|p1a: Toxapex|Baneful Bunker|p1a: Toxapex\n|-singleturn|p1a: Toxapex|move: Protect\n|move|p2a: Arceus|Swords Dance|p2a: Arceus\n|-boost|p2a: Arceus|atk|2\n|\n|-heal|p1a: Toxapex|29\/100|[from] item: Leftovers\n|upkeep\n|turn|23\n|\n|switch|p1a: Gliscor|Gliscor, F|33\/100 tox\n|move|p2a: Arceus|Extreme Speed|p1a: Gliscor\n|-damage|p1a: Gliscor|0 fnt\n|faint|p1a: Gliscor\n|\n|upkeep\n|\n|switch|p1a: Conkeldurr|Conkeldurr, M|100\/100\n|turn|24\n|\n|move|p2a: Arceus|Swords Dance|p2a: Arceus\n|-boost|p2a: Arceus|atk|2\n|move|p1a: Conkeldurr|Drain Punch|p2a: Arceus\n|-supereffective|p2a: Arceus\n|-enditem|p2a: Arceus|Chople Berry|[eat]\n|-enditem|p2a: Arceus|Chople Berry|[weaken]\n|-damage|p2a: Arceus|34\/100\n|\n|upkeep\n|turn|25\n|\n|move|p2a: Arceus|Extreme Speed|p1a: Conkeldurr\n|-damage|p1a: Conkeldurr|0 fnt\n|faint|p1a: Conkeldurr\n|\n|upkeep\n|\n|switch|p1a: Dragonite|Dragonite, F|100\/100\n|turn|26\n|\n|move|p2a: Arceus|Extreme Speed|p1a: Dragonite\n|-damage|p1a: Dragonite|4\/100\n|-enditem|p1a: Dragonite|Aguav Berry|[eat]\n|-heal|p1a: Dragonite|54\/100|[from] item: Aguav Berry\n|move|p1a: Dragonite|Dragon Claw|p2a: Arceus\n|-damage|p2a: Arceus|3\/100\n|\n|upkeep\n|turn|27\n|\n|move|p1a: Dragonite|Extreme Speed|p2a: Arceus\n|-damage|p2a: Arceus|0 fnt\n|faint|p2a: Arceus\n|\n|upkeep\n|\n|switch|p2a: Zygarde|Zygarde, shiny|100\/100\n|turn|28\n|\n|switch|p1a: Toxapex|Toxapex, F|63\/100\n|move|p2a: Zygarde|Dragon Dance|p2a: Zygarde\n|-boost|p2a: Zygarde|atk|1\n|-boost|p2a: Zygarde|spe|1\n|\n|-heal|p1a: Toxapex|69\/100|[from] item: Leftovers\n|upkeep\n|turn|29\n|\n|move|p2a: Zygarde|Earthquake|p1a: Toxapex\n|-supereffective|p1a: Toxapex\n|-damage|p1a: Toxapex|0 fnt\n|faint|p1a: Toxapex\n|\n|upkeep\n|\n|switch|p1a: Darkrai|Darkrai|100\/100\n|turn|30\n|\n|move|p1a: Darkrai|Ice Beam|p2a: Zygarde\n|-supereffective|p2a: Zygarde\n|-damage|p2a: Zygarde|0 fnt\n|faint|p2a: Zygarde\n|\n|upkeep\n|\n|switch|p2a: Kyogre|Kyogre, shiny|100\/100\n|detailschange|p2a: Kyogre|Kyogre-Primal, shiny\n|-primal|p2a: Kyogre\n|-weather|PrimordialSea|[from] ability: Primordial Sea|[of] p2a: Kyogre\n|turn|31\n|\n|move|p1a: Darkrai|Sludge Bomb|p2a: Kyogre\n|-crit|p2a: Kyogre\n|-damage|p2a: Kyogre|71\/100\n|move|p2a: Kyogre|Thunder|p1a: Darkrai\n|-damage|p1a: Darkrai|52\/100\n|-status|p1a: Darkrai|par\n|\n|-weather|PrimordialSea|[upkeep]\n|upkeep\n|turn|32\n|\n|move|p2a: Kyogre|Aqua Tail|p1a: Darkrai\n|-damage|p1a: Darkrai|0 fnt\n|faint|p1a: Darkrai\n|\n|-weather|PrimordialSea|[upkeep]\n|upkeep\n|\n|switch|p1a: Venusaur|Venusaur, F|100\/100\n|turn|33\n|\n|detailschange|p1a: Venusaur|Venusaur-Mega, F\n|-mega|p1a: Venusaur|Venusaur|Venusaurite\n|move|p2a: Kyogre|Earthquake|p1a: Venusaur\n|-damage|p1a: Venusaur|75\/100\n|move|p1a: Venusaur|Leech Seed|p2a: Kyogre|[miss]\n|-miss|p1a: Venusaur|p2a: Kyogre\n|\n|-weather|PrimordialSea|[upkeep]\n|upkeep\n|turn|34\n|\n|move|p2a: Kyogre|Thunder|p1a: Venusaur\n|-resisted|p1a: Venusaur\n|-damage|p1a: Venusaur|59\/100\n|move|p1a: Venusaur|Giga Drain|p2a: Kyogre\n|-supereffective|p2a: Kyogre\n|-damage|p2a: Kyogre|27\/100\n|-heal|p1a: Venusaur|81\/100|[from] drain|[of] p2a: Kyogre\n|\n|-weather|PrimordialSea|[upkeep]\n|upkeep\n|turn|35\n|\n|move|p2a: Kyogre|Thunder|p1a: Venusaur\n|-resisted|p1a: Venusaur\n|-damage|p1a: Venusaur|67\/100\n|-status|p1a: Venusaur|par\n|cant|p1a: Venusaur|par\n|\n|-weather|PrimordialSea|[upkeep]\n|upkeep\n|turn|36\n|\n|move|p2a: Kyogre|Aqua Tail|p1a: Venusaur\n|-resisted|p1a: Venusaur\n|-damage|p1a: Venusaur|41\/100 par\n|cant|p1a: Venusaur|par\n|\n|-weather|PrimordialSea|[upkeep]\n|upkeep\n|turn|37\n|\n|move|p2a: Kyogre|Aqua Tail|p1a: Venusaur\n|-resisted|p1a: Venusaur\n|-damage|p1a: Venusaur|14\/100 par\n|cant|p1a: Venusaur|par\n|\n|-weather|PrimordialSea|[upkeep]\n|upkeep\n|turn|38\n|\n|move|p2a: Kyogre|Aqua Tail|p1a: Venusaur\n|-resisted|p1a: Venusaur\n|-damage|p1a: Venusaur|0 fnt\n|faint|p1a: Venusaur\n|\n|-weather|PrimordialSea|[upkeep]\n|upkeep\n|\n|switch|p1a: Dragonite|Dragonite, F|54\/100\n|turn|39\n|\n|move|p1a: Dragonite|Extreme Speed|p2a: Kyogre\n|-damage|p2a: Kyogre|0 fnt\n|faint|p2a: Kyogre\n|-weather|none\n|\n|upkeep\n|\n|switch|p2a: Naganadel|Naganadel, shiny|100\/100\n|turn|40\n|\n|-zpower|p2a: Naganadel\n|move|p2a: Naganadel|Devastating Drake|p1a: Dragonite|[zeffect]\n|-supereffective|p1a: Dragonite\n|-damage|p1a: Dragonite|0 fnt\n|faint|p1a: Dragonite\n|\n|win|Wolflady97\n|l|\u2606shardul888\n","uploadtime":1553787381,"views":0,"p1id":"shardul888","p2id":"wolflady97","formatid":"gen7ubers","rating":0,"private":0,"password":null}