{"id":"gen7randombattle-1597005903","p1":"BigWes95","p2":"RomeoArturia","format":"gen7randombattle","log":"|j|\u2606BigWes95\n|j|\u203dRomeoArturia\n|t:|1655316208\n|gametype|singles\n|player|p1|BigWes95|lusamine-nihilego|1773\n|player|p2|RomeoArturia|clair|1943\n|teamsize|p1|6\n|teamsize|p2|6\n|gen|7\n|tier|[Gen 7] Random Battle\n|rated|\n|rule|Sleep Clause Mod: Limit one foe put to sleep\n|rule|HP Percentage Mod: HP is shown in percentages\n|rule|Mega Rayquaza Clause: You cannot mega evolve Rayquaza\n|\n|t:|1655316208\n|start\n|switch|p1a: Toxicroak|Toxicroak, L84, F|277\/277\n|switch|p2a: Lucario|Lucario, L82, F|249\/249\n|turn|1\n|inactive|Battle timer is ON: inactive players will automatically lose when time's up. (requested by BigWes95)\n|\n|t:|1655316226\n|switch|p2a: Delphox|Delphox, L86, F|269\/269\n|move|p1a: Toxicroak|Drain Punch|p2a: Delphox\n|-resisted|p2a: Delphox\n|-damage|p2a: Delphox|222\/269\n|\n|upkeep\n|turn|2\n|\n|t:|1655316234\n|move|p1a: Toxicroak|Sucker Punch|p2a: Delphox\n|-supereffective|p2a: Delphox\n|-damage|p2a: Delphox|110\/269\n|move|p2a: Delphox|Psyshock|p1a: Toxicroak\n|-supereffective|p1a: Toxicroak\n|-enditem|p1a: Toxicroak|Focus Sash\n|-damage|p1a: Toxicroak|1\/277\n|-damage|p2a: Delphox|84\/269|[from] item: Life Orb\n|\n|upkeep\n|turn|3\n|\n|t:|1655316252\n|switch|p2a: Silvally|Silvally-Grass, L88|310\/310\n|move|p1a: Toxicroak|Gunk Shot|p2a: Silvally\n|-supereffective|p2a: Silvally\n|-damage|p2a: Silvally|68\/310\n|\n|upkeep\n|turn|4\n|\n|t:|1655316258\n|move|p1a: Toxicroak|Sucker Punch|p2a: Silvally\n|-damage|p2a: Silvally|17\/310\n|move|p2a: Silvally|Flamethrower|p1a: Toxicroak\n|-damage|p1a: Toxicroak|0 fnt\n|faint|p1a: Toxicroak\n|\n|upkeep\n|\n|t:|1655316261\n|switch|p1a: Tornadus|Tornadus-Therian, L80, M|258\/258\n|turn|5\n|\n|t:|1655316270\n|move|p1a: Tornadus|Knock Off|p2a: Silvally\n|-damage|p2a: Silvally|0 fnt\n|faint|p2a: Silvally\n|\n|upkeep\n|\n|t:|1655316272\n|switch|p2a: Clawitzer|Clawitzer, L86, M|262\/262\n|turn|6\n|\n|t:|1655316275\n|move|p1a: Tornadus|U-turn|p2a: Clawitzer\n|-damage|p2a: Clawitzer|212\/262\n|\n|t:|1655316277\n|switch|p1a: Glaceon|Glaceon, L88, F|258\/258\n|move|p2a: Clawitzer|Water Pulse|p1a: Glaceon\n|-damage|p1a: Glaceon|101\/258\n|\n|-heal|p1a: Glaceon|117\/258|[from] item: Leftovers\n|upkeep\n|turn|7\n|\n|t:|1655316282\n|move|p1a: Glaceon|Ice Beam|p2a: Clawitzer\n|-resisted|p2a: Clawitzer\n|-damage|p2a: Clawitzer|152\/262\n|move|p2a: Clawitzer|Water Pulse|p1a: Glaceon\n|-damage|p1a: Glaceon|0 fnt\n|faint|p1a: Glaceon\n|\n|upkeep\n|\n|t:|1655316290\n|switch|p1a: Ninetales|Ninetales-Alola, L82, M|254\/254\n|-weather|Hail|[from] ability: Snow Warning|[of] p1a: Ninetales\n|turn|8\n|\n|t:|1655316302\n|switch|p2a: Sandslash|Sandslash-Alola, L88, M|275\/275\n|move|p1a: Ninetales|Aurora Veil|p1a: Ninetales\n|-sidestart|p1: BigWes95|move: Aurora Veil\n|\n|-weather|Hail|[upkeep]\n|upkeep\n|turn|9\n|\n|t:|1655316306\n|move|p2a: Sandslash|Swords Dance|p2a: Sandslash\n|-boost|p2a: Sandslash|atk|2\n|move|p1a: Ninetales|Hidden Power|p2a: Sandslash\n|-supereffective|p2a: Sandslash\n|-damage|p2a: Sandslash|103\/275\n|\n|-weather|Hail|[upkeep]\n|upkeep\n|turn|10\n|\n|t:|1655316314\n|switch|p1a: Steelix|Steelix, L82, M|257\/257\n|move|p2a: Sandslash|Iron Head|p1a: Steelix\n|-resisted|p1a: Steelix\n|-damage|p1a: Steelix|225\/257\n|-damage|p2a: Sandslash|76\/275|[from] item: Life Orb\n|\n|-weather|Hail|[upkeep]\n|-damage|p1a: Steelix|209\/257|[from] Hail\n|upkeep\n|turn|11\n|\n|t:|1655316328\n|switch|p2a: Clawitzer|Clawitzer, L86, M|152\/262\n|detailschange|p1a: Steelix|Steelix-Mega, L82, M\n|-mega|p1a: Steelix|Steelix|Steelixite\n|move|p1a: Steelix|Earthquake|p2a: Clawitzer\n|-damage|p2a: Clawitzer|29\/262\n|\n|-weather|Hail|[upkeep]\n|-damage|p2a: Clawitzer|13\/262|[from] Hail\n|-damage|p1a: Steelix|193\/257|[from] Hail\n|upkeep\n|turn|12\n|\n|t:|1655316332\n|switch|p1a: Ninetales|Ninetales-Alola, L82, M|254\/254\n|move|p2a: Clawitzer|Water Pulse|p1a: Ninetales\n|-damage|p1a: Ninetales|170\/254\n|\n|-weather|none\n|upkeep\n|turn|13\n|\n|t:|1655316337\n|switch|p2a: Delphox|Delphox, L86, F|84\/269\n|move|p1a: Ninetales|Moonblast|p2a: Delphox\n|-resisted|p2a: Delphox\n|-damage|p2a: Delphox|45\/269\n|\n|upkeep\n|turn|14\n|\n|t:|1655316342\n|move|p2a: Delphox|Fire Blast|p1a: Ninetales\n|-supereffective|p1a: Ninetales\n|-damage|p1a: Ninetales|0 fnt\n|faint|p1a: Ninetales\n|-damage|p2a: Delphox|19\/269|[from] item: Life Orb\n|\n|upkeep\n|\n|t:|1655316346\n|switch|p1a: Tornadus|Tornadus-Therian, L80, M|258\/258\n|turn|15\n|\n|t:|1655316349\n|switch|p2a: Sandslash|Sandslash-Alola, L88, M|76\/275\n|move|p1a: Tornadus|Knock Off|p2a: Sandslash\n|-damage|p2a: Sandslash|22\/275\n|-enditem|p2a: Sandslash|Life Orb|[from] move: Knock Off|[of] p1a: Tornadus\n|\n|-sideend|p1: BigWes95|move: Aurora Veil\n|upkeep\n|turn|16\n|\n|t:|1655316354\n|move|p1a: Tornadus|Knock Off|p2a: Sandslash\n|-damage|p2a: Sandslash|0 fnt\n|faint|p2a: Sandslash\n|\n|upkeep\n|\n|t:|1655316365\n|switch|p2a: Lucario|Lucario, L82, F|249\/249\n|turn|17\n|\n|t:|1655316367\n|move|p1a: Tornadus|Superpower|p2a: Lucario\n|-supereffective|p2a: Lucario\n|-damage|p2a: Lucario|53\/249\n|-unboost|p1a: Tornadus|atk|1\n|-unboost|p1a: Tornadus|def|1\n|move|p2a: Lucario|Flash Cannon|p1a: Tornadus\n|-damage|p1a: Tornadus|189\/258\n|\n|upkeep\n|turn|18\n|\n|t:|1655316385\n|move|p2a: Lucario|Vacuum Wave|p1a: Tornadus\n|-resisted|p1a: Tornadus\n|-damage|p1a: Tornadus|174\/258\n|move|p1a: Tornadus|Superpower|p2a: Lucario\n|-supereffective|p2a: Lucario\n|-damage|p2a: Lucario|0 fnt\n|-unboost|p1a: Tornadus|atk|1\n|-unboost|p1a: Tornadus|def|1\n|faint|p2a: Lucario\n|\n|upkeep\n|\n|t:|1655316387\n|switch|p2a: Lopunny|Lopunny, L80, M|235\/235\n|turn|19\n|\n|t:|1655316394\n|switch|p1a: Steelix|Steelix-Mega, L82, M|193\/257\n|detailschange|p2a: Lopunny|Lopunny-Mega, L80, M\n|-mega|p2a: Lopunny|Lopunny|Lopunnite\n|move|p2a: Lopunny|High Jump Kick|p1a: Steelix\n|-supereffective|p1a: Steelix\n|-damage|p1a: Steelix|29\/257\n|\n|upkeep\n|turn|20\n|\n|t:|1655316398\n|move|p2a: Lopunny|High Jump Kick|p1a: Steelix\n|-supereffective|p1a: Steelix\n|-damage|p1a: Steelix|0 fnt\n|faint|p1a: Steelix\n|\n|upkeep\n|\n|t:|1655316399\n|switch|p1a: Sigilyph|Sigilyph, L86, F|263\/263\n|turn|21\n|\n|t:|1655316407\n|switch|p2a: Clawitzer|Clawitzer, L86, M|13\/262\n|move|p1a: Sigilyph|Psyshock|p2a: Clawitzer\n|-damage|p2a: Clawitzer|0 fnt\n|faint|p2a: Clawitzer\n|\n|upkeep\n|\n|t:|1655316408\n|switch|p2a: Delphox|Delphox, L86, F|19\/269\n|turn|22\n|\n|t:|1655316410\n|switch|p1a: Tornadus|Tornadus-Therian, L80, M|258\/258\n|move|p2a: Delphox|Fire Blast|p1a: Tornadus|[miss]\n|-miss|p2a: Delphox|p1a: Tornadus\n|\n|upkeep\n|turn|23\n|\n|t:|1655316414\n|switch|p2a: Lopunny|Lopunny-Mega, L80, M|235\/235\n|move|p1a: Tornadus|Knock Off|p2a: Lopunny\n|-resisted|p2a: Lopunny\n|-damage|p2a: Lopunny|212\/235\n|\n|upkeep\n|turn|24\n|\n|t:|1655316418\n|move|p2a: Lopunny|Substitute|p2a: Lopunny\n|-start|p2a: Lopunny|Substitute\n|-damage|p2a: Lopunny|154\/235\n|move|p1a: Tornadus|Superpower|p2a: Lopunny\n|-supereffective|p2a: Lopunny\n|-end|p2a: Lopunny|Substitute\n|-unboost|p1a: Tornadus|atk|1\n|-unboost|p1a: Tornadus|def|1\n|\n|upkeep\n|turn|25\n|\n|t:|1655316426\n|move|p2a: Lopunny|Ice Punch|p1a: Tornadus\n|-supereffective|p1a: Tornadus\n|-damage|p1a: Tornadus|28\/258\n|move|p1a: Tornadus|Hurricane|p2a: Lopunny|[miss]\n|-miss|p1a: Tornadus|p2a: Lopunny\n|\n|upkeep\n|turn|26\n|\n|t:|1655316431\n|move|p2a: Lopunny|Ice Punch|p1a: Tornadus\n|-supereffective|p1a: Tornadus\n|-damage|p1a: Tornadus|0 fnt\n|faint|p1a: Tornadus\n|\n|upkeep\n|\n|t:|1655316432\n|switch|p1a: Sigilyph|Sigilyph, L86, F|263\/263\n|turn|27\n|\n|t:|1655316434\n|move|p2a: Lopunny|Ice Punch|p1a: Sigilyph\n|-supereffective|p1a: Sigilyph\n|-damage|p1a: Sigilyph|127\/263\n|-status|p1a: Sigilyph|frz\n|cant|p1a: Sigilyph|frz\n|\n|upkeep\n|turn|28\n|\n|t:|1655316437\n|move|p2a: Lopunny|Ice Punch|p1a: Sigilyph\n|-supereffective|p1a: Sigilyph\n|-damage|p1a: Sigilyph|0 fnt\n|faint|p1a: Sigilyph\n|\n|win|RomeoArturia\n|raw|BigWes95's rating: 1773 &rarr; <strong>1762<\/strong><br \/>(-11 for losing)\n|raw|RomeoArturia's rating: 1943 &rarr; <strong>1954<\/strong><br \/>(+11 for winning)\n|l|\u2606BigWes95\n|l|\u203dRomeoArturia\n||Ladder isn't responding, score probably updated but might not have (Request timeout).\n|j|\u203dRomeoArturia\n|player|p2|RomeoArturia|clair\n","inputlog":">version 670c2f5a4ee85e366483c1d6b048cac7bb7a651c\n>start {\"formatid\":\"gen7randombattle\",\"seed\":[57584,27545,44004,36705],\"rated\":\"Rated battle\"}\n>player p1 {\"name\":\"BigWes95\",\"avatar\":\"lusamine-nihilego\",\"rating\":1773,\"seed\":[62588,34575,11724,18526]}\n>player p2 {\"name\":\"RomeoArturia\",\"avatar\":\"clair\",\"rating\":1943,\"seed\":[28149,52859,42617,40179]}\n>p1 move drainpunch\n>p2 switch 6\n>p1 move suckerpunch\n>p2 move psyshock\n>p1 move gunkshot\n>p2 switch 5\n>p1 move suckerpunch\n>p2 move flamethrower\n>p1 switch 2\n>p1 move knockoff\n>p2 move partingshot\n>p2 switch 3\n>p1 move uturn\n>p2 move waterpulse\n>p1 switch 3\n>p1 move icebeam\n>p2 move waterpulse\n>p1 switch 4\n>p1 move auroraveil\n>p2 switch 4\n>p1 move hiddenpower\n>p2 move swordsdance\n>p1 switch 5\n>p2 move ironhead\n>p1 move earthquake mega\n>p2 switch 4\n>p1 switch 5\n>p2 move waterpulse\n>p1 move moonblast\n>p2 switch 5\n>p1 move moonblast\n>p2 move fireblast\n>p1 switch 3\n>p1 move knockoff\n>p2 switch 4\n>p1 move knockoff\n>p2 move iciclecrash\n>p2 switch 6\n>p1 move superpower\n>p2 move flashcannon\n>p1 move superpower\n>p2 move vacuumwave\n>p2 switch 2\n>p1 switch 5\n>p2 move highjumpkick mega\n>p1 move earthquake\n>p2 move highjumpkick\n>p1 switch 6\n>p1 move psyshock\n>p2 switch 5\n>p2 switch 4\n>p1 switch 5\n>p2 move fireblast\n>p1 move knockoff\n>p2 switch 5\n>p1 move superpower\n>p2 move substitute\n>p1 move hurricane\n>p2 move icepunch\n>p1 move hurricane\n>p2 move icepunch\n>p1 switch 5\n>p1 move psyshock\n>p2 move icepunch\n>p1 move psyshock\n>p2 move icepunch","uploadtime":1655316634,"views":2,"p1id":"bigwes95","p2id":"romeoarturia","formatid":"gen7randombattle","rating":1762,"private":0,"password":null}