{"id":"gen7ou-849855038","p1":"scrappy10","p2":"BugCatcherWeevil","format":"gen7ou","log":"|j|\u2606scrappy10\n|j|\u2606BugCatcherWeevil\n|player|p1|scrappy10|176\n|player|p2|BugCatcherWeevil|169\n|teamsize|p1|6\n|teamsize|p2|6\n|gametype|singles\n|gen|7\n|tier|[Gen 7] OU\n|rated|\n|rule|Sleep Clause Mod: Limit one foe put to sleep\n|rule|Species Clause: Limit one of each Pok\u00e9mon\n|rule|OHKO Clause: OHKO moves are banned\n|rule|Moody Clause: Moody is banned\n|rule|Evasion Moves Clause: Evasion moves are banned\n|rule|Endless Battle Clause: Forcing endless battles is banned\n|rule|HP Percentage Mod: HP is shown in percentages\n|clearpoke\n|poke|p1|Landorus-Therian, M|item\n|poke|p1|Heatran, F|item\n|poke|p1|Greninja, M|item\n|poke|p1|Medicham, M|item\n|poke|p1|Rotom-Wash|item\n|poke|p1|Latios, M|item\n|poke|p2|Mawile, M|item\n|poke|p2|Greninja, M|item\n|poke|p2|Tornadus-Therian, M|item\n|poke|p2|Ferrothorn, M|item\n|poke|p2|Heatran, M|item\n|poke|p2|Garchomp, F|item\n|teampreview\n|inactive|Battle timer is ON: inactive players will automatically lose when time's up. (requested by scrappy10)\n|\n|start\n|switch|p1a: Rotom|Rotom-Wash|100\/100\n|switch|p2a: Mawile|Mawile, M|100\/100\n|-ability|p2a: Mawile|Intimidate|boost\n|-unboost|p1a: Rotom|atk|1\n|turn|1\n|\n|switch|p1a: Landorus|Landorus-Therian, M|100\/100\n|-ability|p1a: Landorus|Intimidate|boost\n|-unboost|p2a: Mawile|atk|1\n|switch|p2a: Heatran|Heatran, M|100\/100\n|\n|upkeep\n|turn|2\n|\n|switch|p1a: Heatran|Heatran, F|100\/100\n|switch|p2a: Garchomp|Garchomp, F|100\/100\n|\n|upkeep\n|turn|3\n|\n|switch|p1a: Landorus|Landorus-Therian, M|100\/100\n|-ability|p1a: Landorus|Intimidate|boost\n|-unboost|p2a: Garchomp|atk|1\n|move|p2a: Garchomp|Stealth Rock|p1a: Landorus\n|-sidestart|p1: scrappy10|move: Stealth Rock\n|\n|upkeep\n|turn|4\n|\n|move|p2a: Garchomp|Toxic|p1a: Landorus\n|-status|p1a: Landorus|tox\n|move|p1a: Landorus|Stealth Rock|p2a: Garchomp\n|-sidestart|p2: BugCatcherWeevil|move: Stealth Rock\n|\n|-damage|p1a: Landorus|94\/100 tox|[from] psn\n|upkeep\n|turn|5\n|\n|move|p1a: Landorus|Hidden Power|p2a: Garchomp\n|-supereffective|p2a: Garchomp\n|-damage|p2a: Garchomp|49\/100\n|move|p2a: Garchomp|Roar|p1a: Landorus\n|drag|p1a: Medicham|Medicham, M|100\/100\n|-damage|p1a: Medicham|94\/100|[from] Stealth Rock\n|\n|upkeep\n|turn|6\n|\n|switch|p1a: Landorus|Landorus-Therian, M|94\/100 tox\n|-damage|p1a: Landorus|82\/100 tox|[from] Stealth Rock\n|-ability|p1a: Landorus|Intimidate|boost\n|-unboost|p2a: Garchomp|atk|1\n|move|p2a: Garchomp|Earthquake|p1a: Landorus\n|-immune|p1a: Landorus\n|\n|-damage|p1a: Landorus|76\/100 tox|[from] psn\n|upkeep\n|turn|7\n|\n|switch|p2a: Tornadus|Tornadus-Therian, M|100\/100\n|-damage|p2a: Tornadus|76\/100|[from] Stealth Rock\n|move|p1a: Landorus|U-turn|p2a: Tornadus\n|-resisted|p2a: Tornadus\n|-damage|p2a: Tornadus|61\/100\n|\n|switch|p1a: Greninja|Greninja, M|100\/100\n|-damage|p1a: Greninja|88\/100|[from] Stealth Rock\n|\n|upkeep\n|turn|8\n|\n|switch|p1a: Heatran|Heatran, F|100\/100\n|-damage|p1a: Heatran|88\/100|[from] Stealth Rock\n|switch|p2a: Ferrothorn|Ferrothorn, M|100\/100\n|-damage|p2a: Ferrothorn|95\/100|[from] Stealth Rock\n|\n|-heal|p2a: Ferrothorn|100\/100|[from] item: Leftovers\n|upkeep\n|turn|9\n|\n|move|p1a: Heatran|Earth Power|p2a: Ferrothorn\n|-damage|p2a: Ferrothorn|78\/100\n|move|p2a: Ferrothorn|Spikes|p1a: Heatran\n|-sidestart|p1: scrappy10|Spikes\n|\n|-heal|p2a: Ferrothorn|84\/100|[from] item: Leftovers\n|upkeep\n|turn|10\n|\n|switch|p2a: Greninja|Greninja, M|100\/100\n|-damage|p2a: Greninja|88\/100|[from] Stealth Rock\n|move|p1a: Heatran|Earth Power|p2a: Greninja\n|-damage|p2a: Greninja|38\/100\n|\n|upkeep\n|turn|11\n|\n|switch|p1a: Rotom|Rotom-Wash|100\/100\n|-damage|p1a: Rotom|88\/100|[from] Stealth Rock\n|move|p2a: Greninja|Surf|p1a: Rotom\n|-resisted|p1a: Rotom\n|-damage|p1a: Rotom|65\/100\n|\n|-heal|p1a: Rotom|70\/100|[from] item: Leftovers\n|upkeep\n|turn|12\n|\n|switch|p2a: Ferrothorn|Ferrothorn, M|84\/100\n|-damage|p2a: Ferrothorn|78\/100|[from] Stealth Rock\n|move|p1a: Rotom|Volt Switch|p2a: Ferrothorn\n|-resisted|p2a: Ferrothorn\n|-damage|p2a: Ferrothorn|70\/100\n|\n|switch|p1a: Medicham|Medicham, M|94\/100\n|-damage|p1a: Medicham|88\/100|[from] Stealth Rock\n|-damage|p1a: Medicham|76\/100|[from] Spikes\n|\n|-heal|p2a: Ferrothorn|76\/100|[from] item: Leftovers\n|upkeep\n|turn|13\n|\n|switch|p2a: Garchomp|Garchomp, F|49\/100\n|-damage|p2a: Garchomp|43\/100|[from] Stealth Rock\n|detailschange|p1a: Medicham|Medicham-Mega, M\n|-mega|p1a: Medicham|Medicham|Medichamite\n|move|p1a: Medicham|Ice Punch|p2a: Garchomp\n|-supereffective|p2a: Garchomp\n|-damage|p2a: Garchomp|0 fnt\n|-damage|p1a: Medicham|64\/100|[from] ability: Rough Skin|[of] p2a: Garchomp\n|-damage|p1a: Medicham|47\/100|[from] item: Rocky Helmet|[of] p2a: Garchomp\n|faint|p2a: Garchomp\n|\n|upkeep\n|\n|switch|p2a: Tornadus|Tornadus-Therian, M|95\/100\n|-damage|p2a: Tornadus|70\/100|[from] Stealth Rock\n|turn|14\n|\n|switch|p1a: Heatran|Heatran, F|88\/100\n|-damage|p1a: Heatran|76\/100|[from] Stealth Rock\n|-damage|p1a: Heatran|63\/100|[from] Spikes\n|move|p2a: Tornadus|Focus Blast|p1a: Heatran\n|-supereffective|p1a: Heatran\n|-damage|p1a: Heatran|0 fnt\n|faint|p1a: Heatran\n|\n|upkeep\n|\n|switch|p1a: Greninja|Greninja, M|88\/100\n|-damage|p1a: Greninja|76\/100|[from] Spikes\n|-damage|p1a: Greninja|64\/100|[from] Stealth Rock\n|turn|15\n|\n|switch|p2a: Ferrothorn|Ferrothorn, M|76\/100\n|-damage|p2a: Ferrothorn|70\/100|[from] Stealth Rock\n|move|p1a: Greninja|Dark Pulse|p2a: Ferrothorn\n|-damage|p2a: Ferrothorn|34\/100\n|\n|-heal|p2a: Ferrothorn|40\/100|[from] item: Leftovers\n|upkeep\n|turn|16\n|\n|move|p1a: Greninja|Dark Pulse|p2a: Ferrothorn\n|-damage|p2a: Ferrothorn|6\/100\n|cant|p2a: Ferrothorn|flinch\n|\n|-heal|p2a: Ferrothorn|12\/100|[from] item: Leftovers\n|upkeep\n|turn|17\n|\n|move|p1a: Greninja|Dark Pulse|p2a: Ferrothorn\n|-damage|p2a: Ferrothorn|0 fnt\n|faint|p2a: Ferrothorn\n|-activate|p1a: Greninja|ability: Battle Bond\n|detailschange|p1a: Greninja|Greninja-Ash, M\n|\n|upkeep\n|\n|switch|p2a: Mawile|Mawile, M|100\/100\n|-damage|p2a: Mawile|94\/100|[from] Stealth Rock\n|-ability|p2a: Mawile|Intimidate|boost\n|-unboost|p1a: Greninja|atk|1\n|turn|18\n|\n|switch|p1a: Landorus|Landorus-Therian, M|76\/100 tox\n|-damage|p1a: Landorus|64\/100 tox|[from] Stealth Rock\n|-ability|p1a: Landorus|Intimidate|boost\n|-unboost|p2a: Mawile|atk|1\n|detailschange|p2a: Mawile|Mawile-Mega, M\n|-mega|p2a: Mawile|Mawile|Mawilite\n|move|p2a: Mawile|Play Rough|p1a: Landorus|[miss]\n|-miss|p2a: Mawile|p1a: Landorus\n|\n|-damage|p1a: Landorus|58\/100 tox|[from] psn\n|upkeep\n|turn|19\n|c|\u2606BugCatcherWeevil|nice\n|\n|switch|p2a: Tornadus|Tornadus-Therian, M|100\/100\n|-damage|p2a: Tornadus|76\/100|[from] Stealth Rock\n|move|p1a: Landorus|Earthquake|p2a: Tornadus\n|-immune|p2a: Tornadus\n|\n|-damage|p1a: Landorus|46\/100 tox|[from] psn\n|upkeep\n|turn|20\n|\n|move|p2a: Tornadus|Hurricane|p1a: Landorus\n|-damage|p1a: Landorus|0 fnt\n|faint|p1a: Landorus\n|\n|upkeep\n|\n|switch|p1a: Greninja|Greninja-Ash, M|64\/100\n|-damage|p1a: Greninja|51\/100|[from] Stealth Rock\n|-damage|p1a: Greninja|39\/100|[from] Spikes\n|turn|21\n|\n|move|p1a: Greninja|Hydro Pump|p2a: Tornadus\n|-damage|p2a: Tornadus|0 fnt\n|faint|p2a: Tornadus\n|\n|upkeep\n|\n|switch|p2a: Mawile|Mawile-Mega, M|94\/100\n|-damage|p2a: Mawile|88\/100|[from] Stealth Rock\n|turn|22\n|\n|move|p2a: Mawile|Sucker Punch|p1a: Greninja\n|-resisted|p1a: Greninja\n|-damage|p1a: Greninja|4\/100\n|move|p1a: Greninja|Hydro Pump|p2a: Mawile\n|-damage|p2a: Mawile|0 fnt\n|faint|p2a: Mawile\n|\n|upkeep\n|\n|switch|p2a: Greninja|Greninja, M|38\/100\n|-damage|p2a: Greninja|26\/100|[from] Stealth Rock\n|turn|23\n|\n|move|p2a: Greninja|Water Shuriken|p1a: Greninja\n|-resisted|p1a: Greninja\n|-damage|p1a: Greninja|0 fnt\n|-hitcount|p1a: Greninja|1\n|faint|p1a: Greninja\n|-activate|p2a: Greninja|ability: Battle Bond\n|detailschange|p2a: Greninja|Greninja-Ash, M\n|\n|upkeep\n|\n|switch|p1a: Medicham|Medicham-Mega, M|47\/100\n|-damage|p1a: Medicham|41\/100|[from] Stealth Rock\n|-damage|p1a: Medicham|29\/100|[from] Spikes\n|turn|24\n|\n|switch|p2a: Heatran|Heatran, M|100\/100\n|-damage|p2a: Heatran|88\/100|[from] Stealth Rock\n|move|p1a: Medicham|Fake Out|p2a: Heatran\n|-resisted|p2a: Heatran\n|-damage|p2a: Heatran|78\/100\n|\n|-heal|p2a: Heatran|84\/100|[from] item: Leftovers\n|upkeep\n|turn|25\n|\n|move|p1a: Medicham|High Jump Kick|p2a: Heatran\n|-supereffective|p2a: Heatran\n|-damage|p2a: Heatran|0 fnt\n|faint|p2a: Heatran\n|\n|upkeep\n|\n|switch|p2a: Greninja|Greninja-Ash, M|26\/100\n|-damage|p2a: Greninja|14\/100|[from] Stealth Rock\n|turn|26\n|\n|switch|p1a: Latios|Latios, M|100\/100\n|-damage|p1a: Latios|88\/100|[from] Stealth Rock\n|move|p2a: Greninja|Dark Pulse|p1a: Latios\n|-supereffective|p1a: Latios\n|-damage|p1a: Latios|0 fnt\n|faint|p1a: Latios\n|\n|upkeep\n|\n|switch|p1a: Medicham|Medicham-Mega, M|29\/100\n|-damage|p1a: Medicham|23\/100|[from] Stealth Rock\n|-damage|p1a: Medicham|10\/100|[from] Spikes\n|turn|27\n|c|\u2606BugCatcherWeevil|bg\n|-message|BugCatcherWeevil forfeited.\n|\n|win|scrappy10\n|l|\u2606BugCatcherWeevil\n|c|\u2606scrappy10|gg\n","uploadtime":1547681898,"views":4,"p1id":"scrappy10","p2id":"bugcatcherweevil","formatid":"gen7ou","rating":0,"private":0,"password":null}