{"id":"gen7godlygift-890915669","p1":"comp233","p2":"hydrocharizard","format":"gen7godlygift","log":"|j|\u2606comp233\n|j|\u2606hydrocharizard\n|player|p1|comp233|115\n|player|p2|hydrocharizard|68\n|teamsize|p1|6\n|teamsize|p2|6\n|gametype|singles\n|gen|7\n|tier|[Gen 7] Godly Gift\n|rated|\n|rule|Sleep Clause Mod: Limit one foe put to sleep\n|rule|Species Clause: Limit one of each Pok\u00e9mon\n|rule|OHKO Clause: OHKO moves are banned\n|rule|Moody Clause: Moody is banned\n|rule|Evasion Moves Clause: Evasion moves are banned\n|rule|Endless Battle Clause: Forcing endless battles is banned\n|rule|HP Percentage Mod: HP is shown in percentages\n|clearpoke\n|poke|p1|Tapu Fini|item\n|poke|p1|Ferrothorn, M|item\n|poke|p1|Greninja, M|item\n|poke|p1|Serperior, F|item\n|poke|p1|Mewtwo|item\n|poke|p1|Camerupt, F|item\n|poke|p2|Shuckle, M|item\n|poke|p2|Mimikyu, F|item\n|poke|p2|Clefable, M|item\n|poke|p2|Serperior, M|item\n|poke|p2|Kartana|item\n|poke|p2|Groudon|item\n|rule|Mega Rayquaza Clause: You cannot mega evolve Rayquaza\n|teampreview\n|\n|start\n|switch|p1a: Tapu Fini|Tapu Fini|100\/100\n|switch|p2a: Shuckle|Shuckle, M, shiny|100\/100\n|-fieldstart|move: Misty Terrain|[from] ability: Misty Surge|[of] p1a: Tapu Fini\n|turn|1\n|\n|move|p1a: Tapu Fini|Taunt|p2a: Shuckle\n|-start|p2a: Shuckle|move: Taunt\n|-enditem|p2a: Shuckle|Mental Herb\n|-end|p2a: Shuckle|move: Taunt\n|move|p2a: Shuckle|Sticky Web|p1a: Tapu Fini\n|-sidestart|p1: comp233|move: Sticky Web\n|\n|upkeep\n|turn|2\n|\n|switch|p2a: Serperior|Serperior, M, shiny|100\/100\n|move|p1a: Tapu Fini|Defog|p2a: Serperior\n|-boost|p2a: Serperior|evasion|1\n|-sideend|p1: comp233|Sticky Web|[from] move: Defog|[of] p1a: Tapu Fini\n|\n|upkeep\n|turn|3\n|inactive|Battle timer is ON: inactive players will automatically lose when time's up. (requested by hydrocharizard)\n|\n|move|p2a: Serperior|Substitute|p2a: Serperior\n|-start|p2a: Serperior|Substitute\n|-damage|p2a: Serperior|76\/100\n|move|p1a: Tapu Fini|Moonblast|p2a: Serperior\n|-end|p2a: Serperior|Substitute\n|\n|-heal|p2a: Serperior|82\/100|[from] item: Leftovers\n|upkeep\n|turn|4\n|inactive|comp233 has 120 seconds left.\n|\n|move|p2a: Serperior|Substitute|p2a: Serperior\n|-start|p2a: Serperior|Substitute\n|-damage|p2a: Serperior|57\/100\n|move|p1a: Tapu Fini|Moonblast|p2a: Serperior\n|-end|p2a: Serperior|Substitute\n|\n|-heal|p2a: Serperior|63\/100|[from] item: Leftovers\n|upkeep\n|turn|5\n|\n|move|p2a: Serperior|Substitute|p2a: Serperior\n|-start|p2a: Serperior|Substitute\n|-damage|p2a: Serperior|39\/100\n|move|p1a: Tapu Fini|Moonblast|p2a: Serperior\n|-end|p2a: Serperior|Substitute\n|\n|-heal|p2a: Serperior|45\/100|[from] item: Leftovers\n|-fieldend|Misty Terrain\n|upkeep\n|turn|6\n|\n|move|p2a: Serperior|Substitute|p2a: Serperior\n|-start|p2a: Serperior|Substitute\n|-damage|p2a: Serperior|20\/100\n|move|p1a: Tapu Fini|Moonblast|p2a: Serperior|[miss]\n|-miss|p1a: Tapu Fini|p2a: Serperior\n|\n|-heal|p2a: Serperior|26\/100|[from] item: Leftovers\n|upkeep\n|turn|7\n|inactive|comp233 has 120 seconds left.\n|\n|switch|p1a: Ferrothorn|Ferrothorn, M, shiny|100\/100\n|move|p2a: Serperior|Leaf Storm|p1a: Ferrothorn\n|-resisted|p1a: Ferrothorn\n|-damage|p1a: Ferrothorn|90\/100\n|-boost|p2a: Serperior|spa|2\n|\n|-heal|p2a: Serperior|32\/100|[from] item: Leftovers\n|upkeep\n|turn|8\n|\n|move|p2a: Serperior|Hidden Power|p1a: Ferrothorn\n|-supereffective|p1a: Ferrothorn\n|-damage|p1a: Ferrothorn|0 fnt\n|faint|p1a: Ferrothorn\n|\n|-heal|p2a: Serperior|39\/100|[from] item: Leftovers\n|upkeep\n|\n|switch|p1a: Greninja|Greninja, M|100\/100\n|turn|9\n|\n|move|p1a: Greninja|U-turn|p2a: Serperior\n|-supereffective|p2a: Serperior\n|-end|p2a: Serperior|Substitute\n|\n|switch|p1a: Serperior|Serperior, F|100\/100\n|move|p2a: Serperior|Glare|p1a: Serperior\n|-status|p1a: Serperior|par\n|\n|-heal|p2a: Serperior|45\/100|[from] item: Leftovers\n|upkeep\n|turn|10\n|\n|move|p2a: Serperior|Substitute|p2a: Serperior\n|-start|p2a: Serperior|Substitute\n|-damage|p2a: Serperior|20\/100\n|move|p1a: Serperior|Hidden Power|p2a: Serperior\n|-supereffective|p2a: Serperior\n|-end|p2a: Serperior|Substitute\n|\n|-heal|p2a: Serperior|26\/100|[from] item: Leftovers\n|upkeep\n|turn|11\n|\n|move|p2a: Serperior|Substitute|p2a: Serperior\n|-start|p2a: Serperior|Substitute\n|-damage|p2a: Serperior|2\/100\n|move|p1a: Serperior|Hidden Power|p2a: Serperior\n|-supereffective|p2a: Serperior\n|-end|p2a: Serperior|Substitute\n|\n|-heal|p2a: Serperior|8\/100|[from] item: Leftovers\n|upkeep\n|turn|12\n|\n|move|p2a: Serperior|Hidden Power|p1a: Serperior\n|-supereffective|p1a: Serperior\n|-damage|p1a: Serperior|13\/100 par\n|move|p1a: Serperior|Hidden Power|p2a: Serperior\n|-supereffective|p2a: Serperior\n|-damage|p2a: Serperior|0 fnt\n|faint|p2a: Serperior\n|\n|-heal|p1a: Serperior|19\/100 par|[from] item: Leftovers\n|upkeep\n|\n|switch|p2a: Kartana|Kartana, shiny|100\/100\n|turn|13\n|\n|move|p2a: Kartana|Smart Strike|p1a: Serperior\n|-damage|p1a: Serperior|0 fnt\n|faint|p1a: Serperior\n|-ability|p2a: Kartana|Beast Boost|boost\n|-boost|p2a: Kartana|atk|1\n|\n|upkeep\n|\n|switch|p1a: Camerupt|Camerupt, F, shiny|100\/100\n|turn|14\n|inactive|hydrocharizard has 120 seconds left.\n|\n|switch|p2a: Shuckle|Shuckle, M, shiny|100\/100\n|detailschange|p1a: Camerupt|Camerupt-Mega, F, shiny\n|-mega|p1a: Camerupt|Camerupt|Cameruptite\n|move|p1a: Camerupt|Fire Blast|p2a: Shuckle\n|-damage|p2a: Shuckle|68\/100\n|\n|upkeep\n|turn|15\n|\n|move|p1a: Camerupt|Substitute|p1a: Camerupt\n|-start|p1a: Camerupt|Substitute\n|-damage|p1a: Camerupt|76\/100\n|move|p2a: Shuckle|Sticky Web|p1a: Camerupt\n|-sidestart|p1: comp233|move: Sticky Web\n|\n|upkeep\n|turn|16\n|\n|move|p1a: Camerupt|Earth Power|p2a: Shuckle\n|-damage|p2a: Shuckle|41\/100\n|move|p2a: Shuckle|Encore|p1a: Camerupt\n|-start|p1a: Camerupt|Encore\n|\n|upkeep\n|turn|17\n|inactive|hydrocharizard has 120 seconds left.\n|\n|switch|p2a: Kartana|Kartana, shiny|100\/100\n|move|p1a: Camerupt|Earth Power|p2a: Kartana\n|-damage|p2a: Kartana|7\/100\n|\n|upkeep\n|turn|18\n|\n|move|p1a: Camerupt|Earth Power|p2a: Kartana\n|-damage|p2a: Kartana|0 fnt\n|faint|p2a: Kartana\n|\n|upkeep\n|\n|switch|p2a: Groudon|Groudon, shiny|100\/100\n|detailschange|p2a: Groudon|Groudon-Primal, shiny\n|-primal|p2a: Groudon\n|-weather|DesolateLand|[from] ability: Desolate Land|[of] p2a: Groudon\n|turn|19\n|\n|move|p1a: Camerupt|Earth Power|p2a: Groudon\n|-supereffective|p2a: Groudon\n|-damage|p2a: Groudon|0 fnt\n|faint|p2a: Groudon\n|-weather|none\n|\n|-end|p1a: Camerupt|Encore\n|upkeep\n|\n|switch|p2a: Mimikyu|Mimikyu, F, shiny|100\/100\n|turn|20\n|\n|move|p1a: Camerupt|Earth Power|p2a: Mimikyu\n|-activate|p2a: Mimikyu|ability: Disguise\n|-damage|p2a: Mimikyu|100\/100\n|detailschange|p2a: Mimikyu|Mimikyu-Busted, F, shiny\n|move|p2a: Mimikyu|Shadow Claw|p1a: Camerupt\n|-end|p1a: Camerupt|Substitute\n|-damage|p2a: Mimikyu|91\/100|[from] item: Life Orb\n|\n|upkeep\n|turn|21\n|\n|move|p1a: Camerupt|Fire Blast|p2a: Mimikyu\n|-damage|p2a: Mimikyu|0 fnt\n|faint|p2a: Mimikyu\n|\n|upkeep\n|\n|switch|p2a: Clefable|Clefable, M, shiny|100\/100\n|turn|22\n|\n|move|p1a: Camerupt|Substitute|p1a: Camerupt\n|-start|p1a: Camerupt|Substitute\n|-damage|p1a: Camerupt|51\/100\n|move|p2a: Clefable|Soft-Boiled||[still]\n|-fail|p2a: Clefable\n|\n|upkeep\n|turn|23\n|\n|move|p1a: Camerupt|Toxic|p2a: Clefable\n|-status|p2a: Clefable|tox\n|move|p2a: Clefable|Calm Mind|p2a: Clefable\n|-boost|p2a: Clefable|spa|1\n|-boost|p2a: Clefable|spd|1\n|\n|upkeep\n|turn|24\n|\n|move|p1a: Camerupt|Fire Blast|p2a: Clefable\n|-damage|p2a: Clefable|52\/100 tox\n|move|p2a: Clefable|Calm Mind|p2a: Clefable\n|-boost|p2a: Clefable|spa|1\n|-boost|p2a: Clefable|spd|1\n|\n|-heal|p2a: Clefable|58\/100 tox|[from] item: Leftovers\n|upkeep\n|turn|25\n|inactive|hydrocharizard has 120 seconds left.\n|\n|move|p1a: Camerupt|Fire Blast|p2a: Clefable|[miss]\n|-miss|p1a: Camerupt|p2a: Clefable\n|move|p2a: Clefable|Calm Mind|p2a: Clefable\n|-boost|p2a: Clefable|spa|1\n|-boost|p2a: Clefable|spd|1\n|\n|-heal|p2a: Clefable|64\/100 tox|[from] item: Leftovers\n|upkeep\n|turn|26\n|\n|move|p1a: Camerupt|Fire Blast|p2a: Clefable\n|-damage|p2a: Clefable|35\/100 tox\n|move|p2a: Clefable|Calm Mind|p2a: Clefable\n|-boost|p2a: Clefable|spa|1\n|-boost|p2a: Clefable|spd|1\n|\n|-heal|p2a: Clefable|41\/100 tox|[from] item: Leftovers\n|upkeep\n|turn|27\n|\n|move|p1a: Camerupt|Fire Blast|p2a: Clefable\n|-damage|p2a: Clefable|16\/100 tox\n|move|p2a: Clefable|Soft-Boiled|p2a: Clefable\n|-heal|p2a: Clefable|66\/100 tox\n|\n|-heal|p2a: Clefable|72\/100 tox|[from] item: Leftovers\n|upkeep\n|turn|28\n|\n|switch|p1a: Tapu Fini|Tapu Fini|100\/100\n|-activate|p1a: Tapu Fini|move: Sticky Web\n|-unboost|p1a: Tapu Fini|spe|1\n|-fieldstart|move: Misty Terrain|[from] ability: Misty Surge|[of] p1a: Tapu Fini\n|move|p2a: Clefable|Calm Mind|p2a: Clefable\n|-boost|p2a: Clefable|spa|1\n|-boost|p2a: Clefable|spd|1\n|\n|-heal|p2a: Clefable|78\/100 tox|[from] item: Leftovers\n|upkeep\n|turn|29\n|inactive|hydrocharizard has 120 seconds left.\n|\n|move|p2a: Clefable|Moonblast|p1a: Tapu Fini\n|-damage|p1a: Tapu Fini|27\/100\n|move|p1a: Tapu Fini|Nature's Madness|p2a: Clefable\n|-damage|p2a: Clefable|40\/100 tox\n|\n|-heal|p2a: Clefable|46\/100 tox|[from] item: Leftovers\n|-heal|p1a: Tapu Fini|33\/100|[from] item: Leftovers\n|upkeep\n|turn|30\n|\n|move|p2a: Clefable|Soft-Boiled|p2a: Clefable\n|-heal|p2a: Clefable|96\/100 tox\n|move|p1a: Tapu Fini|Nature's Madness|p2a: Clefable|[miss]\n|-miss|p1a: Tapu Fini|p2a: Clefable\n|\n|-heal|p2a: Clefable|100\/100 tox|[from] item: Leftovers\n|-heal|p1a: Tapu Fini|39\/100|[from] item: Leftovers\n|upkeep\n|turn|31\n|inactive|hydrocharizard has 120 seconds left.\n|\n|move|p2a: Clefable|Moonblast|p1a: Tapu Fini\n|-damage|p1a: Tapu Fini|0 fnt\n|faint|p1a: Tapu Fini\n|\n|upkeep\n|\n|switch|p1a: Mewtwo|Mewtwo|100\/100\n|-activate|p1a: Mewtwo|move: Sticky Web\n|-unboost|p1a: Mewtwo|spe|1\n|-ability|p1a: Mewtwo|Pressure\n|turn|32\n|inactive|hydrocharizard has 120 seconds left.\n|\n|move|p1a: Mewtwo|Psystrike|p2a: Clefable\n|-damage|p2a: Clefable|60\/100 tox\n|move|p2a: Clefable|Moonblast|p1a: Mewtwo\n|-damage|p1a: Mewtwo|0 fnt\n|faint|p1a: Mewtwo\n|\n|-heal|p2a: Clefable|66\/100 tox|[from] item: Leftovers\n|-fieldend|Misty Terrain\n|upkeep\n|\n|switch|p1a: Camerupt|Camerupt-Mega, F, shiny|51\/100\n|-activate|p1a: Camerupt|move: Sticky Web\n|-unboost|p1a: Camerupt|spe|1\n|turn|33\n|inactive|hydrocharizard has 120 seconds left.\n|c|\u2606hydrocharizard|gg mate that camel was scary\n|inactive|hydrocharizard has 90 seconds left.\n|\n|move|p1a: Camerupt|Fire Blast|p2a: Clefable\n|-damage|p2a: Clefable|45\/100 tox\n|move|p2a: Clefable|Moonblast|p1a: Camerupt\n|-resisted|p1a: Camerupt\n|-damage|p1a: Camerupt|0 fnt\n|faint|p1a: Camerupt\n|\n|-heal|p2a: Clefable|51\/100 tox|[from] item: Leftovers\n|upkeep\n|\n|switch|p1a: Greninja|Greninja, M|100\/100\n|-activate|p1a: Greninja|move: Sticky Web\n|-unboost|p1a: Greninja|spe|1\n|turn|34\n|inactive|hydrocharizard has 90 seconds left.\n|\n|move|p1a: Greninja|Hydro Pump|p2a: Clefable\n|-damage|p2a: Clefable|38\/100 tox\n|move|p2a: Clefable|Moonblast|p1a: Greninja\n|-supereffective|p1a: Greninja\n|-damage|p1a: Greninja|0 fnt\n|faint|p1a: Greninja\n|\n|win|hydrocharizard\n|raw|comp233's rating: 1332 &rarr; <strong>1310<\/strong><br \/>(-22 for losing)\n|raw|hydrocharizard's rating: 1303 &rarr; <strong>1325<\/strong><br \/>(+22 for winning)\n|c|\u2606hydrocharizard|gg\n|l|\u2606comp233\n","uploadtime":1554969599,"views":1,"p1id":"comp233","p2id":"hydrocharizard","formatid":"gen7godlygift","rating":1310,"private":0,"password":null}