{"id":"gen7ou-670923369","p1":"Toxabelle","p2":"sebas99sevilla","format":"gen7ou","log":"|raw|<div class=\"broadcast-red\"><strong>This battle is invite-only!<\/strong><br \/>Users must be rank + or invited with <code>\/invite<\/code> to join<\/div>\n|j|Toxabelle\n|j|sebas99sevilla\n|player|p1|Toxabelle|169\n|teamsize|p1|6\n|player|p2|sebas99sevilla|288\n|teamsize|p2|6\n|gametype|singles\n|gen|7\n|tier|[Gen 7] OU\n|rated|\n|seed|41625,4420,27476,19939\n|rule|Sleep Clause Mod: Limit one foe put to sleep\n|rule|Species Clause: Limit one of each Pok\u00e9mon\n|rule|OHKO Clause: OHKO moves are banned\n|rule|Moody Clause: Moody is banned\n|rule|Evasion Moves Clause: Evasion moves are banned\n|rule|Endless Battle Clause: Forcing endless battles is banned\n|rule|HP Percentage Mod: HP is shown in percentages\n|clearpoke\n|poke|p1|Scizor, F|item\n|poke|p1|Tornadus-Therian, M|item\n|poke|p1|Chansey, F|item\n|poke|p1|Ditto|item\n|poke|p1|Zygarde|item\n|poke|p1|Toxapex, F|item\n|poke|p2|Tapu Koko|item\n|poke|p2|Landorus-Therian, M|item\n|poke|p2|Gyarados, F|item\n|poke|p2|Kyurem-Black|item\n|poke|p2|Magnezone|item\n|poke|p2|Sceptile, F|item\n|teampreview\n|inactive|Battle timer is ON: inactive players will automatically lose when time's up. (requested by Toxabelle)\n|inactive|sebas99sevilla has 135 seconds left.\n|choice|team 5, team 2, team 3, team 4, team 1, team 6|team 1, team 2, team 3, team 4, team 5, team 6\n|\n|start\n|switch|p1a: Zygarde|Zygarde|357\/357\n|switch|p2a: Tapu Koko|Tapu Koko|281\/281\n|-fieldstart|move: Electric Terrain|[from] ability: Electric Surge|[of] p2a: Tapu Koko\n|-ability|p1a: Zygarde|Aura Break\n|turn|1\n|choice|move thousandarrows|switch 2\n|\n|switch|p2a: Landorus|Landorus-Therian, M|382\/382\n|-ability|p2a: Landorus|Intimidate|boost\n|-unboost|p1a: Zygarde|atk|1\n|move|p1a: Zygarde|Thousand Arrows|p2a: Landorus\n|-damage|p2a: Landorus|262\/382\n|-start|p2a: Landorus|Smack Down\n|\n|upkeep\n|turn|2\n|choice|switch 2|move stealthrock\n|\n|switch|p1a: Tornadus|Tornadus-Therian, M, shiny|299\/299\n|move|p2a: Landorus|Stealth Rock|p1a: Tornadus\n|-sidestart|p1: Toxabelle|move: Stealth Rock\n|\n|upkeep\n|turn|3\n|choice|move defog|switch 4\n|\n|switch|p2a: Kyurem|Kyurem-Black|433\/433\n|-ability|p2a: Kyurem|Teravolt\n|move|p1a: Tornadus|Defog|p2a: Kyurem\n|-unboost|p2a: Kyurem|evasion|1\n|-sideend|p1: Toxabelle|Stealth Rock|[from] move: Defog|[of] p1a: Tornadus\n|\n|upkeep\n|turn|4\n|choice|switch 6|move fusionbolt\n|\n|switch|p1a: Toxapex|Toxapex, F|303\/303\n|move|p2a: Kyurem|Fusion Bolt|p1a: Toxapex\n|-supereffective|p1a: Toxapex\n|-damage|p1a: Toxapex|103\/303\n|\n|-heal|p1a: Toxapex|121\/303|[from] item: Black Sludge\n|upkeep\n|turn|5\n|choice|switch 5|move dragontail\n|\n|switch|p1a: Scizor|Scizor, F|343\/343\n|move|p2a: Kyurem|Dragon Tail|p1a: Scizor\n|-resisted|p1a: Scizor\n|-damage|p1a: Scizor|301\/343\n|drag|p1a: Toxapex|Toxapex, F|222\/303\n|\n|-heal|p1a: Toxapex|240\/303|[from] item: Black Sludge\n|-fieldend|move: Electric Terrain\n|upkeep\n|turn|6\n|choice|move toxicspikes|switch 2\n|\n|switch|p2a: Tapu Koko|Tapu Koko|281\/281\n|-fieldstart|move: Electric Terrain|[from] ability: Electric Surge|[of] p2a: Tapu Koko\n|move|p1a: Toxapex|Toxic Spikes|p2a: Tapu Koko\n|-sidestart|p2: sebas99sevilla|move: Toxic Spikes\n|\n|-heal|p1a: Toxapex|258\/303|[from] item: Black Sludge\n|upkeep\n|turn|7\n|choice|switch 3|move voltswitch\n|\n|switch|p1a: Chansey|Chansey, F|703\/703\n|move|p2a: Tapu Koko|Volt Switch|p1a: Chansey\n|-damage|p1a: Chansey|601\/703\n|choice||switch 4\n|\n|switch|p2a: Landorus|Landorus-Therian, M|262\/382|[from]move: Volt Switch\n|-ability|p2a: Landorus|Intimidate|boost\n|-unboost|p1a: Chansey|atk|1\n|\n|upkeep\n|turn|8\n|choice|move stealthrock|move earthquake\n|\n|move|p2a: Landorus|Earthquake|p1a: Chansey\n|-damage|p1a: Chansey|400\/703\n|move|p1a: Chansey|Stealth Rock|p2a: Landorus\n|-sidestart|p2: sebas99sevilla|move: Stealth Rock\n|\n|upkeep\n|turn|9\n|choice|move softboiled|move defog\n|\n|move|p2a: Landorus|Defog|p1a: Chansey\n|-unboost|p1a: Chansey|evasion|1\n|-sideend|p2: sebas99sevilla|Toxic Spikes|[from] move: Defog|[of] p2a: Landorus\n|-sideend|p2: sebas99sevilla|Stealth Rock|[from] move: Defog|[of] p2a: Landorus\n|move|p1a: Chansey|Soft-Boiled|p1a: Chansey\n|-heal|p1a: Chansey|703\/703\n|\n|upkeep\n|turn|10\n|choice|move stealthrock|move uturn\n|\n|move|p2a: Landorus|U-turn|p1a: Chansey\n|-damage|p1a: Chansey|604\/703\n|choice||switch 3\n|\n|switch|p2a: Gyarados|Gyarados, F|331\/331|[from]move: U-turn\n|-ability|p2a: Gyarados|Intimidate|boost\n|-unboost|p1a: Chansey|atk|1\n|move|p1a: Chansey|Stealth Rock|p2a: Gyarados\n|-sidestart|p2: sebas99sevilla|move: Stealth Rock\n|\n|-fieldend|move: Electric Terrain\n|upkeep\n|turn|11\n|choice|switch 2|move substitute\n|\n|switch|p1a: Zygarde|Zygarde|357\/357\n|-ability|p1a: Zygarde|Aura Break\n|move|p2a: Gyarados|Substitute|p2a: Gyarados\n|-start|p2a: Gyarados|Substitute\n|-damage|p2a: Gyarados|249\/331\n|\n|upkeep\n|turn|12\n|choice|move thousandarrows|move waterfall mega\n|\n|-mega|p2a: Gyarados|Gyarados|Gyaradosite\n|detailschange|p2a: Gyarados|Gyarados-Mega, F\n|-ability|p2a: Gyarados|Mold Breaker\n|move|p1a: Zygarde|Thousand Arrows|p2a: Gyarados\n|-end|p2a: Gyarados|Substitute\n|move|p2a: Gyarados|Waterfall|p1a: Zygarde\n|-damage|p1a: Zygarde|216\/357\n|\n|upkeep\n|turn|13\n|choice|move thousandarrows|move dragondance\n|\n|move|p1a: Zygarde|Thousand Arrows|p2a: Gyarados\n|-damage|p2a: Gyarados|48\/331\n|move|p2a: Gyarados|Dragon Dance|p2a: Gyarados\n|-boost|p2a: Gyarados|atk|1\n|-boost|p2a: Gyarados|spe|1\n|\n|upkeep\n|turn|14\n|inactive|Toxabelle has 135 seconds left.\n|choice|switch 4|move earthquake\n|\n|switch|p1a: Ditto|Ditto|300\/300\n|-transform|p1a: Ditto|p2a: Gyarados|[from] ability: Imposter\n|-ability|p1a: Ditto|Mold Breaker\n|move|p2a: Gyarados|Earthquake|p1a: Ditto\n|-damage|p1a: Ditto|96\/300\n|\n|upkeep\n|turn|15\n|choice|move waterfall|move earthquake\n|\n|move|p1a: Ditto|Waterfall|p2a: Gyarados\n|-resisted|p2a: Gyarados\n|-damage|p2a: Gyarados|0 fnt\n|faint|p2a: Gyarados\n|\n|upkeep\n|inactive|sebas99sevilla has 135 seconds left.\n|choice||switch 2\n|\n|switch|p2a: Kyurem|Kyurem-Black|433\/433\n|-damage|p2a: Kyurem|325\/433|[from] Stealth Rock\n|-ability|p2a: Kyurem|Teravolt\n|turn|16\n|choice|switch 5|switch 3\n|\n|switch|p1a: Scizor|Scizor, F|301\/343\n|switch|p2a: Landorus|Landorus-Therian, M|262\/382\n|-damage|p2a: Landorus|215\/382|[from] Stealth Rock\n|-ability|p2a: Landorus|Intimidate|boost\n|-unboost|p1a: Scizor|atk|1\n|\n|upkeep\n|turn|17\n|choice|move hiddenpower mega|move defog\n|\n|-mega|p1a: Scizor|Scizor|Scizorite\n|detailschange|p1a: Scizor|Scizor-Mega, F\n|move|p2a: Landorus|Defog|p1a: Scizor\n|-unboost|p1a: Scizor|evasion|1\n|-sideend|p2: sebas99sevilla|Stealth Rock|[from] move: Defog|[of] p2a: Landorus\n|move|p1a: Scizor|Hidden Power|p2a: Landorus\n|-supereffective|p2a: Landorus\n|-damage|p2a: Landorus|15\/382\n|\n|upkeep\n|turn|18\n|choice|switch 6|move stealthrock\n|\n|switch|p1a: Tornadus|Tornadus-Therian, M, shiny|299\/299\n|move|p2a: Landorus|Stealth Rock|p1a: Tornadus\n|-sidestart|p1: Toxabelle|move: Stealth Rock\n|\n|upkeep\n|turn|19\n|choice|move defog|switch 4\n|\n|switch|p2a: Tapu Koko|Tapu Koko|281\/281\n|-fieldstart|move: Electric Terrain|[from] ability: Electric Surge|[of] p2a: Tapu Koko\n|move|p1a: Tornadus|Defog|p2a: Tapu Koko\n|-unboost|p2a: Tapu Koko|evasion|1\n|-sideend|p1: Toxabelle|Stealth Rock|[from] move: Defog|[of] p1a: Tornadus\n|\n|upkeep\n|turn|20\n|choice|switch 2|move thunderbolt\n|\n|switch|p1a: Chansey|Chansey, F|604\/703\n|move|p2a: Tapu Koko|Thunderbolt|p1a: Chansey\n|-damage|p1a: Chansey|480\/703\n|-status|p1a: Chansey|par\n|\n|upkeep\n|turn|21\n|choice|move softboiled|move taunt\n|\n|move|p2a: Tapu Koko|Taunt|p1a: Chansey\n|-start|p1a: Chansey|move: Taunt\n|cant|p1a: Chansey|move: Taunt|Soft-Boiled\n|\n|upkeep\n|turn|22\n|choice|move seismictoss|move voltswitch\n|\n|move|p2a: Tapu Koko|Volt Switch|p1a: Chansey\n|-damage|p1a: Chansey|383\/703 par\n|choice||switch 3\n|\n|switch|p2a: Kyurem|Kyurem-Black|325\/433|[from]move: Volt Switch\n|-ability|p2a: Kyurem|Teravolt\n|move|p1a: Chansey|Seismic Toss|p2a: Kyurem\n|-damage|p2a: Kyurem|225\/433\n|\n|upkeep\n|turn|23\n|choice|switch 6|move fusionbolt\n|\n|-curestatus|p1a: Chansey|par|[from] ability: Natural Cure\n|switch|p1a: Scizor|Scizor-Mega, F|301\/343\n|move|p2a: Kyurem|Fusion Bolt|p1a: Scizor\n|-crit|p1a: Scizor\n|-damage|p1a: Scizor|145\/343\n|\n|-fieldend|move: Electric Terrain\n|upkeep\n|turn|24\n|choice|move uturn|switch 5\n|\n|switch|p2a: Magnezone|Magnezone|343\/343\n|move|p1a: Scizor|U-turn|p2a: Magnezone\n|-resisted|p2a: Magnezone\n|-damage|p2a: Magnezone|291\/343\n|choice|switch 4|\n|\n|switch|p1a: Zygarde|Zygarde|216\/357|[from]move: U-turn\n|-ability|p1a: Zygarde|Aura Break\n|\n|upkeep\n|turn|25\n|choice|move thousandarrows|switch 4\n|\n|switch|p2a: Landorus|Landorus-Therian, M|15\/382\n|-ability|p2a: Landorus|Intimidate|boost\n|-unboost|p1a: Zygarde|atk|1\n|move|p1a: Zygarde|Thousand Arrows|p2a: Landorus\n|-damage|p2a: Landorus|0 fnt\n|faint|p2a: Landorus\n|\n|upkeep\n|choice||switch 3\n|\n|switch|p2a: Tapu Koko|Tapu Koko|281\/281\n|-fieldstart|move: Electric Terrain|[from] ability: Electric Surge|[of] p2a: Tapu Koko\n|turn|26\n|choice|switch 3|move hiddenpower\n|\n|switch|p1a: Toxapex|Toxapex, F|303\/303\n|move|p2a: Tapu Koko|Hidden Power|p1a: Toxapex\n|-resisted|p1a: Toxapex\n|-damage|p1a: Toxapex|284\/303\n|\n|-heal|p1a: Toxapex|302\/303|[from] item: Black Sludge\n|upkeep\n|turn|27\n|choice|switch 3|move thunderbolt\n|\n|switch|p1a: Zygarde|Zygarde|216\/357\n|-ability|p1a: Zygarde|Aura Break\n|move|p2a: Tapu Koko|Thunderbolt|p1a: Zygarde\n|-immune|p1a: Zygarde|[msg]\n|\n|upkeep\n|turn|28\n|choice|move extremespeed|move hiddenpower\n|\n|move|p1a: Zygarde|Extreme Speed|p2a: Tapu Koko\n|-damage|p2a: Tapu Koko|129\/281\n|move|p2a: Tapu Koko|Hidden Power|p1a: Zygarde\n|-supereffective|p1a: Zygarde\n|-damage|p1a: Zygarde|0 fnt\n|faint|p1a: Zygarde\n|\n|upkeep\n|choice|switch 5|\n|\n|switch|p1a: Ditto|Ditto|96\/300\n|-transform|p1a: Ditto|p2a: Tapu Koko|[from] ability: Imposter\n|turn|29\n|choice|move voltswitch|switch 5\n|\n|switch|p2a: Kyurem|Kyurem-Black|225\/433\n|-ability|p2a: Kyurem|Teravolt\n|move|p1a: Ditto|Volt Switch|p2a: Kyurem\n|-resisted|p2a: Kyurem\n|-damage|p2a: Kyurem|188\/433\n|choice|switch 2|\n|\n|switch|p1a: Tornadus|Tornadus-Therian, M, shiny|299\/299|[from]move: Volt Switch\n|\n|upkeep\n|turn|30\n|choice|move superpower|move fusionbolt\n|\n|move|p1a: Tornadus|Superpower|p2a: Kyurem\n|-supereffective|p2a: Kyurem\n|-damage|p2a: Kyurem|0 fnt\n|-unboost|p1a: Tornadus|atk|1\n|-unboost|p1a: Tornadus|def|1\n|faint|p2a: Kyurem\n|\n|-fieldend|move: Electric Terrain\n|upkeep\n|choice||switch 5\n|\n|switch|p2a: Tapu Koko|Tapu Koko|129\/281\n|-fieldstart|move: Electric Terrain|[from] ability: Electric Surge|[of] p2a: Tapu Koko\n|turn|31\n|choice|switch 4|move thunderbolt\n|\n|switch|p1a: Scizor|Scizor-Mega, F|145\/343\n|move|p2a: Tapu Koko|Thunderbolt|p1a: Scizor\n|-damage|p1a: Scizor|0 fnt\n|faint|p1a: Scizor\n|\n|upkeep\n|choice|switch 2|\n|\n|switch|p1a: Ditto|Ditto|96\/300\n|-transform|p1a: Ditto|p2a: Tapu Koko|[from] ability: Imposter\n|turn|32\n|choice|move voltswitch|switch 4\n|\n|switch|p2a: Magnezone|Magnezone|291\/343\n|move|p1a: Ditto|Volt Switch|p2a: Magnezone\n|-resisted|p2a: Magnezone\n|-damage|p2a: Magnezone|207\/343\n|choice|switch 6|\n|\n|switch|p1a: Chansey|Chansey, F|383\/703|[from]move: Volt Switch\n|\n|upkeep\n|turn|33\n|inactive|sebas99sevilla has 135 seconds left.\n|inactive|sebas99sevilla has 120 seconds left.\n|choice|move softboiled|move voltswitch\n|\n|move|p2a: Magnezone|Volt Switch|p1a: Chansey\n|-damage|p1a: Chansey|179\/703\n|choice||switch 6\n|\n|switch|p2a: NANI???|Sceptile, F|293\/293|[from]move: Volt Switch\n|-enditem|p2a: NANI???|Electric Seed\n|-boost|p2a: NANI???|def|1\n|move|p1a: Chansey|Soft-Boiled|p1a: Chansey\n|-heal|p1a: Chansey|531\/703\n|\n|upkeep\n|turn|34\n|choice|switch 3|move swordsdance\n|\n|switch|p1a: Toxapex|Toxapex, F|303\/303\n|move|p2a: NANI???|Swords Dance|p2a: NANI???\n|-boost|p2a: NANI???|atk|2\n|\n|upkeep\n|turn|35\n|choice|move haze|move leafblade\n|\n|move|p2a: NANI???|Leaf Blade|p1a: Toxapex\n|-crit|p1a: Toxapex\n|-damage|p1a: Toxapex|80\/303\n|move|p1a: Toxapex|Haze|p1a: Toxapex\n|-clearallboost\n|\n|-heal|p1a: Toxapex|98\/303|[from] item: Black Sludge\n|-fieldend|move: Electric Terrain\n|upkeep\n|turn|36\n|choice|move recover|move swordsdance\n|\n|move|p2a: NANI???|Swords Dance|p2a: NANI???\n|-boost|p2a: NANI???|atk|2\n|move|p1a: Toxapex|Recover|p1a: Toxapex\n|-heal|p1a: Toxapex|250\/303\n|\n|-heal|p1a: Toxapex|268\/303|[from] item: Black Sludge\n|upkeep\n|turn|37\n|choice|move haze|move leafblade\n|\n|move|p2a: NANI???|Leaf Blade|p1a: Toxapex\n|-crit|p1a: Toxapex\n|-damage|p1a: Toxapex|58\/303\n|move|p1a: Toxapex|Haze|p1a: Toxapex\n|-clearallboost\n|\n|-heal|p1a: Toxapex|76\/303|[from] item: Black Sludge\n|upkeep\n|turn|38\n|choice|move recover|move leafblade\n|\n|move|p2a: NANI???|Leaf Blade|p1a: Toxapex\n|-damage|p1a: Toxapex|0 fnt\n|faint|p1a: Toxapex\n|\n|upkeep\n|choice|switch 4|\n|\n|switch|p1a: Tornadus|Tornadus-Therian, M, shiny|299\/299\n|turn|39\n|choice|move hurricane|switch 6\n|\n|switch|p2a: Magnezone|Magnezone|207\/343\n|move|p1a: Tornadus|Hurricane|p2a: Magnezone\n|-resisted|p2a: Magnezone\n|-damage|p2a: Magnezone|158\/343\n|-start|p2a: Magnezone|confusion\n|\n|upkeep\n|turn|40\n|choice|move superpower|switch 4\n|\n|switch|p2a: Tapu Koko|Tapu Koko|129\/281\n|-fieldstart|move: Electric Terrain|[from] ability: Electric Surge|[of] p2a: Tapu Koko\n|move|p1a: Tornadus|Superpower|p2a: Tapu Koko\n|-resisted|p2a: Tapu Koko\n|-damage|p2a: Tapu Koko|76\/281\n|-unboost|p1a: Tornadus|atk|1\n|-unboost|p1a: Tornadus|def|1\n|\n|upkeep\n|turn|41\n|choice|switch 3|move thunderbolt zmove\n|\n|switch|p1a: Chansey|Chansey, F|531\/703\n|-zpower|p2a: Tapu Koko\n|move|p2a: Tapu Koko|Gigavolt Havoc|p1a: Chansey|[zeffect]\n|-damage|p1a: Chansey|312\/703\n|\n|upkeep\n|turn|42\n|choice|move seismictoss|move taunt\n|\n|move|p2a: Tapu Koko|Taunt|p1a: Chansey\n|-start|p1a: Chansey|move: Taunt\n|move|p1a: Chansey|Seismic Toss|p2a: Tapu Koko\n|-damage|p2a: Tapu Koko|0 fnt\n|faint|p2a: Tapu Koko\n|\n|upkeep\n|choice||switch 4\n|\n|switch|p2a: Magnezone|Magnezone|158\/343\n|turn|43\n|choice|switch 6|move thunderbolt\n|\n|switch|p1a: Ditto|Ditto|96\/300\n|-transform|p1a: Ditto|p2a: Magnezone|[from] ability: Imposter\n|move|p2a: Magnezone|Thunderbolt|p1a: Ditto\n|-resisted|p1a: Ditto\n|-damage|p1a: Ditto|0 fnt\n|faint|p1a: Ditto\n|\n|upkeep\n|choice|switch 3|\n|\n|switch|p1a: Tornadus|Tornadus-Therian, M, shiny|299\/299\n|turn|44\n|choice|move superpower|move thunderbolt\n|\n|move|p1a: Tornadus|Superpower|p2a: Magnezone\n|-supereffective|p2a: Magnezone\n|-damage|p2a: Magnezone|0 fnt\n|-unboost|p1a: Tornadus|atk|1\n|-unboost|p1a: Tornadus|def|1\n|faint|p2a: Magnezone\n|\n|-fieldend|move: Electric Terrain\n|upkeep\n|choice||switch 6\n|\n|switch|p2a: NANI???|Sceptile, F|293\/293\n|turn|45\n|choice|move hurricane zmove|move acrobatics\n|\n|-zpower|p1a: Tornadus\n|move|p1a: Tornadus|Supersonic Skystrike|p2a: NANI???|[zeffect]\n|-supereffective|p2a: NANI???\n|-damage|p2a: NANI???|0 fnt\n|faint|p2a: NANI???\n|\n|win|Toxabelle\n|c|\u2606sebas99sevilla|gg\n|c|\u2606Toxabelle|gg\n|raw|Toxabelle's rating: 2010 &rarr; <strong>2027<\/strong><br \/>(+17 for winning)\n|raw|sebas99sevilla's rating: 1960 &rarr; <strong>1943<\/strong><br \/>(-17 for losing)\n|l|sebas99sevilla\n|c|\u2606Toxabelle|\/log Toxabelle made this room public.","inputlog":null,"uploadtime":1512747463,"views":228,"p1id":"toxabelle","p2id":"sebas99sevilla","formatid":"gen7ou","rating":1943,"private":0,"password":null}