{"id":"gen7ou-997274192","p1":"lord cube","p2":"4G3NC Kylo","format":"gen7ou","log":"|j|\u2606lord cube\n|j|\u26064G3NC Kylo\n|player|p1|lord cube|morty|1445\n|player|p2|4G3NC Kylo|281|1497\n|teamsize|p1|6\n|teamsize|p2|6\n|gametype|singles\n|gen|7\n|tier|[Gen 7] OU\n|rated|\n|rule|Sleep Clause Mod: Limit one foe put to sleep\n|rule|Species Clause: Limit one of each Pok\u00e9mon\n|rule|OHKO Clause: OHKO moves are banned\n|rule|Moody Clause: Moody is banned\n|rule|Evasion Moves Clause: Evasion moves are banned\n|rule|Endless Battle Clause: Forcing endless battles is banned\n|rule|HP Percentage Mod: HP is shown in percentages\n|clearpoke\n|poke|p1|Diggersby, M|item\n|poke|p1|Skarmory, M|item\n|poke|p1|Muk-Alola, M|item\n|poke|p1|Chansey, F|item\n|poke|p1|Latias, F|item\n|poke|p1|Serperior, F|item\n|poke|p2|Honchkrow, M|item\n|poke|p2|Kommo-o, M|item\n|poke|p2|Ferrothorn, F|item\n|poke|p2|Rotom-Wash|item\n|poke|p2|Tapu Koko|item\n|poke|p2|Tentacruel, M|item\n|teampreview\n|inactive|Battle timer is ON: inactive players will automatically lose when time's up. (requested by lord cube)\n|inactive|4G3NC Kylo has 120 seconds left.\n|\n|start\n|switch|p1a: Serperior|Serperior, F|100\/100\n|switch|p2a: Ferrothorn|Ferrothorn, F|100\/100\n|turn|1\n|\n|move|p1a: Serperior|Taunt|p2a: Ferrothorn\n|-start|p2a: Ferrothorn|move: Taunt\n|cant|p2a: Ferrothorn|move: Taunt|Thunder Wave\n|\n|upkeep\n|turn|2\n|\n|switch|p2a: Rotom|Rotom-Wash|100\/100\n|move|p1a: Serperior|Leaf Storm|p2a: Rotom\n|-supereffective|p2a: Rotom\n|-damage|p2a: Rotom|18\/100\n|-boost|p1a: Serperior|spa|2\n|-enditem|p2a: Rotom|Wiki Berry|[eat]\n|-heal|p2a: Rotom|68\/100|[from] item: Wiki Berry\n|\n|upkeep\n|turn|3\n|\n|switch|p2a: Tentacruel|Tentacruel, M|100\/100\n|move|p1a: Serperior|Leaf Storm|p2a: Tentacruel\n|-damage|p2a: Tentacruel|33\/100\n|-boost|p1a: Serperior|spa|2\n|\n|upkeep\n|turn|4\n|\n|move|p2a: Tentacruel|Sludge Bomb|p1a: Serperior\n|-supereffective|p1a: Serperior\n|-damage|p1a: Serperior|34\/100\n|move|p1a: Serperior|Leaf Storm|p2a: Tentacruel\n|-damage|p2a: Tentacruel|0 fnt\n|-boost|p1a: Serperior|spa|2\n|faint|p2a: Tentacruel\n|\n|-heal|p1a: Serperior|40\/100|[from] item: Leftovers\n|upkeep\n|\n|switch|p2a: Tapu Koko|Tapu Koko|100\/100\n|-fieldstart|move: Electric Terrain|[from] ability: Electric Surge|[of] p2a: Tapu Koko\n|turn|5\n|\n|switch|p1a: Chansey|Chansey, F|100\/100\n|move|p2a: Tapu Koko|U-turn|p1a: Chansey\n|-damage|p1a: Chansey|90\/100\n|\n|switch|p2a: Ferrothorn|Ferrothorn, F|100\/100|[from]move: U-turn\n|\n|upkeep\n|turn|6\n|\n|switch|p1a: Serperior|Serperior, F|40\/100\n|move|p2a: Ferrothorn|Spikes|p1a: Serperior\n|-sidestart|p1: lord cube|Spikes\n|\n|-heal|p1a: Serperior|46\/100|[from] item: Leftovers\n|upkeep\n|turn|7\n|\n|move|p1a: Serperior|Synthesis|p1a: Serperior\n|-heal|p1a: Serperior|96\/100\n|move|p2a: Ferrothorn|Gyro Ball|p1a: Serperior\n|-damage|p1a: Serperior|50\/100\n|\n|-heal|p1a: Serperior|55\/100|[from] item: Leftovers\n|upkeep\n|turn|8\n|\n|move|p1a: Serperior|Synthesis|p1a: Serperior\n|-heal|p1a: Serperior|100\/100\n|move|p2a: Ferrothorn|Spikes|p1a: Serperior\n|-sidestart|p1: lord cube|Spikes\n|\n|upkeep\n|turn|9\n|\n|move|p1a: Serperior|Taunt|p2a: Ferrothorn\n|-start|p2a: Ferrothorn|move: Taunt\n|move|p2a: Ferrothorn|Gyro Ball|p1a: Serperior\n|-damage|p1a: Serperior|50\/100\n|\n|-heal|p1a: Serperior|56\/100|[from] item: Leftovers\n|-fieldend|move: Electric Terrain\n|upkeep\n|turn|10\n|\n|move|p1a: Serperior|Leaf Storm|p2a: Ferrothorn\n|-resisted|p2a: Ferrothorn\n|-damage|p2a: Ferrothorn|94\/100\n|-boost|p1a: Serperior|spa|2\n|move|p2a: Ferrothorn|Gyro Ball|p1a: Serperior\n|-damage|p1a: Serperior|5\/100\n|\n|-heal|p1a: Serperior|11\/100|[from] item: Leftovers\n|-heal|p2a: Ferrothorn|99\/100|[from] item: Leftovers\n|upkeep\n|turn|11\n|\n|move|p1a: Serperior|Synthesis|p1a: Serperior\n|-heal|p1a: Serperior|61\/100\n|move|p2a: Ferrothorn|Gyro Ball|p1a: Serperior\n|-damage|p1a: Serperior|10\/100\n|\n|-heal|p1a: Serperior|16\/100|[from] item: Leftovers\n|-heal|p2a: Ferrothorn|100\/100|[from] item: Leftovers\n|-end|p2a: Ferrothorn|move: Taunt\n|upkeep\n|turn|12\n|\n|move|p1a: Serperior|Synthesis|p1a: Serperior\n|-heal|p1a: Serperior|65\/100\n|move|p2a: Ferrothorn|Gyro Ball|p1a: Serperior\n|-damage|p1a: Serperior|18\/100\n|\n|-heal|p1a: Serperior|24\/100|[from] item: Leftovers\n|upkeep\n|turn|13\n|\n|move|p1a: Serperior|Synthesis|p1a: Serperior\n|-heal|p1a: Serperior|74\/100\n|move|p2a: Ferrothorn|Thunder Wave|p1a: Serperior|[miss]\n|-miss|p2a: Ferrothorn|p1a: Serperior\n|\n|-heal|p1a: Serperior|80\/100|[from] item: Leftovers\n|upkeep\n|turn|14\n|\n|move|p1a: Serperior|Taunt|p2a: Ferrothorn\n|-start|p2a: Ferrothorn|move: Taunt\n|move|p2a: Ferrothorn|Gyro Ball|p1a: Serperior\n|-damage|p1a: Serperior|34\/100\n|\n|-heal|p1a: Serperior|40\/100|[from] item: Leftovers\n|upkeep\n|turn|15\n|\n|switch|p2a: Kommo-o|Kommo-o, M|100\/100\n|move|p1a: Serperior|Synthesis|p1a: Serperior\n|-heal|p1a: Serperior|90\/100\n|\n|-heal|p1a: Serperior|96\/100|[from] item: Leftovers\n|upkeep\n|turn|16\n|\n|move|p1a: Serperior|Taunt|p2a: Kommo-o\n|-start|p2a: Kommo-o|move: Taunt\n|cant|p2a: Kommo-o|move: Taunt|Toxic\n|\n|-heal|p1a: Serperior|100\/100|[from] item: Leftovers\n|upkeep\n|turn|17\n|\n|switch|p2a: Ferrothorn|Ferrothorn, F|100\/100\n|move|p1a: Serperior|Leaf Storm|p2a: Ferrothorn\n|-resisted|p2a: Ferrothorn\n|-damage|p2a: Ferrothorn|87\/100\n|-boost|p1a: Serperior|spa|2\n|\n|-heal|p2a: Ferrothorn|93\/100|[from] item: Leftovers\n|upkeep\n|turn|18\n|inactive|4G3NC Kylo has 120 seconds left.\n|inactive|4G3NC Kylo has 90 seconds left.\n|\n|move|p1a: Serperior|Taunt|p2a: Ferrothorn\n|-start|p2a: Ferrothorn|move: Taunt\n|move|p2a: Ferrothorn|Gyro Ball|p1a: Serperior\n|-damage|p1a: Serperior|53\/100\n|\n|-heal|p1a: Serperior|59\/100|[from] item: Leftovers\n|-heal|p2a: Ferrothorn|99\/100|[from] item: Leftovers\n|upkeep\n|turn|19\n|\n|move|p1a: Serperior|Defog|p2a: Ferrothorn\n|-unboost|p2a: Ferrothorn|evasion|1\n|-sideend|p1: lord cube|Spikes|[from] move: Defog|[of] p1a: Serperior\n|move|p2a: Ferrothorn|Gyro Ball|p1a: Serperior\n|-damage|p1a: Serperior|6\/100\n|\n|-heal|p1a: Serperior|12\/100|[from] item: Leftovers\n|-heal|p2a: Ferrothorn|100\/100|[from] item: Leftovers\n|upkeep\n|turn|20\n|inactive|4G3NC Kylo has 90 seconds left.\n|\n|switch|p2a: Honchkrow|Honchkrow, M|100\/100\n|move|p1a: Serperior|Synthesis|p1a: Serperior\n|-heal|p1a: Serperior|62\/100\n|\n|-heal|p1a: Serperior|68\/100|[from] item: Leftovers\n|upkeep\n|turn|21\n|\n|switch|p1a: Skarmory|Skarmory, M|100\/100\n|move|p2a: Honchkrow|Brave Bird|p1a: Skarmory\n|-resisted|p1a: Skarmory\n|-damage|p1a: Skarmory|84\/100\n|-damage|p2a: Honchkrow|84\/100|[from] item: Rocky Helmet|[of] p1a: Skarmory\n|-damage|p2a: Honchkrow|79\/100|[from] Recoil\n|\n|upkeep\n|turn|22\n|\n|switch|p2a: Tapu Koko|Tapu Koko|100\/100\n|-fieldstart|move: Electric Terrain|[from] ability: Electric Surge|[of] p2a: Tapu Koko\n|move|p1a: Skarmory|Spikes|p2a: Tapu Koko\n|-sidestart|p2: 4G3NC Kylo|Spikes\n|\n|upkeep\n|turn|23\n|\n|switch|p1a: Diggersby|Diggersby, M|100\/100\n|move|p2a: Tapu Koko|U-turn|p1a: Diggersby\n|-damage|p1a: Diggersby|78\/100\n|\n|switch|p2a: Kommo-o|Kommo-o, M|100\/100|[from]move: U-turn\n|-damage|p2a: Kommo-o|88\/100|[from] Spikes\n|\n|-heal|p2a: Kommo-o|94\/100|[from] item: Leftovers\n|upkeep\n|turn|24\n|\n|-zpower|p1a: Diggersby\n|move|p1a: Diggersby|Breakneck Blitz|p2a: Kommo-o|[zeffect]\n|-damage|p2a: Kommo-o|10\/100\n|move|p2a: Kommo-o|Stealth Rock|p1a: Diggersby\n|-sidestart|p1: lord cube|move: Stealth Rock\n|\n|-heal|p2a: Kommo-o|16\/100|[from] item: Leftovers\n|upkeep\n|turn|25\n|\n|move|p2a: Kommo-o|Protect|p2a: Kommo-o\n|-singleturn|p2a: Kommo-o|Protect\n|move|p1a: Diggersby|Frustration|p2a: Kommo-o\n|-activate|p2a: Kommo-o|move: Protect\n|\n|-heal|p2a: Kommo-o|23\/100|[from] item: Leftovers\n|upkeep\n|turn|26\n|\n|switch|p2a: Ferrothorn|Ferrothorn, F|100\/100\n|-damage|p2a: Ferrothorn|88\/100|[from] Spikes\n|move|p1a: Diggersby|Frustration|p2a: Ferrothorn\n|-resisted|p2a: Ferrothorn\n|-damage|p2a: Ferrothorn|63\/100\n|-damage|p1a: Diggersby|65\/100|[from] ability: Iron Barbs|[of] p2a: Ferrothorn\n|\n|-heal|p2a: Ferrothorn|69\/100|[from] item: Leftovers\n|-fieldend|move: Electric Terrain\n|upkeep\n|turn|27\n|\n|move|p1a: Diggersby|Earthquake|p2a: Ferrothorn\n|-damage|p2a: Ferrothorn|25\/100\n|move|p2a: Ferrothorn|Leech Seed|p1a: Diggersby\n|-start|p1a: Diggersby|move: Leech Seed\n|\n|-heal|p2a: Ferrothorn|31\/100|[from] item: Leftovers\n|-damage|p1a: Diggersby|53\/100|[from] Leech Seed|[of] p2a: Ferrothorn\n|-heal|p2a: Ferrothorn|42\/100|[silent]\n|upkeep\n|turn|28\n|\n|switch|p1a: Serperior|Serperior, F|68\/100\n|-damage|p1a: Serperior|56\/100|[from] Stealth Rock\n|switch|p2a: Rotom|Rotom-Wash|68\/100\n|\n|-heal|p1a: Serperior|62\/100|[from] item: Leftovers\n|upkeep\n|turn|29\n|\n|move|p1a: Serperior|Leaf Storm|p2a: Rotom\n|-supereffective|p2a: Rotom\n|-damage|p2a: Rotom|0 fnt\n|-boost|p1a: Serperior|spa|2\n|faint|p2a: Rotom\n|\n|-heal|p1a: Serperior|68\/100|[from] item: Leftovers\n|upkeep\n|\n|switch|p2a: Honchkrow|Honchkrow, M|79\/100\n|turn|30\n|\n|switch|p1a: Skarmory|Skarmory, M|84\/100\n|-damage|p1a: Skarmory|72\/100|[from] Stealth Rock\n|switch|p2a: Ferrothorn|Ferrothorn, F|42\/100\n|-damage|p2a: Ferrothorn|30\/100|[from] Spikes\n|\n|-heal|p2a: Ferrothorn|36\/100|[from] item: Leftovers\n|upkeep\n|turn|31\n|\n|switch|p1a: Serperior|Serperior, F|68\/100\n|-damage|p1a: Serperior|56\/100|[from] Stealth Rock\n|move|p2a: Ferrothorn|Thunder Wave|p1a: Serperior\n|-status|p1a: Serperior|par\n|\n|-heal|p1a: Serperior|62\/100 par|[from] item: Leftovers\n|-heal|p2a: Ferrothorn|42\/100|[from] item: Leftovers\n|upkeep\n|turn|32\n|\n|switch|p2a: Kommo-o|Kommo-o, M|23\/100\n|-damage|p2a: Kommo-o|10\/100|[from] Spikes\n|move|p1a: Serperior|Defog|p2a: Kommo-o\n|-unboost|p2a: Kommo-o|evasion|1\n|-sideend|p2: 4G3NC Kylo|Spikes|[from] move: Defog|[of] p1a: Serperior\n|-sideend|p1: lord cube|Stealth Rock|[from] move: Defog|[of] p1a: Serperior\n|\n|-heal|p2a: Kommo-o|16\/100|[from] item: Leftovers\n|-heal|p1a: Serperior|68\/100 par|[from] item: Leftovers\n|upkeep\n|turn|33\n|\n|move|p2a: Kommo-o|Stealth Rock|p1a: Serperior\n|-sidestart|p1: lord cube|move: Stealth Rock\n|move|p1a: Serperior|Leaf Storm|p2a: Kommo-o\n|-resisted|p2a: Kommo-o\n|-damage|p2a: Kommo-o|4\/100\n|-boost|p1a: Serperior|spa|2\n|\n|-heal|p2a: Kommo-o|10\/100|[from] item: Leftovers\n|-heal|p1a: Serperior|74\/100 par|[from] item: Leftovers\n|upkeep\n|turn|34\n|\n|move|p2a: Kommo-o|Protect|p2a: Kommo-o\n|-singleturn|p2a: Kommo-o|Protect\n|move|p1a: Serperior|Taunt|p2a: Kommo-o\n|-activate|p2a: Kommo-o|move: Protect\n|\n|-heal|p2a: Kommo-o|16\/100|[from] item: Leftovers\n|-heal|p1a: Serperior|80\/100 par|[from] item: Leftovers\n|upkeep\n|turn|35\n|\n|move|p2a: Kommo-o|Drain Punch|p1a: Serperior\n|-damage|p1a: Serperior|51\/100 par\n|-heal|p2a: Kommo-o|31\/100|[from] drain|[of] p1a: Serperior\n|move|p1a: Serperior|Taunt|p2a: Kommo-o\n|-start|p2a: Kommo-o|move: Taunt\n|\n|-heal|p2a: Kommo-o|37\/100|[from] item: Leftovers\n|-heal|p1a: Serperior|57\/100 par|[from] item: Leftovers\n|upkeep\n|turn|36\n|\n|move|p2a: Kommo-o|Drain Punch|p1a: Serperior\n|-damage|p1a: Serperior|26\/100 par\n|-heal|p2a: Kommo-o|52\/100|[from] drain|[of] p1a: Serperior\n|cant|p1a: Serperior|par\n|\n|-heal|p2a: Kommo-o|58\/100|[from] item: Leftovers\n|-heal|p1a: Serperior|32\/100 par|[from] item: Leftovers\n|upkeep\n|turn|37\n|\n|move|p2a: Kommo-o|Drain Punch|p1a: Serperior\n|-damage|p1a: Serperior|5\/100 par\n|-heal|p2a: Kommo-o|72\/100|[from] drain|[of] p1a: Serperior\n|move|p1a: Serperior|Synthesis|p1a: Serperior\n|-heal|p1a: Serperior|55\/100 par\n|\n|-heal|p2a: Kommo-o|78\/100|[from] item: Leftovers\n|-heal|p1a: Serperior|61\/100 par|[from] item: Leftovers\n|upkeep\n|turn|38\n|\n|move|p2a: Kommo-o|Drain Punch|p1a: Serperior\n|-damage|p1a: Serperior|32\/100 par\n|-heal|p2a: Kommo-o|93\/100|[from] drain|[of] p1a: Serperior\n|move|p1a: Serperior|Leaf Storm|p2a: Kommo-o\n|-resisted|p2a: Kommo-o\n|-damage|p2a: Kommo-o|67\/100\n|-boost|p1a: Serperior|spa|2\n|\n|-heal|p2a: Kommo-o|73\/100|[from] item: Leftovers\n|-heal|p1a: Serperior|38\/100 par|[from] item: Leftovers\n|-end|p2a: Kommo-o|move: Taunt\n|upkeep\n|turn|39\n|\n|switch|p1a: Skarmory|Skarmory, M|72\/100\n|-damage|p1a: Skarmory|60\/100|[from] Stealth Rock\n|move|p2a: Kommo-o|Drain Punch|p1a: Skarmory\n|-crit|p1a: Skarmory\n|-damage|p1a: Skarmory|35\/100\n|-heal|p2a: Kommo-o|85\/100|[from] drain|[of] p1a: Skarmory\n|-damage|p2a: Kommo-o|68\/100|[from] item: Rocky Helmet|[of] p1a: Skarmory\n|\n|-heal|p2a: Kommo-o|75\/100|[from] item: Leftovers\n|upkeep\n|turn|40\n|\n|switch|p2a: Tapu Koko|Tapu Koko|100\/100\n|-fieldstart|move: Electric Terrain|[from] ability: Electric Surge|[of] p2a: Tapu Koko\n|move|p1a: Skarmory|Roost|p1a: Skarmory\n|-heal|p1a: Skarmory|85\/100\n|-singleturn|p1a: Skarmory|move: Roost\n|\n|upkeep\n|turn|41\n|\n|switch|p1a: Diggersby|Diggersby, M|53\/100\n|-damage|p1a: Diggersby|47\/100|[from] Stealth Rock\n|move|p2a: Tapu Koko|U-turn|p1a: Diggersby\n|-damage|p1a: Diggersby|23\/100\n|\n|switch|p2a: Honchkrow|Honchkrow, M|79\/100|[from]move: U-turn\n|\n|upkeep\n|turn|42\n|\n|switch|p1a: Skarmory|Skarmory, M|85\/100\n|-damage|p1a: Skarmory|73\/100|[from] Stealth Rock\n|move|p2a: Honchkrow|Brave Bird|p1a: Skarmory\n|-resisted|p1a: Skarmory\n|-damage|p1a: Skarmory|57\/100\n|-damage|p2a: Honchkrow|62\/100|[from] item: Rocky Helmet|[of] p1a: Skarmory\n|-damage|p2a: Honchkrow|57\/100|[from] Recoil\n|\n|upkeep\n|turn|43\n|\n|switch|p2a: Ferrothorn|Ferrothorn, F|42\/100\n|move|p1a: Skarmory|Roost|p1a: Skarmory\n|-heal|p1a: Skarmory|100\/100\n|-singleturn|p1a: Skarmory|move: Roost\n|\n|-heal|p2a: Ferrothorn|48\/100|[from] item: Leftovers\n|upkeep\n|turn|44\n|\n|switch|p1a: Serperior|Serperior, F|38\/100 par\n|-damage|p1a: Serperior|26\/100 par|[from] Stealth Rock\n|move|p2a: Ferrothorn|Spikes|p1a: Serperior\n|-sidestart|p1: lord cube|Spikes\n|\n|-heal|p1a: Serperior|32\/100 par|[from] item: Leftovers\n|-heal|p2a: Ferrothorn|54\/100|[from] item: Leftovers\n|-fieldend|move: Electric Terrain\n|upkeep\n|turn|45\n|\n|switch|p2a: Kommo-o|Kommo-o, M|75\/100\n|move|p1a: Serperior|Taunt|p2a: Kommo-o\n|-start|p2a: Kommo-o|move: Taunt\n|\n|-heal|p2a: Kommo-o|81\/100|[from] item: Leftovers\n|-heal|p1a: Serperior|38\/100 par|[from] item: Leftovers\n|upkeep\n|turn|46\n|\n|switch|p2a: Tapu Koko|Tapu Koko|100\/100\n|-fieldstart|move: Electric Terrain|[from] ability: Electric Surge|[of] p2a: Tapu Koko\n|switch|p1a: Skarmory|Skarmory, M|100\/100\n|-damage|p1a: Skarmory|88\/100|[from] Stealth Rock\n|\n|upkeep\n|turn|47\n|\n|switch|p1a: Serperior|Serperior, F|38\/100 par\n|-damage|p1a: Serperior|26\/100 par|[from] Stealth Rock\n|-damage|p1a: Serperior|14\/100 par|[from] Spikes\n|move|p2a: Tapu Koko|U-turn|p1a: Serperior\n|-supereffective|p1a: Serperior\n|-damage|p1a: Serperior|0 fnt\n|faint|p1a: Serperior\n|\n|switch|p2a: Kommo-o|Kommo-o, M|81\/100|[from]move: U-turn\n|\n|-heal|p2a: Kommo-o|87\/100|[from] item: Leftovers\n|upkeep\n|\n|switch|p1a: Skarmory|Skarmory, M|88\/100\n|-damage|p1a: Skarmory|76\/100|[from] Stealth Rock\n|turn|48\n|\n|switch|p2a: Ferrothorn|Ferrothorn, F|54\/100\n|move|p1a: Skarmory|Defog|p2a: Ferrothorn\n|-unboost|p2a: Ferrothorn|evasion|1\n|-sideend|p1: lord cube|Spikes|[from] move: Defog|[of] p1a: Skarmory\n|-sideend|p1: lord cube|Stealth Rock|[from] move: Defog|[of] p1a: Skarmory\n|\n|-heal|p2a: Ferrothorn|60\/100|[from] item: Leftovers\n|upkeep\n|turn|49\n|\n|switch|p1a: Diggersby|Diggersby, M|23\/100\n|move|p2a: Ferrothorn|Leech Seed|p1a: Diggersby|[miss]\n|-miss|p2a: Ferrothorn|p1a: Diggersby\n|\n|-heal|p2a: Ferrothorn|66\/100|[from] item: Leftovers\n|upkeep\n|turn|50\n|\n|switch|p2a: Honchkrow|Honchkrow, M|57\/100\n|move|p1a: Diggersby|Earthquake|p2a: Honchkrow\n|-immune|p2a: Honchkrow\n|\n|-fieldend|move: Electric Terrain\n|upkeep\n|turn|51\n|\n|switch|p2a: Tapu Koko|Tapu Koko|100\/100\n|-fieldstart|move: Electric Terrain|[from] ability: Electric Surge|[of] p2a: Tapu Koko\n|switch|p1a: Skarmory|Skarmory, M|76\/100\n|\n|upkeep\n|turn|52\n|\n|switch|p1a: Muk|Muk-Alola, M|100\/100\n|move|p2a: Tapu Koko|U-turn|p1a: Muk\n|-damage|p1a: Muk|82\/100\n|\n|switch|p2a: Honchkrow|Honchkrow, M|57\/100|[from]move: U-turn\n|\n|upkeep\n|turn|53\n|\n|switch|p1a: Skarmory|Skarmory, M|76\/100\n|-zpower|p2a: Honchkrow\n|move|p2a: Honchkrow|Supersonic Skystrike|p1a: Skarmory|[zeffect]\n|-resisted|p1a: Skarmory\n|-damage|p1a: Skarmory|46\/100\n|\n|upkeep\n|turn|54\n|\n|switch|p2a: Ferrothorn|Ferrothorn, F|66\/100\n|move|p1a: Skarmory|Roost|p1a: Skarmory\n|-heal|p1a: Skarmory|96\/100\n|-singleturn|p1a: Skarmory|move: Roost\n|\n|-heal|p2a: Ferrothorn|72\/100|[from] item: Leftovers\n|upkeep\n|turn|55\n|\n|switch|p1a: Diggersby|Diggersby, M|23\/100\n|move|p2a: Ferrothorn|Leech Seed|p1a: Diggersby\n|-start|p1a: Diggersby|move: Leech Seed\n|\n|-heal|p2a: Ferrothorn|78\/100|[from] item: Leftovers\n|-damage|p1a: Diggersby|11\/100|[from] Leech Seed|[of] p2a: Ferrothorn\n|-heal|p2a: Ferrothorn|89\/100|[silent]\n|-fieldend|move: Electric Terrain\n|upkeep\n|turn|56\n|\n|move|p1a: Diggersby|Earthquake|p2a: Ferrothorn\n|-damage|p2a: Ferrothorn|42\/100\n|move|p2a: Ferrothorn|Spikes|p1a: Diggersby\n|-sidestart|p1: lord cube|Spikes\n|\n|-heal|p2a: Ferrothorn|48\/100|[from] item: Leftovers\n|-damage|p1a: Diggersby|0 fnt|[from] Leech Seed|[of] p2a: Ferrothorn\n|-heal|p2a: Ferrothorn|58\/100|[silent]\n|faint|p1a: Diggersby\n|upkeep\n|\n|switch|p1a: Muk|Muk-Alola, M|82\/100\n|-damage|p1a: Muk|70\/100|[from] Spikes\n|turn|57\n|\n|switch|p2a: Kommo-o|Kommo-o, M|87\/100\n|move|p1a: Muk|Fire Punch|p2a: Kommo-o\n|-resisted|p2a: Kommo-o\n|-damage|p2a: Kommo-o|78\/100\n|\n|-heal|p2a: Kommo-o|84\/100|[from] item: Leftovers\n|upkeep\n|turn|58\n|\n|move|p2a: Kommo-o|Protect|p2a: Kommo-o\n|-singleturn|p2a: Kommo-o|Protect\n|move|p1a: Muk|Knock Off|p2a: Kommo-o\n|-activate|p2a: Kommo-o|move: Protect\n|\n|-heal|p2a: Kommo-o|90\/100|[from] item: Leftovers\n|upkeep\n|turn|59\n|\n|move|p2a: Kommo-o|Drain Punch|p1a: Muk\n|-damage|p1a: Muk|41\/100\n|-heal|p2a: Kommo-o|100\/100|[from] drain|[of] p1a: Muk\n|move|p1a: Muk|Gunk Shot|p2a: Kommo-o|[miss]\n|-miss|p1a: Muk|p2a: Kommo-o\n|\n|upkeep\n|turn|60\n|\n|move|p2a: Kommo-o|Stealth Rock|p1a: Muk\n|-sidestart|p1: lord cube|move: Stealth Rock\n|move|p1a: Muk|Knock Off|p2a: Kommo-o\n|-resisted|p2a: Kommo-o\n|-damage|p2a: Kommo-o|84\/100\n|-enditem|p2a: Kommo-o|Leftovers|[from] move: Knock Off|[of] p1a: Muk\n|\n|upkeep\n|turn|61\n|\n|switch|p1a: Skarmory|Skarmory, M|96\/100\n|-damage|p1a: Skarmory|84\/100|[from] Stealth Rock\n|move|p2a: Kommo-o|Drain Punch|p1a: Skarmory\n|-damage|p1a: Skarmory|67\/100\n|-heal|p2a: Kommo-o|92\/100|[from] drain|[of] p1a: Skarmory\n|-damage|p2a: Kommo-o|75\/100|[from] item: Rocky Helmet|[of] p1a: Skarmory\n|\n|upkeep\n|turn|62\n|\n|switch|p2a: Tapu Koko|Tapu Koko|100\/100\n|-fieldstart|move: Electric Terrain|[from] ability: Electric Surge|[of] p2a: Tapu Koko\n|move|p1a: Skarmory|Defog|p2a: Tapu Koko\n|-unboost|p2a: Tapu Koko|evasion|1\n|-sideend|p1: lord cube|Spikes|[from] move: Defog|[of] p1a: Skarmory\n|-sideend|p1: lord cube|Stealth Rock|[from] move: Defog|[of] p1a: Skarmory\n|\n|upkeep\n|turn|63\n|\n|switch|p1a: Chansey|Chansey, F|90\/100\n|move|p2a: Tapu Koko|U-turn|p1a: Chansey\n|-damage|p1a: Chansey|81\/100\n|\n|switch|p2a: Ferrothorn|Ferrothorn, F|58\/100|[from]move: U-turn\n|\n|-heal|p2a: Ferrothorn|64\/100|[from] item: Leftovers\n|upkeep\n|turn|64\n|\n|switch|p1a: Skarmory|Skarmory, M|67\/100\n|move|p2a: Ferrothorn|Leech Seed|p1a: Skarmory\n|-start|p1a: Skarmory|move: Leech Seed\n|\n|-heal|p2a: Ferrothorn|70\/100|[from] item: Leftovers\n|-damage|p1a: Skarmory|55\/100|[from] Leech Seed|[of] p2a: Ferrothorn\n|-heal|p2a: Ferrothorn|81\/100|[silent]\n|upkeep\n|turn|65\n|\n|move|p1a: Skarmory|Spikes|p2a: Ferrothorn\n|-sidestart|p2: 4G3NC Kylo|Spikes\n|move|p2a: Ferrothorn|Thunder Wave|p1a: Skarmory\n|-status|p1a: Skarmory|par\n|\n|-heal|p2a: Ferrothorn|87\/100|[from] item: Leftovers\n|-damage|p1a: Skarmory|43\/100 par|[from] Leech Seed|[of] p2a: Ferrothorn\n|-heal|p2a: Ferrothorn|99\/100|[silent]\n|upkeep\n|turn|66\n|\n|switch|p2a: Tapu Koko|Tapu Koko|100\/100\n|-damage|p2a: Tapu Koko|88\/100|[from] Spikes\n|cant|p1a: Skarmory|par\n|\n|-damage|p1a: Skarmory|31\/100 par|[from] Leech Seed|[of] p2a: Tapu Koko\n|-heal|p2a: Tapu Koko|100\/100|[silent]\n|-fieldend|move: Electric Terrain\n|upkeep\n|turn|67\n|\n|switch|p1a: Muk|Muk-Alola, M|41\/100\n|move|p2a: Tapu Koko|Thunderbolt|p1a: Muk\n|-damage|p1a: Muk|12\/100\n|\n|upkeep\n|turn|68\n|\n|switch|p1a: Chansey|Chansey, F|81\/100\n|move|p2a: Tapu Koko|Thunderbolt|p1a: Chansey\n|-damage|p1a: Chansey|64\/100\n|\n|upkeep\n|turn|69\n|\n|switch|p2a: Honchkrow|Honchkrow, M|57\/100\n|move|p1a: Chansey|Stealth Rock|p2a: Honchkrow\n|-sidestart|p2: 4G3NC Kylo|move: Stealth Rock\n|\n|upkeep\n|turn|70\n|\n|switch|p1a: Muk|Muk-Alola, M|12\/100\n|move|p2a: Honchkrow|Brave Bird|p1a: Muk\n|-damage|p1a: Muk|0 fnt\n|-damage|p2a: Honchkrow|52\/100|[from] Recoil\n|faint|p1a: Muk\n|-ability|p2a: Honchkrow|Moxie|boost\n|-boost|p2a: Honchkrow|atk|1\n|\n|upkeep\n|\n|switch|p1a: Skarmory|Skarmory, M|31\/100 par\n|turn|71\n|\n|move|p2a: Honchkrow|Superpower|p1a: Skarmory\n|-damage|p1a: Skarmory|0 fnt\n|-damage|p2a: Honchkrow|36\/100|[from] item: Rocky Helmet|[of] p1a: Skarmory\n|-unboost|p2a: Honchkrow|atk|1\n|-unboost|p2a: Honchkrow|def|1\n|faint|p1a: Skarmory\n|-ability|p2a: Honchkrow|Moxie|boost\n|-boost|p2a: Honchkrow|atk|1\n|\n|upkeep\n|\n|switch|p1a: Chansey|Chansey, F|64\/100\n|turn|72\n|\n|move|p2a: Honchkrow|Roost|p2a: Honchkrow\n|-heal|p2a: Honchkrow|86\/100\n|-singleturn|p2a: Honchkrow|move: Roost\n|move|p1a: Chansey|Soft-Boiled|p1a: Chansey\n|-heal|p1a: Chansey|100\/100\n|\n|upkeep\n|turn|73\n|\n|move|p2a: Honchkrow|Brave Bird|p1a: Chansey\n|-damage|p1a: Chansey|46\/100\n|-damage|p2a: Honchkrow|49\/100|[from] Recoil\n|move|p1a: Chansey|Toxic|p2a: Honchkrow\n|-status|p2a: Honchkrow|tox\n|\n|-damage|p2a: Honchkrow|43\/100 tox|[from] psn\n|upkeep\n|turn|74\n|\n|move|p2a: Honchkrow|Brave Bird|p1a: Chansey\n|-damage|p1a: Chansey|0 fnt\n|-damage|p2a: Honchkrow|12\/100 tox|[from] Recoil\n|faint|p1a: Chansey\n|-ability|p2a: Honchkrow|Moxie|boost\n|-boost|p2a: Honchkrow|atk|1\n|\n|-damage|p2a: Honchkrow|0 fnt|[from] psn\n|faint|p2a: Honchkrow\n|upkeep\n|\n|switch|p2a: Kommo-o|Kommo-o, M|75\/100\n|switch|p1a: Latias|Latias, F|100\/100\n|-damage|p2a: Kommo-o|69\/100|[from] Stealth Rock\n|-damage|p2a: Kommo-o|57\/100|[from] Spikes\n|turn|75\n|\n|detailschange|p1a: Latias|Latias-Mega, F\n|-mega|p1a: Latias|Latias|Latiasite\n|move|p1a: Latias|Calm Mind|p1a: Latias\n|-boost|p1a: Latias|spa|1\n|-boost|p1a: Latias|spd|1\n|move|p2a: Kommo-o|Toxic|p1a: Latias\n|-status|p1a: Latias|tox\n|\n|-damage|p1a: Latias|94\/100 tox|[from] psn\n|upkeep\n|turn|76\n|\n|switch|p2a: Ferrothorn|Ferrothorn, F|99\/100\n|-damage|p2a: Ferrothorn|87\/100|[from] Spikes\n|-damage|p2a: Ferrothorn|81\/100|[from] Stealth Rock\n|move|p1a: Latias|Calm Mind|p1a: Latias\n|-boost|p1a: Latias|spa|1\n|-boost|p1a: Latias|spd|1\n|\n|-heal|p2a: Ferrothorn|87\/100|[from] item: Leftovers\n|-damage|p1a: Latias|82\/100 tox|[from] psn\n|upkeep\n|turn|77\n|\n|move|p1a: Latias|Stored Power|p2a: Ferrothorn\n|-resisted|p2a: Ferrothorn\n|-damage|p2a: Ferrothorn|58\/100\n|move|p2a: Ferrothorn|Leech Seed|p1a: Latias\n|-start|p1a: Latias|move: Leech Seed\n|\n|-heal|p2a: Ferrothorn|64\/100|[from] item: Leftovers\n|-damage|p1a: Latias|70\/100 tox|[from] Leech Seed|[of] p2a: Ferrothorn\n|-heal|p2a: Ferrothorn|77\/100|[silent]\n|-damage|p1a: Latias|52\/100 tox|[from] psn\n|upkeep\n|turn|78\n|-message|lord cube forfeited.\n|\n|win|4G3NC Kylo\n|l|\u2606lord cube\n|raw|lord cube's rating: 1445 &rarr; <strong>1430<\/strong><br \/>(-15 for losing)\n|raw|4G3NC Kylo's rating: 1522 &rarr; <strong>1537<\/strong><br \/>(+15 for winning)\n","uploadtime":1571842534,"views":8,"p1id":"lordcube","p2id":"4g3nckylo","formatid":"gen7ou","rating":1430,"private":0,"password":null}