{"id":"gen7oususpecttest-631376166","p1":"Alolan Aster","p2":"Rambowz","format":"gen7oususpecttest","log":"|j|Alolan Aster\n|j|Rambowz\n|player|p1|Alolan Aster|52\n|teamsize|p1|6\n|player|p2|Rambowz|78\n|teamsize|p2|6\n|gametype|singles\n|gen|7\n|tier|[Gen 7] OU (suspect test)\n|rated\n|seed|38861,26054,1544,37176\n|rule|Sleep Clause Mod: Limit one foe put to sleep\n|rule|Species Clause: Limit one of each Pok\u00e9mon\n|rule|OHKO Clause: OHKO moves are banned\n|rule|Moody Clause: Moody is banned\n|rule|Evasion Moves Clause: Evasion moves are banned\n|rule|Endless Battle Clause: Forcing endless battles is banned\n|rule|HP Percentage Mod: HP is shown in percentages\n|clearpoke\n|poke|p1|Scolipede, M|item\n|poke|p1|Lopunny, F|item\n|poke|p1|Ferrothorn, M|item\n|poke|p1|Landorus-Therian, M|item\n|poke|p1|Keldeo|item\n|poke|p1|Latios, M|item\n|poke|p2|Scizor, F|item\n|poke|p2|Tapu Fini|item\n|poke|p2|Breloom, M|item\n|poke|p2|Tapu Koko|item\n|poke|p2|Medicham, F|item\n|poke|p2|Landorus-Therian, M|item\n|teampreview\n|inactive|Battle timer is ON: inactive players will automatically lose when time's up. (requested by Alolan Aster)\n|choice|team 4, team 2, team 3, team 1, team 5, team 6|team 5, team 2, team 3, team 4, team 1, team 6\n|\n|start\n|switch|p1a: Landorus|Landorus-Therian, M|382\/382\n|switch|p2a: Medicham|Medicham, F|261\/261\n|-ability|p1a: Landorus|Intimidate|boost\n|-unboost|p2a: Medicham|atk|1\n|turn|1\n|choice|move uturn|switch 6\n|\n|switch|p2a: Landorus|Landorus-Therian, M|382\/382\n|-ability|p2a: Landorus|Intimidate|boost\n|-unboost|p1a: Landorus|atk|1\n|move|p1a: Landorus|U-turn|p2a: Landorus\n|-resisted|p2a: Landorus\n|-damage|p2a: Landorus|361\/382\n|choice|switch 5|\n|\n|switch|p1a: Keldeo|Keldeo|323\/323\n|\n|-heal|p2a: Landorus|382\/382|[from] item: Leftovers\n|upkeep\n|turn|2\n|choice|move scald|switch 2\n|\n|switch|p2a: Tapu Fini|Tapu Fini|344\/344\n|-fieldstart|move: Misty Terrain|[from] ability: Misty Surge|[of] p2a: Tapu Fini\n|move|p1a: Keldeo|Scald|p2a: Tapu Fini\n|-resisted|p2a: Tapu Fini\n|-damage|p2a: Tapu Fini|287\/344\n|\n|-heal|p2a: Tapu Fini|308\/344|[from] item: Leftovers\n|upkeep\n|turn|3\n|choice|switch 3|switch 6\n|\n|switch|p1a: Ferrothorn|Ferrothorn, M|352\/352\n|switch|p2a: Medicham|Medicham, F|261\/261\n|\n|upkeep\n|turn|4\n|choice|switch 5|move highjumpkick mega\n|\n|switch|p1a: Landorus|Landorus-Therian, M|382\/382\n|-ability|p1a: Landorus|Intimidate|boost\n|-unboost|p2a: Medicham|atk|1\n|detailschange|p2a: Medicham|Medicham-Mega, F\n|-mega|p2a: Medicham|Medicham|Medichamite\n|move|p2a: Medicham|High Jump Kick|p1a: Landorus\n|-resisted|p1a: Landorus\n|-damage|p1a: Landorus|270\/382\n|\n|-heal|p1a: Landorus|293\/382|[from] item: Leftovers\n|upkeep\n|turn|5\n|choice|switch 5|switch 2\n|\n|switch|p2a: Landorus|Landorus-Therian, M|382\/382\n|-ability|p2a: Landorus|Intimidate|boost\n|-unboost|p1a: Landorus|atk|1\n|switch|p1a: Ferrothorn|Ferrothorn, M|352\/352\n|\n|upkeep\n|turn|6\n|choice|move spikes|move knockoff\n|\n|move|p2a: Landorus|Knock Off|p1a: Ferrothorn\n|-damage|p1a: Ferrothorn|279\/352\n|-damage|p2a: Landorus|335\/382|[from] ability: Iron Barbs|[of] p1a: Ferrothorn\n|-enditem|p1a: Ferrothorn|Leftovers|[from] move: Knock Off|[of] p2a: Landorus\n|move|p1a: Ferrothorn|Spikes|p2a: Landorus\n|-sidestart|p2: Rambowz|Spikes\n|\n|-heal|p2a: Landorus|358\/382|[from] item: Leftovers\n|-fieldend|Misty Terrain\n|upkeep\n|turn|7\n|choice|move leechseed|switch 5\n|\n|switch|p2a: Scizor|Scizor, F|344\/344\n|-damage|p2a: Scizor|301\/344|[from] Spikes\n|move|p1a: Ferrothorn|Leech Seed|p2a: Scizor\n|-start|p2a: Scizor|move: Leech Seed\n|\n|-heal|p2a: Scizor|322\/344|[from] item: Leftovers\n|-damage|p2a: Scizor|279\/344|[from] Leech Seed|[of] p1a: Ferrothorn\n|-heal|p1a: Ferrothorn|322\/352|[silent]\n|upkeep\n|turn|8\n|choice|move knockoff|move defog\n|\n|move|p2a: Scizor|Defog|p1a: Ferrothorn\n|-unboost|p1a: Ferrothorn|evasion|1\n|-sideend|p2: Rambowz|Spikes|[from] move: Defog|[of] p2a: Scizor\n|move|p1a: Ferrothorn|Knock Off|p2a: Scizor\n|-damage|p2a: Scizor|211\/344\n|-enditem|p2a: Scizor|Leftovers|[from] move: Knock Off|[of] p1a: Ferrothorn\n|\n|-damage|p2a: Scizor|168\/344|[from] Leech Seed|[of] p1a: Ferrothorn\n|-heal|p1a: Ferrothorn|352\/352|[silent]\n|upkeep\n|turn|9\n|choice|move spikes|move roost\n|\n|move|p2a: Scizor|Roost|p2a: Scizor\n|-heal|p2a: Scizor|340\/344\n|move|p1a: Ferrothorn|Spikes|p2a: Scizor\n|-sidestart|p2: Rambowz|Spikes\n|\n|-damage|p2a: Scizor|297\/344|[from] Leech Seed|[of] p1a: Ferrothorn\n|upkeep\n|turn|10\n|choice|move spikes|move defog\n|\n|move|p2a: Scizor|Defog|p1a: Ferrothorn\n|-unboost|p1a: Ferrothorn|evasion|1\n|-sideend|p2: Rambowz|Spikes|[from] move: Defog|[of] p2a: Scizor\n|move|p1a: Ferrothorn|Spikes|p2a: Scizor\n|-sidestart|p2: Rambowz|Spikes\n|\n|-damage|p2a: Scizor|254\/344|[from] Leech Seed|[of] p1a: Ferrothorn\n|upkeep\n|turn|11\n|choice|move spikes|move bulletpunch\n|\n|move|p2a: Scizor|Bullet Punch|p1a: Ferrothorn\n|-resisted|p1a: Ferrothorn\n|-damage|p1a: Ferrothorn|322\/352\n|-damage|p2a: Scizor|211\/344|[from] ability: Iron Barbs|[of] p1a: Ferrothorn\n|move|p1a: Ferrothorn|Spikes|p2a: Scizor\n|-sidestart|p2: Rambowz|Spikes\n|\n|-damage|p2a: Scizor|168\/344|[from] Leech Seed|[of] p1a: Ferrothorn\n|-heal|p1a: Ferrothorn|352\/352|[silent]\n|upkeep\n|turn|12\n|choice|move spikes|move roost\n|\n|move|p2a: Scizor|Roost|p2a: Scizor\n|-heal|p2a: Scizor|340\/344\n|move|p1a: Ferrothorn|Spikes|p2a: Scizor\n|-sidestart|p2: Rambowz|Spikes\n|\n|-damage|p2a: Scizor|297\/344|[from] Leech Seed|[of] p1a: Ferrothorn\n|upkeep\n|turn|13\n|choice|move spikes|move defog\n|\n|move|p2a: Scizor|Defog|p1a: Ferrothorn\n|-unboost|p1a: Ferrothorn|evasion|1\n|-sideend|p2: Rambowz|Spikes|[from] move: Defog|[of] p2a: Scizor\n|move|p1a: Ferrothorn|Spikes|p2a: Scizor\n|-sidestart|p2: Rambowz|Spikes\n|\n|-damage|p2a: Scizor|254\/344|[from] Leech Seed|[of] p1a: Ferrothorn\n|upkeep\n|turn|14\n|choice|switch 5|move defog\n|\n|switch|p1a: Landorus|Landorus-Therian, M|293\/382\n|-ability|p1a: Landorus|Intimidate|boost\n|-unboost|p2a: Scizor|atk|1\n|move|p2a: Scizor|Defog|p1a: Landorus\n|-unboost|p1a: Landorus|evasion|1\n|-sideend|p2: Rambowz|Spikes|[from] move: Defog|[of] p2a: Scizor\n|\n|-heal|p1a: Landorus|316\/382|[from] item: Leftovers\n|-damage|p2a: Scizor|211\/344|[from] Leech Seed|[of] p1a: Landorus\n|-heal|p1a: Landorus|359\/382|[silent]\n|upkeep\n|turn|15\n|choice|move hiddenpower|move uturn\n|\n|move|p1a: Landorus|Hidden Power|p2a: Scizor\n|-supereffective|p2a: Scizor\n|-damage|p2a: Scizor|55\/344\n|move|p2a: Scizor|U-turn|p1a: Landorus\n|-resisted|p1a: Landorus\n|-damage|p1a: Landorus|332\/382\n|choice||switch 3\n|\n|switch|p2a: Breloom|Breloom, M|261\/261\n|\n|-heal|p1a: Landorus|355\/382|[from] item: Leftovers\n|upkeep\n|turn|16\n|choice|move uturn|move spore\n|\n|move|p2a: Breloom|Spore|p1a: Landorus\n|-status|p1a: Landorus|slp\n|cant|p1a: Landorus|slp\n|\n|-heal|p1a: Landorus|378\/382 slp|[from] item: Leftovers\n|upkeep\n|turn|17\n|choice|switch 4|move bulletseed\n|\n|switch|p1a: Scolipede|Scolipede, M|261\/261\n|move|p2a: Breloom|Bullet Seed|p1a: Scolipede\n|-resisted|p1a: Scolipede\n|-damage|p1a: Scolipede|241\/261\n|-resisted|p1a: Scolipede\n|-damage|p1a: Scolipede|222\/261\n|-hitcount|p1a: Scolipede|2\n|\n|upkeep\n|turn|18\n|choice|move swordsdance|switch 5\n|\n|switch|p2a: Landorus|Landorus-Therian, M|358\/382\n|-ability|p2a: Landorus|Intimidate|boost\n|-unboost|p1a: Scolipede|atk|1\n|move|p1a: Scolipede|Swords Dance|p1a: Scolipede\n|-boost|p1a: Scolipede|atk|2\n|\n|-heal|p2a: Landorus|381\/382|[from] item: Leftovers\n|-ability|p1a: Scolipede|Speed Boost|boost\n|-boost|p1a: Scolipede|spe|1\n|upkeep\n|turn|19\n|choice|move aquatail zmove|move earthquake\n|\n|-zpower|p1a: Scolipede\n|move|p1a: Scolipede|Hydro Vortex|p2a: Landorus|[zeffect]\n|-supereffective|p2a: Landorus\n|-damage|p2a: Landorus|0 fnt\n|faint|p2a: Landorus\n|\n|-ability|p1a: Scolipede|Speed Boost|boost\n|-boost|p1a: Scolipede|spe|1\n|upkeep\n|choice||switch 2\n|\n|switch|p2a: Medicham|Medicham-Mega, F|261\/261\n|turn|20\n|choice|move megahorn|move fakeout\n|\n|move|p2a: Medicham|Fake Out|p1a: Scolipede\n|-damage|p1a: Scolipede|121\/261\n|cant|p1a: Scolipede|flinch\n|\n|-ability|p1a: Scolipede|Speed Boost|boost\n|-boost|p1a: Scolipede|spe|1\n|upkeep\n|turn|21\n|choice|move megahorn|switch 3\n|\n|switch|p2a: Scizor|Scizor, F|55\/344\n|move|p1a: Scolipede|Megahorn|p2a: Scizor\n|-resisted|p2a: Scizor\n|-damage|p2a: Scizor|0 fnt\n|faint|p2a: Scizor\n|\n|-ability|p1a: Scolipede|Speed Boost|boost\n|-boost|p1a: Scolipede|spe|1\n|upkeep\n|choice||switch 3\n|\n|switch|p2a: Medicham|Medicham-Mega, F|261\/261\n|turn|22\n|choice|switch 4|move fakeout\n|\n|switch|p1a: Landorus|Landorus-Therian, M|378\/382 slp\n|-ability|p1a: Landorus|Intimidate|boost\n|-unboost|p2a: Medicham|atk|1\n|move|p2a: Medicham|Fake Out|p1a: Landorus\n|-damage|p1a: Landorus|335\/382 slp\n|\n|-heal|p1a: Landorus|358\/382 slp|[from] item: Leftovers\n|upkeep\n|turn|23\n|choice|move uturn|switch 4\n|\n|switch|p2a: Tapu Koko|Tapu Koko|281\/281\n|-fieldstart|move: Electric Terrain|[from] ability: Electric Surge|[of] p2a: Tapu Koko\n|cant|p1a: Landorus|slp\n|\n|-heal|p1a: Landorus|381\/382 slp|[from] item: Leftovers\n|upkeep\n|turn|24\n|choice|move uturn|move hiddenpower\n|\n|move|p2a: Tapu Koko|Hidden Power|p1a: Landorus\n|-supereffective|p1a: Landorus\n|-damage|p1a: Landorus|0 fnt\n|faint|p1a: Landorus\n|\n|upkeep\n|choice|switch 2|\n|\n|switch|p1a: Lopunny|Lopunny, F|271\/271\n|turn|25\n|choice|move poweruppunch mega|switch 6\n|\n|switch|p2a: Tapu Fini|Tapu Fini|308\/344\n|-fieldstart|move: Misty Terrain|[from] ability: Misty Surge|[of] p2a: Tapu Fini\n|detailschange|p1a: Lopunny|Lopunny-Mega, F\n|-mega|p1a: Lopunny|Lopunny|Lopunnite\n|move|p1a: Lopunny|Power-Up Punch|p2a: Tapu Fini\n|-resisted|p2a: Tapu Fini\n|-damage|p2a: Tapu Fini|282\/344\n|-boost|p1a: Lopunny|atk|1\n|\n|-heal|p2a: Tapu Fini|303\/344|[from] item: Leftovers\n|upkeep\n|turn|26\n|choice|move return|move moonblast\n|\n|move|p1a: Lopunny|Return|p2a: Tapu Fini\n|-crit|p2a: Tapu Fini\n|-damage|p2a: Tapu Fini|23\/344\n|move|p2a: Tapu Fini|Moonblast|p1a: Lopunny\n|-supereffective|p1a: Lopunny\n|-damage|p1a: Lopunny|43\/271\n|\n|-heal|p2a: Tapu Fini|44\/344|[from] item: Leftovers\n|upkeep\n|turn|27\n|choice|move return|move surf\n|\n|move|p1a: Lopunny|Return|p2a: Tapu Fini\n|-damage|p2a: Tapu Fini|0 fnt\n|faint|p2a: Tapu Fini\n|\n|upkeep\n|choice||switch 4\n|\n|switch|p2a: Medicham|Medicham-Mega, F|261\/261\n|turn|28\n|choice|switch 4|move fakeout\n|\n|switch|p1a: Scolipede|Scolipede, M|121\/261\n|move|p2a: Medicham|Fake Out|p1a: Scolipede\n|-damage|p1a: Scolipede|19\/261\n|\n|upkeep\n|turn|29\n|choice|move megahorn|move bulletpunch\n|\n|move|p2a: Medicham|Bullet Punch|p1a: Scolipede\n|-damage|p1a: Scolipede|0 fnt\n|faint|p1a: Scolipede\n|\n|-fieldend|Misty Terrain\n|upkeep\n|choice|switch 3|\n|\n|switch|p1a: Keldeo|Keldeo|323\/323\n|turn|30\n|choice|move scald|move psychocut\n|\n|move|p1a: Keldeo|Scald|p2a: Medicham\n|-damage|p2a: Medicham|90\/261\n|move|p2a: Medicham|Psycho Cut|p1a: Keldeo\n|-supereffective|p1a: Keldeo\n|-damage|p1a: Keldeo|0 fnt\n|faint|p1a: Keldeo\n|\n|upkeep\n|choice|switch 6|\n|\n|switch|p1a: Latios|Latios, M|301\/301\n|turn|31\n|choice|move calmmind|move bulletpunch\n|\n|move|p2a: Medicham|Bullet Punch|p1a: Latios\n|-damage|p1a: Latios|194\/301\n|move|p1a: Latios|Calm Mind|p1a: Latios\n|-boost|p1a: Latios|spa|1\n|-boost|p1a: Latios|spd|1\n|\n|upkeep\n|turn|32\n|choice|move recover|switch 5\n|\n|switch|p2a: Breloom|Breloom, M|261\/261\n|move|p1a: Latios|Recover|p1a: Latios\n|-heal|p1a: Latios|301\/301\n|\n|upkeep\n|turn|33\n|choice|move psyshock|move spore\n|\n|move|p1a: Latios|Psyshock|p2a: Breloom\n|-supereffective|p2a: Breloom\n|-enditem|p2a: Breloom|Focus Sash\n|-damage|p2a: Breloom|1\/261\n|-damage|p1a: Latios|271\/301|[from] item: Life Orb\n|move|p2a: Breloom|Spore|p1a: Latios\n|-status|p1a: Latios|slp\n|\n|upkeep\n|turn|34\n|choice|move recover|move focuspunch\n|\n|-singleturn|p2a: Breloom|move: Focus Punch\n|cant|p1a: Latios|slp\n|move|p2a: Breloom|Focus Punch|p1a: Latios\n|-resisted|p1a: Latios\n|-damage|p1a: Latios|106\/301 slp\n|\n|upkeep\n|turn|35\n|choice|move psyshock|move bulletseed\n|\n|cant|p1a: Latios|slp\n|move|p2a: Breloom|Bullet Seed|p1a: Latios\n|-resisted|p1a: Latios\n|-damage|p1a: Latios|61\/301 slp\n|-resisted|p1a: Latios\n|-damage|p1a: Latios|19\/301 slp\n|-hitcount|p1a: Latios|2\n|\n|upkeep\n|turn|36\n|choice|switch 5|move machpunch\n|\n|switch|p1a: Ferrothorn|Ferrothorn, M|352\/352\n|move|p2a: Breloom|Mach Punch|p1a: Ferrothorn\n|-supereffective|p1a: Ferrothorn\n|-damage|p1a: Ferrothorn|188\/352\n|-damage|p2a: Breloom|0 fnt|[from] ability: Iron Barbs|[of] p1a: Ferrothorn\n|faint|p2a: Breloom\n|\n|upkeep\n|choice||switch 5\n|\n|switch|p2a: Medicham|Medicham-Mega, F|90\/261\n|turn|37\n|choice|switch 5|move highjumpkick\n|\n|switch|p1a: Latios|Latios, M|19\/301 slp\n|move|p2a: Medicham|High Jump Kick|p1a: Latios\n|-resisted|p1a: Latios\n|-damage|p1a: Latios|0 fnt\n|faint|p1a: Latios\n|\n|upkeep\n|choice|switch 4|\n|\n|switch|p1a: Lopunny|Lopunny-Mega, F|43\/271\n|turn|38\n|choice|move fakeout|move bulletpunch\n|\n|move|p1a: Lopunny|Fake Out|p2a: Medicham\n|-damage|p2a: Medicham|8\/261\n|cant|p2a: Medicham|flinch\n|\n|upkeep\n|turn|39\n|choice|move return|move bulletpunch\n|\n|move|p2a: Medicham|Bullet Punch|p1a: Lopunny\n|-damage|p1a: Lopunny|0 fnt\n|faint|p1a: Lopunny\n|\n|upkeep\n|choice|switch 5|\n|\n|switch|p1a: Ferrothorn|Ferrothorn, M|188\/352\n|turn|40\n|choice|move spikes|move highjumpkick\n|\n|move|p2a: Medicham|High Jump Kick|p1a: Ferrothorn\n|-supereffective|p1a: Ferrothorn\n|-damage|p1a: Ferrothorn|0 fnt\n|-damage|p2a: Medicham|0 fnt|[from] ability: Iron Barbs|[of] p1a: Ferrothorn\n|faint|p1a: Ferrothorn\n|faint|p2a: Medicham\n|\n|win|Rambowz\n|raw|Alolan Aster's rating: 1381 &rarr; <strong>1359<\/strong><br \/>(-22 for losing)\n|raw|Rambowz's rating: 1353 &rarr; <strong>1375<\/strong><br \/>(+22 for winning)\n|l|Alolan Aster\n|c|\u2606Rambowz|gg","inputlog":null,"uploadtime":1505365235,"views":2,"p1id":"alolanaster","p2id":"rambowz","formatid":"gen7oususpecttest","rating":1359,"private":0,"password":null}