{"id":"gen7ubers-1643348996","p1":"iceskaterbarbie","p2":"Rediyu","format":"gen7ubers","log":"|j|\u2606iceskaterbarbie\n|j|\u2606Rediyu\n|t:|1660928596\n|gametype|singles\n|player|p1|iceskaterbarbie|169|\n|player|p2|Rediyu|guitarist|\n|teamsize|p1|6\n|teamsize|p2|6\n|gen|7\n|tier|[Gen 7] Ubers\n|rule|Sleep Clause Mod: Limit one foe put to sleep\n|rule|Species Clause: Limit one of each Pok\u00e9mon\n|rule|OHKO Clause: OHKO moves are banned\n|rule|Moody Clause: Moody is banned\n|rule|Evasion Items Clause: Evasion items are banned\n|rule|Evasion Moves Clause: Evasion moves are banned\n|rule|Endless Battle Clause: Forcing endless battles is banned\n|rule|HP Percentage Mod: HP is shown in percentages\n|rule|Mega Rayquaza Clause: You cannot mega evolve Rayquaza\n|clearpoke\n|poke|p1|Lucario, M|item\n|poke|p1|Zeraora|item\n|poke|p1|Necrozma|item\n|poke|p1|Mimikyu, M|item\n|poke|p1|Drapion, M|item\n|poke|p1|Noivern, F|item\n|poke|p2|Tapu Koko|item\n|poke|p2|Rhyperior, M|item\n|poke|p2|Qwilfish, F|item\n|poke|p2|Dragonite, M|item\n|poke|p2|Tsareena, F|item\n|poke|p2|Metagross|item\n|teampreview\n|c|\u2606Rediyu|gl hf\n|c|\u2606iceskaterbarbie|gl hf\n|\n|t:|1660928659\n|start\n|switch|p1a: Noivern|Noivern, F|100\/100\n|switch|p2a: Wei\u00dfbier|Rhyperior, M|100\/100\n|-item|p2a: Wei\u00dfbier|Rindo Berry|[from] ability: Frisk|[of] p1a: Noivern|[identify]\n|turn|1\n|\n|t:|1660928693\n|move|p1a: Noivern|U-turn|p2a: Wei\u00dfbier\n|-damage|p2a: Wei\u00dfbier|94\/100\n|\n|t:|1660928755\n|switch|p1a: Necrozma|Necrozma|100\/100|[from]move: U-turn\n|move|p2a: Wei\u00dfbier|Stealth Rock|p1a: Necrozma\n|-sidestart|p1: iceskaterbarbie|move: Stealth Rock\n|\n|upkeep\n|turn|2\n|\n|t:|1660928787\n|move|p1a: Necrozma|Toxic|p2a: Wei\u00dfbier\n|-status|p2a: Wei\u00dfbier|tox\n|move|p2a: Wei\u00dfbier|Megahorn|p1a: Necrozma\n|-supereffective|p1a: Necrozma\n|-damage|p1a: Necrozma|49\/100\n|\n|-heal|p1a: Necrozma|55\/100|[from] item: Leftovers\n|-damage|p2a: Wei\u00dfbier|88\/100 tox|[from] psn\n|upkeep\n|turn|3\n|\n|t:|1660928825\n|switch|p2a: Gin|Tapu Koko, shiny|100\/100\n|-fieldstart|move: Electric Terrain|[from] ability: Electric Surge|[of] p2a: Gin\n|move|p1a: Necrozma|Moonlight|p1a: Necrozma\n|-heal|p1a: Necrozma|100\/100\n|\n|upkeep\n|turn|4\n|\n|t:|1660928862\n|move|p2a: Gin|Nature's Madness|p1a: Necrozma\n|-damage|p1a: Necrozma|51\/100\n|move|p1a: Necrozma|Earth Power|p2a: Gin\n|-supereffective|p2a: Gin\n|-damage|p2a: Gin|31\/100\n|\n|-heal|p1a: Necrozma|57\/100|[from] item: Leftovers\n|upkeep\n|turn|5\n|\n|t:|1660928944\n|move|p2a: Gin|Thunderbolt|p1a: Necrozma\n|-damage|p1a: Necrozma|10\/100\n|move|p1a: Necrozma|Earth Power|p2a: Gin\n|-supereffective|p2a: Gin\n|-damage|p2a: Gin|0 fnt\n|faint|p2a: Gin\n|\n|-heal|p1a: Necrozma|16\/100|[from] item: Leftovers\n|upkeep\n|\n|t:|1660928974\n|switch|p2a: Rum|Dragonite, M|100\/100\n|turn|6\n|\n|t:|1660929025\n|move|p2a: Rum|Earthquake|p1a: Necrozma\n|-damage|p1a: Necrozma|0 fnt\n|faint|p1a: Necrozma\n|\n|upkeep\n|\n|t:|1660929171\n|switch|p1a: Zeraora|Zeraora|100\/100\n|-damage|p1a: Zeraora|88\/100|[from] Stealth Rock\n|turn|7\n|\n|t:|1660929262\n|switch|p2a: Kr\u00e4uterschnaps|Tsareena, F|100\/100\n|move|p1a: Zeraora|Volt Switch|p2a: Kr\u00e4uterschnaps\n|-resisted|p2a: Kr\u00e4uterschnaps\n|-damage|p2a: Kr\u00e4uterschnaps|66\/100\n|\n|t:|1660929353\n|switch|p1a: Noivern|Noivern, F|100\/100|[from]move: Volt Switch\n|-damage|p1a: Noivern|76\/100|[from] Stealth Rock\n|-item|p2a: Kr\u00e4uterschnaps|Leftovers|[from] ability: Frisk|[of] p1a: Noivern|[identify]\n|\n|-heal|p2a: Kr\u00e4uterschnaps|72\/100|[from] item: Leftovers\n|-fieldend|move: Electric Terrain\n|upkeep\n|turn|8\n|\n|t:|1660929411\n|switch|p2a: Wei\u00dfbier|Rhyperior, M|88\/100 tox\n|move|p1a: Noivern|Air Slash|p2a: Wei\u00dfbier\n|-resisted|p2a: Wei\u00dfbier\n|-damage|p2a: Wei\u00dfbier|67\/100 tox\n|\n|-damage|p2a: Wei\u00dfbier|61\/100 tox|[from] psn\n|upkeep\n|turn|9\n|\n|t:|1660929541\n|switch|p2a: Schwarzbier|Metagross|100\/100\n|move|p1a: Noivern|U-turn|p2a: Schwarzbier\n|-damage|p2a: Schwarzbier|92\/100\n|\n|t:|1660929734\n|switch|p1a: Zeraora|Zeraora|88\/100|[from]move: U-turn\n|-damage|p1a: Zeraora|76\/100|[from] Stealth Rock\n|\n|upkeep\n|turn|10\n|\n|t:|1660929795\n|switch|p2a: Wei\u00dfbier|Rhyperior, M|61\/100 tox\n|move|p1a: Zeraora|Focus Blast|p2a: Wei\u00dfbier\n|-supereffective|p2a: Wei\u00dfbier\n|-damage|p2a: Wei\u00dfbier|0 fnt\n|faint|p2a: Wei\u00dfbier\n|\n|upkeep\n|\n|t:|1660929835\n|switch|p2a: Rum|Dragonite, M|100\/100\n|turn|11\n|\n|t:|1660929898\n|switch|p1a: Drapion|Drapion, M|100\/100\n|-damage|p1a: Drapion|88\/100|[from] Stealth Rock\n|move|p2a: Rum|Dragon Dance|p2a: Rum\n|-boost|p2a: Rum|atk|1\n|-boost|p2a: Rum|spe|1\n|\n|-heal|p1a: Drapion|94\/100|[from] item: Black Sludge\n|upkeep\n|turn|12\n|\n|t:|1660929986\n|move|p2a: Rum|Earthquake|p1a: Drapion\n|-supereffective|p1a: Drapion\n|-damage|p1a: Drapion|0 fnt\n|faint|p1a: Drapion\n|\n|upkeep\n|\n|t:|1660930054\n|switch|p1a: Mimikyu|Mimikyu, M|100\/100\n|-damage|p1a: Mimikyu|88\/100|[from] Stealth Rock\n|turn|13\n|\n|t:|1660930092\n|move|p1a: Mimikyu|Shadow Sneak|p2a: Rum\n|-damage|p2a: Rum|91\/100\n|move|p2a: Rum|Iron Head|p1a: Mimikyu\n|-activate|p1a: Mimikyu|ability: Disguise\n|-damage|p1a: Mimikyu|88\/100\n|detailschange|p1a: Mimikyu|Mimikyu-Busted, M\n|\n|upkeep\n|turn|14\n|\n|t:|1660930137\n|move|p2a: Rum|Iron Head|p1a: Mimikyu\n|-supereffective|p1a: Mimikyu\n|-damage|p1a: Mimikyu|0 fnt\n|faint|p1a: Mimikyu\n|\n|upkeep\n|\n|t:|1660930311\n|switch|p1a: Noivern|Noivern, F|76\/100\n|-damage|p1a: Noivern|51\/100|[from] Stealth Rock\n|-item|p2a: Rum|Draco Plate|[from] ability: Frisk|[of] p1a: Noivern|[identify]\n|turn|15\n|\n|t:|1660930336\n|move|p2a: Rum|Dragon Claw|p1a: Noivern\n|-supereffective|p1a: Noivern\n|-damage|p1a: Noivern|0 fnt\n|faint|p1a: Noivern\n|\n|upkeep\n|\n|t:|1660930370\n|switch|p1a: Lucario|Lucario, M|100\/100\n|-damage|p1a: Lucario|98\/100|[from] Stealth Rock\n|turn|16\n|\n|t:|1660930377\n|move|p2a: Rum|Earthquake|p1a: Lucario\n|-supereffective|p1a: Lucario\n|-damage|p1a: Lucario|0 fnt\n|faint|p1a: Lucario\n|\n|upkeep\n|\n|t:|1660930382\n|switch|p1a: Zeraora|Zeraora|76\/100\n|-damage|p1a: Zeraora|64\/100|[from] Stealth Rock\n|turn|17\n|\n|t:|1660930393\n|move|p2a: Rum|Earthquake|p1a: Zeraora\n|-supereffective|p1a: Zeraora\n|-damage|p1a: Zeraora|0 fnt\n|faint|p1a: Zeraora\n|\n|win|Rediyu\n|c|\u2606Rediyu|gg\n|c|\u2606iceskaterbarbie|gg\n","uploadtime":1660930398,"views":12,"p1id":"iceskaterbarbie","p2id":"rediyu","formatid":"gen7ubers","rating":0,"private":0,"password":null}