{"id":"gen7ou-884132123","p1":"Ryovier","p2":"why addicted","format":"gen7ou","log":"|j|\u2606Ryovier\n|j|\u2606why addicted\n|player|p1|Ryovier|260\n|player|p2|why addicted|168\n|teamsize|p1|6\n|teamsize|p2|6\n|gametype|singles\n|gen|7\n|tier|[Gen 7] OU\n|rule|Sleep Clause Mod: Limit one foe put to sleep\n|rule|Species Clause: Limit one of each Pok\u00e9mon\n|rule|OHKO Clause: OHKO moves are banned\n|rule|Moody Clause: Moody is banned\n|rule|Evasion Moves Clause: Evasion moves are banned\n|rule|Endless Battle Clause: Forcing endless battles is banned\n|rule|HP Percentage Mod: HP is shown in percentages\n|clearpoke\n|poke|p1|Victini|item\n|poke|p1|Tapu Koko|item\n|poke|p1|Weavile, M|item\n|poke|p1|Gliscor, F|item\n|poke|p1|Magearna|item\n|poke|p1|Medicham, F|item\n|poke|p2|Latios, M|item\n|poke|p2|Clefable, F|item\n|poke|p2|Heatran, M|item\n|poke|p2|Ferrothorn, M|item\n|poke|p2|Landorus-Therian, M|item\n|poke|p2|Magearna|item\n|teampreview\n|c|\u2606why addicted|hf\n|j| TheDarkSwirl\n|j| Ahsan-219\n|\n|start\n|switch|p1a: Tapu Kek|Tapu Koko|100\/100\n|switch|p2a: Landorus|Landorus-Therian, M|100\/100\n|-ability|p2a: Landorus|Intimidate|boost\n|-unboost|p1a: Tapu Kek|atk|1\n|-fieldstart|move: Electric Terrain|[from] ability: Electric Surge|[of] p1a: Tapu Kek\n|turn|1\n|\n|switch|p1a: Ahsan|Gliscor, F|100\/100\n|move|p2a: Landorus|U-turn|p1a: Ahsan\n|-resisted|p1a: Ahsan\n|-damage|p1a: Ahsan|91\/100\n|\n|switch|p2a: Latios|Latios, M|100\/100\n|\n|-status|p1a: Ahsan|tox|[from] item: Toxic Orb\n|upkeep\n|turn|2\n|\n|switch|p1a: NoSkill|Magearna|100\/100\n|detailschange|p2a: Latios|Latios-Mega, M\n|-mega|p2a: Latios|Latios|Latiosite\n|move|p2a: Latios|Earthquake|p1a: NoSkill\n|-supereffective|p1a: NoSkill\n|-crit|p1a: NoSkill\n|-damage|p1a: NoSkill|38\/100\n|\n|upkeep\n|turn|3\n|c|\u2606why addicted|my bad\n|\n|switch|p2a: Ferrothorn|Ferrothorn, M|100\/100\n|switch|p1a: Pred|Weavile, M|100\/100\n|-ability|p1a: Pred|Pressure\n|\n|upkeep\n|turn|4\n|\n|switch|p1a: Ahsan|Gliscor, F|91\/100 tox\n|move|p2a: Ferrothorn|Gyro Ball|p1a: Ahsan\n|-damage|p1a: Ahsan|51\/100 tox\n|\n|-heal|p1a: Ahsan|63\/100 tox|[from] ability: Poison Heal\n|upkeep\n|turn|5\n|\n|move|p1a: Ahsan|Stealth Rock|p2a: Ferrothorn\n|-sidestart|p2: why addicted|move: Stealth Rock\n|move|p2a: Ferrothorn|Spikes|p1a: Ahsan\n|-sidestart|p1: Ryovier|Spikes\n|\n|-heal|p1a: Ahsan|76\/100 tox|[from] ability: Poison Heal\n|-fieldend|move: Electric Terrain\n|upkeep\n|turn|6\n|j| WG = We Gay\n|\n|move|p1a: Ahsan|Taunt|p2a: Ferrothorn\n|-start|p2a: Ferrothorn|move: Taunt\n|cant|p2a: Ferrothorn|move: Taunt|Leech Seed\n|\n|-heal|p1a: Ahsan|88\/100 tox|[from] ability: Poison Heal\n|upkeep\n|turn|7\n|j| Guradon-A\n|\n|switch|p1a: XoviChan|Medicham, F|100\/100\n|-damage|p1a: XoviChan|88\/100|[from] Spikes\n|move|p2a: Ferrothorn|Gyro Ball|p1a: XoviChan\n|-damage|p1a: XoviChan|14\/100\n|\n|upkeep\n|turn|8\n|\n|switch|p2a: Clefable|Clefable, F|100\/100\n|detailschange|p1a: XoviChan|Medicham-Mega, F\n|-mega|p1a: XoviChan|Medicham|Medichamite\n|move|p1a: XoviChan|Psycho Cut|p2a: Clefable\n|-damage|p2a: Clefable|53\/100\n|\n|-heal|p2a: Clefable|59\/100|[from] item: Leftovers\n|upkeep\n|turn|9\n|\n|move|p1a: XoviChan|Psycho Cut|p2a: Clefable\n|-damage|p2a: Clefable|12\/100\n|move|p2a: Clefable|Soft-Boiled|p2a: Clefable\n|-heal|p2a: Clefable|62\/100\n|\n|-heal|p2a: Clefable|68\/100|[from] item: Leftovers\n|upkeep\n|turn|10\n|\n|move|p1a: XoviChan|Psycho Cut|p2a: Clefable\n|-damage|p2a: Clefable|24\/100\n|move|p2a: Clefable|Moonblast|p1a: XoviChan\n|-supereffective|p1a: XoviChan\n|-damage|p1a: XoviChan|0 fnt\n|faint|p1a: XoviChan\n|\n|-heal|p2a: Clefable|30\/100|[from] item: Leftovers\n|upkeep\n|\n|switch|p1a: Tapu Kek|Tapu Koko|100\/100\n|-damage|p1a: Tapu Kek|88\/100|[from] Spikes\n|-fieldstart|move: Electric Terrain|[from] ability: Electric Surge|[of] p1a: Tapu Kek\n|turn|11\n|\n|switch|p2a: Ferrothorn|Ferrothorn, M|100\/100\n|-damage|p2a: Ferrothorn|94\/100|[from] Stealth Rock\n|move|p1a: Tapu Kek|Volt Switch|p2a: Ferrothorn\n|-resisted|p2a: Ferrothorn\n|-damage|p2a: Ferrothorn|71\/100\n|\n|switch|p1a: V-man|Victini|100\/100\n|-damage|p1a: V-man|88\/100|[from] Spikes\n|\n|-heal|p2a: Ferrothorn|77\/100|[from] item: Leftovers\n|upkeep\n|turn|12\n|\n|switch|p1a: Pred|Weavile, M|100\/100\n|-damage|p1a: Pred|88\/100|[from] Spikes\n|-ability|p1a: Pred|Pressure\n|switch|p2a: Heatran|Heatran, M|100\/100\n|-damage|p2a: Heatran|88\/100|[from] Stealth Rock\n|\n|-heal|p2a: Heatran|94\/100|[from] item: Leftovers\n|upkeep\n|turn|13\n|\n|switch|p1a: Ahsan|Gliscor, F|88\/100 tox\n|move|p2a: Heatran|Lava Plume|p1a: Ahsan\n|-damage|p1a: Ahsan|45\/100 tox\n|\n|-heal|p2a: Heatran|100\/100|[from] item: Leftovers\n|-heal|p1a: Ahsan|57\/100 tox|[from] ability: Poison Heal\n|upkeep\n|turn|14\n|\n|switch|p2a: Latios|Latios-Mega, M|100\/100\n|-damage|p2a: Latios|88\/100|[from] Stealth Rock\n|move|p1a: Ahsan|Earthquake|p2a: Latios\n|-immune|p2a: Latios|[from] ability: Levitate\n|\n|-heal|p1a: Ahsan|70\/100 tox|[from] ability: Poison Heal\n|upkeep\n|turn|15\n|\n|move|p2a: Latios|Draco Meteor|p1a: Ahsan\n|-damage|p1a: Ahsan|0 fnt\n|-unboost|p2a: Latios|spa|2\n|faint|p1a: Ahsan\n|\n|-fieldend|move: Electric Terrain\n|upkeep\n|\n|switch|p1a: Pred|Weavile, M|88\/100\n|-damage|p1a: Pred|76\/100|[from] Spikes\n|-ability|p1a: Pred|Pressure\n|turn|16\n|\n|-activate|p2a: Latios|move: Pursuit\n|move|p1a: Pred|Pursuit|p2a: Latios|[from]Pursuit\n|-supereffective|p2a: Latios\n|-damage|p2a: Latios|0 fnt\n|-hint|A Pokemon can't switch between when it runs out of HP and when it faints\n|faint|p2a: Latios\n|\n|upkeep\n|\n|switch|p2a: Heatran|Heatran, M|100\/100\n|-damage|p2a: Heatran|88\/100|[from] Stealth Rock\n|turn|17\n|\n|switch|p1a: NoSkill|Magearna|38\/100\n|-damage|p1a: NoSkill|25\/100|[from] Spikes\n|move|p2a: Heatran|Earth Power|p1a: NoSkill\n|-supereffective|p1a: NoSkill\n|-crit|p1a: NoSkill\n|-damage|p1a: NoSkill|0 fnt\n|faint|p1a: NoSkill\n|\n|-heal|p2a: Heatran|94\/100|[from] item: Leftovers\n|upkeep\n|\n|switch|p1a: V-man|Victini|88\/100\n|-damage|p1a: V-man|76\/100|[from] Spikes\n|turn|18\n|\n|-zpower|p1a: V-man\n|move|p1a: V-man|Z-Celebrate|p1a: V-man|[anim]Celebrate\n|-boost|p1a: V-man|atk|1|[zeffect]\n|-boost|p1a: V-man|def|1|[zeffect]\n|-boost|p1a: V-man|spa|1|[zeffect]\n|-boost|p1a: V-man|spd|1|[zeffect]\n|-boost|p1a: V-man|spe|1|[zeffect]\n|-activate|p1a: V-man|move: Celebrate\n|move|p2a: Heatran|Toxic|p1a: V-man\n|-status|p1a: V-man|tox\n|\n|-heal|p2a: Heatran|100\/100|[from] item: Leftovers\n|-damage|p1a: V-man|70\/100 tox|[from] psn\n|upkeep\n|turn|19\n|\n|move|p2a: Heatran|Protect|p2a: Heatran\n|-singleturn|p2a: Heatran|Protect\n|move|p1a: V-man|Stored Power|p2a: Heatran\n|-activate|p2a: Heatran|move: Protect\n|\n|-damage|p1a: V-man|57\/100 tox|[from] psn\n|upkeep\n|turn|20\n|\n|move|p1a: V-man|Focus Blast|p2a: Heatran\n|-supereffective|p2a: Heatran\n|-crit|p2a: Heatran\n|-damage|p2a: Heatran|2\/100\n|move|p2a: Heatran|Earth Power|p1a: V-man\n|-supereffective|p1a: V-man\n|-damage|p1a: V-man|19\/100 tox\n|\n|-heal|p2a: Heatran|8\/100|[from] item: Leftovers\n|-damage|p1a: V-man|1\/100 tox|[from] psn\n|upkeep\n|turn|21\n|\n|move|p2a: Heatran|Protect|p2a: Heatran\n|-singleturn|p2a: Heatran|Protect\n|move|p1a: V-man|Stored Power|p2a: Heatran\n|-activate|p2a: Heatran|move: Protect\n|\n|-heal|p2a: Heatran|14\/100|[from] item: Leftovers\n|-damage|p1a: V-man|0 fnt|[from] psn\n|faint|p1a: V-man\n|upkeep\n|\n|switch|p1a: Tapu Kek|Tapu Koko|88\/100\n|-damage|p1a: Tapu Kek|76\/100|[from] Spikes\n|-fieldstart|move: Electric Terrain|[from] ability: Electric Surge|[of] p1a: Tapu Kek\n|turn|22\n|\n|move|p1a: Tapu Kek|Dazzling Gleam|p2a: Heatran\n|-resisted|p2a: Heatran\n|-damage|p2a: Heatran|6\/100\n|move|p2a: Heatran|Lava Plume|p1a: Tapu Kek\n|-damage|p1a: Tapu Kek|27\/100\n|-status|p1a: Tapu Kek|brn\n|\n|-heal|p2a: Heatran|12\/100|[from] item: Leftovers\n|-damage|p1a: Tapu Kek|21\/100 brn|[from] brn\n|upkeep\n|turn|23\n|c| WG = We Gay|its done\n|\n|move|p1a: Tapu Kek|Dazzling Gleam|p2a: Heatran\n|-resisted|p2a: Heatran\n|-damage|p2a: Heatran|5\/100\n|move|p2a: Heatran|Earth Power|p1a: Tapu Kek\n|-supereffective|p1a: Tapu Kek\n|-damage|p1a: Tapu Kek|0 fnt\n|faint|p1a: Tapu Kek\n|\n|-heal|p2a: Heatran|11\/100|[from] item: Leftovers\n|upkeep\n|\n|switch|p1a: Pred|Weavile, M|76\/100\n|-damage|p1a: Pred|63\/100|[from] Spikes\n|-ability|p1a: Pred|Pressure\n|turn|24\n|c| Guradon-A|Yeah\n|\n|move|p1a: Pred|Knock Off|p2a: Heatran\n|-damage|p2a: Heatran|0 fnt\n|-enditem|p2a: Heatran|Leftovers|[from] move: Knock Off|[of] p1a: Pred\n|faint|p2a: Heatran\n|\n|upkeep\n|\n|switch|p2a: Magearna|Magearna|100\/100\n|-damage|p2a: Magearna|95\/100|[from] Stealth Rock\n|turn|25\n|\n|move|p1a: Pred|Knock Off|p2a: Magearna\n|-resisted|p2a: Magearna\n|-damage|p2a: Magearna|78\/100\n|-zpower|p2a: Magearna\n|move|p2a: Magearna|Twinkle Tackle|p1a: Pred|[zeffect]\n|-supereffective|p1a: Pred\n|-damage|p1a: Pred|0 fnt\n|faint|p1a: Pred\n|\n|win|why addicted\n|c|\u2606why addicted|gg\n|l| WG = We Gay\n|l| Ahsan-219\n","uploadtime":1553903194,"views":137,"p1id":"ryovier","p2id":"whyaddicted","formatid":"gen7ou","rating":0,"private":0,"password":null}