{"id":"gen7ou-833603129","p1":"ronquavious tabo","p2":"Kaylss","format":"gen7ou","log":"|raw|<div class=\"broadcast-red\"><strong>This battle is invite-only!<\/strong><br \/>Users must be rank + or invited with <code>\/invite<\/code> to join<\/div>\n|j|\u2606ronquavious tabo\n|j|\u2606Kaylss\n|player|p1|ronquavious tabo|284\n|player|p2|Kaylss|138\n|teamsize|p1|6\n|teamsize|p2|6\n|gametype|singles\n|gen|7\n|tier|[Gen 7] OU\n|rated|\n|rule|Sleep Clause Mod: Limit one foe put to sleep\n|rule|Species Clause: Limit one of each Pok\u00e9mon\n|rule|OHKO Clause: OHKO moves are banned\n|rule|Moody Clause: Moody is banned\n|rule|Evasion Moves Clause: Evasion moves are banned\n|rule|Endless Battle Clause: Forcing endless battles is banned\n|rule|HP Percentage Mod: HP is shown in percentages\n|clearpoke\n|poke|p1|Chansey, F|item\n|poke|p1|Jirachi|item\n|poke|p1|Sableye, M|item\n|poke|p1|Alakazam, F|item\n|poke|p1|Quagsire, F|item\n|poke|p1|Zapdos|item\n|poke|p2|Lopunny, F|item\n|poke|p2|Magearna|item\n|poke|p2|Landorus-Therian, M|item\n|poke|p2|Zygarde|item\n|poke|p2|Greninja, M|item\n|poke|p2|Tornadus-Therian, M|item\n|teampreview\n|inactive|Battle timer is ON: inactive players will automatically lose when time's up. (requested by ronquavious tabo)\n|raw|<div class=\"broadcast-blue\"><strong>This room is no longer invite only!<\/strong><br \/>Anyone may now join.<\/div>\n|c|\u2606ronquavious tabo|\/log ronquavious tabo turned off modjoin.\n|inactive|ronquavious tabo has 120 seconds left.\n|\n|start\n|switch|p1a: Malkovich|Sableye, M|100\/100\n|switch|p2a: Lopunny|Lopunny, F|100\/100\n|turn|1\n|\n|detailschange|p2a: Lopunny|Lopunny-Mega, F\n|-mega|p2a: Lopunny|Lopunny|Lopunnite\n|detailschange|p1a: Malkovich|Sableye-Mega, M\n|-mega|p1a: Malkovich|Sableye|Sablenite\n|move|p1a: Malkovich|Protect|p1a: Malkovich\n|-singleturn|p1a: Malkovich|Protect\n|move|p2a: Lopunny|Fake Out|p1a: Malkovich\n|-activate|p1a: Malkovich|move: Protect\n|\n|upkeep\n|turn|2\n|j|+Jordy\n|\n|switch|p1a: Big Blue|Quagsire, F, shiny|100\/100\n|move|p2a: Lopunny|High Jump Kick|p1a: Big Blue\n|-damage|p1a: Big Blue|50\/100\n|\n|upkeep\n|turn|3\n|\n|move|p2a: Lopunny|High Jump Kick|p1a: Big Blue\n|-damage|p1a: Big Blue|0 fnt\n|faint|p1a: Big Blue\n|\n|upkeep\n|\n|switch|p1a: Mo|Alakazam, F|100\/100\n|turn|4\n|\n|switch|p2a: Magearna|Magearna|100\/100\n|move|p1a: Mo|Psychic|p2a: Magearna\n|-resisted|p2a: Magearna\n|-damage|p2a: Magearna|91\/100\n|\n|upkeep\n|turn|5\n|\n|switch|p1a: Saddam|Chansey, F|100\/100\n|move|p2a: Magearna|Volt Switch|p1a: Saddam\n|-damage|p1a: Saddam|94\/100\n|\n|switch|p2a: Lopunny|Lopunny-Mega, F|100\/100\n|\n|upkeep\n|turn|6\n|\n|move|p2a: Lopunny|High Jump Kick|p1a: Saddam\n|-supereffective|p1a: Saddam\n|-damage|p1a: Saddam|11\/100\n|move|p1a: Saddam|Seismic Toss|p2a: Lopunny\n|-damage|p2a: Lopunny|64\/100\n|\n|upkeep\n|turn|7\n|\n|move|p2a: Lopunny|Return|p1a: Saddam\n|-damage|p1a: Saddam|0 fnt\n|faint|p1a: Saddam\n|\n|upkeep\n|\n|switch|p1a: KissMyAss|Zapdos|100\/100\n|-ability|p1a: KissMyAss|Pressure\n|turn|8\n|\n|switch|p2a: Magearna|Magearna|91\/100\n|move|p1a: KissMyAss|Discharge|p2a: Magearna\n|-damage|p2a: Magearna|75\/100\n|\n|upkeep\n|turn|9\n|c|\u2606ronquavious tabo|got lucky on those hjk\n|\n|move|p1a: KissMyAss|Heat Wave|p2a: Magearna\n|-supereffective|p2a: Magearna\n|-damage|p2a: Magearna|48\/100\n|move|p2a: Magearna|Volt Switch|p1a: KissMyAss\n|-damage|p1a: KissMyAss|80\/100\n|c|\u2606Kaylss|?\n|\n|switch|p2a: Zygarde|Zygarde|100\/100\n|-ability|p2a: Zygarde|Aura Break\n|\n|-heal|p1a: KissMyAss|86\/100|[from] item: Leftovers\n|upkeep\n|turn|10\n|c|\u2606ronquavious tabo|normally dont do 51%\n|\n|move|p2a: Zygarde|Thousand Arrows|p1a: KissMyAss\n|-damage|p1a: KissMyAss|30\/100\n|-start|p1a: KissMyAss|Smack Down\n|move|p1a: KissMyAss|Heat Wave|p2a: Zygarde\n|-resisted|p2a: Zygarde\n|-damage|p2a: Zygarde|85\/100\n|-status|p2a: Zygarde|brn\n|\n|-heal|p1a: KissMyAss|36\/100|[from] item: Leftovers\n|-damage|p2a: Zygarde|79\/100 brn|[from] brn\n|upkeep\n|turn|11\n|\n|move|p2a: Zygarde|Thousand Arrows|p1a: KissMyAss\n|-supereffective|p1a: KissMyAss\n|-damage|p1a: KissMyAss|0 fnt\n|faint|p1a: KissMyAss\n|\n|-damage|p2a: Zygarde|73\/100 brn|[from] brn\n|upkeep\n|\n|switch|p1a: Mo|Alakazam, F|100\/100\n|turn|12\n|\n|switch|p1a: Sir Arcy|Jirachi|100\/100\n|switch|p2a: Magearna|Magearna|48\/100\n|\n|upkeep\n|turn|13\n|\n|switch|p2a: Tornadus|Tornadus-Therian, M|100\/100\n|move|p1a: Sir Arcy|Iron Head|p2a: Tornadus\n|-damage|p2a: Tornadus|67\/100\n|-damage|p1a: Sir Arcy|84\/100|[from] item: Rocky Helmet|[of] p2a: Tornadus\n|\n|-heal|p1a: Sir Arcy|90\/100|[from] item: Leftovers\n|upkeep\n|turn|14\n|\n|move|p1a: Sir Arcy|Protect|p1a: Sir Arcy\n|-singleturn|p1a: Sir Arcy|Protect\n|move|p2a: Tornadus|Knock Off|p1a: Sir Arcy\n|-activate|p1a: Sir Arcy|move: Protect\n|\n|-heal|p1a: Sir Arcy|96\/100|[from] item: Leftovers\n|upkeep\n|turn|15\n|\n|move|p2a: Tornadus|Knock Off|p1a: Sir Arcy\n|-supereffective|p1a: Sir Arcy\n|-damage|p1a: Sir Arcy|63\/100\n|-enditem|p1a: Sir Arcy|Leftovers|[from] move: Knock Off|[of] p2a: Tornadus\n|move|p1a: Sir Arcy|Thunder Wave|p2a: Tornadus\n|-status|p2a: Tornadus|par\n|\n|upkeep\n|turn|16\n|\n|move|p1a: Sir Arcy|Wish|p1a: Sir Arcy\n|move|p2a: Tornadus|Taunt|p1a: Sir Arcy\n|-start|p1a: Sir Arcy|move: Taunt\n|\n|upkeep\n|turn|17\n|\n|switch|p2a: Landorus|Landorus-Therian, M|100\/100\n|-ability|p2a: Landorus|Intimidate|boost\n|-unboost|p1a: Sir Arcy|atk|1\n|move|p1a: Sir Arcy|Iron Head|p2a: Landorus\n|-damage|p2a: Landorus|82\/100\n|\n|-heal|p1a: Sir Arcy|100\/100|[from] move: Wish|[wisher] Sir Arcy\n|upkeep\n|turn|18\n|\n|switch|p1a: Malkovich|Sableye-Mega, M|100\/100\n|move|p2a: Landorus|Swords Dance|p2a: Landorus\n|-boost|p2a: Landorus|atk|2\n|\n|upkeep\n|turn|19\n|c|\u2606ronquavious tabo|gg\n|\n|-zpower|p2a: Landorus\n|move|p2a: Landorus|Supersonic Skystrike|p1a: Malkovich|[zeffect]\n|-damage|p1a: Malkovich|0 fnt\n|faint|p1a: Malkovich\n|\n|upkeep\n|\n|switch|p1a: Mo|Alakazam, F|100\/100\n|turn|20\n|c|\u2606Kaylss|gg\n|\n|move|p1a: Mo|Psychic|p2a: Landorus\n|-damage|p2a: Landorus|32\/100\n|-unboost|p2a: Landorus|spd|1\n|move|p2a: Landorus|Earthquake|p1a: Mo\n|-enditem|p1a: Mo|Focus Sash\n|-damage|p1a: Mo|1\/100\n|\n|upkeep\n|turn|21\n|c|\u2606ronquavious tabo|normaly I beat your your team\n|\n|switch|p2a: Magearna|Magearna|48\/100\n|move|p1a: Mo|Energy Ball|p2a: Magearna\n|-resisted|p2a: Magearna\n|-damage|p2a: Magearna|40\/100\n|\n|upkeep\n|turn|22\n|c|\u2606Kaylss|what went wrong\n|\n|move|p1a: Mo|Focus Blast|p2a: Magearna|[miss]\n|-miss|p1a: Mo|p2a: Magearna\n|move|p2a: Magearna|Volt Switch|p1a: Mo\n|-damage|p1a: Mo|0 fnt\n|faint|p1a: Mo\n|-ability|p2a: Magearna|Soul-Heart|boost\n|-boost|p2a: Magearna|spa|1\n|\n|switch|p2a: Greninja|Greninja, M|100\/100\n|\n|upkeep\n|c|\u2606ronquavious tabo|those hjk\n|c|\u2606Kaylss|you have a zapdos\n|c|\u2606ronquavious tabo|normally I tank those\n|c|\u2606Kaylss|why go quag and risk taking half\n|c|\u2606ronquavious tabo|was expecting Ice punch\n|inactive|ronquavious tabo has 120 seconds left.\n|c|\u2606Kaylss|why lol\n|c|\u2606ronquavious tabo|cause its common\n|c|\u2606ronquavious tabo|lol\n|\n|switch|p1a: Sir Arcy|Jirachi|100\/100\n|turn|23\n|c|\u2606Kaylss|zap still doesnt take a lot from that\n|\n|move|p2a: Greninja|Dark Pulse|p1a: Sir Arcy\n|-supereffective|p1a: Sir Arcy\n|-damage|p1a: Sir Arcy|38\/100\n|move|p1a: Sir Arcy|Iron Head|p2a: Greninja\n|-resisted|p2a: Greninja\n|-damage|p2a: Greninja|78\/100\n|\n|upkeep\n|turn|24\n|c|\u2606ronquavious tabo|he takes like 45\n|c|\u2606ronquavious tabo|same as quag usually\n|\n|move|p2a: Greninja|Dark Pulse|p1a: Sir Arcy\n|-supereffective|p1a: Sir Arcy\n|-damage|p1a: Sir Arcy|0 fnt\n|faint|p1a: Sir Arcy\n|\n|win|Kaylss\n|raw|ronquavious tabo's rating: 1653 &rarr; <strong>1631<\/strong><br \/>(-22 for losing)\n|raw|Kaylss's rating: 1609 &rarr; <strong>1632<\/strong><br \/>(+23 for winning)\n|l|\u2606ronquavious tabo\n|c|\u2606Kaylss|then throw on a helmet tangrowth over the random zam\n|l|+Jordy\n|c|\u2606Kaylss|\/log Kaylss made this room public.\n","uploadtime":1544465291,"views":18,"p1id":"ronquavioustabo","p2id":"kaylss","formatid":"gen7ou","rating":1631,"private":0,"password":null}