{"id":"gen7ou-996130501","p1":"Dragonzord 6","p2":"SMxVale","format":"gen7ou","log":"|j|\u2606Dragonzord 6\n|j|\u2606SMxVale\n|player|p1|Dragonzord 6|galacticgrunt|1703\n|player|p2|SMxVale|151|1796\n|teamsize|p1|6\n|teamsize|p2|6\n|gametype|singles\n|gen|7\n|tier|[Gen 7] OU\n|rated|\n|rule|Sleep Clause Mod: Limit one foe put to sleep\n|rule|Species Clause: Limit one of each Pok\u00e9mon\n|rule|OHKO Clause: OHKO moves are banned\n|rule|Moody Clause: Moody is banned\n|rule|Evasion Moves Clause: Evasion moves are banned\n|rule|Endless Battle Clause: Forcing endless battles is banned\n|rule|HP Percentage Mod: HP is shown in percentages\n|clearpoke\n|poke|p1|Pelipper, M|item\n|poke|p1|Kingdra, M|item\n|poke|p1|Swampert, M|item\n|poke|p1|Ferrothorn, M|item\n|poke|p1|Chesnaught, M|item\n|poke|p1|Azumarill, M|item\n|poke|p2|Jirachi|item\n|poke|p2|Tapu Lele|item\n|poke|p2|Serperior, M|item\n|poke|p2|Mawile, F|item\n|poke|p2|Landorus-Therian, M|item\n|poke|p2|Keldeo-Resolute|item\n|teampreview\n|j| Madpath Moth\n|\n|start\n|switch|p1a: Pelipper|Pelipper, M, shiny|100\/100\n|switch|p2a: Mawile|Mawile, F|100\/100\n|-ability|p2a: Mawile|Intimidate|boost\n|-unboost|p1a: Pelipper|atk|1\n|-weather|RainDance|[from] ability: Drizzle|[of] p1a: Pelipper\n|turn|1\n|inactive|Battle timer is ON: inactive players will automatically lose when time's up. (requested by SMxVale)\n|\n|detailschange|p2a: Mawile|Mawile-Mega, F\n|-mega|p2a: Mawile|Mawile|Mawilite\n|move|p2a: Mawile|Play Rough|p1a: Pelipper|[miss]\n|-miss|p2a: Mawile|p1a: Pelipper\n|move|p1a: Pelipper|U-turn|p2a: Mawile\n|-resisted|p2a: Mawile\n|-damage|p2a: Mawile|99\/100\n|\n|switch|p1a: Kingdra|Kingdra, M, shiny|100\/100|[from]move: U-turn\n|\n|-weather|RainDance|[upkeep]\n|upkeep\n|turn|2\n|inactive|SMxVale has 120 seconds left.\n|\n|switch|p2a: Keldeo|Keldeo-Resolute|100\/100\n|move|p1a: Kingdra|Surf|p2a: Keldeo\n|-resisted|p2a: Keldeo\n|-damage|p2a: Keldeo|47\/100\n|\n|-weather|RainDance|[upkeep]\n|upkeep\n|turn|3\n|\n|move|p1a: Kingdra|Surf|p2a: Keldeo\n|-resisted|p2a: Keldeo\n|-damage|p2a: Keldeo|0 fnt\n|faint|p2a: Keldeo\n|\n|-weather|RainDance|[upkeep]\n|upkeep\n|\n|switch|p2a: Jirachi|Jirachi|100\/100\n|turn|4\n|\n|move|p1a: Kingdra|Surf|p2a: Jirachi\n|-crit|p2a: Jirachi\n|-damage|p2a: Jirachi|7\/100\n|move|p2a: Jirachi|Thunder Wave|p1a: Kingdra\n|-status|p1a: Kingdra|par\n|\n|-weather|RainDance|[upkeep]\n|-heal|p2a: Jirachi|14\/100|[from] item: Leftovers\n|upkeep\n|turn|5\n|\n|move|p1a: Kingdra|Surf|p2a: Jirachi\n|-damage|p2a: Jirachi|0 fnt\n|faint|p2a: Jirachi\n|\n|-weather|RainDance|[upkeep]\n|upkeep\n|\n|switch|p2a: Serperior|Serperior, M|100\/100\n|turn|6\n|\n|move|p2a: Serperior|Leaf Storm|p1a: Kingdra\n|-damage|p1a: Kingdra|47\/100 par\n|-boost|p2a: Serperior|spa|2\n|move|p1a: Kingdra|Surf|p2a: Serperior\n|-resisted|p2a: Serperior\n|-damage|p2a: Serperior|43\/100\n|\n|-weather|RainDance|[upkeep]\n|upkeep\n|turn|7\n|\n|move|p2a: Serperior|Leaf Storm|p1a: Kingdra\n|-damage|p1a: Kingdra|0 fnt\n|-boost|p2a: Serperior|spa|2\n|faint|p1a: Kingdra\n|\n|-weather|RainDance|[upkeep]\n|upkeep\n|\n|switch|p1a: Ferrothorn|Ferrothorn, M, shiny|100\/100\n|turn|8\n|\n|move|p2a: Serperior|Leaf Storm|p1a: Ferrothorn\n|-resisted|p1a: Ferrothorn\n|-damage|p1a: Ferrothorn|73\/100\n|-boost|p2a: Serperior|spa|2\n|move|p1a: Ferrothorn|Gyro Ball|p2a: Serperior\n|-damage|p2a: Serperior|0 fnt\n|faint|p2a: Serperior\n|\n|-weather|none\n|upkeep\n|\n|switch|p2a: Mawile|Mawile-Mega, F|99\/100\n|turn|9\n|j| Parrot67\n|\n|move|p2a: Mawile|Fire Fang|p1a: Ferrothorn\n|-supereffective|p1a: Ferrothorn\n|-damage|p1a: Ferrothorn|0 fnt\n|-damage|p2a: Mawile|87\/100|[from] ability: Iron Barbs|[of] p1a: Ferrothorn\n|faint|p1a: Ferrothorn\n|\n|upkeep\n|l| Parrot67\n|\n|switch|p1a: Pelipper|Pelipper, M, shiny|100\/100\n|-weather|RainDance|[from] ability: Drizzle|[of] p1a: Pelipper\n|turn|10\n|\n|move|p2a: Mawile|Thunder Punch|p1a: Pelipper\n|-supereffective|p1a: Pelipper\n|-damage|p1a: Pelipper|0 fnt\n|faint|p1a: Pelipper\n|\n|-weather|RainDance|[upkeep]\n|upkeep\n|\n|switch|p1a: Swampert|Swampert, M, shiny|100\/100\n|turn|11\n|\n|switch|p2a: Landorus|Landorus-Therian, M|100\/100\n|-ability|p2a: Landorus|Intimidate|boost\n|-unboost|p1a: Swampert|atk|1\n|detailschange|p1a: Swampert|Swampert-Mega, M, shiny\n|-mega|p1a: Swampert|Swampert|Swampertite\n|move|p1a: Swampert|Waterfall|p2a: Landorus\n|-supereffective|p2a: Landorus\n|-damage|p2a: Landorus|26\/100\n|-damage|p1a: Swampert|84\/100|[from] item: Rocky Helmet|[of] p2a: Landorus\n|\n|-weather|RainDance|[upkeep]\n|upkeep\n|turn|12\n|\n|move|p1a: Swampert|Waterfall|p2a: Landorus\n|-supereffective|p2a: Landorus\n|-damage|p2a: Landorus|0 fnt\n|-damage|p1a: Swampert|68\/100|[from] item: Rocky Helmet|[of] p2a: Landorus\n|faint|p2a: Landorus\n|\n|-weather|RainDance|[upkeep]\n|upkeep\n|j| sjdfbshbxcv\n|inactive|SMxVale has 120 seconds left.\n|l| sjdfbshbxcv\n|\n|switch|p2a: Tapu Lele|Tapu Lele|100\/100\n|-fieldstart|move: Psychic Terrain|[from] ability: Psychic Surge|[of] p2a: Tapu Lele\n|turn|13\n|\n|switch|p1a: Chesnaught|Chesnaught, M, shiny|100\/100\n|move|p2a: Tapu Lele|Psychic|p1a: Chesnaught\n|-supereffective|p1a: Chesnaught\n|-damage|p1a: Chesnaught|0 fnt\n|faint|p1a: Chesnaught\n|\n|-weather|RainDance|[upkeep]\n|upkeep\n|j| Frustrated Fish\n|j| Pacobace Patom\n|\n|switch|p1a: Swampert|Swampert-Mega, M, shiny|68\/100\n|turn|14\n|\n|move|p1a: Swampert|Waterfall|p2a: Tapu Lele\n|-damage|p2a: Tapu Lele|0 fnt\n|faint|p2a: Tapu Lele\n|\n|-weather|RainDance|[upkeep]\n|upkeep\n|\n|switch|p2a: Mawile|Mawile-Mega, F|87\/100\n|turn|15\n|\n|move|p2a: Mawile|Sucker Punch|p1a: Swampert\n|-activate|p1a: Swampert|move: Psychic Terrain\n|move|p1a: Swampert|Earthquake|p2a: Mawile\n|-supereffective|p2a: Mawile\n|-damage|p2a: Mawile|0 fnt\n|faint|p2a: Mawile\n|\n|win|Dragonzord 6\n|l|\u2606SMxVale\n|l| Frustrated Fish\n|c|\u2606Dragonzord 6|gg\n|l| Madpath Moth\n|raw|Dragonzord 6's rating: 1703 &rarr; <strong>1728<\/strong><br \/>(+25 for winning)\n|raw|SMxVale's rating: 1796 &rarr; <strong>1771<\/strong><br \/>(-25 for losing)\n","uploadtime":1571667369,"views":9,"p1id":"dragonzord6","p2id":"smxvale","formatid":"gen7ou","rating":1728,"private":0,"password":null}