{"id":"gen7ou-737971305","p1":"Ohmboy Tesla","p2":"Sl0udy","format":"gen7ou","log":"|j|\u2606Ohmboy Tesla\n|j|\u2606Sl0udy\n|player|p1|Ohmboy Tesla|136\n|player|p2|Sl0udy|293\n|teamsize|p1|6\n|teamsize|p2|6\n|gametype|singles\n|gen|7\n|tier|[Gen 7] OU\n|rated|\n|rule|Sleep Clause Mod: Limit one foe put to sleep\n|rule|Species Clause: Limit one of each Pok\u00e9mon\n|rule|OHKO Clause: OHKO moves are banned\n|rule|Moody Clause: Moody is banned\n|rule|Evasion Moves Clause: Evasion moves are banned\n|rule|Endless Battle Clause: Forcing endless battles is banned\n|rule|HP Percentage Mod: HP is shown in percentages\n|clearpoke\n|poke|p1|Diancie|item\n|poke|p1|Volcarona, M|item\n|poke|p1|Rotom-Wash|item\n|poke|p1|Tapu Bulu|item\n|poke|p1|Landorus-Therian, M|item\n|poke|p1|Toxapex, M|item\n|poke|p2|Ninetales-Alola, M|item\n|poke|p2|Zygarde|item\n|poke|p2|Magearna|item\n|poke|p2|Manaphy|item\n|poke|p2|Landorus-Therian, M|item\n|poke|p2|Alakazam, M|item\n|teampreview\n|j| AgentxNihal\n|\n|start\n|switch|p1a: Carbink-EX|Diancie|100\/100\n|switch|p2a: Manaphy|Manaphy|100\/100\n|turn|1\n|\n|switch|p1a: Boy Fort|Toxapex, M|100\/100\n|move|p2a: Manaphy|Surf|p1a: Boy Fort\n|-resisted|p1a: Boy Fort\n|-damage|p1a: Boy Fort|88\/100\n|\n|-heal|p1a: Boy Fort|94\/100|[from] item: Black Sludge\n|upkeep\n|turn|2\n|\n|move|p2a: Manaphy|Tail Glow|p2a: Manaphy\n|-boost|p2a: Manaphy|spa|3\n|move|p1a: Boy Fort|Toxic Spikes|p2a: Manaphy\n|-sidestart|p2: Sl0udy|move: Toxic Spikes\n|\n|-heal|p1a: Boy Fort|99\/100|[from] item: Black Sludge\n|upkeep\n|turn|3\n|\n|move|p2a: Manaphy|Tail Glow|p2a: Manaphy\n|-boost|p2a: Manaphy|spa|3\n|move|p1a: Boy Fort|Haze|p1a: Boy Fort\n|-clearallboost\n|\n|-heal|p1a: Boy Fort|100\/100|[from] item: Black Sludge\n|upkeep\n|turn|4\n|\n|move|p2a: Manaphy|Psychic|p1a: Boy Fort\n|-supereffective|p1a: Boy Fort\n|-damage|p1a: Boy Fort|70\/100\n|-unboost|p1a: Boy Fort|spd|1\n|move|p1a: Boy Fort|Haze|p1a: Boy Fort\n|-clearallboost\n|\n|-heal|p1a: Boy Fort|76\/100|[from] item: Black Sludge\n|upkeep\n|turn|5\n|\n|move|p2a: Manaphy|Tail Glow|p2a: Manaphy\n|-boost|p2a: Manaphy|spa|3\n|move|p1a: Boy Fort|Haze|p1a: Boy Fort\n|-clearallboost\n|\n|-heal|p1a: Boy Fort|82\/100|[from] item: Black Sludge\n|upkeep\n|turn|6\n|\n|move|p2a: Manaphy|Tail Glow|p2a: Manaphy\n|-boost|p2a: Manaphy|spa|3\n|move|p1a: Boy Fort|Haze|p1a: Boy Fort\n|-clearallboost\n|\n|-heal|p1a: Boy Fort|88\/100|[from] item: Black Sludge\n|upkeep\n|turn|7\n|\n|move|p2a: Manaphy|Psychic|p1a: Boy Fort\n|-supereffective|p1a: Boy Fort\n|-damage|p1a: Boy Fort|57\/100\n|move|p1a: Boy Fort|Haze|p1a: Boy Fort\n|-clearallboost\n|\n|-heal|p1a: Boy Fort|63\/100|[from] item: Black Sludge\n|upkeep\n|turn|8\n|\n|move|p2a: Manaphy|Psychic|p1a: Boy Fort\n|-supereffective|p1a: Boy Fort\n|-damage|p1a: Boy Fort|30\/100\n|move|p1a: Boy Fort|Recover|p1a: Boy Fort\n|-heal|p1a: Boy Fort|80\/100\n|\n|-heal|p1a: Boy Fort|86\/100|[from] item: Black Sludge\n|upkeep\n|turn|9\n|\n|move|p2a: Manaphy|Psychic|p1a: Boy Fort\n|-supereffective|p1a: Boy Fort\n|-damage|p1a: Boy Fort|51\/100\n|move|p1a: Boy Fort|Haze|p1a: Boy Fort\n|-clearallboost\n|\n|-heal|p1a: Boy Fort|58\/100|[from] item: Black Sludge\n|upkeep\n|turn|10\n|j| do you like van \u6e38\u620f\n|\n|move|p2a: Manaphy|Tail Glow|p2a: Manaphy\n|-boost|p2a: Manaphy|spa|3\n|move|p1a: Boy Fort|Haze|p1a: Boy Fort\n|-clearallboost\n|\n|-heal|p1a: Boy Fort|64\/100|[from] item: Black Sludge\n|upkeep\n|turn|11\n|\n|move|p2a: Manaphy|Tail Glow|p2a: Manaphy\n|-boost|p2a: Manaphy|spa|3\n|move|p1a: Boy Fort|Recover|p1a: Boy Fort\n|-heal|p1a: Boy Fort|100\/100\n|\n|upkeep\n|turn|12\n|\n|move|p2a: Manaphy|Psychic|p1a: Boy Fort\n|-supereffective|p1a: Boy Fort\n|-damage|p1a: Boy Fort|16\/100\n|move|p1a: Boy Fort|Haze|p1a: Boy Fort\n|-clearallboost\n|\n|-heal|p1a: Boy Fort|22\/100|[from] item: Black Sludge\n|upkeep\n|turn|13\n|j| Dragnoitw2\n|\n|switch|p1a: Top Bull|Tapu Bulu|100\/100\n|-fieldstart|move: Grassy Terrain|[from] ability: Grassy Surge|[of] p1a: Top Bull\n|move|p2a: Manaphy|Tail Glow|p2a: Manaphy\n|-boost|p2a: Manaphy|spa|3\n|\n|upkeep\n|turn|14\n|\n|move|p2a: Manaphy|Psychic|p1a: Top Bull\n|-damage|p1a: Top Bull|50\/100\n|move|p1a: Top Bull|Horn Leech|p2a: Manaphy\n|-supereffective|p2a: Manaphy\n|-damage|p2a: Manaphy|0 fnt\n|-heal|p1a: Top Bull|100\/100|[from] drain|[of] p2a: Manaphy\n|faint|p2a: Manaphy\n|\n|upkeep\n|\n|switch|p2a: Landorus|Landorus-Therian, M|100\/100\n|-ability|p2a: Landorus|Intimidate|boost\n|-unboost|p1a: Top Bull|atk|1\n|turn|15\n|\n|switch|p1a: scRotom-Wash|Rotom-Wash|100\/100\n|move|p2a: Landorus|Stealth Rock|p1a: scRotom-Wash\n|-sidestart|p1: Ohmboy Tesla|move: Stealth Rock\n|\n|upkeep\n|turn|16\n|\n|move|p2a: Landorus|Explosion|p1a: scRotom-Wash\n|-damage|p1a: scRotom-Wash|29\/100\n|faint|p2a: Landorus\n|move|p1a: scRotom-Wash|Will-O-Wisp|p2: Landorus|[notarget]\n|-notarget\n|\n|-heal|p1a: scRotom-Wash|35\/100|[from] item: Leftovers\n|upkeep\n|\n|switch|p2a: Ninetales|Ninetales-Alola, M|100\/100\n|-status|p2a: Ninetales|psn\n|-weather|Hail|[from] ability: Snow Warning|[of] p2a: Ninetales\n|turn|17\n|\n|switch|p1a: Boy Fort|Toxapex, M|55\/100\n|-damage|p1a: Boy Fort|43\/100|[from] Stealth Rock\n|move|p2a: Ninetales|Aurora Veil|p2a: Ninetales\n|-sidestart|p2: Sl0udy|move: Aurora Veil\n|\n|-weather|Hail|[upkeep]\n|-damage|p1a: Boy Fort|36\/100|[from] Hail\n|-heal|p1a: Boy Fort|43\/100|[from] item: Black Sludge\n|-heal|p1a: Boy Fort|49\/100|[from] Grassy Terrain\n|-fieldend|move: Grassy Terrain\n|-damage|p2a: Ninetales|88\/100 psn|[from] psn\n|upkeep\n|turn|18\n|\n|switch|p1a: Carbink-EX|Diancie|100\/100\n|-damage|p1a: Carbink-EX|88\/100|[from] Stealth Rock\n|move|p2a: Ninetales|Hypnosis|p1a: Carbink-EX|[miss]\n|-miss|p2a: Ninetales|p1a: Carbink-EX\n|\n|-weather|Hail|[upkeep]\n|-damage|p1a: Carbink-EX|82\/100|[from] Hail\n|-damage|p2a: Ninetales|76\/100 psn|[from] psn\n|upkeep\n|turn|19\n|\n|-mega|p1a: Carbink-EX|Diancie|Diancite\n|detailschange|p1a: Carbink-EX|Diancie-Mega\n|move|p1a: Carbink-EX|Diamond Storm|p2a: Ninetales\n|-supereffective|p2a: Ninetales\n|-damage|p2a: Ninetales|15\/100 psn\n|move|p2a: Ninetales|Blizzard|p1a: Carbink-EX\n|-crit|p1a: Carbink-EX\n|-damage|p1a: Carbink-EX|17\/100\n|\n|-weather|Hail|[upkeep]\n|-damage|p1a: Carbink-EX|11\/100|[from] Hail\n|-damage|p2a: Ninetales|2\/100 psn|[from] psn\n|upkeep\n|turn|20\n|j| toothchipper\n|\n|move|p1a: Carbink-EX|Moonblast|p2a: Ninetales\n|-damage|p2a: Ninetales|0 fnt\n|faint|p2a: Ninetales\n|\n|-weather|Hail|[upkeep]\n|-damage|p1a: Carbink-EX|5\/100|[from] Hail\n|upkeep\n|l| toothchipper\n|\n|switch|p2a: Magearna|Magearna|100\/100\n|turn|21\n|\n|move|p1a: Carbink-EX|Earth Power|p2a: Magearna\n|-supereffective|p2a: Magearna\n|-damage|p2a: Magearna|66\/100\n|move|p2a: Magearna|Shift Gear|p2a: Magearna\n|-boost|p2a: Magearna|spe|2\n|-boost|p2a: Magearna|atk|1\n|\n|-weather|none\n|-heal|p2a: Magearna|72\/100|[from] item: Leftovers\n|upkeep\n|turn|22\n|\n|move|p2a: Magearna|Calm Mind|p2a: Magearna\n|-boost|p2a: Magearna|spa|1\n|-boost|p2a: Magearna|spd|1\n|move|p1a: Carbink-EX|Earth Power|p2a: Magearna\n|-supereffective|p2a: Magearna\n|-damage|p2a: Magearna|49\/100\n|\n|-heal|p2a: Magearna|55\/100|[from] item: Leftovers\n|upkeep\n|turn|23\n|\n|move|p2a: Magearna|Calm Mind|p2a: Magearna\n|-boost|p2a: Magearna|spa|1\n|-boost|p2a: Magearna|spd|1\n|move|p1a: Carbink-EX|Earth Power|p2a: Magearna\n|-supereffective|p2a: Magearna\n|-damage|p2a: Magearna|37\/100\n|\n|-heal|p2a: Magearna|43\/100|[from] item: Leftovers\n|upkeep\n|turn|24\n|\n|move|p2a: Magearna|Calm Mind|p2a: Magearna\n|-boost|p2a: Magearna|spa|1\n|-boost|p2a: Magearna|spd|1\n|move|p1a: Carbink-EX|Earth Power|p2a: Magearna\n|-supereffective|p2a: Magearna\n|-damage|p2a: Magearna|27\/100\n|\n|-heal|p2a: Magearna|33\/100|[from] item: Leftovers\n|-sideend|p2: Sl0udy|move: Aurora Veil\n|upkeep\n|turn|25\n|\n|move|p2a: Magearna|Ice Beam|p1a: Carbink-EX\n|-damage|p1a: Carbink-EX|0 fnt\n|faint|p1a: Carbink-EX\n|-ability|p2a: Magearna|Soul-Heart|boost\n|-boost|p2a: Magearna|spa|1\n|\n|-heal|p2a: Magearna|39\/100|[from] item: Leftovers\n|upkeep\n|\n|switch|p1a: Boy Fort|Toxapex, M|82\/100\n|-damage|p1a: Boy Fort|70\/100|[from] Stealth Rock\n|turn|26\n|\n|move|p2a: Magearna|Thunderbolt|p1a: Boy Fort\n|-supereffective|p1a: Boy Fort\n|-damage|p1a: Boy Fort|0 fnt\n|faint|p1a: Boy Fort\n|-ability|p2a: Magearna|Soul-Heart|boost\n|-boost|p2a: Magearna|spa|1\n|\n|-heal|p2a: Magearna|45\/100|[from] item: Leftovers\n|upkeep\n|\n|switch|p1a: Top Bull|Tapu Bulu|100\/100\n|-damage|p1a: Top Bull|88\/100|[from] Stealth Rock\n|-fieldstart|move: Grassy Terrain|[from] ability: Grassy Surge|[of] p1a: Top Bull\n|turn|27\n|\n|move|p2a: Magearna|Ice Beam|p1a: Top Bull\n|-supereffective|p1a: Top Bull\n|-damage|p1a: Top Bull|0 fnt\n|faint|p1a: Top Bull\n|-ability|p2a: Magearna|Soul-Heart|boost\n|-boost|p2a: Magearna|spa|1\n|\n|-heal|p2a: Magearna|51\/100|[from] item: Leftovers\n|-heal|p2a: Magearna|57\/100|[from] Grassy Terrain\n|upkeep\n|\n|switch|p1a: Atlas|Volcarona, M|100\/100\n|-damage|p1a: Atlas|51\/100|[from] Stealth Rock\n|turn|28\n|\n|move|p2a: Magearna|Thunderbolt|p1a: Atlas\n|-damage|p1a: Atlas|0 fnt\n|faint|p1a: Atlas\n|\n|-heal|p2a: Magearna|63\/100|[from] item: Leftovers\n|-heal|p2a: Magearna|69\/100|[from] Grassy Terrain\n|upkeep\n|\n|switch|p1a: Flooffy Paws|Landorus-Therian, M|100\/100\n|-damage|p1a: Flooffy Paws|88\/100|[from] Stealth Rock\n|-ability|p1a: Flooffy Paws|Intimidate|boost\n|-unboost|p2a: Magearna|atk|1\n|turn|29\n|\n|move|p2a: Magearna|Ice Beam|p1a: Flooffy Paws\n|-supereffective|p1a: Flooffy Paws\n|-damage|p1a: Flooffy Paws|0 fnt\n|faint|p1a: Flooffy Paws\n|\n|-heal|p2a: Magearna|75\/100|[from] item: Leftovers\n|-heal|p2a: Magearna|81\/100|[from] Grassy Terrain\n|upkeep\n|\n|switch|p1a: scRotom-Wash|Rotom-Wash|35\/100\n|-damage|p1a: scRotom-Wash|23\/100|[from] Stealth Rock\n|turn|30\n|\n|move|p2a: Magearna|Thunderbolt|p1a: scRotom-Wash\n|-damage|p1a: scRotom-Wash|0 fnt\n|faint|p1a: scRotom-Wash\n|\n|win|Sl0udy\n|raw|Ohmboy Tesla's rating: 1734 &rarr; <strong>1717<\/strong><br \/>(-17 for losing)\n|raw|Sl0udy's rating: 1802 &rarr; <strong>1818<\/strong><br \/>(+16 for winning)\n","inputlog":null,"uploadtime":1524661997,"views":8,"p1id":"ohmboytesla","p2id":"sl0udy","formatid":"gen7ou","rating":1717,"private":0,"password":null}