{"id":"gen7uu-863099178","p1":"worstsetsever","p2":"USMRW9 AltCtrPlay","format":"gen7uu","log":"|j|\u2606worstsetsever\n|j|\u2606USMRW9 AltCtrPlay\n|player|p1|worstsetsever|1\n|player|p2|USMRW9 AltCtrPlay|teamrocket\n|teamsize|p1|6\n|teamsize|p2|6\n|gametype|singles\n|gen|7\n|tier|[Gen 7] UU\n|rated|\n|rule|Sleep Clause Mod: Limit one foe put to sleep\n|rule|Species Clause: Limit one of each Pok\u00e9mon\n|rule|OHKO Clause: OHKO moves are banned\n|rule|Moody Clause: Moody is banned\n|rule|Evasion Moves Clause: Evasion moves are banned\n|rule|Endless Battle Clause: Forcing endless battles is banned\n|rule|HP Percentage Mod: HP is shown in percentages\n|clearpoke\n|poke|p1|Chesnaught, M|item\n|poke|p1|Steelix, F|item\n|poke|p1|Sylveon, F|item\n|poke|p1|Hydreigon, F|item\n|poke|p1|Rotom-Heat|item\n|poke|p1|Slowbro, F|item\n|poke|p2|Altaria, F|item\n|poke|p2|Magneton|item\n|poke|p2|Bronzong|item\n|poke|p2|Chesnaught, F|item\n|poke|p2|Nidoking, M|item\n|poke|p2|Tentacruel, F|item\n|teampreview\n|inactive|Battle timer is ON: inactive players will automatically lose when time's up. (requested by USMRW9 AltCtrPlay)\n|\n|start\n|switch|p1a: Hydreigon|Hydreigon, F|100\/100\n|switch|p2a: Altaria|Altaria, F|100\/100\n|turn|1\n|\n|detailschange|p2a: Altaria|Altaria-Mega, F\n|-mega|p2a: Altaria|Altaria|Altarianite\n|-zpower|p1a: Hydreigon\n|move|p1a: Hydreigon|Acid Downpour|p2a: Altaria|[zeffect]\n|-supereffective|p2a: Altaria\n|-damage|p2a: Altaria|0 fnt\n|faint|p2a: Altaria\n|\n|upkeep\n|\n|switch|p2a: Tentacruel|Tentacruel, F|100\/100\n|turn|2\n|\n|move|p1a: Hydreigon|Dark Pulse|p2a: Tentacruel\n|-damage|p2a: Tentacruel|70\/100\n|cant|p2a: Tentacruel|flinch\n|\n|-heal|p2a: Tentacruel|76\/100|[from] item: Black Sludge\n|upkeep\n|turn|3\n|\n|move|p1a: Hydreigon|Dark Pulse|p2a: Tentacruel\n|-damage|p2a: Tentacruel|46\/100\n|move|p2a: Tentacruel|Sludge Bomb|p1a: Hydreigon\n|-damage|p1a: Hydreigon|69\/100\n|-status|p1a: Hydreigon|psn\n|\n|-heal|p2a: Tentacruel|52\/100|[from] item: Black Sludge\n|-damage|p1a: Hydreigon|57\/100 psn|[from] psn\n|upkeep\n|turn|4\n|\n|switch|p1a: Steelix|Steelix, F|100\/100\n|move|p2a: Tentacruel|Sludge Bomb|p1a: Steelix\n|-immune|p1a: Steelix\n|\n|-heal|p2a: Tentacruel|58\/100|[from] item: Black Sludge\n|upkeep\n|turn|5\n|\n|switch|p2a: Bronzong|Bronzong|100\/100\n|detailschange|p1a: Steelix|Steelix-Mega, F\n|-mega|p1a: Steelix|Steelix|Steelixite\n|move|p1a: Steelix|Earthquake|p2a: Bronzong\n|-immune|p2a: Bronzong|[from] ability: Levitate\n|\n|upkeep\n|turn|6\n|\n|switch|p1a: Rotom|Rotom-Heat|100\/100\n|move|p2a: Bronzong|Stealth Rock|p1a: Rotom\n|-sidestart|p1: worstsetsever|move: Stealth Rock\n|\n|upkeep\n|turn|7\n|\n|move|p1a: Rotom|Defog|p2a: Bronzong\n|-unboost|p2a: Bronzong|evasion|1\n|-sideend|p1: worstsetsever|Stealth Rock|[from] move: Defog|[of] p1a: Rotom\n|move|p2a: Bronzong|Toxic|p1a: Rotom\n|-status|p1a: Rotom|tox\n|\n|-damage|p1a: Rotom|95\/100 tox|[from] psn\n|upkeep\n|turn|8\n|\n|move|p1a: Rotom|Overheat|p2a: Bronzong\n|-supereffective|p2a: Bronzong\n|-damage|p2a: Bronzong|40\/100\n|-unboost|p1a: Rotom|spa|2\n|move|p2a: Bronzong|Stealth Rock|p1a: Rotom\n|-sidestart|p1: worstsetsever|move: Stealth Rock\n|\n|-heal|p2a: Bronzong|46\/100|[from] item: Leftovers\n|-damage|p1a: Rotom|83\/100 tox|[from] psn\n|upkeep\n|turn|9\n|\n|switch|p1a: Hydreigon|Hydreigon, F|57\/100 psn\n|-damage|p1a: Hydreigon|44\/100 psn|[from] Stealth Rock\n|move|p2a: Bronzong|Gyro Ball|p1a: Hydreigon\n|-damage|p1a: Hydreigon|2\/100 psn\n|\n|-heal|p2a: Bronzong|52\/100|[from] item: Leftovers\n|-damage|p1a: Hydreigon|0 fnt|[from] psn\n|faint|p1a: Hydreigon\n|upkeep\n|\n|switch|p1a: Rotom|Rotom-Heat|83\/100 tox\n|-damage|p1a: Rotom|58\/100 tox|[from] Stealth Rock\n|turn|10\n|\n|switch|p2a: Tentacruel|Tentacruel, F|58\/100\n|move|p1a: Rotom|Overheat|p2a: Tentacruel\n|-resisted|p2a: Tentacruel\n|-damage|p2a: Tentacruel|39\/100\n|-unboost|p1a: Rotom|spa|2\n|\n|-heal|p2a: Tentacruel|45\/100|[from] item: Black Sludge\n|-damage|p1a: Rotom|52\/100 tox|[from] psn\n|upkeep\n|turn|11\n|\n|switch|p1a: Slowbro|Slowbro, F|100\/100\n|-damage|p1a: Slowbro|88\/100|[from] Stealth Rock\n|move|p2a: Tentacruel|Scald|p1a: Slowbro\n|-resisted|p1a: Slowbro\n|-damage|p1a: Slowbro|78\/100\n|\n|-heal|p2a: Tentacruel|51\/100|[from] item: Black Sludge\n|-heal|p1a: Slowbro|84\/100|[from] item: Leftovers\n|upkeep\n|turn|12\n|\n|switch|p2a: Bronzong|Bronzong|52\/100\n|move|p1a: Slowbro|Scald|p2a: Bronzong\n|-damage|p2a: Bronzong|34\/100\n|\n|-heal|p1a: Slowbro|91\/100|[from] item: Leftovers\n|-heal|p2a: Bronzong|40\/100|[from] item: Leftovers\n|upkeep\n|turn|13\n|\n|move|p1a: Slowbro|Scald|p2a: Bronzong\n|-damage|p2a: Bronzong|21\/100\n|-status|p2a: Bronzong|brn\n|move|p2a: Bronzong|Psywave|p1a: Slowbro\n|-damage|p1a: Slowbro|54\/100\n|\n|-heal|p1a: Slowbro|61\/100|[from] item: Leftovers\n|-heal|p2a: Bronzong|27\/100 brn|[from] item: Leftovers\n|-damage|p2a: Bronzong|21\/100 brn|[from] brn\n|upkeep\n|turn|14\n|\n|move|p1a: Slowbro|Scald|p2a: Bronzong\n|-crit|p2a: Bronzong\n|-damage|p2a: Bronzong|0 fnt\n|faint|p2a: Bronzong\n|\n|-heal|p1a: Slowbro|67\/100|[from] item: Leftovers\n|upkeep\n|\n|switch|p2a: Magneton|Magneton|100\/100\n|turn|15\n|\n|switch|p2a: Nidoking|Nidoking, M|100\/100\n|switch|p1a: Steelix|Steelix-Mega, F|100\/100\n|-damage|p1a: Steelix|97\/100|[from] Stealth Rock\n|\n|upkeep\n|turn|16\n|\n|move|p2a: Nidoking|Substitute|p2a: Nidoking\n|-start|p2a: Nidoking|Substitute\n|-damage|p2a: Nidoking|76\/100\n|move|p1a: Steelix|Earthquake|p2a: Nidoking\n|-supereffective|p2a: Nidoking\n|-end|p2a: Nidoking|Substitute\n|\n|upkeep\n|turn|17\n|\n|move|p2a: Nidoking|Earth Power|p1a: Steelix\n|-supereffective|p1a: Steelix\n|-damage|p1a: Steelix|13\/100\n|move|p1a: Steelix|Earthquake|p2a: Nidoking\n|-supereffective|p2a: Nidoking\n|-damage|p2a: Nidoking|0 fnt\n|faint|p2a: Nidoking\n|\n|upkeep\n|\n|switch|p2a: Tentacruel|Tentacruel, F|51\/100\n|turn|18\n|\n|move|p2a: Tentacruel|Scald|p1a: Steelix\n|-supereffective|p1a: Steelix\n|-damage|p1a: Steelix|0 fnt\n|faint|p1a: Steelix\n|\n|-heal|p2a: Tentacruel|57\/100|[from] item: Black Sludge\n|upkeep\n|\n|switch|p1a: Slowbro|Slowbro, F|99\/100\n|-damage|p1a: Slowbro|88\/100|[from] Stealth Rock\n|turn|19\n|\n|move|p2a: Tentacruel|Sludge Bomb|p1a: Slowbro\n|-damage|p1a: Slowbro|66\/100\n|move|p1a: Slowbro|Scald|p2a: Tentacruel\n|-resisted|p2a: Tentacruel\n|-damage|p2a: Tentacruel|47\/100\n|\n|-heal|p2a: Tentacruel|53\/100|[from] item: Black Sludge\n|-heal|p1a: Slowbro|72\/100|[from] item: Leftovers\n|upkeep\n|turn|20\n|\n|move|p2a: Tentacruel|Sludge Bomb|p1a: Slowbro\n|-damage|p1a: Slowbro|48\/100\n|move|p1a: Slowbro|Scald|p2a: Tentacruel\n|-resisted|p2a: Tentacruel\n|-damage|p2a: Tentacruel|42\/100\n|\n|-heal|p2a: Tentacruel|48\/100|[from] item: Black Sludge\n|-heal|p1a: Slowbro|54\/100|[from] item: Leftovers\n|upkeep\n|turn|21\n|\n|move|p2a: Tentacruel|Sludge Bomb|p1a: Slowbro\n|-damage|p1a: Slowbro|34\/100\n|move|p1a: Slowbro|Block|p2a: Tentacruel\n|-activate|p2a: Tentacruel|trapped\n|\n|-heal|p2a: Tentacruel|54\/100|[from] item: Black Sludge\n|-heal|p1a: Slowbro|40\/100|[from] item: Leftovers\n|upkeep\n|turn|22\n|\n|move|p2a: Tentacruel|Sludge Bomb|p1a: Slowbro\n|-damage|p1a: Slowbro|16\/100\n|move|p1a: Slowbro|Rest|p1a: Slowbro\n|-status|p1a: Slowbro|slp\n|-heal|p1a: Slowbro|100\/100 slp|[silent]\n|-status|p1a: Slowbro|slp|[from] move: Rest\n|\n|-heal|p2a: Tentacruel|60\/100|[from] item: Black Sludge\n|upkeep\n|turn|23\n|\n|move|p2a: Tentacruel|Sludge Bomb|p1a: Slowbro\n|-damage|p1a: Slowbro|79\/100 slp\n|cant|p1a: Slowbro|slp\n|\n|-heal|p2a: Tentacruel|66\/100|[from] item: Black Sludge\n|-heal|p1a: Slowbro|85\/100 slp|[from] item: Leftovers\n|upkeep\n|turn|24\n|\n|move|p2a: Tentacruel|Sludge Bomb|p1a: Slowbro\n|-damage|p1a: Slowbro|63\/100 slp\n|cant|p1a: Slowbro|slp\n|\n|-heal|p2a: Tentacruel|72\/100|[from] item: Black Sludge\n|-heal|p1a: Slowbro|69\/100 slp|[from] item: Leftovers\n|upkeep\n|turn|25\n|\n|move|p2a: Tentacruel|Sludge Bomb|p1a: Slowbro\n|-damage|p1a: Slowbro|48\/100 slp\n|-curestatus|p1a: Slowbro|slp|[msg]\n|move|p1a: Slowbro|Scald|p2a: Tentacruel\n|-resisted|p2a: Tentacruel\n|-damage|p2a: Tentacruel|60\/100\n|\n|-heal|p2a: Tentacruel|66\/100|[from] item: Black Sludge\n|-heal|p1a: Slowbro|54\/100|[from] item: Leftovers\n|upkeep\n|turn|26\n|\n|move|p2a: Tentacruel|Sludge Bomb|p1a: Slowbro\n|-damage|p1a: Slowbro|32\/100\n|move|p1a: Slowbro|Scald|p2a: Tentacruel\n|-resisted|p2a: Tentacruel\n|-damage|p2a: Tentacruel|56\/100\n|\n|-heal|p2a: Tentacruel|62\/100|[from] item: Black Sludge\n|-heal|p1a: Slowbro|38\/100|[from] item: Leftovers\n|upkeep\n|turn|27\n|\n|move|p2a: Tentacruel|Sludge Bomb|p1a: Slowbro\n|-damage|p1a: Slowbro|15\/100\n|move|p1a: Slowbro|Rest|p1a: Slowbro\n|-status|p1a: Slowbro|slp\n|-heal|p1a: Slowbro|100\/100 slp|[silent]\n|-status|p1a: Slowbro|slp|[from] move: Rest\n|\n|-heal|p2a: Tentacruel|68\/100|[from] item: Black Sludge\n|upkeep\n|turn|28\n|\n|move|p2a: Tentacruel|Sludge Bomb|p1a: Slowbro\n|-damage|p1a: Slowbro|79\/100 slp\n|cant|p1a: Slowbro|slp\n|\n|-heal|p2a: Tentacruel|74\/100|[from] item: Black Sludge\n|-heal|p1a: Slowbro|85\/100 slp|[from] item: Leftovers\n|upkeep\n|turn|29\n|\n|move|p2a: Tentacruel|Sludge Bomb|p1a: Slowbro\n|-damage|p1a: Slowbro|65\/100 slp\n|cant|p1a: Slowbro|slp\n|\n|-heal|p2a: Tentacruel|80\/100|[from] item: Black Sludge\n|-heal|p1a: Slowbro|71\/100 slp|[from] item: Leftovers\n|upkeep\n|turn|30\n|\n|move|p2a: Tentacruel|Sludge Bomb|p1a: Slowbro\n|-damage|p1a: Slowbro|50\/100 slp\n|-curestatus|p1a: Slowbro|slp|[msg]\n|move|p1a: Slowbro|Scald|p2a: Tentacruel\n|-resisted|p2a: Tentacruel\n|-crit|p2a: Tentacruel\n|-damage|p2a: Tentacruel|63\/100\n|\n|-heal|p2a: Tentacruel|69\/100|[from] item: Black Sludge\n|-heal|p1a: Slowbro|56\/100|[from] item: Leftovers\n|upkeep\n|turn|31\n|\n|move|p2a: Tentacruel|Sludge Bomb|p1a: Slowbro\n|-damage|p1a: Slowbro|36\/100\n|move|p1a: Slowbro|Scald|p2a: Tentacruel\n|-resisted|p2a: Tentacruel\n|-damage|p2a: Tentacruel|58\/100\n|-status|p2a: Tentacruel|brn\n|\n|-heal|p2a: Tentacruel|64\/100 brn|[from] item: Black Sludge\n|-heal|p1a: Slowbro|42\/100|[from] item: Leftovers\n|-damage|p2a: Tentacruel|58\/100 brn|[from] brn\n|upkeep\n|turn|32\n|\n|move|p2a: Tentacruel|Sludge Bomb|p1a: Slowbro\n|-damage|p1a: Slowbro|18\/100\n|move|p1a: Slowbro|Rest|p1a: Slowbro\n|-status|p1a: Slowbro|slp\n|-heal|p1a: Slowbro|100\/100 slp|[silent]\n|-status|p1a: Slowbro|slp|[from] move: Rest\n|\n|-heal|p2a: Tentacruel|64\/100 brn|[from] item: Black Sludge\n|-damage|p2a: Tentacruel|58\/100 brn|[from] brn\n|upkeep\n|turn|33\n|\n|move|p2a: Tentacruel|Scald|p1a: Slowbro\n|-resisted|p1a: Slowbro\n|-damage|p1a: Slowbro|90\/100 slp\n|cant|p1a: Slowbro|slp\n|\n|-heal|p2a: Tentacruel|64\/100 brn|[from] item: Black Sludge\n|-heal|p1a: Slowbro|96\/100 slp|[from] item: Leftovers\n|-damage|p2a: Tentacruel|58\/100 brn|[from] brn\n|upkeep\n|turn|34\n|\n|move|p2a: Tentacruel|Scald|p1a: Slowbro\n|-resisted|p1a: Slowbro\n|-damage|p1a: Slowbro|87\/100 slp\n|cant|p1a: Slowbro|slp\n|\n|-heal|p2a: Tentacruel|64\/100 brn|[from] item: Black Sludge\n|-heal|p1a: Slowbro|93\/100 slp|[from] item: Leftovers\n|-damage|p2a: Tentacruel|58\/100 brn|[from] brn\n|upkeep\n|turn|35\n|\n|move|p2a: Tentacruel|Scald|p1a: Slowbro\n|-resisted|p1a: Slowbro\n|-damage|p1a: Slowbro|83\/100 slp\n|-curestatus|p1a: Slowbro|slp|[msg]\n|move|p1a: Slowbro|Scald|p2a: Tentacruel\n|-resisted|p2a: Tentacruel\n|-damage|p2a: Tentacruel|48\/100 brn\n|\n|-heal|p2a: Tentacruel|54\/100 brn|[from] item: Black Sludge\n|-heal|p1a: Slowbro|89\/100|[from] item: Leftovers\n|-damage|p2a: Tentacruel|48\/100 brn|[from] brn\n|upkeep\n|turn|36\n|\n|move|p2a: Tentacruel|Scald|p1a: Slowbro\n|-resisted|p1a: Slowbro\n|-damage|p1a: Slowbro|80\/100\n|move|p1a: Slowbro|Scald|p2a: Tentacruel\n|-resisted|p2a: Tentacruel\n|-damage|p2a: Tentacruel|38\/100 brn\n|\n|-heal|p2a: Tentacruel|44\/100 brn|[from] item: Black Sludge\n|-heal|p1a: Slowbro|86\/100|[from] item: Leftovers\n|-damage|p2a: Tentacruel|38\/100 brn|[from] brn\n|upkeep\n|turn|37\n|\n|move|p2a: Tentacruel|Scald|p1a: Slowbro\n|-resisted|p1a: Slowbro\n|-damage|p1a: Slowbro|76\/100\n|-status|p1a: Slowbro|brn\n|move|p1a: Slowbro|Scald|p2a: Tentacruel\n|-resisted|p2a: Tentacruel\n|-damage|p2a: Tentacruel|26\/100 brn\n|\n|-heal|p2a: Tentacruel|32\/100 brn|[from] item: Black Sludge\n|-heal|p1a: Slowbro|82\/100 brn|[from] item: Leftovers\n|-damage|p2a: Tentacruel|26\/100 brn|[from] brn\n|-damage|p1a: Slowbro|76\/100 brn|[from] brn\n|upkeep\n|turn|38\n|\n|move|p2a: Tentacruel|Scald|p1a: Slowbro\n|-resisted|p1a: Slowbro\n|-damage|p1a: Slowbro|67\/100 brn\n|move|p1a: Slowbro|Scald|p2a: Tentacruel\n|-resisted|p2a: Tentacruel\n|-damage|p2a: Tentacruel|14\/100 brn\n|\n|-heal|p2a: Tentacruel|20\/100 brn|[from] item: Black Sludge\n|-heal|p1a: Slowbro|73\/100 brn|[from] item: Leftovers\n|-damage|p2a: Tentacruel|14\/100 brn|[from] brn\n|-damage|p1a: Slowbro|67\/100 brn|[from] brn\n|upkeep\n|turn|39\n|\n|move|p2a: Tentacruel|Scald|p1a: Slowbro\n|-resisted|p1a: Slowbro\n|-damage|p1a: Slowbro|57\/100 brn\n|move|p1a: Slowbro|Scald|p2a: Tentacruel\n|-resisted|p2a: Tentacruel\n|-damage|p2a: Tentacruel|3\/100 brn\n|\n|-heal|p2a: Tentacruel|9\/100 brn|[from] item: Black Sludge\n|-heal|p1a: Slowbro|63\/100 brn|[from] item: Leftovers\n|-damage|p2a: Tentacruel|3\/100 brn|[from] brn\n|-damage|p1a: Slowbro|57\/100 brn|[from] brn\n|upkeep\n|turn|40\n|\n|move|p2a: Tentacruel|Scald|p1a: Slowbro\n|-resisted|p1a: Slowbro\n|-damage|p1a: Slowbro|48\/100 brn\n|move|p1a: Slowbro|Scald|p2a: Tentacruel\n|-resisted|p2a: Tentacruel\n|-damage|p2a: Tentacruel|0 fnt\n|faint|p2a: Tentacruel\n|\n|-heal|p1a: Slowbro|54\/100 brn|[from] item: Leftovers\n|-damage|p1a: Slowbro|48\/100 brn|[from] brn\n|upkeep\n|\n|switch|p2a: Magneton|Magneton|100\/100\n|turn|41\n|\n|move|p2a: Magneton|Volt Switch|p1a: Slowbro\n|-supereffective|p1a: Slowbro\n|-damage|p1a: Slowbro|0 fnt\n|faint|p1a: Slowbro\n|\n|switch|p2a: Chesnaught|Chesnaught, F|100\/100\n|\n|upkeep\n|\n|switch|p1a: Chesnaught|Chesnaught, M|100\/100\n|-damage|p1a: Chesnaught|94\/100|[from] Stealth Rock\n|turn|42\n|\n|move|p1a: Chesnaught|Drain Punch|p2a: Chesnaught\n|-damage|p2a: Chesnaught|85\/100\n|-heal|p1a: Chesnaught|100\/100|[from] drain|[of] p2a: Chesnaught\n|-enditem|p2a: Chesnaught|Eject Button\n|\n|switch|p2a: Magneton|Magneton|100\/100\n|\n|upkeep\n|turn|43\n|\n|switch|p2a: Chesnaught|Chesnaught, F|85\/100\n|move|p1a: Chesnaught|Drain Punch|p2a: Chesnaught\n|-damage|p2a: Chesnaught|69\/100\n|\n|upkeep\n|turn|44\n|\n|move|p1a: Chesnaught|Taunt|p2a: Chesnaught\n|-start|p2a: Chesnaught|move: Taunt\n|move|p2a: Chesnaught|Drain Punch|p1a: Chesnaught\n|-crit|p1a: Chesnaught\n|-damage|p1a: Chesnaught|72\/100\n|-heal|p2a: Chesnaught|84\/100|[from] drain|[of] p1a: Chesnaught\n|\n|-heal|p1a: Chesnaught|78\/100|[from] item: Leftovers\n|upkeep\n|turn|45\n|\n|move|p1a: Chesnaught|Drain Punch|p2a: Chesnaught\n|-damage|p2a: Chesnaught|69\/100\n|-heal|p1a: Chesnaught|85\/100|[from] drain|[of] p2a: Chesnaught\n|move|p2a: Chesnaught|Drain Punch|p1a: Chesnaught\n|-damage|p1a: Chesnaught|67\/100\n|-heal|p2a: Chesnaught|78\/100|[from] drain|[of] p1a: Chesnaught\n|\n|-heal|p1a: Chesnaught|73\/100|[from] item: Leftovers\n|upkeep\n|turn|46\n|\n|move|p1a: Chesnaught|Drain Punch|p2a: Chesnaught\n|-damage|p2a: Chesnaught|62\/100\n|-heal|p1a: Chesnaught|81\/100|[from] drain|[of] p2a: Chesnaught\n|move|p2a: Chesnaught|Drain Punch|p1a: Chesnaught\n|-damage|p1a: Chesnaught|64\/100\n|-heal|p2a: Chesnaught|71\/100|[from] drain|[of] p1a: Chesnaught\n|\n|-heal|p1a: Chesnaught|70\/100|[from] item: Leftovers\n|-end|p2a: Chesnaught|move: Taunt\n|upkeep\n|turn|47\n|\n|switch|p1a: Sylveon|Sylveon, F|100\/100\n|-damage|p1a: Sylveon|88\/100|[from] Stealth Rock\n|move|p2a: Chesnaught|Drain Punch|p1a: Sylveon\n|-resisted|p1a: Sylveon\n|-crit|p1a: Sylveon\n|-damage|p1a: Sylveon|71\/100\n|-heal|p2a: Chesnaught|80\/100|[from] drain|[of] p1a: Sylveon\n|\n|-heal|p1a: Sylveon|77\/100|[from] item: Leftovers\n|upkeep\n|turn|48\n|\n|switch|p2a: Magneton|Magneton|100\/100\n|move|p1a: Sylveon|Wish|p1a: Sylveon\n|\n|-heal|p1a: Sylveon|83\/100|[from] item: Leftovers\n|upkeep\n|turn|49\n|\n|move|p1a: Sylveon|Protect|p1a: Sylveon\n|-singleturn|p1a: Sylveon|Protect\n|-zpower|p2a: Magneton\n|move|p2a: Magneton|Gigavolt Havoc|p1a: Sylveon|[zeffect]\n|-zbroken|p1a: Sylveon\n|-damage|p1a: Sylveon|69\/100\n|\n|-heal|p1a: Sylveon|100\/100|[from] move: Wish|[wisher] Sylveon\n|upkeep\n|turn|50\n|j| B4b\n|\n|switch|p1a: Chesnaught|Chesnaught, M|70\/100\n|-damage|p1a: Chesnaught|64\/100|[from] Stealth Rock\n|move|p2a: Magneton|Flash Cannon|p1a: Chesnaught\n|-damage|p1a: Chesnaught|21\/100\n|\n|-heal|p1a: Chesnaught|27\/100|[from] item: Leftovers\n|upkeep\n|turn|51\n|\n|move|p2a: Magneton|Flash Cannon|p1a: Chesnaught\n|-damage|p1a: Chesnaught|0 fnt\n|faint|p1a: Chesnaught\n|\n|upkeep\n|\n|switch|p1a: Rotom|Rotom-Heat|52\/100 tox\n|-damage|p1a: Rotom|27\/100 tox|[from] Stealth Rock\n|turn|52\n|\n|switch|p2a: Chesnaught|Chesnaught, F|80\/100\n|move|p1a: Rotom|Overheat|p2a: Chesnaught\n|-supereffective|p2a: Chesnaught\n|-damage|p2a: Chesnaught|0 fnt\n|-unboost|p1a: Rotom|spa|2\n|faint|p2a: Chesnaught\n|\n|-damage|p1a: Rotom|21\/100 tox|[from] psn\n|upkeep\n|\n|switch|p2a: Magneton|Magneton|100\/100\n|turn|53\n|\n|move|p2a: Magneton|Thunder|p1a: Rotom\n|-resisted|p1a: Rotom\n|-damage|p1a: Rotom|0 fnt\n|faint|p1a: Rotom\n|\n|upkeep\n|-message|worstsetsever forfeited.\n|\n|win|USMRW9 AltCtrPlay\n|l|\u2606worstsetsever\n|raw|worstsetsever's rating: 1480 &rarr; <strong>1456<\/strong><br \/>(-24 for losing)\n|raw|USMRW9 AltCtrPlay's rating: 1411 &rarr; <strong>1435<\/strong><br \/>(+24 for winning)\n|c|\u2606USMRW9 AltCtrPlay|wth\n","uploadtime":1550255253,"views":4,"p1id":"worstsetsever","p2id":"usmrw9altctrplay","formatid":"gen7uu","rating":1435,"private":0,"password":null}