{"id":"gen7nu-929495333","p1":"JoJo321","p2":"jjjonnnn","format":"gen7nu","log":"|j|\u2606JoJo321\n|j|\u2606jjjonnnn\n|player|p1|JoJo321|102\n|player|p2|jjjonnnn|42\n|teamsize|p1|6\n|teamsize|p2|6\n|gametype|singles\n|gen|7\n|tier|[Gen 7] NU\n|rated|\n|html|<div class=\"broadcast-red\"><strong>NU is currently suspecting Vileplume! For information on how to participate check out the <a href=\"https:\/\/www.smogon.com\/forums\/threads\/3650934\/\">suspect thread<\/a>.<\/strong><\/div>\n|rule|Sleep Clause Mod: Limit one foe put to sleep\n|rule|Species Clause: Limit one of each Pok\u00e9mon\n|rule|OHKO Clause: OHKO moves are banned\n|rule|Moody Clause: Moody is banned\n|rule|Evasion Moves Clause: Evasion moves are banned\n|rule|Endless Battle Clause: Forcing endless battles is banned\n|rule|HP Percentage Mod: HP is shown in percentages\n|clearpoke\n|poke|p1|Ariados, F|item\n|poke|p1|Medicham, M|item\n|poke|p1|Rotom|item\n|poke|p1|Sneasel, F|item\n|poke|p1|Incineroar, F|item\n|poke|p1|Magcargo, M|item\n|poke|p2|Charizard, M|item\n|poke|p2|Lilligant, F|item\n|poke|p2|Gallade, M|item\n|poke|p2|Blastoise, M|item\n|poke|p2|Cryogonal|item\n|poke|p2|Audino, F|item\n|teampreview\n|inactive|Battle timer is ON: inactive players will automatically lose when time's up. (requested by JoJo321)\n|\n|start\n|switch|p1a: Rotom|Rotom|304\/304\n|switch|p2a: The Little|Lilligant, F|282\/282\n|turn|1\n|\n|move|p1a: Rotom|Will-O-Wisp|p2a: The Little\n|-status|p2a: The Little|brn\n|move|p2a: The Little|Sleep Powder|p1a: Rotom|[miss]\n|-miss|p2a: The Little|p1a: Rotom\n|\n|-damage|p2a: The Little|265\/282 brn|[from] brn\n|upkeep\n|turn|2\n|\n|switch|p1a: Incineroar|Incineroar, F|359\/359\n|-ability|p1a: Incineroar|Intimidate|boost\n|-unboost|p2a: The Little|atk|1\n|move|p2a: The Little|Quiver Dance|p2a: The Little\n|-boost|p2a: The Little|spa|1\n|-boost|p2a: The Little|spd|1\n|-boost|p2a: The Little|spe|1\n|\n|-damage|p2a: The Little|248\/282 brn|[from] brn\n|upkeep\n|turn|3\n|\n|move|p2a: The Little|Sleep Powder|p1a: Incineroar|[miss]\n|-miss|p2a: The Little|p1a: Incineroar\n|move|p1a: Incineroar|Bulk Up|p1a: Incineroar\n|-boost|p1a: Incineroar|atk|1\n|-boost|p1a: Incineroar|def|1\n|\n|-damage|p2a: The Little|231\/282 brn|[from] brn\n|upkeep\n|turn|4\n|\n|move|p2a: The Little|Sleep Powder|p1a: Incineroar\n|-status|p1a: Incineroar|slp|[from] move: Sleep Powder\n|cant|p1a: Incineroar|slp\n|move|p1a: Incineroar|Sleep Talk|p1a: Incineroar\n|move|p1a: Incineroar|Bulk Up|p1a: Incineroar|[from]Sleep Talk\n|-boost|p1a: Incineroar|atk|1\n|-boost|p1a: Incineroar|def|1\n|\n|-damage|p2a: The Little|214\/282 brn|[from] brn\n|upkeep\n|turn|5\n|\n|switch|p2a: The Hippoturtle|Blastoise, M|362\/362\n|cant|p1a: Incineroar|slp\n|move|p1a: Incineroar|Sleep Talk|p1a: Incineroar\n|move|p1a: Incineroar|Rest|p1a: Incineroar|[from]Sleep Talk\n|-fail|p1a: Incineroar\n|\n|upkeep\n|turn|6\n|\n|move|p2a: The Hippoturtle|Scald|p1a: Incineroar\n|-supereffective|p1a: Incineroar\n|-damage|p1a: Incineroar|221\/359 slp\n|cant|p1a: Incineroar|slp\n|\n|-heal|p1a: Incineroar|243\/359 slp|[from] item: Leftovers\n|upkeep\n|turn|7\n|\n|move|p2a: The Hippoturtle|Scald|p1a: Incineroar\n|-supereffective|p1a: Incineroar\n|-damage|p1a: Incineroar|109\/359 slp\n|-curestatus|p1a: Incineroar|slp|[msg]\n|move|p1a: Incineroar|Rest|p1a: Incineroar\n|-status|p1a: Incineroar|slp|[from] move: Rest\n|-heal|p1a: Incineroar|359\/359 slp|[silent]\n|\n|upkeep\n|turn|8\n|\n|move|p2a: The Hippoturtle|Scald|p1a: Incineroar\n|-supereffective|p1a: Incineroar\n|-damage|p1a: Incineroar|239\/359 slp\n|cant|p1a: Incineroar|slp\n|move|p1a: Incineroar|Sleep Talk|p1a: Incineroar\n|move|p1a: Incineroar|Rest|p1a: Incineroar|[from]Sleep Talk\n|-fail|p1a: Incineroar\n|\n|-heal|p1a: Incineroar|261\/359 slp|[from] item: Leftovers\n|upkeep\n|turn|9\n|\n|move|p2a: The Hippoturtle|Scald|p1a: Incineroar\n|-supereffective|p1a: Incineroar\n|-damage|p1a: Incineroar|133\/359 slp\n|cant|p1a: Incineroar|slp\n|move|p1a: Incineroar|Sleep Talk|p1a: Incineroar\n|move|p1a: Incineroar|Bulk Up|p1a: Incineroar|[from]Sleep Talk\n|-boost|p1a: Incineroar|atk|1\n|-boost|p1a: Incineroar|def|1\n|\n|-heal|p1a: Incineroar|155\/359 slp|[from] item: Leftovers\n|upkeep\n|turn|10\n|\n|move|p2a: The Hippoturtle|Scald|p1a: Incineroar\n|-supereffective|p1a: Incineroar\n|-damage|p1a: Incineroar|29\/359 slp\n|-curestatus|p1a: Incineroar|slp|[msg]\n|move|p1a: Incineroar|Rest|p1a: Incineroar\n|-status|p1a: Incineroar|slp|[from] move: Rest\n|-heal|p1a: Incineroar|359\/359 slp|[silent]\n|\n|upkeep\n|turn|11\n|\n|move|p2a: The Hippoturtle|Scald|p1a: Incineroar\n|-supereffective|p1a: Incineroar\n|-damage|p1a: Incineroar|219\/359 slp\n|cant|p1a: Incineroar|slp\n|move|p1a: Incineroar|Sleep Talk|p1a: Incineroar\n|move|p1a: Incineroar|Power Trip|p2a: The Hippoturtle|[from]Sleep Talk\n|-damage|p2a: The Hippoturtle|14\/362\n|\n|-heal|p2a: The Hippoturtle|36\/362|[from] item: Leftovers\n|-heal|p1a: Incineroar|241\/359 slp|[from] item: Leftovers\n|upkeep\n|turn|12\n|\n|move|p2a: The Hippoturtle|Scald|p1a: Incineroar\n|-supereffective|p1a: Incineroar\n|-damage|p1a: Incineroar|37\/359 slp\n|cant|p1a: Incineroar|slp\n|move|p1a: Incineroar|Sleep Talk|p1a: Incineroar\n|move|p1a: Incineroar|Rest|p1a: Incineroar|[from]Sleep Talk\n|-fail|p1a: Incineroar\n|\n|-heal|p2a: The Hippoturtle|58\/362|[from] item: Leftovers\n|-heal|p1a: Incineroar|59\/359 slp|[from] item: Leftovers\n|upkeep\n|turn|13\n|\n|move|p2a: The Hippoturtle|Scald|p1a: Incineroar\n|-supereffective|p1a: Incineroar\n|-damage|p1a: Incineroar|0 fnt\n|faint|p1a: Incineroar\n|\n|-heal|p2a: The Hippoturtle|80\/362|[from] item: Leftovers\n|upkeep\n|\n|switch|p1a: Rotom|Rotom|304\/304\n|turn|14\n|\n|switch|p2a: The Little|Lilligant, F|214\/282 brn\n|move|p1a: Rotom|Volt Switch|p2a: The Little\n|-resisted|p2a: The Little\n|-damage|p2a: The Little|164\/282 brn\n|\n|switch|p1a: Sneasel|Sneasel, F|251\/251\n|\n|-damage|p2a: The Little|147\/282 brn|[from] brn\n|upkeep\n|turn|15\n|\n|move|p1a: Sneasel|Icicle Crash|p2a: The Little\n|-supereffective|p2a: The Little\n|-damage|p2a: The Little|0 fnt\n|faint|p2a: The Little\n|\n|upkeep\n|\n|switch|p2a: The OG|Charizard, M, shiny|298\/298\n|turn|16\n|\n|move|p1a: Sneasel|Icicle Crash|p2a: The OG\n|-damage|p2a: The OG|84\/298\n|-zpower|p2a: The OG\n|move|p2a: The OG|Z-Hold Hands|null|[anim]Hold Hands|[notarget]\n|-boost|p2a: The OG|atk|1|[zeffect]\n|-boost|p2a: The OG|def|1|[zeffect]\n|-boost|p2a: The OG|spa|1|[zeffect]\n|-boost|p2a: The OG|spd|1|[zeffect]\n|-boost|p2a: The OG|spe|1|[zeffect]\n|-fail|p2a: The OG\n|\n|upkeep\n|turn|17\n|\n|switch|p1a: Medicham|Medicham, M|261\/261\n|move|p2a: The OG|Roost|p2a: The OG\n|-heal|p2a: The OG|233\/298\n|-singleturn|p2a: The OG|move: Roost\n|\n|upkeep\n|turn|18\n|\n|move|p2a: The OG|Flare Blitz|p1a: Medicham\n|-damage|p1a: Medicham|0 fnt\n|-damage|p2a: The OG|147\/298|[from] Recoil\n|faint|p1a: Medicham\n|\n|upkeep\n|\n|switch|p1a: Ariados|Ariados, F|282\/282\n|turn|19\n|\n|move|p2a: The OG|Earthquake|p1a: Ariados\n|-damage|p1a: Ariados|112\/282\n|move|p1a: Ariados|Poison Jab|p2a: The OG\n|-damage|p2a: The OG|51\/298\n|\n|upkeep\n|turn|20\n|\n|move|p2a: The OG|Roost|p2a: The OG\n|-heal|p2a: The OG|200\/298\n|-singleturn|p2a: The OG|move: Roost\n|move|p1a: Ariados|Poison Jab|p2a: The OG\n|-damage|p2a: The OG|100\/298\n|\n|upkeep\n|turn|21\n|\n|move|p2a: The OG|Roost|p2a: The OG\n|-heal|p2a: The OG|249\/298\n|-singleturn|p2a: The OG|move: Roost\n|move|p1a: Ariados|Poison Jab|p2a: The OG\n|-damage|p2a: The OG|155\/298\n|\n|upkeep\n|turn|22\n|\n|move|p2a: The OG|Earthquake|p1a: Ariados\n|-damage|p1a: Ariados|0 fnt\n|faint|p1a: Ariados\n|\n|upkeep\n|\n|switch|p1a: Rotom|Rotom|304\/304\n|turn|23\n|\n|move|p2a: The OG|Flare Blitz|p1a: Rotom\n|-damage|p1a: Rotom|3\/304\n|-damage|p2a: The OG|56\/298|[from] Recoil\n|move|p1a: Rotom|Volt Switch|p2a: The OG\n|-supereffective|p2a: The OG\n|-damage|p2a: The OG|0 fnt\n|faint|p2a: The OG\n|\n|switch|p1a: Sneasel|Sneasel, F|251\/251\n|\n|upkeep\n|\n|switch|p2a: TRAITOR!!!!|Gallade, M|340\/340\n|turn|24\n|\n|move|p1a: Sneasel|Icicle Crash|p2a: TRAITOR!!!!\n|-damage|p2a: TRAITOR!!!!|94\/340\n|move|p2a: TRAITOR!!!!|Close Combat|p1a: Sneasel\n|-supereffective|p1a: Sneasel\n|-damage|p1a: Sneasel|0 fnt\n|-unboost|p2a: TRAITOR!!!!|def|1\n|-unboost|p2a: TRAITOR!!!!|spd|1\n|faint|p1a: Sneasel\n|\n|upkeep\n|\n|switch|p1a: Rotom|Rotom|3\/304\n|turn|25\n|\n|switch|p2a: The Snowflake|Cryogonal, shiny|364\/364\n|move|p1a: Rotom|Hex|p2a: The Snowflake\n|-damage|p2a: The Snowflake|331\/364\n|\n|upkeep\n|turn|26\n|\n|move|p1a: Rotom|Volt Switch|p2a: The Snowflake\n|-damage|p2a: The Snowflake|300\/364\n|\n|switch|p1a: Magcargo|Magcargo, M|261\/261\n|move|p2a: The Snowflake|Flash Cannon|p1a: Magcargo\n|-damage|p1a: Magcargo|186\/261\n|\n|upkeep\n|turn|27\n|\n|move|p2a: The Snowflake|Flash Cannon|p1a: Magcargo\n|-damage|p1a: Magcargo|116\/261\n|move|p1a: Magcargo|Shell Smash|p1a: Magcargo\n|-unboost|p1a: Magcargo|def|1\n|-unboost|p1a: Magcargo|spd|1\n|-boost|p1a: Magcargo|atk|2\n|-boost|p1a: Magcargo|spa|2\n|-boost|p1a: Magcargo|spe|2\n|\n|upkeep\n|turn|28\n|\n|move|p1a: Magcargo|Ancient Power|p2a: The Snowflake\n|-supereffective|p2a: The Snowflake\n|-damage|p2a: The Snowflake|168\/364\n|-boost|p1a: Magcargo|atk|1\n|-boost|p1a: Magcargo|def|1\n|-boost|p1a: Magcargo|spa|1\n|-boost|p1a: Magcargo|spd|1\n|-boost|p1a: Magcargo|spe|1\n|move|p2a: The Snowflake|Flash Cannon|p1a: Magcargo\n|-damage|p1a: Magcargo|38\/261\n|\n|upkeep\n|turn|29\n|\n|move|p1a: Magcargo|Flamethrower|p2a: The Snowflake\n|-supereffective|p2a: The Snowflake\n|-damage|p2a: The Snowflake|0 fnt\n|faint|p2a: The Snowflake\n|\n|upkeep\n|\n|switch|p2a: The Nurse|Audino, F|410\/410\n|turn|30\n|\n|detailschange|p2a: The Nurse|Audino-Mega, F\n|-mega|p2a: The Nurse|Audino|Audinite\n|-zpower|p1a: Magcargo\n|move|p1a: Magcargo|Bloom Doom|p2a: The Nurse|[zeffect]\n|-damage|p2a: The Nurse|93\/410\n|move|p2a: The Nurse|Dazzling Gleam|p1a: Magcargo\n|-resisted|p1a: Magcargo\n|-damage|p1a: Magcargo|0 fnt\n|faint|p1a: Magcargo\n|\n|upkeep\n|\n|switch|p1a: Rotom|Rotom|3\/304\n|turn|31\n|\n|move|p1a: Rotom|Volt Switch|p2a: The Nurse\n|-damage|p2a: The Nurse|30\/410\n|move|p2a: The Nurse|Healing Wish|p2a: The Nurse\n|faint|p2a: The Nurse\n|\n|upkeep\n|\n|switch|p2a: TRAITOR!!!!|Gallade, M|94\/340\n|-heal|p2a: TRAITOR!!!!|340\/340|[from] move: Healing Wish\n|turn|32\n|c|\u2606jjjonnnn|gg\n|\n|move|p1a: Rotom|Hex|p2a: TRAITOR!!!!\n|-supereffective|p2a: TRAITOR!!!!\n|-damage|p2a: TRAITOR!!!!|200\/340\n|move|p2a: TRAITOR!!!!|Knock Off|p1a: Rotom\n|-supereffective|p1a: Rotom\n|-enditem|p1a: Rotom|Colbur Berry|[eat]\n|-enditem|p1a: Rotom|Colbur Berry|[weaken]\n|-damage|p1a: Rotom|0 fnt\n|faint|p1a: Rotom\n|\n|win|jjjonnnn\n|l|\u2606JoJo321\n","uploadtime":1560721805,"views":5,"p1id":"jojo321","p2id":"jjjonnnn","formatid":"gen7nu","rating":0,"private":0,"password":null}