{"id":"gen7ou-666910442","p1":"Gimlegara","p2":"Toxabelle","format":"gen7ou","log":"|raw|<div class=\"broadcast-red\"><strong>This battle is invite-only!<\/strong><br \/>Users must be rank + or invited with <code>\/invite<\/code> to join<\/div>\n|j|Gimlegara\n|j|Toxabelle\n|player|p1|Gimlegara|288\n|teamsize|p1|6\n|player|p2|Toxabelle|101\n|teamsize|p2|6\n|gametype|singles\n|gen|7\n|tier|[Gen 7] OU\n|rated|\n|seed|27128,44289,10567,31291\n|rule|Sleep Clause Mod: Limit one foe put to sleep\n|rule|Species Clause: Limit one of each Pok\u00e9mon\n|rule|OHKO Clause: OHKO moves are banned\n|rule|Moody Clause: Moody is banned\n|rule|Evasion Moves Clause: Evasion moves are banned\n|rule|Endless Battle Clause: Forcing endless battles is banned\n|rule|HP Percentage Mod: HP is shown in percentages\n|clearpoke\n|poke|p1|Venusaur, M|item\n|poke|p1|Tyranitar, F|item\n|poke|p1|Zapdos|item\n|poke|p1|Tornadus-Therian, M|item\n|poke|p1|Magearna|item\n|poke|p1|Zygarde|item\n|poke|p2|Charizard, M|item\n|poke|p2|Clefable, F|item\n|poke|p2|Toxapex, F|item\n|poke|p2|Skarmory, M|item\n|poke|p2|Tapu Lele|item\n|poke|p2|Tangrowth, M|item\n|teampreview\n|inactive|Battle timer is ON: inactive players will automatically lose when time's up. (requested by Toxabelle)\n|inactive|Gimlegara has 135 seconds left.\n|choice|team 1, team 2, team 3, team 4, team 5, team 6|team 5, team 2, team 3, team 4, team 1, team 6\n|\n|start\n|switch|p1a: Venusaur|Venusaur, M|364\/364\n|switch|p2a: Tapu Lele|Tapu Lele|343\/343\n|-fieldstart|move: Psychic Terrain|[from] ability: Psychic Surge|[of] p2a: Tapu Lele\n|turn|1\n|choice|move sludgebomb mega|switch 3\n|\n|switch|p2a: Toxapex|Toxapex, F|303\/303\n|-mega|p1a: Venusaur|Venusaur|Venusaurite\n|detailschange|p1a: Venusaur|Venusaur-Mega, M\n|move|p1a: Venusaur|Sludge Bomb|p2a: Toxapex\n|-resisted|p2a: Toxapex\n|-damage|p2a: Toxapex|267\/303\n|\n|-heal|p2a: Toxapex|285\/303|[from] item: Black Sludge\n|upkeep\n|turn|2\n|choice|switch 3|move toxicspikes\n|\n|switch|p1a: Zapdos|Zapdos|384\/384\n|move|p2a: Toxapex|Toxic Spikes|p1a: Zapdos\n|-sidestart|p1: Gimlegara|move: Toxic Spikes\n|\n|-heal|p2a: Toxapex|303\/303|[from] item: Black Sludge\n|upkeep\n|turn|3\n|choice|move defog|switch 5\n|\n|switch|p2a: Charizard|Charizard, M|359\/359\n|move|p1a: Zapdos|Defog|p2a: Charizard\n|-unboost|p2a: Charizard|evasion|1\n|-sideend|p1: Gimlegara|Toxic Spikes|[from] move: Defog|[of] p1a: Zapdos\n|\n|upkeep\n|turn|4\n|choice|switch 4|move dragonclaw mega\n|\n|switch|p1a: Tornadus|Tornadus-Therian, M|362\/362\n|-mega|p2a: Charizard|Charizard|Charizardite X\n|detailschange|p2a: Charizard|Charizard-Mega-X, M\n|move|p2a: Charizard|Dragon Claw|p1a: Tornadus\n|-damage|p1a: Tornadus|166\/362\n|\n|upkeep\n|turn|5\n|choice|switch 4|move dragonclaw\n|\n|switch|p1a: Zapdos|Zapdos|384\/384\n|move|p2a: Charizard|Dragon Claw|p1a: Zapdos\n|-crit|p1a: Zapdos\n|-damage|p1a: Zapdos|209\/384\n|\n|-heal|p1a: Zapdos|233\/384|[from] item: Leftovers\n|-fieldend|move: Psychic Terrain\n|upkeep\n|turn|6\n|choice|move roost|move dragondance\n|\n|move|p2a: Charizard|Dragon Dance|p2a: Charizard\n|-boost|p2a: Charizard|atk|1\n|-boost|p2a: Charizard|spe|1\n|move|p1a: Zapdos|Roost|p1a: Zapdos\n|-heal|p1a: Zapdos|384\/384\n|\n|upkeep\n|turn|7\n|choice|move discharge|move dragonclaw\n|\n|move|p2a: Charizard|Dragon Claw|p1a: Zapdos\n|-damage|p1a: Zapdos|198\/384\n|move|p1a: Zapdos|Discharge|p2a: Charizard\n|-resisted|p2a: Charizard\n|-damage|p2a: Charizard|293\/359\n|\n|-heal|p1a: Zapdos|222\/384|[from] item: Leftovers\n|upkeep\n|turn|8\n|choice|move roost|move flareblitz\n|\n|move|p2a: Charizard|Flare Blitz|p1a: Zapdos\n|-damage|p1a: Zapdos|0 fnt\n|-status|p2a: Charizard|par|[from] ability: Static|[of] p1a: Zapdos\n|-damage|p2a: Charizard|220\/359 par|[from] Recoil|[of] p1a: Zapdos\n|faint|p1a: Zapdos\n|\n|upkeep\n|choice|switch 6|\n|\n|switch|p1a: Zygarde|Zygarde|357\/357\n|-ability|p1a: Zygarde|Aura Break\n|turn|9\n|choice|move thousandarrows|switch 2\n|\n|switch|p2a: Clefable|Clefable, F|394\/394\n|move|p1a: Zygarde|Thousand Arrows|p2a: Clefable\n|-damage|p2a: Clefable|210\/394\n|\n|-heal|p2a: Clefable|234\/394|[from] item: Leftovers\n|upkeep\n|turn|10\n|choice|move thousandarrows|move softboiled\n|\n|move|p1a: Zygarde|Thousand Arrows|p2a: Clefable\n|-damage|p2a: Clefable|39\/394\n|move|p2a: Clefable|Soft-Boiled|p2a: Clefable\n|-heal|p2a: Clefable|236\/394\n|\n|-heal|p2a: Clefable|260\/394|[from] item: Leftovers\n|upkeep\n|turn|11\n|choice|switch 3|move softboiled\n|\n|switch|p1a: Venusaur|Venusaur-Mega, M|364\/364\n|move|p2a: Clefable|Soft-Boiled|p2a: Clefable\n|-heal|p2a: Clefable|394\/394\n|\n|upkeep\n|turn|12\n|choice|move earthquake|switch 5\n|\n|switch|p2a: Toxapex|Toxapex, F|303\/303\n|move|p1a: Venusaur|Earthquake|p2a: Toxapex\n|-supereffective|p2a: Toxapex\n|-damage|p2a: Toxapex|205\/303\n|\n|-heal|p2a: Toxapex|223\/303|[from] item: Black Sludge\n|upkeep\n|turn|13\n|choice|switch 3|switch 4\n|\n|switch|p1a: Zygarde|Zygarde|357\/357\n|-ability|p1a: Zygarde|Aura Break\n|switch|p2a: Skarmory|Skarmory, M|333\/333\n|\n|upkeep\n|turn|14\n|choice|move thousandarrows|move toxic\n|\n|move|p1a: Zygarde|Thousand Arrows|p2a: Skarmory\n|-damage|p2a: Skarmory|198\/333\n|-start|p2a: Skarmory|Smack Down\n|move|p2a: Skarmory|Toxic|p1a: Zygarde\n|-status|p1a: Zygarde|tox\n|\n|-heal|p2a: Skarmory|218\/333|[from] item: Leftovers\n|-damage|p1a: Zygarde|335\/357 tox|[from] psn\n|upkeep\n|turn|15\n|choice|move thousandarrows|move roost\n|\n|move|p1a: Zygarde|Thousand Arrows|p2a: Skarmory\n|-supereffective|p2a: Skarmory\n|-damage|p2a: Skarmory|0 fnt\n|faint|p2a: Skarmory\n|\n|-damage|p1a: Zygarde|291\/357 tox|[from] psn\n|upkeep\n|choice||switch 5\n|\n|switch|p2a: Clefable|Clefable, F|394\/394\n|turn|16\n|inactive|Gimlegara has 135 seconds left.\n|choice|switch 3|move calmmind\n|\n|switch|p1a: Venusaur|Venusaur-Mega, M|364\/364\n|move|p2a: Clefable|Calm Mind|p2a: Clefable\n|-boost|p2a: Clefable|spa|1\n|-boost|p2a: Clefable|spd|1\n|\n|upkeep\n|turn|17\n|choice|move sludgebomb|move calmmind\n|\n|move|p1a: Venusaur|Sludge Bomb|p2a: Clefable\n|-supereffective|p2a: Clefable\n|-damage|p2a: Clefable|196\/394\n|move|p2a: Clefable|Calm Mind|p2a: Clefable\n|-boost|p2a: Clefable|spa|1\n|-boost|p2a: Clefable|spd|1\n|\n|-heal|p2a: Clefable|220\/394|[from] item: Leftovers\n|upkeep\n|turn|18\n|choice|switch 3|move softboiled\n|\n|switch|p1a: Zygarde|Zygarde|291\/357 tox\n|-ability|p1a: Zygarde|Aura Break\n|move|p2a: Clefable|Soft-Boiled|p2a: Clefable\n|-heal|p2a: Clefable|394\/394\n|\n|-damage|p1a: Zygarde|269\/357 tox|[from] psn\n|upkeep\n|turn|19\n|choice|move irontail|move softboiled\n|\n|move|p1a: Zygarde|Iron Tail|p2a: Clefable\n|-supereffective|p2a: Clefable\n|-damage|p2a: Clefable|84\/394\n|-unboost|p2a: Clefable|def|1\n|move|p2a: Clefable|Soft-Boiled|p2a: Clefable\n|-heal|p2a: Clefable|281\/394\n|\n|-heal|p2a: Clefable|305\/394|[from] item: Leftovers\n|-damage|p1a: Zygarde|225\/357 tox|[from] psn\n|upkeep\n|turn|20\n|choice|move irontail|switch 4\n|\n|switch|p2a: Toxapex|Toxapex, F|303\/303\n|move|p1a: Zygarde|Iron Tail|p2a: Toxapex\n|-resisted|p2a: Toxapex\n|-damage|p2a: Toxapex|251\/303\n|\n|-heal|p2a: Toxapex|269\/303|[from] item: Black Sludge\n|-damage|p1a: Zygarde|159\/357 tox|[from] psn\n|upkeep\n|turn|21\n|choice|switch 5|move scald\n|\n|switch|p1a: Magearna|Magearna|301\/301\n|move|p2a: Toxapex|Scald|p1a: Magearna\n|-crit|p1a: Magearna\n|-damage|p1a: Magearna|223\/301\n|\n|-heal|p2a: Toxapex|287\/303|[from] item: Black Sludge\n|upkeep\n|turn|22\n|choice|move thunderbolt|move scald\n|\n|move|p1a: Magearna|Thunderbolt|p2a: Toxapex\n|-supereffective|p2a: Toxapex\n|-damage|p2a: Toxapex|155\/303\n|move|p2a: Toxapex|Scald|p1a: Magearna\n|-damage|p1a: Magearna|175\/301\n|\n|-heal|p2a: Toxapex|173\/303|[from] item: Black Sludge\n|upkeep\n|turn|23\n|choice|move thunderbolt|switch 6\n|\n|switch|p2a: Tangrowth|Tangrowth, M|403\/403\n|move|p1a: Magearna|Thunderbolt|p2a: Tangrowth\n|-resisted|p2a: Tangrowth\n|-damage|p2a: Tangrowth|362\/403\n|\n|upkeep\n|turn|24\n|choice|switch 3|move earthquake\n|\n|switch|p1a: Venusaur|Venusaur-Mega, M|364\/364\n|move|p2a: Tangrowth|Earthquake|p1a: Venusaur\n|-damage|p1a: Venusaur|307\/364\n|\n|upkeep\n|turn|25\n|inactive|Gimlegara has 135 seconds left.\n|choice|switch 5|switch 6\n|\n|switch|p1a: Zygarde|Zygarde|159\/357 tox\n|-ability|p1a: Zygarde|Aura Break\n|switch|p2a: Toxapex|Toxapex, F|274\/303\n|\n|-heal|p2a: Toxapex|292\/303|[from] item: Black Sludge\n|-damage|p1a: Zygarde|137\/357 tox|[from] psn\n|upkeep\n|turn|26\n|choice|move thousandarrows|switch 6\n|\n|switch|p2a: Tangrowth|Tangrowth, M|403\/403\n|move|p1a: Zygarde|Thousand Arrows|p2a: Tangrowth\n|-resisted|p2a: Tangrowth\n|-damage|p2a: Tangrowth|319\/403\n|\n|-damage|p1a: Zygarde|93\/357 tox|[from] psn\n|upkeep\n|turn|27\n|choice|switch 3|move knockoff\n|\n|switch|p1a: Magearna|Magearna|175\/301\n|move|p2a: Tangrowth|Knock Off|p1a: Magearna\n|-resisted|p1a: Magearna\n|-damage|p1a: Magearna|151\/301\n|\n|upkeep\n|turn|28\n|choice|move icebeam|switch 6\n|\n|switch|p2a: Toxapex|Toxapex, F|303\/303\n|move|p1a: Magearna|Ice Beam|p2a: Toxapex\n|-resisted|p2a: Toxapex\n|-damage|p2a: Toxapex|272\/303\n|\n|-heal|p2a: Toxapex|290\/303|[from] item: Black Sludge\n|upkeep\n|turn|29\n|choice|move thunderbolt|move scald\n|\n|move|p1a: Magearna|Thunderbolt|p2a: Toxapex\n|-supereffective|p2a: Toxapex\n|-damage|p2a: Toxapex|158\/303\n|move|p2a: Toxapex|Scald|p1a: Magearna\n|-damage|p1a: Magearna|99\/301\n|\n|-heal|p2a: Toxapex|176\/303|[from] item: Black Sludge\n|upkeep\n|turn|30\n|choice|move icebeam|switch 6\n|\n|switch|p2a: Tangrowth|Tangrowth, M|403\/403\n|move|p1a: Magearna|Ice Beam|p2a: Tangrowth\n|-supereffective|p2a: Tangrowth\n|-damage|p2a: Tangrowth|243\/403\n|\n|upkeep\n|turn|31\n|inactive|Gimlegara has 135 seconds left.\n|choice|switch 4|switch 6\n|\n|switch|p1a: Tornadus|Tornadus-Therian, M|286\/362\n|switch|p2a: Toxapex|Toxapex, F|277\/303\n|\n|-heal|p2a: Toxapex|295\/303|[from] item: Black Sludge\n|upkeep\n|turn|32\n|choice|move hurricane|move scald\n|\n|move|p1a: Tornadus|Hurricane|p2a: Toxapex\n|-damage|p2a: Toxapex|213\/303\n|move|p2a: Toxapex|Scald|p1a: Tornadus\n|-damage|p1a: Tornadus|252\/362\n|\n|-heal|p2a: Toxapex|231\/303|[from] item: Black Sludge\n|upkeep\n|turn|33\n|choice|move uturn|move scald\n|\n|move|p1a: Tornadus|U-turn|p2a: Toxapex\n|-resisted|p2a: Toxapex\n|-damage|p2a: Toxapex|212\/303\n|choice|switch 5|\n|\n|switch|p1a: Venusaur|Venusaur-Mega, M|307\/364\n|move|p2a: Toxapex|Scald|p1a: Venusaur\n|-resisted|p1a: Venusaur\n|-damage|p1a: Venusaur|283\/364\n|\n|-heal|p2a: Toxapex|230\/303|[from] item: Black Sludge\n|upkeep\n|turn|34\n|choice|move gigadrain|move scald\n|\n|move|p1a: Venusaur|Giga Drain|p2a: Toxapex\n|-damage|p2a: Toxapex|163\/303\n|-heal|p1a: Venusaur|317\/364|[from] drain|[of] p2a: Toxapex\n|move|p2a: Toxapex|Scald|p1a: Venusaur\n|-resisted|p1a: Venusaur\n|-damage|p1a: Venusaur|294\/364\n|\n|-heal|p2a: Toxapex|181\/303|[from] item: Black Sludge\n|upkeep\n|turn|35\n|choice|move gigadrain|move recover\n|\n|move|p1a: Venusaur|Giga Drain|p2a: Toxapex\n|-damage|p2a: Toxapex|115\/303\n|-heal|p1a: Venusaur|327\/364|[from] drain|[of] p2a: Toxapex\n|move|p2a: Toxapex|Recover|p2a: Toxapex\n|-heal|p2a: Toxapex|267\/303\n|\n|-heal|p2a: Toxapex|285\/303|[from] item: Black Sludge\n|upkeep\n|turn|36\n|choice|move earthquake|move scald\n|\n|move|p1a: Venusaur|Earthquake|p2a: Toxapex\n|-supereffective|p2a: Toxapex\n|-damage|p2a: Toxapex|179\/303\n|move|p2a: Toxapex|Scald|p1a: Venusaur\n|-resisted|p1a: Venusaur\n|-damage|p1a: Venusaur|303\/364\n|\n|-heal|p2a: Toxapex|197\/303|[from] item: Black Sludge\n|upkeep\n|turn|37\n|choice|move earthquake|move scald\n|\n|move|p1a: Venusaur|Earthquake|p2a: Toxapex\n|-supereffective|p2a: Toxapex\n|-damage|p2a: Toxapex|97\/303\n|move|p2a: Toxapex|Scald|p1a: Venusaur\n|-resisted|p1a: Venusaur\n|-damage|p1a: Venusaur|282\/364\n|-status|p1a: Venusaur|brn\n|\n|-heal|p2a: Toxapex|115\/303|[from] item: Black Sludge\n|-damage|p1a: Venusaur|260\/364 brn|[from] brn\n|upkeep\n|turn|38\n|choice|move gigadrain|move recover\n|\n|move|p1a: Venusaur|Giga Drain|p2a: Toxapex\n|-damage|p2a: Toxapex|48\/303\n|-heal|p1a: Venusaur|294\/364 brn|[from] drain|[of] p2a: Toxapex\n|move|p2a: Toxapex|Recover|p2a: Toxapex\n|-heal|p2a: Toxapex|200\/303\n|\n|-heal|p2a: Toxapex|218\/303|[from] item: Black Sludge\n|-damage|p1a: Venusaur|272\/364 brn|[from] brn\n|upkeep\n|turn|39\n|choice|move sludgebomb|switch 6\n|\n|switch|p2a: Tangrowth|Tangrowth, M|377\/403\n|move|p1a: Venusaur|Sludge Bomb|p2a: Tangrowth\n|-supereffective|p2a: Tangrowth\n|-damage|p2a: Tangrowth|197\/403\n|\n|-damage|p1a: Venusaur|250\/364 brn|[from] brn\n|upkeep\n|turn|40\n|choice|move gigadrain|switch 6\n|\n|switch|p2a: Toxapex|Toxapex, F|303\/303\n|move|p1a: Venusaur|Giga Drain|p2a: Toxapex\n|-damage|p2a: Toxapex|245\/303\n|-heal|p1a: Venusaur|279\/364 brn|[from] drain|[of] p2a: Toxapex\n|\n|-heal|p2a: Toxapex|263\/303|[from] item: Black Sludge\n|-damage|p1a: Venusaur|257\/364 brn|[from] brn\n|upkeep\n|turn|41\n|choice|move gigadrain|move toxicspikes\n|\n|move|p1a: Venusaur|Giga Drain|p2a: Toxapex\n|-damage|p2a: Toxapex|203\/303\n|-heal|p1a: Venusaur|287\/364 brn|[from] drain|[of] p2a: Toxapex\n|move|p2a: Toxapex|Toxic Spikes|p1a: Venusaur\n|-sidestart|p1: Gimlegara|move: Toxic Spikes\n|\n|-heal|p2a: Toxapex|221\/303|[from] item: Black Sludge\n|-damage|p1a: Venusaur|265\/364 brn|[from] brn\n|upkeep\n|turn|42\n|inactive|Gimlegara has 135 seconds left.\n|choice|switch 4|move haze\n|\n|switch|p1a: Magearna|Magearna|99\/301\n|move|p2a: Toxapex|Haze|p2a: Toxapex\n|-clearallboost\n|\n|-heal|p2a: Toxapex|239\/303|[from] item: Black Sludge\n|upkeep\n|turn|43\n|choice|move thunderbolt|switch 6\n|\n|switch|p2a: Tangrowth|Tangrowth, M|331\/403\n|move|p1a: Magearna|Thunderbolt|p2a: Tangrowth\n|-resisted|p2a: Tangrowth\n|-damage|p2a: Tangrowth|289\/403\n|\n|upkeep\n|turn|44\n|inactive|Gimlegara has 135 seconds left.\n|choice|move icebeam|switch 6\n|\n|switch|p2a: Toxapex|Toxapex, F|303\/303\n|move|p1a: Magearna|Ice Beam|p2a: Toxapex\n|-resisted|p2a: Toxapex\n|-damage|p2a: Toxapex|272\/303\n|\n|-heal|p2a: Toxapex|290\/303|[from] item: Black Sludge\n|upkeep\n|turn|45\n|choice|move thunderbolt|move scald\n|\n|move|p1a: Magearna|Thunderbolt|p2a: Toxapex\n|-supereffective|p2a: Toxapex\n|-damage|p2a: Toxapex|154\/303\n|move|p2a: Toxapex|Scald|p1a: Magearna\n|-damage|p1a: Magearna|51\/301\n|-status|p1a: Magearna|brn\n|\n|-heal|p2a: Toxapex|172\/303|[from] item: Black Sludge\n|-damage|p1a: Magearna|33\/301 brn|[from] brn\n|upkeep\n|turn|46\n|choice|move fleurcannon zmove|switch 6\n|\n|switch|p2a: Tangrowth|Tangrowth, M|403\/403\n|-zpower|p1a: Magearna\n|move|p1a: Magearna|Twinkle Tackle|p2a: Tangrowth|[zeffect]\n|-damage|p2a: Tangrowth|153\/403\n|\n|-damage|p1a: Magearna|15\/301 brn|[from] brn\n|upkeep\n|turn|47\n|-message|Gimlegara forfeited.\n|\n|win|Toxabelle\n|l|Gimlegara\n|c|\u2606Toxabelle|\/log Toxabelle made this room public.\n|raw|Gimlegara's rating: 1721 &rarr; <strong>1703<\/strong><br \/>(-18 for losing)\n|raw|Toxabelle's rating: 1754 &rarr; <strong>1772<\/strong><br \/>(+18 for winning)","inputlog":null,"uploadtime":1512057676,"views":37,"p1id":"gimlegara","p2id":"toxabelle","formatid":"gen7ou","rating":1703,"private":0,"password":null}