{"id":"gen7ou-967425392","p1":"tmtcmb","p2":"Flashybee","format":"gen7ou","log":"|j|\u2606tmtcmb\n|j|\u2606Flashybee\n|player|p1|tmtcmb|80|1467\n|player|p2|Flashybee|70|1443\n|teamsize|p1|6\n|teamsize|p2|6\n|gametype|singles\n|gen|7\n|tier|[Gen 7] OU\n|rated|\n|rule|Sleep Clause Mod: Limit one foe put to sleep\n|rule|Species Clause: Limit one of each Pok\u00e9mon\n|rule|OHKO Clause: OHKO moves are banned\n|rule|Moody Clause: Moody is banned\n|rule|Evasion Moves Clause: Evasion moves are banned\n|rule|Endless Battle Clause: Forcing endless battles is banned\n|rule|HP Percentage Mod: HP is shown in percentages\n|clearpoke\n|poke|p1|Ferrothorn, M|item\n|poke|p1|Heatran, M|item\n|poke|p1|Landorus-Therian, M|item\n|poke|p1|Greninja, M|item\n|poke|p1|Scizor, F|item\n|poke|p1|Tapu Koko|item\n|poke|p2|Gumshoos, M|item\n|poke|p2|Salamence, F|item\n|poke|p2|Crawdaunt, M|item\n|poke|p2|Manectric, M|item\n|poke|p2|Dragonite, M|item\n|poke|p2|Galvantula, F|item\n|teampreview\n|inactive|Battle timer is ON: inactive players will automatically lose when time's up. (requested by tmtcmb)\n|\n|start\n|switch|p1a: Landorus|Landorus-Therian, M|100\/100\n|switch|p2a: Salamence|Salamence, F|100\/100\n|-ability|p2a: Salamence|Intimidate|boost\n|-unboost|p1a: Landorus|atk|1\n|-ability|p1a: Landorus|Intimidate|boost\n|-unboost|p2a: Salamence|atk|1\n|turn|1\n|\n|move|p2a: Salamence|Hydro Pump|p1a: Landorus\n|-supereffective|p1a: Landorus\n|-damage|p1a: Landorus|34\/100\n|move|p1a: Landorus|Stone Edge|p2a: Salamence|[miss]\n|-miss|p1a: Landorus|p2a: Salamence\n|\n|upkeep\n|turn|2\n|\n|switch|p1a: Ferrothorn|Ferrothorn, M|100\/100\n|move|p2a: Salamence|Hydro Pump|p1a: Ferrothorn|[miss]\n|-miss|p2a: Salamence|p1a: Ferrothorn\n|\n|upkeep\n|turn|3\n|\n|move|p2a: Salamence|Fire Blast|p1a: Ferrothorn\n|-supereffective|p1a: Ferrothorn\n|-damage|p1a: Ferrothorn|0 fnt\n|faint|p1a: Ferrothorn\n|\n|upkeep\n|c|\u2606tmtcmb|wtf\n|\n|switch|p1a: Greninja|Greninja, M|100\/100\n|turn|4\n|c|\u2606Flashybee|lol\n|c|\u2606Flashybee|my sets are weird\n|c|\u2606tmtcmb|really ?\n|c|\u2606tmtcmb|give me the win lol\n|\n|switch|p2a: Manectric|Manectric, M|100\/100\n|move|p1a: Greninja|Ice Beam|p2a: Manectric\n|-damage|p2a: Manectric|33\/100\n|\n|upkeep\n|turn|5\n|\n|switch|p1a: Landorus|Landorus-Therian, M|34\/100\n|-ability|p1a: Landorus|Intimidate|boost\n|-unboost|p2a: Manectric|atk|1\n|detailschange|p2a: Manectric|Manectric-Mega, M\n|-mega|p2a: Manectric|Manectric|Manectite\n|-ability|p2a: Manectric|Intimidate|boost\n|-unboost|p1a: Landorus|atk|1\n|move|p2a: Manectric|Volt Switch|p1a: Landorus\n|-immune|p1a: Landorus\n|\n|upkeep\n|turn|6\n|inactive|Flashybee has 120 seconds left.\n|\n|switch|p1a: Heatran|Heatran, M|100\/100\n|move|p2a: Manectric|Hidden Power|p1a: Heatran\n|-resisted|p1a: Heatran\n|-damage|p1a: Heatran|97\/100\n|\n|-heal|p1a: Heatran|100\/100|[from] item: Leftovers\n|upkeep\n|turn|7\n|inactive|Flashybee has 120 seconds left.\n|\n|move|p2a: Manectric|Volt Switch|p1a: Heatran\n|-damage|p1a: Heatran|76\/100\n|inactive|Flashybee has 120 seconds left.\n|\n|switch|p2a: Gumshoos|Gumshoos, M|100\/100|[from]move: Volt Switch\n|move|p1a: Heatran|Magma Storm|p2a: Gumshoos|[miss]\n|-miss|p1a: Heatran|p2a: Gumshoos\n|\n|-heal|p1a: Heatran|82\/100|[from] item: Leftovers\n|upkeep\n|turn|8\n|c|\u2606tmtcmb|omfg\n|c|\u2606tmtcmb|really\n|\n|move|p1a: Heatran|Magma Storm|p2a: Gumshoos|[miss]\n|-miss|p1a: Heatran|p2a: Gumshoos\n|move|p2a: Gumshoos|Ice Punch|p1a: Heatran\n|-resisted|p1a: Heatran\n|-damage|p1a: Heatran|74\/100\n|\n|-heal|p1a: Heatran|80\/100|[from] item: Leftovers\n|upkeep\n|turn|9\n|c|\u2606tmtcmb|...\n|\n|switch|p2a: Manectric|Manectric-Mega, M|33\/100\n|-ability|p2a: Manectric|Intimidate|boost\n|-unboost|p1a: Heatran|atk|1\n|move|p1a: Heatran|Magma Storm|p2a: Manectric|[miss]\n|-miss|p1a: Heatran|p2a: Manectric\n|\n|-heal|p1a: Heatran|87\/100|[from] item: Leftovers\n|upkeep\n|turn|10\n|c|\u2606Flashybee|yikes\n|c|\u2606Flashybee|thats rough\n|c|\u2606tmtcmb|i gonna kill my self\n|\n|move|p2a: Manectric|Thunderbolt|p1a: Heatran\n|-crit|p1a: Heatran\n|-damage|p1a: Heatran|40\/100\n|move|p1a: Heatran|Earth Power|p2a: Manectric\n|-supereffective|p2a: Manectric\n|-damage|p2a: Manectric|0 fnt\n|faint|p2a: Manectric\n|\n|-heal|p1a: Heatran|46\/100|[from] item: Leftovers\n|upkeep\n|c|\u2606tmtcmb|co\n|\n|switch|p2a: Dragonite|Dragonite, M|100\/100\n|turn|11\n|c|\u2606tmtcmb|could u plz give me the win --'\n|\n|move|p2a: Dragonite|Dragon Dance|p2a: Dragonite\n|-boost|p2a: Dragonite|atk|1\n|-boost|p2a: Dragonite|spe|1\n|move|p1a: Heatran|Toxic|p2a: Dragonite\n|-status|p2a: Dragonite|tox\n|\n|-heal|p1a: Heatran|52\/100|[from] item: Leftovers\n|-damage|p2a: Dragonite|94\/100 tox|[from] psn\n|upkeep\n|turn|12\n|\n|move|p1a: Heatran|Protect|p1a: Heatran\n|-singleturn|p1a: Heatran|Protect\n|move|p2a: Dragonite|Earthquake|p1a: Heatran\n|-activate|p1a: Heatran|move: Protect\n|\n|-heal|p1a: Heatran|59\/100|[from] item: Leftovers\n|-damage|p2a: Dragonite|82\/100 tox|[from] psn\n|upkeep\n|turn|13\n|inactive|Flashybee has 120 seconds left.\n|\n|-zpower|p2a: Dragonite\n|move|p2a: Dragonite|Supersonic Skystrike|p1a: Heatran|[zeffect]\n|-resisted|p1a: Heatran\n|-damage|p1a: Heatran|2\/100\n|move|p1a: Heatran|Magma Storm|p2a: Dragonite\n|-resisted|p2a: Dragonite\n|-damage|p2a: Dragonite|59\/100 tox\n|-activate|p2a: Dragonite|move: Magma Storm|[of] p1a: Heatran\n|\n|-heal|p1a: Heatran|8\/100|[from] item: Leftovers\n|-damage|p2a: Dragonite|41\/100 tox|[from] psn\n|-damage|p2a: Dragonite|28\/100 tox|[from] move: Magma Storm|[partiallytrapped]\n|upkeep\n|turn|14\n|\n|move|p1a: Heatran|Protect|p1a: Heatran\n|-singleturn|p1a: Heatran|Protect\n|move|p2a: Dragonite|Earthquake|p1a: Heatran\n|-activate|p1a: Heatran|move: Protect\n|\n|-heal|p1a: Heatran|14\/100|[from] item: Leftovers\n|-damage|p2a: Dragonite|4\/100 tox|[from] psn\n|-damage|p2a: Dragonite|0 fnt|[from] move: Magma Storm|[partiallytrapped]\n|faint|p2a: Dragonite\n|upkeep\n|\n|switch|p2a: Galvantula|Galvantula, F|100\/100\n|turn|15\n|\n|move|p2a: Galvantula|Thunder|p1a: Heatran\n|-damage|p1a: Heatran|0 fnt\n|faint|p1a: Heatran\n|\n|upkeep\n|\n|switch|p1a: Scizor|Scizor, F|100\/100\n|turn|16\n|\n|switch|p2a: Salamence|Salamence, F|100\/100\n|-ability|p2a: Salamence|Intimidate|boost\n|-unboost|p1a: Scizor|atk|1\n|detailschange|p1a: Scizor|Scizor-Mega, F\n|-mega|p1a: Scizor|Scizor|Scizorite\n|move|p1a: Scizor|Swords Dance|p1a: Scizor\n|-boost|p1a: Scizor|atk|2\n|\n|upkeep\n|turn|17\n|c|\u2606tmtcmb|i told u u gonna miss ok ?\n|\n|move|p2a: Salamence|Fire Blast|p1a: Scizor\n|-supereffective|p1a: Scizor\n|-damage|p1a: Scizor|12\/100\n|move|p1a: Scizor|Knock Off|p2a: Salamence\n|-damage|p2a: Salamence|53\/100\n|-enditem|p2a: Salamence|Eject Button|[from] move: Knock Off|[of] p1a: Scizor\n|\n|upkeep\n|turn|18\n|c|\u2606Flashybee|lol\n|\n|move|p2a: Salamence|Fire Blast|p1a: Scizor\n|-supereffective|p1a: Scizor\n|-damage|p1a: Scizor|0 fnt\n|faint|p1a: Scizor\n|\n|upkeep\n|c|\u2606Flashybee|eject button\n|c|\u2606tmtcmb|u nerver miss really i muiss 3 time mag\u00f9a storm\n|inactive|tmtcmb has 120 seconds left.\n|\n|switch|p1a: Tapu Koko|Tapu Koko|100\/100\n|-fieldstart|move: Electric Terrain|[from] ability: Electric Surge|[of] p1a: Tapu Koko\n|turn|19\n|\n|move|p1a: Tapu Koko|Hidden Power|p2a: Salamence\n|-supereffective|p2a: Salamence\n|-damage|p2a: Salamence|0 fnt\n|faint|p2a: Salamence\n|\n|upkeep\n|\n|switch|p2a: Galvantula|Galvantula, F|100\/100\n|turn|20\n|\n|move|p1a: Tapu Koko|Volt Switch|p2a: Galvantula\n|-resisted|p2a: Galvantula\n|-damage|p2a: Galvantula|64\/100\n|\n|switch|p1a: Landorus|Landorus-Therian, M|34\/100|[from]move: Volt Switch\n|-ability|p1a: Landorus|Intimidate|boost\n|-unboost|p2a: Galvantula|atk|1\n|move|p2a: Galvantula|Thunder|p1a: Landorus\n|-immune|p1a: Landorus\n|\n|upkeep\n|turn|21\n|\n|move|p2a: Galvantula|Hidden Power|p1a: Landorus\n|-supereffective|p1a: Landorus\n|-damage|p1a: Landorus|0 fnt\n|faint|p1a: Landorus\n|\n|upkeep\n|\n|switch|p1a: Tapu Koko|Tapu Koko|100\/100\n|turn|22\n|\n|move|p1a: Tapu Koko|Thunderbolt|p2a: Galvantula\n|-resisted|p2a: Galvantula\n|-damage|p2a: Galvantula|19\/100\n|move|p2a: Galvantula|Thunder|p1a: Tapu Koko\n|-resisted|p1a: Tapu Koko\n|-damage|p1a: Tapu Koko|47\/100\n|\n|upkeep\n|turn|23\n|\n|move|p1a: Tapu Koko|Volt Switch|p2a: Galvantula\n|-resisted|p2a: Galvantula\n|-damage|p2a: Galvantula|0 fnt\n|faint|p2a: Galvantula\n|\n|switch|p1a: Greninja|Greninja, M|100\/100|[from]move: Volt Switch\n|\n|-fieldend|move: Electric Terrain\n|upkeep\n|\n|switch|p2a: Gumshoos|Gumshoos, M|100\/100\n|turn|24\n|\n|move|p1a: Greninja|Dark Pulse|p2a: Gumshoos\n|-damage|p2a: Gumshoos|31\/100\n|move|p2a: Gumshoos|Thrash|p1a: Greninja\n|-damage|p1a: Greninja|0 fnt\n|faint|p1a: Greninja\n|\n|upkeep\n|\n|switch|p1a: Tapu Koko|Tapu Koko|47\/100\n|-fieldstart|move: Electric Terrain|[from] ability: Electric Surge|[of] p1a: Tapu Koko\n|turn|25\n|\n|move|p1a: Tapu Koko|Thunderbolt|p2a: Gumshoos\n|-damage|p2a: Gumshoos|0 fnt\n|faint|p2a: Gumshoos\n|\n|upkeep\n|\n|switch|p2a: Crawdaunt|Crawdaunt, M|100\/100\n|turn|26\n|c|\u2606tmtcmb|if u a good man u give me the win ...\n|c|\u2606tmtcmb|plz guys\n|c|\u2606Flashybee|if you live\n|c|\u2606Flashybee|you win\n|inactive|tmtcmb has 120 seconds left.\n|c|\u2606tmtcmb|lol\n|c|\u2606Flashybee|simple\n|n|\u203dtmtcmb|tmtcmb\n|\n|move|p2a: Crawdaunt|Aqua Jet|p1a: Tapu Koko\n|-damage|p1a: Tapu Koko|11\/100\n|move|p1a: Tapu Koko|Thunderbolt|p2a: Crawdaunt\n|-supereffective|p2a: Crawdaunt\n|-damage|p2a: Crawdaunt|0 fnt\n|faint|p2a: Crawdaunt\n|\n|win|tmtcmb\n|c|\u2606Flashybee|gg\n|l|\u2606Flashybee\n|raw|tmtcmb's rating: 1444 &rarr; <strong>1464<\/strong><br \/>(+20 for winning)\n|raw|Flashybee's rating: 1443 &rarr; <strong>1423<\/strong><br \/>(-20 for losing)\n","uploadtime":1567015063,"views":5,"p1id":"tmtcmb","p2id":"flashybee","formatid":"gen7ou","rating":1423,"private":0,"password":null}