{"id":"gen7ou-954268649","p1":"ghecisbestvillain","p2":"Ivarrr","format":"gen7ou","log":"|j|\u2606ghecisbestvillain\n|j|\u2606Ivarrr\n|player|p1|ghecisbestvillain|269|1658\n|player|p2|Ivarrr|102|1527\n|teamsize|p1|6\n|teamsize|p2|6\n|gametype|singles\n|gen|7\n|tier|[Gen 7] OU\n|rated|\n|rule|Sleep Clause Mod: Limit one foe put to sleep\n|rule|Species Clause: Limit one of each Pok\u00e9mon\n|rule|OHKO Clause: OHKO moves are banned\n|rule|Moody Clause: Moody is banned\n|rule|Evasion Moves Clause: Evasion moves are banned\n|rule|Endless Battle Clause: Forcing endless battles is banned\n|rule|HP Percentage Mod: HP is shown in percentages\n|clearpoke\n|poke|p1|Hawlucha, M|item\n|poke|p1|Clefable, F|item\n|poke|p1|Charizard, M|item\n|poke|p1|Tapu Koko|item\n|poke|p1|Magearna|item\n|poke|p1|Kyurem-Black|item\n|poke|p2|Landorus-Therian, M|item\n|poke|p2|Chansey, F|item\n|poke|p2|Sableye, F|item\n|poke|p2|Tangrowth, F|item\n|poke|p2|Toxapex, M|item\n|poke|p2|Buzzwole|item\n|teampreview\n|inactive|Battle timer is ON: inactive players will automatically lose when time's up. (requested by ghecisbestvillain)\n|\n|start\n|switch|p1a: Tapu Koko|Tapu Koko|100\/100\n|switch|p2a: Landorus|Landorus-Therian, M|100\/100\n|-fieldstart|move: Electric Terrain|[from] ability: Electric Surge|[of] p1a: Tapu Koko\n|-ability|p2a: Landorus|Intimidate|boost\n|-unboost|p1a: Tapu Koko|atk|1\n|turn|1\n|\n|move|p1a: Tapu Koko|Reflect|p1a: Tapu Koko\n|-sidestart|p1: ghecisbestvillain|Reflect\n|move|p2a: Landorus|Stealth Rock|p1a: Tapu Koko\n|-sidestart|p1: ghecisbestvillain|move: Stealth Rock\n|\n|upkeep\n|turn|2\n|\n|move|p1a: Tapu Koko|Light Screen|p1a: Tapu Koko\n|-sidestart|p1: ghecisbestvillain|move: Light Screen\n|move|p2a: Landorus|Toxic|p1a: Tapu Koko\n|-status|p1a: Tapu Koko|tox\n|\n|-damage|p1a: Tapu Koko|94\/100 tox|[from] psn\n|upkeep\n|turn|3\n|\n|move|p1a: Tapu Koko|Defog|p2a: Landorus\n|-unboost|p2a: Landorus|evasion|1\n|-sideend|p1: ghecisbestvillain|Stealth Rock|[from] move: Defog|[of] p1a: Tapu Koko\n|move|p2a: Landorus|U-turn|p1a: Tapu Koko\n|-resisted|p1a: Tapu Koko\n|-damage|p1a: Tapu Koko|89\/100 tox\n|\n|switch|p2a: Sableye|Sableye, F|100\/100|[from]move: U-turn\n|\n|-damage|p1a: Tapu Koko|77\/100 tox|[from] psn\n|upkeep\n|turn|4\n|\n|switch|p1a: Kyurem|Kyurem-Black|100\/100\n|-ability|p1a: Kyurem|Teravolt\n|detailschange|p2a: Sableye|Sableye-Mega, F\n|-mega|p2a: Sableye|Sableye|Sablenite\n|move|p2a: Sableye|Will-O-Wisp|p1a: Kyurem\n|-status|p1a: Kyurem|brn\n|\n|-damage|p1a: Kyurem|94\/100 brn|[from] brn\n|upkeep\n|turn|5\n|\n|switch|p1a: Magearna|Magearna|100\/100\n|move|p2a: Sableye|Calm Mind|p2a: Sableye\n|-boost|p2a: Sableye|spa|1\n|-boost|p2a: Sableye|spd|1\n|\n|-fieldend|move: Electric Terrain\n|upkeep\n|turn|6\n|\n|switch|p2a: Chansey|Chansey, F|100\/100\n|move|p1a: Magearna|Shift Gear|p1a: Magearna\n|-boost|p1a: Magearna|spe|2\n|-boost|p1a: Magearna|atk|1\n|\n|upkeep\n|turn|7\n|\n|move|p1a: Magearna|Shift Gear|p1a: Magearna\n|-boost|p1a: Magearna|spe|2\n|-boost|p1a: Magearna|atk|1\n|move|p2a: Chansey|Seismic Toss|p1a: Magearna\n|-damage|p1a: Magearna|67\/100\n|\n|upkeep\n|turn|8\n|\n|switch|p2a: Landorus|Landorus-Therian, M|100\/100\n|-ability|p2a: Landorus|Intimidate|boost\n|-unboost|p1a: Magearna|atk|1\n|move|p1a: Magearna|Brick Break|p2a: Landorus\n|-resisted|p2a: Landorus\n|-damage|p2a: Landorus|89\/100\n|-damage|p1a: Magearna|51\/100|[from] item: Rocky Helmet|[of] p2a: Landorus\n|\n|-sideend|p1: ghecisbestvillain|Reflect\n|upkeep\n|turn|9\n|\n|move|p1a: Magearna|Iron Head|p2a: Landorus\n|-damage|p2a: Landorus|50\/100\n|-damage|p1a: Magearna|34\/100|[from] item: Rocky Helmet|[of] p2a: Landorus\n|move|p2a: Landorus|Stealth Rock|p1a: Magearna\n|-sidestart|p1: ghecisbestvillain|move: Stealth Rock\n|\n|-sideend|p1: ghecisbestvillain|move: Light Screen\n|upkeep\n|turn|10\n|\n|switch|p2a: Tangrowth|Tangrowth, F|100\/100\n|-zpower|p1a: Magearna\n|move|p1a: Magearna|Shattered Psyche|p2a: Tangrowth|[zeffect]\n|-damage|p2a: Tangrowth|65\/100\n|\n|upkeep\n|turn|11\n|\n|move|p1a: Magearna|Shift Gear|p1a: Magearna\n|-boost|p1a: Magearna|spe|2\n|-boost|p1a: Magearna|atk|1\n|move|p2a: Tangrowth|Leech Seed|p1a: Magearna\n|-start|p1a: Magearna|move: Leech Seed\n|\n|-damage|p1a: Magearna|22\/100|[from] Leech Seed|[of] p2a: Tangrowth\n|-heal|p2a: Tangrowth|74\/100|[silent]\n|upkeep\n|turn|12\n|\n|move|p1a: Magearna|Zen Headbutt|p2a: Tangrowth\n|-damage|p2a: Tangrowth|49\/100\n|-damage|p1a: Magearna|5\/100|[from] item: Rocky Helmet|[of] p2a: Tangrowth\n|move|p2a: Tangrowth|Knock Off|p1a: Magearna\n|-resisted|p1a: Magearna\n|-damage|p1a: Magearna|0 fnt\n|faint|p1a: Magearna\n|\n|upkeep\n|\n|switch|p1a: Tapu Koko|Tapu Koko|77\/100 tox\n|-damage|p1a: Tapu Koko|64\/100 tox|[from] Stealth Rock\n|-fieldstart|move: Electric Terrain|[from] ability: Electric Surge|[of] p1a: Tapu Koko\n|turn|13\n|\n|move|p1a: Tapu Koko|Defog|p2a: Tangrowth\n|-unboost|p2a: Tangrowth|evasion|1\n|-sideend|p1: ghecisbestvillain|Stealth Rock|[from] move: Defog|[of] p1a: Tapu Koko\n|move|p2a: Tangrowth|Sludge Bomb|p1a: Tapu Koko\n|-supereffective|p1a: Tapu Koko\n|-damage|p1a: Tapu Koko|0 fnt\n|faint|p1a: Tapu Koko\n|\n|upkeep\n|inactive|ghecisbestvillain has 120 seconds left.\n|\n|switch|p1a: Hawlucha|Hawlucha, M|100\/100\n|-enditem|p1a: Hawlucha|Electric Seed\n|-boost|p1a: Hawlucha|def|1\n|turn|14\n|\n|move|p1a: Hawlucha|Swords Dance|p1a: Hawlucha\n|-boost|p1a: Hawlucha|atk|2\n|move|p2a: Tangrowth|Sludge Bomb|p1a: Hawlucha\n|-damage|p1a: Hawlucha|71\/100\n|-status|p1a: Hawlucha|psn\n|\n|-damage|p1a: Hawlucha|59\/100 psn|[from] psn\n|upkeep\n|turn|15\n|\n|move|p1a: Hawlucha|Rock Slide|p2a: Tangrowth\n|-damage|p2a: Tangrowth|25\/100\n|move|p2a: Tangrowth|Leech Seed|p1a: Hawlucha\n|-start|p1a: Hawlucha|move: Leech Seed\n|\n|-damage|p1a: Hawlucha|46\/100 psn|[from] Leech Seed|[of] p2a: Tangrowth\n|-heal|p2a: Tangrowth|34\/100|[silent]\n|-damage|p1a: Hawlucha|34\/100 psn|[from] psn\n|upkeep\n|turn|16\n|\n|move|p1a: Hawlucha|Drain Punch|p2a: Tangrowth\n|-damage|p2a: Tangrowth|1\/100\n|-heal|p1a: Hawlucha|57\/100 psn|[from] drain|[of] p2a: Tangrowth\n|-damage|p1a: Hawlucha|40\/100 psn|[from] item: Rocky Helmet|[of] p2a: Tangrowth\n|move|p2a: Tangrowth|Synthesis|p2a: Tangrowth\n|-heal|p2a: Tangrowth|51\/100\n|\n|-damage|p1a: Hawlucha|28\/100 psn|[from] Leech Seed|[of] p2a: Tangrowth\n|-heal|p2a: Tangrowth|60\/100|[silent]\n|-damage|p1a: Hawlucha|16\/100 psn|[from] psn\n|upkeep\n|turn|17\n|\n|move|p1a: Hawlucha|Acrobatics|p2a: Tangrowth\n|-supereffective|p2a: Tangrowth\n|-damage|p2a: Tangrowth|0 fnt\n|-damage|p1a: Hawlucha|0 fnt|[from] item: Rocky Helmet|[of] p2a: Tangrowth\n|faint|p2a: Tangrowth\n|faint|p1a: Hawlucha\n|\n|-fieldend|move: Electric Terrain\n|upkeep\n|\n|switch|p1a: Kyurem|Kyurem-Black|94\/100 brn\n|switch|p2a: Toxapex|Toxapex, M|100\/100\n|-ability|p1a: Kyurem|Teravolt\n|turn|18\n|\n|move|p2a: Toxapex|Baneful Bunker|p2a: Toxapex\n|-singleturn|p2a: Toxapex|move: Protect\n|move|p1a: Kyurem|Earth Power|p2a: Toxapex\n|-activate|p2a: Toxapex|move: Protect\n|\n|-damage|p1a: Kyurem|88\/100 brn|[from] brn\n|upkeep\n|turn|19\n|\n|switch|p2a: Chansey|Chansey, F|100\/100\n|move|p1a: Kyurem|Ice Beam|p2a: Chansey\n|-damage|p2a: Chansey|80\/100\n|-damage|p1a: Kyurem|78\/100 brn|[from] item: Life Orb\n|\n|-damage|p1a: Kyurem|72\/100 brn|[from] brn\n|upkeep\n|turn|20\n|\n|switch|p1a: Clefable|Clefable, F|100\/100\n|move|p2a: Chansey|Wish|p2a: Chansey\n|\n|upkeep\n|turn|21\n|\n|move|p1a: Clefable|Cosmic Power|p1a: Clefable\n|-boost|p1a: Clefable|def|1\n|-boost|p1a: Clefable|spd|1\n|move|p2a: Chansey|Toxic|p1a: Clefable\n|-status|p1a: Clefable|tox\n|\n|-heal|p2a: Chansey|100\/100|[from] move: Wish|[wisher] Chansey\n|upkeep\n|turn|22\n|\n|switch|p2a: Toxapex|Toxapex, M|100\/100\n|move|p1a: Clefable|Charge Beam|p2a: Toxapex\n|-supereffective|p2a: Toxapex\n|-damage|p2a: Toxapex|86\/100\n|-boost|p1a: Clefable|spa|1\n|\n|-heal|p2a: Toxapex|92\/100|[from] item: Black Sludge\n|upkeep\n|turn|23\n|\n|move|p1a: Clefable|Stored Power|p2a: Toxapex\n|-supereffective|p2a: Toxapex\n|-crit|p2a: Toxapex\n|-damage|p2a: Toxapex|40\/100\n|move|p2a: Toxapex|Haze|p2a: Toxapex\n|-clearallboost\n|\n|-heal|p2a: Toxapex|46\/100|[from] item: Black Sludge\n|upkeep\n|turn|24\n|\n|move|p1a: Clefable|Charge Beam|p2a: Toxapex\n|-supereffective|p2a: Toxapex\n|-damage|p2a: Toxapex|32\/100\n|move|p2a: Toxapex|Recover|p2a: Toxapex\n|-heal|p2a: Toxapex|82\/100\n|\n|-heal|p2a: Toxapex|88\/100|[from] item: Black Sludge\n|upkeep\n|turn|25\n|-message|ghecisbestvillain forfeited.\n|\n|win|Ivarrr\n|l|\u2606ghecisbestvillain\n|raw|ghecisbestvillain's rating: 1658 &rarr; <strong>1631<\/strong><br \/>(-27 for losing)\n|raw|Ivarrr's rating: 1527 &rarr; <strong>1554<\/strong><br \/>(+27 for winning)\n","uploadtime":1564738661,"views":4,"p1id":"ghecisbestvillain","p2id":"ivarrr","formatid":"gen7ou","rating":1554,"private":0,"password":null}