{"id":"gen7ou-750656665","p1":"CarlyBae","p2":"cubizolles","format":"gen7ou","log":"|j|\u2606CarlyBae\n|j|\u2606cubizolles\n|player|p1|CarlyBae|138\n|player|p2|cubizolles|25\n|teamsize|p1|6\n|teamsize|p2|6\n|gametype|singles\n|gen|7\n|tier|[Gen 7] OU\n|rated|\n|rule|Sleep Clause Mod: Limit one foe put to sleep\n|rule|Species Clause: Limit one of each Pok\u00e9mon\n|rule|OHKO Clause: OHKO moves are banned\n|rule|Moody Clause: Moody is banned\n|rule|Evasion Moves Clause: Evasion moves are banned\n|rule|Endless Battle Clause: Forcing endless battles is banned\n|rule|HP Percentage Mod: HP is shown in percentages\n|clearpoke\n|poke|p1|Shuckle, F|item\n|poke|p1|Tapu Lele|item\n|poke|p1|Bisharp, F|item\n|poke|p1|Sableye, M|item\n|poke|p1|Kartana|item\n|poke|p1|Manaphy|item\n|poke|p2|Alakazam, F|item\n|poke|p2|Zygarde|item\n|poke|p2|Darmanitan, M|item\n|poke|p2|Kartana|item\n|poke|p2|Tapu Fini|item\n|poke|p2|Thundurus-Therian, M|item\n|teampreview\n|\n|start\n|switch|p1a: Shuckle|Shuckle, F|100\/100\n|switch|p2a: un s\u00e9cateur|Kartana|100\/100\n|turn|1\n|\n|move|p2a: un s\u00e9cateur|Knock Off|p1a: Shuckle\n|-damage|p1a: Shuckle|77\/100\n|-enditem|p1a: Shuckle|Mental Herb|[from] move: Knock Off|[of] p2a: un s\u00e9cateur\n|move|p1a: Shuckle|Sticky Web|p2a: un s\u00e9cateur\n|-sidestart|p2: cubizolles|move: Sticky Web\n|\n|upkeep\n|turn|2\n|\n|move|p2a: un s\u00e9cateur|Smart Strike|p1a: Shuckle\n|-supereffective|p1a: Shuckle\n|-damage|p1a: Shuckle|24\/100\n|move|p1a: Shuckle|Stealth Rock|p2a: un s\u00e9cateur\n|-sidestart|p2: cubizolles|move: Stealth Rock\n|\n|upkeep\n|turn|3\n|\n|switch|p1a: Kartana|Kartana|100\/100\n|move|p2a: un s\u00e9cateur|Smart Strike|p1a: Kartana\n|-resisted|p1a: Kartana\n|-damage|p1a: Kartana|77\/100\n|\n|upkeep\n|turn|4\n|\n|switch|p1a: Sableye|Sableye, M|100\/100\n|move|p2a: un s\u00e9cateur|Sacred Sword|p1a: Sableye\n|-immune|p1a: Sableye|[msg]\n|\n|upkeep\n|turn|5\n|inactive|Battle timer is ON: inactive players will automatically lose when time's up. (requested by cubizolles)\n|\n|switch|p2a: tapa fini?|Tapu Fini|100\/100\n|-activate|p2a: tapa fini?|move: Sticky Web\n|-unboost|p2a: tapa fini?|spe|1\n|-damage|p2a: tapa fini?|88\/100|[from] Stealth Rock\n|-fieldstart|move: Misty Terrain|[from] ability: Misty Surge|[of] p2a: tapa fini?\n|-mega|p1a: Sableye|Sableye|Sablenite\n|detailschange|p1a: Sableye|Sableye-Mega, M\n|move|p1a: Sableye|Will-O-Wisp|p2a: tapa fini?|[miss]\n|-miss|p1a: Sableye|p2a: tapa fini?\n|\n|-heal|p2a: tapa fini?|94\/100|[from] item: Leftovers\n|upkeep\n|turn|6\n|\n|switch|p1a: Bisharp|Bisharp, F|100\/100\n|move|p2a: tapa fini?|Defog|p1a: Bisharp\n|-unboost|p1a: Bisharp|evasion|1\n|-ability|p1a: Bisharp|Defiant|boost\n|-boost|p1a: Bisharp|atk|2\n|-sideend|p2: cubizolles|Stealth Rock|[from] move: Defog|[of] p2a: tapa fini?\n|-sideend|p2: cubizolles|Sticky Web|[from] move: Defog|[of] p2a: tapa fini?\n|\n|-heal|p2a: tapa fini?|99\/100|[from] item: Leftovers\n|upkeep\n|turn|7\n|\n|move|p1a: Bisharp|Iron Head|p2a: tapa fini?\n|-damage|p2a: tapa fini?|0 fnt\n|-damage|p1a: Bisharp|91\/100|[from] item: Life Orb\n|faint|p2a: tapa fini?\n|\n|upkeep\n|\n|switch|p2a: un s\u00e9cateur|Kartana|100\/100\n|turn|8\n|\n|move|p1a: Bisharp|Sucker Punch|p2a: un s\u00e9cateur\n|-damage|p2a: un s\u00e9cateur|0 fnt\n|-damage|p1a: Bisharp|81\/100|[from] item: Life Orb\n|faint|p2a: un s\u00e9cateur\n|\n|upkeep\n|\n|switch|p2a: un sage random|Alakazam, F, shiny|100\/100\n|turn|9\n|\n|-mega|p2a: un sage random|Alakazam|Alakazite\n|detailschange|p2a: un sage random|Alakazam-Mega, F, shiny\n|-ability|p2a: un sage random|Defiant|[from] ability: Trace|[of] p1a: Bisharp\n|move|p2a: un sage random|Substitute|p2a: un sage random\n|-start|p2a: un sage random|Substitute\n|-damage|p2a: un sage random|76\/100\n|move|p1a: Bisharp|Knock Off|p2a: un sage random\n|-supereffective|p2a: un sage random\n|-end|p2a: un sage random|Substitute\n|-damage|p1a: Bisharp|71\/100|[from] item: Life Orb\n|\n|-fieldend|Misty Terrain\n|upkeep\n|turn|10\n|\n|move|p2a: un sage random|Substitute|p2a: un sage random\n|-start|p2a: un sage random|Substitute\n|-damage|p2a: un sage random|51\/100\n|move|p1a: Bisharp|Knock Off|p2a: un sage random\n|-supereffective|p2a: un sage random\n|-end|p2a: un sage random|Substitute\n|-damage|p1a: Bisharp|61\/100|[from] item: Life Orb\n|\n|upkeep\n|turn|11\n|\n|move|p1a: Bisharp|Sucker Punch|p2a: un sage random\n|-supereffective|p2a: un sage random\n|-damage|p2a: un sage random|0 fnt\n|-damage|p1a: Bisharp|51\/100|[from] item: Life Orb\n|faint|p2a: un sage random\n|\n|upkeep\n|\n|switch|p2a: songoku|Darmanitan, M, shiny|100\/100\n|turn|12\n|\n|move|p1a: Bisharp|Sucker Punch|p2a: songoku\n|-damage|p2a: songoku|0 fnt\n|-damage|p1a: Bisharp|41\/100|[from] item: Life Orb\n|faint|p2a: songoku\n|\n|upkeep\n|\n|switch|p2a: un serpent|Zygarde|100\/100\n|-ability|p2a: un serpent|Aura Break\n|turn|13\n|\n|move|p2a: un serpent|Thousand Arrows|p1a: Bisharp\n|-supereffective|p1a: Bisharp\n|-damage|p1a: Bisharp|0 fnt\n|faint|p1a: Bisharp\n|\n|upkeep\n|inactive|CarlyBae has 135 seconds left.\n|\n|switch|p1a: Kartana|Kartana|77\/100\n|turn|14\n|\n|move|p1a: Kartana|Leaf Blade|p2a: un serpent\n|-damage|p2a: un serpent|49\/100\n|move|p2a: un serpent|Dragon Dance|p2a: un serpent\n|-boost|p2a: un serpent|atk|1\n|-boost|p2a: un serpent|spe|1\n|\n|-heal|p2a: un serpent|55\/100|[from] item: Leftovers\n|upkeep\n|turn|15\n|\n|move|p2a: un serpent|Thousand Arrows|p1a: Kartana\n|-damage|p1a: Kartana|21\/100\n|move|p1a: Kartana|Leaf Blade|p2a: un serpent\n|-damage|p2a: un serpent|4\/100\n|\n|-heal|p2a: un serpent|11\/100|[from] item: Leftovers\n|upkeep\n|turn|16\n|\n|move|p2a: un serpent|Thousand Arrows|p1a: Kartana\n|-damage|p1a: Kartana|0 fnt\n|faint|p1a: Kartana\n|\n|-heal|p2a: un serpent|17\/100|[from] item: Leftovers\n|upkeep\n|\n|switch|p1a: Manaphy|Manaphy|100\/100\n|turn|17\n|inactive|cubizolles has 135 seconds left.\n|\n|move|p2a: un serpent|Thousand Arrows|p1a: Manaphy\n|-damage|p1a: Manaphy|42\/100\n|move|p1a: Manaphy|Surf|p2a: un serpent\n|-damage|p2a: un serpent|0 fnt\n|faint|p2a: un serpent\n|\n|upkeep\n|\n|switch|p2a: zeus|Thundurus-Therian, M, shiny|100\/100\n|turn|18\n|\n|move|p2a: zeus|Volt Switch|p1a: Manaphy\n|-supereffective|p1a: Manaphy\n|-damage|p1a: Manaphy|0 fnt\n|faint|p1a: Manaphy\n|\n|upkeep\n|\n|switch|p1a: Tapu Lele|Tapu Lele|100\/100\n|-fieldstart|move: Psychic Terrain|[from] ability: Psychic Surge|[of] p1a: Tapu Lele\n|turn|19\n|inactive|CarlyBae has 135 seconds left.\n|\n|move|p2a: zeus|Sludge Wave|p1a: Tapu Lele\n|-supereffective|p1a: Tapu Lele\n|-damage|p1a: Tapu Lele|24\/100\n|move|p1a: Tapu Lele|Psychic|p2a: zeus\n|-damage|p2a: zeus|0 fnt\n|faint|p2a: zeus\n|\n|win|CarlyBae\n|c|\u2606CarlyBae|gg\n|raw|CarlyBae's rating: 1500 &rarr; <strong>1517<\/strong><br \/>(+17 for winning)\n|raw|cubizolles's rating: 1442 &rarr; <strong>1425<\/strong><br \/>(-17 for losing)\n","inputlog":null,"uploadtime":1526915927,"views":4,"p1id":"carlybae","p2id":"cubizolles","formatid":"gen7ou","rating":1425,"private":0,"password":null}