{"id":"gen7ou-1394276514","p1":"Therockcena","p2":"ggg665","format":"gen7ou","log":"|j|\u2606Therockcena\n|j|\u2606ggg665\n|t:|1628653339\n|gametype|singles\n|player|p1|Therockcena|2|1362\n|player|p2|ggg665|101|1350\n|teamsize|p1|6\n|teamsize|p2|6\n|gen|7\n|tier|[Gen 7] OU\n|rated|\n|rule|Sleep Clause Mod: Limit one foe put to sleep\n|rule|Species Clause: Limit one of each Pok\u00e9mon\n|rule|OHKO Clause: OHKO moves are banned\n|rule|Moody Clause: Moody is banned\n|rule|Evasion Moves Clause: Evasion moves are banned\n|rule|Endless Battle Clause: Forcing endless battles is banned\n|rule|HP Percentage Mod: HP is shown in percentages\n|clearpoke\n|poke|p1|Victini|item\n|poke|p1|Kyurem-Black|item\n|poke|p1|Zapdos|item\n|poke|p1|Tapu Koko|item\n|poke|p1|Charizard, M|item\n|poke|p1|Tornadus-Therian, M|item\n|poke|p2|Charizard, M|item\n|poke|p2|Gliscor, F|item\n|poke|p2|Greninja, M|item\n|poke|p2|Tapu Koko|item\n|poke|p2|Tapu Lele|item\n|poke|p2|Dragonite, F|item\n|teampreview\n|inactive|Battle timer is ON: inactive players will automatically lose when time's up. (requested by ggg665)\n|c|\u2606Therockcena|glhf\n|c|\u2606Therockcena|i god how i miss gen 7\n|\n|t:|1628653365\n|start\n|switch|p1a: Charizard|Charizard, M|100\/100\n|switch|p2a: Gliscor|Gliscor, F|100\/100\n|turn|1\n|\n|t:|1628653370\n|detailschange|p1a: Charizard|Charizard-Mega-Y, M\n|-mega|p1a: Charizard|Charizard|Charizardite Y\n|-weather|SunnyDay|[from] ability: Drought|[of] p1a: Charizard\n|move|p2a: Gliscor|Toxic|p1a: Charizard\n|-status|p1a: Charizard|tox\n|move|p1a: Charizard|Flamethrower|p2a: Gliscor\n|-damage|p2a: Gliscor|0 fnt\n|faint|p2a: Gliscor\n|\n|-weather|SunnyDay|[upkeep]\n|-damage|p1a: Charizard|94\/100 tox|[from] psn\n|upkeep\n|c|\u2606ggg665|yea I like megas\n|\n|t:|1628653384\n|switch|p2a: Charizard|Charizard, M|100\/100\n|turn|2\n|\n|t:|1628653389\n|detailschange|p2a: Charizard|Charizard-Mega-X, M\n|-mega|p2a: Charizard|Charizard|Charizardite X\n|move|p1a: Charizard|Air Slash|p2a: Charizard\n|-damage|p2a: Charizard|45\/100\n|cant|p2a: Charizard|flinch\n|\n|-weather|SunnyDay|[upkeep]\n|-damage|p1a: Charizard|82\/100 tox|[from] psn\n|upkeep\n|turn|3\n|\n|t:|1628653401\n|move|p1a: Charizard|Air Slash|p2a: Charizard\n|-damage|p2a: Charizard|0 fnt\n|faint|p2a: Charizard\n|\n|-weather|SunnyDay|[upkeep]\n|-damage|p1a: Charizard|64\/100 tox|[from] psn\n|upkeep\n|\n|t:|1628653407\n|switch|p2a: Greninja|Greninja, M|100\/100\n|turn|4\n|c|\u2606Therockcena|its not even just the megas its all the pokmeon in general i love\n|\n|t:|1628653424\n|move|p2a: Greninja|Hydro Pump|p1a: Charizard\n|-supereffective|p1a: Charizard\n|-damage|p1a: Charizard|18\/100 tox\n|move|p1a: Charizard|Solar Beam||[still]\n|-prepare|p1a: Charizard|Solar Beam\n|-anim|p1a: Charizard|Solar Beam|p2a: Greninja\n|-supereffective|p2a: Greninja\n|-enditem|p2a: Greninja|Focus Sash\n|-damage|p2a: Greninja|1\/100\n|\n|-weather|SunnyDay|[upkeep]\n|-damage|p1a: Charizard|0 fnt|[from] psn\n|faint|p1a: Charizard\n|upkeep\n|\n|t:|1628653440\n|switch|p1a: Tapu Koko|Tapu Koko|100\/100\n|-fieldstart|move: Electric Terrain|[from] ability: Electric Surge|[of] p1a: Tapu Koko\n|turn|5\n|\n|t:|1628653451\n|move|p1a: Tapu Koko|Volt Switch|p2a: Greninja\n|-supereffective|p2a: Greninja\n|-damage|p2a: Greninja|0 fnt\n|faint|p2a: Greninja\n|-message|ggg665 forfeited.\n|\n|win|Therockcena\n|raw|Therockcena's rating: 1362 &rarr; <strong>1381<\/strong><br \/>(+19 for winning)\n|raw|ggg665's rating: 1350 &rarr; <strong>1331<\/strong><br \/>(-19 for losing)\n|l|\u2606ggg665\n","uploadtime":1628653460,"views":1,"p1id":"therockcena","p2id":"ggg665","formatid":"gen7ou","rating":1331,"private":0,"password":null}