{"id":"gen7anythinggoes-1635938016","p1":"ARIKHON","p2":"Rediyu","format":"gen7anythinggoes","log":"|j|\u2606ARIKHON\n|j|\u2606Rediyu\n|t:|1660069033\n|gametype|singles\n|player|p1|ARIKHON|ghetsis|\n|player|p2|Rediyu|guitarist|\n|teamsize|p1|6\n|teamsize|p2|6\n|gen|7\n|tier|[Gen 7] Anything Goes\n|rule|HP Percentage Mod: HP is shown in percentages\n|rule|Endless Battle Clause: Forcing endless battles is banned\n|clearpoke\n|poke|p1|Latios, M|item\n|poke|p1|Kartana|item\n|poke|p1|Magnezone|item\n|poke|p1|Gengar, F|item\n|poke|p1|Weezing, M|item\n|poke|p1|Tapu Fini|item\n|poke|p2|Gardevoir, F|item\n|poke|p2|Tapu Koko|item\n|poke|p2|Dragonite, M|item\n|poke|p2|Rhyperior, M|item\n|poke|p2|Chansey, F|item\n|poke|p2|Honchkrow, F|item\n|teampreview\n|c|\u2606Rediyu|gl hf dir\n|c|\u2606ARIKHON|Glhf\n|\n|t:|1660069111\n|start\n|switch|p1a: Weezing|Weezing, M|100\/100\n|switch|p2a: Gin|Tapu Koko|100\/100\n|-fieldstart|move: Electric Terrain|[from] ability: Electric Surge|[of] p2a: Gin\n|turn|1\n|\n|t:|1660069123\n|move|p2a: Gin|Volt Switch|p1a: Weezing\n|-damage|p1a: Weezing|7\/100\n|-damage|p2a: Gin|91\/100|[from] item: Life Orb\n|c|\u2606ARIKHON|AUA\n|c|\u2606ARIKHON|SEHR AUA\n|c|\u2606ARIKHON|SEHR VIEL AUA\n|c|\u2606ARIKHON|WASN DA LOS\n|\n|t:|1660069165\n|switch|p2a: Vodka|Chansey, F|100\/100|[from]move: Volt Switch\n|move|p1a: Weezing|Toxic Spikes|p2a: Vodka\n|-sidestart|p2: Rediyu|move: Toxic Spikes\n|\n|-heal|p1a: Weezing|13\/100|[from] item: Black Sludge\n|upkeep\n|turn|2\n|\n|t:|1660069173\n|move|p1a: Weezing|Toxic Spikes|p2a: Vodka\n|-sidestart|p2: Rediyu|move: Toxic Spikes\n|move|p2a: Vodka|Stealth Rock|p1a: Weezing\n|-sidestart|p1: ARIKHON|move: Stealth Rock\n|\n|-heal|p1a: Weezing|19\/100|[from] item: Black Sludge\n|upkeep\n|turn|3\n|\n|t:|1660069185\n|switch|p2a: Whiskey|Honchkrow, F|100\/100\n|move|p1a: Weezing|Sludge Bomb|p2a: Whiskey\n|-damage|p2a: Whiskey|57\/100\n|-status|p2a: Whiskey|psn\n|\n|-heal|p1a: Weezing|25\/100|[from] item: Black Sludge\n|-damage|p2a: Whiskey|45\/100 psn|[from] psn\n|upkeep\n|turn|4\n|\n|t:|1660069208\n|move|p2a: Whiskey|Night Slash|p1a: Weezing\n|-damage|p1a: Weezing|0 fnt\n|faint|p1a: Weezing\n|\n|-damage|p2a: Whiskey|33\/100 psn|[from] psn\n|upkeep\n|c|\u2606ARIKHON|F an dich min jung du hast viel getan\n|\n|t:|1660069234\n|switch|p1a: Magnezone|Magnezone|100\/100\n|-damage|p1a: Magnezone|94\/100|[from] Stealth Rock\n|turn|5\n|\n|t:|1660069246\n|move|p2a: Whiskey|Night Slash|p1a: Magnezone\n|-crit|p1a: Magnezone\n|-damage|p1a: Magnezone|20\/100\n|-damage|p2a: Whiskey|16\/100 psn|[from] item: Rocky Helmet|[of] p1a: Magnezone\n|move|p1a: Magnezone|Flash Cannon|p2a: Whiskey\n|-damage|p2a: Whiskey|0 fnt\n|faint|p2a: Whiskey\n|\n|-fieldend|move: Electric Terrain\n|upkeep\n|\n|t:|1660069332\n|switch|p2a: Rotwein|Gardevoir, F|100\/100\n|-status|p2a: Rotwein|tox\n|-ability|p2a: Rotwein|Sturdy|[from] ability: Trace|[of] p1a: Magnezone\n|turn|6\n|c|\u2606ARIKHON|Alda viel famage machen bitte deine mons?\n|c|\u2606ARIKHON|Was soln das\n|\n|t:|1660069342\n|detailschange|p2a: Rotwein|Gardevoir-Mega, F\n|-mega|p2a: Rotwein|Gardevoir|Gardevoirite\n|move|p2a: Rotwein|Hyper Voice|p1a: Magnezone\n|-resisted|p1a: Magnezone\n|-damage|p1a: Magnezone|0 fnt\n|faint|p1a: Magnezone\n|\n|-damage|p2a: Rotwein|94\/100 tox|[from] psn\n|upkeep\n|\n|t:|1660069353\n|switch|p1a: Gengar|Gengar, F|100\/100\n|-damage|p1a: Gengar|88\/100|[from] Stealth Rock\n|turn|7\n|\n|t:|1660069364\n|switch|p2a: Vodka|Chansey, F|100\/100\n|-status|p2a: Vodka|tox\n|move|p1a: Gengar|Destiny Bond|p1a: Gengar\n|-singlemove|p1a: Gengar|Destiny Bond\n|\n|-damage|p2a: Vodka|94\/100 tox|[from] psn\n|upkeep\n|turn|8\n|\n|t:|1660069375\n|switch|p1a: Kartana|Kartana|100\/100\n|-damage|p1a: Kartana|94\/100|[from] Stealth Rock\n|move|p2a: Vodka|Hidden Power|p1a: Kartana\n|-damage|p1a: Kartana|70\/100\n|\n|-damage|p2a: Vodka|82\/100 tox|[from] psn\n|upkeep\n|turn|9\n|\n|t:|1660069386\n|-curestatus|p2a: Vodka|tox|[from] ability: Natural Cure\n|switch|p2a: Rum|Dragonite, M|100\/100\n|move|p1a: Kartana|Swords Dance|p1a: Kartana\n|-boost|p1a: Kartana|atk|2\n|\n|upkeep\n|turn|10\n|\n|t:|1660069398\n|move|p1a: Kartana|Smart Strike|p2a: Rum\n|-damage|p2a: Rum|70\/100\n|-damage|p1a: Kartana|53\/100|[from] item: Rocky Helmet|[of] p2a: Rum\n|move|p2a: Rum|Flamethrower|p1a: Kartana\n|-supereffective|p1a: Kartana\n|-damage|p1a: Kartana|0 fnt\n|faint|p1a: Kartana\n|\n|upkeep\n|\n|t:|1660069409\n|switch|p1a: Latios|Latios, M|100\/100\n|-damage|p1a: Latios|88\/100|[from] Stealth Rock\n|turn|11\n|\n|t:|1660069462\n|switch|p2a: Vodka|Chansey, F|82\/100\n|-status|p2a: Vodka|tox\n|detailschange|p1a: Latios|Latios-Mega, M\n|-mega|p1a: Latios|Latios|Latiosite\n|move|p1a: Latios|Ice Beam|p2a: Vodka\n|-damage|p2a: Vodka|69\/100 tox\n|\n|-damage|p2a: Vodka|63\/100 tox|[from] psn\n|upkeep\n|turn|12\n|\n|t:|1660069479\n|switch|p1a: Tapu Fini|Tapu Fini|100\/100\n|-damage|p1a: Tapu Fini|88\/100|[from] Stealth Rock\n|-fieldstart|move: Misty Terrain|[from] ability: Misty Surge|[of] p1a: Tapu Fini\n|move|p2a: Vodka|Toxic|p1a: Tapu Fini\n|-activate|p1a: Tapu Fini|move: Misty Terrain\n|\n|-heal|p1a: Tapu Fini|94\/100|[from] item: Leftovers\n|-damage|p2a: Vodka|51\/100 tox|[from] psn\n|upkeep\n|turn|13\n|\n|t:|1660069498\n|-curestatus|p2a: Vodka|tox|[from] ability: Natural Cure\n|switch|p2a: Gin|Tapu Koko|91\/100\n|-fieldstart|move: Electric Terrain|[from] ability: Electric Surge|[of] p2a: Gin\n|move|p1a: Tapu Fini|Knock Off|p2a: Gin\n|-resisted|p2a: Gin\n|-damage|p2a: Gin|80\/100\n|-enditem|p2a: Gin|Life Orb|[from] move: Knock Off|[of] p1a: Tapu Fini\n|\n|-heal|p1a: Tapu Fini|99\/100|[from] item: Leftovers\n|upkeep\n|turn|14\n|\n|t:|1660069513\n|switch|p1a: Latios|Latios-Mega, M|88\/100\n|-damage|p1a: Latios|76\/100|[from] Stealth Rock\n|move|p2a: Gin|Thunderbolt|p1a: Latios\n|-resisted|p1a: Latios\n|-damage|p1a: Latios|47\/100\n|\n|upkeep\n|turn|15\n|c|\u2606ARIKHON|Missklick...\n|c|\u2606ARIKHON|Ich liebe es\n|c|\u2606Rediyu|f\n|\n|t:|1660069540\n|switch|p1a: Gengar|Gengar, F|88\/100\n|-damage|p1a: Gengar|76\/100|[from] Stealth Rock\n|move|p2a: Gin|Dazzling Gleam|p1a: Gengar\n|-resisted|p1a: Gengar\n|-damage|p1a: Gengar|44\/100\n|-start|p2a: Gin|Disable|Dazzling Gleam|[from] ability: Cursed Body|[of] p1a: Gengar\n|\n|upkeep\n|turn|16\n|\n|t:|1660069569\n|switch|p2a: Vodka|Chansey, F|51\/100\n|-status|p2a: Vodka|tox\n|move|p1a: Gengar|Shadow Ball|p2a: Vodka\n|-immune|p2a: Vodka\n|\n|-damage|p2a: Vodka|45\/100 tox|[from] psn\n|upkeep\n|turn|17\n|\n|t:|1660069585\n|switch|p1a: Latios|Latios-Mega, M|47\/100\n|-damage|p1a: Latios|35\/100|[from] Stealth Rock\n|move|p2a: Vodka|Soft-Boiled|p2a: Vodka\n|-heal|p2a: Vodka|95\/100 tox\n|\n|-damage|p2a: Vodka|83\/100 tox|[from] psn\n|-fieldend|move: Electric Terrain\n|upkeep\n|turn|18\n|\n|t:|1660069605\n|move|p1a: Latios|Hidden Power|p2a: Vodka\n|-damage|p2a: Vodka|75\/100 tox\n|move|p2a: Vodka|Toxic|p1a: Latios\n|-status|p1a: Latios|tox\n|\n|-damage|p1a: Latios|29\/100 tox|[from] psn\n|-damage|p2a: Vodka|57\/100 tox|[from] psn\n|upkeep\n|turn|19\n|\n|t:|1660069615\n|move|p1a: Latios|Psychic|p2a: Vodka\n|-damage|p2a: Vodka|38\/100 tox\n|move|p2a: Vodka|Soft-Boiled|p2a: Vodka\n|-heal|p2a: Vodka|88\/100 tox\n|\n|-damage|p1a: Latios|17\/100 tox|[from] psn\n|-damage|p2a: Vodka|64\/100 tox|[from] psn\n|upkeep\n|turn|20\n|\n|t:|1660069627\n|move|p1a: Latios|Psychic|p2a: Vodka\n|-damage|p2a: Vodka|46\/100 tox\n|move|p2a: Vodka|Soft-Boiled|p2a: Vodka\n|-heal|p2a: Vodka|96\/100 tox\n|\n|-damage|p1a: Latios|0 fnt|[from] psn\n|faint|p1a: Latios\n|-damage|p2a: Vodka|66\/100 tox|[from] psn\n|upkeep\n|\n|t:|1660069638\n|switch|p1a: Tapu Fini|Tapu Fini|99\/100\n|-damage|p1a: Tapu Fini|88\/100|[from] Stealth Rock\n|-fieldstart|move: Misty Terrain|[from] ability: Misty Surge|[of] p1a: Tapu Fini\n|turn|21\n|\n|t:|1660069650\n|-curestatus|p2a: Vodka|tox|[from] ability: Natural Cure\n|switch|p2a: Gin|Tapu Koko|80\/100\n|-fieldstart|move: Electric Terrain|[from] ability: Electric Surge|[of] p2a: Gin\n|move|p1a: Tapu Fini|Moonblast|p2a: Gin\n|-damage|p2a: Gin|22\/100\n|-unboost|p2a: Gin|spa|1\n|\n|-heal|p1a: Tapu Fini|94\/100|[from] item: Leftovers\n|upkeep\n|turn|22\n|\n|t:|1660069665\n|move|p2a: Gin|Volt Switch|p1a: Tapu Fini\n|-supereffective|p1a: Tapu Fini\n|-damage|p1a: Tapu Fini|41\/100\n|\n|t:|1660069672\n|switch|p2a: Rotwein|Gardevoir-Mega, F|94\/100 tox|[from]move: Volt Switch\n|move|p1a: Tapu Fini|Moonblast|p2a: Rotwein\n|-damage|p2a: Rotwein|60\/100 tox\n|-unboost|p2a: Rotwein|spa|1\n|\n|-heal|p1a: Tapu Fini|48\/100|[from] item: Leftovers\n|-damage|p2a: Rotwein|54\/100 tox|[from] psn\n|upkeep\n|turn|23\n|\n|t:|1660069686\n|move|p2a: Rotwein|Hyper Voice|p1a: Tapu Fini\n|-damage|p1a: Tapu Fini|12\/100\n|move|p1a: Tapu Fini|Moonblast|p2a: Rotwein\n|-damage|p2a: Rotwein|16\/100 tox\n|-unboost|p2a: Rotwein|spa|1\n|\n|-heal|p1a: Tapu Fini|18\/100|[from] item: Leftovers\n|-damage|p2a: Rotwein|4\/100 tox|[from] psn\n|upkeep\n|turn|24\n|\n|t:|1660069700\n|switch|p2a: Vodka|Chansey, F|66\/100\n|-status|p2a: Vodka|tox\n|move|p1a: Tapu Fini|Moonblast|p2a: Vodka\n|-damage|p2a: Vodka|52\/100 tox\n|\n|-heal|p1a: Tapu Fini|24\/100|[from] item: Leftovers\n|-damage|p2a: Vodka|46\/100 tox|[from] psn\n|upkeep\n|turn|25\n|\n|t:|1660069711\n|switch|p1a: Gengar|Gengar, F|44\/100\n|-damage|p1a: Gengar|32\/100|[from] Stealth Rock\n|move|p2a: Vodka|Soft-Boiled|p2a: Vodka\n|-heal|p2a: Vodka|96\/100 tox\n|\n|-damage|p2a: Vodka|84\/100 tox|[from] psn\n|-fieldend|move: Electric Terrain\n|upkeep\n|turn|26\n|\n|t:|1660069721\n|switch|p1a: Tapu Fini|Tapu Fini|24\/100\n|-damage|p1a: Tapu Fini|12\/100|[from] Stealth Rock\n|-fieldstart|move: Misty Terrain|[from] ability: Misty Surge|[of] p1a: Tapu Fini\n|move|p2a: Vodka|Hidden Power|p1a: Tapu Fini\n|-damage|p1a: Tapu Fini|5\/100\n|\n|-heal|p1a: Tapu Fini|11\/100|[from] item: Leftovers\n|-damage|p2a: Vodka|66\/100 tox|[from] psn\n|upkeep\n|turn|27\n|\n|t:|1660069752\n|-curestatus|p2a: Vodka|tox|[from] ability: Natural Cure\n|switch|p2a: Wei\u00dfbier|Rhyperior, M|100\/100\n|move|p1a: Tapu Fini|Moonblast|p2a: Wei\u00dfbier\n|-damage|p2a: Wei\u00dfbier|72\/100\n|-unboost|p2a: Wei\u00dfbier|spa|1\n|\n|-heal|p1a: Tapu Fini|17\/100|[from] item: Leftovers\n|upkeep\n|turn|28\n|\n|t:|1660069772\n|move|p1a: Tapu Fini|Grass Knot|p2a: Wei\u00dfbier\n|-supereffective|p2a: Wei\u00dfbier\n|-damage|p2a: Wei\u00dfbier|7\/100\n|move|p2a: Wei\u00dfbier|Earthquake|p1a: Tapu Fini\n|-crit|p1a: Tapu Fini\n|-damage|p1a: Tapu Fini|0 fnt\n|faint|p1a: Tapu Fini\n|\n|upkeep\n|c|\u2606ARIKHON|Schade\n|\n|t:|1660069783\n|switch|p1a: Gengar|Gengar, F|32\/100\n|-damage|p1a: Gengar|19\/100|[from] Stealth Rock\n|turn|29\n|c|\u2606Rediyu|close\n|\n|t:|1660069790\n|switch|p2a: Vodka|Chansey, F|66\/100\n|move|p1a: Gengar|Dazzling Gleam|p2a: Vodka\n|-damage|p2a: Vodka|56\/100\n|\n|upkeep\n|turn|30\n|c|\u2606ARIKHON|Gg\n|c|\u2606Rediyu|gg\n|\n|t:|1660069806\n|move|p1a: Gengar|Dazzling Gleam|p2a: Vodka\n|-damage|p2a: Vodka|47\/100\n|move|p2a: Vodka|Soft-Boiled|p2a: Vodka\n|-heal|p2a: Vodka|97\/100\n|\n|-fieldend|Misty Terrain\n|upkeep\n|turn|31\n|\n|t:|1660069814\n|move|p1a: Gengar|Dazzling Gleam|p2a: Vodka\n|-damage|p2a: Vodka|88\/100\n|move|p2a: Vodka|Hidden Power|p1a: Gengar\n|-supereffective|p1a: Gengar\n|-crit|p1a: Gengar\n|-damage|p1a: Gengar|0 fnt\n|-start|p2a: Vodka|Disable|Hidden Power|[from] ability: Cursed Body|[of] p1a: Gengar\n|faint|p1a: Gengar\n|\n|win|Rediyu\n","uploadtime":1660069823,"views":11,"p1id":"arikhon","p2id":"rediyu","formatid":"gen7anythinggoes","rating":0,"private":0,"password":null}