{"id":"gen7anythinggoes-972097248","p1":"cant breathe","p2":"Walletinspector62","format":"gen7anythinggoes","log":"|j|\u2606cant breathe\n|j|\u2606Walletinspector62\n|player|p1|cant breathe|15|\n|player|p2|Walletinspector62|2|\n|teamsize|p1|6\n|teamsize|p2|6\n|gametype|singles\n|gen|7\n|tier|[Gen 7] Anything Goes\n|rule|Endless Battle Clause: Forcing endless battles is banned\n|clearpoke\n|poke|p1|Meditite, L5, M|item\n|poke|p1|Snivy, L5, M|item\n|poke|p1|Chimchar, L5, F|item\n|poke|p1|Geodude, L5, M|item\n|poke|p1|Rufflet, L5, M|item\n|poke|p1|Mareanie, L5, F|item\n|poke|p2|Yanma, L5, M|item\n|poke|p2|Ferroseed, L5, M|item\n|poke|p2|Elekid, L5, M|item\n|poke|p2|Shellder, L5, M|item\n|poke|p2|Diglett, L5, M|item\n|poke|p2|Igglybuff, L5, M|item\n|rule|HP Percentage Mod: HP is shown in percentages\n|teampreview\n|c|\u2606Walletinspector62|Glhf\n|c|\u2606cant breathe|Ah just as I predicted those 6 coming\n|c|\u2606cant breathe|u2 :]\n|c|\u2606cant breathe|Can you get the replay after Pls?\n|c|\u2606Walletinspector62|Alright\n|\n|start\n|switch|p1a: Chimchar|Chimchar, L5, F|100\/100\n|switch|p2a: Cause you make my|Diglett, L5, M, shiny|100\/100\n|turn|1\n|\n|move|p1a: Chimchar|Fake Out|p2a: Cause you make my\n|-damage|p2a: Cause you make my|71\/100\n|cant|p2a: Cause you make my|flinch\n|\n|upkeep\n|turn|2\n|\n|move|p2a: Cause you make my|Earthquake|p1a: Chimchar\n|-supereffective|p1a: Chimchar\n|-enditem|p1a: Chimchar|Focus Sash\n|-damage|p1a: Chimchar|5\/100\n|move|p1a: Chimchar|Flamethrower|p2a: Cause you make my\n|-damage|p2a: Cause you make my|0 fnt\n|faint|p2a: Cause you make my\n|\n|upkeep\n|\n|switch|p2a: Redhead|Shellder, L5, M, shiny|100\/100\n|turn|3\n|\n|move|p2a: Redhead|Liquidation|p1a: Chimchar\n|-supereffective|p1a: Chimchar\n|-damage|p1a: Chimchar|0 fnt\n|faint|p1a: Chimchar\n|\n|upkeep\n|\n|switch|p1a: Snivy|Snivy, L5, M|100\/100\n|turn|4\n|\n|switch|p2a: Durian|Ferroseed, L5, M, shiny|100\/100\n|move|p1a: Snivy|Glare|p2a: Durian\n|-status|p2a: Durian|par\n|\n|upkeep\n|turn|5\n|\n|switch|p1a: Meditite|Meditite, L5, M, shiny|100\/100\n|cant|p2a: Durian|par\n|\n|upkeep\n|turn|6\n|\n|switch|p2a: No Fairy Stab :(|Igglybuff, L5, M, shiny|100\/100\n|move|p1a: Meditite|Fire Punch|p2a: No Fairy Stab :(\n|-damage|p2a: No Fairy Stab :(|20\/100\n|\n|upkeep\n|turn|7\n|\n|move|p1a: Meditite|Bullet Punch|p2a: No Fairy Stab :(\n|-supereffective|p2a: No Fairy Stab :(\n|-damage|p2a: No Fairy Stab :(|0 fnt\n|faint|p2a: No Fairy Stab :(\n|\n|upkeep\n|\n|switch|p2a: Blue Angel|Yanma, L5, M, shiny|100\/100\n|turn|8\n|\n|switch|p1a: Mareanie|Mareanie, L5, F|100\/100\n|move|p2a: Blue Angel|U-turn|p1a: Mareanie\n|-resisted|p1a: Mareanie\n|-damage|p1a: Mareanie|92\/100\n|\n|switch|p2a: Yikes|Elekid, L5, M, shiny|100\/100|[from]move: U-turn\n|\n|upkeep\n|turn|9\n|\n|move|p2a: Yikes|Fire Punch|p1a: Mareanie\n|-resisted|p1a: Mareanie\n|-damage|p1a: Mareanie|79\/100\n|-damage|p2a: Yikes|95\/100|[from] item: Life Orb\n|move|p1a: Mareanie|Knock Off|p2a: Yikes\n|-damage|p2a: Yikes|37\/100\n|-enditem|p2a: Yikes|Life Orb|[from] move: Knock Off|[of] p1a: Mareanie\n|\n|upkeep\n|turn|10\n|\n|move|p2a: Yikes|Thunderbolt|p1a: Mareanie\n|-supereffective|p1a: Mareanie\n|-damage|p1a: Mareanie|0 fnt\n|faint|p1a: Mareanie\n|\n|upkeep\n|\n|switch|p1a: Snivy|Snivy, L5, M|100\/100\n|turn|11\n|\n|switch|p2a: Durian|Ferroseed, L5, M, shiny|100\/100 par\n|move|p1a: Snivy|Leaf Storm|p2a: Durian|[miss]\n|-miss|p1a: Snivy|p2a: Durian\n|\n|upkeep\n|turn|12\n|\n|move|p1a: Snivy|Leaf Storm|p2a: Durian\n|-resisted|p2a: Durian\n|-damage|p2a: Durian|85\/100 par\n|-boost|p1a: Snivy|spa|2\n|move|p2a: Durian|Gyro Ball|p1a: Snivy\n|-damage|p1a: Snivy|46\/100\n|\n|upkeep\n|turn|13\n|\n|move|p1a: Snivy|Hidden Power|p2a: Durian\n|-supereffective|p2a: Durian\n|-enditem|p2a: Durian|Occa Berry|[eat]\n|-enditem|p2a: Durian|Occa Berry|[weaken]\n|-damage|p2a: Durian|15\/100 par\n|move|p2a: Durian|Gyro Ball|p1a: Snivy\n|-damage|p1a: Snivy|0 fnt\n|faint|p1a: Snivy\n|\n|upkeep\n|\n|switch|p1a: Meditite|Meditite, L5, M, shiny|100\/100\n|turn|14\n|\n|move|p1a: Meditite|Fire Punch|p2a: Durian\n|-supereffective|p2a: Durian\n|-damage|p2a: Durian|0 fnt\n|-damage|p1a: Meditite|90\/100|[from] ability: Iron Barbs|[of] p2a: Durian\n|faint|p2a: Durian\n|\n|upkeep\n|\n|switch|p2a: Blue Angel|Yanma, L5, M, shiny|100\/100\n|turn|15\n|\n|switch|p1a: Rufflet|Rufflet, L5, M|100\/100\n|move|p2a: Blue Angel|Air Slash|p1a: Rufflet\n|-damage|p1a: Rufflet|9\/100\n|\n|-ability|p2a: Blue Angel|Speed Boost|boost\n|-boost|p2a: Blue Angel|spe|1\n|upkeep\n|turn|16\n|\n|move|p2a: Blue Angel|Air Slash|p1a: Rufflet\n|-damage|p1a: Rufflet|0 fnt\n|faint|p1a: Rufflet\n|\n|-ability|p2a: Blue Angel|Speed Boost|boost\n|-boost|p2a: Blue Angel|spe|1\n|upkeep\n|\n|switch|p1a: Geodude|Geodude, L5, M|100\/100\n|turn|17\n|\n|switch|p2a: Yikes|Elekid, L5, M, shiny|37\/100\n|move|p1a: Geodude|Stealth Rock|p2a: Yikes\n|-sidestart|p2: Walletinspector62|move: Stealth Rock\n|\n|upkeep\n|turn|18\n|\n|move|p2a: Yikes|Hidden Power|p1a: Geodude\n|-supereffective|p1a: Geodude\n|-ability|p1a: Geodude|Sturdy\n|-damage|p1a: Geodude|5\/100\n|-enditem|p1a: Geodude|Berry Juice\n|-heal|p1a: Geodude|100\/100|[from] item: Berry Juice\n|move|p1a: Geodude|Earthquake|p2a: Yikes\n|-supereffective|p2a: Yikes\n|-damage|p2a: Yikes|0 fnt\n|faint|p2a: Yikes\n|\n|upkeep\n|\n|switch|p2a: Redhead|Shellder, L5, M, shiny|100\/100\n|-damage|p2a: Redhead|90\/100|[from] Stealth Rock\n|turn|19\n|\n|switch|p1a: Meditite|Meditite, L5, M, shiny|90\/100\n|move|p2a: Redhead|Icicle Spear|p1a: Meditite\n|-damage|p1a: Meditite|74\/100\n|-damage|p1a: Meditite|58\/100\n|-damage|p1a: Meditite|43\/100\n|-damage|p1a: Meditite|27\/100\n|-damage|p1a: Meditite|11\/100\n|-hitcount|p1a: Meditite|5\n|\n|upkeep\n|turn|20\n|\n|move|p1a: Meditite|Fake Out|p2a: Redhead\n|-damage|p2a: Redhead|58\/100\n|cant|p2a: Redhead|flinch\n|\n|upkeep\n|turn|21\n|\n|move|p2a: Redhead|Icicle Spear|p1a: Meditite\n|-crit|p1a: Meditite\n|-damage|p1a: Meditite|0 fnt\n|-hitcount|p1a: Meditite|1\n|faint|p1a: Meditite\n|\n|upkeep\n|\n|switch|p1a: Geodude|Geodude, L5, M|100\/100\n|turn|22\n|c|\u2606cant breathe|gg\n|c|\u2606Walletinspector62|gg\n|\n|move|p2a: Redhead|Icicle Spear|p1a: Geodude\n|-supereffective|p1a: Geodude\n|-damage|p1a: Geodude|80\/100\n|-supereffective|p1a: Geodude\n|-damage|p1a: Geodude|60\/100\n|-supereffective|p1a: Geodude\n|-damage|p1a: Geodude|40\/100\n|-supereffective|p1a: Geodude\n|-damage|p1a: Geodude|20\/100\n|-supereffective|p1a: Geodude\n|-damage|p1a: Geodude|0 fnt\n|-hitcount|p1a: Geodude|5\n|faint|p1a: Geodude\n|\n|win|Walletinspector62\n|l|\u2606Walletinspector62\n","uploadtime":1567816714,"views":3,"p1id":"cantbreathe","p2id":"walletinspector62","formatid":"gen7anythinggoes","rating":0,"private":0,"password":null}