{"id":"gen7ou-845138704","p1":"uuuuiiii","p2":"Breaddump","format":"gen7ou","log":"|j|\u2606uuuuiiii\n|j|\u2606Breaddump\n|player|p1|uuuuiiii|101\n|player|p2|Breaddump|254\n|teamsize|p1|6\n|teamsize|p2|6\n|gametype|singles\n|gen|7\n|tier|[Gen 7] OU\n|rated|\n|rule|Sleep Clause Mod: Limit one foe put to sleep\n|rule|Species Clause: Limit one of each Pok\u00e9mon\n|rule|OHKO Clause: OHKO moves are banned\n|rule|Moody Clause: Moody is banned\n|rule|Evasion Moves Clause: Evasion moves are banned\n|rule|Endless Battle Clause: Forcing endless battles is banned\n|rule|HP Percentage Mod: HP is shown in percentages\n|clearpoke\n|poke|p1|Greninja, M|item\n|poke|p1|Tapu Koko|item\n|poke|p1|Kyurem-Black|item\n|poke|p1|Landorus-Therian, M|item\n|poke|p1|Tornadus-Therian, M|item\n|poke|p1|Celesteela|item\n|poke|p2|Raikou|item\n|poke|p2|Tornadus-Therian, M|item\n|poke|p2|Tapu Lele|item\n|poke|p2|Medicham, F|item\n|poke|p2|Ferrothorn, M|item\n|poke|p2|Tyranitar, M|item\n|teampreview\n|\n|start\n|switch|p1a: Landorus|Landorus-Therian, M|100\/100\n|switch|p2a: Raikou|Raikou, shiny|100\/100\n|-ability|p2a: Raikou|Pressure\n|-ability|p1a: Landorus|Intimidate|boost\n|-unboost|p2a: Raikou|atk|1\n|turn|1\n|\n|move|p2a: Raikou|Hidden Power|p1a: Landorus\n|-supereffective|p1a: Landorus\n|-damage|p1a: Landorus|0 fnt\n|faint|p1a: Landorus\n|\n|upkeep\n|\n|switch|p1a: Kyurem|Kyurem-Black|100\/100\n|-ability|p1a: Kyurem|Teravolt\n|turn|2\n|\n|switch|p2a: Ferrothorn|Ferrothorn, M|100\/100\n|move|p1a: Kyurem|Ice Beam|p2a: Ferrothorn\n|-damage|p2a: Ferrothorn|74\/100\n|\n|upkeep\n|turn|3\n|\n|-zpower|p1a: Kyurem\n|move|p1a: Kyurem|Subzero Slammer|p2a: Ferrothorn|[zeffect]\n|-damage|p2a: Ferrothorn|4\/100\n|move|p2a: Ferrothorn|Stealth Rock|p1a: Kyurem\n|-sidestart|p1: uuuuiiii|move: Stealth Rock\n|\n|upkeep\n|turn|4\n|\n|move|p2a: Ferrothorn|Protect|p2a: Ferrothorn\n|-singleturn|p2a: Ferrothorn|Protect\n|move|p1a: Kyurem|Ice Beam|p2a: Ferrothorn\n|-activate|p2a: Ferrothorn|move: Protect\n|\n|upkeep\n|turn|5\n|\n|switch|p2a: Tyranitar|Tyranitar, M|100\/100\n|-weather|Sandstorm|[from] ability: Sand Stream|[of] p2a: Tyranitar\n|move|p1a: Kyurem|Ice Beam|p2a: Tyranitar\n|-damage|p2a: Tyranitar|92\/100\n|\n|-weather|Sandstorm|[upkeep]\n|-damage|p1a: Kyurem|94\/100|[from] Sandstorm\n|upkeep\n|turn|6\n|\n|switch|p1a: Celesteela|Celesteela|100\/100\n|-damage|p1a: Celesteela|88\/100|[from] Stealth Rock\n|move|p2a: Tyranitar|Rock Slide|p1a: Celesteela\n|-damage|p1a: Celesteela|59\/100\n|\n|-weather|Sandstorm|[upkeep]\n|-heal|p1a: Celesteela|65\/100|[from] item: Leftovers\n|upkeep\n|turn|7\n|\n|move|p1a: Celesteela|Leech Seed|p2a: Tyranitar\n|-start|p2a: Tyranitar|move: Leech Seed\n|move|p2a: Tyranitar|Rock Slide|p1a: Celesteela\n|-damage|p1a: Celesteela|35\/100\n|\n|-weather|Sandstorm|[upkeep]\n|-heal|p1a: Celesteela|41\/100|[from] item: Leftovers\n|-damage|p2a: Tyranitar|79\/100|[from] Leech Seed|[of] p1a: Celesteela\n|-heal|p1a: Celesteela|54\/100|[silent]\n|upkeep\n|turn|8\n|\n|switch|p2a: Tornadus|Tornadus-Therian, M|100\/100\n|move|p1a: Celesteela|Leech Seed|p2a: Tornadus\n|-start|p2a: Tornadus|move: Leech Seed\n|\n|-weather|Sandstorm|[upkeep]\n|-damage|p2a: Tornadus|94\/100|[from] Sandstorm\n|-heal|p1a: Celesteela|60\/100|[from] item: Leftovers\n|-damage|p2a: Tornadus|82\/100|[from] Leech Seed|[of] p1a: Celesteela\n|-heal|p1a: Celesteela|69\/100|[silent]\n|upkeep\n|turn|9\n|\n|move|p1a: Celesteela|Protect|p1a: Celesteela\n|-singleturn|p1a: Celesteela|Protect\n|move|p2a: Tornadus|Heat Wave|p1a: Celesteela\n|-activate|p1a: Celesteela|move: Protect\n|\n|-weather|none\n|-heal|p1a: Celesteela|75\/100|[from] item: Leftovers\n|-damage|p2a: Tornadus|70\/100|[from] Leech Seed|[of] p1a: Celesteela\n|-heal|p1a: Celesteela|84\/100|[silent]\n|upkeep\n|turn|10\n|\n|switch|p1a: Tapu Koko|Tapu Koko|100\/100\n|-damage|p1a: Tapu Koko|88\/100|[from] Stealth Rock\n|-fieldstart|move: Electric Terrain|[from] ability: Electric Surge|[of] p1a: Tapu Koko\n|move|p2a: Tornadus|Knock Off|p1a: Tapu Koko\n|-resisted|p1a: Tapu Koko\n|-damage|p1a: Tapu Koko|67\/100\n|-enditem|p1a: Tapu Koko|Shuca Berry|[from] move: Knock Off|[of] p2a: Tornadus\n|-damage|p2a: Tornadus|60\/100|[from] item: Life Orb\n|\n|-damage|p2a: Tornadus|48\/100|[from] Leech Seed|[of] p1a: Tapu Koko\n|-heal|p1a: Tapu Koko|80\/100|[silent]\n|upkeep\n|turn|11\n|\n|switch|p2a: Tyranitar|Tyranitar, M|79\/100\n|-weather|Sandstorm|[from] ability: Sand Stream|[of] p2a: Tyranitar\n|move|p1a: Tapu Koko|Volt Switch|p2a: Tyranitar\n|-damage|p2a: Tyranitar|68\/100\n|\n|switch|p1a: Greninja|Greninja, M|100\/100\n|-damage|p1a: Greninja|88\/100|[from] Stealth Rock\n|\n|-weather|Sandstorm|[upkeep]\n|-damage|p1a: Greninja|82\/100|[from] Sandstorm\n|upkeep\n|turn|12\n|\n|move|p1a: Greninja|Grass Knot|p2a: Tyranitar\n|-start|p1a: Greninja|typechange|Grass|[from] Protean\n|-supereffective|p2a: Tyranitar\n|-damage|p2a: Tyranitar|30\/100\n|move|p2a: Tyranitar|Rock Slide|p1a: Greninja\n|-damage|p1a: Greninja|22\/100\n|\n|-weather|Sandstorm|[upkeep]\n|-damage|p1a: Greninja|16\/100|[from] Sandstorm\n|upkeep\n|turn|13\n|\n|switch|p2a: Tornadus|Tornadus-Therian, M|81\/100\n|move|p1a: Greninja|Hydro Pump|p2a: Tornadus\n|-start|p1a: Greninja|typechange|Water|[from] Protean\n|-damage|p2a: Tornadus|21\/100\n|\n|-weather|Sandstorm|[upkeep]\n|-damage|p1a: Greninja|10\/100|[from] Sandstorm\n|-damage|p2a: Tornadus|15\/100|[from] Sandstorm\n|upkeep\n|turn|14\n|\n|move|p1a: Greninja|Hydro Pump|p2a: Tornadus\n|-damage|p2a: Tornadus|0 fnt\n|faint|p2a: Tornadus\n|\n|-weather|Sandstorm|[upkeep]\n|-damage|p1a: Greninja|4\/100|[from] Sandstorm\n|-fieldend|move: Electric Terrain\n|upkeep\n|\n|switch|p2a: Medicham|Medicham, F|100\/100\n|turn|15\n|\n|switch|p1a: Tornadus|Tornadus-Therian, M|100\/100\n|-damage|p1a: Tornadus|75\/100|[from] Stealth Rock\n|detailschange|p2a: Medicham|Medicham-Mega, F\n|-mega|p2a: Medicham|Medicham|Medichamite\n|move|p2a: Medicham|Fake Out|p1a: Tornadus\n|-damage|p1a: Tornadus|41\/100\n|\n|-weather|none\n|upkeep\n|turn|16\n|\n|move|p2a: Medicham|Bullet Punch|p1a: Tornadus\n|-damage|p1a: Tornadus|9\/100\n|move|p1a: Tornadus|U-turn|p2a: Medicham\n|-damage|p2a: Medicham|79\/100\n|\n|switch|p1a: Tapu Koko|Tapu Koko|80\/100\n|-damage|p1a: Tapu Koko|68\/100|[from] Stealth Rock\n|-fieldstart|move: Electric Terrain|[from] ability: Electric Surge|[of] p1a: Tapu Koko\n|\n|upkeep\n|turn|17\n|\n|switch|p2a: Tyranitar|Tyranitar, M|30\/100\n|-weather|Sandstorm|[from] ability: Sand Stream|[of] p2a: Tyranitar\n|move|p1a: Tapu Koko|Thunderbolt|p2a: Tyranitar\n|-crit|p2a: Tyranitar\n|-damage|p2a: Tyranitar|8\/100\n|\n|-weather|Sandstorm|[upkeep]\n|-damage|p1a: Tapu Koko|61\/100|[from] Sandstorm\n|upkeep\n|turn|18\n|\n|move|p1a: Tapu Koko|Thunderbolt|p2a: Tyranitar\n|-damage|p2a: Tyranitar|0 fnt\n|faint|p2a: Tyranitar\n|\n|-weather|Sandstorm|[upkeep]\n|-damage|p1a: Tapu Koko|55\/100|[from] Sandstorm\n|upkeep\n|\n|switch|p2a: Medicham|Medicham-Mega, F|79\/100\n|turn|19\n|\n|switch|p1a: Greninja|Greninja, M|4\/100\n|-damage|p1a: Greninja|0 fnt|[from] Stealth Rock\n|faint|p1a: Greninja\n|move|p2a: Medicham|Fake Out|p1: Greninja|[notarget]\n|-fail|p2a: Medicham\n|\n|-weather|Sandstorm|[upkeep]\n|-damage|p2a: Medicham|73\/100|[from] Sandstorm\n|upkeep\n|\n|switch|p1a: Tapu Koko|Tapu Koko|55\/100\n|-damage|p1a: Tapu Koko|43\/100|[from] Stealth Rock\n|turn|20\n|\n|move|p2a: Medicham|Bullet Punch|p1a: Tapu Koko\n|-damage|p1a: Tapu Koko|8\/100\n|move|p1a: Tapu Koko|Thunderbolt|p2a: Medicham\n|-damage|p2a: Medicham|0 fnt\n|faint|p2a: Medicham\n|\n|-weather|Sandstorm|[upkeep]\n|-damage|p1a: Tapu Koko|2\/100|[from] Sandstorm\n|-fieldend|move: Electric Terrain\n|upkeep\n|\n|switch|p2a: Raikou|Raikou, shiny|100\/100\n|-ability|p2a: Raikou|Pressure\n|turn|21\n|\n|move|p2a: Raikou|Extreme Speed|p1a: Tapu Koko\n|-damage|p1a: Tapu Koko|0 fnt\n|faint|p1a: Tapu Koko\n|\n|-weather|none\n|upkeep\n|\n|switch|p1a: Celesteela|Celesteela|84\/100\n|-damage|p1a: Celesteela|72\/100|[from] Stealth Rock\n|turn|22\n|\n|switch|p2a: Tapu Lele|Tapu Lele|100\/100\n|-fieldstart|move: Psychic Terrain|[from] ability: Psychic Surge|[of] p2a: Tapu Lele\n|move|p1a: Celesteela|Leech Seed|p2a: Tapu Lele\n|-start|p2a: Tapu Lele|move: Leech Seed\n|\n|-heal|p1a: Celesteela|78\/100|[from] item: Leftovers\n|-damage|p2a: Tapu Lele|88\/100|[from] Leech Seed|[of] p1a: Celesteela\n|-heal|p1a: Celesteela|87\/100|[silent]\n|upkeep\n|turn|23\n|\n|move|p1a: Celesteela|Protect|p1a: Celesteela\n|-singleturn|p1a: Celesteela|Protect\n|move|p2a: Tapu Lele|Hidden Power|p1a: Celesteela\n|-activate|p1a: Celesteela|move: Protect\n|\n|-heal|p1a: Celesteela|93\/100|[from] item: Leftovers\n|-damage|p2a: Tapu Lele|76\/100|[from] Leech Seed|[of] p1a: Celesteela\n|-heal|p1a: Celesteela|100\/100|[silent]\n|upkeep\n|turn|24\n|\n|switch|p1a: Kyurem|Kyurem-Black|94\/100\n|-damage|p1a: Kyurem|70\/100|[from] Stealth Rock\n|-ability|p1a: Kyurem|Teravolt\n|move|p2a: Tapu Lele|Hidden Power|p1a: Kyurem\n|-damage|p1a: Kyurem|42\/100\n|\n|-damage|p2a: Tapu Lele|63\/100|[from] Leech Seed|[of] p1a: Kyurem\n|-heal|p1a: Kyurem|50\/100|[silent]\n|upkeep\n|turn|25\n|\n|switch|p2a: Ferrothorn|Ferrothorn, M|4\/100\n|move|p1a: Kyurem|Substitute|p1a: Kyurem\n|-start|p1a: Kyurem|Substitute\n|-damage|p1a: Kyurem|26\/100\n|\n|upkeep\n|turn|26\n|\n|move|p1a: Kyurem|Ice Beam|p2a: Ferrothorn\n|-damage|p2a: Ferrothorn|0 fnt\n|faint|p2a: Ferrothorn\n|\n|-fieldend|move: Psychic Terrain\n|upkeep\n|\n|switch|p2a: Tapu Lele|Tapu Lele|63\/100\n|-fieldstart|move: Psychic Terrain|[from] ability: Psychic Surge|[of] p2a: Tapu Lele\n|turn|27\n|\n|move|p2a: Tapu Lele|Psychic|p1a: Kyurem\n|-end|p1a: Kyurem|Substitute\n|move|p1a: Kyurem|Fusion Bolt|p2a: Tapu Lele\n|-damage|p2a: Tapu Lele|0 fnt\n|faint|p2a: Tapu Lele\n|\n|upkeep\n|\n|switch|p2a: Raikou|Raikou, shiny|100\/100\n|-ability|p2a: Raikou|Pressure\n|turn|28\n|\n|move|p2a: Raikou|Volt Switch|p1a: Kyurem\n|-resisted|p1a: Kyurem\n|-damage|p1a: Kyurem|0 fnt\n|faint|p1a: Kyurem\n|\n|upkeep\n|\n|switch|p1a: Tornadus|Tornadus-Therian, M|43\/100\n|-damage|p1a: Tornadus|18\/100|[from] Stealth Rock\n|turn|29\n|\n|move|p1a: Tornadus|Heat Wave|p2a: Raikou\n|-damage|p2a: Raikou|63\/100\n|move|p2a: Raikou|Volt Switch|p1a: Tornadus\n|-supereffective|p1a: Tornadus\n|-damage|p1a: Tornadus|0 fnt\n|faint|p1a: Tornadus\n|\n|upkeep\n|\n|switch|p1a: Celesteela|Celesteela|100\/100\n|-damage|p1a: Celesteela|88\/100|[from] Stealth Rock\n|turn|30\n|\n|move|p2a: Raikou|Volt Switch|p1a: Celesteela\n|-supereffective|p1a: Celesteela\n|-damage|p1a: Celesteela|25\/100\n|move|p1a: Celesteela|Earthquake|p2a: Raikou\n|-supereffective|p2a: Raikou\n|-damage|p2a: Raikou|3\/100\n|\n|-heal|p1a: Celesteela|31\/100|[from] item: Leftovers\n|upkeep\n|turn|31\n|\n|move|p1a: Celesteela|Protect|p1a: Celesteela\n|-singleturn|p1a: Celesteela|Protect\n|move|p2a: Raikou|Volt Switch|p1a: Celesteela\n|-activate|p1a: Celesteela|move: Protect\n|\n|-heal|p1a: Celesteela|37\/100|[from] item: Leftovers\n|-fieldend|move: Psychic Terrain\n|upkeep\n|turn|32\n|\n|move|p2a: Raikou|Volt Switch|p1a: Celesteela\n|-supereffective|p1a: Celesteela\n|-damage|p1a: Celesteela|0 fnt\n|faint|p1a: Celesteela\n|\n|win|Breaddump\n|raw|uuuuiiii's rating: 1385 &rarr; <strong>1360<\/strong><br \/>(-25 for losing)\n|raw|Breaddump's rating: 1301 &rarr; <strong>1326<\/strong><br \/>(+25 for winning)\n|l|\u2606uuuuiiii\n","uploadtime":1546761617,"views":5,"p1id":"uuuuiiii","p2id":"breaddump","formatid":"gen7ou","rating":1326,"private":0,"password":null}