{"id":"gen7ou-773042087","p1":"FLT2 EGALVANC","p2":"BigL91","format":"gen7ou","log":"|j|\u2606FLT2 EGALVANC\n|j|\u2606BigL91\n|player|p1|FLT2 EGALVANC|107\n|player|p2|BigL91|135\n|teamsize|p1|6\n|teamsize|p2|6\n|gametype|singles\n|gen|7\n|tier|[Gen 7] OU\n|rated|\n|rule|Sleep Clause Mod: Limit one foe put to sleep\n|rule|Species Clause: Limit one of each Pok\u00e9mon\n|rule|OHKO Clause: OHKO moves are banned\n|rule|Moody Clause: Moody is banned\n|rule|Evasion Moves Clause: Evasion moves are banned\n|rule|Endless Battle Clause: Forcing endless battles is banned\n|rule|HP Percentage Mod: HP is shown in percentages\n|clearpoke\n|poke|p1|Magearna|item\n|poke|p1|Ferrothorn, M|item\n|poke|p1|Latios, M|item\n|poke|p1|Heatran, M|item\n|poke|p1|Landorus-Therian, M|item\n|poke|p1|Suicune|item\n|poke|p2|Ribombee, M|item\n|poke|p2|Landorus-Therian, M|item\n|poke|p2|Medicham, F|item\n|poke|p2|Magearna|item\n|poke|p2|Bisharp, M|item\n|poke|p2|Greninja, M|item\n|teampreview\n|\n|start\n|switch|p1a: Suicune|Suicune|100\/100\n|switch|p2a: Medicham|Medicham, F|100\/100\n|-ability|p1a: Suicune|Pressure\n|turn|1\n|\n|detailschange|p2a: Medicham|Medicham-Mega, F\n|-mega|p2a: Medicham|Medicham|Medichamite\n|move|p1a: Suicune|Protect|p1a: Suicune\n|-singleturn|p1a: Suicune|Protect\n|move|p2a: Medicham|High Jump Kick|p1a: Suicune\n|-activate|p1a: Suicune|move: Protect\n|-damage|p2a: Medicham|51\/100|[from] highjumpkick\n|\n|upkeep\n|turn|2\n|inactive|Battle timer is ON: inactive players will automatically lose when time's up. (requested by FLT2 EGALVANC)\n|\n|switch|p1a: Landorus|Landorus-Therian, M|100\/100\n|-ability|p1a: Landorus|Intimidate|boost\n|-unboost|p2a: Medicham|atk|1\n|move|p2a: Medicham|High Jump Kick|p1a: Landorus\n|-resisted|p1a: Landorus\n|-damage|p1a: Landorus|67\/100\n|\n|upkeep\n|turn|3\n|j| Asura\u4e0d\u6b7bCrimson\n|\n|move|p1a: Landorus|U-turn|p2a: Medicham\n|-damage|p2a: Medicham|20\/100\n|\n|switch|p1a: Suicune|Suicune|100\/100\n|-ability|p1a: Suicune|Pressure\n|move|p2a: Medicham|Ice Punch|p1a: Suicune\n|-resisted|p1a: Suicune\n|-damage|p1a: Suicune|92\/100\n|\n|-heal|p1a: Suicune|98\/100|[from] item: Leftovers\n|upkeep\n|turn|4\n|\n|move|p2a: Medicham|Zen Headbutt|p1a: Suicune\n|-damage|p1a: Suicune|66\/100\n|cant|p1a: Suicune|flinch\n|\n|-heal|p1a: Suicune|72\/100|[from] item: Leftovers\n|upkeep\n|turn|5\n|\n|move|p2a: Medicham|High Jump Kick|p1a: Suicune\n|-damage|p1a: Suicune|27\/100\n|move|p1a: Suicune|Scald|p2a: Medicham\n|-damage|p2a: Medicham|0 fnt\n|faint|p2a: Medicham\n|\n|-heal|p1a: Suicune|33\/100|[from] item: Leftovers\n|upkeep\n|inactive|BigL91 has 135 seconds left.\n|\n|switch|p2a: Ribombee|Ribombee, M|100\/100\n|turn|6\n|\n|switch|p2a: Landorus|Landorus-Therian, M|100\/100\n|-ability|p2a: Landorus|Intimidate|boost\n|-unboost|p1a: Suicune|atk|1\n|move|p1a: Suicune|Calm Mind|p1a: Suicune\n|-boost|p1a: Suicune|spa|1\n|-boost|p1a: Suicune|spd|1\n|\n|-heal|p1a: Suicune|39\/100|[from] item: Leftovers\n|upkeep\n|turn|7\n|\n|-zpower|p2a: Landorus\n|move|p2a: Landorus|Supersonic Skystrike|p1a: Suicune|[zeffect]\n|-damage|p1a: Suicune|0 fnt\n|faint|p1a: Suicune\n|\n|upkeep\n|\n|switch|p1a: Latios|Latios, M|100\/100\n|turn|8\n|\n|switch|p2a: Magearna|Magearna|100\/100\n|detailschange|p1a: Latios|Latios-Mega, M\n|-mega|p1a: Latios|Latios|Latiosite\n|move|p1a: Latios|Ice Beam|p2a: Magearna\n|-resisted|p2a: Magearna\n|-crit|p2a: Magearna\n|-damage|p2a: Magearna|89\/100\n|\n|upkeep\n|turn|9\n|\n|move|p1a: Latios|Earthquake|p2a: Magearna\n|-supereffective|p2a: Magearna\n|-damage|p2a: Magearna|43\/100\n|move|p2a: Magearna|Volt Switch|p1a: Latios\n|-resisted|p1a: Latios\n|-damage|p1a: Latios|91\/100\n|\n|switch|p2a: Ribombee|Ribombee, M|100\/100\n|\n|upkeep\n|turn|10\n|\n|move|p2a: Ribombee|Sticky Web|p1a: Latios\n|-sidestart|p1: FLT2 EGALVANC|move: Sticky Web\n|move|p1a: Latios|Psychic|p2a: Ribombee\n|-damage|p2a: Ribombee|5\/100\n|\n|upkeep\n|turn|11\n|\n|switch|p1a: Heatran|Heatran, M|100\/100\n|-activate|p1a: Heatran|move: Sticky Web\n|-unboost|p1a: Heatran|spe|1\n|move|p2a: Ribombee|Moonblast|p1a: Heatran\n|-resisted|p1a: Heatran\n|-damage|p1a: Heatran|91\/100\n|\n|-heal|p1a: Heatran|98\/100|[from] item: Leftovers\n|upkeep\n|turn|12\n|\n|switch|p2a: Landorus|Landorus-Therian, M|100\/100\n|-ability|p2a: Landorus|Intimidate|boost\n|-unboost|p1a: Heatran|atk|1\n|move|p1a: Heatran|Stealth Rock|p2a: Landorus\n|-sidestart|p2: BigL91|move: Stealth Rock\n|\n|-heal|p1a: Heatran|100\/100|[from] item: Leftovers\n|upkeep\n|turn|13\n|\n|switch|p1a: Latios|Latios-Mega, M|91\/100\n|move|p2a: Landorus|Swords Dance|p2a: Landorus\n|-boost|p2a: Landorus|atk|2\n|\n|upkeep\n|turn|14\n|\n|switch|p2a: Ribombee|Ribombee, M|5\/100\n|-damage|p2a: Ribombee|0 fnt|[from] Stealth Rock\n|faint|p2a: Ribombee\n|move|p1a: Latios|Ice Beam|p2: Ribombee|[notarget]\n|-notarget\n|\n|upkeep\n|\n|switch|p2a: Greninja|Greninja, M|100\/100\n|-damage|p2a: Greninja|88\/100|[from] Stealth Rock\n|turn|15\n|\n|switch|p2a: Bisharp|Bisharp, M|100\/100\n|-damage|p2a: Bisharp|95\/100|[from] Stealth Rock\n|switch|p1a: Ferrothorn|Ferrothorn, M|100\/100\n|-activate|p1a: Ferrothorn|move: Sticky Web\n|-unboost|p1a: Ferrothorn|spe|1\n|\n|upkeep\n|turn|16\n|\n|move|p2a: Bisharp|Swords Dance|p2a: Bisharp\n|-boost|p2a: Bisharp|atk|2\n|move|p1a: Ferrothorn|Leech Seed|p2a: Bisharp\n|-start|p2a: Bisharp|move: Leech Seed\n|\n|-damage|p2a: Bisharp|82\/100|[from] Leech Seed|[of] p1a: Ferrothorn\n|upkeep\n|turn|17\n|\n|move|p2a: Bisharp|Swords Dance|p2a: Bisharp\n|-boost|p2a: Bisharp|atk|2\n|move|p1a: Ferrothorn|Power Whip|p2a: Bisharp\n|-resisted|p2a: Bisharp\n|-damage|p2a: Bisharp|57\/100\n|\n|-damage|p2a: Bisharp|45\/100|[from] Leech Seed|[of] p1a: Ferrothorn\n|upkeep\n|turn|18\n|\n|move|p1a: Ferrothorn|Protect|p1a: Ferrothorn\n|-singleturn|p1a: Ferrothorn|Protect\n|move|p2a: Bisharp|Knock Off|p1a: Ferrothorn\n|-activate|p1a: Ferrothorn|move: Protect\n|\n|-damage|p2a: Bisharp|33\/100|[from] Leech Seed|[of] p1a: Ferrothorn\n|upkeep\n|turn|19\n|\n|switch|p1a: Magearna|Magearna|100\/100\n|-activate|p1a: Magearna|move: Sticky Web\n|-unboost|p1a: Magearna|spe|1\n|move|p2a: Bisharp|Knock Off|p1a: Magearna\n|-resisted|p1a: Magearna\n|-damage|p1a: Magearna|30\/100\n|\n|-damage|p2a: Bisharp|21\/100|[from] Leech Seed|[of] p1a: Magearna\n|-heal|p1a: Magearna|41\/100|[silent]\n|upkeep\n|turn|20\n|\n|move|p2a: Bisharp|Knock Off|p1a: Magearna\n|-resisted|p1a: Magearna\n|-damage|p1a: Magearna|0 fnt\n|faint|p1a: Magearna\n|\n|upkeep\n|\n|switch|p1a: Ferrothorn|Ferrothorn, M|100\/100\n|-activate|p1a: Ferrothorn|move: Sticky Web\n|-unboost|p1a: Ferrothorn|spe|1\n|turn|21\n|\n|move|p1a: Ferrothorn|Protect|p1a: Ferrothorn\n|-singleturn|p1a: Ferrothorn|Protect\n|move|p2a: Bisharp|Knock Off|p1a: Ferrothorn\n|-activate|p1a: Ferrothorn|move: Protect\n|\n|-damage|p2a: Bisharp|9\/100|[from] Leech Seed|[of] p1a: Ferrothorn\n|upkeep\n|turn|22\n|\n|move|p1a: Ferrothorn|Protect|p1a: Ferrothorn\n|-fail|p1a: Ferrothorn\n|move|p2a: Bisharp|Knock Off|p1a: Ferrothorn\n|-damage|p1a: Ferrothorn|0 fnt\n|-damage|p2a: Bisharp|0 fnt|[from] ability: Iron Barbs|[of] p1a: Ferrothorn\n|faint|p1a: Ferrothorn\n|faint|p2a: Bisharp\n|\n|upkeep\n|\n|switch|p2a: Magearna|Magearna|43\/100\n|switch|p1a: Landorus|Landorus-Therian, M|67\/100\n|-ability|p1a: Landorus|Intimidate|boost\n|-unboost|p2a: Magearna|atk|1\n|-damage|p2a: Magearna|37\/100|[from] Stealth Rock\n|turn|23\n|\n|move|p1a: Landorus|U-turn|p2a: Magearna\n|-resisted|p2a: Magearna\n|-damage|p2a: Magearna|32\/100\n|\n|switch|p1a: Heatran|Heatran, M|100\/100\n|-activate|p1a: Heatran|move: Sticky Web\n|-unboost|p1a: Heatran|spe|1\n|move|p2a: Magearna|Ice Beam|p1a: Heatran\n|-resisted|p1a: Heatran\n|-damage|p1a: Heatran|95\/100\n|\n|-heal|p1a: Heatran|100\/100|[from] item: Leftovers\n|upkeep\n|turn|24\n|\n|move|p1a: Heatran|Magma Storm|p2a: Magearna\n|-supereffective|p2a: Magearna\n|-damage|p2a: Magearna|0 fnt\n|faint|p2a: Magearna\n|\n|upkeep\n|\n|switch|p2a: Greninja|Greninja, M|88\/100\n|-damage|p2a: Greninja|76\/100|[from] Stealth Rock\n|turn|25\n|\n|move|p2a: Greninja|Hydro Pump|p1a: Heatran\n|-supereffective|p1a: Heatran\n|-damage|p1a: Heatran|12\/100\n|move|p1a: Heatran|Earth Power|p2a: Greninja\n|-damage|p2a: Greninja|28\/100\n|\n|-heal|p1a: Heatran|18\/100|[from] item: Leftovers\n|upkeep\n|turn|26\n|\n|move|p2a: Greninja|Dark Pulse|p1a: Heatran\n|-damage|p1a: Heatran|0 fnt\n|faint|p1a: Heatran\n|-activate|p2a: Greninja|ability: Battle Bond\n|detailschange|p2a: Greninja|Greninja-Ash, M\n|\n|upkeep\n|\n|switch|p1a: Latios|Latios-Mega, M|91\/100\n|turn|27\n|\n|move|p2a: Greninja|Dark Pulse|p1a: Latios\n|-supereffective|p1a: Latios\n|-damage|p1a: Latios|2\/100\n|move|p1a: Latios|Earthquake|p2a: Greninja\n|-damage|p2a: Greninja|0 fnt\n|faint|p2a: Greninja\n|\n|upkeep\n|\n|switch|p2a: Landorus|Landorus-Therian, M|100\/100\n|-damage|p2a: Landorus|88\/100|[from] Stealth Rock\n|-ability|p2a: Landorus|Intimidate|boost\n|-unboost|p1a: Latios|atk|1\n|turn|28\n|\n|move|p1a: Latios|Ice Beam|p2a: Landorus\n|-supereffective|p2a: Landorus\n|-damage|p2a: Landorus|0 fnt\n|faint|p2a: Landorus\n|\n|win|FLT2 EGALVANC\n|c|\u2606FLT2 EGALVANC|GG\n|c|\u2606BigL91|gg\n|raw|FLT2 EGALVANC's rating: 1860 &rarr; <strong>1875<\/strong><br \/>(+15 for winning)\n|raw|BigL91's rating: 1783 &rarr; <strong>1768<\/strong><br \/>(-15 for losing)\n|l|\u2606BigL91\n|l|\u2606FLT2 EGALVANC\n","inputlog":null,"uploadtime":1531069279,"views":6,"p1id":"flt2egalvanc","p2id":"bigl91","formatid":"gen7ou","rating":1768,"private":0,"password":null}