{"id":"gen7ou-937569429","p1":"ThisFireBurns","p2":"ghecisbestvillain","format":"gen7ou","log":"|j|\u2606ThisFireBurns\n|j|\u2606ghecisbestvillain\n|player|p1|ThisFireBurns|2\n|player|p2|ghecisbestvillain|269\n|teamsize|p1|6\n|teamsize|p2|6\n|gametype|singles\n|gen|7\n|tier|[Gen 7] OU\n|rated|\n|rule|Sleep Clause Mod: Limit one foe put to sleep\n|rule|Species Clause: Limit one of each Pok\u00e9mon\n|rule|OHKO Clause: OHKO moves are banned\n|rule|Moody Clause: Moody is banned\n|rule|Evasion Moves Clause: Evasion moves are banned\n|rule|Endless Battle Clause: Forcing endless battles is banned\n|rule|HP Percentage Mod: HP is shown in percentages\n|clearpoke\n|poke|p1|Mawile, F|item\n|poke|p1|Greninja, M|item\n|poke|p1|Landorus-Therian, M|item\n|poke|p1|Tapu Koko|item\n|poke|p1|Ferrothorn, F|item\n|poke|p1|Hawlucha, F|item\n|poke|p2|Hawlucha, M|item\n|poke|p2|Clefable, F|item\n|poke|p2|Charizard, M|item\n|poke|p2|Tapu Koko|item\n|poke|p2|Magearna|item\n|poke|p2|Kyurem-Black|item\n|teampreview\n|inactive|Battle timer is ON: inactive players will automatically lose when time's up. (requested by ghecisbestvillain)\n|inactive|ThisFireBurns has 120 seconds left.\n|\n|start\n|switch|p1a: Landorus|Landorus-Therian, M|100\/100\n|switch|p2a: Tapu Koko|Tapu Koko|100\/100\n|-ability|p1a: Landorus|Intimidate|boost\n|-unboost|p2a: Tapu Koko|atk|1\n|-fieldstart|move: Electric Terrain|[from] ability: Electric Surge|[of] p2a: Tapu Koko\n|turn|1\n|inactive|ghecisbestvillain has 120 seconds left.\n|\n|switch|p1a: Tapu Koko|Tapu Koko|100\/100\n|move|p2a: Tapu Koko|Reflect|p2a: Tapu Koko\n|-sidestart|p2: ghecisbestvillain|Reflect\n|\n|upkeep\n|turn|2\n|\n|move|p1a: Tapu Koko|Defog|p2a: Tapu Koko\n|-unboost|p2a: Tapu Koko|evasion|1\n|-sideend|p2: ghecisbestvillain|Reflect\n|move|p2a: Tapu Koko|Taunt|p1a: Tapu Koko\n|-start|p1a: Tapu Koko|move: Taunt\n|\n|upkeep\n|turn|3\n|\n|switch|p1a: Hawlucha|Hawlucha, F|100\/100\n|-enditem|p1a: Hawlucha|Electric Seed\n|-boost|p1a: Hawlucha|def|1\n|move|p2a: Tapu Koko|Light Screen|p2a: Tapu Koko\n|-sidestart|p2: ghecisbestvillain|move: Light Screen\n|\n|upkeep\n|turn|4\n|\n|move|p1a: Hawlucha|Substitute|p1a: Hawlucha\n|-start|p1a: Hawlucha|Substitute\n|-damage|p1a: Hawlucha|76\/100\n|move|p2a: Tapu Koko|Taunt|p1a: Hawlucha\n|-start|p1a: Hawlucha|move: Taunt\n|\n|upkeep\n|turn|5\n|\n|move|p1a: Hawlucha|Acrobatics|p2a: Tapu Koko\n|-resisted|p2a: Tapu Koko\n|-damage|p2a: Tapu Koko|75\/100\n|move|p2a: Tapu Koko|Reflect|p2a: Tapu Koko\n|-sidestart|p2: ghecisbestvillain|Reflect\n|\n|-fieldend|move: Electric Terrain\n|upkeep\n|turn|6\n|\n|switch|p2a: Kyurem|Kyurem-Black|100\/100\n|-ability|p2a: Kyurem|Teravolt\n|move|p1a: Hawlucha|Drain Punch|p2a: Kyurem\n|-supereffective|p2a: Kyurem\n|-damage|p2a: Kyurem|76\/100\n|-heal|p1a: Hawlucha|92\/100|[from] drain|[of] p2a: Kyurem\n|\n|upkeep\n|turn|7\n|\n|move|p1a: Hawlucha|Drain Punch|p2a: Kyurem\n|-supereffective|p2a: Kyurem\n|-damage|p2a: Kyurem|52\/100\n|-heal|p1a: Hawlucha|100\/100|[from] drain|[of] p2a: Kyurem\n|move|p2a: Kyurem|Ice Beam|p1a: Hawlucha\n|-supereffective|p1a: Hawlucha\n|-end|p1a: Hawlucha|Substitute\n|-damage|p2a: Kyurem|42\/100|[from] item: Life Orb\n|\n|-end|p1a: Hawlucha|move: Taunt\n|upkeep\n|turn|8\n|\n|move|p1a: Hawlucha|Substitute|p1a: Hawlucha\n|-start|p1a: Hawlucha|Substitute\n|-damage|p1a: Hawlucha|76\/100\n|move|p2a: Kyurem|Ice Beam|p1a: Hawlucha\n|-supereffective|p1a: Hawlucha\n|-end|p1a: Hawlucha|Substitute\n|-damage|p2a: Kyurem|32\/100|[from] item: Life Orb\n|\n|upkeep\n|turn|9\n|\n|move|p1a: Hawlucha|Substitute|p1a: Hawlucha\n|-start|p1a: Hawlucha|Substitute\n|-damage|p1a: Hawlucha|51\/100\n|move|p2a: Kyurem|Ice Beam|p1a: Hawlucha\n|-supereffective|p1a: Hawlucha\n|-end|p1a: Hawlucha|Substitute\n|-damage|p2a: Kyurem|22\/100|[from] item: Life Orb\n|\n|upkeep\n|turn|10\n|\n|move|p1a: Hawlucha|Drain Punch|p2a: Kyurem\n|-supereffective|p2a: Kyurem\n|-crit|p2a: Kyurem\n|-damage|p2a: Kyurem|0 fnt\n|-heal|p1a: Hawlucha|65\/100|[from] drain|[of] p2a: Kyurem\n|faint|p2a: Kyurem\n|\n|-sideend|p2: ghecisbestvillain|move: Light Screen\n|upkeep\n|\n|switch|p2a: Magearna|Magearna|100\/100\n|turn|11\n|\n|switch|p1a: Landorus|Landorus-Therian, M|100\/100\n|-ability|p1a: Landorus|Intimidate|boost\n|-unboost|p2a: Magearna|atk|1\n|move|p2a: Magearna|Shift Gear|p2a: Magearna\n|-boost|p2a: Magearna|spe|2\n|-boost|p2a: Magearna|atk|1\n|\n|upkeep\n|turn|12\n|\n|switch|p1a: Ferrothorn|Ferrothorn, F|100\/100\n|move|p2a: Magearna|Iron Head|p1a: Ferrothorn\n|-resisted|p1a: Ferrothorn\n|-damage|p1a: Ferrothorn|90\/100\n|-damage|p2a: Magearna|88\/100|[from] ability: Iron Barbs|[of] p1a: Ferrothorn\n|\n|-heal|p1a: Ferrothorn|97\/100|[from] item: Leftovers\n|-sideend|p2: ghecisbestvillain|Reflect\n|upkeep\n|turn|13\n|\n|switch|p2a: Tapu Koko|Tapu Koko|75\/100\n|-fieldstart|move: Electric Terrain|[from] ability: Electric Surge|[of] p2a: Tapu Koko\n|move|p1a: Ferrothorn|Protect||[still]\n|-fail|p1a: Ferrothorn\n|\n|-heal|p1a: Ferrothorn|100\/100|[from] item: Leftovers\n|upkeep\n|turn|14\n|\n|switch|p1a: Landorus|Landorus-Therian, M|100\/100\n|-ability|p1a: Landorus|Intimidate|boost\n|-unboost|p2a: Tapu Koko|atk|1\n|move|p2a: Tapu Koko|Reflect|p2a: Tapu Koko\n|-sidestart|p2: ghecisbestvillain|Reflect\n|\n|upkeep\n|turn|15\n|\n|move|p1a: Landorus|Earthquake|p2a: Tapu Koko\n|-supereffective|p2a: Tapu Koko\n|-damage|p2a: Tapu Koko|18\/100\n|move|p2a: Tapu Koko|Light Screen|p2a: Tapu Koko\n|-sidestart|p2: ghecisbestvillain|move: Light Screen\n|\n|upkeep\n|turn|16\n|\n|switch|p1a: Tapu Koko|Tapu Koko|100\/100\n|move|p2a: Tapu Koko|Taunt|p1a: Tapu Koko\n|-start|p1a: Tapu Koko|move: Taunt\n|\n|upkeep\n|turn|17\n|\n|switch|p2a: Magearna|Magearna|88\/100\n|move|p1a: Tapu Koko|Wild Charge|p2a: Magearna\n|-damage|p2a: Magearna|60\/100\n|-damage|p1a: Tapu Koko|93\/100|[from] Recoil\n|\n|-fieldend|move: Electric Terrain\n|upkeep\n|turn|18\n|\n|switch|p1a: Landorus|Landorus-Therian, M|100\/100\n|-ability|p1a: Landorus|Intimidate|boost\n|-unboost|p2a: Magearna|atk|1\n|switch|p2a: Clefable|Clefable, F|100\/100\n|\n|upkeep\n|turn|19\n|\n|move|p1a: Landorus|Stealth Rock|p2a: Clefable\n|-sidestart|p2: ghecisbestvillain|move: Stealth Rock\n|move|p2a: Clefable|Cosmic Power|p2a: Clefable\n|-boost|p2a: Clefable|def|1\n|-boost|p2a: Clefable|spd|1\n|\n|upkeep\n|turn|20\n|\n|switch|p1a: Ferrothorn|Ferrothorn, F|100\/100\n|move|p2a: Clefable|Cosmic Power|p2a: Clefable\n|-boost|p2a: Clefable|def|1\n|-boost|p2a: Clefable|spd|1\n|\n|upkeep\n|turn|21\n|\n|move|p2a: Clefable|Cosmic Power|p2a: Clefable\n|-boost|p2a: Clefable|def|1\n|-boost|p2a: Clefable|spd|1\n|move|p1a: Ferrothorn|Leech Seed|p2a: Clefable\n|-start|p2a: Clefable|move: Leech Seed\n|\n|-sideend|p2: ghecisbestvillain|Reflect\n|upkeep\n|turn|22\n|\n|move|p2a: Clefable|Cosmic Power|p2a: Clefable\n|-boost|p2a: Clefable|def|1\n|-boost|p2a: Clefable|spd|1\n|move|p1a: Ferrothorn|Gyro Ball|p2a: Clefable\n|-supereffective|p2a: Clefable\n|-damage|p2a: Clefable|80\/100\n|\n|-heal|p2a: Clefable|86\/100|[from] item: Leftovers\n|-sideend|p2: ghecisbestvillain|move: Light Screen\n|upkeep\n|turn|23\n|\n|move|p2a: Clefable|Charge Beam|p1a: Ferrothorn\n|-resisted|p1a: Ferrothorn\n|-crit|p1a: Ferrothorn\n|-damage|p1a: Ferrothorn|94\/100\n|-boost|p2a: Clefable|spa|1\n|move|p1a: Ferrothorn|Gyro Ball|p2a: Clefable\n|-supereffective|p2a: Clefable\n|-damage|p2a: Clefable|69\/100\n|\n|-heal|p2a: Clefable|76\/100|[from] item: Leftovers\n|-heal|p1a: Ferrothorn|99\/100|[from] item: Leftovers\n|upkeep\n|turn|24\n|\n|switch|p1a: Landorus|Landorus-Therian, M|100\/100\n|-ability|p1a: Landorus|Intimidate|boost\n|-unboost|p2a: Clefable|atk|1\n|move|p2a: Clefable|Cosmic Power|p2a: Clefable\n|-boost|p2a: Clefable|def|1\n|-boost|p2a: Clefable|spd|1\n|\n|-heal|p2a: Clefable|82\/100|[from] item: Leftovers\n|upkeep\n|turn|25\n|\n|move|p1a: Landorus|U-turn|p2a: Clefable\n|-resisted|p2a: Clefable\n|-damage|p2a: Clefable|78\/100\n|\n|switch|p1a: Mawile|Mawile, F|100\/100|[from]move: U-turn\n|-ability|p1a: Mawile|Intimidate|boost\n|-unboost|p2a: Clefable|atk|1\n|move|p2a: Clefable|Soft-Boiled|p2a: Clefable\n|-heal|p2a: Clefable|100\/100\n|\n|upkeep\n|turn|26\n|\n|detailschange|p1a: Mawile|Mawile-Mega, F\n|-mega|p1a: Mawile|Mawile|Mawilite\n|move|p1a: Mawile|Play Rough|p2a: Clefable\n|-damage|p2a: Clefable|79\/100\n|move|p2a: Clefable|Stored Power|p1a: Mawile\n|-resisted|p1a: Mawile\n|-damage|p1a: Mawile|48\/100\n|\n|-heal|p2a: Clefable|85\/100|[from] item: Leftovers\n|upkeep\n|turn|27\n|\n|move|p1a: Mawile|Play Rough|p2a: Clefable|[miss]\n|-miss|p1a: Mawile|p2a: Clefable\n|move|p2a: Clefable|Stored Power|p1a: Mawile\n|-resisted|p1a: Mawile\n|-damage|p1a: Mawile|0 fnt\n|faint|p1a: Mawile\n|\n|-heal|p2a: Clefable|91\/100|[from] item: Leftovers\n|upkeep\n|\n|switch|p1a: Landorus|Landorus-Therian, M|100\/100\n|-ability|p1a: Landorus|Intimidate|boost\n|-unboost|p2a: Clefable|atk|1\n|turn|28\n|\n|move|p1a: Landorus|Earthquake|p2a: Clefable\n|-damage|p2a: Clefable|78\/100\n|move|p2a: Clefable|Stored Power|p1a: Landorus\n|-damage|p1a: Landorus|0 fnt\n|faint|p1a: Landorus\n|\n|-heal|p2a: Clefable|84\/100|[from] item: Leftovers\n|upkeep\n|-message|ThisFireBurns forfeited.\n|\n|win|ghecisbestvillain\n|l|\u2606ThisFireBurns\n|l|\u2606ghecisbestvillain\n","uploadtime":1561924135,"views":13,"p1id":"thisfireburns","p2id":"ghecisbestvillain","formatid":"gen7ou","rating":0,"private":0,"password":null}