{"id":"gen7randombattle-564800595","p1":"yoloboi03","p2":"x wing fighter","format":"gen7randombattle","log":"|j|yoloboi03\n|j|x wing fighter\n|player|p1|yoloboi03|1\n|player|p2|x wing fighter|169\n|gametype|singles\n|gen|7\n|tier|[Gen 7] Random Battle\n|rated\n|seed|8355,36648,18567,12055,39647,5341,64280,34405,13810,33765,50098,63504\n|rule|Sleep Clause Mod: Limit one foe put to sleep\n|rule|HP Percentage Mod: HP is shown in percentages\n|\n|start\n|switch|p1a: Exeggutor|Exeggutor-Alola, L79, M|100\/100\n|switch|p2a: Ninetales|Ninetales, L79, M|100\/100\n|-weather|SunnyDay|[from] ability: Drought|[of] p2a: Ninetales\n|turn|1\n|choice|move earthquake|move nastyplot\n|\n|move|p2a: Ninetales|Nasty Plot|p2a: Ninetales\n|-boost|p2a: Ninetales|spa|2\n|move|p1a: Exeggutor|Earthquake|p2a: Ninetales\n|-supereffective|p2a: Ninetales\n|-damage|p2a: Ninetales|41\/100\n|\n|-weather|SunnyDay|[upkeep]\n|-heal|p2a: Ninetales|47\/100|[from] item: Leftovers\n|upkeep\n|turn|2\n|choice|move earthquake|move fireblast\n|\n|move|p2a: Ninetales|Fire Blast|p1a: Exeggutor\n|-damage|p1a: Exeggutor|0 fnt\n|faint|p1a: Exeggutor\n|\n|-weather|SunnyDay|[upkeep]\n|-heal|p2a: Ninetales|53\/100|[from] item: Leftovers\n|upkeep\n|choice|switch 3|\n|\n|switch|p1a: Sudowoodo|Sudowoodo, L79, M|100\/100\n|turn|3\n|choice|move headsmash|move solarbeam\n|\n|move|p2a: Ninetales|Solar Beam|p1a: Sudowoodo|[still]\n|-prepare|p2a: Ninetales|Solar Beam|p1a: Sudowoodo\n|-anim|p2a: Ninetales|Solar Beam|p1a: Sudowoodo\n|-supereffective|p1a: Sudowoodo\n|-damage|p1a: Sudowoodo|0 fnt\n|faint|p1a: Sudowoodo\n|\n|-weather|SunnyDay|[upkeep]\n|-heal|p2a: Ninetales|59\/100|[from] item: Leftovers\n|upkeep\n|choice|switch 2|\n|\n|switch|p1a: Muk|Muk-Alola, L75, F|100\/100\n|turn|4\n|choice|move stoneedge|move fireblast\n|\n|move|p2a: Ninetales|Fire Blast|p1a: Muk\n|-damage|p1a: Muk|11\/100\n|move|p1a: Muk|Stone Edge|p2a: Ninetales|[miss]\n|-miss|p1a: Muk|p2a: Ninetales\n|\n|-weather|SunnyDay|[upkeep]\n|-heal|p2a: Ninetales|65\/100|[from] item: Leftovers\n|-heal|p1a: Muk|17\/100|[from] item: Black Sludge\n|upkeep\n|turn|5\n|choice|move stoneedge|move solarbeam\n|\n|move|p2a: Ninetales|Solar Beam|p1a: Muk|[still]\n|-prepare|p2a: Ninetales|Solar Beam|p1a: Muk\n|-anim|p2a: Ninetales|Solar Beam|p1a: Muk\n|-resisted|p1a: Muk\n|-damage|p1a: Muk|0 fnt\n|faint|p1a: Muk\n|\n|-weather|none\n|-heal|p2a: Ninetales|72\/100|[from] item: Leftovers\n|upkeep\n|choice|switch 5|\n|\n|switch|p1a: Hitmonlee|Hitmonlee, L79, M|100\/100\n|turn|6\n|choice|move stoneedge|move fireblast\n|\n|move|p2a: Ninetales|Fire Blast|p1a: Hitmonlee\n|-damage|p1a: Hitmonlee|18\/100\n|move|p1a: Hitmonlee|Stone Edge|p2a: Ninetales\n|-supereffective|p2a: Ninetales\n|-damage|p2a: Ninetales|0 fnt\n|faint|p2a: Ninetales\n|\n|upkeep\n|choice||switch 3\n|\n|switch|p2a: Landorus|Landorus, L73, M|100\/100\n|turn|7\n|choice|move stoneedge|move psychic\n|\n|move|p2a: Landorus|Psychic|p1a: Hitmonlee\n|-supereffective|p1a: Hitmonlee\n|-damage|p1a: Hitmonlee|0 fnt\n|faint|p1a: Hitmonlee\n|\n|upkeep\n|choice|switch 6|\n|\n|switch|p1a: Magnezone|Magnezone, L75|100\/100\n|turn|8\n|choice|move flashcannon|move earthpower\n|\n|move|p2a: Landorus|Earth Power|p1a: Magnezone\n|-supereffective|p1a: Magnezone\n|-damage|p1a: Magnezone|0 fnt\n|faint|p1a: Magnezone\n|\n|upkeep\n|choice|switch 4|\n|\n|switch|p1a: Emolga|Emolga, L79, F|100\/100\n|turn|9\n|choice|move encore|move psychic\n|\n|move|p1a: Emolga|Encore|p2a: Landorus\n|-start|p2a: Landorus|Encore\n|move|p2a: Landorus|Earth Power|p1a: Emolga\n|-immune|p1a: Emolga|[msg]\n|\n|upkeep\n|turn|10\n|choice|move substitute|switch 2\n|\n|switch|p2a: Forretress|Forretress, L77, F|100\/100\n|move|p1a: Emolga|Substitute|p1a: Emolga\n|-start|p1a: Emolga|Substitute\n|-damage|p1a: Emolga|75\/100\n|\n|-heal|p1a: Emolga|82\/100|[from] item: Leftovers\n|upkeep\n|turn|11\n|choice|move thunderbolt|move gyroball\n|\n|move|p1a: Emolga|Thunderbolt|p2a: Forretress\n|-damage|p2a: Forretress|61\/100\n|move|p2a: Forretress|Gyro Ball|p1a: Emolga\n|-resisted|p1a: Emolga\n|-activate|p1a: Emolga|move: Substitute|[damage]\n|\n|-heal|p1a: Emolga|88\/100|[from] item: Leftovers\n|-heal|p2a: Forretress|67\/100|[from] item: Leftovers\n|upkeep\n|turn|12\n|choice|move thunderbolt|move gyroball\n|\n|move|p1a: Emolga|Thunderbolt|p2a: Forretress\n|-damage|p2a: Forretress|29\/100\n|move|p2a: Forretress|Gyro Ball|p1a: Emolga\n|-resisted|p1a: Emolga\n|-end|p1a: Emolga|Substitute\n|\n|-heal|p1a: Emolga|94\/100|[from] item: Leftovers\n|-heal|p2a: Forretress|35\/100|[from] item: Leftovers\n|upkeep\n|turn|13\n|choice|move thunderbolt|switch 2\n|\n|switch|p2a: Landorus|Landorus, L73, M|100\/100\n|move|p1a: Emolga|Thunderbolt|p2a: Landorus\n|-immune|p2a: Landorus|[msg]\n|\n|-heal|p1a: Emolga|99\/100|[from] item: Leftovers\n|upkeep\n|turn|14\n|choice|move thunderbolt|move psychic\n|\n|move|p1a: Emolga|Thunderbolt|p2a: Landorus\n|-immune|p2a: Landorus|[msg]\n|move|p2a: Landorus|Psychic|p1a: Emolga\n|-damage|p1a: Emolga|41\/100\n|\n|-heal|p1a: Emolga|47\/100|[from] item: Leftovers\n|upkeep\n|turn|15\n|c|\u2606x wing fighter|gg\n|-message|yoloboi03 forfeited.\n|\n|win|x wing fighter\n|l|yoloboi03\n|raw|yoloboi03's rating: 1049 &rarr; <strong>1036<\/strong><br \/>(-13 for losing)\n|raw|x wing fighter's rating: 1131 &rarr; <strong>1150<\/strong><br \/>(+19 for winning)","inputlog":null,"uploadtime":1492754789,"views":2,"p1id":"yoloboi03","p2id":"xwingfighter","formatid":"gen7randombattle","rating":1036,"private":0,"password":null}