{"id":"gen7ou-769916145","p1":"Maman de Guprei","p2":"BigL91","format":"gen7ou","log":"|j|\u2606Maman de Guprei\n|j|\u2606BigL91\n|player|p1|Maman de Guprei|31\n|player|p2|BigL91|135\n|teamsize|p1|6\n|teamsize|p2|6\n|gametype|singles\n|gen|7\n|tier|[Gen 7] OU\n|rated|\n|rule|Sleep Clause Mod: Limit one foe put to sleep\n|rule|Species Clause: Limit one of each Pok\u00e9mon\n|rule|OHKO Clause: OHKO moves are banned\n|rule|Moody Clause: Moody is banned\n|rule|Evasion Moves Clause: Evasion moves are banned\n|rule|Endless Battle Clause: Forcing endless battles is banned\n|rule|HP Percentage Mod: HP is shown in percentages\n|clearpoke\n|poke|p1|Alakazam, M|item\n|poke|p1|Cofagrigus, M|item\n|poke|p1|Landorus-Therian, M|item\n|poke|p1|Chansey, F|item\n|poke|p1|Kartana|item\n|poke|p1|Muk-Alola, M|item\n|poke|p2|Ribombee, F|item\n|poke|p2|Landorus-Therian, M|item\n|poke|p2|Medicham, M|item\n|poke|p2|Magearna|item\n|poke|p2|Bisharp, M|item\n|poke|p2|Greninja, M|item\n|teampreview\n|\n|start\n|switch|p1a: Muk|Muk-Alola, M|100\/100\n|switch|p2a: Ribombee|Ribombee, F|100\/100\n|turn|1\n|\n|move|p2a: Ribombee|Sticky Web|p1a: Muk\n|-sidestart|p1: Maman de Guprei|move: Sticky Web\n|move|p1a: Muk|Poison Jab|p2a: Ribombee\n|-supereffective|p2a: Ribombee\n|-enditem|p2a: Ribombee|Focus Sash\n|-damage|p2a: Ribombee|1\/100\n|\n|upkeep\n|turn|2\n|\n|move|p2a: Ribombee|Moonblast|p1a: Muk\n|-damage|p1a: Muk|77\/100\n|move|p1a: Muk|Pursuit|p2a: Ribombee\n|-resisted|p2a: Ribombee\n|-damage|p2a: Ribombee|0 fnt\n|faint|p2a: Ribombee\n|\n|upkeep\n|\n|switch|p2a: Landorus|Landorus-Therian, M|100\/100\n|-ability|p2a: Landorus|Intimidate|boost\n|-unboost|p1a: Muk|atk|1\n|turn|3\n|\n|switch|p1a: Landorus|Landorus-Therian, M|100\/100\n|-ability|p1a: Landorus|Intimidate|boost\n|-unboost|p2a: Landorus|atk|1\n|move|p2a: Landorus|Stealth Rock|p1a: Landorus\n|-sidestart|p1: Maman de Guprei|move: Stealth Rock\n|\n|upkeep\n|turn|4\n|\n|move|p1a: Landorus|Defog|p2a: Landorus\n|-unboost|p2a: Landorus|evasion|1\n|-sideend|p1: Maman de Guprei|Stealth Rock|[from] move: Defog|[of] p1a: Landorus\n|-sideend|p1: Maman de Guprei|Sticky Web|[from] move: Defog|[of] p1a: Landorus\n|move|p2a: Landorus|Swords Dance|p2a: Landorus\n|-boost|p2a: Landorus|atk|2\n|\n|upkeep\n|turn|5\n|\n|switch|p1a: Muk|Muk-Alola, M|77\/100\n|-zpower|p2a: Landorus\n|move|p2a: Landorus|Supersonic Skystrike|p1a: Muk|[zeffect]\n|-damage|p1a: Muk|0 fnt\n|faint|p1a: Muk\n|\n|upkeep\n|\n|switch|p1a: Alakazam|Alakazam, M|100\/100\n|turn|6\n|\n|detailschange|p1a: Alakazam|Alakazam-Mega, M\n|-mega|p1a: Alakazam|Alakazam|Alakazite\n|-ability|p1a: Alakazam|Intimidate|[from] ability: Trace|[of] p2a: Landorus\n|-ability|p1a: Alakazam|Intimidate|boost\n|-unboost|p2a: Landorus|atk|1\n|move|p1a: Alakazam|Hidden Power|p2a: Landorus\n|-supereffective|p2a: Landorus\n|-damage|p2a: Landorus|0 fnt\n|faint|p2a: Landorus\n|\n|upkeep\n|\n|switch|p2a: Magearna|Magearna|100\/100\n|turn|7\n|\n|move|p1a: Alakazam|Focus Blast|p2a: Magearna|[miss]\n|-miss|p1a: Alakazam|p2a: Magearna\n|move|p2a: Magearna|Volt Switch|p1a: Alakazam\n|-damage|p1a: Alakazam|74\/100\n|\n|switch|p2a: Bisharp|Bisharp, M|100\/100\n|\n|upkeep\n|turn|8\n|j| LilMallo\n|j| beautiful summer\n|\n|switch|p1a: T!einei 6.90.|Kartana|100\/100\n|switch|p2a: Medicham|Medicham, M|100\/100\n|\n|upkeep\n|turn|9\n|j| Fowodo\n|\n|switch|p1a: Cofagrigus|Cofagrigus, M|100\/100\n|detailschange|p2a: Medicham|Medicham-Mega, M\n|-mega|p2a: Medicham|Medicham|Medichamite\n|move|p2a: Medicham|Fake Out|p1a: Cofagrigus\n|-immune|p1a: Cofagrigus|[msg]\n|\n|upkeep\n|turn|10\n|\n|switch|p2a: Magearna|Magearna|100\/100\n|move|p1a: Cofagrigus|Will-O-Wisp|p2a: Magearna\n|-status|p2a: Magearna|brn\n|\n|-damage|p2a: Magearna|94\/100 brn|[from] brn\n|upkeep\n|turn|11\n|\n|move|p2a: Magearna|Volt Switch|p1a: Cofagrigus\n|-damage|p1a: Cofagrigus|80\/100\n|\n|switch|p2a: Greninja|Greninja, M|100\/100\n|move|p1a: Cofagrigus|Will-O-Wisp|p2a: Greninja|[miss]\n|-miss|p1a: Cofagrigus|p2a: Greninja\n|\n|upkeep\n|turn|12\n|\n|switch|p2a: Bisharp|Bisharp, M|100\/100\n|switch|p1a: kinder surprise|Chansey, F|100\/100\n|\n|upkeep\n|turn|13\n|\n|switch|p1a: T!einei 6.90.|Kartana|100\/100\n|move|p2a: Bisharp|Swords Dance|p2a: Bisharp\n|-boost|p2a: Bisharp|atk|2\n|\n|upkeep\n|turn|14\n|\n|move|p2a: Bisharp|Sucker Punch|p1a: T!einei 6.90.\n|-damage|p1a: T!einei 6.90.|25\/100\n|move|p1a: T!einei 6.90.|Sacred Sword|p2a: Bisharp\n|-supereffective|p2a: Bisharp\n|-damage|p2a: Bisharp|0 fnt\n|faint|p2a: Bisharp\n|-ability|p1a: T!einei 6.90.|Beast Boost|boost\n|-boost|p1a: T!einei 6.90.|spe|1\n|\n|upkeep\n|\n|switch|p2a: Greninja|Greninja, M|100\/100\n|turn|15\n|\n|switch|p1a: kinder surprise|Chansey, F|100\/100\n|move|p2a: Greninja|Water Shuriken|p1a: kinder surprise\n|-damage|p1a: kinder surprise|98\/100\n|-damage|p1a: kinder surprise|96\/100\n|-damage|p1a: kinder surprise|94\/100\n|-damage|p1a: kinder surprise|92\/100\n|-damage|p1a: kinder surprise|89\/100\n|-hitcount|p1a: kinder surprise|5\n|\n|upkeep\n|turn|16\n|\n|switch|p2a: Medicham|Medicham-Mega, M|100\/100\n|move|p1a: kinder surprise|Wish|p1a: kinder surprise\n|\n|upkeep\n|turn|17\n|\n|switch|p1a: Cofagrigus|Cofagrigus, M|80\/100\n|move|p2a: Medicham|Zen Headbutt|p1a: Cofagrigus\n|-damage|p1a: Cofagrigus|40\/100\n|-activate|p1a: Cofagrigus|ability: Mummy|Pure Power|[of] p2a: Medicham\n|-damage|p2a: Medicham|84\/100|[from] item: Rocky Helmet|[of] p1a: Cofagrigus\n|\n|-heal|p1a: Cofagrigus|100\/100|[from] move: Wish|[wisher] kinder surprise\n|upkeep\n|turn|18\n|c|\u2606BigL91|gg\n|c|\u2606Maman de Guprei|GG\n|-message|BigL91 forfeited.\n|\n|win|Maman de Guprei\n|l|\u2606BigL91\n|raw|Maman de Guprei's rating: 1669 &rarr; <strong>1689<\/strong><br \/>(+20 for winning)\n|raw|BigL91's rating: 1671 &rarr; <strong>1651<\/strong><br \/>(-20 for losing)\n|l|\u2606Maman de Guprei\n","inputlog":null,"uploadtime":1530452850,"views":1,"p1id":"mamandeguprei","p2id":"bigl91","formatid":"gen7ou","rating":1651,"private":0,"password":null}