{"id":"gen7ou-1010698665","p1":"JoJo321","p2":"Sir Isaac Mewton","format":"gen7ou","log":"|j|\u2606JoJo321\n|j|\u2606Sir Isaac Mewton\n|player|p1|JoJo321|101|1702\n|player|p2|Sir Isaac Mewton|267|1787\n|teamsize|p1|6\n|teamsize|p2|6\n|gametype|singles\n|gen|7\n|tier|[Gen 7] OU\n|rated|\n|rule|Sleep Clause Mod: Limit one foe put to sleep\n|rule|Species Clause: Limit one of each Pok\u00e9mon\n|rule|OHKO Clause: OHKO moves are banned\n|rule|Moody Clause: Moody is banned\n|rule|Evasion Moves Clause: Evasion moves are banned\n|rule|Endless Battle Clause: Forcing endless battles is banned\n|rule|HP Percentage Mod: HP is shown in percentages\n|clearpoke\n|poke|p1|Celesteela|item\n|poke|p1|Tapu Koko|item\n|poke|p1|Clefable, F|item\n|poke|p1|Tapu Lele|item\n|poke|p1|Hawlucha, M|item\n|poke|p1|Diancie|item\n|poke|p2|Tapu Koko|item\n|poke|p2|Magearna|item\n|poke|p2|Gliscor, M|item\n|poke|p2|Toxapex, F|item\n|poke|p2|Clefable, F|item\n|poke|p2|Mew|item\n|teampreview\n|\n|start\n|switch|p1a: Diancie|Diancie|100\/100\n|switch|p2a: Tapu Koko|Tapu Koko|100\/100\n|-fieldstart|move: Electric Terrain|[from] ability: Electric Surge|[of] p2a: Tapu Koko\n|turn|1\n|\n|move|p2a: Tapu Koko|Thunderbolt|p1a: Diancie\n|-damage|p1a: Diancie|52\/100\n|move|p1a: Diancie|Stealth Rock|p2a: Tapu Koko\n|-sidestart|p2: Sir Isaac Mewton|move: Stealth Rock\n|\n|upkeep\n|turn|2\n|\n|move|p2a: Tapu Koko|Thunderbolt|p1a: Diancie\n|-damage|p1a: Diancie|10\/100\n|-status|p1a: Diancie|par\n|move|p1a: Diancie|Endeavor|p2a: Tapu Koko\n|-damage|p2a: Tapu Koko|11\/100\n|\n|upkeep\n|turn|3\n|\n|move|p2a: Tapu Koko|Defog|p1a: Diancie\n|-fail|p1a: Diancie|unboost|[from] ability: Clear Body|[of] p1a: Diancie\n|-sideend|p2: Sir Isaac Mewton|Stealth Rock|[from] move: Defog|[of] p2a: Tapu Koko\n|cant|p1a: Diancie|par\n|\n|upkeep\n|turn|4\n|\n|move|p2a: Tapu Koko|Thunderbolt|p1a: Diancie\n|-damage|p1a: Diancie|0 fnt\n|faint|p1a: Diancie\n|\n|upkeep\n|\n|switch|p1a: Tapu Koko|Tapu Koko|100\/100\n|turn|5\n|\n|switch|p2a: Magearna|Magearna|100\/100\n|move|p1a: Tapu Koko|Dazzling Gleam|p2a: Magearna\n|-resisted|p2a: Magearna\n|-damage|p2a: Magearna|86\/100\n|\n|-fieldend|move: Electric Terrain\n|upkeep\n|turn|6\n|-message|JoJo321 forfeited.\n|\n|win|Sir Isaac Mewton\n|l|\u2606JoJo321\n","uploadtime":1573918016,"views":4,"p1id":"jojo321","p2id":"sirisaacmewton","formatid":"gen7ou","rating":0,"private":0,"password":null}