{"id":"gen7ou-1696263627","p1":"Shinjou Akane","p2":"LVYE","format":"gen7ou","log":"|j|\u2606Shinjou Akane\n|j|\u2606LVYE\n|t:|1666883226\n|gametype|singles\n|player|p1|Shinjou Akane|nurse|1341\n|player|p2|LVYE|265|1338\n|teamsize|p1|6\n|teamsize|p2|6\n|gen|7\n|tier|[Gen 7] OU\n|rated|\n|rule|Sleep Clause Mod: Limit one foe put to sleep\n|rule|Species Clause: Limit one of each Pok\u00e9mon\n|rule|OHKO Clause: OHKO moves are banned\n|rule|Moody Clause: Moody is banned\n|rule|Evasion Items Clause: Evasion items are banned\n|rule|Evasion Moves Clause: Evasion moves are banned\n|rule|Endless Battle Clause: Forcing endless battles is banned\n|rule|HP Percentage Mod: HP is shown in percentages\n|clearpoke\n|poke|p1|Gardevoir, F|item\n|poke|p1|Garchomp, M|item\n|poke|p1|Rotom-Wash|item\n|poke|p1|Tapu Koko|item\n|poke|p1|Victini|item\n|poke|p1|Magearna|item\n|poke|p2|Galvantula, M|item\n|poke|p2|Bisharp, M|item\n|poke|p2|Pinsir, F|item\n|poke|p2|Rotom-Wash|item\n|poke|p2|Kommo-o, F|item\n|poke|p2|Mimikyu, M|item\n|teampreview\n|inactive|Battle timer is ON: inactive players will automatically lose when time's up. (requested by LVYE)\n|\n|t:|1666883240\n|start\n|switch|p1a: Victini|Victini|100\/100\n|switch|p2a: Bisharp|Bisharp, M|100\/100\n|turn|1\n|\n|t:|1666883251\n|move|p2a: Bisharp|Sucker Punch|p1a: Victini\n|-supereffective|p1a: Victini\n|-damage|p1a: Victini|6\/100\n|-damage|p2a: Bisharp|91\/100|[from] item: Life Orb\n|move|p1a: Victini|U-turn|p2a: Bisharp\n|-damage|p2a: Bisharp|66\/100\n|\n|t:|1666883263\n|switch|p1a: Garchomp|Garchomp, M|100\/100|[from]move: U-turn\n|\n|upkeep\n|turn|2\n|\n|t:|1666883269\n|switch|p2a: Rotom|Rotom-Wash|100\/100\n|move|p1a: Garchomp|Stealth Rock|p2a: Rotom\n|-sidestart|p2: LVYE|move: Stealth Rock\n|\n|upkeep\n|turn|3\n|\n|t:|1666883276\n|move|p1a: Garchomp|Toxic|p2a: Rotom\n|-status|p2a: Rotom|tox\n|move|p2a: Rotom|Will-O-Wisp|p1a: Garchomp|[miss]\n|-miss|p2a: Rotom|p1a: Garchomp\n|\n|-damage|p2a: Rotom|94\/100 tox|[from] psn\n|upkeep\n|turn|4\n|\n|t:|1666883286\n|switch|p1a: Gardevoir|Gardevoir, F|100\/100\n|-ability|p1a: Gardevoir|Levitate|[from] ability: Trace|[of] p2a: Rotom\n|move|p2a: Rotom|Hydro Pump|p1a: Gardevoir\n|-damage|p1a: Gardevoir|55\/100\n|\n|-heal|p2a: Rotom|100\/100 tox|[from] item: Leftovers\n|-damage|p2a: Rotom|88\/100 tox|[from] psn\n|upkeep\n|turn|5\n|\n|t:|1666883293\n|detailschange|p1a: Gardevoir|Gardevoir-Mega, F\n|-mega|p1a: Gardevoir|Gardevoir|Gardevoirite\n|move|p1a: Gardevoir|Hyper Voice|p2a: Rotom\n|-crit|p2a: Rotom\n|-damage|p2a: Rotom|0 fnt\n|faint|p2a: Rotom\n|\n|upkeep\n|\n|t:|1666883305\n|switch|p2a: Bisharp|Bisharp, M|66\/100\n|-damage|p2a: Bisharp|60\/100|[from] Stealth Rock\n|turn|6\n|\n|t:|1666883313\n|move|p1a: Gardevoir|Hyper Voice|p2a: Bisharp\n|-damage|p2a: Bisharp|0 fnt\n|faint|p2a: Bisharp\n|\n|upkeep\n|\n|t:|1666883326\n|switch|p2a: Mimikyu|Mimikyu, M|100\/100\n|-damage|p2a: Mimikyu|88\/100|[from] Stealth Rock\n|turn|7\n|\n|t:|1666883332\n|switch|p1a: Garchomp|Garchomp, M|100\/100\n|move|p2a: Mimikyu|Swords Dance|p2a: Mimikyu\n|-boost|p2a: Mimikyu|atk|2\n|\n|upkeep\n|turn|8\n|\n|t:|1666883335\n|move|p2a: Mimikyu|Play Rough|p1a: Garchomp|[miss]\n|-miss|p2a: Mimikyu|p1a: Garchomp\n|move|p1a: Garchomp|Earthquake|p2a: Mimikyu\n|-activate|p2a: Mimikyu|ability: Disguise\n|-damage|p2a: Mimikyu|88\/100\n|detailschange|p2a: Mimikyu|Mimikyu-Busted, M\n|\n|upkeep\n|turn|9\n|\n|t:|1666883340\n|switch|p1a: Victini|Victini|6\/100\n|move|p2a: Mimikyu|Play Rough|p1a: Victini\n|-resisted|p1a: Victini\n|-damage|p1a: Victini|0 fnt\n|faint|p1a: Victini\n|-damage|p2a: Mimikyu|78\/100|[from] item: Life Orb\n|\n|upkeep\n|\n|t:|1666883345\n|switch|p1a: Tapu Koko|Tapu Koko|100\/100\n|-fieldstart|move: Electric Terrain|[from] ability: Electric Surge|[of] p1a: Tapu Koko\n|turn|10\n|\n|t:|1666883351\n|-zpower|p1a: Tapu Koko\n|move|p1a: Tapu Koko|Gigavolt Havoc|p2a: Mimikyu|[zeffect]\n|-damage|p2a: Mimikyu|0 fnt\n|faint|p2a: Mimikyu\n|\n|upkeep\n|\n|t:|1666883362\n|switch|p2a: Kommo-o|Kommo-o, F|100\/100\n|-damage|p2a: Kommo-o|94\/100|[from] Stealth Rock\n|turn|11\n|\n|t:|1666883370\n|move|p1a: Tapu Koko|Volt Switch|p2a: Kommo-o\n|-resisted|p2a: Kommo-o\n|-damage|p2a: Kommo-o|66\/100\n|\n|t:|1666883372\n|switch|p1a: Magearna|Magearna|100\/100|[from]move: Volt Switch\n|move|p2a: Kommo-o|Substitute|p2a: Kommo-o\n|-start|p2a: Kommo-o|Substitute\n|-damage|p2a: Kommo-o|41\/100\n|\n|upkeep\n|turn|12\n|\n|t:|1666883378\n|move|p2a: Kommo-o|Flamethrower|p1a: Magearna\n|-supereffective|p1a: Magearna\n|-damage|p1a: Magearna|77\/100\n|-status|p1a: Magearna|brn\n|move|p1a: Magearna|Ice Beam|p2a: Kommo-o\n|-supereffective|p2a: Kommo-o\n|-end|p2a: Kommo-o|Substitute\n|\n|-damage|p1a: Magearna|71\/100 brn|[from] brn\n|upkeep\n|turn|13\n|\n|t:|1666883386\n|switch|p2a: Galvantula|Galvantula, M|100\/100\n|-damage|p2a: Galvantula|76\/100|[from] Stealth Rock\n|move|p1a: Magearna|Ice Beam|p2a: Galvantula\n|-damage|p2a: Galvantula|32\/100\n|\n|-damage|p1a: Magearna|65\/100 brn|[from] brn\n|upkeep\n|turn|14\n|\n|t:|1666883392\n|move|p2a: Galvantula|Thunder|p1a: Magearna\n|-damage|p1a: Magearna|24\/100 brn\n|-damage|p2a: Galvantula|22\/100|[from] item: Life Orb\n|move|p1a: Magearna|Ice Beam|p2a: Galvantula\n|-damage|p2a: Galvantula|0 fnt\n|faint|p2a: Galvantula\n|-ability|p1a: Magearna|Soul-Heart|boost\n|-boost|p1a: Magearna|spa|1\n|\n|-damage|p1a: Magearna|18\/100 brn|[from] brn\n|-fieldend|move: Electric Terrain\n|upkeep\n|\n|t:|1666883399\n|switch|p2a: Kommo-o|Kommo-o, F|41\/100\n|-damage|p2a: Kommo-o|34\/100|[from] Stealth Rock\n|turn|15\n|\n|t:|1666883402\n|move|p2a: Kommo-o|Clanging Scales|p1a: Magearna\n|-immune|p1a: Magearna\n|move|p1a: Magearna|Volt Switch|p2a: Kommo-o\n|-resisted|p2a: Kommo-o\n|-damage|p2a: Kommo-o|17\/100\n|\n|t:|1666883406\n|switch|p1a: Gardevoir|Gardevoir-Mega, F|55\/100|[from]move: Volt Switch\n|\n|upkeep\n|turn|16\n|\n|t:|1666883411\n|move|p1a: Gardevoir|Hyper Voice|p2a: Kommo-o\n|-supereffective|p2a: Kommo-o\n|-damage|p2a: Kommo-o|0 fnt\n|faint|p2a: Kommo-o\n|\n|upkeep\n|\n|t:|1666883414\n|switch|p2a: Pinsir|Pinsir, F|100\/100\n|-damage|p2a: Pinsir|75\/100|[from] Stealth Rock\n|turn|17\n|\n|t:|1666883417\n|detailschange|p2a: Pinsir|Pinsir-Mega, F\n|-mega|p2a: Pinsir|Pinsir|Pinsirite\n|move|p2a: Pinsir|Quick Attack|p1a: Gardevoir\n|-damage|p1a: Gardevoir|3\/100\n|move|p1a: Gardevoir|Hyper Voice|p2a: Pinsir\n|-damage|p2a: Pinsir|0 fnt\n|faint|p2a: Pinsir\n|\n|win|Shinjou Akane\n|raw|Shinjou Akane's rating: 1341 &rarr; <strong>1361<\/strong><br \/>(+20 for winning)\n|raw|LVYE's rating: 1338 &rarr; <strong>1318<\/strong><br \/>(-20 for losing)\n","uploadtime":1666883426,"views":8,"p1id":"shinjouakane","p2id":"lvye","formatid":"gen7ou","rating":1318,"private":0,"password":null}