{"id":"gen7ou-920659783","p1":"meetus","p2":"HQSFun","format":"gen7ou","log":"|j|\u2606meetus\n|j|\u2606HQSFun\n|player|p1|meetus|76\n|player|p2|HQSFun|260\n|teamsize|p1|6\n|teamsize|p2|6\n|gametype|singles\n|gen|7\n|tier|[Gen 7] OU\n|rated|\n|rule|Sleep Clause Mod: Limit one foe put to sleep\n|rule|Species Clause: Limit one of each Pok\u00e9mon\n|rule|OHKO Clause: OHKO moves are banned\n|rule|Moody Clause: Moody is banned\n|rule|Evasion Moves Clause: Evasion moves are banned\n|rule|Endless Battle Clause: Forcing endless battles is banned\n|rule|HP Percentage Mod: HP is shown in percentages\n|clearpoke\n|poke|p1|Altaria, M|item\n|poke|p1|Victini|item\n|poke|p1|Kommo-o, M|item\n|poke|p1|Magearna|item\n|poke|p1|Greninja, M|item\n|poke|p1|Kartana|item\n|poke|p2|Medicham, F|item\n|poke|p2|Greninja, M|item\n|poke|p2|Kartana|item\n|poke|p2|Landorus-Therian, M|item\n|poke|p2|Magearna|item\n|poke|p2|Tapu Koko|item\n|teampreview\n|inactive|Battle timer is ON: inactive players will automatically lose when time's up. (requested by HQSFun)\n|\n|start\n|switch|p1a: Kommo-o|Kommo-o, M|292\/292\n|switch|p2a: Medicham|Medicham, F|261\/261\n|turn|1\n|\n|switch|p1a: Victini|Victini|341\/341\n|detailschange|p2a: Medicham|Medicham-Mega, F\n|-mega|p2a: Medicham|Medicham|Medichamite\n|move|p2a: Medicham|Zen Headbutt|p1a: Victini\n|-resisted|p1a: Victini\n|-crit|p1a: Victini\n|-damage|p1a: Victini|160\/341\n|\n|upkeep\n|turn|2\n|\n|switch|p2a: Landorus|Landorus-Therian, M|382\/382\n|-ability|p2a: Landorus|Intimidate|boost\n|-unboost|p1a: Victini|atk|1\n|move|p1a: Victini|U-turn|p2a: Landorus\n|-resisted|p2a: Landorus\n|-damage|p2a: Landorus|364\/382\n|\n|switch|p1a: Altaria|Altaria, M|297\/297\n|\n|-heal|p2a: Landorus|382\/382|[from] item: Leftovers\n|upkeep\n|turn|3\n|\n|detailschange|p1a: Altaria|Altaria-Mega, M\n|-mega|p1a: Altaria|Altaria|Altarianite\n|move|p1a: Altaria|Dragon Dance|p1a: Altaria\n|-boost|p1a: Altaria|atk|1\n|-boost|p1a: Altaria|spe|1\n|move|p2a: Landorus|U-turn|p1a: Altaria\n|-resisted|p1a: Altaria\n|-damage|p1a: Altaria|261\/297\n|\n|switch|p2a: Magearna|Magearna|363\/363\n|\n|upkeep\n|turn|4\n|\n|move|p1a: Altaria|Earthquake|p2a: Magearna\n|-supereffective|p2a: Magearna\n|-damage|p2a: Magearna|41\/363\n|move|p2a: Magearna|Flash Cannon|p1a: Altaria\n|-supereffective|p1a: Altaria\n|-damage|p1a: Altaria|0 fnt\n|faint|p1a: Altaria\n|-ability|p2a: Magearna|Soul-Heart|boost\n|-boost|p2a: Magearna|spa|1\n|\n|upkeep\n|\n|switch|p1a: Greninja|Greninja, M|285\/285\n|turn|5\n|\n|switch|p2a: Greninja|Greninja, M|285\/285\n|move|p1a: Greninja|Dark Pulse|p2a: Greninja\n|-resisted|p2a: Greninja\n|-damage|p2a: Greninja|169\/285\n|\n|upkeep\n|turn|6\n|\n|switch|p1a: Kommo-o|Kommo-o, M|292\/292\n|move|p2a: Greninja|Hydro Pump|p1a: Kommo-o\n|-resisted|p1a: Kommo-o\n|-damage|p1a: Kommo-o|175\/292\n|\n|upkeep\n|turn|7\n|\n|switch|p2a: Magearna|Magearna|41\/363\n|move|p1a: Kommo-o|Close Combat|p2a: Magearna\n|-damage|p2a: Magearna|0 fnt\n|-unboost|p1a: Kommo-o|def|1\n|-unboost|p1a: Kommo-o|spd|1\n|faint|p2a: Magearna\n|\n|upkeep\n|\n|switch|p2a: Medicham|Medicham-Mega, F|261\/261\n|turn|8\n|\n|switch|p1a: Victini|Victini|160\/341\n|move|p2a: Medicham|Zen Headbutt|p1a: Victini\n|-resisted|p1a: Victini\n|-damage|p1a: Victini|25\/341\n|\n|upkeep\n|turn|9\n|\n|switch|p2a: Landorus|Landorus-Therian, M|382\/382\n|-ability|p2a: Landorus|Intimidate|boost\n|-unboost|p1a: Victini|atk|1\n|move|p1a: Victini|V-create|p2a: Landorus\n|-damage|p2a: Landorus|250\/382\n|-unboost|p1a: Victini|spe|1\n|-unboost|p1a: Victini|def|1\n|-unboost|p1a: Victini|spd|1\n|\n|-heal|p2a: Landorus|273\/382|[from] item: Leftovers\n|upkeep\n|turn|10\n|\n|move|p2a: Landorus|Stealth Rock|p1a: Victini\n|-sidestart|p1: meetus|move: Stealth Rock\n|move|p1a: Victini|V-create|p2a: Landorus\n|-damage|p2a: Landorus|125\/382\n|-unboost|p1a: Victini|spe|1\n|-unboost|p1a: Victini|def|1\n|-unboost|p1a: Victini|spd|1\n|\n|-heal|p2a: Landorus|148\/382|[from] item: Leftovers\n|upkeep\n|turn|11\n|\n|move|p2a: Landorus|U-turn|p1a: Victini\n|-damage|p1a: Victini|0 fnt\n|faint|p1a: Victini\n|\n|switch|p2a: Medicham|Medicham-Mega, F|261\/261\n|\n|upkeep\n|\n|switch|p1a: Magearna|Magearna|301\/301\n|-damage|p1a: Magearna|283\/301|[from] Stealth Rock\n|turn|12\n|\n|move|p2a: Medicham|Fake Out|p1a: Magearna\n|-resisted|p1a: Magearna\n|-damage|p1a: Magearna|244\/301\n|cant|p1a: Magearna|flinch\n|\n|upkeep\n|turn|13\n|\n|move|p1a: Magearna|Fleur Cannon|p2a: Medicham\n|-supereffective|p2a: Medicham\n|-crit|p2a: Medicham\n|-damage|p2a: Medicham|0 fnt\n|-unboost|p1a: Magearna|spa|2\n|faint|p2a: Medicham\n|-ability|p1a: Magearna|Soul-Heart|boost\n|-boost|p1a: Magearna|spa|1\n|\n|upkeep\n|inactive|HQSFun has 120 seconds left.\n|inactive|HQSFun has 90 seconds left.\n|inactive|HQSFun has 60 seconds left.\n|inactive|HQSFun has 30 seconds left.\n|\n|switch|p2a: Kartana|Kartana|259\/259\n|turn|14\n|inactive|HQSFun has 30 seconds left.\n|\n|move|p1a: Magearna|Fleur Cannon|p2a: Kartana\n|-resisted|p2a: Kartana\n|-damage|p2a: Kartana|77\/259\n|-unboost|p1a: Magearna|spa|2\n|move|p2a: Kartana|Sacred Sword|p1a: Magearna\n|-damage|p1a: Magearna|119\/301\n|\n|upkeep\n|turn|15\n|inactive|HQSFun has 30 seconds left.\n|\n|move|p1a: Magearna|Fleur Cannon|p2a: Kartana\n|-resisted|p2a: Kartana\n|-damage|p2a: Kartana|0 fnt\n|-unboost|p1a: Magearna|spa|2\n|faint|p2a: Kartana\n|-ability|p1a: Magearna|Soul-Heart|boost\n|-boost|p1a: Magearna|spa|1\n|\n|upkeep\n|\n|switch|p2a: Tapu Koko|Tapu Koko|281\/281\n|-fieldstart|move: Electric Terrain|[from] ability: Electric Surge|[of] p2a: Tapu Koko\n|turn|16\n|\n|move|p2a: Tapu Koko|Thunderbolt|p1a: Magearna\n|-damage|p1a: Magearna|0 fnt\n|faint|p1a: Magearna\n|\n|upkeep\n|\n|switch|p1a: Kartana|Kartana|259\/259\n|-damage|p1a: Kartana|243\/259|[from] Stealth Rock\n|turn|17\n|\n|move|p2a: Tapu Koko|Thunderbolt|p1a: Kartana\n|-resisted|p1a: Kartana\n|-damage|p1a: Kartana|12\/259\n|move|p1a: Kartana|Leaf Blade|p2a: Tapu Koko\n|-damage|p2a: Tapu Koko|49\/281\n|\n|upkeep\n|turn|18\n|inactive|HQSFun has 60 seconds left.\n|\n|move|p2a: Tapu Koko|Thunderbolt|p1a: Kartana\n|-resisted|p1a: Kartana\n|-damage|p1a: Kartana|0 fnt\n|faint|p1a: Kartana\n|\n|upkeep\n|\n|switch|p1a: Greninja|Greninja, M|285\/285\n|-damage|p1a: Greninja|250\/285|[from] Stealth Rock\n|turn|19\n|\n|move|p1a: Greninja|Water Shuriken|p2a: Tapu Koko\n|-damage|p2a: Tapu Koko|0 fnt\n|-hitcount|p2a: Tapu Koko|1\n|faint|p2a: Tapu Koko\n|-activate|p1a: Greninja|ability: Battle Bond\n|detailschange|p1a: Greninja|Greninja-Ash, M\n|\n|upkeep\n|\n|switch|p2a: Greninja|Greninja, M|169\/285\n|turn|20\n|\n|switch|p1a: Kommo-o|Kommo-o, M|175\/292\n|-damage|p1a: Kommo-o|157\/292|[from] Stealth Rock\n|move|p2a: Greninja|Hydro Pump|p1a: Kommo-o\n|-resisted|p1a: Kommo-o\n|-damage|p1a: Kommo-o|31\/292\n|\n|-fieldend|move: Electric Terrain\n|upkeep\n|turn|21\n|\n|move|p2a: Greninja|Hydro Pump|p1a: Kommo-o\n|-resisted|p1a: Kommo-o\n|-damage|p1a: Kommo-o|0 fnt\n|faint|p1a: Kommo-o\n|-activate|p2a: Greninja|ability: Battle Bond\n|detailschange|p2a: Greninja|Greninja-Ash, M\n|\n|upkeep\n|\n|switch|p1a: Greninja|Greninja-Ash, M|250\/285\n|-damage|p1a: Greninja|215\/285|[from] Stealth Rock\n|turn|22\n|\n|move|p2a: Greninja|Hydro Pump|p1a: Greninja\n|-resisted|p1a: Greninja\n|-crit|p1a: Greninja\n|-damage|p1a: Greninja|0 fnt\n|faint|p1a: Greninja\n|\n|win|HQSFun\n|l|\u2606meetus\n|raw|meetus's rating: 1566 &rarr; <strong>1545<\/strong><br \/>(-21 for losing)\n|raw|HQSFun's rating: 1557 &rarr; <strong>1578<\/strong><br \/>(+21 for winning)\n","uploadtime":1559450092,"views":4,"p1id":"meetus","p2id":"hqsfun","formatid":"gen7ou","rating":1545,"private":0,"password":null}