{"id":"gen7randombattle-846586521","p1":"Blazask","p2":"wolfwarrior","format":"gen7randombattle","log":"|j|\u2606Blazask\n|j|\u2606wolfwarrior\n|player|p1|Blazask|294\n|player|p2|wolfwarrior|162\n|teamsize|p1|6\n|teamsize|p2|6\n|gametype|singles\n|gen|7\n|tier|[Gen 7] Random Battle\n|rated|\n|seed|63472,26059,30588,38655\n|rule|Sleep Clause Mod: Limit one foe put to sleep\n|rule|HP Percentage Mod: HP is shown in percentages\n|\n|start\n|switch|p1a: Comfey|Comfey, L81, M|215\/215\n|switch|p2a: Klinklang|Klinklang, L81|230\/230\n|turn|1\n|\n|move|p1a: Comfey|U-turn|p2a: Klinklang\n|-resisted|p2a: Klinklang\n|-damage|p2a: Klinklang|217\/230\n|c|\u2606Blazask|bad start :^(\n|c|\u2606Blazask|gl hf\n|\n|switch|p1a: Flareon|Flareon, L83, M|243\/243|[from]move: U-turn\n|move|p2a: Klinklang|Shift Gear|p2a: Klinklang\n|-boost|p2a: Klinklang|spe|2\n|-boost|p2a: Klinklang|atk|1\n|\n|-heal|p2a: Klinklang|230\/230|[from] item: Leftovers\n|-status|p1a: Flareon|tox|[from] item: Toxic Orb\n|upkeep\n|turn|2\n|\n|switch|p2a: Honchkrow|Honchkrow, L79, M|287\/287\n|move|p1a: Flareon|Flare Blitz|p2a: Honchkrow\n|-damage|p2a: Honchkrow|0 fnt\n|-damage|p1a: Flareon|148\/243 tox|[from] Recoil\n|faint|p2a: Honchkrow\n|\n|-damage|p1a: Flareon|133\/243 tox|[from] psn\n|upkeep\n|\n|switch|p2a: Azumarill|Azumarill, L76, M|277\/277\n|turn|3\n|\n|switch|p1a: Parasect|Parasect, L83, M|235\/235\n|-zpower|p2a: Azumarill\n|move|p2a: Azumarill|Z-Belly Drum|p2a: Azumarill|[anim]Belly Drum\n|-damage|p2a: Azumarill|139\/277\n|-setboost|p2a: Azumarill|atk|6|[from] move: Belly Drum\n|\n|upkeep\n|turn|4\n|\n|move|p2a: Azumarill|Knock Off|p1a: Parasect\n|-damage|p1a: Parasect|0 fnt\n|-enditem|p1a: Parasect|Leftovers|[from] move: Knock Off|[of] p2a: Azumarill\n|faint|p1a: Parasect\n|\n|upkeep\n|\n|switch|p1a: Zeraora|Zeraora, L77|262\/262\n|turn|5\n|\n|move|p2a: Azumarill|Aqua Jet|p1a: Zeraora\n|-crit|p1a: Zeraora\n|-damage|p1a: Zeraora|0 fnt\n|faint|p1a: Zeraora\n|\n|upkeep\n|c|\u2606wolfwarrior|ez\n|c|\u2606wolfwarrior|gg\n|c|\u2606Blazask|D':\n|\n|switch|p1a: Cryogonal|Cryogonal, L81|262\/262\n|turn|6\n|\n|move|p2a: Azumarill|Aqua Jet|p1a: Cryogonal\n|-damage|p1a: Cryogonal|7\/262\n|move|p1a: Cryogonal|Haze|p1a: Cryogonal\n|-clearallboost\n|\n|-heal|p1a: Cryogonal|23\/262|[from] item: Leftovers\n|upkeep\n|turn|7\n|\n|switch|p1a: Weezing|Weezing, L81, F|238\/238\n|move|p2a: Azumarill|Aqua Jet|p1a: Weezing\n|-damage|p1a: Weezing|202\/238\n|\n|-heal|p1a: Weezing|216\/238|[from] item: Black Sludge\n|upkeep\n|turn|8\n|\n|switch|p2a: Klinklang|Klinklang, L81|230\/230\n|move|p1a: Weezing|Toxic Spikes|p2a: Klinklang\n|-sidestart|p2: wolfwarrior|move: Toxic Spikes\n|\n|-heal|p1a: Weezing|230\/238|[from] item: Black Sludge\n|upkeep\n|turn|9\n|\n|move|p2a: Klinklang|Gear Grind|p1a: Weezing\n|-damage|p1a: Weezing|191\/238\n|-damage|p1a: Weezing|145\/238\n|-hitcount|p1a: Weezing|2\n|move|p1a: Weezing|Fire Blast|p2a: Klinklang\n|-supereffective|p2a: Klinklang\n|-damage|p2a: Klinklang|100\/230\n|\n|-heal|p2a: Klinklang|114\/230|[from] item: Leftovers\n|-heal|p1a: Weezing|159\/238|[from] item: Black Sludge\n|upkeep\n|turn|10\n|inactive|Battle timer is ON: inactive players will automatically lose when time's up. (requested by wolfwarrior)\n|c|\u2606Blazask|kek\n|\n|move|p2a: Klinklang|Gear Grind|p1a: Weezing\n|-damage|p1a: Weezing|117\/238\n|-crit|p1a: Weezing\n|-damage|p1a: Weezing|50\/238\n|-hitcount|p1a: Weezing|2\n|move|p1a: Weezing|Fire Blast|p2a: Klinklang\n|-supereffective|p2a: Klinklang\n|-damage|p2a: Klinklang|0 fnt\n|faint|p2a: Klinklang\n|\n|-heal|p1a: Weezing|64\/238|[from] item: Black Sludge\n|upkeep\n|\n|switch|p2a: Illumise|Illumise, L83, F|243\/243\n|-status|p2a: Illumise|psn\n|turn|11\n|\n|move|p2a: Illumise|Defog|p1a: Weezing\n|-unboost|p1a: Weezing|evasion|1\n|-sideend|p2: wolfwarrior|Toxic Spikes|[from] move: Defog|[of] p2a: Illumise\n|move|p1a: Weezing|Pain Split|p2a: Illumise\n|-sethp|p2a: Illumise|153\/243 psn|p1a: Weezing|153\/238|[from] move: Pain Split\n|\n|-heal|p2a: Illumise|168\/243 psn|[from] item: Leftovers\n|-heal|p1a: Weezing|167\/238|[from] item: Black Sludge\n|-damage|p2a: Illumise|138\/243 psn|[from] psn\n|upkeep\n|turn|12\n|\n|move|p2a: Illumise|U-turn|p1a: Weezing\n|-resisted|p1a: Weezing\n|-damage|p1a: Weezing|149\/238\n|\n|switch|p2a: Electivire|Electivire, L83, M|260\/260|[from]move: U-turn\n|move|p1a: Weezing|Toxic Spikes|p2a: Electivire\n|-sidestart|p2: wolfwarrior|move: Toxic Spikes\n|\n|-heal|p1a: Weezing|163\/238|[from] item: Black Sludge\n|upkeep\n|turn|13\n|\n|switch|p1a: Comfey|Comfey, L81, M|215\/215\n|move|p2a: Electivire|Volt Switch|p1a: Comfey\n|-damage|p1a: Comfey|154\/215\n|\n|switch|p2a: Illumise|Illumise, L83, F|138\/243 psn|[from]move: Volt Switch\n|\n|-heal|p1a: Comfey|167\/215|[from] item: Leftovers\n|-heal|p2a: Illumise|153\/243 psn|[from] item: Leftovers\n|-damage|p2a: Illumise|123\/243 psn|[from] psn\n|upkeep\n|turn|14\n|c|\u2606Blazask|uwu\n|\n|move|p2a: Illumise|Wish|p2a: Illumise\n|move|p1a: Comfey|U-turn|p2a: Illumise\n|-damage|p2a: Illumise|86\/243 psn\n|\n|switch|p1a: Weezing|Weezing, L81, F|163\/238|[from]move: U-turn\n|\n|-heal|p2a: Illumise|101\/243 psn|[from] item: Leftovers\n|-heal|p1a: Weezing|177\/238|[from] item: Black Sludge\n|-damage|p2a: Illumise|71\/243 psn|[from] psn\n|upkeep\n|turn|15\n|\n|move|p2a: Illumise|Defog|p1a: Weezing\n|-unboost|p1a: Weezing|evasion|1\n|-sideend|p2: wolfwarrior|Toxic Spikes|[from] move: Defog|[of] p2a: Illumise\n|move|p1a: Weezing|Toxic Spikes|p2a: Illumise\n|-sidestart|p2: wolfwarrior|move: Toxic Spikes\n|\n|-heal|p2a: Illumise|192\/243 psn|[from] move: Wish|[wisher] Illumise\n|-heal|p2a: Illumise|207\/243 psn|[from] item: Leftovers\n|-heal|p1a: Weezing|191\/238|[from] item: Black Sludge\n|-damage|p2a: Illumise|177\/243 psn|[from] psn\n|upkeep\n|turn|16\n|\n|move|p2a: Illumise|Wish|p2a: Illumise\n|move|p1a: Weezing|Toxic Spikes|p2a: Illumise\n|-sidestart|p2: wolfwarrior|move: Toxic Spikes\n|\n|-heal|p2a: Illumise|192\/243 psn|[from] item: Leftovers\n|-heal|p1a: Weezing|205\/238|[from] item: Black Sludge\n|-damage|p2a: Illumise|162\/243 psn|[from] psn\n|upkeep\n|turn|17\n|\n|move|p2a: Illumise|Defog|p1a: Weezing\n|-unboost|p1a: Weezing|evasion|1\n|-sideend|p2: wolfwarrior|Toxic Spikes|[from] move: Defog|[of] p2a: Illumise\n|move|p1a: Weezing|Fire Blast|p2a: Illumise\n|-supereffective|p2a: Illumise\n|-damage|p2a: Illumise|38\/243 psn\n|\n|-heal|p2a: Illumise|159\/243 psn|[from] move: Wish|[wisher] Illumise\n|-heal|p2a: Illumise|174\/243 psn|[from] item: Leftovers\n|-heal|p1a: Weezing|219\/238|[from] item: Black Sludge\n|-damage|p2a: Illumise|144\/243 psn|[from] psn\n|upkeep\n|turn|18\n|\n|move|p2a: Illumise|U-turn|p1a: Weezing\n|-resisted|p1a: Weezing\n|-damage|p1a: Weezing|201\/238\n|\n|switch|p2a: Electivire|Electivire, L83, M|260\/260|[from]move: U-turn\n|move|p1a: Weezing|Toxic Spikes|p2a: Electivire\n|-sidestart|p2: wolfwarrior|move: Toxic Spikes\n|\n|-heal|p1a: Weezing|215\/238|[from] item: Black Sludge\n|upkeep\n|turn|19\n|\n|move|p2a: Electivire|Volt Switch|p1a: Weezing\n|-damage|p1a: Weezing|133\/238\n|\n|switch|p2a: Illumise|Illumise, L83, F|144\/243 psn|[from]move: Volt Switch\n|move|p1a: Weezing|Pain Split|p2a: Illumise\n|-sethp|p2a: Illumise|138\/243 psn|p1a: Weezing|138\/238|[from] move: Pain Split\n|\n|-heal|p2a: Illumise|153\/243 psn|[from] item: Leftovers\n|-heal|p1a: Weezing|152\/238|[from] item: Black Sludge\n|-damage|p2a: Illumise|123\/243 psn|[from] psn\n|upkeep\n|turn|20\n|\n|move|p2a: Illumise|Wish|p2a: Illumise\n|move|p1a: Weezing|Fire Blast|p2a: Illumise\n|-supereffective|p2a: Illumise\n|-damage|p2a: Illumise|0 fnt\n|faint|p2a: Illumise\n|\n|-heal|p1a: Weezing|166\/238|[from] item: Black Sludge\n|upkeep\n|c|\u2606Blazask|yay\n|\n|switch|p2a: Electivire|Electivire, L83, M|260\/260\n|-status|p2a: Electivire|psn\n|turn|21\n|\n|switch|p1a: Comfey|Comfey, L81, M|167\/215\n|move|p2a: Electivire|Volt Switch|p1a: Comfey\n|-damage|p1a: Comfey|107\/215\n|\n|switch|p2a: Azumarill|Azumarill, L76, M|139\/277|[from]move: Volt Switch\n|-status|p2a: Azumarill|psn\n|\n|-heal|p2a: Azumarill|260\/277 psn|[from] move: Wish|[wisher] Illumise\n|-heal|p1a: Comfey|120\/215|[from] item: Leftovers\n|-damage|p2a: Azumarill|226\/277 psn|[from] psn\n|upkeep\n|turn|22\n|\n|move|p1a: Comfey|Synthesis|p1a: Comfey\n|-heal|p1a: Comfey|215\/215\n|move|p2a: Azumarill|Belly Drum|p2a: Azumarill\n|-damage|p2a: Azumarill|88\/277 psn\n|-setboost|p2a: Azumarill|atk|6|[from] move: Belly Drum\n|\n|-damage|p2a: Azumarill|54\/277 psn|[from] psn\n|upkeep\n|turn|23\n|\n|move|p1a: Comfey|Draining Kiss|p2a: Azumarill\n|-damage|p2a: Azumarill|0 fnt\n|faint|p2a: Azumarill\n|\n|upkeep\n|c|\u2606Blazask|:c\n|\n|switch|p2a: Electivire|Electivire, L83, M|260\/260 psn\n|turn|24\n|\n|move|p1a: Comfey|Draining Kiss|p2a: Electivire\n|-damage|p2a: Electivire|212\/260 psn\n|move|p2a: Electivire|Ice Punch|p1a: Comfey\n|-damage|p1a: Comfey|152\/215\n|\n|-heal|p1a: Comfey|165\/215|[from] item: Leftovers\n|-damage|p2a: Electivire|180\/260 psn|[from] psn\n|upkeep\n|turn|25\n|\n|move|p1a: Comfey|Draining Kiss|p2a: Electivire\n|-damage|p2a: Electivire|135\/260 psn\n|-heal|p1a: Comfey|199\/215|[from] drain|[of] p2a: Electivire\n|move|p2a: Electivire|Volt Switch|p1a: Comfey\n|-damage|p1a: Comfey|132\/215\n|\n|switch|p2a: Octillery|Octillery, L83, F|260\/260|[from]move: Volt Switch\n|-status|p2a: Octillery|psn\n|\n|-heal|p1a: Comfey|145\/215|[from] item: Leftovers\n|-damage|p2a: Octillery|228\/260 psn|[from] psn\n|upkeep\n|turn|26\n|\n|move|p1a: Comfey|U-turn|p2a: Octillery\n|-damage|p2a: Octillery|190\/260 psn\n|\n|switch|p1a: Weezing|Weezing, L81, F|166\/238|[from]move: U-turn\n|move|p2a: Octillery|Gunk Shot|p1a: Weezing\n|-resisted|p1a: Weezing\n|-damage|p1a: Weezing|127\/238\n|\n|-heal|p1a: Weezing|141\/238|[from] item: Black Sludge\n|-damage|p2a: Octillery|158\/260 psn|[from] psn\n|upkeep\n|turn|27\n|\n|move|p1a: Weezing|Sludge Bomb|p2a: Octillery\n|-damage|p2a: Octillery|62\/260 psn\n|move|p2a: Octillery|Scald|p1a: Weezing\n|-damage|p1a: Weezing|33\/238\n|-status|p1a: Weezing|brn\n|\n|-heal|p1a: Weezing|47\/238 brn|[from] item: Black Sludge\n|-damage|p1a: Weezing|33\/238 brn|[from] brn\n|-damage|p2a: Octillery|30\/260 psn|[from] psn\n|upkeep\n|turn|28\n|\n|move|p1a: Weezing|Sludge Bomb|p2a: Octillery\n|-damage|p2a: Octillery|0 fnt\n|faint|p2a: Octillery\n|\n|-heal|p1a: Weezing|47\/238 brn|[from] item: Black Sludge\n|-damage|p1a: Weezing|33\/238 brn|[from] brn\n|upkeep\n|\n|switch|p2a: Electivire|Electivire, L83, M|135\/260 psn\n|turn|29\n|-message|wolfwarrior forfeited.\n|\n|win|Blazask\n|l|\u2606wolfwarrior\n|raw|Blazask's rating: 1637 &rarr; <strong>1655<\/strong><br \/>(+18 for winning)\n|raw|wolfwarrior's rating: 1607 &rarr; <strong>1589<\/strong><br \/>(-18 for losing)\n","inputlog":">version 15570f8c5665e708dc4b7c4ccf2dccc3eb315044\n>start {\"formatid\":\"gen7randombattle\",\"seed\":[63472,26059,30588,38655],\"rated\":\"Rated battle\"}\n>player p1 {\"name\":\"Blazask\",\"avatar\":\"294\",\"team\":\"\"}\n>player p2 {\"name\":\"wolfwarrior\",\"avatar\":\"162\",\"team\":\"\"}\n>p1 move uturn\n>p2 move shiftgear\n>p1 switch 6\n>p1 move flareblitz\n>p2 switch 4\n>p2 switch 3\n>p1 switch 5\n>p2 move bellydrum zmove\n>p1 move spore\n>p2 move knockoff\n>p1 switch 4\n>p1 move plasmafists\n>p2 move aquajet\n>p1 switch 3\n>p1 move haze\n>p2 move aquajet\n>p1 switch 2\n>p2 move aquajet\n>p1 move toxicspikes\n>p2 switch 4\n>p1 move fireblast\n>p2 move geargrind\n>p1 move fireblast\n>p2 move geargrind\n>p2 switch 2\n>p1 move painsplit\n>p2 move defog\n>p1 move toxicspikes\n>p2 move uturn\n>p2 switch 5\n>p1 switch 6\n>p2 move voltswitch\n>p2 switch 5\n>p1 move uturn\n>p2 move wish\n>p1 switch 6\n>p1 move toxicspikes\n>p2 move defog\n>p1 move toxicspikes\n>p2 move wish\n>p1 move fireblast\n>p2 move defog\n>p1 move toxicspikes\n>p2 move uturn\n>p2 switch 5\n>p1 move painsplit\n>p2 move voltswitch\n>p2 switch 5\n>p1 move fireblast\n>p2 move wish\n>p2 switch 5\n>p1 switch 6\n>p2 move voltswitch\n>p2 switch 4\n>p1 move synthesis\n>p2 move bellydrum\n>p1 move drainingkiss\n>p2 move aquajet\n>p2 switch 4\n>p1 move drainingkiss\n>p2 move icepunch\n>p1 move drainingkiss\n>p2 move voltswitch\n>p2 switch 6\n>p1 move uturn\n>p2 move gunkshot\n>p1 switch 6\n>p1 move sludgebomb\n>p2 move scald\n>p1 move sludgebomb\n>p2 move scald\n>p2 switch 6","uploadtime":1547058582,"views":1,"p1id":"blazask","p2id":"wolfwarrior","formatid":"gen7randombattle","rating":1589,"private":0,"password":null}