{"id":"gen7ou-769431140","p1":"F0raT3m3r","p2":"uuuuiiii","format":"gen7ou","log":"|j|\u2606F0raT3m3r\n|j|\u2606uuuuiiii\n|player|p1|F0raT3m3r|168\n|player|p2|uuuuiiii|266\n|teamsize|p1|6\n|teamsize|p2|6\n|gametype|singles\n|gen|7\n|tier|[Gen 7] OU\n|rated|\n|rule|Sleep Clause Mod: Limit one foe put to sleep\n|rule|Species Clause: Limit one of each Pok\u00e9mon\n|rule|OHKO Clause: OHKO moves are banned\n|rule|Moody Clause: Moody is banned\n|rule|Evasion Moves Clause: Evasion moves are banned\n|rule|Endless Battle Clause: Forcing endless battles is banned\n|rule|HP Percentage Mod: HP is shown in percentages\n|clearpoke\n|poke|p1|Sableye, F|item\n|poke|p1|Victini|item\n|poke|p1|Toxapex, M|item\n|poke|p1|Jirachi|item\n|poke|p1|Clefable, F|item\n|poke|p1|Landorus-Therian, M|item\n|poke|p2|Silvally-*|item\n|poke|p2|Kartana|item\n|poke|p2|Tapu Koko|item\n|poke|p2|Hawlucha, M|item\n|poke|p2|Landorus-Therian, M|item\n|poke|p2|Celesteela|item\n|teampreview\n|inactive|Battle timer is ON: inactive players will automatically lose when time's up. (requested by F0raT3m3r)\n|inactive|F0raT3m3r has 135 seconds left.\n|inactive|uuuuiiii has 135 seconds left.\n|\n|start\n|switch|p1a: Sableye|Sableye, F|100\/100\n|switch|p2a: Tapu Koko|Tapu Koko|100\/100\n|-fieldstart|move: Electric Terrain|[from] ability: Electric Surge|[of] p2a: Tapu Koko\n|turn|1\n|\n|detailschange|p1a: Sableye|Sableye-Mega, F\n|-mega|p1a: Sableye|Sableye|Sablenite\n|move|p1a: Sableye|Protect|p1a: Sableye\n|-singleturn|p1a: Sableye|Protect\n|move|p2a: Tapu Koko|Dazzling Gleam|p1a: Sableye\n|-activate|p1a: Sableye|move: Protect\n|\n|upkeep\n|turn|2\n|\n|switch|p1a: Jirachi|Jirachi|100\/100\n|move|p2a: Tapu Koko|Dazzling Gleam|p1a: Jirachi\n|-resisted|p1a: Jirachi\n|-damage|p1a: Jirachi|88\/100\n|\n|-heal|p1a: Jirachi|94\/100|[from] item: Leftovers\n|upkeep\n|turn|3\n|\n|switch|p2a: Landorus|Landorus-Therian, M|100\/100\n|-ability|p2a: Landorus|Intimidate|boost\n|-unboost|p1a: Jirachi|atk|1\n|move|p1a: Jirachi|Stealth Rock|p2a: Landorus\n|-sidestart|p2: uuuuiiii|move: Stealth Rock\n|\n|-heal|p1a: Jirachi|99\/100|[from] item: Leftovers\n|upkeep\n|turn|4\n|\n|switch|p1a: Landorus|Landorus-Therian, M|100\/100\n|-ability|p1a: Landorus|Intimidate|boost\n|-unboost|p2a: Landorus|atk|1\n|move|p2a: Landorus|Swords Dance|p2a: Landorus\n|-boost|p2a: Landorus|atk|2\n|\n|upkeep\n|turn|5\n|\n|move|p1a: Landorus|U-turn|p2a: Landorus\n|-resisted|p2a: Landorus\n|-damage|p2a: Landorus|86\/100\n|\n|switch|p1a: Sableye|Sableye-Mega, F|100\/100\n|move|p2a: Landorus|Stealth Rock|p1a: Sableye\n|move|p1a: Sableye|Stealth Rock|p2a: Landorus|[from]Magic Bounce\n|-fail|p1a: Sableye\n|\n|-fieldend|move: Electric Terrain\n|upkeep\n|turn|6\n|\n|move|p2a: Landorus|Earthquake|p1a: Sableye\n|-damage|p1a: Sableye|16\/100\n|move|p1a: Sableye|Will-O-Wisp|p2a: Landorus\n|-status|p2a: Landorus|brn\n|\n|-damage|p2a: Landorus|80\/100 brn|[from] brn\n|upkeep\n|turn|7\n|\n|move|p1a: Sableye|Protect|p1a: Sableye\n|-singleturn|p1a: Sableye|Protect\n|move|p2a: Landorus|Earthquake|p1a: Sableye\n|-activate|p1a: Sableye|move: Protect\n|\n|-damage|p2a: Landorus|74\/100 brn|[from] brn\n|upkeep\n|turn|8\n|\n|move|p2a: Landorus|Earthquake|p1a: Sableye\n|-damage|p1a: Sableye|0 fnt\n|faint|p1a: Sableye\n|\n|-damage|p2a: Landorus|68\/100 brn|[from] brn\n|upkeep\n|\n|switch|p1a: Landorus|Landorus-Therian, M|100\/100\n|-ability|p1a: Landorus|Intimidate|boost\n|-unboost|p2a: Landorus|atk|1\n|turn|9\n|\n|switch|p2a: Celesteela|Celesteela|100\/100\n|-damage|p2a: Celesteela|88\/100|[from] Stealth Rock\n|move|p1a: Landorus|Explosion|p2a: Celesteela\n|-resisted|p2a: Celesteela\n|-damage|p2a: Celesteela|60\/100\n|faint|p1a: Landorus\n|\n|-heal|p2a: Celesteela|66\/100|[from] item: Leftovers\n|upkeep\n|\n|switch|p1a: Victini|Victini|100\/100\n|turn|10\n|\n|move|p2a: Celesteela|Protect|p2a: Celesteela\n|-singleturn|p2a: Celesteela|Protect\n|move|p1a: Victini|V-create|p2a: Celesteela\n|-activate|p2a: Celesteela|move: Protect\n|\n|-heal|p2a: Celesteela|72\/100|[from] item: Leftovers\n|upkeep\n|turn|11\n|\n|move|p1a: Victini|V-create|p2a: Celesteela\n|-supereffective|p2a: Celesteela\n|-damage|p2a: Celesteela|0 fnt\n|-unboost|p1a: Victini|spe|1\n|-unboost|p1a: Victini|def|1\n|-unboost|p1a: Victini|spd|1\n|faint|p2a: Celesteela\n|\n|upkeep\n|\n|switch|p2a: Tapu Koko|Tapu Koko|100\/100\n|-damage|p2a: Tapu Koko|88\/100|[from] Stealth Rock\n|-fieldstart|move: Electric Terrain|[from] ability: Electric Surge|[of] p2a: Tapu Koko\n|turn|12\n|\n|switch|p1a: Jirachi|Jirachi|99\/100\n|move|p2a: Tapu Koko|Volt Switch|p1a: Jirachi\n|-damage|p1a: Jirachi|71\/100\n|\n|switch|p2a: Landorus|Landorus-Therian, M|68\/100 brn\n|-damage|p2a: Landorus|56\/100 brn|[from] Stealth Rock\n|-ability|p2a: Landorus|Intimidate|boost\n|-unboost|p1a: Jirachi|atk|1\n|\n|-heal|p1a: Jirachi|77\/100|[from] item: Leftovers\n|-damage|p2a: Landorus|50\/100 brn|[from] brn\n|upkeep\n|turn|13\n|\n|switch|p1a: Toxapex|Toxapex, M|100\/100\n|move|p2a: Landorus|Stealth Rock|p1a: Toxapex\n|-sidestart|p1: F0raT3m3r|move: Stealth Rock\n|\n|-damage|p2a: Landorus|44\/100 brn|[from] brn\n|upkeep\n|turn|14\n|\n|move|p2a: Landorus|Earthquake|p1a: Toxapex\n|-supereffective|p1a: Toxapex\n|-damage|p1a: Toxapex|63\/100\n|move|p1a: Toxapex|Toxic Spikes|p2a: Landorus\n|-sidestart|p2: uuuuiiii|move: Toxic Spikes\n|\n|-damage|p2a: Landorus|38\/100 brn|[from] brn\n|upkeep\n|turn|15\n|\n|move|p2a: Landorus|Swords Dance|p2a: Landorus\n|-boost|p2a: Landorus|atk|2\n|move|p1a: Toxapex|Recover|p1a: Toxapex\n|-heal|p1a: Toxapex|100\/100\n|\n|-damage|p2a: Landorus|32\/100 brn|[from] brn\n|upkeep\n|turn|16\n|\n|move|p2a: Landorus|Explosion|p1a: Toxapex\n|-damage|p1a: Toxapex|38\/100\n|faint|p2a: Landorus\n|move|p1a: Toxapex|Toxic Spikes|p2: Landorus\n|-sidestart|p2: uuuuiiii|move: Toxic Spikes\n|\n|-fieldend|move: Electric Terrain\n|upkeep\n|\n|switch|p2a: Kartana|Kartana|100\/100\n|-damage|p2a: Kartana|94\/100|[from] Stealth Rock\n|turn|17\n|\n|move|p2a: Kartana|Swords Dance|p2a: Kartana\n|-boost|p2a: Kartana|atk|2\n|-zpower|p1a: Toxapex\n|move|p1a: Toxapex|Z-Haze|p1a: Toxapex|[anim]Haze\n|-heal|p1a: Toxapex|100\/100|[zeffect]\n|-clearallboost\n|\n|upkeep\n|turn|18\n|\n|move|p2a: Kartana|Leaf Blade|p1a: Toxapex\n|-crit|p1a: Toxapex\n|-damage|p1a: Toxapex|41\/100\n|move|p1a: Toxapex|Scald|p2a: Kartana\n|-resisted|p2a: Kartana\n|-damage|p2a: Kartana|67\/100\n|-status|p2a: Kartana|brn\n|\n|-damage|p2a: Kartana|60\/100 brn|[from] brn\n|upkeep\n|turn|19\n|j| Vessev\n|\n|move|p2a: Kartana|Swords Dance|p2a: Kartana\n|-boost|p2a: Kartana|atk|2\n|move|p1a: Toxapex|Recover|p1a: Toxapex\n|-heal|p1a: Toxapex|91\/100\n|\n|-damage|p2a: Kartana|54\/100 brn|[from] brn\n|upkeep\n|turn|20\n|\n|move|p2a: Kartana|Leaf Blade|p1a: Toxapex\n|-damage|p1a: Toxapex|55\/100\n|move|p1a: Toxapex|Haze|p1a: Toxapex\n|-clearallboost\n|\n|-damage|p2a: Kartana|48\/100 brn|[from] brn\n|upkeep\n|turn|21\n|\n|switch|p2a: Silvally|Silvally|100\/100\n|-damage|p2a: Silvally|88\/100|[from] Stealth Rock\n|-status|p2a: Silvally|tox\n|move|p1a: Toxapex|Recover|p1a: Toxapex\n|-heal|p1a: Toxapex|100\/100\n|\n|-heal|p2a: Silvally|94\/100 tox|[from] item: Leftovers\n|-damage|p2a: Silvally|88\/100 tox|[from] psn\n|upkeep\n|turn|22\n|\n|move|p2a: Silvally|Swords Dance|p2a: Silvally\n|-boost|p2a: Silvally|atk|2\n|move|p1a: Toxapex|Scald|p2a: Silvally\n|-crit|p2a: Silvally\n|-damage|p2a: Silvally|59\/100 tox\n|\n|-heal|p2a: Silvally|65\/100 tox|[from] item: Leftovers\n|-damage|p2a: Silvally|53\/100 tox|[from] psn\n|upkeep\n|turn|23\n|\n|move|p2a: Silvally|Flamethrower|p1a: Toxapex\n|-resisted|p1a: Toxapex\n|-damage|p1a: Toxapex|91\/100\n|move|p1a: Toxapex|Haze|p1a: Toxapex\n|-clearallboost\n|\n|-heal|p2a: Silvally|59\/100 tox|[from] item: Leftovers\n|-damage|p2a: Silvally|41\/100 tox|[from] psn\n|upkeep\n|turn|24\n|\n|move|p2a: Silvally|Swords Dance|p2a: Silvally\n|-boost|p2a: Silvally|atk|2\n|move|p1a: Toxapex|Scald|p2a: Silvally\n|-damage|p2a: Silvally|24\/100 tox\n|\n|-heal|p2a: Silvally|30\/100 tox|[from] item: Leftovers\n|-damage|p2a: Silvally|6\/100 tox|[from] psn\n|upkeep\n|turn|25\n|\n|move|p2a: Silvally|Explosion|p1a: Toxapex\n|-crit|p1a: Toxapex\n|-damage|p1a: Toxapex|0 fnt\n|faint|p2a: Silvally\n|faint|p1a: Toxapex\n|\n|upkeep\n|\n|switch|p2a: Tapu Koko|Tapu Koko|88\/100\n|switch|p1a: Clefable|Clefable, F|100\/100\n|-damage|p2a: Tapu Koko|76\/100|[from] Stealth Rock\n|-status|p2a: Tapu Koko|tox\n|-fieldstart|move: Electric Terrain|[from] ability: Electric Surge|[of] p2a: Tapu Koko\n|-damage|p1a: Clefable|88\/100|[from] Stealth Rock\n|turn|26\n|\n|move|p1a: Clefable|Protect|p1a: Clefable\n|-singleturn|p1a: Clefable|Protect\n|move|p2a: Tapu Koko|Volt Switch|p1a: Clefable\n|-activate|p1a: Clefable|move: Protect\n|\n|-heal|p1a: Clefable|94\/100|[from] item: Leftovers\n|-damage|p2a: Tapu Koko|70\/100 tox|[from] psn\n|upkeep\n|turn|27\n|\n|move|p2a: Tapu Koko|Volt Switch|p1a: Clefable\n|-damage|p1a: Clefable|50\/100\n|\n|switch|p2a: Kartana|Kartana|48\/100 brn\n|-damage|p2a: Kartana|42\/100 brn|[from] Stealth Rock\n|move|p1a: Clefable|Wish|p1a: Clefable\n|\n|-heal|p1a: Clefable|57\/100|[from] item: Leftovers\n|-damage|p2a: Kartana|36\/100 brn|[from] brn\n|upkeep\n|turn|28\n|\n|move|p1a: Clefable|Protect|p1a: Clefable\n|-singleturn|p1a: Clefable|Protect\n|-zpower|p2a: Kartana\n|move|p2a: Kartana|All-Out Pummeling|p1a: Clefable|[zeffect]\n|-resisted|p1a: Clefable\n|-zbroken|p1a: Clefable\n|-damage|p1a: Clefable|53\/100\n|\n|-heal|p1a: Clefable|100\/100|[from] move: Wish|[wisher] Clefable\n|-damage|p2a: Kartana|29\/100 brn|[from] brn\n|upkeep\n|turn|29\n|\n|move|p2a: Kartana|Smart Strike|p1a: Clefable\n|-supereffective|p1a: Clefable\n|-damage|p1a: Clefable|67\/100\n|move|p1a: Clefable|Wish|p1a: Clefable\n|\n|-heal|p1a: Clefable|73\/100|[from] item: Leftovers\n|-damage|p2a: Kartana|23\/100 brn|[from] brn\n|upkeep\n|turn|30\n|\n|move|p2a: Kartana|Swords Dance|p2a: Kartana\n|-boost|p2a: Kartana|atk|2\n|move|p1a: Clefable|Moonblast|p2a: Kartana\n|-resisted|p2a: Kartana\n|-damage|p2a: Kartana|0 fnt\n|faint|p2a: Kartana\n|\n|-heal|p1a: Clefable|100\/100|[from] move: Wish|[wisher] Clefable\n|-fieldend|move: Electric Terrain\n|upkeep\n|-message|uuuuiiii forfeited.\n|\n|win|F0raT3m3r\n|l|\u2606uuuuiiii\n|raw|F0raT3m3r's rating: 1877 &rarr; <strong>1893<\/strong><br \/>(+16 for winning)\n|raw|uuuuiiii's rating: 1806 &rarr; <strong>1790<\/strong><br \/>(-16 for losing)\n|l|\u2606F0raT3m3r\n","inputlog":null,"uploadtime":1530341868,"views":9,"p1id":"f0rat3m3r","p2id":"uuuuiiii","formatid":"gen7ou","rating":1790,"private":0,"password":null}