{"id":"gen7ou-670919739","p1":"Toxabelle","p2":"ilovemabu \u2654","format":"gen7ou","log":"|raw|<div class=\"broadcast-red\"><strong>This battle is invite-only!<\/strong><br \/>Users must be rank + or invited with <code>\/invite<\/code> to join<\/div>\n|j|Toxabelle\n|j|ilovemabu \u2654\n|player|p1|Toxabelle|169\n|teamsize|p1|6\n|player|p2|ilovemabu \u2654|126\n|teamsize|p2|6\n|gametype|singles\n|gen|7\n|tier|[Gen 7] OU\n|rated|\n|seed|47746,2875,22048,11952\n|rule|Sleep Clause Mod: Limit one foe put to sleep\n|rule|Species Clause: Limit one of each Pok\u00e9mon\n|rule|OHKO Clause: OHKO moves are banned\n|rule|Moody Clause: Moody is banned\n|rule|Evasion Moves Clause: Evasion moves are banned\n|rule|Endless Battle Clause: Forcing endless battles is banned\n|rule|HP Percentage Mod: HP is shown in percentages\n|clearpoke\n|poke|p1|Scizor, M|item\n|poke|p1|Tornadus-Therian, M|item\n|poke|p1|Chansey, F|item\n|poke|p1|Ditto|item\n|poke|p1|Zygarde|item\n|poke|p1|Toxapex, M|item\n|poke|p2|Hawlucha, M|item\n|poke|p2|Landorus-Therian, M|item\n|poke|p2|Tapu Koko|item\n|poke|p2|Medicham, F|item\n|poke|p2|Magearna|item\n|poke|p2|Toxapex, F|item\n|teampreview\n|inactive|Battle timer is ON: inactive players will automatically lose when time's up. (requested by Toxabelle)\n|c|\u2606ilovemabu \u2654|hf\n|c|\u2606Toxabelle|u2\n|choice|team 1, team 2, team 3, team 4, team 5, team 6|team 3, team 2, team 1, team 4, team 5, team 6\n|\n|start\n|switch|p1a: Scizor|Scizor, M|343\/343\n|switch|p2a: Sprizzler|Tapu Koko|281\/281\n|-fieldstart|move: Electric Terrain|[from] ability: Electric Surge|[of] p2a: Sprizzler\n|turn|1\n|choice|switch 5|move wildcharge zmove\n|\n|switch|p1a: Zygarde|Zygarde|357\/357\n|-ability|p1a: Zygarde|Aura Break\n|-zpower|p2a: Sprizzler\n|move|p2a: Sprizzler|Gigavolt Havoc|p1a: Zygarde|[zeffect]\n|-immune|p1a: Zygarde|[msg]\n|\n|upkeep\n|turn|2\n|choice|move thousandarrows|move uturn\n|\n|move|p2a: Sprizzler|U-turn|p1a: Zygarde\n|-damage|p1a: Zygarde|297\/357\n|choice||switch 2\n|\n|switch|p2a: Dschingis|Landorus-Therian, M|382\/382|[from]move: U-turn\n|-ability|p2a: Dschingis|Intimidate|boost\n|-unboost|p1a: Zygarde|atk|1\n|move|p1a: Zygarde|Thousand Arrows|p2a: Dschingis\n|-damage|p2a: Dschingis|271\/382\n|-start|p2a: Dschingis|Smack Down\n|\n|upkeep\n|turn|3\n|choice|switch 2|move stealthrock\n|\n|switch|p1a: Tornadus|Tornadus-Therian, M, shiny|299\/299\n|move|p2a: Dschingis|Stealth Rock|p1a: Tornadus\n|-sidestart|p1: Toxabelle|move: Stealth Rock\n|\n|upkeep\n|turn|4\n|choice|move defog|switch 5\n|\n|switch|p2a: Trixie|Magearna|363\/363\n|move|p1a: Tornadus|Defog|p2a: Trixie\n|-unboost|p2a: Trixie|evasion|1\n|-sideend|p1: Toxabelle|Stealth Rock|[from] move: Defog|[of] p1a: Tornadus\n|\n|upkeep\n|turn|5\n|inactive|Toxabelle has 135 seconds left.\n|choice|switch 2|move voltswitch\n|\n|switch|p1a: Zygarde|Zygarde|297\/357\n|-ability|p1a: Zygarde|Aura Break\n|move|p2a: Trixie|Volt Switch|p1a: Zygarde\n|-immune|p1a: Zygarde|[msg]\n|\n|-fieldend|move: Electric Terrain\n|upkeep\n|turn|6\n|choice|move thousandarrows|switch 5\n|\n|switch|p2a: Dschingis|Landorus-Therian, M|271\/382\n|-ability|p2a: Dschingis|Intimidate|boost\n|-unboost|p1a: Zygarde|atk|1\n|move|p1a: Zygarde|Thousand Arrows|p2a: Dschingis\n|-damage|p2a: Dschingis|157\/382\n|-start|p2a: Dschingis|Smack Down\n|\n|upkeep\n|turn|7\n|choice|switch 2|move uturn\n|\n|switch|p1a: Tornadus|Tornadus-Therian, M, shiny|299\/299\n|move|p2a: Dschingis|U-turn|p1a: Tornadus\n|-resisted|p1a: Tornadus\n|-damage|p1a: Tornadus|248\/299\n|choice||switch 2\n|\n|switch|p2a: Sprizzler|Tapu Koko|281\/281|[from]move: U-turn\n|-fieldstart|move: Electric Terrain|[from] ability: Electric Surge|[of] p2a: Sprizzler\n|\n|upkeep\n|turn|8\n|choice|move superpower|move toxic\n|\n|move|p2a: Sprizzler|Toxic|p1a: Tornadus|[miss]\n|-miss|p2a: Sprizzler|p1a: Tornadus\n|move|p1a: Tornadus|Superpower|p2a: Sprizzler\n|-resisted|p2a: Sprizzler\n|-damage|p2a: Sprizzler|226\/281\n|-unboost|p1a: Tornadus|atk|1\n|-unboost|p1a: Tornadus|def|1\n|\n|upkeep\n|turn|9\n|choice|switch 5|move uturn\n|\n|switch|p1a: Scizor|Scizor, M|343\/343\n|move|p2a: Sprizzler|U-turn|p1a: Scizor\n|-resisted|p1a: Scizor\n|-damage|p1a: Scizor|315\/343\n|choice||switch 4\n|\n|switch|p2a: Yaya|Medicham, F, shiny|261\/261|[from]move: U-turn\n|\n|upkeep\n|turn|10\n|choice|move bulletpunch mega|move thunderpunch mega\n|\n|-mega|p2a: Yaya|Medicham|Medichamite\n|detailschange|p2a: Yaya|Medicham-Mega, F, shiny\n|-mega|p1a: Scizor|Scizor|Scizorite\n|detailschange|p1a: Scizor|Scizor-Mega, M\n|move|p1a: Scizor|Bullet Punch|p2a: Yaya\n|-damage|p2a: Yaya|141\/261\n|move|p2a: Yaya|Thunder Punch|p1a: Scizor\n|-damage|p1a: Scizor|180\/343\n|\n|upkeep\n|turn|11\n|choice|move bulletpunch|move highjumpkick\n|\n|move|p1a: Scizor|Bullet Punch|p2a: Yaya\n|-damage|p2a: Yaya|20\/261\n|move|p2a: Yaya|High Jump Kick|p1a: Scizor\n|-damage|p1a: Scizor|0 fnt\n|faint|p1a: Scizor\n|\n|-fieldend|move: Electric Terrain\n|upkeep\n|choice|switch 4|\n|\n|switch|p1a: Ditto|Ditto|300\/300\n|-transform|p1a: Ditto|p2a: Yaya|[from] ability: Imposter\n|turn|12\n|choice|move highjumpkick|switch 6\n|\n|switch|p2a: Freddy|Toxapex, F, shiny|303\/303\n|move|p1a: Ditto|High Jump Kick|p2a: Freddy\n|-resisted|p2a: Freddy\n|-damage|p2a: Freddy|173\/303\n|\n|-heal|p2a: Freddy|191\/303|[from] item: Black Sludge\n|upkeep\n|turn|13\n|choice|switch 2|switch 6\n|\n|switch|p1a: Zygarde|Zygarde|297\/357\n|-ability|p1a: Zygarde|Aura Break\n|switch|p2a: Yaya|Medicham-Mega, F, shiny|20\/261\n|\n|upkeep\n|turn|14\n|choice|switch 5|move fakeout\n|\n|switch|p1a: Tornadus|Tornadus-Therian, M, shiny|299\/299\n|move|p2a: Yaya|Fake Out|p1a: Tornadus\n|-damage|p1a: Tornadus|188\/299\n|\n|upkeep\n|turn|15\n|choice|switch 5|switch 5\n|\n|switch|p1a: Zygarde|Zygarde|297\/357\n|-ability|p1a: Zygarde|Aura Break\n|switch|p2a: Trixie|Magearna|363\/363\n|\n|upkeep\n|turn|16\n|choice|move thousandarrows|switch 2\n|\n|switch|p2a: Dschingis|Landorus-Therian, M|157\/382\n|-ability|p2a: Dschingis|Intimidate|boost\n|-unboost|p1a: Zygarde|atk|1\n|move|p1a: Zygarde|Thousand Arrows|p2a: Dschingis\n|-damage|p2a: Dschingis|42\/382\n|-start|p2a: Dschingis|Smack Down\n|\n|upkeep\n|turn|17\n|choice|move thousandarrows|switch 4\n|\n|switch|p2a: Sprizzler|Tapu Koko|226\/281\n|-fieldstart|move: Electric Terrain|[from] ability: Electric Surge|[of] p2a: Sprizzler\n|move|p1a: Zygarde|Thousand Arrows|p2a: Sprizzler\n|-supereffective|p2a: Sprizzler\n|-damage|p2a: Sprizzler|0 fnt\n|faint|p2a: Sprizzler\n|\n|upkeep\n|choice||switch 3\n|\n|switch|p2a: Pump|Hawlucha, M, shiny|313\/313\n|-enditem|p2a: Pump|Electric Seed\n|-boost|p2a: Pump|def|1\n|turn|18\n|choice|switch 6|move swordsdance\n|\n|switch|p1a: Toxapex|Toxapex, M|303\/303\n|move|p2a: Pump|Swords Dance|p2a: Pump\n|-boost|p2a: Pump|atk|2\n|\n|upkeep\n|turn|19\n|choice|move haze|move acrobatics\n|\n|move|p2a: Pump|Acrobatics|p1a: Toxapex\n|-damage|p1a: Toxapex|110\/303\n|move|p1a: Toxapex|Haze|p1a: Toxapex\n|-clearallboost\n|\n|-heal|p1a: Toxapex|128\/303|[from] item: Black Sludge\n|upkeep\n|turn|20\n|choice|move recover|move swordsdance\n|\n|move|p2a: Pump|Swords Dance|p2a: Pump\n|-boost|p2a: Pump|atk|2\n|move|p1a: Toxapex|Recover|p1a: Toxapex\n|-heal|p1a: Toxapex|280\/303\n|\n|-heal|p1a: Toxapex|298\/303|[from] item: Black Sludge\n|upkeep\n|turn|21\n|choice|move haze|move acrobatics\n|\n|move|p2a: Pump|Acrobatics|p1a: Toxapex\n|-damage|p1a: Toxapex|126\/303\n|move|p1a: Toxapex|Haze|p1a: Toxapex\n|-clearallboost\n|\n|-heal|p1a: Toxapex|144\/303|[from] item: Black Sludge\n|-fieldend|move: Electric Terrain\n|upkeep\n|turn|22\n|choice|move scald|move swordsdance\n|\n|move|p2a: Pump|Swords Dance|p2a: Pump\n|-boost|p2a: Pump|atk|2\n|move|p1a: Toxapex|Scald|p2a: Pump\n|-damage|p2a: Pump|225\/313\n|\n|-heal|p1a: Toxapex|162\/303|[from] item: Black Sludge\n|upkeep\n|turn|23\n|inactive|Toxabelle has 135 seconds left.\n|choice|switch 6|move acrobatics\n|\n|switch|p1a: Zygarde|Zygarde|297\/357\n|-ability|p1a: Zygarde|Aura Break\n|move|p2a: Pump|Acrobatics|p1a: Zygarde\n|-damage|p1a: Zygarde|20\/357\n|\n|upkeep\n|turn|24\n|choice|move extremespeed|move drainpunch\n|\n|move|p1a: Zygarde|Extreme Speed|p2a: Pump\n|-damage|p2a: Pump|63\/313\n|move|p2a: Pump|Drain Punch|p1a: Zygarde\n|-damage|p1a: Zygarde|0 fnt\n|-heal|p2a: Pump|73\/313|[from] drain|[of] p1a: Zygarde\n|faint|p1a: Zygarde\n|\n|upkeep\n|choice|switch 6|\n|\n|switch|p1a: Toxapex|Toxapex, M|263\/303\n|turn|25\n|choice|move scald|move acrobatics\n|\n|move|p2a: Pump|Acrobatics|p1a: Toxapex\n|-damage|p1a: Toxapex|70\/303\n|move|p1a: Toxapex|Scald|p2a: Pump\n|-damage|p2a: Pump|0 fnt\n|faint|p2a: Pump\n|\n|-heal|p1a: Toxapex|88\/303|[from] item: Black Sludge\n|upkeep\n|choice||switch 5\n|\n|switch|p2a: Yaya|Medicham-Mega, F, shiny|20\/261\n|turn|26\n|choice|switch 2|move thunderpunch\n|\n|switch|p1a: Ditto|Ditto|300\/300\n|-transform|p1a: Ditto|p2a: Yaya|[from] ability: Imposter\n|move|p2a: Yaya|Thunder Punch|p1a: Ditto\n|-damage|p1a: Ditto|124\/300\n|-status|p1a: Ditto|par\n|\n|upkeep\n|turn|27\n|choice|move fakeout|switch 4\n|\n|switch|p2a: Dschingis|Landorus-Therian, M|42\/382\n|-ability|p2a: Dschingis|Intimidate|boost\n|-unboost|p1a: Ditto|atk|1\n|move|p1a: Ditto|Fake Out|p2a: Dschingis\n|-damage|p2a: Dschingis|0 fnt\n|-damage|p1a: Ditto|74\/300 par|[from] item: Rocky Helmet|[of] p2a: Dschingis\n|faint|p2a: Dschingis\n|\n|upkeep\n|choice||switch 2\n|\n|switch|p2a: Trixie|Magearna|363\/363\n|turn|28\n|choice|switch 5|move voltswitch\n|\n|switch|p1a: Tornadus|Tornadus-Therian, M, shiny|287\/299\n|move|p2a: Trixie|Volt Switch|p1a: Tornadus\n|-supereffective|p1a: Tornadus\n|-damage|p1a: Tornadus|129\/299\n|choice||switch 4\n|\n|switch|p2a: Yaya|Medicham-Mega, F, shiny|20\/261|[from]move: Volt Switch\n|\n|upkeep\n|turn|29\n|choice|move knockoff|move fakeout\n|\n|move|p2a: Yaya|Fake Out|p1a: Tornadus\n|-damage|p1a: Tornadus|31\/299\n|cant|p1a: Tornadus|flinch\n|\n|upkeep\n|turn|30\n|choice|move superpower|switch 4\n|\n|switch|p2a: Trixie|Magearna|363\/363\n|move|p1a: Tornadus|Superpower|p2a: Trixie\n|-damage|p2a: Trixie|286\/363\n|-unboost|p1a: Tornadus|atk|1\n|-unboost|p1a: Tornadus|def|1\n|\n|upkeep\n|turn|31\n|inactive|Toxabelle has 135 seconds left.\n|choice|switch 2|move voltswitch\n|\n|switch|p1a: Toxapex|Toxapex, M|189\/303\n|move|p2a: Trixie|Volt Switch|p1a: Toxapex\n|-supereffective|p1a: Toxapex\n|-damage|p1a: Toxapex|91\/303\n|choice||switch 4\n|\n|switch|p2a: Yaya|Medicham-Mega, F, shiny|20\/261|[from]move: Volt Switch\n|\n|-heal|p1a: Toxapex|109\/303|[from] item: Black Sludge\n|upkeep\n|turn|32\n|choice|switch 5|move thunderpunch\n|\n|switch|p1a: Ditto|Ditto|74\/300 par\n|-transform|p1a: Ditto|p2a: Yaya|[from] ability: Imposter\n|move|p2a: Yaya|Thunder Punch|p1a: Ditto\n|-damage|p1a: Ditto|0 fnt\n|faint|p1a: Ditto\n|\n|upkeep\n|choice|switch 2|\n|\n|switch|p1a: Tornadus|Tornadus-Therian, M, shiny|130\/299\n|turn|33\n|choice|switch 3|switch 4\n|\n|switch|p1a: Chansey|Chansey, F|703\/703\n|switch|p2a: Trixie|Magearna|286\/363\n|\n|upkeep\n|turn|34\n|choice|move stealthrock|move voltswitch\n|\n|move|p2a: Trixie|Volt Switch|p1a: Chansey\n|-damage|p1a: Chansey|659\/703\n|choice||switch 6\n|\n|switch|p2a: Freddy|Toxapex, F, shiny|292\/303|[from]move: Volt Switch\n|move|p1a: Chansey|Stealth Rock|p2a: Freddy\n|-sidestart|p2: ilovemabu \u2654|move: Stealth Rock\n|\n|-heal|p2a: Freddy|303\/303|[from] item: Black Sludge\n|upkeep\n|turn|35\n|choice|move seismictoss|move toxic\n|\n|move|p1a: Chansey|Seismic Toss|p2a: Freddy\n|-damage|p2a: Freddy|203\/303\n|move|p2a: Freddy|Toxic|p1a: Chansey\n|-status|p1a: Chansey|tox\n|\n|-heal|p2a: Freddy|221\/303|[from] item: Black Sludge\n|-damage|p1a: Chansey|616\/703 tox|[from] psn\n|upkeep\n|turn|36\n|choice|switch 5|move scald\n|\n|-curestatus|p1a: Chansey|tox|[from] ability: Natural Cure\n|switch|p1a: Toxapex|Toxapex, M|210\/303\n|move|p2a: Freddy|Scald|p1a: Toxapex\n|-resisted|p1a: Toxapex\n|-damage|p1a: Toxapex|190\/303\n|-status|p1a: Toxapex|brn\n|\n|-heal|p1a: Toxapex|208\/303 brn|[from] item: Black Sludge\n|-heal|p2a: Freddy|239\/303|[from] item: Black Sludge\n|-damage|p1a: Toxapex|190\/303 brn|[from] brn\n|upkeep\n|turn|37\n|choice|move scald|switch 6\n|\n|switch|p2a: Trixie|Magearna|286\/363\n|-damage|p2a: Trixie|264\/363|[from] Stealth Rock\n|move|p1a: Toxapex|Scald|p2a: Trixie\n|-damage|p2a: Trixie|239\/363\n|\n|-heal|p1a: Toxapex|208\/303 brn|[from] item: Black Sludge\n|-damage|p1a: Toxapex|190\/303 brn|[from] brn\n|upkeep\n|turn|38\n|choice|move scald|move voltswitch\n|\n|move|p2a: Trixie|Volt Switch|p1a: Toxapex\n|-supereffective|p1a: Toxapex\n|-damage|p1a: Toxapex|90\/303 brn\n|choice||switch 4\n|\n|switch|p2a: Yaya|Medicham-Mega, F, shiny|20\/261|[from]move: Volt Switch\n|-damage|p2a: Yaya|4\/261|[from] Stealth Rock\n|move|p1a: Toxapex|Scald|p2a: Yaya\n|-damage|p2a: Yaya|0 fnt\n|faint|p2a: Yaya\n|\n|-heal|p1a: Toxapex|108\/303 brn|[from] item: Black Sludge\n|-damage|p1a: Toxapex|90\/303 brn|[from] brn\n|upkeep\n|-message|ilovemabu \u2654 forfeited.\n|\n|win|Toxabelle\n|l|ilovemabu \u2654\n|raw|Toxabelle's rating: 1997 &rarr; <strong>2010<\/strong><br \/>(+13 for winning)\n|raw|ilovemabu \u2654's rating: 1875 &rarr; <strong>1862<\/strong><br \/>(-13 for losing)\n|c|\u2606Toxabelle|\/log Toxabelle made this room public.","inputlog":null,"uploadtime":1512746824,"views":142,"p1id":"toxabelle","p2id":"ilovemabu","formatid":"gen7ou","rating":1862,"private":0,"password":null}