{"id":"gen7ou-1603912705","p1":"wuilan jie","p2":"last114514","format":"gen7ou","log":"|j|\u2606wuilan jie\n|j|\u2606last114514\n|t:|1656163198\n|gametype|singles\n|player|p1|wuilan jie|red|1472\n|player|p2|last114514|2|1372\n|teamsize|p1|6\n|teamsize|p2|6\n|gen|7\n|tier|[Gen 7] OU\n|rated|\n|rule|Sleep Clause Mod: Limit one foe put to sleep\n|rule|Species Clause: Limit one of each Pok\u00e9mon\n|rule|OHKO Clause: OHKO moves are banned\n|rule|Moody Clause: Moody is banned\n|rule|Evasion Moves Clause: Evasion moves are banned\n|rule|Endless Battle Clause: Forcing endless battles is banned\n|rule|HP Percentage Mod: HP is shown in percentages\n|clearpoke\n|poke|p1|Kommo-o, M|item\n|poke|p1|Cresselia, F|item\n|poke|p1|Heatran, M|item\n|poke|p1|Mantine, M|item\n|poke|p1|Landorus-Therian, M|item\n|poke|p1|Medicham, F|item\n|poke|p2|Sableye, F|item\n|poke|p2|Chansey, F|item\n|poke|p2|Clefable, M|item\n|poke|p2|Gliscor, F|item\n|poke|p2|Toxapex, M|item\n|poke|p2|Skarmory, F|item\n|teampreview\n|inactive|Battle timer is ON: inactive players will automatically lose when time's up. (requested by last114514)\n|\n|t:|1656163212\n|start\n|switch|p1a: Heatran|Heatran, M|100\/100\n|switch|p2a: Sableye|Sableye, F|100\/100\n|turn|1\n|\n|t:|1656163217\n|detailschange|p2a: Sableye|Sableye-Mega, F\n|-mega|p2a: Sableye|Sableye|Sablenite\n|move|p2a: Sableye|Protect|p2a: Sableye\n|-singleturn|p2a: Sableye|Protect\n|move|p1a: Heatran|Magma Storm|p2a: Sableye\n|-activate|p2a: Sableye|move: Protect\n|\n|upkeep\n|turn|2\n|\n|t:|1656163227\n|move|p1a: Heatran|Magma Storm|p2a: Sableye\n|-damage|p2a: Sableye|65\/100\n|-activate|p2a: Sableye|move: Magma Storm|[of] p1a: Heatran\n|move|p2a: Sableye|Recover|p2a: Sableye\n|-heal|p2a: Sableye|100\/100\n|\n|-damage|p2a: Sableye|88\/100|[from] move: Magma Storm|[partiallytrapped]\n|upkeep\n|turn|3\n|\n|t:|1656163236\n|move|p2a: Sableye|Protect|p2a: Sableye\n|-singleturn|p2a: Sableye|Protect\n|move|p1a: Heatran|Earth Power|p2a: Sableye\n|-activate|p2a: Sableye|move: Protect\n|\n|-damage|p2a: Sableye|75\/100|[from] move: Magma Storm|[partiallytrapped]\n|upkeep\n|turn|4\n|\n|t:|1656163242\n|move|p1a: Heatran|Earth Power|p2a: Sableye\n|-crit|p2a: Sableye\n|-damage|p2a: Sableye|44\/100\n|move|p2a: Sableye|Recover|p2a: Sableye\n|-heal|p2a: Sableye|94\/100\n|\n|-damage|p2a: Sableye|81\/100|[from] move: Magma Storm|[partiallytrapped]\n|upkeep\n|turn|5\n|\n|t:|1656163260\n|switch|p1a: Landorus|Landorus-Therian, M|100\/100\n|-ability|p1a: Landorus|Intimidate|boost\n|-unboost|p2a: Sableye|atk|1\n|move|p2a: Sableye|Recover|p2a: Sableye\n|-heal|p2a: Sableye|100\/100\n|\n|-end|p2a: Sableye|Magma Storm|[partiallytrapped]|[silent]\n|upkeep\n|turn|6\n|\n|t:|1656163268\n|move|p2a: Sableye|Protect|p2a: Sableye\n|-singleturn|p2a: Sableye|Protect\n|move|p1a: Landorus|U-turn|p2a: Sableye\n|-activate|p2a: Sableye|move: Protect\n|\n|upkeep\n|turn|7\n|\n|t:|1656163274\n|move|p1a: Landorus|U-turn|p2a: Sableye\n|-damage|p2a: Sableye|79\/100\n|\n|t:|1656163291\n|switch|p1a: Kommo-o|Kommo-o, M|100\/100|[from]move: U-turn\n|move|p2a: Sableye|Knock Off|p1a: Kommo-o\n|-resisted|p1a: Kommo-o\n|-damage|p1a: Kommo-o|94\/100\n|\n|upkeep\n|turn|8\n|\n|t:|1656163301\n|move|p2a: Sableye|Protect|p2a: Sableye\n|-singleturn|p2a: Sableye|Protect\n|move|p1a: Kommo-o|Poison Jab|p2a: Sableye\n|-activate|p2a: Sableye|move: Protect\n|\n|upkeep\n|turn|9\n|\n|t:|1656163310\n|switch|p2a: Skarmory|Skarmory, F|100\/100\n|-zpower|p1a: Kommo-o\n|move|p1a: Kommo-o|Clangorous Soulblaze|p2a: Skarmory|[zeffect]\n|-resisted|p2a: Skarmory\n|-damage|p2a: Skarmory|37\/100\n|-boost|p1a: Kommo-o|atk|1\n|-boost|p1a: Kommo-o|def|1\n|-boost|p1a: Kommo-o|spa|1\n|-boost|p1a: Kommo-o|spd|1\n|-boost|p1a: Kommo-o|spe|1\n|\n|upkeep\n|turn|10\n|\n|t:|1656163321\n|switch|p2a: Clefable|Clefable, M|100\/100\n|move|p1a: Kommo-o|Flamethrower|p2a: Clefable\n|-damage|p2a: Clefable|72\/100\n|\n|-heal|p2a: Clefable|78\/100|[from] item: Leftovers\n|upkeep\n|turn|11\n|\n|t:|1656163339\n|switch|p1a: Heatran|Heatran, M|100\/100\n|move|p2a: Clefable|Moonblast|p1a: Heatran\n|-resisted|p1a: Heatran\n|-damage|p1a: Heatran|95\/100\n|-unboost|p1a: Heatran|spa|1\n|\n|-heal|p1a: Heatran|100\/100|[from] item: Leftovers\n|-heal|p2a: Clefable|85\/100|[from] item: Leftovers\n|upkeep\n|turn|12\n|\n|t:|1656163349\n|move|p2a: Clefable|Protect|p2a: Clefable\n|-singleturn|p2a: Clefable|Protect\n|move|p1a: Heatran|Magma Storm|p2a: Clefable\n|-activate|p2a: Clefable|move: Protect\n|\n|-heal|p2a: Clefable|91\/100|[from] item: Leftovers\n|upkeep\n|turn|13\n|\n|t:|1656163358\n|switch|p2a: Chansey|Chansey, F|100\/100\n|move|p1a: Heatran|Stealth Rock|p2a: Chansey\n|-sidestart|p2: last114514|move: Stealth Rock\n|\n|upkeep\n|turn|14\n|\n|t:|1656163367\n|switch|p1a: Landorus|Landorus-Therian, M|100\/100\n|-ability|p1a: Landorus|Intimidate|boost\n|-unboost|p2a: Chansey|atk|1\n|move|p2a: Chansey|Seismic Toss|p1a: Landorus\n|-damage|p1a: Landorus|69\/100\n|\n|upkeep\n|turn|15\n|\n|t:|1656163375\n|switch|p2a: Gliscor|Gliscor, F|100\/100\n|-damage|p2a: Gliscor|88\/100|[from] Stealth Rock\n|move|p1a: Landorus|U-turn|p2a: Gliscor\n|-resisted|p2a: Gliscor\n|-damage|p2a: Gliscor|80\/100\n|\n|t:|1656163379\n|switch|p1a: Medicham|Medicham, F|100\/100|[from]move: U-turn\n|\n|-status|p2a: Gliscor|tox|[from] item: Toxic Orb\n|upkeep\n|turn|16\n|\n|t:|1656163399\n|switch|p2a: Skarmory|Skarmory, F|37\/100\n|-damage|p2a: Skarmory|25\/100|[from] Stealth Rock\n|detailschange|p1a: Medicham|Medicham-Mega, F\n|-mega|p1a: Medicham|Medicham|Medichamite\n|move|p1a: Medicham|Fake Out|p2a: Skarmory\n|-resisted|p2a: Skarmory\n|-damage|p2a: Skarmory|18\/100\n|-damage|p1a: Medicham|84\/100|[from] item: Rocky Helmet|[of] p2a: Skarmory\n|\n|upkeep\n|turn|17\n|\n|t:|1656163408\n|move|p1a: Medicham|Zen Headbutt|p2a: Skarmory\n|-resisted|p2a: Skarmory\n|-damage|p2a: Skarmory|0 fnt\n|-damage|p1a: Medicham|68\/100|[from] item: Rocky Helmet|[of] p2a: Skarmory\n|faint|p2a: Skarmory\n|\n|upkeep\n|\n|t:|1656163415\n|switch|p2a: Sableye|Sableye-Mega, F|79\/100\n|-damage|p2a: Sableye|67\/100|[from] Stealth Rock\n|turn|18\n|\n|t:|1656163424\n|move|p1a: Medicham|Ice Punch|p2a: Sableye\n|-damage|p2a: Sableye|30\/100\n|move|p2a: Sableye|Recover|p2a: Sableye\n|-heal|p2a: Sableye|80\/100\n|\n|upkeep\n|turn|19\n|\n|t:|1656163436\n|switch|p1a: Cresselia|Cresselia, F|100\/100\n|move|p2a: Sableye|Recover|p2a: Sableye\n|-heal|p2a: Sableye|100\/100\n|\n|upkeep\n|turn|20\n|\n|t:|1656163441\n|move|p1a: Cresselia|Moonblast|p2a: Sableye\n|-supereffective|p2a: Sableye\n|-damage|p2a: Sableye|71\/100\n|-unboost|p2a: Sableye|spa|1\n|move|p2a: Sableye|Knock Off|p1a: Cresselia\n|-supereffective|p1a: Cresselia\n|-damage|p1a: Cresselia|72\/100\n|-damage|p2a: Sableye|54\/100|[from] item: Rocky Helmet|[of] p1a: Cresselia\n|-enditem|p1a: Cresselia|Rocky Helmet|[from] move: Knock Off|[of] p2a: Sableye\n|\n|upkeep\n|turn|21\n|\n|t:|1656163450\n|move|p1a: Cresselia|Moonblast|p2a: Sableye\n|-supereffective|p2a: Sableye\n|-damage|p2a: Sableye|24\/100\n|move|p2a: Sableye|Recover|p2a: Sableye\n|-heal|p2a: Sableye|74\/100\n|\n|upkeep\n|turn|22\n|\n|t:|1656163456\n|move|p1a: Cresselia|Moonlight|p1a: Cresselia\n|-heal|p1a: Cresselia|100\/100\n|move|p2a: Sableye|Will-O-Wisp|p1a: Cresselia\n|-status|p1a: Cresselia|brn\n|\n|-damage|p1a: Cresselia|94\/100 brn|[from] brn\n|upkeep\n|turn|23\n|\n|t:|1656163467\n|switch|p1a: Heatran|Heatran, M|100\/100\n|switch|p2a: Gliscor|Gliscor, F|80\/100 tox\n|-damage|p2a: Gliscor|68\/100 tox|[from] Stealth Rock\n|\n|-heal|p2a: Gliscor|80\/100 tox|[from] ability: Poison Heal\n|upkeep\n|turn|24\n|\n|t:|1656163474\n|move|p1a: Heatran|Protect|p1a: Heatran\n|-singleturn|p1a: Heatran|Protect\n|move|p2a: Gliscor|Defog|p1a: Heatran\n|-activate|p1a: Heatran|move: Protect\n|\n|-heal|p2a: Gliscor|93\/100 tox|[from] ability: Poison Heal\n|upkeep\n|turn|25\n|\n|t:|1656163488\n|move|p2a: Gliscor|Defog|p1a: Heatran\n|-unboost|p1a: Heatran|evasion|1\n|-sideend|p2: last114514|Stealth Rock|[from] move: Defog|[of] p2a: Gliscor\n|move|p1a: Heatran|Magma Storm|p2a: Gliscor|[miss]\n|-miss|p1a: Heatran|p2a: Gliscor\n|\n|-heal|p2a: Gliscor|100\/100 tox|[from] ability: Poison Heal\n|upkeep\n|turn|26\n|\n|t:|1656163494\n|move|p1a: Heatran|Protect|p1a: Heatran\n|-singleturn|p1a: Heatran|Protect\n|move|p2a: Gliscor|Earthquake|p1a: Heatran\n|-activate|p1a: Heatran|move: Protect\n|\n|upkeep\n|turn|27\n|\n|t:|1656163499\n|switch|p1a: Landorus|Landorus-Therian, M|69\/100\n|-ability|p1a: Landorus|Intimidate|boost\n|-unboost|p2a: Gliscor|atk|1\n|move|p2a: Gliscor|Taunt|p1a: Landorus\n|-start|p1a: Landorus|move: Taunt\n|\n|upkeep\n|turn|28\n|\n|t:|1656163515\n|switch|p2a: Toxapex|Toxapex, M|100\/100\n|move|p1a: Landorus|U-turn|p2a: Toxapex\n|-resisted|p2a: Toxapex\n|-damage|p2a: Toxapex|92\/100\n|\n|t:|1656163526\n|switch|p1a: Heatran|Heatran, M|100\/100|[from]move: U-turn\n|\n|-heal|p2a: Toxapex|98\/100|[from] item: Black Sludge\n|upkeep\n|turn|29\n|\n|t:|1656163532\n|move|p2a: Toxapex|Baneful Bunker|p2a: Toxapex\n|-singleturn|p2a: Toxapex|move: Protect\n|move|p1a: Heatran|Magma Storm|p2a: Toxapex\n|-activate|p2a: Toxapex|move: Protect\n|\n|-heal|p2a: Toxapex|100\/100|[from] item: Black Sludge\n|upkeep\n|turn|30\n|\n|t:|1656163544\n|switch|p2a: Sableye|Sableye-Mega, F|74\/100\n|move|p1a: Heatran|Magma Storm|p2a: Sableye|[miss]\n|-miss|p1a: Heatran|p2a: Sableye\n|\n|upkeep\n|turn|31\n|\n|t:|1656163554\n|switch|p1a: Kommo-o|Kommo-o, M|94\/100\n|move|p2a: Sableye|Recover|p2a: Sableye\n|-heal|p2a: Sableye|100\/100\n|\n|upkeep\n|turn|32\n|\n|t:|1656163560\n|move|p1a: Kommo-o|Clanging Scales|p2a: Sableye\n|-damage|p2a: Sableye|54\/100\n|-unboost|p1a: Kommo-o|def|1\n|move|p2a: Sableye|Will-O-Wisp|p1a: Kommo-o\n|-status|p1a: Kommo-o|brn\n|\n|-damage|p1a: Kommo-o|88\/100 brn|[from] brn\n|upkeep\n|turn|33\n|\n|t:|1656163567\n|move|p1a: Kommo-o|Clanging Scales|p2a: Sableye\n|-damage|p2a: Sableye|13\/100\n|-unboost|p1a: Kommo-o|def|1\n|move|p2a: Sableye|Recover|p2a: Sableye\n|-heal|p2a: Sableye|63\/100\n|\n|-damage|p1a: Kommo-o|82\/100 brn|[from] brn\n|upkeep\n|turn|34\n|\n|t:|1656163574\n|move|p1a: Kommo-o|Clanging Scales|p2a: Sableye\n|-damage|p2a: Sableye|20\/100\n|-unboost|p1a: Kommo-o|def|1\n|move|p2a: Sableye|Recover|p2a: Sableye\n|-heal|p2a: Sableye|70\/100\n|\n|-damage|p1a: Kommo-o|76\/100 brn|[from] brn\n|upkeep\n|turn|35\n|\n|t:|1656163582\n|switch|p1a: Mantine|Mantine, M|100\/100\n|switch|p2a: Clefable|Clefable, M|91\/100\n|\n|-heal|p2a: Clefable|97\/100|[from] item: Leftovers\n|upkeep\n|turn|36\n|\n|t:|1656163587\n|move|p2a: Clefable|Protect|p2a: Clefable\n|-singleturn|p2a: Clefable|Protect\n|move|p1a: Mantine|Scald|p2a: Clefable\n|-activate|p2a: Clefable|move: Protect\n|\n|-heal|p2a: Clefable|100\/100|[from] item: Leftovers\n|upkeep\n|turn|37\n|\n|t:|1656163599\n|switch|p1a: Heatran|Heatran, M|100\/100\n|switch|p2a: Chansey|Chansey, F|100\/100\n|\n|upkeep\n|turn|38\n|\n|t:|1656163603\n|move|p1a: Heatran|Stealth Rock|p2a: Chansey\n|-sidestart|p2: last114514|move: Stealth Rock\n|move|p2a: Chansey|Seismic Toss|p1a: Heatran\n|-damage|p1a: Heatran|75\/100\n|\n|-heal|p1a: Heatran|81\/100|[from] item: Leftovers\n|upkeep\n|turn|39\n|\n|t:|1656163614\n|switch|p1a: Medicham|Medicham-Mega, F|68\/100\n|move|p2a: Chansey|Seismic Toss|p1a: Medicham\n|-damage|p1a: Medicham|29\/100\n|\n|upkeep\n|turn|40\n|\n|t:|1656163625\n|switch|p2a: Toxapex|Toxapex, M|100\/100\n|-damage|p2a: Toxapex|88\/100|[from] Stealth Rock\n|move|p1a: Medicham|Ice Punch|p2a: Toxapex\n|-resisted|p2a: Toxapex\n|-damage|p2a: Toxapex|75\/100\n|\n|-heal|p2a: Toxapex|81\/100|[from] item: Black Sludge\n|upkeep\n|turn|41\n|\n|t:|1656163635\n|move|p2a: Toxapex|Baneful Bunker|p2a: Toxapex\n|-singleturn|p2a: Toxapex|move: Protect\n|move|p1a: Medicham|Fake Out||[still]\n|-hint|Fake Out only works on your first turn out.\n|-fail|p1a: Medicham\n|\n|-heal|p2a: Toxapex|87\/100|[from] item: Black Sludge\n|upkeep\n|turn|42\n|\n|t:|1656163642\n|move|p1a: Medicham|Zen Headbutt|p2a: Toxapex\n|-supereffective|p2a: Toxapex\n|-damage|p2a: Toxapex|4\/100\n|move|p2a: Toxapex|Scald|p1a: Medicham\n|-damage|p1a: Medicham|2\/100\n|\n|-heal|p2a: Toxapex|10\/100|[from] item: Black Sludge\n|upkeep\n|turn|43\n|\n|t:|1656163657\n|switch|p2a: Sableye|Sableye-Mega, F|70\/100\n|-damage|p2a: Sableye|57\/100|[from] Stealth Rock\n|move|p1a: Medicham|Zen Headbutt|p2a: Sableye\n|-immune|p2a: Sableye\n|\n|upkeep\n|turn|44\n|\n|t:|1656163665\n|switch|p1a: Cresselia|Cresselia, F|94\/100 brn\n|move|p2a: Sableye|Protect||[still]\n|-fail|p2a: Sableye\n|\n|-damage|p1a: Cresselia|88\/100 brn|[from] brn\n|upkeep\n|turn|45\n|\n|t:|1656163682\n|move|p1a: Cresselia|Moonblast|p2a: Sableye\n|-supereffective|p2a: Sableye\n|-damage|p2a: Sableye|31\/100\n|move|p2a: Sableye|Recover|p2a: Sableye\n|-heal|p2a: Sableye|81\/100\n|\n|-damage|p1a: Cresselia|82\/100 brn|[from] brn\n|upkeep\n|turn|46\n|\n|t:|1656163689\n|switch|p1a: Landorus|Landorus-Therian, M|69\/100\n|-ability|p1a: Landorus|Intimidate|boost\n|-unboost|p2a: Sableye|atk|1\n|move|p2a: Sableye|Recover|p2a: Sableye\n|-heal|p2a: Sableye|100\/100\n|\n|upkeep\n|turn|47\n|\n|t:|1656163704\n|switch|p2a: Gliscor|Gliscor, F|100\/100 tox\n|-damage|p2a: Gliscor|88\/100 tox|[from] Stealth Rock\n|move|p1a: Landorus|Hidden Power|p2a: Gliscor\n|-supereffective|p2a: Gliscor\n|-damage|p2a: Gliscor|12\/100 tox\n|\n|-heal|p2a: Gliscor|25\/100 tox|[from] ability: Poison Heal\n|upkeep\n|turn|48\n|\n|t:|1656163720\n|switch|p2a: Sableye|Sableye-Mega, F|100\/100\n|-damage|p2a: Sableye|88\/100|[from] Stealth Rock\n|move|p1a: Landorus|Hidden Power|p2a: Sableye\n|-damage|p2a: Sableye|76\/100\n|\n|upkeep\n|turn|49\n|\n|t:|1656163728\n|switch|p1a: Cresselia|Cresselia, F|82\/100 brn\n|move|p2a: Sableye|Knock Off|p1a: Cresselia\n|-supereffective|p1a: Cresselia\n|-damage|p1a: Cresselia|62\/100 brn\n|\n|-damage|p1a: Cresselia|55\/100 brn|[from] brn\n|upkeep\n|turn|50\n|\n|t:|1656163734\n|move|p2a: Sableye|Protect|p2a: Sableye\n|-singleturn|p2a: Sableye|Protect\n|move|p1a: Cresselia|Moonblast|p2a: Sableye\n|-activate|p2a: Sableye|move: Protect\n|\n|-damage|p1a: Cresselia|49\/100 brn|[from] brn\n|upkeep\n|turn|51\n|\n|t:|1656163744\n|switch|p1a: Kommo-o|Kommo-o, M|76\/100 brn\n|move|p2a: Sableye|Recover|p2a: Sableye\n|-heal|p2a: Sableye|100\/100\n|\n|-damage|p1a: Kommo-o|70\/100 brn|[from] brn\n|upkeep\n|turn|52\n|\n|t:|1656163753\n|switch|p2a: Clefable|Clefable, M|100\/100\n|-damage|p2a: Clefable|88\/100|[from] Stealth Rock\n|move|p1a: Kommo-o|Clanging Scales|p2a: Clefable\n|-immune|p2a: Clefable\n|\n|-heal|p2a: Clefable|94\/100|[from] item: Leftovers\n|-damage|p1a: Kommo-o|63\/100 brn|[from] brn\n|upkeep\n|turn|53\n|\n|t:|1656163766\n|switch|p1a: Cresselia|Cresselia, F|49\/100 brn\n|move|p2a: Clefable|Wish|p2a: Clefable\n|\n|-heal|p2a: Clefable|99\/100|[from] item: Leftovers\n|-damage|p1a: Cresselia|43\/100 brn|[from] brn\n|upkeep\n|turn|54\n|\n|t:|1656163782\n|switch|p2a: Gliscor|Gliscor, F|25\/100 tox\n|-damage|p2a: Gliscor|12\/100 tox|[from] Stealth Rock\n|move|p1a: Cresselia|Moonlight|p1a: Cresselia\n|-heal|p1a: Cresselia|93\/100 brn\n|\n|-heal|p2a: Gliscor|68\/100 tox|[from] move: Wish|[wisher] Clefable\n|-heal|p2a: Gliscor|80\/100 tox|[from] ability: Poison Heal\n|-damage|p1a: Cresselia|87\/100 brn|[from] brn\n|upkeep\n|turn|55\n|\n|t:|1656163792\n|move|p2a: Gliscor|Defog|p1a: Cresselia\n|-unboost|p1a: Cresselia|evasion|1\n|-sideend|p2: last114514|Stealth Rock|[from] move: Defog|[of] p2a: Gliscor\n|move|p1a: Cresselia|Moonblast|p2a: Gliscor\n|-damage|p2a: Gliscor|59\/100 tox\n|\n|-heal|p2a: Gliscor|71\/100 tox|[from] ability: Poison Heal\n|-damage|p1a: Cresselia|81\/100 brn|[from] brn\n|upkeep\n|turn|56\n|\n|t:|1656163804\n|switch|p2a: Toxapex|Toxapex, M|43\/100\n|switch|p1a: Kommo-o|Kommo-o, M|63\/100 brn\n|\n|-heal|p2a: Toxapex|50\/100|[from] item: Black Sludge\n|-damage|p1a: Kommo-o|57\/100 brn|[from] brn\n|upkeep\n|turn|57\n|\n|t:|1656163814\n|move|p2a: Toxapex|Baneful Bunker|p2a: Toxapex\n|-singleturn|p2a: Toxapex|move: Protect\n|move|p1a: Kommo-o|Clanging Scales|p2a: Toxapex\n|-activate|p2a: Toxapex|move: Protect\n|\n|-heal|p2a: Toxapex|56\/100|[from] item: Black Sludge\n|-damage|p1a: Kommo-o|51\/100 brn|[from] brn\n|upkeep\n|turn|58\n|\n|t:|1656163820\n|switch|p1a: Cresselia|Cresselia, F|81\/100 brn\n|switch|p2a: Clefable|Clefable, M|99\/100\n|\n|-heal|p2a: Clefable|100\/100|[from] item: Leftovers\n|-damage|p1a: Cresselia|75\/100 brn|[from] brn\n|upkeep\n|turn|59\n|\n|t:|1656163831\n|switch|p2a: Chansey|Chansey, F|100\/100\n|move|p1a: Cresselia|Lunar Dance|p1a: Cresselia\n|faint|p1a: Cresselia\n|\n|upkeep\n|\n|t:|1656163834\n|switch|p1a: Medicham|Medicham-Mega, F|2\/100\n|-heal|p1a: Medicham|100\/100|[from] move: Lunar Dance\n|turn|60\n|\n|t:|1656163843\n|move|p1a: Medicham|Ice Punch|p2a: Chansey\n|-damage|p2a: Chansey|75\/100\n|move|p2a: Chansey|Thunder Wave|p1a: Medicham\n|-status|p1a: Medicham|par\n|\n|upkeep\n|turn|61\n|\n|t:|1656163852\n|switch|p2a: Sableye|Sableye-Mega, F|100\/100\n|move|p1a: Medicham|Zen Headbutt|p2a: Sableye\n|-immune|p2a: Sableye\n|\n|upkeep\n|turn|62\n|\n|t:|1656163863\n|switch|p1a: Landorus|Landorus-Therian, M|69\/100\n|-ability|p1a: Landorus|Intimidate|boost\n|-unboost|p2a: Sableye|atk|1\n|move|p2a: Sableye|Knock Off|p1a: Landorus\n|-damage|p1a: Landorus|47\/100\n|-enditem|p1a: Landorus|Choice Scarf|[from] move: Knock Off|[of] p2a: Sableye\n|\n|upkeep\n|turn|63\n|\n|t:|1656163875\n|move|p1a: Landorus|Earthquake|p2a: Sableye\n|-damage|p2a: Sableye|51\/100\n|move|p2a: Sableye|Knock Off|p1a: Landorus\n|-damage|p1a: Landorus|31\/100\n|\n|upkeep\n|turn|64\n|\n|t:|1656163883\n|move|p2a: Sableye|Protect|p2a: Sableye\n|-singleturn|p2a: Sableye|Protect\n|move|p1a: Landorus|Earthquake|p2a: Sableye\n|-activate|p2a: Sableye|move: Protect\n|\n|upkeep\n|turn|65\n|\n|t:|1656163894\n|move|p1a: Landorus|Earthquake|p2a: Sableye\n|-damage|p2a: Sableye|1\/100\n|move|p2a: Sableye|Recover|p2a: Sableye\n|-heal|p2a: Sableye|51\/100\n|\n|upkeep\n|turn|66\n|\n|t:|1656163900\n|move|p2a: Sableye|Protect|p2a: Sableye\n|-singleturn|p2a: Sableye|Protect\n|move|p1a: Landorus|Earthquake|p2a: Sableye\n|-activate|p2a: Sableye|move: Protect\n|\n|upkeep\n|turn|67\n|\n|t:|1656163904\n|switch|p2a: Gliscor|Gliscor, F|71\/100 tox\n|move|p1a: Landorus|Earthquake|p2a: Gliscor\n|-immune|p2a: Gliscor\n|\n|-heal|p2a: Gliscor|84\/100 tox|[from] ability: Poison Heal\n|upkeep\n|turn|68\n|\n|t:|1656163912\n|move|p1a: Landorus|Hidden Power|p2a: Gliscor\n|-supereffective|p2a: Gliscor\n|-damage|p2a: Gliscor|15\/100 tox\n|move|p2a: Gliscor|Roost|p2a: Gliscor\n|-heal|p2a: Gliscor|65\/100 tox\n|-singleturn|p2a: Gliscor|move: Roost\n|\n|-heal|p2a: Gliscor|77\/100 tox|[from] ability: Poison Heal\n|upkeep\n|turn|69\n|\n|t:|1656163925\n|switch|p2a: Clefable|Clefable, M|100\/100\n|move|p1a: Landorus|Hidden Power|p2a: Clefable\n|-damage|p2a: Clefable|86\/100\n|\n|-heal|p2a: Clefable|92\/100|[from] item: Leftovers\n|upkeep\n|turn|70\n|\n|t:|1656163931\n|move|p2a: Clefable|Protect|p2a: Clefable\n|-singleturn|p2a: Clefable|Protect\n|move|p1a: Landorus|Earthquake|p2a: Clefable\n|-activate|p2a: Clefable|move: Protect\n|\n|-heal|p2a: Clefable|98\/100|[from] item: Leftovers\n|upkeep\n|turn|71\n|\n|t:|1656163936\n|move|p1a: Landorus|U-turn|p2a: Clefable\n|-resisted|p2a: Clefable\n|-damage|p2a: Clefable|87\/100\n|\n|t:|1656163939\n|switch|p1a: Mantine|Mantine, M|100\/100|[from]move: U-turn\n|move|p2a: Clefable|Wish|p2a: Clefable\n|\n|-heal|p2a: Clefable|93\/100|[from] item: Leftovers\n|upkeep\n|turn|72\n|\n|t:|1656163946\n|switch|p1a: Heatran|Heatran, M|81\/100\n|switch|p2a: Sableye|Sableye-Mega, F|51\/100\n|\n|-heal|p2a: Sableye|100\/100|[from] move: Wish|[wisher] Clefable\n|-heal|p1a: Heatran|87\/100|[from] item: Leftovers\n|upkeep\n|turn|73\n|\n|t:|1656163956\n|move|p1a: Heatran|Earth Power|p2a: Sableye\n|-damage|p2a: Sableye|81\/100\n|move|p2a: Sableye|Knock Off|p1a: Heatran\n|-damage|p1a: Heatran|61\/100\n|-enditem|p1a: Heatran|Leftovers|[from] move: Knock Off|[of] p2a: Sableye\n|\n|upkeep\n|turn|74\n|\n|t:|1656163967\n|switch|p1a: Landorus|Landorus-Therian, M|31\/100\n|-ability|p1a: Landorus|Intimidate|boost\n|-unboost|p2a: Sableye|atk|1\n|move|p2a: Sableye|Protect||[still]\n|-fail|p2a: Sableye\n|\n|upkeep\n|turn|75\n|\n|t:|1656163970\n|move|p1a: Landorus|U-turn|p2a: Sableye\n|-damage|p2a: Sableye|60\/100\n|\n|t:|1656163973\n|switch|p1a: Heatran|Heatran, M|61\/100|[from]move: U-turn\n|move|p2a: Sableye|Will-O-Wisp|p1a: Heatran\n|-start|p1a: Heatran|ability: Flash Fire\n|\n|upkeep\n|turn|76\n|\n|t:|1656163981\n|switch|p2a: Chansey|Chansey, F|75\/100\n|move|p1a: Heatran|Earth Power|p2a: Chansey\n|-damage|p2a: Chansey|66\/100\n|-unboost|p2a: Chansey|spd|1\n|\n|upkeep\n|turn|77\n|\n|t:|1656163994\n|move|p1a: Heatran|Stealth Rock|p2a: Chansey\n|-sidestart|p2: last114514|move: Stealth Rock\n|move|p2a: Chansey|Seismic Toss|p1a: Heatran\n|-damage|p1a: Heatran|35\/100\n|\n|upkeep\n|turn|78\n|\n|t:|1656164002\n|move|p1a: Heatran|Magma Storm|p2a: Chansey\n|-damage|p2a: Chansey|34\/100\n|-activate|p2a: Chansey|move: Magma Storm|[of] p1a: Heatran\n|move|p2a: Chansey|Seismic Toss|p1a: Heatran\n|-damage|p1a: Heatran|9\/100\n|\n|-damage|p2a: Chansey|21\/100|[from] move: Magma Storm|[partiallytrapped]\n|upkeep\n|turn|79\n|\n|t:|1656164007\n|move|p1a: Heatran|Earth Power|p2a: Chansey\n|-damage|p2a: Chansey|9\/100\n|move|p2a: Chansey|Soft-Boiled|p2a: Chansey\n|-heal|p2a: Chansey|59\/100\n|\n|-damage|p2a: Chansey|47\/100|[from] move: Magma Storm|[partiallytrapped]\n|upkeep\n|turn|80\n|\n|t:|1656164013\n|move|p1a: Heatran|Magma Storm|p2a: Chansey\n|-damage|p2a: Chansey|16\/100\n|move|p2a: Chansey|Soft-Boiled|p2a: Chansey\n|-heal|p2a: Chansey|66\/100\n|\n|-damage|p2a: Chansey|54\/100|[from] move: Magma Storm|[partiallytrapped]\n|upkeep\n|turn|81\n|\n|t:|1656164017\n|-end|p1a: Heatran|ability: Flash Fire|[silent]\n|switch|p1a: Medicham|Medicham-Mega, F|100\/100 par\n|move|p2a: Chansey|Soft-Boiled|p2a: Chansey\n|-heal|p2a: Chansey|100\/100\n|\n|-end|p2a: Chansey|Magma Storm|[partiallytrapped]|[silent]\n|upkeep\n|turn|82\n|\n|t:|1656164024\n|switch|p2a: Clefable|Clefable, M|93\/100\n|-damage|p2a: Clefable|81\/100|[from] Stealth Rock\n|move|p1a: Medicham|Ice Punch|p2a: Clefable\n|-damage|p2a: Clefable|48\/100\n|\n|-heal|p2a: Clefable|54\/100|[from] item: Leftovers\n|upkeep\n|turn|83\n|\n|t:|1656164030\n|move|p2a: Clefable|Protect|p2a: Clefable\n|-singleturn|p2a: Clefable|Protect\n|move|p1a: Medicham|Zen Headbutt|p2a: Clefable\n|-activate|p2a: Clefable|move: Protect\n|\n|-heal|p2a: Clefable|60\/100|[from] item: Leftovers\n|upkeep\n|turn|84\n|\n|t:|1656164037\n|move|p1a: Medicham|Zen Headbutt|p2a: Clefable\n|-damage|p2a: Clefable|10\/100\n|cant|p2a: Clefable|flinch\n|\n|-heal|p2a: Clefable|16\/100|[from] item: Leftovers\n|upkeep\n|turn|85\n|\n|t:|1656164044\n|move|p2a: Clefable|Protect|p2a: Clefable\n|-singleturn|p2a: Clefable|Protect\n|move|p1a: Medicham|Ice Punch|p2a: Clefable\n|-activate|p2a: Clefable|move: Protect\n|\n|-heal|p2a: Clefable|23\/100|[from] item: Leftovers\n|upkeep\n|turn|86\n|\n|t:|1656164060\n|switch|p2a: Toxapex|Toxapex, M|89\/100\n|-damage|p2a: Toxapex|76\/100|[from] Stealth Rock\n|move|p1a: Medicham|Ice Punch|p2a: Toxapex\n|-resisted|p2a: Toxapex\n|-damage|p2a: Toxapex|62\/100\n|\n|-heal|p2a: Toxapex|68\/100|[from] item: Black Sludge\n|upkeep\n|turn|87\n|\n|t:|1656164068\n|move|p2a: Toxapex|Baneful Bunker|p2a: Toxapex\n|-singleturn|p2a: Toxapex|move: Protect\n|cant|p1a: Medicham|par\n|\n|-heal|p2a: Toxapex|74\/100|[from] item: Black Sludge\n|upkeep\n|turn|88\n|\n|t:|1656164078\n|switch|p2a: Sableye|Sableye-Mega, F|60\/100\n|-damage|p2a: Sableye|47\/100|[from] Stealth Rock\n|move|p1a: Medicham|Ice Punch|p2a: Sableye\n|-damage|p2a: Sableye|12\/100\n|\n|upkeep\n|turn|89\n|\n|t:|1656164089\n|move|p2a: Sableye|Protect|p2a: Sableye\n|-singleturn|p2a: Sableye|Protect\n|move|p1a: Medicham|Ice Punch|p2a: Sableye\n|-activate|p2a: Sableye|move: Protect\n|\n|upkeep\n|turn|90\n|\n|t:|1656164099\n|switch|p2a: Toxapex|Toxapex, M|100\/100\n|-damage|p2a: Toxapex|88\/100|[from] Stealth Rock\n|move|p1a: Medicham|Ice Punch|p2a: Toxapex\n|-resisted|p2a: Toxapex\n|-damage|p2a: Toxapex|75\/100\n|-status|p2a: Toxapex|frz\n|\n|-heal|p2a: Toxapex|81\/100 frz|[from] item: Black Sludge\n|upkeep\n|turn|91\n|\n|t:|1656164109\n|cant|p2a: Toxapex|frz\n|cant|p1a: Medicham|par\n|\n|-heal|p2a: Toxapex|87\/100 frz|[from] item: Black Sludge\n|upkeep\n|turn|92\n|\n|t:|1656164112\n|cant|p1a: Medicham|par\n|cant|p2a: Toxapex|frz\n|\n|-heal|p2a: Toxapex|93\/100 frz|[from] item: Black Sludge\n|upkeep\n|turn|93\n|\n|t:|1656164116\n|cant|p2a: Toxapex|frz\n|move|p1a: Medicham|Zen Headbutt|p2a: Toxapex\n|-supereffective|p2a: Toxapex\n|-damage|p2a: Toxapex|4\/100 frz\n|\n|-heal|p2a: Toxapex|10\/100 frz|[from] item: Black Sludge\n|upkeep\n|turn|94\n|\n|t:|1656164123\n|move|p1a: Medicham|Ice Punch|p2a: Toxapex\n|-resisted|p2a: Toxapex\n|-damage|p2a: Toxapex|0 fnt\n|faint|p2a: Toxapex\n|\n|upkeep\n|\n|t:|1656164128\n|switch|p2a: Gliscor|Gliscor, F|77\/100 tox\n|-damage|p2a: Gliscor|65\/100 tox|[from] Stealth Rock\n|turn|95\n|\n|t:|1656164131\n|move|p2a: Gliscor|Defog|p1a: Medicham\n|-unboost|p1a: Medicham|evasion|1\n|-sideend|p2: last114514|Stealth Rock|[from] move: Defog|[of] p2a: Gliscor\n|move|p1a: Medicham|Ice Punch|p2a: Gliscor\n|-supereffective|p2a: Gliscor\n|-damage|p2a: Gliscor|0 fnt\n|faint|p2a: Gliscor\n|\n|upkeep\n|\n|t:|1656164138\n|switch|p2a: Chansey|Chansey, F|100\/100\n|turn|96\n|\n|t:|1656164141\n|move|p1a: Medicham|Zen Headbutt|p2a: Chansey\n|-damage|p2a: Chansey|57\/100\n|move|p2a: Chansey|Seismic Toss|p1a: Medicham\n|-damage|p1a: Medicham|62\/100 par\n|\n|upkeep\n|turn|97\n|\n|t:|1656164147\n|move|p1a: Medicham|High Jump Kick|p2a: Chansey\n|-supereffective|p2a: Chansey\n|-damage|p2a: Chansey|0 fnt\n|faint|p2a: Chansey\n|\n|upkeep\n|\n|t:|1656164150\n|switch|p2a: Clefable|Clefable, M|23\/100\n|turn|98\n|-message|last114514 forfeited.\n|\n|win|wuilan jie\n|raw|wuilan jie's rating: 1472 &rarr; <strong>1486<\/strong><br \/>(+14 for winning)\n|raw|last114514's rating: 1372 &rarr; <strong>1358<\/strong><br \/>(-14 for losing)\n|l|\u2606last114514\n||Ladder isn't responding, score probably updated but might not have (Request timeout).\n|l|\u2606wuilan jie\n|j|\u2606wuilan jie\n|player|p1|wuilan jie|red\n","uploadtime":1656165923,"views":6,"p1id":"wuilanjie","p2id":"last114514","formatid":"gen7ou","rating":1358,"private":0,"password":null}