{"id":"gen7ou-805028585","p1":"Amouage","p2":"H4WT \u2605","format":"gen7ou","log":"|j|\u2606Amouage\n|j|\u2606H4WT \u2605\n|player|p1|Amouage|78\n|player|p2|H4WT \u2605|165\n|teamsize|p1|6\n|teamsize|p2|6\n|gametype|singles\n|gen|7\n|tier|[Gen 7] OU\n|rated|\n|rule|Sleep Clause Mod: Limit one foe put to sleep\n|rule|Species Clause: Limit one of each Pok\u00e9mon\n|rule|OHKO Clause: OHKO moves are banned\n|rule|Moody Clause: Moody is banned\n|rule|Evasion Moves Clause: Evasion moves are banned\n|rule|Endless Battle Clause: Forcing endless battles is banned\n|rule|HP Percentage Mod: HP is shown in percentages\n|clearpoke\n|poke|p1|Tapu Fini|item\n|poke|p1|Charizard, M|item\n|poke|p1|Tapu Lele|item\n|poke|p1|Chansey, F|item\n|poke|p1|Landorus-Therian, M|item\n|poke|p1|Celesteela|item\n|poke|p2|Tornadus-Therian, M|item\n|poke|p2|Slowbro, M|item\n|poke|p2|Tapu Bulu|item\n|poke|p2|Heatran, F|item\n|poke|p2|Kartana|item\n|poke|p2|Landorus-Therian, M|item\n|teampreview\n|inactive|Battle timer is ON: inactive players will automatically lose when time's up. (requested by Amouage)\n|\n|start\n|switch|p1a: Charizard|Charizard, M|100\/100\n|switch|p2a: Landorus|Landorus-Therian, M|100\/100\n|-ability|p2a: Landorus|Intimidate|boost\n|-unboost|p1a: Charizard|atk|1\n|turn|1\n|inactive|H4WT \u2605 has 120 seconds left.\n|\n|detailschange|p1a: Charizard|Charizard-Mega-Y, M\n|-mega|p1a: Charizard|Charizard|Charizardite Y\n|-weather|SunnyDay|[from] ability: Drought|[of] p1a: Charizard\n|move|p2a: Landorus|U-turn|p1a: Charizard\n|-resisted|p1a: Charizard\n|-damage|p1a: Charizard|92\/100\n|\n|switch|p2a: Heatran|Heatran, F|100\/100\n|move|p1a: Charizard|Overheat|p2a: Heatran\n|-start|p2a: Heatran|ability: Flash Fire\n|\n|-weather|SunnyDay|[upkeep]\n|upkeep\n|turn|2\n|\n|move|p1a: Charizard|Earthquake|p2a: Heatran\n|-supereffective|p2a: Heatran\n|-damage|p2a: Heatran|17\/100\n|move|p2a: Heatran|Magma Storm|p1a: Charizard\n|-resisted|p1a: Charizard\n|-damage|p1a: Charizard|23\/100\n|-activate|p1a: Charizard|move: Magma Storm|[of] p2a: Heatran\n|\n|-weather|SunnyDay|[upkeep]\n|-damage|p1a: Charizard|11\/100|[from] move: Magma Storm|[partiallytrapped]\n|upkeep\n|turn|3\n|\n|move|p1a: Charizard|Earthquake|p2a: Heatran\n|-supereffective|p2a: Heatran\n|-damage|p2a: Heatran|0 fnt\n|faint|p2a: Heatran\n|\n|-weather|SunnyDay|[upkeep]\n|upkeep\n|\n|switch|p2a: Kartana|Kartana|100\/100\n|turn|4\n|\n|switch|p1a: Celesteela|Celesteela|100\/100\n|move|p2a: Kartana|Knock Off|p1a: Celesteela\n|-damage|p1a: Celesteela|60\/100\n|\n|-weather|SunnyDay|[upkeep]\n|upkeep\n|turn|5\n|\n|switch|p2a: Slowbro|Slowbro, M|100\/100\n|move|p1a: Celesteela|Flamethrower|p2a: Slowbro\n|-resisted|p2a: Slowbro\n|-damage|p2a: Slowbro|85\/100\n|\n|-weather|none\n|upkeep\n|turn|6\n|\n|switch|p1a: Tapu Lele|Tapu Lele|100\/100\n|-fieldstart|move: Psychic Terrain|[from] ability: Psychic Surge|[of] p1a: Tapu Lele\n|move|p2a: Slowbro|Scald|p1a: Tapu Lele\n|-damage|p1a: Tapu Lele|69\/100\n|\n|upkeep\n|turn|7\n|\n|switch|p2a: Tapu Bulu|Tapu Bulu|100\/100\n|-fieldstart|move: Grassy Terrain|[from] ability: Grassy Surge|[of] p2a: Tapu Bulu\n|move|p1a: Tapu Lele|Moonblast|p2a: Tapu Bulu\n|-crit|p2a: Tapu Bulu\n|-damage|p2a: Tapu Bulu|32\/100\n|\n|-heal|p1a: Tapu Lele|75\/100|[from] Grassy Terrain\n|-heal|p2a: Tapu Bulu|38\/100|[from] Grassy Terrain\n|upkeep\n|turn|8\n|\n|move|p1a: Tapu Lele|Moonblast|p2a: Tapu Bulu\n|-damage|p2a: Tapu Bulu|0 fnt\n|faint|p2a: Tapu Bulu\n|\n|-heal|p1a: Tapu Lele|81\/100|[from] Grassy Terrain\n|upkeep\n|\n|switch|p2a: Kartana|Kartana|100\/100\n|turn|9\n|\n|switch|p1a: Landorus|Landorus-Therian, M|100\/100\n|-ability|p1a: Landorus|Intimidate|boost\n|-unboost|p2a: Kartana|atk|1\n|move|p2a: Kartana|Leaf Blade|p1a: Landorus\n|-damage|p1a: Landorus|34\/100\n|\n|upkeep\n|turn|10\n|\n|switch|p1a: Celesteela|Celesteela|60\/100\n|move|p2a: Kartana|Leaf Blade|p1a: Celesteela\n|-resisted|p1a: Celesteela\n|-damage|p1a: Celesteela|36\/100\n|\n|upkeep\n|turn|11\n|\n|switch|p2a: Tornadus|Tornadus-Therian, M|100\/100\n|move|p1a: Celesteela|Flamethrower|p2a: Tornadus\n|-damage|p2a: Tornadus|79\/100\n|-status|p2a: Tornadus|brn\n|\n|-fieldend|move: Grassy Terrain\n|-damage|p2a: Tornadus|73\/100 brn|[from] brn\n|upkeep\n|turn|12\n|\n|move|p2a: Tornadus|Heat Wave|p1a: Celesteela\n|-supereffective|p1a: Celesteela\n|-damage|p1a: Celesteela|0 fnt\n|faint|p1a: Celesteela\n|\n|-damage|p2a: Tornadus|66\/100 brn|[from] brn\n|upkeep\n|\n|switch|p1a: Tapu Lele|Tapu Lele|81\/100\n|-fieldstart|move: Psychic Terrain|[from] ability: Psychic Surge|[of] p1a: Tapu Lele\n|turn|13\n|\n|move|p2a: Tornadus|Knock Off|p1a: Tapu Lele\n|-damage|p1a: Tapu Lele|67\/100\n|-enditem|p1a: Tapu Lele|Choice Specs|[from] move: Knock Off|[of] p2a: Tornadus\n|move|p1a: Tapu Lele|Moonblast|p2a: Tornadus\n|-damage|p2a: Tornadus|16\/100 brn\n|\n|-damage|p2a: Tornadus|10\/100 brn|[from] brn\n|upkeep\n|turn|14\n|\n|move|p2a: Tornadus|Knock Off|p1a: Tapu Lele\n|-damage|p1a: Tapu Lele|56\/100\n|move|p1a: Tapu Lele|Moonblast|p2a: Tornadus\n|-damage|p2a: Tornadus|0 fnt\n|faint|p2a: Tornadus\n|\n|upkeep\n|\n|switch|p2a: Slowbro|Slowbro, M|100\/100\n|turn|15\n|\n|move|p1a: Tapu Lele|Thunderbolt|p2a: Slowbro\n|-supereffective|p2a: Slowbro\n|-damage|p2a: Slowbro|37\/100\n|move|p2a: Slowbro|Scald|p1a: Tapu Lele\n|-damage|p1a: Tapu Lele|26\/100\n|-status|p1a: Tapu Lele|brn\n|\n|-damage|p1a: Tapu Lele|20\/100 brn|[from] brn\n|upkeep\n|turn|16\n|\n|move|p1a: Tapu Lele|Moonblast|p2a: Slowbro\n|-damage|p2a: Slowbro|0 fnt\n|faint|p2a: Slowbro\n|\n|-damage|p1a: Tapu Lele|14\/100 brn|[from] brn\n|upkeep\n|\n|switch|p2a: Kartana|Kartana|100\/100\n|turn|17\n|\n|switch|p1a: Landorus|Landorus-Therian, M|34\/100\n|-ability|p1a: Landorus|Intimidate|boost\n|-unboost|p2a: Kartana|atk|1\n|move|p2a: Kartana|Leaf Blade|p1a: Landorus\n|-damage|p1a: Landorus|0 fnt\n|faint|p1a: Landorus\n|-ability|p2a: Kartana|Beast Boost|boost\n|-boost|p2a: Kartana|atk|1\n|\n|-fieldend|move: Psychic Terrain\n|upkeep\n|\n|switch|p1a: Chansey|Chansey, F|100\/100\n|turn|18\n|\n|move|p2a: Kartana|Leaf Blade|p1a: Chansey\n|-damage|p1a: Chansey|40\/100\n|move|p1a: Chansey|Healing Wish|p1a: Chansey\n|faint|p1a: Chansey\n|\n|upkeep\n|\n|switch|p1a: Charizard|Charizard-Mega-Y, M|11\/100\n|-heal|p1a: Charizard|100\/100|[from] move: Healing Wish\n|-weather|SunnyDay|[from] ability: Drought|[of] p1a: Charizard\n|turn|19\n|-message|H4WT \u2605 forfeited.\n|\n|win|Amouage\n|l|\u2606H4WT \u2605\n|raw|Amouage's rating: 1712 &rarr; <strong>1723<\/strong><br \/>(+11 for winning)\n|raw|H4WT \u2605's rating: 1553 &rarr; <strong>1542<\/strong><br \/>(-11 for losing)\n","uploadtime":1536838133,"views":63,"p1id":"amouage","p2id":"h4wt","formatid":"gen7ou","rating":1542,"private":0,"password":null}