{"id":"gen7ou-775524668","p1":"JohanniterOrden","p2":"Therockcena","format":"gen7ou","log":"|j|\u2606JohanniterOrden\n|j|\u2606Therockcena\n|player|p1|JohanniterOrden|101\n|player|p2|Therockcena|170\n|teamsize|p1|6\n|teamsize|p2|6\n|gametype|singles\n|gen|7\n|tier|[Gen 7] OU\n|rule|Sleep Clause Mod: Limit one foe put to sleep\n|rule|Species Clause: Limit one of each Pok\u00e9mon\n|rule|OHKO Clause: OHKO moves are banned\n|rule|Moody Clause: Moody is banned\n|rule|Evasion Moves Clause: Evasion moves are banned\n|rule|Endless Battle Clause: Forcing endless battles is banned\n|rule|HP Percentage Mod: HP is shown in percentages\n|clearpoke\n|poke|p1|Tapu Fini|item\n|poke|p1|Ferrothorn, M|item\n|poke|p1|Lopunny, F|item\n|poke|p1|Zapdos|item\n|poke|p1|Volcarona, M|item\n|poke|p1|Landorus-Therian, M|item\n|poke|p2|Jolteon, L93, F|item\n|poke|p2|Mamoswine, F|item\n|poke|p2|Alakazam, F|item\n|poke|p2|Accelgor, F|item\n|poke|p2|Conkeldurr, M|item\n|poke|p2|Ferrothorn, F|item\n|teampreview\n|\n|start\n|switch|p1a: Volcarona|Volcarona, M, shiny|100\/100\n|switch|p2a: Conkeldurr|Conkeldurr, M|100\/100\n|turn|1\n|\n|move|p1a: Volcarona|Quiver Dance|p1a: Volcarona\n|-boost|p1a: Volcarona|spa|1\n|-boost|p1a: Volcarona|spd|1\n|-boost|p1a: Volcarona|spe|1\n|move|p2a: Conkeldurr|Knock Off|p1a: Volcarona\n|-damage|p1a: Volcarona|34\/100\n|-status|p2a: Conkeldurr|brn|[from] ability: Flame Body|[of] p1a: Volcarona\n|\n|-damage|p2a: Conkeldurr|94\/100 brn|[from] brn\n|upkeep\n|turn|2\n|\n|-zpower|p1a: Volcarona\n|move|p1a: Volcarona|Inferno Overdrive|p2a: Conkeldurr|[zeffect]\n|-crit|p2a: Conkeldurr\n|-damage|p2a: Conkeldurr|0 fnt\n|faint|p2a: Conkeldurr\n|\n|upkeep\n|\n|switch|p2a: Alakazam|Alakazam, F|100\/100\n|turn|3\n|\n|detailschange|p2a: Alakazam|Alakazam-Mega, F\n|-mega|p2a: Alakazam|Alakazam|Alakazite\n|-ability|p2a: Alakazam|Flame Body|[from] ability: Trace|[of] p1a: Volcarona\n|move|p1a: Volcarona|Giga Drain|p2a: Alakazam\n|-damage|p2a: Alakazam|47\/100\n|-heal|p1a: Volcarona|56\/100|[from] drain|[of] p2a: Alakazam\n|move|p2a: Alakazam|Psychic|p1a: Volcarona\n|-damage|p1a: Volcarona|8\/100\n|\n|upkeep\n|turn|4\n|\n|move|p1a: Volcarona|Giga Drain|p2a: Alakazam\n|-damage|p2a: Alakazam|0 fnt\n|-heal|p1a: Volcarona|27\/100|[from] drain|[of] p2a: Alakazam\n|faint|p2a: Alakazam\n|\n|upkeep\n|\n|switch|p2a: Mamoswine|Mamoswine, F|100\/100\n|turn|5\n|\n|move|p1a: Volcarona|Giga Drain|p2a: Mamoswine\n|-supereffective|p2a: Mamoswine\n|-damage|p2a: Mamoswine|0 fnt\n|-heal|p1a: Volcarona|91\/100|[from] drain|[of] p2a: Mamoswine\n|faint|p2a: Mamoswine\n|\n|upkeep\n|\n|switch|p2a: Jolteon|Jolteon, L93, F|100\/100\n|turn|6\n|\n|move|p1a: Volcarona|Hidden Power|p2a: Jolteon\n|-supereffective|p2a: Jolteon\n|-damage|p2a: Jolteon|0 fnt\n|faint|p2a: Jolteon\n|\n|upkeep\n|\n|switch|p2a: Accelgor|Accelgor, F|100\/100\n|turn|7\n|\n|move|p1a: Volcarona|Fire Blast|p2a: Accelgor|[miss]\n|-miss|p1a: Volcarona|p2a: Accelgor\n|move|p2a: Accelgor|Bug Buzz|p1a: Volcarona\n|-resisted|p1a: Volcarona\n|-damage|p1a: Volcarona|68\/100\n|\n|upkeep\n|turn|8\n|\n|move|p1a: Volcarona|Fire Blast|p2a: Accelgor\n|-supereffective|p2a: Accelgor\n|-damage|p2a: Accelgor|0 fnt\n|faint|p2a: Accelgor\n|\n|upkeep\n|\n|switch|p2a: Ferrothorn|Ferrothorn, F|100\/100\n|turn|9\n|\n|move|p1a: Volcarona|Fire Blast|p2a: Ferrothorn\n|-supereffective|p2a: Ferrothorn\n|-damage|p2a: Ferrothorn|0 fnt\n|faint|p2a: Ferrothorn\n|\n|win|JohanniterOrden\n|c|\u2606JohanniterOrden|gg\n","inputlog":null,"uploadtime":1531535866,"views":4,"p1id":"johanniterorden","p2id":"therockcena","formatid":"gen7ou","rating":0,"private":0,"password":null}