{"id":"gen7ou-874062656","p1":"Vergador","p2":"shardul888","format":"gen7ou","log":"|j|\u2606Vergador\n|j|\u2606shardul888\n|player|p1|Vergador|1\n|player|p2|shardul888|40\n|teamsize|p1|6\n|teamsize|p2|6\n|gametype|singles\n|gen|7\n|tier|[Gen 7] OU\n|rated|\n|rule|Sleep Clause Mod: Limit one foe put to sleep\n|rule|Species Clause: Limit one of each Pok\u00e9mon\n|rule|OHKO Clause: OHKO moves are banned\n|rule|Moody Clause: Moody is banned\n|rule|Evasion Moves Clause: Evasion moves are banned\n|rule|Endless Battle Clause: Forcing endless battles is banned\n|rule|HP Percentage Mod: HP is shown in percentages\n|clearpoke\n|poke|p1|Charizard, M|item\n|poke|p1|Celesteela|item\n|poke|p1|Toxapex, M|item\n|poke|p1|Excadrill, F|item\n|poke|p1|Tapu Lele|item\n|poke|p1|Clefable, M|item\n|poke|p2|Venusaur, F|item\n|poke|p2|Tapu Lele|item\n|poke|p2|Gliscor, M|item\n|poke|p2|Dragonite, M|item\n|poke|p2|Conkeldurr, M|item\n|poke|p2|Volcarona, F|item\n|teampreview\n|inactive|Battle timer is ON: inactive players will automatically lose when time's up. (requested by Vergador)\n|\n|start\n|switch|p1a: Toxapex|Toxapex, M|100\/100\n|switch|p2a: Conkeldurr|Conkeldurr, M|100\/100\n|turn|1\n|\n|switch|p2a: Gliscor|Gliscor, M|100\/100\n|move|p1a: Toxapex|Toxic Spikes|p2a: Gliscor\n|-sidestart|p2: shardul888|move: Toxic Spikes\n|\n|-status|p2a: Gliscor|tox|[from] item: Toxic Orb\n|upkeep\n|turn|2\n|\n|move|p2a: Gliscor|Knock Off|p1a: Toxapex\n|-damage|p1a: Toxapex|85\/100\n|-enditem|p1a: Toxapex|Black Sludge|[from] move: Knock Off|[of] p2a: Gliscor\n|move|p1a: Toxapex|Toxic Spikes|p2a: Gliscor\n|-sidestart|p2: shardul888|move: Toxic Spikes\n|\n|upkeep\n|turn|3\n|\n|switch|p1a: Charizard|Charizard, M|100\/100\n|move|p2a: Gliscor|Defog|p1a: Charizard\n|-unboost|p1a: Charizard|evasion|1\n|-sideend|p2: shardul888|Toxic Spikes|[from] move: Defog|[of] p2a: Gliscor\n|\n|upkeep\n|turn|4\n|\n|switch|p2a: Dragonite|Dragonite, M|100\/100\n|move|p1a: Charizard|Dragon Dance|p1a: Charizard\n|-boost|p1a: Charizard|atk|1\n|-boost|p1a: Charizard|spe|1\n|\n|upkeep\n|turn|5\n|\n|move|p1a: Charizard|Dragon Claw|p2a: Dragonite\n|-supereffective|p2a: Dragonite\n|-damage|p2a: Dragonite|61\/100\n|move|p2a: Dragonite|Dragon Dance|p2a: Dragonite\n|-boost|p2a: Dragonite|atk|1\n|-boost|p2a: Dragonite|spe|1\n|\n|upkeep\n|turn|6\n|\n|detailschange|p1a: Charizard|Charizard-Mega-X, M\n|-mega|p1a: Charizard|Charizard|Charizardite X\n|move|p1a: Charizard|Dragon Claw|p2a: Dragonite\n|-supereffective|p2a: Dragonite\n|-damage|p2a: Dragonite|0 fnt\n|faint|p2a: Dragonite\n|\n|upkeep\n|\n|switch|p2a: Conkeldurr|Conkeldurr, M|100\/100\n|turn|7\n|\n|move|p1a: Charizard|Dragon Claw|p2a: Conkeldurr\n|-damage|p2a: Conkeldurr|24\/100\n|move|p2a: Conkeldurr|Rock Slide|p1a: Charizard\n|-supereffective|p1a: Charizard\n|-damage|p1a: Charizard|33\/100\n|\n|upkeep\n|turn|8\n|\n|move|p2a: Conkeldurr|Mach Punch|p1a: Charizard\n|-damage|p1a: Charizard|3\/100\n|move|p1a: Charizard|Earthquake|p2a: Conkeldurr\n|-damage|p2a: Conkeldurr|0 fnt\n|faint|p2a: Conkeldurr\n|\n|upkeep\n|\n|switch|p2a: Gliscor|Gliscor, M|100\/100 tox\n|turn|9\n|\n|move|p1a: Charizard|Flare Blitz|p2a: Gliscor\n|-damage|p2a: Gliscor|1\/100 tox\n|-damage|p1a: Charizard|0 fnt|[from] Recoil\n|faint|p1a: Charizard\n|move|p2a: Gliscor|Knock Off|p1: Charizard|[notarget]\n|-fail|p2a: Gliscor\n|\n|-heal|p2a: Gliscor|13\/100 tox|[from] ability: Poison Heal\n|upkeep\n|\n|switch|p1a: Excadrill|Excadrill, F|100\/100\n|-ability|p1a: Excadrill|Mold Breaker\n|turn|10\n|\n|move|p2a: Gliscor|Protect|p2a: Gliscor\n|-singleturn|p2a: Gliscor|Protect\n|move|p1a: Excadrill|Iron Head|p2a: Gliscor\n|-activate|p2a: Gliscor|move: Protect\n|\n|-heal|p2a: Gliscor|26\/100 tox|[from] ability: Poison Heal\n|upkeep\n|turn|11\n|\n|switch|p2a: Venusaur|Venusaur, F|100\/100\n|move|p1a: Excadrill|Iron Head|p2a: Venusaur\n|-crit|p2a: Venusaur\n|-damage|p2a: Venusaur|48\/100\n|\n|upkeep\n|turn|12\n|\n|detailschange|p2a: Venusaur|Venusaur-Mega, F\n|-mega|p2a: Venusaur|Venusaur|Venusaurite\n|move|p1a: Excadrill|Iron Head|p2a: Venusaur\n|-damage|p2a: Venusaur|22\/100\n|move|p2a: Venusaur|Synthesis|p2a: Venusaur\n|-heal|p2a: Venusaur|72\/100\n|\n|upkeep\n|turn|13\n|\n|switch|p1a: Tapu Lele|Tapu Lele|100\/100\n|-fieldstart|move: Psychic Terrain|[from] ability: Psychic Surge|[of] p1a: Tapu Lele\n|move|p2a: Venusaur|Giga Drain|p1a: Tapu Lele\n|-damage|p1a: Tapu Lele|66\/100\n|-heal|p2a: Venusaur|86\/100|[from] drain|[of] p1a: Tapu Lele\n|\n|upkeep\n|turn|14\n|\n|switch|p2a: Gliscor|Gliscor, M|26\/100 tox\n|move|p1a: Tapu Lele|Psychic|p2a: Gliscor\n|-damage|p2a: Gliscor|0 fnt\n|faint|p2a: Gliscor\n|\n|upkeep\n|\n|switch|p2a: Volcarona|Volcarona, F|100\/100\n|turn|15\n|\n|move|p1a: Tapu Lele|Psychic|p2a: Volcarona\n|-damage|p2a: Volcarona|0 fnt\n|faint|p2a: Volcarona\n|\n|upkeep\n|\n|switch|p2a: Tapu Lele|Tapu Lele|100\/100\n|turn|16\n|\n|switch|p1a: Celesteela|Celesteela|100\/100\n|move|p2a: Tapu Lele|Hidden Power|p1a: Celesteela\n|-supereffective|p1a: Celesteela\n|-damage|p1a: Celesteela|71\/100\n|\n|-heal|p1a: Celesteela|78\/100|[from] item: Leftovers\n|upkeep\n|turn|17\n|\n|move|p2a: Tapu Lele|Thunderbolt|p1a: Celesteela\n|-supereffective|p1a: Celesteela\n|-damage|p1a: Celesteela|36\/100\n|-status|p1a: Celesteela|par\n|move|p1a: Celesteela|Leech Seed|p2a: Tapu Lele\n|-start|p2a: Tapu Lele|move: Leech Seed\n|\n|-heal|p1a: Celesteela|42\/100 par|[from] item: Leftovers\n|-damage|p2a: Tapu Lele|88\/100|[from] Leech Seed|[of] p1a: Celesteela\n|-heal|p1a: Celesteela|53\/100 par|[silent]\n|-fieldend|move: Psychic Terrain\n|upkeep\n|turn|18\n|\n|switch|p1a: Excadrill|Excadrill, F|100\/100\n|-ability|p1a: Excadrill|Mold Breaker\n|move|p2a: Tapu Lele|Thunderbolt|p1a: Excadrill\n|-immune|p1a: Excadrill\n|\n|-damage|p2a: Tapu Lele|76\/100|[from] Leech Seed|[of] p1a: Excadrill\n|upkeep\n|turn|19\n|\n|move|p1a: Excadrill|Iron Head|p2a: Tapu Lele\n|-supereffective|p2a: Tapu Lele\n|-damage|p2a: Tapu Lele|0 fnt\n|faint|p2a: Tapu Lele\n|\n|upkeep\n|\n|switch|p2a: Venusaur|Venusaur-Mega, F|86\/100\n|turn|20\n|\n|move|p1a: Excadrill|Iron Head|p2a: Venusaur\n|-damage|p2a: Venusaur|56\/100\n|move|p2a: Venusaur|Giga Drain|p1a: Excadrill\n|-damage|p1a: Excadrill|59\/100\n|-heal|p2a: Venusaur|77\/100|[from] drain|[of] p1a: Excadrill\n|\n|upkeep\n|turn|21\n|\n|switch|p1a: Tapu Lele|Tapu Lele|66\/100\n|-fieldstart|move: Psychic Terrain|[from] ability: Psychic Surge|[of] p1a: Tapu Lele\n|move|p2a: Venusaur|Giga Drain|p1a: Tapu Lele\n|-damage|p1a: Tapu Lele|36\/100\n|-heal|p2a: Venusaur|89\/100|[from] drain|[of] p1a: Tapu Lele\n|\n|upkeep\n|turn|22\n|\n|move|p1a: Tapu Lele|Psychic|p2a: Venusaur\n|-supereffective|p2a: Venusaur\n|-damage|p2a: Venusaur|0 fnt\n|faint|p2a: Venusaur\n|\n|win|Vergador\n|raw|Vergador's rating: 1269 &rarr; <strong>1294<\/strong><br \/>(+25 for winning)\n|raw|shardul888's rating: 1266 &rarr; <strong>1241<\/strong><br \/>(-25 for losing)\n|l|\u2606shardul888\n|l|\u2606Vergador\n","uploadtime":1552226052,"views":27,"p1id":"vergador","p2id":"shardul888","formatid":"gen7ou","rating":1241,"private":0,"password":null}