{"id":"gen7ou-943672182","p1":"HQSNonsense","p2":"MelissaSenpai4u","format":"gen7ou","log":"|j|\u2606HQSNonsense\n|j|\u2606MelissaSenpai4u\n|player|p1|HQSNonsense|260\n|player|p2|MelissaSenpai4u|170\n|teamsize|p1|6\n|teamsize|p2|6\n|gametype|singles\n|gen|7\n|tier|[Gen 7] OU\n|rated|\n|rule|Sleep Clause Mod: Limit one foe put to sleep\n|rule|Species Clause: Limit one of each Pok\u00e9mon\n|rule|OHKO Clause: OHKO moves are banned\n|rule|Moody Clause: Moody is banned\n|rule|Evasion Moves Clause: Evasion moves are banned\n|rule|Endless Battle Clause: Forcing endless battles is banned\n|rule|HP Percentage Mod: HP is shown in percentages\n|clearpoke\n|poke|p1|Medicham, M|item\n|poke|p1|Greninja, M|item\n|poke|p1|Kartana|item\n|poke|p1|Landorus-Therian, M|item\n|poke|p1|Magearna|item\n|poke|p1|Tapu Koko|item\n|poke|p2|Mawile, F|item\n|poke|p2|Zapdos|item\n|poke|p2|Landorus-Therian, M|item\n|poke|p2|Heatran, M|item\n|poke|p2|Tapu Bulu|item\n|poke|p2|Latios, M|item\n|teampreview\n|inactive|Battle timer is ON: inactive players will automatically lose when time's up. (requested by HQSNonsense)\n|\n|start\n|switch|p1a: Landorus|Landorus-Therian, M|100\/100\n|switch|p2a: Mawile|Mawile, F, shiny|100\/100\n|-ability|p1a: Landorus|Intimidate|boost\n|-unboost|p2a: Mawile|atk|1\n|-ability|p2a: Mawile|Intimidate|boost\n|-unboost|p1a: Landorus|atk|1\n|turn|1\n|\n|switch|p2a: Zapdos|Zapdos|100\/100\n|move|p1a: Landorus|Stealth Rock|p2a: Zapdos\n|-sidestart|p2: MelissaSenpai4u|move: Stealth Rock\n|\n|upkeep\n|turn|2\n|\n|switch|p1a: Magearna|Magearna|100\/100\n|move|p2a: Zapdos|Defog|p1a: Magearna\n|-unboost|p1a: Magearna|evasion|1\n|-sideend|p2: MelissaSenpai4u|Stealth Rock|[from] move: Defog|[of] p2a: Zapdos\n|\n|upkeep\n|turn|3\n|\n|move|p2a: Zapdos|Heat Wave|p1a: Magearna\n|-supereffective|p1a: Magearna\n|-damage|p1a: Magearna|77\/100\n|move|p1a: Magearna|Volt Switch|p2a: Zapdos\n|-damage|p2a: Zapdos|76\/100\n|\n|switch|p1a: Tapu Koko|Tapu Koko|100\/100|[from]move: Volt Switch\n|-fieldstart|move: Electric Terrain|[from] ability: Electric Surge|[of] p1a: Tapu Koko\n|\n|-heal|p2a: Zapdos|82\/100|[from] item: Leftovers\n|upkeep\n|turn|4\n|\n|move|p1a: Tapu Koko|Volt Switch|p2a: Zapdos\n|-damage|p2a: Zapdos|43\/100\n|\n|switch|p1a: Landorus|Landorus-Therian, M|100\/100|[from]move: Volt Switch\n|-ability|p1a: Landorus|Intimidate|boost\n|-unboost|p2a: Zapdos|atk|1\n|move|p2a: Zapdos|Roost|p2a: Zapdos\n|-heal|p2a: Zapdos|93\/100\n|-singleturn|p2a: Zapdos|move: Roost\n|\n|-heal|p2a: Zapdos|99\/100|[from] item: Leftovers\n|upkeep\n|turn|5\n|\n|move|p2a: Zapdos|Heat Wave|p1a: Landorus\n|-damage|p1a: Landorus|74\/100\n|move|p1a: Landorus|Stealth Rock|p2a: Zapdos\n|-sidestart|p2: MelissaSenpai4u|move: Stealth Rock\n|\n|-heal|p2a: Zapdos|100\/100|[from] item: Leftovers\n|upkeep\n|turn|6\n|\n|switch|p1a: Magearna|Magearna|77\/100\n|move|p2a: Zapdos|Defog|p1a: Magearna\n|-unboost|p1a: Magearna|evasion|1\n|-sideend|p2: MelissaSenpai4u|Stealth Rock|[from] move: Defog|[of] p2a: Zapdos\n|\n|upkeep\n|turn|7\n|\n|move|p2a: Zapdos|Heat Wave|p1a: Magearna\n|-supereffective|p1a: Magearna\n|-damage|p1a: Magearna|50\/100\n|move|p1a: Magearna|Ice Beam|p2a: Zapdos\n|-supereffective|p2a: Zapdos\n|-damage|p2a: Zapdos|38\/100\n|\n|-heal|p2a: Zapdos|44\/100|[from] item: Leftovers\n|-fieldend|move: Electric Terrain\n|upkeep\n|turn|8\n|\n|move|p2a: Zapdos|Roost|p2a: Zapdos\n|-heal|p2a: Zapdos|94\/100\n|-singleturn|p2a: Zapdos|move: Roost\n|move|p1a: Magearna|Ice Beam|p2a: Zapdos\n|-damage|p2a: Zapdos|67\/100\n|\n|-heal|p2a: Zapdos|73\/100|[from] item: Leftovers\n|upkeep\n|turn|9\n|\n|switch|p2a: Mawile|Mawile, F, shiny|100\/100\n|-ability|p2a: Mawile|Intimidate|boost\n|-unboost|p1a: Magearna|atk|1\n|move|p1a: Magearna|Volt Switch|p2a: Mawile\n|-damage|p2a: Mawile|51\/100\n|\n|switch|p1a: Landorus|Landorus-Therian, M|74\/100|[from]move: Volt Switch\n|-ability|p1a: Landorus|Intimidate|boost\n|-unboost|p2a: Mawile|atk|1\n|\n|upkeep\n|turn|10\n|\n|switch|p2a: Zapdos|Zapdos|73\/100\n|move|p1a: Landorus|Stealth Rock|p2a: Zapdos\n|-sidestart|p2: MelissaSenpai4u|move: Stealth Rock\n|\n|-heal|p2a: Zapdos|79\/100|[from] item: Leftovers\n|upkeep\n|turn|11\n|\n|switch|p1a: Greninja|Greninja, M|100\/100\n|move|p2a: Zapdos|Defog|p1a: Greninja\n|-unboost|p1a: Greninja|evasion|1\n|-sideend|p2: MelissaSenpai4u|Stealth Rock|[from] move: Defog|[of] p2a: Zapdos\n|\n|-heal|p2a: Zapdos|85\/100|[from] item: Leftovers\n|upkeep\n|turn|12\n|\n|switch|p2a: Heatran|Heatran, M|100\/100\n|move|p1a: Greninja|Hydro Pump|p2a: Heatran\n|-supereffective|p2a: Heatran\n|-damage|p2a: Heatran|17\/100\n|\n|-heal|p2a: Heatran|24\/100|[from] item: Leftovers\n|upkeep\n|turn|13\n|\n|switch|p2a: Tapu Bulu|Tapu Bulu|100\/100\n|-fieldstart|move: Grassy Terrain|[from] ability: Grassy Surge|[of] p2a: Tapu Bulu\n|move|p1a: Greninja|Hydro Pump|p2a: Tapu Bulu\n|-resisted|p2a: Tapu Bulu\n|-damage|p2a: Tapu Bulu|52\/100\n|\n|-heal|p2a: Tapu Bulu|59\/100|[from] Grassy Terrain\n|upkeep\n|turn|14\n|\n|switch|p1a: Kartana|Kartana|100\/100\n|move|p2a: Tapu Bulu|Superpower|p1a: Kartana\n|-supereffective|p1a: Kartana\n|-damage|p1a: Kartana|16\/100\n|-unboost|p2a: Tapu Bulu|atk|1\n|-unboost|p2a: Tapu Bulu|def|1\n|\n|-heal|p2a: Tapu Bulu|65\/100|[from] Grassy Terrain\n|-heal|p1a: Kartana|22\/100|[from] Grassy Terrain\n|upkeep\n|turn|15\n|\n|switch|p2a: Zapdos|Zapdos|85\/100\n|-zpower|p1a: Kartana\n|move|p1a: Kartana|Breakneck Blitz|p2a: Zapdos|[zeffect]\n|-damage|p2a: Zapdos|19\/100\n|\n|-heal|p1a: Kartana|28\/100|[from] Grassy Terrain\n|-heal|p2a: Zapdos|25\/100|[from] item: Leftovers\n|upkeep\n|turn|16\n|\n|switch|p2a: Heatran|Heatran, M|24\/100\n|move|p1a: Kartana|Leaf Blade|p2a: Heatran\n|-resisted|p2a: Heatran\n|-damage|p2a: Heatran|6\/100\n|\n|-heal|p1a: Kartana|34\/100|[from] Grassy Terrain\n|-heal|p2a: Heatran|12\/100|[from] item: Leftovers\n|-heal|p2a: Heatran|18\/100|[from] Grassy Terrain\n|upkeep\n|turn|17\n|\n|switch|p2a: Zapdos|Zapdos|25\/100\n|move|p1a: Kartana|Sacred Sword|p2a: Zapdos\n|-resisted|p2a: Zapdos\n|-damage|p2a: Zapdos|11\/100\n|\n|-heal|p1a: Kartana|40\/100|[from] Grassy Terrain\n|-heal|p2a: Zapdos|17\/100|[from] item: Leftovers\n|-fieldend|move: Grassy Terrain\n|upkeep\n|turn|18\n|\n|switch|p2a: Landorus|Landorus-Therian, M|100\/100\n|-ability|p2a: Landorus|Intimidate|boost\n|-unboost|p1a: Kartana|atk|1\n|move|p1a: Kartana|Leaf Blade|p2a: Landorus\n|-crit|p2a: Landorus\n|-damage|p2a: Landorus|0 fnt\n|faint|p2a: Landorus\n|-ability|p1a: Kartana|Beast Boost|boost\n|-boost|p1a: Kartana|atk|1\n|\n|upkeep\n|\n|switch|p2a: Latios|Latios, M|100\/100\n|turn|19\n|\n|switch|p1a: Magearna|Magearna|50\/100\n|move|p2a: Latios|Ice Beam|p1a: Magearna\n|-resisted|p1a: Magearna\n|-damage|p1a: Magearna|43\/100\n|-status|p1a: Magearna|frz\n|\n|upkeep\n|turn|20\n|\n|switch|p2a: Zapdos|Zapdos|17\/100\n|switch|p1a: Greninja|Greninja, M|100\/100\n|\n|-heal|p2a: Zapdos|23\/100|[from] item: Leftovers\n|upkeep\n|turn|21\n|\n|switch|p2a: Heatran|Heatran, M|18\/100\n|move|p1a: Greninja|Dark Pulse|p2a: Heatran\n|-damage|p2a: Heatran|0 fnt\n|faint|p2a: Heatran\n|-activate|p1a: Greninja|ability: Battle Bond\n|detailschange|p1a: Greninja|Greninja-Ash, M\n|\n|upkeep\n|\n|switch|p2a: Tapu Bulu|Tapu Bulu|65\/100\n|-fieldstart|move: Grassy Terrain|[from] ability: Grassy Surge|[of] p2a: Tapu Bulu\n|turn|22\n|\n|switch|p1a: Magearna|Magearna|43\/100 frz\n|move|p2a: Tapu Bulu|Horn Leech|p1a: Magearna\n|-resisted|p1a: Magearna\n|-damage|p1a: Magearna|21\/100 frz\n|-heal|p2a: Tapu Bulu|79\/100|[from] drain|[of] p1a: Magearna\n|\n|-heal|p2a: Tapu Bulu|85\/100|[from] Grassy Terrain\n|-heal|p1a: Magearna|27\/100 frz|[from] Grassy Terrain\n|upkeep\n|turn|23\n|\n|switch|p2a: Zapdos|Zapdos|23\/100\n|switch|p1a: Kartana|Kartana|40\/100\n|\n|-heal|p1a: Kartana|46\/100|[from] Grassy Terrain\n|-heal|p2a: Zapdos|29\/100|[from] item: Leftovers\n|upkeep\n|turn|24\n|\n|move|p1a: Kartana|Leaf Blade|p2a: Zapdos\n|-resisted|p2a: Zapdos\n|-crit|p2a: Zapdos\n|-damage|p2a: Zapdos|0 fnt\n|faint|p2a: Zapdos\n|-ability|p1a: Kartana|Beast Boost|boost\n|-boost|p1a: Kartana|atk|1\n|\n|-heal|p1a: Kartana|53\/100|[from] Grassy Terrain\n|upkeep\n|\n|switch|p2a: Latios|Latios, M|100\/100\n|turn|25\n|\n|switch|p2a: Tapu Bulu|Tapu Bulu|85\/100\n|switch|p1a: Magearna|Magearna|27\/100 frz\n|\n|-heal|p2a: Tapu Bulu|91\/100|[from] Grassy Terrain\n|-heal|p1a: Magearna|33\/100 frz|[from] Grassy Terrain\n|upkeep\n|turn|26\n|\n|move|p2a: Tapu Bulu|Horn Leech|p1a: Magearna\n|-resisted|p1a: Magearna\n|-damage|p1a: Magearna|10\/100 frz\n|-heal|p2a: Tapu Bulu|100\/100|[from] drain|[of] p1a: Magearna\n|cant|p1a: Magearna|frz\n|\n|-heal|p1a: Magearna|16\/100 frz|[from] Grassy Terrain\n|-fieldend|move: Grassy Terrain\n|upkeep\n|turn|27\n|\n|move|p2a: Tapu Bulu|Horn Leech|p1a: Magearna\n|-resisted|p1a: Magearna\n|-damage|p1a: Magearna|0 fnt\n|faint|p1a: Magearna\n|\n|upkeep\n|\n|switch|p1a: Tapu Koko|Tapu Koko|100\/100\n|-fieldstart|move: Electric Terrain|[from] ability: Electric Surge|[of] p1a: Tapu Koko\n|turn|28\n|\n|switch|p2a: Latios|Latios, M|100\/100\n|move|p1a: Tapu Koko|Volt Switch|p2a: Latios\n|-resisted|p2a: Latios\n|-damage|p2a: Latios|78\/100\n|\n|switch|p1a: Medicham|Medicham, M|100\/100|[from]move: Volt Switch\n|\n|upkeep\n|turn|29\n|\n|detailschange|p1a: Medicham|Medicham-Mega, M\n|-mega|p1a: Medicham|Medicham|Medichamite\n|move|p1a: Medicham|Fake Out|p2a: Latios\n|-damage|p2a: Latios|42\/100\n|cant|p2a: Latios|flinch\n|\n|upkeep\n|turn|30\n|\n|switch|p1a: Tapu Koko|Tapu Koko|100\/100\n|move|p2a: Latios|Draco Meteor|p1a: Tapu Koko\n|-immune|p1a: Tapu Koko\n|\n|upkeep\n|turn|31\n|\n|move|p1a: Tapu Koko|Volt Switch|p2a: Latios\n|-resisted|p2a: Latios\n|-damage|p2a: Latios|18\/100\n|\n|switch|p1a: Landorus|Landorus-Therian, M|74\/100|[from]move: Volt Switch\n|-ability|p1a: Landorus|Intimidate|boost\n|-unboost|p2a: Latios|atk|1\n|move|p2a: Latios|Draco Meteor|p1a: Landorus\n|-damage|p1a: Landorus|6\/100\n|-unboost|p2a: Latios|spa|2\n|\n|upkeep\n|turn|32\n|\n|move|p2a: Latios|Draco Meteor|p1a: Landorus\n|-damage|p1a: Landorus|0 fnt\n|-unboost|p2a: Latios|spa|2\n|faint|p1a: Landorus\n|\n|-fieldend|move: Electric Terrain\n|upkeep\n|\n|switch|p1a: Greninja|Greninja-Ash, M|100\/100\n|turn|33\n|\n|switch|p2a: Tapu Bulu|Tapu Bulu|100\/100\n|-fieldstart|move: Grassy Terrain|[from] ability: Grassy Surge|[of] p2a: Tapu Bulu\n|move|p1a: Greninja|Spikes|p2a: Tapu Bulu\n|-sidestart|p2: MelissaSenpai4u|Spikes\n|\n|upkeep\n|turn|34\n|\n|switch|p1a: Kartana|Kartana|53\/100\n|move|p2a: Tapu Bulu|Wood Hammer|p1a: Kartana\n|-resisted|p1a: Kartana\n|-damage|p1a: Kartana|26\/100\n|-damage|p2a: Tapu Bulu|92\/100|[from] Recoil\n|\n|-heal|p2a: Tapu Bulu|98\/100|[from] Grassy Terrain\n|-heal|p1a: Kartana|32\/100|[from] Grassy Terrain\n|upkeep\n|turn|35\n|\n|move|p2a: Tapu Bulu|Wood Hammer|p1a: Kartana\n|-resisted|p1a: Kartana\n|-damage|p1a: Kartana|6\/100\n|-damage|p2a: Tapu Bulu|90\/100|[from] Recoil\n|move|p1a: Kartana|Leaf Blade|p2a: Tapu Bulu\n|-resisted|p2a: Tapu Bulu\n|-damage|p2a: Tapu Bulu|41\/100\n|\n|-heal|p2a: Tapu Bulu|47\/100|[from] Grassy Terrain\n|-heal|p1a: Kartana|12\/100|[from] Grassy Terrain\n|upkeep\n|turn|36\n|\n|move|p2a: Tapu Bulu|Wood Hammer|p1a: Kartana\n|-resisted|p1a: Kartana\n|-damage|p1a: Kartana|0 fnt\n|-damage|p2a: Tapu Bulu|43\/100|[from] Recoil\n|faint|p1a: Kartana\n|\n|-heal|p2a: Tapu Bulu|49\/100|[from] Grassy Terrain\n|upkeep\n|\n|switch|p1a: Tapu Koko|Tapu Koko|100\/100\n|-fieldstart|move: Electric Terrain|[from] ability: Electric Surge|[of] p1a: Tapu Koko\n|turn|37\n|\n|switch|p2a: Latios|Latios, M|18\/100\n|move|p1a: Tapu Koko|Brave Bird|p2a: Latios\n|-damage|p2a: Latios|0 fnt\n|-damage|p1a: Tapu Koko|94\/100|[from] Recoil\n|faint|p2a: Latios\n|\n|upkeep\n|\n|switch|p2a: Mawile|Mawile, F, shiny|51\/100\n|-damage|p2a: Mawile|39\/100|[from] Spikes\n|-ability|p2a: Mawile|Intimidate|boost\n|-unboost|p1a: Tapu Koko|atk|1\n|turn|38\n|\n|switch|p1a: Medicham|Medicham-Mega, M|100\/100\n|detailschange|p2a: Mawile|Mawile-Mega, F, shiny\n|-mega|p2a: Mawile|Mawile|Mawilite\n|move|p2a: Mawile|Iron Head|p1a: Medicham\n|-damage|p1a: Medicham|0 fnt\n|faint|p1a: Medicham\n|\n|upkeep\n|\n|switch|p1a: Greninja|Greninja-Ash, M|100\/100\n|turn|39\n|\n|move|p2a: Mawile|Sucker Punch|p1a: Greninja\n|-resisted|p1a: Greninja\n|-damage|p1a: Greninja|64\/100\n|move|p1a: Greninja|Dark Pulse|p2a: Mawile\n|-resisted|p2a: Mawile\n|-damage|p2a: Mawile|0 fnt\n|faint|p2a: Mawile\n|\n|upkeep\n|\n|switch|p2a: Tapu Bulu|Tapu Bulu|49\/100\n|-damage|p2a: Tapu Bulu|37\/100|[from] Spikes\n|-fieldstart|move: Grassy Terrain|[from] ability: Grassy Surge|[of] p2a: Tapu Bulu\n|turn|40\n|\n|move|p2a: Tapu Bulu|Horn Leech|p1a: Greninja\n|-supereffective|p1a: Greninja\n|-damage|p1a: Greninja|0 fnt\n|-heal|p2a: Tapu Bulu|69\/100|[from] drain|[of] p1a: Greninja\n|faint|p1a: Greninja\n|\n|-heal|p2a: Tapu Bulu|75\/100|[from] Grassy Terrain\n|upkeep\n|\n|switch|p1a: Tapu Koko|Tapu Koko|94\/100\n|-fieldstart|move: Electric Terrain|[from] ability: Electric Surge|[of] p1a: Tapu Koko\n|turn|41\n|\n|move|p1a: Tapu Koko|Brave Bird|p2a: Tapu Bulu\n|-supereffective|p2a: Tapu Bulu\n|-crit|p2a: Tapu Bulu\n|-damage|p2a: Tapu Bulu|0 fnt\n|-damage|p1a: Tapu Koko|70\/100|[from] Recoil\n|faint|p2a: Tapu Bulu\n|\n|win|HQSNonsense\n|l|\u2606MelissaSenpai4u\n|raw|HQSNonsense's rating: 1747 &rarr; <strong>1762<\/strong><br \/>(+15 for winning)\n|raw|MelissaSenpai4u's rating: 1657 &rarr; <strong>1642<\/strong><br \/>(-15 for losing)\n","uploadtime":1562945966,"views":1,"p1id":"hqsnonsense","p2id":"melissasenpai4u","formatid":"gen7ou","rating":1642,"private":0,"password":null}