{"id":"gen7ou-950132928","p1":"Gen1nur","p2":"Ban lando t guy jk","format":"gen7ou","log":"|j|\u2606Gen1nur\n|j|\u2606Ban lando t guy jk\n|player|p1|Gen1nur|34|1608\n|player|p2|Ban lando t guy jk|164|1631\n|teamsize|p1|6\n|teamsize|p2|6\n|gametype|singles\n|gen|7\n|tier|[Gen 7] OU\n|rated|\n|rule|Sleep Clause Mod: Limit one foe put to sleep\n|rule|Species Clause: Limit one of each Pok\u00e9mon\n|rule|OHKO Clause: OHKO moves are banned\n|rule|Moody Clause: Moody is banned\n|rule|Evasion Moves Clause: Evasion moves are banned\n|rule|Endless Battle Clause: Forcing endless battles is banned\n|rule|HP Percentage Mod: HP is shown in percentages\n|clearpoke\n|poke|p1|Cloyster, F|item\n|poke|p1|Chansey, F|item\n|poke|p1|Venusaur, F|item\n|poke|p1|Gliscor, M|item\n|poke|p1|Arcanine, M|item\n|poke|p1|Mimikyu, F|item\n|poke|p2|Hawlucha, M|item\n|poke|p2|Swampert, F|item\n|poke|p2|Ferrothorn, M|item\n|poke|p2|Pelipper, M|item\n|poke|p2|Tapu Koko|item\n|poke|p2|Greninja, M|item\n|teampreview\n|inactive|Battle timer is ON: inactive players will automatically lose when time's up. (requested by Gen1nur)\n|\n|start\n|switch|p1a: Chansey|Chansey, F|100\/100\n|switch|p2a: Tapu Koko|Tapu Koko|100\/100\n|-fieldstart|move: Electric Terrain|[from] ability: Electric Surge|[of] p2a: Tapu Koko\n|turn|1\n|\n|move|p2a: Tapu Koko|Taunt|p1a: Chansey\n|-start|p1a: Chansey|move: Taunt\n|cant|p1a: Chansey|move: Taunt|Stealth Rock\n|\n|upkeep\n|turn|2\n|\n|move|p2a: Tapu Koko|Nature's Madness|p1a: Chansey\n|-damage|p1a: Chansey|50\/100\n|move|p1a: Chansey|Seismic Toss|p2a: Tapu Koko\n|-damage|p2a: Tapu Koko|65\/100\n|\n|upkeep\n|turn|3\n|\n|switch|p2a: Hey|Ferrothorn, M|100\/100\n|switch|p1a: G0lbat|Gliscor, M|100\/100\n|\n|-status|p1a: G0lbat|tox|[from] item: Toxic Orb\n|upkeep\n|turn|4\n|\n|move|p1a: G0lbat|Swords Dance|p1a: G0lbat\n|-boost|p1a: G0lbat|atk|2\n|move|p2a: Hey|Stealth Rock|p1a: G0lbat\n|-sidestart|p1: Gen1nur|move: Stealth Rock\n|\n|upkeep\n|turn|5\n|\n|switch|p2a: Nappy is trash|Pelipper, M|100\/100\n|-weather|RainDance|[from] ability: Drizzle|[of] p2a: Nappy is trash\n|move|p1a: G0lbat|Knock Off|p2a: Nappy is trash\n|-damage|p2a: Nappy is trash|58\/100\n|-enditem|p2a: Nappy is trash|Damp Rock|[from] move: Knock Off|[of] p1a: G0lbat\n|\n|-weather|RainDance|[upkeep]\n|-fieldend|move: Electric Terrain\n|upkeep\n|turn|6\n|\n|move|p1a: G0lbat|Earthquake|p2a: Nappy is trash\n|-immune|p2a: Nappy is trash\n|move|p2a: Nappy is trash|U-turn|p1a: G0lbat\n|-resisted|p1a: G0lbat\n|-damage|p1a: G0lbat|98\/100 tox\n|\n|switch|p2a: Let get Bluff|Swampert, F|100\/100|[from]move: U-turn\n|\n|-weather|RainDance|[upkeep]\n|-heal|p1a: G0lbat|100\/100 tox|[from] ability: Poison Heal\n|upkeep\n|turn|7\n|\n|switch|p1a: Venusaur|Venusaur, F|100\/100\n|-damage|p1a: Venusaur|88\/100|[from] Stealth Rock\n|detailschange|p2a: Let get Bluff|Swampert-Mega, F\n|-mega|p2a: Let get Bluff|Swampert|Swampertite\n|move|p2a: Let get Bluff|Waterfall|p1a: Venusaur\n|-resisted|p1a: Venusaur\n|-damage|p1a: Venusaur|58\/100\n|\n|-weather|RainDance|[upkeep]\n|upkeep\n|turn|8\n|\n|switch|p2a: Hey|Ferrothorn, M|100\/100\n|detailschange|p1a: Venusaur|Venusaur-Mega, F\n|-mega|p1a: Venusaur|Venusaur|Venusaurite\n|move|p1a: Venusaur|Giga Drain|p2a: Hey\n|-resisted|p2a: Hey\n|-damage|p2a: Hey|95\/100\n|-heal|p1a: Venusaur|60\/100|[from] drain|[of] p2a: Hey\n|\n|-weather|RainDance|[upkeep]\n|-heal|p2a: Hey|100\/100|[from] item: Leftovers\n|upkeep\n|turn|9\n|\n|move|p1a: Venusaur|Leech Seed|p2a: Hey\n|-immune|p2a: Hey\n|move|p2a: Hey|Spikes|p1a: Venusaur\n|-sidestart|p1: Gen1nur|Spikes\n|\n|-weather|RainDance|[upkeep]\n|upkeep\n|turn|10\n|\n|switch|p1a: G0lbat|Gliscor, M|100\/100 tox\n|-damage|p1a: G0lbat|88\/100 tox|[from] Stealth Rock\n|move|p2a: Hey|Spikes|p1a: G0lbat\n|-sidestart|p1: Gen1nur|Spikes\n|\n|-weather|RainDance|[upkeep]\n|-heal|p1a: G0lbat|100\/100 tox|[from] ability: Poison Heal\n|upkeep\n|turn|11\n|\n|switch|p2a: Let get Bluff|Swampert-Mega, F|100\/100\n|move|p1a: G0lbat|Defog|p2a: Let get Bluff\n|-unboost|p2a: Let get Bluff|evasion|1\n|-sideend|p1: Gen1nur|Spikes|[from] move: Defog|[of] p1a: G0lbat\n|-sideend|p1: Gen1nur|Stealth Rock|[from] move: Defog|[of] p1a: G0lbat\n|\n|-weather|RainDance|[upkeep]\n|upkeep\n|turn|12\n|\n|move|p2a: Let get Bluff|Waterfall|p1a: G0lbat\n|-supereffective|p1a: G0lbat\n|-crit|p1a: G0lbat\n|-damage|p1a: G0lbat|0 fnt\n|faint|p1a: G0lbat\n|\n|-weather|none\n|upkeep\n|\n|switch|p1a: Cloyster|Cloyster, F, shiny|100\/100\n|turn|13\n|\n|move|p2a: Let get Bluff|Power-Up Punch|p1a: Cloyster\n|-supereffective|p1a: Cloyster\n|-damage|p1a: Cloyster|73\/100\n|-boost|p2a: Let get Bluff|atk|1\n|move|p1a: Cloyster|Shell Smash|p1a: Cloyster\n|-unboost|p1a: Cloyster|def|1\n|-unboost|p1a: Cloyster|spd|1\n|-boost|p1a: Cloyster|atk|2\n|-boost|p1a: Cloyster|spa|2\n|-boost|p1a: Cloyster|spe|2\n|\n|upkeep\n|turn|14\n|\n|move|p1a: Cloyster|Icicle Spear|p2a: Let get Bluff\n|-damage|p2a: Let get Bluff|78\/100\n|-damage|p2a: Let get Bluff|55\/100\n|-damage|p2a: Let get Bluff|34\/100\n|-damage|p2a: Let get Bluff|12\/100\n|-damage|p2a: Let get Bluff|0 fnt\n|-hitcount|p2a: Let get Bluff|5\n|faint|p2a: Let get Bluff\n|\n|upkeep\n|\n|switch|p2a: Tapu Koko|Tapu Koko|65\/100\n|-fieldstart|move: Electric Terrain|[from] ability: Electric Surge|[of] p2a: Tapu Koko\n|turn|15\n|\n|switch|p2a: Hey|Ferrothorn, M|100\/100\n|move|p1a: Cloyster|Icicle Spear|p2a: Hey\n|-damage|p2a: Hey|87\/100\n|-damage|p2a: Hey|72\/100\n|-damage|p2a: Hey|58\/100\n|-damage|p2a: Hey|45\/100\n|-damage|p2a: Hey|29\/100\n|-hitcount|p2a: Hey|5\n|\n|-heal|p2a: Hey|35\/100|[from] item: Leftovers\n|upkeep\n|turn|16\n|\n|move|p1a: Cloyster|Icicle Spear|p2a: Hey\n|-damage|p2a: Hey|21\/100\n|-damage|p2a: Hey|7\/100\n|-damage|p2a: Hey|0 fnt\n|-hitcount|p2a: Hey|3\n|faint|p2a: Hey\n|\n|upkeep\n|\n|switch|p2a: opy and PasteBirb|Hawlucha, M|100\/100\n|-enditem|p2a: opy and PasteBirb|Electric Seed\n|-boost|p2a: opy and PasteBirb|def|1\n|turn|17\n|\n|switch|p1a: Arcanine|Arcanine, M|100\/100\n|-ability|p1a: Arcanine|Intimidate|boost\n|-unboost|p2a: opy and PasteBirb|atk|1\n|move|p2a: opy and PasteBirb|High Jump Kick|p1a: Arcanine\n|-damage|p1a: Arcanine|72\/100\n|\n|-heal|p1a: Arcanine|79\/100|[from] item: Leftovers\n|upkeep\n|turn|18\n|\n|switch|p2a: Nappy is trash|Pelipper, M|58\/100\n|-weather|RainDance|[from] ability: Drizzle|[of] p2a: Nappy is trash\n|move|p1a: Arcanine|Will-O-Wisp|p2a: Nappy is trash|[miss]\n|-miss|p1a: Arcanine|p2a: Nappy is trash\n|\n|-weather|RainDance|[upkeep]\n|-heal|p1a: Arcanine|85\/100|[from] item: Leftovers\n|upkeep\n|turn|19\n|\n|switch|p1a: Chansey|Chansey, F|50\/100\n|move|p2a: Nappy is trash|U-turn|p1a: Chansey\n|-damage|p1a: Chansey|45\/100\n|\n|switch|p2a: Tapu Koko|Tapu Koko|65\/100|[from]move: U-turn\n|\n|-weather|RainDance|[upkeep]\n|-fieldend|move: Electric Terrain\n|upkeep\n|turn|20\n|\n|move|p2a: Tapu Koko|Taunt|p1a: Chansey\n|-start|p1a: Chansey|move: Taunt\n|move|p1a: Chansey|Seismic Toss|p2a: Tapu Koko\n|-damage|p2a: Tapu Koko|29\/100\n|\n|-weather|RainDance|[upkeep]\n|upkeep\n|turn|21\n|\n|move|p2a: Tapu Koko|Volt Switch|p1a: Chansey\n|-damage|p1a: Chansey|36\/100\n|\n|switch|p2a: Greninja|Greninja, M|100\/100|[from]move: Volt Switch\n|move|p1a: Chansey|Seismic Toss|p2a: Greninja\n|-damage|p2a: Greninja|65\/100\n|\n|-weather|RainDance|[upkeep]\n|upkeep\n|turn|22\n|\n|switch|p1a: Venusaur|Venusaur-Mega, F|60\/100\n|move|p2a: Greninja|Low Kick|p1a: Venusaur\n|-start|p2a: Greninja|typechange|Fighting|[from] ability: Protean\n|-resisted|p1a: Venusaur\n|-damage|p1a: Venusaur|47\/100\n|\n|-weather|none\n|upkeep\n|turn|23\n|\n|-zpower|p2a: Greninja\n|move|p2a: Greninja|Tectonic Rage|p1a: Venusaur|[zeffect]\n|-start|p2a: Greninja|typechange|Ground|[from] ability: Protean\n|-damage|p1a: Venusaur|5\/100\n|move|p1a: Venusaur|Giga Drain|p2a: Greninja\n|-supereffective|p2a: Greninja\n|-damage|p2a: Greninja|0 fnt\n|-heal|p1a: Venusaur|30\/100|[from] drain|[of] p2a: Greninja\n|faint|p2a: Greninja\n|\n|upkeep\n|\n|switch|p2a: opy and PasteBirb|Hawlucha, M|100\/100\n|turn|24\n|\n|move|p2a: opy and PasteBirb|Acrobatics|p1a: Venusaur\n|-supereffective|p1a: Venusaur\n|-damage|p1a: Venusaur|0 fnt\n|faint|p1a: Venusaur\n|\n|upkeep\n|\n|switch|p1a: Arcanine|Arcanine, M|85\/100\n|-ability|p1a: Arcanine|Intimidate|boost\n|-unboost|p2a: opy and PasteBirb|atk|1\n|turn|25\n|\n|switch|p2a: Nappy is trash|Pelipper, M|58\/100\n|-weather|RainDance|[from] ability: Drizzle|[of] p2a: Nappy is trash\n|switch|p1a: Cloyster|Cloyster, F, shiny|73\/100\n|\n|-weather|RainDance|[upkeep]\n|upkeep\n|turn|26\n|\n|move|p1a: Cloyster|Icicle Spear|p2a: Nappy is trash\n|-damage|p2a: Nappy is trash|48\/100\n|-damage|p2a: Nappy is trash|37\/100\n|-damage|p2a: Nappy is trash|27\/100\n|-damage|p2a: Nappy is trash|17\/100\n|-damage|p2a: Nappy is trash|5\/100\n|-hitcount|p2a: Nappy is trash|5\n|move|p2a: Nappy is trash|Scald|p1a: Cloyster\n|-resisted|p1a: Cloyster\n|-damage|p1a: Cloyster|18\/100\n|\n|-weather|RainDance|[upkeep]\n|upkeep\n|turn|27\n|\n|move|p1a: Cloyster|Icicle Spear|p2a: Nappy is trash\n|-damage|p2a: Nappy is trash|0 fnt\n|-hitcount|p2a: Nappy is trash|1\n|faint|p2a: Nappy is trash\n|\n|-weather|RainDance|[upkeep]\n|upkeep\n|\n|switch|p2a: Tapu Koko|Tapu Koko|29\/100\n|-fieldstart|move: Electric Terrain|[from] ability: Electric Surge|[of] p2a: Tapu Koko\n|turn|28\n|\n|move|p1a: Cloyster|Ice Shard|p2a: Tapu Koko\n|-damage|p2a: Tapu Koko|2\/100\n|move|p2a: Tapu Koko|Dazzling Gleam|p1a: Cloyster\n|-damage|p1a: Cloyster|0 fnt\n|faint|p1a: Cloyster\n|\n|-weather|RainDance|[upkeep]\n|upkeep\n|\n|switch|p1a: Peekachu|Mimikyu, F|100\/100\n|turn|29\n|\n|move|p1a: Peekachu|Shadow Sneak|p2a: Tapu Koko\n|-damage|p2a: Tapu Koko|0 fnt\n|faint|p2a: Tapu Koko\n|\n|-weather|none\n|upkeep\n|\n|switch|p2a: opy and PasteBirb|Hawlucha, M|100\/100\n|turn|30\n|\n|-zpower|p1a: Peekachu\n|move|p1a: Peekachu|Let's Snuggle Forever|p2a: opy and PasteBirb|[zeffect]\n|-supereffective|p2a: opy and PasteBirb\n|-damage|p2a: opy and PasteBirb|0 fnt\n|faint|p2a: opy and PasteBirb\n|\n|win|Gen1nur\n|raw|Gen1nur's rating: 1608 &rarr; <strong>1630<\/strong><br \/>(+22 for winning)\n|raw|Ban lando t guy jk's rating: 1631 &rarr; <strong>1610<\/strong><br \/>(-21 for losing)\n|l|\u2606Ban lando t guy jk\n","uploadtime":1564019909,"views":11,"p1id":"gen1nur","p2id":"banlandotguyjk","formatid":"gen7ou","rating":1610,"private":0,"password":null}