{"id":"gen7ou-1394566031","p1":"ppooi","p2":"Therockcena","format":"gen7ou","log":"|j|\u2606ppooi\n|j|\u2606Therockcena\n|t:|1628697049\n|gametype|singles\n|player|p1|ppooi|265|1406\n|player|p2|Therockcena|1|1458\n|teamsize|p1|6\n|teamsize|p2|6\n|gen|7\n|tier|[Gen 7] OU\n|rated|\n|rule|Sleep Clause Mod: Limit one foe put to sleep\n|rule|Species Clause: Limit one of each Pok\u00e9mon\n|rule|OHKO Clause: OHKO moves are banned\n|rule|Moody Clause: Moody is banned\n|rule|Evasion Moves Clause: Evasion moves are banned\n|rule|Endless Battle Clause: Forcing endless battles is banned\n|rule|HP Percentage Mod: HP is shown in percentages\n|clearpoke\n|poke|p1|Flareon, F|item\n|poke|p1|Charizard, M|item\n|poke|p1|Whimsicott, M|item\n|poke|p1|Alomomola, M|item\n|poke|p1|Excadrill, F|item\n|poke|p1|Greninja, M|item\n|poke|p2|Victini|item\n|poke|p2|Kyurem-Black|item\n|poke|p2|Zapdos|item\n|poke|p2|Tapu Koko|item\n|poke|p2|Charizard, F|item\n|poke|p2|Tornadus-Therian, M|item\n|teampreview\n|\n|t:|1628697056\n|start\n|switch|p1a: Greninja|Greninja, M|100\/100\n|switch|p2a: Charizard|Charizard, F|100\/100\n|turn|1\n|inactive|Battle timer is ON: inactive players will automatically lose when time's up. (requested by Therockcena)\n|\n|t:|1628697067\n|detailschange|p2a: Charizard|Charizard-Mega-Y, F\n|-mega|p2a: Charizard|Charizard|Charizardite Y\n|-weather|SunnyDay|[from] ability: Drought|[of] p2a: Charizard\n|move|p1a: Greninja|Hydro Pump|p2a: Charizard|[miss]\n|-start|p1a: Greninja|typechange|Water|[from] ability: Protean\n|-miss|p1a: Greninja|p2a: Charizard\n|move|p2a: Charizard|Solar Beam||[still]\n|-prepare|p2a: Charizard|Solar Beam\n|-anim|p2a: Charizard|Solar Beam|p1a: Greninja\n|-supereffective|p1a: Greninja\n|-damage|p1a: Greninja|0 fnt\n|faint|p1a: Greninja\n|\n|-weather|SunnyDay|[upkeep]\n|upkeep\n|\n|t:|1628697077\n|switch|p1a: Charizard|Charizard, M|100\/100\n|turn|2\n|c|\u2606Therockcena|glhf\n|\n|t:|1628697085\n|detailschange|p1a: Charizard|Charizard-Mega-Y, M\n|-mega|p1a: Charizard|Charizard|Charizardite Y\n|move|p2a: Charizard|Air Slash|p1a: Charizard|[miss]\n|-miss|p2a: Charizard|p1a: Charizard\n|move|p1a: Charizard|Flamethrower|p2a: Charizard\n|-resisted|p2a: Charizard\n|-damage|p2a: Charizard|62\/100\n|\n|-weather|SunnyDay|[upkeep]\n|upkeep\n|turn|3\n|\n|t:|1628697091\n|switch|p1a: Excadrill|Excadrill, F|100\/100\n|-ability|p1a: Excadrill|Mold Breaker\n|move|p2a: Charizard|Air Slash|p1a: Excadrill\n|-resisted|p1a: Excadrill\n|-damage|p1a: Excadrill|84\/100\n|\n|-weather|SunnyDay|[upkeep]\n|upkeep\n|turn|4\n|\n|t:|1628697093\n|switch|p1a: Flareon|Flareon, F|100\/100\n|move|p2a: Charizard|Flamethrower|p1a: Flareon\n|-start|p1a: Flareon|ability: Flash Fire\n|\n|-weather|SunnyDay|[upkeep]\n|upkeep\n|turn|5\n|\n|t:|1628697097\n|move|p2a: Charizard|Air Slash|p1a: Flareon\n|-damage|p1a: Flareon|57\/100\n|cant|p1a: Flareon|flinch\n|\n|-weather|none\n|upkeep\n|turn|6\n|\n|t:|1628697103\n|switch|p2a: Tornadus|Tornadus-Therian, M|100\/100\n|move|p1a: Flareon|Flare Blitz|p2a: Tornadus\n|-damage|p2a: Tornadus|0 fnt\n|faint|p2a: Tornadus\n|-damage|p1a: Flareon|22\/100|[from] Recoil\n|\n|upkeep\n|\n|t:|1628697106\n|switch|p2a: Victini|Victini|100\/100\n|turn|7\n|\n|t:|1628697113\n|move|p2a: Victini|V-create|p1a: Flareon\n|-immune|p1a: Flareon|[from] ability: Flash Fire\n|move|p1a: Flareon|Flare Blitz|p2a: Victini\n|-resisted|p2a: Victini\n|-damage|p2a: Victini|19\/100\n|-damage|p1a: Flareon|0 fnt|[from] Recoil\n|faint|p1a: Flareon\n|\n|upkeep\n|\n|t:|1628697121\n|switch|p1a: Alomomola|Alomomola, M|100\/100\n|turn|8\n|inactive|Therockcena has 120 seconds left.\n|\n|t:|1628697177\n|switch|p2a: Tapu Koko|Tapu Koko|100\/100\n|-fieldstart|move: Electric Terrain|[from] ability: Electric Surge|[of] p2a: Tapu Koko\n|move|p1a: Alomomola|Toxic|p2a: Tapu Koko\n|-status|p2a: Tapu Koko|tox\n|\n|-damage|p2a: Tapu Koko|94\/100 tox|[from] psn\n|upkeep\n|turn|9\n|\n|t:|1628697186\n|switch|p2a: Charizard|Charizard-Mega-Y, F|62\/100\n|-weather|SunnyDay|[from] ability: Drought|[of] p2a: Charizard\n|move|p1a: Alomomola|Protect||[still]\n|-fail|p1a: Alomomola\n|\n|-weather|SunnyDay|[upkeep]\n|upkeep\n|turn|10\n|\n|t:|1628697192\n|move|p1a: Alomomola|Protect|p1a: Alomomola\n|-singleturn|p1a: Alomomola|Protect\n|move|p2a: Charizard|Solar Beam||[still]\n|-prepare|p2a: Charizard|Solar Beam\n|-anim|p2a: Charizard|Solar Beam|p1a: Alomomola\n|-activate|p1a: Alomomola|move: Protect\n|\n|-weather|SunnyDay|[upkeep]\n|upkeep\n|turn|11\n|\n|t:|1628697198\n|move|p2a: Charizard|Air Slash|p1a: Alomomola\n|-damage|p1a: Alomomola|45\/100\n|move|p1a: Alomomola|Toxic|p2a: Charizard\n|-status|p2a: Charizard|tox\n|\n|-weather|SunnyDay|[upkeep]\n|-heal|p1a: Alomomola|52\/100|[from] item: Leftovers\n|-damage|p2a: Charizard|56\/100 tox|[from] psn\n|upkeep\n|turn|12\n|\n|t:|1628697202\n|move|p1a: Alomomola|Protect|p1a: Alomomola\n|-singleturn|p1a: Alomomola|Protect\n|move|p2a: Charizard|Flamethrower|p1a: Alomomola\n|-activate|p1a: Alomomola|move: Protect\n|\n|-weather|SunnyDay|[upkeep]\n|-heal|p1a: Alomomola|58\/100|[from] item: Leftovers\n|-damage|p2a: Charizard|44\/100 tox|[from] psn\n|-fieldend|move: Electric Terrain\n|upkeep\n|turn|13\n|\n|t:|1628697208\n|switch|p1a: Charizard|Charizard-Mega-Y, M|100\/100\n|move|p2a: Charizard|Solar Beam||[still]\n|-prepare|p2a: Charizard|Solar Beam\n|-anim|p2a: Charizard|Solar Beam|p1a: Charizard\n|-resisted|p1a: Charizard\n|-damage|p1a: Charizard|89\/100\n|\n|-weather|none\n|-damage|p2a: Charizard|26\/100 tox|[from] psn\n|upkeep\n|turn|14\n|\n|t:|1628697216\n|move|p2a: Charizard|Air Slash|p1a: Charizard\n|-damage|p1a: Charizard|42\/100\n|move|p1a: Charizard|Flamethrower|p2a: Charizard\n|-resisted|p2a: Charizard\n|-damage|p2a: Charizard|0 fnt\n|faint|p2a: Charizard\n|\n|upkeep\n|\n|t:|1628697227\n|switch|p2a: Tapu Koko|Tapu Koko|94\/100 tox\n|-fieldstart|move: Electric Terrain|[from] ability: Electric Surge|[of] p2a: Tapu Koko\n|turn|15\n|\n|t:|1628697231\n|switch|p2a: Victini|Victini|19\/100\n|move|p1a: Charizard|Roost|p1a: Charizard\n|-heal|p1a: Charizard|92\/100\n|-singleturn|p1a: Charizard|move: Roost\n|\n|upkeep\n|turn|16\n|\n|t:|1628697236\n|switch|p1a: Excadrill|Excadrill, F|84\/100\n|-ability|p1a: Excadrill|Mold Breaker\n|move|p2a: Victini|Bolt Strike|p1a: Excadrill\n|-immune|p1a: Excadrill\n|\n|upkeep\n|turn|17\n|inactive|Therockcena has 120 seconds left.\n|\n|t:|1628697277\n|switch|p2a: Zapdos|Zapdos|100\/100\n|-ability|p2a: Zapdos|Pressure\n|switch|p1a: Whimsicott|Whimsicott, M|100\/100\n|\n|upkeep\n|turn|18\n|\n|t:|1628697282\n|move|p1a: Whimsicott|Light Screen|p1a: Whimsicott\n|-sidestart|p1: ppooi|move: Light Screen\n|move|p2a: Zapdos|Heat Wave|p1a: Whimsicott\n|-supereffective|p1a: Whimsicott\n|-damage|p1a: Whimsicott|68\/100\n|\n|-heal|p1a: Whimsicott|74\/100|[from] item: Leftovers\n|upkeep\n|turn|19\n|\n|t:|1628697287\n|move|p1a: Whimsicott|U-turn|p2a: Zapdos\n|-resisted|p2a: Zapdos\n|-damage|p2a: Zapdos|97\/100\n|\n|t:|1628697294\n|switch|p1a: Charizard|Charizard-Mega-Y, M|92\/100|[from]move: U-turn\n|-weather|SunnyDay|[from] ability: Drought|[of] p1a: Charizard\n|move|p2a: Zapdos|Toxic|p1a: Charizard\n|-status|p1a: Charizard|tox\n|\n|-weather|SunnyDay|[upkeep]\n|-heal|p2a: Zapdos|100\/100|[from] item: Leftovers\n|-damage|p1a: Charizard|86\/100 tox|[from] psn\n|-fieldend|move: Electric Terrain\n|upkeep\n|turn|20\n|inactive|Therockcena has 120 seconds left.\n|\n|t:|1628697316\n|move|p1a: Charizard|Flamethrower|p2a: Zapdos\n|-damage|p2a: Zapdos|15\/100\n|move|p2a: Zapdos|Roost|p2a: Zapdos\n|-heal|p2a: Zapdos|65\/100\n|-singleturn|p2a: Zapdos|move: Roost\n|\n|-weather|SunnyDay|[upkeep]\n|-heal|p2a: Zapdos|71\/100|[from] item: Leftovers\n|-damage|p1a: Charizard|74\/100 tox|[from] psn\n|upkeep\n|turn|21\n|\n|t:|1628697322\n|switch|p2a: Kyurem|Kyurem-Black|100\/100\n|-ability|p2a: Kyurem|Teravolt\n|move|p1a: Charizard|Flamethrower|p2a: Kyurem\n|-damage|p2a: Kyurem|20\/100\n|\n|-weather|SunnyDay|[upkeep]\n|-damage|p1a: Charizard|55\/100 tox|[from] psn\n|upkeep\n|turn|22\n|\n|t:|1628697326\n|move|p2a: Kyurem|Ice Beam|p1a: Charizard\n|-damage|p1a: Charizard|39\/100 tox\n|move|p1a: Charizard|Flamethrower|p2a: Kyurem\n|-damage|p2a: Kyurem|0 fnt\n|faint|p2a: Kyurem\n|\n|-weather|SunnyDay|[upkeep]\n|-damage|p1a: Charizard|15\/100 tox|[from] psn\n|-sideend|p1: ppooi|move: Light Screen\n|upkeep\n|\n|t:|1628697332\n|switch|p2a: Victini|Victini|19\/100\n|turn|23\n|\n|t:|1628697341\n|switch|p1a: Alomomola|Alomomola, M|91\/100\n|move|p2a: Victini|V-create|p1a: Alomomola\n|-resisted|p1a: Alomomola\n|-damage|p1a: Alomomola|58\/100\n|-unboost|p2a: Victini|spe|1\n|-unboost|p2a: Victini|def|1\n|-unboost|p2a: Victini|spd|1\n|\n|-weather|none\n|-heal|p1a: Alomomola|64\/100|[from] item: Leftovers\n|upkeep\n|turn|24\n|inactive|Therockcena has 120 seconds left.\n|\n|t:|1628697371\n|switch|p2a: Zapdos|Zapdos|71\/100\n|-ability|p2a: Zapdos|Pressure\n|move|p1a: Alomomola|Toxic|p2a: Zapdos\n|-status|p2a: Zapdos|tox\n|\n|-heal|p2a: Zapdos|77\/100 tox|[from] item: Leftovers\n|-heal|p1a: Alomomola|71\/100|[from] item: Leftovers\n|-damage|p2a: Zapdos|71\/100 tox|[from] psn\n|upkeep\n|turn|25\n|\n|t:|1628697385\n|move|p2a: Zapdos|Toxic|p1a: Alomomola\n|-status|p1a: Alomomola|tox\n|move|p1a: Alomomola|Scald|p2a: Zapdos\n|-damage|p2a: Zapdos|58\/100 tox\n|\n|-heal|p2a: Zapdos|65\/100 tox|[from] item: Leftovers\n|-heal|p1a: Alomomola|77\/100 tox|[from] item: Leftovers\n|-damage|p2a: Zapdos|52\/100 tox|[from] psn\n|-damage|p1a: Alomomola|71\/100 tox|[from] psn\n|upkeep\n|turn|26\n|\n|t:|1628697400\n|switch|p2a: Tapu Koko|Tapu Koko|94\/100 tox\n|-fieldstart|move: Electric Terrain|[from] ability: Electric Surge|[of] p2a: Tapu Koko\n|switch|p1a: Excadrill|Excadrill, F|84\/100\n|-ability|p1a: Excadrill|Mold Breaker\n|\n|-damage|p2a: Tapu Koko|88\/100 tox|[from] psn\n|upkeep\n|turn|27\n|\n|t:|1628697411\n|switch|p2a: Victini|Victini|19\/100\n|switch|p1a: Whimsicott|Whimsicott, M|74\/100\n|\n|-heal|p1a: Whimsicott|80\/100|[from] item: Leftovers\n|upkeep\n|turn|28\n|\n|t:|1628697423\n|move|p1a: Whimsicott|Light Screen|p1a: Whimsicott\n|-sidestart|p1: ppooi|move: Light Screen\n|move|p2a: Victini|V-create|p1a: Whimsicott\n|-supereffective|p1a: Whimsicott\n|-damage|p1a: Whimsicott|0 fnt\n|-unboost|p2a: Victini|spe|1\n|-unboost|p2a: Victini|def|1\n|-unboost|p2a: Victini|spd|1\n|faint|p1a: Whimsicott\n|\n|upkeep\n|\n|t:|1628697431\n|switch|p1a: Charizard|Charizard-Mega-Y, M|15\/100 tox\n|-weather|SunnyDay|[from] ability: Drought|[of] p1a: Charizard\n|turn|29\n|\n|t:|1628697434\n|move|p1a: Charizard|Flamethrower|p2a: Victini\n|-resisted|p2a: Victini\n|-damage|p2a: Victini|0 fnt\n|faint|p2a: Victini\n|\n|-weather|SunnyDay|[upkeep]\n|-damage|p1a: Charizard|9\/100 tox|[from] psn\n|upkeep\n|\n|t:|1628697441\n|switch|p2a: Tapu Koko|Tapu Koko|88\/100 tox\n|turn|30\n|\n|t:|1628697447\n|switch|p1a: Excadrill|Excadrill, F|84\/100\n|-ability|p1a: Excadrill|Mold Breaker\n|move|p2a: Tapu Koko|Dazzling Gleam|p1a: Excadrill\n|-resisted|p1a: Excadrill\n|-damage|p1a: Excadrill|77\/100\n|\n|-weather|SunnyDay|[upkeep]\n|-damage|p2a: Tapu Koko|82\/100 tox|[from] psn\n|-fieldend|move: Electric Terrain\n|upkeep\n|turn|31\n|\n|t:|1628697455\n|switch|p2a: Zapdos|Zapdos|52\/100 tox\n|-ability|p2a: Zapdos|Pressure\n|move|p1a: Excadrill|Earthquake|p2a: Zapdos\n|-immune|p2a: Zapdos\n|\n|-weather|SunnyDay|[upkeep]\n|-heal|p2a: Zapdos|58\/100 tox|[from] item: Leftovers\n|-damage|p2a: Zapdos|52\/100 tox|[from] psn\n|upkeep\n|turn|32\n|\n|t:|1628697460\n|switch|p1a: Alomomola|Alomomola, M|100\/100 tox\n|move|p2a: Zapdos|Roost|p2a: Zapdos\n|-heal|p2a: Zapdos|100\/100 tox\n|-singleturn|p2a: Zapdos|move: Roost\n|\n|-weather|SunnyDay|[upkeep]\n|-damage|p2a: Zapdos|88\/100 tox|[from] psn\n|-damage|p1a: Alomomola|94\/100 tox|[from] psn\n|-sideend|p1: ppooi|move: Light Screen\n|upkeep\n|turn|33\n|\n|t:|1628697473\n|switch|p2a: Tapu Koko|Tapu Koko|82\/100 tox\n|-fieldstart|move: Electric Terrain|[from] ability: Electric Surge|[of] p2a: Tapu Koko\n|move|p1a: Alomomola|Protect||[still]\n|-fail|p1a: Alomomola\n|\n|-weather|none\n|-heal|p1a: Alomomola|100\/100 tox|[from] item: Leftovers\n|-damage|p2a: Tapu Koko|76\/100 tox|[from] psn\n|-damage|p1a: Alomomola|88\/100 tox|[from] psn\n|upkeep\n|turn|34\n|\n|t:|1628697483\n|move|p1a: Alomomola|Protect|p1a: Alomomola\n|-singleturn|p1a: Alomomola|Protect\n|move|p2a: Tapu Koko|Dazzling Gleam|p1a: Alomomola\n|-activate|p1a: Alomomola|move: Protect\n|\n|-heal|p1a: Alomomola|94\/100 tox|[from] item: Leftovers\n|-damage|p2a: Tapu Koko|64\/100 tox|[from] psn\n|-damage|p1a: Alomomola|76\/100 tox|[from] psn\n|upkeep\n|turn|35\n|\n|t:|1628697496\n|switch|p2a: Zapdos|Zapdos|88\/100 tox\n|-ability|p2a: Zapdos|Pressure\n|switch|p1a: Excadrill|Excadrill, F|77\/100\n|-ability|p1a: Excadrill|Mold Breaker\n|\n|-heal|p2a: Zapdos|94\/100 tox|[from] item: Leftovers\n|-damage|p2a: Zapdos|88\/100 tox|[from] psn\n|upkeep\n|turn|36\n|\n|t:|1628697505\n|move|p2a: Zapdos|Heat Wave|p1a: Excadrill\n|-supereffective|p1a: Excadrill\n|-damage|p1a: Excadrill|39\/100\n|move|p1a: Excadrill|Facade|p2a: Zapdos\n|-damage|p2a: Zapdos|68\/100 tox\n|\n|-heal|p2a: Zapdos|74\/100 tox|[from] item: Leftovers\n|-damage|p2a: Zapdos|61\/100 tox|[from] psn\n|upkeep\n|turn|37\n|\n|t:|1628697514\n|move|p2a: Zapdos|Roost|p2a: Zapdos\n|-heal|p2a: Zapdos|100\/100 tox\n|-singleturn|p2a: Zapdos|move: Roost\n|move|p1a: Excadrill|Earthquake|p2a: Zapdos\n|-supereffective|p2a: Zapdos\n|-damage|p2a: Zapdos|13\/100 tox\n|\n|-heal|p2a: Zapdos|19\/100 tox|[from] item: Leftovers\n|-damage|p2a: Zapdos|0 fnt|[from] psn\n|faint|p2a: Zapdos\n|-fieldend|move: Electric Terrain\n|upkeep\n|\n|t:|1628697516\n|switch|p2a: Tapu Koko|Tapu Koko|64\/100 tox\n|-fieldstart|move: Electric Terrain|[from] ability: Electric Surge|[of] p2a: Tapu Koko\n|turn|38\n|-message|Therockcena forfeited.\n|\n|win|ppooi\n|raw|ppooi's rating: 1406 &rarr; <strong>1429<\/strong><br \/>(+23 for winning)\n|raw|Therockcena's rating: 1457 &rarr; <strong>1434<\/strong><br \/>(-23 for losing)\n||Ladder isn't responding, score probably updated but might not have (Request timeout).\n","uploadtime":1628697549,"views":5,"p1id":"ppooi","p2id":"therockcena","formatid":"gen7ou","rating":1429,"private":0,"password":null}