{"id":"gen7ou-950703793","p1":"Ban lando t guy jk","p2":"A","format":"gen7ou","log":"|j|\u2606Ban lando t guy jk\n|j|\u2606A@!\n|player|p1|Ban lando t guy jk|164|1677\n|player|p2|A|clemont|1722\n|teamsize|p1|6\n|teamsize|p2|6\n|gametype|singles\n|gen|7\n|tier|[Gen 7] OU\n|rated|\n|rule|Sleep Clause Mod: Limit one foe put to sleep\n|rule|Species Clause: Limit one of each Pok\u00e9mon\n|rule|OHKO Clause: OHKO moves are banned\n|rule|Moody Clause: Moody is banned\n|rule|Evasion Moves Clause: Evasion moves are banned\n|rule|Endless Battle Clause: Forcing endless battles is banned\n|rule|HP Percentage Mod: HP is shown in percentages\n|clearpoke\n|poke|p1|Hawlucha, F|item\n|poke|p1|Ferrothorn, F|item\n|poke|p1|Pelipper, M|item\n|poke|p1|Tapu Koko|item\n|poke|p1|Swampert, F|item\n|poke|p1|Kartana|item\n|poke|p2|Greninja, M|item\n|poke|p2|Landorus-Therian, M|item\n|poke|p2|Magearna|item\n|poke|p2|Infernape, F|item\n|poke|p2|Lopunny, F|item\n|poke|p2|Tangrowth, F|item\n|teampreview\n|inactive|Battle timer is ON: inactive players will automatically lose when time's up. (requested by Ban lando t guy jk)\n|\n|start\n|switch|p1a: Birdman|Tapu Koko|100\/100\n|switch|p2a: Lopunny|Lopunny, F, shiny|100\/100\n|-fieldstart|move: Electric Terrain|[from] ability: Electric Surge|[of] p1a: Birdman\n|turn|1\n|\n|detailschange|p2a: Lopunny|Lopunny-Mega, F, shiny\n|-mega|p2a: Lopunny|Lopunny|Lopunnite\n|move|p2a: Lopunny|Fake Out|p1a: Birdman\n|-damage|p1a: Birdman|68\/100\n|cant|p1a: Birdman|flinch\n|\n|upkeep\n|turn|2\n|\n|move|p2a: Lopunny|Return|p1a: Birdman\n|-damage|p1a: Birdman|0 fnt\n|faint|p1a: Birdman\n|\n|upkeep\n|\n|switch|p1a: Kartana|Kartana|100\/100\n|turn|3\n|\n|switch|p2a: Landorus|Landorus-Therian, M|100\/100\n|-ability|p2a: Landorus|Intimidate|boost\n|-unboost|p1a: Kartana|atk|1\n|move|p1a: Kartana|Knock Off|p2a: Landorus\n|-damage|p2a: Landorus|76\/100\n|-enditem|p2a: Landorus|Leftovers|[from] move: Knock Off|[of] p1a: Kartana\n|\n|upkeep\n|turn|4\n|\n|switch|p1a: Hate rain :(|Ferrothorn, F|100\/100\n|move|p2a: Landorus|Stealth Rock|p1a: Hate rain :(\n|-sidestart|p1: Ban lando t guy jk|move: Stealth Rock\n|\n|upkeep\n|turn|5\n|\n|switch|p2a: Infernape|Infernape, F|100\/100\n|move|p1a: Hate rain :(|Stealth Rock|p2a: Infernape\n|-sidestart|p2: A|move: Stealth Rock\n|\n|-fieldend|move: Electric Terrain\n|upkeep\n|turn|6\n|\n|switch|p2a: Lopunny|Lopunny-Mega, F, shiny|100\/100\n|-damage|p2a: Lopunny|95\/100|[from] Stealth Rock\n|move|p1a: Hate rain :(|Spikes|p2a: Lopunny\n|-sidestart|p2: A|Spikes\n|\n|upkeep\n|turn|7\n|\n|switch|p1a: Copypaste|Hawlucha, F|100\/100\n|-damage|p1a: Copypaste|88\/100|[from] Stealth Rock\n|move|p2a: Lopunny|High Jump Kick|p1a: Copypaste\n|-resisted|p1a: Copypaste\n|-damage|p1a: Copypaste|42\/100\n|\n|upkeep\n|turn|8\n|\n|move|p2a: Lopunny|Return|p1a: Copypaste\n|-damage|p1a: Copypaste|0 fnt\n|faint|p1a: Copypaste\n|\n|upkeep\n|\n|switch|p1a: Kartana|Kartana|100\/100\n|-damage|p1a: Kartana|94\/100|[from] Stealth Rock\n|turn|9\n|\n|switch|p2a: Landorus|Landorus-Therian, M|76\/100\n|-damage|p2a: Landorus|64\/100|[from] Stealth Rock\n|-ability|p2a: Landorus|Intimidate|boost\n|-unboost|p1a: Kartana|atk|1\n|move|p1a: Kartana|Smart Strike|p2a: Landorus\n|-damage|p2a: Landorus|40\/100\n|\n|upkeep\n|turn|10\n|\n|switch|p1a: Hate rain :(|Ferrothorn, F|100\/100\n|-damage|p1a: Hate rain :(|94\/100|[from] Stealth Rock\n|move|p2a: Landorus|Defog|p1a: Hate rain :(\n|-unboost|p1a: Hate rain :(|evasion|1\n|-sideend|p1: Ban lando t guy jk|Stealth Rock|[from] move: Defog|[of] p2a: Landorus\n|-sideend|p2: A|Spikes|[from] move: Defog|[of] p2a: Landorus\n|-sideend|p2: A|Stealth Rock|[from] move: Defog|[of] p2a: Landorus\n|\n|-heal|p1a: Hate rain :(|100\/100|[from] item: Leftovers\n|upkeep\n|turn|11\n|\n|move|p2a: Landorus|Stealth Rock|p1a: Hate rain :(\n|-sidestart|p1: Ban lando t guy jk|move: Stealth Rock\n|move|p1a: Hate rain :(|Stealth Rock|p2a: Landorus\n|-sidestart|p2: A|move: Stealth Rock\n|\n|upkeep\n|turn|12\n|\n|move|p2a: Landorus|Earthquake|p1a: Hate rain :(\n|-damage|p1a: Hate rain :(|69\/100\n|move|p1a: Hate rain :(|Spikes|p2a: Landorus\n|-sidestart|p2: A|Spikes\n|\n|-heal|p1a: Hate rain :(|75\/100|[from] item: Leftovers\n|upkeep\n|turn|13\n|\n|move|p2a: Landorus|Earthquake|p1a: Hate rain :(\n|-damage|p1a: Hate rain :(|45\/100\n|move|p1a: Hate rain :(|Gyro Ball|p2a: Landorus\n|-damage|p2a: Landorus|2\/100\n|\n|-heal|p1a: Hate rain :(|52\/100|[from] item: Leftovers\n|upkeep\n|turn|14\n|\n|move|p2a: Landorus|Defog|p1a: Hate rain :(\n|-unboost|p1a: Hate rain :(|evasion|1\n|-sideend|p1: Ban lando t guy jk|Stealth Rock|[from] move: Defog|[of] p2a: Landorus\n|-sideend|p2: A|Spikes|[from] move: Defog|[of] p2a: Landorus\n|-sideend|p2: A|Stealth Rock|[from] move: Defog|[of] p2a: Landorus\n|move|p1a: Hate rain :(|Stealth Rock|p2a: Landorus\n|-sidestart|p2: A|move: Stealth Rock\n|\n|-heal|p1a: Hate rain :(|58\/100|[from] item: Leftovers\n|upkeep\n|turn|15\n|\n|move|p2a: Landorus|Defog|p1a: Hate rain :(\n|-unboost|p1a: Hate rain :(|evasion|1\n|-sideend|p2: A|Stealth Rock|[from] move: Defog|[of] p2a: Landorus\n|move|p1a: Hate rain :(|Spikes|p2a: Landorus\n|-sidestart|p2: A|Spikes\n|\n|-heal|p1a: Hate rain :(|64\/100|[from] item: Leftovers\n|upkeep\n|turn|16\n|\n|move|p2a: Landorus|Earthquake|p1a: Hate rain :(\n|-damage|p1a: Hate rain :(|35\/100\n|move|p1a: Hate rain :(|Stealth Rock|p2a: Landorus\n|-sidestart|p2: A|move: Stealth Rock\n|\n|-heal|p1a: Hate rain :(|41\/100|[from] item: Leftovers\n|upkeep\n|turn|17\n|\n|move|p2a: Landorus|Defog|p1a: Hate rain :(\n|-unboost|p1a: Hate rain :(|evasion|1\n|-sideend|p2: A|Spikes|[from] move: Defog|[of] p2a: Landorus\n|-sideend|p2: A|Stealth Rock|[from] move: Defog|[of] p2a: Landorus\n|move|p1a: Hate rain :(|Spikes|p2a: Landorus\n|-sidestart|p2: A|Spikes\n|\n|-heal|p1a: Hate rain :(|48\/100|[from] item: Leftovers\n|upkeep\n|turn|18\n|\n|move|p2a: Landorus|Stealth Rock|p1a: Hate rain :(\n|-sidestart|p1: Ban lando t guy jk|move: Stealth Rock\n|move|p1a: Hate rain :(|Stealth Rock|p2a: Landorus\n|-sidestart|p2: A|move: Stealth Rock\n|\n|-heal|p1a: Hate rain :(|54\/100|[from] item: Leftovers\n|upkeep\n|turn|19\n|\n|move|p2a: Landorus|Defog|p1a: Hate rain :(\n|-unboost|p1a: Hate rain :(|evasion|1\n|-sideend|p1: Ban lando t guy jk|Stealth Rock|[from] move: Defog|[of] p2a: Landorus\n|-sideend|p2: A|Spikes|[from] move: Defog|[of] p2a: Landorus\n|-sideend|p2: A|Stealth Rock|[from] move: Defog|[of] p2a: Landorus\n|move|p1a: Hate rain :(|Gyro Ball|p2a: Landorus\n|-damage|p2a: Landorus|0 fnt\n|faint|p2a: Landorus\n|\n|-heal|p1a: Hate rain :(|60\/100|[from] item: Leftovers\n|upkeep\n|\n|switch|p2a: Greninja|Greninja, M|100\/100\n|turn|20\n|\n|move|p2a: Greninja|Hidden Power|p1a: Hate rain :(\n|-start|p2a: Greninja|typechange|Fire|[from] ability: Protean\n|-supereffective|p1a: Hate rain :(\n|-damage|p1a: Hate rain :(|0 fnt\n|faint|p1a: Hate rain :(\n|\n|upkeep\n|\n|switch|p1a: Nappy love|Pelipper, M|100\/100\n|-weather|RainDance|[from] ability: Drizzle|[of] p1a: Nappy love\n|turn|21\n|\n|-zpower|p2a: Greninja\n|move|p2a: Greninja|Hydro Vortex|p1a: Nappy love|[zeffect]\n|-start|p2a: Greninja|typechange|Water|[from] ability: Protean\n|-resisted|p1a: Nappy love\n|-damage|p1a: Nappy love|35\/100\n|move|p1a: Nappy love|U-turn|p2a: Greninja\n|-damage|p2a: Greninja|84\/100\n|\n|switch|p1a: Kartana|Kartana|94\/100|[from]move: U-turn\n|\n|-weather|RainDance|[upkeep]\n|upkeep\n|turn|22\n|\n|switch|p2a: Magearna|Magearna|100\/100\n|move|p1a: Kartana|Smart Strike|p2a: Magearna\n|-damage|p2a: Magearna|70\/100\n|\n|-weather|RainDance|[upkeep]\n|upkeep\n|turn|23\n|\n|switch|p2a: Tangrowth|Tangrowth, F|100\/100\n|move|p1a: Kartana|Smart Strike|p2a: Tangrowth\n|-damage|p2a: Tangrowth|66\/100\n|\n|-weather|RainDance|[upkeep]\n|upkeep\n|turn|24\n|\n|move|p1a: Kartana|Smart Strike|p2a: Tangrowth\n|-damage|p2a: Tangrowth|33\/100\n|move|p2a: Tangrowth|Giga Drain|p1a: Kartana\n|-resisted|p1a: Kartana\n|-damage|p1a: Kartana|72\/100\n|-heal|p2a: Tangrowth|40\/100|[from] drain|[of] p1a: Kartana\n|\n|-weather|RainDance|[upkeep]\n|upkeep\n|turn|25\n|\n|switch|p2a: Infernape|Infernape, F|100\/100\n|move|p1a: Kartana|Smart Strike|p2a: Infernape\n|-resisted|p2a: Infernape\n|-damage|p2a: Infernape|63\/100\n|\n|-weather|RainDance|[upkeep]\n|upkeep\n|turn|26\n|\n|move|p1a: Kartana|Smart Strike|p2a: Infernape\n|-resisted|p2a: Infernape\n|-damage|p2a: Infernape|27\/100\n|move|p2a: Infernape|Close Combat|p1a: Kartana\n|-supereffective|p1a: Kartana\n|-damage|p1a: Kartana|0 fnt\n|-unboost|p2a: Infernape|def|1\n|-unboost|p2a: Infernape|spd|1\n|faint|p1a: Kartana\n|\n|-weather|RainDance|[upkeep]\n|upkeep\n|\n|switch|p1a: Swamp Thing|Swampert, F|100\/100\n|turn|27\n|\n|detailschange|p1a: Swamp Thing|Swampert-Mega, F\n|-mega|p1a: Swamp Thing|Swampert|Swampertite\n|move|p2a: Infernape|Close Combat|p1a: Swamp Thing\n|-damage|p1a: Swamp Thing|55\/100\n|-unboost|p2a: Infernape|def|1\n|-unboost|p2a: Infernape|spd|1\n|move|p1a: Swamp Thing|Power-Up Punch|p2a: Infernape\n|-crit|p2a: Infernape\n|-damage|p2a: Infernape|0 fnt\n|-boost|p1a: Swamp Thing|atk|1\n|faint|p2a: Infernape\n|\n|-weather|RainDance|[upkeep]\n|upkeep\n|\n|switch|p2a: Lopunny|Lopunny-Mega, F, shiny|95\/100\n|turn|28\n|\n|move|p2a: Lopunny|Fake Out|p1a: Swamp Thing\n|-damage|p1a: Swamp Thing|34\/100\n|cant|p1a: Swamp Thing|flinch\n|\n|-weather|none\n|upkeep\n|turn|29\n|\n|switch|p2a: Magearna|Magearna|70\/100\n|switch|p1a: Nappy love|Pelipper, M|35\/100\n|-weather|RainDance|[from] ability: Drizzle|[of] p1a: Nappy love\n|\n|-weather|RainDance|[upkeep]\n|upkeep\n|turn|30\n|\n|move|p2a: Magearna|Fleur Cannon|p1a: Nappy love\n|-damage|p1a: Nappy love|0 fnt\n|-unboost|p2a: Magearna|spa|2\n|faint|p1a: Nappy love\n|-ability|p2a: Magearna|Soul-Heart|boost\n|-boost|p2a: Magearna|spa|1\n|\n|-weather|RainDance|[upkeep]\n|upkeep\n|\n|switch|p1a: Swamp Thing|Swampert-Mega, F|34\/100\n|turn|31\n|\n|switch|p2a: Tangrowth|Tangrowth, F|73\/100\n|move|p1a: Swamp Thing|Ice Punch|p2a: Tangrowth\n|-supereffective|p2a: Tangrowth\n|-damage|p2a: Tangrowth|32\/100\n|\n|-weather|RainDance|[upkeep]\n|upkeep\n|turn|32\n|\n|switch|p2a: Magearna|Magearna|70\/100\n|move|p1a: Swamp Thing|Power-Up Punch|p2a: Magearna\n|-damage|p2a: Magearna|58\/100\n|-boost|p1a: Swamp Thing|atk|1\n|\n|-weather|RainDance|[upkeep]\n|upkeep\n|turn|33\n|\n|switch|p2a: Tangrowth|Tangrowth, F|65\/100\n|move|p1a: Swamp Thing|Waterfall|p2a: Tangrowth\n|-resisted|p2a: Tangrowth\n|-damage|p2a: Tangrowth|22\/100\n|\n|-weather|RainDance|[upkeep]\n|upkeep\n|turn|34\n|\n|switch|p2a: Magearna|Magearna|58\/100\n|move|p1a: Swamp Thing|Waterfall|p2a: Magearna\n|-damage|p2a: Magearna|0 fnt\n|faint|p2a: Magearna\n|\n|-weather|RainDance|[upkeep]\n|upkeep\n|\n|switch|p2a: Lopunny|Lopunny-Mega, F, shiny|95\/100\n|turn|35\n|\n|move|p2a: Lopunny|Fake Out|p1a: Swamp Thing\n|-damage|p1a: Swamp Thing|15\/100\n|cant|p1a: Swamp Thing|flinch\n|\n|-weather|RainDance|[upkeep]\n|upkeep\n|turn|36\n|\n|switch|p2a: Tangrowth|Tangrowth, F|55\/100\n|move|p1a: Swamp Thing|Waterfall|p2a: Tangrowth\n|-resisted|p2a: Tangrowth\n|-damage|p2a: Tangrowth|15\/100\n|\n|-weather|none\n|upkeep\n|turn|37\n|\n|move|p1a: Swamp Thing|Ice Punch|p2a: Tangrowth\n|-supereffective|p2a: Tangrowth\n|-damage|p2a: Tangrowth|0 fnt\n|faint|p2a: Tangrowth\n|\n|upkeep\n|\n|switch|p2a: Greninja|Greninja, M|84\/100\n|turn|38\n|\n|move|p2a: Greninja|Ice Beam|p1a: Swamp Thing\n|-start|p2a: Greninja|typechange|Ice|[from] ability: Protean\n|-damage|p1a: Swamp Thing|0 fnt\n|faint|p1a: Swamp Thing\n|\n|win|A\n","uploadtime":1564114000,"views":17,"p1id":"banlandotguyjk","p2id":"a","formatid":"gen7ou","rating":0,"private":0,"password":null}