{"id":"gen7ou-1669944213","p1":"isGamelion","p2":"bizarman","format":"gen7ou","log":"|j|\u2606isGamelion\n|j|\u2606bizarman\n|t:|1664114594\n|gametype|singles\n|player|p1|isGamelion|gambler|1467\n|player|p2|bizarman|scientist-gen4|1516\n|teamsize|p1|6\n|teamsize|p2|6\n|gen|7\n|tier|[Gen 7] OU\n|rated|\n|rule|Sleep Clause Mod: Limit one foe put to sleep\n|rule|Species Clause: Limit one of each Pok\u00e9mon\n|rule|OHKO Clause: OHKO moves are banned\n|rule|Moody Clause: Moody is banned\n|rule|Evasion Items Clause: Evasion items are banned\n|rule|Evasion Moves Clause: Evasion moves are banned\n|rule|Endless Battle Clause: Forcing endless battles is banned\n|rule|HP Percentage Mod: HP is shown in percentages\n|clearpoke\n|poke|p1|Medicham, F|item\n|poke|p1|Landorus-Therian, M|item\n|poke|p1|Heatran, F|item\n|poke|p1|Tangrowth, M|item\n|poke|p1|Tapu Lele|item\n|poke|p1|Rotom-Wash|item\n|poke|p2|Kyurem-Black|item\n|poke|p2|Tapu Koko|item\n|poke|p2|Heatran, F|item\n|poke|p2|Scizor, M|item\n|poke|p2|Greninja, M|item\n|poke|p2|Landorus-Therian, M|item\n|teampreview\n|c|\u2606isGamelion|Nice team bro\n|c|\u2606bizarman|ty\n|c|\u2606isGamelion|Finally not a rain\n|c|\u2606bizarman|lol\n|\n|t:|1664114632\n|start\n|switch|p1a: Landorus|Landorus-Therian, M|100\/100\n|switch|p2a: Tapu Koko|Tapu Koko|100\/100\n|-fieldstart|move: Electric Terrain|[from] ability: Electric Surge|[of] p2a: Tapu Koko\n|-ability|p1a: Landorus|Intimidate|boost\n|-unboost|p2a: Tapu Koko|atk|1\n|turn|1\n|inactive|Battle timer is ON: inactive players will automatically lose when time's up. (requested by bizarman)\n|\n|t:|1664114641\n|switch|p1a: Tangrowth|Tangrowth, M|100\/100\n|move|p2a: Tapu Koko|U-turn|p1a: Tangrowth\n|-supereffective|p1a: Tangrowth\n|-damage|p1a: Tangrowth|86\/100\n|\n|t:|1664114654\n|switch|p2a: Scizor|Scizor, M|100\/100|[from]move: U-turn\n|\n|upkeep\n|turn|2\n|\n|t:|1664114659\n|switch|p1a: Heatran|Heatran, F|100\/100\n|detailschange|p2a: Scizor|Scizor-Mega, M\n|-mega|p2a: Scizor|Scizor|Scizorite\n|move|p2a: Scizor|U-turn|p1a: Heatran\n|-resisted|p1a: Heatran\n|-crit|p1a: Heatran\n|-damage|p1a: Heatran|90\/100\n|\n|t:|1664114665\n|switch|p2a: Kyurem|Kyurem-Black|100\/100|[from]move: U-turn\n|-ability|p2a: Kyurem|Teravolt\n|\n|-heal|p1a: Heatran|96\/100|[from] item: Leftovers\n|upkeep\n|turn|3\n|\n|t:|1664114680\n|move|p1a: Heatran|Protect|p1a: Heatran\n|-singleturn|p1a: Heatran|Protect\n|move|p2a: Kyurem|Earth Power|p1a: Heatran\n|-activate|p1a: Heatran|move: Protect\n|\n|-heal|p1a: Heatran|100\/100|[from] item: Leftovers\n|upkeep\n|turn|4\n|\n|t:|1664114692\n|switch|p1a: Tapu Lele|Tapu Lele|100\/100\n|-fieldstart|move: Psychic Terrain|[from] ability: Psychic Surge|[of] p1a: Tapu Lele\n|move|p2a: Kyurem|Earth Power|p1a: Tapu Lele\n|-damage|p1a: Tapu Lele|76\/100\n|\n|upkeep\n|turn|5\n|\n|t:|1664114706\n|switch|p2a: Scizor|Scizor-Mega, M|100\/100\n|move|p1a: Tapu Lele|Psychic|p2a: Scizor\n|-resisted|p2a: Scizor\n|-damage|p2a: Scizor|66\/100\n|\n|upkeep\n|turn|6\n|\n|t:|1664114713\n|switch|p1a: Heatran|Heatran, F|100\/100\n|move|p2a: Scizor|U-turn|p1a: Heatran\n|-resisted|p1a: Heatran\n|-damage|p1a: Heatran|94\/100\n|\n|t:|1664114718\n|switch|p2a: Kyurem|Kyurem-Black|100\/100|[from]move: U-turn\n|-ability|p2a: Kyurem|Teravolt\n|\n|-heal|p1a: Heatran|99\/100|[from] item: Leftovers\n|upkeep\n|turn|7\n|\n|t:|1664114724\n|move|p1a: Heatran|Protect|p1a: Heatran\n|-singleturn|p1a: Heatran|Protect\n|move|p2a: Kyurem|Earth Power|p1a: Heatran\n|-activate|p1a: Heatran|move: Protect\n|\n|-heal|p1a: Heatran|100\/100|[from] item: Leftovers\n|upkeep\n|turn|8\n|\n|t:|1664114731\n|move|p2a: Kyurem|Fusion Bolt|p1a: Heatran\n|-damage|p1a: Heatran|62\/100\n|move|p1a: Heatran|Toxic|p2a: Kyurem\n|-status|p2a: Kyurem|tox\n|\n|-heal|p1a: Heatran|68\/100|[from] item: Leftovers\n|-damage|p2a: Kyurem|94\/100 tox|[from] psn\n|-fieldend|move: Psychic Terrain\n|upkeep\n|turn|9\n|\n|t:|1664114740\n|move|p1a: Heatran|Protect|p1a: Heatran\n|-singleturn|p1a: Heatran|Protect\n|move|p2a: Kyurem|Earth Power|p1a: Heatran\n|-activate|p1a: Heatran|move: Protect\n|\n|-heal|p1a: Heatran|74\/100|[from] item: Leftovers\n|-damage|p2a: Kyurem|82\/100 tox|[from] psn\n|upkeep\n|turn|10\n|\n|t:|1664114748\n|switch|p1a: Tangrowth|Tangrowth, M|100\/100\n|move|p2a: Kyurem|Fusion Bolt|p1a: Tangrowth\n|-resisted|p1a: Tangrowth\n|-damage|p1a: Tangrowth|85\/100\n|\n|-damage|p2a: Kyurem|64\/100 tox|[from] psn\n|upkeep\n|turn|11\n|\n|t:|1664114759\n|switch|p1a: Rotom|Rotom-Wash|100\/100\n|-zpower|p2a: Kyurem\n|move|p2a: Kyurem|Subzero Slammer|p1a: Rotom|[zeffect]\n|-resisted|p1a: Rotom\n|-damage|p1a: Rotom|32\/100\n|\n|-heal|p1a: Rotom|38\/100|[from] item: Leftovers\n|-damage|p2a: Kyurem|39\/100 tox|[from] psn\n|upkeep\n|turn|12\n|\n|t:|1664114772\n|switch|p1a: Tangrowth|Tangrowth, M|100\/100\n|move|p2a: Kyurem|Earth Power|p1a: Tangrowth\n|-resisted|p1a: Tangrowth\n|-damage|p1a: Tangrowth|93\/100\n|\n|-damage|p2a: Kyurem|8\/100 tox|[from] psn\n|upkeep\n|turn|13\n|\n|t:|1664114781\n|move|p2a: Kyurem|Fusion Bolt|p1a: Tangrowth\n|-resisted|p1a: Tangrowth\n|-crit|p1a: Tangrowth\n|-damage|p1a: Tangrowth|74\/100\n|move|p1a: Tangrowth|Giga Drain|p2a: Kyurem\n|-resisted|p2a: Kyurem\n|-damage|p2a: Kyurem|0 fnt\n|-heal|p1a: Tangrowth|77\/100|[from] drain|[of] p2a: Kyurem\n|faint|p2a: Kyurem\n|\n|upkeep\n|\n|t:|1664114790\n|switch|p2a: Scizor|Scizor-Mega, M|66\/100\n|turn|14\n|\n|t:|1664114796\n|switch|p1a: Heatran|Heatran, F|74\/100\n|move|p2a: Scizor|U-turn|p1a: Heatran\n|-resisted|p1a: Heatran\n|-damage|p1a: Heatran|67\/100\n|\n|t:|1664114801\n|switch|p2a: Greninja|Greninja, M|100\/100|[from]move: U-turn\n|\n|-heal|p1a: Heatran|73\/100|[from] item: Leftovers\n|upkeep\n|turn|15\n|\n|t:|1664114806\n|move|p1a: Heatran|Protect|p1a: Heatran\n|-singleturn|p1a: Heatran|Protect\n|move|p2a: Greninja|Spikes|p1a: Heatran\n|-sidestart|p1: isGamelion|Spikes\n|\n|-heal|p1a: Heatran|80\/100|[from] item: Leftovers\n|upkeep\n|turn|16\n|\n|t:|1664114815\n|switch|p2a: Heatran|Heatran, F|100\/100\n|move|p1a: Heatran|Magma Storm|p2a: Heatran\n|-start|p2a: Heatran|ability: Flash Fire\n|\n|-heal|p1a: Heatran|86\/100|[from] item: Leftovers\n|upkeep\n|turn|17\n|\n|t:|1664114823\n|switch|p1a: Rotom|Rotom-Wash|38\/100\n|move|p2a: Heatran|Earth Power|p1a: Rotom\n|-immune|p1a: Rotom|[from] ability: Levitate\n|\n|-heal|p1a: Rotom|44\/100|[from] item: Leftovers\n|upkeep\n|turn|18\n|\n|t:|1664114830\n|-end|p2a: Heatran|ability: Flash Fire|[silent]\n|switch|p2a: Tapu Koko|Tapu Koko|100\/100\n|-fieldstart|move: Electric Terrain|[from] ability: Electric Surge|[of] p2a: Tapu Koko\n|move|p1a: Rotom|Thunder Wave|p2a: Tapu Koko\n|-immune|p2a: Tapu Koko\n|\n|-heal|p1a: Rotom|50\/100|[from] item: Leftovers\n|upkeep\n|turn|19\n|\n|t:|1664114840\n|switch|p1a: Tangrowth|Tangrowth, M|100\/100\n|-damage|p1a: Tangrowth|88\/100|[from] Spikes\n|move|p2a: Tapu Koko|U-turn|p1a: Tangrowth\n|-supereffective|p1a: Tangrowth\n|-damage|p1a: Tangrowth|67\/100\n|\n|t:|1664114847\n|switch|p2a: Heatran|Heatran, F|100\/100|[from]move: U-turn\n|\n|upkeep\n|turn|20\n|\n|t:|1664114858\n|switch|p1a: Heatran|Heatran, F|86\/100\n|-damage|p1a: Heatran|73\/100|[from] Spikes\n|move|p2a: Heatran|Magma Storm|p1a: Heatran\n|-start|p1a: Heatran|ability: Flash Fire\n|\n|-heal|p1a: Heatran|80\/100|[from] item: Leftovers\n|upkeep\n|turn|21\n|\n|t:|1664114868\n|move|p2a: Heatran|Earth Power|p1a: Heatran\n|-supereffective|p1a: Heatran\n|-damage|p1a: Heatran|11\/100\n|move|p1a: Heatran|Earth Power|p2a: Heatran\n|-supereffective|p2a: Heatran\n|-damage|p2a: Heatran|13\/100\n|\n|-heal|p2a: Heatran|20\/100|[from] item: Leftovers\n|-heal|p1a: Heatran|17\/100|[from] item: Leftovers\n|upkeep\n|turn|22\n|\n|t:|1664114878\n|move|p1a: Heatran|Protect|p1a: Heatran\n|-singleturn|p1a: Heatran|Protect\n|move|p2a: Heatran|Earth Power|p1a: Heatran\n|-activate|p1a: Heatran|move: Protect\n|\n|-heal|p2a: Heatran|26\/100|[from] item: Leftovers\n|-heal|p1a: Heatran|24\/100|[from] item: Leftovers\n|-fieldend|move: Electric Terrain\n|upkeep\n|turn|23\n|\n|t:|1664114889\n|move|p2a: Heatran|Toxic|p1a: Heatran\n|-immune|p1a: Heatran\n|move|p1a: Heatran|Earth Power|p2a: Heatran\n|-supereffective|p2a: Heatran\n|-crit|p2a: Heatran\n|-damage|p2a: Heatran|0 fnt\n|faint|p2a: Heatran\n|\n|-heal|p1a: Heatran|30\/100|[from] item: Leftovers\n|upkeep\n|\n|t:|1664114897\n|switch|p2a: Greninja|Greninja, M|100\/100\n|turn|24\n|\n|t:|1664114901\n|move|p1a: Heatran|Protect|p1a: Heatran\n|-singleturn|p1a: Heatran|Protect\n|move|p2a: Greninja|Hydro Pump|p1a: Heatran\n|-activate|p1a: Heatran|move: Protect\n|\n|-heal|p1a: Heatran|36\/100|[from] item: Leftovers\n|upkeep\n|turn|25\n|\n|t:|1664114908\n|switch|p2a: Scizor|Scizor-Mega, M|66\/100\n|-end|p1a: Heatran|ability: Flash Fire|[silent]\n|switch|p1a: Tangrowth|Tangrowth, M|100\/100\n|-damage|p1a: Tangrowth|88\/100|[from] Spikes\n|\n|upkeep\n|turn|26\n|\n|t:|1664114917\n|move|p2a: Scizor|U-turn|p1a: Tangrowth\n|-supereffective|p1a: Tangrowth\n|-crit|p1a: Tangrowth\n|-damage|p1a: Tangrowth|12\/100\n|\n|t:|1664114922\n|switch|p2a: Landorus|Landorus-Therian, M|100\/100|[from]move: U-turn\n|-ability|p2a: Landorus|Intimidate|boost\n|-unboost|p1a: Tangrowth|atk|1\n|move|p1a: Tangrowth|Giga Drain|p2a: Landorus\n|-damage|p2a: Landorus|70\/100\n|-heal|p1a: Tangrowth|26\/100|[from] drain|[of] p2a: Landorus\n|\n|-heal|p2a: Landorus|76\/100|[from] item: Leftovers\n|upkeep\n|turn|27\n|\n|t:|1664114932\n|switch|p1a: Rotom|Rotom-Wash|50\/100\n|move|p2a: Landorus|Stealth Rock|p1a: Rotom\n|-sidestart|p1: isGamelion|move: Stealth Rock\n|\n|-heal|p2a: Landorus|82\/100|[from] item: Leftovers\n|-heal|p1a: Rotom|56\/100|[from] item: Leftovers\n|upkeep\n|turn|28\n|\n|t:|1664114940\n|switch|p2a: Tapu Koko|Tapu Koko|100\/100\n|-fieldstart|move: Electric Terrain|[from] ability: Electric Surge|[of] p2a: Tapu Koko\n|move|p1a: Rotom|Defog|p2a: Tapu Koko\n|-unboost|p2a: Tapu Koko|evasion|1\n|-sideend|p1: isGamelion|Spikes|[from] move: Defog|[of] p1a: Rotom\n|-sideend|p1: isGamelion|Stealth Rock|[from] move: Defog|[of] p1a: Rotom\n|\n|-heal|p1a: Rotom|62\/100|[from] item: Leftovers\n|upkeep\n|turn|29\n|\n|t:|1664114951\n|move|p2a: Tapu Koko|Dazzling Gleam|p1a: Rotom\n|-damage|p1a: Rotom|34\/100\n|move|p1a: Rotom|Volt Switch|p2a: Tapu Koko\n|-resisted|p2a: Tapu Koko\n|-damage|p2a: Tapu Koko|82\/100\n|\n|t:|1664114956\n|switch|p1a: Tangrowth|Tangrowth, M|59\/100|[from]move: Volt Switch\n|\n|upkeep\n|turn|30\n|\n|t:|1664114962\n|switch|p2a: Scizor|Scizor-Mega, M|66\/100\n|move|p1a: Tangrowth|Earthquake|p2a: Scizor\n|-damage|p2a: Scizor|52\/100\n|\n|upkeep\n|turn|31\n|\n|t:|1664114968\n|switch|p1a: Heatran|Heatran, F|36\/100\n|move|p2a: Scizor|U-turn|p1a: Heatran\n|-resisted|p1a: Heatran\n|-damage|p1a: Heatran|29\/100\n|\n|t:|1664114973\n|switch|p2a: Greninja|Greninja, M|100\/100|[from]move: U-turn\n|\n|-heal|p1a: Heatran|35\/100|[from] item: Leftovers\n|upkeep\n|turn|32\n|\n|t:|1664114979\n|move|p1a: Heatran|Protect|p1a: Heatran\n|-singleturn|p1a: Heatran|Protect\n|move|p2a: Greninja|Spikes|p1a: Heatran\n|-sidestart|p1: isGamelion|Spikes\n|\n|-heal|p1a: Heatran|41\/100|[from] item: Leftovers\n|-fieldend|move: Electric Terrain\n|upkeep\n|turn|33\n|\n|t:|1664114986\n|switch|p2a: Landorus|Landorus-Therian, M|82\/100\n|-ability|p2a: Landorus|Intimidate|boost\n|-unboost|p1a: Heatran|atk|1\n|move|p1a: Heatran|Magma Storm|p2a: Landorus\n|-damage|p2a: Landorus|39\/100\n|-activate|p2a: Landorus|move: Magma Storm|[of] p1a: Heatran\n|\n|-heal|p2a: Landorus|45\/100|[from] item: Leftovers\n|-heal|p1a: Heatran|47\/100|[from] item: Leftovers\n|-damage|p2a: Landorus|33\/100|[from] move: Magma Storm|[partiallytrapped]\n|upkeep\n|turn|34\n|\n|t:|1664114996\n|switch|p1a: Rotom|Rotom-Wash|34\/100\n|move|p2a: Landorus|Earthquake|p1a: Rotom\n|-immune|p1a: Rotom|[from] ability: Levitate\n|\n|-heal|p2a: Landorus|39\/100|[from] item: Leftovers\n|-heal|p1a: Rotom|40\/100|[from] item: Leftovers\n|-end|p2a: Landorus|Magma Storm|[partiallytrapped]|[silent]\n|upkeep\n|turn|35\n|\n|t:|1664115004\n|move|p2a: Landorus|U-turn|p1a: Rotom\n|-damage|p1a: Rotom|14\/100\n|\n|t:|1664115010\n|switch|p2a: Greninja|Greninja, M|100\/100|[from]move: U-turn\n|move|p1a: Rotom|Defog|p2a: Greninja\n|-unboost|p2a: Greninja|evasion|1\n|-sideend|p1: isGamelion|Spikes|[from] move: Defog|[of] p1a: Rotom\n|\n|-heal|p1a: Rotom|20\/100|[from] item: Leftovers\n|upkeep\n|turn|36\n|\n|t:|1664115018\n|switch|p1a: Tangrowth|Tangrowth, M|93\/100\n|move|p2a: Greninja|Dark Pulse|p1a: Tangrowth\n|-damage|p1a: Tangrowth|57\/100\n|\n|upkeep\n|turn|37\n|\n|t:|1664115025\n|switch|p2a: Scizor|Scizor-Mega, M|52\/100\n|move|p1a: Tangrowth|Giga Drain|p2a: Scizor\n|-resisted|p2a: Scizor\n|-damage|p2a: Scizor|46\/100\n|-heal|p1a: Tangrowth|60\/100|[from] drain|[of] p2a: Scizor\n|\n|upkeep\n|turn|38\n|\n|t:|1664115033\n|switch|p1a: Heatran|Heatran, F|47\/100\n|move|p2a: Scizor|U-turn|p1a: Heatran\n|-resisted|p1a: Heatran\n|-damage|p1a: Heatran|40\/100\n|\n|t:|1664115044\n|switch|p2a: Landorus|Landorus-Therian, M|39\/100|[from]move: U-turn\n|-ability|p2a: Landorus|Intimidate|boost\n|-unboost|p1a: Heatran|atk|1\n|\n|-heal|p2a: Landorus|45\/100|[from] item: Leftovers\n|-heal|p1a: Heatran|46\/100|[from] item: Leftovers\n|upkeep\n|turn|39\n|\n|t:|1664115051\n|move|p1a: Heatran|Protect|p1a: Heatran\n|-singleturn|p1a: Heatran|Protect\n|move|p2a: Landorus|Earthquake|p1a: Heatran\n|-activate|p1a: Heatran|move: Protect\n|\n|-heal|p2a: Landorus|51\/100|[from] item: Leftovers\n|-heal|p1a: Heatran|52\/100|[from] item: Leftovers\n|upkeep\n|turn|40\n|\n|t:|1664115063\n|move|p2a: Landorus|U-turn|p1a: Heatran\n|-resisted|p1a: Heatran\n|-damage|p1a: Heatran|48\/100\n|\n|t:|1664115066\n|switch|p2a: Greninja|Greninja, M|100\/100|[from]move: U-turn\n|move|p1a: Heatran|Magma Storm|p2a: Greninja\n|-resisted|p2a: Greninja\n|-damage|p2a: Greninja|64\/100\n|-activate|p2a: Greninja|move: Magma Storm|[of] p1a: Heatran\n|\n|-heal|p1a: Heatran|54\/100|[from] item: Leftovers\n|-damage|p2a: Greninja|52\/100|[from] move: Magma Storm|[partiallytrapped]\n|upkeep\n|turn|41\n|\n|t:|1664115076\n|move|p1a: Heatran|Protect|p1a: Heatran\n|-singleturn|p1a: Heatran|Protect\n|move|p2a: Greninja|Spikes|p1a: Heatran\n|-sidestart|p1: isGamelion|Spikes\n|\n|-heal|p1a: Heatran|60\/100|[from] item: Leftovers\n|-damage|p2a: Greninja|40\/100|[from] move: Magma Storm|[partiallytrapped]\n|upkeep\n|turn|42\n|-message|bizarman forfeited.\n|\n|win|isGamelion\n|raw|isGamelion's rating: 1467 &rarr; <strong>1490<\/strong><br \/>(+23 for winning)\n|raw|bizarman's rating: 1516 &rarr; <strong>1493<\/strong><br \/>(-23 for losing)\n|l|\u2606bizarman\n||Ladder isn't responding, score probably updated but might not have (Request timeout).\n","uploadtime":1664115089,"views":4,"p1id":"isgamelion","p2id":"bizarman","formatid":"gen7ou","rating":1490,"private":0,"password":null}