{"id":"gen7ou-1003274312","p1":"madness10","p2":"Sleepskating","format":"gen7ou","log":"|j|\u2606madness10\n|j|\u2606Sleepskating\n|player|p1|madness10|2|1624\n|player|p2|Sleepskating|lana|1602\n|teamsize|p1|6\n|teamsize|p2|6\n|gametype|singles\n|gen|7\n|tier|[Gen 7] OU\n|rated|\n|rule|Sleep Clause Mod: Limit one foe put to sleep\n|rule|Species Clause: Limit one of each Pok\u00e9mon\n|rule|OHKO Clause: OHKO moves are banned\n|rule|Moody Clause: Moody is banned\n|rule|Evasion Moves Clause: Evasion moves are banned\n|rule|Endless Battle Clause: Forcing endless battles is banned\n|rule|HP Percentage Mod: HP is shown in percentages\n|clearpoke\n|poke|p1|Kyurem-Black|item\n|poke|p1|Tapu Koko|item\n|poke|p1|Landorus-Therian, M|item\n|poke|p1|Medicham, M|item\n|poke|p1|Celesteela|item\n|poke|p1|Toxapex, F|item\n|poke|p2|Tapu Bulu|item\n|poke|p2|Camerupt, M|item\n|poke|p2|Magearna|item\n|poke|p2|Greninja, M|item\n|poke|p2|Cresselia, F|item\n|poke|p2|Celesteela|item\n|teampreview\n|j| eteteet\n|inactive|Battle timer is ON: inactive players will automatically lose when time's up. (requested by madness10)\n|c| eteteet|\u662f\u6070\u96f7\u59c6\n|j| Driho\n|\n|start\n|switch|p1a: Tapu Koko|Tapu Koko|100\/100\n|switch|p2a: Tapu Bulu|Tapu Bulu, shiny|100\/100\n|-fieldstart|move: Grassy Terrain|[from] ability: Grassy Surge|[of] p2a: Tapu Bulu\n|-fieldstart|move: Electric Terrain|[from] ability: Electric Surge|[of] p1a: Tapu Koko\n|turn|1\n|j| Wutangclan93\n|\n|switch|p2a: Camerupt|Camerupt, M, shiny|100\/100\n|switch|p1a: Landorus|Landorus-Therian, M|100\/100\n|-ability|p1a: Landorus|Intimidate|boost\n|-unboost|p2a: Camerupt|atk|1\n|\n|upkeep\n|turn|2\n|j| RaBbiT2333\n|\n|switch|p2a: Greninja|Greninja, M|100\/100\n|move|p1a: Landorus|Stealth Rock|p2a: Greninja\n|-sidestart|p2: Sleepskating|move: Stealth Rock\n|\n|upkeep\n|turn|3\n|\n|switch|p1a: Toxapex|Toxapex, F, shiny|100\/100\n|move|p2a: Greninja|Spikes|p1a: Toxapex\n|-start|p2a: Greninja|typechange|Ground|[from] ability: Protean\n|-sidestart|p1: madness10|Spikes\n|\n|upkeep\n|turn|4\n|\n|move|p2a: Greninja|Taunt|p1a: Toxapex\n|-start|p2a: Greninja|typechange|Dark|[from] ability: Protean\n|-start|p1a: Toxapex|move: Taunt\n|move|p1a: Toxapex|Scald|p2a: Greninja\n|-damage|p2a: Greninja|76\/100\n|\n|upkeep\n|turn|5\n|l| Driho\n|\n|switch|p2a: Cresselia|Cresselia, F, shiny|100\/100\n|-damage|p2a: Cresselia|88\/100|[from] Stealth Rock\n|move|p1a: Toxapex|Scald|p2a: Cresselia\n|-damage|p2a: Cresselia|77\/100\n|-status|p2a: Cresselia|brn\n|\n|-damage|p2a: Cresselia|71\/100 brn|[from] brn\n|-fieldend|move: Electric Terrain\n|upkeep\n|turn|6\n|inactive|madness10 has 120 seconds left.\n|\n|switch|p1a: Landorus|Landorus-Therian, M|100\/100\n|-ability|p1a: Landorus|Intimidate|boost\n|-unboost|p2a: Cresselia|atk|1\n|move|p2a: Cresselia|Trick Room|p2a: Cresselia\n|-fieldstart|move: Trick Room|[of] p2a: Cresselia\n|\n|-damage|p2a: Cresselia|65\/100 brn|[from] brn\n|upkeep\n|turn|7\n|\n|switch|p1a: Celesteela|Celesteela, shiny|100\/100\n|move|p2a: Cresselia|Ice Beam|p1a: Celesteela\n|-damage|p1a: Celesteela|88\/100\n|\n|-heal|p1a: Celesteela|94\/100|[from] item: Leftovers\n|-damage|p2a: Cresselia|59\/100 brn|[from] brn\n|upkeep\n|turn|8\n|j| Fuloyie\n|\n|switch|p2a: Camerupt|Camerupt, M, shiny|100\/100\n|-damage|p2a: Camerupt|88\/100|[from] Stealth Rock\n|move|p1a: Celesteela|Leech Seed|p2a: Camerupt\n|-start|p2a: Camerupt|move: Leech Seed\n|\n|-heal|p1a: Celesteela|99\/100|[from] item: Leftovers\n|-damage|p2a: Camerupt|76\/100|[from] Leech Seed|[of] p1a: Celesteela\n|-heal|p1a: Celesteela|100\/100|[silent]\n|upkeep\n|turn|9\n|\n|detailschange|p2a: Camerupt|Camerupt-Mega, M, shiny\n|-mega|p2a: Camerupt|Camerupt|Cameruptite\n|move|p1a: Celesteela|Protect|p1a: Celesteela\n|-singleturn|p1a: Celesteela|Protect\n|move|p2a: Camerupt|Stealth Rock|p1a: Celesteela\n|-sidestart|p1: madness10|move: Stealth Rock\n|\n|-damage|p2a: Camerupt|64\/100|[from] Leech Seed|[of] p1a: Celesteela\n|upkeep\n|turn|10\n|\n|switch|p1a: Toxapex|Toxapex, F, shiny|100\/100\n|-damage|p1a: Toxapex|88\/100|[from] Spikes\n|-damage|p1a: Toxapex|75\/100|[from] Stealth Rock\n|move|p2a: Camerupt|Earth Power|p1a: Toxapex\n|-supereffective|p1a: Toxapex\n|-damage|p1a: Toxapex|0 fnt\n|faint|p1a: Toxapex\n|\n|-fieldend|move: Trick Room\n|upkeep\n|inactive|madness10 has 120 seconds left.\n|\n|switch|p1a: Medicham|Medicham, M, shiny|100\/100\n|-damage|p1a: Medicham|94\/100|[from] Stealth Rock\n|-damage|p1a: Medicham|82\/100|[from] Spikes\n|turn|11\n|inactive|madness10 has 120 seconds left.\n|\n|switch|p2a: Tapu Bulu|Tapu Bulu, shiny|100\/100\n|-damage|p2a: Tapu Bulu|88\/100|[from] Stealth Rock\n|-fieldstart|move: Grassy Terrain|[from] ability: Grassy Surge|[of] p2a: Tapu Bulu\n|detailschange|p1a: Medicham|Medicham-Mega, M, shiny\n|-mega|p1a: Medicham|Medicham|Medichamite\n|move|p1a: Medicham|High Jump Kick|p2a: Tapu Bulu|[miss]\n|-miss|p1a: Medicham|p2a: Tapu Bulu\n|-damage|p1a: Medicham|32\/100|[from] highjumpkick\n|\n|-heal|p2a: Tapu Bulu|94\/100|[from] Grassy Terrain\n|-heal|p1a: Medicham|38\/100|[from] Grassy Terrain\n|upkeep\n|turn|12\n|inactive|madness10 has 120 seconds left.\n|\n|switch|p1a: Landorus|Landorus-Therian, M|100\/100\n|-damage|p1a: Landorus|88\/100|[from] Stealth Rock\n|-ability|p1a: Landorus|Intimidate|boost\n|-unboost|p2a: Tapu Bulu|atk|1\n|move|p2a: Tapu Bulu|Wood Hammer|p1a: Landorus\n|-damage|p1a: Landorus|43\/100\n|-damage|p2a: Tapu Bulu|78\/100|[from] item: Rocky Helmet|[of] p1a: Landorus\n|-damage|p2a: Tapu Bulu|57\/100|[from] Recoil\n|\n|-heal|p2a: Tapu Bulu|63\/100|[from] Grassy Terrain\n|upkeep\n|turn|13\n|inactive|madness10 has 120 seconds left.\n|\n|switch|p1a: Celesteela|Celesteela, shiny|100\/100\n|-damage|p1a: Celesteela|88\/100|[from] Stealth Rock\n|move|p2a: Tapu Bulu|Wood Hammer|p1a: Celesteela\n|-resisted|p1a: Celesteela\n|-damage|p1a: Celesteela|77\/100\n|-damage|p2a: Tapu Bulu|58\/100|[from] Recoil\n|\n|-heal|p2a: Tapu Bulu|64\/100|[from] Grassy Terrain\n|-heal|p1a: Celesteela|83\/100|[from] item: Leftovers\n|upkeep\n|turn|14\n|l| Wutangclan93\n|inactive|madness10 has 120 seconds left.\n|\n|switch|p2a: Greninja|Greninja, M|76\/100\n|-damage|p2a: Greninja|64\/100|[from] Stealth Rock\n|move|p1a: Celesteela|Leech Seed|p2a: Greninja\n|-start|p2a: Greninja|move: Leech Seed\n|\n|-heal|p2a: Greninja|70\/100|[from] Grassy Terrain\n|-heal|p1a: Celesteela|89\/100|[from] item: Leftovers\n|-damage|p2a: Greninja|57\/100|[from] Leech Seed|[of] p1a: Celesteela\n|-heal|p1a: Celesteela|98\/100|[silent]\n|upkeep\n|turn|15\n|inactive|madness10 has 120 seconds left.\n|\n|move|p2a: Greninja|Toxic Spikes|p1a: Celesteela\n|-start|p2a: Greninja|typechange|Poison|[from] ability: Protean\n|-sidestart|p1: madness10|move: Toxic Spikes\n|move|p1a: Celesteela|Heavy Slam|p2a: Greninja\n|-damage|p2a: Greninja|0 fnt\n|faint|p2a: Greninja\n|-ability|p1a: Celesteela|Beast Boost|boost\n|-boost|p1a: Celesteela|def|1\n|\n|-heal|p1a: Celesteela|100\/100|[from] item: Leftovers\n|-fieldend|move: Grassy Terrain\n|upkeep\n|\n|switch|p2a: Camerupt|Camerupt-Mega, M, shiny|64\/100\n|-damage|p2a: Camerupt|52\/100|[from] Stealth Rock\n|turn|16\n|inactive|madness10 has 120 seconds left.\n|\n|move|p1a: Celesteela|Protect|p1a: Celesteela\n|-singleturn|p1a: Celesteela|Protect\n|move|p2a: Camerupt|Fire Blast|p1a: Celesteela\n|-activate|p1a: Celesteela|move: Protect\n|\n|upkeep\n|turn|17\n|inactive|madness10 has 120 seconds left.\n|\n|switch|p1a: Landorus|Landorus-Therian, M|43\/100\n|-damage|p1a: Landorus|31\/100|[from] Stealth Rock\n|-ability|p1a: Landorus|Intimidate|boost\n|-unboost|p2a: Camerupt|atk|1\n|move|p2a: Camerupt|Fire Blast|p1a: Landorus\n|-crit|p1a: Landorus\n|-damage|p1a: Landorus|0 fnt\n|faint|p1a: Landorus\n|\n|upkeep\n|inactive|madness10 has 120 seconds left.\n|\n|switch|p1a: Medicham|Medicham-Mega, M, shiny|38\/100\n|-damage|p1a: Medicham|26\/100|[from] Spikes\n|-damage|p1a: Medicham|20\/100|[from] Stealth Rock\n|-status|p1a: Medicham|psn\n|turn|18\n|\n|switch|p2a: Cresselia|Cresselia, F, shiny|59\/100 brn\n|-damage|p2a: Cresselia|46\/100 brn|[from] Stealth Rock\n|move|p1a: Medicham|High Jump Kick|p2a: Cresselia\n|-resisted|p2a: Cresselia\n|-damage|p2a: Cresselia|14\/100 brn\n|-enditem|p2a: Cresselia|Wiki Berry|[eat]\n|-heal|p2a: Cresselia|64\/100 brn|[from] item: Wiki Berry\n|\n|-damage|p1a: Medicham|8\/100 psn|[from] psn\n|-damage|p2a: Cresselia|58\/100 brn|[from] brn\n|upkeep\n|turn|19\n|inactive|madness10 has 120 seconds left.\n|\n|move|p1a: Medicham|High Jump Kick|p2a: Cresselia\n|-resisted|p2a: Cresselia\n|-damage|p2a: Cresselia|29\/100 brn\n|move|p2a: Cresselia|Trick Room|p2a: Cresselia\n|-fieldstart|move: Trick Room|[of] p2a: Cresselia\n|\n|-damage|p2a: Cresselia|23\/100 brn|[from] brn\n|-damage|p1a: Medicham|0 fnt|[from] psn\n|faint|p1a: Medicham\n|upkeep\n|j| nianqingxiaocaibi\n|\n|switch|p1a: Celesteela|Celesteela, shiny|100\/100\n|-damage|p1a: Celesteela|88\/100|[from] Stealth Rock\n|turn|20\n|\n|move|p1a: Celesteela|Leech Seed|p2a: Cresselia\n|-start|p2a: Cresselia|move: Leech Seed\n|move|p2a: Cresselia|Lunar Dance|p2a: Cresselia\n|faint|p2a: Cresselia\n|\n|-heal|p1a: Celesteela|94\/100|[from] item: Leftovers\n|upkeep\n|\n|switch|p2a: Camerupt|Camerupt-Mega, M, shiny|52\/100\n|-heal|p2a: Camerupt|100\/100|[from] move: Lunar Dance\n|-damage|p2a: Camerupt|88\/100|[from] Stealth Rock\n|turn|21\n|\n|move|p1a: Celesteela|Protect|p1a: Celesteela\n|-singleturn|p1a: Celesteela|Protect\n|move|p2a: Camerupt|Fire Blast|p1a: Celesteela\n|-activate|p1a: Celesteela|move: Protect\n|\n|-heal|p1a: Celesteela|99\/100|[from] item: Leftovers\n|upkeep\n|turn|22\n|\n|move|p2a: Camerupt|Fire Blast|p1a: Celesteela\n|-supereffective|p1a: Celesteela\n|-damage|p1a: Celesteela|0 fnt\n|faint|p1a: Celesteela\n|\n|upkeep\n|\n|switch|p1a: Kyurem|Kyurem-Black, shiny|100\/100\n|-status|p1a: Kyurem|psn\n|-damage|p1a: Kyurem|76\/100 psn|[from] Stealth Rock\n|-damage|p1a: Kyurem|63\/100 psn|[from] Spikes\n|-ability|p1a: Kyurem|Teravolt\n|turn|23\n|l| nianqingxiaocaibi\n|\n|move|p2a: Camerupt|Earth Power|p1a: Kyurem\n|-damage|p1a: Kyurem|0 fnt\n|faint|p1a: Kyurem\n|\n|-fieldend|move: Trick Room\n|upkeep\n|-message|madness10 forfeited.\n|\n|win|Sleepskating\n|l|\u2606madness10\n|raw|madness10's rating: 1605 &rarr; <strong>1584<\/strong><br \/>(-21 for losing)\n|raw|Sleepskating's rating: 1602 &rarr; <strong>1622<\/strong><br \/>(+20 for winning)\n","uploadtime":1572794007,"views":82,"p1id":"madness10","p2id":"sleepskating","formatid":"gen7ou","rating":1584,"private":0,"password":null}