{"id":"gen7ou-1066505034","p1":"Shardul888","p2":"Qippoz","format":"gen7ou","log":"|j|\u2606Shardul888\n|j|\u2606Qippoz\n|player|p1|Shardul888|palmer|1632\n|player|p2|Qippoz|swimmer-gen1rb|1603\n|teamsize|p1|6\n|teamsize|p2|6\n|gametype|singles\n|gen|7\n|tier|[Gen 7] OU\n|rated|\n|clearpoke\n|poke|p1|Venusaur, M|item\n|poke|p1|Dragonite, M|item\n|poke|p1|Magearna|item\n|poke|p1|Toxapex, F|item\n|poke|p1|Gliscor, M|item\n|poke|p1|Entei|item\n|poke|p2|Sableye, F|item\n|poke|p2|Excadrill, M|item\n|poke|p2|Tapu Bulu|item\n|poke|p2|Slowking, F|item\n|poke|p2|Zapdos|item\n|poke|p2|Ditto|item\n|rule|Sleep Clause Mod: Limit one foe put to sleep\n|rule|Species Clause: Limit one of each Pok\u00e9mon\n|rule|OHKO Clause: OHKO moves are banned\n|rule|Moody Clause: Moody is banned\n|rule|Evasion Moves Clause: Evasion moves are banned\n|rule|Endless Battle Clause: Forcing endless battles is banned\n|rule|HP Percentage Mod: HP is shown in percentages\n|teampreview\n|inactive|Battle timer is ON: inactive players will automatically lose when time's up. (requested by Shardul888)\n|\n|start\n|switch|p1a: Captain America|Venusaur, M|100\/100\n|switch|p2a: Sableye|Sableye, F|100\/100\n|turn|1\n|\n|detailschange|p1a: Captain America|Venusaur-Mega, M\n|-mega|p1a: Captain America|Venusaur|Venusaurite\n|detailschange|p2a: Sableye|Sableye-Mega, F\n|-mega|p2a: Sableye|Sableye|Sablenite\n|move|p2a: Sableye|Protect|p2a: Sableye\n|-singleturn|p2a: Sableye|Protect\n|move|p1a: Captain America|Sludge Bomb|p2a: Sableye\n|-activate|p2a: Sableye|move: Protect\n|\n|upkeep\n|turn|2\n|\n|switch|p2a: Excadrill|Excadrill, M|100\/100\n|-ability|p2a: Excadrill|Mold Breaker\n|move|p1a: Captain America|Sludge Bomb|p2a: Excadrill\n|-immune|p2a: Excadrill\n|\n|upkeep\n|turn|3\n|\n|move|p2a: Excadrill|Stealth Rock|p1a: Captain America\n|-sidestart|p1: Shardul888|move: Stealth Rock\n|move|p1a: Captain America|Leech Seed|p2a: Excadrill\n|-start|p2a: Excadrill|move: Leech Seed\n|\n|-damage|p2a: Excadrill|88\/100|[from] Leech Seed|[of] p1a: Captain America\n|upkeep\n|turn|4\n|\n|switch|p2a: Zapdos|Zapdos|100\/100\n|move|p1a: Captain America|Giga Drain|p2a: Zapdos\n|-resisted|p2a: Zapdos\n|-damage|p2a: Zapdos|86\/100\n|\n|upkeep\n|turn|5\n|\n|switch|p2a: Ditto|Ditto|100\/100\n|-transform|p2a: Ditto|p1a: Captain America|[from] ability: Imposter\n|switch|p1a: Spider-man|Gliscor, M|100\/100\n|-damage|p1a: Spider-man|88\/100|[from] Stealth Rock\n|\n|-status|p1a: Spider-man|tox|[from] item: Toxic Orb\n|upkeep\n|turn|6\n|\n|move|p1a: Spider-man|Defog|p2a: Ditto\n|-unboost|p2a: Ditto|evasion|1\n|-sideend|p1: Shardul888|Stealth Rock|[from] move: Defog|[of] p1a: Spider-man\n|move|p2a: Ditto|Leech Seed|p1a: Spider-man\n|-start|p1a: Spider-man|move: Leech Seed\n|\n|-damage|p1a: Spider-man|76\/100 tox|[from] Leech Seed|[of] p2a: Ditto\n|-heal|p1a: Spider-man|88\/100 tox|[from] ability: Poison Heal\n|upkeep\n|turn|7\n|\n|switch|p1a: Black Widow|Toxapex, F, shiny|100\/100\n|switch|p2a: Zapdos|Zapdos|86\/100\n|\n|upkeep\n|turn|8\n|\n|switch|p2a: Slowking|Slowking, F|100\/100\n|move|p1a: Black Widow|Toxic|p2a: Slowking\n|-status|p2a: Slowking|tox\n|\n|-damage|p2a: Slowking|94\/100 tox|[from] psn\n|upkeep\n|turn|9\n|\n|move|p2a: Slowking|Nasty Plot|p2a: Slowking\n|-boost|p2a: Slowking|spa|2\n|move|p1a: Black Widow|Scald|p2a: Slowking\n|-resisted|p2a: Slowking\n|-damage|p2a: Slowking|89\/100 tox\n|\n|-heal|p2a: Slowking|95\/100 tox|[from] item: Leftovers\n|-damage|p2a: Slowking|83\/100 tox|[from] psn\n|upkeep\n|turn|10\n|\n|move|p2a: Slowking|Psyshock|p1a: Black Widow\n|-supereffective|p1a: Black Widow\n|-damage|p1a: Black Widow|27\/100\n|move|p1a: Black Widow|Haze|p1a: Black Widow\n|-clearallboost\n|\n|-heal|p2a: Slowking|89\/100 tox|[from] item: Leftovers\n|-heal|p1a: Black Widow|33\/100|[from] item: Black Sludge\n|-damage|p2a: Slowking|71\/100 tox|[from] psn\n|upkeep\n|turn|11\n|\n|switch|p2a: Excadrill|Excadrill, M|88\/100\n|-ability|p2a: Excadrill|Mold Breaker\n|switch|p1a: Spider-man|Gliscor, M|88\/100 tox\n|\n|-heal|p2a: Excadrill|94\/100|[from] item: Leftovers\n|-heal|p1a: Spider-man|100\/100 tox|[from] ability: Poison Heal\n|upkeep\n|turn|12\n|\n|switch|p2a: Zapdos|Zapdos|86\/100\n|move|p1a: Spider-man|Earthquake|p2a: Zapdos\n|-immune|p2a: Zapdos\n|\n|upkeep\n|turn|13\n|\n|switch|p2a: Slowking|Slowking, F|100\/100 tox\n|move|p1a: Spider-man|Protect||[still]\n|-fail|p1a: Spider-man\n|\n|-damage|p2a: Slowking|94\/100 tox|[from] psn\n|upkeep\n|turn|14\n|\n|move|p1a: Spider-man|Knock Off|p2a: Slowking\n|-supereffective|p2a: Slowking\n|-damage|p2a: Slowking|49\/100 tox\n|-enditem|p2a: Slowking|Leftovers|[from] move: Knock Off|[of] p1a: Spider-man\n|move|p2a: Slowking|Nasty Plot|p2a: Slowking\n|-boost|p2a: Slowking|spa|2\n|\n|-damage|p2a: Slowking|37\/100 tox|[from] psn\n|upkeep\n|turn|15\n|\n|switch|p2a: Zapdos|Zapdos|86\/100\n|move|p1a: Spider-man|Knock Off|p2a: Zapdos\n|-damage|p2a: Zapdos|75\/100\n|\n|upkeep\n|turn|16\n|\n|move|p1a: Spider-man|Protect|p1a: Spider-man\n|-singleturn|p1a: Spider-man|Protect\n|move|p2a: Zapdos|Roost|p2a: Zapdos\n|-heal|p2a: Zapdos|100\/100\n|-singleturn|p2a: Zapdos|move: Roost\n|\n|upkeep\n|turn|17\n|\n|switch|p1a: Captain America|Venusaur-Mega, M|100\/100\n|move|p2a: Zapdos|Hidden Power|p1a: Captain America\n|-supereffective|p1a: Captain America\n|-damage|p1a: Captain America|88\/100\n|\n|upkeep\n|turn|18\n|\n|switch|p2a: Slowking|Slowking, F|70\/100 tox\n|move|p1a: Captain America|Leech Seed|p2a: Slowking\n|-start|p2a: Slowking|move: Leech Seed\n|\n|-damage|p2a: Slowking|58\/100 tox|[from] Leech Seed|[of] p1a: Captain America\n|-heal|p1a: Captain America|100\/100|[silent]\n|-damage|p2a: Slowking|52\/100 tox|[from] psn\n|upkeep\n|turn|19\n|\n|switch|p2a: Excadrill|Excadrill, M|94\/100\n|-ability|p2a: Excadrill|Mold Breaker\n|move|p1a: Captain America|Giga Drain|p2a: Excadrill\n|-damage|p2a: Excadrill|71\/100\n|\n|-heal|p2a: Excadrill|77\/100|[from] item: Leftovers\n|upkeep\n|turn|20\n|\n|switch|p1a: Spider-man|Gliscor, M|100\/100 tox\n|move|p2a: Excadrill|Stealth Rock|p1a: Spider-man\n|-sidestart|p1: Shardul888|move: Stealth Rock\n|\n|-heal|p2a: Excadrill|84\/100|[from] item: Leftovers\n|upkeep\n|turn|21\n|\n|switch|p2a: Tapu Bulu|Tapu Bulu|100\/100\n|-fieldstart|move: Grassy Terrain|[from] ability: Grassy Surge|[of] p2a: Tapu Bulu\n|move|p1a: Spider-man|Defog|p2a: Tapu Bulu\n|-unboost|p2a: Tapu Bulu|evasion|1\n|-sideend|p1: Shardul888|Stealth Rock|[from] move: Defog|[of] p1a: Spider-man\n|\n|upkeep\n|turn|22\n|\n|switch|p2a: Zapdos|Zapdos|100\/100\n|move|p1a: Spider-man|Knock Off|p2a: Zapdos\n|-damage|p2a: Zapdos|91\/100\n|\n|upkeep\n|turn|23\n|\n|switch|p2a: Excadrill|Excadrill, M|84\/100\n|-ability|p2a: Excadrill|Mold Breaker\n|switch|p1a: Captain America|Venusaur-Mega, M|100\/100\n|\n|-heal|p2a: Excadrill|90\/100|[from] item: Leftovers\n|-heal|p2a: Excadrill|96\/100|[from] Grassy Terrain\n|upkeep\n|turn|24\n|\n|switch|p2a: Ditto|Ditto|100\/100\n|-transform|p2a: Ditto|p1a: Captain America|[from] ability: Imposter\n|move|p1a: Captain America|Leech Seed|p2a: Ditto\n|-immune|p2a: Ditto\n|\n|upkeep\n|turn|25\n|\n|move|p2a: Ditto|Sludge Bomb|p1a: Captain America\n|-damage|p1a: Captain America|76\/100\n|move|p1a: Captain America|Sludge Bomb|p2a: Ditto\n|-damage|p2a: Ditto|72\/100\n|\n|-heal|p1a: Captain America|82\/100|[from] Grassy Terrain\n|-heal|p2a: Ditto|78\/100|[from] Grassy Terrain\n|-fieldend|move: Grassy Terrain\n|upkeep\n|turn|26\n|\n|move|p1a: Captain America|Sludge Bomb|p2a: Ditto\n|-damage|p2a: Ditto|49\/100\n|move|p2a: Ditto|Sludge Bomb|p1a: Captain America\n|-damage|p1a: Captain America|60\/100\n|\n|upkeep\n|turn|27\n|\n|move|p1a: Captain America|Sludge Bomb|p2a: Ditto\n|-damage|p2a: Ditto|21\/100\n|move|p2a: Ditto|Synthesis|p2a: Ditto\n|-heal|p2a: Ditto|71\/100\n|\n|upkeep\n|turn|28\n|\n|move|p1a: Captain America|Sludge Bomb|p2a: Ditto\n|-damage|p2a: Ditto|43\/100\n|move|p2a: Ditto|Synthesis|p2a: Ditto\n|-heal|p2a: Ditto|93\/100\n|\n|upkeep\n|turn|29\n|\n|switch|p2a: Slowking|Slowking, F|85\/100 tox\n|move|p1a: Captain America|Synthesis|p1a: Captain America\n|-heal|p1a: Captain America|100\/100\n|\n|-damage|p2a: Slowking|79\/100 tox|[from] psn\n|upkeep\n|turn|30\n|\n|switch|p2a: Ditto|Ditto|93\/100\n|-transform|p2a: Ditto|p1a: Captain America|[from] ability: Imposter\n|move|p1a: Captain America|Leech Seed|p2a: Ditto\n|-immune|p2a: Ditto\n|\n|upkeep\n|turn|31\n|\n|switch|p1a: Spider-man|Gliscor, M|100\/100 tox\n|move|p2a: Ditto|Leech Seed|p1a: Spider-man\n|-start|p1a: Spider-man|move: Leech Seed\n|\n|-damage|p1a: Spider-man|88\/100 tox|[from] Leech Seed|[of] p2a: Ditto\n|-heal|p2a: Ditto|100\/100|[silent]\n|-heal|p1a: Spider-man|100\/100 tox|[from] ability: Poison Heal\n|upkeep\n|turn|32\n|\n|switch|p1a: Black Widow|Toxapex, F, shiny|66\/100\n|switch|p2a: Zapdos|Zapdos|91\/100\n|\n|-heal|p1a: Black Widow|73\/100|[from] item: Black Sludge\n|upkeep\n|turn|33\n|\n|-zpower|p2a: Zapdos\n|move|p2a: Zapdos|Gigavolt Havoc|p1a: Black Widow|[zeffect]\n|-supereffective|p1a: Black Widow\n|-damage|p1a: Black Widow|0 fnt\n|faint|p1a: Black Widow\n|\n|upkeep\n|\n|switch|p1a: Thor|Entei, shiny|100\/100\n|-ability|p1a: Thor|Pressure\n|turn|34\n|\n|switch|p2a: Slowking|Slowking, F|100\/100 tox\n|move|p1a: Thor|Stone Edge|p2a: Slowking\n|-damage|p2a: Slowking|64\/100 tox\n|\n|-damage|p2a: Slowking|58\/100 tox|[from] psn\n|upkeep\n|turn|35\n|\n|move|p1a: Thor|Stone Edge|p2a: Slowking\n|-damage|p2a: Slowking|19\/100 tox\n|move|p2a: Slowking|Slack Off|p2a: Slowking\n|-heal|p2a: Slowking|69\/100 tox\n|\n|-damage|p2a: Slowking|56\/100 tox|[from] psn\n|upkeep\n|turn|36\n|\n|switch|p2a: Excadrill|Excadrill, M|96\/100\n|-ability|p2a: Excadrill|Mold Breaker\n|move|p1a: Thor|Stone Edge|p2a: Excadrill|[miss]\n|-miss|p1a: Thor|p2a: Excadrill\n|\n|-heal|p2a: Excadrill|100\/100|[from] item: Leftovers\n|upkeep\n|turn|37\n|\n|move|p1a: Thor|Sacred Fire|p2a: Excadrill\n|-supereffective|p2a: Excadrill\n|-damage|p2a: Excadrill|0 fnt\n|faint|p2a: Excadrill\n|\n|upkeep\n|\n|switch|p2a: Sableye|Sableye-Mega, F|100\/100\n|turn|38\n|\n|move|p1a: Thor|Sacred Fire|p2a: Sableye\n|-damage|p2a: Sableye|67\/100\n|-status|p2a: Sableye|brn\n|move|p2a: Sableye|Toxic|p1a: Thor\n|-status|p1a: Thor|tox\n|\n|-damage|p1a: Thor|94\/100 tox|[from] psn\n|-damage|p2a: Sableye|61\/100 brn|[from] brn\n|upkeep\n|turn|39\n|\n|switch|p1a: Captain America|Venusaur-Mega, M|100\/100\n|move|p2a: Sableye|Recover|p2a: Sableye\n|-heal|p2a: Sableye|100\/100 brn\n|\n|-damage|p2a: Sableye|94\/100 brn|[from] brn\n|upkeep\n|turn|40\n|j| bolopix\n|\n|switch|p2a: Ditto|Ditto|100\/100\n|-transform|p2a: Ditto|p1a: Captain America|[from] ability: Imposter\n|move|p1a: Captain America|Giga Drain|p2a: Ditto\n|-resisted|p2a: Ditto\n|-damage|p2a: Ditto|94\/100\n|\n|upkeep\n|turn|41\n|\n|move|p1a: Captain America|Sludge Bomb|p2a: Ditto\n|-damage|p2a: Ditto|63\/100\n|move|p2a: Ditto|Leech Seed|p1a: Captain America\n|-immune|p1a: Captain America\n|\n|upkeep\n|turn|42\n|\n|move|p1a: Captain America|Sludge Bomb|p2a: Ditto\n|-damage|p2a: Ditto|33\/100\n|move|p2a: Ditto|Synthesis|p2a: Ditto\n|-heal|p2a: Ditto|83\/100\n|\n|upkeep\n|turn|43\n|\n|move|p2a: Ditto|Synthesis|p2a: Ditto\n|-heal|p2a: Ditto|100\/100\n|move|p1a: Captain America|Sludge Bomb|p2a: Ditto\n|-damage|p2a: Ditto|73\/100\n|\n|upkeep\n|turn|44\n|\n|switch|p1a: Thor|Entei, shiny|94\/100 tox\n|-ability|p1a: Thor|Pressure\n|move|p2a: Ditto|Giga Drain|p1a: Thor\n|-resisted|p1a: Thor\n|-damage|p1a: Thor|83\/100 tox\n|-heal|p2a: Ditto|81\/100|[from] drain|[of] p1a: Thor\n|\n|-damage|p1a: Thor|77\/100 tox|[from] psn\n|upkeep\n|turn|45\n|\n|switch|p2a: Slowking|Slowking, F|90\/100 tox\n|move|p1a: Thor|Sacred Fire|p2a: Slowking\n|-resisted|p2a: Slowking\n|-damage|p2a: Slowking|61\/100 tox\n|\n|-damage|p1a: Thor|64\/100 tox|[from] psn\n|-damage|p2a: Slowking|55\/100 tox|[from] psn\n|upkeep\n|turn|46\n|\n|switch|p1a: Superman|Dragonite, M|100\/100\n|switch|p2a: Sableye|Sableye-Mega, F|94\/100 brn\n|\n|-damage|p2a: Sableye|88\/100 brn|[from] brn\n|upkeep\n|turn|47\n|\n|switch|p1a: Spider-man|Gliscor, M|100\/100 tox\n|switch|p2a: Zapdos|Zapdos|91\/100\n|\n|upkeep\n|turn|48\n|\n|switch|p1a: Captain America|Venusaur-Mega, M|100\/100\n|move|p2a: Zapdos|Hidden Power|p1a: Captain America\n|-supereffective|p1a: Captain America\n|-damage|p1a: Captain America|88\/100\n|\n|upkeep\n|turn|49\n|\n|switch|p2a: Ditto|Ditto|81\/100\n|-transform|p2a: Ditto|p1a: Captain America|[from] ability: Imposter\n|move|p1a: Captain America|Sludge Bomb|p2a: Ditto\n|-damage|p2a: Ditto|53\/100\n|\n|upkeep\n|turn|50\n|\n|switch|p1a: Superman|Dragonite, M|100\/100\n|move|p2a: Ditto|Synthesis|p2a: Ditto\n|-heal|p2a: Ditto|100\/100\n|\n|upkeep\n|turn|51\n|\n|-zpower|p1a: Superman\n|move|p1a: Superman|Inferno Overdrive|p2a: Ditto|[zeffect]\n|-supereffective|p2a: Ditto\n|-damage|p2a: Ditto|53\/100\n|move|p2a: Ditto|Sludge Bomb|p1a: Superman\n|-damage|p1a: Superman|85\/100\n|\n|upkeep\n|turn|52\n|\n|switch|p2a: Zapdos|Zapdos|91\/100\n|move|p1a: Superman|Dragon Dance|p1a: Superman\n|-boost|p1a: Superman|atk|1\n|-boost|p1a: Superman|spe|1\n|\n|upkeep\n|turn|53\n|\n|move|p1a: Superman|Extreme Speed|p2a: Zapdos\n|-damage|p2a: Zapdos|56\/100\n|move|p2a: Zapdos|Hidden Power|p1a: Superman\n|-supereffective|p1a: Superman\n|-damage|p1a: Superman|27\/100\n|\n|upkeep\n|turn|54\n|\n|move|p1a: Superman|Extreme Speed|p2a: Zapdos\n|-damage|p2a: Zapdos|20\/100\n|move|p2a: Zapdos|Roost|p2a: Zapdos\n|-heal|p2a: Zapdos|70\/100\n|-singleturn|p2a: Zapdos|move: Roost\n|\n|upkeep\n|turn|55\n|\n|move|p1a: Superman|Extreme Speed|p2a: Zapdos\n|-damage|p2a: Zapdos|36\/100\n|move|p2a: Zapdos|Hidden Power|p1a: Superman\n|-supereffective|p1a: Superman\n|-damage|p1a: Superman|0 fnt\n|faint|p1a: Superman\n|\n|upkeep\n|\n|switch|p1a: Thor|Entei, shiny|64\/100 tox\n|-ability|p1a: Thor|Pressure\n|turn|56\n|\n|switch|p2a: Sableye|Sableye-Mega, F|88\/100 brn\n|move|p1a: Thor|Extreme Speed|p2a: Sableye\n|-immune|p2a: Sableye\n|\n|-damage|p1a: Thor|58\/100 tox|[from] psn\n|-damage|p2a: Sableye|82\/100 brn|[from] brn\n|upkeep\n|turn|57\n|\n|switch|p1a: Wonder Woman|Magearna|100\/100\n|move|p2a: Sableye|Recover|p2a: Sableye\n|-heal|p2a: Sableye|100\/100 brn\n|\n|-damage|p2a: Sableye|94\/100 brn|[from] brn\n|upkeep\n|turn|58\n|\n|switch|p2a: Slowking|Slowking, F|88\/100 tox\n|move|p1a: Wonder Woman|Flash Cannon|p2a: Slowking\n|-resisted|p2a: Slowking\n|-damage|p2a: Slowking|76\/100 tox\n|\n|-damage|p2a: Slowking|70\/100 tox|[from] psn\n|upkeep\n|turn|59\n|\n|switch|p1a: Captain America|Venusaur-Mega, M|88\/100\n|move|p2a: Slowking|Scald|p1a: Captain America\n|-resisted|p1a: Captain America\n|-damage|p1a: Captain America|79\/100\n|\n|-damage|p2a: Slowking|57\/100 tox|[from] psn\n|upkeep\n|turn|60\n|inactive|Qippoz has 120 seconds left.\n|\n|switch|p2a: Tapu Bulu|Tapu Bulu|100\/100\n|-fieldstart|move: Grassy Terrain|[from] ability: Grassy Surge|[of] p2a: Tapu Bulu\n|move|p1a: Captain America|Sludge Bomb|p2a: Tapu Bulu\n|-supereffective|p2a: Tapu Bulu\n|-damage|p2a: Tapu Bulu|1\/100\n|\n|-heal|p1a: Captain America|85\/100|[from] Grassy Terrain\n|-heal|p2a: Tapu Bulu|7\/100|[from] item: Leftovers\n|-heal|p2a: Tapu Bulu|14\/100|[from] Grassy Terrain\n|upkeep\n|turn|61\n|inactive|Qippoz has 120 seconds left.\n|\n|move|p1a: Captain America|Sludge Bomb|p2a: Tapu Bulu\n|-supereffective|p2a: Tapu Bulu\n|-damage|p2a: Tapu Bulu|0 fnt\n|faint|p2a: Tapu Bulu\n|\n|-heal|p1a: Captain America|91\/100|[from] Grassy Terrain\n|upkeep\n|inactive|Qippoz has 120 seconds left.\n|\n|switch|p2a: Ditto|Ditto|53\/100\n|-transform|p2a: Ditto|p1a: Captain America|[from] ability: Imposter\n|turn|62\n|\n|move|p2a: Ditto|Synthesis|p2a: Ditto\n|-heal|p2a: Ditto|100\/100\n|move|p1a: Captain America|Sludge Bomb|p2a: Ditto\n|-damage|p2a: Ditto|70\/100\n|\n|-heal|p2a: Ditto|76\/100|[from] Grassy Terrain\n|-heal|p1a: Captain America|97\/100|[from] Grassy Terrain\n|upkeep\n|turn|63\n|\n|switch|p1a: Thor|Entei, shiny|58\/100 tox\n|-ability|p1a: Thor|Pressure\n|move|p2a: Ditto|Leech Seed|p1a: Thor\n|-start|p1a: Thor|move: Leech Seed\n|\n|-heal|p1a: Thor|64\/100 tox|[from] Grassy Terrain\n|-heal|p2a: Ditto|82\/100|[from] Grassy Terrain\n|-damage|p1a: Thor|52\/100 tox|[from] Leech Seed|[of] p2a: Ditto\n|-heal|p2a: Ditto|97\/100|[silent]\n|-damage|p1a: Thor|46\/100 tox|[from] psn\n|upkeep\n|turn|64\n|-message|Shardul888 forfeited.\n|\n|win|Qippoz\n|l|\u2606Shardul888\n","uploadtime":1582226027,"views":2,"p1id":"shardul888","p2id":"qippoz","formatid":"gen7ou","rating":0,"private":0,"password":null}