{"id":"gen7ubers-943292079","p1":"THC_wenger","p2":"pikachu4249","format":"gen7ubers","log":"|j|\u2606THC_wenger\n|j|\u2606pikachu4249\n|player|p1|THC_wenger|2\n|player|p2|pikachu4249|169\n|teamsize|p1|6\n|teamsize|p2|6\n|gametype|singles\n|gen|7\n|tier|[Gen 7] Ubers\n|rated|\n|rule|Sleep Clause Mod: Limit one foe put to sleep\n|rule|Species Clause: Limit one of each Pok\u00e9mon\n|rule|OHKO Clause: OHKO moves are banned\n|rule|Moody Clause: Moody is banned\n|rule|Evasion Moves Clause: Evasion moves are banned\n|rule|Endless Battle Clause: Forcing endless battles is banned\n|rule|HP Percentage Mod: HP is shown in percentages\n|clearpoke\n|poke|p1|Ninetales-Alola, M|item\n|poke|p1|Serperior, M|item\n|poke|p1|Toxapex, F|item\n|poke|p1|Infernape, F|item\n|poke|p1|Excadrill, F|item\n|poke|p1|Manectric, F|item\n|poke|p2|Charizard, M|item\n|poke|p2|Volcarona, F|item\n|poke|p2|Victini|item\n|poke|p2|Infernape, M|item\n|poke|p2|Rotom-Heat|item\n|poke|p2|Groudon|item\n|rule|Mega Rayquaza Clause: You cannot mega evolve Rayquaza\n|teampreview\n|inactive|Battle timer is ON: inactive players will automatically lose when time's up. (requested by pikachu4249)\n|\n|start\n|switch|p1a: Excadrill|Excadrill, F, shiny|100\/100\n|switch|p2a: Infernape|Infernape, M|100\/100\n|turn|1\n|\n|move|p2a: Infernape|Focus Blast|p1a: Excadrill\n|-supereffective|p1a: Excadrill\n|-damage|p1a: Excadrill|0 fnt\n|faint|p1a: Excadrill\n|\n|upkeep\n|\n|switch|p1a: Toxapex|Toxapex, F, shiny|100\/100\n|turn|2\n|\n|move|p1a: Toxapex|Baneful Bunker|p1a: Toxapex\n|-singleturn|p1a: Toxapex|move: Protect\n|move|p2a: Infernape|Grass Knot|p1a: Toxapex\n|-activate|p1a: Toxapex|move: Protect\n|-status|p2a: Infernape|psn\n|\n|-damage|p2a: Infernape|88\/100 psn|[from] psn\n|upkeep\n|turn|3\n|\n|move|p2a: Infernape|Grass Knot|p1a: Toxapex\n|-damage|p1a: Toxapex|92\/100\n|move|p1a: Toxapex|Liquidation|p2a: Infernape\n|-supereffective|p2a: Infernape\n|-crit|p2a: Infernape\n|-damage|p2a: Infernape|0 fnt\n|faint|p2a: Infernape\n|\n|-heal|p1a: Toxapex|98\/100|[from] item: Leftovers\n|upkeep\n|\n|switch|p2a: Charizard|Charizard, M, shiny|100\/100\n|turn|4\n|\n|detailschange|p2a: Charizard|Charizard-Mega-X, M, shiny\n|-mega|p2a: Charizard|Charizard|Charizardite X\n|move|p2a: Charizard|Dragon Claw|p1a: Toxapex\n|-damage|p1a: Toxapex|63\/100\n|move|p1a: Toxapex|Liquidation|p2a: Charizard\n|-damage|p2a: Charizard|78\/100\n|\n|-heal|p1a: Toxapex|70\/100|[from] item: Leftovers\n|upkeep\n|turn|5\n|\n|move|p1a: Toxapex|Baneful Bunker|p1a: Toxapex\n|-singleturn|p1a: Toxapex|move: Protect\n|move|p2a: Charizard|Dragon Claw|p1a: Toxapex\n|-activate|p1a: Toxapex|move: Protect\n|-status|p2a: Charizard|psn\n|\n|-heal|p1a: Toxapex|76\/100|[from] item: Leftovers\n|-damage|p2a: Charizard|66\/100 psn|[from] psn\n|upkeep\n|turn|6\n|\n|move|p2a: Charizard|Dragon Dance|p2a: Charizard\n|-boost|p2a: Charizard|atk|1\n|-boost|p2a: Charizard|spe|1\n|move|p1a: Toxapex|Liquidation|p2a: Charizard\n|-crit|p2a: Charizard\n|-damage|p2a: Charizard|36\/100 psn\n|\n|-heal|p1a: Toxapex|82\/100|[from] item: Leftovers\n|-damage|p2a: Charizard|23\/100 psn|[from] psn\n|upkeep\n|turn|7\n|inactive|THC_wenger has 120 seconds left.\n|\n|move|p2a: Charizard|Dragon Claw|p1a: Toxapex\n|-damage|p1a: Toxapex|30\/100\n|move|p1a: Toxapex|Liquidation|p2a: Charizard\n|-crit|p2a: Charizard\n|-damage|p2a: Charizard|0 fnt\n|faint|p2a: Charizard\n|\n|-heal|p1a: Toxapex|37\/100|[from] item: Leftovers\n|upkeep\n|inactive|pikachu4249 has 120 seconds left.\n|\n|switch|p2a: Rotom|Rotom-Heat, shiny|100\/100\n|turn|8\n|inactiveoff|Battle timer is now OFF.\n|\n|move|p2a: Rotom|Thunder Wave|p1a: Toxapex\n|-status|p1a: Toxapex|par\n|move|p1a: Toxapex|Liquidation|p2a: Rotom\n|-supereffective|p2a: Rotom\n|-damage|p2a: Rotom|60\/100\n|-unboost|p2a: Rotom|def|1\n|\n|-heal|p1a: Toxapex|43\/100 par|[from] item: Leftovers\n|upkeep\n|turn|9\n|\n|move|p2a: Rotom|Volt Switch|p1a: Toxapex\n|-supereffective|p1a: Toxapex\n|-damage|p1a: Toxapex|5\/100 par\n|\n|switch|p2a: Victini|Victini|100\/100|[from]move: Volt Switch\n|move|p1a: Toxapex|Liquidation|p2a: Victini\n|-supereffective|p2a: Victini\n|-damage|p2a: Victini|61\/100\n|\n|-heal|p1a: Toxapex|12\/100 par|[from] item: Leftovers\n|upkeep\n|turn|10\n|\n|move|p1a: Toxapex|Baneful Bunker|p1a: Toxapex\n|-singleturn|p1a: Toxapex|move: Protect\n|move|p2a: Victini|Focus Blast|p1a: Toxapex\n|-activate|p1a: Toxapex|move: Protect\n|\n|-heal|p1a: Toxapex|18\/100 par|[from] item: Leftovers\n|upkeep\n|turn|11\n|\n|move|p2a: Victini|Focus Blast|p1a: Toxapex|[miss]\n|-miss|p2a: Victini|p1a: Toxapex\n|move|p1a: Toxapex|Recover|p1a: Toxapex\n|-heal|p1a: Toxapex|68\/100 par\n|\n|-heal|p1a: Toxapex|74\/100 par|[from] item: Leftovers\n|upkeep\n|turn|12\n|\n|move|p2a: Victini|Searing Shot|p1a: Toxapex\n|-resisted|p1a: Toxapex\n|-damage|p1a: Toxapex|59\/100 par\n|cant|p1a: Toxapex|par\n|\n|-heal|p1a: Toxapex|65\/100 par|[from] item: Leftovers\n|upkeep\n|turn|13\n|\n|-zpower|p2a: Victini\n|move|p2a: Victini|Z-Celebrate|p2a: Victini|[anim]Celebrate\n|-boost|p2a: Victini|atk|1|[zeffect]\n|-boost|p2a: Victini|def|1|[zeffect]\n|-boost|p2a: Victini|spa|1|[zeffect]\n|-boost|p2a: Victini|spd|1|[zeffect]\n|-boost|p2a: Victini|spe|1|[zeffect]\n|-activate|p2a: Victini|move: Celebrate\n|move|p1a: Toxapex|Liquidation|p2a: Victini\n|-supereffective|p2a: Victini\n|-damage|p2a: Victini|36\/100\n|-unboost|p2a: Victini|def|1\n|\n|-heal|p1a: Toxapex|72\/100 par|[from] item: Leftovers\n|upkeep\n|turn|14\n|\n|move|p2a: Victini|Stored Power|p1a: Toxapex\n|-supereffective|p1a: Toxapex\n|-damage|p1a: Toxapex|0 fnt\n|faint|p1a: Toxapex\n|\n|upkeep\n|\n|switch|p1a: Manectric|Manectric, F|100\/100\n|turn|15\n|\n|detailschange|p1a: Manectric|Manectric-Mega, F\n|-mega|p1a: Manectric|Manectric|Manectite\n|-ability|p1a: Manectric|Intimidate|boost\n|-unboost|p2a: Victini|atk|1\n|move|p2a: Victini|Stored Power|p1a: Manectric\n|-damage|p1a: Manectric|43\/100\n|move|p1a: Manectric|Thunderbolt|p2a: Victini\n|-damage|p2a: Victini|7\/100\n|\n|upkeep\n|turn|16\n|\n|move|p2a: Victini|Stored Power|p1a: Manectric\n|-damage|p1a: Manectric|0 fnt\n|faint|p1a: Manectric\n|\n|upkeep\n|\n|switch|p1a: Serperior|Serperior, M, shiny|100\/100\n|turn|17\n|\n|move|p2a: Victini|Searing Shot|p1a: Serperior\n|-supereffective|p1a: Serperior\n|-damage|p1a: Serperior|0 fnt\n|faint|p1a: Serperior\n|\n|upkeep\n|\n|switch|p1a: Infernape|Infernape, F|100\/100\n|turn|18\n|\n|move|p2a: Victini|Stored Power|p1a: Infernape\n|-supereffective|p1a: Infernape\n|-damage|p1a: Infernape|0 fnt\n|faint|p1a: Infernape\n|\n|upkeep\n|\n|switch|p1a: Ninetales|Ninetales-Alola, M|100\/100\n|-weather|Hail|[from] ability: Snow Warning|[of] p1a: Ninetales\n|turn|19\n|\n|move|p2a: Victini|Searing Shot|p1a: Ninetales\n|-supereffective|p1a: Ninetales\n|-enditem|p1a: Ninetales|Focus Sash\n|-damage|p1a: Ninetales|1\/100\n|-status|p1a: Ninetales|brn\n|move|p1a: Ninetales|Ice Beam|p2a: Victini\n|-resisted|p2a: Victini\n|-damage|p2a: Victini|0 fnt\n|faint|p2a: Victini\n|\n|-weather|Hail|[upkeep]\n|-damage|p1a: Ninetales|0 fnt|[from] brn\n|faint|p1a: Ninetales\n|\n|win|pikachu4249\n|upkeep\n|l|\u2606THC_wenger\n","uploadtime":1562878391,"views":4,"p1id":"thcwenger","p2id":"pikachu4249","formatid":"gen7ubers","rating":0,"private":0,"password":null}