{"id":"gen7randombattle-1340165838","p1":"virga","p2":"Buhrito","format":"gen7randombattle","log":"|j|\u2606virga\n|j|\u2606Buhrito\n|t:|1620961458\n|gametype|singles\n|player|p1|virga|mina|1577\n|player|p2|Buhrito|preschooler|1625\n|teamsize|p1|6\n|teamsize|p2|6\n|gen|7\n|tier|[Gen 7] Random Battle\n|rated|\n|rule|Sleep Clause Mod: Limit one foe put to sleep\n|rule|HP Percentage Mod: HP is shown in percentages\n|\n|t:|1620961458\n|start\n|switch|p1a: Hitmontop|Hitmontop, L86, M|226\/226\n|switch|p2a: Sawsbuck|Sawsbuck-Winter, L88, F|284\/284\n|-ability|p1a: Hitmontop|Intimidate|boost\n|-unboost|p2a: Sawsbuck|atk|1\n|turn|1\n|inactive|Battle timer is ON: inactive players will automatically lose when time's up. (requested by virga)\n|\n|t:|1620961470\n|switch|p2a: Whimsicott|Whimsicott, L86, M|243\/243\n|move|p1a: Hitmontop|Toxic|p2a: Whimsicott\n|-status|p2a: Whimsicott|tox\n|\n|-damage|p2a: Whimsicott|228\/243 tox|[from] psn\n|upkeep\n|turn|2\n|\n|t:|1620961481\n|switch|p1a: Bronzong|Bronzong, L84|250\/250\n|move|p2a: Whimsicott|U-turn|p1a: Bronzong\n|-damage|p1a: Bronzong|217\/250\n|\n|t:|1620961493\n|switch|p2a: Reshiram|Reshiram, L76|277\/277\n|-ability|p2a: Reshiram|Turboblaze\n|\n|-heal|p1a: Bronzong|232\/250|[from] item: Leftovers\n|upkeep\n|turn|3\n|\n|t:|1620961502\n|switch|p1a: Mantine|Mantine, L84, M|279\/279\n|move|p2a: Reshiram|Flame Charge|p1a: Mantine\n|-resisted|p1a: Mantine\n|-damage|p1a: Mantine|250\/279\n|-boost|p2a: Reshiram|spe|1\n|\n|-heal|p1a: Mantine|267\/279|[from] item: Leftovers\n|upkeep\n|turn|4\n|\n|t:|1620961513\n|switch|p2a: Alakazam|Alakazam, L82, M|224\/224\n|move|p1a: Mantine|Toxic|p2a: Alakazam\n|-status|p2a: Alakazam|tox\n|\n|-heal|p1a: Mantine|279\/279|[from] item: Leftovers\n|upkeep\n|turn|5\n|\n|t:|1620961523\n|switch|p1a: Bronzong|Bronzong, L84|232\/250\n|move|p2a: Alakazam|Psyshock|p1a: Bronzong\n|-resisted|p1a: Bronzong\n|-damage|p1a: Bronzong|203\/250\n|\n|-heal|p1a: Bronzong|218\/250|[from] item: Leftovers\n|upkeep\n|turn|6\n|\n|t:|1620961528\n|move|p2a: Alakazam|Shadow Ball|p1a: Bronzong\n|-supereffective|p1a: Bronzong\n|-damage|p1a: Bronzong|72\/250\n|move|p1a: Bronzong|Light Screen|p1a: Bronzong\n|-sidestart|p1: virga|move: Light Screen\n|\n|-heal|p1a: Bronzong|87\/250|[from] item: Leftovers\n|upkeep\n|turn|7\n|\n|t:|1620961540\n|move|p2a: Alakazam|Shadow Ball|p1a: Bronzong\n|-supereffective|p1a: Bronzong\n|-damage|p1a: Bronzong|13\/250\n|move|p1a: Bronzong|Iron Head|p2a: Alakazam\n|-damage|p2a: Alakazam|92\/224 tox\n|\n|-heal|p1a: Bronzong|28\/250|[from] item: Leftovers\n|upkeep\n|turn|8\n|\n|t:|1620961547\n|move|p2a: Alakazam|Shadow Ball|p1a: Bronzong\n|-supereffective|p1a: Bronzong\n|-damage|p1a: Bronzong|0 fnt\n|faint|p1a: Bronzong\n|\n|upkeep\n|\n|t:|1620961565\n|switch|p1a: Mantine|Mantine, L84, M|279\/279\n|turn|9\n|\n|t:|1620961571\n|switch|p2a: Vaporeon|Vaporeon, L86, M|364\/364\n|move|p1a: Mantine|Scald|p2a: Vaporeon\n|-immune|p2a: Vaporeon|[from] ability: Water Absorb\n|\n|upkeep\n|turn|10\n|\n|t:|1620961576\n|switch|p2a: Alakazam|Alakazam, L82, M|92\/224 tox\n|move|p1a: Mantine|Toxic|p2a: Alakazam\n|-fail|p2a: Alakazam|tox\n|\n|-sideend|p1: virga|move: Light Screen\n|upkeep\n|turn|11\n|\n|t:|1620961578\n|move|p2a: Alakazam|Psyshock|p1a: Mantine\n|-damage|p1a: Mantine|126\/279\n|move|p1a: Mantine|Scald|p2a: Alakazam\n|-damage|p2a: Alakazam|25\/224 tox\n|\n|-heal|p1a: Mantine|143\/279|[from] item: Leftovers\n|upkeep\n|turn|12\n|\n|t:|1620961607\n|switch|p1a: Hitmontop|Hitmontop, L86, M|226\/226\n|-ability|p1a: Hitmontop|Intimidate|boost\n|-unboost|p2a: Alakazam|atk|1\n|move|p2a: Alakazam|Psyshock|p1a: Hitmontop\n|-supereffective|p1a: Hitmontop\n|-damage|p1a: Hitmontop|0 fnt\n|faint|p1a: Hitmontop\n|\n|upkeep\n|\n|t:|1620961608\n|switch|p1a: Mimikyu|Mimikyu, L82, F|224\/224\n|turn|13\n|\n|t:|1620961618\n|switch|p2a: Sawsbuck|Sawsbuck-Winter, L88, F|284\/284\n|move|p1a: Mimikyu|Play Rough|p2a: Sawsbuck\n|-damage|p2a: Sawsbuck|193\/284\n|\n|-heal|p2a: Sawsbuck|210\/284|[from] item: Leftovers\n|upkeep\n|turn|14\n|\n|t:|1620961629\n|move|p2a: Sawsbuck|Horn Leech|p1a: Mimikyu\n|-activate|p1a: Mimikyu|ability: Disguise\n|-damage|p1a: Mimikyu|224\/224\n|detailschange|p1a: Mimikyu|Mimikyu-Busted, L82, F\n|-zpower|p1a: Mimikyu\n|move|p1a: Mimikyu|Let's Snuggle Forever|p2a: Sawsbuck|[zeffect]\n|-damage|p2a: Sawsbuck|11\/284\n|\n|-heal|p2a: Sawsbuck|28\/284|[from] item: Leftovers\n|upkeep\n|turn|15\n|\n|t:|1620961639\n|switch|p1a: Thundurus|Thundurus, L82, M|263\/263\n|move|p2a: Sawsbuck|Horn Leech|p1a: Thundurus\n|-resisted|p1a: Thundurus\n|-damage|p1a: Thundurus|213\/263\n|-heal|p2a: Sawsbuck|53\/284|[from] drain|[of] p1a: Thundurus\n|\n|-heal|p1a: Thundurus|229\/263|[from] item: Leftovers\n|-heal|p2a: Sawsbuck|70\/284|[from] item: Leftovers\n|upkeep\n|turn|16\n|\n|t:|1620961646\n|switch|p2a: Reshiram|Reshiram, L76|277\/277\n|-ability|p2a: Reshiram|Turboblaze\n|move|p1a: Thundurus|Hidden Power|p2a: Reshiram\n|-damage|p2a: Reshiram|207\/277\n|\n|-heal|p1a: Thundurus|245\/263|[from] item: Leftovers\n|upkeep\n|turn|17\n|\n|t:|1620961650\n|move|p1a: Thundurus|Substitute|p1a: Thundurus\n|-start|p1a: Thundurus|Substitute\n|-damage|p1a: Thundurus|180\/263\n|move|p2a: Reshiram|Blue Flare|p1a: Thundurus\n|-end|p1a: Thundurus|Substitute\n|\n|-heal|p1a: Thundurus|196\/263|[from] item: Leftovers\n|upkeep\n|turn|18\n|\n|t:|1620961655\n|move|p1a: Thundurus|Substitute|p1a: Thundurus\n|-start|p1a: Thundurus|Substitute\n|-damage|p1a: Thundurus|131\/263\n|move|p2a: Reshiram|Blue Flare|p1a: Thundurus|[miss]\n|-miss|p2a: Reshiram|p1a: Thundurus\n|\n|-heal|p1a: Thundurus|147\/263|[from] item: Leftovers\n|upkeep\n|turn|19\n|\n|t:|1620961659\n|move|p1a: Thundurus|Nasty Plot|p1a: Thundurus\n|-boost|p1a: Thundurus|spa|2\n|move|p2a: Reshiram|Flame Charge|p1a: Thundurus\n|-end|p1a: Thundurus|Substitute\n|-boost|p2a: Reshiram|spe|1\n|\n|-heal|p1a: Thundurus|163\/263|[from] item: Leftovers\n|upkeep\n|turn|20\n|\n|t:|1620961666\n|move|p2a: Reshiram|Blue Flare|p1a: Thundurus\n|-damage|p1a: Thundurus|0 fnt\n|faint|p1a: Thundurus\n|\n|upkeep\n|\n|t:|1620961669\n|switch|p1a: Mantine|Mantine, L84, M|143\/279\n|turn|21\n|\n|t:|1620961673\n|switch|p2a: Vaporeon|Vaporeon, L86, M|364\/364\n|move|p1a: Mantine|Scald|p2a: Vaporeon\n|-immune|p2a: Vaporeon|[from] ability: Water Absorb\n|\n|-heal|p1a: Mantine|160\/279|[from] item: Leftovers\n|upkeep\n|turn|22\n|\n|t:|1620961677\n|move|p1a: Mantine|Scald|p2a: Vaporeon\n|-immune|p2a: Vaporeon|[from] ability: Water Absorb\n|move|p2a: Vaporeon|Toxic|p1a: Mantine\n|-status|p1a: Mantine|tox\n|\n|-heal|p1a: Mantine|177\/279 tox|[from] item: Leftovers\n|-damage|p1a: Mantine|160\/279 tox|[from] psn\n|upkeep\n|turn|23\n|\n|t:|1620961679\n|move|p2a: Vaporeon|Protect|p2a: Vaporeon\n|-singleturn|p2a: Vaporeon|Protect\n|move|p1a: Mantine|Scald|p2a: Vaporeon\n|-activate|p2a: Vaporeon|move: Protect\n|\n|-heal|p1a: Mantine|177\/279 tox|[from] item: Leftovers\n|-damage|p1a: Mantine|143\/279 tox|[from] psn\n|upkeep\n|turn|24\n|\n|t:|1620961684\n|switch|p2a: Whimsicott|Whimsicott, L86, M|228\/243 tox\n|move|p1a: Mantine|Toxic|p2a: Whimsicott\n|-fail|p2a: Whimsicott|tox\n|\n|-heal|p2a: Whimsicott|243\/243 tox|[from] item: Leftovers\n|-heal|p1a: Mantine|160\/279 tox|[from] item: Leftovers\n|-damage|p2a: Whimsicott|228\/243 tox|[from] psn\n|-damage|p1a: Mantine|109\/279 tox|[from] psn\n|upkeep\n|turn|25\n|\n|t:|1620961687\n|move|p2a: Whimsicott|U-turn|p1a: Mantine\n|-resisted|p1a: Mantine\n|-damage|p1a: Mantine|87\/279 tox\n|\n|t:|1620961689\n|switch|p2a: Vaporeon|Vaporeon, L86, M|364\/364\n|move|p1a: Mantine|Roost|p1a: Mantine\n|-heal|p1a: Mantine|227\/279 tox\n|-singleturn|p1a: Mantine|move: Roost\n|\n|-heal|p1a: Mantine|244\/279 tox|[from] item: Leftovers\n|-damage|p1a: Mantine|176\/279 tox|[from] psn\n|upkeep\n|turn|26\n|\n|t:|1620961694\n|switch|p1a: Mimikyu|Mimikyu-Busted, L82, F|224\/224\n|move|p2a: Vaporeon|Protect||[still]\n|-fail|p2a: Vaporeon\n|\n|upkeep\n|turn|27\n|\n|t:|1620961698\n|move|p1a: Mimikyu|Taunt|p2a: Vaporeon\n|-start|p2a: Vaporeon|move: Taunt\n|cant|p2a: Vaporeon|move: Taunt|Toxic\n|\n|upkeep\n|turn|28\n|\n|t:|1620961702\n|move|p1a: Mimikyu|Swords Dance|p1a: Mimikyu\n|-boost|p1a: Mimikyu|atk|2\n|move|p2a: Vaporeon|Scald|p1a: Mimikyu\n|-damage|p1a: Mimikyu|142\/224\n|-status|p1a: Mimikyu|brn\n|\n|-damage|p1a: Mimikyu|128\/224 brn|[from] brn\n|upkeep\n|turn|29\n|\n|t:|1620961708\n|switch|p2a: Whimsicott|Whimsicott, L86, M|228\/243 tox\n|move|p1a: Mimikyu|Swords Dance|p1a: Mimikyu\n|-boost|p1a: Mimikyu|atk|2\n|\n|-heal|p2a: Whimsicott|243\/243 tox|[from] item: Leftovers\n|-damage|p2a: Whimsicott|228\/243 tox|[from] psn\n|-damage|p1a: Mimikyu|114\/224 brn|[from] brn\n|upkeep\n|turn|30\n|\n|t:|1620961714\n|move|p2a: Whimsicott|Moonblast|p1a: Mimikyu\n|-damage|p1a: Mimikyu|41\/224 brn\n|move|p1a: Mimikyu|Play Rough|p2a: Whimsicott\n|-damage|p2a: Whimsicott|90\/243 tox\n|\n|-heal|p2a: Whimsicott|105\/243 tox|[from] item: Leftovers\n|-damage|p2a: Whimsicott|75\/243 tox|[from] psn\n|-damage|p1a: Mimikyu|27\/224 brn|[from] brn\n|upkeep\n|turn|31\n|\n|t:|1620961722\n|switch|p2a: Sawsbuck|Sawsbuck-Winter, L88, F|70\/284\n|move|p1a: Mimikyu|Shadow Claw|p2a: Sawsbuck\n|-immune|p2a: Sawsbuck\n|\n|-heal|p2a: Sawsbuck|87\/284|[from] item: Leftovers\n|-damage|p1a: Mimikyu|13\/224 brn|[from] brn\n|upkeep\n|turn|32\n|\n|t:|1620961726\n|move|p2a: Sawsbuck|Horn Leech|p1a: Mimikyu\n|-damage|p1a: Mimikyu|0 fnt\n|-heal|p2a: Sawsbuck|94\/284|[from] drain|[of] p1a: Mimikyu\n|faint|p1a: Mimikyu\n|\n|-heal|p2a: Sawsbuck|111\/284|[from] item: Leftovers\n|upkeep\n|\n|t:|1620961739\n|switch|p1a: Mantine|Mantine, L84, M|176\/279 tox\n|turn|33\n|\n|t:|1620961744\n|move|p2a: Sawsbuck|Substitute|p2a: Sawsbuck\n|-start|p2a: Sawsbuck|Substitute\n|-damage|p2a: Sawsbuck|40\/284\n|move|p1a: Mantine|Toxic||[still]\n|-fail|p1a: Mantine\n|\n|-heal|p2a: Sawsbuck|57\/284|[from] item: Leftovers\n|-heal|p1a: Mantine|193\/279 tox|[from] item: Leftovers\n|-damage|p1a: Mantine|176\/279 tox|[from] psn\n|upkeep\n|turn|34\n|\n|t:|1620961747\n|move|p2a: Sawsbuck|Horn Leech|p1a: Mantine\n|-damage|p1a: Mantine|65\/279 tox\n|-heal|p2a: Sawsbuck|113\/284|[from] drain|[of] p1a: Mantine\n|move|p1a: Mantine|Scald|p2a: Sawsbuck\n|-resisted|p2a: Sawsbuck\n|-activate|p2a: Sawsbuck|move: Substitute|[damage]\n|\n|-heal|p2a: Sawsbuck|130\/284|[from] item: Leftovers\n|-heal|p1a: Mantine|82\/279 tox|[from] item: Leftovers\n|-damage|p1a: Mantine|48\/279 tox|[from] psn\n|upkeep\n|turn|35\n|\n|t:|1620961751\n|move|p2a: Sawsbuck|Horn Leech|p1a: Mantine\n|-damage|p1a: Mantine|0 fnt\n|-heal|p2a: Sawsbuck|154\/284|[from] drain|[of] p1a: Mantine\n|faint|p1a: Mantine\n|\n|-heal|p2a: Sawsbuck|171\/284|[from] item: Leftovers\n|upkeep\n|\n|t:|1620961752\n|switch|p1a: Ludicolo|Ludicolo, L88, M|284\/284\n|turn|36\n|\n|t:|1620961755\n|move|p2a: Sawsbuck|Horn Leech|p1a: Ludicolo\n|-damage|p1a: Ludicolo|173\/284\n|-heal|p2a: Sawsbuck|227\/284|[from] drain|[of] p1a: Ludicolo\n|move|p1a: Ludicolo|Ice Beam|p2a: Sawsbuck\n|-supereffective|p2a: Sawsbuck\n|-end|p2a: Sawsbuck|Substitute\n|-damage|p1a: Ludicolo|145\/284|[from] item: Life Orb\n|\n|-heal|p2a: Sawsbuck|244\/284|[from] item: Leftovers\n|upkeep\n|turn|37\n|\n|t:|1620961759\n|move|p2a: Sawsbuck|Horn Leech|p1a: Ludicolo\n|-damage|p1a: Ludicolo|40\/284\n|-heal|p2a: Sawsbuck|284\/284|[from] drain|[of] p1a: Ludicolo\n|move|p1a: Ludicolo|Ice Beam|p2a: Sawsbuck\n|-supereffective|p2a: Sawsbuck\n|-damage|p2a: Sawsbuck|89\/284\n|-damage|p1a: Ludicolo|12\/284|[from] item: Life Orb\n|\n|-heal|p2a: Sawsbuck|106\/284|[from] item: Leftovers\n|upkeep\n|turn|38\n|-message|virga forfeited.\n|\n|win|Buhrito\n|raw|virga's rating: 1577 &rarr; <strong>1560<\/strong><br \/>(-17 for losing)\n|raw|Buhrito's rating: 1625 &rarr; <strong>1642<\/strong><br \/>(+17 for winning)\n|l|\u2606virga\n","inputlog":">version 172408838a2cb0a5ceb5f2f2cdc4bd3ff179fcfa\n>start {\"formatid\":\"gen7randombattle\",\"seed\":[17110,21531,14550,29218],\"rated\":\"Rated battle\"}\n>player p1 {\"name\":\"virga\",\"avatar\":\"mina\",\"rating\":1577,\"seed\":[49550,32783,64687,48495]}\n>player p2 {\"name\":\"Buhrito\",\"avatar\":\"preschooler\",\"rating\":1625,\"seed\":[23078,4265,48685,59456]}\n>p1 move toxic\n>p2 switch 4\n>p1 switch 3\n>p2 move uturn\n>p2 switch 6\n>p1 switch 4\n>p2 move flamecharge\n>p1 move toxic\n>p2 switch 3\n>p1 switch 4\n>p2 move psyshock\n>p1 move lightscreen\n>p2 move shadowball\n>p1 move ironhead\n>p2 move shadowball\n>p1 move ironhead\n>p2 move shadowball\n>p1 switch 4\n>p1 move scald\n>p2 switch 2\n>p1 move toxic\n>p2 switch 2\n>p1 move scald\n>p2 move psyshock\n>p1 switch 3\n>p2 move psyshock\n>p1 switch 5\n>p1 move playrough\n>p2 switch 4\n>p1 move playrough zmove\n>p2 move hornleech\n>p1 switch 6\n>p2 move hornleech\n>p1 move hiddenpower\n>p2 switch 3\n>p1 move substitute\n>p2 move blueflare\n>p1 move substitute\n>p2 move blueflare\n>p1 move nastyplot\n>p2 move flamecharge\n>p1 move hiddenpower\n>p2 move blueflare\n>p1 switch 3\n>p1 move scald\n>p2 switch 2\n>p1 move scald\n>p2 move toxic\n>p1 move scald\n>p2 move protect\n>p1 move toxic\n>p2 switch 6\n>p1 move roost\n>p2 move uturn\n>p2 switch 6\n>p1 switch 6\n>p2 move protect\n>p1 move taunt\n>p2 move toxic\n>p1 move swordsdance\n>p2 move scald\n>p1 move swordsdance\n>p2 switch 6\n>p1 move playrough\n>p2 move moonblast\n>p1 move shadowclaw\n>p2 switch 3\n>p1 move playrough\n>p2 move hornleech\n>p1 switch 6\n>p1 move toxic\n>p2 move substitute\n>p1 move scald\n>p2 move hornleech\n>p1 move scald\n>p2 move hornleech\n>p1 switch 2\n>p1 move icebeam\n>p2 move hornleech\n>p1 move icebeam\n>p2 move hornleech\n>forcelose p1","uploadtime":1620961766,"views":14,"p1id":"virga","p2id":"buhrito","formatid":"gen7randombattle","rating":1560,"private":0,"password":null}