{"id":"gen7ou-972516841","p1":"Walletinspector62","p2":"TrumpsBadger45","format":"gen7ou","log":"|j|\u2606Walletinspector62\n|j|\u2606TrumpsBadger45\n|player|p1|Walletinspector62|2|\n|player|p2|TrumpsBadger45|70|\n|teamsize|p1|6\n|teamsize|p2|6\n|gametype|singles\n|gen|7\n|tier|[Gen 7] OU\n|rule|Sleep Clause Mod: Limit one foe put to sleep\n|rule|Species Clause: Limit one of each Pok\u00e9mon\n|rule|OHKO Clause: OHKO moves are banned\n|rule|Moody Clause: Moody is banned\n|rule|Evasion Moves Clause: Evasion moves are banned\n|rule|Endless Battle Clause: Forcing endless battles is banned\n|rule|HP Percentage Mod: HP is shown in percentages\n|clearpoke\n|poke|p1|Ninetales-Alola, F|item\n|poke|p1|Gyarados, M|item\n|poke|p1|Zapdos|item\n|poke|p1|Donphan, M|item\n|poke|p1|Kartana|item\n|poke|p1|Dragalge, M|item\n|poke|p2|Gliscor, M|item\n|poke|p2|Garchomp, M|item\n|poke|p2|Umbreon, F|item\n|poke|p2|Mimikyu, M|item\n|poke|p2|Toxapex, M|item\n|poke|p2|Metagross|item\n|teampreview\n|c|\u2606Walletinspector62|Glhf\n|c|\u2606TrumpsBadger45|no slash?\n|l|\u2606TrumpsBadger45\n|player|p2|\n|j|\u2606TrumpsBadger45\n|player|p2|TrumpsBadger45|70\n|\n|start\n|switch|p1a: Reeses|Donphan, M, shiny|100\/100\n|switch|p2a: Aang|Gliscor, M|100\/100\n|turn|1\n|c|\u2606Walletinspector62|It was on the team originally but I had to make space\n|\n|move|p2a: Aang|Stealth Rock|p1a: Reeses\n|-sidestart|p1: Walletinspector62|move: Stealth Rock\n|move|p1a: Reeses|Stealth Rock|p2a: Aang\n|-sidestart|p2: TrumpsBadger45|move: Stealth Rock\n|\n|-status|p2a: Aang|tox|[from] item: Toxic Orb\n|upkeep\n|turn|2\n|\n|move|p2a: Aang|Substitute|p2a: Aang\n|-start|p2a: Aang|Substitute\n|-damage|p2a: Aang|76\/100 tox\n|move|p1a: Reeses|Rapid Spin|p2a: Aang\n|-activate|p2a: Aang|move: Substitute|[damage]\n|-sideend|p1: Walletinspector62|Stealth Rock|[from] move: Rapid Spin|[of] p1a: Reeses\n|\n|-heal|p2a: Aang|88\/100 tox|[from] ability: Poison Heal\n|upkeep\n|turn|3\n|\n|move|p1a: Reeses|Ice Shard|p2a: Aang\n|-supereffective|p2a: Aang\n|-end|p2a: Aang|Substitute\n|move|p2a: Aang|Defog|p1a: Reeses\n|-unboost|p1a: Reeses|evasion|1\n|-sideend|p2: TrumpsBadger45|Stealth Rock|[from] move: Defog|[of] p2a: Aang\n|\n|-heal|p2a: Aang|100\/100 tox|[from] ability: Poison Heal\n|upkeep\n|turn|4\n|\n|switch|p2a: Yue|Umbreon, F|100\/100\n|move|p1a: Reeses|Ice Shard|p2a: Yue\n|-damage|p2a: Yue|92\/100\n|\n|-heal|p2a: Yue|98\/100|[from] item: Leftovers\n|upkeep\n|turn|5\n|\n|switch|p1a: Emma Frost|Ninetales-Alola, F, shiny|100\/100\n|-weather|Hail|[from] ability: Snow Warning|[of] p1a: Emma Frost\n|move|p2a: Yue|Toxic|p1a: Emma Frost\n|-status|p1a: Emma Frost|tox\n|\n|-weather|Hail|[upkeep]\n|-damage|p2a: Yue|92\/100|[from] Hail\n|-heal|p2a: Yue|98\/100|[from] item: Leftovers\n|-damage|p1a: Emma Frost|95\/100 tox|[from] psn\n|upkeep\n|turn|6\n|\n|switch|p2a: Kuvira|Metagross|100\/100\n|move|p1a: Emma Frost|Nasty Plot|p1a: Emma Frost\n|-boost|p1a: Emma Frost|spa|2\n|\n|-weather|Hail|[upkeep]\n|-damage|p2a: Kuvira|94\/100|[from] Hail\n|-damage|p1a: Emma Frost|83\/100 tox|[from] psn\n|upkeep\n|turn|7\n|\n|switch|p1a: Reeses|Donphan, M, shiny|100\/100\n|move|p2a: Kuvira|Bullet Punch|p1a: Reeses\n|-damage|p1a: Reeses|76\/100\n|-damage|p2a: Kuvira|85\/100|[from] item: Life Orb\n|\n|-weather|Hail|[upkeep]\n|-damage|p2a: Kuvira|79\/100|[from] Hail\n|-damage|p1a: Reeses|70\/100|[from] Hail\n|-heal|p1a: Reeses|76\/100|[from] item: Leftovers\n|upkeep\n|turn|8\n|\n|switch|p2a: Aang|Gliscor, M|100\/100 tox\n|move|p1a: Reeses|Stealth Rock|p2a: Aang\n|-sidestart|p2: TrumpsBadger45|move: Stealth Rock\n|\n|-weather|Hail|[upkeep]\n|-damage|p2a: Aang|94\/100 tox|[from] Hail\n|-damage|p1a: Reeses|70\/100|[from] Hail\n|-heal|p1a: Reeses|76\/100|[from] item: Leftovers\n|-heal|p2a: Aang|100\/100 tox|[from] ability: Poison Heal\n|upkeep\n|turn|9\n|\n|switch|p2a: Yue|Umbreon, F|98\/100\n|-damage|p2a: Yue|85\/100|[from] Stealth Rock\n|move|p1a: Reeses|Ice Shard|p2a: Yue\n|-damage|p2a: Yue|76\/100\n|\n|-weather|none\n|-heal|p2a: Yue|82\/100|[from] item: Leftovers\n|-heal|p1a: Reeses|82\/100|[from] item: Leftovers\n|upkeep\n|turn|10\n|\n|switch|p1a: Emma Frost|Ninetales-Alola, F, shiny|83\/100 tox\n|-weather|Hail|[from] ability: Snow Warning|[of] p1a: Emma Frost\n|move|p2a: Yue|Foul Play|p1a: Emma Frost\n|-resisted|p1a: Emma Frost\n|-damage|p1a: Emma Frost|70\/100 tox\n|\n|-weather|Hail|[upkeep]\n|-damage|p2a: Yue|76\/100|[from] Hail\n|-heal|p2a: Yue|82\/100|[from] item: Leftovers\n|-damage|p1a: Emma Frost|64\/100 tox|[from] psn\n|upkeep\n|turn|11\n|\n|move|p1a: Emma Frost|Aurora Veil|p1a: Emma Frost\n|-sidestart|p1: Walletinspector62|move: Aurora Veil\n|move|p2a: Yue|Wish|p2a: Yue\n|\n|-weather|Hail|[upkeep]\n|-damage|p2a: Yue|76\/100|[from] Hail\n|-heal|p2a: Yue|82\/100|[from] item: Leftovers\n|-damage|p1a: Emma Frost|52\/100 tox|[from] psn\n|upkeep\n|turn|12\n|\n|switch|p1a: Big Bird|Zapdos|100\/100\n|switch|p2a: Kuvira|Metagross|79\/100\n|-damage|p2a: Kuvira|72\/100|[from] Stealth Rock\n|\n|-weather|Hail|[upkeep]\n|-damage|p1a: Big Bird|94\/100|[from] Hail\n|-damage|p2a: Kuvira|66\/100|[from] Hail\n|-heal|p2a: Kuvira|100\/100|[from] move: Wish|[wisher] Yue\n|-heal|p1a: Big Bird|100\/100|[from] item: Leftovers\n|upkeep\n|turn|13\n|\n|move|p1a: Big Bird|Heat Wave|p2a: Kuvira\n|-supereffective|p2a: Kuvira\n|-damage|p2a: Kuvira|43\/100\n|move|p2a: Kuvira|Brick Break|p1a: Big Bird\n|-sideend|p1: Walletinspector62|move: Aurora Veil\n|-resisted|p1a: Big Bird\n|-damage|p1a: Big Bird|87\/100\n|-status|p2a: Kuvira|par|[from] ability: Static|[of] p1a: Big Bird\n|-damage|p2a: Kuvira|33\/100 par|[from] item: Life Orb\n|\n|-weather|Hail|[upkeep]\n|-damage|p1a: Big Bird|81\/100|[from] Hail\n|-damage|p2a: Kuvira|27\/100 par|[from] Hail\n|-heal|p1a: Big Bird|87\/100|[from] item: Leftovers\n|upkeep\n|turn|14\n|\n|switch|p2a: Yue|Umbreon, F|82\/100\n|-damage|p2a: Yue|70\/100|[from] Stealth Rock\n|move|p1a: Big Bird|Hidden Power|p2a: Yue\n|-damage|p2a: Yue|60\/100\n|\n|-weather|none\n|-heal|p1a: Big Bird|93\/100|[from] item: Leftovers\n|-heal|p2a: Yue|66\/100|[from] item: Leftovers\n|upkeep\n|turn|15\n|\n|switch|p1a: Emma Frost|Ninetales-Alola, F, shiny|52\/100 tox\n|-weather|Hail|[from] ability: Snow Warning|[of] p1a: Emma Frost\n|move|p2a: Yue|Toxic|p1a: Emma Frost\n|-fail|p1a: Emma Frost|tox\n|\n|-weather|Hail|[upkeep]\n|-damage|p2a: Yue|60\/100|[from] Hail\n|-heal|p2a: Yue|66\/100|[from] item: Leftovers\n|-damage|p1a: Emma Frost|46\/100 tox|[from] psn\n|upkeep\n|turn|16\n|\n|move|p1a: Emma Frost|Moonblast|p2a: Yue\n|-supereffective|p2a: Yue\n|-damage|p2a: Yue|2\/100\n|-unboost|p2a: Yue|spa|1\n|-damage|p1a: Emma Frost|36\/100 tox|[from] item: Life Orb\n|move|p2a: Yue|Wish|p2a: Yue\n|\n|-weather|Hail|[upkeep]\n|-damage|p2a: Yue|0 fnt|[from] Hail\n|faint|p2a: Yue\n|-damage|p1a: Emma Frost|25\/100 tox|[from] psn\n|upkeep\n|\n|switch|p2a: Kuvira|Metagross|27\/100 par\n|-damage|p2a: Kuvira|21\/100 par|[from] Stealth Rock\n|turn|17\n|\n|cant|p2a: Kuvira|par\n|move|p1a: Emma Frost|Aurora Veil|p1a: Emma Frost\n|-sidestart|p1: Walletinspector62|move: Aurora Veil\n|\n|-weather|Hail|[upkeep]\n|-damage|p2a: Kuvira|15\/100 par|[from] Hail\n|-heal|p2a: Kuvira|69\/100 par|[from] move: Wish|[wisher] Yue\n|-damage|p1a: Emma Frost|7\/100 tox|[from] psn\n|upkeep\n|turn|18\n|\n|switch|p1a: Big Bird|Zapdos|93\/100\n|move|p2a: Kuvira|Bullet Punch|p1a: Big Bird\n|-resisted|p1a: Big Bird\n|-damage|p1a: Big Bird|87\/100\n|-damage|p2a: Kuvira|59\/100 par|[from] item: Life Orb\n|\n|-weather|Hail|[upkeep]\n|-damage|p1a: Big Bird|81\/100|[from] Hail\n|-damage|p2a: Kuvira|53\/100 par|[from] Hail\n|-heal|p1a: Big Bird|87\/100|[from] item: Leftovers\n|upkeep\n|turn|19\n|\n|switch|p2a: Aang|Gliscor, M|100\/100 tox\n|-damage|p2a: Aang|88\/100 tox|[from] Stealth Rock\n|move|p1a: Big Bird|Heat Wave|p2a: Aang\n|-damage|p2a: Aang|54\/100 tox\n|\n|-weather|none\n|-heal|p1a: Big Bird|94\/100|[from] item: Leftovers\n|-heal|p2a: Aang|66\/100 tox|[from] ability: Poison Heal\n|upkeep\n|turn|20\n|\n|move|p1a: Big Bird|Hidden Power|p2a: Aang\n|-supereffective|p2a: Aang\n|-damage|p2a: Aang|0 fnt\n|faint|p2a: Aang\n|\n|-heal|p1a: Big Bird|99\/100|[from] item: Leftovers\n|upkeep\n|\n|switch|p2a: Hu|Toxapex, M|100\/100\n|-damage|p2a: Hu|88\/100|[from] Stealth Rock\n|turn|21\n|\n|move|p2a: Hu|Baneful Bunker|p2a: Hu\n|-singleturn|p2a: Hu|move: Protect\n|move|p1a: Big Bird|Thunderbolt|p2a: Hu\n|-activate|p2a: Hu|move: Protect\n|\n|-heal|p1a: Big Bird|100\/100|[from] item: Leftovers\n|-heal|p2a: Hu|94\/100|[from] item: Black Sludge\n|-sideend|p1: Walletinspector62|move: Aurora Veil\n|upkeep\n|turn|22\n|\n|switch|p2a: Korra|Garchomp, M|100\/100\n|-damage|p2a: Korra|94\/100|[from] Stealth Rock\n|move|p1a: Big Bird|Thunderbolt|p2a: Korra\n|-immune|p2a: Korra\n|\n|upkeep\n|turn|23\n|\n|move|p2a: Korra|Dragon Claw|p1a: Big Bird\n|-damage|p1a: Big Bird|69\/100\n|move|p1a: Big Bird|Hidden Power|p2a: Korra\n|-supereffective|p2a: Korra\n|-damage|p2a: Korra|23\/100\n|\n|-heal|p1a: Big Bird|75\/100|[from] item: Leftovers\n|upkeep\n|turn|24\n|\n|switch|p2a: Hu|Toxapex, M|100\/100\n|-damage|p2a: Hu|88\/100|[from] Stealth Rock\n|move|p1a: Big Bird|Hidden Power|p2a: Hu\n|-resisted|p2a: Hu\n|-damage|p2a: Hu|82\/100\n|\n|-heal|p1a: Big Bird|82\/100|[from] item: Leftovers\n|-heal|p2a: Hu|89\/100|[from] item: Black Sludge\n|upkeep\n|turn|25\n|\n|switch|p2a: Kuvira|Metagross|53\/100 par\n|-damage|p2a: Kuvira|47\/100 par|[from] Stealth Rock\n|move|p1a: Big Bird|Thunderbolt|p2a: Kuvira\n|-damage|p2a: Kuvira|11\/100 par\n|\n|-heal|p1a: Big Bird|88\/100|[from] item: Leftovers\n|upkeep\n|turn|26\n|\n|move|p1a: Big Bird|Hidden Power|p2a: Kuvira\n|-resisted|p2a: Kuvira\n|-crit|p2a: Kuvira\n|-damage|p2a: Kuvira|0 fnt\n|faint|p2a: Kuvira\n|\n|-heal|p1a: Big Bird|94\/100|[from] item: Leftovers\n|upkeep\n|\n|switch|p2a: Ko|Mimikyu, M|100\/100\n|-damage|p2a: Ko|88\/100|[from] Stealth Rock\n|turn|27\n|\n|move|p1a: Big Bird|Thunderbolt|p2a: Ko\n|-activate|p2a: Ko|ability: Disguise\n|-damage|p2a: Ko|88\/100\n|detailschange|p2a: Ko|Mimikyu-Busted, M\n|move|p2a: Ko|Swords Dance|p2a: Ko\n|-boost|p2a: Ko|atk|2\n|\n|-heal|p1a: Big Bird|100\/100|[from] item: Leftovers\n|upkeep\n|turn|28\n|\n|move|p1a: Big Bird|Thunderbolt|p2a: Ko\n|-damage|p2a: Ko|46\/100\n|-status|p2a: Ko|par\n|cant|p2a: Ko|par\n|\n|upkeep\n|turn|29\n|c|\u2606Walletinspector62|Oof sorry for hax\n|c|\u2606TrumpsBadger45|FFFFFFFFFFFFFFFFFF\n|\n|move|p1a: Big Bird|Thunderbolt|p2a: Ko\n|-damage|p2a: Ko|6\/100 par\n|cant|p2a: Ko|par\n|\n|upkeep\n|turn|30\n|c|\u2606TrumpsBadger45|I AM FUCKING DONE WITH THIS FUCKING GAME\n|\n|move|p2a: Ko|Shadow Sneak|p1a: Big Bird\n|-damage|p1a: Big Bird|80\/100\n|move|p1a: Big Bird|Hidden Power|p2a: Ko\n|-crit|p2a: Ko\n|-damage|p2a: Ko|0 fnt\n|faint|p2a: Ko\n|\n|-heal|p1a: Big Bird|86\/100|[from] item: Leftovers\n|upkeep\n|c|\u2606TrumpsBadger45|so shadow sneak wirkd but not LETS SNUGGLE FOREVER\n|\n|switch|p2a: Korra|Garchomp, M|23\/100\n|-damage|p2a: Korra|17\/100|[from] Stealth Rock\n|turn|31\n|\n|move|p2a: Korra|Poison Jab|p1a: Big Bird\n|-damage|p1a: Big Bird|64\/100\n|move|p1a: Big Bird|Hidden Power|p2a: Korra\n|-supereffective|p2a: Korra\n|-damage|p2a: Korra|0 fnt\n|faint|p2a: Korra\n|\n|-heal|p1a: Big Bird|70\/100|[from] item: Leftovers\n|upkeep\n|\n|switch|p2a: Hu|Toxapex, M|100\/100\n|-damage|p2a: Hu|88\/100|[from] Stealth Rock\n|turn|32\n|\n|move|p1a: Big Bird|Thunderbolt|p2a: Hu\n|-supereffective|p2a: Hu\n|-damage|p2a: Hu|32\/100\n|move|p2a: Hu|Scald|p1a: Big Bird\n|-damage|p1a: Big Bird|54\/100\n|\n|-heal|p1a: Big Bird|60\/100|[from] item: Leftovers\n|-heal|p2a: Hu|38\/100|[from] item: Black Sludge\n|upkeep\n|turn|33\n|c|\u2606Walletinspector62|Gg\n|\n|move|p2a: Hu|Baneful Bunker|p2a: Hu\n|-singleturn|p2a: Hu|move: Protect\n|move|p1a: Big Bird|Thunderbolt|p2a: Hu\n|-activate|p2a: Hu|move: Protect\n|\n|-heal|p1a: Big Bird|67\/100|[from] item: Leftovers\n|-heal|p2a: Hu|45\/100|[from] item: Black Sludge\n|upkeep\n|turn|34\n|c|\u2606TrumpsBadger45|gg\n|\n|move|p1a: Big Bird|Thunderbolt|p2a: Hu\n|-supereffective|p2a: Hu\n|-damage|p2a: Hu|0 fnt\n|faint|p2a: Hu\n|\n|win|Walletinspector62\n|l|\u2606TrumpsBadger45\n","uploadtime":1567892136,"views":41,"p1id":"walletinspector62","p2id":"trumpsbadger45","formatid":"gen7ou","rating":0,"private":0,"password":null}