{"id":"gen7ou-997013836","p1":"Grc111","p2":"JoeyOwesMeMoney","format":"gen7ou","log":"|j|\u2606Grc111\n|j|\u2606JoeyOwesMeMoney\n|player|p1|Grc111|170|1851\n|player|p2|JoeyOwesMeMoney|2|1755\n|teamsize|p1|6\n|teamsize|p2|6\n|gametype|singles\n|gen|7\n|tier|[Gen 7] OU\n|rated|\n|rule|Sleep Clause Mod: Limit one foe put to sleep\n|rule|Species Clause: Limit one of each Pok\u00e9mon\n|rule|OHKO Clause: OHKO moves are banned\n|rule|Moody Clause: Moody is banned\n|rule|Evasion Moves Clause: Evasion moves are banned\n|rule|Endless Battle Clause: Forcing endless battles is banned\n|rule|HP Percentage Mod: HP is shown in percentages\n|clearpoke\n|poke|p1|Garchomp, F|item\n|poke|p1|Magearna|item\n|poke|p1|Scizor, F|item\n|poke|p1|Hoopa-Unbound|item\n|poke|p1|Tapu Lele|item\n|poke|p1|Keldeo-Resolute|item\n|poke|p2|Skarmory, F|item\n|poke|p2|Chansey, F|item\n|poke|p2|Magnezone|item\n|poke|p2|Toxapex, F|item\n|poke|p2|Clefable, M|item\n|poke|p2|Sableye, M|item\n|teampreview\n|\n|start\n|switch|p1a: Magearna|Magearna|100\/100\n|switch|p2a: Sableye|Sableye, M|100\/100\n|turn|1\n|\n|detailschange|p2a: Sableye|Sableye-Mega, M\n|-mega|p2a: Sableye|Sableye|Sablenite\n|move|p1a: Magearna|Calm Mind|p1a: Magearna\n|-boost|p1a: Magearna|spa|1\n|-boost|p1a: Magearna|spd|1\n|move|p2a: Sableye|Knock Off|p1a: Magearna\n|-resisted|p1a: Magearna\n|-damage|p1a: Magearna|90\/100\n|-enditem|p1a: Magearna|Leftovers|[from] move: Knock Off|[of] p2a: Sableye\n|\n|upkeep\n|turn|2\n|\n|move|p1a: Magearna|Thunderbolt|p2a: Sableye\n|-damage|p2a: Sableye|72\/100\n|move|p2a: Sableye|Will-O-Wisp|p1a: Magearna\n|-status|p1a: Magearna|brn\n|\n|-damage|p1a: Magearna|84\/100 brn|[from] brn\n|upkeep\n|turn|3\n|inactive|Battle timer is ON: inactive players will automatically lose when time's up. (requested by Grc111)\n|\n|move|p2a: Sableye|Protect|p2a: Sableye\n|-singleturn|p2a: Sableye|Protect\n|move|p1a: Magearna|Calm Mind|p1a: Magearna\n|-boost|p1a: Magearna|spa|1\n|-boost|p1a: Magearna|spd|1\n|\n|-damage|p1a: Magearna|78\/100 brn|[from] brn\n|upkeep\n|turn|4\n|j| thiagoanderson\n|\n|switch|p2a: Magnezone|Magnezone|100\/100\n|move|p1a: Magearna|Fleur Cannon|p2a: Magnezone\n|-resisted|p2a: Magnezone\n|-damage|p2a: Magnezone|32\/100\n|-unboost|p1a: Magearna|spa|2\n|\n|-damage|p1a: Magearna|72\/100 brn|[from] brn\n|upkeep\n|turn|5\n|\n|move|p2a: Magnezone|Volt Switch|p1a: Magearna\n|-damage|p1a: Magearna|58\/100 brn\n|\n|switch|p2a: Sableye|Sableye-Mega, M|72\/100|[from]move: Volt Switch\n|move|p1a: Magearna|Calm Mind|p1a: Magearna\n|-boost|p1a: Magearna|spa|1\n|-boost|p1a: Magearna|spd|1\n|\n|-damage|p1a: Magearna|52\/100 brn|[from] brn\n|upkeep\n|turn|6\n|\n|move|p2a: Sableye|Protect|p2a: Sableye\n|-singleturn|p2a: Sableye|Protect\n|move|p1a: Magearna|Calm Mind|p1a: Magearna\n|-boost|p1a: Magearna|spa|1\n|-boost|p1a: Magearna|spd|1\n|\n|-damage|p1a: Magearna|46\/100 brn|[from] brn\n|upkeep\n|turn|7\n|j| sealxs\n|\n|switch|p2a: Clefable|Clefable, M|100\/100\n|move|p1a: Magearna|Thunderbolt|p2a: Clefable\n|-damage|p2a: Clefable|78\/100\n|\n|-heal|p2a: Clefable|84\/100|[from] item: Leftovers\n|-damage|p1a: Magearna|40\/100 brn|[from] brn\n|upkeep\n|turn|8\n|\n|move|p2a: Clefable|Protect|p2a: Clefable\n|-singleturn|p2a: Clefable|Protect\n|move|p1a: Magearna|Thunderbolt|p2a: Clefable\n|-activate|p2a: Clefable|move: Protect\n|\n|-heal|p2a: Clefable|90\/100|[from] item: Leftovers\n|-damage|p1a: Magearna|34\/100 brn|[from] brn\n|upkeep\n|turn|9\n|\n|switch|p2a: Sableye|Sableye-Mega, M|72\/100\n|move|p1a: Magearna|Pain Split|p2a: Sableye\n|-sethp|p2a: Sableye|56\/100|[from] move: Pain Split|[silent]\n|-sethp|p1a: Magearna|47\/100 brn|[from] move: Pain Split\n|\n|-damage|p1a: Magearna|41\/100 brn|[from] brn\n|upkeep\n|turn|10\n|\n|move|p2a: Sableye|Protect|p2a: Sableye\n|-singleturn|p2a: Sableye|Protect\n|move|p1a: Magearna|Thunderbolt|p2a: Sableye\n|-activate|p2a: Sableye|move: Protect\n|\n|-damage|p1a: Magearna|35\/100 brn|[from] brn\n|upkeep\n|turn|11\n|\n|move|p1a: Magearna|Fleur Cannon|p2a: Sableye\n|-supereffective|p2a: Sableye\n|-damage|p2a: Sableye|0 fnt\n|-unboost|p1a: Magearna|spa|2\n|faint|p2a: Sableye\n|-ability|p1a: Magearna|Soul-Heart|boost\n|-boost|p1a: Magearna|spa|1\n|\n|-damage|p1a: Magearna|29\/100 brn|[from] brn\n|upkeep\n|inactive|JoeyOwesMeMoney has 120 seconds left.\n|c|\u2606Grc111|I dont know why u keep throwing that shit onto mag\n|inactive|JoeyOwesMeMoney has 90 seconds left.\n|j| Sir Isaac Mewton\n|c|\u2606Grc111|Zzz\n|inactive|JoeyOwesMeMoney has 60 seconds left.\n|\n|switch|p2a: Magnezone|Magnezone|32\/100\n|turn|12\n|inactive|Grc111 has 120 seconds left.\n|\n|move|p2a: Magnezone|Volt Switch|p1a: Magearna\n|-damage|p1a: Magearna|20\/100 brn\n|\n|switch|p2a: Clefable|Clefable, M|90\/100|[from]move: Volt Switch\n|move|p1a: Magearna|Fleur Cannon|p2a: Clefable\n|-damage|p2a: Clefable|38\/100\n|-unboost|p1a: Magearna|spa|2\n|\n|-heal|p2a: Clefable|44\/100|[from] item: Leftovers\n|-damage|p1a: Magearna|14\/100 brn|[from] brn\n|upkeep\n|turn|13\n|inactive|Grc111 has 120 seconds left.\n|inactive|JoeyOwesMeMoney has 60 seconds left.\n|\n|switch|p2a: Magnezone|Magnezone|32\/100\n|move|p1a: Magearna|Fleur Cannon|p2a: Magnezone\n|-resisted|p2a: Magnezone\n|-damage|p2a: Magnezone|6\/100\n|-unboost|p1a: Magearna|spa|2\n|\n|-damage|p1a: Magearna|8\/100 brn|[from] brn\n|upkeep\n|turn|14\n|\n|move|p2a: Magnezone|Volt Switch|p1a: Magearna\n|-damage|p1a: Magearna|0 fnt\n|faint|p1a: Magearna\n|\n|switch|p2a: Clefable|Clefable, M|44\/100|[from]move: Volt Switch\n|\n|-heal|p2a: Clefable|50\/100|[from] item: Leftovers\n|upkeep\n|j| tanghuiming\n|j| JC TheFlygon'\n|inactive|Grc111 has 90 seconds left.\n|j| X\u4e36chansey\n|\n|switch|p1a: Hoopa|Hoopa-Unbound|100\/100\n|turn|15\n|\n|switch|p2a: Magnezone|Magnezone|6\/100\n|move|p1a: Hoopa|Gunk Shot|p2a: Magnezone\n|-immune|p2a: Magnezone\n|\n|upkeep\n|turn|16\n|\n|move|p2a: Magnezone|Volt Switch|p1a: Hoopa\n|-damage|p1a: Hoopa|68\/100\n|inactive|JoeyOwesMeMoney has 60 seconds left.\n|\n|switch|p2a: Toxapex|Toxapex, F|100\/100|[from]move: Volt Switch\n|move|p1a: Hoopa|Dark Pulse|p2a: Toxapex\n|-damage|p2a: Toxapex|56\/100\n|-damage|p1a: Hoopa|58\/100|[from] item: Life Orb\n|\n|-heal|p2a: Toxapex|62\/100|[from] item: Black Sludge\n|upkeep\n|turn|17\n|j| The Radiant Me\n|\n|switch|p2a: Chansey|Chansey, F|100\/100\n|move|p1a: Hoopa|Dark Pulse|p2a: Chansey\n|-damage|p2a: Chansey|84\/100\n|-damage|p1a: Hoopa|48\/100|[from] item: Life Orb\n|\n|upkeep\n|turn|18\n|\n|switch|p2a: Toxapex|Toxapex, F|96\/100\n|move|p1a: Hoopa|Drain Punch|p2a: Toxapex\n|-resisted|p2a: Toxapex\n|-damage|p2a: Toxapex|83\/100\n|-heal|p1a: Hoopa|54\/100|[from] drain|[of] p2a: Toxapex\n|-damage|p1a: Hoopa|44\/100|[from] item: Life Orb\n|\n|-heal|p2a: Toxapex|89\/100|[from] item: Black Sludge\n|upkeep\n|turn|19\n|\n|move|p1a: Hoopa|Dark Pulse|p2a: Toxapex\n|-damage|p2a: Toxapex|40\/100\n|-damage|p1a: Hoopa|34\/100|[from] item: Life Orb\n|move|p2a: Toxapex|Toxic Spikes|p1a: Hoopa\n|-sidestart|p1: Grc111|move: Toxic Spikes\n|\n|-heal|p2a: Toxapex|46\/100|[from] item: Black Sludge\n|upkeep\n|turn|20\n|inactive|JoeyOwesMeMoney has 60 seconds left.\n|\n|switch|p2a: Skarmory|Skarmory, F|100\/100\n|move|p1a: Hoopa|Hyperspace Fury|p2a: Skarmory\n|-crit|p2a: Skarmory\n|-damage|p2a: Skarmory|26\/100\n|-unboost|p1a: Hoopa|def|1\n|-damage|p1a: Hoopa|24\/100|[from] item: Life Orb\n|\n|upkeep\n|turn|21\n|inactive|JoeyOwesMeMoney has 60 seconds left.\n|\n|move|p1a: Hoopa|Dark Pulse|p2a: Skarmory\n|-damage|p2a: Skarmory|0 fnt\n|-damage|p1a: Hoopa|14\/100|[from] item: Life Orb\n|faint|p2a: Skarmory\n|\n|upkeep\n|\n|switch|p2a: Magnezone|Magnezone|6\/100\n|turn|22\n|\n|switch|p1a: Keldeo|Keldeo-Resolute|100\/100\n|-status|p1a: Keldeo|psn\n|move|p2a: Magnezone|Volt Switch|p1a: Keldeo\n|-supereffective|p1a: Keldeo\n|-damage|p1a: Keldeo|9\/100 psn\n|l| X\u4e36chansey\n|\n|switch|p2a: Clefable|Clefable, M|50\/100|[from]move: Volt Switch\n|\n|-heal|p2a: Clefable|56\/100|[from] item: Leftovers\n|-damage|p1a: Keldeo|0 fnt|[from] psn\n|faint|p1a: Keldeo\n|upkeep\n|\n|switch|p1a: Scizor|Scizor, F|100\/100\n|turn|23\n|j| X\u4e36chansey\n|\n|switch|p2a: Toxapex|Toxapex, F|80\/100\n|detailschange|p1a: Scizor|Scizor-Mega, F\n|-mega|p1a: Scizor|Scizor|Scizorite\n|move|p1a: Scizor|Defog|p2a: Toxapex\n|-unboost|p2a: Toxapex|evasion|1\n|-sideend|p1: Grc111|Toxic Spikes|[from] move: Defog|[of] p1a: Scizor\n|\n|-heal|p2a: Toxapex|86\/100|[from] item: Black Sludge\n|upkeep\n|turn|24\n|\n|move|p1a: Scizor|U-turn|p2a: Toxapex\n|-resisted|p2a: Toxapex\n|-damage|p2a: Toxapex|74\/100\n|\n|switch|p1a: Garchomp|Garchomp, F|100\/100|[from]move: U-turn\n|move|p2a: Toxapex|Scald|p1a: Garchomp\n|-damage|p1a: Garchomp|83\/100\n|\n|-heal|p2a: Toxapex|80\/100|[from] item: Black Sludge\n|upkeep\n|turn|25\n|inactive|JoeyOwesMeMoney has 90 seconds left.\n|l| X\u4e36chansey\n|\n|switch|p2a: Magnezone|Magnezone|6\/100\n|move|p1a: Garchomp|Stealth Rock|p2a: Magnezone\n|-sidestart|p2: JoeyOwesMeMoney|move: Stealth Rock\n|\n|upkeep\n|turn|26\n|\n|move|p2a: Magnezone|Flash Cannon|p1a: Garchomp\n|-damage|p1a: Garchomp|36\/100\n|move|p1a: Garchomp|Earthquake|p2a: Magnezone\n|-supereffective|p2a: Magnezone\n|-damage|p2a: Magnezone|0 fnt\n|faint|p2a: Magnezone\n|\n|upkeep\n|\n|switch|p2a: Chansey|Chansey, F|84\/100\n|-damage|p2a: Chansey|71\/100|[from] Stealth Rock\n|turn|27\n|\n|move|p1a: Garchomp|Swords Dance|p1a: Garchomp\n|-boost|p1a: Garchomp|atk|2\n|move|p2a: Chansey|Soft-Boiled|p2a: Chansey\n|-heal|p2a: Chansey|100\/100\n|\n|upkeep\n|turn|28\n|\n|move|p1a: Garchomp|Earthquake|p2a: Chansey\n|-damage|p2a: Chansey|30\/100\n|move|p2a: Chansey|Soft-Boiled|p2a: Chansey\n|-heal|p2a: Chansey|80\/100\n|\n|upkeep\n|turn|29\n|\n|move|p1a: Garchomp|Earthquake|p2a: Chansey\n|-damage|p2a: Chansey|15\/100\n|move|p2a: Chansey|Toxic|p1a: Garchomp\n|-status|p1a: Garchomp|tox\n|\n|-damage|p1a: Garchomp|30\/100 tox|[from] psn\n|upkeep\n|turn|30\n|j| RpgWaffle\n|inactive|JoeyOwesMeMoney has 90 seconds left.\n|inactive|JoeyOwesMeMoney has 60 seconds left.\n|c|\u2606Grc111|Zzz\n|l| thiagoanderson\n|inactive|JoeyOwesMeMoney has 30 seconds left.\n|inactive|JoeyOwesMeMoney has 20 seconds left.\n|inactive|JoeyOwesMeMoney has 15 seconds left.\n|inactive|JoeyOwesMeMoney has 10 seconds left.\n|inactive|JoeyOwesMeMoney has 5 seconds left.\n|-message|JoeyOwesMeMoney lost due to inactivity.\n|\n|win|Grc111\n|l| Sir Isaac Mewton\n|j| FFFader\n|l| FFFader\n|raw|Grc111's rating: 1841 &rarr; <strong>1856<\/strong><br \/>(+15 for winning)\n|raw|JoeyOwesMeMoney's rating: 1755 &rarr; <strong>1740<\/strong><br \/>(-15 for losing)\n","uploadtime":1571793046,"views":88,"p1id":"grc111","p2id":"joeyowesmemoney","formatid":"gen7ou","rating":1740,"private":0,"password":null}