{"id":"gen7ou-1317714846","p1":"PedroGreg","p2":"Cesar2543\u2606","format":"gen7ou","log":"|j|\u2606PedroGreg\n|j|\u2606Cesar2543\u2606\n|t:|1617906866\n|gametype|singles\n|player|p1|PedroGreg|bianca|\n|player|p2|Cesar2543\u2606|psychic-gen2|\n|teamsize|p1|6\n|teamsize|p2|6\n|gen|7\n|tier|[Gen 7] OU\n|rated|Tournament battle\n|clearpoke\n|poke|p1|Swampert, F|item\n|poke|p1|Pelipper, F|item\n|poke|p1|Manaphy|item\n|poke|p1|Ferrothorn, M|item\n|poke|p1|Tornadus-Therian, M|item\n|poke|p1|Greninja, M|item\n|poke|p2|Skarmory, M|item\n|poke|p2|Lopunny, M|item\n|poke|p2|Reuniclus, F|item\n|poke|p2|Chansey, F|item\n|poke|p2|Gliscor, F|item\n|poke|p2|Toxapex, M|item\n|rule|Sleep Clause Mod: Limit one foe put to sleep\n|rule|Species Clause: Limit one of each Pok\u00e9mon\n|rule|OHKO Clause: OHKO moves are banned\n|rule|Moody Clause: Moody is banned\n|rule|Evasion Moves Clause: Evasion moves are banned\n|rule|Endless Battle Clause: Forcing endless battles is banned\n|rule|HP Percentage Mod: HP is shown in percentages\n|teampreview\n|c|\u2606PedroGreg|hf\n|inactive|Battle timer is ON: inactive players will automatically lose when time's up. (requested by PedroGreg)\n|c|\u2606Cesar2543\u2606|U2 migo\n|\n|t:|1617906905\n|start\n|switch|p1a: Pelipper|Pelipper, F|100\/100\n|switch|p2a: batman|Gliscor, F, shiny|100\/100\n|-weather|RainDance|[from] ability: Drizzle|[of] p1a: Pelipper\n|turn|1\n|\n|t:|1617906914\n|switch|p2a: *cancer*|Toxapex, M|100\/100\n|move|p1a: Pelipper|Knock Off|p2a: *cancer*\n|-damage|p2a: *cancer*|93\/100\n|-enditem|p2a: *cancer*|Black Sludge|[from] move: Knock Off|[of] p1a: Pelipper\n|\n|-weather|RainDance|[upkeep]\n|upkeep\n|turn|2\n|\n|t:|1617906925\n|switch|p1a: Ferrothorn|Ferrothorn, M|100\/100\n|move|p2a: *cancer*|Toxic Spikes|p1a: Ferrothorn\n|-sidestart|p1: PedroGreg|move: Toxic Spikes\n|\n|-weather|RainDance|[upkeep]\n|upkeep\n|turn|3\n|j|%Skiry\n|\n|t:|1617906932\n|move|p2a: *cancer*|Toxic Spikes|p1a: Ferrothorn\n|-sidestart|p1: PedroGreg|move: Toxic Spikes\n|move|p1a: Ferrothorn|Stealth Rock|p2a: *cancer*\n|-sidestart|p2: Cesar2543\u2606|move: Stealth Rock\n|\n|-weather|RainDance|[upkeep]\n|upkeep\n|turn|4\n|\n|t:|1617906948\n|switch|p2a: *insert name here*|Reuniclus, F|100\/100\n|move|p1a: Ferrothorn|Knock Off|p2a: *insert name here*\n|-supereffective|p2a: *insert name here*\n|-damage|p2a: *insert name here*|81\/100\n|\n|-weather|RainDance|[upkeep]\n|upkeep\n|turn|5\n|\n|t:|1617906958\n|switch|p1a: Tornadus|Tornadus-Therian, M|100\/100\n|move|p2a: *insert name here*|Calm Mind|p2a: *insert name here*\n|-boost|p2a: *insert name here*|spa|1\n|-boost|p2a: *insert name here*|spd|1\n|\n|-weather|RainDance|[upkeep]\n|upkeep\n|turn|6\n|\n|t:|1617906973\n|move|p1a: Tornadus|Defog|p2a: *insert name here*\n|-unboost|p2a: *insert name here*|evasion|1\n|-sideend|p2: Cesar2543\u2606|Stealth Rock|[from] move: Defog|[of] p1a: Tornadus\n|-sideend|p1: PedroGreg|Toxic Spikes|[from] move: Defog|[of] p1a: Tornadus\n|move|p2a: *insert name here*|Thunder|p1a: Tornadus\n|-supereffective|p1a: Tornadus\n|-damage|p1a: Tornadus|9\/100\n|\n|-weather|RainDance|[upkeep]\n|upkeep\n|turn|7\n|\n|t:|1617906983\n|move|p1a: Tornadus|Hurricane|p2a: *insert name here*\n|-damage|p2a: *insert name here*|56\/100\n|move|p2a: *insert name here*|Calm Mind|p2a: *insert name here*\n|-boost|p2a: *insert name here*|spa|1\n|-boost|p2a: *insert name here*|spd|1\n|\n|-weather|RainDance|[upkeep]\n|upkeep\n|turn|8\n|j| uzi talk\n|\n|t:|1617906991\n|move|p1a: Tornadus|U-turn|p2a: *insert name here*\n|-supereffective|p2a: *insert name here*\n|-damage|p2a: *insert name here*|36\/100\n|\n|t:|1617907009\n|switch|p1a: FUCK THAT BITCH|Greninja, M|100\/100|[from]move: U-turn\n|move|p2a: *insert name here*|Thunder|p1a: FUCK THAT BITCH\n|-supereffective|p1a: FUCK THAT BITCH\n|-damage|p1a: FUCK THAT BITCH|0 fnt\n|faint|p1a: FUCK THAT BITCH\n|\n|-weather|none\n|upkeep\n|l| uzi talk\n|\n|t:|1617907014\n|switch|p1a: TRASH THAT BITCH|Swampert, F|100\/100\n|turn|9\n|\n|t:|1617907021\n|detailschange|p1a: TRASH THAT BITCH|Swampert-Mega, F\n|-mega|p1a: TRASH THAT BITCH|Swampert|Swampertite\n|move|p1a: TRASH THAT BITCH|Earthquake|p2a: *insert name here*\n|-damage|p2a: *insert name here*|0 fnt\n|faint|p2a: *insert name here*\n|\n|upkeep\n|\n|t:|1617907030\n|switch|p2a: jorge|Lopunny, M, shiny|100\/100\n|turn|10\n|\n|t:|1617907037\n|detailschange|p2a: jorge|Lopunny-Mega, M, shiny\n|-mega|p2a: jorge|Lopunny|Lopunnite\n|move|p2a: jorge|Fake Out|p1a: TRASH THAT BITCH\n|-damage|p1a: TRASH THAT BITCH|80\/100\n|cant|p1a: TRASH THAT BITCH|flinch\n|\n|upkeep\n|turn|11\n|\n|t:|1617907046\n|move|p2a: jorge|High Jump Kick|p1a: TRASH THAT BITCH\n|-damage|p1a: TRASH THAT BITCH|17\/100\n|move|p1a: TRASH THAT BITCH|Superpower|p2a: jorge\n|-supereffective|p2a: jorge\n|-damage|p2a: jorge|0 fnt\n|-unboost|p1a: TRASH THAT BITCH|atk|1\n|-unboost|p1a: TRASH THAT BITCH|def|1\n|faint|p2a: jorge\n|\n|upkeep\n|\n|t:|1617907067\n|switch|p2a: batman|Gliscor, F, shiny|100\/100\n|turn|12\n|\n|t:|1617907071\n|switch|p1a: Pelipper|Pelipper, F|100\/100\n|-weather|RainDance|[from] ability: Drizzle|[of] p1a: Pelipper\n|move|p2a: batman|Earthquake|p1a: Pelipper\n|-immune|p1a: Pelipper\n|\n|-weather|RainDance|[upkeep]\n|-status|p2a: batman|tox|[from] item: Toxic Orb\n|upkeep\n|turn|13\n|\n|t:|1617907078\n|move|p2a: batman|Knock Off|p1a: Pelipper\n|-crit|p1a: Pelipper\n|-damage|p1a: Pelipper|75\/100\n|-enditem|p1a: Pelipper|Damp Rock|[from] move: Knock Off|[of] p2a: batman\n|move|p1a: Pelipper|U-turn|p2a: batman\n|-resisted|p2a: batman\n|-damage|p2a: batman|97\/100 tox\n|\n|t:|1617907080\n|switch|p1a: Manaphy|Manaphy|100\/100|[from]move: U-turn\n|\n|-weather|RainDance|[upkeep]\n|-heal|p2a: batman|100\/100 tox|[from] ability: Poison Heal\n|upkeep\n|turn|14\n|\n|t:|1617907095\n|switch|p2a: *covid*|Chansey, F|100\/100\n|move|p1a: Manaphy|Tail Glow|p1a: Manaphy\n|-boost|p1a: Manaphy|spa|3\n|\n|-weather|RainDance|[upkeep]\n|upkeep\n|turn|15\n|\n|t:|1617907099\n|move|p1a: Manaphy|Tail Glow|p1a: Manaphy\n|-boost|p1a: Manaphy|spa|3\n|move|p2a: *covid*|Thunder Wave|p1a: Manaphy\n|-status|p1a: Manaphy|par\n|\n|-weather|RainDance|[upkeep]\n|-activate|p1a: Manaphy|ability: Hydration\n|-curestatus|p1a: Manaphy|par|[msg]\n|upkeep\n|turn|16\n|\n|t:|1617907112\n|-zpower|p1a: Manaphy\n|move|p1a: Manaphy|Hydro Vortex|p2a: *covid*|[zeffect]\n|-damage|p2a: *covid*|0 fnt\n|faint|p2a: *covid*\n|\n|-weather|RainDance|[upkeep]\n|upkeep\n|\n|t:|1617907121\n|switch|p2a: *cancer*|Toxapex, M|100\/100\n|turn|17\n|\n|t:|1617907124\n|move|p1a: Manaphy|Psychic|p2a: *cancer*\n|-supereffective|p2a: *cancer*\n|-damage|p2a: *cancer*|0 fnt\n|faint|p2a: *cancer*\n|\n|-weather|RainDance|[upkeep]\n|upkeep\n|\n|t:|1617907127\n|switch|p2a: batman|Gliscor, F, shiny|100\/100 tox\n|turn|18\n|\n|t:|1617907130\n|move|p2a: batman|Knock Off|p1a: Manaphy\n|-damage|p1a: Manaphy|88\/100\n|move|p1a: Manaphy|Surf|p2a: batman\n|-supereffective|p2a: batman\n|-damage|p2a: batman|0 fnt\n|faint|p2a: batman\n|\n|-weather|RainDance|[upkeep]\n|upkeep\n|\n|t:|1617907138\n|switch|p2a: MeTaL|Skarmory, M|100\/100\n|turn|19\n|c|\u2606Cesar2543\u2606|:'(\n|c|\u2606Cesar2543\u2606|Gg\n|c|\u2606Cesar2543\u2606|Wp\n|c|\u2606PedroGreg|gg\n|c|\u2606PedroGreg|wp\n|\n|t:|1617907154\n|move|p1a: Manaphy|Surf|p2a: MeTaL\n|-ability|p2a: MeTaL|Sturdy\n|-damage|p2a: MeTaL|1\/100\n|move|p2a: MeTaL|Counter||[still]\n|-fail|p2a: MeTaL\n|\n|-weather|none\n|upkeep\n|turn|20\n|\n|t:|1617907164\n|move|p1a: Manaphy|Surf|p2a: MeTaL\n|-damage|p2a: MeTaL|0 fnt\n|faint|p2a: MeTaL\n|\n|win|PedroGreg\n|n|\u2606PedroGreg|pedrogreg\n|n|\u2606Cesar2543\u2606|cesar2543\n|n| Skiry|skiry\n|l|\u2606PedroGreg\n","uploadtime":1617907173,"views":11,"p1id":"pedrogreg","p2id":"cesar2543","formatid":"gen7ou","rating":0,"private":0,"password":null}