{"id":"gen7ou-872872484","p1":"2276a","p2":"orangesss","format":"gen7ou","log":"|j|\u26062276a\n|j|\u2606orangesss\n|player|p1|2276a|262\n|player|p2|orangesss|95\n|teamsize|p1|6\n|teamsize|p2|6\n|gametype|singles\n|gen|7\n|tier|[Gen 7] OU\n|rated|\n|rule|Sleep Clause Mod: Limit one foe put to sleep\n|rule|Species Clause: Limit one of each Pok\u00e9mon\n|rule|OHKO Clause: OHKO moves are banned\n|rule|Moody Clause: Moody is banned\n|rule|Evasion Moves Clause: Evasion moves are banned\n|rule|Endless Battle Clause: Forcing endless battles is banned\n|rule|HP Percentage Mod: HP is shown in percentages\n|clearpoke\n|poke|p1|Gyarados, M|item\n|poke|p1|Chansey, F|item\n|poke|p1|Manectric, M|item\n|poke|p1|Mandibuzz, F|item\n|poke|p1|Magearna|item\n|poke|p1|Buzzwole|item\n|poke|p2|Hawlucha, M|item\n|poke|p2|Ferrothorn, M|item\n|poke|p2|Pelipper, M|item\n|poke|p2|Tapu Koko|item\n|poke|p2|Kartana|item\n|poke|p2|Swampert, F|item\n|teampreview\n|inactive|Battle timer is ON: inactive players will automatically lose when time's up. (requested by orangesss)\n|\n|start\n|switch|p1a: Chansey|Chansey, F|100\/100\n|switch|p2a: Nappy love|Pelipper, M|100\/100\n|-weather|RainDance|[from] ability: Drizzle|[of] p2a: Nappy love\n|turn|1\n|\n|move|p2a: Nappy love|Scald|p1a: Chansey\n|-damage|p1a: Chansey|88\/100\n|move|p1a: Chansey|Stealth Rock|p2a: Nappy love\n|-sidestart|p2: orangesss|move: Stealth Rock\n|\n|-weather|RainDance|[upkeep]\n|upkeep\n|turn|2\n|j| ahihcU Sasuke\n|\n|move|p2a: Nappy love|Defog|p1a: Chansey\n|-unboost|p1a: Chansey|evasion|1\n|-sideend|p2: orangesss|Stealth Rock|[from] move: Defog|[of] p2a: Nappy love\n|move|p1a: Chansey|Toxic|p2a: Nappy love\n|-status|p2a: Nappy love|tox\n|\n|-weather|RainDance|[upkeep]\n|-damage|p2a: Nappy love|94\/100 tox|[from] psn\n|upkeep\n|turn|3\n|\n|switch|p2a: Birdman|Tapu Koko|100\/100\n|-fieldstart|move: Electric Terrain|[from] ability: Electric Surge|[of] p2a: Birdman\n|move|p1a: Chansey|Stealth Rock|p2a: Birdman\n|-sidestart|p2: orangesss|move: Stealth Rock\n|\n|-weather|RainDance|[upkeep]\n|upkeep\n|turn|4\n|\n|move|p2a: Birdman|Taunt|p1a: Chansey\n|-start|p1a: Chansey|move: Taunt\n|cant|p1a: Chansey|move: Taunt|Toxic\n|\n|-weather|RainDance|[upkeep]\n|upkeep\n|turn|5\n|\n|move|p2a: Birdman|Nature's Madness|p1a: Chansey\n|-damage|p1a: Chansey|44\/100\n|move|p1a: Chansey|Seismic Toss|p2a: Birdman\n|-damage|p2a: Birdman|65\/100\n|\n|-weather|RainDance|[upkeep]\n|upkeep\n|turn|6\n|\n|move|p2a: Birdman|Nature's Madness|p1a: Chansey\n|-damage|p1a: Chansey|22\/100\n|move|p1a: Chansey|Seismic Toss|p2a: Birdman\n|-damage|p2a: Birdman|29\/100\n|\n|-weather|RainDance|[upkeep]\n|-end|p1a: Chansey|move: Taunt\n|upkeep\n|turn|7\n|\n|move|p2a: Birdman|Taunt|p1a: Chansey\n|-start|p1a: Chansey|move: Taunt\n|move|p1a: Chansey|Seismic Toss|p2a: Birdman\n|-damage|p2a: Birdman|0 fnt\n|faint|p2a: Birdman\n|\n|-weather|RainDance|[upkeep]\n|-fieldend|move: Electric Terrain\n|upkeep\n|\n|switch|p2a: Swamp Thing|Swampert, F|100\/100\n|-damage|p2a: Swamp Thing|94\/100|[from] Stealth Rock\n|turn|8\n|\n|detailschange|p2a: Swamp Thing|Swampert-Mega, F\n|-mega|p2a: Swamp Thing|Swampert|Swampertite\n|move|p2a: Swamp Thing|Power-Up Punch|p1a: Chansey\n|-supereffective|p1a: Chansey\n|-damage|p1a: Chansey|1\/100\n|-boost|p2a: Swamp Thing|atk|1\n|move|p1a: Chansey|Seismic Toss|p2a: Swamp Thing\n|-damage|p2a: Swamp Thing|65\/100\n|\n|-weather|none\n|upkeep\n|turn|9\n|\n|move|p2a: Swamp Thing|Power-Up Punch|p1a: Chansey\n|-supereffective|p1a: Chansey\n|-damage|p1a: Chansey|0 fnt\n|-boost|p2a: Swamp Thing|atk|1\n|faint|p1a: Chansey\n|\n|upkeep\n|\n|switch|p1a: Gyarados|Gyarados, M|100\/100\n|turn|10\n|\n|-zpower|p1a: Gyarados\n|move|p1a: Gyarados|Supersonic Skystrike|p2a: Swamp Thing|[zeffect]\n|-damage|p2a: Swamp Thing|0 fnt\n|faint|p2a: Swamp Thing\n|-ability|p1a: Gyarados|Moxie|boost\n|-boost|p1a: Gyarados|atk|1\n|\n|upkeep\n|\n|switch|p2a: Hate rain :(|Ferrothorn, M|100\/100\n|-damage|p2a: Hate rain :(|94\/100|[from] Stealth Rock\n|turn|11\n|\n|switch|p1a: Buzzwole|Buzzwole|100\/100\n|move|p2a: Hate rain :(|Stealth Rock|p1a: Buzzwole\n|-sidestart|p1: 2276a|move: Stealth Rock\n|\n|-heal|p2a: Hate rain :(|100\/100|[from] item: Leftovers\n|upkeep\n|turn|12\n|\n|move|p1a: Buzzwole|Superpower|p2a: Hate rain :(\n|-supereffective|p2a: Hate rain :(\n|-damage|p2a: Hate rain :(|11\/100\n|-damage|p1a: Buzzwole|88\/100|[from] ability: Iron Barbs|[of] p2a: Hate rain :(\n|-unboost|p1a: Buzzwole|atk|1\n|-unboost|p1a: Buzzwole|def|1\n|move|p2a: Hate rain :(|Spikes|p1a: Buzzwole\n|-sidestart|p1: 2276a|Spikes\n|\n|-heal|p2a: Hate rain :(|18\/100|[from] item: Leftovers\n|upkeep\n|turn|13\n|j| Koryn\n|l| Koryn\n|\n|switch|p2a: Copypaste|Hawlucha, M|100\/100\n|-damage|p2a: Copypaste|88\/100|[from] Stealth Rock\n|move|p1a: Buzzwole|Ice Punch|p2a: Copypaste\n|-supereffective|p2a: Copypaste\n|-damage|p2a: Copypaste|38\/100\n|\n|upkeep\n|turn|14\n|\n|switch|p1a: Mandibuzz|Mandibuzz, F|100\/100\n|-damage|p1a: Mandibuzz|76\/100|[from] Stealth Rock\n|move|p2a: Copypaste|Roost|p2a: Copypaste\n|-heal|p2a: Copypaste|88\/100\n|-singleturn|p2a: Copypaste|move: Roost\n|\n|upkeep\n|turn|15\n|\n|move|p2a: Copypaste|Swords Dance|p2a: Copypaste\n|-boost|p2a: Copypaste|atk|2\n|move|p1a: Mandibuzz|Defog|p2a: Copypaste\n|-unboost|p2a: Copypaste|evasion|1\n|-sideend|p2: orangesss|Stealth Rock|[from] move: Defog|[of] p1a: Mandibuzz\n|-sideend|p1: 2276a|Spikes|[from] move: Defog|[of] p1a: Mandibuzz\n|-sideend|p1: 2276a|Stealth Rock|[from] move: Defog|[of] p1a: Mandibuzz\n|\n|upkeep\n|turn|16\n|\n|move|p2a: Copypaste|High Jump Kick|p1a: Mandibuzz\n|-damage|p1a: Mandibuzz|12\/100\n|-damage|p2a: Copypaste|71\/100|[from] item: Rocky Helmet|[of] p1a: Mandibuzz\n|move|p1a: Mandibuzz|Foul Play|p2a: Copypaste\n|-resisted|p2a: Copypaste\n|-damage|p2a: Copypaste|15\/100\n|\n|upkeep\n|turn|17\n|\n|move|p2a: Copypaste|Acrobatics|p1a: Mandibuzz\n|-damage|p1a: Mandibuzz|0 fnt\n|-damage|p2a: Copypaste|0 fnt|[from] item: Rocky Helmet|[of] p1a: Mandibuzz\n|faint|p1a: Mandibuzz\n|faint|p2a: Copypaste\n|\n|upkeep\n|\n|switch|p2a: arsonist|Kartana|100\/100\n|switch|p1a: Manectric|Manectric, M|100\/100\n|turn|18\n|\n|switch|p2a: Nappy love|Pelipper, M|94\/100 tox\n|-weather|RainDance|[from] ability: Drizzle|[of] p2a: Nappy love\n|switch|p1a: Buzzwole|Buzzwole|88\/100\n|\n|-weather|RainDance|[upkeep]\n|-damage|p2a: Nappy love|88\/100 tox|[from] psn\n|upkeep\n|turn|19\n|\n|switch|p1a: Gyarados|Gyarados, M|100\/100\n|move|p2a: Nappy love|Scald|p1a: Gyarados\n|-resisted|p1a: Gyarados\n|-damage|p1a: Gyarados|81\/100\n|\n|-weather|RainDance|[upkeep]\n|-damage|p2a: Nappy love|76\/100 tox|[from] psn\n|upkeep\n|turn|20\n|\n|move|p1a: Gyarados|Dragon Dance|p1a: Gyarados\n|-boost|p1a: Gyarados|atk|1\n|-boost|p1a: Gyarados|spe|1\n|move|p2a: Nappy love|U-turn|p1a: Gyarados\n|-resisted|p1a: Gyarados\n|-damage|p1a: Gyarados|76\/100\n|\n|switch|p2a: arsonist|Kartana|100\/100\n|\n|-weather|RainDance|[upkeep]\n|upkeep\n|turn|21\n|\n|switch|p1a: Buzzwole|Buzzwole|88\/100\n|move|p2a: arsonist|Leaf Blade|p1a: Buzzwole\n|-resisted|p1a: Buzzwole\n|-damage|p1a: Buzzwole|68\/100\n|\n|-weather|RainDance|[upkeep]\n|upkeep\n|turn|22\n|\n|switch|p2a: Hate rain :(|Ferrothorn, M|18\/100\n|move|p1a: Buzzwole|Ice Punch|p2a: Hate rain :(\n|-damage|p2a: Hate rain :(|0 fnt\n|-damage|p1a: Buzzwole|56\/100|[from] ability: Iron Barbs|[of] p2a: Hate rain :(\n|faint|p2a: Hate rain :(\n|-ability|p1a: Buzzwole|Beast Boost|boost\n|-boost|p1a: Buzzwole|atk|1\n|\n|-weather|RainDance|[upkeep]\n|upkeep\n|\n|switch|p2a: Nappy love|Pelipper, M|76\/100 tox\n|turn|23\n|\n|switch|p1a: Magearna|Magearna|100\/100\n|move|p2a: Nappy love|Scald|p1a: Magearna\n|-damage|p1a: Magearna|62\/100\n|-status|p1a: Magearna|brn\n|\n|-weather|RainDance|[upkeep]\n|-heal|p1a: Magearna|68\/100 brn|[from] item: Leftovers\n|-damage|p1a: Magearna|62\/100 brn|[from] brn\n|-damage|p2a: Nappy love|70\/100 tox|[from] psn\n|upkeep\n|turn|24\n|\n|move|p1a: Magearna|Dazzling Gleam|p2a: Nappy love\n|-damage|p2a: Nappy love|27\/100 tox\n|move|p2a: Nappy love|Scald|p1a: Magearna\n|-damage|p1a: Magearna|19\/100 brn\n|\n|-weather|RainDance|[upkeep]\n|-heal|p1a: Magearna|25\/100 brn|[from] item: Leftovers\n|-damage|p1a: Magearna|19\/100 brn|[from] brn\n|-damage|p2a: Nappy love|14\/100 tox|[from] psn\n|upkeep\n|turn|25\n|\n|move|p1a: Magearna|Aura Sphere|p2a: Nappy love\n|-resisted|p2a: Nappy love\n|-damage|p2a: Nappy love|0 fnt\n|faint|p2a: Nappy love\n|-ability|p1a: Magearna|Soul-Heart|boost\n|-boost|p1a: Magearna|spa|1\n|\n|-weather|none\n|-heal|p1a: Magearna|25\/100 brn|[from] item: Leftovers\n|-damage|p1a: Magearna|19\/100 brn|[from] brn\n|upkeep\n|\n|switch|p2a: arsonist|Kartana|100\/100\n|turn|26\n|\n|move|p2a: arsonist|Leaf Blade|p1a: Magearna\n|-resisted|p1a: Magearna\n|-damage|p1a: Magearna|0 fnt\n|faint|p1a: Magearna\n|-ability|p2a: arsonist|Beast Boost|boost\n|-boost|p2a: arsonist|atk|1\n|\n|upkeep\n|\n|switch|p1a: Buzzwole|Buzzwole|56\/100\n|turn|27\n|\n|move|p2a: arsonist|Leaf Blade|p1a: Buzzwole\n|-resisted|p1a: Buzzwole\n|-crit|p1a: Buzzwole\n|-damage|p1a: Buzzwole|8\/100\n|move|p1a: Buzzwole|Superpower|p2a: arsonist\n|-supereffective|p2a: arsonist\n|-damage|p2a: arsonist|0 fnt\n|-unboost|p1a: Buzzwole|atk|1\n|-unboost|p1a: Buzzwole|def|1\n|faint|p2a: arsonist\n|\n|win|2276a\n|raw|2276a's rating: 1809 &rarr; <strong>1823<\/strong><br \/>(+14 for winning)\n|raw|orangesss's rating: 1697 &rarr; <strong>1684<\/strong><br \/>(-13 for losing)\n|l|\u2606orangesss\n|l|\u26062276a\n","uploadtime":1552014457,"views":17,"p1id":"2276a","p2id":"orangesss","formatid":"gen7ou","rating":1684,"private":0,"password":null}