{"id":"gen7ou-865532786","p1":"Ouforfeit","p2":"Kaylss","format":"gen7ou","log":"|raw|<div class=\"broadcast-red\"><strong>This battle is invite-only!<\/strong><br \/>Users must be rank + or invited with <code>\/invite<\/code> to join<\/div>\n|j|\u2606Ouforfeit\n|j|\u2606Kaylss\n|player|p1|Ouforfeit|1\n|player|p2|Kaylss|138\n|teamsize|p1|6\n|teamsize|p2|6\n|gametype|singles\n|gen|7\n|tier|[Gen 7] OU\n|rated|\n|rule|Sleep Clause Mod: Limit one foe put to sleep\n|rule|Species Clause: Limit one of each Pok\u00e9mon\n|rule|OHKO Clause: OHKO moves are banned\n|rule|Moody Clause: Moody is banned\n|rule|Evasion Moves Clause: Evasion moves are banned\n|rule|Endless Battle Clause: Forcing endless battles is banned\n|rule|HP Percentage Mod: HP is shown in percentages\n|clearpoke\n|poke|p1|Druddigon, M|item\n|poke|p1|Tapu Koko|item\n|poke|p1|Hawlucha, M|item\n|poke|p1|Gliscor, F|item\n|poke|p1|Azumarill, M|item\n|poke|p1|Magearna|item\n|poke|p2|Excadrill, F|item\n|poke|p2|Reuniclus, F|item\n|poke|p2|Toxapex, M|item\n|poke|p2|Chansey, F|item\n|poke|p2|Volcarona, M|item\n|poke|p2|Latias, F|item\n|teampreview\n|inactive|Battle timer is ON: inactive players will automatically lose when time's up. (requested by Ouforfeit)\n|\n|start\n|switch|p1a: Druddigon|Druddigon, M|100\/100\n|switch|p2a: Latias|Latias, F|100\/100\n|-ability|p1a: Druddigon|Mold Breaker\n|turn|1\n|\n|detailschange|p2a: Latias|Latias-Mega, F\n|-mega|p2a: Latias|Latias|Latiasite\n|move|p2a: Latias|Ice Beam|p1a: Druddigon\n|-supereffective|p1a: Druddigon\n|-damage|p1a: Druddigon|38\/100\n|move|p1a: Druddigon|Glare|p2a: Latias\n|-status|p2a: Latias|par\n|\n|upkeep\n|turn|2\n|\n|move|p1a: Druddigon|Stealth Rock|p2a: Latias\n|-sidestart|p2: Kaylss|move: Stealth Rock\n|move|p2a: Latias|Ice Beam|p1a: Druddigon\n|-supereffective|p1a: Druddigon\n|-damage|p1a: Druddigon|0 fnt\n|faint|p1a: Druddigon\n|\n|upkeep\n|\n|switch|p1a: Magearna|Magearna|100\/100\n|turn|3\n|\n|switch|p1a: Gliscor|Gliscor, F|100\/100\n|move|p2a: Latias|Ice Beam|p1a: Gliscor\n|-supereffective|p1a: Gliscor\n|-damage|p1a: Gliscor|0 fnt\n|faint|p1a: Gliscor\n|\n|upkeep\n|\n|switch|p1a: Magearna|Magearna|100\/100\n|turn|4\n|\n|switch|p2a: Excadrill|Excadrill, F|100\/100\n|-damage|p2a: Excadrill|97\/100|[from] Stealth Rock\n|-ability|p2a: Excadrill|Mold Breaker\n|move|p1a: Magearna|Calm Mind|p1a: Magearna\n|-boost|p1a: Magearna|spa|1\n|-boost|p1a: Magearna|spd|1\n|\n|-heal|p2a: Excadrill|100\/100|[from] item: Leftovers\n|upkeep\n|turn|5\n|\n|move|p2a: Excadrill|Earthquake|p1a: Magearna\n|-supereffective|p1a: Magearna\n|-damage|p1a: Magearna|28\/100\n|move|p1a: Magearna|Flash Cannon|p2a: Excadrill\n|-resisted|p2a: Excadrill\n|-damage|p2a: Excadrill|66\/100\n|\n|-heal|p2a: Excadrill|72\/100|[from] item: Leftovers\n|-heal|p1a: Magearna|34\/100|[from] item: Leftovers\n|upkeep\n|turn|6\n|\n|switch|p1a: Hawlucha|Hawlucha, M|100\/100\n|move|p2a: Excadrill|Earthquake|p1a: Hawlucha\n|-immune|p1a: Hawlucha\n|\n|-heal|p2a: Excadrill|78\/100|[from] item: Leftovers\n|upkeep\n|turn|7\n|\n|switch|p2a: Toxapex|Toxapex, M|100\/100\n|-damage|p2a: Toxapex|88\/100|[from] Stealth Rock\n|move|p1a: Hawlucha|Swords Dance|p1a: Hawlucha\n|-boost|p1a: Hawlucha|atk|2\n|\n|-heal|p2a: Toxapex|94\/100|[from] item: Black Sludge\n|upkeep\n|turn|8\n|\n|move|p1a: Hawlucha|Stone Edge|p2a: Toxapex\n|-crit|p2a: Toxapex\n|-damage|p2a: Toxapex|42\/100\n|move|p2a: Toxapex|Haze|p2a: Toxapex\n|-clearallboost\n|\n|-heal|p2a: Toxapex|48\/100|[from] item: Black Sludge\n|upkeep\n|turn|9\n|\n|switch|p1a: Tapu Koko|Tapu Koko|100\/100\n|-fieldstart|move: Electric Terrain|[from] ability: Electric Surge|[of] p1a: Tapu Koko\n|move|p2a: Toxapex|Recover|p2a: Toxapex\n|-heal|p2a: Toxapex|98\/100\n|\n|-heal|p2a: Toxapex|100\/100|[from] item: Black Sludge\n|upkeep\n|turn|10\n|\n|switch|p2a: Latias|Latias-Mega, F|100\/100 par\n|-damage|p2a: Latias|88\/100 par|[from] Stealth Rock\n|move|p1a: Tapu Koko|U-turn|p2a: Latias\n|-supereffective|p2a: Latias\n|-damage|p2a: Latias|65\/100 par\n|\n|switch|p1a: Magearna|Magearna|34\/100\n|\n|-heal|p1a: Magearna|40\/100|[from] item: Leftovers\n|upkeep\n|turn|11\n|\n|switch|p2a: Excadrill|Excadrill, F|78\/100\n|-damage|p2a: Excadrill|75\/100|[from] Stealth Rock\n|-ability|p2a: Excadrill|Mold Breaker\n|move|p1a: Magearna|Flash Cannon|p2a: Excadrill\n|-resisted|p2a: Excadrill\n|-damage|p2a: Excadrill|53\/100\n|\n|-heal|p2a: Excadrill|59\/100|[from] item: Leftovers\n|-heal|p1a: Magearna|46\/100|[from] item: Leftovers\n|upkeep\n|turn|12\n|\n|move|p2a: Excadrill|Rapid Spin|p1a: Magearna\n|-resisted|p1a: Magearna\n|-damage|p1a: Magearna|44\/100\n|-sideend|p2: Kaylss|Stealth Rock|[from] move: Rapid Spin|[of] p2a: Excadrill\n|move|p1a: Magearna|Flash Cannon|p2a: Excadrill\n|-resisted|p2a: Excadrill\n|-damage|p2a: Excadrill|38\/100\n|\n|-heal|p2a: Excadrill|44\/100|[from] item: Leftovers\n|-heal|p1a: Magearna|50\/100|[from] item: Leftovers\n|upkeep\n|turn|13\n|\n|switch|p1a: Hawlucha|Hawlucha, M|100\/100\n|-enditem|p1a: Hawlucha|Electric Seed\n|-boost|p1a: Hawlucha|def|1\n|move|p2a: Excadrill|Earthquake|p1a: Hawlucha\n|-immune|p1a: Hawlucha\n|\n|-heal|p2a: Excadrill|50\/100|[from] item: Leftovers\n|-fieldend|move: Electric Terrain\n|upkeep\n|turn|14\n|\n|switch|p2a: Reuniclus|Reuniclus, F|100\/100\n|move|p1a: Hawlucha|Swords Dance|p1a: Hawlucha\n|-boost|p1a: Hawlucha|atk|2\n|\n|upkeep\n|turn|15\n|\n|move|p1a: Hawlucha|Acrobatics|p2a: Reuniclus\n|-damage|p2a: Reuniclus|23\/100\n|move|p2a: Reuniclus|Acid Armor|p2a: Reuniclus\n|-boost|p2a: Reuniclus|def|2\n|\n|-heal|p2a: Reuniclus|30\/100|[from] item: Leftovers\n|upkeep\n|turn|16\n|\n|move|p1a: Hawlucha|Acrobatics|p2a: Reuniclus\n|-damage|p2a: Reuniclus|0 fnt\n|faint|p2a: Reuniclus\n|\n|upkeep\n|\n|switch|p2a: Toxapex|Toxapex, M|100\/100\n|turn|17\n|\n|move|p1a: Hawlucha|Acrobatics|p2a: Toxapex\n|-damage|p2a: Toxapex|43\/100\n|move|p2a: Toxapex|Haze|p2a: Toxapex\n|-clearallboost\n|\n|-heal|p2a: Toxapex|50\/100|[from] item: Black Sludge\n|upkeep\n|turn|18\n|\n|switch|p1a: Magearna|Magearna|50\/100\n|move|p2a: Toxapex|Recover|p2a: Toxapex\n|-heal|p2a: Toxapex|99\/100\n|\n|-heal|p1a: Magearna|56\/100|[from] item: Leftovers\n|-heal|p2a: Toxapex|100\/100|[from] item: Black Sludge\n|upkeep\n|turn|19\n|\n|switch|p2a: Chansey|Chansey, F|100\/100\n|move|p1a: Magearna|Calm Mind|p1a: Magearna\n|-boost|p1a: Magearna|spa|1\n|-boost|p1a: Magearna|spd|1\n|\n|-heal|p1a: Magearna|62\/100|[from] item: Leftovers\n|upkeep\n|turn|20\n|\n|move|p1a: Magearna|Calm Mind|p1a: Magearna\n|-boost|p1a: Magearna|spa|1\n|-boost|p1a: Magearna|spd|1\n|move|p2a: Chansey|Wish|p2a: Chansey\n|\n|-heal|p1a: Magearna|68\/100|[from] item: Leftovers\n|upkeep\n|turn|21\n|\n|switch|p2a: Excadrill|Excadrill, F|50\/100\n|-ability|p2a: Excadrill|Mold Breaker\n|move|p1a: Magearna|Flash Cannon|p2a: Excadrill\n|-resisted|p2a: Excadrill\n|-damage|p2a: Excadrill|9\/100\n|\n|-heal|p2a: Excadrill|92\/100|[from] move: Wish|[wisher] Chansey\n|-heal|p2a: Excadrill|98\/100|[from] item: Leftovers\n|-heal|p1a: Magearna|74\/100|[from] item: Leftovers\n|upkeep\n|turn|22\n|\n|move|p2a: Excadrill|Earthquake|p1a: Magearna\n|-supereffective|p1a: Magearna\n|-damage|p1a: Magearna|0 fnt\n|faint|p1a: Magearna\n|\n|-heal|p2a: Excadrill|100\/100|[from] item: Leftovers\n|upkeep\n|\n|switch|p1a: Azumarill|Azumarill, M|100\/100\n|turn|23\n|\n|move|p2a: Excadrill|Earthquake|p1a: Azumarill\n|-damage|p1a: Azumarill|53\/100\n|-zpower|p1a: Azumarill\n|move|p1a: Azumarill|Z-Belly Drum|p1a: Azumarill|[anim]Belly Drum\n|-heal|p1a: Azumarill|100\/100|[zeffect]\n|-damage|p1a: Azumarill|50\/100\n|-setboost|p1a: Azumarill|atk|6|[from] move: Belly Drum\n|\n|upkeep\n|turn|24\n|\n|switch|p2a: Volcarona|Volcarona, M|100\/100\n|move|p1a: Azumarill|Aqua Jet|p2a: Volcarona\n|-supereffective|p2a: Volcarona\n|-damage|p2a: Volcarona|0 fnt\n|faint|p2a: Volcarona\n|\n|upkeep\n|\n|switch|p2a: Toxapex|Toxapex, M|100\/100\n|turn|25\n|\n|move|p1a: Azumarill|Knock Off|p2a: Toxapex\n|-damage|p2a: Toxapex|5\/100\n|-enditem|p2a: Toxapex|Black Sludge|[from] move: Knock Off|[of] p1a: Azumarill\n|move|p2a: Toxapex|Haze|p2a: Toxapex\n|-clearallboost\n|\n|upkeep\n|turn|26\n|\n|switch|p2a: Chansey|Chansey, F|100\/100\n|move|p1a: Azumarill|Knock Off|p2a: Chansey\n|-damage|p2a: Chansey|73\/100\n|-enditem|p2a: Chansey|Eviolite|[from] move: Knock Off|[of] p1a: Azumarill\n|\n|upkeep\n|turn|27\n|\n|move|p1a: Azumarill|Play Rough|p2a: Chansey|[miss]\n|-miss|p1a: Azumarill|p2a: Chansey\n|move|p2a: Chansey|Wish|p2a: Chansey\n|\n|upkeep\n|turn|28\n|\n|move|p1a: Azumarill|Knock Off|p2a: Chansey\n|-damage|p2a: Chansey|47\/100\n|move|p2a: Chansey|Seismic Toss|p1a: Azumarill\n|-damage|p1a: Azumarill|24\/100\n|\n|-heal|p2a: Chansey|97\/100|[from] move: Wish|[wisher] Chansey\n|upkeep\n|turn|29\n|\n|move|p1a: Azumarill|Play Rough|p2a: Chansey|[miss]\n|-miss|p1a: Azumarill|p2a: Chansey\n|move|p2a: Chansey|Wish|p2a: Chansey\n|\n|upkeep\n|turn|30\n|\n|move|p1a: Azumarill|Knock Off|p2a: Chansey\n|-damage|p2a: Chansey|70\/100\n|move|p2a: Chansey|Seismic Toss|p1a: Azumarill\n|-damage|p1a: Azumarill|0 fnt\n|faint|p1a: Azumarill\n|\n|-heal|p2a: Chansey|100\/100|[from] move: Wish|[wisher] Chansey\n|upkeep\n|\n|switch|p1a: Hawlucha|Hawlucha, M|100\/100\n|turn|31\n|\n|switch|p2a: Latias|Latias-Mega, F|65\/100 par\n|move|p1a: Hawlucha|Swords Dance|p1a: Hawlucha\n|-boost|p1a: Hawlucha|atk|2\n|\n|upkeep\n|turn|32\n|\n|move|p1a: Hawlucha|Acrobatics|p2a: Latias\n|-damage|p2a: Latias|1\/100 par\n|cant|p2a: Latias|par\n|\n|upkeep\n|turn|33\n|\n|move|p1a: Hawlucha|Acrobatics|p2a: Latias\n|-damage|p2a: Latias|0 fnt\n|faint|p2a: Latias\n|\n|upkeep\n|\n|switch|p2a: Toxapex|Toxapex, M|39\/100\n|turn|34\n|\n|move|p1a: Hawlucha|Acrobatics|p2a: Toxapex\n|-damage|p2a: Toxapex|0 fnt\n|faint|p2a: Toxapex\n|\n|upkeep\n|\n|switch|p2a: Excadrill|Excadrill, F|100\/100\n|-ability|p2a: Excadrill|Mold Breaker\n|turn|35\n|\n|move|p1a: Hawlucha|High Jump Kick|p2a: Excadrill\n|-supereffective|p2a: Excadrill\n|-damage|p2a: Excadrill|0 fnt\n|faint|p2a: Excadrill\n|\n|upkeep\n|\n|switch|p2a: Chansey|Chansey, F|100\/100\n|turn|36\n|\n|move|p1a: Hawlucha|High Jump Kick|p2a: Chansey\n|-supereffective|p2a: Chansey\n|-damage|p2a: Chansey|0 fnt\n|faint|p2a: Chansey\n|\n|win|Ouforfeit\n|raw|Ouforfeit's rating: 1778 &rarr; <strong>1789<\/strong><br \/>(+11 for winning)\n|raw|Kaylss's rating: 1620 &rarr; <strong>1609<\/strong><br \/>(-11 for losing)\n|l|\u2606Ouforfeit\n|c|\u2606Kaylss|\/log Kaylss made this room public.\n","uploadtime":1550729648,"views":27,"p1id":"ouforfeit","p2id":"kaylss","formatid":"gen7ou","rating":1609,"private":0,"password":null}