{"id":"gen7ou-818691540","p1":"H4WT \u2605","p2":"xxgottoms","format":"gen7ou","log":"|j|\u2606H4WT \u2605\n|j|\u2606xxgottoms\n|player|p1|H4WT \u2605|165\n|player|p2|xxgottoms|290\n|teamsize|p1|6\n|teamsize|p2|6\n|gametype|singles\n|gen|7\n|tier|[Gen 7] OU\n|rated|Tournament battle\n|rule|Sleep Clause Mod: Limit one foe put to sleep\n|rule|Species Clause: Limit one of each Pok\u00e9mon\n|rule|OHKO Clause: OHKO moves are banned\n|rule|Moody Clause: Moody is banned\n|rule|Evasion Moves Clause: Evasion moves are banned\n|rule|Endless Battle Clause: Forcing endless battles is banned\n|rule|HP Percentage Mod: HP is shown in percentages\n|clearpoke\n|poke|p1|Nidoking, M|item\n|poke|p1|Greninja, M|item\n|poke|p1|Kartana|item\n|poke|p1|Landorus-Therian, M|item\n|poke|p1|Tangrowth, M|item\n|poke|p1|Ampharos, M|item\n|poke|p2|Hoopa-Unbound|item\n|poke|p2|Clefable, M|item\n|poke|p2|Heatran, M|item\n|poke|p2|Tangrowth, M|item\n|poke|p2|Tornadus-Therian, M|item\n|poke|p2|Alakazam, M|item\n|teampreview\n|j| band lele\n|c|\u2606xxgottoms|glhf\n|j| real darthsidious\n|j| PhoenixORDEN\n|c|\u2606H4WT \u2605|hf\n|\n|start\n|switch|p1a: Ampharos|Ampharos, M|100\/100\n|switch|p2a: Hoopa|Hoopa-Unbound|100\/100\n|turn|1\n|j| gslure\n|c| gslure|halloo\n|\n|detailschange|p1a: Ampharos|Ampharos-Mega, M\n|-mega|p1a: Ampharos|Ampharos|Ampharosite\n|-ability|p1a: Ampharos|Mold Breaker\n|move|p2a: Hoopa|Hyperspace Fury|p1a: Ampharos\n|-damage|p1a: Ampharos|0 fnt\n|-unboost|p2a: Hoopa|def|1\n|faint|p1a: Ampharos\n|\n|upkeep\n|\n|switch|p1a: Kartana|Kartana|100\/100\n|turn|2\n|l|phoenixorden\n|c| gslure|wo ist ampharos hin\n|\n|switch|p2a: Tornadus|Tornadus-Therian, M|100\/100\n|move|p1a: Kartana|Knock Off|p2a: Tornadus\n|-damage|p2a: Tornadus|52\/100\n|-damage|p1a: Kartana|84\/100|[from] item: Rocky Helmet|[of] p2a: Tornadus\n|-enditem|p2a: Tornadus|Rocky Helmet|[from] move: Knock Off|[of] p1a: Kartana\n|\n|upkeep\n|turn|3\n|c| real darthsidious|umgeboxt\n|\n|switch|p1a: Landorus|Landorus-Therian, M|100\/100\n|-ability|p1a: Landorus|Intimidate|boost\n|-unboost|p2a: Tornadus|atk|1\n|move|p2a: Tornadus|Knock Off|p1a: Landorus\n|-damage|p1a: Landorus|90\/100\n|-damage|p2a: Tornadus|35\/100|[from] item: Rocky Helmet|[of] p1a: Landorus\n|-enditem|p1a: Landorus|Rocky Helmet|[from] move: Knock Off|[of] p2a: Tornadus\n|\n|upkeep\n|turn|4\n|j| primarene_Fan\n|\n|move|p2a: Tornadus|U-turn|p1a: Landorus\n|-resisted|p1a: Landorus\n|-damage|p1a: Landorus|86\/100\n|\n|switch|p2a: Alakazam|Alakazam, M, shiny|100\/100\n|move|p1a: Landorus|U-turn|p2a: Alakazam\n|-supereffective|p2a: Alakazam\n|-damage|p2a: Alakazam|0 fnt\n|faint|p2a: Alakazam\n|l| primarene_Fan\n|c|\u2606xxgottoms|wtf\n|c| real darthsidious|h\u00e4\n|\n|switch|p1a: Kartana|Kartana|84\/100\n|\n|upkeep\n|\n|switch|p2a: Tornadus|Tornadus-Therian, M|68\/100\n|turn|5\n|c| gslure|was\n|\n|switch|p1a: Landorus|Landorus-Therian, M|86\/100\n|-ability|p1a: Landorus|Intimidate|boost\n|-unboost|p2a: Tornadus|atk|1\n|move|p2a: Tornadus|Hurricane|p1a: Landorus\n|-damage|p1a: Landorus|41\/100\n|\n|upkeep\n|turn|6\n|\n|move|p2a: Tornadus|Hurricane|p1a: Landorus\n|-damage|p1a: Landorus|1\/100\n|move|p1a: Landorus|U-turn|p2a: Tornadus\n|-resisted|p2a: Tornadus\n|-damage|p2a: Tornadus|55\/100\n|\n|switch|p1a: Greninja|Greninja, M|100\/100\n|\n|upkeep\n|turn|7\n|c| gslure|ampharos ist ein guter tornadus counter\n|\n|switch|p1a: Nidoking|Nidoking, M, shiny|100\/100\n|switch|p2a: Tangrowth|Tangrowth, M, shiny|100\/100\n|\n|upkeep\n|turn|8\n|inactive|Battle timer is ON: inactive players will automatically lose when time's up. (requested by H4WT \u2605)\n|c|\u2606xxgottoms|er h\u00e4tte auf rox gehen k\u00f6nnen\n|c| gslure|was ist ein rox\n|inactive|xxgottoms has 120 seconds left.\n|c| gslure|auch so w\u00fcrde zam nich killen\n|\n|move|p1a: Nidoking|Sludge Wave|p2a: Tangrowth\n|-supereffective|p2a: Tangrowth\n|-damage|p2a: Tangrowth|19\/100\n|move|p2a: Tangrowth|Knock Off|p1a: Nidoking\n|-damage|p1a: Nidoking|70\/100\n|-enditem|p1a: Nidoking|Life Orb|[from] move: Knock Off|[of] p2a: Tangrowth\n|\n|upkeep\n|turn|9\n|\n|switch|p1a: Kartana|Kartana|84\/100\n|switch|p2a: Hoopa|Hoopa-Unbound|100\/100\n|\n|upkeep\n|turn|10\n|j| photoneater\n|\n|switch|p2a: Tornadus|Tornadus-Therian, M|89\/100\n|move|p1a: Kartana|Leaf Blade|p2a: Tornadus\n|-resisted|p2a: Tornadus\n|-damage|p2a: Tornadus|54\/100\n|\n|upkeep\n|turn|11\n|\n|switch|p1a: Landorus|Landorus-Therian, M|1\/100\n|-ability|p1a: Landorus|Intimidate|boost\n|-unboost|p2a: Tornadus|atk|1\n|move|p2a: Tornadus|U-turn|p1a: Landorus\n|-resisted|p1a: Landorus\n|-damage|p1a: Landorus|0 fnt\n|faint|p1a: Landorus\n|c| gslure|wieso macht das so viel\n|\n|switch|p2a: Hoopa|Hoopa-Unbound|100\/100\n|\n|upkeep\n|\n|switch|p1a: Kartana|Kartana|84\/100\n|turn|12\n|l| photoneater\n|\n|switch|p1a: Greninja|Greninja, M|100\/100\n|switch|p2a: Tornadus|Tornadus-Therian, M|87\/100\n|\n|upkeep\n|turn|13\n|j| Mr. Mendes\n|\n|switch|p2a: Clefable|Clefable, M, shiny|100\/100\n|move|p1a: Greninja|Hydro Pump|p2a: Clefable\n|-damage|p2a: Clefable|36\/100\n|\n|-heal|p2a: Clefable|42\/100|[from] item: Leftovers\n|upkeep\n|turn|14\n|l| Mr. Mendes\n|\n|switch|p2a: Tangrowth|Tangrowth, M, shiny|52\/100\n|move|p1a: Greninja|Hydro Pump|p2a: Tangrowth\n|-resisted|p2a: Tangrowth\n|-damage|p2a: Tangrowth|29\/100\n|\n|upkeep\n|turn|15\n|\n|switch|p1a: Kartana|Kartana|84\/100\n|switch|p2a: Hoopa|Hoopa-Unbound|100\/100\n|\n|upkeep\n|turn|16\n|\n|switch|p2a: Tornadus|Tornadus-Therian, M|100\/100\n|move|p1a: Kartana|Smart Strike|p2a: Tornadus\n|-damage|p2a: Tornadus|51\/100\n|\n|upkeep\n|turn|17\n|c| gslure|'-'\n|\n|switch|p1a: Greninja|Greninja, M|100\/100\n|move|p2a: Tornadus|U-turn|p1a: Greninja\n|-supereffective|p1a: Greninja\n|-damage|p1a: Greninja|56\/100\n|\n|switch|p2a: Tangrowth|Tangrowth, M, shiny|62\/100\n|\n|upkeep\n|turn|18\n|\n|switch|p2a: Heatran|Heatran, M, shiny|100\/100\n|move|p1a: Greninja|U-turn|p2a: Heatran\n|-resisted|p2a: Heatran\n|-damage|p2a: Heatran|97\/100\n|\n|switch|p1a: Nidoking|Nidoking, M, shiny|70\/100\n|\n|upkeep\n|turn|19\n|\n|switch|p2a: Clefable|Clefable, M, shiny|42\/100\n|move|p1a: Nidoking|Earth Power|p2a: Clefable\n|-damage|p2a: Clefable|0 fnt\n|faint|p2a: Clefable\n|\n|upkeep\n|\n|switch|p2a: Hoopa|Hoopa-Unbound|100\/100\n|turn|20\n|\n|switch|p1a: Tangrowth|Tangrowth, M, shiny|100\/100\n|move|p2a: Hoopa|Hyperspace Fury|p1a: Tangrowth\n|-damage|p1a: Tangrowth|27\/100\n|-unboost|p2a: Hoopa|def|1\n|\n|upkeep\n|turn|21\n|c| gslure|hoppa w\u00e4r besser wenn es 120 speed h\u00e4tte\n|j| DJ Ananas\n|\n|move|p2a: Hoopa|Hyperspace Fury|p1a: Tangrowth\n|-damage|p1a: Tangrowth|0 fnt\n|-unboost|p2a: Hoopa|def|1\n|faint|p1a: Tangrowth\n|\n|upkeep\n|\n|switch|p1a: Kartana|Kartana|84\/100\n|turn|22\n|c| band lele|dann w\u00e4re es wohl kaum noch ou\n|c| DJ Ananas|eben, eben\n|c| real darthsidious|doch bestimmt\n|inactive|xxgottoms has 120 seconds left.\n|j| cielbakasan\n|l| cielbakasan\n|c| gslure|wird eh kaum benutzt mit 80 speed\n|\n|switch|p1a: Greninja|Greninja, M|56\/100\n|switch|p2a: Tangrowth|Tangrowth, M, shiny|95\/100\n|\n|upkeep\n|turn|23\n|\n|move|p1a: Greninja|U-turn|p2a: Tangrowth\n|-supereffective|p2a: Tangrowth\n|-damage|p2a: Tangrowth|77\/100\n|\n|switch|p1a: Nidoking|Nidoking, M, shiny|70\/100\n|move|p2a: Tangrowth|Giga Drain|p1a: Nidoking\n|-damage|p1a: Nidoking|28\/100\n|-heal|p2a: Tangrowth|94\/100|[from] drain|[of] p1a: Nidoking\n|\n|upkeep\n|turn|24\n|c| DJ Ananas|wow, hiny\n|c| DJ Ananas|shiny\n|inactive|xxgottoms has 120 seconds left.\n|c| gslure|h\u00e4sslich\n|j| Kid 12 yo\n|c| DJ Ananas|sind die legit?\n|c| Kid 12 yo|rank xxgottoms\n|c| gslure|XD\n|c| gslure|ja\n|l|\u2606H4WT \u2605\n|inactive|H4WT \u2605 disconnected and has a minute to reconnect!\n|player|p1|\n|\n|move|p1a: Nidoking|Sludge Wave|p2a: Tangrowth\n|-supereffective|p2a: Tangrowth\n|-damage|p2a: Tangrowth|28\/100\n|move|p2a: Tangrowth|Giga Drain|p1a: Nidoking\n|-damage|p1a: Nidoking|0 fnt\n|-heal|p2a: Tangrowth|38\/100|[from] drain|[of] p1a: Nidoking\n|faint|p1a: Nidoking\n|\n|upkeep\n|c| band lele|rq\n|inactive|H4WT \u2605 has 60 seconds to reconnect!\n|j| DirectDown\n|c| gslure|wie kann er noch klicken wenn er dc hatte\n|c|\u2606xxgottoms|zieh ab\n|inactive|H4WT \u2605 has 30 seconds to reconnect!\n|inactive|H4WT \u2605 has 20 seconds to reconnect!\n|c| gslure|RIP\n|inactive|H4WT \u2605 has 15 seconds to reconnect!\n|inactive|H4WT \u2605 has 10 seconds to reconnect!\n|inactive|H4WT \u2605 has 5 seconds to reconnect!\n|-message|H4WT \u2605 lost due to inactivity.\n|\n|win|xxgottoms\n","uploadtime":1539265880,"views":24,"p1id":"h4wt","p2id":"xxgottoms","formatid":"gen7ou","rating":0,"private":0,"password":null}