{"id":"gen7nu-890137060","p1":"BugCatcherWeevil","p2":"know i got it","format":"gen7nu","log":"|j|\u2606BugCatcherWeevil\n|j|\u2606know i got it\n|player|p1|BugCatcherWeevil|7\n|player|p2|know i got it|259\n|teamsize|p1|6\n|teamsize|p2|6\n|gametype|singles\n|gen|7\n|tier|[Gen 7] NU\n|rated|\n|rule|Sleep Clause Mod: Limit one foe put to sleep\n|rule|Species Clause: Limit one of each Pok\u00e9mon\n|rule|OHKO Clause: OHKO moves are banned\n|rule|Moody Clause: Moody is banned\n|rule|Evasion Moves Clause: Evasion moves are banned\n|rule|Endless Battle Clause: Forcing endless battles is banned\n|rule|HP Percentage Mod: HP is shown in percentages\n|clearpoke\n|poke|p1|Passimian, M|item\n|poke|p1|Abomasnow, F|item\n|poke|p1|Incineroar, M|item\n|poke|p1|Xatu, F|item\n|poke|p1|Steelix, F|item\n|poke|p1|Blastoise, M|item\n|poke|p2|Sigilyph, M|item\n|poke|p2|Steelix, M|item\n|poke|p2|Druddigon, M|item\n|poke|p2|Incineroar, M|item\n|poke|p2|Whimsicott, F|item\n|poke|p2|Vaporeon, M|item\n|teampreview\n|inactive|Battle timer is ON: inactive players will automatically lose when time's up. (requested by know i got it)\n|\n|start\n|switch|p1a: Incineroar|Incineroar, M|100\/100\n|switch|p2a: Incineroar|Incineroar, M|100\/100\n|-ability|p2a: Incineroar|Intimidate|boost\n|-unboost|p1a: Incineroar|atk|1\n|-ability|p1a: Incineroar|Intimidate|boost\n|-unboost|p2a: Incineroar|atk|1\n|turn|1\n|\n|switch|p2a: Druddigon|Druddigon, M|100\/100\n|-ability|p2a: Druddigon|Mold Breaker\n|switch|p1a: Passimian|Passimian, M|100\/100\n|\n|upkeep\n|turn|2\n|\n|move|p1a: Passimian|U-turn|p2a: Druddigon\n|-damage|p2a: Druddigon|84\/100\n|-damage|p1a: Passimian|84\/100|[from] item: Rocky Helmet|[of] p2a: Druddigon\n|\n|switch|p1a: Steelix|Steelix, F|100\/100\n|move|p2a: Druddigon|Stealth Rock|p1a: Steelix\n|-sidestart|p1: BugCatcherWeevil|move: Stealth Rock\n|\n|upkeep\n|turn|3\n|\n|move|p2a: Druddigon|Taunt|p1a: Steelix\n|-start|p1a: Steelix|move: Taunt\n|cant|p1a: Steelix|move: Taunt|Stealth Rock\n|\n|upkeep\n|turn|4\n|\n|move|p2a: Druddigon|Earthquake|p1a: Steelix\n|-supereffective|p1a: Steelix\n|-damage|p1a: Steelix|71\/100\n|move|p1a: Steelix|Earthquake|p2a: Druddigon\n|-damage|p2a: Druddigon|60\/100\n|\n|-heal|p1a: Steelix|77\/100|[from] item: Leftovers\n|upkeep\n|turn|5\n|\n|move|p2a: Druddigon|Earthquake|p1a: Steelix\n|-supereffective|p1a: Steelix\n|-damage|p1a: Steelix|46\/100\n|move|p1a: Steelix|Earthquake|p2a: Druddigon\n|-damage|p2a: Druddigon|34\/100\n|\n|-heal|p1a: Steelix|52\/100|[from] item: Leftovers\n|-end|p1a: Steelix|move: Taunt\n|upkeep\n|turn|6\n|\n|move|p1a: Steelix|Protect|p1a: Steelix\n|-singleturn|p1a: Steelix|Protect\n|move|p2a: Druddigon|Taunt|p1a: Steelix\n|-activate|p1a: Steelix|move: Protect\n|\n|-heal|p1a: Steelix|58\/100|[from] item: Leftovers\n|upkeep\n|turn|7\n|\n|switch|p1a: Blastoise|Blastoise, M|100\/100\n|-damage|p1a: Blastoise|88\/100|[from] Stealth Rock\n|move|p2a: Druddigon|Taunt|p1a: Blastoise\n|-start|p1a: Blastoise|move: Taunt\n|\n|-heal|p1a: Blastoise|94\/100|[from] item: Leftovers\n|upkeep\n|turn|8\n|\n|move|p1a: Blastoise|Rapid Spin|p2a: Druddigon\n|-damage|p2a: Druddigon|31\/100\n|-damage|p1a: Blastoise|78\/100|[from] item: Rocky Helmet|[of] p2a: Druddigon\n|-sideend|p1: BugCatcherWeevil|Stealth Rock|[from] move: Rapid Spin|[of] p1a: Blastoise\n|move|p2a: Druddigon|Glare|p1a: Blastoise\n|-status|p1a: Blastoise|par\n|\n|-heal|p1a: Blastoise|84\/100 par|[from] item: Leftovers\n|upkeep\n|turn|9\n|\n|move|p2a: Druddigon|Stealth Rock|p1a: Blastoise\n|-sidestart|p1: BugCatcherWeevil|move: Stealth Rock\n|move|p1a: Blastoise|Scald|p2a: Druddigon\n|-resisted|p2a: Druddigon\n|-damage|p2a: Druddigon|19\/100\n|\n|-heal|p1a: Blastoise|90\/100 par|[from] item: Leftovers\n|-end|p1a: Blastoise|move: Taunt\n|upkeep\n|turn|10\n|\n|move|p2a: Druddigon|Taunt|p1a: Blastoise\n|-start|p1a: Blastoise|move: Taunt\n|move|p1a: Blastoise|Rapid Spin|p2a: Druddigon\n|-damage|p2a: Druddigon|17\/100\n|-damage|p1a: Blastoise|73\/100 par|[from] item: Rocky Helmet|[of] p2a: Druddigon\n|-sideend|p1: BugCatcherWeevil|Stealth Rock|[from] move: Rapid Spin|[of] p1a: Blastoise\n|\n|-heal|p1a: Blastoise|79\/100 par|[from] item: Leftovers\n|upkeep\n|turn|11\n|\n|move|p2a: Druddigon|Stealth Rock|p1a: Blastoise\n|-sidestart|p1: BugCatcherWeevil|move: Stealth Rock\n|move|p1a: Blastoise|Scald|p2a: Druddigon\n|-resisted|p2a: Druddigon\n|-damage|p2a: Druddigon|5\/100\n|\n|-heal|p1a: Blastoise|85\/100 par|[from] item: Leftovers\n|upkeep\n|turn|12\n|\n|move|p2a: Druddigon|Earthquake|p1a: Blastoise\n|-damage|p1a: Blastoise|60\/100 par\n|move|p1a: Blastoise|Rapid Spin|p2a: Druddigon\n|-damage|p2a: Druddigon|2\/100\n|-damage|p1a: Blastoise|43\/100 par|[from] item: Rocky Helmet|[of] p2a: Druddigon\n|-sideend|p1: BugCatcherWeevil|Stealth Rock|[from] move: Rapid Spin|[of] p1a: Blastoise\n|\n|-heal|p1a: Blastoise|49\/100 par|[from] item: Leftovers\n|-end|p1a: Blastoise|move: Taunt\n|upkeep\n|turn|13\n|\n|move|p2a: Druddigon|Stealth Rock|p1a: Blastoise\n|-sidestart|p1: BugCatcherWeevil|move: Stealth Rock\n|move|p1a: Blastoise|Rapid Spin|p2a: Druddigon\n|-damage|p2a: Druddigon|0 fnt\n|-damage|p1a: Blastoise|33\/100 par|[from] item: Rocky Helmet|[of] p2a: Druddigon\n|-sideend|p1: BugCatcherWeevil|Stealth Rock|[from] move: Rapid Spin|[of] p1a: Blastoise\n|faint|p2a: Druddigon\n|\n|-heal|p1a: Blastoise|39\/100 par|[from] item: Leftovers\n|upkeep\n|\n|switch|p2a: Whimsicott|Whimsicott, F|100\/100\n|turn|14\n|\n|switch|p1a: Incineroar|Incineroar, M|100\/100\n|-ability|p1a: Incineroar|Intimidate|boost\n|-unboost|p2a: Whimsicott|atk|1\n|move|p2a: Whimsicott|Moonblast|p1a: Incineroar\n|-damage|p1a: Incineroar|63\/100\n|-damage|p2a: Whimsicott|91\/100|[from] item: Life Orb\n|\n|upkeep\n|turn|15\n|\n|switch|p2a: Vaporeon|Vaporeon, M|100\/100\n|move|p1a: Incineroar|U-turn|p2a: Vaporeon\n|-damage|p2a: Vaporeon|86\/100\n|\n|switch|p1a: Abomasnow|Abomasnow, F|100\/100\n|\n|-heal|p2a: Vaporeon|92\/100|[from] item: Leftovers\n|upkeep\n|turn|16\n|\n|detailschange|p1a: Abomasnow|Abomasnow-Mega, F\n|-mega|p1a: Abomasnow|Abomasnow|Abomasite\n|-weather|Hail|[from] ability: Snow Warning|[of] p1a: Abomasnow\n|move|p2a: Vaporeon|Protect|p2a: Vaporeon\n|-singleturn|p2a: Vaporeon|Protect\n|move|p1a: Abomasnow|Blizzard|p2a: Vaporeon\n|-activate|p2a: Vaporeon|move: Protect\n|\n|-weather|Hail|[upkeep]\n|-damage|p2a: Vaporeon|86\/100|[from] Hail\n|-heal|p2a: Vaporeon|92\/100|[from] item: Leftovers\n|upkeep\n|turn|17\n|\n|move|p2a: Vaporeon|Toxic|p1a: Abomasnow\n|-status|p1a: Abomasnow|tox\n|move|p1a: Abomasnow|Blizzard|p2a: Vaporeon\n|-resisted|p2a: Vaporeon\n|-damage|p2a: Vaporeon|67\/100\n|\n|-weather|Hail|[upkeep]\n|-damage|p2a: Vaporeon|61\/100|[from] Hail\n|-heal|p2a: Vaporeon|67\/100|[from] item: Leftovers\n|-damage|p1a: Abomasnow|94\/100 tox|[from] psn\n|upkeep\n|turn|18\n|\n|move|p2a: Vaporeon|Protect|p2a: Vaporeon\n|-singleturn|p2a: Vaporeon|Protect\n|move|p1a: Abomasnow|Giga Drain|p2a: Vaporeon\n|-activate|p2a: Vaporeon|move: Protect\n|\n|-weather|Hail|[upkeep]\n|-damage|p2a: Vaporeon|61\/100|[from] Hail\n|-heal|p2a: Vaporeon|67\/100|[from] item: Leftovers\n|-damage|p1a: Abomasnow|82\/100 tox|[from] psn\n|upkeep\n|turn|19\n|\n|switch|p2a: Incineroar|Incineroar, M|100\/100\n|-ability|p2a: Incineroar|Intimidate|boost\n|-unboost|p1a: Abomasnow|atk|1\n|move|p1a: Abomasnow|Earthquake|p2a: Incineroar\n|-supereffective|p2a: Incineroar\n|-damage|p2a: Incineroar|58\/100\n|\n|-weather|Hail|[upkeep]\n|-damage|p2a: Incineroar|52\/100|[from] Hail\n|-damage|p1a: Abomasnow|63\/100 tox|[from] psn\n|upkeep\n|turn|20\n|\n|switch|p1a: Passimian|Passimian, M|84\/100\n|move|p2a: Incineroar|Knock Off|p1a: Passimian\n|-resisted|p1a: Passimian\n|-damage|p1a: Passimian|58\/100\n|-enditem|p1a: Passimian|Choice Scarf|[from] move: Knock Off|[of] p2a: Incineroar\n|\n|-weather|none\n|upkeep\n|turn|21\n|\n|switch|p2a: Sigilyph|Sigilyph, M|100\/100\n|move|p1a: Passimian|Knock Off|p2a: Sigilyph\n|-supereffective|p2a: Sigilyph\n|-damage|p2a: Sigilyph|36\/100\n|\n|upkeep\n|turn|22\n|\n|switch|p1a: Incineroar|Incineroar, M|63\/100\n|-ability|p1a: Incineroar|Intimidate|boost\n|-unboost|p2a: Sigilyph|atk|1\n|move|p2a: Sigilyph|Roost|p2a: Sigilyph\n|-heal|p2a: Sigilyph|86\/100\n|-singleturn|p2a: Sigilyph|move: Roost\n|\n|upkeep\n|turn|23\n|\n|switch|p2a: Steelix|Steelix, M|100\/100\n|move|p1a: Incineroar|Knock Off|p2a: Steelix\n|-damage|p2a: Steelix|81\/100\n|-enditem|p2a: Steelix|Leftovers|[from] move: Knock Off|[of] p1a: Incineroar\n|\n|upkeep\n|turn|24\n|\n|move|p1a: Incineroar|U-turn|p2a: Steelix\n|-resisted|p2a: Steelix\n|-damage|p2a: Steelix|76\/100\n|\n|switch|p1a: Xatu|Xatu, F|100\/100\n|move|p2a: Steelix|Heavy Slam|p1a: Xatu\n|-damage|p1a: Xatu|65\/100\n|-damage|p2a: Steelix|59\/100|[from] item: Rocky Helmet|[of] p1a: Xatu\n|\n|upkeep\n|turn|25\n|\n|switch|p2a: Sigilyph|Sigilyph, M|86\/100\n|move|p1a: Xatu|Roost|p1a: Xatu\n|-heal|p1a: Xatu|100\/100\n|-singleturn|p1a: Xatu|move: Roost\n|\n|upkeep\n|turn|26\n|\n|move|p2a: Sigilyph|Calm Mind|p2a: Sigilyph\n|-boost|p2a: Sigilyph|spa|1\n|-boost|p2a: Sigilyph|spd|1\n|move|p1a: Xatu|Thunder Wave|p2a: Sigilyph\n|-status|p2a: Sigilyph|par\n|\n|upkeep\n|turn|27\n|\n|move|p1a: Xatu|Night Shade|p2a: Sigilyph\n|-damage|p2a: Sigilyph|51\/100 par\n|-zpower|p2a: Sigilyph\n|move|p2a: Sigilyph|Supersonic Skystrike|p1a: Xatu|[zeffect]\n|-damage|p1a: Xatu|0 fnt\n|faint|p1a: Xatu\n|\n|upkeep\n|\n|switch|p1a: Incineroar|Incineroar, M|63\/100\n|-ability|p1a: Incineroar|Intimidate|boost\n|-unboost|p2a: Sigilyph|atk|1\n|turn|28\n|\n|switch|p2a: Steelix|Steelix, M|59\/100\n|move|p1a: Incineroar|Knock Off|p2a: Steelix\n|-crit|p2a: Steelix\n|-damage|p2a: Steelix|38\/100\n|\n|upkeep\n|turn|29\n|\n|move|p1a: Incineroar|Flare Blitz|p2a: Steelix\n|-supereffective|p2a: Steelix\n|-damage|p2a: Steelix|0 fnt\n|-damage|p1a: Incineroar|52\/100|[from] Recoil\n|faint|p2a: Steelix\n|\n|upkeep\n|\n|switch|p2a: Incineroar|Incineroar, M|52\/100\n|-ability|p2a: Incineroar|Intimidate|boost\n|-unboost|p1a: Incineroar|atk|1\n|turn|30\n|\n|switch|p1a: Blastoise|Blastoise, M|39\/100 par\n|move|p2a: Incineroar|Knock Off|p1a: Blastoise\n|-damage|p1a: Blastoise|0 fnt\n|-enditem|p1a: Blastoise|Leftovers|[from] move: Knock Off|[of] p2a: Incineroar\n|faint|p1a: Blastoise\n|\n|upkeep\n|\n|switch|p1a: Passimian|Passimian, M|58\/100\n|turn|31\n|\n|switch|p2a: Sigilyph|Sigilyph, M|51\/100 par\n|move|p1a: Passimian|Close Combat|p2a: Sigilyph\n|-resisted|p2a: Sigilyph\n|-damage|p2a: Sigilyph|31\/100 par\n|-unboost|p1a: Passimian|def|1\n|-unboost|p1a: Passimian|spd|1\n|\n|upkeep\n|turn|32\n|\n|move|p1a: Passimian|Knock Off|p2a: Sigilyph\n|-supereffective|p2a: Sigilyph\n|-damage|p2a: Sigilyph|0 fnt\n|faint|p2a: Sigilyph\n|\n|upkeep\n|\n|switch|p2a: Whimsicott|Whimsicott, F|91\/100\n|turn|33\n|\n|switch|p1a: Steelix|Steelix, F|58\/100\n|move|p2a: Whimsicott|Moonblast|p1a: Steelix\n|-resisted|p1a: Steelix\n|-damage|p1a: Steelix|35\/100\n|-unboost|p1a: Steelix|spa|1\n|-damage|p2a: Whimsicott|81\/100|[from] item: Life Orb\n|\n|-heal|p1a: Steelix|41\/100|[from] item: Leftovers\n|upkeep\n|turn|34\n|\n|switch|p2a: Vaporeon|Vaporeon, M|67\/100\n|move|p1a: Steelix|Protect||[still]\n|-fail|p1a: Steelix\n|\n|-heal|p2a: Vaporeon|74\/100|[from] item: Leftovers\n|-heal|p1a: Steelix|47\/100|[from] item: Leftovers\n|upkeep\n|turn|35\n|\n|switch|p1a: Abomasnow|Abomasnow-Mega, F|63\/100 tox\n|-weather|Hail|[from] ability: Snow Warning|[of] p1a: Abomasnow\n|move|p2a: Vaporeon|Wish|p2a: Vaporeon\n|\n|-weather|Hail|[upkeep]\n|-damage|p2a: Vaporeon|67\/100|[from] Hail\n|-heal|p2a: Vaporeon|74\/100|[from] item: Leftovers\n|-damage|p1a: Abomasnow|57\/100 tox|[from] psn\n|upkeep\n|turn|36\n|\n|move|p2a: Vaporeon|Protect|p2a: Vaporeon\n|-singleturn|p2a: Vaporeon|Protect\n|move|p1a: Abomasnow|Earthquake|p2a: Vaporeon\n|-activate|p2a: Vaporeon|move: Protect\n|\n|-weather|Hail|[upkeep]\n|-damage|p2a: Vaporeon|67\/100|[from] Hail\n|-heal|p2a: Vaporeon|100\/100|[from] move: Wish|[wisher] Vaporeon\n|-damage|p1a: Abomasnow|45\/100 tox|[from] psn\n|upkeep\n|turn|37\n|\n|switch|p2a: Incineroar|Incineroar, M|52\/100\n|-ability|p2a: Incineroar|Intimidate|boost\n|-unboost|p1a: Abomasnow|atk|1\n|move|p1a: Abomasnow|Giga Drain|p2a: Incineroar\n|-resisted|p2a: Incineroar\n|-damage|p2a: Incineroar|28\/100\n|-heal|p1a: Abomasnow|57\/100 tox|[from] drain|[of] p2a: Incineroar\n|\n|-weather|Hail|[upkeep]\n|-damage|p2a: Incineroar|22\/100|[from] Hail\n|-enditem|p2a: Incineroar|Iapapa Berry|[eat]\n|-heal|p2a: Incineroar|71\/100|[from] item: Iapapa Berry\n|-damage|p1a: Abomasnow|38\/100 tox|[from] psn\n|upkeep\n|turn|38\n|\n|switch|p1a: Passimian|Passimian, M|58\/100\n|move|p2a: Incineroar|Flare Blitz|p1a: Passimian\n|-damage|p1a: Passimian|0 fnt\n|-damage|p2a: Incineroar|51\/100|[from] Recoil\n|faint|p1a: Passimian\n|\n|-weather|Hail|[upkeep]\n|-damage|p2a: Incineroar|45\/100|[from] Hail\n|upkeep\n|\n|switch|p1a: Incineroar|Incineroar, M|52\/100\n|-ability|p1a: Incineroar|Intimidate|boost\n|-unboost|p2a: Incineroar|atk|1\n|turn|39\n|\n|switch|p2a: Vaporeon|Vaporeon, M|100\/100\n|move|p1a: Incineroar|U-turn|p2a: Vaporeon\n|-damage|p2a: Vaporeon|88\/100\n|\n|switch|p1a: Abomasnow|Abomasnow-Mega, F|38\/100 tox\n|\n|-weather|none\n|-heal|p2a: Vaporeon|94\/100|[from] item: Leftovers\n|-damage|p1a: Abomasnow|32\/100 tox|[from] psn\n|upkeep\n|turn|40\n|\n|move|p2a: Vaporeon|Protect|p2a: Vaporeon\n|-singleturn|p2a: Vaporeon|Protect\n|move|p1a: Abomasnow|Giga Drain|p2a: Vaporeon\n|-activate|p2a: Vaporeon|move: Protect\n|\n|-heal|p2a: Vaporeon|99\/100|[from] item: Leftovers\n|-damage|p1a: Abomasnow|20\/100 tox|[from] psn\n|upkeep\n|turn|41\n|\n|move|p2a: Vaporeon|Wish|p2a: Vaporeon\n|move|p1a: Abomasnow|Giga Drain|p2a: Vaporeon\n|-supereffective|p2a: Vaporeon\n|-crit|p2a: Vaporeon\n|-damage|p2a: Vaporeon|0 fnt\n|-heal|p1a: Abomasnow|88\/100 tox|[from] drain|[of] p2a: Vaporeon\n|faint|p2a: Vaporeon\n|\n|-damage|p1a: Abomasnow|69\/100 tox|[from] psn\n|upkeep\n|\n|switch|p2a: Incineroar|Incineroar, M|45\/100\n|-ability|p2a: Incineroar|Intimidate|boost\n|-unboost|p1a: Abomasnow|atk|1\n|turn|42\n|\n|switch|p1a: Incineroar|Incineroar, M|52\/100\n|-ability|p1a: Incineroar|Intimidate|boost\n|-unboost|p2a: Incineroar|atk|1\n|move|p2a: Incineroar|Knock Off|p1a: Incineroar\n|-resisted|p1a: Incineroar\n|-damage|p1a: Incineroar|40\/100\n|-enditem|p1a: Incineroar|Iapapa Berry|[from] move: Knock Off|[of] p2a: Incineroar\n|\n|-heal|p2a: Incineroar|100\/100|[from] move: Wish|[wisher] Vaporeon\n|upkeep\n|turn|43\n|\n|move|p2a: Incineroar|Earthquake|p1a: Incineroar\n|-supereffective|p1a: Incineroar\n|-damage|p1a: Incineroar|6\/100\n|move|p1a: Incineroar|U-turn|p2a: Incineroar\n|-damage|p2a: Incineroar|80\/100\n|\n|switch|p1a: Steelix|Steelix, F|47\/100\n|\n|-heal|p1a: Steelix|54\/100|[from] item: Leftovers\n|upkeep\n|turn|44\n|\n|switch|p2a: Whimsicott|Whimsicott, F|81\/100\n|move|p1a: Steelix|Protect||[still]\n|-fail|p1a: Steelix\n|\n|-heal|p1a: Steelix|60\/100|[from] item: Leftovers\n|upkeep\n|turn|45\n|\n|move|p2a: Whimsicott|Giga Drain|p1a: Steelix\n|-damage|p1a: Steelix|25\/100\n|-heal|p2a: Whimsicott|100\/100|[from] drain|[of] p1a: Steelix\n|-damage|p2a: Whimsicott|91\/100|[from] item: Life Orb\n|move|p1a: Steelix|Stealth Rock|p2a: Whimsicott\n|-sidestart|p2: know i got it|move: Stealth Rock\n|\n|-heal|p1a: Steelix|31\/100|[from] item: Leftovers\n|upkeep\n|turn|46\n|\n|move|p1a: Steelix|Protect|p1a: Steelix\n|-singleturn|p1a: Steelix|Protect\n|move|p2a: Whimsicott|Giga Drain|p1a: Steelix\n|-activate|p1a: Steelix|move: Protect\n|\n|-heal|p1a: Steelix|37\/100|[from] item: Leftovers\n|upkeep\n|turn|47\n|\n|move|p2a: Whimsicott|Giga Drain|p1a: Steelix\n|-damage|p1a: Steelix|1\/100\n|-heal|p2a: Whimsicott|100\/100|[from] drain|[of] p1a: Steelix\n|-damage|p2a: Whimsicott|91\/100|[from] item: Life Orb\n|move|p1a: Steelix|Heavy Slam|p2a: Whimsicott\n|-supereffective|p2a: Whimsicott\n|-damage|p2a: Whimsicott|0 fnt\n|faint|p2a: Whimsicott\n|\n|-heal|p1a: Steelix|8\/100|[from] item: Leftovers\n|upkeep\n|\n|switch|p2a: Incineroar|Incineroar, M|80\/100\n|-damage|p2a: Incineroar|55\/100|[from] Stealth Rock\n|-ability|p2a: Incineroar|Intimidate|boost\n|-unboost|p1a: Steelix|atk|1\n|turn|48\n|\n|move|p1a: Steelix|Protect|p1a: Steelix\n|-singleturn|p1a: Steelix|Protect\n|move|p2a: Incineroar|Flare Blitz|p1a: Steelix\n|-activate|p1a: Steelix|move: Protect\n|\n|-heal|p1a: Steelix|14\/100|[from] item: Leftovers\n|upkeep\n|turn|49\n|inactive|BugCatcherWeevil has 120 seconds left.\n|\n|move|p2a: Incineroar|Flare Blitz|p1a: Steelix\n|-supereffective|p1a: Steelix\n|-crit|p1a: Steelix\n|-damage|p1a: Steelix|0 fnt\n|-damage|p2a: Incineroar|51\/100|[from] Recoil\n|faint|p1a: Steelix\n|\n|upkeep\n|\n|switch|p1a: Incineroar|Incineroar, M|6\/100\n|-ability|p1a: Incineroar|Intimidate|boost\n|-unboost|p2a: Incineroar|atk|1\n|turn|50\n|\n|move|p1a: Incineroar|Fake Out|p2a: Incineroar\n|-damage|p2a: Incineroar|38\/100\n|cant|p2a: Incineroar|flinch\n|\n|upkeep\n|turn|51\n|\n|switch|p1a: Abomasnow|Abomasnow-Mega, F|69\/100 tox\n|-weather|Hail|[from] ability: Snow Warning|[of] p1a: Abomasnow\n|move|p2a: Incineroar|Flare Blitz|p1a: Abomasnow\n|-supereffective|p1a: Abomasnow\n|-crit|p1a: Abomasnow\n|-damage|p1a: Abomasnow|0 fnt\n|-damage|p2a: Incineroar|15\/100|[from] Recoil\n|faint|p1a: Abomasnow\n|\n|-weather|Hail|[upkeep]\n|-damage|p2a: Incineroar|9\/100|[from] Hail\n|upkeep\n|\n|switch|p1a: Incineroar|Incineroar, M|6\/100\n|-ability|p1a: Incineroar|Intimidate|boost\n|-unboost|p2a: Incineroar|atk|1\n|turn|52\n|c|\u2606know i got it|LMFAO\n|\n|move|p2a: Incineroar|Protect|p2a: Incineroar\n|-singleturn|p2a: Incineroar|Protect\n|move|p1a: Incineroar|Fake Out|p2a: Incineroar\n|-activate|p2a: Incineroar|move: Protect\n|\n|-weather|Hail|[upkeep]\n|-damage|p2a: Incineroar|3\/100|[from] Hail\n|-damage|p1a: Incineroar|0 fnt|[from] Hail\n|faint|p1a: Incineroar\n|\n|win|know i got it\n|upkeep\n|c|\u2606BugCatcherWeevil|lol\n|raw|BugCatcherWeevil's rating: 1544 &rarr; <strong>1511<\/strong><br \/>(-33 for losing)\n|raw|know i got it's rating: 1280 &rarr; <strong>1321<\/strong><br \/>(+41 for winning)\n","uploadtime":1554848522,"views":5,"p1id":"bugcatcherweevil","p2id":"knowigotit","formatid":"gen7nu","rating":1321,"private":0,"password":null}