{"id":"gen7ou-1322112002","p1":"KIING JULIO","p2":"Stellar Flares","format":"gen7ou","log":"|j|\u2606KIING JULIO\n|j|\u2606Stellar Flares\n|inactive|Battle timer is ON: inactive players will automatically lose when time's up.\n|t:|1618501532\n|gametype|singles\n|player|p1|KIING JULIO|will-gen2|\n|player|p2|Stellar Flares|101|\n|teamsize|p1|6\n|teamsize|p2|6\n|gen|7\n|tier|[Gen 7] OU\n|rated|Tournament battle\n|clearpoke\n|poke|p1|Pelipper, F|item\n|poke|p1|Kingdra, F|item\n|poke|p1|Swampert, F|item\n|poke|p1|Tapu Koko|item\n|poke|p1|Hawlucha, M|item\n|poke|p1|Kartana|item\n|poke|p2|Serperior, F|item\n|poke|p2|Tapu Fini|item\n|poke|p2|Scizor, F|item\n|poke|p2|Heatran, M|item\n|poke|p2|Landorus-Therian, M|item\n|poke|p2|Kyurem-Black|item\n|rule|Sleep Clause Mod: Limit one foe put to sleep\n|rule|Species Clause: Limit one of each Pok\u00e9mon\n|rule|OHKO Clause: OHKO moves are banned\n|rule|Moody Clause: Moody is banned\n|rule|Evasion Moves Clause: Evasion moves are banned\n|rule|Endless Battle Clause: Forcing endless battles is banned\n|rule|HP Percentage Mod: HP is shown in percentages\n|teampreview\n|j| HarryKane247\n|\n|t:|1618501548\n|start\n|switch|p1a: PUTAACACAS|Tapu Koko|100\/100\n|switch|p2a: Kyurem|Kyurem-Black|100\/100\n|-fieldstart|move: Electric Terrain|[from] ability: Electric Surge|[of] p1a: PUTAACACAS\n|-ability|p2a: Kyurem|Teravolt\n|turn|1\n|j| d18l\n|l| d18l\n|\n|t:|1618501555\n|-zpower|p1a: PUTAACACAS\n|move|p1a: PUTAACACAS|Twinkle Tackle|p2a: Kyurem|[zeffect]\n|-supereffective|p2a: Kyurem\n|-damage|p2a: Kyurem|0 fnt\n|faint|p2a: Kyurem\n|\n|upkeep\n|c|\u2606Stellar Flares|never\n|c|\u2606Stellar Flares|exist\n|j|+Citro\n|c|\u2606Stellar Flares|in the world\n|\n|t:|1618501569\n|switch|p2a: Heatran|Heatran, M|100\/100\n|turn|2\n|\n|t:|1618501574\n|move|p1a: PUTAACACAS|Taunt|p2a: Heatran\n|-start|p2a: Heatran|move: Taunt\n|cant|p2a: Heatran|move: Taunt|Stealth Rock\n|\n|upkeep\n|turn|3\n|j| Serah Hawke\n|l| Serah Hawke\n|c|\u2606Stellar Flares|tf is that set really\n|\n|t:|1618501583\n|move|p1a: PUTAACACAS|U-turn|p2a: Heatran\n|-resisted|p2a: Heatran\n|-damage|p2a: Heatran|97\/100\n|\n|t:|1618501586\n|switch|p1a: SHEEESH|Pelipper, F|100\/100|[from]move: U-turn\n|-weather|RainDance|[from] ability: Drizzle|[of] p1a: SHEEESH\n|move|p2a: Heatran|Magma Storm|p1a: SHEEESH|[miss]\n|-miss|p2a: Heatran|p1a: SHEEESH\n|\n|-weather|RainDance|[upkeep]\n|-heal|p2a: Heatran|100\/100|[from] item: Leftovers\n|upkeep\n|turn|4\n|\n|t:|1618501592\n|switch|p2a: Scizor|Scizor, F|100\/100\n|move|p1a: SHEEESH|U-turn|p2a: Scizor\n|-resisted|p2a: Scizor\n|-damage|p2a: Scizor|97\/100\n|\n|t:|1618501595\n|switch|p1a: KING JULIO|Swampert, F|100\/100|[from]move: U-turn\n|\n|-weather|RainDance|[upkeep]\n|upkeep\n|turn|5\n|\n|t:|1618501599\n|detailschange|p1a: KING JULIO|Swampert-Mega, F\n|-mega|p1a: KING JULIO|Swampert|Swampertite\n|detailschange|p2a: Scizor|Scizor-Mega, F\n|-mega|p2a: Scizor|Scizor|Scizorite\n|move|p1a: KING JULIO|Waterfall|p2a: Scizor\n|-damage|p2a: Scizor|45\/100\n|move|p2a: Scizor|U-turn|p1a: KING JULIO\n|-damage|p1a: KING JULIO|68\/100\n|\n|t:|1618501602\n|switch|p2a: Serperior|Serperior, F|100\/100|[from]move: U-turn\n|\n|-weather|RainDance|[upkeep]\n|-fieldend|move: Electric Terrain\n|upkeep\n|turn|6\n|\n|t:|1618501613\n|switch|p1a: SHEEESHHHHHH|Kartana|100\/100\n|move|p2a: Serperior|Leaf Storm|p1a: SHEEESHHHHHH\n|-resisted|p1a: SHEEESHHHHHH\n|-damage|p1a: SHEEESHHHHHH|64\/100\n|-boost|p2a: Serperior|spa|2\n|\n|-weather|RainDance|[upkeep]\n|upkeep\n|turn|7\n|\n|t:|1618501618\n|switch|p2a: Landorus|Landorus-Therian, M|100\/100\n|-ability|p2a: Landorus|Intimidate|boost\n|-unboost|p1a: SHEEESHHHHHH|atk|1\n|move|p1a: SHEEESHHHHHH|Knock Off|p2a: Landorus\n|-damage|p2a: Landorus|72\/100\n|-enditem|p2a: Landorus|Choice Scarf|[from] move: Knock Off|[of] p1a: SHEEESHHHHHH\n|\n|-weather|RainDance|[upkeep]\n|upkeep\n|turn|8\n|\n|t:|1618501628\n|switch|p1a: HORSE BITCH|Kingdra, F|100\/100\n|move|p2a: Landorus|U-turn|p1a: HORSE BITCH\n|-damage|p1a: HORSE BITCH|73\/100\n|\n|t:|1618501631\n|switch|p2a: Tapu Fini|Tapu Fini|100\/100|[from]move: U-turn\n|-fieldstart|move: Misty Terrain|[from] ability: Misty Surge|[of] p2a: Tapu Fini\n|\n|-weather|RainDance|[upkeep]\n|upkeep\n|turn|9\n|\n|t:|1618501643\n|switch|p1a: PUTAACACAS|Tapu Koko|100\/100\n|-fieldstart|move: Electric Terrain|[from] ability: Electric Surge|[of] p1a: PUTAACACAS\n|move|p2a: Tapu Fini|Moonblast|p1a: PUTAACACAS\n|-damage|p1a: PUTAACACAS|56\/100\n|\n|-weather|RainDance|[upkeep]\n|upkeep\n|turn|10\n|\n|t:|1618501647\n|switch|p2a: Heatran|Heatran, M|100\/100\n|move|p1a: PUTAACACAS|Dazzling Gleam|p2a: Heatran\n|-resisted|p2a: Heatran\n|-damage|p2a: Heatran|95\/100\n|\n|-weather|none\n|-heal|p2a: Heatran|100\/100|[from] item: Leftovers\n|upkeep\n|turn|11\n|j| Arceros\n|\n|t:|1618501652\n|move|p1a: PUTAACACAS|U-turn|p2a: Heatran\n|-resisted|p2a: Heatran\n|-damage|p2a: Heatran|97\/100\n|\n|t:|1618501654\n|switch|p1a: SHEEESH|Pelipper, F|100\/100|[from]move: U-turn\n|-weather|RainDance|[from] ability: Drizzle|[of] p1a: SHEEESH\n|move|p2a: Heatran|Stealth Rock|p1a: SHEEESH\n|-sidestart|p1: KIING JULIO|move: Stealth Rock\n|\n|-weather|RainDance|[upkeep]\n|-heal|p2a: Heatran|100\/100|[from] item: Leftovers\n|upkeep\n|turn|12\n|\n|t:|1618501659\n|switch|p2a: Serperior|Serperior, F|100\/100\n|move|p1a: SHEEESH|Scald|p2a: Serperior\n|-resisted|p2a: Serperior\n|-damage|p2a: Serperior|75\/100\n|-status|p2a: Serperior|brn\n|\n|-weather|RainDance|[upkeep]\n|-heal|p2a: Serperior|81\/100 brn|[from] item: Leftovers\n|-damage|p2a: Serperior|75\/100 brn|[from] brn\n|upkeep\n|turn|13\n|c|\u2606Stellar Flares|this should make me lose\n|c|\u2606Stellar Flares|ngl\n|\n|t:|1618501674\n|move|p2a: Serperior|Leaf Storm|p1a: SHEEESH\n|-damage|p1a: SHEEESH|54\/100\n|-boost|p2a: Serperior|spa|2\n|move|p1a: SHEEESH|Hurricane|p2a: Serperior\n|-supereffective|p2a: Serperior\n|-damage|p2a: Serperior|0 fnt\n|faint|p2a: Serperior\n|\n|-weather|RainDance|[upkeep]\n|-fieldend|move: Electric Terrain\n|upkeep\n|-message|Stellar Flares forfeited.\n|\n|win|KIING JULIO\n|n|\u2606KIING JULIO|kiingjulio\n|n|\u2606Stellar Flares|stellarflares\n|n| HarryKane247|harrykane247\n|n|+Citro|citro\n|n| Arceros|arceros\n|l|\u2606Stellar Flares\n|c| Arceros|peliper op\n|l|+Citro\n|l| Arceros\n|l| HarryKane247\n","uploadtime":1618501759,"views":36,"p1id":"kiingjulio","p2id":"stellarflares","formatid":"gen7ou","rating":0,"private":0,"password":null}