{"id":"gen7ou-823373548","p1":"Ban Lando t guy jk","p2":"KuWyTo","format":"gen7ou","log":"|j|\u2606Ban Lando t guy jk\n|j|\u2606KuWyTo\n|player|p1|Ban Lando t guy jk|247\n|player|p2|KuWyTo|163\n|teamsize|p1|6\n|teamsize|p2|6\n|gametype|singles\n|gen|7\n|tier|[Gen 7] OU\n|rated|\n|rule|Sleep Clause Mod: Limit one foe put to sleep\n|rule|Species Clause: Limit one of each Pok\u00e9mon\n|rule|OHKO Clause: OHKO moves are banned\n|rule|Moody Clause: Moody is banned\n|rule|Evasion Moves Clause: Evasion moves are banned\n|rule|Endless Battle Clause: Forcing endless battles is banned\n|rule|HP Percentage Mod: HP is shown in percentages\n|clearpoke\n|poke|p1|Landorus-Therian, M|item\n|poke|p1|Greninja, M|item\n|poke|p1|Alakazam, M|item\n|poke|p1|Tornadus-Therian, M|item\n|poke|p1|Heatran, M|item\n|poke|p1|Tangrowth, M|item\n|poke|p2|Tapu Koko|item\n|poke|p2|Lopunny, F|item\n|poke|p2|Zygarde|item\n|poke|p2|Celesteela|item\n|poke|p2|Marowak-Alola, M|item\n|poke|p2|Tapu Fini|item\n|teampreview\n|inactive|Battle timer is ON: inactive players will automatically lose when time's up. (requested by Ban Lando t guy jk)\n|\n|start\n|switch|p1a: Landorus|Landorus-Therian, M|100\/100\n|switch|p2a: Tapu Koko|Tapu Koko|100\/100\n|-ability|p1a: Landorus|Intimidate|boost\n|-unboost|p2a: Tapu Koko|atk|1\n|-fieldstart|move: Electric Terrain|[from] ability: Electric Surge|[of] p2a: Tapu Koko\n|turn|1\n|\n|switch|p2a: Celesteela|Celesteela|100\/100\n|move|p1a: Landorus|Earthquake|p2a: Celesteela\n|-immune|p2a: Celesteela\n|\n|upkeep\n|turn|2\n|\n|switch|p1a: Heatran|Heatran, M|100\/100\n|switch|p2a: Zygarde|Zygarde|100\/100\n|-ability|p2a: Zygarde|Aura Break\n|\n|upkeep\n|turn|3\n|\n|move|p1a: Heatran|Lava Plume|p2a: Zygarde\n|-resisted|p2a: Zygarde\n|-damage|p2a: Zygarde|90\/100\n|move|p2a: Zygarde|Substitute|p2a: Zygarde\n|-start|p2a: Zygarde|Substitute\n|-damage|p2a: Zygarde|66\/100\n|\n|-heal|p2a: Zygarde|72\/100|[from] item: Leftovers\n|upkeep\n|turn|4\n|\n|switch|p1a: Landorus|Landorus-Therian, M|100\/100\n|-ability|p1a: Landorus|Intimidate|boost\n|-immune|p2a: Zygarde\n|move|p2a: Zygarde|Coil|p2a: Zygarde\n|-boost|p2a: Zygarde|atk|1\n|-boost|p2a: Zygarde|def|1\n|-boost|p2a: Zygarde|accuracy|1\n|\n|-heal|p2a: Zygarde|78\/100|[from] item: Leftovers\n|upkeep\n|turn|5\n|\n|move|p1a: Landorus|Earthquake|p2a: Zygarde\n|-end|p2a: Zygarde|Substitute\n|move|p2a: Zygarde|Coil|p2a: Zygarde\n|-boost|p2a: Zygarde|atk|1\n|-boost|p2a: Zygarde|def|1\n|-boost|p2a: Zygarde|accuracy|1\n|\n|-heal|p2a: Zygarde|84\/100|[from] item: Leftovers\n|-fieldend|move: Electric Terrain\n|upkeep\n|turn|6\n|\n|move|p1a: Landorus|Earthquake|p2a: Zygarde\n|-damage|p2a: Zygarde|63\/100\n|move|p2a: Zygarde|Substitute|p2a: Zygarde\n|-start|p2a: Zygarde|Substitute\n|-damage|p2a: Zygarde|39\/100\n|\n|-heal|p2a: Zygarde|45\/100|[from] item: Leftovers\n|upkeep\n|turn|7\n|\n|switch|p1a: Tangrowth|Tangrowth, M|100\/100\n|move|p2a: Zygarde|Thousand Arrows|p1a: Tangrowth\n|-resisted|p1a: Tangrowth\n|-damage|p1a: Tangrowth|80\/100\n|\n|-heal|p2a: Zygarde|51\/100|[from] item: Leftovers\n|upkeep\n|turn|8\n|\n|move|p2a: Zygarde|Thousand Arrows|p1a: Tangrowth\n|-resisted|p1a: Tangrowth\n|-damage|p1a: Tangrowth|60\/100\n|move|p1a: Tangrowth|Hidden Power|p2a: Zygarde\n|-supereffective|p2a: Zygarde\n|-end|p2a: Zygarde|Substitute\n|\n|-heal|p2a: Zygarde|57\/100|[from] item: Leftovers\n|upkeep\n|turn|9\n|c|\u2606Ban Lando t guy jk|oh how i forgot about you\n|\n|switch|p2a: Marowak|Marowak-Alola, M|100\/100\n|move|p1a: Tangrowth|Giga Drain|p2a: Marowak\n|-resisted|p2a: Marowak\n|-damage|p2a: Marowak|88\/100\n|-heal|p1a: Tangrowth|65\/100|[from] drain|[of] p2a: Marowak\n|\n|upkeep\n|turn|10\n|\n|switch|p1a: Landorus|Landorus-Therian, M|100\/100\n|-ability|p1a: Landorus|Intimidate|boost\n|-unboost|p2a: Marowak|atk|1\n|move|p2a: Marowak|Will-O-Wisp|p1a: Landorus\n|-status|p1a: Landorus|brn\n|\n|-damage|p1a: Landorus|95\/100 brn|[from] brn\n|upkeep\n|turn|11\n|\n|move|p1a: Landorus|U-turn|p2a: Marowak\n|-resisted|p2a: Marowak\n|-damage|p2a: Marowak|86\/100\n|\n|switch|p1a: Heatran|Heatran, M|100\/100\n|move|p2a: Marowak|Stealth Rock|p1a: Heatran\n|-sidestart|p1: Ban Lando t guy jk|move: Stealth Rock\n|\n|upkeep\n|turn|12\n|\n|switch|p2a: Lopunny|Lopunny, F|100\/100\n|move|p1a: Heatran|Stealth Rock|p2a: Lopunny\n|-sidestart|p2: KuWyTo|move: Stealth Rock\n|\n|upkeep\n|turn|13\n|\n|switch|p1a: Landorus|Landorus-Therian, M|95\/100 brn\n|-damage|p1a: Landorus|82\/100 brn|[from] Stealth Rock\n|-ability|p1a: Landorus|Intimidate|boost\n|-unboost|p2a: Lopunny|atk|1\n|detailschange|p2a: Lopunny|Lopunny-Mega, F\n|-mega|p2a: Lopunny|Lopunny|Lopunnite\n|move|p2a: Lopunny|Ice Punch|p1a: Landorus\n|-supereffective|p1a: Landorus\n|-damage|p1a: Landorus|8\/100 brn\n|\n|-damage|p1a: Landorus|2\/100 brn|[from] brn\n|upkeep\n|turn|14\n|\n|switch|p2a: Celesteela|Celesteela|100\/100\n|-damage|p2a: Celesteela|88\/100|[from] Stealth Rock\n|move|p1a: Landorus|Explosion|p2a: Celesteela\n|-resisted|p2a: Celesteela\n|-damage|p2a: Celesteela|72\/100\n|faint|p1a: Landorus\n|\n|-heal|p2a: Celesteela|78\/100|[from] item: Leftovers\n|upkeep\n|\n|switch|p1a: Heatran|Heatran, M|100\/100\n|-damage|p1a: Heatran|88\/100|[from] Stealth Rock\n|turn|15\n|\n|switch|p2a: Tapu Fini|Tapu Fini|100\/100\n|-damage|p2a: Tapu Fini|88\/100|[from] Stealth Rock\n|-fieldstart|move: Misty Terrain|[from] ability: Misty Surge|[of] p2a: Tapu Fini\n|move|p1a: Heatran|Lava Plume|p2a: Tapu Fini\n|-resisted|p2a: Tapu Fini\n|-damage|p2a: Tapu Fini|74\/100\n|\n|-heal|p2a: Tapu Fini|80\/100|[from] item: Leftovers\n|-heal|p1a: Heatran|94\/100|[from] item: Leftovers\n|upkeep\n|turn|16\n|\n|switch|p1a: Tangrowth|Tangrowth, M|98\/100\n|-damage|p1a: Tangrowth|86\/100|[from] Stealth Rock\n|move|p2a: Tapu Fini|Moonblast|p1a: Tangrowth\n|-damage|p1a: Tangrowth|67\/100\n|-unboost|p1a: Tangrowth|spa|1\n|\n|-heal|p2a: Tapu Fini|86\/100|[from] item: Leftovers\n|upkeep\n|turn|17\n|\n|move|p2a: Tapu Fini|Moonblast|p1a: Tangrowth\n|-damage|p1a: Tangrowth|47\/100\n|move|p1a: Tangrowth|Knock Off|p2a: Tapu Fini\n|-resisted|p2a: Tapu Fini\n|-damage|p2a: Tapu Fini|77\/100\n|-enditem|p2a: Tapu Fini|Leftovers|[from] move: Knock Off|[of] p1a: Tangrowth\n|\n|upkeep\n|turn|18\n|\n|switch|p2a: Celesteela|Celesteela|78\/100\n|-damage|p2a: Celesteela|66\/100|[from] Stealth Rock\n|switch|p1a: Heatran|Heatran, M|94\/100\n|-damage|p1a: Heatran|82\/100|[from] Stealth Rock\n|\n|-heal|p1a: Heatran|88\/100|[from] item: Leftovers\n|-heal|p2a: Celesteela|72\/100|[from] item: Leftovers\n|upkeep\n|turn|19\n|\n|move|p2a: Celesteela|Protect|p2a: Celesteela\n|-singleturn|p2a: Celesteela|Protect\n|move|p1a: Heatran|Lava Plume|p2a: Celesteela\n|-activate|p2a: Celesteela|move: Protect\n|\n|-heal|p1a: Heatran|94\/100|[from] item: Leftovers\n|-heal|p2a: Celesteela|78\/100|[from] item: Leftovers\n|-fieldend|Misty Terrain\n|upkeep\n|turn|20\n|\n|switch|p2a: Tapu Fini|Tapu Fini|77\/100\n|-damage|p2a: Tapu Fini|65\/100|[from] Stealth Rock\n|-fieldstart|move: Misty Terrain|[from] ability: Misty Surge|[of] p2a: Tapu Fini\n|move|p1a: Heatran|Lava Plume|p2a: Tapu Fini\n|-resisted|p2a: Tapu Fini\n|-damage|p2a: Tapu Fini|51\/100\n|\n|-heal|p1a: Heatran|100\/100|[from] item: Leftovers\n|upkeep\n|turn|21\n|\n|switch|p2a: Marowak|Marowak-Alola, M|86\/100\n|-damage|p2a: Marowak|61\/100|[from] Stealth Rock\n|move|p1a: Heatran|Earth Power|p2a: Marowak\n|-supereffective|p2a: Marowak\n|-damage|p2a: Marowak|12\/100\n|\n|upkeep\n|turn|22\n|\n|move|p1a: Heatran|Earth Power|p2a: Marowak\n|-supereffective|p2a: Marowak\n|-damage|p2a: Marowak|0 fnt\n|faint|p2a: Marowak\n|\n|upkeep\n|\n|switch|p2a: Lopunny|Lopunny-Mega, F|100\/100\n|-damage|p2a: Lopunny|95\/100|[from] Stealth Rock\n|turn|23\n|\n|switch|p1a: Tornadus|Tornadus-Therian, M|100\/100\n|-damage|p1a: Tornadus|76\/100|[from] Stealth Rock\n|move|p2a: Lopunny|High Jump Kick|p1a: Tornadus\n|-resisted|p1a: Tornadus\n|-damage|p1a: Tornadus|26\/100\n|\n|upkeep\n|turn|24\n|\n|move|p2a: Lopunny|Return|p1a: Tornadus\n|-damage|p1a: Tornadus|0 fnt\n|faint|p1a: Tornadus\n|\n|-fieldend|Misty Terrain\n|upkeep\n|\n|switch|p1a: Alakazam|Alakazam, M|100\/100\n|turn|25\n|\n|switch|p2a: Tapu Fini|Tapu Fini|51\/100\n|-damage|p2a: Tapu Fini|38\/100|[from] Stealth Rock\n|-fieldstart|move: Misty Terrain|[from] ability: Misty Surge|[of] p2a: Tapu Fini\n|detailschange|p1a: Alakazam|Alakazam-Mega, M\n|-mega|p1a: Alakazam|Alakazam|Alakazite\n|-ability|p1a: Alakazam|Misty Surge|[from] ability: Trace|[of] p2a: Tapu Fini\n|move|p1a: Alakazam|Psychic|p2a: Tapu Fini\n|-damage|p2a: Tapu Fini|0 fnt\n|faint|p2a: Tapu Fini\n|\n|upkeep\n|\n|switch|p2a: Zygarde|Zygarde|57\/100\n|-damage|p2a: Zygarde|51\/100|[from] Stealth Rock\n|-ability|p2a: Zygarde|Aura Break\n|turn|26\n|\n|switch|p1a: Tangrowth|Tangrowth, M|80\/100\n|-damage|p1a: Tangrowth|68\/100|[from] Stealth Rock\n|move|p2a: Zygarde|Thousand Arrows|p1a: Tangrowth\n|-resisted|p1a: Tangrowth\n|-damage|p1a: Tangrowth|58\/100\n|\n|-heal|p2a: Zygarde|57\/100|[from] item: Leftovers\n|upkeep\n|turn|27\n|\n|switch|p2a: Celesteela|Celesteela|78\/100\n|-damage|p2a: Celesteela|65\/100|[from] Stealth Rock\n|move|p1a: Tangrowth|Giga Drain|p2a: Celesteela\n|-resisted|p2a: Celesteela\n|-damage|p2a: Celesteela|60\/100\n|-heal|p1a: Tangrowth|60\/100|[from] drain|[of] p2a: Celesteela\n|\n|-heal|p2a: Celesteela|66\/100|[from] item: Leftovers\n|upkeep\n|turn|28\n|\n|switch|p1a: Heatran|Heatran, M|100\/100\n|-damage|p1a: Heatran|88\/100|[from] Stealth Rock\n|move|p2a: Celesteela|Leech Seed|p1a: Heatran\n|-start|p1a: Heatran|move: Leech Seed\n|\n|-heal|p1a: Heatran|94\/100|[from] item: Leftovers\n|-heal|p2a: Celesteela|72\/100|[from] item: Leftovers\n|-damage|p1a: Heatran|82\/100|[from] Leech Seed|[of] p2a: Celesteela\n|-heal|p2a: Celesteela|83\/100|[silent]\n|upkeep\n|turn|29\n|\n|move|p2a: Celesteela|Protect|p2a: Celesteela\n|-singleturn|p2a: Celesteela|Protect\n|move|p1a: Heatran|Lava Plume|p2a: Celesteela\n|-activate|p2a: Celesteela|move: Protect\n|\n|-heal|p1a: Heatran|88\/100|[from] item: Leftovers\n|-heal|p2a: Celesteela|89\/100|[from] item: Leftovers\n|-damage|p1a: Heatran|76\/100|[from] Leech Seed|[of] p2a: Celesteela\n|-heal|p2a: Celesteela|100\/100|[silent]\n|-fieldend|Misty Terrain\n|upkeep\n|turn|30\n|\n|switch|p2a: Zygarde|Zygarde|57\/100\n|-damage|p2a: Zygarde|51\/100|[from] Stealth Rock\n|-ability|p2a: Zygarde|Aura Break\n|move|p1a: Heatran|Lava Plume|p2a: Zygarde\n|-resisted|p2a: Zygarde\n|-damage|p2a: Zygarde|41\/100\n|\n|-heal|p1a: Heatran|82\/100|[from] item: Leftovers\n|-heal|p2a: Zygarde|47\/100|[from] item: Leftovers\n|-damage|p1a: Heatran|70\/100|[from] Leech Seed|[of] p2a: Zygarde\n|-heal|p2a: Zygarde|58\/100|[silent]\n|upkeep\n|turn|31\n|\n|switch|p1a: Tangrowth|Tangrowth, M|94\/100\n|-damage|p1a: Tangrowth|81\/100|[from] Stealth Rock\n|switch|p2a: Tapu Koko|Tapu Koko|100\/100\n|-damage|p2a: Tapu Koko|88\/100|[from] Stealth Rock\n|-fieldstart|move: Electric Terrain|[from] ability: Electric Surge|[of] p2a: Tapu Koko\n|\n|upkeep\n|turn|32\n|\n|move|p2a: Tapu Koko|U-turn|p1a: Tangrowth\n|-supereffective|p1a: Tangrowth\n|-damage|p1a: Tangrowth|54\/100\n|-damage|p2a: Tapu Koko|78\/100|[from] item: Life Orb\n|\n|switch|p2a: Celesteela|Celesteela|100\/100\n|-damage|p2a: Celesteela|88\/100|[from] Stealth Rock\n|move|p1a: Tangrowth|Giga Drain|p2a: Celesteela\n|-resisted|p2a: Celesteela\n|-damage|p2a: Celesteela|83\/100\n|-heal|p1a: Tangrowth|57\/100|[from] drain|[of] p2a: Celesteela\n|\n|-heal|p2a: Celesteela|89\/100|[from] item: Leftovers\n|upkeep\n|turn|33\n|\n|move|p2a: Celesteela|Fire Blast|p1a: Tangrowth\n|-supereffective|p1a: Tangrowth\n|-damage|p1a: Tangrowth|26\/100\n|move|p1a: Tangrowth|Knock Off|p2a: Celesteela\n|-damage|p2a: Celesteela|74\/100\n|-enditem|p2a: Celesteela|Leftovers|[from] move: Knock Off|[of] p1a: Tangrowth\n|\n|upkeep\n|turn|34\n|\n|switch|p1a: Greninja|Greninja, M|100\/100\n|-damage|p1a: Greninja|88\/100|[from] Stealth Rock\n|move|p2a: Celesteela|Leech Seed|p1a: Greninja|[miss]\n|-miss|p2a: Celesteela|p1a: Greninja\n|\n|upkeep\n|turn|35\n|\n|move|p1a: Greninja|Surf|p2a: Celesteela\n|-damage|p2a: Celesteela|32\/100\n|move|p2a: Celesteela|Leech Seed|p1a: Greninja\n|-start|p1a: Greninja|move: Leech Seed\n|\n|-damage|p1a: Greninja|76\/100|[from] Leech Seed|[of] p2a: Celesteela\n|-heal|p2a: Celesteela|41\/100|[silent]\n|-fieldend|move: Electric Terrain\n|upkeep\n|turn|36\n|\n|switch|p1a: Heatran|Heatran, M|70\/100\n|-damage|p1a: Heatran|57\/100|[from] Stealth Rock\n|move|p2a: Celesteela|Leech Seed|p1a: Heatran\n|-start|p1a: Heatran|move: Leech Seed\n|\n|-heal|p1a: Heatran|63\/100|[from] item: Leftovers\n|-damage|p1a: Heatran|51\/100|[from] Leech Seed|[of] p2a: Celesteela\n|-heal|p2a: Celesteela|52\/100|[silent]\n|upkeep\n|turn|37\n|\n|move|p2a: Celesteela|Protect|p2a: Celesteela\n|-singleturn|p2a: Celesteela|Protect\n|move|p1a: Heatran|Lava Plume|p2a: Celesteela\n|-activate|p2a: Celesteela|move: Protect\n|\n|-heal|p1a: Heatran|57\/100|[from] item: Leftovers\n|-damage|p1a: Heatran|45\/100|[from] Leech Seed|[of] p2a: Celesteela\n|-heal|p2a: Celesteela|63\/100|[silent]\n|upkeep\n|turn|38\n|\n|switch|p2a: Zygarde|Zygarde|58\/100\n|-damage|p2a: Zygarde|52\/100|[from] Stealth Rock\n|-ability|p2a: Zygarde|Aura Break\n|move|p1a: Heatran|Lava Plume|p2a: Zygarde\n|-resisted|p2a: Zygarde\n|-damage|p2a: Zygarde|41\/100\n|\n|-heal|p1a: Heatran|51\/100|[from] item: Leftovers\n|-heal|p2a: Zygarde|47\/100|[from] item: Leftovers\n|-damage|p1a: Heatran|39\/100|[from] Leech Seed|[of] p2a: Zygarde\n|-heal|p2a: Zygarde|58\/100|[silent]\n|upkeep\n|turn|39\n|\n|switch|p1a: Tangrowth|Tangrowth, M|60\/100\n|-damage|p1a: Tangrowth|47\/100|[from] Stealth Rock\n|switch|p2a: Lopunny|Lopunny-Mega, F|95\/100\n|-damage|p2a: Lopunny|89\/100|[from] Stealth Rock\n|\n|upkeep\n|turn|40\n|\n|move|p2a: Lopunny|High Jump Kick|p1a: Tangrowth\n|-damage|p1a: Tangrowth|0 fnt\n|faint|p1a: Tangrowth\n|\n|upkeep\n|\n|switch|p1a: Alakazam|Alakazam-Mega, M|100\/100\n|-damage|p1a: Alakazam|88\/100|[from] Stealth Rock\n|-ability|p1a: Alakazam|Scrappy|[from] ability: Trace|[of] p2a: Lopunny\n|turn|41\n|\n|switch|p2a: Celesteela|Celesteela|63\/100\n|-damage|p2a: Celesteela|51\/100|[from] Stealth Rock\n|move|p1a: Alakazam|Psychic|p2a: Celesteela\n|-resisted|p2a: Celesteela\n|-damage|p2a: Celesteela|28\/100\n|\n|upkeep\n|turn|42\n|\n|move|p1a: Alakazam|Psychic|p2a: Celesteela\n|-resisted|p2a: Celesteela\n|-damage|p2a: Celesteela|7\/100\n|move|p2a: Celesteela|Leech Seed|p1a: Alakazam\n|-start|p1a: Alakazam|move: Leech Seed\n|\n|-damage|p1a: Alakazam|76\/100|[from] Leech Seed|[of] p2a: Celesteela\n|-heal|p2a: Celesteela|14\/100|[silent]\n|upkeep\n|turn|43\n|\n|switch|p1a: Greninja|Greninja, M|76\/100\n|-damage|p1a: Greninja|64\/100|[from] Stealth Rock\n|move|p2a: Celesteela|Leech Seed|p1a: Greninja\n|-start|p1a: Greninja|move: Leech Seed\n|\n|-damage|p1a: Greninja|52\/100|[from] Leech Seed|[of] p2a: Celesteela\n|-heal|p2a: Celesteela|23\/100|[silent]\n|upkeep\n|turn|44\n|\n|switch|p1a: Heatran|Heatran, M|39\/100\n|-damage|p1a: Heatran|26\/100|[from] Stealth Rock\n|move|p2a: Celesteela|Protect||[still]\n|-fail|p2a: Celesteela\n|\n|-heal|p1a: Heatran|32\/100|[from] item: Leftovers\n|upkeep\n|turn|45\n|\n|move|p1a: Heatran|Lava Plume|p2a: Celesteela\n|-supereffective|p2a: Celesteela\n|-damage|p2a: Celesteela|0 fnt\n|faint|p2a: Celesteela\n|\n|-heal|p1a: Heatran|39\/100|[from] item: Leftovers\n|upkeep\n|\n|switch|p2a: Zygarde|Zygarde|58\/100\n|-damage|p2a: Zygarde|52\/100|[from] Stealth Rock\n|-ability|p2a: Zygarde|Aura Break\n|turn|46\n|\n|move|p1a: Heatran|Lava Plume|p2a: Zygarde\n|-resisted|p2a: Zygarde\n|-damage|p2a: Zygarde|42\/100\n|-status|p2a: Zygarde|brn\n|move|p2a: Zygarde|Thousand Arrows|p1a: Heatran\n|-supereffective|p1a: Heatran\n|-damage|p1a: Heatran|0 fnt\n|faint|p1a: Heatran\n|\n|-heal|p2a: Zygarde|48\/100 brn|[from] item: Leftovers\n|-damage|p2a: Zygarde|42\/100 brn|[from] brn\n|upkeep\n|\n|switch|p1a: Alakazam|Alakazam-Mega, M|76\/100\n|-damage|p1a: Alakazam|63\/100|[from] Stealth Rock\n|-ability|p1a: Alakazam|Aura Break|[from] ability: Trace|[of] p2a: Zygarde\n|-ability|p1a: Alakazam|Aura Break\n|turn|47\n|\n|move|p1a: Alakazam|Psychic|p2a: Zygarde\n|-damage|p2a: Zygarde|5\/100 brn\n|move|p2a: Zygarde|Thousand Arrows|p1a: Alakazam\n|-damage|p1a: Alakazam|36\/100\n|\n|-heal|p2a: Zygarde|11\/100 brn|[from] item: Leftovers\n|-damage|p2a: Zygarde|5\/100 brn|[from] brn\n|upkeep\n|turn|48\n|\n|move|p2a: Zygarde|Extreme Speed|p1a: Alakazam\n|-damage|p1a: Alakazam|18\/100\n|move|p1a: Alakazam|Psychic|p2a: Zygarde\n|-damage|p2a: Zygarde|0 fnt\n|faint|p2a: Zygarde\n|\n|upkeep\n|\n|switch|p2a: Lopunny|Lopunny-Mega, F|89\/100\n|-damage|p2a: Lopunny|83\/100|[from] Stealth Rock\n|turn|49\n|\n|move|p2a: Lopunny|Fake Out|p1a: Alakazam\n|-damage|p1a: Alakazam|0 fnt\n|faint|p1a: Alakazam\n|\n|upkeep\n|\n|switch|p1a: Greninja|Greninja, M|52\/100\n|-damage|p1a: Greninja|39\/100|[from] Stealth Rock\n|turn|50\n|\n|move|p1a: Greninja|Water Shuriken|p2a: Lopunny\n|-damage|p2a: Lopunny|68\/100\n|-damage|p2a: Lopunny|54\/100\n|-hitcount|p2a: Lopunny|2\n|move|p2a: Lopunny|Return|p1a: Greninja\n|-damage|p1a: Greninja|0 fnt\n|faint|p1a: Greninja\n|\n|win|KuWyTo\n|raw|Ban Lando t guy jk's rating: 1523 &rarr; <strong>1503<\/strong><br \/>(-20 for losing)\n|raw|KuWyTo's rating: 1515 &rarr; <strong>1536<\/strong><br \/>(+21 for winning)\n|l|\u2606Ban Lando t guy jk\n","uploadtime":1542694942,"views":24,"p1id":"banlandotguyjk","p2id":"kuwyto","formatid":"gen7ou","rating":1503,"private":0,"password":null}