{"id":"gen7ou-587369605","p1":"bange","p2":"I'm back from mars","format":"gen7ou","log":"|j|bange\n|j|I'm back from mars\n|player|p1|bange|142\n|teamsize|p1|6\n|player|p2|I'm back from mars|128\n|teamsize|p2|6\n|gametype|singles\n|gen|7\n|tier|[Gen 7] OU\n|rated\n|seed|49865,60394,34356,29427\n|clearpoke\n|poke|p1|Zapdos|item\n|poke|p1|Greninja, M|item\n|poke|p1|Scizor, M|item\n|poke|p1|Seismitoad, M, shiny|item\n|poke|p1|Heatran, M|item\n|poke|p1|Azelf|item\n|poke|p2|Manectric, F|item\n|poke|p2|Landorus-Therian, M|item\n|poke|p2|Tapu Fini|item\n|poke|p2|Tangrowth, M|item\n|poke|p2|Magearna|item\n|poke|p2|Zygarde|item\n|rule|Sleep Clause Mod: Limit one foe put to sleep\n|rule|Species Clause: Limit one of each Pok\u00e9mon\n|rule|OHKO Clause: OHKO moves are banned\n|rule|Moody Clause: Moody is banned\n|rule|Evasion Moves Clause: Evasion moves are banned\n|rule|Endless Battle Clause: Forcing endless battles is banned\n|rule|HP Percentage Mod: HP is shown in percentages\n|teampreview\n|choice|team 6, team 2, team 3, team 4, team 5, team 1|team 1, team 2, team 3, team 4, team 5, team 6\n|\n|start\n|switch|p1a: Azelf|Azelf|292\/292\n|switch|p2a: Manectric|Manectric, F|281\/281\n|turn|1\n|choice|move uturn|move thunderbolt mega\n|\n|detailschange|p2a: Manectric|Manectric-Mega, F\n|-mega|p2a: Manectric|Manectric|Manectite\n|-ability|p2a: Manectric|Intimidate|boost\n|-unboost|p1a: Azelf|atk|1\n|move|p1a: Azelf|U-turn|p2a: Manectric\n|-damage|p2a: Manectric|230\/281\n|choice|switch 4|\n|\n|switch|p1a: Seismitoad|Seismitoad, M, shiny|414\/414\n|move|p2a: Manectric|Thunderbolt|p1a: Seismitoad\n|-immune|p1a: Seismitoad|[msg]\n|\n|upkeep\n|turn|2\n|choice|move stealthrock|switch 4\n|\n|switch|p2a: Tangrowth|Tangrowth, M|404\/404\n|move|p1a: Seismitoad|Stealth Rock|p2a: Tangrowth\n|-sidestart|p2: I'm back from mars|move: Stealth Rock\n|\n|upkeep\n|turn|3\n|choice|switch 3|switch 2\n|\n|switch|p1a: Scizor|Scizor, M|322\/322\n|switch|p2a: Landorus|Landorus-Therian, M|331\/331\n|-damage|p2a: Landorus|290\/331|[from] Stealth Rock\n|-ability|p2a: Landorus|Intimidate|boost\n|-unboost|p1a: Scizor|atk|1\n|\n|upkeep\n|turn|4\n|choice|move uturn mega|move stealthrock\n|\n|detailschange|p1a: Scizor|Scizor-Mega, M\n|-mega|p1a: Scizor|Scizor|Scizorite\n|move|p2a: Landorus|Stealth Rock|p1a: Scizor\n|-sidestart|p1: bange|move: Stealth Rock\n|move|p1a: Scizor|U-turn|p2a: Landorus\n|-resisted|p2a: Landorus\n|-damage|p2a: Landorus|237\/331\n|-damage|p1a: Scizor|269\/322|[from] item: Rocky Helmet|[of] p2a: Landorus\n|choice|switch 2|\n|\n|switch|p1a: Greninja|Greninja, M|286\/286\n|-damage|p1a: Greninja|251\/286|[from] Stealth Rock\n|\n|upkeep\n|turn|5\n|choice|move uturn|switch 3\n|\n|switch|p2a: Tapu Fini|Tapu Fini|343\/343\n|-damage|p2a: Tapu Fini|301\/343|[from] Stealth Rock\n|-fieldstart|move: Misty Terrain|[from] ability: Misty Surge|[of] p2a: Tapu Fini\n|move|p1a: Greninja|U-turn|p2a: Tapu Fini\n|-resisted|p2a: Tapu Fini\n|-damage|p2a: Tapu Fini|285\/343\n|choice|switch 6|\n|\n|switch|p1a: Zapdos|Zapdos|384\/384\n|-damage|p1a: Zapdos|288\/384|[from] Stealth Rock\n|-ability|p1a: Zapdos|Pressure\n|\n|-heal|p2a: Tapu Fini|306\/343|[from] item: Leftovers\n|upkeep\n|turn|6\n|j|Dough\u96e8wy\n|choice|move voltswitch|switch 2\n|\n|switch|p2a: Tangrowth|Tangrowth, M|404\/404\n|-damage|p2a: Tangrowth|354\/404|[from] Stealth Rock\n|move|p1a: Zapdos|Volt Switch|p2a: Tangrowth\n|-resisted|p2a: Tangrowth\n|-damage|p2a: Tangrowth|320\/404\n|choice|switch 2|\n|\n|switch|p1a: Scizor|Scizor-Mega, M|269\/322\n|-damage|p1a: Scizor|229\/322|[from] Stealth Rock\n|\n|upkeep\n|turn|7\n|choice|move uturn|move knockoff\n|\n|move|p1a: Scizor|U-turn|p2a: Tangrowth\n|-supereffective|p2a: Tangrowth\n|-damage|p2a: Tangrowth|92\/404\n|choice|switch 5|\n|\n|switch|p1a: Heatran|Heatran, M|323\/323\n|-damage|p1a: Heatran|283\/323|[from] Stealth Rock\n|move|p2a: Tangrowth|Knock Off|p1a: Heatran\n|-damage|p1a: Heatran|215\/323\n|-enditem|p1a: Heatran|Assault Vest|[from] move: Knock Off|[of] p2a: Tangrowth\n|\n|upkeep\n|turn|8\n|choice|move flashcannon|switch 6\n|\n|switch|p2a: Zygarde|Zygarde|357\/357\n|-damage|p2a: Zygarde|335\/357|[from] Stealth Rock\n|-ability|p2a: Zygarde|Aura Break\n|move|p1a: Heatran|Flash Cannon|p2a: Zygarde\n|-damage|p2a: Zygarde|181\/357\n|\n|upkeep\n|turn|9\n|choice|move flashcannon|move thousandarrows\n|\n|move|p2a: Zygarde|Thousand Arrows|p1a: Heatran\n|-supereffective|p1a: Heatran\n|-damage|p1a: Heatran|0 fnt\n|faint|p1a: Heatran\n|\n|-fieldend|Misty Terrain\n|upkeep\n|j|x412 \u2663\ufe0f\n|choice|switch 6|\n|\n|switch|p1a: Greninja|Greninja, M|251\/286\n|-damage|p1a: Greninja|216\/286|[from] Stealth Rock\n|turn|10\n|choice|move hydropump|switch 2\n|\n|switch|p2a: Tapu Fini|Tapu Fini|306\/343\n|-damage|p2a: Tapu Fini|264\/343|[from] Stealth Rock\n|-fieldstart|move: Misty Terrain|[from] ability: Misty Surge|[of] p2a: Tapu Fini\n|move|p1a: Greninja|Hydro Pump|p2a: Tapu Fini\n|-resisted|p2a: Tapu Fini\n|-damage|p2a: Tapu Fini|163\/343\n|\n|-heal|p2a: Tapu Fini|184\/343|[from] item: Leftovers\n|upkeep\n|turn|11\n|choice|switch 2|move naturesmadness\n|\n|switch|p1a: Zapdos|Zapdos|288\/384\n|-damage|p1a: Zapdos|192\/384|[from] Stealth Rock\n|-ability|p1a: Zapdos|Pressure\n|move|p2a: Tapu Fini|Nature's Madness|p1a: Zapdos\n|-damage|p1a: Zapdos|96\/384\n|\n|-heal|p2a: Tapu Fini|205\/343|[from] item: Leftovers\n|upkeep\n|turn|12\n|choice|move roost|switch 6\n|\n|switch|p2a: Tangrowth|Tangrowth, M|226\/404\n|-damage|p2a: Tangrowth|176\/404|[from] Stealth Rock\n|move|p1a: Zapdos|Roost|p1a: Zapdos\n|-heal|p1a: Zapdos|288\/384\n|\n|upkeep\n|turn|13\n|j|Alvar\n|choice|move defog|move sludgebomb\n|\n|move|p1a: Zapdos|Defog|p2a: Tangrowth\n|-unboost|p2a: Tangrowth|evasion|1\n|-sideend|p2: I'm back from mars|Stealth Rock|[from] move: Defog|[of] p2a: Tangrowth\n|-sideend|p1: bange|Stealth Rock|[from] move: Defog|[of] p1a: Zapdos\n|move|p2a: Tangrowth|Sludge Bomb|p1a: Zapdos\n|-damage|p1a: Zapdos|208\/384\n|\n|upkeep\n|turn|14\n|choice|move hiddenpower|switch 2\n|\n|switch|p2a: Zygarde|Zygarde|181\/357\n|-ability|p2a: Zygarde|Aura Break\n|move|p1a: Zapdos|Hidden Power|p2a: Zygarde\n|-supereffective|p2a: Zygarde\n|-crit|p2a: Zygarde\n|-damage|p2a: Zygarde|0 fnt\n|faint|p2a: Zygarde\n|\n|-fieldend|Misty Terrain\n|upkeep\n|choice||switch 4\n|\n|switch|p2a: Manectric|Manectric-Mega, F|230\/281\n|-ability|p2a: Manectric|Intimidate|boost\n|-unboost|p1a: Zapdos|atk|1\n|turn|15\n|choice|switch 3|switch 2\n|\n|switch|p2a: Tangrowth|Tangrowth, M|310\/404\n|switch|p1a: Seismitoad|Seismitoad, M, shiny|414\/414\n|\n|upkeep\n|turn|16\n|choice|switch 3|move gigadrain\n|\n|switch|p1a: Zapdos|Zapdos|208\/384\n|-ability|p1a: Zapdos|Pressure\n|move|p2a: Tangrowth|Giga Drain|p1a: Zapdos\n|-resisted|p1a: Zapdos\n|-damage|p1a: Zapdos|153\/384\n|-heal|p2a: Tangrowth|338\/404|[from] drain|[of] p1a: Zapdos\n|\n|upkeep\n|turn|17\n|choice|move roost|move sludgebomb\n|\n|move|p1a: Zapdos|Roost|p1a: Zapdos\n|-heal|p1a: Zapdos|345\/384\n|move|p2a: Tangrowth|Sludge Bomb|p1a: Zapdos\n|-damage|p1a: Zapdos|257\/384\n|\n|upkeep\n|turn|18\n|choice|move voltswitch|move sludgebomb\n|\n|move|p1a: Zapdos|Volt Switch|p2a: Tangrowth\n|-resisted|p2a: Tangrowth\n|-damage|p2a: Tangrowth|299\/404\n|choice|switch 5|\n|\n|switch|p1a: Scizor|Scizor-Mega, M|229\/322\n|move|p2a: Tangrowth|Sludge Bomb|p1a: Scizor\n|-immune|p1a: Scizor|[msg]\n|\n|upkeep\n|turn|19\n|choice|move uturn|switch 6\n|\n|switch|p2a: Tapu Fini|Tapu Fini|205\/343\n|-fieldstart|move: Misty Terrain|[from] ability: Misty Surge|[of] p2a: Tapu Fini\n|move|p1a: Scizor|U-turn|p2a: Tapu Fini\n|-resisted|p2a: Tapu Fini\n|-damage|p2a: Tapu Fini|151\/343\n|choice|switch 5|\n|\n|switch|p1a: Zapdos|Zapdos|257\/384\n|-ability|p1a: Zapdos|Pressure\n|\n|-heal|p2a: Tapu Fini|172\/343|[from] item: Leftovers\n|upkeep\n|turn|20\n|choice|move voltswitch|switch 6\n|\n|switch|p2a: Tangrowth|Tangrowth, M|404\/404\n|move|p1a: Zapdos|Volt Switch|p2a: Tangrowth\n|-resisted|p2a: Tangrowth\n|-damage|p2a: Tangrowth|368\/404\n|choice|switch 5|\n|\n|switch|p1a: Scizor|Scizor-Mega, M|229\/322\n|\n|upkeep\n|turn|21\n|choice|move uturn|switch 3\n|\n|switch|p2a: Landorus|Landorus-Therian, M|237\/331\n|-ability|p2a: Landorus|Intimidate|boost\n|-unboost|p1a: Scizor|atk|1\n|move|p1a: Scizor|U-turn|p2a: Landorus\n|-resisted|p2a: Landorus\n|-damage|p2a: Landorus|186\/331\n|-damage|p1a: Scizor|176\/322|[from] item: Rocky Helmet|[of] p2a: Landorus\n|choice|switch 5|\n|\n|switch|p1a: Zapdos|Zapdos|257\/384\n|-ability|p1a: Zapdos|Pressure\n|\n|upkeep\n|turn|22\n|choice|move hiddenpower|switch 3\n|\n|switch|p2a: Tangrowth|Tangrowth, M|404\/404\n|move|p1a: Zapdos|Hidden Power|p2a: Tangrowth\n|-supereffective|p2a: Tangrowth\n|-damage|p2a: Tangrowth|322\/404\n|\n|upkeep\n|turn|23\n|choice|move voltswitch|switch 2\n|\n|switch|p2a: Manectric|Manectric-Mega, F|230\/281\n|-ability|p2a: Manectric|Intimidate|boost\n|-unboost|p1a: Zapdos|atk|1\n|move|p1a: Zapdos|Volt Switch|p2a: Manectric\n|-resisted|p2a: Manectric\n|-damage|p2a: Manectric|176\/281\n|choice|switch 3|\n|\n|switch|p1a: Seismitoad|Seismitoad, M, shiny|414\/414\n|\n|-fieldend|Misty Terrain\n|upkeep\n|turn|24\n|choice|move scald|switch 3\n|\n|switch|p2a: Landorus|Landorus-Therian, M|186\/331\n|-ability|p2a: Landorus|Intimidate|boost\n|-unboost|p1a: Seismitoad|atk|1\n|move|p1a: Seismitoad|Scald|p2a: Landorus\n|-supereffective|p2a: Landorus\n|-crit|p2a: Landorus\n|-damage|p2a: Landorus|0 fnt\n|faint|p2a: Landorus\n|\n|upkeep\n|choice||switch 6\n|\n|switch|p2a: Tapu Fini|Tapu Fini|172\/343\n|-fieldstart|move: Misty Terrain|[from] ability: Misty Surge|[of] p2a: Tapu Fini\n|turn|25\n|choice|move earthquake|move taunt\n|\n|move|p2a: Tapu Fini|Taunt|p1a: Seismitoad\n|-start|p1a: Seismitoad|move: Taunt\n|move|p1a: Seismitoad|Earthquake|p2a: Tapu Fini\n|-damage|p2a: Tapu Fini|109\/343\n|\n|-heal|p2a: Tapu Fini|130\/343|[from] item: Leftovers\n|upkeep\n|turn|26\n|choice|move earthquake|move naturesmadness\n|\n|move|p2a: Tapu Fini|Nature's Madness|p1a: Seismitoad\n|-damage|p1a: Seismitoad|207\/414\n|move|p1a: Seismitoad|Earthquake|p2a: Tapu Fini\n|-damage|p2a: Tapu Fini|75\/343\n|\n|-heal|p2a: Tapu Fini|96\/343|[from] item: Leftovers\n|-heal|p1a: Seismitoad|232\/414|[from] item: Leftovers\n|upkeep\n|turn|27\n|choice|switch 3|move moonblast\n|\n|switch|p1a: Zapdos|Zapdos|257\/384\n|-ability|p1a: Zapdos|Pressure\n|move|p2a: Tapu Fini|Moonblast|p1a: Zapdos\n|-damage|p1a: Zapdos|143\/384\n|-unboost|p1a: Zapdos|spa|1\n|\n|-heal|p2a: Tapu Fini|117\/343|[from] item: Leftovers\n|upkeep\n|turn|28\n|choice|move roost|move taunt\n|\n|move|p2a: Tapu Fini|Taunt|p1a: Zapdos\n|-start|p1a: Zapdos|move: Taunt\n|cant|p1a: Zapdos|move: Taunt|Roost\n|\n|-heal|p2a: Tapu Fini|138\/343|[from] item: Leftovers\n|upkeep\n|turn|29\n|choice|move voltswitch|move moonblast\n|\n|move|p2a: Tapu Fini|Moonblast|p1a: Zapdos\n|-crit|p1a: Zapdos\n|-damage|p1a: Zapdos|0 fnt\n|faint|p1a: Zapdos\n|\n|-heal|p2a: Tapu Fini|159\/343|[from] item: Leftovers\n|-fieldend|Misty Terrain\n|upkeep\n|choice|switch 4|\n|\n|switch|p1a: Azelf|Azelf|292\/292\n|turn|30\n|choice|move thunderbolt|switch 2\n|\n|switch|p2a: Tangrowth|Tangrowth, M|404\/404\n|move|p1a: Azelf|Thunderbolt|p2a: Tangrowth\n|-resisted|p2a: Tangrowth\n|-damage|p2a: Tangrowth|364\/404\n|\n|upkeep\n|turn|31\n|choice|switch 5|switch 5\n|\n|switch|p1a: Scizor|Scizor-Mega, M|176\/322\n|switch|p2a: Magearna|Magearna|301\/301\n|\n|upkeep\n|turn|32\n|choice|move uturn|move shiftgear\n|\n|move|p2a: Magearna|Shift Gear|p2a: Magearna\n|-boost|p2a: Magearna|spe|2\n|-boost|p2a: Magearna|atk|1\n|move|p1a: Scizor|U-turn|p2a: Magearna\n|-resisted|p2a: Magearna\n|-damage|p2a: Magearna|269\/301\n|choice|switch 3|\n|\n|switch|p1a: Seismitoad|Seismitoad, M, shiny|232\/414\n|\n|-heal|p1a: Seismitoad|257\/414|[from] item: Leftovers\n|upkeep\n|turn|33\n|choice|switch 3|move flashcannon zmove\n|\n|switch|p1a: Scizor|Scizor-Mega, M|176\/322\n|-zpower|p2a: Magearna\n|move|p2a: Magearna|Corkscrew Crash|p1a: Scizor|[zeffect]\n|-resisted|p1a: Scizor\n|-damage|p1a: Scizor|44\/322\n|\n|upkeep\n|turn|34\n|choice|switch 3|move thunderbolt\n|\n|switch|p1a: Seismitoad|Seismitoad, M, shiny|257\/414\n|move|p2a: Magearna|Thunderbolt|p1a: Seismitoad\n|-immune|p1a: Seismitoad|[msg]\n|\n|-heal|p1a: Seismitoad|282\/414|[from] item: Leftovers\n|upkeep\n|turn|35\n|choice|move earthquake|move aurasphere\n|\n|move|p2a: Magearna|Aura Sphere|p1a: Seismitoad\n|-damage|p1a: Seismitoad|179\/414\n|move|p1a: Seismitoad|Earthquake|p2a: Magearna\n|-supereffective|p2a: Magearna\n|-crit|p2a: Magearna\n|-damage|p2a: Magearna|0 fnt\n|faint|p2a: Magearna\n|\n|-heal|p1a: Seismitoad|204\/414|[from] item: Leftovers\n|upkeep\n|choice||switch 2\n|\n|switch|p2a: Tapu Fini|Tapu Fini|159\/343\n|-fieldstart|move: Misty Terrain|[from] ability: Misty Surge|[of] p2a: Tapu Fini\n|turn|36\n|choice|move endeavor|move moonblast\n|\n|move|p2a: Tapu Fini|Moonblast|p1a: Seismitoad\n|-damage|p1a: Seismitoad|96\/414\n|move|p1a: Seismitoad|Endeavor|p2a: Tapu Fini\n|-damage|p2a: Tapu Fini|96\/343\n|\n|-heal|p2a: Tapu Fini|117\/343|[from] item: Leftovers\n|-heal|p1a: Seismitoad|121\/414|[from] item: Leftovers\n|upkeep\n|turn|37\n|choice|move endeavor|move moonblast\n|\n|move|p2a: Tapu Fini|Moonblast|p1a: Seismitoad\n|-damage|p1a: Seismitoad|1\/414\n|move|p1a: Seismitoad|Endeavor|p2a: Tapu Fini\n|-damage|p2a: Tapu Fini|1\/343\n|\n|-heal|p2a: Tapu Fini|22\/343|[from] item: Leftovers\n|-heal|p1a: Seismitoad|26\/414|[from] item: Leftovers\n|upkeep\n|turn|38\n|choice|switch 5|move moonblast\n|\n|switch|p1a: Azelf|Azelf|292\/292\n|move|p2a: Tapu Fini|Moonblast|p1a: Azelf\n|-damage|p1a: Azelf|118\/292\n|\n|-heal|p2a: Tapu Fini|43\/343|[from] item: Leftovers\n|upkeep\n|turn|39\n|choice|move psychic|move moonblast\n|\n|move|p1a: Azelf|Psychic|p2a: Tapu Fini\n|-damage|p2a: Tapu Fini|0 fnt\n|faint|p2a: Tapu Fini\n|\n|upkeep\n|choice||switch 3\n|\n|switch|p2a: Manectric|Manectric-Mega, F|176\/281\n|-ability|p2a: Manectric|Intimidate|boost\n|-unboost|p1a: Azelf|atk|1\n|turn|40\n|choice|move psychic|move flamethrower\n|\n|move|p1a: Azelf|Psychic|p2a: Manectric\n|-damage|p2a: Manectric|4\/281\n|move|p2a: Manectric|Flamethrower|p1a: Azelf\n|-damage|p1a: Azelf|0 fnt\n|faint|p1a: Azelf\n|\n|-fieldend|Misty Terrain\n|upkeep\n|choice|switch 3|\n|\n|switch|p1a: Scizor|Scizor-Mega, M|44\/322\n|turn|41\n|choice|move bulletpunch|move flamethrower\n|\n|move|p1a: Scizor|Bullet Punch|p2a: Manectric\n|-resisted|p2a: Manectric\n|-damage|p2a: Manectric|0 fnt\n|faint|p2a: Manectric\n|\n|upkeep\n|choice||switch 5\n|\n|switch|p2a: Tangrowth|Tangrowth, M|404\/404\n|turn|42\n|choice|move knockoff|move knockoff\n|\n|move|p1a: Scizor|Knock Off|p2a: Tangrowth\n|-damage|p2a: Tangrowth|282\/404\n|-enditem|p2a: Tangrowth|Assault Vest|[from] move: Knock Off|[of] p1a: Scizor\n|move|p2a: Tangrowth|Knock Off|p1a: Scizor\n|-damage|p1a: Scizor|5\/322\n|\n|upkeep\n|turn|43\n|choice|move bulletpunch|move knockoff\n|\n|move|p1a: Scizor|Bullet Punch|p2a: Tangrowth\n|-damage|p2a: Tangrowth|177\/404\n|move|p2a: Tangrowth|Knock Off|p1a: Scizor\n|-damage|p1a: Scizor|0 fnt\n|faint|p1a: Scizor\n|\n|upkeep\n|choice|switch 5|\n|\n|switch|p1a: Seismitoad|Seismitoad, M, shiny|26\/414\n|turn|44\n|choice|move endeavor|move gigadrain\n|\n|move|p1a: Seismitoad|Endeavor|p2a: Tangrowth\n|-damage|p2a: Tangrowth|26\/404\n|move|p2a: Tangrowth|Giga Drain|p1a: Seismitoad\n|-supereffective|p1a: Seismitoad\n|-damage|p1a: Seismitoad|0 fnt\n|-heal|p2a: Tangrowth|39\/404|[from] drain|[of] p1a: Seismitoad\n|faint|p1a: Seismitoad\n|\n|upkeep\n|choice|switch 2|\n|\n|switch|p1a: Greninja|Greninja, M|216\/286\n|turn|45\n|choice|move darkpulse|move gigadrain\n|\n|move|p1a: Greninja|Dark Pulse|p2a: Tangrowth\n|-damage|p2a: Tangrowth|0 fnt\n|faint|p2a: Tangrowth\n|\n|win|bange\n|raw|bange's rating: 1860 &rarr; <strong>1872<\/strong><br \/>(+12 for winning)\n|raw|I&apos;m back from mars's rating: 1716 &rarr; <strong>1704<\/strong><br \/>(-12 for losing)\n|l|I'm back from mars\n|l|Dough\u96e8wy\n|l|x412 \u2663\ufe0f\n|l|bange","inputlog":null,"uploadtime":1496840719,"views":22,"p1id":"bange","p2id":"imbackfrommars","formatid":"gen7ou","rating":1704,"private":0,"password":null}