{"id":"gen7oublitz-967080326","p1":"SolaceAcheron","p2":"Kaylss","format":"gen7oublitz","log":"|j|\u2606SolaceAcheron\n|j|\u2606Kaylss\n|player|p1|SolaceAcheron|bruno-gen1rb|1570\n|player|p2|Kaylss|138|1478\n|teamsize|p1|6\n|teamsize|p2|6\n|gametype|singles\n|gen|7\n|tier|[Gen 7] OU (Blitz)\n|rated|\n|rule|Sleep Clause Mod: Limit one foe put to sleep\n|rule|Species Clause: Limit one of each Pok\u00e9mon\n|rule|OHKO Clause: OHKO moves are banned\n|rule|Moody Clause: Moody is banned\n|rule|Evasion Moves Clause: Evasion moves are banned\n|rule|Endless Battle Clause: Forcing endless battles is banned\n|rule|HP Percentage Mod: HP is shown in percentages\n|clearpoke\n|poke|p1|Incineroar, M|item\n|poke|p1|Dragonite, F|item\n|poke|p1|Lycanroc-Dusk, F|item\n|poke|p1|Sableye, F|item\n|poke|p1|Tapu Bulu|item\n|poke|p1|Toxapex, M|item\n|poke|p2|Blacephalon|item\n|poke|p2|Landorus-Therian, M|item\n|poke|p2|Magearna|item\n|poke|p2|Kartana|item\n|poke|p2|Greninja, M|item\n|poke|p2|Medicham, M|item\n|rule|Blitz: Super-fast timer\n|teampreview\n|inactive|Battle timer is ON: inactive players will automatically lose when time's up. (requested by SolaceAcheron)\n|\n|start\n|switch|p1a: Sableye|Sableye, F|100\/100\n|switch|p2a: Medicham|Medicham, M|100\/100\n|turn|1\n|\n|switch|p2a: Magearna|Magearna|100\/100\n|detailschange|p1a: Sableye|Sableye-Mega, F\n|-mega|p1a: Sableye|Sableye|Sablenite\n|move|p1a: Sableye|Will-O-Wisp|p2a: Magearna\n|-status|p2a: Magearna|brn\n|\n|-damage|p2a: Magearna|94\/100 brn|[from] brn\n|upkeep\n|turn|2\n|inactive|Kaylss has 10 seconds left.\n|\n|switch|p1a: Toxapex|Toxapex, M|100\/100\n|move|p2a: Magearna|Calm Mind|p2a: Magearna\n|-boost|p2a: Magearna|spa|1\n|-boost|p2a: Magearna|spd|1\n|\n|-heal|p2a: Magearna|100\/100 brn|[from] item: Leftovers\n|-damage|p2a: Magearna|94\/100 brn|[from] brn\n|upkeep\n|turn|3\n|\n|move|p2a: Magearna|Thunderbolt|p1a: Toxapex\n|-supereffective|p1a: Toxapex\n|-damage|p1a: Toxapex|53\/100\n|move|p1a: Toxapex|Haze|p1a: Toxapex\n|-clearallboost\n|\n|-heal|p2a: Magearna|100\/100 brn|[from] item: Leftovers\n|-heal|p1a: Toxapex|59\/100|[from] item: Black Sludge\n|-damage|p2a: Magearna|94\/100 brn|[from] brn\n|upkeep\n|turn|4\n|\n|move|p2a: Magearna|Calm Mind|p2a: Magearna\n|-boost|p2a: Magearna|spa|1\n|-boost|p2a: Magearna|spd|1\n|move|p1a: Toxapex|Recover|p1a: Toxapex\n|-heal|p1a: Toxapex|100\/100\n|\n|-heal|p2a: Magearna|100\/100 brn|[from] item: Leftovers\n|-damage|p2a: Magearna|94\/100 brn|[from] brn\n|upkeep\n|turn|5\n|\n|move|p2a: Magearna|Thunderbolt|p1a: Toxapex\n|-supereffective|p1a: Toxapex\n|-damage|p1a: Toxapex|47\/100\n|move|p1a: Toxapex|Haze|p1a: Toxapex\n|-clearallboost\n|\n|-heal|p2a: Magearna|100\/100 brn|[from] item: Leftovers\n|-heal|p1a: Toxapex|53\/100|[from] item: Black Sludge\n|-damage|p2a: Magearna|94\/100 brn|[from] brn\n|upkeep\n|turn|6\n|\n|switch|p1a: Incineroar|Incineroar, M, shiny|100\/100\n|-ability|p1a: Incineroar|Intimidate|boost\n|-unboost|p2a: Magearna|atk|1\n|move|p2a: Magearna|Calm Mind|p2a: Magearna\n|-boost|p2a: Magearna|spa|1\n|-boost|p2a: Magearna|spd|1\n|\n|-heal|p2a: Magearna|100\/100 brn|[from] item: Leftovers\n|-damage|p2a: Magearna|94\/100 brn|[from] brn\n|upkeep\n|turn|7\n|\n|switch|p2a: Landorus|Landorus-Therian, M|100\/100\n|-ability|p2a: Landorus|Intimidate|boost\n|-unboost|p1a: Incineroar|atk|1\n|move|p1a: Incineroar|Flare Blitz|p2a: Landorus\n|-damage|p2a: Landorus|73\/100\n|-damage|p1a: Incineroar|90\/100|[from] Recoil\n|\n|upkeep\n|turn|8\n|\n|switch|p1a: Sableye|Sableye-Mega, F|100\/100\n|move|p2a: Landorus|U-turn|p1a: Sableye\n|-damage|p1a: Sableye|81\/100\n|\n|switch|p2a: Magearna|Magearna|94\/100 brn|[from]move: U-turn\n|\n|-heal|p2a: Magearna|100\/100 brn|[from] item: Leftovers\n|-damage|p2a: Magearna|94\/100 brn|[from] brn\n|upkeep\n|turn|9\n|\n|move|p2a: Magearna|Calm Mind|p2a: Magearna\n|-boost|p2a: Magearna|spa|1\n|-boost|p2a: Magearna|spd|1\n|move|p1a: Sableye|Knock Off|p2a: Magearna\n|-resisted|p2a: Magearna\n|-damage|p2a: Magearna|83\/100 brn\n|-enditem|p2a: Magearna|Leftovers|[from] move: Knock Off|[of] p1a: Sableye\n|\n|-damage|p2a: Magearna|77\/100 brn|[from] brn\n|upkeep\n|turn|10\n|\n|switch|p1a: Tapu Bulu|Tapu Bulu, shiny|100\/100\n|-fieldstart|move: Grassy Terrain|[from] ability: Grassy Surge|[of] p1a: Tapu Bulu\n|move|p2a: Magearna|Thunderbolt|p1a: Tapu Bulu\n|-resisted|p1a: Tapu Bulu\n|-damage|p1a: Tapu Bulu|86\/100\n|\n|-heal|p1a: Tapu Bulu|92\/100|[from] item: Leftovers\n|-heal|p1a: Tapu Bulu|98\/100|[from] Grassy Terrain\n|-heal|p2a: Magearna|83\/100 brn|[from] Grassy Terrain\n|-damage|p2a: Magearna|77\/100 brn|[from] brn\n|upkeep\n|turn|11\n|inactive|Kaylss has 10 seconds left.\n|\n|switch|p1a: Incineroar|Incineroar, M, shiny|90\/100\n|-ability|p1a: Incineroar|Intimidate|boost\n|-unboost|p2a: Magearna|atk|1\n|switch|p2a: Blacephalon|Blacephalon|100\/100\n|\n|-heal|p1a: Incineroar|96\/100|[from] Grassy Terrain\n|upkeep\n|turn|12\n|inactive|Kaylss has 10 seconds left.\n|\n|switch|p2a: Landorus|Landorus-Therian, M|73\/100\n|-ability|p2a: Landorus|Intimidate|boost\n|-unboost|p1a: Incineroar|atk|1\n|move|p1a: Incineroar|Knock Off|p2a: Landorus\n|-damage|p2a: Landorus|59\/100\n|\n|-heal|p1a: Incineroar|100\/100|[from] Grassy Terrain\n|upkeep\n|turn|13\n|inactive|SolaceAcheron has 10 seconds left.\n|inactive|Kaylss has 10 seconds left.\n|\n|switch|p1a: Sableye|Sableye-Mega, F|81\/100\n|-zpower|p2a: Landorus\n|move|p2a: Landorus|Supersonic Skystrike|p1a: Sableye|[zeffect]\n|-damage|p1a: Sableye|4\/100\n|\n|-heal|p1a: Sableye|10\/100|[from] Grassy Terrain\n|upkeep\n|turn|14\n|\n|move|p1a: Sableye|Protect|p1a: Sableye\n|-singleturn|p1a: Sableye|Protect\n|move|p2a: Landorus|U-turn|p1a: Sableye\n|-activate|p1a: Sableye|move: Protect\n|\n|-heal|p1a: Sableye|16\/100|[from] Grassy Terrain\n|-fieldend|move: Grassy Terrain\n|upkeep\n|turn|15\n|\n|move|p2a: Landorus|Earthquake|p1a: Sableye\n|-damage|p1a: Sableye|0 fnt\n|faint|p1a: Sableye\n|\n|upkeep\n|\n|switch|p1a: Dragonite|Dragonite, F|100\/100\n|turn|16\n|\n|move|p1a: Dragonite|Dragon Dance|p1a: Dragonite\n|-boost|p1a: Dragonite|atk|1\n|-boost|p1a: Dragonite|spe|1\n|move|p2a: Landorus|U-turn|p1a: Dragonite\n|-resisted|p1a: Dragonite\n|-damage|p1a: Dragonite|94\/100\n|inactive|Kaylss has 10 seconds left.\n|\n|switch|p2a: Kartana|Kartana|100\/100|[from]move: U-turn\n|\n|upkeep\n|turn|17\n|\n|move|p2a: Kartana|Smart Strike|p1a: Dragonite\n|-damage|p1a: Dragonite|39\/100\n|-zpower|p1a: Dragonite\n|move|p1a: Dragonite|Supersonic Skystrike|p2a: Kartana|[zeffect]\n|-damage|p2a: Kartana|0 fnt\n|faint|p2a: Kartana\n|\n|upkeep\n|\n|switch|p2a: Medicham|Medicham, M|100\/100\n|turn|18\n|\n|detailschange|p2a: Medicham|Medicham-Mega, M\n|-mega|p2a: Medicham|Medicham|Medichamite\n|move|p2a: Medicham|Fake Out|p1a: Dragonite\n|-damage|p1a: Dragonite|12\/100\n|cant|p1a: Dragonite|flinch\n|\n|upkeep\n|turn|19\n|\n|move|p2a: Medicham|Bullet Punch|p1a: Dragonite\n|-damage|p1a: Dragonite|0 fnt\n|faint|p1a: Dragonite\n|\n|upkeep\n|\n|switch|p1a: Incineroar|Incineroar, M, shiny|100\/100\n|-ability|p1a: Incineroar|Intimidate|boost\n|-unboost|p2a: Medicham|atk|1\n|turn|20\n|\n|switch|p2a: Greninja|Greninja, M|100\/100\n|move|p1a: Incineroar|Flare Blitz|p2a: Greninja\n|-resisted|p2a: Greninja\n|-damage|p2a: Greninja|49\/100\n|-damage|p1a: Incineroar|86\/100|[from] Recoil\n|\n|upkeep\n|turn|21\n|inactive|Kaylss has 10 seconds left.\n|\n|switch|p2a: Blacephalon|Blacephalon|100\/100\n|switch|p1a: Tapu Bulu|Tapu Bulu, shiny|98\/100\n|-fieldstart|move: Grassy Terrain|[from] ability: Grassy Surge|[of] p1a: Tapu Bulu\n|\n|-heal|p1a: Tapu Bulu|100\/100|[from] item: Leftovers\n|upkeep\n|turn|22\n|inactive|Kaylss has 10 seconds left.\n|\n|switch|p1a: Incineroar|Incineroar, M, shiny|86\/100\n|-ability|p1a: Incineroar|Intimidate|boost\n|-unboost|p2a: Blacephalon|atk|1\n|move|p2a: Blacephalon|Shadow Ball|p1a: Incineroar\n|-resisted|p1a: Incineroar\n|-damage|p1a: Incineroar|50\/100\n|\n|-heal|p1a: Incineroar|56\/100|[from] Grassy Terrain\n|upkeep\n|turn|23\n|inactive|SolaceAcheron has 10 seconds left.\n|inactive|Kaylss has 10 seconds left.\n|\n|switch|p2a: Landorus|Landorus-Therian, M|59\/100\n|-ability|p2a: Landorus|Intimidate|boost\n|-unboost|p1a: Incineroar|atk|1\n|move|p1a: Incineroar|Flare Blitz|p2a: Landorus\n|-damage|p2a: Landorus|32\/100\n|-damage|p1a: Incineroar|46\/100|[from] Recoil\n|\n|-heal|p1a: Incineroar|52\/100|[from] Grassy Terrain\n|upkeep\n|turn|24\n|inactive|SolaceAcheron has 10 seconds left.\n|\n|switch|p1a: Tapu Bulu|Tapu Bulu, shiny|100\/100\n|move|p2a: Landorus|U-turn|p1a: Tapu Bulu\n|-damage|p1a: Tapu Bulu|80\/100\n|inactive|Kaylss has 10 seconds left.\n|\n|switch|p2a: Blacephalon|Blacephalon|100\/100|[from]move: U-turn\n|\n|-heal|p1a: Tapu Bulu|86\/100|[from] item: Leftovers\n|-heal|p1a: Tapu Bulu|92\/100|[from] Grassy Terrain\n|upkeep\n|turn|25\n|inactive|Kaylss has 10 seconds left.\n|\n|switch|p1a: Incineroar|Incineroar, M, shiny|52\/100\n|-ability|p1a: Incineroar|Intimidate|boost\n|-unboost|p2a: Blacephalon|atk|1\n|move|p2a: Blacephalon|Shadow Ball|p1a: Incineroar\n|-resisted|p1a: Incineroar\n|-damage|p1a: Incineroar|13\/100\n|\n|-heal|p1a: Incineroar|19\/100|[from] Grassy Terrain\n|-fieldend|move: Grassy Terrain\n|upkeep\n|turn|26\n|inactive|Kaylss has 10 seconds left.\n|\n|switch|p2a: Landorus|Landorus-Therian, M|32\/100\n|-ability|p2a: Landorus|Intimidate|boost\n|-unboost|p1a: Incineroar|atk|1\n|move|p1a: Incineroar|Knock Off|p2a: Landorus\n|-damage|p2a: Landorus|17\/100\n|\n|upkeep\n|turn|27\n|\n|switch|p1a: Tapu Bulu|Tapu Bulu, shiny|92\/100\n|-fieldstart|move: Grassy Terrain|[from] ability: Grassy Surge|[of] p1a: Tapu Bulu\n|move|p2a: Landorus|U-turn|p1a: Tapu Bulu\n|-damage|p1a: Tapu Bulu|73\/100\n|\n|switch|p2a: Blacephalon|Blacephalon|100\/100|[from]move: U-turn\n|\n|-heal|p1a: Tapu Bulu|79\/100|[from] item: Leftovers\n|-heal|p1a: Tapu Bulu|85\/100|[from] Grassy Terrain\n|upkeep\n|turn|28\n|\n|move|p2a: Blacephalon|Shadow Ball|p1a: Tapu Bulu\n|-damage|p1a: Tapu Bulu|31\/100\n|move|p1a: Tapu Bulu|Leech Seed|p2a: Blacephalon\n|-start|p2a: Blacephalon|move: Leech Seed\n|\n|-heal|p1a: Tapu Bulu|38\/100|[from] item: Leftovers\n|-heal|p1a: Tapu Bulu|44\/100|[from] Grassy Terrain\n|-damage|p2a: Blacephalon|88\/100|[from] Leech Seed|[of] p1a: Tapu Bulu\n|-heal|p1a: Tapu Bulu|52\/100|[silent]\n|upkeep\n|turn|29\n|\n|move|p1a: Tapu Bulu|Protect|p1a: Tapu Bulu\n|-singleturn|p1a: Tapu Bulu|Protect\n|move|p2a: Blacephalon|Shadow Ball|p1a: Tapu Bulu\n|-activate|p1a: Tapu Bulu|move: Protect\n|\n|-heal|p2a: Blacephalon|94\/100|[from] Grassy Terrain\n|-heal|p1a: Tapu Bulu|59\/100|[from] item: Leftovers\n|-heal|p1a: Tapu Bulu|65\/100|[from] Grassy Terrain\n|-damage|p2a: Blacephalon|82\/100|[from] Leech Seed|[of] p1a: Tapu Bulu\n|-heal|p1a: Tapu Bulu|73\/100|[silent]\n|upkeep\n|turn|30\n|\n|move|p2a: Blacephalon|Shadow Ball|p1a: Tapu Bulu\n|-damage|p1a: Tapu Bulu|20\/100\n|-unboost|p1a: Tapu Bulu|spd|1\n|move|p1a: Tapu Bulu|Horn Leech|p2a: Blacephalon\n|-resisted|p2a: Blacephalon\n|-damage|p2a: Blacephalon|24\/100\n|-heal|p1a: Tapu Bulu|41\/100|[from] drain|[of] p2a: Blacephalon\n|\n|-heal|p2a: Blacephalon|30\/100|[from] Grassy Terrain\n|-heal|p1a: Tapu Bulu|47\/100|[from] item: Leftovers\n|-heal|p1a: Tapu Bulu|53\/100|[from] Grassy Terrain\n|-damage|p2a: Blacephalon|18\/100|[from] Leech Seed|[of] p1a: Tapu Bulu\n|-heal|p1a: Tapu Bulu|62\/100|[silent]\n|upkeep\n|turn|31\n|\n|move|p1a: Tapu Bulu|Protect|p1a: Tapu Bulu\n|-singleturn|p1a: Tapu Bulu|Protect\n|move|p2a: Blacephalon|Shadow Ball|p1a: Tapu Bulu\n|-activate|p1a: Tapu Bulu|move: Protect\n|\n|-heal|p2a: Blacephalon|24\/100|[from] Grassy Terrain\n|-heal|p1a: Tapu Bulu|68\/100|[from] item: Leftovers\n|-heal|p1a: Tapu Bulu|74\/100|[from] Grassy Terrain\n|-fieldend|move: Grassy Terrain\n|-damage|p2a: Blacephalon|11\/100|[from] Leech Seed|[of] p1a: Tapu Bulu\n|-heal|p1a: Tapu Bulu|83\/100|[silent]\n|upkeep\n|turn|32\n|\n|switch|p1a: Toxapex|Toxapex, M|87\/100\n|move|p2a: Blacephalon|Shadow Ball|p1a: Toxapex\n|-damage|p1a: Toxapex|46\/100\n|-unboost|p1a: Toxapex|spd|1\n|\n|-heal|p1a: Toxapex|52\/100|[from] item: Black Sludge\n|-damage|p2a: Blacephalon|0 fnt|[from] Leech Seed|[of] p1a: Toxapex\n|-heal|p1a: Toxapex|61\/100|[silent]\n|faint|p2a: Blacephalon\n|upkeep\n|inactive|Kaylss has 10 seconds left.\n|\n|switch|p2a: Medicham|Medicham-Mega, M|100\/100\n|turn|33\n|\n|move|p2a: Medicham|Zen Headbutt|p1a: Toxapex\n|-supereffective|p1a: Toxapex\n|-damage|p1a: Toxapex|0 fnt\n|faint|p1a: Toxapex\n|\n|upkeep\n|\n|switch|p1a: Lycanroc|Lycanroc-Dusk, F|100\/100\n|turn|34\n|\n|move|p2a: Medicham|Bullet Punch|p1a: Lycanroc\n|-supereffective|p1a: Lycanroc\n|-damage|p1a: Lycanroc|25\/100\n|move|p1a: Lycanroc|Counter|p2a: Medicham\n|-damage|p2a: Medicham|0 fnt\n|faint|p2a: Medicham\n|\n|upkeep\n|inactive|Kaylss has 10 seconds left.\n|\n|switch|p2a: Greninja|Greninja, M|49\/100\n|turn|35\n|\n|switch|p2a: Magearna|Magearna|77\/100 brn\n|switch|p1a: Tapu Bulu|Tapu Bulu, shiny|83\/100\n|-fieldstart|move: Grassy Terrain|[from] ability: Grassy Surge|[of] p1a: Tapu Bulu\n|\n|-heal|p1a: Tapu Bulu|89\/100|[from] item: Leftovers\n|-heal|p1a: Tapu Bulu|95\/100|[from] Grassy Terrain\n|-heal|p2a: Magearna|83\/100 brn|[from] Grassy Terrain\n|-damage|p2a: Magearna|77\/100 brn|[from] brn\n|upkeep\n|turn|36\n|\n|switch|p1a: Incineroar|Incineroar, M, shiny|19\/100\n|-ability|p1a: Incineroar|Intimidate|boost\n|-unboost|p2a: Magearna|atk|1\n|move|p2a: Magearna|Calm Mind|p2a: Magearna\n|-boost|p2a: Magearna|spa|1\n|-boost|p2a: Magearna|spd|1\n|\n|-heal|p1a: Incineroar|25\/100|[from] Grassy Terrain\n|-heal|p2a: Magearna|83\/100 brn|[from] Grassy Terrain\n|-damage|p2a: Magearna|77\/100 brn|[from] brn\n|upkeep\n|turn|37\n|\n|switch|p2a: Landorus|Landorus-Therian, M|17\/100\n|-ability|p2a: Landorus|Intimidate|boost\n|-unboost|p1a: Incineroar|atk|1\n|move|p1a: Incineroar|Flare Blitz|p2a: Landorus\n|-damage|p2a: Landorus|0 fnt\n|-damage|p1a: Incineroar|19\/100|[from] Recoil\n|faint|p2a: Landorus\n|\n|-heal|p1a: Incineroar|25\/100|[from] Grassy Terrain\n|upkeep\n|\n|switch|p2a: Greninja|Greninja, M|49\/100\n|turn|38\n|\n|switch|p1a: Tapu Bulu|Tapu Bulu, shiny|95\/100\n|move|p2a: Greninja|Surf|p1a: Tapu Bulu\n|-resisted|p1a: Tapu Bulu\n|-damage|p1a: Tapu Bulu|74\/100\n|\n|-heal|p2a: Greninja|55\/100|[from] Grassy Terrain\n|-heal|p1a: Tapu Bulu|80\/100|[from] item: Leftovers\n|-heal|p1a: Tapu Bulu|86\/100|[from] Grassy Terrain\n|upkeep\n|turn|39\n|\n|switch|p2a: Magearna|Magearna|77\/100 brn\n|move|p1a: Tapu Bulu|Leech Seed|p2a: Magearna\n|-start|p2a: Magearna|move: Leech Seed\n|\n|-heal|p1a: Tapu Bulu|92\/100|[from] item: Leftovers\n|-heal|p1a: Tapu Bulu|98\/100|[from] Grassy Terrain\n|-heal|p2a: Magearna|83\/100 brn|[from] Grassy Terrain\n|-fieldend|move: Grassy Terrain\n|-damage|p2a: Magearna|71\/100 brn|[from] Leech Seed|[of] p1a: Tapu Bulu\n|-heal|p1a: Tapu Bulu|100\/100|[silent]\n|-damage|p2a: Magearna|65\/100 brn|[from] brn\n|upkeep\n|turn|40\n|\n|switch|p1a: Incineroar|Incineroar, M, shiny|25\/100\n|-ability|p1a: Incineroar|Intimidate|boost\n|-unboost|p2a: Magearna|atk|1\n|move|p2a: Magearna|Calm Mind|p2a: Magearna\n|-boost|p2a: Magearna|spa|1\n|-boost|p2a: Magearna|spd|1\n|\n|-damage|p2a: Magearna|52\/100 brn|[from] Leech Seed|[of] p1a: Incineroar\n|-heal|p1a: Incineroar|38\/100|[silent]\n|-damage|p2a: Magearna|46\/100 brn|[from] brn\n|upkeep\n|turn|41\n|\n|move|p1a: Incineroar|Flare Blitz|p2a: Magearna\n|-supereffective|p2a: Magearna\n|-damage|p2a: Magearna|0 fnt\n|-damage|p1a: Incineroar|22\/100|[from] Recoil\n|faint|p2a: Magearna\n|\n|upkeep\n|\n|switch|p2a: Greninja|Greninja, M|55\/100\n|turn|42\n|\n|switch|p1a: Tapu Bulu|Tapu Bulu, shiny|100\/100\n|-fieldstart|move: Grassy Terrain|[from] ability: Grassy Surge|[of] p1a: Tapu Bulu\n|move|p2a: Greninja|Dark Pulse|p1a: Tapu Bulu\n|-resisted|p1a: Tapu Bulu\n|-damage|p1a: Tapu Bulu|80\/100\n|\n|-heal|p2a: Greninja|61\/100|[from] Grassy Terrain\n|-heal|p1a: Tapu Bulu|87\/100|[from] item: Leftovers\n|-heal|p1a: Tapu Bulu|93\/100|[from] Grassy Terrain\n|upkeep\n|turn|43\n|\n|move|p2a: Greninja|Dark Pulse|p1a: Tapu Bulu\n|-resisted|p1a: Tapu Bulu\n|-damage|p1a: Tapu Bulu|74\/100\n|move|p1a: Tapu Bulu|Horn Leech|p2a: Greninja\n|-supereffective|p2a: Greninja\n|-damage|p2a: Greninja|0 fnt\n|-heal|p1a: Tapu Bulu|99\/100|[from] drain|[of] p2a: Greninja\n|faint|p2a: Greninja\n|\n|win|SolaceAcheron\n|l|\u2606Kaylss\n|raw|SolaceAcheron's rating: 1570 &rarr; <strong>1585<\/strong><br \/>(+15 for winning)\n|raw|Kaylss's rating: 1479 &rarr; <strong>1464<\/strong><br \/>(-15 for losing)\n","uploadtime":1566952834,"views":21,"p1id":"solaceacheron","p2id":"kaylss","formatid":"gen7oublitz","rating":1464,"private":0,"password":null}