{"id":"gen7pu-1698060024","p1":"ayevon","p2":"clifford","format":"gen7pu","log":"|j|\u2606ayevon\n|j|\u2606clifford\n|t:|1667072088\n|gametype|singles\n|player|p1|ayevon|170|\n|player|p2|clifford|boarder|\n|teamsize|p1|6\n|teamsize|p2|6\n|gen|7\n|tier|[Gen 7] PU\n|rated|Tournament battle\n|rule|Sleep Clause Mod: Limit one foe put to sleep\n|rule|Species Clause: Limit one of each Pok\u00e9mon\n|rule|OHKO Clause: OHKO moves are banned\n|rule|Moody Clause: Moody is banned\n|rule|Evasion Items Clause: Evasion items are banned\n|rule|Evasion Moves Clause: Evasion moves are banned\n|rule|Endless Battle Clause: Forcing endless battles is banned\n|rule|HP Percentage Mod: HP is shown in percentages\n|clearpoke\n|poke|p1|Golduck, M|item\n|poke|p1|Volbeat, M|item\n|poke|p1|Muk, M|item\n|poke|p1|Huntail, F|item\n|poke|p1|Relicanth, F|item\n|poke|p1|Poliwrath, F|item\n|poke|p2|Drampa, F|item\n|poke|p2|Jellicent, M|item\n|poke|p2|Silvally-*|item\n|poke|p2|Rotom-Frost|item\n|poke|p2|Mudsdale, F|item\n|poke|p2|Simisear, F|item\n|teampreview\n|inactive|Battle timer is ON: inactive players will automatically lose when time's up. (requested by ayevon)\n|\n|t:|1667072108\n|start\n|switch|p1a: Relicanth|Relicanth, F|100\/100\n|switch|p2a: Silvally|Silvally-Poison|100\/100\n|turn|1\n|\n|t:|1667072118\n|move|p2a: Silvally|Parting Shot|p1a: Relicanth\n|-unboost|p1a: Relicanth|atk|1\n|-unboost|p1a: Relicanth|spa|1\n|\n|t:|1667072121\n|switch|p2a: Jellicent|Jellicent, M|100\/100|[from]move: Parting Shot\n|move|p1a: Relicanth|Rain Dance|p1a: Relicanth\n|-weather|RainDance\n|\n|-weather|RainDance|[upkeep]\n|upkeep\n|turn|2\n|\n|t:|1667072141\n|move|p1a: Relicanth|Stealth Rock|p2a: Jellicent\n|-sidestart|p2: clifford|move: Stealth Rock\n|move|p2a: Jellicent|Will-O-Wisp|p1a: Relicanth\n|-status|p1a: Relicanth|brn\n|\n|-weather|RainDance|[upkeep]\n|-damage|p1a: Relicanth|94\/100 brn|[from] brn\n|upkeep\n|turn|3\n|\n|t:|1667072148\n|move|p1a: Relicanth|Head Smash|p2a: Jellicent\n|-damage|p2a: Jellicent|84\/100\n|-damage|p1a: Relicanth|85\/100 brn|[from] Recoil\n|move|p2a: Jellicent|Will-O-Wisp|p1a: Relicanth\n|-fail|p1a: Relicanth|brn\n|\n|-weather|RainDance|[upkeep]\n|-damage|p1a: Relicanth|79\/100 brn|[from] brn\n|upkeep\n|turn|4\n|\n|t:|1667072153\n|switch|p2a: Silvally|Silvally-Poison|100\/100\n|-damage|p2a: Silvally|88\/100|[from] Stealth Rock\n|move|p1a: Relicanth|Yawn|p2a: Silvally\n|-start|p2a: Silvally|move: Yawn|[of] p1a: Relicanth\n|\n|-weather|RainDance|[upkeep]\n|-damage|p1a: Relicanth|72\/100 brn|[from] brn\n|upkeep\n|turn|5\n|\n|t:|1667072159\n|move|p2a: Silvally|Parting Shot|p1a: Relicanth\n|-unboost|p1a: Relicanth|atk|1\n|-unboost|p1a: Relicanth|spa|1\n|\n|t:|1667072161\n|switch|p2a: Rotom|Rotom-Frost|100\/100|[from]move: Parting Shot\n|-damage|p2a: Rotom|76\/100|[from] Stealth Rock\n|move|p1a: Relicanth|Yawn|p2a: Rotom\n|-start|p2a: Rotom|move: Yawn|[of] p1a: Relicanth\n|\n|-weather|RainDance|[upkeep]\n|-damage|p1a: Relicanth|66\/100 brn|[from] brn\n|upkeep\n|turn|6\n|\n|t:|1667072176\n|move|p2a: Rotom|Volt Switch|p1a: Relicanth\n|-supereffective|p1a: Relicanth\n|-damage|p1a: Relicanth|0 fnt\n|faint|p1a: Relicanth\n|\n|t:|1667072179\n|switch|p2a: Silvally|Silvally-Poison|88\/100|[from]move: Volt Switch\n|-damage|p2a: Silvally|76\/100|[from] Stealth Rock\n|\n|-weather|RainDance|[upkeep]\n|upkeep\n|\n|t:|1667072193\n|switch|p1a: Golduck|Golduck, M|100\/100\n|turn|7\n|\n|t:|1667072197\n|move|p1a: Golduck|Calm Mind|p1a: Golduck\n|-boost|p1a: Golduck|spa|1\n|-boost|p1a: Golduck|spd|1\n|move|p2a: Silvally|Defog|p1a: Golduck\n|-unboost|p1a: Golduck|evasion|1\n|-sideend|p2: clifford|Stealth Rock|[from] move: Defog|[of] p2a: Silvally\n|\n|-weather|RainDance|[upkeep]\n|upkeep\n|turn|8\n|\n|t:|1667072202\n|move|p1a: Golduck|Calm Mind|p1a: Golduck\n|-boost|p1a: Golduck|spa|1\n|-boost|p1a: Golduck|spd|1\n|move|p2a: Silvally|Multi-Attack|p1a: Golduck\n|-crit|p1a: Golduck\n|-damage|p1a: Golduck|42\/100\n|\n|-weather|none\n|upkeep\n|turn|9\n|\n|t:|1667072212\n|move|p1a: Golduck|Hydro Pump|p2a: Silvally\n|-damage|p2a: Silvally|2\/100\n|move|p2a: Silvally|Multi-Attack|p1a: Golduck\n|-damage|p1a: Golduck|0 fnt\n|faint|p1a: Golduck\n|\n|upkeep\n|\n|t:|1667072222\n|switch|p1a: Volbeat|Volbeat, M|100\/100\n|turn|10\n|\n|t:|1667072232\n|move|p1a: Volbeat|Thunder Wave|p2a: Silvally\n|-status|p2a: Silvally|par\n|move|p2a: Silvally|Flamethrower|p1a: Volbeat\n|-supereffective|p1a: Volbeat\n|-damage|p1a: Volbeat|59\/100\n|\n|upkeep\n|turn|11\n|\n|t:|1667072239\n|move|p1a: Volbeat|Roost|p1a: Volbeat\n|-heal|p1a: Volbeat|100\/100\n|-singleturn|p1a: Volbeat|move: Roost\n|move|p2a: Silvally|Flamethrower|p1a: Volbeat\n|-supereffective|p1a: Volbeat\n|-damage|p1a: Volbeat|56\/100\n|\n|upkeep\n|turn|12\n|\n|t:|1667072241\n|move|p1a: Volbeat|Roost|p1a: Volbeat\n|-heal|p1a: Volbeat|100\/100\n|-singleturn|p1a: Volbeat|move: Roost\n|cant|p2a: Silvally|par\n|\n|upkeep\n|turn|13\n|\n|t:|1667072247\n|move|p1a: Volbeat|U-turn|p2a: Silvally\n|-resisted|p2a: Silvally\n|-damage|p2a: Silvally|0 fnt\n|faint|p2a: Silvally\n|\n|t:|1667072249\n|switch|p1a: Muk|Muk, M|100\/100|[from]move: U-turn\n|\n|upkeep\n|inactive|clifford has 120 seconds left.\n|\n|t:|1667072291\n|switch|p2a: Mudsdale|Mudsdale, F|100\/100\n|turn|14\n|\n|t:|1667072293\n|move|p1a: Muk|Taunt|p2a: Mudsdale\n|-start|p2a: Mudsdale|move: Taunt\n|cant|p2a: Mudsdale|move: Taunt|Stealth Rock\n|\n|upkeep\n|turn|15\n|\n|t:|1667072296\n|move|p1a: Muk|Rain Dance|p1a: Muk\n|-weather|RainDance\n|move|p2a: Mudsdale|Earthquake|p1a: Muk\n|-supereffective|p1a: Muk\n|-damage|p1a: Muk|13\/100\n|\n|-weather|RainDance|[upkeep]\n|upkeep\n|turn|16\n|\n|t:|1667072299\n|move|p1a: Muk|Memento|p2a: Mudsdale\n|-unboost|p2a: Mudsdale|atk|2\n|-unboost|p2a: Mudsdale|spa|2\n|faint|p1a: Muk\n|move|p2a: Mudsdale|Earthquake|p1: Muk|[notarget]\n|-fail|p2a: Mudsdale\n|\n|-weather|RainDance|[upkeep]\n|-end|p2a: Mudsdale|move: Taunt\n|upkeep\n|\n|t:|1667072301\n|switch|p1a: Poliwrath|Poliwrath, F|100\/100\n|turn|17\n|\n|t:|1667072311\n|switch|p2a: Jellicent|Jellicent, M|84\/100\n|move|p1a: Poliwrath|Belly Drum|p1a: Poliwrath\n|-damage|p1a: Poliwrath|50\/100\n|-setboost|p1a: Poliwrath|atk|6|[from] move: Belly Drum\n|-enditem|p1a: Poliwrath|Sitrus Berry|[eat]\n|-heal|p1a: Poliwrath|75\/100|[from] item: Sitrus Berry\n|\n|-weather|RainDance|[upkeep]\n|upkeep\n|turn|18\n|\n|t:|1667072314\n|move|p1a: Poliwrath|Earthquake|p2a: Jellicent\n|-damage|p2a: Jellicent|0 fnt\n|-start|p1a: Poliwrath|Disable|Earthquake|[from] ability: Cursed Body|[of] p2a: Jellicent\n|faint|p2a: Jellicent\n|\n|-weather|RainDance|[upkeep]\n|upkeep\n|c|\u2606ayevon|gg\n|\n|t:|1667072335\n|switch|p2a: Rotom|Rotom-Frost|76\/100\n|turn|19\n|\n|t:|1667072357\n|switch|p2a: Simisear|Simisear, F|100\/100\n|move|p1a: Poliwrath|Waterfall|p2a: Simisear\n|-supereffective|p2a: Simisear\n|-damage|p2a: Simisear|0 fnt\n|faint|p2a: Simisear\n|\n|-weather|RainDance|[upkeep]\n|upkeep\n|\n|t:|1667072362\n|switch|p2a: Mudsdale|Mudsdale, F|100\/100\n|turn|20\n|\n|t:|1667072364\n|switch|p2a: Drampa|Drampa, F|100\/100\n|move|p1a: Poliwrath|Waterfall|p2a: Drampa\n|-resisted|p2a: Drampa\n|-damage|p2a: Drampa|0 fnt\n|faint|p2a: Drampa\n|\n|-weather|RainDance|[upkeep]\n|upkeep\n|\n|t:|1667072368\n|switch|p2a: Mudsdale|Mudsdale, F|100\/100\n|turn|21\n|\n|t:|1667072371\n|move|p1a: Poliwrath|Waterfall|p2a: Mudsdale\n|-supereffective|p2a: Mudsdale\n|-crit|p2a: Mudsdale\n|-damage|p2a: Mudsdale|0 fnt\n|faint|p2a: Mudsdale\n|\n|-weather|RainDance|[upkeep]\n|-end|p1a: Poliwrath|Disable\n|upkeep\n|\n|t:|1667072373\n|switch|p2a: Rotom|Rotom-Frost|76\/100\n|turn|22\n|\n|t:|1667072375\n|move|p1a: Poliwrath|Waterfall|p2a: Rotom\n|-damage|p2a: Rotom|0 fnt\n|faint|p2a: Rotom\n|\n|win|ayevon\n|n|\u2606ayevon|ayevon\n|n|\u2606clifford|clifford\n|l|\u2606clifford\n","uploadtime":1667072383,"views":3,"p1id":"ayevon","p2id":"clifford","formatid":"gen7pu","rating":0,"private":0,"password":null}