{"id":"gen7ou-479435785","p1":"hauntersnightmare","p2":"DarkGoldShadow","format":"gen7ou","log":"|j|hauntersnightmare\n|j|DarkGoldShadow\n|player|p1|hauntersnightmare|153\n|player|p2|DarkGoldShadow|101\n|gametype|singles\n|gen|7\n|tier|[Gen 7] OU\n|rated\n|seed|12106,20385,33085,12758\n|clearpoke\n|poke|p1|Aegislash, F, shiny|item\n|poke|p1|Toxapex, M|item\n|poke|p1|Landorus-Therian, M|item\n|poke|p1|Tapu Fini|item\n|poke|p1|Xurkitree|item\n|poke|p1|Kartana|item\n|poke|p2|Landorus-Therian, M|item\n|poke|p2|Kartana, shiny|item\n|poke|p2|Toxapex, M, shiny|item\n|poke|p2|Buzzwole|item\n|poke|p2|Xurkitree|item\n|poke|p2|Galvantula, M, shiny|item\n|rule|Baton Pass Clause: Limit one Baton Passer, can't pass Spe and other stats simultaneously\n|rule|Sleep Clause Mod: Limit one foe put to sleep\n|rule|Species Clause: Limit one of each Pok\u00e9mon\n|rule|OHKO Clause: OHKO moves are banned\n|rule|Moody Clause: Moody is banned\n|rule|Evasion Moves Clause: Evasion moves are banned\n|rule|Endless Battle Clause: Forcing endless battles is banned\n|rule|HP Percentage Mod: HP is shown in percentages\n|teampreview\n|choice|team 5, team 2, team 3, team 4, team 1, team 6|team 5, team 2, team 3, team 4, team 1, team 6\n|\n|start\n|switch|p1a: Pixels|Xurkitree|307\/307\n|switch|p2a: Xurkitree|Xurkitree|307\/307\n|turn|1\n|choice|move voltswitch|move voltswitch\n|\n|move|p1a: Pixels|Volt Switch|p2a: Xurkitree\n|-resisted|p2a: Xurkitree\n|-damage|p2a: Xurkitree|205\/307\n|choice|switch 3|\n|\n|switch|p1a: Landorus|Landorus-Therian, M|382\/382\n|-ability|p1a: Landorus|Intimidate|boost\n|-unboost|p2a: Xurkitree|atk|1\n|move|p2a: Xurkitree|Volt Switch|p1a: Landorus\n|-immune|p1a: Landorus|[msg]\n|\n|turn|2\n|choice|move uturn|switch 5\n|\n|switch|p2a: Landorus|Landorus-Therian, M|382\/382\n|-ability|p2a: Landorus|Intimidate|boost\n|-unboost|p1a: Landorus|atk|1\n|move|p1a: Landorus|U-turn|p2a: Landorus\n|-resisted|p2a: Landorus\n|-damage|p2a: Landorus|353\/382\n|-damage|p1a: Landorus|319\/382|[from] item: Rocky Helmet|[of] p2a: Landorus\n|choice|switch 4|\n|\n|switch|p1a: Majestic|Tapu Fini|344\/344\n|-fieldstart|move: Misty Terrain|[from] ability: Misty Surge|[of] p1a: Majestic\n|\n|turn|3\n|choice|move hiddenpower|switch 2\n|\n|switch|p2a: Kartana|Kartana, shiny|259\/259\n|move|p1a: Majestic|Hidden Power|p2a: Kartana\n|-supereffective|p2a: Kartana\n|-damage|p2a: Kartana|0 fnt\n|faint|p2a: Kartana\n|\n|choice||switch 6\n|\n|switch|p2a: Galvantula|Galvantula, M, shiny|281\/281\n|turn|4\n|choice|switch 5|move stickyweb\n|\n|switch|p1a: Im back|Aegislash, F, shiny|323\/323\n|move|p2a: Galvantula|Sticky Web|p1a: Im back\n|-sidestart|p1: hauntersnightmare|move: Sticky Web\n|\n|turn|5\n|choice|move toxic|move thunder\n|\n|move|p2a: Galvantula|Thunder|p1a: Im back\n|-crit|p1a: Im back\n|-damage|p1a: Im back|185\/323\n|move|p1a: Im back|Toxic|p2a: Galvantula\n|-activate|p2a: Galvantula|move: Misty Terrain\n|\n|-heal|p1a: Im back|205\/323|[from] item: Leftovers\n|turn|6\n|choice|move kingsshield|move thunder\n|\n|move|p1a: Im back|King's Shield|p1a: Im back\n|-singleturn|p1a: Im back|Protect\n|move|p2a: Galvantula|Thunder|p1a: Im back\n|-activate|p1a: Im back|move: Protect\n|\n|-heal|p1a: Im back|225\/323|[from] item: Leftovers\n|-fieldend|Misty Terrain\n|turn|7\n|choice|move toxic|move gigadrain\n|\n|move|p2a: Galvantula|Giga Drain|p1a: Im back\n|-resisted|p1a: Im back\n|-damage|p1a: Im back|205\/323\n|move|p1a: Im back|Toxic|p2a: Galvantula|[miss]\n|-miss|p1a: Im back|p2a: Galvantula\n|\n|-heal|p1a: Im back|225\/323|[from] item: Leftovers\n|turn|8\n|choice|move toxic|move thunder\n|\n|move|p2a: Galvantula|Thunder|p1a: Im back\n|-damage|p1a: Im back|144\/323\n|move|p1a: Im back|Toxic|p2a: Galvantula\n|-status|p2a: Galvantula|tox\n|\n|-heal|p1a: Im back|164\/323|[from] item: Leftovers\n|-damage|p2a: Galvantula|264\/281 tox|[from] psn\n|turn|9\n|choice|move kingsshield|move thunder\n|\n|move|p1a: Im back|King's Shield|p1a: Im back\n|-singleturn|p1a: Im back|Protect\n|move|p2a: Galvantula|Thunder|p1a: Im back\n|-activate|p1a: Im back|move: Protect\n|\n|-heal|p1a: Im back|184\/323|[from] item: Leftovers\n|-damage|p2a: Galvantula|230\/281 tox|[from] psn\n|turn|10\n|choice|move substitute|move thunder\n|\n|move|p2a: Galvantula|Thunder|p1a: Im back\n|-damage|p1a: Im back|90\/323\n|-status|p1a: Im back|par\n|cant|p1a: Im back|par\n|\n|-heal|p1a: Im back|110\/323 par|[from] item: Leftovers\n|-damage|p2a: Galvantula|179\/281 tox|[from] psn\n|turn|11\n|choice|move kingsshield|move bugbuzz\n|\n|move|p1a: Im back|King's Shield|p1a: Im back\n|-singleturn|p1a: Im back|Protect\n|move|p2a: Galvantula|Bug Buzz|p1a: Im back\n|-activate|p1a: Im back|move: Protect\n|\n|-heal|p1a: Im back|130\/323 par|[from] item: Leftovers\n|-damage|p2a: Galvantula|111\/281 tox|[from] psn\n|turn|12\n|choice|move substitute|switch 2\n|\n|switch|p2a: Landorus|Landorus-Therian, M|353\/382\n|-ability|p2a: Landorus|Intimidate|boost\n|-unboost|p1a: Im back|atk|1\n|move|p1a: Im back|Substitute|p1a: Im back\n|-start|p1a: Im back|Substitute\n|-damage|p1a: Im back|50\/323 par\n|\n|-heal|p1a: Im back|70\/323 par|[from] item: Leftovers\n|turn|13\n|choice|move toxic|move stealthrock\n|\n|move|p2a: Landorus|Stealth Rock|p1a: Im back\n|-sidestart|p1: hauntersnightmare|move: Stealth Rock\n|move|p1a: Im back|Toxic|p2a: Landorus\n|-status|p2a: Landorus|tox\n|\n|-heal|p1a: Im back|90\/323 par|[from] item: Leftovers\n|-damage|p2a: Landorus|330\/382 tox|[from] psn\n|turn|14\n|choice|move kingsshield|move uturn\n|\n|cant|p1a: Im back|par\n|move|p2a: Landorus|U-turn|p1a: Im back\n|-resisted|p1a: Im back\n|-activate|p1a: Im back|move: Substitute|[damage]\n|choice||switch 3\n|\n|switch|p2a: Toxapex|Toxapex, M, shiny|304\/304\n|\n|-heal|p1a: Im back|110\/323 par|[from] item: Leftovers\n|turn|15\n|choice|move shadowball|move toxicspikes\n|\n|move|p2a: Toxapex|Toxic Spikes|p1a: Im back\n|-sidestart|p1: hauntersnightmare|move: Toxic Spikes\n|-formechange|p1a: Im back|Aegislash-Blade|[from] ability: Stance Change\n|move|p1a: Im back|Shadow Ball|p2a: Toxapex\n|-damage|p2a: Toxapex|225\/304\n|\n|-heal|p2a: Toxapex|244\/304|[from] item: Leftovers\n|-heal|p1a: Im back|130\/323 par|[from] item: Leftovers\n|turn|16\n|choice|move shadowball|move scald\n|\n|move|p2a: Toxapex|Scald|p1a: Im back\n|-end|p1a: Im back|Substitute\n|move|p1a: Im back|Shadow Ball|p2a: Toxapex\n|-damage|p2a: Toxapex|160\/304\n|-unboost|p2a: Toxapex|spd|1\n|\n|-heal|p2a: Toxapex|179\/304|[from] item: Leftovers\n|-heal|p1a: Im back|150\/323 par|[from] item: Leftovers\n|turn|17\n|choice|move shadowball|move scald\n|\n|move|p2a: Toxapex|Scald|p1a: Im back\n|-damage|p1a: Im back|87\/323 par\n|cant|p1a: Im back|par\n|\n|-heal|p2a: Toxapex|198\/304|[from] item: Leftovers\n|-heal|p1a: Im back|107\/323 par|[from] item: Leftovers\n|turn|18\n|choice|move kingsshield|switch 2\n|\n|switch|p2a: Galvantula|Galvantula, M, shiny|111\/281 tox\n|-formechange|p1a: Im back|Aegislash|[from] ability: Stance Change\n|move|p1a: Im back|King's Shield|p1a: Im back\n|-fail|p1a: Im back\n|\n|-heal|p1a: Im back|127\/323 par|[from] item: Leftovers\n|-damage|p2a: Galvantula|94\/281 tox|[from] psn\n|turn|19\n|choice|move kingsshield|move bugbuzz\n|\n|move|p1a: Im back|King's Shield|p1a: Im back\n|-singleturn|p1a: Im back|Protect\n|move|p2a: Galvantula|Bug Buzz|p1a: Im back\n|-activate|p1a: Im back|move: Protect\n|\n|-heal|p1a: Im back|147\/323 par|[from] item: Leftovers\n|-damage|p2a: Galvantula|60\/281 tox|[from] psn\n|turn|20\n|choice|move substitute|move thunder\n|\n|move|p2a: Galvantula|Thunder|p1a: Im back\n|-damage|p1a: Im back|60\/323 par\n|cant|p1a: Im back|par\n|\n|-heal|p1a: Im back|80\/323 par|[from] item: Leftovers\n|-damage|p2a: Galvantula|9\/281 tox|[from] psn\n|turn|21\n|choice|move kingsshield|switch 2\n|\n|switch|p2a: Toxapex|Toxapex, M, shiny|198\/304\n|move|p1a: Im back|King's Shield|p1a: Im back\n|-fail|p1a: Im back\n|\n|-heal|p2a: Toxapex|217\/304|[from] item: Leftovers\n|-heal|p1a: Im back|100\/323 par|[from] item: Leftovers\n|turn|22\n|choice|move kingsshield|move recover\n|\n|cant|p1a: Im back|par\n|move|p2a: Toxapex|Recover|p2a: Toxapex\n|-heal|p2a: Toxapex|304\/304\n|\n|-heal|p1a: Im back|120\/323 par|[from] item: Leftovers\n|turn|23\n|choice|move substitute|move scald\n|\n|move|p2a: Toxapex|Scald|p1a: Im back\n|-damage|p1a: Im back|89\/323 par\n|cant|p1a: Im back|par\n|\n|-heal|p1a: Im back|109\/323 par|[from] item: Leftovers\n|turn|24\n|choice|move kingsshield|move scald\n|\n|move|p1a: Im back|King's Shield|p1a: Im back\n|-singleturn|p1a: Im back|Protect\n|move|p2a: Toxapex|Scald|p1a: Im back\n|-activate|p1a: Im back|move: Protect\n|\n|-heal|p1a: Im back|129\/323 par|[from] item: Leftovers\n|turn|25\n|choice|move substitute|move scald\n|\n|move|p2a: Toxapex|Scald|p1a: Im back\n|-damage|p1a: Im back|98\/323 par\n|move|p1a: Im back|Substitute|p1a: Im back\n|-start|p1a: Im back|Substitute\n|-damage|p1a: Im back|18\/323 par\n|\n|-heal|p1a: Im back|38\/323 par|[from] item: Leftovers\n|turn|26\n|choice|move kingsshield|switch 2\n|\n|switch|p2a: Galvantula|Galvantula, M, shiny|9\/281 tox\n|move|p1a: Im back|King's Shield|p1a: Im back\n|-fail|p1a: Im back\n|\n|-heal|p1a: Im back|58\/323 par|[from] item: Leftovers\n|-damage|p2a: Galvantula|0 fnt|[from] psn\n|faint|p2a: Galvantula\n|choice||switch 3\n|\n|switch|p2a: Landorus|Landorus-Therian, M|330\/382 tox\n|-ability|p2a: Landorus|Intimidate|boost\n|-immune|p1a: Im back|[msg]\n|turn|27\n|choice|move kingsshield|move earthquake\n|\n|move|p1a: Im back|King's Shield|p1a: Im back\n|-singleturn|p1a: Im back|Protect\n|move|p2a: Landorus|Earthquake|p1a: Im back\n|-activate|p1a: Im back|move: Protect\n|\n|-heal|p1a: Im back|78\/323 par|[from] item: Leftovers\n|-damage|p2a: Landorus|307\/382 tox|[from] psn\n|turn|28\n|choice|move shadowball|move earthquake\n|\n|move|p2a: Landorus|Earthquake|p1a: Im back\n|-supereffective|p1a: Im back\n|-end|p1a: Im back|Substitute\n|-formechange|p1a: Im back|Aegislash-Blade|[from] ability: Stance Change\n|move|p1a: Im back|Shadow Ball|p2a: Landorus\n|-damage|p2a: Landorus|157\/382 tox\n|\n|-heal|p1a: Im back|98\/323 par|[from] item: Leftovers\n|-damage|p2a: Landorus|111\/382 tox|[from] psn\n|turn|29\n|choice|switch 4|move earthquake\n|\n|switch|p1a: Landorus|Landorus-Therian, M|319\/382\n|-damage|p1a: Landorus|272\/382|[from] Stealth Rock\n|-ability|p1a: Landorus|Intimidate|boost\n|-unboost|p2a: Landorus|atk|1\n|move|p2a: Landorus|Earthquake|p1a: Landorus\n|-immune|p1a: Landorus|[msg]\n|\n|-heal|p1a: Landorus|295\/382|[from] item: Leftovers\n|-damage|p2a: Landorus|42\/382 tox|[from] psn\n|turn|30\n|choice|move earthquake|move stoneedge\n|\n|move|p2a: Landorus|Stone Edge|p1a: Landorus|[miss]\n|-miss|p2a: Landorus|p1a: Landorus\n|move|p1a: Landorus|Earthquake|p2a: Landorus\n|-immune|p2a: Landorus|[msg]\n|\n|-heal|p1a: Landorus|318\/382|[from] item: Leftovers\n|-damage|p2a: Landorus|0 fnt|[from] psn\n|faint|p2a: Landorus\n|choice||switch 5\n|\n|switch|p2a: Xurkitree|Xurkitree|205\/307\n|turn|31\n|choice|switch 4|move hiddenpower\n|\n|switch|p1a: Im back|Aegislash, F, shiny|98\/323 par\n|-damage|p1a: Im back|78\/323 par|[from] Stealth Rock\n|-activate|p1a: Im back|move: Sticky Web\n|-unboost|p1a: Im back|spe|1\n|move|p2a: Xurkitree|Hidden Power|p1a: Im back\n|-resisted|p1a: Im back\n|-damage|p1a: Im back|52\/323 par\n|\n|-heal|p1a: Im back|72\/323 par|[from] item: Leftovers\n|turn|32\n|choice|move shadowball|switch 2\n|\n|switch|p2a: Toxapex|Toxapex, M, shiny|304\/304\n|-formechange|p1a: Im back|Aegislash-Blade|[from] ability: Stance Change\n|move|p1a: Im back|Shadow Ball|p2a: Toxapex\n|-damage|p2a: Toxapex|216\/304\n|\n|-heal|p2a: Toxapex|235\/304|[from] item: Leftovers\n|-heal|p1a: Im back|92\/323 par|[from] item: Leftovers\n|turn|33\n|choice|switch 5|move recover\n|\n|switch|p1a: Majestic|Tapu Fini|344\/344\n|-damage|p1a: Majestic|301\/344|[from] Stealth Rock\n|-status|p1a: Majestic|psn\n|-activate|p1a: Majestic|move: Sticky Web\n|-unboost|p1a: Majestic|spe|1\n|-fieldstart|move: Misty Terrain|[from] ability: Misty Surge|[of] p1a: Majestic\n|move|p2a: Toxapex|Recover|p2a: Toxapex\n|-heal|p2a: Toxapex|304\/304\n|\n|-heal|p1a: Majestic|322\/344 psn|[from] item: Leftovers\n|-damage|p1a: Majestic|279\/344 psn|[from] psn\n|turn|34\n|choice|move defog|move venoshock\n|\n|move|p1a: Majestic|Defog|p2a: Toxapex\n|-unboost|p2a: Toxapex|evasion|1\n|-sideend|p1: hauntersnightmare|Toxic Spikes|[from] move: Defog|[of] p1a: Majestic\n|-sideend|p1: hauntersnightmare|Stealth Rock|[from] move: Defog|[of] p1a: Majestic\n|-sideend|p1: hauntersnightmare|Sticky Web|[from] move: Defog|[of] p1a: Majestic\n|move|p2a: Toxapex|Venoshock|p1a: Majestic\n|-supereffective|p1a: Majestic\n|-crit|p1a: Majestic\n|-damage|p1a: Majestic|81\/344 psn\n|\n|-heal|p1a: Majestic|102\/344 psn|[from] item: Leftovers\n|-damage|p1a: Majestic|59\/344 psn|[from] psn\n|turn|35\n|choice|switch 5|move venoshock\n|\n|switch|p1a: Im back|Aegislash, F, shiny|92\/323 par\n|move|p2a: Toxapex|Venoshock|p1a: Im back\n|-immune|p1a: Im back|[msg]\n|\n|-heal|p1a: Im back|112\/323 par|[from] item: Leftovers\n|turn|36\n|choice|move kingsshield|move toxicspikes\n|\n|move|p1a: Im back|King's Shield|p1a: Im back\n|-singleturn|p1a: Im back|Protect\n|move|p2a: Toxapex|Toxic Spikes|p1a: Im back\n|-sidestart|p1: hauntersnightmare|move: Toxic Spikes\n|\n|-heal|p1a: Im back|132\/323 par|[from] item: Leftovers\n|turn|37\n|choice|move substitute|move scald\n|\n|move|p2a: Toxapex|Scald|p1a: Im back\n|-damage|p1a: Im back|101\/323 par\n|move|p1a: Im back|Substitute|p1a: Im back\n|-start|p1a: Im back|Substitute\n|-damage|p1a: Im back|21\/323 par\n|\n|-heal|p1a: Im back|41\/323 par|[from] item: Leftovers\n|-fieldend|Misty Terrain\n|turn|38\n|choice|move shadowball|move scald\n|\n|move|p2a: Toxapex|Scald|p1a: Im back\n|-activate|p1a: Im back|move: Substitute|[damage]\n|-formechange|p1a: Im back|Aegislash-Blade|[from] ability: Stance Change\n|move|p1a: Im back|Shadow Ball|p2a: Toxapex\n|-damage|p2a: Toxapex|225\/304\n|\n|-heal|p2a: Toxapex|244\/304|[from] item: Leftovers\n|-heal|p1a: Im back|61\/323 par|[from] item: Leftovers\n|turn|39\n|choice|move kingsshield|move scald\n|\n|-formechange|p1a: Im back|Aegislash|[from] ability: Stance Change\n|cant|p1a: Im back|par\n|move|p2a: Toxapex|Scald|p1a: Im back\n|-activate|p1a: Im back|move: Substitute|[damage]\n|\n|-heal|p2a: Toxapex|263\/304|[from] item: Leftovers\n|-heal|p1a: Im back|81\/323 par|[from] item: Leftovers\n|turn|40\n|choice|move kingsshield|move scald\n|\n|cant|p1a: Im back|par\n|move|p2a: Toxapex|Scald|p1a: Im back\n|-end|p1a: Im back|Substitute\n|\n|-heal|p2a: Toxapex|282\/304|[from] item: Leftovers\n|-heal|p1a: Im back|101\/323 par|[from] item: Leftovers\n|turn|41\n|choice|switch 2|move scald\n|\n|switch|p1a: WTF|Toxapex, M|304\/304\n|-sideend|p1: hauntersnightmare|move: Toxic Spikes|[of] p1a: WTF\n|move|p2a: Toxapex|Scald|p1a: WTF\n|-resisted|p1a: WTF\n|-damage|p1a: WTF|284\/304\n|-status|p1a: WTF|brn\n|\n|-heal|p2a: Toxapex|301\/304|[from] item: Leftovers\n|-heal|p1a: WTF|303\/304 brn|[from] item: Leftovers\n|-damage|p1a: WTF|284\/304 brn|[from] brn\n|turn|42\n|choice|switch 4|move toxicspikes\n|\n|switch|p1a: Landorus|Landorus-Therian, M|318\/382\n|-ability|p1a: Landorus|Intimidate|boost\n|-unboost|p2a: Toxapex|atk|1\n|move|p2a: Toxapex|Toxic Spikes|p1a: Landorus\n|-sidestart|p1: hauntersnightmare|move: Toxic Spikes\n|\n|-heal|p1a: Landorus|341\/382|[from] item: Leftovers\n|-heal|p2a: Toxapex|304\/304|[from] item: Leftovers\n|turn|43\n|choice|move earthquake|move scald\n|\n|move|p1a: Landorus|Earthquake|p2a: Toxapex\n|-supereffective|p2a: Toxapex\n|-damage|p2a: Toxapex|104\/304\n|move|p2a: Toxapex|Scald|p1a: Landorus\n|-supereffective|p1a: Landorus\n|-damage|p1a: Landorus|201\/382\n|\n|-heal|p1a: Landorus|224\/382|[from] item: Leftovers\n|-heal|p2a: Toxapex|123\/304|[from] item: Leftovers\n|turn|44\n|choice|move earthquake|switch 4\n|\n|switch|p2a: Buzzwole|Buzzwole|355\/355\n|move|p1a: Landorus|Earthquake|p2a: Buzzwole\n|-resisted|p2a: Buzzwole\n|-damage|p2a: Buzzwole|292\/355\n|\n|-heal|p1a: Landorus|247\/382|[from] item: Leftovers\n|turn|45\n|choice|switch 4|move leechlife\n|\n|switch|p1a: WTF|Toxapex, M|304\/304 brn\n|-sideend|p1: hauntersnightmare|move: Toxic Spikes|[of] p1a: WTF\n|move|p2a: Buzzwole|Leech Life|p1a: WTF\n|-resisted|p1a: WTF\n|-damage|p1a: WTF|244\/304 brn\n|-heal|p2a: Buzzwole|322\/355|[from] drain|[of] p1a: WTF\n|-damage|p2a: Buzzwole|287\/355|[from] item: Life Orb\n|\n|-heal|p1a: WTF|263\/304 brn|[from] item: Leftovers\n|-damage|p1a: WTF|244\/304 brn|[from] brn\n|turn|46\n|choice|switch 6|switch 4\n|\n|switch|p2a: Toxapex|Toxapex, M, shiny|123\/304\n|switch|p1a: Broken|Kartana|259\/259\n|\n|-heal|p2a: Toxapex|142\/304|[from] item: Leftovers\n|turn|47\n|choice|move swordsdance|move recover\n|\n|move|p1a: Broken|Swords Dance|p1a: Broken\n|-boost|p1a: Broken|atk|2\n|move|p2a: Toxapex|Recover|p2a: Toxapex\n|-heal|p2a: Toxapex|294\/304\n|\n|-heal|p2a: Toxapex|304\/304|[from] item: Leftovers\n|turn|48\n|choice|move leafblade|move scald\n|\n|move|p1a: Broken|Leaf Blade|p2a: Toxapex\n|-damage|p2a: Toxapex|0 fnt\n|-damage|p1a: Broken|234\/259|[from] item: Life Orb\n|faint|p2a: Toxapex\n|-ability|p1a: Broken|Beast Boost|boost\n|-boost|p1a: Broken|atk|1\n|\n|choice||switch 2\n|\n|switch|p2a: Xurkitree|Xurkitree|205\/307\n|turn|49\n|choice|switch 4|move thunderbolt\n|\n|switch|p1a: Landorus|Landorus-Therian, M|247\/382\n|-ability|p1a: Landorus|Intimidate|boost\n|-unboost|p2a: Xurkitree|atk|1\n|move|p2a: Xurkitree|Thunderbolt|p1a: Landorus\n|-immune|p1a: Landorus|[msg]\n|\n|-heal|p1a: Landorus|270\/382|[from] item: Leftovers\n|turn|50\n|choice|move uturn|switch 4\n|\n|switch|p2a: Buzzwole|Buzzwole|287\/355\n|move|p1a: Landorus|U-turn|p2a: Buzzwole\n|-resisted|p2a: Buzzwole\n|-crit|p2a: Buzzwole\n|-damage|p2a: Buzzwole|245\/355\n|choice|switch 4|\n|\n|switch|p1a: Broken|Kartana|234\/259\n|\n|turn|51\n|choice|move sacredsword|move leechlife\n|\n|move|p1a: Broken|Sacred Sword|p2a: Buzzwole\n|-resisted|p2a: Buzzwole\n|-damage|p2a: Buzzwole|174\/355\n|-damage|p1a: Broken|209\/259|[from] item: Life Orb\n|move|p2a: Buzzwole|Leech Life|p1a: Broken\n|-damage|p1a: Broken|53\/259\n|-heal|p2a: Buzzwole|252\/355|[from] drain|[of] p1a: Broken\n|-damage|p2a: Buzzwole|217\/355|[from] item: Life Orb\n|\n|turn|52\n|choice|switch 4|move poweruppunch\n|\n|switch|p1a: Landorus|Landorus-Therian, M|270\/382\n|-ability|p1a: Landorus|Intimidate|boost\n|-unboost|p2a: Buzzwole|atk|1\n|move|p2a: Buzzwole|Power-Up Punch|p1a: Landorus\n|-resisted|p1a: Landorus\n|-damage|p1a: Landorus|244\/382\n|-boost|p2a: Buzzwole|atk|1\n|-damage|p2a: Buzzwole|182\/355|[from] item: Life Orb\n|\n|-heal|p1a: Landorus|267\/382|[from] item: Leftovers\n|turn|53\n|choice|move stoneedge|move leechlife\n|\n|move|p2a: Buzzwole|Leech Life|p1a: Landorus\n|-resisted|p1a: Landorus\n|-crit|p1a: Landorus\n|-damage|p1a: Landorus|146\/382\n|-heal|p2a: Buzzwole|243\/355|[from] drain|[of] p1a: Landorus\n|-damage|p2a: Buzzwole|208\/355|[from] item: Life Orb\n|move|p1a: Landorus|Stone Edge|p2a: Buzzwole\n|-crit|p2a: Buzzwole\n|-damage|p2a: Buzzwole|89\/355\n|\n|-heal|p1a: Landorus|169\/382|[from] item: Leftovers\n|turn|54\n|choice|move stoneedge|move leechlife\n|\n|move|p2a: Buzzwole|Leech Life|p1a: Landorus\n|-resisted|p1a: Landorus\n|-damage|p1a: Landorus|99\/382\n|-heal|p2a: Buzzwole|124\/355|[from] drain|[of] p1a: Landorus\n|-damage|p2a: Buzzwole|89\/355|[from] item: Life Orb\n|move|p1a: Landorus|Stone Edge|p2a: Buzzwole\n|-damage|p2a: Buzzwole|0 fnt\n|faint|p2a: Buzzwole\n|\n|-heal|p1a: Landorus|122\/382|[from] item: Leftovers\n|choice||switch 4\n|\n|switch|p2a: Xurkitree|Xurkitree|205\/307\n|turn|55\n|choice|switch 3|move hiddenpower\n|\n|switch|p1a: Pixels|Xurkitree|307\/307\n|move|p2a: Xurkitree|Hidden Power|p1a: Pixels\n|-damage|p1a: Pixels|193\/307\n|\n|turn|56\n|choice|move dazzlinggleam|move hiddenpower\n|\n|move|p2a: Xurkitree|Hidden Power|p1a: Pixels\n|-damage|p1a: Pixels|82\/307\n|move|p1a: Pixels|Dazzling Gleam|p2a: Xurkitree\n|-damage|p2a: Xurkitree|57\/307\n|\n|turn|57\n|choice|switch 6|move hiddenpower\n|\n|switch|p1a: WTF|Toxapex, M|304\/304 brn\n|move|p2a: Xurkitree|Hidden Power|p1a: WTF\n|-resisted|p1a: WTF\n|-damage|p1a: WTF|274\/304 brn\n|\n|-heal|p1a: WTF|293\/304 brn|[from] item: Leftovers\n|-damage|p1a: WTF|274\/304 brn|[from] brn\n|turn|58\n|choice|move scald|move hiddenpower\n|\n|move|p2a: Xurkitree|Hidden Power|p1a: WTF\n|-resisted|p1a: WTF\n|-damage|p1a: WTF|244\/304 brn\n|move|p1a: WTF|Scald|p2a: Xurkitree\n|-damage|p2a: Xurkitree|0 fnt\n|faint|p2a: Xurkitree\n|\n|win|hauntersnightmare\n|player|p1\n|player|p2","inputlog":null,"uploadtime":1479610570,"views":6,"p1id":"hauntersnightmare","p2id":"darkgoldshadow","formatid":"gen7ou","rating":0,"private":0,"password":null}