{"id":"gen7ou-750905966","p1":"CarlyBae","p2":"lllos","format":"gen7ou","log":"|j|\u2606CarlyBae\n|j|\u2606lllos\n|player|p1|CarlyBae|138\n|player|p2|lllos|265\n|teamsize|p1|6\n|teamsize|p2|6\n|gametype|singles\n|gen|7\n|tier|[Gen 7] OU\n|rated|\n|rule|Sleep Clause Mod: Limit one foe put to sleep\n|rule|Species Clause: Limit one of each Pok\u00e9mon\n|rule|OHKO Clause: OHKO moves are banned\n|rule|Moody Clause: Moody is banned\n|rule|Evasion Moves Clause: Evasion moves are banned\n|rule|Endless Battle Clause: Forcing endless battles is banned\n|rule|HP Percentage Mod: HP is shown in percentages\n|clearpoke\n|poke|p1|Shuckle, M|item\n|poke|p1|Tapu Lele|item\n|poke|p1|Bisharp, F|item\n|poke|p1|Sableye, F|item\n|poke|p1|Kartana|item\n|poke|p1|Manaphy|item\n|poke|p2|Kyurem-Black|item\n|poke|p2|Charizard, F|item\n|poke|p2|Kartana|item\n|poke|p2|Magearna|item\n|poke|p2|Weavile, F|item\n|poke|p2|Landorus-Therian, M|item\n|teampreview\n|\n|start\n|switch|p1a: Shuckle|Shuckle, M|100\/100\n|switch|p2a: Kotori|Charizard, F|100\/100\n|turn|1\n|\n|-mega|p2a: Kotori|Charizard|Charizardite Y\n|detailschange|p2a: Kotori|Charizard-Mega-Y, F\n|-weather|SunnyDay|[from] ability: Drought|[of] p2a: Kotori\n|move|p2a: Kotori|Flamethrower|p1a: Shuckle\n|-damage|p1a: Shuckle|49\/100\n|move|p1a: Shuckle|Sticky Web|p2a: Kotori\n|-sidestart|p2: lllos|move: Sticky Web\n|\n|-weather|SunnyDay|[upkeep]\n|upkeep\n|turn|2\n|\n|move|p2a: Kotori|Flamethrower|p1a: Shuckle\n|-damage|p1a: Shuckle|0 fnt\n|faint|p1a: Shuckle\n|\n|-weather|SunnyDay|[upkeep]\n|upkeep\n|\n|switch|p1a: Manaphy|Manaphy|100\/100\n|turn|3\n|\n|move|p2a: Kotori|Solar Beam|p1a: Manaphy|[still]\n|-prepare|p2a: Kotori|Solar Beam|p1a: Manaphy\n|-anim|p2a: Kotori|Solar Beam|p1a: Manaphy\n|-supereffective|p1a: Manaphy\n|-damage|p1a: Manaphy|11\/100\n|move|p1a: Manaphy|Rain Dance|p1a: Manaphy\n|-weather|RainDance\n|\n|-weather|RainDance|[upkeep]\n|upkeep\n|turn|4\n|\n|move|p2a: Kotori|Focus Blast|p1a: Manaphy|[miss]\n|-miss|p2a: Kotori|p1a: Manaphy\n|-zpower|p1a: Manaphy\n|move|p1a: Manaphy|Hydro Vortex|p2a: Kotori|[zeffect]\n|-supereffective|p2a: Kotori\n|-damage|p2a: Kotori|0 fnt\n|faint|p2a: Kotori\n|\n|-weather|RainDance|[upkeep]\n|upkeep\n|\n|switch|p2a: Yoshino|Weavile, F|100\/100\n|-activate|p2a: Yoshino|move: Sticky Web\n|-unboost|p2a: Yoshino|spe|1\n|-ability|p2a: Yoshino|Pressure\n|turn|5\n|\n|move|p2a: Yoshino|Ice Shard|p1a: Manaphy\n|-resisted|p1a: Manaphy\n|-damage|p1a: Manaphy|0 fnt\n|faint|p1a: Manaphy\n|\n|-weather|RainDance|[upkeep]\n|upkeep\n|\n|switch|p1a: Bisharp|Bisharp, F|100\/100\n|turn|6\n|\n|switch|p2a: Kurumi|Magearna|100\/100\n|-activate|p2a: Kurumi|move: Sticky Web\n|-unboost|p2a: Kurumi|spe|1\n|move|p1a: Bisharp|Iron Head|p2a: Kurumi\n|-damage|p2a: Kurumi|50\/100\n|-damage|p1a: Bisharp|91\/100|[from] item: Life Orb\n|\n|-weather|RainDance|[upkeep]\n|upkeep\n|turn|7\n|\n|move|p1a: Bisharp|Iron Head|p2a: Kurumi\n|-damage|p2a: Kurumi|2\/100\n|-damage|p1a: Bisharp|81\/100|[from] item: Life Orb\n|move|p2a: Kurumi|Volt Switch|p1a: Bisharp\n|-damage|p1a: Bisharp|43\/100\n|\n|switch|p2a: Origami|Kartana|100\/100\n|-activate|p2a: Origami|move: Sticky Web\n|-unboost|p2a: Origami|spe|1\n|\n|-weather|none\n|upkeep\n|turn|8\n|\n|move|p2a: Origami|Defog|p1a: Bisharp\n|-unboost|p1a: Bisharp|evasion|1\n|-ability|p1a: Bisharp|Defiant|boost\n|-boost|p1a: Bisharp|atk|2\n|-sideend|p2: lllos|Sticky Web|[from] move: Defog|[of] p2a: Origami\n|move|p1a: Bisharp|Knock Off|p2a: Origami\n|-damage|p2a: Origami|0 fnt\n|-enditem|p2a: Origami|Choice Scarf|[from] move: Knock Off|[of] p1a: Bisharp\n|-damage|p1a: Bisharp|33\/100|[from] item: Life Orb\n|faint|p2a: Origami\n|\n|upkeep\n|-message|lllos forfeited.\n|\n|win|CarlyBae\n|l|\u2606lllos\n|raw|CarlyBae's rating: 1563 &rarr; <strong>1585<\/strong><br \/>(+22 for winning)\n|raw|lllos's rating: 1589 &rarr; <strong>1567<\/strong><br \/>(-22 for losing)\n","inputlog":null,"uploadtime":1526948460,"views":9,"p1id":"carlybae","p2id":"lllos","formatid":"gen7ou","rating":1567,"private":0,"password":null}