{"id":"gen7ou-1156773999","p1":"HusoKing","p2":"Hajmola","format":"gen7ou","log":"|j|\u2606HusoKing\n|j|\u2606Hajmola\n|t:|1595575094\n|player|p1|HusoKing|266|1127\n|player|p2|Hajmola|pokefan|1153\n|teamsize|p1|6\n|teamsize|p2|6\n|gametype|singles\n|gen|7\n|tier|[Gen 7] OU\n|rated|\n|clearpoke\n|poke|p1|Pelipper, M|item\n|poke|p1|Azumarill, M|item\n|poke|p1|Weavile, M|item\n|poke|p1|Gengar, M|item\n|poke|p1|Garchomp, M|item\n|poke|p1|Latias, F|item\n|poke|p2|Kyurem-Black|item\n|poke|p2|Charizard, M|item\n|poke|p2|Cloyster, F|item\n|poke|p2|Zeraora|item\n|poke|p2|Serperior, M|item\n|poke|p2|Skarmory, F|item\n|rule|Sleep Clause Mod: Limit one foe put to sleep\n|rule|Species Clause: Limit one of each Pok\u00e9mon\n|rule|OHKO Clause: OHKO moves are banned\n|rule|Moody Clause: Moody is banned\n|rule|Evasion Moves Clause: Evasion moves are banned\n|rule|Endless Battle Clause: Forcing endless battles is banned\n|rule|HP Percentage Mod: HP is shown in percentages\n|teampreview\n|\n|t:|1595575100\n|start\n|switch|p1a: Garchomp|Garchomp, M|100\/100\n|switch|p2a: Charizard|Charizard, M|100\/100\n|turn|1\n|inactive|Battle timer is ON: inactive players will automatically lose when time's up. (requested by Hajmola)\n|\n|t:|1595575108\n|detailschange|p1a: Garchomp|Garchomp-Mega, M\n|-mega|p1a: Garchomp|Garchomp|Garchompite\n|detailschange|p2a: Charizard|Charizard-Mega-X, M\n|-mega|p2a: Charizard|Charizard|Charizardite X\n|move|p2a: Charizard|Dragon Dance|p2a: Charizard\n|-boost|p2a: Charizard|atk|1\n|-boost|p2a: Charizard|spe|1\n|move|p1a: Garchomp|Stealth Rock|p2a: Charizard\n|-sidestart|p2: Hajmola|move: Stealth Rock\n|\n|upkeep\n|turn|2\n|\n|t:|1595575118\n|move|p2a: Charizard|Dragon Claw|p1a: Garchomp\n|-supereffective|p1a: Garchomp\n|-damage|p1a: Garchomp|0 fnt\n|faint|p1a: Garchomp\n|\n|upkeep\n|\n|t:|1595575124\n|switch|p1a: Pelipper|Pelipper, M|100\/100\n|-weather|RainDance|[from] ability: Drizzle|[of] p1a: Pelipper\n|turn|3\n|\n|t:|1595575131\n|switch|p1a: Azumarill|Azumarill, M|100\/100\n|move|p2a: Charizard|Dragon Claw|p1a: Azumarill\n|-immune|p1a: Azumarill\n|\n|-weather|RainDance|[upkeep]\n|upkeep\n|turn|4\n|\n|t:|1595575139\n|switch|p2a: Skarmory|Skarmory, F|100\/100\n|-damage|p2a: Skarmory|88\/100|[from] Stealth Rock\n|-zpower|p1a: Azumarill\n|move|p1a: Azumarill|Z-Belly Drum|p1a: Azumarill|[anim]Belly Drum\n|-damage|p1a: Azumarill|50\/100\n|-setboost|p1a: Azumarill|atk|6|[from] move: Belly Drum\n|\n|-weather|RainDance|[upkeep]\n|-heal|p2a: Skarmory|94\/100|[from] item: Leftovers\n|upkeep\n|turn|5\n|\n|t:|1595575152\n|move|p1a: Azumarill|Aqua Jet|p2a: Skarmory\n|-damage|p2a: Skarmory|0 fnt\n|faint|p2a: Skarmory\n|\n|-weather|RainDance|[upkeep]\n|upkeep\n|\n|t:|1595575163\n|switch|p2a: Zeraora|Zeraora|100\/100\n|-damage|p2a: Zeraora|88\/100|[from] Stealth Rock\n|turn|6\n|\n|t:|1595575174\n|move|p1a: Azumarill|Aqua Jet|p2a: Zeraora\n|-damage|p2a: Zeraora|0 fnt\n|faint|p2a: Zeraora\n|\n|-weather|RainDance|[upkeep]\n|upkeep\n|\n|t:|1595575182\n|switch|p2a: Kyurem|Kyurem-Black, shiny|100\/100\n|-damage|p2a: Kyurem|76\/100|[from] Stealth Rock\n|-ability|p2a: Kyurem|Teravolt\n|turn|7\n|\n|t:|1595575189\n|move|p1a: Azumarill|Aqua Jet|p2a: Kyurem\n|-resisted|p2a: Kyurem\n|-damage|p2a: Kyurem|7\/100\n|move|p2a: Kyurem|Fusion Bolt|p1a: Azumarill\n|-supereffective|p1a: Azumarill\n|-damage|p1a: Azumarill|0 fnt\n|-damage|p2a: Kyurem|0 fnt|[from] item: Life Orb\n|faint|p1a: Azumarill\n|faint|p2a: Kyurem\n|\n|-weather|none\n|upkeep\n|\n|t:|1595575206\n|switch|p2a: Charizard|Charizard-Mega-X, M|100\/100\n|switch|p1a: Gengar|Gengar, M|100\/100\n|-damage|p2a: Charizard|76\/100|[from] Stealth Rock\n|turn|8\n|\n|t:|1595575216\n|switch|p1a: Latias|Latias, F|100\/100\n|move|p2a: Charizard|Dragon Dance|p2a: Charizard\n|-boost|p2a: Charizard|atk|1\n|-boost|p2a: Charizard|spe|1\n|\n|upkeep\n|turn|9\n|\n|t:|1595575223\n|move|p2a: Charizard|Dragon Claw|p1a: Latias\n|-supereffective|p1a: Latias\n|-damage|p1a: Latias|0 fnt\n|faint|p1a: Latias\n|\n|upkeep\n|\n|t:|1595575228\n|switch|p1a: Weavile|Weavile, M|100\/100\n|-ability|p1a: Weavile|Pressure\n|turn|10\n|\n|t:|1595575234\n|move|p1a: Weavile|Ice Shard|p2a: Charizard\n|-damage|p2a: Charizard|41\/100\n|move|p2a: Charizard|Fire Punch|p1a: Weavile\n|-supereffective|p1a: Weavile\n|-damage|p1a: Weavile|0 fnt\n|faint|p1a: Weavile\n|\n|upkeep\n|\n|t:|1595575242\n|switch|p1a: Pelipper|Pelipper, M|100\/100\n|-weather|RainDance|[from] ability: Drizzle|[of] p1a: Pelipper\n|turn|11\n|\n|t:|1595575247\n|move|p2a: Charizard|Dragon Claw|p1a: Pelipper\n|-damage|p1a: Pelipper|37\/100\n|move|p1a: Pelipper|Surf|p2a: Charizard\n|-damage|p2a: Charizard|0 fnt\n|faint|p2a: Charizard\n|\n|-weather|RainDance|[upkeep]\n|upkeep\n|\n|t:|1595575258\n|switch|p2a: Serperior|Serperior, M|100\/100\n|-damage|p2a: Serperior|88\/100|[from] Stealth Rock\n|turn|12\n|\n|t:|1595575264\n|move|p2a: Serperior|Leaf Storm|p1a: Pelipper\n|-damage|p1a: Pelipper|0 fnt\n|-boost|p2a: Serperior|spa|2\n|-damage|p2a: Serperior|78\/100|[from] item: Life Orb\n|faint|p1a: Pelipper\n|\n|-weather|RainDance|[upkeep]\n|upkeep\n|c|\u2606HusoKing|!weak serperior\n|html|<div class=\"infobox\">Serperior (ignoring abilities):<br \/><span class=\"message-effect-weak\">Weaknesses<\/span>: Bug, Fire, Flying, Ice, Poison<br \/><span class=\"message-effect-resist\">Resistances<\/span>: Electric, Grass, Ground, Water<br \/><span class=\"message-effect-immune\">Immunities<\/span>: Powder moves<\/div>\n|c|\u2606HusoKing|!weak cloyster\n|html|<div class=\"infobox\">Cloyster (ignoring abilities):<br \/><span class=\"message-effect-weak\">Weaknesses<\/span>: Electric, Fighting, Grass, Rock<br \/><span class=\"message-effect-resist\">Resistances<\/span>: <b>Ice<\/b>, Water<br \/><span class=\"message-effect-immune\">Immunities<\/span>: Frozen, Hail damage<\/div>\n|\n|t:|1595575280\n|switch|p1a: Gengar|Gengar, M|100\/100\n|turn|13\n|c|\u2606Hajmola|Yeah yeah\n|c|\u2606Hajmola|Do this crap\n|c|\u2606Hajmola|Dipshit\n|inactive|Hajmola has 120 seconds left.\n|\n|t:|1595575324\n|move|p1a: Gengar|Sludge Bomb|p2a: Serperior\n|-supereffective|p2a: Serperior\n|-damage|p2a: Serperior|0 fnt\n|faint|p2a: Serperior\n|\n|-weather|RainDance|[upkeep]\n|upkeep\n|\n|t:|1595575333\n|switch|p2a: Cloyster|Cloyster, F, shiny|100\/100\n|-damage|p2a: Cloyster|76\/100|[from] Stealth Rock\n|turn|14\n|\n|t:|1595575341\n|move|p1a: Gengar|Sludge Bomb|p2a: Cloyster\n|-damage|p2a: Cloyster|0 fnt\n|faint|p2a: Cloyster\n|\n|win|HusoKing\n|raw|HusoKing's rating: 1127 &rarr; <strong>1154<\/strong><br \/>(+27 for winning)\n|raw|Hajmola's rating: 1153 &rarr; <strong>1126<\/strong><br \/>(-27 for losing)\n|c|\u2606HusoKing|yay\n","uploadtime":1595575348,"views":10,"p1id":"husoking","p2id":"hajmola","formatid":"gen7ou","rating":1126,"private":0,"password":null}