{"id":"gen7ou-912773579","p1":"paryikimo","p2":"why addicted","format":"gen7ou","log":"|j|\u2606paryikimo\n|j|\u2606why addicted\n|player|p1|paryikimo|102\n|player|p2|why addicted|170\n|teamsize|p1|6\n|teamsize|p2|6\n|gametype|singles\n|gen|7\n|tier|[Gen 7] OU\n|rated|\n|rule|Sleep Clause Mod: Limit one foe put to sleep\n|rule|Species Clause: Limit one of each Pok\u00e9mon\n|rule|OHKO Clause: OHKO moves are banned\n|rule|Moody Clause: Moody is banned\n|rule|Evasion Moves Clause: Evasion moves are banned\n|rule|Endless Battle Clause: Forcing endless battles is banned\n|rule|HP Percentage Mod: HP is shown in percentages\n|clearpoke\n|poke|p1|Tapu Lele|item\n|poke|p1|Keldeo-Resolute|item\n|poke|p1|Alakazam, M|item\n|poke|p1|Landorus-Therian, M|item\n|poke|p1|Heatran, F|item\n|poke|p1|Zapdos|item\n|poke|p2|Scizor, M|item\n|poke|p2|Toxapex, F|item\n|poke|p2|Hydreigon, M|item\n|poke|p2|Landorus-Therian, M|item\n|poke|p2|Heatran, F|item\n|poke|p2|Reuniclus, F|item\n|teampreview\n|\n|start\n|switch|p1a: Landorus|Landorus-Therian, M|339\/339\n|switch|p2a: Toxapex|Toxapex, F|304\/304\n|-ability|p1a: Landorus|Intimidate|boost\n|-unboost|p2a: Toxapex|atk|1\n|turn|1\n|\n|move|p1a: Landorus|Earthquake|p2a: Toxapex\n|-supereffective|p2a: Toxapex\n|-damage|p2a: Toxapex|86\/304\n|move|p2a: Toxapex|Toxic Spikes|p1a: Landorus\n|-sidestart|p1: paryikimo|move: Toxic Spikes\n|\n|upkeep\n|turn|2\n|\n|switch|p1a: Zapdos|Zapdos|383\/383\n|switch|p2a: Landorus|Landorus-Therian, M|332\/332\n|-ability|p2a: Landorus|Intimidate|boost\n|-unboost|p1a: Zapdos|atk|1\n|\n|upkeep\n|turn|3\n|\n|switch|p2a: Heatran|Heatran, F|385\/385\n|move|p1a: Zapdos|Hidden Power|p2a: Heatran\n|-resisted|p2a: Heatran\n|-damage|p2a: Heatran|374\/385\n|\n|-heal|p2a: Heatran|385\/385|[from] item: Leftovers\n|upkeep\n|turn|4\n|\n|move|p1a: Zapdos|Volt Switch|p2a: Heatran\n|-damage|p2a: Heatran|313\/385\n|\n|switch|p1a: Landorus|Landorus-Therian, M|339\/339\n|-ability|p1a: Landorus|Intimidate|boost\n|-unboost|p2a: Heatran|atk|1\n|move|p2a: Heatran|Magma Storm|p1a: Landorus\n|-damage|p1a: Landorus|138\/339\n|-activate|p1a: Landorus|move: Magma Storm|[of] p2a: Heatran\n|\n|-heal|p2a: Heatran|337\/385|[from] item: Leftovers\n|-damage|p1a: Landorus|96\/339|[from] move: Magma Storm|[partiallytrapped]\n|upkeep\n|turn|5\n|\n|move|p1a: Landorus|Defog|p2a: Heatran\n|-unboost|p2a: Heatran|evasion|1\n|-sideend|p1: paryikimo|Toxic Spikes|[from] move: Defog|[of] p1a: Landorus\n|move|p2a: Heatran|Stealth Rock|p1a: Landorus\n|-sidestart|p1: paryikimo|move: Stealth Rock\n|\n|-heal|p2a: Heatran|361\/385|[from] item: Leftovers\n|-damage|p1a: Landorus|54\/339|[from] move: Magma Storm|[partiallytrapped]\n|upkeep\n|turn|6\n|\n|switch|p2a: Landorus|Landorus-Therian, M|332\/332\n|-ability|p2a: Landorus|Intimidate|boost\n|-unboost|p1a: Landorus|atk|1\n|move|p1a: Landorus|Defog|p2a: Landorus\n|-unboost|p2a: Landorus|evasion|1\n|-sideend|p1: paryikimo|Stealth Rock|[from] move: Defog|[of] p1a: Landorus\n|\n|-end|p1a: Landorus|Magma Storm|[partiallytrapped]|[silent]\n|upkeep\n|turn|7\n|\n|switch|p1a: Keldeo|Keldeo-Resolute|323\/323\n|move|p2a: Landorus|U-turn|p1a: Keldeo\n|-resisted|p1a: Keldeo\n|-damage|p1a: Keldeo|275\/323\n|\n|switch|p2a: Toxapex|Toxapex, F|187\/304\n|\n|upkeep\n|turn|8\n|\n|move|p1a: Keldeo|Taunt|p2a: Toxapex\n|-start|p2a: Toxapex|move: Taunt\n|cant|p2a: Toxapex|move: Taunt|Recover\n|\n|upkeep\n|turn|9\n|\n|switch|p2a: Reuniclus|Reuniclus, F|424\/424\n|move|p1a: Keldeo|Calm Mind|p1a: Keldeo\n|-boost|p1a: Keldeo|spa|1\n|-boost|p1a: Keldeo|spd|1\n|\n|upkeep\n|turn|10\n|\n|switch|p2a: Toxapex|Toxapex, F|288\/304\n|-zpower|p1a: Keldeo\n|move|p1a: Keldeo|Hydro Vortex|p2a: Toxapex|[zeffect]\n|-resisted|p2a: Toxapex\n|-damage|p2a: Toxapex|141\/304\n|\n|upkeep\n|turn|11\n|\n|move|p1a: Keldeo|Taunt|p2a: Toxapex\n|-start|p2a: Toxapex|move: Taunt\n|move|p2a: Toxapex|Scald|p1a: Keldeo\n|-resisted|p1a: Keldeo\n|-crit|p1a: Keldeo\n|-damage|p1a: Keldeo|229\/323\n|\n|upkeep\n|turn|12\n|\n|move|p1a: Keldeo|Calm Mind|p1a: Keldeo\n|-boost|p1a: Keldeo|spa|1\n|-boost|p1a: Keldeo|spd|1\n|move|p2a: Toxapex|Scald|p1a: Keldeo\n|-resisted|p1a: Keldeo\n|-damage|p1a: Keldeo|213\/323\n|\n|upkeep\n|turn|13\n|\n|move|p1a: Keldeo|Hydro Pump|p2a: Toxapex|[miss]\n|-miss|p1a: Keldeo|p2a: Toxapex\n|move|p2a: Toxapex|Scald|p1a: Keldeo\n|-resisted|p1a: Keldeo\n|-damage|p1a: Keldeo|197\/323\n|\n|-end|p2a: Toxapex|move: Taunt\n|upkeep\n|turn|14\n|\n|move|p1a: Keldeo|Taunt|p2a: Toxapex\n|-start|p2a: Toxapex|move: Taunt\n|move|p2a: Toxapex|Scald|p1a: Keldeo\n|-resisted|p1a: Keldeo\n|-damage|p1a: Keldeo|182\/323\n|\n|upkeep\n|turn|15\n|\n|move|p1a: Keldeo|Calm Mind|p1a: Keldeo\n|-boost|p1a: Keldeo|spa|1\n|-boost|p1a: Keldeo|spd|1\n|move|p2a: Toxapex|Scald|p1a: Keldeo\n|-resisted|p1a: Keldeo\n|-damage|p1a: Keldeo|170\/323\n|-status|p1a: Keldeo|brn\n|\n|-damage|p1a: Keldeo|150\/323 brn|[from] brn\n|upkeep\n|turn|16\n|\n|move|p1a: Keldeo|Hydro Pump|p2a: Toxapex\n|-resisted|p2a: Toxapex\n|-damage|p2a: Toxapex|0 fnt\n|faint|p2a: Toxapex\n|\n|-damage|p1a: Keldeo|130\/323 brn|[from] brn\n|upkeep\n|\n|switch|p2a: Landorus|Landorus-Therian, M|332\/332\n|-ability|p2a: Landorus|Intimidate|boost\n|-unboost|p1a: Keldeo|atk|1\n|turn|17\n|j| Shawty Lo\n|\n|switch|p1a: Zapdos|Zapdos|383\/383\n|move|p2a: Landorus|U-turn|p1a: Zapdos\n|-resisted|p1a: Zapdos\n|-damage|p1a: Zapdos|350\/383\n|-damage|p2a: Landorus|277\/332|[from] item: Rocky Helmet|[of] p1a: Zapdos\n|-status|p2a: Landorus|par|[from] ability: Static|[of] p1a: Zapdos\n|\n|switch|p2a: Heatran|Heatran, F|361\/385\n|\n|-heal|p2a: Heatran|385\/385|[from] item: Leftovers\n|upkeep\n|turn|18\n|\n|move|p1a: Zapdos|Volt Switch|p2a: Heatran\n|-damage|p2a: Heatran|315\/385\n|\n|switch|p1a: Keldeo|Keldeo-Resolute|130\/323 brn\n|move|p2a: Heatran|Stealth Rock|p1a: Keldeo\n|-sidestart|p1: paryikimo|move: Stealth Rock\n|\n|-heal|p2a: Heatran|339\/385|[from] item: Leftovers\n|-damage|p1a: Keldeo|110\/323 brn|[from] brn\n|upkeep\n|turn|19\n|\n|move|p1a: Keldeo|Calm Mind|p1a: Keldeo\n|-boost|p1a: Keldeo|spa|1\n|-boost|p1a: Keldeo|spd|1\n|move|p2a: Heatran|Earth Power|p1a: Keldeo\n|-damage|p1a: Keldeo|42\/323 brn\n|\n|-heal|p2a: Heatran|363\/385|[from] item: Leftovers\n|-damage|p1a: Keldeo|22\/323 brn|[from] brn\n|upkeep\n|turn|20\n|\n|switch|p2a: Hydreigon|Hydreigon, M|331\/331\n|move|p1a: Keldeo|Hydro Pump|p2a: Hydreigon\n|-resisted|p2a: Hydreigon\n|-damage|p2a: Hydreigon|176\/331\n|\n|-damage|p1a: Keldeo|2\/323 brn|[from] brn\n|upkeep\n|turn|21\n|\n|move|p1a: Keldeo|Secret Sword|p2a: Hydreigon\n|-supereffective|p2a: Hydreigon\n|-damage|p2a: Hydreigon|0 fnt\n|faint|p2a: Hydreigon\n|\n|-damage|p1a: Keldeo|0 fnt|[from] brn\n|faint|p1a: Keldeo\n|upkeep\n|\n|switch|p1a: Tapu Lele|Tapu Lele|281\/281\n|switch|p2a: Landorus|Landorus-Therian, M|277\/332 par\n|-damage|p1a: Tapu Lele|246\/281|[from] Stealth Rock\n|-fieldstart|move: Psychic Terrain|[from] ability: Psychic Surge|[of] p1a: Tapu Lele\n|-ability|p2a: Landorus|Intimidate|boost\n|-unboost|p1a: Tapu Lele|atk|1\n|turn|22\n|\n|switch|p2a: Heatran|Heatran, F|363\/385\n|move|p1a: Tapu Lele|Psychic|p2a: Heatran\n|-resisted|p2a: Heatran\n|-damage|p2a: Heatran|233\/385\n|\n|-heal|p2a: Heatran|257\/385|[from] item: Leftovers\n|upkeep\n|turn|23\n|\n|switch|p1a: Heatran|Heatran, F|385\/385\n|-damage|p1a: Heatran|337\/385|[from] Stealth Rock\n|move|p2a: Heatran|Toxic|p1a: Heatran\n|-immune|p1a: Heatran\n|\n|-heal|p2a: Heatran|281\/385|[from] item: Leftovers\n|-heal|p1a: Heatran|361\/385|[from] item: Leftovers\n|upkeep\n|turn|24\n|\n|move|p2a: Heatran|Earth Power|p1a: Heatran\n|-supereffective|p1a: Heatran\n|-damage|p1a: Heatran|125\/385\n|move|p1a: Heatran|Earth Power|p2a: Heatran\n|-supereffective|p2a: Heatran\n|-damage|p2a: Heatran|17\/385\n|\n|-heal|p2a: Heatran|41\/385|[from] item: Leftovers\n|-heal|p1a: Heatran|149\/385|[from] item: Leftovers\n|upkeep\n|turn|25\n|\n|switch|p1a: Landorus|Landorus-Therian, M|54\/339\n|-damage|p1a: Landorus|12\/339|[from] Stealth Rock\n|-ability|p1a: Landorus|Intimidate|boost\n|-unboost|p2a: Heatran|atk|1\n|move|p2a: Heatran|Earth Power|p1a: Landorus\n|-immune|p1a: Landorus\n|\n|-heal|p2a: Heatran|65\/385|[from] item: Leftovers\n|upkeep\n|turn|26\n|\n|switch|p2a: Landorus|Landorus-Therian, M|277\/332 par\n|-ability|p2a: Landorus|Intimidate|boost\n|-unboost|p1a: Landorus|atk|1\n|move|p1a: Landorus|Earthquake|p2a: Landorus\n|-immune|p2a: Landorus\n|\n|-fieldend|move: Psychic Terrain\n|upkeep\n|turn|27\n|\n|move|p1a: Landorus|Earthquake|p2a: Landorus\n|-immune|p2a: Landorus\n|move|p2a: Landorus|U-turn|p1a: Landorus\n|-resisted|p1a: Landorus\n|-damage|p1a: Landorus|0 fnt\n|faint|p1a: Landorus\n|\n|switch|p2a: Heatran|Heatran, F|65\/385\n|\n|-heal|p2a: Heatran|89\/385|[from] item: Leftovers\n|upkeep\n|\n|switch|p1a: Tapu Lele|Tapu Lele|246\/281\n|-damage|p1a: Tapu Lele|211\/281|[from] Stealth Rock\n|-fieldstart|move: Psychic Terrain|[from] ability: Psychic Surge|[of] p1a: Tapu Lele\n|turn|28\n|\n|switch|p2a: Scizor|Scizor, M|343\/343\n|move|p1a: Tapu Lele|Psychic|p2a: Scizor\n|-resisted|p2a: Scizor\n|-damage|p2a: Scizor|144\/343\n|\n|upkeep\n|turn|29\n|\n|detailschange|p2a: Scizor|Scizor-Mega, M\n|-mega|p2a: Scizor|Scizor|Scizorite\n|move|p1a: Tapu Lele|Psychic|p2a: Scizor\n|-resisted|p2a: Scizor\n|-damage|p2a: Scizor|0 fnt\n|faint|p2a: Scizor\n|\n|upkeep\n|\n|switch|p2a: Reuniclus|Reuniclus, F|424\/424\n|turn|30\n|\n|switch|p1a: Alakazam|Alakazam, M|251\/251\n|move|p2a: Reuniclus|Calm Mind|p2a: Reuniclus\n|-boost|p2a: Reuniclus|spa|1\n|-boost|p2a: Reuniclus|spd|1\n|\n|upkeep\n|turn|31\n|\n|detailschange|p1a: Alakazam|Alakazam-Mega, M\n|-mega|p1a: Alakazam|Alakazam|Alakazite\n|-ability|p1a: Alakazam|Magic Guard|[from] ability: Trace|[of] p2a: Reuniclus\n|move|p1a: Alakazam|Shadow Ball|p2a: Reuniclus\n|-supereffective|p2a: Reuniclus\n|-damage|p2a: Reuniclus|248\/424\n|-unboost|p2a: Reuniclus|spd|1\n|move|p2a: Reuniclus|Calm Mind|p2a: Reuniclus\n|-boost|p2a: Reuniclus|spa|1\n|-boost|p2a: Reuniclus|spd|1\n|\n|upkeep\n|turn|32\n|\n|move|p1a: Alakazam|Shadow Ball|p2a: Reuniclus\n|-supereffective|p2a: Reuniclus\n|-damage|p2a: Reuniclus|74\/424\n|move|p2a: Reuniclus|Recover|p2a: Reuniclus\n|-heal|p2a: Reuniclus|286\/424\n|\n|-fieldend|move: Psychic Terrain\n|upkeep\n|turn|33\n|\n|move|p1a: Alakazam|Shadow Ball|p2a: Reuniclus\n|-supereffective|p2a: Reuniclus\n|-damage|p2a: Reuniclus|98\/424\n|move|p2a: Reuniclus|Recover|p2a: Reuniclus\n|-heal|p2a: Reuniclus|310\/424\n|\n|upkeep\n|turn|34\n|\n|move|p1a: Alakazam|Shadow Ball|p2a: Reuniclus\n|-supereffective|p2a: Reuniclus\n|-damage|p2a: Reuniclus|124\/424\n|move|p2a: Reuniclus|Recover|p2a: Reuniclus\n|-heal|p2a: Reuniclus|336\/424\n|\n|upkeep\n|turn|35\n|\n|move|p1a: Alakazam|Shadow Ball|p2a: Reuniclus\n|-supereffective|p2a: Reuniclus\n|-damage|p2a: Reuniclus|152\/424\n|move|p2a: Reuniclus|Recover|p2a: Reuniclus\n|-heal|p2a: Reuniclus|364\/424\n|\n|upkeep\n|turn|36\n|\n|move|p1a: Alakazam|Shadow Ball|p2a: Reuniclus\n|-supereffective|p2a: Reuniclus\n|-damage|p2a: Reuniclus|196\/424\n|move|p2a: Reuniclus|Calm Mind|p2a: Reuniclus\n|-boost|p2a: Reuniclus|spa|1\n|-boost|p2a: Reuniclus|spd|1\n|\n|upkeep\n|turn|37\n|\n|move|p1a: Alakazam|Shadow Ball|p2a: Reuniclus\n|-supereffective|p2a: Reuniclus\n|-damage|p2a: Reuniclus|70\/424\n|move|p2a: Reuniclus|Recover|p2a: Reuniclus\n|-heal|p2a: Reuniclus|282\/424\n|\n|upkeep\n|turn|38\n|\n|move|p1a: Alakazam|Shadow Ball|p2a: Reuniclus\n|-supereffective|p2a: Reuniclus\n|-damage|p2a: Reuniclus|136\/424\n|move|p2a: Reuniclus|Recover|p2a: Reuniclus\n|-heal|p2a: Reuniclus|348\/424\n|\n|upkeep\n|turn|39\n|\n|move|p1a: Alakazam|Shadow Ball|p2a: Reuniclus\n|-supereffective|p2a: Reuniclus\n|-damage|p2a: Reuniclus|216\/424\n|-unboost|p2a: Reuniclus|spd|1\n|move|p2a: Reuniclus|Recover|p2a: Reuniclus\n|-heal|p2a: Reuniclus|424\/424\n|\n|upkeep\n|turn|40\n|\n|move|p1a: Alakazam|Shadow Ball|p2a: Reuniclus\n|-supereffective|p2a: Reuniclus\n|-damage|p2a: Reuniclus|252\/424\n|-unboost|p2a: Reuniclus|spd|1\n|move|p2a: Reuniclus|Calm Mind|p2a: Reuniclus\n|-boost|p2a: Reuniclus|spa|1\n|-boost|p2a: Reuniclus|spd|1\n|\n|upkeep\n|turn|41\n|\n|move|p1a: Alakazam|Shadow Ball|p2a: Reuniclus\n|-supereffective|p2a: Reuniclus\n|-crit|p2a: Reuniclus\n|-damage|p2a: Reuniclus|0 fnt\n|faint|p2a: Reuniclus\n|\n|upkeep\n|c|\u2606why addicted|lol\n|-message|why addicted forfeited.\n|\n|win|paryikimo\n|l|\u2606why addicted\n","uploadtime":1558314445,"views":58,"p1id":"paryikimo","p2id":"whyaddicted","formatid":"gen7ou","rating":0,"private":0,"password":null}