{"id":"gen7ou-791289035","p1":"radida","p2":"Del chef","format":"gen7ou","log":"|j|\u2606radida\n|j|\u2606Del chef\n|player|p1|radida|290\n|player|p2|Del chef|266\n|teamsize|p1|6\n|teamsize|p2|6\n|gametype|singles\n|gen|7\n|tier|[Gen 7] OU\n|rated|\n|rule|Sleep Clause Mod: Limit one foe put to sleep\n|rule|Species Clause: Limit one of each Pok\u00e9mon\n|rule|OHKO Clause: OHKO moves are banned\n|rule|Moody Clause: Moody is banned\n|rule|Evasion Moves Clause: Evasion moves are banned\n|rule|Endless Battle Clause: Forcing endless battles is banned\n|rule|HP Percentage Mod: HP is shown in percentages\n|clearpoke\n|poke|p1|Ninetales-Alola, M|item\n|poke|p1|Salamence, F|item\n|poke|p1|Scizor, M|item\n|poke|p1|Tapu Bulu|item\n|poke|p1|Zygarde|item\n|poke|p1|Terrakion|item\n|poke|p2|Chansey, F|item\n|poke|p2|Mawile, F|item\n|poke|p2|Latios, M|item\n|poke|p2|Kartana|item\n|poke|p2|Gyarados, M|item\n|poke|p2|Nidoking, M|item\n|teampreview\n|inactive|Battle timer is ON: inactive players will automatically lose when time's up. (requested by radida)\n|\n|start\n|switch|p1a: Ninetales|Ninetales-Alola, M|100\/100\n|switch|p2a: Mawile|Mawile, F|100\/100\n|-weather|Hail|[from] ability: Snow Warning|[of] p1a: Ninetales\n|-ability|p2a: Mawile|Intimidate|boost\n|-unboost|p1a: Ninetales|atk|1\n|turn|1\n|\n|move|p1a: Ninetales|Aurora Veil|p1a: Ninetales\n|-sidestart|p1: radida|move: Aurora Veil\n|move|p2a: Mawile|Play Rough|p1a: Ninetales\n|-damage|p1a: Ninetales|76\/100\n|\n|-weather|Hail|[upkeep]\n|-damage|p2a: Mawile|95\/100|[from] Hail\n|upkeep\n|turn|2\n|\n|switch|p1a: Scizor|Scizor, M|100\/100\n|switch|p2a: Kartana|Kartana|100\/100\n|\n|-weather|Hail|[upkeep]\n|-damage|p2a: Kartana|94\/100|[from] Hail\n|-damage|p1a: Scizor|94\/100|[from] Hail\n|-heal|p2a: Kartana|100\/100|[from] item: Leftovers\n|upkeep\n|turn|3\n|\n|switch|p2a: Mawile|Mawile, F|95\/100\n|-ability|p2a: Mawile|Intimidate|boost\n|-unboost|p1a: Scizor|atk|1\n|detailschange|p1a: Scizor|Scizor-Mega, M\n|-mega|p1a: Scizor|Scizor|Scizorite\n|move|p1a: Scizor|U-turn|p2a: Mawile\n|-resisted|p2a: Mawile\n|-damage|p2a: Mawile|87\/100\n|\n|switch|p1a: Zygarde|Zygarde|100\/100\n|-ability|p1a: Zygarde|Aura Break\n|\n|-weather|Hail|[upkeep]\n|-damage|p1a: Zygarde|94\/100|[from] Hail\n|-damage|p2a: Mawile|81\/100|[from] Hail\n|upkeep\n|turn|4\n|\n|switch|p2a: Latios|Latios, M|100\/100\n|move|p1a: Zygarde|Thousand Arrows|p2a: Latios\n|-damage|p2a: Latios|59\/100\n|-start|p2a: Latios|Smack Down\n|\n|-weather|Hail|[upkeep]\n|-damage|p2a: Latios|53\/100|[from] Hail\n|-damage|p1a: Zygarde|88\/100|[from] Hail\n|upkeep\n|turn|5\n|\n|switch|p1a: Scizor|Scizor-Mega, M|94\/100\n|move|p2a: Latios|Ice Beam|p1a: Scizor\n|-resisted|p1a: Scizor\n|-damage|p1a: Scizor|86\/100\n|-damage|p2a: Latios|43\/100|[from] item: Life Orb\n|\n|-weather|Hail|[upkeep]\n|-damage|p2a: Latios|37\/100|[from] Hail\n|-damage|p1a: Scizor|80\/100|[from] Hail\n|-sideend|p1: radida|move: Aurora Veil\n|upkeep\n|turn|6\n|\n|move|p2a: Latios|Psyshock|p1a: Scizor\n|-resisted|p1a: Scizor\n|-damage|p1a: Scizor|63\/100\n|-damage|p2a: Latios|27\/100|[from] item: Life Orb\n|move|p1a: Scizor|U-turn|p2a: Latios\n|-supereffective|p2a: Latios\n|-damage|p2a: Latios|0\n|faint|p2a: Latios\n|\n|switch|p1a: Ninetales|Ninetales-Alola, M|76\/100\n|\n|-weather|Hail|[upkeep]\n|upkeep\n|\n|switch|p2a: Kartana|Kartana|100\/100\n|turn|7\n|\n|switch|p1a: Scizor|Scizor-Mega, M|63\/100\n|move|p2a: Kartana|Smart Strike|p1a: Scizor\n|-resisted|p1a: Scizor\n|-damage|p1a: Scizor|50\/100\n|\n|-weather|Hail|[upkeep]\n|-damage|p2a: Kartana|94\/100|[from] Hail\n|-damage|p1a: Scizor|44\/100|[from] Hail\n|-heal|p2a: Kartana|100\/100|[from] item: Leftovers\n|upkeep\n|turn|8\n|\n|move|p2a: Kartana|Sacred Sword|p1a: Scizor\n|-damage|p1a: Scizor|21\/100\n|move|p1a: Scizor|U-turn|p2a: Kartana\n|-damage|p2a: Kartana|64\/100\n|\n|switch|p1a: Terrakion|Terrakion|100\/100\n|\n|-weather|none\n|-heal|p2a: Kartana|70\/100|[from] item: Leftovers\n|upkeep\n|turn|9\n|\n|move|p2a: Kartana|Leaf Blade|p1a: Terrakion\n|-supereffective|p1a: Terrakion\n|-enditem|p1a: Terrakion|Focus Sash\n|-damage|p1a: Terrakion|1\/100\n|move|p1a: Terrakion|Close Combat|p2a: Kartana\n|-supereffective|p2a: Kartana\n|-damage|p2a: Kartana|0\n|-unboost|p1a: Terrakion|def|1\n|-unboost|p1a: Terrakion|spd|1\n|faint|p2a: Kartana\n|\n|upkeep\n|inactive|Del chef has 135 seconds left.\n|\n|switch|p2a: Nidoking|Nidoking, M|100\/100\n|turn|10\n|\n|move|p2a: Nidoking|Earth Power|p1a: Terrakion\n|-supereffective|p1a: Terrakion\n|-damage|p1a: Terrakion|0\n|faint|p1a: Terrakion\n|\n|upkeep\n|\n|switch|p1a: Salamence|Salamence, F|100\/100\n|turn|11\n|\n|switch|p2a: Mawile|Mawile, F|81\/100\n|-ability|p2a: Mawile|Intimidate|boost\n|-unboost|p1a: Salamence|atk|1\n|move|p1a: Salamence|Dragon Dance|p1a: Salamence\n|-boost|p1a: Salamence|atk|1\n|-boost|p1a: Salamence|spe|1\n|\n|upkeep\n|turn|12\n|inactive|radida has 135 seconds left.\n|\n|detailschange|p2a: Mawile|Mawile-Mega, F\n|-mega|p2a: Mawile|Mawile|Mawilite\n|move|p1a: Salamence|Earthquake|p2a: Mawile\n|-supereffective|p2a: Mawile\n|-damage|p2a: Mawile|17\/100\n|move|p2a: Mawile|Play Rough|p1a: Salamence\n|-supereffective|p1a: Salamence\n|-damage|p1a: Salamence|0\n|faint|p1a: Salamence\n|\n|upkeep\n|\n|switch|p1a: Scizor|Scizor-Mega, M|21\/100\n|turn|13\n|\n|move|p2a: Mawile|Sucker Punch|p1a: Scizor|[still]\n|-fail|p2a: Mawile\n|move|p1a: Scizor|Roost|p1a: Scizor\n|-heal|p1a: Scizor|71\/100\n|\n|upkeep\n|turn|14\n|\n|move|p1a: Scizor|Bullet Punch|p2a: Mawile\n|-damage|p2a: Mawile|0\n|faint|p2a: Mawile\n|\n|upkeep\n|\n|switch|p2a: Nidoking|Nidoking, M|100\/100\n|turn|15\n|\n|move|p1a: Scizor|Bullet Punch|p2a: Nidoking\n|-damage|p2a: Nidoking|58\/100\n|move|p2a: Nidoking|Fire Blast|p1a: Scizor\n|-supereffective|p1a: Scizor\n|-damage|p1a: Scizor|0\n|faint|p1a: Scizor\n|\n|upkeep\n|\n|switch|p1a: Zygarde|Zygarde|88\/100\n|-ability|p1a: Zygarde|Aura Break\n|turn|16\n|\n|switch|p2a: Chansey|Chansey, F|100\/100\n|move|p1a: Zygarde|Dragon Dance|p1a: Zygarde\n|-boost|p1a: Zygarde|atk|1\n|-boost|p1a: Zygarde|spe|1\n|\n|upkeep\n|turn|17\n|\n|move|p1a: Zygarde|Thousand Waves|p2a: Chansey\n|-damage|p2a: Chansey|68\/100\n|-activate|p2a: Chansey|trapped\n|move|p2a: Chansey|Toxic|p1a: Zygarde|[miss]\n|-miss|p2a: Chansey|p1a: Zygarde\n|\n|upkeep\n|turn|18\n|\n|move|p1a: Zygarde|Dragon Dance|p1a: Zygarde\n|-boost|p1a: Zygarde|atk|1\n|-boost|p1a: Zygarde|spe|1\n|move|p2a: Chansey|Toxic|p1a: Zygarde\n|-status|p1a: Zygarde|tox\n|\n|-damage|p1a: Zygarde|82\/100 tox|[from] psn\n|upkeep\n|turn|19\n|\n|move|p1a: Zygarde|Dragon Dance|p1a: Zygarde\n|-boost|p1a: Zygarde|atk|1\n|-boost|p1a: Zygarde|spe|1\n|move|p2a: Chansey|Soft-Boiled|p2a: Chansey\n|-heal|p2a: Chansey|100\/100\n|\n|-damage|p1a: Zygarde|69\/100 tox|[from] psn\n|upkeep\n|turn|20\n|\n|move|p1a: Zygarde|Dragon Dance|p1a: Zygarde\n|-boost|p1a: Zygarde|atk|1\n|-boost|p1a: Zygarde|spe|1\n|move|p2a: Chansey|Seismic Toss|p1a: Zygarde\n|-damage|p1a: Zygarde|45\/100 tox\n|\n|-damage|p1a: Zygarde|26\/100 tox|[from] psn\n|upkeep\n|turn|21\n|\n|move|p1a: Zygarde|Rest|p1a: Zygarde\n|-status|p1a: Zygarde|slp\n|-heal|p1a: Zygarde|100\/100 slp|[silent]\n|-status|p1a: Zygarde|slp|[from] move: Rest\n|-enditem|p1a: Zygarde|Chesto Berry|[eat]\n|-curestatus|p1a: Zygarde|slp|[msg]\n|move|p2a: Chansey|Soft-Boiled|p2a: Chansey\n|-fail|p2a: Chansey\n|\n|upkeep\n|turn|22\n|\n|move|p1a: Zygarde|Thousand Arrows|p2a: Chansey\n|-damage|p2a: Chansey|36\/100\n|move|p2a: Chansey|Toxic|p1a: Zygarde\n|-status|p1a: Zygarde|tox\n|\n|-damage|p1a: Zygarde|94\/100 tox|[from] psn\n|upkeep\n|turn|23\n|\n|move|p1a: Zygarde|Thousand Arrows|p2a: Chansey\n|-damage|p2a: Chansey|0\n|faint|p2a: Chansey\n|\n|-damage|p1a: Zygarde|82\/100 tox|[from] psn\n|upkeep\n|\n|switch|p2a: Gyarados|Gyarados, M|100\/100\n|turn|24\n|\n|move|p1a: Zygarde|Thousand Arrows|p2a: Gyarados\n|-damage|p2a: Gyarados|0\n|faint|p2a: Gyarados\n|\n|-damage|p1a: Zygarde|63\/100 tox|[from] psn\n|upkeep\n|-message|Del chef forfeited.\n|\n|win|radida\n|l|\u2606Del chef\n","uploadtime":1534384250,"views":1,"p1id":"radida","p2id":"delchef","formatid":"gen7ou","rating":0,"private":0,"password":null}