{"id":"gen7ou-1461825642","p1":"AquaVanilla","p2":"RipReckful","format":"gen7ou","log":"|j|\u2606AquaVanilla\n|j|\u2606RipReckful\n|inactive|Battle timer is ON: inactive players will automatically lose when time's up.\n|t:|1637991462\n|gametype|singles\n|player|p1|AquaVanilla|winona-gen6|\n|player|p2|RipReckful|clerk|\n|teamsize|p1|6\n|teamsize|p2|6\n|gen|7\n|tier|[Gen 7] OU\n|rated|Tournament battle\n|rule|Sleep Clause Mod: Limit one foe put to sleep\n|rule|Species Clause: Limit one of each Pok\u00e9mon\n|rule|OHKO Clause: OHKO moves are banned\n|rule|Moody Clause: Moody is banned\n|rule|Evasion Moves Clause: Evasion moves are banned\n|rule|Endless Battle Clause: Forcing endless battles is banned\n|rule|HP Percentage Mod: HP is shown in percentages\n|clearpoke\n|poke|p1|Alakazam, M|item\n|poke|p1|Magearna|item\n|poke|p1|Landorus-Therian, M|item\n|poke|p1|Rotom-Wash|item\n|poke|p1|Tapu Lele|item\n|poke|p1|Kartana|item\n|poke|p2|Chansey, F|item\n|poke|p2|Latios, M|item\n|poke|p2|Tapu Lele|item\n|poke|p2|Magnezone|item\n|poke|p2|Landorus-Therian, M|item\n|poke|p2|Toxapex, M|item\n|teampreview\n|inactive|RipReckful also wants the timer to be on.\n|inactive|AquaVanilla also wants the timer to be on.\n|j|@Fusien\n|j| Vkhss\n|l| Vkhss\n|c|@Fusien|Yo reckful why the team look like\n|c|@Fusien|gen 8\n|c|@Fusien|lol\n|inactive|RipReckful has 120 seconds left.\n|c|\u2606RipReckful|it actually looks real nice in gen 8\n|c|@Fusien|You got that\n|c|@Fusien|Lando pex\n|c|@Fusien|Lele\n|c|\u2606RipReckful|idk how to play this gen tho\n|inactive|RipReckful has 90 seconds left.\n|c|\u2606AquaVanilla|why is there a random ass chansey\n|c|\u2606RipReckful|idk\n|c|@Fusien|Chansey offense\n|c|@Fusien|the legends\n|j|@georgiethefirst\u25d5\u203f\u25d5\n|\n|t:|1637991541\n|start\n|switch|p1a: Rotom|Rotom-Wash|100\/100\n|switch|p2a: Toxapex|Toxapex, M|100\/100\n|turn|1\n|l|@georgiethefirst\u25d5\u203f\u25d5\n|\n|t:|1637991546\n|move|p1a: Rotom|Volt Switch|p2a: Toxapex\n|-supereffective|p2a: Toxapex\n|-damage|p2a: Toxapex|59\/100\n|c|\u2606RipReckful|if in doubt lead pex\n|\n|t:|1637991553\n|switch|p1a: Landorus|Landorus-Therian, M|100\/100|[from]move: Volt Switch\n|-ability|p1a: Landorus|Intimidate|boost\n|-unboost|p2a: Toxapex|atk|1\n|move|p2a: Toxapex|Knock Off|p1a: Landorus\n|-damage|p1a: Landorus|93\/100\n|-damage|p2a: Toxapex|42\/100|[from] item: Rocky Helmet|[of] p1a: Landorus\n|-enditem|p1a: Landorus|Rocky Helmet|[from] move: Knock Off|[of] p2a: Toxapex\n|\n|upkeep\n|turn|2\n|\n|t:|1637991567\n|switch|p2a: Landorus|Landorus-Therian, M|100\/100\n|-ability|p2a: Landorus|Intimidate|boost\n|-unboost|p1a: Landorus|atk|1\n|move|p1a: Landorus|Stealth Rock|p2a: Landorus\n|-sidestart|p2: RipReckful|move: Stealth Rock\n|\n|upkeep\n|turn|3\n|\n|t:|1637991572\n|move|p2a: Landorus|Defog|p1a: Landorus\n|-unboost|p1a: Landorus|evasion|1\n|-sideend|p2: RipReckful|Stealth Rock|[from] move: Defog|[of] p2a: Landorus\n|move|p1a: Landorus|U-turn|p2a: Landorus\n|-resisted|p2a: Landorus\n|-damage|p2a: Landorus|94\/100\n|j| Vkhss\n|\n|t:|1637991578\n|switch|p1a: Rotom|Rotom-Wash|100\/100|[from]move: U-turn\n|\n|upkeep\n|turn|4\n|\n|t:|1637991585\n|switch|p2a: Latios|Latios, M|100\/100\n|move|p1a: Rotom|Hydro Pump|p2a: Latios\n|-resisted|p2a: Latios\n|-damage|p2a: Latios|72\/100\n|\n|upkeep\n|turn|5\n|j| memesketch\n|\n|t:|1637991590\n|switch|p1a: Magearna|Magearna|100\/100\n|detailschange|p2a: Latios|Latios-Mega, M\n|-mega|p2a: Latios|Latios|Latiosite\n|move|p2a: Latios|Psychic|p1a: Magearna\n|-resisted|p1a: Magearna\n|-damage|p1a: Magearna|89\/100\n|-unboost|p1a: Magearna|spd|1\n|\n|upkeep\n|turn|6\n|j|@georgiethefirst\u25d5\u203f\u25d5\n|\n|t:|1637991595\n|move|p2a: Latios|Earthquake|p1a: Magearna\n|-supereffective|p1a: Magearna\n|-damage|p1a: Magearna|39\/100\n|move|p1a: Magearna|Volt Switch|p2a: Latios\n|-resisted|p2a: Latios\n|-damage|p2a: Latios|61\/100\n|\n|t:|1637991599\n|switch|p1a: Alakazam|Alakazam, M|100\/100|[from]move: Volt Switch\n|\n|upkeep\n|turn|7\n|\n|t:|1637991608\n|switch|p1a: Kartana|Kartana|100\/100\n|switch|p2a: Chansey|Chansey, F|100\/100\n|\n|upkeep\n|turn|8\n|\n|t:|1637991615\n|switch|p2a: Toxapex|Toxapex, M|76\/100\n|move|p1a: Kartana|Knock Off|p2a: Toxapex\n|-damage|p2a: Toxapex|47\/100\n|-damage|p1a: Kartana|84\/100|[from] item: Rocky Helmet|[of] p2a: Toxapex\n|-enditem|p2a: Toxapex|Rocky Helmet|[from] move: Knock Off|[of] p1a: Kartana\n|\n|upkeep\n|turn|9\n|\n|t:|1637991630\n|switch|p1a: Tapu Lele|Tapu Lele|100\/100\n|-fieldstart|move: Psychic Terrain|[from] ability: Psychic Surge|[of] p1a: Tapu Lele\n|switch|p2a: Tapu Lele|Tapu Lele|100\/100\n|\n|upkeep\n|turn|10\n|\n|t:|1637991642\n|move|p1a: Tapu Lele|Moonblast|p2a: Tapu Lele\n|-crit|p2a: Tapu Lele\n|-damage|p2a: Tapu Lele|0 fnt\n|faint|p2a: Tapu Lele\n|\n|upkeep\n|c|\u2606RipReckful|mannn\n|c|\u2606AquaVanilla|crits are fun\n|c|\u2606RipReckful|they r\n|l|@georgiethefirst\u25d5\u203f\u25d5\n|c|@Fusien|And you won the tie\n|inactive|RipReckful has 120 seconds left.\n|\n|t:|1637991668\n|switch|p2a: Magnezone|Magnezone|100\/100\n|turn|11\n|\n|t:|1637991671\n|switch|p1a: Landorus|Landorus-Therian, M|93\/100\n|-ability|p1a: Landorus|Intimidate|boost\n|-unboost|p2a: Magnezone|atk|1\n|switch|p2a: Toxapex|Toxapex, M|81\/100\n|\n|upkeep\n|turn|12\n|\n|t:|1637991674\n|switch|p2a: Landorus|Landorus-Therian, M|94\/100\n|-ability|p2a: Landorus|Intimidate|boost\n|-unboost|p1a: Landorus|atk|1\n|move|p1a: Landorus|Earthquake|p2a: Landorus\n|-immune|p2a: Landorus\n|\n|upkeep\n|turn|13\n|c| Vkhss|And even got the crit lol\n|\n|t:|1637991678\n|move|p2a: Landorus|U-turn|p1a: Landorus\n|-resisted|p1a: Landorus\n|-damage|p1a: Landorus|84\/100\n|\n|t:|1637991680\n|switch|p2a: Latios|Latios-Mega, M|61\/100|[from]move: U-turn\n|move|p1a: Landorus|Stealth Rock|p2a: Latios\n|-sidestart|p2: RipReckful|move: Stealth Rock\n|\n|-fieldend|move: Psychic Terrain\n|upkeep\n|turn|14\n|\n|t:|1637991686\n|switch|p1a: Tapu Lele|Tapu Lele|100\/100\n|-fieldstart|move: Psychic Terrain|[from] ability: Psychic Surge|[of] p1a: Tapu Lele\n|move|p2a: Latios|Ice Beam|p1a: Tapu Lele\n|-damage|p1a: Tapu Lele|63\/100\n|\n|upkeep\n|turn|15\n|c| memesketch|demon latios\n|\n|t:|1637991700\n|switch|p2a: Toxapex|Toxapex, M|100\/100\n|-damage|p2a: Toxapex|88\/100|[from] Stealth Rock\n|move|p1a: Tapu Lele|Psyshock|p2a: Toxapex\n|-supereffective|p2a: Toxapex\n|-damage|p2a: Toxapex|0 fnt\n|faint|p2a: Toxapex\n|\n|upkeep\n|\n|t:|1637991709\n|switch|p2a: Landorus|Landorus-Therian, M|94\/100\n|-damage|p2a: Landorus|82\/100|[from] Stealth Rock\n|-ability|p2a: Landorus|Intimidate|boost\n|-unboost|p1a: Tapu Lele|atk|1\n|turn|16\n|\n|t:|1637991711\n|switch|p1a: Landorus|Landorus-Therian, M|84\/100\n|-ability|p1a: Landorus|Intimidate|boost\n|-unboost|p2a: Landorus|atk|1\n|move|p2a: Landorus|Earthquake|p1a: Landorus\n|-immune|p1a: Landorus\n|\n|upkeep\n|turn|17\n|\n|t:|1637991714\n|move|p2a: Landorus|U-turn|p1a: Landorus\n|-resisted|p1a: Landorus\n|-damage|p1a: Landorus|78\/100\n|\n|t:|1637991715\n|switch|p2a: Latios|Latios-Mega, M|61\/100|[from]move: U-turn\n|-damage|p2a: Latios|49\/100|[from] Stealth Rock\n|move|p1a: Landorus|Hidden Power|p2a: Latios\n|-supereffective|p2a: Latios\n|-damage|p2a: Latios|21\/100\n|\n|upkeep\n|turn|18\n|\n|t:|1637991718\n|move|p2a: Latios|Recover|p2a: Latios\n|-heal|p2a: Latios|71\/100\n|move|p1a: Landorus|U-turn|p2a: Latios\n|-supereffective|p2a: Latios\n|-damage|p2a: Latios|23\/100\n|\n|t:|1637991720\n|switch|p1a: Kartana|Kartana|84\/100|[from]move: U-turn\n|\n|-fieldend|move: Psychic Terrain\n|upkeep\n|turn|19\n|\n|t:|1637991725\n|switch|p2a: Magnezone|Magnezone|100\/100\n|-damage|p2a: Magnezone|94\/100|[from] Stealth Rock\n|move|p1a: Kartana|Knock Off|p2a: Magnezone\n|-damage|p2a: Magnezone|60\/100\n|\n|upkeep\n|turn|20\n|c|\u2606AquaVanilla|fuck\n|\n|t:|1637991734\n|move|p1a: Kartana|Knock Off|p2a: Magnezone\n|-damage|p2a: Magnezone|26\/100\n|move|p2a: Magnezone|Hidden Power|p1a: Kartana\n|-supereffective|p1a: Kartana\n|-damage|p1a: Kartana|0 fnt\n|faint|p1a: Kartana\n|\n|upkeep\n|c| memesketch|kartK\n|c|\u2606RipReckful|i think u just win ngl\n|c|\u2606RipReckful|isnt zam like broken\n|inactive|AquaVanilla has 120 seconds left.\n|c|\u2606AquaVanilla|ye but chansey\n|\n|t:|1637991777\n|switch|p1a: Landorus|Landorus-Therian, M|78\/100\n|-ability|p1a: Landorus|Intimidate|boost\n|-unboost|p2a: Magnezone|atk|1\n|turn|21\n|\n|t:|1637991791\n|move|p1a: Landorus|Earthquake|p2a: Magnezone\n|-supereffective|p2a: Magnezone\n|-crit|p2a: Magnezone\n|-damage|p2a: Magnezone|0 fnt\n|faint|p2a: Magnezone\n|\n|upkeep\n|\n|t:|1637991794\n|switch|p2a: Landorus|Landorus-Therian, M|82\/100\n|-damage|p2a: Landorus|69\/100|[from] Stealth Rock\n|-ability|p2a: Landorus|Intimidate|boost\n|-unboost|p1a: Landorus|atk|1\n|turn|22\n|\n|t:|1637991796\n|move|p2a: Landorus|Defog|p1a: Landorus\n|-unboost|p1a: Landorus|evasion|1\n|-sideend|p2: RipReckful|Stealth Rock|[from] move: Defog|[of] p2a: Landorus\n|move|p1a: Landorus|Hidden Power|p2a: Landorus\n|-supereffective|p2a: Landorus\n|-damage|p2a: Landorus|10\/100\n|-enditem|p2a: Landorus|Figy Berry|[eat]\n|-heal|p2a: Landorus|60\/100|[from] item: Figy Berry\n|\n|upkeep\n|turn|23\n|j| Amigento1958\n|\n|t:|1637991803\n|move|p2a: Landorus|U-turn|p1a: Landorus\n|-resisted|p1a: Landorus\n|-damage|p1a: Landorus|68\/100\n|\n|t:|1637991804\n|switch|p2a: Chansey|Chansey, F|100\/100|[from]move: U-turn\n|move|p1a: Landorus|Stealth Rock|p2a: Chansey\n|-sidestart|p2: RipReckful|move: Stealth Rock\n|\n|upkeep\n|turn|24\n|\n|t:|1637991807\n|move|p1a: Landorus|U-turn|p2a: Chansey\n|-damage|p2a: Chansey|91\/100\n|\n|t:|1637991813\n|switch|p1a: Tapu Lele|Tapu Lele|63\/100|[from]move: U-turn\n|-fieldstart|move: Psychic Terrain|[from] ability: Psychic Surge|[of] p1a: Tapu Lele\n|move|p2a: Chansey|Stealth Rock|p1a: Tapu Lele\n|-sidestart|p1: AquaVanilla|move: Stealth Rock\n|\n|upkeep\n|turn|25\n|\n|t:|1637991818\n|move|p1a: Tapu Lele|Psyshock|p2a: Chansey\n|-crit|p2a: Chansey\n|-damage|p2a: Chansey|0 fnt\n|faint|p2a: Chansey\n|\n|upkeep\n|c|\u2606AquaVanilla|nvm\n|c|\u2606AquaVanilla|gg\n|c|\u2606RipReckful|lol\n|c| memesketch|this lele\n|c|\u2606RipReckful|gg\n|c| memesketch|just keeps on critting\n|c|\u2606AquaVanilla|trained lele\n|c|\u2606RipReckful|yeah on the worst turns as well\n|\n|t:|1637991834\n|switch|p2a: Landorus|Landorus-Therian, M|60\/100\n|-damage|p2a: Landorus|47\/100|[from] Stealth Rock\n|-ability|p2a: Landorus|Intimidate|boost\n|-unboost|p1a: Tapu Lele|atk|1\n|turn|26\n|c| memesketch|bro he definitely brought this shit to\n|c| memesketch|pokemon refresh\n|\n|t:|1637991848\n|move|p1a: Tapu Lele|Psyshock|p2a: Landorus\n|-damage|p2a: Landorus|0 fnt\n|faint|p2a: Landorus\n|\n|upkeep\n|\n|t:|1637991850\n|switch|p2a: Latios|Latios-Mega, M|23\/100\n|-damage|p2a: Latios|11\/100|[from] Stealth Rock\n|turn|27\n|\n|t:|1637991853\n|switch|p1a: Alakazam|Alakazam, M|100\/100\n|move|p2a: Latios|Psychic|p1a: Alakazam\n|-resisted|p1a: Alakazam\n|-damage|p1a: Alakazam|63\/100\n|\n|upkeep\n|turn|28\n|c| memesketch|\"lele crit so you'd be happy!\"\n|\n|t:|1637991857\n|detailschange|p1a: Alakazam|Alakazam-Mega, M\n|-mega|p1a: Alakazam|Alakazam|Alakazite\n|-ability|p1a: Alakazam|Levitate|[from] ability: Trace|[of] p2a: Latios\n|move|p1a: Alakazam|Energy Ball|p2a: Latios\n|-resisted|p2a: Latios\n|-damage|p2a: Latios|0 fnt\n|faint|p2a: Latios\n|\n|win|AquaVanilla\n|n|\u2606AquaVanilla|aquavanilla\n|n|\u2606RipReckful|ripreckful\n|n| Fusien|fusien\n|n| Vkhss|vkhss\n|n| memesketch|memesketch\n|n| Amigento1958|amigento1958\n|l|\u2606AquaVanilla\n|l| Amigento1958\n|l| memesketch\n","uploadtime":1637991932,"views":12,"p1id":"aquavanilla","p2id":"ripreckful","formatid":"gen7ou","rating":0,"private":0,"password":null}