{"id":"gen7ou-1183271353","p1":"Drazytox","p2":"Shardul888","format":"gen7ou","log":"|j|\u2606Drazytox\n|j|\u2606Shardul888\n|t:|1599569272\n|player|p1|Drazytox|shadowtriad|1599\n|player|p2|Shardul888|palmer|1709\n|teamsize|p1|6\n|teamsize|p2|6\n|gametype|singles\n|gen|7\n|tier|[Gen 7] OU\n|rated|\n|clearpoke\n|poke|p1|Heliolisk, F|item\n|poke|p1|Gallade, M|item\n|poke|p1|Gyarados, M|item\n|poke|p1|Rotom-Wash|item\n|poke|p1|Magearna|item\n|poke|p1|Clefable, M|item\n|poke|p2|Venusaur, M|item\n|poke|p2|Dragonite, M|item\n|poke|p2|Magearna|item\n|poke|p2|Toxapex, F|item\n|poke|p2|Gliscor, M|item\n|poke|p2|Entei|item\n|rule|Sleep Clause Mod: Limit one foe put to sleep\n|rule|Species Clause: Limit one of each Pok\u00e9mon\n|rule|OHKO Clause: OHKO moves are banned\n|rule|Moody Clause: Moody is banned\n|rule|Evasion Moves Clause: Evasion moves are banned\n|rule|Endless Battle Clause: Forcing endless battles is banned\n|rule|HP Percentage Mod: HP is shown in percentages\n|teampreview\n|inactive|Battle timer is ON: inactive players will automatically lose when time's up. (requested by Shardul888)\n|j| jrcxr\n|inactive|Drazytox has 120 seconds left.\n|\n|t:|1599569318\n|start\n|switch|p1a: Heliolisk|Heliolisk, F, shiny|100\/100\n|switch|p2a: Wonder Woman|Magearna|100\/100\n|turn|1\n|\n|t:|1599569324\n|switch|p2a: Spiderman|Gliscor, M|100\/100\n|move|p1a: Heliolisk|Volt Switch|p2a: Spiderman\n|-immune|p2a: Spiderman\n|\n|-status|p2a: Spiderman|tox|[from] item: Toxic Orb\n|upkeep\n|turn|2\n|\n|t:|1599569332\n|switch|p1a: Rotom|Rotom-Wash|100\/100\n|move|p2a: Spiderman|Knock Off|p1a: Rotom\n|-damage|p1a: Rotom|84\/100\n|-enditem|p1a: Rotom|Iapapa Berry|[from] move: Knock Off|[of] p2a: Spiderman\n|\n|upkeep\n|turn|3\n|\n|t:|1599569339\n|move|p2a: Spiderman|Toxic|p1a: Rotom\n|-status|p1a: Rotom|tox\n|move|p1a: Rotom|Hydro Pump|p2a: Spiderman\n|-supereffective|p2a: Spiderman\n|-damage|p2a: Spiderman|6\/100 tox\n|\n|-heal|p2a: Spiderman|19\/100 tox|[from] ability: Poison Heal\n|-damage|p1a: Rotom|78\/100 tox|[from] psn\n|upkeep\n|turn|4\n|\n|t:|1599569352\n|move|p2a: Spiderman|Protect|p2a: Spiderman\n|-singleturn|p2a: Spiderman|Protect\n|move|p1a: Rotom|Volt Switch|p2a: Spiderman\n|-activate|p2a: Spiderman|move: Protect\n|\n|-heal|p2a: Spiderman|31\/100 tox|[from] ability: Poison Heal\n|-damage|p1a: Rotom|66\/100 tox|[from] psn\n|upkeep\n|turn|5\n|\n|t:|1599569362\n|switch|p2a: Black Widow|Toxapex, F, shiny|100\/100\n|move|p1a: Rotom|Hydro Pump|p2a: Black Widow|[miss]\n|-miss|p1a: Rotom|p2a: Black Widow\n|\n|-damage|p1a: Rotom|47\/100 tox|[from] psn\n|upkeep\n|turn|6\n|\n|t:|1599569370\n|switch|p2a: Spiderman|Gliscor, M|31\/100 tox\n|move|p1a: Rotom|Volt Switch|p2a: Spiderman\n|-immune|p2a: Spiderman\n|\n|-heal|p2a: Spiderman|43\/100 tox|[from] ability: Poison Heal\n|-damage|p1a: Rotom|22\/100 tox|[from] psn\n|upkeep\n|turn|7\n|\n|t:|1599569389\n|switch|p1a: Cancer|Clefable, M|100\/100\n|move|p2a: Spiderman|Protect||[still]\n|-fail|p2a: Spiderman\n|\n|-heal|p2a: Spiderman|56\/100 tox|[from] ability: Poison Heal\n|upkeep\n|turn|8\n|\n|t:|1599569397\n|move|p2a: Spiderman|Protect|p2a: Spiderman\n|-singleturn|p2a: Spiderman|Protect\n|move|p1a: Cancer|Moonblast|p2a: Spiderman\n|-activate|p2a: Spiderman|move: Protect\n|\n|-heal|p2a: Spiderman|68\/100 tox|[from] ability: Poison Heal\n|upkeep\n|turn|9\n|\n|t:|1599569405\n|switch|p2a: Captain America|Venusaur, M|100\/100\n|move|p1a: Cancer|Stealth Rock|p2a: Captain America\n|-sidestart|p2: Shardul888|move: Stealth Rock\n|\n|upkeep\n|turn|10\n|\n|t:|1599569417\n|switch|p1a: Colin|Gyarados, M, shiny|100\/100\n|detailschange|p2a: Captain America|Venusaur-Mega, M\n|-mega|p2a: Captain America|Venusaur|Venusaurite\n|move|p2a: Captain America|Leech Seed|p1a: Colin\n|-start|p1a: Colin|move: Leech Seed\n|\n|-damage|p1a: Colin|88\/100|[from] Leech Seed|[of] p2a: Captain America\n|upkeep\n|turn|11\n|\n|t:|1599569428\n|move|p1a: Colin|Dragon Dance|p1a: Colin\n|-boost|p1a: Colin|atk|1\n|-boost|p1a: Colin|spe|1\n|move|p2a: Captain America|Sludge Bomb|p1a: Colin\n|-damage|p1a: Colin|50\/100\n|\n|-damage|p1a: Colin|38\/100|[from] Leech Seed|[of] p2a: Captain America\n|upkeep\n|turn|12\n|\n|t:|1599569437\n|switch|p2a: Black Widow|Toxapex, F, shiny|100\/100\n|-damage|p2a: Black Widow|88\/100|[from] Stealth Rock\n|-zpower|p1a: Colin\n|move|p1a: Colin|Supersonic Skystrike|p2a: Black Widow|[zeffect]\n|-damage|p2a: Black Widow|4\/100\n|\n|-heal|p2a: Black Widow|10\/100|[from] item: Black Sludge\n|-damage|p1a: Colin|25\/100|[from] Leech Seed|[of] p2a: Black Widow\n|-heal|p2a: Black Widow|24\/100|[silent]\n|upkeep\n|turn|13\n|l| jrcxr\n|\n|t:|1599569450\n|move|p2a: Black Widow|Baneful Bunker|p2a: Black Widow\n|-singleturn|p2a: Black Widow|move: Protect\n|move|p1a: Colin|Earthquake|p2a: Black Widow\n|-activate|p2a: Black Widow|move: Protect\n|\n|-heal|p2a: Black Widow|30\/100|[from] item: Black Sludge\n|-damage|p1a: Colin|13\/100|[from] Leech Seed|[of] p2a: Black Widow\n|-heal|p2a: Black Widow|44\/100|[silent]\n|upkeep\n|turn|14\n|\n|t:|1599569459\n|move|p2a: Black Widow|Baneful Bunker||[still]\n|-fail|p2a: Black Widow\n|move|p1a: Colin|Waterfall|p2a: Black Widow\n|-resisted|p2a: Black Widow\n|-damage|p2a: Black Widow|24\/100\n|\n|-heal|p2a: Black Widow|30\/100|[from] item: Black Sludge\n|-damage|p1a: Colin|0 fnt|[from] Leech Seed|[of] p2a: Black Widow\n|-heal|p2a: Black Widow|44\/100|[silent]\n|faint|p1a: Colin\n|upkeep\n|\n|t:|1599569468\n|switch|p1a: Gallade|Gallade, M, shiny|100\/100\n|turn|15\n|\n|t:|1599569472\n|switch|p2a: Spiderman|Gliscor, M|68\/100 tox\n|-damage|p2a: Spiderman|56\/100 tox|[from] Stealth Rock\n|move|p1a: Gallade|Swords Dance|p1a: Gallade\n|-boost|p1a: Gallade|atk|2\n|\n|-heal|p2a: Spiderman|68\/100 tox|[from] ability: Poison Heal\n|upkeep\n|turn|16\n|\n|t:|1599569482\n|detailschange|p1a: Gallade|Gallade-Mega, M, shiny\n|-mega|p1a: Gallade|Gallade|Galladite\n|move|p2a: Spiderman|Protect|p2a: Spiderman\n|-singleturn|p2a: Spiderman|Protect\n|move|p1a: Gallade|Leaf Blade|p2a: Spiderman\n|-activate|p2a: Spiderman|move: Protect\n|\n|-heal|p2a: Spiderman|80\/100 tox|[from] ability: Poison Heal\n|upkeep\n|turn|17\n|\n|t:|1599569495\n|move|p1a: Gallade|Zen Headbutt|p2a: Spiderman\n|-damage|p2a: Spiderman|14\/100 tox\n|move|p2a: Spiderman|Defog|p1a: Gallade\n|-unboost|p1a: Gallade|evasion|1\n|-sideend|p2: Shardul888|Stealth Rock|[from] move: Defog|[of] p2a: Spiderman\n|\n|-heal|p2a: Spiderman|27\/100 tox|[from] ability: Poison Heal\n|upkeep\n|turn|18\n|\n|t:|1599569504\n|move|p2a: Spiderman|Protect|p2a: Spiderman\n|-singleturn|p2a: Spiderman|Protect\n|move|p1a: Gallade|Swords Dance|p1a: Gallade\n|-boost|p1a: Gallade|atk|2\n|\n|-heal|p2a: Spiderman|39\/100 tox|[from] ability: Poison Heal\n|upkeep\n|turn|19\n|\n|t:|1599569512\n|switch|p2a: Black Widow|Toxapex, F, shiny|77\/100\n|move|p1a: Gallade|Zen Headbutt|p2a: Black Widow\n|-supereffective|p2a: Black Widow\n|-damage|p2a: Black Widow|0 fnt\n|faint|p2a: Black Widow\n|\n|upkeep\n|\n|t:|1599569520\n|switch|p2a: Superman|Dragonite, M|100\/100\n|turn|20\n|\n|t:|1599569526\n|switch|p1a: Cancer|Clefable, M|100\/100\n|-zpower|p2a: Superman\n|move|p2a: Superman|Inferno Overdrive|p1a: Cancer|[zeffect]\n|-damage|p1a: Cancer|57\/100\n|\n|-heal|p1a: Cancer|63\/100|[from] item: Leftovers\n|upkeep\n|turn|21\n|\n|t:|1599569537\n|switch|p2a: Spiderman|Gliscor, M|39\/100 tox\n|move|p1a: Cancer|Stealth Rock|p2a: Spiderman\n|-sidestart|p2: Shardul888|move: Stealth Rock\n|\n|-heal|p1a: Cancer|69\/100|[from] item: Leftovers\n|-heal|p2a: Spiderman|51\/100 tox|[from] ability: Poison Heal\n|upkeep\n|turn|22\n|\n|t:|1599569547\n|move|p2a: Spiderman|Protect|p2a: Spiderman\n|-singleturn|p2a: Spiderman|Protect\n|move|p1a: Cancer|Wish|p1a: Cancer\n|\n|-heal|p1a: Cancer|75\/100|[from] item: Leftovers\n|-heal|p2a: Spiderman|63\/100 tox|[from] ability: Poison Heal\n|upkeep\n|turn|23\n|\n|t:|1599569555\n|switch|p1a: Rotom|Rotom-Wash|22\/100 tox\n|move|p2a: Spiderman|Knock Off|p1a: Rotom\n|-damage|p1a: Rotom|11\/100 tox\n|\n|-heal|p1a: Rotom|75\/100 tox|[from] move: Wish|[wisher] Cancer\n|-heal|p2a: Spiderman|76\/100 tox|[from] ability: Poison Heal\n|-damage|p1a: Rotom|69\/100 tox|[from] psn\n|upkeep\n|turn|24\n|\n|t:|1599569567\n|switch|p1a: Heliolisk|Heliolisk, F, shiny|100\/100\n|move|p2a: Spiderman|Protect||[still]\n|-fail|p2a: Spiderman\n|\n|-heal|p2a: Spiderman|88\/100 tox|[from] ability: Poison Heal\n|upkeep\n|turn|25\n|j| Hyhzxdy\n|\n|t:|1599569575\n|move|p1a: Heliolisk|Surf|p2a: Spiderman\n|-supereffective|p2a: Spiderman\n|-damage|p2a: Spiderman|0 fnt\n|faint|p2a: Spiderman\n|\n|upkeep\n|\n|t:|1599569580\n|switch|p2a: Captain America|Venusaur-Mega, M|100\/100\n|-damage|p2a: Captain America|88\/100|[from] Stealth Rock\n|turn|26\n|\n|t:|1599569589\n|switch|p1a: Rotom|Rotom-Wash|69\/100 tox\n|move|p2a: Captain America|Leech Seed|p1a: Rotom\n|-start|p1a: Rotom|move: Leech Seed\n|\n|-damage|p1a: Rotom|57\/100 tox|[from] Leech Seed|[of] p2a: Captain America\n|-heal|p2a: Captain America|99\/100|[silent]\n|-damage|p1a: Rotom|50\/100 tox|[from] psn\n|upkeep\n|turn|27\n|\n|t:|1599569597\n|move|p1a: Rotom|Volt Switch|p2a: Captain America\n|-resisted|p2a: Captain America\n|-crit|p2a: Captain America\n|-damage|p2a: Captain America|86\/100\n|\n|t:|1599569601\n|switch|p1a: Magearna|Magearna|100\/100|[from]move: Volt Switch\n|move|p2a: Captain America|Giga Drain|p1a: Magearna\n|-resisted|p1a: Magearna\n|-damage|p1a: Magearna|94\/100\n|-heal|p2a: Captain America|89\/100|[from] drain|[of] p1a: Magearna\n|\n|upkeep\n|turn|28\n|\n|t:|1599569610\n|move|p2a: Captain America|Leech Seed|p1a: Magearna\n|-start|p1a: Magearna|move: Leech Seed\n|move|p1a: Magearna|Volt Switch|p2a: Captain America\n|-resisted|p2a: Captain America\n|-damage|p2a: Captain America|82\/100\n|\n|t:|1599569615\n|switch|p1a: Gallade|Gallade-Mega, M, shiny|100\/100|[from]move: Volt Switch\n|\n|upkeep\n|turn|29\n|\n|t:|1599569620\n|switch|p2a: Wonder Woman|Magearna|100\/100\n|-damage|p2a: Wonder Woman|94\/100|[from] Stealth Rock\n|move|p1a: Gallade|Zen Headbutt|p2a: Wonder Woman\n|-resisted|p2a: Wonder Woman\n|-damage|p2a: Wonder Woman|74\/100\n|\n|upkeep\n|turn|30\n|\n|t:|1599569629\n|switch|p1a: Magearna|Magearna|94\/100\n|move|p2a: Wonder Woman|Flash Cannon|p1a: Magearna\n|-damage|p1a: Magearna|78\/100\n|-unboost|p1a: Magearna|spd|1\n|\n|upkeep\n|turn|31\n|\n|t:|1599569636\n|move|p2a: Wonder Woman|Flash Cannon|p1a: Magearna\n|-damage|p1a: Magearna|53\/100\n|move|p1a: Magearna|Volt Switch|p2a: Wonder Woman\n|-damage|p2a: Wonder Woman|59\/100\n|\n|t:|1599569640\n|switch|p1a: Heliolisk|Heliolisk, F, shiny|100\/100|[from]move: Volt Switch\n|\n|upkeep\n|turn|32\n|\n|t:|1599569645\n|move|p1a: Heliolisk|Volt Switch|p2a: Wonder Woman\n|-crit|p2a: Wonder Woman\n|-damage|p2a: Wonder Woman|4\/100\n|-enditem|p2a: Wonder Woman|Aguav Berry|[eat]\n|-heal|p2a: Wonder Woman|54\/100|[from] item: Aguav Berry\n|\n|t:|1599569650\n|switch|p1a: Magearna|Magearna|53\/100|[from]move: Volt Switch\n|move|p2a: Wonder Woman|Ice Beam|p1a: Magearna\n|-resisted|p1a: Magearna\n|-damage|p1a: Magearna|48\/100\n|\n|upkeep\n|turn|33\n|\n|t:|1599569657\n|move|p2a: Wonder Woman|Flash Cannon|p1a: Magearna\n|-damage|p1a: Magearna|34\/100\n|move|p1a: Magearna|Volt Switch|p2a: Wonder Woman\n|-damage|p2a: Wonder Woman|38\/100\n|\n|t:|1599569661\n|switch|p1a: Heliolisk|Heliolisk, F, shiny|100\/100|[from]move: Volt Switch\n|\n|upkeep\n|turn|34\n|\n|t:|1599569668\n|move|p1a: Heliolisk|Thunderbolt|p2a: Wonder Woman\n|-damage|p2a: Wonder Woman|0 fnt\n|faint|p2a: Wonder Woman\n|\n|upkeep\n|\n|t:|1599569677\n|switch|p2a: Captain America|Venusaur-Mega, M|82\/100\n|-damage|p2a: Captain America|70\/100|[from] Stealth Rock\n|turn|35\n|\n|t:|1599569695\n|switch|p1a: Magearna|Magearna|34\/100\n|move|p2a: Captain America|Giga Drain|p1a: Magearna\n|-resisted|p1a: Magearna\n|-damage|p1a: Magearna|27\/100\n|-heal|p2a: Captain America|74\/100|[from] drain|[of] p1a: Magearna\n|\n|upkeep\n|turn|36\n|\n|t:|1599569702\n|move|p2a: Captain America|Synthesis|p2a: Captain America\n|-heal|p2a: Captain America|100\/100\n|move|p1a: Magearna|Volt Switch|p2a: Captain America\n|-resisted|p2a: Captain America\n|-damage|p2a: Captain America|94\/100\n|\n|t:|1599569707\n|switch|p1a: Gallade|Gallade-Mega, M, shiny|100\/100|[from]move: Volt Switch\n|\n|upkeep\n|turn|37\n|\n|t:|1599569712\n|switch|p2a: Thor|Entei, shiny|100\/100\n|-damage|p2a: Thor|75\/100|[from] Stealth Rock\n|-ability|p2a: Thor|Pressure\n|move|p1a: Gallade|Zen Headbutt|p2a: Thor\n|-damage|p2a: Thor|34\/100\n|\n|upkeep\n|turn|38\n|\n|t:|1599569721\n|move|p1a: Gallade|Close Combat|p2a: Thor\n|-damage|p2a: Thor|0 fnt\n|-unboost|p1a: Gallade|def|1\n|-unboost|p1a: Gallade|spd|1\n|faint|p2a: Thor\n|\n|upkeep\n|\n|t:|1599569728\n|switch|p2a: Superman|Dragonite, M|100\/100\n|-damage|p2a: Superman|76\/100|[from] Stealth Rock\n|turn|39\n|\n|t:|1599569735\n|switch|p1a: Cancer|Clefable, M|75\/100\n|move|p2a: Superman|Dragon Dance|p2a: Superman\n|-boost|p2a: Superman|atk|1\n|-boost|p2a: Superman|spe|1\n|\n|-heal|p1a: Cancer|81\/100|[from] item: Leftovers\n|upkeep\n|turn|40\n|-message|Shardul888 forfeited.\n|\n|win|Drazytox\n|l|\u2606Shardul888\n|raw|Drazytox's rating: 1599 &rarr; <strong>1624<\/strong><br \/>(+25 for winning)\n|raw|Shardul888's rating: 1692 &rarr; <strong>1667<\/strong><br \/>(-25 for losing)\n","uploadtime":1599569747,"views":5,"p1id":"drazytox","p2id":"shardul888","formatid":"gen7ou","rating":1624,"private":0,"password":null}