{"id":"gen7ou-700548089","p1":"Toxabelle","p2":"thomas888","format":"gen7ou","log":"|j|\u2606Toxabelle\n|j|\u2606thomas888\n|player|p1|Toxabelle|101\n|player|p2|thomas888|222\n|teamsize|p1|6\n|teamsize|p2|6\n|gametype|singles\n|gen|7\n|tier|[Gen 7] OU\n|rated|Tournament battle\n|rule|Sleep Clause Mod: Limit one foe put to sleep\n|rule|Species Clause: Limit one of each Pok\u00e9mon\n|rule|OHKO Clause: OHKO moves are banned\n|rule|Moody Clause: Moody is banned\n|rule|Evasion Moves Clause: Evasion moves are banned\n|rule|Endless Battle Clause: Forcing endless battles is banned\n|rule|HP Percentage Mod: HP is shown in percentages\n|clearpoke\n|poke|p1|Scizor, M|item\n|poke|p1|Greninja, M|item\n|poke|p1|Gengar, M|item\n|poke|p1|Blacephalon|item\n|poke|p1|Mimikyu, F|item\n|poke|p1|Landorus-Therian, M|item\n|poke|p2|Skarmory, M|item\n|poke|p2|Garchomp, M|item\n|poke|p2|Tapu Lele|item\n|poke|p2|Alakazam, F|item\n|poke|p2|Greninja, M|item\n|poke|p2|Hawlucha, F|item\n|teampreview\n|inactive|Battle timer is ON: inactive players will automatically lose when time's up. (requested by Toxabelle)\n|\n|start\n|switch|p1a: Gengar|Gengar, M|100\/100\n|switch|p2a: Skarmory|Skarmory, M|100\/100\n|turn|1\n|\n|move|p1a: Gengar|Taunt|p2a: Skarmory\n|-start|p2a: Skarmory|move: Taunt\n|-enditem|p2a: Skarmory|Mental Herb\n|-end|p2a: Skarmory|move: Taunt\n|move|p2a: Skarmory|Stealth Rock|p1a: Gengar\n|-sidestart|p1: Toxabelle|move: Stealth Rock\n|\n|upkeep\n|turn|2\n|\n|move|p1a: Gengar|Shadow Ball|p2a: Skarmory\n|-damage|p2a: Skarmory|46\/100\n|move|p2a: Skarmory|Spikes|p1a: Gengar\n|-sidestart|p1: Toxabelle|Spikes\n|\n|upkeep\n|turn|3\n|j| henrinou\n|\n|switch|p2a: Greninja|Greninja, M|100\/100\n|move|p1a: Gengar|Shadow Ball|p2a: Greninja\n|-resisted|p2a: Greninja\n|-damage|p2a: Greninja|70\/100\n|\n|upkeep\n|turn|4\n|j| Ayoukoo\n|\n|move|p2a: Greninja|U-turn|p1a: Gengar\n|-start|p2a: Greninja|typechange|Bug|[from] Protean\n|-resisted|p1a: Gengar\n|-damage|p1a: Gengar|85\/100\n|-start|p2a: Greninja|Disable|U-turn|[from] ability: Cursed Body|[of] p1a: Gengar\n|\n|switch|p2a: Alakazam|Alakazam, F|100\/100\n|move|p1a: Gengar|Focus Blast|p2a: Alakazam|[miss]\n|-miss|p1a: Gengar|p2a: Alakazam\n|\n|upkeep\n|turn|5\n|\n|switch|p1a: Greninja|Greninja, M|100\/100\n|-damage|p1a: Greninja|88\/100|[from] Spikes\n|-damage|p1a: Greninja|76\/100|[from] Stealth Rock\n|-mega|p2a: Alakazam|Alakazam|Alakazite\n|detailschange|p2a: Alakazam|Alakazam-Mega, F\n|move|p2a: Alakazam|Psychic|p1a: Greninja\n|-immune|p1a: Greninja|[msg]\n|\n|upkeep\n|turn|6\n|\n|move|p2a: Alakazam|Focus Blast|p1a: Greninja\n|-supereffective|p1a: Greninja\n|-damage|p1a: Greninja|0 fnt\n|faint|p1a: Greninja\n|\n|upkeep\n|\n|switch|p1a: Landorus|Landorus-Therian, M|100\/100\n|-ability|p2a: Alakazam|Intimidate|[from] ability: Trace|[of] p1a: Landorus\n|-ability|p2a: Alakazam|Intimidate|boost\n|-unboost|p1a: Landorus|atk|1\n|-damage|p1a: Landorus|88\/100|[from] Stealth Rock\n|-ability|p1a: Landorus|Intimidate|boost\n|-unboost|p2a: Alakazam|atk|1\n|turn|7\n|\n|move|p2a: Alakazam|Psychic|p1a: Landorus\n|-damage|p1a: Landorus|14\/100\n|move|p1a: Landorus|Stealth Rock|p2a: Alakazam\n|-sidestart|p2: thomas888|move: Stealth Rock\n|\n|upkeep\n|turn|8\n|\n|switch|p1a: Scizor|Scizor, M|100\/100\n|-damage|p1a: Scizor|88\/100|[from] Spikes\n|-damage|p1a: Scizor|76\/100|[from] Stealth Rock\n|move|p2a: Alakazam|Psychic|p1a: Scizor\n|-resisted|p1a: Scizor\n|-damage|p1a: Scizor|45\/100\n|\n|upkeep\n|turn|9\n|\n|-mega|p1a: Scizor|Scizor|Scizorite\n|detailschange|p1a: Scizor|Scizor-Mega, M\n|move|p2a: Alakazam|Focus Blast|p1a: Scizor\n|-damage|p1a: Scizor|0 fnt\n|faint|p1a: Scizor\n|\n|upkeep\n|c|\u2606Toxabelle|wtf\n|\n|switch|p1a: Mimikyu|Mimikyu, F|100\/100\n|-damage|p1a: Mimikyu|88\/100|[from] Spikes\n|-damage|p1a: Mimikyu|76\/100|[from] Stealth Rock\n|turn|10\n|c| henrinou|gg\n|\n|move|p2a: Alakazam|Shadow Ball|p1a: Mimikyu\n|-activate|p1a: Mimikyu|ability: Disguise\n|-damage|p1a: Mimikyu|76\/100\n|detailschange|p1a: Mimikyu|Mimikyu-Busted, F\n|-enditem|p1a: Mimikyu|Red Card|[of] p2a: Alakazam\n|drag|p2a: Garchomp|Garchomp, M|100\/100\n|-damage|p2a: Garchomp|94\/100|[from] Stealth Rock\n|move|p1a: Mimikyu|Swords Dance|p1a: Mimikyu\n|-boost|p1a: Mimikyu|atk|2\n|\n|upkeep\n|turn|11\n|\n|move|p2a: Garchomp|Earthquake|p1a: Mimikyu\n|-damage|p1a: Mimikyu|0 fnt\n|faint|p1a: Mimikyu\n|\n|upkeep\n|c|\u2606Toxabelle|fuck focus blast\n|inactive|Toxabelle has 135 seconds left.\n|c| henrinou|manifique combat\n|-message|Toxabelle forfeited.\n|\n|win|thomas888\n","inputlog":null,"uploadtime":1518025233,"views":354,"p1id":"toxabelle","p2id":"thomas888","formatid":"gen7ou","rating":0,"private":0,"password":null}