{"id":"gen7ou-824662517","p1":"Mathwhiz79","p2":"CarlyBae","format":"gen7ou","log":"|raw|<div class=\"broadcast-red\"><strong>This battle is invite-only!<\/strong><br \/>Users must be rank + or invited with <code>\/invite<\/code> to join<\/div>\n|j|\u2606Mathwhiz79\n|j|\u2606CarlyBae\n|player|p1|Mathwhiz79|267\n|player|p2|CarlyBae|138\n|teamsize|p1|6\n|teamsize|p2|6\n|gametype|singles\n|gen|7\n|tier|[Gen 7] OU\n|rated|\n|rule|Sleep Clause Mod: Limit one foe put to sleep\n|rule|Species Clause: Limit one of each Pok\u00e9mon\n|rule|OHKO Clause: OHKO moves are banned\n|rule|Moody Clause: Moody is banned\n|rule|Evasion Moves Clause: Evasion moves are banned\n|rule|Endless Battle Clause: Forcing endless battles is banned\n|rule|HP Percentage Mod: HP is shown in percentages\n|clearpoke\n|poke|p1|Tyrantrum, M|item\n|poke|p1|Tapu Koko|item\n|poke|p1|Scizor, M|item\n|poke|p1|Landorus-Therian, M|item\n|poke|p1|Blacephalon|item\n|poke|p1|Tangrowth, M|item\n|poke|p2|Stakataka|item\n|poke|p2|Cresselia, F|item\n|poke|p2|Magearna|item\n|poke|p2|Crawdaunt, M|item\n|poke|p2|Camerupt, M|item\n|poke|p2|Azumarill, M|item\n|teampreview\n|\n|start\n|switch|p1a: Blacephalon|Blacephalon|100\/100\n|switch|p2a: Cresselia|Cresselia, F|100\/100\n|turn|1\n|inactive|Battle timer is ON: inactive players will automatically lose when time's up. (requested by Mathwhiz79)\n|\n|switch|p2a: Azumarill|Azumarill, M|100\/100\n|move|p1a: Blacephalon|Shadow Ball|p2a: Azumarill\n|-damage|p2a: Azumarill|27\/100\n|\n|upkeep\n|turn|2\n|\n|switch|p1a: Tangrowth|Tangrowth, M|100\/100\n|move|p2a: Azumarill|Knock Off|p1a: Tangrowth\n|-damage|p1a: Tangrowth|60\/100\n|-enditem|p1a: Tangrowth|Assault Vest|[from] move: Knock Off|[of] p2a: Azumarill\n|\n|upkeep\n|turn|3\n|\n|switch|p1a: Blacephalon|Blacephalon|100\/100\n|switch|p2a: Camerupt|Camerupt, M|100\/100\n|\n|upkeep\n|turn|4\n|\n|switch|p1a: Landorus|Landorus-Therian, M|100\/100\n|-ability|p1a: Landorus|Intimidate|boost\n|-unboost|p2a: Camerupt|atk|1\n|detailschange|p2a: Camerupt|Camerupt-Mega, M\n|-mega|p2a: Camerupt|Camerupt|Cameruptite\n|move|p2a: Camerupt|Hidden Power|p1a: Landorus\n|-supereffective|p1a: Landorus\n|-damage|p1a: Landorus|0 fnt\n|faint|p1a: Landorus\n|\n|upkeep\n|\n|switch|p1a: Tyrantrum|Tyrantrum, M|100\/100\n|turn|5\n|\n|switch|p2a: Stakataka|Stakataka|100\/100\n|-item|p2a: Stakataka|Air Balloon\n|move|p1a: Tyrantrum|Head Smash|p2a: Stakataka\n|-resisted|p2a: Stakataka\n|-crit|p2a: Stakataka\n|-damage|p2a: Stakataka|43\/100\n|-enditem|p2a: Stakataka|Air Balloon\n|\n|upkeep\n|turn|6\n|\n|switch|p1a: Tangrowth|Tangrowth, M|94\/100\n|move|p2a: Stakataka|Trick Room|p2a: Stakataka\n|-fieldstart|move: Trick Room|[of] p2a: Stakataka\n|\n|upkeep\n|turn|7\n|\n|switch|p2a: Camerupt|Camerupt-Mega, M|100\/100\n|move|p1a: Tangrowth|Earthquake|p2a: Camerupt\n|-supereffective|p2a: Camerupt\n|-damage|p2a: Camerupt|57\/100\n|\n|upkeep\n|turn|8\n|\n|switch|p1a: Tyrantrum|Tyrantrum, M|100\/100\n|move|p2a: Camerupt|Earth Power|p1a: Tyrantrum\n|-supereffective|p1a: Tyrantrum\n|-damage|p1a: Tyrantrum|0 fnt\n|faint|p1a: Tyrantrum\n|\n|upkeep\n|\n|switch|p1a: Tapu Koko|Tapu Koko|100\/100\n|-fieldstart|move: Electric Terrain|[from] ability: Electric Surge|[of] p1a: Tapu Koko\n|turn|9\n|\n|move|p2a: Camerupt|Flamethrower|p1a: Tapu Koko\n|-damage|p1a: Tapu Koko|0 fnt\n|faint|p1a: Tapu Koko\n|\n|upkeep\n|\n|switch|p1a: Tangrowth|Tangrowth, M|100\/100\n|turn|10\n|\n|move|p2a: Camerupt|Flamethrower|p1a: Tangrowth\n|-supereffective|p1a: Tangrowth\n|-damage|p1a: Tangrowth|0 fnt\n|faint|p1a: Tangrowth\n|\n|-fieldend|move: Trick Room\n|upkeep\n|\n|switch|p1a: Blacephalon|Blacephalon|100\/100\n|turn|11\n|inactive|CarlyBae has 120 seconds left.\n|\n|switch|p2a: Stakataka|Stakataka|43\/100\n|move|p1a: Blacephalon|Shadow Ball|p2a: Stakataka\n|-damage|p2a: Stakataka|0 fnt\n|faint|p2a: Stakataka\n|-ability|p1a: Blacephalon|Beast Boost|boost\n|-boost|p1a: Blacephalon|spa|1\n|\n|upkeep\n|\n|switch|p2a: Crawdaunt|Crawdaunt, M|100\/100\n|turn|12\n|\n|switch|p1a: Scizor|Scizor, M|100\/100\n|move|p2a: Crawdaunt|Aqua Jet|p1a: Scizor\n|-damage|p1a: Scizor|69\/100\n|-damage|p2a: Crawdaunt|91\/100|[from] item: Life Orb\n|\n|upkeep\n|turn|13\n|\n|switch|p2a: Magearna|Magearna|100\/100\n|detailschange|p1a: Scizor|Scizor-Mega, M\n|-mega|p1a: Scizor|Scizor|Scizorite\n|move|p1a: Scizor|U-turn|p2a: Magearna\n|-resisted|p2a: Magearna\n|-damage|p2a: Magearna|93\/100\n|\n|switch|p1a: Blacephalon|Blacephalon|100\/100\n|\n|-fieldend|move: Electric Terrain\n|upkeep\n|turn|14\n|\n|move|p1a: Blacephalon|Shadow Ball|p2a: Magearna\n|-damage|p2a: Magearna|33\/100\n|move|p2a: Magearna|Trick Room|p2a: Magearna\n|-fieldstart|move: Trick Room|[of] p2a: Magearna\n|\n|upkeep\n|turn|15\n|-message|Mathwhiz79 forfeited.\n|\n|win|CarlyBae\n|l|\u2606Mathwhiz79\n|raw|Mathwhiz79's rating: 1601 &rarr; <strong>1582<\/strong><br \/>(-19 for losing)\n|raw|CarlyBae's rating: 1613 &rarr; <strong>1632<\/strong><br \/>(+19 for winning)\n|c|\u2606CarlyBae|\/log CarlyBae made this room public.\n","uploadtime":1540334737,"views":9,"p1id":"mathwhiz79","p2id":"carlybae","formatid":"gen7ou","rating":1582,"private":0,"password":null}