{"id":"gen7ou-883246537","p1":"PreMatureSD","p2":"HQSFun","format":"gen7ou","log":"|j|\u2606PreMatureSD\n|j|\u2606HQSFun\n|player|p1|PreMatureSD|100\n|player|p2|HQSFun|260\n|teamsize|p1|6\n|teamsize|p2|6\n|gametype|singles\n|gen|7\n|tier|[Gen 7] OU\n|rated|\n|rule|Sleep Clause Mod: Limit one foe put to sleep\n|rule|Species Clause: Limit one of each Pok\u00e9mon\n|rule|OHKO Clause: OHKO moves are banned\n|rule|Moody Clause: Moody is banned\n|rule|Evasion Moves Clause: Evasion moves are banned\n|rule|Endless Battle Clause: Forcing endless battles is banned\n|rule|HP Percentage Mod: HP is shown in percentages\n|clearpoke\n|poke|p1|Greninja, F|item\n|poke|p1|Lopunny, F|item\n|poke|p1|Reuniclus, F|item\n|poke|p1|Zapdos|item\n|poke|p1|Tentacruel, M|item\n|poke|p1|Ferrothorn, F|item\n|poke|p2|Nidoking, M|item\n|poke|p2|Tapu Bulu|item\n|poke|p2|Heatran, M|item\n|poke|p2|Tornadus-Therian, M|item\n|poke|p2|Keldeo-Resolute|item\n|poke|p2|Scizor, F|item\n|teampreview\n|\n|start\n|switch|p1a: Greninja|Greninja, F|100\/100\n|switch|p2a: Tornadus|Tornadus-Therian, M|100\/100\n|turn|1\n|\n|move|p1a: Greninja|U-turn|p2a: Tornadus\n|-start|p1a: Greninja|typechange|Bug|[from] ability: Protean\n|-resisted|p2a: Tornadus\n|-damage|p2a: Tornadus|79\/100\n|\n|switch|p1a: Zapdos|Zapdos|100\/100\n|-zpower|p2a: Tornadus\n|move|p2a: Tornadus|Supersonic Skystrike|p1a: Zapdos|[zeffect]\n|-resisted|p1a: Zapdos\n|-damage|p1a: Zapdos|61\/100\n|\n|upkeep\n|turn|2\n|\n|switch|p2a: Nidoking|Nidoking, M|100\/100\n|switch|p1a: Greninja|Greninja, F|100\/100\n|\n|upkeep\n|turn|3\n|\n|switch|p2a: Keldeo|Keldeo-Resolute|100\/100\n|move|p1a: Greninja|Toxic Spikes|p2a: Keldeo\n|-start|p1a: Greninja|typechange|Poison|[from] ability: Protean\n|-sidestart|p2: HQSFun|move: Toxic Spikes\n|\n|upkeep\n|turn|4\n|\n|move|p2a: Keldeo|Secret Sword|p1a: Greninja\n|-resisted|p1a: Greninja\n|-damage|p1a: Greninja|66\/100\n|move|p1a: Greninja|U-turn|p2a: Keldeo\n|-start|p1a: Greninja|typechange|Bug|[from] ability: Protean\n|-resisted|p2a: Keldeo\n|-damage|p2a: Keldeo|84\/100\n|\n|switch|p1a: Reuniclus|Reuniclus, F|100\/100\n|\n|upkeep\n|turn|5\n|\n|switch|p2a: Heatran|Heatran, M|100\/100\n|move|p1a: Reuniclus|Acid Armor|p1a: Reuniclus\n|-boost|p1a: Reuniclus|def|2\n|\n|upkeep\n|turn|6\n|\n|move|p2a: Heatran|Magma Storm|p1a: Reuniclus\n|-damage|p1a: Reuniclus|72\/100\n|-activate|p1a: Reuniclus|move: Magma Storm|[of] p2a: Heatran\n|move|p1a: Reuniclus|Calm Mind|p1a: Reuniclus\n|-boost|p1a: Reuniclus|spa|1\n|-boost|p1a: Reuniclus|spd|1\n|\n|-heal|p1a: Reuniclus|78\/100|[from] item: Leftovers\n|upkeep\n|turn|7\n|\n|move|p2a: Heatran|Taunt|p1a: Reuniclus\n|-start|p1a: Reuniclus|move: Taunt\n|cant|p1a: Reuniclus|move: Taunt|Calm Mind\n|\n|-heal|p1a: Reuniclus|84\/100|[from] item: Leftovers\n|upkeep\n|turn|8\n|\n|move|p2a: Heatran|Earth Power|p1a: Reuniclus\n|-damage|p1a: Reuniclus|72\/100\n|move|p1a: Reuniclus|Psychic|p2a: Heatran\n|-resisted|p2a: Heatran\n|-damage|p2a: Heatran|75\/100\n|\n|-heal|p2a: Heatran|81\/100|[from] item: Leftovers\n|-heal|p1a: Reuniclus|79\/100|[from] item: Leftovers\n|upkeep\n|turn|9\n|\n|move|p2a: Heatran|Magma Storm|p1a: Reuniclus\n|-crit|p1a: Reuniclus\n|-damage|p1a: Reuniclus|40\/100\n|move|p1a: Reuniclus|Psychic|p2a: Heatran\n|-resisted|p2a: Heatran\n|-damage|p2a: Heatran|55\/100\n|\n|-heal|p2a: Heatran|62\/100|[from] item: Leftovers\n|-heal|p1a: Reuniclus|46\/100|[from] item: Leftovers\n|-end|p1a: Reuniclus|move: Taunt\n|upkeep\n|turn|10\n|\n|move|p2a: Heatran|Magma Storm|p1a: Reuniclus\n|-damage|p1a: Reuniclus|26\/100\n|move|p1a: Reuniclus|Psychic|p2a: Heatran\n|-resisted|p2a: Heatran\n|-damage|p2a: Heatran|39\/100\n|\n|-heal|p2a: Heatran|45\/100|[from] item: Leftovers\n|-heal|p1a: Reuniclus|32\/100|[from] item: Leftovers\n|-end|p1a: Reuniclus|Magma Storm|[partiallytrapped]\n|upkeep\n|turn|11\n|\n|switch|p1a: Greninja|Greninja, F|66\/100\n|move|p2a: Heatran|Taunt|p1a: Greninja\n|-start|p1a: Greninja|move: Taunt\n|\n|-heal|p2a: Heatran|51\/100|[from] item: Leftovers\n|upkeep\n|turn|12\n|\n|move|p1a: Greninja|U-turn|p2a: Heatran\n|-start|p1a: Greninja|typechange|Bug|[from] ability: Protean\n|-resisted|p2a: Heatran\n|-damage|p2a: Heatran|45\/100\n|\n|switch|p1a: Tentacruel|Tentacruel, M|100\/100\n|move|p2a: Heatran|Stealth Rock|p1a: Tentacruel\n|-sidestart|p1: PreMatureSD|move: Stealth Rock\n|\n|-heal|p2a: Heatran|51\/100|[from] item: Leftovers\n|upkeep\n|turn|13\n|inactive|Battle timer is ON: inactive players will automatically lose when time's up. (requested by HQSFun)\n|\n|move|p1a: Tentacruel|Rapid Spin|p2a: Heatran\n|-resisted|p2a: Heatran\n|-damage|p2a: Heatran|50\/100\n|-sideend|p1: PreMatureSD|Stealth Rock|[from] move: Rapid Spin|[of] p1a: Tentacruel\n|move|p2a: Heatran|Earth Power|p1a: Tentacruel\n|-supereffective|p1a: Tentacruel\n|-damage|p1a: Tentacruel|48\/100\n|\n|-heal|p2a: Heatran|56\/100|[from] item: Leftovers\n|upkeep\n|turn|14\n|\n|switch|p1a: Greninja|Greninja, F|66\/100\n|switch|p2a: Tornadus|Tornadus-Therian, M|100\/100\n|\n|upkeep\n|turn|15\n|\n|move|p1a: Greninja|Rock Slide|p2a: Tornadus\n|-start|p1a: Greninja|typechange|Rock|[from] ability: Protean\n|-supereffective|p2a: Tornadus\n|-damage|p2a: Tornadus|12\/100\n|move|p2a: Tornadus|Defog|p1a: Greninja\n|-unboost|p1a: Greninja|evasion|1\n|-sideend|p2: HQSFun|Toxic Spikes|[from] move: Defog|[of] p2a: Tornadus\n|\n|upkeep\n|turn|16\n|\n|switch|p2a: Keldeo|Keldeo-Resolute|84\/100\n|move|p1a: Greninja|Rock Slide|p2a: Keldeo\n|-resisted|p2a: Keldeo\n|-damage|p2a: Keldeo|65\/100\n|\n|upkeep\n|turn|17\n|\n|move|p2a: Keldeo|Scald|p1a: Greninja\n|-supereffective|p1a: Greninja\n|-damage|p1a: Greninja|0 fnt\n|faint|p1a: Greninja\n|\n|upkeep\n|\n|switch|p1a: Ferrothorn|Ferrothorn, F|100\/100\n|turn|18\n|\n|switch|p2a: Tornadus|Tornadus-Therian, M|46\/100\n|move|p1a: Ferrothorn|Stealth Rock|p2a: Tornadus\n|-sidestart|p2: HQSFun|move: Stealth Rock\n|\n|upkeep\n|turn|19\n|\n|move|p2a: Tornadus|Hurricane|p1a: Ferrothorn|[miss]\n|-miss|p2a: Tornadus|p1a: Ferrothorn\n|move|p1a: Ferrothorn|Gyro Ball|p2a: Tornadus\n|-crit|p2a: Tornadus\n|-damage|p2a: Tornadus|0 fnt\n|faint|p2a: Tornadus\n|\n|upkeep\n|\n|switch|p2a: Heatran|Heatran, M|56\/100\n|-damage|p2a: Heatran|44\/100|[from] Stealth Rock\n|turn|20\n|\n|move|p2a: Heatran|Magma Storm|p1a: Ferrothorn\n|-supereffective|p1a: Ferrothorn\n|-damage|p1a: Ferrothorn|0 fnt\n|faint|p1a: Ferrothorn\n|\n|-heal|p2a: Heatran|50\/100|[from] item: Leftovers\n|upkeep\n|\n|switch|p1a: Lopunny|Lopunny, F|100\/100\n|turn|21\n|\n|switch|p2a: Scizor|Scizor, F|100\/100\n|-damage|p2a: Scizor|88\/100|[from] Stealth Rock\n|detailschange|p1a: Lopunny|Lopunny-Mega, F\n|-mega|p1a: Lopunny|Lopunny|Lopunnite\n|move|p1a: Lopunny|High Jump Kick|p2a: Scizor\n|-damage|p2a: Scizor|36\/100\n|\n|upkeep\n|turn|22\n|inactive|HQSFun has 120 seconds left.\n|\n|detailschange|p2a: Scizor|Scizor-Mega, F\n|-mega|p2a: Scizor|Scizor|Scizorite\n|move|p2a: Scizor|Bullet Punch|p1a: Lopunny\n|-damage|p1a: Lopunny|62\/100\n|move|p1a: Lopunny|High Jump Kick|p2a: Scizor|[miss]\n|-miss|p1a: Lopunny|p2a: Scizor\n|-damage|p1a: Lopunny|12\/100|[from] High Jump Kick\n|\n|upkeep\n|turn|23\n|\n|switch|p1a: Zapdos|Zapdos|61\/100\n|move|p2a: Scizor|Roost|p2a: Scizor\n|-heal|p2a: Scizor|86\/100\n|-singleturn|p2a: Scizor|move: Roost\n|\n|upkeep\n|turn|24\n|\n|switch|p2a: Nidoking|Nidoking, M|100\/100\n|-damage|p2a: Nidoking|95\/100|[from] Stealth Rock\n|move|p1a: Zapdos|Discharge|p2a: Nidoking\n|-immune|p2a: Nidoking\n|\n|upkeep\n|turn|25\n|inactive|HQSFun has 120 seconds left.\n|\n|move|p2a: Nidoking|Ice Beam|p1a: Zapdos\n|-supereffective|p1a: Zapdos\n|-damage|p1a: Zapdos|0 fnt\n|faint|p1a: Zapdos\n|\n|upkeep\n|\n|switch|p1a: Lopunny|Lopunny-Mega, F|12\/100\n|turn|26\n|\n|switch|p2a: Scizor|Scizor-Mega, F|86\/100\n|-damage|p2a: Scizor|74\/100|[from] Stealth Rock\n|move|p1a: Lopunny|Healing Wish|p1a: Lopunny\n|faint|p1a: Lopunny\n|\n|upkeep\n|\n|switch|p1a: Reuniclus|Reuniclus, F|32\/100\n|-heal|p1a: Reuniclus|100\/100|[from] move: Healing Wish\n|turn|27\n|\n|move|p2a: Scizor|U-turn|p1a: Reuniclus\n|-supereffective|p1a: Reuniclus\n|-damage|p1a: Reuniclus|27\/100\n|\n|switch|p2a: Tapu Bulu|Tapu Bulu|100\/100\n|-damage|p2a: Tapu Bulu|88\/100|[from] Stealth Rock\n|-fieldstart|move: Grassy Terrain|[from] ability: Grassy Surge|[of] p2a: Tapu Bulu\n|move|p1a: Reuniclus|Acid Armor|p1a: Reuniclus\n|-boost|p1a: Reuniclus|def|2\n|\n|-heal|p2a: Tapu Bulu|94\/100|[from] Grassy Terrain\n|-heal|p1a: Reuniclus|33\/100|[from] item: Leftovers\n|-heal|p1a: Reuniclus|39\/100|[from] Grassy Terrain\n|upkeep\n|turn|28\n|c|\u2606PreMatureSD|Jesus I wish I was that lucky\n|-message|PreMatureSD forfeited.\n|\n|win|HQSFun\n|l|\u2606PreMatureSD\n|raw|PreMatureSD's rating: 1667 &rarr; <strong>1647<\/strong><br \/>(-20 for losing)\n|raw|HQSFun's rating: 1677 &rarr; <strong>1696<\/strong><br \/>(+19 for winning)\n","uploadtime":1553761901,"views":3,"p1id":"prematuresd","p2id":"hqsfun","formatid":"gen7ou","rating":1647,"private":0,"password":null}