{"id":"gen7ou-940537851","p1":"ghecisbestvillain","p2":"hurensohn23","format":"gen7ou","log":"|j|\u2606ghecisbestvillain\n|j|\u2606hurensohn23\n|player|p1|ghecisbestvillain|269\n|player|p2|hurensohn23|1\n|teamsize|p1|6\n|teamsize|p2|6\n|gametype|singles\n|gen|7\n|tier|[Gen 7] OU\n|rated|\n|rule|Sleep Clause Mod: Limit one foe put to sleep\n|rule|Species Clause: Limit one of each Pok\u00e9mon\n|rule|OHKO Clause: OHKO moves are banned\n|rule|Moody Clause: Moody is banned\n|rule|Evasion Moves Clause: Evasion moves are banned\n|rule|Endless Battle Clause: Forcing endless battles is banned\n|rule|HP Percentage Mod: HP is shown in percentages\n|clearpoke\n|poke|p1|Hawlucha, M|item\n|poke|p1|Clefable, F|item\n|poke|p1|Charizard, M|item\n|poke|p1|Tapu Koko|item\n|poke|p1|Magearna|item\n|poke|p1|Kyurem-Black|item\n|poke|p2|Lopunny, M|item\n|poke|p2|Blacephalon|item\n|poke|p2|Magearna|item\n|poke|p2|Ferrothorn, M|item\n|poke|p2|Landorus-Therian, M|item\n|poke|p2|Crawdaunt, F|item\n|teampreview\n|inactive|Battle timer is ON: inactive players will automatically lose when time's up. (requested by hurensohn23)\n|\n|start\n|switch|p1a: Tapu Koko|Tapu Koko|100\/100\n|switch|p2a: Blacephalon|Blacephalon|100\/100\n|-fieldstart|move: Electric Terrain|[from] ability: Electric Surge|[of] p1a: Tapu Koko\n|turn|1\n|\n|move|p1a: Tapu Koko|Light Screen|p1a: Tapu Koko\n|-sidestart|p1: ghecisbestvillain|move: Light Screen\n|move|p2a: Blacephalon|Flamethrower|p1a: Tapu Koko\n|-damage|p1a: Tapu Koko|40\/100\n|\n|upkeep\n|turn|2\n|\n|move|p1a: Tapu Koko|Reflect|p1a: Tapu Koko\n|-sidestart|p1: ghecisbestvillain|Reflect\n|move|p2a: Blacephalon|Flamethrower|p1a: Tapu Koko\n|-damage|p1a: Tapu Koko|0 fnt\n|faint|p1a: Tapu Koko\n|-ability|p2a: Blacephalon|Beast Boost|boost\n|-boost|p2a: Blacephalon|spa|1\n|\n|upkeep\n|\n|switch|p1a: Hawlucha|Hawlucha, M|100\/100\n|-enditem|p1a: Hawlucha|Electric Seed\n|-boost|p1a: Hawlucha|def|1\n|turn|3\n|\n|move|p1a: Hawlucha|Swords Dance|p1a: Hawlucha\n|-boost|p1a: Hawlucha|atk|2\n|move|p2a: Blacephalon|Flamethrower|p1a: Hawlucha\n|-damage|p1a: Hawlucha|23\/100\n|\n|upkeep\n|turn|4\n|\n|switch|p2a: Landorus|Landorus-Therian, M|100\/100\n|-ability|p2a: Landorus|Intimidate|boost\n|-unboost|p1a: Hawlucha|atk|1\n|move|p1a: Hawlucha|Acrobatics|p2a: Landorus\n|-damage|p2a: Landorus|31\/100\n|\n|upkeep\n|turn|5\n|\n|move|p1a: Hawlucha|Acrobatics|p2a: Landorus\n|-damage|p2a: Landorus|0 fnt\n|faint|p2a: Landorus\n|\n|-fieldend|move: Electric Terrain\n|upkeep\n|\n|switch|p2a: Lopunny|Lopunny, M|100\/100\n|turn|6\n|\n|detailschange|p2a: Lopunny|Lopunny-Mega, M\n|-mega|p2a: Lopunny|Lopunny|Lopunnite\n|move|p2a: Lopunny|Fake Out|p1a: Hawlucha\n|-damage|p1a: Hawlucha|14\/100\n|cant|p1a: Hawlucha|flinch\n|\n|upkeep\n|turn|7\n|\n|switch|p2a: Ferrothorn|Ferrothorn, M, shiny|100\/100\n|move|p1a: Hawlucha|Drain Punch|p2a: Ferrothorn\n|-supereffective|p2a: Ferrothorn\n|-damage|p2a: Ferrothorn|21\/100\n|-heal|p1a: Hawlucha|60\/100|[from] drain|[of] p2a: Ferrothorn\n|-damage|p1a: Hawlucha|48\/100|[from] ability: Iron Barbs|[of] p2a: Ferrothorn\n|\n|-heal|p2a: Ferrothorn|27\/100|[from] item: Leftovers\n|upkeep\n|turn|8\n|\n|move|p1a: Hawlucha|Swords Dance|p1a: Hawlucha\n|-boost|p1a: Hawlucha|atk|2\n|move|p2a: Ferrothorn|Stealth Rock|p1a: Hawlucha\n|-sidestart|p1: ghecisbestvillain|move: Stealth Rock\n|\n|-heal|p2a: Ferrothorn|33\/100|[from] item: Leftovers\n|-sideend|p1: ghecisbestvillain|move: Light Screen\n|upkeep\n|turn|9\n|\n|move|p1a: Hawlucha|Drain Punch|p2a: Ferrothorn\n|-supereffective|p2a: Ferrothorn\n|-damage|p2a: Ferrothorn|0 fnt\n|-heal|p1a: Hawlucha|67\/100|[from] drain|[of] p2a: Ferrothorn\n|-damage|p1a: Hawlucha|55\/100|[from] ability: Iron Barbs|[of] p2a: Ferrothorn\n|faint|p2a: Ferrothorn\n|\n|-sideend|p1: ghecisbestvillain|Reflect\n|upkeep\n|\n|switch|p2a: Lopunny|Lopunny-Mega, M|100\/100\n|turn|10\n|\n|move|p2a: Lopunny|Fake Out|p1a: Hawlucha\n|-damage|p1a: Hawlucha|35\/100\n|cant|p1a: Hawlucha|flinch\n|\n|upkeep\n|turn|11\n|\n|move|p1a: Hawlucha|Drain Punch|p2a: Lopunny\n|-supereffective|p2a: Lopunny\n|-damage|p2a: Lopunny|0 fnt\n|-heal|p1a: Hawlucha|81\/100|[from] drain|[of] p2a: Lopunny\n|faint|p2a: Lopunny\n|\n|upkeep\n|\n|switch|p2a: Magearna|Magearna|100\/100\n|turn|12\n|\n|move|p1a: Hawlucha|Drain Punch|p2a: Magearna\n|-damage|p2a: Magearna|27\/100\n|-heal|p1a: Hawlucha|100\/100|[from] drain|[of] p2a: Magearna\n|move|p2a: Magearna|Trick Room|p2a: Magearna\n|-fieldstart|move: Trick Room|[of] p2a: Magearna\n|\n|upkeep\n|turn|13\n|\n|switch|p1a: Magearna|Magearna|100\/100\n|-damage|p1a: Magearna|95\/100|[from] Stealth Rock\n|-zpower|p2a: Magearna\n|move|p2a: Magearna|Corkscrew Crash|p1a: Magearna|[zeffect]\n|-damage|p1a: Magearna|7\/100\n|\n|upkeep\n|turn|14\n|\n|switch|p1a: Hawlucha|Hawlucha, M|100\/100\n|-damage|p1a: Hawlucha|88\/100|[from] Stealth Rock\n|move|p2a: Magearna|Thunderbolt|p1a: Hawlucha\n|-supereffective|p1a: Hawlucha\n|-damage|p1a: Hawlucha|11\/100\n|\n|upkeep\n|turn|15\n|\n|move|p2a: Magearna|Flash Cannon|p1a: Hawlucha\n|-damage|p1a: Hawlucha|0 fnt\n|faint|p1a: Hawlucha\n|-ability|p2a: Magearna|Soul-Heart|boost\n|-boost|p2a: Magearna|spa|1\n|\n|upkeep\n|\n|switch|p1a: Magearna|Magearna|7\/100\n|-damage|p1a: Magearna|1\/100|[from] Stealth Rock\n|turn|16\n|\n|move|p2a: Magearna|Flash Cannon|p1a: Magearna\n|-damage|p1a: Magearna|0 fnt\n|faint|p1a: Magearna\n|-ability|p2a: Magearna|Soul-Heart|boost\n|-boost|p2a: Magearna|spa|1\n|\n|-fieldend|move: Trick Room\n|upkeep\n|\n|switch|p1a: Kyurem|Kyurem-Black|100\/100\n|-damage|p1a: Kyurem|76\/100|[from] Stealth Rock\n|-ability|p1a: Kyurem|Teravolt\n|turn|17\n|\n|move|p1a: Kyurem|Earth Power|p2a: Magearna\n|-supereffective|p2a: Magearna\n|-damage|p2a: Magearna|0 fnt\n|-damage|p1a: Kyurem|66\/100|[from] item: Life Orb\n|faint|p2a: Magearna\n|\n|upkeep\n|\n|switch|p2a: Blacephalon|Blacephalon|100\/100\n|turn|18\n|inactive|hurensohn23 has 120 seconds left.\n|\n|move|p2a: Blacephalon|Shadow Ball|p1a: Kyurem\n|-damage|p1a: Kyurem|0 fnt\n|faint|p1a: Kyurem\n|-ability|p2a: Blacephalon|Beast Boost|boost\n|-boost|p2a: Blacephalon|spa|1\n|\n|upkeep\n|inactive|ghecisbestvillain has 120 seconds left.\n|inactive|ghecisbestvillain has 90 seconds left.\n|inactive|ghecisbestvillain has 60 seconds left.\n|\n|switch|p1a: Charizard|Charizard, M|100\/100\n|-damage|p1a: Charizard|51\/100|[from] Stealth Rock\n|turn|19\n|\n|detailschange|p1a: Charizard|Charizard-Mega-X, M\n|-mega|p1a: Charizard|Charizard|Charizardite X\n|move|p2a: Blacephalon|Shadow Ball|p1a: Charizard\n|-damage|p1a: Charizard|0 fnt\n|faint|p1a: Charizard\n|-ability|p2a: Blacephalon|Beast Boost|boost\n|-boost|p2a: Blacephalon|spa|1\n|\n|upkeep\n|\n|switch|p1a: Clefable|Clefable, F|100\/100\n|turn|20\n|-message|ghecisbestvillain forfeited.\n|\n|win|hurensohn23\n|l|\u2606ghecisbestvillain\n|raw|ghecisbestvillain's rating: 1724 &rarr; <strong>1704<\/strong><br \/>(-20 for losing)\n|raw|hurensohn23's rating: 1722 &rarr; <strong>1742<\/strong><br \/>(+20 for winning)\n","uploadtime":1562422414,"views":7,"p1id":"ghecisbestvillain","p2id":"hurensohn23","formatid":"gen7ou","rating":1704,"private":0,"password":null}