{"id":"gen7ou-750828183","p1":"CarlyBae","p2":"burninfire","format":"gen7ou","log":"|j|\u2606CarlyBae\n|j|\u2606burninfire\n|player|p1|CarlyBae|138\n|player|p2|burninfire|101\n|teamsize|p1|6\n|teamsize|p2|6\n|gametype|singles\n|gen|7\n|tier|[Gen 7] OU\n|rated|\n|rule|Sleep Clause Mod: Limit one foe put to sleep\n|rule|Species Clause: Limit one of each Pok\u00e9mon\n|rule|OHKO Clause: OHKO moves are banned\n|rule|Moody Clause: Moody is banned\n|rule|Evasion Moves Clause: Evasion moves are banned\n|rule|Endless Battle Clause: Forcing endless battles is banned\n|rule|HP Percentage Mod: HP is shown in percentages\n|clearpoke\n|poke|p1|Shuckle, M|item\n|poke|p1|Tapu Lele|item\n|poke|p1|Bisharp, F|item\n|poke|p1|Sableye, F|item\n|poke|p1|Kartana|item\n|poke|p1|Manaphy|item\n|poke|p2|Charizard, M|item\n|poke|p2|Chansey, F|item\n|poke|p2|Zapdos|item\n|poke|p2|Hoopa-Unbound|item\n|poke|p2|Tapu Fini|item\n|poke|p2|Kartana|item\n|teampreview\n|\n|start\n|switch|p1a: Shuckle|Shuckle, M|100\/100\n|switch|p2a: Tapu Fini|Tapu Fini|100\/100\n|-fieldstart|move: Misty Terrain|[from] ability: Misty Surge|[of] p2a: Tapu Fini\n|turn|1\n|inactive|Battle timer is ON: inactive players will automatically lose when time's up. (requested by burninfire)\n|\n|move|p2a: Tapu Fini|Taunt|p1a: Shuckle\n|-start|p1a: Shuckle|move: Taunt\n|-enditem|p1a: Shuckle|Mental Herb\n|-end|p1a: Shuckle|move: Taunt\n|move|p1a: Shuckle|Sticky Web|p2a: Tapu Fini\n|-sidestart|p2: burninfire|move: Sticky Web\n|\n|upkeep\n|turn|2\n|\n|move|p2a: Tapu Fini|Taunt|p1a: Shuckle\n|-start|p1a: Shuckle|move: Taunt\n|cant|p1a: Shuckle|move: Taunt|Sticky Web\n|\n|upkeep\n|turn|3\n|inactive|burninfire has 135 seconds left.\n|\n|switch|p2a: Charizard|Charizard, M|100\/100\n|switch|p1a: Bisharp|Bisharp, F|100\/100\n|\n|upkeep\n|turn|4\n|inactive|CarlyBae has 135 seconds left.\n|\n|switch|p1a: Manaphy|Manaphy|100\/100\n|-mega|p2a: Charizard|Charizard|Charizardite Y\n|detailschange|p2a: Charizard|Charizard-Mega-Y, M\n|-weather|SunnyDay|[from] ability: Drought|[of] p2a: Charizard\n|move|p2a: Charizard|Flamethrower|p1a: Manaphy\n|-resisted|p1a: Manaphy\n|-damage|p1a: Manaphy|58\/100\n|\n|-weather|SunnyDay|[upkeep]\n|upkeep\n|turn|5\n|\n|move|p1a: Manaphy|Rain Dance|p1a: Manaphy\n|-weather|RainDance\n|move|p2a: Charizard|Solar Beam|p1a: Manaphy|[still]\n|-prepare|p2a: Charizard|Solar Beam|p1a: Manaphy\n|\n|-weather|RainDance|[upkeep]\n|-fieldend|Misty Terrain\n|upkeep\n|turn|6\n|\n|move|p1a: Manaphy|Surf|p2a: Charizard\n|-supereffective|p2a: Charizard\n|-damage|p2a: Charizard|0 fnt\n|faint|p2a: Charizard\n|\n|-weather|RainDance|[upkeep]\n|upkeep\n|inactive|burninfire has 135 seconds left.\n|\n|switch|p2a: Kartana|Kartana|100\/100\n|-activate|p2a: Kartana|move: Sticky Web\n|-unboost|p2a: Kartana|spe|1\n|turn|7\n|inactive|burninfire has 135 seconds left.\n|\n|switch|p1a: Shuckle|Shuckle, M|100\/100\n|move|p2a: Kartana|Leaf Blade|p1a: Shuckle\n|-crit|p1a: Shuckle\n|-damage|p1a: Shuckle|48\/100\n|\n|-weather|RainDance|[upkeep]\n|upkeep\n|turn|8\n|\n|switch|p2a: Tapu Fini|Tapu Fini|100\/100\n|-activate|p2a: Tapu Fini|move: Sticky Web\n|-unboost|p2a: Tapu Fini|spe|1\n|-fieldstart|move: Misty Terrain|[from] ability: Misty Surge|[of] p2a: Tapu Fini\n|move|p1a: Shuckle|Stealth Rock|p2a: Tapu Fini\n|-sidestart|p2: burninfire|move: Stealth Rock\n|\n|-weather|RainDance|[upkeep]\n|upkeep\n|turn|9\n|inactive|burninfire has 135 seconds left.\n|\n|switch|p1a: Bisharp|Bisharp, F|100\/100\n|move|p2a: Tapu Fini|Moonblast|p1a: Bisharp\n|-damage|p1a: Bisharp|50\/100\n|\n|-weather|none\n|upkeep\n|turn|10\n|\n|switch|p2a: Zapdos|Zapdos|100\/100\n|-damage|p2a: Zapdos|76\/100|[from] Stealth Rock\n|move|p1a: Bisharp|Iron Head|p2a: Zapdos\n|-resisted|p2a: Zapdos\n|-damage|p2a: Zapdos|54\/100\n|-damage|p1a: Bisharp|40\/100|[from] item: Life Orb\n|\n|-heal|p2a: Zapdos|60\/100|[from] item: Leftovers\n|upkeep\n|turn|11\n|inactive|burninfire has 135 seconds left.\n|\n|move|p2a: Zapdos|Discharge|p1a: Bisharp\n|-damage|p1a: Bisharp|0 fnt\n|faint|p1a: Bisharp\n|\n|-heal|p2a: Zapdos|66\/100|[from] item: Leftovers\n|upkeep\n|\n|switch|p1a: Tapu Lele|Tapu Lele|100\/100\n|-fieldstart|move: Psychic Terrain|[from] ability: Psychic Surge|[of] p1a: Tapu Lele\n|turn|12\n|\n|switch|p2a: Chansey|Chansey, F|100\/100\n|-activate|p2a: Chansey|move: Sticky Web\n|-unboost|p2a: Chansey|spe|1\n|-damage|p2a: Chansey|88\/100|[from] Stealth Rock\n|move|p1a: Tapu Lele|Psyshock|p2a: Chansey\n|-damage|p2a: Chansey|28\/100\n|\n|upkeep\n|turn|13\n|\n|switch|p2a: Hoopa|Hoopa-Unbound|100\/100\n|-damage|p2a: Hoopa|88\/100|[from] Stealth Rock\n|-activate|p2a: Hoopa|move: Sticky Web\n|-unboost|p2a: Hoopa|spe|1\n|move|p1a: Tapu Lele|Psyshock|p2a: Hoopa\n|-immune|p2a: Hoopa|[msg]\n|\n|upkeep\n|turn|14\n|\n|switch|p1a: Shuckle|Shuckle, M|48\/100\n|move|p2a: Hoopa|Hyperspace Fury|p1a: Shuckle\n|-damage|p1a: Shuckle|0 fnt\n|-unboost|p2a: Hoopa|def|1\n|faint|p1a: Shuckle\n|\n|upkeep\n|\n|switch|p1a: Kartana|Kartana|100\/100\n|turn|15\n|\n|switch|p2a: Zapdos|Zapdos|66\/100\n|-damage|p2a: Zapdos|41\/100|[from] Stealth Rock\n|move|p1a: Kartana|Swords Dance|p1a: Kartana\n|-boost|p1a: Kartana|atk|2\n|\n|-heal|p2a: Zapdos|47\/100|[from] item: Leftovers\n|upkeep\n|turn|16\n|\n|move|p1a: Kartana|Leaf Blade|p2a: Zapdos\n|-resisted|p2a: Zapdos\n|-damage|p2a: Zapdos|4\/100\n|move|p2a: Zapdos|Heat Wave|p1a: Kartana\n|-supereffective|p1a: Kartana\n|-damage|p1a: Kartana|0 fnt\n|faint|p1a: Kartana\n|\n|-heal|p2a: Zapdos|10\/100|[from] item: Leftovers\n|-fieldend|move: Psychic Terrain\n|upkeep\n|\n|switch|p1a: Tapu Lele|Tapu Lele|100\/100\n|-fieldstart|move: Psychic Terrain|[from] ability: Psychic Surge|[of] p1a: Tapu Lele\n|turn|17\n|\n|move|p1a: Tapu Lele|Moonblast|p2a: Zapdos\n|-damage|p2a: Zapdos|0 fnt\n|faint|p2a: Zapdos\n|\n|upkeep\n|inactive|burninfire has 135 seconds left.\n|\n|switch|p2a: Chansey|Chansey, F|28\/100\n|-damage|p2a: Chansey|15\/100|[from] Stealth Rock\n|-activate|p2a: Chansey|move: Sticky Web\n|-unboost|p2a: Chansey|spe|1\n|turn|18\n|\n|move|p1a: Tapu Lele|Moonblast|p2a: Chansey\n|-damage|p2a: Chansey|0 fnt\n|faint|p2a: Chansey\n|\n|upkeep\n|\n|switch|p2a: Tapu Fini|Tapu Fini|100\/100\n|-damage|p2a: Tapu Fini|88\/100|[from] Stealth Rock\n|-activate|p2a: Tapu Fini|move: Sticky Web\n|-unboost|p2a: Tapu Fini|spe|1\n|-fieldstart|move: Misty Terrain|[from] ability: Misty Surge|[of] p2a: Tapu Fini\n|turn|19\n|\n|move|p1a: Tapu Lele|Moonblast|p2a: Tapu Fini\n|-damage|p2a: Tapu Fini|33\/100\n|move|p2a: Tapu Fini|Defog|p1a: Tapu Lele\n|-unboost|p1a: Tapu Lele|evasion|1\n|-sideend|p2: burninfire|Stealth Rock|[from] move: Defog|[of] p2a: Tapu Fini\n|-sideend|p2: burninfire|Sticky Web|[from] move: Defog|[of] p2a: Tapu Fini\n|\n|-heal|p2a: Tapu Fini|39\/100|[from] item: Leftovers\n|upkeep\n|turn|20\n|inactive|CarlyBae has 135 seconds left.\n|\n|move|p1a: Tapu Lele|Moonblast|p2a: Tapu Fini\n|-damage|p2a: Tapu Fini|0 fnt\n|faint|p2a: Tapu Fini\n|\n|upkeep\n|\n|switch|p2a: Kartana|Kartana|100\/100\n|turn|21\n|\n|move|p2a: Kartana|Smart Strike|p1a: Tapu Lele\n|-supereffective|p1a: Tapu Lele\n|-damage|p1a: Tapu Lele|0 fnt\n|faint|p1a: Tapu Lele\n|-ability|p2a: Kartana|Beast Boost|boost\n|-boost|p2a: Kartana|atk|1\n|\n|upkeep\n|\n|switch|p1a: Sableye|Sableye, F|100\/100\n|turn|22\n|inactive|burninfire has 135 seconds left.\n|inactive|burninfire has 120 seconds left.\n|\n|switch|p2a: Hoopa|Hoopa-Unbound|88\/100\n|move|p1a: Sableye|Will-O-Wisp|p2a: Hoopa\n|-hint|In gen 7, Dark is immune to Prankster moves.\n|-immune|p2a: Hoopa|[msg]\n|\n|upkeep\n|turn|23\n|\n|-mega|p1a: Sableye|Sableye|Sablenite\n|detailschange|p1a: Sableye|Sableye-Mega, F\n|move|p2a: Hoopa|Hyperspace Fury|p1a: Sableye\n|-damage|p1a: Sableye|40\/100\n|-unboost|p2a: Hoopa|def|1\n|move|p1a: Sableye|Will-O-Wisp|p2a: Hoopa\n|-activate|p2a: Hoopa|move: Misty Terrain\n|\n|-fieldend|Misty Terrain\n|upkeep\n|turn|24\n|-message|CarlyBae forfeited.\n|\n|win|burninfire\n|l|\u2606CarlyBae\n","inputlog":null,"uploadtime":1526937103,"views":7,"p1id":"carlybae","p2id":"burninfire","formatid":"gen7ou","rating":0,"private":0,"password":null}