{"id":"gen7ou-1696338544","p1":"Shinjou Akane","p2":"Ozrael","format":"gen7ou","log":"|j|\u2606Shinjou Akane\n|j|\u2606Ozrael\n|t:|1666888539\n|gametype|singles\n|player|p1|Shinjou Akane|lillie-masters2|1325\n|player|p2|Ozrael|169|1278\n|teamsize|p1|6\n|teamsize|p2|6\n|gen|7\n|tier|[Gen 7] OU\n|rated|\n|rule|Sleep Clause Mod: Limit one foe put to sleep\n|rule|Species Clause: Limit one of each Pok\u00e9mon\n|rule|OHKO Clause: OHKO moves are banned\n|rule|Moody Clause: Moody is banned\n|rule|Evasion Items Clause: Evasion items are banned\n|rule|Evasion Moves Clause: Evasion moves are banned\n|rule|Endless Battle Clause: Forcing endless battles is banned\n|rule|HP Percentage Mod: HP is shown in percentages\n|clearpoke\n|poke|p1|Gardevoir, F|item\n|poke|p1|Garchomp, M|item\n|poke|p1|Rotom-Wash|item\n|poke|p1|Tapu Koko|item\n|poke|p1|Victini|item\n|poke|p1|Magearna|item\n|poke|p2|Aggron, F|item\n|poke|p2|Vaporeon, M|item\n|poke|p2|Forretress, M|item\n|poke|p2|Flygon, F|item\n|poke|p2|Toxapex, M|item\n|poke|p2|Hydreigon, M|item\n|teampreview\n|\n|t:|1666888552\n|start\n|switch|p1a: Victini|Victini|100\/100\n|switch|p2a: Forretress|Forretress, M|100\/100\n|turn|1\n|\n|t:|1666888558\n|move|p1a: Victini|V-create|p2a: Forretress\n|-supereffective|p2a: Forretress\n|-crit|p2a: Forretress\n|-ability|p2a: Forretress|Sturdy\n|-damage|p2a: Forretress|1\/100\n|-unboost|p1a: Victini|spe|1\n|-unboost|p1a: Victini|def|1\n|-unboost|p1a: Victini|spd|1\n|-enditem|p2a: Forretress|Aguav Berry|[eat]\n|-heal|p2a: Forretress|51\/100|[from] item: Aguav Berry\n|move|p2a: Forretress|Toxic|p1a: Victini\n|-status|p1a: Victini|tox\n|\n|-damage|p1a: Victini|94\/100 tox|[from] psn\n|upkeep\n|turn|2\n|\n|t:|1666888571\n|switch|p2a: Toxapex|Toxapex, M|100\/100\n|move|p1a: Victini|V-create|p2a: Toxapex\n|-resisted|p2a: Toxapex\n|-damage|p2a: Toxapex|70\/100\n|-unboost|p1a: Victini|spe|1\n|-unboost|p1a: Victini|def|1\n|-unboost|p1a: Victini|spd|1\n|\n|-heal|p2a: Toxapex|76\/100|[from] item: Black Sludge\n|-damage|p1a: Victini|82\/100 tox|[from] psn\n|upkeep\n|turn|3\n|\n|t:|1666888585\n|switch|p1a: Tapu Koko|Tapu Koko|100\/100\n|-fieldstart|move: Electric Terrain|[from] ability: Electric Surge|[of] p1a: Tapu Koko\n|move|p2a: Toxapex|Toxic Spikes|p1a: Tapu Koko\n|-sidestart|p1: Shinjou Akane|move: Toxic Spikes\n|\n|-heal|p2a: Toxapex|83\/100|[from] item: Black Sludge\n|upkeep\n|turn|4\n|\n|t:|1666888592\n|move|p2a: Toxapex|Baneful Bunker|p2a: Toxapex\n|-singleturn|p2a: Toxapex|move: Protect\n|move|p1a: Tapu Koko|Thunderbolt|p2a: Toxapex\n|-activate|p2a: Toxapex|move: Protect\n|\n|-heal|p2a: Toxapex|89\/100|[from] item: Black Sludge\n|upkeep\n|turn|5\n|\n|t:|1666888600\n|switch|p2a: Flygon|Flygon, F|100\/100\n|move|p1a: Tapu Koko|Thunderbolt|p2a: Flygon\n|-immune|p2a: Flygon\n|\n|upkeep\n|turn|6\n|\n|t:|1666888606\n|move|p1a: Tapu Koko|Hidden Power|p2a: Flygon\n|-supereffective|p2a: Flygon\n|-damage|p2a: Flygon|5\/100\n|move|p2a: Flygon|U-turn|p1a: Tapu Koko\n|-resisted|p1a: Tapu Koko\n|-damage|p1a: Tapu Koko|78\/100\n|c|\u2606Ozrael|gg\n|c|\u2606Ozrael|it's scarf everytime ^.^'\n|\n|t:|1666888637\n|switch|p2a: Aggron|Aggron, F|100\/100|[from]move: U-turn\n|\n|upkeep\n|turn|7\n|\n|t:|1666888642\n|detailschange|p2a: Aggron|Aggron-Mega, F\n|-mega|p2a: Aggron|Aggron|Aggronite\n|move|p1a: Tapu Koko|Volt Switch|p2a: Aggron\n|-damage|p2a: Aggron|34\/100\n|\n|t:|1666888646\n|switch|p1a: Rotom|Rotom-Wash|100\/100|[from]move: Volt Switch\n|move|p2a: Aggron|Heavy Slam|p1a: Rotom\n|-resisted|p1a: Rotom\n|-damage|p1a: Rotom|87\/100\n|\n|-heal|p1a: Rotom|93\/100|[from] item: Leftovers\n|-fieldend|move: Electric Terrain\n|upkeep\n|turn|8\n|\n|t:|1666888655\n|switch|p2a: Vaporeon|Vaporeon, M|100\/100\n|move|p1a: Rotom|Defog|p2a: Vaporeon\n|-unboost|p2a: Vaporeon|evasion|1\n|-sideend|p1: Shinjou Akane|Toxic Spikes|[from] move: Defog|[of] p1a: Rotom\n|\n|-heal|p1a: Rotom|99\/100|[from] item: Leftovers\n|upkeep\n|turn|9\n|\n|t:|1666888662\n|move|p1a: Rotom|Volt Switch|p2a: Vaporeon\n|-supereffective|p2a: Vaporeon\n|-damage|p2a: Vaporeon|72\/100\n|\n|t:|1666888666\n|switch|p1a: Tapu Koko|Tapu Koko|78\/100|[from]move: Volt Switch\n|-fieldstart|move: Electric Terrain|[from] ability: Electric Surge|[of] p1a: Tapu Koko\n|move|p2a: Vaporeon|Wish|p2a: Vaporeon\n|\n|-heal|p2a: Vaporeon|78\/100|[from] item: Leftovers\n|upkeep\n|turn|10\n|\n|t:|1666888677\n|switch|p2a: Flygon|Flygon, F|5\/100\n|move|p1a: Tapu Koko|Thunderbolt|p2a: Flygon\n|-immune|p2a: Flygon\n|\n|-heal|p2a: Flygon|82\/100|[from] move: Wish|[wisher] Vaporeon\n|upkeep\n|turn|11\n|\n|t:|1666888693\n|switch|p2a: Vaporeon|Vaporeon, M|78\/100\n|move|p1a: Tapu Koko|Hidden Power|p2a: Vaporeon\n|-resisted|p2a: Vaporeon\n|-damage|p2a: Vaporeon|73\/100\n|\n|-heal|p2a: Vaporeon|80\/100|[from] item: Leftovers\n|upkeep\n|turn|12\n|\n|t:|1666888702\n|move|p2a: Vaporeon|Protect|p2a: Vaporeon\n|-singleturn|p2a: Vaporeon|Protect\n|move|p1a: Tapu Koko|Thunderbolt|p2a: Vaporeon\n|-activate|p2a: Vaporeon|move: Protect\n|\n|-heal|p2a: Vaporeon|86\/100|[from] item: Leftovers\n|upkeep\n|turn|13\n|\n|t:|1666888711\n|move|p1a: Tapu Koko|Roost|p1a: Tapu Koko\n|-heal|p1a: Tapu Koko|100\/100\n|-singleturn|p1a: Tapu Koko|move: Roost\n|move|p2a: Vaporeon|Wish|p2a: Vaporeon\n|\n|-heal|p2a: Vaporeon|92\/100|[from] item: Leftovers\n|-fieldend|move: Electric Terrain\n|upkeep\n|turn|14\n|\n|t:|1666888722\n|switch|p2a: Forretress|Forretress, M|51\/100\n|move|p1a: Tapu Koko|Hidden Power|p2a: Forretress\n|-resisted|p2a: Forretress\n|-damage|p2a: Forretress|38\/100\n|\n|-heal|p2a: Forretress|100\/100|[from] move: Wish|[wisher] Vaporeon\n|upkeep\n|turn|15\n|\n|t:|1666888734\n|move|p1a: Tapu Koko|Volt Switch|p2a: Forretress\n|-damage|p2a: Forretress|60\/100\n|\n|t:|1666888738\n|switch|p1a: Garchomp|Garchomp, M|100\/100|[from]move: Volt Switch\n|move|p2a: Forretress|Toxic|p1a: Garchomp\n|-status|p1a: Garchomp|tox\n|\n|-damage|p1a: Garchomp|94\/100 tox|[from] psn\n|upkeep\n|turn|16\n|\n|t:|1666888745\n|move|p1a: Garchomp|Stealth Rock|p2a: Forretress\n|-sidestart|p2: Ozrael|move: Stealth Rock\n|move|p2a: Forretress|Spikes|p1a: Garchomp\n|-sidestart|p1: Shinjou Akane|Spikes\n|\n|-heal|p1a: Garchomp|100\/100 tox|[from] item: Leftovers\n|-damage|p1a: Garchomp|88\/100 tox|[from] psn\n|upkeep\n|turn|17\n|\n|t:|1666888752\n|move|p1a: Garchomp|Earthquake|p2a: Forretress\n|-damage|p2a: Forretress|34\/100\n|move|p2a: Forretress|Rapid Spin|p1a: Garchomp\n|-damage|p1a: Garchomp|85\/100 tox\n|-damage|p2a: Forretress|21\/100|[from] ability: Rough Skin|[of] p1a: Garchomp\n|-sideend|p2: Ozrael|Stealth Rock|[from] move: Rapid Spin|[of] p2a: Forretress\n|\n|-heal|p1a: Garchomp|91\/100 tox|[from] item: Leftovers\n|-damage|p1a: Garchomp|73\/100 tox|[from] psn\n|upkeep\n|turn|18\n|\n|t:|1666888762\n|switch|p1a: Rotom|Rotom-Wash|99\/100\n|move|p2a: Forretress|Spikes|p1a: Rotom\n|-sidestart|p1: Shinjou Akane|Spikes\n|\n|-heal|p1a: Rotom|100\/100|[from] item: Leftovers\n|upkeep\n|turn|19\n|\n|t:|1666888768\n|move|p1a: Rotom|Hydro Pump|p2a: Forretress\n|-damage|p2a: Forretress|0 fnt\n|faint|p2a: Forretress\n|\n|upkeep\n|\n|t:|1666888784\n|switch|p2a: Hydreigon|Hydreigon, M|100\/100\n|turn|20\n|\n|t:|1666888789\n|move|p2a: Hydreigon|Draco Meteor|p1a: Rotom\n|-damage|p1a: Rotom|21\/100\n|-unboost|p2a: Hydreigon|spa|2\n|move|p1a: Rotom|Defog|p2a: Hydreigon\n|-unboost|p2a: Hydreigon|evasion|1\n|-sideend|p1: Shinjou Akane|Spikes|[from] move: Defog|[of] p1a: Rotom\n|\n|-heal|p1a: Rotom|27\/100|[from] item: Leftovers\n|upkeep\n|turn|21\n|\n|t:|1666888801\n|switch|p2a: Vaporeon|Vaporeon, M|92\/100\n|switch|p1a: Gardevoir|Gardevoir, F|100\/100\n|-ability|p1a: Gardevoir|Water Absorb|[from] ability: Trace|[of] p2a: Vaporeon\n|\n|-heal|p2a: Vaporeon|98\/100|[from] item: Leftovers\n|upkeep\n|turn|22\n|\n|t:|1666888811\n|detailschange|p1a: Gardevoir|Gardevoir-Mega, F\n|-mega|p1a: Gardevoir|Gardevoir|Gardevoirite\n|move|p1a: Gardevoir|Taunt|p2a: Vaporeon\n|-start|p2a: Vaporeon|move: Taunt\n|cant|p2a: Vaporeon|move: Taunt|Wish\n|\n|-heal|p2a: Vaporeon|100\/100|[from] item: Leftovers\n|upkeep\n|turn|23\n|\n|t:|1666888818\n|move|p1a: Gardevoir|Hyper Voice|p2a: Vaporeon\n|-damage|p2a: Vaporeon|64\/100\n|move|p2a: Vaporeon|Scald|p1a: Gardevoir\n|-damage|p1a: Gardevoir|70\/100\n|-status|p1a: Gardevoir|brn\n|\n|-heal|p2a: Vaporeon|71\/100|[from] item: Leftovers\n|-damage|p1a: Gardevoir|64\/100 brn|[from] brn\n|upkeep\n|turn|24\n|\n|t:|1666888828\n|switch|p2a: Toxapex|Toxapex, M|100\/100\n|move|p1a: Gardevoir|Psyshock|p2a: Toxapex\n|-supereffective|p2a: Toxapex\n|-damage|p2a: Toxapex|21\/100\n|\n|-heal|p2a: Toxapex|27\/100|[from] item: Black Sludge\n|-damage|p1a: Gardevoir|58\/100 brn|[from] brn\n|upkeep\n|turn|25\n|\n|t:|1666888837\n|move|p2a: Toxapex|Baneful Bunker|p2a: Toxapex\n|-singleturn|p2a: Toxapex|move: Protect\n|move|p1a: Gardevoir|Psyshock|p2a: Toxapex\n|-activate|p2a: Toxapex|move: Protect\n|\n|-heal|p2a: Toxapex|33\/100|[from] item: Black Sludge\n|-damage|p1a: Gardevoir|51\/100 brn|[from] brn\n|upkeep\n|turn|26\n|\n|t:|1666888852\n|switch|p2a: Vaporeon|Vaporeon, M|71\/100\n|move|p1a: Gardevoir|Hyper Voice|p2a: Vaporeon\n|-damage|p2a: Vaporeon|36\/100\n|\n|-heal|p2a: Vaporeon|42\/100|[from] item: Leftovers\n|-damage|p1a: Gardevoir|45\/100 brn|[from] brn\n|upkeep\n|turn|27\n|\n|t:|1666888861\n|move|p2a: Vaporeon|Protect|p2a: Vaporeon\n|-singleturn|p2a: Vaporeon|Protect\n|move|p1a: Gardevoir|Psyshock|p2a: Vaporeon\n|-activate|p2a: Vaporeon|move: Protect\n|\n|-heal|p2a: Vaporeon|49\/100|[from] item: Leftovers\n|-damage|p1a: Gardevoir|39\/100 brn|[from] brn\n|upkeep\n|turn|28\n|\n|t:|1666888871\n|move|p1a: Gardevoir|Psyshock|p2a: Vaporeon\n|-damage|p2a: Vaporeon|0 fnt\n|faint|p2a: Vaporeon\n|\n|-damage|p1a: Gardevoir|33\/100 brn|[from] brn\n|upkeep\n|\n|t:|1666888879\n|switch|p2a: Hydreigon|Hydreigon, M|100\/100\n|turn|29\n|\n|t:|1666888883\n|move|p2a: Hydreigon|U-turn|p1a: Gardevoir\n|-crit|p1a: Gardevoir\n|-damage|p1a: Gardevoir|0 fnt\n|faint|p1a: Gardevoir\n|\n|t:|1666888892\n|switch|p2a: Toxapex|Toxapex, M|67\/100|[from]move: U-turn\n|\n|-heal|p2a: Toxapex|73\/100|[from] item: Black Sludge\n|upkeep\n|\n|t:|1666888895\n|switch|p1a: Tapu Koko|Tapu Koko|100\/100\n|-fieldstart|move: Electric Terrain|[from] ability: Electric Surge|[of] p1a: Tapu Koko\n|turn|30\n|\n|t:|1666888903\n|move|p2a: Toxapex|Baneful Bunker|p2a: Toxapex\n|-singleturn|p2a: Toxapex|move: Protect\n|move|p1a: Tapu Koko|Thunderbolt|p2a: Toxapex\n|-activate|p2a: Toxapex|move: Protect\n|\n|-heal|p2a: Toxapex|79\/100|[from] item: Black Sludge\n|upkeep\n|turn|31\n|\n|t:|1666888917\n|move|p1a: Tapu Koko|Thunderbolt|p2a: Toxapex\n|-supereffective|p2a: Toxapex\n|-damage|p2a: Toxapex|3\/100\n|move|p2a: Toxapex|Toxic Spikes|p1a: Tapu Koko\n|-sidestart|p1: Shinjou Akane|move: Toxic Spikes\n|\n|-heal|p2a: Toxapex|10\/100|[from] item: Black Sludge\n|upkeep\n|turn|32\n|\n|t:|1666888926\n|move|p2a: Toxapex|Baneful Bunker|p2a: Toxapex\n|-singleturn|p2a: Toxapex|move: Protect\n|move|p1a: Tapu Koko|Hidden Power|p2a: Toxapex\n|-activate|p2a: Toxapex|move: Protect\n|\n|-heal|p2a: Toxapex|16\/100|[from] item: Black Sludge\n|upkeep\n|turn|33\n|\n|t:|1666888939\n|move|p1a: Tapu Koko|Hidden Power|p2a: Toxapex\n|-resisted|p2a: Toxapex\n|-damage|p2a: Toxapex|11\/100\n|move|p2a: Toxapex|Knock Off|p1a: Tapu Koko\n|-resisted|p1a: Tapu Koko\n|-damage|p1a: Tapu Koko|94\/100\n|\n|-heal|p2a: Toxapex|17\/100|[from] item: Black Sludge\n|upkeep\n|turn|34\n|\n|t:|1666888949\n|move|p2a: Toxapex|Baneful Bunker|p2a: Toxapex\n|-singleturn|p2a: Toxapex|move: Protect\n|move|p1a: Tapu Koko|Volt Switch|p2a: Toxapex\n|-activate|p2a: Toxapex|move: Protect\n|\n|-heal|p2a: Toxapex|24\/100|[from] item: Black Sludge\n|-fieldend|move: Electric Terrain\n|upkeep\n|turn|35\n|\n|t:|1666888958\n|move|p1a: Tapu Koko|Hidden Power|p2a: Toxapex\n|-resisted|p2a: Toxapex\n|-damage|p2a: Toxapex|18\/100\n|move|p2a: Toxapex|Toxic Spikes|p1a: Tapu Koko\n|-sidestart|p1: Shinjou Akane|move: Toxic Spikes\n|\n|-heal|p2a: Toxapex|24\/100|[from] item: Black Sludge\n|upkeep\n|turn|36\n|\n|t:|1666888965\n|switch|p1a: Rotom|Rotom-Wash|27\/100\n|move|p2a: Toxapex|Baneful Bunker||[still]\n|-fail|p2a: Toxapex\n|\n|-heal|p1a: Rotom|33\/100|[from] item: Leftovers\n|-heal|p2a: Toxapex|30\/100|[from] item: Black Sludge\n|upkeep\n|turn|37\n|\n|t:|1666888978\n|move|p1a: Rotom|Defog|p2a: Toxapex\n|-unboost|p2a: Toxapex|evasion|1\n|-sideend|p1: Shinjou Akane|Toxic Spikes|[from] move: Defog|[of] p1a: Rotom\n|move|p2a: Toxapex|Knock Off|p1a: Rotom\n|-damage|p1a: Rotom|20\/100\n|-enditem|p1a: Rotom|Leftovers|[from] move: Knock Off|[of] p2a: Toxapex\n|\n|-heal|p2a: Toxapex|37\/100|[from] item: Black Sludge\n|upkeep\n|turn|38\n|\n|t:|1666888987\n|move|p1a: Rotom|Volt Switch|p2a: Toxapex\n|-supereffective|p2a: Toxapex\n|-damage|p2a: Toxapex|1\/100\n|\n|t:|1666888990\n|switch|p1a: Tapu Koko|Tapu Koko|94\/100|[from]move: Volt Switch\n|-fieldstart|move: Electric Terrain|[from] ability: Electric Surge|[of] p1a: Tapu Koko\n|move|p2a: Toxapex|Toxic Spikes|p1a: Tapu Koko\n|-sidestart|p1: Shinjou Akane|move: Toxic Spikes\n|\n|-heal|p2a: Toxapex|7\/100|[from] item: Black Sludge\n|upkeep\n|turn|39\n|\n|t:|1666888997\n|move|p2a: Toxapex|Baneful Bunker|p2a: Toxapex\n|-singleturn|p2a: Toxapex|move: Protect\n|move|p1a: Tapu Koko|Thunderbolt|p2a: Toxapex\n|-activate|p2a: Toxapex|move: Protect\n|\n|-heal|p2a: Toxapex|14\/100|[from] item: Black Sludge\n|upkeep\n|turn|40\n|\n|t:|1666889008\n|move|p1a: Tapu Koko|Thunderbolt|p2a: Toxapex\n|-supereffective|p2a: Toxapex\n|-damage|p2a: Toxapex|0 fnt\n|faint|p2a: Toxapex\n|\n|upkeep\n|c|\u2606Ozrael|gg :)\n|c|\u2606Shinjou Akane|gg\n|\n|t:|1666889027\n|switch|p2a: Aggron|Aggron-Mega, F|34\/100\n|turn|41\n|\n|t:|1666889030\n|move|p1a: Tapu Koko|Thunderbolt|p2a: Aggron\n|-damage|p2a: Aggron|0 fnt\n|faint|p2a: Aggron\n|\n|upkeep\n|c|\u2606Ozrael|you have it :)\n|\n|t:|1666889037\n|switch|p2a: Hydreigon|Hydreigon, M|100\/100\n|turn|42\n|\n|t:|1666889041\n|switch|p1a: Magearna|Magearna|100\/100\n|move|p2a: Hydreigon|U-turn|p1a: Magearna\n|-resisted|p1a: Magearna\n|-damage|p1a: Magearna|98\/100\n|\n|t:|1666889046\n|switch|p2a: Flygon|Flygon, F|82\/100|[from]move: U-turn\n|\n|-fieldend|move: Electric Terrain\n|upkeep\n|turn|43\n|\n|t:|1666889053\n|move|p2a: Flygon|Earthquake|p1a: Magearna\n|-supereffective|p1a: Magearna\n|-damage|p1a: Magearna|0 fnt\n|faint|p1a: Magearna\n|\n|upkeep\n|\n|t:|1666889056\n|switch|p1a: Tapu Koko|Tapu Koko|94\/100\n|-status|p1a: Tapu Koko|psn\n|-fieldstart|move: Electric Terrain|[from] ability: Electric Surge|[of] p1a: Tapu Koko\n|turn|44\n|\n|t:|1666889061\n|move|p1a: Tapu Koko|Hidden Power|p2a: Flygon\n|-supereffective|p2a: Flygon\n|-damage|p2a: Flygon|0 fnt\n|faint|p2a: Flygon\n|\n|-damage|p1a: Tapu Koko|82\/100 psn|[from] psn\n|upkeep\n|\n|t:|1666889067\n|switch|p2a: Hydreigon|Hydreigon, M|100\/100\n|turn|45\n|\n|t:|1666889072\n|move|p2a: Hydreigon|Flamethrower|p1a: Tapu Koko\n|-damage|p1a: Tapu Koko|29\/100 psn\n|move|p1a: Tapu Koko|Hidden Power|p2a: Hydreigon\n|-supereffective|p2a: Hydreigon\n|-damage|p2a: Hydreigon|58\/100\n|\n|-damage|p1a: Tapu Koko|17\/100 psn|[from] psn\n|upkeep\n|turn|46\n|\n|t:|1666889080\n|move|p2a: Hydreigon|Flamethrower|p1a: Tapu Koko\n|-damage|p1a: Tapu Koko|0 fnt\n|faint|p1a: Tapu Koko\n|\n|upkeep\n|\n|t:|1666889083\n|switch|p1a: Garchomp|Garchomp, M|73\/100 tox\n|turn|47\n|c|\u2606Ozrael|i'm scarf..\n|\n|t:|1666889087\n|move|p2a: Hydreigon|Flamethrower|p1a: Garchomp\n|-resisted|p1a: Garchomp\n|-damage|p1a: Garchomp|56\/100 tox\n|move|p1a: Garchomp|Toxic|p2a: Hydreigon\n|-status|p2a: Hydreigon|tox\n|\n|-heal|p1a: Garchomp|62\/100 tox|[from] item: Leftovers\n|-damage|p2a: Hydreigon|52\/100 tox|[from] psn\n|-damage|p1a: Garchomp|56\/100 tox|[from] psn\n|upkeep\n|turn|48\n|\n|t:|1666889096\n|move|p1a: Garchomp|Protect|p1a: Garchomp\n|-singleturn|p1a: Garchomp|Protect\n|move|p2a: Hydreigon|Flamethrower|p1a: Garchomp\n|-activate|p1a: Garchomp|move: Protect\n|\n|-heal|p1a: Garchomp|62\/100 tox|[from] item: Leftovers\n|-damage|p2a: Hydreigon|40\/100 tox|[from] psn\n|-damage|p1a: Garchomp|50\/100 tox|[from] psn\n|-fieldend|move: Electric Terrain\n|upkeep\n|turn|49\n|c|\u2606Ozrael|nice garchomp tank x)\n|\n|t:|1666889109\n|switch|p1a: Rotom|Rotom-Wash|20\/100\n|move|p2a: Hydreigon|Flamethrower|p1a: Rotom\n|-resisted|p1a: Rotom\n|-damage|p1a: Rotom|1\/100\n|\n|-damage|p2a: Hydreigon|21\/100 tox|[from] psn\n|upkeep\n|turn|50\n|c|\u2606Ozrael|i like it!\n|\n|t:|1666889116\n|move|p2a: Hydreigon|Flamethrower|p1a: Rotom\n|-resisted|p1a: Rotom\n|-damage|p1a: Rotom|0 fnt\n|faint|p1a: Rotom\n|\n|-damage|p2a: Hydreigon|0 fnt|[from] psn\n|faint|p2a: Hydreigon\n|\n|win|Shinjou Akane\n|upkeep\n|raw|Shinjou Akane's rating: 1325 &rarr; <strong>1342<\/strong><br \/>(+17 for winning)\n|raw|Ozrael's rating: 1278 &rarr; <strong>1256<\/strong><br \/>(-22 for losing)\n|c|\u2606Shinjou Akane|thank\n","uploadtime":1666889128,"views":13,"p1id":"shinjouakane","p2id":"ozrael","formatid":"gen7ou","rating":1256,"private":0,"password":null}