{"id":"gen7ou-529121445","p1":"Kaylss","p2":"PlayerGirl","format":"gen7ou","log":"|j|Kaylss\n|j|PlayerGirl\n|player|p1|Kaylss|138\n|player|p2|PlayerGirl|96\n|gametype|singles\n|gen|7\n|tier|[Gen 7] OU\n|rated\n|seed|4223,5449,51251,48979\n|clearpoke\n|poke|p1|Muk-Alola, F|item\n|poke|p1|Tornadus-Therian, M|\n|poke|p1|Alomomola, F|item\n|poke|p1|Chansey, F|item\n|poke|p1|Mandibuzz, F|item\n|poke|p1|Diggersby, F|item\n|poke|p2|Pinsir, F|item\n|poke|p2|Greninja, M|item\n|poke|p2|Ferrothorn, M|item\n|poke|p2|Tapu Fini|item\n|poke|p2|Marowak-Alola, M|item\n|poke|p2|Tapu Lele|item\n|rule|Baton Pass Clause: Limit one Baton Passer, can't pass Spe and other stats simultaneously\n|rule|Sleep Clause Mod: Limit one foe put to sleep\n|rule|Species Clause: Limit one of each Pok\u00e9mon\n|rule|OHKO Clause: OHKO moves are banned\n|rule|Moody Clause: Moody is banned\n|rule|Evasion Moves Clause: Evasion moves are banned\n|rule|Endless Battle Clause: Forcing endless battles is banned\n|rule|HP Percentage Mod: HP is shown in percentages\n|teampreview\n|choice|team 2, team 1, team 3, team 4, team 5, team 6|team 3, team 2, team 1, team 4, team 5, team 6\n|\n|start\n|switch|p1a: Tornadus|Tornadus-Therian, M|299\/299\n|switch|p2a: Ferrothorn|Ferrothorn, M|352\/352\n|turn|1\n|choice|move heatwave|switch 4\n|\n|switch|p2a: Tapu Fini|Tapu Fini|344\/344\n|-fieldstart|move: Misty Terrain|[from] ability: Misty Surge|[of] p2a: Tapu Fini\n|move|p1a: Tornadus|Heat Wave|p2a: Tapu Fini\n|-resisted|p2a: Tapu Fini\n|-damage|p2a: Tapu Fini|316\/344\n|\n|-heal|p2a: Tapu Fini|337\/344|[from] item: Leftovers\n|upkeep\n|turn|2\n|choice|move knockoff|move naturesmadness\n|\n|move|p1a: Tornadus|Knock Off|p2a: Tapu Fini\n|-resisted|p2a: Tapu Fini\n|-damage|p2a: Tapu Fini|304\/344\n|-enditem|p2a: Tapu Fini|Leftovers|[from] move: Knock Off|[of] p1a: Tornadus\n|move|p2a: Tapu Fini|Nature's Madness|p1a: Tornadus\n|-damage|p1a: Tornadus|150\/299\n|\n|upkeep\n|turn|3\n|choice|move uturn|move naturesmadness\n|\n|move|p1a: Tornadus|U-turn|p2a: Tapu Fini\n|-resisted|p2a: Tapu Fini\n|-damage|p2a: Tapu Fini|280\/344\n|choice|switch 3|\n|\n|switch|p1a: Alomomola|Alomomola, F|534\/534\n|move|p2a: Tapu Fini|Nature's Madness|p1a: Alomomola|[miss]\n|-miss|p2a: Tapu Fini|p1a: Alomomola\n|\n|upkeep\n|turn|4\n|choice|move wish|move naturesmadness\n|\n|move|p2a: Tapu Fini|Nature's Madness|p1a: Alomomola\n|-damage|p1a: Alomomola|267\/534\n|move|p1a: Alomomola|Wish|p1a: Alomomola\n|\n|-heal|p1a: Alomomola|300\/534|[from] item: Leftovers\n|upkeep\n|turn|5\n|choice|switch 3|move naturesmadness\n|\n|switch|p1a: Tornadus|Tornadus-Therian, M|249\/299\n|move|p2a: Tapu Fini|Nature's Madness|p1a: Tornadus\n|-damage|p1a: Tornadus|125\/299\n|\n|-heal|p1a: Tornadus|299\/299|[from] move: Wish|[wisher] Alomomola\n|-fieldend|Misty Terrain\n|upkeep\n|turn|6\n|choice|move uturn|move naturesmadness\n|\n|move|p1a: Tornadus|U-turn|p2a: Tapu Fini\n|-resisted|p2a: Tapu Fini\n|-damage|p2a: Tapu Fini|254\/344\n|choice|switch 3|\n|\n|switch|p1a: Alomomola|Alomomola, F|478\/534\n|move|p2a: Tapu Fini|Nature's Madness|p1a: Alomomola\n|-damage|p1a: Alomomola|239\/534\n|\n|-heal|p1a: Alomomola|272\/534|[from] item: Leftovers\n|upkeep\n|turn|7\n|choice|move toxic|switch 4\n|\n|switch|p2a: Ferrothorn|Ferrothorn, M|352\/352\n|move|p1a: Alomomola|Toxic|p2a: Ferrothorn|[miss]\n|-miss|p1a: Alomomola|p2a: Ferrothorn\n|\n|-heal|p1a: Alomomola|305\/534|[from] item: Leftovers\n|upkeep\n|turn|8\n|choice|switch 5|move stealthrock\n|\n|switch|p1a: Mandibuzz|Mandibuzz, F|424\/424\n|move|p2a: Ferrothorn|Stealth Rock|p1a: Mandibuzz\n|-sidestart|p1: Kaylss|move: Stealth Rock\n|\n|upkeep\n|turn|9\n|choice|move defog|switch 2\n|\n|switch|p2a: Greninja|Greninja, M|285\/285\n|move|p1a: Mandibuzz|Defog|p2a: Greninja\n|-unboost|p2a: Greninja|evasion|1\n|-sideend|p1: Kaylss|Stealth Rock|[from] move: Defog|[of] p1a: Mandibuzz\n|\n|upkeep\n|turn|10\n|choice|switch 2|move surf\n|\n|switch|p1a: Muk|Muk-Alola, F|414\/414\n|move|p2a: Greninja|Surf|p1a: Muk\n|-damage|p1a: Muk|306\/414\n|\n|upkeep\n|turn|11\n|choice|switch 4|switch 2\n|\n|switch|p2a: Ferrothorn|Ferrothorn, M|352\/352\n|switch|p1a: Chansey|Chansey, F|641\/641\n|\n|upkeep\n|turn|12\n|choice|move stealthrock|switch 4\n|\n|switch|p2a: Tapu Fini|Tapu Fini|254\/344\n|-fieldstart|move: Misty Terrain|[from] ability: Misty Surge|[of] p2a: Tapu Fini\n|move|p1a: Chansey|Stealth Rock|p2a: Tapu Fini\n|-sidestart|p2: PlayerGirl|move: Stealth Rock\n|\n|upkeep\n|turn|13\n|choice|switch 4|move defog\n|\n|switch|p1a: Muk|Muk-Alola, F|306\/414\n|move|p2a: Tapu Fini|Defog|p1a: Muk\n|-unboost|p1a: Muk|evasion|1\n|-sideend|p2: PlayerGirl|Stealth Rock|[from] move: Defog|[of] p2a: Tapu Fini\n|\n|upkeep\n|turn|14\n|choice|move knockoff|switch 4\n|\n|switch|p2a: Ferrothorn|Ferrothorn, M|352\/352\n|move|p1a: Muk|Knock Off|p2a: Ferrothorn\n|-damage|p2a: Ferrothorn|258\/352\n|-damage|p1a: Muk|255\/414|[from] ability: Iron Barbs|[of] p2a: Ferrothorn\n|-damage|p1a: Muk|186\/414|[from] item: Rocky Helmet|[of] p2a: Ferrothorn\n|-enditem|p2a: Ferrothorn|Rocky Helmet|[from] move: Knock Off|[of] p1a: Muk\n|\n|upkeep\n|turn|15\n|choice|switch 5|move leechseed\n|\n|switch|p1a: Alomomola|Alomomola, F|483\/534\n|move|p2a: Ferrothorn|Leech Seed|p1a: Alomomola|[miss]\n|-miss|p2a: Ferrothorn|p1a: Alomomola\n|\n|-heal|p1a: Alomomola|516\/534|[from] item: Leftovers\n|upkeep\n|turn|16\n|choice|move wish|move stealthrock\n|\n|move|p1a: Alomomola|Wish|p1a: Alomomola\n|move|p2a: Ferrothorn|Stealth Rock|p1a: Alomomola\n|-sidestart|p1: Kaylss|move: Stealth Rock\n|\n|-heal|p1a: Alomomola|534\/534|[from] item: Leftovers\n|-fieldend|Misty Terrain\n|upkeep\n|turn|17\n|j|mfd oski\n|choice|switch 5|move leechseed\n|\n|switch|p1a: Muk|Muk-Alola, F|186\/414\n|-damage|p1a: Muk|135\/414|[from] Stealth Rock\n|move|p2a: Ferrothorn|Leech Seed|p1a: Muk\n|-start|p1a: Muk|move: Leech Seed\n|\n|-heal|p1a: Muk|402\/414|[from] move: Wish|[wisher] Alomomola\n|-damage|p1a: Muk|351\/414|[from] Leech Seed|[of] p2a: Ferrothorn\n|-heal|p2a: Ferrothorn|309\/352|[silent]\n|upkeep\n|turn|18\n|j|sou linda\n|l|mfd oski\n|choice|switch 3|move gyroball\n|\n|switch|p1a: Tornadus|Tornadus-Therian, M|299\/299\n|-damage|p1a: Tornadus|225\/299|[from] Stealth Rock\n|move|p2a: Ferrothorn|Gyro Ball|p1a: Tornadus\n|-damage|p1a: Tornadus|0 fnt\n|faint|p1a: Tornadus\n|\n|upkeep\n|choice|switch 2|\n|\n|switch|p1a: Mandibuzz|Mandibuzz, F|424\/424\n|-damage|p1a: Mandibuzz|318\/424|[from] Stealth Rock\n|turn|19\n|choice|move defog|move leechseed\n|\n|move|p1a: Mandibuzz|Defog|p2a: Ferrothorn\n|-unboost|p2a: Ferrothorn|evasion|1\n|-sideend|p1: Kaylss|Stealth Rock|[from] move: Defog|[of] p1a: Mandibuzz\n|move|p2a: Ferrothorn|Leech Seed|p1a: Mandibuzz\n|-start|p1a: Mandibuzz|move: Leech Seed\n|\n|-heal|p1a: Mandibuzz|344\/424|[from] item: Leftovers\n|-damage|p1a: Mandibuzz|291\/424|[from] Leech Seed|[of] p2a: Ferrothorn\n|-heal|p2a: Ferrothorn|352\/352|[silent]\n|upkeep\n|turn|20\n|choice|move roost|move stealthrock\n|\n|move|p1a: Mandibuzz|Roost|p1a: Mandibuzz\n|-heal|p1a: Mandibuzz|424\/424\n|move|p2a: Ferrothorn|Stealth Rock|p1a: Mandibuzz\n|-sidestart|p1: Kaylss|move: Stealth Rock\n|\n|-damage|p1a: Mandibuzz|371\/424|[from] Leech Seed|[of] p2a: Ferrothorn\n|upkeep\n|turn|21\n|choice|switch 4|move spikes\n|\n|switch|p1a: Chansey|Chansey, F|641\/641\n|-damage|p1a: Chansey|561\/641|[from] Stealth Rock\n|move|p2a: Ferrothorn|Spikes|p1a: Chansey\n|-sidestart|p1: Kaylss|Spikes\n|\n|upkeep\n|turn|22\n|choice|move stealthrock|switch 3\n|\n|switch|p2a: Pinsir|Pinsir, F|272\/272\n|move|p1a: Chansey|Stealth Rock|p2a: Pinsir\n|-sidestart|p2: PlayerGirl|move: Stealth Rock\n|\n|upkeep\n|turn|23\n|choice|switch 4|move closecombat\n|\n|switch|p1a: Mandibuzz|Mandibuzz, F|371\/424\n|-damage|p1a: Mandibuzz|265\/424|[from] Stealth Rock\n|move|p2a: Pinsir|Close Combat|p1a: Mandibuzz\n|-damage|p1a: Mandibuzz|175\/424\n|-unboost|p2a: Pinsir|def|1\n|-unboost|p2a: Pinsir|spd|1\n|\n|-heal|p1a: Mandibuzz|201\/424|[from] item: Leftovers\n|upkeep\n|turn|24\n|choice|move roost|move frustration mega\n|\n|detailschange|p2a: Pinsir|Pinsir-Mega, F\n|-mega|p2a: Pinsir|Pinsir|Pinsirite\n|move|p2a: Pinsir|Frustration|p1a: Mandibuzz\n|-damage|p1a: Mandibuzz|21\/424\n|move|p1a: Mandibuzz|Roost|p1a: Mandibuzz\n|-heal|p1a: Mandibuzz|233\/424\n|\n|-heal|p1a: Mandibuzz|259\/424|[from] item: Leftovers\n|upkeep\n|turn|25\n|choice|move roost|switch 3\n|\n|switch|p2a: Ferrothorn|Ferrothorn, M|352\/352\n|-damage|p2a: Ferrothorn|330\/352|[from] Stealth Rock\n|move|p1a: Mandibuzz|Roost|p1a: Mandibuzz\n|-heal|p1a: Mandibuzz|424\/424\n|\n|upkeep\n|turn|26\n|choice|switch 6|move spikes\n|\n|switch|p1a: Diggersby|Diggersby, F|311\/311\n|-damage|p1a: Diggersby|273\/311|[from] Spikes\n|-damage|p1a: Diggersby|254\/311|[from] Stealth Rock\n|move|p2a: Ferrothorn|Spikes|p1a: Diggersby\n|-sidestart|p1: Kaylss|Spikes\n|\n|upkeep\n|turn|27\n|choice|move earthquake|switch 2\n|\n|switch|p2a: Greninja|Greninja, M|285\/285\n|-damage|p2a: Greninja|250\/285|[from] Stealth Rock\n|move|p1a: Diggersby|Earthquake|p2a: Greninja\n|-damage|p2a: Greninja|0 fnt\n|faint|p2a: Greninja\n|\n|upkeep\n|choice||switch 3\n|\n|switch|p2a: Pinsir|Pinsir-Mega, F|272\/272\n|-damage|p2a: Pinsir|136\/272|[from] Stealth Rock\n|turn|28\n|choice|switch 6|move frustration\n|\n|switch|p1a: Mandibuzz|Mandibuzz, F|424\/424\n|-damage|p1a: Mandibuzz|318\/424|[from] Stealth Rock\n|move|p2a: Pinsir|Frustration|p1a: Mandibuzz\n|-damage|p1a: Mandibuzz|153\/424\n|\n|-heal|p1a: Mandibuzz|179\/424|[from] item: Leftovers\n|upkeep\n|turn|29\n|choice|move roost|move frustration\n|\n|move|p2a: Pinsir|Frustration|p1a: Mandibuzz\n|-damage|p1a: Mandibuzz|2\/424\n|move|p1a: Mandibuzz|Roost|p1a: Mandibuzz\n|-heal|p1a: Mandibuzz|214\/424\n|\n|-heal|p1a: Mandibuzz|240\/424|[from] item: Leftovers\n|upkeep\n|turn|30\n|choice|move roost|move frustration\n|\n|move|p2a: Pinsir|Frustration|p1a: Mandibuzz\n|-damage|p1a: Mandibuzz|78\/424\n|move|p1a: Mandibuzz|Roost|p1a: Mandibuzz\n|-heal|p1a: Mandibuzz|290\/424\n|\n|-heal|p1a: Mandibuzz|316\/424|[from] item: Leftovers\n|upkeep\n|turn|31\n|choice|move roost|move frustration\n|\n|move|p2a: Pinsir|Frustration|p1a: Mandibuzz\n|-damage|p1a: Mandibuzz|151\/424\n|move|p1a: Mandibuzz|Roost|p1a: Mandibuzz\n|-heal|p1a: Mandibuzz|363\/424\n|\n|-heal|p1a: Mandibuzz|389\/424|[from] item: Leftovers\n|upkeep\n|turn|32\n|l|sou linda\n|choice|move foulplay|switch 2\n|\n|switch|p2a: Ferrothorn|Ferrothorn, M|330\/352\n|-damage|p2a: Ferrothorn|308\/352|[from] Stealth Rock\n|move|p1a: Mandibuzz|Foul Play|p2a: Ferrothorn\n|-damage|p2a: Ferrothorn|245\/352\n|-damage|p1a: Mandibuzz|336\/424|[from] ability: Iron Barbs|[of] p2a: Ferrothorn\n|\n|-heal|p1a: Mandibuzz|362\/424|[from] item: Leftovers\n|upkeep\n|turn|33\n|choice|move defog|move leechseed\n|\n|move|p1a: Mandibuzz|Defog|p2a: Ferrothorn\n|-unboost|p2a: Ferrothorn|evasion|1\n|-sideend|p2: PlayerGirl|Stealth Rock|[from] move: Defog|[of] p2a: Ferrothorn\n|-sideend|p1: Kaylss|Spikes|[from] move: Defog|[of] p1a: Mandibuzz\n|-sideend|p1: Kaylss|Stealth Rock|[from] move: Defog|[of] p1a: Mandibuzz\n|move|p2a: Ferrothorn|Leech Seed|p1a: Mandibuzz\n|-start|p1a: Mandibuzz|move: Leech Seed\n|\n|-heal|p1a: Mandibuzz|388\/424|[from] item: Leftovers\n|-damage|p1a: Mandibuzz|335\/424|[from] Leech Seed|[of] p2a: Ferrothorn\n|-heal|p2a: Ferrothorn|298\/352|[silent]\n|upkeep\n|turn|34\n|choice|switch 4|move leechseed\n|\n|switch|p1a: Chansey|Chansey, F|561\/641\n|move|p2a: Ferrothorn|Leech Seed|p1a: Chansey\n|-start|p1a: Chansey|move: Leech Seed\n|\n|-damage|p1a: Chansey|481\/641|[from] Leech Seed|[of] p2a: Ferrothorn\n|-heal|p2a: Ferrothorn|352\/352|[silent]\n|upkeep\n|turn|35\n|choice|move stealthrock|switch 5\n|\n|switch|p2a: Marowak|Marowak-Alola, M|324\/324\n|move|p1a: Chansey|Stealth Rock|p2a: Marowak\n|-sidestart|p2: PlayerGirl|move: Stealth Rock\n|\n|-damage|p1a: Chansey|401\/641|[from] Leech Seed|[of] p2a: Marowak\n|upkeep\n|turn|36\n|choice|switch 5|move flareblitz\n|\n|switch|p1a: Alomomola|Alomomola, F|534\/534\n|move|p2a: Marowak|Flare Blitz|p1a: Alomomola\n|-resisted|p1a: Alomomola\n|-damage|p1a: Alomomola|436\/534\n|-damage|p2a: Marowak|292\/324|[from] recoil|[of] p1a: Alomomola\n|\n|-heal|p1a: Alomomola|469\/534|[from] item: Leftovers\n|upkeep\n|turn|37\n|choice|move wish|move earthquake\n|\n|move|p1a: Alomomola|Wish|p1a: Alomomola\n|move|p2a: Marowak|Earthquake|p1a: Alomomola\n|-damage|p1a: Alomomola|346\/534\n|\n|-heal|p1a: Alomomola|379\/534|[from] item: Leftovers\n|upkeep\n|turn|38\n|choice|move scald|move flareblitz\n|\n|move|p1a: Alomomola|Scald|p2a: Marowak\n|-supereffective|p2a: Marowak\n|-damage|p2a: Marowak|218\/324\n|move|p2a: Marowak|Flare Blitz|p1a: Alomomola\n|-resisted|p1a: Alomomola\n|-damage|p1a: Alomomola|269\/534\n|-damage|p2a: Marowak|182\/324|[from] recoil|[of] p1a: Alomomola\n|\n|-heal|p1a: Alomomola|534\/534|[from] move: Wish|[wisher] Alomomola\n|upkeep\n|turn|39\n|choice|move scald|move shadowbone\n|\n|move|p1a: Alomomola|Scald|p2a: Marowak\n|-supereffective|p2a: Marowak\n|-damage|p2a: Marowak|108\/324\n|move|p2a: Marowak|Shadow Bone|p1a: Alomomola\n|-damage|p1a: Alomomola|378\/534\n|\n|-heal|p1a: Alomomola|411\/534|[from] item: Leftovers\n|upkeep\n|turn|40\n|choice|move scald|move thunderpunch\n|\n|move|p1a: Alomomola|Scald|p2a: Marowak\n|-supereffective|p2a: Marowak\n|-crit|p2a: Marowak\n|-damage|p2a: Marowak|0 fnt\n|faint|p2a: Marowak\n|\n|-heal|p1a: Alomomola|444\/534|[from] item: Leftovers\n|upkeep\n|choice||switch 6\n|\n|switch|p2a: Tapu Lele|Tapu Lele|281\/281\n|-damage|p2a: Tapu Lele|246\/281|[from] Stealth Rock\n|-fieldstart|move: Psychic Terrain|[from] ability: Psychic Surge|[of] p2a: Tapu Lele\n|turn|41\n|choice|switch 3|move moonblast\n|\n|switch|p1a: Muk|Muk-Alola, F|351\/414\n|move|p2a: Tapu Lele|Moonblast|p1a: Muk\n|-damage|p1a: Muk|234\/414\n|\n|upkeep\n|turn|42\n|choice|move pursuit|move moonblast\n|\n|move|p2a: Tapu Lele|Moonblast|p1a: Muk\n|-crit|p1a: Muk\n|-damage|p1a: Muk|78\/414\n|-unboost|p1a: Muk|spa|1\n|move|p1a: Muk|Pursuit|p2a: Tapu Lele\n|-crit|p2a: Tapu Lele\n|-damage|p2a: Tapu Lele|107\/281\n|\n|upkeep\n|turn|43\n|choice|switch 3|move moonblast\n|\n|switch|p1a: Alomomola|Alomomola, F|534\/534\n|move|p2a: Tapu Lele|Moonblast|p1a: Alomomola\n|-damage|p1a: Alomomola|228\/534\n|\n|-heal|p1a: Alomomola|261\/534|[from] item: Leftovers\n|upkeep\n|turn|44\n|choice|move protect|move moonblast\n|\n|move|p1a: Alomomola|Protect|p1a: Alomomola\n|-singleturn|p1a: Alomomola|Protect\n|move|p2a: Tapu Lele|Moonblast|p1a: Alomomola\n|-activate|p1a: Alomomola|move: Protect\n|\n|-heal|p1a: Alomomola|294\/534|[from] item: Leftovers\n|upkeep\n|turn|45\n|choice|switch 5|move moonblast\n|\n|switch|p1a: Chansey|Chansey, F|401\/641\n|move|p2a: Tapu Lele|Moonblast|p1a: Chansey\n|-damage|p1a: Chansey|310\/641\n|-unboost|p1a: Chansey|spa|1\n|\n|-fieldend|move: Psychic Terrain\n|upkeep\n|turn|46\n|choice|move softboiled|switch 4\n|\n|switch|p2a: Tapu Fini|Tapu Fini|254\/344\n|-damage|p2a: Tapu Fini|211\/344|[from] Stealth Rock\n|-fieldstart|move: Misty Terrain|[from] ability: Misty Surge|[of] p2a: Tapu Fini\n|move|p1a: Chansey|Soft-Boiled|p1a: Chansey\n|-heal|p1a: Chansey|631\/641\n|\n|upkeep\n|turn|47\n|choice|move seismictoss|move defog\n|\n|move|p2a: Tapu Fini|Defog|p1a: Chansey\n|-unboost|p1a: Chansey|evasion|1\n|-sideend|p2: PlayerGirl|Stealth Rock|[from] move: Defog|[of] p2a: Tapu Fini\n|move|p1a: Chansey|Seismic Toss|p2a: Tapu Fini\n|-damage|p2a: Tapu Fini|111\/344\n|\n|upkeep\n|turn|48\n|choice|move stealthrock|move naturesmadness\n|\n|move|p2a: Tapu Fini|Nature's Madness|p1a: Chansey\n|-damage|p1a: Chansey|316\/641\n|move|p1a: Chansey|Stealth Rock|p2a: Tapu Fini\n|-sidestart|p2: PlayerGirl|move: Stealth Rock\n|\n|upkeep\n|turn|49\n|choice|move seismictoss|move defog\n|\n|move|p2a: Tapu Fini|Defog|p1a: Chansey\n|-unboost|p1a: Chansey|evasion|1\n|-sideend|p2: PlayerGirl|Stealth Rock|[from] move: Defog|[of] p2a: Tapu Fini\n|move|p1a: Chansey|Seismic Toss|p2a: Tapu Fini\n|-damage|p2a: Tapu Fini|11\/344\n|\n|upkeep\n|turn|50\n|choice|move softboiled|move naturesmadness\n|\n|move|p2a: Tapu Fini|Nature's Madness|p1a: Chansey\n|-damage|p1a: Chansey|158\/641\n|move|p1a: Chansey|Soft-Boiled|p1a: Chansey\n|-heal|p1a: Chansey|479\/641\n|\n|-fieldend|Misty Terrain\n|upkeep\n|turn|51\n|choice|move seismictoss|move naturesmadness\n|\n|move|p2a: Tapu Fini|Nature's Madness|p1a: Chansey\n|-damage|p1a: Chansey|240\/641\n|move|p1a: Chansey|Seismic Toss|p2a: Tapu Fini\n|-damage|p2a: Tapu Fini|0 fnt\n|faint|p2a: Tapu Fini\n|\n|upkeep\n|choice||switch 2\n|\n|switch|p2a: Pinsir|Pinsir-Mega, F|136\/272\n|turn|52\n|choice|switch 4|move frustration\n|\n|switch|p1a: Mandibuzz|Mandibuzz, F|335\/424\n|move|p2a: Pinsir|Frustration|p1a: Mandibuzz\n|-damage|p1a: Mandibuzz|155\/424\n|\n|-heal|p1a: Mandibuzz|181\/424|[from] item: Leftovers\n|upkeep\n|turn|53\n|choice|move roost|switch 5\n|\n|switch|p2a: Ferrothorn|Ferrothorn, M|352\/352\n|move|p1a: Mandibuzz|Roost|p1a: Mandibuzz\n|-heal|p1a: Mandibuzz|393\/424\n|\n|-heal|p1a: Mandibuzz|419\/424|[from] item: Leftovers\n|upkeep\n|turn|54\n|choice|switch 4|move leechseed\n|\n|switch|p1a: Chansey|Chansey, F|240\/641\n|move|p2a: Ferrothorn|Leech Seed|p1a: Chansey\n|-start|p1a: Chansey|move: Leech Seed\n|\n|-damage|p1a: Chansey|160\/641|[from] Leech Seed|[of] p2a: Ferrothorn\n|upkeep\n|turn|55\n|choice|move softboiled|move gyroball\n|\n|move|p1a: Chansey|Soft-Boiled|p1a: Chansey\n|-heal|p1a: Chansey|481\/641\n|move|p2a: Ferrothorn|Gyro Ball|p1a: Chansey\n|-damage|p1a: Chansey|378\/641\n|\n|-damage|p1a: Chansey|298\/641|[from] Leech Seed|[of] p2a: Ferrothorn\n|upkeep\n|turn|56\n|choice|move softboiled|switch 5\n|\n|switch|p2a: Pinsir|Pinsir-Mega, F|136\/272\n|move|p1a: Chansey|Soft-Boiled|p1a: Chansey\n|-heal|p1a: Chansey|619\/641\n|\n|-damage|p1a: Chansey|539\/641|[from] Leech Seed|[of] p2a: Pinsir\n|-heal|p2a: Pinsir|216\/272|[silent]\n|upkeep\n|turn|57\n|choice|switch 4|move closecombat\n|\n|switch|p1a: Mandibuzz|Mandibuzz, F|419\/424\n|move|p2a: Pinsir|Close Combat|p1a: Mandibuzz\n|-damage|p1a: Mandibuzz|299\/424\n|-unboost|p2a: Pinsir|def|1\n|-unboost|p2a: Pinsir|spd|1\n|\n|-heal|p1a: Mandibuzz|325\/424|[from] item: Leftovers\n|upkeep\n|turn|58\n|choice|move foulplay|switch 5\n|\n|switch|p2a: Ferrothorn|Ferrothorn, M|352\/352\n|move|p1a: Mandibuzz|Foul Play|p2a: Ferrothorn\n|-damage|p2a: Ferrothorn|288\/352\n|-damage|p1a: Mandibuzz|272\/424|[from] ability: Iron Barbs|[of] p2a: Ferrothorn\n|\n|-heal|p1a: Mandibuzz|298\/424|[from] item: Leftovers\n|upkeep\n|turn|59\n|choice|move roost|move leechseed\n|\n|move|p1a: Mandibuzz|Roost|p1a: Mandibuzz\n|-heal|p1a: Mandibuzz|424\/424\n|move|p2a: Ferrothorn|Leech Seed|p1a: Mandibuzz\n|-start|p1a: Mandibuzz|move: Leech Seed\n|\n|-damage|p1a: Mandibuzz|371\/424|[from] Leech Seed|[of] p2a: Ferrothorn\n|-heal|p2a: Ferrothorn|341\/352|[silent]\n|upkeep\n|turn|60\n|choice|switch 5|move gyroball\n|\n|switch|p1a: Alomomola|Alomomola, F|472\/534\n|move|p2a: Ferrothorn|Gyro Ball|p1a: Alomomola\n|-resisted|p1a: Alomomola\n|-damage|p1a: Alomomola|425\/534\n|\n|-heal|p1a: Alomomola|458\/534|[from] item: Leftovers\n|upkeep\n|turn|61\n|choice|move wish|move stealthrock\n|\n|move|p1a: Alomomola|Wish|p1a: Alomomola\n|move|p2a: Ferrothorn|Stealth Rock|p1a: Alomomola\n|-sidestart|p1: Kaylss|move: Stealth Rock\n|\n|-heal|p1a: Alomomola|491\/534|[from] item: Leftovers\n|upkeep\n|turn|62\n|choice|move scald|move gyroball\n|\n|move|p1a: Alomomola|Scald|p2a: Ferrothorn\n|-resisted|p2a: Ferrothorn\n|-damage|p2a: Ferrothorn|320\/352\n|move|p2a: Ferrothorn|Gyro Ball|p1a: Alomomola\n|-resisted|p1a: Alomomola\n|-damage|p1a: Alomomola|450\/534\n|\n|-heal|p1a: Alomomola|534\/534|[from] move: Wish|[wisher] Alomomola\n|upkeep\n|turn|63\n|choice|switch 5|switch 4\n|\n|switch|p1a: Mandibuzz|Mandibuzz, F|371\/424\n|-damage|p1a: Mandibuzz|265\/424|[from] Stealth Rock\n|switch|p2a: Tapu Lele|Tapu Lele|107\/281\n|-fieldstart|move: Psychic Terrain|[from] ability: Psychic Surge|[of] p2a: Tapu Lele\n|\n|-heal|p1a: Mandibuzz|291\/424|[from] item: Leftovers\n|upkeep\n|turn|64\n|choice|switch 5|switch 5\n|\n|switch|p2a: Pinsir|Pinsir-Mega, F|216\/272\n|switch|p1a: Alomomola|Alomomola, F|534\/534\n|-damage|p1a: Alomomola|468\/534|[from] Stealth Rock\n|\n|-heal|p1a: Alomomola|501\/534|[from] item: Leftovers\n|upkeep\n|turn|65\n|choice|move scald|move frustration\n|\n|move|p2a: Pinsir|Frustration|p1a: Alomomola\n|-damage|p1a: Alomomola|276\/534\n|move|p1a: Alomomola|Scald|p2a: Pinsir\n|-damage|p2a: Pinsir|162\/272\n|\n|-heal|p1a: Alomomola|309\/534|[from] item: Leftovers\n|upkeep\n|turn|66\n|choice|move wish|switch 5\n|\n|switch|p2a: Tapu Lele|Tapu Lele|107\/281\n|move|p1a: Alomomola|Wish|p1a: Alomomola\n|\n|-heal|p1a: Alomomola|342\/534|[from] item: Leftovers\n|upkeep\n|turn|67\n|choice|move protect|move moonblast\n|\n|move|p1a: Alomomola|Protect|p1a: Alomomola\n|-singleturn|p1a: Alomomola|Protect\n|move|p2a: Tapu Lele|Moonblast|p1a: Alomomola\n|-activate|p1a: Alomomola|move: Protect\n|\n|-heal|p1a: Alomomola|534\/534|[from] move: Wish|[wisher] Alomomola\n|-fieldend|move: Psychic Terrain\n|upkeep\n|turn|68\n|choice|move toxic|move moonblast\n|\n|move|p2a: Tapu Lele|Moonblast|p1a: Alomomola\n|-damage|p1a: Alomomola|245\/534\n|move|p1a: Alomomola|Toxic|p2a: Tapu Lele\n|-status|p2a: Tapu Lele|tox\n|\n|-heal|p1a: Alomomola|278\/534|[from] item: Leftovers\n|-damage|p2a: Tapu Lele|90\/281 tox|[from] psn\n|upkeep\n|turn|69\n|choice|move protect|move moonblast\n|\n|move|p1a: Alomomola|Protect|p1a: Alomomola\n|-singleturn|p1a: Alomomola|Protect\n|move|p2a: Tapu Lele|Moonblast|p1a: Alomomola\n|-activate|p1a: Alomomola|move: Protect\n|\n|-heal|p1a: Alomomola|311\/534|[from] item: Leftovers\n|-damage|p2a: Tapu Lele|56\/281 tox|[from] psn\n|upkeep\n|turn|70\n|choice|switch 4|move moonblast\n|\n|switch|p1a: Chansey|Chansey, F|539\/641\n|-damage|p1a: Chansey|459\/641|[from] Stealth Rock\n|move|p2a: Tapu Lele|Moonblast|p1a: Chansey\n|-damage|p1a: Chansey|366\/641\n|\n|-damage|p2a: Tapu Lele|5\/281 tox|[from] psn\n|upkeep\n|turn|71\n|choice|move stealthrock|switch 5\n|\n|switch|p2a: Pinsir|Pinsir-Mega, F|162\/272\n|move|p1a: Chansey|Stealth Rock|p2a: Pinsir\n|-sidestart|p2: PlayerGirl|move: Stealth Rock\n|\n|upkeep\n|turn|72\n|choice|switch 3|move frustration\n|\n|switch|p1a: Muk|Muk-Alola, F|78\/414\n|-damage|p1a: Muk|27\/414|[from] Stealth Rock\n|move|p2a: Pinsir|Frustration|p1a: Muk\n|-damage|p1a: Muk|0 fnt\n|faint|p1a: Muk\n|\n|upkeep\n|choice|switch 5|\n|\n|switch|p1a: Mandibuzz|Mandibuzz, F|291\/424\n|-damage|p1a: Mandibuzz|185\/424|[from] Stealth Rock\n|turn|73\n|choice|move roost|move frustration\n|\n|move|p2a: Pinsir|Frustration|p1a: Mandibuzz\n|-damage|p1a: Mandibuzz|8\/424\n|move|p1a: Mandibuzz|Roost|p1a: Mandibuzz\n|-heal|p1a: Mandibuzz|220\/424\n|\n|-heal|p1a: Mandibuzz|246\/424|[from] item: Leftovers\n|upkeep\n|turn|74\n|choice|move foulplay|switch 4\n|\n|switch|p2a: Ferrothorn|Ferrothorn, M|320\/352\n|-damage|p2a: Ferrothorn|298\/352|[from] Stealth Rock\n|move|p1a: Mandibuzz|Foul Play|p2a: Ferrothorn\n|-damage|p2a: Ferrothorn|234\/352\n|-damage|p1a: Mandibuzz|193\/424|[from] ability: Iron Barbs|[of] p2a: Ferrothorn\n|\n|-heal|p1a: Mandibuzz|219\/424|[from] item: Leftovers\n|upkeep\n|turn|75\n|choice|move roost|move leechseed\n|\n|move|p1a: Mandibuzz|Roost|p1a: Mandibuzz\n|-heal|p1a: Mandibuzz|424\/424\n|move|p2a: Ferrothorn|Leech Seed|p1a: Mandibuzz|[miss]\n|-miss|p2a: Ferrothorn|p1a: Mandibuzz\n|\n|upkeep\n|turn|76\n|choice|switch 4|move leechseed\n|\n|switch|p1a: Alomomola|Alomomola, F|489\/534\n|-damage|p1a: Alomomola|423\/534|[from] Stealth Rock\n|move|p2a: Ferrothorn|Leech Seed|p1a: Alomomola\n|-start|p1a: Alomomola|move: Leech Seed\n|\n|-heal|p1a: Alomomola|456\/534|[from] item: Leftovers\n|-damage|p1a: Alomomola|390\/534|[from] Leech Seed|[of] p2a: Ferrothorn\n|-heal|p2a: Ferrothorn|300\/352|[silent]\n|upkeep\n|turn|77\n|choice|move scald|move spikes\n|\n|move|p1a: Alomomola|Scald|p2a: Ferrothorn\n|-resisted|p2a: Ferrothorn\n|-damage|p2a: Ferrothorn|279\/352\n|move|p2a: Ferrothorn|Spikes|p1a: Alomomola\n|-sidestart|p1: Kaylss|Spikes\n|\n|-heal|p1a: Alomomola|423\/534|[from] item: Leftovers\n|-damage|p1a: Alomomola|357\/534|[from] Leech Seed|[of] p2a: Ferrothorn\n|-heal|p2a: Ferrothorn|345\/352|[silent]\n|upkeep\n|turn|78\n|choice|move wish|move spikes\n|\n|move|p1a: Alomomola|Wish|p1a: Alomomola\n|move|p2a: Ferrothorn|Spikes|p1a: Alomomola\n|-sidestart|p1: Kaylss|Spikes\n|\n|-heal|p1a: Alomomola|390\/534|[from] item: Leftovers\n|-damage|p1a: Alomomola|324\/534|[from] Leech Seed|[of] p2a: Ferrothorn\n|-heal|p2a: Ferrothorn|352\/352|[silent]\n|upkeep\n|turn|79\n|choice|move scald|move gyroball\n|\n|move|p1a: Alomomola|Scald|p2a: Ferrothorn\n|-resisted|p2a: Ferrothorn\n|-damage|p2a: Ferrothorn|331\/352\n|move|p2a: Ferrothorn|Gyro Ball|p1a: Alomomola\n|-resisted|p1a: Alomomola\n|-damage|p1a: Alomomola|284\/534\n|\n|-heal|p1a: Alomomola|534\/534|[from] move: Wish|[wisher] Alomomola\n|-damage|p1a: Alomomola|468\/534|[from] Leech Seed|[of] p2a: Ferrothorn\n|-heal|p2a: Ferrothorn|352\/352|[silent]\n|upkeep\n|turn|80\n|choice|move scald|move spikes\n|\n|move|p1a: Alomomola|Scald|p2a: Ferrothorn\n|-resisted|p2a: Ferrothorn\n|-damage|p2a: Ferrothorn|331\/352\n|-status|p2a: Ferrothorn|brn\n|move|p2a: Ferrothorn|Spikes|p1a: Alomomola\n|-sidestart|p1: Kaylss|Spikes\n|\n|-heal|p1a: Alomomola|501\/534|[from] item: Leftovers\n|-damage|p1a: Alomomola|435\/534|[from] Leech Seed|[of] p2a: Ferrothorn\n|-heal|p2a: Ferrothorn|352\/352 brn|[silent]\n|-damage|p2a: Ferrothorn|330\/352 brn|[from] brn\n|upkeep\n|turn|81\n|choice|switch 3|move leechseed\n|\n|switch|p1a: Chansey|Chansey, F|366\/641\n|-damage|p1a: Chansey|286\/641|[from] Stealth Rock\n|-damage|p1a: Chansey|126\/641|[from] Spikes\n|move|p2a: Ferrothorn|Leech Seed|p1a: Chansey\n|-start|p1a: Chansey|move: Leech Seed\n|\n|-damage|p1a: Chansey|46\/641|[from] Leech Seed|[of] p2a: Ferrothorn\n|-heal|p2a: Ferrothorn|352\/352 brn|[silent]\n|-damage|p2a: Ferrothorn|330\/352 brn|[from] brn\n|upkeep\n|turn|82\n|choice|move softboiled|move gyroball\n|\n|move|p1a: Chansey|Soft-Boiled|p1a: Chansey\n|-heal|p1a: Chansey|367\/641\n|move|p2a: Ferrothorn|Gyro Ball|p1a: Chansey\n|-damage|p1a: Chansey|311\/641\n|\n|-damage|p1a: Chansey|231\/641|[from] Leech Seed|[of] p2a: Ferrothorn\n|-heal|p2a: Ferrothorn|352\/352 brn|[silent]\n|-damage|p2a: Ferrothorn|330\/352 brn|[from] brn\n|upkeep\n|turn|83\n|choice|switch 4|switch 4\n|\n|switch|p1a: Mandibuzz|Mandibuzz, F|424\/424\n|-damage|p1a: Mandibuzz|318\/424|[from] Stealth Rock\n|switch|p2a: Pinsir|Pinsir-Mega, F|162\/272\n|-damage|p2a: Pinsir|26\/272|[from] Stealth Rock\n|\n|-heal|p1a: Mandibuzz|344\/424|[from] item: Leftovers\n|upkeep\n|turn|84\n|choice|move defog|move frustration\n|\n|move|p2a: Pinsir|Frustration|p1a: Mandibuzz\n|-damage|p1a: Mandibuzz|172\/424\n|move|p1a: Mandibuzz|Defog|p2a: Pinsir\n|-unboost|p2a: Pinsir|evasion|1\n|-sideend|p2: PlayerGirl|Stealth Rock|[from] move: Defog|[of] p2a: Pinsir\n|-sideend|p1: Kaylss|Spikes|[from] move: Defog|[of] p1a: Mandibuzz\n|-sideend|p1: Kaylss|Stealth Rock|[from] move: Defog|[of] p1a: Mandibuzz\n|\n|-heal|p1a: Mandibuzz|198\/424|[from] item: Leftovers\n|upkeep\n|turn|85\n|choice|move roost|move frustration\n|\n|move|p2a: Pinsir|Frustration|p1a: Mandibuzz\n|-damage|p1a: Mandibuzz|38\/424\n|move|p1a: Mandibuzz|Roost|p1a: Mandibuzz\n|-heal|p1a: Mandibuzz|250\/424\n|\n|-heal|p1a: Mandibuzz|276\/424|[from] item: Leftovers\n|upkeep\n|turn|86\n|choice|move foulplay|move frustration\n|\n|move|p2a: Pinsir|Frustration|p1a: Mandibuzz\n|-damage|p1a: Mandibuzz|108\/424\n|move|p1a: Mandibuzz|Foul Play|p2a: Pinsir\n|-damage|p2a: Pinsir|0 fnt\n|faint|p2a: Pinsir\n|\n|-heal|p1a: Mandibuzz|134\/424|[from] item: Leftovers\n|upkeep\n|choice||switch 5\n|\n|switch|p2a: Tapu Lele|Tapu Lele|5\/281 tox\n|-fieldstart|move: Psychic Terrain|[from] ability: Psychic Surge|[of] p2a: Tapu Lele\n|turn|87\n|choice|switch 3|move moonblast\n|\n|switch|p1a: Alomomola|Alomomola, F|534\/534\n|move|p2a: Tapu Lele|Moonblast|p1a: Alomomola\n|-damage|p1a: Alomomola|204\/534\n|\n|-heal|p1a: Alomomola|237\/534|[from] item: Leftovers\n|-damage|p2a: Tapu Lele|0 fnt|[from] psn\n|upkeep\n|faint|p2a: Tapu Lele\n|j|Hugolaco ^-^\n|choice||switch 4\n|\n|switch|p2a: Ferrothorn|Ferrothorn, M|330\/352 brn\n|turn|88\n|c| Hugolaco ^-^|j\u00e1 era\n|l|Hugolaco ^-^\n|choice|move wish|move leechseed\n|\n|move|p1a: Alomomola|Wish|p1a: Alomomola\n|move|p2a: Ferrothorn|Leech Seed|p1a: Alomomola\n|-start|p1a: Alomomola|move: Leech Seed\n|\n|-heal|p1a: Alomomola|270\/534|[from] item: Leftovers\n|-damage|p1a: Alomomola|204\/534|[from] Leech Seed|[of] p2a: Ferrothorn\n|-heal|p2a: Ferrothorn|352\/352 brn|[silent]\n|-damage|p2a: Ferrothorn|330\/352 brn|[from] brn\n|upkeep\n|turn|89\n|choice|move protect|move stealthrock\n|\n|move|p1a: Alomomola|Protect|p1a: Alomomola\n|-singleturn|p1a: Alomomola|Protect\n|move|p2a: Ferrothorn|Stealth Rock|p1a: Alomomola\n|-sidestart|p1: Kaylss|move: Stealth Rock\n|\n|-heal|p1a: Alomomola|471\/534|[from] move: Wish|[wisher] Alomomola\n|-heal|p1a: Alomomola|504\/534|[from] item: Leftovers\n|-damage|p1a: Alomomola|438\/534|[from] Leech Seed|[of] p2a: Ferrothorn\n|-heal|p2a: Ferrothorn|352\/352 brn|[silent]\n|-damage|p2a: Ferrothorn|330\/352 brn|[from] brn\n|upkeep\n|turn|90\n|choice|switch 3|move spikes\n|\n|switch|p1a: Mandibuzz|Mandibuzz, F|134\/424\n|-damage|p1a: Mandibuzz|28\/424|[from] Stealth Rock\n|move|p2a: Ferrothorn|Spikes|p1a: Mandibuzz\n|-sidestart|p1: Kaylss|Spikes\n|\n|-heal|p1a: Mandibuzz|54\/424|[from] item: Leftovers\n|-damage|p2a: Ferrothorn|308\/352 brn|[from] brn\n|upkeep\n|turn|91\n|j|Hugolaco ^-^\n|l|Hugolaco ^-^\n|choice|move roost|move leechseed\n|\n|move|p1a: Mandibuzz|Roost|p1a: Mandibuzz\n|-heal|p1a: Mandibuzz|266\/424\n|move|p2a: Ferrothorn|Leech Seed|p1a: Mandibuzz\n|-start|p1a: Mandibuzz|move: Leech Seed\n|\n|-heal|p1a: Mandibuzz|292\/424|[from] item: Leftovers\n|-damage|p1a: Mandibuzz|239\/424|[from] Leech Seed|[of] p2a: Ferrothorn\n|-heal|p2a: Ferrothorn|352\/352 brn|[silent]\n|-damage|p2a: Ferrothorn|330\/352 brn|[from] brn\n|-fieldend|move: Psychic Terrain\n|upkeep\n|turn|92\n|choice|switch 4|move spikes\n|\n|switch|p1a: Chansey|Chansey, F|231\/641\n|-damage|p1a: Chansey|151\/641|[from] Spikes\n|-damage|p1a: Chansey|71\/641|[from] Stealth Rock\n|move|p2a: Ferrothorn|Spikes|p1a: Chansey\n|-sidestart|p1: Kaylss|Spikes\n|\n|-damage|p2a: Ferrothorn|308\/352 brn|[from] brn\n|upkeep\n|turn|93\n|choice|move softboiled|move spikes\n|\n|move|p1a: Chansey|Soft-Boiled|p1a: Chansey\n|-heal|p1a: Chansey|392\/641\n|move|p2a: Ferrothorn|Spikes|p1a: Chansey\n|-sidestart|p1: Kaylss|Spikes\n|\n|-damage|p2a: Ferrothorn|286\/352 brn|[from] brn\n|upkeep\n|turn|94\n|choice|move softboiled|move gyroball\n|\n|move|p1a: Chansey|Soft-Boiled|p1a: Chansey\n|-heal|p1a: Chansey|641\/641\n|move|p2a: Ferrothorn|Gyro Ball|p1a: Chansey\n|-damage|p1a: Chansey|589\/641\n|\n|-damage|p2a: Ferrothorn|264\/352 brn|[from] brn\n|upkeep\n|turn|95\n|choice|move seismictoss|move leechseed\n|\n|move|p1a: Chansey|Seismic Toss|p2a: Ferrothorn\n|-damage|p2a: Ferrothorn|164\/352 brn\n|-damage|p1a: Chansey|509\/641|[from] ability: Iron Barbs|[of] p2a: Ferrothorn\n|move|p2a: Ferrothorn|Leech Seed|p1a: Chansey\n|-start|p1a: Chansey|move: Leech Seed\n|\n|-damage|p1a: Chansey|429\/641|[from] Leech Seed|[of] p2a: Ferrothorn\n|-heal|p2a: Ferrothorn|244\/352 brn|[silent]\n|-damage|p2a: Ferrothorn|222\/352 brn|[from] brn\n|upkeep\n|turn|96\n|choice|switch 4|move gyroball\n|\n|switch|p1a: Mandibuzz|Mandibuzz, F|239\/424\n|-damage|p1a: Mandibuzz|133\/424|[from] Stealth Rock\n|move|p2a: Ferrothorn|Gyro Ball|p1a: Mandibuzz\n|-damage|p1a: Mandibuzz|88\/424\n|\n|-heal|p1a: Mandibuzz|114\/424|[from] item: Leftovers\n|-damage|p2a: Ferrothorn|200\/352 brn|[from] brn\n|upkeep\n|turn|97\n|choice|move roost|move spikes\n|\n|move|p1a: Mandibuzz|Roost|p1a: Mandibuzz\n|-heal|p1a: Mandibuzz|326\/424\n|move|p2a: Ferrothorn|Spikes|p1a: Mandibuzz\n|-fail|p1a: Mandibuzz\n|\n|-heal|p1a: Mandibuzz|352\/424|[from] item: Leftovers\n|-damage|p2a: Ferrothorn|178\/352 brn|[from] brn\n|upkeep\n|turn|98\n|choice|move defog|move leechseed\n|\n|move|p1a: Mandibuzz|Defog|p2a: Ferrothorn\n|-unboost|p2a: Ferrothorn|evasion|1\n|-sideend|p1: Kaylss|Spikes|[from] move: Defog|[of] p1a: Mandibuzz\n|-sideend|p1: Kaylss|Stealth Rock|[from] move: Defog|[of] p1a: Mandibuzz\n|move|p2a: Ferrothorn|Leech Seed|p1a: Mandibuzz\n|-start|p1a: Mandibuzz|move: Leech Seed\n|\n|-heal|p1a: Mandibuzz|378\/424|[from] item: Leftovers\n|-damage|p1a: Mandibuzz|325\/424|[from] Leech Seed|[of] p2a: Ferrothorn\n|-heal|p2a: Ferrothorn|231\/352 brn|[silent]\n|-damage|p2a: Ferrothorn|209\/352 brn|[from] brn\n|upkeep\n|turn|99\n|choice|switch 6|move stealthrock\n|\n|switch|p1a: Diggersby|Diggersby, F|254\/311\n|move|p2a: Ferrothorn|Stealth Rock|p1a: Diggersby\n|-sidestart|p1: Kaylss|move: Stealth Rock\n|\n|-damage|p2a: Ferrothorn|187\/352 brn|[from] brn\n|upkeep\n|turn|100\n|choice|move earthquake|move leechseed\n|\n|move|p1a: Diggersby|Earthquake|p2a: Ferrothorn\n|-damage|p2a: Ferrothorn|0 fnt\n|faint|p2a: Ferrothorn\n|\n|win|Kaylss\n|player|p1\n|player|p2\n|l|PlayerGirl","inputlog":null,"uploadtime":1486322965,"views":13,"p1id":"kaylss","p2id":"playergirl","formatid":"gen7ou","rating":0,"private":0,"password":null}