{"id":"gen7anythinggoes-1706974367","p1":"hypno#1","p2":"tentasick","format":"gen7anythinggoes","log":"|j|\u2606hypno#1\n|j|\u2606tentasick\n|t:|1668037926\n|gametype|singles\n|player|p1|hypno#1|marley|\n|player|p2|tentasick|lass-gen4dp|\n|teamsize|p1|6\n|teamsize|p2|4\n|gen|7\n|tier|[Gen 7] Anything Goes\n|rule|HP Percentage Mod: HP is shown in percentages\n|rule|Endless Battle Clause: Forcing endless battles is banned\n|clearpoke\n|poke|p1|Hitmonlee, M|\n|poke|p1|Kangaskhan, F|\n|poke|p1|Lapras, F|\n|poke|p1|Hypno, F|\n|poke|p1|Tentacruel, F|\n|poke|p1|Sylveon, F|\n|poke|p2|Pinsir, F|\n|poke|p2|Garchomp, F|\n|poke|p2|Pelipper, F|\n|poke|p2|Drapion, M|\n|teampreview\n|\n|t:|1668037931\n|start\n|switch|p1a: Tentacruel|Tentacruel, F|100\/100\n|switch|p2a: Drapion|Drapion, M|100\/100\n|turn|1\n|\n|t:|1668037940\n|move|p1a: Tentacruel|Scald|p2a: Drapion\n|-damage|p2a: Drapion|67\/100\n|-status|p2a: Drapion|brn\n|move|p2a: Drapion|Crunch|p1a: Tentacruel\n|-damage|p1a: Tentacruel|82\/100\n|\n|-damage|p2a: Drapion|61\/100 brn|[from] brn\n|upkeep\n|turn|2\n|\n|t:|1668037956\n|move|p1a: Tentacruel|Scald|p2a: Drapion\n|-damage|p2a: Drapion|26\/100 brn\n|move|p2a: Drapion|Acupressure|p2a: Drapion\n|-boost|p2a: Drapion|def|2\n|\n|-damage|p2a: Drapion|20\/100 brn|[from] brn\n|upkeep\n|turn|3\n|\n|t:|1668037963\n|move|p1a: Tentacruel|Scald|p2a: Drapion\n|-damage|p2a: Drapion|0 fnt\n|faint|p2a: Drapion\n|\n|upkeep\n|\n|t:|1668037979\n|switch|p2a: Garchomp|Garchomp, F|100\/100\n|turn|4\n|\n|t:|1668037982\n|switch|p2a: Pelipper|Pelipper, F|100\/100\n|-weather|RainDance|[from] ability: Drizzle|[of] p2a: Pelipper\n|switch|p1a: Hypno|Hypno, F|100\/100\n|\n|-weather|RainDance|[upkeep]\n|upkeep\n|turn|5\n|\n|t:|1668037996\n|move|p1a: Hypno|Thunder Wave|p2a: Pelipper\n|-status|p2a: Pelipper|par\n|cant|p2a: Pelipper|par\n|\n|-weather|RainDance|[upkeep]\n|upkeep\n|turn|6\n|\n|t:|1668038006\n|move|p1a: Hypno|Calm Mind|p1a: Hypno\n|-boost|p1a: Hypno|spa|1\n|-boost|p1a: Hypno|spd|1\n|move|p2a: Pelipper|Surf|p1a: Hypno\n|-damage|p1a: Hypno|72\/100\n|\n|-weather|RainDance|[upkeep]\n|upkeep\n|turn|7\n|\n|t:|1668038022\n|move|p1a: Hypno|Psychic|p2a: Pelipper\n|-damage|p2a: Pelipper|41\/100 par\n|move|p2a: Pelipper|Hurricane|p1a: Hypno\n|-damage|p1a: Hypno|50\/100\n|\n|-weather|RainDance|[upkeep]\n|upkeep\n|turn|8\n|\n|t:|1668038029\n|move|p1a: Hypno|Psychic|p2a: Pelipper\n|-damage|p2a: Pelipper|0 fnt\n|faint|p2a: Pelipper\n|\n|-weather|none\n|upkeep\n|-message|hypno#1 forfeited.\n|\n|win|tentasick\n","uploadtime":1668038043,"views":4,"p1id":"hypno1","p2id":"tentasick","formatid":"gen7anythinggoes","rating":0,"private":0,"password":null}