{"id":"gen7ou-951991245","p1":"LT62HG Analytic","p2":"ghecisbestvillain","format":"gen7ou","log":"|j|\u2606LT62HG Analytic\n|j|\u2606ghecisbestvillain\n|player|p1|LT62HG Analytic|102|1914\n|player|p2|ghecisbestvillain|269|1799\n|teamsize|p1|6\n|teamsize|p2|6\n|gametype|singles\n|gen|7\n|tier|[Gen 7] OU\n|rated|\n|rule|Sleep Clause Mod: Limit one foe put to sleep\n|rule|Species Clause: Limit one of each Pok\u00e9mon\n|rule|OHKO Clause: OHKO moves are banned\n|rule|Moody Clause: Moody is banned\n|rule|Evasion Moves Clause: Evasion moves are banned\n|rule|Endless Battle Clause: Forcing endless battles is banned\n|rule|HP Percentage Mod: HP is shown in percentages\n|clearpoke\n|poke|p1|Tyranitar, M|item\n|poke|p1|Kartana|item\n|poke|p1|Zapdos|item\n|poke|p1|Excadrill, M|item\n|poke|p1|Toxapex, M|item\n|poke|p1|Celesteela|item\n|poke|p2|Hawlucha, M|item\n|poke|p2|Clefable, F|item\n|poke|p2|Charizard, M|item\n|poke|p2|Tapu Koko|item\n|poke|p2|Magearna|item\n|poke|p2|Kyurem-Black|item\n|teampreview\n|inactive|Battle timer is ON: inactive players will automatically lose when time's up. (requested by ghecisbestvillain)\n|\n|start\n|switch|p1a: Tyranitar|Tyranitar, M|100\/100\n|switch|p2a: Tapu Koko|Tapu Koko|100\/100\n|-fieldstart|move: Electric Terrain|[from] ability: Electric Surge|[of] p2a: Tapu Koko\n|-weather|Sandstorm|[from] ability: Sand Stream|[of] p1a: Tyranitar\n|turn|1\n|j| xxTeamEternityxx\n|\n|detailschange|p1a: Tyranitar|Tyranitar-Mega, M\n|-mega|p1a: Tyranitar|Tyranitar|Tyranitarite\n|move|p2a: Tapu Koko|Taunt|p1a: Tyranitar\n|-start|p1a: Tyranitar|move: Taunt\n|cant|p1a: Tyranitar|move: Taunt|Stealth Rock\n|\n|-weather|Sandstorm|[upkeep]\n|-damage|p2a: Tapu Koko|94\/100|[from] Sandstorm\n|upkeep\n|turn|2\n|\n|move|p2a: Tapu Koko|Reflect|p2a: Tapu Koko\n|-sidestart|p2: ghecisbestvillain|Reflect\n|move|p1a: Tyranitar|Stone Edge|p2a: Tapu Koko\n|-damage|p2a: Tapu Koko|61\/100\n|\n|-weather|Sandstorm|[upkeep]\n|-damage|p2a: Tapu Koko|55\/100|[from] Sandstorm\n|upkeep\n|turn|3\n|\n|switch|p1a: Zapdos|Zapdos|100\/100\n|move|p2a: Tapu Koko|Light Screen|p2a: Tapu Koko\n|-sidestart|p2: ghecisbestvillain|move: Light Screen\n|\n|-weather|Sandstorm|[upkeep]\n|-damage|p2a: Tapu Koko|49\/100|[from] Sandstorm\n|-damage|p1a: Zapdos|94\/100|[from] Sandstorm\n|upkeep\n|turn|4\n|\n|move|p2a: Tapu Koko|Taunt|p1a: Zapdos\n|-start|p1a: Zapdos|move: Taunt\n|move|p1a: Zapdos|Volt Switch|p2a: Tapu Koko\n|-resisted|p2a: Tapu Koko\n|-damage|p2a: Tapu Koko|38\/100\n|j| play around it\n|inactive|LT62HG Analytic has 120 seconds left.\n|\n|switch|p1a: Excadrill|Excadrill, M|100\/100|[from]move: Volt Switch\n|\n|-weather|Sandstorm|[upkeep]\n|-damage|p2a: Tapu Koko|32\/100|[from] Sandstorm\n|upkeep\n|turn|5\n|inactive|ghecisbestvillain has 120 seconds left.\n|\n|switch|p1a: Zapdos|Zapdos|94\/100\n|switch|p2a: Hawlucha|Hawlucha, M|100\/100\n|-enditem|p2a: Hawlucha|Electric Seed\n|-boost|p2a: Hawlucha|def|1\n|\n|-weather|none\n|-fieldend|move: Electric Terrain\n|upkeep\n|turn|6\n|inactive|ghecisbestvillain has 120 seconds left.\n|\n|move|p2a: Hawlucha|Swords Dance|p2a: Hawlucha\n|-boost|p2a: Hawlucha|atk|2\n|move|p1a: Zapdos|Volt Switch|p2a: Hawlucha\n|-supereffective|p2a: Hawlucha\n|-damage|p2a: Hawlucha|68\/100\n|\n|switch|p1a: Toxapex|Toxapex, M|100\/100|[from]move: Volt Switch\n|\n|upkeep\n|turn|7\n|inactive|LT62HG Analytic has 120 seconds left.\n|\n|move|p2a: Hawlucha|Acrobatics|p1a: Toxapex\n|-damage|p1a: Toxapex|29\/100\n|move|p1a: Toxapex|Haze|p1a: Toxapex\n|-clearallboost\n|\n|-heal|p1a: Toxapex|35\/100|[from] item: Black Sludge\n|upkeep\n|turn|8\n|inactive|LT62HG Analytic has 120 seconds left.\n|\n|switch|p1a: Zapdos|Zapdos|94\/100\n|move|p2a: Hawlucha|Swords Dance|p2a: Hawlucha\n|-boost|p2a: Hawlucha|atk|2\n|\n|upkeep\n|turn|9\n|inactive|ghecisbestvillain has 120 seconds left.\n|\n|move|p2a: Hawlucha|Rock Slide|p1a: Zapdos\n|-supereffective|p1a: Zapdos\n|-damage|p1a: Zapdos|19\/100\n|cant|p1a: Zapdos|flinch\n|\n|-sideend|p2: ghecisbestvillain|Reflect\n|upkeep\n|turn|10\n|inactive|LT62HG Analytic has 120 seconds left.\n|\n|move|p2a: Hawlucha|Rock Slide|p1a: Zapdos\n|-supereffective|p1a: Zapdos\n|-damage|p1a: Zapdos|0 fnt\n|faint|p1a: Zapdos\n|\n|-sideend|p2: ghecisbestvillain|move: Light Screen\n|upkeep\n|c|\u2606LT62HG Analytic|lol\n|\n|switch|p1a: Celesteela|Celesteela|100\/100\n|turn|11\n|\n|move|p2a: Hawlucha|Drain Punch|p1a: Celesteela\n|-crit|p1a: Celesteela\n|-damage|p1a: Celesteela|30\/100\n|-heal|p2a: Hawlucha|100\/100|[from] drain|[of] p1a: Celesteela\n|move|p1a: Celesteela|Leech Seed|p2a: Hawlucha\n|-start|p2a: Hawlucha|move: Leech Seed\n|\n|-heal|p1a: Celesteela|36\/100|[from] item: Leftovers\n|-damage|p2a: Hawlucha|88\/100|[from] Leech Seed|[of] p1a: Celesteela\n|-heal|p1a: Celesteela|45\/100|[silent]\n|upkeep\n|turn|12\n|\n|move|p1a: Celesteela|Protect|p1a: Celesteela\n|-singleturn|p1a: Celesteela|Protect\n|move|p2a: Hawlucha|Swords Dance|p2a: Hawlucha\n|-boost|p2a: Hawlucha|atk|2\n|\n|-heal|p1a: Celesteela|51\/100|[from] item: Leftovers\n|-damage|p2a: Hawlucha|76\/100|[from] Leech Seed|[of] p1a: Celesteela\n|-heal|p1a: Celesteela|61\/100|[silent]\n|upkeep\n|turn|13\n|l| xxTeamEternityxx\n|\n|switch|p1a: Toxapex|Toxapex, M|69\/100\n|move|p2a: Hawlucha|Drain Punch|p1a: Toxapex\n|-resisted|p1a: Toxapex\n|-damage|p1a: Toxapex|31\/100\n|-heal|p2a: Hawlucha|95\/100|[from] drain|[of] p1a: Toxapex\n|\n|-heal|p1a: Toxapex|38\/100|[from] item: Black Sludge\n|-damage|p2a: Hawlucha|82\/100|[from] Leech Seed|[of] p1a: Toxapex\n|-heal|p1a: Toxapex|50\/100|[silent]\n|upkeep\n|turn|14\n|\n|switch|p1a: Tyranitar|Tyranitar-Mega, M|100\/100\n|-weather|Sandstorm|[from] ability: Sand Stream|[of] p1a: Tyranitar\n|move|p2a: Hawlucha|Acrobatics|p1a: Tyranitar\n|-resisted|p1a: Tyranitar\n|-damage|p1a: Tyranitar|54\/100\n|\n|-weather|Sandstorm|[upkeep]\n|-damage|p2a: Hawlucha|76\/100|[from] Sandstorm\n|-damage|p2a: Hawlucha|64\/100|[from] Leech Seed|[of] p1a: Tyranitar\n|-heal|p1a: Tyranitar|64\/100|[silent]\n|upkeep\n|turn|15\n|\n|switch|p1a: Kartana|Kartana|100\/100\n|move|p2a: Hawlucha|Drain Punch|p1a: Kartana\n|-supereffective|p1a: Kartana\n|-crit|p1a: Kartana\n|-damage|p1a: Kartana|0 fnt\n|-heal|p2a: Hawlucha|100\/100|[from] drain|[of] p1a: Kartana\n|faint|p1a: Kartana\n|\n|-weather|Sandstorm|[upkeep]\n|-damage|p2a: Hawlucha|94\/100|[from] Sandstorm\n|upkeep\n|\n|switch|p1a: Excadrill|Excadrill, M|100\/100\n|turn|16\n|\n|-zpower|p1a: Excadrill\n|move|p1a: Excadrill|Corkscrew Crash|p2a: Hawlucha|[zeffect]\n|-damage|p2a: Hawlucha|0 fnt\n|faint|p2a: Hawlucha\n|\n|-weather|Sandstorm|[upkeep]\n|upkeep\n|\n|switch|p2a: Kyurem|Kyurem-Black|100\/100\n|-ability|p2a: Kyurem|Teravolt\n|turn|17\n|\n|move|p1a: Excadrill|Iron Head|p2a: Kyurem\n|-supereffective|p2a: Kyurem\n|-damage|p2a: Kyurem|32\/100\n|move|p2a: Kyurem|Earth Power|p1a: Excadrill\n|-supereffective|p1a: Excadrill\n|-damage|p1a: Excadrill|0 fnt\n|-damage|p2a: Kyurem|22\/100|[from] item: Life Orb\n|faint|p1a: Excadrill\n|\n|-weather|Sandstorm|[upkeep]\n|-damage|p2a: Kyurem|16\/100|[from] Sandstorm\n|upkeep\n|\n|switch|p1a: Tyranitar|Tyranitar-Mega, M|64\/100\n|turn|18\n|\n|move|p2a: Kyurem|Earth Power|p1a: Tyranitar\n|-supereffective|p1a: Tyranitar\n|-damage|p1a: Tyranitar|21\/100\n|-damage|p2a: Kyurem|6\/100|[from] item: Life Orb\n|move|p1a: Tyranitar|Stealth Rock|p2a: Kyurem\n|-sidestart|p2: ghecisbestvillain|move: Stealth Rock\n|\n|-weather|none\n|upkeep\n|turn|19\n|\n|move|p2a: Kyurem|Ice Beam|p1a: Tyranitar\n|-damage|p1a: Tyranitar|0 fnt\n|-damage|p2a: Kyurem|0 fnt|[from] item: Life Orb\n|faint|p1a: Tyranitar\n|faint|p2a: Kyurem\n|\n|upkeep\n|\n|switch|p2a: Tapu Koko|Tapu Koko|32\/100\n|switch|p1a: Celesteela|Celesteela|61\/100\n|-damage|p2a: Tapu Koko|19\/100|[from] Stealth Rock\n|-fieldstart|move: Electric Terrain|[from] ability: Electric Surge|[of] p2a: Tapu Koko\n|turn|20\n|\n|move|p2a: Tapu Koko|Defog|p1a: Celesteela\n|-unboost|p1a: Celesteela|evasion|1\n|-sideend|p2: ghecisbestvillain|Stealth Rock|[from] move: Defog|[of] p2a: Tapu Koko\n|move|p1a: Celesteela|Leech Seed|p2a: Tapu Koko\n|-start|p2a: Tapu Koko|move: Leech Seed\n|\n|-heal|p1a: Celesteela|67\/100|[from] item: Leftovers\n|-damage|p2a: Tapu Koko|7\/100|[from] Leech Seed|[of] p1a: Celesteela\n|-heal|p1a: Celesteela|76\/100|[silent]\n|upkeep\n|turn|21\n|j| Kommo-OP\n|\n|switch|p2a: Charizard|Charizard, M|100\/100\n|move|p1a: Celesteela|Leech Seed|p2a: Charizard\n|-start|p2a: Charizard|move: Leech Seed\n|\n|-heal|p1a: Celesteela|82\/100|[from] item: Leftovers\n|-damage|p2a: Charizard|88\/100|[from] Leech Seed|[of] p1a: Celesteela\n|-heal|p1a: Celesteela|91\/100|[silent]\n|upkeep\n|turn|22\n|\n|switch|p2a: Tapu Koko|Tapu Koko|7\/100\n|switch|p1a: Toxapex|Toxapex, M|83\/100\n|\n|-heal|p1a: Toxapex|89\/100|[from] item: Black Sludge\n|upkeep\n|turn|23\n|\n|move|p2a: Tapu Koko|Taunt|p1a: Toxapex\n|-start|p1a: Toxapex|move: Taunt\n|cant|p1a: Toxapex|move: Taunt|Haze\n|\n|-heal|p1a: Toxapex|96\/100|[from] item: Black Sludge\n|upkeep\n|turn|24\n|\n|move|p2a: Tapu Koko|Reflect|p2a: Tapu Koko\n|-sidestart|p2: ghecisbestvillain|Reflect\n|move|p1a: Toxapex|Scald|p2a: Tapu Koko\n|-damage|p2a: Tapu Koko|0 fnt\n|faint|p2a: Tapu Koko\n|\n|-heal|p1a: Toxapex|100\/100|[from] item: Black Sludge\n|-fieldend|move: Electric Terrain\n|upkeep\n|\n|switch|p2a: Charizard|Charizard, M|88\/100\n|turn|25\n|\n|switch|p1a: Celesteela|Celesteela|91\/100\n|detailschange|p2a: Charizard|Charizard-Mega-X, M\n|-mega|p2a: Charizard|Charizard|Charizardite X\n|move|p2a: Charizard|Dragon Dance|p2a: Charizard\n|-boost|p2a: Charizard|atk|1\n|-boost|p2a: Charizard|spe|1\n|\n|-heal|p1a: Celesteela|97\/100|[from] item: Leftovers\n|upkeep\n|turn|26\n|\n|switch|p1a: Toxapex|Toxapex, M|100\/100\n|move|p2a: Charizard|Fire Punch|p1a: Toxapex\n|-resisted|p1a: Toxapex\n|-damage|p1a: Toxapex|72\/100\n|\n|-heal|p1a: Toxapex|78\/100|[from] item: Black Sludge\n|upkeep\n|turn|27\n|\n|move|p2a: Charizard|Earthquake|p1a: Toxapex\n|-supereffective|p1a: Toxapex\n|-damage|p1a: Toxapex|0 fnt\n|faint|p1a: Toxapex\n|\n|upkeep\n|j| what is DIS hunny\n|c|\u2606LT62HG Analytic|yeah\n|-message|LT62HG Analytic forfeited.\n|\n|win|ghecisbestvillain\n|l|\u2606LT62HG Analytic\n|l|\u2606ghecisbestvillain\n|raw|LT62HG Analytic's rating: 1928 &rarr; <strong>1900<\/strong><br \/>(-28 for losing)\n|raw|ghecisbestvillain's rating: 1781 &rarr; <strong>1809<\/strong><br \/>(+28 for winning)\n","uploadtime":1564343670,"views":1,"p1id":"lt62hganalytic","p2id":"ghecisbestvillain","formatid":"gen7ou","rating":1809,"private":0,"password":null}