{"id":"gen7randombattle-1574728169","p1":"JustaSqu1d","p2":"firepunch917","format":"gen7randombattle","log":"|j|\u2606JustaSqu1d\n|j|\u2606firepunch917\n|t:|1652540961\n|gametype|singles\n|player|p1|JustaSqu1d|1|1536\n|player|p2|firepunch917|2|1650\n|teamsize|p1|6\n|teamsize|p2|6\n|gen|7\n|tier|[Gen 7] Random Battle\n|rated|\n|rule|Sleep Clause Mod: Limit one foe put to sleep\n|rule|HP Percentage Mod: HP is shown in percentages\n|\n|t:|1652540961\n|start\n|switch|p1a: Luxray|Luxray, L88, F|284\/284\n|switch|p2a: Kingdra|Kingdra, L86, F|269\/269\n|-ability|p1a: Luxray|Intimidate|boost\n|-unboost|p2a: Kingdra|atk|1\n|turn|1\n|inactive|Battle timer is ON: inactive players will automatically lose when time's up. (requested by JustaSqu1d)\n|\n|t:|1652540968\n|move|p2a: Kingdra|Draco Meteor|p1a: Luxray\n|-damage|p1a: Luxray|163\/284\n|-unboost|p2a: Kingdra|spa|2\n|-damage|p2a: Kingdra|243\/269|[from] item: Life Orb\n|move|p1a: Luxray|Superpower|p2a: Kingdra\n|-damage|p2a: Kingdra|147\/269\n|-unboost|p1a: Luxray|atk|1\n|-unboost|p1a: Luxray|def|1\n|\n|upkeep\n|turn|2\n|\n|t:|1652540974\n|switch|p2a: Palossand|Palossand, L86, M|286\/286\n|switch|p1a: Machamp|Machamp, L84, M|288\/288\n|\n|-status|p1a: Machamp|brn|[from] item: Flame Orb\n|upkeep\n|turn|3\n|\n|t:|1652540982\n|move|p1a: Machamp|Knock Off|p2a: Palossand\n|-supereffective|p2a: Palossand\n|-damage|p2a: Palossand|68\/286\n|-enditem|p2a: Palossand|Leftovers|[from] move: Knock Off|[of] p1a: Machamp\n|move|p2a: Palossand|Shore Up|p2a: Palossand\n|-heal|p2a: Palossand|211\/286\n|\n|-damage|p1a: Machamp|270\/288 brn|[from] brn\n|upkeep\n|turn|4\n|\n|t:|1652540985\n|move|p1a: Machamp|Knock Off|p2a: Palossand\n|-supereffective|p2a: Palossand\n|-crit|p2a: Palossand\n|-damage|p2a: Palossand|0 fnt\n|faint|p2a: Palossand\n|\n|-damage|p1a: Machamp|252\/288 brn|[from] brn\n|upkeep\n|\n|t:|1652540996\n|switch|p2a: Kingdra|Kingdra, L86, F|147\/269\n|turn|5\n|\n|t:|1652540998\n|move|p2a: Kingdra|Draco Meteor|p1a: Machamp\n|-damage|p1a: Machamp|53\/288 brn\n|-unboost|p2a: Kingdra|spa|2\n|-damage|p2a: Kingdra|121\/269|[from] item: Life Orb\n|move|p1a: Machamp|Facade|p2a: Kingdra\n|-damage|p2a: Kingdra|0 fnt\n|faint|p2a: Kingdra\n|\n|-damage|p1a: Machamp|35\/288 brn|[from] brn\n|upkeep\n|\n|t:|1652541003\n|switch|p2a: Azumarill|Azumarill, L80, F|291\/291\n|turn|6\n|\n|t:|1652541004\n|switch|p1a: Luxray|Luxray, L88, F|163\/284\n|-ability|p1a: Luxray|Intimidate|boost\n|-unboost|p2a: Azumarill|atk|1\n|move|p2a: Azumarill|Aqua Jet|p1a: Luxray\n|-damage|p1a: Luxray|115\/284\n|\n|upkeep\n|turn|7\n|\n|t:|1652541013\n|switch|p1a: Zekrom|Zekrom, L76|277\/277\n|-ability|p1a: Zekrom|Teravolt\n|switch|p2a: Lycanroc|Lycanroc-Dusk, L84, M|263\/263\n|\n|upkeep\n|turn|8\n|\n|t:|1652541019\n|move|p2a: Lycanroc|Drill Run|p1a: Zekrom\n|-supereffective|p1a: Zekrom\n|-damage|p1a: Zekrom|133\/277\n|move|p1a: Zekrom|Bolt Strike|p2a: Lycanroc\n|-damage|p2a: Lycanroc|61\/263\n|\n|-heal|p1a: Zekrom|150\/277|[from] item: Leftovers\n|upkeep\n|turn|9\n|\n|t:|1652541022\n|switch|p1a: Gogoat|Gogoat, L88, F|360\/360\n|-zpower|p2a: Lycanroc\n|move|p2a: Lycanroc|Splintered Stormshards|p1a: Gogoat|[zeffect]\n|-damage|p1a: Gogoat|98\/360\n|\n|-heal|p1a: Gogoat|120\/360|[from] item: Leftovers\n|upkeep\n|turn|10\n|\n|t:|1652541027\n|move|p2a: Lycanroc|Stone Edge|p1a: Gogoat|[miss]\n|-miss|p2a: Lycanroc|p1a: Gogoat\n|move|p1a: Gogoat|Milk Drink|p1a: Gogoat\n|-heal|p1a: Gogoat|300\/360\n|\n|-heal|p1a: Gogoat|322\/360|[from] item: Leftovers\n|upkeep\n|turn|11\n|\n|t:|1652541030\n|switch|p2a: Beedrill|Beedrill, L82, M|241\/241\n|move|p1a: Gogoat|Horn Leech|p2a: Beedrill\n|-resisted|p2a: Beedrill\n|-damage|p2a: Beedrill|205\/241\n|-heal|p1a: Gogoat|340\/360|[from] drain|[of] p2a: Beedrill\n|\n|-heal|p1a: Gogoat|360\/360|[from] item: Leftovers\n|upkeep\n|turn|12\n|\n|t:|1652541033\n|switch|p1a: Zekrom|Zekrom, L76|150\/277\n|-ability|p1a: Zekrom|Teravolt\n|detailschange|p2a: Beedrill|Beedrill-Mega, L82, M\n|-mega|p2a: Beedrill|Beedrill|Beedrillite\n|move|p2a: Beedrill|Poison Jab|p1a: Zekrom\n|-damage|p1a: Zekrom|10\/277\n|\n|-heal|p1a: Zekrom|27\/277|[from] item: Leftovers\n|upkeep\n|turn|13\n|\n|t:|1652541035\n|move|p2a: Beedrill|Drill Run|p1a: Zekrom\n|-supereffective|p1a: Zekrom\n|-damage|p1a: Zekrom|0 fnt\n|faint|p1a: Zekrom\n|\n|upkeep\n|\n|t:|1652541035\n|switch|p1a: Luxray|Luxray, L88, F|115\/284\n|-ability|p1a: Luxray|Intimidate|boost\n|-unboost|p2a: Beedrill|atk|1\n|turn|14\n|\n|t:|1652541038\n|move|p2a: Beedrill|Drill Run|p1a: Luxray\n|-supereffective|p1a: Luxray\n|-damage|p1a: Luxray|9\/284\n|move|p1a: Luxray|Wild Charge|p2a: Beedrill\n|-damage|p2a: Beedrill|6\/241\n|-damage|p1a: Luxray|0 fnt|[from] Recoil\n|faint|p1a: Luxray\n|\n|upkeep\n|\n|t:|1652541038\n|switch|p1a: Machamp|Machamp, L84, M|35\/288 brn\n|turn|15\n|\n|t:|1652541042\n|switch|p2a: Azumarill|Azumarill, L80, F|291\/291\n|move|p1a: Machamp|Bullet Punch|p2a: Azumarill\n|-damage|p2a: Azumarill|234\/291\n|\n|-damage|p1a: Machamp|17\/288 brn|[from] brn\n|upkeep\n|turn|16\n|\n|t:|1652541043\n|move|p1a: Machamp|Bullet Punch|p2a: Azumarill\n|-damage|p2a: Azumarill|170\/291\n|move|p2a: Azumarill|Aqua Jet|p1a: Machamp\n|-damage|p1a: Machamp|0 fnt\n|faint|p1a: Machamp\n|\n|upkeep\n|\n|t:|1652541043\n|switch|p1a: Gogoat|Gogoat, L88, F|360\/360\n|turn|17\n|\n|t:|1652541046\n|switch|p2a: Emboar|Emboar, L86, M|329\/329\n|move|p1a: Gogoat|Horn Leech|p2a: Emboar\n|-resisted|p2a: Emboar\n|-damage|p2a: Emboar|279\/329\n|\n|upkeep\n|turn|18\n|\n|t:|1652541049\n|move|p1a: Gogoat|Substitute|p1a: Gogoat\n|-start|p1a: Gogoat|Substitute\n|-damage|p1a: Gogoat|270\/360\n|move|p2a: Emboar|Flare Blitz|p1a: Gogoat\n|-supereffective|p1a: Gogoat\n|-end|p1a: Gogoat|Substitute\n|-damage|p2a: Emboar|249\/329|[from] Recoil|[of] p1a: Gogoat\n|\n|-heal|p1a: Gogoat|292\/360|[from] item: Leftovers\n|upkeep\n|turn|19\n|\n|t:|1652541053\n|move|p1a: Gogoat|Substitute|p1a: Gogoat\n|-start|p1a: Gogoat|Substitute\n|-damage|p1a: Gogoat|202\/360\n|move|p2a: Emboar|Flare Blitz|p1a: Gogoat\n|-supereffective|p1a: Gogoat\n|-end|p1a: Gogoat|Substitute\n|-damage|p2a: Emboar|219\/329|[from] Recoil|[of] p1a: Gogoat\n|\n|-heal|p1a: Gogoat|224\/360|[from] item: Leftovers\n|upkeep\n|turn|20\n|\n|t:|1652541055\n|move|p1a: Gogoat|Substitute|p1a: Gogoat\n|-start|p1a: Gogoat|Substitute\n|-damage|p1a: Gogoat|134\/360\n|move|p2a: Emboar|Flare Blitz|p1a: Gogoat\n|-supereffective|p1a: Gogoat\n|-crit|p1a: Gogoat\n|-end|p1a: Gogoat|Substitute\n|-damage|p2a: Emboar|189\/329|[from] Recoil|[of] p1a: Gogoat\n|\n|-heal|p1a: Gogoat|156\/360|[from] item: Leftovers\n|upkeep\n|turn|21\n|\n|t:|1652541057\n|move|p1a: Gogoat|Substitute|p1a: Gogoat\n|-start|p1a: Gogoat|Substitute\n|-damage|p1a: Gogoat|66\/360\n|move|p2a: Emboar|Flare Blitz|p1a: Gogoat\n|-supereffective|p1a: Gogoat\n|-end|p1a: Gogoat|Substitute\n|-damage|p2a: Emboar|159\/329|[from] Recoil|[of] p1a: Gogoat\n|\n|-heal|p1a: Gogoat|88\/360|[from] item: Leftovers\n|upkeep\n|turn|22\n|\n|t:|1652541059\n|move|p1a: Gogoat|Rock Slide|p2a: Emboar\n|-damage|p2a: Emboar|84\/329\n|move|p2a: Emboar|Flare Blitz|p1a: Gogoat\n|-supereffective|p1a: Gogoat\n|-damage|p1a: Gogoat|0 fnt\n|faint|p1a: Gogoat\n|-damage|p2a: Emboar|55\/329|[from] Recoil\n|\n|upkeep\n|\n|t:|1652541060\n|switch|p1a: Haxorus|Haxorus, L82, M|259\/259\n|-ability|p1a: Haxorus|Mold Breaker\n|turn|23\n|\n|t:|1652541064\n|move|p1a: Haxorus|Poison Jab|p2a: Emboar\n|-damage|p2a: Emboar|0 fnt\n|faint|p2a: Emboar\n|\n|upkeep\n|\n|t:|1652541069\n|switch|p2a: Beedrill|Beedrill-Mega, L82, M|6\/241\n|turn|24\n|\n|t:|1652541070\n|move|p2a: Beedrill|Poison Jab|p1a: Haxorus\n|-damage|p1a: Haxorus|99\/259\n|move|p1a: Haxorus|Poison Jab|p2a: Beedrill\n|-resisted|p2a: Beedrill\n|-damage|p2a: Beedrill|0 fnt\n|faint|p2a: Beedrill\n|\n|upkeep\n|\n|t:|1652541074\n|switch|p2a: Lycanroc|Lycanroc-Dusk, L84, M|61\/263\n|turn|25\n|\n|t:|1652541076\n|switch|p1a: Hawlucha|Hawlucha, L80, M|256\/256\n|move|p2a: Lycanroc|Stone Edge|p1a: Hawlucha|[miss]\n|-miss|p2a: Lycanroc|p1a: Hawlucha\n|\n|upkeep\n|turn|26\n|\n|t:|1652541080\n|move|p2a: Lycanroc|Accelerock|p1a: Hawlucha\n|-damage|p1a: Hawlucha|181\/256\n|move|p1a: Hawlucha|Sky Attack||[still]\n|-prepare|p1a: Hawlucha|Sky Attack\n|-enditem|p1a: Hawlucha|Power Herb\n|-anim|p1a: Hawlucha|Sky Attack|p2a: Lycanroc\n|-resisted|p2a: Lycanroc\n|-damage|p2a: Lycanroc|0 fnt\n|faint|p2a: Lycanroc\n|\n|upkeep\n|\n|t:|1652541082\n|switch|p2a: Azumarill|Azumarill, L80, F|170\/291\n|turn|27\n|\n|t:|1652541084\n|move|p1a: Hawlucha|Sky Attack||[still]\n|-prepare|p1a: Hawlucha|Sky Attack\n|move|p2a: Azumarill|Play Rough|p1a: Hawlucha\n|-supereffective|p1a: Hawlucha\n|-damage|p1a: Hawlucha|0 fnt\n|faint|p1a: Hawlucha\n|\n|upkeep\n|\n|t:|1652541084\n|switch|p1a: Haxorus|Haxorus, L82, M|99\/259\n|-ability|p1a: Haxorus|Mold Breaker\n|turn|28\n|\n|t:|1652541085\n|move|p1a: Haxorus|Poison Jab|p2a: Azumarill\n|-supereffective|p2a: Azumarill\n|-damage|p2a: Azumarill|0 fnt\n|faint|p2a: Azumarill\n|\n|win|JustaSqu1d\n|raw|JustaSqu1d's rating: 1536 &rarr; <strong>1562<\/strong><br \/>(+26 for winning)\n|raw|firepunch917's rating: 1650 &rarr; <strong>1624<\/strong><br \/>(-26 for losing)\n","inputlog":">version 531b2bb4d145e24dce8d55480c78bcd528fa7770\n>start {\"formatid\":\"gen7randombattle\",\"seed\":[5250,53566,50131,28970],\"rated\":\"Rated battle\"}\n>player p1 {\"name\":\"JustaSqu1d\",\"avatar\":\"1\",\"rating\":1536,\"seed\":[43706,55910,16143,9886]}\n>player p2 {\"name\":\"firepunch917\",\"avatar\":\"2\",\"rating\":1650,\"seed\":[57963,33491,44087,57707]}\n>p1 move superpower\n>p2 move dracometeor\n>p1 switch 3\n>p2 switch 3\n>p1 move knockoff\n>p2 move shoreup\n>p1 move knockoff\n>p2 move shadowball\n>p2 switch 3\n>p1 move facade\n>p2 move dracometeor\n>p2 switch 2\n>p1 switch 3\n>p2 move aquajet\n>p1 switch 4\n>p2 switch 6\n>p1 move boltstrike\n>p2 move drillrun\n>p1 switch 6\n>p2 move stoneedge zmove\n>p1 move milkdrink\n>p2 move stoneedge\n>p1 move hornleech\n>p2 switch 4\n>p1 switch 6\n>p2 move poisonjab mega\n>p1 move boltstrike\n>p2 move drillrun\n>p1 switch 4\n>p1 move wildcharge\n>p2 move drillrun\n>p1 switch 3\n>p1 move bulletpunch\n>p2 switch 6\n>p1 move bulletpunch\n>p2 move aquajet\n>p1 switch 6\n>p1 move hornleech\n>p2 switch 5\n>p1 move substitute\n>p2 move flareblitz\n>p1 move substitute\n>p2 move flareblitz\n>p1 move substitute\n>p2 move flareblitz\n>p1 move substitute\n>p2 move flareblitz\n>p1 move rockslide\n>p2 move flareblitz\n>p1 switch 5\n>p1 move poisonjab\n>p2 move superpower\n>p2 switch 6\n>p1 move poisonjab\n>p2 move poisonjab\n>p2 switch 4\n>p1 switch 2\n>p2 move stoneedge\n>p1 move skyattack\n>p2 move accelerock\n>p2 switch 5\n>p1 move skyattack\n>p2 move playrough\n>p1 switch 2\n>p1 move poisonjab\n>p2 move playrough","uploadtime":1652541086,"views":5,"p1id":"justasqu1d","p2id":"firepunch917","formatid":"gen7randombattle","rating":1562,"private":0,"password":null}