{"id":"gen7ou-1167686960","p1":"ogTFlame","p2":"Shardul888","format":"gen7ou","log":"|j|\u2606ogTFlame\n|j|\u2606Shardul888\n|t:|1597248934\n|player|p1|ogTFlame|lucas|1503\n|player|p2|Shardul888|palmer|1622\n|teamsize|p1|6\n|teamsize|p2|6\n|gametype|singles\n|gen|7\n|tier|[Gen 7] OU\n|rated|\n|clearpoke\n|poke|p1|Gliscor, F|item\n|poke|p1|Magnezone|item\n|poke|p1|Kartana|item\n|poke|p1|Garchomp, M|item\n|poke|p1|Greninja, M|item\n|poke|p1|Scizor, F|item\n|poke|p2|Venusaur, F|item\n|poke|p2|Dragonite, M|item\n|poke|p2|Magearna|item\n|poke|p2|Toxapex, F|item\n|poke|p2|Gliscor, F|item\n|poke|p2|Entei|item\n|rule|Sleep Clause Mod: Limit one foe put to sleep\n|rule|Species Clause: Limit one of each Pok\u00e9mon\n|rule|OHKO Clause: OHKO moves are banned\n|rule|Moody Clause: Moody is banned\n|rule|Evasion Moves Clause: Evasion moves are banned\n|rule|Endless Battle Clause: Forcing endless battles is banned\n|rule|HP Percentage Mod: HP is shown in percentages\n|teampreview\n|inactive|Battle timer is ON: inactive players will automatically lose when time's up. (requested by ogTFlame)\n|\n|t:|1597248939\n|start\n|switch|p1a: yummy|Garchomp, M|100\/100\n|switch|p2a: Spiderman|Gliscor, F|100\/100\n|turn|1\n|\n|t:|1597248945\n|move|p1a: yummy|Stealth Rock|p2a: Spiderman\n|-sidestart|p2: Shardul888|move: Stealth Rock\n|move|p2a: Spiderman|Toxic|p1a: yummy\n|-status|p1a: yummy|tox\n|\n|-damage|p1a: yummy|94\/100 tox|[from] psn\n|-status|p2a: Spiderman|tox|[from] item: Toxic Orb\n|upkeep\n|turn|2\n|\n|t:|1597248966\n|-zpower|p1a: yummy\n|move|p1a: yummy|Continental Crush|p2a: Spiderman|[zeffect]\n|-damage|p2a: Spiderman|58\/100 tox\n|move|p2a: Spiderman|Defog|p1a: yummy\n|-unboost|p1a: yummy|evasion|1\n|-sideend|p2: Shardul888|Stealth Rock|[from] move: Defog|[of] p2a: Spiderman\n|\n|-damage|p1a: yummy|82\/100 tox|[from] psn\n|-heal|p2a: Spiderman|70\/100 tox|[from] ability: Poison Heal\n|upkeep\n|turn|3\n|\n|t:|1597248981\n|move|p2a: Spiderman|Protect|p2a: Spiderman\n|-singleturn|p2a: Spiderman|Protect\n|move|p1a: yummy|Stealth Rock|p2a: Spiderman\n|-sidestart|p2: Shardul888|move: Stealth Rock\n|\n|-damage|p1a: yummy|64\/100 tox|[from] psn\n|-heal|p2a: Spiderman|83\/100 tox|[from] ability: Poison Heal\n|upkeep\n|turn|4\n|\n|t:|1597248989\n|switch|p1a: Crazy Frog|Greninja, M|100\/100\n|move|p2a: Spiderman|Defog|p1a: Crazy Frog\n|-unboost|p1a: Crazy Frog|evasion|1\n|-sideend|p2: Shardul888|Stealth Rock|[from] move: Defog|[of] p2a: Spiderman\n|\n|-heal|p2a: Spiderman|95\/100 tox|[from] ability: Poison Heal\n|upkeep\n|turn|5\n|\n|t:|1597249001\n|switch|p1a: IN MY ZONE|Magnezone|100\/100\n|switch|p2a: Black Widow|Toxapex, F, shiny|100\/100\n|\n|upkeep\n|turn|6\n|\n|t:|1597249019\n|switch|p2a: Spiderman|Gliscor, F|95\/100 tox\n|move|p1a: IN MY ZONE|Volt Switch|p2a: Spiderman\n|-immune|p2a: Spiderman\n|\n|-heal|p2a: Spiderman|100\/100 tox|[from] ability: Poison Heal\n|upkeep\n|turn|7\n|\n|t:|1597249028\n|switch|p1a: yummy|Garchomp, M|64\/100 tox\n|move|p2a: Spiderman|Knock Off|p1a: yummy\n|-damage|p1a: yummy|48\/100 tox\n|-damage|p2a: Spiderman|88\/100 tox|[from] ability: Rough Skin|[of] p1a: yummy\n|\n|-damage|p1a: yummy|42\/100 tox|[from] psn\n|-heal|p2a: Spiderman|100\/100 tox|[from] ability: Poison Heal\n|upkeep\n|turn|8\n|\n|t:|1597249038\n|move|p1a: yummy|Stealth Rock|p2a: Spiderman\n|-sidestart|p2: Shardul888|move: Stealth Rock\n|move|p2a: Spiderman|Defog|p1a: yummy\n|-unboost|p1a: yummy|evasion|1\n|-sideend|p2: Shardul888|Stealth Rock|[from] move: Defog|[of] p2a: Spiderman\n|\n|-damage|p1a: yummy|30\/100 tox|[from] psn\n|upkeep\n|turn|9\n|\n|t:|1597249046\n|switch|p1a: Crazy Frog|Greninja, M|100\/100\n|move|p2a: Spiderman|Defog|p1a: Crazy Frog\n|-unboost|p1a: Crazy Frog|evasion|1\n|\n|upkeep\n|turn|10\n|\n|t:|1597249058\n|switch|p1a: yummy|Garchomp, M|30\/100 tox\n|switch|p2a: Black Widow|Toxapex, F, shiny|100\/100\n|\n|-damage|p1a: yummy|24\/100 tox|[from] psn\n|upkeep\n|turn|11\n|\n|t:|1597249067\n|switch|p2a: Spiderman|Gliscor, F|100\/100 tox\n|move|p1a: yummy|Stealth Rock|p2a: Spiderman\n|-sidestart|p2: Shardul888|move: Stealth Rock\n|\n|-damage|p1a: yummy|11\/100 tox|[from] psn\n|upkeep\n|turn|12\n|\n|t:|1597249074\n|switch|p1a: Batman|Gliscor, F|100\/100\n|move|p2a: Spiderman|Defog|p1a: Batman\n|-unboost|p1a: Batman|evasion|1\n|-sideend|p2: Shardul888|Stealth Rock|[from] move: Defog|[of] p2a: Spiderman\n|\n|-status|p1a: Batman|tox|[from] item: Toxic Orb\n|upkeep\n|turn|13\n|\n|t:|1597249082\n|move|p1a: Batman|Swords Dance|p1a: Batman\n|-boost|p1a: Batman|atk|2\n|move|p2a: Spiderman|Knock Off|p1a: Batman\n|-damage|p1a: Batman|84\/100 tox\n|-enditem|p1a: Batman|Toxic Orb|[from] move: Knock Off|[of] p2a: Spiderman\n|\n|-heal|p1a: Batman|97\/100 tox|[from] ability: Poison Heal\n|upkeep\n|turn|14\n|\n|t:|1597249092\n|switch|p2a: Black Widow|Toxapex, F, shiny|100\/100\n|move|p1a: Batman|Swords Dance|p1a: Batman\n|-boost|p1a: Batman|atk|2\n|\n|-heal|p1a: Batman|100\/100 tox|[from] ability: Poison Heal\n|upkeep\n|turn|15\n|\n|t:|1597249101\n|move|p1a: Batman|Earthquake|p2a: Black Widow\n|-supereffective|p2a: Black Widow\n|-damage|p2a: Black Widow|0 fnt\n|faint|p2a: Black Widow\n|\n|upkeep\n|\n|t:|1597249106\n|switch|p2a: Captain America|Venusaur, F|100\/100\n|turn|16\n|\n|t:|1597249110\n|detailschange|p2a: Captain America|Venusaur-Mega, F\n|-mega|p2a: Captain America|Venusaur|Venusaurite\n|move|p1a: Batman|Earthquake|p2a: Captain America\n|-damage|p2a: Captain America|24\/100\n|move|p2a: Captain America|Leech Seed|p1a: Batman\n|-start|p1a: Batman|move: Leech Seed\n|\n|-damage|p1a: Batman|88\/100 tox|[from] Leech Seed|[of] p2a: Captain America\n|-heal|p2a: Captain America|37\/100|[silent]\n|-heal|p1a: Batman|100\/100 tox|[from] ability: Poison Heal\n|upkeep\n|turn|17\n|\n|t:|1597249121\n|switch|p2a: Spiderman|Gliscor, F|100\/100 tox\n|move|p1a: Batman|Facade|p2a: Spiderman\n|-damage|p2a: Spiderman|37\/100 tox\n|\n|-damage|p1a: Batman|88\/100 tox|[from] Leech Seed|[of] p2a: Spiderman\n|-heal|p2a: Spiderman|50\/100 tox|[silent]\n|-heal|p1a: Batman|100\/100 tox|[from] ability: Poison Heal\n|-heal|p2a: Spiderman|62\/100 tox|[from] ability: Poison Heal\n|upkeep\n|turn|18\n|\n|t:|1597249132\n|move|p2a: Spiderman|Protect|p2a: Spiderman\n|-singleturn|p2a: Spiderman|Protect\n|move|p1a: Batman|Swords Dance|p1a: Batman\n|-boost|p1a: Batman|atk|2\n|\n|-damage|p1a: Batman|88\/100 tox|[from] Leech Seed|[of] p2a: Spiderman\n|-heal|p2a: Spiderman|75\/100 tox|[silent]\n|-heal|p1a: Batman|100\/100 tox|[from] ability: Poison Heal\n|-heal|p2a: Spiderman|88\/100 tox|[from] ability: Poison Heal\n|upkeep\n|turn|19\n|\n|t:|1597249142\n|move|p1a: Batman|Facade|p2a: Spiderman\n|-damage|p2a: Spiderman|8\/100 tox\n|move|p2a: Spiderman|Knock Off|p1a: Batman\n|-damage|p1a: Batman|89\/100 tox\n|\n|-damage|p1a: Batman|76\/100 tox|[from] Leech Seed|[of] p2a: Spiderman\n|-heal|p2a: Spiderman|21\/100 tox|[silent]\n|-heal|p1a: Batman|89\/100 tox|[from] ability: Poison Heal\n|-heal|p2a: Spiderman|34\/100 tox|[from] ability: Poison Heal\n|upkeep\n|turn|20\n|\n|t:|1597249153\n|move|p1a: Batman|Facade|p2a: Spiderman\n|-damage|p2a: Spiderman|0 fnt\n|faint|p2a: Spiderman\n|\n|-heal|p1a: Batman|100\/100 tox|[from] ability: Poison Heal\n|upkeep\n|\n|t:|1597249160\n|switch|p2a: Superman|Dragonite, M|100\/100\n|turn|21\n|\n|t:|1597249164\n|move|p1a: Batman|Facade|p2a: Superman\n|-damage|p2a: Superman|43\/100\n|move|p2a: Superman|Dragon Dance|p2a: Superman\n|-boost|p2a: Superman|atk|1\n|-boost|p2a: Superman|spe|1\n|\n|-damage|p1a: Batman|88\/100 tox|[from] Leech Seed|[of] p2a: Superman\n|-heal|p2a: Superman|54\/100|[silent]\n|-heal|p1a: Batman|100\/100 tox|[from] ability: Poison Heal\n|upkeep\n|turn|22\n|\n|t:|1597249175\n|move|p2a: Superman|Extreme Speed|p1a: Batman\n|-damage|p1a: Batman|64\/100 tox\n|move|p1a: Batman|Facade|p2a: Superman\n|-damage|p2a: Superman|0 fnt\n|faint|p2a: Superman\n|\n|-heal|p1a: Batman|77\/100 tox|[from] ability: Poison Heal\n|upkeep\n|-message|Shardul888 forfeited.\n|\n|win|ogTFlame\n|l|\u2606Shardul888\n","uploadtime":1597249202,"views":2,"p1id":"ogtflame","p2id":"shardul888","formatid":"gen7ou","rating":0,"private":0,"password":null}