{"id":"gen7randombattle-1576670290","p1":"firepunch917","p2":"JustaSqu1d","format":"gen7randombattle","log":"|j|\u2606firepunch917\n|j|\u2606JustaSqu1d\n|t:|1652786358\n|gametype|singles\n|player|p1|firepunch917|169|1598\n|player|p2|JustaSqu1d|265|1697\n|teamsize|p1|6\n|teamsize|p2|6\n|gen|7\n|tier|[Gen 7] Random Battle\n|rated|\n|rule|Sleep Clause Mod: Limit one foe put to sleep\n|rule|HP Percentage Mod: HP is shown in percentages\n|\n|t:|1652786358\n|start\n|switch|p1a: Crustle|Crustle, L88, M|266\/266\n|switch|p2a: Xerneas|Xerneas, L76|317\/317\n|-ability|p2a: Xerneas|Fairy Aura\n|turn|1\n|inactive|Battle timer is ON: inactive players will automatically lose when time's up. (requested by JustaSqu1d)\n|\n|t:|1652786363\n|move|p2a: Xerneas|Geomancy||[still]\n|-prepare|p2a: Xerneas|Geomancy\n|-enditem|p2a: Xerneas|Power Herb\n|-anim|p2a: Xerneas|Geomancy|p2a: Xerneas\n|-boost|p2a: Xerneas|spa|2\n|-boost|p2a: Xerneas|spd|2\n|-boost|p2a: Xerneas|spe|2\n|move|p1a: Crustle|Stone Edge|p2a: Xerneas\n|-damage|p2a: Xerneas|185\/317\n|\n|upkeep\n|turn|2\n|\n|t:|1652786365\n|move|p2a: Xerneas|Psyshock|p1a: Crustle\n|-damage|p1a: Crustle|182\/266\n|move|p1a: Crustle|Stone Edge|p2a: Xerneas\n|-damage|p2a: Xerneas|44\/317\n|\n|-heal|p1a: Crustle|198\/266|[from] item: Leftovers\n|upkeep\n|turn|3\n|\n|t:|1652786367\n|move|p2a: Xerneas|Moonblast|p1a: Crustle\n|-damage|p1a: Crustle|0 fnt\n|faint|p1a: Crustle\n|\n|upkeep\n|\n|t:|1652786373\n|switch|p1a: Volcanion|Volcanion, L82|265\/265\n|turn|4\n|\n|t:|1652786374\n|move|p2a: Xerneas|Moonblast|p1a: Volcanion\n|-resisted|p1a: Volcanion\n|-damage|p1a: Volcanion|116\/265\n|move|p1a: Volcanion|Sludge Bomb|p2a: Xerneas\n|-supereffective|p2a: Xerneas\n|-damage|p2a: Xerneas|0 fnt\n|faint|p2a: Xerneas\n|\n|upkeep\n|\n|t:|1652786374\n|switch|p2a: Meloetta|Meloetta, L84|305\/305\n|turn|5\n|\n|t:|1652786378\n|switch|p1a: Latias|Latias, L80, F|259\/259\n|move|p2a: Meloetta|Calm Mind|p2a: Meloetta\n|-boost|p2a: Meloetta|spa|1\n|-boost|p2a: Meloetta|spd|1\n|\n|upkeep\n|turn|6\n|\n|t:|1652786386\n|detailschange|p1a: Latias|Latias-Mega, L80, F\n|-mega|p1a: Latias|Latias|Latiasite\n|move|p1a: Latias|Calm Mind|p1a: Latias\n|-boost|p1a: Latias|spa|1\n|-boost|p1a: Latias|spd|1\n|move|p2a: Meloetta|Calm Mind|p2a: Meloetta\n|-boost|p2a: Meloetta|spa|1\n|-boost|p2a: Meloetta|spd|1\n|\n|upkeep\n|turn|7\n|\n|t:|1652786388\n|move|p1a: Latias|Calm Mind|p1a: Latias\n|-boost|p1a: Latias|spa|1\n|-boost|p1a: Latias|spd|1\n|move|p2a: Meloetta|Hyper Voice|p1a: Latias\n|-damage|p1a: Latias|184\/259\n|\n|upkeep\n|turn|8\n|\n|t:|1652786388\n|move|p1a: Latias|Calm Mind|p1a: Latias\n|-boost|p1a: Latias|spa|1\n|-boost|p1a: Latias|spd|1\n|move|p2a: Meloetta|Psyshock|p1a: Latias\n|-resisted|p1a: Latias\n|-damage|p1a: Latias|92\/259\n|\n|upkeep\n|turn|9\n|\n|t:|1652786390\n|move|p1a: Latias|Roost|p1a: Latias\n|-heal|p1a: Latias|222\/259\n|-singleturn|p1a: Latias|move: Roost\n|move|p2a: Meloetta|Psyshock|p1a: Latias\n|-resisted|p1a: Latias\n|-damage|p1a: Latias|135\/259\n|\n|upkeep\n|turn|10\n|\n|t:|1652786391\n|move|p1a: Latias|Roost|p1a: Latias\n|-heal|p1a: Latias|259\/259\n|-singleturn|p1a: Latias|move: Roost\n|move|p2a: Meloetta|Psyshock|p1a: Latias\n|-resisted|p1a: Latias\n|-damage|p1a: Latias|166\/259\n|\n|upkeep\n|turn|11\n|\n|t:|1652786393\n|move|p1a: Latias|Calm Mind|p1a: Latias\n|-boost|p1a: Latias|spa|1\n|-boost|p1a: Latias|spd|1\n|move|p2a: Meloetta|Psyshock|p1a: Latias\n|-resisted|p1a: Latias\n|-damage|p1a: Latias|78\/259\n|\n|upkeep\n|turn|12\n|\n|t:|1652786394\n|move|p1a: Latias|Roost|p1a: Latias\n|-heal|p1a: Latias|208\/259\n|-singleturn|p1a: Latias|move: Roost\n|move|p2a: Meloetta|Psyshock|p1a: Latias\n|-resisted|p1a: Latias\n|-damage|p1a: Latias|118\/259\n|\n|upkeep\n|turn|13\n|\n|t:|1652786395\n|move|p1a: Latias|Roost|p1a: Latias\n|-heal|p1a: Latias|248\/259\n|-singleturn|p1a: Latias|move: Roost\n|move|p2a: Meloetta|Psyshock|p1a: Latias\n|-resisted|p1a: Latias\n|-damage|p1a: Latias|158\/259\n|\n|upkeep\n|turn|14\n|\n|t:|1652786397\n|move|p1a: Latias|Calm Mind|p1a: Latias\n|-boost|p1a: Latias|spa|1\n|-boost|p1a: Latias|spd|1\n|move|p2a: Meloetta|Psyshock|p1a: Latias\n|-resisted|p1a: Latias\n|-damage|p1a: Latias|72\/259\n|\n|upkeep\n|turn|15\n|\n|t:|1652786398\n|move|p1a: Latias|Roost|p1a: Latias\n|-heal|p1a: Latias|202\/259\n|-singleturn|p1a: Latias|move: Roost\n|move|p2a: Meloetta|Psyshock|p1a: Latias\n|-resisted|p1a: Latias\n|-damage|p1a: Latias|109\/259\n|\n|upkeep\n|turn|16\n|\n|t:|1652786399\n|move|p1a: Latias|Roost|p1a: Latias\n|-heal|p1a: Latias|239\/259\n|-singleturn|p1a: Latias|move: Roost\n|move|p2a: Meloetta|Psyshock|p1a: Latias\n|-resisted|p1a: Latias\n|-damage|p1a: Latias|159\/259\n|\n|upkeep\n|turn|17\n|\n|t:|1652786400\n|move|p1a: Latias|Roost|p1a: Latias\n|-heal|p1a: Latias|259\/259\n|-singleturn|p1a: Latias|move: Roost\n|move|p2a: Meloetta|Psyshock|p1a: Latias\n|-resisted|p1a: Latias\n|-damage|p1a: Latias|169\/259\n|\n|upkeep\n|turn|18\n|\n|t:|1652786401\n|move|p1a: Latias|Roost|p1a: Latias\n|-heal|p1a: Latias|259\/259\n|-singleturn|p1a: Latias|move: Roost\n|move|p2a: Meloetta|Psyshock|p1a: Latias\n|-resisted|p1a: Latias\n|-damage|p1a: Latias|167\/259\n|\n|upkeep\n|turn|19\n|\n|t:|1652786402\n|move|p1a: Latias|Calm Mind|p1a: Latias\n|-boost|p1a: Latias|spa|1\n|-boost|p1a: Latias|spd|1\n|move|p2a: Meloetta|Psyshock|p1a: Latias\n|-resisted|p1a: Latias\n|-damage|p1a: Latias|77\/259\n|\n|upkeep\n|turn|20\n|\n|t:|1652786403\n|move|p1a: Latias|Roost|p1a: Latias\n|-heal|p1a: Latias|207\/259\n|-singleturn|p1a: Latias|move: Roost\n|move|p2a: Meloetta|Psyshock|p1a: Latias\n|-resisted|p1a: Latias\n|-damage|p1a: Latias|117\/259\n|\n|upkeep\n|turn|21\n|\n|t:|1652786404\n|move|p1a: Latias|Roost|p1a: Latias\n|-heal|p1a: Latias|247\/259\n|-singleturn|p1a: Latias|move: Roost\n|move|p2a: Meloetta|Psyshock|p1a: Latias\n|-resisted|p1a: Latias\n|-damage|p1a: Latias|157\/259\n|\n|upkeep\n|turn|22\n|\n|t:|1652786405\n|move|p1a: Latias|Draco Meteor|p2a: Meloetta\n|-damage|p2a: Meloetta|46\/305\n|-unboost|p1a: Latias|spa|2\n|move|p2a: Meloetta|Psyshock|p1a: Latias\n|-resisted|p1a: Latias\n|-damage|p1a: Latias|65\/259\n|\n|-heal|p2a: Meloetta|65\/305|[from] item: Leftovers\n|upkeep\n|turn|23\n|\n|t:|1652786409\n|move|p1a: Latias|Draco Meteor|p2a: Meloetta\n|-damage|p2a: Meloetta|0 fnt\n|-unboost|p1a: Latias|spa|2\n|faint|p2a: Meloetta\n|\n|upkeep\n|\n|t:|1652786409\n|switch|p2a: Starmie|Starmie, L82|233\/233\n|turn|24\n|\n|t:|1652786411\n|move|p2a: Starmie|Psyshock|p1a: Latias\n|-resisted|p1a: Latias\n|-damage|p1a: Latias|30\/259\n|move|p1a: Latias|Roost|p1a: Latias\n|-heal|p1a: Latias|160\/259\n|-singleturn|p1a: Latias|move: Roost\n|\n|upkeep\n|turn|25\n|\n|t:|1652786413\n|move|p2a: Starmie|Scald|p1a: Latias\n|-resisted|p1a: Latias\n|-damage|p1a: Latias|153\/259\n|move|p1a: Latias|Roost|p1a: Latias\n|-heal|p1a: Latias|259\/259\n|-singleturn|p1a: Latias|move: Roost\n|\n|upkeep\n|turn|26\n|\n|t:|1652786414\n|move|p2a: Starmie|Psyshock|p1a: Latias\n|-resisted|p1a: Latias\n|-damage|p1a: Latias|225\/259\n|move|p1a: Latias|Draco Meteor|p2a: Starmie\n|-damage|p2a: Starmie|0 fnt\n|-unboost|p1a: Latias|spa|2\n|faint|p2a: Starmie\n|\n|upkeep\n|\n|t:|1652786414\n|switch|p2a: Manaphy|Manaphy, L80|291\/291\n|turn|27\n|\n|t:|1652786417\n|move|p1a: Latias|Psyshock|p2a: Manaphy\n|-damage|p2a: Manaphy|195\/291\n|move|p2a: Manaphy|Tail Glow|p2a: Manaphy\n|-boost|p2a: Manaphy|spa|3\n|\n|-heal|p2a: Manaphy|213\/291|[from] item: Leftovers\n|upkeep\n|turn|28\n|\n|t:|1652786418\n|move|p1a: Latias|Psyshock|p2a: Manaphy\n|-damage|p2a: Manaphy|117\/291\n|move|p2a: Manaphy|Ice Beam|p1a: Latias\n|-supereffective|p1a: Latias\n|-damage|p1a: Latias|171\/259\n|\n|-heal|p2a: Manaphy|135\/291|[from] item: Leftovers\n|upkeep\n|turn|29\n|\n|t:|1652786419\n|move|p1a: Latias|Psyshock|p2a: Manaphy\n|-damage|p2a: Manaphy|35\/291\n|move|p2a: Manaphy|Ice Beam|p1a: Latias\n|-supereffective|p1a: Latias\n|-damage|p1a: Latias|121\/259\n|\n|-heal|p2a: Manaphy|53\/291|[from] item: Leftovers\n|upkeep\n|turn|30\n|\n|t:|1652786420\n|move|p1a: Latias|Psyshock|p2a: Manaphy\n|-damage|p2a: Manaphy|0 fnt\n|faint|p2a: Manaphy\n|\n|upkeep\n|\n|t:|1652786420\n|switch|p2a: Houndoom|Houndoom, L84, M|262\/262\n|turn|31\n|\n|t:|1652786422\n|detailschange|p2a: Houndoom|Houndoom-Mega, L84, M\n|-mega|p2a: Houndoom|Houndoom|Houndoominite\n|move|p2a: Houndoom|Taunt|p1a: Latias\n|-start|p1a: Latias|move: Taunt\n|move|p1a: Latias|Draco Meteor|p2a: Houndoom\n|-damage|p2a: Houndoom|94\/262\n|-unboost|p1a: Latias|spa|2\n|\n|upkeep\n|turn|32\n|\n|t:|1652786424\n|move|p2a: Houndoom|Dark Pulse|p1a: Latias\n|-supereffective|p1a: Latias\n|-damage|p1a: Latias|83\/259\n|move|p1a: Latias|Draco Meteor|p2a: Houndoom|[miss]\n|-miss|p1a: Latias|p2a: Houndoom\n|\n|upkeep\n|turn|33\n|\n|t:|1652786426\n|move|p2a: Houndoom|Dark Pulse|p1a: Latias\n|-supereffective|p1a: Latias\n|-damage|p1a: Latias|41\/259\n|move|p1a: Latias|Draco Meteor|p2a: Houndoom\n|-damage|p2a: Houndoom|9\/262\n|-unboost|p1a: Latias|spa|2\n|\n|-end|p1a: Latias|move: Taunt\n|upkeep\n|turn|34\n|\n|t:|1652786428\n|move|p2a: Houndoom|Dark Pulse|p1a: Latias\n|-supereffective|p1a: Latias\n|-damage|p1a: Latias|5\/259\n|move|p1a: Latias|Roost|p1a: Latias\n|-heal|p1a: Latias|135\/259\n|-singleturn|p1a: Latias|move: Roost\n|\n|upkeep\n|turn|35\n|\n|t:|1652786429\n|move|p2a: Houndoom|Taunt|p1a: Latias\n|-start|p1a: Latias|move: Taunt\n|move|p1a: Latias|Draco Meteor|p2a: Houndoom|[miss]\n|-miss|p1a: Latias|p2a: Houndoom\n|\n|upkeep\n|turn|36\n|\n|t:|1652786431\n|move|p2a: Houndoom|Dark Pulse|p1a: Latias\n|-supereffective|p1a: Latias\n|-damage|p1a: Latias|97\/259\n|move|p1a: Latias|Draco Meteor|p2a: Houndoom|[miss]\n|-miss|p1a: Latias|p2a: Houndoom\n|\n|upkeep\n|turn|37\n|\n|t:|1652786434\n|switch|p1a: Hitmonchan|Hitmonchan, L88, M|231\/231\n|move|p2a: Houndoom|Dark Pulse|p1a: Hitmonchan\n|-resisted|p1a: Hitmonchan\n|-damage|p1a: Hitmonchan|182\/231\n|\n|upkeep\n|turn|38\n|\n|t:|1652786437\n|move|p2a: Houndoom|Fire Blast|p1a: Hitmonchan\n|-damage|p1a: Hitmonchan|59\/231\n|move|p1a: Hitmonchan|Drain Punch|p2a: Houndoom\n|-supereffective|p2a: Houndoom\n|-damage|p2a: Houndoom|0 fnt\n|-heal|p1a: Hitmonchan|64\/231|[from] drain|[of] p2a: Houndoom\n|faint|p2a: Houndoom\n|-damage|p1a: Hitmonchan|41\/231|[from] item: Life Orb\n|\n|upkeep\n|\n|t:|1652786437\n|switch|p2a: Smeargle|Smeargle, L88, F|240\/240\n|turn|39\n|\n|t:|1652786439\n|move|p1a: Hitmonchan|Drain Punch|p2a: Smeargle\n|-supereffective|p2a: Smeargle\n|-enditem|p2a: Smeargle|Focus Sash\n|-damage|p2a: Smeargle|1\/240\n|-heal|p1a: Hitmonchan|161\/231|[from] drain|[of] p2a: Smeargle\n|-damage|p1a: Hitmonchan|138\/231|[from] item: Life Orb\n|move|p2a: Smeargle|Spore|p1a: Hitmonchan\n|-status|p1a: Hitmonchan|slp|[from] move: Spore\n|\n|upkeep\n|turn|40\n|\n|t:|1652786441\n|cant|p1a: Hitmonchan|slp\n|move|p2a: Smeargle|Stealth Rock|p1a: Hitmonchan\n|-sidestart|p1: firepunch917|move: Stealth Rock\n|\n|upkeep\n|turn|41\n|\n|t:|1652786442\n|cant|p1a: Hitmonchan|slp\n|move|p2a: Smeargle|Spore|p1a: Hitmonchan\n|-fail|p1a: Hitmonchan|slp\n|\n|upkeep\n|turn|42\n|\n|t:|1652786443\n|-curestatus|p1a: Hitmonchan|slp|[msg]\n|move|p1a: Hitmonchan|Drain Punch|p2a: Smeargle\n|-supereffective|p2a: Smeargle\n|-damage|p2a: Smeargle|0 fnt\n|-heal|p1a: Hitmonchan|139\/231|[from] drain|[of] p2a: Smeargle\n|faint|p2a: Smeargle\n|-damage|p1a: Hitmonchan|116\/231|[from] item: Life Orb\n|\n|win|firepunch917\n|raw|firepunch917's rating: 1598 &rarr; <strong>1624<\/strong><br \/>(+26 for winning)\n|raw|JustaSqu1d's rating: 1697 &rarr; <strong>1671<\/strong><br \/>(-26 for losing)\n","inputlog":">version 4c9e1ae78641d89b360ec25232a65a4f7033f808\n>start {\"formatid\":\"gen7randombattle\",\"seed\":[9819,26828,53406,48934],\"rated\":\"Rated battle\"}\n>player p1 {\"name\":\"firepunch917\",\"avatar\":\"169\",\"rating\":1598,\"seed\":[39731,28258,61766,45142]}\n>player p2 {\"name\":\"JustaSqu1d\",\"avatar\":\"265\",\"rating\":1697,\"seed\":[8125,1990,876,15719]}\n>p1 move stoneedge\n>p2 move geomancy\n>p1 move stoneedge\n>p2 move psyshock\n>p1 move stealthrock\n>p2 move moonblast\n>p1 switch 6\n>p1 move sludgebomb\n>p2 move moonblast\n>p2 switch 5\n>p1 switch 3\n>p2 move calmmind\n>p1 move calmmind mega\n>p2 move calmmind\n>p1 move calmmind\n>p2 move hypervoice\n>p1 move calmmind\n>p2 move psyshock\n>p1 move roost\n>p2 move psyshock\n>p1 move roost\n>p2 move psyshock\n>p1 move calmmind\n>p2 move psyshock\n>p1 move roost\n>p2 move psyshock\n>p1 move roost\n>p2 move psyshock\n>p1 move calmmind\n>p2 move psyshock\n>p1 move roost\n>p2 move psyshock\n>p1 move roost\n>p2 move psyshock\n>p1 move roost\n>p2 move psyshock\n>p1 move roost\n>p2 move psyshock\n>p1 move calmmind\n>p2 move psyshock\n>p1 move roost\n>p2 move psyshock\n>p1 move roost\n>p2 move psyshock\n>p1 move dracometeor\n>p2 move psyshock\n>p1 move dracometeor\n>p2 move psyshock\n>p2 switch 3\n>p1 move roost\n>p2 move psyshock\n>p1 move roost\n>p2 move scald\n>p1 move dracometeor\n>p2 move psyshock\n>p2 switch 4\n>p1 move psyshock\n>p2 move tailglow\n>p1 move psyshock\n>p2 move icebeam\n>p1 move psyshock\n>p2 move icebeam\n>p1 move psyshock\n>p2 move icebeam\n>p2 switch 2\n>p1 move dracometeor\n>p2 move taunt mega\n>p1 move dracometeor\n>p2 move darkpulse\n>p1 move dracometeor\n>p2 move darkpulse\n>p1 move roost\n>p2 move darkpulse\n>p1 move dracometeor\n>p2 move taunt\n>p1 move dracometeor\n>p2 move darkpulse\n>p1 switch 2\n>p2 move darkpulse\n>p1 move drainpunch\n>p2 move fireblast\n>p2 switch 6\n>p1 move drainpunch\n>p2 move spore\n>p1 move drainpunch\n>p2 move stealthrock\n>p1 move drainpunch\n>p2 move spore\n>p1 move drainpunch\n>p2 move spore","uploadtime":1652786445,"views":7,"p1id":"firepunch917","p2id":"justasqu1d","formatid":"gen7randombattle","rating":1624,"private":0,"password":null}