{"id":"gen7ou-667853075","p1":"Toxabelle","p2":"illalla man","format":"gen7ou","log":"|raw|<div class=\"broadcast-red\"><strong>This battle is invite-only!<\/strong><br \/>Users must be rank + or invited with <code>\/invite<\/code> to join<\/div>\n|j|Toxabelle\n|j|illalla man\n|player|p1|Toxabelle|164\n|teamsize|p1|6\n|player|p2|illalla man|266\n|teamsize|p2|6\n|gametype|singles\n|gen|7\n|tier|[Gen 7] OU\n|rated|\n|seed|46351,24819,37158,27252\n|rule|Sleep Clause Mod: Limit one foe put to sleep\n|rule|Species Clause: Limit one of each Pok\u00e9mon\n|rule|OHKO Clause: OHKO moves are banned\n|rule|Moody Clause: Moody is banned\n|rule|Evasion Moves Clause: Evasion moves are banned\n|rule|Endless Battle Clause: Forcing endless battles is banned\n|rule|HP Percentage Mod: HP is shown in percentages\n|clearpoke\n|poke|p1|Venusaur, M|item\n|poke|p1|Keldeo-Resolute|item\n|poke|p1|Skarmory, F|item\n|poke|p1|Chansey, F|item\n|poke|p1|Heatran, M|item\n|poke|p1|Bisharp, M|item\n|poke|p2|Landorus-Therian, M|item\n|poke|p2|Tapu Lele|item\n|poke|p2|Gyarados, M|item\n|poke|p2|Kartana|item\n|poke|p2|Greninja, M|item\n|poke|p2|Magearna|item\n|teampreview\n|inactive|Battle timer is ON: inactive players will automatically lose when time's up. (requested by Toxabelle)\n|inactive|illalla man also wants the timer to be on.\n|choice|team 2, team 1, team 3, team 4, team 5, team 6|team 1, team 2, team 3, team 4, team 5, team 6\n|\n|start\n|switch|p1a: Keldeo|Keldeo-Resolute|323\/323\n|switch|p2a: Landorus|Landorus-Therian, M|319\/319\n|-ability|p2a: Landorus|Intimidate|boost\n|-unboost|p1a: Keldeo|atk|1\n|turn|1\n|choice|move scald|move stealthrock\n|\n|move|p1a: Keldeo|Scald|p2a: Landorus\n|-supereffective|p2a: Landorus\n|-damage|p2a: Landorus|5\/319\n|move|p2a: Landorus|Stealth Rock|p1a: Keldeo\n|-sidestart|p1: Toxabelle|move: Stealth Rock\n|\n|upkeep\n|turn|2\n|choice|move scald|move explosion\n|\n|move|p1a: Keldeo|Scald|p2a: Landorus\n|-supereffective|p2a: Landorus\n|-damage|p2a: Landorus|0 fnt\n|faint|p2a: Landorus\n|\n|upkeep\n|choice||switch 2\n|\n|switch|p2a: Tapu Lele|Tapu Lele|281\/281\n|-fieldstart|move: Psychic Terrain|[from] ability: Psychic Surge|[of] p2a: Tapu Lele\n|turn|3\n|choice|switch 5|move psyshock\n|\n|switch|p1a: Heatran|Heatran, M|385\/385\n|-damage|p1a: Heatran|337\/385|[from] Stealth Rock\n|move|p2a: Tapu Lele|Psyshock|p1a: Heatran\n|-resisted|p1a: Heatran\n|-damage|p1a: Heatran|238\/385\n|\n|-heal|p1a: Heatran|262\/385|[from] item: Leftovers\n|upkeep\n|turn|4\n|choice|move stealthrock|switch 3\n|\n|switch|p2a: Gyarados|Gyarados, M|331\/331\n|-ability|p2a: Gyarados|Intimidate|boost\n|-unboost|p1a: Heatran|atk|1\n|move|p1a: Heatran|Stealth Rock|p2a: Gyarados\n|-sidestart|p2: illalla man|move: Stealth Rock\n|\n|-heal|p1a: Heatran|286\/385|[from] item: Leftovers\n|upkeep\n|turn|5\n|choice|move toxic|move dragondance mega\n|\n|-mega|p2a: Gyarados|Gyarados|Gyaradosite\n|detailschange|p2a: Gyarados|Gyarados-Mega, M\n|-ability|p2a: Gyarados|Mold Breaker\n|move|p2a: Gyarados|Dragon Dance|p2a: Gyarados\n|-boost|p2a: Gyarados|atk|1\n|-boost|p2a: Gyarados|spe|1\n|move|p1a: Heatran|Toxic|p2a: Gyarados\n|-status|p2a: Gyarados|tox\n|\n|-heal|p1a: Heatran|310\/385|[from] item: Leftovers\n|-damage|p2a: Gyarados|311\/331 tox|[from] psn\n|upkeep\n|turn|6\n|choice|switch 3|move crunch\n|\n|switch|p1a: Skarmory|Skarmory, F|333\/333\n|-damage|p1a: Skarmory|292\/333|[from] Stealth Rock\n|move|p2a: Gyarados|Crunch|p1a: Skarmory\n|-damage|p1a: Skarmory|153\/333\n|-damage|p2a: Gyarados|256\/331 tox|[from] item: Rocky Helmet|[of] p1a: Skarmory\n|\n|-damage|p2a: Gyarados|216\/331 tox|[from] psn\n|upkeep\n|turn|7\n|choice|move spikes|move crunch\n|\n|move|p2a: Gyarados|Crunch|p1a: Skarmory\n|-damage|p1a: Skarmory|17\/333\n|-damage|p2a: Gyarados|161\/331 tox|[from] item: Rocky Helmet|[of] p1a: Skarmory\n|move|p1a: Skarmory|Spikes|p2a: Gyarados\n|-sidestart|p2: illalla man|Spikes\n|\n|-damage|p2a: Gyarados|101\/331 tox|[from] psn\n|-fieldend|move: Psychic Terrain\n|upkeep\n|turn|8\n|choice|move spikes|move crunch\n|\n|move|p2a: Gyarados|Crunch|p1a: Skarmory\n|-damage|p1a: Skarmory|0 fnt\n|-damage|p2a: Gyarados|46\/331 tox|[from] item: Rocky Helmet|[of] p1a: Skarmory\n|faint|p1a: Skarmory\n|\n|-damage|p2a: Gyarados|0 fnt|[from] psn\n|upkeep\n|faint|p2a: Gyarados\n|choice|switch 5|switch 4\n|\n|switch|p2a: Kartana|Kartana|261\/261\n|switch|p1a: Keldeo|Keldeo-Resolute|323\/323\n|-damage|p2a: Kartana|229\/261|[from] Spikes\n|-damage|p2a: Kartana|213\/261|[from] Stealth Rock\n|-damage|p1a: Keldeo|303\/323|[from] Stealth Rock\n|turn|9\n|choice|switch 2|move substitute\n|\n|switch|p1a: Venusaur|Venusaur, M|363\/363\n|-damage|p1a: Venusaur|318\/363|[from] Stealth Rock\n|move|p2a: Kartana|Substitute|p2a: Kartana\n|-start|p2a: Kartana|Substitute\n|-damage|p2a: Kartana|148\/261\n|\n|upkeep\n|turn|10\n|choice|move hiddenpower mega|move swordsdance\n|\n|-mega|p1a: Venusaur|Venusaur|Venusaurite\n|detailschange|p1a: Venusaur|Venusaur-Mega, M\n|move|p2a: Kartana|Swords Dance|p2a: Kartana\n|-boost|p2a: Kartana|atk|2\n|move|p1a: Venusaur|Hidden Power|p2a: Kartana\n|-supereffective|p2a: Kartana\n|-end|p2a: Kartana|Substitute\n|\n|upkeep\n|turn|11\n|choice|move synthesis|move sacredsword zmove\n|\n|-zpower|p2a: Kartana\n|move|p2a: Kartana|All-Out Pummeling|p1a: Venusaur|[zeffect]\n|-resisted|p1a: Venusaur\n|-crit|p1a: Venusaur\n|-damage|p1a: Venusaur|48\/363\n|move|p1a: Venusaur|Synthesis|p1a: Venusaur\n|-heal|p1a: Venusaur|229\/363\n|\n|upkeep\n|turn|12\n|choice|move synthesis|switch 3\n|\n|switch|p2a: Tapu Lele|Tapu Lele|281\/281\n|-damage|p2a: Tapu Lele|246\/281|[from] Spikes\n|-damage|p2a: Tapu Lele|211\/281|[from] Stealth Rock\n|-fieldstart|move: Psychic Terrain|[from] ability: Psychic Surge|[of] p2a: Tapu Lele\n|move|p1a: Venusaur|Synthesis|p1a: Venusaur\n|-heal|p1a: Venusaur|363\/363\n|\n|upkeep\n|turn|13\n|choice|switch 3|move psyshock\n|\n|switch|p1a: Heatran|Heatran, M|310\/385\n|-damage|p1a: Heatran|262\/385|[from] Stealth Rock\n|move|p2a: Tapu Lele|Psyshock|p1a: Heatran\n|-resisted|p1a: Heatran\n|-damage|p1a: Heatran|169\/385\n|\n|-heal|p1a: Heatran|193\/385|[from] item: Leftovers\n|upkeep\n|turn|14\n|-message|illalla man forfeited.\n|\n|win|Toxabelle\n|l|illalla man\n|raw|Toxabelle's rating: 1846 &rarr; <strong>1857<\/strong><br \/>(+11 for winning)\n|raw|illalla man's rating: 1677 &rarr; <strong>1666<\/strong><br \/>(-11 for losing)\n|c|\u2606Toxabelle|\/log Toxabelle made this room public.","inputlog":null,"uploadtime":1512220490,"views":31,"p1id":"toxabelle","p2id":"illallaman","formatid":"gen7ou","rating":1666,"private":0,"password":null}