{"id":"gen7ou-1009273305","p1":"Baby Imran","p2":"Shardul888","format":"gen7ou","log":"|j|\u2606Baby Imran\n|j|\u2606Shardul888\n|player|p1|Baby Imran|261|1569\n|player|p2|Shardul888|92|1664\n|teamsize|p1|6\n|teamsize|p2|6\n|gametype|singles\n|gen|7\n|tier|[Gen 7] OU\n|rated|\n|rule|Sleep Clause Mod: Limit one foe put to sleep\n|rule|Species Clause: Limit one of each Pok\u00e9mon\n|rule|OHKO Clause: OHKO moves are banned\n|rule|Moody Clause: Moody is banned\n|rule|Evasion Moves Clause: Evasion moves are banned\n|rule|Endless Battle Clause: Forcing endless battles is banned\n|rule|HP Percentage Mod: HP is shown in percentages\n|clearpoke\n|poke|p1|Escavalier, M|item\n|poke|p1|Toxicroak, F|item\n|poke|p1|Tapu Lele|item\n|poke|p1|Pinsir, F|item\n|poke|p1|Landorus-Therian, M|item\n|poke|p1|Rotom-Wash|item\n|poke|p2|Venusaur, M|item\n|poke|p2|Magearna|item\n|poke|p2|Dragonite, M|item\n|poke|p2|Tapu Lele|item\n|poke|p2|Gliscor, F|item\n|poke|p2|Toxapex, F|item\n|teampreview\n|\n|start\n|switch|p1a: Toxicroak|Toxicroak, F, shiny|100\/100\n|switch|p2a: Wonder Woman|Magearna|100\/100\n|turn|1\n|inactive|Battle timer is ON: inactive players will automatically lose when time's up. (requested by Shardul888)\n|\n|switch|p2a: Spiderman|Gliscor, F|100\/100\n|move|p1a: Toxicroak|Drain Punch|p2a: Spiderman\n|-resisted|p2a: Spiderman\n|-damage|p2a: Spiderman|88\/100\n|-damage|p1a: Toxicroak|91\/100|[from] item: Life Orb\n|\n|-status|p2a: Spiderman|tox|[from] item: Toxic Orb\n|upkeep\n|turn|2\n|\n|move|p1a: Toxicroak|Ice Punch|p2a: Spiderman\n|-supereffective|p2a: Spiderman\n|-damage|p2a: Spiderman|12\/100 tox\n|-damage|p1a: Toxicroak|81\/100|[from] item: Life Orb\n|move|p2a: Spiderman|Knock Off|p1a: Toxicroak\n|-resisted|p1a: Toxicroak\n|-damage|p1a: Toxicroak|65\/100\n|-enditem|p1a: Toxicroak|Life Orb|[from] move: Knock Off|[of] p2a: Spiderman\n|\n|-heal|p2a: Spiderman|24\/100 tox|[from] ability: Poison Heal\n|upkeep\n|turn|3\n|\n|move|p2a: Spiderman|Protect|p2a: Spiderman\n|-singleturn|p2a: Spiderman|Protect\n|move|p1a: Toxicroak|Ice Punch|p2a: Spiderman\n|-activate|p2a: Spiderman|move: Protect\n|\n|-heal|p2a: Spiderman|36\/100 tox|[from] ability: Poison Heal\n|upkeep\n|turn|4\n|\n|switch|p2a: Black Widow|Toxapex, F|100\/100\n|move|p1a: Toxicroak|Gunk Shot|p2a: Black Widow\n|-resisted|p2a: Black Widow\n|-damage|p2a: Black Widow|81\/100\n|\n|-heal|p2a: Black Widow|88\/100|[from] item: Leftovers\n|upkeep\n|turn|5\n|\n|move|p1a: Toxicroak|Drain Punch|p2a: Black Widow\n|-resisted|p2a: Black Widow\n|-damage|p2a: Black Widow|77\/100\n|-heal|p1a: Toxicroak|71\/100|[from] drain|[of] p2a: Black Widow\n|move|p2a: Black Widow|Scald|p1a: Toxicroak\n|-heal|p1a: Toxicroak|95\/100|[from] ability: Dry Skin|[of] p2a: Black Widow\n|\n|-heal|p2a: Black Widow|83\/100|[from] item: Leftovers\n|upkeep\n|turn|6\n|c|\u2606Baby Imran|ty\n|\n|switch|p2a: Captain America|Venusaur, M|100\/100\n|move|p1a: Toxicroak|Drain Punch|p2a: Captain America\n|-resisted|p2a: Captain America\n|-damage|p2a: Captain America|84\/100\n|-heal|p1a: Toxicroak|100\/100|[from] drain|[of] p2a: Captain America\n|\n|upkeep\n|turn|7\n|\n|detailschange|p2a: Captain America|Venusaur-Mega, M\n|-mega|p2a: Captain America|Venusaur|Venusaurite\n|move|p1a: Toxicroak|Gunk Shot|p2a: Captain America\n|-damage|p2a: Captain America|44\/100\n|move|p2a: Captain America|Leech Seed|p1a: Toxicroak\n|-start|p1a: Toxicroak|move: Leech Seed\n|\n|-damage|p1a: Toxicroak|88\/100|[from] Leech Seed|[of] p2a: Captain America\n|-heal|p2a: Captain America|55\/100|[silent]\n|upkeep\n|turn|8\n|\n|switch|p1a: Pinsir|Pinsir, F, shiny|100\/100\n|move|p2a: Captain America|Synthesis|p2a: Captain America\n|-heal|p2a: Captain America|100\/100\n|\n|upkeep\n|turn|9\n|\n|switch|p2a: Black Widow|Toxapex, F|100\/100\n|detailschange|p1a: Pinsir|Pinsir-Mega, F, shiny\n|-mega|p1a: Pinsir|Pinsir|Pinsirite\n|move|p1a: Pinsir|Swords Dance|p1a: Pinsir\n|-boost|p1a: Pinsir|atk|2\n|\n|upkeep\n|turn|10\n|\n|move|p2a: Black Widow|Baneful Bunker|p2a: Black Widow\n|-singleturn|p2a: Black Widow|move: Protect\n|move|p1a: Pinsir|Return|p2a: Black Widow\n|-activate|p2a: Black Widow|move: Protect\n|-status|p1a: Pinsir|psn\n|\n|-damage|p1a: Pinsir|88\/100 psn|[from] psn\n|upkeep\n|turn|11\n|\n|move|p1a: Pinsir|Return|p2a: Black Widow\n|-damage|p2a: Black Widow|6\/100\n|move|p2a: Black Widow|Scald|p1a: Pinsir\n|-damage|p1a: Pinsir|66\/100 psn\n|\n|-heal|p2a: Black Widow|12\/100|[from] item: Leftovers\n|-damage|p1a: Pinsir|54\/100 psn|[from] psn\n|upkeep\n|turn|12\n|\n|move|p2a: Black Widow|Baneful Bunker|p2a: Black Widow\n|-singleturn|p2a: Black Widow|move: Protect\n|move|p1a: Pinsir|Swords Dance|p1a: Pinsir\n|-boost|p1a: Pinsir|atk|2\n|\n|-heal|p2a: Black Widow|18\/100|[from] item: Leftovers\n|-damage|p1a: Pinsir|41\/100 psn|[from] psn\n|upkeep\n|turn|13\n|\n|switch|p2a: Spiderman|Gliscor, F|36\/100 tox\n|move|p1a: Pinsir|Return|p2a: Spiderman\n|-damage|p2a: Spiderman|0 fnt\n|faint|p2a: Spiderman\n|\n|-damage|p1a: Pinsir|29\/100 psn|[from] psn\n|upkeep\n|\n|switch|p2a: Black Widow|Toxapex, F|51\/100\n|turn|14\n|\n|move|p2a: Black Widow|Baneful Bunker|p2a: Black Widow\n|-singleturn|p2a: Black Widow|move: Protect\n|move|p1a: Pinsir|Return|p2a: Black Widow\n|-activate|p2a: Black Widow|move: Protect\n|\n|-heal|p2a: Black Widow|58\/100|[from] item: Leftovers\n|-damage|p1a: Pinsir|17\/100 psn|[from] psn\n|upkeep\n|turn|15\n|\n|move|p2a: Black Widow|Baneful Bunker|p2a: Black Widow\n|-singleturn|p2a: Black Widow|move: Protect\n|move|p1a: Pinsir|Return|p2a: Black Widow\n|-activate|p2a: Black Widow|move: Protect\n|\n|-heal|p2a: Black Widow|64\/100|[from] item: Leftovers\n|-damage|p1a: Pinsir|5\/100 psn|[from] psn\n|upkeep\n|turn|16\n|\n|move|p2a: Black Widow|Baneful Bunker||[still]\n|-fail|p2a: Black Widow\n|move|p1a: Pinsir|Return|p2a: Black Widow\n|-damage|p2a: Black Widow|0 fnt\n|faint|p2a: Black Widow\n|\n|-damage|p1a: Pinsir|0 fnt|[from] psn\n|faint|p1a: Pinsir\n|upkeep\n|\n|switch|p1a: Toxicroak|Toxicroak, F, shiny|88\/100\n|switch|p2a: Wonder Woman|Magearna|100\/100\n|turn|17\n|\n|switch|p2a: Superman|Dragonite, M|100\/100\n|move|p1a: Toxicroak|Drain Punch|p2a: Superman\n|-resisted|p2a: Superman\n|-damage|p2a: Superman|93\/100\n|-heal|p1a: Toxicroak|93\/100|[from] drain|[of] p2a: Superman\n|\n|upkeep\n|turn|18\n|\n|move|p1a: Toxicroak|Ice Punch|p2a: Superman\n|-supereffective|p2a: Superman\n|-damage|p2a: Superman|5\/100\n|move|p2a: Superman|Earthquake|p1a: Toxicroak\n|-supereffective|p1a: Toxicroak\n|-damage|p1a: Toxicroak|0 fnt\n|faint|p1a: Toxicroak\n|\n|upkeep\n|\n|switch|p1a: Rotom|Rotom-Wash, shiny|100\/100\n|turn|19\n|\n|switch|p2a: Captain America|Venusaur-Mega, M|100\/100\n|move|p1a: Rotom|Volt Switch|p2a: Captain America\n|-resisted|p2a: Captain America\n|-damage|p2a: Captain America|88\/100\n|\n|switch|p1a: Landorus|Landorus-Therian, M, shiny|100\/100|[from]move: Volt Switch\n|-ability|p1a: Landorus|Intimidate|boost\n|-unboost|p2a: Captain America|atk|1\n|\n|upkeep\n|turn|20\n|\n|move|p1a: Landorus|Earthquake|p2a: Captain America\n|-damage|p2a: Captain America|48\/100\n|move|p2a: Captain America|Leech Seed|p1a: Landorus\n|-start|p1a: Landorus|move: Leech Seed\n|\n|-damage|p1a: Landorus|88\/100|[from] Leech Seed|[of] p2a: Captain America\n|-heal|p2a: Captain America|61\/100|[silent]\n|upkeep\n|turn|21\n|\n|move|p1a: Landorus|Earthquake|p2a: Captain America\n|-damage|p2a: Captain America|24\/100\n|move|p2a: Captain America|Sludge Bomb|p1a: Landorus\n|-resisted|p1a: Landorus\n|-damage|p1a: Landorus|68\/100\n|\n|-damage|p1a: Landorus|56\/100|[from] Leech Seed|[of] p2a: Captain America\n|-heal|p2a: Captain America|37\/100|[silent]\n|upkeep\n|turn|22\n|\n|switch|p2a: Superman|Dragonite, M|5\/100\n|move|p1a: Landorus|Earthquake|p2a: Superman\n|-immune|p2a: Superman\n|\n|-damage|p1a: Landorus|43\/100|[from] Leech Seed|[of] p2a: Superman\n|-heal|p2a: Superman|16\/100|[silent]\n|upkeep\n|turn|23\n|\n|switch|p1a: Rotom|Rotom-Wash, shiny|100\/100\n|move|p2a: Superman|Ice Punch|p1a: Rotom\n|-resisted|p1a: Rotom\n|-damage|p1a: Rotom|84\/100\n|\n|upkeep\n|turn|24\n|\n|switch|p2a: Captain America|Venusaur-Mega, M|37\/100\n|move|p1a: Rotom|Volt Switch|p2a: Captain America\n|-resisted|p2a: Captain America\n|-damage|p2a: Captain America|25\/100\n|\n|switch|p1a: Tapu Lele|Tapu Lele, shiny|100\/100|[from]move: Volt Switch\n|-fieldstart|move: Psychic Terrain|[from] ability: Psychic Surge|[of] p1a: Tapu Lele\n|\n|upkeep\n|turn|25\n|\n|switch|p2a: Wonder Woman|Magearna|100\/100\n|move|p1a: Tapu Lele|Psychic|p2a: Wonder Woman\n|-resisted|p2a: Wonder Woman\n|-damage|p2a: Wonder Woman|74\/100\n|\n|upkeep\n|turn|26\n|\n|switch|p1a: Escavalier|Escavalier, M, shiny|100\/100\n|move|p2a: Wonder Woman|Ice Beam|p1a: Escavalier\n|-resisted|p1a: Escavalier\n|-damage|p1a: Escavalier|92\/100\n|\n|upkeep\n|turn|27\n|\n|switch|p2a: Superman|Dragonite, M|16\/100\n|move|p1a: Escavalier|Drill Run|p2a: Superman\n|-immune|p2a: Superman\n|\n|upkeep\n|turn|28\n|\n|move|p2a: Superman|Earthquake|p1a: Escavalier\n|-damage|p1a: Escavalier|57\/100\n|move|p1a: Escavalier|Iron Head|p2a: Superman\n|-damage|p2a: Superman|0 fnt\n|faint|p2a: Superman\n|\n|-fieldend|move: Psychic Terrain\n|upkeep\n|\n|switch|p2a: Captain America|Venusaur-Mega, M|25\/100\n|turn|29\n|\n|move|p2a: Captain America|Synthesis|p2a: Captain America\n|-heal|p2a: Captain America|75\/100\n|move|p1a: Escavalier|Drill Run|p2a: Captain America\n|-damage|p2a: Captain America|52\/100\n|\n|upkeep\n|turn|30\n|\n|move|p2a: Captain America|Leech Seed|p1a: Escavalier\n|-start|p1a: Escavalier|move: Leech Seed\n|move|p1a: Escavalier|Megahorn|p2a: Captain America\n|-damage|p2a: Captain America|0 fnt\n|faint|p2a: Captain America\n|\n|upkeep\n|c|\u2606Baby Imran|s i k e\n|\n|switch|p2a: Dr Strange|Tapu Lele|100\/100\n|-fieldstart|move: Psychic Terrain|[from] ability: Psychic Surge|[of] p2a: Dr Strange\n|turn|31\n|\n|move|p2a: Dr Strange|Hidden Power|p1a: Escavalier\n|-supereffective|p1a: Escavalier\n|-damage|p1a: Escavalier|2\/100\n|move|p1a: Escavalier|Iron Head|p2a: Dr Strange\n|-supereffective|p2a: Dr Strange\n|-damage|p2a: Dr Strange|0 fnt\n|faint|p2a: Dr Strange\n|\n|upkeep\n|-message|Shardul888 forfeited.\n|\n|win|Baby Imran\n|l|\u2606Shardul888\n|c|\u2606Baby Imran|T H I C C\n","uploadtime":1573690589,"views":65,"p1id":"babyimran","p2id":"shardul888","formatid":"gen7ou","rating":0,"private":0,"password":null}