{"id":"gen7ubers-1096840287","p1":"TestingTesting1","p2":"suibbian\u968f\u4fbf","format":"gen7ubers","log":"|j|\u2606TestingTesting1\n|j|\u2606suibbian\u968f\u4fbf\n|player|p1|TestingTesting1|265|1556\n|player|p2|suibbian\u968f\u4fbf|290|1439\n|teamsize|p1|6\n|teamsize|p2|6\n|gametype|singles\n|gen|7\n|tier|[Gen 7] Ubers\n|rated|\n|clearpoke\n|poke|p1|Uxie|item\n|poke|p1|Necrozma-Dusk-Mane|item\n|poke|p1|Whimsicott, M|item\n|poke|p1|Kyogre|item\n|poke|p1|Mawile, M|item\n|poke|p1|Rayquaza|item\n|poke|p2|Groudon|item\n|poke|p2|Arceus-*|item\n|poke|p2|Zygarde|item\n|poke|p2|Necrozma-Dusk-Mane|item\n|poke|p2|Xerneas|item\n|poke|p2|Yveltal|item\n|rule|Sleep Clause Mod: Limit one foe put to sleep\n|rule|Species Clause: Limit one of each Pok\u00e9mon\n|rule|OHKO Clause: OHKO moves are banned\n|rule|Moody Clause: Moody is banned\n|rule|Evasion Moves Clause: Evasion moves are banned\n|rule|Endless Battle Clause: Forcing endless battles is banned\n|rule|HP Percentage Mod: HP is shown in percentages\n|rule|Mega Rayquaza Clause: You cannot mega evolve Rayquaza\n|teampreview\n|\n|start\n|switch|p1a: Uxie|Uxie|100\/100\n|switch|p2a: Yveltal|Yveltal, shiny|100\/100\n|-ability|p2a: Yveltal|Dark Aura\n|turn|1\n|\n|move|p1a: Uxie|Magic Coat|p1a: Uxie\n|-singleturn|p1a: Uxie|move: Magic Coat\n|move|p2a: Yveltal|Taunt|p1a: Uxie\n|move|p1a: Uxie|Taunt|p2a: Yveltal|[from]Magic Coat\n|-start|p2a: Yveltal|move: Taunt\n|\n|upkeep\n|turn|2\n|\n|move|p2a: Yveltal|Dark Pulse|p1a: Uxie\n|-supereffective|p1a: Uxie\n|-damage|p1a: Uxie|12\/100\n|-damage|p2a: Yveltal|91\/100|[from] item: Life Orb\n|move|p1a: Uxie|Trick Room|p1a: Uxie\n|-fieldstart|move: Trick Room|[of] p1a: Uxie\n|\n|-heal|p1a: Uxie|18\/100|[from] item: Leftovers\n|upkeep\n|turn|3\n|\n|switch|p2a: Groudon|Groudon, shiny|100\/100\n|detailschange|p2a: Groudon|Groudon-Primal, shiny\n|-primal|p2a: Groudon\n|-weather|DesolateLand|[from] ability: Desolate Land|[of] p2a: Groudon\n|move|p1a: Uxie|Stealth Rock|p2a: Groudon\n|-sidestart|p2: suibbian\u968f\u4fbf|move: Stealth Rock\n|\n|-weather|DesolateLand|[upkeep]\n|-heal|p1a: Uxie|24\/100|[from] item: Leftovers\n|upkeep\n|turn|4\n|\n|move|p1a: Uxie|Memento|p2a: Groudon\n|-unboost|p2a: Groudon|atk|2\n|-unboost|p2a: Groudon|spa|2\n|faint|p1a: Uxie\n|move|p2a: Groudon|Hidden Power|p1: Uxie|[notarget]\n|-fail|p2a: Groudon\n|\n|-weather|DesolateLand|[upkeep]\n|upkeep\n|\n|switch|p1a: Kyogre|Kyogre|100\/100\n|detailschange|p1a: Kyogre|Kyogre-Primal\n|-primal|p1a: Kyogre\n|-weather|PrimordialSea|[from] ability: Primordial Sea|[of] p1a: Kyogre\n|turn|5\n|\n|switch|p2a: Zygarde|Zygarde, shiny|100\/100\n|-damage|p2a: Zygarde|94\/100|[from] Stealth Rock\n|move|p1a: Kyogre|Water Spout|p2a: Zygarde\n|-damage|p2a: Zygarde|0 fnt\n|faint|p2a: Zygarde\n|\n|-weather|PrimordialSea|[upkeep]\n|upkeep\n|j| Leo_2333\n|l| Leo_2333\n|\n|switch|p2a: Groudon|Groudon-Primal, shiny|100\/100\n|-damage|p2a: Groudon|88\/100|[from] Stealth Rock\n|-weather|DesolateLand|[from] ability: Desolate Land|[of] p2a: Groudon\n|turn|6\n|\n|switch|p1a: Rayquaza|Rayquaza|100\/100\n|-ability|p1a: Rayquaza|Air Lock\n|move|p2a: Groudon|Rock Polish|p2a: Groudon\n|-boost|p2a: Groudon|spe|2\n|\n|-weather|DesolateLand|[upkeep]\n|-fieldend|move: Trick Room\n|upkeep\n|turn|7\n|\n|move|p2a: Groudon|Hidden Power|p1a: Rayquaza\n|-supereffective|p1a: Rayquaza\n|-damage|p1a: Rayquaza|0 fnt\n|faint|p1a: Rayquaza\n|\n|-weather|DesolateLand|[upkeep]\n|upkeep\n|\n|switch|p1a: Whimsicott|Whimsicott, M|100\/100\n|turn|8\n|\n|move|p2a: Groudon|Fire Blast|p1a: Whimsicott\n|-supereffective|p1a: Whimsicott\n|-enditem|p1a: Whimsicott|Focus Sash\n|-damage|p1a: Whimsicott|1\/100\n|move|p1a: Whimsicott|Trick Room|p1a: Whimsicott\n|-fieldstart|move: Trick Room|[of] p1a: Whimsicott\n|\n|-weather|DesolateLand|[upkeep]\n|upkeep\n|turn|9\n|\n|-weather|none\n|switch|p2a: Yveltal|Yveltal, shiny|91\/100\n|-damage|p2a: Yveltal|66\/100|[from] Stealth Rock\n|-ability|p2a: Yveltal|Dark Aura\n|move|p1a: Whimsicott|Memento|p2a: Yveltal\n|-hint|Since gen 7, Dark is immune to Prankster moves.\n|-immune|p2a: Yveltal\n|\n|upkeep\n|turn|10\n|\n|switch|p1a: Mawile|Mawile, M|100\/100\n|-ability|p1a: Mawile|Intimidate|boost\n|-unboost|p2a: Yveltal|atk|1\n|move|p2a: Yveltal|Dark Pulse|p1a: Mawile\n|-resisted|p1a: Mawile\n|-damage|p1a: Mawile|35\/100\n|-damage|p2a: Yveltal|56\/100|[from] item: Life Orb\n|\n|upkeep\n|turn|11\n|\n|detailschange|p1a: Mawile|Mawile-Mega, M\n|-mega|p1a: Mawile|Mawile|Mawilite\n|move|p1a: Mawile|Play Rough|p2a: Yveltal\n|-supereffective|p2a: Yveltal\n|-damage|p2a: Yveltal|0 fnt\n|faint|p2a: Yveltal\n|\n|upkeep\n|\n|switch|p2a: Necrozma|Necrozma-Dusk-Mane|100\/100\n|-damage|p2a: Necrozma|94\/100|[from] Stealth Rock\n|turn|12\n|\n|move|p1a: Mawile|Crunch|p2a: Necrozma\n|-supereffective|p2a: Necrozma\n|-damage|p2a: Necrozma|34\/100\n|move|p2a: Necrozma|Swords Dance|p2a: Necrozma\n|-boost|p2a: Necrozma|atk|2\n|\n|-fieldend|move: Trick Room\n|upkeep\n|turn|13\n|\n|move|p1a: Mawile|Sucker Punch||[still]\n|-fail|p1a: Mawile\n|move|p2a: Necrozma|Morning Sun|p2a: Necrozma\n|-heal|p2a: Necrozma|84\/100\n|\n|upkeep\n|turn|14\n|\n|move|p2a: Necrozma|Sunsteel Strike|p1a: Mawile\n|-damage|p1a: Mawile|0 fnt\n|faint|p1a: Mawile\n|\n|upkeep\n|\n|switch|p1a: Whimsicott|Whimsicott, M|1\/100\n|turn|15\n|\n|move|p1a: Whimsicott|Memento|p2a: Necrozma\n|-unboost|p2a: Necrozma|atk|2\n|-unboost|p2a: Necrozma|spa|2\n|faint|p1a: Whimsicott\n|move|p2a: Necrozma|Sunsteel Strike|p1: Whimsicott|[notarget]\n|-fail|p2a: Necrozma\n|\n|upkeep\n|\n|switch|p1a: Necrozma|Necrozma-Dusk-Mane|100\/100\n|turn|16\n|\n|switch|p2a: Arceus|Arceus-Dark|100\/100\n|-damage|p2a: Arceus|88\/100|[from] Stealth Rock\n|move|p1a: Necrozma|Trick Room|p1a: Necrozma\n|-fieldstart|move: Trick Room|[of] p1a: Necrozma\n|\n|upkeep\n|turn|17\n|\n|move|p1a: Necrozma|Swords Dance|p1a: Necrozma\n|-boost|p1a: Necrozma|atk|2\n|move|p2a: Arceus|Judgment|p1a: Necrozma\n|-supereffective|p1a: Necrozma\n|-damage|p1a: Necrozma|33\/100\n|-enditem|p1a: Necrozma|Weakness Policy\n|-boost|p1a: Necrozma|atk|2|[from] item: Weakness Policy\n|-boost|p1a: Necrozma|spa|2|[from] item: Weakness Policy\n|\n|upkeep\n|turn|18\n|\n|move|p1a: Necrozma|Sunsteel Strike|p2a: Arceus\n|-damage|p2a: Arceus|0 fnt\n|faint|p2a: Arceus\n|\n|upkeep\n|\n|switch|p2a: Necrozma|Necrozma-Dusk-Mane|84\/100\n|-damage|p2a: Necrozma|78\/100|[from] Stealth Rock\n|turn|19\n|\n|move|p1a: Necrozma|Earthquake|p2a: Necrozma\n|-supereffective|p2a: Necrozma\n|-damage|p2a: Necrozma|0 fnt\n|faint|p2a: Necrozma\n|\n|upkeep\n|\n|switch|p2a: Groudon|Groudon-Primal, shiny|88\/100\n|-damage|p2a: Groudon|76\/100|[from] Stealth Rock\n|-weather|DesolateLand|[from] ability: Desolate Land|[of] p2a: Groudon\n|turn|20\n|\n|-weather|none\n|switch|p2a: Xerneas|Xerneas, shiny|100\/100\n|-damage|p2a: Xerneas|88\/100|[from] Stealth Rock\n|-ability|p2a: Xerneas|Fairy Aura\n|move|p1a: Necrozma|Earthquake|p2a: Xerneas\n|-damage|p2a: Xerneas|0 fnt\n|faint|p2a: Xerneas\n|\n|-fieldend|move: Trick Room\n|upkeep\n|\n|switch|p2a: Groudon|Groudon-Primal, shiny|76\/100\n|-damage|p2a: Groudon|64\/100|[from] Stealth Rock\n|-weather|DesolateLand|[from] ability: Desolate Land|[of] p2a: Groudon\n|turn|21\n|c|\u2606TestingTesting1|??\n|c|\u2606suibbian\u968f\u4fbf|gg\n|\n|move|p2a: Groudon|Precipice Blades|p1a: Necrozma\n|-supereffective|p1a: Necrozma\n|-crit|p1a: Necrozma\n|-damage|p1a: Necrozma|0 fnt\n|faint|p1a: Necrozma\n|\n|-weather|DesolateLand|[upkeep]\n|upkeep\n|\n|switch|p1a: Kyogre|Kyogre-Primal|100\/100\n|-weather|PrimordialSea|[from] ability: Primordial Sea|[of] p1a: Kyogre\n|turn|22\n|\n|move|p2a: Groudon|Precipice Blades|p1a: Kyogre\n|-damage|p1a: Kyogre|37\/100\n|move|p1a: Kyogre|Water Spout|p2a: Groudon\n|-supereffective|p2a: Groudon\n|-damage|p2a: Groudon|0 fnt\n|faint|p2a: Groudon\n|\n|win|TestingTesting1\n|l|\u2606TestingTesting1\n|raw|TestingTesting1's rating: 1556 &rarr; <strong>1570<\/strong><br \/>(+14 for winning)\n|raw|suibbian\u968f\u4fbf's rating: 1439 &rarr; <strong>1425<\/strong><br \/>(-14 for losing)\n","uploadtime":1586911220,"views":11,"p1id":"testingtesting1","p2id":"suibbian","formatid":"gen7ubers","rating":1425,"private":0,"password":null}