{"id":"gen7ou-1651816074","p1":"Razorgliscor472","p2":"alvar03","format":"gen7ou","log":"|j|\u2606Razorgliscor472\n|j|\u2606alvar03\n|t:|1661863817\n|gametype|singles\n|player|p1|Razorgliscor472|101|1475\n|player|p2|alvar03|alder|1596\n|teamsize|p1|6\n|teamsize|p2|6\n|gen|7\n|tier|[Gen 7] OU\n|rated|\n|rule|Sleep Clause Mod: Limit one foe put to sleep\n|rule|Species Clause: Limit one of each Pok\u00e9mon\n|rule|OHKO Clause: OHKO moves are banned\n|rule|Moody Clause: Moody is banned\n|rule|Evasion Items Clause: Evasion items are banned\n|rule|Evasion Moves Clause: Evasion moves are banned\n|rule|Endless Battle Clause: Forcing endless battles is banned\n|rule|HP Percentage Mod: HP is shown in percentages\n|clearpoke\n|poke|p1|Alakazam, M|item\n|poke|p1|Tapu Fini|item\n|poke|p1|Landorus-Therian, M|item\n|poke|p1|Weavile, M|item\n|poke|p1|Ferrothorn, F|item\n|poke|p1|Volcarona, M|item\n|poke|p2|Magnezone|item\n|poke|p2|Latias, F|item\n|poke|p2|Reuniclus, F|item\n|poke|p2|Gliscor, M|item\n|poke|p2|Krookodile, F|item\n|poke|p2|Chansey, F|item\n|teampreview\n|inactive|Battle timer is ON: inactive players will automatically lose when time's up. (requested by Razorgliscor472)\n|\n|t:|1661863831\n|start\n|switch|p1a: Weavile|Weavile, M|100\/100\n|switch|p2a: Chansey|Chansey, F|100\/100\n|turn|1\n|\n|t:|1661863836\n|move|p1a: Weavile|Knock Off|p2a: Chansey\n|-damage|p2a: Chansey|56\/100\n|-enditem|p2a: Chansey|Eviolite|[from] move: Knock Off|[of] p1a: Weavile\n|move|p2a: Chansey|Toxic|p1a: Weavile\n|-status|p1a: Weavile|tox\n|\n|-damage|p1a: Weavile|94\/100 tox|[from] psn\n|upkeep\n|turn|2\n|\n|t:|1661863842\n|move|p1a: Weavile|Knock Off|p2a: Chansey\n|-damage|p2a: Chansey|7\/100\n|move|p2a: Chansey|Soft-Boiled|p2a: Chansey\n|-heal|p2a: Chansey|57\/100\n|\n|-damage|p1a: Weavile|82\/100 tox|[from] psn\n|upkeep\n|turn|3\n|\n|t:|1661863852\n|move|p1a: Weavile|Knock Off|p2a: Chansey\n|-damage|p2a: Chansey|8\/100\n|move|p2a: Chansey|Soft-Boiled|p2a: Chansey\n|-heal|p2a: Chansey|58\/100\n|\n|-damage|p1a: Weavile|64\/100 tox|[from] psn\n|upkeep\n|turn|4\n|\n|t:|1661863860\n|switch|p1a: Tapu Fini|Tapu Fini|100\/100\n|-fieldstart|move: Misty Terrain|[from] ability: Misty Surge|[of] p1a: Tapu Fini\n|move|p2a: Chansey|Soft-Boiled|p2a: Chansey\n|-heal|p2a: Chansey|100\/100\n|\n|upkeep\n|turn|5\n|\n|t:|1661863863\n|move|p1a: Tapu Fini|Taunt|p2a: Chansey\n|-start|p2a: Chansey|move: Taunt\n|cant|p2a: Chansey|move: Taunt|Stealth Rock\n|\n|upkeep\n|turn|6\n|inactive|Razorgliscor472 has 120 seconds left.\n|\n|t:|1661863899\n|move|p1a: Tapu Fini|Calm Mind|p1a: Tapu Fini\n|-boost|p1a: Tapu Fini|spa|1\n|-boost|p1a: Tapu Fini|spd|1\n|move|p2a: Chansey|Seismic Toss|p1a: Tapu Fini\n|-damage|p1a: Tapu Fini|71\/100\n|\n|-heal|p1a: Tapu Fini|77\/100|[from] item: Leftovers\n|upkeep\n|turn|7\n|inactive|Razorgliscor472 has 120 seconds left.\n|\n|t:|1661863912\n|switch|p1a: Alakazam|Alakazam, M|100\/100\n|switch|p2a: Magnezone|Magnezone|100\/100\n|\n|upkeep\n|turn|8\n|j| iglouglou\n|l| iglouglou\n|\n|t:|1661863920\n|switch|p2a: Reuniclus|Reuniclus, F|100\/100\n|detailschange|p1a: Alakazam|Alakazam-Mega, M\n|-mega|p1a: Alakazam|Alakazam|Alakazite\n|-ability|p1a: Alakazam|Magic Guard|[from] ability: Trace|[of] p2a: Reuniclus\n|move|p1a: Alakazam|Focus Blast|p2a: Reuniclus|[miss]\n|-miss|p1a: Alakazam|p2a: Reuniclus\n|\n|-fieldend|Misty Terrain\n|upkeep\n|turn|9\n|j| Elitedunsparce\n|inactive|Razorgliscor472 has 120 seconds left.\n|\n|t:|1661863937\n|switch|p2a: Chansey|Chansey, F|100\/100\n|move|p1a: Alakazam|Shadow Ball|p2a: Chansey\n|-immune|p2a: Chansey\n|\n|upkeep\n|turn|10\n|\n|t:|1661863944\n|move|p1a: Alakazam|Focus Blast|p2a: Chansey\n|-supereffective|p2a: Chansey\n|-damage|p2a: Chansey|56\/100\n|move|p2a: Chansey|Stealth Rock|p1a: Alakazam\n|-sidestart|p1: Razorgliscor472|move: Stealth Rock\n|\n|upkeep\n|turn|11\n|\n|t:|1661863950\n|move|p1a: Alakazam|Focus Blast|p2a: Chansey\n|-supereffective|p2a: Chansey\n|-damage|p2a: Chansey|11\/100\n|move|p2a: Chansey|Soft-Boiled|p2a: Chansey\n|-heal|p2a: Chansey|61\/100\n|\n|upkeep\n|turn|12\n|\n|t:|1661863955\n|move|p1a: Alakazam|Focus Blast|p2a: Chansey\n|-supereffective|p2a: Chansey\n|-damage|p2a: Chansey|13\/100\n|move|p2a: Chansey|Soft-Boiled|p2a: Chansey\n|-heal|p2a: Chansey|63\/100\n|\n|upkeep\n|turn|13\n|\n|t:|1661863960\n|switch|p1a: Weavile|Weavile, M|64\/100 tox\n|-damage|p1a: Weavile|39\/100 tox|[from] Stealth Rock\n|move|p2a: Chansey|Soft-Boiled|p2a: Chansey\n|-heal|p2a: Chansey|100\/100\n|\n|-damage|p1a: Weavile|33\/100 tox|[from] psn\n|upkeep\n|turn|14\n|\n|t:|1661863967\n|switch|p2a: Magnezone|Magnezone|100\/100\n|move|p1a: Weavile|Icicle Crash|p2a: Magnezone\n|-resisted|p2a: Magnezone\n|-damage|p2a: Magnezone|68\/100\n|\n|-damage|p1a: Weavile|21\/100 tox|[from] psn\n|upkeep\n|turn|15\n|\n|t:|1661863978\n|move|p1a: Weavile|Icicle Crash|p2a: Magnezone|[miss]\n|-miss|p1a: Weavile|p2a: Magnezone\n|move|p2a: Magnezone|Thunderbolt|p1a: Weavile\n|-damage|p1a: Weavile|0 fnt\n|faint|p1a: Weavile\n|\n|upkeep\n|\n|t:|1661863982\n|switch|p1a: Alakazam|Alakazam-Mega, M|100\/100\n|-damage|p1a: Alakazam|88\/100|[from] Stealth Rock\n|-ability|p1a: Alakazam|Magnet Pull|[from] ability: Trace|[of] p2a: Magnezone\n|turn|16\n|\n|t:|1661863986\n|move|p1a: Alakazam|Focus Blast|p2a: Magnezone\n|-supereffective|p2a: Magnezone\n|-damage|p2a: Magnezone|0 fnt\n|faint|p2a: Magnezone\n|\n|upkeep\n|\n|t:|1661863990\n|switch|p2a: Krookodile|Krookodile, F|100\/100\n|turn|17\n|\n|t:|1661863999\n|move|p2a: Krookodile|Pursuit|p1a: Alakazam\n|-supereffective|p1a: Alakazam\n|-damage|p1a: Alakazam|13\/100\n|move|p1a: Alakazam|Focus Blast|p2a: Krookodile\n|-supereffective|p2a: Krookodile\n|-damage|p2a: Krookodile|0 fnt\n|faint|p2a: Krookodile\n|\n|upkeep\n|c|\u2606alvar03|bro\n|c|\u2606alvar03|do u have to hit every single one of those\n|\n|t:|1661864022\n|switch|p2a: Chansey|Chansey, F|100\/100\n|turn|18\n|c|\u2606Razorgliscor472|Missed one on reun\n|\n|t:|1661864044\n|switch|p1a: Landorus|Landorus-Therian, M|100\/100\n|-damage|p1a: Landorus|88\/100|[from] Stealth Rock\n|-ability|p1a: Landorus|Intimidate|boost\n|-unboost|p2a: Chansey|atk|1\n|move|p2a: Chansey|Seismic Toss|p1a: Landorus\n|-damage|p1a: Landorus|57\/100\n|\n|upkeep\n|turn|19\n|c|\u2606alvar03|yes big miss\n|\n|t:|1661864052\n|switch|p2a: Gliscor|Gliscor, M|100\/100\n|move|p1a: Landorus|Defog|p2a: Gliscor\n|-unboost|p2a: Gliscor|evasion|1\n|-sideend|p1: Razorgliscor472|Stealth Rock|[from] move: Defog|[of] p1a: Landorus\n|\n|-status|p2a: Gliscor|tox|[from] item: Toxic Orb\n|upkeep\n|turn|20\n|\n|t:|1661864057\n|switch|p1a: Tapu Fini|Tapu Fini|77\/100\n|-fieldstart|move: Misty Terrain|[from] ability: Misty Surge|[of] p1a: Tapu Fini\n|move|p2a: Gliscor|Knock Off|p1a: Tapu Fini\n|-resisted|p1a: Tapu Fini\n|-damage|p1a: Tapu Fini|68\/100\n|-enditem|p1a: Tapu Fini|Leftovers|[from] move: Knock Off|[of] p2a: Gliscor\n|\n|upkeep\n|turn|21\n|\n|t:|1661864069\n|move|p2a: Gliscor|Earthquake|p1a: Tapu Fini\n|-damage|p1a: Tapu Fini|40\/100\n|move|p1a: Tapu Fini|Taunt|p2a: Gliscor\n|-start|p2a: Gliscor|move: Taunt\n|\n|upkeep\n|turn|22\n|\n|t:|1661864072\n|move|p2a: Gliscor|Earthquake|p1a: Tapu Fini\n|-crit|p1a: Tapu Fini\n|-damage|p1a: Tapu Fini|0 fnt\n|faint|p1a: Tapu Fini\n|\n|upkeep\n|\n|t:|1661864084\n|switch|p1a: Volcarona|Volcarona, M|100\/100\n|turn|23\n|\n|t:|1661864087\n|move|p1a: Volcarona|Quiver Dance|p1a: Volcarona\n|-boost|p1a: Volcarona|spa|1\n|-boost|p1a: Volcarona|spd|1\n|-boost|p1a: Volcarona|spe|1\n|move|p2a: Gliscor|Earthquake|p1a: Volcarona\n|-damage|p1a: Volcarona|62\/100\n|\n|upkeep\n|turn|24\n|\n|t:|1661864095\n|move|p1a: Volcarona|Flamethrower|p2a: Gliscor\n|-crit|p2a: Gliscor\n|-damage|p2a: Gliscor|0 fnt\n|faint|p2a: Gliscor\n|\n|-fieldend|Misty Terrain\n|upkeep\n|\n|t:|1661864098\n|switch|p2a: Reuniclus|Reuniclus, F|100\/100\n|turn|25\n|c|\u2606alvar03|missclick\n|\n|t:|1661864107\n|switch|p2a: Chansey|Chansey, F|100\/100\n|move|p1a: Volcarona|Bug Buzz|p2a: Chansey\n|-damage|p2a: Chansey|75\/100\n|\n|upkeep\n|turn|26\n|\n|t:|1661864111\n|-zpower|p1a: Volcarona\n|move|p1a: Volcarona|Savage Spin-Out|p2a: Chansey|[zeffect]\n|-damage|p2a: Chansey|25\/100\n|move|p2a: Chansey|Soft-Boiled|p2a: Chansey\n|-heal|p2a: Chansey|75\/100\n|\n|upkeep\n|turn|27\n|\n|t:|1661864118\n|move|p1a: Volcarona|Quiver Dance|p1a: Volcarona\n|-boost|p1a: Volcarona|spa|1\n|-boost|p1a: Volcarona|spd|1\n|-boost|p1a: Volcarona|spe|1\n|move|p2a: Chansey|Toxic|p1a: Volcarona\n|-status|p1a: Volcarona|tox\n|\n|-damage|p1a: Volcarona|55\/100 tox|[from] psn\n|upkeep\n|turn|28\n|\n|t:|1661864125\n|move|p1a: Volcarona|Bug Buzz|p2a: Chansey\n|-damage|p2a: Chansey|39\/100\n|move|p2a: Chansey|Soft-Boiled|p2a: Chansey\n|-heal|p2a: Chansey|89\/100\n|\n|-damage|p1a: Volcarona|43\/100 tox|[from] psn\n|upkeep\n|turn|29\n|\n|t:|1661864135\n|move|p1a: Volcarona|Roost|p1a: Volcarona\n|-heal|p1a: Volcarona|93\/100 tox\n|-singleturn|p1a: Volcarona|move: Roost\n|move|p2a: Chansey|Soft-Boiled|p2a: Chansey\n|-heal|p2a: Chansey|100\/100\n|\n|-damage|p1a: Volcarona|75\/100 tox|[from] psn\n|upkeep\n|turn|30\n|\n|t:|1661864141\n|switch|p1a: Ferrothorn|Ferrothorn, F|100\/100\n|move|p2a: Chansey|Stealth Rock|p1a: Ferrothorn\n|-sidestart|p1: Razorgliscor472|move: Stealth Rock\n|\n|upkeep\n|turn|31\n|\n|t:|1661864145\n|switch|p2a: Reuniclus|Reuniclus, F|100\/100\n|move|p1a: Ferrothorn|Stealth Rock|p2a: Reuniclus\n|-sidestart|p2: alvar03|move: Stealth Rock\n|\n|upkeep\n|turn|32\n|\n|t:|1661864147\n|move|p2a: Reuniclus|Calm Mind|p2a: Reuniclus\n|-boost|p2a: Reuniclus|spa|1\n|-boost|p2a: Reuniclus|spd|1\n|move|p1a: Ferrothorn|Spikes|p2a: Reuniclus\n|-sidestart|p2: alvar03|Spikes\n|\n|upkeep\n|turn|33\n|\n|t:|1661864150\n|move|p2a: Reuniclus|Calm Mind|p2a: Reuniclus\n|-boost|p2a: Reuniclus|spa|1\n|-boost|p2a: Reuniclus|spd|1\n|move|p1a: Ferrothorn|Power Whip|p2a: Reuniclus|[miss]\n|-miss|p1a: Ferrothorn|p2a: Reuniclus\n|\n|upkeep\n|turn|34\n|\n|t:|1661864152\n|move|p2a: Reuniclus|Calm Mind|p2a: Reuniclus\n|-boost|p2a: Reuniclus|spa|1\n|-boost|p2a: Reuniclus|spd|1\n|move|p1a: Ferrothorn|Power Whip|p2a: Reuniclus|[miss]\n|-miss|p1a: Ferrothorn|p2a: Reuniclus\n|\n|upkeep\n|turn|35\n|\n|t:|1661864154\n|move|p2a: Reuniclus|Calm Mind|p2a: Reuniclus\n|-boost|p2a: Reuniclus|spa|1\n|-boost|p2a: Reuniclus|spd|1\n|move|p1a: Ferrothorn|Power Whip|p2a: Reuniclus\n|-damage|p2a: Reuniclus|72\/100\n|-damage|p1a: Ferrothorn|84\/100|[from] item: Rocky Helmet|[of] p2a: Reuniclus\n|\n|-heal|p1a: Ferrothorn|90\/100|[from] item: Leftovers\n|upkeep\n|turn|36\n|\n|t:|1661864158\n|move|p2a: Reuniclus|Recover|p2a: Reuniclus\n|-heal|p2a: Reuniclus|100\/100\n|move|p1a: Ferrothorn|Power Whip|p2a: Reuniclus\n|-damage|p2a: Reuniclus|71\/100\n|-damage|p1a: Ferrothorn|74\/100|[from] item: Rocky Helmet|[of] p2a: Reuniclus\n|\n|-heal|p1a: Ferrothorn|80\/100|[from] item: Leftovers\n|upkeep\n|turn|37\n|\n|t:|1661864160\n|move|p2a: Reuniclus|Recover|p2a: Reuniclus\n|-heal|p2a: Reuniclus|100\/100\n|move|p1a: Ferrothorn|Power Whip|p2a: Reuniclus|[miss]\n|-miss|p1a: Ferrothorn|p2a: Reuniclus\n|\n|-heal|p1a: Ferrothorn|86\/100|[from] item: Leftovers\n|upkeep\n|turn|38\n|\n|t:|1661864162\n|move|p2a: Reuniclus|Focus Blast|p1a: Ferrothorn|[miss]\n|-miss|p2a: Reuniclus|p1a: Ferrothorn\n|move|p1a: Ferrothorn|Power Whip|p2a: Reuniclus\n|-damage|p2a: Reuniclus|71\/100\n|-damage|p1a: Ferrothorn|70\/100|[from] item: Rocky Helmet|[of] p2a: Reuniclus\n|\n|-heal|p1a: Ferrothorn|76\/100|[from] item: Leftovers\n|upkeep\n|turn|39\n|\n|t:|1661864165\n|move|p2a: Reuniclus|Recover|p2a: Reuniclus\n|-heal|p2a: Reuniclus|100\/100\n|move|p1a: Ferrothorn|Power Whip|p2a: Reuniclus\n|-damage|p2a: Reuniclus|73\/100\n|-damage|p1a: Ferrothorn|60\/100|[from] item: Rocky Helmet|[of] p2a: Reuniclus\n|\n|-heal|p1a: Ferrothorn|66\/100|[from] item: Leftovers\n|upkeep\n|turn|40\n|\n|t:|1661864167\n|move|p2a: Reuniclus|Recover|p2a: Reuniclus\n|-heal|p2a: Reuniclus|100\/100\n|move|p1a: Ferrothorn|Power Whip|p2a: Reuniclus\n|-damage|p2a: Reuniclus|73\/100\n|-damage|p1a: Ferrothorn|49\/100|[from] item: Rocky Helmet|[of] p2a: Reuniclus\n|\n|-heal|p1a: Ferrothorn|56\/100|[from] item: Leftovers\n|upkeep\n|turn|41\n|\n|t:|1661864171\n|move|p2a: Reuniclus|Recover|p2a: Reuniclus\n|-heal|p2a: Reuniclus|100\/100\n|move|p1a: Ferrothorn|Power Whip|p2a: Reuniclus\n|-damage|p2a: Reuniclus|71\/100\n|-damage|p1a: Ferrothorn|39\/100|[from] item: Rocky Helmet|[of] p2a: Reuniclus\n|\n|-heal|p1a: Ferrothorn|45\/100|[from] item: Leftovers\n|upkeep\n|turn|42\n|\n|t:|1661864173\n|move|p2a: Reuniclus|Recover|p2a: Reuniclus\n|-heal|p2a: Reuniclus|100\/100\n|move|p1a: Ferrothorn|Power Whip|p2a: Reuniclus\n|-damage|p2a: Reuniclus|74\/100\n|-damage|p1a: Ferrothorn|29\/100|[from] item: Rocky Helmet|[of] p2a: Reuniclus\n|\n|-heal|p1a: Ferrothorn|35\/100|[from] item: Leftovers\n|upkeep\n|turn|43\n|\n|t:|1661864177\n|move|p2a: Reuniclus|Recover|p2a: Reuniclus\n|-heal|p2a: Reuniclus|100\/100\n|move|p1a: Ferrothorn|Power Whip|p2a: Reuniclus\n|-damage|p2a: Reuniclus|71\/100\n|-damage|p1a: Ferrothorn|19\/100|[from] item: Rocky Helmet|[of] p2a: Reuniclus\n|\n|-heal|p1a: Ferrothorn|25\/100|[from] item: Leftovers\n|upkeep\n|turn|44\n|\n|t:|1661864179\n|move|p2a: Reuniclus|Recover|p2a: Reuniclus\n|-heal|p2a: Reuniclus|100\/100\n|move|p1a: Ferrothorn|Power Whip|p2a: Reuniclus|[miss]\n|-miss|p1a: Ferrothorn|p2a: Reuniclus\n|\n|-heal|p1a: Ferrothorn|31\/100|[from] item: Leftovers\n|upkeep\n|turn|45\n|\n|t:|1661864182\n|move|p2a: Reuniclus|Psyshock|p1a: Ferrothorn\n|-resisted|p1a: Ferrothorn\n|-damage|p1a: Ferrothorn|0 fnt\n|faint|p1a: Ferrothorn\n|\n|upkeep\n|\n|t:|1661864186\n|switch|p1a: Landorus|Landorus-Therian, M|57\/100\n|-damage|p1a: Landorus|45\/100|[from] Stealth Rock\n|-ability|p1a: Landorus|Intimidate|boost\n|-unboost|p2a: Reuniclus|atk|1\n|turn|46\n|\n|t:|1661864189\n|move|p1a: Landorus|U-turn|p2a: Reuniclus\n|-supereffective|p2a: Reuniclus\n|-damage|p2a: Reuniclus|63\/100\n|-damage|p1a: Landorus|28\/100|[from] item: Rocky Helmet|[of] p2a: Reuniclus\n|\n|t:|1661864192\n|switch|p1a: Volcarona|Volcarona, M|75\/100 tox|[from]move: U-turn\n|-damage|p1a: Volcarona|25\/100 tox|[from] Stealth Rock\n|move|p2a: Reuniclus|Recover|p2a: Reuniclus\n|-heal|p2a: Reuniclus|100\/100\n|\n|-damage|p1a: Volcarona|19\/100 tox|[from] psn\n|upkeep\n|turn|47\n|\n|t:|1661864194\n|move|p1a: Volcarona|Bug Buzz|p2a: Reuniclus\n|-supereffective|p2a: Reuniclus\n|-damage|p2a: Reuniclus|75\/100\n|move|p2a: Reuniclus|Psyshock|p1a: Volcarona\n|-damage|p1a: Volcarona|0 fnt\n|faint|p1a: Volcarona\n|\n|upkeep\n|c| Elitedunsparce|hitting focus miss is not for everybody xD\n|\n|t:|1661864197\n|switch|p1a: Landorus|Landorus-Therian, M|28\/100\n|-damage|p1a: Landorus|16\/100|[from] Stealth Rock\n|-ability|p1a: Landorus|Intimidate|boost\n|-unboost|p2a: Reuniclus|atk|1\n|turn|48\n|\n|t:|1661864202\n|move|p1a: Landorus|Earthquake|p2a: Reuniclus\n|-damage|p2a: Reuniclus|32\/100\n|move|p2a: Reuniclus|Recover|p2a: Reuniclus\n|-heal|p2a: Reuniclus|82\/100\n|\n|upkeep\n|turn|49\n|\n|t:|1661864207\n|move|p1a: Landorus|Earthquake|p2a: Reuniclus\n|-damage|p2a: Reuniclus|42\/100\n|move|p2a: Reuniclus|Psyshock|p1a: Landorus\n|-damage|p1a: Landorus|0 fnt\n|faint|p1a: Landorus\n|\n|upkeep\n|c|\u2606alvar03|gg\n|\n|t:|1661864211\n|switch|p1a: Alakazam|Alakazam-Mega, M|13\/100\n|-damage|p1a: Alakazam|1\/100|[from] Stealth Rock\n|-ability|p1a: Alakazam|Magic Guard|[from] ability: Trace|[of] p2a: Reuniclus\n|turn|50\n|\n|t:|1661864215\n|move|p1a: Alakazam|Shadow Ball|p2a: Reuniclus\n|-supereffective|p2a: Reuniclus\n|-damage|p2a: Reuniclus|20\/100\n|move|p2a: Reuniclus|Focus Blast|p1a: Alakazam\n|-resisted|p1a: Alakazam\n|-damage|p1a: Alakazam|0 fnt\n|faint|p1a: Alakazam\n|\n|win|alvar03\n|raw|Razorgliscor472's rating: 1475 &rarr; <strong>1462<\/strong><br \/>(-13 for losing)\n|raw|alvar03's rating: 1596 &rarr; <strong>1609<\/strong><br \/>(+13 for winning)\n|l|\u2606Razorgliscor472\n|l|\u2606alvar03\n||Ladder isn't responding, score probably updated but might not have (Request timeout).\n","uploadtime":1661864444,"views":4,"p1id":"razorgliscor472","p2id":"alvar03","formatid":"gen7ou","rating":1462,"private":0,"password":null}