{"id":"gen7ou-617267112","p1":"D1V1DE-Z3R0","p2":"Kaylss","format":"gen7ou","log":"|j|D1V1DE-Z3R0\n|J|Kaylss\n|player|p1|D1V1DE-Z3R0|70\n|teamsize|p1|6\n|player|p2|Kaylss|138\n|teamsize|p2|6\n|gametype|singles\n|gen|7\n|tier|[Gen 7] OU\n|rated\n|seed|18507,40642,39140,28272\n|rule|Sleep Clause Mod: Limit one foe put to sleep\n|rule|Species Clause: Limit one of each Pok\u00e9mon\n|rule|OHKO Clause: OHKO moves are banned\n|rule|Moody Clause: Moody is banned\n|rule|Evasion Moves Clause: Evasion moves are banned\n|rule|Endless Battle Clause: Forcing endless battles is banned\n|rule|HP Percentage Mod: HP is shown in percentages\n|clearpoke\n|poke|p1|Latias, F|item\n|poke|p1|Keldeo-Resolute|item\n|poke|p1|Heatran, F|item\n|poke|p1|Dugtrio, M|item\n|poke|p1|Tapu Fini|item\n|poke|p1|Magearna|item\n|poke|p2|Sableye, M|item\n|poke|p2|Chansey, F|item\n|poke|p2|Skarmory, F|item\n|poke|p2|Toxapex, M|item\n|poke|p2|Dugtrio, M|item\n|poke|p2|Shedinja|item\n|teampreview\n|choice|team 3, team 2, team 1, team 4, team 5, team 6|team 1, team 2, team 3, team 4, team 5, team 6\n|\n|start\n|switch|p1a: Heatran|Heatran, F|376\/376\n|switch|p2a: Sableye|Sableye, M|303\/303\n|turn|1\n|choice|move substitute|move protect mega\n|\n|detailschange|p2a: Sableye|Sableye-Mega, M\n|-mega|p2a: Sableye|Sableye|Sablenite\n|move|p2a: Sableye|Protect|p2a: Sableye\n|-singleturn|p2a: Sableye|Protect\n|move|p1a: Heatran|Substitute|p1a: Heatran\n|-start|p1a: Heatran|Substitute\n|-damage|p1a: Heatran|282\/376\n|\n|-heal|p1a: Heatran|305\/376|[from] item: Leftovers\n|upkeep\n|turn|2\n|choice|move magmastorm|move recover\n|\n|move|p1a: Heatran|Magma Storm|p2a: Sableye\n|-damage|p2a: Sableye|173\/303\n|-activate|p2a: Sableye|move: Magma Storm|[of] p1a: Heatran\n|move|p2a: Sableye|Recover|p2a: Sableye\n|-heal|p2a: Sableye|303\/303\n|\n|-heal|p1a: Heatran|328\/376|[from] item: Leftovers\n|-damage|p2a: Sableye|266\/303|[from] move: Magma Storm|[partiallytrapped]\n|upkeep\n|turn|3\n|choice|move earthpower|move recover\n|\n|move|p1a: Heatran|Earth Power|p2a: Sableye\n|-damage|p2a: Sableye|196\/303\n|move|p2a: Sableye|Recover|p2a: Sableye\n|-heal|p2a: Sableye|303\/303\n|\n|-heal|p1a: Heatran|351\/376|[from] item: Leftovers\n|-damage|p2a: Sableye|266\/303|[from] move: Magma Storm|[partiallytrapped]\n|upkeep\n|turn|4\n|choice|move earthpower|switch 2\n|\n|switch|p2a: Chansey|Chansey, F|703\/703\n|move|p1a: Heatran|Earth Power|p2a: Chansey\n|-crit|p2a: Chansey\n|-damage|p2a: Chansey|614\/703\n|-unboost|p2a: Chansey|spd|1\n|\n|-heal|p1a: Heatran|374\/376|[from] item: Leftovers\n|upkeep\n|turn|5\n|choice|move magmastorm|move stealthrock\n|\n|move|p1a: Heatran|Magma Storm|p2a: Chansey\n|-damage|p2a: Chansey|473\/703\n|-activate|p2a: Chansey|move: Magma Storm|[of] p1a: Heatran\n|move|p2a: Chansey|Stealth Rock|p1a: Heatran\n|-sidestart|p1: D1V1DE-Z3R0|move: Stealth Rock\n|\n|-heal|p1a: Heatran|376\/376|[from] item: Leftovers\n|-damage|p2a: Chansey|386\/703|[from] move: Magma Storm|[partiallytrapped]\n|upkeep\n|turn|6\n|choice|move toxic|move softboiled\n|\n|move|p1a: Heatran|Toxic|p2a: Chansey\n|-status|p2a: Chansey|tox\n|move|p2a: Chansey|Soft-Boiled|p2a: Chansey\n|-heal|p2a: Chansey|703\/703 tox\n|\n|-damage|p2a: Chansey|660\/703 tox|[from] psn\n|-damage|p2a: Chansey|573\/703 tox|[from] move: Magma Storm|[partiallytrapped]\n|upkeep\n|turn|7\n|choice|move earthpower|move softboiled\n|\n|move|p1a: Heatran|Earth Power|p2a: Chansey\n|-damage|p2a: Chansey|485\/703 tox\n|-unboost|p2a: Chansey|spd|1\n|move|p2a: Chansey|Soft-Boiled|p2a: Chansey\n|-heal|p2a: Chansey|703\/703 tox\n|\n|-damage|p2a: Chansey|617\/703 tox|[from] psn\n|-damage|p2a: Chansey|530\/703 tox|[from] move: Magma Storm|[partiallytrapped]\n|upkeep\n|turn|8\n|choice|move magmastorm|move softboiled\n|\n|move|p1a: Heatran|Magma Storm|p2a: Chansey\n|-damage|p2a: Chansey|328\/703 tox\n|move|p2a: Chansey|Soft-Boiled|p2a: Chansey\n|-heal|p2a: Chansey|680\/703 tox\n|\n|-damage|p2a: Chansey|551\/703 tox|[from] psn\n|-damage|p2a: Chansey|464\/703 tox|[from] move: Magma Storm|[partiallytrapped]\n|upkeep\n|turn|9\n|choice|move earthpower|move softboiled\n|\n|move|p1a: Heatran|Earth Power|p2a: Chansey\n|-damage|p2a: Chansey|357\/703 tox\n|-unboost|p2a: Chansey|spd|1\n|move|p2a: Chansey|Soft-Boiled|p2a: Chansey\n|-heal|p2a: Chansey|703\/703 tox\n|\n|-damage|p2a: Chansey|531\/703 tox|[from] psn\n|-damage|p2a: Chansey|444\/703 tox|[from] move: Magma Storm|[partiallytrapped]\n|upkeep\n|turn|10\n|choice|move earthpower|move softboiled\n|\n|move|p1a: Heatran|Earth Power|p2a: Chansey\n|-damage|p2a: Chansey|297\/703 tox\n|move|p2a: Chansey|Soft-Boiled|p2a: Chansey\n|-heal|p2a: Chansey|649\/703 tox\n|\n|-damage|p2a: Chansey|434\/703 tox|[from] psn\n|-end|p2a: Chansey|Magma Storm|[partiallytrapped]\n|upkeep\n|turn|11\n|choice|move magmastorm|switch 4\n|\n|-curestatus|p2a: Chansey|tox|[from] ability: Natural Cure\n|switch|p2a: Toxapex|Toxapex, M|303\/303\n|move|p1a: Heatran|Magma Storm|p2a: Toxapex\n|-resisted|p2a: Toxapex\n|-damage|p2a: Toxapex|251\/303\n|-activate|p2a: Toxapex|move: Magma Storm|[of] p1a: Heatran\n|\n|-damage|p2a: Toxapex|214\/303|[from] move: Magma Storm|[partiallytrapped]\n|upkeep\n|turn|12\n|choice|move earthpower|move recover\n|\n|move|p1a: Heatran|Earth Power|p2a: Toxapex\n|-supereffective|p2a: Toxapex\n|-damage|p2a: Toxapex|86\/303\n|move|p2a: Toxapex|Recover|p2a: Toxapex\n|-heal|p2a: Toxapex|238\/303\n|\n|-damage|p2a: Toxapex|201\/303|[from] move: Magma Storm|[partiallytrapped]\n|upkeep\n|turn|13\n|choice|move earthpower|move recover\n|\n|move|p1a: Heatran|Earth Power|p2a: Toxapex\n|-supereffective|p2a: Toxapex\n|-damage|p2a: Toxapex|77\/303\n|move|p2a: Toxapex|Recover|p2a: Toxapex\n|-heal|p2a: Toxapex|229\/303\n|\n|-damage|p2a: Toxapex|192\/303|[from] move: Magma Storm|[partiallytrapped]\n|upkeep\n|turn|14\n|choice|move earthpower|move recover\n|\n|move|p1a: Heatran|Earth Power|p2a: Toxapex\n|-supereffective|p2a: Toxapex\n|-damage|p2a: Toxapex|72\/303\n|move|p2a: Toxapex|Recover|p2a: Toxapex\n|-heal|p2a: Toxapex|224\/303\n|\n|-damage|p2a: Toxapex|187\/303|[from] move: Magma Storm|[partiallytrapped]\n|upkeep\n|turn|15\n|choice|move earthpower|move recover\n|\n|move|p1a: Heatran|Earth Power|p2a: Toxapex\n|-supereffective|p2a: Toxapex\n|-damage|p2a: Toxapex|53\/303\n|move|p2a: Toxapex|Recover|p2a: Toxapex\n|-heal|p2a: Toxapex|205\/303\n|\n|-end|p2a: Toxapex|Magma Storm|[partiallytrapped]\n|upkeep\n|turn|16\n|choice|move magmastorm|switch 4\n|\n|switch|p2a: Chansey|Chansey, F|434\/703\n|move|p1a: Heatran|Magma Storm|p2a: Chansey\n|-damage|p2a: Chansey|331\/703\n|-activate|p2a: Chansey|move: Magma Storm|[of] p1a: Heatran\n|\n|-damage|p2a: Chansey|244\/703|[from] move: Magma Storm|[partiallytrapped]\n|upkeep\n|turn|17\n|choice|move toxic|move softboiled\n|\n|move|p1a: Heatran|Toxic|p2a: Chansey|[miss]\n|-miss|p1a: Heatran|p2a: Chansey\n|move|p2a: Chansey|Soft-Boiled|p2a: Chansey\n|-heal|p2a: Chansey|596\/703\n|\n|-damage|p2a: Chansey|509\/703|[from] move: Magma Storm|[partiallytrapped]\n|upkeep\n|turn|18\n|choice|move toxic|move seismictoss\n|\n|move|p1a: Heatran|Toxic|p2a: Chansey\n|-status|p2a: Chansey|tox\n|move|p2a: Chansey|Seismic Toss|p1a: Heatran\n|-end|p1a: Heatran|Substitute\n|\n|-damage|p2a: Chansey|466\/703 tox|[from] psn\n|-damage|p2a: Chansey|379\/703 tox|[from] move: Magma Storm|[partiallytrapped]\n|upkeep\n|turn|19\n|choice|move magmastorm|move softboiled\n|\n|move|p1a: Heatran|Magma Storm|p2a: Chansey\n|-damage|p2a: Chansey|292\/703 tox\n|move|p2a: Chansey|Soft-Boiled|p2a: Chansey\n|-heal|p2a: Chansey|644\/703 tox\n|\n|-damage|p2a: Chansey|558\/703 tox|[from] psn\n|-damage|p2a: Chansey|471\/703 tox|[from] move: Magma Storm|[partiallytrapped]\n|upkeep\n|turn|20\n|choice|switch 4|move softboiled\n|\n|switch|p1a: Dugtrio|Dugtrio, M|211\/211\n|-damage|p1a: Dugtrio|198\/211|[from] Stealth Rock\n|move|p2a: Chansey|Soft-Boiled|p2a: Chansey\n|-heal|p2a: Chansey|703\/703 tox\n|\n|-damage|p2a: Chansey|574\/703 tox|[from] psn\n|upkeep\n|turn|21\n|choice|move earthquake|move seismictoss\n|\n|move|p1a: Dugtrio|Earthquake|p2a: Chansey\n|-damage|p2a: Chansey|372\/703 tox\n|move|p2a: Chansey|Seismic Toss|p1a: Dugtrio\n|-damage|p1a: Dugtrio|98\/211\n|\n|-damage|p2a: Chansey|200\/703 tox|[from] psn\n|upkeep\n|turn|22\n|choice|move earthquake|move seismictoss\n|\n|move|p1a: Dugtrio|Earthquake|p2a: Chansey\n|-damage|p2a: Chansey|0 fnt\n|faint|p2a: Chansey\n|\n|upkeep\n|choice||switch 5\n|\n|switch|p2a: Dugtrio|Dugtrio, M|211\/211\n|turn|23\n|choice|move earthquake zmove|move earthquake\n|\n|move|p2a: Dugtrio|Earthquake|p1a: Dugtrio\n|-crit|p1a: Dugtrio\n|-damage|p1a: Dugtrio|0 fnt\n|faint|p1a: Dugtrio\n|\n|upkeep\n|choice|switch 2|\n|\n|switch|p1a: Keldeo|Keldeo-Resolute|323\/323\n|-damage|p1a: Keldeo|303\/323|[from] Stealth Rock\n|turn|24\n|choice|move scald|switch 4\n|\n|switch|p2a: Toxapex|Toxapex, M|303\/303\n|move|p1a: Keldeo|Scald|p2a: Toxapex\n|-resisted|p2a: Toxapex\n|-damage|p2a: Toxapex|254\/303\n|\n|upkeep\n|turn|25\n|choice|switch 5|move toxicspikes\n|\n|switch|p1a: Tapu Fini|Tapu Fini|344\/344\n|-damage|p1a: Tapu Fini|301\/344|[from] Stealth Rock\n|-fieldstart|move: Misty Terrain|[from] ability: Misty Surge|[of] p1a: Tapu Fini\n|move|p2a: Toxapex|Toxic Spikes|p1a: Tapu Fini\n|-sidestart|p1: D1V1DE-Z3R0|move: Toxic Spikes\n|\n|-heal|p1a: Tapu Fini|322\/344|[from] item: Leftovers\n|upkeep\n|turn|26\n|choice|move defog|switch 6\n|\n|switch|p2a: Shedinja|Shedinja|1\/1\n|move|p1a: Tapu Fini|Defog|p2a: Shedinja\n|-unboost|p2a: Shedinja|evasion|1\n|-sideend|p1: D1V1DE-Z3R0|Toxic Spikes|[from] move: Defog|[of] p1a: Tapu Fini\n|-sideend|p1: D1V1DE-Z3R0|Stealth Rock|[from] move: Defog|[of] p1a: Tapu Fini\n|\n|-heal|p1a: Tapu Fini|343\/344|[from] item: Leftovers\n|upkeep\n|turn|27\n|choice|move taunt|move secretpower\n|\n|move|p1a: Tapu Fini|Taunt|p2a: Shedinja\n|-start|p2a: Shedinja|move: Taunt\n|move|p2a: Shedinja|Secret Power|p1a: Tapu Fini\n|-damage|p1a: Tapu Fini|281\/344\n|-unboost|p1a: Tapu Fini|spa|1\n|\n|-heal|p1a: Tapu Fini|302\/344|[from] item: Leftovers\n|upkeep\n|turn|28\n|choice|switch 4|switch 4\n|\n|switch|p1a: Heatran|Heatran, F|376\/376\n|switch|p2a: Dugtrio|Dugtrio, M|211\/211\n|\n|upkeep\n|turn|29\n|choice|move magmastorm|move earthquake\n|\n|move|p2a: Dugtrio|Earthquake|p1a: Heatran\n|-supereffective|p1a: Heatran\n|-damage|p1a: Heatran|0 fnt\n|faint|p1a: Heatran\n|\n|-fieldend|Misty Terrain\n|upkeep\n|-message|D1V1DE-Z3R0 forfeited.\n|\n|win|Kaylss\n|l|D1V1DE-Z3R0\n|raw|D1V1DE-Z3R0's rating: 1481 &rarr; <strong>1463<\/strong><br \/>(-18 for losing)\n|raw|Kaylss's rating: 1523 &rarr; <strong>1541<\/strong><br \/>(+18 for winning)","inputlog":null,"uploadtime":1502669805,"views":11,"p1id":"d1v1dez3r0","p2id":"kaylss","formatid":"gen7ou","rating":1463,"private":0,"password":null}