{"id":"gen7ou-746272795","p1":"Darth Escar","p2":"OGamer289","format":"gen7ou","log":"|j|\u2606Darth Escar\n|j|\u2606OGamer289\n|player|p1|Darth Escar|265\n|player|p2|OGamer289|153\n|teamsize|p1|6\n|teamsize|p2|6\n|gametype|singles\n|gen|7\n|tier|[Gen 7] OU\n|rated|\n|rule|Sleep Clause Mod: Limit one foe put to sleep\n|rule|Species Clause: Limit one of each Pok\u00e9mon\n|rule|OHKO Clause: OHKO moves are banned\n|rule|Moody Clause: Moody is banned\n|rule|Evasion Moves Clause: Evasion moves are banned\n|rule|Endless Battle Clause: Forcing endless battles is banned\n|rule|HP Percentage Mod: HP is shown in percentages\n|clearpoke\n|poke|p1|Victini|item\n|poke|p1|Diancie|item\n|poke|p1|Rotom-Mow|item\n|poke|p1|Tornadus-Therian, M|item\n|poke|p1|Toxapex, M|item\n|poke|p1|Ditto|item\n|poke|p2|Zapdos|item\n|poke|p2|Greninja, M|item\n|poke|p2|Heracross, M|item\n|poke|p2|Tapu Bulu|item\n|poke|p2|Jirachi|item\n|poke|p2|Kyurem-Black|item\n|teampreview\n|inactive|Battle timer is ON: inactive players will automatically lose when time's up. (requested by Darth Escar)\n|\n|start\n|switch|p1a: Rotom|Rotom-Mow|100\/100\n|switch|p2a: Ninja|Greninja, M, shiny|100\/100\n|turn|1\n|\n|switch|p2a: Booom|Tapu Bulu|100\/100\n|-fieldstart|move: Grassy Terrain|[from] ability: Grassy Surge|[of] p2a: Booom\n|move|p1a: Rotom|Leaf Storm|p2a: Booom\n|-resisted|p2a: Booom\n|-damage|p2a: Booom|79\/100\n|-unboost|p1a: Rotom|spa|2\n|\n|-heal|p2a: Booom|85\/100|[from] Grassy Terrain\n|upkeep\n|turn|2\n|\n|switch|p1a: Victini|Victini|100\/100\n|move|p2a: Booom|Megahorn|p1a: Victini\n|-crit|p1a: Victini\n|-damage|p1a: Victini|36\/100\n|\n|-heal|p1a: Victini|42\/100|[from] Grassy Terrain\n|-heal|p2a: Booom|91\/100|[from] Grassy Terrain\n|upkeep\n|turn|3\n|\n|switch|p2a: Zapdose|Zapdos|100\/100\n|-zpower|p1a: Victini\n|move|p1a: Victini|Z-Celebrate|p1a: Victini|[anim]Celebrate\n|-boost|p1a: Victini|atk|1|[zeffect]\n|-boost|p1a: Victini|def|1|[zeffect]\n|-boost|p1a: Victini|spa|1|[zeffect]\n|-boost|p1a: Victini|spd|1|[zeffect]\n|-boost|p1a: Victini|spe|1|[zeffect]\n|-activate|p1a: Victini|move: Celebrate\n|\n|-heal|p1a: Victini|48\/100|[from] Grassy Terrain\n|upkeep\n|turn|4\n|\n|move|p1a: Victini|Searing Shot|p2a: Zapdose\n|-damage|p2a: Zapdose|26\/100\n|-status|p2a: Zapdose|brn\n|move|p2a: Zapdose|Thunderbolt|p1a: Victini\n|-damage|p1a: Victini|21\/100\n|\n|-heal|p1a: Victini|27\/100|[from] Grassy Terrain\n|-heal|p2a: Zapdose|32\/100 brn|[from] item: Leftovers\n|-damage|p2a: Zapdose|26\/100 brn|[from] brn\n|upkeep\n|turn|5\n|\n|move|p1a: Victini|Searing Shot|p2a: Zapdose\n|-damage|p2a: Zapdose|0 fnt\n|faint|p2a: Zapdose\n|\n|-heal|p1a: Victini|34\/100|[from] Grassy Terrain\n|-fieldend|move: Grassy Terrain\n|upkeep\n|inactive|OGamer289 has 135 seconds left.\n|\n|switch|p2a: Black|Kyurem-Black, shiny|100\/100\n|-ability|p2a: Black|Teravolt\n|turn|6\n|\n|move|p1a: Victini|Searing Shot|p2a: Black\n|-damage|p2a: Black|22\/100\n|move|p2a: Black|Earth Power|p1a: Victini\n|-supereffective|p1a: Victini\n|-damage|p1a: Victini|0 fnt\n|faint|p1a: Victini\n|\n|upkeep\n|\n|switch|p1a: Ditto|Ditto|100\/100\n|-transform|p1a: Ditto|p2a: Black|[from] ability: Imposter\n|-ability|p1a: Ditto|Teravolt\n|turn|7\n|\n|switch|p2a: Einen Stern|Jirachi|100\/100\n|move|p1a: Ditto|Draco Meteor|p2a: Einen Stern\n|-resisted|p2a: Einen Stern\n|-damage|p2a: Einen Stern|67\/100\n|-unboost|p1a: Ditto|spa|2\n|\n|upkeep\n|turn|8\n|inactive|Darth Escar has 135 seconds left.\n|\n|switch|p1a: Rotom|Rotom-Mow|100\/100\n|move|p2a: Einen Stern|Stealth Rock|p1a: Rotom\n|-sidestart|p1: Darth Escar|move: Stealth Rock\n|\n|upkeep\n|turn|9\n|\n|move|p1a: Rotom|Volt Switch|p2a: Einen Stern\n|-damage|p2a: Einen Stern|37\/100\n|-enditem|p2a: Einen Stern|Sitrus Berry|[eat]\n|-heal|p2a: Einen Stern|62\/100|[from] item: Sitrus Berry\n|\n|switch|p1a: Diancie|Diancie|100\/100\n|-damage|p1a: Diancie|88\/100|[from] Stealth Rock\n|move|p2a: Einen Stern|U-turn|p1a: Diancie\n|-resisted|p1a: Diancie\n|-damage|p1a: Diancie|80\/100\n|\n|switch|p2a: Ninja|Greninja, M, shiny|100\/100\n|\n|upkeep\n|turn|10\n|\n|switch|p1a: Toxapex|Toxapex, M|100\/100\n|-damage|p1a: Toxapex|88\/100|[from] Stealth Rock\n|move|p2a: Ninja|Hydro Pump|p1a: Toxapex\n|-start|p2a: Ninja|typechange|Water|[from] Protean\n|-resisted|p1a: Toxapex\n|-crit|p1a: Toxapex\n|-damage|p1a: Toxapex|59\/100\n|-damage|p2a: Ninja|91\/100|[from] item: Life Orb\n|\n|-heal|p1a: Toxapex|65\/100|[from] item: Black Sludge\n|upkeep\n|turn|11\n|inactive|Darth Escar has 135 seconds left.\n|\n|move|p2a: Ninja|Extrasensory|p1a: Toxapex\n|-start|p2a: Ninja|typechange|Psychic|[from] Protean\n|-supereffective|p1a: Toxapex\n|-damage|p1a: Toxapex|6\/100\n|-damage|p2a: Ninja|81\/100|[from] item: Life Orb\n|move|p1a: Toxapex|Scald|p2a: Ninja\n|-damage|p2a: Ninja|55\/100\n|-status|p2a: Ninja|brn\n|\n|-heal|p1a: Toxapex|12\/100|[from] item: Black Sludge\n|-damage|p2a: Ninja|49\/100 brn|[from] brn\n|upkeep\n|turn|12\n|\n|move|p1a: Toxapex|Baneful Bunker|p1a: Toxapex\n|-singleturn|p1a: Toxapex|move: Protect\n|move|p2a: Ninja|Extrasensory|p1a: Toxapex\n|-activate|p1a: Toxapex|move: Protect\n|\n|-heal|p1a: Toxapex|18\/100|[from] item: Black Sludge\n|-damage|p2a: Ninja|44\/100 brn|[from] brn\n|upkeep\n|turn|13\n|\n|switch|p1a: Ditto|Ditto|100\/100\n|-damage|p1a: Ditto|88\/100|[from] Stealth Rock\n|-transform|p1a: Ditto|p2a: Ninja|[from] ability: Imposter\n|move|p2a: Ninja|Hydro Pump|p1a: Ditto\n|-start|p2a: Ninja|typechange|Water|[from] Protean\n|-damage|p1a: Ditto|0 fnt\n|-damage|p2a: Ninja|34\/100 brn|[from] item: Life Orb\n|faint|p1a: Ditto\n|\n|-damage|p2a: Ninja|28\/100 brn|[from] brn\n|upkeep\n|inactive|Darth Escar has 135 seconds left.\n|\n|switch|p1a: Rotom|Rotom-Mow|100\/100\n|-damage|p1a: Rotom|88\/100|[from] Stealth Rock\n|turn|14\n|\n|switch|p2a: Booom|Tapu Bulu|91\/100\n|-fieldstart|move: Grassy Terrain|[from] ability: Grassy Surge|[of] p2a: Booom\n|move|p1a: Rotom|Volt Switch|p2a: Booom\n|-resisted|p2a: Booom\n|-damage|p2a: Booom|79\/100\n|\n|switch|p1a: Tornadus|Tornadus-Therian, M|100\/100\n|-damage|p1a: Tornadus|76\/100|[from] Stealth Rock\n|\n|-heal|p2a: Booom|85\/100|[from] Grassy Terrain\n|upkeep\n|turn|15\n|\n|switch|p2a: Black|Kyurem-Black, shiny|22\/100\n|-ability|p2a: Black|Teravolt\n|move|p1a: Tornadus|U-turn|p2a: Black\n|-damage|p2a: Black|8\/100\n|\n|switch|p1a: Rotom|Rotom-Mow|88\/100\n|-damage|p1a: Rotom|76\/100|[from] Stealth Rock\n|\n|-heal|p2a: Black|15\/100|[from] Grassy Terrain\n|upkeep\n|turn|16\n|\n|move|p1a: Rotom|Leaf Storm|p2a: Black\n|-resisted|p2a: Black\n|-damage|p2a: Black|0 fnt\n|-unboost|p1a: Rotom|spa|2\n|faint|p2a: Black\n|\n|upkeep\n|inactive|OGamer289 has 135 seconds left.\n|\n|switch|p2a: Hirsch|Heracross, M|100\/100\n|turn|17\n|\n|switch|p1a: Toxapex|Toxapex, M|51\/100\n|-damage|p1a: Toxapex|39\/100|[from] Stealth Rock\n|-mega|p2a: Hirsch|Heracross|Heracronite\n|detailschange|p2a: Hirsch|Heracross-Mega, M\n|move|p2a: Hirsch|Close Combat|p1a: Toxapex\n|-resisted|p1a: Toxapex\n|-damage|p1a: Toxapex|6\/100\n|-unboost|p2a: Hirsch|def|1\n|-unboost|p2a: Hirsch|spd|1\n|\n|-heal|p1a: Toxapex|12\/100|[from] item: Black Sludge\n|-heal|p1a: Toxapex|18\/100|[from] Grassy Terrain\n|upkeep\n|turn|18\n|inactive|Darth Escar has 135 seconds left.\n|\n|move|p1a: Toxapex|Baneful Bunker|p1a: Toxapex\n|-singleturn|p1a: Toxapex|move: Protect\n|move|p2a: Hirsch|Rock Blast|p1a: Toxapex\n|-activate|p1a: Toxapex|move: Protect\n|\n|-heal|p1a: Toxapex|24\/100|[from] item: Black Sludge\n|-heal|p1a: Toxapex|30\/100|[from] Grassy Terrain\n|-fieldend|move: Grassy Terrain\n|upkeep\n|turn|19\n|\n|switch|p1a: Rotom|Rotom-Mow|76\/100\n|-damage|p1a: Rotom|63\/100|[from] Stealth Rock\n|move|p2a: Hirsch|Rock Blast|p1a: Rotom\n|-damage|p1a: Rotom|46\/100\n|-damage|p1a: Rotom|28\/100\n|-damage|p1a: Rotom|12\/100\n|-damage|p1a: Rotom|0 fnt\n|-hitcount|p1a: Rotom|4\n|faint|p1a: Rotom\n|\n|upkeep\n|\n|switch|p1a: Tornadus|Tornadus-Therian, M|100\/100\n|-damage|p1a: Tornadus|76\/100|[from] Stealth Rock\n|turn|20\n|\n|switch|p2a: Einen Stern|Jirachi|62\/100\n|move|p1a: Tornadus|Knock Off|p2a: Einen Stern\n|-supereffective|p2a: Einen Stern\n|-damage|p2a: Einen Stern|33\/100\n|\n|upkeep\n|turn|21\n|\n|move|p1a: Tornadus|U-turn|p2a: Einen Stern\n|-damage|p2a: Einen Stern|16\/100\n|\n|switch|p1a: Diancie|Diancie|80\/100\n|-damage|p1a: Diancie|67\/100|[from] Stealth Rock\n|move|p2a: Einen Stern|Iron Head|p1a: Diancie\n|-supereffective|p1a: Diancie\n|-damage|p1a: Diancie|0 fnt\n|faint|p1a: Diancie\n|\n|upkeep\n|\n|switch|p1a: Tornadus|Tornadus-Therian, M|100\/100\n|-damage|p1a: Tornadus|76\/100|[from] Stealth Rock\n|turn|22\n|inactive|OGamer289 has 135 seconds left.\n|inactive|OGamer289 has 120 seconds left.\n|\n|move|p1a: Tornadus|Knock Off|p2a: Einen Stern\n|-supereffective|p2a: Einen Stern\n|-damage|p2a: Einen Stern|0 fnt\n|faint|p2a: Einen Stern\n|\n|upkeep\n|inactive|OGamer289 has 135 seconds left.\n|\n|switch|p2a: Booom|Tapu Bulu|85\/100\n|-fieldstart|move: Grassy Terrain|[from] ability: Grassy Surge|[of] p2a: Booom\n|turn|23\n|\n|move|p1a: Tornadus|Air Slash|p2a: Booom\n|-supereffective|p2a: Booom\n|-damage|p2a: Booom|34\/100\n|cant|p2a: Booom|flinch\n|\n|-heal|p2a: Booom|40\/100|[from] Grassy Terrain\n|upkeep\n|turn|24\n|inactive|OGamer289 has 135 seconds left.\n|inactive|OGamer289 has 120 seconds left.\n|\n|move|p1a: Tornadus|Air Slash|p2a: Booom\n|-supereffective|p2a: Booom\n|-damage|p2a: Booom|0 fnt\n|faint|p2a: Booom\n|\n|upkeep\n|\n|switch|p2a: Ninja|Greninja, M, shiny|28\/100 brn\n|turn|25\n|inactive|Darth Escar has 135 seconds left.\n|\n|move|p2a: Ninja|Hydro Pump|p1a: Tornadus\n|-start|p2a: Ninja|typechange|Water|[from] Protean\n|-damage|p1a: Tornadus|0 fnt\n|-damage|p2a: Ninja|18\/100 brn|[from] item: Life Orb\n|faint|p1a: Tornadus\n|\n|-heal|p2a: Ninja|24\/100 brn|[from] Grassy Terrain\n|-damage|p2a: Ninja|18\/100 brn|[from] brn\n|upkeep\n|\n|switch|p1a: Toxapex|Toxapex, M|63\/100\n|-damage|p1a: Toxapex|51\/100|[from] Stealth Rock\n|turn|26\n|\n|move|p1a: Toxapex|Baneful Bunker|p1a: Toxapex\n|-singleturn|p1a: Toxapex|move: Protect\n|move|p2a: Ninja|Extrasensory|p1a: Toxapex\n|-start|p2a: Ninja|typechange|Psychic|[from] Protean\n|-activate|p1a: Toxapex|move: Protect\n|\n|-heal|p2a: Ninja|24\/100 brn|[from] Grassy Terrain\n|-heal|p1a: Toxapex|57\/100|[from] item: Black Sludge\n|-heal|p1a: Toxapex|63\/100|[from] Grassy Terrain\n|-damage|p2a: Ninja|18\/100 brn|[from] brn\n|upkeep\n|turn|27\n|inactive|Darth Escar has 135 seconds left.\n|inactive|OGamer289 has 135 seconds left.\n|\n|move|p2a: Ninja|Extrasensory|p1a: Toxapex\n|-supereffective|p1a: Toxapex\n|-damage|p1a: Toxapex|8\/100\n|-damage|p2a: Ninja|8\/100 brn|[from] item: Life Orb\n|move|p1a: Toxapex|Recover|p1a: Toxapex\n|-heal|p1a: Toxapex|59\/100\n|\n|-heal|p2a: Ninja|14\/100 brn|[from] Grassy Terrain\n|-heal|p1a: Toxapex|65\/100|[from] item: Black Sludge\n|-heal|p1a: Toxapex|70\/100|[from] Grassy Terrain\n|-fieldend|move: Grassy Terrain\n|-damage|p2a: Ninja|8\/100 brn|[from] brn\n|upkeep\n|turn|28\n|\n|move|p1a: Toxapex|Baneful Bunker|p1a: Toxapex\n|-singleturn|p1a: Toxapex|move: Protect\n|move|p2a: Ninja|Extrasensory|p1a: Toxapex\n|-activate|p1a: Toxapex|move: Protect\n|\n|-heal|p1a: Toxapex|76\/100|[from] item: Black Sludge\n|-damage|p2a: Ninja|2\/100 brn|[from] brn\n|upkeep\n|turn|29\n|\n|move|p2a: Ninja|Extrasensory|p1a: Toxapex\n|-supereffective|p1a: Toxapex\n|-damage|p1a: Toxapex|19\/100\n|-damage|p2a: Ninja|0 fnt|[from] item: Life Orb\n|faint|p2a: Ninja\n|move|p1a: Toxapex|Recover|p1a: Toxapex\n|-heal|p1a: Toxapex|69\/100\n|\n|-heal|p1a: Toxapex|75\/100|[from] item: Black Sludge\n|upkeep\n|\n|switch|p2a: Hirsch|Heracross-Mega, M|100\/100\n|turn|30\n|\n|move|p2a: Hirsch|Bullet Seed|p1a: Toxapex\n|-damage|p1a: Toxapex|65\/100\n|-damage|p1a: Toxapex|54\/100\n|-damage|p1a: Toxapex|44\/100\n|-damage|p1a: Toxapex|33\/100\n|-crit|p1a: Toxapex\n|-damage|p1a: Toxapex|17\/100\n|-hitcount|p1a: Toxapex|5\n|move|p1a: Toxapex|Scald|p2a: Hirsch\n|-damage|p2a: Hirsch|83\/100\n|-status|p2a: Hirsch|brn\n|\n|-heal|p1a: Toxapex|23\/100|[from] item: Black Sludge\n|-damage|p2a: Hirsch|77\/100 brn|[from] brn\n|upkeep\n|turn|31\n|inactive|OGamer289 has 135 seconds left.\n|c|\u2606OGamer289|fucken lucky fegget\n|-message|OGamer289 forfeited.\n|\n|win|Darth Escar\n|l|\u2606OGamer289\n|raw|Darth Escar's rating: 1377 &rarr; <strong>1396<\/strong><br \/>(+19 for winning)\n|raw|OGamer289's rating: 1358 &rarr; <strong>1339<\/strong><br \/>(-19 for losing)\n","inputlog":null,"uploadtime":1526132218,"views":2,"p1id":"darthescar","p2id":"ogamer289","formatid":"gen7ou","rating":1339,"private":0,"password":null}