{"id":"gen7ou-986354151","p1":"xxshulkxxx","p2":"TryHonesty","format":"gen7ou","log":"|j|\u2606xxshulkxxx\n|j|\u2606TryHonesty\n|player|p1|xxshulkxxx|101|1558\n|player|p2|TryHonesty|2|1534\n|teamsize|p1|6\n|teamsize|p2|6\n|gametype|singles\n|gen|7\n|tier|[Gen 7] OU\n|rated|\n|rule|Sleep Clause Mod: Limit one foe put to sleep\n|rule|Species Clause: Limit one of each Pok\u00e9mon\n|rule|OHKO Clause: OHKO moves are banned\n|rule|Moody Clause: Moody is banned\n|rule|Evasion Moves Clause: Evasion moves are banned\n|rule|Endless Battle Clause: Forcing endless battles is banned\n|rule|HP Percentage Mod: HP is shown in percentages\n|clearpoke\n|poke|p1|Tapu Bulu|item\n|poke|p1|Heatran, M|item\n|poke|p1|Celesteela|item\n|poke|p1|Tapu Fini|item\n|poke|p1|Diancie|item\n|poke|p1|Serperior, F|item\n|poke|p2|Charizard, M|item\n|poke|p2|Medicham, F|item\n|poke|p2|Mismagius, F|item\n|poke|p2|Tapu Koko|item\n|poke|p2|Hawlucha, F|item\n|poke|p2|Gardevoir, M|item\n|teampreview\n|inactive|Battle timer is ON: inactive players will automatically lose when time's up. (requested by TryHonesty)\n|\n|start\n|switch|p1a: Diancie|Diancie|100\/100\n|switch|p2a: Medicham|Medicham, F|100\/100\n|turn|1\n|\n|detailschange|p1a: Diancie|Diancie-Mega\n|-mega|p1a: Diancie|Diancie|Diancite\n|move|p1a: Diancie|Moonblast|p2a: Medicham\n|-supereffective|p2a: Medicham\n|-damage|p2a: Medicham|0 fnt\n|faint|p2a: Medicham\n|\n|upkeep\n|\n|switch|p2a: Gardevoir|Gardevoir, M|100\/100\n|-ability|p2a: Gardevoir|Magic Bounce|[from] ability: Trace|[of] p1a: Diancie\n|turn|2\n|\n|switch|p1a: Celesteela|Celesteela|100\/100\n|move|p2a: Gardevoir|Psyshock|p1a: Celesteela\n|-resisted|p1a: Celesteela\n|-damage|p1a: Celesteela|80\/100\n|\n|-heal|p1a: Celesteela|86\/100|[from] item: Leftovers\n|upkeep\n|turn|3\n|\n|switch|p2a: Charizard|Charizard, M|100\/100\n|move|p1a: Celesteela|Heavy Slam|p2a: Charizard\n|-resisted|p2a: Charizard\n|-damage|p2a: Charizard|70\/100\n|\n|-heal|p1a: Celesteela|92\/100|[from] item: Leftovers\n|upkeep\n|turn|4\n|\n|detailschange|p2a: Charizard|Charizard-Mega-X, M\n|-mega|p2a: Charizard|Charizard|Charizardite X\n|move|p2a: Charizard|Swords Dance|p2a: Charizard\n|-boost|p2a: Charizard|atk|2\n|move|p1a: Celesteela|Leech Seed|p2a: Charizard\n|-start|p2a: Charizard|move: Leech Seed\n|\n|-heal|p1a: Celesteela|98\/100|[from] item: Leftovers\n|-damage|p2a: Charizard|58\/100|[from] Leech Seed|[of] p1a: Celesteela\n|-heal|p1a: Celesteela|100\/100|[silent]\n|upkeep\n|turn|5\n|\n|move|p2a: Charizard|Swords Dance|p2a: Charizard\n|-boost|p2a: Charizard|atk|2\n|move|p1a: Celesteela|Heavy Slam|p2a: Charizard\n|-resisted|p2a: Charizard\n|-damage|p2a: Charizard|35\/100\n|\n|-damage|p2a: Charizard|22\/100|[from] Leech Seed|[of] p1a: Celesteela\n|upkeep\n|turn|6\n|\n|move|p1a: Celesteela|Protect|p1a: Celesteela\n|-singleturn|p1a: Celesteela|Protect\n|move|p2a: Charizard|Fire Punch|p1a: Celesteela\n|-activate|p1a: Celesteela|move: Protect\n|\n|-damage|p2a: Charizard|10\/100|[from] Leech Seed|[of] p1a: Celesteela\n|upkeep\n|turn|7\n|\n|move|p2a: Charizard|Dragon Claw|p1a: Celesteela\n|-resisted|p1a: Celesteela\n|-damage|p1a: Celesteela|48\/100\n|move|p1a: Celesteela|Heavy Slam|p2a: Charizard\n|-resisted|p2a: Charizard\n|-damage|p2a: Charizard|0 fnt\n|faint|p2a: Charizard\n|-ability|p1a: Celesteela|Beast Boost|boost\n|-boost|p1a: Celesteela|def|1\n|\n|-heal|p1a: Celesteela|54\/100|[from] item: Leftovers\n|upkeep\n|\n|switch|p2a: Mismagius|Mismagius, F|100\/100\n|turn|8\n|\n|move|p2a: Mismagius|Taunt|p1a: Celesteela\n|-start|p1a: Celesteela|move: Taunt\n|move|p1a: Celesteela|Heavy Slam|p2a: Mismagius\n|-damage|p2a: Mismagius|25\/100\n|\n|-heal|p1a: Celesteela|60\/100|[from] item: Leftovers\n|upkeep\n|turn|9\n|\n|-zpower|p2a: Mismagius\n|move|p2a: Mismagius|Never-Ending Nightmare|p1a: Celesteela|[zeffect]\n|-damage|p1a: Celesteela|0 fnt\n|faint|p1a: Celesteela\n|\n|upkeep\n|\n|switch|p1a: Diancie|Diancie-Mega|100\/100\n|turn|10\n|\n|move|p1a: Diancie|Diamond Storm|p2a: Mismagius\n|-damage|p2a: Mismagius|0 fnt\n|faint|p2a: Mismagius\n|\n|upkeep\n|\n|switch|p2a: Gardevoir|Gardevoir, M|100\/100\n|-ability|p2a: Gardevoir|Magic Bounce|[from] ability: Trace|[of] p1a: Diancie\n|turn|11\n|\n|switch|p1a: Heatran|Heatran, M|100\/100\n|move|p2a: Gardevoir|Focus Blast|p1a: Heatran|[miss]\n|-miss|p2a: Gardevoir|p1a: Heatran\n|\n|upkeep\n|turn|12\n|\n|switch|p1a: Tapu Bulu|Tapu Bulu|100\/100\n|-fieldstart|move: Grassy Terrain|[from] ability: Grassy Surge|[of] p1a: Tapu Bulu\n|move|p2a: Gardevoir|Focus Blast|p1a: Tapu Bulu\n|-resisted|p1a: Tapu Bulu\n|-damage|p1a: Tapu Bulu|62\/100\n|\n|-heal|p1a: Tapu Bulu|68\/100|[from] Grassy Terrain\n|upkeep\n|turn|13\n|\n|move|p1a: Tapu Bulu|Horn Leech|p2a: Gardevoir\n|-damage|p2a: Gardevoir|0 fnt\n|-heal|p1a: Tapu Bulu|100\/100|[from] drain|[of] p2a: Gardevoir\n|faint|p2a: Gardevoir\n|\n|upkeep\n|\n|switch|p2a: Tapu Koko|Tapu Koko|100\/100\n|-fieldstart|move: Electric Terrain|[from] ability: Electric Surge|[of] p2a: Tapu Koko\n|turn|14\n|\n|switch|p1a: Serperior|Serperior, F|100\/100\n|move|p2a: Tapu Koko|Brave Bird|p1a: Serperior\n|-supereffective|p1a: Serperior\n|-damage|p1a: Serperior|0 fnt\n|-damage|p2a: Tapu Koko|66\/100|[from] Recoil\n|-damage|p2a: Tapu Koko|56\/100|[from] item: Life Orb\n|faint|p1a: Serperior\n|\n|upkeep\n|\n|switch|p1a: Tapu Fini|Tapu Fini|100\/100\n|-fieldstart|move: Misty Terrain|[from] ability: Misty Surge|[of] p1a: Tapu Fini\n|turn|15\n|\n|move|p2a: Tapu Koko|Wild Charge|p1a: Tapu Fini\n|-supereffective|p1a: Tapu Fini\n|-damage|p1a: Tapu Fini|23\/100\n|-damage|p2a: Tapu Koko|33\/100|[from] Recoil\n|-damage|p2a: Tapu Koko|23\/100|[from] item: Life Orb\n|move|p1a: Tapu Fini|Moonblast|p2a: Tapu Koko\n|-damage|p2a: Tapu Koko|0 fnt\n|faint|p2a: Tapu Koko\n|\n|-heal|p1a: Tapu Fini|30\/100|[from] item: Leftovers\n|upkeep\n|\n|switch|p2a: Hawlucha|Hawlucha, F|100\/100\n|turn|16\n|\n|move|p2a: Hawlucha|Swords Dance|p2a: Hawlucha\n|-boost|p2a: Hawlucha|atk|2\n|move|p1a: Tapu Fini|Moonblast|p2a: Hawlucha\n|-supereffective|p2a: Hawlucha\n|-damage|p2a: Hawlucha|2\/100\n|-unboost|p2a: Hawlucha|spa|1\n|\n|-heal|p1a: Tapu Fini|36\/100|[from] item: Leftovers\n|upkeep\n|turn|17\n|\n|move|p2a: Hawlucha|Stone Edge|p1a: Tapu Fini\n|-crit|p1a: Tapu Fini\n|-damage|p1a: Tapu Fini|0 fnt\n|faint|p1a: Tapu Fini\n|\n|upkeep\n|\n|switch|p1a: Heatran|Heatran, M|100\/100\n|turn|18\n|\n|move|p1a: Heatran|Protect|p1a: Heatran\n|-singleturn|p1a: Heatran|Protect\n|move|p2a: Hawlucha|High Jump Kick|p1a: Heatran\n|-activate|p1a: Heatran|move: Protect\n|-damage|p2a: Hawlucha|0 fnt|[from] highjumpkick\n|faint|p2a: Hawlucha\n|\n|win|xxshulkxxx\n|l|\u2606TryHonesty\n|c|\u2606xxshulkxxx|gg\n","uploadtime":1570115553,"views":5,"p1id":"xxshulkxxx","p2id":"tryhonesty","formatid":"gen7ou","rating":0,"private":0,"password":null}