{"id":"gen7ou-703718159","p1":"jly8","p2":"taw","format":"gen7ou","log":"|j|\u2606jly8\n|j|\u2606taw\n|player|p1|jly8|80\n|player|p2|taw|265\n|teamsize|p1|6\n|teamsize|p2|6\n|gametype|singles\n|gen|7\n|tier|[Gen 7] OU\n|rated|\n|rule|Sleep Clause Mod: Limit one foe put to sleep\n|rule|Species Clause: Limit one of each Pok\u00e9mon\n|rule|OHKO Clause: OHKO moves are banned\n|rule|Moody Clause: Moody is banned\n|rule|Evasion Moves Clause: Evasion moves are banned\n|rule|Endless Battle Clause: Forcing endless battles is banned\n|rule|HP Percentage Mod: HP is shown in percentages\n|clearpoke\n|poke|p1|Charizard, F|item\n|poke|p1|Blissey, F|item\n|poke|p1|Hawlucha, F|item\n|poke|p1|Tapu Koko|item\n|poke|p1|Skarmory, F|item\n|poke|p1|Mew|item\n|poke|p2|Alakazam, M|item\n|poke|p2|Tapu Lele|item\n|poke|p2|Landorus-Therian, M|item\n|poke|p2|Magnezone|item\n|poke|p2|Greninja, M|item\n|poke|p2|Mew|item\n|teampreview\n|\n|start\n|switch|p1a: Tapu Koko|Tapu Koko|100\/100\n|switch|p2a: Greninja|Greninja, M|100\/100\n|-fieldstart|move: Electric Terrain|[from] ability: Electric Surge|[of] p1a: Tapu Koko\n|turn|1\n|\n|move|p2a: Greninja|U-turn|p1a: Tapu Koko\n|-start|p2a: Greninja|typechange|Bug|[from] Protean\n|-resisted|p1a: Tapu Koko\n|-damage|p1a: Tapu Koko|81\/100\n|\n|switch|p2a: Magnezone|Magnezone|100\/100\n|move|p1a: Tapu Koko|Dazzling Gleam|p2a: Magnezone\n|-resisted|p2a: Magnezone\n|-damage|p2a: Magnezone|80\/100\n|\n|upkeep\n|turn|2\n|\n|switch|p1a: Blissey|Blissey, F|100\/100\n|move|p2a: Magnezone|Volt Switch|p1a: Blissey\n|-damage|p1a: Blissey|79\/100\n|\n|switch|p2a: Tapu Lele|Tapu Lele|100\/100\n|-fieldstart|move: Psychic Terrain|[from] ability: Psychic Surge|[of] p2a: Tapu Lele\n|\n|-heal|p1a: Blissey|86\/100|[from] item: Leftovers\n|upkeep\n|turn|3\n|\n|switch|p1a: Mew|Mew|100\/100\n|move|p2a: Tapu Lele|Psyshock|p1a: Mew\n|-resisted|p1a: Mew\n|-damage|p1a: Mew|67\/100\n|\n|-heal|p1a: Mew|73\/100|[from] item: Leftovers\n|upkeep\n|turn|4\n|inactive|Battle timer is ON: inactive players will automatically lose when time's up. (requested by taw)\n|\n|switch|p2a: Magnezone|Magnezone|80\/100\n|move|p1a: Mew|Psychic|p2a: Magnezone\n|-resisted|p2a: Magnezone\n|-damage|p2a: Magnezone|63\/100\n|\n|-heal|p1a: Mew|80\/100|[from] item: Leftovers\n|upkeep\n|turn|5\n|\n|move|p1a: Mew|Psychic|p2a: Magnezone\n|-resisted|p2a: Magnezone\n|-damage|p2a: Magnezone|46\/100\n|move|p2a: Magnezone|Volt Switch|p1a: Mew\n|-damage|p1a: Mew|50\/100\n|\n|switch|p2a: Alakazam|Alakazam, M|100\/100\n|\n|-heal|p1a: Mew|56\/100|[from] item: Leftovers\n|upkeep\n|turn|6\n|inactive|jly8 has 135 seconds left.\n|inactive|jly8 has 120 seconds left.\n|\n|switch|p1a: Blissey|Blissey, F|86\/100\n|-mega|p2a: Alakazam|Alakazam|Alakazite\n|detailschange|p2a: Alakazam|Alakazam-Mega, M\n|-ability|p2a: Alakazam|Natural Cure|[from] ability: Trace|[of] p1a: Blissey\n|move|p2a: Alakazam|Shadow Ball|p1a: Blissey\n|-immune|p1a: Blissey|[msg]\n|\n|-heal|p1a: Blissey|92\/100|[from] item: Leftovers\n|-fieldend|move: Psychic Terrain\n|upkeep\n|turn|7\n|\n|switch|p2a: Tapu Lele|Tapu Lele|100\/100\n|-fieldstart|move: Psychic Terrain|[from] ability: Psychic Surge|[of] p2a: Tapu Lele\n|move|p1a: Blissey|Seismic Toss|p2a: Tapu Lele\n|-damage|p2a: Tapu Lele|65\/100\n|\n|-heal|p1a: Blissey|98\/100|[from] item: Leftovers\n|upkeep\n|turn|8\n|\n|move|p2a: Tapu Lele|Psyshock|p1a: Blissey\n|-damage|p1a: Blissey|13\/100\n|move|p1a: Blissey|Toxic|p2a: Tapu Lele\n|-status|p2a: Tapu Lele|tox\n|\n|-heal|p1a: Blissey|20\/100|[from] item: Leftovers\n|-damage|p2a: Tapu Lele|59\/100 tox|[from] psn\n|upkeep\n|turn|9\n|\n|switch|p2a: Greninja|Greninja, M|100\/100\n|move|p1a: Blissey|Protect|p1a: Blissey\n|-fail|p1a: Blissey\n|\n|-heal|p1a: Blissey|26\/100|[from] item: Leftovers\n|upkeep\n|turn|10\n|\n|switch|p1a: Tapu Koko|Tapu Koko|81\/100\n|-fieldstart|move: Electric Terrain|[from] ability: Electric Surge|[of] p1a: Tapu Koko\n|move|p2a: Greninja|U-turn|p1a: Tapu Koko\n|-start|p2a: Greninja|typechange|Bug|[from] Protean\n|-resisted|p1a: Tapu Koko\n|-damage|p1a: Tapu Koko|61\/100\n|\n|switch|p2a: Magnezone|Magnezone|46\/100\n|\n|upkeep\n|turn|11\n|\n|move|p1a: Tapu Koko|Volt Switch|p2a: Magnezone\n|-resisted|p2a: Magnezone\n|-damage|p2a: Magnezone|22\/100\n|\n|switch|p1a: Blissey|Blissey, F|26\/100\n|move|p2a: Magnezone|Volt Switch|p1a: Blissey\n|-damage|p1a: Blissey|3\/100\n|\n|switch|p2a: Landorus|Landorus-Therian, M|100\/100\n|-ability|p2a: Landorus|Intimidate|boost\n|-unboost|p1a: Blissey|atk|1\n|\n|-heal|p1a: Blissey|9\/100|[from] item: Leftovers\n|upkeep\n|turn|12\n|\n|move|p1a: Blissey|Protect|p1a: Blissey\n|-singleturn|p1a: Blissey|Protect\n|move|p2a: Landorus|Swords Dance|p2a: Landorus\n|-boost|p2a: Landorus|atk|2\n|\n|-heal|p1a: Blissey|15\/100|[from] item: Leftovers\n|upkeep\n|turn|13\n|\n|move|p2a: Landorus|Knock Off|p1a: Blissey\n|-damage|p1a: Blissey|0 fnt\n|-enditem|p1a: Blissey|Leftovers|[from] move: Knock Off|[of] p2a: Landorus\n|faint|p1a: Blissey\n|\n|upkeep\n|\n|switch|p1a: Tapu Koko|Tapu Koko|61\/100\n|turn|14\n|\n|switch|p2a: Magnezone|Magnezone|22\/100\n|move|p1a: Tapu Koko|Hidden Power|p2a: Magnezone\n|-resisted|p2a: Magnezone\n|-damage|p2a: Magnezone|12\/100\n|\n|-fieldend|move: Electric Terrain\n|upkeep\n|turn|15\n|\n|switch|p1a: Charizard|Charizard, F|100\/100\n|move|p2a: Magnezone|Flash Cannon|p1a: Charizard\n|-resisted|p1a: Charizard\n|-damage|p1a: Charizard|74\/100\n|\n|upkeep\n|turn|16\n|\n|-mega|p1a: Charizard|Charizard|Charizardite X\n|detailschange|p1a: Charizard|Charizard-Mega-X, F\n|move|p1a: Charizard|Dragon Dance|p1a: Charizard\n|-boost|p1a: Charizard|atk|1\n|-boost|p1a: Charizard|spe|1\n|move|p2a: Magnezone|Volt Switch|p1a: Charizard\n|-resisted|p1a: Charizard\n|-damage|p1a: Charizard|50\/100\n|\n|switch|p2a: Landorus|Landorus-Therian, M|100\/100\n|-ability|p2a: Landorus|Intimidate|boost\n|-unboost|p1a: Charizard|atk|1\n|\n|upkeep\n|turn|17\n|\n|move|p1a: Charizard|Flame Charge|p2a: Landorus\n|-damage|p2a: Landorus|55\/100\n|-boost|p1a: Charizard|spe|1\n|move|p2a: Landorus|Earthquake|p1a: Charizard\n|-supereffective|p1a: Charizard\n|-damage|p1a: Charizard|0 fnt\n|faint|p1a: Charizard\n|\n|upkeep\n|\n|switch|p1a: Tapu Koko|Tapu Koko|61\/100\n|-fieldstart|move: Electric Terrain|[from] ability: Electric Surge|[of] p1a: Tapu Koko\n|turn|18\n|\n|switch|p2a: Magnezone|Magnezone|12\/100\n|move|p1a: Tapu Koko|Dazzling Gleam|p2a: Magnezone\n|-resisted|p2a: Magnezone\n|-damage|p2a: Magnezone|0 fnt\n|faint|p2a: Magnezone\n|\n|upkeep\n|inactive|taw has 135 seconds left.\n|\n|switch|p2a: Mew|Mew|100\/100\n|turn|19\n|\n|switch|p1a: Mew|Mew|56\/100\n|move|p2a: Mew|Ice Beam|p1a: Mew\n|-crit|p1a: Mew\n|-damage|p1a: Mew|33\/100\n|\n|-heal|p1a: Mew|39\/100|[from] item: Leftovers\n|upkeep\n|turn|20\n|\n|switch|p2a: Tapu Lele|Tapu Lele|59\/100 tox\n|-fieldstart|move: Psychic Terrain|[from] ability: Psychic Surge|[of] p2a: Tapu Lele\n|move|p1a: Mew|Roost|p1a: Mew\n|-heal|p1a: Mew|89\/100\n|\n|-heal|p1a: Mew|95\/100|[from] item: Leftovers\n|-damage|p2a: Tapu Lele|53\/100 tox|[from] psn\n|upkeep\n|turn|21\n|\n|move|p2a: Tapu Lele|Moonblast|p1a: Mew\n|-damage|p1a: Mew|40\/100\n|move|p1a: Mew|Psychic|p2a: Tapu Lele\n|-resisted|p2a: Tapu Lele\n|-damage|p2a: Tapu Lele|28\/100 tox\n|\n|-heal|p1a: Mew|46\/100|[from] item: Leftovers\n|-damage|p2a: Tapu Lele|16\/100 tox|[from] psn\n|upkeep\n|turn|22\n|\n|switch|p1a: Skarmory|Skarmory, F|100\/100\n|move|p2a: Tapu Lele|Moonblast|p1a: Skarmory\n|-resisted|p1a: Skarmory\n|-damage|p1a: Skarmory|50\/100\n|\n|-damage|p2a: Tapu Lele|0 fnt|[from] psn\n|upkeep\n|faint|p2a: Tapu Lele\n|\n|switch|p2a: Alakazam|Alakazam-Mega, M|100\/100\n|-ability|p2a: Alakazam|Sturdy|[from] ability: Trace|[of] p1a: Skarmory\n|turn|23\n|inactive|jly8 has 135 seconds left.\n|inactive|jly8 has 120 seconds left.\n|\n|move|p2a: Alakazam|Psychic|p1a: Skarmory\n|-resisted|p1a: Skarmory\n|-damage|p1a: Skarmory|0 fnt\n|faint|p1a: Skarmory\n|\n|upkeep\n|\n|switch|p1a: Tapu Koko|Tapu Koko|61\/100\n|-fieldstart|move: Electric Terrain|[from] ability: Electric Surge|[of] p1a: Tapu Koko\n|turn|24\n|\n|move|p2a: Alakazam|Psychic|p1a: Tapu Koko\n|-damage|p1a: Tapu Koko|0 fnt\n|faint|p1a: Tapu Koko\n|\n|upkeep\n|\n|switch|p1a: Hawlucha|Hawlucha, F|100\/100\n|-enditem|p1a: Hawlucha|Electric Seed\n|-boost|p1a: Hawlucha|def|1\n|turn|25\n|\n|move|p1a: Hawlucha|Acrobatics|p2a: Alakazam\n|-damage|p2a: Alakazam|10\/100\n|move|p2a: Alakazam|Psychic|p1a: Hawlucha\n|-supereffective|p1a: Hawlucha\n|-damage|p1a: Hawlucha|0 fnt\n|faint|p1a: Hawlucha\n|\n|upkeep\n|\n|switch|p1a: Mew|Mew|46\/100\n|turn|26\n|\n|move|p2a: Alakazam|Shadow Ball|p1a: Mew\n|-supereffective|p1a: Mew\n|-damage|p1a: Mew|0 fnt\n|faint|p1a: Mew\n|\n|win|taw\n|l|\u2606jly8\n","inputlog":null,"uploadtime":1518561110,"views":20,"p1id":"jly8","p2id":"taw","formatid":"gen7ou","rating":0,"private":0,"password":null}