{"id":"gen7ou-993712259","p1":"Sonyfan","p2":"Ban lando t guy jk","format":"gen7ou","log":"|j|\u2606Sonyfan\n|j|\u2606Ban lando t guy jk\n|player|p1|Sonyfan|266|1786\n|player|p2|Ban lando t guy jk|164|1847\n|teamsize|p1|6\n|teamsize|p2|6\n|gametype|singles\n|gen|7\n|tier|[Gen 7] OU\n|rated|\n|rule|Sleep Clause Mod: Limit one foe put to sleep\n|rule|Species Clause: Limit one of each Pok\u00e9mon\n|rule|OHKO Clause: OHKO moves are banned\n|rule|Moody Clause: Moody is banned\n|rule|Evasion Moves Clause: Evasion moves are banned\n|rule|Endless Battle Clause: Forcing endless battles is banned\n|rule|HP Percentage Mod: HP is shown in percentages\n|clearpoke\n|poke|p1|Landorus-Therian, M|item\n|poke|p1|Alakazam, M|item\n|poke|p1|Tapu Lele|item\n|poke|p1|Magearna|item\n|poke|p1|Greninja, M|item\n|poke|p1|Kartana|item\n|poke|p2|Hawlucha, M|item\n|poke|p2|Ferrothorn, F|item\n|poke|p2|Pelipper, F|item\n|poke|p2|Tapu Koko|item\n|poke|p2|Swampert, M|item\n|poke|p2|Kartana|item\n|teampreview\n|inactive|Battle timer is ON: inactive players will automatically lose when time's up. (requested by Ban lando t guy jk)\n|\n|start\n|switch|p1a: Taliban|Magearna|100\/100\n|switch|p2a: Nappy is trash|Pelipper, F|100\/100\n|-weather|RainDance|[from] ability: Drizzle|[of] p2a: Nappy is trash\n|turn|1\n|\n|switch|p2a: Hate rain :(|Ferrothorn, F|100\/100\n|move|p1a: Taliban|Calm Mind|p1a: Taliban\n|-boost|p1a: Taliban|spa|1\n|-boost|p1a: Taliban|spd|1\n|\n|-weather|RainDance|[upkeep]\n|upkeep\n|turn|2\n|\n|move|p1a: Taliban|Focus Blast|p2a: Hate rain :(\n|-supereffective|p2a: Hate rain :(\n|-damage|p2a: Hate rain :(|0 fnt\n|faint|p2a: Hate rain :(\n|-ability|p1a: Taliban|Soul-Heart|boost\n|-boost|p1a: Taliban|spa|1\n|\n|-weather|RainDance|[upkeep]\n|upkeep\n|\n|switch|p2a: Swamp Thing|Swampert, M|100\/100\n|turn|3\n|\n|switch|p1a: Taliban Chad|Kartana|100\/100\n|detailschange|p2a: Swamp Thing|Swampert-Mega, M\n|-mega|p2a: Swamp Thing|Swampert|Swampertite\n|move|p2a: Swamp Thing|Waterfall|p1a: Taliban Chad\n|-resisted|p1a: Taliban Chad\n|-damage|p1a: Taliban Chad|60\/100\n|\n|-weather|RainDance|[upkeep]\n|upkeep\n|turn|4\n|\n|switch|p2a: Speed OD|Tapu Koko|100\/100\n|-fieldstart|move: Electric Terrain|[from] ability: Electric Surge|[of] p2a: Speed OD\n|move|p1a: Taliban Chad|Leaf Blade|p2a: Speed OD\n|-damage|p2a: Speed OD|12\/100\n|\n|-weather|RainDance|[upkeep]\n|upkeep\n|turn|5\n|\n|switch|p2a: Copypaste|Hawlucha, M|100\/100\n|-enditem|p2a: Copypaste|Electric Seed\n|-boost|p2a: Copypaste|def|1\n|move|p1a: Taliban Chad|Leaf Blade|p2a: Copypaste\n|-resisted|p2a: Copypaste\n|-damage|p2a: Copypaste|73\/100\n|\n|-weather|RainDance|[upkeep]\n|upkeep\n|turn|6\n|\n|switch|p1a: Taliban 2|Landorus-Therian, M|100\/100\n|-ability|p1a: Taliban 2|Intimidate|boost\n|-unboost|p2a: Copypaste|atk|1\n|move|p2a: Copypaste|Swords Dance|p2a: Copypaste\n|-boost|p2a: Copypaste|atk|2\n|\n|-weather|RainDance|[upkeep]\n|upkeep\n|turn|7\n|\n|move|p2a: Copypaste|Swords Dance|p2a: Copypaste\n|-boost|p2a: Copypaste|atk|2\n|move|p1a: Taliban 2|Rock Tomb|p2a: Copypaste\n|-damage|p2a: Copypaste|51\/100\n|-unboost|p2a: Copypaste|spe|1\n|\n|-weather|RainDance|[upkeep]\n|upkeep\n|turn|8\n|\n|move|p2a: Copypaste|Acrobatics|p1a: Taliban 2\n|-enditem|p1a: Taliban 2|Focus Sash\n|-damage|p1a: Taliban 2|1\/100\n|move|p1a: Taliban 2|Rock Tomb|p2a: Copypaste\n|-damage|p2a: Copypaste|30\/100\n|-unboost|p2a: Copypaste|spe|1\n|\n|-weather|none\n|-fieldend|move: Electric Terrain\n|upkeep\n|turn|9\n|\n|move|p1a: Taliban 2|Stealth Rock|p2a: Copypaste\n|-sidestart|p2: Ban lando t guy jk|move: Stealth Rock\n|move|p2a: Copypaste|Roost|p2a: Copypaste\n|-heal|p2a: Copypaste|80\/100\n|-singleturn|p2a: Copypaste|move: Roost\n|\n|upkeep\n|turn|10\n|\n|move|p1a: Taliban 2|Rock Tomb|p2a: Copypaste\n|-damage|p2a: Copypaste|58\/100\n|-unboost|p2a: Copypaste|spe|1\n|move|p2a: Copypaste|Acrobatics|p1a: Taliban 2\n|-damage|p1a: Taliban 2|0 fnt\n|faint|p1a: Taliban 2\n|\n|upkeep\n|\n|switch|p1a: Chatwasworthit|Greninja, M|100\/100\n|turn|11\n|\n|switch|p2a: Speed OD|Tapu Koko|12\/100\n|-damage|p2a: Speed OD|0 fnt|[from] Stealth Rock\n|faint|p2a: Speed OD\n|move|p1a: Chatwasworthit|Ice Beam|p2: Speed OD|[notarget]\n|-fail|p1a: Chatwasworthit\n|\n|upkeep\n|\n|switch|p2a: Nappy is trash|Pelipper, F|100\/100\n|-damage|p2a: Nappy is trash|76\/100|[from] Stealth Rock\n|-weather|RainDance|[from] ability: Drizzle|[of] p2a: Nappy is trash\n|turn|12\n|\n|move|p1a: Chatwasworthit|Extrasensory|p2a: Nappy is trash\n|-start|p1a: Chatwasworthit|typechange|Psychic|[from] ability: Protean\n|-damage|p2a: Nappy is trash|37\/100\n|move|p2a: Nappy is trash|U-turn|p1a: Chatwasworthit\n|-supereffective|p1a: Chatwasworthit\n|-damage|p1a: Chatwasworthit|73\/100\n|\n|switch|p2a: Swamp Thing|Swampert-Mega, M|100\/100|[from]move: U-turn\n|-damage|p2a: Swamp Thing|94\/100|[from] Stealth Rock\n|\n|-weather|RainDance|[upkeep]\n|upkeep\n|turn|13\n|\n|move|p2a: Swamp Thing|Waterfall|p1a: Chatwasworthit\n|-damage|p1a: Chatwasworthit|0 fnt\n|faint|p1a: Chatwasworthit\n|\n|-weather|RainDance|[upkeep]\n|upkeep\n|\n|switch|p1a: Taliban Chad|Kartana|60\/100\n|turn|14\n|\n|switch|p2a: Nappy is trash|Pelipper, F|37\/100\n|-damage|p2a: Nappy is trash|12\/100|[from] Stealth Rock\n|move|p1a: Taliban Chad|Leaf Blade|p2a: Nappy is trash\n|-damage|p2a: Nappy is trash|0 fnt\n|faint|p2a: Nappy is trash\n|-ability|p1a: Taliban Chad|Beast Boost|boost\n|-boost|p1a: Taliban Chad|atk|1\n|\n|-weather|RainDance|[upkeep]\n|upkeep\n|\n|switch|p2a: Wolverine|Kartana|100\/100\n|-damage|p2a: Wolverine|94\/100|[from] Stealth Rock\n|turn|15\n|j| Trapinium Z\n|\n|move|p1a: Taliban Chad|Leaf Blade|p2a: Wolverine\n|-resisted|p2a: Wolverine\n|-damage|p2a: Wolverine|73\/100\n|move|p2a: Wolverine|Sacred Sword|p1a: Taliban Chad\n|-supereffective|p1a: Taliban Chad\n|-damage|p1a: Taliban Chad|0 fnt\n|faint|p1a: Taliban Chad\n|-ability|p2a: Wolverine|Beast Boost|boost\n|-boost|p2a: Wolverine|atk|1\n|\n|-weather|RainDance|[upkeep]\n|upkeep\n|l| Trapinium Z\n|\n|switch|p1a: Fuckoumods|Alakazam, M|100\/100\n|turn|16\n|\n|detailschange|p1a: Fuckoumods|Alakazam-Mega, M\n|-mega|p1a: Fuckoumods|Alakazam|Alakazite\n|-ability|p1a: Fuckoumods|Beast Boost|[from] ability: Trace|[of] p2a: Wolverine\n|move|p2a: Wolverine|Sacred Sword|p1a: Fuckoumods\n|-resisted|p1a: Fuckoumods\n|-damage|p1a: Fuckoumods|42\/100\n|move|p1a: Fuckoumods|Psychic|p2a: Wolverine\n|-resisted|p2a: Wolverine\n|-damage|p2a: Wolverine|0 fnt\n|faint|p2a: Wolverine\n|-ability|p1a: Fuckoumods|Beast Boost|boost\n|-boost|p1a: Fuckoumods|spa|1\n|\n|-weather|RainDance|[upkeep]\n|upkeep\n|\n|switch|p2a: Swamp Thing|Swampert-Mega, M|94\/100\n|-damage|p2a: Swamp Thing|88\/100|[from] Stealth Rock\n|turn|17\n|\n|switch|p1a: Taliban|Magearna|100\/100\n|move|p2a: Swamp Thing|Waterfall|p1a: Taliban\n|-damage|p1a: Taliban|32\/100\n|\n|-weather|RainDance|[upkeep]\n|upkeep\n|turn|18\n|\n|move|p2a: Swamp Thing|Waterfall|p1a: Taliban\n|-damage|p1a: Taliban|0 fnt\n|faint|p1a: Taliban\n|\n|-weather|RainDance|[upkeep]\n|upkeep\n|\n|switch|p1a: Fuckoumods|Alakazam-Mega, M|42\/100\n|-ability|p1a: Fuckoumods|Swift Swim|[from] ability: Trace|[of] p2a: Swamp Thing\n|turn|19\n|\n|move|p1a: Fuckoumods|Psychic|p2a: Swamp Thing\n|-damage|p2a: Swamp Thing|27\/100\n|move|p2a: Swamp Thing|Waterfall|p1a: Fuckoumods\n|-damage|p1a: Fuckoumods|0 fnt\n|faint|p1a: Fuckoumods\n|\n|-weather|none\n|upkeep\n|\n|switch|p1a: Taliban 3 genderd|Tapu Lele|100\/100\n|-fieldstart|move: Psychic Terrain|[from] ability: Psychic Surge|[of] p1a: Taliban 3 genderd\n|turn|20\n|\n|move|p1a: Taliban 3 genderd|Psyshock|p2a: Swamp Thing\n|-damage|p2a: Swamp Thing|0 fnt\n|faint|p2a: Swamp Thing\n|\n|upkeep\n|-message|Ban lando t guy jk forfeited.\n|\n|win|Sonyfan\n|l|\u2606Ban lando t guy jk\n","uploadtime":1571268732,"views":8,"p1id":"sonyfan","p2id":"banlandotguyjk","formatid":"gen7ou","rating":0,"private":0,"password":null}