{"id":"gen7ou-802202266","p1":"Ohmboy Tesla","p2":"Hell Rayquaza1","format":"gen7ou","log":"|j|\u2606Ohmboy Tesla\n|j|\u2606Hell Rayquaza1\n|player|p1|Ohmboy Tesla|136\n|player|p2|Hell Rayquaza1|40\n|teamsize|p1|6\n|teamsize|p2|6\n|gametype|singles\n|gen|7\n|tier|[Gen 7] OU\n|rated|\n|rule|Sleep Clause Mod: Limit one foe put to sleep\n|rule|Species Clause: Limit one of each Pok\u00e9mon\n|rule|OHKO Clause: OHKO moves are banned\n|rule|Moody Clause: Moody is banned\n|rule|Evasion Moves Clause: Evasion moves are banned\n|rule|Endless Battle Clause: Forcing endless battles is banned\n|rule|HP Percentage Mod: HP is shown in percentages\n|clearpoke\n|poke|p1|Diancie|item\n|poke|p1|Volcarona, M|item\n|poke|p1|Rotom-Wash|item\n|poke|p1|Tapu Bulu|item\n|poke|p1|Landorus-Therian, M|item\n|poke|p1|Toxapex, M|item\n|poke|p2|Breloom, F|item\n|poke|p2|Kyurem-Black|item\n|poke|p2|Greninja, M|item\n|poke|p2|Sableye, M|item\n|poke|p2|Toxapex, F|item\n|poke|p2|Landorus-Therian, M|item\n|teampreview\n|j| tapu moxo\n|\n|start\n|switch|p1a: Atlas|Volcarona, M|100\/100\n|switch|p2a: Greninja|Greninja, M|100\/100\n|turn|1\n|\n|switch|p1a: scRotom-Wash|Rotom-Wash|100\/100\n|move|p2a: Greninja|Hydro Pump|p1a: scRotom-Wash|[miss]\n|-start|p2a: Greninja|typechange|Water|[from] Protean\n|-miss|p2a: Greninja|p1a: scRotom-Wash\n|\n|upkeep\n|turn|2\n|\n|switch|p2a: Landorus|Landorus-Therian, M|100\/100\n|-ability|p2a: Landorus|Intimidate|boost\n|-unboost|p1a: scRotom-Wash|atk|1\n|move|p1a: scRotom-Wash|Will-O-Wisp|p2a: Landorus\n|-status|p2a: Landorus|brn\n|\n|-damage|p2a: Landorus|95\/100 brn|[from] brn\n|upkeep\n|turn|3\n|\n|move|p2a: Landorus|Stealth Rock|p1a: scRotom-Wash\n|-sidestart|p1: Ohmboy Tesla|move: Stealth Rock\n|move|p1a: scRotom-Wash|Hydro Pump|p2a: Landorus\n|-supereffective|p2a: Landorus\n|-damage|p2a: Landorus|0 fnt\n|faint|p2a: Landorus\n|\n|upkeep\n|\n|switch|p2a: Breloom|Breloom, F|100\/100\n|turn|4\n|\n|switch|p1a: Flooffy Paws|Landorus-Therian, M|100\/100\n|-damage|p1a: Flooffy Paws|88\/100|[from] Stealth Rock\n|-ability|p1a: Flooffy Paws|Intimidate|boost\n|-unboost|p2a: Breloom|atk|1\n|move|p2a: Breloom|Spore|p1a: Flooffy Paws\n|-status|p1a: Flooffy Paws|slp\n|\n|-heal|p1a: Flooffy Paws|94\/100 slp|[from] item: Leftovers\n|upkeep\n|turn|5\n|\n|switch|p1a: Carbink-EX|Diancie|100\/100\n|-damage|p1a: Carbink-EX|88\/100|[from] Stealth Rock\n|move|p2a: Breloom|Swords Dance|p2a: Breloom\n|-boost|p2a: Breloom|atk|2\n|\n|upkeep\n|turn|6\n|\n|detailschange|p1a: Carbink-EX|Diancie-Mega\n|-mega|p1a: Carbink-EX|Diancie|Diancite\n|move|p1a: Carbink-EX|Moonblast|p2a: Breloom\n|-supereffective|p2a: Breloom\n|-enditem|p2a: Breloom|Focus Sash\n|-damage|p2a: Breloom|1\/100\n|move|p2a: Breloom|Swords Dance|p2a: Breloom\n|-boost|p2a: Breloom|atk|2\n|\n|upkeep\n|turn|7\n|\n|switch|p1a: Top Bull|Tapu Bulu|100\/100\n|-damage|p1a: Top Bull|88\/100|[from] Stealth Rock\n|-fieldstart|move: Grassy Terrain|[from] ability: Grassy Surge|[of] p1a: Top Bull\n|move|p2a: Breloom|Mach Punch|p1a: Top Bull\n|-resisted|p1a: Top Bull\n|-damage|p1a: Top Bull|54\/100\n|\n|-heal|p2a: Breloom|7\/100|[from] Grassy Terrain\n|-heal|p1a: Top Bull|60\/100|[from] item: Leftovers\n|-heal|p1a: Top Bull|67\/100|[from] Grassy Terrain\n|upkeep\n|turn|8\n|\n|move|p1a: Top Bull|Protect|p1a: Top Bull\n|-singleturn|p1a: Top Bull|Protect\n|move|p2a: Breloom|Bullet Seed|p1a: Top Bull\n|-activate|p1a: Top Bull|move: Protect\n|\n|-heal|p2a: Breloom|13\/100|[from] Grassy Terrain\n|-heal|p1a: Top Bull|73\/100|[from] item: Leftovers\n|-heal|p1a: Top Bull|79\/100|[from] Grassy Terrain\n|upkeep\n|turn|9\n|\n|move|p2a: Breloom|Bullet Seed|p1a: Top Bull\n|-resisted|p1a: Top Bull\n|-damage|p1a: Top Bull|47\/100\n|-resisted|p1a: Top Bull\n|-damage|p1a: Top Bull|17\/100\n|-hitcount|p1a: Top Bull|2\n|move|p1a: Top Bull|Horn Leech|p2a: Breloom\n|-resisted|p2a: Breloom\n|-damage|p2a: Breloom|0 fnt\n|-heal|p1a: Top Bull|22\/100|[from] drain|[of] p2a: Breloom\n|faint|p2a: Breloom\n|\n|-heal|p1a: Top Bull|28\/100|[from] item: Leftovers\n|-heal|p1a: Top Bull|34\/100|[from] Grassy Terrain\n|upkeep\n|\n|switch|p2a: Kyurem|Kyurem-Black|100\/100\n|-ability|p2a: Kyurem|Teravolt\n|turn|10\n|\n|move|p1a: Top Bull|Protect|p1a: Top Bull\n|-singleturn|p1a: Top Bull|Protect\n|move|p2a: Kyurem|Ice Beam|p1a: Top Bull\n|-activate|p1a: Top Bull|move: Protect\n|\n|-heal|p1a: Top Bull|41\/100|[from] item: Leftovers\n|-heal|p1a: Top Bull|47\/100|[from] Grassy Terrain\n|upkeep\n|turn|11\n|\n|switch|p1a: Boy Fort|Toxapex, M|100\/100\n|-damage|p1a: Boy Fort|88\/100|[from] Stealth Rock\n|move|p2a: Kyurem|Ice Beam|p1a: Boy Fort\n|-resisted|p1a: Boy Fort\n|-damage|p1a: Boy Fort|75\/100\n|\n|-heal|p1a: Boy Fort|81\/100|[from] item: Black Sludge\n|-heal|p1a: Boy Fort|87\/100|[from] Grassy Terrain\n|-fieldend|move: Grassy Terrain\n|upkeep\n|turn|12\n|\n|switch|p1a: Flooffy Paws|Landorus-Therian, M|94\/100 slp\n|-damage|p1a: Flooffy Paws|82\/100 slp|[from] Stealth Rock\n|-ability|p1a: Flooffy Paws|Intimidate|boost\n|-unboost|p2a: Kyurem|atk|1\n|move|p2a: Kyurem|Fusion Bolt|p1a: Flooffy Paws\n|-immune|p1a: Flooffy Paws|[msg]\n|\n|-heal|p1a: Flooffy Paws|88\/100 slp|[from] item: Leftovers\n|upkeep\n|turn|13\n|\n|switch|p1a: Boy Fort|Toxapex, M|100\/100\n|-damage|p1a: Boy Fort|88\/100|[from] Stealth Rock\n|move|p2a: Kyurem|Earth Power|p1a: Boy Fort\n|-supereffective|p1a: Boy Fort\n|-damage|p1a: Boy Fort|52\/100\n|-unboost|p1a: Boy Fort|spd|1\n|\n|-heal|p1a: Boy Fort|58\/100|[from] item: Black Sludge\n|upkeep\n|turn|14\n|c| tapu moxo|lastima de sweep de breloom\n|c| tapu moxo|hubiera sido milagroso\n|\n|switch|p1a: Flooffy Paws|Landorus-Therian, M|88\/100 slp\n|-damage|p1a: Flooffy Paws|76\/100 slp|[from] Stealth Rock\n|-ability|p1a: Flooffy Paws|Intimidate|boost\n|-unboost|p2a: Kyurem|atk|1\n|move|p2a: Kyurem|Ice Beam|p1a: Flooffy Paws\n|-supereffective|p1a: Flooffy Paws\n|-damage|p1a: Flooffy Paws|0 fnt\n|faint|p1a: Flooffy Paws\n|\n|upkeep\n|\n|switch|p1a: Carbink-EX|Diancie-Mega|88\/100\n|-damage|p1a: Carbink-EX|76\/100|[from] Stealth Rock\n|turn|15\n|\n|switch|p2a: Toxapex|Toxapex, F|100\/100\n|move|p1a: Carbink-EX|Diamond Storm|p2a: Toxapex\n|-damage|p2a: Toxapex|67\/100\n|\n|-heal|p2a: Toxapex|73\/100|[from] item: Black Sludge\n|upkeep\n|turn|16\n|\n|move|p1a: Carbink-EX|Earth Power|p2a: Toxapex\n|-supereffective|p2a: Toxapex\n|-damage|p2a: Toxapex|12\/100\n|move|p2a: Toxapex|Scald|p1a: Carbink-EX\n|-supereffective|p1a: Carbink-EX\n|-damage|p1a: Carbink-EX|35\/100\n|-status|p1a: Carbink-EX|brn\n|\n|-heal|p2a: Toxapex|18\/100|[from] item: Black Sludge\n|-damage|p1a: Carbink-EX|29\/100 brn|[from] brn\n|upkeep\n|turn|17\n|\n|switch|p2a: Sableye|Sableye, M|100\/100\n|move|p1a: Carbink-EX|Moonblast|p2a: Sableye\n|-supereffective|p2a: Sableye\n|-damage|p2a: Sableye|0 fnt\n|faint|p2a: Sableye\n|\n|-damage|p1a: Carbink-EX|22\/100 brn|[from] brn\n|upkeep\n|\n|switch|p2a: Greninja|Greninja, M|100\/100\n|turn|18\n|\n|switch|p1a: Top Bull|Tapu Bulu|47\/100\n|-damage|p1a: Top Bull|34\/100|[from] Stealth Rock\n|-fieldstart|move: Grassy Terrain|[from] ability: Grassy Surge|[of] p1a: Top Bull\n|move|p2a: Greninja|U-turn|p1a: Top Bull\n|-start|p2a: Greninja|typechange|Bug|[from] Protean\n|-damage|p1a: Top Bull|14\/100\n|\n|switch|p2a: Kyurem|Kyurem-Black|100\/100\n|-ability|p2a: Kyurem|Teravolt\n|\n|-heal|p1a: Top Bull|20\/100|[from] item: Leftovers\n|-heal|p1a: Top Bull|26\/100|[from] Grassy Terrain\n|upkeep\n|turn|19\n|\n|switch|p2a: Toxapex|Toxapex, F|51\/100\n|move|p1a: Top Bull|Superpower|p2a: Toxapex\n|-resisted|p2a: Toxapex\n|-damage|p2a: Toxapex|41\/100\n|-unboost|p1a: Top Bull|atk|1\n|-unboost|p1a: Top Bull|def|1\n|\n|-heal|p1a: Top Bull|32\/100|[from] item: Leftovers\n|-heal|p1a: Top Bull|38\/100|[from] Grassy Terrain\n|-heal|p2a: Toxapex|47\/100|[from] item: Black Sludge\n|-heal|p2a: Toxapex|53\/100|[from] Grassy Terrain\n|upkeep\n|turn|20\n|\n|switch|p2a: Kyurem|Kyurem-Black|100\/100\n|-ability|p2a: Kyurem|Teravolt\n|move|p1a: Top Bull|Leech Seed|p2a: Kyurem|[miss]\n|-miss|p1a: Top Bull|p2a: Kyurem\n|\n|-heal|p1a: Top Bull|45\/100|[from] item: Leftovers\n|-heal|p1a: Top Bull|51\/100|[from] Grassy Terrain\n|upkeep\n|turn|21\n|\n|move|p1a: Top Bull|Protect|p1a: Top Bull\n|-singleturn|p1a: Top Bull|Protect\n|move|p2a: Kyurem|Ice Beam|p1a: Top Bull\n|-activate|p1a: Top Bull|move: Protect\n|\n|-heal|p1a: Top Bull|57\/100|[from] item: Leftovers\n|-heal|p1a: Top Bull|63\/100|[from] Grassy Terrain\n|upkeep\n|turn|22\n|\n|move|p2a: Kyurem|Ice Beam|p1a: Top Bull\n|-supereffective|p1a: Top Bull\n|-damage|p1a: Top Bull|4\/100\n|move|p1a: Top Bull|Leech Seed|p2a: Kyurem\n|-start|p2a: Kyurem|move: Leech Seed\n|\n|-heal|p1a: Top Bull|10\/100|[from] item: Leftovers\n|-heal|p1a: Top Bull|17\/100|[from] Grassy Terrain\n|-fieldend|move: Grassy Terrain\n|-damage|p2a: Kyurem|88\/100|[from] Leech Seed|[of] p1a: Top Bull\n|-heal|p1a: Top Bull|31\/100|[silent]\n|upkeep\n|turn|23\n|\n|switch|p1a: scRotom-Wash|Rotom-Wash|100\/100\n|-damage|p1a: scRotom-Wash|88\/100|[from] Stealth Rock\n|move|p2a: Kyurem|Ice Beam|p1a: scRotom-Wash\n|-resisted|p1a: scRotom-Wash\n|-damage|p1a: scRotom-Wash|68\/100\n|\n|-heal|p1a: scRotom-Wash|74\/100|[from] item: Leftovers\n|-damage|p2a: Kyurem|76\/100|[from] Leech Seed|[of] p1a: scRotom-Wash\n|-heal|p1a: scRotom-Wash|90\/100|[silent]\n|upkeep\n|turn|24\n|\n|move|p2a: Kyurem|Earth Power|p1a: scRotom-Wash\n|-supereffective|p1a: scRotom-Wash\n|-damage|p1a: scRotom-Wash|37\/100\n|move|p1a: scRotom-Wash|Defog|p2a: Kyurem\n|-unboost|p2a: Kyurem|evasion|1\n|-sideend|p1: Ohmboy Tesla|Stealth Rock|[from] move: Defog|[of] p1a: scRotom-Wash\n|\n|-heal|p1a: scRotom-Wash|43\/100|[from] item: Leftovers\n|-damage|p2a: Kyurem|64\/100|[from] Leech Seed|[of] p1a: scRotom-Wash\n|-heal|p1a: scRotom-Wash|59\/100|[silent]\n|upkeep\n|turn|25\n|\n|-zpower|p2a: Kyurem\n|move|p2a: Kyurem|Subzero Slammer|p1a: scRotom-Wash|[zeffect]\n|-resisted|p1a: scRotom-Wash\n|-damage|p1a: scRotom-Wash|7\/100\n|move|p1a: scRotom-Wash|Will-O-Wisp|p2a: Kyurem\n|-status|p2a: Kyurem|brn\n|\n|-heal|p1a: scRotom-Wash|13\/100|[from] item: Leftovers\n|-damage|p2a: Kyurem|51\/100 brn|[from] Leech Seed|[of] p1a: scRotom-Wash\n|-heal|p1a: scRotom-Wash|29\/100|[silent]\n|-damage|p2a: Kyurem|45\/100 brn|[from] brn\n|upkeep\n|turn|26\n|-message|Hell Rayquaza1 forfeited.\n|\n|win|Ohmboy Tesla\n|l|\u2606Hell Rayquaza1\n|raw|Ohmboy Tesla's rating: 1712 &rarr; <strong>1733<\/strong><br \/>(+21 for winning)\n|raw|Hell Rayquaza1's rating: 1735 &rarr; <strong>1713<\/strong><br \/>(-22 for losing)\n","uploadtime":1536332491,"views":12,"p1id":"ohmboytesla","p2id":"hellrayquaza1","formatid":"gen7ou","rating":1713,"private":0,"password":null}