{"id":"gen7ou-1071590348","p1":"OGamer289","p2":"jan0123","format":"gen7ou","log":"|j|\u2606OGamer289\n|j|\u2606jan0123\n|player|p1|OGamer289|153|1485\n|player|p2|jan0123|266|1526\n|teamsize|p1|6\n|teamsize|p2|6\n|gametype|singles\n|gen|7\n|tier|[Gen 7] OU\n|rated|\n|clearpoke\n|poke|p1|Charizard, M|item\n|poke|p1|Magearna|item\n|poke|p1|Landorus-Therian, M|item\n|poke|p1|Tapu Lele|item\n|poke|p1|Rotom-Wash|item\n|poke|p1|Serperior, M|item\n|poke|p2|Shuckle, F|item\n|poke|p2|Blissey, F|item\n|poke|p2|Umbreon, F|item\n|poke|p2|Tropius, M|item\n|poke|p2|Zoroark, M|item\n|poke|p2|Sigilyph, M|item\n|rule|Sleep Clause Mod: Limit one foe put to sleep\n|rule|Species Clause: Limit one of each Pok\u00e9mon\n|rule|OHKO Clause: OHKO moves are banned\n|rule|Moody Clause: Moody is banned\n|rule|Evasion Moves Clause: Evasion moves are banned\n|rule|Endless Battle Clause: Forcing endless battles is banned\n|rule|HP Percentage Mod: HP is shown in percentages\n|teampreview\n|\n|start\n|switch|p1a: Dragonfly|Charizard, M, shiny|100\/100\n|switch|p2a: Shuckle|Shuckle, F|100\/100\n|turn|1\n|\n|detailschange|p1a: Dragonfly|Charizard-Mega-X, M, shiny\n|-mega|p1a: Dragonfly|Charizard|Charizardite X\n|move|p1a: Dragonfly|Dragon Claw|p2a: Shuckle\n|-damage|p2a: Shuckle|67\/100\n|move|p2a: Shuckle|Toxic|p1a: Dragonfly\n|-status|p1a: Dragonfly|tox\n|\n|-damage|p1a: Dragonfly|94\/100 tox|[from] psn\n|upkeep\n|turn|2\n|\n|move|p1a: Dragonfly|Dragon Dance|p1a: Dragonfly\n|-boost|p1a: Dragonfly|atk|1\n|-boost|p1a: Dragonfly|spe|1\n|move|p2a: Shuckle|Sticky Web|p1a: Dragonfly\n|-sidestart|p1: OGamer289|move: Sticky Web\n|\n|-damage|p1a: Dragonfly|82\/100 tox|[from] psn\n|upkeep\n|turn|3\n|\n|move|p1a: Dragonfly|Flare Blitz|p2a: Shuckle\n|-damage|p2a: Shuckle|0 fnt\n|-damage|p1a: Dragonfly|64\/100 tox|[from] Recoil\n|faint|p2a: Shuckle\n|\n|-damage|p1a: Dragonfly|46\/100 tox|[from] psn\n|upkeep\n|\n|switch|p2a: Umbreon|Umbreon, F|100\/100\n|turn|4\n|\n|move|p2a: Umbreon|Protect|p2a: Umbreon\n|-singleturn|p2a: Umbreon|Protect\n|move|p1a: Dragonfly|Flare Blitz|p2a: Umbreon\n|-activate|p2a: Umbreon|move: Protect\n|\n|-damage|p1a: Dragonfly|22\/100 tox|[from] psn\n|upkeep\n|turn|5\n|\n|switch|p2a: Sigilyph|Sigilyph, M|100\/100\n|move|p1a: Dragonfly|Flare Blitz|p2a: Sigilyph\n|-damage|p2a: Sigilyph|0 fnt\n|replace|p2a: Zoroark|Zoroark, M\n|-end|p2a: Zoroark|Illusion\n|-damage|p1a: Dragonfly|0 fnt|[from] Recoil\n|faint|p2a: Zoroark\n|faint|p1a: Dragonfly\n|\n|upkeep\n|\n|switch|p2a: Umbreon|Umbreon, F|100\/100\n|switch|p1a: Serperior|Serperior, M|100\/100\n|-activate|p1a: Serperior|move: Sticky Web\n|-boost|p1a: Serperior|spe|1\n|turn|6\n|\n|move|p1a: Serperior|Leaf Storm|p2a: Umbreon\n|-damage|p2a: Umbreon|73\/100\n|-boost|p1a: Serperior|spa|2\n|move|p2a: Umbreon|Toxic|p1a: Serperior\n|-status|p1a: Serperior|tox\n|\n|-heal|p2a: Umbreon|79\/100|[from] item: Leftovers\n|-damage|p1a: Serperior|94\/100 tox|[from] psn\n|upkeep\n|turn|7\n|\n|move|p2a: Umbreon|Protect|p2a: Umbreon\n|-singleturn|p2a: Umbreon|Protect\n|move|p1a: Serperior|Leaf Storm|p2a: Umbreon\n|-activate|p2a: Umbreon|move: Protect\n|\n|-heal|p2a: Umbreon|85\/100|[from] item: Leftovers\n|-damage|p1a: Serperior|82\/100 tox|[from] psn\n|upkeep\n|turn|8\n|\n|switch|p2a: Tropius|Tropius, M|100\/100\n|move|p1a: Serperior|Leaf Storm|p2a: Tropius\n|-resisted|p2a: Tropius\n|-damage|p2a: Tropius|75\/100\n|-boost|p1a: Serperior|spa|2\n|\n|-damage|p1a: Serperior|64\/100 tox|[from] psn\n|upkeep\n|turn|9\n|\n|move|p2a: Tropius|Protect|p2a: Tropius\n|-singleturn|p2a: Tropius|Protect\n|move|p1a: Serperior|Dragon Pulse|p2a: Tropius\n|-activate|p2a: Tropius|move: Protect\n|\n|-damage|p1a: Serperior|39\/100 tox|[from] psn\n|upkeep\n|turn|10\n|\n|move|p1a: Serperior|Dragon Pulse|p2a: Tropius\n|-damage|p2a: Tropius|20\/100\n|-enditem|p2a: Tropius|Sitrus Berry|[eat]\n|-heal|p2a: Tropius|45\/100|[from] item: Sitrus Berry\n|move|p2a: Tropius|Air Slash|p1a: Serperior\n|-supereffective|p1a: Serperior\n|-damage|p1a: Serperior|0 fnt\n|faint|p1a: Serperior\n|\n|-item|p2a: Tropius|Sitrus Berry|[from] ability: Harvest\n|upkeep\n|-enditem|p2a: Tropius|Sitrus Berry|[eat]\n|-heal|p2a: Tropius|70\/100|[from] item: Sitrus Berry\n|\n|switch|p1a: Uber|Magearna|100\/100\n|-activate|p1a: Uber|move: Sticky Web\n|-unboost|p1a: Uber|spe|1\n|turn|11\n|\n|move|p2a: Tropius|Protect|p2a: Tropius\n|-singleturn|p2a: Tropius|Protect\n|move|p1a: Uber|Ice Beam|p2a: Tropius\n|-activate|p2a: Tropius|move: Protect\n|\n|upkeep\n|turn|12\n|\n|switch|p2a: Blissey|Blissey, F|100\/100\n|move|p1a: Uber|Ice Beam|p2a: Blissey\n|-damage|p2a: Blissey|88\/100\n|\n|-heal|p2a: Blissey|94\/100|[from] item: Leftovers\n|upkeep\n|turn|13\n|-message|OGamer289 forfeited.\n|\n|win|jan0123\n|l|\u2606OGamer289\n","uploadtime":1583044961,"views":1,"p1id":"ogamer289","p2id":"jan0123","formatid":"gen7ou","rating":0,"private":0,"password":null}