{"id":"gen7ou-931196659","p1":"why addicted","p2":"Garchomplte","format":"gen7ou","log":"|j|\u2606why addicted\n|j|\u2606Garchomplte\n|player|p1|why addicted|169\n|player|p2|Garchomplte|brock\n|teamsize|p1|6\n|teamsize|p2|6\n|gametype|singles\n|gen|7\n|tier|[Gen 7] OU\n|rated|\n|rule|Sleep Clause Mod: Limit one foe put to sleep\n|rule|Species Clause: Limit one of each Pok\u00e9mon\n|rule|OHKO Clause: OHKO moves are banned\n|rule|Moody Clause: Moody is banned\n|rule|Evasion Moves Clause: Evasion moves are banned\n|rule|Endless Battle Clause: Forcing endless battles is banned\n|rule|HP Percentage Mod: HP is shown in percentages\n|clearpoke\n|poke|p1|Tyranitar, F|item\n|poke|p1|Kommo-o, F|item\n|poke|p1|Rotom-Wash|item\n|poke|p1|Tornadus-Therian, M|item\n|poke|p1|Magearna|item\n|poke|p1|Landorus-Therian, M|item\n|poke|p2|Garchomp, F|item\n|poke|p2|Hippowdon, M|item\n|poke|p2|Excadrill, F|item\n|poke|p2|Celesteela|item\n|poke|p2|Tangrowth, F|item\n|poke|p2|Slowbro, F|item\n|teampreview\n|\n|start\n|switch|p1a: Rotom|Rotom-Wash|304\/304\n|switch|p2a: Hippowdon|Hippowdon, M|420\/420\n|-weather|Sandstorm|[from] ability: Sand Stream|[of] p2a: Hippowdon\n|turn|1\n|\n|move|p1a: Rotom|Hydro Pump|p2a: Hippowdon|[miss]\n|-miss|p1a: Rotom|p2a: Hippowdon\n|move|p2a: Hippowdon|Toxic|p1a: Rotom\n|-status|p1a: Rotom|tox\n|\n|-weather|Sandstorm|[upkeep]\n|-damage|p1a: Rotom|285\/304 tox|[from] Sandstorm\n|-damage|p1a: Rotom|266\/304 tox|[from] psn\n|upkeep\n|turn|2\n|\n|switch|p2a: Tangrowth|Tangrowth, F|404\/404\n|move|p1a: Rotom|Hydro Pump|p2a: Tangrowth\n|-resisted|p2a: Tangrowth\n|-damage|p2a: Tangrowth|356\/404\n|\n|-weather|Sandstorm|[upkeep]\n|-damage|p1a: Rotom|247\/304 tox|[from] Sandstorm\n|-damage|p2a: Tangrowth|331\/404|[from] Sandstorm\n|-damage|p1a: Rotom|209\/304 tox|[from] psn\n|upkeep\n|turn|3\n|\n|switch|p1a: Tornadus|Tornadus-Therian, M|359\/359\n|move|p2a: Tangrowth|Knock Off|p1a: Tornadus\n|-damage|p1a: Tornadus|271\/359\n|-damage|p2a: Tangrowth|264\/404|[from] item: Rocky Helmet|[of] p1a: Tornadus\n|-enditem|p1a: Tornadus|Rocky Helmet|[from] move: Knock Off|[of] p2a: Tangrowth\n|\n|-weather|Sandstorm|[upkeep]\n|-damage|p1a: Tornadus|249\/359|[from] Sandstorm\n|-damage|p2a: Tangrowth|239\/404|[from] Sandstorm\n|upkeep\n|turn|4\n|\n|switch|p2a: Excadrill|Excadrill, F|362\/362\n|move|p1a: Tornadus|U-turn|p2a: Excadrill\n|-resisted|p2a: Excadrill\n|-damage|p2a: Excadrill|325\/362\n|\n|switch|p1a: Landorus|Landorus-Therian, M|319\/319\n|-ability|p1a: Landorus|Intimidate|boost\n|-unboost|p2a: Excadrill|atk|1\n|\n|-weather|Sandstorm|[upkeep]\n|upkeep\n|turn|5\n|\n|switch|p2a: Slowbro|Slowbro, F|394\/394\n|move|p1a: Landorus|U-turn|p2a: Slowbro\n|-supereffective|p2a: Slowbro\n|-damage|p2a: Slowbro|264\/394\n|\n|switch|p1a: Magearna|Magearna|363\/363\n|\n|-weather|Sandstorm|[upkeep]\n|-damage|p2a: Slowbro|240\/394|[from] Sandstorm\n|-heal|p2a: Slowbro|264\/394|[from] item: Leftovers\n|upkeep\n|turn|6\n|l|\u2606Garchomplte\n|player|p2|\n|j|\u2606Garchomplte\n|player|p2|Garchomplte|brock\n|\n|switch|p2a: Excadrill|Excadrill, F|325\/362\n|move|p1a: Magearna|Volt Switch|p2a: Excadrill\n|-immune|p2a: Excadrill\n|\n|-weather|Sandstorm|[upkeep]\n|upkeep\n|turn|7\n|\n|switch|p1a: Landorus|Landorus-Therian, M|319\/319\n|-ability|p1a: Landorus|Intimidate|boost\n|-unboost|p2a: Excadrill|atk|1\n|move|p2a: Excadrill|Iron Head|p1a: Landorus\n|-damage|p1a: Landorus|220\/319\n|\n|-weather|Sandstorm|[upkeep]\n|upkeep\n|turn|8\n|\n|switch|p2a: Slowbro|Slowbro, F|394\/394\n|move|p1a: Landorus|U-turn|p2a: Slowbro\n|-supereffective|p2a: Slowbro\n|-damage|p2a: Slowbro|278\/394\n|\n|switch|p1a: Kommo-o|Kommo-o, F|291\/291\n|\n|-weather|none\n|-heal|p2a: Slowbro|302\/394|[from] item: Leftovers\n|upkeep\n|turn|9\n|\n|-zpower|p1a: Kommo-o\n|move|p1a: Kommo-o|Clangorous Soulblaze|p2a: Slowbro|[zeffect]\n|-damage|p2a: Slowbro|0 fnt\n|-boost|p1a: Kommo-o|atk|1\n|-boost|p1a: Kommo-o|def|1\n|-boost|p1a: Kommo-o|spa|1\n|-boost|p1a: Kommo-o|spd|1\n|-boost|p1a: Kommo-o|spe|1\n|faint|p2a: Slowbro\n|\n|upkeep\n|\n|switch|p2a: Celesteela|Celesteela|397\/397\n|turn|10\n|\n|move|p1a: Kommo-o|Flamethrower|p2a: Celesteela\n|-supereffective|p2a: Celesteela\n|-damage|p2a: Celesteela|189\/397\n|move|p2a: Celesteela|Heavy Slam|p1a: Kommo-o\n|-damage|p1a: Kommo-o|204\/291\n|\n|-heal|p2a: Celesteela|213\/397|[from] item: Leftovers\n|upkeep\n|turn|11\n|\n|switch|p2a: Hippowdon|Hippowdon, M|420\/420\n|-weather|Sandstorm|[from] ability: Sand Stream|[of] p2a: Hippowdon\n|move|p1a: Kommo-o|Flamethrower|p2a: Hippowdon\n|-damage|p2a: Hippowdon|281\/420\n|\n|-weather|Sandstorm|[upkeep]\n|-damage|p1a: Kommo-o|186\/291|[from] Sandstorm\n|upkeep\n|turn|12\n|\n|switch|p2a: Excadrill|Excadrill, F|325\/362\n|move|p1a: Kommo-o|Clanging Scales|p2a: Excadrill\n|-resisted|p2a: Excadrill\n|-damage|p2a: Excadrill|139\/362\n|-unboost|p1a: Kommo-o|def|1\n|\n|-weather|Sandstorm|[upkeep]\n|-damage|p1a: Kommo-o|168\/291|[from] Sandstorm\n|upkeep\n|turn|13\n|\n|switch|p1a: Rotom|Rotom-Wash|209\/304 tox\n|-zpower|p2a: Excadrill\n|move|p2a: Excadrill|Corkscrew Crash|p1a: Rotom|[zeffect]\n|-resisted|p1a: Rotom\n|-damage|p1a: Rotom|160\/304 tox\n|\n|-weather|Sandstorm|[upkeep]\n|-damage|p1a: Rotom|141\/304 tox|[from] Sandstorm\n|-damage|p1a: Rotom|122\/304 tox|[from] psn\n|upkeep\n|turn|14\n|\n|switch|p2a: Tangrowth|Tangrowth, F|373\/404\n|switch|p1a: Tornadus|Tornadus-Therian, M|359\/359\n|\n|-weather|Sandstorm|[upkeep]\n|-damage|p1a: Tornadus|337\/359|[from] Sandstorm\n|-damage|p2a: Tangrowth|348\/404|[from] Sandstorm\n|upkeep\n|turn|15\n|\n|switch|p2a: Excadrill|Excadrill, F|139\/362\n|move|p1a: Tornadus|U-turn|p2a: Excadrill\n|-resisted|p2a: Excadrill\n|-damage|p2a: Excadrill|105\/362\n|\n|switch|p1a: Landorus|Landorus-Therian, M|220\/319\n|-ability|p1a: Landorus|Intimidate|boost\n|-unboost|p2a: Excadrill|atk|1\n|\n|-weather|Sandstorm|[upkeep]\n|upkeep\n|turn|16\n|j| BBallHunterUSM\n|\n|move|p2a: Excadrill|Iron Head|p1a: Landorus\n|-damage|p1a: Landorus|126\/319\n|move|p1a: Landorus|U-turn|p2a: Excadrill\n|-resisted|p2a: Excadrill\n|-damage|p2a: Excadrill|43\/362\n|\n|switch|p1a: Tornadus|Tornadus-Therian, M|359\/359\n|\n|-weather|Sandstorm|[upkeep]\n|-damage|p1a: Tornadus|337\/359|[from] Sandstorm\n|upkeep\n|turn|17\n|\n|switch|p2a: Celesteela|Celesteela|213\/397\n|move|p1a: Tornadus|Knock Off|p2a: Celesteela\n|-damage|p2a: Celesteela|145\/397\n|-enditem|p2a: Celesteela|Leftovers|[from] move: Knock Off|[of] p1a: Tornadus\n|\n|-weather|Sandstorm|[upkeep]\n|-damage|p1a: Tornadus|315\/359|[from] Sandstorm\n|upkeep\n|turn|18\n|\n|move|p1a: Tornadus|U-turn|p2a: Celesteela\n|-resisted|p2a: Celesteela\n|-damage|p2a: Celesteela|134\/397\n|\n|switch|p1a: Kommo-o|Kommo-o, F|168\/291\n|move|p2a: Celesteela|Leech Seed|p1a: Kommo-o|[miss]\n|-miss|p2a: Celesteela|p1a: Kommo-o\n|\n|-weather|none\n|upkeep\n|turn|19\n|\n|move|p2a: Celesteela|Protect|p2a: Celesteela\n|-singleturn|p2a: Celesteela|Protect\n|move|p1a: Kommo-o|Stealth Rock|p2a: Celesteela\n|-sidestart|p2: Garchomplte|move: Stealth Rock\n|\n|upkeep\n|turn|20\n|\n|move|p1a: Kommo-o|Flamethrower|p2a: Celesteela\n|-supereffective|p2a: Celesteela\n|-damage|p2a: Celesteela|8\/397\n|move|p2a: Celesteela|Leech Seed|p1a: Kommo-o\n|-start|p1a: Kommo-o|move: Leech Seed\n|\n|-damage|p1a: Kommo-o|132\/291|[from] Leech Seed|[of] p2a: Celesteela\n|-heal|p2a: Celesteela|44\/397|[silent]\n|upkeep\n|turn|21\n|j| Xuo Xuo\n|\n|switch|p1a: Tyranitar|Tyranitar, F|341\/341\n|-weather|Sandstorm|[from] ability: Sand Stream|[of] p1a: Tyranitar\n|move|p2a: Celesteela|Protect||[still]\n|-fail|p2a: Celesteela\n|\n|-weather|Sandstorm|[upkeep]\n|upkeep\n|turn|22\n|\n|detailschange|p1a: Tyranitar|Tyranitar-Mega, F\n|-mega|p1a: Tyranitar|Tyranitar|Tyranitarite\n|move|p1a: Tyranitar|Crunch|p2a: Celesteela\n|-damage|p2a: Celesteela|0 fnt\n|faint|p2a: Celesteela\n|\n|-weather|Sandstorm|[upkeep]\n|upkeep\n|\n|switch|p2a: PoeyJokeaim|Garchomp, F|358\/358\n|-damage|p2a: PoeyJokeaim|336\/358|[from] Stealth Rock\n|turn|23\n|\n|switch|p1a: Kommo-o|Kommo-o, F|132\/291\n|detailschange|p2a: PoeyJokeaim|Garchomp-Mega, F\n|-mega|p2a: PoeyJokeaim|Garchomp|Garchompite\n|move|p2a: PoeyJokeaim|Earthquake|p1a: Kommo-o\n|-damage|p1a: Kommo-o|0 fnt\n|faint|p1a: Kommo-o\n|\n|-weather|Sandstorm|[upkeep]\n|upkeep\n|\n|switch|p1a: Landorus|Landorus-Therian, M|126\/319\n|-ability|p1a: Landorus|Intimidate|boost\n|-unboost|p2a: PoeyJokeaim|atk|1\n|turn|24\n|\n|move|p1a: Landorus|U-turn|p2a: PoeyJokeaim\n|-damage|p2a: PoeyJokeaim|256\/358\n|\n|switch|p1a: Magearna|Magearna|363\/363\n|move|p2a: PoeyJokeaim|Stone Edge|p1a: Magearna\n|-resisted|p1a: Magearna\n|-damage|p1a: Magearna|305\/363\n|\n|-weather|Sandstorm|[upkeep]\n|upkeep\n|turn|25\n|\n|switch|p1a: Landorus|Landorus-Therian, M|126\/319\n|-ability|p1a: Landorus|Intimidate|boost\n|-unboost|p2a: PoeyJokeaim|atk|1\n|move|p2a: PoeyJokeaim|Earthquake|p1a: Landorus\n|-immune|p1a: Landorus\n|\n|-weather|none\n|upkeep\n|turn|26\n|\n|switch|p2a: Tangrowth|Tangrowth, F|404\/404\n|-damage|p2a: Tangrowth|354\/404|[from] Stealth Rock\n|move|p1a: Landorus|U-turn|p2a: Tangrowth\n|-supereffective|p2a: Tangrowth\n|-damage|p2a: Tangrowth|202\/404\n|\n|switch|p1a: Tornadus|Tornadus-Therian, M|359\/359\n|\n|upkeep\n|turn|27\n|\n|switch|p2a: Excadrill|Excadrill, F|43\/362\n|-damage|p2a: Excadrill|32\/362|[from] Stealth Rock\n|move|p1a: Tornadus|U-turn|p2a: Excadrill\n|-resisted|p2a: Excadrill\n|-damage|p2a: Excadrill|0 fnt\n|faint|p2a: Excadrill\n|\n|switch|p1a: Magearna|Magearna|305\/363\n|\n|upkeep\n|\n|switch|p2a: PoeyJokeaim|Garchomp-Mega, F|256\/358\n|-damage|p2a: PoeyJokeaim|234\/358|[from] Stealth Rock\n|turn|28\n|\n|switch|p2a: Hippowdon|Hippowdon, M|281\/420\n|-damage|p2a: Hippowdon|255\/420|[from] Stealth Rock\n|-weather|Sandstorm|[from] ability: Sand Stream|[of] p2a: Hippowdon\n|switch|p1a: Rotom|Rotom-Wash|122\/304 tox\n|\n|-weather|Sandstorm|[upkeep]\n|-damage|p1a: Rotom|103\/304 tox|[from] Sandstorm\n|-damage|p1a: Rotom|84\/304 tox|[from] psn\n|upkeep\n|turn|29\n|\n|move|p1a: Rotom|Hydro Pump|p2a: Hippowdon\n|-supereffective|p2a: Hippowdon\n|-damage|p2a: Hippowdon|0 fnt\n|faint|p2a: Hippowdon\n|\n|-weather|Sandstorm|[upkeep]\n|-damage|p1a: Rotom|65\/304 tox|[from] Sandstorm\n|-damage|p1a: Rotom|27\/304 tox|[from] psn\n|upkeep\n|\n|switch|p2a: PoeyJokeaim|Garchomp-Mega, F|234\/358\n|-damage|p2a: PoeyJokeaim|212\/358|[from] Stealth Rock\n|turn|30\n|-enditem|p1a: Rotom|Custap Berry|[eat]\n|-activate|p1a: Rotom|item: Custap Berry|[consumed]\n|\n|move|p1a: Rotom|Will-O-Wisp|p2a: PoeyJokeaim\n|-status|p2a: PoeyJokeaim|brn\n|move|p2a: PoeyJokeaim|Stone Edge|p1a: Rotom\n|-damage|p1a: Rotom|0 fnt\n|faint|p1a: Rotom\n|\n|-weather|Sandstorm|[upkeep]\n|-damage|p2a: PoeyJokeaim|190\/358 brn|[from] brn\n|upkeep\n|\n|switch|p1a: Landorus|Landorus-Therian, M|126\/319\n|-ability|p1a: Landorus|Intimidate|boost\n|-unboost|p2a: PoeyJokeaim|atk|1\n|turn|31\n|\n|move|p1a: Landorus|U-turn|p2a: PoeyJokeaim\n|-damage|p2a: PoeyJokeaim|117\/358 brn\n|\n|switch|p1a: Tornadus|Tornadus-Therian, M|359\/359\n|move|p2a: PoeyJokeaim|Earthquake|p1a: Tornadus\n|-immune|p1a: Tornadus\n|\n|-weather|Sandstorm|[upkeep]\n|-damage|p1a: Tornadus|337\/359|[from] Sandstorm\n|-damage|p2a: PoeyJokeaim|95\/358 brn|[from] brn\n|upkeep\n|turn|32\n|l| Xuo Xuo\n|\n|move|p1a: Tornadus|U-turn|p2a: PoeyJokeaim\n|-damage|p2a: PoeyJokeaim|48\/358 brn\n|\n|switch|p1a: Landorus|Landorus-Therian, M|126\/319\n|-ability|p1a: Landorus|Intimidate|boost\n|-unboost|p2a: PoeyJokeaim|atk|1\n|move|p2a: PoeyJokeaim|Stone Edge|p1a: Landorus\n|-damage|p1a: Landorus|79\/319\n|\n|-weather|Sandstorm|[upkeep]\n|-damage|p2a: PoeyJokeaim|26\/358 brn|[from] brn\n|upkeep\n|turn|33\n|c|\u2606Garchomplte|Gg\n|c|\u2606why addicted|gg\n|-message|Garchomplte forfeited.\n|\n|win|why addicted\n|l|\u2606Garchomplte\n||Ladder (probably) updated, but score could not be retrieved (Response not received).\n|l| BBallHunterUSM\n","uploadtime":1560964729,"views":104,"p1id":"whyaddicted","p2id":"garchomplte","formatid":"gen7ou","rating":0,"private":0,"password":null}