{"id":"gen7anythinggoes-1706967115","p1":"Luliky1104","p2":"SPINOGOD1","format":"gen7anythinggoes","log":"|j|\u2606Luliky1104\n|j|\u2606SPINOGOD1\n|t:|1668037204\n|gametype|singles\n|player|p1|Luliky1104|170|1064\n|player|p2|SPINOGOD1|lance|1112\n|teamsize|p1|6\n|teamsize|p2|6\n|gen|7\n|tier|[Gen 7] Anything Goes\n|rated|\n|rule|HP Percentage Mod: HP is shown in percentages\n|rule|Endless Battle Clause: Forcing endless battles is banned\n|clearpoke\n|poke|p1|Banette, M|item\n|poke|p1|Gengar, F|item\n|poke|p1|Sableye, M|item\n|poke|p1|Giratina-Origin|item\n|poke|p1|Gyarados, M|item\n|poke|p1|Mewtwo|item\n|poke|p2|Gardevoir, F|item\n|poke|p2|Lucario, F|item\n|poke|p2|Lopunny, M|item\n|poke|p2|Mewtwo|item\n|poke|p2|Tapu Lele|item\n|poke|p2|Mimikyu, F|item\n|teampreview\n|\n|t:|1668037212\n|start\n|switch|p1a: Gyarados|Gyarados, M, shiny|100\/100\n|switch|p2a: Lopunny|Lopunny, M, shiny|100\/100\n|-ability|p1a: Gyarados|Intimidate|boost\n|-unboost|p2a: Lopunny|atk|1\n|turn|1\n|\n|t:|1668037221\n|move|p2a: Lopunny|Shadow Ball|p1a: Gyarados\n|-damage|p1a: Gyarados|88\/100\n|move|p1a: Gyarados|Waterfall|p2a: Lopunny\n|-damage|p2a: Lopunny|47\/100\n|\n|-heal|p2a: Lopunny|53\/100|[from] item: Leftovers\n|upkeep\n|turn|2\n|\n|t:|1668037231\n|move|p2a: Lopunny|Focus Blast|p1a: Gyarados\n|-resisted|p1a: Gyarados\n|-damage|p1a: Gyarados|79\/100\n|move|p1a: Gyarados|Hydro Pump|p2a: Lopunny\n|-damage|p2a: Lopunny|16\/100\n|\n|-heal|p2a: Lopunny|22\/100|[from] item: Leftovers\n|upkeep\n|turn|3\n|\n|t:|1668037239\n|move|p2a: Lopunny|Hyper Voice|p1a: Gyarados\n|-damage|p1a: Gyarados|61\/100\n|move|p1a: Gyarados|Crunch|p2a: Lopunny\n|-damage|p2a: Lopunny|0 fnt\n|faint|p2a: Lopunny\n|\n|upkeep\n|\n|t:|1668037244\n|switch|p2a: Lucario|Lucario, F|100\/100\n|turn|4\n|\n|t:|1668037251\n|move|p1a: Gyarados|Waterfall|p2a: Lucario\n|-damage|p2a: Lucario|48\/100\n|move|p2a: Lucario|Close Combat|p1a: Gyarados\n|-resisted|p1a: Gyarados\n|-damage|p1a: Gyarados|0 fnt\n|-unboost|p2a: Lucario|def|1\n|-unboost|p2a: Lucario|spd|1\n|faint|p1a: Gyarados\n|\n|upkeep\n|\n|t:|1668037259\n|switch|p1a: Mewtwo|Mewtwo|100\/100\n|-ability|p1a: Mewtwo|Pressure\n|turn|5\n|\n|t:|1668037266\n|move|p1a: Mewtwo|Ice Beam|p2a: Lucario\n|-resisted|p2a: Lucario\n|-damage|p2a: Lucario|11\/100\n|move|p2a: Lucario|Close Combat|p1a: Mewtwo\n|-resisted|p1a: Mewtwo\n|-damage|p1a: Mewtwo|61\/100\n|-unboost|p2a: Lucario|def|1\n|-unboost|p2a: Lucario|spd|1\n|\n|upkeep\n|turn|6\n|\n|t:|1668037274\n|move|p1a: Mewtwo|Fire Blast|p2a: Lucario|[miss]\n|-miss|p1a: Mewtwo|p2a: Lucario\n|move|p2a: Lucario|Close Combat|p1a: Mewtwo\n|-resisted|p1a: Mewtwo\n|-damage|p1a: Mewtwo|26\/100\n|-unboost|p2a: Lucario|def|1\n|-unboost|p2a: Lucario|spd|1\n|\n|upkeep\n|turn|7\n|\n|t:|1668037283\n|move|p1a: Mewtwo|Aura Sphere|p2a: Lucario\n|-supereffective|p2a: Lucario\n|-damage|p2a: Lucario|0 fnt\n|faint|p2a: Lucario\n|\n|upkeep\n|\n|t:|1668037293\n|switch|p2a: Mewtwo|Mewtwo|100\/100\n|-ability|p2a: Mewtwo|Pressure\n|turn|8\n|\n|t:|1668037299\n|move|p1a: Mewtwo|Ice Beam|p2a: Mewtwo\n|-damage|p2a: Mewtwo|74\/100\n|move|p2a: Mewtwo|Psystrike|p1a: Mewtwo\n|-resisted|p1a: Mewtwo\n|-damage|p1a: Mewtwo|0 fnt\n|faint|p1a: Mewtwo\n|\n|upkeep\n|\n|t:|1668037307\n|switch|p1a: Sableye|Sableye, M|100\/100\n|turn|9\n|\n|t:|1668037313\n|switch|p2a: Tapu Lele|Tapu Lele|100\/100\n|-fieldstart|move: Psychic Terrain|[from] ability: Psychic Surge|[of] p2a: Tapu Lele\n|move|p1a: Sableye|Knock Off|p2a: Tapu Lele\n|-damage|p2a: Tapu Lele|41\/100\n|-enditem|p2a: Tapu Lele|Leftovers|[from] move: Knock Off|[of] p1a: Sableye\n|\n|upkeep\n|turn|10\n|\n|t:|1668037323\n|move|p2a: Tapu Lele|Extrasensory|p1a: Sableye\n|-immune|p1a: Sableye\n|move|p1a: Sableye|Shadow Claw|p2a: Tapu Lele\n|-supereffective|p2a: Tapu Lele\n|-damage|p2a: Tapu Lele|0 fnt\n|faint|p2a: Tapu Lele\n|\n|upkeep\n|\n|t:|1668037332\n|switch|p2a: Gardevoir|Gardevoir, F, shiny|100\/100\n|turn|11\n|\n|t:|1668037338\n|move|p2a: Gardevoir|Dazzling Gleam|p1a: Sableye\n|-supereffective|p1a: Sableye\n|-damage|p1a: Sableye|0 fnt\n|faint|p1a: Sableye\n|\n|upkeep\n|\n|t:|1668037343\n|switch|p1a: Banette|Banette, M, shiny|100\/100\n|turn|12\n|\n|t:|1668037348\n|detailschange|p1a: Banette|Banette-Mega, M, shiny\n|-mega|p1a: Banette|Banette|Banettite\n|move|p1a: Banette|Gunk Shot|p2a: Gardevoir\n|-supereffective|p2a: Gardevoir\n|-enditem|p2a: Gardevoir|Focus Sash\n|-damage|p2a: Gardevoir|1\/100\n|move|p2a: Gardevoir|Dazzling Gleam|p1a: Banette\n|-damage|p1a: Banette|32\/100\n|\n|upkeep\n|turn|13\n|\n|t:|1668037380\n|move|p1a: Banette|Gunk Shot|p2a: Gardevoir\n|-supereffective|p2a: Gardevoir\n|-damage|p2a: Gardevoir|0 fnt\n|faint|p2a: Gardevoir\n|\n|-fieldend|move: Psychic Terrain\n|upkeep\n|\n|t:|1668037384\n|switch|p2a: Mewtwo|Mewtwo|74\/100\n|-ability|p2a: Mewtwo|Pressure\n|turn|14\n|\n|t:|1668037388\n|move|p2a: Mewtwo|Psystrike|p1a: Banette\n|-damage|p1a: Banette|0 fnt\n|faint|p1a: Banette\n|\n|upkeep\n|\n|t:|1668037392\n|switch|p1a: Gengar|Gengar, F|100\/100\n|turn|15\n|\n|t:|1668037400\n|move|p2a: Mewtwo|Psystrike|p1a: Gengar\n|-supereffective|p1a: Gengar\n|-damage|p1a: Gengar|0 fnt\n|-start|p2a: Mewtwo|Disable|Psystrike|[from] ability: Cursed Body|[of] p1a: Gengar\n|faint|p1a: Gengar\n|\n|upkeep\n|\n|t:|1668037406\n|switch|p1a: Giratina|Giratina-Origin|100\/100\n|turn|16\n|\n|t:|1668037410\n|move|p1a: Giratina|Shadow Sneak|p2a: Mewtwo\n|-supereffective|p2a: Mewtwo\n|-damage|p2a: Mewtwo|32\/100\n|-activate|p2a: Mewtwo|move: Struggle\n|move|p2a: Mewtwo|Struggle|p1a: Giratina\n|-damage|p1a: Giratina|92\/100\n|-damage|p2a: Mewtwo|7\/100|[from] recoil\n|\n|upkeep\n|turn|17\n|\n|t:|1668037416\n|move|p1a: Giratina|Shadow Sneak|p2a: Mewtwo\n|-supereffective|p2a: Mewtwo\n|-damage|p2a: Mewtwo|0 fnt\n|faint|p2a: Mewtwo\n|\n|upkeep\n|\n|t:|1668037429\n|switch|p2a: Mimikyu|Mimikyu, F|100\/100\n|turn|18\n|inactive|Battle timer is ON: inactive players will automatically lose when time's up. (requested by Luliky1104)\n|\n|t:|1668037438\n|move|p2a: Mimikyu|Shadow Ball|p1a: Giratina\n|-supereffective|p1a: Giratina\n|-damage|p1a: Giratina|64\/100\n|-unboost|p1a: Giratina|spd|1\n|move|p1a: Giratina|Shadow Ball|p2a: Mimikyu\n|-activate|p2a: Mimikyu|ability: Disguise\n|-damage|p2a: Mimikyu|100\/100\n|-unboost|p2a: Mimikyu|spd|1\n|detailschange|p2a: Mimikyu|Mimikyu-Busted, F\n|\n|upkeep\n|turn|19\n|\n|t:|1668037448\n|move|p1a: Giratina|Shadow Sneak|p2a: Mimikyu\n|-supereffective|p2a: Mimikyu\n|-damage|p2a: Mimikyu|31\/100\n|move|p2a: Mimikyu|Shadow Ball|p1a: Giratina\n|-supereffective|p1a: Giratina\n|-damage|p1a: Giratina|18\/100\n|\n|upkeep\n|turn|20\n|\n|t:|1668037455\n|move|p1a: Giratina|Shadow Sneak|p2a: Mimikyu\n|-supereffective|p2a: Mimikyu\n|-damage|p2a: Mimikyu|0 fnt\n|faint|p2a: Mimikyu\n|\n|win|Luliky1104\n|raw|Luliky1104's rating: 1064 &rarr; <strong>1099<\/strong><br \/>(+35 for winning)\n|raw|SPINOGOD1's rating: 1112 &rarr; <strong>1084<\/strong><br \/>(-28 for losing)\n|l|\u2606SPINOGOD1\n","uploadtime":1668037464,"views":3,"p1id":"luliky1104","p2id":"spinogod1","formatid":"gen7anythinggoes","rating":1084,"private":0,"password":null}