{"id":"gen7oublitz-1000942682","p1":"nnoinoinoi","p2":"Kaylss","format":"gen7oublitz","log":"|j|\u2606nnoinoinoi\n|j|\u2606Kaylss\n|player|p1|nnoinoinoi|rosa|1481\n|player|p2|Kaylss|138|1487\n|teamsize|p1|6\n|teamsize|p2|6\n|gametype|singles\n|gen|7\n|tier|[Gen 7] OU (Blitz)\n|rated|\n|rule|Sleep Clause Mod: Limit one foe put to sleep\n|rule|Species Clause: Limit one of each Pok\u00e9mon\n|rule|OHKO Clause: OHKO moves are banned\n|rule|Moody Clause: Moody is banned\n|rule|Evasion Moves Clause: Evasion moves are banned\n|rule|Endless Battle Clause: Forcing endless battles is banned\n|rule|HP Percentage Mod: HP is shown in percentages\n|clearpoke\n|poke|p1|Mawile, F|item\n|poke|p1|Excadrill, M|item\n|poke|p1|Cresselia, F|item\n|poke|p1|Volcarona, F|item\n|poke|p1|Dragonite, M|item\n|poke|p1|Greninja, M|item\n|poke|p2|Lopunny, F|item\n|poke|p2|Muk-Alola, F|item\n|poke|p2|Landorus-Therian, M|item\n|poke|p2|Zygarde-10%|item\n|poke|p2|Greninja, M|item\n|poke|p2|Mantine, M|item\n|rule|Blitz: Super-fast timer\n|teampreview\n|\n|start\n|switch|p1a: Excadrill|Excadrill, M|100\/100\n|switch|p2a: Lopunny|Lopunny, F|100\/100\n|-ability|p1a: Excadrill|Mold Breaker\n|turn|1\n|\n|switch|p1a: Cresselia|Cresselia, F|100\/100\n|detailschange|p2a: Lopunny|Lopunny-Mega, F\n|-mega|p2a: Lopunny|Lopunny|Lopunnite\n|move|p2a: Lopunny|Fake Out|p1a: Cresselia\n|-damage|p1a: Cresselia|87\/100\n|\n|upkeep\n|turn|2\n|\n|switch|p2a: Muk|Muk-Alola, F|100\/100\n|move|p1a: Cresselia|Trick|p2a: Muk\n|-activate|p1a: Cresselia|move: Trick|[of] p2a: Muk\n|-item|p2a: Muk|Choice Scarf|[from] move: Trick\n|-item|p1a: Cresselia|Assault Vest|[from] move: Trick\n|\n|upkeep\n|turn|3\n|\n|switch|p1a: Excadrill|Excadrill, M|100\/100\n|-ability|p1a: Excadrill|Mold Breaker\n|switch|p2a: Lopunny|Lopunny-Mega, F|100\/100\n|\n|upkeep\n|turn|4\n|\n|switch|p1a: Mawile|Mawile, F|100\/100\n|-ability|p1a: Mawile|Intimidate|boost\n|-unboost|p2a: Lopunny|atk|1\n|move|p2a: Lopunny|Return|p1a: Mawile\n|-resisted|p1a: Mawile\n|-damage|p1a: Mawile|73\/100\n|\n|upkeep\n|turn|5\n|\n|switch|p2a: Landorus|Landorus-Therian, M|100\/100\n|-ability|p2a: Landorus|Intimidate|boost\n|-unboost|p1a: Mawile|atk|1\n|detailschange|p1a: Mawile|Mawile-Mega, F\n|-mega|p1a: Mawile|Mawile|Mawilite\n|move|p1a: Mawile|Play Rough|p2a: Landorus|[miss]\n|-miss|p1a: Mawile|p2a: Landorus\n|\n|upkeep\n|turn|6\n|\n|switch|p1a: Cresselia|Cresselia, F|87\/100\n|move|p2a: Landorus|Stealth Rock|p1a: Cresselia\n|-sidestart|p1: nnoinoinoi|move: Stealth Rock\n|\n|upkeep\n|turn|7\n|\n|switch|p2a: Muk|Muk-Alola, F|100\/100\n|move|p1a: Cresselia|Ice Beam|p2a: Muk\n|-damage|p2a: Muk|89\/100\n|\n|upkeep\n|turn|8\n|\n|switch|p1a: Excadrill|Excadrill, M|100\/100\n|-damage|p1a: Excadrill|97\/100|[from] Stealth Rock\n|-ability|p1a: Excadrill|Mold Breaker\n|move|p2a: Muk|Fire Punch|p1a: Excadrill\n|-supereffective|p1a: Excadrill\n|-damage|p1a: Excadrill|45\/100\n|\n|upkeep\n|turn|9\n|\n|move|p1a: Excadrill|Stealth Rock|p2a: Muk\n|-sidestart|p2: Kaylss|move: Stealth Rock\n|move|p2a: Muk|Fire Punch|p1a: Excadrill\n|-supereffective|p1a: Excadrill\n|-damage|p1a: Excadrill|0 fnt\n|faint|p1a: Excadrill\n|\n|upkeep\n|\n|switch|p1a: Mawile|Mawile-Mega, F|73\/100\n|-damage|p1a: Mawile|67\/100|[from] Stealth Rock\n|turn|10\n|\n|move|p2a: Muk|Fire Punch|p1a: Mawile\n|-supereffective|p1a: Mawile\n|-damage|p1a: Mawile|31\/100\n|move|p1a: Mawile|Play Rough|p2a: Muk\n|-damage|p2a: Muk|0 fnt\n|faint|p2a: Muk\n|\n|upkeep\n|\n|switch|p2a: Landorus|Landorus-Therian, M|100\/100\n|-damage|p2a: Landorus|88\/100|[from] Stealth Rock\n|-ability|p2a: Landorus|Intimidate|boost\n|-unboost|p1a: Mawile|atk|1\n|turn|11\n|\n|switch|p1a: Cresselia|Cresselia, F|87\/100\n|-damage|p1a: Cresselia|75\/100|[from] Stealth Rock\n|move|p2a: Landorus|Swords Dance|p2a: Landorus\n|-boost|p2a: Landorus|atk|2\n|\n|upkeep\n|turn|12\n|\n|-zpower|p2a: Landorus\n|move|p2a: Landorus|Supersonic Skystrike|p1a: Cresselia|[zeffect]\n|-damage|p1a: Cresselia|0 fnt\n|faint|p1a: Cresselia\n|\n|upkeep\n|\n|switch|p1a: Greninja|Greninja, M|100\/100\n|-damage|p1a: Greninja|88\/100|[from] Stealth Rock\n|turn|13\n|\n|move|p1a: Greninja|Dark Pulse|p2a: Landorus\n|-damage|p2a: Landorus|29\/100\n|cant|p2a: Landorus|flinch\n|\n|upkeep\n|turn|14\n|\n|switch|p2a: Lopunny|Lopunny-Mega, F|100\/100\n|-damage|p2a: Lopunny|95\/100|[from] Stealth Rock\n|move|p1a: Greninja|Dark Pulse|p2a: Lopunny\n|-resisted|p2a: Lopunny\n|-damage|p2a: Lopunny|62\/100\n|\n|upkeep\n|turn|15\n|\n|switch|p1a: Mawile|Mawile-Mega, F|31\/100\n|-damage|p1a: Mawile|24\/100|[from] Stealth Rock\n|move|p2a: Lopunny|Return|p1a: Mawile\n|-resisted|p1a: Mawile\n|-damage|p1a: Mawile|0 fnt\n|faint|p1a: Mawile\n|\n|upkeep\n|\n|switch|p1a: Dragonite|Dragonite, M|100\/100\n|-damage|p1a: Dragonite|76\/100|[from] Stealth Rock\n|turn|16\n|\n|switch|p2a: Landorus|Landorus-Therian, M|29\/100\n|-damage|p2a: Landorus|17\/100|[from] Stealth Rock\n|-ability|p2a: Landorus|Intimidate|boost\n|-unboost|p1a: Dragonite|atk|1\n|-zpower|p1a: Dragonite\n|move|p1a: Dragonite|Supersonic Skystrike|p2a: Landorus|[zeffect]\n|-damage|p2a: Landorus|0 fnt\n|faint|p2a: Landorus\n|\n|upkeep\n|\n|switch|p2a: Zygarde|Zygarde-10%|100\/100\n|-damage|p2a: Zygarde|94\/100|[from] Stealth Rock\n|-ability|p2a: Zygarde|Aura Break\n|turn|17\n|\n|move|p2a: Zygarde|Thousand Arrows|p1a: Dragonite\n|-damage|p1a: Dragonite|4\/100\n|-start|p1a: Dragonite|Smack Down\n|move|p1a: Dragonite|Dragon Rush|p2a: Zygarde|[miss]\n|-miss|p1a: Dragonite|p2a: Zygarde\n|\n|upkeep\n|turn|18\n|c|\u2606nnoinoinoi|suck me\n|-message|nnoinoinoi forfeited.\n|\n|win|Kaylss\n|c|\u2606Kaylss|?\n|l|\u2606nnoinoinoi\n|raw|nnoinoinoi's rating: 1464 &rarr; <strong>1446<\/strong><br \/>(-18 for losing)\n|raw|Kaylss's rating: 1487 &rarr; <strong>1506<\/strong><br \/>(+19 for winning)\n","uploadtime":1572405421,"views":3,"p1id":"nnoinoinoi","p2id":"kaylss","formatid":"gen7oublitz","rating":1446,"private":0,"password":null}