{"id":"gen7randombattle-823112036","p1":"wolfwarrior","p2":"RoseZen","format":"gen7randombattle","log":"|j|\u2606wolfwarrior\n|j|\u2606RoseZen\n|player|p1|wolfwarrior|163\n|player|p2|RoseZen|204\n|teamsize|p1|6\n|teamsize|p2|6\n|gametype|singles\n|gen|7\n|tier|[Gen 7] Random Battle\n|rated|\n|seed|37799,10462,32495,32740\n|rule|Sleep Clause Mod: Limit one foe put to sleep\n|rule|HP Percentage Mod: HP is shown in percentages\n|\n|start\n|switch|p1a: Entei|Entei, L78|307\/307\n|switch|p2a: Manectric|Manectric, L77, M|234\/234\n|turn|1\n|\n|detailschange|p2a: Manectric|Manectric-Mega, L77, M\n|-mega|p2a: Manectric|Manectric|Manectite\n|-ability|p2a: Manectric|Intimidate|boost\n|-unboost|p1a: Entei|atk|1\n|move|p2a: Manectric|Volt Switch|p1a: Entei\n|-damage|p1a: Entei|213\/307\n|inactive|Battle timer is ON: inactive players will automatically lose when time's up. (requested by wolfwarrior)\n|\n|switch|p2a: Quagsire|Quagsire, L83, M|293\/293|[from]move: Volt Switch\n|move|p1a: Entei|Sacred Fire|p2a: Quagsire\n|-resisted|p2a: Quagsire\n|-damage|p2a: Quagsire|211\/293\n|\n|upkeep\n|turn|2\n|\n|switch|p1a: Lilligant|Lilligant, L83, F|252\/252\n|move|p2a: Quagsire|Toxic|p1a: Lilligant\n|-status|p1a: Lilligant|tox\n|\n|-damage|p1a: Lilligant|237\/252 tox|[from] psn\n|upkeep\n|turn|3\n|\n|switch|p2a: Spinda|Spinda, L83, F|235\/235\n|move|p1a: Lilligant|Sleep Powder|p2a: Spinda\n|-status|p2a: Spinda|slp\n|\n|-heal|p1a: Lilligant|252\/252 tox|[from] item: Leftovers\n|-damage|p1a: Lilligant|222\/252 tox|[from] psn\n|upkeep\n|turn|4\n|\n|switch|p1a: Scrafty|Scrafty, L81, M|238\/238\n|-ability|p1a: Scrafty|Intimidate|boost\n|-boost|p2a: Spinda|atk|1\n|switch|p2a: Delphox|Delphox, L81, M|254\/254\n|\n|upkeep\n|turn|5\n|\n|switch|p2a: Manectric|Manectric-Mega, L77, M|234\/234\n|-ability|p2a: Manectric|Intimidate|boost\n|-unboost|p1a: Scrafty|atk|1\n|move|p1a: Scrafty|Knock Off|p2a: Manectric\n|-damage|p2a: Manectric|183\/234\n|\n|upkeep\n|turn|6\n|\n|switch|p1a: Garbodor|Garbodor, L81, M|262\/262\n|move|p2a: Manectric|Volt Switch|p1a: Garbodor\n|-damage|p1a: Garbodor|178\/262\n|\n|switch|p2a: Delphox|Delphox, L81, M|254\/254|[from]move: Volt Switch\n|\n|-heal|p1a: Garbodor|194\/262|[from] item: Black Sludge\n|upkeep\n|turn|7\n|\n|move|p2a: Delphox|Fire Blast|p1a: Garbodor\n|-damage|p1a: Garbodor|33\/262\n|-damage|p2a: Delphox|229\/254|[from] item: Life Orb\n|move|p1a: Garbodor|Gunk Shot|p2a: Delphox\n|-damage|p2a: Delphox|100\/254\n|\n|-heal|p1a: Garbodor|49\/262|[from] item: Black Sludge\n|upkeep\n|turn|8\n|\n|move|p2a: Delphox|Psyshock|p1a: Garbodor\n|-supereffective|p1a: Garbodor\n|-damage|p1a: Garbodor|0 fnt\n|-damage|p2a: Delphox|75\/254|[from] item: Life Orb\n|faint|p1a: Garbodor\n|\n|upkeep\n|\n|switch|p1a: Scrafty|Scrafty, L81, M|238\/238\n|-ability|p1a: Scrafty|Intimidate|boost\n|-unboost|p2a: Delphox|atk|1\n|turn|9\n|\n|move|p2a: Delphox|Fire Blast|p1a: Scrafty|[miss]\n|-miss|p2a: Delphox|p1a: Scrafty\n|move|p1a: Scrafty|Bulk Up|p1a: Scrafty\n|-boost|p1a: Scrafty|atk|1\n|-boost|p1a: Scrafty|def|1\n|\n|upkeep\n|turn|10\n|\n|move|p2a: Delphox|Fire Blast|p1a: Scrafty\n|-damage|p1a: Scrafty|109\/238\n|-damage|p2a: Delphox|50\/254|[from] item: Life Orb\n|move|p1a: Scrafty|Knock Off|p2a: Delphox\n|-supereffective|p2a: Delphox\n|-damage|p2a: Delphox|0 fnt\n|-enditem|p2a: Delphox|Life Orb|[from] move: Knock Off|[of] p1a: Scrafty\n|faint|p2a: Delphox\n|\n|upkeep\n|\n|switch|p2a: Manectric|Manectric-Mega, L77, M|183\/234\n|-ability|p2a: Manectric|Intimidate|boost\n|-unboost|p1a: Scrafty|atk|1\n|turn|11\n|\n|move|p2a: Manectric|Thunderbolt|p1a: Scrafty\n|-damage|p1a: Scrafty|19\/238\n|move|p1a: Scrafty|Bulk Up|p1a: Scrafty\n|-boost|p1a: Scrafty|atk|1\n|-boost|p1a: Scrafty|def|1\n|\n|upkeep\n|turn|12\n|\n|switch|p1a: Lilligant|Lilligant, L83, F|222\/252 tox\n|move|p2a: Manectric|Thunderbolt|p1a: Lilligant\n|-resisted|p1a: Lilligant\n|-damage|p1a: Lilligant|163\/252 tox\n|\n|-heal|p1a: Lilligant|178\/252 tox|[from] item: Leftovers\n|-damage|p1a: Lilligant|163\/252 tox|[from] psn\n|upkeep\n|turn|13\n|\n|switch|p1a: Torkoal|Torkoal, L83, F|251\/251\n|-weather|SunnyDay|[from] ability: Drought|[of] p1a: Torkoal\n|move|p2a: Manectric|Overheat|p1a: Torkoal\n|-resisted|p1a: Torkoal\n|-damage|p1a: Torkoal|168\/251\n|-unboost|p2a: Manectric|spa|2\n|\n|-weather|SunnyDay|[upkeep]\n|-heal|p1a: Torkoal|183\/251|[from] item: Leftovers\n|upkeep\n|turn|14\n|\n|move|p2a: Manectric|Volt Switch|p1a: Torkoal\n|-damage|p1a: Torkoal|135\/251\n|\n|switch|p2a: Quagsire|Quagsire, L83, M|211\/293|[from]move: Volt Switch\n|move|p1a: Torkoal|Stealth Rock|p2a: Quagsire\n|-sidestart|p2: RoseZen|move: Stealth Rock\n|\n|-weather|SunnyDay|[upkeep]\n|-heal|p1a: Torkoal|150\/251|[from] item: Leftovers\n|upkeep\n|turn|15\n|\n|move|p2a: Quagsire|Toxic|p1a: Torkoal\n|-status|p1a: Torkoal|tox\n|move|p1a: Torkoal|Solar Beam|p2a: Quagsire|[still]\n|-prepare|p1a: Torkoal|Solar Beam|p2a: Quagsire\n|-anim|p1a: Torkoal|Solar Beam|p2a: Quagsire\n|-supereffective|p2a: Quagsire\n|-crit|p2a: Quagsire\n|-damage|p2a: Quagsire|0 fnt\n|faint|p2a: Quagsire\n|\n|-weather|SunnyDay|[upkeep]\n|-heal|p1a: Torkoal|165\/251 tox|[from] item: Leftovers\n|-damage|p1a: Torkoal|150\/251 tox|[from] psn\n|upkeep\n|\n|switch|p2a: Chimecho|Chimecho, L83, M|260\/260\n|-damage|p2a: Chimecho|228\/260|[from] Stealth Rock\n|turn|16\n|\n|move|p2a: Chimecho|Calm Mind|p2a: Chimecho\n|-boost|p2a: Chimecho|spa|1\n|-boost|p2a: Chimecho|spd|1\n|move|p1a: Torkoal|Fire Blast|p2a: Chimecho\n|-damage|p2a: Chimecho|125\/260\n|\n|-weather|SunnyDay|[upkeep]\n|-heal|p2a: Chimecho|141\/260|[from] item: Leftovers\n|-heal|p1a: Torkoal|165\/251 tox|[from] item: Leftovers\n|-damage|p1a: Torkoal|135\/251 tox|[from] psn\n|upkeep\n|turn|17\n|\n|move|p2a: Chimecho|Calm Mind|p2a: Chimecho\n|-boost|p2a: Chimecho|spa|1\n|-boost|p2a: Chimecho|spd|1\n|move|p1a: Torkoal|Fire Blast|p2a: Chimecho\n|-damage|p2a: Chimecho|60\/260\n|\n|-weather|none\n|-heal|p2a: Chimecho|76\/260|[from] item: Leftovers\n|-heal|p1a: Torkoal|150\/251 tox|[from] item: Leftovers\n|-damage|p1a: Torkoal|105\/251 tox|[from] psn\n|upkeep\n|turn|18\n|\n|move|p2a: Chimecho|Heal Bell|p2a: Chimecho\n|-activate|p2a: Chimecho|move: Heal Bell\n|-curestatus|p2: Spinda|slp|[msg]\n|move|p1a: Torkoal|Fire Blast|p2a: Chimecho\n|-damage|p2a: Chimecho|21\/260\n|\n|-heal|p2a: Chimecho|37\/260|[from] item: Leftovers\n|-heal|p1a: Torkoal|120\/251 tox|[from] item: Leftovers\n|-damage|p1a: Torkoal|60\/251 tox|[from] psn\n|upkeep\n|turn|19\n|\n|move|p2a: Chimecho|Psychic|p1a: Torkoal\n|-damage|p1a: Torkoal|0 fnt\n|faint|p1a: Torkoal\n|\n|-heal|p2a: Chimecho|53\/260|[from] item: Leftovers\n|upkeep\n|\n|switch|p1a: Entei|Entei, L78|213\/307\n|turn|20\n|\n|move|p1a: Entei|Stomping Tantrum|p2a: Chimecho\n|-immune|p2a: Chimecho|[msg]|[from] ability: Levitate\n|move|p2a: Chimecho|Psychic|p1a: Entei\n|-crit|p1a: Entei\n|-damage|p1a: Entei|0 fnt\n|faint|p1a: Entei\n|\n|-heal|p2a: Chimecho|69\/260|[from] item: Leftovers\n|upkeep\n|\n|switch|p1a: Thundurus|Thundurus, L76, M|245\/245\n|turn|21\n|\n|switch|p1a: Scrafty|Scrafty, L81, M|19\/238\n|-ability|p1a: Scrafty|Intimidate|boost\n|-unboost|p2a: Chimecho|atk|1\n|move|p2a: Chimecho|Psychic|p1a: Scrafty\n|-immune|p1a: Scrafty|[msg]\n|\n|-heal|p2a: Chimecho|85\/260|[from] item: Leftovers\n|upkeep\n|turn|22\n|\n|switch|p1a: Lilligant|Lilligant, L83, F|163\/252 tox\n|move|p2a: Chimecho|Shadow Ball|p1a: Lilligant\n|-damage|p1a: Lilligant|39\/252 tox\n|\n|-heal|p1a: Lilligant|54\/252 tox|[from] item: Leftovers\n|-heal|p2a: Chimecho|101\/260|[from] item: Leftovers\n|-damage|p1a: Lilligant|39\/252 tox|[from] psn\n|upkeep\n|turn|23\n|\n|move|p1a: Lilligant|Sleep Powder|p2a: Chimecho|[miss]\n|-miss|p1a: Lilligant|p2a: Chimecho\n|move|p2a: Chimecho|Psychic|p1a: Lilligant\n|-damage|p1a: Lilligant|0 fnt\n|faint|p1a: Lilligant\n|\n|-heal|p2a: Chimecho|117\/260|[from] item: Leftovers\n|upkeep\n|\n|switch|p1a: Thundurus|Thundurus, L76, M|245\/245\n|turn|24\n|\n|move|p1a: Thundurus|Nasty Plot|p1a: Thundurus\n|-boost|p1a: Thundurus|spa|2\n|move|p2a: Chimecho|Psychic|p1a: Thundurus\n|-damage|p1a: Thundurus|38\/245\n|\n|-heal|p2a: Chimecho|133\/260|[from] item: Leftovers\n|upkeep\n|turn|25\n|\n|move|p1a: Thundurus|Thunderbolt|p2a: Chimecho\n|-damage|p2a: Chimecho|16\/260\n|-status|p2a: Chimecho|par\n|-damage|p1a: Thundurus|14\/245|[from] item: Life Orb\n|cant|p2a: Chimecho|par\n|\n|-heal|p2a: Chimecho|32\/260 par|[from] item: Leftovers\n|upkeep\n|turn|26\n|\n|move|p1a: Thundurus|Nasty Plot|p1a: Thundurus\n|-boost|p1a: Thundurus|spa|2\n|move|p2a: Chimecho|Shadow Ball|p1a: Thundurus\n|-damage|p1a: Thundurus|0 fnt\n|faint|p1a: Thundurus\n|\n|-heal|p2a: Chimecho|48\/260 par|[from] item: Leftovers\n|upkeep\n|\n|switch|p1a: Scrafty|Scrafty, L81, M|19\/238\n|-ability|p1a: Scrafty|Intimidate|boost\n|-unboost|p2a: Chimecho|atk|1\n|turn|27\n|\n|move|p1a: Scrafty|Rest|p1a: Scrafty\n|-status|p1a: Scrafty|slp\n|-heal|p1a: Scrafty|238\/238 slp|[silent]\n|-status|p1a: Scrafty|slp|[from] move: Rest\n|-enditem|p1a: Scrafty|Chesto Berry|[eat]\n|-curestatus|p1a: Scrafty|slp|[msg]\n|cant|p2a: Chimecho|par\n|\n|-heal|p2a: Chimecho|64\/260 par|[from] item: Leftovers\n|upkeep\n|turn|28\n|\n|switch|p2a: Manectric|Manectric-Mega, L77, M|183\/234\n|-damage|p2a: Manectric|154\/234|[from] Stealth Rock\n|-ability|p2a: Manectric|Intimidate|boost\n|-unboost|p1a: Scrafty|atk|1\n|move|p1a: Scrafty|Bulk Up|p1a: Scrafty\n|-boost|p1a: Scrafty|atk|1\n|-boost|p1a: Scrafty|def|1\n|\n|upkeep\n|turn|29\n|\n|move|p2a: Manectric|Thunderbolt|p1a: Scrafty\n|-damage|p1a: Scrafty|156\/238\n|move|p1a: Scrafty|Drain Punch|p2a: Manectric\n|-damage|p2a: Manectric|73\/234\n|-heal|p1a: Scrafty|197\/238|[from] drain|[of] p2a: Manectric\n|\n|upkeep\n|turn|30\n|\n|move|p2a: Manectric|Volt Switch|p1a: Scrafty\n|-damage|p1a: Scrafty|124\/238\n|\n|switch|p2a: Chimecho|Chimecho, L83, M|64\/260 par|[from]move: Volt Switch\n|-damage|p2a: Chimecho|32\/260 par|[from] Stealth Rock\n|move|p1a: Scrafty|Drain Punch|p2a: Chimecho\n|-resisted|p2a: Chimecho\n|-damage|p2a: Chimecho|0 fnt\n|-heal|p1a: Scrafty|140\/238|[from] drain|[of] p2a: Chimecho\n|faint|p2a: Chimecho\n|\n|upkeep\n|\n|switch|p2a: Kyurem|Kyurem, L78|323\/323\n|-damage|p2a: Kyurem|243\/323|[from] Stealth Rock\n|-ability|p2a: Kyurem|Pressure\n|turn|31\n|\n|move|p2a: Kyurem|Draco Meteor|p1a: Scrafty\n|-damage|p1a: Scrafty|7\/238\n|-unboost|p2a: Kyurem|spa|2\n|move|p1a: Scrafty|Drain Punch|p2a: Kyurem\n|-supereffective|p2a: Kyurem\n|-damage|p2a: Kyurem|91\/323\n|-heal|p1a: Scrafty|83\/238|[from] drain|[of] p2a: Kyurem\n|\n|-heal|p2a: Kyurem|111\/323|[from] item: Leftovers\n|upkeep\n|turn|32\n|\n|switch|p2a: Manectric|Manectric-Mega, L77, M|73\/234\n|-damage|p2a: Manectric|44\/234|[from] Stealth Rock\n|-ability|p2a: Manectric|Intimidate|boost\n|-unboost|p1a: Scrafty|atk|1\n|move|p1a: Scrafty|Rest|p1a: Scrafty\n|-status|p1a: Scrafty|slp\n|-heal|p1a: Scrafty|238\/238 slp|[silent]\n|-status|p1a: Scrafty|slp|[from] move: Rest\n|\n|upkeep\n|turn|33\n|\n|move|p2a: Manectric|Volt Switch|p1a: Scrafty\n|-damage|p1a: Scrafty|166\/238 slp\n|\n|switch|p2a: Spinda|Spinda, L83, F|235\/235|[from]move: Volt Switch\n|-damage|p2a: Spinda|206\/235|[from] Stealth Rock\n|cant|p1a: Scrafty|slp\n|\n|upkeep\n|turn|34\n|\n|cant|p1a: Scrafty|slp\n|move|p2a: Spinda|Superpower|p1a: Scrafty\n|-supereffective|p1a: Scrafty\n|-damage|p1a: Scrafty|85\/238 slp\n|-boost|p2a: Spinda|atk|1\n|-boost|p2a: Spinda|def|1\n|-damage|p2a: Spinda|183\/235|[from] item: Life Orb\n|\n|upkeep\n|turn|35\n|inactive|wolfwarrior has 120 seconds left.\n|\n|switch|p2a: Manectric|Manectric-Mega, L77, M|44\/234\n|-damage|p2a: Manectric|15\/234|[from] Stealth Rock\n|-ability|p2a: Manectric|Intimidate|boost\n|-unboost|p1a: Scrafty|atk|1\n|-curestatus|p1a: Scrafty|slp|[msg]\n|move|p1a: Scrafty|Bulk Up|p1a: Scrafty\n|-boost|p1a: Scrafty|atk|1\n|-boost|p1a: Scrafty|def|1\n|\n|upkeep\n|turn|36\n|\n|move|p2a: Manectric|Thunderbolt|p1a: Scrafty\n|-damage|p1a: Scrafty|0 fnt\n|faint|p1a: Scrafty\n|\n|win|RoseZen\n|l|\u2606wolfwarrior\n","inputlog":">version dc92d302d73fe38280560fccaee55a5802f1bb9d\n>start {\"formatid\":\"gen7randombattle\",\"seed\":[37799,10462,32495,32740],\"rated\":\"Rated battle\"}\n>player p1 {\"name\":\"wolfwarrior\",\"avatar\":\"163\",\"team\":\"\"}\n>player p2 {\"name\":\"RoseZen\",\"avatar\":\"204\",\"team\":\"\"}\n>p1 move sacredfire\n>p2 move voltswitch mega\n>p2 switch 5\n>p1 switch 3\n>p2 move toxic\n>p1 move sleeppowder\n>p2 switch 4\n>p1 switch 2\n>p2 switch 2\n>p1 move knockoff\n>p2 switch 5\n>p1 switch 5\n>p2 move voltswitch\n>p2 switch 5\n>p1 move gunkshot\n>p2 move fireblast\n>p1 move toxicspikes\n>p2 move psyshock\n>p1 switch 5\n>p1 move bulkup\n>p2 move fireblast\n>p1 move knockoff\n>p2 move fireblast\n>p2 switch 5\n>p1 move bulkup\n>p2 move thunderbolt\n>p1 switch 2\n>p2 move thunderbolt\n>p1 switch 4\n>p2 move overheat\n>p1 move stealthrock\n>p2 move voltswitch\n>p2 switch 4\n>p1 move solarbeam\n>p2 move toxic\n>p2 switch 3\n>p1 move fireblast\n>p2 move calmmind\n>p1 move fireblast\n>p2 move calmmind\n>p1 move fireblast\n>p2 move healbell\n>p1 move yawn\n>p2 move psychic\n>p1 switch 3\n>p1 move stompingtantrum\n>p2 move psychic\n>p1 switch 6\n>p1 switch 2\n>p2 move psychic\n>p1 switch 4\n>p2 move shadowball\n>p1 move sleeppowder\n>p2 move psychic\n>p1 switch 2\n>p1 move nastyplot\n>p2 move psychic\n>p1 move thunderbolt\n>p2 move psychic\n>p1 move nastyplot\n>p2 move shadowball\n>p1 switch 4\n>p1 move rest\n>p2 move shadowball\n>p1 move bulkup\n>p2 switch 4\n>p1 move drainpunch\n>p2 move thunderbolt\n>p1 move drainpunch\n>p2 move voltswitch\n>p2 switch 4\n>p2 switch 6\n>p1 move drainpunch\n>p2 move dracometeor\n>p1 move rest\n>p2 switch 4\n>p1 move drainpunch\n>p2 move voltswitch\n>p2 switch 2\n>p1 move drainpunch\n>p2 move superpower\n>p1 move bulkup\n>p2 switch 2\n>p1 move drainpunch\n>p2 move thunderbolt","uploadtime":1540054748,"views":3,"p1id":"wolfwarrior","p2id":"rosezen","formatid":"gen7randombattle","rating":0,"private":0,"password":null}