{"id":"gen7ou-758651000","p1":"BigL91","p2":"BanDisnDatnMe","format":"gen7ou","log":"|j|\u2606BigL91\n|j|\u2606BanDisnDatnMe\n|player|p1|BigL91|135\n|player|p2|BanDisnDatnMe|158\n|teamsize|p1|6\n|teamsize|p2|6\n|gametype|singles\n|gen|7\n|tier|[Gen 7] OU\n|rated|\n|rule|Sleep Clause Mod: Limit one foe put to sleep\n|rule|Species Clause: Limit one of each Pok\u00e9mon\n|rule|OHKO Clause: OHKO moves are banned\n|rule|Moody Clause: Moody is banned\n|rule|Evasion Moves Clause: Evasion moves are banned\n|rule|Endless Battle Clause: Forcing endless battles is banned\n|rule|HP Percentage Mod: HP is shown in percentages\n|clearpoke\n|poke|p1|Excadrill, M|item\n|poke|p1|Tapu Koko|item\n|poke|p1|Kartana|item\n|poke|p1|Charizard, M|item\n|poke|p1|Zygarde|item\n|poke|p1|Magearna|item\n|poke|p2|Aerodactyl, M|item\n|poke|p2|Staraptor, M|item\n|poke|p2|Tapu Koko|item\n|poke|p2|Espeon, F|item\n|poke|p2|Victini|item\n|poke|p2|Krookodile, F|item\n|teampreview\n|inactive|Battle timer is ON: inactive players will automatically lose when time's up. (requested by BanDisnDatnMe)\n|inactive|BigL91 has 135 seconds left.\n|\n|start\n|switch|p1a: Tapu Koko|Tapu Koko|100\/100\n|switch|p2a: Aerodactyl|Aerodactyl, M|100\/100\n|-ability|p2a: Aerodactyl|Unnerve|p1: BigL91\n|-fieldstart|move: Electric Terrain|[from] ability: Electric Surge|[of] p1a: Tapu Koko\n|turn|1\n|\n|move|p1a: Tapu Koko|U-turn|p2a: Aerodactyl\n|-resisted|p2a: Aerodactyl\n|-damage|p2a: Aerodactyl|87\/100\n|\n|switch|p1a: Zygarde|Zygarde|100\/100\n|-ability|p1a: Zygarde|Aura Break\n|move|p2a: Aerodactyl|Stealth Rock|p1a: Zygarde\n|-sidestart|p1: BigL91|move: Stealth Rock\n|\n|upkeep\n|turn|2\n|\n|move|p2a: Aerodactyl|Taunt|p1a: Zygarde\n|-start|p1a: Zygarde|move: Taunt\n|move|p1a: Zygarde|Thousand Arrows|p2a: Aerodactyl\n|-damage|p2a: Aerodactyl|3\/100\n|-start|p2a: Aerodactyl|Smack Down\n|\n|upkeep\n|turn|3\n|\n|move|p1a: Zygarde|Thousand Arrows|p2a: Aerodactyl\n|-supereffective|p2a: Aerodactyl\n|-damage|p2a: Aerodactyl|0 fnt\n|faint|p2a: Aerodactyl\n|\n|upkeep\n|\n|switch|p2a: Victini|Victini|100\/100\n|turn|4\n|\n|move|p2a: Victini|Final Gambit|p1a: Zygarde\n|-damage|p1a: Zygarde|0 fnt\n|faint|p2a: Victini\n|faint|p1a: Zygarde\n|\n|upkeep\n|\n|switch|p2a: Staraptor|Staraptor, M|100\/100\n|switch|p1a: Tapu Koko|Tapu Koko|100\/100\n|-damage|p1a: Tapu Koko|88\/100|[from] Stealth Rock\n|turn|5\n|\n|move|p2a: Staraptor|Final Gambit|p1a: Tapu Koko\n|-damage|p1a: Tapu Koko|0 fnt\n|faint|p2a: Staraptor\n|faint|p1a: Tapu Koko\n|\n|-fieldend|move: Electric Terrain\n|upkeep\n|inactive|BigL91 has 135 seconds left.\n|\n|switch|p1a: Excadrill|Excadrill, M|100\/100\n|switch|p2a: Tapu Koko|Tapu Koko|100\/100\n|-fieldstart|move: Electric Terrain|[from] ability: Electric Surge|[of] p2a: Tapu Koko\n|-damage|p1a: Excadrill|97\/100|[from] Stealth Rock\n|-ability|p1a: Excadrill|Mold Breaker\n|turn|6\n|\n|move|p2a: Tapu Koko|Reflect|p2a: Tapu Koko\n|-sidestart|p2: BanDisnDatnMe|Reflect\n|move|p1a: Excadrill|Rapid Spin|p2a: Tapu Koko\n|-damage|p2a: Tapu Koko|97\/100\n|-sideend|p1: BigL91|Stealth Rock|[from] move: Rapid Spin|[of] p1a: Excadrill\n|\n|upkeep\n|turn|7\n|\n|move|p2a: Tapu Koko|Light Screen|p2a: Tapu Koko\n|-sidestart|p2: BanDisnDatnMe|move: Light Screen\n|move|p1a: Excadrill|Earthquake|p2a: Tapu Koko\n|-supereffective|p2a: Tapu Koko\n|-damage|p2a: Tapu Koko|33\/100\n|\n|upkeep\n|turn|8\n|\n|move|p2a: Tapu Koko|Safeguard|p2a: Tapu Koko\n|-sidestart|p2: BanDisnDatnMe|Safeguard\n|move|p1a: Excadrill|Earthquake|p2a: Tapu Koko\n|-supereffective|p2a: Tapu Koko\n|-damage|p2a: Tapu Koko|0 fnt\n|faint|p2a: Tapu Koko\n|\n|upkeep\n|\n|switch|p2a: Krookodile|Krookodile, F|100\/100\n|turn|9\n|\n|-zpower|p2a: Krookodile\n|move|p2a: Krookodile|Z-Snatch|p2a: Krookodile|[anim]Snatch\n|-boost|p2a: Krookodile|spe|2|[zeffect]\n|-singleturn|p2a: Krookodile|Snatch\n|move|p1a: Excadrill|Iron Head|p2a: Krookodile\n|-damage|p2a: Krookodile|80\/100\n|\n|upkeep\n|turn|10\n|inactive|BigL91 has 135 seconds left.\n|\n|move|p2a: Krookodile|Bulk Up|p2a: Krookodile\n|-boost|p2a: Krookodile|atk|1\n|-boost|p2a: Krookodile|def|1\n|move|p1a: Excadrill|Iron Head|p2a: Krookodile\n|-damage|p2a: Krookodile|66\/100\n|\n|-fieldend|move: Electric Terrain\n|upkeep\n|turn|11\n|inactive|BanDisnDatnMe has 135 seconds left.\n|\n|move|p2a: Krookodile|Earthquake|p1a: Excadrill\n|-supereffective|p1a: Excadrill\n|-damage|p1a: Excadrill|0 fnt\n|faint|p1a: Excadrill\n|-ability|p2a: Krookodile|Moxie|boost\n|-boost|p2a: Krookodile|atk|1\n|\n|upkeep\n|\n|switch|p1a: Charizard|Charizard, M|100\/100\n|turn|12\n|\n|detailschange|p1a: Charizard|Charizard-Mega-Y, M\n|-mega|p1a: Charizard|Charizard|Charizardite Y\n|-weather|SunnyDay|[from] ability: Drought|[of] p1a: Charizard\n|move|p2a: Krookodile|Power Trip|p1a: Charizard\n|-damage|p1a: Charizard|0 fnt\n|faint|p1a: Charizard\n|-ability|p2a: Krookodile|Moxie|boost\n|-boost|p2a: Krookodile|atk|1\n|\n|-weather|SunnyDay|[upkeep]\n|-sideend|p2: BanDisnDatnMe|Safeguard\n|upkeep\n|\n|switch|p1a: Magearna|Magearna|100\/100\n|turn|13\n|\n|move|p2a: Krookodile|Earthquake|p1a: Magearna\n|-supereffective|p1a: Magearna\n|-damage|p1a: Magearna|0 fnt\n|faint|p1a: Magearna\n|-ability|p2a: Krookodile|Moxie|boost\n|-boost|p2a: Krookodile|atk|1\n|\n|-weather|SunnyDay|[upkeep]\n|-sideend|p2: BanDisnDatnMe|Reflect\n|upkeep\n|\n|switch|p1a: Kikoupe|Kartana|100\/100\n|turn|14\n|\n|move|p2a: Krookodile|Power Trip|p1a: Kikoupe\n|-damage|p1a: Kikoupe|0 fnt\n|faint|p1a: Kikoupe\n|\n|win|BanDisnDatnMe\n|raw|BigL91's rating: 1543 &rarr; <strong>1525<\/strong><br \/>(-18 for losing)\n|raw|BanDisnDatnMe's rating: 1579 &rarr; <strong>1597<\/strong><br \/>(+18 for winning)\n|l|\u2606BigL91\n","inputlog":null,"uploadtime":1528317117,"views":43,"p1id":"bigl91","p2id":"bandisndatnme","formatid":"gen7ou","rating":1525,"private":0,"password":null}