{"id":"gen7ou-878390528","p1":"Omari P","p2":"CarlyBae","format":"gen7ou","log":"|j|\u2606Omari P\n|j|\u2606CarlyBae\n|player|p1|Omari P|194\n|player|p2|CarlyBae|138\n|teamsize|p1|6\n|teamsize|p2|6\n|gametype|singles\n|gen|7\n|tier|[Gen 7] OU\n|rated|\n|rule|Sleep Clause Mod: Limit one foe put to sleep\n|rule|Species Clause: Limit one of each Pok\u00e9mon\n|rule|OHKO Clause: OHKO moves are banned\n|rule|Moody Clause: Moody is banned\n|rule|Evasion Moves Clause: Evasion moves are banned\n|rule|Endless Battle Clause: Forcing endless battles is banned\n|rule|HP Percentage Mod: HP is shown in percentages\n|clearpoke\n|poke|p1|Hoopa|item\n|poke|p1|Celebi|item\n|poke|p1|Nidoking, M|item\n|poke|p1|Victini|item\n|poke|p1|Mandibuzz, F|item\n|poke|p1|Lopunny, F|item\n|poke|p2|Blacephalon|item\n|poke|p2|Landorus-Therian, M|item\n|poke|p2|Magearna|item\n|poke|p2|Kartana|item\n|poke|p2|Greninja, M|item\n|poke|p2|Medicham, M|item\n|teampreview\n|inactive|Battle timer is ON: inactive players will automatically lose when time's up. (requested by Omari P)\n|\n|start\n|switch|p1a: Omari P|Hoopa|100\/100\n|switch|p2a: Medicham|Medicham, M|100\/100\n|turn|1\n|\n|switch|p2a: Greninja|Greninja, M|100\/100\n|move|p1a: Omari P|Shadow Ball|p2a: Greninja\n|-resisted|p2a: Greninja\n|-damage|p2a: Greninja|62\/100\n|\n|upkeep\n|turn|2\n|\n|move|p2a: Greninja|Surf|p1a: Omari P\n|-damage|p1a: Omari P|45\/100\n|move|p1a: Omari P|Shadow Ball|p2a: Greninja\n|-resisted|p2a: Greninja\n|-damage|p2a: Greninja|27\/100\n|\n|upkeep\n|turn|3\n|\n|switch|p1a: Celebi|Celebi|100\/100\n|move|p2a: Greninja|Surf|p1a: Celebi\n|-resisted|p1a: Celebi\n|-damage|p1a: Celebi|71\/100\n|\n|upkeep\n|turn|4\n|\n|switch|p1a: Omari P|Hoopa|45\/100\n|switch|p2a: Blacephalon|Blacephalon|100\/100\n|\n|upkeep\n|turn|5\n|\n|switch|p1a: Mandibuzz|Mandibuzz, F|100\/100\n|move|p2a: Blacephalon|Flamethrower|p1a: Mandibuzz\n|-damage|p1a: Mandibuzz|33\/100\n|\n|upkeep\n|turn|6\n|\n|switch|p1a: Victini|Victini|100\/100\n|move|p2a: Blacephalon|Flamethrower|p1a: Victini\n|-resisted|p1a: Victini\n|-damage|p1a: Victini|76\/100\n|\n|upkeep\n|turn|7\n|\n|switch|p2a: Landorus|Landorus-Therian, M|100\/100\n|-ability|p2a: Landorus|Intimidate|boost\n|-unboost|p1a: Victini|atk|1\n|move|p1a: Victini|Glaciate|p2a: Landorus\n|-supereffective|p2a: Landorus\n|-damage|p2a: Landorus|39\/100\n|-unboost|p2a: Landorus|spe|1\n|\n|upkeep\n|turn|8\n|\n|move|p1a: Victini|Glaciate|p2a: Landorus\n|-supereffective|p2a: Landorus\n|-damage|p2a: Landorus|0 fnt\n|faint|p2a: Landorus\n|\n|upkeep\n|\n|switch|p2a: Greninja|Greninja, M|27\/100\n|turn|9\n|\n|switch|p1a: Mandibuzz|Mandibuzz, F|33\/100\n|move|p2a: Greninja|Dark Pulse|p1a: Mandibuzz\n|-resisted|p1a: Mandibuzz\n|-damage|p1a: Mandibuzz|11\/100\n|\n|upkeep\n|turn|10\n|\n|move|p2a: Greninja|Dark Pulse|p1a: Mandibuzz\n|-resisted|p1a: Mandibuzz\n|-damage|p1a: Mandibuzz|0 fnt\n|faint|p1a: Mandibuzz\n|-activate|p2a: Greninja|ability: Battle Bond\n|detailschange|p2a: Greninja|Greninja-Ash, M\n|\n|upkeep\n|\n|switch|p1a: Lopunny|Lopunny, F, shiny|100\/100\n|turn|11\n|\n|switch|p2a: Magearna|Magearna|100\/100\n|detailschange|p1a: Lopunny|Lopunny-Mega, F, shiny\n|-mega|p1a: Lopunny|Lopunny|Lopunnite\n|move|p1a: Lopunny|Retaliate|p2a: Magearna\n|-resisted|p2a: Magearna\n|-damage|p2a: Magearna|72\/100\n|\n|-heal|p2a: Magearna|78\/100|[from] item: Leftovers\n|upkeep\n|turn|12\n|\n|switch|p1a: Victini|Victini|76\/100\n|move|p2a: Magearna|Fleur Cannon|p1a: Victini\n|-resisted|p1a: Victini\n|-damage|p1a: Victini|56\/100\n|-unboost|p2a: Magearna|spa|2\n|\n|-heal|p2a: Magearna|84\/100|[from] item: Leftovers\n|upkeep\n|turn|13\n|\n|switch|p2a: Blacephalon|Blacephalon|100\/100\n|move|p1a: Victini|V-create|p2a: Blacephalon\n|-resisted|p2a: Blacephalon\n|-damage|p2a: Blacephalon|13\/100\n|-unboost|p1a: Victini|spe|1\n|-unboost|p1a: Victini|def|1\n|-unboost|p1a: Victini|spd|1\n|\n|upkeep\n|turn|14\n|\n|switch|p1a: Omari P|Hoopa|45\/100\n|move|p2a: Blacephalon|Flamethrower|p1a: Omari P\n|-damage|p1a: Omari P|0 fnt\n|faint|p1a: Omari P\n|-ability|p2a: Blacephalon|Beast Boost|boost\n|-boost|p2a: Blacephalon|spa|1\n|\n|upkeep\n|\n|switch|p1a: Celebi|Celebi|71\/100\n|turn|15\n|\n|switch|p2a: Magearna|Magearna|84\/100\n|move|p1a: Celebi|Earth Power|p2a: Magearna\n|-supereffective|p2a: Magearna\n|-damage|p2a: Magearna|54\/100\n|\n|-heal|p2a: Magearna|60\/100|[from] item: Leftovers\n|upkeep\n|turn|16\n|\n|switch|p2a: Medicham|Medicham, M|100\/100\n|move|p1a: Celebi|Earth Power|p2a: Medicham\n|-damage|p2a: Medicham|58\/100\n|\n|upkeep\n|turn|17\n|\n|switch|p1a: Victini|Victini|56\/100\n|detailschange|p2a: Medicham|Medicham-Mega, M\n|-mega|p2a: Medicham|Medicham|Medichamite\n|move|p2a: Medicham|Fake Out|p1a: Victini\n|-damage|p1a: Victini|30\/100\n|\n|upkeep\n|turn|18\n|\n|move|p2a: Medicham|High Jump Kick|p1a: Victini\n|-resisted|p1a: Victini\n|-damage|p1a: Victini|0 fnt\n|faint|p1a: Victini\n|\n|upkeep\n|\n|switch|p1a: Lopunny|Lopunny-Mega, F, shiny|100\/100\n|turn|19\n|\n|switch|p2a: Magearna|Magearna|60\/100\n|move|p1a: Lopunny|Retaliate|p2a: Magearna\n|-resisted|p2a: Magearna\n|-damage|p2a: Magearna|27\/100\n|\n|-heal|p2a: Magearna|33\/100|[from] item: Leftovers\n|upkeep\n|turn|20\n|\n|move|p1a: Lopunny|High Jump Kick|p2a: Magearna\n|-damage|p2a: Magearna|0 fnt\n|faint|p2a: Magearna\n|\n|upkeep\n|\n|switch|p2a: Medicham|Medicham-Mega, M|58\/100\n|turn|21\n|\n|switch|p1a: Celebi|Celebi|71\/100\n|move|p2a: Medicham|Fake Out|p1a: Celebi\n|-damage|p1a: Celebi|47\/100\n|\n|upkeep\n|turn|22\n|\n|move|p1a: Celebi|Leaf Storm|p2a: Medicham|[miss]\n|-miss|p1a: Celebi|p2a: Medicham\n|move|p2a: Medicham|Zen Headbutt|p1a: Celebi|[miss]\n|-miss|p2a: Medicham|p1a: Celebi\n|\n|upkeep\n|turn|23\n|\n|switch|p2a: Kartana|Kartana|100\/100\n|move|p1a: Celebi|Leaf Storm|p2a: Kartana\n|-resisted|p2a: Kartana\n|-damage|p2a: Kartana|60\/100\n|-unboost|p1a: Celebi|spa|2\n|\n|upkeep\n|turn|24\n|\n|move|p2a: Kartana|Smart Strike|p1a: Celebi\n|-damage|p1a: Celebi|0 fnt\n|faint|p1a: Celebi\n|-ability|p2a: Kartana|Beast Boost|boost\n|-boost|p2a: Kartana|atk|1\n|\n|upkeep\n|\n|switch|p1a: Nidoking|Nidoking, M|100\/100\n|turn|25\n|\n|switch|p2a: Blacephalon|Blacephalon|13\/100\n|move|p1a: Nidoking|Earth Power|p2a: Blacephalon\n|-supereffective|p2a: Blacephalon\n|-damage|p2a: Blacephalon|0 fnt\n|faint|p2a: Blacephalon\n|\n|upkeep\n|\n|switch|p2a: Greninja|Greninja-Ash, M|27\/100\n|turn|26\n|\n|move|p2a: Greninja|Water Shuriken|p1a: Nidoking\n|-supereffective|p1a: Nidoking\n|-damage|p1a: Nidoking|51\/100\n|-supereffective|p1a: Nidoking\n|-damage|p1a: Nidoking|1\/100\n|-supereffective|p1a: Nidoking\n|-damage|p1a: Nidoking|0 fnt\n|-hitcount|p1a: Nidoking|3\n|faint|p1a: Nidoking\n|\n|upkeep\n|\n|switch|p1a: Lopunny|Lopunny-Mega, F, shiny|100\/100\n|turn|27\n|\n|move|p2a: Greninja|Water Shuriken|p1a: Lopunny\n|-damage|p1a: Lopunny|79\/100\n|-damage|p1a: Lopunny|55\/100\n|-damage|p1a: Lopunny|30\/100\n|-hitcount|p1a: Lopunny|3\n|move|p1a: Lopunny|Power-Up Punch|p2a: Greninja\n|-supereffective|p2a: Greninja\n|-damage|p2a: Greninja|0 fnt\n|-boost|p1a: Lopunny|atk|1\n|faint|p2a: Greninja\n|\n|upkeep\n|\n|switch|p2a: Medicham|Medicham-Mega, M|58\/100\n|turn|28\n|\n|move|p2a: Medicham|Fake Out|p1a: Lopunny\n|-damage|p1a: Lopunny|2\/100\n|cant|p1a: Lopunny|flinch\n|\n|upkeep\n|turn|29\n|\n|move|p2a: Medicham|Bullet Punch|p1a: Lopunny\n|-damage|p1a: Lopunny|0 fnt\n|faint|p1a: Lopunny\n|\n|win|CarlyBae\n|c|\u2606CarlyBae|gg\n|raw|Omari P's rating: 1757 &rarr; <strong>1734<\/strong><br \/>(-23 for losing)\n|raw|CarlyBae's rating: 1696 &rarr; <strong>1719<\/strong><br \/>(+23 for winning)\n|l|\u2606Omari P\n","uploadtime":1552960891,"views":135,"p1id":"omarip","p2id":"carlybae","formatid":"gen7ou","rating":1719,"private":0,"password":null}