{"id":"gen7ou-1686786692","p1":"dracaufeu shiny","p2":"qwq114514","format":"gen7ou","log":"|j|\u2606dracaufeu shiny\n|j|\u2606qwq114514\n|t:|1665882267\n|gametype|singles\n|player|p1|dracaufeu shiny|red|1458\n|player|p2|qwq114514|winona|1335\n|teamsize|p1|6\n|teamsize|p2|6\n|gen|7\n|tier|[Gen 7] OU\n|rated|\n|rule|Sleep Clause Mod: Limit one foe put to sleep\n|rule|Species Clause: Limit one of each Pok\u00e9mon\n|rule|OHKO Clause: OHKO moves are banned\n|rule|Moody Clause: Moody is banned\n|rule|Evasion Items Clause: Evasion items are banned\n|rule|Evasion Moves Clause: Evasion moves are banned\n|rule|Endless Battle Clause: Forcing endless battles is banned\n|rule|HP Percentage Mod: HP is shown in percentages\n|clearpoke\n|poke|p1|Shuckle, F|item\n|poke|p1|Kyurem-Black|item\n|poke|p1|Zeraora|item\n|poke|p1|Bisharp, M|item\n|poke|p1|Gyarados, F|item\n|poke|p1|Mimikyu, M|item\n|poke|p2|Diancie|item\n|poke|p2|Volcarona, F|item\n|poke|p2|Crawdaunt, M|item\n|poke|p2|Rotom-Wash|item\n|poke|p2|Landorus-Therian, M|item\n|poke|p2|Ferrothorn, M|item\n|teampreview\n|inactive|Battle timer is ON: inactive players will automatically lose when time's up. (requested by qwq114514)\n|\n|t:|1665882289\n|start\n|switch|p1a: Bisharp|Bisharp, M|100\/100\n|switch|p2a: Diancie|Diancie|100\/100\n|turn|1\n|\n|t:|1665882306\n|switch|p1a: Shuckle|Shuckle, F|100\/100\n|detailschange|p2a: Diancie|Diancie-Mega\n|-mega|p2a: Diancie|Diancie|Diancite\n|move|p2a: Diancie|Earth Power|p1a: Shuckle\n|-damage|p1a: Shuckle|79\/100\n|-unboost|p1a: Shuckle|spd|1\n|-enditem|p1a: Shuckle|Red Card|[of] p2a: Diancie\n|drag|p2a: Rotom|Rotom-Wash|100\/100\n|\n|upkeep\n|turn|2\n|\n|t:|1665882317\n|move|p2a: Rotom|Volt Switch|p1a: Shuckle\n|-damage|p1a: Shuckle|60\/100\n|\n|t:|1665882320\n|switch|p2a: Diancie|Diancie-Mega|100\/100|[from]move: Volt Switch\n|move|p1a: Shuckle|Sticky Web|p2a: Diancie\n|move|p2a: Diancie|Sticky Web|p1a: Shuckle|[from]ability: Magic Bounce\n|-sidestart|p1: dracaufeu shiny|move: Sticky Web\n|\n|upkeep\n|turn|3\n|\n|t:|1665882328\n|move|p2a: Diancie|Stealth Rock|p1a: Shuckle\n|-sidestart|p1: dracaufeu shiny|move: Stealth Rock\n|move|p1a: Shuckle|Encore|p2a: Diancie\n|move|p2a: Diancie|Encore||[from]ability: Magic Bounce|[still]\n|-fail|p2a: Diancie\n|\n|upkeep\n|turn|4\n|c|\u2606qwq114514|magic bounce bro\n|\n|t:|1665882352\n|move|p2a: Diancie|Moonblast|p1a: Shuckle\n|-damage|p1a: Shuckle|17\/100\n|move|p1a: Shuckle|Final Gambit|p2a: Diancie\n|-damage|p2a: Diancie|84\/100\n|faint|p1a: Shuckle\n|\n|upkeep\n|\n|t:|1665882362\n|switch|p1a: Mimikyu|Mimikyu, M|100\/100\n|-activate|p1a: Mimikyu|move: Sticky Web\n|-unboost|p1a: Mimikyu|spe|1\n|-damage|p1a: Mimikyu|88\/100|[from] Stealth Rock\n|turn|5\n|\n|t:|1665882369\n|move|p2a: Diancie|Moonblast|p1a: Mimikyu\n|-activate|p1a: Mimikyu|ability: Disguise\n|-damage|p1a: Mimikyu|88\/100\n|detailschange|p1a: Mimikyu|Mimikyu-Busted, M\n|move|p1a: Mimikyu|Play Rough|p2a: Diancie\n|-damage|p2a: Diancie|20\/100\n|-damage|p1a: Mimikyu|78\/100|[from] item: Life Orb\n|\n|upkeep\n|turn|6\n|\n|t:|1665882380\n|switch|p2a: Ferrothorn|Ferrothorn, M|100\/100\n|move|p1a: Mimikyu|Shadow Sneak|p2a: Ferrothorn\n|-damage|p2a: Ferrothorn|82\/100\n|-damage|p1a: Mimikyu|66\/100|[from] ability: Iron Barbs|[of] p2a: Ferrothorn\n|-damage|p1a: Mimikyu|56\/100|[from] item: Life Orb\n|\n|-heal|p2a: Ferrothorn|88\/100|[from] item: Leftovers\n|upkeep\n|turn|7\n|\n|t:|1665882388\n|move|p1a: Mimikyu|Shadow Claw|p2a: Ferrothorn\n|-damage|p2a: Ferrothorn|57\/100\n|-damage|p1a: Mimikyu|44\/100|[from] ability: Iron Barbs|[of] p2a: Ferrothorn\n|-damage|p1a: Mimikyu|34\/100|[from] item: Life Orb\n|move|p2a: Ferrothorn|Gyro Ball|p1a: Mimikyu\n|-supereffective|p1a: Mimikyu\n|-damage|p1a: Mimikyu|0 fnt\n|faint|p1a: Mimikyu\n|\n|-heal|p2a: Ferrothorn|63\/100|[from] item: Leftovers\n|upkeep\n|\n|t:|1665882392\n|switch|p1a: Gyarados|Gyarados, F|100\/100\n|-damage|p1a: Gyarados|76\/100|[from] Stealth Rock\n|-ability|p1a: Gyarados|Intimidate|boost\n|-unboost|p2a: Ferrothorn|atk|1\n|turn|8\n|\n|t:|1665882400\n|move|p1a: Gyarados|Substitute|p1a: Gyarados\n|-start|p1a: Gyarados|Substitute\n|-damage|p1a: Gyarados|51\/100\n|move|p2a: Ferrothorn|Leech Seed||[still]\n|-fail|p2a: Ferrothorn\n|\n|-heal|p2a: Ferrothorn|69\/100|[from] item: Leftovers\n|upkeep\n|turn|9\n|\n|t:|1665882412\n|move|p1a: Gyarados|Earthquake|p2a: Ferrothorn\n|-damage|p2a: Ferrothorn|41\/100\n|move|p2a: Ferrothorn|Power Whip|p1a: Gyarados|[miss]\n|-miss|p2a: Ferrothorn|p1a: Gyarados\n|\n|-heal|p2a: Ferrothorn|48\/100|[from] item: Leftovers\n|upkeep\n|turn|10\n|\n|t:|1665882420\n|switch|p2a: Landorus|Landorus-Therian, M|100\/100\n|-ability|p2a: Landorus|Intimidate|boost\n|-immune|p1a: Gyarados\n|detailschange|p1a: Gyarados|Gyarados-Mega, F\n|-mega|p1a: Gyarados|Gyarados|Gyaradosite\n|-ability|p1a: Gyarados|Mold Breaker\n|move|p1a: Gyarados|Earthquake|p2a: Landorus\n|-immune|p2a: Landorus\n|\n|upkeep\n|turn|11\n|\n|t:|1665882430\n|move|p2a: Landorus|Stone Edge|p1a: Gyarados\n|-end|p1a: Gyarados|Substitute\n|move|p1a: Gyarados|Dragon Dance|p1a: Gyarados\n|-boost|p1a: Gyarados|atk|1\n|-boost|p1a: Gyarados|spe|1\n|\n|upkeep\n|turn|12\n|\n|t:|1665882437\n|switch|p2a: Rotom|Rotom-Wash|100\/100\n|move|p1a: Gyarados|Crunch|p2a: Rotom\n|-damage|p2a: Rotom|42\/100\n|\n|upkeep\n|turn|13\n|\n|t:|1665882443\n|switch|p2a: Landorus|Landorus-Therian, M|100\/100\n|-ability|p2a: Landorus|Intimidate|boost\n|-unboost|p1a: Gyarados|atk|1\n|move|p1a: Gyarados|Crunch|p2a: Landorus\n|-damage|p2a: Landorus|50\/100\n|-unboost|p2a: Landorus|def|1\n|\n|upkeep\n|turn|14\n|\n|t:|1665882451\n|move|p2a: Landorus|U-turn|p1a: Gyarados\n|-supereffective|p1a: Gyarados\n|-damage|p1a: Gyarados|3\/100\n|\n|t:|1665882454\n|switch|p2a: Ferrothorn|Ferrothorn, M|48\/100|[from]move: U-turn\n|move|p1a: Gyarados|Substitute|p1a: Gyarados\n|-fail|p1a: Gyarados|move: Substitute|[weak]\n|\n|-heal|p2a: Ferrothorn|54\/100|[from] item: Leftovers\n|upkeep\n|turn|15\n|\n|t:|1665882460\n|move|p1a: Gyarados|Earthquake|p2a: Ferrothorn\n|-damage|p2a: Ferrothorn|24\/100\n|move|p2a: Ferrothorn|Spikes|p1a: Gyarados\n|-sidestart|p1: dracaufeu shiny|Spikes\n|\n|-heal|p2a: Ferrothorn|31\/100|[from] item: Leftovers\n|upkeep\n|turn|16\n|\n|t:|1665882467\n|move|p1a: Gyarados|Dragon Dance|p1a: Gyarados\n|-boost|p1a: Gyarados|atk|1\n|-boost|p1a: Gyarados|spe|1\n|move|p2a: Ferrothorn|Spikes|p1a: Gyarados\n|-sidestart|p1: dracaufeu shiny|Spikes\n|\n|-heal|p2a: Ferrothorn|37\/100|[from] item: Leftovers\n|upkeep\n|turn|17\n|\n|t:|1665882472\n|move|p1a: Gyarados|Earthquake|p2a: Ferrothorn\n|-damage|p2a: Ferrothorn|0 fnt\n|faint|p2a: Ferrothorn\n|\n|upkeep\n|\n|t:|1665882475\n|switch|p2a: Crawdaunt|Crawdaunt, M|100\/100\n|turn|18\n|\n|t:|1665882481\n|move|p2a: Crawdaunt|Aqua Jet|p1a: Gyarados\n|-resisted|p1a: Gyarados\n|-damage|p1a: Gyarados|0 fnt\n|faint|p1a: Gyarados\n|\n|upkeep\n|-message|dracaufeu shiny forfeited.\n|\n|win|qwq114514\n|raw|dracaufeu shiny's rating: 1458 &rarr; <strong>1431<\/strong><br \/>(-27 for losing)\n|raw|qwq114514's rating: 1335 &rarr; <strong>1362<\/strong><br \/>(+27 for winning)\n|l|\u2606dracaufeu shiny\n","uploadtime":1665882499,"views":10,"p1id":"dracaufeushiny","p2id":"qwq114514","formatid":"gen7ou","rating":1362,"private":0,"password":null}