{"id":"gen7ubers-1518658883","p1":"Xasah\u2764\ufe0eBae","p2":"Max Natsume","format":"gen7ubers","log":"|j|\u2606Xasah\u2764\ufe0eBae\n|j|\u2606Max Natsume\n|inactive|Battle timer is ON: inactive players will automatically lose when time's up.\n|t:|1645808908\n|gametype|singles\n|player|p1|Xasah\u2764\ufe0eBae|beauty-gen7|\n|player|p2|Max Natsume|psychic-gen4|\n|teamsize|p1|6\n|teamsize|p2|6\n|gen|7\n|tier|[Gen 7] Ubers\n|rated|Tournament battle\n|rule|Sleep Clause Mod: Limit one foe put to sleep\n|rule|Species Clause: Limit one of each Pok\u00e9mon\n|rule|OHKO Clause: OHKO moves are banned\n|rule|Moody Clause: Moody is banned\n|rule|Evasion Moves Clause: Evasion moves are banned\n|rule|Endless Battle Clause: Forcing endless battles is banned\n|rule|HP Percentage Mod: HP is shown in percentages\n|rule|Mega Rayquaza Clause: You cannot mega evolve Rayquaza\n|clearpoke\n|poke|p1|Greninja, M|item\n|poke|p1|Salamence, M|item\n|poke|p1|Groudon|item\n|poke|p1|Arceus-*|item\n|poke|p1|Xerneas|item\n|poke|p1|Naganadel|item\n|poke|p2|Mewtwo|item\n|poke|p2|Groudon|item\n|poke|p2|Necrozma-Dusk-Mane|item\n|poke|p2|Arceus-*|item\n|poke|p2|Yveltal|item\n|poke|p2|Xerneas|item\n|teampreview\n|j|*Lady Monita \u2744\n|j| neckbeard007\n|\n|t:|1645808926\n|start\n|switch|p1a: Greninja|Greninja, M|100\/100\n|switch|p2a: Groudon|Groudon|100\/100\n|detailschange|p2a: Groudon|Groudon-Primal\n|-primal|p2a: Groudon\n|-weather|DesolateLand|[from] ability: Desolate Land|[of] p2a: Groudon\n|turn|1\n|\n|t:|1645808938\n|move|p1a: Greninja|Taunt|p2a: Groudon\n|-start|p2a: Groudon|move: Taunt\n|cant|p2a: Groudon|move: Taunt|Stealth Rock\n|\n|-weather|DesolateLand|[upkeep]\n|upkeep\n|turn|2\n|\n|t:|1645808944\n|move|p1a: Greninja|Spikes|p2a: Groudon\n|-sidestart|p2: Max Natsume|Spikes\n|move|p2a: Groudon|Overheat|p1a: Greninja\n|-resisted|p1a: Greninja\n|-damage|p1a: Greninja|27\/100\n|-unboost|p2a: Groudon|spa|2\n|\n|-weather|DesolateLand|[upkeep]\n|upkeep\n|turn|3\n|\n|t:|1645808951\n|move|p1a: Greninja|Dark Pulse|p2a: Groudon\n|-damage|p2a: Groudon|72\/100\n|cant|p2a: Groudon|flinch\n|\n|-weather|DesolateLand|[upkeep]\n|-end|p2a: Groudon|move: Taunt\n|upkeep\n|turn|4\n|\n|t:|1645808957\n|move|p1a: Greninja|Taunt|p2a: Groudon\n|-start|p2a: Groudon|move: Taunt\n|move|p2a: Groudon|Precipice Blades|p1a: Greninja\n|-damage|p1a: Greninja|0 fnt\n|faint|p1a: Greninja\n|\n|-weather|DesolateLand|[upkeep]\n|upkeep\n|j| DEADMAN BOB\n|\n|t:|1645808973\n|switch|p1a: Salamence|Salamence, M|100\/100\n|-ability|p1a: Salamence|Intimidate|boost\n|-unboost|p2a: Groudon|atk|1\n|turn|5\n|\n|t:|1645808984\n|-weather|none\n|switch|p2a: Yveltal|Yveltal|100\/100\n|-ability|p2a: Yveltal|Dark Aura\n|detailschange|p1a: Salamence|Salamence-Mega, M\n|-mega|p1a: Salamence|Salamence|Salamencite\n|move|p1a: Salamence|Dragon Dance|p1a: Salamence\n|-boost|p1a: Salamence|atk|1\n|-boost|p1a: Salamence|spe|1\n|\n|upkeep\n|turn|6\n|\n|t:|1645808993\n|move|p1a: Salamence|Double-Edge|p2a: Yveltal\n|-damage|p2a: Yveltal|24\/100\n|-damage|p1a: Salamence|67\/100|[from] Recoil\n|move|p2a: Yveltal|Foul Play|p1a: Salamence\n|-damage|p1a: Salamence|0 fnt\n|faint|p1a: Salamence\n|\n|-heal|p2a: Yveltal|30\/100|[from] item: Leftovers\n|upkeep\n|\n|t:|1645809010\n|switch|p1a: Naganadel|Naganadel|100\/100\n|turn|7\n|\n|t:|1645809024\n|switch|p2a: Arceus|Arceus-Ground|100\/100\n|-damage|p2a: Arceus|88\/100|[from] Spikes\n|move|p1a: Naganadel|Sludge Wave|p2a: Arceus\n|-resisted|p2a: Arceus\n|-damage|p2a: Arceus|73\/100\n|\n|upkeep\n|turn|8\n|\n|t:|1645809034\n|-zpower|p1a: Naganadel\n|move|p1a: Naganadel|Devastating Drake|p2a: Arceus|[zeffect]\n|-damage|p2a: Arceus|2\/100\n|move|p2a: Arceus|Judgment|p1a: Naganadel\n|-supereffective|p1a: Naganadel\n|-damage|p1a: Naganadel|0 fnt\n|faint|p1a: Naganadel\n|\n|upkeep\n|\n|t:|1645809043\n|switch|p1a: Arceus|Arceus|100\/100\n|turn|9\n|\n|t:|1645809049\n|move|p1a: Arceus|Extreme Speed|p2a: Arceus\n|-damage|p2a: Arceus|0 fnt\n|faint|p2a: Arceus\n|\n|upkeep\n|\n|t:|1645809053\n|switch|p2a: Necrozma|Necrozma-Dusk-Mane|100\/100\n|-damage|p2a: Necrozma|88\/100|[from] Spikes\n|turn|10\n|\n|t:|1645809060\n|move|p1a: Arceus|Swords Dance|p1a: Arceus\n|-boost|p1a: Arceus|atk|2\n|-zpower|p2a: Necrozma\n|move|p2a: Necrozma|Searing Sunraze Smash|p1a: Arceus|[zeffect]\n|-damage|p1a: Arceus|31\/100\n|\n|upkeep\n|turn|11\n|\n|t:|1645809072\n|move|p1a: Arceus|Shadow Claw|p2a: Necrozma\n|-supereffective|p2a: Necrozma\n|-damage|p2a: Necrozma|39\/100\n|move|p2a: Necrozma|Earthquake|p1a: Arceus\n|-damage|p1a: Arceus|9\/100\n|\n|upkeep\n|turn|12\n|\n|t:|1645809079\n|move|p1a: Arceus|Shadow Claw|p2a: Necrozma\n|-supereffective|p2a: Necrozma\n|-crit|p2a: Necrozma\n|-damage|p2a: Necrozma|0 fnt\n|faint|p2a: Necrozma\n|\n|upkeep\n|\n|t:|1645809085\n|switch|p2a: Groudon|Groudon-Primal|72\/100\n|-damage|p2a: Groudon|60\/100|[from] Spikes\n|-weather|DesolateLand|[from] ability: Desolate Land|[of] p2a: Groudon\n|turn|13\n|inactive|Xasah\u2764\ufe0eBae has 120 seconds left.\n|\n|t:|1645809118\n|move|p1a: Arceus|Extreme Speed|p2a: Groudon\n|-damage|p2a: Groudon|15\/100\n|move|p2a: Groudon|Precipice Blades|p1a: Arceus|[miss]\n|-miss|p2a: Groudon|p1a: Arceus\n|\n|-weather|DesolateLand|[upkeep]\n|upkeep\n|turn|14\n|\n|t:|1645809128\n|move|p1a: Arceus|Extreme Speed|p2a: Groudon\n|-damage|p2a: Groudon|0 fnt\n|faint|p2a: Groudon\n|-weather|none\n|\n|upkeep\n|\n|t:|1645809135\n|switch|p2a: Xerneas|Xerneas|100\/100\n|-damage|p2a: Xerneas|88\/100|[from] Spikes\n|-ability|p2a: Xerneas|Fairy Aura\n|turn|15\n|\n|t:|1645809140\n|move|p1a: Arceus|Extreme Speed|p2a: Xerneas\n|-damage|p2a: Xerneas|21\/100\n|move|p2a: Xerneas|Moonblast|p1a: Arceus\n|-damage|p1a: Arceus|0 fnt\n|faint|p1a: Arceus\n|\n|upkeep\n|\n|t:|1645809166\n|switch|p1a: Groudon|Groudon|100\/100\n|detailschange|p1a: Groudon|Groudon-Primal\n|-primal|p1a: Groudon\n|-weather|DesolateLand|[from] ability: Desolate Land|[of] p1a: Groudon\n|turn|16\n|\n|t:|1645809172\n|move|p1a: Groudon|Precipice Blades|p2a: Xerneas\n|-damage|p2a: Xerneas|0 fnt\n|faint|p2a: Xerneas\n|\n|-weather|DesolateLand|[upkeep]\n|upkeep\n|\n|t:|1645809181\n|switch|p2a: Yveltal|Yveltal|30\/100\n|-ability|p2a: Yveltal|Dark Aura\n|turn|17\n|\n|t:|1645809186\n|move|p1a: Groudon|Stone Edge|p2a: Yveltal\n|-supereffective|p2a: Yveltal\n|-crit|p2a: Yveltal\n|-damage|p2a: Yveltal|0 fnt\n|faint|p2a: Yveltal\n|\n|-weather|DesolateLand|[upkeep]\n|upkeep\n|\n|t:|1645809190\n|switch|p2a: Mewtwo|Mewtwo|100\/100\n|-ability|p2a: Mewtwo|Unnerve\n|-damage|p2a: Mewtwo|88\/100|[from] Spikes\n|turn|18\n|\n|t:|1645809197\n|detailschange|p2a: Mewtwo|Mewtwo-Mega-Y\n|-mega|p2a: Mewtwo|Mewtwo|Mewtwonite Y\n|move|p2a: Mewtwo|Calm Mind|p2a: Mewtwo\n|-boost|p2a: Mewtwo|spa|1\n|-boost|p2a: Mewtwo|spd|1\n|move|p1a: Groudon|Precipice Blades|p2a: Mewtwo\n|-damage|p2a: Mewtwo|1\/100\n|\n|-weather|DesolateLand|[upkeep]\n|upkeep\n|turn|19\n|\n|t:|1645809204\n|move|p2a: Mewtwo|Psystrike|p1a: Groudon\n|-damage|p1a: Groudon|33\/100\n|move|p1a: Groudon|Precipice Blades|p2a: Mewtwo\n|-damage|p2a: Mewtwo|0 fnt\n|faint|p2a: Mewtwo\n|\n|win|Xasah\u2764\ufe0eBae\n|n|\u2606Xasah\u2764\ufe0eBae|xasahbae\n|n|\u2606Max Natsume|maxnatsume\n|n|*Lady Monita \u2744|ladymonita\n|n| neckbeard007|neckbeard007\n|n| DEADMAN BOB|deadmanbob\n|l|*Lady Monita \u2744\n|l|\u2606Xasah\u2764\ufe0eBae\n|l|\u2606Max Natsume\n|l| DEADMAN BOB\n|l| neckbeard007\n|j|\u2606Xasah\u2764\ufe0eBae\n|player|p1|Xasah\u2764\ufe0eBae|beauty-gen7\n","uploadtime":1645809820,"views":5,"p1id":"xasahbae","p2id":"maxnatsume","formatid":"gen7ubers","rating":0,"private":0,"password":null}