{"id":"gen7ou-843073816","p1":"OGamer289","p2":"chenxiiii","format":"gen7ou","log":"|j|\u2606OGamer289\n|j|\u2606chenxiiii\n|player|p1|OGamer289|153\n|player|p2|chenxiiii|265\n|teamsize|p1|6\n|teamsize|p2|6\n|gametype|singles\n|gen|7\n|tier|[Gen 7] OU\n|rated|\n|html|<div class=\"broadcast-green\"><strong>OU is currently suspecting Zygarde! For information on how to participate check out the <a href=\"https:\/\/www.smogon.com\/forums\/threads\/3645049\/\">suspect thread<\/a>.<\/strong><\/div>\n|rule|Sleep Clause Mod: Limit one foe put to sleep\n|rule|Species Clause: Limit one of each Pok\u00e9mon\n|rule|OHKO Clause: OHKO moves are banned\n|rule|Moody Clause: Moody is banned\n|rule|Evasion Moves Clause: Evasion moves are banned\n|rule|Endless Battle Clause: Forcing endless battles is banned\n|rule|HP Percentage Mod: HP is shown in percentages\n|clearpoke\n|poke|p1|Salamence, M|item\n|poke|p1|Tapu Fini|item\n|poke|p1|Ferrothorn, M|item\n|poke|p1|Entei|item\n|poke|p1|Medicham, M|item\n|poke|p1|Greninja, M|item\n|poke|p2|Tapu Fini|item\n|poke|p2|Mawile, M|item\n|poke|p2|Garchomp, M|item\n|poke|p2|Greninja, M|item\n|poke|p2|Zapdos|item\n|poke|p2|Heatran, M|item\n|teampreview\n|\n|start\n|switch|p1a: Entei|Entei, shiny|100\/100\n|switch|p2a: Greninja|Greninja, M|100\/100\n|-ability|p1a: Entei|Pressure\n|turn|1\n|\n|switch|p1a: Tapu Fini|Tapu Fini|100\/100\n|-fieldstart|move: Misty Terrain|[from] ability: Misty Surge|[of] p1a: Tapu Fini\n|move|p2a: Greninja|U-turn|p1a: Tapu Fini\n|-start|p2a: Greninja|typechange|Bug|[from] Protean\n|-resisted|p1a: Tapu Fini\n|-damage|p1a: Tapu Fini|90\/100\n|inactive|Battle timer is ON: inactive players will automatically lose when time's up. (requested by OGamer289)\n|\n|switch|p2a: Zapdos|Zapdos, shiny|100\/100\n|\n|-heal|p1a: Tapu Fini|96\/100|[from] item: Leftovers\n|upkeep\n|turn|2\n|\n|switch|p1a: Ferrothorn|Ferrothorn, M, shiny|100\/100\n|move|p2a: Zapdos|Heat Wave|p1a: Ferrothorn\n|-supereffective|p1a: Ferrothorn\n|-damage|p1a: Ferrothorn|27\/100\n|\n|upkeep\n|turn|3\n|\n|move|p2a: Zapdos|Hidden Power|p1a: Ferrothorn\n|-damage|p1a: Ferrothorn|14\/100\n|move|p1a: Ferrothorn|Leech Seed|p2a: Zapdos\n|-start|p2a: Zapdos|move: Leech Seed\n|\n|-damage|p2a: Zapdos|88\/100|[from] Leech Seed|[of] p1a: Ferrothorn\n|-heal|p1a: Ferrothorn|27\/100|[silent]\n|upkeep\n|turn|4\n|\n|switch|p2a: Heatran|Heatran, M, shiny|100\/100\n|switch|p1a: Entei|Entei, shiny|100\/100\n|-ability|p1a: Entei|Pressure\n|\n|upkeep\n|turn|5\n|\n|switch|p1a: Tapu Fini|Tapu Fini|96\/100\n|switch|p2a: Zapdos|Zapdos, shiny|88\/100\n|\n|-heal|p1a: Tapu Fini|100\/100|[from] item: Leftovers\n|-fieldend|Misty Terrain\n|upkeep\n|turn|6\n|c|\u2606OGamer289|wow\n|\n|switch|p1a: Ferrothorn|Ferrothorn, M, shiny|27\/100\n|move|p2a: Zapdos|Volt Switch|p1a: Ferrothorn\n|-resisted|p1a: Ferrothorn\n|-damage|p1a: Ferrothorn|18\/100\n|\n|switch|p2a: Greninja|Greninja, M|100\/100\n|\n|upkeep\n|turn|7\n|\n|move|p2a: Greninja|Low Kick|p1a: Ferrothorn\n|-start|p2a: Greninja|typechange|Fighting|[from] Protean\n|-supereffective|p1a: Ferrothorn\n|-crit|p1a: Ferrothorn\n|-enditem|p1a: Ferrothorn|Chople Berry|[eat]\n|-enditem|p1a: Ferrothorn|Chople Berry|[weaken]\n|-damage|p1a: Ferrothorn|0 fnt\n|-damage|p2a: Greninja|88\/100|[from] ability: Iron Barbs|[of] p1a: Ferrothorn\n|faint|p1a: Ferrothorn\n|\n|upkeep\n|\n|switch|p1a: Tapu Fini|Tapu Fini|100\/100\n|-fieldstart|move: Misty Terrain|[from] ability: Misty Surge|[of] p1a: Tapu Fini\n|turn|8\n|\n|switch|p2a: Zapdos|Zapdos, shiny|88\/100\n|move|p1a: Tapu Fini|Moonblast|p2a: Zapdos\n|-crit|p2a: Zapdos\n|-damage|p2a: Zapdos|45\/100\n|\n|upkeep\n|turn|9\n|\n|switch|p1a: Entei|Entei, shiny|100\/100\n|-ability|p1a: Entei|Pressure\n|move|p2a: Zapdos|Roost|p2a: Zapdos\n|-heal|p2a: Zapdos|95\/100\n|\n|upkeep\n|turn|10\n|\n|switch|p2a: Garchomp|Garchomp, M, shiny|100\/100\n|move|p1a: Entei|Sacred Fire|p2a: Garchomp\n|-resisted|p2a: Garchomp\n|-damage|p2a: Garchomp|58\/100\n|\n|upkeep\n|turn|11\n|\n|switch|p1a: Brutal|Salamence, M, shiny|100\/100\n|-ability|p1a: Brutal|Intimidate|boost\n|-unboost|p2a: Garchomp|atk|1\n|move|p2a: Garchomp|Swords Dance|p2a: Garchomp\n|-boost|p2a: Garchomp|atk|2\n|\n|upkeep\n|turn|12\n|\n|switch|p1a: Tapu Fini|Tapu Fini|100\/100\n|-zpower|p2a: Garchomp\n|move|p2a: Garchomp|Devastating Drake|p1a: Tapu Fini|[zeffect]\n|-immune|p1a: Tapu Fini\n|\n|-fieldend|Misty Terrain\n|upkeep\n|turn|13\n|\n|move|p2a: Garchomp|Poison Jab|p1a: Tapu Fini\n|-supereffective|p1a: Tapu Fini\n|-crit|p1a: Tapu Fini\n|-damage|p1a: Tapu Fini|20\/100\n|move|p1a: Tapu Fini|Moonblast|p2a: Garchomp\n|-supereffective|p2a: Garchomp\n|-damage|p2a: Garchomp|0 fnt\n|faint|p2a: Garchomp\n|\n|-heal|p1a: Tapu Fini|26\/100|[from] item: Leftovers\n|upkeep\n|\n|switch|p2a: Greninja|Greninja, M|88\/100\n|turn|14\n|\n|move|p2a: Greninja|Gunk Shot|p1a: Tapu Fini\n|-start|p2a: Greninja|typechange|Poison|[from] Protean\n|-supereffective|p1a: Tapu Fini\n|-damage|p1a: Tapu Fini|0 fnt\n|faint|p1a: Tapu Fini\n|\n|upkeep\n|\n|switch|p1a: Greninja|Greninja, M, shiny|100\/100\n|turn|15\n|\n|move|p2a: Greninja|Gunk Shot|p1a: Greninja\n|-damage|p1a: Greninja|26\/100\n|-status|p1a: Greninja|psn\n|move|p1a: Greninja|Extrasensory|p2a: Greninja\n|-start|p1a: Greninja|typechange|Psychic|[from] Protean\n|-supereffective|p2a: Greninja\n|-damage|p2a: Greninja|0 fnt\n|-damage|p1a: Greninja|16\/100 psn|[from] item: Life Orb\n|faint|p2a: Greninja\n|\n|-damage|p1a: Greninja|4\/100 psn|[from] psn\n|upkeep\n|\n|switch|p2a: Heatran|Heatran, M, shiny|100\/100\n|turn|16\n|\n|move|p2a: Heatran|Protect|p2a: Heatran\n|-singleturn|p2a: Heatran|Protect\n|move|p1a: Greninja|Hydro Pump|p2a: Heatran\n|-start|p1a: Greninja|typechange|Water|[from] Protean\n|-activate|p2a: Heatran|move: Protect\n|\n|-damage|p1a: Greninja|0 fnt|[from] psn\n|faint|p1a: Greninja\n|upkeep\n|\n|switch|p1a: Medicham|Medicham, M, shiny|100\/100\n|turn|17\n|\n|switch|p2a: Tapu Fini|Tapu Fini|100\/100\n|-fieldstart|move: Misty Terrain|[from] ability: Misty Surge|[of] p2a: Tapu Fini\n|detailschange|p1a: Medicham|Medicham-Mega, M, shiny\n|-mega|p1a: Medicham|Medicham|Medichamite\n|move|p1a: Medicham|Zen Headbutt|p2a: Tapu Fini\n|-damage|p2a: Tapu Fini|54\/100\n|\n|-heal|p2a: Tapu Fini|60\/100|[from] item: Leftovers\n|upkeep\n|turn|18\n|\n|move|p1a: Medicham|Zen Headbutt|p2a: Tapu Fini\n|-damage|p2a: Tapu Fini|13\/100\n|move|p2a: Tapu Fini|Surf|p1a: Medicham\n|-crit|p1a: Medicham\n|-damage|p1a: Medicham|38\/100\n|\n|-heal|p2a: Tapu Fini|19\/100|[from] item: Leftovers\n|upkeep\n|turn|19\n|\n|move|p1a: Medicham|High Jump Kick|p2a: Tapu Fini\n|-resisted|p2a: Tapu Fini\n|-damage|p2a: Tapu Fini|0 fnt\n|faint|p2a: Tapu Fini\n|\n|upkeep\n|\n|switch|p2a: Mawile|Mawile, M, shiny|100\/100\n|-ability|p2a: Mawile|Intimidate|boost\n|-unboost|p1a: Medicham|atk|1\n|turn|20\n|\n|switch|p1a: Brutal|Salamence, M, shiny|100\/100\n|-ability|p1a: Brutal|Intimidate|boost\n|-unboost|p2a: Mawile|atk|1\n|detailschange|p2a: Mawile|Mawile-Mega, M, shiny\n|-mega|p2a: Mawile|Mawile|Mawilite\n|move|p2a: Mawile|Play Rough|p1a: Brutal\n|-supereffective|p1a: Brutal\n|-damage|p1a: Brutal|14\/100\n|-damage|p2a: Mawile|84\/100|[from] item: Rocky Helmet|[of] p1a: Brutal\n|\n|upkeep\n|turn|21\n|\n|move|p2a: Mawile|Sucker Punch|p1a: Brutal\n|-damage|p1a: Brutal|0 fnt\n|-damage|p2a: Mawile|68\/100|[from] item: Rocky Helmet|[of] p1a: Brutal\n|faint|p1a: Brutal\n|\n|-fieldend|Misty Terrain\n|upkeep\n|\n|switch|p1a: Entei|Entei, shiny|100\/100\n|-ability|p1a: Entei|Pressure\n|turn|22\n|\n|switch|p1a: Medicham|Medicham-Mega, M, shiny|38\/100\n|switch|p2a: Zapdos|Zapdos, shiny|95\/100\n|\n|upkeep\n|turn|23\n|\n|move|p1a: Medicham|Ice Punch|p2a: Zapdos\n|-supereffective|p2a: Zapdos\n|-damage|p2a: Zapdos|34\/100\n|-damage|p1a: Medicham|21\/100|[from] item: Rocky Helmet|[of] p2a: Zapdos\n|move|p2a: Zapdos|Volt Switch|p1a: Medicham\n|-damage|p1a: Medicham|0 fnt\n|faint|p1a: Medicham\n|\n|switch|p2a: Mawile|Mawile-Mega, M, shiny|68\/100\n|\n|upkeep\n|\n|switch|p1a: Entei|Entei, shiny|100\/100\n|-ability|p1a: Entei|Pressure\n|turn|24\n|\n|move|p2a: Mawile|Sucker Punch|p1a: Entei\n|-damage|p1a: Entei|50\/100\n|move|p1a: Entei|Stone Edge|p2a: Mawile\n|-resisted|p2a: Mawile\n|-damage|p2a: Mawile|45\/100\n|\n|upkeep\n|turn|25\n|-message|OGamer289 forfeited.\n|\n|win|chenxiiii\n|raw|OGamer289's rating: 1421 &rarr; <strong>1398<\/strong><br \/>(-23 for losing)\n|raw|chenxiiii's rating: 1368 &rarr; <strong>1391<\/strong><br \/>(+23 for winning)\n","uploadtime":1546340574,"views":27,"p1id":"ogamer289","p2id":"chenxiiii","formatid":"gen7ou","rating":1391,"private":0,"password":null}