{"id":"gen7ou-1684922578","p1":"pokeproStall","p2":"why addicted","format":"gen7ou","log":"|j|\u203dpokeproStall\n|j|\u2606why addicted\n|t:|1665682925\n|gametype|singles\n|player|p1|pokeproStall|pokekid|\n|player|p2|why addicted|101|\n|teamsize|p1|6\n|teamsize|p2|6\n|gen|7\n|tier|[Gen 7] OU\n|rated|Tournament battle\n|rule|Sleep Clause Mod: Limit one foe put to sleep\n|rule|Species Clause: Limit one of each Pok\u00e9mon\n|rule|OHKO Clause: OHKO moves are banned\n|rule|Moody Clause: Moody is banned\n|rule|Evasion Items Clause: Evasion items are banned\n|rule|Evasion Moves Clause: Evasion moves are banned\n|rule|Endless Battle Clause: Forcing endless battles is banned\n|rule|HP Percentage Mod: HP is shown in percentages\n|clearpoke\n|poke|p1|Sableye, M|item\n|poke|p1|Toxapex, M|item\n|poke|p1|Clefable, M|item\n|poke|p1|Shedinja|item\n|poke|p1|Chansey, F|item\n|poke|p1|Gliscor, M|item\n|poke|p2|Alakazam, M|item\n|poke|p2|Magearna|item\n|poke|p2|Garchomp, F|item\n|poke|p2|Tornadus-Therian, M|item\n|poke|p2|Rotom-Wash|item\n|poke|p2|Kartana|item\n|teampreview\n|j| CM Reuni\n|j|#susciety\n|j| RUMYMOME\n|inactive|Battle timer is ON: inactive players will automatically lose when time's up. (requested by pokeproStall)\n|j| OUTD Master\n|l| OUTD Master\n|\n|t:|1665682978\n|start\n|switch|p1a: Sableye|Sableye, M|100\/100\n|switch|p2a: Magearna|Magearna|100\/100\n|turn|1\n|\n|t:|1665682983\n|detailschange|p1a: Sableye|Sableye-Mega, M\n|-mega|p1a: Sableye|Sableye|Sablenite\n|move|p1a: Sableye|Protect|p1a: Sableye\n|-singleturn|p1a: Sableye|Protect\n|move|p2a: Magearna|Thunderbolt|p1a: Sableye\n|-activate|p1a: Sableye|move: Protect\n|\n|upkeep\n|turn|2\n|\n|t:|1665683001\n|switch|p2a: Tornadus|Tornadus-Therian, M|100\/100\n|switch|p1a: Chansey|Chansey, F|100\/100\n|\n|upkeep\n|turn|3\n|j| SwarllyMstr420\n|\n|t:|1665683015\n|switch|p1a: Toxapex|Toxapex, M|100\/100\n|move|p2a: Tornadus|Knock Off|p1a: Toxapex\n|-damage|p1a: Toxapex|88\/100\n|-enditem|p1a: Toxapex|Black Sludge|[from] move: Knock Off|[of] p2a: Tornadus\n|\n|upkeep\n|turn|4\n|\n|t:|1665683024\n|move|p2a: Tornadus|U-turn|p1a: Toxapex\n|-resisted|p1a: Toxapex\n|-crit|p1a: Toxapex\n|-damage|p1a: Toxapex|81\/100\n|\n|t:|1665683026\n|switch|p2a: Alakazam|Alakazam, M|100\/100|[from]move: U-turn\n|move|p1a: Toxapex|Scald|p2a: Alakazam\n|-damage|p2a: Alakazam|77\/100\n|-status|p2a: Alakazam|brn\n|\n|upkeep\n|turn|5\n|\n|t:|1665683034\n|switch|p2a: Tornadus|Tornadus-Therian, M|100\/100\n|switch|p1a: Sableye|Sableye-Mega, M|100\/100\n|\n|upkeep\n|turn|6\n|\n|t:|1665683061\n|switch|p1a: Toxapex|Toxapex, M|100\/100\n|move|p2a: Tornadus|Hurricane|p1a: Toxapex\n|-crit|p1a: Toxapex\n|-damage|p1a: Toxapex|47\/100\n|\n|upkeep\n|turn|7\n|\n|t:|1665683071\n|switch|p1a: Clefable|Clefable, M|100\/100\n|move|p2a: Tornadus|Taunt|p1a: Clefable\n|-start|p1a: Clefable|move: Taunt\n|\n|upkeep\n|turn|8\n|\n|t:|1665683077\n|switch|p1a: Toxapex|Toxapex, M|80\/100\n|move|p2a: Tornadus|U-turn|p1a: Toxapex\n|-resisted|p1a: Toxapex\n|-damage|p1a: Toxapex|76\/100\n|\n|t:|1665683081\n|switch|p2a: Garchomp|Garchomp, F|100\/100|[from]move: U-turn\n|\n|upkeep\n|turn|9\n|\n|t:|1665683089\n|move|p2a: Garchomp|Earthquake|p1a: Toxapex\n|-supereffective|p1a: Toxapex\n|-damage|p1a: Toxapex|22\/100\n|move|p1a: Toxapex|Scald|p2a: Garchomp\n|-damage|p2a: Garchomp|85\/100\n|\n|upkeep\n|turn|10\n|\n|t:|1665683097\n|switch|p1a: Gliscor|Gliscor, M|100\/100\n|move|p2a: Garchomp|Dragon Tail|p1a: Gliscor\n|-damage|p1a: Gliscor|76\/100\n|drag|p1a: Shedinja|Shedinja|100\/100\n|\n|upkeep\n|turn|11\n|\n|t:|1665683110\n|move|p2a: Garchomp|Stealth Rock|p1a: Shedinja\n|-sidestart|p1: pokeproStall|move: Stealth Rock\n|move|p1a: Shedinja|Toxic|p2a: Garchomp\n|-status|p2a: Garchomp|tox\n|\n|-damage|p2a: Garchomp|78\/100 tox|[from] psn\n|upkeep\n|turn|12\n|\n|t:|1665683138\n|switch|p2a: Tornadus|Tornadus-Therian, M|100\/100\n|move|p1a: Shedinja|Protect||[still]\n|-fail|p1a: Shedinja\n|\n|upkeep\n|turn|13\n|\n|t:|1665683143\n|switch|p1a: Chansey|Chansey, F|100\/100\n|-damage|p1a: Chansey|88\/100|[from] Stealth Rock\n|move|p2a: Tornadus|Taunt|p1a: Chansey\n|-start|p1a: Chansey|move: Taunt\n|\n|upkeep\n|turn|14\n|\n|t:|1665683154\n|switch|p1a: Toxapex|Toxapex, M|55\/100\n|-damage|p1a: Toxapex|43\/100|[from] Stealth Rock\n|move|p2a: Tornadus|Hurricane|p1a: Toxapex\n|-damage|p1a: Toxapex|8\/100\n|\n|upkeep\n|turn|15\n|\n|t:|1665683164\n|switch|p1a: Chansey|Chansey, F|88\/100\n|-damage|p1a: Chansey|76\/100|[from] Stealth Rock\n|move|p2a: Tornadus|Hurricane|p1a: Chansey|[miss]\n|-miss|p2a: Tornadus|p1a: Chansey\n|\n|upkeep\n|turn|16\n|\n|t:|1665683168\n|switch|p1a: Sableye|Sableye-Mega, M|100\/100\n|-damage|p1a: Sableye|88\/100|[from] Stealth Rock\n|move|p2a: Tornadus|Knock Off|p1a: Sableye\n|-damage|p1a: Sableye|78\/100\n|\n|upkeep\n|turn|17\n|\n|t:|1665683173\n|move|p2a: Tornadus|Hurricane|p1a: Sableye\n|-damage|p1a: Sableye|39\/100\n|move|p1a: Sableye|Recover|p1a: Sableye\n|-heal|p1a: Sableye|89\/100\n|\n|upkeep\n|turn|18\n|\n|t:|1665683178\n|move|p1a: Sableye|Protect|p1a: Sableye\n|-singleturn|p1a: Sableye|Protect\n|move|p2a: Tornadus|U-turn|p1a: Sableye\n|-activate|p1a: Sableye|move: Protect\n|\n|upkeep\n|turn|19\n|\n|t:|1665683182\n|move|p2a: Tornadus|Hurricane|p1a: Sableye\n|-damage|p1a: Sableye|51\/100\n|-start|p1a: Sableye|confusion\n|-activate|p1a: Sableye|confusion\n|move|p1a: Sableye|Recover|p1a: Sableye\n|-heal|p1a: Sableye|100\/100\n|\n|upkeep\n|turn|20\n|\n|t:|1665683198\n|-activate|p1a: Sableye|confusion\n|-damage|p1a: Sableye|95\/100|[from] confusion\n|move|p2a: Tornadus|U-turn|p1a: Sableye\n|-damage|p1a: Sableye|82\/100\n|\n|t:|1665683203\n|switch|p2a: Magearna|Magearna|100\/100|[from]move: U-turn\n|\n|upkeep\n|turn|21\n|\n|t:|1665683211\n|switch|p2a: Tornadus|Tornadus-Therian, M|100\/100\n|switch|p1a: Clefable|Clefable, M|100\/100\n|-damage|p1a: Clefable|88\/100|[from] Stealth Rock\n|\n|-heal|p1a: Clefable|94\/100|[from] item: Leftovers\n|upkeep\n|turn|22\n|inactive|staff also wants the timer to be on.\n|inactive|pokeproStall has 120 seconds left.\n|j| annaaaaaa\n|l| annaaaaaa\n|inactive|pokeproStall has 90 seconds left.\n|\n|t:|1665683286\n|move|p2a: Tornadus|Knock Off|p1a: Clefable\n|-resisted|p1a: Clefable\n|-damage|p1a: Clefable|86\/100\n|-enditem|p1a: Clefable|Leftovers|[from] move: Knock Off|[of] p2a: Tornadus\n|move|p1a: Clefable|Moonblast|p2a: Tornadus\n|-damage|p2a: Tornadus|69\/100\n|\n|upkeep\n|turn|23\n|\n|t:|1665683294\n|move|p2a: Tornadus|Hurricane|p1a: Clefable\n|-damage|p1a: Clefable|51\/100\n|move|p1a: Clefable|Wish|p1a: Clefable\n|\n|upkeep\n|turn|24\n|\n|t:|1665683299\n|move|p1a: Clefable|Protect|p1a: Clefable\n|-singleturn|p1a: Clefable|Protect\n|move|p2a: Tornadus|U-turn|p1a: Clefable\n|-activate|p1a: Clefable|move: Protect\n|\n|-heal|p1a: Clefable|100\/100|[from] move: Wish|[wisher] Clefable\n|upkeep\n|turn|25\n|\n|t:|1665683320\n|move|p2a: Tornadus|Taunt|p1a: Clefable\n|-start|p1a: Clefable|move: Taunt\n|move|p1a: Clefable|Moonblast|p2a: Tornadus\n|-damage|p2a: Tornadus|37\/100\n|\n|upkeep\n|turn|26\n|\n|t:|1665683325\n|move|p2a: Tornadus|Knock Off|p1a: Clefable\n|-resisted|p1a: Clefable\n|-damage|p1a: Clefable|95\/100\n|move|p1a: Clefable|Moonblast|p2a: Tornadus\n|-damage|p2a: Tornadus|3\/100\n|\n|upkeep\n|turn|27\n|\n|t:|1665683330\n|move|p2a: Tornadus|U-turn|p1a: Clefable\n|-resisted|p1a: Clefable\n|-damage|p1a: Clefable|88\/100\n|\n|t:|1665683333\n|switch|p2a: Magearna|Magearna|100\/100|[from]move: U-turn\n|move|p1a: Clefable|Flamethrower|p2a: Magearna\n|-supereffective|p2a: Magearna\n|-damage|p2a: Magearna|64\/100\n|\n|-end|p1a: Clefable|move: Taunt\n|upkeep\n|turn|28\n|\n|t:|1665683343\n|switch|p2a: Tornadus|Tornadus-Therian, M|36\/100\n|switch|p1a: Chansey|Chansey, F|76\/100\n|-damage|p1a: Chansey|63\/100|[from] Stealth Rock\n|\n|upkeep\n|turn|29\n|\n|t:|1665683358\n|move|p2a: Tornadus|Knock Off|p1a: Chansey\n|-damage|p1a: Chansey|49\/100\n|-enditem|p1a: Chansey|Eviolite|[from] move: Knock Off|[of] p2a: Tornadus\n|move|p1a: Chansey|Seismic Toss|p2a: Tornadus\n|-damage|p2a: Tornadus|8\/100\n|-damage|p1a: Chansey|32\/100|[from] item: Rocky Helmet|[of] p2a: Tornadus\n|\n|upkeep\n|turn|30\n|\n|t:|1665683368\n|move|p2a: Tornadus|Taunt|p1a: Chansey\n|-start|p1a: Chansey|move: Taunt\n|move|p1a: Chansey|Seismic Toss|p2a: Tornadus\n|-damage|p2a: Tornadus|0 fnt\n|-damage|p1a: Chansey|15\/100|[from] item: Rocky Helmet|[of] p2a: Tornadus\n|faint|p2a: Tornadus\n|\n|upkeep\n|\n|t:|1665683370\n|switch|p2a: Magearna|Magearna|64\/100\n|turn|31\n|\n|t:|1665683377\n|switch|p1a: Clefable|Clefable, M|88\/100\n|-damage|p1a: Clefable|76\/100|[from] Stealth Rock\n|move|p2a: Magearna|Shift Gear|p2a: Magearna\n|-boost|p2a: Magearna|spe|2\n|-boost|p2a: Magearna|atk|1\n|\n|upkeep\n|turn|32\n|\n|t:|1665683388\n|move|p2a: Magearna|Flash Cannon|p1a: Clefable\n|-supereffective|p1a: Clefable\n|-damage|p1a: Clefable|0 fnt\n|faint|p1a: Clefable\n|-ability|p2a: Magearna|Soul-Heart|boost\n|-boost|p2a: Magearna|spa|1\n|\n|upkeep\n|c|\u2606why addicted|Gg\n|\n|t:|1665683413\n|switch|p1a: Gliscor|Gliscor, M|76\/100\n|-damage|p1a: Gliscor|64\/100|[from] Stealth Rock\n|turn|33\n|\n|t:|1665683418\n|switch|p1a: Chansey|Chansey, F|15\/100\n|-damage|p1a: Chansey|3\/100|[from] Stealth Rock\n|-zpower|p2a: Magearna\n|move|p2a: Magearna|Corkscrew Crash|p1a: Chansey|[zeffect]\n|-damage|p1a: Chansey|0 fnt\n|faint|p1a: Chansey\n|-ability|p2a: Magearna|Soul-Heart|boost\n|-boost|p2a: Magearna|spa|1\n|\n|upkeep\n|\n|t:|1665683428\n|switch|p1a: Gliscor|Gliscor, M|64\/100\n|-damage|p1a: Gliscor|52\/100|[from] Stealth Rock\n|turn|34\n|\n|t:|1665683441\n|move|p2a: Magearna|Flash Cannon|p1a: Gliscor\n|-damage|p1a: Gliscor|0 fnt\n|faint|p1a: Gliscor\n|-ability|p2a: Magearna|Soul-Heart|boost\n|-boost|p2a: Magearna|spa|1\n|\n|upkeep\n|l| RUMYMOME\n|-message|pokeproStall forfeited.\n|\n|win|why addicted\n|n|\u203dpokeproStall|pokeprostall\n|n|\u2606why addicted|whyaddicted\n|n| CM Reuni|cmreuni\n|n|+susciety|susciety\n|n| SwarllyMstr420|swarllymstr420\n|l|+susciety\n|l| CM Reuni\n|l|\u203dpokeproStall\n","uploadtime":1665683470,"views":32,"p1id":"pokeprostall","p2id":"whyaddicted","formatid":"gen7ou","rating":0,"private":0,"password":null}