{"id":"gen7monotype-979174620","p1":"Shardul888","p2":"Clebon","format":"gen7monotype","log":"|j|\u2606Shardul888\n|j|\u2606Clebon\n|player|p1|Shardul888|92|1327\n|player|p2|Clebon|101|1403\n|teamsize|p1|6\n|teamsize|p2|6\n|gametype|singles\n|gen|7\n|tier|[Gen 7] Monotype\n|rated|\n|rule|Sleep Clause Mod: Limit one foe put to sleep\n|rule|Species Clause: Limit one of each Pok\u00e9mon\n|rule|OHKO Clause: OHKO moves are banned\n|rule|Moody Clause: Moody is banned\n|rule|Evasion Moves Clause: Evasion moves are banned\n|rule|Endless Battle Clause: Forcing endless battles is banned\n|rule|HP Percentage Mod: HP is shown in percentages\n|rule|Swagger Clause: Swagger is banned\n|rule|Same Type Clause: Pok\u00e9mon in a team must share a type\n|clearpoke\n|poke|p1|Venusaur, M|item\n|poke|p1|Drapion, F|item\n|poke|p1|Scolipede, F|item\n|poke|p1|Toxapex, F|item\n|poke|p1|Golbat, F|item\n|poke|p1|Muk-Alola, F|item\n|poke|p2|Beedrill, M|item\n|poke|p2|Volcarona, M|item\n|poke|p2|Forretress, M|item\n|poke|p2|Galvantula, M|item\n|poke|p2|Scizor, M|item\n|poke|p2|Heracross, M|item\n|teampreview\n|inactive|Battle timer is ON: inactive players will automatically lose when time's up. (requested by Shardul888)\n|\n|start\n|switch|p1a: Toxapex|Toxapex, F|100\/100\n|switch|p2a: Galvantula|Galvantula, M|100\/100\n|turn|1\n|\n|move|p2a: Galvantula|Thunder|p1a: Toxapex\n|-supereffective|p1a: Toxapex\n|-damage|p1a: Toxapex|31\/100\n|move|p1a: Toxapex|Toxic Spikes|p2a: Galvantula\n|-sidestart|p2: Clebon|move: Toxic Spikes\n|\n|-heal|p1a: Toxapex|38\/100|[from] item: Leftovers\n|upkeep\n|turn|2\n|\n|move|p1a: Toxapex|Baneful Bunker|p1a: Toxapex\n|-singleturn|p1a: Toxapex|move: Protect\n|move|p2a: Galvantula|Thunder|p1a: Toxapex\n|-activate|p1a: Toxapex|move: Protect\n|\n|-heal|p1a: Toxapex|44\/100|[from] item: Leftovers\n|upkeep\n|turn|3\n|\n|switch|p1a: Venusaur|Venusaur, M|100\/100\n|move|p2a: Galvantula|Thunder|p1a: Venusaur\n|-resisted|p1a: Venusaur\n|-damage|p1a: Venusaur|81\/100\n|-status|p1a: Venusaur|par\n|\n|upkeep\n|turn|4\n|\n|switch|p2a: ForrESTR\u00c9S|Forretress, M|100\/100\n|detailschange|p1a: Venusaur|Venusaur-Mega, M\n|-mega|p1a: Venusaur|Venusaur|Venusaurite\n|move|p1a: Venusaur|Sludge Bomb|p2a: ForrESTR\u00c9S\n|-immune|p2a: ForrESTR\u00c9S\n|\n|upkeep\n|turn|5\n|\n|move|p1a: Venusaur|Leech Seed|p2a: ForrESTR\u00c9S\n|-start|p2a: ForrESTR\u00c9S|move: Leech Seed\n|move|p2a: ForrESTR\u00c9S|Rapid Spin|p1a: Venusaur\n|-damage|p1a: Venusaur|78\/100 par\n|-end|p2a: ForrESTR\u00c9S|Leech Seed|[from] move: Rapid Spin|[of] p2a: ForrESTR\u00c9S\n|-sideend|p2: Clebon|Toxic Spikes|[from] move: Rapid Spin|[of] p2a: ForrESTR\u00c9S\n|\n|upkeep\n|turn|6\n|\n|cant|p1a: Venusaur|par\n|move|p2a: ForrESTR\u00c9S|Rapid Spin|p1a: Venusaur\n|-damage|p1a: Venusaur|74\/100 par\n|\n|upkeep\n|turn|7\n|\n|switch|p1a: Golbat|Golbat, F|100\/100\n|move|p2a: ForrESTR\u00c9S|Stealth Rock|p1a: Golbat\n|-sidestart|p1: Shardul888|move: Stealth Rock\n|\n|upkeep\n|turn|8\n|\n|move|p1a: Golbat|Defog|p2a: ForrESTR\u00c9S\n|-unboost|p2a: ForrESTR\u00c9S|evasion|1\n|-sideend|p1: Shardul888|Stealth Rock|[from] move: Defog|[of] p1a: Golbat\n|move|p2a: ForrESTR\u00c9S|Gyro Ball|p1a: Golbat\n|-damage|p1a: Golbat|85\/100\n|\n|upkeep\n|turn|9\n|\n|move|p1a: Golbat|Super Fang|p2a: ForrESTR\u00c9S\n|-damage|p2a: ForrESTR\u00c9S|50\/100\n|move|p2a: ForrESTR\u00c9S|Gyro Ball|p1a: Golbat\n|-damage|p1a: Golbat|71\/100\n|\n|-heal|p2a: ForrESTR\u00c9S|57\/100|[from] item: Leftovers\n|upkeep\n|turn|10\n|\n|move|p1a: Golbat|Super Fang|p2a: ForrESTR\u00c9S\n|-damage|p2a: ForrESTR\u00c9S|29\/100\n|move|p2a: ForrESTR\u00c9S|Gyro Ball|p1a: Golbat\n|-damage|p1a: Golbat|54\/100\n|\n|-heal|p2a: ForrESTR\u00c9S|35\/100|[from] item: Leftovers\n|upkeep\n|turn|11\n|\n|move|p1a: Golbat|Roost|p1a: Golbat\n|-heal|p1a: Golbat|100\/100\n|-singleturn|p1a: Golbat|move: Roost\n|move|p2a: ForrESTR\u00c9S|Stealth Rock|p1a: Golbat\n|-sidestart|p1: Shardul888|move: Stealth Rock\n|\n|-heal|p2a: ForrESTR\u00c9S|41\/100|[from] item: Leftovers\n|upkeep\n|turn|12\n|\n|switch|p2a: Galvantula|Galvantula, M|100\/100\n|move|p1a: Golbat|Defog|p2a: Galvantula\n|-unboost|p2a: Galvantula|evasion|1\n|-sideend|p1: Shardul888|Stealth Rock|[from] move: Defog|[of] p1a: Golbat\n|\n|upkeep\n|turn|13\n|\n|move|p2a: Galvantula|Thunder|p1a: Golbat\n|-supereffective|p1a: Golbat\n|-damage|p1a: Golbat|34\/100\n|-status|p1a: Golbat|par\n|move|p1a: Golbat|Toxic|p2a: Galvantula\n|-status|p2a: Galvantula|tox\n|\n|-damage|p2a: Galvantula|94\/100 tox|[from] psn\n|upkeep\n|turn|14\n|\n|switch|p1a: Venusaur|Venusaur-Mega, M|74\/100 par\n|move|p2a: Galvantula|Thunder|p1a: Venusaur\n|-resisted|p1a: Venusaur\n|-damage|p1a: Venusaur|57\/100 par\n|\n|-damage|p2a: Galvantula|82\/100 tox|[from] psn\n|upkeep\n|turn|15\n|\n|move|p2a: Galvantula|Bug Buzz|p1a: Venusaur\n|-damage|p1a: Venusaur|28\/100 par\n|move|p1a: Venusaur|Synthesis|p1a: Venusaur\n|-heal|p1a: Venusaur|78\/100 par\n|\n|-damage|p2a: Galvantula|64\/100 tox|[from] psn\n|upkeep\n|turn|16\n|\n|switch|p2a: Scizor|Scizor, M|100\/100\n|move|p1a: Venusaur|Sludge Bomb|p2a: Scizor\n|-immune|p2a: Scizor\n|\n|upkeep\n|turn|17\n|\n|switch|p1a: Golbat|Golbat, F|34\/100 par\n|move|p2a: Scizor|Bug Bite|p1a: Golbat\n|-resisted|p1a: Golbat\n|-damage|p1a: Golbat|25\/100 par\n|\n|upkeep\n|turn|18\n|\n|move|p2a: Scizor|Bullet Punch|p1a: Golbat\n|-damage|p1a: Golbat|1\/100 par\n|move|p1a: Golbat|Super Fang|p2a: Scizor\n|-damage|p2a: Scizor|50\/100\n|\n|-heal|p2a: Scizor|57\/100|[from] item: Leftovers\n|upkeep\n|turn|19\n|\n|move|p2a: Scizor|Swords Dance|p2a: Scizor\n|-boost|p2a: Scizor|atk|2\n|move|p1a: Golbat|Roost|p1a: Golbat\n|-heal|p1a: Golbat|51\/100 par\n|-singleturn|p1a: Golbat|move: Roost\n|\n|-heal|p2a: Scizor|63\/100|[from] item: Leftovers\n|upkeep\n|turn|20\n|\n|switch|p1a: Toxapex|Toxapex, F|77\/100\n|move|p2a: Scizor|Swords Dance|p2a: Scizor\n|-boost|p2a: Scizor|atk|2\n|\n|-heal|p2a: Scizor|69\/100|[from] item: Leftovers\n|-heal|p1a: Toxapex|83\/100|[from] item: Leftovers\n|upkeep\n|turn|21\n|\n|move|p2a: Scizor|Bug Bite|p1a: Toxapex\n|-resisted|p1a: Toxapex\n|-damage|p1a: Toxapex|27\/100\n|move|p1a: Toxapex|Haze|p1a: Toxapex\n|-clearallboost\n|\n|-heal|p2a: Scizor|75\/100|[from] item: Leftovers\n|-heal|p1a: Toxapex|33\/100|[from] item: Leftovers\n|upkeep\n|turn|22\n|\n|move|p2a: Scizor|Swords Dance|p2a: Scizor\n|-boost|p2a: Scizor|atk|2\n|move|p1a: Toxapex|Scald|p2a: Scizor\n|-damage|p2a: Scizor|54\/100\n|\n|-heal|p2a: Scizor|60\/100|[from] item: Leftovers\n|-heal|p1a: Toxapex|40\/100|[from] item: Leftovers\n|upkeep\n|turn|23\n|\n|move|p2a: Scizor|Bug Bite|p1a: Toxapex\n|-resisted|p1a: Toxapex\n|-damage|p1a: Toxapex|6\/100\n|move|p1a: Toxapex|Scald|p2a: Scizor\n|-damage|p2a: Scizor|37\/100\n|-status|p2a: Scizor|brn\n|\n|-heal|p2a: Scizor|43\/100 brn|[from] item: Leftovers\n|-heal|p1a: Toxapex|13\/100|[from] item: Leftovers\n|-damage|p2a: Scizor|37\/100 brn|[from] brn\n|upkeep\n|turn|24\n|\n|move|p1a: Toxapex|Baneful Bunker|p1a: Toxapex\n|-singleturn|p1a: Toxapex|move: Protect\n|move|p2a: Scizor|Swords Dance|p2a: Scizor\n|-boost|p2a: Scizor|atk|2\n|\n|-heal|p2a: Scizor|43\/100 brn|[from] item: Leftovers\n|-heal|p1a: Toxapex|19\/100|[from] item: Leftovers\n|-damage|p2a: Scizor|37\/100 brn|[from] brn\n|upkeep\n|turn|25\n|\n|switch|p1a: Golbat|Golbat, F|51\/100 par\n|move|p2a: Scizor|Bug Bite|p1a: Golbat\n|-resisted|p1a: Golbat\n|-damage|p1a: Golbat|37\/100 par\n|\n|-heal|p2a: Scizor|43\/100 brn|[from] item: Leftovers\n|-damage|p2a: Scizor|37\/100 brn|[from] brn\n|upkeep\n|turn|26\n|\n|move|p2a: Scizor|Bullet Punch|p1a: Golbat\n|-damage|p1a: Golbat|2\/100 par\n|move|p1a: Golbat|Roost|p1a: Golbat\n|-heal|p1a: Golbat|52\/100 par\n|-singleturn|p1a: Golbat|move: Roost\n|\n|-heal|p2a: Scizor|43\/100 brn|[from] item: Leftovers\n|-damage|p2a: Scizor|37\/100 brn|[from] brn\n|upkeep\n|turn|27\n|\n|move|p2a: Scizor|Swords Dance|p2a: Scizor\n|-boost|p2a: Scizor|atk|2\n|move|p1a: Golbat|Roost|p1a: Golbat\n|-heal|p1a: Golbat|100\/100 par\n|-singleturn|p1a: Golbat|move: Roost\n|\n|-heal|p2a: Scizor|43\/100 brn|[from] item: Leftovers\n|-damage|p2a: Scizor|37\/100 brn|[from] brn\n|upkeep\n|turn|28\n|\n|move|p2a: Scizor|Bullet Punch|p1a: Golbat\n|-damage|p1a: Golbat|56\/100 par\n|cant|p1a: Golbat|par\n|\n|-heal|p2a: Scizor|43\/100 brn|[from] item: Leftovers\n|-damage|p2a: Scizor|37\/100 brn|[from] brn\n|upkeep\n|turn|29\n|\n|move|p2a: Scizor|Bullet Punch|p1a: Golbat\n|-damage|p1a: Golbat|8\/100 par\n|move|p1a: Golbat|Super Fang|p2a: Scizor\n|-damage|p2a: Scizor|19\/100 brn\n|\n|-heal|p2a: Scizor|25\/100 brn|[from] item: Leftovers\n|-damage|p2a: Scizor|19\/100 brn|[from] brn\n|upkeep\n|turn|30\n|\n|move|p2a: Scizor|Bullet Punch|p1a: Golbat\n|-damage|p1a: Golbat|0 fnt\n|faint|p1a: Golbat\n|\n|-heal|p2a: Scizor|25\/100 brn|[from] item: Leftovers\n|-damage|p2a: Scizor|19\/100 brn|[from] brn\n|upkeep\n|\n|switch|p1a: Scolipede|Scolipede, F|100\/100\n|turn|31\n|\n|move|p1a: Scolipede|Protect|p1a: Scolipede\n|-singleturn|p1a: Scolipede|Protect\n|move|p2a: Scizor|Bullet Punch|p1a: Scolipede\n|-activate|p1a: Scolipede|move: Protect\n|\n|-heal|p2a: Scizor|25\/100 brn|[from] item: Leftovers\n|-damage|p2a: Scizor|19\/100 brn|[from] brn\n|-ability|p1a: Scolipede|Speed Boost|boost\n|-boost|p1a: Scolipede|spe|1\n|upkeep\n|turn|32\n|\n|move|p2a: Scizor|Bullet Punch|p1a: Scolipede\n|-damage|p1a: Scolipede|7\/100\n|move|p1a: Scolipede|Earthquake|p2a: Scizor\n|-damage|p2a: Scizor|0 fnt\n|-damage|p1a: Scolipede|0 fnt|[from] item: Life Orb\n|faint|p2a: Scizor\n|faint|p1a: Scolipede\n|\n|upkeep\n|\n|switch|p1a: Drapion|Drapion, F|100\/100\n|switch|p2a: Volcarona|Volcarona, M|100\/100\n|turn|33\n|\n|move|p2a: Volcarona|Fiery Dance|p1a: Drapion\n|-damage|p1a: Drapion|66\/100\n|move|p1a: Drapion|Aqua Tail|p2a: Volcarona\n|-supereffective|p2a: Volcarona\n|-damage|p2a: Volcarona|23\/100\n|\n|-heal|p2a: Volcarona|29\/100|[from] item: Leftovers\n|upkeep\n|turn|34\n|\n|move|p2a: Volcarona|Hidden Power|p1a: Drapion\n|-supereffective|p1a: Drapion\n|-damage|p1a: Drapion|26\/100\n|move|p1a: Drapion|Cross Poison|p2a: Volcarona\n|-damage|p2a: Volcarona|0 fnt\n|faint|p2a: Volcarona\n|\n|upkeep\n|\n|switch|p2a: Terri|Heracross, M|100\/100\n|turn|35\n|\n|move|p2a: Terri|Earthquake|p1a: Drapion\n|-supereffective|p1a: Drapion\n|-damage|p1a: Drapion|0 fnt\n|faint|p1a: Drapion\n|-ability|p2a: Terri|Moxie|boost\n|-boost|p2a: Terri|atk|1\n|\n|upkeep\n|\n|switch|p1a: Muk|Muk-Alola, F|100\/100\n|turn|36\n|\n|move|p2a: Terri|Earthquake|p1a: Muk\n|-supereffective|p1a: Muk\n|-damage|p1a: Muk|0 fnt\n|faint|p1a: Muk\n|-ability|p2a: Terri|Moxie|boost\n|-boost|p2a: Terri|atk|1\n|\n|upkeep\n|-message|Shardul888 forfeited.\n|\n|win|Clebon\n|l|\u2606Shardul888\n||Ladder (probably) updated, but score could not be retrieved (Response not received).\n","uploadtime":1569001231,"views":8,"p1id":"shardul888","p2id":"clebon","formatid":"gen7monotype","rating":0,"private":0,"password":null}