{"id":"gen7ou-608408309","p1":"Bestixl","p2":"josemoreira7","format":"gen7ou","log":"|j|Bestixl\n|j|josemoreira7\n|player|p1|Bestixl|96\n|teamsize|p1|6\n|player|p2|josemoreira7|#zinnia\n|teamsize|p2|6\n|gametype|singles\n|gen|7\n|tier|[Gen 7] OU\n|seed|49404,27501,58060,51399\n|rule|Sleep Clause Mod: Limit one foe put to sleep\n|rule|Species Clause: Limit one of each Pok\u00e9mon\n|rule|OHKO Clause: OHKO moves are banned\n|rule|Moody Clause: Moody is banned\n|rule|Evasion Moves Clause: Evasion moves are banned\n|rule|Endless Battle Clause: Forcing endless battles is banned\n|rule|HP Percentage Mod: HP is shown in percentages\n|clearpoke\n|poke|p1|Gardevoir, F, shiny|item\n|poke|p1|Magnezone|item\n|poke|p1|Greninja, M|item\n|poke|p1|Tangrowth, F|item\n|poke|p1|Latios, M|item\n|poke|p1|Landorus-Therian, M|item\n|poke|p2|Alakazam, M|item\n|poke|p2|Keldeo|item\n|poke|p2|Magearna|item\n|poke|p2|Tangrowth, M|item\n|poke|p2|Heatran, M|item\n|poke|p2|Landorus-Therian, M|item\n|teampreview\n|choice|team 3, team 2, team 1, team 4, team 5, team 6|team 5, team 2, team 3, team 4, team 1, team 6\n|\n|start\n|switch|p1a: Greninja|Greninja, M|285\/285\n|switch|p2a: Heatran|Heatran, M|376\/376\n|turn|1\n|choice|move hydropump|switch 4\n|\n|switch|p2a: Tangrowth|Tangrowth, M|404\/404\n|move|p1a: Greninja|Hydro Pump|p2a: Tangrowth\n|-start|p1a: Greninja|typechange|Water|[from] Protean\n|-resisted|p2a: Tangrowth\n|-damage|p2a: Tangrowth|325\/404\n|-damage|p1a: Greninja|257\/285|[from] item: Life Orb\n|\n|upkeep\n|turn|2\n|choice|move spikes|move hiddenpower\n|\n|move|p1a: Greninja|Spikes|p2a: Tangrowth\n|-start|p1a: Greninja|typechange|Ground|[from] Protean\n|-sidestart|p2: josemoreira7|Spikes\n|move|p2a: Tangrowth|Hidden Power|p1a: Greninja\n|-supereffective|p1a: Greninja\n|-damage|p1a: Greninja|113\/285\n|\n|upkeep\n|turn|3\n|choice|move gunkshot|move gigadrain\n|\n|move|p1a: Greninja|Gunk Shot|p2a: Tangrowth\n|-start|p1a: Greninja|typechange|Poison|[from] Protean\n|-supereffective|p2a: Tangrowth\n|-damage|p2a: Tangrowth|29\/404\n|-status|p2a: Tangrowth|psn\n|-damage|p1a: Greninja|85\/285|[from] item: Life Orb\n|move|p2a: Tangrowth|Giga Drain|p1a: Greninja\n|-resisted|p1a: Greninja\n|-damage|p1a: Greninja|19\/285\n|-heal|p2a: Tangrowth|62\/404 psn|[from] drain|[of] p1a: Greninja\n|\n|-damage|p2a: Tangrowth|12\/404 psn|[from] psn\n|upkeep\n|turn|4\n|choice|move spikes|switch 3\n|\n|switch|p2a: Magearna|Magearna|301\/301\n|-damage|p2a: Magearna|264\/301|[from] Spikes\n|move|p1a: Greninja|Spikes|p2a: Magearna\n|-start|p1a: Greninja|typechange|Ground|[from] Protean\n|-sidestart|p2: josemoreira7|Spikes\n|\n|upkeep\n|turn|5\n|choice|switch 2|switch 3\n|\n|switch|p1a: Magnezone|Magnezone|314\/314\n|switch|p2a: Tangrowth|Tangrowth, M|146\/404 psn\n|-damage|p2a: Tangrowth|79\/404 psn|[from] Spikes\n|\n|-damage|p2a: Tangrowth|29\/404 psn|[from] psn\n|upkeep\n|turn|6\n|choice|move flashcannon|switch 6\n|\n|switch|p2a: Landorus|Landorus-Therian, M|382\/382\n|-ability|p2a: Landorus|Intimidate|boost\n|-unboost|p1a: Magnezone|atk|1\n|move|p1a: Magnezone|Flash Cannon|p2a: Landorus\n|-damage|p2a: Landorus|103\/382\n|\n|upkeep\n|turn|7\n|choice|move flashcannon|move stealthrock\n|\n|move|p2a: Landorus|Stealth Rock|p1a: Magnezone\n|-sidestart|p1: Bestixl|move: Stealth Rock\n|move|p1a: Magnezone|Flash Cannon|p2a: Landorus\n|-damage|p2a: Landorus|0 fnt\n|faint|p2a: Landorus\n|\n|upkeep\n|choice||switch 4\n|\n|switch|p2a: Heatran|Heatran, M|376\/376\n|-damage|p2a: Heatran|314\/376|[from] Spikes\n|turn|8\n|choice|switch 5|move substitute\n|\n|switch|p1a: Latios|Latios, M|301\/301\n|-damage|p1a: Latios|264\/301|[from] Stealth Rock\n|move|p2a: Heatran|Substitute|p2a: Heatran\n|-start|p2a: Heatran|Substitute\n|-damage|p2a: Heatran|220\/376\n|\n|-heal|p2a: Heatran|243\/376|[from] item: Leftovers\n|upkeep\n|turn|9\n|choice|move defog|move toxic\n|\n|move|p1a: Latios|Defog|p2a: Heatran\n|-sideend|p2: josemoreira7|Spikes|[from] move: Defog|[of] p2a: Heatran\n|-sideend|p1: Bestixl|Stealth Rock|[from] move: Defog|[of] p1a: Latios\n|move|p2a: Heatran|Toxic|p1a: Latios|[miss]\n|-miss|p2a: Heatran|p1a: Latios\n|\n|-heal|p2a: Heatran|266\/376|[from] item: Leftovers\n|upkeep\n|turn|10\n|choice|switch 5|move toxic\n|\n|switch|p1a: Magnezone|Magnezone|314\/314\n|move|p2a: Heatran|Toxic|p1a: Magnezone|[miss]\n|-miss|p2a: Heatran|p1a: Magnezone\n|\n|-heal|p2a: Heatran|289\/376|[from] item: Leftovers\n|upkeep\n|turn|11\n|choice|switch 5|move magmastorm\n|\n|switch|p1a: Latios|Latios, M|264\/301\n|move|p2a: Heatran|Magma Storm|p1a: Latios\n|-resisted|p1a: Latios\n|-damage|p1a: Latios|201\/301\n|-activate|p1a: Latios|move: Magma Storm|[of] p2a: Heatran\n|\n|-heal|p2a: Heatran|312\/376|[from] item: Leftovers\n|-damage|p1a: Latios|164\/301|[from] move: Magma Storm|[partiallytrapped]\n|upkeep\n|turn|12\n|choice|move psyshock|move toxic\n|\n|move|p1a: Latios|Psyshock|p2a: Heatran\n|-resisted|p2a: Heatran\n|-activate|p2a: Heatran|move: Substitute|[damage]\n|move|p2a: Heatran|Toxic|p1a: Latios\n|-status|p1a: Latios|tox\n|\n|-heal|p2a: Heatran|335\/376|[from] item: Leftovers\n|-damage|p1a: Latios|146\/301 tox|[from] psn\n|-damage|p1a: Latios|109\/301 tox|[from] move: Magma Storm|[partiallytrapped]\n|upkeep\n|turn|13\n|choice|move psyshock|move magmastorm\n|\n|move|p1a: Latios|Psyshock|p2a: Heatran\n|-resisted|p2a: Heatran\n|-end|p2a: Heatran|Substitute\n|move|p2a: Heatran|Magma Storm|p1a: Latios|[miss]\n|-miss|p2a: Heatran|p1a: Latios\n|\n|-heal|p2a: Heatran|358\/376|[from] item: Leftovers\n|-damage|p1a: Latios|73\/301 tox|[from] psn\n|-damage|p1a: Latios|36\/301 tox|[from] move: Magma Storm|[partiallytrapped]\n|upkeep\n|turn|14\n|choice|move psyshock|move substitute\n|\n|move|p1a: Latios|Psyshock|p2a: Heatran\n|-resisted|p2a: Heatran\n|-damage|p2a: Heatran|296\/376\n|move|p2a: Heatran|Substitute|p2a: Heatran\n|-start|p2a: Heatran|Substitute\n|-damage|p2a: Heatran|202\/376\n|\n|-heal|p2a: Heatran|225\/376|[from] item: Leftovers\n|-damage|p1a: Latios|0 fnt|[from] psn\n|upkeep\n|faint|p1a: Latios\n|choice|switch 3|\n|\n|switch|p1a: Gardevoir|Gardevoir, F, shiny|281\/281\n|-ability|p1a: Gardevoir|Flash Fire|[from] ability: Trace|[of] p2a: Heatran\n|turn|15\n|choice|move substitute|move magmastorm\n|\n|move|p1a: Gardevoir|Substitute|p1a: Gardevoir\n|-start|p1a: Gardevoir|Substitute\n|-damage|p1a: Gardevoir|211\/281\n|move|p2a: Heatran|Magma Storm|p1a: Gardevoir\n|-start|p1a: Gardevoir|ability: Flash Fire\n|\n|-heal|p2a: Heatran|248\/376|[from] item: Leftovers\n|upkeep\n|turn|16\n|choice|move focusblast|move earthpower\n|\n|move|p1a: Gardevoir|Focus Blast|p2a: Heatran\n|-supereffective|p2a: Heatran\n|-end|p2a: Heatran|Substitute\n|move|p2a: Heatran|Earth Power|p1a: Gardevoir\n|-end|p1a: Gardevoir|Substitute\n|\n|-heal|p2a: Heatran|271\/376|[from] item: Leftovers\n|upkeep\n|turn|17\n|choice|move focusblast|switch 6\n|\n|switch|p2a: Tangrowth|Tangrowth, M|163\/404 psn\n|move|p1a: Gardevoir|Focus Blast|p2a: Tangrowth\n|-damage|p2a: Tangrowth|60\/404 psn\n|\n|-damage|p2a: Tangrowth|10\/404 psn|[from] psn\n|upkeep\n|turn|18\n|choice|move psyshock|move earthquake\n|\n|move|p1a: Gardevoir|Psyshock|p2a: Tangrowth\n|-damage|p2a: Tangrowth|0 fnt\n|faint|p2a: Tangrowth\n|\n|upkeep\n|choice||switch 3\n|\n|switch|p2a: Magearna|Magearna|264\/301\n|turn|19\n|choice|switch 5|switch 6\n|\n|-end|p1a: Gardevoir|ability: Flash Fire|[silent]\n|switch|p1a: Magnezone|Magnezone|314\/314\n|switch|p2a: Heatran|Heatran, M|271\/376\n|\n|-heal|p2a: Heatran|294\/376|[from] item: Leftovers\n|upkeep\n|turn|20\n|choice|move voltswitch|move magmastorm\n|\n|move|p2a: Heatran|Magma Storm|p1a: Magnezone|[miss]\n|-miss|p2a: Heatran|p1a: Magnezone\n|move|p1a: Magnezone|Volt Switch|p2a: Heatran\n|-damage|p2a: Heatran|111\/376\n|choice|switch 2|\n|\n|switch|p1a: Greninja|Greninja, M|19\/285\n|\n|-heal|p2a: Heatran|134\/376|[from] item: Leftovers\n|upkeep\n|turn|21\n|choice|move spikes|switch 2\n|\n|switch|p2a: Keldeo|Keldeo|323\/323\n|move|p1a: Greninja|Spikes|p2a: Keldeo\n|-start|p1a: Greninja|typechange|Ground|[from] Protean\n|-sidestart|p2: josemoreira7|Spikes\n|\n|upkeep\n|turn|22\n|choice|switch 2|move secretsword\n|\n|switch|p1a: Magnezone|Magnezone|314\/314\n|move|p2a: Keldeo|Secret Sword|p1a: Magnezone\n|-supereffective|p1a: Magnezone\n|-damage|p1a: Magnezone|60\/314\n|\n|upkeep\n|turn|23\n|choice|move hiddenpower|move secretsword\n|\n|move|p2a: Keldeo|Secret Sword|p1a: Magnezone\n|-supereffective|p1a: Magnezone\n|-damage|p1a: Magnezone|0 fnt\n|faint|p1a: Magnezone\n|\n|upkeep\n|choice|switch 6|\n|\n|switch|p1a: Landorus|Landorus-Therian, M|382\/382\n|-ability|p1a: Landorus|Intimidate|boost\n|-unboost|p2a: Keldeo|atk|1\n|turn|24\n|choice|move stealthrock|switch 2\n|\n|switch|p2a: Heatran|Heatran, M|134\/376\n|-damage|p2a: Heatran|87\/376|[from] Spikes\n|move|p1a: Landorus|Stealth Rock|p2a: Heatran\n|-sidestart|p2: josemoreira7|move: Stealth Rock\n|\n|-heal|p2a: Heatran|110\/376|[from] item: Leftovers\n|upkeep\n|turn|25\n|choice|move earthquake|move magmastorm\n|\n|move|p2a: Heatran|Magma Storm|p1a: Landorus\n|-damage|p1a: Landorus|195\/382\n|-activate|p1a: Landorus|move: Magma Storm|[of] p2a: Heatran\n|move|p1a: Landorus|Earthquake|p2a: Heatran\n|-supereffective|p2a: Heatran\n|-damage|p2a: Heatran|0 fnt\n|faint|p2a: Heatran\n|\n|upkeep\n|choice||switch 2\n|\n|switch|p2a: Keldeo|Keldeo|323\/323\n|-damage|p2a: Keldeo|283\/323|[from] Spikes\n|-damage|p2a: Keldeo|263\/323|[from] Stealth Rock\n|turn|26\n|choice|switch 4|switch 5\n|\n|switch|p2a: Alakazam|Alakazam, M|251\/251\n|switch|p1a: Tangrowth|Tangrowth, F|404\/404\n|\n|upkeep\n|turn|27\n|choice|move gigadrain|move knockoff\n|\n|move|p2a: Alakazam|Knock Off|p1a: Tangrowth\n|-damage|p1a: Tangrowth|365\/404\n|-enditem|p1a: Tangrowth|Assault Vest|[from] move: Knock Off|[of] p2a: Alakazam\n|move|p1a: Tangrowth|Giga Drain|p2a: Alakazam\n|-damage|p2a: Alakazam|157\/251\n|-heal|p1a: Tangrowth|404\/404|[from] drain|[of] p2a: Alakazam\n|\n|upkeep\n|turn|28\n|choice|move knockoff|move shadowball mega\n|\n|detailschange|p2a: Alakazam|Alakazam-Mega, M\n|-mega|p2a: Alakazam|Alakazam|Alakazite\n|-ability|p2a: Alakazam|Regenerator|[from] ability: Trace|[of] p1a: Tangrowth\n|move|p2a: Alakazam|Shadow Ball|p1a: Tangrowth\n|-damage|p1a: Tangrowth|271\/404\n|move|p1a: Tangrowth|Knock Off|p2a: Alakazam\n|-supereffective|p2a: Alakazam\n|-damage|p2a: Alakazam|0 fnt\n|faint|p2a: Alakazam\n|\n|upkeep\n|-message|josemoreira7 forfeited.\n|\n|win|Bestixl\n|l|josemoreira7\n|c|\u2606Bestixl|izi","inputlog":null,"uploadtime":1500949340,"views":50,"p1id":"bestixl","p2id":"josemoreira7","formatid":"gen7ou","rating":0,"private":0,"password":null}