{"id":"gen7ou-980194289","p1":"Yelooooow","p2":"ghecisbestvillain","format":"gen7ou","log":"|j|\u2606Yelooooow\n|j|\u2606ghecisbestvillain\n|player|p1|Yelooooow|99|1751\n|player|p2|ghecisbestvillain|269|1769\n|teamsize|p1|6\n|teamsize|p2|6\n|gametype|singles\n|gen|7\n|tier|[Gen 7] OU\n|rated|\n|rule|Sleep Clause Mod: Limit one foe put to sleep\n|rule|Species Clause: Limit one of each Pok\u00e9mon\n|rule|OHKO Clause: OHKO moves are banned\n|rule|Moody Clause: Moody is banned\n|rule|Evasion Moves Clause: Evasion moves are banned\n|rule|Endless Battle Clause: Forcing endless battles is banned\n|rule|HP Percentage Mod: HP is shown in percentages\n|clearpoke\n|poke|p1|Lucario, F|item\n|poke|p1|Steelix, F|item\n|poke|p1|Bronzong|item\n|poke|p1|Gyarados, F|item\n|poke|p1|Kommo-o, F|item\n|poke|p1|Tapu Koko|item\n|poke|p2|Hawlucha, M|item\n|poke|p2|Clefable, F|item\n|poke|p2|Charizard, M|item\n|poke|p2|Tapu Koko|item\n|poke|p2|Magearna|item\n|poke|p2|Kyurem-Black|item\n|teampreview\n|inactive|Battle timer is ON: inactive players will automatically lose when time's up. (requested by ghecisbestvillain)\n|\n|start\n|switch|p1a: Bronzong|Bronzong|100\/100\n|switch|p2a: Tapu Koko|Tapu Koko|100\/100\n|-fieldstart|move: Electric Terrain|[from] ability: Electric Surge|[of] p2a: Tapu Koko\n|turn|1\n|\n|move|p2a: Tapu Koko|Taunt|p1a: Bronzong\n|-start|p1a: Bronzong|move: Taunt\n|cant|p1a: Bronzong|move: Taunt|Stealth Rock\n|\n|upkeep\n|turn|2\n|\n|move|p2a: Tapu Koko|Light Screen|p2a: Tapu Koko\n|-sidestart|p2: ghecisbestvillain|move: Light Screen\n|move|p1a: Bronzong|Rock Tomb|p2a: Tapu Koko\n|-damage|p2a: Tapu Koko|83\/100\n|-unboost|p2a: Tapu Koko|spe|1\n|\n|upkeep\n|turn|3\n|\n|move|p2a: Tapu Koko|Reflect|p2a: Tapu Koko\n|-sidestart|p2: ghecisbestvillain|Reflect\n|move|p1a: Bronzong|Earthquake|p2a: Tapu Koko\n|-supereffective|p2a: Tapu Koko\n|-damage|p2a: Tapu Koko|55\/100\n|\n|-end|p1a: Bronzong|move: Taunt\n|upkeep\n|turn|4\n|\n|switch|p1a: Steelix|Steelix, F|100\/100\n|move|p2a: Tapu Koko|Taunt|p1a: Steelix\n|-start|p1a: Steelix|move: Taunt\n|\n|upkeep\n|turn|5\n|\n|switch|p2a: Charizard|Charizard, M|100\/100\n|switch|p1a: Bronzong|Bronzong|100\/100\n|\n|-fieldend|move: Electric Terrain\n|upkeep\n|turn|6\n|j| Wadness9\n|\n|detailschange|p2a: Charizard|Charizard-Mega-X, M\n|-mega|p2a: Charizard|Charizard|Charizardite X\n|move|p2a: Charizard|Fire Punch|p1a: Bronzong\n|-supereffective|p1a: Bronzong\n|-damage|p1a: Bronzong|52\/100\n|move|p1a: Bronzong|Rock Tomb|p2a: Charizard\n|-supereffective|p2a: Charizard\n|-crit|p2a: Charizard\n|-damage|p2a: Charizard|53\/100\n|-unboost|p2a: Charizard|spe|1\n|\n|-heal|p1a: Bronzong|58\/100|[from] item: Leftovers\n|upkeep\n|turn|7\n|\n|switch|p2a: Clefable|Clefable, F|100\/100\n|switch|p1a: Gyarados|Gyarados, F|100\/100\n|-ability|p1a: Gyarados|Intimidate|boost\n|-unboost|p2a: Clefable|atk|1\n|\n|upkeep\n|turn|8\n|\n|move|p1a: Gyarados|Taunt|p2a: Clefable\n|-start|p2a: Clefable|move: Taunt\n|cant|p2a: Clefable|move: Taunt|Cosmic Power\n|\n|upkeep\n|turn|9\n|\n|switch|p1a: Bronzong|Bronzong|58\/100\n|move|p2a: Clefable|Charge Beam|p1a: Bronzong|[miss]\n|-miss|p2a: Clefable|p1a: Bronzong\n|\n|-heal|p1a: Bronzong|64\/100|[from] item: Leftovers\n|-sideend|p2: ghecisbestvillain|move: Light Screen\n|upkeep\n|turn|10\n|\n|switch|p2a: Charizard|Charizard-Mega-X, M|53\/100\n|move|p1a: Bronzong|Stealth Rock|p2a: Charizard\n|-sidestart|p2: ghecisbestvillain|move: Stealth Rock\n|\n|-heal|p1a: Bronzong|71\/100|[from] item: Leftovers\n|-sideend|p2: ghecisbestvillain|Reflect\n|upkeep\n|turn|11\n|\n|move|p2a: Charizard|Dragon Dance|p2a: Charizard\n|-boost|p2a: Charizard|atk|1\n|-boost|p2a: Charizard|spe|1\n|move|p1a: Bronzong|Earthquake|p2a: Charizard\n|-supereffective|p2a: Charizard\n|-damage|p2a: Charizard|1\/100\n|\n|-heal|p1a: Bronzong|77\/100|[from] item: Leftovers\n|upkeep\n|turn|12\n|\n|move|p2a: Charizard|Fire Punch|p1a: Bronzong\n|-supereffective|p1a: Bronzong\n|-damage|p1a: Bronzong|8\/100\n|move|p1a: Bronzong|Earthquake|p2a: Charizard\n|-supereffective|p2a: Charizard\n|-damage|p2a: Charizard|0 fnt\n|faint|p2a: Charizard\n|\n|-heal|p1a: Bronzong|14\/100|[from] item: Leftovers\n|upkeep\n|\n|switch|p2a: Clefable|Clefable, F|100\/100\n|turn|13\n|\n|switch|p1a: Steelix|Steelix, F|100\/100\n|move|p2a: Clefable|Cosmic Power|p2a: Clefable\n|-boost|p2a: Clefable|def|1\n|-boost|p2a: Clefable|spd|1\n|\n|upkeep\n|turn|14\n|\n|detailschange|p1a: Steelix|Steelix-Mega, F\n|-mega|p1a: Steelix|Steelix|Steelixite\n|move|p2a: Clefable|Cosmic Power|p2a: Clefable\n|-boost|p2a: Clefable|def|1\n|-boost|p2a: Clefable|spd|1\n|move|p1a: Steelix|Heavy Slam|p2a: Clefable\n|-supereffective|p2a: Clefable\n|-damage|p2a: Clefable|44\/100\n|\n|-heal|p2a: Clefable|50\/100|[from] item: Leftovers\n|upkeep\n|turn|15\n|\n|move|p2a: Clefable|Cosmic Power|p2a: Clefable\n|-boost|p2a: Clefable|def|1\n|-boost|p2a: Clefable|spd|1\n|move|p1a: Steelix|Roar|p2a: Clefable\n|drag|p2a: Hawlucha|Hawlucha, M|100\/100\n|-damage|p2a: Hawlucha|88\/100|[from] Stealth Rock\n|\n|upkeep\n|turn|16\n|\n|move|p2a: Hawlucha|Drain Punch|p1a: Steelix\n|-supereffective|p1a: Steelix\n|-damage|p1a: Steelix|70\/100\n|-heal|p2a: Hawlucha|100\/100|[from] drain|[of] p1a: Steelix\n|move|p1a: Steelix|Heavy Slam|p2a: Hawlucha\n|-damage|p2a: Hawlucha|2\/100\n|\n|upkeep\n|turn|17\n|\n|switch|p1a: Bronzong|Bronzong|14\/100\n|move|p2a: Hawlucha|Drain Punch|p1a: Bronzong\n|-damage|p1a: Bronzong|0 fnt\n|-heal|p2a: Hawlucha|10\/100|[from] drain|[of] p1a: Bronzong\n|faint|p1a: Bronzong\n|\n|upkeep\n|\n|switch|p1a: Lucario|Lucario, F|100\/100\n|turn|18\n|\n|move|p1a: Lucario|Extreme Speed|p2a: Hawlucha\n|-damage|p2a: Hawlucha|0 fnt\n|faint|p2a: Hawlucha\n|\n|upkeep\n|\n|switch|p2a: Tapu Koko|Tapu Koko|55\/100\n|-damage|p2a: Tapu Koko|42\/100|[from] Stealth Rock\n|-fieldstart|move: Electric Terrain|[from] ability: Electric Surge|[of] p2a: Tapu Koko\n|turn|19\n|\n|switch|p1a: Tapu Koko|Tapu Koko|100\/100\n|move|p2a: Tapu Koko|Reflect|p2a: Tapu Koko\n|-sidestart|p2: ghecisbestvillain|Reflect\n|\n|upkeep\n|turn|20\n|\n|move|p1a: Tapu Koko|Dazzling Gleam|p2a: Tapu Koko\n|-damage|p2a: Tapu Koko|0 fnt\n|faint|p2a: Tapu Koko\n|\n|upkeep\n|\n|switch|p2a: Kyurem|Kyurem-Black|100\/100\n|-damage|p2a: Kyurem|76\/100|[from] Stealth Rock\n|-ability|p2a: Kyurem|Teravolt\n|turn|21\n|\n|move|p1a: Tapu Koko|Dazzling Gleam|p2a: Kyurem\n|-supereffective|p2a: Kyurem\n|-damage|p2a: Kyurem|14\/100\n|move|p2a: Kyurem|Earth Power|p1a: Tapu Koko\n|-supereffective|p1a: Tapu Koko\n|-damage|p1a: Tapu Koko|0 fnt\n|-damage|p2a: Kyurem|4\/100|[from] item: Life Orb\n|faint|p1a: Tapu Koko\n|\n|upkeep\n|\n|switch|p1a: Lucario|Lucario, F|100\/100\n|turn|22\n|\n|move|p1a: Lucario|Extreme Speed|p2a: Kyurem\n|-damage|p2a: Kyurem|0 fnt\n|faint|p2a: Kyurem\n|\n|upkeep\n|\n|switch|p2a: Magearna|Magearna|100\/100\n|-damage|p2a: Magearna|95\/100|[from] Stealth Rock\n|turn|23\n|\n|move|p1a: Lucario|Swords Dance|p1a: Lucario\n|-boost|p1a: Lucario|atk|2\n|move|p2a: Magearna|Shift Gear|p2a: Magearna\n|-boost|p2a: Magearna|spe|2\n|-boost|p2a: Magearna|atk|1\n|\n|-fieldend|move: Electric Terrain\n|upkeep\n|turn|24\n|\n|move|p2a: Magearna|Shift Gear|p2a: Magearna\n|-boost|p2a: Magearna|spe|2\n|-boost|p2a: Magearna|atk|1\n|move|p1a: Lucario|Swords Dance|p1a: Lucario\n|-boost|p1a: Lucario|atk|2\n|\n|upkeep\n|turn|25\n|\n|move|p2a: Magearna|Brick Break|p1a: Lucario\n|-supereffective|p1a: Lucario\n|-enditem|p1a: Lucario|Focus Sash\n|-damage|p1a: Lucario|1\/100\n|move|p1a: Lucario|Close Combat|p2a: Magearna\n|-damage|p2a: Magearna|31\/100\n|-unboost|p1a: Lucario|def|1\n|-unboost|p1a: Lucario|spd|1\n|\n|upkeep\n|turn|26\n|\n|move|p1a: Lucario|Extreme Speed|p2a: Magearna\n|-resisted|p2a: Magearna\n|-damage|p2a: Magearna|16\/100\n|move|p2a: Magearna|Iron Head|p1a: Lucario\n|-resisted|p1a: Lucario\n|-damage|p1a: Lucario|0 fnt\n|faint|p1a: Lucario\n|-ability|p2a: Magearna|Soul-Heart|boost\n|-boost|p2a: Magearna|spa|1\n|\n|-sideend|p2: ghecisbestvillain|Reflect\n|upkeep\n|\n|switch|p1a: Gyarados|Gyarados, F|100\/100\n|-ability|p1a: Gyarados|Intimidate|boost\n|-unboost|p2a: Magearna|atk|1\n|turn|27\n|\n|-zpower|p2a: Magearna\n|move|p2a: Magearna|Shattered Psyche|p1a: Gyarados|[zeffect]\n|-damage|p1a: Gyarados|2\/100\n|move|p1a: Gyarados|Waterfall|p2a: Magearna\n|-damage|p2a: Magearna|0 fnt\n|faint|p2a: Magearna\n|\n|upkeep\n|-message|ghecisbestvillain forfeited.\n|\n|win|Yelooooow\n|l|\u2606ghecisbestvillain\n|raw|Yelooooow's rating: 1751 &rarr; <strong>1772<\/strong><br \/>(+21 for winning)\n|raw|ghecisbestvillain's rating: 1769 &rarr; <strong>1748<\/strong><br \/>(-21 for losing)\n","uploadtime":1569162436,"views":4,"p1id":"yelooooow","p2id":"ghecisbestvillain","formatid":"gen7ou","rating":1748,"private":0,"password":null}