{"id":"gen7ou-1664853657","p1":"Philein","p2":"why addicted","format":"gen7ou","log":"|j|\u2606Philein\n|j|\u2606why addicted\n|t:|1663245530\n|gametype|singles\n|player|p1|Philein|lucas|1623\n|player|p2|why addicted|102|1784\n|teamsize|p1|6\n|teamsize|p2|6\n|gen|7\n|tier|[Gen 7] OU\n|rated|\n|rule|Sleep Clause Mod: Limit one foe put to sleep\n|rule|Species Clause: Limit one of each Pok\u00e9mon\n|rule|OHKO Clause: OHKO moves are banned\n|rule|Moody Clause: Moody is banned\n|rule|Evasion Items Clause: Evasion items are banned\n|rule|Evasion Moves Clause: Evasion moves are banned\n|rule|Endless Battle Clause: Forcing endless battles is banned\n|rule|HP Percentage Mod: HP is shown in percentages\n|clearpoke\n|poke|p1|Tapu Fini|item\n|poke|p1|Mawile, M|item\n|poke|p1|Kyurem-Black|item\n|poke|p1|Tapu Koko|item\n|poke|p1|Zapdos|item\n|poke|p1|Excadrill, M|item\n|poke|p2|Lopunny, F|item\n|poke|p2|Gastrodon-East, M|item\n|poke|p2|Heatran, M|item\n|poke|p2|Tornadus-Therian, M|item\n|poke|p2|Clefable, F|item\n|poke|p2|Celesteela|item\n|teampreview\n|inactive|Battle timer is ON: inactive players will automatically lose when time's up. (requested by Philein)\n|\n|t:|1663245547\n|start\n|switch|p1a: Kyurem|Kyurem-Black|100\/100\n|switch|p2a: Heatran|Heatran, M|100\/100\n|-ability|p1a: Kyurem|Teravolt\n|turn|1\n|\n|t:|1663245554\n|switch|p1a: Tapu Fini|Tapu Fini|100\/100\n|-fieldstart|move: Misty Terrain|[from] ability: Misty Surge|[of] p1a: Tapu Fini\n|-zpower|p2a: Heatran\n|move|p2a: Heatran|Inferno Overdrive|p1a: Tapu Fini|[zeffect]\n|-resisted|p1a: Tapu Fini\n|-damage|p1a: Tapu Fini|59\/100\n|\n|-heal|p1a: Tapu Fini|65\/100|[from] item: Leftovers\n|upkeep\n|turn|2\n|\n|t:|1663245559\n|switch|p2a: Tornadus|Tornadus-Therian, M|100\/100\n|move|p1a: Tapu Fini|Nature's Madness|p2a: Tornadus\n|-damage|p2a: Tornadus|51\/100\n|\n|-heal|p1a: Tapu Fini|71\/100|[from] item: Leftovers\n|upkeep\n|turn|3\n|\n|t:|1663245565\n|switch|p2a: Heatran|Heatran, M|100\/100\n|switch|p1a: Emmeline|Zapdos|100\/100\n|\n|upkeep\n|turn|4\n|\n|t:|1663245569\n|move|p2a: Heatran|Stealth Rock|p1a: Emmeline\n|-sidestart|p1: Philein|move: Stealth Rock\n|move|p1a: Emmeline|Volt Switch|p2a: Heatran\n|-damage|p2a: Heatran|74\/100\n|\n|t:|1663245572\n|switch|p1a: Fils de Pasipha\u00e9|Excadrill, M|100\/100|[from]move: Volt Switch\n|-damage|p1a: Fils de Pasipha\u00e9|97\/100|[from] Stealth Rock\n|-ability|p1a: Fils de Pasipha\u00e9|Mold Breaker\n|\n|-heal|p1a: Fils de Pasipha\u00e9|100\/100|[from] item: Leftovers\n|upkeep\n|turn|5\n|\n|t:|1663245575\n|move|p2a: Heatran|Magma Storm|p1a: Fils de Pasipha\u00e9\n|-supereffective|p1a: Fils de Pasipha\u00e9\n|-damage|p1a: Fils de Pasipha\u00e9|11\/100\n|-activate|p1a: Fils de Pasipha\u00e9|move: Magma Storm|[of] p2a: Heatran\n|move|p1a: Fils de Pasipha\u00e9|Earthquake|p2a: Heatran\n|-supereffective|p2a: Heatran\n|-damage|p2a: Heatran|0 fnt\n|faint|p2a: Heatran\n|\n|-heal|p1a: Fils de Pasipha\u00e9|17\/100|[from] item: Leftovers\n|-end|p1a: Fils de Pasipha\u00e9|Magma Storm|[partiallytrapped]|[silent]\n|-fieldend|Misty Terrain\n|upkeep\n|\n|t:|1663245583\n|switch|p2a: Lopunny|Lopunny, F|100\/100\n|turn|6\n|\n|t:|1663245589\n|switch|p1a: Emmeline|Zapdos|100\/100\n|-damage|p1a: Emmeline|76\/100|[from] Stealth Rock\n|move|p2a: Lopunny|Return|p1a: Emmeline\n|-damage|p1a: Emmeline|49\/100\n|-damage|p2a: Lopunny|84\/100|[from] item: Rocky Helmet|[of] p1a: Emmeline\n|\n|upkeep\n|turn|7\n|\n|t:|1663245596\n|switch|p2a: Gastrodon|Gastrodon-East, M|100\/100\n|move|p1a: Emmeline|Roost|p1a: Emmeline\n|-heal|p1a: Emmeline|99\/100\n|-singleturn|p1a: Emmeline|move: Roost\n|\n|upkeep\n|turn|8\n|\n|t:|1663245600\n|switch|p1a: Tapu Fini|Tapu Fini|71\/100\n|-damage|p1a: Tapu Fini|59\/100|[from] Stealth Rock\n|-fieldstart|move: Misty Terrain|[from] ability: Misty Surge|[of] p1a: Tapu Fini\n|move|p2a: Gastrodon|Earthquake|p1a: Tapu Fini\n|-damage|p1a: Tapu Fini|38\/100\n|\n|-heal|p1a: Tapu Fini|44\/100|[from] item: Leftovers\n|upkeep\n|turn|9\n|\n|t:|1663245603\n|move|p1a: Tapu Fini|Defog|p2a: Gastrodon\n|-unboost|p2a: Gastrodon|evasion|1\n|-sideend|p1: Philein|Stealth Rock|[from] move: Defog|[of] p1a: Tapu Fini\n|move|p2a: Gastrodon|Earthquake|p1a: Tapu Fini\n|-damage|p1a: Tapu Fini|24\/100\n|\n|-heal|p1a: Tapu Fini|30\/100|[from] item: Leftovers\n|upkeep\n|turn|10\n|\n|t:|1663245607\n|switch|p1a: Kyurem|Kyurem-Black|100\/100\n|-ability|p1a: Kyurem|Teravolt\n|move|p2a: Gastrodon|Earthquake|p1a: Kyurem\n|-damage|p1a: Kyurem|73\/100\n|\n|upkeep\n|turn|11\n|\n|t:|1663245616\n|switch|p2a: Clefable|Clefable, F|100\/100\n|-zpower|p1a: Kyurem\n|move|p1a: Kyurem|Subzero Slammer|p2a: Clefable|[zeffect]\n|-damage|p2a: Clefable|0 fnt\n|faint|p2a: Clefable\n|\n|upkeep\n|\n|t:|1663245619\n|switch|p2a: Lopunny|Lopunny, F|84\/100\n|turn|12\n|\n|t:|1663245627\n|switch|p2a: Gastrodon|Gastrodon-East, M|100\/100\n|switch|p1a: Emmeline|Zapdos|99\/100\n|\n|-fieldend|Misty Terrain\n|upkeep\n|turn|13\n|\n|t:|1663245636\n|switch|p1a: Tapu Fini|Tapu Fini|30\/100\n|-fieldstart|move: Misty Terrain|[from] ability: Misty Surge|[of] p1a: Tapu Fini\n|move|p2a: Gastrodon|Scald|p1a: Tapu Fini\n|-resisted|p1a: Tapu Fini\n|-damage|p1a: Tapu Fini|21\/100\n|\n|-heal|p1a: Tapu Fini|27\/100|[from] item: Leftovers\n|upkeep\n|turn|14\n|\n|t:|1663245639\n|move|p1a: Tapu Fini|Nature's Madness|p2a: Gastrodon\n|-damage|p2a: Gastrodon|50\/100\n|move|p2a: Gastrodon|Earthquake|p1a: Tapu Fini\n|-damage|p1a: Tapu Fini|7\/100\n|\n|-heal|p1a: Tapu Fini|13\/100|[from] item: Leftovers\n|-heal|p2a: Gastrodon|57\/100|[from] item: Leftovers\n|upkeep\n|turn|15\n|\n|t:|1663245642\n|move|p1a: Tapu Fini|Moonblast|p2a: Gastrodon\n|-damage|p2a: Gastrodon|35\/100\n|move|p2a: Gastrodon|Earthquake|p1a: Tapu Fini\n|-damage|p1a: Tapu Fini|0 fnt\n|faint|p1a: Tapu Fini\n|\n|-heal|p2a: Gastrodon|41\/100|[from] item: Leftovers\n|upkeep\n|\n|t:|1663245645\n|switch|p1a: Mawile|Mawile, M, shiny|100\/100\n|-ability|p1a: Mawile|Intimidate|boost\n|-unboost|p2a: Gastrodon|atk|1\n|turn|16\n|\n|t:|1663245648\n|switch|p2a: Celesteela|Celesteela|100\/100\n|detailschange|p1a: Mawile|Mawile-Mega, M, shiny\n|-mega|p1a: Mawile|Mawile|Mawilite\n|move|p1a: Mawile|Knock Off|p2a: Celesteela\n|-damage|p2a: Celesteela|45\/100\n|-enditem|p2a: Celesteela|Leftovers|[from] move: Knock Off|[of] p1a: Mawile\n|\n|upkeep\n|turn|17\n|\n|t:|1663245656\n|move|p1a: Mawile|Knock Off|p2a: Celesteela\n|-damage|p2a: Celesteela|8\/100\n|move|p2a: Celesteela|Leech Seed|p1a: Mawile|[miss]\n|-miss|p2a: Celesteela|p1a: Mawile\n|\n|-fieldend|Misty Terrain\n|upkeep\n|turn|18\n|\n|t:|1663245660\n|move|p1a: Mawile|Knock Off|p2a: Celesteela\n|-damage|p2a: Celesteela|0 fnt\n|faint|p2a: Celesteela\n|\n|upkeep\n|\n|t:|1663245662\n|switch|p2a: Lopunny|Lopunny, F|84\/100\n|turn|19\n|\n|t:|1663245667\n|switch|p2a: Gastrodon|Gastrodon-East, M|41\/100\n|switch|p1a: Emmeline|Zapdos|99\/100\n|\n|-heal|p2a: Gastrodon|47\/100|[from] item: Leftovers\n|upkeep\n|turn|20\n|\n|t:|1663245671\n|switch|p1a: Mawile|Mawile-Mega, M, shiny|100\/100\n|move|p2a: Gastrodon|Scald|p1a: Mawile\n|-damage|p1a: Mawile|67\/100\n|\n|-heal|p2a: Gastrodon|53\/100|[from] item: Leftovers\n|upkeep\n|turn|21\n|\n|t:|1663245674\n|switch|p2a: Tornadus|Tornadus-Therian, M|84\/100\n|move|p1a: Mawile|Play Rough|p2a: Tornadus\n|-damage|p2a: Tornadus|0 fnt\n|-damage|p1a: Mawile|51\/100|[from] item: Rocky Helmet|[of] p2a: Tornadus\n|faint|p2a: Tornadus\n|\n|upkeep\n|\n|t:|1663245680\n|switch|p2a: Lopunny|Lopunny, F|84\/100\n|turn|22\n|\n|t:|1663245683\n|switch|p2a: Gastrodon|Gastrodon-East, M|53\/100\n|switch|p1a: Fils de Pasipha\u00e9|Excadrill, M|17\/100\n|-ability|p1a: Fils de Pasipha\u00e9|Mold Breaker\n|\n|-heal|p1a: Fils de Pasipha\u00e9|23\/100|[from] item: Leftovers\n|-heal|p2a: Gastrodon|59\/100|[from] item: Leftovers\n|upkeep\n|turn|23\n|\n|t:|1663245691\n|switch|p2a: Lopunny|Lopunny, F|84\/100\n|move|p1a: Fils de Pasipha\u00e9|Toxic|p2a: Lopunny\n|-status|p2a: Lopunny|tox\n|\n|-heal|p1a: Fils de Pasipha\u00e9|29\/100|[from] item: Leftovers\n|-damage|p2a: Lopunny|78\/100 tox|[from] psn\n|upkeep\n|turn|24\n|\n|t:|1663245694\n|switch|p2a: Gastrodon|Gastrodon-East, M|59\/100\n|switch|p1a: Emmeline|Zapdos|99\/100\n|\n|-heal|p2a: Gastrodon|65\/100|[from] item: Leftovers\n|upkeep\n|turn|25\n|\n|t:|1663245698\n|switch|p1a: Kyurem|Kyurem-Black|73\/100\n|-ability|p1a: Kyurem|Teravolt\n|move|p2a: Gastrodon|Scald|p1a: Kyurem\n|-resisted|p1a: Kyurem\n|-damage|p1a: Kyurem|61\/100\n|\n|-heal|p2a: Gastrodon|71\/100|[from] item: Leftovers\n|upkeep\n|turn|26\n|\n|t:|1663245700\n|move|p1a: Kyurem|Ice Beam|p2a: Gastrodon\n|-crit|p2a: Gastrodon\n|-damage|p2a: Gastrodon|37\/100\n|move|p2a: Gastrodon|Scald|p1a: Kyurem\n|-resisted|p1a: Kyurem\n|-damage|p1a: Kyurem|48\/100\n|\n|-heal|p2a: Gastrodon|43\/100|[from] item: Leftovers\n|upkeep\n|turn|27\n|\n|t:|1663245704\n|move|p1a: Kyurem|Freeze Shock||[still]\n|-prepare|p1a: Kyurem|Freeze Shock\n|move|p2a: Gastrodon|Recover|p2a: Gastrodon\n|-heal|p2a: Gastrodon|93\/100\n|\n|-heal|p2a: Gastrodon|99\/100|[from] item: Leftovers\n|upkeep\n|turn|28\n|\n|t:|1663245706\n|move|p1a: Kyurem|Freeze Shock|p2a: Gastrodon|[from]lockedmove\n|-damage|p2a: Gastrodon|0 fnt\n|faint|p2a: Gastrodon\n|\n|upkeep\n|-message|why addicted forfeited.\n|\n|win|Philein\n|raw|Philein's rating: 1623 &rarr; <strong>1652<\/strong><br \/>(+29 for winning)\n|raw|why addicted's rating: 1784 &rarr; <strong>1755<\/strong><br \/>(-29 for losing)\n|l|\u2606why addicted\n||Ladder isn't responding, score probably updated but might not have (Request timeout).\n","uploadtime":1663245721,"views":63,"p1id":"philein","p2id":"whyaddicted","formatid":"gen7ou","rating":1652,"private":0,"password":null}