{"id":"gen7ou-1134631719","p1":"Watrika","p2":"Ban Lando t guy jk","format":"gen7ou","log":"|j|\u2606Watrika\n|j|\u2606Ban Lando t guy jk\n|player|p1|Watrika|266|1712\n|player|p2|Ban Lando t guy jk|164|1804\n|teamsize|p1|6\n|teamsize|p2|6\n|gametype|singles\n|gen|7\n|tier|[Gen 7] OU\n|rated|\n|clearpoke\n|poke|p1|Landorus-Therian, M|item\n|poke|p1|Tapu Lele|item\n|poke|p1|Pinsir, F|item\n|poke|p1|Toxapex, F|item\n|poke|p1|Greninja, M|item\n|poke|p1|Excadrill, F|item\n|poke|p2|Hawlucha, F|item\n|poke|p2|Swampert, M|item\n|poke|p2|Ferrothorn, F|item\n|poke|p2|Pelipper, M|item\n|poke|p2|Tapu Koko|item\n|poke|p2|Greninja, M|item\n|rule|Sleep Clause Mod: Limit one foe put to sleep\n|rule|Species Clause: Limit one of each Pok\u00e9mon\n|rule|OHKO Clause: OHKO moves are banned\n|rule|Moody Clause: Moody is banned\n|rule|Evasion Moves Clause: Evasion moves are banned\n|rule|Endless Battle Clause: Forcing endless battles is banned\n|rule|HP Percentage Mod: HP is shown in percentages\n|teampreview\n|inactive|Battle timer is ON: inactive players will automatically lose when time's up. (requested by Watrika)\n|\n|start\n|switch|p1a: Tapu Lele|Tapu Lele|100\/100\n|switch|p2a: Nappy is trash|Pelipper, M|100\/100\n|-fieldstart|move: Psychic Terrain|[from] ability: Psychic Surge|[of] p1a: Tapu Lele\n|-weather|RainDance|[from] ability: Drizzle|[of] p2a: Nappy is trash\n|turn|1\n|\n|switch|p2a: Hey|Ferrothorn, F|100\/100\n|move|p1a: Tapu Lele|Thunderbolt|p2a: Hey\n|-resisted|p2a: Hey\n|-damage|p2a: Hey|87\/100\n|\n|-weather|RainDance|[upkeep]\n|-heal|p2a: Hey|93\/100|[from] item: Leftovers\n|upkeep\n|turn|2\n|\n|move|p1a: Tapu Lele|Focus Blast|p2a: Hey\n|-supereffective|p2a: Hey\n|-damage|p2a: Hey|23\/100\n|move|p2a: Hey|Stealth Rock|p1a: Tapu Lele\n|-sidestart|p1: Watrika|move: Stealth Rock\n|\n|-weather|RainDance|[upkeep]\n|-heal|p2a: Hey|29\/100|[from] item: Leftovers\n|upkeep\n|turn|3\n|j| dabearjew\n|\n|switch|p2a: Tapu Koko|Tapu Koko|100\/100\n|-fieldstart|move: Electric Terrain|[from] ability: Electric Surge|[of] p2a: Tapu Koko\n|move|p1a: Tapu Lele|Focus Blast|p2a: Tapu Koko\n|-resisted|p2a: Tapu Koko\n|-damage|p2a: Tapu Koko|66\/100\n|\n|-weather|RainDance|[upkeep]\n|upkeep\n|turn|4\n|\n|move|p2a: Tapu Koko|Volt Switch|p1a: Tapu Lele\n|-damage|p1a: Tapu Lele|77\/100\n|\n|switch|p2a: Hey|Ferrothorn, F|29\/100|[from]move: Volt Switch\n|move|p1a: Tapu Lele|Moonblast|p2a: Hey\n|-resisted|p2a: Hey\n|-damage|p2a: Hey|8\/100\n|-unboost|p2a: Hey|spa|1\n|\n|-weather|RainDance|[upkeep]\n|-heal|p2a: Hey|15\/100|[from] item: Leftovers\n|upkeep\n|turn|5\n|\n|move|p1a: Tapu Lele|Moonblast|p2a: Hey\n|-resisted|p2a: Hey\n|-damage|p2a: Hey|0 fnt\n|faint|p2a: Hey\n|\n|-weather|RainDance|[upkeep]\n|upkeep\n|j| Noob 0_o\n|\n|switch|p2a: Let get Bluff|Swampert, M|100\/100\n|turn|6\n|\n|switch|p1a: Toxapex|Toxapex, F|100\/100\n|-damage|p1a: Toxapex|88\/100|[from] Stealth Rock\n|detailschange|p2a: Let get Bluff|Swampert-Mega, M\n|-mega|p2a: Let get Bluff|Swampert|Swampertite\n|move|p2a: Let get Bluff|Waterfall|p1a: Toxapex\n|-resisted|p1a: Toxapex\n|-damage|p1a: Toxapex|56\/100\n|\n|-weather|RainDance|[upkeep]\n|-heal|p1a: Toxapex|62\/100|[from] item: Black Sludge\n|upkeep\n|turn|7\n|\n|move|p2a: Let get Bluff|Waterfall|p1a: Toxapex\n|-resisted|p1a: Toxapex\n|-damage|p1a: Toxapex|35\/100\n|move|p1a: Toxapex|Scald|p2a: Let get Bluff\n|-damage|p2a: Let get Bluff|77\/100\n|\n|-weather|RainDance|[upkeep]\n|-heal|p1a: Toxapex|41\/100|[from] item: Black Sludge\n|-fieldend|move: Electric Terrain\n|upkeep\n|turn|8\n|\n|switch|p1a: Landorus|Landorus-Therian, M|100\/100\n|-damage|p1a: Landorus|88\/100|[from] Stealth Rock\n|-ability|p1a: Landorus|Intimidate|boost\n|-unboost|p2a: Let get Bluff|atk|1\n|move|p2a: Let get Bluff|Earthquake|p1a: Landorus\n|-immune|p1a: Landorus\n|\n|-weather|none\n|upkeep\n|turn|9\n|\n|switch|p2a: Nappy is trash|Pelipper, M|100\/100\n|-weather|RainDance|[from] ability: Drizzle|[of] p2a: Nappy is trash\n|move|p1a: Landorus|Knock Off|p2a: Nappy is trash\n|-damage|p2a: Nappy is trash|61\/100\n|-enditem|p2a: Nappy is trash|Damp Rock|[from] move: Knock Off|[of] p1a: Landorus\n|\n|-weather|RainDance|[upkeep]\n|upkeep\n|turn|10\n|\n|-zpower|p1a: Landorus\n|move|p1a: Landorus|Supersonic Skystrike|p2a: Nappy is trash|[zeffect]\n|-damage|p2a: Nappy is trash|0 fnt\n|faint|p2a: Nappy is trash\n|\n|-weather|RainDance|[upkeep]\n|upkeep\n|\n|switch|p2a: Let get Bluff|Swampert-Mega, M|77\/100\n|turn|11\n|\n|switch|p1a: Toxapex|Toxapex, F|74\/100\n|-damage|p1a: Toxapex|62\/100|[from] Stealth Rock\n|move|p2a: Let get Bluff|Power-Up Punch|p1a: Toxapex\n|-resisted|p1a: Toxapex\n|-damage|p1a: Toxapex|54\/100\n|-boost|p2a: Let get Bluff|atk|1\n|\n|-weather|RainDance|[upkeep]\n|-heal|p1a: Toxapex|61\/100|[from] item: Black Sludge\n|upkeep\n|turn|12\n|\n|switch|p1a: Tapu Lele|Tapu Lele|77\/100\n|-damage|p1a: Tapu Lele|64\/100|[from] Stealth Rock\n|-fieldstart|move: Psychic Terrain|[from] ability: Psychic Surge|[of] p1a: Tapu Lele\n|move|p2a: Let get Bluff|Earthquake|p1a: Tapu Lele\n|-crit|p1a: Tapu Lele\n|-damage|p1a: Tapu Lele|0 fnt\n|faint|p1a: Tapu Lele\n|\n|-weather|RainDance|[upkeep]\n|upkeep\n|\n|switch|p1a: Landorus|Landorus-Therian, M|88\/100\n|-damage|p1a: Landorus|76\/100|[from] Stealth Rock\n|-ability|p1a: Landorus|Intimidate|boost\n|-unboost|p2a: Let get Bluff|atk|1\n|turn|13\n|\n|switch|p1a: Toxapex|Toxapex, F|94\/100\n|-damage|p1a: Toxapex|81\/100|[from] Stealth Rock\n|move|p2a: Let get Bluff|Power-Up Punch|p1a: Toxapex\n|-resisted|p1a: Toxapex\n|-damage|p1a: Toxapex|75\/100\n|-boost|p2a: Let get Bluff|atk|1\n|\n|-weather|RainDance|[upkeep]\n|-heal|p1a: Toxapex|81\/100|[from] item: Black Sludge\n|upkeep\n|turn|14\n|\n|switch|p1a: Landorus|Landorus-Therian, M|76\/100\n|-damage|p1a: Landorus|64\/100|[from] Stealth Rock\n|-ability|p1a: Landorus|Intimidate|boost\n|-unboost|p2a: Let get Bluff|atk|1\n|move|p2a: Let get Bluff|Earthquake|p1a: Landorus\n|-immune|p1a: Landorus\n|\n|-weather|RainDance|[upkeep]\n|upkeep\n|turn|15\n|\n|switch|p1a: Toxapex|Toxapex, F|100\/100\n|-damage|p1a: Toxapex|88\/100|[from] Stealth Rock\n|move|p2a: Let get Bluff|Waterfall|p1a: Toxapex\n|-resisted|p1a: Toxapex\n|-damage|p1a: Toxapex|60\/100\n|\n|-weather|RainDance|[upkeep]\n|-heal|p1a: Toxapex|66\/100|[from] item: Black Sludge\n|upkeep\n|turn|16\n|\n|switch|p1a: Landorus|Landorus-Therian, M|64\/100\n|-damage|p1a: Landorus|51\/100|[from] Stealth Rock\n|-ability|p1a: Landorus|Intimidate|boost\n|-unboost|p2a: Let get Bluff|atk|1\n|move|p2a: Let get Bluff|Earthquake|p1a: Landorus\n|-immune|p1a: Landorus\n|\n|-weather|none\n|-fieldend|move: Psychic Terrain\n|upkeep\n|turn|17\n|\n|switch|p2a: Tapu Koko|Tapu Koko|66\/100\n|-fieldstart|move: Electric Terrain|[from] ability: Electric Surge|[of] p2a: Tapu Koko\n|move|p1a: Landorus|Earthquake|p2a: Tapu Koko\n|-supereffective|p2a: Tapu Koko\n|-damage|p2a: Tapu Koko|0 fnt\n|faint|p2a: Tapu Koko\n|\n|upkeep\n|\n|switch|p2a: opy and PasteBirb|Hawlucha, F|100\/100\n|-enditem|p2a: opy and PasteBirb|Electric Seed\n|-boost|p2a: opy and PasteBirb|def|1|[from] item: Electric Seed\n|turn|18\n|\n|move|p2a: opy and PasteBirb|Swords Dance|p2a: opy and PasteBirb\n|-boost|p2a: opy and PasteBirb|atk|2\n|move|p1a: Landorus|Toxic|p2a: opy and PasteBirb\n|-status|p2a: opy and PasteBirb|tox\n|\n|-damage|p2a: opy and PasteBirb|94\/100 tox|[from] psn\n|upkeep\n|turn|19\n|\n|switch|p1a: Toxapex|Toxapex, F|99\/100\n|-damage|p1a: Toxapex|87\/100|[from] Stealth Rock\n|move|p2a: opy and PasteBirb|Swords Dance|p2a: opy and PasteBirb\n|-boost|p2a: opy and PasteBirb|atk|2\n|\n|-heal|p1a: Toxapex|93\/100|[from] item: Black Sludge\n|-damage|p2a: opy and PasteBirb|82\/100 tox|[from] psn\n|upkeep\n|turn|20\n|\n|switch|p1a: Landorus|Landorus-Therian, M|51\/100\n|-damage|p1a: Landorus|39\/100|[from] Stealth Rock\n|-ability|p1a: Landorus|Intimidate|boost\n|-unboost|p2a: opy and PasteBirb|atk|1\n|move|p2a: opy and PasteBirb|Acrobatics|p1a: Landorus\n|-damage|p1a: Landorus|0 fnt\n|faint|p1a: Landorus\n|\n|-damage|p2a: opy and PasteBirb|63\/100 tox|[from] psn\n|upkeep\n|\n|switch|p1a: Toxapex|Toxapex, F|100\/100\n|-damage|p1a: Toxapex|88\/100|[from] Stealth Rock\n|turn|21\n|\n|switch|p1a: Excadrill|Excadrill, F|100\/100\n|-damage|p1a: Excadrill|97\/100|[from] Stealth Rock\n|-ability|p1a: Excadrill|Mold Breaker\n|move|p2a: opy and PasteBirb|Acrobatics|p1a: Excadrill\n|-resisted|p1a: Excadrill\n|-damage|p1a: Excadrill|14\/100\n|\n|-damage|p2a: opy and PasteBirb|38\/100 tox|[from] psn\n|-fieldend|move: Electric Terrain\n|upkeep\n|turn|22\n|\n|move|p2a: opy and PasteBirb|Roost|p2a: opy and PasteBirb\n|-heal|p2a: opy and PasteBirb|88\/100 tox\n|-singleturn|p2a: opy and PasteBirb|move: Roost\n|move|p1a: Excadrill|Rapid Spin|p2a: opy and PasteBirb\n|-damage|p2a: opy and PasteBirb|81\/100 tox\n|-sideend|p1: Watrika|Stealth Rock|[from] move: Rapid Spin|[of] p1a: Excadrill\n|\n|-damage|p2a: opy and PasteBirb|50\/100 tox|[from] psn\n|upkeep\n|turn|23\n|\n|switch|p1a: Toxapex|Toxapex, F|100\/100\n|move|p2a: opy and PasteBirb|Acrobatics|p1a: Toxapex\n|-damage|p1a: Toxapex|3\/100\n|\n|-heal|p1a: Toxapex|9\/100|[from] item: Black Sludge\n|-damage|p2a: opy and PasteBirb|13\/100 tox|[from] psn\n|upkeep\n|turn|24\n|\n|switch|p1a: Excadrill|Excadrill, F|14\/100\n|-ability|p1a: Excadrill|Mold Breaker\n|move|p2a: opy and PasteBirb|Roost|p2a: opy and PasteBirb\n|-heal|p2a: opy and PasteBirb|63\/100 tox\n|-singleturn|p2a: opy and PasteBirb|move: Roost\n|\n|-damage|p2a: opy and PasteBirb|20\/100 tox|[from] psn\n|upkeep\n|turn|25\n|\n|move|p2a: opy and PasteBirb|Acrobatics|p1a: Excadrill\n|-resisted|p1a: Excadrill\n|-damage|p1a: Excadrill|0 fnt\n|faint|p1a: Excadrill\n|\n|-damage|p2a: opy and PasteBirb|0 fnt|[from] psn\n|faint|p2a: opy and PasteBirb\n|upkeep\n|\n|switch|p2a: K. Beats|Greninja, M|100\/100\n|switch|p1a: Pinsir|Pinsir, F|100\/100\n|turn|26\n|\n|detailschange|p1a: Pinsir|Pinsir-Mega, F\n|-mega|p1a: Pinsir|Pinsir|Pinsirite\n|move|p2a: K. Beats|Hydro Pump|p1a: Pinsir\n|-damage|p1a: Pinsir|19\/100\n|move|p1a: Pinsir|Return|p2a: K. Beats\n|-damage|p2a: K. Beats|18\/100\n|\n|upkeep\n|turn|27\n|\n|move|p1a: Pinsir|Quick Attack|p2a: K. Beats\n|-crit|p2a: K. Beats\n|-damage|p2a: K. Beats|0 fnt\n|faint|p2a: K. Beats\n|\n|upkeep\n|c|\u2606Watrika|Gg\n|\n|switch|p2a: Let get Bluff|Swampert-Mega, M|77\/100\n|turn|28\n|\n|move|p1a: Pinsir|Return|p2a: Let get Bluff\n|-damage|p2a: Let get Bluff|4\/100\n|move|p2a: Let get Bluff|Earthquake|p1a: Pinsir\n|-immune|p1a: Pinsir\n|\n|upkeep\n|turn|29\n|c|\u2606Watrika|Ez\n|-message|Ban Lando t guy jk forfeited.\n|\n|win|Watrika\n|l|\u2606Ban Lando t guy jk\n|raw|Watrika's rating: 1712 &rarr; <strong>1737<\/strong><br \/>(+25 for winning)\n|raw|Ban Lando t guy jk's rating: 1805 &rarr; <strong>1780<\/strong><br \/>(-25 for losing)\n","uploadtime":1592463541,"views":24,"p1id":"watrika","p2id":"banlandotguyjk","formatid":"gen7ou","rating":1737,"private":0,"password":null}