{"id":"gen7ou-964799055","p1":"libertario arg","p2":"lord cube","format":"gen7ou","log":"|j|\u2606libertario arg\n|j|\u2606lord cube\n|player|p1|libertario arg|1|1436\n|player|p2|lord cube|2|1362\n|teamsize|p1|6\n|teamsize|p2|6\n|gametype|singles\n|gen|7\n|tier|[Gen 7] OU\n|rated|\n|rule|Sleep Clause Mod: Limit one foe put to sleep\n|rule|Species Clause: Limit one of each Pok\u00e9mon\n|rule|OHKO Clause: OHKO moves are banned\n|rule|Moody Clause: Moody is banned\n|rule|Evasion Moves Clause: Evasion moves are banned\n|rule|Endless Battle Clause: Forcing endless battles is banned\n|rule|HP Percentage Mod: HP is shown in percentages\n|clearpoke\n|poke|p1|Crawdaunt, M|item\n|poke|p1|Ferrothorn, M|item\n|poke|p1|Toxapex, F|item\n|poke|p1|Landorus-Therian, M|item\n|poke|p1|Diancie|item\n|poke|p1|Hitmonlee, M|item\n|poke|p2|Rotom-Wash|item\n|poke|p2|Zapdos|item\n|poke|p2|Nidoqueen, F|item\n|poke|p2|Garchomp, F|item\n|poke|p2|Scizor, F|item\n|poke|p2|Ditto|item\n|teampreview\n|inactive|Battle timer is ON: inactive players will automatically lose when time's up. (requested by lord cube)\n|\n|start\n|switch|p1a: Diancie|Diancie|100\/100\n|switch|p2a: Rotom|Rotom-Wash|100\/100\n|turn|1\n|\n|detailschange|p1a: Diancie|Diancie-Mega\n|-mega|p1a: Diancie|Diancie|Diancite\n|move|p1a: Diancie|Stealth Rock|p2a: Rotom\n|-sidestart|p2: lord cube|move: Stealth Rock\n|move|p2a: Rotom|Hydro Pump|p1a: Diancie\n|-supereffective|p1a: Diancie\n|-damage|p1a: Diancie|3\/100\n|\n|upkeep\n|turn|2\n|\n|switch|p1a: Ball Breaker|Ferrothorn, M|100\/100\n|move|p2a: Rotom|Volt Switch|p1a: Ball Breaker\n|-resisted|p1a: Ball Breaker\n|-damage|p1a: Ball Breaker|92\/100\n|\n|switch|p2a: Zapdos|Zapdos|100\/100|[from]move: Volt Switch\n|-damage|p2a: Zapdos|76\/100|[from] Stealth Rock\n|-ability|p2a: Zapdos|Pressure\n|\n|-heal|p2a: Zapdos|82\/100|[from] item: Leftovers\n|-heal|p1a: Ball Breaker|98\/100|[from] item: Leftovers\n|upkeep\n|turn|3\n|\n|move|p2a: Zapdos|Defog|p1a: Ball Breaker\n|-unboost|p1a: Ball Breaker|evasion|1\n|-sideend|p2: lord cube|Stealth Rock|[from] move: Defog|[of] p2a: Zapdos\n|move|p1a: Ball Breaker|Leech Seed|p2a: Zapdos\n|-start|p2a: Zapdos|move: Leech Seed\n|\n|-heal|p2a: Zapdos|88\/100|[from] item: Leftovers\n|-heal|p1a: Ball Breaker|100\/100|[from] item: Leftovers\n|-damage|p2a: Zapdos|76\/100|[from] Leech Seed|[of] p1a: Ball Breaker\n|upkeep\n|turn|4\n|\n|move|p2a: Zapdos|Heat Wave|p1a: Ball Breaker\n|-supereffective|p1a: Ball Breaker\n|-damage|p1a: Ball Breaker|28\/100\n|move|p1a: Ball Breaker|Spikes|p2a: Zapdos\n|-sidestart|p2: lord cube|Spikes\n|\n|-heal|p2a: Zapdos|82\/100|[from] item: Leftovers\n|-heal|p1a: Ball Breaker|34\/100|[from] item: Leftovers\n|-damage|p2a: Zapdos|70\/100|[from] Leech Seed|[of] p1a: Ball Breaker\n|-heal|p1a: Ball Breaker|47\/100|[silent]\n|upkeep\n|turn|5\n|\n|switch|p1a: Toxapex|Toxapex, F|100\/100\n|move|p2a: Zapdos|Heat Wave|p1a: Toxapex|[miss]\n|-miss|p2a: Zapdos|p1a: Toxapex\n|\n|-heal|p2a: Zapdos|76\/100|[from] item: Leftovers\n|-damage|p2a: Zapdos|63\/100|[from] Leech Seed|[of] p1a: Toxapex\n|upkeep\n|turn|6\n|\n|switch|p1a: Landorus|Landorus-Therian, M|100\/100\n|-ability|p1a: Landorus|Intimidate|boost\n|-unboost|p2a: Zapdos|atk|1\n|move|p2a: Zapdos|Volt Switch|p1a: Landorus\n|-immune|p1a: Landorus\n|\n|-heal|p2a: Zapdos|70\/100|[from] item: Leftovers\n|-damage|p2a: Zapdos|57\/100|[from] Leech Seed|[of] p1a: Landorus\n|upkeep\n|turn|7\n|\n|switch|p2a: Rotom|Rotom-Wash|100\/100\n|move|p1a: Landorus|U-turn|p2a: Rotom\n|-damage|p2a: Rotom|75\/100\n|\n|switch|p1a: Ocean man|Crawdaunt, M, shiny|100\/100|[from]move: U-turn\n|\n|-heal|p2a: Rotom|81\/100|[from] item: Leftovers\n|upkeep\n|turn|8\n|\n|move|p2a: Rotom|Volt Switch|p1a: Ocean man\n|-supereffective|p1a: Ocean man\n|-damage|p1a: Ocean man|0 fnt\n|faint|p1a: Ocean man\n|\n|switch|p2a: Scizor|Scizor, F|100\/100|[from]move: Volt Switch\n|-damage|p2a: Scizor|88\/100|[from] Spikes\n|\n|upkeep\n|\n|switch|p1a: Toxapex|Toxapex, F|100\/100\n|turn|9\n|\n|detailschange|p2a: Scizor|Scizor-Mega, F\n|-mega|p2a: Scizor|Scizor|Scizorite\n|move|p2a: Scizor|U-turn|p1a: Toxapex\n|-resisted|p1a: Toxapex\n|-damage|p1a: Toxapex|86\/100\n|\n|switch|p2a: Zapdos|Zapdos|57\/100|[from]move: U-turn\n|-ability|p2a: Zapdos|Pressure\n|move|p1a: Toxapex|Scald|p2a: Zapdos\n|-damage|p2a: Zapdos|41\/100\n|-status|p2a: Zapdos|brn\n|\n|-heal|p2a: Zapdos|47\/100 brn|[from] item: Leftovers\n|-heal|p1a: Toxapex|92\/100|[from] item: Black Sludge\n|-damage|p2a: Zapdos|41\/100 brn|[from] brn\n|upkeep\n|turn|10\n|inactive|libertario arg has 120 seconds left.\n|\n|switch|p1a: Diancie|Diancie-Mega|3\/100\n|move|p2a: Zapdos|Roost|p2a: Zapdos\n|-heal|p2a: Zapdos|91\/100 brn\n|-singleturn|p2a: Zapdos|move: Roost\n|\n|-heal|p2a: Zapdos|97\/100 brn|[from] item: Leftovers\n|-damage|p2a: Zapdos|91\/100 brn|[from] brn\n|upkeep\n|turn|11\n|\n|switch|p2a: Scizor|Scizor-Mega, F|88\/100\n|-damage|p2a: Scizor|76\/100|[from] Spikes\n|move|p1a: Diancie|Moonblast|p2a: Scizor\n|-resisted|p2a: Scizor\n|-damage|p2a: Scizor|51\/100\n|\n|upkeep\n|turn|12\n|\n|move|p1a: Diancie|Hidden Power|p2a: Scizor\n|-supereffective|p2a: Scizor\n|-damage|p2a: Scizor|0 fnt\n|faint|p2a: Scizor\n|\n|upkeep\n|\n|switch|p2a: Rotom|Rotom-Wash|81\/100\n|turn|13\n|\n|switch|p1a: Ball Breaker|Ferrothorn, M|47\/100\n|move|p2a: Rotom|Volt Switch|p1a: Ball Breaker\n|-resisted|p1a: Ball Breaker\n|-damage|p1a: Ball Breaker|39\/100\n|\n|switch|p2a: Zapdos|Zapdos|91\/100 brn|[from]move: Volt Switch\n|-ability|p2a: Zapdos|Pressure\n|\n|-heal|p2a: Zapdos|97\/100 brn|[from] item: Leftovers\n|-heal|p1a: Ball Breaker|45\/100|[from] item: Leftovers\n|-damage|p2a: Zapdos|91\/100 brn|[from] brn\n|upkeep\n|turn|14\n|\n|move|p2a: Zapdos|Heat Wave|p1a: Ball Breaker\n|-supereffective|p1a: Ball Breaker\n|-crit|p1a: Ball Breaker\n|-damage|p1a: Ball Breaker|0 fnt\n|faint|p1a: Ball Breaker\n|\n|-heal|p2a: Zapdos|97\/100 brn|[from] item: Leftovers\n|-damage|p2a: Zapdos|91\/100 brn|[from] brn\n|upkeep\n|\n|switch|p1a: Diancie|Diancie-Mega|3\/100\n|turn|15\n|\n|move|p1a: Diancie|Moonblast|p2a: Zapdos\n|-damage|p2a: Zapdos|33\/100 brn\n|-unboost|p2a: Zapdos|spa|1\n|move|p2a: Zapdos|Volt Switch|p1a: Diancie\n|-damage|p1a: Diancie|0 fnt\n|faint|p1a: Diancie\n|\n|switch|p2a: Rotom|Rotom-Wash|81\/100|[from]move: Volt Switch\n|\n|-heal|p2a: Rotom|88\/100|[from] item: Leftovers\n|upkeep\n|inactive|libertario arg has 120 seconds left.\n|\n|switch|p1a: Toxapex|Toxapex, F|100\/100\n|turn|16\n|inactive|libertario arg has 120 seconds left.\n|\n|switch|p1a: Landorus|Landorus-Therian, M|100\/100\n|-ability|p1a: Landorus|Intimidate|boost\n|-unboost|p2a: Rotom|atk|1\n|move|p2a: Rotom|Volt Switch|p1a: Landorus\n|-immune|p1a: Landorus\n|\n|-heal|p2a: Rotom|94\/100|[from] item: Leftovers\n|upkeep\n|turn|17\n|\n|move|p1a: Landorus|U-turn|p2a: Rotom\n|-damage|p2a: Rotom|68\/100\n|\n|switch|p1a: Toxapex|Toxapex, F|100\/100|[from]move: U-turn\n|move|p2a: Rotom|Volt Switch|p1a: Toxapex\n|-supereffective|p1a: Toxapex\n|-damage|p1a: Toxapex|67\/100\n|\n|switch|p2a: Zapdos|Zapdos|33\/100 brn|[from]move: Volt Switch\n|-ability|p2a: Zapdos|Pressure\n|\n|-heal|p2a: Zapdos|39\/100 brn|[from] item: Leftovers\n|-heal|p1a: Toxapex|73\/100|[from] item: Black Sludge\n|-damage|p2a: Zapdos|33\/100 brn|[from] brn\n|upkeep\n|turn|18\n|\n|move|p2a: Zapdos|Roost|p2a: Zapdos\n|-heal|p2a: Zapdos|83\/100 brn\n|-singleturn|p2a: Zapdos|move: Roost\n|move|p1a: Toxapex|Scald|p2a: Zapdos\n|-damage|p2a: Zapdos|66\/100 brn\n|\n|-heal|p2a: Zapdos|72\/100 brn|[from] item: Leftovers\n|-heal|p1a: Toxapex|79\/100|[from] item: Black Sludge\n|-damage|p2a: Zapdos|66\/100 brn|[from] brn\n|upkeep\n|turn|19\n|\n|switch|p1a: Landorus|Landorus-Therian, M|100\/100\n|-ability|p1a: Landorus|Intimidate|boost\n|-unboost|p2a: Zapdos|atk|1\n|move|p2a: Zapdos|Roost|p2a: Zapdos\n|-heal|p2a: Zapdos|100\/100 brn\n|-singleturn|p2a: Zapdos|move: Roost\n|\n|-damage|p2a: Zapdos|94\/100 brn|[from] brn\n|upkeep\n|turn|20\n|\n|move|p1a: Landorus|U-turn|p2a: Zapdos\n|-resisted|p2a: Zapdos\n|-damage|p2a: Zapdos|81\/100 brn\n|\n|switch|p1a: Toxapex|Toxapex, F|100\/100|[from]move: U-turn\n|move|p2a: Zapdos|Heat Wave|p1a: Toxapex|[miss]\n|-miss|p2a: Zapdos|p1a: Toxapex\n|\n|-heal|p2a: Zapdos|87\/100 brn|[from] item: Leftovers\n|-damage|p2a: Zapdos|81\/100 brn|[from] brn\n|upkeep\n|turn|21\n|\n|move|p2a: Zapdos|Volt Switch|p1a: Toxapex\n|-supereffective|p1a: Toxapex\n|-damage|p1a: Toxapex|64\/100\n|\n|switch|p2a: Rotom|Rotom-Wash|68\/100|[from]move: Volt Switch\n|move|p1a: Toxapex|Scald|p2a: Rotom\n|-resisted|p2a: Rotom\n|-damage|p2a: Rotom|60\/100\n|\n|-heal|p2a: Rotom|67\/100|[from] item: Leftovers\n|-heal|p1a: Toxapex|71\/100|[from] item: Black Sludge\n|upkeep\n|turn|22\n|\n|move|p2a: Rotom|Hydro Pump|p1a: Toxapex\n|-resisted|p1a: Toxapex\n|-damage|p1a: Toxapex|57\/100\n|move|p1a: Toxapex|Toxic|p2a: Rotom\n|-status|p2a: Rotom|tox\n|\n|-heal|p2a: Rotom|73\/100 tox|[from] item: Leftovers\n|-heal|p1a: Toxapex|63\/100|[from] item: Black Sludge\n|-damage|p2a: Rotom|67\/100 tox|[from] psn\n|upkeep\n|turn|23\n|\n|move|p2a: Rotom|Hydro Pump|p1a: Toxapex|[miss]\n|-miss|p2a: Rotom|p1a: Toxapex\n|move|p1a: Toxapex|Recover|p1a: Toxapex\n|-heal|p1a: Toxapex|100\/100\n|\n|-heal|p2a: Rotom|73\/100 tox|[from] item: Leftovers\n|-damage|p2a: Rotom|60\/100 tox|[from] psn\n|upkeep\n|turn|24\n|\n|move|p2a: Rotom|Pain Split|p1a: Toxapex\n|-sethp|p1a: Toxapex|80\/100|[from] move: Pain Split|[silent]\n|-sethp|p2a: Rotom|80\/100 tox|[from] move: Pain Split\n|move|p1a: Toxapex|Scald|p2a: Rotom\n|-resisted|p2a: Rotom\n|-damage|p2a: Rotom|73\/100 tox\n|\n|-heal|p2a: Rotom|79\/100 tox|[from] item: Leftovers\n|-heal|p1a: Toxapex|87\/100|[from] item: Black Sludge\n|-damage|p2a: Rotom|60\/100 tox|[from] psn\n|upkeep\n|turn|25\n|inactive|libertario arg has 120 seconds left.\n|\n|move|p2a: Rotom|Will-O-Wisp|p1a: Toxapex|[miss]\n|-miss|p2a: Rotom|p1a: Toxapex\n|move|p1a: Toxapex|Scald|p2a: Rotom\n|-resisted|p2a: Rotom\n|-crit|p2a: Rotom\n|-damage|p2a: Rotom|48\/100 tox\n|\n|-heal|p2a: Rotom|54\/100 tox|[from] item: Leftovers\n|-heal|p1a: Toxapex|93\/100|[from] item: Black Sludge\n|-damage|p2a: Rotom|29\/100 tox|[from] psn\n|upkeep\n|turn|26\n|\n|switch|p2a: Zapdos|Zapdos|81\/100 brn\n|-ability|p2a: Zapdos|Pressure\n|move|p1a: Toxapex|Recover|p1a: Toxapex\n|-heal|p1a: Toxapex|100\/100\n|\n|-heal|p2a: Zapdos|87\/100 brn|[from] item: Leftovers\n|-damage|p2a: Zapdos|81\/100 brn|[from] brn\n|upkeep\n|turn|27\n|\n|move|p2a: Zapdos|Defog|p1a: Toxapex\n|-unboost|p1a: Toxapex|evasion|1\n|-sideend|p2: lord cube|Spikes|[from] move: Defog|[of] p2a: Zapdos\n|move|p1a: Toxapex|Scald|p2a: Zapdos\n|-damage|p2a: Zapdos|64\/100 brn\n|\n|-heal|p2a: Zapdos|70\/100 brn|[from] item: Leftovers\n|-damage|p2a: Zapdos|64\/100 brn|[from] brn\n|upkeep\n|turn|28\n|\n|move|p2a: Zapdos|Roost|p2a: Zapdos\n|-heal|p2a: Zapdos|100\/100 brn\n|-singleturn|p2a: Zapdos|move: Roost\n|move|p1a: Toxapex|Scald|p2a: Zapdos\n|-damage|p2a: Zapdos|82\/100 brn\n|\n|-heal|p2a: Zapdos|88\/100 brn|[from] item: Leftovers\n|-damage|p2a: Zapdos|82\/100 brn|[from] brn\n|upkeep\n|turn|29\n|\n|move|p2a: Zapdos|Volt Switch|p1a: Toxapex\n|-supereffective|p1a: Toxapex\n|-damage|p1a: Toxapex|61\/100\n|\n|switch|p2a: Rotom|Rotom-Wash|29\/100 tox|[from]move: Volt Switch\n|move|p1a: Toxapex|Scald|p2a: Rotom\n|-resisted|p2a: Rotom\n|-damage|p2a: Rotom|22\/100 tox\n|\n|-heal|p2a: Rotom|28\/100 tox|[from] item: Leftovers\n|-heal|p1a: Toxapex|67\/100|[from] item: Black Sludge\n|-damage|p2a: Rotom|22\/100 tox|[from] psn\n|upkeep\n|turn|30\n|\n|move|p2a: Rotom|Volt Switch|p1a: Toxapex\n|-supereffective|p1a: Toxapex\n|-damage|p1a: Toxapex|36\/100\n|\n|switch|p2a: Zapdos|Zapdos|82\/100 brn|[from]move: Volt Switch\n|-ability|p2a: Zapdos|Pressure\n|move|p1a: Toxapex|Recover|p1a: Toxapex\n|-heal|p1a: Toxapex|86\/100\n|\n|-heal|p2a: Zapdos|88\/100 brn|[from] item: Leftovers\n|-heal|p1a: Toxapex|92\/100|[from] item: Black Sludge\n|-damage|p2a: Zapdos|82\/100 brn|[from] brn\n|upkeep\n|turn|31\n|\n|switch|p1a: Landorus|Landorus-Therian, M|100\/100\n|-ability|p1a: Landorus|Intimidate|boost\n|-unboost|p2a: Zapdos|atk|1\n|move|p2a: Zapdos|Volt Switch|p1a: Landorus\n|-immune|p1a: Landorus\n|\n|-heal|p2a: Zapdos|88\/100 brn|[from] item: Leftovers\n|-damage|p2a: Zapdos|82\/100 brn|[from] brn\n|upkeep\n|turn|32\n|\n|move|p1a: Landorus|Hidden Power|p2a: Zapdos\n|-supereffective|p2a: Zapdos\n|-damage|p2a: Zapdos|55\/100 brn\n|move|p2a: Zapdos|Volt Switch|p1a: Landorus\n|-immune|p1a: Landorus\n|\n|-heal|p2a: Zapdos|62\/100 brn|[from] item: Leftovers\n|-damage|p2a: Zapdos|55\/100 brn|[from] brn\n|upkeep\n|turn|33\n|\n|move|p1a: Landorus|Hidden Power|p2a: Zapdos\n|-supereffective|p2a: Zapdos\n|-damage|p2a: Zapdos|30\/100 brn\n|move|p2a: Zapdos|Heat Wave|p1a: Landorus\n|-damage|p1a: Landorus|64\/100\n|\n|-heal|p2a: Zapdos|36\/100 brn|[from] item: Leftovers\n|-damage|p2a: Zapdos|30\/100 brn|[from] brn\n|upkeep\n|turn|34\n|\n|switch|p1a: Hitmonlee|Hitmonlee, M|100\/100\n|move|p2a: Zapdos|Roost|p2a: Zapdos\n|-heal|p2a: Zapdos|80\/100 brn\n|-singleturn|p2a: Zapdos|move: Roost\n|\n|-heal|p2a: Zapdos|87\/100 brn|[from] item: Leftovers\n|-damage|p2a: Zapdos|80\/100 brn|[from] brn\n|upkeep\n|turn|35\n|\n|switch|p1a: Landorus|Landorus-Therian, M|64\/100\n|-ability|p1a: Landorus|Intimidate|boost\n|-unboost|p2a: Zapdos|atk|1\n|move|p2a: Zapdos|Volt Switch|p1a: Landorus\n|-immune|p1a: Landorus\n|\n|-heal|p2a: Zapdos|87\/100 brn|[from] item: Leftovers\n|-damage|p2a: Zapdos|80\/100 brn|[from] brn\n|upkeep\n|turn|36\n|\n|switch|p2a: Rotom|Rotom-Wash|22\/100 tox\n|move|p1a: Landorus|Hidden Power|p2a: Rotom\n|-resisted|p2a: Rotom\n|-damage|p2a: Rotom|15\/100 tox\n|\n|-heal|p2a: Rotom|21\/100 tox|[from] item: Leftovers\n|-damage|p2a: Rotom|15\/100 tox|[from] psn\n|upkeep\n|turn|37\n|\n|switch|p1a: Toxapex|Toxapex, F|100\/100\n|move|p2a: Rotom|Pain Split|p1a: Toxapex\n|-sethp|p1a: Toxapex|58\/100|[from] move: Pain Split|[silent]\n|-sethp|p2a: Rotom|58\/100 tox|[from] move: Pain Split\n|\n|-heal|p2a: Rotom|64\/100 tox|[from] item: Leftovers\n|-heal|p1a: Toxapex|64\/100|[from] item: Black Sludge\n|-damage|p2a: Rotom|51\/100 tox|[from] psn\n|upkeep\n|turn|38\n|\n|move|p2a: Rotom|Volt Switch|p1a: Toxapex\n|-supereffective|p1a: Toxapex\n|-damage|p1a: Toxapex|32\/100\n|\n|switch|p2a: Nidoqueen|Nidoqueen, F|100\/100|[from]move: Volt Switch\n|move|p1a: Toxapex|Scald|p2a: Nidoqueen\n|-supereffective|p2a: Nidoqueen\n|-damage|p2a: Nidoqueen|68\/100\n|\n|-heal|p1a: Toxapex|39\/100|[from] item: Black Sludge\n|upkeep\n|turn|39\n|\n|move|p2a: Nidoqueen|Ice Beam|p1a: Toxapex\n|-resisted|p1a: Toxapex\n|-damage|p1a: Toxapex|27\/100\n|move|p1a: Toxapex|Scald|p2a: Nidoqueen\n|-supereffective|p2a: Nidoqueen\n|-damage|p2a: Nidoqueen|31\/100\n|-status|p2a: Nidoqueen|brn\n|\n|-heal|p1a: Toxapex|33\/100|[from] item: Black Sludge\n|-damage|p2a: Nidoqueen|25\/100 brn|[from] brn\n|upkeep\n|turn|40\n|\n|switch|p1a: Landorus|Landorus-Therian, M|64\/100\n|-ability|p1a: Landorus|Intimidate|boost\n|-unboost|p2a: Nidoqueen|atk|1\n|move|p2a: Nidoqueen|Earth Power|p1a: Landorus\n|-immune|p1a: Landorus\n|\n|-damage|p2a: Nidoqueen|19\/100 brn|[from] brn\n|upkeep\n|turn|41\n|\n|switch|p2a: Rotom|Rotom-Wash|51\/100 tox\n|move|p1a: Landorus|U-turn|p2a: Rotom\n|-damage|p2a: Rotom|26\/100 tox\n|\n|switch|p1a: Hitmonlee|Hitmonlee, M|100\/100|[from]move: U-turn\n|\n|-heal|p2a: Rotom|32\/100 tox|[from] item: Leftovers\n|-damage|p2a: Rotom|26\/100 tox|[from] psn\n|upkeep\n|turn|42\n|\n|move|p1a: Hitmonlee|Knock Off|p2a: Rotom\n|-damage|p2a: Rotom|0 fnt\n|-enditem|p2a: Rotom|Leftovers|[from] move: Knock Off|[of] p1a: Hitmonlee\n|faint|p2a: Rotom\n|\n|upkeep\n|\n|switch|p2a: Zapdos|Zapdos|80\/100 brn\n|-ability|p2a: Zapdos|Pressure\n|turn|43\n|\n|switch|p1a: Landorus|Landorus-Therian, M|64\/100\n|-ability|p1a: Landorus|Intimidate|boost\n|-unboost|p2a: Zapdos|atk|1\n|move|p2a: Zapdos|Volt Switch|p1a: Landorus\n|-immune|p1a: Landorus\n|\n|-heal|p2a: Zapdos|87\/100 brn|[from] item: Leftovers\n|-damage|p2a: Zapdos|80\/100 brn|[from] brn\n|upkeep\n|turn|44\n|\n|move|p1a: Landorus|U-turn|p2a: Zapdos\n|-resisted|p2a: Zapdos\n|-damage|p2a: Zapdos|68\/100 brn\n|\n|switch|p1a: Toxapex|Toxapex, F|67\/100|[from]move: U-turn\n|move|p2a: Zapdos|Heat Wave|p1a: Toxapex\n|-resisted|p1a: Toxapex\n|-damage|p1a: Toxapex|58\/100\n|\n|-heal|p2a: Zapdos|74\/100 brn|[from] item: Leftovers\n|-heal|p1a: Toxapex|65\/100|[from] item: Black Sludge\n|-damage|p2a: Zapdos|68\/100 brn|[from] brn\n|upkeep\n|turn|45\n|inactive|libertario arg has 120 seconds left.\n|\n|move|p2a: Zapdos|Roost|p2a: Zapdos\n|-heal|p2a: Zapdos|100\/100 brn\n|-singleturn|p2a: Zapdos|move: Roost\n|move|p1a: Toxapex|Recover|p1a: Toxapex\n|-heal|p1a: Toxapex|100\/100\n|\n|-damage|p2a: Zapdos|94\/100 brn|[from] brn\n|upkeep\n|turn|46\n|\n|move|p2a: Zapdos|Heat Wave|p1a: Toxapex\n|-resisted|p1a: Toxapex\n|-damage|p1a: Toxapex|92\/100\n|move|p1a: Toxapex|Scald|p2a: Zapdos\n|-damage|p2a: Zapdos|79\/100 brn\n|\n|-heal|p2a: Zapdos|85\/100 brn|[from] item: Leftovers\n|-heal|p1a: Toxapex|98\/100|[from] item: Black Sludge\n|-damage|p2a: Zapdos|79\/100 brn|[from] brn\n|upkeep\n|turn|47\n|\n|move|p2a: Zapdos|Volt Switch|p1a: Toxapex\n|-supereffective|p1a: Toxapex\n|-damage|p1a: Toxapex|58\/100\n|inactive|lord cube has 120 seconds left.\n|\n|switch|p2a: Ditto|Ditto|100\/100|[from]move: Volt Switch\n|-transform|p2a: Ditto|p1a: Toxapex|[from] ability: Imposter\n|move|p1a: Toxapex|Scald|p2a: Ditto\n|-resisted|p2a: Ditto\n|-damage|p2a: Ditto|95\/100\n|-status|p2a: Ditto|brn\n|\n|-heal|p1a: Toxapex|64\/100|[from] item: Black Sludge\n|-damage|p2a: Ditto|89\/100 brn|[from] brn\n|upkeep\n|turn|48\n|inactive|lord cube has 120 seconds left.\n|\n|switch|p2a: Nidoqueen|Nidoqueen, F|19\/100 brn\n|move|p1a: Toxapex|Recover|p1a: Toxapex\n|-heal|p1a: Toxapex|100\/100\n|\n|-damage|p2a: Nidoqueen|13\/100 brn|[from] brn\n|upkeep\n|turn|49\n|\n|move|p2a: Nidoqueen|Earth Power|p1a: Toxapex\n|-supereffective|p1a: Toxapex\n|-damage|p1a: Toxapex|26\/100\n|move|p1a: Toxapex|Scald|p2a: Nidoqueen\n|-supereffective|p2a: Nidoqueen\n|-damage|p2a: Nidoqueen|0 fnt\n|faint|p2a: Nidoqueen\n|\n|-heal|p1a: Toxapex|32\/100|[from] item: Black Sludge\n|upkeep\n|\n|switch|p2a: Zapdos|Zapdos|79\/100 brn\n|-ability|p2a: Zapdos|Pressure\n|turn|50\n|\n|move|p2a: Zapdos|Heat Wave|p1a: Toxapex\n|-resisted|p1a: Toxapex\n|-damage|p1a: Toxapex|24\/100\n|move|p1a: Toxapex|Recover|p1a: Toxapex\n|-heal|p1a: Toxapex|74\/100\n|\n|-heal|p2a: Zapdos|85\/100 brn|[from] item: Leftovers\n|-heal|p1a: Toxapex|80\/100|[from] item: Black Sludge\n|-damage|p2a: Zapdos|79\/100 brn|[from] brn\n|upkeep\n|turn|51\n|\n|move|p2a: Zapdos|Volt Switch|p1a: Toxapex\n|-supereffective|p1a: Toxapex\n|-damage|p1a: Toxapex|44\/100\n|\n|switch|p2a: Ditto|Ditto|100\/100 brn|[from]move: Volt Switch\n|-transform|p2a: Ditto|p1a: Toxapex|[from] ability: Imposter\n|move|p1a: Toxapex|Scald|p2a: Ditto\n|-resisted|p2a: Ditto\n|-damage|p2a: Ditto|95\/100 brn\n|\n|-heal|p1a: Toxapex|50\/100|[from] item: Black Sludge\n|-damage|p2a: Ditto|89\/100 brn|[from] brn\n|upkeep\n|turn|52\n|inactive|lord cube has 120 seconds left.\n|\n|move|p2a: Ditto|Scald|p1a: Toxapex\n|-resisted|p1a: Toxapex\n|-damage|p1a: Toxapex|45\/100\n|move|p1a: Toxapex|Recover|p1a: Toxapex\n|-heal|p1a: Toxapex|95\/100\n|\n|-heal|p1a: Toxapex|100\/100|[from] item: Black Sludge\n|-damage|p2a: Ditto|83\/100 brn|[from] brn\n|upkeep\n|turn|53\n|inactive|lord cube has 120 seconds left.\n|\n|move|p2a: Ditto|Scald|p1a: Toxapex\n|-resisted|p1a: Toxapex\n|-damage|p1a: Toxapex|95\/100\n|-status|p1a: Toxapex|brn\n|move|p1a: Toxapex|Scald|p2a: Ditto\n|-resisted|p2a: Ditto\n|-damage|p2a: Ditto|77\/100 brn\n|\n|-heal|p1a: Toxapex|100\/100 brn|[from] item: Black Sludge\n|-damage|p2a: Ditto|71\/100 brn|[from] brn\n|-damage|p1a: Toxapex|94\/100 brn|[from] brn\n|upkeep\n|turn|54\n|\n|move|p2a: Ditto|Scald|p1a: Toxapex\n|-resisted|p1a: Toxapex\n|-damage|p1a: Toxapex|89\/100 brn\n|move|p1a: Toxapex|Scald|p2a: Ditto\n|-resisted|p2a: Ditto\n|-damage|p2a: Ditto|66\/100 brn\n|\n|-heal|p1a: Toxapex|96\/100 brn|[from] item: Black Sludge\n|-damage|p2a: Ditto|60\/100 brn|[from] brn\n|-damage|p1a: Toxapex|89\/100 brn|[from] brn\n|upkeep\n|turn|55\n|\n|switch|p2a: Zapdos|Zapdos|79\/100 brn\n|-ability|p2a: Zapdos|Pressure\n|move|p1a: Toxapex|Scald|p2a: Zapdos\n|-damage|p2a: Zapdos|61\/100 brn\n|\n|-heal|p2a: Zapdos|67\/100 brn|[from] item: Leftovers\n|-heal|p1a: Toxapex|96\/100 brn|[from] item: Black Sludge\n|-damage|p2a: Zapdos|61\/100 brn|[from] brn\n|-damage|p1a: Toxapex|89\/100 brn|[from] brn\n|upkeep\n|turn|56\n|\n|move|p2a: Zapdos|Roost|p2a: Zapdos\n|-heal|p2a: Zapdos|100\/100 brn\n|-singleturn|p2a: Zapdos|move: Roost\n|move|p1a: Toxapex|Scald|p2a: Zapdos\n|-damage|p2a: Zapdos|83\/100 brn\n|\n|-heal|p2a: Zapdos|89\/100 brn|[from] item: Leftovers\n|-heal|p1a: Toxapex|96\/100 brn|[from] item: Black Sludge\n|-damage|p2a: Zapdos|83\/100 brn|[from] brn\n|-damage|p1a: Toxapex|89\/100 brn|[from] brn\n|upkeep\n|turn|57\n|\n|move|p2a: Zapdos|Volt Switch|p1a: Toxapex\n|-supereffective|p1a: Toxapex\n|-damage|p1a: Toxapex|50\/100 brn\n|\n|switch|p2a: Ditto|Ditto|93\/100 brn|[from]move: Volt Switch\n|-transform|p2a: Ditto|p1a: Toxapex|[from] ability: Imposter\n|move|p1a: Toxapex|Recover|p1a: Toxapex\n|-heal|p1a: Toxapex|99\/100 brn\n|\n|-heal|p1a: Toxapex|100\/100 brn|[from] item: Black Sludge\n|-damage|p2a: Ditto|87\/100 brn|[from] brn\n|-damage|p1a: Toxapex|94\/100 brn|[from] brn\n|upkeep\n|turn|58\n|\n|move|p2a: Ditto|Scald|p1a: Toxapex\n|-resisted|p1a: Toxapex\n|-damage|p1a: Toxapex|89\/100 brn\n|move|p1a: Toxapex|Haze|p1a: Toxapex\n|-clearallboost\n|\n|-heal|p1a: Toxapex|96\/100 brn|[from] item: Black Sludge\n|-damage|p2a: Ditto|81\/100 brn|[from] brn\n|-damage|p1a: Toxapex|89\/100 brn|[from] brn\n|upkeep\n|turn|59\n|\n|move|p2a: Ditto|Scald|p1a: Toxapex\n|-resisted|p1a: Toxapex\n|-damage|p1a: Toxapex|84\/100 brn\n|move|p1a: Toxapex|Toxic||[still]\n|-fail|p1a: Toxapex\n|\n|-heal|p1a: Toxapex|91\/100 brn|[from] item: Black Sludge\n|-damage|p2a: Ditto|74\/100 brn|[from] brn\n|-damage|p1a: Toxapex|84\/100 brn|[from] brn\n|upkeep\n|turn|60\n|\n|move|p2a: Ditto|Scald|p1a: Toxapex\n|-resisted|p1a: Toxapex\n|-damage|p1a: Toxapex|79\/100 brn\n|move|p1a: Toxapex|Toxic||[still]\n|-fail|p1a: Toxapex\n|\n|-heal|p1a: Toxapex|86\/100 brn|[from] item: Black Sludge\n|-damage|p2a: Ditto|68\/100 brn|[from] brn\n|-damage|p1a: Toxapex|79\/100 brn|[from] brn\n|upkeep\n|turn|61\n|\n|switch|p2a: Zapdos|Zapdos|83\/100 brn\n|-ability|p2a: Zapdos|Pressure\n|move|p1a: Toxapex|Toxic||[still]\n|-fail|p1a: Toxapex\n|\n|-heal|p2a: Zapdos|89\/100 brn|[from] item: Leftovers\n|-heal|p1a: Toxapex|86\/100 brn|[from] item: Black Sludge\n|-damage|p2a: Zapdos|83\/100 brn|[from] brn\n|-damage|p1a: Toxapex|79\/100 brn|[from] brn\n|upkeep\n|turn|62\n|\n|move|p2a: Zapdos|Volt Switch|p1a: Toxapex\n|-supereffective|p1a: Toxapex\n|-damage|p1a: Toxapex|44\/100 brn\n|\n|switch|p2a: Ditto|Ditto|100\/100 brn|[from]move: Volt Switch\n|-transform|p2a: Ditto|p1a: Toxapex|[from] ability: Imposter\n|move|p1a: Toxapex|Toxic||[still]\n|-fail|p1a: Toxapex\n|\n|-heal|p1a: Toxapex|50\/100 brn|[from] item: Black Sludge\n|-damage|p2a: Ditto|94\/100 brn|[from] brn\n|-damage|p1a: Toxapex|44\/100 brn|[from] brn\n|upkeep\n|turn|63\n|\n|move|p2a: Ditto|Scald|p1a: Toxapex\n|-resisted|p1a: Toxapex\n|-damage|p1a: Toxapex|39\/100 brn\n|move|p1a: Toxapex|Toxic||[still]\n|-fail|p1a: Toxapex\n|\n|-heal|p1a: Toxapex|45\/100 brn|[from] item: Black Sludge\n|-damage|p2a: Ditto|88\/100 brn|[from] brn\n|-damage|p1a: Toxapex|39\/100 brn|[from] brn\n|upkeep\n|turn|64\n|\n|move|p2a: Ditto|Scald|p1a: Toxapex\n|-resisted|p1a: Toxapex\n|-damage|p1a: Toxapex|33\/100 brn\n|move|p1a: Toxapex|Toxic||[still]\n|-fail|p1a: Toxapex\n|\n|-heal|p1a: Toxapex|40\/100 brn|[from] item: Black Sludge\n|-damage|p2a: Ditto|82\/100 brn|[from] brn\n|-damage|p1a: Toxapex|33\/100 brn|[from] brn\n|upkeep\n|turn|65\n|\n|move|p2a: Ditto|Scald|p1a: Toxapex\n|-resisted|p1a: Toxapex\n|-damage|p1a: Toxapex|28\/100 brn\n|move|p1a: Toxapex|Recover|p1a: Toxapex\n|-heal|p1a: Toxapex|78\/100 brn\n|\n|-heal|p1a: Toxapex|84\/100 brn|[from] item: Black Sludge\n|-damage|p2a: Ditto|76\/100 brn|[from] brn\n|-damage|p1a: Toxapex|78\/100 brn|[from] brn\n|upkeep\n|turn|66\n|\n|move|p2a: Ditto|Scald|p1a: Toxapex\n|-resisted|p1a: Toxapex\n|-damage|p1a: Toxapex|73\/100 brn\n|move|p1a: Toxapex|Toxic||[still]\n|-fail|p1a: Toxapex\n|\n|-heal|p1a: Toxapex|79\/100 brn|[from] item: Black Sludge\n|-damage|p2a: Ditto|70\/100 brn|[from] brn\n|-damage|p1a: Toxapex|73\/100 brn|[from] brn\n|upkeep\n|turn|67\n|\n|move|p2a: Ditto|Scald|p1a: Toxapex\n|-resisted|p1a: Toxapex\n|-damage|p1a: Toxapex|68\/100 brn\n|move|p1a: Toxapex|Toxic||[still]\n|-fail|p1a: Toxapex\n|\n|-heal|p1a: Toxapex|74\/100 brn|[from] item: Black Sludge\n|-damage|p2a: Ditto|64\/100 brn|[from] brn\n|-damage|p1a: Toxapex|68\/100 brn|[from] brn\n|upkeep\n|turn|68\n|\n|switch|p2a: Zapdos|Zapdos|83\/100 brn\n|-ability|p2a: Zapdos|Pressure\n|move|p1a: Toxapex|Toxic||[still]\n|-fail|p1a: Toxapex\n|\n|-heal|p2a: Zapdos|89\/100 brn|[from] item: Leftovers\n|-heal|p1a: Toxapex|74\/100 brn|[from] item: Black Sludge\n|-damage|p2a: Zapdos|83\/100 brn|[from] brn\n|-damage|p1a: Toxapex|68\/100 brn|[from] brn\n|upkeep\n|turn|69\n|\n|move|p2a: Zapdos|Heat Wave|p1a: Toxapex\n|-resisted|p1a: Toxapex\n|-damage|p1a: Toxapex|58\/100 brn\n|move|p1a: Toxapex|Recover|p1a: Toxapex\n|-heal|p1a: Toxapex|100\/100 brn\n|\n|-heal|p2a: Zapdos|89\/100 brn|[from] item: Leftovers\n|-damage|p2a: Zapdos|83\/100 brn|[from] brn\n|-damage|p1a: Toxapex|94\/100 brn|[from] brn\n|upkeep\n|turn|70\n|c|\u2606libertario arg|Pls kill me\n|\n|move|p2a: Zapdos|Roost|p2a: Zapdos\n|-heal|p2a: Zapdos|100\/100 brn\n|-singleturn|p2a: Zapdos|move: Roost\n|move|p1a: Toxapex|Haze|p1a: Toxapex\n|-clearallboost\n|\n|-heal|p1a: Toxapex|100\/100 brn|[from] item: Black Sludge\n|-damage|p2a: Zapdos|94\/100 brn|[from] brn\n|-damage|p1a: Toxapex|94\/100 brn|[from] brn\n|upkeep\n|turn|71\n|\n|move|p2a: Zapdos|Volt Switch|p1a: Toxapex\n|-supereffective|p1a: Toxapex\n|-damage|p1a: Toxapex|56\/100 brn\n|\n|switch|p2a: Ditto|Ditto|97\/100 brn|[from]move: Volt Switch\n|-transform|p2a: Ditto|p1a: Toxapex|[from] ability: Imposter\n|move|p1a: Toxapex|Haze|p1a: Toxapex\n|-clearallboost\n|\n|-heal|p1a: Toxapex|62\/100 brn|[from] item: Black Sludge\n|-damage|p2a: Ditto|91\/100 brn|[from] brn\n|-damage|p1a: Toxapex|56\/100 brn|[from] brn\n|upkeep\n|turn|72\n|\n|move|p2a: Ditto|Scald|p1a: Toxapex\n|-resisted|p1a: Toxapex\n|-damage|p1a: Toxapex|51\/100 brn\n|move|p1a: Toxapex|Recover|p1a: Toxapex\n|-heal|p1a: Toxapex|100\/100 brn\n|\n|-damage|p2a: Ditto|84\/100 brn|[from] brn\n|-damage|p1a: Toxapex|94\/100 brn|[from] brn\n|upkeep\n|turn|73\n|\n|move|p2a: Ditto|Scald|p1a: Toxapex\n|-resisted|p1a: Toxapex\n|-crit|p1a: Toxapex\n|-damage|p1a: Toxapex|86\/100 brn\n|move|p1a: Toxapex|Haze|p1a: Toxapex\n|-clearallboost\n|\n|-heal|p1a: Toxapex|93\/100 brn|[from] item: Black Sludge\n|-damage|p2a: Ditto|78\/100 brn|[from] brn\n|-damage|p1a: Toxapex|86\/100 brn|[from] brn\n|upkeep\n|turn|74\n|\n|move|p2a: Ditto|Scald|p1a: Toxapex\n|-resisted|p1a: Toxapex\n|-damage|p1a: Toxapex|81\/100 brn\n|move|p1a: Toxapex|Haze|p1a: Toxapex\n|-clearallboost\n|\n|-heal|p1a: Toxapex|87\/100 brn|[from] item: Black Sludge\n|-damage|p2a: Ditto|72\/100 brn|[from] brn\n|-damage|p1a: Toxapex|81\/100 brn|[from] brn\n|upkeep\n|turn|75\n|\n|move|p2a: Ditto|Scald|p1a: Toxapex\n|-resisted|p1a: Toxapex\n|-damage|p1a: Toxapex|76\/100 brn\n|move|p1a: Toxapex|Haze|p1a: Toxapex\n|-clearallboost\n|\n|-heal|p1a: Toxapex|82\/100 brn|[from] item: Black Sludge\n|-damage|p2a: Ditto|66\/100 brn|[from] brn\n|-damage|p1a: Toxapex|76\/100 brn|[from] brn\n|upkeep\n|turn|76\n|\n|switch|p2a: Zapdos|Zapdos|94\/100 brn\n|-ability|p2a: Zapdos|Pressure\n|move|p1a: Toxapex|Haze|p1a: Toxapex\n|-clearallboost\n|\n|-heal|p2a: Zapdos|100\/100 brn|[from] item: Leftovers\n|-heal|p1a: Toxapex|82\/100 brn|[from] item: Black Sludge\n|-damage|p2a: Zapdos|94\/100 brn|[from] brn\n|-damage|p1a: Toxapex|76\/100 brn|[from] brn\n|upkeep\n|turn|77\n|\n|move|p2a: Zapdos|Heat Wave|p1a: Toxapex\n|-resisted|p1a: Toxapex\n|-crit|p1a: Toxapex\n|-damage|p1a: Toxapex|63\/100 brn\n|move|p1a: Toxapex|Haze|p1a: Toxapex\n|-clearallboost\n|\n|-heal|p2a: Zapdos|100\/100 brn|[from] item: Leftovers\n|-heal|p1a: Toxapex|70\/100 brn|[from] item: Black Sludge\n|-damage|p2a: Zapdos|94\/100 brn|[from] brn\n|-damage|p1a: Toxapex|63\/100 brn|[from] brn\n|upkeep\n|turn|78\n|\n|move|p2a: Zapdos|Heat Wave|p1a: Toxapex|[miss]\n|-miss|p2a: Zapdos|p1a: Toxapex\n|move|p1a: Toxapex|Haze|p1a: Toxapex\n|-clearallboost\n|\n|-heal|p2a: Zapdos|100\/100 brn|[from] item: Leftovers\n|-heal|p1a: Toxapex|70\/100 brn|[from] item: Black Sludge\n|-damage|p2a: Zapdos|94\/100 brn|[from] brn\n|-damage|p1a: Toxapex|63\/100 brn|[from] brn\n|upkeep\n|turn|79\n|\n|move|p2a: Zapdos|Heat Wave|p1a: Toxapex\n|-resisted|p1a: Toxapex\n|-damage|p1a: Toxapex|54\/100 brn\n|move|p1a: Toxapex|Haze|p1a: Toxapex\n|-clearallboost\n|\n|-heal|p2a: Zapdos|100\/100 brn|[from] item: Leftovers\n|-heal|p1a: Toxapex|61\/100 brn|[from] item: Black Sludge\n|-damage|p2a: Zapdos|94\/100 brn|[from] brn\n|-damage|p1a: Toxapex|54\/100 brn|[from] brn\n|upkeep\n|turn|80\n|\n|move|p2a: Zapdos|Volt Switch|p1a: Toxapex\n|-supereffective|p1a: Toxapex\n|-damage|p1a: Toxapex|18\/100 brn\n|\n|switch|p2a: Garchomp|Garchomp, F|100\/100|[from]move: Volt Switch\n|move|p1a: Toxapex|Recover|p1a: Toxapex\n|-heal|p1a: Toxapex|68\/100 brn\n|\n|-heal|p1a: Toxapex|75\/100 brn|[from] item: Black Sludge\n|-damage|p1a: Toxapex|68\/100 brn|[from] brn\n|upkeep\n|turn|81\n|\n|switch|p2a: Ditto|Ditto|99\/100 brn\n|-transform|p2a: Ditto|p1a: Toxapex|[from] ability: Imposter\n|move|p1a: Toxapex|Toxic||[still]\n|-fail|p1a: Toxapex\n|\n|-heal|p1a: Toxapex|75\/100 brn|[from] item: Black Sludge\n|-damage|p2a: Ditto|93\/100 brn|[from] brn\n|-damage|p1a: Toxapex|68\/100 brn|[from] brn\n|upkeep\n|turn|82\n|\n|move|p2a: Ditto|Scald|p1a: Toxapex\n|-resisted|p1a: Toxapex\n|-damage|p1a: Toxapex|63\/100 brn\n|move|p1a: Toxapex|Haze|p1a: Toxapex\n|-clearallboost\n|\n|-heal|p1a: Toxapex|69\/100 brn|[from] item: Black Sludge\n|-damage|p2a: Ditto|87\/100 brn|[from] brn\n|-damage|p1a: Toxapex|63\/100 brn|[from] brn\n|upkeep\n|turn|83\n|\n|move|p2a: Ditto|Scald|p1a: Toxapex\n|-resisted|p1a: Toxapex\n|-damage|p1a: Toxapex|58\/100 brn\n|move|p1a: Toxapex|Haze|p1a: Toxapex\n|-clearallboost\n|\n|-heal|p1a: Toxapex|64\/100 brn|[from] item: Black Sludge\n|-damage|p2a: Ditto|81\/100 brn|[from] brn\n|-damage|p1a: Toxapex|58\/100 brn|[from] brn\n|upkeep\n|turn|84\n|\n|move|p2a: Ditto|Scald|p1a: Toxapex\n|-resisted|p1a: Toxapex\n|-damage|p1a: Toxapex|52\/100 brn\n|move|p1a: Toxapex|Haze|p1a: Toxapex\n|-clearallboost\n|\n|-heal|p1a: Toxapex|58\/100 brn|[from] item: Black Sludge\n|-damage|p2a: Ditto|74\/100 brn|[from] brn\n|-damage|p1a: Toxapex|52\/100 brn|[from] brn\n|upkeep\n|turn|85\n|\n|switch|p2a: Garchomp|Garchomp, F|100\/100\n|move|p1a: Toxapex|Haze|p1a: Toxapex\n|-clearallboost\n|\n|-heal|p1a: Toxapex|58\/100 brn|[from] item: Black Sludge\n|-damage|p1a: Toxapex|52\/100 brn|[from] brn\n|upkeep\n|turn|86\n|\n|move|p2a: Garchomp|Earthquake|p1a: Toxapex\n|-supereffective|p1a: Toxapex\n|-damage|p1a: Toxapex|0 fnt\n|faint|p1a: Toxapex\n|\n|upkeep\n|\n|switch|p1a: Landorus|Landorus-Therian, M|64\/100\n|-ability|p1a: Landorus|Intimidate|boost\n|-unboost|p2a: Garchomp|atk|1\n|turn|87\n|\n|switch|p2a: Zapdos|Zapdos|94\/100 brn\n|-ability|p2a: Zapdos|Pressure\n|move|p1a: Landorus|Hidden Power|p2a: Zapdos\n|-supereffective|p2a: Zapdos\n|-damage|p2a: Zapdos|68\/100 brn\n|\n|-heal|p2a: Zapdos|74\/100 brn|[from] item: Leftovers\n|-damage|p2a: Zapdos|68\/100 brn|[from] brn\n|upkeep\n|turn|88\n|\n|switch|p1a: Hitmonlee|Hitmonlee, M|100\/100\n|move|p2a: Zapdos|Roost|p2a: Zapdos\n|-heal|p2a: Zapdos|100\/100 brn\n|-singleturn|p2a: Zapdos|move: Roost\n|\n|-damage|p2a: Zapdos|94\/100 brn|[from] brn\n|upkeep\n|turn|89\n|\n|move|p1a: Hitmonlee|Endure|p1a: Hitmonlee\n|-singleturn|p1a: Hitmonlee|move: Endure\n|move|p2a: Zapdos|Heat Wave|p1a: Hitmonlee\n|-damage|p1a: Hitmonlee|65\/100\n|\n|-heal|p2a: Zapdos|100\/100 brn|[from] item: Leftovers\n|-damage|p2a: Zapdos|94\/100 brn|[from] brn\n|upkeep\n|turn|90\n|\n|move|p2a: Zapdos|Volt Switch|p1a: Hitmonlee\n|-damage|p1a: Hitmonlee|22\/100\n|-enditem|p1a: Hitmonlee|Liechi Berry|[eat]\n|-boost|p1a: Hitmonlee|atk|1\n|inactive|lord cube has 120 seconds left.\n|\n|switch|p2a: Ditto|Ditto|100\/100 brn|[from]move: Volt Switch\n|-transform|p2a: Ditto|p1a: Hitmonlee|[from] ability: Imposter\n|move|p1a: Hitmonlee|Knock Off|p2a: Ditto\n|-resisted|p2a: Ditto\n|-damage|p2a: Ditto|47\/100 brn\n|-enditem|p2a: Ditto|Choice Scarf|[from] move: Knock Off|[of] p1a: Hitmonlee\n|\n|-damage|p2a: Ditto|41\/100 brn|[from] brn\n|upkeep\n|turn|91\n|inactive|lord cube has 120 seconds left.\n|\n|move|p2a: Ditto|Endure|p2a: Ditto\n|-singleturn|p2a: Ditto|move: Endure\n|move|p1a: Hitmonlee|Reversal|p2a: Ditto\n|-activate|p2a: Ditto|move: Endure\n|-damage|p2a: Ditto|1\/100 brn\n|\n|-damage|p2a: Ditto|0 fnt|[from] brn\n|faint|p2a: Ditto\n|upkeep\n|\n|switch|p2a: Garchomp|Garchomp, F|100\/100\n|turn|92\n|\n|move|p1a: Hitmonlee|Endure|p1a: Hitmonlee\n|-singleturn|p1a: Hitmonlee|move: Endure\n|move|p2a: Garchomp|Dragon Claw|p1a: Hitmonlee\n|-activate|p1a: Hitmonlee|move: Endure\n|-damage|p1a: Hitmonlee|1\/100\n|\n|upkeep\n|turn|93\n|\n|move|p1a: Hitmonlee|Reversal|p2a: Garchomp\n|-damage|p2a: Garchomp|0 fnt\n|-damage|p1a: Hitmonlee|0 fnt|[from] ability: Rough Skin|[of] p2a: Garchomp\n|faint|p2a: Garchomp\n|faint|p1a: Hitmonlee\n|\n|upkeep\n|\n|switch|p2a: Zapdos|Zapdos|94\/100 brn\n|switch|p1a: Landorus|Landorus-Therian, M|64\/100\n|-ability|p1a: Landorus|Intimidate|boost\n|-unboost|p2a: Zapdos|atk|1\n|-ability|p2a: Zapdos|Pressure\n|turn|94\n|\n|move|p1a: Landorus|Hidden Power|p2a: Zapdos\n|-supereffective|p2a: Zapdos\n|-damage|p2a: Zapdos|67\/100 brn\n|move|p2a: Zapdos|Roost|p2a: Zapdos\n|-heal|p2a: Zapdos|100\/100 brn\n|-singleturn|p2a: Zapdos|move: Roost\n|\n|-damage|p2a: Zapdos|94\/100 brn|[from] brn\n|upkeep\n|turn|95\n|\n|move|p1a: Landorus|Hidden Power|p2a: Zapdos\n|-supereffective|p2a: Zapdos\n|-damage|p2a: Zapdos|69\/100 brn\n|move|p2a: Zapdos|Heat Wave|p1a: Landorus|[miss]\n|-miss|p2a: Zapdos|p1a: Landorus\n|\n|-heal|p2a: Zapdos|75\/100 brn|[from] item: Leftovers\n|-damage|p2a: Zapdos|69\/100 brn|[from] brn\n|upkeep\n|turn|96\n|\n|move|p1a: Landorus|Hidden Power|p2a: Zapdos\n|-supereffective|p2a: Zapdos\n|-damage|p2a: Zapdos|44\/100 brn\n|move|p2a: Zapdos|Roost|p2a: Zapdos\n|-heal|p2a: Zapdos|94\/100 brn\n|-singleturn|p2a: Zapdos|move: Roost\n|\n|-heal|p2a: Zapdos|99\/100 brn|[from] item: Leftovers\n|-damage|p2a: Zapdos|94\/100 brn|[from] brn\n|upkeep\n|turn|97\n|\n|move|p1a: Landorus|Hidden Power|p2a: Zapdos\n|-supereffective|p2a: Zapdos\n|-damage|p2a: Zapdos|67\/100 brn\n|move|p2a: Zapdos|Roost|p2a: Zapdos\n|-heal|p2a: Zapdos|100\/100 brn\n|-singleturn|p2a: Zapdos|move: Roost\n|\n|-damage|p2a: Zapdos|94\/100 brn|[from] brn\n|upkeep\n|turn|98\n|\n|move|p1a: Landorus|Hidden Power|p2a: Zapdos\n|-supereffective|p2a: Zapdos\n|-damage|p2a: Zapdos|70\/100 brn\n|move|p2a: Zapdos|Heat Wave|p1a: Landorus\n|-damage|p1a: Landorus|29\/100\n|\n|-heal|p2a: Zapdos|76\/100 brn|[from] item: Leftovers\n|-damage|p2a: Zapdos|70\/100 brn|[from] brn\n|upkeep\n|turn|99\n|\n|move|p1a: Landorus|Hidden Power|p2a: Zapdos\n|-supereffective|p2a: Zapdos\n|-damage|p2a: Zapdos|43\/100 brn\n|move|p2a: Zapdos|Roost|p2a: Zapdos\n|-heal|p2a: Zapdos|93\/100 brn\n|-singleturn|p2a: Zapdos|move: Roost\n|\n|-heal|p2a: Zapdos|99\/100 brn|[from] item: Leftovers\n|-damage|p2a: Zapdos|93\/100 brn|[from] brn\n|upkeep\n|turn|100\n|\n|move|p1a: Landorus|Hidden Power|p2a: Zapdos\n|-supereffective|p2a: Zapdos\n|-damage|p2a: Zapdos|67\/100 brn\n|move|p2a: Zapdos|Heat Wave|p1a: Landorus\n|-damage|p1a: Landorus|0 fnt\n|faint|p1a: Landorus\n|\n|win|lord cube\n|raw|libertario arg's rating: 1436 &rarr; <strong>1412<\/strong><br \/>(-24 for losing)\n|raw|lord cube's rating: 1362 &rarr; <strong>1386<\/strong><br \/>(+24 for winning)\n","uploadtime":1566576867,"views":10,"p1id":"libertarioarg","p2id":"lordcube","formatid":"gen7ou","rating":1386,"private":0,"password":null}