{"id":"gen7ou-746253091","p1":"prince jon","p2":"Ohmboy Tesla","format":"gen7ou","log":"|j|\u2606prince jon\n|j|\u2606Ohmboy Tesla\n|player|p1|prince jon|136\n|player|p2|Ohmboy Tesla|136\n|teamsize|p1|6\n|teamsize|p2|6\n|gametype|singles\n|gen|7\n|tier|[Gen 7] OU\n|rated|\n|rule|Sleep Clause Mod: Limit one foe put to sleep\n|rule|Species Clause: Limit one of each Pok\u00e9mon\n|rule|OHKO Clause: OHKO moves are banned\n|rule|Moody Clause: Moody is banned\n|rule|Evasion Moves Clause: Evasion moves are banned\n|rule|Endless Battle Clause: Forcing endless battles is banned\n|rule|HP Percentage Mod: HP is shown in percentages\n|clearpoke\n|poke|p1|Charizard, F|item\n|poke|p1|Gastrodon, M|item\n|poke|p1|Celesteela|item\n|poke|p1|Landorus-Therian, M|item\n|poke|p1|Kartana|item\n|poke|p1|Latios, M|item\n|poke|p2|Diancie|item\n|poke|p2|Volcarona, M|item\n|poke|p2|Rotom-Wash|item\n|poke|p2|Tapu Bulu|item\n|poke|p2|Landorus-Therian, M|item\n|poke|p2|Toxapex, M|item\n|teampreview\n|\n|start\n|switch|p1a: Gastrodon|Gastrodon, M|100\/100\n|switch|p2a: scRotom-Wash|Rotom-Wash|100\/100\n|turn|1\n|\n|switch|p2a: Boy Fort|Toxapex, M|100\/100\n|move|p1a: Gastrodon|Toxic|p2a: Boy Fort\n|-immune|p2a: Boy Fort|[msg]\n|\n|upkeep\n|turn|2\n|\n|switch|p1a: Kartana|Kartana|100\/100\n|move|p2a: Boy Fort|Toxic Spikes|p1a: Kartana\n|-sidestart|p1: prince jon|move: Toxic Spikes\n|\n|upkeep\n|turn|3\n|\n|switch|p2a: Atlas|Volcarona, M|100\/100\n|move|p1a: Kartana|Defog|p2a: Atlas\n|-unboost|p2a: Atlas|evasion|1\n|-sideend|p1: prince jon|Toxic Spikes|[from] move: Defog|[of] p1a: Kartana\n|\n|upkeep\n|turn|4\n|\n|-zpower|p1a: Kartana\n|move|p1a: Kartana|All-Out Pummeling|p2a: Atlas|[zeffect]\n|-resisted|p2a: Atlas\n|-damage|p2a: Atlas|40\/100\n|move|p2a: Atlas|Bug Buzz|p1a: Kartana\n|-damage|p1a: Kartana|0 fnt\n|faint|p1a: Kartana\n|\n|upkeep\n|\n|switch|p1a: Charizard|Charizard, F|100\/100\n|turn|5\n|\n|switch|p2a: Boy Fort|Toxapex, M|100\/100\n|-mega|p1a: Charizard|Charizard|Charizardite Y\n|detailschange|p1a: Charizard|Charizard-Mega-Y, F\n|-weather|SunnyDay|[from] ability: Drought|[of] p1a: Charizard\n|move|p1a: Charizard|Flamethrower|p2a: Boy Fort\n|-resisted|p2a: Boy Fort\n|-damage|p2a: Boy Fort|76\/100\n|\n|-weather|SunnyDay|[upkeep]\n|-heal|p2a: Boy Fort|82\/100|[from] item: Black Sludge\n|upkeep\n|turn|6\n|\n|switch|p1a: Landorus|Landorus-Therian, M|100\/100\n|-ability|p1a: Landorus|Intimidate|boost\n|-unboost|p2a: Boy Fort|atk|1\n|move|p2a: Boy Fort|Toxic Spikes|p1a: Landorus\n|-sidestart|p1: prince jon|move: Toxic Spikes\n|\n|-weather|SunnyDay|[upkeep]\n|-heal|p2a: Boy Fort|89\/100|[from] item: Black Sludge\n|upkeep\n|turn|7\n|\n|switch|p2a: scRotom-Wash|Rotom-Wash|100\/100\n|move|p1a: Landorus|Stealth Rock|p2a: scRotom-Wash\n|-sidestart|p2: Ohmboy Tesla|move: Stealth Rock\n|\n|-weather|SunnyDay|[upkeep]\n|upkeep\n|turn|8\n|\n|move|p2a: scRotom-Wash|Will-O-Wisp|p1a: Landorus\n|-status|p1a: Landorus|brn\n|move|p1a: Landorus|U-turn|p2a: scRotom-Wash\n|-damage|p2a: scRotom-Wash|91\/100\n|\n|switch|p1a: Charizard|Charizard-Mega-Y, F|100\/100\n|\n|-weather|SunnyDay|[upkeep]\n|-heal|p2a: scRotom-Wash|98\/100|[from] item: Leftovers\n|upkeep\n|turn|9\n|\n|switch|p2a: Boy Fort|Toxapex, M|100\/100\n|-damage|p2a: Boy Fort|88\/100|[from] Stealth Rock\n|move|p1a: Charizard|Solar Beam|p2a: Boy Fort|[still]\n|-prepare|p1a: Charizard|Solar Beam|p2a: Boy Fort\n|-anim|p1a: Charizard|Solar Beam|p2a: Boy Fort\n|-damage|p2a: Boy Fort|55\/100\n|\n|-weather|none\n|-heal|p2a: Boy Fort|62\/100|[from] item: Black Sludge\n|upkeep\n|turn|10\n|\n|switch|p1a: Gastrodon|Gastrodon, M|100\/100\n|-status|p1a: Gastrodon|psn\n|move|p2a: Boy Fort|Toxic Spikes|p1a: Gastrodon\n|-sidestart|p1: prince jon|move: Toxic Spikes\n|\n|-heal|p2a: Boy Fort|68\/100|[from] item: Black Sludge\n|-damage|p1a: Gastrodon|88\/100 psn|[from] psn\n|upkeep\n|turn|11\n|\n|move|p2a: Boy Fort|Recover|p2a: Boy Fort\n|-heal|p2a: Boy Fort|100\/100\n|move|p1a: Gastrodon|Toxic|p2a: Boy Fort\n|-immune|p2a: Boy Fort|[msg]\n|\n|-heal|p1a: Gastrodon|94\/100 psn|[from] item: Leftovers\n|-damage|p1a: Gastrodon|82\/100 psn|[from] psn\n|upkeep\n|turn|12\n|inactive|Battle timer is ON: inactive players will automatically lose when time's up. (requested by prince jon)\n|\n|switch|p2a: Flooffy Paws|Landorus-Therian, M|100\/100\n|-damage|p2a: Flooffy Paws|88\/100|[from] Stealth Rock\n|-ability|p2a: Flooffy Paws|Intimidate|boost\n|-unboost|p1a: Gastrodon|atk|1\n|move|p1a: Gastrodon|Toxic|p2a: Flooffy Paws\n|-status|p2a: Flooffy Paws|tox\n|\n|-heal|p2a: Flooffy Paws|94\/100 tox|[from] item: Leftovers\n|-heal|p1a: Gastrodon|88\/100 psn|[from] item: Leftovers\n|-damage|p2a: Flooffy Paws|88\/100 tox|[from] psn\n|-damage|p1a: Gastrodon|75\/100 psn|[from] psn\n|upkeep\n|turn|13\n|\n|switch|p1a: Charizard|Charizard-Mega-Y, F|100\/100\n|-weather|SunnyDay|[from] ability: Drought|[of] p1a: Charizard\n|move|p2a: Flooffy Paws|Stealth Rock|p1a: Charizard\n|-sidestart|p1: prince jon|move: Stealth Rock\n|\n|-weather|SunnyDay|[upkeep]\n|-heal|p2a: Flooffy Paws|94\/100 tox|[from] item: Leftovers\n|-damage|p2a: Flooffy Paws|82\/100 tox|[from] psn\n|upkeep\n|turn|14\n|\n|switch|p2a: Boy Fort|Toxapex, M|100\/100\n|-damage|p2a: Boy Fort|88\/100|[from] Stealth Rock\n|move|p1a: Charizard|Flamethrower|p2a: Boy Fort\n|-resisted|p2a: Boy Fort\n|-damage|p2a: Boy Fort|63\/100\n|-status|p2a: Boy Fort|brn\n|\n|-weather|SunnyDay|[upkeep]\n|-heal|p2a: Boy Fort|70\/100 brn|[from] item: Black Sludge\n|-damage|p2a: Boy Fort|63\/100 brn|[from] brn\n|upkeep\n|turn|15\n|\n|move|p1a: Charizard|Solar Beam|p2a: Boy Fort|[still]\n|-prepare|p1a: Charizard|Solar Beam|p2a: Boy Fort\n|-anim|p1a: Charizard|Solar Beam|p2a: Boy Fort\n|-crit|p2a: Boy Fort\n|-damage|p2a: Boy Fort|19\/100 brn\n|move|p2a: Boy Fort|Recover|p2a: Boy Fort\n|-heal|p2a: Boy Fort|69\/100 brn\n|\n|-weather|SunnyDay|[upkeep]\n|-heal|p2a: Boy Fort|75\/100 brn|[from] item: Black Sludge\n|-damage|p2a: Boy Fort|69\/100 brn|[from] brn\n|upkeep\n|turn|16\n|\n|move|p1a: Charizard|Flamethrower|p2a: Boy Fort\n|-resisted|p2a: Boy Fort\n|-damage|p2a: Boy Fort|42\/100 brn\n|move|p2a: Boy Fort|Recover|p2a: Boy Fort\n|-heal|p2a: Boy Fort|92\/100 brn\n|\n|-weather|SunnyDay|[upkeep]\n|-heal|p2a: Boy Fort|98\/100 brn|[from] item: Black Sludge\n|-damage|p2a: Boy Fort|92\/100 brn|[from] brn\n|upkeep\n|turn|17\n|\n|switch|p1a: Celesteela|Celesteela|100\/100\n|-damage|p1a: Celesteela|88\/100|[from] Stealth Rock\n|move|p2a: Boy Fort|Toxic Spikes|p1a: Celesteela\n|-fail|p2a: Boy Fort\n|\n|-weather|none\n|-heal|p1a: Celesteela|94\/100|[from] item: Leftovers\n|-heal|p2a: Boy Fort|98\/100 brn|[from] item: Black Sludge\n|-damage|p2a: Boy Fort|92\/100 brn|[from] brn\n|upkeep\n|turn|18\n|\n|move|p1a: Celesteela|Leech Seed|p2a: Boy Fort\n|-start|p2a: Boy Fort|move: Leech Seed\n|move|p2a: Boy Fort|Scald|p1a: Celesteela\n|-damage|p1a: Celesteela|82\/100\n|\n|-heal|p1a: Celesteela|88\/100|[from] item: Leftovers\n|-heal|p2a: Boy Fort|98\/100 brn|[from] item: Black Sludge\n|-damage|p2a: Boy Fort|86\/100 brn|[from] Leech Seed|[of] p1a: Celesteela\n|-heal|p1a: Celesteela|97\/100|[silent]\n|-damage|p2a: Boy Fort|79\/100 brn|[from] brn\n|upkeep\n|turn|19\n|\n|switch|p2a: scRotom-Wash|Rotom-Wash|98\/100\n|-damage|p2a: scRotom-Wash|85\/100|[from] Stealth Rock\n|move|p1a: Celesteela|Leech Seed|p2a: scRotom-Wash|[miss]\n|-miss|p1a: Celesteela|p2a: scRotom-Wash\n|\n|-heal|p2a: scRotom-Wash|91\/100|[from] item: Leftovers\n|-heal|p1a: Celesteela|100\/100|[from] item: Leftovers\n|upkeep\n|turn|20\n|\n|move|p1a: Celesteela|Protect|p1a: Celesteela\n|-singleturn|p1a: Celesteela|Protect\n|move|p2a: scRotom-Wash|Will-O-Wisp|p1a: Celesteela\n|-activate|p1a: Celesteela|move: Protect\n|\n|-heal|p2a: scRotom-Wash|98\/100|[from] item: Leftovers\n|upkeep\n|turn|21\n|\n|switch|p1a: Gastrodon|Gastrodon, M|75\/100 psn\n|-damage|p1a: Gastrodon|69\/100 psn|[from] Stealth Rock\n|move|p2a: scRotom-Wash|Will-O-Wisp|p1a: Gastrodon\n|-fail|p1a: Gastrodon\n|\n|-heal|p2a: scRotom-Wash|100\/100|[from] item: Leftovers\n|-heal|p1a: Gastrodon|75\/100 psn|[from] item: Leftovers\n|-damage|p1a: Gastrodon|63\/100 psn|[from] psn\n|upkeep\n|turn|22\n|\n|switch|p2a: Flooffy Paws|Landorus-Therian, M|82\/100 tox\n|-damage|p2a: Flooffy Paws|70\/100 tox|[from] Stealth Rock\n|-ability|p2a: Flooffy Paws|Intimidate|boost\n|-unboost|p1a: Gastrodon|atk|1\n|move|p1a: Gastrodon|Scald|p2a: Flooffy Paws\n|-supereffective|p2a: Flooffy Paws\n|-damage|p2a: Flooffy Paws|13\/100 tox\n|\n|-heal|p2a: Flooffy Paws|19\/100 tox|[from] item: Leftovers\n|-heal|p1a: Gastrodon|69\/100 psn|[from] item: Leftovers\n|-damage|p2a: Flooffy Paws|13\/100 tox|[from] psn\n|-damage|p1a: Gastrodon|57\/100 psn|[from] psn\n|upkeep\n|turn|23\n|\n|move|p2a: Flooffy Paws|Earthquake|p1a: Gastrodon\n|-damage|p1a: Gastrodon|5\/100 psn\n|move|p1a: Gastrodon|Recover|p1a: Gastrodon\n|-heal|p1a: Gastrodon|55\/100 psn\n|\n|-heal|p2a: Flooffy Paws|19\/100 tox|[from] item: Leftovers\n|-heal|p1a: Gastrodon|61\/100 psn|[from] item: Leftovers\n|-damage|p2a: Flooffy Paws|7\/100 tox|[from] psn\n|-damage|p1a: Gastrodon|49\/100 psn|[from] psn\n|upkeep\n|turn|24\n|\n|switch|p1a: Celesteela|Celesteela|100\/100\n|-damage|p1a: Celesteela|88\/100|[from] Stealth Rock\n|move|p2a: Flooffy Paws|Earthquake|p1a: Celesteela\n|-immune|p1a: Celesteela|[msg]\n|\n|-heal|p2a: Flooffy Paws|13\/100 tox|[from] item: Leftovers\n|-heal|p1a: Celesteela|94\/100|[from] item: Leftovers\n|-damage|p2a: Flooffy Paws|0 fnt|[from] psn\n|upkeep\n|faint|p2a: Flooffy Paws\n|\n|switch|p2a: scRotom-Wash|Rotom-Wash|100\/100\n|-damage|p2a: scRotom-Wash|88\/100|[from] Stealth Rock\n|turn|25\n|\n|switch|p2a: Top Bull|Tapu Bulu|100\/100\n|-damage|p2a: Top Bull|88\/100|[from] Stealth Rock\n|-fieldstart|move: Grassy Terrain|[from] ability: Grassy Surge|[of] p2a: Top Bull\n|move|p1a: Celesteela|Heavy Slam|p2a: Top Bull\n|-supereffective|p2a: Top Bull\n|-damage|p2a: Top Bull|7\/100\n|\n|-heal|p2a: Top Bull|13\/100|[from] item: Leftovers\n|-heal|p2a: Top Bull|20\/100|[from] Grassy Terrain\n|-heal|p1a: Celesteela|99\/100|[from] item: Leftovers\n|upkeep\n|turn|26\n|\n|move|p2a: Top Bull|Protect|p2a: Top Bull\n|-singleturn|p2a: Top Bull|Protect\n|move|p1a: Celesteela|Heavy Slam|p2a: Top Bull\n|-activate|p2a: Top Bull|move: Protect\n|\n|-heal|p2a: Top Bull|26\/100|[from] item: Leftovers\n|-heal|p2a: Top Bull|32\/100|[from] Grassy Terrain\n|-heal|p1a: Celesteela|100\/100|[from] item: Leftovers\n|upkeep\n|turn|27\n|\n|move|p2a: Top Bull|Leech Seed|p1a: Celesteela\n|-start|p1a: Celesteela|move: Leech Seed\n|move|p1a: Celesteela|Heavy Slam|p2a: Top Bull\n|-supereffective|p2a: Top Bull\n|-damage|p2a: Top Bull|0 fnt\n|faint|p2a: Top Bull\n|-ability|p1a: Celesteela|Beast Boost|boost\n|-boost|p1a: Celesteela|def|1\n|\n|upkeep\n|\n|switch|p2a: scRotom-Wash|Rotom-Wash|88\/100\n|-damage|p2a: scRotom-Wash|75\/100|[from] Stealth Rock\n|turn|28\n|\n|switch|p1a: Gastrodon|Gastrodon, M|49\/100 psn\n|-damage|p1a: Gastrodon|43\/100 psn|[from] Stealth Rock\n|move|p2a: scRotom-Wash|Defog|p1a: Gastrodon\n|-unboost|p1a: Gastrodon|evasion|1\n|-sideend|p1: prince jon|Toxic Spikes|[from] move: Defog|[of] p1a: Gastrodon\n|-sideend|p1: prince jon|Stealth Rock|[from] move: Defog|[of] p1a: Gastrodon\n|-sideend|p2: Ohmboy Tesla|Stealth Rock|[from] move: Defog|[of] p2a: scRotom-Wash\n|\n|-heal|p2a: scRotom-Wash|82\/100|[from] item: Leftovers\n|-heal|p1a: Gastrodon|49\/100 psn|[from] item: Leftovers\n|-heal|p1a: Gastrodon|55\/100 psn|[from] Grassy Terrain\n|-damage|p1a: Gastrodon|42\/100 psn|[from] psn\n|upkeep\n|turn|29\n|\n|switch|p2a: Boy Fort|Toxapex, M|100\/100 brn\n|move|p1a: Gastrodon|Recover|p1a: Gastrodon\n|-heal|p1a: Gastrodon|92\/100 psn\n|\n|-heal|p1a: Gastrodon|99\/100 psn|[from] item: Leftovers\n|-heal|p1a: Gastrodon|100\/100 psn|[from] Grassy Terrain\n|-fieldend|move: Grassy Terrain\n|-damage|p2a: Boy Fort|94\/100 brn|[from] brn\n|-damage|p1a: Gastrodon|88\/100 psn|[from] psn\n|upkeep\n|turn|30\n|inactive|Ohmboy Tesla has 135 seconds left.\n|\n|switch|p2a: scRotom-Wash|Rotom-Wash|82\/100\n|switch|p1a: Landorus|Landorus-Therian, M|100\/100 brn\n|-ability|p1a: Landorus|Intimidate|boost\n|-unboost|p2a: scRotom-Wash|atk|1\n|\n|-heal|p2a: scRotom-Wash|88\/100|[from] item: Leftovers\n|-damage|p1a: Landorus|94\/100 brn|[from] brn\n|upkeep\n|turn|31\n|inactive|prince jon has 135 seconds left.\n|inactive|prince jon has 120 seconds left.\n|\n|switch|p1a: Gastrodon|Gastrodon, M|88\/100 psn\n|move|p2a: scRotom-Wash|Hydro Pump|p1a: Gastrodon\n|-ability|p1a: Gastrodon|Storm Drain|boost\n|-boost|p1a: Gastrodon|spa|1\n|\n|-heal|p2a: scRotom-Wash|94\/100|[from] item: Leftovers\n|-heal|p1a: Gastrodon|94\/100 psn|[from] item: Leftovers\n|-damage|p1a: Gastrodon|82\/100 psn|[from] psn\n|upkeep\n|turn|32\n|\n|switch|p2a: Boy Fort|Toxapex, M|100\/100 brn\n|move|p1a: Gastrodon|Scald|p2a: Boy Fort\n|-resisted|p2a: Boy Fort\n|-damage|p2a: Boy Fort|89\/100 brn\n|\n|-heal|p2a: Boy Fort|95\/100 brn|[from] item: Black Sludge\n|-heal|p1a: Gastrodon|88\/100 psn|[from] item: Leftovers\n|-damage|p2a: Boy Fort|89\/100 brn|[from] brn\n|-damage|p1a: Gastrodon|75\/100 psn|[from] psn\n|upkeep\n|turn|33\n|\n|move|p2a: Boy Fort|Haze|p2a: Boy Fort\n|-clearallboost\n|move|p1a: Gastrodon|Earthquake|p2a: Boy Fort\n|-supereffective|p2a: Boy Fort\n|-damage|p2a: Boy Fort|45\/100 brn\n|\n|-heal|p2a: Boy Fort|51\/100 brn|[from] item: Black Sludge\n|-heal|p1a: Gastrodon|81\/100 psn|[from] item: Leftovers\n|-damage|p2a: Boy Fort|45\/100 brn|[from] brn\n|-damage|p1a: Gastrodon|69\/100 psn|[from] psn\n|upkeep\n|turn|34\n|\n|switch|p1a: Landorus|Landorus-Therian, M|94\/100 brn\n|-ability|p1a: Landorus|Intimidate|boost\n|-unboost|p2a: Boy Fort|atk|1\n|move|p2a: Boy Fort|Recover|p2a: Boy Fort\n|-heal|p2a: Boy Fort|95\/100 brn\n|\n|-heal|p2a: Boy Fort|100\/100 brn|[from] item: Black Sludge\n|-damage|p1a: Landorus|88\/100 brn|[from] brn\n|-damage|p2a: Boy Fort|94\/100 brn|[from] brn\n|upkeep\n|turn|35\n|\n|switch|p2a: scRotom-Wash|Rotom-Wash|94\/100\n|move|p1a: Landorus|Stealth Rock|p2a: scRotom-Wash\n|-sidestart|p2: Ohmboy Tesla|move: Stealth Rock\n|\n|-heal|p2a: scRotom-Wash|100\/100|[from] item: Leftovers\n|-damage|p1a: Landorus|82\/100 brn|[from] brn\n|upkeep\n|turn|36\n|\n|switch|p1a: Charizard|Charizard-Mega-Y, F|100\/100\n|-weather|SunnyDay|[from] ability: Drought|[of] p1a: Charizard\n|move|p2a: scRotom-Wash|Defog|p1a: Charizard\n|-unboost|p1a: Charizard|evasion|1\n|-sideend|p2: Ohmboy Tesla|Stealth Rock|[from] move: Defog|[of] p2a: scRotom-Wash\n|\n|-weather|SunnyDay|[upkeep]\n|upkeep\n|turn|37\n|\n|switch|p1a: Latios|Latios, M|100\/100\n|switch|p2a: Boy Fort|Toxapex, M|100\/100 brn\n|\n|-weather|SunnyDay|[upkeep]\n|-damage|p2a: Boy Fort|94\/100 brn|[from] brn\n|upkeep\n|turn|38\n|inactive|Ohmboy Tesla has 135 seconds left.\n|\n|switch|p2a: Atlas|Volcarona, M|40\/100\n|move|p1a: Latios|Psyshock|p2a: Atlas\n|-damage|p2a: Atlas|0 fnt\n|faint|p2a: Atlas\n|\n|-weather|SunnyDay|[upkeep]\n|upkeep\n|\n|switch|p2a: Carbink-EX|Diancie|100\/100\n|turn|39\n|\n|switch|p1a: Celesteela|Celesteela|100\/100\n|-mega|p2a: Carbink-EX|Diancie|Diancite\n|detailschange|p2a: Carbink-EX|Diancie-Mega\n|move|p2a: Carbink-EX|Diamond Storm|p1a: Celesteela\n|-damage|p1a: Celesteela|66\/100\n|\n|-weather|SunnyDay|[upkeep]\n|-heal|p1a: Celesteela|73\/100|[from] item: Leftovers\n|upkeep\n|turn|40\n|\n|switch|p2a: scRotom-Wash|Rotom-Wash|100\/100\n|move|p1a: Celesteela|Heavy Slam|p2a: scRotom-Wash\n|-resisted|p2a: scRotom-Wash\n|-damage|p2a: scRotom-Wash|92\/100\n|\n|-weather|none\n|-heal|p2a: scRotom-Wash|98\/100|[from] item: Leftovers\n|-heal|p1a: Celesteela|79\/100|[from] item: Leftovers\n|upkeep\n|turn|41\n|\n|move|p1a: Celesteela|Protect|p1a: Celesteela\n|-singleturn|p1a: Celesteela|Protect\n|move|p2a: scRotom-Wash|Will-O-Wisp|p1a: Celesteela\n|-activate|p1a: Celesteela|move: Protect\n|\n|-heal|p2a: scRotom-Wash|100\/100|[from] item: Leftovers\n|-heal|p1a: Celesteela|85\/100|[from] item: Leftovers\n|upkeep\n|turn|42\n|\n|switch|p1a: Gastrodon|Gastrodon, M|69\/100 psn\n|move|p2a: scRotom-Wash|Will-O-Wisp|p1a: Gastrodon\n|-fail|p1a: Gastrodon\n|\n|-heal|p1a: Gastrodon|75\/100 psn|[from] item: Leftovers\n|-damage|p1a: Gastrodon|63\/100 psn|[from] psn\n|upkeep\n|turn|43\n|\n|switch|p2a: Boy Fort|Toxapex, M|100\/100 brn\n|switch|p1a: Latios|Latios, M|100\/100\n|\n|-damage|p2a: Boy Fort|94\/100 brn|[from] brn\n|upkeep\n|turn|44\n|\n|switch|p2a: Carbink-EX|Diancie-Mega|100\/100\n|move|p1a: Latios|Psyshock|p2a: Carbink-EX\n|-damage|p2a: Carbink-EX|37\/100\n|\n|upkeep\n|turn|45\n|\n|move|p1a: Latios|Psyshock|p2a: Carbink-EX\n|-damage|p2a: Carbink-EX|0 fnt\n|faint|p2a: Carbink-EX\n|\n|upkeep\n|\n|switch|p2a: Boy Fort|Toxapex, M|100\/100 brn\n|turn|46\n|\n|move|p1a: Latios|Psyshock|p2a: Boy Fort\n|-supereffective|p2a: Boy Fort\n|-damage|p2a: Boy Fort|35\/100 brn\n|move|p2a: Boy Fort|Toxic Spikes|p1a: Latios\n|-sidestart|p1: prince jon|move: Toxic Spikes\n|\n|-heal|p2a: Boy Fort|41\/100 brn|[from] item: Black Sludge\n|-damage|p2a: Boy Fort|35\/100 brn|[from] brn\n|upkeep\n|turn|47\n|\n|move|p1a: Latios|Psyshock|p2a: Boy Fort\n|-supereffective|p2a: Boy Fort\n|-damage|p2a: Boy Fort|0 fnt\n|faint|p2a: Boy Fort\n|\n|upkeep\n|\n|switch|p2a: scRotom-Wash|Rotom-Wash|100\/100\n|turn|48\n|\n|move|p1a: Latios|Psyshock|p2a: scRotom-Wash\n|-damage|p2a: scRotom-Wash|68\/100\n|move|p2a: scRotom-Wash|Will-O-Wisp|p1a: Latios\n|-status|p1a: Latios|brn\n|\n|-heal|p2a: scRotom-Wash|74\/100|[from] item: Leftovers\n|-damage|p1a: Latios|95\/100 brn|[from] brn\n|upkeep\n|turn|49\n|\n|move|p1a: Latios|Psyshock|p2a: scRotom-Wash\n|-damage|p2a: scRotom-Wash|38\/100\n|move|p2a: scRotom-Wash|Will-O-Wisp|p1a: Latios\n|-fail|p1a: Latios|brn\n|\n|-heal|p2a: scRotom-Wash|44\/100|[from] item: Leftovers\n|-damage|p1a: Latios|89\/100 brn|[from] brn\n|upkeep\n|turn|50\n|\n|move|p1a: Latios|Psyshock|p2a: scRotom-Wash\n|-damage|p2a: scRotom-Wash|8\/100\n|move|p2a: scRotom-Wash|Will-O-Wisp|p1a: Latios\n|-fail|p1a: Latios|brn\n|\n|-heal|p2a: scRotom-Wash|15\/100|[from] item: Leftovers\n|-damage|p1a: Latios|83\/100 brn|[from] brn\n|upkeep\n|turn|51\n|\n|move|p1a: Latios|Psyshock|p2a: scRotom-Wash\n|-damage|p2a: scRotom-Wash|0 fnt\n|faint|p2a: scRotom-Wash\n|\n|win|prince jon\n|raw|prince jon's rating: 1681 &rarr; <strong>1701<\/strong><br \/>(+20 for winning)\n|raw|Ohmboy Tesla's rating: 1678 &rarr; <strong>1658<\/strong><br \/>(-20 for losing)\n","inputlog":null,"uploadtime":1526127992,"views":1,"p1id":"princejon","p2id":"ohmboytesla","formatid":"gen7ou","rating":1658,"private":0,"password":null}