{"id":"gen7battlefactory-1643160404","p1":"MrTroodon","p2":"xasah\u2764bae","format":"gen7battlefactory","log":"|j|\u2606MrTroodon\n|j|\u2606xasah\u2764bae\n|inactive|Battle timer is ON: inactive players will automatically lose when time's up.\n|t:|1660910968\n|gametype|singles\n|j|*Lady Monita\n|player|p1|MrTroodon|pokemaniac|\n|player|p2|xasah\u2764bae|clerkf|\n|teamsize|p1|6\n|teamsize|p2|6\n|gen|7\n|tier|[Gen 7] Battle Factory\n|rated|Tournament battle\n|rule|Sleep Clause Mod: Limit one foe put to sleep\n|rule|HP Percentage Mod: HP is shown in percentages\n|rule|Mega Rayquaza Clause: You cannot mega evolve Rayquaza\n|clearpoke\n|poke|p1|Tornadus-Therian, M|item\n|poke|p1|Reuniclus, M|item\n|poke|p1|Camerupt, F|item\n|poke|p1|Heatran, M|item\n|poke|p1|Tapu Lele|item\n|poke|p1|Muk-Alola, F|item\n|poke|p2|Manaphy|item\n|poke|p2|Serperior, F|item\n|poke|p2|Buzzwole|item\n|poke|p2|Manectric, M|item\n|poke|p2|Zapdos|item\n|poke|p2|Alakazam, M|item\n|teampreview\n|\n|t:|1660910987\n|start\n|switch|p1a: Tornadus|Tornadus-Therian, M|362\/362\n|switch|p2a: Manectric|Manectric, M|281\/281\n|turn|1\n|\n|t:|1660911008\n|switch|p1a: Camerupt|Camerupt, F|313\/313\n|detailschange|p2a: Manectric|Manectric-Mega, M\n|-mega|p2a: Manectric|Manectric|Manectite\n|-ability|p2a: Manectric|Intimidate|boost\n|-unboost|p1a: Camerupt|atk|1\n|move|p2a: Manectric|Thunderbolt|p1a: Camerupt\n|-immune|p1a: Camerupt\n|\n|upkeep\n|turn|2\n|\n|t:|1660911018\n|switch|p2a: Manaphy|Manaphy|341\/341\n|detailschange|p1a: Camerupt|Camerupt-Mega, F\n|-mega|p1a: Camerupt|Camerupt|Cameruptite\n|move|p1a: Camerupt|Earth Power|p2a: Manaphy\n|-damage|p2a: Manaphy|73\/341\n|\n|upkeep\n|turn|3\n|\n|t:|1660911042\n|switch|p1a: Muk|Muk-Alola, F|413\/413\n|-zpower|p2a: Manaphy\n|move|p2a: Manaphy|Hydro Vortex|p1a: Muk|[zeffect]\n|-damage|p1a: Muk|268\/413\n|\n|upkeep\n|turn|4\n|\n|t:|1660911048\n|move|p2a: Manaphy|Surf|p1a: Muk\n|-damage|p1a: Muk|189\/413\n|move|p1a: Muk|Knock Off|p2a: Manaphy\n|-damage|p2a: Manaphy|0 fnt\n|faint|p2a: Manaphy\n|\n|upkeep\n|\n|t:|1660911055\n|switch|p2a: Buzzwole|Buzzwole|418\/418\n|turn|5\n|\n|t:|1660911061\n|switch|p1a: Camerupt|Camerupt-Mega, F|313\/313\n|move|p2a: Buzzwole|Drain Punch|p1a: Camerupt\n|-damage|p1a: Camerupt|186\/313\n|\n|upkeep\n|turn|6\n|\n|t:|1660911070\n|move|p2a: Buzzwole|Drain Punch|p1a: Camerupt\n|-damage|p1a: Camerupt|68\/313\n|move|p1a: Camerupt|Fire Blast|p2a: Buzzwole\n|-supereffective|p2a: Buzzwole\n|-damage|p2a: Buzzwole|0 fnt\n|faint|p2a: Buzzwole\n|\n|upkeep\n|\n|t:|1660911082\n|switch|p2a: Serperior|Serperior, F|305\/305\n|turn|7\n|\n|t:|1660911086\n|move|p2a: Serperior|Leaf Storm|p1a: Camerupt\n|-damage|p1a: Camerupt|0 fnt\n|-boost|p2a: Serperior|spa|2\n|faint|p1a: Camerupt\n|\n|upkeep\n|\n|t:|1660911092\n|switch|p1a: Heatran|Heatran, M|386\/386\n|turn|8\n|\n|t:|1660911096\n|move|p2a: Serperior|Substitute|p2a: Serperior\n|-start|p2a: Serperior|Substitute\n|-damage|p2a: Serperior|229\/305\n|move|p1a: Heatran|Lava Plume|p2a: Serperior\n|-supereffective|p2a: Serperior\n|-end|p2a: Serperior|Substitute\n|\n|-heal|p2a: Serperior|248\/305|[from] item: Leftovers\n|upkeep\n|turn|9\n|\n|t:|1660911100\n|switch|p2a: Zapdos|Zapdos|383\/383\n|-ability|p2a: Zapdos|Pressure\n|move|p1a: Heatran|Lava Plume|p2a: Zapdos\n|-damage|p2a: Zapdos|250\/383\n|\n|-heal|p2a: Zapdos|273\/383|[from] item: Leftovers\n|upkeep\n|turn|10\n|\n|t:|1660911106\n|switch|p1a: Muk|Muk-Alola, F|189\/413\n|move|p2a: Zapdos|Discharge|p1a: Muk\n|-damage|p1a: Muk|119\/413\n|-status|p1a: Muk|par\n|\n|-heal|p2a: Zapdos|296\/383|[from] item: Leftovers\n|upkeep\n|turn|11\n|\n|t:|1660911111\n|move|p2a: Zapdos|Discharge|p1a: Muk\n|-damage|p1a: Muk|53\/413 par\n|move|p1a: Muk|Knock Off|p2a: Zapdos\n|-damage|p2a: Zapdos|193\/383\n|-status|p2a: Zapdos|psn|[from] ability: Poison Touch|[of] p1a: Muk\n|-enditem|p2a: Zapdos|Leftovers|[from] move: Knock Off|[of] p1a: Muk\n|\n|-damage|p2a: Zapdos|146\/383 psn|[from] psn\n|upkeep\n|turn|12\n|\n|t:|1660911119\n|move|p2a: Zapdos|Discharge|p1a: Muk\n|-damage|p1a: Muk|0 fnt\n|faint|p1a: Muk\n|\n|-damage|p2a: Zapdos|99\/383 psn|[from] psn\n|upkeep\n|\n|t:|1660911127\n|switch|p1a: Tornadus|Tornadus-Therian, M|362\/362\n|turn|13\n|\n|t:|1660911131\n|move|p1a: Tornadus|Hurricane|p2a: Zapdos\n|-resisted|p2a: Zapdos\n|-damage|p2a: Zapdos|16\/383 psn\n|move|p2a: Zapdos|Discharge|p1a: Tornadus\n|-supereffective|p1a: Tornadus\n|-damage|p1a: Tornadus|132\/362\n|\n|-damage|p2a: Zapdos|0 fnt|[from] psn\n|faint|p2a: Zapdos\n|upkeep\n|\n|t:|1660911138\n|switch|p2a: Manectric|Manectric-Mega, M|281\/281\n|-ability|p2a: Manectric|Intimidate|boost\n|-unboost|p1a: Tornadus|atk|1\n|turn|14\n|j| GreninjaYDavid45\n|\n|t:|1660911144\n|switch|p1a: Reuniclus|Reuniclus, M|424\/424\n|move|p2a: Manectric|Thunderbolt|p1a: Reuniclus\n|-damage|p1a: Reuniclus|235\/424\n|\n|upkeep\n|turn|15\n|\n|t:|1660911151\n|move|p2a: Manectric|Thunderbolt|p1a: Reuniclus\n|-damage|p1a: Reuniclus|49\/424\n|move|p1a: Reuniclus|Recover|p1a: Reuniclus\n|-heal|p1a: Reuniclus|261\/424\n|\n|upkeep\n|turn|16\n|\n|t:|1660911156\n|move|p2a: Manectric|Volt Switch|p1a: Reuniclus\n|-damage|p1a: Reuniclus|116\/424\n|\n|t:|1660911158\n|switch|p2a: Alakazam|Alakazam, M|251\/251\n|move|p1a: Reuniclus|Recover|p1a: Reuniclus\n|-heal|p1a: Reuniclus|328\/424\n|\n|upkeep\n|turn|17\n|\n|t:|1660911167\n|move|p2a: Alakazam|Shadow Ball|p1a: Reuniclus\n|-supereffective|p1a: Reuniclus\n|-damage|p1a: Reuniclus|32\/424\n|-unboost|p1a: Reuniclus|spd|1\n|move|p1a: Reuniclus|Recover|p1a: Reuniclus\n|-heal|p1a: Reuniclus|244\/424\n|\n|upkeep\n|turn|18\n|\n|t:|1660911174\n|switch|p1a: Tapu Lele|Tapu Lele|281\/281\n|-fieldstart|move: Psychic Terrain|[from] ability: Psychic Surge|[of] p1a: Tapu Lele\n|move|p2a: Alakazam|Shadow Ball|p1a: Tapu Lele\n|-supereffective|p1a: Tapu Lele\n|-damage|p1a: Tapu Lele|42\/281\n|\n|upkeep\n|turn|19\n|l| GreninjaYDavid45\n|\n|t:|1660911188\n|move|p2a: Alakazam|Shadow Ball|p1a: Tapu Lele\n|-supereffective|p1a: Tapu Lele\n|-damage|p1a: Tapu Lele|0 fnt\n|faint|p1a: Tapu Lele\n|\n|upkeep\n|\n|t:|1660911194\n|switch|p1a: Tornadus|Tornadus-Therian, M|252\/362\n|turn|20\n|\n|t:|1660911198\n|switch|p2a: Manectric|Manectric-Mega, M|281\/281\n|-ability|p2a: Manectric|Intimidate|boost\n|-unboost|p1a: Tornadus|atk|1\n|move|p1a: Tornadus|Knock Off|p2a: Manectric\n|-damage|p2a: Manectric|243\/281\n|\n|upkeep\n|turn|21\n|\n|t:|1660911202\n|switch|p1a: Heatran|Heatran, M|386\/386\n|move|p2a: Manectric|Volt Switch|p1a: Heatran\n|-damage|p1a: Heatran|292\/386\n|\n|t:|1660911205\n|switch|p2a: Alakazam|Alakazam, M|251\/251\n|\n|-heal|p1a: Heatran|316\/386|[from] item: Leftovers\n|upkeep\n|turn|22\n|\n|t:|1660911219\n|move|p2a: Alakazam|Focus Blast|p1a: Heatran\n|-supereffective|p1a: Heatran\n|-damage|p1a: Heatran|35\/386\n|move|p1a: Heatran|Lava Plume|p2a: Alakazam\n|-damage|p2a: Alakazam|118\/251\n|\n|-heal|p1a: Heatran|59\/386|[from] item: Leftovers\n|-fieldend|move: Psychic Terrain\n|upkeep\n|turn|23\n|\n|t:|1660911223\n|move|p2a: Alakazam|Shadow Ball|p1a: Heatran\n|-damage|p1a: Heatran|0 fnt\n|faint|p1a: Heatran\n|\n|upkeep\n|\n|t:|1660911225\n|switch|p1a: Tornadus|Tornadus-Therian, M|362\/362\n|turn|24\n|\n|t:|1660911230\n|switch|p2a: Manectric|Manectric-Mega, M|243\/281\n|-ability|p2a: Manectric|Intimidate|boost\n|-unboost|p1a: Tornadus|atk|1\n|move|p1a: Tornadus|Hurricane|p2a: Manectric\n|-resisted|p2a: Manectric\n|-damage|p2a: Manectric|152\/281\n|\n|upkeep\n|turn|25\n|\n|t:|1660911241\n|move|p2a: Manectric|Thunderbolt|p1a: Tornadus\n|-supereffective|p1a: Tornadus\n|-damage|p1a: Tornadus|0 fnt\n|faint|p1a: Tornadus\n|\n|upkeep\n|\n|t:|1660911243\n|switch|p1a: Reuniclus|Reuniclus, M|244\/424\n|turn|26\n|\n|t:|1660911247\n|move|p2a: Manectric|Thunderbolt|p1a: Reuniclus\n|-damage|p1a: Reuniclus|42\/424\n|move|p1a: Reuniclus|Calm Mind|p1a: Reuniclus\n|-boost|p1a: Reuniclus|spa|1\n|-boost|p1a: Reuniclus|spd|1\n|\n|upkeep\n|turn|27\n|c|\u2606xasah\u2764bae|gg\n|\n|t:|1660911253\n|move|p2a: Manectric|Thunderbolt|p1a: Reuniclus\n|-damage|p1a: Reuniclus|0 fnt\n|faint|p1a: Reuniclus\n|\n|win|xasah\u2764bae\n|n|\u2606MrTroodon|mrtroodon\n|n|\u2606xasah\u2764bae|xasahbae\n|n|*Lady Monita|ladymonita\n|l|*Lady Monita\n|c|\u2606MrTroodon|GG\n","inputlog":">version ef88ee3894d6c9860cea2e34764b46766628f573\n>start {\"formatid\":\"gen7battlefactory\",\"seed\":[60243,60375,54454,43997],\"rated\":\"Tournament battle\"}\n>player p1 {\"name\":\"MrTroodon\",\"avatar\":\"pokemaniac\",\"rating\":0,\"seed\":[8160,28749,43710,9953]}\n>player p2 {\"name\":\"xasah\u2764bae\",\"avatar\":\"clerkf\",\"rating\":0,\"seed\":[158,27056,41603,48229]}\n>p1 team 1, 2, 3, 4, 5, 6\n>p2 team 4, 2, 3, 1, 5, 6\n>p1 switch 3\n>p2 move thunderbolt mega\n>p1 move earthpower mega\n>p2 switch 4\n>p1 switch 6\n>p2 move surf zmove\n>p1 move knockoff\n>p2 move surf\n>p2 switch 3\n>p1 switch 6\n>p2 move drainpunch\n>p1 move fireblast\n>p2 move drainpunch\n>p2 switch 2\n>p1 move fireblast\n>p2 move leafstorm\n>p1 switch 4\n>p1 move lavaplume\n>p2 move substitute\n>p1 move lavaplume\n>p2 switch 5\n>p1 switch 6\n>p2 move discharge\n>p1 move knockoff\n>p2 move discharge\n>p1 move pursuit\n>p2 move discharge\n>p1 switch 3\n>p1 move hurricane\n>p2 move discharge\n>p2 switch 4\n>p1 switch 2\n>p2 move thunderbolt\n>p1 move recover\n>p2 move thunderbolt\n>p1 move recover\n>p2 move voltswitch\n>p2 switch 6\n>p1 move recover\n>p2 move shadowball\n>p1 switch 5\n>p2 move shadowball\n>p1 move moonblast\n>p2 move shadowball\n>p1 switch 2\n>p1 move knockoff\n>p2 switch 6\n>p1 switch 6\n>p2 move voltswitch\n>p2 switch 6\n>p1 move lavaplume\n>p2 move focusblast\n>p1 move lavaplume\n>p2 move shadowball\n>p1 switch 6\n>p1 move hurricane\n>p2 switch 6\n>p1 move hurricane\n>p2 move thunderbolt\n>p1 switch 5\n>p1 move calmmind\n>p2 move thunderbolt\n>chat \u2606xasah\u2764bae|gg\n>p1 move recover\n>p2 move thunderbolt","uploadtime":1660911258,"views":5,"p1id":"mrtroodon","p2id":"xasahbae","formatid":"gen7battlefactory","rating":0,"private":0,"password":null}