{"id":"gen7ou-1677855231","p1":"thedebatablereaper","p2":"0.7flower","format":"gen7ou","log":"|j|\u2606thedebatablereaper\n|j|\u26060.7flower\n|t:|1664931349\n|gametype|singles\n|player|p1|thedebatablereaper|102|1543\n|player|p2|0.7flower|n|1459\n|teamsize|p1|6\n|teamsize|p2|6\n|gen|7\n|tier|[Gen 7] OU\n|rated|\n|rule|Sleep Clause Mod: Limit one foe put to sleep\n|rule|Species Clause: Limit one of each Pok\u00e9mon\n|rule|OHKO Clause: OHKO moves are banned\n|rule|Moody Clause: Moody is banned\n|rule|Evasion Items Clause: Evasion items are banned\n|rule|Evasion Moves Clause: Evasion moves are banned\n|rule|Endless Battle Clause: Forcing endless battles is banned\n|rule|HP Percentage Mod: HP is shown in percentages\n|clearpoke\n|poke|p1|Garchomp, F|item\n|poke|p1|Mawile, F|item\n|poke|p1|Tapu Lele|item\n|poke|p1|Heatran, F|item\n|poke|p1|Rotom-Wash|item\n|poke|p1|Serperior, M|item\n|poke|p2|Alakazam, M|item\n|poke|p2|Tapu Lele|item\n|poke|p2|Kartana|item\n|poke|p2|Greninja, M|item\n|poke|p2|Magearna|item\n|poke|p2|Landorus-Therian, M|item\n|teampreview\n|\n|t:|1664931367\n|start\n|switch|p1a: Rotom|Rotom-Wash|100\/100\n|switch|p2a: Tapu Lele|Tapu Lele|100\/100\n|-fieldstart|move: Psychic Terrain|[from] ability: Psychic Surge|[of] p2a: Tapu Lele\n|turn|1\n|\n|t:|1664931378\n|switch|p1a: Heatran|Heatran, F|100\/100\n|move|p2a: Tapu Lele|Calm Mind|p2a: Tapu Lele\n|-boost|p2a: Tapu Lele|spa|1\n|-boost|p2a: Tapu Lele|spd|1\n|\n|upkeep\n|turn|2\n|\n|t:|1664931389\n|move|p2a: Tapu Lele|Focus Blast|p1a: Heatran\n|-supereffective|p1a: Heatran\n|-damage|p1a: Heatran|21\/100\n|move|p1a: Heatran|Stealth Rock|p2a: Tapu Lele\n|-sidestart|p2: 0.7flower|move: Stealth Rock\n|\n|-heal|p1a: Heatran|27\/100|[from] item: Leftovers\n|upkeep\n|turn|3\n|\n|t:|1664931396\n|move|p2a: Tapu Lele|Psyshock|p1a: Heatran\n|-resisted|p1a: Heatran\n|-damage|p1a: Heatran|0 fnt\n|faint|p1a: Heatran\n|\n|upkeep\n|j| GW.SXE\n|\n|t:|1664931407\n|switch|p1a: Serperior|Serperior, M|100\/100\n|turn|4\n|\n|t:|1664931416\n|move|p1a: Serperior|Glare|p2a: Tapu Lele\n|-status|p2a: Tapu Lele|par\n|-zpower|p2a: Tapu Lele\n|move|p2a: Tapu Lele|Shattered Psyche|p1a: Serperior|[zeffect]\n|-damage|p1a: Serperior|0 fnt\n|faint|p1a: Serperior\n|\n|upkeep\n|\n|t:|1664931423\n|switch|p1a: Mawile|Mawile, F|100\/100\n|-ability|p1a: Mawile|Intimidate|boost\n|-unboost|p2a: Tapu Lele|atk|1\n|turn|5\n|\n|t:|1664931429\n|detailschange|p1a: Mawile|Mawile-Mega, F\n|-mega|p1a: Mawile|Mawile|Mawilite\n|move|p1a: Mawile|Play Rough|p2a: Tapu Lele\n|-damage|p2a: Tapu Lele|0 fnt\n|faint|p2a: Tapu Lele\n|\n|-fieldend|move: Psychic Terrain\n|upkeep\n|\n|t:|1664931438\n|switch|p2a: Landorus|Landorus-Therian, M|100\/100\n|-damage|p2a: Landorus|88\/100|[from] Stealth Rock\n|-ability|p2a: Landorus|Intimidate|boost\n|-unboost|p1a: Mawile|atk|1\n|turn|6\n|\n|t:|1664931444\n|move|p2a: Landorus|Stealth Rock|p1a: Mawile\n|-sidestart|p1: thedebatablereaper|move: Stealth Rock\n|move|p1a: Mawile|Fire Fang|p2a: Landorus\n|-damage|p2a: Landorus|66\/100\n|\n|-heal|p2a: Landorus|72\/100|[from] item: Leftovers\n|upkeep\n|turn|7\n|\n|t:|1664931450\n|switch|p1a: Rotom|Rotom-Wash|100\/100\n|-damage|p1a: Rotom|88\/100|[from] Stealth Rock\n|move|p2a: Landorus|U-turn|p1a: Rotom\n|-damage|p1a: Rotom|68\/100\n|\n|t:|1664931463\n|switch|p2a: Kartana|Kartana|100\/100|[from]move: U-turn\n|-damage|p2a: Kartana|94\/100|[from] Stealth Rock\n|\n|upkeep\n|turn|8\n|\n|t:|1664931468\n|switch|p1a: Garchomp|Garchomp, F|100\/100\n|-damage|p1a: Garchomp|94\/100|[from] Stealth Rock\n|move|p2a: Kartana|Leaf Blade|p1a: Garchomp\n|-damage|p1a: Garchomp|38\/100\n|-damage|p2a: Kartana|82\/100|[from] ability: Rough Skin|[of] p1a: Garchomp\n|\n|upkeep\n|turn|9\n|\n|t:|1664931477\n|move|p2a: Kartana|Leaf Blade|p1a: Garchomp\n|-damage|p1a: Garchomp|0 fnt\n|-damage|p2a: Kartana|70\/100|[from] ability: Rough Skin|[of] p1a: Garchomp\n|faint|p1a: Garchomp\n|-ability|p2a: Kartana|Beast Boost|boost\n|-boost|p2a: Kartana|atk|1\n|\n|upkeep\n|\n|t:|1664931484\n|switch|p1a: Mawile|Mawile-Mega, F|100\/100\n|-damage|p1a: Mawile|94\/100|[from] Stealth Rock\n|turn|10\n|\n|t:|1664931488\n|switch|p2a: Landorus|Landorus-Therian, M|72\/100\n|-damage|p2a: Landorus|60\/100|[from] Stealth Rock\n|-ability|p2a: Landorus|Intimidate|boost\n|-unboost|p1a: Mawile|atk|1\n|move|p1a: Mawile|Play Rough|p2a: Landorus\n|-damage|p2a: Landorus|16\/100\n|-unboost|p2a: Landorus|atk|1\n|\n|-heal|p2a: Landorus|22\/100|[from] item: Leftovers\n|upkeep\n|turn|11\n|\n|t:|1664931501\n|switch|p1a: Rotom|Rotom-Wash|68\/100\n|-damage|p1a: Rotom|56\/100|[from] Stealth Rock\n|move|p2a: Landorus|Earthquake|p1a: Rotom\n|-immune|p1a: Rotom|[from] ability: Levitate\n|\n|-heal|p2a: Landorus|29\/100|[from] item: Leftovers\n|upkeep\n|turn|12\n|\n|t:|1664931509\n|switch|p2a: Magearna|Magearna|100\/100\n|-damage|p2a: Magearna|94\/100|[from] Stealth Rock\n|move|p1a: Rotom|Hydro Pump|p2a: Magearna\n|-damage|p2a: Magearna|78\/100\n|\n|upkeep\n|turn|13\n|\n|t:|1664931515\n|move|p1a: Rotom|Will-O-Wisp|p2a: Magearna\n|-status|p2a: Magearna|brn\n|move|p2a: Magearna|Volt Switch|p1a: Rotom\n|-damage|p1a: Rotom|36\/100\n|\n|t:|1664931521\n|switch|p2a: Greninja|Greninja, M|100\/100|[from]move: Volt Switch\n|-damage|p2a: Greninja|88\/100|[from] Stealth Rock\n|\n|upkeep\n|turn|14\n|\n|t:|1664931534\n|switch|p1a: Tapu Lele|Tapu Lele|100\/100\n|-damage|p1a: Tapu Lele|88\/100|[from] Stealth Rock\n|-fieldstart|move: Psychic Terrain|[from] ability: Psychic Surge|[of] p1a: Tapu Lele\n|move|p2a: Greninja|Dark Pulse|p1a: Tapu Lele\n|-damage|p1a: Tapu Lele|26\/100\n|\n|upkeep\n|turn|15\n|\n|t:|1664931545\n|switch|p1a: Mawile|Mawile-Mega, F|94\/100\n|-damage|p1a: Mawile|88\/100|[from] Stealth Rock\n|switch|p2a: Magearna|Magearna|78\/100 brn\n|-damage|p2a: Magearna|72\/100 brn|[from] Stealth Rock\n|\n|-damage|p2a: Magearna|66\/100 brn|[from] brn\n|upkeep\n|turn|16\n|\n|t:|1664931554\n|switch|p2a: Landorus|Landorus-Therian, M|29\/100\n|-damage|p2a: Landorus|16\/100|[from] Stealth Rock\n|-ability|p2a: Landorus|Intimidate|boost\n|-unboost|p1a: Mawile|atk|1\n|move|p1a: Mawile|Fire Fang|p2a: Landorus\n|-damage|p2a: Landorus|0 fnt\n|faint|p2a: Landorus\n|\n|upkeep\n|\n|t:|1664931562\n|switch|p2a: Greninja|Greninja, M|88\/100\n|-damage|p2a: Greninja|76\/100|[from] Stealth Rock\n|turn|17\n|\n|t:|1664931567\n|switch|p1a: Rotom|Rotom-Wash|36\/100\n|-damage|p1a: Rotom|24\/100|[from] Stealth Rock\n|-enditem|p1a: Rotom|Iapapa Berry|[eat]\n|-heal|p1a: Rotom|74\/100|[from] item: Iapapa Berry\n|move|p2a: Greninja|Hydro Pump|p1a: Rotom|[miss]\n|-miss|p2a: Greninja|p1a: Rotom\n|\n|upkeep\n|turn|18\n|\n|t:|1664931575\n|switch|p2a: Magearna|Magearna|66\/100 brn\n|-damage|p2a: Magearna|60\/100 brn|[from] Stealth Rock\n|move|p1a: Rotom|Volt Switch|p2a: Magearna\n|-damage|p2a: Magearna|49\/100 brn\n|\n|t:|1664931581\n|switch|p1a: Mawile|Mawile-Mega, F|88\/100|[from]move: Volt Switch\n|-damage|p1a: Mawile|82\/100|[from] Stealth Rock\n|\n|-damage|p2a: Magearna|43\/100 brn|[from] brn\n|-fieldend|move: Psychic Terrain\n|upkeep\n|turn|19\n|\n|t:|1664931588\n|move|p1a: Mawile|Fire Fang|p2a: Magearna\n|-supereffective|p2a: Magearna\n|-damage|p2a: Magearna|0 fnt\n|faint|p2a: Magearna\n|\n|upkeep\n|\n|t:|1664931594\n|switch|p2a: Greninja|Greninja, M|76\/100\n|-damage|p2a: Greninja|64\/100|[from] Stealth Rock\n|turn|20\n|\n|t:|1664931598\n|switch|p1a: Rotom|Rotom-Wash|74\/100\n|-damage|p1a: Rotom|62\/100|[from] Stealth Rock\n|move|p2a: Greninja|Dark Pulse|p1a: Rotom\n|-damage|p1a: Rotom|10\/100\n|\n|upkeep\n|turn|21\n|\n|t:|1664931605\n|move|p2a: Greninja|Dark Pulse|p1a: Rotom\n|-damage|p1a: Rotom|0 fnt\n|faint|p1a: Rotom\n|-activate|p2a: Greninja|ability: Battle Bond\n|detailschange|p2a: Greninja|Greninja-Ash, M\n|\n|upkeep\n|\n|t:|1664931611\n|switch|p1a: Tapu Lele|Tapu Lele|26\/100\n|-damage|p1a: Tapu Lele|13\/100|[from] Stealth Rock\n|-fieldstart|move: Psychic Terrain|[from] ability: Psychic Surge|[of] p1a: Tapu Lele\n|turn|22\n|\n|t:|1664931618\n|switch|p2a: Alakazam|Alakazam, M|100\/100\n|move|p1a: Tapu Lele|Moonblast|p2a: Alakazam\n|-damage|p2a: Alakazam|30\/100\n|\n|upkeep\n|turn|23\n|\n|t:|1664931625\n|detailschange|p2a: Alakazam|Alakazam-Mega, M\n|-mega|p2a: Alakazam|Alakazam|Alakazite\n|-ability|p2a: Alakazam|Psychic Surge|[from] ability: Trace|[of] p1a: Tapu Lele\n|move|p1a: Tapu Lele|Moonblast|p2a: Alakazam\n|-damage|p2a: Alakazam|0 fnt\n|faint|p2a: Alakazam\n|\n|upkeep\n|\n|t:|1664931631\n|switch|p2a: Kartana|Kartana|70\/100\n|-damage|p2a: Kartana|63\/100|[from] Stealth Rock\n|turn|24\n|\n|t:|1664931638\n|switch|p1a: Mawile|Mawile-Mega, F|82\/100\n|-damage|p1a: Mawile|76\/100|[from] Stealth Rock\n|move|p2a: Kartana|Smart Strike|p1a: Mawile\n|-damage|p1a: Mawile|26\/100\n|\n|upkeep\n|turn|25\n|\n|t:|1664931646\n|move|p2a: Kartana|Smart Strike|p1a: Mawile\n|-damage|p1a: Mawile|0 fnt\n|faint|p1a: Mawile\n|-ability|p2a: Kartana|Beast Boost|boost\n|-boost|p2a: Kartana|atk|1\n|\n|upkeep\n|-message|thedebatablereaper forfeited.\n|\n|win|0.7flower\n|raw|thedebatablereaper's rating: 1543 &rarr; <strong>1518<\/strong><br \/>(-25 for losing)\n|raw|0.7flower's rating: 1459 &rarr; <strong>1484<\/strong><br \/>(+25 for winning)\n|l|\u2606thedebatablereaper\n||Ladder isn't responding, score probably updated but might not have (Request timeout).\n","uploadtime":1664931748,"views":3,"p1id":"thedebatablereaper","p2id":"07flower","formatid":"gen7ou","rating":1484,"private":0,"password":null}