{"id":"gen7ou-831624352","p1":"SMxVale","p2":"Guard Arcanine","format":"gen7ou","log":"|j|\u2606SMxVale\n|j|\u2606Guard Arcanine\n|player|p1|SMxVale|102\n|player|p2|Guard Arcanine|193\n|teamsize|p1|6\n|teamsize|p2|6\n|gametype|singles\n|gen|7\n|tier|[Gen 7] OU\n|rated|\n|rule|Sleep Clause Mod: Limit one foe put to sleep\n|rule|Species Clause: Limit one of each Pok\u00e9mon\n|rule|OHKO Clause: OHKO moves are banned\n|rule|Moody Clause: Moody is banned\n|rule|Evasion Moves Clause: Evasion moves are banned\n|rule|Endless Battle Clause: Forcing endless battles is banned\n|rule|HP Percentage Mod: HP is shown in percentages\n|clearpoke\n|poke|p1|Heatran, M|item\n|poke|p1|Tapu Bulu|item\n|poke|p1|Gliscor, M|item\n|poke|p1|Kyurem-Black|item\n|poke|p1|Medicham, M|item\n|poke|p1|Toxapex, M|item\n|poke|p2|Zapdos|item\n|poke|p2|Chansey, F|item\n|poke|p2|Hawlucha, M|item\n|poke|p2|Tapu Koko|item\n|poke|p2|Victini|item\n|poke|p2|Tyranitar, M|item\n|teampreview\n|inactive|Battle timer is ON: inactive players will automatically lose when time's up. (requested by Guard Arcanine)\n|\n|start\n|switch|p1a: Kyurem|Kyurem-Black|100\/100\n|switch|p2a: Deus Vult Switch|Tapu Koko|100\/100\n|-ability|p1a: Kyurem|Teravolt\n|-fieldstart|move: Electric Terrain|[from] ability: Electric Surge|[of] p2a: Deus Vult Switch\n|turn|1\n|inactive|SMxVale also wants the timer to be on.\n|inactive|SMxVale has 120 seconds left.\n|inactive|Guard Arcanine has 120 seconds left.\n|\n|switch|p1a: Gliscor|Gliscor, M|100\/100\n|move|p2a: Deus Vult Switch|Volt Switch|p1a: Gliscor\n|-immune|p1a: Gliscor\n|\n|-status|p1a: Gliscor|tox|[from] item: Toxic Orb\n|upkeep\n|turn|2\n|\n|switch|p1a: Heatran|Heatran, M|100\/100\n|move|p2a: Deus Vult Switch|Hidden Power|p1a: Heatran\n|-resisted|p1a: Heatran\n|-damage|p1a: Heatran|97\/100\n|\n|upkeep\n|turn|3\n|\n|move|p2a: Deus Vult Switch|Volt Switch|p1a: Heatran\n|-damage|p1a: Heatran|56\/100\n|\n|switch|p2a: Juan Cena|Hawlucha, M|100\/100\n|-enditem|p2a: Juan Cena|Electric Seed\n|-boost|p2a: Juan Cena|def|1\n|move|p1a: Heatran|Magma Storm|p2a: Juan Cena\n|-damage|p2a: Juan Cena|21\/100\n|-activate|p2a: Juan Cena|move: Magma Storm|[of] p1a: Heatran\n|\n|-damage|p2a: Juan Cena|9\/100|[from] move: Magma Storm|[partiallytrapped]\n|upkeep\n|turn|4\n|\n|switch|p1a: Toxapex|Toxapex, M|100\/100\n|move|p2a: Juan Cena|Drain Punch|p1a: Toxapex\n|-resisted|p1a: Toxapex\n|-damage|p1a: Toxapex|90\/100\n|-heal|p2a: Juan Cena|14\/100|[from] drain|[of] p1a: Toxapex\n|\n|-heal|p1a: Toxapex|96\/100|[from] item: Black Sludge\n|upkeep\n|turn|5\n|\n|move|p2a: Juan Cena|Acrobatics|p1a: Toxapex\n|-damage|p1a: Toxapex|68\/100\n|move|p1a: Toxapex|Scald|p2a: Juan Cena\n|-damage|p2a: Juan Cena|0 fnt\n|faint|p2a: Juan Cena\n|\n|-heal|p1a: Toxapex|74\/100|[from] item: Black Sludge\n|-fieldend|move: Electric Terrain\n|upkeep\n|\n|switch|p2a: Dominus|Tyranitar, M|100\/100\n|-weather|Sandstorm|[from] ability: Sand Stream|[of] p2a: Dominus\n|turn|6\n|\n|detailschange|p2a: Dominus|Tyranitar-Mega, M\n|-mega|p2a: Dominus|Tyranitar|Tyranitarite\n|move|p2a: Dominus|Stone Edge|p1a: Toxapex\n|-damage|p1a: Toxapex|34\/100\n|move|p1a: Toxapex|Toxic Spikes|p2a: Dominus\n|-sidestart|p2: Guard Arcanine|move: Toxic Spikes\n|\n|-weather|Sandstorm|[upkeep]\n|-damage|p1a: Toxapex|28\/100|[from] Sandstorm\n|-heal|p1a: Toxapex|34\/100|[from] item: Black Sludge\n|upkeep\n|turn|7\n|\n|switch|p1a: Gliscor|Gliscor, M|100\/100 tox\n|move|p2a: Dominus|Earthquake|p1a: Gliscor\n|-immune|p1a: Gliscor\n|\n|-weather|Sandstorm|[upkeep]\n|upkeep\n|turn|8\n|\n|switch|p2a: Deus Vult Switch|Tapu Koko|100\/100\n|-status|p2a: Deus Vult Switch|psn\n|-fieldstart|move: Electric Terrain|[from] ability: Electric Surge|[of] p2a: Deus Vult Switch\n|move|p1a: Gliscor|Toxic||[still]\n|-fail|p1a: Gliscor\n|\n|-weather|Sandstorm|[upkeep]\n|-damage|p2a: Deus Vult Switch|94\/100 psn|[from] Sandstorm\n|-damage|p2a: Deus Vult Switch|82\/100 psn|[from] psn\n|upkeep\n|turn|9\n|\n|move|p1a: Gliscor|Protect|p1a: Gliscor\n|-singleturn|p1a: Gliscor|Protect\n|move|p2a: Deus Vult Switch|Defog|p1a: Gliscor\n|-activate|p1a: Gliscor|move: Protect\n|\n|-weather|Sandstorm|[upkeep]\n|-damage|p2a: Deus Vult Switch|76\/100 psn|[from] Sandstorm\n|-damage|p2a: Deus Vult Switch|63\/100 psn|[from] psn\n|upkeep\n|turn|10\n|\n|switch|p1a: Tapu Bulu|Tapu Bulu|100\/100\n|-fieldstart|move: Grassy Terrain|[from] ability: Grassy Surge|[of] p1a: Tapu Bulu\n|move|p2a: Deus Vult Switch|Defog|p1a: Tapu Bulu\n|-unboost|p1a: Tapu Bulu|evasion|1\n|-sideend|p2: Guard Arcanine|Toxic Spikes|[from] move: Defog|[of] p2a: Deus Vult Switch\n|\n|-weather|none\n|-heal|p2a: Deus Vult Switch|70\/100 psn|[from] Grassy Terrain\n|-damage|p2a: Deus Vult Switch|57\/100 psn|[from] psn\n|upkeep\n|turn|11\n|\n|switch|p2a: Vistov|Zapdos|100\/100\n|move|p1a: Tapu Bulu|Swords Dance|p1a: Tapu Bulu\n|-boost|p1a: Tapu Bulu|atk|2\n|\n|upkeep\n|turn|12\n|inactive|SMxVale has 120 seconds left.\n|\n|switch|p1a: Heatran|Heatran, M|56\/100\n|move|p2a: Vistov|Heat Wave|p1a: Heatran\n|-start|p1a: Heatran|ability: Flash Fire\n|\n|-heal|p1a: Heatran|62\/100|[from] Grassy Terrain\n|upkeep\n|turn|13\n|inactive|SMxVale has 120 seconds left.\n|\n|move|p1a: Heatran|Magma Storm|p2a: Vistov\n|-damage|p2a: Vistov|18\/100\n|-activate|p2a: Vistov|move: Magma Storm|[of] p1a: Heatran\n|move|p2a: Vistov|Volt Switch|p1a: Heatran\n|-damage|p1a: Heatran|31\/100\n|\n|switch|p2a: Deus Vult Switch|Tapu Koko|57\/100 psn\n|-fieldstart|move: Electric Terrain|[from] ability: Electric Surge|[of] p2a: Deus Vult Switch\n|\n|-damage|p2a: Deus Vult Switch|45\/100 psn|[from] psn\n|upkeep\n|turn|14\n|\n|-end|p1a: Heatran|ability: Flash Fire|[silent]\n|switch|p1a: Gliscor|Gliscor, M|100\/100 tox\n|move|p2a: Deus Vult Switch|Hidden Power|p1a: Gliscor\n|-supereffective|p1a: Gliscor\n|-damage|p1a: Gliscor|26\/100 tox\n|\n|-damage|p2a: Deus Vult Switch|32\/100 psn|[from] psn\n|-heal|p1a: Gliscor|38\/100 tox|[from] ability: Poison Heal\n|upkeep\n|turn|15\n|\n|move|p1a: Gliscor|Protect|p1a: Gliscor\n|-singleturn|p1a: Gliscor|Protect\n|move|p2a: Deus Vult Switch|Hidden Power|p1a: Gliscor\n|-activate|p1a: Gliscor|move: Protect\n|\n|-damage|p2a: Deus Vult Switch|20\/100 psn|[from] psn\n|-heal|p1a: Gliscor|51\/100 tox|[from] ability: Poison Heal\n|upkeep\n|turn|16\n|\n|switch|p1a: Tapu Bulu|Tapu Bulu|100\/100\n|-fieldstart|move: Grassy Terrain|[from] ability: Grassy Surge|[of] p1a: Tapu Bulu\n|move|p2a: Deus Vult Switch|Volt Switch|p1a: Tapu Bulu\n|-resisted|p1a: Tapu Bulu\n|-damage|p1a: Tapu Bulu|91\/100\n|\n|switch|p2a: Victor|Victini|100\/100\n|\n|-heal|p1a: Tapu Bulu|97\/100|[from] item: Leftovers\n|-heal|p1a: Tapu Bulu|100\/100|[from] Grassy Terrain\n|upkeep\n|turn|17\n|inactive|SMxVale has 120 seconds left.\n|\n|switch|p1a: Toxapex|Toxapex, M|67\/100\n|-zpower|p2a: Victor\n|move|p2a: Victor|Z-Celebrate|p2a: Victor|[anim]Celebrate\n|-boost|p2a: Victor|atk|1|[zeffect]\n|-boost|p2a: Victor|def|1|[zeffect]\n|-boost|p2a: Victor|spa|1|[zeffect]\n|-boost|p2a: Victor|spd|1|[zeffect]\n|-boost|p2a: Victor|spe|1|[zeffect]\n|-activate|p2a: Victor|move: Celebrate\n|\n|-heal|p1a: Toxapex|74\/100|[from] item: Black Sludge\n|-heal|p1a: Toxapex|80\/100|[from] Grassy Terrain\n|upkeep\n|turn|18\n|inactive|SMxVale has 90 seconds left.\n|\n|switch|p1a: Tapu Bulu|Tapu Bulu|100\/100\n|move|p2a: Victor|Stored Power|p1a: Tapu Bulu\n|-damage|p1a: Tapu Bulu|43\/100\n|\n|-heal|p1a: Tapu Bulu|49\/100|[from] item: Leftovers\n|-heal|p1a: Tapu Bulu|55\/100|[from] Grassy Terrain\n|upkeep\n|turn|19\n|\n|move|p1a: Tapu Bulu|Protect|p1a: Tapu Bulu\n|-singleturn|p1a: Tapu Bulu|Protect\n|move|p2a: Victor|Searing Shot|p1a: Tapu Bulu\n|-activate|p1a: Tapu Bulu|move: Protect\n|\n|-heal|p1a: Tapu Bulu|61\/100|[from] item: Leftovers\n|-heal|p1a: Tapu Bulu|67\/100|[from] Grassy Terrain\n|upkeep\n|turn|20\n|\n|move|p2a: Victor|Focus Blast|p1a: Tapu Bulu\n|-resisted|p1a: Tapu Bulu\n|-damage|p1a: Tapu Bulu|49\/100\n|move|p1a: Tapu Bulu|Horn Leech|p2a: Victor\n|-resisted|p2a: Victor\n|-damage|p2a: Victor|85\/100\n|-heal|p1a: Tapu Bulu|57\/100|[from] drain|[of] p2a: Victor\n|\n|-heal|p2a: Victor|91\/100|[from] Grassy Terrain\n|-heal|p1a: Tapu Bulu|63\/100|[from] item: Leftovers\n|-heal|p1a: Tapu Bulu|69\/100|[from] Grassy Terrain\n|-fieldend|move: Grassy Terrain\n|upkeep\n|turn|21\n|\n|move|p1a: Tapu Bulu|Protect|p1a: Tapu Bulu\n|-singleturn|p1a: Tapu Bulu|Protect\n|move|p2a: Victor|Stored Power|p1a: Tapu Bulu\n|-activate|p1a: Tapu Bulu|move: Protect\n|\n|-heal|p1a: Tapu Bulu|75\/100|[from] item: Leftovers\n|upkeep\n|turn|22\n|\n|switch|p1a: Heatran|Heatran, M|31\/100\n|move|p2a: Victor|Searing Shot|p1a: Heatran\n|-start|p1a: Heatran|ability: Flash Fire\n|\n|upkeep\n|turn|23\n|\n|-end|p1a: Heatran|ability: Flash Fire|[silent]\n|switch|p1a: Tapu Bulu|Tapu Bulu|75\/100\n|-fieldstart|move: Grassy Terrain|[from] ability: Grassy Surge|[of] p1a: Tapu Bulu\n|move|p2a: Victor|Focus Blast|p1a: Tapu Bulu|[miss]\n|-miss|p2a: Victor|p1a: Tapu Bulu\n|\n|-heal|p2a: Victor|97\/100|[from] Grassy Terrain\n|-heal|p1a: Tapu Bulu|81\/100|[from] item: Leftovers\n|-heal|p1a: Tapu Bulu|87\/100|[from] Grassy Terrain\n|upkeep\n|turn|24\n|\n|move|p1a: Tapu Bulu|Protect|p1a: Tapu Bulu\n|-singleturn|p1a: Tapu Bulu|Protect\n|move|p2a: Victor|Stored Power|p1a: Tapu Bulu\n|-activate|p1a: Tapu Bulu|move: Protect\n|\n|-heal|p2a: Victor|100\/100|[from] Grassy Terrain\n|-heal|p1a: Tapu Bulu|94\/100|[from] item: Leftovers\n|-heal|p1a: Tapu Bulu|99\/100|[from] Grassy Terrain\n|upkeep\n|turn|25\n|\n|move|p2a: Victor|Searing Shot|p1a: Tapu Bulu\n|-supereffective|p1a: Tapu Bulu\n|-damage|p1a: Tapu Bulu|8\/100\n|move|p1a: Tapu Bulu|Horn Leech|p2a: Victor\n|-resisted|p2a: Victor\n|-damage|p2a: Victor|83\/100\n|-heal|p1a: Tapu Bulu|17\/100|[from] drain|[of] p2a: Victor\n|\n|-heal|p2a: Victor|89\/100|[from] Grassy Terrain\n|-heal|p1a: Tapu Bulu|23\/100|[from] item: Leftovers\n|-heal|p1a: Tapu Bulu|29\/100|[from] Grassy Terrain\n|upkeep\n|turn|26\n|\n|move|p1a: Tapu Bulu|Protect|p1a: Tapu Bulu\n|-singleturn|p1a: Tapu Bulu|Protect\n|move|p2a: Victor|Stored Power|p1a: Tapu Bulu\n|-activate|p1a: Tapu Bulu|move: Protect\n|\n|-heal|p2a: Victor|96\/100|[from] Grassy Terrain\n|-heal|p1a: Tapu Bulu|35\/100|[from] item: Leftovers\n|-heal|p1a: Tapu Bulu|41\/100|[from] Grassy Terrain\n|upkeep\n|turn|27\n|\n|switch|p1a: Heatran|Heatran, M|31\/100\n|move|p2a: Victor|Stored Power|p1a: Heatran\n|-resisted|p1a: Heatran\n|-damage|p1a: Heatran|0 fnt\n|faint|p1a: Heatran\n|\n|-heal|p2a: Victor|100\/100|[from] Grassy Terrain\n|-fieldend|move: Grassy Terrain\n|upkeep\n|\n|switch|p1a: Kyurem|Kyurem-Black|100\/100\n|-ability|p1a: Kyurem|Teravolt\n|turn|28\n|\n|move|p2a: Victor|Focus Blast|p1a: Kyurem\n|-supereffective|p1a: Kyurem\n|-damage|p1a: Kyurem|9\/100\n|move|p1a: Kyurem|Earth Power|p2a: Victor\n|-supereffective|p2a: Victor\n|-damage|p2a: Victor|58\/100\n|\n|upkeep\n|turn|29\n|\n|move|p2a: Victor|Stored Power|p1a: Kyurem\n|-damage|p1a: Kyurem|0 fnt\n|faint|p1a: Kyurem\n|\n|upkeep\n|\n|switch|p1a: Medicham|Medicham, M|100\/100\n|turn|30\n|\n|detailschange|p1a: Medicham|Medicham-Mega, M\n|-mega|p1a: Medicham|Medicham|Medichamite\n|move|p1a: Medicham|Fake Out|p2a: Victor\n|-damage|p2a: Victor|44\/100\n|cant|p2a: Victor|flinch\n|\n|upkeep\n|turn|31\n|\n|switch|p1a: Toxapex|Toxapex, M|100\/100\n|move|p2a: Victor|Stored Power|p1a: Toxapex\n|-supereffective|p1a: Toxapex\n|-crit|p1a: Toxapex\n|-damage|p1a: Toxapex|0 fnt\n|faint|p1a: Toxapex\n|\n|upkeep\n|\n|switch|p1a: Medicham|Medicham-Mega, M|100\/100\n|turn|32\n|\n|move|p1a: Medicham|Fake Out|p2a: Victor\n|-damage|p2a: Victor|28\/100\n|cant|p2a: Victor|flinch\n|\n|upkeep\n|turn|33\n|\n|switch|p1a: Tapu Bulu|Tapu Bulu|41\/100\n|-fieldstart|move: Grassy Terrain|[from] ability: Grassy Surge|[of] p1a: Tapu Bulu\n|move|p2a: Victor|Stored Power|p1a: Tapu Bulu\n|-damage|p1a: Tapu Bulu|0 fnt\n|faint|p1a: Tapu Bulu\n|\n|-heal|p2a: Victor|35\/100|[from] Grassy Terrain\n|upkeep\n|\n|switch|p1a: Medicham|Medicham-Mega, M|100\/100\n|turn|34\n|\n|move|p1a: Medicham|Fake Out|p2a: Victor\n|-damage|p2a: Victor|18\/100\n|cant|p2a: Victor|flinch\n|\n|-heal|p2a: Victor|24\/100|[from] Grassy Terrain\n|upkeep\n|turn|35\n|\n|move|p2a: Victor|Stored Power|p1a: Medicham\n|-damage|p1a: Medicham|0 fnt\n|faint|p1a: Medicham\n|\n|-heal|p2a: Victor|30\/100|[from] Grassy Terrain\n|upkeep\n|c|\u2606Guard Arcanine|gg\n|-message|SMxVale forfeited.\n|\n|win|Guard Arcanine\n|l|\u2606SMxVale\n|raw|SMxVale's rating: 1638 &rarr; <strong>1611<\/strong><br \/>(-27 for losing)\n|raw|Guard Arcanine's rating: 1523 &rarr; <strong>1550<\/strong><br \/>(+27 for winning)\n","uploadtime":1544100809,"views":24,"p1id":"smxvale","p2id":"guardarcanine","formatid":"gen7ou","rating":1550,"private":0,"password":null}