{"id":"gen7ou-921338886","p1":"BugCatcherWeevil","p2":"Cashbandicook","format":"gen7ou","log":"|j|\u2606BugCatcherWeevil\n|j|\u2606Cashbandicook\n|player|p1|BugCatcherWeevil|7\n|player|p2|Cashbandicook|201\n|teamsize|p1|6\n|teamsize|p2|6\n|gametype|singles\n|gen|7\n|tier|[Gen 7] OU\n|rated|\n|rule|Sleep Clause Mod: Limit one foe put to sleep\n|rule|Species Clause: Limit one of each Pok\u00e9mon\n|rule|OHKO Clause: OHKO moves are banned\n|rule|Moody Clause: Moody is banned\n|rule|Evasion Moves Clause: Evasion moves are banned\n|rule|Endless Battle Clause: Forcing endless battles is banned\n|rule|HP Percentage Mod: HP is shown in percentages\n|clearpoke\n|poke|p1|Azumarill, M|item\n|poke|p1|Pelipper, F|item\n|poke|p1|Tornadus-Therian, M|item\n|poke|p1|Swampert, M|item\n|poke|p1|Ferrothorn, M|item\n|poke|p1|Greninja, M|item\n|poke|p2|Muk-Alola, M|item\n|poke|p2|Medicham, F|item\n|poke|p2|Landorus-Therian, M|item\n|poke|p2|Kartana|item\n|poke|p2|Rotom-Wash|item\n|poke|p2|Blacephalon|item\n|teampreview\n|\n|start\n|switch|p1a: Ferrothorn|Ferrothorn, M|351\/351\n|switch|p2a: Rotom|Rotom-Wash|304\/304\n|turn|1\n|\n|move|p2a: Rotom|Thunder Wave|p1a: Ferrothorn\n|-status|p1a: Ferrothorn|par\n|cant|p1a: Ferrothorn|par\n|\n|upkeep\n|turn|2\n|\n|move|p2a: Rotom|Volt Switch|p1a: Ferrothorn\n|-resisted|p1a: Ferrothorn\n|-damage|p1a: Ferrothorn|322\/351 par\n|\n|switch|p2a: Landorus|Landorus-Therian, M|382\/382\n|-ability|p2a: Landorus|Intimidate|boost\n|-unboost|p1a: Ferrothorn|atk|1\n|move|p1a: Ferrothorn|Stealth Rock|p2a: Landorus\n|-sidestart|p2: Cashbandicook|move: Stealth Rock\n|\n|upkeep\n|turn|3\n|\n|move|p2a: Landorus|Stealth Rock|p1a: Ferrothorn\n|-sidestart|p1: BugCatcherWeevil|move: Stealth Rock\n|move|p1a: Ferrothorn|Spikes|p2a: Landorus\n|-sidestart|p2: Cashbandicook|Spikes\n|\n|upkeep\n|turn|4\n|j| a1025657117\n|\n|switch|p1a: Tornadus|Tornadus-Therian, M|361\/361\n|-damage|p1a: Tornadus|271\/361|[from] Stealth Rock\n|move|p2a: Landorus|U-turn|p1a: Tornadus\n|-resisted|p1a: Tornadus\n|-damage|p1a: Tornadus|225\/361\n|-damage|p2a: Landorus|319\/382|[from] item: Rocky Helmet|[of] p1a: Tornadus\n|\n|switch|p2a: Muk|Muk-Alola, M|413\/413\n|-damage|p2a: Muk|362\/413|[from] Spikes\n|-damage|p2a: Muk|311\/413|[from] Stealth Rock\n|\n|upkeep\n|turn|5\n|\n|move|p1a: Tornadus|U-turn|p2a: Muk\n|-damage|p2a: Muk|253\/413\n|\n|-activate|p1a: Tornadus|move: Pursuit\n|move|p2a: Muk|Pursuit|p1a: Tornadus|[from]Pursuit\n|-damage|p1a: Tornadus|113\/361\n|-damage|p2a: Muk|185\/413|[from] item: Rocky Helmet|[of] p1a: Tornadus\n|-status|p1a: Tornadus|psn|[from] ability: Poison Touch|[of] p2a: Muk\n|switch|p1a: Swampert|Swampert, M|361\/361\n|-damage|p1a: Swampert|339\/361|[from] Stealth Rock\n|\n|upkeep\n|turn|6\n|j| Enii\n|\n|switch|p2a: Rotom|Rotom-Wash|304\/304\n|-damage|p2a: Rotom|266\/304|[from] Stealth Rock\n|detailschange|p1a: Swampert|Swampert-Mega, M\n|-mega|p1a: Swampert|Swampert|Swampertite\n|move|p1a: Swampert|Substitute|p1a: Swampert\n|-start|p1a: Swampert|Substitute\n|-damage|p1a: Swampert|249\/361\n|\n|upkeep\n|turn|7\n|\n|move|p2a: Rotom|Hydro Pump|p1a: Swampert|[miss]\n|-miss|p2a: Rotom|p1a: Swampert\n|move|p1a: Swampert|Waterfall|p2a: Rotom\n|-resisted|p2a: Rotom\n|-damage|p2a: Rotom|208\/304\n|\n|upkeep\n|turn|8\n|\n|move|p2a: Rotom|Hydro Pump|p1a: Swampert\n|-end|p1a: Swampert|Substitute\n|move|p1a: Swampert|Waterfall|p2a: Rotom\n|-resisted|p2a: Rotom\n|-crit|p2a: Rotom\n|-damage|p2a: Rotom|112\/304\n|\n|upkeep\n|turn|9\n|\n|switch|p1a: Ferrothorn|Ferrothorn, M|322\/351 par\n|-damage|p1a: Ferrothorn|301\/351 par|[from] Stealth Rock\n|move|p2a: Rotom|Defog|p1a: Ferrothorn\n|-unboost|p1a: Ferrothorn|evasion|1\n|-sideend|p1: BugCatcherWeevil|Stealth Rock|[from] move: Defog|[of] p2a: Rotom\n|-sideend|p2: Cashbandicook|Spikes|[from] move: Defog|[of] p2a: Rotom\n|-sideend|p2: Cashbandicook|Stealth Rock|[from] move: Defog|[of] p2a: Rotom\n|\n|upkeep\n|turn|10\n|\n|move|p2a: Rotom|Volt Switch|p1a: Ferrothorn\n|-resisted|p1a: Ferrothorn\n|-damage|p1a: Ferrothorn|271\/351 par\n|\n|switch|p2a: Blacephalon|Blacephalon|305\/305\n|move|p1a: Ferrothorn|Stealth Rock|p2a: Blacephalon\n|-sidestart|p2: Cashbandicook|move: Stealth Rock\n|\n|upkeep\n|turn|11\n|\n|switch|p1a: Greninja|Greninja, M|285\/285\n|move|p2a: Blacephalon|Substitute|p2a: Blacephalon\n|-start|p2a: Blacephalon|Substitute\n|-damage|p2a: Blacephalon|229\/305\n|\n|upkeep\n|turn|12\n|\n|move|p1a: Greninja|Water Shuriken|p2a: Blacephalon\n|-supereffective|p2a: Blacephalon\n|-end|p2a: Blacephalon|Substitute\n|-supereffective|p2a: Blacephalon\n|-damage|p2a: Blacephalon|149\/305\n|-hitcount|p2a: Blacephalon|2\n|-zpower|p2a: Blacephalon\n|move|p2a: Blacephalon|Never-Ending Nightmare|p1a: Greninja|[zeffect]\n|-resisted|p1a: Greninja\n|-damage|p1a: Greninja|96\/285\n|\n|upkeep\n|turn|13\n|\n|switch|p2a: Rotom|Rotom-Wash|112\/304\n|-damage|p2a: Rotom|74\/304|[from] Stealth Rock\n|-enditem|p2a: Rotom|Wiki Berry|[eat]\n|-heal|p2a: Rotom|226\/304|[from] item: Wiki Berry\n|move|p1a: Greninja|Water Shuriken|p2a: Rotom\n|-resisted|p2a: Rotom\n|-damage|p2a: Rotom|209\/304\n|-resisted|p2a: Rotom\n|-damage|p2a: Rotom|193\/304\n|-resisted|p2a: Rotom\n|-damage|p2a: Rotom|177\/304\n|-resisted|p2a: Rotom\n|-damage|p2a: Rotom|159\/304\n|-hitcount|p2a: Rotom|4\n|\n|upkeep\n|turn|14\n|\n|switch|p1a: Ferrothorn|Ferrothorn, M|271\/351 par\n|move|p2a: Rotom|Defog|p1a: Ferrothorn\n|-unboost|p1a: Ferrothorn|evasion|1\n|-sideend|p2: Cashbandicook|Stealth Rock|[from] move: Defog|[of] p2a: Rotom\n|\n|upkeep\n|turn|15\n|\n|move|p2a: Rotom|Volt Switch|p1a: Ferrothorn\n|-resisted|p1a: Ferrothorn\n|-damage|p1a: Ferrothorn|244\/351 par\n|\n|switch|p2a: Blacephalon|Blacephalon|149\/305\n|cant|p1a: Ferrothorn|par\n|\n|upkeep\n|turn|16\n|\n|switch|p1a: Azumarill|Azumarill, M|361\/361\n|move|p2a: Blacephalon|Flamethrower|p1a: Azumarill\n|-resisted|p1a: Azumarill\n|-damage|p1a: Azumarill|277\/361\n|\n|upkeep\n|turn|17\n|\n|switch|p2a: Landorus|Landorus-Therian, M|319\/382\n|-ability|p2a: Landorus|Intimidate|boost\n|-unboost|p1a: Azumarill|atk|1\n|move|p1a: Azumarill|Liquidation|p2a: Landorus\n|-supereffective|p2a: Landorus\n|-damage|p2a: Landorus|101\/382\n|\n|-heal|p2a: Landorus|124\/382|[from] item: Leftovers\n|upkeep\n|turn|18\n|\n|switch|p2a: Rotom|Rotom-Wash|159\/304\n|-zpower|p1a: Azumarill\n|move|p1a: Azumarill|Z-Belly Drum|p1a: Azumarill|[anim]Belly Drum\n|-heal|p1a: Azumarill|361\/361|[zeffect]\n|-damage|p1a: Azumarill|181\/361\n|-setboost|p1a: Azumarill|atk|6|[from] move: Belly Drum\n|\n|upkeep\n|turn|19\n|\n|move|p1a: Azumarill|Aqua Jet|p2a: Rotom\n|-resisted|p2a: Rotom\n|-damage|p2a: Rotom|40\/304\n|move|p2a: Rotom|Volt Switch|p1a: Azumarill\n|-supereffective|p1a: Azumarill\n|-damage|p1a: Azumarill|0 fnt\n|faint|p1a: Azumarill\n|\n|switch|p2a: Muk|Muk-Alola, M|185\/413\n|\n|upkeep\n|\n|switch|p1a: Swampert|Swampert-Mega, M|249\/361\n|turn|20\n|\n|switch|p2a: Landorus|Landorus-Therian, M|124\/382\n|-ability|p2a: Landorus|Intimidate|boost\n|-unboost|p1a: Swampert|atk|1\n|move|p1a: Swampert|Substitute|p1a: Swampert\n|-start|p1a: Swampert|Substitute\n|-damage|p1a: Swampert|159\/361\n|\n|-heal|p2a: Landorus|147\/382|[from] item: Leftovers\n|upkeep\n|turn|21\n|\n|move|p2a: Landorus|Stealth Rock|p1a: Swampert\n|-sidestart|p1: BugCatcherWeevil|move: Stealth Rock\n|move|p1a: Swampert|Ice Punch|p2a: Landorus\n|-supereffective|p2a: Landorus\n|-damage|p2a: Landorus|0 fnt\n|faint|p2a: Landorus\n|\n|upkeep\n|\n|switch|p2a: Medicham|Medicham, F|261\/261\n|turn|22\n|\n|detailschange|p2a: Medicham|Medicham-Mega, F\n|-mega|p2a: Medicham|Medicham|Medichamite\n|move|p2a: Medicham|Ice Punch|p1a: Swampert\n|-end|p1a: Swampert|Substitute\n|move|p1a: Swampert|Earthquake|p2a: Medicham\n|-damage|p2a: Medicham|108\/261\n|\n|upkeep\n|turn|23\n|\n|switch|p1a: Pelipper|Pelipper, F|323\/323\n|-damage|p1a: Pelipper|243\/323|[from] Stealth Rock\n|-weather|RainDance|[from] ability: Drizzle|[of] p1a: Pelipper\n|move|p2a: Medicham|High Jump Kick|p1a: Pelipper\n|-resisted|p1a: Pelipper\n|-damage|p1a: Pelipper|95\/323\n|\n|-weather|RainDance|[upkeep]\n|upkeep\n|turn|24\n|\n|move|p2a: Medicham|High Jump Kick|p1a: Pelipper\n|-resisted|p1a: Pelipper\n|-damage|p1a: Pelipper|0 fnt\n|faint|p1a: Pelipper\n|\n|-weather|RainDance|[upkeep]\n|upkeep\n|\n|switch|p1a: Swampert|Swampert-Mega, M|159\/361\n|-damage|p1a: Swampert|137\/361|[from] Stealth Rock\n|turn|25\n|\n|move|p1a: Swampert|Waterfall|p2a: Medicham\n|-damage|p2a: Medicham|0 fnt\n|faint|p2a: Medicham\n|\n|-weather|RainDance|[upkeep]\n|upkeep\n|\n|switch|p2a: Kartana|Kartana|260\/260\n|turn|26\n|\n|switch|p1a: Tornadus|Tornadus-Therian, M|233\/361 psn\n|-damage|p1a: Tornadus|143\/361 psn|[from] Stealth Rock\n|move|p2a: Kartana|Sacred Sword|p1a: Tornadus\n|-resisted|p1a: Tornadus\n|-damage|p1a: Tornadus|65\/361 psn\n|-damage|p2a: Kartana|217\/260|[from] item: Rocky Helmet|[of] p1a: Tornadus\n|\n|-weather|RainDance|[upkeep]\n|-damage|p1a: Tornadus|20\/361 psn|[from] psn\n|upkeep\n|turn|27\n|\n|move|p2a: Kartana|Sacred Sword|p1a: Tornadus\n|-resisted|p1a: Tornadus\n|-damage|p1a: Tornadus|0 fnt\n|-damage|p2a: Kartana|174\/260|[from] item: Rocky Helmet|[of] p1a: Tornadus\n|faint|p1a: Tornadus\n|-ability|p2a: Kartana|Beast Boost|boost\n|-boost|p2a: Kartana|atk|1\n|\n|-weather|RainDance|[upkeep]\n|upkeep\n|\n|switch|p1a: Greninja|Greninja, M|96\/285\n|-damage|p1a: Greninja|61\/285|[from] Stealth Rock\n|turn|28\n|\n|switch|p2a: Rotom|Rotom-Wash|40\/304\n|move|p1a: Greninja|Water Shuriken|p2a: Rotom\n|-resisted|p2a: Rotom\n|-damage|p2a: Rotom|17\/304\n|-resisted|p2a: Rotom\n|-damage|p2a: Rotom|0 fnt\n|-hitcount|p2a: Rotom|2\n|faint|p2a: Rotom\n|-activate|p1a: Greninja|ability: Battle Bond\n|detailschange|p1a: Greninja|Greninja-Ash, M\n|\n|-weather|RainDance|[upkeep]\n|upkeep\n|\n|switch|p2a: Muk|Muk-Alola, M|185\/413\n|turn|29\n|\n|move|p1a: Greninja|Water Shuriken|p2a: Muk\n|-damage|p2a: Muk|136\/413\n|-damage|p2a: Muk|94\/413\n|-damage|p2a: Muk|45\/413\n|-hitcount|p2a: Muk|3\n|move|p2a: Muk|Pursuit|p1a: Greninja\n|-resisted|p1a: Greninja\n|-damage|p1a: Greninja|28\/285\n|-status|p1a: Greninja|psn|[from] ability: Poison Touch|[of] p2a: Muk\n|\n|-weather|RainDance|[upkeep]\n|-damage|p1a: Greninja|0 fnt|[from] psn\n|faint|p1a: Greninja\n|upkeep\n|c|\u2606BugCatcherWeevil|kk..\n|\n|switch|p1a: Swampert|Swampert-Mega, M|137\/361\n|-damage|p1a: Swampert|115\/361|[from] Stealth Rock\n|turn|30\n|\n|move|p1a: Swampert|Substitute|p1a: Swampert\n|-start|p1a: Swampert|Substitute\n|-damage|p1a: Swampert|25\/361\n|move|p2a: Muk|Knock Off|p1a: Swampert\n|-activate|p1a: Swampert|move: Substitute|[damage]\n|\n|-weather|none\n|upkeep\n|turn|31\n|\n|move|p1a: Swampert|Earthquake|p2a: Muk\n|-supereffective|p2a: Muk\n|-damage|p2a: Muk|0 fnt\n|faint|p2a: Muk\n|\n|upkeep\n|\n|switch|p2a: Kartana|Kartana|174\/260\n|turn|32\n|\n|move|p2a: Kartana|Sacred Sword|p1a: Swampert\n|-end|p1a: Swampert|Substitute\n|move|p1a: Swampert|Earthquake|p2a: Kartana\n|-damage|p2a: Kartana|0 fnt\n|faint|p2a: Kartana\n|\n|upkeep\n|\n|switch|p2a: Blacephalon|Blacephalon|149\/305\n|turn|33\n|\n|move|p2a: Blacephalon|Shadow Ball|p1a: Swampert\n|-damage|p1a: Swampert|0 fnt\n|faint|p1a: Swampert\n|-ability|p2a: Blacephalon|Beast Boost|boost\n|-boost|p2a: Blacephalon|spe|1\n|\n|upkeep\n|-message|BugCatcherWeevil forfeited.\n|\n|win|Cashbandicook\n|l|\u2606BugCatcherWeevil\n|raw|BugCatcherWeevil's rating: 1747 &rarr; <strong>1735<\/strong><br \/>(-12 for losing)\n|raw|Cashbandicook's rating: 1892 &rarr; <strong>1904<\/strong><br \/>(+12 for winning)\n","uploadtime":1559557373,"views":23,"p1id":"bugcatcherweevil","p2id":"cashbandicook","formatid":"gen7ou","rating":1735,"private":0,"password":null}