{"id":"gen7ou-920649886","p1":"elitenoob42","p2":"HQSFun","format":"gen7ou","log":"|j|\u2606elitenoob42\n|j|\u2606HQSFun\n|player|p1|elitenoob42|170\n|player|p2|HQSFun|260\n|teamsize|p1|6\n|teamsize|p2|6\n|gametype|singles\n|gen|7\n|tier|[Gen 7] OU\n|rated|\n|rule|Sleep Clause Mod: Limit one foe put to sleep\n|rule|Species Clause: Limit one of each Pok\u00e9mon\n|rule|OHKO Clause: OHKO moves are banned\n|rule|Moody Clause: Moody is banned\n|rule|Evasion Moves Clause: Evasion moves are banned\n|rule|Endless Battle Clause: Forcing endless battles is banned\n|rule|HP Percentage Mod: HP is shown in percentages\n|clearpoke\n|poke|p1|Charizard, F|item\n|poke|p1|Jirachi|item\n|poke|p1|Victini|item\n|poke|p1|Zapdos|item\n|poke|p1|Tapu Bulu|item\n|poke|p1|Weavile, F|item\n|poke|p2|Medicham, M|item\n|poke|p2|Greninja, M|item\n|poke|p2|Kartana|item\n|poke|p2|Landorus-Therian, M|item\n|poke|p2|Magearna|item\n|poke|p2|Tapu Koko|item\n|teampreview\n|\n|start\n|switch|p1a: Charizard|Charizard, F|297\/297\n|switch|p2a: Medicham|Medicham, M|261\/261\n|turn|1\n|j| GrizzlyAdams94\n|inactive|Battle timer is ON: inactive players will automatically lose when time's up. (requested by HQSFun)\n|\n|switch|p1a: Zapdos|Zapdos|384\/384\n|detailschange|p2a: Medicham|Medicham-Mega, M\n|-mega|p2a: Medicham|Medicham|Medichamite\n|move|p2a: Medicham|Fake Out|p1a: Zapdos\n|-damage|p1a: Zapdos|317\/384\n|-damage|p2a: Medicham|218\/261|[from] item: Rocky Helmet|[of] p1a: Zapdos\n|\n|upkeep\n|turn|2\n|\n|switch|p2a: Tapu Koko|Tapu Koko|281\/281\n|-fieldstart|move: Electric Terrain|[from] ability: Electric Surge|[of] p2a: Tapu Koko\n|switch|p1a: Charizard|Charizard, F|297\/297\n|\n|upkeep\n|turn|3\n|\n|switch|p1a: Tapu Bulu|Tapu Bulu|343\/343\n|-fieldstart|move: Grassy Terrain|[from] ability: Grassy Surge|[of] p1a: Tapu Bulu\n|move|p2a: Tapu Koko|Thunderbolt|p1a: Tapu Bulu\n|-resisted|p1a: Tapu Bulu\n|-damage|p1a: Tapu Bulu|298\/343\n|\n|-heal|p1a: Tapu Bulu|319\/343|[from] item: Leftovers\n|-heal|p1a: Tapu Bulu|340\/343|[from] Grassy Terrain\n|upkeep\n|turn|4\n|inactive|HQSFun has 120 seconds left.\n|\n|switch|p2a: Kartana|Kartana|259\/259\n|move|p1a: Tapu Bulu|Horn Leech|p2a: Kartana\n|-resisted|p2a: Kartana\n|-damage|p2a: Kartana|226\/259\n|-heal|p1a: Tapu Bulu|343\/343|[from] drain|[of] p2a: Kartana\n|\n|-heal|p2a: Kartana|242\/259|[from] Grassy Terrain\n|upkeep\n|turn|5\n|\n|switch|p1a: Zapdos|Zapdos|317\/384\n|move|p2a: Kartana|Swords Dance|p2a: Kartana\n|-boost|p2a: Kartana|atk|2\n|\n|-heal|p2a: Kartana|258\/259|[from] Grassy Terrain\n|upkeep\n|turn|6\n|\n|switch|p1a: Jirachi|Jirachi|341\/341\n|-zpower|p2a: Kartana\n|move|p2a: Kartana|Breakneck Blitz|p1a: Jirachi|[zeffect]\n|-resisted|p1a: Jirachi\n|-damage|p1a: Jirachi|12\/341\n|\n|-heal|p1a: Jirachi|33\/341|[from] Grassy Terrain\n|-heal|p2a: Kartana|259\/259|[from] Grassy Terrain\n|upkeep\n|turn|7\n|\n|move|p1a: Jirachi|Fire Punch|p2a: Kartana\n|-supereffective|p2a: Kartana\n|-crit|p2a: Kartana\n|-damage|p2a: Kartana|0 fnt\n|faint|p2a: Kartana\n|\n|-heal|p1a: Jirachi|54\/341|[from] Grassy Terrain\n|-fieldend|move: Grassy Terrain\n|upkeep\n|\n|switch|p2a: Landorus|Landorus-Therian, M|382\/382\n|-ability|p2a: Landorus|Intimidate|boost\n|-unboost|p1a: Jirachi|atk|1\n|turn|8\n|\n|switch|p1a: Weavile|Weavile, F|281\/281\n|-ability|p1a: Weavile|Pressure\n|move|p2a: Landorus|Stealth Rock|p1a: Weavile\n|-sidestart|p1: elitenoob42|move: Stealth Rock\n|\n|upkeep\n|turn|9\n|\n|move|p1a: Weavile|Icicle Crash|p2a: Landorus\n|-supereffective|p2a: Landorus\n|-damage|p2a: Landorus|0 fnt\n|faint|p2a: Landorus\n|\n|upkeep\n|\n|switch|p2a: Magearna|Magearna|363\/363\n|turn|10\n|\n|switch|p1a: Tapu Bulu|Tapu Bulu|343\/343\n|-damage|p1a: Tapu Bulu|301\/343|[from] Stealth Rock\n|-fieldstart|move: Grassy Terrain|[from] ability: Grassy Surge|[of] p1a: Tapu Bulu\n|move|p2a: Magearna|Volt Switch|p1a: Tapu Bulu\n|-resisted|p1a: Tapu Bulu\n|-damage|p1a: Tapu Bulu|271\/343\n|\n|switch|p2a: Medicham|Medicham-Mega, M|218\/261\n|\n|-heal|p2a: Medicham|234\/261|[from] Grassy Terrain\n|-heal|p1a: Tapu Bulu|292\/343|[from] item: Leftovers\n|-heal|p1a: Tapu Bulu|313\/343|[from] Grassy Terrain\n|upkeep\n|turn|11\n|\n|move|p2a: Medicham|Fake Out|p1a: Tapu Bulu\n|-damage|p1a: Tapu Bulu|240\/343\n|cant|p1a: Tapu Bulu|flinch\n|\n|-heal|p2a: Medicham|250\/261|[from] Grassy Terrain\n|-heal|p1a: Tapu Bulu|261\/343|[from] item: Leftovers\n|-heal|p1a: Tapu Bulu|282\/343|[from] Grassy Terrain\n|upkeep\n|turn|12\n|\n|switch|p2a: Magearna|Magearna|363\/363\n|switch|p1a: Weavile|Weavile, F|281\/281\n|-damage|p1a: Weavile|211\/281|[from] Stealth Rock\n|-ability|p1a: Weavile|Pressure\n|\n|-heal|p1a: Weavile|228\/281|[from] Grassy Terrain\n|upkeep\n|turn|13\n|\n|move|p1a: Weavile|Knock Off|p2a: Magearna\n|-resisted|p2a: Magearna\n|-damage|p2a: Magearna|257\/363\n|-enditem|p2a: Magearna|Assault Vest|[from] move: Knock Off|[of] p1a: Weavile\n|move|p2a: Magearna|Flash Cannon|p1a: Weavile\n|-supereffective|p1a: Weavile\n|-damage|p1a: Weavile|0 fnt\n|faint|p1a: Weavile\n|-ability|p2a: Magearna|Soul-Heart|boost\n|-boost|p2a: Magearna|spa|1\n|\n|-heal|p2a: Magearna|279\/363|[from] Grassy Terrain\n|upkeep\n|\n|switch|p1a: Zapdos|Zapdos|317\/384\n|-damage|p1a: Zapdos|221\/384|[from] Stealth Rock\n|turn|14\n|\n|move|p1a: Zapdos|Defog|p2a: Magearna\n|-unboost|p2a: Magearna|evasion|1\n|-sideend|p1: elitenoob42|Stealth Rock|[from] move: Defog|[of] p1a: Zapdos\n|move|p2a: Magearna|Ice Beam|p1a: Zapdos\n|-supereffective|p1a: Zapdos\n|-damage|p1a: Zapdos|0 fnt\n|faint|p1a: Zapdos\n|-ability|p2a: Magearna|Soul-Heart|boost\n|-boost|p2a: Magearna|spa|1\n|\n|-heal|p2a: Magearna|301\/363|[from] Grassy Terrain\n|-fieldend|move: Grassy Terrain\n|upkeep\n|\n|switch|p1a: Charizard|Charizard, F|297\/297\n|turn|15\n|\n|detailschange|p1a: Charizard|Charizard-Mega-Y, F\n|-mega|p1a: Charizard|Charizard|Charizardite Y\n|-weather|SunnyDay|[from] ability: Drought|[of] p1a: Charizard\n|move|p1a: Charizard|Flamethrower|p2a: Magearna\n|-supereffective|p2a: Magearna\n|-damage|p2a: Magearna|0 fnt\n|faint|p2a: Magearna\n|\n|-weather|SunnyDay|[upkeep]\n|upkeep\n|\n|switch|p2a: Tapu Koko|Tapu Koko|281\/281\n|-fieldstart|move: Electric Terrain|[from] ability: Electric Surge|[of] p2a: Tapu Koko\n|turn|16\n|\n|switch|p1a: Tapu Bulu|Tapu Bulu|282\/343\n|-fieldstart|move: Grassy Terrain|[from] ability: Grassy Surge|[of] p1a: Tapu Bulu\n|move|p2a: Tapu Koko|U-turn|p1a: Tapu Bulu\n|-damage|p1a: Tapu Bulu|223\/343\n|\n|switch|p2a: Medicham|Medicham-Mega, M|250\/261\n|\n|-weather|SunnyDay|[upkeep]\n|-heal|p2a: Medicham|261\/261|[from] Grassy Terrain\n|-heal|p1a: Tapu Bulu|244\/343|[from] item: Leftovers\n|-heal|p1a: Tapu Bulu|265\/343|[from] Grassy Terrain\n|upkeep\n|turn|17\n|\n|move|p2a: Medicham|Fake Out|p1a: Tapu Bulu\n|-damage|p1a: Tapu Bulu|190\/343\n|cant|p1a: Tapu Bulu|flinch\n|\n|-weather|SunnyDay|[upkeep]\n|-heal|p1a: Tapu Bulu|211\/343|[from] item: Leftovers\n|-heal|p1a: Tapu Bulu|232\/343|[from] Grassy Terrain\n|upkeep\n|turn|18\n|\n|move|p2a: Medicham|Zen Headbutt|p1a: Tapu Bulu\n|-damage|p1a: Tapu Bulu|16\/343\n|move|p1a: Tapu Bulu|Horn Leech|p2a: Medicham\n|-damage|p2a: Medicham|59\/261\n|-heal|p1a: Tapu Bulu|117\/343|[from] drain|[of] p2a: Medicham\n|\n|-weather|SunnyDay|[upkeep]\n|-heal|p2a: Medicham|75\/261|[from] Grassy Terrain\n|-heal|p1a: Tapu Bulu|138\/343|[from] item: Leftovers\n|-heal|p1a: Tapu Bulu|159\/343|[from] Grassy Terrain\n|upkeep\n|turn|19\n|\n|move|p2a: Medicham|Zen Headbutt|p1a: Tapu Bulu\n|-damage|p1a: Tapu Bulu|0 fnt\n|faint|p1a: Tapu Bulu\n|\n|-weather|none\n|-heal|p2a: Medicham|91\/261|[from] Grassy Terrain\n|upkeep\n|\n|switch|p1a: Victini|Victini|341\/341\n|turn|20\n|\n|-zpower|p1a: Victini\n|move|p1a: Victini|Z-Celebrate|p1a: Victini|[anim]Celebrate\n|-boost|p1a: Victini|atk|1|[zeffect]\n|-boost|p1a: Victini|def|1|[zeffect]\n|-boost|p1a: Victini|spa|1|[zeffect]\n|-boost|p1a: Victini|spd|1|[zeffect]\n|-boost|p1a: Victini|spe|1|[zeffect]\n|-activate|p1a: Victini|move: Celebrate\n|move|p2a: Medicham|High Jump Kick|p1a: Victini\n|-resisted|p1a: Victini\n|-damage|p1a: Victini|206\/341\n|\n|-heal|p1a: Victini|227\/341|[from] Grassy Terrain\n|-heal|p2a: Medicham|107\/261|[from] Grassy Terrain\n|-fieldend|move: Grassy Terrain\n|upkeep\n|turn|21\n|\n|switch|p2a: Greninja|Greninja, M|285\/285\n|move|p1a: Victini|Stored Power|p2a: Greninja\n|-immune|p2a: Greninja\n|\n|upkeep\n|turn|22\n|\n|move|p2a: Greninja|Water Shuriken|p1a: Victini\n|-supereffective|p1a: Victini\n|-damage|p1a: Victini|179\/341\n|-supereffective|p1a: Victini\n|-damage|p1a: Victini|129\/341\n|-supereffective|p1a: Victini\n|-damage|p1a: Victini|79\/341\n|-hitcount|p1a: Victini|3\n|move|p1a: Victini|Focus Blast|p2a: Greninja\n|-supereffective|p2a: Greninja\n|-damage|p2a: Greninja|0 fnt\n|faint|p2a: Greninja\n|\n|upkeep\n|inactive|HQSFun has 120 seconds left.\n|inactive|HQSFun has 90 seconds left.\n|\n|switch|p2a: Tapu Koko|Tapu Koko|281\/281\n|-fieldstart|move: Electric Terrain|[from] ability: Electric Surge|[of] p2a: Tapu Koko\n|turn|23\n|\n|move|p2a: Tapu Koko|Thunderbolt|p1a: Victini\n|-damage|p1a: Victini|0 fnt\n|faint|p1a: Victini\n|\n|upkeep\n|\n|switch|p1a: Charizard|Charizard-Mega-Y, F|297\/297\n|-weather|SunnyDay|[from] ability: Drought|[of] p1a: Charizard\n|turn|24\n|\n|move|p2a: Tapu Koko|Thunderbolt|p1a: Charizard\n|-supereffective|p1a: Charizard\n|-damage|p1a: Charizard|0 fnt\n|faint|p1a: Charizard\n|\n|-weather|SunnyDay|[upkeep]\n|upkeep\n|-message|elitenoob42 forfeited.\n|\n|win|HQSFun\n|l|\u2606elitenoob42\n","uploadtime":1559448315,"views":15,"p1id":"elitenoob42","p2id":"hqsfun","formatid":"gen7ou","rating":0,"private":0,"password":null}