{"id":"gen7battlefactory-1181225143","p1":"RichardPepper","p2":"Ayante","format":"gen7battlefactory","log":"|j|\u2606RichardPepper\n|j|\u2606Ayante\n|t:|1599241431\n|player|p1|RichardPepper|steven|\n|player|p2|Ayante|koga|\n|teamsize|p1|6\n|teamsize|p2|6\n|gametype|singles\n|gen|7\n|tier|[Gen 7] Battle Factory\n|rated|Tournament battle\n|rule|Sleep Clause Mod: Limit one foe put to sleep\n|clearpoke\n|poke|p1|Haxorus, M|item\n|poke|p1|Metagross|item\n|poke|p1|Sceptile, M|item\n|poke|p1|Chesnaught, F|item\n|poke|p1|Nihilego|item\n|poke|p1|Mantine, F|item\n|poke|p2|Moltres|item\n|poke|p2|Bisharp, F|item\n|poke|p2|Hippowdon, M|item\n|poke|p2|Blissey, F|item\n|poke|p2|Sceptile, M|item\n|poke|p2|Umbreon, M|item\n|rule|HP Percentage Mod: HP is shown in percentages\n|rule|Mega Rayquaza Clause: You cannot mega evolve Rayquaza\n|teampreview\n|j|*Lady Monita\n|j| perzik barraskewda\n|c| perzik barraskewda|\u00e6\u00fc\u00e6\n|c|\u2606RichardPepper|hf\n|j| Flame-Yo\n|j| FatFighter2\n|\n|t:|1599241459\n|start\n|switch|p1a: Metagross|Metagross|301\/301\n|switch|p2a: Hippowdon|Hippowdon, M|420\/420\n|-weather|Sandstorm|[from] ability: Sand Stream|[of] p2a: Hippowdon\n|turn|1\n|c|\u2606Ayante|Hf\n|\n|t:|1599241479\n|move|p1a: Metagross|Stealth Rock|p2a: Hippowdon\n|-sidestart|p2: Ayante|move: Stealth Rock\n|move|p2a: Hippowdon|Toxic|p1a: Metagross\n|-immune|p1a: Metagross\n|\n|-weather|Sandstorm|[upkeep]\n|upkeep\n|turn|2\n|\n|t:|1599241485\n|move|p1a: Metagross|Grass Knot|p2a: Hippowdon\n|-supereffective|p2a: Hippowdon\n|-damage|p2a: Hippowdon|98\/420\n|-damage|p1a: Metagross|271\/301|[from] item: Life Orb\n|move|p2a: Hippowdon|Stealth Rock|p1a: Metagross\n|-sidestart|p1: RichardPepper|move: Stealth Rock\n|\n|-weather|Sandstorm|[upkeep]\n|-heal|p2a: Hippowdon|124\/420|[from] item: Leftovers\n|upkeep\n|turn|3\n|l| perzik barraskewda\n|\n|t:|1599241500\n|switch|p2a: Moltres|Moltres|383\/383\n|-damage|p2a: Moltres|192\/383|[from] Stealth Rock\n|-ability|p2a: Moltres|Pressure\n|move|p1a: Metagross|Meteor Mash|p2a: Moltres\n|-resisted|p2a: Moltres\n|-damage|p2a: Moltres|95\/383\n|-damage|p1a: Metagross|241\/301|[from] item: Life Orb\n|\n|-weather|Sandstorm|[upkeep]\n|-damage|p2a: Moltres|72\/383|[from] Sandstorm\n|-heal|p2a: Moltres|95\/383|[from] item: Leftovers\n|upkeep\n|turn|4\n|\n|t:|1599241515\n|switch|p1a: Nihilego|Nihilego|359\/359\n|-damage|p1a: Nihilego|315\/359|[from] Stealth Rock\n|move|p2a: Moltres|Roost|p2a: Moltres\n|-heal|p2a: Moltres|287\/383\n|-singleturn|p2a: Moltres|move: Roost\n|\n|-weather|Sandstorm|[upkeep]\n|-damage|p2a: Moltres|264\/383|[from] Sandstorm\n|-heal|p2a: Moltres|287\/383|[from] item: Leftovers\n|upkeep\n|turn|5\n|\n|t:|1599241527\n|switch|p2a: Blissey|Blissey, F|714\/714\n|-damage|p2a: Blissey|625\/714|[from] Stealth Rock\n|move|p1a: Nihilego|Power Gem|p2a: Blissey\n|-crit|p2a: Blissey\n|-damage|p2a: Blissey|451\/714\n|\n|-weather|none\n|-heal|p2a: Blissey|495\/714|[from] item: Leftovers\n|upkeep\n|turn|6\n|\n|t:|1599241556\n|switch|p1a: Chesnaught|Chesnaught, F|378\/378\n|-damage|p1a: Chesnaught|355\/378|[from] Stealth Rock\n|move|p2a: Blissey|Toxic|p1a: Chesnaught\n|-status|p1a: Chesnaught|tox\n|\n|-heal|p1a: Chesnaught|378\/378 tox|[from] item: Leftovers\n|-heal|p2a: Blissey|539\/714|[from] item: Leftovers\n|-damage|p1a: Chesnaught|355\/378 tox|[from] psn\n|upkeep\n|turn|7\n|\n|t:|1599241577\n|switch|p2a: Moltres|Moltres|287\/383\n|-damage|p2a: Moltres|96\/383|[from] Stealth Rock\n|-ability|p2a: Moltres|Pressure\n|move|p1a: Chesnaught|Spikes|p2a: Moltres\n|-sidestart|p2: Ayante|Spikes\n|\n|-heal|p2a: Moltres|119\/383|[from] item: Leftovers\n|-heal|p1a: Chesnaught|378\/378 tox|[from] item: Leftovers\n|-damage|p1a: Chesnaught|332\/378 tox|[from] psn\n|upkeep\n|turn|8\n|\n|t:|1599241593\n|switch|p1a: Nihilego|Nihilego|315\/359\n|-damage|p1a: Nihilego|271\/359|[from] Stealth Rock\n|move|p2a: Moltres|Defog|p1a: Nihilego\n|-unboost|p1a: Nihilego|evasion|1\n|-sideend|p1: RichardPepper|Stealth Rock|[from] move: Defog|[of] p2a: Moltres\n|-sideend|p2: Ayante|Spikes|[from] move: Defog|[of] p2a: Moltres\n|-sideend|p2: Ayante|Stealth Rock|[from] move: Defog|[of] p2a: Moltres\n|\n|-heal|p2a: Moltres|142\/383|[from] item: Leftovers\n|upkeep\n|turn|9\n|\n|t:|1599241604\n|switch|p1a: Metagross|Metagross|241\/301\n|switch|p2a: Blissey|Blissey, F|539\/714\n|\n|-heal|p2a: Blissey|583\/714|[from] item: Leftovers\n|upkeep\n|turn|10\n|\n|t:|1599241612\n|switch|p2a: Moltres|Moltres|142\/383\n|-ability|p2a: Moltres|Pressure\n|move|p1a: Metagross|Meteor Mash|p2a: Moltres\n|-resisted|p2a: Moltres\n|-damage|p2a: Moltres|48\/383\n|-damage|p1a: Metagross|211\/301|[from] item: Life Orb\n|\n|-heal|p2a: Moltres|71\/383|[from] item: Leftovers\n|upkeep\n|turn|11\n|\n|t:|1599241624\n|switch|p1a: Nihilego|Nihilego|271\/359\n|move|p2a: Moltres|Roost|p2a: Moltres\n|-heal|p2a: Moltres|263\/383\n|-singleturn|p2a: Moltres|move: Roost\n|\n|-heal|p2a: Moltres|286\/383|[from] item: Leftovers\n|upkeep\n|turn|12\n|\n|t:|1599241634\n|switch|p1a: Metagross|Metagross|211\/301\n|switch|p2a: Blissey|Blissey, F|583\/714\n|\n|-heal|p2a: Blissey|627\/714|[from] item: Leftovers\n|upkeep\n|turn|13\n|\n|t:|1599241643\n|switch|p2a: Moltres|Moltres|286\/383\n|-ability|p2a: Moltres|Pressure\n|move|p1a: Metagross|Stealth Rock|p2a: Moltres\n|-sidestart|p2: Ayante|move: Stealth Rock\n|\n|-heal|p2a: Moltres|309\/383|[from] item: Leftovers\n|upkeep\n|turn|14\n|\n|t:|1599241653\n|switch|p1a: Nihilego|Nihilego|271\/359\n|move|p2a: Moltres|Defog|p1a: Nihilego\n|-unboost|p1a: Nihilego|evasion|1\n|-sideend|p2: Ayante|Stealth Rock|[from] move: Defog|[of] p2a: Moltres\n|\n|-heal|p2a: Moltres|332\/383|[from] item: Leftovers\n|upkeep\n|turn|15\n|\n|t:|1599241665\n|switch|p1a: Metagross|Metagross|211\/301\n|switch|p2a: Blissey|Blissey, F|627\/714\n|\n|-heal|p2a: Blissey|671\/714|[from] item: Leftovers\n|upkeep\n|turn|16\n|\n|t:|1599241673\n|switch|p2a: Moltres|Moltres|332\/383\n|-ability|p2a: Moltres|Pressure\n|move|p1a: Metagross|Stealth Rock|p2a: Moltres\n|-sidestart|p2: Ayante|move: Stealth Rock\n|\n|-heal|p2a: Moltres|355\/383|[from] item: Leftovers\n|upkeep\n|turn|17\n|\n|t:|1599241683\n|switch|p1a: Nihilego|Nihilego|271\/359\n|move|p2a: Moltres|Defog|p1a: Nihilego\n|-unboost|p1a: Nihilego|evasion|1\n|-sideend|p2: Ayante|Stealth Rock|[from] move: Defog|[of] p2a: Moltres\n|\n|-heal|p2a: Moltres|378\/383|[from] item: Leftovers\n|upkeep\n|turn|18\n|\n|t:|1599241692\n|switch|p2a: Blissey|Blissey, F|671\/714\n|move|p1a: Nihilego|Power Gem|p2a: Blissey\n|-damage|p2a: Blissey|565\/714\n|\n|-heal|p2a: Blissey|609\/714|[from] item: Leftovers\n|upkeep\n|turn|19\n|\n|t:|1599241702\n|switch|p1a: Metagross|Metagross|211\/301\n|move|p2a: Blissey|Seismic Toss|p1a: Metagross\n|-damage|p1a: Metagross|111\/301\n|\n|-heal|p2a: Blissey|653\/714|[from] item: Leftovers\n|upkeep\n|turn|20\n|\n|t:|1599241711\n|switch|p1a: Mantine|Mantine, F|374\/374\n|switch|p2a: Moltres|Moltres|378\/383\n|-ability|p2a: Moltres|Pressure\n|\n|-heal|p2a: Moltres|383\/383|[from] item: Leftovers\n|upkeep\n|turn|21\n|\n|t:|1599241725\n|switch|p2a: Umbreon|Umbreon, M|394\/394\n|move|p1a: Mantine|Toxic|p2a: Umbreon\n|-status|p2a: Umbreon|tox\n|-activate|p2a: Umbreon|ability: Synchronize\n|-status|p1a: Mantine|tox\n|\n|-damage|p1a: Mantine|351\/374 tox|[from] psn\n|-damage|p2a: Umbreon|370\/394 tox|[from] psn\n|upkeep\n|turn|22\n|\n|t:|1599241737\n|switch|p1a: Metagross|Metagross|111\/301\n|move|p2a: Umbreon|Heal Bell|p2a: Umbreon\n|-activate|p2a: Umbreon|move: Heal Bell\n|-curestatus|p2a: Umbreon|tox|[msg]\n|\n|-heal|p2a: Umbreon|394\/394|[from] item: Leftovers\n|upkeep\n|turn|23\n|\n|t:|1599241746\n|switch|p1a: Haxorus|Haxorus, M|293\/293\n|-ability|p1a: Haxorus|Mold Breaker\n|switch|p2a: Moltres|Moltres|383\/383\n|-ability|p2a: Moltres|Pressure\n|\n|upkeep\n|turn|24\n|\n|t:|1599241771\n|move|p1a: Haxorus|Swords Dance|p1a: Haxorus\n|-boost|p1a: Haxorus|atk|2\n|move|p2a: Moltres|Will-O-Wisp|p1a: Haxorus\n|-status|p1a: Haxorus|brn\n|\n|-damage|p1a: Haxorus|275\/293 brn|[from] brn\n|upkeep\n|turn|25\n|\n|t:|1599241791\n|switch|p2a: Hippowdon|Hippowdon, M|124\/420\n|-weather|Sandstorm|[from] ability: Sand Stream|[of] p2a: Hippowdon\n|-zpower|p1a: Haxorus\n|move|p1a: Haxorus|Devastating Drake|p2a: Hippowdon|[zeffect]\n|-damage|p2a: Hippowdon|0 fnt\n|faint|p2a: Hippowdon\n|\n|-weather|Sandstorm|[upkeep]\n|-damage|p1a: Haxorus|257\/293 brn|[from] Sandstorm\n|-damage|p1a: Haxorus|239\/293 brn|[from] brn\n|upkeep\n|\n|t:|1599241805\n|switch|p2a: Umbreon|Umbreon, M|394\/394\n|turn|26\n|j| Eroan\n|\n|t:|1599241819\n|move|p1a: Haxorus|Outrage|p2a: Umbreon\n|-damage|p2a: Umbreon|172\/394\n|move|p2a: Umbreon|Foul Play|p1a: Haxorus\n|-damage|p1a: Haxorus|0 fnt\n|faint|p1a: Haxorus\n|\n|-weather|Sandstorm|[upkeep]\n|-damage|p2a: Umbreon|148\/394|[from] Sandstorm\n|-heal|p2a: Umbreon|172\/394|[from] item: Leftovers\n|upkeep\n|\n|t:|1599241827\n|switch|p1a: Sceptile|Sceptile, M|281\/281\n|turn|27\n|\n|t:|1599241842\n|switch|p2a: Moltres|Moltres|383\/383\n|-ability|p2a: Moltres|Pressure\n|detailschange|p1a: Sceptile|Sceptile-Mega, M\n|-mega|p1a: Sceptile|Sceptile|Sceptilite\n|move|p1a: Sceptile|Focus Blast|p2a: Moltres\n|-resisted|p2a: Moltres\n|-damage|p2a: Moltres|289\/383\n|\n|-weather|Sandstorm|[upkeep]\n|-damage|p1a: Sceptile|264\/281|[from] Sandstorm\n|-damage|p2a: Moltres|266\/383|[from] Sandstorm\n|-heal|p2a: Moltres|289\/383|[from] item: Leftovers\n|upkeep\n|turn|28\n|\n|t:|1599241865\n|switch|p2a: Blissey|Blissey, F|653\/714\n|move|p1a: Sceptile|Dragon Pulse|p2a: Blissey\n|-damage|p2a: Blissey|521\/714\n|\n|-weather|Sandstorm|[upkeep]\n|-damage|p1a: Sceptile|247\/281|[from] Sandstorm\n|-damage|p2a: Blissey|477\/714|[from] Sandstorm\n|-heal|p2a: Blissey|521\/714|[from] item: Leftovers\n|upkeep\n|turn|29\n|l| Eroan\n|\n|t:|1599241876\n|switch|p1a: Chesnaught|Chesnaught, F|332\/378 tox\n|move|p2a: Blissey|Seismic Toss|p1a: Chesnaught\n|-damage|p1a: Chesnaught|232\/378 tox\n|\n|-weather|none\n|-heal|p1a: Chesnaught|255\/378 tox|[from] item: Leftovers\n|-heal|p2a: Blissey|565\/714|[from] item: Leftovers\n|-damage|p1a: Chesnaught|232\/378 tox|[from] psn\n|upkeep\n|turn|30\n|\n|t:|1599241895\n|switch|p2a: Moltres|Moltres|289\/383\n|-ability|p2a: Moltres|Pressure\n|move|p1a: Chesnaught|Drain Punch|p2a: Moltres\n|-resisted|p2a: Moltres\n|-damage|p2a: Moltres|237\/383\n|-heal|p1a: Chesnaught|258\/378 tox|[from] drain|[of] p2a: Moltres\n|\n|-heal|p2a: Moltres|260\/383|[from] item: Leftovers\n|-heal|p1a: Chesnaught|281\/378 tox|[from] item: Leftovers\n|-damage|p1a: Chesnaught|235\/378 tox|[from] psn\n|upkeep\n|turn|31\n|c| FatFighter2|umbreon is so annoying to play against\n|\n|t:|1599241909\n|switch|p1a: Nihilego|Nihilego|271\/359\n|move|p2a: Moltres|Flamethrower|p1a: Nihilego\n|-resisted|p1a: Nihilego\n|-damage|p1a: Nihilego|221\/359\n|\n|-heal|p2a: Moltres|283\/383|[from] item: Leftovers\n|upkeep\n|turn|32\n|c|\u2606RichardPepper|umbreon + blissey + hippo?\n|\n|t:|1599241929\n|switch|p1a: Metagross|Metagross|111\/301\n|switch|p2a: Blissey|Blissey, F|565\/714\n|\n|-heal|p2a: Blissey|609\/714|[from] item: Leftovers\n|upkeep\n|turn|33\n|\n|t:|1599241937\n|switch|p2a: Moltres|Moltres|283\/383\n|-ability|p2a: Moltres|Pressure\n|move|p1a: Metagross|Stealth Rock|p2a: Moltres\n|-sidestart|p2: Ayante|move: Stealth Rock\n|\n|-heal|p2a: Moltres|306\/383|[from] item: Leftovers\n|upkeep\n|turn|34\n|\n|t:|1599241946\n|switch|p1a: Nihilego|Nihilego|221\/359\n|move|p2a: Moltres|Defog|p1a: Nihilego\n|-unboost|p1a: Nihilego|evasion|1\n|-sideend|p2: Ayante|Stealth Rock|[from] move: Defog|[of] p2a: Moltres\n|\n|-heal|p2a: Moltres|329\/383|[from] item: Leftovers\n|upkeep\n|turn|35\n|\n|t:|1599241955\n|switch|p2a: Blissey|Blissey, F|609\/714\n|move|p1a: Nihilego|Sludge Wave|p2a: Blissey\n|-damage|p2a: Blissey|474\/714\n|\n|-heal|p2a: Blissey|518\/714|[from] item: Leftovers\n|upkeep\n|turn|36\n|\n|t:|1599241965\n|switch|p1a: Mantine|Mantine, F|351\/374 tox\n|move|p2a: Blissey|Seismic Toss|p1a: Mantine\n|-damage|p1a: Mantine|251\/374 tox\n|\n|-heal|p1a: Mantine|274\/374 tox|[from] item: Leftovers\n|-heal|p2a: Blissey|562\/714|[from] item: Leftovers\n|-damage|p1a: Mantine|251\/374 tox|[from] psn\n|upkeep\n|turn|37\n|\n|t:|1599241977\n|move|p1a: Mantine|Toxic|p2a: Blissey\n|-status|p2a: Blissey|tox\n|move|p2a: Blissey|Seismic Toss|p1a: Mantine\n|-damage|p1a: Mantine|151\/374 tox\n|\n|-heal|p1a: Mantine|174\/374 tox|[from] item: Leftovers\n|-heal|p2a: Blissey|606\/714 tox|[from] item: Leftovers\n|-damage|p1a: Mantine|128\/374 tox|[from] psn\n|-damage|p2a: Blissey|562\/714 tox|[from] psn\n|upkeep\n|turn|38\n|c|\u2606RichardPepper|I can't do anything\n|l| Flame-Yo\n|\n|t:|1599241988\n|switch|p1a: Sceptile|Sceptile-Mega, M|247\/281\n|switch|p2a: Umbreon|Umbreon, M|172\/394\n|\n|-heal|p2a: Umbreon|196\/394|[from] item: Leftovers\n|upkeep\n|turn|39\n|\n|t:|1599242004\n|switch|p2a: Blissey|Blissey, F|562\/714\n|move|p1a: Sceptile|Dragon Pulse|p2a: Blissey\n|-damage|p2a: Blissey|432\/714\n|\n|-heal|p2a: Blissey|476\/714|[from] item: Leftovers\n|upkeep\n|turn|40\n|\n|t:|1599242014\n|move|p1a: Sceptile|Focus Blast|p2a: Blissey\n|-supereffective|p2a: Blissey\n|-damage|p2a: Blissey|248\/714\n|move|p2a: Blissey|Seismic Toss|p1a: Sceptile\n|-damage|p1a: Sceptile|147\/281\n|\n|-heal|p2a: Blissey|292\/714|[from] item: Leftovers\n|upkeep\n|turn|41\n|\n|t:|1599242024\n|move|p1a: Sceptile|Focus Blast|p2a: Blissey|[miss]\n|-miss|p1a: Sceptile|p2a: Blissey\n|move|p2a: Blissey|Soft-Boiled|p2a: Blissey\n|-heal|p2a: Blissey|649\/714\n|\n|-heal|p2a: Blissey|693\/714|[from] item: Leftovers\n|upkeep\n|turn|42\n|-message|RichardPepper forfeited.\n|\n|win|Ayante\n|l|*Lady Monita\n|l|\u2606RichardPepper\n","inputlog":">version 51a1a1325e578faf4bc4c41fc400ffe9d43e6bcc\n>start {\"formatid\":\"gen7battlefactory\",\"seed\":[53423,44017,10970,9893],\"rated\":\"Tournament battle\"}\n>player p1 {\"name\":\"RichardPepper\",\"avatar\":\"steven\",\"team\":\"\",\"rating\":0,\"seed\":[19088,18210,27272,40118]}\n>player p2 {\"name\":\"Ayante\",\"avatar\":\"koga\",\"team\":\"\",\"rating\":0,\"seed\":[54824,52955,6033,4285]}\n>chat  perzik barraskewda|\u00e6\u00fc\u00e6\n>chat \u2606RichardPepper|hf\n>p1 team 2, 1, 3, 4, 5, 6\n>p2 team 3, 2, 1, 4, 5, 6\n>chat \u2606Ayante|Hf\n>p1 move stealthrock\n>p2 move toxic\n>p1 move grassknot\n>p2 move stealthrock\n>p1 move meteormash\n>p2 switch 3\n>p1 switch 5\n>p2 move roost\n>p1 move powergem\n>p2 switch 4\n>p1 switch 4\n>p2 move toxic\n>p1 move spikes\n>p2 switch 4\n>p1 switch 4\n>p2 move defog\n>p1 switch 5\n>p2 switch 4\n>p1 move meteormash\n>p2 switch 4\n>p1 switch 5\n>p2 move roost\n>p1 switch 5\n>p2 switch 4\n>p1 move stealthrock\n>p2 switch 4\n>p1 switch 5\n>p2 move defog\n>p1 switch 5\n>p2 switch 4\n>p1 move stealthrock\n>p2 switch 4\n>p1 switch 5\n>p2 move defog\n>p1 move powergem\n>p2 switch 4\n>p1 switch 5\n>p2 move seismictoss\n>p1 switch 6\n>p2 switch 4\n>p1 move toxic\n>p2 switch 6\n>p1 switch 6\n>p2 move healbell\n>p1 switch 2\n>p2 switch 6\n>p1 move swordsdance\n>p2 move willowisp\n>p1 move outrage zmove\n>p2 switch 3\n>p2 switch 6\n>p1 move outrage\n>p2 move foulplay\n>p1 switch 3\n>p1 move focusblast mega\n>p2 switch 3\n>p1 move dragonpulse\n>p2 switch 4\n>p1 switch 4\n>p2 move seismictoss\n>p1 move drainpunch\n>p2 switch 4\n>chat  FatFighter2|umbreon is so annoying to play against\n>p1 switch 5\n>p2 move flamethrower\n>chat \u2606RichardPepper|umbreon + blissey + hippo?\n>p1 switch 2\n>p2 switch 4\n>p1 move stealthrock\n>p2 switch 4\n>p1 switch 2\n>p2 move defog\n>p1 move sludgewave\n>p2 switch 4\n>p1 switch 6\n>p2 move seismictoss\n>p1 move toxic\n>p2 move seismictoss\n>chat \u2606RichardPepper|I can't do anything\n>p1 switch 4\n>p2 switch 3\n>p1 move dragonpulse\n>p2 switch 3\n>p1 move focusblast\n>p2 move seismictoss\n>p1 move focusblast\n>p2 move softboiled","uploadtime":1599242305,"views":8,"p1id":"richardpepper","p2id":"ayante","formatid":"gen7battlefactory","rating":0,"private":0,"password":null}