{"id":"gen7ou-923076419","p1":"why addicted","p2":"jacksonjack","format":"gen7ou","log":"|j|\u2606why addicted\n|j|\u2606jacksonjack\n|player|p1|why addicted|169\n|player|p2|jacksonjack|1\n|teamsize|p1|6\n|teamsize|p2|6\n|gametype|singles\n|gen|7\n|tier|[Gen 7] OU\n|rated|\n|rule|Sleep Clause Mod: Limit one foe put to sleep\n|rule|Species Clause: Limit one of each Pok\u00e9mon\n|rule|OHKO Clause: OHKO moves are banned\n|rule|Moody Clause: Moody is banned\n|rule|Evasion Moves Clause: Evasion moves are banned\n|rule|Endless Battle Clause: Forcing endless battles is banned\n|rule|HP Percentage Mod: HP is shown in percentages\n|clearpoke\n|poke|p1|Tyranitar, M|item\n|poke|p1|Kommo-o, M|item\n|poke|p1|Magearna|item\n|poke|p1|Rotom-Wash|item\n|poke|p1|Tornadus-Therian, M|item\n|poke|p1|Landorus-Therian, M|item\n|poke|p2|Blacephalon|item\n|poke|p2|Serperior, F|item\n|poke|p2|Magearna|item\n|poke|p2|Rotom-Wash|item\n|poke|p2|Kartana|item\n|poke|p2|Garchomp, F|item\n|teampreview\n|inactive|Battle timer is ON: inactive players will automatically lose when time's up. (requested by jacksonjack)\n|\n|start\n|switch|p1a: Landorus|Landorus-Therian, M|319\/319\n|switch|p2a: Rotom|Rotom-Wash|303\/303\n|-ability|p1a: Landorus|Intimidate|boost\n|-unboost|p2a: Rotom|atk|1\n|turn|1\n|\n|move|p1a: Landorus|U-turn|p2a: Rotom\n|-damage|p2a: Rotom|211\/303\n|\n|switch|p1a: Rotom|Rotom-Wash|304\/304\n|move|p2a: Rotom|Hydro Pump|p1a: Rotom\n|-resisted|p1a: Rotom\n|-damage|p1a: Rotom|244\/304\n|\n|upkeep\n|turn|2\n|\n|move|p1a: Rotom|Will-O-Wisp|p2a: Rotom|[miss]\n|-miss|p1a: Rotom|p2a: Rotom\n|move|p2a: Rotom|Volt Switch|p1a: Rotom\n|-damage|p1a: Rotom|160\/304\n|\n|switch|p2a: Serperior|Serperior, F|305\/305\n|\n|upkeep\n|turn|3\n|\n|switch|p1a: Magearna|Magearna|363\/363\n|move|p2a: Serperior|Glare|p1a: Magearna\n|-status|p1a: Magearna|par\n|\n|upkeep\n|turn|4\n|\n|move|p2a: Serperior|Substitute|p2a: Serperior\n|-start|p2a: Serperior|Substitute\n|-damage|p2a: Serperior|229\/305\n|move|p1a: Magearna|Ice Beam|p2a: Serperior\n|-supereffective|p2a: Serperior\n|-end|p2a: Serperior|Substitute\n|\n|-heal|p2a: Serperior|248\/305|[from] item: Leftovers\n|upkeep\n|turn|5\n|\n|switch|p2a: Magearna|Magearna|363\/363\n|cant|p1a: Magearna|par\n|\n|upkeep\n|turn|6\n|\n|move|p2a: Magearna|Iron Head|p1a: Magearna\n|-damage|p1a: Magearna|275\/363 par\n|move|p1a: Magearna|Volt Switch|p2a: Magearna\n|-crit|p2a: Magearna\n|-damage|p2a: Magearna|317\/363\n|\n|switch|p1a: Landorus|Landorus-Therian, M|319\/319\n|-ability|p1a: Landorus|Intimidate|boost\n|-unboost|p2a: Magearna|atk|1\n|\n|upkeep\n|turn|7\n|\n|switch|p2a: Rotom|Rotom-Wash|211\/303\n|move|p1a: Landorus|U-turn|p2a: Rotom\n|-damage|p2a: Rotom|119\/303\n|\n|switch|p1a: Kommo-o|Kommo-o, M|291\/291\n|\n|upkeep\n|turn|8\n|\n|switch|p2a: Magearna|Magearna|317\/363\n|move|p1a: Kommo-o|Close Combat|p2a: Magearna\n|-damage|p2a: Magearna|185\/363\n|-unboost|p1a: Kommo-o|def|1\n|-unboost|p1a: Kommo-o|spd|1\n|\n|upkeep\n|turn|9\n|\n|switch|p1a: Magearna|Magearna|275\/363 par\n|move|p2a: Magearna|Volt Switch|p1a: Magearna\n|-damage|p1a: Magearna|244\/363 par\n|\n|switch|p2a: Blacephalon|Blacephalon|247\/247\n|\n|upkeep\n|turn|10\n|\n|switch|p2a: Kartana|Kartana|259\/259\n|switch|p1a: Tornadus|Tornadus-Therian, M|359\/359\n|\n|upkeep\n|turn|11\n|\n|switch|p2a: Rotom|Rotom-Wash|119\/303\n|move|p1a: Tornadus|U-turn|p2a: Rotom\n|-damage|p2a: Rotom|71\/303\n|-enditem|p2a: Rotom|Iapapa Berry|[eat]\n|-heal|p2a: Rotom|222\/303|[from] item: Iapapa Berry\n|\n|switch|p1a: Kommo-o|Kommo-o, M|291\/291\n|\n|upkeep\n|turn|12\n|\n|switch|p2a: Blacephalon|Blacephalon|247\/247\n|-zpower|p1a: Kommo-o\n|move|p1a: Kommo-o|Clangorous Soulblaze|p2a: Blacephalon|[zeffect]\n|-damage|p2a: Blacephalon|0 fnt\n|-boost|p1a: Kommo-o|atk|1\n|-boost|p1a: Kommo-o|def|1\n|-boost|p1a: Kommo-o|spa|1\n|-boost|p1a: Kommo-o|spd|1\n|-boost|p1a: Kommo-o|spe|1\n|faint|p2a: Blacephalon\n|\n|upkeep\n|\n|switch|p2a: Magearna|Magearna|185\/363\n|turn|13\n|\n|move|p1a: Kommo-o|Close Combat|p2a: Magearna\n|-damage|p2a: Magearna|0 fnt\n|-unboost|p1a: Kommo-o|def|1\n|-unboost|p1a: Kommo-o|spd|1\n|faint|p2a: Magearna\n|\n|upkeep\n|\n|switch|p2a: Garchomp|Garchomp, F|357\/357\n|turn|14\n|\n|move|p2a: Garchomp|Outrage|p1a: Kommo-o\n|-supereffective|p1a: Kommo-o\n|-damage|p1a: Kommo-o|0 fnt\n|faint|p1a: Kommo-o\n|\n|upkeep\n|\n|switch|p1a: Magearna|Magearna|244\/363 par\n|turn|15\n|\n|move|p2a: Garchomp|Outrage|p1a: Magearna|[from]lockedmove\n|-immune|p1a: Magearna\n|-start|p2a: Garchomp|confusion|[fatigue]\n|move|p1a: Magearna|Ice Beam|p2a: Garchomp\n|-supereffective|p2a: Garchomp\n|-damage|p2a: Garchomp|0 fnt\n|faint|p2a: Garchomp\n|-ability|p1a: Magearna|Soul-Heart|boost\n|-boost|p1a: Magearna|spa|1\n|\n|upkeep\n|\n|switch|p2a: Kartana|Kartana|259\/259\n|turn|16\n|\n|-zpower|p2a: Kartana\n|move|p2a: Kartana|Breakneck Blitz|p1a: Magearna|[zeffect]\n|-resisted|p1a: Magearna\n|-damage|p1a: Magearna|107\/363 par\n|cant|p1a: Magearna|par\n|\n|upkeep\n|turn|17\n|\n|move|p2a: Kartana|Knock Off|p1a: Magearna\n|-resisted|p1a: Magearna\n|-damage|p1a: Magearna|42\/363 par\n|-enditem|p1a: Magearna|Assault Vest|[from] move: Knock Off|[of] p2a: Kartana\n|move|p1a: Magearna|Volt Switch|p2a: Kartana\n|-resisted|p2a: Kartana\n|-damage|p2a: Kartana|127\/259\n|\n|switch|p1a: Landorus|Landorus-Therian, M|319\/319\n|-ability|p1a: Landorus|Intimidate|boost\n|-unboost|p2a: Kartana|atk|1\n|\n|upkeep\n|turn|18\n|\n|move|p1a: Landorus|U-turn|p2a: Kartana\n|-damage|p2a: Kartana|53\/259\n|\n|switch|p1a: Tornadus|Tornadus-Therian, M|359\/359\n|move|p2a: Kartana|Knock Off|p1a: Tornadus\n|-damage|p1a: Tornadus|256\/359\n|-damage|p2a: Kartana|10\/259|[from] item: Rocky Helmet|[of] p1a: Tornadus\n|-enditem|p1a: Tornadus|Rocky Helmet|[from] move: Knock Off|[of] p2a: Kartana\n|\n|upkeep\n|turn|19\n|\n|move|p1a: Tornadus|U-turn|p2a: Kartana\n|-crit|p2a: Kartana\n|-damage|p2a: Kartana|0 fnt\n|faint|p2a: Kartana\n|\n|switch|p1a: Landorus|Landorus-Therian, M|319\/319\n|\n|upkeep\n|\n|switch|p2a: Rotom|Rotom-Wash|222\/303\n|turn|20\n|\n|move|p1a: Landorus|U-turn|p2a: Rotom\n|-damage|p2a: Rotom|140\/303\n|\n|switch|p1a: Magearna|Magearna|42\/363 par\n|move|p2a: Rotom|Volt Switch|p1a: Magearna\n|-damage|p1a: Magearna|0 fnt\n|faint|p1a: Magearna\n|\n|switch|p2a: Serperior|Serperior, F|248\/305\n|\n|-heal|p2a: Serperior|267\/305|[from] item: Leftovers\n|upkeep\n|\n|switch|p1a: Landorus|Landorus-Therian, M|319\/319\n|-ability|p1a: Landorus|Intimidate|boost\n|-boost|p2a: Serperior|atk|1\n|turn|21\n|\n|move|p1a: Landorus|Explosion|p2a: Serperior\n|-damage|p2a: Serperior|0 fnt\n|faint|p1a: Landorus\n|faint|p2a: Serperior\n|\n|upkeep\n|\n|switch|p2a: Rotom|Rotom-Wash|140\/303\n|switch|p1a: Rotom|Rotom-Wash|160\/304\n|turn|22\n|\n|move|p1a: Rotom|Volt Switch|p2a: Rotom\n|-damage|p2a: Rotom|76\/303\n|\n|switch|p1a: Tornadus|Tornadus-Therian, M|359\/359\n|move|p2a: Rotom|Volt Switch|p1a: Tornadus\n|-supereffective|p1a: Tornadus\n|-damage|p1a: Tornadus|183\/359\n|\n|upkeep\n|turn|23\n|\n|move|p1a: Tornadus|U-turn|p2a: Rotom\n|-damage|p2a: Rotom|33\/303\n|\n|switch|p1a: Tyranitar|Tyranitar, M|341\/341\n|-weather|Sandstorm|[from] ability: Sand Stream|[of] p1a: Tyranitar\n|move|p2a: Rotom|Hydro Pump|p1a: Tyranitar\n|-supereffective|p1a: Tyranitar\n|-damage|p1a: Tyranitar|173\/341\n|\n|-weather|Sandstorm|[upkeep]\n|-damage|p2a: Rotom|15\/303|[from] Sandstorm\n|upkeep\n|turn|24\n|-message|jacksonjack forfeited.\n|\n|win|why addicted\n|l|\u2606jacksonjack\n|raw|why addicted's rating: 1856 &rarr; <strong>1875<\/strong><br \/>(+19 for winning)\n|raw|jacksonjack's rating: 1840 &rarr; <strong>1821<\/strong><br \/>(-19 for losing)\n","uploadtime":1559798262,"views":78,"p1id":"whyaddicted","p2id":"jacksonjack","formatid":"gen7ou","rating":1821,"private":0,"password":null}