{"id":"gen7ou-615106690","p1":"I'm back from Mars","p2":"Istrebityel","format":"gen7ou","log":"|j|I'm back from Mars\n|j|Istrebityel\n|player|p1|I'm back from Mars|128\n|teamsize|p1|6\n|player|p2|Istrebityel|275\n|teamsize|p2|6\n|gametype|singles\n|gen|7\n|tier|[Gen 7] OU\n|rated\n|seed|27422,40717,64433,7835\n|rule|Sleep Clause Mod: Limit one foe put to sleep\n|rule|Species Clause: Limit one of each Pok\u00e9mon\n|rule|OHKO Clause: OHKO moves are banned\n|rule|Moody Clause: Moody is banned\n|rule|Evasion Moves Clause: Evasion moves are banned\n|rule|Endless Battle Clause: Forcing endless battles is banned\n|rule|HP Percentage Mod: HP is shown in percentages\n|clearpoke\n|poke|p1|Camerupt, M|item\n|poke|p1|Landorus-Therian, M|item\n|poke|p1|Heatran, F, shiny|item\n|poke|p1|Magearna|item\n|poke|p1|Mantine, F, shiny|item\n|poke|p1|Tapu Koko|item\n|poke|p2|Victini|item\n|poke|p2|Serperior, M|item\n|poke|p2|Nihilego|item\n|poke|p2|Garchomp, M|item\n|poke|p2|Magearna|item\n|poke|p2|Azumarill, F|item\n|teampreview\n|inactive|Battle timer is ON: inactive players will automatically lose when time's up. (requested by Istrebityel)\n|choice|team 2, team 1, team 3, team 4, team 5, team 6|team 3, team 2, team 1, team 4, team 5, team 6\n|\n|start\n|switch|p1a: Landorus|Landorus-Therian, M|319\/319\n|switch|p2a: Donna|Nihilego|359\/359\n|-ability|p1a: Landorus|Intimidate|boost\n|-unboost|p2a: Donna|atk|1\n|turn|1\n|choice|move earthquake|move hiddenpower\n|\n|move|p1a: Landorus|Earthquake|p2a: Donna\n|-supereffective|p2a: Donna\n|-enditem|p2a: Donna|Focus Sash\n|-damage|p2a: Donna|1\/359\n|move|p2a: Donna|Hidden Power|p1a: Landorus\n|-supereffective|p1a: Landorus\n|-damage|p1a: Landorus|0 fnt\n|faint|p1a: Landorus\n|-ability|p2a: Donna|Beast Boost|boost\n|-boost|p2a: Donna|spa|1\n|\n|upkeep\n|choice|switch 6|\n|\n|switch|p1a: Tapu Koko|Tapu Koko|281\/281\n|-fieldstart|move: Electric Terrain|[from] ability: Electric Surge|[of] p1a: Tapu Koko\n|turn|2\n|choice|move hiddenpower|move powergem\n|\n|move|p1a: Tapu Koko|Hidden Power|p2a: Donna\n|-damage|p2a: Donna|0 fnt\n|faint|p2a: Donna\n|\n|upkeep\n|choice||switch 2\n|\n|switch|p2a: Mike|Serperior, M|291\/291\n|turn|3\n|choice|move uturn|move leafstorm\n|\n|move|p1a: Tapu Koko|U-turn|p2a: Mike\n|-supereffective|p2a: Mike\n|-damage|p2a: Mike|169\/291\n|choice|switch 3|\n|\n|switch|p1a: Heatran|Heatran, F, shiny|376\/376\n|move|p2a: Mike|Leaf Storm|p1a: Heatran\n|-resisted|p1a: Heatran\n|-damage|p1a: Heatran|337\/376\n|-boost|p2a: Mike|spa|2\n|\n|-heal|p2a: Mike|187\/291|[from] item: Leftovers\n|-heal|p1a: Heatran|360\/376|[from] item: Leftovers\n|upkeep\n|turn|4\n|choice|move substitute|switch 6\n|\n|switch|p2a: Doogie|Azumarill, F|362\/362\n|move|p1a: Heatran|Substitute|p1a: Heatran\n|-start|p1a: Heatran|Substitute\n|-damage|p1a: Heatran|266\/376\n|\n|-heal|p1a: Heatran|289\/376|[from] item: Leftovers\n|upkeep\n|turn|5\n|choice|move toxic|move aquajet\n|\n|move|p2a: Doogie|Aqua Jet|p1a: Heatran\n|-supereffective|p1a: Heatran\n|-end|p1a: Heatran|Substitute\n|move|p1a: Heatran|Toxic|p2a: Doogie\n|-status|p2a: Doogie|tox\n|\n|-heal|p1a: Heatran|312\/376|[from] item: Leftovers\n|-damage|p2a: Doogie|340\/362 tox|[from] psn\n|upkeep\n|turn|6\n|choice|switch 5|move knockoff\n|\n|switch|p1a: Mantine|Mantine, F, shiny|371\/371\n|move|p2a: Doogie|Knock Off|p1a: Mantine\n|-damage|p1a: Mantine|224\/371\n|-enditem|p1a: Mantine|Leftovers|[from] move: Knock Off|[of] p2a: Doogie\n|\n|-damage|p2a: Doogie|296\/362 tox|[from] psn\n|-fieldend|move: Electric Terrain\n|upkeep\n|turn|7\n|choice|move scald|switch 6\n|\n|switch|p2a: Mike|Serperior, M|187\/291\n|move|p1a: Mantine|Scald|p2a: Mike\n|-resisted|p2a: Mike\n|-crit|p2a: Mike\n|-damage|p2a: Mike|130\/291\n|\n|-heal|p2a: Mike|148\/291|[from] item: Leftovers\n|upkeep\n|turn|8\n|choice|switch 5|move leafstorm\n|\n|switch|p1a: Heatran|Heatran, F, shiny|312\/376\n|move|p2a: Mike|Leaf Storm|p1a: Heatran\n|-resisted|p1a: Heatran\n|-damage|p1a: Heatran|276\/376\n|-boost|p2a: Mike|spa|2\n|\n|-heal|p2a: Mike|166\/291|[from] item: Leftovers\n|-heal|p1a: Heatran|299\/376|[from] item: Leftovers\n|upkeep\n|turn|9\n|choice|move substitute|move leafstorm\n|\n|move|p2a: Mike|Leaf Storm|p1a: Heatran|[miss]\n|-miss|p2a: Mike|p1a: Heatran\n|move|p1a: Heatran|Substitute|p1a: Heatran\n|-start|p1a: Heatran|Substitute\n|-damage|p1a: Heatran|205\/376\n|\n|-heal|p2a: Mike|184\/291|[from] item: Leftovers\n|-heal|p1a: Heatran|228\/376|[from] item: Leftovers\n|upkeep\n|turn|10\n|choice|move magmastorm|move leafstorm\n|\n|move|p2a: Mike|Leaf Storm|p1a: Heatran\n|-resisted|p1a: Heatran\n|-activate|p1a: Heatran|move: Substitute|[damage]\n|-boost|p2a: Mike|spa|2\n|move|p1a: Heatran|Magma Storm|p2a: Mike|[miss]\n|-miss|p1a: Heatran|p2a: Mike\n|\n|-heal|p2a: Mike|202\/291|[from] item: Leftovers\n|-heal|p1a: Heatran|251\/376|[from] item: Leftovers\n|upkeep\n|turn|11\n|choice|move magmastorm|move dragonpulse\n|\n|move|p2a: Mike|Dragon Pulse|p1a: Heatran\n|-resisted|p1a: Heatran\n|-end|p1a: Heatran|Substitute\n|move|p1a: Heatran|Magma Storm|p2a: Mike\n|-supereffective|p2a: Mike\n|-damage|p2a: Mike|0 fnt\n|faint|p2a: Mike\n|\n|-heal|p1a: Heatran|274\/376|[from] item: Leftovers\n|upkeep\n|choice||switch 4\n|\n|switch|p2a: Kyle|Garchomp, M|358\/358\n|turn|12\n|choice|switch 5|move swordsdance mega\n|\n|switch|p1a: Mantine|Mantine, F, shiny|224\/371\n|detailschange|p2a: Kyle|Garchomp-Mega, M\n|-mega|p2a: Kyle|Garchomp|Garchompite\n|move|p2a: Kyle|Swords Dance|p2a: Kyle\n|-boost|p2a: Kyle|atk|2\n|\n|upkeep\n|turn|13\n|choice|move scald|move dragonclaw\n|\n|move|p2a: Kyle|Dragon Claw|p1a: Mantine\n|-damage|p1a: Mantine|0 fnt\n|faint|p1a: Mantine\n|\n|upkeep\n|inactive|I'm back from Mars has 120 seconds left.\n|choice|switch 3|\n|\n|switch|p1a: Tapu Koko|Tapu Koko|281\/281\n|-fieldstart|move: Electric Terrain|[from] ability: Electric Surge|[of] p1a: Tapu Koko\n|turn|14\n|choice|move uturn|move earthquake\n|\n|move|p1a: Tapu Koko|U-turn|p2a: Kyle\n|-damage|p2a: Kyle|306\/358\n|choice|switch 5|\n|\n|switch|p1a: Heatran|Heatran, F, shiny|274\/376\n|move|p2a: Kyle|Earthquake|p1a: Heatran\n|-supereffective|p1a: Heatran\n|-damage|p1a: Heatran|0 fnt\n|faint|p1a: Heatran\n|\n|upkeep\n|choice|switch 5|\n|\n|switch|p1a: Tapu Koko|Tapu Koko|281\/281\n|turn|15\n|choice|move uturn|move earthquake\n|\n|move|p1a: Tapu Koko|U-turn|p2a: Kyle\n|-damage|p2a: Kyle|255\/358\n|choice|switch 4|\n|\n|switch|p1a: Magearna|Magearna|301\/301\n|move|p2a: Kyle|Earthquake|p1a: Magearna\n|-supereffective|p1a: Magearna\n|-damage|p1a: Magearna|0 fnt\n|faint|p1a: Magearna\n|\n|upkeep\n|choice|switch 4|\n|\n|switch|p1a: Tapu Koko|Tapu Koko|281\/281\n|turn|16\n|choice|move hiddenpower|move earthquake\n|\n|move|p1a: Tapu Koko|Hidden Power|p2a: Kyle\n|-supereffective|p2a: Kyle\n|-damage|p2a: Kyle|3\/358\n|move|p2a: Kyle|Earthquake|p1a: Tapu Koko\n|-supereffective|p1a: Tapu Koko\n|-damage|p1a: Tapu Koko|0 fnt\n|faint|p1a: Tapu Koko\n|\n|upkeep\n|c|\u2606I'm back from Mars|gg\n|choice|switch 2|\n|\n|switch|p1a: Camerupt|Camerupt, M|335\/335\n|turn|17\n|c|\u2606Istrebityel|GG!\n|choice|move earthpower mega|move earthquake\n|\n|detailschange|p1a: Camerupt|Camerupt-Mega, M\n|-mega|p1a: Camerupt|Camerupt|Cameruptite\n|move|p2a: Kyle|Earthquake|p1a: Camerupt\n|-supereffective|p1a: Camerupt\n|-damage|p1a: Camerupt|0 fnt\n|faint|p1a: Camerupt\n|\n|win|Istrebityel\n|raw|I&apos;m back from Mars's rating: 1540 &rarr; <strong>1514<\/strong><br \/>(-26 for losing)\n|raw|Istrebityel's rating: 1429 &rarr; <strong>1456<\/strong><br \/>(+27 for winning)","inputlog":null,"uploadtime":1502242617,"views":1,"p1id":"imbackfrommars","p2id":"istrebityel","formatid":"gen7ou","rating":1456,"private":0,"password":null}