{"id":"gen7ou-1422302135","p1":"RTSG tests","p2":"Big Shott","format":"gen7ou","log":"|j|\u2606RTSG tests\n|j|\u2606Big Shott\n|inactive|Battle timer is ON: inactive players will automatically lose when time's up.\n|t:|1632385869\n|gametype|singles\n|player|p1|RTSG tests|birdkeeper|\n|player|p2|Big Shott|anabel|\n|teamsize|p1|6\n|teamsize|p2|6\n|gen|7\n|tier|[Gen 7] OU\n|rated|Tournament battle\n|rule|Sleep Clause Mod: Limit one foe put to sleep\n|rule|Species Clause: Limit one of each Pok\u00e9mon\n|rule|OHKO Clause: OHKO moves are banned\n|rule|Moody Clause: Moody is banned\n|rule|Evasion Moves Clause: Evasion moves are banned\n|rule|Endless Battle Clause: Forcing endless battles is banned\n|rule|HP Percentage Mod: HP is shown in percentages\n|clearpoke\n|poke|p1|Excadrill, F|item\n|poke|p1|Sceptile, M|item\n|poke|p1|Feraligatr, M|item\n|poke|p1|Infernape, M|item\n|poke|p1|Salamence, M|item\n|poke|p1|Zeraora|item\n|poke|p2|Mawile, F|item\n|poke|p2|Rotom-Wash|item\n|poke|p2|Heatran, M|item\n|poke|p2|Landorus-Therian, M|item\n|poke|p2|Tapu Bulu|item\n|poke|p2|Kartana|item\n|teampreview\n|\n|t:|1632385875\n|start\n|switch|p1a: Toyota|Excadrill, F|100\/100\n|switch|p2a: Heatran|Heatran, M|100\/100\n|-ability|p1a: Toyota|Mold Breaker\n|turn|1\n|\n|t:|1632385879\n|switch|p2a: Landorus|Landorus-Therian, M|100\/100\n|-ability|p2a: Landorus|Intimidate|boost\n|-unboost|p1a: Toyota|atk|1\n|move|p1a: Toyota|Earthquake|p2a: Landorus\n|-immune|p2a: Landorus\n|\n|upkeep\n|turn|2\n|\n|t:|1632385885\n|move|p2a: Landorus|Hidden Power|p1a: Toyota\n|-damage|p1a: Toyota|79\/100\n|move|p1a: Toyota|Stealth Rock|p2a: Landorus\n|-sidestart|p2: Big Shott|move: Stealth Rock\n|\n|upkeep\n|turn|3\n|\n|t:|1632385893\n|switch|p2a: Heatran|Heatran, M|100\/100\n|-damage|p2a: Heatran|88\/100|[from] Stealth Rock\n|move|p1a: Toyota|Iron Head|p2a: Heatran\n|-resisted|p2a: Heatran\n|-damage|p2a: Heatran|82\/100\n|\n|-heal|p2a: Heatran|88\/100|[from] item: Leftovers\n|upkeep\n|turn|4\n|\n|t:|1632385898\n|switch|p2a: Landorus|Landorus-Therian, M|100\/100\n|-damage|p2a: Landorus|88\/100|[from] Stealth Rock\n|-ability|p2a: Landorus|Intimidate|boost\n|-unboost|p1a: Toyota|atk|1\n|move|p1a: Toyota|Earthquake|p2a: Landorus\n|-immune|p2a: Landorus\n|\n|upkeep\n|turn|5\n|\n|t:|1632385901\n|move|p2a: Landorus|Earthquake|p1a: Toyota\n|-supereffective|p1a: Toyota\n|-damage|p1a: Toyota|0 fnt\n|faint|p1a: Toyota\n|\n|upkeep\n|\n|t:|1632385907\n|switch|p1a: Henry|Salamence, M|100\/100\n|turn|6\n|\n|t:|1632385914\n|switch|p2a: Heatran|Heatran, M|88\/100\n|-damage|p2a: Heatran|75\/100|[from] Stealth Rock\n|move|p1a: Henry|Dragon Dance|p1a: Henry\n|-boost|p1a: Henry|atk|1\n|-boost|p1a: Henry|spe|1\n|\n|-heal|p2a: Heatran|81\/100|[from] item: Leftovers\n|upkeep\n|turn|7\n|\n|t:|1632385918\n|move|p1a: Henry|Substitute|p1a: Henry\n|-start|p1a: Henry|Substitute\n|-damage|p1a: Henry|76\/100\n|move|p2a: Heatran|Stealth Rock|p1a: Henry\n|-sidestart|p1: RTSG tests|move: Stealth Rock\n|\n|-heal|p2a: Heatran|88\/100|[from] item: Leftovers\n|upkeep\n|turn|8\n|\n|t:|1632385921\n|move|p1a: Henry|Earthquake|p2a: Heatran\n|-supereffective|p2a: Heatran\n|-damage|p2a: Heatran|0 fnt\n|faint|p2a: Heatran\n|-ability|p1a: Henry|Moxie|boost\n|-boost|p1a: Henry|atk|1\n|\n|upkeep\n|\n|t:|1632385924\n|switch|p2a: Landorus|Landorus-Therian, M|88\/100\n|-damage|p2a: Landorus|76\/100|[from] Stealth Rock\n|-ability|p2a: Landorus|Intimidate|boost\n|-immune|p1a: Henry\n|turn|9\n|\n|t:|1632385927\n|move|p1a: Henry|Fly||[still]\n|-prepare|p1a: Henry|Fly\n|move|p2a: Landorus|Hidden Power|p1a: Henry|[miss]\n|-miss|p2a: Landorus|p1a: Henry\n|\n|upkeep\n|turn|10\n|\n|t:|1632385930\n|move|p1a: Henry|Fly|p2a: Landorus|[from]lockedmove\n|-damage|p2a: Landorus|0 fnt\n|faint|p2a: Landorus\n|-ability|p1a: Henry|Moxie|boost\n|-boost|p1a: Henry|atk|1\n|\n|upkeep\n|\n|t:|1632385934\n|switch|p2a: Mawile|Mawile, F|100\/100\n|-damage|p2a: Mawile|94\/100|[from] Stealth Rock\n|-ability|p2a: Mawile|Intimidate|boost\n|-immune|p1a: Henry\n|turn|11\n|\n|t:|1632385937\n|detailschange|p2a: Mawile|Mawile-Mega, F\n|-mega|p2a: Mawile|Mawile|Mawilite\n|move|p1a: Henry|Earthquake|p2a: Mawile\n|-supereffective|p2a: Mawile\n|-damage|p2a: Mawile|0 fnt\n|faint|p2a: Mawile\n|-ability|p1a: Henry|Moxie|boost\n|-boost|p1a: Henry|atk|1\n|\n|upkeep\n|\n|t:|1632385941\n|switch|p2a: Kartana|Kartana|100\/100\n|-damage|p2a: Kartana|94\/100|[from] Stealth Rock\n|turn|12\n|\n|t:|1632385944\n|move|p1a: Henry|Earthquake|p2a: Kartana\n|-damage|p2a: Kartana|0 fnt\n|faint|p2a: Kartana\n|-ability|p1a: Henry|Moxie|boost\n|-boost|p1a: Henry|atk|1\n|\n|upkeep\n|\n|t:|1632385946\n|switch|p2a: Rotom|Rotom-Wash|100\/100\n|-damage|p2a: Rotom|88\/100|[from] Stealth Rock\n|turn|13\n|\n|t:|1632385950\n|-zpower|p1a: Henry\n|move|p1a: Henry|Supersonic Skystrike|p2a: Rotom|[zeffect]\n|-resisted|p2a: Rotom\n|-damage|p2a: Rotom|0 fnt\n|faint|p2a: Rotom\n|-ability|p1a: Henry|Moxie|boost\n|-boost|p1a: Henry|atk|1\n|\n|upkeep\n|\n|t:|1632385952\n|switch|p2a: Tapu Bulu|Tapu Bulu|100\/100\n|-damage|p2a: Tapu Bulu|88\/100|[from] Stealth Rock\n|-fieldstart|move: Grassy Terrain|[from] ability: Grassy Surge|[of] p2a: Tapu Bulu\n|turn|14\n|c|\u2606Big Shott|gg\n|c|\u2606RTSG tests|gg\n|\n|t:|1632385960\n|move|p1a: Henry|Fly||[still]\n|-prepare|p1a: Henry|Fly\n|move|p2a: Tapu Bulu|Horn Leech|p1a: Henry|[miss]\n|-miss|p2a: Tapu Bulu|p1a: Henry\n|\n|-heal|p2a: Tapu Bulu|94\/100|[from] Grassy Terrain\n|upkeep\n|turn|15\n|\n|t:|1632385962\n|move|p1a: Henry|Fly|p2a: Tapu Bulu|[from]lockedmove\n|-supereffective|p2a: Tapu Bulu\n|-damage|p2a: Tapu Bulu|0 fnt\n|faint|p2a: Tapu Bulu\n|\n|win|RTSG tests\n|n|\u2606RTSG tests|rtsgtests\n|n|\u2606Big Shott|bigshott\n","uploadtime":1632385967,"views":29,"p1id":"rtsgtests","p2id":"bigshott","formatid":"gen7ou","rating":0,"private":0,"password":null}