{"id":"gen7uu-1394467878","p1":"xasahbae","p2":"Solonor24","format":"gen7uu","log":"|j|\u2606xasahbae\n|j|\u203dSolonor24\n|inactive|Battle timer is ON: inactive players will automatically lose when time's up.\n|t:|1628685517\n|gametype|singles\n|player|p1|xasahbae|lass-gen4dp|\n|player|p2|Solonor24|lyra|\n|teamsize|p1|6\n|teamsize|p2|6\n|gen|7\n|tier|[Gen 7] UU\n|rated|Tournament battle\n|rule|Sleep Clause Mod: Limit one foe put to sleep\n|rule|Species Clause: Limit one of each Pok\u00e9mon\n|rule|OHKO Clause: OHKO moves are banned\n|rule|Moody Clause: Moody is banned\n|rule|Evasion Moves Clause: Evasion moves are banned\n|rule|Endless Battle Clause: Forcing endless battles is banned\n|rule|HP Percentage Mod: HP is shown in percentages\n|clearpoke\n|poke|p1|Sharpedo, M|item\n|poke|p1|Latias, F|item\n|poke|p1|Froslass, F|item\n|poke|p1|Cobalion|item\n|poke|p1|Mimikyu, F|item\n|poke|p1|Mamoswine, F|item\n|poke|p2|Aggron, F|item\n|poke|p2|Primarina, F|item\n|poke|p2|Krookodile, M|item\n|poke|p2|Rotom-Heat|item\n|poke|p2|Celebi|item\n|poke|p2|Zeraora|item\n|teampreview\n|j|*Lady Monita\n|j| north-sushi\n|c| north-sushi|GOO XASAHBAE\n|\n|t:|1628685535\n|start\n|switch|p1a: icy waifu|Froslass, F|100\/100\n|switch|p2a: Rotom|Rotom-Heat|100\/100\n|turn|1\n|j| sandygamer.yt\n|c| north-sushi|YOU CAN WIN\n|j| ii77\n|\n|t:|1628685547\n|move|p1a: icy waifu|Spikes|p2a: Rotom\n|-sidestart|p2: Solonor24|Spikes\n|move|p2a: Rotom|Volt Switch|p1a: icy waifu\n|-damage|p1a: icy waifu|67\/100\n|\n|t:|1628685548\n|switch|p2a: Krookodile|Krookodile, M|100\/100|[from]move: Volt Switch\n|-damage|p2a: Krookodile|88\/100|[from] Spikes\n|-ability|p2a: Krookodile|Intimidate|boost\n|-unboost|p1a: icy waifu|atk|1\n|\n|upkeep\n|turn|2\n|c| north-sushi|GO SOLONOR\n|c| north-sushi|YOU CAN WIN\n|\n|t:|1628685555\n|move|p2a: Krookodile|Pursuit|p1a: icy waifu\n|-supereffective|p1a: icy waifu\n|-damage|p1a: icy waifu|19\/100\n|-start|p2a: Krookodile|Disable|Pursuit|[from] ability: Cursed Body|[of] p1a: icy waifu\n|move|p1a: icy waifu|Spikes|p2a: Krookodile\n|-sidestart|p2: Solonor24|Spikes\n|\n|upkeep\n|turn|3\n|\n|t:|1628685562\n|switch|p2a: Rotom|Rotom-Heat|100\/100\n|move|p1a: icy waifu|Icy Wind|p2a: Rotom\n|-resisted|p2a: Rotom\n|-damage|p2a: Rotom|92\/100\n|-unboost|p2a: Rotom|spe|1\n|\n|upkeep\n|turn|4\n|\n|t:|1628685571\n|switch|p2a: Primarina|Primarina, F|100\/100\n|-damage|p2a: Primarina|84\/100|[from] Spikes\n|move|p1a: icy waifu|Taunt|p2a: Primarina\n|-start|p2a: Primarina|move: Taunt\n|\n|-heal|p2a: Primarina|90\/100|[from] item: Leftovers\n|upkeep\n|turn|5\n|\n|t:|1628685577\n|move|p1a: icy waifu|Destiny Bond|p1a: icy waifu\n|-singlemove|p1a: icy waifu|Destiny Bond\n|move|p2a: Primarina|Scald|p1a: icy waifu\n|-damage|p1a: icy waifu|0 fnt\n|faint|p1a: icy waifu\n|-activate|p1a: icy waifu|move: Destiny Bond\n|faint|p2a: Primarina\n|\n|upkeep\n|j| pokimonultrasal\n|j| nizouz\n|\n|t:|1628685606\n|switch|p1a: no pursuit pls|Latias, F|100\/100\n|switch|p2a: Rotom|Rotom-Heat|92\/100\n|turn|6\n|l| north-sushi\n|\n|t:|1628685611\n|-zpower|p1a: no pursuit pls\n|move|p1a: no pursuit pls|Devastating Drake|p2a: Rotom|[zeffect]\n|-damage|p2a: Rotom|0 fnt\n|faint|p2a: Rotom\n|\n|upkeep\n|\n|t:|1628685621\n|switch|p2a: Krookodile|Krookodile, M|88\/100\n|-damage|p2a: Krookodile|71\/100|[from] Spikes\n|-ability|p2a: Krookodile|Intimidate|boost\n|-unboost|p1a: no pursuit pls|atk|1\n|turn|7\n|j| north-sushi\n|\n|t:|1628685629\n|move|p2a: Krookodile|Pursuit|p1a: no pursuit pls\n|-supereffective|p1a: no pursuit pls\n|-damage|p1a: no pursuit pls|53\/100\n|move|p1a: no pursuit pls|Draco Meteor|p2a: Krookodile\n|-damage|p2a: Krookodile|0 fnt\n|-unboost|p1a: no pursuit pls|spa|2\n|faint|p2a: Krookodile\n|\n|upkeep\n|\n|t:|1628685632\n|switch|p2a: Aggron|Aggron, F|100\/100\n|-damage|p2a: Aggron|84\/100|[from] Spikes\n|turn|8\n|\n|t:|1628685639\n|detailschange|p2a: Aggron|Aggron-Mega, F\n|-mega|p2a: Aggron|Aggron|Aggronite\n|move|p1a: no pursuit pls|Calm Mind|p1a: no pursuit pls\n|-boost|p1a: no pursuit pls|spa|1\n|-boost|p1a: no pursuit pls|spd|1\n|move|p2a: Aggron|Stealth Rock|p1a: no pursuit pls\n|-sidestart|p1: xasahbae|move: Stealth Rock\n|\n|upkeep\n|turn|9\n|\n|t:|1628685643\n|move|p1a: no pursuit pls|Calm Mind|p1a: no pursuit pls\n|-boost|p1a: no pursuit pls|spa|1\n|-boost|p1a: no pursuit pls|spd|1\n|move|p2a: Aggron|Heavy Slam|p1a: no pursuit pls\n|-damage|p1a: no pursuit pls|0 fnt\n|faint|p1a: no pursuit pls\n|\n|upkeep\n|\n|t:|1628685652\n|switch|p1a: memoswine|Mamoswine, F|100\/100\n|-damage|p1a: memoswine|88\/100|[from] Stealth Rock\n|turn|10\n|j| Quilava002\n|\n|t:|1628685662\n|move|p1a: memoswine|Earthquake|p2a: Aggron\n|-supereffective|p2a: Aggron\n|-damage|p2a: Aggron|31\/100\n|-damage|p1a: memoswine|78\/100|[from] item: Life Orb\n|move|p2a: Aggron|Heavy Slam|p1a: memoswine\n|-supereffective|p1a: memoswine\n|-damage|p1a: memoswine|28\/100\n|\n|upkeep\n|turn|11\n|\n|t:|1628685670\n|move|p1a: memoswine|Knock Off|p2a: Aggron\n|-damage|p2a: Aggron|15\/100\n|-damage|p1a: memoswine|18\/100|[from] item: Life Orb\n|move|p2a: Aggron|Heavy Slam|p1a: memoswine\n|-supereffective|p1a: memoswine\n|-damage|p1a: memoswine|0 fnt\n|faint|p1a: memoswine\n|\n|upkeep\n|\n|t:|1628685672\n|switch|p1a: jaws (i am shark)|Sharpedo, M|100\/100\n|-damage|p1a: jaws (i am shark)|88\/100|[from] Stealth Rock\n|turn|12\n|\n|t:|1628685682\n|move|p1a: jaws (i am shark)|Crunch|p2a: Aggron\n|-damage|p2a: Aggron|0 fnt\n|faint|p2a: Aggron\n|\n|-ability|p1a: jaws (i am shark)|Speed Boost|boost\n|-boost|p1a: jaws (i am shark)|spe|1\n|upkeep\n|\n|t:|1628685687\n|switch|p2a: Zeraora|Zeraora|100\/100\n|-damage|p2a: Zeraora|84\/100|[from] Spikes\n|turn|13\n|\n|t:|1628685691\n|detailschange|p1a: jaws (i am shark)|Sharpedo-Mega, M\n|-mega|p1a: jaws (i am shark)|Sharpedo|Sharpedonite\n|move|p1a: jaws (i am shark)|Protect|p1a: jaws (i am shark)\n|-singleturn|p1a: jaws (i am shark)|Protect\n|move|p2a: Zeraora|Thunderbolt|p1a: jaws (i am shark)\n|-activate|p1a: jaws (i am shark)|move: Protect\n|\n|upkeep\n|turn|14\n|\n|t:|1628685695\n|move|p1a: jaws (i am shark)|Crunch|p2a: Zeraora\n|-damage|p2a: Zeraora|0 fnt\n|faint|p2a: Zeraora\n|\n|upkeep\n|-message|Solonor24 forfeited.\n|\n|win|xasahbae\n|n|\u2606xasahbae|xasahbae\n|n|\u203dSolonor24|solonor24\n|n|*Lady Monita|ladymonita\n|n| sandygamer.yt|sandygameryt\n|n| ii77|ii77\n|n| pokimonultrasal|pokimonultrasal\n|n| nizouz|nizouz\n|n| north-sushi|northsushi\n|n| Quilava002|quilava002\n|l|*Lady Monita\n|l|\u203dSolonor24\n|c|\u2606xasahbae|gg\n","uploadtime":1628685702,"views":14,"p1id":"xasahbae","p2id":"solonor24","formatid":"gen7uu","rating":0,"private":0,"password":null}