{"id":"gen7ou-1670933222","p1":"HQSFun","p2":"Player 07","format":"gen7ou","log":"|j|\u2606HQSFun\n|j|\u2606Player 07\n|t:|1664215485\n|gametype|singles\n|player|p1|HQSFun|veteranf|1646\n|player|p2|Player 07|rood|1609\n|teamsize|p1|6\n|teamsize|p2|6\n|gen|7\n|tier|[Gen 7] OU\n|rated|\n|rule|Sleep Clause Mod: Limit one foe put to sleep\n|rule|Species Clause: Limit one of each Pok\u00e9mon\n|rule|OHKO Clause: OHKO moves are banned\n|rule|Moody Clause: Moody is banned\n|rule|Evasion Items Clause: Evasion items are banned\n|rule|Evasion Moves Clause: Evasion moves are banned\n|rule|Endless Battle Clause: Forcing endless battles is banned\n|rule|HP Percentage Mod: HP is shown in percentages\n|clearpoke\n|poke|p1|Mew|item\n|poke|p1|Tapu Koko|item\n|poke|p1|Charizard, M|item\n|poke|p1|Serperior, F|item\n|poke|p1|Garchomp, F|item\n|poke|p1|Magearna|item\n|poke|p2|Ferrothorn, F|item\n|poke|p2|Azumarill, F|item\n|poke|p2|Serperior, M|item\n|poke|p2|Alakazam, M|item\n|poke|p2|Gyarados, M|item\n|poke|p2|Cloyster, M|item\n|teampreview\n|inactive|Battle timer is ON: inactive players will automatically lose when time's up. (requested by HQSFun)\n|\n|t:|1664215516\n|start\n|switch|p1a: Tapu Koko|Tapu Koko|100\/100\n|switch|p2a: Lambisg\u00f3ia|Ferrothorn, F|100\/100\n|-fieldstart|move: Electric Terrain|[from] ability: Electric Surge|[of] p1a: Tapu Koko\n|turn|1\n|\n|t:|1664215520\n|move|p1a: Tapu Koko|Taunt|p2a: Lambisg\u00f3ia\n|-start|p2a: Lambisg\u00f3ia|move: Taunt\n|cant|p2a: Lambisg\u00f3ia|move: Taunt|Stealth Rock\n|\n|upkeep\n|turn|2\n|\n|t:|1664215539\n|move|p1a: Tapu Koko|Reflect|p1a: Tapu Koko\n|-sidestart|p1: HQSFun|Reflect\n|move|p2a: Lambisg\u00f3ia|Gyro Ball|p1a: Tapu Koko\n|-damage|p1a: Tapu Koko|73\/100\n|\n|upkeep\n|turn|3\n|\n|t:|1664215547\n|switch|p1a: Mew|Mew|100\/100\n|move|p2a: Lambisg\u00f3ia|Gyro Ball|p1a: Mew\n|-damage|p1a: Mew|79\/100\n|\n|-end|p2a: Lambisg\u00f3ia|move: Taunt\n|upkeep\n|turn|4\n|\n|t:|1664215553\n|move|p1a: Mew|Taunt|p2a: Lambisg\u00f3ia\n|-start|p2a: Lambisg\u00f3ia|move: Taunt\n|cant|p2a: Lambisg\u00f3ia|move: Taunt|Stealth Rock\n|\n|upkeep\n|turn|5\n|\n|t:|1664215558\n|switch|p2a: LEVIAT\u00c3|Gyarados, M, shiny|100\/100\n|-ability|p2a: LEVIAT\u00c3|Intimidate|boost\n|-unboost|p1a: Mew|atk|1\n|move|p1a: Mew|Stealth Rock|p2a: LEVIAT\u00c3\n|-sidestart|p2: Player 07|move: Stealth Rock\n|\n|-fieldend|move: Electric Terrain\n|upkeep\n|turn|6\n|\n|t:|1664215565\n|detailschange|p2a: LEVIAT\u00c3|Gyarados-Mega, M, shiny\n|-mega|p2a: LEVIAT\u00c3|Gyarados|Gyaradosite\n|-ability|p2a: LEVIAT\u00c3|Mold Breaker\n|move|p1a: Mew|Thunder Wave|p2a: LEVIAT\u00c3|[miss]\n|-miss|p1a: Mew|p2a: LEVIAT\u00c3\n|move|p2a: LEVIAT\u00c3|Crunch|p1a: Mew\n|-supereffective|p1a: Mew\n|-damage|p1a: Mew|40\/100\n|\n|upkeep\n|turn|7\n|\n|t:|1664215572\n|switch|p2a: Lambisg\u00f3ia|Ferrothorn, F|100\/100\n|-damage|p2a: Lambisg\u00f3ia|94\/100|[from] Stealth Rock\n|move|p1a: Mew|Thunder Wave|p2a: Lambisg\u00f3ia\n|-status|p2a: Lambisg\u00f3ia|par\n|\n|-heal|p2a: Lambisg\u00f3ia|100\/100 par|[from] item: Leftovers\n|upkeep\n|turn|8\n|\n|t:|1664215578\n|move|p1a: Mew|Taunt|p2a: Lambisg\u00f3ia\n|-start|p2a: Lambisg\u00f3ia|move: Taunt\n|move|p2a: Lambisg\u00f3ia|Gyro Ball|p1a: Mew\n|-damage|p1a: Mew|19\/100\n|\n|upkeep\n|turn|9\n|\n|t:|1664215590\n|move|p1a: Mew|Ice Beam|p2a: Lambisg\u00f3ia\n|-damage|p2a: Lambisg\u00f3ia|84\/100 par\n|move|p2a: Lambisg\u00f3ia|Gyro Ball|p1a: Mew\n|-crit|p1a: Mew\n|-damage|p1a: Mew|0 fnt\n|faint|p1a: Mew\n|\n|-heal|p2a: Lambisg\u00f3ia|90\/100 par|[from] item: Leftovers\n|-sideend|p1: HQSFun|Reflect\n|upkeep\n|\n|t:|1664215594\n|switch|p1a: Charizard|Charizard, M|100\/100\n|turn|10\n|\n|t:|1664215599\n|switch|p2a: Shaka|Alakazam, M|100\/100\n|move|p1a: Charizard|Dragon Dance|p1a: Charizard\n|-boost|p1a: Charizard|atk|1\n|-boost|p1a: Charizard|spe|1\n|\n|upkeep\n|turn|11\n|inactive|HQSFun has 120 seconds left.\n|\n|t:|1664215630\n|detailschange|p1a: Charizard|Charizard-Mega-X, M\n|-mega|p1a: Charizard|Charizard|Charizardite X\n|move|p1a: Charizard|Flare Blitz|p2a: Shaka\n|-enditem|p2a: Shaka|Focus Sash\n|-damage|p2a: Shaka|1\/100\n|-damage|p1a: Charizard|73\/100|[from] Recoil\n|move|p2a: Shaka|Thunder Wave|p1a: Charizard\n|-status|p1a: Charizard|par\n|\n|upkeep\n|turn|12\n|inactive|Player 07 has 120 seconds left.\n|\n|t:|1664215683\n|move|p2a: Shaka|Reflect|p2a: Shaka\n|-sidestart|p2: Player 07|Reflect\n|move|p1a: Charizard|Earthquake|p2a: Shaka\n|-damage|p2a: Shaka|0 fnt\n|faint|p2a: Shaka\n|\n|upkeep\n|j| Krokmouyoyo\n|\n|t:|1664215696\n|switch|p2a: LEVIAT\u00c3|Gyarados-Mega, M, shiny|100\/100\n|-damage|p2a: LEVIAT\u00c3|88\/100|[from] Stealth Rock\n|-ability|p2a: LEVIAT\u00c3|Mold Breaker\n|turn|13\n|inactive|HQSFun has 120 seconds left.\n|\n|t:|1664215717\n|move|p2a: LEVIAT\u00c3|Dragon Dance|p2a: LEVIAT\u00c3\n|-boost|p2a: LEVIAT\u00c3|atk|1\n|-boost|p2a: LEVIAT\u00c3|spe|1\n|move|p1a: Charizard|Dragon Claw|p2a: LEVIAT\u00c3\n|-damage|p2a: LEVIAT\u00c3|48\/100\n|\n|upkeep\n|turn|14\n|\n|t:|1664215725\n|move|p2a: LEVIAT\u00c3|Dragon Dance|p2a: LEVIAT\u00c3\n|-boost|p2a: LEVIAT\u00c3|atk|1\n|-boost|p2a: LEVIAT\u00c3|spe|1\n|cant|p1a: Charizard|par\n|\n|upkeep\n|turn|15\n|\n|t:|1664215734\n|move|p2a: LEVIAT\u00c3|Dragon Dance|p2a: LEVIAT\u00c3\n|-boost|p2a: LEVIAT\u00c3|atk|1\n|-boost|p2a: LEVIAT\u00c3|spe|1\n|move|p1a: Charizard|Dragon Claw|p2a: LEVIAT\u00c3\n|-damage|p2a: LEVIAT\u00c3|8\/100\n|\n|upkeep\n|turn|16\n|inactive|Player 07 has 120 seconds left.\n|\n|t:|1664215740\n|move|p2a: LEVIAT\u00c3|Earthquake|p1a: Charizard\n|-supereffective|p1a: Charizard\n|-damage|p1a: Charizard|0 fnt\n|faint|p1a: Charizard\n|\n|-sideend|p2: Player 07|Reflect\n|upkeep\n|\n|t:|1664215749\n|switch|p1a: Serperior|Serperior, F|100\/100\n|turn|17\n|\n|t:|1664215753\n|move|p2a: LEVIAT\u00c3|Ice Fang|p1a: Serperior\n|-supereffective|p1a: Serperior\n|-damage|p1a: Serperior|0 fnt\n|-damage|p2a: LEVIAT\u00c3|0 fnt|[from] item: Rocky Helmet|[of] p1a: Serperior\n|faint|p1a: Serperior\n|faint|p2a: LEVIAT\u00c3\n|\n|upkeep\n|\n|t:|1664215760\n|switch|p1a: Tapu Koko|Tapu Koko|73\/100\n|switch|p2a: Lambisg\u00f3ia|Ferrothorn, F|90\/100 par\n|-fieldstart|move: Electric Terrain|[from] ability: Electric Surge|[of] p1a: Tapu Koko\n|-damage|p2a: Lambisg\u00f3ia|84\/100 par|[from] Stealth Rock\n|turn|18\n|\n|t:|1664215765\n|move|p1a: Tapu Koko|Taunt|p2a: Lambisg\u00f3ia\n|-start|p2a: Lambisg\u00f3ia|move: Taunt\n|cant|p2a: Lambisg\u00f3ia|par\n|\n|-heal|p2a: Lambisg\u00f3ia|90\/100 par|[from] item: Leftovers\n|upkeep\n|turn|19\n|\n|t:|1664215775\n|move|p1a: Tapu Koko|Reflect|p1a: Tapu Koko\n|-sidestart|p1: HQSFun|Reflect\n|move|p2a: Lambisg\u00f3ia|Gyro Ball|p1a: Tapu Koko\n|-damage|p1a: Tapu Koko|46\/100\n|\n|-heal|p2a: Lambisg\u00f3ia|97\/100 par|[from] item: Leftovers\n|upkeep\n|turn|20\n|\n|t:|1664215787\n|switch|p2a: Jim|Serperior, M|100\/100\n|-damage|p2a: Jim|88\/100|[from] Stealth Rock\n|move|p1a: Tapu Koko|Light Screen|p1a: Tapu Koko\n|-sidestart|p1: HQSFun|move: Light Screen\n|\n|-heal|p2a: Jim|94\/100|[from] item: Leftovers\n|upkeep\n|turn|21\n|\n|t:|1664215793\n|move|p1a: Tapu Koko|Taunt|p2a: Jim\n|-start|p2a: Jim|move: Taunt\n|move|p2a: Jim|Leaf Storm|p1a: Tapu Koko\n|-damage|p1a: Tapu Koko|24\/100\n|-boost|p2a: Jim|spa|2\n|\n|-heal|p2a: Jim|100\/100|[from] item: Leftovers\n|upkeep\n|turn|22\n|\n|t:|1664215804\n|move|p1a: Tapu Koko|Wild Charge|p2a: Jim\n|-resisted|p2a: Jim\n|-damage|p2a: Jim|76\/100\n|-damage|p1a: Tapu Koko|19\/100|[from] Recoil\n|move|p2a: Jim|Leaf Storm|p1a: Tapu Koko\n|-damage|p1a: Tapu Koko|0 fnt\n|-boost|p2a: Jim|spa|2\n|faint|p1a: Tapu Koko\n|\n|-heal|p2a: Jim|82\/100|[from] item: Leftovers\n|-fieldend|move: Electric Terrain\n|upkeep\n|\n|t:|1664215808\n|switch|p1a: Magearna|Magearna|100\/100\n|turn|23\n|\n|t:|1664215823\n|switch|p2a: Lambisg\u00f3ia|Ferrothorn, F|97\/100 par\n|-damage|p2a: Lambisg\u00f3ia|90\/100 par|[from] Stealth Rock\n|move|p1a: Magearna|Shift Gear|p1a: Magearna\n|-boost|p1a: Magearna|spe|2\n|-boost|p1a: Magearna|atk|1\n|\n|-heal|p2a: Lambisg\u00f3ia|97\/100 par|[from] item: Leftovers\n|upkeep\n|turn|24\n|\n|t:|1664215831\n|move|p1a: Magearna|Focus Blast|p2a: Lambisg\u00f3ia\n|-supereffective|p2a: Lambisg\u00f3ia\n|-damage|p2a: Lambisg\u00f3ia|28\/100 par\n|move|p2a: Lambisg\u00f3ia|Leech Seed|p1a: Magearna\n|-start|p1a: Magearna|move: Leech Seed\n|\n|-heal|p2a: Lambisg\u00f3ia|35\/100 par|[from] item: Leftovers\n|-damage|p1a: Magearna|88\/100|[from] Leech Seed|[of] p2a: Lambisg\u00f3ia\n|-heal|p2a: Lambisg\u00f3ia|47\/100 par|[silent]\n|upkeep\n|turn|25\n|\n|t:|1664215852\n|switch|p2a: Jim|Serperior, M|82\/100\n|-damage|p2a: Jim|70\/100|[from] Stealth Rock\n|move|p1a: Magearna|Focus Blast|p2a: Jim\n|-damage|p2a: Jim|28\/100\n|\n|-heal|p2a: Jim|34\/100|[from] item: Leftovers\n|-damage|p1a: Magearna|76\/100|[from] Leech Seed|[of] p2a: Jim\n|-heal|p2a: Jim|47\/100|[silent]\n|upkeep\n|turn|26\n|\n|t:|1664215860\n|-zpower|p1a: Magearna\n|move|p1a: Magearna|Twinkle Tackle|p2a: Jim|[zeffect]\n|-damage|p2a: Jim|0 fnt\n|faint|p2a: Jim\n|-ability|p1a: Magearna|Soul-Heart|boost\n|-boost|p1a: Magearna|spa|1\n|\n|-sideend|p1: HQSFun|Reflect\n|upkeep\n|\n|t:|1664215868\n|switch|p2a: Lambisg\u00f3ia|Ferrothorn, F|47\/100 par\n|-damage|p2a: Lambisg\u00f3ia|41\/100 par|[from] Stealth Rock\n|turn|27\n|\n|t:|1664215871\n|move|p1a: Magearna|Focus Blast|p2a: Lambisg\u00f3ia\n|-supereffective|p2a: Lambisg\u00f3ia\n|-damage|p2a: Lambisg\u00f3ia|0 fnt\n|faint|p2a: Lambisg\u00f3ia\n|-ability|p1a: Magearna|Soul-Heart|boost\n|-boost|p1a: Magearna|spa|1\n|\n|-sideend|p1: HQSFun|move: Light Screen\n|upkeep\n|\n|t:|1664215877\n|switch|p2a: Blue Mary|Azumarill, F|100\/100\n|-damage|p2a: Blue Mary|88\/100|[from] Stealth Rock\n|turn|28\n|\n|t:|1664215880\n|move|p1a: Magearna|Thunderbolt|p2a: Blue Mary\n|-supereffective|p2a: Blue Mary\n|-crit|p2a: Blue Mary\n|-damage|p2a: Blue Mary|0 fnt\n|faint|p2a: Blue Mary\n|-ability|p1a: Magearna|Soul-Heart|boost\n|-boost|p1a: Magearna|spa|1\n|\n|upkeep\n|-message|Player 07 forfeited.\n|\n|win|HQSFun\n|raw|HQSFun's rating: 1646 &rarr; <strong>1664<\/strong><br \/>(+18 for winning)\n|raw|Player 07's rating: 1609 &rarr; <strong>1591<\/strong><br \/>(-18 for losing)\n|l|\u2606Player 07\n","uploadtime":1664215891,"views":5,"p1id":"hqsfun","p2id":"player07","formatid":"gen7ou","rating":1591,"private":0,"password":null}