{"id":"gen7nu-819343100","p1":"MrEpicWafflez","p2":"OGamer289","format":"gen7nu","log":"|j|\u2606MrEpicWafflez\n|j|\u2606OGamer289\n|player|p1|MrEpicWafflez|2\n|player|p2|OGamer289|153\n|teamsize|p1|6\n|teamsize|p2|6\n|gametype|singles\n|gen|7\n|tier|[Gen 7] NU\n|rated|\n|rule|Sleep Clause Mod: Limit one foe put to sleep\n|rule|Species Clause: Limit one of each Pok\u00e9mon\n|rule|OHKO Clause: OHKO moves are banned\n|rule|Moody Clause: Moody is banned\n|rule|Evasion Moves Clause: Evasion moves are banned\n|rule|Endless Battle Clause: Forcing endless battles is banned\n|rule|HP Percentage Mod: HP is shown in percentages\n|clearpoke\n|poke|p1|Rotom|item\n|poke|p1|Incineroar, M|item\n|poke|p1|Vileplume, F|item\n|poke|p1|Braviary, M|item\n|poke|p1|Kingler, M|item\n|poke|p1|Ferroseed, F|item\n|poke|p2|Sigilyph, M|item\n|poke|p2|Miltank, F|item\n|poke|p2|Hitmontop, M|item\n|poke|p2|Klinklang|item\n|poke|p2|Kingler, F|item\n|poke|p2|Aerodactyl, M|item\n|teampreview\n|\n|start\n|switch|p1a: Zappy|Rotom, shiny|100\/100\n|switch|p2a: Aerodactyl|Aerodactyl, M|100\/100\n|-ability|p2a: Aerodactyl|Pressure\n|turn|1\n|\n|move|p2a: Aerodactyl|Stealth Rock|p1a: Zappy\n|-sidestart|p1: MrEpicWafflez|move: Stealth Rock\n|move|p1a: Zappy|Will-O-Wisp|p2a: Aerodactyl|[miss]\n|-miss|p1a: Zappy|p2a: Aerodactyl\n|\n|upkeep\n|turn|2\n|\n|move|p2a: Aerodactyl|Stone Edge|p1a: Zappy\n|-damage|p1a: Zappy|41\/100\n|move|p1a: Zappy|Will-O-Wisp|p2a: Aerodactyl\n|-status|p2a: Aerodactyl|brn\n|\n|-heal|p1a: Zappy|48\/100|[from] item: Leftovers\n|-damage|p2a: Aerodactyl|95\/100 brn|[from] brn\n|upkeep\n|turn|3\n|\n|move|p2a: Aerodactyl|Stone Edge|p1a: Zappy\n|-damage|p1a: Zappy|17\/100\n|move|p1a: Zappy|Defog|p2a: Aerodactyl\n|-unboost|p2a: Aerodactyl|evasion|1\n|-sideend|p1: MrEpicWafflez|Stealth Rock|[from] move: Defog|[of] p1a: Zappy\n|\n|-heal|p1a: Zappy|23\/100|[from] item: Leftovers\n|-damage|p2a: Aerodactyl|89\/100 brn|[from] brn\n|upkeep\n|turn|4\n|\n|switch|p1a: Barbara|Ferroseed, F, shiny|100\/100\n|move|p2a: Aerodactyl|Stone Edge|p1a: Barbara\n|-resisted|p1a: Barbara\n|-damage|p1a: Barbara|94\/100\n|\n|-damage|p2a: Aerodactyl|83\/100 brn|[from] brn\n|upkeep\n|turn|5\n|\n|move|p2a: Aerodactyl|Fire Fang|p1a: Barbara\n|-supereffective|p1a: Barbara\n|-damage|p1a: Barbara|70\/100\n|-damage|p2a: Aerodactyl|70\/100 brn|[from] ability: Iron Barbs|[of] p1a: Barbara\n|move|p1a: Barbara|Stealth Rock|p2a: Aerodactyl\n|-sidestart|p2: OGamer289|move: Stealth Rock\n|\n|-damage|p2a: Aerodactyl|64\/100 brn|[from] brn\n|upkeep\n|turn|6\n|\n|move|p1a: Barbara|Protect|p1a: Barbara\n|-singleturn|p1a: Barbara|Protect\n|move|p2a: Aerodactyl|Stealth Rock|p1a: Barbara\n|-sidestart|p1: MrEpicWafflez|move: Stealth Rock\n|\n|-damage|p2a: Aerodactyl|58\/100 brn|[from] brn\n|upkeep\n|turn|7\n|\n|move|p2a: Aerodactyl|Fire Fang|p1a: Barbara\n|-supereffective|p1a: Barbara\n|-damage|p1a: Barbara|47\/100\n|-damage|p2a: Aerodactyl|46\/100 brn|[from] ability: Iron Barbs|[of] p1a: Barbara\n|move|p1a: Barbara|Leech Seed|p2a: Aerodactyl\n|-start|p2a: Aerodactyl|move: Leech Seed\n|\n|-damage|p2a: Aerodactyl|34\/100 brn|[from] Leech Seed|[of] p1a: Barbara\n|-heal|p1a: Barbara|59\/100|[silent]\n|-damage|p2a: Aerodactyl|28\/100 brn|[from] brn\n|upkeep\n|turn|8\n|\n|move|p1a: Barbara|Protect|p1a: Barbara\n|-singleturn|p1a: Barbara|Protect\n|move|p2a: Aerodactyl|Fire Fang|p1a: Barbara\n|-activate|p1a: Barbara|move: Protect\n|\n|-damage|p2a: Aerodactyl|15\/100 brn|[from] Leech Seed|[of] p1a: Barbara\n|-heal|p1a: Barbara|72\/100|[silent]\n|-damage|p2a: Aerodactyl|9\/100 brn|[from] brn\n|upkeep\n|turn|9\n|\n|move|p1a: Barbara|Protect|p1a: Barbara\n|-singleturn|p1a: Barbara|Protect\n|move|p2a: Aerodactyl|Fire Fang|p1a: Barbara\n|-activate|p1a: Barbara|move: Protect\n|\n|-damage|p2a: Aerodactyl|0 fnt|[from] Leech Seed|[of] p1a: Barbara\n|-heal|p1a: Barbara|81\/100|[silent]\n|upkeep\n|faint|p2a: Aerodactyl\n|\n|switch|p2a: Sigilyph|Sigilyph, M|100\/100\n|turn|10\n|\n|move|p2a: Sigilyph|Heat Wave|p1a: Barbara\n|-supereffective|p1a: Barbara\n|-damage|p1a: Barbara|0 fnt\n|faint|p1a: Barbara\n|\n|upkeep\n|\n|switch|p1a: Lion|Incineroar, M|100\/100\n|-damage|p1a: Lion|76\/100|[from] Stealth Rock\n|-ability|p1a: Lion|Intimidate|boost\n|-unboost|p2a: Sigilyph|atk|1\n|turn|11\n|\n|switch|p2a: Muh|Miltank, F|100\/100\n|-damage|p2a: Muh|88\/100|[from] Stealth Rock\n|move|p1a: Lion|Darkest Lariat|p2a: Muh\n|-damage|p2a: Muh|63\/100\n|\n|-heal|p2a: Muh|69\/100|[from] item: Leftovers\n|upkeep\n|turn|12\n|\n|move|p2a: Muh|Body Slam|p1a: Lion\n|-damage|p1a: Lion|51\/100\n|move|p1a: Lion|U-turn|p2a: Muh\n|-damage|p2a: Muh|53\/100\n|\n|switch|p1a: Zappy|Rotom, shiny|23\/100\n|-damage|p1a: Zappy|11\/100|[from] Stealth Rock\n|\n|-heal|p2a: Muh|59\/100|[from] item: Leftovers\n|-heal|p1a: Zappy|17\/100|[from] item: Leftovers\n|upkeep\n|turn|13\n|\n|switch|p2a: Sigilyph|Sigilyph, M|100\/100\n|move|p1a: Zappy|Defog|p2a: Sigilyph\n|-unboost|p2a: Sigilyph|evasion|1\n|-sideend|p2: OGamer289|Stealth Rock|[from] move: Defog|[of] p2a: Sigilyph\n|-sideend|p1: MrEpicWafflez|Stealth Rock|[from] move: Defog|[of] p1a: Zappy\n|\n|-heal|p1a: Zappy|23\/100|[from] item: Leftovers\n|upkeep\n|turn|14\n|\n|move|p2a: Sigilyph|Ice Beam|p1a: Zappy\n|-damage|p1a: Zappy|0 fnt\n|faint|p1a: Zappy\n|\n|upkeep\n|\n|switch|p1a: Lion|Incineroar, M|51\/100\n|-ability|p1a: Lion|Intimidate|boost\n|-unboost|p2a: Sigilyph|atk|1\n|turn|15\n|\n|switch|p2a: Muh|Miltank, F|59\/100\n|move|p1a: Lion|U-turn|p2a: Muh\n|-damage|p2a: Muh|45\/100\n|\n|switch|p1a: Mr. Krabs|Kingler, M|100\/100\n|\n|-heal|p2a: Muh|51\/100|[from] item: Leftovers\n|upkeep\n|turn|16\n|\n|move|p1a: Mr. Krabs|Crabhammer|p2a: Muh\n|-damage|p2a: Muh|2\/100\n|move|p2a: Muh|Stealth Rock|p1a: Mr. Krabs\n|-sidestart|p1: MrEpicWafflez|move: Stealth Rock\n|\n|-heal|p2a: Muh|8\/100|[from] item: Leftovers\n|upkeep\n|turn|17\n|\n|move|p1a: Mr. Krabs|Crabhammer|p2a: Muh\n|-crit|p2a: Muh\n|-damage|p2a: Muh|0 fnt\n|faint|p2a: Muh\n|\n|upkeep\n|\n|switch|p2a: Sigilyph|Sigilyph, M|100\/100\n|turn|18\n|\n|switch|p1a: Lion|Incineroar, M|51\/100\n|-damage|p1a: Lion|26\/100|[from] Stealth Rock\n|-ability|p1a: Lion|Intimidate|boost\n|-unboost|p2a: Sigilyph|atk|1\n|move|p2a: Sigilyph|Energy Ball|p1a: Lion\n|-resisted|p1a: Lion\n|-damage|p1a: Lion|15\/100\n|\n|upkeep\n|turn|19\n|\n|move|p2a: Sigilyph|Air Slash|p1a: Lion|[miss]\n|-miss|p2a: Sigilyph|p1a: Lion\n|move|p1a: Lion|Darkest Lariat|p2a: Sigilyph\n|-supereffective|p2a: Sigilyph\n|-damage|p2a: Sigilyph|0 fnt\n|faint|p2a: Sigilyph\n|\n|upkeep\n|\n|switch|p2a: Kingler|Kingler, F|100\/100\n|turn|20\n|inactive|Battle timer is ON: inactive players will automatically lose when time's up. (requested by OGamer289)\n|\n|move|p2a: Kingler|Knock Off|p1a: Lion\n|-resisted|p1a: Lion\n|-damage|p1a: Lion|0 fnt\n|-enditem|p1a: Lion|Assault Vest|[from] move: Knock Off|[of] p2a: Kingler\n|-damage|p2a: Kingler|91\/100|[from] item: Life Orb\n|faint|p1a: Lion\n|\n|upkeep\n|\n|switch|p1a: Vileplume|Vileplume, F, shiny|100\/100\n|-damage|p1a: Vileplume|88\/100|[from] Stealth Rock\n|turn|21\n|\n|switch|p2a: Klinklang|Klinklang|100\/100\n|move|p1a: Vileplume|Sleep Powder|p2a: Klinklang\n|-status|p2a: Klinklang|slp\n|\n|-heal|p1a: Vileplume|94\/100|[from] item: Black Sludge\n|upkeep\n|turn|22\n|\n|switch|p1a: 'Murica|Braviary, M, shiny|100\/100\n|-damage|p1a: 'Murica|76\/100|[from] Stealth Rock\n|cant|p2a: Klinklang|slp\n|\n|upkeep\n|turn|23\n|\n|switch|p2a: Hitmontop|Hitmontop, M|100\/100\n|-ability|p2a: Hitmontop|Intimidate|boost\n|-unboost|p1a: 'Murica|atk|1\n|-ability|p1a: 'Murica|Defiant|boost\n|-boost|p1a: 'Murica|atk|2\n|move|p1a: 'Murica|Bulk Up|p1a: 'Murica\n|-boost|p1a: 'Murica|atk|1\n|-boost|p1a: 'Murica|def|1\n|\n|upkeep\n|turn|24\n|\n|-zpower|p1a: 'Murica\n|move|p1a: 'Murica|Supersonic Skystrike|p2a: Hitmontop|[zeffect]\n|-supereffective|p2a: Hitmontop\n|-damage|p2a: Hitmontop|0 fnt\n|faint|p2a: Hitmontop\n|\n|upkeep\n|\n|switch|p2a: Klinklang|Klinklang|100\/100 slp\n|turn|25\n|\n|cant|p2a: Klinklang|slp\n|move|p1a: 'Murica|Superpower|p2a: Klinklang\n|-supereffective|p2a: Klinklang\n|-damage|p2a: Klinklang|0 fnt\n|-unboost|p1a: 'Murica|atk|1\n|-unboost|p1a: 'Murica|def|1\n|faint|p2a: Klinklang\n|\n|upkeep\n|\n|switch|p2a: Kingler|Kingler, F|91\/100\n|turn|26\n|\n|move|p2a: Kingler|Liquidation|p1a: 'Murica\n|-damage|p1a: 'Murica|0 fnt\n|faint|p1a: 'Murica\n|\n|upkeep\n|\n|switch|p1a: Vileplume|Vileplume, F, shiny|94\/100\n|-damage|p1a: Vileplume|82\/100|[from] Stealth Rock\n|turn|27\n|\n|move|p2a: Kingler|Knock Off|p1a: Vileplume\n|-damage|p1a: Vileplume|32\/100\n|-enditem|p1a: Vileplume|Black Sludge|[from] move: Knock Off|[of] p2a: Kingler\n|-damage|p2a: Kingler|81\/100|[from] item: Life Orb\n|move|p1a: Vileplume|Sleep Powder|p2a: Kingler\n|-status|p2a: Kingler|slp\n|\n|upkeep\n|turn|28\n|\n|cant|p2a: Kingler|slp\n|move|p1a: Vileplume|Strength Sap|p2a: Kingler\n|-unboost|p2a: Kingler|atk|1\n|-heal|p1a: Vileplume|100\/100\n|\n|upkeep\n|turn|29\n|-message|OGamer289 forfeited.\n|\n|win|MrEpicWafflez\n|l|\u2606OGamer289\n","uploadtime":1539371643,"views":4,"p1id":"mrepicwafflez","p2id":"ogamer289","formatid":"gen7nu","rating":0,"private":0,"password":null}