{"id":"gen7ou-1669503770","p1":"Capital Cruiser","p2":"Goatified SG","format":"gen7ou","log":"|j|\u203dCapital Cruiser\n|j|\u2606Goatified SG\n|t:|1663735730\n|gametype|singles\n|player|p1|Capital Cruiser|cheren-gen5bw2|1355\n|player|p2|Goatified SG|hilda|1278\n|teamsize|p1|6\n|teamsize|p2|6\n|gen|7\n|tier|[Gen 7] OU\n|rated|\n|rule|Sleep Clause Mod: Limit one foe put to sleep\n|rule|Species Clause: Limit one of each Pok\u00e9mon\n|rule|OHKO Clause: OHKO moves are banned\n|rule|Moody Clause: Moody is banned\n|rule|Evasion Items Clause: Evasion items are banned\n|rule|Evasion Moves Clause: Evasion moves are banned\n|rule|Endless Battle Clause: Forcing endless battles is banned\n|rule|HP Percentage Mod: HP is shown in percentages\n|clearpoke\n|poke|p1|Mawile, F|item\n|poke|p1|Hoopa-Unbound|item\n|poke|p1|Garchomp, M|item\n|poke|p1|Skarmory, M|item\n|poke|p1|Heatran, F|item\n|poke|p1|Tapu Fini|item\n|poke|p2|Pinsir, M|item\n|poke|p2|Tapu Fini|item\n|poke|p2|Heatran, F|item\n|poke|p2|Greninja, M|item\n|poke|p2|Landorus-Therian, M|item\n|poke|p2|Ferrothorn, M|item\n|teampreview\n|inactive|Battle timer is ON: inactive players will automatically lose when time's up. (requested by Capital Cruiser)\n|\n|t:|1663735757\n|start\n|switch|p1a: Tapu Fini|Tapu Fini, shiny|100\/100\n|switch|p2a: Landorus|Landorus-Therian, M|100\/100\n|-ability|p2a: Landorus|Intimidate|boost\n|-unboost|p1a: Tapu Fini|atk|1\n|-fieldstart|move: Misty Terrain|[from] ability: Misty Surge|[of] p1a: Tapu Fini\n|turn|1\n|\n|t:|1663735778\n|move|p2a: Landorus|U-turn|p1a: Tapu Fini\n|-resisted|p1a: Tapu Fini\n|-damage|p1a: Tapu Fini|88\/100\n|\n|t:|1663735780\n|switch|p2a: Ferrothorn|Ferrothorn, M|100\/100|[from]move: U-turn\n|move|p1a: Tapu Fini|Surf|p2a: Ferrothorn\n|-resisted|p2a: Ferrothorn\n|-damage|p2a: Ferrothorn|87\/100\n|-heal|p1a: Tapu Fini|90\/100|[from] item: Shell Bell|[of] p2a: Ferrothorn\n|\n|-heal|p2a: Ferrothorn|93\/100|[from] item: Leftovers\n|upkeep\n|turn|2\n|\n|t:|1663735788\n|switch|p1a: Heatran|Heatran, F, shiny|100\/100\n|move|p2a: Ferrothorn|Stealth Rock|p1a: Heatran\n|-sidestart|p1: Capital Cruiser|move: Stealth Rock\n|\n|-heal|p2a: Ferrothorn|99\/100|[from] item: Leftovers\n|upkeep\n|turn|3\n|\n|t:|1663735792\n|switch|p2a: Landorus|Landorus-Therian, M|100\/100\n|-ability|p2a: Landorus|Intimidate|boost\n|-unboost|p1a: Heatran|atk|1\n|move|p1a: Heatran|Stealth Rock|p2a: Landorus\n|-sidestart|p2: Goatified SG|move: Stealth Rock\n|\n|upkeep\n|turn|4\n|\n|t:|1663735803\n|switch|p1a: Skarmory|Skarmory, M, shiny|100\/100\n|-damage|p1a: Skarmory|88\/100|[from] Stealth Rock\n|move|p2a: Landorus|U-turn|p1a: Skarmory\n|-resisted|p1a: Skarmory\n|-damage|p1a: Skarmory|85\/100\n|-damage|p2a: Landorus|84\/100|[from] item: Rocky Helmet|[of] p1a: Skarmory\n|\n|t:|1663735817\n|switch|p2a: Heatran|Heatran, F|100\/100|[from]move: U-turn\n|-damage|p2a: Heatran|88\/100|[from] Stealth Rock\n|\n|upkeep\n|turn|5\n|\n|t:|1663735834\n|switch|p1a: Tapu Fini|Tapu Fini, shiny|90\/100\n|-damage|p1a: Tapu Fini|78\/100|[from] Stealth Rock\n|move|p2a: Heatran|Lava Plume|p1a: Tapu Fini\n|-resisted|p1a: Tapu Fini\n|-damage|p1a: Tapu Fini|56\/100\n|\n|-fieldend|Misty Terrain\n|upkeep\n|turn|6\n|\n|t:|1663735842\n|switch|p2a: Ferrothorn|Ferrothorn, M|99\/100\n|-damage|p2a: Ferrothorn|93\/100|[from] Stealth Rock\n|move|p1a: Tapu Fini|Surf|p2a: Ferrothorn\n|-resisted|p2a: Ferrothorn\n|-damage|p2a: Ferrothorn|80\/100\n|-heal|p1a: Tapu Fini|58\/100|[from] item: Shell Bell|[of] p2a: Ferrothorn\n|\n|-heal|p2a: Ferrothorn|86\/100|[from] item: Leftovers\n|upkeep\n|turn|7\n|-message|Capital Cruiser forfeited.\n|\n|win|Goatified SG\n|raw|Capital Cruiser's rating: 1328 &rarr; <strong>1305<\/strong><br \/>(-23 for losing)\n|raw|Goatified SG's rating: 1278 &rarr; <strong>1307<\/strong><br \/>(+29 for winning)\n|l|\u203dCapital Cruiser\n","uploadtime":1663735854,"views":5,"p1id":"capitalcruiser","p2id":"goatifiedsg","formatid":"gen7ou","rating":1305,"private":0,"password":null}