{"id":"gen7ru-855421600","p1":"BugCatcherWeevil","p2":"batatasplay","format":"gen7ru","log":"|j|\u2606BugCatcherWeevil\n|j|\u2606batatasplay\n|player|p1|BugCatcherWeevil|102\n|player|p2|batatasplay|23\n|teamsize|p1|6\n|teamsize|p2|6\n|gametype|singles\n|gen|7\n|tier|[Gen 7] RU\n|rated|\n|html|<div class=\"broadcast-blue\"><strong>RU is currently suspecting Stakataka! For information on how to participate check out the <a href=\"https:\/\/www.smogon.com\/forums\/threads\/3646393\/\">suspect thread<\/a>.<\/strong><\/div>\n|rule|Sleep Clause Mod: Limit one foe put to sleep\n|rule|Species Clause: Limit one of each Pok\u00e9mon\n|rule|OHKO Clause: OHKO moves are banned\n|rule|Moody Clause: Moody is banned\n|rule|Evasion Moves Clause: Evasion moves are banned\n|rule|Endless Battle Clause: Forcing endless battles is banned\n|rule|HP Percentage Mod: HP is shown in percentages\n|clearpoke\n|poke|p1|Stakataka|item\n|poke|p1|Cresselia, F|item\n|poke|p1|Tsareena, F|item\n|poke|p1|Camerupt, M|item\n|poke|p1|Bewear, F|item\n|poke|p1|Diancie|item\n|poke|p2|Blastoise, F|item\n|poke|p2|Roserade, M|item\n|poke|p2|Gardevoir, F|item\n|poke|p2|Zygarde-10%|item\n|poke|p2|Registeel|item\n|poke|p2|Honchkrow, M|item\n|teampreview\n|c|\u2606batatasplay|Gl\n|c|\u2606BugCatcherWeevil|u2\n|\n|start\n|switch|p1a: Bewear|Bewear, F|100\/100\n|switch|p2a: Bork power!|Zygarde-10%|100\/100\n|-ability|p2a: Bork power!|Aura Break\n|turn|1\n|\n|switch|p2a: Gardevoir|Gardevoir, F|100\/100\n|-ability|p2a: Gardevoir|Fluffy|[from] ability: Trace|[of] p1a: Bewear\n|move|p1a: Bewear|Swords Dance|p1a: Bewear\n|-boost|p1a: Bewear|atk|2\n|\n|upkeep\n|turn|2\n|\n|switch|p1a: Diancie|Diancie|100\/100\n|move|p2a: Gardevoir|Moonblast|p1a: Diancie\n|-damage|p1a: Diancie|71\/100\n|\n|upkeep\n|turn|3\n|\n|switch|p2a: Tortuguita|Blastoise, F|100\/100\n|move|p1a: Diancie|Stealth Rock|p2a: Tortuguita\n|-sidestart|p2: batatasplay|move: Stealth Rock\n|\n|upkeep\n|turn|4\n|\n|detailschange|p2a: Tortuguita|Blastoise-Mega, F\n|-mega|p2a: Tortuguita|Blastoise|Blastoisinite\n|move|p2a: Tortuguita|Rapid Spin|p1a: Diancie\n|-resisted|p1a: Diancie\n|-damage|p1a: Diancie|70\/100\n|-sideend|p2: batatasplay|Stealth Rock|[from] move: Rapid Spin|[of] p2a: Tortuguita\n|move|p1a: Diancie|Trick Room|p1a: Diancie\n|-fieldstart|move: Trick Room|[of] p1a: Diancie\n|\n|upkeep\n|turn|5\n|\n|move|p1a: Diancie|Stealth Rock|p2a: Tortuguita\n|-sidestart|p2: batatasplay|move: Stealth Rock\n|move|p2a: Tortuguita|Aura Sphere|p1a: Diancie\n|-damage|p1a: Diancie|42\/100\n|\n|upkeep\n|turn|6\n|\n|move|p1a: Diancie|Explosion|p2a: Tortuguita\n|-damage|p2a: Tortuguita|49\/100\n|faint|p1a: Diancie\n|move|p2a: Tortuguita|Rapid Spin|p1: Diancie|[notarget]\n|-fail|p2a: Tortuguita\n|\n|upkeep\n|\n|switch|p1a: Camerupt|Camerupt, M|100\/100\n|turn|7\n|\n|switch|p2a: Best Regi thanks|Registeel|100\/100\n|-damage|p2a: Best Regi thanks|94\/100|[from] Stealth Rock\n|detailschange|p1a: Camerupt|Camerupt-Mega, M\n|-mega|p1a: Camerupt|Camerupt|Cameruptite\n|move|p1a: Camerupt|Earth Power|p2a: Best Regi thanks\n|-supereffective|p2a: Best Regi thanks\n|-damage|p2a: Best Regi thanks|25\/100\n|\n|-heal|p2a: Best Regi thanks|31\/100|[from] item: Leftovers\n|upkeep\n|turn|8\n|\n|move|p2a: Best Regi thanks|Protect|p2a: Best Regi thanks\n|-singleturn|p2a: Best Regi thanks|Protect\n|move|p1a: Camerupt|Earth Power|p2a: Best Regi thanks\n|-activate|p2a: Best Regi thanks|move: Protect\n|\n|-heal|p2a: Best Regi thanks|37\/100|[from] item: Leftovers\n|-fieldend|move: Trick Room\n|upkeep\n|turn|9\n|\n|move|p2a: Best Regi thanks|Stealth Rock|p1a: Camerupt\n|-sidestart|p1: BugCatcherWeevil|move: Stealth Rock\n|move|p1a: Camerupt|Earth Power|p2a: Best Regi thanks\n|-supereffective|p2a: Best Regi thanks\n|-damage|p2a: Best Regi thanks|0 fnt\n|faint|p2a: Best Regi thanks\n|\n|upkeep\n|\n|switch|p2a: Tortuguita|Blastoise-Mega, F|49\/100\n|-damage|p2a: Tortuguita|37\/100|[from] Stealth Rock\n|turn|10\n|\n|switch|p1a: Tsareena|Tsareena, F|100\/100\n|-damage|p1a: Tsareena|88\/100|[from] Stealth Rock\n|move|p2a: Tortuguita|Rapid Spin|p1a: Tsareena\n|-damage|p1a: Tsareena|84\/100\n|-sideend|p2: batatasplay|Stealth Rock|[from] move: Rapid Spin|[of] p2a: Tortuguita\n|\n|upkeep\n|turn|11\n|\n|move|p2a: Tortuguita|Ice Beam|p1a: Tsareena\n|-supereffective|p1a: Tsareena\n|-damage|p1a: Tsareena|36\/100\n|move|p1a: Tsareena|Rapid Spin|p2a: Tortuguita\n|-damage|p2a: Tortuguita|30\/100\n|-sideend|p1: BugCatcherWeevil|Stealth Rock|[from] move: Rapid Spin|[of] p1a: Tsareena\n|\n|upkeep\n|turn|12\n|\n|move|p2a: Tortuguita|Ice Beam|p1a: Tsareena\n|-supereffective|p1a: Tsareena\n|-damage|p1a: Tsareena|0 fnt\n|faint|p1a: Tsareena\n|\n|upkeep\n|\n|switch|p1a: Cresselia|Cresselia, F|100\/100\n|turn|13\n|\n|move|p2a: Tortuguita|Dark Pulse|p1a: Cresselia\n|-supereffective|p1a: Cresselia\n|-damage|p1a: Cresselia|41\/100\n|move|p1a: Cresselia|Trick Room|p1a: Cresselia\n|-fieldstart|move: Trick Room|[of] p1a: Cresselia\n|\n|-heal|p1a: Cresselia|47\/100|[from] item: Leftovers\n|upkeep\n|turn|14\n|\n|move|p1a: Cresselia|Toxic|p2a: Tortuguita\n|-status|p2a: Tortuguita|tox\n|move|p2a: Tortuguita|Dark Pulse|p1a: Cresselia\n|-supereffective|p1a: Cresselia\n|-damage|p1a: Cresselia|0 fnt\n|faint|p1a: Cresselia\n|\n|-damage|p2a: Tortuguita|24\/100 tox|[from] psn\n|upkeep\n|\n|switch|p1a: Camerupt|Camerupt-Mega, M|100\/100\n|turn|15\n|\n|switch|p2a: Venenosa eu?|Roserade, M|100\/100\n|move|p1a: Camerupt|Eruption|p2a: Venenosa eu?\n|-supereffective|p2a: Venenosa eu?\n|-damage|p2a: Venenosa eu?|0 fnt\n|faint|p2a: Venenosa eu?\n|\n|upkeep\n|\n|switch|p2a: Ima a bird AAAAAA|Honchkrow, M|100\/100\n|turn|16\n|\n|move|p2a: Ima a bird AAAAAA|Sucker Punch|p1a: Camerupt\n|-damage|p1a: Camerupt|49\/100\n|-damage|p2a: Ima a bird AAAAAA|91\/100|[from] item: Life Orb\n|move|p1a: Camerupt|Fire Blast|p2a: Ima a bird AAAAAA\n|-damage|p2a: Ima a bird AAAAAA|0 fnt\n|faint|p2a: Ima a bird AAAAAA\n|\n|upkeep\n|\n|switch|p2a: Bork power!|Zygarde-10%|100\/100\n|-ability|p2a: Bork power!|Aura Break\n|turn|17\n|\n|move|p2a: Bork power!|Extreme Speed|p1a: Camerupt\n|-damage|p1a: Camerupt|15\/100\n|move|p1a: Camerupt|Earth Power|p2a: Bork power!\n|-damage|p2a: Bork power!|0 fnt\n|faint|p2a: Bork power!\n|\n|-fieldend|move: Trick Room\n|upkeep\n|\n|switch|p2a: Gardevoir|Gardevoir, F|100\/100\n|-ability|p2a: Gardevoir|Sheer Force|[from] ability: Trace|[of] p1a: Camerupt\n|turn|18\n|\n|move|p2a: Gardevoir|Psyshock|p1a: Camerupt\n|-damage|p1a: Camerupt|0 fnt\n|faint|p1a: Camerupt\n|\n|upkeep\n|\n|switch|p1a: Stakataka|Stakataka|100\/100\n|turn|19\n|\n|-zpower|p2a: Gardevoir\n|move|p2a: Gardevoir|All-Out Pummeling|p1a: Stakataka|[zeffect]\n|-supereffective|p1a: Stakataka\n|-damage|p1a: Stakataka|0 fnt\n|faint|p1a: Stakataka\n|\n|upkeep\n|-message|BugCatcherWeevil forfeited.\n|\n|win|batatasplay\n|l|\u2606BugCatcherWeevil\n|raw|BugCatcherWeevil's rating: 1365 &rarr; <strong>1341<\/strong><br \/>(-24 for losing)\n|raw|batatasplay's rating: 1300 &rarr; <strong>1329<\/strong><br \/>(+29 for winning)\n","uploadtime":1548773201,"views":3,"p1id":"bugcatcherweevil","p2id":"batatasplay","formatid":"gen7ru","rating":1329,"private":0,"password":null}