{"id":"gen7ou-1583527799","p1":"The Jokemen","p2":"Oryen","format":"gen7ou","log":"|j|\u2606The Jokemen\n|j|\u2606Oryen\n|inactive|Battle timer is ON: inactive players will automatically lose when time's up.\n|t:|1653602028\n|gametype|singles\n|player|p1|The Jokemen|evelyn|\n|player|p2|Oryen|bruno-gen1|\n|teamsize|p1|6\n|teamsize|p2|6\n|gen|7\n|tier|[Gen 7] OU\n|rated|Tournament battle\n|rule|Sleep Clause Mod: Limit one foe put to sleep\n|rule|Species Clause: Limit one of each Pok\u00e9mon\n|rule|OHKO Clause: OHKO moves are banned\n|rule|Moody Clause: Moody is banned\n|rule|Evasion Moves Clause: Evasion moves are banned\n|rule|Endless Battle Clause: Forcing endless battles is banned\n|rule|HP Percentage Mod: HP is shown in percentages\n|clearpoke\n|poke|p1|Charizard, F|item\n|poke|p1|Tapu Fini|item\n|poke|p1|Kartana|item\n|poke|p1|Heatran, F|item\n|poke|p1|Landorus-Therian, M|item\n|poke|p1|Weavile, F|item\n|poke|p2|Charizard, F|item\n|poke|p2|Tyranitar, F|item\n|poke|p2|Tapu Fini|item\n|poke|p2|Landorus-Therian, M|item\n|poke|p2|Magearna|item\n|poke|p2|Victini|item\n|teampreview\n|j|*Lady Monita \u273f\n|j| RIcpo\n|j| merdality\n|j| funky8787\n|j| TheKriticalKid\n|c|\u2606Oryen|hf\n|j| joey milktank\n|c|\u2606The Jokemen|u2\n|l| funky8787\n|\n|t:|1653602054\n|start\n|switch|p1a: Landorus|Landorus-Therian, M, shiny|100\/100\n|switch|p2a: Charizard|Charizard, F|100\/100\n|-ability|p1a: Landorus|Intimidate|boost\n|-unboost|p2a: Charizard|atk|1\n|turn|1\n|j| UU12A Pika Sup\n|l| UU12A Pika Sup\n|\n|t:|1653602062\n|detailschange|p2a: Charizard|Charizard-Mega-Y, F\n|-mega|p2a: Charizard|Charizard|Charizardite Y\n|-weather|SunnyDay|[from] ability: Drought|[of] p2a: Charizard\n|move|p1a: Landorus|U-turn|p2a: Charizard\n|-resisted|p2a: Charizard\n|-damage|p2a: Charizard|91\/100\n|j| Real Jim Lahey\n|\n|t:|1653602070\n|switch|p1a: Heatran|Heatran, F, shiny|100\/100|[from]move: U-turn\n|move|p2a: Charizard|Flamethrower|p1a: Heatran\n|-start|p1a: Heatran|ability: Flash Fire\n|\n|-weather|SunnyDay|[upkeep]\n|upkeep\n|turn|2\n|\n|t:|1653602076\n|move|p2a: Charizard|Focus Blast|p1a: Heatran|[miss]\n|-miss|p2a: Charizard|p1a: Heatran\n|move|p1a: Heatran|Magma Storm|p2a: Charizard\n|-resisted|p2a: Charizard\n|-damage|p2a: Charizard|40\/100\n|-activate|p2a: Charizard|move: Magma Storm|[of] p1a: Heatran\n|\n|-weather|SunnyDay|[upkeep]\n|-damage|p2a: Charizard|27\/100|[from] move: Magma Storm|[partiallytrapped]\n|upkeep\n|turn|3\n|j| sertuy\n|\n|t:|1653602081\n|move|p2a: Charizard|Roost|p2a: Charizard\n|-heal|p2a: Charizard|77\/100\n|-singleturn|p2a: Charizard|move: Roost\n|move|p1a: Heatran|Earth Power|p2a: Charizard\n|-supereffective|p2a: Charizard\n|-damage|p2a: Charizard|24\/100\n|\n|-weather|SunnyDay|[upkeep]\n|-damage|p2a: Charizard|12\/100|[from] move: Magma Storm|[partiallytrapped]\n|upkeep\n|turn|4\n|j| NoTollsNoRolls\n|\n|t:|1653602085\n|move|p2a: Charizard|Focus Blast|p1a: Heatran|[miss]\n|-miss|p2a: Charizard|p1a: Heatran\n|move|p1a: Heatran|Stealth Rock|p2a: Charizard\n|-sidestart|p2: Oryen|move: Stealth Rock\n|\n|-weather|SunnyDay|[upkeep]\n|-damage|p2a: Charizard|0 fnt|[from] move: Magma Storm|[partiallytrapped]\n|faint|p2a: Charizard\n|upkeep\n|l| sertuy\n|c|\u2606Oryen|ah\n|c|\u2606The Jokemen|mb\n|c|\u2606Oryen|i mean, it's focus blast, we all knew it would happen\n|c|\u2606The Jokemen|ye\n|c|\u2606The Jokemen|mb nonetheless\n|c|\u2606Oryen|think i probably lose now tho\n|\n|t:|1653602115\n|switch|p2a: Tyranitar|Tyranitar, F|100\/100\n|-damage|p2a: Tyranitar|88\/100|[from] Stealth Rock\n|-weather|Sandstorm|[from] ability: Sand Stream|[of] p2a: Tyranitar\n|turn|5\n|l| Real Jim Lahey\n|c|\u2606The Jokemen|na i dont play gen 7\n|\n|t:|1653602132\n|move|p2a: Tyranitar|Stone Edge|p1a: Heatran\n|-damage|p1a: Heatran|29\/100\n|move|p1a: Heatran|Taunt|p2a: Tyranitar\n|-start|p2a: Tyranitar|move: Taunt\n|\n|-weather|Sandstorm|[upkeep]\n|-heal|p1a: Heatran|35\/100|[from] item: Leftovers\n|upkeep\n|turn|6\n|\n|t:|1653602139\n|-end|p1a: Heatran|ability: Flash Fire|[silent]\n|switch|p1a: Landorus|Landorus-Therian, M, shiny|100\/100\n|-ability|p1a: Landorus|Intimidate|boost\n|-unboost|p2a: Tyranitar|atk|1\n|move|p2a: Tyranitar|Stone Edge|p1a: Landorus\n|-crit|p1a: Landorus\n|-damage|p1a: Landorus|0 fnt\n|faint|p1a: Landorus\n|\n|-weather|Sandstorm|[upkeep]\n|upkeep\n|c|\u2606Oryen|that helps\n|c|\u2606The Jokemen|a lot\n|\n|t:|1653602153\n|switch|p1a: Kartana|Kartana, shiny|100\/100\n|turn|7\n|\n|t:|1653602162\n|switch|p2a: Magearna|Magearna|100\/100\n|-damage|p2a: Magearna|94\/100|[from] Stealth Rock\n|move|p1a: Kartana|Leaf Blade|p2a: Magearna\n|-resisted|p2a: Magearna\n|-damage|p2a: Magearna|67\/100\n|\n|-weather|Sandstorm|[upkeep]\n|upkeep\n|turn|8\n|\n|t:|1653602174\n|switch|p1a: Heatran|Heatran, F, shiny|35\/100\n|move|p2a: Magearna|Volt Switch|p1a: Heatran\n|-damage|p1a: Heatran|22\/100\n|\n|t:|1653602181\n|switch|p2a: Tapu Fini|Tapu Fini|100\/100|[from]move: Volt Switch\n|-damage|p2a: Tapu Fini|88\/100|[from] Stealth Rock\n|-fieldstart|move: Misty Terrain|[from] ability: Misty Surge|[of] p2a: Tapu Fini\n|\n|-weather|Sandstorm|[upkeep]\n|-damage|p2a: Tapu Fini|82\/100|[from] Sandstorm\n|-heal|p2a: Tapu Fini|88\/100|[from] item: Leftovers\n|-heal|p1a: Heatran|28\/100|[from] item: Leftovers\n|upkeep\n|turn|9\n|\n|t:|1653602208\n|switch|p1a: Charizard|Charizard, F, shiny|100\/100\n|move|p2a: Tapu Fini|Defog|p1a: Charizard\n|-unboost|p1a: Charizard|evasion|1\n|-sideend|p2: Oryen|Stealth Rock|[from] move: Defog|[of] p2a: Tapu Fini\n|\n|-weather|none\n|-heal|p2a: Tapu Fini|94\/100|[from] item: Leftovers\n|upkeep\n|turn|10\n|l| merdality\n|\n|t:|1653602217\n|switch|p2a: Victini|Victini|100\/100\n|detailschange|p1a: Charizard|Charizard-Mega-Y, F, shiny\n|-mega|p1a: Charizard|Charizard|Charizardite Y\n|-weather|SunnyDay|[from] ability: Drought|[of] p1a: Charizard\n|move|p1a: Charizard|Focus Blast|p2a: Victini\n|-resisted|p2a: Victini\n|-damage|p2a: Victini|76\/100\n|\n|-weather|SunnyDay|[upkeep]\n|upkeep\n|turn|11\n|\n|t:|1653602231\n|switch|p1a: Heatran|Heatran, F, shiny|28\/100\n|move|p2a: Victini|Bolt Strike|p1a: Heatran\n|-damage|p1a: Heatran|0 fnt\n|faint|p1a: Heatran\n|\n|-weather|SunnyDay|[upkeep]\n|upkeep\n|\n|t:|1653602237\n|switch|p1a: Kartana|Kartana, shiny|100\/100\n|turn|12\n|\n|t:|1653602243\n|switch|p2a: Tapu Fini|Tapu Fini|94\/100\n|move|p1a: Kartana|Knock Off|p2a: Tapu Fini\n|-resisted|p2a: Tapu Fini\n|-damage|p2a: Tapu Fini|76\/100\n|-enditem|p2a: Tapu Fini|Leftovers|[from] move: Knock Off|[of] p1a: Kartana\n|\n|-weather|SunnyDay|[upkeep]\n|-fieldend|Misty Terrain\n|upkeep\n|turn|13\n|\n|t:|1653602250\n|move|p1a: Kartana|Leaf Blade|p2a: Tapu Fini\n|-supereffective|p2a: Tapu Fini\n|-damage|p2a: Tapu Fini|0 fnt\n|faint|p2a: Tapu Fini\n|-ability|p1a: Kartana|Beast Boost|boost\n|-boost|p1a: Kartana|atk|1\n|\n|-weather|SunnyDay|[upkeep]\n|upkeep\n|c|\u2606Oryen|f\n|j| capi07\n|\n|t:|1653602260\n|switch|p2a: Victini|Victini|76\/100\n|turn|14\n|\n|t:|1653602286\n|move|p2a: Victini|V-create|p1a: Kartana\n|-supereffective|p1a: Kartana\n|-damage|p1a: Kartana|0 fnt\n|-unboost|p2a: Victini|spe|1\n|-unboost|p2a: Victini|def|1\n|-unboost|p2a: Victini|spd|1\n|faint|p1a: Kartana\n|\n|-weather|none\n|upkeep\n|\n|t:|1653602289\n|switch|p1a: Weavile|Weavile, F, shiny|100\/100\n|-ability|p1a: Weavile|Pressure\n|turn|15\n|l|\u2606The Jokemen\n|inactive|The Jokemen disconnected and has a minute to reconnect!\n|player|p1|\n|c|\u2606Oryen|oh nooo\n|c|\u2606Oryen|come back\n|inactive|The Jokemen has 30 seconds to reconnect!\n|c| TheKriticalKid|rip\n|inactive|The Jokemen has 20 seconds to reconnect!\n|inactive|The Jokemen has 15 seconds to reconnect!\n|inactive|The Jokemen has 10 seconds to reconnect!\n|inactive|The Jokemen has 5 seconds to reconnect!\n|-message|The Jokemen lost due to inactivity.\n|\n|win|Oryen\n|n|\u2606Oryen|oryen\n|n|*Lady Monita \u273f|ladymonita\n|n| RIcpo|ricpo\n|n| TheKriticalKid|thekriticalkid\n|n| joey milktank|joeymilktank\n|n| NoTollsNoRolls|notollsnorolls\n|n| capi07|capi07\n","uploadtime":1653602360,"views":5,"p1id":"thejokemen","p2id":"oryen","formatid":"gen7ou","rating":0,"private":0,"password":null}