{"id":"gen7ou-955876572","p1":"LT63RB Aqua","p2":"orangesss","format":"gen7ou","log":"|j|\u2606LT63RB Aqua\n|j|\u2606orangesss\n|player|p1|LT63RB Aqua|43|1899\n|player|p2|orangesss|209|1810\n|teamsize|p1|6\n|teamsize|p2|6\n|gametype|singles\n|gen|7\n|tier|[Gen 7] OU\n|rated|\n|rule|Sleep Clause Mod: Limit one foe put to sleep\n|rule|Species Clause: Limit one of each Pok\u00e9mon\n|rule|OHKO Clause: OHKO moves are banned\n|rule|Moody Clause: Moody is banned\n|rule|Evasion Moves Clause: Evasion moves are banned\n|rule|Endless Battle Clause: Forcing endless battles is banned\n|rule|HP Percentage Mod: HP is shown in percentages\n|clearpoke\n|poke|p1|Mawile, F|item\n|poke|p1|Kyurem|item\n|poke|p1|Landorus-Therian, M|item\n|poke|p1|Tapu Fini|item\n|poke|p1|Heatran, M|item\n|poke|p1|Kartana|item\n|poke|p2|Hawlucha, M|item\n|poke|p2|Ferrothorn, M|item\n|poke|p2|Pelipper, F|item\n|poke|p2|Tapu Koko|item\n|poke|p2|Swampert, M|item\n|poke|p2|Kartana|item\n|teampreview\n|inactive|Battle timer is ON: inactive players will automatically lose when time's up. (requested by orangesss)\n|j| hockey1\n|\n|start\n|switch|p1a: Kyurem|Kyurem|100\/100\n|switch|p2a: Birdman|Tapu Koko|100\/100\n|-fieldstart|move: Electric Terrain|[from] ability: Electric Surge|[of] p2a: Birdman\n|-ability|p1a: Kyurem|Pressure\n|turn|1\n|\n|switch|p1a: Heatran|Heatran, M|100\/100\n|-zpower|p2a: Birdman\n|move|p2a: Birdman|Twinkle Tackle|p1a: Heatran|[zeffect]\n|-resisted|p1a: Heatran\n|-damage|p1a: Heatran|91\/100\n|\n|-heal|p1a: Heatran|97\/100|[from] item: Leftovers\n|upkeep\n|turn|2\n|\n|move|p2a: Birdman|Volt Switch|p1a: Heatran\n|-damage|p1a: Heatran|68\/100\n|\n|switch|p2a: Nappy love|Pelipper, F|100\/100|[from]move: Volt Switch\n|-weather|RainDance|[from] ability: Drizzle|[of] p2a: Nappy love\n|move|p1a: Heatran|Stealth Rock|p2a: Nappy love\n|-sidestart|p2: orangesss|move: Stealth Rock\n|\n|-weather|RainDance|[upkeep]\n|-heal|p1a: Heatran|74\/100|[from] item: Leftovers\n|upkeep\n|turn|3\n|\n|move|p1a: Heatran|Taunt|p2a: Nappy love\n|-start|p2a: Nappy love|move: Taunt\n|move|p2a: Nappy love|U-turn|p1a: Heatran\n|-resisted|p1a: Heatran\n|-damage|p1a: Heatran|73\/100\n|\n|switch|p2a: Swamp Thing|Swampert, M|100\/100|[from]move: U-turn\n|-damage|p2a: Swamp Thing|94\/100|[from] Stealth Rock\n|\n|-weather|RainDance|[upkeep]\n|-heal|p1a: Heatran|79\/100|[from] item: Leftovers\n|upkeep\n|turn|4\n|inactive|LT63RB Aqua has 120 seconds left.\n|\n|switch|p1a: Tapu Fini|Tapu Fini|100\/100\n|-fieldstart|move: Misty Terrain|[from] ability: Misty Surge|[of] p1a: Tapu Fini\n|detailschange|p2a: Swamp Thing|Swampert-Mega, M\n|-mega|p2a: Swamp Thing|Swampert|Swampertite\n|move|p2a: Swamp Thing|Power-Up Punch|p1a: Tapu Fini\n|-resisted|p1a: Tapu Fini\n|-damage|p1a: Tapu Fini|94\/100\n|-boost|p2a: Swamp Thing|atk|1\n|\n|-weather|RainDance|[upkeep]\n|-heal|p1a: Tapu Fini|99\/100|[from] item: Leftovers\n|upkeep\n|turn|5\n|inactive|LT63RB Aqua has 120 seconds left.\n|\n|move|p2a: Swamp Thing|Earthquake|p1a: Tapu Fini\n|-damage|p1a: Tapu Fini|30\/100\n|move|p1a: Tapu Fini|Nature's Madness|p2a: Swamp Thing\n|-damage|p2a: Swamp Thing|47\/100\n|\n|-weather|RainDance|[upkeep]\n|-heal|p1a: Tapu Fini|36\/100|[from] item: Leftovers\n|upkeep\n|turn|6\n|inactive|LT63RB Aqua has 120 seconds left.\n|inactive|LT63RB Aqua has 90 seconds left.\n|\n|switch|p1a: Landorus|Landorus-Therian, M|100\/100\n|-ability|p1a: Landorus|Intimidate|boost\n|-unboost|p2a: Swamp Thing|atk|1\n|move|p2a: Swamp Thing|Waterfall|p1a: Landorus\n|-supereffective|p1a: Landorus\n|-damage|p1a: Landorus|0 fnt\n|faint|p1a: Landorus\n|\n|-weather|RainDance|[upkeep]\n|upkeep\n|\n|switch|p1a: Mawile|Mawile, F|100\/100\n|-ability|p1a: Mawile|Intimidate|boost\n|-unboost|p2a: Swamp Thing|atk|1\n|turn|7\n|\n|switch|p1a: Tapu Fini|Tapu Fini|36\/100\n|move|p2a: Swamp Thing|Earthquake|p1a: Tapu Fini\n|-damage|p1a: Tapu Fini|2\/100\n|\n|-weather|RainDance|[upkeep]\n|-heal|p1a: Tapu Fini|8\/100|[from] item: Leftovers\n|upkeep\n|turn|8\n|\n|switch|p1a: Kyurem|Kyurem|100\/100\n|-ability|p1a: Kyurem|Pressure\n|move|p2a: Swamp Thing|Waterfall|p1a: Kyurem\n|-resisted|p1a: Kyurem\n|-damage|p1a: Kyurem|78\/100\n|\n|-weather|RainDance|[upkeep]\n|-fieldend|Misty Terrain\n|upkeep\n|turn|9\n|\n|move|p2a: Swamp Thing|Power-Up Punch|p1a: Kyurem\n|-supereffective|p1a: Kyurem\n|-damage|p1a: Kyurem|58\/100\n|-boost|p2a: Swamp Thing|atk|1\n|move|p1a: Kyurem|Ice Beam|p2a: Swamp Thing\n|-damage|p2a: Swamp Thing|8\/100\n|\n|-weather|none\n|upkeep\n|turn|10\n|inactive|LT63RB Aqua has 120 seconds left.\n|\n|move|p1a: Kyurem|Ice Beam|p2a: Swamp Thing\n|-damage|p2a: Swamp Thing|0 fnt\n|faint|p2a: Swamp Thing\n|\n|upkeep\n|\n|switch|p2a: Birdman|Tapu Koko|100\/100\n|-damage|p2a: Birdman|88\/100|[from] Stealth Rock\n|-fieldstart|move: Electric Terrain|[from] ability: Electric Surge|[of] p2a: Birdman\n|turn|11\n|\n|switch|p1a: Tapu Fini|Tapu Fini|8\/100\n|-fieldstart|move: Misty Terrain|[from] ability: Misty Surge|[of] p1a: Tapu Fini\n|move|p2a: Birdman|Volt Switch|p1a: Tapu Fini\n|-supereffective|p1a: Tapu Fini\n|-damage|p1a: Tapu Fini|0 fnt\n|faint|p1a: Tapu Fini\n|\n|switch|p2a: Nappy love|Pelipper, F|100\/100|[from]move: Volt Switch\n|-damage|p2a: Nappy love|76\/100|[from] Stealth Rock\n|-weather|RainDance|[from] ability: Drizzle|[of] p2a: Nappy love\n|\n|-weather|RainDance|[upkeep]\n|upkeep\n|\n|switch|p1a: Kyurem|Kyurem|58\/100\n|-ability|p1a: Kyurem|Pressure\n|turn|12\n|\n|move|p1a: Kyurem|Substitute|p1a: Kyurem\n|-start|p1a: Kyurem|Substitute\n|-damage|p1a: Kyurem|33\/100\n|move|p2a: Nappy love|U-turn|p1a: Kyurem\n|-activate|p1a: Kyurem|move: Substitute|[damage]\n|\n|switch|p2a: Birdman|Tapu Koko|88\/100|[from]move: U-turn\n|-damage|p2a: Birdman|76\/100|[from] Stealth Rock\n|-fieldstart|move: Electric Terrain|[from] ability: Electric Surge|[of] p2a: Birdman\n|\n|-weather|RainDance|[upkeep]\n|upkeep\n|turn|13\n|\n|move|p2a: Birdman|Dazzling Gleam|p1a: Kyurem\n|-supereffective|p1a: Kyurem\n|-end|p1a: Kyurem|Substitute\n|move|p1a: Kyurem|Earth Power|p2a: Birdman\n|-supereffective|p2a: Birdman\n|-damage|p2a: Birdman|0 fnt\n|faint|p2a: Birdman\n|\n|-weather|RainDance|[upkeep]\n|upkeep\n|\n|switch|p2a: Kartana|Kartana|100\/100\n|-damage|p2a: Kartana|94\/100|[from] Stealth Rock\n|turn|14\n|inactive|LT63RB Aqua has 120 seconds left.\n|\n|switch|p1a: Mawile|Mawile, F|100\/100\n|-ability|p1a: Mawile|Intimidate|boost\n|-unboost|p2a: Kartana|atk|1\n|move|p2a: Kartana|Sacred Sword|p1a: Mawile\n|-damage|p1a: Mawile|61\/100\n|\n|-weather|RainDance|[upkeep]\n|upkeep\n|turn|15\n|inactive|LT63RB Aqua has 120 seconds left.\n|\n|detailschange|p1a: Mawile|Mawile-Mega, F\n|-mega|p1a: Mawile|Mawile|Mawilite\n|move|p2a: Kartana|Sacred Sword|p1a: Mawile\n|-damage|p1a: Mawile|36\/100\n|move|p1a: Mawile|Swords Dance|p1a: Mawile\n|-boost|p1a: Mawile|atk|2\n|\n|-weather|RainDance|[upkeep]\n|upkeep\n|turn|16\n|\n|switch|p2a: Hate rain :(|Ferrothorn, M|100\/100\n|-damage|p2a: Hate rain :(|94\/100|[from] Stealth Rock\n|move|p1a: Mawile|Knock Off|p2a: Hate rain :(\n|-damage|p2a: Hate rain :(|17\/100\n|-damage|p1a: Mawile|24\/100|[from] ability: Iron Barbs|[of] p2a: Hate rain :(\n|-enditem|p2a: Hate rain :(|Leftovers|[from] move: Knock Off|[of] p1a: Mawile\n|\n|-weather|RainDance|[upkeep]\n|-fieldend|move: Electric Terrain\n|upkeep\n|turn|17\n|\n|move|p1a: Mawile|Knock Off|p2a: Hate rain :(\n|-damage|p2a: Hate rain :(|0 fnt\n|-damage|p1a: Mawile|11\/100|[from] ability: Iron Barbs|[of] p2a: Hate rain :(\n|faint|p2a: Hate rain :(\n|\n|-weather|RainDance|[upkeep]\n|upkeep\n|\n|switch|p2a: Nappy love|Pelipper, F|76\/100\n|-damage|p2a: Nappy love|51\/100|[from] Stealth Rock\n|turn|18\n|\n|move|p1a: Mawile|Knock Off|p2a: Nappy love\n|-damage|p2a: Nappy love|0 fnt\n|-enditem|p2a: Nappy love|Damp Rock|[from] move: Knock Off|[of] p1a: Mawile\n|faint|p2a: Nappy love\n|\n|-weather|none\n|upkeep\n|\n|switch|p2a: Copypaste|Hawlucha, M|100\/100\n|-damage|p2a: Copypaste|88\/100|[from] Stealth Rock\n|turn|19\n|\n|switch|p1a: Kyurem|Kyurem|33\/100\n|-ability|p1a: Kyurem|Pressure\n|move|p2a: Copypaste|Acrobatics|p1a: Kyurem\n|-damage|p1a: Kyurem|9\/100\n|\n|upkeep\n|turn|20\n|\n|move|p1a: Kyurem|Ice Beam|p2a: Copypaste\n|-supereffective|p2a: Copypaste\n|-damage|p2a: Copypaste|0 fnt\n|faint|p2a: Copypaste\n|\n|upkeep\n|\n|switch|p2a: Kartana|Kartana|94\/100\n|-damage|p2a: Kartana|88\/100|[from] Stealth Rock\n|turn|21\n|\n|move|p2a: Kartana|Sacred Sword|p1a: Kyurem\n|-supereffective|p1a: Kyurem\n|-damage|p1a: Kyurem|0 fnt\n|faint|p1a: Kyurem\n|-ability|p2a: Kartana|Beast Boost|boost\n|-boost|p2a: Kartana|atk|1\n|\n|upkeep\n|\n|switch|p1a: Kartana|Kartana|100\/100\n|turn|22\n|\n|move|p2a: Kartana|Sacred Sword|p1a: Kartana\n|-supereffective|p1a: Kartana\n|-damage|p1a: Kartana|0 fnt\n|faint|p1a: Kartana\n|-ability|p2a: Kartana|Beast Boost|boost\n|-boost|p2a: Kartana|atk|1\n|\n|upkeep\n|\n|switch|p1a: Mawile|Mawile-Mega, F|11\/100\n|turn|23\n|\n|move|p1a: Mawile|Sucker Punch|p2a: Kartana\n|-damage|p2a: Kartana|45\/100\n|move|p2a: Kartana|Sacred Sword|p1a: Mawile\n|-damage|p1a: Mawile|0 fnt\n|faint|p1a: Mawile\n|-ability|p2a: Kartana|Beast Boost|boost\n|-boost|p2a: Kartana|atk|1\n|\n|upkeep\n|\n|switch|p1a: Heatran|Heatran, M|79\/100\n|turn|24\n|c|\u2606orangesss|gg\n|c|\u2606LT63RB Aqua|gg\n|\n|move|p2a: Kartana|Sacred Sword|p1a: Heatran\n|-supereffective|p1a: Heatran\n|-damage|p1a: Heatran|0 fnt\n|faint|p1a: Heatran\n|\n|win|orangesss\n|l|\u2606LT63RB Aqua\n|raw|LT63RB Aqua's rating: 1899 &rarr; <strong>1874<\/strong><br \/>(-25 for losing)\n|raw|orangesss's rating: 1794 &rarr; <strong>1820<\/strong><br \/>(+26 for winning)\n","uploadtime":1565032117,"views":40,"p1id":"lt63rbaqua","p2id":"orangesss","formatid":"gen7ou","rating":1820,"private":0,"password":null}