{"id":"gen7oususpecttest-629189156","p1":"I'm back from mars","p2":"Dyquev","format":"gen7oususpecttest","log":"|j|I'm back from mars\n|j|Dyquev\n|player|p1|I'm back from mars|128\n|teamsize|p1|6\n|player|p2|Dyquev|15\n|teamsize|p2|6\n|gametype|singles\n|gen|7\n|tier|[Gen 7] OU (suspect test)\n|rated\n|seed|29774,56883,23586,42659\n|rule|Sleep Clause Mod: Limit one foe put to sleep\n|rule|Species Clause: Limit one of each Pok\u00e9mon\n|rule|OHKO Clause: OHKO moves are banned\n|rule|Moody Clause: Moody is banned\n|rule|Evasion Moves Clause: Evasion moves are banned\n|rule|Endless Battle Clause: Forcing endless battles is banned\n|rule|HP Percentage Mod: HP is shown in percentages\n|clearpoke\n|poke|p1|Scizor, F|item\n|poke|p1|Toxapex, F|item\n|poke|p1|Tapu Koko|item\n|poke|p1|Landorus-Therian, M|item\n|poke|p1|Greninja, M|item\n|poke|p1|Tapu Bulu|item\n|poke|p2|Swampert, M|item\n|poke|p2|Rotom-Mow|item\n|poke|p2|Kingdra, M|item\n|poke|p2|Scizor, M|item\n|poke|p2|Ferrothorn, M|item\n|poke|p2|Pelipper, F|item\n|teampreview\n|choice|team 5, team 2, team 3, team 4, team 1, team 6|team 6, team 2, team 3, team 4, team 5, team 1\n|\n|start\n|switch|p1a: Greninja|Greninja, M|285\/285\n|switch|p2a: Sasha|Pelipper, F|323\/323\n|-weather|RainDance|[from] ability: Drizzle|[of] p2a: Sasha\n|turn|1\n|choice|move spikes|switch 5\n|\n|switch|p2a: Sr. Cosarara|Ferrothorn, M|352\/352\n|move|p1a: Greninja|Spikes|p2a: Sr. Cosarara\n|-sidestart|p2: Dyquev|Spikes\n|\n|-weather|RainDance|[upkeep]\n|upkeep\n|turn|2\n|choice|switch 4|move stealthrock\n|\n|switch|p1a: Landorus|Landorus-Therian, M|382\/382\n|-ability|p1a: Landorus|Intimidate|boost\n|-unboost|p2a: Sr. Cosarara|atk|1\n|move|p2a: Sr. Cosarara|Stealth Rock|p1a: Landorus\n|-sidestart|p1: I'm back from mars|move: Stealth Rock\n|\n|-weather|RainDance|[upkeep]\n|upkeep\n|turn|3\n|choice|move stealthrock|move leechseed\n|\n|move|p1a: Landorus|Stealth Rock|p2a: Sr. Cosarara\n|-sidestart|p2: Dyquev|move: Stealth Rock\n|move|p2a: Sr. Cosarara|Leech Seed|p1a: Landorus\n|-start|p1a: Landorus|move: Leech Seed\n|\n|-weather|RainDance|[upkeep]\n|-damage|p1a: Landorus|335\/382|[from] Leech Seed|[of] p2a: Sr. Cosarara\n|upkeep\n|turn|4\n|choice|move uturn|move powerwhip\n|\n|move|p1a: Landorus|U-turn|p2a: Sr. Cosarara\n|-damage|p2a: Sr. Cosarara|293\/352\n|-damage|p1a: Landorus|288\/382|[from] ability: Iron Barbs|[of] p2a: Sr. Cosarara\n|choice|switch 2|\n|\n|switch|p1a: Toxapex|Toxapex, F|304\/304\n|-damage|p1a: Toxapex|266\/304|[from] Stealth Rock\n|move|p2a: Sr. Cosarara|Power Whip|p1a: Toxapex\n|-damage|p1a: Toxapex|218\/304\n|\n|-weather|RainDance|[upkeep]\n|-heal|p1a: Toxapex|237\/304|[from] item: Leftovers\n|-heal|p2a: Sr. Cosarara|315\/352|[from] item: Leftovers\n|upkeep\n|turn|5\n|choice|move scald|switch 2\n|\n|switch|p2a: Bocaplanta|Rotom-Mow, shiny|241\/241\n|-damage|p2a: Bocaplanta|211\/241|[from] Stealth Rock\n|move|p1a: Toxapex|Scald|p2a: Bocaplanta\n|-resisted|p2a: Bocaplanta\n|-damage|p2a: Bocaplanta|169\/241\n|\n|-weather|RainDance|[upkeep]\n|-heal|p1a: Toxapex|256\/304|[from] item: Leftovers\n|upkeep\n|turn|6\n|choice|move recover|move leafstorm\n|\n|move|p2a: Bocaplanta|Leaf Storm|p1a: Toxapex|[miss]\n|-miss|p2a: Bocaplanta|p1a: Toxapex\n|move|p1a: Toxapex|Recover|p1a: Toxapex\n|-heal|p1a: Toxapex|304\/304\n|\n|-weather|RainDance|[upkeep]\n|upkeep\n|turn|7\n|choice|move toxic|move leafstorm\n|\n|move|p2a: Bocaplanta|Leaf Storm|p1a: Toxapex\n|-damage|p1a: Toxapex|162\/304\n|-unboost|p2a: Bocaplanta|spa|2\n|move|p1a: Toxapex|Toxic|p2a: Bocaplanta\n|-status|p2a: Bocaplanta|tox\n|\n|-weather|RainDance|[upkeep]\n|-heal|p1a: Toxapex|181\/304|[from] item: Leftovers\n|-damage|p2a: Bocaplanta|154\/241 tox|[from] psn\n|upkeep\n|turn|8\n|j|booty poonage time\n|l|booty poonage time\n|choice|move scald|switch 6\n|\n|switch|p2a: Soltero|Swampert, M, shiny|341\/341\n|-damage|p2a: Soltero|320\/341|[from] Stealth Rock\n|-damage|p2a: Soltero|278\/341|[from] Spikes\n|move|p1a: Toxapex|Scald|p2a: Soltero\n|-damage|p2a: Soltero|194\/341\n|\n|-weather|none\n|-heal|p1a: Toxapex|200\/304|[from] item: Leftovers\n|upkeep\n|turn|9\n|choice|switch 6|move earthquake mega\n|\n|switch|p1a: Tapu Bulu|Tapu Bulu|281\/281\n|-damage|p1a: Tapu Bulu|246\/281|[from] Stealth Rock\n|-fieldstart|move: Grassy Terrain|[from] ability: Grassy Surge|[of] p1a: Tapu Bulu\n|detailschange|p2a: Soltero|Swampert-Mega, M, shiny\n|-mega|p2a: Soltero|Swampert|Swampertite\n|move|p2a: Soltero|Earthquake|p1a: Tapu Bulu\n|-resisted|p1a: Tapu Bulu\n|-damage|p1a: Tapu Bulu|195\/281\n|\n|-heal|p1a: Tapu Bulu|212\/281|[from] Grassy Terrain\n|-heal|p2a: Soltero|215\/341|[from] Grassy Terrain\n|upkeep\n|turn|10\n|choice|move swordsdance|switch 4\n|\n|switch|p2a: Rajoy 2.0|Scizor, M|344\/344\n|-damage|p2a: Rajoy 2.0|301\/344|[from] Spikes\n|-damage|p2a: Rajoy 2.0|258\/344|[from] Stealth Rock\n|move|p1a: Tapu Bulu|Swords Dance|p1a: Tapu Bulu\n|-boost|p1a: Tapu Bulu|atk|2\n|\n|-heal|p1a: Tapu Bulu|229\/281|[from] Grassy Terrain\n|-heal|p2a: Rajoy 2.0|279\/344|[from] Grassy Terrain\n|upkeep\n|turn|11\n|choice|switch 3|move uturn\n|\n|switch|p1a: Tapu Koko|Tapu Koko|281\/281\n|-damage|p1a: Tapu Koko|246\/281|[from] Stealth Rock\n|-fieldstart|move: Electric Terrain|[from] ability: Electric Surge|[of] p1a: Tapu Koko\n|move|p2a: Rajoy 2.0|U-turn|p1a: Tapu Koko\n|-resisted|p1a: Tapu Koko\n|-damage|p1a: Tapu Koko|122\/281\n|choice||switch 5\n|\n|switch|p2a: Sasha|Pelipper, F|323\/323\n|-damage|p2a: Sasha|243\/323|[from] Stealth Rock\n|-weather|RainDance|[from] ability: Drizzle|[of] p2a: Sasha\n|\n|-weather|RainDance|[upkeep]\n|upkeep\n|turn|12\n|choice|move roost|switch 2\n|\n|switch|p2a: Sr. Cosarara|Ferrothorn, M|315\/352\n|-damage|p2a: Sr. Cosarara|271\/352|[from] Spikes\n|-damage|p2a: Sr. Cosarara|249\/352|[from] Stealth Rock\n|move|p1a: Tapu Koko|Roost|p1a: Tapu Koko\n|-heal|p1a: Tapu Koko|263\/281\n|\n|-weather|RainDance|[upkeep]\n|-heal|p2a: Sr. Cosarara|271\/352|[from] item: Leftovers\n|upkeep\n|turn|13\n|choice|switch 6|move gyroball\n|\n|switch|p1a: Toxapex|Toxapex, F|301\/304\n|-damage|p1a: Toxapex|263\/304|[from] Stealth Rock\n|move|p2a: Sr. Cosarara|Gyro Ball|p1a: Toxapex\n|-resisted|p1a: Toxapex\n|-damage|p1a: Toxapex|241\/304\n|\n|-weather|RainDance|[upkeep]\n|-heal|p1a: Toxapex|260\/304|[from] item: Leftovers\n|-heal|p2a: Sr. Cosarara|293\/352|[from] item: Leftovers\n|upkeep\n|turn|14\n|choice|move scald|switch 6\n|\n|switch|p2a: Bocaplanta|Rotom-Mow, shiny|154\/241 tox\n|-damage|p2a: Bocaplanta|124\/241 tox|[from] Stealth Rock\n|move|p1a: Toxapex|Scald|p2a: Bocaplanta\n|-resisted|p2a: Bocaplanta\n|-damage|p2a: Bocaplanta|82\/241 tox\n|\n|-weather|RainDance|[upkeep]\n|-heal|p1a: Toxapex|279\/304|[from] item: Leftovers\n|-damage|p2a: Bocaplanta|67\/241 tox|[from] psn\n|upkeep\n|turn|15\n|choice|switch 2|move leafstorm\n|\n|switch|p1a: Landorus|Landorus-Therian, M|288\/382\n|-damage|p1a: Landorus|241\/382|[from] Stealth Rock\n|-ability|p1a: Landorus|Intimidate|boost\n|-unboost|p2a: Bocaplanta|atk|1\n|move|p2a: Bocaplanta|Leaf Storm|p1a: Landorus\n|-damage|p1a: Landorus|0 fnt\n|-unboost|p2a: Bocaplanta|spa|2\n|faint|p1a: Landorus\n|\n|-weather|RainDance|[upkeep]\n|-damage|p2a: Bocaplanta|37\/241 tox|[from] psn\n|-fieldend|move: Electric Terrain\n|upkeep\n|choice|switch 5|\n|\n|switch|p1a: Scizor|Scizor, F|343\/343\n|-damage|p1a: Scizor|301\/343|[from] Stealth Rock\n|turn|16\n|choice|move swordsdance mega|switch 3\n|\n|switch|p2a: Dragonking|Kingdra, M, shiny|291\/291\n|-damage|p2a: Dragonking|255\/291|[from] Spikes\n|-damage|p2a: Dragonking|219\/291|[from] Stealth Rock\n|detailschange|p1a: Scizor|Scizor-Mega, F\n|-mega|p1a: Scizor|Scizor|Scizorite\n|move|p1a: Scizor|Swords Dance|p1a: Scizor\n|-boost|p1a: Scizor|atk|2\n|\n|-weather|RainDance|[upkeep]\n|upkeep\n|turn|17\n|choice|switch 2|move scald\n|\n|switch|p1a: Toxapex|Toxapex, F|304\/304\n|-damage|p1a: Toxapex|266\/304|[from] Stealth Rock\n|move|p2a: Dragonking|Scald|p1a: Toxapex\n|-resisted|p1a: Toxapex\n|-damage|p1a: Toxapex|203\/304\n|\n|-weather|RainDance|[upkeep]\n|-heal|p1a: Toxapex|222\/304|[from] item: Leftovers\n|upkeep\n|turn|18\n|choice|move toxic|switch 6\n|\n|switch|p2a: Sr. Cosarara|Ferrothorn, M|293\/352\n|-damage|p2a: Sr. Cosarara|271\/352|[from] Stealth Rock\n|-damage|p2a: Sr. Cosarara|227\/352|[from] Spikes\n|move|p1a: Toxapex|Toxic|p2a: Sr. Cosarara\n|-immune|p2a: Sr. Cosarara|[msg]\n|\n|-weather|none\n|-heal|p1a: Toxapex|241\/304|[from] item: Leftovers\n|-heal|p2a: Sr. Cosarara|249\/352|[from] item: Leftovers\n|upkeep\n|turn|19\n|choice|move scald|switch 2\n|\n|switch|p2a: Sasha|Pelipper, F|243\/323\n|-damage|p2a: Sasha|163\/323|[from] Stealth Rock\n|-weather|RainDance|[from] ability: Drizzle|[of] p2a: Sasha\n|move|p1a: Toxapex|Scald|p2a: Sasha\n|-resisted|p2a: Sasha\n|-damage|p2a: Sasha|106\/323\n|\n|-weather|RainDance|[upkeep]\n|-heal|p1a: Toxapex|260\/304|[from] item: Leftovers\n|upkeep\n|turn|20\n|choice|move toxic|switch 4\n|\n|switch|p2a: Soltero|Swampert-Mega, M, shiny|215\/341\n|-damage|p2a: Soltero|194\/341|[from] Stealth Rock\n|-damage|p2a: Soltero|152\/341|[from] Spikes\n|move|p1a: Toxapex|Toxic|p2a: Soltero\n|-status|p2a: Soltero|tox\n|\n|-weather|RainDance|[upkeep]\n|-heal|p1a: Toxapex|279\/304|[from] item: Leftovers\n|-damage|p2a: Soltero|131\/341 tox|[from] psn\n|upkeep\n|turn|21\n|j|Tricking\n|choice|move recover|move earthquake\n|\n|move|p2a: Soltero|Earthquake|p1a: Toxapex\n|-supereffective|p1a: Toxapex\n|-crit|p1a: Toxapex\n|-damage|p1a: Toxapex|0 fnt\n|faint|p1a: Toxapex\n|\n|-weather|RainDance|[upkeep]\n|-damage|p2a: Soltero|89\/341 tox|[from] psn\n|upkeep\n|choice|switch 4|\n|\n|switch|p1a: Greninja|Greninja, M|285\/285\n|-damage|p1a: Greninja|250\/285|[from] Stealth Rock\n|turn|22\n|choice|move watershuriken|switch 6\n|\n|switch|p2a: Dragonking|Kingdra, M, shiny|219\/291\n|-damage|p2a: Dragonking|183\/291|[from] Stealth Rock\n|-damage|p2a: Dragonking|147\/291|[from] Spikes\n|move|p1a: Greninja|Water Shuriken|p2a: Dragonking\n|-resisted|p2a: Dragonking\n|-damage|p2a: Dragonking|134\/291\n|-resisted|p2a: Dragonking\n|-damage|p2a: Dragonking|121\/291\n|-resisted|p2a: Dragonking\n|-damage|p2a: Dragonking|107\/291\n|-hitcount|p2a: Dragonking|3\n|\n|-weather|RainDance|[upkeep]\n|upkeep\n|turn|23\n|choice|switch 3|move dracometeor zmove\n|\n|switch|p1a: Tapu Bulu|Tapu Bulu|229\/281\n|-damage|p1a: Tapu Bulu|194\/281|[from] Stealth Rock\n|-fieldstart|move: Grassy Terrain|[from] ability: Grassy Surge|[of] p1a: Tapu Bulu\n|-zpower|p2a: Dragonking\n|move|p2a: Dragonking|Devastating Drake|p1a: Tapu Bulu|[zeffect]\n|-immune|p1a: Tapu Bulu|[msg]\n|\n|-weather|RainDance|[upkeep]\n|-heal|p2a: Dragonking|125\/291|[from] Grassy Terrain\n|-heal|p1a: Tapu Bulu|211\/281|[from] Grassy Terrain\n|upkeep\n|turn|24\n|choice|move hornleech|move icebeam\n|\n|move|p2a: Dragonking|Ice Beam|p1a: Tapu Bulu\n|-supereffective|p1a: Tapu Bulu\n|-damage|p1a: Tapu Bulu|13\/281\n|move|p1a: Tapu Bulu|Horn Leech|p2a: Dragonking\n|-damage|p2a: Dragonking|0 fnt\n|-heal|p1a: Tapu Bulu|76\/281|[from] drain|[of] p2a: Dragonking\n|faint|p2a: Dragonking\n|\n|-weather|RainDance|[upkeep]\n|-heal|p1a: Tapu Bulu|93\/281|[from] Grassy Terrain\n|upkeep\n|choice||switch 5\n|\n|switch|p2a: Rajoy 2.0|Scizor, M|279\/344\n|-damage|p2a: Rajoy 2.0|236\/344|[from] Spikes\n|-damage|p2a: Rajoy 2.0|193\/344|[from] Stealth Rock\n|turn|25\n|choice|switch 2|move uturn\n|\n|switch|p1a: Scizor|Scizor-Mega, F|301\/343\n|-damage|p1a: Scizor|259\/343|[from] Stealth Rock\n|move|p2a: Rajoy 2.0|U-turn|p1a: Scizor\n|-resisted|p1a: Scizor\n|-damage|p1a: Scizor|185\/343\n|choice||switch 6\n|\n|switch|p2a: Soltero|Swampert-Mega, M, shiny|89\/341 tox\n|-damage|p2a: Soltero|47\/341 tox|[from] Spikes\n|-damage|p2a: Soltero|26\/341 tox|[from] Stealth Rock\n|\n|-weather|RainDance|[upkeep]\n|-heal|p2a: Soltero|47\/341 tox|[from] Grassy Terrain\n|-heal|p1a: Scizor|206\/343|[from] Grassy Terrain\n|-damage|p2a: Soltero|26\/341 tox|[from] psn\n|upkeep\n|turn|26\n|choice|move bulletpunch|move waterfall\n|\n|move|p1a: Scizor|Bullet Punch|p2a: Soltero\n|-resisted|p2a: Soltero\n|-damage|p2a: Soltero|0 fnt\n|faint|p2a: Soltero\n|\n|-weather|none\n|-heal|p1a: Scizor|227\/343|[from] Grassy Terrain\n|upkeep\n|choice||switch 6\n|\n|switch|p2a: Rajoy 2.0|Scizor, M|193\/344\n|-damage|p2a: Rajoy 2.0|150\/344|[from] Stealth Rock\n|-damage|p2a: Rajoy 2.0|107\/344|[from] Spikes\n|turn|27\n|choice|move roost|move uturn\n|\n|move|p1a: Scizor|Roost|p1a: Scizor\n|-heal|p1a: Scizor|343\/343\n|move|p2a: Rajoy 2.0|U-turn|p1a: Scizor\n|-resisted|p1a: Scizor\n|-damage|p1a: Scizor|277\/343\n|l|Dyquev\n|player|p2|\n|inactive|Battle timer is ON: inactive players will automatically lose when time's up. (requested by I'm back from mars)\n|inactive|Dyquev has 40 seconds to reconnect!\n|inactive|Dyquev has 30 seconds to reconnect!\n|inactive|Dyquev has 20 seconds to reconnect!\n|inactive|Dyquev has 10 seconds to reconnect!\n|-message|Dyquev lost due to inactivity.\n|\n|win|I'm back from mars\n|raw|I&apos;m back from mars's rating: 1363 &rarr; <strong>1384<\/strong><br \/>(+21 for winning)\n|raw|Dyquev's rating: 1379 &rarr; <strong>1358<\/strong><br \/>(-21 for losing)","inputlog":null,"uploadtime":1504960915,"views":3,"p1id":"imbackfrommars","p2id":"dyquev","formatid":"gen7oususpecttest","rating":1358,"private":0,"password":null}