{"id":"gen7ou-1123577817","p1":"Moskito Cup","p2":"grc111","format":"gen7ou","log":"|j|\u2606Moskito Cup\n|j|\u203dgrc111\n|player|p1|Moskito Cup|1|1831\n|player|p2|grc111|101|1885\n|teamsize|p1|6\n|teamsize|p2|6\n|gametype|singles\n|gen|7\n|tier|[Gen 7] OU\n|rated|\n|clearpoke\n|poke|p1|Venusaur, F|item\n|poke|p1|Keldeo-Resolute|item\n|poke|p1|Skarmory, F|item\n|poke|p1|Chansey, F|item\n|poke|p1|Heatran, F|item\n|poke|p1|Bisharp, M|item\n|poke|p2|Medicham, M|item\n|poke|p2|Landorus-Therian, M|item\n|poke|p2|Magearna|item\n|poke|p2|Greninja, M|item\n|poke|p2|Tapu Koko|item\n|poke|p2|Hawlucha, F|item\n|rule|Sleep Clause Mod: Limit one foe put to sleep\n|rule|Species Clause: Limit one of each Pok\u00e9mon\n|rule|OHKO Clause: OHKO moves are banned\n|rule|Moody Clause: Moody is banned\n|rule|Evasion Moves Clause: Evasion moves are banned\n|rule|Endless Battle Clause: Forcing endless battles is banned\n|rule|HP Percentage Mod: HP is shown in percentages\n|teampreview\n|raw|<div class=\"broadcast-red\"><strong>Moderated join is set to sync with modchat!<\/strong><br \/>Only users who can speak in modchat can join.<\/div>\n|c|\u2606Moskito Cup|\/log Moskito Cup set modjoin to sync with modchat.\n|raw|<div class=\"broadcast-red\"><strong>Moderated chat was set to +!<\/strong><br \/>Only users of rank + and higher can talk.<\/div>\n|c|\u2606Moskito Cup|\/log Moskito Cup made this room hidden.\n|\n|start\n|switch|p1a: Heatran|Heatran, F|100\/100\n|switch|p2a: Medicham|Medicham, M|100\/100\n|turn|1\n|inactive|Battle timer is ON: inactive players will automatically lose when time's up. (requested by Moskito Cup)\n|\n|switch|p1a: Skarmory|Skarmory, F|100\/100\n|detailschange|p2a: Medicham|Medicham-Mega, M\n|-mega|p2a: Medicham|Medicham|Medichamite\n|move|p2a: Medicham|High Jump Kick|p1a: Skarmory|[miss]\n|-miss|p2a: Medicham|p1a: Skarmory\n|-damage|p2a: Medicham|51\/100|[from] highjumpkick\n|\n|upkeep\n|turn|2\n|\n|move|p2a: Medicham|High Jump Kick|p1a: Skarmory\n|-damage|p1a: Skarmory|33\/100\n|-damage|p2a: Medicham|34\/100|[from] item: Rocky Helmet|[of] p1a: Skarmory\n|move|p1a: Skarmory|Spikes|p2a: Medicham\n|-sidestart|p2: grc111|Spikes\n|\n|upkeep\n|turn|3\n|\n|move|p2a: Medicham|High Jump Kick|p1a: Skarmory\n|-damage|p1a: Skarmory|0 fnt\n|-damage|p2a: Medicham|18\/100|[from] item: Rocky Helmet|[of] p1a: Skarmory\n|faint|p1a: Skarmory\n|\n|upkeep\n|\n|switch|p1a: Keldeo|Keldeo-Resolute|100\/100\n|turn|4\n|\n|switch|p2a: Magearna|Magearna|100\/100\n|-damage|p2a: Magearna|88\/100|[from] Spikes\n|move|p1a: Keldeo|Scald|p2a: Magearna\n|-damage|p2a: Magearna|59\/100\n|\n|-heal|p2a: Magearna|65\/100|[from] item: Leftovers\n|upkeep\n|turn|5\n|\n|switch|p2a: Medicham|Medicham-Mega, M|18\/100\n|-damage|p2a: Medicham|5\/100|[from] Spikes\n|move|p1a: Keldeo|Substitute|p1a: Keldeo\n|-start|p1a: Keldeo|Substitute\n|-damage|p1a: Keldeo|75\/100\n|\n|-heal|p1a: Keldeo|82\/100|[from] item: Leftovers\n|upkeep\n|turn|6\n|\n|move|p2a: Medicham|Fake Out|p1a: Keldeo\n|-end|p1a: Keldeo|Substitute\n|move|p1a: Keldeo|Calm Mind|p1a: Keldeo\n|-boost|p1a: Keldeo|spa|1\n|-boost|p1a: Keldeo|spd|1\n|\n|-heal|p1a: Keldeo|88\/100|[from] item: Leftovers\n|upkeep\n|turn|7\n|\n|move|p1a: Keldeo|Scald|p2a: Medicham\n|-crit|p2a: Medicham\n|-damage|p2a: Medicham|0 fnt\n|faint|p2a: Medicham\n|\n|-heal|p1a: Keldeo|94\/100|[from] item: Leftovers\n|upkeep\n|\n|switch|p2a: Tapu Koko|Tapu Koko|100\/100\n|-damage|p2a: Tapu Koko|88\/100|[from] Spikes\n|-fieldstart|move: Electric Terrain|[from] ability: Electric Surge|[of] p2a: Tapu Koko\n|turn|8\n|\n|switch|p1a: Venusaur|Venusaur, F|100\/100\n|move|p2a: Tapu Koko|Volt Switch|p1a: Venusaur\n|-resisted|p1a: Venusaur\n|-damage|p1a: Venusaur|73\/100\n|-damage|p2a: Tapu Koko|78\/100|[from] item: Life Orb\n|\n|switch|p2a: Hawlucha|Hawlucha, F|100\/100|[from]move: Volt Switch\n|-enditem|p2a: Hawlucha|Electric Seed\n|-boost|p2a: Hawlucha|def|1|[from] item: Electric Seed\n|\n|upkeep\n|turn|9\n|\n|detailschange|p1a: Venusaur|Venusaur-Mega, F\n|-mega|p1a: Venusaur|Venusaur|Venusaurite\n|move|p2a: Hawlucha|Swords Dance|p2a: Hawlucha\n|-boost|p2a: Hawlucha|atk|2\n|move|p1a: Venusaur|Sludge Bomb|p2a: Hawlucha\n|-damage|p2a: Hawlucha|43\/100\n|-status|p2a: Hawlucha|psn\n|\n|-damage|p2a: Hawlucha|30\/100 psn|[from] psn\n|upkeep\n|turn|10\n|\n|switch|p1a: Bisharp|Bisharp, M|100\/100\n|move|p2a: Hawlucha|High Jump Kick|p1a: Bisharp\n|-supereffective|p1a: Bisharp\n|-damage|p1a: Bisharp|0 fnt\n|faint|p1a: Bisharp\n|\n|-damage|p2a: Hawlucha|18\/100 psn|[from] psn\n|upkeep\n|\n|switch|p1a: Venusaur|Venusaur-Mega, F|73\/100\n|turn|11\n|\n|switch|p1a: Heatran|Heatran, F|100\/100\n|move|p2a: Hawlucha|Acrobatics|p1a: Heatran\n|-resisted|p1a: Heatran\n|-damage|p1a: Heatran|57\/100\n|\n|-heal|p1a: Heatran|63\/100|[from] item: Leftovers\n|-damage|p2a: Hawlucha|5\/100 psn|[from] psn\n|upkeep\n|turn|12\n|\n|move|p2a: Hawlucha|High Jump Kick|p1a: Heatran\n|-supereffective|p1a: Heatran\n|-damage|p1a: Heatran|0 fnt\n|faint|p1a: Heatran\n|\n|-damage|p2a: Hawlucha|0 fnt|[from] psn\n|faint|p2a: Hawlucha\n|-fieldend|move: Electric Terrain\n|upkeep\n|\n|switch|p2a: Magearna|Magearna|65\/100\n|switch|p1a: Keldeo|Keldeo-Resolute|94\/100\n|-damage|p2a: Magearna|53\/100|[from] Spikes\n|turn|13\n|\n|move|p1a: Keldeo|Secret Sword|p2a: Magearna\n|-damage|p2a: Magearna|20\/100\n|move|p2a: Magearna|Thunderbolt|p1a: Keldeo\n|-supereffective|p1a: Keldeo\n|-damage|p1a: Keldeo|30\/100\n|\n|-heal|p1a: Keldeo|37\/100|[from] item: Leftovers\n|-heal|p2a: Magearna|26\/100|[from] item: Leftovers\n|upkeep\n|turn|14\n|\n|switch|p2a: Tapu Koko|Tapu Koko|78\/100\n|-damage|p2a: Tapu Koko|66\/100|[from] Spikes\n|-fieldstart|move: Electric Terrain|[from] ability: Electric Surge|[of] p2a: Tapu Koko\n|move|p1a: Keldeo|Secret Sword|p2a: Tapu Koko\n|-resisted|p2a: Tapu Koko\n|-damage|p2a: Tapu Koko|33\/100\n|\n|-heal|p1a: Keldeo|43\/100|[from] item: Leftovers\n|upkeep\n|turn|15\n|\n|switch|p1a: Venusaur|Venusaur-Mega, F|73\/100\n|move|p2a: Tapu Koko|Volt Switch|p1a: Venusaur\n|-resisted|p1a: Venusaur\n|-damage|p1a: Venusaur|51\/100\n|-damage|p2a: Tapu Koko|23\/100|[from] item: Life Orb\n|\n|switch|p2a: Landorus|Landorus-Therian, M|100\/100|[from]move: Volt Switch\n|-ability|p2a: Landorus|Intimidate|boost\n|-unboost|p1a: Venusaur|atk|1\n|\n|upkeep\n|turn|16\n|\n|move|p2a: Landorus|Swords Dance|p2a: Landorus\n|-boost|p2a: Landorus|atk|2\n|move|p1a: Venusaur|Giga Drain|p2a: Landorus\n|-damage|p2a: Landorus|63\/100\n|-heal|p1a: Venusaur|70\/100|[from] drain|[of] p2a: Landorus\n|\n|upkeep\n|turn|17\n|\n|move|p2a: Landorus|Earthquake|p1a: Venusaur\n|-damage|p1a: Venusaur|11\/100\n|move|p1a: Venusaur|Giga Drain|p2a: Landorus\n|-damage|p2a: Landorus|31\/100\n|-heal|p1a: Venusaur|27\/100|[from] drain|[of] p2a: Landorus\n|\n|upkeep\n|turn|18\n|\n|move|p2a: Landorus|Stealth Rock|p1a: Venusaur\n|-sidestart|p1: Moskito Cup|move: Stealth Rock\n|move|p1a: Venusaur|Giga Drain|p2a: Landorus\n|-damage|p2a: Landorus|0 fnt\n|-heal|p1a: Venusaur|43\/100|[from] drain|[of] p2a: Landorus\n|faint|p2a: Landorus\n|\n|-fieldend|move: Electric Terrain\n|upkeep\n|\n|switch|p2a: Greninja|Greninja, M|100\/100\n|-damage|p2a: Greninja|88\/100|[from] Spikes\n|turn|19\n|\n|move|p2a: Greninja|Dark Pulse|p1a: Venusaur\n|-damage|p1a: Venusaur|15\/100\n|move|p1a: Venusaur|Giga Drain|p2a: Greninja\n|-supereffective|p2a: Greninja\n|-crit|p2a: Greninja\n|-damage|p2a: Greninja|0 fnt\n|-heal|p1a: Venusaur|49\/100|[from] drain|[of] p2a: Greninja\n|faint|p2a: Greninja\n|\n|upkeep\n|-message|grc111 forfeited.\n|\n|win|Moskito Cup\n|raw|Moskito Cup's rating: 1831 &rarr; <strong>1855<\/strong><br \/>(+24 for winning)\n|raw|grc111's rating: 1898 &rarr; <strong>1874<\/strong><br \/>(-24 for losing)\n|c|\u2606Moskito Cup|\/log Moskito Cup made this room public.\n","uploadtime":1590801028,"views":224,"p1id":"moskitocup","p2id":"grc111","formatid":"gen7ou","rating":1855,"private":0,"password":null}