{"id":"gen7randombattle-1677164999","p1":"EEEEEvolto","p2":"arcex","format":"gen7randombattle","log":"|j|\u2606EEEEEvolto\n|j|\u2606arcex\n|t:|1664861770\n|gametype|singles\n|player|p1|EEEEEvolto|101|1575\n|player|p2|arcex|pokemonbreederf-gen4|1778\n|teamsize|p1|6\n|teamsize|p2|6\n|gen|7\n|tier|[Gen 7] Random Battle\n|rated|\n|rule|Sleep Clause Mod: Limit one foe put to sleep\n|rule|HP Percentage Mod: HP is shown in percentages\n|rule|Mega Rayquaza Clause: You cannot mega evolve Rayquaza\n|\n|t:|1664861770\n|start\n|switch|p1a: Infernape|Infernape, L82, F|259\/259\n|switch|p2a: Haxorus|Haxorus, L82, F|259\/259\n|-ability|p2a: Haxorus|Mold Breaker\n|turn|1\n|\n|t:|1664861790\n|switch|p1a: Meowstic|Meowstic, L88, M|274\/274\n|-zpower|p2a: Haxorus\n|move|p2a: Haxorus|Devastating Drake|p1a: Meowstic|[zeffect]\n|-damage|p1a: Meowstic|0 fnt\n|faint|p1a: Meowstic\n|\n|upkeep\n|\n|t:|1664861794\n|switch|p1a: Zygarde|Zygarde, L76|288\/288\n|turn|2\n|\n|t:|1664861797\n|move|p2a: Haxorus|Outrage|p1a: Zygarde\n|-supereffective|p1a: Zygarde\n|-damage|p1a: Zygarde|6\/288\n|move|p1a: Zygarde|Dragon Dance|p1a: Zygarde\n|-boost|p1a: Zygarde|atk|1\n|-boost|p1a: Zygarde|spe|1\n|\n|-activate|p1a: Zygarde|ability: Power Construct\n|detailschange|p1a: Zygarde|Zygarde-Complete, L76\n|-heal|p1a: Zygarde|171\/453|[silent]\n|upkeep\n|turn|3\n|\n|t:|1664861810\n|-zpower|p1a: Zygarde\n|move|p1a: Zygarde|Devastating Drake|p2a: Haxorus|[zeffect]\n|-supereffective|p2a: Haxorus\n|-damage|p2a: Haxorus|0 fnt\n|faint|p2a: Haxorus\n|\n|upkeep\n|\n|t:|1664861819\n|switch|p2a: Kartana|Kartana, L80|226\/226\n|turn|4\n|\n|t:|1664861821\n|move|p1a: Zygarde|Thousand Arrows|p2a: Kartana\n|-damage|p2a: Kartana|139\/226\n|move|p2a: Kartana|Leaf Blade|p1a: Zygarde\n|-damage|p1a: Zygarde|0 fnt\n|faint|p1a: Zygarde\n|-ability|p2a: Kartana|Beast Boost|boost\n|-boost|p2a: Kartana|atk|1\n|\n|upkeep\n|\n|t:|1664861824\n|switch|p1a: Infernape|Infernape, L82, F|259\/259\n|turn|5\n|\n|t:|1664861827\n|switch|p2a: Eelektross|Eelektross, L88, M|293\/293\n|move|p1a: Infernape|Close Combat|p2a: Eelektross\n|-damage|p2a: Eelektross|170\/293\n|-unboost|p1a: Infernape|def|1\n|-unboost|p1a: Infernape|spd|1\n|\n|upkeep\n|turn|6\n|\n|t:|1664861837\n|move|p1a: Infernape|Flare Blitz|p2a: Eelektross\n|-crit|p2a: Eelektross\n|-damage|p2a: Eelektross|0 fnt\n|faint|p2a: Eelektross\n|-damage|p1a: Infernape|203\/259|[from] Recoil\n|\n|upkeep\n|\n|t:|1664861845\n|switch|p2a: Turtonator|Turtonator, L88, F|249\/249\n|turn|7\n|\n|t:|1664861851\n|switch|p1a: Illumise|Illumise, L88, F|258\/258\n|move|p2a: Turtonator|Shell Smash|p2a: Turtonator\n|-unboost|p2a: Turtonator|def|1\n|-unboost|p2a: Turtonator|spd|1\n|-boost|p2a: Turtonator|atk|2\n|-boost|p2a: Turtonator|spa|2\n|-boost|p2a: Turtonator|spe|2\n|-enditem|p2a: Turtonator|White Herb\n|-clearnegativeboost|p2a: Turtonator|[silent]\n|\n|upkeep\n|turn|8\n|\n|t:|1664861857\n|move|p1a: Illumise|Encore|p2a: Turtonator\n|-start|p2a: Turtonator|Encore\n|move|p2a: Turtonator|Shell Smash|p2a: Turtonator\n|-unboost|p2a: Turtonator|def|1\n|-unboost|p2a: Turtonator|spd|1\n|-boost|p2a: Turtonator|atk|2\n|-boost|p2a: Turtonator|spa|2\n|-boost|p2a: Turtonator|spe|2\n|\n|upkeep\n|turn|9\n|\n|t:|1664861859\n|move|p1a: Illumise|Thunder Wave|p2a: Turtonator\n|-status|p2a: Turtonator|par\n|move|p2a: Turtonator|Shell Smash|p2a: Turtonator\n|-unboost|p2a: Turtonator|def|1\n|-unboost|p2a: Turtonator|spd|1\n|-boost|p2a: Turtonator|atk|2\n|-boost|p2a: Turtonator|spa|2\n|-boost|p2a: Turtonator|spe|2\n|\n|upkeep\n|turn|10\n|\n|t:|1664861862\n|move|p2a: Turtonator|Shell Smash|p2a: Turtonator\n|-unboost|p2a: Turtonator|def|1\n|-unboost|p2a: Turtonator|spd|1\n|-boost|p2a: Turtonator|atk|0\n|-boost|p2a: Turtonator|spa|0\n|-boost|p2a: Turtonator|spe|0\n|move|p1a: Illumise|Bug Buzz|p2a: Turtonator\n|-resisted|p2a: Turtonator\n|-damage|p2a: Turtonator|147\/249 par\n|\n|-end|p2a: Turtonator|Encore\n|upkeep\n|turn|11\n|c|\u2606arcex|?????\n|c|\u2606arcex|'\n|\n|t:|1664861867\n|switch|p2a: Magcargo|Magcargo, L88, M|249\/249\n|move|p1a: Illumise|Encore||[still]\n|-fail|p1a: Illumise\n|\n|upkeep\n|turn|12\n|\n|t:|1664861872\n|switch|p1a: Cinccino|Cinccino, L88, M|275\/275\n|move|p2a: Magcargo|Fire Blast|p1a: Cinccino\n|-damage|p1a: Cinccino|112\/275\n|\n|upkeep\n|turn|13\n|\n|t:|1664861877\n|switch|p2a: Turtonator|Turtonator, L88, F|147\/249 par\n|move|p1a: Cinccino|Tail Slap|p2a: Turtonator|[miss]\n|-miss|p1a: Cinccino|p2a: Turtonator\n|\n|upkeep\n|turn|14\n|\n|t:|1664861881\n|switch|p2a: Magcargo|Magcargo, L88, M|249\/249\n|move|p1a: Cinccino|Tail Slap|p2a: Magcargo|[miss]\n|-miss|p1a: Cinccino|p2a: Magcargo\n|\n|upkeep\n|turn|15\n|\n|t:|1664861885\n|move|p1a: Cinccino|Tail Slap|p2a: Magcargo|[miss]\n|-miss|p1a: Cinccino|p2a: Magcargo\n|move|p2a: Magcargo|Shell Smash|p2a: Magcargo\n|-unboost|p2a: Magcargo|def|1\n|-unboost|p2a: Magcargo|spd|1\n|-boost|p2a: Magcargo|atk|2\n|-boost|p2a: Magcargo|spa|2\n|-boost|p2a: Magcargo|spe|2\n|-enditem|p2a: Magcargo|White Herb\n|-clearnegativeboost|p2a: Magcargo|[silent]\n|\n|upkeep\n|turn|16\n|\n|t:|1664861889\n|move|p1a: Cinccino|Tail Slap|p2a: Magcargo\n|-resisted|p2a: Magcargo\n|-damage|p2a: Magcargo|232\/249\n|-status|p1a: Cinccino|brn|[from] ability: Flame Body|[of] p2a: Magcargo\n|-resisted|p2a: Magcargo\n|-damage|p2a: Magcargo|225\/249\n|-resisted|p2a: Magcargo\n|-damage|p2a: Magcargo|217\/249\n|-resisted|p2a: Magcargo\n|-damage|p2a: Magcargo|209\/249\n|-resisted|p2a: Magcargo\n|-damage|p2a: Magcargo|202\/249\n|-hitcount|p2a: Magcargo|5\n|move|p2a: Magcargo|Ancient Power|p1a: Cinccino\n|-damage|p1a: Cinccino|0 fnt\n|faint|p1a: Cinccino\n|\n|upkeep\n|\n|t:|1664861891\n|switch|p1a: Infernape|Infernape, L82, F|203\/259\n|turn|17\n|\n|t:|1664861896\n|move|p1a: Infernape|Close Combat|p2a: Magcargo\n|-supereffective|p2a: Magcargo\n|-damage|p2a: Magcargo|0 fnt\n|-unboost|p1a: Infernape|def|1\n|-unboost|p1a: Infernape|spd|1\n|faint|p2a: Magcargo\n|\n|upkeep\n|\n|t:|1664861897\n|switch|p2a: Beedrill|Beedrill, L82, M|241\/241\n|turn|18\n|\n|t:|1664861899\n|switch|p1a: Jirachi|Jirachi, L80|291\/291\n|detailschange|p2a: Beedrill|Beedrill-Mega, L82, M\n|-mega|p2a: Beedrill|Beedrill|Beedrillite\n|move|p2a: Beedrill|Poison Jab|p1a: Jirachi\n|-immune|p1a: Jirachi\n|\n|upkeep\n|turn|19\n|\n|t:|1664861902\n|move|p2a: Beedrill|Swords Dance|p2a: Beedrill\n|-boost|p2a: Beedrill|atk|2\n|move|p1a: Jirachi|Fire Punch|p2a: Beedrill\n|-supereffective|p2a: Beedrill\n|-damage|p2a: Beedrill|67\/241\n|\n|upkeep\n|turn|20\n|\n|t:|1664861905\n|move|p2a: Beedrill|Drill Run|p1a: Jirachi\n|-supereffective|p1a: Jirachi\n|-damage|p1a: Jirachi|17\/291\n|move|p1a: Jirachi|Fire Punch|p2a: Beedrill\n|-supereffective|p2a: Beedrill\n|-damage|p2a: Beedrill|0 fnt\n|faint|p2a: Beedrill\n|\n|-heal|p1a: Jirachi|35\/291|[from] item: Leftovers\n|upkeep\n|\n|t:|1664861908\n|switch|p2a: Kartana|Kartana, L80|139\/226\n|turn|21\n|c|\u2606arcex|I LOVEW IIT WEHW IJRNTEJKNTSGN JN AWAAWN TSKWN JWNTSRWEEYWYESGTGSYHTSHDJYUF\n|-message|arcex forfeited.\n|\n|win|EEEEEvolto\n|raw|EEEEEvolto's rating: 1575 &rarr; <strong>1606<\/strong><br \/>(+31 for winning)\n|raw|arcex's rating: 1778 &rarr; <strong>1747<\/strong><br \/>(-31 for losing)\n|l|\u2606arcex\n|l|\u2606EEEEEvolto\n|j|\u2606EEEEEvolto\n|player|p1|EEEEEvolto|101\n","inputlog":">version 6ac186ac1402e62445919ecb9d92d415187451bf\n>start {\"formatid\":\"gen7randombattle\",\"seed\":[15583,32869,29657,62088],\"rated\":\"Rated battle\"}\n>player p1 {\"name\":\"EEEEEvolto\",\"avatar\":\"101\",\"rating\":1575,\"seed\":[4972,17557,55483,29767]}\n>player p2 {\"name\":\"arcex\",\"avatar\":\"pokemonbreederf-gen4\",\"rating\":1778,\"seed\":[13637,26939,35875,42107]}\n>p1 switch 5\n>p2 move outrage zmove\n>p1 switch 6\n>p1 move dragondance\n>p2 move outrage\n>chat \u2606arcex|.\n>p1 move outrage zmove\n>p2 move outrage\n>p2 switch 5\n>p1 move thousandarrows\n>p2 move leafblade\n>p1 switch 5\n>p1 move closecombat\n>p2 switch 3\n>p1 move flareblitz\n>p2 move thunderbolt\n>p2 switch 2\n>p1 switch 4\n>p2 move shellsmash\n>p1 move encore\n>p2 move fireblast\n>p1 move thunderwave\n>p2 move shellsmash\n>p1 move bugbuzz\n>p2 move shellsmash\n>chat \u2606arcex|?????\n>chat \u2606arcex|'\n>p1 move encore\n>p2 switch 6\n>p1 switch 3\n>p2 move fireblast\n>p1 move tailslap\n>p2 switch 6\n>p1 move tailslap\n>p2 switch 6\n>p1 move tailslap\n>p2 move shellsmash\n>p1 move tailslap\n>p2 move ancientpower\n>p1 switch 4\n>p1 move closecombat\n>p2 move fireblast\n>p2 switch 4\n>p1 switch 2\n>p2 move poisonjab mega\n>p1 move firepunch\n>p2 move swordsdance\n>p1 move firepunch\n>p2 move drillrun\n>p2 switch 3\n>chat \u2606arcex|I LOVEW IIT WEHW IJRNTEJKNTSGN JN AWAAWN TSKWN JWNTSRWEEYWYESGTGSYHTSHDJYUF\n>forcelose p2","uploadtime":1664861962,"views":16,"p1id":"eeeeevolto","p2id":"arcex","formatid":"gen7randombattle","rating":1606,"private":0,"password":null}