{"id":"gen7ou-1695033003","p1":"Darkman64","p2":"Cinarguncavdi2231","format":"gen7ou","log":"|j|\u2606Darkman64\n|j|\u2606Cinarguncavdi2231\n|t:|1666755157\n|gametype|singles\n|player|p1|Darkman64|juan|1533\n|player|p2|Cinarguncavdi2231|guitarist-gen4|1566\n|teamsize|p1|6\n|teamsize|p2|6\n|gen|7\n|tier|[Gen 7] OU\n|rated|\n|rule|Sleep Clause Mod: Limit one foe put to sleep\n|rule|Species Clause: Limit one of each Pok\u00e9mon\n|rule|OHKO Clause: OHKO moves are banned\n|rule|Moody Clause: Moody is banned\n|rule|Evasion Items Clause: Evasion items are banned\n|rule|Evasion Moves Clause: Evasion moves are banned\n|rule|Endless Battle Clause: Forcing endless battles is banned\n|rule|HP Percentage Mod: HP is shown in percentages\n|clearpoke\n|poke|p1|Lopunny, M|item\n|poke|p1|Celesteela|item\n|poke|p1|Hoopa-Unbound|item\n|poke|p1|Garchomp, F|item\n|poke|p1|Rotom-Wash|item\n|poke|p1|Volcarona, M|item\n|poke|p2|Manectric, M|item\n|poke|p2|Garchomp, M|item\n|poke|p2|Ferrothorn, M|item\n|poke|p2|Tapu Fini|item\n|poke|p2|Magearna|item\n|poke|p2|Machamp, M|item\n|teampreview\n|inactive|Battle timer is ON: inactive players will automatically lose when time's up. (requested by Cinarguncavdi2231)\n|\n|t:|1666755172\n|start\n|switch|p1a: Lopunny|Lopunny, M|100\/100\n|switch|p2a: Machamp|Machamp, M|100\/100\n|turn|1\n|\n|t:|1666755179\n|switch|p2a: Tapu Fini|Tapu Fini|100\/100\n|-fieldstart|move: Misty Terrain|[from] ability: Misty Surge|[of] p2a: Tapu Fini\n|detailschange|p1a: Lopunny|Lopunny-Mega, M\n|-mega|p1a: Lopunny|Lopunny|Lopunnite\n|move|p1a: Lopunny|Fake Out|p2a: Tapu Fini\n|-damage|p2a: Tapu Fini|86\/100\n|\n|-heal|p2a: Tapu Fini|92\/100|[from] item: Leftovers\n|upkeep\n|turn|2\n|\n|t:|1666755186\n|switch|p1a: Celesteela|Celesteela|100\/100\n|move|p2a: Tapu Fini|Moonblast|p1a: Celesteela\n|-resisted|p1a: Celesteela\n|-damage|p1a: Celesteela|90\/100\n|\n|-heal|p2a: Tapu Fini|98\/100|[from] item: Leftovers\n|-heal|p1a: Celesteela|96\/100|[from] item: Leftovers\n|upkeep\n|turn|3\n|\n|t:|1666755189\n|move|p2a: Tapu Fini|Taunt|p1a: Celesteela\n|-start|p1a: Celesteela|move: Taunt\n|cant|p1a: Celesteela|move: Taunt|Leech Seed\n|\n|-heal|p2a: Tapu Fini|100\/100|[from] item: Leftovers\n|-heal|p1a: Celesteela|100\/100|[from] item: Leftovers\n|upkeep\n|turn|4\n|\n|t:|1666755195\n|switch|p2a: Ferrothorn|Ferrothorn, M|100\/100\n|move|p1a: Celesteela|Flamethrower|p2a: Ferrothorn\n|-supereffective|p2a: Ferrothorn\n|-damage|p2a: Ferrothorn|49\/100\n|\n|-heal|p2a: Ferrothorn|56\/100|[from] item: Leftovers\n|upkeep\n|turn|5\n|\n|t:|1666755201\n|move|p1a: Celesteela|Flamethrower|p2a: Ferrothorn\n|-supereffective|p2a: Ferrothorn\n|-damage|p2a: Ferrothorn|3\/100\n|move|p2a: Ferrothorn|Knock Off|p1a: Celesteela\n|-damage|p1a: Celesteela|84\/100\n|-enditem|p1a: Celesteela|Leftovers|[from] move: Knock Off|[of] p2a: Ferrothorn\n|\n|-heal|p2a: Ferrothorn|10\/100|[from] item: Leftovers\n|-end|p1a: Celesteela|move: Taunt\n|-fieldend|Misty Terrain\n|upkeep\n|turn|6\n|\n|t:|1666755206\n|switch|p2a: Machamp|Machamp, M|100\/100\n|move|p1a: Celesteela|Heavy Slam|p2a: Machamp\n|-damage|p2a: Machamp|58\/100\n|\n|upkeep\n|turn|7\n|\n|t:|1666755212\n|switch|p1a: Volcarona|Volcarona, M|100\/100\n|move|p2a: Machamp|Dynamic Punch|p1a: Volcarona\n|-resisted|p1a: Volcarona\n|-damage|p1a: Volcarona|52\/100\n|-start|p1a: Volcarona|confusion\n|\n|upkeep\n|turn|8\n|\n|t:|1666755217\n|-activate|p1a: Volcarona|confusion\n|move|p1a: Volcarona|Fire Blast|p2a: Machamp\n|-damage|p2a: Machamp|18\/100\n|move|p2a: Machamp|Stone Edge|p1a: Volcarona\n|-supereffective|p1a: Volcarona\n|-damage|p1a: Volcarona|0 fnt\n|faint|p1a: Volcarona\n|\n|upkeep\n|\n|t:|1666755222\n|switch|p1a: Rotom|Rotom-Wash|100\/100\n|turn|9\n|\n|t:|1666755231\n|move|p1a: Rotom|Volt Switch|p2a: Machamp\n|-crit|p2a: Machamp\n|-damage|p2a: Machamp|0 fnt\n|faint|p2a: Machamp\n|\n|t:|1666755236\n|switch|p1a: Lopunny|Lopunny-Mega, M|100\/100|[from]move: Volt Switch\n|\n|upkeep\n|\n|t:|1666755246\n|switch|p2a: Tapu Fini|Tapu Fini|100\/100\n|-fieldstart|move: Misty Terrain|[from] ability: Misty Surge|[of] p2a: Tapu Fini\n|turn|10\n|\n|t:|1666755252\n|move|p1a: Lopunny|Fake Out|p2a: Tapu Fini\n|-damage|p2a: Tapu Fini|85\/100\n|cant|p2a: Tapu Fini|flinch\n|\n|-heal|p2a: Tapu Fini|91\/100|[from] item: Leftovers\n|upkeep\n|turn|11\n|\n|t:|1666755255\n|switch|p1a: Celesteela|Celesteela|84\/100\n|move|p2a: Tapu Fini|Surf|p1a: Celesteela\n|-damage|p1a: Celesteela|65\/100\n|\n|-heal|p2a: Tapu Fini|97\/100|[from] item: Leftovers\n|upkeep\n|turn|12\n|\n|t:|1666755260\n|move|p2a: Tapu Fini|Taunt|p1a: Celesteela\n|-start|p1a: Celesteela|move: Taunt\n|move|p1a: Celesteela|Heavy Slam|p2a: Tapu Fini\n|-damage|p2a: Tapu Fini|69\/100\n|\n|-heal|p2a: Tapu Fini|75\/100|[from] item: Leftovers\n|upkeep\n|turn|13\n|\n|t:|1666755264\n|switch|p1a: Rotom|Rotom-Wash|100\/100\n|move|p2a: Tapu Fini|Surf|p1a: Rotom\n|-resisted|p1a: Rotom\n|-damage|p1a: Rotom|84\/100\n|\n|-heal|p2a: Tapu Fini|82\/100|[from] item: Leftovers\n|upkeep\n|turn|14\n|\n|t:|1666755268\n|switch|p2a: Manectric|Manectric, M|100\/100\n|move|p1a: Rotom|Volt Switch|p2a: Manectric\n|-ability|p2a: Manectric|Lightning Rod|boost\n|-boost|p2a: Manectric|spa|1\n|\n|-fieldend|Misty Terrain\n|upkeep\n|turn|15\n|\n|t:|1666755274\n|switch|p1a: Garchomp|Garchomp, F|100\/100\n|detailschange|p2a: Manectric|Manectric-Mega, M\n|-mega|p2a: Manectric|Manectric|Manectite\n|-ability|p2a: Manectric|Intimidate|boost\n|-unboost|p1a: Garchomp|atk|1\n|move|p2a: Manectric|Hidden Power|p1a: Garchomp\n|-supereffective|p1a: Garchomp\n|-damage|p1a: Garchomp|0 fnt\n|faint|p1a: Garchomp\n|\n|upkeep\n|\n|t:|1666755282\n|switch|p1a: Lopunny|Lopunny-Mega, M|100\/100\n|turn|16\n|\n|t:|1666755284\n|switch|p2a: Ferrothorn|Ferrothorn, M|10\/100\n|move|p1a: Lopunny|Fake Out|p2a: Ferrothorn\n|-resisted|p2a: Ferrothorn\n|-damage|p2a: Ferrothorn|1\/100\n|-damage|p1a: Lopunny|88\/100|[from] ability: Iron Barbs|[of] p2a: Ferrothorn\n|\n|-heal|p2a: Ferrothorn|7\/100|[from] item: Leftovers\n|upkeep\n|turn|17\n|\n|t:|1666755292\n|move|p1a: Lopunny|Power-Up Punch|p2a: Ferrothorn\n|-supereffective|p2a: Ferrothorn\n|-damage|p2a: Ferrothorn|0 fnt\n|-boost|p1a: Lopunny|atk|1\n|-damage|p1a: Lopunny|76\/100|[from] ability: Iron Barbs|[of] p2a: Ferrothorn\n|faint|p2a: Ferrothorn\n|\n|upkeep\n|\n|t:|1666755298\n|switch|p2a: Tapu Fini|Tapu Fini|82\/100\n|-fieldstart|move: Misty Terrain|[from] ability: Misty Surge|[of] p2a: Tapu Fini\n|turn|18\n|\n|t:|1666755305\n|switch|p1a: Rotom|Rotom-Wash|84\/100\n|move|p2a: Tapu Fini|Moonblast|p1a: Rotom\n|-damage|p1a: Rotom|48\/100\n|\n|-heal|p2a: Tapu Fini|88\/100|[from] item: Leftovers\n|upkeep\n|turn|19\n|\n|t:|1666755312\n|move|p1a: Rotom|Hydro Pump|p2a: Tapu Fini|[miss]\n|-miss|p1a: Rotom|p2a: Tapu Fini\n|move|p2a: Tapu Fini|Moonblast|p1a: Rotom\n|-damage|p1a: Rotom|12\/100\n|-unboost|p1a: Rotom|spa|1\n|-enditem|p1a: Rotom|Wiki Berry|[eat]\n|-heal|p1a: Rotom|62\/100|[from] item: Wiki Berry\n|\n|-heal|p2a: Tapu Fini|94\/100|[from] item: Leftovers\n|upkeep\n|turn|20\n|\n|t:|1666755318\n|move|p1a: Rotom|Volt Switch|p2a: Tapu Fini\n|-supereffective|p2a: Tapu Fini\n|-damage|p2a: Tapu Fini|66\/100\n|\n|t:|1666755320\n|switch|p1a: Celesteela|Celesteela|65\/100|[from]move: Volt Switch\n|move|p2a: Tapu Fini|Surf|p1a: Celesteela\n|-damage|p1a: Celesteela|46\/100\n|\n|-heal|p2a: Tapu Fini|72\/100|[from] item: Leftovers\n|upkeep\n|turn|21\n|\n|t:|1666755325\n|switch|p1a: Hoopa|Hoopa-Unbound|100\/100\n|move|p2a: Tapu Fini|Taunt|p1a: Hoopa\n|-start|p1a: Hoopa|move: Taunt\n|\n|-heal|p2a: Tapu Fini|78\/100|[from] item: Leftovers\n|upkeep\n|turn|22\n|\n|t:|1666755328\n|move|p1a: Hoopa|Gunk Shot|p2a: Tapu Fini\n|-supereffective|p2a: Tapu Fini\n|-damage|p2a: Tapu Fini|0 fnt\n|faint|p2a: Tapu Fini\n|\n|-fieldend|Misty Terrain\n|upkeep\n|\n|t:|1666755342\n|switch|p2a: Manectric|Manectric-Mega, M|100\/100\n|-ability|p2a: Manectric|Intimidate|boost\n|-unboost|p1a: Hoopa|atk|1\n|turn|23\n|\n|t:|1666755346\n|move|p2a: Manectric|Thunderbolt|p1a: Hoopa\n|-damage|p1a: Hoopa|54\/100\n|move|p1a: Hoopa|Gunk Shot|p2a: Manectric|[miss]\n|-miss|p1a: Hoopa|p2a: Manectric\n|\n|-end|p1a: Hoopa|move: Taunt\n|upkeep\n|turn|24\n|\n|t:|1666755354\n|switch|p1a: Celesteela|Celesteela|46\/100\n|move|p2a: Manectric|Volt Switch|p1a: Celesteela\n|-supereffective|p1a: Celesteela\n|-damage|p1a: Celesteela|2\/100\n|\n|t:|1666755360\n|switch|p2a: Magearna|Magearna|100\/100|[from]move: Volt Switch\n|\n|upkeep\n|turn|25\n|\n|t:|1666755366\n|move|p2a: Magearna|Iron Head|p1a: Celesteela\n|-resisted|p1a: Celesteela\n|-damage|p1a: Celesteela|0 fnt\n|faint|p1a: Celesteela\n|-ability|p2a: Magearna|Soul-Heart|boost\n|-boost|p2a: Magearna|spa|1\n|\n|upkeep\n|\n|t:|1666755370\n|switch|p1a: Hoopa|Hoopa-Unbound|54\/100\n|turn|26\n|\n|t:|1666755375\n|move|p1a: Hoopa|Fire Punch|p2a: Magearna\n|-supereffective|p2a: Magearna\n|-damage|p2a: Magearna|6\/100\n|move|p2a: Magearna|Shift Gear|p2a: Magearna\n|-boost|p2a: Magearna|spe|2\n|-boost|p2a: Magearna|atk|1\n|\n|upkeep\n|turn|27\n|\n|t:|1666755381\n|-zpower|p2a: Magearna\n|move|p2a: Magearna|Twinkle Tackle|p1a: Hoopa|[zeffect]\n|-supereffective|p1a: Hoopa\n|-damage|p1a: Hoopa|0 fnt\n|faint|p1a: Hoopa\n|-ability|p2a: Magearna|Soul-Heart|boost\n|-boost|p2a: Magearna|spa|1\n|\n|upkeep\n|\n|t:|1666755384\n|switch|p1a: Lopunny|Lopunny-Mega, M|76\/100\n|turn|28\n|\n|t:|1666755387\n|move|p1a: Lopunny|Fake Out|p2a: Magearna\n|-resisted|p2a: Magearna\n|-damage|p2a: Magearna|0 fnt\n|faint|p2a: Magearna\n|\n|upkeep\n|\n|t:|1666755393\n|switch|p2a: Garchomp|Garchomp, M|100\/100\n|turn|29\n|\n|t:|1666755398\n|switch|p1a: Rotom|Rotom-Wash|62\/100\n|move|p2a: Garchomp|Outrage|p1a: Rotom\n|-damage|p1a: Rotom|10\/100\n|\n|upkeep\n|turn|30\n|\n|t:|1666755400\n|move|p2a: Garchomp|Outrage|p1a: Rotom|[from]lockedmove\n|-damage|p1a: Rotom|0 fnt\n|faint|p1a: Rotom\n|\n|upkeep\n|\n|t:|1666755402\n|switch|p1a: Lopunny|Lopunny-Mega, M|76\/100\n|turn|31\n|\n|t:|1666755404\n|move|p1a: Lopunny|Fake Out|p2a: Garchomp\n|-damage|p2a: Garchomp|78\/100\n|-damage|p1a: Lopunny|64\/100|[from] ability: Rough Skin|[of] p2a: Garchomp\n|cant|p2a: Garchomp|flinch\n|\n|-start|p2a: Garchomp|confusion|[fatigue]\n|upkeep\n|turn|32\n|\n|t:|1666755407\n|switch|p2a: Manectric|Manectric-Mega, M|100\/100\n|-ability|p2a: Manectric|Intimidate|boost\n|-unboost|p1a: Lopunny|atk|1\n|move|p1a: Lopunny|Power-Up Punch|p2a: Manectric\n|-damage|p2a: Manectric|79\/100\n|-boost|p1a: Lopunny|atk|1\n|\n|upkeep\n|turn|33\n|\n|t:|1666755414\n|move|p1a: Lopunny|High Jump Kick|p2a: Manectric\n|-damage|p2a: Manectric|0 fnt\n|faint|p2a: Manectric\n|\n|upkeep\n|\n|t:|1666755417\n|switch|p2a: Garchomp|Garchomp, M|78\/100\n|turn|34\n|c|\u2606Darkman64|gg\n|\n|t:|1666755421\n|move|p2a: Garchomp|Outrage|p1a: Lopunny\n|-damage|p1a: Lopunny|0 fnt\n|faint|p1a: Lopunny\n|\n|win|Cinarguncavdi2231\n|raw|Darkman64's rating: 1533 &rarr; <strong>1515<\/strong><br \/>(-18 for losing)\n|raw|Cinarguncavdi2231's rating: 1566 &rarr; <strong>1584<\/strong><br \/>(+18 for winning)\n","uploadtime":1666755423,"views":8,"p1id":"darkman64","p2id":"cinarguncavdi2231","formatid":"gen7ou","rating":1515,"private":0,"password":null}