{"id":"gen7ou-722464745","p1":"jly8","p2":"I Zeusen \u2605","format":"gen7ou","log":"|j|\u2606jly8\n|j|\u2606I Zeusen \u2605\n|player|p1|jly8|80\n|player|p2|I Zeusen \u2605|287\n|teamsize|p1|6\n|teamsize|p2|6\n|gametype|singles\n|gen|7\n|tier|[Gen 7] OU\n|rated|\n|rule|Sleep Clause Mod: Limit one foe put to sleep\n|rule|Species Clause: Limit one of each Pok\u00e9mon\n|rule|OHKO Clause: OHKO moves are banned\n|rule|Moody Clause: Moody is banned\n|rule|Evasion Moves Clause: Evasion moves are banned\n|rule|Endless Battle Clause: Forcing endless battles is banned\n|rule|HP Percentage Mod: HP is shown in percentages\n|clearpoke\n|poke|p1|Magearna|item\n|poke|p1|Zapdos|item\n|poke|p1|Torkoal, F|item\n|poke|p1|Venusaur, M|item\n|poke|p1|Medicham, F|item\n|poke|p1|Kyurem-Black|item\n|poke|p2|Tapu Koko|item\n|poke|p2|Scizor, M|item\n|poke|p2|Heatran, F|item\n|poke|p2|Landorus-Therian, M|item\n|poke|p2|Hoopa-Unbound|item\n|poke|p2|Amoonguss, F|item\n|teampreview\n|inactive|Battle timer is ON: inactive players will automatically lose when time's up. (requested by I Zeusen \u2605)\n|inactive|jly8 has 135 seconds left.\n|inactive|jly8 has 120 seconds left.\n|j| Edctgb\n|\n|start\n|switch|p1a: Magearna|Magearna|100\/100\n|switch|p2a: KOKO LOKO|Tapu Koko|100\/100\n|-fieldstart|move: Electric Terrain|[from] ability: Electric Surge|[of] p2a: KOKO LOKO\n|turn|1\n|\n|move|p2a: KOKO LOKO|U-turn|p1a: Magearna\n|-resisted|p1a: Magearna\n|-damage|p1a: Magearna|97\/100\n|\n|switch|p2a: LAND(OU)RUS|Landorus-Therian, M|100\/100\n|-ability|p2a: LAND(OU)RUS|Intimidate|boost\n|-unboost|p1a: Magearna|atk|1\n|move|p1a: Magearna|Volt Switch|p2a: LAND(OU)RUS\n|-immune|p2a: LAND(OU)RUS|[msg]\n|\n|upkeep\n|turn|2\n|\n|switch|p1a: Zapdos|Zapdos|100\/100\n|-ability|p1a: Zapdos|Pressure\n|move|p2a: LAND(OU)RUS|U-turn|p1a: Zapdos\n|-resisted|p1a: Zapdos\n|-damage|p1a: Zapdos|92\/100\n|\n|switch|p2a: KOKO LOKO|Tapu Koko|100\/100\n|\n|-heal|p1a: Zapdos|98\/100|[from] item: Leftovers\n|upkeep\n|turn|3\n|\n|-zpower|p2a: KOKO LOKO\n|move|p2a: KOKO LOKO|Gigavolt Havoc|p1a: Zapdos|[zeffect]\n|-damage|p1a: Zapdos|0 fnt\n|faint|p1a: Zapdos\n|\n|upkeep\n|\n|switch|p1a: Magearna|Magearna|97\/100\n|turn|4\n|\n|switch|p2a: HEATAH|Heatran, F|100\/100\n|move|p1a: Magearna|Fleur Cannon|p2a: HEATAH\n|-resisted|p2a: HEATAH\n|-damage|p2a: HEATAH|89\/100\n|-unboost|p1a: Magearna|spa|2\n|\n|-heal|p2a: HEATAH|95\/100|[from] item: Leftovers\n|upkeep\n|turn|5\n|\n|move|p2a: HEATAH|Stealth Rock|p1a: Magearna\n|-sidestart|p1: jly8|move: Stealth Rock\n|move|p1a: Magearna|Volt Switch|p2a: HEATAH\n|-damage|p2a: HEATAH|81\/100\n|\n|switch|p1a: Medicham|Medicham, F|100\/100\n|-damage|p1a: Medicham|94\/100|[from] Stealth Rock\n|\n|-heal|p2a: HEATAH|87\/100|[from] item: Leftovers\n|-fieldend|move: Electric Terrain\n|upkeep\n|turn|6\n|\n|switch|p2a: KOKO LOKO|Tapu Koko|100\/100\n|-fieldstart|move: Electric Terrain|[from] ability: Electric Surge|[of] p2a: KOKO LOKO\n|-mega|p1a: Medicham|Medicham|Medichamite\n|detailschange|p1a: Medicham|Medicham-Mega, F\n|move|p1a: Medicham|Ice Punch|p2a: KOKO LOKO\n|-damage|p2a: KOKO LOKO|44\/100\n|\n|upkeep\n|turn|7\n|\n|switch|p1a: Magearna|Magearna|97\/100\n|-damage|p1a: Magearna|91\/100|[from] Stealth Rock\n|move|p2a: KOKO LOKO|Thunderbolt|p1a: Magearna\n|-damage|p1a: Magearna|60\/100\n|\n|upkeep\n|turn|8\n|\n|move|p2a: KOKO LOKO|U-turn|p1a: Magearna\n|-resisted|p1a: Magearna\n|-damage|p1a: Magearna|57\/100\n|\n|switch|p2a: LAND(OU)RUS|Landorus-Therian, M|100\/100\n|-ability|p2a: LAND(OU)RUS|Intimidate|boost\n|-unboost|p1a: Magearna|atk|1\n|move|p1a: Magearna|Flash Cannon|p2a: LAND(OU)RUS\n|-damage|p2a: LAND(OU)RUS|52\/100\n|\n|upkeep\n|turn|9\n|\n|move|p2a: LAND(OU)RUS|Earthquake|p1a: Magearna\n|-supereffective|p1a: Magearna\n|-damage|p1a: Magearna|0 fnt\n|faint|p1a: Magearna\n|\n|upkeep\n|\n|switch|p1a: Kyurem|Kyurem-Black|100\/100\n|-damage|p1a: Kyurem|76\/100|[from] Stealth Rock\n|-ability|p1a: Kyurem|Teravolt\n|turn|10\n|\n|switch|p2a: RED RANGER|Scizor, M|100\/100\n|move|p1a: Kyurem|Ice Beam|p2a: RED RANGER\n|-resisted|p2a: RED RANGER\n|-damage|p2a: RED RANGER|80\/100\n|\n|-fieldend|move: Electric Terrain\n|upkeep\n|turn|11\n|\n|-mega|p2a: RED RANGER|Scizor|Scizorite\n|detailschange|p2a: RED RANGER|Scizor-Mega, M\n|-zpower|p1a: Kyurem\n|move|p1a: Kyurem|Subzero Slammer|p2a: RED RANGER|[zeffect]\n|-resisted|p2a: RED RANGER\n|-damage|p2a: RED RANGER|45\/100\n|move|p2a: RED RANGER|U-turn|p1a: Kyurem\n|-crit|p1a: Kyurem\n|-damage|p1a: Kyurem|28\/100\n|\n|switch|p2a: LAND(OU)RUS|Landorus-Therian, M|52\/100\n|-ability|p2a: LAND(OU)RUS|Intimidate|boost\n|-unboost|p1a: Kyurem|atk|1\n|\n|upkeep\n|turn|12\n|-message|jly8 forfeited.\n|\n|win|I Zeusen \u2605\n|l|\u2606jly8\n","inputlog":null,"uploadtime":1521843276,"views":3,"p1id":"jly8","p2id":"izeusen","formatid":"gen7ou","rating":0,"private":0,"password":null}