{"id":"gen7ubers-902031645","p1":"shardul888","p2":"wiener boop","format":"gen7ubers","log":"|j|\u2606shardul888\n|j|\u2606wiener boop\n|player|p1|shardul888|92\n|player|p2|wiener boop|2\n|teamsize|p1|6\n|teamsize|p2|6\n|gametype|singles\n|gen|7\n|tier|[Gen 7] Ubers\n|rated|\n|rule|Sleep Clause Mod: Limit one foe put to sleep\n|rule|Species Clause: Limit one of each Pok\u00e9mon\n|rule|OHKO Clause: OHKO moves are banned\n|rule|Moody Clause: Moody is banned\n|rule|Evasion Moves Clause: Evasion moves are banned\n|rule|Endless Battle Clause: Forcing endless battles is banned\n|rule|HP Percentage Mod: HP is shown in percentages\n|clearpoke\n|poke|p1|Venusaur, F|item\n|poke|p1|Dragonite, M|item\n|poke|p1|Conkeldurr, M|item\n|poke|p1|Gliscor, M|item\n|poke|p1|Volcarona, F|item\n|poke|p1|Umbreon, M|item\n|poke|p2|Azumarill, F|item\n|poke|p2|Darkrai|item\n|poke|p2|Kyogre|item\n|poke|p2|Skarmory, M|item\n|poke|p2|Garchomp, M|item\n|poke|p2|Ditto|item\n|rule|Mega Rayquaza Clause: You cannot mega evolve Rayquaza\n|teampreview\n|\n|start\n|switch|p1a: Volcarona|Volcarona, F|100\/100\n|switch|p2a: Darkrai|Darkrai|100\/100\n|turn|1\n|\n|move|p2a: Darkrai|Hypnosis|p1a: Volcarona|[miss]\n|-miss|p2a: Darkrai|p1a: Volcarona\n|move|p1a: Volcarona|Bug Buzz|p2a: Darkrai\n|-supereffective|p2a: Darkrai\n|-damage|p2a: Darkrai|0 fnt\n|faint|p2a: Darkrai\n|\n|upkeep\n|\n|switch|p2a: Garchomp|Garchomp, M|100\/100\n|turn|2\n|\n|switch|p1a: Gliscor|Gliscor, M|100\/100\n|move|p2a: Garchomp|Stone Edge|p1a: Gliscor\n|-damage|p1a: Gliscor|76\/100\n|\n|-status|p1a: Gliscor|tox|[from] item: Toxic Orb\n|upkeep\n|turn|3\n|inactive|Battle timer is ON: inactive players will automatically lose when time's up. (requested by shardul888)\n|\n|switch|p2a: Kyogre|Kyogre|100\/100\n|detailschange|p2a: Kyogre|Kyogre-Primal\n|-primal|p2a: Kyogre\n|-weather|PrimordialSea|[from] ability: Primordial Sea|[of] p2a: Kyogre\n|move|p1a: Gliscor|Toxic|p2a: Kyogre\n|-status|p2a: Kyogre|tox\n|\n|-weather|PrimordialSea|[upkeep]\n|-heal|p1a: Gliscor|88\/100 tox|[from] ability: Poison Heal\n|-damage|p2a: Kyogre|94\/100 tox|[from] psn\n|upkeep\n|turn|4\n|\n|move|p1a: Gliscor|Protect|p1a: Gliscor\n|-singleturn|p1a: Gliscor|Protect\n|move|p2a: Kyogre|Scald|p1a: Gliscor\n|-activate|p1a: Gliscor|move: Protect\n|\n|-weather|PrimordialSea|[upkeep]\n|-heal|p1a: Gliscor|100\/100 tox|[from] ability: Poison Heal\n|-damage|p2a: Kyogre|82\/100 tox|[from] psn\n|upkeep\n|turn|5\n|\n|switch|p1a: Umbreon|Umbreon, M|100\/100\n|move|p2a: Kyogre|Scald||[still]\n|-damage|p1a: Umbreon|56\/100\n|-status|p1a: Umbreon|brn\n|-activate|p1a: Umbreon|ability: Synchronize\n|-fail|p1a: Umbreon\n|\n|-weather|PrimordialSea|[upkeep]\n|-heal|p1a: Umbreon|62\/100 brn|[from] item: Leftovers\n|-damage|p2a: Kyogre|63\/100 tox|[from] psn\n|-damage|p1a: Umbreon|56\/100 brn|[from] brn\n|upkeep\n|turn|6\n|\n|move|p2a: Kyogre|Rest|p2a: Kyogre\n|-status|p2a: Kyogre|slp\n|-heal|p2a: Kyogre|100\/100 slp|[silent]\n|-status|p2a: Kyogre|slp|[from] move: Rest\n|move|p1a: Umbreon|Heal Bell|p1a: Umbreon\n|-activate|p1a: Umbreon|move: Heal Bell\n|-curestatus|p1a: Umbreon|brn|[msg]\n|-curestatus|p1: Gliscor|tox|[msg]\n|\n|-weather|PrimordialSea|[upkeep]\n|-heal|p1a: Umbreon|62\/100|[from] item: Leftovers\n|upkeep\n|turn|7\n|\n|switch|p1a: Venusaur|Venusaur, F|100\/100\n|cant|p2a: Kyogre|slp\n|move|p2a: Kyogre|Sleep Talk|p2a: Kyogre\n|move|p2a: Kyogre|Rest|p2a: Kyogre|[from]Sleep Talk\n|-fail|p2a: Kyogre\n|\n|-weather|PrimordialSea|[upkeep]\n|upkeep\n|turn|8\n|\n|-weather|none\n|switch|p2a: Skarmory|Skarmory, M|100\/100\n|detailschange|p1a: Venusaur|Venusaur-Mega, F\n|-mega|p1a: Venusaur|Venusaur|Venusaurite\n|move|p1a: Venusaur|Leech Seed|p2a: Skarmory\n|-start|p2a: Skarmory|move: Leech Seed\n|\n|-damage|p2a: Skarmory|88\/100|[from] Leech Seed|[of] p1a: Venusaur\n|upkeep\n|turn|9\n|\n|switch|p1a: Umbreon|Umbreon, M|62\/100\n|move|p2a: Skarmory|Stealth Rock|p1a: Umbreon\n|-sidestart|p1: shardul888|move: Stealth Rock\n|\n|-heal|p1a: Umbreon|68\/100|[from] item: Leftovers\n|-damage|p2a: Skarmory|76\/100|[from] Leech Seed|[of] p1a: Umbreon\n|-heal|p1a: Umbreon|79\/100|[silent]\n|upkeep\n|turn|10\n|\n|switch|p1a: Gliscor|Gliscor, M|100\/100\n|-damage|p1a: Gliscor|88\/100|[from] Stealth Rock\n|move|p2a: Skarmory|Spikes|p1a: Gliscor\n|-sidestart|p1: shardul888|Spikes\n|\n|-damage|p2a: Skarmory|64\/100|[from] Leech Seed|[of] p1a: Gliscor\n|-heal|p1a: Gliscor|99\/100|[silent]\n|-status|p1a: Gliscor|tox|[from] item: Toxic Orb\n|upkeep\n|turn|11\n|\n|switch|p2a: Kyogre|Kyogre-Primal|100\/100 slp\n|-weather|PrimordialSea|[from] ability: Primordial Sea|[of] p2a: Kyogre\n|move|p1a: Gliscor|Defog|p2a: Kyogre\n|-unboost|p2a: Kyogre|evasion|1\n|-sideend|p1: shardul888|Spikes|[from] move: Defog|[of] p1a: Gliscor\n|-sideend|p1: shardul888|Stealth Rock|[from] move: Defog|[of] p1a: Gliscor\n|\n|-weather|PrimordialSea|[upkeep]\n|-heal|p1a: Gliscor|100\/100 tox|[from] ability: Poison Heal\n|upkeep\n|turn|12\n|\n|move|p1a: Gliscor|Toxic||[still]\n|-fail|p1a: Gliscor\n|cant|p2a: Kyogre|slp\n|move|p2a: Kyogre|Sleep Talk|p2a: Kyogre\n|move|p2a: Kyogre|Scald|p1a: Gliscor|[from]Sleep Talk\n|-supereffective|p1a: Gliscor\n|-damage|p1a: Gliscor|0 fnt\n|faint|p1a: Gliscor\n|\n|-weather|PrimordialSea|[upkeep]\n|upkeep\n|\n|switch|p1a: Venusaur|Venusaur-Mega, F|100\/100\n|turn|13\n|\n|-weather|none\n|switch|p2a: Skarmory|Skarmory, M|64\/100\n|move|p1a: Venusaur|Leech Seed|p2a: Skarmory|[miss]\n|-miss|p1a: Venusaur|p2a: Skarmory\n|\n|upkeep\n|turn|14\n|\n|switch|p1a: Volcarona|Volcarona, F|100\/100\n|move|p2a: Skarmory|Stealth Rock|p1a: Volcarona\n|-sidestart|p1: shardul888|move: Stealth Rock\n|\n|upkeep\n|turn|15\n|\n|move|p1a: Volcarona|Quiver Dance|p1a: Volcarona\n|-boost|p1a: Volcarona|spa|1\n|-boost|p1a: Volcarona|spd|1\n|-boost|p1a: Volcarona|spe|1\n|move|p2a: Skarmory|Toxic|p1a: Volcarona\n|-status|p1a: Volcarona|tox\n|\n|-damage|p1a: Volcarona|94\/100 tox|[from] psn\n|upkeep\n|turn|16\n|\n|move|p1a: Volcarona|Fiery Dance|p2a: Skarmory\n|-supereffective|p2a: Skarmory\n|-crit|p2a: Skarmory\n|-damage|p2a: Skarmory|0 fnt\n|faint|p2a: Skarmory\n|\n|-heal|p1a: Volcarona|100\/100 tox|[from] item: Leftovers\n|-damage|p1a: Volcarona|88\/100 tox|[from] psn\n|upkeep\n|\n|switch|p2a: Ditto|Ditto|100\/100\n|-transform|p2a: Ditto|p1a: Volcarona|[from] ability: Imposter\n|turn|17\n|\n|move|p2a: Ditto|Fiery Dance|p1a: Volcarona\n|-damage|p1a: Volcarona|36\/100 tox\n|move|p1a: Volcarona|Fiery Dance|p2a: Ditto\n|-damage|p2a: Ditto|52\/100\n|\n|-heal|p1a: Volcarona|42\/100 tox|[from] item: Leftovers\n|-damage|p1a: Volcarona|24\/100 tox|[from] psn\n|upkeep\n|turn|18\n|\n|move|p2a: Ditto|Fiery Dance|p1a: Volcarona\n|-damage|p1a: Volcarona|0 fnt\n|-boost|p2a: Ditto|spa|1\n|faint|p1a: Volcarona\n|\n|upkeep\n|\n|switch|p1a: Dragonite|Dragonite, M|100\/100\n|-damage|p1a: Dragonite|76\/100|[from] Stealth Rock\n|turn|19\n|\n|switch|p2a: Azumarill|Azumarill, F|100\/100\n|move|p1a: Dragonite|Extreme Speed|p2a: Azumarill\n|-damage|p2a: Azumarill|74\/100\n|\n|upkeep\n|turn|20\n|\n|switch|p1a: Venusaur|Venusaur-Mega, F|100\/100\n|-damage|p1a: Venusaur|88\/100|[from] Stealth Rock\n|move|p2a: Azumarill|Play Rough|p1a: Venusaur\n|-resisted|p1a: Venusaur\n|-damage|p1a: Venusaur|66\/100\n|\n|upkeep\n|turn|21\n|\n|switch|p2a: Garchomp|Garchomp, M|100\/100\n|move|p1a: Venusaur|Leech Seed|p2a: Garchomp\n|-start|p2a: Garchomp|move: Leech Seed\n|\n|-damage|p2a: Garchomp|88\/100|[from] Leech Seed|[of] p1a: Venusaur\n|-heal|p1a: Venusaur|79\/100|[silent]\n|upkeep\n|turn|22\n|\n|-zpower|p2a: Garchomp\n|move|p2a: Garchomp|Tectonic Rage|p1a: Venusaur|[zeffect]\n|-damage|p1a: Venusaur|8\/100\n|move|p1a: Venusaur|Giga Drain|p2a: Garchomp\n|-damage|p2a: Garchomp|48\/100\n|-heal|p1a: Venusaur|30\/100|[from] drain|[of] p2a: Garchomp\n|\n|-damage|p2a: Garchomp|36\/100|[from] Leech Seed|[of] p1a: Venusaur\n|-heal|p1a: Venusaur|43\/100|[silent]\n|upkeep\n|turn|23\n|\n|move|p2a: Garchomp|Earthquake|p1a: Venusaur\n|-damage|p1a: Venusaur|3\/100\n|move|p1a: Venusaur|Synthesis|p1a: Venusaur\n|-heal|p1a: Venusaur|53\/100\n|\n|-damage|p2a: Garchomp|23\/100|[from] Leech Seed|[of] p1a: Venusaur\n|-heal|p1a: Venusaur|66\/100|[silent]\n|upkeep\n|turn|24\n|\n|move|p2a: Garchomp|Earthquake|p1a: Venusaur\n|-damage|p1a: Venusaur|27\/100\n|move|p1a: Venusaur|Synthesis|p1a: Venusaur\n|-heal|p1a: Venusaur|77\/100\n|\n|-damage|p2a: Garchomp|11\/100|[from] Leech Seed|[of] p1a: Venusaur\n|-heal|p1a: Venusaur|90\/100|[silent]\n|upkeep\n|turn|25\n|\n|move|p2a: Garchomp|Earthquake|p1a: Venusaur\n|-damage|p1a: Venusaur|47\/100\n|move|p1a: Venusaur|Synthesis|p1a: Venusaur\n|-heal|p1a: Venusaur|97\/100\n|\n|-damage|p2a: Garchomp|0 fnt|[from] Leech Seed|[of] p1a: Venusaur\n|-heal|p1a: Venusaur|100\/100|[silent]\n|faint|p2a: Garchomp\n|upkeep\n|\n|switch|p2a: Kyogre|Kyogre-Primal|100\/100 slp\n|-weather|PrimordialSea|[from] ability: Primordial Sea|[of] p2a: Kyogre\n|turn|26\n|\n|-curestatus|p2a: Kyogre|slp|[msg]\n|move|p2a: Kyogre|Calm Mind|p2a: Kyogre\n|-boost|p2a: Kyogre|spa|1\n|-boost|p2a: Kyogre|spd|1\n|move|p1a: Venusaur|Leech Seed|p2a: Kyogre\n|-start|p2a: Kyogre|move: Leech Seed\n|\n|-weather|PrimordialSea|[upkeep]\n|-damage|p2a: Kyogre|88\/100|[from] Leech Seed|[of] p1a: Venusaur\n|upkeep\n|turn|27\n|\n|move|p2a: Kyogre|Calm Mind|p2a: Kyogre\n|-boost|p2a: Kyogre|spa|1\n|-boost|p2a: Kyogre|spd|1\n|move|p1a: Venusaur|Giga Drain|p2a: Kyogre\n|-supereffective|p2a: Kyogre\n|-crit|p2a: Kyogre\n|-damage|p2a: Kyogre|30\/100\n|\n|-weather|PrimordialSea|[upkeep]\n|-damage|p2a: Kyogre|17\/100|[from] Leech Seed|[of] p1a: Venusaur\n|upkeep\n|turn|28\n|\n|move|p2a: Kyogre|Rest|p2a: Kyogre\n|-status|p2a: Kyogre|slp\n|-heal|p2a: Kyogre|100\/100 slp|[silent]\n|-status|p2a: Kyogre|slp|[from] move: Rest\n|move|p1a: Venusaur|Giga Drain|p2a: Kyogre\n|-supereffective|p2a: Kyogre\n|-damage|p2a: Kyogre|83\/100 slp\n|\n|-weather|PrimordialSea|[upkeep]\n|-damage|p2a: Kyogre|70\/100 slp|[from] Leech Seed|[of] p1a: Venusaur\n|upkeep\n|turn|29\n|\n|cant|p2a: Kyogre|slp\n|move|p2a: Kyogre|Sleep Talk|p2a: Kyogre\n|move|p2a: Kyogre|Scald|p1a: Venusaur|[from]Sleep Talk\n|-resisted|p1a: Venusaur\n|-damage|p1a: Venusaur|46\/100\n|move|p1a: Venusaur|Giga Drain|p2a: Kyogre\n|-supereffective|p2a: Kyogre\n|-damage|p2a: Kyogre|52\/100 slp\n|-heal|p1a: Venusaur|57\/100|[from] drain|[of] p2a: Kyogre\n|\n|-weather|PrimordialSea|[upkeep]\n|-damage|p2a: Kyogre|40\/100 slp|[from] Leech Seed|[of] p1a: Venusaur\n|-heal|p1a: Venusaur|73\/100|[silent]\n|upkeep\n|turn|30\n|\n|cant|p2a: Kyogre|slp\n|move|p2a: Kyogre|Sleep Talk|p2a: Kyogre\n|move|p2a: Kyogre|Scald|p1a: Venusaur|[from]Sleep Talk\n|-resisted|p1a: Venusaur\n|-damage|p1a: Venusaur|17\/100\n|-status|p1a: Venusaur|brn\n|move|p1a: Venusaur|Giga Drain|p2a: Kyogre\n|-supereffective|p2a: Kyogre\n|-damage|p2a: Kyogre|20\/100 slp\n|-heal|p1a: Venusaur|29\/100 brn|[from] drain|[of] p2a: Kyogre\n|\n|-weather|PrimordialSea|[upkeep]\n|-damage|p2a: Kyogre|8\/100 slp|[from] Leech Seed|[of] p1a: Venusaur\n|-heal|p1a: Venusaur|44\/100 brn|[silent]\n|-damage|p1a: Venusaur|38\/100 brn|[from] brn\n|upkeep\n|turn|31\n|\n|-curestatus|p2a: Kyogre|slp|[msg]\n|move|p2a: Kyogre|Scald|p1a: Venusaur\n|-resisted|p1a: Venusaur\n|-damage|p1a: Venusaur|0 fnt\n|faint|p1a: Venusaur\n|\n|-weather|PrimordialSea|[upkeep]\n|upkeep\n|\n|switch|p1a: Dragonite|Dragonite, M|76\/100\n|-damage|p1a: Dragonite|51\/100|[from] Stealth Rock\n|turn|32\n|\n|move|p1a: Dragonite|Extreme Speed|p2a: Kyogre\n|-crit|p2a: Kyogre\n|-damage|p2a: Kyogre|0 fnt\n|faint|p2a: Kyogre\n|-weather|none\n|\n|upkeep\n|\n|switch|p2a: Azumarill|Azumarill, F|74\/100\n|turn|33\n|\n|move|p1a: Dragonite|Extreme Speed|p2a: Azumarill\n|-damage|p2a: Azumarill|42\/100\n|move|p2a: Azumarill|Play Rough|p1a: Dragonite|[miss]\n|-miss|p2a: Azumarill|p1a: Dragonite\n|\n|upkeep\n|turn|34\n|\n|move|p1a: Dragonite|Extreme Speed|p2a: Azumarill\n|-damage|p2a: Azumarill|11\/100\n|-enditem|p2a: Azumarill|Iapapa Berry|[eat]\n|-heal|p2a: Azumarill|61\/100|[from] item: Iapapa Berry\n|move|p2a: Azumarill|Play Rough|p1a: Dragonite|[miss]\n|-miss|p2a: Azumarill|p1a: Dragonite\n|\n|upkeep\n|turn|35\n|\n|move|p1a: Dragonite|Extreme Speed|p2a: Azumarill\n|-damage|p2a: Azumarill|34\/100\n|move|p2a: Azumarill|Play Rough|p1a: Dragonite|[miss]\n|-miss|p2a: Azumarill|p1a: Dragonite\n|\n|upkeep\n|turn|36\n|\n|move|p1a: Dragonite|Extreme Speed|p2a: Azumarill\n|-damage|p2a: Azumarill|5\/100\n|move|p2a: Azumarill|Play Rough|p1a: Dragonite\n|-supereffective|p1a: Dragonite\n|-damage|p1a: Dragonite|0 fnt\n|faint|p1a: Dragonite\n|\n|upkeep\n|\n|switch|p1a: Conkeldurr|Conkeldurr, M|100\/100\n|-damage|p1a: Conkeldurr|94\/100|[from] Stealth Rock\n|turn|37\n|\n|move|p2a: Azumarill|Aqua Jet|p1a: Conkeldurr\n|-damage|p1a: Conkeldurr|71\/100\n|move|p1a: Conkeldurr|Mach Punch|p2a: Azumarill\n|-resisted|p2a: Azumarill\n|-damage|p2a: Azumarill|0 fnt\n|faint|p2a: Azumarill\n|\n|-status|p1a: Conkeldurr|brn|[from] item: Flame Orb\n|upkeep\n|\n|switch|p2a: Ditto|Ditto|52\/100\n|-transform|p2a: Ditto|p1a: Conkeldurr|[from] ability: Imposter\n|turn|38\n|\n|move|p2a: Ditto|Drain Punch|p1a: Conkeldurr\n|-damage|p1a: Conkeldurr|30\/100 brn\n|-heal|p2a: Ditto|80\/100|[from] drain|[of] p1a: Conkeldurr\n|move|p1a: Conkeldurr|Drain Punch|p2a: Ditto\n|-damage|p2a: Ditto|0 fnt\n|-heal|p1a: Conkeldurr|59\/100 brn|[from] drain|[of] p2a: Ditto\n|faint|p2a: Ditto\n|\n|win|shardul888\n|raw|shardul888's rating: 1234 &rarr; <strong>1267<\/strong><br \/>(+33 for winning)\n|raw|wiener boop's rating: 1343 &rarr; <strong>1317<\/strong><br \/>(-26 for losing)\n|l|\u2606shardul888\n","uploadtime":1556711753,"views":0,"p1id":"shardul888","p2id":"wienerboop","formatid":"gen7ubers","rating":1267,"private":0,"password":null}