{"id":"gen7anythinggoes-1656172829","p1":"Meracx","p2":"Sainte pelle","format":"gen7anythinggoes","log":"|j|\u2606Meracx\n|j|\u2606Sainte pelle\n|t:|1662325599\n|gametype|singles\n|player|p1|Meracx|thorton|\n|player|p2|Sainte pelle|kris-masters|\n|teamsize|p1|6\n|teamsize|p2|6\n|gen|7\n|tier|[Gen 7] Anything Goes\n|rule|HP Percentage Mod: HP is shown in percentages\n|rule|Endless Battle Clause: Forcing endless battles is banned\n|clearpoke\n|poke|p1|Dragonite, F|item\n|poke|p1|Diancie|item\n|poke|p1|Gengar, F|item\n|poke|p1|Chesnaught, M|item\n|poke|p1|Golurk|item\n|poke|p1|Empoleon, F|item\n|poke|p2|Scizor, M|item\n|poke|p2|Kommo-o, F|item\n|poke|p2|Nidoqueen, F|item\n|poke|p2|Blastoise, M|item\n|poke|p2|Incineroar, F|item\n|poke|p2|Aerodactyl, M|item\n|teampreview\n|c|\u2606Meracx|hf\n|c|\u2606Sainte pelle|HF\n|\n|t:|1662325645\n|start\n|switch|p1a: Bernardo|Golurk|100\/100\n|switch|p2a: Blastoise|Blastoise, M|100\/100\n|turn|1\n|\n|t:|1662325656\n|move|p2a: Blastoise|Scald|p1a: Bernardo\n|-supereffective|p1a: Bernardo\n|-damage|p1a: Bernardo|38\/100\n|-status|p1a: Bernardo|brn\n|move|p1a: Bernardo|Thunder Punch|p2a: Blastoise\n|-supereffective|p2a: Blastoise\n|-damage|p2a: Blastoise|64\/100\n|-status|p2a: Blastoise|par\n|\n|-damage|p1a: Bernardo|32\/100 brn|[from] brn\n|upkeep\n|turn|2\n|c|\u2606Meracx|Et bah \u00e7a commence fort\n|\n|t:|1662325679\n|move|p1a: Bernardo|Thunder Punch|p2a: Blastoise\n|-supereffective|p2a: Blastoise\n|-damage|p2a: Blastoise|33\/100 par\n|move|p2a: Blastoise|Scald|p1a: Bernardo\n|-supereffective|p1a: Bernardo\n|-crit|p1a: Bernardo\n|-damage|p1a: Bernardo|0 fnt\n|faint|p1a: Bernardo\n|\n|upkeep\n|j| Kyussey\n|\n|t:|1662325689\n|switch|p1a: Irma|Diancie|100\/100\n|turn|3\n|j| Brayz\n|\n|t:|1662325760\n|switch|p2a: Nidoqueen|Nidoqueen, F|100\/100\n|move|p1a: Irma|Reflect|p1a: Irma\n|-sidestart|p1: Meracx|Reflect\n|\n|upkeep\n|turn|4\n|\n|t:|1662325801\n|detailschange|p1a: Irma|Diancie-Mega\n|-mega|p1a: Irma|Diancie|Diancite\n|move|p1a: Irma|Light Screen|p1a: Irma\n|-sidestart|p1: Meracx|move: Light Screen\n|move|p2a: Nidoqueen|Sludge Wave|p1a: Irma\n|-damage|p1a: Irma|79\/100\n|\n|upkeep\n|turn|5\n|\n|t:|1662325833\n|move|p1a: Irma|Stealth Rock|p2a: Nidoqueen\n|-sidestart|p2: Sainte pelle|move: Stealth Rock\n|move|p2a: Nidoqueen|Earth Power|p1a: Irma\n|-supereffective|p1a: Irma\n|-damage|p1a: Irma|35\/100\n|\n|upkeep\n|turn|6\n|\n|t:|1662325864\n|move|p1a: Irma|Explosion|p2a: Nidoqueen\n|-damage|p2a: Nidoqueen|0 fnt\n|faint|p1a: Irma\n|faint|p2a: Nidoqueen\n|\n|upkeep\n|\n|t:|1662325918\n|switch|p1a: Fortinbras|Empoleon, F|100\/100\n|switch|p2a: Blastoise|Blastoise, M|33\/100 par\n|-damage|p2a: Blastoise|20\/100 par|[from] Stealth Rock\n|turn|7\n|\n|t:|1662325943\n|move|p1a: Fortinbras|Agility|p1a: Fortinbras\n|-boost|p1a: Fortinbras|spe|2\n|move|p2a: Blastoise|Rapid Spin|p1a: Fortinbras\n|-resisted|p1a: Fortinbras\n|-damage|p1a: Fortinbras|99\/100\n|-sideend|p2: Sainte pelle|Stealth Rock|[from] move: Rapid Spin|[of] p2a: Blastoise\n|\n|-sideend|p1: Meracx|Reflect\n|upkeep\n|turn|8\n|\n|t:|1662325954\n|move|p1a: Fortinbras|Swords Dance|p1a: Fortinbras\n|-boost|p1a: Fortinbras|atk|2\n|move|p2a: Blastoise|Aura Sphere|p1a: Fortinbras\n|-supereffective|p1a: Fortinbras\n|-damage|p1a: Fortinbras|84\/100\n|-enditem|p1a: Fortinbras|Weakness Policy\n|-boost|p1a: Fortinbras|atk|2|[from] item: Weakness Policy\n|-boost|p1a: Fortinbras|spa|2|[from] item: Weakness Policy\n|\n|-sideend|p1: Meracx|move: Light Screen\n|upkeep\n|turn|9\n|\n|t:|1662325967\n|move|p1a: Fortinbras|Power Trip|p2a: Blastoise\n|-damage|p2a: Blastoise|0 fnt\n|faint|p2a: Blastoise\n|\n|upkeep\n|\n|t:|1662325982\n|switch|p2a: Kommo-o|Kommo-o, F|100\/100\n|turn|10\n|\n|t:|1662325988\n|move|p1a: Fortinbras|Drill Peck|p2a: Kommo-o\n|-supereffective|p2a: Kommo-o\n|-damage|p2a: Kommo-o|0 fnt\n|faint|p2a: Kommo-o\n|\n|upkeep\n|\n|t:|1662325999\n|switch|p2a: Aerodactyl|Aerodactyl, M|100\/100\n|-ability|p2a: Aerodactyl|Unnerve\n|turn|11\n|\n|t:|1662326003\n|move|p1a: Fortinbras|Power Trip|p2a: Aerodactyl\n|-damage|p2a: Aerodactyl|0 fnt\n|faint|p2a: Aerodactyl\n|\n|upkeep\n|-message|Sainte pelle forfeited.\n|\n|win|Meracx\n|l|\u2606Sainte pelle\n","uploadtime":1662326015,"views":29,"p1id":"meracx","p2id":"saintepelle","formatid":"gen7anythinggoes","rating":0,"private":0,"password":null}