{"id":"gen7letsgoou-830780983","p1":"Jakkkkkka","p2":"jahcuzzy","format":"gen7letsgoou","log":"|j|\u2606Jakkkkkka\n|j|\u2606jahcuzzy\n|player|p1|Jakkkkkka|137\n|player|p2|jahcuzzy|233\n|teamsize|p1|6\n|teamsize|p2|6\n|gametype|singles\n|gen|7\n|tier|[Gen 7 Let's Go] OU\n|rated|\n|rule|Species Clause: Limit one of each Pok\u00e9mon\n|rule|Evasion Moves Clause: Evasion moves are banned\n|rule|OHKO Clause: OHKO moves are banned\n|rule|Sleep Clause Mod: Limit one foe put to sleep\n|rule|HP Percentage Mod: HP is shown in percentages\n|clearpoke\n|poke|p1|Muk-Alola, L50, M|\n|poke|p1|Dragonite, L50, F|\n|poke|p1|Alakazam, L50, F|item\n|poke|p1|Rhydon, L50, F|\n|poke|p1|Mew, L50|\n|poke|p1|Zapdos, L50|\n|poke|p2|Melmetal, L50|\n|poke|p2|Mew, L50|\n|poke|p2|Muk-Alola, L50, M|\n|poke|p2|Machamp, L50, M|\n|poke|p2|Gengar, L50, M|item\n|poke|p2|Dragonite, L50, M|\n|teampreview\n|inactive|Battle timer is ON: inactive players will automatically lose when time's up. (requested by jahcuzzy)\n|\n|start\n|switch|p1a: Ener|Zapdos, L50|100\/100\n|switch|p2a: Gengar|Gengar, L50, M|100\/100\n|turn|1\n|\n|switch|p2a: Mew|Mew, L50|100\/100\n|switch|p1a: GRUUUUH|Muk-Alola, L50, M|100\/100\n|\n|upkeep\n|turn|2\n|\n|move|p2a: Mew|Will-O-Wisp|p1a: GRUUUUH\n|-status|p1a: GRUUUUH|brn\n|move|p1a: GRUUUUH|Toxic|p2a: Mew\n|-status|p2a: Mew|tox\n|\n|-damage|p2a: Mew|95\/100 tox|[from] psn\n|-damage|p1a: GRUUUUH|94\/100 brn|[from] brn\n|upkeep\n|turn|3\n|\n|move|p2a: Mew|Stealth Rock|p1a: GRUUUUH\n|-sidestart|p1: Jakkkkkka|move: Stealth Rock\n|move|p1a: GRUUUUH|Crunch|p2a: Mew\n|-supereffective|p2a: Mew\n|-damage|p2a: Mew|65\/100 tox\n|\n|-damage|p2a: Mew|54\/100 tox|[from] psn\n|-damage|p1a: GRUUUUH|88\/100 brn|[from] brn\n|upkeep\n|turn|4\n|\n|switch|p2a: Muk|Muk-Alola, L50, M|100\/100\n|move|p1a: GRUUUUH|Crunch|p2a: Muk\n|-resisted|p2a: Muk\n|-damage|p2a: Muk|92\/100\n|\n|-damage|p1a: GRUUUUH|82\/100 brn|[from] brn\n|upkeep\n|turn|5\n|\n|move|p2a: Muk|Crunch|p1a: GRUUUUH\n|-resisted|p1a: GRUUUUH\n|-damage|p1a: GRUUUUH|64\/100 brn\n|move|p1a: GRUUUUH|Fire Blast|p2a: Muk\n|-damage|p2a: Muk|75\/100\n|\n|-damage|p1a: GRUUUUH|58\/100 brn|[from] brn\n|upkeep\n|turn|6\n|\n|move|p2a: Muk|Crunch|p1a: GRUUUUH\n|-resisted|p1a: GRUUUUH\n|-damage|p1a: GRUUUUH|42\/100 brn\n|move|p1a: GRUUUUH|Fire Blast|p2a: Muk\n|-damage|p2a: Muk|59\/100\n|\n|-damage|p1a: GRUUUUH|35\/100 brn|[from] brn\n|upkeep\n|turn|7\n|j| Cogao\n|\n|switch|p2a: Dragonite|Dragonite, L50, M|100\/100\n|switch|p1a: Rhydon|Rhydon, L50, F|100\/100\n|-damage|p1a: Rhydon|94\/100|[from] Stealth Rock\n|\n|upkeep\n|turn|8\n|\n|move|p2a: Dragonite|Waterfall|p1a: Rhydon\n|-supereffective|p1a: Rhydon\n|-damage|p1a: Rhydon|5\/100\n|move|p1a: Rhydon|Rock Slide|p2a: Dragonite\n|-supereffective|p2a: Dragonite\n|-damage|p2a: Dragonite|21\/100\n|\n|upkeep\n|turn|9\n|\n|move|p2a: Dragonite|Waterfall|p1a: Rhydon\n|-supereffective|p1a: Rhydon\n|-damage|p1a: Rhydon|0 fnt\n|faint|p1a: Rhydon\n|\n|upkeep\n|\n|switch|p1a: Ibracadabra|Alakazam, L50, F|100\/100\n|-damage|p1a: Ibracadabra|88\/100|[from] Stealth Rock\n|turn|10\n|\n|detailschange|p1a: Ibracadabra|Alakazam-Mega, L50, F\n|-mega|p1a: Ibracadabra|Alakazam|\n|move|p1a: Ibracadabra|Shadow Ball|p2a: Dragonite\n|-damage|p2a: Dragonite|0 fnt\n|faint|p2a: Dragonite\n|\n|upkeep\n|\n|switch|p2a: Muk|Muk-Alola, L50, M|59\/100\n|turn|11\n|\n|switch|p1a: GRUUUUH|Muk-Alola, L50, M|35\/100 brn\n|-damage|p1a: GRUUUUH|23\/100 brn|[from] Stealth Rock\n|move|p2a: Muk|Crunch|p1a: GRUUUUH\n|-resisted|p1a: GRUUUUH\n|-damage|p1a: GRUUUUH|5\/100 brn\n|-unboost|p1a: GRUUUUH|def|1\n|\n|-damage|p1a: GRUUUUH|0 fnt|[from] brn\n|upkeep\n|faint|p1a: GRUUUUH\n|\n|switch|p1a: Ener|Zapdos, L50|100\/100\n|-damage|p1a: Ener|76\/100|[from] Stealth Rock\n|turn|12\n|\n|switch|p2a: Machamp|Machamp, L50, M|100\/100\n|move|p1a: Ener|Thunderbolt|p2a: Machamp\n|-damage|p2a: Machamp|45\/100\n|-status|p2a: Machamp|par\n|\n|upkeep\n|turn|13\n|j| Maximo Hierro\n|\n|move|p1a: Ener|Thunderbolt|p2a: Machamp\n|-damage|p2a: Machamp|0 fnt\n|faint|p2a: Machamp\n|\n|upkeep\n|\n|switch|p2a: Melmetal|Melmetal, L50|100\/100\n|turn|14\n|\n|move|p1a: Ener|Thunderbolt|p2a: Melmetal\n|-damage|p2a: Melmetal|55\/100\n|move|p2a: Melmetal|Rock Slide|p1a: Ener\n|-supereffective|p1a: Ener\n|-crit|p1a: Ener\n|-damage|p1a: Ener|0 fnt\n|faint|p1a: Ener\n|\n|upkeep\n|\n|switch|p1a: vener|Dragonite, L50, F|100\/100\n|-damage|p1a: vener|76\/100|[from] Stealth Rock\n|turn|15\n|\n|move|p1a: vener|Earthquake|p2a: Melmetal\n|-supereffective|p2a: Melmetal\n|-damage|p2a: Melmetal|20\/100\n|move|p2a: Melmetal|Thunder Wave|p1a: vener|[miss]\n|-miss|p2a: Melmetal|p1a: vener\n|\n|upkeep\n|turn|16\n|\n|move|p1a: vener|Substitute|p1a: vener\n|-start|p1a: vener|Substitute\n|-damage|p1a: vener|51\/100\n|move|p2a: Melmetal|Thunder Wave||[still]\n|-fail|p2a: Melmetal\n|\n|upkeep\n|turn|17\n|\n|move|p1a: vener|Earthquake|p2a: Melmetal\n|-supereffective|p2a: Melmetal\n|-damage|p2a: Melmetal|0 fnt\n|faint|p2a: Melmetal\n|\n|upkeep\n|\n|switch|p2a: Gengar|Gengar, L50, M|100\/100\n|turn|18\n|\n|detailschange|p2a: Gengar|Gengar-Mega, L50, M\n|-mega|p2a: Gengar|Gengar|\n|move|p2a: Gengar|Shadow Ball|p1a: vener\n|-end|p1a: vener|Substitute\n|move|p1a: vener|Earthquake|p2a: Gengar\n|-supereffective|p2a: Gengar\n|-damage|p2a: Gengar|10\/100\n|\n|upkeep\n|turn|19\n|\n|move|p2a: Gengar|Dazzling Gleam|p1a: vener\n|-supereffective|p1a: vener\n|-crit|p1a: vener\n|-damage|p1a: vener|0 fnt\n|faint|p1a: vener\n|\n|upkeep\n|\n|switch|p1a: Ibracadabra|Alakazam-Mega, L50, F|88\/100\n|-damage|p1a: Ibracadabra|76\/100|[from] Stealth Rock\n|turn|20\n|\n|switch|p2a: Mew|Mew, L50|54\/100 tox\n|move|p1a: Ibracadabra|Shadow Ball|p2a: Mew\n|-supereffective|p2a: Mew\n|-damage|p2a: Mew|0 fnt\n|faint|p2a: Mew\n|\n|upkeep\n|\n|switch|p2a: Muk|Muk-Alola, L50, M|59\/100\n|turn|21\n|\n|switch|p1a: The answer|Mew, L50|100\/100\n|-damage|p1a: The answer|88\/100|[from] Stealth Rock\n|move|p2a: Muk|Crunch|p1a: The answer\n|-supereffective|p1a: The answer\n|-damage|p1a: The answer|23\/100\n|\n|upkeep\n|turn|22\n|\n|move|p1a: The answer|Earthquake|p2a: Muk\n|-supereffective|p2a: Muk\n|-damage|p2a: Muk|5\/100\n|move|p2a: Muk|Rest|p2a: Muk\n|-status|p2a: Muk|slp\n|-heal|p2a: Muk|100\/100 slp|[silent]\n|-status|p2a: Muk|slp|[from] move: Rest\n|\n|upkeep\n|turn|23\n|\n|move|p1a: The answer|Earthquake|p2a: Muk\n|-supereffective|p2a: Muk\n|-damage|p2a: Muk|46\/100 slp\n|cant|p2a: Muk|slp\n|\n|upkeep\n|turn|24\n|\n|move|p1a: The answer|Earthquake|p2a: Muk\n|-supereffective|p2a: Muk\n|-damage|p2a: Muk|0 fnt\n|faint|p2a: Muk\n|\n|upkeep\n|-message|jahcuzzy forfeited.\n|\n|win|Jakkkkkka\n|l|\u2606jahcuzzy\n|c|\u2606Jakkkkkka|gg\n","uploadtime":1543954507,"views":1,"p1id":"jakkkkkka","p2id":"jahcuzzy","formatid":"gen7letsgoou","rating":0,"private":0,"password":null}