{"id":"gen7ou-735706733","p1":"H4WT \u272f","p2":"dtgjtgjdjjd","format":"gen7ou","log":"|j|\u2606H4WT \u272f\n|j|\u2606dtgjtgjdjjd\n|player|p1|H4WT \u272f|266\n|player|p2|dtgjtgjdjjd|255\n|teamsize|p1|6\n|teamsize|p2|6\n|gametype|singles\n|gen|7\n|tier|[Gen 7] OU\n|rated|\n|rule|Sleep Clause Mod: Limit one foe put to sleep\n|rule|Species Clause: Limit one of each Pok\u00e9mon\n|rule|OHKO Clause: OHKO moves are banned\n|rule|Moody Clause: Moody is banned\n|rule|Evasion Moves Clause: Evasion moves are banned\n|rule|Endless Battle Clause: Forcing endless battles is banned\n|rule|HP Percentage Mod: HP is shown in percentages\n|clearpoke\n|poke|p1|Latios, M|item\n|poke|p1|Excadrill, M|item\n|poke|p1|Greninja, M|item\n|poke|p1|Landorus-Therian, M|item\n|poke|p1|Scolipede, F|item\n|poke|p1|Tangrowth, F|item\n|poke|p2|Celesteela|item\n|poke|p2|Diancie|item\n|poke|p2|Volcarona, F|item\n|poke|p2|Kartana|item\n|poke|p2|Tapu Lele|item\n|poke|p2|Clefable, F|item\n|teampreview\n|\n|start\n|switch|p1a: Excadrill|Excadrill, M|100\/100\n|switch|p2a: Diancie|Diancie|100\/100\n|-ability|p1a: Excadrill|Mold Breaker\n|turn|1\n|\n|-mega|p2a: Diancie|Diancie|Diancite\n|detailschange|p2a: Diancie|Diancie-Mega\n|move|p1a: Excadrill|Iron Head|p2a: Diancie\n|-supereffective|p2a: Diancie\n|-damage|p2a: Diancie|0 fnt\n|faint|p2a: Diancie\n|\n|upkeep\n|\n|switch|p2a: Volcarona|Volcarona, F|100\/100\n|turn|2\n|\n|switch|p1a: Scolipede|Scolipede, F|100\/100\n|move|p2a: Volcarona|Quiver Dance|p2a: Volcarona\n|-boost|p2a: Volcarona|spa|1\n|-boost|p2a: Volcarona|spd|1\n|-boost|p2a: Volcarona|spe|1\n|\n|upkeep\n|turn|3\n|\n|move|p2a: Volcarona|Quiver Dance|p2a: Volcarona\n|-boost|p2a: Volcarona|spa|1\n|-boost|p2a: Volcarona|spd|1\n|-boost|p2a: Volcarona|spe|1\n|-zpower|p1a: Scolipede\n|move|p1a: Scolipede|Hydro Vortex|p2a: Volcarona|[zeffect]\n|-supereffective|p2a: Volcarona\n|-crit|p2a: Volcarona\n|-damage|p2a: Volcarona|0 fnt\n|faint|p2a: Volcarona\n|\n|-ability|p1a: Scolipede|Speed Boost|boost\n|-boost|p1a: Scolipede|spe|1\n|upkeep\n|\n|switch|p2a: Celesteela|Celesteela|100\/100\n|turn|4\n|\n|switch|p1a: Tangrowth|Tangrowth, F|100\/100\n|move|p2a: Celesteela|Autotomize|p2a: Celesteela\n|-boost|p2a: Celesteela|spe|2\n|-start|p2a: Celesteela|Autotomize\n|\n|upkeep\n|turn|5\n|\n|move|p2a: Celesteela|Heavy Slam|p1a: Tangrowth\n|-damage|p1a: Tangrowth|62\/100\n|move|p1a: Tangrowth|Knock Off|p2a: Celesteela\n|-damage|p2a: Celesteela|80\/100\n|-enditem|p2a: Celesteela|Iapapa Berry|[from] move: Knock Off|[of] p1a: Tangrowth\n|\n|upkeep\n|turn|6\n|\n|switch|p1a: Excadrill|Excadrill, M|100\/100\n|-ability|p1a: Excadrill|Mold Breaker\n|move|p2a: Celesteela|Acrobatics|p1a: Excadrill\n|-resisted|p1a: Excadrill\n|-damage|p1a: Excadrill|60\/100\n|\n|upkeep\n|turn|7\n|\n|switch|p1a: Landorus|Landorus-Therian, M|100\/100\n|-ability|p1a: Landorus|Intimidate|boost\n|-unboost|p2a: Celesteela|atk|1\n|move|p2a: Celesteela|Acrobatics|p1a: Landorus\n|-damage|p1a: Landorus|75\/100\n|\n|upkeep\n|turn|8\n|\n|move|p2a: Celesteela|Heavy Slam|p1a: Landorus\n|-crit|p1a: Landorus\n|-damage|p1a: Landorus|15\/100\n|move|p1a: Landorus|Stealth Rock|p2a: Celesteela\n|-sidestart|p2: dtgjtgjdjjd|move: Stealth Rock\n|\n|upkeep\n|turn|9\n|\n|switch|p1a: Greninja|Greninja, M|100\/100\n|move|p2a: Celesteela|Acrobatics|p1a: Greninja\n|-damage|p1a: Greninja|43\/100\n|\n|upkeep\n|turn|10\n|\n|switch|p1a: Tangrowth|Tangrowth, F|96\/100\n|move|p2a: Celesteela|Acrobatics|p1a: Tangrowth\n|-supereffective|p1a: Tangrowth\n|-damage|p1a: Tangrowth|50\/100\n|\n|upkeep\n|turn|11\n|\n|move|p2a: Celesteela|Acrobatics|p1a: Tangrowth\n|-supereffective|p1a: Tangrowth\n|-damage|p1a: Tangrowth|5\/100\n|move|p1a: Tangrowth|Knock Off|p2a: Celesteela\n|-damage|p2a: Celesteela|65\/100\n|\n|upkeep\n|turn|12\n|\n|switch|p1a: Landorus|Landorus-Therian, M|15\/100\n|-ability|p1a: Landorus|Intimidate|boost\n|-unboost|p2a: Celesteela|atk|1\n|move|p2a: Celesteela|Acrobatics|p1a: Landorus\n|-damage|p1a: Landorus|0 fnt\n|faint|p1a: Landorus\n|-ability|p2a: Celesteela|Beast Boost|boost\n|-boost|p2a: Celesteela|atk|1\n|\n|upkeep\n|\n|switch|p1a: Latios|Latios, M|100\/100\n|turn|13\n|\n|switch|p2a: Tapu Lele|Tapu Lele|100\/100\n|-damage|p2a: Tapu Lele|88\/100|[from] Stealth Rock\n|-fieldstart|move: Psychic Terrain|[from] ability: Psychic Surge|[of] p2a: Tapu Lele\n|-mega|p1a: Latios|Latios|Latiosite\n|detailschange|p1a: Latios|Latios-Mega, M\n|move|p1a: Latios|Hidden Power|p2a: Tapu Lele\n|-damage|p2a: Tapu Lele|63\/100\n|\n|upkeep\n|turn|14\n|\n|switch|p1a: Excadrill|Excadrill, M|60\/100\n|-ability|p1a: Excadrill|Mold Breaker\n|move|p2a: Tapu Lele|Psychic|p1a: Excadrill\n|-resisted|p1a: Excadrill\n|-damage|p1a: Excadrill|5\/100\n|\n|upkeep\n|turn|15\n|\n|switch|p2a: Celesteela|Celesteela|65\/100\n|-damage|p2a: Celesteela|53\/100|[from] Stealth Rock\n|move|p1a: Excadrill|Rock Slide|p2a: Celesteela\n|-damage|p2a: Celesteela|25\/100\n|\n|upkeep\n|turn|16\n|\n|switch|p2a: Kartana|Kartana|100\/100\n|-damage|p2a: Kartana|94\/100|[from] Stealth Rock\n|move|p1a: Excadrill|Rock Slide|p2a: Kartana\n|-resisted|p2a: Kartana\n|-damage|p2a: Kartana|80\/100\n|\n|upkeep\n|turn|17\n|\n|switch|p1a: Latios|Latios-Mega, M|100\/100\n|move|p2a: Kartana|Swords Dance|p2a: Kartana\n|-boost|p2a: Kartana|atk|2\n|\n|-fieldend|move: Psychic Terrain\n|upkeep\n|turn|18\n|\n|move|p1a: Latios|Hidden Power|p2a: Kartana\n|-supereffective|p2a: Kartana\n|-damage|p2a: Kartana|0 fnt\n|faint|p2a: Kartana\n|\n|upkeep\n|\n|switch|p2a: Clefable|Clefable, F|100\/100\n|turn|19\n|\n|switch|p1a: Excadrill|Excadrill, M|5\/100\n|-ability|p1a: Excadrill|Mold Breaker\n|move|p2a: Clefable|Healing Wish|p2a: Clefable\n|faint|p2a: Clefable\n|\n|upkeep\n|\n|switch|p2a: Celesteela|Celesteela|25\/100\n|-heal|p2a: Celesteela|100\/100|[from] move: Healing Wish\n|-damage|p2a: Celesteela|88\/100|[from] Stealth Rock\n|turn|20\n|\n|move|p1a: Excadrill|Rock Slide|p2a: Celesteela\n|-crit|p2a: Celesteela\n|-damage|p2a: Celesteela|49\/100\n|move|p2a: Celesteela|Autotomize|p2a: Celesteela\n|-boost|p2a: Celesteela|spe|2\n|-start|p2a: Celesteela|Autotomize\n|\n|upkeep\n|turn|21\n|\n|move|p1a: Excadrill|Rock Slide|p2a: Celesteela\n|-damage|p2a: Celesteela|24\/100\n|move|p2a: Celesteela|Autotomize|p2a: Celesteela\n|-boost|p2a: Celesteela|spe|2\n|-start|p2a: Celesteela|Autotomize\n|\n|upkeep\n|turn|22\n|\n|move|p2a: Celesteela|Acrobatics|p1a: Excadrill\n|-resisted|p1a: Excadrill\n|-damage|p1a: Excadrill|0 fnt\n|faint|p1a: Excadrill\n|-ability|p2a: Celesteela|Beast Boost|boost\n|-boost|p2a: Celesteela|atk|1\n|\n|upkeep\n|\n|switch|p1a: Greninja|Greninja, M|43\/100\n|turn|23\n|\n|move|p1a: Greninja|Water Shuriken|p2a: Celesteela\n|-damage|p2a: Celesteela|14\/100\n|-damage|p2a: Celesteela|3\/100\n|-hitcount|p2a: Celesteela|2\n|move|p2a: Celesteela|Acrobatics|p1a: Greninja\n|-damage|p1a: Greninja|0 fnt\n|faint|p1a: Greninja\n|-ability|p2a: Celesteela|Beast Boost|boost\n|-boost|p2a: Celesteela|atk|1\n|\n|upkeep\n|\n|switch|p1a: Latios|Latios-Mega, M|100\/100\n|turn|24\n|\n|move|p2a: Celesteela|Heavy Slam|p1a: Latios\n|-damage|p1a: Latios|0 fnt\n|faint|p1a: Latios\n|-ability|p2a: Celesteela|Beast Boost|boost\n|-boost|p2a: Celesteela|atk|1\n|\n|upkeep\n|-message|H4WT \u272f forfeited.\n|\n|win|dtgjtgjdjjd\n|l|\u2606H4WT \u272f\n|raw|H4WT \u272f's rating: 1620 &rarr; <strong>1593<\/strong><br \/>(-27 for losing)\n|raw|dtgjtgjdjjd's rating: 1495 &rarr; <strong>1522<\/strong><br \/>(+27 for winning)\n","inputlog":null,"uploadtime":1524251076,"views":36,"p1id":"h4wt","p2id":"dtgjtgjdjjd","formatid":"gen7ou","rating":1522,"private":0,"password":null}