{"id":"gen7ou-1551070726","p1":"TestingTesting1","p2":"Jfsosa10","format":"gen7ou","log":"|j|\u2606TestingTesting1\n|j|\u2606Jfsosa10\n|t:|1649694240\n|gametype|singles\n|player|p1|TestingTesting1|170|1514\n|player|p2|Jfsosa10|266|1475\n|teamsize|p1|6\n|teamsize|p2|6\n|gen|7\n|tier|[Gen 7] OU\n|rated|\n|rule|Sleep Clause Mod: Limit one foe put to sleep\n|rule|Species Clause: Limit one of each Pok\u00e9mon\n|rule|OHKO Clause: OHKO moves are banned\n|rule|Moody Clause: Moody is banned\n|rule|Evasion Moves Clause: Evasion moves are banned\n|rule|Endless Battle Clause: Forcing endless battles is banned\n|rule|HP Percentage Mod: HP is shown in percentages\n|clearpoke\n|poke|p1|Sharpedo, M|item\n|poke|p1|Blacephalon|item\n|poke|p1|Ferrothorn, F|item\n|poke|p1|Rotom-Wash|item\n|poke|p1|Tapu Lele|item\n|poke|p1|Gliscor, M|item\n|poke|p2|Sharpedo, F|item\n|poke|p2|Tapu Lele|item\n|poke|p2|Hippowdon, M|item\n|poke|p2|Celesteela|item\n|poke|p2|Starmie|item\n|poke|p2|Ferrothorn, M|item\n|teampreview\n|\n|t:|1649694254\n|start\n|switch|p1a: Rotom|Rotom-Wash|100\/100\n|switch|p2a: Tapu Lele|Tapu Lele|100\/100\n|-fieldstart|move: Psychic Terrain|[from] ability: Psychic Surge|[of] p2a: Tapu Lele\n|turn|1\n|\n|t:|1649694262\n|switch|p2a: Ferrothorn|Ferrothorn, M|100\/100\n|switch|p1a: Ferrothorn|Ferrothorn, F|100\/100\n|\n|upkeep\n|turn|2\n|\n|t:|1649694270\n|switch|p1a: Blacephalon|Blacephalon|100\/100\n|move|p2a: Ferrothorn|Knock Off|p1a: Blacephalon\n|-supereffective|p1a: Blacephalon\n|-damage|p1a: Blacephalon|46\/100\n|\n|upkeep\n|turn|3\n|\n|t:|1649694281\n|switch|p2a: Hippowdon|Hippowdon, M|100\/100\n|-weather|Sandstorm|[from] ability: Sand Stream|[of] p2a: Hippowdon\n|move|p1a: Blacephalon|Flamethrower|p2a: Hippowdon\n|-damage|p2a: Hippowdon|68\/100\n|\n|-weather|Sandstorm|[upkeep]\n|-damage|p1a: Blacephalon|40\/100|[from] Sandstorm\n|-heal|p2a: Hippowdon|74\/100|[from] item: Leftovers\n|upkeep\n|turn|4\n|\n|t:|1649694293\n|-zpower|p1a: Blacephalon\n|move|p1a: Blacephalon|Never-Ending Nightmare|p2a: Hippowdon|[zeffect]\n|-damage|p2a: Hippowdon|12\/100\n|move|p2a: Hippowdon|Slack Off|p2a: Hippowdon\n|-heal|p2a: Hippowdon|62\/100\n|\n|-weather|Sandstorm|[upkeep]\n|-damage|p1a: Blacephalon|34\/100|[from] Sandstorm\n|-heal|p2a: Hippowdon|68\/100|[from] item: Leftovers\n|upkeep\n|turn|5\n|\n|t:|1649694307\n|switch|p1a: Rotom|Rotom-Wash|100\/100\n|move|p2a: Hippowdon|Slack Off|p2a: Hippowdon\n|-heal|p2a: Hippowdon|100\/100\n|\n|-weather|Sandstorm|[upkeep]\n|-damage|p1a: Rotom|95\/100|[from] Sandstorm\n|-fieldend|move: Psychic Terrain\n|upkeep\n|turn|6\n|\n|t:|1649694314\n|switch|p1a: Blacephalon|Blacephalon|34\/100\n|move|p2a: Hippowdon|Toxic|p1a: Blacephalon|[miss]\n|-miss|p2a: Hippowdon|p1a: Blacephalon\n|\n|-weather|Sandstorm|[upkeep]\n|-damage|p1a: Blacephalon|27\/100|[from] Sandstorm\n|upkeep\n|turn|7\n|\n|t:|1649694324\n|move|p1a: Blacephalon|Flamethrower|p2a: Hippowdon\n|-damage|p2a: Hippowdon|65\/100\n|move|p2a: Hippowdon|Stealth Rock|p1a: Blacephalon\n|-sidestart|p1: TestingTesting1|move: Stealth Rock\n|\n|-weather|none\n|-heal|p2a: Hippowdon|71\/100|[from] item: Leftovers\n|upkeep\n|turn|8\n|\n|t:|1649694330\n|move|p1a: Blacephalon|Shadow Ball|p2a: Hippowdon\n|-damage|p2a: Hippowdon|40\/100\n|move|p2a: Hippowdon|Earthquake|p1a: Blacephalon\n|-supereffective|p1a: Blacephalon\n|-crit|p1a: Blacephalon\n|-damage|p1a: Blacephalon|0 fnt\n|faint|p1a: Blacephalon\n|\n|-heal|p2a: Hippowdon|46\/100|[from] item: Leftovers\n|upkeep\n|\n|t:|1649694340\n|switch|p1a: Ferrothorn|Ferrothorn, F|100\/100\n|-damage|p1a: Ferrothorn|94\/100|[from] Stealth Rock\n|turn|9\n|\n|t:|1649694345\n|move|p2a: Hippowdon|Slack Off|p2a: Hippowdon\n|-heal|p2a: Hippowdon|96\/100\n|move|p1a: Ferrothorn|Power Whip|p2a: Hippowdon\n|-supereffective|p2a: Hippowdon\n|-damage|p2a: Hippowdon|39\/100\n|\n|-heal|p2a: Hippowdon|45\/100|[from] item: Leftovers\n|-heal|p1a: Ferrothorn|100\/100|[from] item: Leftovers\n|upkeep\n|turn|10\n|\n|t:|1649694354\n|move|p2a: Hippowdon|Slack Off|p2a: Hippowdon\n|-heal|p2a: Hippowdon|95\/100\n|move|p1a: Ferrothorn|Stealth Rock|p2a: Hippowdon\n|-sidestart|p2: Jfsosa10|move: Stealth Rock\n|\n|-heal|p2a: Hippowdon|100\/100|[from] item: Leftovers\n|upkeep\n|turn|11\n|\n|t:|1649694360\n|switch|p2a: Ferrothorn|Ferrothorn, M|100\/100\n|-damage|p2a: Ferrothorn|94\/100|[from] Stealth Rock\n|move|p1a: Ferrothorn|Leech Seed|p2a: Ferrothorn\n|-immune|p2a: Ferrothorn\n|\n|-heal|p2a: Ferrothorn|100\/100|[from] item: Leftovers\n|upkeep\n|turn|12\n|\n|t:|1649694374\n|switch|p1a: Rotom|Rotom-Wash|95\/100\n|-damage|p1a: Rotom|82\/100|[from] Stealth Rock\n|move|p2a: Ferrothorn|Knock Off|p1a: Rotom\n|-damage|p1a: Rotom|66\/100\n|-enditem|p1a: Rotom|Wiki Berry|[from] move: Knock Off|[of] p2a: Ferrothorn\n|\n|upkeep\n|turn|13\n|\n|t:|1649694382\n|move|p1a: Rotom|Volt Switch|p2a: Ferrothorn\n|-resisted|p2a: Ferrothorn\n|-damage|p2a: Ferrothorn|92\/100\n|\n|t:|1649694385\n|switch|p1a: Gliscor|Gliscor, M|100\/100|[from]move: Volt Switch\n|-damage|p1a: Gliscor|88\/100|[from] Stealth Rock\n|move|p2a: Ferrothorn|Spikes|p1a: Gliscor\n|-sidestart|p1: TestingTesting1|Spikes\n|\n|-heal|p2a: Ferrothorn|98\/100|[from] item: Leftovers\n|-status|p1a: Gliscor|tox|[from] item: Toxic Orb\n|upkeep\n|turn|14\n|\n|t:|1649694394\n|move|p1a: Gliscor|Swords Dance|p1a: Gliscor\n|-boost|p1a: Gliscor|atk|2\n|move|p2a: Ferrothorn|Leech Seed|p1a: Gliscor\n|-start|p1a: Gliscor|move: Leech Seed\n|\n|-heal|p2a: Ferrothorn|100\/100|[from] item: Leftovers\n|-damage|p1a: Gliscor|75\/100 tox|[from] Leech Seed|[of] p2a: Ferrothorn\n|-heal|p1a: Gliscor|88\/100 tox|[from] ability: Poison Heal\n|upkeep\n|turn|15\n|\n|t:|1649694402\n|switch|p2a: Celesteela|Celesteela|100\/100\n|-damage|p2a: Celesteela|88\/100|[from] Stealth Rock\n|move|p1a: Gliscor|Earthquake|p2a: Celesteela\n|-immune|p2a: Celesteela\n|\n|-heal|p2a: Celesteela|94\/100|[from] item: Leftovers\n|-damage|p1a: Gliscor|75\/100 tox|[from] Leech Seed|[of] p2a: Celesteela\n|-heal|p2a: Celesteela|100\/100|[silent]\n|-heal|p1a: Gliscor|88\/100 tox|[from] ability: Poison Heal\n|upkeep\n|turn|16\n|-message|TestingTesting1 forfeited.\n|\n|win|Jfsosa10\n|raw|TestingTesting1's rating: 1514 &rarr; <strong>1492<\/strong><br \/>(-22 for losing)\n|raw|Jfsosa10's rating: 1475 &rarr; <strong>1497<\/strong><br \/>(+22 for winning)\n|l|\u2606TestingTesting1\n","uploadtime":1649694433,"views":8,"p1id":"testingtesting1","p2id":"jfsosa10","formatid":"gen7ou","rating":1492,"private":0,"password":null}