{"id":"gen7anythinggoes-1652698416","p1":"sandanlp","p2":"Rediyu","format":"gen7anythinggoes","log":"|j|\u2606sandanlp\n|j|\u2606Rediyu\n|t:|1661954536\n|gametype|singles\n|player|p1|sandanlp|265|\n|player|p2|Rediyu|guitarist|\n|teamsize|p1|6\n|teamsize|p2|6\n|gen|7\n|tier|[Gen 7] Anything Goes\n|rule|HP Percentage Mod: HP is shown in percentages\n|rule|Endless Battle Clause: Forcing endless battles is banned\n|clearpoke\n|poke|p1|Aggron, F|item\n|poke|p1|Kyurem|item\n|poke|p1|Heatran, M|item\n|poke|p1|Breloom, M|item\n|poke|p1|Keldeo-Resolute|item\n|poke|p1|Hitmontop, M|item\n|poke|p2|Tapu Koko|item\n|poke|p2|Gardevoir, F|item\n|poke|p2|Raichu, M|item\n|poke|p2|Metagross|item\n|poke|p2|Tsareena, F|item\n|poke|p2|Dragonite, F|item\n|teampreview\n|c|\u2606sandanlp|Gl hf\n|c|\u2606Rediyu|u2\n|\n|t:|1661954591\n|start\n|switch|p1a: Aggron|Aggron, F|100\/100\n|switch|p2a: Gin|Tapu Koko|100\/100\n|-fieldstart|move: Electric Terrain|[from] ability: Electric Surge|[of] p2a: Gin\n|turn|1\n|\n|t:|1661954603\n|detailschange|p1a: Aggron|Aggron-Mega, F\n|-mega|p1a: Aggron|Aggron|Aggronite\n|move|p2a: Gin|Volt Switch|p1a: Aggron\n|-damage|p1a: Aggron|34\/100\n|\n|t:|1661954619\n|switch|p2a: Kr\u00e4uterschnaps|Tsareena, F|100\/100|[from]move: Volt Switch\n|move|p1a: Aggron|Stealth Rock|p2a: Kr\u00e4uterschnaps\n|-sidestart|p2: Rediyu|move: Stealth Rock\n|\n|upkeep\n|turn|2\n|\n|t:|1661954637\n|move|p2a: Kr\u00e4uterschnaps|Rapid Spin|p1a: Aggron\n|-resisted|p1a: Aggron\n|-damage|p1a: Aggron|33\/100\n|-sideend|p2: Rediyu|Stealth Rock|[from] move: Rapid Spin|[of] p2a: Kr\u00e4uterschnaps\n|move|p1a: Aggron|Toxic|p2a: Kr\u00e4uterschnaps|[miss]\n|-miss|p1a: Aggron|p2a: Kr\u00e4uterschnaps\n|\n|upkeep\n|turn|3\n|\n|t:|1661954658\n|move|p2a: Kr\u00e4uterschnaps|High Jump Kick|p1a: Aggron\n|-supereffective|p1a: Aggron\n|-damage|p1a: Aggron|8\/100\n|move|p1a: Aggron|Stealth Rock|p2a: Kr\u00e4uterschnaps\n|-sidestart|p2: Rediyu|move: Stealth Rock\n|\n|upkeep\n|turn|4\n|\n|t:|1661954676\n|move|p2a: Kr\u00e4uterschnaps|Rapid Spin|p1a: Aggron\n|-resisted|p1a: Aggron\n|-damage|p1a: Aggron|7\/100\n|-sideend|p2: Rediyu|Stealth Rock|[from] move: Rapid Spin|[of] p2a: Kr\u00e4uterschnaps\n|move|p1a: Aggron|Stealth Rock|p2a: Kr\u00e4uterschnaps\n|-sidestart|p2: Rediyu|move: Stealth Rock\n|\n|upkeep\n|turn|5\n|\n|t:|1661954680\n|move|p2a: Kr\u00e4uterschnaps|Rapid Spin|p1a: Aggron\n|-resisted|p1a: Aggron\n|-damage|p1a: Aggron|6\/100\n|-sideend|p2: Rediyu|Stealth Rock|[from] move: Rapid Spin|[of] p2a: Kr\u00e4uterschnaps\n|move|p1a: Aggron|Stealth Rock|p2a: Kr\u00e4uterschnaps\n|-sidestart|p2: Rediyu|move: Stealth Rock\n|\n|-fieldend|move: Electric Terrain\n|upkeep\n|turn|6\n|\n|t:|1661954684\n|move|p2a: Kr\u00e4uterschnaps|Rapid Spin|p1a: Aggron\n|-resisted|p1a: Aggron\n|-damage|p1a: Aggron|5\/100\n|-sideend|p2: Rediyu|Stealth Rock|[from] move: Rapid Spin|[of] p2a: Kr\u00e4uterschnaps\n|move|p1a: Aggron|Stealth Rock|p2a: Kr\u00e4uterschnaps\n|-sidestart|p2: Rediyu|move: Stealth Rock\n|\n|upkeep\n|turn|7\n|\n|t:|1661954685\n|move|p2a: Kr\u00e4uterschnaps|Rapid Spin|p1a: Aggron\n|-resisted|p1a: Aggron\n|-damage|p1a: Aggron|4\/100\n|-sideend|p2: Rediyu|Stealth Rock|[from] move: Rapid Spin|[of] p2a: Kr\u00e4uterschnaps\n|move|p1a: Aggron|Stealth Rock|p2a: Kr\u00e4uterschnaps\n|-sidestart|p2: Rediyu|move: Stealth Rock\n|\n|upkeep\n|turn|8\n|\n|t:|1661954687\n|move|p2a: Kr\u00e4uterschnaps|Rapid Spin|p1a: Aggron\n|-resisted|p1a: Aggron\n|-damage|p1a: Aggron|3\/100\n|-sideend|p2: Rediyu|Stealth Rock|[from] move: Rapid Spin|[of] p2a: Kr\u00e4uterschnaps\n|move|p1a: Aggron|Stealth Rock|p2a: Kr\u00e4uterschnaps\n|-sidestart|p2: Rediyu|move: Stealth Rock\n|\n|upkeep\n|turn|9\n|\n|t:|1661954690\n|move|p2a: Kr\u00e4uterschnaps|Rapid Spin|p1a: Aggron\n|-resisted|p1a: Aggron\n|-damage|p1a: Aggron|1\/100\n|-sideend|p2: Rediyu|Stealth Rock|[from] move: Rapid Spin|[of] p2a: Kr\u00e4uterschnaps\n|move|p1a: Aggron|Stealth Rock|p2a: Kr\u00e4uterschnaps\n|-sidestart|p2: Rediyu|move: Stealth Rock\n|\n|upkeep\n|turn|10\n|\n|t:|1661954695\n|move|p2a: Kr\u00e4uterschnaps|Rapid Spin|p1a: Aggron\n|-resisted|p1a: Aggron\n|-damage|p1a: Aggron|0 fnt\n|-sideend|p2: Rediyu|Stealth Rock|[from] move: Rapid Spin|[of] p2a: Kr\u00e4uterschnaps\n|faint|p1a: Aggron\n|\n|upkeep\n|\n|t:|1661954698\n|switch|p1a: Heatran|Heatran, M|100\/100\n|turn|11\n|\n|t:|1661954761\n|switch|p2a: Cider|Raichu, M|100\/100\n|move|p1a: Heatran|Dragon Pulse|p2a: Cider\n|-damage|p2a: Cider|67\/100\n|\n|upkeep\n|turn|12\n|\n|t:|1661954811\n|switch|p1a: Breloom|Breloom, M|100\/100\n|move|p2a: Cider|Surf|p1a: Breloom\n|-resisted|p1a: Breloom\n|-damage|p1a: Breloom|82\/100\n|\n|-status|p1a: Breloom|tox|[from] item: Toxic Orb\n|upkeep\n|turn|13\n|\n|t:|1661954822\n|switch|p2a: Kr\u00e4uterschnaps|Tsareena, F|100\/100\n|move|p1a: Breloom|Power-Up Punch|p2a: Kr\u00e4uterschnaps\n|-damage|p2a: Kr\u00e4uterschnaps|84\/100\n|-boost|p1a: Breloom|atk|1\n|\n|-heal|p2a: Kr\u00e4uterschnaps|90\/100|[from] item: Leftovers\n|-heal|p1a: Breloom|94\/100 tox|[from] ability: Poison Heal\n|upkeep\n|turn|14\n|\n|t:|1661954831\n|move|p2a: Kr\u00e4uterschnaps|Trop Kick|p1a: Breloom\n|-resisted|p1a: Breloom\n|-damage|p1a: Breloom|75\/100 tox\n|-unboost|p1a: Breloom|atk|1\n|move|p1a: Breloom|Drain Punch|p2a: Kr\u00e4uterschnaps\n|-damage|p2a: Kr\u00e4uterschnaps|58\/100\n|-heal|p1a: Breloom|92\/100 tox|[from] drain|[of] p2a: Kr\u00e4uterschnaps\n|\n|-heal|p2a: Kr\u00e4uterschnaps|65\/100|[from] item: Leftovers\n|-heal|p1a: Breloom|100\/100 tox|[from] ability: Poison Heal\n|upkeep\n|turn|15\n|\n|t:|1661954848\n|switch|p1a: Kyurem|Kyurem|100\/100\n|-ability|p1a: Kyurem|Pressure\n|move|p2a: Kr\u00e4uterschnaps|Trop Kick|p1a: Kyurem\n|-resisted|p1a: Kyurem\n|-damage|p1a: Kyurem|90\/100\n|-unboost|p1a: Kyurem|atk|1\n|\n|-heal|p1a: Kyurem|97\/100|[from] item: Leftovers\n|-heal|p2a: Kr\u00e4uterschnaps|71\/100|[from] item: Leftovers\n|upkeep\n|turn|16\n|\n|t:|1661954949\n|switch|p2a: Schwarzbier|Metagross|100\/100\n|move|p1a: Kyurem|Substitute|p1a: Kyurem\n|-start|p1a: Kyurem|Substitute\n|-damage|p1a: Kyurem|72\/100\n|\n|-heal|p1a: Kyurem|78\/100|[from] item: Leftovers\n|upkeep\n|turn|17\n|\n|t:|1661954970\n|move|p1a: Kyurem|Roost|p1a: Kyurem\n|-heal|p1a: Kyurem|100\/100\n|-singleturn|p1a: Kyurem|move: Roost\n|move|p2a: Schwarzbier|Stealth Rock|p1a: Kyurem\n|-sidestart|p1: sandanlp|move: Stealth Rock\n|\n|upkeep\n|turn|18\n|\n|t:|1661954987\n|move|p2a: Schwarzbier|Bullet Punch|p1a: Kyurem\n|-supereffective|p1a: Kyurem\n|-end|p1a: Kyurem|Substitute\n|move|p1a: Kyurem|Ice Beam|p2a: Schwarzbier\n|-resisted|p2a: Schwarzbier\n|-damage|p2a: Schwarzbier|81\/100\n|\n|upkeep\n|turn|19\n|\n|t:|1661955022\n|switch|p1a: Keldeo|Keldeo-Resolute|100\/100\n|-damage|p1a: Keldeo|94\/100|[from] Stealth Rock\n|move|p2a: Schwarzbier|Earthquake|p1a: Keldeo\n|-damage|p1a: Keldeo|55\/100\n|\n|upkeep\n|turn|20\n|\n|t:|1661955060\n|switch|p2a: Cider|Raichu, M|67\/100\n|move|p1a: Keldeo|Hydro Pump|p2a: Cider|[miss]\n|-miss|p1a: Keldeo|p2a: Cider\n|\n|upkeep\n|turn|21\n|\n|t:|1661955066\n|switch|p1a: Breloom|Breloom, M|100\/100 tox\n|-damage|p1a: Breloom|94\/100 tox|[from] Stealth Rock\n|move|p2a: Cider|Volt Switch|p1a: Breloom\n|-resisted|p1a: Breloom\n|-damage|p1a: Breloom|71\/100 tox\n|\n|t:|1661955073\n|switch|p2a: Rotwein|Gardevoir, F|100\/100|[from]move: Volt Switch\n|-ability|p2a: Rotwein|Poison Heal|[from] ability: Trace|[of] p1a: Breloom\n|\n|-heal|p1a: Breloom|84\/100 tox|[from] ability: Poison Heal\n|upkeep\n|turn|22\n|\n|t:|1661955080\n|switch|p1a: Heatran|Heatran, M|100\/100\n|-damage|p1a: Heatran|88\/100|[from] Stealth Rock\n|detailschange|p2a: Rotwein|Gardevoir-Mega, F\n|-mega|p2a: Rotwein|Gardevoir|Gardevoirite\n|move|p2a: Rotwein|Hyper Voice|p1a: Heatran\n|-resisted|p1a: Heatran\n|-damage|p1a: Heatran|71\/100\n|\n|upkeep\n|turn|23\n|\n|t:|1661955090\n|move|p1a: Heatran|Eruption|p2a: Rotwein\n|-damage|p2a: Rotwein|40\/100\n|move|p2a: Rotwein|Hidden Power|p1a: Heatran\n|-supereffective|p1a: Heatran\n|-damage|p1a: Heatran|0 fnt\n|faint|p1a: Heatran\n|\n|upkeep\n|\n|t:|1661955100\n|switch|p1a: Keldeo|Keldeo-Resolute|55\/100\n|-damage|p1a: Keldeo|49\/100|[from] Stealth Rock\n|turn|24\n|\n|t:|1661955110\n|switch|p2a: Kr\u00e4uterschnaps|Tsareena, F|71\/100\n|move|p1a: Keldeo|Scald|p2a: Kr\u00e4uterschnaps\n|-resisted|p2a: Kr\u00e4uterschnaps\n|-damage|p2a: Kr\u00e4uterschnaps|33\/100\n|\n|-heal|p2a: Kr\u00e4uterschnaps|39\/100|[from] item: Leftovers\n|upkeep\n|turn|25\n|\n|t:|1661955181\n|move|p1a: Keldeo|Scald|p2a: Kr\u00e4uterschnaps\n|-resisted|p2a: Kr\u00e4uterschnaps\n|-damage|p2a: Kr\u00e4uterschnaps|3\/100\n|-status|p2a: Kr\u00e4uterschnaps|brn\n|move|p2a: Kr\u00e4uterschnaps|Synthesis|p2a: Kr\u00e4uterschnaps\n|-heal|p2a: Kr\u00e4uterschnaps|52\/100 brn\n|\n|-heal|p2a: Kr\u00e4uterschnaps|59\/100 brn|[from] item: Leftovers\n|-damage|p2a: Kr\u00e4uterschnaps|52\/100 brn|[from] brn\n|upkeep\n|turn|26\n|\n|t:|1661955201\n|switch|p1a: Kyurem|Kyurem|100\/100\n|-damage|p1a: Kyurem|76\/100|[from] Stealth Rock\n|-ability|p1a: Kyurem|Pressure\n|move|p2a: Kr\u00e4uterschnaps|Synthesis|p2a: Kr\u00e4uterschnaps\n|-heal|p2a: Kr\u00e4uterschnaps|100\/100 brn\n|\n|-heal|p1a: Kyurem|82\/100|[from] item: Leftovers\n|-damage|p2a: Kr\u00e4uterschnaps|94\/100 brn|[from] brn\n|upkeep\n|turn|27\n|\n|t:|1661955212\n|switch|p2a: Schwarzbier|Metagross|81\/100\n|move|p1a: Kyurem|Substitute|p1a: Kyurem\n|-start|p1a: Kyurem|Substitute\n|-damage|p1a: Kyurem|57\/100\n|\n|-heal|p1a: Kyurem|63\/100|[from] item: Leftovers\n|upkeep\n|turn|28\n|\n|t:|1661955218\n|move|p2a: Schwarzbier|Bullet Punch|p1a: Kyurem\n|-supereffective|p1a: Kyurem\n|-end|p1a: Kyurem|Substitute\n|move|p1a: Kyurem|Ice Beam|p2a: Schwarzbier\n|-resisted|p2a: Schwarzbier\n|-damage|p2a: Schwarzbier|59\/100\n|\n|-heal|p1a: Kyurem|69\/100|[from] item: Leftovers\n|upkeep\n|turn|29\n|\n|t:|1661955231\n|switch|p1a: Keldeo|Keldeo-Resolute|49\/100\n|-damage|p1a: Keldeo|42\/100|[from] Stealth Rock\n|move|p2a: Schwarzbier|Meteor Mash|p1a: Keldeo|[miss]\n|-miss|p2a: Schwarzbier|p1a: Keldeo\n|\n|upkeep\n|turn|30\n|\n|t:|1661955265\n|switch|p2a: Kr\u00e4uterschnaps|Tsareena, F|94\/100 brn\n|move|p1a: Keldeo|Hydro Pump|p2a: Kr\u00e4uterschnaps\n|-resisted|p2a: Kr\u00e4uterschnaps\n|-damage|p2a: Kr\u00e4uterschnaps|43\/100 brn\n|\n|-heal|p2a: Kr\u00e4uterschnaps|49\/100 brn|[from] item: Leftovers\n|-damage|p2a: Kr\u00e4uterschnaps|43\/100 brn|[from] brn\n|upkeep\n|turn|31\n|\n|t:|1661955271\n|move|p1a: Keldeo|Hydro Pump|p2a: Kr\u00e4uterschnaps\n|-resisted|p2a: Kr\u00e4uterschnaps\n|-damage|p2a: Kr\u00e4uterschnaps|0 fnt\n|faint|p2a: Kr\u00e4uterschnaps\n|\n|upkeep\n|\n|t:|1661955280\n|switch|p2a: Gin|Tapu Koko|100\/100\n|-fieldstart|move: Electric Terrain|[from] ability: Electric Surge|[of] p2a: Gin\n|turn|32\n|\n|t:|1661955287\n|switch|p1a: Kyurem|Kyurem|69\/100\n|-damage|p1a: Kyurem|44\/100|[from] Stealth Rock\n|-ability|p1a: Kyurem|Pressure\n|move|p2a: Gin|Dazzling Gleam|p1a: Kyurem\n|-supereffective|p1a: Kyurem\n|-damage|p1a: Kyurem|0 fnt\n|faint|p1a: Kyurem\n|\n|upkeep\n|\n|t:|1661955296\n|switch|p1a: Hitmontop|Hitmontop, M|100\/100\n|-damage|p1a: Hitmontop|95\/100|[from] Stealth Rock\n|-ability|p1a: Hitmontop|Intimidate|boost\n|-unboost|p2a: Gin|atk|1\n|turn|33\n|\n|t:|1661955312\n|move|p1a: Hitmontop|Bullet Punch|p2a: Gin\n|-damage|p2a: Gin|84\/100\n|move|p2a: Gin|Dazzling Gleam|p1a: Hitmontop\n|-supereffective|p1a: Hitmontop\n|-damage|p1a: Hitmontop|0 fnt\n|faint|p1a: Hitmontop\n|\n|upkeep\n|\n|t:|1661955319\n|switch|p1a: Breloom|Breloom, M|84\/100 tox\n|-damage|p1a: Breloom|78\/100 tox|[from] Stealth Rock\n|turn|34\n|\n|t:|1661955324\n|move|p2a: Gin|Dazzling Gleam|p1a: Breloom\n|-supereffective|p1a: Breloom\n|-damage|p1a: Breloom|0 fnt\n|faint|p1a: Breloom\n|\n|upkeep\n|\n|t:|1661955328\n|switch|p1a: Keldeo|Keldeo-Resolute|42\/100\n|-damage|p1a: Keldeo|36\/100|[from] Stealth Rock\n|turn|35\n|\n|t:|1661955331\n|move|p2a: Gin|Dazzling Gleam|p1a: Keldeo\n|-supereffective|p1a: Keldeo\n|-damage|p1a: Keldeo|0 fnt\n|faint|p1a: Keldeo\n|\n|win|Rediyu\n|c|\u2606Rediyu|gg\n|c|\u2606sandanlp|Gg\n","uploadtime":1661955337,"views":4,"p1id":"sandanlp","p2id":"rediyu","formatid":"gen7anythinggoes","rating":0,"private":0,"password":null}