{"id":"gen7randombattle-1515312394","p1":"BigWes95","p2":"NTsweeper007","format":"gen7randombattle","log":"|j|\u2606BigWes95\n|j|\u2606NTsweeper007\n|t:|1645398330\n|gametype|singles\n|player|p1|BigWes95|101|1672\n|player|p2|NTsweeper007|hilbert-wonderlauncher|1790\n|teamsize|p1|6\n|teamsize|p2|6\n|gen|7\n|tier|[Gen 7] Random Battle\n|rated|\n|rule|Sleep Clause Mod: Limit one foe put to sleep\n|rule|HP Percentage Mod: HP is shown in percentages\n|\n|t:|1645398330\n|start\n|switch|p1a: Sigilyph|Sigilyph, L86, M|263\/263\n|switch|p2a: Cryogonal|Cryogonal, L88|283\/283\n|turn|1\n|inactive|Battle timer is ON: inactive players will automatically lose when time's up. (requested by BigWes95)\n|\n|t:|1645398345\n|switch|p1a: Emboar|Emboar, L86, F|329\/329\n|move|p2a: Cryogonal|Ice Beam|p1a: Emboar\n|-resisted|p1a: Emboar\n|-crit|p1a: Emboar\n|-damage|p1a: Emboar|266\/329\n|\n|upkeep\n|turn|2\n|\n|t:|1645398349\n|switch|p2a: Volcanion|Volcanion, L82|265\/265\n|move|p1a: Emboar|Flare Blitz|p2a: Volcanion\n|-resisted|p2a: Volcanion\n|-damage|p2a: Volcanion|228\/265\n|-damage|p1a: Emboar|254\/329|[from] Recoil\n|\n|-heal|p2a: Volcanion|244\/265|[from] item: Leftovers\n|upkeep\n|turn|3\n|\n|t:|1645398352\n|move|p2a: Volcanion|Substitute|p2a: Volcanion\n|-start|p2a: Volcanion|Substitute\n|-damage|p2a: Volcanion|178\/265\n|move|p1a: Emboar|Head Smash|p2a: Volcanion\n|-supereffective|p2a: Volcanion\n|-end|p2a: Volcanion|Substitute\n|-damage|p1a: Emboar|221\/329|[from] Recoil|[of] p2a: Volcanion\n|\n|-heal|p2a: Volcanion|194\/265|[from] item: Leftovers\n|upkeep\n|turn|4\n|\n|t:|1645398358\n|move|p2a: Volcanion|Substitute|p2a: Volcanion\n|-start|p2a: Volcanion|Substitute\n|-damage|p2a: Volcanion|128\/265\n|move|p1a: Emboar|Head Smash|p2a: Volcanion|[miss]\n|-miss|p1a: Emboar|p2a: Volcanion\n|\n|-heal|p2a: Volcanion|144\/265|[from] item: Leftovers\n|upkeep\n|turn|5\n|\n|t:|1645398360\n|move|p2a: Volcanion|Steam Eruption|p1a: Emboar\n|-supereffective|p1a: Emboar\n|-crit|p1a: Emboar\n|-damage|p1a: Emboar|0 fnt\n|faint|p1a: Emboar\n|\n|-heal|p2a: Volcanion|160\/265|[from] item: Leftovers\n|upkeep\n|\n|t:|1645398365\n|switch|p1a: Sigilyph|Sigilyph, L86, M|263\/263\n|turn|6\n|\n|t:|1645398371\n|move|p1a: Sigilyph|Psychic|p2a: Volcanion\n|-end|p2a: Volcanion|Substitute\n|move|p2a: Volcanion|Steam Eruption|p1a: Sigilyph\n|-damage|p1a: Sigilyph|124\/263\n|\n|-heal|p2a: Volcanion|176\/265|[from] item: Leftovers\n|upkeep\n|turn|7\n|\n|t:|1645398374\n|switch|p2a: Tornadus|Tornadus-Therian, L80, M|258\/258\n|move|p1a: Sigilyph|Psychic|p2a: Tornadus\n|-crit|p2a: Tornadus\n|-damage|p2a: Tornadus|26\/258\n|\n|upkeep\n|turn|8\n|\n|t:|1645398377\n|move|p2a: Tornadus|Knock Off|p1a: Sigilyph\n|-supereffective|p1a: Sigilyph\n|-damage|p1a: Sigilyph|0 fnt\n|-enditem|p1a: Sigilyph|Choice Specs|[from] move: Knock Off|[of] p2a: Tornadus\n|faint|p1a: Sigilyph\n|-damage|p2a: Tornadus|1\/258|[from] item: Life Orb\n|\n|upkeep\n|\n|t:|1645398383\n|switch|p1a: Wormadam|Wormadam-Sandy, L88, F|249\/249\n|turn|9\n|\n|t:|1645398386\n|move|p2a: Tornadus|Taunt|p1a: Wormadam\n|-start|p1a: Wormadam|move: Taunt\n|cant|p1a: Wormadam|move: Taunt|Stealth Rock\n|\n|upkeep\n|turn|10\n|\n|t:|1645398390\n|switch|p2a: Cryogonal|Cryogonal, L88|283\/283\n|switch|p1a: Bisharp|Bisharp, L82, M|241\/241\n|\n|upkeep\n|turn|11\n|\n|t:|1645398398\n|switch|p2a: Volcanion|Volcanion, L82|176\/265\n|move|p1a: Bisharp|Iron Head|p2a: Volcanion\n|-resisted|p2a: Volcanion\n|-damage|p2a: Volcanion|157\/265\n|\n|-heal|p2a: Volcanion|173\/265|[from] item: Leftovers\n|upkeep\n|turn|12\n|\n|t:|1645398402\n|move|p1a: Bisharp|Knock Off|p2a: Volcanion\n|-damage|p2a: Volcanion|77\/265\n|-enditem|p2a: Volcanion|Leftovers|[from] move: Knock Off|[of] p1a: Bisharp\n|move|p2a: Volcanion|Fire Blast|p1a: Bisharp\n|-supereffective|p1a: Bisharp\n|-damage|p1a: Bisharp|25\/241\n|\n|upkeep\n|turn|13\n|\n|t:|1645398407\n|move|p2a: Volcanion|Steam Eruption|p1a: Bisharp\n|-damage|p1a: Bisharp|0 fnt\n|faint|p1a: Bisharp\n|\n|upkeep\n|\n|t:|1645398411\n|switch|p1a: Sableye|Sableye, L80, F|211\/211\n|turn|14\n|\n|t:|1645398415\n|detailschange|p1a: Sableye|Sableye-Mega, L80, F\n|-mega|p1a: Sableye|Sableye|Sablenite\n|move|p2a: Volcanion|Steam Eruption|p1a: Sableye\n|-damage|p1a: Sableye|100\/211\n|move|p1a: Sableye|Calm Mind|p1a: Sableye\n|-boost|p1a: Sableye|spa|1\n|-boost|p1a: Sableye|spd|1\n|\n|upkeep\n|turn|15\n|\n|t:|1645398421\n|switch|p2a: Beedrill|Beedrill, L82, M|241\/241\n|move|p1a: Sableye|Recover|p1a: Sableye\n|-heal|p1a: Sableye|206\/211\n|\n|upkeep\n|turn|16\n|\n|t:|1645398425\n|detailschange|p2a: Beedrill|Beedrill-Mega, L82, M\n|-mega|p2a: Beedrill|Beedrill|Beedrillite\n|move|p2a: Beedrill|U-turn|p1a: Sableye\n|-damage|p1a: Sableye|108\/211\n|\n|t:|1645398428\n|switch|p2a: Volcanion|Volcanion, L82|77\/265\n|move|p1a: Sableye|Will-O-Wisp|p2a: Volcanion\n|-immune|p2a: Volcanion\n|\n|upkeep\n|turn|17\n|\n|t:|1645398436\n|move|p2a: Volcanion|Steam Eruption|p1a: Sableye\n|-damage|p1a: Sableye|24\/211\n|move|p1a: Sableye|Recover|p1a: Sableye\n|-heal|p1a: Sableye|130\/211\n|\n|upkeep\n|turn|18\n|\n|t:|1645398440\n|move|p2a: Volcanion|Steam Eruption|p1a: Sableye\n|-damage|p1a: Sableye|52\/211\n|-status|p1a: Sableye|brn\n|move|p1a: Sableye|Recover|p1a: Sableye\n|-heal|p1a: Sableye|158\/211 brn\n|\n|-damage|p1a: Sableye|145\/211 brn|[from] brn\n|upkeep\n|turn|19\n|\n|t:|1645398445\n|switch|p2a: Beedrill|Beedrill-Mega, L82, M|241\/241\n|move|p1a: Sableye|Recover|p1a: Sableye\n|-heal|p1a: Sableye|211\/211 brn\n|\n|-damage|p1a: Sableye|198\/211 brn|[from] brn\n|upkeep\n|turn|20\n|\n|t:|1645398450\n|move|p2a: Beedrill|X-Scissor|p1a: Sableye\n|-damage|p1a: Sableye|84\/211 brn\n|move|p1a: Sableye|Calm Mind|p1a: Sableye\n|-boost|p1a: Sableye|spa|1\n|-boost|p1a: Sableye|spd|1\n|\n|-damage|p1a: Sableye|71\/211 brn|[from] brn\n|upkeep\n|turn|21\n|-message|BigWes95 forfeited.\n|\n|win|NTsweeper007\n|raw|BigWes95's rating: 1672 &rarr; <strong>1659<\/strong><br \/>(-13 for losing)\n|raw|NTsweeper007's rating: 1790 &rarr; <strong>1803<\/strong><br \/>(+13 for winning)\n|l|\u2606BigWes95\n||Ladder isn't responding, score probably updated but might not have (Request timeout).\n","inputlog":">version 619ed185dd1e0cd166763d439d42f388242d6d02\n>start {\"formatid\":\"gen7randombattle\",\"seed\":[42094,46915,42275,49525],\"rated\":\"Rated battle\"}\n>player p1 {\"name\":\"BigWes95\",\"avatar\":\"101\",\"rating\":1672,\"seed\":[25872,37542,32168,26185]}\n>player p2 {\"name\":\"NTsweeper007\",\"avatar\":\"hilbert-wonderlauncher\",\"rating\":1790,\"seed\":[40808,18162,50734,250]}\n>p1 switch 2\n>p2 move icebeam\n>p1 move flareblitz\n>p2 switch 5\n>p1 move headsmash\n>p2 move substitute\n>p1 move headsmash\n>p2 move substitute\n>p1 move headsmash\n>p2 move steameruption\n>p1 switch 2\n>p1 move psychic\n>p2 move steameruption\n>p1 move psychic\n>p2 switch 6\n>p1 move psychic\n>p2 move knockoff\n>p1 switch 3\n>p1 move stealthrock\n>p2 move taunt\n>p1 switch 6\n>p2 switch 5\n>p1 move ironhead\n>p2 switch 6\n>p1 move knockoff\n>p2 move fireblast\n>p1 move lowkick\n>p2 move steameruption\n>p1 switch 5\n>p1 move calmmind mega\n>p2 move steameruption\n>p1 move recover\n>p2 switch 3\n>p1 move willowisp\n>p2 move uturn mega\n>p2 switch 3\n>p1 move recover\n>p2 move steameruption\n>p1 move recover\n>p2 move steameruption\n>p1 move recover\n>p2 switch 3\n>p1 move calmmind\n>p2 move xscissor\n>forcelose p1","uploadtime":1645398456,"views":5,"p1id":"bigwes95","p2id":"ntsweeper007","formatid":"gen7randombattle","rating":1659,"private":0,"password":null}