{"id":"gen7ou-910473207","p1":"HQSFun","p2":"Acro leo","format":"gen7ou","log":"|j|\u2606HQSFun\n|j|\u2606Acro leo\n|player|p1|HQSFun|260\n|player|p2|Acro leo|265\n|teamsize|p1|6\n|teamsize|p2|6\n|gametype|singles\n|gen|7\n|tier|[Gen 7] OU\n|rated|\n|rule|Sleep Clause Mod: Limit one foe put to sleep\n|rule|Species Clause: Limit one of each Pok\u00e9mon\n|rule|OHKO Clause: OHKO moves are banned\n|rule|Moody Clause: Moody is banned\n|rule|Evasion Moves Clause: Evasion moves are banned\n|rule|Endless Battle Clause: Forcing endless battles is banned\n|rule|HP Percentage Mod: HP is shown in percentages\n|clearpoke\n|poke|p1|Medicham, M|item\n|poke|p1|Greninja, M|item\n|poke|p1|Kartana|item\n|poke|p1|Landorus-Therian, M|item\n|poke|p1|Magearna|item\n|poke|p1|Tapu Koko|item\n|poke|p2|Samurott, M|item\n|poke|p2|Ferrothorn, F|item\n|poke|p2|Garchomp, F|item\n|poke|p2|Hawlucha, F|item\n|poke|p2|Tapu Koko|item\n|poke|p2|Sylveon, F|item\n|teampreview\n|inactive|Battle timer is ON: inactive players will automatically lose when time's up. (requested by Acro leo)\n|\n|start\n|switch|p1a: Medicham|Medicham, M|261\/261\n|switch|p2a: Tapu Koko|Tapu Koko|286\/286\n|-fieldstart|move: Electric Terrain|[from] ability: Electric Surge|[of] p2a: Tapu Koko\n|turn|1\n|\n|detailschange|p1a: Medicham|Medicham-Mega, M\n|-mega|p1a: Medicham|Medicham|Medichamite\n|move|p1a: Medicham|Fake Out|p2a: Tapu Koko\n|-damage|p2a: Tapu Koko|188\/286\n|cant|p2a: Tapu Koko|flinch\n|\n|-heal|p2a: Tapu Koko|205\/286|[from] item: Leftovers\n|upkeep\n|turn|2\n|\n|move|p2a: Tapu Koko|U-turn|p1a: Medicham\n|-damage|p1a: Medicham|198\/261\n|\n|switch|p2a: Sylveon|Sylveon, F|394\/394\n|move|p1a: Medicham|Zen Headbutt|p2a: Sylveon\n|-damage|p2a: Sylveon|169\/394\n|\n|-heal|p2a: Sylveon|193\/394|[from] item: Leftovers\n|upkeep\n|turn|3\n|\n|move|p2a: Sylveon|Protect|p2a: Sylveon\n|-singleturn|p2a: Sylveon|Protect\n|move|p1a: Medicham|Thunder Punch|p2a: Sylveon\n|-activate|p2a: Sylveon|move: Protect\n|\n|-heal|p2a: Sylveon|217\/394|[from] item: Leftovers\n|upkeep\n|turn|4\n|\n|move|p1a: Medicham|Zen Headbutt|p2a: Sylveon\n|-damage|p2a: Sylveon|0 fnt\n|faint|p2a: Sylveon\n|\n|upkeep\n|\n|switch|p2a: Garchomp|Garchomp, F|357\/357\n|turn|5\n|\n|switch|p1a: Landorus|Landorus-Therian, M|382\/382\n|-ability|p1a: Landorus|Intimidate|boost\n|-unboost|p2a: Garchomp|atk|1\n|move|p2a: Garchomp|Swords Dance|p2a: Garchomp\n|-boost|p2a: Garchomp|atk|2\n|\n|-fieldend|move: Electric Terrain\n|upkeep\n|turn|6\n|\n|-zpower|p2a: Garchomp\n|move|p2a: Garchomp|Continental Crush|p1a: Landorus|[zeffect]\n|-damage|p1a: Landorus|109\/382\n|move|p1a: Landorus|U-turn|p2a: Garchomp\n|-damage|p2a: Garchomp|278\/357\n|-damage|p1a: Landorus|62\/382|[from] ability: Rough Skin|[of] p2a: Garchomp\n|\n|switch|p1a: Kartana|Kartana|259\/259\n|\n|upkeep\n|turn|7\n|\n|switch|p2a: Ferrothorn|Ferrothorn, F|352\/352\n|-zpower|p1a: Kartana\n|move|p1a: Kartana|Breakneck Blitz|p2a: Ferrothorn|[zeffect]\n|-resisted|p2a: Ferrothorn\n|-damage|p2a: Ferrothorn|224\/352\n|\n|-heal|p2a: Ferrothorn|246\/352|[from] item: Leftovers\n|upkeep\n|turn|8\n|\n|move|p1a: Kartana|Swords Dance|p1a: Kartana\n|-boost|p1a: Kartana|atk|2\n|move|p2a: Ferrothorn|Spikes|p1a: Kartana\n|-sidestart|p1: HQSFun|Spikes\n|\n|-heal|p2a: Ferrothorn|268\/352|[from] item: Leftovers\n|upkeep\n|turn|9\n|\n|switch|p2a: Tapu Koko|Tapu Koko|205\/286\n|-fieldstart|move: Electric Terrain|[from] ability: Electric Surge|[of] p2a: Tapu Koko\n|move|p1a: Kartana|Sacred Sword|p2a: Tapu Koko\n|-resisted|p2a: Tapu Koko\n|-damage|p2a: Tapu Koko|47\/286\n|\n|-heal|p2a: Tapu Koko|64\/286|[from] item: Leftovers\n|upkeep\n|turn|10\n|\n|move|p2a: Tapu Koko|Thunderbolt|p1a: Kartana\n|-resisted|p1a: Kartana\n|-damage|p1a: Kartana|23\/259\n|move|p1a: Kartana|Leaf Blade|p2a: Tapu Koko\n|-damage|p2a: Tapu Koko|0 fnt\n|faint|p2a: Tapu Koko\n|-ability|p1a: Kartana|Beast Boost|boost\n|-boost|p1a: Kartana|atk|1\n|\n|upkeep\n|\n|switch|p2a: Hawlucha|Hawlucha, F|321\/321\n|-enditem|p2a: Hawlucha|Electric Seed\n|-boost|p2a: Hawlucha|def|1\n|turn|11\n|\n|move|p2a: Hawlucha|Acrobatics|p1a: Kartana\n|-damage|p1a: Kartana|0 fnt\n|faint|p1a: Kartana\n|\n|upkeep\n|\n|switch|p1a: Tapu Koko|Tapu Koko|281\/281\n|-damage|p1a: Tapu Koko|246\/281|[from] Spikes\n|turn|12\n|\n|switch|p2a: Garchomp|Garchomp, F|278\/357\n|move|p1a: Tapu Koko|Dazzling Gleam|p2a: Garchomp\n|-supereffective|p2a: Garchomp\n|-damage|p2a: Garchomp|6\/357\n|\n|upkeep\n|turn|13\n|\n|move|p1a: Tapu Koko|Dazzling Gleam|p2a: Garchomp\n|-supereffective|p2a: Garchomp\n|-damage|p2a: Garchomp|0 fnt\n|faint|p2a: Garchomp\n|\n|-fieldend|move: Electric Terrain\n|upkeep\n|\n|switch|p2a: Ferrothorn|Ferrothorn, F|268\/352\n|turn|14\n|\n|switch|p1a: Landorus|Landorus-Therian, M|62\/382\n|-ability|p1a: Landorus|Intimidate|boost\n|-unboost|p2a: Ferrothorn|atk|1\n|move|p2a: Ferrothorn|Leech Seed|p1a: Landorus\n|-start|p1a: Landorus|move: Leech Seed\n|\n|-heal|p1a: Landorus|85\/382|[from] item: Leftovers\n|-heal|p2a: Ferrothorn|290\/352|[from] item: Leftovers\n|-damage|p1a: Landorus|38\/382|[from] Leech Seed|[of] p2a: Ferrothorn\n|-heal|p2a: Ferrothorn|337\/352|[silent]\n|upkeep\n|turn|15\n|\n|move|p1a: Landorus|Stealth Rock|p2a: Ferrothorn\n|-sidestart|p2: Acro leo|move: Stealth Rock\n|move|p2a: Ferrothorn|Power Whip|p1a: Landorus\n|-damage|p1a: Landorus|0 fnt\n|faint|p1a: Landorus\n|\n|-heal|p2a: Ferrothorn|352\/352|[from] item: Leftovers\n|upkeep\n|\n|switch|p1a: Magearna|Magearna|363\/363\n|-damage|p1a: Magearna|318\/363|[from] Spikes\n|turn|16\n|\n|move|p1a: Magearna|Hidden Power|p2a: Ferrothorn\n|-supereffective|p2a: Ferrothorn\n|-crit|p2a: Ferrothorn\n|-damage|p2a: Ferrothorn|60\/352\n|move|p2a: Ferrothorn|Gyro Ball|p1a: Magearna\n|-damage|p1a: Magearna|260\/363\n|\n|-heal|p2a: Ferrothorn|82\/352|[from] item: Leftovers\n|upkeep\n|turn|17\n|\n|move|p1a: Magearna|Ice Beam|p2a: Ferrothorn\n|-damage|p2a: Ferrothorn|13\/352\n|-status|p2a: Ferrothorn|frz\n|-curestatus|p2a: Ferrothorn|frz|[msg]\n|move|p2a: Ferrothorn|Spikes|p1a: Magearna\n|-sidestart|p1: HQSFun|Spikes\n|\n|-heal|p2a: Ferrothorn|35\/352|[from] item: Leftovers\n|upkeep\n|turn|18\n|\n|move|p1a: Magearna|Ice Beam|p2a: Ferrothorn\n|-damage|p2a: Ferrothorn|0 fnt\n|faint|p2a: Ferrothorn\n|-ability|p1a: Magearna|Soul-Heart|boost\n|-boost|p1a: Magearna|spa|1\n|\n|upkeep\n|\n|switch|p2a: Samurott|Samurott, M|332\/332\n|-damage|p2a: Samurott|291\/332|[from] Stealth Rock\n|turn|19\n|\n|move|p2a: Samurott|Liquidation|p1a: Magearna\n|-damage|p1a: Magearna|126\/363\n|-damage|p2a: Samurott|258\/332|[from] item: Life Orb\n|move|p1a: Magearna|Volt Switch|p2a: Samurott\n|-supereffective|p2a: Samurott\n|-damage|p2a: Samurott|0 fnt\n|faint|p2a: Samurott\n|-ability|p1a: Magearna|Soul-Heart|boost\n|-boost|p1a: Magearna|spa|1\n|\n|switch|p1a: Tapu Koko|Tapu Koko|246\/281\n|-damage|p1a: Tapu Koko|200\/281|[from] Spikes\n|-fieldstart|move: Electric Terrain|[from] ability: Electric Surge|[of] p1a: Tapu Koko\n|\n|upkeep\n|\n|switch|p2a: Hawlucha|Hawlucha, F|321\/321\n|-damage|p2a: Hawlucha|281\/321|[from] Stealth Rock\n|turn|20\n|\n|move|p1a: Tapu Koko|Thunderbolt|p2a: Hawlucha\n|-supereffective|p2a: Hawlucha\n|-damage|p2a: Hawlucha|0 fnt\n|faint|p2a: Hawlucha\n|\n|win|HQSFun\n|l|\u2606Acro leo\n|raw|HQSFun's rating: 1540 &rarr; <strong>1560<\/strong><br \/>(+20 for winning)\n|raw|Acro leo's rating: 1533 &rarr; <strong>1515<\/strong><br \/>(-18 for losing)\n","uploadtime":1557977762,"views":6,"p1id":"hqsfun","p2id":"acroleo","formatid":"gen7ou","rating":1515,"private":0,"password":null}