{"id":"gen7ou-824240251","p1":"CarlyBae","p2":"smashindom","format":"gen7ou","log":"|raw|<div class=\"broadcast-red\"><strong>This battle is invite-only!<\/strong><br \/>Users must be rank + or invited with <code>\/invite<\/code> to join<\/div>\n|j|\u2606CarlyBae\n|j|\u2606smashindom\n|player|p1|CarlyBae|265\n|player|p2|smashindom|192\n|teamsize|p1|6\n|teamsize|p2|6\n|gametype|singles\n|gen|7\n|tier|[Gen 7] OU\n|rated|\n|rule|Sleep Clause Mod: Limit one foe put to sleep\n|rule|Species Clause: Limit one of each Pok\u00e9mon\n|rule|OHKO Clause: OHKO moves are banned\n|rule|Moody Clause: Moody is banned\n|rule|Evasion Moves Clause: Evasion moves are banned\n|rule|Endless Battle Clause: Forcing endless battles is banned\n|rule|HP Percentage Mod: HP is shown in percentages\n|clearpoke\n|poke|p1|Toxapex, F|item\n|poke|p1|Hippowdon, M|item\n|poke|p1|Heatran, F|item\n|poke|p1|Clefable, F|item\n|poke|p1|Latias, F|item\n|poke|p1|Skarmory, M|item\n|poke|p2|Meloetta|item\n|poke|p2|Keldeo-Resolute|item\n|poke|p2|Venusaur, M|item\n|poke|p2|Zygarde|item\n|poke|p2|Landorus-Therian, M|item\n|poke|p2|Zapdos|item\n|teampreview\n|inactive|Battle timer is ON: inactive players will automatically lose when time's up. (requested by smashindom)\n|inactive|CarlyBae has 120 seconds left.\n|c|\u2606smashindom|imagine tryharding this hard on ladder\n|c|\u2606smashindom|use hard stall\n|c|\u2606smashindom|waste so much time\n|c|\u2606smashindom|no im talking about CarlyBae\n|inactive|CarlyBae has 90 seconds left.\n|\n|start\n|switch|p1a: Hippowdon|Hippowdon, M|100\/100\n|switch|p2a: Venusaur|Venusaur, M|100\/100\n|-weather|Sandstorm|[from] ability: Sand Stream|[of] p1a: Hippowdon\n|turn|1\n|\n|switch|p1a: Toxapex|Toxapex, F|100\/100\n|detailschange|p2a: Venusaur|Venusaur-Mega, M\n|-mega|p2a: Venusaur|Venusaur|Venusaurite\n|move|p2a: Venusaur|Giga Drain|p1a: Toxapex\n|-damage|p1a: Toxapex|79\/100\n|\n|-weather|Sandstorm|[upkeep]\n|-damage|p2a: Venusaur|94\/100|[from] Sandstorm\n|-damage|p1a: Toxapex|73\/100|[from] Sandstorm\n|upkeep\n|turn|2\n|\n|move|p2a: Venusaur|Leech Seed|p1a: Toxapex\n|-start|p1a: Toxapex|move: Leech Seed\n|move|p1a: Toxapex|Toxic Spikes|p2a: Venusaur\n|-sidestart|p2: smashindom|move: Toxic Spikes\n|\n|-weather|Sandstorm|[upkeep]\n|-damage|p2a: Venusaur|88\/100|[from] Sandstorm\n|-damage|p1a: Toxapex|67\/100|[from] Sandstorm\n|-damage|p1a: Toxapex|54\/100|[from] Leech Seed|[of] p2a: Venusaur\n|-heal|p2a: Venusaur|99\/100|[silent]\n|upkeep\n|turn|3\n|\n|switch|p2a: Landorus|Landorus-Therian, M|100\/100\n|-ability|p2a: Landorus|Intimidate|boost\n|-unboost|p1a: Toxapex|atk|1\n|switch|p1a: Latias|Latias, F|100\/100\n|\n|-weather|Sandstorm|[upkeep]\n|-damage|p1a: Latias|94\/100|[from] Sandstorm\n|upkeep\n|turn|4\n|\n|detailschange|p1a: Latias|Latias-Mega, F\n|-mega|p1a: Latias|Latias|Latiasite\n|move|p1a: Latias|Roost|p1a: Latias\n|-heal|p1a: Latias|100\/100\n|move|p2a: Landorus|U-turn|p1a: Latias\n|-supereffective|p1a: Latias\n|-damage|p1a: Latias|65\/100\n|\n|switch|p2a: Venusaur|Venusaur-Mega, M|99\/100\n|-sideend|p2: smashindom|move: Toxic Spikes|[of] p2a: Venusaur\n|\n|-weather|Sandstorm|[upkeep]\n|-damage|p1a: Latias|59\/100|[from] Sandstorm\n|-damage|p2a: Venusaur|93\/100|[from] Sandstorm\n|upkeep\n|turn|5\n|\n|move|p1a: Latias|Roost|p1a: Latias\n|-heal|p1a: Latias|100\/100\n|move|p2a: Venusaur|Sludge Bomb|p1a: Latias\n|-crit|p1a: Latias\n|-damage|p1a: Latias|64\/100\n|\n|-weather|none\n|upkeep\n|turn|6\n|\n|move|p1a: Latias|Reflect Type|p2a: Venusaur\n|-start|p1a: Latias|typechange|[from] move: Reflect Type|[of] p2a: Venusaur\n|move|p2a: Venusaur|Sludge Bomb|p1a: Latias\n|-damage|p1a: Latias|41\/100\n|\n|upkeep\n|turn|7\n|\n|switch|p2a: Meloetta|Meloetta|100\/100\n|move|p1a: Latias|Roost|p1a: Latias\n|-heal|p1a: Latias|91\/100\n|\n|upkeep\n|turn|8\n|\n|switch|p1a: Heatran|Heatran, F|100\/100\n|switch|p2a: Zygarde|Zygarde|100\/100\n|-ability|p2a: Zygarde|Aura Break\n|\n|upkeep\n|turn|9\n|\n|switch|p1a: Hippowdon|Hippowdon, M|100\/100\n|-weather|Sandstorm|[from] ability: Sand Stream|[of] p1a: Hippowdon\n|switch|p2a: Landorus|Landorus-Therian, M|100\/100\n|-ability|p2a: Landorus|Intimidate|boost\n|-unboost|p1a: Hippowdon|atk|1\n|\n|-weather|Sandstorm|[upkeep]\n|upkeep\n|turn|10\n|\n|move|p2a: Landorus|Stealth Rock|p1a: Hippowdon\n|-sidestart|p1: CarlyBae|move: Stealth Rock\n|move|p1a: Hippowdon|Stealth Rock|p2a: Landorus\n|-sidestart|p2: smashindom|move: Stealth Rock\n|\n|-weather|Sandstorm|[upkeep]\n|upkeep\n|turn|11\n|\n|move|p2a: Landorus|Hidden Power|p1a: Hippowdon\n|-supereffective|p1a: Hippowdon\n|-damage|p1a: Hippowdon|78\/100\n|move|p1a: Hippowdon|Toxic|p2a: Landorus|[miss]\n|-miss|p1a: Hippowdon|p2a: Landorus\n|\n|-weather|Sandstorm|[upkeep]\n|upkeep\n|turn|12\n|\n|move|p2a: Landorus|U-turn|p1a: Hippowdon\n|-damage|p1a: Hippowdon|65\/100\n|\n|switch|p2a: Zygarde|Zygarde|100\/100\n|-damage|p2a: Zygarde|94\/100|[from] Stealth Rock\n|-ability|p2a: Zygarde|Aura Break\n|move|p1a: Hippowdon|Slack Off|p1a: Hippowdon\n|-heal|p1a: Hippowdon|100\/100\n|\n|-weather|Sandstorm|[upkeep]\n|-heal|p2a: Zygarde|100\/100|[from] item: Leftovers\n|upkeep\n|turn|13\n|c|\u2606smashindom|\/log blaineinator was invited (and promoted to Room Voice) by smashindom.\n|j|+blaineinator\n|inactive|CarlyBae has 120 seconds left.\n|\n|switch|p2a: Venusaur|Venusaur-Mega, M|93\/100\n|-damage|p2a: Venusaur|80\/100|[from] Stealth Rock\n|move|p1a: Hippowdon|Toxic|p2a: Venusaur\n|-immune|p2a: Venusaur|[msg]\n|\n|-weather|none\n|upkeep\n|turn|14\n|\n|switch|p1a: Toxapex|Toxapex, F|88\/100\n|-damage|p1a: Toxapex|75\/100|[from] Stealth Rock\n|move|p2a: Venusaur|Leech Seed|p1a: Toxapex\n|-start|p1a: Toxapex|move: Leech Seed\n|\n|-damage|p1a: Toxapex|63\/100|[from] Leech Seed|[of] p2a: Venusaur\n|-heal|p2a: Venusaur|91\/100|[silent]\n|upkeep\n|turn|15\n|\n|switch|p2a: Zygarde|Zygarde|100\/100\n|-damage|p2a: Zygarde|94\/100|[from] Stealth Rock\n|-ability|p2a: Zygarde|Aura Break\n|move|p1a: Toxapex|Toxic Spikes|p2a: Zygarde\n|-sidestart|p2: smashindom|move: Toxic Spikes\n|\n|-heal|p2a: Zygarde|100\/100|[from] item: Leftovers\n|-damage|p1a: Toxapex|50\/100|[from] Leech Seed|[of] p2a: Zygarde\n|upkeep\n|turn|16\n|\n|switch|p1a: Hippowdon|Hippowdon, M|100\/100\n|-damage|p1a: Hippowdon|94\/100|[from] Stealth Rock\n|-weather|Sandstorm|[from] ability: Sand Stream|[of] p1a: Hippowdon\n|move|p2a: Zygarde|Dragon Dance|p2a: Zygarde\n|-boost|p2a: Zygarde|atk|1\n|-boost|p2a: Zygarde|spe|1\n|\n|-weather|Sandstorm|[upkeep]\n|upkeep\n|turn|17\n|\n|move|p2a: Zygarde|Dragon Dance|p2a: Zygarde\n|-boost|p2a: Zygarde|atk|1\n|-boost|p2a: Zygarde|spe|1\n|move|p1a: Hippowdon|Toxic|p2a: Zygarde\n|-status|p2a: Zygarde|tox\n|\n|-weather|Sandstorm|[upkeep]\n|-damage|p2a: Zygarde|94\/100 tox|[from] psn\n|upkeep\n|turn|18\n|\n|move|p2a: Zygarde|Thousand Arrows|p1a: Hippowdon\n|-damage|p1a: Hippowdon|57\/100\n|move|p1a: Hippowdon|Slack Off|p1a: Hippowdon\n|-heal|p1a: Hippowdon|100\/100\n|\n|-weather|Sandstorm|[upkeep]\n|-heal|p2a: Zygarde|100\/100 tox|[from] item: Leftovers\n|-damage|p2a: Zygarde|88\/100 tox|[from] psn\n|upkeep\n|turn|19\n|\n|move|p2a: Zygarde|Dragon Dance|p2a: Zygarde\n|-boost|p2a: Zygarde|atk|1\n|-boost|p2a: Zygarde|spe|1\n|move|p1a: Hippowdon|Earthquake|p2a: Zygarde\n|-damage|p2a: Zygarde|60\/100 tox\n|\n|-weather|Sandstorm|[upkeep]\n|-heal|p2a: Zygarde|66\/100 tox|[from] item: Leftovers\n|-damage|p2a: Zygarde|47\/100 tox|[from] psn\n|upkeep\n|turn|20\n|\n|move|p2a: Zygarde|Rest|p2a: Zygarde\n|-status|p2a: Zygarde|slp\n|-heal|p2a: Zygarde|100\/100 slp|[silent]\n|-status|p2a: Zygarde|slp|[from] move: Rest\n|move|p1a: Hippowdon|Slack Off|p1a: Hippowdon\n|-fail|p1a: Hippowdon\n|\n|-weather|none\n|upkeep\n|turn|21\n|\n|switch|p1a: Toxapex|Toxapex, F|83\/100\n|-damage|p1a: Toxapex|71\/100|[from] Stealth Rock\n|cant|p2a: Zygarde|slp\n|move|p2a: Zygarde|Sleep Talk|p2a: Zygarde\n|move|p2a: Zygarde|Dragon Dance|p2a: Zygarde|[from]Sleep Talk\n|-boost|p2a: Zygarde|atk|1\n|-boost|p2a: Zygarde|spe|1\n|\n|upkeep\n|turn|22\n|\n|cant|p2a: Zygarde|slp\n|move|p2a: Zygarde|Sleep Talk|p2a: Zygarde\n|move|p2a: Zygarde|Dragon Dance|p2a: Zygarde|[from]Sleep Talk\n|-boost|p2a: Zygarde|atk|1\n|-boost|p2a: Zygarde|spe|1\n|move|p1a: Toxapex|Haze|p1a: Toxapex\n|-clearallboost\n|\n|upkeep\n|turn|23\n|\n|switch|p1a: Clefable|Clefable, F|100\/100\n|-curestatus|p2a: Zygarde|slp|[msg]\n|move|p2a: Zygarde|Dragon Dance|p2a: Zygarde\n|-boost|p2a: Zygarde|atk|1\n|-boost|p2a: Zygarde|spe|1\n|\n|upkeep\n|turn|24\n|c|+blaineinator|this dudes so POOR\n|\n|switch|p2a: Venusaur|Venusaur-Mega, M|91\/100\n|-damage|p2a: Venusaur|78\/100|[from] Stealth Rock\n|-sideend|p2: smashindom|move: Toxic Spikes|[of] p2a: Venusaur\n|move|p1a: Clefable|Calm Mind|p1a: Clefable\n|-boost|p1a: Clefable|spa|1\n|-boost|p1a: Clefable|spd|1\n|\n|upkeep\n|turn|25\n|\n|move|p2a: Venusaur|Sludge Bomb|p1a: Clefable\n|-supereffective|p1a: Clefable\n|-damage|p1a: Clefable|56\/100\n|-status|p1a: Clefable|psn\n|move|p1a: Clefable|Calm Mind|p1a: Clefable\n|-boost|p1a: Clefable|spa|1\n|-boost|p1a: Clefable|spd|1\n|\n|upkeep\n|turn|26\n|\n|move|p2a: Venusaur|Sludge Bomb|p1a: Clefable\n|-supereffective|p1a: Clefable\n|-damage|p1a: Clefable|18\/100 psn\n|move|p1a: Clefable|Soft-Boiled|p1a: Clefable\n|-heal|p1a: Clefable|68\/100 psn\n|\n|upkeep\n|turn|27\n|\n|move|p2a: Venusaur|Sludge Bomb|p1a: Clefable\n|-supereffective|p1a: Clefable\n|-damage|p1a: Clefable|32\/100 psn\n|move|p1a: Clefable|Soft-Boiled|p1a: Clefable\n|-heal|p1a: Clefable|82\/100 psn\n|\n|upkeep\n|turn|28\n|\n|move|p2a: Venusaur|Sludge Bomb|p1a: Clefable\n|-supereffective|p1a: Clefable\n|-damage|p1a: Clefable|45\/100 psn\n|move|p1a: Clefable|Calm Mind|p1a: Clefable\n|-boost|p1a: Clefable|spa|1\n|-boost|p1a: Clefable|spd|1\n|\n|upkeep\n|turn|29\n|\n|move|p2a: Venusaur|Sludge Bomb|p1a: Clefable\n|-supereffective|p1a: Clefable\n|-damage|p1a: Clefable|18\/100 psn\n|move|p1a: Clefable|Soft-Boiled|p1a: Clefable\n|-heal|p1a: Clefable|68\/100 psn\n|\n|upkeep\n|turn|30\n|\n|move|p2a: Venusaur|Sludge Bomb|p1a: Clefable\n|-supereffective|p1a: Clefable\n|-damage|p1a: Clefable|39\/100 psn\n|move|p1a: Clefable|Soft-Boiled|p1a: Clefable\n|-heal|p1a: Clefable|89\/100 psn\n|\n|upkeep\n|turn|31\n|\n|move|p2a: Venusaur|Sludge Bomb|p1a: Clefable\n|-supereffective|p1a: Clefable\n|-damage|p1a: Clefable|58\/100 psn\n|move|p1a: Clefable|Stored Power|p2a: Venusaur\n|-supereffective|p2a: Venusaur\n|-damage|p2a: Venusaur|0 fnt\n|faint|p2a: Venusaur\n|\n|upkeep\n|\n|switch|p2a: Meloetta|Meloetta|100\/100\n|-damage|p2a: Meloetta|88\/100|[from] Stealth Rock\n|turn|32\n|\n|move|p2a: Meloetta|Psyshock|p1a: Clefable\n|-damage|p1a: Clefable|24\/100 psn\n|move|p1a: Clefable|Soft-Boiled|p1a: Clefable\n|-heal|p1a: Clefable|74\/100 psn\n|\n|upkeep\n|turn|33\n|\n|move|p2a: Meloetta|Psyshock|p1a: Clefable\n|-damage|p1a: Clefable|38\/100 psn\n|move|p1a: Clefable|Soft-Boiled|p1a: Clefable\n|-heal|p1a: Clefable|88\/100 psn\n|\n|upkeep\n|turn|34\n|\n|move|p2a: Meloetta|Psyshock|p1a: Clefable\n|-damage|p1a: Clefable|53\/100 psn\n|move|p1a: Clefable|Moonblast|p2a: Meloetta\n|-damage|p2a: Meloetta|44\/100\n|\n|upkeep\n|turn|35\n|\n|move|p2a: Meloetta|Psyshock|p1a: Clefable\n|-damage|p1a: Clefable|17\/100 psn\n|move|p1a: Clefable|Soft-Boiled|p1a: Clefable\n|-heal|p1a: Clefable|67\/100 psn\n|\n|upkeep\n|turn|36\n|\n|move|p2a: Meloetta|Psyshock|p1a: Clefable\n|-damage|p1a: Clefable|34\/100 psn\n|move|p1a: Clefable|Soft-Boiled|p1a: Clefable\n|-heal|p1a: Clefable|84\/100 psn\n|\n|upkeep\n|turn|37\n|\n|move|p2a: Meloetta|Psyshock|p1a: Clefable\n|-damage|p1a: Clefable|52\/100 psn\n|move|p1a: Clefable|Moonblast|p2a: Meloetta\n|-crit|p2a: Meloetta\n|-damage|p2a: Meloetta|0 fnt\n|faint|p2a: Meloetta\n|\n|upkeep\n|\n|switch|p2a: Landorus|Landorus-Therian, M|100\/100\n|-damage|p2a: Landorus|88\/100|[from] Stealth Rock\n|-ability|p2a: Landorus|Intimidate|boost\n|-unboost|p1a: Clefable|atk|1\n|turn|38\n|\n|move|p2a: Landorus|Earthquake|p1a: Clefable\n|-damage|p1a: Clefable|15\/100 psn\n|move|p1a: Clefable|Soft-Boiled|p1a: Clefable\n|-heal|p1a: Clefable|65\/100 psn\n|\n|upkeep\n|turn|39\n|\n|move|p2a: Landorus|Earthquake|p1a: Clefable\n|-damage|p1a: Clefable|26\/100 psn\n|move|p1a: Clefable|Soft-Boiled|p1a: Clefable\n|-heal|p1a: Clefable|76\/100 psn\n|\n|upkeep\n|turn|40\n|\n|move|p2a: Landorus|Earthquake|p1a: Clefable\n|-damage|p1a: Clefable|39\/100 psn\n|move|p1a: Clefable|Soft-Boiled|p1a: Clefable\n|-heal|p1a: Clefable|89\/100 psn\n|\n|upkeep\n|turn|41\n|\n|move|p2a: Landorus|Earthquake|p1a: Clefable\n|-damage|p1a: Clefable|55\/100 psn\n|move|p1a: Clefable|Moonblast|p2a: Landorus\n|-damage|p2a: Landorus|0 fnt\n|faint|p2a: Landorus\n|\n|upkeep\n|\n|switch|p2a: Keldeo|Keldeo-Resolute|100\/100\n|-damage|p2a: Keldeo|94\/100|[from] Stealth Rock\n|turn|42\n|\n|move|p2a: Keldeo|Surf|p1a: Clefable\n|-damage|p1a: Clefable|37\/100 psn\n|move|p1a: Clefable|Soft-Boiled|p1a: Clefable\n|-heal|p1a: Clefable|87\/100 psn\n|\n|upkeep\n|turn|43\n|\n|move|p2a: Keldeo|Surf|p1a: Clefable\n|-damage|p1a: Clefable|68\/100 psn\n|move|p1a: Clefable|Moonblast|p2a: Keldeo\n|-supereffective|p2a: Keldeo\n|-damage|p2a: Keldeo|0 fnt\n|faint|p2a: Keldeo\n|\n|upkeep\n|\n|switch|p2a: Zapdos|Zapdos|100\/100\n|-damage|p2a: Zapdos|75\/100|[from] Stealth Rock\n|-ability|p2a: Zapdos|Pressure\n|turn|44\n|\n|move|p2a: Zapdos|Discharge|p1a: Clefable\n|-damage|p1a: Clefable|56\/100 psn\n|move|p1a: Clefable|Moonblast|p2a: Zapdos\n|-damage|p2a: Zapdos|0 fnt\n|faint|p2a: Zapdos\n|\n|upkeep\n|\n|switch|p2a: Zygarde|Zygarde|100\/100\n|-damage|p2a: Zygarde|94\/100|[from] Stealth Rock\n|-ability|p2a: Zygarde|Aura Break\n|turn|45\n|c|\u2606CarlyBae|poor\n|\n|move|p2a: Zygarde|Thousand Arrows|p1a: Clefable\n|-damage|p1a: Clefable|28\/100 psn\n|move|p1a: Clefable|Moonblast|p2a: Zygarde\n|-supereffective|p2a: Zygarde\n|-damage|p2a: Zygarde|0 fnt\n|faint|p2a: Zygarde\n|\n|win|CarlyBae\n|c|\u2606smashindom|lmao\n|c|\u2606smashindom|u lucked\n|c|\u2606CarlyBae|gg\n|raw|CarlyBae's rating: 1577 &rarr; <strong>1609<\/strong><br \/>(+32 for winning)\n|raw|smashindom's rating: 1825 &rarr; <strong>1798<\/strong><br \/>(-27 for losing)\n|c|\u2606smashindom|lucky n bad\n|c|\u2606smashindom|LOL\n|c|\u2606smashindom|ur fucking\n|c|\u2606smashindom|trash\n|c|\u2606CarlyBae|wp\n|c|\u2606smashindom|stop stalling\n|c|\u2606CarlyBae|gg\n|c|\u2606smashindom|nice elo\n|c|\u2606smashindom|ur way of beating zygarde is\n|c|+blaineinator|70 gxe headass\n|c|\u2606smashindom|pex\n|c|\u2606CarlyBae|what stall\n|c|\u2606smashindom|lol\n|l|+blaineinator\n|c|\u2606smashindom|LOL\n|l|\u2606smashindom\n|j|\u2606smashindom\n|l|\u2606smashindom\n|c|\u2606CarlyBae|\/log CarlyBae made this room public.\n","uploadtime":1540260412,"views":31,"p1id":"carlybae","p2id":"smashindom","formatid":"gen7ou","rating":1609,"private":0,"password":null}