{"id":"gen7anythinggoes-1627056564","p1":"Rediyu","p2":"Loyalabsol","format":"gen7anythinggoes","log":"|j|\u2606Rediyu\n|j|\u2606Loyalabsol\n|t:|1659013456\n|gametype|singles\n|player|p1|Rediyu|guitarist|\n|player|p2|Loyalabsol|n|\n|teamsize|p1|6\n|teamsize|p2|6\n|gen|7\n|tier|[Gen 7] Anything Goes\n|rule|HP Percentage Mod: HP is shown in percentages\n|rule|Endless Battle Clause: Forcing endless battles is banned\n|clearpoke\n|poke|p1|Gardevoir, F|item\n|poke|p1|Qwilfish, F|item\n|poke|p1|Tapu Koko|item\n|poke|p1|Hitmonlee, M|item\n|poke|p1|Rhyperior, M|item\n|poke|p1|Metagross|item\n|poke|p2|Piloswine, M|item\n|poke|p2|Virizion|item\n|poke|p2|Aegislash, F|item\n|poke|p2|Nihilego|item\n|poke|p2|Magmortar, F|item\n|poke|p2|Blissey, F|item\n|teampreview\n|\n|t:|1659013459\n|start\n|switch|p1a: Korn|Hitmonlee, M|100\/100\n|switch|p2a: UDO <3|Piloswine, M|100\/100\n|turn|1\n|\n|t:|1659013461\n|switch|p2a: Robraf|Virizion|100\/100\n|move|p1a: Korn|High Jump Kick|p2a: Robraf\n|-damage|p2a: Robraf|0 fnt\n|faint|p2a: Robraf\n|\n|upkeep\n|\n|t:|1659013464\n|switch|p2a: Demon|Aegislash, F, shiny|100\/100\n|turn|2\n|c|\u2606Rediyu|na dann, auf ein Gutes,Take5\n|c|\u2606Loyalabsol|jo!\n|\n|t:|1659013504\n|switch|p1a: Sekt|Qwilfish, F|100\/100\n|-ability|p1a: Sekt|Intimidate|boost\n|-unboost|p2a: Demon|atk|1\n|-formechange|p2a: Demon|Aegislash-Blade||[from] ability: Stance Change\n|move|p2a: Demon|Iron Head|p1a: Sekt\n|-resisted|p1a: Sekt\n|-damage|p1a: Sekt|88\/100\n|-damage|p2a: Demon|84\/100|[from] item: Rocky Helmet|[of] p1a: Sekt\n|\n|upkeep\n|turn|3\n|\n|t:|1659013599\n|switch|p2a: Christian_YT|Blissey, F|100\/100\n|move|p1a: Sekt|Scald|p2a: Christian_YT\n|-damage|p2a: Christian_YT|95\/100\n|\n|-heal|p2a: Christian_YT|100\/100|[from] item: Leftovers\n|upkeep\n|turn|4\n|\n|t:|1659013613\n|move|p1a: Sekt|Spikes|p2a: Christian_YT\n|-sidestart|p2: Loyalabsol|Spikes\n|move|p2a: Christian_YT|Wish|p2a: Christian_YT\n|\n|upkeep\n|turn|5\n|\n|t:|1659013634\n|switch|p2a: Tari|Nihilego|100\/100\n|-damage|p2a: Tari|88\/100|[from] Spikes\n|move|p1a: Sekt|Spikes|p2a: Tari\n|-sidestart|p2: Loyalabsol|Spikes\n|\n|-heal|p2a: Tari|100\/100|[from] move: Wish|[wisher] Christian_YT\n|upkeep\n|turn|6\n|\n|t:|1659013654\n|switch|p1a: Schwarzbier|Metagross|100\/100\n|move|p2a: Tari|Toxic Spikes|p1a: Schwarzbier\n|-sidestart|p1: Rediyu|move: Toxic Spikes\n|\n|upkeep\n|turn|7\n|\n|t:|1659013722\n|switch|p2a: Taria|Magmortar, F|100\/100\n|-damage|p2a: Taria|84\/100|[from] Spikes\n|move|p1a: Schwarzbier|Earthquake|p2a: Taria\n|-supereffective|p2a: Taria\n|-damage|p2a: Taria|0 fnt\n|faint|p2a: Taria\n|\n|upkeep\n|\n|t:|1659013729\n|switch|p2a: Demon|Aegislash, F, shiny|84\/100\n|-damage|p2a: Demon|68\/100|[from] Spikes\n|turn|8\n|\n|t:|1659013737\n|switch|p2a: Tari|Nihilego|100\/100\n|-damage|p2a: Tari|84\/100|[from] Spikes\n|switch|p1a: Sekt|Qwilfish, F|88\/100\n|-sideend|p1: Rediyu|move: Toxic Spikes|[of] p1a: Sekt\n|-ability|p1a: Sekt|Intimidate|boost\n|-unboost|p2a: Tari|atk|1\n|\n|upkeep\n|turn|9\n|\n|t:|1659013760\n|switch|p1a: Schwarzbier|Metagross|100\/100\n|move|p2a: Tari|Power Gem|p1a: Schwarzbier\n|-resisted|p1a: Schwarzbier\n|-damage|p1a: Schwarzbier|79\/100\n|\n|upkeep\n|turn|10\n|\n|t:|1659013797\n|switch|p2a: Christian_YT|Blissey, F|100\/100\n|-damage|p2a: Christian_YT|84\/100|[from] Spikes\n|move|p1a: Schwarzbier|Earthquake|p2a: Christian_YT\n|-damage|p2a: Christian_YT|60\/100\n|\n|-heal|p2a: Christian_YT|66\/100|[from] item: Leftovers\n|upkeep\n|turn|11\n|\n|t:|1659013811\n|move|p1a: Schwarzbier|Meteor Mash|p2a: Christian_YT\n|-damage|p2a: Christian_YT|34\/100\n|move|p2a: Christian_YT|Wish|p2a: Christian_YT\n|\n|-heal|p2a: Christian_YT|40\/100|[from] item: Leftovers\n|upkeep\n|turn|12\n|\n|t:|1659013852\n|switch|p1a: Korn|Hitmonlee, M|100\/100\n|move|p2a: Christian_YT|Seismic Toss|p1a: Korn\n|-damage|p1a: Korn|60\/100\n|\n|-heal|p2a: Christian_YT|90\/100|[from] move: Wish|[wisher] Christian_YT\n|-heal|p2a: Christian_YT|96\/100|[from] item: Leftovers\n|upkeep\n|turn|13\n|\n|t:|1659013864\n|move|p2a: Christian_YT|Protect|p2a: Christian_YT\n|-singleturn|p2a: Christian_YT|Protect\n|move|p1a: Korn|Earthquake|p2a: Christian_YT\n|-activate|p2a: Christian_YT|move: Protect\n|\n|-heal|p2a: Christian_YT|100\/100|[from] item: Leftovers\n|upkeep\n|turn|14\n|\n|t:|1659013917\n|switch|p1a: Wei\u00dfbier|Rhyperior, M|100\/100\n|move|p2a: Christian_YT|Wish|p2a: Christian_YT\n|\n|upkeep\n|turn|15\n|\n|t:|1659013937\n|move|p1a: Wei\u00dfbier|Earthquake|p2a: Christian_YT\n|-damage|p2a: Christian_YT|33\/100\n|move|p2a: Christian_YT|Toxic|p1a: Wei\u00dfbier\n|-status|p1a: Wei\u00dfbier|tox\n|\n|-heal|p2a: Christian_YT|83\/100|[from] move: Wish|[wisher] Christian_YT\n|-heal|p2a: Christian_YT|89\/100|[from] item: Leftovers\n|-damage|p1a: Wei\u00dfbier|94\/100 tox|[from] psn\n|upkeep\n|turn|16\n|\n|t:|1659013949\n|move|p2a: Christian_YT|Protect|p2a: Christian_YT\n|-singleturn|p2a: Christian_YT|Protect\n|move|p1a: Wei\u00dfbier|Earthquake|p2a: Christian_YT\n|-activate|p2a: Christian_YT|move: Protect\n|\n|-heal|p2a: Christian_YT|95\/100|[from] item: Leftovers\n|-damage|p1a: Wei\u00dfbier|82\/100 tox|[from] psn\n|upkeep\n|turn|17\n|\n|t:|1659013965\n|move|p1a: Wei\u00dfbier|Earthquake|p2a: Christian_YT\n|-damage|p2a: Christian_YT|32\/100\n|move|p2a: Christian_YT|Wish|p2a: Christian_YT\n|\n|-heal|p2a: Christian_YT|38\/100|[from] item: Leftovers\n|-damage|p1a: Wei\u00dfbier|64\/100 tox|[from] psn\n|upkeep\n|turn|18\n|\n|t:|1659013990\n|switch|p1a: Sekt|Qwilfish, F|88\/100\n|-ability|p1a: Sekt|Intimidate|boost\n|-unboost|p2a: Christian_YT|atk|1\n|move|p2a: Christian_YT|Protect||[still]\n|-fail|p2a: Christian_YT\n|\n|-heal|p2a: Christian_YT|88\/100|[from] move: Wish|[wisher] Christian_YT\n|-heal|p2a: Christian_YT|94\/100|[from] item: Leftovers\n|upkeep\n|turn|19\n|\n|t:|1659014060\n|switch|p2a: Tari|Nihilego|84\/100\n|-damage|p2a: Tari|68\/100|[from] Spikes\n|move|p1a: Sekt|Spikes|p2a: Tari\n|-sidestart|p2: Loyalabsol|Spikes\n|\n|upkeep\n|turn|20\n|\n|t:|1659014084\n|switch|p2a: Demon|Aegislash, F, shiny|68\/100\n|-damage|p2a: Demon|43\/100|[from] Spikes\n|switch|p1a: Schwarzbier|Metagross|79\/100\n|\n|upkeep\n|turn|21\n|\n|t:|1659014095\n|switch|p1a: Sekt|Qwilfish, F|88\/100\n|-ability|p1a: Sekt|Intimidate|boost\n|-unboost|p2a: Demon|atk|1\n|-formechange|p2a: Demon|Aegislash-Blade||[from] ability: Stance Change\n|move|p2a: Demon|Shadow Claw|p1a: Sekt\n|-damage|p1a: Sekt|65\/100\n|-damage|p2a: Demon|26\/100|[from] item: Rocky Helmet|[of] p1a: Sekt\n|\n|upkeep\n|turn|22\n|\n|t:|1659014111\n|switch|p2a: Tari|Nihilego|68\/100\n|-damage|p2a: Tari|43\/100|[from] Spikes\n|move|p1a: Sekt|Scald|p2a: Tari\n|-supereffective|p2a: Tari\n|-damage|p2a: Tari|21\/100\n|\n|upkeep\n|turn|23\n|\n|t:|1659014126\n|switch|p1a: Schwarzbier|Metagross|79\/100\n|move|p2a: Tari|Power Gem|p1a: Schwarzbier\n|-resisted|p1a: Schwarzbier\n|-damage|p1a: Schwarzbier|57\/100\n|\n|upkeep\n|turn|24\n|\n|t:|1659014143\n|move|p1a: Schwarzbier|Bullet Punch|p2a: Tari\n|-supereffective|p2a: Tari\n|-damage|p2a: Tari|0 fnt\n|faint|p2a: Tari\n|\n|upkeep\n|\n|t:|1659014163\n|switch|p2a: Christian_YT|Blissey, F|94\/100\n|-damage|p2a: Christian_YT|70\/100|[from] Spikes\n|turn|25\n|\n|t:|1659014172\n|move|p2a: Christian_YT|Protect|p2a: Christian_YT\n|-singleturn|p2a: Christian_YT|Protect\n|move|p1a: Schwarzbier|Stealth Rock|p2a: Christian_YT\n|-sidestart|p2: Loyalabsol|move: Stealth Rock\n|\n|-heal|p2a: Christian_YT|76\/100|[from] item: Leftovers\n|upkeep\n|turn|26\n|\n|t:|1659014194\n|move|p1a: Schwarzbier|Meteor Mash|p2a: Christian_YT\n|-damage|p2a: Christian_YT|41\/100\n|move|p2a: Christian_YT|Wish|p2a: Christian_YT\n|\n|-heal|p2a: Christian_YT|47\/100|[from] item: Leftovers\n|upkeep\n|turn|27\n|\n|t:|1659014202\n|switch|p1a: Sekt|Qwilfish, F|65\/100\n|-ability|p1a: Sekt|Intimidate|boost\n|-unboost|p2a: Christian_YT|atk|1\n|move|p2a: Christian_YT|Protect||[still]\n|-fail|p2a: Christian_YT\n|\n|-heal|p2a: Christian_YT|97\/100|[from] move: Wish|[wisher] Christian_YT\n|-heal|p2a: Christian_YT|100\/100|[from] item: Leftovers\n|upkeep\n|turn|28\n|\n|t:|1659014215\n|move|p1a: Sekt|Scald|p2a: Christian_YT\n|-damage|p2a: Christian_YT|95\/100\n|-status|p2a: Christian_YT|brn\n|move|p2a: Christian_YT|Seismic Toss|p1a: Sekt\n|-damage|p1a: Sekt|35\/100\n|-damage|p2a: Christian_YT|78\/100 brn|[from] item: Rocky Helmet|[of] p1a: Sekt\n|\n|-heal|p2a: Christian_YT|85\/100 brn|[from] item: Leftovers\n|-damage|p2a: Christian_YT|78\/100 brn|[from] brn\n|upkeep\n|turn|29\n|\n|t:|1659014233\n|move|p1a: Sekt|Pain Split|p2a: Christian_YT\n|-sethp|p2a: Christian_YT|47\/100 brn|[from] move: Pain Split|[silent]\n|-sethp|p1a: Sekt|100\/100|[from] move: Pain Split\n|move|p2a: Christian_YT|Wish|p2a: Christian_YT\n|\n|-heal|p2a: Christian_YT|54\/100 brn|[from] item: Leftovers\n|-damage|p2a: Christian_YT|47\/100 brn|[from] brn\n|upkeep\n|turn|30\n|\n|t:|1659014241\n|move|p2a: Christian_YT|Protect|p2a: Christian_YT\n|-singleturn|p2a: Christian_YT|Protect\n|move|p1a: Sekt|Poison Jab|p2a: Christian_YT\n|-activate|p2a: Christian_YT|move: Protect\n|\n|-heal|p2a: Christian_YT|97\/100 brn|[from] move: Wish|[wisher] Christian_YT\n|-heal|p2a: Christian_YT|100\/100 brn|[from] item: Leftovers\n|-damage|p2a: Christian_YT|94\/100 brn|[from] brn\n|upkeep\n|turn|31\n|\n|t:|1659014246\n|move|p1a: Sekt|Poison Jab|p2a: Christian_YT\n|-damage|p2a: Christian_YT|71\/100 brn\n|move|p2a: Christian_YT|Seismic Toss|p1a: Sekt\n|-damage|p1a: Sekt|70\/100\n|-damage|p2a: Christian_YT|54\/100 brn|[from] item: Rocky Helmet|[of] p1a: Sekt\n|\n|-heal|p2a: Christian_YT|60\/100 brn|[from] item: Leftovers\n|-damage|p2a: Christian_YT|54\/100 brn|[from] brn\n|upkeep\n|turn|32\n|\n|t:|1659014251\n|move|p1a: Sekt|Poison Jab|p2a: Christian_YT\n|-damage|p2a: Christian_YT|33\/100 brn\n|move|p2a: Christian_YT|Seismic Toss|p1a: Sekt\n|-damage|p1a: Sekt|40\/100\n|-damage|p2a: Christian_YT|16\/100 brn|[from] item: Rocky Helmet|[of] p1a: Sekt\n|\n|-heal|p2a: Christian_YT|23\/100 brn|[from] item: Leftovers\n|-damage|p2a: Christian_YT|16\/100 brn|[from] brn\n|upkeep\n|turn|33\n|\n|t:|1659014265\n|move|p2a: Christian_YT|Protect|p2a: Christian_YT\n|-singleturn|p2a: Christian_YT|Protect\n|move|p1a: Sekt|Poison Jab|p2a: Christian_YT\n|-activate|p2a: Christian_YT|move: Protect\n|\n|-heal|p2a: Christian_YT|23\/100 brn|[from] item: Leftovers\n|-damage|p2a: Christian_YT|16\/100 brn|[from] brn\n|upkeep\n|turn|34\n|\n|t:|1659014270\n|move|p1a: Sekt|Poison Jab|p2a: Christian_YT\n|-damage|p2a: Christian_YT|0 fnt\n|faint|p2a: Christian_YT\n|\n|upkeep\n|\n|t:|1659014272\n|switch|p2a: UDO <3|Piloswine, M|100\/100\n|-damage|p2a: UDO <3|75\/100|[from] Spikes\n|-damage|p2a: UDO <3|63\/100|[from] Stealth Rock\n|turn|35\n|\n|t:|1659014282\n|move|p1a: Sekt|Scald|p2a: UDO <3\n|-supereffective|p2a: UDO <3\n|-damage|p2a: UDO <3|36\/100\n|-status|p2a: UDO <3|brn\n|move|p2a: UDO <3|Earthquake|p1a: Sekt\n|-supereffective|p1a: Sekt\n|-damage|p1a: Sekt|4\/100\n|\n|-damage|p2a: UDO <3|30\/100 brn|[from] brn\n|upkeep\n|turn|36\n|\n|t:|1659014294\n|switch|p1a: Rotwein|Gardevoir, F|100\/100\n|-ability|p1a: Rotwein|Thick Fat|[from] ability: Trace|[of] p2a: UDO <3\n|move|p2a: UDO <3|Ice Shard|p1a: Rotwein\n|-crit|p1a: Rotwein\n|-damage|p1a: Rotwein|89\/100\n|\n|-damage|p2a: UDO <3|24\/100 brn|[from] brn\n|upkeep\n|turn|37\n|\n|t:|1659014298\n|detailschange|p1a: Rotwein|Gardevoir-Mega, F\n|-mega|p1a: Rotwein|Gardevoir|Gardevoirite\n|move|p1a: Rotwein|Hyper Voice|p2a: UDO <3\n|-damage|p2a: UDO <3|0 fnt\n|faint|p2a: UDO <3\n|\n|upkeep\n|\n|t:|1659014300\n|switch|p2a: Demon|Aegislash, F, shiny|26\/100\n|-damage|p2a: Demon|2\/100|[from] Spikes\n|-damage|p2a: Demon|0 fnt|[from] Stealth Rock\n|faint|p2a: Demon\n|\n|win|Rediyu\n|l|\u2606Loyalabsol\n|c|\u2606Rediyu|gg\n","uploadtime":1659014318,"views":14,"p1id":"rediyu","p2id":"loyalabsol","formatid":"gen7anythinggoes","rating":0,"private":0,"password":null}