{"id":"gen7ou-880914152","p1":"why addicted","p2":"dys7opia","format":"gen7ou","log":"|j|\u2606why addicted\n|j|\u2606dys7opia\n|player|p1|why addicted|167\n|player|p2|dys7opia|55\n|teamsize|p1|6\n|teamsize|p2|6\n|gametype|singles\n|gen|7\n|tier|[Gen 7] OU\n|rated|\n|rule|Sleep Clause Mod: Limit one foe put to sleep\n|rule|Species Clause: Limit one of each Pok\u00e9mon\n|rule|OHKO Clause: OHKO moves are banned\n|rule|Moody Clause: Moody is banned\n|rule|Evasion Moves Clause: Evasion moves are banned\n|rule|Endless Battle Clause: Forcing endless battles is banned\n|rule|HP Percentage Mod: HP is shown in percentages\n|clearpoke\n|poke|p1|Mawile, M|item\n|poke|p1|Tapu Fini|item\n|poke|p1|Greninja, M|item\n|poke|p1|Zapdos|item\n|poke|p1|Jirachi|item\n|poke|p1|Garchomp, M|item\n|poke|p2|Zapdos|item\n|poke|p2|Latias, F|item\n|poke|p2|Reuniclus, F|item\n|poke|p2|Hippowdon, M|item\n|poke|p2|Ferrothorn, F|item\n|poke|p2|Azumarill, F|item\n|teampreview\n|c|\u2606why addicted|hf\n|j| Luckster Dry\n|c| Luckster Dry|Hello Swirly\n|c|\u2606why addicted|lmao\n|j| PepitoElRaton\n|c|\u2606why addicted|im not swirl btw\n|inactive|Battle timer is ON: inactive players will automatically lose when time's up. (requested by why addicted)\n|c| Luckster Dry|thats not me playing btw i was just logged into his acc cause we were gonna play\n|c| Luckster Dry|why addicted is too good oml\n|\n|start\n|switch|p1a: Tapu Fini|Tapu Fini|100\/100\n|switch|p2a: Latias|Latias, F|100\/100\n|-fieldstart|move: Misty Terrain|[from] ability: Misty Surge|[of] p1a: Tapu Fini\n|turn|1\n|c| Luckster Dry|Swirl quotes\n|\n|switch|p2a: Ferrothorn|Ferrothorn, F|100\/100\n|move|p1a: Tapu Fini|Nature's Madness|p2a: Ferrothorn\n|-damage|p2a: Ferrothorn|50\/100\n|\n|-heal|p2a: Ferrothorn|57\/100|[from] item: Leftovers\n|upkeep\n|turn|2\n|\n|move|p1a: Tapu Fini|Taunt|p2a: Ferrothorn\n|-start|p2a: Ferrothorn|move: Taunt\n|move|p2a: Ferrothorn|Power Whip|p1a: Tapu Fini\n|-supereffective|p1a: Tapu Fini\n|-damage|p1a: Tapu Fini|40\/100\n|\n|-heal|p1a: Tapu Fini|47\/100|[from] item: Leftovers\n|-heal|p2a: Ferrothorn|63\/100|[from] item: Leftovers\n|upkeep\n|turn|3\n|\n|switch|p1a: Zapdos|Zapdos|100\/100\n|switch|p2a: Hippowdon|Hippowdon, M|100\/100\n|-weather|Sandstorm|[from] ability: Sand Stream|[of] p2a: Hippowdon\n|\n|-weather|Sandstorm|[upkeep]\n|-damage|p1a: Zapdos|94\/100|[from] Sandstorm\n|-heal|p1a: Zapdos|100\/100|[from] item: Leftovers\n|upkeep\n|turn|4\n|\n|switch|p1a: Tapu Fini|Tapu Fini|47\/100\n|move|p2a: Hippowdon|Stealth Rock|p1a: Tapu Fini\n|-sidestart|p1: why addicted|move: Stealth Rock\n|\n|-weather|Sandstorm|[upkeep]\n|-damage|p1a: Tapu Fini|40\/100|[from] Sandstorm\n|-heal|p1a: Tapu Fini|47\/100|[from] item: Leftovers\n|upkeep\n|turn|5\n|l| PepitoElRaton\n|\n|switch|p2a: Zapdos|Zapdos|100\/100\n|-ability|p2a: Zapdos|Pressure\n|move|p1a: Tapu Fini|Defog|p2a: Zapdos\n|-unboost|p2a: Zapdos|evasion|1\n|-sideend|p1: why addicted|Stealth Rock|[from] move: Defog|[of] p1a: Tapu Fini\n|\n|-weather|Sandstorm|[upkeep]\n|-damage|p2a: Zapdos|94\/100|[from] Sandstorm\n|-damage|p1a: Tapu Fini|40\/100|[from] Sandstorm\n|-heal|p2a: Zapdos|100\/100|[from] item: Leftovers\n|-heal|p1a: Tapu Fini|47\/100|[from] item: Leftovers\n|-fieldend|Misty Terrain\n|upkeep\n|turn|6\n|\n|switch|p1a: Garchomp|Garchomp, M|100\/100\n|move|p2a: Zapdos|Heat Wave|p1a: Garchomp\n|-resisted|p1a: Garchomp\n|-damage|p1a: Garchomp|86\/100\n|\n|-weather|Sandstorm|[upkeep]\n|-damage|p2a: Zapdos|94\/100|[from] Sandstorm\n|-heal|p2a: Zapdos|100\/100|[from] item: Leftovers\n|upkeep\n|turn|7\n|\n|switch|p2a: Latias|Latias, F|100\/100\n|move|p1a: Garchomp|Stealth Rock|p2a: Latias\n|-sidestart|p2: dys7opia|move: Stealth Rock\n|\n|-weather|none\n|upkeep\n|turn|8\n|\n|switch|p1a: Mawile|Mawile, M|100\/100\n|-ability|p1a: Mawile|Intimidate|boost\n|-unboost|p2a: Latias|atk|1\n|detailschange|p2a: Latias|Latias-Mega, F\n|-mega|p2a: Latias|Latias|Latiasite\n|move|p2a: Latias|Ice Beam|p1a: Mawile\n|-resisted|p1a: Mawile\n|-damage|p1a: Mawile|74\/100\n|\n|upkeep\n|turn|9\n|l| Luckster Dry\n|\n|switch|p2a: Hippowdon|Hippowdon, M|100\/100\n|-damage|p2a: Hippowdon|94\/100|[from] Stealth Rock\n|-weather|Sandstorm|[from] ability: Sand Stream|[of] p2a: Hippowdon\n|detailschange|p1a: Mawile|Mawile-Mega, M\n|-mega|p1a: Mawile|Mawile|Mawilite\n|move|p1a: Mawile|Knock Off|p2a: Hippowdon\n|-damage|p2a: Hippowdon|63\/100\n|-damage|p1a: Mawile|57\/100|[from] item: Rocky Helmet|[of] p2a: Hippowdon\n|-enditem|p2a: Hippowdon|Rocky Helmet|[from] move: Knock Off|[of] p1a: Mawile\n|\n|-weather|Sandstorm|[upkeep]\n|upkeep\n|turn|10\n|\n|switch|p1a: Greninja|Greninja, M|100\/100\n|move|p2a: Hippowdon|Slack Off|p2a: Hippowdon\n|-heal|p2a: Hippowdon|100\/100\n|\n|-weather|Sandstorm|[upkeep]\n|-damage|p1a: Greninja|95\/100|[from] Sandstorm\n|upkeep\n|turn|11\n|\n|switch|p1a: Mawile|Mawile-Mega, M|57\/100\n|move|p2a: Hippowdon|Stealth Rock|p1a: Mawile\n|-sidestart|p1: why addicted|move: Stealth Rock\n|\n|-weather|Sandstorm|[upkeep]\n|upkeep\n|turn|12\n|\n|switch|p1a: Zapdos|Zapdos|100\/100\n|-damage|p1a: Zapdos|76\/100|[from] Stealth Rock\n|move|p2a: Hippowdon|Whirlwind|p1a: Zapdos\n|drag|p1a: Tapu Fini|Tapu Fini|47\/100\n|-damage|p1a: Tapu Fini|34\/100|[from] Stealth Rock\n|-fieldstart|move: Misty Terrain|[from] ability: Misty Surge|[of] p1a: Tapu Fini\n|\n|-weather|Sandstorm|[upkeep]\n|-damage|p1a: Tapu Fini|28\/100|[from] Sandstorm\n|-heal|p1a: Tapu Fini|34\/100|[from] item: Leftovers\n|upkeep\n|turn|13\n|\n|move|p1a: Tapu Fini|Nature's Madness|p2a: Hippowdon\n|-damage|p2a: Hippowdon|50\/100\n|move|p2a: Hippowdon|Earthquake|p1a: Tapu Fini\n|-damage|p1a: Tapu Fini|6\/100\n|\n|-weather|none\n|-heal|p1a: Tapu Fini|12\/100|[from] item: Leftovers\n|upkeep\n|turn|14\n|\n|move|p1a: Tapu Fini|Taunt|p2a: Hippowdon\n|-start|p2a: Hippowdon|move: Taunt\n|move|p2a: Hippowdon|Earthquake|p1a: Tapu Fini\n|-damage|p1a: Tapu Fini|0 fnt\n|faint|p1a: Tapu Fini\n|\n|upkeep\n|\n|switch|p1a: Greninja|Greninja, M|95\/100\n|-damage|p1a: Greninja|82\/100|[from] Stealth Rock\n|turn|15\n|\n|switch|p2a: Azumarill|Azumarill, F|100\/100\n|-damage|p2a: Azumarill|88\/100|[from] Stealth Rock\n|move|p1a: Greninja|Dark Pulse|p2a: Azumarill\n|-resisted|p2a: Azumarill\n|-damage|p2a: Azumarill|68\/100\n|\n|-heal|p2a: Azumarill|75\/100|[from] item: Leftovers\n|upkeep\n|turn|16\n|\n|switch|p1a: Jirachi|Jirachi|100\/100\n|-damage|p1a: Jirachi|95\/100|[from] Stealth Rock\n|move|p2a: Azumarill|Whirlpool|p1a: Jirachi\n|-damage|p1a: Jirachi|88\/100\n|-activate|p1a: Jirachi|move: Whirlpool|[of] p2a: Azumarill\n|\n|-heal|p2a: Azumarill|81\/100|[from] item: Leftovers\n|-damage|p1a: Jirachi|75\/100|[from] move: Whirlpool|[partiallytrapped]\n|-fieldend|Misty Terrain\n|upkeep\n|turn|17\n|\n|move|p1a: Jirachi|U-turn|p2a: Azumarill\n|-resisted|p2a: Azumarill\n|-damage|p2a: Azumarill|72\/100\n|\n|switch|p1a: Zapdos|Zapdos|76\/100\n|-damage|p1a: Zapdos|51\/100|[from] Stealth Rock\n|move|p2a: Azumarill|Perish Song|p2a: Azumarill\n|-start|p1a: Zapdos|perish3|[silent]\n|-start|p2a: Azumarill|perish3|[silent]\n|-fieldactivate|move: Perish Song\n|\n|-heal|p1a: Zapdos|57\/100|[from] item: Leftovers\n|-heal|p2a: Azumarill|78\/100|[from] item: Leftovers\n|-start|p1a: Zapdos|perish3\n|-start|p2a: Azumarill|perish3\n|upkeep\n|turn|18\n|\n|move|p1a: Zapdos|Roost|p1a: Zapdos\n|-heal|p1a: Zapdos|100\/100\n|-singleturn|p1a: Zapdos|move: Roost\n|move|p2a: Azumarill|Whirlpool|p1a: Zapdos\n|-damage|p1a: Zapdos|93\/100\n|-activate|p1a: Zapdos|move: Whirlpool|[of] p2a: Azumarill\n|\n|-heal|p1a: Zapdos|99\/100|[from] item: Leftovers\n|-heal|p2a: Azumarill|84\/100|[from] item: Leftovers\n|-damage|p1a: Zapdos|86\/100|[from] move: Whirlpool|[partiallytrapped]\n|-start|p1a: Zapdos|perish2\n|-start|p2a: Azumarill|perish2\n|upkeep\n|turn|19\n|\n|move|p2a: Azumarill|Protect|p2a: Azumarill\n|-singleturn|p2a: Azumarill|Protect\n|move|p1a: Zapdos|Volt Switch|p2a: Azumarill\n|-activate|p2a: Azumarill|move: Protect\n|\n|-heal|p1a: Zapdos|92\/100|[from] item: Leftovers\n|-heal|p2a: Azumarill|90\/100|[from] item: Leftovers\n|-damage|p1a: Zapdos|80\/100|[from] move: Whirlpool|[partiallytrapped]\n|-start|p1a: Zapdos|perish1\n|-start|p2a: Azumarill|perish1\n|upkeep\n|turn|20\n|\n|switch|p2a: Hippowdon|Hippowdon, M|50\/100\n|-damage|p2a: Hippowdon|44\/100|[from] Stealth Rock\n|-weather|Sandstorm|[from] ability: Sand Stream|[of] p2a: Hippowdon\n|move|p1a: Zapdos|Heat Wave|p2a: Hippowdon|[miss]\n|-miss|p1a: Zapdos|p2a: Hippowdon\n|\n|-weather|Sandstorm|[upkeep]\n|-damage|p1a: Zapdos|74\/100|[from] Sandstorm\n|-heal|p1a: Zapdos|80\/100|[from] item: Leftovers\n|-end|p1a: Zapdos|Whirlpool|[partiallytrapped]|[silent]\n|-start|p1a: Zapdos|perish0\n|upkeep\n|faint|p1a: Zapdos\n|\n|switch|p1a: Mawile|Mawile-Mega, M|57\/100\n|-damage|p1a: Mawile|52\/100|[from] Stealth Rock\n|turn|21\n|\n|move|p1a: Mawile|Play Rough|p2a: Hippowdon\n|-damage|p2a: Hippowdon|0 fnt\n|faint|p2a: Hippowdon\n|\n|-weather|Sandstorm|[upkeep]\n|upkeep\n|\n|switch|p2a: Zapdos|Zapdos|100\/100\n|-damage|p2a: Zapdos|76\/100|[from] Stealth Rock\n|-ability|p2a: Zapdos|Pressure\n|turn|22\n|\n|switch|p1a: Garchomp|Garchomp, M|86\/100\n|-damage|p1a: Garchomp|80\/100|[from] Stealth Rock\n|move|p2a: Zapdos|Defog|p1a: Garchomp\n|-unboost|p1a: Garchomp|evasion|1\n|-sideend|p1: why addicted|Stealth Rock|[from] move: Defog|[of] p2a: Zapdos\n|-sideend|p2: dys7opia|Stealth Rock|[from] move: Defog|[of] p2a: Zapdos\n|\n|-weather|Sandstorm|[upkeep]\n|-damage|p2a: Zapdos|70\/100|[from] Sandstorm\n|-heal|p2a: Zapdos|76\/100|[from] item: Leftovers\n|upkeep\n|turn|23\n|\n|move|p1a: Garchomp|Stealth Rock|p2a: Zapdos\n|-sidestart|p2: dys7opia|move: Stealth Rock\n|move|p2a: Zapdos|Heat Wave|p1a: Garchomp\n|-resisted|p1a: Garchomp\n|-damage|p1a: Garchomp|66\/100\n|\n|-weather|Sandstorm|[upkeep]\n|-damage|p2a: Zapdos|70\/100|[from] Sandstorm\n|-heal|p2a: Zapdos|76\/100|[from] item: Leftovers\n|upkeep\n|turn|24\n|\n|-zpower|p1a: Garchomp\n|move|p1a: Garchomp|Continental Crush|p2a: Zapdos|[zeffect]\n|-supereffective|p2a: Zapdos\n|-damage|p2a: Zapdos|0 fnt\n|faint|p2a: Zapdos\n|\n|-weather|none\n|upkeep\n|\n|switch|p2a: Reuniclus|Reuniclus, F|100\/100\n|turn|25\n|\n|switch|p1a: Greninja|Greninja, M|82\/100\n|move|p2a: Reuniclus|Psychic|p1a: Greninja\n|-immune|p1a: Greninja\n|\n|upkeep\n|turn|26\n|\n|switch|p1a: Mawile|Mawile-Mega, M|52\/100\n|switch|p2a: Azumarill|Azumarill, F|90\/100\n|-damage|p2a: Azumarill|78\/100|[from] Stealth Rock\n|\n|-heal|p2a: Azumarill|84\/100|[from] item: Leftovers\n|upkeep\n|turn|27\n|\n|move|p1a: Mawile|Play Rough|p2a: Azumarill\n|-damage|p2a: Azumarill|0 fnt\n|faint|p2a: Azumarill\n|\n|upkeep\n|\n|switch|p2a: Ferrothorn|Ferrothorn, F|63\/100\n|-damage|p2a: Ferrothorn|57\/100|[from] Stealth Rock\n|turn|28\n|\n|move|p1a: Mawile|Knock Off|p2a: Ferrothorn\n|-damage|p2a: Ferrothorn|8\/100\n|-damage|p1a: Mawile|39\/100|[from] ability: Iron Barbs|[of] p2a: Ferrothorn\n|-enditem|p2a: Ferrothorn|Leftovers|[from] move: Knock Off|[of] p1a: Mawile\n|move|p2a: Ferrothorn|Leech Seed|p1a: Mawile\n|-start|p1a: Mawile|move: Leech Seed\n|\n|-damage|p1a: Mawile|27\/100|[from] Leech Seed|[of] p2a: Ferrothorn\n|-heal|p2a: Ferrothorn|18\/100|[silent]\n|upkeep\n|turn|29\n|\n|switch|p1a: Greninja|Greninja, M|82\/100\n|move|p2a: Ferrothorn|Spikes|p1a: Greninja\n|-sidestart|p1: why addicted|Spikes\n|\n|upkeep\n|turn|30\n|c|\u2606why addicted|gg\n|c|\u2606dys7opia|gg\n|\n|move|p1a: Greninja|Dark Pulse|p2a: Ferrothorn\n|-damage|p2a: Ferrothorn|0 fnt\n|faint|p2a: Ferrothorn\n|-activate|p1a: Greninja|ability: Battle Bond\n|detailschange|p1a: Greninja|Greninja-Ash, M\n|\n|upkeep\n|\n|switch|p2a: Latias|Latias-Mega, F|100\/100\n|-damage|p2a: Latias|88\/100|[from] Stealth Rock\n|turn|31\n|\n|move|p1a: Greninja|Dark Pulse|p2a: Latias\n|-supereffective|p2a: Latias\n|-damage|p2a: Latias|0 fnt\n|faint|p2a: Latias\n|\n|upkeep\n|-message|dys7opia forfeited.\n|\n|win|why addicted\n|l|\u2606dys7opia\n","uploadtime":1553377704,"views":32,"p1id":"whyaddicted","p2id":"dys7opia","formatid":"gen7ou","rating":0,"private":0,"password":null}