{"id":"gen7randombattle-732205914","p1":"gordomistiko","p2":"jly8","format":"gen7randombattle","log":"|j|\u2606gordomistiko\n|j|\u2606jly8\n|player|p1|gordomistiko|76\n|player|p2|jly8|169\n|teamsize|p1|6\n|teamsize|p2|6\n|gametype|singles\n|gen|7\n|tier|[Gen 7] Random Battle\n|rated|\n|seed|57445,29439,64189,44081\n|rule|Sleep Clause Mod: Limit one foe put to sleep\n|rule|HP Percentage Mod: HP is shown in percentages\n|\n|start\n|switch|p1a: Chandelure|Chandelure, L77, M|219\/219\n|switch|p2a: Slurpuff|Slurpuff, L80, F|262\/262\n|turn|1\n|\n|switch|p2a: Kommo-o|Kommo-o, L77, F|242\/242\n|move|p1a: Chandelure|Fire Blast|p2a: Kommo-o\n|-resisted|p2a: Kommo-o\n|-damage|p2a: Kommo-o|178\/242\n|\n|upkeep\n|turn|2\n|\n|switch|p1a: Wigglytuff|Wigglytuff, L83, M|368\/368\n|-zpower|p2a: Kommo-o\n|move|p2a: Kommo-o|Clangorous Soulblaze|p1a: Wigglytuff|[zeffect]\n|-immune|p1a: Wigglytuff|[msg]\n|\n|upkeep\n|turn|3\n|\n|move|p2a: Kommo-o|Clanging Scales|p1a: Wigglytuff\n|-immune|p1a: Wigglytuff|[msg]\n|move|p1a: Wigglytuff|Dazzling Gleam|p2a: Kommo-o\n|-supereffective|p2a: Kommo-o\n|-damage|p2a: Kommo-o|0 fnt\n|faint|p2a: Kommo-o\n|\n|upkeep\n|\n|switch|p2a: Pheromosa|Pheromosa, L73|224\/224\n|turn|4\n|\n|move|p1a: Wigglytuff|Protect|p1a: Wigglytuff\n|-singleturn|p1a: Wigglytuff|Protect\n|move|p2a: Pheromosa|High Jump Kick|p1a: Wigglytuff\n|-activate|p1a: Wigglytuff|move: Protect\n|-damage|p2a: Pheromosa|112\/224|[from] highjumpkick\n|\n|upkeep\n|turn|5\n|\n|switch|p1a: Chandelure|Chandelure, L77, M|219\/219\n|move|p2a: Pheromosa|Ice Beam|p1a: Chandelure\n|-resisted|p1a: Chandelure\n|-damage|p1a: Chandelure|187\/219\n|\n|-heal|p1a: Chandelure|200\/219|[from] item: Leftovers\n|upkeep\n|turn|6\n|\n|move|p2a: Pheromosa|Poison Jab|p1a: Chandelure\n|-resisted|p1a: Chandelure\n|-damage|p1a: Chandelure|171\/219\n|move|p1a: Chandelure|Fire Blast|p2a: Pheromosa|[miss]\n|-miss|p1a: Chandelure|p2a: Pheromosa\n|\n|-heal|p1a: Chandelure|184\/219|[from] item: Leftovers\n|upkeep\n|turn|7\n|\n|switch|p2a: Slurpuff|Slurpuff, L80, F|262\/262\n|move|p1a: Chandelure|Fire Blast|p2a: Slurpuff|[miss]\n|-miss|p1a: Chandelure|p2a: Slurpuff\n|\n|-heal|p1a: Chandelure|197\/219|[from] item: Leftovers\n|upkeep\n|turn|8\n|\n|move|p1a: Chandelure|Fire Blast|p2a: Slurpuff|[miss]\n|-miss|p1a: Chandelure|p2a: Slurpuff\n|move|p2a: Slurpuff|Drain Punch|p1a: Chandelure\n|-immune|p1a: Chandelure|[msg]\n|\n|-heal|p1a: Chandelure|210\/219|[from] item: Leftovers\n|upkeep\n|turn|9\n|\n|move|p1a: Chandelure|Fire Blast|p2a: Slurpuff\n|-damage|p2a: Slurpuff|100\/262\n|move|p2a: Slurpuff|Substitute|p2a: Slurpuff\n|-start|p2a: Slurpuff|Substitute\n|-damage|p2a: Slurpuff|35\/262\n|\n|-heal|p1a: Chandelure|219\/219|[from] item: Leftovers\n|upkeep\n|turn|10\n|-message|jly8 forfeited.\n|\n|win|gordomistiko\n|l|\u2606jly8\n","inputlog":null,"uploadtime":1523631431,"views":0,"p1id":"gordomistiko","p2id":"jly8","formatid":"gen7randombattle","rating":0,"private":0,"password":null}