{"id":"gen7ou-721992132","p1":"jly8","p2":"Dranregel","format":"gen7ou","log":"|j|\u2606jly8\n|j|\u2606Dranregel\n|player|p1|jly8|80\n|player|p2|Dranregel|1\n|teamsize|p1|6\n|teamsize|p2|6\n|gametype|singles\n|gen|7\n|tier|[Gen 7] OU\n|rated|\n|rule|Sleep Clause Mod: Limit one foe put to sleep\n|rule|Species Clause: Limit one of each Pok\u00e9mon\n|rule|OHKO Clause: OHKO moves are banned\n|rule|Moody Clause: Moody is banned\n|rule|Evasion Moves Clause: Evasion moves are banned\n|rule|Endless Battle Clause: Forcing endless battles is banned\n|rule|HP Percentage Mod: HP is shown in percentages\n|clearpoke\n|poke|p1|Heatran, M|item\n|poke|p1|Gliscor, F|item\n|poke|p1|Slowbro, F|item\n|poke|p1|Tapu Bulu|item\n|poke|p1|Forretress, M|item\n|poke|p1|Sableye, F|item\n|poke|p2|Ribombee, F|item\n|poke|p2|Thundurus, M|item\n|poke|p2|Gyarados, M|item\n|poke|p2|Excadrill, M|item\n|poke|p2|Kyurem-Black|item\n|poke|p2|Blacephalon|item\n|teampreview\n|j| Trapitoo\n|j| youtuberadox\n|c| youtuberadox|5\n|c|\u2606jly8|?\n|\n|start\n|switch|p1a: Heatran|Heatran, M|100\/100\n|switch|p2a: Gyarados|Gyarados, M|100\/100\n|-ability|p2a: Gyarados|Intimidate|boost\n|-unboost|p1a: Heatran|atk|1\n|turn|1\n|\n|switch|p1a: Tapu Bulu|Tapu Bulu|100\/100\n|-fieldstart|move: Grassy Terrain|[from] ability: Grassy Surge|[of] p1a: Tapu Bulu\n|move|p2a: Gyarados|Dragon Dance|p2a: Gyarados\n|-boost|p2a: Gyarados|atk|1\n|-boost|p2a: Gyarados|spe|1\n|\n|upkeep\n|turn|2\n|\n|move|p2a: Gyarados|Bounce|p1a: Tapu Bulu|[still]\n|-prepare|p2a: Gyarados|Bounce|p1a: Tapu Bulu\n|move|p1a: Tapu Bulu|Horn Leech|p2a: Gyarados|[miss]\n|-miss|p1a: Tapu Bulu|p2a: Gyarados\n|\n|upkeep\n|turn|3\n|inactive|Battle timer is ON: inactive players will automatically lose when time's up. (requested by Dranregel)\n|\n|switch|p1a: Forretress|Forretress, M|100\/100\n|move|p2a: Gyarados|Bounce|p1a: Forretress|[from]lockedmove\n|-damage|p1a: Forretress|63\/100\n|\n|-heal|p1a: Forretress|69\/100|[from] item: Leftovers\n|-heal|p1a: Forretress|75\/100|[from] Grassy Terrain\n|upkeep\n|turn|4\n|\n|move|p2a: Gyarados|Dragon Dance|p2a: Gyarados\n|-boost|p2a: Gyarados|atk|1\n|-boost|p2a: Gyarados|spe|1\n|move|p1a: Forretress|Volt Switch|p2a: Gyarados\n|-supereffective|p2a: Gyarados\n|-damage|p2a: Gyarados|53\/100\n|c|\u2606Dranregel|AIE\n|\n|switch|p1a: Sableye|Sableye, F|100\/100\n|\n|upkeep\n|turn|5\n|\n|-mega|p2a: Gyarados|Gyarados|Gyaradosite\n|detailschange|p2a: Gyarados|Gyarados-Mega, M\n|-ability|p2a: Gyarados|Mold Breaker\n|-mega|p1a: Sableye|Sableye|Sablenite\n|detailschange|p1a: Sableye|Sableye-Mega, F\n|move|p2a: Gyarados|Substitute|p2a: Gyarados\n|-start|p2a: Gyarados|Substitute\n|-damage|p2a: Gyarados|29\/100\n|move|p1a: Sableye|Will-O-Wisp|p2a: Gyarados|[miss]\n|-miss|p1a: Sableye|p2a: Gyarados\n|\n|-heal|p2a: Gyarados|35\/100|[from] Grassy Terrain\n|-fieldend|move: Grassy Terrain\n|upkeep\n|turn|6\n|inactive|jly8 has 135 seconds left.\n|\n|move|p2a: Gyarados|Dragon Dance|p2a: Gyarados\n|-boost|p2a: Gyarados|atk|1\n|-boost|p2a: Gyarados|spe|1\n|move|p1a: Sableye|Knock Off|p2a: Gyarados\n|-resisted|p2a: Gyarados\n|-activate|p2a: Gyarados|move: Substitute|[damage]\n|\n|upkeep\n|turn|7\n|c| Trapitoo|gg\n|c|\u2606jly8|gg\n|\n|move|p2a: Gyarados|Bounce|p1a: Sableye|[still]\n|-prepare|p2a: Gyarados|Bounce|p1a: Sableye\n|move|p1a: Sableye|Knock Off|p2a: Gyarados|[miss]\n|-miss|p1a: Sableye|p2a: Gyarados\n|\n|upkeep\n|turn|8\n|\n|move|p1a: Sableye|Protect|p1a: Sableye\n|-singleturn|p1a: Sableye|Protect\n|move|p2a: Gyarados|Bounce|p1a: Sableye|[from]lockedmove\n|-activate|p1a: Sableye|move: Protect\n|\n|upkeep\n|turn|9\n|\n|move|p2a: Gyarados|Dragon Dance|p2a: Gyarados\n|-boost|p2a: Gyarados|atk|1\n|-boost|p2a: Gyarados|spe|1\n|move|p1a: Sableye|Knock Off|p2a: Gyarados\n|-resisted|p2a: Gyarados\n|-activate|p2a: Gyarados|move: Substitute|[damage]\n|\n|upkeep\n|turn|10\n|\n|move|p2a: Gyarados|Waterfall|p1a: Sableye\n|-damage|p1a: Sableye|0 fnt\n|faint|p1a: Sableye\n|\n|upkeep\n|\n|switch|p1a: Tapu Bulu|Tapu Bulu|100\/100\n|-fieldstart|move: Grassy Terrain|[from] ability: Grassy Surge|[of] p1a: Tapu Bulu\n|turn|11\n|\n|move|p2a: Gyarados|Bounce|p1a: Tapu Bulu|[still]\n|-prepare|p2a: Gyarados|Bounce|p1a: Tapu Bulu\n|move|p1a: Tapu Bulu|Horn Leech|p2a: Gyarados|[miss]\n|-miss|p1a: Tapu Bulu|p2a: Gyarados\n|\n|upkeep\n|turn|12\n|\n|switch|p1a: Heatran|Heatran, M|100\/100\n|move|p2a: Gyarados|Bounce|p1a: Heatran|[from]lockedmove|[miss]\n|-miss|p2a: Gyarados|p1a: Heatran\n|\n|-heal|p2a: Gyarados|41\/100|[from] Grassy Terrain\n|upkeep\n|turn|13\n|\n|switch|p1a: Slowbro|Slowbro, F|100\/100\n|move|p2a: Gyarados|Waterfall|p1a: Slowbro\n|-resisted|p1a: Slowbro\n|-damage|p1a: Slowbro|53\/100\n|-damage|p2a: Gyarados|24\/100|[from] item: Rocky Helmet|[of] p1a: Slowbro\n|\n|-heal|p2a: Gyarados|30\/100|[from] Grassy Terrain\n|-heal|p1a: Slowbro|59\/100|[from] Grassy Terrain\n|upkeep\n|turn|14\n|\n|move|p2a: Gyarados|Dragon Dance|p2a: Gyarados\n|-boost|p2a: Gyarados|atk|1\n|-boost|p2a: Gyarados|spe|1\n|move|p1a: Slowbro|Slack Off|p1a: Slowbro\n|-heal|p1a: Slowbro|100\/100\n|\n|-heal|p2a: Gyarados|36\/100|[from] Grassy Terrain\n|upkeep\n|turn|15\n|\n|move|p2a: Gyarados|Waterfall|p1a: Slowbro\n|-resisted|p1a: Slowbro\n|-damage|p1a: Slowbro|48\/100\n|-damage|p2a: Gyarados|20\/100|[from] item: Rocky Helmet|[of] p1a: Slowbro\n|move|p1a: Slowbro|Scald|p2a: Gyarados\n|-resisted|p2a: Gyarados\n|-end|p2a: Gyarados|Substitute\n|\n|-heal|p2a: Gyarados|26\/100|[from] Grassy Terrain\n|-heal|p1a: Slowbro|54\/100|[from] Grassy Terrain\n|-fieldend|move: Grassy Terrain\n|upkeep\n|turn|16\n|\n|move|p2a: Gyarados|Waterfall|p1a: Slowbro\n|-resisted|p1a: Slowbro\n|-damage|p1a: Slowbro|2\/100\n|-damage|p2a: Gyarados|9\/100|[from] item: Rocky Helmet|[of] p1a: Slowbro\n|move|p1a: Slowbro|Slack Off|p1a: Slowbro\n|-heal|p1a: Slowbro|52\/100\n|\n|upkeep\n|turn|17\n|inactive|jly8 has 135 seconds left.\n|c|\u2606Dranregel|ROL\n|\n|move|p2a: Gyarados|Waterfall|p1a: Slowbro\n|-resisted|p1a: Slowbro\n|-damage|p1a: Slowbro|3\/100\n|-damage|p2a: Gyarados|0 fnt|[from] item: Rocky Helmet|[of] p1a: Slowbro\n|faint|p2a: Gyarados\n|move|p1a: Slowbro|Scald|p2: Gyarados|[notarget]\n|-notarget\n|\n|upkeep\n|inactive|Dranregel has 135 seconds left.\n|\n|switch|p2a: Kyurem|Kyurem-Black|100\/100\n|-ability|p2a: Kyurem|Teravolt\n|turn|18\n|c| Trapitoo|slowbro is a fucking beast\n|\n|switch|p1a: Forretress|Forretress, M|75\/100\n|move|p2a: Kyurem|Ice Beam|p1a: Forretress\n|-resisted|p1a: Forretress\n|-damage|p1a: Forretress|42\/100\n|\n|-heal|p1a: Forretress|48\/100|[from] item: Leftovers\n|upkeep\n|turn|19\n|\n|move|p2a: Kyurem|Hidden Power|p1a: Forretress\n|-supereffective|p1a: Forretress\n|-crit|p1a: Forretress\n|-damage|p1a: Forretress|0 fnt\n|faint|p1a: Forretress\n|\n|upkeep\n|c|\u2606jly8|lol\n|\n|switch|p1a: Slowbro|Slowbro, F|36\/100\n|turn|20\n|\n|move|p2a: Kyurem|Fusion Bolt|p1a: Slowbro\n|-supereffective|p1a: Slowbro\n|-damage|p1a: Slowbro|0 fnt\n|faint|p1a: Slowbro\n|\n|upkeep\n|\n|switch|p1a: Heatran|Heatran, M|100\/100\n|turn|21\n|\n|move|p2a: Kyurem|Earth Power|p1a: Heatran\n|-supereffective|p1a: Heatran\n|-damage|p1a: Heatran|22\/100\n|move|p1a: Heatran|Flash Cannon|p2a: Kyurem\n|-supereffective|p2a: Kyurem\n|-damage|p2a: Kyurem|58\/100\n|\n|-heal|p1a: Heatran|28\/100|[from] item: Leftovers\n|upkeep\n|turn|22\n|-message|jly8 forfeited.\n|\n|win|Dranregel\n|l|\u2606jly8\n|raw|jly8's rating: 1783 &rarr; <strong>1763<\/strong><br \/>(-20 for losing)\n|raw|Dranregel's rating: 1775 &rarr; <strong>1796<\/strong><br \/>(+21 for winning)\n","inputlog":null,"uploadtime":1521759639,"views":65,"p1id":"jly8","p2id":"dranregel","formatid":"gen7ou","rating":1763,"private":0,"password":null}