{"id":"gen7ou-914483186","p1":"UberPyro","p2":"why addicted","format":"gen7ou","log":"|j|\u2606UberPyro\n|j|\u2606why addicted\n|inactive|Battle timer is ON: inactive players will automatically lose when time's up.\n|player|p1|UberPyro|clemont\n|player|p2|why addicted|169\n|teamsize|p1|6\n|teamsize|p2|6\n|gametype|singles\n|gen|7\n|tier|[Gen 7] OU\n|rated|Tournament battle\n|rule|Sleep Clause Mod: Limit one foe put to sleep\n|rule|Species Clause: Limit one of each Pok\u00e9mon\n|rule|OHKO Clause: OHKO moves are banned\n|rule|Moody Clause: Moody is banned\n|rule|Evasion Moves Clause: Evasion moves are banned\n|rule|Endless Battle Clause: Forcing endless battles is banned\n|rule|HP Percentage Mod: HP is shown in percentages\n|clearpoke\n|poke|p1|Reuniclus, M|item\n|poke|p1|Amoonguss, M|item\n|poke|p1|Landorus-Therian, M|item\n|poke|p1|Tapu Koko|item\n|poke|p1|Medicham, M|item\n|poke|p1|Garchomp, F|item\n|poke|p2|Garchomp, F|item\n|poke|p2|Greninja, M|item\n|poke|p2|Landorus-Therian, M|item\n|poke|p2|Toxapex, F|item\n|poke|p2|Magearna|item\n|poke|p2|Kartana|item\n|teampreview\n|j| Legend Davy\n|j| trhfthrdg\n|\n|start\n|switch|p1a: Garchomp|Garchomp, F|357\/357\n|switch|p2a: Landorus|Landorus-Therian, M|319\/319\n|-ability|p2a: Landorus|Intimidate|boost\n|-unboost|p1a: Garchomp|atk|1\n|turn|1\n|\n|switch|p1a: Landorus|Landorus-Therian, M|382\/382\n|-ability|p1a: Landorus|Intimidate|boost\n|-unboost|p2a: Landorus|atk|1\n|move|p2a: Landorus|Earthquake|p1a: Landorus\n|-immune|p1a: Landorus\n|\n|upkeep\n|turn|2\n|\n|switch|p2a: Toxapex|Toxapex, F|304\/304\n|move|p1a: Landorus|Stealth Rock|p2a: Toxapex\n|-sidestart|p2: why addicted|move: Stealth Rock\n|\n|upkeep\n|turn|3\n|\n|switch|p2a: Landorus|Landorus-Therian, M|319\/319\n|-damage|p2a: Landorus|280\/319|[from] Stealth Rock\n|-ability|p2a: Landorus|Intimidate|boost\n|-unboost|p1a: Landorus|atk|1\n|move|p1a: Landorus|U-turn|p2a: Landorus\n|-resisted|p2a: Landorus\n|-damage|p2a: Landorus|254\/319\n|\n|switch|p1a: Medicham|Medicham, M|261\/261\n|\n|upkeep\n|turn|4\n|\n|detailschange|p1a: Medicham|Medicham-Mega, M\n|-mega|p1a: Medicham|Medicham|Medichamite\n|move|p1a: Medicham|Fake Out|p2a: Landorus\n|-damage|p2a: Landorus|178\/319\n|cant|p2a: Landorus|flinch\n|\n|upkeep\n|turn|5\n|\n|switch|p1a: Landorus|Landorus-Therian, M|382\/382\n|-ability|p1a: Landorus|Intimidate|boost\n|-unboost|p2a: Landorus|atk|1\n|move|p2a: Landorus|Explosion|p1a: Landorus\n|-damage|p1a: Landorus|193\/382\n|faint|p2a: Landorus\n|\n|-heal|p1a: Landorus|216\/382|[from] item: Leftovers\n|upkeep\n|\n|switch|p2a: Greninja|Greninja, M|285\/285\n|-damage|p2a: Greninja|250\/285|[from] Stealth Rock\n|turn|6\n|\n|switch|p1a: Amoonguss|Amoonguss, M|432\/432\n|move|p2a: Greninja|Spikes|p1a: Amoonguss\n|-sidestart|p1: UberPyro|Spikes\n|\n|upkeep\n|turn|7\n|j| elmouse\n|\n|switch|p2a: Toxapex|Toxapex, F|304\/304\n|-damage|p2a: Toxapex|266\/304|[from] Stealth Rock\n|switch|p1a: Garchomp|Garchomp, F|357\/357\n|-damage|p1a: Garchomp|313\/357|[from] Spikes\n|\n|-heal|p2a: Toxapex|285\/304|[from] item: Black Sludge\n|upkeep\n|turn|8\n|\n|switch|p2a: Kartana|Kartana|259\/259\n|-damage|p2a: Kartana|243\/259|[from] Stealth Rock\n|move|p1a: Garchomp|Earthquake|p2a: Kartana\n|-damage|p2a: Kartana|101\/259\n|\n|upkeep\n|turn|9\n|\n|move|p1a: Garchomp|Earthquake|p2a: Kartana\n|-damage|p2a: Kartana|0 fnt\n|faint|p2a: Kartana\n|\n|upkeep\n|\n|switch|p2a: Garchomp|Garchomp, F|362\/362\n|-damage|p2a: Garchomp|340\/362|[from] Stealth Rock\n|turn|10\n|\n|switch|p1a: Tapu Koko|Tapu Koko|281\/281\n|-damage|p1a: Tapu Koko|246\/281|[from] Spikes\n|-fieldstart|move: Electric Terrain|[from] ability: Electric Surge|[of] p1a: Tapu Koko\n|detailschange|p2a: Garchomp|Garchomp-Mega, F\n|-mega|p2a: Garchomp|Garchomp|Garchompite\n|move|p2a: Garchomp|Draco Meteor|p1a: Tapu Koko\n|-immune|p1a: Tapu Koko\n|\n|upkeep\n|turn|11\n|\n|switch|p2a: Magearna|Magearna|363\/363\n|-damage|p2a: Magearna|341\/363|[from] Stealth Rock\n|-zpower|p1a: Tapu Koko\n|move|p1a: Tapu Koko|Twinkle Tackle|p2a: Magearna|[zeffect]\n|-resisted|p2a: Magearna\n|-damage|p2a: Magearna|267\/363\n|\n|-heal|p2a: Magearna|289\/363|[from] item: Leftovers\n|upkeep\n|turn|12\n|\n|move|p1a: Tapu Koko|Volt Switch|p2a: Magearna\n|-damage|p2a: Magearna|180\/363\n|j| imanoobdontkillme\n|l| imanoobdontkillme\n|\n|switch|p1a: Amoonguss|Amoonguss, M|432\/432\n|-damage|p1a: Amoonguss|378\/432|[from] Spikes\n|move|p2a: Magearna|Flash Cannon|p1a: Amoonguss\n|-damage|p1a: Amoonguss|266\/432\n|\n|-heal|p2a: Magearna|202\/363|[from] item: Leftovers\n|-heal|p1a: Amoonguss|293\/432|[from] item: Black Sludge\n|upkeep\n|turn|13\n|\n|move|p2a: Magearna|Volt Switch|p1a: Amoonguss\n|-resisted|p1a: Amoonguss\n|-damage|p1a: Amoonguss|247\/432\n|\n|switch|p2a: Garchomp|Garchomp-Mega, F|340\/362\n|-damage|p2a: Garchomp|318\/362|[from] Stealth Rock\n|move|p1a: Amoonguss|Spore|p2a: Garchomp\n|-activate|p2a: Garchomp|move: Electric Terrain\n|\n|-heal|p1a: Amoonguss|274\/432|[from] item: Black Sludge\n|upkeep\n|turn|14\n|c|\u2606UberPyro|ahh\n|c|\u2606why addicted|haha\n|\n|move|p2a: Garchomp|Stealth Rock|p1a: Amoonguss\n|-sidestart|p1: UberPyro|move: Stealth Rock\n|move|p1a: Amoonguss|Toxic|p2a: Garchomp\n|-status|p2a: Garchomp|tox\n|\n|-heal|p1a: Amoonguss|301\/432|[from] item: Black Sludge\n|-damage|p2a: Garchomp|296\/362 tox|[from] psn\n|-fieldend|move: Electric Terrain\n|upkeep\n|turn|15\n|\n|switch|p1a: Landorus|Landorus-Therian, M|216\/382\n|-damage|p1a: Landorus|169\/382|[from] Stealth Rock\n|-ability|p1a: Landorus|Intimidate|boost\n|-unboost|p2a: Garchomp|atk|1\n|move|p2a: Garchomp|Fire Blast|p1a: Landorus\n|-damage|p1a: Landorus|26\/382\n|\n|-heal|p1a: Landorus|49\/382|[from] item: Leftovers\n|-damage|p2a: Garchomp|252\/362 tox|[from] psn\n|upkeep\n|turn|16\n|\n|move|p2a: Garchomp|Fire Blast|p1a: Landorus\n|-damage|p1a: Landorus|0 fnt\n|faint|p1a: Landorus\n|\n|-damage|p2a: Garchomp|186\/362 tox|[from] psn\n|upkeep\n|\n|switch|p1a: Reuniclus|Reuniclus, M|416\/416\n|turn|17\n|\n|switch|p2a: Magearna|Magearna|202\/363\n|-damage|p2a: Magearna|180\/363|[from] Stealth Rock\n|move|p1a: Reuniclus|Calm Mind|p1a: Reuniclus\n|-boost|p1a: Reuniclus|spa|1\n|-boost|p1a: Reuniclus|spd|1\n|\n|-heal|p2a: Magearna|202\/363|[from] item: Leftovers\n|upkeep\n|turn|18\n|\n|move|p2a: Magearna|Pain Split|p1a: Reuniclus\n|-sethp|p1a: Reuniclus|309\/416|[from] move: Pain Split|[silent]\n|-sethp|p2a: Magearna|309\/363|[from] move: Pain Split\n|move|p1a: Reuniclus|Calm Mind|p1a: Reuniclus\n|-boost|p1a: Reuniclus|spa|1\n|-boost|p1a: Reuniclus|spd|1\n|\n|-heal|p2a: Magearna|331\/363|[from] item: Leftovers\n|-heal|p1a: Reuniclus|335\/416|[from] item: Leftovers\n|upkeep\n|turn|19\n|\n|move|p2a: Magearna|Flash Cannon|p1a: Reuniclus\n|-damage|p1a: Reuniclus|268\/416\n|move|p1a: Reuniclus|Calm Mind|p1a: Reuniclus\n|-boost|p1a: Reuniclus|spa|1\n|-boost|p1a: Reuniclus|spd|1\n|\n|-heal|p2a: Magearna|353\/363|[from] item: Leftovers\n|-heal|p1a: Reuniclus|294\/416|[from] item: Leftovers\n|upkeep\n|turn|20\n|\n|move|p2a: Magearna|Heart Swap|p1a: Reuniclus\n|-swapboost|p2a: Magearna|p1a: Reuniclus|[from] move: Heart Swap\n|move|p1a: Reuniclus|Calm Mind|p1a: Reuniclus\n|-boost|p1a: Reuniclus|spa|1\n|-boost|p1a: Reuniclus|spd|1\n|\n|-heal|p2a: Magearna|363\/363|[from] item: Leftovers\n|-heal|p1a: Reuniclus|320\/416|[from] item: Leftovers\n|upkeep\n|turn|21\n|\n|move|p2a: Magearna|Flash Cannon|p1a: Reuniclus\n|-damage|p1a: Reuniclus|85\/416\n|-unboost|p1a: Reuniclus|spd|1\n|move|p1a: Reuniclus|Calm Mind|p1a: Reuniclus\n|-boost|p1a: Reuniclus|spa|1\n|-boost|p1a: Reuniclus|spd|1\n|\n|-heal|p1a: Reuniclus|111\/416|[from] item: Leftovers\n|upkeep\n|turn|22\n|\n|move|p2a: Magearna|Flash Cannon|p1a: Reuniclus\n|-damage|p1a: Reuniclus|0 fnt\n|faint|p1a: Reuniclus\n|-ability|p2a: Magearna|Soul-Heart|boost\n|-boost|p2a: Magearna|spa|1\n|\n|upkeep\n|j| hialeah\n|\n|switch|p1a: Medicham|Medicham-Mega, M|261\/261\n|-damage|p1a: Medicham|229\/261|[from] Spikes\n|-damage|p1a: Medicham|213\/261|[from] Stealth Rock\n|turn|23\n|l| trhfthrdg\n|\n|move|p1a: Medicham|High Jump Kick|p2a: Magearna\n|-crit|p2a: Magearna\n|-damage|p2a: Magearna|0 fnt\n|faint|p2a: Magearna\n|\n|upkeep\n|c|\u2606UberPyro|oof\n|c|\u2606why addicted|crit mattered\n|c|\u2606why addicted|kek\n|\n|switch|p2a: Greninja|Greninja, M|250\/285\n|-damage|p2a: Greninja|215\/285|[from] Stealth Rock\n|turn|24\n|\n|switch|p2a: Garchomp|Garchomp-Mega, F|186\/362 tox\n|-damage|p2a: Garchomp|164\/362 tox|[from] Stealth Rock\n|switch|p1a: Amoonguss|Amoonguss, M|432\/432\n|-damage|p1a: Amoonguss|378\/432|[from] Spikes\n|-damage|p1a: Amoonguss|324\/432|[from] Stealth Rock\n|\n|-heal|p1a: Amoonguss|351\/432|[from] item: Black Sludge\n|-damage|p2a: Garchomp|142\/362 tox|[from] psn\n|upkeep\n|turn|25\n|\n|move|p2a: Garchomp|Fire Blast|p1a: Amoonguss\n|-supereffective|p1a: Amoonguss\n|-damage|p1a: Amoonguss|127\/432\n|move|p1a: Amoonguss|Synthesis|p1a: Amoonguss\n|-heal|p1a: Amoonguss|343\/432\n|\n|-heal|p1a: Amoonguss|370\/432|[from] item: Black Sludge\n|-damage|p2a: Garchomp|98\/362 tox|[from] psn\n|upkeep\n|turn|26\n|\n|move|p2a: Garchomp|Earthquake|p1a: Amoonguss\n|-damage|p1a: Amoonguss|154\/432\n|move|p1a: Amoonguss|Synthesis|p1a: Amoonguss\n|-heal|p1a: Amoonguss|370\/432\n|\n|-heal|p1a: Amoonguss|397\/432|[from] item: Black Sludge\n|-damage|p2a: Garchomp|32\/362 tox|[from] psn\n|upkeep\n|turn|27\n|\n|move|p2a: Garchomp|Draco Meteor|p1a: Amoonguss|[miss]\n|-miss|p2a: Garchomp|p1a: Amoonguss\n|move|p1a: Amoonguss|Synthesis|p1a: Amoonguss\n|-heal|p1a: Amoonguss|432\/432\n|\n|-damage|p2a: Garchomp|0 fnt|[from] psn\n|faint|p2a: Garchomp\n|upkeep\n|c|\u2606why addicted|gg\n|c|\u2606why addicted|was funny\n|c|\u2606UberPyro|gg\n|-message|why addicted forfeited.\n|\n|win|UberPyro\n|l|\u2606why addicted\n","uploadtime":1558559230,"views":80,"p1id":"uberpyro","p2id":"whyaddicted","formatid":"gen7ou","rating":0,"private":0,"password":null}