{"id":"gen7ou-883233304","p1":"HQSFun","p2":"pika2333","format":"gen7ou","log":"|j|\u2606HQSFun\n|j|\u2606pika2333\n|player|p1|HQSFun|260\n|player|p2|pika2333|266\n|teamsize|p1|6\n|teamsize|p2|6\n|gametype|singles\n|gen|7\n|tier|[Gen 7] OU\n|rated|\n|rule|Sleep Clause Mod: Limit one foe put to sleep\n|rule|Species Clause: Limit one of each Pok\u00e9mon\n|rule|OHKO Clause: OHKO moves are banned\n|rule|Moody Clause: Moody is banned\n|rule|Evasion Moves Clause: Evasion moves are banned\n|rule|Endless Battle Clause: Forcing endless battles is banned\n|rule|HP Percentage Mod: HP is shown in percentages\n|clearpoke\n|poke|p1|Nidoking, M|item\n|poke|p1|Tapu Bulu|item\n|poke|p1|Heatran, F|item\n|poke|p1|Zapdos|item\n|poke|p1|Greninja, M|item\n|poke|p1|Lopunny, M|item\n|poke|p2|Landorus-Therian, M|item\n|poke|p2|Magearna|item\n|poke|p2|Mawile, F|item\n|poke|p2|Greninja, M|item\n|poke|p2|Tapu Lele|item\n|poke|p2|Kartana|item\n|teampreview\n|\n|start\n|switch|p1a: Greninja|Greninja, M|100\/100\n|switch|p2a: Landorus|Landorus-Therian, M|100\/100\n|-ability|p2a: Landorus|Intimidate|boost\n|-unboost|p1a: Greninja|atk|1\n|turn|1\n|\n|switch|p2a: Magearna|Magearna|100\/100\n|move|p1a: Greninja|Ice Beam|p2a: Magearna\n|-start|p1a: Greninja|typechange|Ice|[from] ability: Protean\n|-resisted|p2a: Magearna\n|-damage|p2a: Magearna|89\/100\n|-status|p2a: Magearna|frz\n|\n|upkeep\n|turn|2\n|\n|switch|p1a: Heatran|Heatran, F|100\/100\n|cant|p2a: Magearna|frz\n|\n|upkeep\n|turn|3\n|\n|move|p1a: Heatran|Stealth Rock|p2a: Magearna\n|-sidestart|p2: pika2333|move: Stealth Rock\n|cant|p2a: Magearna|frz\n|\n|upkeep\n|turn|4\n|\n|move|p1a: Heatran|Magma Storm|p2a: Magearna\n|-supereffective|p2a: Magearna\n|-damage|p2a: Magearna|36\/100 frz\n|-activate|p2a: Magearna|move: Magma Storm|[of] p1a: Heatran\n|-curestatus|p2a: Magearna|frz|[msg]\n|move|p2a: Magearna|Volt Switch|p1a: Heatran\n|-damage|p1a: Heatran|83\/100\n|\n|switch|p2a: Greninja|Greninja, M|100\/100\n|-damage|p2a: Greninja|88\/100|[from] Stealth Rock\n|\n|upkeep\n|turn|5\n|\n|switch|p2a: Kartana|Kartana|100\/100\n|-damage|p2a: Kartana|94\/100|[from] Stealth Rock\n|switch|p1a: Tapu Bulu|Tapu Bulu|100\/100\n|-fieldstart|move: Grassy Terrain|[from] ability: Grassy Surge|[of] p1a: Tapu Bulu\n|\n|-heal|p2a: Kartana|100\/100|[from] Grassy Terrain\n|upkeep\n|turn|6\n|inactive|Battle timer is ON: inactive players will automatically lose when time's up. (requested by HQSFun)\n|\n|switch|p1a: Zapdos|Zapdos|100\/100\n|move|p2a: Kartana|Swords Dance|p2a: Kartana\n|-boost|p2a: Kartana|atk|2\n|\n|upkeep\n|turn|7\n|\n|-zpower|p2a: Kartana\n|move|p2a: Kartana|Breakneck Blitz|p1a: Zapdos|[zeffect]\n|-damage|p1a: Zapdos|0 fnt\n|faint|p1a: Zapdos\n|-ability|p2a: Kartana|Beast Boost|boost\n|-boost|p2a: Kartana|atk|1\n|\n|upkeep\n|\n|switch|p1a: Greninja|Greninja, M|100\/100\n|turn|8\n|\n|switch|p2a: Greninja|Greninja, M|88\/100\n|-damage|p2a: Greninja|76\/100|[from] Stealth Rock\n|move|p1a: Greninja|Ice Beam|p2a: Greninja\n|-start|p1a: Greninja|typechange|Ice|[from] ability: Protean\n|-resisted|p2a: Greninja\n|-damage|p2a: Greninja|48\/100\n|\n|-heal|p2a: Greninja|54\/100|[from] Grassy Terrain\n|upkeep\n|turn|9\n|\n|switch|p1a: Tapu Bulu|Tapu Bulu|100\/100\n|switch|p2a: Kartana|Kartana|100\/100\n|-damage|p2a: Kartana|94\/100|[from] Stealth Rock\n|\n|-heal|p2a: Kartana|100\/100|[from] Grassy Terrain\n|-fieldend|move: Grassy Terrain\n|upkeep\n|turn|10\n|\n|move|p2a: Kartana|Leaf Blade|p1a: Tapu Bulu\n|-resisted|p1a: Tapu Bulu\n|-damage|p1a: Tapu Bulu|72\/100\n|move|p1a: Tapu Bulu|Superpower|p2a: Kartana\n|-supereffective|p2a: Kartana\n|-damage|p2a: Kartana|24\/100\n|-unboost|p1a: Tapu Bulu|atk|1\n|-unboost|p1a: Tapu Bulu|def|1\n|\n|-heal|p1a: Tapu Bulu|78\/100|[from] item: Leftovers\n|upkeep\n|turn|11\n|\n|switch|p1a: Greninja|Greninja, M|100\/100\n|move|p2a: Kartana|Giga Impact|p1a: Greninja|[miss]\n|-miss|p2a: Kartana|p1a: Greninja\n|\n|upkeep\n|turn|12\n|\n|move|p1a: Greninja|U-turn|p2a: Kartana\n|-start|p1a: Greninja|typechange|Bug|[from] ability: Protean\n|-damage|p2a: Kartana|0 fnt\n|faint|p2a: Kartana\n|\n|switch|p1a: Tapu Bulu|Tapu Bulu|78\/100\n|-fieldstart|move: Grassy Terrain|[from] ability: Grassy Surge|[of] p1a: Tapu Bulu\n|\n|-heal|p1a: Tapu Bulu|84\/100|[from] item: Leftovers\n|-heal|p1a: Tapu Bulu|91\/100|[from] Grassy Terrain\n|upkeep\n|j| blazeoOooooo\n|\n|switch|p2a: Mawile|Mawile, F|100\/100\n|-damage|p2a: Mawile|94\/100|[from] Stealth Rock\n|-ability|p2a: Mawile|Intimidate|boost\n|-unboost|p1a: Tapu Bulu|atk|1\n|turn|13\n|l| blazeoOooooo\n|\n|-singleturn|p2a: Mawile|move: Focus Punch\n|switch|p1a: Heatran|Heatran, F|83\/100\n|detailschange|p2a: Mawile|Mawile-Mega, F\n|-mega|p2a: Mawile|Mawile|Mawilite\n|move|p2a: Mawile|Focus Punch|p1a: Heatran\n|-supereffective|p1a: Heatran\n|-damage|p1a: Heatran|0 fnt\n|faint|p1a: Heatran\n|\n|-heal|p2a: Mawile|100\/100|[from] Grassy Terrain\n|upkeep\n|j| pikacuu\n|\n|switch|p1a: Lopunny|Lopunny, M|100\/100\n|turn|14\n|\n|switch|p2a: Landorus|Landorus-Therian, M|100\/100\n|-damage|p2a: Landorus|88\/100|[from] Stealth Rock\n|-ability|p2a: Landorus|Intimidate|boost\n|-unboost|p1a: Lopunny|atk|1\n|detailschange|p1a: Lopunny|Lopunny-Mega, M\n|-mega|p1a: Lopunny|Lopunny|Lopunnite\n|move|p1a: Lopunny|High Jump Kick|p2a: Landorus\n|-resisted|p2a: Landorus\n|-damage|p2a: Landorus|72\/100\n|-damage|p1a: Lopunny|84\/100|[from] item: Rocky Helmet|[of] p2a: Landorus\n|\n|-heal|p1a: Lopunny|90\/100|[from] Grassy Terrain\n|upkeep\n|turn|15\n|\n|switch|p1a: Nidoking|Nidoking, M|100\/100\n|move|p2a: Landorus|U-turn|p1a: Nidoking\n|-resisted|p1a: Nidoking\n|-damage|p1a: Nidoking|85\/100\n|\n|switch|p2a: Tapu Lele|Tapu Lele|100\/100\n|-damage|p2a: Tapu Lele|88\/100|[from] Stealth Rock\n|-fieldstart|move: Psychic Terrain|[from] ability: Psychic Surge|[of] p2a: Tapu Lele\n|\n|upkeep\n|turn|16\n|\n|switch|p1a: Tapu Bulu|Tapu Bulu|91\/100\n|-fieldstart|move: Grassy Terrain|[from] ability: Grassy Surge|[of] p1a: Tapu Bulu\n|move|p2a: Tapu Lele|Psychic|p1a: Tapu Bulu\n|-damage|p1a: Tapu Bulu|59\/100\n|\n|-heal|p2a: Tapu Lele|94\/100|[from] Grassy Terrain\n|-heal|p1a: Tapu Bulu|65\/100|[from] item: Leftovers\n|-heal|p1a: Tapu Bulu|71\/100|[from] Grassy Terrain\n|upkeep\n|turn|17\n|\n|switch|p2a: Landorus|Landorus-Therian, M|72\/100\n|-damage|p2a: Landorus|60\/100|[from] Stealth Rock\n|-ability|p2a: Landorus|Intimidate|boost\n|-unboost|p1a: Tapu Bulu|atk|1\n|move|p1a: Tapu Bulu|Swords Dance|p1a: Tapu Bulu\n|-boost|p1a: Tapu Bulu|atk|2\n|\n|-heal|p1a: Tapu Bulu|77\/100|[from] item: Leftovers\n|-heal|p1a: Tapu Bulu|83\/100|[from] Grassy Terrain\n|upkeep\n|turn|18\n|\n|move|p2a: Landorus|U-turn|p1a: Tapu Bulu\n|-damage|p1a: Tapu Bulu|63\/100\n|\n|switch|p2a: Tapu Lele|Tapu Lele|94\/100\n|-damage|p2a: Tapu Lele|82\/100|[from] Stealth Rock\n|-fieldstart|move: Psychic Terrain|[from] ability: Psychic Surge|[of] p2a: Tapu Lele\n|move|p1a: Tapu Bulu|Horn Leech|p2a: Tapu Lele\n|-damage|p2a: Tapu Lele|5\/100\n|-heal|p1a: Tapu Bulu|94\/100|[from] drain|[of] p2a: Tapu Lele\n|\n|-heal|p1a: Tapu Bulu|99\/100|[from] item: Leftovers\n|upkeep\n|turn|19\n|\n|move|p1a: Tapu Bulu|Protect|p1a: Tapu Bulu\n|-singleturn|p1a: Tapu Bulu|Protect\n|move|p2a: Tapu Lele|Psychic|p1a: Tapu Bulu\n|-activate|p1a: Tapu Bulu|move: Protect\n|\n|-heal|p1a: Tapu Bulu|100\/100|[from] item: Leftovers\n|upkeep\n|turn|20\n|\n|switch|p2a: Magearna|Magearna|36\/100\n|-damage|p2a: Magearna|30\/100|[from] Stealth Rock\n|move|p1a: Tapu Bulu|Horn Leech|p2a: Magearna\n|-resisted|p2a: Magearna\n|-damage|p2a: Magearna|11\/100\n|-enditem|p2a: Magearna|Aguav Berry|[eat]\n|-heal|p2a: Magearna|61\/100|[from] item: Aguav Berry\n|\n|upkeep\n|turn|21\n|\n|switch|p1a: Nidoking|Nidoking, M|85\/100\n|move|p2a: Magearna|Trick Room|p2a: Magearna\n|-fieldstart|move: Trick Room|[of] p2a: Magearna\n|\n|upkeep\n|turn|22\n|\n|switch|p1a: Lopunny|Lopunny-Mega, M|90\/100\n|move|p2a: Magearna|Ice Beam|p1a: Lopunny\n|-damage|p1a: Lopunny|57\/100\n|\n|-fieldend|move: Psychic Terrain\n|upkeep\n|turn|23\n|\n|move|p1a: Lopunny|Fake Out|p2a: Magearna\n|-resisted|p2a: Magearna\n|-damage|p2a: Magearna|53\/100\n|cant|p2a: Magearna|flinch\n|\n|upkeep\n|turn|24\n|\n|switch|p1a: Tapu Bulu|Tapu Bulu|100\/100\n|-fieldstart|move: Grassy Terrain|[from] ability: Grassy Surge|[of] p1a: Tapu Bulu\n|move|p2a: Magearna|Fleur Cannon|p1a: Tapu Bulu\n|-damage|p1a: Tapu Bulu|56\/100\n|-unboost|p2a: Magearna|spa|2\n|\n|-heal|p2a: Magearna|59\/100|[from] Grassy Terrain\n|-heal|p1a: Tapu Bulu|63\/100|[from] item: Leftovers\n|-heal|p1a: Tapu Bulu|69\/100|[from] Grassy Terrain\n|upkeep\n|turn|25\n|\n|move|p2a: Magearna|Volt Switch|p1a: Tapu Bulu\n|-resisted|p1a: Tapu Bulu\n|-damage|p1a: Tapu Bulu|65\/100\n|\n|switch|p2a: Landorus|Landorus-Therian, M|60\/100\n|-damage|p2a: Landorus|47\/100|[from] Stealth Rock\n|-ability|p2a: Landorus|Intimidate|boost\n|-unboost|p1a: Tapu Bulu|atk|1\n|move|p1a: Tapu Bulu|Swords Dance|p1a: Tapu Bulu\n|-boost|p1a: Tapu Bulu|atk|2\n|\n|-heal|p1a: Tapu Bulu|71\/100|[from] item: Leftovers\n|-heal|p1a: Tapu Bulu|77\/100|[from] Grassy Terrain\n|-fieldend|move: Trick Room\n|upkeep\n|turn|26\n|\n|move|p2a: Landorus|Defog|p1a: Tapu Bulu\n|-unboost|p1a: Tapu Bulu|evasion|1\n|-sideend|p2: pika2333|Stealth Rock|[from] move: Defog|[of] p2a: Landorus\n|move|p1a: Tapu Bulu|Horn Leech|p2a: Landorus\n|-damage|p2a: Landorus|0 fnt\n|-heal|p1a: Tapu Bulu|100\/100|[from] drain|[of] p2a: Landorus\n|-damage|p1a: Tapu Bulu|84\/100|[from] item: Rocky Helmet|[of] p2a: Landorus\n|faint|p2a: Landorus\n|\n|-heal|p1a: Tapu Bulu|90\/100|[from] item: Leftovers\n|-heal|p1a: Tapu Bulu|96\/100|[from] Grassy Terrain\n|upkeep\n|\n|switch|p2a: Magearna|Magearna|59\/100\n|turn|27\n|\n|move|p1a: Tapu Bulu|Swords Dance|p1a: Tapu Bulu\n|-boost|p1a: Tapu Bulu|atk|2\n|move|p2a: Magearna|Ice Beam|p1a: Tapu Bulu\n|-supereffective|p1a: Tapu Bulu\n|-damage|p1a: Tapu Bulu|55\/100\n|\n|-heal|p1a: Tapu Bulu|61\/100|[from] item: Leftovers\n|-heal|p1a: Tapu Bulu|67\/100|[from] Grassy Terrain\n|-heal|p2a: Magearna|65\/100|[from] Grassy Terrain\n|upkeep\n|turn|28\n|\n|move|p1a: Tapu Bulu|Horn Leech|p2a: Magearna\n|-resisted|p2a: Magearna\n|-damage|p2a: Magearna|16\/100\n|-heal|p1a: Tapu Bulu|93\/100|[from] drain|[of] p2a: Magearna\n|move|p2a: Magearna|Trick Room|p2a: Magearna\n|-fieldstart|move: Trick Room|[of] p2a: Magearna\n|\n|-heal|p2a: Magearna|23\/100|[from] Grassy Terrain\n|-heal|p1a: Tapu Bulu|99\/100|[from] item: Leftovers\n|-heal|p1a: Tapu Bulu|100\/100|[from] Grassy Terrain\n|-fieldend|move: Grassy Terrain\n|upkeep\n|turn|29\n|\n|move|p1a: Tapu Bulu|Protect|p1a: Tapu Bulu\n|-singleturn|p1a: Tapu Bulu|Protect\n|move|p2a: Magearna|Ice Beam|p1a: Tapu Bulu\n|-activate|p1a: Tapu Bulu|move: Protect\n|\n|upkeep\n|turn|30\n|\n|move|p2a: Magearna|Ice Beam|p1a: Tapu Bulu\n|-supereffective|p1a: Tapu Bulu\n|-damage|p1a: Tapu Bulu|59\/100\n|-status|p1a: Tapu Bulu|frz\n|cant|p1a: Tapu Bulu|frz\n|\n|-heal|p1a: Tapu Bulu|65\/100 frz|[from] item: Leftovers\n|upkeep\n|turn|31\n|\n|switch|p2a: Mawile|Mawile-Mega, F|100\/100\n|cant|p1a: Tapu Bulu|frz\n|\n|-heal|p1a: Tapu Bulu|71\/100 frz|[from] item: Leftovers\n|upkeep\n|turn|32\n|\n|move|p2a: Mawile|Play Rough|p1a: Tapu Bulu\n|-damage|p1a: Tapu Bulu|0 fnt\n|faint|p1a: Tapu Bulu\n|\n|-fieldend|move: Trick Room\n|upkeep\n|\n|switch|p1a: Nidoking|Nidoking, M|85\/100\n|turn|33\n|\n|move|p2a: Mawile|Sucker Punch|p1a: Nidoking\n|-damage|p1a: Nidoking|16\/100\n|move|p1a: Nidoking|Earth Power|p2a: Mawile\n|-supereffective|p2a: Mawile\n|-damage|p2a: Mawile|0 fnt\n|faint|p2a: Mawile\n|\n|upkeep\n|\n|switch|p2a: Tapu Lele|Tapu Lele|5\/100\n|-fieldstart|move: Psychic Terrain|[from] ability: Psychic Surge|[of] p2a: Tapu Lele\n|turn|34\n|\n|move|p2a: Tapu Lele|Moonblast|p1a: Nidoking\n|-resisted|p1a: Nidoking\n|-damage|p1a: Nidoking|0 fnt\n|faint|p1a: Nidoking\n|\n|upkeep\n|\n|switch|p1a: Greninja|Greninja, M|100\/100\n|turn|35\n|\n|switch|p2a: Greninja|Greninja, M|54\/100\n|move|p1a: Greninja|U-turn|p2a: Greninja\n|-start|p1a: Greninja|typechange|Bug|[from] ability: Protean\n|-supereffective|p2a: Greninja\n|-damage|p2a: Greninja|0 fnt\n|faint|p2a: Greninja\n|\n|switch|p1a: Lopunny|Lopunny-Mega, M|57\/100\n|\n|upkeep\n|\n|switch|p2a: Tapu Lele|Tapu Lele|5\/100\n|turn|36\n|\n|move|p2a: Tapu Lele|Moonblast|p1a: Lopunny\n|-supereffective|p1a: Lopunny\n|-damage|p1a: Lopunny|0 fnt\n|faint|p1a: Lopunny\n|\n|upkeep\n|\n|switch|p1a: Greninja|Greninja, M|100\/100\n|turn|37\n|\n|move|p1a: Greninja|Ice Beam|p2a: Tapu Lele\n|-start|p1a: Greninja|typechange|Ice|[from] ability: Protean\n|-damage|p2a: Tapu Lele|0 fnt\n|faint|p2a: Tapu Lele\n|\n|upkeep\n|\n|switch|p2a: Magearna|Magearna|23\/100\n|turn|38\n|\n|move|p1a: Greninja|Ice Beam|p2a: Magearna\n|-resisted|p2a: Magearna\n|-damage|p2a: Magearna|11\/100\n|move|p2a: Magearna|Fleur Cannon|p1a: Greninja\n|-damage|p1a: Greninja|8\/100\n|-unboost|p2a: Magearna|spa|2\n|\n|-fieldend|move: Psychic Terrain\n|upkeep\n|turn|39\n|\n|move|p1a: Greninja|Ice Beam|p2a: Magearna\n|-resisted|p2a: Magearna\n|-damage|p2a: Magearna|0 fnt\n|faint|p2a: Magearna\n|\n|win|HQSFun\n|raw|HQSFun's rating: 1640 &rarr; <strong>1658<\/strong><br \/>(+18 for winning)\n|raw|pika2333's rating: 1599 &rarr; <strong>1581<\/strong><br \/>(-18 for losing)\n|c|\u2606HQSFun|gg\n|c|\u2606pika2333|gg\n|c|\u2606HQSFun|close\n","uploadtime":1553758248,"views":9,"p1id":"hqsfun","p2id":"pika2333","formatid":"gen7ou","rating":1581,"private":0,"password":null}