{"id":"gen7uu-851122184","p1":"Kandilyr","p2":"Jakkkkkka","format":"gen7uu","log":"|j|\u2606Kandilyr\n|j|\u2606Jakkkkkka\n|player|p1|Kandilyr|126\n|player|p2|Jakkkkkka|137\n|teamsize|p1|6\n|teamsize|p2|6\n|gametype|singles\n|gen|7\n|tier|[Gen 7] UU\n|rated|\n|rule|Sleep Clause Mod: Limit one foe put to sleep\n|rule|Species Clause: Limit one of each Pok\u00e9mon\n|rule|OHKO Clause: OHKO moves are banned\n|rule|Moody Clause: Moody is banned\n|rule|Evasion Moves Clause: Evasion moves are banned\n|rule|Endless Battle Clause: Forcing endless battles is banned\n|rule|HP Percentage Mod: HP is shown in percentages\n|clearpoke\n|poke|p1|Lickilicky, F|item\n|poke|p1|Donphan, M|item\n|poke|p1|Shaymin|item\n|poke|p1|Necrozma|item\n|poke|p1|Suicune|item\n|poke|p1|Aggron, M|item\n|poke|p2|Swampert, F|item\n|poke|p2|Hydreigon, F|item\n|poke|p2|Scizor, F|item\n|poke|p2|Sylveon, F|item\n|poke|p2|Manectric, F|item\n|poke|p2|Nidoking, M|item\n|teampreview\n|\n|start\n|switch|p1a: Crystal|Suicune|100\/100\n|switch|p2a: Swampert|Swampert, F|100\/100\n|-ability|p1a: Crystal|Pressure\n|turn|1\n|\n|move|p1a: Crystal|Substitute|p1a: Crystal\n|-start|p1a: Crystal|Substitute\n|-damage|p1a: Crystal|75\/100\n|move|p2a: Swampert|Toxic||[still]\n|-fail|p2a: Swampert\n|\n|-heal|p1a: Crystal|82\/100|[from] item: Leftovers\n|upkeep\n|turn|2\n|\n|switch|p2a: Manectric|Manectric, F|100\/100\n|move|p1a: Crystal|Scald|p2a: Manectric\n|-damage|p2a: Manectric|58\/100\n|\n|-heal|p1a: Crystal|88\/100|[from] item: Leftovers\n|upkeep\n|turn|3\n|\n|detailschange|p2a: Manectric|Manectric-Mega, F\n|-mega|p2a: Manectric|Manectric|Manectite\n|-ability|p2a: Manectric|Intimidate|boost\n|-immune|p1a: Crystal\n|move|p1a: Crystal|Protect|p1a: Crystal\n|-singleturn|p1a: Crystal|Protect\n|move|p2a: Manectric|Volt Switch|p1a: Crystal\n|-activate|p1a: Crystal|move: Protect\n|\n|-heal|p1a: Crystal|94\/100|[from] item: Leftovers\n|upkeep\n|turn|4\n|\n|move|p2a: Manectric|Volt Switch|p1a: Crystal\n|-supereffective|p1a: Crystal\n|-end|p1a: Crystal|Substitute\n|\n|switch|p2a: Hydreigon|Hydreigon, F|100\/100\n|move|p1a: Crystal|Scald|p2a: Hydreigon\n|-resisted|p2a: Hydreigon\n|-damage|p2a: Hydreigon|88\/100\n|\n|-heal|p1a: Crystal|99\/100|[from] item: Leftovers\n|upkeep\n|turn|5\n|\n|move|p2a: Hydreigon|Taunt|p1a: Crystal\n|-start|p1a: Crystal|move: Taunt\n|cant|p1a: Crystal|move: Taunt|Substitute\n|\n|-heal|p1a: Crystal|100\/100|[from] item: Leftovers\n|upkeep\n|turn|6\n|\n|move|p2a: Hydreigon|Dark Pulse|p1a: Crystal\n|-damage|p1a: Crystal|76\/100\n|cant|p1a: Crystal|flinch\n|\n|-heal|p1a: Crystal|82\/100|[from] item: Leftovers\n|upkeep\n|turn|7\n|\n|move|p2a: Hydreigon|Dark Pulse|p1a: Crystal\n|-damage|p1a: Crystal|56\/100\n|move|p1a: Crystal|Scald|p2a: Hydreigon\n|-resisted|p2a: Hydreigon\n|-damage|p2a: Hydreigon|76\/100\n|\n|-heal|p1a: Crystal|62\/100|[from] item: Leftovers\n|-end|p1a: Crystal|move: Taunt\n|upkeep\n|turn|8\n|\n|move|p1a: Crystal|Protect|p1a: Crystal\n|-singleturn|p1a: Crystal|Protect\n|move|p2a: Hydreigon|Taunt|p1a: Crystal\n|-activate|p1a: Crystal|move: Protect\n|\n|-heal|p1a: Crystal|69\/100|[from] item: Leftovers\n|upkeep\n|turn|9\n|\n|move|p2a: Hydreigon|Taunt|p1a: Crystal\n|-start|p1a: Crystal|move: Taunt\n|cant|p1a: Crystal|move: Taunt|Calm Mind\n|\n|-heal|p1a: Crystal|75\/100|[from] item: Leftovers\n|upkeep\n|turn|10\n|\n|move|p2a: Hydreigon|Dark Pulse|p1a: Crystal\n|-damage|p1a: Crystal|50\/100\n|move|p1a: Crystal|Scald|p2a: Hydreigon\n|-resisted|p2a: Hydreigon\n|-crit|p2a: Hydreigon\n|-damage|p2a: Hydreigon|59\/100\n|\n|-heal|p1a: Crystal|56\/100|[from] item: Leftovers\n|upkeep\n|turn|11\n|\n|switch|p1a: Flora Sky|Shaymin|100\/100\n|move|p2a: Hydreigon|Dark Pulse|p1a: Flora Sky\n|-damage|p1a: Flora Sky|74\/100\n|\n|-heal|p1a: Flora Sky|80\/100|[from] item: Leftovers\n|upkeep\n|turn|12\n|\n|switch|p2a: Scizor|Scizor, F|100\/100\n|move|p1a: Flora Sky|Leech Seed|p2a: Scizor\n|-start|p2a: Scizor|move: Leech Seed\n|\n|-heal|p1a: Flora Sky|86\/100|[from] item: Leftovers\n|-damage|p2a: Scizor|88\/100|[from] Leech Seed|[of] p1a: Flora Sky\n|-heal|p1a: Flora Sky|96\/100|[silent]\n|upkeep\n|turn|13\n|\n|switch|p1a: Don Aron|Aggron, M|100\/100\n|move|p2a: Scizor|U-turn|p1a: Don Aron\n|-resisted|p1a: Don Aron\n|-damage|p1a: Don Aron|84\/100\n|\n|switch|p2a: Swampert|Swampert, F|100\/100\n|\n|upkeep\n|turn|14\n|\n|detailschange|p1a: Don Aron|Aggron-Mega, M\n|-mega|p1a: Don Aron|Aggron|Aggronite\n|move|p2a: Swampert|Stealth Rock|p1a: Don Aron\n|-sidestart|p1: Kandilyr|move: Stealth Rock\n|move|p1a: Don Aron|Toxic|p2a: Swampert|[miss]\n|-miss|p1a: Don Aron|p2a: Swampert\n|\n|upkeep\n|turn|15\n|\n|move|p2a: Swampert|Earthquake|p1a: Don Aron\n|-supereffective|p1a: Don Aron\n|-damage|p1a: Don Aron|58\/100\n|move|p1a: Don Aron|Toxic|p2a: Swampert\n|-status|p2a: Swampert|tox\n|\n|-damage|p2a: Swampert|94\/100 tox|[from] psn\n|upkeep\n|turn|16\n|\n|switch|p1a: Flora Sky|Shaymin|96\/100\n|-damage|p1a: Flora Sky|84\/100|[from] Stealth Rock\n|move|p2a: Swampert|Scald|p1a: Flora Sky\n|-resisted|p1a: Flora Sky\n|-damage|p1a: Flora Sky|74\/100\n|\n|-heal|p1a: Flora Sky|80\/100|[from] item: Leftovers\n|-heal|p2a: Swampert|100\/100 tox|[from] item: Leftovers\n|-damage|p2a: Swampert|88\/100 tox|[from] psn\n|upkeep\n|turn|17\n|\n|move|p1a: Flora Sky|Substitute|p1a: Flora Sky\n|-start|p1a: Flora Sky|Substitute\n|-damage|p1a: Flora Sky|55\/100\n|move|p2a: Swampert|Toxic||[still]\n|-fail|p2a: Swampert\n|\n|-heal|p1a: Flora Sky|62\/100|[from] item: Leftovers\n|-heal|p2a: Swampert|94\/100 tox|[from] item: Leftovers\n|-damage|p2a: Swampert|76\/100 tox|[from] psn\n|upkeep\n|turn|18\n|\n|switch|p2a: Sylveon|Sylveon, F|100\/100\n|move|p1a: Flora Sky|Leech Seed|p2a: Sylveon\n|-start|p2a: Sylveon|move: Leech Seed\n|\n|-heal|p1a: Flora Sky|68\/100|[from] item: Leftovers\n|-damage|p2a: Sylveon|88\/100|[from] Leech Seed|[of] p1a: Flora Sky\n|-heal|p1a: Flora Sky|80\/100|[silent]\n|upkeep\n|turn|19\n|\n|switch|p1a: Don Aron|Aggron-Mega, M|58\/100\n|-damage|p1a: Don Aron|52\/100|[from] Stealth Rock\n|move|p2a: Sylveon|Wish|p2a: Sylveon\n|\n|-heal|p2a: Sylveon|94\/100|[from] item: Leftovers\n|-damage|p2a: Sylveon|82\/100|[from] Leech Seed|[of] p1a: Don Aron\n|-heal|p1a: Don Aron|66\/100|[silent]\n|upkeep\n|turn|20\n|\n|switch|p2a: Swampert|Swampert, F|76\/100 tox\n|move|p1a: Don Aron|Heavy Slam|p2a: Swampert\n|-resisted|p2a: Swampert\n|-damage|p2a: Swampert|62\/100 tox\n|\n|-heal|p2a: Swampert|100\/100 tox|[from] move: Wish|[wisher] Sylveon\n|-damage|p2a: Swampert|94\/100 tox|[from] psn\n|upkeep\n|turn|21\n|\n|switch|p1a: Flora Sky|Shaymin|80\/100\n|-damage|p1a: Flora Sky|68\/100|[from] Stealth Rock\n|move|p2a: Swampert|Toxic|p1a: Flora Sky\n|-status|p1a: Flora Sky|tox\n|\n|-heal|p1a: Flora Sky|74\/100 tox|[from] item: Leftovers\n|-heal|p2a: Swampert|100\/100 tox|[from] item: Leftovers\n|-damage|p1a: Flora Sky|68\/100 tox|[from] psn\n|-damage|p2a: Swampert|88\/100 tox|[from] psn\n|upkeep\n|turn|22\n|\n|switch|p1a: Kandula|Donphan, M|100\/100\n|-damage|p1a: Kandula|94\/100|[from] Stealth Rock\n|switch|p2a: Sylveon|Sylveon, F|82\/100\n|\n|-heal|p2a: Sylveon|88\/100|[from] item: Leftovers\n|upkeep\n|turn|23\n|\n|move|p2a: Sylveon|Toxic|p1a: Kandula\n|-status|p1a: Kandula|tox\n|move|p1a: Kandula|Rapid Spin|p2a: Sylveon\n|-damage|p2a: Sylveon|79\/100\n|-start|p1a: Kandula|Attract|[from] ability: Cute Charm|[of] p2a: Sylveon\n|-sideend|p1: Kandilyr|Stealth Rock|[from] move: Rapid Spin|[of] p1a: Kandula\n|\n|-heal|p2a: Sylveon|85\/100|[from] item: Leftovers\n|-damage|p1a: Kandula|88\/100 tox|[from] psn\n|upkeep\n|turn|24\n|\n|move|p2a: Sylveon|Wish|p2a: Sylveon\n|-activate|p1a: Kandula|move: Attract|[of] p2a: Sylveon\n|cant|p1a: Kandula|Attract\n|\n|-heal|p2a: Sylveon|91\/100|[from] item: Leftovers\n|-damage|p1a: Kandula|76\/100 tox|[from] psn\n|upkeep\n|turn|25\n|\n|switch|p2a: Hydreigon|Hydreigon, F|59\/100\n|-end|p1a: Kandula|Attract|[silent]\n|move|p1a: Kandula|Stealth Rock|p2a: Hydreigon\n|-sidestart|p2: Jakkkkkka|move: Stealth Rock\n|\n|-heal|p2a: Hydreigon|100\/100|[from] move: Wish|[wisher] Sylveon\n|-damage|p1a: Kandula|58\/100 tox|[from] psn\n|upkeep\n|turn|26\n|\n|switch|p1a: Lickyq Cyrus|Lickilicky, F|100\/100\n|move|p2a: Hydreigon|Dark Pulse|p1a: Lickyq Cyrus\n|-damage|p1a: Lickyq Cyrus|82\/100\n|\n|-heal|p1a: Lickyq Cyrus|88\/100|[from] item: Leftovers\n|upkeep\n|turn|27\n|\n|move|p2a: Hydreigon|Taunt|p1a: Lickyq Cyrus\n|-immune|p1a: Lickyq Cyrus|[from] ability: Oblivious\n|move|p1a: Lickyq Cyrus|Wish|p1a: Lickyq Cyrus\n|\n|-heal|p1a: Lickyq Cyrus|94\/100|[from] item: Leftovers\n|upkeep\n|turn|28\n|\n|switch|p1a: Crystal|Suicune|56\/100\n|-ability|p1a: Crystal|Pressure\n|move|p2a: Hydreigon|Dark Pulse|p1a: Crystal\n|-damage|p1a: Crystal|30\/100\n|\n|-heal|p1a: Crystal|83\/100|[from] move: Wish|[wisher] Lickyq Cyrus\n|-heal|p1a: Crystal|89\/100|[from] item: Leftovers\n|upkeep\n|turn|29\n|\n|move|p2a: Hydreigon|Taunt|p1a: Crystal\n|-start|p1a: Crystal|move: Taunt\n|move|p1a: Crystal|Scald|p2a: Hydreigon\n|-resisted|p2a: Hydreigon\n|-damage|p2a: Hydreigon|88\/100\n|-status|p2a: Hydreigon|brn\n|\n|-heal|p1a: Crystal|95\/100|[from] item: Leftovers\n|-damage|p2a: Hydreigon|82\/100 brn|[from] brn\n|upkeep\n|turn|30\n|\n|switch|p1a: Lickyq Cyrus|Lickilicky, F|94\/100\n|move|p2a: Hydreigon|Defog|p1a: Lickyq Cyrus\n|-unboost|p1a: Lickyq Cyrus|evasion|1\n|-sideend|p2: Jakkkkkka|Stealth Rock|[from] move: Defog|[of] p2a: Hydreigon\n|\n|-heal|p1a: Lickyq Cyrus|100\/100|[from] item: Leftovers\n|-damage|p2a: Hydreigon|76\/100 brn|[from] brn\n|upkeep\n|turn|31\n|\n|switch|p2a: Sylveon|Sylveon, F|91\/100\n|move|p1a: Lickyq Cyrus|Wish|p1a: Lickyq Cyrus\n|\n|-heal|p2a: Sylveon|97\/100|[from] item: Leftovers\n|upkeep\n|turn|32\n|\n|switch|p1a: Don Aron|Aggron-Mega, M|66\/100\n|move|p2a: Sylveon|Toxic|p1a: Don Aron\n|-immune|p1a: Don Aron\n|\n|-heal|p1a: Don Aron|100\/100|[from] move: Wish|[wisher] Lickyq Cyrus\n|-heal|p2a: Sylveon|100\/100|[from] item: Leftovers\n|upkeep\n|turn|33\n|\n|switch|p2a: Swampert|Swampert, F|88\/100 tox\n|move|p1a: Don Aron|Heavy Slam|p2a: Swampert\n|-resisted|p2a: Swampert\n|-damage|p2a: Swampert|75\/100 tox\n|\n|-heal|p2a: Swampert|81\/100 tox|[from] item: Leftovers\n|-damage|p2a: Swampert|75\/100 tox|[from] psn\n|upkeep\n|turn|34\n|\n|switch|p1a: Sauron|Necrozma|100\/100\n|move|p2a: Swampert|Toxic|p1a: Sauron|[miss]\n|-miss|p2a: Swampert|p1a: Sauron\n|\n|-heal|p2a: Swampert|81\/100 tox|[from] item: Leftovers\n|-damage|p2a: Swampert|68\/100 tox|[from] psn\n|upkeep\n|turn|35\n|\n|move|p1a: Sauron|Calm Mind|p1a: Sauron\n|-boost|p1a: Sauron|spa|1\n|-boost|p1a: Sauron|spd|1\n|move|p2a: Swampert|Toxic|p1a: Sauron\n|-status|p1a: Sauron|tox\n|\n|-heal|p2a: Swampert|75\/100 tox|[from] item: Leftovers\n|-damage|p1a: Sauron|94\/100 tox|[from] psn\n|-damage|p2a: Swampert|56\/100 tox|[from] psn\n|upkeep\n|turn|36\n|inactive|Battle timer is ON: inactive players will automatically lose when time's up. (requested by Jakkkkkka)\n|\n|move|p1a: Sauron|Signal Beam|p2a: Swampert\n|-damage|p2a: Swampert|15\/100 tox\n|move|p2a: Swampert|Stealth Rock|p1a: Sauron\n|-sidestart|p1: Kandilyr|move: Stealth Rock\n|\n|-heal|p2a: Swampert|21\/100 tox|[from] item: Leftovers\n|-damage|p1a: Sauron|82\/100 tox|[from] psn\n|-damage|p2a: Swampert|0 fnt|[from] psn\n|faint|p2a: Swampert\n|upkeep\n|\n|switch|p2a: Hydreigon|Hydreigon, F|76\/100 brn\n|turn|37\n|\n|move|p2a: Hydreigon|Dark Pulse|p1a: Sauron\n|-supereffective|p1a: Sauron\n|-damage|p1a: Sauron|49\/100 tox\n|move|p1a: Sauron|Signal Beam|p2a: Hydreigon\n|-supereffective|p2a: Hydreigon\n|-damage|p2a: Hydreigon|0 fnt\n|faint|p2a: Hydreigon\n|\n|-damage|p1a: Sauron|31\/100 tox|[from] psn\n|upkeep\n|\n|switch|p2a: Scizor|Scizor, F|88\/100\n|turn|38\n|\n|move|p2a: Scizor|Bullet Punch|p1a: Sauron\n|-damage|p1a: Sauron|0 fnt\n|faint|p1a: Sauron\n|\n|upkeep\n|\n|switch|p1a: Kandula|Donphan, M|58\/100 tox\n|-damage|p1a: Kandula|52\/100 tox|[from] Stealth Rock\n|turn|39\n|\n|move|p2a: Scizor|Bullet Punch|p1a: Kandula\n|-damage|p1a: Kandula|14\/100 tox\n|-damage|p2a: Scizor|72\/100|[from] item: Rocky Helmet|[of] p1a: Kandula\n|move|p1a: Kandula|Rapid Spin|p2a: Scizor\n|-resisted|p2a: Scizor\n|-damage|p2a: Scizor|68\/100\n|-sideend|p1: Kandilyr|Stealth Rock|[from] move: Rapid Spin|[of] p1a: Kandula\n|\n|-damage|p1a: Kandula|8\/100 tox|[from] psn\n|upkeep\n|turn|40\n|\n|move|p2a: Scizor|Bullet Punch|p1a: Kandula\n|-crit|p1a: Kandula\n|-damage|p1a: Kandula|0 fnt\n|-damage|p2a: Scizor|52\/100|[from] item: Rocky Helmet|[of] p1a: Kandula\n|faint|p1a: Kandula\n|\n|upkeep\n|\n|switch|p1a: Crystal|Suicune|95\/100\n|-ability|p1a: Crystal|Pressure\n|turn|41\n|\n|switch|p2a: Sylveon|Sylveon, F|100\/100\n|move|p1a: Crystal|Scald|p2a: Sylveon\n|-damage|p2a: Sylveon|88\/100\n|\n|-heal|p1a: Crystal|100\/100|[from] item: Leftovers\n|-heal|p2a: Sylveon|94\/100|[from] item: Leftovers\n|upkeep\n|turn|42\n|\n|switch|p2a: Nidoking|Nidoking, M|100\/100\n|move|p1a: Crystal|Substitute|p1a: Crystal\n|-start|p1a: Crystal|Substitute\n|-damage|p1a: Crystal|75\/100\n|\n|-heal|p1a: Crystal|82\/100|[from] item: Leftovers\n|upkeep\n|turn|43\n|\n|move|p2a: Nidoking|Toxic Spikes|p1a: Crystal\n|-sidestart|p1: Kandilyr|move: Toxic Spikes\n|move|p1a: Crystal|Calm Mind|p1a: Crystal\n|-boost|p1a: Crystal|spa|1\n|-boost|p1a: Crystal|spd|1\n|\n|-heal|p1a: Crystal|88\/100|[from] item: Leftovers\n|upkeep\n|turn|44\n|\n|move|p2a: Nidoking|Sludge Wave|p1a: Crystal\n|-end|p1a: Crystal|Substitute\n|move|p1a: Crystal|Calm Mind|p1a: Crystal\n|-boost|p1a: Crystal|spa|1\n|-boost|p1a: Crystal|spd|1\n|\n|-heal|p1a: Crystal|94\/100|[from] item: Leftovers\n|upkeep\n|turn|45\n|\n|move|p2a: Nidoking|Sludge Wave|p1a: Crystal\n|-damage|p1a: Crystal|72\/100\n|move|p1a: Crystal|Substitute|p1a: Crystal\n|-start|p1a: Crystal|Substitute\n|-damage|p1a: Crystal|47\/100\n|\n|-heal|p1a: Crystal|53\/100|[from] item: Leftovers\n|upkeep\n|turn|46\n|\n|move|p1a: Crystal|Protect|p1a: Crystal\n|-singleturn|p1a: Crystal|Protect\n|move|p2a: Nidoking|Sludge Wave|p1a: Crystal\n|-activate|p1a: Crystal|move: Protect\n|\n|-heal|p1a: Crystal|59\/100|[from] item: Leftovers\n|upkeep\n|turn|47\n|\n|move|p2a: Nidoking|Sludge Wave|p1a: Crystal\n|-activate|p1a: Crystal|move: Substitute|[damage]\n|move|p1a: Crystal|Calm Mind|p1a: Crystal\n|-boost|p1a: Crystal|spa|1\n|-boost|p1a: Crystal|spd|1\n|\n|-heal|p1a: Crystal|65\/100|[from] item: Leftovers\n|upkeep\n|turn|48\n|\n|move|p1a: Crystal|Protect|p1a: Crystal\n|-singleturn|p1a: Crystal|Protect\n|move|p2a: Nidoking|Sludge Wave|p1a: Crystal\n|-activate|p1a: Crystal|move: Protect\n|\n|-heal|p1a: Crystal|71\/100|[from] item: Leftovers\n|upkeep\n|turn|49\n|-message|Jakkkkkka forfeited.\n|\n|win|Kandilyr\n|l|\u2606Jakkkkkka\n|raw|Kandilyr's rating: 1444 &rarr; <strong>1468<\/strong><br \/>(+24 for winning)\n|raw|Jakkkkkka's rating: 1504 &rarr; <strong>1481<\/strong><br \/>(-23 for losing)\n","uploadtime":1547928386,"views":10,"p1id":"kandilyr","p2id":"jakkkkkka","formatid":"gen7uu","rating":1468,"private":0,"password":null}