{"id":"gen7ou-613801471","p1":"TheCyber$age","p2":"I'm back from Mars","format":"gen7ou","log":"|j|TheCyber$age\n|j|I'm back from Mars\n|player|p1|TheCyber$age|200\n|teamsize|p1|6\n|player|p2|I'm back from Mars|128\n|teamsize|p2|6\n|gametype|singles\n|gen|7\n|tier|[Gen 7] OU\n|rated\n|seed|36114,33077,58890,63687\n|rule|Sleep Clause Mod: Limit one foe put to sleep\n|rule|Species Clause: Limit one of each Pok\u00e9mon\n|rule|OHKO Clause: OHKO moves are banned\n|rule|Moody Clause: Moody is banned\n|rule|Evasion Moves Clause: Evasion moves are banned\n|rule|Endless Battle Clause: Forcing endless battles is banned\n|rule|HP Percentage Mod: HP is shown in percentages\n|clearpoke\n|poke|p1|Ninetales-Alola, F|item\n|poke|p1|Volcarona, F|item\n|poke|p1|Zygarde|item\n|poke|p1|Mawile, F|item\n|poke|p1|Latias, F|item\n|poke|p1|Bisharp, F|item\n|poke|p2|Dugtrio, M|item\n|poke|p2|Skarmory, F|item\n|poke|p2|Chansey, F|item\n|poke|p2|Clefable, F|item\n|poke|p2|Zapdos|item\n|poke|p2|Alomomola, F|item\n|teampreview\n|choice|team 4, team 2, team 3, team 1, team 5, team 6|team 3, team 2, team 1, team 4, team 5, team 6\n|\n|start\n|switch|p1a: Mawile|Mawile, F|250\/250\n|switch|p2a: Chansey|Chansey, F|704\/704\n|-ability|p1a: Mawile|Intimidate|boost\n|-unboost|p2a: Chansey|atk|1\n|turn|1\n|choice|move swordsdance mega|switch 6\n|\n|switch|p2a: Alomomola|Alomomola, F|480\/480\n|detailschange|p1a: Mawile|Mawile-Mega, F\n|-mega|p1a: Mawile|Mawile|Mawilite\n|move|p1a: Mawile|Swords Dance|p1a: Mawile\n|-boost|p1a: Mawile|atk|2\n|\n|upkeep\n|turn|2\n|choice|move thunderpunch|switch 2\n|\n|switch|p2a: Skarmory|Skarmory, F|334\/334\n|move|p1a: Mawile|Thunder Punch|p2a: Skarmory\n|-supereffective|p2a: Skarmory\n|-ability|p2a: Skarmory|Sturdy\n|-damage|p2a: Skarmory|1\/334\n|\n|upkeep\n|turn|3\n|choice|move playrough|move roost\n|\n|move|p1a: Mawile|Play Rough|p2a: Skarmory\n|-resisted|p2a: Skarmory\n|-damage|p2a: Skarmory|0 fnt\n|faint|p2a: Skarmory\n|\n|upkeep\n|choice||switch 3\n|\n|switch|p2a: Dugtrio|Dugtrio, M|201\/201\n|turn|4\n|choice|move playrough|move substitute\n|\n|move|p2a: Dugtrio|Substitute|p2a: Dugtrio\n|-start|p2a: Dugtrio|Substitute\n|-damage|p2a: Dugtrio|151\/201\n|move|p1a: Mawile|Play Rough|p2a: Dugtrio|[miss]\n|-miss|p1a: Mawile|p2a: Dugtrio\n|\n|upkeep\n|turn|5\n|choice|move suckerpunch|move earthquake zmove\n|\n|move|p1a: Mawile|Sucker Punch|p2a: Dugtrio\n|-end|p2a: Dugtrio|Substitute\n|-zpower|p2a: Dugtrio\n|move|p2a: Dugtrio|Tectonic Rage|p1a: Mawile|[zeffect]\n|-supereffective|p1a: Mawile\n|-damage|p1a: Mawile|0 fnt\n|faint|p1a: Mawile\n|\n|upkeep\n|choice|switch 4|\n|\n|switch|p1a: Thx Ben|Ninetales-Alola, F|350\/350\n|-weather|Hail|[from] ability: Snow Warning|[of] p1a: Thx Ben\n|turn|6\n|choice|move auroraveil|switch 6\n|\n|switch|p2a: Chansey|Chansey, F|704\/704\n|move|p1a: Thx Ben|Aurora Veil|p1a: Thx Ben\n|-sidestart|p1: TheCyber$age|move: Aurora Veil\n|\n|-weather|Hail|[upkeep]\n|-damage|p2a: Chansey|660\/704|[from] hail\n|upkeep\n|turn|7\n|choice|move hypnosis|move stealthrock\n|\n|move|p1a: Thx Ben|Hypnosis|p2a: Chansey\n|-status|p2a: Chansey|slp\n|cant|p2a: Chansey|slp\n|\n|-weather|Hail|[upkeep]\n|-damage|p2a: Chansey|616\/704 slp|[from] hail\n|upkeep\n|turn|8\n|choice|switch 6|switch 2\n|\n|switch|p1a: Bish You Guessing|Bisharp, F|271\/271\n|-curestatus|p2a: Chansey|slp|[from] ability: Natural Cure\n|switch|p2a: Alomomola|Alomomola, F|480\/480\n|\n|-weather|Hail|[upkeep]\n|-damage|p1a: Bish You Guessing|255\/271|[from] hail\n|-damage|p2a: Alomomola|450\/480|[from] hail\n|upkeep\n|turn|9\n|choice|move swordsdance|move scald\n|\n|move|p1a: Bish You Guessing|Swords Dance|p1a: Bish You Guessing\n|-boost|p1a: Bish You Guessing|atk|2\n|move|p2a: Alomomola|Scald|p1a: Bish You Guessing\n|-damage|p1a: Bish You Guessing|222\/271\n|\n|-weather|Hail|[upkeep]\n|-damage|p1a: Bish You Guessing|206\/271|[from] hail\n|-damage|p2a: Alomomola|420\/480|[from] hail\n|upkeep\n|turn|10\n|choice|move knockoff|move scald\n|\n|move|p1a: Bish You Guessing|Knock Off|p2a: Alomomola\n|-damage|p2a: Alomomola|3\/480\n|-enditem|p2a: Alomomola|Eject Button|[from] move: Knock Off|[of] p1a: Bish You Guessing\n|-damage|p1a: Bish You Guessing|179\/271|[from] item: Life Orb\n|move|p2a: Alomomola|Scald|p1a: Bish You Guessing\n|-damage|p1a: Bish You Guessing|148\/271\n|\n|-weather|none\n|upkeep\n|turn|11\n|choice|move ironhead|move protect\n|\n|move|p2a: Alomomola|Protect|p2a: Alomomola\n|-singleturn|p2a: Alomomola|Protect\n|move|p1a: Bish You Guessing|Iron Head|p2a: Alomomola\n|-activate|p2a: Alomomola|move: Protect\n|\n|upkeep\n|turn|12\n|choice|move ironhead|move scald\n|\n|move|p1a: Bish You Guessing|Iron Head|p2a: Alomomola\n|-resisted|p2a: Alomomola\n|-damage|p2a: Alomomola|0 fnt\n|-damage|p1a: Bish You Guessing|121\/271|[from] item: Life Orb\n|faint|p2a: Alomomola\n|\n|upkeep\n|choice||switch 6\n|\n|switch|p2a: Dugtrio|Dugtrio, M|151\/201\n|turn|13\n|choice|move suckerpunch|move earthquake\n|\n|move|p1a: Bish You Guessing|Sucker Punch|p2a: Dugtrio\n|-damage|p2a: Dugtrio|0 fnt\n|-damage|p1a: Bish You Guessing|94\/271|[from] item: Life Orb\n|faint|p2a: Dugtrio\n|\n|-sideend|p1: TheCyber$age|move: Aurora Veil\n|upkeep\n|choice||switch 5\n|\n|switch|p2a: Zapdos|Zapdos|384\/384\n|-ability|p2a: Zapdos|Pressure\n|turn|14\n|choice|switch 6|move heatwave\n|\n|switch|p1a: Thx Ben|Ninetales-Alola, F|350\/350\n|-weather|Hail|[from] ability: Snow Warning|[of] p1a: Thx Ben\n|move|p2a: Zapdos|Heat Wave|p1a: Thx Ben\n|-supereffective|p1a: Thx Ben\n|-damage|p1a: Thx Ben|180\/350\n|-status|p1a: Thx Ben|brn\n|\n|-weather|Hail|[upkeep]\n|-damage|p2a: Zapdos|360\/384|[from] hail\n|-heal|p2a: Zapdos|384\/384|[from] item: Leftovers\n|-damage|p1a: Thx Ben|159\/350 brn|[from] brn\n|upkeep\n|turn|15\n|choice|move auroraveil|move heatwave\n|\n|move|p1a: Thx Ben|Aurora Veil|p1a: Thx Ben\n|-sidestart|p1: TheCyber$age|move: Aurora Veil\n|move|p2a: Zapdos|Heat Wave|p1a: Thx Ben\n|-supereffective|p1a: Thx Ben\n|-damage|p1a: Thx Ben|68\/350 brn\n|\n|-weather|Hail|[upkeep]\n|-damage|p2a: Zapdos|360\/384|[from] hail\n|-heal|p2a: Zapdos|384\/384|[from] item: Leftovers\n|-damage|p1a: Thx Ben|47\/350 brn|[from] brn\n|upkeep\n|turn|16\n|choice|move freezedry|switch 2\n|\n|switch|p2a: Chansey|Chansey, F|616\/704\n|move|p1a: Thx Ben|Freeze-Dry|p2a: Chansey\n|-damage|p2a: Chansey|568\/704\n|\n|-weather|Hail|[upkeep]\n|-damage|p2a: Chansey|524\/704|[from] hail\n|-damage|p1a: Thx Ben|26\/350 brn|[from] brn\n|upkeep\n|turn|17\n|choice|move hypnosis|move stealthrock\n|\n|move|p1a: Thx Ben|Hypnosis|p2a: Chansey\n|-status|p2a: Chansey|slp\n|cant|p2a: Chansey|slp\n|\n|-weather|Hail|[upkeep]\n|-damage|p2a: Chansey|480\/704 slp|[from] hail\n|-damage|p1a: Thx Ben|5\/350 brn|[from] brn\n|upkeep\n|turn|18\n|choice|switch 2|move softboiled\n|\n|switch|p1a: Volcarona|Volcarona, F|311\/311\n|cant|p2a: Chansey|slp\n|\n|-weather|none\n|upkeep\n|turn|19\n|choice|move quiverdance|move softboiled\n|\n|move|p1a: Volcarona|Quiver Dance|p1a: Volcarona\n|-boost|p1a: Volcarona|spa|1\n|-boost|p1a: Volcarona|spd|1\n|-boost|p1a: Volcarona|spe|1\n|cant|p2a: Chansey|slp\n|\n|upkeep\n|turn|20\n|choice|move quiverdance|move softboiled\n|\n|move|p1a: Volcarona|Quiver Dance|p1a: Volcarona\n|-boost|p1a: Volcarona|spa|1\n|-boost|p1a: Volcarona|spd|1\n|-boost|p1a: Volcarona|spe|1\n|-curestatus|p2a: Chansey|slp|[msg]\n|move|p2a: Chansey|Soft-Boiled|p2a: Chansey\n|-heal|p2a: Chansey|704\/704\n|\n|upkeep\n|turn|21\n|choice|move quiverdance|move toxic\n|\n|move|p1a: Volcarona|Quiver Dance|p1a: Volcarona\n|-boost|p1a: Volcarona|spa|1\n|-boost|p1a: Volcarona|spd|1\n|-boost|p1a: Volcarona|spe|1\n|move|p2a: Chansey|Toxic|p1a: Volcarona\n|-status|p1a: Volcarona|tox\n|\n|-damage|p1a: Volcarona|292\/311 tox|[from] psn\n|upkeep\n|turn|22\n|choice|move bugbuzz|switch 4\n|\n|switch|p2a: Clefable|Clefable, F|393\/393\n|move|p1a: Volcarona|Bug Buzz|p2a: Clefable\n|-resisted|p2a: Clefable\n|-damage|p2a: Clefable|311\/393\n|\n|-heal|p2a: Clefable|335\/393|[from] item: Leftovers\n|-damage|p1a: Volcarona|254\/311 tox|[from] psn\n|-sideend|p1: TheCyber$age|move: Aurora Veil\n|upkeep\n|turn|23\n|choice|move fireblast|move protect\n|\n|move|p2a: Clefable|Protect|p2a: Clefable\n|-singleturn|p2a: Clefable|Protect\n|move|p1a: Volcarona|Fire Blast|p2a: Clefable\n|-activate|p2a: Clefable|move: Protect\n|\n|-heal|p2a: Clefable|359\/393|[from] item: Leftovers\n|-damage|p1a: Volcarona|197\/311 tox|[from] psn\n|upkeep\n|turn|24\n|choice|move fireblast|move wish\n|\n|move|p1a: Volcarona|Fire Blast|p2a: Clefable\n|-damage|p2a: Clefable|125\/393\n|move|p2a: Clefable|Wish|p2a: Clefable\n|\n|-heal|p2a: Clefable|149\/393|[from] item: Leftovers\n|-damage|p1a: Volcarona|121\/311 tox|[from] psn\n|upkeep\n|turn|25\n|choice|switch 6|move protect\n|\n|switch|p1a: Bish You Guessing|Bisharp, F|94\/271\n|move|p2a: Clefable|Protect|p2a: Clefable\n|-fail|p2a: Clefable\n|\n|-heal|p2a: Clefable|345\/393|[from] move: Wish|[wisher] Clefable\n|-heal|p2a: Clefable|369\/393|[from] item: Leftovers\n|upkeep\n|turn|26\n|choice|move ironhead|switch 2\n|\n|switch|p2a: Zapdos|Zapdos|384\/384\n|-ability|p2a: Zapdos|Pressure\n|move|p1a: Bish You Guessing|Iron Head|p2a: Zapdos\n|-resisted|p2a: Zapdos\n|-damage|p2a: Zapdos|289\/384\n|-damage|p1a: Bish You Guessing|67\/271|[from] item: Life Orb\n|\n|-heal|p2a: Zapdos|313\/384|[from] item: Leftovers\n|upkeep\n|turn|27\n|choice|switch 6|move discharge\n|\n|switch|p1a: Volcarona|Volcarona, F|121\/311 tox\n|move|p2a: Zapdos|Discharge|p1a: Volcarona\n|-damage|p1a: Volcarona|7\/311 tox\n|\n|-heal|p2a: Zapdos|337\/384|[from] item: Leftovers\n|-damage|p1a: Volcarona|0 fnt|[from] psn\n|upkeep\n|faint|p1a: Volcarona\n|choice|switch 2|\n|\n|switch|p1a: Thx Ben|Ninetales-Alola, F|5\/350 brn\n|-weather|Hail|[from] ability: Snow Warning|[of] p1a: Thx Ben\n|turn|28\n|choice|move auroraveil|switch 4\n|\n|switch|p2a: Chansey|Chansey, F|704\/704\n|move|p1a: Thx Ben|Aurora Veil|p1a: Thx Ben\n|-sidestart|p1: TheCyber$age|move: Aurora Veil\n|\n|-weather|Hail|[upkeep]\n|-damage|p2a: Chansey|660\/704|[from] hail\n|-damage|p1a: Thx Ben|0 fnt|[from] brn\n|upkeep\n|faint|p1a: Thx Ben\n|choice|switch 5|\n|\n|switch|p1a: Latias|Latias, F|301\/301\n|turn|29\n|choice|move healingwish|move stealthrock\n|\n|move|p1a: Latias|Healing Wish|p1a: Latias\n|faint|p1a: Latias\n|move|p2a: Chansey|Stealth Rock|p1: Latias\n|-sidestart|p1: TheCyber$age|move: Stealth Rock\n|\n|-weather|Hail|[upkeep]\n|-damage|p2a: Chansey|616\/704|[from] hail\n|upkeep\n|choice|switch 6|\n|\n|switch|p1a: Bish You Guessing|Bisharp, F|67\/271\n|-heal|p1a: Bish You Guessing|271\/271|[from] move: Healing Wish\n|-damage|p1a: Bish You Guessing|255\/271|[from] Stealth Rock\n|turn|30\n|choice|move swordsdance|move seismictoss\n|\n|move|p1a: Bish You Guessing|Swords Dance|p1a: Bish You Guessing\n|-boost|p1a: Bish You Guessing|atk|2\n|move|p2a: Chansey|Seismic Toss|p1a: Bish You Guessing\n|-damage|p1a: Bish You Guessing|155\/271\n|\n|-weather|Hail|[upkeep]\n|-damage|p1a: Bish You Guessing|139\/271|[from] hail\n|-damage|p2a: Chansey|572\/704|[from] hail\n|upkeep\n|turn|31\n|choice|move knockoff|move seismictoss\n|\n|move|p1a: Bish You Guessing|Knock Off|p2a: Chansey\n|-damage|p2a: Chansey|0 fnt\n|-enditem|p2a: Chansey|Eviolite|[from] move: Knock Off|[of] p1a: Bish You Guessing\n|-damage|p1a: Bish You Guessing|112\/271|[from] item: Life Orb\n|faint|p2a: Chansey\n|\n|-weather|Hail|[upkeep]\n|-damage|p1a: Bish You Guessing|96\/271|[from] hail\n|upkeep\n|choice||switch 4\n|\n|switch|p2a: Zapdos|Zapdos|337\/384\n|-ability|p2a: Zapdos|Pressure\n|turn|32\n|choice|move ironhead|move heatwave\n|\n|move|p1a: Bish You Guessing|Iron Head|p2a: Zapdos\n|-resisted|p2a: Zapdos\n|-damage|p2a: Zapdos|136\/384\n|-damage|p1a: Bish You Guessing|69\/271|[from] item: Life Orb\n|move|p2a: Zapdos|Heat Wave|p1a: Bish You Guessing|[miss]\n|-miss|p2a: Zapdos|p1a: Bish You Guessing\n|\n|-weather|none\n|-heal|p2a: Zapdos|160\/384|[from] item: Leftovers\n|upkeep\n|turn|33\n|choice|move ironhead|move discharge\n|\n|move|p1a: Bish You Guessing|Iron Head|p2a: Zapdos\n|-resisted|p2a: Zapdos\n|-damage|p2a: Zapdos|0 fnt\n|-damage|p1a: Bish You Guessing|42\/271|[from] item: Life Orb\n|faint|p2a: Zapdos\n|\n|upkeep\n|choice||switch 2\n|\n|switch|p2a: Clefable|Clefable, F|369\/393\n|turn|34\n|choice|move ironhead|move protect\n|\n|move|p2a: Clefable|Protect|p2a: Clefable\n|-singleturn|p2a: Clefable|Protect\n|move|p1a: Bish You Guessing|Iron Head|p2a: Clefable\n|-activate|p2a: Clefable|move: Protect\n|\n|-heal|p2a: Clefable|393\/393|[from] item: Leftovers\n|upkeep\n|turn|35\n|choice|move ironhead|move moonblast\n|\n|move|p1a: Bish You Guessing|Iron Head|p2a: Clefable\n|-supereffective|p2a: Clefable\n|-crit|p2a: Clefable\n|-damage|p2a: Clefable|0 fnt\n|-damage|p1a: Bish You Guessing|15\/271|[from] item: Life Orb\n|faint|p2a: Clefable\n|\n|win|TheCyber$age\n|c|\u2606TheCyber$age|GGGG\n|c|\u2606I'm back from Mars|lol\n|raw|TheCyber$age's rating: 1598 &rarr; <strong>1618<\/strong><br \/>(+20 for winning)\n|raw|I&apos;m back from Mars's rating: 1601 &rarr; <strong>1581<\/strong><br \/>(-20 for losing)\n|c|\u2606TheCyber$age|G_G\n|c|\u2606I'm back from Mars|you choked\n|c|\u2606TheCyber$age|ggg\n|c|\u2606TheCyber$age|g_G\n|c|\u2606TheCyber$age|GG.","inputlog":null,"uploadtime":1501988276,"views":1,"p1id":"thecyberage","p2id":"imbackfrommars","formatid":"gen7ou","rating":1581,"private":0,"password":null}