{"id":"gen7randombattle-603637801","p1":"wolfwarrior","p2":"minioe minor","format":"gen7randombattle","log":"|j|wolfwarrior\n|j|minioe minor\n|player|p1|wolfwarrior|162\n|teamsize|p1|6\n|player|p2|minioe minor|266\n|teamsize|p2|6\n|gametype|singles\n|gen|7\n|tier|[Gen 7] Random Battle\n|rated\n|seed|17017,17408,58814,11165,27082,20002,61776,25576,14725,30790,28586,29009\n|rule|Sleep Clause Mod: Limit one foe put to sleep\n|rule|HP Percentage Mod: HP is shown in percentages\n|\n|start\n|switch|p1a: Aurorus|Aurorus, L81, M|100\/100\n|switch|p2a: Donphan|Donphan, L79, M|100\/100\n|-weather|Hail|[from] ability: Snow Warning|[of] p1a: Aurorus\n|turn|1\n|choice|move ancientpower|move stealthrock\n|\n|move|p1a: Aurorus|Ancient Power|p2a: Donphan\n|-resisted|p2a: Donphan\n|-damage|p2a: Donphan|85\/100\n|move|p2a: Donphan|Stealth Rock|p1a: Aurorus\n|-sidestart|p1: wolfwarrior|move: Stealth Rock\n|\n|-weather|Hail|[upkeep]\n|-damage|p2a: Donphan|79\/100|[from] hail\n|-heal|p2a: Donphan|85\/100|[from] item: Leftovers\n|upkeep\n|turn|2\n|inactive|Battle timer is ON: inactive players will automatically lose when time's up. (requested by wolfwarrior)\n|choice|move encore|move earthquake\n|\n|move|p1a: Aurorus|Encore|p2a: Donphan\n|-start|p2a: Donphan|Encore\n|move|p2a: Donphan|Stealth Rock|p1a: Aurorus\n|-fail|p1a: Aurorus\n|\n|-weather|Hail|[upkeep]\n|-damage|p2a: Donphan|79\/100|[from] hail\n|-heal|p2a: Donphan|85\/100|[from] item: Leftovers\n|upkeep\n|turn|3\n|choice|move ancientpower|switch 2\n|\n|switch|p2a: Durant|Durant, L79, M|100\/100\n|move|p1a: Aurorus|Ancient Power|p2a: Durant\n|-damage|p2a: Durant|53\/100\n|\n|-weather|Hail|[upkeep]\n|-damage|p2a: Durant|47\/100|[from] hail\n|upkeep\n|turn|4\n|choice|move ancientpower|move ironhead\n|\n|move|p2a: Durant|Iron Head|p1a: Aurorus|[miss]\n|-miss|p2a: Durant|p1a: Aurorus\n|move|p1a: Aurorus|Ancient Power|p2a: Durant\n|-damage|p2a: Durant|4\/100\n|\n|-weather|Hail|[upkeep]\n|-damage|p2a: Durant|0 fnt|[from] hail\n|upkeep\n|faint|p2a: Durant\n|choice||switch 4\n|\n|switch|p2a: Clawitzer|Clawitzer, L81, M|100\/100\n|turn|5\n|choice|move freezedry|move aurasphere\n|\n|move|p2a: Clawitzer|Aura Sphere|p1a: Aurorus\n|-supereffective|p1a: Aurorus\n|-damage|p1a: Aurorus|0 fnt\n|faint|p1a: Aurorus\n|\n|-weather|none\n|upkeep\n|choice|switch 6|\n|\n|switch|p1a: Pachirisu|Pachirisu, L81, M|100\/100\n|-damage|p1a: Pachirisu|88\/100|[from] Stealth Rock\n|-item|p1a: Pachirisu|Air Balloon\n|turn|6\n|choice|move uturn|switch 2\n|\n|switch|p2a: Donphan|Donphan, L79, M|85\/100\n|move|p1a: Pachirisu|U-turn|p2a: Donphan\n|-damage|p2a: Donphan|76\/100\n|choice|switch 4|\n|\n|switch|p1a: Talonflame|Talonflame, L78, F|100\/100\n|-damage|p1a: Talonflame|51\/100|[from] Stealth Rock\n|\n|-heal|p2a: Donphan|82\/100|[from] item: Leftovers\n|upkeep\n|turn|7\n|choice|move bravebird zmove|move knockoff\n|\n|-zpower|p1a: Talonflame\n|move|p1a: Talonflame|Supersonic Skystrike|p2a: Donphan|[zeffect]\n|-damage|p2a: Donphan|33\/100\n|move|p2a: Donphan|Knock Off|p1a: Talonflame\n|-damage|p1a: Talonflame|28\/100\n|\n|-heal|p2a: Donphan|39\/100|[from] item: Leftovers\n|upkeep\n|turn|8\n|choice|move willowisp|switch 3\n|\n|switch|p2a: Rotom|Rotom-Wash, L75|100\/100\n|move|p1a: Talonflame|Will-O-Wisp|p2a: Rotom\n|-status|p2a: Rotom|brn\n|\n|-damage|p2a: Rotom|94\/100 brn|[from] brn\n|upkeep\n|turn|9\n|choice|move swordsdance|move thunderbolt\n|\n|move|p1a: Talonflame|Swords Dance|p1a: Talonflame\n|-boost|p1a: Talonflame|atk|2\n|move|p2a: Rotom|Thunderbolt|p1a: Talonflame\n|-supereffective|p1a: Talonflame\n|-damage|p1a: Talonflame|0 fnt\n|faint|p1a: Talonflame\n|\n|-heal|p2a: Rotom|100\/100 brn|[from] item: Leftovers\n|-damage|p2a: Rotom|94\/100 brn|[from] brn\n|upkeep\n|choice|switch 5|\n|\n|switch|p1a: Tapu Lele|Tapu Lele, L75|100\/100\n|-damage|p1a: Tapu Lele|88\/100|[from] Stealth Rock\n|-fieldstart|move: Psychic Terrain|[from] ability: Psychic Surge|[of] p1a: Tapu Lele\n|turn|10\n|choice|move moonblast|move painsplit\n|\n|move|p1a: Tapu Lele|Moonblast|p2a: Rotom\n|-damage|p2a: Rotom|41\/100 brn\n|move|p2a: Rotom|Pain Split|p1a: Tapu Lele\n|-sethp|p1a: Tapu Lele|62\/100|p2a: Rotom|71\/100 brn|[from] move: Pain Split\n|\n|-heal|p1a: Tapu Lele|68\/100|[from] item: Leftovers\n|-heal|p2a: Rotom|77\/100 brn|[from] item: Leftovers\n|-damage|p2a: Rotom|71\/100 brn|[from] brn\n|upkeep\n|turn|11\n|choice|move calmmind|move painsplit\n|\n|move|p1a: Tapu Lele|Calm Mind|p1a: Tapu Lele\n|-boost|p1a: Tapu Lele|spa|1\n|-boost|p1a: Tapu Lele|spd|1\n|move|p2a: Rotom|Pain Split|p1a: Tapu Lele\n|-sethp|p1a: Tapu Lele|65\/100|p2a: Rotom|75\/100 brn|[from] move: Pain Split\n|\n|-heal|p1a: Tapu Lele|71\/100|[from] item: Leftovers\n|-heal|p2a: Rotom|81\/100 brn|[from] item: Leftovers\n|-damage|p2a: Rotom|75\/100 brn|[from] brn\n|upkeep\n|turn|12\n|choice|move taunt|move willowisp\n|\n|move|p1a: Tapu Lele|Taunt|p2a: Rotom\n|-start|p2a: Rotom|move: Taunt\n|cant|p2a: Rotom|move: Taunt|Will-O-Wisp\n|\n|-heal|p1a: Tapu Lele|77\/100|[from] item: Leftovers\n|-heal|p2a: Rotom|81\/100 brn|[from] item: Leftovers\n|-damage|p2a: Rotom|75\/100 brn|[from] brn\n|upkeep\n|turn|13\n|choice|move moonblast|move thunderbolt\n|\n|move|p1a: Tapu Lele|Moonblast|p2a: Rotom\n|-damage|p2a: Rotom|0 fnt\n|faint|p2a: Rotom\n|\n|-heal|p1a: Tapu Lele|83\/100|[from] item: Leftovers\n|upkeep\n|choice||switch 6\n|\n|switch|p2a: Mandibuzz|Mandibuzz, L77, F|100\/100\n|turn|14\n|choice|move moonblast|move knockoff\n|\n|move|p1a: Tapu Lele|Moonblast|p2a: Mandibuzz\n|-supereffective|p2a: Mandibuzz\n|-damage|p2a: Mandibuzz|0 fnt\n|faint|p2a: Mandibuzz\n|\n|-heal|p1a: Tapu Lele|90\/100|[from] item: Leftovers\n|-fieldend|move: Psychic Terrain\n|upkeep\n|choice||switch 5\n|\n|switch|p2a: Ambipom|Ambipom, L81, M|100\/100\n|turn|15\n|choice|move moonblast|move fakeout\n|\n|move|p2a: Ambipom|Fake Out|p1a: Tapu Lele\n|-damage|p1a: Tapu Lele|48\/100\n|-damage|p2a: Ambipom|91\/100|[from] item: Life Orb\n|cant|p1a: Tapu Lele|flinch\n|\n|-heal|p1a: Tapu Lele|54\/100|[from] item: Leftovers\n|upkeep\n|turn|16\n|choice|move moonblast|move return\n|\n|move|p2a: Ambipom|Return|p1a: Tapu Lele\n|-damage|p1a: Tapu Lele|0 fnt\n|-damage|p2a: Ambipom|81\/100|[from] item: Life Orb\n|faint|p1a: Tapu Lele\n|\n|upkeep\n|choice|switch 3|\n|\n|switch|p1a: Arcanine|Arcanine, L77, F|100\/100\n|-damage|p1a: Arcanine|76\/100|[from] Stealth Rock\n|-ability|p1a: Arcanine|Intimidate|boost\n|-unboost|p2a: Ambipom|atk|1\n|turn|17\n|choice|move wildcharge|switch 2\n|\n|switch|p2a: Clawitzer|Clawitzer, L81, M|100\/100\n|move|p1a: Arcanine|Wild Charge|p2a: Clawitzer\n|-supereffective|p2a: Clawitzer\n|-damage|p2a: Clawitzer|30\/100\n|-damage|p1a: Arcanine|59\/100|[from] Recoil|[of] p2a: Clawitzer\n|-damage|p1a: Arcanine|49\/100|[from] item: Life Orb\n|\n|upkeep\n|turn|18\n|choice|move flareblitz|move waterpulse\n|\n|move|p1a: Arcanine|Flare Blitz|p2a: Clawitzer\n|-resisted|p2a: Clawitzer\n|-damage|p2a: Clawitzer|0 fnt\n|-damage|p1a: Arcanine|40\/100|[from] Recoil|[of] p2a: Clawitzer\n|-damage|p1a: Arcanine|30\/100|[from] item: Life Orb\n|faint|p2a: Clawitzer\n|\n|upkeep\n|c|\u2606wolfwarrior|gg\n|choice||switch 2\n|\n|switch|p2a: Ambipom|Ambipom, L81, M|81\/100\n|turn|19\n|c|\u2606minioe minor|gg\n|choice|move morningsun|move fakeout\n|\n|move|p2a: Ambipom|Fake Out|p1a: Arcanine\n|-damage|p1a: Arcanine|0 fnt\n|-damage|p2a: Ambipom|71\/100|[from] item: Life Orb\n|faint|p1a: Arcanine\n|\n|upkeep\n|choice|switch 4|\n|\n|switch|p1a: Pachirisu|Pachirisu, L81, M|88\/100\n|-damage|p1a: Pachirisu|76\/100|[from] Stealth Rock\n|-item|p1a: Pachirisu|Air Balloon\n|turn|20\n|choice|move thunderbolt|move return\n|\n|move|p2a: Ambipom|Return|p1a: Pachirisu\n|-damage|p1a: Pachirisu|4\/100\n|-enditem|p1a: Pachirisu|Air Balloon\n|-damage|p2a: Ambipom|61\/100|[from] item: Life Orb\n|move|p1a: Pachirisu|Thunderbolt|p2a: Ambipom\n|-damage|p2a: Ambipom|35\/100\n|\n|upkeep\n|turn|21\n|choice|move thunderbolt|move knockoff\n|\n|move|p2a: Ambipom|Knock Off|p1a: Pachirisu\n|-damage|p1a: Pachirisu|0 fnt\n|-damage|p2a: Ambipom|25\/100|[from] item: Life Orb\n|faint|p1a: Pachirisu\n|\n|upkeep\n|choice|switch 2|\n|\n|switch|p1a: Marshadow|Marshadow, L73|100\/100\n|-damage|p1a: Marshadow|95\/100|[from] Stealth Rock\n|turn|22\n|choice|move closecombat|move knockoff\n|\n|move|p2a: Ambipom|Knock Off|p1a: Marshadow\n|-damage|p1a: Marshadow|54\/100\n|-enditem|p1a: Marshadow|Choice Band|[from] move: Knock Off|[of] p2a: Ambipom\n|-damage|p2a: Ambipom|15\/100|[from] item: Life Orb\n|move|p1a: Marshadow|Close Combat|p2a: Ambipom\n|-supereffective|p2a: Ambipom\n|-damage|p2a: Ambipom|0 fnt\n|-unboost|p1a: Marshadow|def|1\n|-unboost|p1a: Marshadow|spd|1\n|faint|p2a: Ambipom\n|\n|upkeep\n|choice||switch 3\n|\n|switch|p2a: Donphan|Donphan, L79, M|39\/100\n|turn|23\n|choice|move closecombat|move earthquake\n|\n|move|p1a: Marshadow|Close Combat|p2a: Donphan\n|-damage|p2a: Donphan|2\/100\n|-unboost|p1a: Marshadow|def|1\n|-unboost|p1a: Marshadow|spd|1\n|move|p2a: Donphan|Earthquake|p1a: Marshadow\n|-damage|p1a: Marshadow|0 fnt\n|faint|p1a: Marshadow\n|\n|win|minioe minor\n|raw|wolfwarrior's rating: 1330 &rarr; <strong>1308<\/strong><br \/>(-22 for losing)\n|raw|minioe minor's rating: 1297 &rarr; <strong>1324<\/strong><br \/>(+27 for winning)\n|l|wolfwarrior\n|c|\u2606minioe minor|gg","inputlog":null,"uploadtime":1500002279,"views":0,"p1id":"wolfwarrior","p2id":"minioeminor","formatid":"gen7randombattle","rating":1308,"private":0,"password":null}