{"id":"gen7randombattle-1581748544","p1":"Turn 2","p2":"Mistersiri","format":"gen7randombattle","log":"|j|\u2606Turn 2\n|j|\u2606Mistersiri\n|t:|1653402164\n|gametype|singles\n|player|p1|Turn 2|janine|1465\n|player|p2|Mistersiri|cynthia-gen4|1478\n|teamsize|p1|6\n|teamsize|p2|6\n|gen|7\n|tier|[Gen 7] Random Battle\n|rated|\n|rule|Sleep Clause Mod: Limit one foe put to sleep\n|rule|HP Percentage Mod: HP is shown in percentages\n|\n|t:|1653402164\n|start\n|switch|p1a: Throh|Throh, L88, M|354\/354\n|switch|p2a: Seismitoad|Seismitoad, L86, M|321\/321\n|turn|1\n|\n|t:|1653402176\n|move|p2a: Seismitoad|Stealth Rock|p1a: Throh\n|-sidestart|p1: Turn 2|move: Stealth Rock\n|move|p1a: Throh|Bulk Up|p1a: Throh\n|-boost|p1a: Throh|atk|1\n|-boost|p1a: Throh|def|1\n|\n|-status|p1a: Throh|brn|[from] item: Flame Orb\n|upkeep\n|turn|2\n|\n|t:|1653402191\n|move|p2a: Seismitoad|Scald|p1a: Throh\n|-damage|p1a: Throh|247\/354 brn\n|-damage|p2a: Seismitoad|289\/321|[from] item: Life Orb\n|move|p1a: Throh|Storm Throw|p2a: Seismitoad\n|-crit|p2a: Seismitoad\n|-damage|p2a: Seismitoad|25\/321\n|\n|-damage|p1a: Throh|225\/354 brn|[from] brn\n|upkeep\n|turn|3\n|\n|t:|1653402205\n|move|p2a: Seismitoad|Scald|p1a: Throh\n|-damage|p1a: Throh|130\/354 brn\n|-damage|p2a: Seismitoad|0 fnt|[from] item: Life Orb\n|faint|p2a: Seismitoad\n|move|p1a: Throh|Storm Throw|p2: Seismitoad|[notarget]\n|-fail|p1a: Throh\n|\n|-damage|p1a: Throh|108\/354 brn|[from] brn\n|upkeep\n|inactive|Battle timer is ON: inactive players will automatically lose when time's up. (requested by Turn 2)\n|\n|t:|1653402224\n|switch|p2a: Clefable|Clefable, L80, M|283\/283\n|turn|4\n|\n|t:|1653402229\n|move|p2a: Clefable|Moonblast|p1a: Throh\n|-supereffective|p1a: Throh\n|-damage|p1a: Throh|0 fnt\n|faint|p1a: Throh\n|\n|upkeep\n|\n|t:|1653402240\n|switch|p1a: Jirachi|Jirachi, L80|291\/291\n|-damage|p1a: Jirachi|273\/291|[from] Stealth Rock\n|turn|5\n|\n|t:|1653402254\n|switch|p2a: Darkrai|Darkrai, L76|231\/231\n|move|p1a: Jirachi|Iron Head|p2a: Darkrai\n|-damage|p2a: Darkrai|150\/231\n|\n|-heal|p1a: Jirachi|291\/291|[from] item: Leftovers\n|upkeep\n|turn|6\n|\n|t:|1653402271\n|switch|p1a: Houndoom|Houndoom, L88, F|274\/274\n|-damage|p1a: Houndoom|206\/274|[from] Stealth Rock\n|move|p2a: Darkrai|Dark Pulse|p1a: Houndoom\n|-resisted|p1a: Houndoom\n|-damage|p1a: Houndoom|151\/274\n|-damage|p2a: Darkrai|127\/231|[from] item: Life Orb\n|\n|upkeep\n|turn|7\n|\n|t:|1653402283\n|switch|p2a: Purugly|Purugly, L88, F|268\/268\n|move|p1a: Houndoom|Fire Blast|p2a: Purugly\n|-damage|p2a: Purugly|142\/268\n|-damage|p1a: Houndoom|124\/274|[from] item: Life Orb\n|\n|upkeep\n|turn|8\n|\n|t:|1653402295\n|move|p2a: Purugly|Fake Out|p1a: Houndoom\n|-damage|p1a: Houndoom|45\/274\n|-damage|p2a: Purugly|116\/268|[from] item: Life Orb\n|cant|p1a: Houndoom|flinch\n|\n|upkeep\n|turn|9\n|\n|t:|1653402305\n|move|p2a: Purugly|U-turn|p1a: Houndoom\n|-damage|p1a: Houndoom|0 fnt\n|faint|p1a: Houndoom\n|-damage|p2a: Purugly|90\/268|[from] item: Life Orb\n|\n|t:|1653402310\n|switch|p2a: Darkrai|Darkrai, L76|127\/231\n|\n|upkeep\n|\n|t:|1653402321\n|switch|p1a: Zapdos|Zapdos, L80|275\/275\n|-damage|p1a: Zapdos|207\/275|[from] Stealth Rock\n|-ability|p1a: Zapdos|Pressure\n|turn|10\n|\n|t:|1653402330\n|switch|p2a: Magmortar|Magmortar, L86, F|269\/269\n|move|p1a: Zapdos|Discharge|p2a: Magmortar\n|-damage|p2a: Magmortar|179\/269\n|-status|p2a: Magmortar|par\n|\n|-heal|p1a: Zapdos|224\/275|[from] item: Leftovers\n|-heal|p2a: Magmortar|195\/269 par|[from] item: Leftovers\n|upkeep\n|turn|11\n|\n|t:|1653402342\n|move|p1a: Zapdos|Toxic|p2a: Magmortar|[miss]\n|-miss|p1a: Zapdos|p2a: Magmortar\n|move|p2a: Magmortar|Fire Blast|p1a: Zapdos\n|-damage|p1a: Zapdos|61\/275\n|\n|-heal|p1a: Zapdos|78\/275|[from] item: Leftovers\n|-heal|p2a: Magmortar|211\/269 par|[from] item: Leftovers\n|upkeep\n|turn|12\n|\n|t:|1653402348\n|move|p1a: Zapdos|Discharge|p2a: Magmortar\n|-damage|p2a: Magmortar|115\/269 par\n|cant|p2a: Magmortar|par\n|\n|-heal|p1a: Zapdos|95\/275|[from] item: Leftovers\n|-heal|p2a: Magmortar|131\/269 par|[from] item: Leftovers\n|upkeep\n|turn|13\n|\n|t:|1653402357\n|move|p1a: Zapdos|Discharge|p2a: Magmortar\n|-damage|p2a: Magmortar|46\/269 par\n|move|p2a: Magmortar|Fire Blast|p1a: Zapdos\n|-damage|p1a: Zapdos|0 fnt\n|faint|p1a: Zapdos\n|\n|-heal|p2a: Magmortar|62\/269 par|[from] item: Leftovers\n|upkeep\n|\n|t:|1653402368\n|switch|p1a: Salamence|Salamence, L76, F|269\/269\n|-damage|p1a: Salamence|202\/269|[from] Stealth Rock\n|-ability|p1a: Salamence|Intimidate|boost\n|-unboost|p2a: Magmortar|atk|1\n|turn|14\n|\n|t:|1653402378\n|detailschange|p1a: Salamence|Salamence-Mega, L76, F\n|-mega|p1a: Salamence|Salamence|Salamencite\n|move|p1a: Salamence|Earthquake|p2a: Magmortar\n|-supereffective|p2a: Magmortar\n|-damage|p2a: Magmortar|0 fnt\n|faint|p2a: Magmortar\n|\n|upkeep\n|\n|t:|1653402383\n|switch|p2a: Clefable|Clefable, L80, M|283\/283\n|turn|15\n|\n|t:|1653402388\n|move|p1a: Salamence|Double-Edge|p2a: Clefable\n|-damage|p2a: Clefable|63\/283\n|-damage|p1a: Salamence|129\/269|[from] Recoil\n|move|p2a: Clefable|Fire Blast|p1a: Salamence\n|-resisted|p1a: Salamence\n|-damage|p1a: Salamence|77\/269\n|-status|p1a: Salamence|brn\n|\n|-damage|p1a: Salamence|61\/269 brn|[from] brn\n|upkeep\n|turn|16\n|\n|t:|1653402400\n|switch|p2a: Purugly|Purugly, L88, F|90\/268\n|move|p1a: Salamence|Double-Edge|p2a: Purugly\n|-damage|p2a: Purugly|0 fnt\n|faint|p2a: Purugly\n|-damage|p1a: Salamence|31\/269 brn|[from] Recoil\n|\n|-damage|p1a: Salamence|15\/269 brn|[from] brn\n|upkeep\n|\n|t:|1653402408\n|switch|p2a: Honchkrow|Honchkrow, L84, M|305\/305\n|turn|17\n|\n|t:|1653402413\n|move|p2a: Honchkrow|Sucker Punch||[still]\n|-fail|p2a: Honchkrow\n|move|p1a: Salamence|Roost|p1a: Salamence\n|-heal|p1a: Salamence|150\/269 brn\n|-singleturn|p1a: Salamence|move: Roost\n|\n|-damage|p1a: Salamence|134\/269 brn|[from] brn\n|upkeep\n|turn|18\n|\n|t:|1653402429\n|move|p1a: Salamence|Draco Meteor|p2a: Honchkrow|[miss]\n|-miss|p1a: Salamence|p2a: Honchkrow\n|move|p2a: Honchkrow|Pursuit|p1a: Salamence\n|-damage|p1a: Salamence|76\/269 brn\n|-damage|p2a: Honchkrow|275\/305|[from] item: Life Orb\n|\n|-damage|p1a: Salamence|60\/269 brn|[from] brn\n|upkeep\n|turn|19\n|\n|t:|1653402439\n|move|p2a: Honchkrow|Sucker Punch||[still]\n|-fail|p2a: Honchkrow\n|move|p1a: Salamence|Roost|p1a: Salamence\n|-heal|p1a: Salamence|195\/269 brn\n|-singleturn|p1a: Salamence|move: Roost\n|\n|-damage|p1a: Salamence|179\/269 brn|[from] brn\n|upkeep\n|turn|20\n|\n|t:|1653402448\n|switch|p2a: Clefable|Clefable, L80, M|63\/283\n|move|p1a: Salamence|Draco Meteor|p2a: Clefable\n|-immune|p2a: Clefable\n|\n|-damage|p1a: Salamence|163\/269 brn|[from] brn\n|upkeep\n|turn|21\n|\n|t:|1653402456\n|move|p1a: Salamence|Double-Edge|p2a: Clefable\n|-damage|p2a: Clefable|0 fnt\n|faint|p2a: Clefable\n|-damage|p1a: Salamence|142\/269 brn|[from] Recoil\n|\n|-damage|p1a: Salamence|126\/269 brn|[from] brn\n|upkeep\n|\n|t:|1653402459\n|switch|p2a: Darkrai|Darkrai, L76|127\/231\n|turn|22\n|\n|t:|1653402467\n|move|p2a: Darkrai|Dark Pulse|p1a: Salamence\n|-damage|p1a: Salamence|0 fnt\n|faint|p1a: Salamence\n|-damage|p2a: Darkrai|104\/231|[from] item: Life Orb\n|\n|upkeep\n|\n|t:|1653402477\n|switch|p1a: Raticate|Raticate, L88, F|240\/240\n|-damage|p1a: Raticate|210\/240|[from] Stealth Rock\n|turn|23\n|\n|t:|1653402488\n|move|p2a: Darkrai|Dark Pulse|p1a: Raticate\n|-damage|p1a: Raticate|76\/240\n|-damage|p2a: Darkrai|81\/231|[from] item: Life Orb\n|cant|p1a: Raticate|flinch\n|\n|-status|p1a: Raticate|brn|[from] item: Flame Orb\n|upkeep\n|turn|24\n|\n|t:|1653402497\n|move|p1a: Raticate|Sucker Punch|p2a: Darkrai\n|-resisted|p2a: Darkrai\n|-damage|p2a: Darkrai|40\/231\n|move|p2a: Darkrai|Dark Pulse|p1a: Raticate\n|-damage|p1a: Raticate|0 fnt\n|faint|p1a: Raticate\n|-damage|p2a: Darkrai|17\/231|[from] item: Life Orb\n|\n|upkeep\n|\n|t:|1653402506\n|switch|p1a: Jirachi|Jirachi, L80|291\/291\n|-damage|p1a: Jirachi|273\/291|[from] Stealth Rock\n|turn|25\n|\n|t:|1653402512\n|move|p2a: Darkrai|Dark Pulse|p1a: Jirachi\n|-supereffective|p1a: Jirachi\n|-damage|p1a: Jirachi|31\/291\n|-damage|p2a: Darkrai|0 fnt|[from] item: Life Orb\n|faint|p2a: Darkrai\n|move|p1a: Jirachi|Wish|p1a: Jirachi\n|\n|-heal|p1a: Jirachi|49\/291|[from] item: Leftovers\n|upkeep\n|\n|t:|1653402518\n|switch|p2a: Honchkrow|Honchkrow, L84, M|275\/305\n|turn|26\n|\n|t:|1653402525\n|move|p1a: Jirachi|Toxic|p2a: Honchkrow\n|-status|p2a: Honchkrow|tox\n|move|p2a: Honchkrow|Pursuit|p1a: Jirachi\n|-supereffective|p1a: Jirachi\n|-damage|p1a: Jirachi|0 fnt\n|faint|p1a: Jirachi\n|-damage|p2a: Honchkrow|245\/305 tox|[from] item: Life Orb\n|\n|win|Mistersiri\n|raw|Turn 2's rating: 1465 &rarr; <strong>1446<\/strong><br \/>(-19 for losing)\n|raw|Mistersiri's rating: 1478 &rarr; <strong>1497<\/strong><br \/>(+19 for winning)\n","inputlog":">version b341b8323d4a7713b3b6f41909868c7f087e7b7e\n>start {\"formatid\":\"gen7randombattle\",\"seed\":[46649,49499,57204,53396],\"rated\":\"Rated battle\"}\n>player p1 {\"name\":\"Turn 2\",\"avatar\":\"janine\",\"rating\":1465,\"seed\":[46375,15183,34458,43028]}\n>player p2 {\"name\":\"Mistersiri\",\"avatar\":\"cynthia-gen4\",\"rating\":1478,\"seed\":[12426,62823,20411,31745]}\n>p1 move bulkup\n>p2 move stealthrock\n>p1 move stormthrow\n>p2 move scald\n>p1 move stormthrow\n>p2 move scald\n>p2 switch 3\n>p1 move knockoff\n>p2 move moonblast\n>p1 switch 4\n>p1 move ironhead\n>p2 switch 5\n>p1 switch 2\n>p2 move darkpulse\n>p1 move fireblast\n>p2 switch 2\n>p1 move fireblast\n>p2 move fakeout\n>p1 move fireblast\n>p2 move uturn\n>p2 switch 2\n>p1 switch 3\n>p1 move discharge\n>p2 switch 4\n>p1 move toxic\n>p2 move fireblast\n>p1 move discharge\n>p2 move substitute\n>p1 move discharge\n>p2 move fireblast\n>p1 switch 5\n>p1 move earthquake mega\n>p2 move hiddenpower\n>p2 switch 5\n>p1 move doubleedge\n>p2 move fireblast\n>p1 move doubleedge\n>p2 switch 2\n>p2 switch 6\n>p1 move roost\n>p2 move suckerpunch\n>p1 move dracometeor\n>p2 move pursuit\n>p1 move roost\n>p2 move suckerpunch\n>p1 move dracometeor\n>p2 switch 2\n>p1 move doubleedge\n>p2 move softboiled\n>p2 switch 4\n>p1 move dracometeor\n>p2 move darkpulse\n>p1 switch 6\n>p1 move facade\n>p2 move darkpulse\n>p1 move suckerpunch\n>p2 move darkpulse\n>p1 switch 2\n>p1 move wish\n>p2 move darkpulse\n>p2 switch 2\n>p1 move toxic\n>p2 move pursuit","uploadtime":1653402532,"views":4,"p1id":"turn2","p2id":"mistersiri","formatid":"gen7randombattle","rating":1446,"private":0,"password":null}