{"id":"gen7ou-1616725321","p1":"lou dort","p2":"juandaechelon","format":"gen7ou","log":"|j|\u2606lou dort\n|j|\u2606juandaechelon\n|inactive|Battle timer is ON: inactive players will automatically lose when time's up.\n|t:|1657751938\n|gametype|singles\n|player|p1|lou dort|ryuki|\n|player|p2|juandaechelon|lance|\n|teamsize|p1|6\n|teamsize|p2|6\n|gen|7\n|tier|[Gen 7] OU\n|rated|Tournament battle\n|rule|Sleep Clause Mod: Limit one foe put to sleep\n|rule|Species Clause: Limit one of each Pok\u00e9mon\n|rule|OHKO Clause: OHKO moves are banned\n|rule|Moody Clause: Moody is banned\n|rule|Evasion Moves Clause: Evasion moves are banned\n|rule|Endless Battle Clause: Forcing endless battles is banned\n|rule|HP Percentage Mod: HP is shown in percentages\n|clearpoke\n|poke|p1|Hawlucha, F|item\n|poke|p1|Heatran, M|item\n|poke|p1|Tapu Fini|item\n|poke|p1|Landorus-Therian, M|item\n|poke|p1|Ferrothorn, M|item\n|poke|p1|Mewtwo|item\n|poke|p2|Hoopa-Unbound|item\n|poke|p2|Mimikyu, F|item\n|poke|p2|Crawdaunt, F|item\n|poke|p2|Camerupt, F|item\n|poke|p2|Magearna|item\n|poke|p2|Bronzong|item\n|teampreview\n|inactive|lou dort also wants the timer to be on.\n|j| Wakanuus\n|j| Korkskrew\n|j| yoyolord\n|l| yoyolord\n|\n|t:|1657751964\n|start\n|switch|p1a: Landorus|Landorus-Therian, M|100\/100\n|switch|p2a: HELLBELL|Bronzong, shiny|100\/100\n|-ability|p1a: Landorus|Intimidate|boost\n|-unboost|p2a: HELLBELL|atk|1\n|turn|1\n|c| Korkskrew|magearna walls\n|c|\u2606lou dort|walls what\n|\n|t:|1657751978\n|move|p1a: Landorus|U-turn|p2a: HELLBELL\n|-damage|p2a: HELLBELL|76\/100\n|\n|t:|1657751981\n|switch|p1a: Heatran|Heatran, M|100\/100|[from]move: U-turn\n|move|p2a: HELLBELL|Trick Room|p2a: HELLBELL\n|-fieldstart|move: Trick Room|[of] p2a: HELLBELL\n|\n|upkeep\n|turn|2\n|\n|t:|1657751986\n|switch|p1a: Landorus|Landorus-Therian, M|100\/100\n|-ability|p1a: Landorus|Intimidate|boost\n|-unboost|p2a: HELLBELL|atk|1\n|move|p2a: HELLBELL|Stealth Rock|p1a: Landorus\n|-sidestart|p1: lou dort|move: Stealth Rock\n|\n|upkeep\n|turn|3\n|\n|t:|1657751990\n|switch|p1a: Ferrothorn|Ferrothorn, M|100\/100\n|-damage|p1a: Ferrothorn|94\/100|[from] Stealth Rock\n|move|p2a: HELLBELL|Explosion|p1a: Ferrothorn\n|-resisted|p1a: Ferrothorn\n|-damage|p1a: Ferrothorn|82\/100\n|faint|p2a: HELLBELL\n|\n|-heal|p1a: Ferrothorn|89\/100|[from] item: Leftovers\n|upkeep\n|\n|t:|1657751996\n|switch|p2a: Boom.|Camerupt, F, shiny|100\/100\n|turn|4\n|\n|t:|1657751999\n|detailschange|p2a: Boom.|Camerupt-Mega, F, shiny\n|-mega|p2a: Boom.|Camerupt|Cameruptite\n|move|p2a: Boom.|Eruption|p1a: Ferrothorn\n|-supereffective|p1a: Ferrothorn\n|-damage|p1a: Ferrothorn|0 fnt\n|faint|p1a: Ferrothorn\n|\n|upkeep\n|\n|t:|1657752003\n|switch|p1a: Heatran|Heatran, M|100\/100\n|-damage|p1a: Heatran|88\/100|[from] Stealth Rock\n|turn|5\n|\n|t:|1657752006\n|switch|p1a: Landorus|Landorus-Therian, M|100\/100\n|-damage|p1a: Landorus|88\/100|[from] Stealth Rock\n|-ability|p1a: Landorus|Intimidate|boost\n|-unboost|p2a: Boom.|atk|1\n|move|p2a: Boom.|Eruption|p1a: Landorus\n|-damage|p1a: Landorus|0 fnt\n|faint|p1a: Landorus\n|\n|-fieldend|move: Trick Room\n|upkeep\n|\n|t:|1657752014\n|switch|p1a: Tapu Fini|Tapu Fini|100\/100\n|-damage|p1a: Tapu Fini|88\/100|[from] Stealth Rock\n|-fieldstart|move: Misty Terrain|[from] ability: Misty Surge|[of] p1a: Tapu Fini\n|turn|6\n|\n|t:|1657752018\n|switch|p2a: Magearna|Magearna|100\/100\n|move|p1a: Tapu Fini|Surf|p2a: Magearna\n|-damage|p2a: Magearna|77\/100\n|\n|-heal|p1a: Tapu Fini|94\/100|[from] item: Leftovers\n|-heal|p2a: Magearna|83\/100|[from] item: Leftovers\n|upkeep\n|turn|7\n|c|\u2606juandaechelon|ez read\n|\n|t:|1657752024\n|move|p1a: Tapu Fini|Taunt|p2a: Magearna\n|-start|p2a: Magearna|move: Taunt\n|cant|p2a: Magearna|move: Taunt|Trick Room\n|\n|-heal|p1a: Tapu Fini|100\/100|[from] item: Leftovers\n|-heal|p2a: Magearna|90\/100|[from] item: Leftovers\n|upkeep\n|turn|8\n|c|\u2606lou dort|didnt ask\n|\n|t:|1657752029\n|switch|p1a: Heatran|Heatran, M|88\/100\n|-damage|p1a: Heatran|76\/100|[from] Stealth Rock\n|move|p2a: Magearna|Thunderbolt|p1a: Heatran\n|-damage|p1a: Heatran|55\/100\n|\n|-heal|p2a: Magearna|96\/100|[from] item: Leftovers\n|upkeep\n|turn|9\n|\n|t:|1657752035\n|switch|p2a: Mamad\u00edsimo|Hoopa-Unbound|100\/100\n|-zpower|p1a: Heatran\n|move|p1a: Heatran|Inferno Overdrive|p2a: Mamad\u00edsimo|[zeffect]\n|-damage|p2a: Mamad\u00edsimo|43\/100\n|\n|upkeep\n|turn|10\n|\n|t:|1657752043\n|move|p1a: Heatran|Magma Storm|p2a: Mamad\u00edsimo\n|-damage|p2a: Mamad\u00edsimo|9\/100\n|-activate|p2a: Mamad\u00edsimo|move: Magma Storm|[of] p1a: Heatran\n|move|p2a: Mamad\u00edsimo|Trick Room|p2a: Mamad\u00edsimo\n|-fieldstart|move: Trick Room|[of] p2a: Mamad\u00edsimo\n|\n|-damage|p2a: Mamad\u00edsimo|0 fnt|[from] move: Magma Storm|[partiallytrapped]\n|faint|p2a: Mamad\u00edsimo\n|-fieldend|Misty Terrain\n|upkeep\n|\n|t:|1657752049\n|switch|p2a: Wallbreaker|Crawdaunt, F|100\/100\n|turn|11\n|\n|t:|1657752053\n|move|p2a: Wallbreaker|Crabhammer|p1a: Heatran\n|-supereffective|p1a: Heatran\n|-damage|p1a: Heatran|0 fnt\n|faint|p1a: Heatran\n|\n|upkeep\n|\n|t:|1657752054\n|switch|p1a: Tapu Fini|Tapu Fini|100\/100\n|-damage|p1a: Tapu Fini|88\/100|[from] Stealth Rock\n|-fieldstart|move: Misty Terrain|[from] ability: Misty Surge|[of] p1a: Tapu Fini\n|turn|12\n|\n|t:|1657752059\n|switch|p2a: Magearna|Magearna|96\/100\n|move|p1a: Tapu Fini|Moonblast|p2a: Magearna\n|-resisted|p2a: Magearna\n|-damage|p2a: Magearna|82\/100\n|\n|-heal|p2a: Magearna|88\/100|[from] item: Leftovers\n|-heal|p1a: Tapu Fini|94\/100|[from] item: Leftovers\n|upkeep\n|turn|13\n|\n|t:|1657752064\n|move|p2a: Magearna|Thunderbolt|p1a: Tapu Fini\n|-supereffective|p1a: Tapu Fini\n|-damage|p1a: Tapu Fini|47\/100\n|move|p1a: Tapu Fini|Surf|p2a: Magearna\n|-damage|p2a: Magearna|61\/100\n|\n|-heal|p2a: Magearna|68\/100|[from] item: Leftovers\n|-heal|p1a: Tapu Fini|53\/100|[from] item: Leftovers\n|upkeep\n|turn|14\n|\n|t:|1657752068\n|move|p2a: Magearna|Thunderbolt|p1a: Tapu Fini\n|-supereffective|p1a: Tapu Fini\n|-damage|p1a: Tapu Fini|3\/100\n|move|p1a: Tapu Fini|Surf|p2a: Magearna\n|-damage|p2a: Magearna|44\/100\n|\n|-heal|p2a: Magearna|50\/100|[from] item: Leftovers\n|-heal|p1a: Tapu Fini|9\/100|[from] item: Leftovers\n|-fieldend|move: Trick Room\n|upkeep\n|turn|15\n|\n|t:|1657752072\n|move|p1a: Tapu Fini|Taunt|p2a: Magearna\n|-start|p2a: Magearna|move: Taunt\n|cant|p2a: Magearna|move: Taunt|Trick Room\n|\n|-heal|p1a: Tapu Fini|15\/100|[from] item: Leftovers\n|-heal|p2a: Magearna|57\/100|[from] item: Leftovers\n|upkeep\n|turn|16\n|\n|t:|1657752078\n|switch|p1a: Mewtwo|Mewtwo|100\/100\n|-damage|p1a: Mewtwo|88\/100|[from] Stealth Rock\n|-ability|p1a: Mewtwo|Pressure\n|move|p2a: Magearna|Thunderbolt|p1a: Mewtwo\n|-damage|p1a: Mewtwo|54\/100\n|\n|-heal|p2a: Magearna|63\/100|[from] item: Leftovers\n|-fieldend|Misty Terrain\n|upkeep\n|turn|17\n|\n|t:|1657752088\n|switch|p2a: Boom.|Camerupt-Mega, F, shiny|100\/100\n|detailschange|p1a: Mewtwo|Mewtwo-Mega-Y\n|-mega|p1a: Mewtwo|Mewtwo|Mewtwonite Y\n|move|p1a: Mewtwo|Fire Blast|p2a: Boom.\n|-resisted|p2a: Boom.\n|-damage|p2a: Boom.|77\/100\n|\n|upkeep\n|turn|18\n|\n|t:|1657752095\n|move|p1a: Mewtwo|Psystrike|p2a: Boom.\n|-damage|p2a: Boom.|3\/100\n|move|p2a: Boom.|Flamethrower|p1a: Mewtwo\n|-damage|p1a: Mewtwo|0 fnt\n|faint|p1a: Mewtwo\n|\n|upkeep\n|\n|t:|1657752098\n|switch|p1a: Tapu Fini|Tapu Fini|15\/100\n|-damage|p1a: Tapu Fini|3\/100|[from] Stealth Rock\n|-fieldstart|move: Misty Terrain|[from] ability: Misty Surge|[of] p1a: Tapu Fini\n|turn|19\n|c|\u2606juandaechelon|gg\n|\n|t:|1657752106\n|move|p1a: Tapu Fini|Defog|p2a: Boom.\n|-unboost|p2a: Boom.|evasion|1\n|-sideend|p1: lou dort|Stealth Rock|[from] move: Defog|[of] p1a: Tapu Fini\n|move|p2a: Boom.|Flamethrower|p1a: Tapu Fini\n|-resisted|p1a: Tapu Fini\n|-damage|p1a: Tapu Fini|0 fnt\n|faint|p1a: Tapu Fini\n|\n|upkeep\n|\n|t:|1657752108\n|switch|p1a: Hawlucha|Hawlucha, F|100\/100\n|-enditem|p1a: Hawlucha|Misty Seed\n|-boost|p1a: Hawlucha|spd|1|[from] item: Misty Seed\n|turn|20\n|\n|t:|1657752115\n|move|p1a: Hawlucha|Swords Dance|p1a: Hawlucha\n|-boost|p1a: Hawlucha|atk|2\n|move|p2a: Boom.|Flamethrower|p1a: Hawlucha\n|-damage|p1a: Hawlucha|24\/100\n|\n|upkeep\n|turn|21\n|\n|t:|1657752120\n|move|p1a: Hawlucha|Acrobatics|p2a: Boom.\n|-damage|p2a: Boom.|0 fnt\n|faint|p2a: Boom.\n|\n|upkeep\n|\n|t:|1657752122\n|switch|p2a: Mimikiss|Mimikyu, F|100\/100\n|turn|22\n|\n|t:|1657752125\n|move|p1a: Hawlucha|Acrobatics|p2a: Mimikiss\n|-activate|p2a: Mimikiss|ability: Disguise\n|-damage|p2a: Mimikiss|100\/100\n|detailschange|p2a: Mimikiss|Mimikyu-Busted, F\n|move|p2a: Mimikiss|Trick Room|p2a: Mimikiss\n|-fieldstart|move: Trick Room|[of] p2a: Mimikiss\n|\n|upkeep\n|turn|23\n|c|\u2606lou dort|gg\n|l|\u2606lou dort\n|inactive|lou dort disconnected and has a minute to reconnect!\n|player|p1|\n|c|\u2606juandaechelon|ggez\n|j|%htcl (>\u25e1<)\n|j| dfghjnkm\n|c|\u2606juandaechelon|man run\n|inactive|lou dort has 30 seconds to reconnect!\n|c|\u2606juandaechelon|couln't stand the power of trick room\n|inactive|lou dort has 20 seconds to reconnect!\n|inactive|lou dort has 15 seconds to reconnect!\n|inactive|lou dort has 10 seconds to reconnect!\n|inactive|lou dort has 5 seconds to reconnect!\n|-message|lou dort lost due to inactivity.\n|\n|win|juandaechelon\n|n|\u2606juandaechelon|juandaechelon\n|n| Wakanuus|wakanuus\n|n| Korkskrew|korkskrew\n|n| htcl (>\u25e1<)|htcl\n|n| dfghjnkm|dfghjnkm\n","uploadtime":1657752207,"views":6,"p1id":"loudort","p2id":"juandaechelon","formatid":"gen7ou","rating":0,"private":0,"password":null}