{"id":"gen7ou-811124762","p1":"H4WT \u2605","p2":"Nathanie","format":"gen7ou","log":"|j|\u2606H4WT \u2605\n|j|\u2606Nathanie\n|player|p1|H4WT \u2605|165\n|player|p2|Nathanie|2\n|teamsize|p1|6\n|teamsize|p2|6\n|gametype|singles\n|gen|7\n|tier|[Gen 7] OU\n|rated|\n|rule|Sleep Clause Mod: Limit one foe put to sleep\n|rule|Species Clause: Limit one of each Pok\u00e9mon\n|rule|OHKO Clause: OHKO moves are banned\n|rule|Moody Clause: Moody is banned\n|rule|Evasion Moves Clause: Evasion moves are banned\n|rule|Endless Battle Clause: Forcing endless battles is banned\n|rule|HP Percentage Mod: HP is shown in percentages\n|clearpoke\n|poke|p1|Alakazam, F|item\n|poke|p1|Tangrowth, M|item\n|poke|p1|Toxapex, F|item\n|poke|p1|Jirachi|item\n|poke|p1|Landorus-Therian, M|item\n|poke|p1|Tapu Koko|item\n|poke|p2|Serperior, F|item\n|poke|p2|Charizard, F|item\n|poke|p2|Greninja, M|item\n|poke|p2|Landorus-Therian, M|item\n|poke|p2|Magearna|item\n|poke|p2|Tapu Lele|item\n|teampreview\n|c|\u2606Nathanie|i really wanna do cocaine\n|\n|start\n|switch|p1a: Landorus|Landorus-Therian, M|100\/100\n|switch|p2a: Dennis|Charizard, F|100\/100\n|-ability|p1a: Landorus|Intimidate|boost\n|-unboost|p2a: Dennis|atk|1\n|turn|1\n|\n|move|p1a: Landorus|U-turn|p2a: Dennis\n|-resisted|p2a: Dennis\n|-damage|p2a: Dennis|92\/100\n|\n|switch|p1a: Toxapex|Toxapex, F|100\/100\n|move|p2a: Dennis|Dragon Dance|p2a: Dennis\n|-boost|p2a: Dennis|atk|1\n|-boost|p2a: Dennis|spe|1\n|\n|upkeep\n|turn|2\n|\n|move|p2a: Dennis|Dragon Claw|p1a: Toxapex\n|-damage|p1a: Toxapex|82\/100\n|move|p1a: Toxapex|Haze|p1a: Toxapex\n|-clearallboost\n|\n|upkeep\n|turn|3\n|\n|detailschange|p2a: Dennis|Charizard-Mega-X, F\n|-mega|p2a: Dennis|Charizard|Charizardite X\n|move|p2a: Dennis|Dragon Claw|p1a: Toxapex\n|-crit|p1a: Toxapex\n|-damage|p1a: Toxapex|12\/100\n|move|p1a: Toxapex|Toxic Spikes|p2a: Dennis\n|-sidestart|p2: Nathanie|move: Toxic Spikes\n|\n|upkeep\n|turn|4\n|\n|switch|p1a: Landorus|Landorus-Therian, M|100\/100\n|-ability|p1a: Landorus|Intimidate|boost\n|-unboost|p2a: Dennis|atk|1\n|move|p2a: Dennis|Flare Blitz|p1a: Landorus\n|-damage|p1a: Landorus|41\/100\n|-damage|p2a: Dennis|69\/100|[from] Recoil\n|\n|upkeep\n|turn|5\n|\n|switch|p2a: Frank|Landorus-Therian, M|100\/100\n|-ability|p2a: Frank|Intimidate|boost\n|-unboost|p1a: Landorus|atk|1\n|move|p1a: Landorus|Earthquake|p2a: Frank\n|-immune|p2a: Frank|[msg]\n|\n|upkeep\n|turn|6\n|\n|switch|p1a: Tangrowth|Tangrowth, M|100\/100\n|move|p2a: Frank|Defog|p1a: Tangrowth\n|-unboost|p1a: Tangrowth|evasion|1\n|-sideend|p2: Nathanie|Toxic Spikes|[from] move: Defog|[of] p2a: Frank\n|\n|upkeep\n|turn|7\n|\n|move|p2a: Frank|U-turn|p1a: Tangrowth\n|-supereffective|p1a: Tangrowth\n|-damage|p1a: Tangrowth|76\/100\n|-damage|p2a: Frank|84\/100|[from] item: Rocky Helmet|[of] p1a: Tangrowth\n|\n|switch|p2a: The Waitress|Magearna|100\/100\n|move|p1a: Tangrowth|Sleep Powder|p2a: The Waitress\n|-status|p2a: The Waitress|slp\n|\n|upkeep\n|turn|8\n|\n|switch|p1a: Landorus|Landorus-Therian, M|41\/100\n|-ability|p1a: Landorus|Intimidate|boost\n|-unboost|p2a: The Waitress|atk|1\n|cant|p2a: The Waitress|slp\n|\n|upkeep\n|turn|9\n|\n|move|p1a: Landorus|U-turn|p2a: The Waitress\n|-resisted|p2a: The Waitress\n|-damage|p2a: The Waitress|95\/100 slp\n|\n|switch|p1a: Jirachi|Jirachi|100\/100\n|cant|p2a: The Waitress|slp\n|\n|upkeep\n|turn|10\n|\n|switch|p2a: Frank|Landorus-Therian, M|84\/100\n|-ability|p2a: Frank|Intimidate|boost\n|-unboost|p1a: Jirachi|atk|1\n|move|p1a: Jirachi|Stealth Rock|p2a: Frank\n|-sidestart|p2: Nathanie|move: Stealth Rock\n|\n|upkeep\n|turn|11\n|\n|switch|p1a: Tapu Koko|Tapu Koko|100\/100\n|-fieldstart|move: Electric Terrain|[from] ability: Electric Surge|[of] p1a: Tapu Koko\n|move|p2a: Frank|Defog|p1a: Tapu Koko\n|-unboost|p1a: Tapu Koko|evasion|1\n|-sideend|p2: Nathanie|Stealth Rock|[from] move: Defog|[of] p2a: Frank\n|\n|upkeep\n|turn|12\n|\n|-zpower|p1a: Tapu Koko\n|move|p1a: Tapu Koko|Twinkle Tackle|p2a: Frank|[zeffect]\n|-damage|p2a: Frank|16\/100\n|move|p2a: Frank|Earthquake|p1a: Tapu Koko\n|-supereffective|p1a: Tapu Koko\n|-damage|p1a: Tapu Koko|0 fnt\n|faint|p1a: Tapu Koko\n|\n|upkeep\n|\n|switch|p1a: Alakazam|Alakazam, F|100\/100\n|turn|13\n|\n|switch|p2a: The Waitress|Magearna|95\/100 slp\n|detailschange|p1a: Alakazam|Alakazam-Mega, F\n|-mega|p1a: Alakazam|Alakazam|Alakazite\n|-ability|p1a: Alakazam|Soul-Heart|[from] ability: Trace|[of] p2a: The Waitress\n|move|p1a: Alakazam|Focus Blast|p2a: The Waitress|[miss]\n|-miss|p1a: Alakazam|p2a: The Waitress\n|\n|upkeep\n|turn|14\n|\n|switch|p1a: Jirachi|Jirachi|100\/100\n|-curestatus|p2a: The Waitress|slp|[msg]\n|-zpower|p2a: The Waitress\n|move|p2a: The Waitress|Gigavolt Havoc|p1a: Jirachi|[zeffect]\n|-damage|p1a: Jirachi|41\/100\n|\n|-heal|p1a: Jirachi|47\/100|[from] item: Leftovers\n|upkeep\n|turn|15\n|\n|switch|p1a: Landorus|Landorus-Therian, M|41\/100\n|-ability|p1a: Landorus|Intimidate|boost\n|-unboost|p2a: The Waitress|atk|1\n|move|p2a: The Waitress|Thunderbolt|p1a: Landorus\n|-immune|p1a: Landorus|[msg]\n|\n|-fieldend|move: Electric Terrain\n|upkeep\n|turn|16\n|\n|switch|p2a: Frank|Landorus-Therian, M|16\/100\n|-ability|p2a: Frank|Intimidate|boost\n|-unboost|p1a: Landorus|atk|1\n|move|p1a: Landorus|U-turn|p2a: Frank\n|-resisted|p2a: Frank\n|-damage|p2a: Frank|10\/100\n|-damage|p1a: Landorus|25\/100|[from] item: Rocky Helmet|[of] p2a: Frank\n|\n|switch|p1a: Alakazam|Alakazam-Mega, F|100\/100\n|-ability|p1a: Alakazam|Intimidate|[from] ability: Trace|[of] p2a: Frank\n|-ability|p1a: Alakazam|Intimidate|boost\n|-unboost|p2a: Frank|atk|1\n|\n|upkeep\n|turn|17\n|\n|move|p1a: Alakazam|Psychic|p2a: Frank\n|-damage|p2a: Frank|0 fnt\n|faint|p2a: Frank\n|\n|upkeep\n|\n|switch|p2a: The Waitress|Magearna|95\/100\n|turn|18\n|\n|move|p1a: Alakazam|Calm Mind|p1a: Alakazam\n|-boost|p1a: Alakazam|spa|1\n|-boost|p1a: Alakazam|spd|1\n|move|p2a: The Waitress|Shift Gear|p2a: The Waitress\n|-boost|p2a: The Waitress|spe|2\n|-boost|p2a: The Waitress|atk|1\n|\n|upkeep\n|turn|19\n|j|\u203dBoulicrok >(\n|\n|move|p2a: The Waitress|Thunderbolt|p1a: Alakazam\n|-damage|p1a: Alakazam|73\/100\n|move|p1a: Alakazam|Calm Mind|p1a: Alakazam\n|-boost|p1a: Alakazam|spa|1\n|-boost|p1a: Alakazam|spd|1\n|\n|upkeep\n|turn|20\n|\n|move|p2a: The Waitress|Thunderbolt|p1a: Alakazam\n|-damage|p1a: Alakazam|52\/100\n|move|p1a: Alakazam|Focus Blast|p2a: The Waitress\n|-damage|p2a: The Waitress|0 fnt\n|faint|p2a: The Waitress\n|\n|upkeep\n|\n|switch|p2a: Sweet Dee|Tapu Lele|100\/100\n|-fieldstart|move: Psychic Terrain|[from] ability: Psychic Surge|[of] p2a: Sweet Dee\n|turn|21\n|\n|switch|p1a: Jirachi|Jirachi|47\/100\n|move|p2a: Sweet Dee|Moonblast|p1a: Jirachi\n|-resisted|p1a: Jirachi\n|-damage|p1a: Jirachi|32\/100\n|\n|-heal|p1a: Jirachi|38\/100|[from] item: Leftovers\n|upkeep\n|turn|22\n|\n|switch|p2a: Charlie|Serperior, F|100\/100\n|move|p1a: Jirachi|Stealth Rock|p2a: Charlie\n|-sidestart|p2: Nathanie|move: Stealth Rock\n|\n|-heal|p1a: Jirachi|44\/100|[from] item: Leftovers\n|upkeep\n|turn|23\n|\n|move|p2a: Charlie|Leech Seed|p1a: Jirachi\n|-start|p1a: Jirachi|move: Leech Seed\n|move|p1a: Jirachi|Iron Head|p2a: Charlie\n|-damage|p2a: Charlie|70\/100\n|\n|-heal|p2a: Charlie|76\/100|[from] item: Leftovers\n|-heal|p1a: Jirachi|51\/100|[from] item: Leftovers\n|-damage|p1a: Jirachi|38\/100|[from] Leech Seed|[of] p2a: Charlie\n|-heal|p2a: Charlie|92\/100|[silent]\n|upkeep\n|turn|24\n|\n|switch|p1a: Tangrowth|Tangrowth, M|100\/100\n|move|p2a: Charlie|Substitute|p2a: Charlie\n|-start|p2a: Charlie|Substitute\n|-damage|p2a: Charlie|67\/100\n|\n|-heal|p2a: Charlie|73\/100|[from] item: Leftovers\n|upkeep\n|turn|25\n|\n|move|p2a: Charlie|Leaf Storm|p1a: Tangrowth\n|-resisted|p1a: Tangrowth\n|-damage|p1a: Tangrowth|72\/100\n|-boost|p2a: Charlie|spa|2\n|move|p1a: Tangrowth|Hidden Power|p2a: Charlie\n|-supereffective|p2a: Charlie\n|-end|p2a: Charlie|Substitute\n|\n|-heal|p2a: Charlie|79\/100|[from] item: Leftovers\n|-fieldend|move: Psychic Terrain\n|upkeep\n|turn|26\n|\n|move|p2a: Charlie|Hidden Power|p1a: Tangrowth\n|-supereffective|p1a: Tangrowth\n|-damage|p1a: Tangrowth|7\/100\n|move|p1a: Tangrowth|Hidden Power|p2a: Charlie\n|-supereffective|p2a: Charlie\n|-damage|p2a: Charlie|45\/100\n|\n|-heal|p2a: Charlie|51\/100|[from] item: Leftovers\n|upkeep\n|turn|27\n|\n|move|p2a: Charlie|Leaf Storm|p1a: Tangrowth\n|-resisted|p1a: Tangrowth\n|-damage|p1a: Tangrowth|0 fnt\n|-boost|p2a: Charlie|spa|2\n|faint|p1a: Tangrowth\n|\n|-heal|p2a: Charlie|57\/100|[from] item: Leftovers\n|upkeep\n|\n|switch|p1a: Landorus|Landorus-Therian, M|25\/100\n|-ability|p1a: Landorus|Intimidate|boost\n|-boost|p2a: Charlie|atk|1\n|turn|28\n|\n|move|p1a: Landorus|U-turn|p2a: Charlie\n|-supereffective|p2a: Charlie\n|-damage|p2a: Charlie|6\/100\n|\n|switch|p1a: Toxapex|Toxapex, F|45\/100\n|move|p2a: Charlie|Leaf Storm|p1a: Toxapex\n|-damage|p1a: Toxapex|0 fnt\n|-boost|p2a: Charlie|spa|2\n|faint|p1a: Toxapex\n|\n|-heal|p2a: Charlie|12\/100|[from] item: Leftovers\n|upkeep\n|\n|switch|p1a: Alakazam|Alakazam-Mega, F|52\/100\n|-ability|p1a: Alakazam|Contrary|[from] ability: Trace|[of] p2a: Charlie\n|turn|29\n|c|\u2606Nathanie|252hp worth it\n|\n|switch|p2a: Mac|Greninja, M|100\/100\n|-damage|p2a: Mac|88\/100|[from] Stealth Rock\n|move|p1a: Alakazam|Psychic|p2a: Mac\n|-immune|p2a: Mac|[msg]\n|\n|upkeep\n|turn|30\n|\n|move|p1a: Alakazam|Focus Blast|p2a: Mac\n|-supereffective|p2a: Mac\n|-damage|p2a: Mac|0 fnt\n|faint|p2a: Mac\n|\n|upkeep\n|\n|switch|p2a: Sweet Dee|Tapu Lele|100\/100\n|-damage|p2a: Sweet Dee|88\/100|[from] Stealth Rock\n|-fieldstart|move: Psychic Terrain|[from] ability: Psychic Surge|[of] p2a: Sweet Dee\n|turn|31\n|\n|switch|p1a: Jirachi|Jirachi|38\/100\n|move|p2a: Sweet Dee|Psychic|p1a: Jirachi\n|-resisted|p1a: Jirachi\n|-damage|p1a: Jirachi|28\/100\n|\n|-heal|p1a: Jirachi|34\/100|[from] item: Leftovers\n|upkeep\n|turn|32\n|\n|switch|p2a: Charlie|Serperior, F|12\/100\n|-damage|p2a: Charlie|0 fnt|[from] Stealth Rock\n|faint|p2a: Charlie\n|switch|p1a: Landorus|Landorus-Therian, M|25\/100\n|\n|upkeep\n|\n|switch|p2a: Sweet Dee|Tapu Lele|88\/100\n|-damage|p2a: Sweet Dee|76\/100|[from] Stealth Rock\n|turn|33\n|\n|move|p2a: Sweet Dee|Psyshock|p1a: Landorus\n|-damage|p1a: Landorus|0 fnt\n|faint|p1a: Landorus\n|\n|upkeep\n|\n|switch|p1a: Jirachi|Jirachi|34\/100\n|turn|34\n|\n|switch|p2a: Dennis|Charizard-Mega-X, F|69\/100\n|-damage|p2a: Dennis|44\/100|[from] Stealth Rock\n|move|p1a: Jirachi|Wish|p1a: Jirachi\n|\n|-heal|p1a: Jirachi|40\/100|[from] item: Leftovers\n|upkeep\n|turn|35\n|\n|move|p2a: Dennis|Roost|p2a: Dennis\n|-heal|p2a: Dennis|94\/100\n|move|p1a: Jirachi|Iron Head|p2a: Dennis\n|-resisted|p2a: Dennis\n|-damage|p2a: Dennis|79\/100\n|\n|-heal|p1a: Jirachi|90\/100|[from] move: Wish|[wisher] Jirachi\n|-heal|p1a: Jirachi|96\/100|[from] item: Leftovers\n|-fieldend|move: Psychic Terrain\n|upkeep\n|turn|36\n|c|\u2606H4WT \u2605|bg\n|-message|H4WT \u2605 forfeited.\n|\n|win|Nathanie\n|l|\u2606H4WT \u2605\n|raw|H4WT \u2605's rating: 1718 &rarr; <strong>1695<\/strong><br \/>(-23 for losing)\n|raw|Nathanie's rating: 1655 &rarr; <strong>1679<\/strong><br \/>(+24 for winning)\n|c|\u2606Nathanie|hahahahah\n|l|\u203dBoulicrok >(\n|c|\u2606Nathanie|eat itttt\n","uploadtime":1537923032,"views":49,"p1id":"h4wt","p2id":"nathanie","formatid":"gen7ou","rating":1679,"private":0,"password":null}