{"id":"gen7ou-995592166","p1":"Rail Zen","p2":"delchef","format":"gen7ou","log":"|j|\u2606Rail Zen\n|j|\u2606delchef\n|player|p1|Rail Zen|21|1399\n|player|p2|delchef|266|1396\n|teamsize|p1|6\n|teamsize|p2|6\n|gametype|singles\n|gen|7\n|tier|[Gen 7] OU\n|rated|\n|rule|Sleep Clause Mod: Limit one foe put to sleep\n|rule|Species Clause: Limit one of each Pok\u00e9mon\n|rule|OHKO Clause: OHKO moves are banned\n|rule|Moody Clause: Moody is banned\n|rule|Evasion Moves Clause: Evasion moves are banned\n|rule|Endless Battle Clause: Forcing endless battles is banned\n|rule|HP Percentage Mod: HP is shown in percentages\n|clearpoke\n|poke|p1|Tapu Lele|item\n|poke|p1|Lopunny, M|item\n|poke|p1|Magearna|item\n|poke|p1|Rotom-Wash|item\n|poke|p1|Garchomp, F|item\n|poke|p1|Ferrothorn, F|item\n|poke|p2|Sableye, F|item\n|poke|p2|Chansey, F|item\n|poke|p2|Pyukumuku, F|item\n|poke|p2|Skarmory, F|item\n|poke|p2|Dragonite, F|item\n|poke|p2|Registeel|item\n|teampreview\n|\n|start\n|switch|p1a: Garchomp|Garchomp, F|100\/100\n|switch|p2a: I'm sorry|Sableye, F|100\/100\n|turn|1\n|\n|switch|p1a: Tapu Lele|Tapu Lele|100\/100\n|-fieldstart|move: Psychic Terrain|[from] ability: Psychic Surge|[of] p1a: Tapu Lele\n|detailschange|p2a: I'm sorry|Sableye-Mega, F\n|-mega|p2a: I'm sorry|Sableye|Sablenite\n|move|p2a: I'm sorry|Will-O-Wisp|p1a: Tapu Lele\n|-status|p1a: Tapu Lele|brn\n|\n|-damage|p1a: Tapu Lele|94\/100 brn|[from] brn\n|upkeep\n|turn|2\n|\n|move|p2a: I'm sorry|Protect|p2a: I'm sorry\n|-singleturn|p2a: I'm sorry|Protect\n|move|p1a: Tapu Lele|Moonblast|p2a: I'm sorry\n|-activate|p2a: I'm sorry|move: Protect\n|\n|-damage|p1a: Tapu Lele|88\/100 brn|[from] brn\n|upkeep\n|turn|3\n|\n|switch|p1a: Lopunny|Lopunny, M|100\/100\n|switch|p2a: Fuck magnezone|Registeel|100\/100\n|\n|upkeep\n|turn|4\n|\n|detailschange|p1a: Lopunny|Lopunny-Mega, M\n|-mega|p1a: Lopunny|Lopunny|Lopunnite\n|move|p1a: Lopunny|Fake Out|p2a: Fuck magnezone\n|-activate|p2a: Fuck magnezone|move: Psychic Terrain\n|move|p2a: Fuck magnezone|Stealth Rock|p1a: Lopunny\n|-sidestart|p1: Rail Zen|move: Stealth Rock\n|\n|upkeep\n|turn|5\n|\n|move|p2a: Fuck magnezone|Protect|p2a: Fuck magnezone\n|-singleturn|p2a: Fuck magnezone|Protect\n|move|p1a: Lopunny|High Jump Kick|p2a: Fuck magnezone\n|-activate|p2a: Fuck magnezone|move: Protect\n|-damage|p1a: Lopunny|51\/100|[from] highjumpkick\n|\n|-fieldend|move: Psychic Terrain\n|upkeep\n|turn|6\n|\n|switch|p2a: Skeleton army|Skarmory, F|100\/100\n|move|p1a: Lopunny|High Jump Kick|p2a: Skeleton army|[miss]\n|-miss|p1a: Lopunny|p2a: Skeleton army\n|-damage|p1a: Lopunny|1\/100|[from] highjumpkick\n|\n|upkeep\n|turn|7\n|\n|switch|p2a: Hated thing|Chansey, F|100\/100\n|move|p1a: Lopunny|High Jump Kick|p2a: Hated thing\n|-supereffective|p2a: Hated thing\n|-damage|p2a: Hated thing|13\/100\n|\n|upkeep\n|turn|8\n|\n|switch|p2a: Skeleton army|Skarmory, F|100\/100\n|move|p1a: Lopunny|Frustration|p2a: Skeleton army\n|-resisted|p2a: Skeleton army\n|-damage|p2a: Skeleton army|83\/100\n|-damage|p1a: Lopunny|0 fnt|[from] item: Rocky Helmet|[of] p2a: Skeleton army\n|faint|p1a: Lopunny\n|\n|upkeep\n|\n|switch|p1a: Magearna|Magearna|100\/100\n|-damage|p1a: Magearna|95\/100|[from] Stealth Rock\n|turn|9\n|\n|switch|p2a: Fuck magnezone|Registeel|100\/100\n|move|p1a: Magearna|Thunderbolt|p2a: Fuck magnezone\n|-damage|p2a: Fuck magnezone|84\/100\n|\n|-heal|p2a: Fuck magnezone|90\/100|[from] item: Leftovers\n|upkeep\n|turn|10\n|\n|move|p1a: Magearna|Focus Blast|p2a: Fuck magnezone\n|-supereffective|p2a: Fuck magnezone\n|-damage|p2a: Fuck magnezone|46\/100\n|move|p2a: Fuck magnezone|Iron Head|p1a: Magearna\n|-damage|p1a: Magearna|74\/100\n|\n|-heal|p2a: Fuck magnezone|52\/100|[from] item: Leftovers\n|upkeep\n|turn|11\n|\n|switch|p2a: I'm sorry|Sableye-Mega, F|100\/100\n|-zpower|p1a: Magearna\n|move|p1a: Magearna|All-Out Pummeling|p2a: I'm sorry|[zeffect]\n|-immune|p2a: I'm sorry\n|\n|upkeep\n|turn|12\n|\n|switch|p2a: Fuck magnezone|Registeel|52\/100\n|move|p1a: Magearna|Ice Beam|p2a: Fuck magnezone\n|-resisted|p2a: Fuck magnezone\n|-damage|p2a: Fuck magnezone|44\/100\n|\n|-heal|p2a: Fuck magnezone|50\/100|[from] item: Leftovers\n|upkeep\n|turn|13\n|\n|move|p1a: Magearna|Thunderbolt|p2a: Fuck magnezone\n|-damage|p2a: Fuck magnezone|33\/100\n|move|p2a: Fuck magnezone|Rest|p2a: Fuck magnezone\n|-status|p2a: Fuck magnezone|slp|[from] move: Rest\n|-heal|p2a: Fuck magnezone|100\/100 slp|[silent]\n|\n|upkeep\n|turn|14\n|\n|switch|p1a: Garchomp|Garchomp, F|100\/100\n|-damage|p1a: Garchomp|94\/100|[from] Stealth Rock\n|switch|p2a: Hated thing|Chansey, F|13\/100\n|\n|upkeep\n|turn|15\n|\n|move|p1a: Garchomp|Stealth Rock|p2a: Hated thing\n|-sidestart|p2: delchef|move: Stealth Rock\n|move|p2a: Hated thing|Soft-Boiled|p2a: Hated thing\n|-heal|p2a: Hated thing|63\/100\n|\n|upkeep\n|turn|16\n|\n|move|p1a: Garchomp|Swords Dance|p1a: Garchomp\n|-boost|p1a: Garchomp|atk|2\n|move|p2a: Hated thing|Soft-Boiled|p2a: Hated thing\n|-heal|p2a: Hated thing|100\/100\n|\n|upkeep\n|turn|17\n|\n|move|p1a: Garchomp|Earthquake|p2a: Hated thing\n|-crit|p2a: Hated thing\n|-damage|p2a: Hated thing|0 fnt\n|-damage|p1a: Garchomp|85\/100|[from] item: Life Orb\n|faint|p2a: Hated thing\n|\n|upkeep\n|\n|switch|p2a: Skeleton army|Skarmory, F|83\/100\n|-damage|p2a: Skeleton army|71\/100|[from] Stealth Rock\n|turn|18\n|\n|move|p1a: Garchomp|Stone Edge|p2a: Skeleton army\n|-crit|p2a: Skeleton army\n|-damage|p2a: Skeleton army|0 fnt\n|-damage|p1a: Garchomp|75\/100|[from] item: Life Orb\n|faint|p2a: Skeleton army\n|\n|upkeep\n|\n|switch|p2a: Little trick|Dragonite, F|100\/100\n|-damage|p2a: Little trick|76\/100|[from] Stealth Rock\n|turn|19\n|\n|move|p1a: Garchomp|Stone Edge|p2a: Little trick|[miss]\n|-miss|p1a: Garchomp|p2a: Little trick\n|move|p2a: Little trick|Ice Beam|p1a: Garchomp\n|-supereffective|p1a: Garchomp\n|-crit|p1a: Garchomp\n|-damage|p1a: Garchomp|0 fnt\n|faint|p1a: Garchomp\n|\n|upkeep\n|\n|switch|p1a: Magearna|Magearna|74\/100\n|-damage|p1a: Magearna|68\/100|[from] Stealth Rock\n|turn|20\n|\n|move|p1a: Magearna|Ice Beam|p2a: Little trick\n|-supereffective|p2a: Little trick\n|-damage|p2a: Little trick|0 fnt\n|faint|p2a: Little trick\n|-ability|p1a: Magearna|Soul-Heart|boost\n|-boost|p1a: Magearna|spa|1\n|\n|upkeep\n|-message|delchef forfeited.\n|\n|win|Rail Zen\n|l|\u2606delchef\n","uploadtime":1571581108,"views":13,"p1id":"railzen","p2id":"delchef","formatid":"gen7ou","rating":0,"private":0,"password":null}