{"id":"gen71v1-1217433363","p1":"KawaiiiiPotato\u273f","p2":"Foolish Players","format":"gen71v1","log":"|j|\u2606KawaiiiiPotato\u273f\n|j|\u2606Foolish Players\n|t:|1604613560\n|player|p1|KawaiiiiPotato\u273f|evelyn|1259\n|player|p2|Foolish Players|swimmer-gen1rb|1245\n|teamsize|p1|3\n|teamsize|p2|3\n|gametype|singles\n|gen|7\n|tier|[Gen 7] 1v1\n|rated|\n|rule|Species Clause: Limit one of each Pok\u00e9mon\n|rule|OHKO Clause: OHKO moves are banned\n|rule|Swagger Clause: Swagger is banned\n|rule|Evasion Moves Clause: Evasion moves are banned\n|rule|Accuracy Moves Clause: Accuracy-lowering moves are banned\n|clearpoke\n|poke|p1|Metagross|item\n|poke|p1|Muk-Alola, F|item\n|poke|p1|Gardevoir, M|item\n|poke|p2|Pheromosa|item\n|poke|p2|Type: Null|item\n|poke|p2|Tapu Lele|item\n|rule|HP Percentage Mod: HP is shown in percentages\n|rule|Endless Battle Clause: Forcing endless battles is banned\n|teampreview|1\n|\n|t:|1604613574\n|start\n|switch|p1a: Muk|Muk-Alola, F|100\/100\n|switch|p2a: Type: Null|Type: Null|100\/100\n|turn|1\n|\n|t:|1604613578\n|move|p2a: Type: Null|Iron Defense|p2a: Type: Null\n|-boost|p2a: Type: Null|def|2\n|move|p1a: Muk|Taunt|p2a: Type: Null\n|-start|p2a: Type: Null|move: Taunt\n|\n|upkeep\n|turn|2\n|j| EmanMcGee\n|\n|t:|1604613582\n|move|p2a: Type: Null|Return|p1a: Muk\n|-damage|p1a: Muk|71\/100\n|move|p1a: Muk|Acid Spray|p2a: Type: Null\n|-damage|p2a: Type: Null|95\/100\n|-unboost|p2a: Type: Null|spd|2\n|\n|upkeep\n|turn|3\n|\n|t:|1604613586\n|move|p2a: Type: Null|Return|p1a: Muk\n|-damage|p1a: Muk|42\/100\n|-enditem|p1a: Muk|Wiki Berry|[eat]\n|-heal|p1a: Muk|92\/100|[from] item: Wiki Berry\n|move|p1a: Muk|Acid Spray|p2a: Type: Null\n|-damage|p2a: Type: Null|86\/100\n|-unboost|p2a: Type: Null|spd|2\n|\n|upkeep\n|turn|4\n|\n|t:|1604613589\n|move|p2a: Type: Null|Return|p1a: Muk\n|-damage|p1a: Muk|63\/100\n|move|p1a: Muk|Acid Spray|p2a: Type: Null\n|-damage|p2a: Type: Null|71\/100\n|-unboost|p2a: Type: Null|spd|2\n|\n|-end|p2a: Type: Null|move: Taunt\n|upkeep\n|turn|5\n|\n|t:|1604613593\n|move|p2a: Type: Null|Return|p1a: Muk\n|-damage|p1a: Muk|36\/100\n|move|p1a: Muk|Taunt|p2a: Type: Null\n|-start|p2a: Type: Null|move: Taunt\n|\n|upkeep\n|turn|6\n|\n|t:|1604613596\n|move|p2a: Type: Null|Return|p1a: Muk\n|-damage|p1a: Muk|10\/100\n|move|p1a: Muk|Recycle|p1a: Muk\n|-item|p1a: Muk|Wiki Berry|[from] move: Recycle\n|-enditem|p1a: Muk|Wiki Berry|[eat]\n|-heal|p1a: Muk|60\/100|[from] item: Wiki Berry\n|\n|upkeep\n|turn|7\n|\n|t:|1604613599\n|move|p2a: Type: Null|Return|p1a: Muk\n|-crit|p1a: Muk\n|-damage|p1a: Muk|14\/100\n|move|p1a: Muk|Recycle|p1a: Muk\n|-item|p1a: Muk|Wiki Berry|[from] move: Recycle\n|-enditem|p1a: Muk|Wiki Berry|[eat]\n|-heal|p1a: Muk|64\/100|[from] item: Wiki Berry\n|\n|upkeep\n|turn|8\n|\n|t:|1604613602\n|move|p2a: Type: Null|Return|p1a: Muk\n|-damage|p1a: Muk|37\/100\n|move|p1a: Muk|Recycle|p1a: Muk\n|-item|p1a: Muk|Wiki Berry|[from] move: Recycle\n|-enditem|p1a: Muk|Wiki Berry|[eat]\n|-heal|p1a: Muk|87\/100|[from] item: Wiki Berry\n|\n|-end|p2a: Type: Null|move: Taunt\n|upkeep\n|turn|9\n|\n|t:|1604613606\n|move|p2a: Type: Null|Confide|p1a: Muk\n|-unboost|p1a: Muk|spa|1\n|move|p1a: Muk|Taunt|p2a: Type: Null\n|-start|p2a: Type: Null|move: Taunt\n|\n|upkeep\n|turn|10\n|\n|t:|1604613609\n|move|p2a: Type: Null|Return|p1a: Muk\n|-damage|p1a: Muk|58\/100\n|move|p1a: Muk|Acid Spray|p2a: Type: Null\n|-damage|p2a: Type: Null|58\/100\n|\n|upkeep\n|turn|11\n|\n|t:|1604613611\n|move|p2a: Type: Null|Return|p1a: Muk\n|-damage|p1a: Muk|28\/100\n|move|p1a: Muk|Acid Spray|p2a: Type: Null\n|-damage|p2a: Type: Null|45\/100\n|\n|upkeep\n|turn|12\n|\n|t:|1604613613\n|move|p2a: Type: Null|Return|p1a: Muk\n|-damage|p1a: Muk|2\/100\n|move|p1a: Muk|Recycle|p1a: Muk\n|-item|p1a: Muk|Wiki Berry|[from] move: Recycle\n|-enditem|p1a: Muk|Wiki Berry|[eat]\n|-heal|p1a: Muk|52\/100|[from] item: Wiki Berry\n|\n|-end|p2a: Type: Null|move: Taunt\n|upkeep\n|turn|13\n|\n|t:|1604613620\n|move|p2a: Type: Null|Confide|p1a: Muk\n|-unboost|p1a: Muk|spa|1\n|move|p1a: Muk|Acid Spray|p2a: Type: Null\n|-damage|p2a: Type: Null|35\/100\n|\n|upkeep\n|turn|14\n|\n|t:|1604613627\n|move|p2a: Type: Null|Return|p1a: Muk\n|-damage|p1a: Muk|26\/100\n|move|p1a: Muk|Taunt|p2a: Type: Null\n|-start|p2a: Type: Null|move: Taunt\n|\n|upkeep\n|turn|15\n|\n|t:|1604613630\n|move|p2a: Type: Null|Return|p1a: Muk\n|-damage|p1a: Muk|0 fnt\n|faint|p1a: Muk\n|\n|win|Foolish Players\n|l|\u2606KawaiiiiPotato\u273f\n","uploadtime":1604613636,"views":12,"p1id":"kawaiiiipotato","p2id":"foolishplayers","formatid":"gen71v1","rating":0,"private":0,"password":null}