{"id":"gen7ou-1652362971","p1":"Mayonaisnd","p2":"chansey and lulu","format":"gen7ou","log":"|j|\u2606Mayonaisnd\n|j|\u2606chansey and lulu\n|t:|1661911539\n|gametype|singles\n|player|p1|Mayonaisnd|cynthia-gen4|1099\n|player|p2|chansey and lulu|hooligans|1224\n|teamsize|p1|6\n|teamsize|p2|6\n|gen|7\n|tier|[Gen 7] OU\n|rated|\n|rule|Sleep Clause Mod: Limit one foe put to sleep\n|rule|Species Clause: Limit one of each Pok\u00e9mon\n|rule|OHKO Clause: OHKO moves are banned\n|rule|Moody Clause: Moody is banned\n|rule|Evasion Items Clause: Evasion items are banned\n|rule|Evasion Moves Clause: Evasion moves are banned\n|rule|Endless Battle Clause: Forcing endless battles is banned\n|rule|HP Percentage Mod: HP is shown in percentages\n|clearpoke\n|poke|p1|Serperior, M|item\n|poke|p1|Tapu Fini|item\n|poke|p1|Scizor, F|item\n|poke|p1|Heatran, F|item\n|poke|p1|Landorus-Therian, M|item\n|poke|p1|Kyurem-Black|item\n|poke|p2|Magearna|item\n|poke|p2|Camerupt, M|item\n|poke|p2|Rampardos, F|item\n|poke|p2|Cresselia, F|item\n|poke|p2|Crawdaunt, M|item\n|poke|p2|Stakataka|item\n|teampreview\n|\n|t:|1661911557\n|start\n|switch|p1a: Tapu Fini|Tapu Fini|100\/100\n|switch|p2a: Magearna|Magearna|100\/100\n|-fieldstart|move: Misty Terrain|[from] ability: Misty Surge|[of] p1a: Tapu Fini\n|turn|1\n|\n|t:|1661911567\n|switch|p1a: Heatran|Heatran, F|100\/100\n|move|p2a: Magearna|Thunderbolt|p1a: Heatran\n|-damage|p1a: Heatran|80\/100\n|\n|-heal|p1a: Heatran|86\/100|[from] item: Leftovers\n|upkeep\n|turn|2\n|\n|t:|1661911584\n|switch|p2a: Knocked|Crawdaunt, M, shiny|100\/100\n|move|p1a: Heatran|Magma Storm|p2a: Knocked|[miss]\n|-miss|p1a: Heatran|p2a: Knocked\n|\n|-heal|p1a: Heatran|92\/100|[from] item: Leftovers\n|upkeep\n|turn|3\n|\n|t:|1661911598\n|switch|p1a: Tapu Fini|Tapu Fini|100\/100\n|move|p2a: Knocked|Knock Off|p1a: Tapu Fini\n|-resisted|p1a: Tapu Fini\n|-damage|p1a: Tapu Fini|59\/100\n|-enditem|p1a: Tapu Fini|Leftovers|[from] move: Knock Off|[of] p2a: Knocked\n|-damage|p2a: Knocked|90\/100|[from] item: Life Orb\n|\n|upkeep\n|turn|4\n|\n|t:|1661911607\n|switch|p2a: Magearna|Magearna|100\/100\n|move|p1a: Tapu Fini|Moonblast|p2a: Magearna\n|-resisted|p2a: Magearna\n|-damage|p2a: Magearna|87\/100\n|\n|upkeep\n|turn|5\n|\n|t:|1661911620\n|switch|p1a: Heatran|Heatran, F|92\/100\n|move|p2a: Magearna|Trick Room|p2a: Magearna\n|-fieldstart|move: Trick Room|[of] p2a: Magearna\n|\n|-heal|p1a: Heatran|98\/100|[from] item: Leftovers\n|-fieldend|Misty Terrain\n|upkeep\n|turn|6\n|\n|t:|1661911627\n|switch|p2a: Camerupt|Camerupt, M|100\/100\n|move|p1a: Heatran|Stealth Rock|p2a: Camerupt\n|-sidestart|p2: chansey and lulu|move: Stealth Rock\n|\n|-heal|p1a: Heatran|100\/100|[from] item: Leftovers\n|upkeep\n|turn|7\n|\n|t:|1661911634\n|switch|p1a: Landorus|Landorus-Therian, M|100\/100\n|-ability|p1a: Landorus|Intimidate|boost\n|-unboost|p2a: Camerupt|atk|1\n|detailschange|p2a: Camerupt|Camerupt-Mega, M\n|-mega|p2a: Camerupt|Camerupt|Cameruptite\n|move|p2a: Camerupt|Fire Blast|p1a: Landorus\n|-damage|p1a: Landorus|0 fnt\n|faint|p1a: Landorus\n|\n|upkeep\n|\n|t:|1661911639\n|switch|p1a: Tapu Fini|Tapu Fini|59\/100\n|-fieldstart|move: Misty Terrain|[from] ability: Misty Surge|[of] p1a: Tapu Fini\n|turn|8\n|\n|t:|1661911650\n|switch|p2a: Magearna|Magearna|87\/100\n|-damage|p2a: Magearna|81\/100|[from] Stealth Rock\n|move|p1a: Tapu Fini|Surf|p2a: Magearna\n|-damage|p2a: Magearna|56\/100\n|\n|upkeep\n|turn|9\n|\n|t:|1661911663\n|switch|p1a: Scizor|Scizor, F|100\/100\n|move|p2a: Magearna|Thunderbolt|p1a: Scizor\n|-damage|p1a: Scizor|67\/100\n|\n|-fieldend|move: Trick Room\n|upkeep\n|turn|10\n|\n|t:|1661911670\n|detailschange|p1a: Scizor|Scizor-Mega, F\n|-mega|p1a: Scizor|Scizor|Scizorite\n|move|p1a: Scizor|Bullet Punch|p2a: Magearna\n|-damage|p2a: Magearna|30\/100\n|move|p2a: Magearna|Trick Room|p2a: Magearna\n|-fieldstart|move: Trick Room|[of] p2a: Magearna\n|\n|upkeep\n|turn|11\n|\n|t:|1661911689\n|switch|p2a: Camerupt|Camerupt-Mega, M|100\/100\n|-damage|p2a: Camerupt|88\/100|[from] Stealth Rock\n|move|p1a: Scizor|Bullet Punch|p2a: Camerupt\n|-resisted|p2a: Camerupt\n|-damage|p2a: Camerupt|74\/100\n|\n|upkeep\n|turn|12\n|\n|t:|1661911696\n|switch|p1a: Heatran|Heatran, F|100\/100\n|move|p2a: Camerupt|Earth Power|p1a: Heatran\n|-supereffective|p1a: Heatran\n|-damage|p1a: Heatran|0 fnt\n|faint|p1a: Heatran\n|\n|-fieldend|Misty Terrain\n|upkeep\n|-message|Mayonaisnd forfeited.\n|\n|win|chansey and lulu\n|raw|Mayonaisnd's rating: 1099 &rarr; <strong>1083<\/strong><br \/>(-16 for losing)\n|raw|chansey and lulu's rating: 1224 &rarr; <strong>1240<\/strong><br \/>(+16 for winning)\n|l|\u2606Mayonaisnd\n||Ladder isn't responding, score probably updated but might not have (Request timeout).\n","uploadtime":1661911733,"views":19,"p1id":"mayonaisnd","p2id":"chanseyandlulu","formatid":"gen7ou","rating":1083,"private":0,"password":null}