{"id":"gen7ou-1659036072","p1":"Alu9204","p2":"theyjjj","format":"gen7ou","log":"|j|\u2606Alu9204\n|j|\u2606theyjjj\n|t:|1662631135\n|gametype|singles\n|player|p1|Alu9204|burglar|1538\n|player|p2|theyjjj|265|1533\n|teamsize|p1|6\n|teamsize|p2|6\n|gen|7\n|tier|[Gen 7] OU\n|rated|\n|rule|Sleep Clause Mod: Limit one foe put to sleep\n|rule|Species Clause: Limit one of each Pok\u00e9mon\n|rule|OHKO Clause: OHKO moves are banned\n|rule|Moody Clause: Moody is banned\n|rule|Evasion Items Clause: Evasion items are banned\n|rule|Evasion Moves Clause: Evasion moves are banned\n|rule|Endless Battle Clause: Forcing endless battles is banned\n|rule|HP Percentage Mod: HP is shown in percentages\n|clearpoke\n|poke|p1|Lopunny, F|item\n|poke|p1|Tapu Koko|item\n|poke|p1|Kyurem-Black|item\n|poke|p1|Magearna|item\n|poke|p1|Landorus-Therian, M|item\n|poke|p1|Rotom-Wash|item\n|poke|p2|Altaria, F|item\n|poke|p2|Gliscor, M|item\n|poke|p2|Ditto|item\n|poke|p2|Toxapex, M|item\n|poke|p2|Jirachi|item\n|poke|p2|Thundurus, M|item\n|teampreview\n|j| twtwe2351d\n|inactive|Battle timer is ON: inactive players will automatically lose when time's up. (requested by Alu9204)\n|\n|t:|1662631159\n|start\n|switch|p1a: Rotom|Rotom-Wash|100\/100\n|switch|p2a: Jirachi|Jirachi|100\/100\n|turn|1\n|\n|t:|1662631169\n|switch|p2a: Altaria|Altaria, F|100\/100\n|move|p1a: Rotom|Will-O-Wisp|p2a: Altaria\n|-status|p2a: Altaria|brn\n|\n|-damage|p2a: Altaria|94\/100 brn|[from] brn\n|upkeep\n|turn|2\n|\n|t:|1662631176\n|move|p1a: Rotom|Volt Switch|p2a: Altaria\n|-damage|p2a: Altaria|71\/100 brn\n|\n|t:|1662631186\n|switch|p1a: Magearna|Magearna|100\/100|[from]move: Volt Switch\n|move|p2a: Altaria|Body Slam|p1a: Magearna\n|-resisted|p1a: Magearna\n|-damage|p1a: Magearna|98\/100\n|\n|-damage|p2a: Altaria|65\/100 brn|[from] brn\n|upkeep\n|turn|3\n|\n|t:|1662631197\n|-curestatus|p2a: Altaria|brn|[from] ability: Natural Cure\n|switch|p2a: Jirachi|Jirachi|100\/100\n|move|p1a: Magearna|Iron Head|p2a: Jirachi\n|-resisted|p2a: Jirachi\n|-damage|p2a: Jirachi|89\/100\n|\n|-heal|p2a: Jirachi|95\/100|[from] item: Leftovers\n|upkeep\n|turn|4\n|\n|t:|1662631206\n|move|p2a: Jirachi|Wish|p2a: Jirachi\n|move|p1a: Magearna|Volt Switch|p2a: Jirachi\n|-damage|p2a: Jirachi|82\/100\n|\n|t:|1662631217\n|switch|p1a: Landorus|Landorus-Therian, M|100\/100|[from]move: Volt Switch\n|-ability|p1a: Landorus|Intimidate|boost\n|-unboost|p2a: Jirachi|atk|1\n|\n|-heal|p2a: Jirachi|88\/100|[from] item: Leftovers\n|upkeep\n|turn|5\n|j|+Dragonillis\n|j| Serendipitying\n|\n|t:|1662631226\n|switch|p2a: Gliscor|Gliscor, M|100\/100\n|move|p1a: Landorus|Stealth Rock|p2a: Gliscor\n|-sidestart|p2: theyjjj|move: Stealth Rock\n|\n|-status|p2a: Gliscor|tox|[from] item: Toxic Orb\n|upkeep\n|turn|6\n|\n|t:|1662631233\n|move|p2a: Gliscor|Stealth Rock|p1a: Landorus\n|-sidestart|p1: Alu9204|move: Stealth Rock\n|move|p1a: Landorus|U-turn|p2a: Gliscor\n|-resisted|p2a: Gliscor\n|-damage|p2a: Gliscor|93\/100 tox\n|\n|t:|1662631238\n|switch|p1a: Kyurem|Kyurem-Black|100\/100|[from]move: U-turn\n|-damage|p1a: Kyurem|76\/100|[from] Stealth Rock\n|-ability|p1a: Kyurem|Teravolt\n|\n|-heal|p2a: Gliscor|100\/100 tox|[from] ability: Poison Heal\n|upkeep\n|turn|7\n|\n|t:|1662631243\n|switch|p2a: Jirachi|Jirachi|88\/100\n|-damage|p2a: Jirachi|82\/100|[from] Stealth Rock\n|move|p1a: Kyurem|Ice Beam|p2a: Jirachi\n|-resisted|p2a: Jirachi\n|-damage|p2a: Jirachi|71\/100\n|\n|-heal|p2a: Jirachi|77\/100|[from] item: Leftovers\n|upkeep\n|turn|8\n|\n|t:|1662631254\n|move|p2a: Jirachi|Protect|p2a: Jirachi\n|-singleturn|p2a: Jirachi|Protect\n|move|p1a: Kyurem|Earth Power|p2a: Jirachi\n|-activate|p2a: Jirachi|move: Protect\n|\n|-heal|p2a: Jirachi|83\/100|[from] item: Leftovers\n|upkeep\n|turn|9\n|\n|t:|1662631261\n|switch|p1a: Landorus|Landorus-Therian, M|100\/100\n|-damage|p1a: Landorus|88\/100|[from] Stealth Rock\n|-ability|p1a: Landorus|Intimidate|boost\n|-unboost|p2a: Jirachi|atk|1\n|move|p2a: Jirachi|Iron Head|p1a: Landorus\n|-damage|p1a: Landorus|75\/100\n|\n|-heal|p2a: Jirachi|90\/100|[from] item: Leftovers\n|upkeep\n|turn|10\n|\n|t:|1662631271\n|move|p2a: Jirachi|Protect|p2a: Jirachi\n|-singleturn|p2a: Jirachi|Protect\n|move|p1a: Landorus|U-turn|p2a: Jirachi\n|-activate|p2a: Jirachi|move: Protect\n|\n|-heal|p2a: Jirachi|96\/100|[from] item: Leftovers\n|upkeep\n|turn|11\n|\n|t:|1662631276\n|switch|p2a: Gliscor|Gliscor, M|100\/100 tox\n|-damage|p2a: Gliscor|88\/100 tox|[from] Stealth Rock\n|move|p1a: Landorus|Earthquake|p2a: Gliscor\n|-immune|p2a: Gliscor\n|\n|-heal|p2a: Gliscor|100\/100 tox|[from] ability: Poison Heal\n|upkeep\n|turn|12\n|\n|t:|1662631279\n|move|p2a: Gliscor|Knock Off|p1a: Landorus\n|-crit|p1a: Landorus\n|-damage|p1a: Landorus|51\/100\n|-enditem|p1a: Landorus|Iapapa Berry|[from] move: Knock Off|[of] p2a: Gliscor\n|move|p1a: Landorus|U-turn|p2a: Gliscor\n|-resisted|p2a: Gliscor\n|-damage|p2a: Gliscor|93\/100 tox\n|\n|t:|1662631287\n|switch|p1a: Rotom|Rotom-Wash|100\/100|[from]move: U-turn\n|-damage|p1a: Rotom|88\/100|[from] Stealth Rock\n|\n|-heal|p2a: Gliscor|100\/100 tox|[from] ability: Poison Heal\n|upkeep\n|turn|13\n|\n|t:|1662631296\n|move|p2a: Gliscor|Knock Off|p1a: Rotom\n|-damage|p1a: Rotom|72\/100\n|-enditem|p1a: Rotom|Wiki Berry|[from] move: Knock Off|[of] p2a: Gliscor\n|move|p1a: Rotom|Hydro Pump|p2a: Gliscor\n|-supereffective|p2a: Gliscor\n|-crit|p2a: Gliscor\n|-damage|p2a: Gliscor|0 fnt\n|faint|p2a: Gliscor\n|\n|upkeep\n|\n|t:|1662631319\n|switch|p2a: Altaria|Altaria, F|65\/100\n|-damage|p2a: Altaria|40\/100|[from] Stealth Rock\n|turn|14\n|\n|t:|1662631333\n|switch|p1a: Magearna|Magearna|98\/100\n|-damage|p1a: Magearna|92\/100|[from] Stealth Rock\n|move|p2a: Altaria|Roost|p2a: Altaria\n|-heal|p2a: Altaria|90\/100\n|-singleturn|p2a: Altaria|move: Roost\n|\n|upkeep\n|turn|15\n|\n|t:|1662631345\n|detailschange|p2a: Altaria|Altaria-Mega, F\n|-mega|p2a: Altaria|Altaria|Altarianite\n|move|p2a: Altaria|Flamethrower|p1a: Magearna\n|-supereffective|p1a: Magearna\n|-damage|p1a: Magearna|74\/100\n|move|p1a: Magearna|Iron Head|p2a: Altaria\n|-supereffective|p2a: Altaria\n|-damage|p2a: Altaria|55\/100\n|\n|upkeep\n|turn|16\n|\n|t:|1662631356\n|switch|p2a: Jirachi|Jirachi|96\/100\n|-damage|p2a: Jirachi|90\/100|[from] Stealth Rock\n|move|p1a: Magearna|Iron Head|p2a: Jirachi\n|-resisted|p2a: Jirachi\n|-damage|p2a: Jirachi|79\/100\n|\n|-heal|p2a: Jirachi|85\/100|[from] item: Leftovers\n|upkeep\n|turn|17\n|\n|t:|1662631359\n|move|p2a: Jirachi|Wish|p2a: Jirachi\n|move|p1a: Magearna|Volt Switch|p2a: Jirachi\n|-damage|p2a: Jirachi|72\/100\n|\n|t:|1662631373\n|switch|p1a: Tapu Koko|Tapu Koko|100\/100|[from]move: Volt Switch\n|-damage|p1a: Tapu Koko|88\/100|[from] Stealth Rock\n|-fieldstart|move: Electric Terrain|[from] ability: Electric Surge|[of] p1a: Tapu Koko\n|\n|-heal|p2a: Jirachi|78\/100|[from] item: Leftovers\n|upkeep\n|turn|18\n|\n|t:|1662631378\n|move|p1a: Tapu Koko|Thunderbolt|p2a: Jirachi\n|-damage|p2a: Jirachi|30\/100\n|move|p2a: Jirachi|Iron Head|p1a: Tapu Koko\n|-damage|p1a: Tapu Koko|52\/100\n|\n|-heal|p2a: Jirachi|80\/100|[from] move: Wish|[wisher] Jirachi\n|-heal|p2a: Jirachi|86\/100|[from] item: Leftovers\n|upkeep\n|turn|19\n|\n|t:|1662631389\n|move|p2a: Jirachi|Protect|p2a: Jirachi\n|-singleturn|p2a: Jirachi|Protect\n|move|p1a: Tapu Koko|Thunderbolt|p2a: Jirachi\n|-activate|p2a: Jirachi|move: Protect\n|\n|-heal|p2a: Jirachi|92\/100|[from] item: Leftovers\n|upkeep\n|turn|20\n|\n|t:|1662631393\n|move|p1a: Tapu Koko|Thunderbolt|p2a: Jirachi\n|-damage|p2a: Jirachi|46\/100\n|move|p2a: Jirachi|Wish|p2a: Jirachi\n|\n|-heal|p2a: Jirachi|52\/100|[from] item: Leftovers\n|upkeep\n|turn|21\n|\n|t:|1662631408\n|switch|p1a: Landorus|Landorus-Therian, M|51\/100\n|-damage|p1a: Landorus|39\/100|[from] Stealth Rock\n|-ability|p1a: Landorus|Intimidate|boost\n|-unboost|p2a: Jirachi|atk|1\n|move|p2a: Jirachi|Iron Head|p1a: Landorus\n|-crit|p1a: Landorus\n|-damage|p1a: Landorus|9\/100\n|\n|-heal|p2a: Jirachi|100\/100|[from] move: Wish|[wisher] Jirachi\n|-fieldend|move: Electric Terrain\n|upkeep\n|turn|22\n|\n|t:|1662631424\n|switch|p2a: Thundurus|Thundurus, M|100\/100\n|-damage|p2a: Thundurus|76\/100|[from] Stealth Rock\n|move|p1a: Landorus|Earthquake|p2a: Thundurus\n|-immune|p2a: Thundurus\n|\n|upkeep\n|turn|23\n|\n|t:|1662631439\n|move|p2a: Thundurus|Fly||[still]\n|-prepare|p2a: Thundurus|Fly\n|move|p1a: Landorus|Hidden Power|p2a: Thundurus|[miss]\n|-miss|p1a: Landorus|p2a: Thundurus\n|\n|upkeep\n|turn|24\n|\n|t:|1662631447\n|switch|p1a: Rotom|Rotom-Wash|72\/100\n|-damage|p1a: Rotom|59\/100|[from] Stealth Rock\n|move|p2a: Thundurus|Fly|p1a: Rotom|[from]lockedmove\n|-resisted|p1a: Rotom\n|-damage|p1a: Rotom|42\/100\n|\n|upkeep\n|turn|25\n|\n|t:|1662631450\n|-zpower|p2a: Thundurus\n|move|p2a: Thundurus|Gigavolt Havoc|p1a: Rotom|[zeffect]\n|-crit|p1a: Rotom\n|-damage|p1a: Rotom|0 fnt\n|faint|p1a: Rotom\n|\n|upkeep\n|\n|t:|1662631460\n|switch|p1a: Kyurem|Kyurem-Black|76\/100\n|-damage|p1a: Kyurem|51\/100|[from] Stealth Rock\n|-ability|p1a: Kyurem|Teravolt\n|turn|26\n|\n|t:|1662631475\n|move|p2a: Thundurus|Superpower|p1a: Kyurem\n|-supereffective|p1a: Kyurem\n|-damage|p1a: Kyurem|0 fnt\n|-unboost|p2a: Thundurus|atk|1\n|-unboost|p2a: Thundurus|def|1\n|faint|p1a: Kyurem\n|\n|upkeep\n|\n|t:|1662631480\n|switch|p1a: Lopunny|Lopunny, F|100\/100\n|-damage|p1a: Lopunny|88\/100|[from] Stealth Rock\n|turn|27\n|\n|t:|1662631487\n|switch|p2a: Toxapex|Toxapex, M|100\/100\n|-damage|p2a: Toxapex|88\/100|[from] Stealth Rock\n|detailschange|p1a: Lopunny|Lopunny-Mega, F\n|-mega|p1a: Lopunny|Lopunny|Lopunnite\n|move|p1a: Lopunny|High Jump Kick|p2a: Toxapex\n|-resisted|p2a: Toxapex\n|-damage|p2a: Toxapex|61\/100\n|\n|-heal|p2a: Toxapex|68\/100|[from] item: Black Sludge\n|upkeep\n|turn|28\n|\n|t:|1662631492\n|switch|p1a: Magearna|Magearna|74\/100\n|-damage|p1a: Magearna|67\/100|[from] Stealth Rock\n|move|p2a: Toxapex|Scald|p1a: Magearna\n|-damage|p1a: Magearna|61\/100\n|\n|-heal|p2a: Toxapex|74\/100|[from] item: Black Sludge\n|upkeep\n|turn|29\n|\n|t:|1662631501\n|move|p1a: Magearna|Volt Switch|p2a: Toxapex\n|-supereffective|p2a: Toxapex\n|-damage|p2a: Toxapex|50\/100\n|\n|t:|1662631506\n|switch|p1a: Tapu Koko|Tapu Koko|52\/100|[from]move: Volt Switch\n|-damage|p1a: Tapu Koko|39\/100|[from] Stealth Rock\n|-fieldstart|move: Electric Terrain|[from] ability: Electric Surge|[of] p1a: Tapu Koko\n|move|p2a: Toxapex|Toxic|p1a: Tapu Koko\n|-status|p1a: Tapu Koko|tox\n|\n|-heal|p2a: Toxapex|56\/100|[from] item: Black Sludge\n|-damage|p1a: Tapu Koko|33\/100 tox|[from] psn\n|upkeep\n|turn|30\n|\n|t:|1662631520\n|switch|p2a: Thundurus|Thundurus, M|76\/100\n|-damage|p2a: Thundurus|51\/100|[from] Stealth Rock\n|move|p1a: Tapu Koko|Volt Switch|p2a: Thundurus\n|-damage|p2a: Thundurus|0 fnt\n|faint|p2a: Thundurus\n|\n|t:|1662631531\n|switch|p1a: Magearna|Magearna|61\/100|[from]move: Volt Switch\n|-damage|p1a: Magearna|55\/100|[from] Stealth Rock\n|\n|upkeep\n|\n|t:|1662631534\n|switch|p2a: Jirachi|Jirachi|100\/100\n|-damage|p2a: Jirachi|94\/100|[from] Stealth Rock\n|turn|31\n|\n|t:|1662631540\n|move|p2a: Jirachi|Iron Head|p1a: Magearna\n|-damage|p1a: Magearna|31\/100\n|cant|p1a: Magearna|flinch\n|\n|-heal|p2a: Jirachi|100\/100|[from] item: Leftovers\n|upkeep\n|turn|32\n|\n|t:|1662631544\n|move|p2a: Jirachi|Iron Head|p1a: Magearna\n|-damage|p1a: Magearna|9\/100\n|cant|p1a: Magearna|flinch\n|\n|upkeep\n|turn|33\n|\n|t:|1662631549\n|move|p2a: Jirachi|Iron Head|p1a: Magearna\n|-damage|p1a: Magearna|0 fnt\n|faint|p1a: Magearna\n|\n|-fieldend|move: Electric Terrain\n|upkeep\n|\n|t:|1662631553\n|switch|p1a: Lopunny|Lopunny-Mega, F|88\/100\n|-damage|p1a: Lopunny|82\/100|[from] Stealth Rock\n|turn|34\n|\n|t:|1662631556\n|move|p1a: Lopunny|Fake Out|p2a: Jirachi\n|-resisted|p2a: Jirachi\n|-damage|p2a: Jirachi|92\/100\n|cant|p2a: Jirachi|flinch\n|\n|-heal|p2a: Jirachi|99\/100|[from] item: Leftovers\n|upkeep\n|turn|35\n|\n|t:|1662631563\n|move|p1a: Lopunny|Frustration|p2a: Jirachi\n|-resisted|p2a: Jirachi\n|-damage|p2a: Jirachi|76\/100\n|move|p2a: Jirachi|Iron Head|p1a: Lopunny\n|-damage|p1a: Lopunny|48\/100\n|\n|-heal|p2a: Jirachi|82\/100|[from] item: Leftovers\n|upkeep\n|turn|36\n|\n|t:|1662631569\n|move|p2a: Jirachi|Protect|p2a: Jirachi\n|-singleturn|p2a: Jirachi|Protect\n|move|p1a: Lopunny|High Jump Kick|p2a: Jirachi\n|-activate|p2a: Jirachi|move: Protect\n|-damage|p1a: Lopunny|0 fnt|[from] highjumpkick\n|faint|p1a: Lopunny\n|\n|-heal|p2a: Jirachi|88\/100|[from] item: Leftovers\n|upkeep\n|-message|Alu9204 forfeited.\n|\n|win|theyjjj\n|raw|Alu9204's rating: 1538 &rarr; <strong>1518<\/strong><br \/>(-20 for losing)\n|raw|theyjjj's rating: 1533 &rarr; <strong>1553<\/strong><br \/>(+20 for winning)\n|l|\u2606Alu9204\n|l|\u2606theyjjj\n||Ladder isn't responding, score probably updated but might not have (Request timeout).\n|l| Serendipitying\n","uploadtime":1662631812,"views":3,"p1id":"alu9204","p2id":"theyjjj","formatid":"gen7ou","rating":1518,"private":0,"password":null}