{"id":"gen7ou-735681371","p1":"Olden Polynice","p2":"H4WT \u272f","format":"gen7ou","log":"|j|\u2606Olden Polynice\n|j|\u2606H4WT \u272f\n|player|p1|Olden Polynice|101\n|player|p2|H4WT \u272f|266\n|teamsize|p1|6\n|teamsize|p2|6\n|gametype|singles\n|gen|7\n|tier|[Gen 7] OU\n|rated|\n|rule|Sleep Clause Mod: Limit one foe put to sleep\n|rule|Species Clause: Limit one of each Pok\u00e9mon\n|rule|OHKO Clause: OHKO moves are banned\n|rule|Moody Clause: Moody is banned\n|rule|Evasion Moves Clause: Evasion moves are banned\n|rule|Endless Battle Clause: Forcing endless battles is banned\n|rule|HP Percentage Mod: HP is shown in percentages\n|clearpoke\n|poke|p1|Heatran, F|item\n|poke|p1|Kyurem-Black|item\n|poke|p1|Diggersby, M|item\n|poke|p1|Greninja, M|item\n|poke|p1|Tapu Fini|item\n|poke|p1|Cresselia, F|item\n|poke|p2|Kartana|item\n|poke|p2|Tyranitar, M|item\n|poke|p2|Tapu Koko|item\n|poke|p2|Heatran, M|item\n|poke|p2|Landorus-Therian, M|item\n|poke|p2|Amoonguss, M|item\n|teampreview\n|inactive|Battle timer is ON: inactive players will automatically lose when time's up. (requested by Olden Polynice)\n|\n|start\n|switch|p1a: Greninja|Greninja, M|100\/100\n|switch|p2a: Landorus|Landorus-Therian, M|100\/100\n|-ability|p2a: Landorus|Intimidate|boost\n|-unboost|p1a: Greninja|atk|1\n|turn|1\n|inactive|H4WT \u272f has 135 seconds left.\n|\n|switch|p2a: Amoonguss|Amoonguss, M|100\/100\n|move|p1a: Greninja|Spikes|p2a: Amoonguss\n|-start|p1a: Greninja|typechange|Ground|[from] Protean\n|-sidestart|p2: H4WT \u272f|Spikes\n|\n|upkeep\n|turn|2\n|\n|switch|p1a: Tapu Fini|Tapu Fini|100\/100\n|-fieldstart|move: Misty Terrain|[from] ability: Misty Surge|[of] p1a: Tapu Fini\n|move|p2a: Amoonguss|Giga Drain|p1a: Tapu Fini\n|-supereffective|p1a: Tapu Fini\n|-damage|p1a: Tapu Fini|67\/100\n|\n|-heal|p1a: Tapu Fini|73\/100|[from] item: Leftovers\n|upkeep\n|turn|3\n|\n|switch|p1a: Kyurem|Kyurem-Black|100\/100\n|-ability|p1a: Kyurem|Teravolt\n|move|p2a: Amoonguss|Sludge Bomb|p1a: Kyurem\n|-damage|p1a: Kyurem|74\/100\n|\n|upkeep\n|turn|4\n|inactive|Olden Polynice has 135 seconds left.\n|\n|switch|p2a: Tyranitar|Tyranitar, M|100\/100\n|-damage|p2a: Tyranitar|88\/100|[from] Spikes\n|-weather|Sandstorm|[from] ability: Sand Stream|[of] p2a: Tyranitar\n|move|p1a: Kyurem|Hone Claws|p1a: Kyurem\n|-boost|p1a: Kyurem|atk|1\n|-boost|p1a: Kyurem|accuracy|1\n|\n|-weather|Sandstorm|[upkeep]\n|-damage|p1a: Kyurem|68\/100|[from] Sandstorm\n|upkeep\n|turn|5\n|\n|-mega|p2a: Tyranitar|Tyranitar|Tyranitarite\n|detailschange|p2a: Tyranitar|Tyranitar-Mega, M\n|-zpower|p1a: Kyurem\n|move|p1a: Kyurem|Subzero Slammer|p2a: Tyranitar|[zeffect]\n|-damage|p2a: Tyranitar|0 fnt\n|faint|p2a: Tyranitar\n|\n|-weather|Sandstorm|[upkeep]\n|-damage|p1a: Kyurem|61\/100|[from] Sandstorm\n|upkeep\n|\n|switch|p2a: Kartana|Kartana|100\/100\n|-damage|p2a: Kartana|88\/100|[from] Spikes\n|turn|6\n|inactive|Olden Polynice has 135 seconds left.\n|\n|switch|p1a: Cresselia|Cresselia, F|100\/100\n|move|p2a: Kartana|Sacred Sword|p1a: Cresselia\n|-resisted|p1a: Cresselia\n|-crit|p1a: Cresselia\n|-damage|p1a: Cresselia|85\/100\n|\n|-weather|Sandstorm|[upkeep]\n|-damage|p1a: Cresselia|79\/100|[from] Sandstorm\n|-heal|p1a: Cresselia|85\/100|[from] item: Leftovers\n|-fieldend|Misty Terrain\n|upkeep\n|turn|7\n|\n|move|p2a: Kartana|Knock Off|p1a: Cresselia\n|-supereffective|p1a: Cresselia\n|-damage|p1a: Cresselia|42\/100\n|-enditem|p1a: Cresselia|Leftovers|[from] move: Knock Off|[of] p2a: Kartana\n|move|p1a: Cresselia|Thunder Wave|p2a: Kartana\n|-status|p2a: Kartana|par\n|\n|-weather|Sandstorm|[upkeep]\n|-damage|p1a: Cresselia|36\/100|[from] Sandstorm\n|upkeep\n|turn|8\n|inactive|Olden Polynice has 135 seconds left.\n|inactive|Olden Polynice has 120 seconds left.\n|\n|move|p1a: Cresselia|Lunar Dance|p1a: Cresselia\n|faint|p1a: Cresselia\n|cant|p2a: Kartana|par\n|\n|-weather|none\n|upkeep\n|\n|switch|p1a: Kyurem|Kyurem-Black|61\/100\n|-heal|p1a: Kyurem|100\/100|[from] move: Lunar Dance\n|-ability|p1a: Kyurem|Teravolt\n|turn|9\n|\n|switch|p2a: Heatran|Heatran, M|100\/100\n|-damage|p2a: Heatran|88\/100|[from] Spikes\n|move|p1a: Kyurem|Ice Beam|p2a: Heatran\n|-resisted|p2a: Heatran\n|-damage|p2a: Heatran|81\/100\n|\n|-heal|p2a: Heatran|87\/100|[from] item: Leftovers\n|upkeep\n|turn|10\n|\n|move|p1a: Kyurem|Fusion Bolt|p2a: Heatran\n|-damage|p2a: Heatran|50\/100\n|move|p2a: Heatran|Magma Storm|p1a: Kyurem\n|-damage|p1a: Kyurem|52\/100\n|-activate|p1a: Kyurem|move: Magma Storm|[of] p2a: Heatran\n|\n|-heal|p2a: Heatran|56\/100|[from] item: Leftovers\n|-damage|p1a: Kyurem|40\/100|[from] move: Magma Storm|[partiallytrapped]\n|upkeep\n|turn|11\n|\n|move|p2a: Heatran|Protect|p2a: Heatran\n|-singleturn|p2a: Heatran|Protect\n|move|p1a: Kyurem|Fusion Bolt|p2a: Heatran\n|-activate|p2a: Heatran|move: Protect\n|\n|-heal|p2a: Heatran|62\/100|[from] item: Leftovers\n|-damage|p1a: Kyurem|27\/100|[from] move: Magma Storm|[partiallytrapped]\n|upkeep\n|turn|12\n|\n|move|p1a: Kyurem|Fusion Bolt|p2a: Heatran\n|-damage|p2a: Heatran|27\/100\n|move|p2a: Heatran|Earth Power|p1a: Kyurem\n|-damage|p1a: Kyurem|0 fnt\n|faint|p1a: Kyurem\n|\n|-heal|p2a: Heatran|33\/100|[from] item: Leftovers\n|upkeep\n|\n|switch|p1a: Diggersby|Diggersby, M|100\/100\n|turn|13\n|\n|switch|p2a: Landorus|Landorus-Therian, M|100\/100\n|-ability|p2a: Landorus|Intimidate|boost\n|-unboost|p1a: Diggersby|atk|1\n|move|p1a: Diggersby|Frustration|p2a: Landorus\n|-damage|p2a: Landorus|37\/100\n|\n|upkeep\n|turn|14\n|inactive|Olden Polynice has 135 seconds left.\n|inactive|H4WT \u272f has 135 seconds left.\n|\n|move|p2a: Landorus|Earthquake|p1a: Diggersby\n|-damage|p1a: Diggersby|32\/100\n|move|p1a: Diggersby|Frustration|p2a: Landorus\n|-damage|p2a: Landorus|0 fnt\n|faint|p2a: Landorus\n|\n|upkeep\n|\n|switch|p2a: Tapu Koko|Tapu Koko|100\/100\n|-damage|p2a: Tapu Koko|88\/100|[from] Spikes\n|-fieldstart|move: Electric Terrain|[from] ability: Electric Surge|[of] p2a: Tapu Koko\n|turn|15\n|\n|switch|p1a: Heatran|Heatran, F, shiny|100\/100\n|move|p2a: Tapu Koko|Hidden Power|p1a: Heatran\n|-resisted|p1a: Heatran\n|-damage|p1a: Heatran|97\/100\n|\n|-heal|p1a: Heatran|100\/100|[from] item: Leftovers\n|upkeep\n|turn|16\n|\n|move|p2a: Tapu Koko|Volt Switch|p1a: Heatran\n|-damage|p1a: Heatran|72\/100\n|\n|switch|p2a: Kartana|Kartana|88\/100 par\n|-damage|p2a: Kartana|76\/100 par|[from] Spikes\n|move|p1a: Heatran|Stealth Rock|p2a: Kartana\n|-sidestart|p2: H4WT \u272f|move: Stealth Rock\n|\n|-heal|p1a: Heatran|78\/100|[from] item: Leftovers\n|upkeep\n|turn|17\n|\n|move|p1a: Heatran|Protect|p1a: Heatran\n|-singleturn|p1a: Heatran|Protect\n|-zpower|p2a: Kartana\n|move|p2a: Kartana|All-Out Pummeling|p1a: Heatran|[zeffect]\n|-supereffective|p1a: Heatran\n|-zbroken|p1a: Heatran\n|-damage|p1a: Heatran|47\/100\n|\n|-heal|p1a: Heatran|53\/100|[from] item: Leftovers\n|upkeep\n|turn|18\n|\n|move|p1a: Heatran|Lava Plume|p2a: Kartana\n|-supereffective|p2a: Kartana\n|-damage|p2a: Kartana|0 fnt\n|faint|p2a: Kartana\n|\n|-heal|p1a: Heatran|60\/100|[from] item: Leftovers\n|upkeep\n|c|\u2606Olden Polynice|uh\n|\n|switch|p2a: Amoonguss|Amoonguss, M|100\/100\n|-damage|p2a: Amoonguss|88\/100|[from] Spikes\n|-damage|p2a: Amoonguss|76\/100|[from] Stealth Rock\n|turn|19\n|c|\u2606Olden Polynice|that was stupid by me\n|\n|move|p1a: Heatran|Lava Plume|p2a: Amoonguss\n|-supereffective|p2a: Amoonguss\n|-damage|p2a: Amoonguss|41\/100\n|move|p2a: Amoonguss|Sludge Bomb|p1a: Heatran\n|-immune|p1a: Heatran|[msg]\n|\n|-heal|p1a: Heatran|66\/100|[from] item: Leftovers\n|-fieldend|move: Electric Terrain\n|upkeep\n|turn|20\n|\n|move|p1a: Heatran|Lava Plume|p2a: Amoonguss\n|-supereffective|p2a: Amoonguss\n|-damage|p2a: Amoonguss|7\/100\n|-status|p2a: Amoonguss|brn\n|move|p2a: Amoonguss|Stomping Tantrum|p1a: Heatran\n|-supereffective|p1a: Heatran\n|-damage|p1a: Heatran|18\/100\n|\n|-heal|p1a: Heatran|24\/100|[from] item: Leftovers\n|-damage|p2a: Amoonguss|1\/100 brn|[from] brn\n|upkeep\n|turn|21\n|inactive|H4WT \u272f has 135 seconds left.\n|\n|move|p1a: Heatran|Protect|p1a: Heatran\n|-singleturn|p1a: Heatran|Protect\n|move|p2a: Amoonguss|Stomping Tantrum|p1a: Heatran\n|-activate|p1a: Heatran|move: Protect\n|\n|-heal|p1a: Heatran|31\/100|[from] item: Leftovers\n|-damage|p2a: Amoonguss|0 fnt|[from] brn\n|upkeep\n|faint|p2a: Amoonguss\n|\n|switch|p2a: Tapu Koko|Tapu Koko|88\/100\n|-damage|p2a: Tapu Koko|76\/100|[from] Stealth Rock\n|-damage|p2a: Tapu Koko|64\/100|[from] Spikes\n|-fieldstart|move: Electric Terrain|[from] ability: Electric Surge|[of] p2a: Tapu Koko\n|turn|22\n|inactive|Olden Polynice has 135 seconds left.\n|inactive|Olden Polynice has 120 seconds left.\n|\n|switch|p1a: Tapu Fini|Tapu Fini|73\/100\n|-fieldstart|move: Misty Terrain|[from] ability: Misty Surge|[of] p1a: Tapu Fini\n|move|p2a: Tapu Koko|Thunderbolt|p1a: Tapu Fini\n|-supereffective|p1a: Tapu Fini\n|-crit|p1a: Tapu Fini\n|-damage|p1a: Tapu Fini|0 fnt\n|faint|p1a: Tapu Fini\n|\n|upkeep\n|inactive|Olden Polynice has 135 seconds left.\n|inactive|Olden Polynice has 120 seconds left.\n|inactive|Olden Polynice has 105 seconds left.\n|\n|switch|p1a: Greninja|Greninja, M|100\/100\n|turn|23\n|\n|move|p1a: Greninja|Gunk Shot|p2a: Tapu Koko\n|-start|p1a: Greninja|typechange|Poison|[from] Protean\n|-supereffective|p2a: Tapu Koko\n|-damage|p2a: Tapu Koko|0 fnt\n|faint|p2a: Tapu Koko\n|\n|upkeep\n|\n|switch|p2a: Heatran|Heatran, M|33\/100\n|-damage|p2a: Heatran|21\/100|[from] Stealth Rock\n|-damage|p2a: Heatran|9\/100|[from] Spikes\n|turn|24\n|-message|H4WT \u272f forfeited.\n|\n|win|Olden Polynice\n|l|\u2606H4WT \u272f\n|raw|Olden Polynice's rating: 1647 &rarr; <strong>1671<\/strong><br \/>(+24 for winning)\n|raw|H4WT \u272f's rating: 1718 &rarr; <strong>1694<\/strong><br \/>(-24 for losing)\n","inputlog":null,"uploadtime":1524247742,"views":69,"p1id":"oldenpolynice","p2id":"h4wt","formatid":"gen7ou","rating":1671,"private":0,"password":null}