{"id":"gen7ou-824569646","p1":"Ban Lando t guy jk","p2":"yungmacedgod","format":"gen7ou","log":"|j|\u2606Ban Lando t guy jk\n|j|\u2606yungmacedgod\n|player|p1|Ban Lando t guy jk|247\n|player|p2|yungmacedgod|146\n|teamsize|p1|6\n|teamsize|p2|6\n|gametype|singles\n|gen|7\n|tier|[Gen 7] OU\n|rated|\n|rule|Sleep Clause Mod: Limit one foe put to sleep\n|rule|Species Clause: Limit one of each Pok\u00e9mon\n|rule|OHKO Clause: OHKO moves are banned\n|rule|Moody Clause: Moody is banned\n|rule|Evasion Moves Clause: Evasion moves are banned\n|rule|Endless Battle Clause: Forcing endless battles is banned\n|rule|HP Percentage Mod: HP is shown in percentages\n|clearpoke\n|poke|p1|Salamence, F|item\n|poke|p1|Landorus-Therian, M|item\n|poke|p1|Magearna|item\n|poke|p1|Tapu Koko|item\n|poke|p1|Hawlucha, F|item\n|poke|p1|Latias, F|item\n|poke|p2|Mawile, F|item\n|poke|p2|Greninja, M|item\n|poke|p2|Garchomp, M|item\n|poke|p2|Tapu Koko|item\n|poke|p2|Landorus-Therian, M|item\n|poke|p2|Magearna|item\n|teampreview\n|c|\u2606yungmacedgod|glhf\n|inactive|Battle timer is ON: inactive players will automatically lose when time's up. (requested by Ban Lando t guy jk)\n|c|\u2606Ban Lando t guy jk|u2\n|\n|start\n|switch|p1a: Landorus|Landorus-Therian, M|100\/100\n|switch|p2a: Tapu Koko|Tapu Koko|100\/100\n|-fieldstart|move: Electric Terrain|[from] ability: Electric Surge|[of] p2a: Tapu Koko\n|-ability|p1a: Landorus|Intimidate|boost\n|-unboost|p2a: Tapu Koko|atk|1\n|turn|1\n|\n|move|p2a: Tapu Koko|Hidden Power|p1a: Landorus\n|-supereffective|p1a: Landorus\n|-enditem|p1a: Landorus|Yache Berry|[eat]\n|-enditem|p1a: Landorus|Yache Berry|[weaken]\n|-damage|p1a: Landorus|43\/100\n|move|p1a: Landorus|Stealth Rock|p2a: Tapu Koko\n|-sidestart|p2: yungmacedgod|move: Stealth Rock\n|\n|upkeep\n|turn|2\n|\n|switch|p1a: Magearna|Magearna|100\/100\n|move|p2a: Tapu Koko|Hidden Power|p1a: Magearna\n|-resisted|p1a: Magearna\n|-damage|p1a: Magearna|96\/100\n|\n|upkeep\n|turn|3\n|\n|switch|p2a: Magearna|Magearna|100\/100\n|-damage|p2a: Magearna|94\/100|[from] Stealth Rock\n|move|p1a: Magearna|Volt Switch|p2a: Magearna\n|-damage|p2a: Magearna|81\/100\n|\n|switch|p1a: Landorus|Landorus-Therian, M|43\/100\n|-ability|p1a: Landorus|Intimidate|boost\n|-unboost|p2a: Magearna|atk|1\n|\n|upkeep\n|turn|4\n|\n|switch|p2a: Landorus|Landorus-Therian, M|100\/100\n|-damage|p2a: Landorus|88\/100|[from] Stealth Rock\n|-ability|p2a: Landorus|Intimidate|boost\n|-unboost|p1a: Landorus|atk|1\n|move|p1a: Landorus|U-turn|p2a: Landorus\n|-resisted|p2a: Landorus\n|-damage|p2a: Landorus|83\/100\n|\n|switch|p1a: Tapu Koko|Tapu Koko|100\/100\n|\n|-heal|p2a: Landorus|89\/100|[from] item: Leftovers\n|upkeep\n|turn|5\n|\n|switch|p2a: Magearna|Magearna|81\/100\n|-damage|p2a: Magearna|75\/100|[from] Stealth Rock\n|move|p1a: Tapu Koko|Hidden Power|p2a: Magearna\n|-resisted|p2a: Magearna\n|-damage|p2a: Magearna|71\/100\n|\n|-fieldend|move: Electric Terrain\n|upkeep\n|turn|6\n|\n|switch|p1a: Magearna|Magearna|96\/100\n|move|p2a: Magearna|Fleur Cannon|p1a: Magearna\n|-resisted|p1a: Magearna\n|-damage|p1a: Magearna|83\/100\n|-unboost|p2a: Magearna|spa|2\n|\n|upkeep\n|turn|7\n|\n|switch|p2a: Landorus|Landorus-Therian, M|89\/100\n|-damage|p2a: Landorus|76\/100|[from] Stealth Rock\n|-ability|p2a: Landorus|Intimidate|boost\n|-unboost|p1a: Magearna|atk|1\n|move|p1a: Magearna|Fleur Cannon|p2a: Landorus\n|-damage|p2a: Landorus|17\/100\n|-unboost|p1a: Magearna|spa|2\n|\n|-heal|p2a: Landorus|23\/100|[from] item: Leftovers\n|upkeep\n|turn|8\n|\n|switch|p1a: Latias|Latias, F|100\/100\n|move|p2a: Landorus|Stealth Rock|p1a: Latias\n|-sidestart|p1: Ban Lando t guy jk|move: Stealth Rock\n|\n|-heal|p2a: Landorus|29\/100|[from] item: Leftovers\n|upkeep\n|turn|9\n|\n|detailschange|p1a: Latias|Latias-Mega, F\n|-mega|p1a: Latias|Latias|Latiasite\n|move|p1a: Latias|Calm Mind|p1a: Latias\n|-boost|p1a: Latias|spa|1\n|-boost|p1a: Latias|spd|1\n|move|p2a: Landorus|U-turn|p1a: Latias\n|-supereffective|p1a: Latias\n|-damage|p1a: Latias|64\/100\n|\n|switch|p2a: Greninja|Greninja, M|100\/100\n|-damage|p2a: Greninja|88\/100|[from] Stealth Rock\n|\n|upkeep\n|turn|10\n|\n|move|p2a: Greninja|U-turn|p1a: Latias\n|-start|p2a: Greninja|typechange|Bug|[from] Protean\n|-supereffective|p1a: Latias\n|-damage|p1a: Latias|22\/100\n|\n|switch|p2a: Mawile|Mawile, F|100\/100\n|-damage|p2a: Mawile|94\/100|[from] Stealth Rock\n|move|p1a: Latias|Thunderbolt|p2a: Mawile\n|-damage|p2a: Mawile|2\/100\n|\n|upkeep\n|turn|11\n|\n|detailschange|p2a: Mawile|Mawile-Mega, F\n|-mega|p2a: Mawile|Mawile|Mawilite\n|move|p2a: Mawile|Sucker Punch|p1a: Latias|[still]\n|-fail|p2a: Mawile\n|move|p1a: Latias|Roost|p1a: Latias\n|-heal|p1a: Latias|72\/100\n|\n|upkeep\n|turn|12\n|\n|switch|p1a: Landorus|Landorus-Therian, M|43\/100\n|-damage|p1a: Landorus|31\/100|[from] Stealth Rock\n|-ability|p1a: Landorus|Intimidate|boost\n|-unboost|p2a: Mawile|atk|1\n|move|p2a: Mawile|Play Rough|p1a: Landorus\n|-damage|p1a: Landorus|0 fnt\n|faint|p1a: Landorus\n|\n|upkeep\n|\n|switch|p1a: Tapu Koko|Tapu Koko|100\/100\n|-damage|p1a: Tapu Koko|88\/100|[from] Stealth Rock\n|-fieldstart|move: Electric Terrain|[from] ability: Electric Surge|[of] p1a: Tapu Koko\n|turn|13\n|\n|move|p2a: Mawile|Sucker Punch|p1a: Tapu Koko\n|-resisted|p1a: Tapu Koko\n|-damage|p1a: Tapu Koko|65\/100\n|move|p1a: Tapu Koko|Hidden Power|p2a: Mawile\n|-resisted|p2a: Mawile\n|-damage|p2a: Mawile|0 fnt\n|faint|p2a: Mawile\n|\n|upkeep\n|inactive|yungmacedgod has 120 seconds left.\n|\n|switch|p2a: Greninja|Greninja, M|88\/100\n|-damage|p2a: Greninja|76\/100|[from] Stealth Rock\n|turn|14\n|\n|switch|p1a: Magearna|Magearna|83\/100\n|-damage|p1a: Magearna|77\/100|[from] Stealth Rock\n|move|p2a: Greninja|Spikes|p1a: Magearna\n|-start|p2a: Greninja|typechange|Ground|[from] Protean\n|-sidestart|p1: Ban Lando t guy jk|Spikes\n|\n|upkeep\n|turn|15\n|\n|switch|p2a: Magearna|Magearna|71\/100\n|-damage|p2a: Magearna|65\/100|[from] Stealth Rock\n|move|p1a: Magearna|Volt Switch|p2a: Magearna\n|-damage|p2a: Magearna|51\/100\n|inactive|Ban Lando t guy jk has 120 seconds left.\n|\n|switch|p1a: Latias|Latias-Mega, F|72\/100\n|-damage|p1a: Latias|60\/100|[from] Stealth Rock\n|\n|upkeep\n|turn|16\n|\n|move|p1a: Latias|Calm Mind|p1a: Latias\n|-boost|p1a: Latias|spa|1\n|-boost|p1a: Latias|spd|1\n|move|p2a: Magearna|Fleur Cannon|p1a: Latias\n|-supereffective|p1a: Latias\n|-damage|p1a: Latias|10\/100\n|-unboost|p2a: Magearna|spa|2\n|\n|upkeep\n|turn|17\n|\n|move|p1a: Latias|Roost|p1a: Latias\n|-heal|p1a: Latias|60\/100\n|move|p2a: Magearna|Volt Switch|p1a: Latias\n|-resisted|p1a: Latias\n|-damage|p1a: Latias|57\/100\n|\n|switch|p2a: Tapu Koko|Tapu Koko|100\/100\n|-damage|p2a: Tapu Koko|88\/100|[from] Stealth Rock\n|\n|-fieldend|move: Electric Terrain\n|upkeep\n|turn|18\n|\n|move|p2a: Tapu Koko|Dazzling Gleam|p1a: Latias\n|-supereffective|p1a: Latias\n|-damage|p1a: Latias|12\/100\n|move|p1a: Latias|Roost|p1a: Latias\n|-heal|p1a: Latias|62\/100\n|\n|upkeep\n|turn|19\n|\n|move|p2a: Tapu Koko|Dazzling Gleam|p1a: Latias\n|-supereffective|p1a: Latias\n|-damage|p1a: Latias|14\/100\n|move|p1a: Latias|Stored Power|p2a: Tapu Koko\n|-damage|p2a: Tapu Koko|26\/100\n|\n|upkeep\n|turn|20\n|\n|switch|p1a: Magearna|Magearna|77\/100\n|-damage|p1a: Magearna|71\/100|[from] Stealth Rock\n|-damage|p1a: Magearna|59\/100|[from] Spikes\n|move|p2a: Tapu Koko|Dazzling Gleam|p1a: Magearna\n|-resisted|p1a: Magearna\n|-damage|p1a: Magearna|47\/100\n|\n|upkeep\n|turn|21\n|\n|switch|p2a: Magearna|Magearna|51\/100\n|-damage|p2a: Magearna|45\/100|[from] Stealth Rock\n|move|p1a: Magearna|Fleur Cannon|p2a: Magearna\n|-resisted|p2a: Magearna\n|-damage|p2a: Magearna|34\/100\n|-unboost|p1a: Magearna|spa|2\n|\n|upkeep\n|turn|22\n|\n|move|p2a: Magearna|Volt Switch|p1a: Magearna\n|-damage|p1a: Magearna|39\/100\n|\n|switch|p2a: Landorus|Landorus-Therian, M|29\/100\n|-damage|p2a: Landorus|16\/100|[from] Stealth Rock\n|-ability|p2a: Landorus|Intimidate|boost\n|-unboost|p1a: Magearna|atk|1\n|move|p1a: Magearna|Iron Head|p2a: Landorus\n|-damage|p2a: Landorus|3\/100\n|\n|-heal|p2a: Landorus|9\/100|[from] item: Leftovers\n|upkeep\n|turn|23\n|\n|move|p2a: Landorus|U-turn|p1a: Magearna\n|-resisted|p1a: Magearna\n|-damage|p1a: Magearna|34\/100\n|\n|switch|p2a: Garchomp|Garchomp, M|100\/100\n|-damage|p2a: Garchomp|94\/100|[from] Stealth Rock\n|move|p1a: Magearna|Fleur Cannon|p2a: Garchomp\n|-supereffective|p2a: Garchomp\n|-damage|p2a: Garchomp|22\/100\n|-unboost|p1a: Magearna|spa|2\n|\n|upkeep\n|turn|24\n|\n|move|p2a: Garchomp|Earthquake|p1a: Magearna\n|-supereffective|p1a: Magearna\n|-damage|p1a: Magearna|0 fnt\n|faint|p1a: Magearna\n|\n|upkeep\n|\n|switch|p1a: Salamence|Salamence, F|100\/100\n|-damage|p1a: Salamence|76\/100|[from] Stealth Rock\n|turn|25\n|\n|move|p2a: Garchomp|Dragon Claw|p1a: Salamence\n|-supereffective|p1a: Salamence\n|-damage|p1a: Salamence|0 fnt\n|faint|p1a: Salamence\n|\n|upkeep\n|\n|switch|p1a: Tapu Koko|Tapu Koko|65\/100\n|-damage|p1a: Tapu Koko|52\/100|[from] Stealth Rock\n|-damage|p1a: Tapu Koko|40\/100|[from] Spikes\n|-fieldstart|move: Electric Terrain|[from] ability: Electric Surge|[of] p1a: Tapu Koko\n|turn|26\n|\n|move|p1a: Tapu Koko|Hidden Power|p2a: Garchomp\n|-supereffective|p2a: Garchomp\n|-damage|p2a: Garchomp|0 fnt\n|faint|p2a: Garchomp\n|\n|upkeep\n|\n|switch|p2a: Greninja|Greninja, M|76\/100\n|-damage|p2a: Greninja|64\/100|[from] Stealth Rock\n|turn|27\n|\n|switch|p1a: Latias|Latias-Mega, F|14\/100\n|-damage|p1a: Latias|1\/100|[from] Stealth Rock\n|move|p2a: Greninja|Gunk Shot|p1a: Latias\n|-start|p2a: Greninja|typechange|Poison|[from] Protean\n|-damage|p1a: Latias|0 fnt\n|faint|p1a: Latias\n|\n|upkeep\n|\n|switch|p1a: Hawlucha|Hawlucha, F|100\/100\n|-enditem|p1a: Hawlucha|Electric Seed\n|-boost|p1a: Hawlucha|def|1\n|-damage|p1a: Hawlucha|88\/100|[from] Stealth Rock\n|turn|28\n|\n|move|p1a: Hawlucha|Swords Dance|p1a: Hawlucha\n|-boost|p1a: Hawlucha|atk|2\n|move|p2a: Greninja|Gunk Shot|p1a: Hawlucha\n|-damage|p1a: Hawlucha|45\/100\n|-status|p1a: Hawlucha|psn\n|\n|-damage|p1a: Hawlucha|33\/100 psn|[from] psn\n|upkeep\n|turn|29\n|\n|switch|p2a: Landorus|Landorus-Therian, M|9\/100\n|-damage|p2a: Landorus|0 fnt|[from] Stealth Rock\n|faint|p2a: Landorus\n|move|p1a: Hawlucha|Acrobatics|p2: Landorus|[notarget]\n|-notarget\n|\n|-damage|p1a: Hawlucha|20\/100 psn|[from] psn\n|upkeep\n|\n|switch|p2a: Magearna|Magearna|34\/100\n|-damage|p2a: Magearna|28\/100|[from] Stealth Rock\n|turn|30\n|\n|move|p1a: Hawlucha|Acrobatics|p2a: Magearna\n|-resisted|p2a: Magearna\n|-damage|p2a: Magearna|0 fnt\n|faint|p2a: Magearna\n|\n|-damage|p1a: Hawlucha|8\/100 psn|[from] psn\n|-fieldend|move: Electric Terrain\n|upkeep\n|\n|switch|p2a: Tapu Koko|Tapu Koko|26\/100\n|-damage|p2a: Tapu Koko|14\/100|[from] Stealth Rock\n|-fieldstart|move: Electric Terrain|[from] ability: Electric Surge|[of] p2a: Tapu Koko\n|turn|31\n|\n|move|p1a: Hawlucha|Acrobatics|p2a: Tapu Koko\n|-resisted|p2a: Tapu Koko\n|-damage|p2a: Tapu Koko|0 fnt\n|faint|p2a: Tapu Koko\n|\n|-damage|p1a: Hawlucha|0 fnt|[from] psn\n|upkeep\n|faint|p1a: Hawlucha\n|\n|switch|p2a: Greninja|Greninja, M|64\/100\n|switch|p1a: Tapu Koko|Tapu Koko|40\/100\n|-damage|p2a: Greninja|51\/100|[from] Stealth Rock\n|-damage|p1a: Tapu Koko|28\/100|[from] Stealth Rock\n|-damage|p1a: Tapu Koko|15\/100|[from] Spikes\n|turn|32\n|\n|move|p2a: Greninja|Ice Beam|p1a: Tapu Koko\n|-start|p2a: Greninja|typechange|Ice|[from] Protean\n|-damage|p1a: Tapu Koko|0 fnt\n|faint|p1a: Tapu Koko\n|\n|win|yungmacedgod\n|c|\u2606Ban Lando t guy jk|gg\n|c|\u2606yungmacedgod|gg\n|raw|Ban Lando t guy jk's rating: 1217 &rarr; <strong>1197<\/strong><br \/>(-20 for losing)\n|raw|yungmacedgod's rating: 1284 &rarr; <strong>1304<\/strong><br \/>(+20 for winning)\n","uploadtime":1540322472,"views":12,"p1id":"banlandotguyjk","p2id":"yungmacedgod","formatid":"gen7ou","rating":1197,"private":0,"password":null}