{"id":"gen7ou-941863492","p1":"NAFLD","p2":"lstpeter","format":"gen7ou","log":"|j|\u2606NAFLD\n|j|\u2606lstpeter\n|player|p1|NAFLD|2\n|player|p2|lstpeter|169\n|teamsize|p1|6\n|teamsize|p2|6\n|gametype|singles\n|gen|7\n|tier|[Gen 7] OU\n|rated|\n|rule|Sleep Clause Mod: Limit one foe put to sleep\n|rule|Species Clause: Limit one of each Pok\u00e9mon\n|rule|OHKO Clause: OHKO moves are banned\n|rule|Moody Clause: Moody is banned\n|rule|Evasion Moves Clause: Evasion moves are banned\n|rule|Endless Battle Clause: Forcing endless battles is banned\n|rule|HP Percentage Mod: HP is shown in percentages\n|clearpoke\n|poke|p1|Greninja, M|item\n|poke|p1|Pelipper, F|item\n|poke|p1|Swampert, F|item\n|poke|p1|Manaphy|item\n|poke|p1|Ferrothorn, M|item\n|poke|p1|Tornadus-Therian, M|item\n|poke|p2|Tyranitar, M|item\n|poke|p2|Garchomp, M|item\n|poke|p2|Excadrill, F|item\n|poke|p2|Gliscor, F|item\n|poke|p2|Hippowdon, M|item\n|poke|p2|Cradily, M|item\n|teampreview\n|\n|start\n|switch|p1a: Ferrothorn|Ferrothorn, M|100\/100\n|switch|p2a: Hippowdon|Hippowdon, M, shiny|100\/100\n|-weather|Sandstorm|[from] ability: Sand Stream|[of] p2a: Hippowdon\n|turn|1\n|\n|switch|p1a: Pelipper|Pelipper, F|100\/100\n|-weather|RainDance|[from] ability: Drizzle|[of] p1a: Pelipper\n|move|p2a: Hippowdon|Stealth Rock|p1a: Pelipper\n|-sidestart|p1: NAFLD|move: Stealth Rock\n|\n|-weather|RainDance|[upkeep]\n|upkeep\n|turn|2\n|\n|switch|p2a: Cradily|Cradily, M, shiny|100\/100\n|move|p1a: Pelipper|Defog|p2a: Cradily\n|-unboost|p2a: Cradily|evasion|1\n|-sideend|p1: NAFLD|Stealth Rock|[from] move: Defog|[of] p1a: Pelipper\n|\n|-weather|RainDance|[upkeep]\n|upkeep\n|turn|3\n|\n|switch|p1a: Tornadus|Tornadus-Therian, M|100\/100\n|move|p2a: Cradily|Toxic|p1a: Tornadus\n|-status|p1a: Tornadus|tox\n|\n|-weather|RainDance|[upkeep]\n|-damage|p1a: Tornadus|94\/100 tox|[from] psn\n|upkeep\n|turn|4\n|\n|switch|p2a: Tyranitar|Tyranitar, M, shiny|100\/100\n|-weather|Sandstorm|[from] ability: Sand Stream|[of] p2a: Tyranitar\n|move|p1a: Tornadus|Knock Off|p2a: Tyranitar\n|-resisted|p2a: Tyranitar\n|-damage|p2a: Tyranitar|94\/100\n|\n|-weather|Sandstorm|[upkeep]\n|-damage|p1a: Tornadus|88\/100 tox|[from] Sandstorm\n|-damage|p1a: Tornadus|76\/100 tox|[from] psn\n|upkeep\n|turn|5\n|\n|move|p1a: Tornadus|U-turn|p2a: Tyranitar\n|-supereffective|p2a: Tyranitar\n|-damage|p2a: Tyranitar|69\/100\n|\n|switch|p1a: Ferrothorn|Ferrothorn, M|100\/100|[from]move: U-turn\n|move|p2a: Tyranitar|Dragon Dance|p2a: Tyranitar\n|-boost|p2a: Tyranitar|atk|1\n|-boost|p2a: Tyranitar|spe|1\n|\n|-weather|Sandstorm|[upkeep]\n|upkeep\n|turn|6\n|\n|move|p2a: Tyranitar|Fire Punch|p1a: Ferrothorn\n|-supereffective|p1a: Ferrothorn\n|-damage|p1a: Ferrothorn|0 fnt\n|-damage|p2a: Tyranitar|57\/100|[from] ability: Iron Barbs|[of] p1a: Ferrothorn\n|faint|p1a: Ferrothorn\n|\n|-weather|Sandstorm|[upkeep]\n|upkeep\n|\n|switch|p1a: Pelipper|Pelipper, F|100\/100\n|-weather|RainDance|[from] ability: Drizzle|[of] p1a: Pelipper\n|turn|7\n|\n|switch|p1a: Swampert|Swampert, F|100\/100\n|-zpower|p2a: Tyranitar\n|move|p2a: Tyranitar|Continental Crush|p1a: Swampert|[zeffect]\n|-resisted|p1a: Swampert\n|-damage|p1a: Swampert|27\/100\n|\n|-weather|RainDance|[upkeep]\n|upkeep\n|turn|8\n|\n|switch|p2a: Cradily|Cradily, M, shiny|100\/100\n|detailschange|p1a: Swampert|Swampert-Mega, F\n|-mega|p1a: Swampert|Swampert|Swampertite\n|move|p1a: Swampert|Earthquake|p2a: Cradily\n|-damage|p2a: Cradily|56\/100\n|\n|-weather|RainDance|[upkeep]\n|-heal|p2a: Cradily|62\/100|[from] item: Leftovers\n|upkeep\n|turn|9\n|\n|switch|p1a: Tornadus|Tornadus-Therian, M|100\/100 tox\n|move|p2a: Cradily|Giga Drain|p1a: Tornadus\n|-resisted|p1a: Tornadus\n|-damage|p1a: Tornadus|90\/100 tox\n|-heal|p2a: Cradily|68\/100|[from] drain|[of] p1a: Tornadus\n|\n|-weather|RainDance|[upkeep]\n|-heal|p2a: Cradily|74\/100|[from] item: Leftovers\n|-damage|p1a: Tornadus|84\/100 tox|[from] psn\n|upkeep\n|turn|10\n|\n|switch|p2a: Tyranitar|Tyranitar, M, shiny|57\/100\n|-weather|Sandstorm|[from] ability: Sand Stream|[of] p2a: Tyranitar\n|move|p1a: Tornadus|Hurricane|p2a: Tyranitar|[miss]\n|-miss|p1a: Tornadus|p2a: Tyranitar\n|\n|-weather|Sandstorm|[upkeep]\n|-damage|p1a: Tornadus|77\/100 tox|[from] Sandstorm\n|-damage|p1a: Tornadus|65\/100 tox|[from] psn\n|upkeep\n|turn|11\n|\n|move|p1a: Tornadus|U-turn|p2a: Tyranitar\n|-supereffective|p2a: Tyranitar\n|-damage|p2a: Tyranitar|31\/100\n|\n|switch|p1a: Pelipper|Pelipper, F|100\/100|[from]move: U-turn\n|-weather|RainDance|[from] ability: Drizzle|[of] p1a: Pelipper\n|move|p2a: Tyranitar|Stone Edge|p1a: Pelipper\n|-supereffective|p1a: Pelipper\n|-damage|p1a: Pelipper|1\/100\n|\n|-weather|RainDance|[upkeep]\n|upkeep\n|turn|12\n|\n|switch|p2a: Hippowdon|Hippowdon, M, shiny|100\/100\n|-weather|Sandstorm|[from] ability: Sand Stream|[of] p2a: Hippowdon\n|move|p1a: Pelipper|Scald|p2a: Hippowdon\n|-supereffective|p2a: Hippowdon\n|-damage|p2a: Hippowdon|47\/100\n|-status|p2a: Hippowdon|brn\n|\n|-weather|Sandstorm|[upkeep]\n|-damage|p1a: Pelipper|0 fnt|[from] Sandstorm\n|faint|p1a: Pelipper\n|-damage|p2a: Hippowdon|41\/100 brn|[from] brn\n|upkeep\n|\n|switch|p1a: Greninja|Greninja, M|100\/100\n|turn|13\n|\n|switch|p2a: Cradily|Cradily, M, shiny|74\/100\n|move|p1a: Greninja|Dark Pulse|p2a: Cradily\n|-damage|p2a: Cradily|46\/100\n|\n|-weather|Sandstorm|[upkeep]\n|-damage|p1a: Greninja|95\/100|[from] Sandstorm\n|-heal|p2a: Cradily|52\/100|[from] item: Leftovers\n|upkeep\n|turn|14\n|-message|NAFLD forfeited.\n|\n|win|lstpeter\n|l|\u2606NAFLD\n|raw|NAFLD's rating: 1398 &rarr; <strong>1377<\/strong><br \/>(-21 for losing)\n|raw|lstpeter's rating: 1380 &rarr; <strong>1401<\/strong><br \/>(+21 for winning)\n","uploadtime":1562639839,"views":0,"p1id":"nafld","p2id":"lstpeter","formatid":"gen7ou","rating":1377,"private":0,"password":null}