{"id":"gen7uu-973742671","p1":"RandomExHuman","p2":"lord cube","format":"gen7uu","log":"|j|\u2606RandomExHuman\n|j|\u2606lord cube\n|player|p1|RandomExHuman|169|1343\n|player|p2|lord cube|92|1275\n|teamsize|p1|6\n|teamsize|p2|6\n|gametype|singles\n|gen|7\n|tier|[Gen 7] UU\n|rated|\n|rule|Sleep Clause Mod: Limit one foe put to sleep\n|rule|Species Clause: Limit one of each Pok\u00e9mon\n|rule|OHKO Clause: OHKO moves are banned\n|rule|Moody Clause: Moody is banned\n|rule|Evasion Moves Clause: Evasion moves are banned\n|rule|Endless Battle Clause: Forcing endless battles is banned\n|rule|HP Percentage Mod: HP is shown in percentages\n|clearpoke\n|poke|p1|Pidgeot, M|item\n|poke|p1|Empoleon, M|item\n|poke|p1|Mienshao, F|item\n|poke|p1|Rotom-Heat|item\n|poke|p1|Mamoswine, M|item\n|poke|p1|Latias, F|item\n|poke|p2|Ursaring, M|item\n|poke|p2|Uxie|item\n|poke|p2|Cresselia, F|item\n|poke|p2|Crawdaunt, F|item\n|poke|p2|Marowak-Alola, F|item\n|poke|p2|Porygon2|item\n|teampreview\n|inactive|Battle timer is ON: inactive players will automatically lose when time's up. (requested by lord cube)\n|\n|start\n|switch|p1a: Mienshao|Mienshao, F, shiny|100\/100\n|switch|p2a: Porygon2|Porygon2|100\/100\n|-ability|p2a: Porygon2|Download|boost\n|-boost|p2a: Porygon2|atk|1\n|turn|1\n|\n|switch|p2a: Uxie|Uxie|100\/100\n|move|p1a: Mienshao|Fake Out|p2a: Uxie\n|-damage|p2a: Uxie|88\/100\n|-damage|p1a: Mienshao|91\/100|[from] item: Life Orb\n|\n|upkeep\n|turn|2\n|\n|move|p1a: Mienshao|Knock Off|p2a: Uxie\n|-supereffective|p2a: Uxie\n|-damage|p2a: Uxie|24\/100\n|-enditem|p2a: Uxie|Mental Herb|[from] move: Knock Off|[of] p1a: Mienshao\n|-damage|p1a: Mienshao|81\/100|[from] item: Life Orb\n|move|p2a: Uxie|Trick Room|p2a: Uxie\n|-fieldstart|move: Trick Room|[of] p2a: Uxie\n|\n|upkeep\n|turn|3\n|\n|switch|p1a: Empoleon|Empoleon, M|100\/100\n|move|p2a: Uxie|Stealth Rock|p1a: Empoleon\n|-sidestart|p1: RandomExHuman|move: Stealth Rock\n|\n|upkeep\n|turn|4\n|\n|move|p1a: Empoleon|Defog|p2a: Uxie\n|-unboost|p2a: Uxie|evasion|1\n|-sideend|p1: RandomExHuman|Stealth Rock|[from] move: Defog|[of] p1a: Empoleon\n|move|p2a: Uxie|Memento|p1a: Empoleon\n|-unboost|p1a: Empoleon|atk|2\n|-unboost|p1a: Empoleon|spa|2\n|faint|p2a: Uxie\n|\n|upkeep\n|\n|switch|p2a: Marowak|Marowak-Alola, F|100\/100\n|turn|5\n|\n|switch|p1a: Rotom|Rotom-Heat, shiny|100\/100\n|move|p2a: Marowak|Bonemerang|p1a: Rotom\n|-immune|p1a: Rotom|[from] ability: Levitate\n|\n|upkeep\n|turn|6\n|\n|switch|p2a: Porygon2|Porygon2|100\/100\n|-ability|p2a: Porygon2|Download|boost\n|-boost|p2a: Porygon2|atk|1\n|move|p1a: Rotom|Volt Switch|p2a: Porygon2\n|-damage|p2a: Porygon2|79\/100\n|\n|switch|p1a: Mienshao|Mienshao, F, shiny|100\/100|[from]move: Volt Switch\n|\n|-fieldend|move: Trick Room\n|upkeep\n|turn|7\n|\n|move|p1a: Mienshao|Knock Off|p2a: Porygon2\n|-damage|p2a: Porygon2|52\/100\n|-enditem|p2a: Porygon2|Eviolite|[from] move: Knock Off|[of] p1a: Mienshao\n|-damage|p1a: Mienshao|91\/100|[from] item: Life Orb\n|move|p2a: Porygon2|Trick Room|p2a: Porygon2\n|-fieldstart|move: Trick Room|[of] p2a: Porygon2\n|\n|upkeep\n|turn|8\n|\n|move|p2a: Porygon2|Thunderbolt|p1a: Mienshao\n|-damage|p1a: Mienshao|37\/100\n|move|p1a: Mienshao|Knock Off|p2a: Porygon2\n|-damage|p2a: Porygon2|21\/100\n|-damage|p1a: Mienshao|27\/100|[from] item: Life Orb\n|\n|upkeep\n|turn|9\n|\n|switch|p1a: Rotom|Rotom-Heat, shiny|100\/100\n|move|p2a: Porygon2|Ice Beam|p1a: Rotom\n|-resisted|p1a: Rotom\n|-damage|p1a: Rotom|80\/100\n|\n|-heal|p1a: Rotom|86\/100|[from] item: Leftovers\n|upkeep\n|turn|10\n|\n|move|p2a: Porygon2|Thunderbolt|p1a: Rotom\n|-resisted|p1a: Rotom\n|-damage|p1a: Rotom|66\/100\n|move|p1a: Rotom|Will-O-Wisp|p2a: Porygon2\n|-status|p2a: Porygon2|brn\n|\n|-heal|p1a: Rotom|72\/100|[from] item: Leftovers\n|-damage|p2a: Porygon2|15\/100 brn|[from] brn\n|upkeep\n|turn|11\n|\n|move|p2a: Porygon2|Ice Beam|p1a: Rotom\n|-resisted|p1a: Rotom\n|-damage|p1a: Rotom|52\/100\n|move|p1a: Rotom|Thunderbolt|p2a: Porygon2\n|-damage|p2a: Porygon2|0 fnt\n|faint|p2a: Porygon2\n|\n|-heal|p1a: Rotom|59\/100|[from] item: Leftovers\n|-fieldend|move: Trick Room\n|upkeep\n|\n|switch|p2a: Ursaring|Ursaring, M|100\/100\n|turn|12\n|\n|move|p1a: Rotom|Volt Switch|p2a: Ursaring\n|-damage|p2a: Ursaring|65\/100\n|\n|switch|p1a: Latias|Latias, F|100\/100|[from]move: Volt Switch\n|move|p2a: Ursaring|Facade|p1a: Latias\n|-damage|p1a: Latias|72\/100\n|\n|-status|p2a: Ursaring|brn|[from] item: Flame Orb\n|upkeep\n|turn|13\n|\n|switch|p2a: Cresselia|Cresselia, F|100\/100\n|-zpower|p1a: Latias\n|move|p1a: Latias|Devastating Drake|p2a: Cresselia|[zeffect]\n|-damage|p2a: Cresselia|57\/100\n|\n|upkeep\n|turn|14\n|\n|move|p1a: Latias|Calm Mind|p1a: Latias\n|-boost|p1a: Latias|spa|1\n|-boost|p1a: Latias|spd|1\n|move|p2a: Cresselia|Trick Room|p2a: Cresselia\n|-fieldstart|move: Trick Room|[of] p2a: Cresselia\n|\n|upkeep\n|turn|15\n|\n|switch|p2a: Ursaring|Ursaring, M|65\/100 brn\n|move|p1a: Latias|Draco Meteor|p2a: Ursaring\n|-damage|p2a: Ursaring|0 fnt\n|-unboost|p1a: Latias|spa|2\n|faint|p2a: Ursaring\n|\n|upkeep\n|\n|switch|p2a: Crawdaunt|Crawdaunt, F|100\/100\n|turn|16\n|\n|move|p2a: Crawdaunt|Knock Off|p1a: Latias\n|-supereffective|p1a: Latias\n|-damage|p1a: Latias|0 fnt\n|-damage|p2a: Crawdaunt|90\/100|[from] item: Life Orb\n|faint|p1a: Latias\n|\n|upkeep\n|\n|switch|p1a: Mienshao|Mienshao, F, shiny|60\/100\n|turn|17\n|\n|switch|p2a: Marowak|Marowak-Alola, F|100\/100\n|move|p1a: Mienshao|Fake Out|p2a: Marowak\n|-immune|p2a: Marowak\n|\n|upkeep\n|turn|18\n|\n|switch|p1a: Empoleon|Empoleon, M|100\/100\n|move|p2a: Marowak|Flare Blitz|p1a: Empoleon\n|-damage|p1a: Empoleon|0 fnt\n|faint|p1a: Empoleon\n|\n|-fieldend|move: Trick Room\n|upkeep\n|\n|switch|p1a: Mamoswine|Mamoswine, M|100\/100\n|turn|19\n|\n|switch|p2a: Crawdaunt|Crawdaunt, F|90\/100\n|move|p1a: Mamoswine|Earthquake|p2a: Crawdaunt\n|-damage|p2a: Crawdaunt|0 fnt\n|faint|p2a: Crawdaunt\n|\n|upkeep\n|\n|switch|p2a: Cresselia|Cresselia, F|57\/100\n|turn|20\n|\n|switch|p1a: Pidgeot|Pidgeot, M|100\/100\n|move|p2a: Cresselia|Trick Room|p2a: Cresselia\n|-fieldstart|move: Trick Room|[of] p2a: Cresselia\n|\n|upkeep\n|turn|21\n|\n|detailschange|p1a: Pidgeot|Pidgeot-Mega, M\n|-mega|p1a: Pidgeot|Pidgeot|Pidgeotite\n|move|p2a: Cresselia|Moonlight|p2a: Cresselia\n|-heal|p2a: Cresselia|100\/100\n|move|p1a: Pidgeot|Hurricane|p2a: Cresselia\n|-damage|p2a: Cresselia|69\/100\n|\n|upkeep\n|turn|22\n|\n|move|p2a: Cresselia|Ice Beam|p1a: Pidgeot\n|-supereffective|p1a: Pidgeot\n|-damage|p1a: Pidgeot|60\/100\n|move|p1a: Pidgeot|Hurricane|p2a: Cresselia\n|-damage|p2a: Cresselia|37\/100\n|-start|p2a: Cresselia|confusion\n|\n|upkeep\n|turn|23\n|\n|-activate|p2a: Cresselia|confusion\n|-damage|p2a: Cresselia|34\/100|[from] confusion\n|move|p1a: Pidgeot|Roost|p1a: Pidgeot\n|-heal|p1a: Pidgeot|100\/100\n|-singleturn|p1a: Pidgeot|move: Roost\n|\n|upkeep\n|turn|24\n|\n|-activate|p2a: Cresselia|confusion\n|-damage|p2a: Cresselia|31\/100|[from] confusion\n|move|p1a: Pidgeot|Hurricane|p2a: Cresselia\n|-damage|p2a: Cresselia|1\/100\n|\n|-fieldend|move: Trick Room\n|upkeep\n|turn|25\n|\n|move|p1a: Pidgeot|Hurricane|p2a: Cresselia\n|-damage|p2a: Cresselia|0 fnt\n|faint|p2a: Cresselia\n|\n|upkeep\n|\n|switch|p2a: Marowak|Marowak-Alola, F|100\/100\n|turn|26\n|\n|move|p1a: Pidgeot|Hurricane|p2a: Marowak\n|-damage|p2a: Marowak|20\/100\n|-start|p2a: Marowak|confusion\n|-activate|p2a: Marowak|confusion\n|-damage|p2a: Marowak|0 fnt|[from] confusion\n|faint|p2a: Marowak\n|\n|win|RandomExHuman\n|raw|RandomExHuman's rating: 1343 &rarr; <strong>1359<\/strong><br \/>(+16 for winning)\n|raw|lord cube's rating: 1276 &rarr; <strong>1255<\/strong><br \/>(-21 for losing)\n|l|\u2606lord cube\n","uploadtime":1568109568,"views":7,"p1id":"randomexhuman","p2id":"lordcube","formatid":"gen7uu","rating":1255,"private":0,"password":null}