{"id":"gen7randombattle-1673888857","p1":"The Unkillable One","p2":"firepunch917","format":"gen7randombattle","log":"|j|\u2606The Unkillable One\n|j|\u2606firepunch917\n|t:|1664508300\n|gametype|singles\n|player|p1|The Unkillable One|workerice|1734\n|player|p2|firepunch917|170|1710\n|teamsize|p1|6\n|teamsize|p2|6\n|gen|7\n|tier|[Gen 7] Random Battle\n|rated|\n|rule|Sleep Clause Mod: Limit one foe put to sleep\n|rule|HP Percentage Mod: HP is shown in percentages\n|rule|Mega Rayquaza Clause: You cannot mega evolve Rayquaza\n|\n|t:|1664508300\n|start\n|switch|p1a: Ninetales|Ninetales-Alola, L82, F|254\/254\n|switch|p2a: Charizard|Charizard, L80, M|255\/255\n|-weather|Hail|[from] ability: Snow Warning|[of] p1a: Ninetales\n|turn|1\n|\n|t:|1664508327\n|detailschange|p2a: Charizard|Charizard-Mega-Y, L80, M\n|-mega|p2a: Charizard|Charizard|Charizardite Y\n|-weather|SunnyDay|[from] ability: Drought|[of] p2a: Charizard\n|move|p1a: Ninetales|Substitute|p1a: Ninetales\n|-start|p1a: Ninetales|Substitute\n|-damage|p1a: Ninetales|191\/254\n|move|p2a: Charizard|Fire Blast|p1a: Ninetales\n|-supereffective|p1a: Ninetales\n|-end|p1a: Ninetales|Substitute\n|\n|-weather|SunnyDay|[upkeep]\n|-heal|p1a: Ninetales|206\/254|[from] item: Leftovers\n|upkeep\n|turn|2\n|\n|t:|1664508343\n|switch|p1a: Reshiram|Reshiram, L76|277\/277\n|-ability|p1a: Reshiram|Turboblaze\n|switch|p2a: Chandelure|Chandelure, L82, F|233\/233\n|\n|-weather|SunnyDay|[upkeep]\n|upkeep\n|turn|3\n|inactive|Battle timer is ON: inactive players will automatically lose when time's up. (requested by The Unkillable One)\n|\n|t:|1664508399\n|move|p1a: Reshiram|Blue Flare|p2a: Chandelure\n|-resisted|p2a: Chandelure\n|-damage|p2a: Chandelure|107\/233\n|move|p2a: Chandelure|Shadow Ball|p1a: Reshiram\n|-damage|p1a: Reshiram|144\/277\n|-damage|p2a: Chandelure|84\/233|[from] item: Life Orb\n|\n|-weather|SunnyDay|[upkeep]\n|-heal|p1a: Reshiram|161\/277|[from] item: Leftovers\n|upkeep\n|turn|4\n|\n|t:|1664508410\n|move|p1a: Reshiram|Dragon Pulse|p2a: Chandelure\n|-damage|p2a: Chandelure|0 fnt\n|faint|p2a: Chandelure\n|\n|-weather|SunnyDay|[upkeep]\n|-heal|p1a: Reshiram|178\/277|[from] item: Leftovers\n|upkeep\n|\n|t:|1664508413\n|switch|p2a: Landorus|Landorus-Therian, L80, M|274\/274\n|-ability|p2a: Landorus|Intimidate|boost\n|-unboost|p1a: Reshiram|atk|1\n|turn|5\n|\n|t:|1664508416\n|switch|p1a: Weezing|Weezing, L86, M|252\/252\n|move|p2a: Landorus|Earthquake|p1a: Weezing\n|-immune|p1a: Weezing|[from] ability: Levitate\n|\n|-weather|none\n|upkeep\n|turn|6\n|\n|t:|1664508424\n|switch|p2a: Politoed|Politoed, L84, F|288\/288\n|-weather|RainDance|[from] ability: Drizzle|[of] p2a: Politoed\n|move|p1a: Weezing|Toxic Spikes|p2a: Politoed\n|-sidestart|p2: firepunch917|move: Toxic Spikes\n|\n|-weather|RainDance|[upkeep]\n|upkeep\n|turn|7\n|\n|t:|1664508433\n|switch|p1a: Blastoise|Blastoise, L84, F|270\/270\n|move|p2a: Politoed|Scald|p1a: Blastoise\n|-resisted|p1a: Blastoise\n|-damage|p1a: Blastoise|220\/270\n|\n|-weather|RainDance|[upkeep]\n|-heal|p1a: Blastoise|236\/270|[from] ability: Rain Dish\n|upkeep\n|turn|8\n|\n|t:|1664508460\n|detailschange|p1a: Blastoise|Blastoise-Mega, L84, F\n|-mega|p1a: Blastoise|Blastoise|Blastoisinite\n|move|p1a: Blastoise|Water Pulse|p2a: Politoed\n|-resisted|p2a: Politoed\n|-damage|p2a: Politoed|207\/288\n|move|p2a: Politoed|Toxic|p1a: Blastoise\n|-status|p1a: Blastoise|tox\n|\n|-weather|RainDance|[upkeep]\n|-damage|p1a: Blastoise|220\/270 tox|[from] psn\n|upkeep\n|turn|9\n|\n|t:|1664508470\n|switch|p1a: Ninetales|Ninetales-Alola, L82, F|206\/254\n|-weather|Hail|[from] ability: Snow Warning|[of] p1a: Ninetales\n|move|p2a: Politoed|Scald|p1a: Ninetales\n|-damage|p1a: Ninetales|127\/254\n|\n|-weather|Hail|[upkeep]\n|-damage|p2a: Politoed|189\/288|[from] Hail\n|-heal|p1a: Ninetales|142\/254|[from] item: Leftovers\n|upkeep\n|turn|10\n|\n|t:|1664508479\n|switch|p2a: Charizard|Charizard-Mega-Y, L80, M|255\/255\n|-weather|SunnyDay|[from] ability: Drought|[of] p2a: Charizard\n|move|p1a: Ninetales|Substitute|p1a: Ninetales\n|-start|p1a: Ninetales|Substitute\n|-damage|p1a: Ninetales|79\/254\n|\n|-weather|SunnyDay|[upkeep]\n|-heal|p1a: Ninetales|94\/254|[from] item: Leftovers\n|upkeep\n|turn|11\n|\n|t:|1664508486\n|move|p1a: Ninetales|Blizzard|p2a: Charizard|[miss]\n|-miss|p1a: Ninetales|p2a: Charizard\n|move|p2a: Charizard|Solar Beam||[still]\n|-prepare|p2a: Charizard|Solar Beam\n|-anim|p2a: Charizard|Solar Beam|p1a: Ninetales\n|-end|p1a: Ninetales|Substitute\n|\n|-weather|SunnyDay|[upkeep]\n|-heal|p1a: Ninetales|109\/254|[from] item: Leftovers\n|upkeep\n|turn|12\n|\n|t:|1664508491\n|switch|p1a: Reshiram|Reshiram, L76|178\/277\n|-ability|p1a: Reshiram|Turboblaze\n|move|p2a: Charizard|Fire Blast|p1a: Reshiram\n|-resisted|p1a: Reshiram\n|-damage|p1a: Reshiram|125\/277\n|\n|-weather|SunnyDay|[upkeep]\n|-heal|p1a: Reshiram|142\/277|[from] item: Leftovers\n|upkeep\n|turn|13\n|\n|t:|1664508497\n|move|p2a: Charizard|Focus Blast|p1a: Reshiram|[miss]\n|-miss|p2a: Charizard|p1a: Reshiram\n|move|p1a: Reshiram|Roost|p1a: Reshiram\n|-heal|p1a: Reshiram|277\/277\n|-singleturn|p1a: Reshiram|move: Roost\n|\n|-weather|SunnyDay|[upkeep]\n|upkeep\n|turn|14\n|\n|t:|1664508503\n|switch|p2a: Politoed|Politoed, L84, F|189\/288\n|-status|p2a: Politoed|psn\n|-weather|RainDance|[from] ability: Drizzle|[of] p2a: Politoed\n|move|p1a: Reshiram|Dragon Pulse|p2a: Politoed\n|-damage|p2a: Politoed|92\/288 psn\n|\n|-weather|RainDance|[upkeep]\n|-damage|p2a: Politoed|56\/288 psn|[from] psn\n|upkeep\n|turn|15\n|\n|t:|1664508507\n|move|p1a: Reshiram|Dragon Pulse|p2a: Politoed\n|-damage|p2a: Politoed|0 fnt\n|faint|p2a: Politoed\n|\n|-weather|RainDance|[upkeep]\n|upkeep\n|-message|firepunch917 forfeited.\n|\n|win|The Unkillable One\n|raw|The Unkillable One's rating: 1734 &rarr; <strong>1753<\/strong><br \/>(+19 for winning)\n|raw|firepunch917's rating: 1710 &rarr; <strong>1691<\/strong><br \/>(-19 for losing)\n|l|\u2606firepunch917\n||Ladder isn't responding, score probably updated but might not have (Request timeout).\n","inputlog":">version 806e56ea67f2f748d4b403b3f5b33d56e25d3f7a\n>start {\"formatid\":\"gen7randombattle\",\"seed\":[36546,29789,34382,18480],\"rated\":\"Rated battle\"}\n>player p1 {\"name\":\"The Unkillable One\",\"avatar\":\"workerice\",\"rating\":1734,\"seed\":[45341,63744,21708,21246]}\n>player p2 {\"name\":\"firepunch917\",\"avatar\":\"170\",\"rating\":1710,\"seed\":[37433,45088,45485,15298]}\n>p1 move substitute\n>p2 move fireblast mega\n>p1 switch 5\n>p2 switch 6\n>p1 move blueflare\n>p2 move shadowball\n>p1 move dragonpulse\n>p2 move shadowball\n>p2 switch 2\n>p1 switch 4\n>p2 move earthquake\n>p1 move toxicspikes\n>p2 switch 4\n>p1 switch 6\n>p2 move scald\n>p1 move waterpulse mega\n>p2 move toxic\n>p1 switch 5\n>p2 move scald\n>p1 move substitute\n>p2 switch 6\n>p1 move blizzard\n>p2 move solarbeam\n>p1 switch 4\n>p2 move fireblast\n>p1 move roost\n>p2 move focusblast\n>p1 move dragonpulse\n>p2 switch 6\n>p1 move dragonpulse\n>p2 move rest\n>forcelose p2","uploadtime":1664508518,"views":8,"p1id":"theunkillableone","p2id":"firepunch917","formatid":"gen7randombattle","rating":1691,"private":0,"password":null}