{"id":"gen7ou-954333923","p1":"uuuuiiii","p2":"Dragon Zord 6","format":"gen7ou","log":"|j|\u2606uuuuiiii\n|j|\u2606Dragon Zord 6\n|player|p1|uuuuiiii|170|1788\n|player|p2|Dragon Zord 6|bruno-gen3|1699\n|teamsize|p1|6\n|teamsize|p2|6\n|gametype|singles\n|gen|7\n|tier|[Gen 7] OU\n|rated|\n|rule|Sleep Clause Mod: Limit one foe put to sleep\n|rule|Species Clause: Limit one of each Pok\u00e9mon\n|rule|OHKO Clause: OHKO moves are banned\n|rule|Moody Clause: Moody is banned\n|rule|Evasion Moves Clause: Evasion moves are banned\n|rule|Endless Battle Clause: Forcing endless battles is banned\n|rule|HP Percentage Mod: HP is shown in percentages\n|clearpoke\n|poke|p1|Tapu Koko|item\n|poke|p1|Magearna|item\n|poke|p1|Seismitoad, M|item\n|poke|p1|Marowak-Alola, F|item\n|poke|p1|Hawlucha, F|item\n|poke|p1|Tornadus-Therian, M|item\n|poke|p2|Greninja, M|item\n|poke|p2|Ferrothorn, M|item\n|poke|p2|Pelipper, M|item\n|poke|p2|Swampert, M|item\n|poke|p2|Kingdra, F|item\n|poke|p2|Kyurem-Black|item\n|teampreview\n|inactive|Battle timer is ON: inactive players will automatically lose when time's up. (requested by Dragon Zord 6)\n|\n|start\n|switch|p1a: Seismitoad|Seismitoad, M|100\/100\n|switch|p2a: Pelipper|Pelipper, M, shiny|100\/100\n|-weather|RainDance|[from] ability: Drizzle|[of] p2a: Pelipper\n|turn|1\n|\n|move|p1a: Seismitoad|Stealth Rock|p2a: Pelipper\n|-sidestart|p2: Dragon Zord 6|move: Stealth Rock\n|move|p2a: Pelipper|Hurricane|p1a: Seismitoad\n|-damage|p1a: Seismitoad|44\/100\n|\n|-weather|RainDance|[upkeep]\n|-heal|p1a: Seismitoad|50\/100|[from] item: Leftovers\n|upkeep\n|turn|2\n|\n|switch|p1a: Tapu Koko|Tapu Koko|100\/100\n|-fieldstart|move: Electric Terrain|[from] ability: Electric Surge|[of] p1a: Tapu Koko\n|move|p2a: Pelipper|Hurricane|p1a: Tapu Koko\n|-resisted|p1a: Tapu Koko\n|-damage|p1a: Tapu Koko|60\/100\n|-start|p1a: Tapu Koko|confusion\n|\n|-weather|RainDance|[upkeep]\n|upkeep\n|turn|3\n|\n|switch|p2a: Ferrothorn|Ferrothorn, M|100\/100\n|-damage|p2a: Ferrothorn|94\/100|[from] Stealth Rock\n|-activate|p1a: Tapu Koko|confusion\n|move|p1a: Tapu Koko|Volt Switch|p2a: Ferrothorn\n|-resisted|p2a: Ferrothorn\n|-damage|p2a: Ferrothorn|76\/100\n|\n|switch|p1a: Marowak|Marowak-Alola, F|100\/100|[from]move: Volt Switch\n|\n|-weather|RainDance|[upkeep]\n|-heal|p2a: Ferrothorn|83\/100|[from] item: Leftovers\n|upkeep\n|turn|4\n|\n|switch|p2a: Greninja|Greninja, M|100\/100\n|-damage|p2a: Greninja|88\/100|[from] Stealth Rock\n|move|p1a: Marowak|Shadow Bone|p2a: Greninja\n|-resisted|p2a: Greninja\n|-damage|p2a: Greninja|33\/100\n|-unboost|p2a: Greninja|def|1\n|\n|-weather|RainDance|[upkeep]\n|upkeep\n|turn|5\n|\n|switch|p1a: Magearna|Magearna|100\/100\n|move|p2a: Greninja|Surf|p1a: Magearna\n|-damage|p1a: Magearna|30\/100\n|\n|-weather|RainDance|[upkeep]\n|upkeep\n|turn|6\n|\n|switch|p1a: Seismitoad|Seismitoad, M|50\/100\n|move|p2a: Greninja|Surf|p1a: Seismitoad\n|-heal|p1a: Seismitoad|75\/100|[from] ability: Water Absorb|[of] p2a: Greninja\n|\n|-weather|RainDance|[upkeep]\n|-heal|p1a: Seismitoad|81\/100|[from] item: Leftovers\n|-fieldend|move: Electric Terrain\n|upkeep\n|turn|7\n|\n|switch|p2a: Kyurem|Kyurem-Black, shiny|100\/100\n|-damage|p2a: Kyurem|75\/100|[from] Stealth Rock\n|-ability|p2a: Kyurem|Teravolt\n|switch|p1a: Marowak|Marowak-Alola, F|100\/100\n|\n|-weather|RainDance|[upkeep]\n|upkeep\n|turn|8\n|\n|move|p2a: Kyurem|Earth Power|p1a: Marowak\n|-supereffective|p1a: Marowak\n|-damage|p1a: Marowak|20\/100\n|move|p1a: Marowak|Shadow Bone|p2a: Kyurem\n|-damage|p2a: Kyurem|9\/100\n|\n|-weather|none\n|upkeep\n|turn|9\n|\n|switch|p1a: Magearna|Magearna|30\/100\n|-zpower|p2a: Kyurem\n|move|p2a: Kyurem|Subzero Slammer|p1a: Magearna|[zeffect]\n|-resisted|p1a: Magearna\n|-damage|p1a: Magearna|0 fnt\n|faint|p1a: Magearna\n|\n|upkeep\n|\n|switch|p1a: Tapu Koko|Tapu Koko|60\/100\n|-fieldstart|move: Electric Terrain|[from] ability: Electric Surge|[of] p1a: Tapu Koko\n|turn|10\n|\n|move|p1a: Tapu Koko|U-turn|p2a: Kyurem\n|-damage|p2a: Kyurem|0 fnt\n|faint|p2a: Kyurem\n|\n|switch|p1a: Tornadus|Tornadus-Therian, M|100\/100|[from]move: U-turn\n|\n|upkeep\n|\n|switch|p2a: Pelipper|Pelipper, M, shiny|100\/100\n|-damage|p2a: Pelipper|76\/100|[from] Stealth Rock\n|-weather|RainDance|[from] ability: Drizzle|[of] p2a: Pelipper\n|turn|11\n|\n|switch|p2a: Ferrothorn|Ferrothorn, M|83\/100\n|-damage|p2a: Ferrothorn|76\/100|[from] Stealth Rock\n|move|p1a: Tornadus|Hurricane|p2a: Ferrothorn\n|-damage|p2a: Ferrothorn|41\/100\n|\n|-weather|RainDance|[upkeep]\n|-heal|p2a: Ferrothorn|47\/100|[from] item: Leftovers\n|upkeep\n|turn|12\n|\n|switch|p1a: Marowak|Marowak-Alola, F|20\/100\n|move|p2a: Ferrothorn|Stealth Rock|p1a: Marowak\n|-sidestart|p1: uuuuiiii|move: Stealth Rock\n|\n|-weather|RainDance|[upkeep]\n|-heal|p2a: Ferrothorn|53\/100|[from] item: Leftovers\n|upkeep\n|turn|13\n|\n|switch|p2a: Swampert|Swampert, M, shiny|100\/100\n|-damage|p2a: Swampert|94\/100|[from] Stealth Rock\n|move|p1a: Marowak|Shadow Bone|p2a: Swampert\n|-damage|p2a: Swampert|13\/100\n|\n|-weather|RainDance|[upkeep]\n|upkeep\n|turn|14\n|\n|switch|p1a: Seismitoad|Seismitoad, M|81\/100\n|-damage|p1a: Seismitoad|75\/100|[from] Stealth Rock\n|detailschange|p2a: Swampert|Swampert-Mega, M, shiny\n|-mega|p2a: Swampert|Swampert|Swampertite\n|move|p2a: Swampert|Waterfall|p1a: Seismitoad\n|-heal|p1a: Seismitoad|99\/100|[from] ability: Water Absorb|[of] p2a: Swampert\n|\n|-weather|RainDance|[upkeep]\n|-heal|p1a: Seismitoad|100\/100|[from] item: Leftovers\n|-fieldend|move: Electric Terrain\n|upkeep\n|turn|15\n|\n|switch|p1a: Tornadus|Tornadus-Therian, M|100\/100\n|-damage|p1a: Tornadus|76\/100|[from] Stealth Rock\n|move|p2a: Swampert|Earthquake|p1a: Tornadus\n|-immune|p1a: Tornadus\n|\n|-weather|RainDance|[upkeep]\n|upkeep\n|turn|16\n|\n|switch|p1a: Seismitoad|Seismitoad, M|100\/100\n|-damage|p1a: Seismitoad|94\/100|[from] Stealth Rock\n|move|p2a: Swampert|Waterfall|p1a: Seismitoad\n|-heal|p1a: Seismitoad|100\/100|[from] ability: Water Absorb|[of] p2a: Swampert\n|\n|-weather|RainDance|[upkeep]\n|upkeep\n|turn|17\n|c|\u2606Dragon Zord 6|what the hell are u doing\n|\n|move|p2a: Swampert|Earthquake|p1a: Seismitoad\n|-damage|p1a: Seismitoad|52\/100\n|move|p1a: Seismitoad|Earthquake|p2a: Swampert\n|-damage|p2a: Swampert|0 fnt\n|faint|p2a: Swampert\n|\n|-weather|RainDance|[upkeep]\n|-heal|p1a: Seismitoad|58\/100|[from] item: Leftovers\n|upkeep\n|\n|switch|p2a: Ferrothorn|Ferrothorn, M|53\/100\n|-damage|p2a: Ferrothorn|47\/100|[from] Stealth Rock\n|turn|18\n|\n|switch|p1a: Tornadus|Tornadus-Therian, M|100\/100\n|-damage|p1a: Tornadus|76\/100|[from] Stealth Rock\n|move|p2a: Ferrothorn|Power Whip|p1a: Tornadus|[miss]\n|-miss|p2a: Ferrothorn|p1a: Tornadus\n|\n|-weather|none\n|-heal|p2a: Ferrothorn|53\/100|[from] item: Leftovers\n|upkeep\n|turn|19\n|\n|move|p1a: Tornadus|Heat Wave|p2a: Ferrothorn\n|-supereffective|p2a: Ferrothorn\n|-damage|p2a: Ferrothorn|0 fnt\n|faint|p2a: Ferrothorn\n|\n|upkeep\n|\n|switch|p2a: Greninja|Greninja, M|33\/100\n|-damage|p2a: Greninja|21\/100|[from] Stealth Rock\n|turn|20\n|\n|switch|p1a: Marowak|Marowak-Alola, F|20\/100\n|-damage|p1a: Marowak|0 fnt|[from] Stealth Rock\n|faint|p1a: Marowak\n|move|p2a: Greninja|Dark Pulse|p1: Marowak|[notarget]\n|-fail|p2a: Greninja\n|\n|upkeep\n|\n|switch|p1a: Tapu Koko|Tapu Koko|60\/100\n|-damage|p1a: Tapu Koko|47\/100|[from] Stealth Rock\n|-fieldstart|move: Electric Terrain|[from] ability: Electric Surge|[of] p1a: Tapu Koko\n|turn|21\n|\n|switch|p2a: Pelipper|Pelipper, M, shiny|76\/100\n|-damage|p2a: Pelipper|51\/100|[from] Stealth Rock\n|-weather|RainDance|[from] ability: Drizzle|[of] p2a: Pelipper\n|move|p1a: Tapu Koko|Volt Switch|p2a: Pelipper\n|-supereffective|p2a: Pelipper\n|-damage|p2a: Pelipper|0 fnt\n|faint|p2a: Pelipper\n|\n|switch|p1a: Hawlucha|Hawlucha, F|100\/100|[from]move: Volt Switch\n|-damage|p1a: Hawlucha|88\/100|[from] Stealth Rock\n|-enditem|p1a: Hawlucha|Electric Seed\n|-boost|p1a: Hawlucha|def|1\n|\n|-weather|RainDance|[upkeep]\n|upkeep\n|\n|switch|p2a: Greninja|Greninja, M|21\/100\n|-damage|p2a: Greninja|9\/100|[from] Stealth Rock\n|turn|22\n|\n|move|p2a: Greninja|Water Shuriken|p1a: Hawlucha\n|-damage|p1a: Hawlucha|65\/100\n|-damage|p1a: Hawlucha|41\/100\n|-damage|p1a: Hawlucha|17\/100\n|-hitcount|p1a: Hawlucha|3\n|move|p1a: Hawlucha|Acrobatics|p2a: Greninja\n|-damage|p2a: Greninja|0 fnt\n|faint|p2a: Greninja\n|\n|-weather|RainDance|[upkeep]\n|upkeep\n|\n|switch|p2a: Kingdra|Kingdra, F|100\/100\n|-damage|p2a: Kingdra|88\/100|[from] Stealth Rock\n|turn|23\n|\n|move|p1a: Hawlucha|Acrobatics|p2a: Kingdra\n|-damage|p2a: Kingdra|24\/100\n|move|p2a: Kingdra|Hidden Power|p1a: Hawlucha\n|-damage|p1a: Hawlucha|0 fnt\n|faint|p1a: Hawlucha\n|\n|-weather|RainDance|[upkeep]\n|upkeep\n|\n|switch|p1a: Tapu Koko|Tapu Koko|47\/100\n|-damage|p1a: Tapu Koko|35\/100|[from] Stealth Rock\n|turn|24\n|\n|move|p1a: Tapu Koko|Dazzling Gleam|p2a: Kingdra\n|-supereffective|p2a: Kingdra\n|-damage|p2a: Kingdra|0 fnt\n|faint|p2a: Kingdra\n|\n|win|uuuuiiii\n|raw|uuuuiiii's rating: 1788 &rarr; <strong>1803<\/strong><br \/>(+15 for winning)\n|raw|Dragon Zord 6's rating: 1699 &rarr; <strong>1684<\/strong><br \/>(-15 for losing)\n|c|\u2606Dragon Zord 6|get out boob\n|c|\u2606Dragon Zord 6|stupid as  hell plays\n|l|\u2606Dragon Zord 6\n","uploadtime":1564752751,"views":4,"p1id":"uuuuiiii","p2id":"dragonzord6","formatid":"gen7ou","rating":1684,"private":0,"password":null}