{"id":"gen7randombattle-1594904858","p1":"Tzortz","p2":"BigWes95","format":"gen7randombattle","log":"|j|\u2606Tzortz\n|j|\u2606BigWes95\n|t:|1655065099\n|gametype|singles\n|player|p1|Tzortz|lance-gen1|1583\n|player|p2|BigWes95|lusamine-nihilego|1561\n|teamsize|p1|6\n|teamsize|p2|6\n|gen|7\n|tier|[Gen 7] Random Battle\n|rated|\n|rule|Sleep Clause Mod: Limit one foe put to sleep\n|rule|HP Percentage Mod: HP is shown in percentages\n|rule|Mega Rayquaza Clause: You cannot mega evolve Rayquaza\n|\n|t:|1655065099\n|start\n|switch|p1a: Lanturn|Lanturn, L88, M|363\/363\n|switch|p2a: Kyurem|Kyurem-Black, L80|331\/331\n|-ability|p2a: Kyurem|Teravolt\n|turn|1\n|inactive|Battle timer is ON: inactive players will automatically lose when time's up. (requested by BigWes95)\n|inactive|Tzortz also wants the timer to be on.\n|\n|t:|1655065123\n|move|p2a: Kyurem|Outrage|p1a: Lanturn\n|-damage|p1a: Lanturn|126\/363\n|move|p1a: Lanturn|Scald|p2a: Kyurem\n|-resisted|p2a: Kyurem\n|-damage|p2a: Kyurem|274\/331\n|-damage|p1a: Lanturn|90\/363|[from] item: Life Orb\n|\n|-heal|p2a: Kyurem|294\/331|[from] item: Leftovers\n|upkeep\n|turn|2\n|\n|t:|1655065138\n|move|p2a: Kyurem|Outrage|p1a: Lanturn|[from]lockedmove\n|-damage|p1a: Lanturn|0 fnt\n|faint|p1a: Lanturn\n|\n|-heal|p2a: Kyurem|314\/331|[from] item: Leftovers\n|upkeep\n|inactive|Tzortz has 120 seconds left.\n|\n|t:|1655065162\n|switch|p1a: Ninetales|Ninetales, L84, F|259\/259\n|-weather|SunnyDay|[from] ability: Drought|[of] p1a: Ninetales\n|turn|3\n|\n|t:|1655065167\n|move|p1a: Ninetales|Substitute|p1a: Ninetales\n|-start|p1a: Ninetales|Substitute\n|-damage|p1a: Ninetales|195\/259\n|move|p2a: Kyurem|Outrage|p1a: Ninetales|[from]lockedmove\n|-end|p1a: Ninetales|Substitute\n|-start|p2a: Kyurem|confusion|[fatigue]\n|\n|-weather|SunnyDay|[upkeep]\n|-heal|p1a: Ninetales|211\/259|[from] item: Leftovers\n|-heal|p2a: Kyurem|331\/331|[from] item: Leftovers\n|upkeep\n|turn|4\n|\n|t:|1655065177\n|switch|p2a: Regirock|Regirock, L88|284\/284\n|move|p1a: Ninetales|Fire Blast|p2a: Regirock\n|-resisted|p2a: Regirock\n|-damage|p2a: Regirock|215\/284\n|\n|-weather|SunnyDay|[upkeep]\n|-heal|p1a: Ninetales|227\/259|[from] item: Leftovers\n|upkeep\n|turn|5\n|\n|t:|1655065189\n|move|p1a: Ninetales|Nasty Plot|p1a: Ninetales\n|-boost|p1a: Ninetales|spa|2\n|move|p2a: Regirock|Rock Slide|p1a: Ninetales\n|-supereffective|p1a: Ninetales\n|-damage|p1a: Ninetales|17\/259\n|\n|-weather|SunnyDay|[upkeep]\n|-heal|p1a: Ninetales|33\/259|[from] item: Leftovers\n|upkeep\n|turn|6\n|\n|t:|1655065198\n|move|p1a: Ninetales|Solar Beam||[still]\n|-prepare|p1a: Ninetales|Solar Beam\n|-anim|p1a: Ninetales|Solar Beam|p2a: Regirock\n|-supereffective|p2a: Regirock\n|-damage|p2a: Regirock|0 fnt\n|faint|p2a: Regirock\n|\n|-weather|SunnyDay|[upkeep]\n|-heal|p1a: Ninetales|49\/259|[from] item: Leftovers\n|upkeep\n|\n|t:|1655065203\n|switch|p2a: Pachirisu|Pachirisu, L88, M|249\/249\n|turn|7\n|\n|t:|1655065215\n|switch|p1a: Minun|Minun, L88, F|249\/249\n|move|p2a: Pachirisu|Thunderbolt|p1a: Minun\n|-immune|p1a: Minun|[from] ability: Volt Absorb\n|\n|-weather|none\n|upkeep\n|turn|8\n|\n|t:|1655065228\n|move|p1a: Minun|Nasty Plot|p1a: Minun\n|-boost|p1a: Minun|spa|2\n|move|p2a: Pachirisu|U-turn|p1a: Minun\n|-damage|p1a: Minun|202\/249\n|\n|t:|1655065230\n|switch|p2a: Diggersby|Diggersby, L82, M|274\/274\n|\n|-heal|p1a: Minun|217\/249|[from] item: Leftovers\n|upkeep\n|turn|9\n|\n|t:|1655065237\n|move|p1a: Minun|Hidden Power|p2a: Diggersby\n|-supereffective|p2a: Diggersby\n|-damage|p2a: Diggersby|90\/274\n|move|p2a: Diggersby|Earthquake|p1a: Minun\n|-supereffective|p1a: Minun\n|-damage|p1a: Minun|0 fnt\n|faint|p1a: Minun\n|-damage|p2a: Diggersby|63\/274|[from] item: Life Orb\n|\n|upkeep\n|\n|t:|1655065247\n|switch|p1a: Tauros|Tauros, L88, M|275\/275\n|turn|10\n|\n|t:|1655065254\n|move|p1a: Tauros|Body Slam|p2a: Diggersby\n|-damage|p2a: Diggersby|0 fnt\n|faint|p2a: Diggersby\n|\n|upkeep\n|\n|t:|1655065260\n|switch|p2a: Samurott|Samurott, L86, F|304\/304\n|turn|11\n|\n|t:|1655065270\n|move|p1a: Tauros|Body Slam|p2a: Samurott\n|-damage|p2a: Samurott|131\/304\n|move|p2a: Samurott|Sacred Sword|p1a: Tauros\n|-supereffective|p1a: Tauros\n|-damage|p1a: Tauros|149\/275\n|\n|upkeep\n|turn|12\n|\n|t:|1655065276\n|move|p2a: Samurott|Aqua Jet|p1a: Tauros\n|-damage|p1a: Tauros|107\/275\n|move|p1a: Tauros|Body Slam|p2a: Samurott\n|-damage|p2a: Samurott|0 fnt\n|faint|p2a: Samurott\n|\n|upkeep\n|\n|t:|1655065281\n|switch|p2a: Pachirisu|Pachirisu, L88, M|249\/249\n|turn|13\n|\n|t:|1655065287\n|move|p1a: Tauros|Earthquake|p2a: Pachirisu\n|-supereffective|p2a: Pachirisu\n|-damage|p2a: Pachirisu|15\/249\n|-damage|p1a: Tauros|80\/275|[from] item: Life Orb\n|move|p2a: Pachirisu|Nuzzle|p1a: Tauros\n|-damage|p1a: Tauros|67\/275\n|-status|p1a: Tauros|par\n|\n|-heal|p2a: Pachirisu|30\/249|[from] item: Leftovers\n|upkeep\n|turn|14\n|\n|t:|1655065303\n|move|p2a: Pachirisu|Thunderbolt|p1a: Tauros\n|-damage|p1a: Tauros|0 fnt\n|faint|p1a: Tauros\n|\n|-heal|p2a: Pachirisu|45\/249|[from] item: Leftovers\n|upkeep\n|\n|t:|1655065311\n|switch|p1a: Latias|Latias, L80, F|259\/259\n|turn|15\n|\n|t:|1655065317\n|detailschange|p1a: Latias|Latias-Mega, L80, F\n|-mega|p1a: Latias|Latias|Latiasite\n|move|p1a: Latias|Psyshock|p2a: Pachirisu\n|-damage|p2a: Pachirisu|0 fnt\n|faint|p2a: Pachirisu\n|\n|upkeep\n|\n|t:|1655065319\n|switch|p2a: Dewgong|Dewgong, L88, M|302\/302\n|turn|16\n|\n|t:|1655065331\n|switch|p1a: Hitmonlee|Hitmonlee, L86, M|226\/226\n|move|p2a: Dewgong|Ice Beam|p1a: Hitmonlee\n|-damage|p1a: Hitmonlee|154\/226\n|\n|-heal|p1a: Hitmonlee|168\/226|[from] item: Leftovers\n|upkeep\n|turn|17\n|\n|t:|1655065346\n|move|p1a: Hitmonlee|High Jump Kick|p2a: Dewgong\n|-supereffective|p2a: Dewgong\n|-damage|p2a: Dewgong|0 fnt\n|faint|p2a: Dewgong\n|\n|-heal|p1a: Hitmonlee|182\/226|[from] item: Leftovers\n|upkeep\n|-message|BigWes95 forfeited.\n|\n|win|Tzortz\n|raw|Tzortz's rating: 1583 &rarr; <strong>1602<\/strong><br \/>(+19 for winning)\n|raw|BigWes95's rating: 1561 &rarr; <strong>1542<\/strong><br \/>(-19 for losing)\n|l|\u2606BigWes95\n|l|\u2606Tzortz\n","inputlog":">version 670c2f5a4ee85e366483c1d6b048cac7bb7a651c\n>start {\"formatid\":\"gen7randombattle\",\"seed\":[6973,51780,30711,20606],\"rated\":\"Rated battle\"}\n>player p1 {\"name\":\"Tzortz\",\"avatar\":\"lance-gen1\",\"rating\":1583,\"seed\":[11092,46053,7554,38971]}\n>player p2 {\"name\":\"BigWes95\",\"avatar\":\"lusamine-nihilego\",\"rating\":1561,\"seed\":[29697,48199,32600,33414]}\n>p1 move scald\n>p2 move outrage\n>p1 move voltswitch\n>p2 move outrage\n>p1 switch 3\n>p1 move substitute\n>p2 move outrage\n>p1 move fireblast\n>p2 switch 3\n>p1 move nastyplot\n>p2 move rockslide\n>p1 move solarbeam\n>p2 move drainpunch\n>p2 switch 6\n>p1 switch 4\n>p2 move thunderbolt\n>p1 move nastyplot\n>p2 move uturn\n>p2 switch 5\n>p1 move hiddenpower\n>p2 move earthquake\n>p1 switch 6\n>p1 move bodyslam\n>p2 move earthquake\n>p2 switch 4\n>p1 move bodyslam\n>p2 move sacredsword\n>p1 move bodyslam\n>p2 move aquajet\n>p2 switch 5\n>p1 move earthquake\n>p2 move nuzzle\n>p1 move bodyslam\n>p2 move thunderbolt\n>p1 switch 2\n>p1 move psyshock mega\n>p2 move nuzzle\n>p2 switch 2\n>p1 switch 5\n>p2 move icebeam\n>p1 move highjumpkick\n>p2 move icebeam\n>forcelose p2","uploadtime":1655065363,"views":1,"p1id":"tzortz","p2id":"bigwes95","formatid":"gen7randombattle","rating":1542,"private":0,"password":null}