{"id":"gen7randombattle-870099388","p1":"wolfwarrior","p2":"Unidad Gantz","format":"gen7randombattle","log":"|j|\u2606wolfwarrior\n|j|\u2606Unidad Gantz\n|player|p1|wolfwarrior|162\n|player|p2|Unidad Gantz|288\n|teamsize|p1|6\n|teamsize|p2|6\n|gametype|singles\n|gen|7\n|tier|[Gen 7] Random Battle\n|rated|\n|seed|2986,37982,22349,19329\n|rule|Sleep Clause Mod: Limit one foe put to sleep\n|rule|HP Percentage Mod: HP is shown in percentages\n|\n|start\n|switch|p1a: Lickilicky|Lickilicky, L84, F|322\/322\n|switch|p2a: Kingdra|Kingdra, L80, F|251\/251\n|-ability|p1a: Lickilicky|Cloud Nine\n|turn|1\n|\n|move|p2a: Kingdra|Dragon Dance|p2a: Kingdra\n|-boost|p2a: Kingdra|atk|1\n|-boost|p2a: Kingdra|spe|1\n|move|p1a: Lickilicky|Body Slam|p2a: Kingdra\n|-damage|p2a: Kingdra|176\/251\n|\n|upkeep\n|turn|2\n|\n|move|p2a: Kingdra|Rain Dance|p2a: Kingdra\n|-weather|RainDance\n|move|p1a: Lickilicky|Body Slam|p2a: Kingdra\n|-damage|p2a: Kingdra|95\/251\n|\n|-weather|RainDance|[upkeep]\n|upkeep\n|turn|3\n|\n|move|p2a: Kingdra|Waterfall|p1a: Lickilicky\n|-damage|p1a: Lickilicky|213\/322\n|move|p1a: Lickilicky|Body Slam|p2a: Kingdra\n|-crit|p2a: Kingdra\n|-damage|p2a: Kingdra|0 fnt\n|faint|p2a: Kingdra\n|\n|-weather|RainDance|[upkeep]\n|-heal|p1a: Lickilicky|233\/322|[from] item: Leftovers\n|upkeep\n|\n|switch|p2a: Infernape|Infernape, L77, M|244\/244\n|turn|4\n|\n|switch|p1a: Cofagrigus|Cofagrigus, L80, F|224\/224\n|move|p2a: Infernape|Stealth Rock|p1a: Cofagrigus\n|-sidestart|p1: wolfwarrior|move: Stealth Rock\n|\n|-weather|RainDance|[upkeep]\n|upkeep\n|turn|5\n|\n|switch|p2a: Swellow|Swellow, L79, F|223\/223\n|move|p1a: Cofagrigus|Shadow Ball|p2a: Swellow\n|-immune|p2a: Swellow\n|\n|-weather|RainDance|[upkeep]\n|-status|p2a: Swellow|brn|[from] item: Flame Orb\n|upkeep\n|turn|6\n|\n|switch|p1a: Ferrothorn|Ferrothorn, L75, M|235\/235\n|-damage|p1a: Ferrothorn|221\/235|[from] Stealth Rock\n|move|p2a: Swellow|U-turn|p1a: Ferrothorn\n|-damage|p1a: Ferrothorn|173\/235\n|-damage|p2a: Swellow|196\/223 brn|[from] ability: Iron Barbs|[of] p1a: Ferrothorn\n|-damage|p2a: Swellow|159\/223 brn|[from] item: Rocky Helmet|[of] p1a: Ferrothorn\n|\n|switch|p2a: Infernape|Infernape, L77, M|244\/244|[from]move: U-turn\n|\n|-weather|RainDance|[upkeep]\n|upkeep\n|turn|7\n|\n|switch|p1a: Cofagrigus|Cofagrigus, L80, F|224\/224\n|-damage|p1a: Cofagrigus|196\/224|[from] Stealth Rock\n|move|p2a: Infernape|Flare Blitz|p1a: Cofagrigus\n|-damage|p1a: Cofagrigus|144\/224\n|-activate|p1a: Cofagrigus|ability: Mummy|Blaze|[of] p2a: Infernape\n|-damage|p2a: Infernape|227\/244|[from] Recoil\n|-damage|p2a: Infernape|203\/244|[from] item: Life Orb\n|\n|-weather|RainDance|[upkeep]\n|-heal|p1a: Cofagrigus|158\/224|[from] item: Leftovers\n|upkeep\n|turn|8\n|\n|switch|p2a: Swellow|Swellow, L79, F|159\/223 brn\n|move|p1a: Cofagrigus|Hidden Power|p2a: Swellow\n|-damage|p2a: Swellow|97\/223 brn\n|\n|-weather|RainDance|[upkeep]\n|-heal|p1a: Cofagrigus|172\/224|[from] item: Leftovers\n|-damage|p2a: Swellow|84\/223 brn|[from] brn\n|upkeep\n|turn|9\n|inactive|Battle timer is ON: inactive players will automatically lose when time's up. (requested by wolfwarrior)\n|inactive|Unidad Gantz has 120 seconds left.\n|\n|move|p2a: Swellow|U-turn|p1a: Cofagrigus\n|-resisted|p1a: Cofagrigus\n|-damage|p1a: Cofagrigus|151\/224\n|-activate|p1a: Cofagrigus|ability: Mummy|Guts|[of] p2a: Swellow\n|\n|switch|p2a: Comfey|Comfey, L81, F|215\/215|[from]move: U-turn\n|move|p1a: Cofagrigus|Hidden Power|p2a: Comfey\n|-resisted|p2a: Comfey\n|-damage|p2a: Comfey|199\/215\n|\n|-weather|none\n|-heal|p2a: Comfey|212\/215|[from] item: Leftovers\n|-heal|p1a: Cofagrigus|165\/224|[from] item: Leftovers\n|upkeep\n|turn|10\n|inactive|wolfwarrior has 120 seconds left.\n|\n|switch|p2a: Infernape|Infernape, L77, M|203\/244\n|switch|p1a: Ferrothorn|Ferrothorn, L75, M|173\/235\n|-damage|p1a: Ferrothorn|159\/235|[from] Stealth Rock\n|\n|upkeep\n|turn|11\n|inactive|wolfwarrior has 120 seconds left.\n|\n|switch|p1a: Cofagrigus|Cofagrigus, L80, F|165\/224\n|-damage|p1a: Cofagrigus|137\/224|[from] Stealth Rock\n|move|p2a: Infernape|Flare Blitz|p1a: Cofagrigus\n|-damage|p1a: Cofagrigus|36\/224\n|-activate|p1a: Cofagrigus|ability: Mummy|Blaze|[of] p2a: Infernape\n|-damage|p2a: Infernape|170\/244|[from] Recoil\n|-damage|p2a: Infernape|146\/244|[from] item: Life Orb\n|\n|-heal|p1a: Cofagrigus|50\/224|[from] item: Leftovers\n|upkeep\n|turn|12\n|\n|move|p2a: Infernape|Flare Blitz|p1a: Cofagrigus\n|-damage|p1a: Cofagrigus|0 fnt\n|-damage|p2a: Infernape|129\/244|[from] Recoil\n|-damage|p2a: Infernape|105\/244|[from] item: Life Orb\n|faint|p1a: Cofagrigus\n|\n|upkeep\n|inactive|wolfwarrior has 120 seconds left.\n|\n|switch|p1a: Manaphy|Manaphy, L76|277\/277\n|-damage|p1a: Manaphy|243\/277|[from] Stealth Rock\n|turn|13\n|\n|switch|p2a: Victreebel|Victreebel, L84, F|272\/272\n|move|p1a: Manaphy|Surf|p2a: Victreebel\n|-resisted|p2a: Victreebel\n|-damage|p2a: Victreebel|222\/272\n|\n|-heal|p1a: Manaphy|260\/277|[from] item: Leftovers\n|upkeep\n|turn|14\n|\n|switch|p1a: Lickilicky|Lickilicky, L84, F|233\/322\n|-damage|p1a: Lickilicky|193\/322|[from] Stealth Rock\n|-ability|p1a: Lickilicky|Cloud Nine\n|move|p2a: Victreebel|Swords Dance|p2a: Victreebel\n|-boost|p2a: Victreebel|atk|2\n|\n|-heal|p1a: Lickilicky|213\/322|[from] item: Leftovers\n|upkeep\n|turn|15\n|\n|-zpower|p2a: Victreebel\n|move|p2a: Victreebel|Bloom Doom|p1a: Lickilicky|[zeffect]\n|-damage|p1a: Lickilicky|0 fnt\n|faint|p1a: Lickilicky\n|\n|upkeep\n|\n|switch|p1a: Manaphy|Manaphy, L76|260\/277\n|-damage|p1a: Manaphy|226\/277|[from] Stealth Rock\n|turn|16\n|\n|move|p1a: Manaphy|Ice Beam|p2a: Victreebel\n|-supereffective|p2a: Victreebel\n|-damage|p2a: Victreebel|102\/272\n|-status|p2a: Victreebel|frz\n|-curestatus|p2a: Victreebel|frz|[msg]\n|move|p2a: Victreebel|Power Whip|p1a: Manaphy\n|-supereffective|p1a: Manaphy\n|-damage|p1a: Manaphy|0 fnt\n|faint|p1a: Manaphy\n|\n|upkeep\n|\n|switch|p1a: Kyogre|Kyogre, L73|266\/266\n|-damage|p1a: Kyogre|233\/266|[from] Stealth Rock\n|detailschange|p1a: Kyogre|Kyogre-Primal, L73\n|-primal|p1a: Kyogre\n|-weather|PrimordialSea|[from] ability: Primordial Sea|[of] p1a: Kyogre\n|turn|17\n|inactive|Unidad Gantz has 120 seconds left.\n|\n|move|p1a: Kyogre|Ice Beam|p2a: Victreebel\n|-supereffective|p2a: Victreebel\n|-damage|p2a: Victreebel|0 fnt\n|faint|p2a: Victreebel\n|\n|-weather|PrimordialSea|[upkeep]\n|upkeep\n|\n|switch|p2a: Comfey|Comfey, L81, F|212\/215\n|turn|18\n|\n|-weather|none\n|switch|p1a: Vikavolt|Vikavolt, L81, M|257\/257\n|-damage|p1a: Vikavolt|193\/257|[from] Stealth Rock\n|move|p2a: Comfey|Toxic|p1a: Vikavolt\n|-status|p1a: Vikavolt|tox\n|\n|-heal|p2a: Comfey|215\/215|[from] item: Leftovers\n|-damage|p1a: Vikavolt|177\/257 tox|[from] psn\n|upkeep\n|turn|19\n|\n|move|p2a: Comfey|Draining Kiss|p1a: Vikavolt\n|-damage|p1a: Vikavolt|123\/257 tox\n|move|p1a: Vikavolt|Thunderbolt|p2a: Comfey\n|-damage|p2a: Comfey|71\/215\n|-damage|p1a: Vikavolt|98\/257 tox|[from] item: Life Orb\n|\n|-heal|p2a: Comfey|84\/215|[from] item: Leftovers\n|-damage|p1a: Vikavolt|66\/257 tox|[from] psn\n|upkeep\n|turn|20\n|\n|move|p2a: Comfey|Draining Kiss|p1a: Vikavolt\n|-damage|p1a: Vikavolt|17\/257 tox\n|-heal|p2a: Comfey|121\/215|[from] drain|[of] p1a: Vikavolt\n|move|p1a: Vikavolt|Thunderbolt|p2a: Comfey\n|-damage|p2a: Comfey|0 fnt\n|-damage|p1a: Vikavolt|0 fnt|[from] item: Life Orb\n|faint|p2a: Comfey\n|faint|p1a: Vikavolt\n|\n|upkeep\n|\n|switch|p2a: Swellow|Swellow, L79, F|84\/223 brn\n|switch|p1a: Kyogre|Kyogre-Primal, L73|233\/266\n|-damage|p1a: Kyogre|200\/266|[from] Stealth Rock\n|-weather|PrimordialSea|[from] ability: Primordial Sea|[of] p1a: Kyogre\n|turn|21\n|\n|-weather|none\n|switch|p1a: Ferrothorn|Ferrothorn, L75, M|159\/235\n|-damage|p1a: Ferrothorn|145\/235|[from] Stealth Rock\n|move|p2a: Swellow|Facade|p1a: Ferrothorn\n|-resisted|p1a: Ferrothorn\n|-damage|p1a: Ferrothorn|68\/235\n|-damage|p2a: Swellow|57\/223 brn|[from] ability: Iron Barbs|[of] p1a: Ferrothorn\n|-damage|p2a: Swellow|20\/223 brn|[from] item: Rocky Helmet|[of] p1a: Ferrothorn\n|\n|-damage|p2a: Swellow|7\/223 brn|[from] brn\n|upkeep\n|turn|22\n|\n|move|p2a: Swellow|Facade|p1a: Ferrothorn\n|-resisted|p1a: Ferrothorn\n|-damage|p1a: Ferrothorn|0 fnt\n|-damage|p2a: Swellow|0 fnt|[from] ability: Iron Barbs|[of] p1a: Ferrothorn\n|faint|p1a: Ferrothorn\n|faint|p2a: Swellow\n|\n|upkeep\n|\n|switch|p2a: Infernape|Infernape, L77, M|105\/244\n|switch|p1a: Kyogre|Kyogre-Primal, L73|200\/266\n|-damage|p1a: Kyogre|167\/266|[from] Stealth Rock\n|-weather|PrimordialSea|[from] ability: Primordial Sea|[of] p1a: Kyogre\n|turn|23\n|\n|move|p2a: Infernape|Grass Knot|p1a: Kyogre\n|-supereffective|p1a: Kyogre\n|-damage|p1a: Kyogre|19\/266\n|-damage|p2a: Infernape|81\/244|[from] item: Life Orb\n|move|p1a: Kyogre|Scald|p2a: Infernape\n|-supereffective|p2a: Infernape\n|-damage|p2a: Infernape|0 fnt\n|faint|p2a: Infernape\n|\n|-weather|PrimordialSea|[upkeep]\n|upkeep\n|\n|switch|p2a: Excadrill|Excadrill, L75, F|289\/289\n|-ability|p2a: Excadrill|Mold Breaker\n|turn|24\n|\n|move|p2a: Excadrill|Earthquake|p1a: Kyogre\n|-damage|p1a: Kyogre|0 fnt\n|-damage|p2a: Excadrill|261\/289|[from] item: Life Orb\n|faint|p1a: Kyogre\n|-weather|none\n|\n|win|Unidad Gantz\n|l|\u2606wolfwarrior\n","inputlog":">version 73151072a308abbdeed268da1fa91aa75abaa36a\n>start {\"formatid\":\"gen7randombattle\",\"seed\":[2986,37982,22349,19329],\"rated\":\"Rated battle\"}\n>player p1 {\"name\":\"wolfwarrior\",\"avatar\":\"162\",\"team\":\"\"}\n>player p2 {\"name\":\"Unidad Gantz\",\"avatar\":\"288\",\"team\":\"\"}\n>p1 move bodyslam\n>p2 move dragondance\n>p1 move bodyslam\n>p2 move raindance\n>p1 move bodyslam\n>p2 move waterfall\n>p2 switch 2\n>p1 switch 2\n>p2 move stealthrock\n>p1 move shadowball\n>p2 switch 3\n>p1 switch 3\n>p2 move uturn\n>p2 switch 3\n>p1 switch 3\n>p2 move flareblitz\n>p1 move hiddenpower\n>p2 switch 3\n>p1 move hiddenpower\n>p2 move uturn\n>p2 switch 4\n>p1 switch 3\n>p2 switch 3\n>p1 switch 3\n>p2 move flareblitz\n>p1 move painsplit\n>p2 move flareblitz\n>p1 switch 4\n>p1 move surf\n>p2 switch 5\n>p1 switch 2\n>p2 move swordsdance\n>p1 move bodyslam\n>p2 move powerwhip zmove\n>p1 switch 2\n>p1 move icebeam\n>p2 move powerwhip\n>p1 switch 5\n>p1 move icebeam\n>p2 move powerwhip\n>p2 switch 3\n>p1 switch 6\n>p2 move toxic\n>p1 move thunderbolt\n>p2 move drainingkiss\n>p1 move thunderbolt\n>p2 move drainingkiss\n>p1 switch 6\n>p2 switch 4\n>p1 switch 3\n>p2 move facade\n>p1 move stealthrock\n>p2 move facade\n>p1 switch 3\n>p2 switch 5\n>p1 move scald\n>p2 move grassknot\n>p2 switch 6\n>p1 move scald\n>p2 move earthquake","uploadtime":1551563111,"views":0,"p1id":"wolfwarrior","p2id":"unidadgantz","formatid":"gen7randombattle","rating":0,"private":0,"password":null}