{"id":"gen7ou-1608737967","p1":"Skip The Drip","p2":"rick asthma","format":"gen7ou","log":"|j|\u2606Skip The Drip\n|j|\u2606rick asthma\n|inactive|Battle timer is ON: inactive players will automatically lose when time's up.\n|t:|1656768011\n|gametype|singles\n|player|p1|Skip The Drip|lass-gen4dp|\n|player|p2|rick asthma|ryuki|\n|teamsize|p1|6\n|teamsize|p2|6\n|gen|7\n|tier|[Gen 7] OU\n|rated|Tournament battle\n|rule|Sleep Clause Mod: Limit one foe put to sleep\n|rule|Species Clause: Limit one of each Pok\u00e9mon\n|rule|OHKO Clause: OHKO moves are banned\n|rule|Moody Clause: Moody is banned\n|rule|Evasion Moves Clause: Evasion moves are banned\n|rule|Endless Battle Clause: Forcing endless battles is banned\n|rule|HP Percentage Mod: HP is shown in percentages\n|clearpoke\n|poke|p1|Wishiwashi, M|item\n|poke|p1|Cresselia, F|item\n|poke|p1|Araquanid, F|item\n|poke|p1|Pelipper, F|item\n|poke|p1|Magearna|item\n|poke|p1|Uxie|item\n|poke|p2|Tyranitar, F|item\n|poke|p2|Blacephalon|item\n|poke|p2|Toxapex, M|item\n|poke|p2|Kartana|item\n|poke|p2|Celesteela|item\n|poke|p2|Serperior, F|item\n|teampreview\n|j|%Sww-Suwa\n|\n|t:|1656768029\n|start\n|switch|p1a: Uxie|Uxie|100\/100\n|switch|p2a: Tyranitar|Tyranitar, F|100\/100\n|-weather|Sandstorm|[from] ability: Sand Stream|[of] p2a: Tyranitar\n|turn|1\n|\n|t:|1656768036\n|detailschange|p2a: Tyranitar|Tyranitar-Mega, F\n|-mega|p2a: Tyranitar|Tyranitar|Tyranitarite\n|move|p2a: Tyranitar|Dragon Dance|p2a: Tyranitar\n|-boost|p2a: Tyranitar|atk|1\n|-boost|p2a: Tyranitar|spe|1\n|move|p1a: Uxie|Trick Room|p1a: Uxie\n|-fieldstart|move: Trick Room|[of] p1a: Uxie\n|\n|-weather|Sandstorm|[upkeep]\n|-damage|p1a: Uxie|94\/100|[from] Sandstorm\n|upkeep\n|turn|2\n|\n|t:|1656768049\n|move|p1a: Uxie|Stealth Rock|p2a: Tyranitar\n|-sidestart|p2: rick asthma|move: Stealth Rock\n|move|p2a: Tyranitar|Crunch|p1a: Uxie\n|-supereffective|p1a: Uxie\n|-damage|p1a: Uxie|0 fnt\n|faint|p1a: Uxie\n|\n|-weather|Sandstorm|[upkeep]\n|upkeep\n|\n|t:|1656768052\n|switch|p1a: Magearna|Magearna|100\/100\n|turn|3\n|\n|t:|1656768071\n|switch|p2a: Blacephalon|Blacephalon|100\/100\n|-damage|p2a: Blacephalon|76\/100|[from] Stealth Rock\n|-zpower|p1a: Magearna\n|move|p1a: Magearna|All-Out Pummeling|p2a: Blacephalon|[zeffect]\n|-immune|p2a: Blacephalon\n|\n|-weather|Sandstorm|[upkeep]\n|-damage|p2a: Blacephalon|70\/100|[from] Sandstorm\n|upkeep\n|turn|4\n|c|\u2606Skip The Drip|that's a crazy play\n|\n|t:|1656768087\n|switch|p1a: Pelipper|Pelipper, F|100\/100\n|-weather|RainDance|[from] ability: Drizzle|[of] p1a: Pelipper\n|move|p2a: Blacephalon|Flamethrower|p1a: Pelipper\n|-resisted|p1a: Pelipper\n|-damage|p1a: Pelipper|81\/100\n|\n|-weather|RainDance|[upkeep]\n|upkeep\n|turn|5\n|c|\u2606Skip The Drip|Sww-Suwa\n|c|\u2606Skip The Drip|i have 2 z-moves\n|c|\u2606Skip The Drip|btw\n|c|\u2606Skip The Drip|XD\n|\n|t:|1656768109\n|switch|p2a: Celesteela|Celesteela|100\/100\n|-damage|p2a: Celesteela|88\/100|[from] Stealth Rock\n|move|p1a: Pelipper|Hurricane|p2a: Celesteela\n|-resisted|p2a: Celesteela\n|-damage|p2a: Celesteela|54\/100\n|-start|p2a: Celesteela|confusion\n|\n|-weather|RainDance|[upkeep]\n|-heal|p2a: Celesteela|60\/100|[from] item: Leftovers\n|-fieldend|move: Trick Room\n|upkeep\n|turn|6\n|c|%Sww-Suwa|oh yeah\n|c|\u2606rick asthma|lol\n|c|%Sww-Suwa|lmao\n|\n|t:|1656768122\n|-activate|p2a: Celesteela|confusion\n|move|p2a: Celesteela|Leech Seed|p1a: Pelipper\n|-start|p1a: Pelipper|move: Leech Seed\n|move|p1a: Pelipper|Hurricane|p2a: Celesteela\n|-resisted|p2a: Celesteela\n|-damage|p2a: Celesteela|26\/100\n|\n|-weather|RainDance|[upkeep]\n|-heal|p2a: Celesteela|32\/100|[from] item: Leftovers\n|-damage|p1a: Pelipper|68\/100|[from] Leech Seed|[of] p2a: Celesteela\n|-heal|p2a: Celesteela|42\/100|[silent]\n|upkeep\n|turn|7\n|c|\u2606Skip The Drip|why does he do this\n|\n|t:|1656768132\n|switch|p1a: Wishiwashi|Wishiwashi, M|100\/100\n|-formechange|p1a: Wishiwashi|Wishiwashi-School||[from] ability: Schooling\n|-activate|p2a: Celesteela|confusion\n|move|p2a: Celesteela|Protect||[still]\n|-fail|p2a: Celesteela\n|\n|-weather|RainDance|[upkeep]\n|-heal|p2a: Celesteela|48\/100|[from] item: Leftovers\n|upkeep\n|turn|8\n|\n|t:|1656768144\n|-activate|p2a: Celesteela|confusion\n|-damage|p2a: Celesteela|44\/100|[from] confusion\n|move|p1a: Wishiwashi|Hydro Pump|p2a: Celesteela|[miss]\n|-miss|p1a: Wishiwashi|p2a: Celesteela\n|\n|-weather|none\n|-heal|p2a: Celesteela|50\/100|[from] item: Leftovers\n|upkeep\n|turn|9\n|\n|t:|1656768148\n|-end|p2a: Celesteela|confusion\n|move|p2a: Celesteela|Leech Seed|p1a: Wishiwashi\n|-start|p1a: Wishiwashi|move: Leech Seed\n|move|p1a: Wishiwashi|Hydro Pump|p2a: Celesteela\n|-damage|p2a: Celesteela|0 fnt\n|faint|p2a: Celesteela\n|\n|upkeep\n|c|\u2606Skip The Drip|omg\n|c|\u2606Skip The Drip|it died\n|\n|t:|1656768160\n|switch|p2a: Serperior|Serperior, F|100\/100\n|-damage|p2a: Serperior|88\/100|[from] Stealth Rock\n|turn|10\n|\n|t:|1656768164\n|move|p2a: Serperior|Leaf Storm|p1a: Wishiwashi\n|-supereffective|p1a: Wishiwashi\n|-damage|p1a: Wishiwashi|9\/100\n|-boost|p2a: Serperior|spa|2\n|-enditem|p1a: Wishiwashi|Aguav Berry|[eat]\n|-heal|p1a: Wishiwashi|59\/100|[from] item: Aguav Berry\n|move|p1a: Wishiwashi|Ice Beam|p2a: Serperior\n|-supereffective|p2a: Serperior\n|-damage|p2a: Serperior|0 fnt\n|faint|p2a: Serperior\n|\n|upkeep\n|c|%Sww-Suwa|wait\n|\n|t:|1656768181\n|switch|p2a: Kartana|Kartana|100\/100\n|-damage|p2a: Kartana|94\/100|[from] Stealth Rock\n|turn|11\n|c|%Sww-Suwa|steela died to non specs?\n|c|\u2606Skip The Drip|yea\n|\n|t:|1656768191\n|switch|p1a: Magearna|Magearna|100\/100\n|move|p2a: Kartana|Leaf Blade|p1a: Magearna\n|-resisted|p1a: Magearna\n|-damage|p1a: Magearna|70\/100\n|-damage|p2a: Kartana|85\/100|[from] item: Life Orb\n|\n|upkeep\n|turn|12\n|\n|t:|1656768207\n|move|p2a: Kartana|Smart Strike|p1a: Magearna\n|-damage|p1a: Magearna|22\/100\n|-damage|p2a: Kartana|75\/100|[from] item: Life Orb\n|move|p1a: Magearna|Trick Room|p1a: Magearna\n|-fieldstart|move: Trick Room|[of] p1a: Magearna\n|\n|upkeep\n|turn|13\n|\n|t:|1656768218\n|switch|p1a: Araquanid|Araquanid, F|100\/100\n|switch|p2a: Toxapex|Toxapex, M|100\/100\n|-damage|p2a: Toxapex|88\/100|[from] Stealth Rock\n|\n|-heal|p2a: Toxapex|94\/100|[from] item: Black Sludge\n|upkeep\n|turn|14\n|\n|t:|1656768229\n|move|p2a: Toxapex|Sludge Bomb|p1a: Araquanid\n|-damage|p1a: Araquanid|78\/100\n|move|p1a: Araquanid|Substitute|p1a: Araquanid\n|-start|p1a: Araquanid|Substitute\n|-damage|p1a: Araquanid|54\/100\n|\n|-heal|p2a: Toxapex|100\/100|[from] item: Black Sludge\n|upkeep\n|turn|15\n|\n|t:|1656768236\n|move|p2a: Toxapex|Sludge Bomb|p1a: Araquanid\n|-activate|p1a: Araquanid|move: Substitute|[damage]\n|move|p1a: Araquanid|Liquidation|p2a: Toxapex\n|-resisted|p2a: Toxapex\n|-damage|p2a: Toxapex|76\/100\n|\n|-heal|p2a: Toxapex|82\/100|[from] item: Black Sludge\n|upkeep\n|turn|16\n|\n|t:|1656768245\n|move|p2a: Toxapex|Sludge Bomb|p1a: Araquanid\n|-end|p1a: Araquanid|Substitute\n|move|p1a: Araquanid|Liquidation|p2a: Toxapex\n|-resisted|p2a: Toxapex\n|-damage|p2a: Toxapex|56\/100\n|\n|-heal|p2a: Toxapex|62\/100|[from] item: Black Sludge\n|-fieldend|move: Trick Room\n|upkeep\n|turn|17\n|\n|t:|1656768252\n|switch|p1a: Magearna|Magearna|22\/100\n|move|p2a: Toxapex|Sludge Bomb|p1a: Magearna\n|-immune|p1a: Magearna\n|\n|-heal|p2a: Toxapex|68\/100|[from] item: Black Sludge\n|upkeep\n|turn|18\n|\n|t:|1656768259\n|move|p1a: Magearna|Thunderbolt|p2a: Toxapex\n|-supereffective|p2a: Toxapex\n|-damage|p2a: Toxapex|14\/100\n|move|p2a: Toxapex|Scald|p1a: Magearna\n|-damage|p1a: Magearna|0 fnt\n|faint|p1a: Magearna\n|\n|-heal|p2a: Toxapex|21\/100|[from] item: Black Sludge\n|upkeep\n|\n|t:|1656768274\n|switch|p1a: Cresselia|Cresselia, F|100\/100\n|turn|19\n|j| GarchompsELOMines\n|\n|t:|1656768280\n|move|p2a: Toxapex|Scald|p1a: Cresselia\n|-damage|p1a: Cresselia|85\/100\n|move|p1a: Cresselia|Trick Room|p1a: Cresselia\n|-fieldstart|move: Trick Room|[of] p1a: Cresselia\n|\n|-heal|p2a: Toxapex|27\/100|[from] item: Black Sludge\n|upkeep\n|turn|20\n|j|+Casino Boi\n|\n|t:|1656768288\n|move|p2a: Toxapex|Baneful Bunker|p2a: Toxapex\n|-singleturn|p2a: Toxapex|move: Protect\n|move|p1a: Cresselia|Rain Dance|p1a: Cresselia\n|-weather|RainDance\n|\n|-weather|RainDance|[upkeep]\n|-heal|p2a: Toxapex|33\/100|[from] item: Black Sludge\n|upkeep\n|turn|21\n|\n|t:|1656768296\n|switch|p1a: Wishiwashi|Wishiwashi, M|59\/100\n|-formechange|p1a: Wishiwashi|Wishiwashi-School||[from] ability: Schooling\n|move|p2a: Toxapex|Scald|p1a: Wishiwashi\n|-resisted|p1a: Wishiwashi\n|-damage|p1a: Wishiwashi|40\/100\n|\n|-weather|RainDance|[upkeep]\n|-heal|p2a: Toxapex|39\/100|[from] item: Black Sludge\n|upkeep\n|turn|22\n|j| union boss\n|\n|t:|1656768306\n|move|p2a: Toxapex|Baneful Bunker|p2a: Toxapex\n|-singleturn|p2a: Toxapex|move: Protect\n|move|p1a: Wishiwashi|Surf|p2a: Toxapex\n|-activate|p2a: Toxapex|move: Protect\n|\n|-weather|RainDance|[upkeep]\n|-heal|p2a: Toxapex|46\/100|[from] item: Black Sludge\n|upkeep\n|turn|23\n|\n|t:|1656768316\n|move|p1a: Wishiwashi|Hydro Pump|p2a: Toxapex\n|-resisted|p2a: Toxapex\n|-damage|p2a: Toxapex|7\/100\n|move|p2a: Toxapex|Sludge Bomb|p1a: Wishiwashi\n|-damage|p1a: Wishiwashi|13\/100\n|\n|-weather|RainDance|[upkeep]\n|-heal|p2a: Toxapex|13\/100|[from] item: Black Sludge\n|-fieldend|move: Trick Room\n|-formechange|p1a: Wishiwashi|Wishiwashi||[from] ability: Schooling\n|upkeep\n|turn|24\n|\n|t:|1656768338\n|switch|p1a: Cresselia|Cresselia, F|85\/100\n|move|p2a: Toxapex|Sludge Bomb|p1a: Cresselia\n|-damage|p1a: Cresselia|67\/100\n|-status|p1a: Cresselia|psn\n|\n|-weather|none\n|-heal|p2a: Toxapex|20\/100|[from] item: Black Sludge\n|-damage|p1a: Cresselia|55\/100 psn|[from] psn\n|upkeep\n|turn|25\n|\n|t:|1656768353\n|move|p2a: Toxapex|Scald|p1a: Cresselia\n|-damage|p1a: Cresselia|39\/100 psn\n|move|p1a: Cresselia|Trick Room|p1a: Cresselia\n|-fieldstart|move: Trick Room|[of] p1a: Cresselia\n|\n|-heal|p2a: Toxapex|26\/100|[from] item: Black Sludge\n|-damage|p1a: Cresselia|26\/100 psn|[from] psn\n|upkeep\n|turn|26\n|\n|t:|1656768369\n|switch|p1a: Pelipper|Pelipper, F|68\/100\n|-weather|RainDance|[from] ability: Drizzle|[of] p1a: Pelipper\n|move|p2a: Toxapex|Scald|p1a: Pelipper\n|-resisted|p1a: Pelipper\n|-damage|p1a: Pelipper|42\/100\n|-status|p1a: Pelipper|brn\n|\n|-weather|RainDance|[upkeep]\n|-heal|p2a: Toxapex|32\/100|[from] item: Black Sludge\n|-damage|p1a: Pelipper|36\/100 brn|[from] brn\n|upkeep\n|turn|27\n|l| GarchompsELOMines\n|\n|t:|1656768380\n|move|p2a: Toxapex|Sludge Bomb|p1a: Pelipper\n|-damage|p1a: Pelipper|0 fnt\n|faint|p1a: Pelipper\n|\n|-weather|RainDance|[upkeep]\n|-heal|p2a: Toxapex|38\/100|[from] item: Black Sludge\n|upkeep\n|\n|t:|1656768387\n|switch|p1a: Araquanid|Araquanid, F|54\/100\n|turn|28\n|\n|t:|1656768398\n|move|p2a: Toxapex|Sludge Bomb|p1a: Araquanid\n|-damage|p1a: Araquanid|29\/100\n|-status|p1a: Araquanid|psn\n|move|p1a: Araquanid|Substitute|p1a: Araquanid\n|-start|p1a: Araquanid|Substitute\n|-damage|p1a: Araquanid|4\/100 psn\n|\n|-weather|RainDance|[upkeep]\n|-heal|p2a: Toxapex|45\/100|[from] item: Black Sludge\n|-damage|p1a: Araquanid|0 fnt|[from] psn\n|faint|p1a: Araquanid\n|upkeep\n|c|\u2606Skip The Drip|bro im losing to pex\n|c|\u2606Skip The Drip|wtf\n|\n|t:|1656768408\n|switch|p1a: Cresselia|Cresselia, F|26\/100 psn\n|turn|29\n|c|\u2606rick asthma|lol gg\n|\n|t:|1656768417\n|move|p2a: Toxapex|Scald|p1a: Cresselia\n|-damage|p1a: Cresselia|1\/100 psn\n|move|p1a: Cresselia|Lunar Dance|p1a: Cresselia\n|faint|p1a: Cresselia\n|\n|-weather|RainDance|[upkeep]\n|-heal|p2a: Toxapex|51\/100|[from] item: Black Sludge\n|-fieldend|move: Trick Room\n|upkeep\n|\n|t:|1656768420\n|switch|p1a: Wishiwashi|Wishiwashi, M|13\/100\n|-heal|p1a: Wishiwashi|100\/100|[from] move: Lunar Dance\n|-formechange|p1a: Wishiwashi|Wishiwashi-School||[from] ability: Schooling\n|turn|30\n|j| croo\n|\n|t:|1656768431\n|move|p2a: Toxapex|Baneful Bunker|p2a: Toxapex\n|-singleturn|p2a: Toxapex|move: Protect\n|move|p1a: Wishiwashi|Hydro Pump|p2a: Toxapex\n|-activate|p2a: Toxapex|move: Protect\n|\n|-weather|none\n|-heal|p2a: Toxapex|57\/100|[from] item: Black Sludge\n|upkeep\n|turn|31\n|c|\u2606Skip The Drip|Sww-Suwa\n|c|\u2606Skip The Drip|this has to be the worst\n|c|\u2606Skip The Drip|georgie team\n|c|\u2606Skip The Drip|to date\n|c|%Sww-Suwa|lmao\n|-message|Skip The Drip forfeited.\n|\n|win|rick asthma\n|n|\u2606Skip The Drip|skipthedrip\n|n|\u2606rick asthma|rickasthma\n|n| Sww-Suwa|swwsuwa\n|n| Casino Boi|casinoboi\n|n| union boss|unionboss\n|n| croo|croo\n|c|\u2606Skip The Drip|double z move\n|c|\u2606Skip The Drip|why\n","uploadtime":1656768462,"views":13,"p1id":"skipthedrip","p2id":"rickasthma","formatid":"gen7ou","rating":0,"private":0,"password":null}