{"id":"gen7ou-963773452","p1":"Walletinspector62","p2":"HereWeStand","format":"gen7ou","log":"|j|\u2606Walletinspector62\n|j|\u2606HereWeStand\n|player|p1|Walletinspector62|266|\n|player|p2|HereWeStand|102|\n|teamsize|p1|6\n|teamsize|p2|6\n|gametype|singles\n|gen|7\n|tier|[Gen 7] OU\n|rule|Sleep Clause Mod: Limit one foe put to sleep\n|rule|Species Clause: Limit one of each Pok\u00e9mon\n|rule|OHKO Clause: OHKO moves are banned\n|rule|Moody Clause: Moody is banned\n|rule|Evasion Moves Clause: Evasion moves are banned\n|rule|Endless Battle Clause: Forcing endless battles is banned\n|rule|HP Percentage Mod: HP is shown in percentages\n|clearpoke\n|poke|p1|Starmie|item\n|poke|p1|Landorus-Therian, M|item\n|poke|p1|Charizard, M|item\n|poke|p1|Jolteon, M|item\n|poke|p1|Gurdurr, F|item\n|poke|p1|Ninetales-Alola, F|item\n|poke|p2|Tornadus-Therian, M|item\n|poke|p2|Ferrothorn, F|item\n|poke|p2|Clefable, M|item\n|poke|p2|Medicham, F|item\n|poke|p2|Zygarde-10%|item\n|poke|p2|Rotom-Wash|item\n|teampreview\n|l|\u2606Walletinspector62\n|player|p1|\n|j|\u2606Walletinspector62\n|player|p1|Walletinspector62|266\n|c|\u2606HereWeStand|gl\n|\n|start\n|switch|p1a: Zappy Doggo|Jolteon, M|100\/100\n|switch|p2a: KO|Medicham, F|100\/100\n|turn|1\n|\n|detailschange|p2a: KO|Medicham-Mega, F\n|-mega|p2a: KO|Medicham|Medichamite\n|move|p2a: KO|Fake Out|p1a: Zappy Doggo\n|-damage|p1a: Zappy Doggo|55\/100\n|cant|p1a: Zappy Doggo|flinch\n|\n|upkeep\n|turn|2\n|\n|switch|p2a: Bulk Plant|Ferrothorn, F|100\/100\n|move|p1a: Zappy Doggo|Volt Switch|p2a: Bulk Plant\n|-resisted|p2a: Bulk Plant\n|-damage|p2a: Bulk Plant|86\/100\n|-damage|p1a: Zappy Doggo|45\/100|[from] item: Life Orb\n|\n|switch|p1a: Cause you make my|Landorus-Therian, M|100\/100|[from]move: Volt Switch\n|-ability|p1a: Cause you make my|Intimidate|boost\n|-unboost|p2a: Bulk Plant|atk|1\n|\n|upkeep\n|turn|3\n|\n|-zpower|p1a: Cause you make my\n|move|p1a: Cause you make my|All-Out Pummeling|p2a: Bulk Plant|[zeffect]\n|-supereffective|p2a: Bulk Plant\n|-damage|p2a: Bulk Plant|0 fnt\n|faint|p2a: Bulk Plant\n|\n|upkeep\n|\n|switch|p2a: KO|Medicham-Mega, F|100\/100\n|turn|4\n|\n|switch|p1a: Zoom Lens 100%|Starmie, shiny|100\/100\n|move|p2a: KO|Ice Punch|p1a: Zoom Lens 100%\n|-resisted|p1a: Zoom Lens 100%\n|-damage|p1a: Zoom Lens 100%|76\/100\n|\n|upkeep\n|turn|5\n|\n|switch|p2a: Washer|Rotom-Wash|100\/100\n|move|p1a: Zoom Lens 100%|Toxic|p2a: Washer\n|-status|p2a: Washer|tox\n|\n|-damage|p2a: Washer|94\/100 tox|[from] psn\n|upkeep\n|turn|6\n|c|\u2606Walletinspector62|Glhf\n|\n|switch|p1a: Zappy Doggo|Jolteon, M|45\/100\n|move|p2a: Washer|Hydro Pump|p1a: Zappy Doggo\n|-damage|p1a: Zappy Doggo|0 fnt\n|faint|p1a: Zappy Doggo\n|\n|-heal|p2a: Washer|100\/100 tox|[from] item: Leftovers\n|-damage|p2a: Washer|88\/100 tox|[from] psn\n|upkeep\n|c|\u2606Walletinspector62|Sorry forgot to say that at the beginning\n|\n|switch|p1a: Gurdurr|Gurdurr, F|100\/100\n|turn|7\n|c|\u2606HereWeStand|np\n|\n|move|p2a: Washer|Volt Switch|p1a: Gurdurr\n|-damage|p1a: Gurdurr|76\/100\n|\n|switch|p2a: S P A C E|Clefable, M, shiny|100\/100|[from]move: Volt Switch\n|move|p1a: Gurdurr|Poison Jab|p2a: S P A C E\n|-supereffective|p2a: S P A C E\n|-damage|p2a: S P A C E|55\/100\n|\n|-heal|p2a: S P A C E|61\/100|[from] item: Leftovers\n|upkeep\n|turn|8\n|\n|move|p2a: S P A C E|Moonblast|p1a: Gurdurr\n|-supereffective|p1a: Gurdurr\n|-damage|p1a: Gurdurr|8\/100\n|move|p1a: Gurdurr|Poison Jab|p2a: S P A C E\n|-supereffective|p2a: S P A C E\n|-damage|p2a: S P A C E|17\/100\n|-status|p2a: S P A C E|psn\n|\n|-heal|p2a: S P A C E|23\/100 psn|[from] item: Leftovers\n|-damage|p2a: S P A C E|11\/100 psn|[from] psn\n|upkeep\n|turn|9\n|\n|move|p1a: Gurdurr|Mach Punch|p2a: S P A C E\n|-resisted|p2a: S P A C E\n|-damage|p2a: S P A C E|2\/100 psn\n|move|p2a: S P A C E|Stealth Rock|p1a: Gurdurr\n|-sidestart|p1: Walletinspector62|move: Stealth Rock\n|\n|-heal|p2a: S P A C E|8\/100 psn|[from] item: Leftovers\n|-damage|p2a: S P A C E|0 fnt|[from] psn\n|faint|p2a: S P A C E\n|upkeep\n|\n|switch|p2a: KO|Medicham-Mega, F|100\/100\n|turn|10\n|\n|move|p2a: KO|Fake Out|p1a: Gurdurr\n|-damage|p1a: Gurdurr|0 fnt\n|faint|p1a: Gurdurr\n|\n|upkeep\n|\n|switch|p1a: Emma Frost|Ninetales-Alola, F, shiny|100\/100\n|-damage|p1a: Emma Frost|75\/100|[from] Stealth Rock\n|-weather|Hail|[from] ability: Snow Warning|[of] p1a: Emma Frost\n|turn|11\n|\n|move|p2a: KO|Bullet Punch|p1a: Emma Frost\n|-supereffective|p1a: Emma Frost\n|-damage|p1a: Emma Frost|0 fnt\n|faint|p1a: Emma Frost\n|\n|-weather|Hail|[upkeep]\n|-damage|p2a: KO|94\/100|[from] Hail\n|upkeep\n|\n|switch|p1a: Zoom Lens 100%|Starmie, shiny|76\/100\n|-damage|p1a: Zoom Lens 100%|64\/100|[from] Stealth Rock\n|turn|12\n|\n|switch|p2a: Washer|Rotom-Wash|88\/100 tox\n|move|p1a: Zoom Lens 100%|Recover|p1a: Zoom Lens 100%\n|-heal|p1a: Zoom Lens 100%|100\/100\n|\n|-weather|Hail|[upkeep]\n|-damage|p1a: Zoom Lens 100%|94\/100|[from] Hail\n|-damage|p2a: Washer|82\/100 tox|[from] Hail\n|-heal|p2a: Washer|88\/100 tox|[from] item: Leftovers\n|-damage|p2a: Washer|82\/100 tox|[from] psn\n|upkeep\n|turn|13\n|\n|move|p1a: Zoom Lens 100%|Scald|p2a: Washer\n|-resisted|p2a: Washer\n|-damage|p2a: Washer|64\/100 tox\n|-damage|p1a: Zoom Lens 100%|84\/100|[from] item: Life Orb\n|move|p2a: Washer|Volt Switch|p1a: Zoom Lens 100%\n|-supereffective|p1a: Zoom Lens 100%\n|-damage|p1a: Zoom Lens 100%|23\/100\n|\n|switch|p2a: Alpha|Zygarde-10%|100\/100|[from]move: Volt Switch\n|-ability|p2a: Alpha|Aura Break\n|\n|-weather|Hail|[upkeep]\n|-damage|p2a: Alpha|94\/100|[from] Hail\n|-damage|p1a: Zoom Lens 100%|17\/100|[from] Hail\n|upkeep\n|turn|14\n|\n|move|p2a: Alpha|Thousand Arrows|p1a: Zoom Lens 100%\n|-damage|p1a: Zoom Lens 100%|0 fnt\n|faint|p1a: Zoom Lens 100%\n|\n|-weather|Hail|[upkeep]\n|-damage|p2a: Alpha|88\/100|[from] Hail\n|upkeep\n|\n|switch|p1a: Cause you make my|Landorus-Therian, M|100\/100\n|-damage|p1a: Cause you make my|88\/100|[from] Stealth Rock\n|-ability|p1a: Cause you make my|Intimidate|boost\n|-unboost|p2a: Alpha|atk|1\n|turn|15\n|\n|move|p2a: Alpha|Thousand Arrows|p1a: Cause you make my\n|-damage|p1a: Cause you make my|60\/100\n|-start|p1a: Cause you make my|Smack Down\n|move|p1a: Cause you make my|Defog|p2a: Alpha\n|-unboost|p2a: Alpha|evasion|1\n|-sideend|p1: Walletinspector62|Stealth Rock|[from] move: Defog|[of] p1a: Cause you make my\n|\n|-weather|none\n|upkeep\n|turn|16\n|\n|switch|p2a: Washer|Rotom-Wash|64\/100 tox\n|move|p1a: Cause you make my|Earthquake|p2a: Washer\n|-immune|p2a: Washer|[from] ability: Levitate\n|\n|-heal|p2a: Washer|70\/100 tox|[from] item: Leftovers\n|-damage|p2a: Washer|64\/100 tox|[from] psn\n|upkeep\n|turn|17\n|\n|move|p1a: Cause you make my|Superpower|p2a: Washer\n|-damage|p2a: Washer|25\/100 tox\n|-unboost|p1a: Cause you make my|atk|1\n|-unboost|p1a: Cause you make my|def|1\n|move|p2a: Washer|Hydro Pump|p1a: Cause you make my\n|-supereffective|p1a: Cause you make my\n|-damage|p1a: Cause you make my|0 fnt\n|faint|p1a: Cause you make my\n|\n|-heal|p2a: Washer|31\/100 tox|[from] item: Leftovers\n|-damage|p2a: Washer|19\/100 tox|[from] psn\n|upkeep\n|\n|switch|p1a: KyleRedfern|Charizard, M, shiny|100\/100\n|turn|18\n|\n|detailschange|p1a: KyleRedfern|Charizard-Mega-X, M, shiny\n|-mega|p1a: KyleRedfern|Charizard|Charizardite X\n|move|p1a: KyleRedfern|Dragon Dance|p1a: KyleRedfern\n|-boost|p1a: KyleRedfern|atk|1\n|-boost|p1a: KyleRedfern|spe|1\n|move|p2a: Washer|Hydro Pump|p1a: KyleRedfern\n|-damage|p1a: KyleRedfern|48\/100\n|\n|-heal|p2a: Washer|25\/100 tox|[from] item: Leftovers\n|-damage|p2a: Washer|6\/100 tox|[from] psn\n|upkeep\n|turn|19\n|\n|move|p1a: KyleRedfern|Dragon Claw|p2a: Washer\n|-damage|p2a: Washer|0 fnt\n|faint|p2a: Washer\n|\n|upkeep\n|\n|switch|p2a: Alpha|Zygarde-10%|88\/100\n|-ability|p2a: Alpha|Aura Break\n|turn|20\n|\n|move|p2a: Alpha|Thousand Arrows|p1a: KyleRedfern\n|-supereffective|p1a: KyleRedfern\n|-damage|p1a: KyleRedfern|0 fnt\n|faint|p1a: KyleRedfern\n|\n|win|HereWeStand\n|c|\u2606HereWeStand|gg\n|c|\u2606Walletinspector62|Gg\n|l|\u2606Walletinspector62\n","uploadtime":1566405215,"views":6,"p1id":"walletinspector62","p2id":"herewestand","formatid":"gen7ou","rating":0,"private":0,"password":null}