{"id":"gen7randombattle-827736493","p1":"wolfwarrior","p2":"dr.Clown","format":"gen7randombattle","log":"|j|\u2606wolfwarrior\n|j|\u2606dr.Clown\n|player|p1|wolfwarrior|162\n|player|p2|dr.Clown|201\n|teamsize|p1|6\n|teamsize|p2|6\n|gametype|singles\n|gen|7\n|tier|[Gen 7] Random Battle\n|rated|\n|seed|47743,47516,50242,37800\n|rule|Sleep Clause Mod: Limit one foe put to sleep\n|rule|HP Percentage Mod: HP is shown in percentages\n|\n|start\n|switch|p1a: Tyranitar|Tyranitar, L75, F|274\/274\n|switch|p2a: Cherrim|Cherrim, L83, M|252\/252\n|-weather|Sandstorm|[from] ability: Sand Stream|[of] p1a: Tyranitar\n|turn|1\n|\n|switch|p2a: Pangoro|Pangoro, L79, M|280\/280\n|-ability|p2a: Pangoro|Mold Breaker\n|detailschange|p1a: Tyranitar|Tyranitar-Mega, L75, F\n|-mega|p1a: Tyranitar|Tyranitar|Tyranitarite\n|move|p1a: Tyranitar|Dragon Dance|p1a: Tyranitar\n|-boost|p1a: Tyranitar|atk|1\n|-boost|p1a: Tyranitar|spe|1\n|\n|-weather|Sandstorm|[upkeep]\n|-damage|p2a: Pangoro|263\/280|[from] Sandstorm\n|upkeep\n|turn|2\n|\n|switch|p1a: Throh|Throh, L83, M|335\/335\n|-ability|p1a: Throh|Mold Breaker\n|move|p2a: Pangoro|Drain Punch|p1a: Throh\n|-damage|p1a: Throh|212\/335\n|-heal|p2a: Pangoro|280\/280|[from] drain|[of] p1a: Throh\n|\n|-weather|Sandstorm|[upkeep]\n|-damage|p2a: Pangoro|263\/280|[from] Sandstorm\n|-damage|p1a: Throh|192\/335|[from] Sandstorm\n|-heal|p1a: Throh|212\/335|[from] item: Leftovers\n|upkeep\n|turn|3\n|\n|switch|p2a: Starmie|Starmie, L77|219\/219\n|move|p1a: Throh|Storm Throw|p2a: Starmie\n|-resisted|p2a: Starmie\n|-crit|p2a: Starmie\n|-damage|p2a: Starmie|167\/219\n|\n|-weather|Sandstorm|[upkeep]\n|-damage|p2a: Starmie|154\/219|[from] Sandstorm\n|-damage|p1a: Throh|192\/335|[from] Sandstorm\n|-heal|p2a: Starmie|167\/219|[from] item: Leftovers\n|-heal|p1a: Throh|212\/335|[from] item: Leftovers\n|upkeep\n|turn|4\n|\n|move|p2a: Starmie|Psyshock|p1a: Throh\n|-supereffective|p1a: Throh\n|-damage|p1a: Throh|68\/335\n|move|p1a: Throh|Knock Off|p2a: Starmie\n|-supereffective|p2a: Starmie\n|-damage|p2a: Starmie|9\/219\n|-enditem|p2a: Starmie|Leftovers|[from] move: Knock Off|[of] p1a: Throh\n|\n|-weather|Sandstorm|[upkeep]\n|-damage|p2a: Starmie|0 fnt|[from] Sandstorm\n|-damage|p1a: Throh|48\/335|[from] Sandstorm\n|-heal|p1a: Throh|68\/335|[from] item: Leftovers\n|upkeep\n|faint|p2a: Starmie\n|\n|switch|p2a: Gyarados|Gyarados, L75, M|266\/266\n|turn|5\n|\n|move|p2a: Gyarados|Waterfall|p1a: Throh\n|-damage|p1a: Throh|0 fnt\n|faint|p1a: Throh\n|-ability|p2a: Gyarados|Moxie|boost\n|-boost|p2a: Gyarados|atk|1\n|\n|-weather|none\n|upkeep\n|\n|switch|p1a: Gyarados|Gyarados, L76, M|269\/269\n|turn|6\n|\n|detailschange|p2a: Gyarados|Gyarados-Mega, L75, M\n|-mega|p2a: Gyarados|Gyarados|Gyaradosite\n|-ability|p2a: Gyarados|Mold Breaker\n|move|p1a: Gyarados|Stone Edge|p2a: Gyarados|[miss]\n|-miss|p1a: Gyarados|p2a: Gyarados\n|move|p2a: Gyarados|Dragon Dance|p2a: Gyarados\n|-boost|p2a: Gyarados|atk|1\n|-boost|p2a: Gyarados|spe|1\n|\n|upkeep\n|turn|7\n|inactive|Battle timer is ON: inactive players will automatically lose when time's up. (requested by wolfwarrior)\n|\n|move|p2a: Gyarados|Crunch|p1a: Gyarados\n|-damage|p1a: Gyarados|29\/269\n|-unboost|p1a: Gyarados|def|1\n|-zpower|p1a: Gyarados\n|move|p1a: Gyarados|Supersonic Skystrike|p2a: Gyarados|[zeffect]\n|-damage|p2a: Gyarados|103\/266\n|\n|upkeep\n|turn|8\n|\n|move|p2a: Gyarados|Waterfall|p1a: Gyarados\n|-resisted|p1a: Gyarados\n|-damage|p1a: Gyarados|0 fnt\n|faint|p1a: Gyarados\n|\n|upkeep\n|\n|switch|p1a: Dialga|Dialga, L73|266\/266\n|-ability|p1a: Dialga|Pressure\n|turn|9\n|\n|move|p2a: Gyarados|Earthquake|p1a: Dialga\n|-supereffective|p1a: Dialga\n|-crit|p1a: Dialga\n|-damage|p1a: Dialga|0 fnt\n|faint|p1a: Dialga\n|\n|upkeep\n|\n|switch|p1a: Walrein|Walrein, L83, F|318\/318\n|turn|10\n|\n|move|p2a: Gyarados|Crunch|p1a: Walrein\n|-damage|p1a: Walrein|105\/318\n|move|p1a: Walrein|Surf|p2a: Gyarados\n|-resisted|p2a: Gyarados\n|-crit|p2a: Gyarados\n|-damage|p2a: Gyarados|44\/266\n|\n|-heal|p1a: Walrein|124\/318|[from] item: Leftovers\n|upkeep\n|turn|11\n|\n|move|p2a: Gyarados|Crunch|p1a: Walrein\n|-crit|p1a: Walrein\n|-damage|p1a: Walrein|0 fnt\n|faint|p1a: Walrein\n|\n|upkeep\n|\n|switch|p1a: Zangoose|Zangoose, L83, M|257\/257\n|turn|12\n|\n|move|p1a: Zangoose|Quick Attack|p2a: Gyarados\n|-damage|p2a: Gyarados|1\/266\n|move|p2a: Gyarados|Crunch|p1a: Zangoose\n|-damage|p1a: Zangoose|0 fnt\n|faint|p1a: Zangoose\n|\n|upkeep\n|c|\u2606wolfwarrior|bullshit\n|c|\u2606dr.Clown|lol\n|-message|wolfwarrior forfeited.\n|\n|win|dr.Clown\n|l|\u2606wolfwarrior\n","inputlog":">version 7a439d57cb0ad8f582fed70f3d5f40de39a65ab9\n>start {\"formatid\":\"gen7randombattle\",\"seed\":[47743,47516,50242,37800],\"rated\":\"Rated battle\"}\n>player p1 {\"name\":\"wolfwarrior\",\"avatar\":\"162\",\"team\":\"\"}\n>player p2 {\"name\":\"dr.Clown\",\"avatar\":\"201\",\"team\":\"\"}\n>p1 move dragondance mega\n>p2 switch 4\n>p1 switch 2\n>p2 move drainpunch\n>p1 move stormthrow\n>p2 switch 6\n>p1 move knockoff\n>p2 move psyshock\n>p2 switch 5\n>p1 move knockoff\n>p2 move waterfall\n>p1 switch 6\n>p1 move stoneedge\n>p2 move dragondance mega\n>p1 move bounce zmove\n>p2 move crunch\n>p1 move bounce\n>p2 move waterfall\n>p1 switch 5\n>p1 move dracometeor\n>p2 move earthquake\n>p1 switch 4\n>p1 move surf\n>p2 move crunch\n>p1 move toxic\n>p2 move crunch\n>p1 switch 3\n>p1 move quickattack\n>p2 move crunch","uploadtime":1543440661,"views":0,"p1id":"wolfwarrior","p2id":"drclown","formatid":"gen7randombattle","rating":0,"private":0,"password":null}