{"id":"gen7ou-849076265","p1":"Buvert915","p2":"Kaylss","format":"gen7ou","log":"|raw|<div class=\"broadcast-red\"><strong>This battle is invite-only!<\/strong><br \/>Users must be rank + or invited with <code>\/invite<\/code> to join<\/div>\n|j|\u2606Buvert915\n|j|\u2606Kaylss\n|player|p1|Buvert915|209\n|player|p2|Kaylss|138\n|teamsize|p1|6\n|teamsize|p2|6\n|gametype|singles\n|gen|7\n|tier|[Gen 7] OU\n|rated|\n|rule|Sleep Clause Mod: Limit one foe put to sleep\n|rule|Species Clause: Limit one of each Pok\u00e9mon\n|rule|OHKO Clause: OHKO moves are banned\n|rule|Moody Clause: Moody is banned\n|rule|Evasion Moves Clause: Evasion moves are banned\n|rule|Endless Battle Clause: Forcing endless battles is banned\n|rule|HP Percentage Mod: HP is shown in percentages\n|clearpoke\n|poke|p1|Sharpedo, F|item\n|poke|p1|Tapu Lele|item\n|poke|p1|Mantine, F|item\n|poke|p1|Excadrill, M|item\n|poke|p1|Tangrowth, F|item\n|poke|p1|Blacephalon|item\n|poke|p2|Lopunny, F|item\n|poke|p2|Hoopa-Unbound|item\n|poke|p2|Tangrowth, F|item\n|poke|p2|Heatran, M|item\n|poke|p2|Magearna|item\n|poke|p2|Landorus-Therian, M|item\n|teampreview\n|\n|start\n|switch|p1a: Excadrill|Excadrill, M|100\/100\n|switch|p2a: Lopunny|Lopunny, F, shiny|100\/100\n|-ability|p1a: Excadrill|Mold Breaker\n|turn|1\n|inactive|Battle timer is ON: inactive players will automatically lose when time's up. (requested by Buvert915)\n|\n|switch|p1a: Tangrowth|Tangrowth, F|100\/100\n|detailschange|p2a: Lopunny|Lopunny-Mega, F, shiny\n|-mega|p2a: Lopunny|Lopunny|Lopunnite\n|move|p2a: Lopunny|Fake Out|p1a: Tangrowth\n|-damage|p1a: Tangrowth|89\/100\n|-damage|p2a: Lopunny|84\/100|[from] item: Rocky Helmet|[of] p1a: Tangrowth\n|\n|upkeep\n|turn|2\n|\n|switch|p2a: Tangrowth|Tangrowth, F, shiny|100\/100\n|move|p1a: Tangrowth|Earthquake|p2a: Tangrowth\n|-resisted|p2a: Tangrowth\n|-damage|p2a: Tangrowth|94\/100\n|\n|upkeep\n|turn|3\n|\n|switch|p2a: Heatran|Heatran, M, shiny|100\/100\n|move|p1a: Tangrowth|Hidden Power|p2a: Heatran\n|-resisted|p2a: Heatran\n|-damage|p2a: Heatran|97\/100\n|\n|upkeep\n|turn|4\n|\n|move|p2a: Heatran|Stealth Rock|p1a: Tangrowth\n|-sidestart|p1: Buvert915|move: Stealth Rock\n|move|p1a: Tangrowth|Earthquake|p2a: Heatran\n|-supereffective|p2a: Heatran\n|-damage|p2a: Heatran|1\/100\n|\n|upkeep\n|turn|5\n|\n|switch|p1a: Mantine|Mantine, F|100\/100\n|-damage|p1a: Mantine|76\/100|[from] Stealth Rock\n|move|p2a: Heatran|Magma Storm|p1a: Mantine\n|-resisted|p1a: Mantine\n|-damage|p1a: Mantine|62\/100\n|-activate|p1a: Mantine|move: Magma Storm|[of] p2a: Heatran\n|\n|-heal|p1a: Mantine|68\/100|[from] item: Leftovers\n|-damage|p1a: Mantine|56\/100|[from] move: Magma Storm|[partiallytrapped]\n|upkeep\n|turn|6\n|\n|move|p2a: Heatran|Taunt|p1a: Mantine\n|-start|p1a: Mantine|move: Taunt\n|cant|p1a: Mantine|move: Taunt|Roost\n|\n|-heal|p1a: Mantine|62\/100|[from] item: Leftovers\n|-damage|p1a: Mantine|50\/100|[from] move: Magma Storm|[partiallytrapped]\n|upkeep\n|turn|7\n|\n|switch|p2a: Hoopa|Hoopa-Unbound|100\/100\n|move|p1a: Mantine|Scald|p2a: Hoopa\n|-damage|p2a: Hoopa|78\/100\n|-status|p2a: Hoopa|brn\n|\n|-heal|p1a: Mantine|56\/100|[from] item: Leftovers\n|-damage|p2a: Hoopa|72\/100 brn|[from] brn\n|upkeep\n|turn|8\n|\n|switch|p1a: Tangrowth|Tangrowth, F|100\/100\n|-damage|p1a: Tangrowth|88\/100|[from] Stealth Rock\n|move|p2a: Hoopa|Hyperspace Fury|p1a: Tangrowth\n|-damage|p1a: Tangrowth|61\/100\n|-unboost|p2a: Hoopa|def|1\n|\n|-damage|p2a: Hoopa|66\/100 brn|[from] brn\n|upkeep\n|turn|9\n|\n|move|p2a: Hoopa|Hyperspace Fury|p1a: Tangrowth\n|-damage|p1a: Tangrowth|32\/100\n|-unboost|p2a: Hoopa|def|1\n|move|p1a: Tangrowth|Giga Drain|p2a: Hoopa\n|-crit|p2a: Hoopa\n|-damage|p2a: Hoopa|27\/100 brn\n|-heal|p1a: Tangrowth|47\/100|[from] drain|[of] p2a: Hoopa\n|\n|-damage|p2a: Hoopa|21\/100 brn|[from] brn\n|upkeep\n|turn|10\n|\n|move|p2a: Hoopa|Hyperspace Fury|p1a: Tangrowth\n|-damage|p1a: Tangrowth|23\/100\n|-unboost|p2a: Hoopa|def|1\n|move|p1a: Tangrowth|Giga Drain|p2a: Hoopa\n|-damage|p2a: Hoopa|0 fnt\n|-heal|p1a: Tangrowth|30\/100|[from] drain|[of] p2a: Hoopa\n|faint|p2a: Hoopa\n|\n|upkeep\n|\n|switch|p2a: Heatran|Heatran, M, shiny|1\/100\n|turn|11\n|\n|switch|p1a: Mantine|Mantine, F|56\/100\n|-damage|p1a: Mantine|31\/100|[from] Stealth Rock\n|-zpower|p2a: Heatran\n|move|p2a: Heatran|Inferno Overdrive|p1a: Mantine|[zeffect]\n|-resisted|p1a: Mantine\n|-damage|p1a: Mantine|5\/100\n|\n|-heal|p1a: Mantine|11\/100|[from] item: Leftovers\n|upkeep\n|turn|12\n|\n|move|p2a: Heatran|Magma Storm|p1a: Mantine\n|-resisted|p1a: Mantine\n|-damage|p1a: Mantine|0 fnt\n|faint|p1a: Mantine\n|\n|upkeep\n|\n|switch|p1a: Blacephalon|Blacephalon|100\/100\n|-damage|p1a: Blacephalon|76\/100|[from] Stealth Rock\n|turn|13\n|\n|switch|p2a: Lopunny|Lopunny-Mega, F, shiny|84\/100\n|move|p1a: Blacephalon|Shadow Ball|p2a: Lopunny\n|-immune|p2a: Lopunny\n|\n|upkeep\n|turn|14\n|\n|switch|p2a: Heatran|Heatran, M, shiny|1\/100\n|switch|p1a: Tangrowth|Tangrowth, F|64\/100\n|-damage|p1a: Tangrowth|51\/100|[from] Stealth Rock\n|\n|upkeep\n|turn|15\n|\n|switch|p1a: Tapu Lele|Tapu Lele|100\/100\n|-damage|p1a: Tapu Lele|88\/100|[from] Stealth Rock\n|-fieldstart|move: Psychic Terrain|[from] ability: Psychic Surge|[of] p1a: Tapu Lele\n|move|p2a: Heatran|Magma Storm|p1a: Tapu Lele\n|-damage|p1a: Tapu Lele|27\/100\n|-activate|p1a: Tapu Lele|move: Magma Storm|[of] p2a: Heatran\n|\n|-damage|p1a: Tapu Lele|15\/100|[from] move: Magma Storm|[partiallytrapped]\n|upkeep\n|turn|16\n|\n|switch|p2a: Magearna|Magearna|100\/100\n|move|p1a: Tapu Lele|Psyshock|p2a: Magearna\n|-resisted|p2a: Magearna\n|-damage|p2a: Magearna|77\/100\n|\n|upkeep\n|turn|17\n|\n|switch|p1a: Excadrill|Excadrill, M|100\/100\n|-damage|p1a: Excadrill|97\/100|[from] Stealth Rock\n|-ability|p1a: Excadrill|Mold Breaker\n|switch|p2a: Lopunny|Lopunny-Mega, F, shiny|84\/100\n|\n|upkeep\n|turn|18\n|\n|switch|p1a: Tangrowth|Tangrowth, F|84\/100\n|-damage|p1a: Tangrowth|72\/100|[from] Stealth Rock\n|move|p2a: Lopunny|High Jump Kick|p1a: Tangrowth\n|-damage|p1a: Tangrowth|33\/100\n|-damage|p2a: Lopunny|67\/100|[from] item: Rocky Helmet|[of] p1a: Tangrowth\n|\n|upkeep\n|turn|19\n|\n|move|p2a: Lopunny|High Jump Kick|p1a: Tangrowth\n|-damage|p1a: Tangrowth|0 fnt\n|-damage|p2a: Lopunny|51\/100|[from] item: Rocky Helmet|[of] p1a: Tangrowth\n|faint|p1a: Tangrowth\n|\n|-fieldend|move: Psychic Terrain\n|upkeep\n|\n|switch|p1a: Tapu Lele|Tapu Lele|15\/100\n|-damage|p1a: Tapu Lele|2\/100|[from] Stealth Rock\n|-fieldstart|move: Psychic Terrain|[from] ability: Psychic Surge|[of] p1a: Tapu Lele\n|turn|20\n|\n|switch|p1a: Excadrill|Excadrill, M|97\/100\n|-damage|p1a: Excadrill|94\/100|[from] Stealth Rock\n|-ability|p1a: Excadrill|Mold Breaker\n|switch|p2a: Magearna|Magearna|77\/100\n|\n|upkeep\n|turn|21\n|\n|switch|p2a: Landorus|Landorus-Therian, M|100\/100\n|-ability|p2a: Landorus|Intimidate|boost\n|-unboost|p1a: Excadrill|atk|1\n|move|p1a: Excadrill|Rapid Spin|p2a: Landorus\n|-damage|p2a: Landorus|95\/100\n|-sideend|p1: Buvert915|Stealth Rock|[from] move: Rapid Spin|[of] p1a: Excadrill\n|\n|upkeep\n|turn|22\n|\n|move|p2a: Landorus|Earthquake|p1a: Excadrill\n|-supereffective|p1a: Excadrill\n|-damage|p1a: Excadrill|0 fnt\n|faint|p1a: Excadrill\n|\n|upkeep\n|\n|switch|p1a: Sharpedo|Sharpedo, F|100\/100\n|turn|23\n|\n|switch|p2a: Tangrowth|Tangrowth, F, shiny|100\/100\n|move|p1a: Sharpedo|Protect||[still]\n|-fail|p1a: Sharpedo\n|\n|-ability|p1a: Sharpedo|Speed Boost|boost\n|-boost|p1a: Sharpedo|spe|1\n|upkeep\n|turn|24\n|\n|detailschange|p1a: Sharpedo|Sharpedo-Mega, F\n|-mega|p1a: Sharpedo|Sharpedo|Sharpedonite\n|move|p1a: Sharpedo|Ice Fang|p2a: Tangrowth\n|-supereffective|p2a: Tangrowth\n|-damage|p2a: Tangrowth|56\/100\n|-damage|p1a: Sharpedo|84\/100|[from] item: Rocky Helmet|[of] p2a: Tangrowth\n|cant|p2a: Tangrowth|flinch\n|\n|-fieldend|move: Psychic Terrain\n|upkeep\n|turn|25\n|\n|move|p1a: Sharpedo|Ice Fang|p2a: Tangrowth\n|-supereffective|p2a: Tangrowth\n|-damage|p2a: Tangrowth|10\/100\n|-damage|p1a: Sharpedo|68\/100|[from] item: Rocky Helmet|[of] p2a: Tangrowth\n|move|p2a: Tangrowth|Sleep Powder|p1a: Sharpedo\n|-status|p1a: Sharpedo|slp\n|\n|upkeep\n|turn|26\n|\n|switch|p1a: Blacephalon|Blacephalon|76\/100\n|move|p2a: Tangrowth|Giga Drain|p1a: Blacephalon\n|-resisted|p1a: Blacephalon\n|-damage|p1a: Blacephalon|52\/100\n|-heal|p2a: Tangrowth|18\/100|[from] drain|[of] p1a: Blacephalon\n|\n|upkeep\n|turn|27\n|\n|switch|p1a: Tapu Lele|Tapu Lele|2\/100\n|-fieldstart|move: Psychic Terrain|[from] ability: Psychic Surge|[of] p1a: Tapu Lele\n|switch|p2a: Landorus|Landorus-Therian, M|95\/100\n|-ability|p2a: Landorus|Intimidate|boost\n|-unboost|p1a: Tapu Lele|atk|1\n|\n|upkeep\n|turn|28\n|\n|switch|p2a: Magearna|Magearna|77\/100\n|move|p1a: Tapu Lele|Psychic|p2a: Magearna\n|-resisted|p2a: Magearna\n|-damage|p2a: Magearna|62\/100\n|\n|upkeep\n|turn|29\n|\n|move|p1a: Tapu Lele|Psychic|p2a: Magearna\n|-resisted|p2a: Magearna\n|-damage|p2a: Magearna|48\/100\n|move|p2a: Magearna|Volt Switch|p1a: Tapu Lele\n|-damage|p1a: Tapu Lele|0 fnt\n|faint|p1a: Tapu Lele\n|-ability|p2a: Magearna|Soul-Heart|boost\n|-boost|p2a: Magearna|spa|1\n|\n|switch|p2a: Landorus|Landorus-Therian, M|95\/100\n|\n|upkeep\n|\n|switch|p1a: Blacephalon|Blacephalon|52\/100\n|turn|30\n|\n|move|p2a: Landorus|Earthquake|p1a: Blacephalon\n|-supereffective|p1a: Blacephalon\n|-damage|p1a: Blacephalon|0 fnt\n|faint|p1a: Blacephalon\n|\n|upkeep\n|\n|switch|p1a: Sharpedo|Sharpedo-Mega, F|68\/100 slp\n|turn|31\n|\n|move|p2a: Landorus|Earthquake|p1a: Sharpedo\n|-damage|p1a: Sharpedo|0 fnt\n|faint|p1a: Sharpedo\n|\n|win|Kaylss\n|c|\u2606Kaylss|gg\n|l|\u2606Buvert915\n|raw|Buvert915's rating: 1485 &rarr; <strong>1466<\/strong><br \/>(-19 for losing)\n|raw|Kaylss's rating: 1503 &rarr; <strong>1522<\/strong><br \/>(+19 for winning)\n|c|\u2606Kaylss|\/log Kaylss made this room public.\n","uploadtime":1547540230,"views":17,"p1id":"buvert915","p2id":"kaylss","formatid":"gen7ou","rating":1466,"private":0,"password":null}