{"id":"gen7ou-944075862","p1":"JoJo321","p2":"Dawnmoon\u663c\u6708.","format":"gen7ou","log":"|j|\u2606JoJo321\n|j|\u2606Dawnmoon\u663c\u6708.\n|player|p1|JoJo321|101|\n|player|p2|Dawnmoon\u663c\u6708.|261|\n|teamsize|p1|6\n|teamsize|p2|6\n|gametype|singles\n|gen|7\n|tier|[Gen 7] OU\n|rated|\n|rule|Sleep Clause Mod: Limit one foe put to sleep\n|rule|Species Clause: Limit one of each Pok\u00e9mon\n|rule|OHKO Clause: OHKO moves are banned\n|rule|Moody Clause: Moody is banned\n|rule|Evasion Moves Clause: Evasion moves are banned\n|rule|Endless Battle Clause: Forcing endless battles is banned\n|rule|HP Percentage Mod: HP is shown in percentages\n|clearpoke\n|poke|p1|Pelipper, F|item\n|poke|p1|Greninja, M|item\n|poke|p1|Swampert, M|item\n|poke|p1|Manaphy|item\n|poke|p1|Ferrothorn, F|item\n|poke|p1|Tornadus-Therian, M|item\n|poke|p2|Beedrill, M|item\n|poke|p2|Kyurem|item\n|poke|p2|Jirachi|item\n|poke|p2|Zapdos|item\n|poke|p2|Kommo-o, M|item\n|poke|p2|Gastrodon, F|item\n|teampreview\n|inactive|Battle timer is ON: inactive players will automatically lose when time's up. (requested by Dawnmoon\u663c\u6708.)\n|\n|start\n|switch|p1a: Ferrothorn|Ferrothorn, F|100\/100\n|switch|p2a: Kyurem|Kyurem|100\/100\n|-ability|p2a: Kyurem|Pressure\n|turn|1\n|\n|move|p2a: Kyurem|Substitute|p2a: Kyurem\n|-start|p2a: Kyurem|Substitute\n|-damage|p2a: Kyurem|76\/100\n|move|p1a: Ferrothorn|Stealth Rock|p2a: Kyurem\n|-sidestart|p2: Dawnmoon\u663c\u6708.|move: Stealth Rock\n|\n|upkeep\n|turn|2\n|\n|move|p2a: Kyurem|Ice Beam|p1a: Ferrothorn\n|-damage|p1a: Ferrothorn|71\/100\n|move|p1a: Ferrothorn|Gyro Ball|p2a: Kyurem\n|-supereffective|p2a: Kyurem\n|-end|p2a: Kyurem|Substitute\n|\n|upkeep\n|turn|3\n|j| Madara isi geim\u00b2\n|\n|switch|p1a: Manaphy|Manaphy|100\/100\n|move|p2a: Kyurem|Substitute|p2a: Kyurem\n|-start|p2a: Kyurem|Substitute\n|-damage|p2a: Kyurem|51\/100\n|\n|upkeep\n|turn|4\n|\n|move|p2a: Kyurem|Roost|p2a: Kyurem\n|-heal|p2a: Kyurem|100\/100\n|-singleturn|p2a: Kyurem|move: Roost\n|move|p1a: Manaphy|Tail Glow|p1a: Manaphy\n|-boost|p1a: Manaphy|spa|3\n|\n|upkeep\n|turn|5\n|\n|move|p2a: Kyurem|Earth Power|p1a: Manaphy\n|-damage|p1a: Manaphy|72\/100\n|move|p1a: Manaphy|Ice Beam|p2a: Kyurem\n|-end|p2a: Kyurem|Substitute\n|\n|upkeep\n|turn|6\n|\n|switch|p2a: Jirachi|Jirachi|100\/100\n|-damage|p2a: Jirachi|94\/100|[from] Stealth Rock\n|move|p1a: Manaphy|Ice Beam|p2a: Jirachi\n|-resisted|p2a: Jirachi\n|-damage|p2a: Jirachi|59\/100\n|\n|upkeep\n|turn|7\n|\n|move|p2a: Jirachi|Iron Head|p1a: Manaphy\n|-resisted|p1a: Manaphy\n|-damage|p1a: Manaphy|53\/100\n|cant|p1a: Manaphy|flinch\n|\n|upkeep\n|turn|8\n|j| union boss\n|\n|switch|p1a: Tornadus|Tornadus-Therian, M|100\/100\n|move|p2a: Jirachi|Iron Head|p1a: Tornadus\n|-damage|p1a: Tornadus|60\/100\n|-damage|p2a: Jirachi|43\/100|[from] item: Rocky Helmet|[of] p1a: Tornadus\n|\n|upkeep\n|turn|9\n|\n|move|p2a: Jirachi|Iron Head|p1a: Tornadus\n|-damage|p1a: Tornadus|22\/100\n|-damage|p2a: Jirachi|27\/100|[from] item: Rocky Helmet|[of] p1a: Tornadus\n|cant|p1a: Tornadus|flinch\n|\n|upkeep\n|turn|10\n|\n|switch|p2a: Zapdos|Zapdos|100\/100\n|-damage|p2a: Zapdos|76\/100|[from] Stealth Rock\n|switch|p1a: Swampert|Swampert, M|100\/100\n|\n|upkeep\n|turn|11\n|\n|detailschange|p1a: Swampert|Swampert-Mega, M\n|-mega|p1a: Swampert|Swampert|Swampertite\n|move|p1a: Swampert|Ice Punch|p2a: Zapdos\n|-supereffective|p2a: Zapdos\n|-damage|p2a: Zapdos|31\/100\n|-damage|p1a: Swampert|84\/100|[from] item: Rocky Helmet|[of] p2a: Zapdos\n|move|p2a: Zapdos|Defog|p1a: Swampert\n|-unboost|p1a: Swampert|evasion|1\n|-sideend|p2: Dawnmoon\u663c\u6708.|Stealth Rock|[from] move: Defog|[of] p2a: Zapdos\n|\n|upkeep\n|turn|12\n|\n|move|p1a: Swampert|Ice Punch|p2a: Zapdos\n|-supereffective|p2a: Zapdos\n|-damage|p2a: Zapdos|0 fnt\n|-damage|p1a: Swampert|67\/100|[from] item: Rocky Helmet|[of] p2a: Zapdos\n|faint|p2a: Zapdos\n|\n|upkeep\n|j| Ben Shapedo\n|\n|switch|p2a: Kyurem|Kyurem|100\/100\n|-ability|p2a: Kyurem|Pressure\n|turn|13\n|\n|switch|p1a: Pelipper|Pelipper, F|100\/100\n|-weather|RainDance|[from] ability: Drizzle|[of] p1a: Pelipper\n|move|p2a: Kyurem|Ice Beam|p1a: Pelipper\n|-damage|p1a: Pelipper|49\/100\n|-status|p1a: Pelipper|frz\n|\n|-weather|RainDance|[upkeep]\n|upkeep\n|turn|14\n|j| xiaoyuguo\n|\n|switch|p1a: Ferrothorn|Ferrothorn, F|71\/100\n|move|p2a: Kyurem|Ice Beam|p1a: Ferrothorn\n|-damage|p1a: Ferrothorn|33\/100\n|\n|-weather|RainDance|[upkeep]\n|upkeep\n|turn|15\n|\n|move|p2a: Kyurem|Ice Beam|p1a: Ferrothorn\n|-damage|p1a: Ferrothorn|0 fnt\n|faint|p1a: Ferrothorn\n|\n|-weather|RainDance|[upkeep]\n|upkeep\n|\n|switch|p1a: Swampert|Swampert-Mega, M|67\/100\n|turn|16\n|\n|move|p1a: Swampert|Superpower|p2a: Kyurem\n|-supereffective|p2a: Kyurem\n|-damage|p2a: Kyurem|1\/100\n|-unboost|p1a: Swampert|atk|1\n|-unboost|p1a: Swampert|def|1\n|move|p2a: Kyurem|Ice Beam|p1a: Swampert\n|-damage|p1a: Swampert|0 fnt\n|faint|p1a: Swampert\n|\n|-weather|RainDance|[upkeep]\n|upkeep\n|\n|switch|p1a: Greninja|Greninja, M|100\/100\n|turn|17\n|\n|move|p1a: Greninja|Dark Pulse|p2a: Kyurem\n|-damage|p2a: Kyurem|0 fnt\n|faint|p2a: Kyurem\n|-activate|p1a: Greninja|ability: Battle Bond\n|detailschange|p1a: Greninja|Greninja-Ash, M\n|\n|-weather|RainDance|[upkeep]\n|upkeep\n|\n|switch|p2a: Beedrill|Beedrill, M|100\/100\n|turn|18\n|\n|switch|p1a: Tornadus|Tornadus-Therian, M|55\/100\n|detailschange|p2a: Beedrill|Beedrill-Mega, M\n|-mega|p2a: Beedrill|Beedrill|Beedrillite\n|move|p2a: Beedrill|Poison Jab|p1a: Tornadus\n|-damage|p1a: Tornadus|0 fnt\n|-damage|p2a: Beedrill|84\/100|[from] item: Rocky Helmet|[of] p1a: Tornadus\n|faint|p1a: Tornadus\n|\n|-weather|RainDance|[upkeep]\n|upkeep\n|\n|switch|p1a: Greninja|Greninja-Ash, M|100\/100\n|turn|19\n|\n|switch|p2a: Jirachi|Jirachi|27\/100\n|move|p1a: Greninja|Dark Pulse|p2a: Jirachi\n|-supereffective|p2a: Jirachi\n|-damage|p2a: Jirachi|0 fnt\n|faint|p2a: Jirachi\n|\n|-weather|RainDance|[upkeep]\n|upkeep\n|\n|switch|p2a: Beedrill|Beedrill-Mega, M|84\/100\n|turn|20\n|-message|JoJo321 forfeited.\n|\n|win|Dawnmoon\u663c\u6708.\n|l|\u2606JoJo321\n|raw|JoJo321's rating: 1882 &rarr; <strong>1859<\/strong><br \/>(-23 for losing)\n|raw|Dawnmoon\u663c\u6708.'s rating: 1825 &rarr; <strong>1848<\/strong><br \/>(+23 for winning)\n","uploadtime":1563011807,"views":34,"p1id":"jojo321","p2id":"dawnmoon","formatid":"gen7ou","rating":1848,"private":0,"password":null}