{"id":"gen7randombattle-932122183","p1":"WalterKetchum","p2":"wolfwarrior","format":"gen7randombattle","log":"|j|\u2606WalterKetchum\n|j|\u2606wolfwarrior\n|player|p1|WalterKetchum|117\n|player|p2|wolfwarrior|162\n|teamsize|p1|6\n|teamsize|p2|6\n|gametype|singles\n|gen|7\n|tier|[Gen 7] Random Battle\n|rated|\n|rule|Sleep Clause Mod: Limit one foe put to sleep\n|rule|HP Percentage Mod: HP is shown in percentages\n|\n|start\n|switch|p1a: Amoonguss|Amoonguss, L82, M|100\/100\n|switch|p2a: Shedinja|Shedinja, L89|100\/100\n|turn|1\n|inactive|Battle timer is ON: inactive players will automatically lose when time's up. (requested by WalterKetchum)\n|\n|switch|p2a: Ho-Oh|Ho-Oh, L78|100\/100\n|switch|p1a: Vanilluxe|Vanilluxe, L85, M|100\/100\n|-weather|Hail|[from] ability: Snow Warning|[of] p1a: Vanilluxe\n|\n|-weather|Hail|[upkeep]\n|-damage|p2a: Ho-Oh|94\/100|[from] Hail\n|upkeep\n|turn|2\n|\n|switch|p1a: Arceus|Arceus-Flying, L78|100\/100\n|move|p2a: Ho-Oh|Sacred Fire|p1a: Arceus\n|-damage|p1a: Arceus|71\/100\n|-status|p1a: Arceus|brn\n|\n|-weather|Hail|[upkeep]\n|-damage|p1a: Arceus|65\/100 brn|[from] Hail\n|-damage|p2a: Ho-Oh|88\/100|[from] Hail\n|-damage|p1a: Arceus|59\/100 brn|[from] brn\n|upkeep\n|turn|3\n|\n|switch|p2a: Dugtrio|Dugtrio-Alola, L88, F|100\/100\n|move|p1a: Arceus|Recover|p1a: Arceus\n|-heal|p1a: Arceus|100\/100 brn\n|\n|-weather|Hail|[upkeep]\n|-damage|p2a: Dugtrio|95\/100|[from] Hail\n|-damage|p1a: Arceus|94\/100 brn|[from] Hail\n|-damage|p1a: Arceus|88\/100 brn|[from] brn\n|upkeep\n|turn|4\n|\n|move|p2a: Dugtrio|Stealth Rock|p1a: Arceus\n|-sidestart|p1: WalterKetchum|move: Stealth Rock\n|move|p1a: Arceus|Earth Power|p2a: Dugtrio\n|-supereffective|p2a: Dugtrio\n|-damage|p2a: Dugtrio|17\/100\n|\n|-weather|Hail|[upkeep]\n|-damage|p2a: Dugtrio|11\/100|[from] Hail\n|-damage|p1a: Arceus|82\/100 brn|[from] Hail\n|-damage|p1a: Arceus|76\/100 brn|[from] brn\n|upkeep\n|turn|5\n|\n|switch|p2a: Gliscor|Gliscor, L80, M|100\/100\n|move|p1a: Arceus|Earth Power|p2a: Gliscor\n|-immune|p2a: Gliscor\n|\n|-weather|none\n|-damage|p1a: Arceus|70\/100 brn|[from] brn\n|-status|p2a: Gliscor|tox|[from] item: Toxic Orb\n|upkeep\n|turn|6\n|\n|move|p1a: Arceus|Calm Mind|p1a: Arceus\n|-boost|p1a: Arceus|spa|1\n|-boost|p1a: Arceus|spd|1\n|move|p2a: Gliscor|Taunt|p1a: Arceus\n|-start|p1a: Arceus|move: Taunt\n|\n|-damage|p1a: Arceus|64\/100 brn|[from] brn\n|upkeep\n|turn|7\n|\n|switch|p2a: Forretress|Forretress, L84, M|100\/100\n|move|p1a: Arceus|Judgment|p2a: Forretress\n|-ability|p2a: Forretress|Sturdy\n|-damage|p2a: Forretress|1\/100\n|\n|-heal|p2a: Forretress|7\/100|[from] item: Leftovers\n|-damage|p1a: Arceus|58\/100 brn|[from] brn\n|upkeep\n|turn|8\n|\n|move|p1a: Arceus|Judgment|p2a: Forretress\n|-damage|p2a: Forretress|0 fnt\n|faint|p2a: Forretress\n|\n|-damage|p1a: Arceus|52\/100 brn|[from] brn\n|upkeep\n|\n|switch|p2a: Blissey|Blissey, L82, F|100\/100\n|turn|9\n|\n|move|p1a: Arceus|Judgment|p2a: Blissey\n|-damage|p2a: Blissey|72\/100\n|move|p2a: Blissey|Flamethrower|p1a: Arceus\n|-damage|p1a: Arceus|43\/100 brn\n|\n|-heal|p2a: Blissey|78\/100|[from] item: Leftovers\n|-damage|p1a: Arceus|37\/100 brn|[from] brn\n|-end|p1a: Arceus|move: Taunt\n|upkeep\n|turn|10\n|\n|move|p1a: Arceus|Recover|p1a: Arceus\n|-heal|p1a: Arceus|87\/100 brn\n|move|p2a: Blissey|Soft-Boiled|p2a: Blissey\n|-heal|p2a: Blissey|100\/100\n|\n|-damage|p1a: Arceus|81\/100 brn|[from] brn\n|upkeep\n|turn|11\n|\n|move|p1a: Arceus|Calm Mind|p1a: Arceus\n|-boost|p1a: Arceus|spa|1\n|-boost|p1a: Arceus|spd|1\n|move|p2a: Blissey|Flamethrower|p1a: Arceus\n|-damage|p1a: Arceus|74\/100 brn\n|\n|-damage|p1a: Arceus|67\/100 brn|[from] brn\n|upkeep\n|turn|12\n|\n|move|p1a: Arceus|Judgment|p2a: Blissey\n|-damage|p2a: Blissey|63\/100\n|move|p2a: Blissey|Flamethrower|p1a: Arceus\n|-damage|p1a: Arceus|60\/100 brn\n|\n|-heal|p2a: Blissey|69\/100|[from] item: Leftovers\n|-damage|p1a: Arceus|54\/100 brn|[from] brn\n|upkeep\n|turn|13\n|\n|switch|p2a: Shedinja|Shedinja, L89|100\/100\n|move|p1a: Arceus|Recover|p1a: Arceus\n|-heal|p1a: Arceus|100\/100 brn\n|\n|-damage|p1a: Arceus|94\/100 brn|[from] brn\n|upkeep\n|turn|14\n|\n|move|p1a: Arceus|Judgment|p2a: Shedinja\n|-supereffective|p2a: Shedinja\n|-enditem|p2a: Shedinja|Focus Sash\n|-damage|p2a: Shedinja|100\/100\n|move|p2a: Shedinja|Shadow Claw|p1a: Arceus\n|-damage|p1a: Arceus|73\/100 brn\n|\n|-damage|p1a: Arceus|67\/100 brn|[from] brn\n|upkeep\n|turn|15\n|-message|wolfwarrior forfeited.\n|\n|win|WalterKetchum\n|l|\u2606wolfwarrior\n|raw|WalterKetchum's rating: 1564 &rarr; <strong>1583<\/strong><br \/>(+19 for winning)\n|raw|wolfwarrior's rating: 1544 &rarr; <strong>1525<\/strong><br \/>(-19 for losing)\n","inputlog":">version 4b62546ab435a2a3da1076b3a08a28c9265dc539\n>start {\"formatid\":\"gen7randombattle\",\"seed\":[17743,21283,23750,56112],\"rated\":\"Rated battle\"}\n>player p1 {\"name\":\"WalterKetchum\",\"avatar\":\"117\",\"team\":\"\",\"seed\":[65290,57592,26577,64284]}\n>player p2 {\"name\":\"wolfwarrior\",\"avatar\":\"162\",\"team\":\"\",\"seed\":[9817,51409,11080,17005]}\n>p1 switch 6\n>p2 switch 4\n>p1 switch 5\n>p2 move sacredfire\n>p1 move recover\n>p2 switch 3\n>p1 move earthpower\n>p2 move stealthrock\n>p1 move earthpower\n>p2 switch 2\n>p1 move calmmind\n>p2 move taunt\n>p1 move judgment\n>p2 switch 5\n>p1 move judgment\n>p2 move gyroball\n>p2 switch 6\n>p1 move judgment\n>p2 move flamethrower\n>p1 move recover\n>p2 move softboiled\n>p1 move calmmind\n>p2 move flamethrower\n>p1 move judgment\n>p2 move flamethrower\n>p1 move recover\n>p2 switch 4\n>p1 move judgment\n>p2 move shadowclaw","uploadtime":1561086178,"views":6,"p1id":"walterketchum","p2id":"wolfwarrior","formatid":"gen7randombattle","rating":1525,"private":0,"password":null}