{"id":"gen7randombattle-928413116","p1":"SoulFire9002","p2":"comp233","format":"gen7randombattle","log":"|j|\u2606SoulFire9002\n|j|\u2606comp233\n|player|p1|SoulFire9002|2\n|player|p2|comp233|115\n|teamsize|p1|6\n|teamsize|p2|6\n|gametype|singles\n|gen|7\n|tier|[Gen 7] Random Battle\n|rated|\n|rule|Sleep Clause Mod: Limit one foe put to sleep\n|rule|HP Percentage Mod: HP is shown in percentages\n|\n|start\n|switch|p1a: Porygon-Z|Porygon-Z, L81|100\/100\n|switch|p2a: Shaymin|Shaymin, L84|100\/100\n|-ability|p1a: Porygon-Z|Download|boost\n|-boost|p1a: Porygon-Z|spa|1\n|turn|1\n|\n|move|p2a: Shaymin|Leech Seed|p1a: Porygon-Z\n|-start|p1a: Porygon-Z|move: Leech Seed\n|-zpower|p1a: Porygon-Z\n|move|p1a: Porygon-Z|Z-Conversion|p1a: Porygon-Z|[anim]Conversion\n|-boost|p1a: Porygon-Z|atk|1|[zeffect]\n|-boost|p1a: Porygon-Z|def|1|[zeffect]\n|-boost|p1a: Porygon-Z|spa|1|[zeffect]\n|-boost|p1a: Porygon-Z|spd|1|[zeffect]\n|-boost|p1a: Porygon-Z|spe|1|[zeffect]\n|-start|p1a: Porygon-Z|typechange|Electric\n|\n|-damage|p1a: Porygon-Z|88\/100|[from] Leech Seed|[of] p2a: Shaymin\n|upkeep\n|turn|2\n|\n|move|p1a: Porygon-Z|Ice Beam|p2a: Shaymin\n|-supereffective|p2a: Shaymin\n|-damage|p2a: Shaymin|11\/100\n|move|p2a: Shaymin|Seed Flare|p1a: Porygon-Z|[miss]\n|-miss|p2a: Shaymin|p1a: Porygon-Z\n|\n|-heal|p2a: Shaymin|18\/100|[from] item: Leftovers\n|-damage|p1a: Porygon-Z|76\/100|[from] Leech Seed|[of] p2a: Shaymin\n|-heal|p2a: Shaymin|28\/100|[silent]\n|upkeep\n|turn|3\n|\n|switch|p2a: Lunatone|Lunatone, L89|100\/100\n|move|p1a: Porygon-Z|Ice Beam|p2a: Lunatone\n|-damage|p2a: Lunatone|55\/100\n|\n|-heal|p2a: Lunatone|61\/100|[from] item: Leftovers\n|-damage|p1a: Porygon-Z|64\/100|[from] Leech Seed|[of] p2a: Lunatone\n|-heal|p2a: Lunatone|72\/100|[silent]\n|upkeep\n|turn|4\n|\n|move|p1a: Porygon-Z|Recover|p1a: Porygon-Z\n|-heal|p1a: Porygon-Z|100\/100\n|move|p2a: Lunatone|Moonlight|p2a: Lunatone\n|-heal|p2a: Lunatone|100\/100\n|\n|-damage|p1a: Porygon-Z|88\/100|[from] Leech Seed|[of] p2a: Lunatone\n|upkeep\n|turn|5\n|\n|move|p1a: Porygon-Z|Thunderbolt|p2a: Lunatone\n|-damage|p2a: Lunatone|32\/100\n|move|p2a: Lunatone|Stealth Rock|p1a: Porygon-Z\n|-sidestart|p1: SoulFire9002|move: Stealth Rock\n|\n|-heal|p2a: Lunatone|38\/100|[from] item: Leftovers\n|-damage|p1a: Porygon-Z|76\/100|[from] Leech Seed|[of] p2a: Lunatone\n|-heal|p2a: Lunatone|49\/100|[silent]\n|upkeep\n|turn|6\n|\n|switch|p2a: Torterra|Torterra, L86, F|100\/100\n|move|p1a: Porygon-Z|Thunderbolt|p2a: Torterra\n|-immune|p2a: Torterra\n|\n|-damage|p1a: Porygon-Z|64\/100|[from] Leech Seed|[of] p2a: Torterra\n|upkeep\n|turn|7\n|\n|switch|p2a: Lunatone|Lunatone, L89|49\/100\n|move|p1a: Porygon-Z|Ice Beam|p2a: Lunatone\n|-damage|p2a: Lunatone|0 fnt\n|faint|p2a: Lunatone\n|\n|upkeep\n|\n|switch|p2a: Greninja|Greninja, L80, M|100\/100\n|turn|8\n|\n|switch|p2a: Torterra|Torterra, L86, F|100\/100\n|move|p1a: Porygon-Z|Recover|p1a: Porygon-Z\n|-heal|p1a: Porygon-Z|100\/100\n|\n|-damage|p1a: Porygon-Z|88\/100|[from] Leech Seed|[of] p2a: Torterra\n|upkeep\n|turn|9\n|\n|switch|p2a: Shaymin|Shaymin, L84|28\/100\n|move|p1a: Porygon-Z|Ice Beam|p2a: Shaymin\n|-supereffective|p2a: Shaymin\n|-crit|p2a: Shaymin\n|-damage|p2a: Shaymin|0 fnt\n|faint|p2a: Shaymin\n|\n|upkeep\n|\n|switch|p2a: Greninja|Greninja, L80, M|100\/100\n|turn|10\n|\n|switch|p2a: Torterra|Torterra, L86, F|100\/100\n|move|p1a: Porygon-Z|Thunderbolt|p2a: Torterra\n|-immune|p2a: Torterra\n|\n|-damage|p1a: Porygon-Z|76\/100|[from] Leech Seed|[of] p2a: Torterra\n|upkeep\n|turn|11\n|\n|move|p1a: Porygon-Z|Ice Beam|p2a: Torterra\n|-supereffective|p2a: Torterra\n|-damage|p2a: Torterra|0 fnt\n|faint|p2a: Torterra\n|\n|upkeep\n|\n|switch|p2a: Talonflame|Talonflame, L83, M|100\/100\n|turn|12\n|\n|-zpower|p2a: Talonflame\n|move|p2a: Talonflame|Supersonic Skystrike|p1a: Porygon-Z|[zeffect]\n|-resisted|p1a: Porygon-Z\n|-damage|p1a: Porygon-Z|52\/100\n|move|p1a: Porygon-Z|Recover|p1a: Porygon-Z\n|-heal|p1a: Porygon-Z|100\/100\n|\n|-damage|p1a: Porygon-Z|88\/100|[from] Leech Seed|[of] p2a: Talonflame\n|upkeep\n|turn|13\n|\n|move|p1a: Porygon-Z|Thunderbolt|p2a: Talonflame\n|-supereffective|p2a: Talonflame\n|-damage|p2a: Talonflame|0 fnt\n|faint|p2a: Talonflame\n|\n|upkeep\n|\n|switch|p2a: Greninja|Greninja, L80, M|100\/100\n|turn|14\n|\n|move|p1a: Porygon-Z|Thunderbolt|p2a: Greninja\n|-supereffective|p2a: Greninja\n|-damage|p2a: Greninja|0 fnt\n|faint|p2a: Greninja\n|\n|upkeep\n|-message|comp233 forfeited.\n|\n|win|SoulFire9002\n|l|\u2606comp233\n","inputlog":">version 221fee94a37ca316bb153f46fca2a11bbc6b0ff4\n>start {\"formatid\":\"gen7randombattle\",\"seed\":[40365,22100,42342,17402],\"rated\":\"Rated battle\"}\n>player p1 {\"name\":\"SoulFire9002\",\"avatar\":\"2\",\"team\":\"\",\"seed\":[22049,51886,6186,16165]}\n>player p2 {\"name\":\"comp233\",\"avatar\":\"115\",\"team\":\"\",\"seed\":[44598,8917,5069,11968]}\n>p1 move conversion zmove\n>p2 move leechseed\n>p1 move icebeam\n>p2 move seedflare\n>p1 move icebeam\n>p2 switch 2\n>p1 move recover\n>p2 move moonlight\n>p1 move thunderbolt\n>p2 move stealthrock\n>p1 move thunderbolt\n>p2 switch 3\n>p1 move icebeam\n>p2 switch 3\n>p2 switch 4\n>p1 move recover\n>p2 switch 3\n>p1 move icebeam\n>p2 switch 2\n>p2 switch 3\n>p1 move thunderbolt\n>p2 switch 2\n>p1 move icebeam\n>p2 move earthquake\n>p2 switch 5\n>p1 move recover\n>p2 move bravebird zmove\n>p1 move thunderbolt\n>p2 move swordsdance\n>p2 switch 2\n>p1 move thunderbolt\n>p2 move hydropump","uploadtime":1560561620,"views":8,"p1id":"soulfire9002","p2id":"comp233","formatid":"gen7randombattle","rating":0,"private":0,"password":null}