{"id":"gen7ou-639363975","p1":"kijo","p2":"I'm back from mars","format":"gen7ou","log":"|j|kijo\n|j|I'm back from mars\n|player|p1|kijo|234\n|teamsize|p1|6\n|player|p2|I'm back from mars|128\n|teamsize|p2|6\n|gametype|singles\n|gen|7\n|tier|[Gen 7] OU\n|rated\n|seed|10447,11107,53090,21311\n|rule|Sleep Clause Mod: Limit one foe put to sleep\n|rule|Species Clause: Limit one of each Pok\u00e9mon\n|rule|OHKO Clause: OHKO moves are banned\n|rule|Moody Clause: Moody is banned\n|rule|Evasion Moves Clause: Evasion moves are banned\n|rule|Endless Battle Clause: Forcing endless battles is banned\n|rule|HP Percentage Mod: HP is shown in percentages\n|clearpoke\n|poke|p1|Ditto|item\n|poke|p1|Ferrothorn, M|item\n|poke|p1|Zapdos|item\n|poke|p1|Marowak-Alola, F|item\n|poke|p1|Nihilego|item\n|poke|p1|Altaria, M|item\n|poke|p2|Alomomola, F|item\n|poke|p2|Magearna|item\n|poke|p2|Zapdos|item\n|poke|p2|Quagsire, M|item\n|poke|p2|Mew|item\n|poke|p2|Ditto|item\n|teampreview\n|j|64th N.\n|j|MEMEKADO\n|c| MEMEKADO|se ci gioco rest talk\n|c| MEMEKADO|la recupera\n|c| MEMEKADO|lol\n|c|\u2606kijo|lol\n|raw|<div class=\"broadcast-red\"><strong>Moderated chat was set to +!<\/strong><br \/>Only users of rank + and higher can talk.<\/div>\n|j|paperquagsire\n|c|\u2606kijo|quanto\n|c|\u2606I'm back from mars|i understand\n|c|\u2606kijo|non sopporto\n|c|\u2606kijo|sta gente\n|j|Divine Hunt3r \u2726\n|c|\u2606kijo|click\n|l|paperquagsire\n|c|\u2606kijo|ignore\n|c|\u2606kijo|spectators\n|c|\u2606kijo|cmon\n|c|\u2606kijo|\/log MEMEKADO was promoted to Room Voice by kijo.\n|c|\u2606kijo|\/log Divine Hunt3r \u2726 was promoted to Room Voice by kijo.\n|c|+Divine Hunt3r \u2726|thx\n|j|V~Vins\n|c|\u2606kijo|\/log 64th N. was promoted to Room Voice by kijo.\n|c|+MEMEKADO|altaria e nihi sono bellissimi vicini\n|c|+MEMEKADO|* ^ *\n|choice|team 2, team 1, team 3, team 4, team 5, team 6|team 1, team 2, team 3, team 4, team 5, team 6\n|\n|start\n|switch|p1a: Hug Me|Ferrothorn, M|352\/352\n|switch|p2a: Alomomola|Alomomola, F|481\/481\n|turn|1\n|c|+Divine Hunt3r \u2726|*^*\n|choice|move spikes|switch 3\n|\n|switch|p2a: Zapdos|Zapdos|383\/383\n|-ability|p2a: Zapdos|Pressure\n|move|p1a: Hug Me|Spikes|p2a: Zapdos\n|-sidestart|p2: I'm back from mars|Spikes\n|\n|upkeep\n|turn|2\n|choice|switch 5|move defog\n|\n|switch|p1a: SuperFastJellyFish|Nihilego|359\/359\n|move|p2a: Zapdos|Defog|p1a: SuperFastJellyFish\n|-unboost|p1a: SuperFastJellyFish|evasion|1\n|-sideend|p2: I'm back from mars|Spikes|[from] move: Defog|[of] p2a: Zapdos\n|\n|upkeep\n|turn|3\n|choice|switch 4|switch 5\n|\n|switch|p1a: Sadness|Marowak-Alola, F|261\/261\n|switch|p2a: Mew|Mew|387\/387\n|\n|upkeep\n|turn|4\n|choice|switch 6|switch 3\n|\n|switch|p2a: Alomomola|Alomomola, F|481\/481\n|switch|p1a: Altaria|Altaria, M|291\/291\n|\n|upkeep\n|turn|5\n|c|\u2606kijo|\/log V~Vins was promoted to Room Voice by kijo.\n|choice|move dragondance|move toxic\n|\n|move|p1a: Altaria|Dragon Dance|p1a: Altaria\n|-boost|p1a: Altaria|atk|1\n|-boost|p1a: Altaria|spe|1\n|move|p2a: Alomomola|Toxic|p1a: Altaria|[miss]\n|-miss|p2a: Alomomola|p1a: Altaria\n|\n|upkeep\n|turn|6\n|c|+V~Vins|kjo\n|c|+V~Vins|calli\n|c|+V~Vins|kijo\n|choice|move frustration mega|move toxic\n|\n|detailschange|p1a: Altaria|Altaria-Mega, M\n|-mega|p1a: Altaria|Altaria|Altarianite\n|move|p1a: Altaria|Frustration|p2a: Alomomola\n|-damage|p2a: Alomomola|192\/481\n|move|p2a: Alomomola|Toxic|p1a: Altaria\n|-status|p1a: Altaria|tox\n|\n|-heal|p2a: Alomomola|222\/481|[from] item: Leftovers\n|-damage|p1a: Altaria|273\/291 tox|[from] psn\n|upkeep\n|turn|7\n|c|\u2606kijo|n\n|choice|move frustration|switch 4\n|\n|switch|p2a: Quagsire|Quagsire, M, shiny|394\/394\n|move|p1a: Altaria|Frustration|p2a: Quagsire\n|-damage|p2a: Quagsire|232\/394\n|\n|-heal|p2a: Quagsire|256\/394|[from] item: Leftovers\n|-damage|p1a: Altaria|237\/291 tox|[from] psn\n|upkeep\n|turn|8\n|choice|switch 5|move recover\n|\n|switch|p1a: Hug Me|Ferrothorn, M|352\/352\n|move|p2a: Quagsire|Recover|p2a: Quagsire\n|-heal|p2a: Quagsire|394\/394\n|\n|upkeep\n|turn|9\n|choice|move leechseed|switch 5\n|\n|switch|p2a: Zapdos|Zapdos|383\/383\n|-ability|p2a: Zapdos|Pressure\n|move|p1a: Hug Me|Leech Seed|p2a: Zapdos\n|-start|p2a: Zapdos|move: Leech Seed\n|\n|-damage|p2a: Zapdos|336\/383|[from] Leech Seed|[of] p1a: Hug Me\n|upkeep\n|turn|10\n|choice|switch 4|switch 3\n|\n|switch|p2a: Mew|Mew|387\/387\n|switch|p1a: SuperFastJellyFish|Nihilego|359\/359\n|\n|upkeep\n|turn|11\n|choice|move toxicspikes|move willowisp\n|\n|move|p1a: SuperFastJellyFish|Toxic Spikes|p2a: Mew\n|-sidestart|p2: I'm back from mars|move: Toxic Spikes\n|move|p2a: Mew|Will-O-Wisp|p1a: SuperFastJellyFish\n|-status|p1a: SuperFastJellyFish|brn\n|\n|-damage|p1a: SuperFastJellyFish|337\/359 brn|[from] brn\n|upkeep\n|turn|12\n|c|+V~Vins|oh\n|c|+V~Vins|dopo\n|c|\u2606kijo|qualcuno\n|c|\u2606kijo|mi spiega\n|j|Live Metal\n|c|\u2606kijo|perch\u00e9 tutti\n|c|+V~Vins|dopo\n|c|+V~Vins|gioco io\n|c|\u2606kijo|mettono il modjoin\n|c|+V~Vins|ok\n|c|\u2606kijo|non \u00e8 possibile\n|c|+V~Vins|PERCH\u00e9\n|c|+V~Vins|LA CIA\n|c|+V~Vins|CI SPIA\n|c|+64th N.|Perch\u00e8 siamo troppo belli\n|c|+V~Vins|quando finisci\n|c|+V~Vins|gioco io.\n|choice|move acidspray|move defog\n|\n|move|p1a: SuperFastJellyFish|Acid Spray|p2a: Mew\n|-damage|p2a: Mew|330\/387\n|-unboost|p2a: Mew|spd|2\n|move|p2a: Mew|Defog|p1a: SuperFastJellyFish\n|-unboost|p1a: SuperFastJellyFish|evasion|1\n|-sideend|p2: I'm back from mars|Toxic Spikes|[from] move: Defog|[of] p2a: Mew\n|\n|-heal|p1a: SuperFastJellyFish|359\/359 brn|[from] item: Black Sludge\n|-heal|p2a: Mew|354\/387|[from] item: Leftovers\n|-damage|p1a: SuperFastJellyFish|337\/359 brn|[from] brn\n|upkeep\n|turn|13\n|choice|switch 6|switch 2\n|\n|switch|p1a: Sadness|Marowak-Alola, F|261\/261\n|switch|p2a: Magearna|Magearna|351\/351\n|\n|upkeep\n|turn|14\n|c|+MEMEKADO|comunque dark pulse fa da 39 a 46 ad altaria\n|choice|move flareblitz|switch 4\n|\n|switch|p2a: Alomomola|Alomomola, F|382\/481\n|move|p1a: Sadness|Flare Blitz|p2a: Alomomola\n|-resisted|p2a: Alomomola\n|-damage|p2a: Alomomola|238\/481\n|\n|-heal|p2a: Alomomola|268\/481|[from] item: Leftovers\n|upkeep\n|turn|15\n|c|\u2606I'm back from mars|m altaria is bad\n|c|\u2606kijo|ok\n|c|+V~Vins|u'r bad\n|l|Live Metal\n|c|+MEMEKADO|ditto + quagsire per essere sicuro di non perdere da mega altaria ---> mega altaria is bad\n|c|\u2606I'm back from mars|mega altaria is bad\n|c|\u2606kijo|ok\n|c|\u2606I'm back from mars|it has too many checks\n|c|\u2606kijo|nice to know\n|c|\u2606I'm back from mars|not rocket science to understand\n|c|\u2606kijo|ok man\n|c|\u2606I'm back from mars|just answering to your friends kijo\n|inactive|Battle timer is ON: inactive players will automatically lose when time's up. (requested by kijo)\n|c|\u2606I'm back from mars|your team is fine\n|c|\u2606kijo|they're stupid af\n|choice|move swordsdance|move wish\n|\n|move|p1a: Sadness|Swords Dance|p1a: Sadness\n|-boost|p1a: Sadness|atk|2\n|move|p2a: Alomomola|Wish|p2a: Alomomola\n|\n|-heal|p2a: Alomomola|298\/481|[from] item: Leftovers\n|upkeep\n|turn|16\n|c|\u2606kijo|dont answer them\n|c|\u2606kijo|they said swadloon is bad\n|c|\u2606kijo|cmon\n|choice|move shadowbone|switch 5\n|\n|switch|p2a: Quagsire|Quagsire, M, shiny|394\/394\n|move|p1a: Sadness|Shadow Bone|p2a: Quagsire\n|-damage|p2a: Quagsire|195\/394\n|\n|-heal|p2a: Quagsire|394\/394|[from] move: Wish|[wisher] Alomomola\n|upkeep\n|turn|17\n|inactive|I'm back from mars has 120 seconds left.\n|choice|switch 4|move toxic\n|\n|switch|p1a: Hug Me|Ferrothorn, M|352\/352\n|move|p2a: Quagsire|Toxic|p1a: Hug Me\n|-immune|p1a: Hug Me|[msg]\n|\n|upkeep\n|turn|18\n|choice|move leechseed|switch 3\n|\n|switch|p2a: Zapdos|Zapdos|336\/383\n|-ability|p2a: Zapdos|Pressure\n|move|p1a: Hug Me|Leech Seed|p2a: Zapdos\n|-start|p2a: Zapdos|move: Leech Seed\n|\n|-heal|p2a: Zapdos|359\/383|[from] item: Leftovers\n|-damage|p2a: Zapdos|312\/383|[from] Leech Seed|[of] p1a: Hug Me\n|upkeep\n|turn|19\n|c|+MEMEKADO|io comunque giocherei mega gyara forse\n|choice|switch 6|switch 5\n|\n|switch|p2a: Alomomola|Alomomola, F|458\/481\n|switch|p1a: SuperFastJellyFish|Nihilego|337\/359 brn\n|\n|-heal|p1a: SuperFastJellyFish|359\/359 brn|[from] item: Black Sludge\n|-heal|p2a: Alomomola|481\/481|[from] item: Leftovers\n|-damage|p1a: SuperFastJellyFish|337\/359 brn|[from] brn\n|upkeep\n|turn|20\n|c|\u2606kijo|altaria \u00e8 pi\u00f9 immediata\n|c|+MEMEKADO|dopo mangiato provo con mega gyara\n|c|\u2606kijo|e i suoi check\n|c|\u2606kijo|sono i tipi acciacio\n|c|\u2606kijo|e sui tipi acciaio\n|c|\u2606kijo|entra maro\n|c|\u2606kijo|e fa kill\n|c|+MEMEKADO|vero anche quello\n|c|\u2606kijo|per questo preferisco alty\n|c|\u2606kijo|mentre gyara\n|inactive|kijo has 120 seconds left.\n|c|\u2606kijo|ha come check i tipi acqua\n|c|\u2606kijo|che danno fastidio pure a maro\n|j|all-out baoba\n|c|\u2606kijo|.c\n|c|+MEMEKADO|ma anche i tipi erba suvvia\n|choice|move toxicspikes|switch 2\n|\n|switch|p2a: Mew|Mew|354\/387\n|move|p1a: SuperFastJellyFish|Toxic Spikes|p2a: Mew\n|-sidestart|p2: I'm back from mars|move: Toxic Spikes\n|\n|-heal|p1a: SuperFastJellyFish|359\/359 brn|[from] item: Black Sludge\n|-heal|p2a: Mew|378\/387|[from] item: Leftovers\n|-damage|p1a: SuperFastJellyFish|337\/359 brn|[from] brn\n|upkeep\n|turn|21\n|choice|move acidspray|move defog\n|\n|move|p1a: SuperFastJellyFish|Acid Spray|p2a: Mew\n|-damage|p2a: Mew|315\/387\n|-unboost|p2a: Mew|spd|2\n|move|p2a: Mew|Defog|p1a: SuperFastJellyFish\n|-unboost|p1a: SuperFastJellyFish|evasion|1\n|-sideend|p2: I'm back from mars|Toxic Spikes|[from] move: Defog|[of] p2a: Mew\n|\n|-heal|p1a: SuperFastJellyFish|359\/359 brn|[from] item: Black Sludge\n|-heal|p2a: Mew|339\/387|[from] item: Leftovers\n|-damage|p1a: SuperFastJellyFish|337\/359 brn|[from] brn\n|upkeep\n|turn|22\n|choice|move sludgebomb|switch 4\n|\n|switch|p2a: Magearna|Magearna|351\/351\n|move|p1a: SuperFastJellyFish|Sludge Bomb|p2a: Magearna\n|-immune|p2a: Magearna|[msg]\n|\n|-heal|p1a: SuperFastJellyFish|359\/359 brn|[from] item: Black Sludge\n|-damage|p1a: SuperFastJellyFish|337\/359 brn|[from] brn\n|upkeep\n|turn|23\n|choice|switch 4|move flashcannon\n|\n|switch|p1a: Sadness|Marowak-Alola, F|261\/261\n|move|p2a: Magearna|Flash Cannon|p1a: Sadness\n|-resisted|p1a: Sadness\n|-damage|p1a: Sadness|184\/261\n|\n|upkeep\n|turn|24\n|choice|move shadowbone|switch 2\n|\n|switch|p2a: Alomomola|Alomomola, F|481\/481\n|move|p1a: Sadness|Shadow Bone|p2a: Alomomola\n|-damage|p2a: Alomomola|292\/481\n|\n|-heal|p2a: Alomomola|322\/481|[from] item: Leftovers\n|upkeep\n|turn|25\n|inactive|I'm back from mars has 120 seconds left.\n|choice|switch 6|move wish\n|\n|switch|p1a: Hug Me|Ferrothorn, M|352\/352\n|move|p2a: Alomomola|Wish|p2a: Alomomola\n|\n|-heal|p2a: Alomomola|352\/481|[from] item: Leftovers\n|upkeep\n|turn|26\n|choice|move spikes|switch 5\n|\n|switch|p2a: Zapdos|Zapdos|312\/383\n|-ability|p2a: Zapdos|Pressure\n|move|p1a: Hug Me|Spikes|p2a: Zapdos\n|-sidestart|p2: I'm back from mars|Spikes\n|\n|-heal|p2a: Zapdos|383\/383|[from] move: Wish|[wisher] Alomomola\n|upkeep\n|turn|27\n|choice|move leechseed|move defog\n|\n|move|p2a: Zapdos|Defog|p1a: Hug Me\n|-unboost|p1a: Hug Me|evasion|1\n|-sideend|p2: I'm back from mars|Spikes|[from] move: Defog|[of] p2a: Zapdos\n|move|p1a: Hug Me|Leech Seed|p2a: Zapdos\n|-start|p2a: Zapdos|move: Leech Seed\n|\n|-damage|p2a: Zapdos|336\/383|[from] Leech Seed|[of] p1a: Hug Me\n|upkeep\n|turn|28\n|choice|move spikes|switch 4\n|\n|switch|p2a: Mew|Mew|339\/387\n|move|p1a: Hug Me|Spikes|p2a: Mew\n|-sidestart|p2: I'm back from mars|Spikes\n|\n|-heal|p2a: Mew|363\/387|[from] item: Leftovers\n|upkeep\n|turn|29\n|l|all-out baoba\n|choice|switch 4|move defog\n|\n|switch|p1a: SuperFastJellyFish|Nihilego|337\/359 brn\n|move|p2a: Mew|Defog|p1a: SuperFastJellyFish\n|-unboost|p1a: SuperFastJellyFish|evasion|1\n|-sideend|p2: I'm back from mars|Spikes|[from] move: Defog|[of] p2a: Mew\n|\n|-heal|p1a: SuperFastJellyFish|359\/359 brn|[from] item: Black Sludge\n|-heal|p2a: Mew|387\/387|[from] item: Leftovers\n|-damage|p1a: SuperFastJellyFish|337\/359 brn|[from] brn\n|upkeep\n|turn|30\n|c|\u2606kijo|non ce la faccio pi\u00f9\n|c|\u2606kijo|a vedere defogger\n|choice|move toxicspikes|move icebeam\n|\n|move|p1a: SuperFastJellyFish|Toxic Spikes|p2a: Mew\n|-sidestart|p2: I'm back from mars|move: Toxic Spikes\n|move|p2a: Mew|Ice Beam|p1a: SuperFastJellyFish\n|-crit|p1a: SuperFastJellyFish\n|-damage|p1a: SuperFastJellyFish|270\/359 brn\n|\n|-heal|p1a: SuperFastJellyFish|292\/359 brn|[from] item: Black Sludge\n|-damage|p1a: SuperFastJellyFish|270\/359 brn|[from] brn\n|upkeep\n|turn|31\n|choice|move acidspray|move defog\n|\n|move|p1a: SuperFastJellyFish|Acid Spray|p2a: Mew\n|-damage|p2a: Mew|327\/387\n|-unboost|p2a: Mew|spd|2\n|move|p2a: Mew|Defog|p1a: SuperFastJellyFish\n|-unboost|p1a: SuperFastJellyFish|evasion|1\n|-sideend|p2: I'm back from mars|Toxic Spikes|[from] move: Defog|[of] p2a: Mew\n|\n|-heal|p1a: SuperFastJellyFish|292\/359 brn|[from] item: Black Sludge\n|-heal|p2a: Mew|351\/387|[from] item: Leftovers\n|-damage|p1a: SuperFastJellyFish|270\/359 brn|[from] brn\n|upkeep\n|turn|32\n|choice|move toxicspikes|switch 2\n|\n|switch|p2a: Magearna|Magearna|351\/351\n|move|p1a: SuperFastJellyFish|Toxic Spikes|p2a: Magearna\n|-sidestart|p2: I'm back from mars|move: Toxic Spikes\n|\n|-heal|p1a: SuperFastJellyFish|292\/359 brn|[from] item: Black Sludge\n|-damage|p1a: SuperFastJellyFish|270\/359 brn|[from] brn\n|upkeep\n|turn|33\n|choice|switch 6|move flashcannon\n|\n|switch|p1a: Sadness|Marowak-Alola, F|184\/261\n|move|p2a: Magearna|Flash Cannon|p1a: Sadness\n|-resisted|p1a: Sadness\n|-damage|p1a: Sadness|112\/261\n|\n|upkeep\n|turn|34\n|choice|move flareblitz|switch 5\n|\n|switch|p2a: Alomomola|Alomomola, F|481\/481\n|-status|p2a: Alomomola|psn\n|move|p1a: Sadness|Flare Blitz|p2a: Alomomola\n|-resisted|p2a: Alomomola\n|-damage|p2a: Alomomola|345\/481 psn\n|\n|-heal|p2a: Alomomola|375\/481 psn|[from] item: Leftovers\n|-damage|p2a: Alomomola|315\/481 psn|[from] psn\n|upkeep\n|turn|35\n|choice|switch 3|move waterfall\n|\n|switch|p1a: Nachos|Zapdos|383\/383\n|-ability|p1a: Nachos|Pressure\n|move|p2a: Alomomola|Waterfall|p1a: Nachos\n|-damage|p1a: Nachos|326\/383\n|\n|-heal|p1a: Nachos|349\/383|[from] item: Leftovers\n|-heal|p2a: Alomomola|345\/481 psn|[from] item: Leftovers\n|-damage|p2a: Alomomola|285\/481 psn|[from] psn\n|upkeep\n|turn|36\n|choice|move voltswitch|switch 4\n|\n|switch|p2a: Zapdos|Zapdos|336\/383\n|-ability|p2a: Zapdos|Pressure\n|move|p1a: Nachos|Volt Switch|p2a: Zapdos\n|-crit|p2a: Zapdos\n|-damage|p2a: Zapdos|171\/383\n|inactive|kijo has 120 seconds left.\n|choice|switch 4|\n|\n|switch|p1a: Hug Me|Ferrothorn, M|352\/352\n|\n|-heal|p2a: Zapdos|194\/383|[from] item: Leftovers\n|upkeep\n|turn|37\n|choice|switch 4|move defog\n|\n|switch|p1a: Nachos|Zapdos|349\/383\n|-ability|p1a: Nachos|Pressure\n|move|p2a: Zapdos|Defog|p1a: Nachos\n|-unboost|p1a: Nachos|evasion|1\n|-sideend|p2: I'm back from mars|Toxic Spikes|[from] move: Defog|[of] p2a: Zapdos\n|\n|-heal|p2a: Zapdos|217\/383|[from] item: Leftovers\n|-heal|p1a: Nachos|372\/383|[from] item: Leftovers\n|upkeep\n|turn|38\n|inactive|kijo has 120 seconds left.\n|choice|move voltswitch|switch 3\n|\n|switch|p2a: Quagsire|Quagsire, M, shiny|394\/394\n|move|p1a: Nachos|Volt Switch|p2a: Quagsire\n|-immune|p2a: Quagsire|[msg]\n|\n|-heal|p1a: Nachos|383\/383|[from] item: Leftovers\n|upkeep\n|turn|39\n|choice|switch 4|switch 3\n|\n|switch|p1a: Hug Me|Ferrothorn, M|352\/352\n|switch|p2a: Zapdos|Zapdos|217\/383\n|-ability|p2a: Zapdos|Pressure\n|\n|-heal|p2a: Zapdos|240\/383|[from] item: Leftovers\n|upkeep\n|turn|40\n|choice|move protect|move heatwave\n|\n|move|p1a: Hug Me|Protect|p1a: Hug Me\n|-singleturn|p1a: Hug Me|Protect\n|move|p2a: Zapdos|Heat Wave|p1a: Hug Me\n|-activate|p1a: Hug Me|move: Protect\n|\n|-heal|p2a: Zapdos|263\/383|[from] item: Leftovers\n|upkeep\n|turn|41\n|choice|switch 5|move voltswitch\n|\n|switch|p1a: Altaria|Altaria-Mega, M|237\/291 tox\n|move|p2a: Zapdos|Volt Switch|p1a: Altaria\n|-resisted|p1a: Altaria\n|-damage|p1a: Altaria|189\/291 tox\n|choice||switch 5\n|\n|switch|p2a: Magearna|Magearna|351\/351\n|\n|-damage|p1a: Altaria|171\/291 tox|[from] psn\n|upkeep\n|turn|42\n|choice|switch 5|move hiddenpower\n|\n|switch|p1a: Hug Me|Ferrothorn, M|352\/352\n|move|p2a: Magearna|Hidden Power|p1a: Hug Me\n|-supereffective|p1a: Hug Me\n|-damage|p1a: Hug Me|164\/352\n|\n|-heal|p1a: Hug Me|186\/352|[from] item: Leftovers\n|upkeep\n|turn|43\n|choice|move protect|move hiddenpower\n|\n|move|p1a: Hug Me|Protect|p1a: Hug Me\n|-singleturn|p1a: Hug Me|Protect\n|move|p2a: Magearna|Hidden Power|p1a: Hug Me\n|-activate|p1a: Hug Me|move: Protect\n|\n|-heal|p1a: Hug Me|208\/352|[from] item: Leftovers\n|upkeep\n|turn|44\n|choice|switch 6|move hiddenpower\n|\n|switch|p1a: SuperFastJellyFish|Nihilego|270\/359 brn\n|move|p2a: Magearna|Hidden Power|p1a: SuperFastJellyFish\n|-resisted|p1a: SuperFastJellyFish\n|-damage|p1a: SuperFastJellyFish|248\/359 brn\n|\n|-heal|p1a: SuperFastJellyFish|270\/359 brn|[from] item: Black Sludge\n|-damage|p1a: SuperFastJellyFish|248\/359 brn|[from] brn\n|upkeep\n|turn|45\n|choice|move toxicspikes|move flashcannon\n|\n|move|p1a: SuperFastJellyFish|Toxic Spikes|p2a: Magearna\n|-sidestart|p2: I'm back from mars|move: Toxic Spikes\n|move|p2a: Magearna|Flash Cannon|p1a: SuperFastJellyFish\n|-supereffective|p1a: SuperFastJellyFish\n|-crit|p1a: SuperFastJellyFish\n|-damage|p1a: SuperFastJellyFish|0 fnt\n|faint|p1a: SuperFastJellyFish\n|-ability|p2a: Magearna|Soul-Heart|boost\n|-boost|p2a: Magearna|spa|1\n|\n|upkeep\n|l|V~Vins\n|choice|switch 3|\n|\n|switch|p1a: Sadness|Marowak-Alola, F|112\/261\n|turn|46\n|choice|move shadowbone|switch 4\n|\n|switch|p2a: Alomomola|Alomomola, F|445\/481 psn\n|move|p1a: Sadness|Shadow Bone|p2a: Alomomola\n|-damage|p2a: Alomomola|226\/481 psn\n|\n|-heal|p2a: Alomomola|256\/481 psn|[from] item: Leftovers\n|-damage|p2a: Alomomola|196\/481 psn|[from] psn\n|upkeep\n|turn|47\n|choice|move shadowbone|switch 4\n|\n|switch|p2a: Magearna|Magearna|351\/351\n|move|p1a: Sadness|Shadow Bone|p2a: Magearna\n|-damage|p2a: Magearna|137\/351\n|\n|upkeep\n|turn|48\n|choice|move shadowbone|move fleurcannon\n|\n|move|p1a: Sadness|Shadow Bone|p2a: Magearna\n|-damage|p2a: Magearna|0 fnt\n|faint|p2a: Magearna\n|\n|upkeep\n|choice||switch 6\n|\n|switch|p2a: Ditto|Ditto|300\/300\n|-status|p2a: Ditto|psn\n|-transform|p2a: Ditto|p1a: Sadness|[from] ability: Imposter\n|turn|49\n|choice|switch 2|move shadowbone\n|\n|switch|p1a: Ctrl C|Ditto|300\/300\n|move|p2a: Ditto|Shadow Bone|p1a: Ctrl C\n|-immune|p1a: Ctrl C|[msg]\n|\n|-damage|p2a: Ditto|263\/300 psn|[from] psn\n|upkeep\n|turn|50\n|c|\u2606kijo|vi \u00e8 piaciuta\n|c|\u2606kijo|la play?\n|c|\u2606kijo|:]\n|c|+64th N.|No\n|c|\u2606kijo|l'ho fatta\n|c|\u2606kijo|per voi\n|c|\u2606kijo|:]]]\n|choice|move transform|switch 5\n|\n|switch|p2a: Zapdos|Zapdos|263\/383\n|-ability|p2a: Zapdos|Pressure\n|move|p1a: Ctrl C|Transform|p2a: Zapdos\n|-transform|p1a: Ctrl C|p2a: Zapdos\n|-ability|p1a: Ctrl C|Pressure\n|\n|-heal|p2a: Zapdos|286\/383|[from] item: Leftovers\n|upkeep\n|turn|51\n|choice|move voltswitch|move defog\n|\n|move|p1a: Ctrl C|Volt Switch|p2a: Zapdos\n|-damage|p2a: Zapdos|186\/383\n|choice|switch 4|\n|\n|switch|p1a: Nachos|Zapdos|383\/383\n|-ability|p1a: Nachos|Pressure\n|move|p2a: Zapdos|Defog|p1a: Nachos\n|-unboost|p1a: Nachos|evasion|1\n|-sideend|p2: I'm back from mars|Toxic Spikes|[from] move: Defog|[of] p2a: Zapdos\n|\n|-heal|p2a: Zapdos|209\/383|[from] item: Leftovers\n|upkeep\n|turn|52\n|choice|move voltswitch|move roost\n|\n|move|p2a: Zapdos|Roost|p2a: Zapdos\n|-heal|p2a: Zapdos|383\/383\n|move|p1a: Nachos|Volt Switch|p2a: Zapdos\n|-resisted|p2a: Zapdos\n|-damage|p2a: Zapdos|324\/383\n|j|Rexuss\n|choice|switch 5|\n|\n|switch|p1a: Altaria|Altaria-Mega, M|171\/291 tox\n|\n|-heal|p2a: Zapdos|347\/383|[from] item: Leftovers\n|-damage|p1a: Altaria|153\/291 tox|[from] psn\n|upkeep\n|turn|53\n|choice|move roost|move voltswitch\n|\n|move|p1a: Altaria|Roost|p1a: Altaria\n|-heal|p1a: Altaria|291\/291 tox\n|move|p2a: Zapdos|Volt Switch|p1a: Altaria\n|-resisted|p1a: Altaria\n|-damage|p1a: Altaria|240\/291 tox\n|choice||switch 5\n|\n|switch|p2a: Ditto|Ditto|263\/300 psn\n|-transform|p2a: Ditto|p1a: Altaria|[from] ability: Imposter\n|\n|-damage|p2a: Ditto|226\/300 psn|[from] psn\n|-damage|p1a: Altaria|204\/291 tox|[from] psn\n|upkeep\n|turn|54\n|l|Rexuss\n|choice|switch 6|switch 5\n|\n|switch|p2a: Zapdos|Zapdos|347\/383\n|-ability|p2a: Zapdos|Pressure\n|switch|p1a: Hug Me|Ferrothorn, M|208\/352\n|\n|-heal|p2a: Zapdos|370\/383|[from] item: Leftovers\n|-heal|p1a: Hug Me|230\/352|[from] item: Leftovers\n|upkeep\n|turn|55\n|l|MEMEKADO\n|choice|switch 5|move heatwave\n|\n|switch|p1a: Nachos|Zapdos|383\/383\n|-ability|p1a: Nachos|Pressure\n|move|p2a: Zapdos|Heat Wave|p1a: Nachos\n|-damage|p1a: Nachos|283\/383\n|\n|-heal|p2a: Zapdos|383\/383|[from] item: Leftovers\n|-heal|p1a: Nachos|306\/383|[from] item: Leftovers\n|upkeep\n|turn|56\n|c|+Divine Hunt3r \u2726|yawn\n|c|+Divine Hunt3r \u2726|che noia\n|inactive|kijo has 120 seconds left.\n|c|\u2606kijo|concordo\n|choice|move heatwave|switch 3\n|\n|switch|p2a: Quagsire|Quagsire, M, shiny|394\/394\n|move|p1a: Nachos|Heat Wave|p2a: Quagsire\n|-resisted|p2a: Quagsire\n|-damage|p2a: Quagsire|329\/394\n|\n|-heal|p1a: Nachos|329\/383|[from] item: Leftovers\n|-heal|p2a: Quagsire|353\/394|[from] item: Leftovers\n|upkeep\n|turn|57\n|choice|switch 5|move scald\n|\n|switch|p1a: Hug Me|Ferrothorn, M|230\/352\n|move|p2a: Quagsire|Scald|p1a: Hug Me\n|-resisted|p1a: Hug Me\n|-damage|p1a: Hug Me|203\/352\n|\n|-heal|p2a: Quagsire|377\/394|[from] item: Leftovers\n|-heal|p1a: Hug Me|225\/352|[from] item: Leftovers\n|upkeep\n|turn|58\n|c|+Divine Hunt3r \u2726|perch\u00e8\n|c|+Divine Hunt3r \u2726|la gente\n|choice|move leechseed|switch 3\n|\n|switch|p2a: Zapdos|Zapdos|383\/383\n|-ability|p2a: Zapdos|Pressure\n|move|p1a: Hug Me|Leech Seed|p2a: Zapdos\n|-start|p2a: Zapdos|move: Leech Seed\n|\n|-heal|p1a: Hug Me|247\/352|[from] item: Leftovers\n|-damage|p2a: Zapdos|336\/383|[from] Leech Seed|[of] p1a: Hug Me\n|-heal|p1a: Hug Me|294\/352|[silent]\n|upkeep\n|turn|59\n|c|+Divine Hunt3r \u2726|gioca ancora\n|c|+Divine Hunt3r \u2726|quag stall\n|c|+Divine Hunt3r \u2726|.-.\n|c|\u2606I'm back from mars|Divine Hunt3r quag is now better than clef in case you don't know lol\n|inactive|I'm back from mars has 120 seconds left.\n|choice|move protect|switch 2\n|\n|switch|p2a: Mew|Mew|351\/387\n|move|p1a: Hug Me|Protect|p1a: Hug Me\n|-fail|p1a: Hug Me\n|\n|-heal|p2a: Mew|375\/387|[from] item: Leftovers\n|-heal|p1a: Hug Me|316\/352|[from] item: Leftovers\n|upkeep\n|turn|60\n|choice|switch 2|switch 2\n|\n|switch|p2a: Zapdos|Zapdos|336\/383\n|-ability|p2a: Zapdos|Pressure\n|switch|p1a: Sadness|Marowak-Alola, F|112\/261\n|\n|-heal|p2a: Zapdos|359\/383|[from] item: Leftovers\n|upkeep\n|turn|61\n|choice|switch 5|move voltswitch\n|\n|switch|p1a: Nachos|Zapdos|329\/383\n|-ability|p1a: Nachos|Pressure\n|move|p2a: Zapdos|Volt Switch|p1a: Nachos\n|-damage|p1a: Nachos|220\/383\n|choice||switch 3\n|\n|switch|p2a: Quagsire|Quagsire, M, shiny|377\/394\n|\n|-heal|p1a: Nachos|243\/383|[from] item: Leftovers\n|-heal|p2a: Quagsire|394\/394|[from] item: Leftovers\n|upkeep\n|turn|62\n|choice|switch 2|move scald\n|\n|switch|p1a: Hug Me|Ferrothorn, M|316\/352\n|move|p2a: Quagsire|Scald|p1a: Hug Me\n|-resisted|p1a: Hug Me\n|-damage|p1a: Hug Me|289\/352\n|\n|-heal|p1a: Hug Me|311\/352|[from] item: Leftovers\n|upkeep\n|turn|63\n|c|+Divine Hunt3r \u2726|and you're a cancer in case you don't realise  lol\n|c|+Divine Hunt3r \u2726|;)\n|c|\u2606I'm back from mars|Divine Hunt3r stall is a playstyle like an other\n|choice|move spikes|switch 3\n|\n|switch|p2a: Zapdos|Zapdos|359\/383\n|-ability|p2a: Zapdos|Pressure\n|move|p1a: Hug Me|Spikes|p2a: Zapdos\n|-sidestart|p2: I'm back from mars|Spikes\n|\n|-heal|p2a: Zapdos|382\/383|[from] item: Leftovers\n|-heal|p1a: Hug Me|333\/352|[from] item: Leftovers\n|upkeep\n|turn|64\n|c|\u2606I'm back from mars|i cant believe people still keep saying this\n|inactive|kijo has 120 seconds left.\n|c|+Divine Hunt3r \u2726|lol try to tell it to swc players\n|c|+Divine Hunt3r \u2726|:)\n|choice|switch 2|move defog\n|\n|switch|p1a: Nachos|Zapdos|243\/383\n|-ability|p1a: Nachos|Pressure\n|move|p2a: Zapdos|Defog|p1a: Nachos\n|-unboost|p1a: Nachos|evasion|1\n|-sideend|p2: I'm back from mars|Spikes|[from] move: Defog|[of] p2a: Zapdos\n|\n|-heal|p2a: Zapdos|383\/383|[from] item: Leftovers\n|-heal|p1a: Nachos|266\/383|[from] item: Leftovers\n|upkeep\n|turn|65\n|c|\u2606I'm back from mars|what are swc players\n|choice|move heatwave|switch 3\n|\n|switch|p2a: Quagsire|Quagsire, M, shiny|394\/394\n|move|p1a: Nachos|Heat Wave|p2a: Quagsire\n|-resisted|p2a: Quagsire\n|-damage|p2a: Quagsire|335\/394\n|-status|p2a: Quagsire|brn\n|\n|-heal|p1a: Nachos|289\/383|[from] item: Leftovers\n|-heal|p2a: Quagsire|359\/394 brn|[from] item: Leftovers\n|-damage|p2a: Quagsire|335\/394 brn|[from] brn\n|upkeep\n|turn|66\n|c|\u2606kijo|smogon world cup\n|c|+Divine Hunt3r \u2726|smogon world cup players\n|c|+Divine Hunt3r \u2726|.-.\n|c|+Divine Hunt3r \u2726|if you don't know it you can't talk trash now lol\n|inactive|I'm back from mars has 120 seconds left.\n|c|\u2606I'm back from mars|i just dont know that terminology rofl\n|c|\u2606I'm back from mars|im obv an alt\n|choice|switch 2|move scald\n|\n|switch|p1a: Hug Me|Ferrothorn, M|333\/352\n|move|p2a: Quagsire|Scald|p1a: Hug Me\n|-resisted|p1a: Hug Me\n|-crit|p1a: Hug Me\n|-damage|p1a: Hug Me|294\/352\n|\n|-heal|p2a: Quagsire|359\/394 brn|[from] item: Leftovers\n|-heal|p1a: Hug Me|316\/352|[from] item: Leftovers\n|-damage|p2a: Quagsire|335\/394 brn|[from] brn\n|upkeep\n|turn|67\n|c|+Divine Hunt3r \u2726|ok\n|c|+Divine Hunt3r \u2726|vbb vado kijo mi si stanno fracassando i coglioni\n|c|+Divine Hunt3r \u2726|:)\n|c|\u2606kijo|oke\n|c|\u2606kijo|<3\n|c|+Divine Hunt3r \u2726|<3\n|l|64th N.\n|l|Divine Hunt3r \u2726\n|choice|move spikes|switch 3\n|\n|switch|p2a: Zapdos|Zapdos|383\/383\n|-ability|p2a: Zapdos|Pressure\n|move|p1a: Hug Me|Spikes|p2a: Zapdos\n|-sidestart|p2: I'm back from mars|Spikes\n|\n|-heal|p1a: Hug Me|338\/352|[from] item: Leftovers\n|upkeep\n|turn|68\n|choice|move protect|move defog\n|\n|move|p1a: Hug Me|Protect|p1a: Hug Me\n|-singleturn|p1a: Hug Me|Protect\n|move|p2a: Zapdos|Defog|p1a: Hug Me\n|-activate|p1a: Hug Me|move: Protect\n|\n|-heal|p1a: Hug Me|352\/352|[from] item: Leftovers\n|upkeep\n|turn|69\n|choice|switch 2|move defog\n|\n|switch|p1a: Nachos|Zapdos|289\/383\n|-ability|p1a: Nachos|Pressure\n|move|p2a: Zapdos|Defog|p1a: Nachos\n|-unboost|p1a: Nachos|evasion|1\n|-sideend|p2: I'm back from mars|Spikes|[from] move: Defog|[of] p2a: Zapdos\n|\n|-heal|p1a: Nachos|312\/383|[from] item: Leftovers\n|upkeep\n|turn|70\n|choice|move voltswitch|move voltswitch\n|\n|move|p2a: Zapdos|Volt Switch|p1a: Nachos\n|-damage|p1a: Nachos|197\/383\n|choice||switch 3\n|\n|switch|p2a: Quagsire|Quagsire, M, shiny|335\/394 brn\n|move|p1a: Nachos|Volt Switch|p2a: Quagsire\n|-immune|p2a: Quagsire|[msg]\n|\n|-heal|p1a: Nachos|220\/383|[from] item: Leftovers\n|-heal|p2a: Quagsire|359\/394 brn|[from] item: Leftovers\n|-damage|p2a: Quagsire|335\/394 brn|[from] brn\n|upkeep\n|turn|71\n|choice|switch 2|move toxic\n|\n|switch|p1a: Hug Me|Ferrothorn, M|352\/352\n|move|p2a: Quagsire|Toxic|p1a: Hug Me|[miss]\n|-miss|p2a: Quagsire|p1a: Hug Me\n|\n|-heal|p2a: Quagsire|359\/394 brn|[from] item: Leftovers\n|-damage|p2a: Quagsire|335\/394 brn|[from] brn\n|upkeep\n|turn|72\n|choice|move spikes|switch 3\n|\n|switch|p2a: Zapdos|Zapdos|383\/383\n|-ability|p2a: Zapdos|Pressure\n|move|p1a: Hug Me|Spikes|p2a: Zapdos\n|-sidestart|p2: I'm back from mars|Spikes\n|\n|upkeep\n|turn|73\n|choice|move protect|move voltswitch\n|\n|move|p1a: Hug Me|Protect|p1a: Hug Me\n|-singleturn|p1a: Hug Me|Protect\n|move|p2a: Zapdos|Volt Switch|p1a: Hug Me\n|-activate|p1a: Hug Me|move: Protect\n|\n|upkeep\n|turn|74\n|choice|switch 2|move voltswitch\n|\n|switch|p1a: Nachos|Zapdos|220\/383\n|-ability|p1a: Nachos|Pressure\n|move|p2a: Zapdos|Volt Switch|p1a: Nachos\n|-crit|p1a: Nachos\n|-damage|p1a: Nachos|48\/383\n|choice||switch 5\n|\n|switch|p2a: Ditto|Ditto|226\/300 psn\n|-damage|p2a: Ditto|189\/300 psn|[from] Spikes\n|-transform|p2a: Ditto|p1a: Nachos|[from] ability: Imposter\n|-ability|p2a: Ditto|Pressure\n|\n|-heal|p1a: Nachos|71\/383|[from] item: Leftovers\n|-damage|p2a: Ditto|152\/300 psn|[from] psn\n|upkeep\n|turn|75\n|choice|switch 6|move voltswitch\n|\n|switch|p1a: Altaria|Altaria-Mega, M|204\/291 tox\n|move|p2a: Ditto|Volt Switch|p1a: Altaria\n|-resisted|p1a: Altaria\n|-damage|p1a: Altaria|155\/291 tox\n|choice||switch 2\n|\n|switch|p2a: Mew|Mew|375\/387\n|-damage|p2a: Mew|327\/387|[from] Spikes\n|\n|-heal|p2a: Mew|351\/387|[from] item: Leftovers\n|-damage|p1a: Altaria|137\/291 tox|[from] psn\n|upkeep\n|turn|76\n|choice|switch 5|move icebeam\n|\n|switch|p1a: Sadness|Marowak-Alola, F|112\/261\n|move|p2a: Mew|Ice Beam|p1a: Sadness\n|-resisted|p1a: Sadness\n|-damage|p1a: Sadness|71\/261\n|\n|-heal|p2a: Mew|375\/387|[from] item: Leftovers\n|upkeep\n|turn|77\n|choice|move shadowbone|move icebeam\n|\n|move|p2a: Mew|Ice Beam|p1a: Sadness\n|-resisted|p1a: Sadness\n|-damage|p1a: Sadness|27\/261\n|move|p1a: Sadness|Shadow Bone|p2a: Mew\n|-supereffective|p2a: Mew\n|-damage|p2a: Mew|0 fnt\n|faint|p2a: Mew\n|\n|upkeep\n|choice||switch 5\n|\n|switch|p2a: Zapdos|Zapdos|383\/383\n|-ability|p2a: Zapdos|Pressure\n|turn|78\n|choice|switch 5|move heatwave\n|\n|switch|p1a: Altaria|Altaria-Mega, M|137\/291 tox\n|move|p2a: Zapdos|Heat Wave|p1a: Altaria|[miss]\n|-miss|p2a: Zapdos|p1a: Altaria\n|\n|-damage|p1a: Altaria|119\/291 tox|[from] psn\n|upkeep\n|turn|79\n|choice|move roost|move defog\n|\n|move|p1a: Altaria|Roost|p1a: Altaria\n|-heal|p1a: Altaria|265\/291 tox\n|move|p2a: Zapdos|Defog|p1a: Altaria\n|-unboost|p1a: Altaria|evasion|1\n|-sideend|p2: I'm back from mars|Spikes|[from] move: Defog|[of] p2a: Zapdos\n|\n|-damage|p1a: Altaria|229\/291 tox|[from] psn\n|upkeep\n|turn|80\n|choice|move frustration|move voltswitch\n|\n|move|p1a: Altaria|Frustration|p2a: Zapdos\n|-damage|p2a: Zapdos|203\/383\n|move|p2a: Zapdos|Volt Switch|p1a: Altaria\n|-resisted|p1a: Altaria\n|-damage|p1a: Altaria|181\/291 tox\n|choice||switch 4\n|\n|switch|p2a: Alomomola|Alomomola, F|356\/481 psn\n|\n|-heal|p2a: Alomomola|386\/481 psn|[from] item: Leftovers\n|-damage|p1a: Altaria|127\/291 tox|[from] psn\n|-damage|p2a: Alomomola|326\/481 psn|[from] psn\n|upkeep\n|turn|81\n|choice|switch 2|move wish\n|\n|switch|p1a: Hug Me|Ferrothorn, M|352\/352\n|move|p2a: Alomomola|Wish|p2a: Alomomola\n|\n|-heal|p2a: Alomomola|356\/481 psn|[from] item: Leftovers\n|-damage|p2a: Alomomola|296\/481 psn|[from] psn\n|upkeep\n|turn|82\n|choice|switch 6|switch 4\n|\n|switch|p2a: Zapdos|Zapdos|203\/383\n|-ability|p2a: Zapdos|Pressure\n|switch|p1a: Nachos|Zapdos|71\/383\n|-ability|p1a: Nachos|Pressure\n|\n|-heal|p2a: Zapdos|383\/383|[from] move: Wish|[wisher] Alomomola\n|-heal|p1a: Nachos|94\/383|[from] item: Leftovers\n|upkeep\n|turn|83\n|choice|switch 4|move voltswitch\n|\n|switch|p1a: Ctrl C|Ditto|300\/300\n|-transform|p1a: Ctrl C|p2a: Zapdos|[from] ability: Imposter\n|-ability|p1a: Ctrl C|Pressure\n|move|p2a: Zapdos|Volt Switch|p1a: Ctrl C\n|-crit|p1a: Ctrl C\n|-damage|p1a: Ctrl C|135\/300\n|choice||switch 3\n|\n|switch|p2a: Quagsire|Quagsire, M, shiny|335\/394 brn\n|\n|-heal|p2a: Quagsire|359\/394 brn|[from] item: Leftovers\n|-damage|p2a: Quagsire|335\/394 brn|[from] brn\n|upkeep\n|turn|84\n|choice|switch 6|switch 3\n|\n|switch|p1a: Hug Me|Ferrothorn, M|352\/352\n|switch|p2a: Zapdos|Zapdos|383\/383\n|-ability|p2a: Zapdos|Pressure\n|\n|upkeep\n|turn|85\n|choice|move protect|move heatwave\n|\n|move|p1a: Hug Me|Protect|p1a: Hug Me\n|-singleturn|p1a: Hug Me|Protect\n|move|p2a: Zapdos|Heat Wave|p1a: Hug Me\n|-activate|p1a: Hug Me|move: Protect\n|\n|upkeep\n|turn|86\n|choice|switch 6|move heatwave\n|\n|switch|p1a: Ctrl C|Ditto|135\/300\n|-transform|p1a: Ctrl C|p2a: Zapdos|[from] ability: Imposter\n|-ability|p1a: Ctrl C|Pressure\n|move|p2a: Zapdos|Heat Wave|p1a: Ctrl C\n|-damage|p1a: Ctrl C|43\/300\n|\n|upkeep\n|turn|87\n|choice|move roost|move voltswitch\n|\n|move|p1a: Ctrl C|Roost|p1a: Ctrl C\n|-heal|p1a: Ctrl C|193\/300\n|move|p2a: Zapdos|Volt Switch|p1a: Ctrl C\n|-resisted|p1a: Ctrl C\n|-damage|p1a: Ctrl C|140\/300\n|choice||switch 3\n|\n|switch|p2a: Quagsire|Quagsire, M, shiny|335\/394 brn\n|\n|-heal|p2a: Quagsire|359\/394 brn|[from] item: Leftovers\n|-damage|p2a: Quagsire|335\/394 brn|[from] brn\n|upkeep\n|turn|88\n|choice|switch 6|move toxic\n|\n|switch|p1a: Hug Me|Ferrothorn, M|352\/352\n|move|p2a: Quagsire|Toxic|p1a: Hug Me\n|-immune|p1a: Hug Me|[msg]\n|\n|-heal|p2a: Quagsire|359\/394 brn|[from] item: Leftovers\n|-damage|p2a: Quagsire|335\/394 brn|[from] brn\n|upkeep\n|turn|89\n|choice|move spikes|switch 3\n|\n|switch|p2a: Zapdos|Zapdos|383\/383\n|-ability|p2a: Zapdos|Pressure\n|move|p1a: Hug Me|Spikes|p2a: Zapdos\n|-sidestart|p2: I'm back from mars|Spikes\n|\n|upkeep\n|turn|90\n|choice|move protect|move voltswitch\n|\n|move|p1a: Hug Me|Protect|p1a: Hug Me\n|-singleturn|p1a: Hug Me|Protect\n|move|p2a: Zapdos|Volt Switch|p1a: Hug Me\n|-activate|p1a: Hug Me|move: Protect\n|\n|upkeep\n|turn|91\n|choice|switch 2|move voltswitch\n|\n|switch|p1a: Altaria|Altaria-Mega, M|127\/291 tox\n|move|p2a: Zapdos|Volt Switch|p1a: Altaria\n|-resisted|p1a: Altaria\n|-damage|p1a: Altaria|76\/291 tox\n|choice||switch 2\n|\n|switch|p2a: Ditto|Ditto|152\/300 psn\n|-damage|p2a: Ditto|115\/300 psn|[from] Spikes\n|-transform|p2a: Ditto|p1a: Altaria|[from] ability: Imposter\n|\n|-damage|p2a: Ditto|78\/300 psn|[from] psn\n|-damage|p1a: Altaria|58\/291 tox|[from] psn\n|upkeep\n|turn|92\n|choice|switch 2|move earthquake\n|\n|switch|p1a: Hug Me|Ferrothorn, M|352\/352\n|move|p2a: Ditto|Earthquake|p1a: Hug Me\n|-damage|p1a: Hug Me|269\/352\n|\n|-heal|p1a: Hug Me|291\/352|[from] item: Leftovers\n|-damage|p2a: Ditto|41\/300 psn|[from] psn\n|upkeep\n|turn|93\n|choice|move spikes|switch 2\n|\n|switch|p2a: Zapdos|Zapdos|383\/383\n|-ability|p2a: Zapdos|Pressure\n|move|p1a: Hug Me|Spikes|p2a: Zapdos\n|-sidestart|p2: I'm back from mars|Spikes\n|\n|-heal|p1a: Hug Me|313\/352|[from] item: Leftovers\n|upkeep\n|turn|94\n|choice|switch 6|move defog\n|\n|switch|p1a: Ctrl C|Ditto|140\/300\n|-transform|p1a: Ctrl C|p2a: Zapdos|[from] ability: Imposter\n|-ability|p1a: Ctrl C|Pressure\n|move|p2a: Zapdos|Defog|p1a: Ctrl C\n|-unboost|p1a: Ctrl C|evasion|1\n|-sideend|p2: I'm back from mars|Spikes|[from] move: Defog|[of] p2a: Zapdos\n|\n|upkeep\n|turn|95\n|choice|move roost|move voltswitch\n|\n|move|p1a: Ctrl C|Roost|p1a: Ctrl C\n|-heal|p1a: Ctrl C|290\/300\n|move|p2a: Zapdos|Volt Switch|p1a: Ctrl C\n|-resisted|p1a: Ctrl C\n|-damage|p1a: Ctrl C|238\/300\n|choice||switch 2\n|\n|switch|p2a: Ditto|Ditto|41\/300 psn\n|\n|-damage|p2a: Ditto|4\/300 psn|[from] psn\n|upkeep\n|turn|96\n|c|\u2606I'm back from mars|ah forgot\n|c|\u2606I'm back from mars|gg anyway i lost\n|c|\u2606kijo|:s\n|c|\u2606kijo|gg\n|-message|I'm back from mars forfeited.\n|\n|win|kijo\n|l|I'm back from mars\n|raw|kijo's rating: 1650 &rarr; <strong>1668<\/strong><br \/>(+18 for winning)\n|raw|I&apos;m back from mars's rating: 1616 &rarr; <strong>1597<\/strong><br \/>(-19 for losing)","inputlog":null,"uploadtime":1506881698,"views":27,"p1id":"kijo","p2id":"imbackfrommars","formatid":"gen7ou","rating":0,"private":0,"password":null}