{"id":"gen7ou-920642419","p1":"Scizor Boladao","p2":"HQSFun","format":"gen7ou","log":"|j|\u2606Scizor Boladao\n|j|\u2606HQSFun\n|player|p1|Scizor Boladao|52\n|player|p2|HQSFun|260\n|teamsize|p1|6\n|teamsize|p2|6\n|gametype|singles\n|gen|7\n|tier|[Gen 7] OU\n|rated|\n|rule|Sleep Clause Mod: Limit one foe put to sleep\n|rule|Species Clause: Limit one of each Pok\u00e9mon\n|rule|OHKO Clause: OHKO moves are banned\n|rule|Moody Clause: Moody is banned\n|rule|Evasion Moves Clause: Evasion moves are banned\n|rule|Endless Battle Clause: Forcing endless battles is banned\n|rule|HP Percentage Mod: HP is shown in percentages\n|clearpoke\n|poke|p1|Heatran, F|item\n|poke|p1|Kyurem-Black|item\n|poke|p1|Greninja, M|item\n|poke|p1|Gliscor, F|item\n|poke|p1|Chansey, F|item\n|poke|p1|Medicham, M|item\n|poke|p2|Medicham, F|item\n|poke|p2|Greninja, M|item\n|poke|p2|Kartana|item\n|poke|p2|Landorus-Therian, M|item\n|poke|p2|Magearna|item\n|poke|p2|Tapu Koko|item\n|teampreview\n|inactive|Battle timer is ON: inactive players will automatically lose when time's up. (requested by HQSFun)\n|\n|start\n|switch|p1a: Batmano|Gliscor, F|352\/352\n|switch|p2a: Kartana|Kartana|259\/259\n|turn|1\n|\n|move|p2a: Kartana|Swords Dance|p2a: Kartana\n|-boost|p2a: Kartana|atk|2\n|move|p1a: Batmano|Roost||[still]\n|-fail|p1a: Batmano\n|\n|-status|p1a: Batmano|tox|[from] item: Toxic Orb\n|upkeep\n|turn|2\n|\n|move|p2a: Kartana|Leaf Blade|p1a: Batmano\n|-damage|p1a: Batmano|4\/352 tox\n|move|p1a: Batmano|Earthquake|p2a: Kartana\n|-damage|p2a: Kartana|171\/259\n|\n|-heal|p1a: Batmano|48\/352 tox|[from] ability: Poison Heal\n|upkeep\n|turn|3\n|\n|move|p2a: Kartana|Sacred Sword|p1a: Batmano\n|-resisted|p1a: Batmano\n|-damage|p1a: Batmano|0 fnt\n|faint|p1a: Batmano\n|-ability|p2a: Kartana|Beast Boost|boost\n|-boost|p2a: Kartana|atk|1\n|\n|upkeep\n|\n|switch|p1a: Lek de Konoha|Greninja, M|285\/285\n|turn|4\n|\n|switch|p2a: Magearna|Magearna|363\/363\n|move|p1a: Lek de Konoha|Ice Beam|p2a: Magearna\n|-resisted|p2a: Magearna\n|-damage|p2a: Magearna|330\/363\n|-status|p2a: Magearna|frz\n|\n|upkeep\n|turn|5\n|\n|switch|p1a: LavaGirl|Heatran, F|386\/386\n|cant|p2a: Magearna|frz\n|\n|upkeep\n|turn|6\n|\n|switch|p2a: Landorus|Landorus-Therian, M|382\/382\n|-ability|p2a: Landorus|Intimidate|boost\n|-unboost|p1a: LavaGirl|atk|1\n|move|p1a: LavaGirl|Magma Storm|p2a: Landorus\n|-damage|p2a: Landorus|145\/382\n|-activate|p2a: Landorus|move: Magma Storm|[of] p1a: LavaGirl\n|\n|-heal|p2a: Landorus|168\/382|[from] item: Leftovers\n|-damage|p2a: Landorus|121\/382|[from] move: Magma Storm|[partiallytrapped]\n|upkeep\n|turn|7\n|\n|switch|p1a: Bane|Kyurem-Black, shiny|454\/454\n|-ability|p1a: Bane|Teravolt\n|move|p2a: Landorus|Stealth Rock|p1a: Bane\n|-sidestart|p1: Scizor Boladao|move: Stealth Rock\n|\n|-heal|p2a: Landorus|144\/382|[from] item: Leftovers\n|-end|p2a: Landorus|Magma Storm|[partiallytrapped]|[silent]\n|upkeep\n|turn|8\n|j| emm.jpg\n|\n|switch|p2a: Magearna|Magearna|330\/363 frz\n|move|p1a: Bane|Earth Power|p2a: Magearna\n|-supereffective|p2a: Magearna\n|-damage|p2a: Magearna|208\/363 frz\n|\n|upkeep\n|turn|9\n|\n|move|p1a: Bane|Iron Head|p2a: Magearna\n|-damage|p2a: Magearna|100\/363 frz\n|cant|p2a: Magearna|frz\n|\n|upkeep\n|turn|10\n|\n|move|p1a: Bane|Iron Head|p2a: Magearna\n|-damage|p2a: Magearna|0 fnt\n|faint|p2a: Magearna\n|\n|upkeep\n|\n|switch|p2a: Medicham|Medicham, F|261\/261\n|turn|11\n|\n|detailschange|p2a: Medicham|Medicham-Mega, F\n|-mega|p2a: Medicham|Medicham|Medichamite\n|move|p2a: Medicham|High Jump Kick|p1a: Bane\n|-supereffective|p1a: Bane\n|-damage|p1a: Bane|0 fnt\n|faint|p1a: Bane\n|\n|upkeep\n|\n|switch|p1a: Lek de Konoha|Greninja, M|285\/285\n|-damage|p1a: Lek de Konoha|250\/285|[from] Stealth Rock\n|turn|12\n|\n|switch|p2a: Greninja|Greninja, M|285\/285\n|move|p1a: Lek de Konoha|Hydro Pump|p2a: Greninja\n|-resisted|p2a: Greninja\n|-damage|p2a: Greninja|129\/285\n|\n|upkeep\n|turn|13\n|\n|move|p1a: Lek de Konoha|Hydro Pump|p2a: Greninja\n|-resisted|p2a: Greninja\n|-damage|p2a: Greninja|0 fnt\n|faint|p2a: Greninja\n|-activate|p1a: Lek de Konoha|ability: Battle Bond\n|detailschange|p1a: Lek de Konoha|Greninja-Ash, M\n|\n|upkeep\n|\n|switch|p2a: Tapu Koko|Tapu Koko|281\/281\n|-fieldstart|move: Electric Terrain|[from] ability: Electric Surge|[of] p2a: Tapu Koko\n|turn|14\n|\n|switch|p1a: Gorda|Chansey, F|703\/703\n|-damage|p1a: Gorda|616\/703|[from] Stealth Rock\n|move|p2a: Tapu Koko|U-turn|p1a: Gorda\n|-damage|p1a: Gorda|534\/703\n|\n|switch|p2a: Medicham|Medicham-Mega, F|261\/261\n|\n|upkeep\n|turn|15\n|\n|move|p2a: Medicham|High Jump Kick|p1a: Gorda\n|-supereffective|p1a: Gorda\n|-damage|p1a: Gorda|0 fnt\n|faint|p1a: Gorda\n|\n|upkeep\n|\n|switch|p1a: Lek de Konoha|Greninja-Ash, M|250\/285\n|-damage|p1a: Lek de Konoha|215\/285|[from] Stealth Rock\n|turn|16\n|\n|switch|p2a: Landorus|Landorus-Therian, M|144\/382\n|-ability|p2a: Landorus|Intimidate|boost\n|-unboost|p1a: Lek de Konoha|atk|1\n|move|p1a: Lek de Konoha|Hydro Pump|p2a: Landorus|[miss]\n|-miss|p1a: Lek de Konoha|p2a: Landorus\n|\n|-heal|p2a: Landorus|167\/382|[from] item: Leftovers\n|upkeep\n|turn|17\n|\n|move|p1a: Lek de Konoha|Hydro Pump|p2a: Landorus\n|-supereffective|p2a: Landorus\n|-damage|p2a: Landorus|0 fnt\n|faint|p2a: Landorus\n|\n|upkeep\n|\n|switch|p2a: Tapu Koko|Tapu Koko|281\/281\n|turn|18\n|\n|switch|p1a: LavaGirl|Heatran, F|386\/386\n|-damage|p1a: LavaGirl|338\/386|[from] Stealth Rock\n|move|p2a: Tapu Koko|Thunderbolt|p1a: LavaGirl\n|-damage|p1a: LavaGirl|167\/386\n|\n|-heal|p1a: LavaGirl|191\/386|[from] item: Leftovers\n|-fieldend|move: Electric Terrain\n|upkeep\n|turn|19\n|\n|switch|p2a: Medicham|Medicham-Mega, F|261\/261\n|move|p1a: LavaGirl|Earth Power|p2a: Medicham\n|-damage|p2a: Medicham|132\/261\n|\n|-heal|p1a: LavaGirl|215\/386|[from] item: Leftovers\n|upkeep\n|turn|20\n|\n|move|p2a: Medicham|Fake Out|p1a: LavaGirl\n|-resisted|p1a: LavaGirl\n|-damage|p1a: LavaGirl|172\/386\n|cant|p1a: LavaGirl|flinch\n|\n|-heal|p1a: LavaGirl|196\/386|[from] item: Leftovers\n|upkeep\n|turn|21\n|\n|move|p2a: Medicham|High Jump Kick|p1a: LavaGirl\n|-supereffective|p1a: LavaGirl\n|-damage|p1a: LavaGirl|0 fnt\n|faint|p1a: LavaGirl\n|\n|upkeep\n|\n|switch|p1a: Felipe Melo|Medicham, M|261\/261\n|-damage|p1a: Felipe Melo|245\/261|[from] Stealth Rock\n|turn|22\n|\n|switch|p2a: Kartana|Kartana|171\/259\n|detailschange|p1a: Felipe Melo|Medicham-Mega, M\n|-mega|p1a: Felipe Melo|Medicham|Medichamite\n|move|p1a: Felipe Melo|Zen Headbutt|p2a: Kartana\n|-resisted|p2a: Kartana\n|-damage|p2a: Kartana|71\/259\n|\n|upkeep\n|turn|23\n|\n|-zpower|p2a: Kartana\n|move|p2a: Kartana|Breakneck Blitz|p1a: Felipe Melo|[zeffect]\n|-damage|p1a: Felipe Melo|0 fnt\n|faint|p1a: Felipe Melo\n|-ability|p2a: Kartana|Beast Boost|boost\n|-boost|p2a: Kartana|atk|1\n|\n|upkeep\n|\n|switch|p1a: Lek de Konoha|Greninja-Ash, M|215\/285\n|-damage|p1a: Lek de Konoha|180\/285|[from] Stealth Rock\n|turn|24\n|\n|move|p1a: Lek de Konoha|Hydro Pump|p2a: Kartana\n|-resisted|p2a: Kartana\n|-damage|p2a: Kartana|0 fnt\n|faint|p2a: Kartana\n|\n|upkeep\n|\n|switch|p2a: Tapu Koko|Tapu Koko|281\/281\n|-fieldstart|move: Electric Terrain|[from] ability: Electric Surge|[of] p2a: Tapu Koko\n|turn|25\n|\n|move|p2a: Tapu Koko|Thunderbolt|p1a: Lek de Konoha\n|-supereffective|p1a: Lek de Konoha\n|-damage|p1a: Lek de Konoha|0 fnt\n|faint|p1a: Lek de Konoha\n|\n|win|HQSFun\n|raw|Scizor Boladao's rating: 1565 &rarr; <strong>1542<\/strong><br \/>(-23 for losing)\n|raw|HQSFun's rating: 1516 &rarr; <strong>1539<\/strong><br \/>(+23 for winning)\n","uploadtime":1559446959,"views":12,"p1id":"scizorboladao","p2id":"hqsfun","formatid":"gen7ou","rating":1539,"private":0,"password":null}