{"id":"gen7ou-680639817","p1":"Hajime Shiroishi","p2":"Moskito Cup","format":"gen7ou","log":"|raw|<div class=\"broadcast-red\"><strong>This battle is invite-only!<\/strong><br \/>Users must be rank + or invited with <code>\/invite<\/code> to join<\/div>\n|j|\u2606Hajime Shiroishi\n|j|\u2606Moskito Cup\n|player|p1|Hajime Shiroishi|68\n|teamsize|p1|6\n|player|p2|Moskito Cup|68\n|teamsize|p2|6\n|gametype|singles\n|gen|7\n|tier|[Gen 7] OU\n|rated||rule|Sleep Clause Mod: Limit one foe put to sleep\n|rule|Species Clause: Limit one of each Pok\u00e9mon\n|rule|OHKO Clause: OHKO moves are banned\n|rule|Moody Clause: Moody is banned\n|rule|Evasion Moves Clause: Evasion moves are banned\n|rule|Endless Battle Clause: Forcing endless battles is banned\n|rule|HP Percentage Mod: HP is shown in percentages\n|clearpoke\n|poke|p1|Xatu, F|item\n|poke|p1|Shedinja|item\n|poke|p1|Swampert, F|item\n|poke|p1|Zapdos|item\n|poke|p1|Blissey, F|item\n|poke|p1|Magearna|item\n|poke|p2|Venusaur, F|item\n|poke|p2|Keldeo-Resolute|item\n|poke|p2|Skarmory, M|item\n|poke|p2|Chansey, F|item\n|poke|p2|Heatran, F|item\n|poke|p2|Bisharp, M|item\n|teampreview|\n|start\n|switch|p1a: Swampert|Swampert, F|100\/100\n|switch|p2a: Keldeo|Keldeo-Resolute|100\/100\n|turn|1\n|inactive|Battle timer is ON: inactive players will automatically lose when time's up. (requested by Moskito Cup)|\n|-mega|p1a: Swampert|Swampert|Swampertite\n|detailschange|p1a: Swampert|Swampert-Mega, F\n|move|p2a: Keldeo|Scald|p1a: Swampert\n|-damage|p1a: Swampert|68\/100\n|-status|p1a: Swampert|brn\n|move|p1a: Swampert|Earthquake|p2a: Keldeo\n|-damage|p2a: Keldeo|71\/100\n|\n|-heal|p2a: Keldeo|77\/100|[from] item: Leftovers\n|-damage|p1a: Swampert|61\/100 brn|[from] brn\n|upkeep\n|turn|2|\n|switch|p1a: Magearna|Magearna|100\/100\n|move|p2a: Keldeo|Scald|p1a: Magearna\n|-damage|p1a: Magearna|68\/100\n|\n|-heal|p2a: Keldeo|83\/100|[from] item: Leftovers\n|-heal|p1a: Magearna|74\/100|[from] item: Leftovers\n|upkeep\n|turn|3|\n|move|p2a: Keldeo|Scald|p1a: Magearna\n|-damage|p1a: Magearna|44\/100\n|-status|p1a: Magearna|brn\n|move|p1a: Magearna|Heal Bell|p1a: Magearna\n|-activate|p1a: Magearna|move: Heal Bell\n|-curestatus|p1a: Magearna|brn|[msg]\n|-curestatus|p1: Swampert|brn|[msg]\n|\n|-heal|p2a: Keldeo|89\/100|[from] item: Leftovers\n|-heal|p1a: Magearna|50\/100|[from] item: Leftovers\n|upkeep\n|turn|4|\n|switch|p1a: Zapdos|Zapdos|100\/100\n|-ability|p1a: Zapdos|Pressure\n|move|p2a: Keldeo|Scald|p1a: Zapdos\n|-damage|p1a: Zapdos|56\/100\n|\n|-heal|p2a: Keldeo|95\/100|[from] item: Leftovers\n|-heal|p1a: Zapdos|63\/100|[from] item: Leftovers\n|upkeep\n|turn|5|\n|move|p2a: Keldeo|Scald|p1a: Zapdos\n|-damage|p1a: Zapdos|25\/100\n|move|p1a: Zapdos|Discharge|p2a: Keldeo\n|-supereffective|p2a: Keldeo\n|-damage|p2a: Keldeo|13\/100\n|\n|-heal|p2a: Keldeo|19\/100|[from] item: Leftovers\n|-heal|p1a: Zapdos|31\/100|[from] item: Leftovers\n|upkeep\n|turn|6|\n|switch|p1a: Shedinja|Shedinja|100\/100\n|move|p2a: Keldeo|Scald|p1a: Shedinja\n|-immune|p1a: Shedinja|[msg]|[from] ability: Wonder Guard\n|\n|-heal|p2a: Keldeo|25\/100|[from] item: Leftovers\n|upkeep\n|turn|7|\n|move|p2a: Keldeo|Calm Mind|p2a: Keldeo\n|-boost|p2a: Keldeo|spa|1\n|-boost|p2a: Keldeo|spd|1\n|move|p1a: Shedinja|Shadow Ball|p2a: Keldeo\n|-damage|p2a: Keldeo|11\/100\n|\n|-heal|p2a: Keldeo|17\/100|[from] item: Leftovers\n|upkeep\n|turn|8|\n|switch|p2a: Bisharp|Bisharp, M|100\/100\n|move|p1a: Shedinja|Toxic|p2a: Bisharp\n|-immune|p2a: Bisharp|[msg]\n|\n|upkeep\n|turn|9|\n|switch|p1a: Swampert|Swampert-Mega, F|61\/100\n|move|p2a: Bisharp|Knock Off|p1a: Swampert\n|-damage|p1a: Swampert|40\/100\n|\n|upkeep\n|turn|10\n|inactive|Hajime Shiroishi has 135 seconds left.|\n|switch|p2a: Skarmory|Skarmory, M|100\/100\n|move|p1a: Swampert|Earthquake|p2a: Skarmory\n|-immune|p2a: Skarmory|[msg]\n|\n|upkeep\n|turn|11|\n|move|p1a: Swampert|Stealth Rock|p2a: Skarmory\n|-sidestart|p2: Moskito Cup|move: Stealth Rock\n|move|p2a: Skarmory|Brave Bird|p1a: Swampert\n|-damage|p1a: Swampert|21\/100\n|-damage|p2a: Skarmory|93\/100|[from] Recoil|[of] p1a: Swampert\n|\n|upkeep\n|turn|12|\n|switch|p1a: Xatu|Xatu, F|100\/100\n|move|p2a: Skarmory|Brave Bird|p1a: Xatu\n|-damage|p1a: Xatu|68\/100\n|-damage|p2a: Skarmory|76\/100|[from] item: Rocky Helmet|[of] p1a: Xatu\n|-damage|p2a: Skarmory|66\/100|[from] Recoil|[of] p1a: Xatu\n|\n|upkeep\n|turn|13|\n|switch|p2a: Heatran|Heatran, F|100\/100\n|-damage|p2a: Heatran|88\/100|[from] Stealth Rock\n|move|p1a: Xatu|U-turn|p2a: Heatran\n|-resisted|p2a: Heatran\n|-damage|p2a: Heatran|86\/100|\n|switch|p1a: Blissey|Blissey, F|100\/100\n|\n|-heal|p2a: Heatran|92\/100|[from] item: Leftovers\n|upkeep\n|turn|14|\n|move|p2a: Heatran|Stealth Rock|p1a: Blissey\n|-sidestart|p1: Hajime Shiroishi|move: Stealth Rock\n|move|p1a: Blissey|Calm Mind|p1a: Blissey\n|-boost|p1a: Blissey|spa|1\n|-boost|p1a: Blissey|spd|1\n|\n|-heal|p2a: Heatran|98\/100|[from] item: Leftovers\n|upkeep\n|turn|15|\n|move|p2a: Heatran|Toxic|p1a: Blissey\n|-status|p1a: Blissey|tox\n|move|p1a: Blissey|Calm Mind|p1a: Blissey\n|-boost|p1a: Blissey|spa|1\n|-boost|p1a: Blissey|spd|1\n|\n|-heal|p2a: Heatran|100\/100|[from] item: Leftovers\n|-damage|p1a: Blissey|94\/100 tox|[from] psn\n|upkeep\n|turn|16|\n|switch|p2a: Chansey|Chansey, F|100\/100\n|-damage|p2a: Chansey|88\/100|[from] Stealth Rock\n|move|p1a: Blissey|Wish|p1a: Blissey\n|\n|-damage|p1a: Blissey|82\/100 tox|[from] psn\n|upkeep\n|turn|17\n|inactive|Hajime Shiroishi has 135 seconds left.|\n|-curestatus|p1a: Blissey|tox|[from] ability: Natural Cure\n|switch|p1a: Magearna|Magearna|50\/100\n|-damage|p1a: Magearna|44\/100|[from] Stealth Rock\n|move|p2a: Chansey|Seismic Toss|p1a: Magearna\n|-damage|p1a: Magearna|16\/100\n|\n|-heal|p1a: Magearna|100\/100|[from] move: Wish|[wisher] Blissey\n|upkeep\n|turn|18|\n|move|p1a: Magearna|Volt Switch|p2a: Chansey\n|-damage|p2a: Chansey|82\/100|\n|switch|p1a: Xatu|Xatu, F|68\/100\n|-damage|p1a: Xatu|43\/100|[from] Stealth Rock\n|move|p2a: Chansey|Seismic Toss|p1a: Xatu\n|-damage|p1a: Xatu|13\/100\n|-damage|p2a: Chansey|65\/100|[from] item: Rocky Helmet|[of] p1a: Xatu\n|\n|upkeep\n|turn|19|\n|switch|p2a: Heatran|Heatran, F|100\/100\n|-damage|p2a: Heatran|88\/100|[from] Stealth Rock\n|move|p1a: Xatu|Roost|p1a: Xatu\n|-heal|p1a: Xatu|63\/100\n|\n|-heal|p2a: Heatran|94\/100|[from] item: Leftovers\n|upkeep\n|turn|20|\n|switch|p1a: Blissey|Blissey, F|82\/100\n|-damage|p1a: Blissey|70\/100|[from] Stealth Rock\n|move|p2a: Heatran|Lava Plume|p1a: Blissey\n|-damage|p1a: Blissey|56\/100\n|\n|-heal|p2a: Heatran|100\/100|[from] item: Leftovers\n|upkeep\n|turn|21|\n|move|p2a: Heatran|Taunt|p1a: Blissey\n|-start|p1a: Blissey|move: Taunt\n|cant|p1a: Blissey|move: Taunt|Wish\n|\n|upkeep\n|turn|22|\n|move|p2a: Heatran|Toxic|p1a: Blissey\n|-status|p1a: Blissey|tox\n|move|p1a: Blissey|Ice Beam|p2a: Heatran\n|-resisted|p2a: Heatran\n|-damage|p2a: Heatran|97\/100\n|\n|-heal|p2a: Heatran|100\/100|[from] item: Leftovers\n|-damage|p1a: Blissey|50\/100 tox|[from] psn\n|upkeep\n|turn|23|\n|move|p2a: Heatran|Lava Plume|p1a: Blissey\n|-damage|p1a: Blissey|38\/100 tox\n|move|p1a: Blissey|Ice Beam|p2a: Heatran\n|-resisted|p2a: Heatran\n|-damage|p2a: Heatran|97\/100\n|\n|-heal|p2a: Heatran|100\/100|[from] item: Leftovers\n|-damage|p1a: Blissey|26\/100 tox|[from] psn\n|-end|p1a: Blissey|move: Taunt\n|upkeep\n|turn|24|\n|move|p2a: Heatran|Taunt|p1a: Blissey\n|-start|p1a: Blissey|move: Taunt\n|cant|p1a: Blissey|move: Taunt|Wish\n|\n|-damage|p1a: Blissey|8\/100 tox|[from] psn\n|upkeep\n|turn|25|\n|move|p2a: Heatran|Lava Plume|p1a: Blissey\n|-damage|p1a: Blissey|0 fnt\n|faint|p1a: Blissey\n|\n|upkeep|\n|switch|p1a: Swampert|Swampert-Mega, F|21\/100\n|-damage|p1a: Swampert|15\/100|[from] Stealth Rock\n|turn|26|\n|move|p2a: Heatran|Lava Plume|p1a: Swampert\n|-resisted|p1a: Swampert\n|-damage|p1a: Swampert|2\/100\n|move|p1a: Swampert|Rest|p1a: Swampert\n|-status|p1a: Swampert|slp\n|-heal|p1a: Swampert|100\/100 slp|[silent]\n|-status|p1a: Swampert|slp|[from] move: Rest\n|\n|upkeep\n|turn|27|\n|switch|p2a: Bisharp|Bisharp, M|100\/100\n|-damage|p2a: Bisharp|94\/100|[from] Stealth Rock\n|switch|p1a: Magearna|Magearna|100\/100\n|-damage|p1a: Magearna|94\/100|[from] Stealth Rock\n|\n|-heal|p2a: Bisharp|100\/100|[from] item: Leftovers\n|-heal|p1a: Magearna|100\/100|[from] item: Leftovers\n|upkeep\n|turn|28|\n|move|p2a: Bisharp|Knock Off|p1a: Magearna\n|-resisted|p1a: Magearna\n|-damage|p1a: Magearna|83\/100\n|-enditem|p1a: Magearna|Leftovers|[from] move: Knock Off|[of] p2a: Bisharp\n|move|p1a: Magearna|Heal Bell|p1a: Magearna\n|-activate|p1a: Magearna|move: Heal Bell\n|-curestatus|p1: Swampert|slp|[msg]\n|\n|upkeep\n|turn|29|\n|move|p2a: Bisharp|Iron Head|p1a: Magearna\n|-damage|p1a: Magearna|55\/100\n|cant|p1a: Magearna|flinch\n|\n|upkeep\n|turn|30|\n|move|p2a: Bisharp|Iron Head|p1a: Magearna\n|-damage|p1a: Magearna|24\/100\n|cant|p1a: Magearna|flinch\n|\n|upkeep\n|turn|31|\n|switch|p1a: Swampert|Swampert-Mega, F|100\/100\n|-damage|p1a: Swampert|94\/100|[from] Stealth Rock\n|move|p2a: Bisharp|Iron Head|p1a: Swampert\n|-resisted|p1a: Swampert\n|-damage|p1a: Swampert|81\/100\n|\n|upkeep\n|turn|32\n|c|\u2606Hajime Shiroishi|gg|\n|switch|p1a: Zapdos|Zapdos|31\/100\n|-damage|p1a: Zapdos|6\/100|[from] Stealth Rock\n|-ability|p1a: Zapdos|Pressure\n|switch|p2a: Venusaur|Venusaur, F|100\/100\n|-damage|p2a: Venusaur|88\/100|[from] Stealth Rock\n|\n|-heal|p1a: Zapdos|13\/100|[from] item: Leftovers\n|upkeep\n|turn|33|\n|switch|p2a: Bisharp|Bisharp, M|100\/100\n|-damage|p2a: Bisharp|94\/100|[from] Stealth Rock\n|move|p1a: Zapdos|Roost|p1a: Zapdos\n|-heal|p1a: Zapdos|63\/100\n|\n|-heal|p1a: Zapdos|69\/100|[from] item: Leftovers\n|-heal|p2a: Bisharp|100\/100|[from] item: Leftovers\n|upkeep\n|turn|34|\n|move|p1a: Zapdos|Discharge|p2a: Bisharp\n|-damage|p2a: Bisharp|58\/100\n|move|p2a: Bisharp|Knock Off|p1a: Zapdos\n|-damage|p1a: Zapdos|11\/100\n|-enditem|p1a: Zapdos|Leftovers|[from] move: Knock Off|[of] p2a: Bisharp\n|\n|-heal|p2a: Bisharp|64\/100|[from] item: Leftovers\n|upkeep\n|turn|35|\n|switch|p2a: Heatran|Heatran, F|100\/100\n|-damage|p2a: Heatran|88\/100|[from] Stealth Rock\n|move|p1a: Zapdos|Roost|p1a: Zapdos\n|-heal|p1a: Zapdos|61\/100\n|\n|-heal|p2a: Heatran|94\/100|[from] item: Leftovers\n|upkeep\n|turn|36|\n|switch|p1a: Swampert|Swampert-Mega, F|81\/100\n|-damage|p1a: Swampert|75\/100|[from] Stealth Rock\n|move|p2a: Heatran|Toxic|p1a: Swampert\n|-status|p1a: Swampert|tox\n|\n|-heal|p2a: Heatran|100\/100|[from] item: Leftovers\n|-damage|p1a: Swampert|69\/100 tox|[from] psn\n|upkeep\n|turn|37|\n|switch|p2a: Venusaur|Venusaur, F|88\/100\n|-damage|p2a: Venusaur|76\/100|[from] Stealth Rock\n|switch|p1a: Zapdos|Zapdos|61\/100\n|-damage|p1a: Zapdos|36\/100|[from] Stealth Rock\n|-ability|p1a: Zapdos|Pressure\n|\n|upkeep\n|turn|38|\n|-mega|p2a: Venusaur|Venusaur|Venusaurite\n|detailschange|p2a: Venusaur|Venusaur-Mega, F\n|move|p1a: Zapdos|Roost|p1a: Zapdos\n|-heal|p1a: Zapdos|86\/100\n|move|p2a: Venusaur|Sludge Bomb|p1a: Zapdos\n|-damage|p1a: Zapdos|48\/100\n|\n|upkeep\n|turn|39|\n|move|p1a: Zapdos|Roost|p1a: Zapdos\n|-heal|p1a: Zapdos|98\/100\n|move|p2a: Venusaur|Sludge Bomb|p1a: Zapdos\n|-damage|p1a: Zapdos|64\/100\n|\n|upkeep\n|turn|40|\n|move|p1a: Zapdos|Discharge|p2a: Venusaur\n|-resisted|p2a: Venusaur\n|-damage|p2a: Venusaur|62\/100\n|move|p2a: Venusaur|Sludge Bomb|p1a: Zapdos\n|-damage|p1a: Zapdos|28\/100\n|\n|upkeep\n|turn|41|\n|move|p1a: Zapdos|Roost|p1a: Zapdos\n|-heal|p1a: Zapdos|78\/100\n|move|p2a: Venusaur|Sludge Bomb|p1a: Zapdos\n|-damage|p1a: Zapdos|40\/100\n|\n|upkeep\n|turn|42|\n|move|p1a: Zapdos|Roost|p1a: Zapdos\n|-heal|p1a: Zapdos|90\/100\n|move|p2a: Venusaur|Sludge Bomb|p1a: Zapdos\n|-damage|p1a: Zapdos|54\/100\n|\n|upkeep\n|turn|43|\n|move|p1a: Zapdos|Roost|p1a: Zapdos\n|-heal|p1a: Zapdos|100\/100\n|move|p2a: Venusaur|Sludge Bomb|p1a: Zapdos\n|-damage|p1a: Zapdos|63\/100\n|-status|p1a: Zapdos|psn\n|\n|-damage|p1a: Zapdos|50\/100 psn|[from] psn\n|upkeep\n|turn|44|\n|switch|p2a: Heatran|Heatran, F|100\/100\n|-damage|p2a: Heatran|88\/100|[from] Stealth Rock\n|move|p1a: Zapdos|Roost|p1a: Zapdos\n|-heal|p1a: Zapdos|100\/100 psn\n|\n|-heal|p2a: Heatran|94\/100|[from] item: Leftovers\n|-damage|p1a: Zapdos|88\/100 psn|[from] psn\n|upkeep\n|turn|45|\n|move|p1a: Zapdos|Discharge|p2a: Heatran\n|-damage|p2a: Heatran|65\/100\n|move|p2a: Heatran|Taunt|p1a: Zapdos\n|-start|p1a: Zapdos|move: Taunt\n|\n|-heal|p2a: Heatran|71\/100|[from] item: Leftovers\n|-damage|p1a: Zapdos|75\/100 psn|[from] psn\n|upkeep\n|turn|46|\n|switch|p1a: Swampert|Swampert-Mega, F|69\/100 tox\n|-damage|p1a: Swampert|63\/100 tox|[from] Stealth Rock\n|switch|p2a: Chansey|Chansey, F|65\/100\n|-damage|p2a: Chansey|53\/100|[from] Stealth Rock\n|\n|-damage|p1a: Swampert|57\/100 tox|[from] psn\n|upkeep\n|turn|47|\n|switch|p1a: Xatu|Xatu, F|63\/100\n|-damage|p1a: Xatu|39\/100|[from] Stealth Rock\n|move|p2a: Chansey|Seismic Toss|p1a: Xatu\n|-damage|p1a: Xatu|9\/100\n|-damage|p2a: Chansey|36\/100|[from] item: Rocky Helmet|[of] p1a: Xatu\n|\n|upkeep\n|turn|48|\n|move|p1a: Xatu|Roost|p1a: Xatu\n|-heal|p1a: Xatu|59\/100\n|move|p2a: Chansey|Soft-Boiled|p2a: Chansey\n|-heal|p2a: Chansey|86\/100\n|\n|upkeep\n|turn|49|\n|move|p1a: Xatu|Roost|p1a: Xatu\n|-heal|p1a: Xatu|100\/100\n|move|p2a: Chansey|Seismic Toss|p1a: Xatu\n|-damage|p1a: Xatu|71\/100\n|-damage|p2a: Chansey|70\/100|[from] item: Rocky Helmet|[of] p1a: Xatu\n|\n|upkeep\n|turn|50|\n|move|p1a: Xatu|Psychic|p2a: Chansey\n|-damage|p2a: Chansey|60\/100\n|move|p2a: Chansey|Seismic Toss|p1a: Xatu\n|-damage|p1a: Xatu|41\/100\n|-damage|p2a: Chansey|44\/100|[from] item: Rocky Helmet|[of] p1a: Xatu\n|\n|upkeep\n|turn|51|\n|move|p1a: Xatu|Roost|p1a: Xatu\n|-heal|p1a: Xatu|91\/100\n|move|p2a: Chansey|Soft-Boiled|p2a: Chansey\n|-heal|p2a: Chansey|94\/100\n|\n|upkeep\n|turn|52|\n|move|p1a: Xatu|Psychic|p2a: Chansey\n|-damage|p2a: Chansey|84\/100\n|move|p2a: Chansey|Seismic Toss|p1a: Xatu\n|-damage|p1a: Xatu|61\/100\n|-damage|p2a: Chansey|67\/100|[from] item: Rocky Helmet|[of] p1a: Xatu\n|\n|upkeep\n|turn|53|\n|switch|p2a: Heatran|Heatran, F|71\/100\n|-damage|p2a: Heatran|59\/100|[from] Stealth Rock\n|move|p1a: Xatu|Roost|p1a: Xatu\n|-heal|p1a: Xatu|100\/100\n|\n|-heal|p2a: Heatran|65\/100|[from] item: Leftovers\n|upkeep\n|turn|54|\n|move|p2a: Heatran|Lava Plume|p1a: Xatu\n|-damage|p1a: Xatu|54\/100\n|move|p1a: Xatu|U-turn|p2a: Heatran\n|-resisted|p2a: Heatran\n|-damage|p2a: Heatran|63\/100|\n|switch|p1a: Swampert|Swampert-Mega, F|57\/100 tox\n|-damage|p1a: Swampert|50\/100 tox|[from] Stealth Rock\n|\n|-heal|p2a: Heatran|69\/100|[from] item: Leftovers\n|-damage|p1a: Swampert|44\/100 tox|[from] psn\n|upkeep\n|turn|55|\n|switch|p2a: Skarmory|Skarmory, M|66\/100\n|-damage|p2a: Skarmory|53\/100|[from] Stealth Rock\n|move|p1a: Swampert|Rest|p1a: Swampert\n|-status|p1a: Swampert|slp\n|-heal|p1a: Swampert|100\/100 slp|[silent]\n|-status|p1a: Swampert|slp|[from] move: Rest\n|\n|upkeep\n|turn|56|\n|cant|p1a: Swampert|slp\n|move|p2a: Skarmory|Whirlwind|p1a: Swampert\n|drag|p1a: Xatu|Xatu, F|54\/100\n|-damage|p1a: Xatu|30\/100|[from] Stealth Rock\n|\n|upkeep\n|turn|57|\n|switch|p2a: Heatran|Heatran, F|69\/100\n|-damage|p2a: Heatran|57\/100|[from] Stealth Rock\n|move|p1a: Xatu|Roost|p1a: Xatu\n|-heal|p1a: Xatu|80\/100\n|\n|-heal|p2a: Heatran|63\/100|[from] item: Leftovers\n|upkeep\n|turn|58|\n|switch|p1a: Swampert|Swampert-Mega, F|100\/100 slp\n|-damage|p1a: Swampert|94\/100 slp|[from] Stealth Rock\n|move|p2a: Heatran|Lava Plume|p1a: Swampert\n|-resisted|p1a: Swampert\n|-damage|p1a: Swampert|82\/100 slp\n|\n|-heal|p2a: Heatran|69\/100|[from] item: Leftovers\n|upkeep\n|turn|59|\n|switch|p2a: Skarmory|Skarmory, M|53\/100\n|-damage|p2a: Skarmory|41\/100|[from] Stealth Rock\n|cant|p1a: Swampert|slp\n|\n|upkeep\n|turn|60|\n|-curestatus|p1a: Swampert|slp|[msg]\n|move|p1a: Swampert|Scald|p2a: Skarmory\n|-damage|p2a: Skarmory|13\/100\n|move|p2a: Skarmory|Whirlwind|p1a: Swampert\n|drag|p1a: Shedinja|Shedinja|100\/100\n|-damage|p1a: Shedinja|0 fnt|[from] Stealth Rock\n|faint|p1a: Shedinja\n|\n|upkeep|\n|switch|p1a: Zapdos|Zapdos|75\/100 psn\n|-damage|p1a: Zapdos|50\/100 psn|[from] Stealth Rock\n|-ability|p1a: Zapdos|Pressure\n|turn|61|\n|switch|p2a: Chansey|Chansey, F|67\/100\n|-damage|p2a: Chansey|55\/100|[from] Stealth Rock\n|move|p1a: Zapdos|Discharge|p2a: Chansey\n|-crit|p2a: Chansey\n|-damage|p2a: Chansey|40\/100\n|\n|-damage|p1a: Zapdos|38\/100 psn|[from] psn\n|upkeep\n|turn|62|\n|move|p1a: Zapdos|Roost|p1a: Zapdos\n|-heal|p1a: Zapdos|88\/100 psn\n|move|p2a: Chansey|Soft-Boiled|p2a: Chansey\n|-heal|p2a: Chansey|90\/100\n|\n|-damage|p1a: Zapdos|75\/100 psn|[from] psn\n|upkeep\n|turn|63|\n|switch|p1a: Xatu|Xatu, F|80\/100\n|-damage|p1a: Xatu|55\/100|[from] Stealth Rock\n|move|p2a: Chansey|Seismic Toss|p1a: Xatu\n|-damage|p1a: Xatu|25\/100\n|-damage|p2a: Chansey|73\/100|[from] item: Rocky Helmet|[of] p1a: Xatu\n|\n|upkeep\n|turn|64|\n|switch|p2a: Heatran|Heatran, F|69\/100\n|-damage|p2a: Heatran|57\/100|[from] Stealth Rock\n|move|p1a: Xatu|Roost|p1a: Xatu\n|-heal|p1a: Xatu|75\/100\n|\n|-heal|p2a: Heatran|63\/100|[from] item: Leftovers\n|upkeep\n|turn|65|\n|switch|p1a: Swampert|Swampert-Mega, F|82\/100\n|-damage|p1a: Swampert|75\/100|[from] Stealth Rock\n|move|p2a: Heatran|Toxic|p1a: Swampert\n|-status|p1a: Swampert|tox\n|\n|-heal|p2a: Heatran|69\/100|[from] item: Leftovers\n|-damage|p1a: Swampert|69\/100 tox|[from] psn\n|upkeep\n|turn|66|\n|switch|p2a: Skarmory|Skarmory, M|13\/100\n|-damage|p2a: Skarmory|1\/100|[from] Stealth Rock\n|move|p1a: Swampert|Scald|p2a: Skarmory\n|-damage|p2a: Skarmory|0 fnt\n|faint|p2a: Skarmory\n|\n|-damage|p1a: Swampert|57\/100 tox|[from] psn\n|upkeep|\n|switch|p2a: Keldeo|Keldeo-Resolute|17\/100\n|-damage|p2a: Keldeo|11\/100|[from] Stealth Rock\n|turn|67|\n|move|p2a: Keldeo|Scald|p1a: Swampert\n|-damage|p1a: Swampert|25\/100 tox\n|move|p1a: Swampert|Earthquake|p2a: Keldeo\n|-damage|p2a: Keldeo|0 fnt\n|faint|p2a: Keldeo\n|\n|-damage|p1a: Swampert|7\/100 tox|[from] psn\n|upkeep|\n|switch|p2a: Heatran|Heatran, F|69\/100\n|-damage|p2a: Heatran|57\/100|[from] Stealth Rock\n|turn|68|\n|move|p2a: Heatran|Lava Plume|p1a: Swampert\n|-resisted|p1a: Swampert\n|-damage|p1a: Swampert|0 fnt\n|faint|p1a: Swampert\n|\n|-heal|p2a: Heatran|63\/100|[from] item: Leftovers\n|upkeep|\n|switch|p1a: Zapdos|Zapdos|75\/100 psn\n|-damage|p1a: Zapdos|50\/100 psn|[from] Stealth Rock\n|-ability|p1a: Zapdos|Pressure\n|turn|69|\n|switch|p2a: Chansey|Chansey, F|73\/100\n|-damage|p2a: Chansey|61\/100|[from] Stealth Rock\n|move|p1a: Zapdos|Roost|p1a: Zapdos\n|-heal|p1a: Zapdos|100\/100 psn\n|\n|-damage|p1a: Zapdos|88\/100 psn|[from] psn\n|upkeep\n|turn|70\n|inactive|Hajime Shiroishi has 135 seconds left.|\n|switch|p1a: Xatu|Xatu, F|75\/100\n|-damage|p1a: Xatu|50\/100|[from] Stealth Rock\n|move|p2a: Chansey|Seismic Toss|p1a: Xatu\n|-damage|p1a: Xatu|20\/100\n|-damage|p2a: Chansey|44\/100|[from] item: Rocky Helmet|[of] p1a: Xatu\n|\n|upkeep\n|turn|71|\n|switch|p2a: Heatran|Heatran, F|63\/100\n|-damage|p2a: Heatran|50\/100|[from] Stealth Rock\n|move|p1a: Xatu|Roost|p1a: Xatu\n|-heal|p1a: Xatu|70\/100\n|\n|-heal|p2a: Heatran|57\/100|[from] item: Leftovers\n|upkeep\n|turn|72|\n|move|p2a: Heatran|Lava Plume|p1a: Xatu\n|-damage|p1a: Xatu|23\/100\n|-status|p1a: Xatu|brn\n|move|p1a: Xatu|Roost|p1a: Xatu\n|-heal|p1a: Xatu|73\/100 brn\n|\n|-heal|p2a: Heatran|63\/100|[from] item: Leftovers\n|-damage|p1a: Xatu|67\/100 brn|[from] brn\n|upkeep\n|turn|73|\n|switch|p1a: Zapdos|Zapdos|88\/100 psn\n|-damage|p1a: Zapdos|63\/100 psn|[from] Stealth Rock\n|-ability|p1a: Zapdos|Pressure\n|move|p2a: Heatran|Lava Plume|p1a: Zapdos\n|-damage|p1a: Zapdos|31\/100 psn\n|\n|-heal|p2a: Heatran|69\/100|[from] item: Leftovers\n|-damage|p1a: Zapdos|18\/100 psn|[from] psn\n|upkeep\n|turn|74|\n|move|p1a: Zapdos|Roost|p1a: Zapdos\n|-heal|p1a: Zapdos|68\/100 psn\n|move|p2a: Heatran|Lava Plume|p1a: Zapdos\n|-damage|p1a: Zapdos|31\/100 psn\n|\n|-heal|p2a: Heatran|75\/100|[from] item: Leftovers\n|-damage|p1a: Zapdos|19\/100 psn|[from] psn\n|upkeep\n|turn|75|\n|move|p1a: Zapdos|Roost|p1a: Zapdos\n|-heal|p1a: Zapdos|69\/100 psn\n|move|p2a: Heatran|Lava Plume|p1a: Zapdos\n|-damage|p1a: Zapdos|33\/100 psn\n|\n|-heal|p2a: Heatran|81\/100|[from] item: Leftovers\n|-damage|p1a: Zapdos|20\/100 psn|[from] psn\n|upkeep\n|turn|76|\n|move|p1a: Zapdos|Roost|p1a: Zapdos\n|-heal|p1a: Zapdos|70\/100 psn\n|move|p2a: Heatran|Lava Plume|p1a: Zapdos\n|-damage|p1a: Zapdos|36\/100 psn\n|\n|-heal|p2a: Heatran|87\/100|[from] item: Leftovers\n|-damage|p1a: Zapdos|23\/100 psn|[from] psn\n|upkeep\n|turn|77|\n|move|p1a: Zapdos|Roost|p1a: Zapdos\n|-heal|p1a: Zapdos|73\/100 psn\n|move|p2a: Heatran|Lava Plume|p1a: Zapdos\n|-damage|p1a: Zapdos|39\/100 psn\n|\n|-heal|p2a: Heatran|94\/100|[from] item: Leftovers\n|-damage|p1a: Zapdos|26\/100 psn|[from] psn\n|upkeep\n|turn|78|\n|move|p1a: Zapdos|Roost|p1a: Zapdos\n|-heal|p1a: Zapdos|76\/100 psn\n|move|p2a: Heatran|Lava Plume|p1a: Zapdos\n|-damage|p1a: Zapdos|43\/100 psn\n|\n|-heal|p2a: Heatran|99\/100|[from] item: Leftovers\n|-damage|p1a: Zapdos|30\/100 psn|[from] psn\n|upkeep\n|turn|79|\n|move|p1a: Zapdos|Roost|p1a: Zapdos\n|-heal|p1a: Zapdos|80\/100 psn\n|move|p2a: Heatran|Lava Plume|p1a: Zapdos\n|-crit|p1a: Zapdos\n|-damage|p1a: Zapdos|33\/100 psn\n|\n|-heal|p2a: Heatran|100\/100|[from] item: Leftovers\n|-damage|p1a: Zapdos|20\/100 psn|[from] psn\n|upkeep\n|turn|80|\n|switch|p2a: Chansey|Chansey, F|44\/100\n|-damage|p2a: Chansey|32\/100|[from] Stealth Rock\n|move|p1a: Zapdos|Discharge|p2a: Chansey\n|-damage|p2a: Chansey|21\/100\n|-status|p2a: Chansey|par\n|\n|-damage|p1a: Zapdos|8\/100 psn|[from] psn\n|upkeep\n|turn|81|\n|switch|p1a: Magearna|Magearna|24\/100\n|-damage|p1a: Magearna|18\/100|[from] Stealth Rock\n|move|p2a: Chansey|Soft-Boiled|p2a: Chansey\n|-heal|p2a: Chansey|71\/100 par\n|\n|upkeep\n|turn|82|\n|move|p1a: Magearna|Heal Bell|p1a: Magearna\n|-activate|p1a: Magearna|move: Heal Bell\n|-curestatus|p1: Zapdos|psn|[msg]\n|-curestatus|p1: Xatu|brn|[msg]\n|cant|p2a: Chansey|par\n|\n|upkeep\n|turn|83|\n|move|p1a: Magearna|Protect|p1a: Magearna\n|-singleturn|p1a: Magearna|Protect\n|move|p2a: Chansey|Seismic Toss|p1a: Magearna\n|-activate|p1a: Magearna|move: Protect\n|\n|upkeep\n|turn|84|\n|move|p1a: Magearna|Volt Switch|p2a: Chansey\n|-damage|p2a: Chansey|66\/100 par\n|inactive|Hajime Shiroishi has 135 seconds left.|\n|switch|p1a: Xatu|Xatu, F|67\/100\n|-damage|p1a: Xatu|42\/100|[from] Stealth Rock\n|move|p2a: Chansey|Seismic Toss|p1a: Xatu\n|-damage|p1a: Xatu|12\/100\n|-damage|p2a: Chansey|49\/100 par|[from] item: Rocky Helmet|[of] p1a: Xatu\n|\n|upkeep\n|turn|85|\n|-curestatus|p2a: Chansey|par|[from] ability: Natural Cure\n|switch|p2a: Heatran|Heatran, F|100\/100\n|-damage|p2a: Heatran|88\/100|[from] Stealth Rock\n|move|p1a: Xatu|Roost|p1a: Xatu\n|-heal|p1a: Xatu|62\/100\n|\n|-heal|p2a: Heatran|94\/100|[from] item: Leftovers\n|upkeep\n|turn|86|\n|switch|p1a: Zapdos|Zapdos|8\/100\n|-damage|p1a: Zapdos|0 fnt|[from] Stealth Rock\n|faint|p1a: Zapdos\n|move|p2a: Heatran|Lava Plume|p1: Zapdos|[notarget]\n|-notarget\n|\n|-heal|p2a: Heatran|100\/100|[from] item: Leftovers\n|upkeep|\n|switch|p1a: Xatu|Xatu, F|62\/100\n|-damage|p1a: Xatu|37\/100|[from] Stealth Rock\n|turn|87|\n|switch|p2a: Venusaur|Venusaur-Mega, F|62\/100\n|-damage|p2a: Venusaur|49\/100|[from] Stealth Rock\n|move|p1a: Xatu|Roost|p1a: Xatu\n|-heal|p1a: Xatu|87\/100\n|\n|upkeep\n|turn|88|\n|move|p1a: Xatu|Psychic|p2a: Venusaur\n|-supereffective|p2a: Venusaur\n|-damage|p2a: Venusaur|0 fnt\n|faint|p2a: Venusaur\n|\n|upkeep|\n|switch|p2a: Chansey|Chansey, F|49\/100\n|-damage|p2a: Chansey|37\/100|[from] Stealth Rock\n|turn|89\n|inactive|Hajime Shiroishi has 135 seconds left.|\n|move|p1a: Xatu|U-turn|p2a: Chansey\n|-damage|p2a: Chansey|29\/100|\n|switch|p1a: Magearna|Magearna|18\/100\n|-damage|p1a: Magearna|12\/100|[from] Stealth Rock\n|move|p2a: Chansey|Soft-Boiled|p2a: Chansey\n|-heal|p2a: Chansey|79\/100\n|\n|upkeep\n|turn|90|\n|switch|p2a: Bisharp|Bisharp, M|64\/100\n|-damage|p2a: Bisharp|58\/100|[from] Stealth Rock\n|move|p1a: Magearna|Volt Switch|p2a: Bisharp\n|-damage|p2a: Bisharp|32\/100|\n|switch|p1a: Xatu|Xatu, F|87\/100\n|-damage|p1a: Xatu|62\/100|[from] Stealth Rock\n|\n|-heal|p2a: Bisharp|38\/100|[from] item: Leftovers\n|upkeep\n|turn|91|\n|move|p2a: Bisharp|Sucker Punch|p1a: Xatu\n|-supereffective|p1a: Xatu\n|-damage|p1a: Xatu|0 fnt\n|-damage|p2a: Bisharp|22\/100|[from] item: Rocky Helmet|[of] p1a: Xatu\n|faint|p1a: Xatu\n|\n|-heal|p2a: Bisharp|28\/100|[from] item: Leftovers\n|upkeep\n|c|\u2606Hajime Shiroishi|gg\n|-message|Hajime Shiroishi forfeited.\n|\n|win|Moskito Cup\n|l|\u2606Hajime Shiroishi\n|raw|Hajime Shiroishi's rating: 1887 &rarr; <strong>1875<\/strong><br \/>(-12 for losing)\n|raw|Moskito Cup's rating: 2030 &rarr; <strong>2042<\/strong><br \/>(+12 for winning)\n|c|\u2606Moskito Cup|\/log Moskito Cup made this room public.\n","inputlog":null,"uploadtime":1514465711,"views":274,"p1id":"hajimeshiroishi","p2id":"moskitocup","formatid":"gen7ou","rating":1875,"private":0,"password":null}