{"id":"gen7ou-962872997","p1":"dingalingading","p2":"Walletinspector62","format":"gen7ou","log":"|j|\u2606dingalingading\n|j|\u2606Walletinspector62\n|player|p1|dingalingading|75|\n|player|p2|Walletinspector62|102|\n|teamsize|p1|6\n|teamsize|p2|6\n|gametype|singles\n|gen|7\n|tier|[Gen 7] OU\n|rule|Sleep Clause Mod: Limit one foe put to sleep\n|rule|Species Clause: Limit one of each Pok\u00e9mon\n|rule|OHKO Clause: OHKO moves are banned\n|rule|Moody Clause: Moody is banned\n|rule|Evasion Moves Clause: Evasion moves are banned\n|rule|Endless Battle Clause: Forcing endless battles is banned\n|rule|HP Percentage Mod: HP is shown in percentages\n|clearpoke\n|poke|p1|Celesteela|item\n|poke|p1|Kyurem|item\n|poke|p1|Sylveon, M|item\n|poke|p1|Gallade, M|item\n|poke|p1|Rotom-Mow|item\n|poke|p1|Piloswine, M|item\n|poke|p2|Uxie|item\n|poke|p2|Tapu Koko|item\n|poke|p2|Zygarde-10%|item\n|poke|p2|Ferrothorn, M|item\n|poke|p2|Golisopod, M|item\n|poke|p2|Hawlucha, M|item\n|teampreview\n|c|\u2606Walletinspector62|Glhf\n|c|\u2606dingalingading|hf\n|\n|start\n|switch|p1a: peasant #3|Rotom-Mow|100\/100\n|switch|p2a: Guzma|Golisopod, M, shiny|100\/100\n|turn|1\n|\n|switch|p1a: DA BEAST|Celesteela|100\/100\n|move|p2a: Guzma|First Impression|p1a: DA BEAST\n|-resisted|p1a: DA BEAST\n|-damage|p1a: DA BEAST|86\/100\n|\n|-heal|p1a: DA BEAST|92\/100|[from] item: Leftovers\n|upkeep\n|turn|2\n|\n|switch|p2a: DomTom|Tapu Koko|100\/100\n|-fieldstart|move: Electric Terrain|[from] ability: Electric Surge|[of] p2a: DomTom\n|move|p1a: DA BEAST|Substitute|p1a: DA BEAST\n|-start|p1a: DA BEAST|Substitute\n|-damage|p1a: DA BEAST|68\/100\n|\n|-heal|p1a: DA BEAST|74\/100|[from] item: Leftovers\n|upkeep\n|turn|3\n|\n|move|p2a: DomTom|Thunderbolt|p1a: DA BEAST\n|-supereffective|p1a: DA BEAST\n|-end|p1a: DA BEAST|Substitute\n|move|p1a: DA BEAST|Heavy Slam|p2a: DomTom\n|-damage|p2a: DomTom|40\/100\n|\n|-heal|p2a: DomTom|46\/100|[from] item: Leftovers\n|-heal|p1a: DA BEAST|80\/100|[from] item: Leftovers\n|upkeep\n|turn|4\n|\n|switch|p1a: peasant #1|Kyurem|100\/100\n|-ability|p1a: peasant #1|Pressure\n|move|p2a: DomTom|U-turn|p1a: peasant #1\n|-damage|p1a: peasant #1|83\/100\n|\n|switch|p2a: Durian|Ferrothorn, M, shiny|100\/100|[from]move: U-turn\n|\n|-heal|p1a: peasant #1|89\/100|[from] item: Leftovers\n|upkeep\n|turn|5\n|\n|move|p1a: peasant #1|Substitute|p1a: peasant #1\n|-start|p1a: peasant #1|Substitute\n|-damage|p1a: peasant #1|64\/100\n|move|p2a: Durian|Stealth Rock|p1a: peasant #1\n|-sidestart|p1: dingalingading|move: Stealth Rock\n|\n|-heal|p1a: peasant #1|70\/100|[from] item: Leftovers\n|upkeep\n|turn|6\n|\n|move|p1a: peasant #1|Ice Beam|p2a: Durian\n|-damage|p2a: Durian|75\/100\n|move|p2a: Durian|Gyro Ball|p1a: peasant #1\n|-supereffective|p1a: peasant #1\n|-end|p1a: peasant #1|Substitute\n|\n|-heal|p1a: peasant #1|76\/100|[from] item: Leftovers\n|-fieldend|move: Electric Terrain\n|upkeep\n|turn|7\n|\n|move|p1a: peasant #1|Protect|p1a: peasant #1\n|-singleturn|p1a: peasant #1|Protect\n|move|p2a: Durian|Gyro Ball|p1a: peasant #1\n|-activate|p1a: peasant #1|move: Protect\n|\n|-heal|p1a: peasant #1|82\/100|[from] item: Leftovers\n|upkeep\n|turn|8\n|\n|move|p1a: peasant #1|Substitute|p1a: peasant #1\n|-start|p1a: peasant #1|Substitute\n|-damage|p1a: peasant #1|57\/100\n|move|p2a: Durian|Gyro Ball|p1a: peasant #1\n|-supereffective|p1a: peasant #1\n|-end|p1a: peasant #1|Substitute\n|\n|-heal|p1a: peasant #1|63\/100|[from] item: Leftovers\n|upkeep\n|turn|9\n|\n|move|p1a: peasant #1|Protect|p1a: peasant #1\n|-singleturn|p1a: peasant #1|Protect\n|move|p2a: Durian|Gyro Ball|p1a: peasant #1\n|-activate|p1a: peasant #1|move: Protect\n|\n|-heal|p1a: peasant #1|69\/100|[from] item: Leftovers\n|upkeep\n|turn|10\n|c|\u2606Walletinspector62|Woooooow\n|c|\u2606dingalingading|xDDDDd\n|c|\u2606dingalingading|sry fam\n|\n|move|p1a: peasant #1|Substitute|p1a: peasant #1\n|-start|p1a: peasant #1|Substitute\n|-damage|p1a: peasant #1|44\/100\n|move|p2a: Durian|Power Whip|p1a: peasant #1\n|-resisted|p1a: peasant #1\n|-activate|p1a: peasant #1|move: Substitute|[damage]\n|\n|-heal|p1a: peasant #1|50\/100|[from] item: Leftovers\n|upkeep\n|turn|11\n|c|\u2606dingalingading|had to use the dirty ones\n|\n|move|p1a: peasant #1|Protect|p1a: peasant #1\n|-singleturn|p1a: peasant #1|Protect\n|move|p2a: Durian|Power Whip|p1a: peasant #1\n|-activate|p1a: peasant #1|move: Protect\n|\n|-heal|p1a: peasant #1|56\/100|[from] item: Leftovers\n|upkeep\n|turn|12\n|\n|switch|p2a: Guzma|Golisopod, M, shiny|100\/100\n|move|p1a: peasant #1|Ice Beam|p2a: Guzma\n|-resisted|p2a: Guzma\n|-damage|p2a: Guzma|80\/100\n|-status|p2a: Guzma|frz\n|\n|-heal|p1a: peasant #1|62\/100|[from] item: Leftovers\n|upkeep\n|turn|13\n|c|\u2606dingalingading|xDDDDD\n|c|\u2606dingalingading|im sry fam\n|c|\u2606Walletinspector62|Oof\n|\n|move|p1a: peasant #1|Ice Beam|p2a: Guzma\n|-resisted|p2a: Guzma\n|-damage|p2a: Guzma|60\/100 frz\n|cant|p2a: Guzma|frz\n|\n|-heal|p1a: peasant #1|68\/100|[from] item: Leftovers\n|upkeep\n|turn|14\n|c|\u2606Walletinspector62|its fine\n|c|\u2606dingalingading|ill protect until u thaw\n|\n|move|p1a: peasant #1|Protect|p1a: peasant #1\n|-singleturn|p1a: peasant #1|Protect\n|cant|p2a: Guzma|frz\n|\n|-heal|p1a: peasant #1|74\/100|[from] item: Leftovers\n|upkeep\n|turn|15\n|\n|move|p1a: peasant #1|Protect|p1a: peasant #1\n|-singleturn|p1a: peasant #1|Protect\n|cant|p2a: Guzma|frz\n|\n|-heal|p1a: peasant #1|80\/100|[from] item: Leftovers\n|upkeep\n|turn|16\n|c|\u2606Walletinspector62|Watch it be like a thirty turn freezd\n|\n|move|p1a: peasant #1|Substitute|p1a: peasant #1\n|-fail|p1a: peasant #1|move: Substitute\n|cant|p2a: Guzma|frz\n|\n|-heal|p1a: peasant #1|87\/100|[from] item: Leftovers\n|upkeep\n|turn|17\n|c|\u2606dingalingading|lol\n|\n|move|p1a: peasant #1|Substitute|p1a: peasant #1\n|-fail|p1a: peasant #1|move: Substitute\n|cant|p2a: Guzma|frz\n|\n|-heal|p1a: peasant #1|93\/100|[from] item: Leftovers\n|upkeep\n|turn|18\n|\n|move|p1a: peasant #1|Substitute|p1a: peasant #1\n|-fail|p1a: peasant #1|move: Substitute\n|-curestatus|p2a: Guzma|frz|[msg]\n|move|p2a: Guzma|Drill Run|p1a: peasant #1\n|-end|p1a: peasant #1|Substitute\n|\n|-heal|p1a: peasant #1|99\/100|[from] item: Leftovers\n|upkeep\n|turn|19\n|\n|move|p1a: peasant #1|Substitute|p1a: peasant #1\n|-start|p1a: peasant #1|Substitute\n|-damage|p1a: peasant #1|74\/100\n|move|p2a: Guzma|Drill Run|p1a: peasant #1\n|-end|p1a: peasant #1|Substitute\n|\n|-heal|p1a: peasant #1|80\/100|[from] item: Leftovers\n|upkeep\n|turn|20\n|\n|switch|p2a: DomTom|Tapu Koko|46\/100\n|-fieldstart|move: Electric Terrain|[from] ability: Electric Surge|[of] p2a: DomTom\n|move|p1a: peasant #1|Ice Beam|p2a: DomTom\n|-damage|p2a: DomTom|0 fnt\n|faint|p2a: DomTom\n|\n|-heal|p1a: peasant #1|86\/100|[from] item: Leftovers\n|upkeep\n|\n|switch|p2a: Toothpaste doggo|Zygarde-10%, shiny|100\/100\n|-ability|p2a: Toothpaste doggo|Aura Break\n|turn|21\n|\n|move|p2a: Toothpaste doggo|Iron Tail|p1a: peasant #1|[miss]\n|-miss|p2a: Toothpaste doggo|p1a: peasant #1\n|move|p1a: peasant #1|Ice Beam|p2a: Toothpaste doggo\n|-supereffective|p2a: Toothpaste doggo\n|-enditem|p2a: Toothpaste doggo|Yache Berry|[eat]\n|-enditem|p2a: Toothpaste doggo|Yache Berry|[weaken]\n|-damage|p2a: Toothpaste doggo|0 fnt\n|faint|p2a: Toothpaste doggo\n|\n|-heal|p1a: peasant #1|92\/100|[from] item: Leftovers\n|upkeep\n|c|\u2606dingalingading|xDDDDD\n|\n|switch|p2a: Nightwing|Hawlucha, M, shiny|100\/100\n|-enditem|p2a: Nightwing|Electric Seed\n|-boost|p2a: Nightwing|def|1\n|turn|22\n|\n|move|p2a: Nightwing|Swords Dance|p2a: Nightwing\n|-boost|p2a: Nightwing|atk|2\n|move|p1a: peasant #1|Ice Beam|p2a: Nightwing\n|-supereffective|p2a: Nightwing\n|-damage|p2a: Nightwing|0 fnt\n|faint|p2a: Nightwing\n|\n|-heal|p1a: peasant #1|98\/100|[from] item: Leftovers\n|upkeep\n|\n|switch|p2a: Guzma|Golisopod, M, shiny|60\/100\n|turn|23\n|c|\u2606dingalingading|we can have a rematch\n|c|\u2606dingalingading|if u want to try again\n|c|\u2606Walletinspector62|Nah I can still win this\n|c|\u2606dingalingading|haha\n|c|\u2606dingalingading|gl\n|\n|move|p1a: peasant #1|Protect|p1a: peasant #1\n|-singleturn|p1a: peasant #1|Protect\n|move|p2a: Guzma|First Impression|p1a: peasant #1\n|-activate|p1a: peasant #1|move: Protect\n|\n|-heal|p1a: peasant #1|100\/100|[from] item: Leftovers\n|upkeep\n|turn|24\n|\n|switch|p2a: Durian|Ferrothorn, M, shiny|75\/100\n|move|p1a: peasant #1|Ice Beam|p2a: Durian\n|-damage|p2a: Durian|52\/100\n|\n|-fieldend|move: Electric Terrain\n|upkeep\n|turn|25\n|\n|move|p1a: peasant #1|Ice Beam|p2a: Durian\n|-damage|p2a: Durian|29\/100\n|move|p2a: Durian|Power Whip|p1a: peasant #1\n|-resisted|p1a: peasant #1\n|-damage|p1a: peasant #1|84\/100\n|\n|-heal|p1a: peasant #1|90\/100|[from] item: Leftovers\n|upkeep\n|turn|26\n|\n|move|p1a: peasant #1|Ice Beam|p2a: Durian\n|-crit|p2a: Durian\n|-damage|p2a: Durian|0 fnt\n|faint|p2a: Durian\n|\n|-heal|p1a: peasant #1|96\/100|[from] item: Leftovers\n|upkeep\n|\n|switch|p2a: Fetus|Uxie, shiny|100\/100\n|turn|27\n|\n|move|p1a: peasant #1|Ice Beam|p2a: Fetus\n|-damage|p2a: Fetus|73\/100\n|-status|p2a: Fetus|frz\n|cant|p2a: Fetus|frz\n|\n|-heal|p1a: peasant #1|100\/100|[from] item: Leftovers\n|upkeep\n|turn|28\n|\n|move|p1a: peasant #1|Ice Beam|p2a: Fetus\n|-damage|p2a: Fetus|41\/100 frz\n|-curestatus|p2a: Fetus|frz|[msg]\n|move|p2a: Fetus|Toxic|p1a: peasant #1\n|-status|p1a: peasant #1|tox\n|\n|-damage|p1a: peasant #1|94\/100 tox|[from] psn\n|upkeep\n|turn|29\n|\n|move|p1a: peasant #1|Ice Beam|p2a: Fetus\n|-damage|p2a: Fetus|13\/100\n|move|p2a: Fetus|Knock Off|p1a: peasant #1\n|-damage|p1a: peasant #1|82\/100 tox\n|-enditem|p1a: peasant #1|Leftovers|[from] move: Knock Off|[of] p2a: Fetus\n|\n|-damage|p1a: peasant #1|69\/100 tox|[from] psn\n|upkeep\n|turn|30\n|\n|move|p1a: peasant #1|Ice Beam|p2a: Fetus\n|-damage|p2a: Fetus|0 fnt\n|faint|p2a: Fetus\n|\n|-damage|p1a: peasant #1|51\/100 tox|[from] psn\n|upkeep\n|\n|switch|p2a: Guzma|Golisopod, M, shiny|60\/100\n|turn|31\n|c|\u2606dingalingading|im serious about the rematch tho\n|c|\u2606dingalingading|if u want it\n|\n|move|p1a: peasant #1|Ice Beam|p2a: Guzma\n|-resisted|p2a: Guzma\n|-damage|p2a: Guzma|40\/100\n|move|p2a: Guzma|Liquidation|p1a: peasant #1\n|-resisted|p1a: peasant #1\n|-damage|p1a: peasant #1|24\/100 tox\n|\n|-damage|p1a: peasant #1|0 fnt|[from] psn\n|faint|p1a: peasant #1\n|upkeep\n|\n|switch|p1a: prty grill|Sylveon, M|100\/100\n|-damage|p1a: prty grill|88\/100|[from] Stealth Rock\n|turn|32\n|c|\u2606Walletinspector62|For fun?\n|\n|move|p1a: prty grill|Hyper Voice|p2a: Guzma\n|-damage|p2a: Guzma|0 fnt\n|faint|p2a: Guzma\n|\n|win|dingalingading\n|c|\u2606dingalingading|ya\n|c|\u2606Walletinspector62|Sure\n|l|\u2606dingalingading\n|l|\u2606Walletinspector62\n|j|\u2606dingalingading\n|player|p1|dingalingading|75\n|j|\u2606Walletinspector62\n|player|p2|Walletinspector62|102\n|l|\u2606Walletinspector62\n|player|p2|\n","uploadtime":1566249377,"views":8,"p1id":"dingalingading","p2id":"walletinspector62","formatid":"gen7ou","rating":0,"private":0,"password":null}