{"id":"gen7ou-1699760472","p1":"Darkman64","p2":"BigChungusIsFunny!","format":"gen7ou","log":"|j|\u2606Darkman64\n|j|\u2606BigChungusIsFunny!\n|t:|1667265619\n|gametype|singles\n|player|p1|Darkman64|juan|1543\n|player|p2|BigChungusIsFunny!|wallace|1670\n|teamsize|p1|6\n|teamsize|p2|6\n|gen|7\n|tier|[Gen 7] OU\n|rated|\n|rule|Sleep Clause Mod: Limit one foe put to sleep\n|rule|Species Clause: Limit one of each Pok\u00e9mon\n|rule|OHKO Clause: OHKO moves are banned\n|rule|Moody Clause: Moody is banned\n|rule|Evasion Items Clause: Evasion items are banned\n|rule|Evasion Moves Clause: Evasion moves are banned\n|rule|Endless Battle Clause: Forcing endless battles is banned\n|rule|HP Percentage Mod: HP is shown in percentages\n|clearpoke\n|poke|p1|Lopunny, M|item\n|poke|p1|Celesteela|item\n|poke|p1|Hoopa-Unbound|item\n|poke|p1|Garchomp, M|item\n|poke|p1|Rotom-Wash|item\n|poke|p1|Volcarona, F|item\n|poke|p2|Pelipper, F|item\n|poke|p2|Swampert, F|item\n|poke|p2|Tapu Koko|item\n|poke|p2|Greninja, M|item\n|poke|p2|Hawlucha, F|item\n|poke|p2|Ferrothorn, F|item\n|teampreview\n|inactive|Battle timer is ON: inactive players will automatically lose when time's up. (requested by BigChungusIsFunny!)\n|\n|t:|1667265632\n|start\n|switch|p1a: Lopunny|Lopunny, M|100\/100\n|switch|p2a: take a seat|Tapu Koko|100\/100\n|-fieldstart|move: Electric Terrain|[from] ability: Electric Surge|[of] p2a: take a seat\n|turn|1\n|inactive|Darkman64 has 120 seconds left.\n|\n|t:|1667265669\n|switch|p2a: take a dump|Pelipper, F, shiny|100\/100\n|-weather|RainDance|[from] ability: Drizzle|[of] p2a: take a dump\n|detailschange|p1a: Lopunny|Lopunny-Mega, M\n|-mega|p1a: Lopunny|Lopunny|Lopunnite\n|move|p1a: Lopunny|Fake Out|p2a: take a dump\n|-damage|p2a: take a dump|83\/100\n|\n|-weather|RainDance|[upkeep]\n|upkeep\n|turn|2\n|\n|t:|1667265686\n|move|p1a: Lopunny|Power-Up Punch|p2a: take a dump\n|-resisted|p2a: take a dump\n|-damage|p2a: take a dump|74\/100\n|-boost|p1a: Lopunny|atk|1\n|move|p2a: take a dump|U-turn|p1a: Lopunny\n|-resisted|p1a: Lopunny\n|-damage|p1a: Lopunny|95\/100\n|\n|t:|1667265698\n|switch|p2a: Hawlucha|Hawlucha, F|100\/100|[from]move: U-turn\n|-enditem|p2a: Hawlucha|Electric Seed\n|-boost|p2a: Hawlucha|def|1|[from] item: Electric Seed\n|\n|-weather|RainDance|[upkeep]\n|upkeep\n|turn|3\n|j| Tarah204\n|inactive|Darkman64 has 120 seconds left.\n|\n|t:|1667265744\n|switch|p1a: Garchomp|Garchomp, M|100\/100\n|move|p2a: Hawlucha|Swords Dance|p2a: Hawlucha\n|-boost|p2a: Hawlucha|atk|2\n|\n|-weather|RainDance|[upkeep]\n|upkeep\n|turn|4\n|\n|t:|1667265764\n|move|p2a: Hawlucha|Acrobatics|p1a: Garchomp\n|-crit|p1a: Garchomp\n|-damage|p1a: Garchomp|0 fnt\n|-damage|p2a: Hawlucha|88\/100|[from] ability: Rough Skin|[of] p1a: Garchomp\n|-damage|p2a: Hawlucha|72\/100|[from] item: Rocky Helmet|[of] p1a: Garchomp\n|faint|p1a: Garchomp\n|\n|-weather|RainDance|[upkeep]\n|upkeep\n|inactive|Darkman64 has 90 seconds left.\n|\n|t:|1667265799\n|switch|p1a: Lopunny|Lopunny-Mega, M|95\/100\n|turn|5\n|\n|t:|1667265809\n|move|p1a: Lopunny|Fake Out|p2a: Hawlucha\n|-damage|p2a: Hawlucha|49\/100\n|cant|p2a: Hawlucha|flinch\n|\n|-weather|RainDance|[upkeep]\n|-fieldend|move: Electric Terrain\n|upkeep\n|turn|6\n|inactive|Darkman64 has 90 seconds left.\n|c|\u2606BigChungusIsFunny!|okay but what if hoopa was... poopa?\n|c|\u2606BigChungusIsFunny!|>or koopa troppa\n|\n|t:|1667265844\n|switch|p1a: Celesteela|Celesteela|100\/100\n|move|p2a: Hawlucha|Drain Punch|p1a: Celesteela\n|-damage|p1a: Celesteela|41\/100\n|-heal|p2a: Hawlucha|89\/100|[from] drain|[of] p1a: Celesteela\n|\n|-weather|RainDance|[upkeep]\n|-heal|p1a: Celesteela|47\/100|[from] item: Leftovers\n|upkeep\n|turn|7\n|c|\u2606BigChungusIsFunny!|>troopa\n|\n|t:|1667265849\n|move|p1a: Celesteela|Protect|p1a: Celesteela\n|-singleturn|p1a: Celesteela|Protect\n|move|p2a: Hawlucha|Drain Punch|p1a: Celesteela\n|-activate|p1a: Celesteela|move: Protect\n|\n|-weather|RainDance|[upkeep]\n|-heal|p1a: Celesteela|53\/100|[from] item: Leftovers\n|upkeep\n|turn|8\n|inactive|Darkman64 has 60 seconds left.\n|inactive|Darkman64 has 30 seconds left.\n|inactive|Darkman64 has 20 seconds left.\n|\n|t:|1667265923\n|move|p2a: Hawlucha|Drain Punch|p1a: Celesteela\n|-damage|p1a: Celesteela|0 fnt\n|-heal|p2a: Hawlucha|100\/100|[from] drain|[of] p1a: Celesteela\n|faint|p1a: Celesteela\n|\n|-weather|none\n|upkeep\n|inactive|Darkman64 has 25 seconds left this turn.\n|\n|t:|1667265927\n|switch|p1a: Rotom|Rotom-Wash|100\/100\n|turn|9\n|\n|t:|1667265933\n|move|p2a: Hawlucha|Drain Punch|p1a: Rotom\n|-damage|p1a: Rotom|46\/100\n|move|p1a: Rotom|Volt Switch|p2a: Hawlucha\n|-supereffective|p2a: Hawlucha\n|-damage|p2a: Hawlucha|19\/100\n|inactive|Darkman64 has 30 seconds left.\n|inactive|Darkman64 has 20 seconds left.\n|\n|t:|1667265955\n|switch|p1a: Volcarona|Volcarona, F|100\/100|[from]move: Volt Switch\n|\n|upkeep\n|turn|10\n|inactive|Darkman64 has 30 seconds left this turn.\n|\n|t:|1667265964\n|switch|p1a: Rotom|Rotom-Wash|46\/100\n|move|p2a: Hawlucha|Acrobatics|p1a: Rotom\n|-resisted|p1a: Rotom\n|-damage|p1a: Rotom|6\/100\n|-enditem|p1a: Rotom|Wiki Berry|[eat]\n|-heal|p1a: Rotom|56\/100|[from] item: Wiki Berry\n|\n|upkeep\n|turn|11\n|inactive|Darkman64 has 30 seconds left.\n|c|\u2606BigChungusIsFunny!|gg <3\n|inactive|Darkman64 has 20 seconds left.\n|inactive|Darkman64 has 15 seconds left.\n|j| ym icyucan\n|inactive|Darkman64 has 10 seconds left.\n|inactive|Darkman64 has 5 seconds left.\n|-message|Darkman64 lost due to inactivity.\n|\n|win|BigChungusIsFunny!\n|raw|Darkman64's rating: 1514 &rarr; <strong>1502<\/strong><br \/>(-12 for losing)\n|raw|BigChungusIsFunny!'s rating: 1670 &rarr; <strong>1682<\/strong><br \/>(+12 for winning)\n|c|\u2606Darkman64|gg\n|l|\u2606Darkman64\n|l| ym icyucan\n||Ladder isn't responding, score probably updated but might not have (Request timeout).\n","uploadtime":1667266007,"views":17,"p1id":"darkman64","p2id":"bigchungusisfunny","formatid":"gen7ou","rating":1502,"private":0,"password":null}