{"id":"gen7ou-773319795","p1":"The Tree Lover","p2":"SMxVale","format":"gen7ou","log":"|j|\u2606The Tree Lover\n|j|\u2606SMxVale\n|player|p1|The Tree Lover|190\n|player|p2|SMxVale|1\n|teamsize|p1|6\n|teamsize|p2|6\n|gametype|singles\n|gen|7\n|tier|[Gen 7] OU\n|rated|\n|rule|Sleep Clause Mod: Limit one foe put to sleep\n|rule|Species Clause: Limit one of each Pok\u00e9mon\n|rule|OHKO Clause: OHKO moves are banned\n|rule|Moody Clause: Moody is banned\n|rule|Evasion Moves Clause: Evasion moves are banned\n|rule|Endless Battle Clause: Forcing endless battles is banned\n|rule|HP Percentage Mod: HP is shown in percentages\n|clearpoke\n|poke|p1|Clefable, F|item\n|poke|p1|Greninja, M|item\n|poke|p1|Ferrothorn, M|item\n|poke|p1|Latias, F|item\n|poke|p1|Heatran, M|item\n|poke|p1|Landorus-Therian, M|item\n|poke|p2|Kyurem-Black|item\n|poke|p2|Tapu Koko|item\n|poke|p2|Landorus-Therian, M|item\n|poke|p2|Magearna|item\n|poke|p2|Hawlucha, M|item\n|poke|p2|Medicham, M|item\n|teampreview\n|j| Lucikun\n|\n|start\n|switch|p1a: Latias|Latias, F|100\/100\n|switch|p2a: Tapu Koko|Tapu Koko|100\/100\n|-fieldstart|move: Electric Terrain|[from] ability: Electric Surge|[of] p2a: Tapu Koko\n|turn|1\n|inactive|Battle timer is ON: inactive players will automatically lose when time's up. (requested by SMxVale)\n|inactive|SMxVale has 135 seconds left.\n|\n|detailschange|p1a: Latias|Latias-Mega, F\n|-mega|p1a: Latias|Latias|Latiasite\n|move|p2a: Tapu Koko|U-turn|p1a: Latias\n|-supereffective|p1a: Latias\n|-damage|p1a: Latias|74\/100\n|j| Neva Meta\n|inactive|SMxVale has 135 seconds left.\n|\n|switch|p2a: Magearna|Magearna|100\/100\n|move|p1a: Latias|Roost|p1a: Latias\n|-heal|p1a: Latias|100\/100\n|\n|upkeep\n|turn|2\n|l| Neva Meta\n|inactive|The Tree Lover has 135 seconds left.\n|inactive|SMxVale has 135 seconds left.\n|\n|move|p1a: Latias|Surf|p2a: Magearna\n|-damage|p2a: Magearna|90\/100\n|move|p2a: Magearna|Volt Switch|p1a: Latias\n|-resisted|p1a: Latias\n|-damage|p1a: Latias|90\/100\n|inactive|SMxVale has 135 seconds left.\n|\n|switch|p2a: Kyurem|Kyurem-Black, shiny|100\/100\n|-ability|p2a: Kyurem|Teravolt\n|\n|upkeep\n|turn|3\n|inactive|The Tree Lover has 135 seconds left.\n|\n|switch|p1a: Heatran|Heatran, M|100\/100\n|switch|p2a: Tapu Koko|Tapu Koko|100\/100\n|\n|upkeep\n|turn|4\n|\n|move|p2a: Tapu Koko|Volt Switch|p1a: Heatran\n|-crit|p1a: Heatran\n|-damage|p1a: Heatran|7\/100\n|inactive|SMxVale has 135 seconds left.\n|inactive|SMxVale has 120 seconds left.\n|j| Yung Mus\n|j|\u203dmoarcookees\n|inactive|SMxVale has 105 seconds left.\n|\n|switch|p2a: Medicham|Medicham, M|100\/100\n|-zpower|p1a: Heatran\n|move|p1a: Heatran|Inferno Overdrive|p2a: Medicham|[zeffect]\n|-damage|p2a: Medicham|0 fnt\n|faint|p2a: Medicham\n|\n|upkeep\n|inactive|SMxVale has 135 seconds left.\n|\n|switch|p2a: Kyurem|Kyurem-Black, shiny|100\/100\n|-ability|p2a: Kyurem|Teravolt\n|turn|5\n|j| scholar's sweep\n|inactive|SMxVale has 135 seconds left.\n|\n|switch|p1a: Ferrothorn|Ferrothorn, M|100\/100\n|move|p2a: Kyurem|Fusion Bolt|p1a: Ferrothorn\n|-resisted|p1a: Ferrothorn\n|-damage|p1a: Ferrothorn|74\/100\n|\n|-heal|p1a: Ferrothorn|80\/100|[from] item: Leftovers\n|-fieldend|move: Electric Terrain\n|upkeep\n|turn|6\n|j| unbananas\n|\n|switch|p1a: Heatran|Heatran, M|7\/100\n|-zpower|p2a: Kyurem\n|move|p2a: Kyurem|Subzero Slammer|p1a: Heatran|[zeffect]\n|-resisted|p1a: Heatran\n|-damage|p1a: Heatran|0 fnt\n|faint|p1a: Heatran\n|\n|upkeep\n|\n|switch|p1a: Greninja|Greninja, M|100\/100\n|turn|7\n|inactive|SMxVale has 135 seconds left.\n|j| Phrew\n|\n|switch|p2a: Magearna|Magearna|90\/100\n|move|p1a: Greninja|Low Kick|p2a: Magearna\n|-start|p1a: Greninja|typechange|Fighting|[from] Protean\n|-damage|p2a: Magearna|63\/100\n|\n|upkeep\n|turn|8\n|inactive|SMxVale has 135 seconds left.\n|\n|switch|p1a: Ferrothorn|Ferrothorn, M|80\/100\n|move|p2a: Magearna|Fleur Cannon|p1a: Ferrothorn\n|-resisted|p1a: Ferrothorn\n|-damage|p1a: Ferrothorn|64\/100\n|-unboost|p2a: Magearna|spa|2\n|\n|-heal|p1a: Ferrothorn|70\/100|[from] item: Leftovers\n|upkeep\n|turn|9\n|inactive|SMxVale has 135 seconds left.\n|\n|move|p2a: Magearna|Volt Switch|p1a: Ferrothorn\n|-resisted|p1a: Ferrothorn\n|-damage|p1a: Ferrothorn|67\/100\n|\n|switch|p2a: Hawlucha|Hawlucha, M|100\/100\n|move|p1a: Ferrothorn|Stealth Rock|p2a: Hawlucha\n|-sidestart|p2: SMxVale|move: Stealth Rock\n|\n|-heal|p1a: Ferrothorn|74\/100|[from] item: Leftovers\n|upkeep\n|turn|10\n|inactive|The Tree Lover has 135 seconds left.\n|inactive|SMxVale has 135 seconds left.\n|inactive|The Tree Lover has 120 seconds left.\n|inactive|SMxVale has 120 seconds left.\n|j| HamdoggyPS\n|\n|switch|p2a: Kyurem|Kyurem-Black, shiny|100\/100\n|-damage|p2a: Kyurem|76\/100|[from] Stealth Rock\n|-ability|p2a: Kyurem|Teravolt\n|switch|p1a: Clefable|Clefable, F|100\/100\n|\n|upkeep\n|turn|11\n|inactive|SMxVale has 120 seconds left.\n|inactive|SMxVale has 105 seconds left.\n|\n|switch|p2a: Magearna|Magearna|63\/100\n|-damage|p2a: Magearna|57\/100|[from] Stealth Rock\n|switch|p1a: Greninja|Greninja, M|100\/100\n|\n|upkeep\n|turn|12\n|inactive|SMxVale has 105 seconds left.\n|inactive|The Tree Lover has 135 seconds left.\n|\n|move|p1a: Greninja|Spikes|p2a: Magearna\n|-start|p1a: Greninja|typechange|Ground|[from] Protean\n|-sidestart|p2: SMxVale|Spikes\n|move|p2a: Magearna|Ice Beam|p1a: Greninja\n|-supereffective|p1a: Greninja\n|-damage|p1a: Greninja|25\/100\n|\n|upkeep\n|turn|13\n|inactive|SMxVale has 105 seconds left.\n|\n|switch|p1a: Ferrothorn|Ferrothorn, M|74\/100\n|move|p2a: Magearna|Flash Cannon|p1a: Ferrothorn\n|-resisted|p1a: Ferrothorn\n|-damage|p1a: Ferrothorn|63\/100\n|\n|-heal|p1a: Ferrothorn|69\/100|[from] item: Leftovers\n|upkeep\n|turn|14\n|\n|move|p2a: Magearna|Ice Beam|p1a: Ferrothorn\n|-damage|p1a: Ferrothorn|53\/100\n|move|p1a: Ferrothorn|Leech Seed|p2a: Magearna|[miss]\n|-miss|p1a: Ferrothorn|p2a: Magearna\n|\n|-heal|p1a: Ferrothorn|59\/100|[from] item: Leftovers\n|upkeep\n|turn|15\n|inactive|SMxVale has 120 seconds left.\n|\n|switch|p2a: Tapu Koko|Tapu Koko|100\/100\n|-damage|p2a: Tapu Koko|88\/100|[from] Spikes\n|-damage|p2a: Tapu Koko|76\/100|[from] Stealth Rock\n|-fieldstart|move: Electric Terrain|[from] ability: Electric Surge|[of] p2a: Tapu Koko\n|move|p1a: Ferrothorn|Leech Seed|p2a: Tapu Koko\n|-start|p2a: Tapu Koko|move: Leech Seed\n|\n|-heal|p1a: Ferrothorn|66\/100|[from] item: Leftovers\n|-damage|p2a: Tapu Koko|63\/100|[from] Leech Seed|[of] p1a: Ferrothorn\n|-heal|p1a: Ferrothorn|75\/100|[silent]\n|upkeep\n|turn|16\n|inactive|SMxVale has 120 seconds left.\n|\n|switch|p1a: Latias|Latias-Mega, F|90\/100\n|move|p2a: Tapu Koko|U-turn|p1a: Latias\n|-supereffective|p1a: Latias\n|-damage|p1a: Latias|62\/100\n|inactive|SMxVale has 120 seconds left.\n|inactive|SMxVale has 105 seconds left.\n|\n|switch|p2a: Kyurem|Kyurem-Black, shiny|76\/100\n|-damage|p2a: Kyurem|51\/100|[from] Stealth Rock\n|-damage|p2a: Kyurem|39\/100|[from] Spikes\n|-ability|p2a: Kyurem|Teravolt\n|\n|upkeep\n|turn|17\n|\n|switch|p1a: Landorus|Landorus-Therian, M|100\/100\n|-ability|p1a: Landorus|Intimidate|boost\n|-unboost|p2a: Kyurem|atk|1\n|move|p2a: Kyurem|Dragon Claw|p1a: Landorus\n|-damage|p1a: Landorus|65\/100\n|\n|upkeep\n|turn|18\n|\n|move|p1a: Landorus|U-turn|p2a: Kyurem\n|-damage|p2a: Kyurem|16\/100\n|\n|switch|p1a: Greninja|Greninja, M|25\/100\n|move|p2a: Kyurem|Dragon Claw|p1a: Greninja\n|-damage|p1a: Greninja|0 fnt\n|faint|p1a: Greninja\n|\n|upkeep\n|\n|switch|p1a: Latias|Latias-Mega, F|62\/100\n|turn|19\n|inactive|SMxVale has 120 seconds left.\n|\n|move|p1a: Latias|Ice Beam|p2a: Kyurem\n|-damage|p2a: Kyurem|0 fnt\n|faint|p2a: Kyurem\n|\n|-fieldend|move: Electric Terrain\n|upkeep\n|inactive|SMxVale has 120 seconds left.\n|\n|switch|p2a: Tapu Koko|Tapu Koko|63\/100\n|-damage|p2a: Tapu Koko|51\/100|[from] Stealth Rock\n|-damage|p2a: Tapu Koko|38\/100|[from] Spikes\n|-fieldstart|move: Electric Terrain|[from] ability: Electric Surge|[of] p2a: Tapu Koko\n|turn|20\n|inactive|SMxVale has 120 seconds left.\n|\n|move|p2a: Tapu Koko|Volt Switch|p1a: Latias\n|-resisted|p1a: Latias\n|-crit|p1a: Latias\n|-damage|p1a: Latias|27\/100\n|inactive|SMxVale has 120 seconds left.\n|\n|switch|p2a: Magearna|Magearna|57\/100\n|-damage|p2a: Magearna|50\/100|[from] Stealth Rock\n|-damage|p2a: Magearna|38\/100|[from] Spikes\n|move|p1a: Latias|Roost|p1a: Latias\n|-heal|p1a: Latias|78\/100\n|\n|upkeep\n|turn|21\n|inactive|SMxVale has 120 seconds left.\n|\n|move|p1a: Latias|Roost|p1a: Latias\n|-heal|p1a: Latias|100\/100\n|move|p2a: Magearna|Ice Beam|p1a: Latias\n|-supereffective|p1a: Latias\n|-damage|p1a: Latias|64\/100\n|\n|upkeep\n|turn|22\n|inactive|SMxVale has 120 seconds left.\n|\n|switch|p1a: Ferrothorn|Ferrothorn, M|75\/100\n|move|p2a: Magearna|Fleur Cannon|p1a: Ferrothorn\n|-resisted|p1a: Ferrothorn\n|-damage|p1a: Ferrothorn|59\/100\n|-unboost|p2a: Magearna|spa|2\n|\n|-heal|p1a: Ferrothorn|65\/100|[from] item: Leftovers\n|upkeep\n|turn|23\n|inactive|SMxVale has 120 seconds left.\n|l|moarcookees\n|inactive|SMxVale has 105 seconds left.\n|\n|switch|p2a: Landorus|Landorus-Therian, M|100\/100\n|-damage|p2a: Landorus|88\/100|[from] Stealth Rock\n|-ability|p2a: Landorus|Intimidate|boost\n|-unboost|p1a: Ferrothorn|atk|1\n|move|p1a: Ferrothorn|Leech Seed|p2a: Landorus\n|-start|p2a: Landorus|move: Leech Seed\n|\n|-heal|p1a: Ferrothorn|72\/100|[from] item: Leftovers\n|-damage|p2a: Landorus|76\/100|[from] Leech Seed|[of] p1a: Ferrothorn\n|-heal|p1a: Ferrothorn|85\/100|[silent]\n|upkeep\n|turn|24\n|\n|move|p2a: Landorus|Stealth Rock|p1a: Ferrothorn\n|-sidestart|p1: The Tree Lover|move: Stealth Rock\n|move|p1a: Ferrothorn|Stealth Rock|p2a: Landorus\n|-fail|p1a: Ferrothorn\n|\n|-heal|p1a: Ferrothorn|91\/100|[from] item: Leftovers\n|-damage|p2a: Landorus|63\/100|[from] Leech Seed|[of] p1a: Ferrothorn\n|-heal|p1a: Ferrothorn|100\/100|[silent]\n|-fieldend|move: Electric Terrain\n|upkeep\n|turn|25\n|inactive|SMxVale has 105 seconds left.\n|\n|switch|p1a: Latias|Latias-Mega, F|64\/100\n|-damage|p1a: Latias|51\/100|[from] Stealth Rock\n|move|p2a: Landorus|U-turn|p1a: Latias\n|-supereffective|p1a: Latias\n|-damage|p1a: Latias|17\/100\n|inactive|SMxVale has 105 seconds left.\n|\n|switch|p2a: Tapu Koko|Tapu Koko|38\/100\n|-damage|p2a: Tapu Koko|26\/100|[from] Spikes\n|-damage|p2a: Tapu Koko|13\/100|[from] Stealth Rock\n|-fieldstart|move: Electric Terrain|[from] ability: Electric Surge|[of] p2a: Tapu Koko\n|\n|upkeep\n|turn|26\n|inactive|The Tree Lover has 135 seconds left.\n|\n|switch|p1a: Ferrothorn|Ferrothorn, M|100\/100\n|-damage|p1a: Ferrothorn|94\/100|[from] Stealth Rock\n|move|p2a: Tapu Koko|U-turn|p1a: Ferrothorn\n|-damage|p1a: Ferrothorn|81\/100\n|-damage|p2a: Tapu Koko|1\/100|[from] ability: Iron Barbs|[of] p1a: Ferrothorn\n|\n|switch|p2a: Hawlucha|Hawlucha, M|100\/100\n|-enditem|p2a: Hawlucha|Electric Seed\n|-boost|p2a: Hawlucha|def|1\n|-damage|p2a: Hawlucha|88\/100|[from] Stealth Rock\n|\n|-heal|p1a: Ferrothorn|87\/100|[from] item: Leftovers\n|upkeep\n|turn|27\n|\n|switch|p1a: Clefable|Clefable, F|100\/100\n|move|p2a: Hawlucha|Swords Dance|p2a: Hawlucha\n|-boost|p2a: Hawlucha|atk|2\n|\n|upkeep\n|turn|28\n|\n|move|p2a: Hawlucha|Poison Jab|p1a: Clefable\n|-supereffective|p1a: Clefable\n|-damage|p1a: Clefable|23\/100\n|move|p1a: Clefable|Moonblast|p2a: Hawlucha\n|-supereffective|p2a: Hawlucha\n|-damage|p2a: Hawlucha|0 fnt\n|faint|p2a: Hawlucha\n|\n|-heal|p1a: Clefable|29\/100|[from] item: Leftovers\n|upkeep\n|inactive|SMxVale has 135 seconds left.\n|\n|switch|p2a: Magearna|Magearna|38\/100\n|-damage|p2a: Magearna|26\/100|[from] Spikes\n|-damage|p2a: Magearna|20\/100|[from] Stealth Rock\n|turn|29\n|j| ogmudbone420\n|-message|SMxVale forfeited.\n|\n|win|The Tree Lover\n|l|\u2606SMxVale\n|raw|The Tree Lover's rating: 1866 &rarr; <strong>1879<\/strong><br \/>(+13 for winning)\n|raw|SMxVale's rating: 1738 &rarr; <strong>1725<\/strong><br \/>(-13 for losing)\n|l| Lucikun\n|l|\u2606The Tree Lover\n|l| Yung Mus\n","inputlog":null,"uploadtime":1531116007,"views":16,"p1id":"thetreelover","p2id":"smxvale","formatid":"gen7ou","rating":1725,"private":0,"password":null}