{"id":"gen7ou-1677122464","p1":"Lucians Call","p2":"Misterioussaint","format":"gen7ou","log":"|j|\u2606Lucians Call\n|j|\u2606Misterioussaint\n|t:|1664855713\n|gametype|singles\n|player|p1|Lucians Call|furisodegirl-blue|\n|player|p2|Misterioussaint|furisodegirl-black|\n|teamsize|p1|6\n|teamsize|p2|6\n|gen|7\n|tier|[Gen 7] OU\n|rule|Sleep Clause Mod: Limit one foe put to sleep\n|rule|Species Clause: Limit one of each Pok\u00e9mon\n|rule|OHKO Clause: OHKO moves are banned\n|rule|Moody Clause: Moody is banned\n|rule|Evasion Items Clause: Evasion items are banned\n|rule|Evasion Moves Clause: Evasion moves are banned\n|rule|Endless Battle Clause: Forcing endless battles is banned\n|rule|HP Percentage Mod: HP is shown in percentages\n|clearpoke\n|poke|p1|Buzzwole|item\n|poke|p1|Greninja, M|item\n|poke|p1|Excadrill, F|item\n|poke|p1|Latias, F|item\n|poke|p1|Tapu Bulu|item\n|poke|p1|Rotom-Wash|item\n|poke|p2|Aggron, M|item\n|poke|p2|Tapu Koko|item\n|poke|p2|Tapu Fini|item\n|poke|p2|Tapu Bulu|item\n|poke|p2|Tapu Lele|item\n|poke|p2|Landorus-Therian, M|item\n|teampreview\n|inactive|Battle timer is ON: inactive players will automatically lose when time's up. (requested by Lucians Call)\n|inactive|Misterioussaint has 270 seconds left.\n|\n|t:|1664855781\n|start\n|switch|p1a: Excadrill|Excadrill, F|100\/100\n|switch|p2a: Tapu Koko|Tapu Koko|100\/100\n|-fieldstart|move: Electric Terrain|[from] ability: Electric Surge|[of] p2a: Tapu Koko\n|-ability|p1a: Excadrill|Mold Breaker\n|turn|1\n|\n|t:|1664855789\n|switch|p2a: Landorus|Landorus-Therian, M|100\/100\n|-ability|p2a: Landorus|Intimidate|boost\n|-unboost|p1a: Excadrill|atk|1\n|move|p1a: Excadrill|Stealth Rock|p2a: Landorus\n|-sidestart|p2: Misterioussaint|move: Stealth Rock\n|\n|upkeep\n|turn|2\n|\n|t:|1664855795\n|switch|p1a: Buzzwole|Buzzwole|100\/100\n|move|p2a: Landorus|U-turn|p1a: Buzzwole\n|-resisted|p1a: Buzzwole\n|-damage|p1a: Buzzwole|91\/100\n|\n|t:|1664855801\n|switch|p2a: Tapu Lele|Tapu Lele|100\/100|[from]move: U-turn\n|-damage|p2a: Tapu Lele|88\/100|[from] Stealth Rock\n|-fieldstart|move: Psychic Terrain|[from] ability: Psychic Surge|[of] p2a: Tapu Lele\n|\n|upkeep\n|turn|3\n|\n|t:|1664855808\n|switch|p1a: Excadrill|Excadrill, F|100\/100\n|-ability|p1a: Excadrill|Mold Breaker\n|move|p2a: Tapu Lele|Focus Blast|p1a: Excadrill\n|-supereffective|p1a: Excadrill\n|-damage|p1a: Excadrill|0 fnt\n|faint|p1a: Excadrill\n|\n|upkeep\n|\n|t:|1664855819\n|switch|p1a: Buzzwole|Buzzwole|91\/100\n|turn|4\n|\n|t:|1664855828\n|move|p2a: Tapu Lele|Moonblast|p1a: Buzzwole\n|-supereffective|p1a: Buzzwole\n|-damage|p1a: Buzzwole|0 fnt\n|faint|p1a: Buzzwole\n|\n|upkeep\n|\n|t:|1664855835\n|switch|p1a: Tapu Bulu|Tapu Bulu|100\/100\n|-fieldstart|move: Grassy Terrain|[from] ability: Grassy Surge|[of] p1a: Tapu Bulu\n|turn|5\n|\n|t:|1664855842\n|switch|p2a: Aggron|Aggron, M|100\/100\n|-damage|p2a: Aggron|94\/100|[from] Stealth Rock\n|move|p1a: Tapu Bulu|Superpower|p2a: Aggron\n|-supereffective|p2a: Aggron\n|-damage|p2a: Aggron|12\/100\n|-unboost|p1a: Tapu Bulu|atk|1\n|-unboost|p1a: Tapu Bulu|def|1\n|\n|-heal|p2a: Aggron|18\/100|[from] Grassy Terrain\n|upkeep\n|turn|6\n|\n|t:|1664855848\n|detailschange|p2a: Aggron|Aggron-Mega, M\n|-mega|p2a: Aggron|Aggron|Aggronite\n|move|p1a: Tapu Bulu|Superpower|p2a: Aggron\n|-supereffective|p2a: Aggron\n|-damage|p2a: Aggron|1\/100\n|-unboost|p1a: Tapu Bulu|atk|1\n|-unboost|p1a: Tapu Bulu|def|1\n|move|p2a: Aggron|Heavy Slam|p1a: Tapu Bulu\n|-supereffective|p1a: Tapu Bulu\n|-damage|p1a: Tapu Bulu|0 fnt\n|faint|p1a: Tapu Bulu\n|\n|-heal|p2a: Aggron|7\/100|[from] Grassy Terrain\n|upkeep\n|-message|Lucians Call forfeited.\n|\n|win|Misterioussaint\n|l|\u2606Lucians Call\n","uploadtime":1664855859,"views":39,"p1id":"lucianscall","p2id":"misterioussaint","formatid":"gen7ou","rating":0,"private":0,"password":null}