{"id":"gen7ou-1519465149","p1":"Thedebatablereaper","p2":"registorm","format":"gen7ou","log":"|j|\u2606Thedebatablereaper\n|j|\u2606registorm\n|t:|1645914116\n|gametype|singles\n|player|p1|Thedebatablereaper|170|1558\n|player|p2|registorm|lucas|1491\n|teamsize|p1|6\n|teamsize|p2|6\n|gen|7\n|tier|[Gen 7] OU\n|rated|\n|rule|Sleep Clause Mod: Limit one foe put to sleep\n|rule|Species Clause: Limit one of each Pok\u00e9mon\n|rule|OHKO Clause: OHKO moves are banned\n|rule|Moody Clause: Moody is banned\n|rule|Evasion Moves Clause: Evasion moves are banned\n|rule|Endless Battle Clause: Forcing endless battles is banned\n|rule|HP Percentage Mod: HP is shown in percentages\n|clearpoke\n|poke|p1|Garchomp, M|item\n|poke|p1|Mawile, M|item\n|poke|p1|Tapu Lele|item\n|poke|p1|Heatran, M|item\n|poke|p1|Rotom-Wash|item\n|poke|p1|Serperior, F|item\n|poke|p2|Scizor, F|item\n|poke|p2|Kommo-o, F|item\n|poke|p2|Heatran, M|item\n|poke|p2|Tapu Bulu|item\n|poke|p2|Kyurem-Black|item\n|poke|p2|Landorus-Therian, M|item\n|teampreview\n|\n|t:|1645914129\n|start\n|switch|p1a: Rotom|Rotom-Wash|100\/100\n|switch|p2a: Tapu Bulu|Tapu Bulu|100\/100\n|-fieldstart|move: Grassy Terrain|[from] ability: Grassy Surge|[of] p2a: Tapu Bulu\n|turn|1\n|inactive|Battle timer is ON: inactive players will automatically lose when time's up. (requested by registorm)\n|\n|t:|1645914137\n|-singleturn|p2a: Tapu Bulu|move: Focus Punch\n|switch|p1a: Serperior|Serperior, F|100\/100\n|move|p2a: Tapu Bulu|Focus Punch|p1a: Serperior\n|-damage|p1a: Serperior|0 fnt\n|faint|p1a: Serperior\n|\n|upkeep\n|\n|t:|1645914149\n|switch|p1a: Mawile|Mawile, M|100\/100\n|-ability|p1a: Mawile|Intimidate|boost\n|-unboost|p2a: Tapu Bulu|atk|1\n|turn|2\n|j| kuifu\n|\n|t:|1645914163\n|switch|p2a: Heatran|Heatran, M|100\/100\n|-item|p2a: Heatran|Air Balloon\n|switch|p1a: Rotom|Rotom-Wash|100\/100\n|\n|upkeep\n|turn|3\n|\n|t:|1645914172\n|switch|p2a: Kommo-o|Kommo-o, F|100\/100\n|move|p1a: Rotom|Hydro Pump|p2a: Kommo-o\n|-resisted|p2a: Kommo-o\n|-damage|p2a: Kommo-o|87\/100\n|\n|-heal|p2a: Kommo-o|93\/100|[from] Grassy Terrain\n|-heal|p2a: Kommo-o|99\/100|[from] item: Leftovers\n|upkeep\n|turn|4\n|\n|t:|1645914180\n|move|p2a: Kommo-o|Stealth Rock|p1a: Rotom\n|-sidestart|p1: Thedebatablereaper|move: Stealth Rock\n|move|p1a: Rotom|Will-O-Wisp|p2a: Kommo-o\n|-status|p2a: Kommo-o|brn\n|\n|-heal|p2a: Kommo-o|100\/100 brn|[from] Grassy Terrain\n|-damage|p2a: Kommo-o|94\/100 brn|[from] brn\n|upkeep\n|turn|5\n|\n|t:|1645914188\n|move|p2a: Kommo-o|Toxic|p1a: Rotom\n|-status|p1a: Rotom|tox\n|move|p1a: Rotom|Defog|p2a: Kommo-o\n|-unboost|p2a: Kommo-o|evasion|1\n|-sideend|p1: Thedebatablereaper|Stealth Rock|[from] move: Defog|[of] p1a: Rotom\n|\n|-heal|p2a: Kommo-o|100\/100 brn|[from] Grassy Terrain\n|-damage|p1a: Rotom|95\/100 tox|[from] psn\n|-damage|p2a: Kommo-o|94\/100 brn|[from] brn\n|-fieldend|move: Grassy Terrain\n|upkeep\n|turn|6\n|\n|t:|1645914197\n|move|p2a: Kommo-o|Stealth Rock|p1a: Rotom\n|-sidestart|p1: Thedebatablereaper|move: Stealth Rock\n|move|p1a: Rotom|Volt Switch|p2a: Kommo-o\n|-resisted|p2a: Kommo-o\n|-damage|p2a: Kommo-o|86\/100 brn\n|\n|t:|1645914203\n|switch|p1a: Mawile|Mawile, M|100\/100|[from]move: Volt Switch\n|-damage|p1a: Mawile|94\/100|[from] Stealth Rock\n|-ability|p1a: Mawile|Intimidate|boost\n|-unboost|p2a: Kommo-o|atk|1\n|\n|-heal|p2a: Kommo-o|92\/100 brn|[from] item: Leftovers\n|-damage|p2a: Kommo-o|86\/100 brn|[from] brn\n|upkeep\n|turn|7\n|\n|t:|1645914213\n|switch|p2a: Landorus|Landorus-Therian, M|100\/100\n|-ability|p2a: Landorus|Intimidate|boost\n|-unboost|p1a: Mawile|atk|1\n|detailschange|p1a: Mawile|Mawile-Mega, M\n|-mega|p1a: Mawile|Mawile|Mawilite\n|move|p1a: Mawile|Thunder Punch|p2a: Landorus\n|-immune|p2a: Landorus\n|\n|upkeep\n|turn|8\n|\n|t:|1645914220\n|switch|p1a: Rotom|Rotom-Wash|95\/100 tox\n|-damage|p1a: Rotom|82\/100 tox|[from] Stealth Rock\n|move|p2a: Landorus|Substitute|p2a: Landorus\n|-start|p2a: Landorus|Substitute\n|-damage|p2a: Landorus|76\/100\n|\n|-damage|p1a: Rotom|76\/100 tox|[from] psn\n|upkeep\n|turn|9\n|\n|t:|1645914228\n|move|p2a: Landorus|Swords Dance|p2a: Landorus\n|-boost|p2a: Landorus|atk|2\n|move|p1a: Rotom|Hydro Pump|p2a: Landorus\n|-supereffective|p2a: Landorus\n|-end|p2a: Landorus|Substitute\n|\n|-damage|p1a: Rotom|65\/100 tox|[from] psn\n|upkeep\n|turn|10\n|\n|t:|1645914238\n|move|p2a: Landorus|Fly||[still]\n|-prepare|p2a: Landorus|Fly\n|move|p1a: Rotom|Defog|p2a: Landorus|[miss]\n|-miss|p1a: Rotom|p2a: Landorus\n|\n|-damage|p1a: Rotom|47\/100 tox|[from] psn\n|upkeep\n|turn|11\n|\n|t:|1645914244\n|move|p2a: Landorus|Fly|p1a: Rotom|[from]lockedmove\n|-resisted|p1a: Rotom\n|-damage|p1a: Rotom|5\/100 tox\n|-enditem|p1a: Rotom|Iapapa Berry|[eat]\n|-heal|p1a: Rotom|55\/100 tox|[from] item: Iapapa Berry\n|move|p1a: Rotom|Hydro Pump|p2a: Landorus\n|-supereffective|p2a: Landorus\n|-damage|p2a: Landorus|0 fnt\n|faint|p2a: Landorus\n|\n|-damage|p1a: Rotom|32\/100 tox|[from] psn\n|upkeep\n|\n|t:|1645914259\n|switch|p2a: Kyurem|Kyurem-Black|100\/100\n|-ability|p2a: Kyurem|Teravolt\n|turn|12\n|\n|t:|1645914264\n|move|p2a: Kyurem|Fusion Bolt|p1a: Rotom\n|-damage|p1a: Rotom|0 fnt\n|faint|p1a: Rotom\n|-damage|p2a: Kyurem|91\/100|[from] item: Life Orb\n|\n|upkeep\n|\n|t:|1645914271\n|switch|p1a: Garchomp|Garchomp, M|100\/100\n|-damage|p1a: Garchomp|94\/100|[from] Stealth Rock\n|turn|13\n|\n|t:|1645914278\n|switch|p2a: Tapu Bulu|Tapu Bulu|100\/100\n|-fieldstart|move: Grassy Terrain|[from] ability: Grassy Surge|[of] p2a: Tapu Bulu\n|-zpower|p1a: Garchomp\n|move|p1a: Garchomp|Devastating Drake|p2a: Tapu Bulu|[zeffect]\n|-immune|p2a: Tapu Bulu\n|\n|-heal|p1a: Garchomp|100\/100|[from] Grassy Terrain\n|upkeep\n|turn|14\n|\n|t:|1645914293\n|move|p1a: Garchomp|Stealth Rock|p2a: Tapu Bulu\n|-sidestart|p2: registorm|move: Stealth Rock\n|move|p2a: Tapu Bulu|Wood Hammer|p1a: Garchomp\n|-damage|p1a: Garchomp|0 fnt\n|-damage|p2a: Tapu Bulu|88\/100|[from] ability: Rough Skin|[of] p1a: Garchomp\n|faint|p1a: Garchomp\n|-damage|p2a: Tapu Bulu|46\/100|[from] Recoil\n|\n|-heal|p2a: Tapu Bulu|52\/100|[from] Grassy Terrain\n|upkeep\n|\n|t:|1645914305\n|switch|p1a: Mawile|Mawile-Mega, M|94\/100\n|-damage|p1a: Mawile|88\/100|[from] Stealth Rock\n|turn|15\n|\n|t:|1645914309\n|move|p2a: Tapu Bulu|Wood Hammer|p1a: Mawile\n|-resisted|p1a: Mawile\n|-damage|p1a: Mawile|1\/100\n|-damage|p2a: Tapu Bulu|25\/100|[from] Recoil\n|move|p1a: Mawile|Play Rough|p2a: Tapu Bulu\n|-damage|p2a: Tapu Bulu|0 fnt\n|faint|p2a: Tapu Bulu\n|\n|-heal|p1a: Mawile|7\/100|[from] Grassy Terrain\n|upkeep\n|\n|t:|1645914320\n|switch|p2a: Heatran|Heatran, M|100\/100\n|-damage|p2a: Heatran|88\/100|[from] Stealth Rock\n|-item|p2a: Heatran|Air Balloon\n|turn|16\n|\n|t:|1645914328\n|move|p1a: Mawile|Sucker Punch|p2a: Heatran\n|-damage|p2a: Heatran|39\/100\n|-enditem|p2a: Heatran|Air Balloon\n|move|p2a: Heatran|Earth Power|p1a: Mawile\n|-supereffective|p1a: Mawile\n|-damage|p1a: Mawile|0 fnt\n|faint|p1a: Mawile\n|\n|-heal|p2a: Heatran|45\/100|[from] Grassy Terrain\n|upkeep\n|\n|t:|1645914337\n|switch|p1a: Heatran|Heatran, M|100\/100\n|-damage|p1a: Heatran|88\/100|[from] Stealth Rock\n|turn|17\n|\n|t:|1645914346\n|move|p2a: Heatran|Earth Power|p1a: Heatran\n|-supereffective|p1a: Heatran\n|-damage|p1a: Heatran|12\/100\n|-unboost|p1a: Heatran|spd|1\n|move|p1a: Heatran|Earth Power|p2a: Heatran\n|-supereffective|p2a: Heatran\n|-damage|p2a: Heatran|0 fnt\n|faint|p2a: Heatran\n|\n|-heal|p1a: Heatran|19\/100|[from] Grassy Terrain\n|-heal|p1a: Heatran|25\/100|[from] item: Leftovers\n|-fieldend|move: Grassy Terrain\n|upkeep\n|\n|t:|1645914353\n|switch|p2a: Kyurem|Kyurem-Black|91\/100\n|-damage|p2a: Kyurem|66\/100|[from] Stealth Rock\n|-ability|p2a: Kyurem|Teravolt\n|turn|18\n|\n|t:|1645914361\n|switch|p1a: Tapu Lele|Tapu Lele|100\/100\n|-damage|p1a: Tapu Lele|88\/100|[from] Stealth Rock\n|-fieldstart|move: Psychic Terrain|[from] ability: Psychic Surge|[of] p1a: Tapu Lele\n|move|p2a: Kyurem|Fusion Bolt|p1a: Tapu Lele\n|-damage|p1a: Tapu Lele|10\/100\n|-damage|p2a: Kyurem|56\/100|[from] item: Life Orb\n|\n|upkeep\n|turn|19\n|\n|t:|1645914378\n|switch|p2a: Scizor|Scizor, F|100\/100\n|-damage|p2a: Scizor|88\/100|[from] Stealth Rock\n|move|p1a: Tapu Lele|Moonblast|p2a: Scizor\n|-resisted|p2a: Scizor\n|-damage|p2a: Scizor|67\/100\n|\n|upkeep\n|turn|20\n|\n|t:|1645914386\n|detailschange|p2a: Scizor|Scizor-Mega, F\n|-mega|p2a: Scizor|Scizor|Scizorite\n|move|p1a: Tapu Lele|Moonblast|p2a: Scizor\n|-resisted|p2a: Scizor\n|-damage|p2a: Scizor|50\/100\n|move|p2a: Scizor|U-turn|p1a: Tapu Lele\n|-damage|p1a: Tapu Lele|0 fnt\n|faint|p1a: Tapu Lele\n|\n|t:|1645914393\n|switch|p2a: Kyurem|Kyurem-Black|56\/100|[from]move: U-turn\n|-damage|p2a: Kyurem|31\/100|[from] Stealth Rock\n|-ability|p2a: Kyurem|Teravolt\n|\n|upkeep\n|-message|Thedebatablereaper forfeited.\n|\n|win|registorm\n|raw|Thedebatablereaper's rating: 1558 &rarr; <strong>1534<\/strong><br \/>(-24 for losing)\n|raw|registorm's rating: 1491 &rarr; <strong>1515<\/strong><br \/>(+24 for winning)\n|l|\u2606Thedebatablereaper\n|l| kuifu\n","uploadtime":1645914410,"views":18,"p1id":"thedebatablereaper","p2id":"registorm","formatid":"gen7ou","rating":1515,"private":0,"password":null}