{"id":"gen7ou-968710436","p1":"orangesss","p2":"LT61RQ Dakster","format":"gen7ou","log":"|j|\u2606orangesss\n|j|\u2606LT61RQ Dakster\n|player|p1|orangesss|164|1721\n|player|p2|LT61RQ Dakster|265|1720\n|teamsize|p1|6\n|teamsize|p2|6\n|gametype|singles\n|gen|7\n|tier|[Gen 7] OU\n|rated|\n|rule|Sleep Clause Mod: Limit one foe put to sleep\n|rule|Species Clause: Limit one of each Pok\u00e9mon\n|rule|OHKO Clause: OHKO moves are banned\n|rule|Moody Clause: Moody is banned\n|rule|Evasion Moves Clause: Evasion moves are banned\n|rule|Endless Battle Clause: Forcing endless battles is banned\n|rule|HP Percentage Mod: HP is shown in percentages\n|clearpoke\n|poke|p1|Hawlucha, F|item\n|poke|p1|Ferrothorn, F|item\n|poke|p1|Pelipper, M|item\n|poke|p1|Tapu Koko|item\n|poke|p1|Swampert, F|item\n|poke|p1|Kartana|item\n|poke|p2|Magearna|item\n|poke|p2|Alakazam, F|item\n|poke|p2|Greninja, M|item\n|poke|p2|Landorus-Therian, M|item\n|poke|p2|Garchomp, F|item\n|poke|p2|Kartana|item\n|teampreview\n|j| Zebulee\n|inactive|Battle timer is ON: inactive players will automatically lose when time's up. (requested by orangesss)\n|\n|start\n|switch|p1a: Speed OD|Tapu Koko|100\/100\n|switch|p2a: Magearna|Magearna|100\/100\n|-fieldstart|move: Electric Terrain|[from] ability: Electric Surge|[of] p1a: Speed OD\n|turn|1\n|j| steven 2222\n|\n|move|p1a: Speed OD|Volt Switch|p2a: Magearna\n|-damage|p2a: Magearna|80\/100\n|\n|switch|p1a: Hate rain :(|Ferrothorn, F|100\/100|[from]move: Volt Switch\n|move|p2a: Magearna|Hidden Power|p1a: Hate rain :(\n|-supereffective|p1a: Hate rain :(\n|-damage|p1a: Hate rain :(|40\/100\n|\n|-heal|p1a: Hate rain :(|47\/100|[from] item: Leftovers\n|upkeep\n|turn|2\n|\n|move|p2a: Magearna|Hidden Power|p1a: Hate rain :(\n|-supereffective|p1a: Hate rain :(\n|-damage|p1a: Hate rain :(|0 fnt\n|faint|p1a: Hate rain :(\n|-ability|p2a: Magearna|Soul-Heart|boost\n|-boost|p2a: Magearna|spa|1\n|\n|upkeep\n|\n|switch|p1a: Swamp Thing|Swampert, F|100\/100\n|turn|3\n|\n|switch|p2a: Landorus|Landorus-Therian, M|100\/100\n|-ability|p2a: Landorus|Intimidate|boost\n|-unboost|p1a: Swamp Thing|atk|1\n|detailschange|p1a: Swamp Thing|Swampert-Mega, F\n|-mega|p1a: Swamp Thing|Swampert|Swampertite\n|move|p1a: Swamp Thing|Earthquake|p2a: Landorus\n|-immune|p2a: Landorus\n|\n|upkeep\n|turn|4\n|\n|switch|p1a: Nappy is trash|Pelipper, M|100\/100\n|-weather|RainDance|[from] ability: Drizzle|[of] p1a: Nappy is trash\n|move|p2a: Landorus|U-turn|p1a: Nappy is trash\n|-resisted|p1a: Nappy is trash\n|-damage|p1a: Nappy is trash|90\/100\n|\n|switch|p2a: Greninja|Greninja, M|100\/100|[from]move: U-turn\n|\n|-weather|RainDance|[upkeep]\n|upkeep\n|turn|5\n|\n|move|p2a: Greninja|Hydro Pump|p1a: Nappy is trash\n|-resisted|p1a: Nappy is trash\n|-damage|p1a: Nappy is trash|29\/100\n|move|p1a: Nappy is trash|U-turn|p2a: Greninja\n|-supereffective|p2a: Greninja\n|-damage|p2a: Greninja|72\/100\n|\n|switch|p1a: Swamp Thing|Swampert-Mega, F|100\/100|[from]move: U-turn\n|\n|-weather|RainDance|[upkeep]\n|-fieldend|move: Electric Terrain\n|upkeep\n|turn|6\n|\n|switch|p2a: Landorus|Landorus-Therian, M|100\/100\n|-ability|p2a: Landorus|Intimidate|boost\n|-unboost|p1a: Swamp Thing|atk|1\n|move|p1a: Swamp Thing|Power-Up Punch|p2a: Landorus\n|-resisted|p2a: Landorus\n|-damage|p2a: Landorus|95\/100\n|-damage|p1a: Swamp Thing|84\/100|[from] item: Rocky Helmet|[of] p2a: Landorus\n|-boost|p1a: Swamp Thing|atk|1\n|\n|-weather|RainDance|[upkeep]\n|upkeep\n|turn|7\n|\n|move|p1a: Swamp Thing|Waterfall|p2a: Landorus\n|-supereffective|p2a: Landorus\n|-damage|p2a: Landorus|0 fnt\n|-damage|p1a: Swamp Thing|68\/100|[from] item: Rocky Helmet|[of] p2a: Landorus\n|faint|p2a: Landorus\n|\n|-weather|RainDance|[upkeep]\n|upkeep\n|\n|switch|p2a: Kartana|Kartana|100\/100\n|turn|8\n|\n|switch|p1a: Wolverine|Kartana|100\/100\n|move|p2a: Kartana|Swords Dance|p2a: Kartana\n|-boost|p2a: Kartana|atk|2\n|\n|-weather|RainDance|[upkeep]\n|upkeep\n|turn|9\n|\n|move|p1a: Wolverine|Sacred Sword|p2a: Kartana\n|-supereffective|p2a: Kartana\n|-damage|p2a: Kartana|29\/100\n|-zpower|p2a: Kartana\n|move|p2a: Kartana|All-Out Pummeling|p1a: Wolverine|[zeffect]\n|-supereffective|p1a: Wolverine\n|-crit|p1a: Wolverine\n|-damage|p1a: Wolverine|0 fnt\n|faint|p1a: Wolverine\n|-ability|p2a: Kartana|Beast Boost|boost\n|-boost|p2a: Kartana|spe|1\n|\n|-weather|RainDance|[upkeep]\n|upkeep\n|\n|switch|p1a: Speed OD|Tapu Koko|100\/100\n|-fieldstart|move: Electric Terrain|[from] ability: Electric Surge|[of] p1a: Speed OD\n|turn|10\n|\n|move|p2a: Kartana|Smart Strike|p1a: Speed OD\n|-damage|p1a: Speed OD|8\/100\n|move|p1a: Speed OD|Dazzling Gleam|p2a: Kartana\n|-resisted|p2a: Kartana\n|-damage|p2a: Kartana|0 fnt\n|faint|p2a: Kartana\n|\n|-weather|RainDance|[upkeep]\n|upkeep\n|\n|switch|p2a: Greninja|Greninja, M|72\/100\n|turn|11\n|\n|move|p2a: Greninja|Water Shuriken|p1a: Speed OD\n|-damage|p1a: Speed OD|0 fnt\n|-hitcount|p1a: Speed OD|1\n|faint|p1a: Speed OD\n|-activate|p2a: Greninja|ability: Battle Bond\n|detailschange|p2a: Greninja|Greninja-Ash, M\n|\n|-weather|none\n|upkeep\n|\n|switch|p1a: Copypaste|Hawlucha, F|100\/100\n|-enditem|p1a: Copypaste|Electric Seed\n|-boost|p1a: Copypaste|def|1\n|turn|12\n|\n|move|p2a: Greninja|Water Shuriken|p1a: Copypaste\n|-damage|p1a: Copypaste|76\/100\n|-damage|p1a: Copypaste|48\/100\n|-damage|p1a: Copypaste|25\/100\n|-hitcount|p1a: Copypaste|3\n|move|p1a: Copypaste|Acrobatics|p2a: Greninja\n|-damage|p2a: Greninja|0 fnt\n|faint|p2a: Greninja\n|\n|upkeep\n|\n|switch|p2a: Garchomp|Garchomp, F|100\/100\n|turn|13\n|\n|move|p1a: Copypaste|Roost|p1a: Copypaste\n|-heal|p1a: Copypaste|75\/100\n|-singleturn|p1a: Copypaste|move: Roost\n|move|p2a: Garchomp|Dragon Claw|p1a: Copypaste\n|-damage|p1a: Copypaste|25\/100\n|-damage|p2a: Garchomp|91\/100|[from] item: Life Orb\n|\n|upkeep\n|turn|14\n|\n|move|p1a: Copypaste|Roost|p1a: Copypaste\n|-heal|p1a: Copypaste|75\/100\n|-singleturn|p1a: Copypaste|move: Roost\n|move|p2a: Garchomp|Earthquake|p1a: Copypaste\n|-damage|p1a: Copypaste|12\/100\n|-damage|p2a: Garchomp|81\/100|[from] item: Life Orb\n|\n|-fieldend|move: Electric Terrain\n|upkeep\n|turn|15\n|\n|move|p1a: Copypaste|Swords Dance|p1a: Copypaste\n|-boost|p1a: Copypaste|atk|2\n|move|p2a: Garchomp|Dragon Claw|p1a: Copypaste\n|-damage|p1a: Copypaste|0 fnt\n|-damage|p2a: Garchomp|71\/100|[from] item: Life Orb\n|faint|p1a: Copypaste\n|\n|upkeep\n|\n|switch|p1a: Nappy is trash|Pelipper, M|29\/100\n|-weather|RainDance|[from] ability: Drizzle|[of] p1a: Nappy is trash\n|turn|16\n|\n|move|p2a: Garchomp|Dragon Claw|p1a: Nappy is trash\n|-damage|p1a: Nappy is trash|0 fnt\n|-damage|p2a: Garchomp|61\/100|[from] item: Life Orb\n|faint|p1a: Nappy is trash\n|\n|-weather|RainDance|[upkeep]\n|upkeep\n|\n|switch|p1a: Swamp Thing|Swampert-Mega, F|68\/100\n|turn|17\n|c|\u2606LT61RQ Dakster|gg\n|\n|move|p1a: Swamp Thing|Ice Punch|p2a: Garchomp\n|-supereffective|p2a: Garchomp\n|-damage|p2a: Garchomp|0 fnt\n|-damage|p1a: Swamp Thing|55\/100|[from] ability: Rough Skin|[of] p2a: Garchomp\n|faint|p2a: Garchomp\n|\n|-weather|RainDance|[upkeep]\n|upkeep\n|\n|switch|p2a: Alakazam|Alakazam, F|100\/100\n|turn|18\n|\n|detailschange|p2a: Alakazam|Alakazam-Mega, F\n|-mega|p2a: Alakazam|Alakazam|Alakazite\n|-ability|p2a: Alakazam|Swift Swim|[from] ability: Trace|[of] p1a: Swamp Thing\n|move|p2a: Alakazam|Psychic|p1a: Swamp Thing\n|-damage|p1a: Swamp Thing|0 fnt\n|faint|p1a: Swamp Thing\n|\n|win|LT61RQ Dakster\n|raw|orangesss's rating: 1721 &rarr; <strong>1701<\/strong><br \/>(-20 for losing)\n|raw|LT61RQ Dakster's rating: 1721 &rarr; <strong>1741<\/strong><br \/>(+20 for winning)\n|l|\u2606orangesss\n","uploadtime":1567226692,"views":11,"p1id":"orangesss","p2id":"lt61rqdakster","formatid":"gen7ou","rating":1701,"private":0,"password":null}