{"id":"gen7randombattle-1706965320","p1":"Drsimi69","p2":"Hodor4","format":"gen7randombattle","log":"|j|\u2606Drsimi69\n|j|\u2606Hodor4\n|t:|1668037027\n|gametype|singles\n|player|p1|Drsimi69|2|1503\n|player|p2|Hodor4|102|1569\n|teamsize|p1|6\n|teamsize|p2|6\n|gen|7\n|tier|[Gen 7] Random Battle\n|rated|\n|rule|Sleep Clause Mod: Limit one foe put to sleep\n|rule|HP Percentage Mod: HP is shown in percentages\n|rule|Mega Rayquaza Clause: You cannot mega evolve Rayquaza\n|\n|t:|1668037027\n|start\n|switch|p1a: Simisage|Simisage, L88, F|275\/275\n|switch|p2a: Ribombee|Ribombee, L84, F|238\/238\n|turn|1\n|\n|t:|1668037038\n|switch|p1a: Minior|Minior-Violet, L86|243\/243\n|-formechange|p1a: Minior|Minior-Meteor||[from] ability: Shields Down\n|move|p2a: Ribombee|Quiver Dance|p2a: Ribombee\n|-boost|p2a: Ribombee|spa|1\n|-boost|p2a: Ribombee|spd|1\n|-boost|p2a: Ribombee|spe|1\n|\n|upkeep\n|turn|2\n|\n|t:|1668037048\n|move|p2a: Ribombee|Quiver Dance|p2a: Ribombee\n|-boost|p2a: Ribombee|spa|1\n|-boost|p2a: Ribombee|spd|1\n|-boost|p2a: Ribombee|spe|1\n|move|p1a: Minior|Shell Smash|p1a: Minior\n|-unboost|p1a: Minior|def|1\n|-unboost|p1a: Minior|spd|1\n|-boost|p1a: Minior|atk|2\n|-boost|p1a: Minior|spa|2\n|-boost|p1a: Minior|spe|2\n|-enditem|p1a: Minior|White Herb\n|-clearnegativeboost|p1a: Minior|[silent]\n|\n|upkeep\n|turn|3\n|inactive|Battle timer is ON: inactive players will automatically lose when time's up. (requested by Drsimi69)\n|\n|t:|1668037061\n|move|p2a: Ribombee|Moonblast|p1a: Minior\n|-damage|p1a: Minior|56\/243\n|move|p1a: Minior|Acrobatics|p2a: Ribombee\n|-supereffective|p2a: Ribombee\n|-damage|p2a: Ribombee|0 fnt\n|faint|p2a: Ribombee\n|\n|-formechange|p1a: Minior|Minior-Violet||[from] ability: Shields Down\n|upkeep\n|c|\u2606Drsimi69|Kewl\n|\n|t:|1668037087\n|switch|p2a: Type: Null|Type: Null, L88|310\/310\n|turn|4\n|\n|t:|1668037109\n|switch|p1a: Gligar|Gligar, L82, M|241\/241\n|move|p2a: Type: Null|Return|p1a: Gligar\n|-damage|p1a: Gligar|169\/241\n|\n|upkeep\n|turn|5\n|\n|t:|1668037115\n|move|p1a: Gligar|Stealth Rock|p2a: Type: Null\n|-sidestart|p2: Hodor4|move: Stealth Rock\n|move|p2a: Type: Null|Swords Dance|p2a: Type: Null\n|-boost|p2a: Type: Null|atk|2\n|\n|upkeep\n|turn|6\n|\n|t:|1668037120\n|move|p1a: Gligar|U-turn|p2a: Type: Null\n|-damage|p2a: Type: Null|288\/310\n|\n|t:|1668037124\n|switch|p1a: Golisopod|Golisopod, L84, F|238\/238\n|move|p2a: Type: Null|Swords Dance|p2a: Type: Null\n|-boost|p2a: Type: Null|atk|2\n|\n|upkeep\n|turn|7\n|\n|t:|1668037128\n|move|p1a: Golisopod|Trick|p2a: Type: Null\n|-activate|p1a: Golisopod|move: Trick|[of] p2a: Type: Null\n|-item|p2a: Type: Null|Choice Scarf|[from] move: Trick\n|-item|p1a: Golisopod|Eviolite|[from] move: Trick\n|move|p2a: Type: Null|Return|p1a: Golisopod\n|-damage|p1a: Golisopod|0 fnt\n|replace|p1a: Zoroark|Zoroark, L84, F\n|-end|p1a: Zoroark|Illusion\n|faint|p1a: Zoroark\n|\n|upkeep\n|\n|t:|1668037149\n|switch|p1a: Dunsparce|Dunsparce, L88, F|319\/319\n|turn|8\n|\n|t:|1668037152\n|move|p2a: Type: Null|Return|p1a: Dunsparce\n|-damage|p1a: Dunsparce|0 fnt\n|faint|p1a: Dunsparce\n|\n|upkeep\n|\n|t:|1668037160\n|switch|p1a: Golisopod|Golisopod, L84, F|263\/263\n|turn|9\n|\n|t:|1668037162\n|move|p2a: Type: Null|Return|p1a: Golisopod\n|-damage|p1a: Golisopod|31\/263\n|-enditem|p1a: Golisopod|Sitrus Berry|[eat]\n|-heal|p1a: Golisopod|96\/263|[from] item: Sitrus Berry\n|-activate|p1a: Golisopod|ability: Emergency Exit\n|\n|t:|1668037166\n|switch|p1a: Simisage|Simisage, L88, F|275\/275\n|\n|upkeep\n|turn|10\n|\n|t:|1668037169\n|move|p2a: Type: Null|Return|p1a: Simisage\n|-enditem|p1a: Simisage|Focus Sash\n|-damage|p1a: Simisage|1\/275\n|move|p1a: Simisage|Superpower|p2a: Type: Null\n|-supereffective|p2a: Type: Null\n|-damage|p2a: Type: Null|126\/310\n|-unboost|p1a: Simisage|atk|1\n|-unboost|p1a: Simisage|def|1\n|\n|upkeep\n|turn|11\n|\n|t:|1668037172\n|move|p2a: Type: Null|Return|p1a: Simisage\n|-damage|p1a: Simisage|0 fnt\n|faint|p1a: Simisage\n|\n|upkeep\n|-message|Drsimi69 forfeited.\n|\n|win|Hodor4\n|raw|Drsimi69's rating: 1503 &rarr; <strong>1487<\/strong><br \/>(-16 for losing)\n|raw|Hodor4's rating: 1569 &rarr; <strong>1585<\/strong><br \/>(+16 for winning)\n|l|\u2606Drsimi69\n","inputlog":">version 453a3ad56483cc6a5c08448f6577d394b68621b7\n>start {\"formatid\":\"gen7randombattle\",\"seed\":[46505,61169,64715,18019],\"rated\":\"Rated battle\"}\n>player p1 {\"name\":\"Drsimi69\",\"avatar\":\"2\",\"rating\":1503,\"seed\":[46221,40725,46228,17506]}\n>player p2 {\"name\":\"Hodor4\",\"avatar\":\"102\",\"rating\":1569,\"seed\":[33039,64635,39414,24599]}\n>p1 switch 2\n>p2 move quiverdance\n>p1 move shellsmash\n>p2 move quiverdance\n>p1 move acrobatics\n>p2 move moonblast\n>chat \u2606Drsimi69|Kewl\n>p2 switch 2\n>p1 switch 5\n>p2 move return\n>p1 move stealthrock\n>p2 move swordsdance\n>p1 move uturn\n>p2 move swordsdance\n>p1 switch 3\n>p1 move trick\n>p2 move return\n>p1 switch 4\n>p1 move bodyslam\n>p2 move return\n>p1 switch 6\n>p1 move knockoff\n>p2 move return\n>p1 switch 2\n>p1 move superpower\n>p2 move return\n>p1 move leafstorm\n>p2 move return\n>forcelose p1","uploadtime":1668037176,"views":3,"p1id":"drsimi69","p2id":"hodor4","formatid":"gen7randombattle","rating":1487,"private":0,"password":null}