{"id":"gen7randombattle-1525408939","p1":"BigWes95","p2":"Mad_skilz3","format":"gen7randombattle","log":"|j|\u2606BigWes95\n|j|\u2606Mad_skilz3\n|t:|1646659044\n|gametype|singles\n|player|p1|BigWes95|2|1812\n|player|p2|Mad_skilz3|101|1713\n|teamsize|p1|6\n|teamsize|p2|6\n|gen|7\n|tier|[Gen 7] Random Battle\n|rated|\n|rule|Sleep Clause Mod: Limit one foe put to sleep\n|rule|HP Percentage Mod: HP is shown in percentages\n|\n|t:|1646659044\n|start\n|switch|p1a: Shuckle|Shuckle, L88, F|178\/178\n|switch|p2a: Sawk|Sawk, L88, M|275\/275\n|turn|1\n|inactive|Battle timer is ON: inactive players will automatically lose when time's up. (requested by BigWes95)\n|\n|t:|1646659051\n|move|p2a: Sawk|Knock Off|p1a: Shuckle\n|-damage|p1a: Shuckle|136\/178\n|-enditem|p1a: Shuckle|Mental Herb|[from] move: Knock Off|[of] p2a: Sawk\n|move|p1a: Shuckle|Sticky Web|p2a: Sawk\n|-sidestart|p2: Mad_skilz3|move: Sticky Web\n|\n|upkeep\n|turn|2\n|\n|t:|1646659054\n|move|p2a: Sawk|Bulk Up|p2a: Sawk\n|-boost|p2a: Sawk|atk|1\n|-boost|p2a: Sawk|def|1\n|move|p1a: Shuckle|Stealth Rock|p2a: Sawk\n|-sidestart|p2: Mad_skilz3|move: Stealth Rock\n|\n|upkeep\n|turn|3\n|\n|t:|1646659062\n|move|p2a: Sawk|Close Combat|p1a: Shuckle\n|-damage|p1a: Shuckle|31\/178\n|-unboost|p2a: Sawk|def|1\n|-unboost|p2a: Sawk|spd|1\n|move|p1a: Shuckle|Knock Off|p2a: Sawk\n|-resisted|p2a: Sawk\n|-damage|p2a: Sawk|262\/275\n|-enditem|p2a: Sawk|Leftovers|[from] move: Knock Off|[of] p1a: Shuckle\n|\n|upkeep\n|turn|4\n|\n|t:|1646659068\n|move|p2a: Sawk|Knock Off|p1a: Shuckle\n|-damage|p1a: Shuckle|0 fnt\n|faint|p1a: Shuckle\n|\n|upkeep\n|\n|t:|1646659074\n|switch|p1a: Vivillon|Vivillon-Savanna, L86, F|277\/277\n|turn|5\n|\n|t:|1646659079\n|switch|p2a: Dialga|Dialga, L76|277\/277\n|-activate|p2a: Dialga|move: Sticky Web\n|-unboost|p2a: Dialga|spe|1\n|-damage|p2a: Dialga|260\/277|[from] Stealth Rock\n|-ability|p2a: Dialga|Pressure\n|move|p1a: Vivillon|Sleep Powder|p2a: Dialga\n|-status|p2a: Dialga|slp|[from] move: Sleep Powder\n|\n|-heal|p2a: Dialga|277\/277 slp|[from] item: Leftovers\n|upkeep\n|turn|6\n|\n|t:|1646659088\n|switch|p1a: Charizard|Charizard, L80, F|255\/255\n|cant|p2a: Dialga|slp\n|\n|upkeep\n|turn|7\n|\n|t:|1646659093\n|switch|p2a: Umbreon|Umbreon, L84, F|297\/297\n|-activate|p2a: Umbreon|move: Sticky Web\n|-unboost|p2a: Umbreon|spe|1\n|-damage|p2a: Umbreon|260\/297|[from] Stealth Rock\n|detailschange|p1a: Charizard|Charizard-Mega-Y, L80, F\n|-mega|p1a: Charizard|Charizard|Charizardite Y\n|-weather|SunnyDay|[from] ability: Drought|[of] p1a: Charizard\n|move|p1a: Charizard|Fire Blast|p2a: Umbreon\n|-damage|p2a: Umbreon|82\/297\n|\n|-weather|SunnyDay|[upkeep]\n|-heal|p2a: Umbreon|100\/297|[from] item: Leftovers\n|upkeep\n|turn|8\n|\n|t:|1646659096\n|move|p2a: Umbreon|Protect|p2a: Umbreon\n|-singleturn|p2a: Umbreon|Protect\n|move|p1a: Charizard|Fire Blast|p2a: Umbreon\n|-activate|p2a: Umbreon|move: Protect\n|\n|-weather|SunnyDay|[upkeep]\n|-heal|p2a: Umbreon|118\/297|[from] item: Leftovers\n|upkeep\n|turn|9\n|\n|t:|1646659102\n|move|p1a: Charizard|Fire Blast|p2a: Umbreon\n|-damage|p2a: Umbreon|0 fnt\n|faint|p2a: Umbreon\n|\n|-weather|SunnyDay|[upkeep]\n|upkeep\n|\n|t:|1646659104\n|switch|p2a: Golem|Golem, L88, F|284\/284\n|-damage|p2a: Golem|267\/284|[from] Stealth Rock\n|-activate|p2a: Golem|move: Sticky Web\n|-unboost|p2a: Golem|spe|1\n|turn|10\n|\n|t:|1646659110\n|switch|p1a: Persian|Persian-Alola, L88, M|258\/258\n|move|p2a: Golem|Stealth Rock|p1a: Persian\n|-sidestart|p1: BigWes95|move: Stealth Rock\n|\n|-weather|SunnyDay|[upkeep]\n|-heal|p2a: Golem|284\/284|[from] item: Leftovers\n|upkeep\n|turn|11\n|\n|t:|1646659114\n|switch|p2a: Sawk|Sawk, L88, M|262\/275\n|-damage|p2a: Sawk|245\/275|[from] Stealth Rock\n|-activate|p2a: Sawk|move: Sticky Web\n|-unboost|p2a: Sawk|spe|1\n|move|p1a: Persian|Nasty Plot|p1a: Persian\n|-boost|p1a: Persian|spa|2\n|\n|-weather|none\n|upkeep\n|turn|12\n|\n|t:|1646659120\n|-zpower|p1a: Persian\n|move|p1a: Persian|Black Hole Eclipse|p2a: Sawk|[zeffect]\n|-resisted|p2a: Sawk\n|-damage|p2a: Sawk|80\/275\n|move|p2a: Sawk|Close Combat|p1a: Persian\n|-supereffective|p1a: Persian\n|-damage|p1a: Persian|58\/258\n|-unboost|p2a: Sawk|def|1\n|-unboost|p2a: Sawk|spd|1\n|\n|upkeep\n|turn|13\n|\n|t:|1646659135\n|move|p1a: Persian|Dark Pulse|p2a: Sawk\n|-resisted|p2a: Sawk\n|-damage|p2a: Sawk|0 fnt\n|faint|p2a: Sawk\n|\n|upkeep\n|\n|t:|1646659139\n|switch|p2a: Azumarill|Azumarill, L80, F|291\/291\n|-activate|p2a: Azumarill|move: Sticky Web\n|-unboost|p2a: Azumarill|spe|1\n|-damage|p2a: Azumarill|255\/291|[from] Stealth Rock\n|turn|14\n|\n|t:|1646659147\n|move|p1a: Persian|Power Gem|p2a: Azumarill\n|-damage|p2a: Azumarill|130\/291\n|-zpower|p2a: Azumarill\n|move|p2a: Azumarill|Z-Belly Drum|p2a: Azumarill|[anim]Belly Drum\n|-heal|p2a: Azumarill|291\/291|[zeffect]\n|-damage|p2a: Azumarill|146\/291\n|-setboost|p2a: Azumarill|atk|6|[from] move: Belly Drum\n|\n|upkeep\n|turn|15\n|\n|t:|1646659150\n|move|p2a: Azumarill|Aqua Jet|p1a: Persian\n|-damage|p1a: Persian|0 fnt\n|faint|p1a: Persian\n|\n|upkeep\n|\n|t:|1646659180\n|switch|p1a: Gothitelle|Gothitelle, L82, M|249\/249\n|-damage|p1a: Gothitelle|218\/249|[from] Stealth Rock\n|turn|16\n|\n|t:|1646659186\n|move|p2a: Azumarill|Aqua Jet|p1a: Gothitelle\n|-damage|p1a: Gothitelle|29\/249\n|move|p1a: Gothitelle|Charm|p2a: Azumarill\n|-unboost|p2a: Azumarill|atk|2\n|\n|-heal|p1a: Gothitelle|44\/249|[from] item: Leftovers\n|upkeep\n|turn|17\n|\n|t:|1646659190\n|move|p2a: Azumarill|Aqua Jet|p1a: Gothitelle\n|-damage|p1a: Gothitelle|0 fnt\n|faint|p1a: Gothitelle\n|\n|upkeep\n|\n|t:|1646659192\n|switch|p1a: Charizard|Charizard-Mega-Y, L80, F|255\/255\n|-damage|p1a: Charizard|128\/255|[from] Stealth Rock\n|-weather|SunnyDay|[from] ability: Drought|[of] p1a: Charizard\n|turn|18\n|\n|t:|1646659204\n|move|p2a: Azumarill|Aqua Jet|p1a: Charizard\n|-supereffective|p1a: Charizard\n|-damage|p1a: Charizard|0 fnt\n|faint|p1a: Charizard\n|\n|-weather|SunnyDay|[upkeep]\n|upkeep\n|\n|t:|1646659209\n|switch|p1a: Vivillon|Vivillon-Savanna, L86, F|277\/277\n|-damage|p1a: Vivillon|139\/277|[from] Stealth Rock\n|turn|19\n|\n|t:|1646659217\n|move|p2a: Azumarill|Aqua Jet|p1a: Vivillon\n|-crit|p1a: Vivillon\n|-damage|p1a: Vivillon|0 fnt\n|faint|p1a: Vivillon\n|\n|-weather|SunnyDay|[upkeep]\n|upkeep\n|-message|BigWes95 forfeited.\n|\n|win|Mad_skilz3\n|raw|BigWes95's rating: 1812 &rarr; <strong>1786<\/strong><br \/>(-26 for losing)\n|raw|Mad_skilz3's rating: 1713 &rarr; <strong>1739<\/strong><br \/>(+26 for winning)\n|l|\u2606BigWes95\n||Ladder isn't responding, score probably updated but might not have (Request timeout).\n","inputlog":">version 394449f088c54b433e874ac95e4a5f190ae695af\n>start {\"formatid\":\"gen7randombattle\",\"seed\":[44108,48443,48550,31112],\"rated\":\"Rated battle\"}\n>player p1 {\"name\":\"BigWes95\",\"avatar\":\"2\",\"rating\":1812,\"seed\":[15728,122,58318,35431]}\n>player p2 {\"name\":\"Mad_skilz3\",\"avatar\":\"101\",\"rating\":1713,\"seed\":[43129,43424,18254,20871]}\n>p1 move stickyweb\n>p2 move knockoff\n>p1 move stealthrock\n>p2 move bulkup\n>p1 move knockoff\n>p2 move closecombat\n>p1 move infestation\n>p2 move knockoff\n>p1 switch 2\n>p1 move sleeppowder\n>p2 switch 6\n>p1 switch 3\n>p2 move toxic\n>p1 move fireblast mega\n>p2 switch 3\n>p1 move fireblast\n>p2 move protect\n>p1 move fireblast\n>p2 move toxic\n>p2 switch 2\n>p1 switch 4\n>p2 move stealthrock\n>p1 move nastyplot\n>p2 switch 6\n>p1 move darkpulse zmove\n>p2 move closecombat\n>p1 move darkpulse\n>p2 move closecombat\n>p2 switch 5\n>p1 move powergem\n>p2 move bellydrum zmove\n>p1 move powergem\n>p2 move aquajet\n>p1 switch 6\n>p1 move charm\n>p2 move aquajet\n>p1 move charm\n>p2 move aquajet\n>p1 switch 4\n>p1 move airslash\n>p2 move aquajet\n>p1 switch 3\n>p1 move hurricane\n>p2 move aquajet\n>forcelose p1","uploadtime":1646659225,"views":10,"p1id":"bigwes95","p2id":"madskilz3","formatid":"gen7randombattle","rating":1739,"private":0,"password":null}