{"id":"gen7monotyperandombattle-1009380764","p1":"Lunar Neo","p2":"Kashie","format":"gen7monotyperandombattle","log":"|j|\u2606Lunar Neo\n|j|\u2606Kashie\n|inactive|Battle timer is ON: inactive players will automatically lose when time's up.\n|player|p1|Lunar Neo|248|\n|player|p2|Kashie|170|\n|teamsize|p1|6\n|teamsize|p2|6\n|gametype|singles\n|gen|7\n|tier|[Gen 7] Monotype Random Battle\n|rated|Tournament battle\n|rule|Same Type Clause: Pok\u00e9mon in a team must share a type\n|rule|Sleep Clause Mod: Limit one foe put to sleep\n|rule|HP Percentage Mod: HP is shown in percentages\n|\n|start\n|switch|p1a: Oricorio|Oricorio-Pom-Pom, L88, F|275\/275\n|switch|p2a: Weavile|Weavile, L81, F|246\/246\n|turn|1\n|j| itadakimasurating\n|j| Hammerhead96\n|j| MasterEle7620\n|c| MasterEle7620|sup\n|j| raith018\n|c| itadakimasurating|ups\n|c|\u2606Lunar Neo|If I win I'll buy a poor country somewhere and turn it into a non stop party boat that is also a space ship and all you beautiful people can come on an all expenses paid trip to the sun with me.\n|j| SixGorillian\n|j| Johnrg\n|\n|switch|p1a: Magnezone|Magnezone, L80|243\/243\n|move|p2a: Weavile|Icicle Crash|p1a: Magnezone\n|-resisted|p1a: Magnezone\n|-damage|p1a: Magnezone|203\/243\n|\n|upkeep\n|turn|2\n|c|\u2606Kashie|nm whats good\n|j| on9x\n|c| itadakimasurating|oh i'm banking on it\n|\n|move|p2a: Weavile|Knock Off|p1a: Magnezone\n|-damage|p1a: Magnezone|101\/243\n|-enditem|p1a: Magnezone|Choice Scarf|[from] move: Knock Off|[of] p2a: Weavile\n|move|p1a: Magnezone|Flash Cannon|p2a: Weavile\n|-supereffective|p2a: Weavile\n|-damage|p2a: Weavile|48\/246\n|\n|upkeep\n|turn|3\n|\n|move|p2a: Weavile|Icicle Crash|p1a: Magnezone|[miss]\n|-miss|p2a: Weavile|p1a: Magnezone\n|move|p1a: Magnezone|Volt Switch|p2a: Weavile\n|-damage|p2a: Weavile|0 fnt\n|faint|p2a: Weavile\n|l| Hammerhead96\n|\n|switch|p1a: Oricorio|Oricorio-Pom-Pom, L88, F|275\/275\n|\n|upkeep\n|c| MasterEle7620|i don't know hwo i\n|\n|switch|p2a: Articuno|Articuno, L88|301\/301\n|-ability|p2a: Articuno|Pressure\n|turn|4\n|l| on9x\n|c| MasterEle7620|who i'm supporting\n|\n|move|p1a: Oricorio|Revelation Dance|p2a: Articuno\n|-supereffective|p2a: Articuno\n|-damage|p2a: Articuno|145\/301\n|move|p2a: Articuno|Ice Beam|p1a: Oricorio\n|-supereffective|p1a: Oricorio\n|-damage|p1a: Oricorio|21\/275\n|\n|-heal|p1a: Oricorio|38\/275|[from] item: Leftovers\n|-heal|p2a: Articuno|163\/301|[from] item: Leftovers\n|upkeep\n|turn|5\n|\n|switch|p2a: Kyurem|Kyurem-White, L78|323\/323\n|-ability|p2a: Kyurem|Turboblaze\n|move|p1a: Oricorio|Revelation Dance|p2a: Kyurem\n|-resisted|p2a: Kyurem\n|-damage|p2a: Kyurem|272\/323\n|\n|-heal|p1a: Oricorio|55\/275|[from] item: Leftovers\n|-heal|p2a: Kyurem|292\/323|[from] item: Leftovers\n|upkeep\n|turn|6\n|c| itadakimasurating|support the multi-trillionare\n|c| itadakimasurating|ofc\n|\n|move|p1a: Oricorio|Hurricane|p2a: Kyurem|[miss]\n|-miss|p1a: Oricorio|p2a: Kyurem\n|move|p2a: Kyurem|Ice Beam|p1a: Oricorio\n|-supereffective|p1a: Oricorio\n|-damage|p1a: Oricorio|0 fnt\n|faint|p1a: Oricorio\n|\n|-heal|p2a: Kyurem|312\/323|[from] item: Leftovers\n|upkeep\n|c| MasterEle7620|which is who\n|c| itadakimasurating|Lunar Neo: If I win I'll buy a poor country somewhere and turn it into a non stop party boat that is also a space ship and all you beautiful people can come on an all expenses paid trip to the sun with me.\n|j| Gogui\n|\n|switch|p1a: Magnezone|Magnezone, L80|101\/243\n|turn|7\n|\n|move|p2a: Kyurem|Earth Power|p1a: Magnezone\n|-supereffective|p1a: Magnezone\n|-damage|p1a: Magnezone|0 fnt\n|faint|p1a: Magnezone\n|\n|-heal|p2a: Kyurem|323\/323|[from] item: Leftovers\n|upkeep\n|\n|switch|p1a: Zekrom|Zekrom, L78|284\/284\n|-ability|p1a: Zekrom|Teravolt\n|turn|8\n|\n|move|p2a: Kyurem|Draco Meteor|p1a: Zekrom\n|-supereffective|p1a: Zekrom\n|-damage|p1a: Zekrom|0 fnt\n|-unboost|p2a: Kyurem|spa|2\n|faint|p1a: Zekrom\n|\n|upkeep\n|c|\u2606Lunar Neo|I have nothing for this\n|c| MasterEle7620|is lunar neo bombing\n|\n|switch|p1a: Vikavolt|Vikavolt, L86, F|273\/273\n|turn|9\n|c| MasterEle7620|oh nvm\n|\n|switch|p2a: Vanilluxe|Vanilluxe, L85, F|259\/259\n|-weather|Hail|[from] ability: Snow Warning|[of] p2a: Vanilluxe\n|move|p1a: Vikavolt|Bug Buzz|p2a: Vanilluxe\n|-damage|p2a: Vanilluxe|67\/259\n|\n|-weather|Hail|[upkeep]\n|-damage|p1a: Vikavolt|256\/273|[from] Hail\n|upkeep\n|turn|10\n|\n|move|p2a: Vanilluxe|Blizzard|p1a: Vikavolt\n|-damage|p1a: Vikavolt|52\/273\n|-damage|p2a: Vanilluxe|42\/259|[from] item: Life Orb\n|move|p1a: Vikavolt|Bug Buzz|p2a: Vanilluxe\n|-damage|p2a: Vanilluxe|0 fnt\n|faint|p2a: Vanilluxe\n|\n|-weather|Hail|[upkeep]\n|-damage|p1a: Vikavolt|35\/273|[from] Hail\n|upkeep\n|j| shillyjason\n|\n|switch|p2a: Glaceon|Glaceon, L89, M|259\/259\n|turn|11\n|\n|move|p2a: Glaceon|Ice Beam|p1a: Vikavolt\n|-damage|p1a: Vikavolt|0 fnt\n|faint|p1a: Vikavolt\n|\n|-weather|Hail|[upkeep]\n|upkeep\n|\n|switch|p1a: Xurkitree|Xurkitree, L81|267\/267\n|turn|12\n|c| MasterEle7620|notice how kashies pokemon are all ice\n|\n|-zpower|p1a: Xurkitree\n|move|p1a: Xurkitree|Z-Electric Terrain|p1a: Xurkitree|[anim]Electric Terrain\n|-boost|p1a: Xurkitree|spe|1|[zeffect]\n|-fieldstart|move: Electric Terrain\n|move|p2a: Glaceon|Toxic|p1a: Xurkitree\n|-status|p1a: Xurkitree|tox\n|\n|-weather|Hail|[upkeep]\n|-damage|p1a: Xurkitree|251\/267 tox|[from] Hail\n|-damage|p1a: Xurkitree|235\/267 tox|[from] psn\n|upkeep\n|turn|13\n|\n|move|p1a: Xurkitree|Thunderbolt|p2a: Glaceon\n|-damage|p2a: Glaceon|63\/259\n|-status|p2a: Glaceon|par\n|cant|p2a: Glaceon|par\n|\n|-weather|none\n|-heal|p2a: Glaceon|79\/259 par|[from] item: Leftovers\n|-damage|p1a: Xurkitree|203\/267 tox|[from] psn\n|upkeep\n|turn|14\n|c| itadakimasurating|ice vs electric duh\n|c| itadakimasurating|mono\n|c| MasterEle7620|oof thats tough\n|\n|move|p1a: Xurkitree|Thunderbolt|p2a: Glaceon\n|-damage|p2a: Glaceon|0 fnt\n|faint|p2a: Glaceon\n|-ability|p1a: Xurkitree|Beast Boost|boost\n|-boost|p1a: Xurkitree|spa|1\n|\n|-damage|p1a: Xurkitree|155\/267 tox|[from] psn\n|upkeep\n|c| MasterEle7620|i was being sarcastic\n|\n|switch|p2a: Articuno|Articuno, L88|163\/301\n|-ability|p2a: Articuno|Pressure\n|turn|15\n|\n|move|p1a: Xurkitree|Thunderbolt|p2a: Articuno\n|-supereffective|p2a: Articuno\n|-damage|p2a: Articuno|0 fnt\n|faint|p2a: Articuno\n|-ability|p1a: Xurkitree|Beast Boost|boost\n|-boost|p1a: Xurkitree|spa|1\n|\n|-damage|p1a: Xurkitree|91\/267 tox|[from] psn\n|upkeep\n|c| MasterEle7620|go xurk sweep\n|c| MasterEle7620|oh crap hes gonna save his kyuw\n|c| itadakimasurating|xurkisweep\n|\n|switch|p2a: Kyurem|Kyurem-White, L78|323\/323\n|-ability|p2a: Kyurem|Turboblaze\n|turn|16\n|c| MasterEle7620|nah toxic put it on a timer\n|\n|move|p1a: Xurkitree|Dazzling Gleam|p2a: Kyurem\n|-supereffective|p2a: Kyurem\n|-damage|p2a: Kyurem|13\/323\n|move|p2a: Kyurem|Ice Beam|p1a: Xurkitree\n|-damage|p1a: Xurkitree|0 fnt\n|faint|p1a: Xurkitree\n|\n|-heal|p2a: Kyurem|33\/323|[from] item: Leftovers\n|-fieldend|move: Electric Terrain\n|upkeep\n|\n|switch|p1a: Ampharos|Ampharos, L84, M|288\/288\n|turn|17\n|\n|move|p2a: Kyurem|Ice Beam|p1a: Ampharos\n|-damage|p1a: Ampharos|152\/288\n|move|p1a: Ampharos|Dragon Pulse|p2a: Kyurem\n|-supereffective|p2a: Kyurem\n|-damage|p2a: Kyurem|0 fnt\n|faint|p2a: Kyurem\n|\n|upkeep\n|\n|switch|p2a: Mamoswine|Mamoswine, L82, F|315\/315\n|turn|18\n|c| itadakimasurating|oof\n|c| MasterEle7620|gg\n|c|\u2606Lunar Neo|rip\n|c| MasterEle7620|;-;\n|\n|detailschange|p1a: Ampharos|Ampharos-Mega, L84, M\n|-mega|p1a: Ampharos|Ampharos|Ampharosite\n|-ability|p1a: Ampharos|Mold Breaker\n|move|p2a: Mamoswine|Earthquake|p1a: Ampharos\n|-supereffective|p1a: Ampharos\n|-damage|p1a: Ampharos|0 fnt\n|-damage|p2a: Mamoswine|284\/315|[from] item: Life Orb\n|faint|p1a: Ampharos\n|\n|win|Kashie\n","inputlog":">version 0c7f04356d3e753f9098a558085a3f92850303ef\n>start {\"formatid\":\"gen7monotyperandombattle\",\"seed\":[52165,29396,5090,17068],\"rated\":\"Tournament battle\"}\n>player p1 {\"name\":\"Lunar Neo\",\"avatar\":\"248\",\"team\":\"\",\"rating\":0,\"seed\":[64788,23066,29173,36812]}\n>player p2 {\"name\":\"Kashie\",\"avatar\":\"170\",\"team\":\"\",\"rating\":0,\"seed\":[40797,47844,17410,35154]}\n>p1 switch 3\n>p2 move iciclecrash\n>p1 move flashcannon\n>p2 move knockoff\n>p1 move voltswitch\n>p2 move iciclecrash\n>p1 switch 3\n>p2 switch 3\n>p1 move revelationdance\n>p2 move icebeam\n>p1 move revelationdance\n>p2 switch 2\n>p1 move hurricane\n>p2 move icebeam\n>p1 switch 3\n>p1 move flashcannon\n>p2 move earthpower\n>p1 switch 2\n>p1 move outrage\n>p2 move dracometeor\n>p1 switch 4\n>p1 move bugbuzz\n>p2 switch 4\n>p1 move bugbuzz\n>p2 move blizzard\n>p2 switch 5\n>p1 move bugbuzz\n>p2 move icebeam\n>p1 switch 5\n>p1 move electricterrain zmove\n>p2 move toxic\n>p1 move thunderbolt\n>p2 move icebeam\n>p1 move thunderbolt\n>p2 move icebeam\n>p2 switch 2\n>p1 move thunderbolt\n>p2 move roost\n>p2 switch 4\n>p1 move dazzlinggleam\n>p2 move icebeam\n>p1 switch 6\n>p1 move dragonpulse\n>p2 move icebeam\n>p2 switch 6\n>p1 move focusblast mega\n>p2 move earthquake","uploadtime":1573706386,"views":1,"p1id":"lunarneo","p2id":"kashie","formatid":"gen7monotyperandombattle","rating":0,"private":0,"password":null}