{"id":"gen7doublesou-954061426","p1":"comp233","p2":"Red4days","format":"gen7doublesou","log":"|j|\u2606comp233\n|j|\u2606Red4days\n|player|p1|comp233|101|1511\n|player|p2|Red4days|163|1565\n|teamsize|p1|6\n|teamsize|p2|6\n|gametype|doubles\n|gen|7\n|tier|[Gen 7] Doubles OU\n|rated|\n|rule|Species Clause: Limit one of each Pok\u00e9mon\n|rule|OHKO Clause: OHKO moves are banned\n|rule|Moody Clause: Moody is banned\n|rule|Evasion Abilities Clause: Evasion abilities are banned\n|rule|Evasion Moves Clause: Evasion moves are banned\n|rule|Endless Battle Clause: Forcing endless battles is banned\n|rule|HP Percentage Mod: HP is shown in percentages\n|rule|Swagger Clause: Swagger is banned\n|clearpoke\n|poke|p1|Ninetales, F|item\n|poke|p1|Landorus-Therian, M|item\n|poke|p1|Typhlosion, F|item\n|poke|p1|Blacephalon|item\n|poke|p1|Charizard, F|item\n|poke|p1|Incineroar, M|item\n|poke|p2|Genesect-*|item\n|poke|p2|Volcanion|item\n|poke|p2|Kyurem-Black|item\n|poke|p2|Landorus-Therian, M|item\n|poke|p2|Zapdos|item\n|poke|p2|Venusaur, F|item\n|teampreview\n|inactive|Battle timer is ON: inactive players will automatically lose when time's up. (requested by Red4days)\n|\n|start\n|switch|p1a: Ninetales|Ninetales, F|100\/100\n|switch|p1b: Landorus|Landorus-Therian, M|100\/100\n|switch|p2a: Volcanion|Volcanion|100\/100\n|switch|p2b: Genesect|Genesect|100\/100\n|-ability|p2b: Genesect|Download|boost\n|-boost|p2b: Genesect|atk|1\n|-weather|SunnyDay|[from] ability: Drought|[of] p1a: Ninetales\n|-ability|p1b: Landorus|Intimidate|boost\n|-unboost|p2a: Volcanion|atk|1\n|-unboost|p2b: Genesect|atk|1\n|turn|1\n|j| Mantezana\n|\n|move|p2b: Genesect|Ice Beam|p1b: Landorus\n|-supereffective|p1b: Landorus\n|-damage|p1b: Landorus|0 fnt\n|faint|p1b: Landorus\n|move|p1a: Ninetales|Hypnosis|p2a: Volcanion\n|-status|p2a: Volcanion|slp|[from] move: Hypnosis\n|cant|p2a: Volcanion|slp\n|\n|-weather|SunnyDay|[upkeep]\n|upkeep\n|\n|switch|p1b: Typhlosion|Typhlosion, F|100\/100\n|turn|2\n|\n|switch|p2b: Kyurem|Kyurem-Black|100\/100\n|-ability|p2b: Kyurem|Teravolt\n|switch|p1a: Incineroar|Incineroar, M|100\/100\n|-ability|p1a: Incineroar|Intimidate|boost\n|-unboost|p2a: Volcanion|atk|1\n|-unboost|p2b: Kyurem|atk|1\n|move|p1b: Typhlosion|Eruption|p2a: Volcanion|[spread] p2a,p2b\n|-resisted|p2a: Volcanion\n|-damage|p2a: Volcanion|84\/100 slp\n|-damage|p2b: Kyurem|22\/100\n|cant|p2a: Volcanion|slp\n|\n|-weather|SunnyDay|[upkeep]\n|upkeep\n|turn|3\n|\n|move|p1b: Typhlosion|Eruption|p2a: Volcanion|[spread] p2a,p2b\n|-resisted|p2a: Volcanion\n|-damage|p2a: Volcanion|69\/100 slp\n|-damage|p2b: Kyurem|0 fnt\n|faint|p2b: Kyurem\n|-curestatus|p2a: Volcanion|slp|[msg]\n|move|p2a: Volcanion|Steam Eruption|p1a: Incineroar\n|-supereffective|p1a: Incineroar\n|-damage|p1a: Incineroar|57\/100\n|-zpower|p1a: Incineroar\n|move|p1a: Incineroar|Black Hole Eclipse|p2a: Volcanion|[zeffect]\n|-crit|p2a: Volcanion\n|-damage|p2a: Volcanion|0 fnt\n|faint|p2a: Volcanion\n|\n|-weather|SunnyDay|[upkeep]\n|upkeep\n|\n|switch|p2b: Zapdos|Zapdos|100\/100\n|switch|p2a: Landorus|Landorus-Therian, M|100\/100\n|-ability|p2a: Landorus|Intimidate|boost\n|-unboost|p1a: Incineroar|atk|1\n|-unboost|p1b: Typhlosion|atk|1\n|turn|4\n|\n|move|p1b: Typhlosion|Eruption|p2a: Landorus|[spread] p2a,p2b\n|-damage|p2a: Landorus|21\/100\n|-damage|p2b: Zapdos|37\/100\n|-enditem|p2a: Landorus|Iapapa Berry|[eat]\n|-heal|p2a: Landorus|71\/100|[from] item: Iapapa Berry\n|move|p2a: Landorus|Earthquake|p1a: Incineroar|[spread] p1a,p1b\n|-immune|p2b: Zapdos\n|-supereffective|p1a: Incineroar\n|-supereffective|p1b: Typhlosion\n|-damage|p1a: Incineroar|0 fnt\n|-damage|p1b: Typhlosion|0 fnt\n|faint|p1a: Incineroar\n|faint|p1b: Typhlosion\n|move|p2b: Zapdos|Tailwind|p2b: Zapdos\n|-sidestart|p2: Red4days|move: Tailwind\n|\n|-weather|SunnyDay|[upkeep]\n|-heal|p2b: Zapdos|43\/100|[from] item: Leftovers\n|upkeep\n|\n|switch|p1b: Charizard|Charizard, F, shiny|100\/100\n|switch|p1a: Ninetales|Ninetales, F|100\/100\n|turn|5\n|\n|move|p1b: Charizard|Protect|p1b: Charizard\n|-singleturn|p1b: Charizard|Protect\n|move|p2a: Landorus|Rock Slide|p1a: Ninetales|[spread] p1a\n|-activate|p1b: Charizard|move: Protect\n|-supereffective|p1a: Ninetales\n|-damage|p1a: Ninetales|32\/100\n|move|p2b: Zapdos|Thunderbolt|p1b: Charizard\n|-activate|p1b: Charizard|move: Protect\n|move|p1a: Ninetales|Heat Wave|p2b: Zapdos|[spread] p2a\n|-miss|p1a: Ninetales|p2b: Zapdos\n|-damage|p2a: Landorus|21\/100\n|\n|-weather|SunnyDay|[upkeep]\n|-heal|p2b: Zapdos|49\/100|[from] item: Leftovers\n|upkeep\n|turn|6\n|\n|detailschange|p1b: Charizard|Charizard-Mega-Y, F, shiny\n|-mega|p1b: Charizard|Charizard|Charizardite Y\n|move|p2a: Landorus|Rock Slide|p1a: Ninetales|[spread] p1a,p1b\n|-supereffective|p1a: Ninetales\n|-supereffective|p1b: Charizard\n|-damage|p1a: Ninetales|0 fnt\n|-damage|p1b: Charizard|0 fnt\n|faint|p1a: Ninetales\n|faint|p1b: Charizard\n|move|p2b: Zapdos|Roost|p2b: Zapdos\n|-heal|p2b: Zapdos|99\/100\n|-singleturn|p2b: Zapdos|move: Roost\n|\n|-weather|SunnyDay|[upkeep]\n|-heal|p2b: Zapdos|100\/100|[from] item: Leftovers\n|upkeep\n|j| mishiimono\n|-message|comp233 forfeited.\n|\n|win|Red4days\n|l|\u2606comp233\n","uploadtime":1564697214,"views":0,"p1id":"comp233","p2id":"red4days","formatid":"gen7doublesou","rating":0,"private":0,"password":null}