{"id":"gen7ou-1698855643","p1":"CodenameUg","p2":"Yragtcythgyughyty","format":"gen7ou","log":"|j|\u2606CodenameUg\n|j|\u203dYragtcythgyughyty\n|t:|1667167687\n|gametype|singles\n|player|p1|CodenameUg|hilbert-masters|\n|player|p2|Yragtcythgyughyty|schoolkid-gen4dp|\n|teamsize|p1|6\n|teamsize|p2|6\n|gen|7\n|tier|[Gen 7] OU\n|rule|Sleep Clause Mod: Limit one foe put to sleep\n|rule|Species Clause: Limit one of each Pok\u00e9mon\n|rule|OHKO Clause: OHKO moves are banned\n|rule|Moody Clause: Moody is banned\n|rule|Evasion Items Clause: Evasion items are banned\n|rule|Evasion Moves Clause: Evasion moves are banned\n|rule|Endless Battle Clause: Forcing endless battles is banned\n|rule|HP Percentage Mod: HP is shown in percentages\n|clearpoke\n|poke|p1|Mawile, F|item\n|poke|p1|Rotom-Wash|item\n|poke|p1|Heatran, M|item\n|poke|p1|Landorus-Therian, M|item\n|poke|p1|Tapu Bulu|item\n|poke|p1|Kartana|item\n|poke|p2|Rotom-Wash|item\n|poke|p2|Volcarona, F|item\n|poke|p2|Landorus-Therian, M|item\n|poke|p2|Diancie|item\n|poke|p2|Tapu Lele|item\n|poke|p2|Magearna|item\n|teampreview\n|inactive|Battle timer is ON: inactive players will automatically lose when time's up. (requested by Yragtcythgyughyty)\n|inactive|CodenameUg also wants the timer to be on.\n|c|\u2606CodenameUg|Hf\n|j| Firelord Term\n|j| ops idk\n|inactive|CodenameUg has 270 seconds left.\n|inactive|Yragtcythgyughyty has 270 seconds left.\n|\n|t:|1667167738\n|start\n|switch|p1a: Rotom|Rotom-Wash|100\/100\n|switch|p2a: Diancie|Diancie|100\/100\n|turn|1\n|\n|t:|1667167743\n|move|p2a: Diancie|Stealth Rock|p1a: Rotom\n|-sidestart|p1: CodenameUg|move: Stealth Rock\n|move|p1a: Rotom|Hydro Pump|p2a: Diancie\n|-supereffective|p2a: Diancie\n|-damage|p2a: Diancie|26\/100\n|\n|upkeep\n|turn|2\n|\n|t:|1667167753\n|switch|p2a: Landorus|Landorus-Therian, M|100\/100\n|-ability|p2a: Landorus|Intimidate|boost\n|-unboost|p1a: Rotom|atk|1\n|move|p1a: Rotom|Volt Switch|p2a: Landorus\n|-immune|p2a: Landorus\n|\n|upkeep\n|turn|3\n|\n|t:|1667167756\n|move|p2a: Landorus|U-turn|p1a: Rotom\n|-damage|p1a: Rotom|74\/100\n|\n|t:|1667167758\n|switch|p2a: Tapu Lele|Tapu Lele|100\/100|[from]move: U-turn\n|-fieldstart|move: Psychic Terrain|[from] ability: Psychic Surge|[of] p2a: Tapu Lele\n|move|p1a: Rotom|Hydro Pump|p2a: Tapu Lele\n|-damage|p2a: Tapu Lele|65\/100\n|\n|upkeep\n|turn|4\n|\n|t:|1667167762\n|move|p2a: Tapu Lele|Psychic|p1a: Rotom\n|-damage|p1a: Rotom|0 fnt\n|faint|p1a: Rotom\n|\n|upkeep\n|c|\u2606CodenameUg|Oh shit\n|c|\u2606CodenameUg|That killed?\n|c|\u2606CodenameUg|My max spdf\n|c|\u2606CodenameUg|Im*\n|j| Rubiaa\n|c|\u2606CodenameUg|Hmmmm probs because 1.5 terrain\n|\n|t:|1667167790\n|switch|p1a: Heatran|Heatran, M|100\/100\n|-damage|p1a: Heatran|88\/100|[from] Stealth Rock\n|turn|5\n|\n|t:|1667167803\n|switch|p2a: Rotom|Rotom-Wash|100\/100\n|move|p1a: Heatran|Stealth Rock|p2a: Rotom\n|-sidestart|p2: Yragtcythgyughyty|move: Stealth Rock\n|\n|-heal|p1a: Heatran|94\/100|[from] item: Leftovers\n|upkeep\n|turn|6\n|\n|t:|1667167809\n|switch|p1a: Landorus|Landorus-Therian, M|100\/100\n|-damage|p1a: Landorus|88\/100|[from] Stealth Rock\n|-ability|p1a: Landorus|Intimidate|boost\n|-unboost|p2a: Rotom|atk|1\n|move|p2a: Rotom|Hydro Pump|p1a: Landorus\n|-supereffective|p1a: Landorus\n|-damage|p1a: Landorus|0 fnt\n|faint|p1a: Landorus\n|\n|upkeep\n|\n|t:|1667167811\n|switch|p1a: Tapu Bulu|Tapu Bulu|100\/100\n|-damage|p1a: Tapu Bulu|88\/100|[from] Stealth Rock\n|-fieldstart|move: Grassy Terrain|[from] ability: Grassy Surge|[of] p1a: Tapu Bulu\n|turn|7\n|\n|t:|1667167817\n|switch|p2a: Landorus|Landorus-Therian, M|100\/100\n|-damage|p2a: Landorus|88\/100|[from] Stealth Rock\n|-ability|p2a: Landorus|Intimidate|boost\n|-unboost|p1a: Tapu Bulu|atk|1\n|move|p1a: Tapu Bulu|Wood Hammer|p2a: Landorus\n|-crit|p2a: Landorus\n|-damage|p2a: Landorus|0 fnt\n|faint|p2a: Landorus\n|-damage|p1a: Tapu Bulu|60\/100|[from] Recoil\n|\n|-heal|p1a: Tapu Bulu|66\/100|[from] Grassy Terrain\n|upkeep\n|\n|t:|1667167822\n|switch|p2a: Diancie|Diancie|26\/100\n|-damage|p2a: Diancie|13\/100|[from] Stealth Rock\n|turn|8\n|\n|t:|1667167827\n|detailschange|p2a: Diancie|Diancie-Mega\n|-mega|p2a: Diancie|Diancie|Diancite\n|move|p2a: Diancie|Moonblast|p1a: Tapu Bulu\n|-damage|p1a: Tapu Bulu|8\/100\n|-unboost|p1a: Tapu Bulu|spa|1\n|move|p1a: Tapu Bulu|Wood Hammer|p2a: Diancie\n|-supereffective|p2a: Diancie\n|-damage|p2a: Diancie|0 fnt\n|faint|p2a: Diancie\n|-damage|p1a: Tapu Bulu|5\/100|[from] Recoil\n|\n|-heal|p1a: Tapu Bulu|11\/100|[from] Grassy Terrain\n|upkeep\n|\n|t:|1667167835\n|switch|p2a: Magearna|Magearna|100\/100\n|-damage|p2a: Magearna|94\/100|[from] Stealth Rock\n|turn|9\n|\n|t:|1667167856\n|switch|p1a: Heatran|Heatran, M|94\/100\n|-damage|p1a: Heatran|82\/100|[from] Stealth Rock\n|move|p2a: Magearna|Volt Switch|p1a: Heatran\n|-damage|p1a: Heatran|68\/100\n|\n|t:|1667167860\n|switch|p2a: Rotom|Rotom-Wash|100\/100|[from]move: Volt Switch\n|-damage|p2a: Rotom|88\/100|[from] Stealth Rock\n|\n|-heal|p1a: Heatran|74\/100|[from] Grassy Terrain\n|-heal|p1a: Heatran|80\/100|[from] item: Leftovers\n|upkeep\n|turn|10\n|\n|t:|1667167866\n|switch|p1a: Tapu Bulu|Tapu Bulu|11\/100\n|-damage|p1a: Tapu Bulu|0 fnt|[from] Stealth Rock\n|faint|p1a: Tapu Bulu\n|move|p2a: Rotom|Defog|p1: Tapu Bulu|[notarget]\n|-fail|p2a: Rotom\n|\n|upkeep\n|\n|t:|1667167868\n|switch|p1a: Kartana|Kartana|100\/100\n|-damage|p1a: Kartana|94\/100|[from] Stealth Rock\n|turn|11\n|\n|t:|1667167872\n|switch|p2a: Magearna|Magearna|94\/100\n|-damage|p2a: Magearna|88\/100|[from] Stealth Rock\n|move|p1a: Kartana|Leaf Blade|p2a: Magearna\n|-resisted|p2a: Magearna\n|-damage|p2a: Magearna|49\/100\n|\n|-heal|p1a: Kartana|100\/100|[from] Grassy Terrain\n|-heal|p2a: Magearna|55\/100|[from] Grassy Terrain\n|-fieldend|move: Grassy Terrain\n|upkeep\n|turn|12\n|\n|t:|1667167879\n|switch|p1a: Mawile|Mawile, F|100\/100\n|-damage|p1a: Mawile|94\/100|[from] Stealth Rock\n|-ability|p1a: Mawile|Intimidate|boost\n|-unboost|p2a: Magearna|atk|1\n|move|p2a: Magearna|Volt Switch|p1a: Mawile\n|-damage|p1a: Mawile|57\/100\n|\n|t:|1667167882\n|switch|p2a: Tapu Lele|Tapu Lele|65\/100|[from]move: Volt Switch\n|-damage|p2a: Tapu Lele|52\/100|[from] Stealth Rock\n|-fieldstart|move: Psychic Terrain|[from] ability: Psychic Surge|[of] p2a: Tapu Lele\n|\n|upkeep\n|turn|13\n|l| Rubiaa\n|\n|t:|1667167888\n|detailschange|p1a: Mawile|Mawile-Mega, F\n|-mega|p1a: Mawile|Mawile|Mawilite\n|move|p2a: Tapu Lele|Psychic|p1a: Mawile\n|-resisted|p1a: Mawile\n|-damage|p1a: Mawile|0 fnt\n|faint|p1a: Mawile\n|\n|upkeep\n|\n|t:|1667167897\n|switch|p1a: Kartana|Kartana|100\/100\n|-damage|p1a: Kartana|94\/100|[from] Stealth Rock\n|turn|14\n|\n|t:|1667167903\n|switch|p2a: Volcarona|Volcarona, F|100\/100\n|-damage|p2a: Volcarona|51\/100|[from] Stealth Rock\n|move|p1a: Kartana|Leaf Blade|p2a: Volcarona\n|-resisted|p2a: Volcarona\n|-damage|p2a: Volcarona|28\/100\n|\n|upkeep\n|turn|15\n|\n|t:|1667167908\n|-zpower|p1a: Kartana\n|move|p1a: Kartana|Breakneck Blitz|p2a: Volcarona|[zeffect]\n|-damage|p2a: Volcarona|0 fnt\n|faint|p2a: Volcarona\n|-ability|p1a: Kartana|Beast Boost|boost\n|-boost|p1a: Kartana|atk|1\n|\n|upkeep\n|\n|t:|1667167916\n|switch|p2a: Magearna|Magearna|55\/100\n|-damage|p2a: Magearna|49\/100|[from] Stealth Rock\n|turn|16\n|c|\u2606CodenameUg|Unless ur scarf\n|c|\u2606CodenameUg|That should be game\n|\n|t:|1667167924\n|move|p1a: Kartana|Sacred Sword|p2a: Magearna\n|-damage|p2a: Magearna|0 fnt\n|faint|p2a: Magearna\n|-ability|p1a: Kartana|Beast Boost|boost\n|-boost|p1a: Kartana|atk|1\n|\n|-fieldend|move: Psychic Terrain\n|upkeep\n|c|\u2606CodenameUg|Gg\n|c| ops idk|Gg!\n|c| Firelord Term|gg\n|j| Rubiaa\n|c| ops idk|3-0!!!!\n|c| Firelord Term|supa bait\n|c| Firelord Term|supa dead\n|c| Firelord Term|supa smash\n|l| Rubiaa\n|inactive|Yragtcythgyughyty has 270 seconds left.\n|c|\u2606CodenameUg|Depends if he scarf\n|c|\u2606CodenameUg|But based on damage\n|c| Firelord Term|hes specs\n|c|\u2606CodenameUg|And figured\n|c|\u2606CodenameUg|Hed bring specs\n|c| ops idk|Ye\n|c|\u2606CodenameUg|I think hes a specs guy\n|c| ops idk|He did too much to rotom i feel\n|inactive|Yragtcythgyughyty has 240 seconds left.\n|j| laidbackk\n|c|\u2606CodenameUg|Lou brings boss specs\n|c|\u2606CodenameUg|Scarf\n|c|\u2606CodenameUg|Is kinda\n|c|\u2606CodenameUg|Well\n|c|\u2606CodenameUg|Pu$$y\n|inactive|Yragtcythgyughyty has 210 seconds left.\n|c|\u2606CodenameUg|Lou?\n|c| Firelord Term|he gone\n|c|\u2606CodenameUg|Welp he died.\n|c| laidbackk|Thats that lou shit\n|c|\u2606CodenameUg|Maybe his screen froze up or something\n|c| ops idk|That scared sword sent him to a diff dimension\n|c| laidbackk|i'll be in vc\n|inactive|Yragtcythgyughyty has 180 seconds left.\n|c|\u2606CodenameUg|Sure\n|c|\u2606CodenameUg|Ill join up in a bit\n|inactive|Yragtcythgyughyty has 150 seconds left.\n|\n|t:|1667168085\n|switch|p2a: Rotom|Rotom-Wash|88\/100\n|-damage|p2a: Rotom|76\/100|[from] Stealth Rock\n|turn|17\n|\n|t:|1667168095\n|move|p1a: Kartana|Leaf Blade|p2a: Rotom\n|-supereffective|p2a: Rotom\n|-damage|p2a: Rotom|0 fnt\n|faint|p2a: Rotom\n|-ability|p1a: Kartana|Beast Boost|boost\n|-boost|p1a: Kartana|atk|1\n|\n|upkeep\n|\n|t:|1667168097\n|switch|p2a: Tapu Lele|Tapu Lele|52\/100\n|-damage|p2a: Tapu Lele|40\/100|[from] Stealth Rock\n|-fieldstart|move: Psychic Terrain|[from] ability: Psychic Surge|[of] p2a: Tapu Lele\n|turn|18\n|\n|t:|1667168101\n|move|p1a: Kartana|Leaf Blade|p2a: Tapu Lele\n|-damage|p2a: Tapu Lele|0 fnt\n|faint|p2a: Tapu Lele\n|\n|win|CodenameUg\n|l|\u203dYragtcythgyughyty\n","uploadtime":1667168107,"views":15,"p1id":"codenameug","p2id":"yragtcythgyughyty","formatid":"gen7ou","rating":0,"private":0,"password":null}