{"id":"gen7ou-764177972","p1":"H4WT \u272f","p2":"Delish Nutrish","format":"gen7ou","log":"|j|\u2606H4WT \u272f\n|j|\u2606Delish Nutrish\n|player|p1|H4WT \u272f|165\n|player|p2|Delish Nutrish|126\n|teamsize|p1|6\n|teamsize|p2|6\n|gametype|singles\n|gen|7\n|tier|[Gen 7] OU\n|rated|\n|rule|Sleep Clause Mod: Limit one foe put to sleep\n|rule|Species Clause: Limit one of each Pok\u00e9mon\n|rule|OHKO Clause: OHKO moves are banned\n|rule|Moody Clause: Moody is banned\n|rule|Evasion Moves Clause: Evasion moves are banned\n|rule|Endless Battle Clause: Forcing endless battles is banned\n|rule|HP Percentage Mod: HP is shown in percentages\n|clearpoke\n|poke|p1|Gallade, M|item\n|poke|p1|Rotom-Wash|item\n|poke|p1|Magearna|item\n|poke|p1|Landorus-Therian, M|item\n|poke|p1|Hoopa-Unbound|item\n|poke|p1|Kartana|item\n|poke|p2|Excadrill, M|item\n|poke|p2|Greninja, M|item\n|poke|p2|Tapu Koko|item\n|poke|p2|Gyarados, M|item\n|poke|p2|Hawlucha, M|item\n|poke|p2|Bisharp, F|item\n|teampreview\n|\n|start\n|switch|p1a: Kartana|Kartana|100\/100\n|switch|p2a: Excadrill|Excadrill, M|100\/100\n|-ability|p2a: Excadrill|Mold Breaker\n|turn|1\n|\n|move|p1a: Kartana|Leaf Blade|p2a: Excadrill\n|-damage|p2a: Excadrill|7\/100\n|move|p2a: Excadrill|Stealth Rock|p1a: Kartana\n|-sidestart|p1: H4WT \u272f|move: Stealth Rock\n|\n|upkeep\n|turn|2\n|j| ElNikez\n|\n|move|p1a: Kartana|Leaf Blade|p2a: Excadrill\n|-crit|p2a: Excadrill\n|-damage|p2a: Excadrill|0 fnt\n|faint|p2a: Excadrill\n|-ability|p1a: Kartana|Beast Boost|boost\n|-boost|p1a: Kartana|atk|1\n|\n|upkeep\n|\n|switch|p2a: Greninja|Greninja, M|100\/100\n|turn|3\n|\n|switch|p1a: Magearna|Magearna|100\/100\n|-damage|p1a: Magearna|94\/100|[from] Stealth Rock\n|move|p2a: Greninja|Hidden Power|p1a: Magearna\n|-start|p2a: Greninja|typechange|Fire|[from] Protean\n|-supereffective|p1a: Magearna\n|-damage|p1a: Magearna|72\/100\n|\n|upkeep\n|turn|4\n|\n|move|p2a: Greninja|Spikes|p1a: Magearna\n|-start|p2a: Greninja|typechange|Ground|[from] Protean\n|-sidestart|p1: H4WT \u272f|Spikes\n|move|p1a: Magearna|Fleur Cannon|p2a: Greninja\n|-damage|p2a: Greninja|10\/100\n|-unboost|p1a: Magearna|spa|2\n|\n|upkeep\n|turn|5\n|\n|move|p2a: Greninja|Spikes|p1a: Magearna\n|-sidestart|p1: H4WT \u272f|Spikes\n|move|p1a: Magearna|Iron Head|p2a: Greninja\n|-damage|p2a: Greninja|0 fnt\n|faint|p2a: Greninja\n|-ability|p1a: Magearna|Soul-Heart|boost\n|-boost|p1a: Magearna|spa|1\n|\n|upkeep\n|\n|switch|p2a: Bisharp|Bisharp, F|100\/100\n|turn|6\n|\n|move|p2a: Bisharp|Swords Dance|p2a: Bisharp\n|-boost|p2a: Bisharp|atk|2\n|move|p1a: Magearna|Volt Switch|p2a: Bisharp\n|-damage|p2a: Bisharp|80\/100\n|\n|switch|p1a: Kartana|Kartana|100\/100\n|-damage|p1a: Kartana|94\/100|[from] Stealth Rock\n|-damage|p1a: Kartana|78\/100|[from] Spikes\n|\n|upkeep\n|turn|7\n|\n|move|p2a: Bisharp|Sucker Punch|p1a: Kartana\n|-damage|p1a: Kartana|0 fnt\n|faint|p1a: Kartana\n|\n|upkeep\n|\n|switch|p1a: Rotom|Rotom-Wash|100\/100\n|-damage|p1a: Rotom|88\/100|[from] Stealth Rock\n|turn|8\n|\n|-zpower|p2a: Bisharp\n|move|p2a: Bisharp|Black Hole Eclipse|p1a: Rotom|[zeffect]\n|-damage|p1a: Rotom|0 fnt\n|faint|p1a: Rotom\n|\n|upkeep\n|-message|H4WT \u272f forfeited.\n|\n|win|Delish Nutrish\n|l|\u2606H4WT \u272f\n|raw|H4WT \u272f's rating: 1802 &rarr; <strong>1778<\/strong><br \/>(-24 for losing)\n|raw|Delish Nutrish's rating: 1727 &rarr; <strong>1751<\/strong><br \/>(+24 for winning)\n","inputlog":null,"uploadtime":1529340962,"views":29,"p1id":"h4wt","p2id":"delishnutrish","formatid":"gen7ou","rating":1751,"private":0,"password":null}