{"id":"gen7ou-942587254","p1":"JoJo321","p2":"anumate","format":"gen7ou","log":"|j|\u2606JoJo321\n|j|\u2606anumate\n|player|p1|JoJo321|170\n|player|p2|anumate|266\n|teamsize|p1|6\n|teamsize|p2|6\n|gametype|singles\n|gen|7\n|tier|[Gen 7] OU\n|rated|\n|rule|Sleep Clause Mod: Limit one foe put to sleep\n|rule|Species Clause: Limit one of each Pok\u00e9mon\n|rule|OHKO Clause: OHKO moves are banned\n|rule|Moody Clause: Moody is banned\n|rule|Evasion Moves Clause: Evasion moves are banned\n|rule|Endless Battle Clause: Forcing endless battles is banned\n|rule|HP Percentage Mod: HP is shown in percentages\n|clearpoke\n|poke|p1|Pelipper, F|item\n|poke|p1|Greninja, M|item\n|poke|p1|Swampert, M|item\n|poke|p1|Manaphy|item\n|poke|p1|Ferrothorn, F|item\n|poke|p1|Tornadus-Therian, M|item\n|poke|p2|Tapu Lele|item\n|poke|p2|Kartana|item\n|poke|p2|Diancie|item\n|poke|p2|Magnezone|item\n|poke|p2|Garchomp, F|item\n|poke|p2|Tapu Bulu|item\n|teampreview\n|j| jnkhbgvfgcvhgh\n|\n|start\n|switch|p1a: Pelipper|Pelipper, F|100\/100\n|switch|p2a: Diancie|Diancie|100\/100\n|-weather|RainDance|[from] ability: Drizzle|[of] p1a: Pelipper\n|turn|1\n|l| jnkhbgvfgcvhgh\n|\n|move|p2a: Diancie|Stealth Rock|p1a: Pelipper\n|-sidestart|p1: JoJo321|move: Stealth Rock\n|move|p1a: Pelipper|U-turn|p2a: Diancie\n|-resisted|p2a: Diancie\n|-crit|p2a: Diancie\n|-damage|p2a: Diancie|93\/100\n|\n|switch|p1a: Swampert|Swampert, M|100\/100|[from]move: U-turn\n|-damage|p1a: Swampert|94\/100|[from] Stealth Rock\n|\n|-weather|RainDance|[upkeep]\n|upkeep\n|turn|2\n|\n|detailschange|p1a: Swampert|Swampert-Mega, M\n|-mega|p1a: Swampert|Swampert|Swampertite\n|detailschange|p2a: Diancie|Diancie-Mega\n|-mega|p2a: Diancie|Diancie|Diancite\n|move|p2a: Diancie|Protect|p2a: Diancie\n|-singleturn|p2a: Diancie|Protect\n|move|p1a: Swampert|Ice Punch|p2a: Diancie\n|-activate|p2a: Diancie|move: Protect\n|\n|-weather|RainDance|[upkeep]\n|upkeep\n|turn|3\n|\n|switch|p2a: Tapu Bulu|Tapu Bulu|100\/100\n|-fieldstart|move: Grassy Terrain|[from] ability: Grassy Surge|[of] p2a: Tapu Bulu\n|move|p1a: Swampert|Waterfall|p2a: Tapu Bulu\n|-resisted|p2a: Tapu Bulu\n|-damage|p2a: Tapu Bulu|72\/100\n|\n|-weather|RainDance|[upkeep]\n|-heal|p1a: Swampert|100\/100|[from] Grassy Terrain\n|-heal|p2a: Tapu Bulu|78\/100|[from] item: Leftovers\n|-heal|p2a: Tapu Bulu|84\/100|[from] Grassy Terrain\n|upkeep\n|turn|4\n|\n|switch|p1a: Tornadus|Tornadus-Therian, M|100\/100\n|-damage|p1a: Tornadus|76\/100|[from] Stealth Rock\n|move|p2a: Tapu Bulu|Substitute|p2a: Tapu Bulu\n|-start|p2a: Tapu Bulu|Substitute\n|-damage|p2a: Tapu Bulu|60\/100\n|\n|-weather|RainDance|[upkeep]\n|-heal|p2a: Tapu Bulu|66\/100|[from] item: Leftovers\n|-heal|p2a: Tapu Bulu|72\/100|[from] Grassy Terrain\n|upkeep\n|turn|5\n|\n|move|p1a: Tornadus|Defog|p2a: Tapu Bulu\n|-sideend|p1: JoJo321|Stealth Rock|[from] move: Defog|[of] p1a: Tornadus\n|move|p2a: Tapu Bulu|Toxic|p1a: Tornadus\n|-status|p1a: Tornadus|tox\n|\n|-weather|RainDance|[upkeep]\n|-heal|p2a: Tapu Bulu|78\/100|[from] item: Leftovers\n|-heal|p2a: Tapu Bulu|84\/100|[from] Grassy Terrain\n|-damage|p1a: Tornadus|70\/100 tox|[from] psn\n|upkeep\n|turn|6\n|\n|move|p1a: Tornadus|Taunt|p2a: Tapu Bulu\n|-start|p2a: Tapu Bulu|move: Taunt\n|cant|p2a: Tapu Bulu|move: Taunt|Substitute\n|\n|-weather|RainDance|[upkeep]\n|-heal|p2a: Tapu Bulu|90\/100|[from] item: Leftovers\n|-heal|p2a: Tapu Bulu|96\/100|[from] Grassy Terrain\n|-damage|p1a: Tornadus|58\/100 tox|[from] psn\n|upkeep\n|turn|7\n|\n|move|p1a: Tornadus|U-turn|p2a: Tapu Bulu\n|-activate|p2a: Tapu Bulu|move: Substitute|[damage]\n|\n|switch|p1a: Ferrothorn|Ferrothorn, F|100\/100|[from]move: U-turn\n|move|p2a: Tapu Bulu|Horn Leech|p1a: Ferrothorn\n|-resisted|p1a: Ferrothorn\n|-damage|p1a: Ferrothorn|89\/100\n|-heal|p2a: Tapu Bulu|100\/100|[from] drain|[of] p1a: Ferrothorn\n|-damage|p2a: Tapu Bulu|88\/100|[from] ability: Iron Barbs|[of] p1a: Ferrothorn\n|\n|-weather|RainDance|[upkeep]\n|-heal|p2a: Tapu Bulu|94\/100|[from] item: Leftovers\n|-heal|p2a: Tapu Bulu|100\/100|[from] Grassy Terrain\n|-heal|p1a: Ferrothorn|95\/100|[from] Grassy Terrain\n|-fieldend|move: Grassy Terrain\n|upkeep\n|turn|8\n|\n|switch|p2a: Magnezone|Magnezone|100\/100\n|move|p1a: Ferrothorn|Gyro Ball|p2a: Magnezone\n|-resisted|p2a: Magnezone\n|-damage|p2a: Magnezone|88\/100\n|\n|-weather|none\n|upkeep\n|turn|9\n|\n|move|p2a: Magnezone|Hidden Power|p1a: Ferrothorn\n|-supereffective|p1a: Ferrothorn\n|-crit|p1a: Ferrothorn\n|-damage|p1a: Ferrothorn|0 fnt\n|faint|p1a: Ferrothorn\n|\n|upkeep\n|\n|switch|p1a: Pelipper|Pelipper, F|100\/100\n|-weather|RainDance|[from] ability: Drizzle|[of] p1a: Pelipper\n|turn|10\n|\n|move|p2a: Magnezone|Volt Switch|p1a: Pelipper\n|-supereffective|p1a: Pelipper\n|-damage|p1a: Pelipper|0 fnt\n|faint|p1a: Pelipper\n|-message|JoJo321 forfeited.\n|\n|win|anumate\n|l|\u2606JoJo321\n","uploadtime":1562768426,"views":20,"p1id":"jojo321","p2id":"anumate","formatid":"gen7ou","rating":0,"private":0,"password":null}