{"id":"gen7ou-1668817305","p1":"chriisssss","p2":"EEEEEvolto","format":"gen7ou","log":"|j|\u2606chriisssss\n|j|\u2606EEEEEvolto\n|t:|1663672779\n|gametype|singles\n|player|p1|chriisssss|ethan|1303\n|player|p2|EEEEEvolto|170|1417\n|teamsize|p1|6\n|teamsize|p2|6\n|gen|7\n|tier|[Gen 7] OU\n|rated|\n|rule|Sleep Clause Mod: Limit one foe put to sleep\n|rule|Species Clause: Limit one of each Pok\u00e9mon\n|rule|OHKO Clause: OHKO moves are banned\n|rule|Moody Clause: Moody is banned\n|rule|Evasion Items Clause: Evasion items are banned\n|rule|Evasion Moves Clause: Evasion moves are banned\n|rule|Endless Battle Clause: Forcing endless battles is banned\n|rule|HP Percentage Mod: HP is shown in percentages\n|clearpoke\n|poke|p1|Garchomp, F|item\n|poke|p1|Ribombee, F|item\n|poke|p1|Excadrill, M|item\n|poke|p1|Bisharp, M|item\n|poke|p1|Charizard, F|item\n|poke|p1|Azumarill, M|item\n|poke|p2|Sableye, F|item\n|poke|p2|Shedinja|item\n|poke|p2|Skarmory, M|item\n|poke|p2|Chansey, F|item\n|poke|p2|Ditto|item\n|poke|p2|Pyukumuku, M|item\n|teampreview\n|inactive|Battle timer is ON: inactive players will automatically lose when time's up. (requested by chriisssss)\n|\n|t:|1663672784\n|start\n|switch|p1a: Ribombee|Ribombee, F|100\/100\n|switch|p2a: \u5996\u7cbe\u4e4b\u4e0b\u6211\u65e0\u654c\uff0c\u5996\u7cbe\u4e4b\u4e2d\u4e00\u6362\u4e00|Sableye, F|100\/100\n|turn|1\n|\n|t:|1663672792\n|detailschange|p2a: \u5996\u7cbe\u4e4b\u4e0b\u6211\u65e0\u654c\uff0c\u5996\u7cbe\u4e4b\u4e2d\u4e00\u6362\u4e00|Sableye-Mega, F\n|-mega|p2a: \u5996\u7cbe\u4e4b\u4e0b\u6211\u65e0\u654c\uff0c\u5996\u7cbe\u4e4b\u4e2d\u4e00\u6362\u4e00|Sableye|Sablenite\n|move|p2a: \u5996\u7cbe\u4e4b\u4e0b\u6211\u65e0\u654c\uff0c\u5996\u7cbe\u4e4b\u4e2d\u4e00\u6362\u4e00|Protect|p2a: \u5996\u7cbe\u4e4b\u4e0b\u6211\u65e0\u654c\uff0c\u5996\u7cbe\u4e4b\u4e2d\u4e00\u6362\u4e00\n|-singleturn|p2a: \u5996\u7cbe\u4e4b\u4e0b\u6211\u65e0\u654c\uff0c\u5996\u7cbe\u4e4b\u4e2d\u4e00\u6362\u4e00|Protect\n|move|p1a: Ribombee|Moonblast|p2a: \u5996\u7cbe\u4e4b\u4e0b\u6211\u65e0\u654c\uff0c\u5996\u7cbe\u4e4b\u4e2d\u4e00\u6362\u4e00\n|-activate|p2a: \u5996\u7cbe\u4e4b\u4e0b\u6211\u65e0\u654c\uff0c\u5996\u7cbe\u4e4b\u4e2d\u4e00\u6362\u4e00|move: Protect\n|\n|upkeep\n|turn|2\n|\n|t:|1663672811\n|switch|p2a: \u98de\u9f20|Chansey, F|100\/100\n|move|p1a: Ribombee|Moonblast|p2a: \u98de\u9f20\n|-damage|p2a: \u98de\u9f20|88\/100\n|\n|upkeep\n|turn|3\n|\n|t:|1663672819\n|move|p1a: Ribombee|Stun Spore|p2a: \u98de\u9f20\n|-status|p2a: \u98de\u9f20|par\n|move|p2a: \u98de\u9f20|Toxic|p1a: Ribombee\n|-status|p1a: Ribombee|tox\n|\n|-damage|p1a: Ribombee|94\/100 tox|[from] psn\n|upkeep\n|turn|4\n|\n|t:|1663672835\n|switch|p1a: Garchomp|Garchomp, F|100\/100\n|move|p2a: \u98de\u9f20|Stealth Rock|p1a: Garchomp\n|-sidestart|p1: chriisssss|move: Stealth Rock\n|\n|upkeep\n|turn|5\n|\n|t:|1663672844\n|-curestatus|p2a: \u98de\u9f20|par|[from] ability: Natural Cure\n|switch|p2a: \u559c\u6b22\u6211\u767e\u53d8\u602a\u5417\uff1f|Ditto|100\/100\n|-transform|p2a: \u559c\u6b22\u6211\u767e\u53d8\u602a\u5417\uff1f|p1a: Garchomp|[from] ability: Imposter\n|move|p1a: Garchomp|Substitute|p1a: Garchomp\n|-start|p1a: Garchomp|Substitute\n|-damage|p1a: Garchomp|75\/100\n|\n|-heal|p1a: Garchomp|82\/100|[from] item: Leftovers\n|upkeep\n|turn|6\n|\n|t:|1663672859\n|switch|p2a: \u8bf7\u597d\u597d\u8ffd\u6253\u6211\uff01|Shedinja|100\/100\n|move|p1a: Garchomp|Swords Dance|p1a: Garchomp\n|-boost|p1a: Garchomp|atk|2\n|\n|-heal|p1a: Garchomp|88\/100|[from] item: Leftovers\n|upkeep\n|turn|7\n|\n|t:|1663672870\n|switch|p1a: Excadrill|Excadrill, M|100\/100\n|-damage|p1a: Excadrill|97\/100|[from] Stealth Rock\n|-ability|p1a: Excadrill|Mold Breaker\n|move|p2a: \u8bf7\u597d\u597d\u8ffd\u6253\u6211\uff01|Toxic|p1a: Excadrill\n|-immune|p1a: Excadrill\n|\n|upkeep\n|turn|8\n|\n|t:|1663672880\n|switch|p2a: \u5236\u9738\u7a7a\u6743|Skarmory, M|100\/100\n|move|p1a: Excadrill|Rock Tomb|p2a: \u5236\u9738\u7a7a\u6743\n|-damage|p2a: \u5236\u9738\u7a7a\u6743|87\/100\n|-unboost|p2a: \u5236\u9738\u7a7a\u6743|spe|1\n|\n|upkeep\n|turn|9\n|\n|t:|1663672889\n|move|p1a: Excadrill|Rapid Spin|p2a: \u5236\u9738\u7a7a\u6743\n|-resisted|p2a: \u5236\u9738\u7a7a\u6743\n|-damage|p2a: \u5236\u9738\u7a7a\u6743|85\/100\n|-sideend|p1: chriisssss|Stealth Rock|[from] move: Rapid Spin|[of] p1a: Excadrill\n|move|p2a: \u5236\u9738\u7a7a\u6743|Spikes|p1a: Excadrill\n|-sidestart|p1: chriisssss|Spikes\n|\n|upkeep\n|turn|10\n|\n|t:|1663672895\n|move|p1a: Excadrill|Rapid Spin|p2a: \u5236\u9738\u7a7a\u6743\n|-resisted|p2a: \u5236\u9738\u7a7a\u6743\n|-damage|p2a: \u5236\u9738\u7a7a\u6743|83\/100\n|-sideend|p1: chriisssss|Spikes|[from] move: Rapid Spin|[of] p1a: Excadrill\n|move|p2a: \u5236\u9738\u7a7a\u6743|Roost|p2a: \u5236\u9738\u7a7a\u6743\n|-heal|p2a: \u5236\u9738\u7a7a\u6743|100\/100\n|-singleturn|p2a: \u5236\u9738\u7a7a\u6743|move: Roost\n|\n|upkeep\n|turn|11\n|\n|t:|1663672903\n|switch|p2a: \u559c\u6b22\u6211\u767e\u53d8\u602a\u5417\uff1f|Ditto|100\/100\n|-transform|p2a: \u559c\u6b22\u6211\u767e\u53d8\u602a\u5417\uff1f|p1a: Excadrill|[from] ability: Imposter\n|-ability|p2a: \u559c\u6b22\u6211\u767e\u53d8\u602a\u5417\uff1f|Mold Breaker\n|move|p1a: Excadrill|Stealth Rock|p2a: \u559c\u6b22\u6211\u767e\u53d8\u602a\u5417\uff1f\n|-sidestart|p2: EEEEEvolto|move: Stealth Rock\n|\n|upkeep\n|turn|12\n|\n|t:|1663672915\n|switch|p1a: Charizard|Charizard, F|100\/100\n|move|p2a: \u559c\u6b22\u6211\u767e\u53d8\u602a\u5417\uff1f|Rapid Spin|p1a: Charizard\n|-damage|p1a: Charizard|90\/100\n|-sideend|p2: EEEEEvolto|Stealth Rock|[from] move: Rapid Spin|[of] p2a: \u559c\u6b22\u6211\u767e\u53d8\u602a\u5417\uff1f\n|\n|upkeep\n|turn|13\n|\n|t:|1663672930\n|switch|p2a: \u98de\u9f20|Chansey, F|88\/100\n|switch|p1a: Bisharp|Bisharp, M|100\/100\n|\n|upkeep\n|turn|14\n|\n|t:|1663672945\n|switch|p1a: Garchomp|Garchomp, F|88\/100\n|switch|p2a: \u5236\u9738\u7a7a\u6743|Skarmory, M|100\/100\n|\n|-heal|p1a: Garchomp|94\/100|[from] item: Leftovers\n|upkeep\n|turn|15\n|\n|t:|1663672956\n|switch|p1a: Charizard|Charizard, F|90\/100\n|move|p2a: \u5236\u9738\u7a7a\u6743|Spikes|p1a: Charizard\n|-sidestart|p1: chriisssss|Spikes\n|\n|upkeep\n|turn|16\n|\n|t:|1663672963\n|switch|p2a: \u98de\u9f20|Chansey, F|88\/100\n|detailschange|p1a: Charizard|Charizard-Mega-Y, F\n|-mega|p1a: Charizard|Charizard|Charizardite Y\n|-weather|SunnyDay|[from] ability: Drought|[of] p1a: Charizard\n|move|p1a: Charizard|Focus Blast|p2a: \u98de\u9f20\n|-supereffective|p2a: \u98de\u9f20\n|-damage|p2a: \u98de\u9f20|56\/100\n|\n|-weather|SunnyDay|[upkeep]\n|upkeep\n|turn|17\n|\n|t:|1663672974\n|switch|p1a: Excadrill|Excadrill, M|97\/100\n|-damage|p1a: Excadrill|85\/100|[from] Spikes\n|-ability|p1a: Excadrill|Mold Breaker\n|move|p2a: \u98de\u9f20|Soft-Boiled|p2a: \u98de\u9f20\n|-heal|p2a: \u98de\u9f20|100\/100\n|\n|-weather|SunnyDay|[upkeep]\n|upkeep\n|turn|18\n|\n|t:|1663672986\n|move|p1a: Excadrill|Rock Tomb|p2a: \u98de\u9f20\n|-damage|p2a: \u98de\u9f20|86\/100\n|-unboost|p2a: \u98de\u9f20|spe|1\n|move|p2a: \u98de\u9f20|Seismic Toss|p1a: Excadrill\n|-damage|p1a: Excadrill|57\/100\n|\n|-weather|SunnyDay|[upkeep]\n|upkeep\n|turn|19\n|\n|t:|1663672996\n|switch|p2a: \u5236\u9738\u7a7a\u6743|Skarmory, M|100\/100\n|move|p1a: Excadrill|Rapid Spin|p2a: \u5236\u9738\u7a7a\u6743\n|-resisted|p2a: \u5236\u9738\u7a7a\u6743\n|-damage|p2a: \u5236\u9738\u7a7a\u6743|99\/100\n|-sideend|p1: chriisssss|Spikes|[from] move: Rapid Spin|[of] p1a: Excadrill\n|\n|-weather|SunnyDay|[upkeep]\n|upkeep\n|turn|20\n|\n|t:|1663673005\n|switch|p2a: \u5996\u7cbe\u4e4b\u4e0b\u6211\u65e0\u654c\uff0c\u5996\u7cbe\u4e4b\u4e2d\u4e00\u6362\u4e00|Sableye-Mega, F|100\/100\n|move|p1a: Excadrill|Stealth Rock|p2a: \u5996\u7cbe\u4e4b\u4e0b\u6211\u65e0\u654c\uff0c\u5996\u7cbe\u4e4b\u4e2d\u4e00\u6362\u4e00\n|-sidestart|p2: EEEEEvolto|move: Stealth Rock\n|\n|-weather|none\n|upkeep\n|turn|21\n|\n|t:|1663673017\n|switch|p1a: Charizard|Charizard-Mega-Y, F|90\/100\n|-weather|SunnyDay|[from] ability: Drought|[of] p1a: Charizard\n|switch|p2a: \u5236\u9738\u7a7a\u6743|Skarmory, M|99\/100\n|-damage|p2a: \u5236\u9738\u7a7a\u6743|86\/100|[from] Stealth Rock\n|\n|-weather|SunnyDay|[upkeep]\n|upkeep\n|turn|22\n|\n|t:|1663673028\n|switch|p2a: \u98de\u9f20|Chansey, F|86\/100\n|-damage|p2a: \u98de\u9f20|74\/100|[from] Stealth Rock\n|move|p1a: Charizard|Flamethrower|p2a: \u98de\u9f20\n|-damage|p2a: \u98de\u9f20|50\/100\n|\n|-weather|SunnyDay|[upkeep]\n|upkeep\n|turn|23\n|\n|t:|1663673045\n|switch|p1a: Bisharp|Bisharp, M|100\/100\n|move|p2a: \u98de\u9f20|Soft-Boiled|p2a: \u98de\u9f20\n|-heal|p2a: \u98de\u9f20|99\/100\n|\n|-weather|SunnyDay|[upkeep]\n|upkeep\n|turn|24\n|\n|t:|1663673055\n|switch|p2a: \u8bb8\u4e03\u5b89|Pyukumuku, M|100\/100\n|-damage|p2a: \u8bb8\u4e03\u5b89|88\/100|[from] Stealth Rock\n|move|p1a: Bisharp|Swords Dance|p1a: Bisharp\n|-boost|p1a: Bisharp|atk|2\n|\n|-weather|SunnyDay|[upkeep]\n|upkeep\n|turn|25\n|\n|t:|1663673064\n|move|p2a: \u8bb8\u4e03\u5b89|Endure|p2a: \u8bb8\u4e03\u5b89\n|-singleturn|p2a: \u8bb8\u4e03\u5b89|move: Endure\n|move|p1a: Bisharp|Knock Off|p2a: \u8bb8\u4e03\u5b89\n|-activate|p2a: \u8bb8\u4e03\u5b89|move: Endure\n|-damage|p2a: \u8bb8\u4e03\u5b89|1\/100\n|-enditem|p2a: \u8bb8\u4e03\u5b89|Custap Berry|[from] move: Knock Off|[of] p1a: Bisharp\n|-damage|p1a: Bisharp|91\/100|[from] item: Life Orb\n|\n|-weather|none\n|upkeep\n|turn|26\n|\n|t:|1663673074\n|move|p1a: Bisharp|Knock Off|p2a: \u8bb8\u4e03\u5b89\n|-damage|p2a: \u8bb8\u4e03\u5b89|0 fnt\n|-damage|p1a: Bisharp|90\/100|[from] ability: Innards Out|[of] p2a: \u8bb8\u4e03\u5b89\n|faint|p2a: \u8bb8\u4e03\u5b89\n|-damage|p1a: Bisharp|80\/100|[from] item: Life Orb\n|\n|upkeep\n|\n|t:|1663673078\n|switch|p2a: \u559c\u6b22\u6211\u767e\u53d8\u602a\u5417\uff1f|Ditto|100\/100\n|-damage|p2a: \u559c\u6b22\u6211\u767e\u53d8\u602a\u5417\uff1f|88\/100|[from] Stealth Rock\n|-transform|p2a: \u559c\u6b22\u6211\u767e\u53d8\u602a\u5417\uff1f|p1a: Bisharp|[from] ability: Imposter\n|turn|27\n|\n|t:|1663673086\n|switch|p1a: Azumarill|Azumarill, M|100\/100\n|move|p2a: \u559c\u6b22\u6211\u767e\u53d8\u602a\u5417\uff1f|Knock Off|p1a: Azumarill\n|-resisted|p1a: Azumarill\n|-damage|p1a: Azumarill|41\/100\n|-enditem|p1a: Azumarill|Sitrus Berry|[from] move: Knock Off|[of] p2a: \u559c\u6b22\u6211\u767e\u53d8\u602a\u5417\uff1f\n|\n|upkeep\n|turn|28\n|\n|t:|1663673095\n|move|p2a: \u559c\u6b22\u6211\u767e\u53d8\u602a\u5417\uff1f|Knock Off|p1a: Azumarill\n|-resisted|p1a: Azumarill\n|-damage|p1a: Azumarill|0 fnt\n|faint|p1a: Azumarill\n|\n|upkeep\n|\n|t:|1663673104\n|switch|p1a: Garchomp|Garchomp, F|94\/100\n|turn|29\n|\n|t:|1663673109\n|move|p2a: \u559c\u6b22\u6211\u767e\u53d8\u602a\u5417\uff1f|Knock Off|p1a: Garchomp\n|-damage|p1a: Garchomp|0 fnt\n|-damage|p2a: \u559c\u6b22\u6211\u767e\u53d8\u602a\u5417\uff1f|76\/100|[from] ability: Rough Skin|[of] p1a: Garchomp\n|-enditem|p1a: Garchomp|Leftovers|[from] move: Knock Off|[of] p2a: \u559c\u6b22\u6211\u767e\u53d8\u602a\u5417\uff1f\n|faint|p1a: Garchomp\n|\n|upkeep\n|\n|t:|1663673130\n|switch|p1a: Ribombee|Ribombee, F|94\/100 tox\n|turn|30\n|\n|t:|1663673135\n|move|p1a: Ribombee|Moonblast|p2a: \u559c\u6b22\u6211\u767e\u53d8\u602a\u5417\uff1f\n|-damage|p2a: \u559c\u6b22\u6211\u767e\u53d8\u602a\u5417\uff1f|12\/100\n|move|p2a: \u559c\u6b22\u6211\u767e\u53d8\u602a\u5417\uff1f|Knock Off|p1a: Ribombee\n|-resisted|p1a: Ribombee\n|-damage|p1a: Ribombee|0 fnt\n|-enditem|p1a: Ribombee|Focus Sash|[from] move: Knock Off|[of] p2a: \u559c\u6b22\u6211\u767e\u53d8\u602a\u5417\uff1f\n|faint|p1a: Ribombee\n|\n|upkeep\n|\n|t:|1663673144\n|switch|p1a: Bisharp|Bisharp, M|80\/100\n|turn|31\n|\n|t:|1663673148\n|switch|p2a: \u5236\u9738\u7a7a\u6743|Skarmory, M|86\/100\n|-damage|p2a: \u5236\u9738\u7a7a\u6743|74\/100|[from] Stealth Rock\n|move|p1a: Bisharp|Sucker Punch||[still]\n|-fail|p1a: Bisharp\n|\n|upkeep\n|turn|32\n|\n|t:|1663673156\n|move|p1a: Bisharp|Swords Dance|p1a: Bisharp\n|-boost|p1a: Bisharp|atk|2\n|move|p2a: \u5236\u9738\u7a7a\u6743|Roost|p2a: \u5236\u9738\u7a7a\u6743\n|-heal|p2a: \u5236\u9738\u7a7a\u6743|100\/100\n|-singleturn|p2a: \u5236\u9738\u7a7a\u6743|move: Roost\n|\n|upkeep\n|turn|33\n|\n|t:|1663673164\n|move|p1a: Bisharp|Iron Head|p2a: \u5236\u9738\u7a7a\u6743\n|-resisted|p2a: \u5236\u9738\u7a7a\u6743\n|-damage|p2a: \u5236\u9738\u7a7a\u6743|68\/100\n|-damage|p1a: Bisharp|70\/100|[from] item: Life Orb\n|move|p2a: \u5236\u9738\u7a7a\u6743|Counter|p1a: Bisharp\n|-damage|p1a: Bisharp|0 fnt\n|faint|p1a: Bisharp\n|\n|upkeep\n|\n|t:|1663673173\n|switch|p1a: Charizard|Charizard-Mega-Y, F|90\/100\n|-weather|SunnyDay|[from] ability: Drought|[of] p1a: Charizard\n|turn|34\n|\n|t:|1663673178\n|switch|p2a: \u98de\u9f20|Chansey, F|99\/100\n|-damage|p2a: \u98de\u9f20|88\/100|[from] Stealth Rock\n|move|p1a: Charizard|Flamethrower|p2a: \u98de\u9f20\n|-damage|p2a: \u98de\u9f20|63\/100\n|\n|-weather|SunnyDay|[upkeep]\n|upkeep\n|turn|35\n|\n|t:|1663673187\n|move|p1a: Charizard|Roost|p1a: Charizard\n|-heal|p1a: Charizard|100\/100\n|-singleturn|p1a: Charizard|move: Roost\n|move|p2a: \u98de\u9f20|Soft-Boiled|p2a: \u98de\u9f20\n|-heal|p2a: \u98de\u9f20|100\/100\n|\n|-weather|SunnyDay|[upkeep]\n|upkeep\n|turn|36\n|-message|chriisssss forfeited.\n|\n|win|EEEEEvolto\n|raw|chriisssss's rating: 1303 &rarr; <strong>1289<\/strong><br \/>(-14 for losing)\n|raw|EEEEEvolto's rating: 1417 &rarr; <strong>1431<\/strong><br \/>(+14 for winning)\n|l|\u2606chriisssss\n|l|\u2606EEEEEvolto\n|j|\u2606EEEEEvolto\n|player|p2|EEEEEvolto|170\n||Ladder isn't responding, score probably updated but might not have (Request timeout).\n","uploadtime":1663673227,"views":20,"p1id":"chriisssss","p2id":"eeeeevolto","formatid":"gen7ou","rating":1289,"private":0,"password":null}