{"id":"gen7ou-592789835","p1":"I'm back from mars","p2":"sw is cool","format":"gen7ou","log":"|j|I'm back from mars\n|j|sw is cool\n|player|p1|I'm back from mars|128\n|teamsize|p1|6\n|player|p2|sw is cool|266\n|teamsize|p2|6\n|gametype|singles\n|gen|7\n|tier|[Gen 7] OU\n|rated\n|seed|33325,38163,25913,57247\n|clearpoke\n|poke|p1|Mew|item\n|poke|p1|Heracross, F|item\n|poke|p1|Jirachi|item\n|poke|p1|Tapu Fini|item\n|poke|p1|Landorus-Therian, M|item\n|poke|p1|Tyranitar, F|item\n|poke|p2|Tyranitar, F|item\n|poke|p2|Greninja, M|item\n|poke|p2|Magearna|item\n|poke|p2|Marowak-Alola, F|item\n|poke|p2|Latios, M|item\n|poke|p2|Tapu Koko|item\n|rule|Sleep Clause Mod: Limit one foe put to sleep\n|rule|Species Clause: Limit one of each Pok\u00e9mon\n|rule|OHKO Clause: OHKO moves are banned\n|rule|Moody Clause: Moody is banned\n|rule|Evasion Moves Clause: Evasion moves are banned\n|rule|Endless Battle Clause: Forcing endless battles is banned\n|rule|HP Percentage Mod: HP is shown in percentages\n|teampreview\n|inactive|Battle timer is ON: inactive players will automatically lose when time's up. (requested by sw is cool)\n|choice|team 4, team 2, team 3, team 1, team 5, team 6|team 2, team 1, team 3, team 4, team 5, team 6\n|\n|start\n|switch|p1a: Tapu Fini|Tapu Fini|343\/343\n|switch|p2a: Greninja|Greninja, M|285\/285\n|-fieldstart|move: Misty Terrain|[from] ability: Misty Surge|[of] p1a: Tapu Fini\n|turn|1\n|choice|switch 3|switch 6\n|\n|switch|p2a: Tapu Koko|Tapu Koko|281\/281\n|-fieldstart|move: Electric Terrain|[from] ability: Electric Surge|[of] p2a: Tapu Koko\n|switch|p1a: Jirachi|Jirachi|341\/341\n|\n|upkeep\n|turn|2\n|choice|move ironhead|move thunderbolt\n|\n|move|p1a: Jirachi|Iron Head|p2a: Tapu Koko\n|-damage|p2a: Tapu Koko|151\/281\n|cant|p2a: Tapu Koko|flinch\n|\n|upkeep\n|turn|3\n|choice|switch 6|move thunderbolt\n|\n|switch|p1a: Tyranitar|Tyranitar, F|342\/342\n|-weather|Sandstorm|[from] ability: Sand Stream|[of] p1a: Tyranitar\n|move|p2a: Tapu Koko|Thunderbolt|p1a: Tyranitar\n|-damage|p1a: Tyranitar|173\/342\n|\n|-weather|Sandstorm|[upkeep]\n|-damage|p2a: Tapu Koko|134\/281|[from] sandstorm\n|upkeep\n|turn|4\n|choice|switch 5|move thunderbolt\n|\n|switch|p1a: Landorus|Landorus-Therian, M|319\/319\n|-ability|p1a: Landorus|Intimidate|boost\n|-unboost|p2a: Tapu Koko|atk|1\n|move|p2a: Tapu Koko|Thunderbolt|p1a: Landorus\n|-immune|p1a: Landorus|[msg]\n|\n|-weather|Sandstorm|[upkeep]\n|-damage|p2a: Tapu Koko|117\/281|[from] sandstorm\n|upkeep\n|turn|5\n|choice|move stealthrock|move taunt\n|\n|move|p2a: Tapu Koko|Taunt|p1a: Landorus\n|-start|p1a: Landorus|move: Taunt\n|cant|p1a: Landorus|move: Taunt|Stealth Rock\n|\n|-weather|Sandstorm|[upkeep]\n|-damage|p2a: Tapu Koko|100\/281|[from] sandstorm\n|-fieldend|move: Electric Terrain\n|upkeep\n|turn|6\n|choice|switch 6|move hiddenpower\n|\n|switch|p1a: Jirachi|Jirachi|341\/341\n|move|p2a: Tapu Koko|Hidden Power|p1a: Jirachi\n|-resisted|p1a: Jirachi\n|-damage|p1a: Jirachi|314\/341\n|\n|-weather|Sandstorm|[upkeep]\n|-damage|p2a: Tapu Koko|83\/281|[from] sandstorm\n|upkeep\n|turn|7\n|choice|move ironhead|move uturn\n|\n|move|p1a: Jirachi|Iron Head|p2a: Tapu Koko\n|-damage|p2a: Tapu Koko|0 fnt\n|faint|p2a: Tapu Koko\n|\n|-weather|none\n|upkeep\n|choice||switch 4\n|\n|switch|p2a: Marowak|Marowak-Alola, F|262\/262\n|turn|8\n|choice|switch 6|move stealthrock\n|\n|switch|p1a: Landorus|Landorus-Therian, M|319\/319\n|-ability|p1a: Landorus|Intimidate|boost\n|-unboost|p2a: Marowak|atk|1\n|move|p2a: Marowak|Stealth Rock|p1a: Landorus\n|-sidestart|p1: I'm back from mars|move: Stealth Rock\n|\n|upkeep\n|turn|9\n|choice|move stealthrock|switch 6\n|\n|switch|p2a: Greninja|Greninja, M|285\/285\n|move|p1a: Landorus|Stealth Rock|p2a: Greninja\n|-sidestart|p2: sw is cool|move: Stealth Rock\n|\n|upkeep\n|turn|10\n|choice|switch 3|move extrasensory\n|\n|switch|p1a: Tapu Fini|Tapu Fini|343\/343\n|-damage|p1a: Tapu Fini|301\/343|[from] Stealth Rock\n|-fieldstart|move: Misty Terrain|[from] ability: Misty Surge|[of] p1a: Tapu Fini\n|move|p2a: Greninja|Extrasensory|p1a: Tapu Fini\n|-start|p2a: Greninja|typechange|Psychic|[from] Protean\n|-damage|p1a: Tapu Fini|183\/343\n|-damage|p2a: Greninja|257\/285|[from] item: Life Orb\n|\n|-heal|p1a: Tapu Fini|204\/343|[from] item: Leftovers\n|upkeep\n|turn|11\n|choice|switch 6|move extrasensory\n|\n|switch|p1a: Jirachi|Jirachi|314\/341\n|-damage|p1a: Jirachi|293\/341|[from] Stealth Rock\n|move|p2a: Greninja|Extrasensory|p1a: Jirachi\n|-resisted|p1a: Jirachi\n|-damage|p1a: Jirachi|258\/341\n|-damage|p2a: Greninja|229\/285|[from] item: Life Orb\n|\n|upkeep\n|turn|12\n|choice|move ironhead|switch 6\n|\n|switch|p2a: Marowak|Marowak-Alola, F|262\/262\n|-damage|p2a: Marowak|197\/262|[from] Stealth Rock\n|move|p1a: Jirachi|Iron Head|p2a: Marowak\n|-resisted|p2a: Marowak\n|-damage|p2a: Marowak|138\/262\n|\n|upkeep\n|turn|13\n|choice|switch 3|move flareblitz\n|\n|switch|p1a: Landorus|Landorus-Therian, M|319\/319\n|-damage|p1a: Landorus|280\/319|[from] Stealth Rock\n|-ability|p1a: Landorus|Intimidate|boost\n|-unboost|p2a: Marowak|atk|1\n|move|p2a: Marowak|Flare Blitz|p1a: Landorus\n|-damage|p1a: Landorus|34\/319\n|\n|upkeep\n|turn|14\n|choice|move stoneedge|switch 5\n|\n|switch|p2a: Latios|Latios, M|301\/301\n|-damage|p2a: Latios|264\/301|[from] Stealth Rock\n|move|p1a: Landorus|Stone Edge|p2a: Latios\n|-damage|p2a: Latios|96\/301\n|\n|-fieldend|Misty Terrain\n|upkeep\n|turn|15\n|choice|move stoneedge|move defog\n|\n|move|p2a: Latios|Defog|p1a: Landorus\n|-unboost|p1a: Landorus|evasion|1\n|-sideend|p1: I'm back from mars|Stealth Rock|[from] move: Defog|[of] p1a: Landorus\n|-sideend|p2: sw is cool|Stealth Rock|[from] move: Defog|[of] p2a: Latios\n|move|p1a: Landorus|Stone Edge|p2a: Latios\n|-damage|p2a: Latios|0 fnt\n|faint|p2a: Latios\n|\n|upkeep\n|choice||switch 6\n|\n|switch|p2a: Greninja|Greninja, M|229\/285\n|turn|16\n|j|tinymovingfarts\n|choice|switch 6|move spikes\n|\n|switch|p1a: Tapu Fini|Tapu Fini|204\/343\n|-fieldstart|move: Misty Terrain|[from] ability: Misty Surge|[of] p1a: Tapu Fini\n|move|p2a: Greninja|Spikes|p1a: Tapu Fini\n|-start|p2a: Greninja|typechange|Ground|[from] Protean\n|-sidestart|p1: I'm back from mars|Spikes\n|\n|-heal|p1a: Tapu Fini|225\/343|[from] item: Leftovers\n|upkeep\n|turn|17\n|choice|move scald|move extrasensory\n|\n|move|p2a: Greninja|Extrasensory|p1a: Tapu Fini\n|-start|p2a: Greninja|typechange|Psychic|[from] Protean\n|-damage|p1a: Tapu Fini|104\/343\n|-damage|p2a: Greninja|201\/285|[from] item: Life Orb\n|cant|p1a: Tapu Fini|flinch\n|\n|-heal|p1a: Tapu Fini|125\/343|[from] item: Leftovers\n|upkeep\n|turn|18\n|choice|move moonblast|move extrasensory\n|\n|move|p2a: Greninja|Extrasensory|p1a: Tapu Fini\n|-damage|p1a: Tapu Fini|0 fnt\n|-damage|p2a: Greninja|173\/285|[from] item: Life Orb\n|faint|p1a: Tapu Fini\n|\n|upkeep\n|choice|switch 3|\n|\n|switch|p1a: Jirachi|Jirachi|258\/341\n|-damage|p1a: Jirachi|216\/341|[from] Spikes\n|turn|19\n|choice|move uturn|switch 5\n|\n|switch|p2a: Marowak|Marowak-Alola, F|138\/262\n|move|p1a: Jirachi|U-turn|p2a: Marowak\n|-resisted|p2a: Marowak\n|-damage|p2a: Marowak|122\/262\n|choice|switch 5|\n|\n|switch|p1a: Tyranitar|Tyranitar, F|173\/342\n|-damage|p1a: Tyranitar|131\/342|[from] Spikes\n|-weather|Sandstorm|[from] ability: Sand Stream|[of] p1a: Tyranitar\n|\n|-weather|Sandstorm|[upkeep]\n|-damage|p2a: Marowak|106\/262|[from] sandstorm\n|upkeep\n|turn|20\n|choice|move pursuit|move stealthrock\n|\n|move|p1a: Tyranitar|Pursuit|p2a: Marowak\n|-supereffective|p2a: Marowak\n|-damage|p2a: Marowak|0 fnt\n|faint|p2a: Marowak\n|\n|-weather|Sandstorm|[upkeep]\n|-fieldend|Misty Terrain\n|upkeep\n|choice||switch 2\n|\n|switch|p2a: Tyranitar|Tyranitar, F|341\/341\n|turn|21\n|choice|switch 6|move dragondance mega\n|\n|switch|p1a: Landorus|Landorus-Therian, M|34\/319\n|-ability|p1a: Landorus|Intimidate|boost\n|-unboost|p2a: Tyranitar|atk|1\n|detailschange|p2a: Tyranitar|Tyranitar-Mega, F\n|-mega|p2a: Tyranitar|Tyranitar|Tyranitarite\n|move|p2a: Tyranitar|Dragon Dance|p2a: Tyranitar\n|-boost|p2a: Tyranitar|atk|1\n|-boost|p2a: Tyranitar|spe|1\n|\n|-weather|Sandstorm|[upkeep]\n|upkeep\n|turn|22\n|choice|move earthquake|move dragondance\n|\n|move|p2a: Tyranitar|Dragon Dance|p2a: Tyranitar\n|-boost|p2a: Tyranitar|atk|1\n|-boost|p2a: Tyranitar|spe|1\n|move|p1a: Landorus|Earthquake|p2a: Tyranitar\n|-supereffective|p2a: Tyranitar\n|-damage|p2a: Tyranitar|23\/341\n|\n|-weather|Sandstorm|[upkeep]\n|upkeep\n|turn|23\n|choice|switch 6|move icepunch\n|\n|switch|p1a: Tyranitar|Tyranitar, F|131\/342\n|-damage|p1a: Tyranitar|89\/342|[from] Spikes\n|move|p2a: Tyranitar|Ice Punch|p1a: Tyranitar\n|-damage|p1a: Tyranitar|0 fnt\n|faint|p1a: Tyranitar\n|\n|-weather|none\n|upkeep\n|choice|switch 2|\n|\n|switch|p1a: Heracross|Heracross, F|302\/302\n|-damage|p1a: Heracross|265\/302|[from] Spikes\n|turn|24\n|choice|move earthquake mega|move firepunch\n|\n|detailschange|p1a: Heracross|Heracross-Mega, F\n|-mega|p1a: Heracross|Heracross|Heracronite\n|move|p2a: Tyranitar|Fire Punch|p1a: Heracross\n|-supereffective|p1a: Heracross\n|-damage|p1a: Heracross|0 fnt\n|faint|p1a: Heracross\n|\n|upkeep\n|choice|switch 6|\n|\n|switch|p1a: Landorus|Landorus-Therian, M|34\/319\n|-ability|p1a: Landorus|Intimidate|boost\n|-unboost|p2a: Tyranitar|atk|1\n|turn|25\n|choice|move earthquake|move firepunch\n|\n|move|p2a: Tyranitar|Fire Punch|p1a: Landorus\n|-damage|p1a: Landorus|0 fnt\n|faint|p1a: Landorus\n|\n|upkeep\n|choice|switch 4|\n|\n|switch|p1a: Mew|Mew|401\/401\n|-damage|p1a: Mew|351\/401|[from] Spikes\n|turn|26\n|choice|move willowisp|switch 5\n|\n|switch|p2a: Greninja|Greninja, M|173\/285\n|move|p1a: Mew|Will-O-Wisp|p2a: Greninja\n|-status|p2a: Greninja|brn\n|\n|-heal|p1a: Mew|376\/401|[from] item: Leftovers\n|-damage|p2a: Greninja|156\/285 brn|[from] brn\n|upkeep\n|turn|27\n|choice|move defog|move darkpulse\n|\n|move|p2a: Greninja|Dark Pulse|p1a: Mew\n|-start|p2a: Greninja|typechange|Dark|[from] Protean\n|-supereffective|p1a: Mew\n|-damage|p1a: Mew|108\/401\n|-damage|p2a: Greninja|128\/285 brn|[from] item: Life Orb\n|move|p1a: Mew|Defog|p2a: Greninja\n|-unboost|p2a: Greninja|evasion|1\n|-sideend|p1: I'm back from mars|Spikes|[from] move: Defog|[of] p1a: Mew\n|\n|-heal|p1a: Mew|133\/401|[from] item: Leftovers\n|-damage|p2a: Greninja|111\/285 brn|[from] brn\n|upkeep\n|turn|28\n|choice|move defog|move darkpulse\n|\n|move|p2a: Greninja|Dark Pulse|p1a: Mew\n|-supereffective|p1a: Mew\n|-damage|p1a: Mew|0 fnt\n|-damage|p2a: Greninja|83\/285 brn|[from] item: Life Orb\n|faint|p1a: Mew\n|\n|-damage|p2a: Greninja|66\/285 brn|[from] brn\n|upkeep\n|choice|switch 5|\n|\n|switch|p1a: Jirachi|Jirachi|216\/341\n|turn|29\n|j|Jet\n|choice|move ironhead|switch 5\n|\n|switch|p2a: Tyranitar|Tyranitar-Mega, F|23\/341\n|-weather|Sandstorm|[from] ability: Sand Stream|[of] p2a: Tyranitar\n|move|p1a: Jirachi|Iron Head|p2a: Tyranitar\n|-supereffective|p2a: Tyranitar\n|-damage|p2a: Tyranitar|0 fnt\n|faint|p2a: Tyranitar\n|\n|-weather|Sandstorm|[upkeep]\n|upkeep\n|choice||switch 5\n|\n|switch|p2a: Greninja|Greninja, M|66\/285 brn\n|turn|30\n|choice|move ironhead|move darkpulse\n|\n|move|p1a: Jirachi|Iron Head|p2a: Greninja\n|-resisted|p2a: Greninja\n|-damage|p2a: Greninja|0 fnt\n|faint|p2a: Greninja\n|\n|-weather|Sandstorm|[upkeep]\n|upkeep\n|choice||switch 3\n|\n|switch|p2a: Magearna|Magearna|301\/301\n|turn|31\n|c| Jet|>not using pink stall\n|choice|move ironhead|move shiftgear\n|\n|move|p1a: Jirachi|Iron Head|p2a: Magearna\n|-damage|p2a: Magearna|190\/301\n|move|p2a: Magearna|Shift Gear|p2a: Magearna\n|-boost|p2a: Magearna|spe|2\n|-boost|p2a: Magearna|atk|1\n|\n|-weather|Sandstorm|[upkeep]\n|upkeep\n|turn|32\n|choice|move ironhead|move focusblast zmove\n|\n|-zpower|p2a: Magearna\n|move|p2a: Magearna|All-Out Pummeling|p1a: Jirachi|[zeffect]\n|-damage|p1a: Jirachi|0 fnt\n|faint|p1a: Jirachi\n|\n|win|sw is cool\n|j|JimboStar\n|raw|I&apos;m back from mars's rating: 1716 &rarr; <strong>1702<\/strong><br \/>(-14 for losing)\n|raw|sw is cool's rating: 1823 &rarr; <strong>1837<\/strong><br \/>(+14 for winning)\n|l|JimboStar\n|j|JimboStar\n|l|I'm back from mars\n|l|Jet","inputlog":null,"uploadtime":1497870653,"views":34,"p1id":"imbackfrommars","p2id":"swiscool","formatid":"gen7ou","rating":1702,"private":0,"password":null}