{"id":"gen7ou-819981926","p1":"BigL91","p2":"kk333","format":"gen7ou","log":"|j|\u2606BigL91\n|j|\u2606kk333\n|player|p1|BigL91|135\n|player|p2|kk333|101\n|teamsize|p1|6\n|teamsize|p2|6\n|gametype|singles\n|gen|7\n|tier|[Gen 7] OU\n|rated|\n|rule|Sleep Clause Mod: Limit one foe put to sleep\n|rule|Species Clause: Limit one of each Pok\u00e9mon\n|rule|OHKO Clause: OHKO moves are banned\n|rule|Moody Clause: Moody is banned\n|rule|Evasion Moves Clause: Evasion moves are banned\n|rule|Endless Battle Clause: Forcing endless battles is banned\n|rule|HP Percentage Mod: HP is shown in percentages\n|clearpoke\n|poke|p1|Kyurem-Black|item\n|poke|p1|Tapu Koko|item\n|poke|p1|Landorus-Therian, M|item\n|poke|p1|Heatran, F|item\n|poke|p1|Scizor, F|item\n|poke|p1|Chansey, F|item\n|poke|p2|Ribombee, M|item\n|poke|p2|Kartana|item\n|poke|p2|Pinsir, M|item\n|poke|p2|Tapu Lele|item\n|poke|p2|Landorus-Therian, M|item\n|poke|p2|Blacephalon|item\n|teampreview\n|\n|start\n|switch|p1a: Scizor|Scizor, F|100\/100\n|switch|p2a: Ribombee|Ribombee, M|100\/100\n|turn|1\n|j| ApplyLight\n|\n|detailschange|p1a: Scizor|Scizor-Mega, F\n|-mega|p1a: Scizor|Scizor|Scizorite\n|move|p1a: Scizor|Bullet Punch|p2a: Ribombee\n|-supereffective|p2a: Ribombee\n|-enditem|p2a: Ribombee|Focus Sash\n|-damage|p2a: Ribombee|1\/100\n|move|p2a: Ribombee|Sticky Web|p1a: Scizor\n|-sidestart|p1: BigL91|move: Sticky Web\n|\n|upkeep\n|turn|2\n|\n|switch|p2a: Landorus|Landorus-Therian, M|100\/100\n|-ability|p2a: Landorus|Intimidate|boost\n|-unboost|p1a: Scizor|atk|1\n|move|p1a: Scizor|Bullet Punch|p2a: Landorus\n|-damage|p2a: Landorus|78\/100\n|\n|upkeep\n|turn|3\n|\n|move|p2a: Landorus|Explosion|p1a: Scizor\n|-resisted|p1a: Scizor\n|-damage|p1a: Scizor|73\/100\n|faint|p2a: Landorus\n|move|p1a: Scizor|Curse|p1a: Scizor\n|-unboost|p1a: Scizor|spe|1\n|-boost|p1a: Scizor|atk|1\n|-boost|p1a: Scizor|def|1\n|\n|upkeep\n|\n|switch|p2a: Blacephalon|Blacephalon|100\/100\n|turn|4\n|\n|switch|p1a: Chansey|Chansey, F|100\/100\n|-activate|p1a: Chansey|move: Sticky Web\n|-unboost|p1a: Chansey|spe|1\n|move|p2a: Blacephalon|Shadow Ball|p1a: Chansey\n|-immune|p1a: Chansey|[msg]\n|\n|upkeep\n|turn|5\n|\n|move|p2a: Blacephalon|Substitute|p2a: Blacephalon\n|-start|p2a: Blacephalon|Substitute\n|-damage|p2a: Blacephalon|76\/100\n|move|p1a: Chansey|Thunder Wave|p2a: Blacephalon\n|-fail|p2a: Blacephalon\n|\n|upkeep\n|turn|6\n|\n|switch|p1a: Heatran|Heatran, F|100\/100\n|-activate|p1a: Heatran|move: Sticky Web\n|-unboost|p1a: Heatran|spe|1\n|move|p2a: Blacephalon|Calm Mind|p2a: Blacephalon\n|-boost|p2a: Blacephalon|spa|1\n|-boost|p2a: Blacephalon|spd|1\n|\n|upkeep\n|turn|7\n|\n|move|p2a: Blacephalon|Shadow Ball|p1a: Heatran\n|-damage|p1a: Heatran|40\/100\n|move|p1a: Heatran|Earth Power|p2a: Blacephalon\n|-supereffective|p2a: Blacephalon\n|-end|p2a: Blacephalon|Substitute\n|\n|-heal|p1a: Heatran|46\/100|[from] item: Leftovers\n|upkeep\n|turn|8\n|\n|move|p2a: Blacephalon|Shadow Ball|p1a: Heatran\n|-damage|p1a: Heatran|0 fnt\n|faint|p1a: Heatran\n|-ability|p2a: Blacephalon|Beast Boost|boost\n|-boost|p2a: Blacephalon|spa|1\n|\n|upkeep\n|\n|switch|p1a: Landorus|Landorus-Therian, M|100\/100\n|-ability|p1a: Landorus|Intimidate|boost\n|-unboost|p2a: Blacephalon|atk|1\n|turn|9\n|\n|move|p1a: Landorus|Earthquake|p2a: Blacephalon\n|-supereffective|p2a: Blacephalon\n|-damage|p2a: Blacephalon|0 fnt\n|faint|p2a: Blacephalon\n|\n|upkeep\n|\n|switch|p2a: Pinsir|Pinsir, M|100\/100\n|turn|10\n|\n|switch|p1a: Kyurem|Kyurem-Black|100\/100\n|-activate|p1a: Kyurem|move: Sticky Web\n|-unboost|p1a: Kyurem|spe|1\n|-ability|p1a: Kyurem|Teravolt\n|detailschange|p2a: Pinsir|Pinsir-Mega, M\n|-mega|p2a: Pinsir|Pinsir|Pinsirite\n|move|p2a: Pinsir|Swords Dance|p2a: Pinsir\n|-boost|p2a: Pinsir|atk|2\n|\n|upkeep\n|turn|11\n|\n|move|p2a: Pinsir|Close Combat|p1a: Kyurem\n|-supereffective|p1a: Kyurem\n|-damage|p1a: Kyurem|0 fnt\n|-unboost|p2a: Pinsir|def|1\n|-unboost|p2a: Pinsir|spd|1\n|faint|p1a: Kyurem\n|\n|upkeep\n|\n|switch|p1a: Landorus|Landorus-Therian, M|100\/100\n|-ability|p1a: Landorus|Intimidate|boost\n|-unboost|p2a: Pinsir|atk|1\n|turn|12\n|\n|switch|p2a: Ribombee|Ribombee, M|1\/100\n|move|p1a: Landorus|Defog|p2a: Ribombee\n|-unboost|p2a: Ribombee|evasion|1\n|-sideend|p1: BigL91|Sticky Web|[from] move: Defog|[of] p1a: Landorus\n|\n|upkeep\n|turn|13\n|\n|move|p1a: Landorus|Defog|p2a: Ribombee\n|-unboost|p2a: Ribombee|evasion|1\n|move|p2a: Ribombee|Sticky Web|p1a: Landorus\n|-sidestart|p1: BigL91|move: Sticky Web\n|\n|upkeep\n|turn|14\n|\n|move|p1a: Landorus|Defog|p2a: Ribombee\n|-unboost|p2a: Ribombee|evasion|1\n|-sideend|p1: BigL91|Sticky Web|[from] move: Defog|[of] p1a: Landorus\n|move|p2a: Ribombee|Stun Spore|p1a: Landorus\n|-status|p1a: Landorus|par\n|\n|upkeep\n|turn|15\n|\n|switch|p1a: Scizor|Scizor-Mega, F|73\/100\n|move|p2a: Ribombee|Moonblast|p1a: Scizor\n|-resisted|p1a: Scizor\n|-damage|p1a: Scizor|52\/100\n|\n|upkeep\n|turn|16\n|\n|switch|p2a: Tapu Lele|Tapu Lele|100\/100\n|-fieldstart|move: Psychic Terrain|[from] ability: Psychic Surge|[of] p2a: Tapu Lele\n|move|p1a: Scizor|Bullet Punch|p2a: Tapu Lele\n|-activate|p2a: Tapu Lele|move: Psychic Terrain\n|\n|upkeep\n|turn|17\n|\n|switch|p1a: Chansey|Chansey, F|100\/100\n|move|p2a: Tapu Lele|Hidden Power|p1a: Chansey\n|-damage|p1a: Chansey|93\/100\n|\n|upkeep\n|turn|18\n|\n|switch|p2a: Ribombee|Ribombee, M|1\/100\n|move|p1a: Chansey|Stealth Rock|p2a: Ribombee\n|-sidestart|p2: kk333|move: Stealth Rock\n|\n|upkeep\n|turn|19\n|\n|move|p2a: Ribombee|Sticky Web|p1a: Chansey\n|-sidestart|p1: BigL91|move: Sticky Web\n|move|p1a: Chansey|Seismic Toss|p2a: Ribombee\n|-damage|p2a: Ribombee|0 fnt\n|faint|p2a: Ribombee\n|\n|upkeep\n|\n|switch|p2a: Kartana|Kartana|100\/100\n|-damage|p2a: Kartana|94\/100|[from] Stealth Rock\n|turn|20\n|\n|switch|p1a: Landorus|Landorus-Therian, M|100\/100 par\n|-ability|p1a: Landorus|Intimidate|boost\n|-unboost|p2a: Kartana|atk|1\n|move|p2a: Kartana|Swords Dance|p2a: Kartana\n|-boost|p2a: Kartana|atk|2\n|\n|-fieldend|move: Psychic Terrain\n|upkeep\n|turn|21\n|\n|move|p2a: Kartana|Leaf Blade|p1a: Landorus\n|-crit|p1a: Landorus\n|-damage|p1a: Landorus|0 fnt\n|faint|p1a: Landorus\n|-ability|p2a: Kartana|Beast Boost|boost\n|-boost|p2a: Kartana|atk|1\n|\n|upkeep\n|\n|switch|p1a: Scizor|Scizor-Mega, F|52\/100\n|-activate|p1a: Scizor|move: Sticky Web\n|-unboost|p1a: Scizor|spe|1\n|turn|22\n|\n|move|p2a: Kartana|Sacred Sword|p1a: Scizor\n|-damage|p1a: Scizor|3\/100\n|move|p1a: Scizor|Roost|p1a: Scizor\n|-heal|p1a: Scizor|53\/100\n|\n|upkeep\n|turn|23\n|\n|move|p2a: Kartana|Swords Dance|p2a: Kartana\n|-boost|p2a: Kartana|atk|2\n|move|p1a: Scizor|Roost|p1a: Scizor\n|-heal|p1a: Scizor|100\/100\n|\n|upkeep\n|turn|24\n|\n|move|p2a: Kartana|Sacred Sword|p1a: Scizor\n|-damage|p1a: Scizor|35\/100\n|move|p1a: Scizor|Curse|p1a: Scizor\n|-unboost|p1a: Scizor|spe|1\n|-boost|p1a: Scizor|atk|1\n|-boost|p1a: Scizor|def|1\n|\n|upkeep\n|turn|25\n|\n|move|p2a: Kartana|Sacred Sword|p1a: Scizor\n|-damage|p1a: Scizor|0 fnt\n|faint|p1a: Scizor\n|-ability|p2a: Kartana|Beast Boost|boost\n|-boost|p2a: Kartana|atk|1\n|\n|upkeep\n|\n|switch|p1a: Tapu Koko|Tapu Koko|100\/100\n|-activate|p1a: Tapu Koko|move: Sticky Web\n|-unboost|p1a: Tapu Koko|spe|1\n|-fieldstart|move: Electric Terrain|[from] ability: Electric Surge|[of] p1a: Tapu Koko\n|turn|26\n|-message|BigL91 forfeited.\n|\n|win|kk333\n|l|\u2606BigL91\n|raw|BigL91's rating: 1616 &rarr; <strong>1599<\/strong><br \/>(-17 for losing)\n|raw|kk333's rating: 1678 &rarr; <strong>1694<\/strong><br \/>(+16 for winning)\n","uploadtime":1539483539,"views":1,"p1id":"bigl91","p2id":"kk333","formatid":"gen7ou","rating":1599,"private":0,"password":null}