{"id":"gen7ou-1305308358","p1":"Jfsosa10","p2":"lord cube","format":"gen7ou","log":"|j|\u2606Jfsosa10\n|j|\u2606lord cube\n|t:|1616251328\n|player|p1|Jfsosa10|1|1752\n|player|p2|lord cube|steven|1520\n|teamsize|p1|6\n|teamsize|p2|6\n|gametype|singles\n|gen|7\n|tier|[Gen 7] OU\n|rated|\n|clearpoke\n|poke|p1|Alakazam, F|item\n|poke|p1|Tapu Lele|item\n|poke|p1|Kartana|item\n|poke|p1|Kommo-o, M|item\n|poke|p1|Magearna|item\n|poke|p1|Landorus-Therian, M|item\n|poke|p2|Swampert, M|item\n|poke|p2|Tornadus-Therian, M|item\n|poke|p2|Greninja, M|item\n|poke|p2|Ferrothorn, F|item\n|poke|p2|Manaphy|item\n|poke|p2|Pelipper, F|item\n|rule|Sleep Clause Mod: Limit one foe put to sleep\n|rule|Species Clause: Limit one of each Pok\u00e9mon\n|rule|OHKO Clause: OHKO moves are banned\n|rule|Moody Clause: Moody is banned\n|rule|Evasion Moves Clause: Evasion moves are banned\n|rule|Endless Battle Clause: Forcing endless battles is banned\n|rule|HP Percentage Mod: HP is shown in percentages\n|teampreview\n|j| isa200bela\n|\n|t:|1616251361\n|start\n|switch|p1a: Kommo-o|Kommo-o, M|100\/100\n|switch|p2a: Pelipper|Pelipper, F|100\/100\n|-weather|RainDance|[from] ability: Drizzle|[of] p2a: Pelipper\n|turn|1\n|\n|t:|1616251377\n|-zpower|p1a: Kommo-o\n|move|p1a: Kommo-o|Clangorous Soulblaze|p2a: Pelipper|[zeffect]\n|-damage|p2a: Pelipper|0 fnt\n|-boost|p1a: Kommo-o|atk|1\n|-boost|p1a: Kommo-o|def|1\n|-boost|p1a: Kommo-o|spa|1\n|-boost|p1a: Kommo-o|spd|1\n|-boost|p1a: Kommo-o|spe|1\n|faint|p2a: Pelipper\n|\n|-weather|RainDance|[upkeep]\n|upkeep\n|\n|t:|1616251387\n|switch|p2a: Tornadus|Tornadus-Therian, M|100\/100\n|turn|2\n|\n|t:|1616251389\n|move|p1a: Kommo-o|Stealth Rock|p2a: Tornadus\n|-sidestart|p2: lord cube|move: Stealth Rock\n|move|p2a: Tornadus|Hurricane|p1a: Kommo-o\n|-supereffective|p1a: Kommo-o\n|-damage|p1a: Kommo-o|28\/100\n|-start|p1a: Kommo-o|confusion\n|\n|-weather|RainDance|[upkeep]\n|upkeep\n|turn|3\n|\n|t:|1616251394\n|-activate|p1a: Kommo-o|confusion\n|-damage|p1a: Kommo-o|17\/100|[from] confusion\n|move|p2a: Tornadus|Hurricane|p1a: Kommo-o\n|-supereffective|p1a: Kommo-o\n|-damage|p1a: Kommo-o|0 fnt\n|faint|p1a: Kommo-o\n|\n|-weather|RainDance|[upkeep]\n|upkeep\n|\n|t:|1616251398\n|switch|p1a: Tapu Lele|Tapu Lele|100\/100\n|-fieldstart|move: Psychic Terrain|[from] ability: Psychic Surge|[of] p1a: Tapu Lele\n|turn|4\n|\n|t:|1616251404\n|move|p2a: Tornadus|Knock Off|p1a: Tapu Lele\n|-damage|p1a: Tapu Lele|67\/100\n|-enditem|p1a: Tapu Lele|Choice Specs|[from] move: Knock Off|[of] p2a: Tornadus\n|move|p1a: Tapu Lele|Psyshock|p2a: Tornadus\n|-damage|p2a: Tornadus|28\/100\n|\n|-weather|RainDance|[upkeep]\n|upkeep\n|turn|5\n|\n|t:|1616251408\n|move|p2a: Tornadus|Hurricane|p1a: Tapu Lele\n|-damage|p1a: Tapu Lele|25\/100\n|move|p1a: Tapu Lele|Psychic|p2a: Tornadus\n|-damage|p2a: Tornadus|0 fnt\n|faint|p2a: Tornadus\n|\n|-weather|RainDance|[upkeep]\n|upkeep\n|\n|t:|1616251412\n|switch|p2a: Greninja|Greninja, M|100\/100\n|-damage|p2a: Greninja|88\/100|[from] Stealth Rock\n|turn|6\n|\n|t:|1616251419\n|switch|p1a: Magearna|Magearna|100\/100\n|move|p2a: Greninja|Surf|p1a: Magearna\n|-damage|p1a: Magearna|66\/100\n|\n|-weather|RainDance|[upkeep]\n|upkeep\n|turn|7\n|\n|t:|1616251423\n|switch|p2a: Swampert|Swampert, M|100\/100\n|-damage|p2a: Swampert|94\/100|[from] Stealth Rock\n|move|p1a: Magearna|Fleur Cannon|p2a: Swampert|[miss]\n|-miss|p1a: Magearna|p2a: Swampert\n|\n|-weather|RainDance|[upkeep]\n|upkeep\n|turn|8\n|\n|t:|1616251427\n|switch|p1a: Landorus|Landorus-Therian, M|100\/100\n|-ability|p1a: Landorus|Intimidate|boost\n|-unboost|p2a: Swampert|atk|1\n|detailschange|p2a: Swampert|Swampert-Mega, M\n|-mega|p2a: Swampert|Swampert|Swampertite\n|move|p2a: Swampert|Superpower|p1a: Landorus\n|-resisted|p1a: Landorus\n|-damage|p1a: Landorus|88\/100\n|-unboost|p2a: Swampert|atk|1\n|-unboost|p2a: Swampert|def|1\n|-damage|p2a: Swampert|78\/100|[from] item: Rocky Helmet|[of] p1a: Landorus\n|\n|-weather|none\n|-fieldend|move: Psychic Terrain\n|upkeep\n|turn|9\n|\n|t:|1616251436\n|move|p2a: Swampert|Ice Punch|p1a: Landorus\n|-supereffective|p1a: Landorus\n|-damage|p1a: Landorus|39\/100\n|-status|p1a: Landorus|frz\n|-damage|p2a: Swampert|61\/100|[from] item: Rocky Helmet|[of] p1a: Landorus\n|cant|p1a: Landorus|frz\n|\n|upkeep\n|turn|10\n|\n|t:|1616251450\n|switch|p2a: Ferrothorn|Ferrothorn, F|100\/100\n|-damage|p2a: Ferrothorn|94\/100|[from] Stealth Rock\n|cant|p1a: Landorus|frz\n|\n|-heal|p2a: Ferrothorn|100\/100|[from] item: Leftovers\n|upkeep\n|turn|11\n|\n|t:|1616251454\n|switch|p1a: Tapu Lele|Tapu Lele|25\/100\n|-fieldstart|move: Psychic Terrain|[from] ability: Psychic Surge|[of] p1a: Tapu Lele\n|move|p2a: Ferrothorn|Stealth Rock|p1a: Tapu Lele\n|-sidestart|p1: Jfsosa10|move: Stealth Rock\n|\n|upkeep\n|turn|12\n|\n|t:|1616251460\n|move|p1a: Tapu Lele|Hidden Power|p2a: Ferrothorn\n|-supereffective|p2a: Ferrothorn\n|-damage|p2a: Ferrothorn|39\/100\n|move|p2a: Ferrothorn|Gyro Ball|p1a: Tapu Lele\n|-supereffective|p1a: Tapu Lele\n|-damage|p1a: Tapu Lele|0 fnt\n|faint|p1a: Tapu Lele\n|\n|-heal|p2a: Ferrothorn|45\/100|[from] item: Leftovers\n|upkeep\n|\n|t:|1616251465\n|switch|p1a: Kartana|Kartana|100\/100\n|-damage|p1a: Kartana|94\/100|[from] Stealth Rock\n|turn|13\n|\n|t:|1616251475\n|move|p1a: Kartana|Sacred Sword|p2a: Ferrothorn\n|-supereffective|p2a: Ferrothorn\n|-damage|p2a: Ferrothorn|0 fnt\n|-damage|p1a: Kartana|82\/100|[from] ability: Iron Barbs|[of] p2a: Ferrothorn\n|faint|p2a: Ferrothorn\n|-ability|p1a: Kartana|Beast Boost|boost\n|-boost|p1a: Kartana|atk|1\n|\n|upkeep\n|\n|t:|1616251483\n|switch|p2a: Swampert|Swampert-Mega, M|61\/100\n|-damage|p2a: Swampert|55\/100|[from] Stealth Rock\n|turn|14\n|\n|t:|1616251486\n|switch|p1a: Landorus|Landorus-Therian, M|39\/100 frz\n|-damage|p1a: Landorus|26\/100 frz|[from] Stealth Rock\n|-ability|p1a: Landorus|Intimidate|boost\n|-unboost|p2a: Swampert|atk|1\n|move|p2a: Swampert|Superpower|p1a: Landorus\n|-resisted|p1a: Landorus\n|-damage|p1a: Landorus|15\/100 frz\n|-unboost|p2a: Swampert|atk|1\n|-unboost|p2a: Swampert|def|1\n|-damage|p2a: Swampert|39\/100|[from] item: Rocky Helmet|[of] p1a: Landorus\n|\n|upkeep\n|turn|15\n|\n|t:|1616251502\n|switch|p2a: Manaphy|Manaphy|100\/100\n|-damage|p2a: Manaphy|88\/100|[from] Stealth Rock\n|switch|p1a: Kartana|Kartana|82\/100\n|-damage|p1a: Kartana|76\/100|[from] Stealth Rock\n|\n|-fieldend|move: Psychic Terrain\n|upkeep\n|turn|16\n|\n|t:|1616251508\n|move|p1a: Kartana|Leaf Blade|p2a: Manaphy\n|-supereffective|p2a: Manaphy\n|-damage|p2a: Manaphy|0 fnt\n|faint|p2a: Manaphy\n|-ability|p1a: Kartana|Beast Boost|boost\n|-boost|p1a: Kartana|atk|1\n|\n|upkeep\n|c|\u2606lord cube|gg\n|-message|lord cube forfeited.\n|\n|win|Jfsosa10\n|raw|Jfsosa10's rating: 1752 &rarr; <strong>1760<\/strong><br \/>(+8 for winning)\n|raw|lord cube's rating: 1520 &rarr; <strong>1512<\/strong><br \/>(-8 for losing)\n|l| isa200bela\n|l|\u2606lord cube\n","uploadtime":1616251565,"views":30,"p1id":"jfsosa10","p2id":"lordcube","formatid":"gen7ou","rating":1512,"private":0,"password":null}