{"id":"gen7ou-781937883","p1":"worstsetsever","p2":"MeraKy43","format":"gen7ou","log":"|j|\u2606worstsetsever\n|j|\u2606MeraKy43\n|player|p1|worstsetsever|169\n|player|p2|MeraKy43|266\n|teamsize|p1|6\n|teamsize|p2|6\n|gametype|singles\n|gen|7\n|tier|[Gen 7] OU\n|rated|\n|rule|Sleep Clause Mod: Limit one foe put to sleep\n|rule|Species Clause: Limit one of each Pok\u00e9mon\n|rule|OHKO Clause: OHKO moves are banned\n|rule|Moody Clause: Moody is banned\n|rule|Evasion Moves Clause: Evasion moves are banned\n|rule|Endless Battle Clause: Forcing endless battles is banned\n|rule|HP Percentage Mod: HP is shown in percentages\n|clearpoke\n|poke|p1|Medicham, F|item\n|poke|p1|Greninja, M|item\n|poke|p1|Kommo-o, F|item\n|poke|p1|Magearna|item\n|poke|p1|Rotom-Wash|item\n|poke|p1|Landorus-Therian, M|item\n|poke|p2|Incineroar, F|item\n|poke|p2|Landorus-Therian, M|item\n|poke|p2|Tapu Koko|item\n|poke|p2|Hawlucha, F|item\n|poke|p2|Rotom-Wash|item\n|poke|p2|Latios, M|item\n|teampreview\n|inactive|Battle timer is ON: inactive players will automatically lose when time's up. (requested by worstsetsever)\n|inactive|MeraKy43 has 135 seconds left.\n|inactive|MeraKy43 has 120 seconds left.\n|\n|start\n|switch|p1a: Greninja|Greninja, M|100\/100\n|switch|p2a: Landorus|Landorus-Therian, M|100\/100\n|-ability|p2a: Landorus|Intimidate|boost\n|-unboost|p1a: Greninja|atk|1\n|turn|1\n|inactive|worstsetsever has 135 seconds left.\n|\n|move|p1a: Greninja|Ice Beam|p2a: Landorus\n|-start|p1a: Greninja|typechange|Ice|[from] Protean\n|-supereffective|p2a: Landorus\n|-damage|p2a: Landorus|0 fnt\n|faint|p2a: Landorus\n|\n|upkeep\n|\n|switch|p2a: Incineroar|Incineroar, F|100\/100\n|-ability|p2a: Incineroar|Intimidate|boost\n|-unboost|p1a: Greninja|atk|1\n|turn|2\n|\n|switch|p1a: Rotom|Rotom-Wash|100\/100\n|move|p2a: Incineroar|U-turn|p1a: Rotom\n|-damage|p1a: Rotom|86\/100\n|inactive|MeraKy43 has 135 seconds left.\n|inactive|MeraKy43 has 120 seconds left.\n|inactive|MeraKy43 has 105 seconds left.\n|inactive|MeraKy43 has 90 seconds left.\n|inactive|MeraKy43 has 75 seconds left.\n|inactive|MeraKy43 has 60 seconds left.\n|\n|switch|p2a: Tapu Koko|Tapu Koko|100\/100\n|-fieldstart|move: Electric Terrain|[from] ability: Electric Surge|[of] p2a: Tapu Koko\n|\n|-heal|p1a: Rotom|92\/100|[from] item: Leftovers\n|upkeep\n|turn|3\n|inactive|worstsetsever has 135 seconds left.\n|\n|switch|p1a: Magearna|Magearna|100\/100\n|move|p2a: Tapu Koko|Calm Mind|p2a: Tapu Koko\n|-boost|p2a: Tapu Koko|spa|1\n|-boost|p2a: Tapu Koko|spd|1\n|\n|upkeep\n|turn|4\n|inactive|MeraKy43 has 135 seconds left.\n|inactive|MeraKy43 has 120 seconds left.\n|inactive|MeraKy43 has 105 seconds left.\n|inactive|MeraKy43 has 90 seconds left.\n|l|\u2606MeraKy43\n|inactive|MeraKy43 disconnected and has a minute to reconnect!\n|player|p2|\n|j|\u2606MeraKy43\n|inactive|MeraKy43 reconnected and has 45 seconds left.\n|player|p2|MeraKy43|266\n|\n|move|p2a: Tapu Koko|Thunderbolt|p1a: Magearna\n|-damage|p1a: Magearna|62\/100\n|move|p1a: Magearna|Volt Switch|p2a: Tapu Koko\n|-resisted|p2a: Tapu Koko\n|-damage|p2a: Tapu Koko|84\/100\n|\n|switch|p1a: Greninja|Greninja, M|100\/100\n|\n|upkeep\n|turn|5\n|\n|switch|p2a: Incineroar|Incineroar, F|100\/100\n|-ability|p2a: Incineroar|Intimidate|boost\n|-unboost|p1a: Greninja|atk|1\n|move|p1a: Greninja|Gunk Shot|p2a: Incineroar\n|-start|p1a: Greninja|typechange|Poison|[from] Protean\n|-damage|p2a: Incineroar|66\/100\n|\n|upkeep\n|turn|6\n|\n|switch|p1a: Landorus|Landorus-Therian, M|100\/100\n|-ability|p1a: Landorus|Intimidate|boost\n|-unboost|p2a: Incineroar|atk|1\n|move|p2a: Incineroar|U-turn|p1a: Landorus\n|-resisted|p1a: Landorus\n|-damage|p1a: Landorus|96\/100\n|-damage|p2a: Incineroar|50\/100|[from] item: Rocky Helmet|[of] p1a: Landorus\n|\n|switch|p2a: Latios|Latios, M|100\/100\n|\n|-fieldend|move: Electric Terrain\n|upkeep\n|turn|7\n|\n|switch|p1a: Rotom|Rotom-Wash|92\/100\n|detailschange|p2a: Latios|Latios-Mega, M\n|-mega|p2a: Latios|Latios|Latiosite\n|move|p2a: Latios|Ice Beam|p1a: Rotom\n|-resisted|p1a: Rotom\n|-damage|p1a: Rotom|71\/100\n|\n|-heal|p1a: Rotom|77\/100|[from] item: Leftovers\n|upkeep\n|turn|8\n|inactive|MeraKy43 has 90 seconds left.\n|inactive|worstsetsever has 135 seconds left.\n|inactive|MeraKy43 has 75 seconds left.\n|inactive|MeraKy43 has 60 seconds left.\n|inactive|MeraKy43 has 45 seconds left.\n|\n|switch|p1a: Greninja|Greninja, M|100\/100\n|move|p2a: Latios|Psychic|p1a: Greninja\n|-immune|p1a: Greninja|[msg]\n|\n|upkeep\n|turn|9\n|\n|switch|p2a: Incineroar|Incineroar, F|50\/100\n|-ability|p2a: Incineroar|Intimidate|boost\n|-unboost|p1a: Greninja|atk|1\n|move|p1a: Greninja|U-turn|p2a: Incineroar\n|-start|p1a: Greninja|typechange|Bug|[from] Protean\n|-damage|p2a: Incineroar|30\/100\n|\n|switch|p1a: Kommo-o|Kommo-o, F|100\/100\n|\n|upkeep\n|turn|10\n|\n|switch|p2a: Tapu Koko|Tapu Koko|84\/100\n|-fieldstart|move: Electric Terrain|[from] ability: Electric Surge|[of] p2a: Tapu Koko\n|move|p1a: Kommo-o|Dragon Dance|p1a: Kommo-o\n|-boost|p1a: Kommo-o|atk|1\n|-boost|p1a: Kommo-o|spe|1\n|\n|upkeep\n|turn|11\n|inactive|MeraKy43 has 60 seconds left.\n|\n|move|p1a: Kommo-o|Poison Jab|p2a: Tapu Koko\n|-supereffective|p2a: Tapu Koko\n|-damage|p2a: Tapu Koko|0 fnt\n|faint|p2a: Tapu Koko\n|\n|upkeep\n|\n|switch|p2a: Hawlucha|Hawlucha, F|100\/100\n|-enditem|p2a: Hawlucha|Electric Seed\n|-boost|p2a: Hawlucha|def|1\n|turn|12\n|inactive|worstsetsever has 135 seconds left.\n|inactive|worstsetsever has 120 seconds left.\n|inactive|worstsetsever has 105 seconds left.\n|\n|move|p2a: Hawlucha|Swords Dance|p2a: Hawlucha\n|-boost|p2a: Hawlucha|atk|2\n|-zpower|p1a: Kommo-o\n|move|p1a: Kommo-o|Clangorous Soulblaze|p2a: Hawlucha|[zeffect]\n|-damage|p2a: Hawlucha|21\/100\n|-boost|p1a: Kommo-o|atk|1\n|-boost|p1a: Kommo-o|def|1\n|-boost|p1a: Kommo-o|spa|1\n|-boost|p1a: Kommo-o|spd|1\n|-boost|p1a: Kommo-o|spe|1\n|\n|upkeep\n|turn|13\n|inactive|worstsetsever has 135 seconds left.\n|\n|move|p2a: Hawlucha|Acrobatics|p1a: Kommo-o\n|-supereffective|p1a: Kommo-o\n|-damage|p1a: Kommo-o|0 fnt\n|faint|p1a: Kommo-o\n|\n|upkeep\n|inactive|worstsetsever has 135 seconds left.\n|\n|switch|p1a: Landorus|Landorus-Therian, M|96\/100\n|-ability|p1a: Landorus|Intimidate|boost\n|-unboost|p2a: Hawlucha|atk|1\n|turn|14\n|inactive|MeraKy43 has 90 seconds left.\n|\n|move|p2a: Hawlucha|Roost|p2a: Hawlucha\n|-heal|p2a: Hawlucha|71\/100\n|move|p1a: Landorus|Hidden Power|p2a: Hawlucha\n|-damage|p2a: Hawlucha|50\/100\n|\n|-fieldend|move: Electric Terrain\n|upkeep\n|turn|15\n|\n|move|p2a: Hawlucha|Swords Dance|p2a: Hawlucha\n|-boost|p2a: Hawlucha|atk|2\n|move|p1a: Landorus|Hidden Power|p2a: Hawlucha\n|-supereffective|p2a: Hawlucha\n|-damage|p2a: Hawlucha|10\/100\n|\n|upkeep\n|turn|16\n|inactive|MeraKy43 has 105 seconds left.\n|\n|move|p2a: Hawlucha|Roost|p2a: Hawlucha\n|-heal|p2a: Hawlucha|60\/100\n|move|p1a: Landorus|Earthquake|p2a: Hawlucha\n|-damage|p2a: Hawlucha|16\/100\n|\n|upkeep\n|turn|17\n|\n|move|p2a: Hawlucha|Roost|p2a: Hawlucha\n|-heal|p2a: Hawlucha|66\/100\n|move|p1a: Landorus|Earthquake|p2a: Hawlucha\n|-damage|p2a: Hawlucha|21\/100\n|\n|upkeep\n|turn|18\n|inactive|MeraKy43 has 120 seconds left.\n|\n|move|p2a: Hawlucha|Roost|p2a: Hawlucha\n|-heal|p2a: Hawlucha|71\/100\n|move|p1a: Landorus|Earthquake|p2a: Hawlucha\n|-damage|p2a: Hawlucha|30\/100\n|\n|upkeep\n|turn|19\n|\n|move|p2a: Hawlucha|Roost|p2a: Hawlucha\n|-heal|p2a: Hawlucha|80\/100\n|move|p1a: Landorus|Earthquake|p2a: Hawlucha\n|-damage|p2a: Hawlucha|38\/100\n|\n|upkeep\n|turn|20\n|inactive|MeraKy43 has 135 seconds left.\n|\n|move|p2a: Hawlucha|Roost|p2a: Hawlucha\n|-heal|p2a: Hawlucha|88\/100\n|move|p1a: Landorus|U-turn|p2a: Hawlucha\n|-resisted|p2a: Hawlucha\n|-damage|p2a: Hawlucha|79\/100\n|\n|switch|p1a: Rotom|Rotom-Wash|77\/100\n|\n|-heal|p1a: Rotom|83\/100|[from] item: Leftovers\n|upkeep\n|turn|21\n|\n|switch|p1a: Landorus|Landorus-Therian, M|96\/100\n|-ability|p1a: Landorus|Intimidate|boost\n|-unboost|p2a: Hawlucha|atk|1\n|move|p2a: Hawlucha|High Jump Kick|p1a: Landorus\n|-resisted|p1a: Landorus\n|-damage|p1a: Landorus|53\/100\n|-damage|p2a: Hawlucha|62\/100|[from] item: Rocky Helmet|[of] p1a: Landorus\n|\n|upkeep\n|turn|22\n|\n|move|p2a: Hawlucha|Swords Dance|p2a: Hawlucha\n|-boost|p2a: Hawlucha|atk|2\n|move|p1a: Landorus|U-turn|p2a: Hawlucha\n|-resisted|p2a: Hawlucha\n|-damage|p2a: Hawlucha|57\/100\n|\n|switch|p1a: Rotom|Rotom-Wash|83\/100\n|\n|-heal|p1a: Rotom|89\/100|[from] item: Leftovers\n|upkeep\n|turn|23\n|j| MaadKing\n|\n|move|p2a: Hawlucha|High Jump Kick|p1a: Rotom\n|-damage|p1a: Rotom|0 fnt\n|faint|p1a: Rotom\n|\n|upkeep\n|\n|switch|p1a: Landorus|Landorus-Therian, M|53\/100\n|-ability|p1a: Landorus|Intimidate|boost\n|-unboost|p2a: Hawlucha|atk|1\n|turn|24\n|l| MaadKing\n|\n|move|p2a: Hawlucha|Roost|p2a: Hawlucha\n|-heal|p2a: Hawlucha|100\/100\n|move|p1a: Landorus|U-turn|p2a: Hawlucha\n|-resisted|p2a: Hawlucha\n|-damage|p2a: Hawlucha|90\/100\n|j| Mr.shuckles\n|\n|switch|p1a: Magearna|Magearna|62\/100\n|\n|upkeep\n|turn|25\n|inactive|MeraKy43 has 135 seconds left.\n|inactive|MeraKy43 has 120 seconds left.\n|l| Mr.shuckles\n|\n|move|p2a: Hawlucha|High Jump Kick|p1a: Magearna|[miss]\n|-miss|p2a: Hawlucha|p1a: Magearna\n|-damage|p2a: Hawlucha|40\/100|[from] highjumpkick\n|move|p1a: Magearna|Dazzling Gleam|p2a: Hawlucha\n|-supereffective|p2a: Hawlucha\n|-damage|p2a: Hawlucha|0 fnt\n|faint|p2a: Hawlucha\n|-ability|p1a: Magearna|Soul-Heart|boost\n|-boost|p1a: Magearna|spa|1\n|\n|upkeep\n|\n|switch|p2a: Rotom|Rotom-Wash|100\/100\n|turn|26\n|\n|move|p2a: Rotom|Hydro Pump|p1a: Magearna\n|-damage|p1a: Magearna|47\/100\n|move|p1a: Magearna|Dazzling Gleam|p2a: Rotom\n|-damage|p2a: Rotom|48\/100\n|\n|upkeep\n|turn|27\n|\n|move|p2a: Rotom|Volt Switch|p1a: Magearna\n|-damage|p1a: Magearna|36\/100\n|\n|switch|p2a: Incineroar|Incineroar, F|30\/100\n|-ability|p2a: Incineroar|Intimidate|boost\n|-unboost|p1a: Magearna|atk|1\n|move|p1a: Magearna|Dazzling Gleam|p2a: Incineroar\n|-damage|p2a: Incineroar|5\/100\n|\n|upkeep\n|turn|28\n|inactive|worstsetsever has 135 seconds left.\n|\n|switch|p1a: Landorus|Landorus-Therian, M|53\/100\n|-ability|p1a: Landorus|Intimidate|boost\n|-unboost|p2a: Incineroar|atk|1\n|move|p2a: Incineroar|Flare Blitz|p1a: Landorus\n|-damage|p1a: Landorus|30\/100\n|-damage|p2a: Incineroar|0 fnt|[from] item: Rocky Helmet|[of] p1a: Landorus\n|faint|p2a: Incineroar\n|\n|upkeep\n|\n|switch|p2a: Latios|Latios-Mega, M|100\/100\n|turn|29\n|inactive|worstsetsever has 135 seconds left.\n|\n|move|p2a: Latios|Ice Beam|p1a: Landorus\n|-supereffective|p1a: Landorus\n|-damage|p1a: Landorus|0 fnt\n|faint|p1a: Landorus\n|\n|upkeep\n|\n|switch|p1a: Greninja|Greninja, M|100\/100\n|turn|30\n|inactive|MeraKy43 has 135 seconds left.\n|inactive|worstsetsever has 135 seconds left.\n|inactive|MeraKy43 has 120 seconds left.\n|\n|switch|p2a: Rotom|Rotom-Wash|48\/100\n|move|p1a: Greninja|U-turn|p2a: Rotom\n|-start|p1a: Greninja|typechange|Bug|[from] Protean\n|-damage|p2a: Rotom|25\/100\n|-enditem|p2a: Rotom|Aguav Berry|[eat]\n|-heal|p2a: Rotom|74\/100|[from] item: Aguav Berry\n|\n|switch|p1a: Medicham|Medicham, F|100\/100\n|\n|upkeep\n|turn|31\n|\n|detailschange|p1a: Medicham|Medicham-Mega, F\n|-mega|p1a: Medicham|Medicham|Medichamite\n|move|p1a: Medicham|High Jump Kick|p2a: Rotom|[miss]\n|-miss|p1a: Medicham|p2a: Rotom\n|-damage|p1a: Medicham|51\/100|[from] highjumpkick\n|move|p2a: Rotom|Hydro Pump|p1a: Medicham\n|-damage|p1a: Medicham|0 fnt\n|faint|p1a: Medicham\n|\n|upkeep\n|inactive|worstsetsever has 135 seconds left.\n|\n|switch|p1a: Magearna|Magearna|36\/100\n|turn|32\n|\n|move|p2a: Rotom|Hydro Pump|p1a: Magearna|[miss]\n|-miss|p2a: Rotom|p1a: Magearna\n|move|p1a: Magearna|Dazzling Gleam|p2a: Rotom\n|-damage|p2a: Rotom|39\/100\n|\n|upkeep\n|turn|33\n|\n|move|p2a: Rotom|Hydro Pump|p1a: Magearna\n|-damage|p1a: Magearna|20\/100\n|move|p1a: Magearna|Dazzling Gleam|p2a: Rotom\n|-damage|p2a: Rotom|5\/100\n|\n|upkeep\n|turn|34\n|inactive|MeraKy43 has 135 seconds left.\n|l|\u2606worstsetsever\n|inactive|worstsetsever disconnected and has a minute to reconnect!\n|player|p1|\n|inactive|MeraKy43 has 120 seconds left.\n|\n|move|p2a: Rotom|Hydro Pump|p1a: Magearna\n|-damage|p1a: Magearna|5\/100\n|move|p1a: Magearna|Dazzling Gleam|p2a: Rotom\n|-damage|p2a: Rotom|0 fnt\n|faint|p2a: Rotom\n|-ability|p1a: Magearna|Soul-Heart|boost\n|-boost|p1a: Magearna|spa|1\n|\n|upkeep\n|\n|switch|p2a: Latios|Latios-Mega, M|100\/100\n|turn|35\n|j|\u2606worstsetsever\n|inactive|worstsetsever reconnected and has 125 seconds left.\n|player|p1|worstsetsever|169\n|inactive|worstsetsever has 120 seconds left.\n|\n|move|p2a: Latios|Earthquake|p1a: Magearna\n|-supereffective|p1a: Magearna\n|-damage|p1a: Magearna|0 fnt\n|faint|p1a: Magearna\n|\n|upkeep\n|\n|switch|p1a: Greninja|Greninja, M|100\/100\n|turn|36\n|inactive|MeraKy43 has 135 seconds left.\n|\n|move|p1a: Greninja|U-turn|p2a: Latios\n|-start|p1a: Greninja|typechange|Bug|[from] Protean\n|-supereffective|p2a: Latios\n|-damage|p2a: Latios|39\/100\n|move|p2a: Latios|Psychic|p1a: Greninja\n|-crit|p1a: Greninja\n|-damage|p1a: Greninja|0 fnt\n|faint|p1a: Greninja\n|\n|win|MeraKy43\n|raw|worstsetsever's rating: 1541 &rarr; <strong>1524<\/strong><br \/>(-17 for losing)\n|raw|MeraKy43's rating: 1598 &rarr; <strong>1615<\/strong><br \/>(+17 for winning)\n|l|\u2606worstsetsever\n","inputlog":null,"uploadtime":1532690914,"views":11,"p1id":"worstsetsever","p2id":"meraky43","formatid":"gen7ou","rating":1524,"private":0,"password":null}