{"id":"gen7ou-1598958800","p1":"The Delta Maybca\u2606\u301c","p2":"return nirvana","format":"gen7ou","log":"|j|\u2606The Delta Maybca\u2606\u301c\n|j|\u2606return nirvana\n|inactive|Battle timer is ON: inactive players will automatically lose when time's up.\n|t:|1655556921\n|gametype|singles\n|player|p1|The Delta Maybca\u2606\u301c|silver|\n|player|p2|return nirvana|gambler-gen1|\n|teamsize|p1|6\n|teamsize|p2|6\n|gen|7\n|tier|[Gen 7] OU\n|rated|Tournament battle\n|rule|Sleep Clause Mod: Limit one foe put to sleep\n|rule|Species Clause: Limit one of each Pok\u00e9mon\n|rule|OHKO Clause: OHKO moves are banned\n|rule|Moody Clause: Moody is banned\n|rule|Evasion Moves Clause: Evasion moves are banned\n|rule|Endless Battle Clause: Forcing endless battles is banned\n|rule|HP Percentage Mod: HP is shown in percentages\n|clearpoke\n|poke|p1|Volcarona, F|item\n|poke|p1|Keldeo|item\n|poke|p1|Diancie|item\n|poke|p1|Landorus-Therian, M|item\n|poke|p1|Kartana|item\n|poke|p1|Heatran, M|item\n|poke|p2|Pelipper, M|item\n|poke|p2|Swampert, M|item\n|poke|p2|Ferrothorn, M|item\n|poke|p2|Qwilfish, F|item\n|poke|p2|Tapu Koko|item\n|poke|p2|Greninja, M|item\n|teampreview\n|inactive|The Delta Maybca\u2606\u301c also wants the timer to be on.\n|c|\u2606The Delta Maybca\u2606\u301c|Hf!\n|c|\u2606return nirvana|u2\n|\n|t:|1655556938\n|start\n|switch|p1a: Diancie|Diancie|100\/100\n|switch|p2a: Pelipper|Pelipper, M|100\/100\n|-weather|RainDance|[from] ability: Drizzle|[of] p2a: Pelipper\n|turn|1\n|\n|t:|1655556941\n|switch|p2a: Swampert|Swampert, M|100\/100\n|detailschange|p1a: Diancie|Diancie-Mega\n|-mega|p1a: Diancie|Diancie|Diancite\n|move|p1a: Diancie|Diamond Storm|p2a: Swampert\n|-resisted|p2a: Swampert\n|-damage|p2a: Swampert|71\/100\n|\n|-weather|RainDance|[upkeep]\n|upkeep\n|turn|2\n|\n|t:|1655556951\n|switch|p1a: Landorus|Landorus-Therian, M|100\/100\n|-ability|p1a: Landorus|Intimidate|boost\n|-unboost|p2a: Swampert|atk|1\n|detailschange|p2a: Swampert|Swampert-Mega, M\n|-mega|p2a: Swampert|Swampert|Swampertite\n|move|p2a: Swampert|Waterfall|p1a: Landorus\n|-supereffective|p1a: Landorus\n|-damage|p1a: Landorus|32\/100\n|-damage|p2a: Swampert|54\/100|[from] item: Rocky Helmet|[of] p1a: Landorus\n|\n|-weather|RainDance|[upkeep]\n|upkeep\n|turn|3\n|\n|t:|1655556965\n|switch|p1a: Kartana|Kartana|100\/100\n|move|p2a: Swampert|Waterfall|p1a: Kartana\n|-resisted|p1a: Kartana\n|-damage|p1a: Kartana|73\/100\n|\n|-weather|RainDance|[upkeep]\n|upkeep\n|turn|4\n|\n|t:|1655556970\n|switch|p1a: Volcarona|Volcarona, F|100\/100\n|switch|p2a: Ferrothorn|Ferrothorn, M|100\/100\n|\n|-weather|RainDance|[upkeep]\n|upkeep\n|turn|5\n|\n|t:|1655556974\n|switch|p2a: Qwilfish|Qwilfish, F|100\/100\n|move|p1a: Volcarona|Quiver Dance|p1a: Volcarona\n|-boost|p1a: Volcarona|spa|1\n|-boost|p1a: Volcarona|spd|1\n|-boost|p1a: Volcarona|spe|1\n|\n|-weather|RainDance|[upkeep]\n|upkeep\n|turn|6\n|\n|t:|1655556980\n|switch|p1a: Landorus|Landorus-Therian, M|32\/100\n|-ability|p1a: Landorus|Intimidate|boost\n|-unboost|p2a: Qwilfish|atk|1\n|move|p2a: Qwilfish|Liquidation|p1a: Landorus\n|-supereffective|p1a: Landorus\n|-damage|p1a: Landorus|0 fnt\n|-damage|p2a: Qwilfish|84\/100|[from] item: Rocky Helmet|[of] p1a: Landorus\n|faint|p1a: Landorus\n|-damage|p2a: Qwilfish|74\/100|[from] item: Life Orb\n|\n|-weather|RainDance|[upkeep]\n|upkeep\n|\n|t:|1655556985\n|switch|p1a: Keldeo|Keldeo|100\/100\n|turn|7\n|\n|t:|1655557005\n|move|p2a: Qwilfish|Explosion|p1a: Keldeo\n|-damage|p1a: Keldeo|34\/100\n|faint|p2a: Qwilfish\n|move|p1a: Keldeo|Surf|p2: Qwilfish|[notarget]\n|-fail|p1a: Keldeo\n|\n|-weather|RainDance|[upkeep]\n|-heal|p1a: Keldeo|40\/100|[from] item: Leftovers\n|upkeep\n|\n|t:|1655557008\n|switch|p2a: Greninja|Greninja, M|100\/100\n|turn|8\n|\n|t:|1655557011\n|move|p1a: Keldeo|Protect|p1a: Keldeo\n|-singleturn|p1a: Keldeo|Protect\n|move|p2a: Greninja|Hydro Pump|p1a: Keldeo\n|-activate|p1a: Keldeo|move: Protect\n|\n|-weather|none\n|-heal|p1a: Keldeo|46\/100|[from] item: Leftovers\n|upkeep\n|turn|9\n|\n|t:|1655557015\n|switch|p2a: Tapu Koko|Tapu Koko|100\/100\n|-fieldstart|move: Electric Terrain|[from] ability: Electric Surge|[of] p2a: Tapu Koko\n|move|p1a: Keldeo|Secret Sword|p2a: Tapu Koko\n|-resisted|p2a: Tapu Koko\n|-damage|p2a: Tapu Koko|76\/100\n|\n|-heal|p1a: Keldeo|53\/100|[from] item: Leftovers\n|upkeep\n|turn|10\n|\n|t:|1655557019\n|move|p1a: Keldeo|Protect|p1a: Keldeo\n|-singleturn|p1a: Keldeo|Protect\n|-zpower|p2a: Tapu Koko\n|move|p2a: Tapu Koko|Guardian of Alola|p1a: Keldeo|[zeffect]\n|-zbroken|p1a: Keldeo\n|-damage|p1a: Keldeo|43\/100\n|\n|-heal|p1a: Keldeo|49\/100|[from] item: Leftovers\n|upkeep\n|turn|11\n|\n|t:|1655557025\n|switch|p1a: Heatran|Heatran, M|100\/100\n|move|p2a: Tapu Koko|Thunder|p1a: Heatran\n|-damage|p1a: Heatran|58\/100\n|\n|-heal|p1a: Heatran|64\/100|[from] item: Leftovers\n|upkeep\n|turn|12\n|\n|t:|1655557032\n|switch|p2a: Pelipper|Pelipper, M|100\/100\n|-weather|RainDance|[from] ability: Drizzle|[of] p2a: Pelipper\n|move|p1a: Heatran|Stealth Rock|p2a: Pelipper\n|-sidestart|p2: return nirvana|move: Stealth Rock\n|\n|-weather|RainDance|[upkeep]\n|-heal|p1a: Heatran|70\/100|[from] item: Leftovers\n|upkeep\n|turn|13\n|\n|t:|1655557035\n|move|p1a: Heatran|Protect|p1a: Heatran\n|-singleturn|p1a: Heatran|Protect\n|move|p2a: Pelipper|U-turn|p1a: Heatran\n|-activate|p1a: Heatran|move: Protect\n|\n|-weather|RainDance|[upkeep]\n|-heal|p1a: Heatran|76\/100|[from] item: Leftovers\n|-fieldend|move: Electric Terrain\n|upkeep\n|turn|14\n|\n|t:|1655557041\n|move|p1a: Heatran|Magma Storm|p2a: Pelipper|[miss]\n|-miss|p1a: Heatran|p2a: Pelipper\n|move|p2a: Pelipper|U-turn|p1a: Heatran\n|-resisted|p1a: Heatran\n|-damage|p1a: Heatran|74\/100\n|\n|t:|1655557043\n|switch|p2a: Greninja|Greninja, M|100\/100|[from]move: U-turn\n|-damage|p2a: Greninja|88\/100|[from] Stealth Rock\n|\n|-weather|RainDance|[upkeep]\n|-heal|p1a: Heatran|81\/100|[from] item: Leftovers\n|upkeep\n|turn|15\n|\n|t:|1655557045\n|move|p1a: Heatran|Protect|p1a: Heatran\n|-singleturn|p1a: Heatran|Protect\n|move|p2a: Greninja|Hydro Pump|p1a: Heatran\n|-activate|p1a: Heatran|move: Protect\n|\n|-weather|RainDance|[upkeep]\n|-heal|p1a: Heatran|87\/100|[from] item: Leftovers\n|upkeep\n|turn|16\n|\n|t:|1655557049\n|move|p2a: Greninja|Hydro Pump|p1a: Heatran\n|-supereffective|p1a: Heatran\n|-damage|p1a: Heatran|0 fnt\n|faint|p1a: Heatran\n|-activate|p2a: Greninja|ability: Battle Bond\n|detailschange|p2a: Greninja|Greninja-Ash, M\n|\n|-weather|RainDance|[upkeep]\n|upkeep\n|\n|t:|1655557051\n|switch|p1a: Kartana|Kartana|73\/100\n|turn|17\n|\n|t:|1655557067\n|switch|p2a: Ferrothorn|Ferrothorn, M|100\/100\n|-damage|p2a: Ferrothorn|95\/100|[from] Stealth Rock\n|move|p1a: Kartana|Sacred Sword|p2a: Ferrothorn\n|-supereffective|p2a: Ferrothorn\n|-damage|p2a: Ferrothorn|32\/100\n|-damage|p1a: Kartana|60\/100|[from] ability: Iron Barbs|[of] p2a: Ferrothorn\n|\n|-weather|RainDance|[upkeep]\n|upkeep\n|turn|18\n|\n|t:|1655557075\n|switch|p2a: Pelipper|Pelipper, M|100\/100\n|-damage|p2a: Pelipper|76\/100|[from] Stealth Rock\n|move|p1a: Kartana|Sacred Sword|p2a: Pelipper\n|-resisted|p2a: Pelipper\n|-damage|p2a: Pelipper|56\/100\n|\n|-weather|RainDance|[upkeep]\n|upkeep\n|turn|19\n|\n|t:|1655557081\n|switch|p1a: Keldeo|Keldeo|49\/100\n|move|p2a: Pelipper|Defog|p1a: Keldeo\n|-unboost|p1a: Keldeo|evasion|1\n|-sideend|p2: return nirvana|Stealth Rock|[from] move: Defog|[of] p2a: Pelipper\n|\n|-weather|none\n|-heal|p1a: Keldeo|55\/100|[from] item: Leftovers\n|upkeep\n|turn|20\n|\n|t:|1655557097\n|move|p1a: Keldeo|Surf|p2a: Pelipper\n|-resisted|p2a: Pelipper\n|-damage|p2a: Pelipper|36\/100\n|move|p2a: Pelipper|U-turn|p1a: Keldeo\n|-resisted|p1a: Keldeo\n|-damage|p1a: Keldeo|51\/100\n|\n|t:|1655557100\n|switch|p2a: Tapu Koko|Tapu Koko|76\/100|[from]move: U-turn\n|-fieldstart|move: Electric Terrain|[from] ability: Electric Surge|[of] p2a: Tapu Koko\n|\n|-heal|p1a: Keldeo|57\/100|[from] item: Leftovers\n|upkeep\n|turn|21\n|\n|t:|1655557103\n|switch|p2a: Pelipper|Pelipper, M|36\/100\n|-weather|RainDance|[from] ability: Drizzle|[of] p2a: Pelipper\n|move|p1a: Keldeo|Surf|p2a: Pelipper\n|-resisted|p2a: Pelipper\n|-damage|p2a: Pelipper|2\/100\n|\n|-weather|RainDance|[upkeep]\n|-heal|p1a: Keldeo|63\/100|[from] item: Leftovers\n|upkeep\n|turn|22\n|\n|t:|1655557107\n|switch|p2a: Ferrothorn|Ferrothorn, M|32\/100\n|move|p1a: Keldeo|Protect||[still]\n|-fail|p1a: Keldeo\n|\n|-weather|RainDance|[upkeep]\n|-heal|p1a: Keldeo|70\/100|[from] item: Leftovers\n|upkeep\n|turn|23\n|\n|t:|1655557111\n|move|p1a: Keldeo|Secret Sword|p2a: Ferrothorn\n|-supereffective|p2a: Ferrothorn\n|-damage|p2a: Ferrothorn|0 fnt\n|faint|p2a: Ferrothorn\n|\n|-weather|RainDance|[upkeep]\n|-heal|p1a: Keldeo|76\/100|[from] item: Leftovers\n|upkeep\n|\n|t:|1655557113\n|switch|p2a: Swampert|Swampert-Mega, M|54\/100\n|turn|24\n|\n|t:|1655557116\n|move|p1a: Keldeo|Protect|p1a: Keldeo\n|-singleturn|p1a: Keldeo|Protect\n|move|p2a: Swampert|Earthquake|p1a: Keldeo\n|-activate|p1a: Keldeo|move: Protect\n|\n|-weather|RainDance|[upkeep]\n|-heal|p1a: Keldeo|82\/100|[from] item: Leftovers\n|-fieldend|move: Electric Terrain\n|upkeep\n|turn|25\n|\n|t:|1655557119\n|move|p2a: Swampert|Earthquake|p1a: Keldeo\n|-damage|p1a: Keldeo|25\/100\n|move|p1a: Keldeo|Secret Sword|p2a: Swampert\n|-damage|p2a: Swampert|18\/100\n|\n|-weather|RainDance|[upkeep]\n|-heal|p1a: Keldeo|31\/100|[from] item: Leftovers\n|upkeep\n|turn|26\n|\n|t:|1655557122\n|move|p1a: Keldeo|Protect|p1a: Keldeo\n|-singleturn|p1a: Keldeo|Protect\n|move|p2a: Swampert|Earthquake|p1a: Keldeo\n|-activate|p1a: Keldeo|move: Protect\n|\n|-weather|RainDance|[upkeep]\n|-heal|p1a: Keldeo|38\/100|[from] item: Leftovers\n|upkeep\n|turn|27\n|\n|t:|1655557128\n|move|p2a: Swampert|Earthquake|p1a: Keldeo\n|-damage|p1a: Keldeo|0 fnt\n|faint|p1a: Keldeo\n|\n|-weather|RainDance|[upkeep]\n|upkeep\n|\n|t:|1655557134\n|switch|p1a: Kartana|Kartana|60\/100\n|turn|28\n|\n|t:|1655557152\n|move|p1a: Kartana|Leaf Blade|p2a: Swampert\n|-supereffective|p2a: Swampert\n|-damage|p2a: Swampert|0 fnt\n|faint|p2a: Swampert\n|-ability|p1a: Kartana|Beast Boost|boost\n|-boost|p1a: Kartana|atk|1\n|\n|-weather|none\n|upkeep\n|\n|t:|1655557156\n|switch|p2a: Pelipper|Pelipper, M|2\/100\n|-weather|RainDance|[from] ability: Drizzle|[of] p2a: Pelipper\n|turn|29\n|\n|t:|1655557165\n|move|p1a: Kartana|Leaf Blade|p2a: Pelipper\n|-damage|p2a: Pelipper|0 fnt\n|faint|p2a: Pelipper\n|-ability|p1a: Kartana|Beast Boost|boost\n|-boost|p1a: Kartana|atk|1\n|\n|-weather|RainDance|[upkeep]\n|upkeep\n|\n|t:|1655557168\n|switch|p2a: Greninja|Greninja-Ash, M|88\/100\n|turn|30\n|\n|t:|1655557170\n|move|p2a: Greninja|Water Shuriken|p1a: Kartana\n|-resisted|p1a: Kartana\n|-damage|p1a: Kartana|17\/100\n|-resisted|p1a: Kartana\n|-damage|p1a: Kartana|0 fnt\n|faint|p1a: Kartana\n|-hitcount|p1: Kartana|2\n|\n|-weather|RainDance|[upkeep]\n|upkeep\n|\n|t:|1655557180\n|switch|p1a: Diancie|Diancie-Mega|100\/100\n|turn|31\n|\n|t:|1655557189\n|move|p2a: Greninja|Water Shuriken|p1a: Diancie\n|-supereffective|p1a: Diancie\n|-damage|p1a: Diancie|28\/100\n|-supereffective|p1a: Diancie\n|-damage|p1a: Diancie|0 fnt\n|faint|p1a: Diancie\n|-hitcount|p1: Diancie|2\n|\n|-weather|RainDance|[upkeep]\n|upkeep\n|\n|t:|1655557192\n|switch|p1a: Volcarona|Volcarona, F|100\/100\n|turn|32\n|\n|t:|1655557195\n|move|p2a: Greninja|Water Shuriken|p1a: Volcarona\n|-supereffective|p1a: Volcarona\n|-damage|p1a: Volcarona|46\/100\n|-supereffective|p1a: Volcarona\n|-damage|p1a: Volcarona|0 fnt\n|faint|p1a: Volcarona\n|-hitcount|p1: Volcarona|2\n|\n|win|return nirvana\n|n|\u2606The Delta Maybca\u2606\u301c|thedeltamaybca\n|n|\u2606return nirvana|returnnirvana\n|l|\u2606The Delta Maybca\u2606\u301c\n","uploadtime":1655557200,"views":17,"p1id":"thedeltamaybca","p2id":"returnnirvana","formatid":"gen7ou","rating":0,"private":0,"password":null}