{"id":"gen7ubers-1633549044","p1":"85792195wwww","p2":"alvar03","format":"gen7ubers","log":"|j|\u260685792195wwww\n|j|\u2606alvar03\n|t:|1659793955\n|gametype|singles\n|player|p1|85792195wwww|lady|1542\n|player|p2|alvar03|alder|1564\n|teamsize|p1|6\n|teamsize|p2|6\n|gen|7\n|tier|[Gen 7] Ubers\n|rated|\n|rule|Sleep Clause Mod: Limit one foe put to sleep\n|rule|Species Clause: Limit one of each Pok\u00e9mon\n|rule|OHKO Clause: OHKO moves are banned\n|rule|Moody Clause: Moody is banned\n|rule|Evasion Moves Clause: Evasion moves are banned\n|rule|Endless Battle Clause: Forcing endless battles is banned\n|rule|HP Percentage Mod: HP is shown in percentages\n|rule|Mega Rayquaza Clause: You cannot mega evolve Rayquaza\n|clearpoke\n|poke|p1|Darkrai|item\n|poke|p1|Deoxys-Speed|item\n|poke|p1|Xerneas-*|item\n|poke|p1|Salamence, F|item\n|poke|p1|Arceus-*|item\n|poke|p1|Necrozma-Dusk-Mane|item\n|poke|p2|Arceus-*|item\n|poke|p2|Ho-Oh|item\n|poke|p2|Giratina-Origin|item\n|poke|p2|Ferrothorn, M|item\n|poke|p2|Groudon|item\n|poke|p2|Xerneas-*|item\n|teampreview\n|\n|t:|1659793969\n|start\n|switch|p1a: Deoxys|Deoxys-Speed|100\/100\n|switch|p2a: Xerneas|Xerneas|100\/100\n|-ability|p1a: Deoxys|Pressure\n|-ability|p2a: Xerneas|Fairy Aura\n|turn|1\n|inactive|Battle timer is ON: inactive players will automatically lose when time's up. (requested by alvar03)\n|\n|t:|1659793985\n|move|p1a: Deoxys|Stealth Rock|p2a: Xerneas\n|-sidestart|p2: alvar03|move: Stealth Rock\n|move|p2a: Xerneas|Moonblast|p1a: Deoxys\n|-damage|p1a: Deoxys|28\/100\n|\n|upkeep\n|turn|2\n|\n|t:|1659793998\n|move|p1a: Deoxys|Gravity|p1a: Deoxys\n|-fieldstart|move: Gravity\n|move|p2a: Xerneas|Moonblast|p1a: Deoxys\n|-damage|p1a: Deoxys|0 fnt\n|faint|p1a: Deoxys\n|\n|upkeep\n|c|\u2606alvar03|nice strat\n|\n|t:|1659794019\n|switch|p1a: Xerneas|Xerneas|100\/100\n|-ability|p1a: Xerneas|Fairy Aura\n|turn|3\n|\n|t:|1659794026\n|move|p1a: Xerneas|Geomancy||[still]\n|-prepare|p1a: Xerneas|Geomancy\n|-enditem|p1a: Xerneas|Power Herb\n|-anim|p1a: Xerneas|Geomancy|p1a: Xerneas\n|-boost|p1a: Xerneas|spa|2\n|-boost|p1a: Xerneas|spd|2\n|-boost|p1a: Xerneas|spe|2\n|move|p2a: Xerneas|Toxic|p1a: Xerneas\n|-status|p1a: Xerneas|tox\n|\n|-damage|p1a: Xerneas|94\/100 tox|[from] psn\n|upkeep\n|turn|4\n|\n|t:|1659794036\n|switch|p2a: Groudon|Groudon|100\/100\n|-damage|p2a: Groudon|94\/100|[from] Stealth Rock\n|detailschange|p2a: Groudon|Groudon-Primal\n|-primal|p2a: Groudon\n|-weather|DesolateLand|[from] ability: Desolate Land|[of] p2a: Groudon\n|move|p1a: Xerneas|Moonblast|p2a: Groudon\n|-resisted|p2a: Groudon\n|-damage|p2a: Groudon|12\/100\n|-unboost|p2a: Groudon|spa|1\n|\n|-weather|DesolateLand|[upkeep]\n|-damage|p1a: Xerneas|82\/100 tox|[from] psn\n|upkeep\n|turn|5\n|\n|t:|1659794051\n|move|p1a: Xerneas|Moonblast|p2a: Groudon\n|-resisted|p2a: Groudon\n|-damage|p2a: Groudon|0 fnt\n|faint|p2a: Groudon\n|-weather|none\n|\n|-damage|p1a: Xerneas|64\/100 tox|[from] psn\n|upkeep\n|\n|t:|1659794053\n|switch|p2a: Ferrothorn|Ferrothorn, M|100\/100\n|-damage|p2a: Ferrothorn|94\/100|[from] Stealth Rock\n|turn|6\n|\n|t:|1659794061\n|move|p1a: Xerneas|Focus Blast|p2a: Ferrothorn\n|-supereffective|p2a: Ferrothorn\n|-damage|p2a: Ferrothorn|0 fnt\n|faint|p2a: Ferrothorn\n|\n|-damage|p1a: Xerneas|39\/100 tox|[from] psn\n|-fieldend|move: Gravity\n|upkeep\n|\n|t:|1659794065\n|switch|p2a: Ho-Oh|Ho-Oh|100\/100\n|-damage|p2a: Ho-Oh|51\/100|[from] Stealth Rock\n|turn|7\n|\n|t:|1659794072\n|move|p1a: Xerneas|Thunder|p2a: Ho-Oh\n|-supereffective|p2a: Ho-Oh\n|-damage|p2a: Ho-Oh|0 fnt\n|faint|p2a: Ho-Oh\n|\n|-damage|p1a: Xerneas|9\/100 tox|[from] psn\n|upkeep\n|-message|alvar03 forfeited.\n|\n|win|85792195wwww\n|raw|85792195wwww's rating: 1542 &rarr; <strong>1563<\/strong><br \/>(+21 for winning)\n|raw|alvar03's rating: 1564 &rarr; <strong>1543<\/strong><br \/>(-21 for losing)\n|l|\u2606alvar03\n","uploadtime":1659794086,"views":9,"p1id":"85792195wwww","p2id":"alvar03","formatid":"gen7ubers","rating":1543,"private":0,"password":null}