{"id":"gen7ou-864704825","p1":"orangesss","p2":"PkManiacJohn","format":"gen7ou","log":"|j|\u2606orangesss\n|j|\u2606PkManiacJohn\n|player|p1|orangesss|269\n|player|p2|PkManiacJohn|124\n|teamsize|p1|6\n|teamsize|p2|6\n|gametype|singles\n|gen|7\n|tier|[Gen 7] OU\n|rated|\n|rule|Sleep Clause Mod: Limit one foe put to sleep\n|rule|Species Clause: Limit one of each Pok\u00e9mon\n|rule|OHKO Clause: OHKO moves are banned\n|rule|Moody Clause: Moody is banned\n|rule|Evasion Moves Clause: Evasion moves are banned\n|rule|Endless Battle Clause: Forcing endless battles is banned\n|rule|HP Percentage Mod: HP is shown in percentages\n|clearpoke\n|poke|p1|Hawlucha, M|item\n|poke|p1|Swampert, M|item\n|poke|p1|Ferrothorn, F|item\n|poke|p1|Pelipper, M|item\n|poke|p1|Tapu Koko|item\n|poke|p1|Kartana|item\n|poke|p2|Venusaur, M|item\n|poke|p2|Tapu Lele|item\n|poke|p2|Kyurem-Black|item\n|poke|p2|Rotom-Wash|item\n|poke|p2|Landorus-Therian, M|item\n|poke|p2|Celesteela|item\n|teampreview\n|j| barog200\n|inactive|Battle timer is ON: inactive players will automatically lose when time's up. (requested by orangesss)\n|\n|start\n|switch|p1a: Birdman|Tapu Koko|100\/100\n|switch|p2a: Washingtom|Rotom-Wash|100\/100\n|-fieldstart|move: Electric Terrain|[from] ability: Electric Surge|[of] p1a: Birdman\n|turn|1\n|\n|move|p1a: Birdman|Nature's Madness|p2a: Washingtom\n|-damage|p2a: Washingtom|51\/100\n|move|p2a: Washingtom|Hydro Pump|p1a: Birdman\n|-damage|p1a: Birdman|37\/100\n|\n|-heal|p2a: Washingtom|57\/100|[from] item: Leftovers\n|upkeep\n|turn|2\n|\n|switch|p2a: Vegetation|Venusaur, M, shiny|100\/100\n|-zpower|p1a: Birdman\n|move|p1a: Birdman|Twinkle Tackle|p2a: Vegetation|[zeffect]\n|-resisted|p2a: Vegetation\n|-damage|p2a: Vegetation|64\/100\n|\n|upkeep\n|turn|3\n|\n|detailschange|p2a: Vegetation|Venusaur-Mega, M, shiny\n|-mega|p2a: Vegetation|Venusaur|Venusaurite\n|move|p1a: Birdman|Volt Switch|p2a: Vegetation\n|-resisted|p2a: Vegetation\n|-damage|p2a: Vegetation|41\/100\n|\n|switch|p1a: Hate rain :(|Ferrothorn, F|100\/100\n|move|p2a: Vegetation|Giga Drain|p1a: Hate rain :(\n|-resisted|p1a: Hate rain :(\n|-damage|p1a: Hate rain :(|93\/100\n|-heal|p2a: Vegetation|46\/100|[from] drain|[of] p1a: Hate rain :(\n|\n|-heal|p1a: Hate rain :(|99\/100|[from] item: Leftovers\n|upkeep\n|turn|4\n|\n|switch|p2a: Washingtom|Rotom-Wash|57\/100\n|move|p1a: Hate rain :(|Stealth Rock|p2a: Washingtom\n|-sidestart|p2: PkManiacJohn|move: Stealth Rock\n|\n|-heal|p2a: Washingtom|63\/100|[from] item: Leftovers\n|-heal|p1a: Hate rain :(|100\/100|[from] item: Leftovers\n|upkeep\n|turn|5\n|\n|move|p2a: Washingtom|Will-O-Wisp|p1a: Hate rain :(|[miss]\n|-miss|p2a: Washingtom|p1a: Hate rain :(\n|move|p1a: Hate rain :(|Knock Off|p2a: Washingtom\n|-damage|p2a: Washingtom|42\/100\n|-enditem|p2a: Washingtom|Leftovers|[from] move: Knock Off|[of] p1a: Hate rain :(\n|\n|-fieldend|move: Electric Terrain\n|upkeep\n|turn|6\n|\n|switch|p1a: Birdman|Tapu Koko|37\/100\n|-fieldstart|move: Electric Terrain|[from] ability: Electric Surge|[of] p1a: Birdman\n|move|p2a: Washingtom|Will-O-Wisp|p1a: Birdman\n|-status|p1a: Birdman|brn\n|\n|-damage|p1a: Birdman|31\/100 brn|[from] brn\n|upkeep\n|turn|7\n|\n|switch|p2a: Tigger|Landorus-Therian, M|100\/100\n|-damage|p2a: Tigger|88\/100|[from] Stealth Rock\n|-ability|p2a: Tigger|Intimidate|boost\n|-unboost|p1a: Birdman|atk|1\n|move|p1a: Birdman|Dazzling Gleam|p2a: Tigger\n|-damage|p2a: Tigger|57\/100\n|\n|-damage|p1a: Birdman|25\/100 brn|[from] brn\n|upkeep\n|turn|8\n|\n|move|p1a: Birdman|Dazzling Gleam|p2a: Tigger\n|-damage|p2a: Tigger|26\/100\n|move|p2a: Tigger|Stealth Rock|p1a: Birdman\n|-sidestart|p1: orangesss|move: Stealth Rock\n|\n|-damage|p1a: Birdman|19\/100 brn|[from] brn\n|upkeep\n|turn|9\n|\n|switch|p2a: Vegetation|Venusaur-Mega, M, shiny|46\/100\n|-damage|p2a: Vegetation|33\/100|[from] Stealth Rock\n|move|p1a: Birdman|Dazzling Gleam|p2a: Vegetation\n|-resisted|p2a: Vegetation\n|-damage|p2a: Vegetation|17\/100\n|\n|-damage|p1a: Birdman|13\/100 brn|[from] brn\n|upkeep\n|turn|10\n|\n|switch|p1a: Copypaste|Hawlucha, M|100\/100\n|-damage|p1a: Copypaste|88\/100|[from] Stealth Rock\n|-enditem|p1a: Copypaste|Electric Seed\n|-boost|p1a: Copypaste|def|1\n|move|p2a: Vegetation|Synthesis|p2a: Vegetation\n|-heal|p2a: Vegetation|67\/100\n|\n|-fieldend|move: Electric Terrain\n|upkeep\n|turn|11\n|\n|switch|p2a: Celestic|Celesteela, shiny|100\/100\n|-damage|p2a: Celestic|88\/100|[from] Stealth Rock\n|move|p1a: Copypaste|Swords Dance|p1a: Copypaste\n|-boost|p1a: Copypaste|atk|2\n|\n|-heal|p2a: Celestic|94\/100|[from] item: Leftovers\n|upkeep\n|turn|12\n|\n|move|p1a: Copypaste|Acrobatics|p2a: Celestic\n|-resisted|p2a: Celestic\n|-damage|p2a: Celestic|65\/100\n|move|p2a: Celestic|Leech Seed|p1a: Copypaste|[miss]\n|-miss|p2a: Celestic|p1a: Copypaste\n|\n|-heal|p2a: Celestic|72\/100|[from] item: Leftovers\n|upkeep\n|turn|13\n|\n|move|p1a: Copypaste|Swords Dance|p1a: Copypaste\n|-boost|p1a: Copypaste|atk|2\n|move|p2a: Celestic|Leech Seed|p1a: Copypaste\n|-start|p1a: Copypaste|move: Leech Seed\n|\n|-heal|p2a: Celestic|78\/100|[from] item: Leftovers\n|-damage|p1a: Copypaste|75\/100|[from] Leech Seed|[of] p2a: Celestic\n|-heal|p2a: Celestic|88\/100|[silent]\n|upkeep\n|turn|14\n|\n|move|p1a: Copypaste|Acrobatics|p2a: Celestic\n|-resisted|p2a: Celestic\n|-damage|p2a: Celestic|41\/100\n|move|p2a: Celestic|Flamethrower|p1a: Copypaste\n|-damage|p1a: Copypaste|46\/100\n|\n|-heal|p2a: Celestic|47\/100|[from] item: Leftovers\n|-damage|p1a: Copypaste|33\/100|[from] Leech Seed|[of] p2a: Celestic\n|-heal|p2a: Celestic|58\/100|[silent]\n|upkeep\n|turn|15\n|\n|move|p2a: Celestic|Protect|p2a: Celestic\n|-singleturn|p2a: Celestic|Protect\n|move|p1a: Copypaste|Roost|p1a: Copypaste\n|-heal|p1a: Copypaste|83\/100\n|-singleturn|p1a: Copypaste|move: Roost\n|\n|-heal|p2a: Celestic|64\/100|[from] item: Leftovers\n|-damage|p1a: Copypaste|71\/100|[from] Leech Seed|[of] p2a: Celestic\n|-heal|p2a: Celestic|74\/100|[silent]\n|upkeep\n|turn|16\n|\n|move|p1a: Copypaste|High Jump Kick|p2a: Celestic\n|-damage|p2a: Celestic|0 fnt\n|faint|p2a: Celestic\n|\n|upkeep\n|-message|PkManiacJohn forfeited.\n|\n|win|orangesss\n|l|\u2606PkManiacJohn\n|raw|orangesss's rating: 1630 &rarr; <strong>1649<\/strong><br \/>(+19 for winning)\n|raw|PkManiacJohn's rating: 1605 &rarr; <strong>1586<\/strong><br \/>(-19 for losing)\n","uploadtime":1550578699,"views":9,"p1id":"orangesss","p2id":"pkmaniacjohn","formatid":"gen7ou","rating":1586,"private":0,"password":null}