{"id":"gen7ou-669622333","p1":"Paulest","p2":"BigL91","format":"gen7ou","log":"|j|Paulest\n|j|BigL91\n|player|p1|Paulest|163\n|teamsize|p1|6\n|player|p2|BigL91|293\n|teamsize|p2|6\n|gametype|singles\n|gen|7\n|tier|[Gen 7] OU\n|rated|\n|seed|43545,60192,17908,25814\n|rule|Sleep Clause Mod: Limit one foe put to sleep\n|rule|Species Clause: Limit one of each Pok\u00e9mon\n|rule|OHKO Clause: OHKO moves are banned\n|rule|Moody Clause: Moody is banned\n|rule|Evasion Moves Clause: Evasion moves are banned\n|rule|Endless Battle Clause: Forcing endless battles is banned\n|rule|HP Percentage Mod: HP is shown in percentages\n|clearpoke\n|poke|p1|Blacephalon|item\n|poke|p1|Tapu Koko|item\n|poke|p1|Landorus-Therian, M|item\n|poke|p1|Zygarde|item\n|poke|p1|Scizor, M|item\n|poke|p1|Toxapex, F|item\n|poke|p2|Tyranitar, M|item\n|poke|p2|Charizard, F|item\n|poke|p2|Keldeo|item\n|poke|p2|Zapdos|item\n|poke|p2|Ferrothorn, F|item\n|poke|p2|Zygarde|item\n|teampreview\n|choice|team 2, team 1, team 3, team 4, team 5, team 6|team 2, team 1, team 3, team 4, team 5, team 6\n|\n|start\n|switch|p1a: Tapu Koko|Tapu Koko|282\/282\n|switch|p2a: Charizard|Charizard, F|298\/298\n|-fieldstart|move: Electric Terrain|[from] ability: Electric Surge|[of] p1a: Tapu Koko\n|turn|1\n|choice|move thunderbolt|switch 6\n|\n|switch|p2a: Zygarde|Zygarde|404\/404\n|-ability|p2a: Zygarde|Aura Break\n|move|p1a: Tapu Koko|Thunderbolt|p2a: Zygarde\n|-immune|p2a: Zygarde|[msg]\n|\n|upkeep\n|turn|2\n|choice|switch 3|move thousandarrows\n|\n|switch|p1a: Landorus|Landorus-Therian, M|382\/382\n|-ability|p1a: Landorus|Intimidate|boost\n|-unboost|p2a: Zygarde|atk|1\n|move|p2a: Zygarde|Thousand Arrows|p1a: Landorus\n|-damage|p1a: Landorus|313\/382\n|-start|p1a: Landorus|Smack Down\n|\n|-heal|p1a: Landorus|336\/382|[from] item: Leftovers\n|upkeep\n|turn|3\n|choice|move uturn|switch 6\n|\n|switch|p2a: Charizard|Charizard, F|298\/298\n|move|p1a: Landorus|U-turn|p2a: Charizard\n|-resisted|p2a: Charizard\n|-damage|p2a: Charizard|275\/298\n|choice|switch 3|\n|\n|switch|p1a: Tapu Koko|Tapu Koko|282\/282|[from]move: U-turn\n|\n|upkeep\n|turn|4\n|choice|move thunderbolt|switch 5\n|\n|switch|p2a: Ferrothorn|Ferrothorn, F|352\/352\n|move|p1a: Tapu Koko|Thunderbolt|p2a: Ferrothorn\n|-resisted|p2a: Ferrothorn\n|-damage|p2a: Ferrothorn|249\/352\n|\n|-heal|p2a: Ferrothorn|271\/352|[from] item: Leftovers\n|upkeep\n|turn|5\n|choice|switch 5|move stealthrock\n|\n|switch|p1a: Scizor|Scizor, M|343\/343\n|move|p2a: Ferrothorn|Stealth Rock|p1a: Scizor\n|-sidestart|p1: Paulest|move: Stealth Rock\n|\n|-heal|p2a: Ferrothorn|293\/352|[from] item: Leftovers\n|-fieldend|move: Electric Terrain\n|upkeep\n|turn|6\n|choice|move defog mega|switch 5\n|\n|switch|p2a: Charizard|Charizard, F|275\/298\n|-mega|p1a: Scizor|Scizor|Scizorite\n|detailschange|p1a: Scizor|Scizor-Mega, M\n|move|p1a: Scizor|Defog|p2a: Charizard\n|-unboost|p2a: Charizard|evasion|1\n|-sideend|p1: Paulest|Stealth Rock|[from] move: Defog|[of] p1a: Scizor\n|\n|upkeep\n|turn|7\n|choice|switch 6|move flamethrower mega\n|\n|switch|p1a: Toxapex|Toxapex, F|303\/303\n|-mega|p2a: Charizard|Charizard|Charizardite Y\n|detailschange|p2a: Charizard|Charizard-Mega-Y, F\n|-weather|SunnyDay|[from] ability: Drought|[of] p2a: Charizard\n|move|p2a: Charizard|Flamethrower|p1a: Toxapex\n|-resisted|p1a: Toxapex\n|-damage|p1a: Toxapex|230\/303\n|\n|-weather|SunnyDay|[upkeep]\n|-heal|p1a: Toxapex|248\/303|[from] item: Black Sludge\n|upkeep\n|turn|8\n|choice|move toxicspikes|move solarbeam\n|\n|move|p2a: Charizard|Solar Beam|p1a: Toxapex|[still]\n|-prepare|p2a: Charizard|Solar Beam|p1a: Toxapex\n|-anim|p2a: Charizard|Solar Beam|p1a: Toxapex\n|-damage|p1a: Toxapex|154\/303\n|move|p1a: Toxapex|Toxic Spikes|p2a: Charizard\n|-sidestart|p2: BigL91|move: Toxic Spikes\n|\n|-weather|SunnyDay|[upkeep]\n|-heal|p1a: Toxapex|172\/303|[from] item: Black Sludge\n|upkeep\n|turn|9\n|choice|move recover|switch 4\n|\n|switch|p2a: Zapdos|Zapdos, shiny|383\/383\n|-ability|p2a: Zapdos|Pressure\n|move|p1a: Toxapex|Recover|p1a: Toxapex\n|-heal|p1a: Toxapex|303\/303\n|\n|-weather|SunnyDay|[upkeep]\n|upkeep\n|turn|10\n|choice|switch 5|move defog\n|\n|switch|p1a: Tapu Koko|Tapu Koko|282\/282\n|-fieldstart|move: Electric Terrain|[from] ability: Electric Surge|[of] p1a: Tapu Koko\n|move|p2a: Zapdos|Defog|p1a: Tapu Koko\n|-unboost|p1a: Tapu Koko|evasion|1\n|-sideend|p2: BigL91|Toxic Spikes|[from] move: Defog|[of] p2a: Zapdos\n|\n|-weather|SunnyDay|[upkeep]\n|upkeep\n|turn|11\n|inactive|Battle timer is ON: inactive players will automatically lose when time's up. (requested by Paulest)\n|choice|move thunderbolt|switch 2\n|\n|switch|p2a: Tyranitar|Tyranitar, M|366\/366\n|-weather|Sandstorm|[from] ability: Sand Stream|[of] p2a: Tyranitar\n|move|p1a: Tapu Koko|Thunderbolt|p2a: Tyranitar\n|-damage|p2a: Tyranitar|177\/366\n|\n|-weather|Sandstorm|[upkeep]\n|-damage|p1a: Tapu Koko|265\/282|[from] sandstorm\n|upkeep\n|turn|12\n|choice|move thunderbolt|switch 6\n|\n|switch|p2a: Zygarde|Zygarde|404\/404\n|-ability|p2a: Zygarde|Aura Break\n|move|p1a: Tapu Koko|Thunderbolt|p2a: Zygarde\n|-immune|p2a: Zygarde|[msg]\n|\n|-weather|Sandstorm|[upkeep]\n|-damage|p1a: Tapu Koko|248\/282|[from] sandstorm\n|upkeep\n|turn|13\n|choice|switch 3|move dragondance\n|\n|switch|p1a: Landorus|Landorus-Therian, M|336\/382\n|-ability|p1a: Landorus|Intimidate|boost\n|-unboost|p2a: Zygarde|atk|1\n|move|p2a: Zygarde|Dragon Dance|p2a: Zygarde\n|-boost|p2a: Zygarde|atk|1\n|-boost|p2a: Zygarde|spe|1\n|\n|-weather|Sandstorm|[upkeep]\n|-heal|p1a: Landorus|359\/382|[from] item: Leftovers\n|upkeep\n|turn|14\n|choice|move hiddenpower|move substitute\n|\n|move|p2a: Zygarde|Substitute|p2a: Zygarde\n|-start|p2a: Zygarde|Substitute\n|-damage|p2a: Zygarde|303\/404\n|move|p1a: Landorus|Hidden Power|p2a: Zygarde\n|-supereffective|p2a: Zygarde\n|-end|p2a: Zygarde|Substitute\n|\n|-weather|Sandstorm|[upkeep]\n|-heal|p2a: Zygarde|328\/404|[from] item: Leftovers\n|-heal|p1a: Landorus|382\/382|[from] item: Leftovers\n|-fieldend|move: Electric Terrain\n|upkeep\n|turn|15\n|inactive|BigL91 has 135 seconds left.\n|choice|move hiddenpower|move substitute\n|\n|move|p2a: Zygarde|Substitute|p2a: Zygarde\n|-start|p2a: Zygarde|Substitute\n|-damage|p2a: Zygarde|227\/404\n|move|p1a: Landorus|Hidden Power|p2a: Zygarde\n|-supereffective|p2a: Zygarde\n|-end|p2a: Zygarde|Substitute\n|\n|-weather|none\n|-heal|p2a: Zygarde|252\/404|[from] item: Leftovers\n|upkeep\n|turn|16\n|inactive|BigL91 has 135 seconds left.\n|choice|move hiddenpower|switch 3\n|\n|switch|p2a: Keldeo|Keldeo|324\/324\n|move|p1a: Landorus|Hidden Power|p2a: Keldeo\n|-resisted|p2a: Keldeo\n|-damage|p2a: Keldeo|302\/324\n|\n|upkeep\n|turn|17\n|inactive|Paulest has 135 seconds left.\n|inactive|Paulest has 120 seconds left.\n|choice|switch 5|move toxic\n|\n|switch|p1a: Toxapex|Toxapex, F|303\/303\n|move|p2a: Keldeo|Toxic|p1a: Toxapex\n|-immune|p1a: Toxapex|[msg]\n|\n|upkeep\n|turn|18\n|choice|move toxicspikes|switch 2\n|\n|switch|p2a: Zapdos|Zapdos, shiny|383\/383\n|-ability|p2a: Zapdos|Pressure\n|move|p1a: Toxapex|Toxic Spikes|p2a: Zapdos\n|-sidestart|p2: BigL91|move: Toxic Spikes\n|\n|upkeep\n|turn|19\n|choice|switch 3|move discharge\n|\n|switch|p1a: Tapu Koko|Tapu Koko|248\/282\n|-fieldstart|move: Electric Terrain|[from] ability: Electric Surge|[of] p1a: Tapu Koko\n|move|p2a: Zapdos|Discharge|p1a: Tapu Koko\n|-resisted|p1a: Tapu Koko\n|-damage|p1a: Tapu Koko|179\/282\n|\n|upkeep\n|turn|20\n|choice|move thunderbolt|switch 5\n|\n|switch|p2a: Ferrothorn|Ferrothorn, F|293\/352\n|move|p1a: Tapu Koko|Thunderbolt|p2a: Ferrothorn\n|-resisted|p2a: Ferrothorn\n|-damage|p2a: Ferrothorn|188\/352\n|\n|-heal|p2a: Ferrothorn|210\/352|[from] item: Leftovers\n|upkeep\n|turn|21\n|choice|move thunderbolt|move leechseed\n|\n|move|p1a: Tapu Koko|Thunderbolt|p2a: Ferrothorn\n|-resisted|p2a: Ferrothorn\n|-damage|p2a: Ferrothorn|117\/352\n|-status|p2a: Ferrothorn|par\n|cant|p2a: Ferrothorn|par\n|\n|-heal|p2a: Ferrothorn|139\/352 par|[from] item: Leftovers\n|upkeep\n|turn|22\n|choice|move thunderbolt|move gyroball\n|\n|move|p1a: Tapu Koko|Thunderbolt|p2a: Ferrothorn\n|-resisted|p2a: Ferrothorn\n|-damage|p2a: Ferrothorn|49\/352 par\n|cant|p2a: Ferrothorn|par\n|\n|-heal|p2a: Ferrothorn|71\/352 par|[from] item: Leftovers\n|upkeep\n|turn|23\n|choice|move thunderbolt|move protect\n|\n|move|p2a: Ferrothorn|Protect|p2a: Ferrothorn\n|-singleturn|p2a: Ferrothorn|Protect\n|move|p1a: Tapu Koko|Thunderbolt|p2a: Ferrothorn\n|-activate|p2a: Ferrothorn|move: Protect\n|\n|-heal|p2a: Ferrothorn|93\/352 par|[from] item: Leftovers\n|-fieldend|move: Electric Terrain\n|upkeep\n|turn|24\n|choice|move thunderbolt|move gyroball\n|\n|move|p1a: Tapu Koko|Thunderbolt|p2a: Ferrothorn\n|-resisted|p2a: Ferrothorn\n|-crit|p2a: Ferrothorn\n|-damage|p2a: Ferrothorn|0 fnt\n|faint|p2a: Ferrothorn\n|\n|upkeep\n|inactive|BigL91 has 135 seconds left.\n|c|\u2606BigL91|gg\n|choice||switch 5\n|\n|switch|p2a: Zapdos|Zapdos, shiny|383\/383\n|-ability|p2a: Zapdos|Pressure\n|turn|25\n|c|\u2606Paulest|jeje\n|c|\u2606Paulest|gg* :vvv\n|c|\u2606BigL91|sometimes hax is great sometimes not\n|choice|move thunderbolt|move defog\n|\n|move|p1a: Tapu Koko|Thunderbolt|p2a: Zapdos\n|-damage|p2a: Zapdos|170\/383\n|move|p2a: Zapdos|Defog|p1a: Tapu Koko\n|-unboost|p1a: Tapu Koko|evasion|1\n|-sideend|p2: BigL91|Toxic Spikes|[from] move: Defog|[of] p2a: Zapdos\n|\n|-heal|p2a: Zapdos|193\/383|[from] item: Leftovers\n|upkeep\n|turn|26\n|c|\u2606Paulest|yep\n|c|\u2606Paulest|greaat :D\n|choice|switch 5|switch 3\n|\n|switch|p1a: Landorus|Landorus-Therian, M|382\/382\n|-ability|p1a: Landorus|Intimidate|boost\n|-unboost|p2a: Zapdos|atk|1\n|switch|p2a: Zygarde|Zygarde|252\/404\n|-ability|p2a: Zygarde|Aura Break\n|\n|-heal|p2a: Zygarde|277\/404|[from] item: Leftovers\n|upkeep\n|turn|27\n|c|\u2606BigL91|hahahaha\n|c|\u2606Paulest|jaja\n|c|\u2606BigL91|ill still try too come back ^^\n|inactive|BigL91 has 135 seconds left.\n|choice|move hiddenpower|switch 2\n|\n|switch|p2a: Keldeo|Keldeo|302\/324\n|move|p1a: Landorus|Hidden Power|p2a: Keldeo\n|-resisted|p2a: Keldeo\n|-damage|p2a: Keldeo|279\/324\n|\n|upkeep\n|turn|28\n|c|\u2606Paulest|>Congratulations :D\n|choice|switch 3|move scald\n|\n|switch|p1a: Toxapex|Toxapex, F|303\/303\n|move|p2a: Keldeo|Scald|p1a: Toxapex\n|-resisted|p1a: Toxapex\n|-damage|p1a: Toxapex|264\/303\n|-status|p1a: Toxapex|brn\n|\n|-heal|p1a: Toxapex|282\/303 brn|[from] item: Black Sludge\n|-damage|p1a: Toxapex|264\/303 brn|[from] brn\n|upkeep\n|turn|29\n|choice|move toxicspikes|switch 3\n|\n|switch|p2a: Zapdos|Zapdos, shiny|193\/383\n|-ability|p2a: Zapdos|Pressure\n|move|p1a: Toxapex|Toxic Spikes|p2a: Zapdos\n|-sidestart|p2: BigL91|move: Toxic Spikes\n|\n|-heal|p2a: Zapdos|216\/383|[from] item: Leftovers\n|-heal|p1a: Toxapex|282\/303 brn|[from] item: Black Sludge\n|-damage|p1a: Toxapex|264\/303 brn|[from] brn\n|upkeep\n|turn|30\n|choice|switch 4|move defog\n|\n|switch|p1a: Zygarde|Zygarde|404\/404\n|-ability|p1a: Zygarde|Aura Break\n|move|p2a: Zapdos|Defog|p1a: Zygarde\n|-unboost|p1a: Zygarde|evasion|1\n|-sideend|p2: BigL91|Toxic Spikes|[from] move: Defog|[of] p2a: Zapdos\n|\n|-heal|p2a: Zapdos|239\/383|[from] item: Leftovers\n|upkeep\n|turn|31\n|choice|move thousandarrows|switch 3\n|\n|switch|p2a: Keldeo|Keldeo|279\/324\n|move|p1a: Zygarde|Thousand Arrows|p2a: Keldeo\n|-damage|p2a: Keldeo|137\/324\n|\n|upkeep\n|turn|32\n|choice|move protect|move hydropump\n|\n|move|p1a: Zygarde|Protect|p1a: Zygarde\n|-singleturn|p1a: Zygarde|Protect\n|move|p2a: Keldeo|Hydro Pump|p1a: Zygarde\n|-activate|p1a: Zygarde|move: Protect\n|\n|upkeep\n|turn|33\n|choice|switch 4|move hydropump\n|\n|switch|p1a: Toxapex|Toxapex, F|303\/303 brn\n|move|p2a: Keldeo|Hydro Pump|p1a: Toxapex\n|-resisted|p1a: Toxapex\n|-damage|p1a: Toxapex|252\/303 brn\n|\n|-heal|p1a: Toxapex|270\/303 brn|[from] item: Black Sludge\n|-damage|p1a: Toxapex|252\/303 brn|[from] brn\n|upkeep\n|turn|34\n|choice|move toxicspikes|switch 4\n|\n|switch|p2a: Charizard|Charizard-Mega-Y, F|275\/298\n|-weather|SunnyDay|[from] ability: Drought|[of] p2a: Charizard\n|move|p1a: Toxapex|Toxic Spikes|p2a: Charizard\n|-sidestart|p2: BigL91|move: Toxic Spikes\n|\n|-weather|SunnyDay|[upkeep]\n|-heal|p1a: Toxapex|270\/303 brn|[from] item: Black Sludge\n|-damage|p1a: Toxapex|252\/303 brn|[from] brn\n|upkeep\n|turn|35\n|choice|move recover|move flamethrower\n|\n|move|p2a: Charizard|Flamethrower|p1a: Toxapex\n|-resisted|p1a: Toxapex\n|-damage|p1a: Toxapex|177\/303 brn\n|move|p1a: Toxapex|Recover|p1a: Toxapex\n|-heal|p1a: Toxapex|303\/303 brn\n|\n|-weather|SunnyDay|[upkeep]\n|-damage|p1a: Toxapex|285\/303 brn|[from] brn\n|upkeep\n|turn|36\n|c|\u2606Paulest|Forfeit its gg for me\n|inactive|BigL91 has 135 seconds left.\n|c|\u2606BigL91|i wont be able to go through\n|c|\u2606BigL91|gg\n|-message|BigL91 forfeited.\n|\n|win|Paulest\n|l|BigL91\n|raw|Paulest's rating: 1694 &rarr; <strong>1711<\/strong><br \/>(+17 for winning)\n|raw|BigL91's rating: 1639 &rarr; <strong>1622<\/strong><br \/>(-17 for losing)","inputlog":null,"uploadtime":1512518789,"views":3,"p1id":"paulest","p2id":"bigl91","formatid":"gen7ou","rating":1622,"private":0,"password":null}