{"id":"gen7ou-650195640","p1":"Lkjhgfdsapoi","p2":"ScizorQuickAttack","format":"gen7ou","log":"|j|Lkjhgfdsapoi\n|j|ScizorQuickAttack\n|player|p1|Lkjhgfdsapoi|163\n|teamsize|p1|6\n|player|p2|ScizorQuickAttack|#clemont\n|teamsize|p2|6\n|gametype|singles\n|gen|7\n|tier|[Gen 7] OU\n|rated|\n|seed|22545,11915,41620,4113\n|rule|Sleep Clause Mod: Limit one foe put to sleep\n|rule|Species Clause: Limit one of each Pok\u00e9mon\n|rule|OHKO Clause: OHKO moves are banned\n|rule|Moody Clause: Moody is banned\n|rule|Evasion Moves Clause: Evasion moves are banned\n|rule|Endless Battle Clause: Forcing endless battles is banned\n|rule|HP Percentage Mod: HP is shown in percentages\n|clearpoke\n|poke|p1|Espeon, F|item\n|poke|p1|Heatran, F|item\n|poke|p1|Ferrothorn, F|item\n|poke|p1|Celesteela|item\n|poke|p1|Toxapex, F|item\n|poke|p1|Talonflame, F|item\n|poke|p2|Landorus-Therian, M|item\n|poke|p2|Diancie|item\n|poke|p2|Mantine, M|item\n|poke|p2|Victini|item\n|poke|p2|Ferrothorn, M|item\n|poke|p2|Greninja, M|item\n|teampreview\n|c|\u2606ScizorQuickAttack|talonflame? so long\n|c|\u2606Lkjhgfdsapoi|ok...\n|choice|team 3, team 2, team 1, team 4, team 5, team 6|team 2, team 1, team 3, team 4, team 5, team 6\n|\n|start\n|switch|p1a: Ferrothorn|Ferrothorn, F|352\/352\n|switch|p2a: Diancie|Diancie, shiny|241\/241\n|turn|1\n|inactive|Battle timer is ON: inactive players will automatically lose when time's up. (requested by ScizorQuickAttack)\n|choice|move gyroball|switch 3\n|\n|switch|p2a: Mantine|Mantine, M|374\/374\n|move|p1a: Ferrothorn|Gyro Ball|p2a: Mantine\n|-resisted|p2a: Mantine\n|-damage|p2a: Mantine|287\/374\n|\n|-heal|p2a: Mantine|310\/374|[from] item: Leftovers\n|upkeep\n|turn|2\n|choice|move stealthrock|switch 5\n|\n|switch|p2a: Ferrothorn|Ferrothorn, M|352\/352\n|move|p1a: Ferrothorn|Stealth Rock|p2a: Ferrothorn\n|-sidestart|p2: ScizorQuickAttack|move: Stealth Rock\n|\n|upkeep\n|turn|3\n|choice|switch 3|move stealthrock\n|\n|switch|p1a: Espeon|Espeon, F|334\/334\n|move|p2a: Ferrothorn|Stealth Rock|p1a: Espeon\n|move|p1a: Espeon|Stealth Rock|p2a: Ferrothorn|[from]Magic Bounce\n|-fail|p1a: Espeon\n|\n|-status|p1a: Espeon|tox|[from] item: Toxic Orb\n|upkeep\n|turn|4\n|choice|move powerswap|move powerwhip\n|\n|move|p1a: Espeon|Power Swap|p2a: Ferrothorn\n|-swapboost|p1a: Espeon|p2a: Ferrothorn|atk, spa|[from] move: Power Swap\n|move|p2a: Ferrothorn|Power Whip|p1a: Espeon\n|-crit|p1a: Espeon\n|-damage|p1a: Espeon|58\/334 tox\n|\n|-damage|p1a: Espeon|38\/334 tox|[from] psn\n|upkeep\n|turn|5\n|choice|switch 2|move powerwhip\n|\n|switch|p1a: Heatran|Heatran, F|386\/386\n|-item|p1a: Heatran|Air Balloon\n|move|p2a: Ferrothorn|Power Whip|p1a: Heatran\n|-resisted|p1a: Heatran\n|-damage|p1a: Heatran|357\/386\n|-enditem|p1a: Heatran|Air Balloon\n|\n|upkeep\n|turn|6\n|choice|move lavaplume|switch 5\n|\n|switch|p2a: Mantine|Mantine, M|310\/374\n|-damage|p2a: Mantine|217\/374|[from] Stealth Rock\n|move|p1a: Heatran|Lava Plume|p2a: Mantine\n|-resisted|p2a: Mantine\n|-damage|p2a: Mantine|173\/374\n|-status|p2a: Mantine|brn\n|\n|-heal|p2a: Mantine|196\/374 brn|[from] item: Leftovers\n|-damage|p2a: Mantine|173\/374 brn|[from] brn\n|upkeep\n|turn|7\n|choice|switch 3|move roost\n|\n|switch|p1a: Ferrothorn|Ferrothorn, F|352\/352\n|move|p2a: Mantine|Roost|p2a: Mantine\n|-heal|p2a: Mantine|360\/374 brn\n|\n|-heal|p2a: Mantine|374\/374 brn|[from] item: Leftovers\n|-damage|p2a: Mantine|351\/374 brn|[from] brn\n|upkeep\n|turn|8\n|choice|move knockoff|move defog\n|\n|move|p2a: Mantine|Defog|p1a: Ferrothorn\n|-unboost|p1a: Ferrothorn|evasion|1\n|-sideend|p2: ScizorQuickAttack|Stealth Rock|[from] move: Defog|[of] p2a: Mantine\n|move|p1a: Ferrothorn|Knock Off|p2a: Mantine\n|-damage|p2a: Mantine|251\/374 brn\n|-enditem|p2a: Mantine|Leftovers|[from] move: Knock Off|[of] p1a: Ferrothorn\n|\n|-damage|p2a: Mantine|228\/374 brn|[from] brn\n|upkeep\n|turn|9\n|choice|move stealthrock|switch 4\n|\n|switch|p2a: Victini|Victini|341\/341\n|move|p1a: Ferrothorn|Stealth Rock|p2a: Victini\n|-sidestart|p2: ScizorQuickAttack|move: Stealth Rock\n|\n|upkeep\n|turn|10\n|choice|switch 5|move celebrate zmove\n|\n|switch|p1a: Toxapex|Toxapex, F|304\/304\n|-zpower|p2a: Victini\n|move|p2a: Victini|Z-Celebrate|p2a: Victini|[anim]Celebrate\n|-boost|p2a: Victini|atk|1|[zeffect]\n|-boost|p2a: Victini|def|1|[zeffect]\n|-boost|p2a: Victini|spa|1|[zeffect]\n|-boost|p2a: Victini|spd|1|[zeffect]\n|-boost|p2a: Victini|spe|1|[zeffect]\n|-activate|p2a: Victini|move: Celebrate\n|\n|upkeep\n|turn|11\n|choice|move banefulbunker|move storedpower\n|\n|move|p1a: Toxapex|Baneful Bunker|p1a: Toxapex\n|-singleturn|p1a: Toxapex|move: Protect\n|move|p2a: Victini|Stored Power|p1a: Toxapex\n|-activate|p1a: Toxapex|move: Protect\n|\n|upkeep\n|turn|12\n|choice|move scald|move storedpower\n|\n|move|p2a: Victini|Stored Power|p1a: Toxapex\n|-supereffective|p1a: Toxapex\n|-damage|p1a: Toxapex|0 fnt\n|faint|p1a: Toxapex\n|\n|upkeep\n|choice|switch 5|\n|\n|switch|p1a: Ferrothorn|Ferrothorn, F|352\/352\n|turn|13\n|choice|switch 3|move searingshot\n|\n|switch|p1a: Heatran|Heatran, F|357\/386\n|move|p2a: Victini|Searing Shot|p1a: Heatran\n|-start|p1a: Heatran|ability: Flash Fire\n|\n|upkeep\n|turn|14\n|choice|move earthpower|move focusblast\n|\n|move|p2a: Victini|Focus Blast|p1a: Heatran\n|-supereffective|p1a: Heatran\n|-damage|p1a: Heatran|0 fnt\n|faint|p1a: Heatran\n|\n|upkeep\n|-message|Lkjhgfdsapoi forfeited.\n|\n|win|ScizorQuickAttack\n|l|Lkjhgfdsapoi","inputlog":null,"uploadtime":1508939075,"views":275,"p1id":"lkjhgfdsapoi","p2id":"scizorquickattack","formatid":"gen7ou","rating":0,"private":0,"password":null}