{"id":"gen7ou-1303785184","p1":"Gibbet","p2":"cump2","format":"gen7ou","log":"|j|\u2606Gibbet\n|j|\u2606cump2\n|t:|1616046843\n|player|p1|Gibbet|cynthia-gen4|1169\n|player|p2|cump2|schoolkid-gen4dp|1245\n|teamsize|p1|6\n|teamsize|p2|6\n|gametype|singles\n|gen|7\n|tier|[Gen 7] OU\n|rated|\n|clearpoke\n|poke|p1|Magearna|item\n|poke|p1|Primarina, M|item\n|poke|p1|Decidueye, M|item\n|poke|p1|Volcarona, M|item\n|poke|p1|Aerodactyl, F|item\n|poke|p1|Kartana|item\n|poke|p2|Medicham, M|item\n|poke|p2|Staraptor, M|item\n|poke|p2|Kommo-o, M|item\n|poke|p2|Serperior, F|item\n|poke|p2|Gliscor, M|item\n|poke|p2|Clefable, M|item\n|rule|Sleep Clause Mod: Limit one foe put to sleep\n|rule|Species Clause: Limit one of each Pok\u00e9mon\n|rule|OHKO Clause: OHKO moves are banned\n|rule|Moody Clause: Moody is banned\n|rule|Evasion Moves Clause: Evasion moves are banned\n|rule|Endless Battle Clause: Forcing endless battles is banned\n|rule|HP Percentage Mod: HP is shown in percentages\n|teampreview\n|\n|t:|1616046852\n|start\n|switch|p1a: Magearna|Magearna|100\/100\n|switch|p2a: Medicham|Medicham, M|100\/100\n|turn|1\n|\n|t:|1616046860\n|detailschange|p2a: Medicham|Medicham-Mega, M\n|-mega|p2a: Medicham|Medicham|Medichamite\n|move|p2a: Medicham|High Jump Kick|p1a: Magearna\n|-damage|p1a: Magearna|2\/100\n|move|p1a: Magearna|Dazzling Gleam|p2a: Medicham\n|-supereffective|p2a: Medicham\n|-damage|p2a: Medicham|0 fnt\n|faint|p2a: Medicham\n|-ability|p1a: Magearna|Soul-Heart|boost\n|-boost|p1a: Magearna|spa|1\n|\n|upkeep\n|\n|t:|1616046870\n|switch|p2a: Serperior|Serperior, F|100\/100\n|turn|2\n|\n|t:|1616046874\n|move|p2a: Serperior|Leaf Storm|p1a: Magearna\n|-resisted|p1a: Magearna\n|-damage|p1a: Magearna|0 fnt\n|-boost|p2a: Serperior|spa|2\n|faint|p1a: Magearna\n|\n|upkeep\n|\n|t:|1616046884\n|switch|p1a: Aerodactyl|Aerodactyl, F|100\/100\n|turn|3\n|\n|t:|1616046891\n|detailschange|p1a: Aerodactyl|Aerodactyl-Mega, F\n|-mega|p1a: Aerodactyl|Aerodactyl|Aerodactylite\n|move|p2a: Serperior|Leaf Storm|p1a: Aerodactyl\n|-damage|p1a: Aerodactyl|0 fnt\n|-boost|p2a: Serperior|spa|2\n|faint|p1a: Aerodactyl\n|\n|upkeep\n|\n|t:|1616046904\n|switch|p1a: Volcarona|Volcarona, M|100\/100\n|turn|4\n|\n|t:|1616046909\n|move|p2a: Serperior|Leaf Storm|p1a: Volcarona\n|-resisted|p1a: Volcarona\n|-damage|p1a: Volcarona|59\/100\n|-boost|p2a: Serperior|spa|2\n|move|p1a: Volcarona|Quiver Dance|p1a: Volcarona\n|-boost|p1a: Volcarona|spa|1\n|-boost|p1a: Volcarona|spd|1\n|-boost|p1a: Volcarona|spe|1\n|\n|upkeep\n|turn|5\n|\n|t:|1616046919\n|move|p2a: Serperior|Leaf Storm|p1a: Volcarona\n|-resisted|p1a: Volcarona\n|-damage|p1a: Volcarona|24\/100\n|move|p1a: Volcarona|Bug Buzz|p2a: Serperior\n|-supereffective|p2a: Serperior\n|-damage|p2a: Serperior|0 fnt\n|faint|p2a: Serperior\n|\n|upkeep\n|\n|t:|1616046932\n|switch|p2a: Gliscor|Gliscor, M|100\/100\n|turn|6\n|\n|t:|1616046935\n|move|p1a: Volcarona|Hidden Power|p2a: Gliscor\n|-supereffective|p2a: Gliscor\n|-damage|p2a: Gliscor|0 fnt\n|faint|p2a: Gliscor\n|\n|upkeep\n|\n|t:|1616046938\n|switch|p2a: Staraptor|Staraptor, M|100\/100\n|turn|7\n|\n|t:|1616046942\n|move|p1a: Volcarona|Hidden Power|p2a: Staraptor\n|-supereffective|p2a: Staraptor\n|-damage|p2a: Staraptor|0 fnt\n|faint|p2a: Staraptor\n|\n|upkeep\n|\n|t:|1616046945\n|switch|p2a: Clefable|Clefable, M|100\/100\n|turn|8\n|\n|t:|1616046950\n|move|p1a: Volcarona|Fiery Dance|p2a: Clefable\n|-damage|p2a: Clefable|53\/100\n|-boost|p1a: Volcarona|spa|1\n|move|p2a: Clefable|Moonblast|p1a: Volcarona\n|-resisted|p1a: Volcarona\n|-damage|p1a: Volcarona|12\/100\n|\n|-heal|p2a: Clefable|59\/100|[from] item: Leftovers\n|upkeep\n|turn|9\n|-message|cump2 forfeited.\n|\n|win|Gibbet\n|raw|Gibbet's rating: 1169 &rarr; <strong>1203<\/strong><br \/>(+34 for winning)\n|raw|cump2's rating: 1245 &rarr; <strong>1226<\/strong><br \/>(-19 for losing)\n|l|\u2606cump2\n|raw|Gibbet's rating: 1169 &rarr; <strong>1200<\/strong><br \/>(+31 for winning)\n|raw|cump2's rating: 1245 &rarr; <strong>1214<\/strong><br \/>(-31 for losing)\n","uploadtime":1616046964,"views":1,"p1id":"gibbet","p2id":"cump2","formatid":"gen7ou","rating":1200,"private":0,"password":null}