{"id":"gen7randombattle-1573946925","p1":"firepunch917","p2":"JustaSqu1d","format":"gen7randombattle","log":"|j|\u2606firepunch917\n|j|\u2606JustaSqu1d\n|t:|1652445946\n|gametype|singles\n|player|p1|firepunch917|266|1622\n|player|p2|JustaSqu1d|170|1718\n|teamsize|p1|6\n|teamsize|p2|6\n|gen|7\n|tier|[Gen 7] Random Battle\n|rated|\n|rule|Sleep Clause Mod: Limit one foe put to sleep\n|rule|HP Percentage Mod: HP is shown in percentages\n|\n|t:|1652445946\n|start\n|switch|p1a: Volcarona|Volcarona, L80, M|267\/267\n|switch|p2a: Lopunny|Lopunny, L80, F|235\/235\n|turn|1\n|inactive|Battle timer is ON: inactive players will automatically lose when time's up. (requested by JustaSqu1d)\n|\n|t:|1652445954\n|detailschange|p2a: Lopunny|Lopunny-Mega, L80, F\n|-mega|p2a: Lopunny|Lopunny|Lopunnite\n|move|p2a: Lopunny|Return|p1a: Volcarona\n|-damage|p1a: Volcarona|108\/267\n|move|p1a: Volcarona|Quiver Dance|p1a: Volcarona\n|-boost|p1a: Volcarona|spa|1\n|-boost|p1a: Volcarona|spd|1\n|-boost|p1a: Volcarona|spe|1\n|\n|upkeep\n|turn|2\n|\n|t:|1652445958\n|move|p1a: Volcarona|Fire Blast|p2a: Lopunny\n|-damage|p2a: Lopunny|0 fnt\n|faint|p2a: Lopunny\n|-damage|p1a: Volcarona|82\/267|[from] item: Life Orb\n|\n|upkeep\n|\n|t:|1652445959\n|switch|p2a: Greninja|Greninja, L80, M|246\/246\n|turn|3\n|\n|t:|1652445962\n|move|p2a: Greninja|Water Shuriken|p1a: Volcarona\n|-supereffective|p1a: Volcarona\n|-crit|p1a: Volcarona\n|-damage|p1a: Volcarona|20\/267\n|-supereffective|p1a: Volcarona\n|-damage|p1a: Volcarona|0 fnt\n|faint|p1a: Volcarona\n|-activate|p2a: Greninja|ability: Battle Bond\n|detailschange|p2a: Greninja|Greninja-Ash, L80, M\n|-hitcount|p1: Volcarona|2\n|\n|upkeep\n|\n|t:|1652445968\n|switch|p1a: Alomomola|Alomomola, L82, M|405\/405\n|turn|4\n|\n|t:|1652445970\n|move|p2a: Greninja|Water Shuriken|p1a: Alomomola\n|-resisted|p1a: Alomomola\n|-damage|p1a: Alomomola|371\/405\n|-resisted|p1a: Alomomola\n|-crit|p1a: Alomomola\n|-damage|p1a: Alomomola|323\/405\n|-resisted|p1a: Alomomola\n|-damage|p1a: Alomomola|287\/405\n|-hitcount|p1a: Alomomola|3\n|move|p1a: Alomomola|Toxic|p2a: Greninja\n|-status|p2a: Greninja|tox\n|\n|-heal|p1a: Alomomola|312\/405|[from] item: Leftovers\n|-damage|p2a: Greninja|231\/246 tox|[from] psn\n|upkeep\n|turn|5\n|\n|t:|1652445973\n|switch|p2a: Milotic|Milotic, L84, M|297\/297\n|move|p1a: Alomomola|Wish|p1a: Alomomola\n|\n|-heal|p1a: Alomomola|337\/405|[from] item: Leftovers\n|upkeep\n|turn|6\n|\n|t:|1652445975\n|move|p2a: Milotic|Toxic|p1a: Alomomola\n|-status|p1a: Alomomola|tox\n|move|p1a: Alomomola|Toxic|p2a: Milotic\n|-status|p2a: Milotic|tox\n|\n|-heal|p1a: Alomomola|405\/405 tox|[from] move: Wish|[wisher] Alomomola\n|-damage|p2a: Milotic|279\/297 tox|[from] psn\n|-damage|p1a: Alomomola|380\/405 tox|[from] psn\n|upkeep\n|turn|7\n|\n|t:|1652445979\n|move|p2a: Milotic|Toxic|p1a: Alomomola\n|-fail|p1a: Alomomola|tox\n|move|p1a: Alomomola|Wish|p1a: Alomomola\n|\n|-heal|p2a: Milotic|297\/297 tox|[from] item: Leftovers\n|-heal|p1a: Alomomola|405\/405 tox|[from] item: Leftovers\n|-damage|p2a: Milotic|261\/297 tox|[from] psn\n|-damage|p1a: Alomomola|355\/405 tox|[from] psn\n|upkeep\n|turn|8\n|\n|t:|1652445983\n|move|p2a: Milotic|Recover|p2a: Milotic\n|-heal|p2a: Milotic|297\/297 tox\n|move|p1a: Alomomola|Knock Off|p2a: Milotic\n|-crit|p2a: Milotic\n|-damage|p2a: Milotic|211\/297 tox\n|-enditem|p2a: Milotic|Leftovers|[from] move: Knock Off|[of] p1a: Alomomola\n|\n|-heal|p1a: Alomomola|405\/405 tox|[from] move: Wish|[wisher] Alomomola\n|-damage|p2a: Milotic|157\/297 tox|[from] psn\n|-damage|p1a: Alomomola|330\/405 tox|[from] psn\n|upkeep\n|turn|9\n|\n|t:|1652445985\n|switch|p2a: Heliolisk|Heliolisk, L86, M|247\/247\n|move|p1a: Alomomola|Wish|p1a: Alomomola\n|\n|-heal|p1a: Alomomola|355\/405 tox|[from] item: Leftovers\n|-damage|p1a: Alomomola|255\/405 tox|[from] psn\n|upkeep\n|turn|10\n|\n|t:|1652445988\n|switch|p1a: Golem|Golem, L88, F|284\/284\n|move|p2a: Heliolisk|Hyper Voice|p1a: Golem\n|-resisted|p1a: Golem\n|-damage|p1a: Golem|180\/284\n|\n|-heal|p1a: Golem|284\/284|[from] move: Wish|[wisher] Alomomola\n|upkeep\n|turn|11\n|\n|t:|1652445991\n|switch|p2a: Simisage|Simisage, L88, F|275\/275\n|move|p1a: Golem|Stealth Rock|p2a: Simisage\n|-sidestart|p2: JustaSqu1d|move: Stealth Rock\n|\n|upkeep\n|turn|12\n|\n|t:|1652445996\n|switch|p1a: Necrozma|Necrozma-Dusk-Mane, L76|272\/272\n|move|p2a: Simisage|Leaf Storm|p1a: Necrozma\n|-resisted|p1a: Necrozma\n|-damage|p1a: Necrozma|180\/272\n|-unboost|p2a: Simisage|spa|2\n|-damage|p2a: Simisage|248\/275|[from] item: Life Orb\n|\n|upkeep\n|turn|13\n|\n|t:|1652445999\n|switch|p2a: Greninja|Greninja-Ash, L80, M|231\/246 tox\n|-damage|p2a: Greninja|201\/246 tox|[from] Stealth Rock\n|move|p1a: Necrozma|Autotomize|p1a: Necrozma\n|-boost|p1a: Necrozma|spe|2\n|-start|p1a: Necrozma|Autotomize\n|\n|-damage|p2a: Greninja|186\/246 tox|[from] psn\n|upkeep\n|turn|14\n|\n|t:|1652446004\n|switch|p1a: Persian|Persian-Alola, L88, M|258\/258\n|move|p2a: Greninja|Dark Pulse|p1a: Persian\n|-resisted|p1a: Persian\n|-damage|p1a: Persian|158\/258\n|\n|-heal|p1a: Persian|174\/258|[from] item: Leftovers\n|-damage|p2a: Greninja|156\/246 tox|[from] psn\n|upkeep\n|turn|15\n|\n|t:|1652446009\n|move|p2a: Greninja|Dark Pulse|p1a: Persian\n|-resisted|p1a: Persian\n|-damage|p1a: Persian|81\/258\n|cant|p1a: Persian|flinch\n|\n|-heal|p1a: Persian|97\/258|[from] item: Leftovers\n|-damage|p2a: Greninja|111\/246 tox|[from] psn\n|upkeep\n|turn|16\n|\n|t:|1652446013\n|move|p2a: Greninja|Dark Pulse|p1a: Persian\n|-resisted|p1a: Persian\n|-damage|p1a: Persian|0 fnt\n|faint|p1a: Persian\n|\n|-damage|p2a: Greninja|51\/246 tox|[from] psn\n|upkeep\n|\n|t:|1652446016\n|switch|p1a: Alomomola|Alomomola, L82, M|390\/405 tox\n|turn|17\n|\n|t:|1652446019\n|move|p2a: Greninja|Dark Pulse|p1a: Alomomola\n|-crit|p1a: Alomomola\n|-damage|p1a: Alomomola|3\/405 tox\n|move|p1a: Alomomola|Wish|p1a: Alomomola\n|\n|-heal|p1a: Alomomola|28\/405 tox|[from] item: Leftovers\n|-damage|p2a: Greninja|0 fnt|[from] psn\n|faint|p2a: Greninja\n|-damage|p1a: Alomomola|3\/405 tox|[from] psn\n|upkeep\n|\n|t:|1652446019\n|switch|p2a: Milotic|Milotic, L84, M|157\/297 tox\n|-damage|p2a: Milotic|120\/297 tox|[from] Stealth Rock\n|turn|18\n|\n|t:|1652446025\n|switch|p1a: Cloyster|Cloyster, L84, F|221\/221\n|move|p2a: Milotic|Recover|p2a: Milotic\n|-heal|p2a: Milotic|269\/297 tox\n|\n|-damage|p2a: Milotic|251\/297 tox|[from] psn\n|upkeep\n|turn|19\n|\n|t:|1652446027\n|move|p2a: Milotic|Scald|p1a: Cloyster\n|-resisted|p1a: Cloyster\n|-damage|p1a: Cloyster|155\/221\n|move|p1a: Cloyster|Shell Smash|p1a: Cloyster\n|-unboost|p1a: Cloyster|def|1\n|-unboost|p1a: Cloyster|spd|1\n|-boost|p1a: Cloyster|atk|2\n|-boost|p1a: Cloyster|spa|2\n|-boost|p1a: Cloyster|spe|2\n|-enditem|p1a: Cloyster|White Herb\n|-clearnegativeboost|p1a: Cloyster|[silent]\n|\n|-damage|p2a: Milotic|215\/297 tox|[from] psn\n|upkeep\n|turn|20\n|\n|t:|1652446029\n|move|p1a: Cloyster|Rock Blast|p2a: Milotic|[miss]\n|-miss|p1a: Cloyster|p2a: Milotic\n|move|p2a: Milotic|Scald|p1a: Cloyster\n|-resisted|p1a: Cloyster\n|-damage|p1a: Cloyster|81\/221\n|-status|p1a: Cloyster|brn\n|\n|-damage|p2a: Milotic|161\/297 tox|[from] psn\n|-damage|p1a: Cloyster|68\/221 brn|[from] brn\n|upkeep\n|turn|21\n|\n|t:|1652446032\n|move|p1a: Cloyster|Hydro Pump|p2a: Milotic\n|-resisted|p2a: Milotic\n|-damage|p2a: Milotic|78\/297 tox\n|move|p2a: Milotic|Scald|p1a: Cloyster\n|-resisted|p1a: Cloyster\n|-damage|p1a: Cloyster|0 fnt\n|faint|p1a: Cloyster\n|\n|-damage|p2a: Milotic|6\/297 tox|[from] psn\n|upkeep\n|\n|t:|1652446036\n|switch|p1a: Alomomola|Alomomola, L82, M|138\/405 tox\n|turn|22\n|\n|t:|1652446038\n|move|p2a: Milotic|Scald|p1a: Alomomola\n|-resisted|p1a: Alomomola\n|-damage|p1a: Alomomola|73\/405 tox\n|move|p1a: Alomomola|Wish|p1a: Alomomola\n|\n|-heal|p1a: Alomomola|98\/405 tox|[from] item: Leftovers\n|-damage|p2a: Milotic|0 fnt|[from] psn\n|faint|p2a: Milotic\n|-damage|p1a: Alomomola|73\/405 tox|[from] psn\n|upkeep\n|\n|t:|1652446038\n|switch|p2a: Simisage|Simisage, L88, F|248\/275\n|-damage|p2a: Simisage|214\/275|[from] Stealth Rock\n|turn|23\n|\n|t:|1652446043\n|move|p2a: Simisage|Nasty Plot|p2a: Simisage\n|-boost|p2a: Simisage|spa|2\n|move|p1a: Alomomola|Toxic|p2a: Simisage|[miss]\n|-miss|p1a: Alomomola|p2a: Simisage\n|\n|-heal|p1a: Alomomola|275\/405 tox|[from] move: Wish|[wisher] Alomomola\n|-heal|p1a: Alomomola|300\/405 tox|[from] item: Leftovers\n|-damage|p1a: Alomomola|250\/405 tox|[from] psn\n|upkeep\n|turn|24\n|\n|t:|1652446046\n|move|p2a: Simisage|Leaf Storm|p1a: Alomomola\n|-supereffective|p1a: Alomomola\n|-damage|p1a: Alomomola|0 fnt\n|-unboost|p2a: Simisage|spa|2\n|faint|p1a: Alomomola\n|-damage|p2a: Simisage|187\/275|[from] item: Life Orb\n|\n|upkeep\n|\n|t:|1652446049\n|switch|p1a: Necrozma|Necrozma-Dusk-Mane, L76|180\/272\n|turn|25\n|\n|t:|1652446053\n|move|p2a: Simisage|Nasty Plot|p2a: Simisage\n|-boost|p2a: Simisage|spa|2\n|move|p1a: Necrozma|Autotomize|p1a: Necrozma\n|-boost|p1a: Necrozma|spe|2\n|-start|p1a: Necrozma|Autotomize\n|\n|upkeep\n|turn|26\n|\n|t:|1652446055\n|-zpower|p1a: Necrozma\n|move|p1a: Necrozma|Searing Sunraze Smash|p2a: Simisage|[zeffect]\n|-damage|p2a: Simisage|0 fnt\n|faint|p2a: Simisage\n|\n|upkeep\n|\n|t:|1652446055\n|switch|p2a: Weavile|Weavile, L82, F|249\/249\n|-damage|p2a: Weavile|187\/249|[from] Stealth Rock\n|turn|27\n|\n|t:|1652446058\n|move|p1a: Necrozma|Sunsteel Strike|p2a: Weavile\n|-supereffective|p2a: Weavile\n|-damage|p2a: Weavile|0 fnt\n|faint|p2a: Weavile\n|\n|upkeep\n|\n|t:|1652446058\n|switch|p2a: Heliolisk|Heliolisk, L86, M|247\/247\n|-damage|p2a: Heliolisk|217\/247|[from] Stealth Rock\n|turn|28\n|\n|t:|1652446061\n|move|p1a: Necrozma|Photon Geyser|p2a: Heliolisk\n|-damage|p2a: Heliolisk|24\/247\n|move|p2a: Heliolisk|Volt Switch|p1a: Necrozma\n|-damage|p1a: Necrozma|60\/272\n|\n|upkeep\n|turn|29\n|\n|t:|1652446063\n|move|p1a: Necrozma|Photon Geyser|p2a: Heliolisk\n|-damage|p2a: Heliolisk|0 fnt\n|faint|p2a: Heliolisk\n|\n|win|firepunch917\n|raw|firepunch917's rating: 1622 &rarr; <strong>1647<\/strong><br \/>(+25 for winning)\n|raw|JustaSqu1d's rating: 1718 &rarr; <strong>1693<\/strong><br \/>(-25 for losing)\n","inputlog":">version 531b2bb4d145e24dce8d55480c78bcd528fa7770\n>start {\"formatid\":\"gen7randombattle\",\"seed\":[56514,9462,50873,34745],\"rated\":\"Rated battle\"}\n>player p1 {\"name\":\"firepunch917\",\"avatar\":\"266\",\"rating\":1622,\"seed\":[60575,24334,44493,12888]}\n>player p2 {\"name\":\"JustaSqu1d\",\"avatar\":\"170\",\"rating\":1718,\"seed\":[10337,54649,30307,20793]}\n>p1 move quiverdance\n>p2 move return mega\n>p1 move fireblast\n>p2 move return\n>p2 switch 3\n>p1 move bugbuzz\n>p2 move watershuriken\n>p1 switch 5\n>p1 move toxic\n>p2 move watershuriken\n>p1 move wish\n>p2 switch 5\n>p1 move toxic\n>p2 move toxic\n>p1 move wish\n>p2 move toxic\n>p1 move knockoff\n>p2 move recover\n>p1 move wish\n>p2 switch 4\n>p1 switch 4\n>p2 move hypervoice\n>p1 move stealthrock\n>p2 switch 6\n>p1 switch 3\n>p2 move leafstorm\n>p1 move autotomize\n>p2 switch 5\n>p1 switch 2\n>p2 move darkpulse\n>p1 move nastyplot\n>p2 move darkpulse\n>p1 move hiddenpower\n>p2 move darkpulse\n>p1 switch 4\n>p1 move wish\n>p2 move darkpulse\n>p2 switch 4\n>p1 switch 6\n>p2 move recover\n>p1 move shellsmash\n>p2 move scald\n>p1 move rockblast\n>p2 move scald\n>p1 move hydropump\n>p2 move scald\n>p1 switch 6\n>p1 move wish\n>p2 move scald\n>p2 switch 5\n>p1 move toxic\n>p2 move nastyplot\n>p1 move toxic\n>p2 move leafstorm\n>p1 switch 2\n>p1 move autotomize\n>p2 move nastyplot\n>p1 move sunsteelstrike zmove\n>p2 move leafstorm\n>p2 switch 2\n>p1 move sunsteelstrike\n>p2 move knockoff\n>p2 switch 6\n>p1 move photongeyser\n>p2 move voltswitch\n>p1 move photongeyser\n>p2 move voltswitch","uploadtime":1652446065,"views":4,"p1id":"firepunch917","p2id":"justasqu1d","formatid":"gen7randombattle","rating":1647,"private":0,"password":null}