{"id":"gen7ou-955678167","p1":"LT63RB Stefano","p2":"uuuuiiii","format":"gen7ou","log":"|j|\u2606LT63RB Stefano\n|j|\u2606uuuuiiii\n|player|p1|LT63RB Stefano|33|1769\n|player|p2|uuuuiiii|170|1836\n|teamsize|p1|6\n|teamsize|p2|6\n|gametype|singles\n|gen|7\n|tier|[Gen 7] OU\n|rated|\n|rule|Sleep Clause Mod: Limit one foe put to sleep\n|rule|Species Clause: Limit one of each Pok\u00e9mon\n|rule|OHKO Clause: OHKO moves are banned\n|rule|Moody Clause: Moody is banned\n|rule|Evasion Moves Clause: Evasion moves are banned\n|rule|Endless Battle Clause: Forcing endless battles is banned\n|rule|HP Percentage Mod: HP is shown in percentages\n|clearpoke\n|poke|p1|Hawlucha, F|item\n|poke|p1|Serperior, M|item\n|poke|p1|Victini|item\n|poke|p1|Alakazam, M|item\n|poke|p1|Excadrill, M|item\n|poke|p1|Tapu Lele|item\n|poke|p2|Tapu Koko|item\n|poke|p2|Magearna|item\n|poke|p2|Seismitoad, F|item\n|poke|p2|Marowak-Alola, F|item\n|poke|p2|Hawlucha, M|item\n|poke|p2|Tornadus-Therian, M|item\n|teampreview\n|j| LT63RB Ash\n|\n|start\n|switch|p1a: Spinning Head|Excadrill, M, shiny|100\/100\n|switch|p2a: Tornadus|Tornadus-Therian, M|100\/100\n|-ability|p1a: Spinning Head|Mold Breaker\n|turn|1\n|\n|move|p2a: Tornadus|Heat Wave|p1a: Spinning Head\n|-supereffective|p1a: Spinning Head\n|-damage|p1a: Spinning Head|38\/100\n|move|p1a: Spinning Head|Stealth Rock|p2a: Tornadus\n|-sidestart|p2: uuuuiiii|move: Stealth Rock\n|\n|upkeep\n|turn|2\n|\n|switch|p1a: Twisted Thoughts|Tapu Lele, shiny|100\/100\n|-fieldstart|move: Psychic Terrain|[from] ability: Psychic Surge|[of] p1a: Twisted Thoughts\n|move|p2a: Tornadus|Heat Wave|p1a: Twisted Thoughts\n|-damage|p1a: Twisted Thoughts|74\/100\n|-status|p1a: Twisted Thoughts|brn\n|\n|-damage|p1a: Twisted Thoughts|68\/100 brn|[from] brn\n|upkeep\n|turn|3\n|j| LT63RB union\n|\n|switch|p2a: Magearna|Magearna|100\/100\n|-damage|p2a: Magearna|94\/100|[from] Stealth Rock\n|move|p1a: Twisted Thoughts|Psyshock|p2a: Magearna\n|-resisted|p2a: Magearna\n|-damage|p2a: Magearna|69\/100\n|\n|-damage|p1a: Twisted Thoughts|62\/100 brn|[from] brn\n|upkeep\n|turn|4\n|j| I_LLUMINAT_I\n|j| robopoke\n|j| gpz123\n|\n|switch|p1a: Spinning Head|Excadrill, M, shiny|38\/100\n|-ability|p1a: Spinning Head|Mold Breaker\n|move|p2a: Magearna|Volt Switch|p1a: Spinning Head\n|-immune|p1a: Spinning Head\n|\n|upkeep\n|turn|5\n|inactive|Battle timer is ON: inactive players will automatically lose when time's up. (requested by LT63RB Stefano)\n|j| Double Biceps\n|\n|switch|p1a: Brainf*ck|Victini|100\/100\n|switch|p2a: Seismitoad|Seismitoad, F|100\/100\n|-damage|p2a: Seismitoad|94\/100|[from] Stealth Rock\n|\n|-heal|p2a: Seismitoad|100\/100|[from] item: Leftovers\n|upkeep\n|turn|6\n|j| KZJ\n|\n|switch|p1a: Crazy Eyes|Serperior, M, shiny|100\/100\n|move|p2a: Seismitoad|Earthquake|p1a: Crazy Eyes\n|-resisted|p1a: Crazy Eyes\n|-damage|p1a: Crazy Eyes|80\/100\n|\n|upkeep\n|turn|7\n|l| KZJ\n|j| Ben Shapedo\n|l| Ben Shapedo\n|\n|switch|p1a: Deep Mind|Alakazam, M, shiny|100\/100\n|switch|p2a: Magearna|Magearna|69\/100\n|-damage|p2a: Magearna|63\/100|[from] Stealth Rock\n|\n|upkeep\n|turn|8\n|\n|switch|p1a: Spinning Head|Excadrill, M, shiny|38\/100\n|-ability|p1a: Spinning Head|Mold Breaker\n|move|p2a: Magearna|Trick Room|p2a: Magearna\n|-fieldstart|move: Trick Room|[of] p2a: Magearna\n|\n|upkeep\n|turn|9\n|j| Kairak\n|j| drsdwedwdw\n|j| LT62HG LAZARILLO\n|\n|switch|p1a: Brainf*ck|Victini|100\/100\n|move|p2a: Magearna|Focus Blast|p1a: Brainf*ck\n|-resisted|p1a: Brainf*ck\n|-damage|p1a: Brainf*ck|78\/100\n|-unboost|p1a: Brainf*ck|spd|1\n|\n|-fieldend|move: Psychic Terrain\n|upkeep\n|turn|10\n|l| Double Biceps\n|\n|switch|p1a: Twisted Thoughts|Tapu Lele, shiny|62\/100 brn\n|-fieldstart|move: Psychic Terrain|[from] ability: Psychic Surge|[of] p1a: Twisted Thoughts\n|move|p2a: Magearna|Volt Switch|p1a: Twisted Thoughts\n|-damage|p1a: Twisted Thoughts|33\/100 brn\n|\n|switch|p2a: Marowak|Marowak-Alola, F|100\/100|[from]move: Volt Switch\n|-damage|p2a: Marowak|76\/100|[from] Stealth Rock\n|\n|-damage|p1a: Twisted Thoughts|26\/100 brn|[from] brn\n|upkeep\n|turn|11\n|\n|switch|p1a: Spinning Head|Excadrill, M, shiny|38\/100\n|-ability|p1a: Spinning Head|Mold Breaker\n|move|p2a: Marowak|Shadow Bone|p1a: Spinning Head\n|-crit|p1a: Spinning Head\n|-damage|p1a: Spinning Head|0 fnt\n|faint|p1a: Spinning Head\n|\n|upkeep\n|j| cxw233\n|inactive|LT63RB Stefano has 120 seconds left.\n|j| Hallo15\n|\n|switch|p1a: Crazy Eyes|Serperior, M, shiny|80\/100\n|turn|12\n|j|+Jordy\n|\n|move|p2a: Marowak|Flare Blitz|p1a: Crazy Eyes\n|-supereffective|p1a: Crazy Eyes\n|-damage|p1a: Crazy Eyes|0 fnt\n|-damage|p2a: Marowak|50\/100|[from] Recoil\n|faint|p1a: Crazy Eyes\n|\n|-fieldend|move: Trick Room\n|upkeep\n|\n|switch|p1a: Deep Mind|Alakazam, M, shiny|100\/100\n|turn|13\n|\n|switch|p2a: Tornadus|Tornadus-Therian, M|100\/100\n|-damage|p2a: Tornadus|76\/100|[from] Stealth Rock\n|detailschange|p1a: Deep Mind|Alakazam-Mega, M, shiny\n|-mega|p1a: Deep Mind|Alakazam|Alakazite\n|-ability|p1a: Deep Mind|Regenerator|[from] ability: Trace|[of] p2a: Tornadus\n|move|p1a: Deep Mind|Psychic|p2a: Tornadus\n|-damage|p2a: Tornadus|0 fnt\n|faint|p2a: Tornadus\n|\n|upkeep\n|\n|switch|p2a: Tapu Koko|Tapu Koko|100\/100\n|-damage|p2a: Tapu Koko|88\/100|[from] Stealth Rock\n|-fieldstart|move: Electric Terrain|[from] ability: Electric Surge|[of] p2a: Tapu Koko\n|turn|14\n|\n|move|p2a: Tapu Koko|U-turn|p1a: Deep Mind\n|-supereffective|p1a: Deep Mind\n|-damage|p1a: Deep Mind|38\/100\n|\n|switch|p2a: Seismitoad|Seismitoad, F|100\/100|[from]move: U-turn\n|-damage|p2a: Seismitoad|94\/100|[from] Stealth Rock\n|move|p1a: Deep Mind|Psychic|p2a: Seismitoad\n|-damage|p2a: Seismitoad|33\/100\n|\n|-heal|p2a: Seismitoad|39\/100|[from] item: Leftovers\n|upkeep\n|turn|15\n|\n|move|p1a: Deep Mind|Psychic|p2a: Seismitoad\n|-damage|p2a: Seismitoad|0 fnt\n|faint|p2a: Seismitoad\n|\n|upkeep\n|l| I_LLUMINAT_I\n|\n|switch|p2a: Magearna|Magearna|63\/100\n|-damage|p2a: Magearna|57\/100|[from] Stealth Rock\n|turn|16\n|\n|move|p1a: Deep Mind|Taunt|p2a: Magearna\n|-start|p2a: Magearna|move: Taunt\n|cant|p2a: Magearna|move: Taunt|Trick Room\n|\n|upkeep\n|turn|17\n|\n|move|p1a: Deep Mind|Psychic|p2a: Magearna\n|-resisted|p2a: Magearna\n|-damage|p2a: Magearna|32\/100\n|move|p2a: Magearna|Volt Switch|p1a: Deep Mind\n|-damage|p1a: Deep Mind|0 fnt\n|faint|p1a: Deep Mind\n|-ability|p2a: Magearna|Soul-Heart|boost\n|-boost|p2a: Magearna|spa|1\n|\n|switch|p2a: Hawlucha|Hawlucha, M|100\/100|[from]move: Volt Switch\n|-damage|p2a: Hawlucha|88\/100|[from] Stealth Rock\n|-enditem|p2a: Hawlucha|Electric Seed\n|-boost|p2a: Hawlucha|def|1\n|\n|upkeep\n|\n|switch|p1a: Twisted Thoughts|Tapu Lele, shiny|26\/100 brn\n|-fieldstart|move: Psychic Terrain|[from] ability: Psychic Surge|[of] p1a: Twisted Thoughts\n|turn|18\n|\n|move|p2a: Hawlucha|Acrobatics|p1a: Twisted Thoughts\n|-damage|p1a: Twisted Thoughts|0 fnt\n|faint|p1a: Twisted Thoughts\n|\n|upkeep\n|\n|switch|p1a: Mental Breakdown|Hawlucha, F, shiny|100\/100\n|-enditem|p1a: Mental Breakdown|Psychic Seed\n|-boost|p1a: Mental Breakdown|spd|1\n|turn|19\n|\n|move|p1a: Mental Breakdown|Acrobatics|p2a: Hawlucha\n|-supereffective|p2a: Hawlucha\n|-damage|p2a: Hawlucha|0 fnt\n|faint|p2a: Hawlucha\n|\n|upkeep\n|\n|switch|p2a: Tapu Koko|Tapu Koko|88\/100\n|-damage|p2a: Tapu Koko|76\/100|[from] Stealth Rock\n|-fieldstart|move: Electric Terrain|[from] ability: Electric Surge|[of] p2a: Tapu Koko\n|turn|20\n|\n|move|p1a: Mental Breakdown|Substitute|p1a: Mental Breakdown\n|-start|p1a: Mental Breakdown|Substitute\n|-damage|p1a: Mental Breakdown|76\/100\n|move|p2a: Tapu Koko|Thunderbolt|p1a: Mental Breakdown\n|-supereffective|p1a: Mental Breakdown\n|-end|p1a: Mental Breakdown|Substitute\n|\n|upkeep\n|turn|21\n|\n|move|p1a: Mental Breakdown|Substitute|p1a: Mental Breakdown\n|-start|p1a: Mental Breakdown|Substitute\n|-damage|p1a: Mental Breakdown|51\/100\n|move|p2a: Tapu Koko|Thunderbolt|p1a: Mental Breakdown\n|-supereffective|p1a: Mental Breakdown\n|-end|p1a: Mental Breakdown|Substitute\n|\n|upkeep\n|turn|22\n|\n|move|p1a: Mental Breakdown|Substitute|p1a: Mental Breakdown\n|-start|p1a: Mental Breakdown|Substitute\n|-damage|p1a: Mental Breakdown|26\/100\n|move|p2a: Tapu Koko|Thunderbolt|p1a: Mental Breakdown\n|-supereffective|p1a: Mental Breakdown\n|-end|p1a: Mental Breakdown|Substitute\n|\n|upkeep\n|turn|23\n|\n|move|p1a: Mental Breakdown|Substitute|p1a: Mental Breakdown\n|-start|p1a: Mental Breakdown|Substitute\n|-damage|p1a: Mental Breakdown|1\/100\n|move|p2a: Tapu Koko|Thunderbolt|p1a: Mental Breakdown\n|-supereffective|p1a: Mental Breakdown\n|-end|p1a: Mental Breakdown|Substitute\n|\n|upkeep\n|turn|24\n|\n|switch|p2a: Marowak|Marowak-Alola, F|50\/100\n|-damage|p2a: Marowak|25\/100|[from] Stealth Rock\n|move|p1a: Mental Breakdown|Acrobatics|p2a: Marowak\n|-damage|p2a: Marowak|0 fnt\n|faint|p2a: Marowak\n|\n|-fieldend|move: Electric Terrain\n|upkeep\n|\n|switch|p2a: Tapu Koko|Tapu Koko|76\/100\n|-damage|p2a: Tapu Koko|63\/100|[from] Stealth Rock\n|-fieldstart|move: Electric Terrain|[from] ability: Electric Surge|[of] p2a: Tapu Koko\n|turn|25\n|\n|move|p1a: Mental Breakdown|Acrobatics|p2a: Tapu Koko\n|-resisted|p2a: Tapu Koko\n|-crit|p2a: Tapu Koko\n|-damage|p2a: Tapu Koko|8\/100\n|move|p2a: Tapu Koko|Thunderbolt|p1a: Mental Breakdown\n|-supereffective|p1a: Mental Breakdown\n|-damage|p1a: Mental Breakdown|0 fnt\n|faint|p1a: Mental Breakdown\n|\n|upkeep\n|\n|switch|p1a: Brainf*ck|Victini|78\/100\n|turn|26\n|\n|move|p2a: Tapu Koko|Thunderbolt|p1a: Brainf*ck\n|-damage|p1a: Brainf*ck|24\/100\n|move|p1a: Brainf*ck|Searing Shot|p2a: Tapu Koko\n|-damage|p2a: Tapu Koko|0 fnt\n|faint|p2a: Tapu Koko\n|\n|upkeep\n|\n|switch|p2a: Magearna|Magearna|32\/100\n|-damage|p2a: Magearna|26\/100|[from] Stealth Rock\n|turn|27\n|\n|move|p1a: Brainf*ck|Searing Shot|p2a: Magearna\n|-supereffective|p2a: Magearna\n|-damage|p2a: Magearna|0 fnt\n|faint|p2a: Magearna\n|\n|win|LT63RB Stefano\n|l| robopoke\n|raw|LT63RB Stefano's rating: 1769 &rarr; <strong>1793<\/strong><br \/>(+24 for winning)\n|raw|uuuuiiii's rating: 1837 &rarr; <strong>1813<\/strong><br \/>(-24 for losing)\n|c|\u2606LT63RB Stefano|gg\n|l| LT63RB Ash\n|l|\u2606uuuuiiii\n|l| LT63RB union\n","uploadtime":1564997713,"views":34,"p1id":"lt63rbstefano","p2id":"uuuuiiii","formatid":"gen7ou","rating":1793,"private":0,"password":null}