{"id":"gen7ou-1630006393","p1":"Shardul888","p2":"Real tbone","format":"gen7ou","log":"|j|\u2606Shardul888\n|j|\u203dReal tbone\n|t:|1659374585\n|gametype|singles\n|player|p1|Shardul888|palmer|1444\n|player|p2|Real tbone|brock|1340\n|teamsize|p1|6\n|teamsize|p2|6\n|gen|7\n|tier|[Gen 7] OU\n|rated|\n|rule|Sleep Clause Mod: Limit one foe put to sleep\n|rule|Species Clause: Limit one of each Pok\u00e9mon\n|rule|OHKO Clause: OHKO moves are banned\n|rule|Moody Clause: Moody is banned\n|rule|Evasion Moves Clause: Evasion moves are banned\n|rule|Endless Battle Clause: Forcing endless battles is banned\n|rule|HP Percentage Mod: HP is shown in percentages\n|clearpoke\n|poke|p1|Dragonite, M|item\n|poke|p1|Toxapex, M|item\n|poke|p1|Gliscor, F|item\n|poke|p1|Venusaur, M|item\n|poke|p1|Magearna|item\n|poke|p1|Entei|item\n|poke|p2|Smeargle, M|item\n|poke|p2|Banette, M|item\n|poke|p2|Landorus-Therian, M|item\n|poke|p2|Primarina, M|item\n|poke|p2|Rhyperior, F|item\n|poke|p2|Buzzwole|item\n|teampreview\n|\n|t:|1659374590\n|start\n|switch|p1a: Magearna|Magearna|100\/100\n|switch|p2a: Smeargle|Smeargle, M|100\/100\n|turn|1\n|inactive|Battle timer is ON: inactive players will automatically lose when time's up. (requested by Shardul888)\n|\n|t:|1659374598\n|move|p2a: Smeargle|Spore|p1a: Magearna\n|-status|p1a: Magearna|slp|[from] move: Spore\n|cant|p1a: Magearna|slp\n|\n|upkeep\n|turn|2\n|\n|t:|1659374604\n|move|p2a: Smeargle|Stealth Rock|p1a: Magearna\n|-sidestart|p1: Shardul888|move: Stealth Rock\n|cant|p1a: Magearna|slp\n|\n|upkeep\n|turn|3\n|\n|t:|1659374608\n|move|p2a: Smeargle|Spikes|p1a: Magearna\n|-sidestart|p1: Shardul888|Spikes\n|-curestatus|p1a: Magearna|slp|[msg]\n|move|p1a: Magearna|Aura Sphere|p2a: Smeargle\n|-supereffective|p2a: Smeargle\n|-enditem|p2a: Smeargle|Focus Sash\n|-damage|p2a: Smeargle|1\/100\n|\n|upkeep\n|turn|4\n|\n|t:|1659374617\n|move|p2a: Smeargle|Spore|p1a: Magearna\n|-status|p1a: Magearna|slp|[from] move: Spore\n|cant|p1a: Magearna|slp\n|\n|upkeep\n|turn|5\n|\n|t:|1659374622\n|switch|p1a: Entei|Entei, shiny|100\/100\n|-damage|p1a: Entei|76\/100|[from] Stealth Rock\n|-damage|p1a: Entei|63\/100|[from] Spikes\n|-ability|p1a: Entei|Pressure\n|move|p2a: Smeargle|Spikes|p1a: Entei\n|-sidestart|p1: Shardul888|Spikes\n|\n|upkeep\n|turn|6\n|\n|t:|1659374631\n|move|p1a: Entei|Extreme Speed|p2a: Smeargle\n|-damage|p2a: Smeargle|0 fnt\n|faint|p2a: Smeargle\n|\n|upkeep\n|\n|t:|1659374636\n|switch|p2a: Primarina|Primarina, M|100\/100\n|turn|7\n|\n|t:|1659374641\n|switch|p2a: Landorus|Landorus-Therian, M|100\/100\n|-ability|p2a: Landorus|Intimidate|boost\n|-unboost|p1a: Entei|atk|1\n|move|p1a: Entei|Iron Head|p2a: Landorus\n|-damage|p2a: Landorus|79\/100\n|\n|upkeep\n|turn|8\n|\n|t:|1659374649\n|move|p2a: Landorus|Swords Dance|p2a: Landorus\n|-boost|p2a: Landorus|atk|2\n|move|p1a: Entei|Sacred Fire|p2a: Landorus\n|-damage|p2a: Landorus|41\/100\n|\n|upkeep\n|turn|9\n|\n|t:|1659374656\n|move|p1a: Entei|Extreme Speed|p2a: Landorus\n|-damage|p2a: Landorus|21\/100\n|move|p2a: Landorus|Earthquake|p1a: Entei\n|-supereffective|p1a: Entei\n|-damage|p1a: Entei|0 fnt\n|faint|p1a: Entei\n|\n|upkeep\n|\n|t:|1659374664\n|switch|p1a: Gliscor|Gliscor, F|100\/100\n|-damage|p1a: Gliscor|88\/100|[from] Stealth Rock\n|turn|10\n|\n|t:|1659374668\n|move|p1a: Gliscor|Protect|p1a: Gliscor\n|-singleturn|p1a: Gliscor|Protect\n|-zpower|p2a: Landorus\n|move|p2a: Landorus|Supersonic Skystrike|p1a: Gliscor|[zeffect]\n|-zbroken|p1a: Gliscor\n|-damage|p1a: Gliscor|58\/100\n|\n|-status|p1a: Gliscor|tox|[from] item: Toxic Orb\n|upkeep\n|turn|11\n|\n|t:|1659374679\n|move|p2a: Landorus|Fly||[still]\n|-prepare|p2a: Landorus|Fly\n|move|p1a: Gliscor|Defog|p2a: Landorus|[miss]\n|-miss|p1a: Gliscor|p2a: Landorus\n|\n|-heal|p1a: Gliscor|71\/100 tox|[from] ability: Poison Heal\n|upkeep\n|turn|12\n|\n|t:|1659374686\n|move|p1a: Gliscor|Protect|p1a: Gliscor\n|-singleturn|p1a: Gliscor|Protect\n|move|p2a: Landorus|Fly|p1a: Gliscor|[from]lockedmove\n|-activate|p1a: Gliscor|move: Protect\n|\n|-heal|p1a: Gliscor|83\/100 tox|[from] ability: Poison Heal\n|upkeep\n|turn|13\n|\n|t:|1659374695\n|move|p2a: Landorus|Fly||[still]\n|-prepare|p2a: Landorus|Fly\n|move|p1a: Gliscor|Defog|p2a: Landorus|[miss]\n|-miss|p1a: Gliscor|p2a: Landorus\n|\n|-heal|p1a: Gliscor|95\/100 tox|[from] ability: Poison Heal\n|upkeep\n|turn|14\n|\n|t:|1659374702\n|move|p2a: Landorus|Fly|p1a: Gliscor|[from]lockedmove\n|-damage|p1a: Gliscor|28\/100 tox\n|move|p1a: Gliscor|Defog|p2a: Landorus\n|-unboost|p2a: Landorus|evasion|1\n|-sideend|p1: Shardul888|Spikes|[from] move: Defog|[of] p1a: Gliscor\n|-sideend|p1: Shardul888|Stealth Rock|[from] move: Defog|[of] p1a: Gliscor\n|\n|-heal|p1a: Gliscor|41\/100 tox|[from] ability: Poison Heal\n|upkeep\n|turn|15\n|\n|t:|1659374712\n|move|p1a: Gliscor|Protect|p1a: Gliscor\n|-singleturn|p1a: Gliscor|Protect\n|move|p2a: Landorus|Swords Dance|p2a: Landorus\n|-boost|p2a: Landorus|atk|2\n|\n|-heal|p1a: Gliscor|53\/100 tox|[from] ability: Poison Heal\n|upkeep\n|turn|16\n|\n|t:|1659374721\n|switch|p1a: Toxapex|Toxapex, M|100\/100\n|move|p2a: Landorus|Fly||[still]\n|-prepare|p2a: Landorus|Fly\n|\n|upkeep\n|turn|17\n|\n|t:|1659374726\n|move|p1a: Toxapex|Baneful Bunker|p1a: Toxapex\n|-singleturn|p1a: Toxapex|move: Protect\n|move|p2a: Landorus|Fly|p1a: Toxapex|[from]lockedmove\n|-activate|p1a: Toxapex|move: Protect\n|-status|p2a: Landorus|psn\n|\n|-damage|p2a: Landorus|8\/100 psn|[from] psn\n|upkeep\n|turn|18\n|\n|t:|1659374737\n|switch|p2a: Primarina|Primarina, M|100\/100\n|switch|p1a: Gliscor|Gliscor, F|53\/100 tox\n|\n|-heal|p1a: Gliscor|65\/100 tox|[from] ability: Poison Heal\n|upkeep\n|turn|19\n|\n|t:|1659374745\n|move|p1a: Gliscor|Protect|p1a: Gliscor\n|-singleturn|p1a: Gliscor|Protect\n|move|p2a: Primarina|Scald|p1a: Gliscor\n|-activate|p1a: Gliscor|move: Protect\n|\n|-heal|p1a: Gliscor|78\/100 tox|[from] ability: Poison Heal\n|upkeep\n|turn|20\n|\n|t:|1659374754\n|switch|p1a: Toxapex|Toxapex, M|100\/100\n|move|p2a: Primarina|Scald|p1a: Toxapex\n|-resisted|p1a: Toxapex\n|-damage|p1a: Toxapex|88\/100\n|\n|-heal|p1a: Toxapex|94\/100|[from] item: Black Sludge\n|upkeep\n|turn|21\n|\n|t:|1659374763\n|move|p2a: Primarina|Scald|p1a: Toxapex\n|-resisted|p1a: Toxapex\n|-damage|p1a: Toxapex|83\/100\n|move|p1a: Toxapex|Scald|p2a: Primarina\n|-resisted|p2a: Primarina\n|-damage|p2a: Primarina|94\/100\n|-status|p2a: Primarina|brn\n|\n|-heal|p2a: Primarina|99\/100 brn|[from] item: Leftovers\n|-heal|p1a: Toxapex|90\/100|[from] item: Black Sludge\n|-damage|p2a: Primarina|94\/100 brn|[from] brn\n|upkeep\n|turn|22\n|\n|t:|1659374776\n|switch|p1a: Venusaur|Venusaur, M|100\/100\n|move|p2a: Primarina|Scald|p1a: Venusaur\n|-resisted|p1a: Venusaur\n|-damage|p1a: Venusaur|86\/100\n|\n|-heal|p2a: Primarina|99\/100 brn|[from] item: Leftovers\n|-damage|p2a: Primarina|94\/100 brn|[from] brn\n|upkeep\n|turn|23\n|\n|t:|1659374787\n|switch|p2a: Banette|Banette, M|100\/100\n|-item|p1a: Venusaur|Venusaurite|[from] ability: Frisk|[of] p2a: Banette|[identify]\n|detailschange|p1a: Venusaur|Venusaur-Mega, M\n|-mega|p1a: Venusaur|Venusaur|Venusaurite\n|move|p1a: Venusaur|Leech Seed|p2a: Banette\n|-start|p2a: Banette|move: Leech Seed\n|\n|-damage|p2a: Banette|88\/100|[from] Leech Seed|[of] p1a: Venusaur\n|-heal|p1a: Venusaur|97\/100|[silent]\n|upkeep\n|turn|24\n|\n|t:|1659374797\n|detailschange|p2a: Banette|Banette-Mega, M\n|-mega|p2a: Banette|Banette|Banettite\n|move|p2a: Banette|Shadow Claw|p1a: Venusaur\n|-damage|p1a: Venusaur|66\/100\n|move|p1a: Venusaur|Sludge Bomb|p2a: Banette\n|-resisted|p2a: Banette\n|-damage|p2a: Banette|62\/100\n|\n|-damage|p2a: Banette|50\/100|[from] Leech Seed|[of] p1a: Venusaur\n|-heal|p1a: Venusaur|76\/100|[silent]\n|upkeep\n|turn|25\n|\n|t:|1659374808\n|move|p2a: Banette|Shadow Claw|p1a: Venusaur\n|-crit|p1a: Venusaur\n|-damage|p1a: Venusaur|29\/100\n|move|p1a: Venusaur|Sludge Bomb|p2a: Banette\n|-resisted|p2a: Banette\n|-damage|p2a: Banette|26\/100\n|\n|-damage|p2a: Banette|13\/100|[from] Leech Seed|[of] p1a: Venusaur\n|-heal|p1a: Venusaur|39\/100|[silent]\n|upkeep\n|turn|26\n|\n|t:|1659374819\n|switch|p2a: Landorus|Landorus-Therian, M|8\/100 psn\n|-ability|p2a: Landorus|Intimidate|boost\n|-unboost|p1a: Venusaur|atk|1\n|switch|p1a: Gliscor|Gliscor, F|78\/100 tox\n|\n|-damage|p2a: Landorus|0 fnt|[from] psn\n|faint|p2a: Landorus\n|-heal|p1a: Gliscor|90\/100 tox|[from] ability: Poison Heal\n|upkeep\n|\n|t:|1659374823\n|switch|p2a: Buzzwole|Buzzwole|100\/100\n|turn|27\n|\n|t:|1659374835\n|move|p1a: Gliscor|Toxic|p2a: Buzzwole\n|-status|p2a: Buzzwole|tox\n|move|p2a: Buzzwole|Bulk Up|p2a: Buzzwole\n|-boost|p2a: Buzzwole|atk|1\n|-boost|p2a: Buzzwole|def|1\n|\n|-heal|p1a: Gliscor|100\/100 tox|[from] ability: Poison Heal\n|-damage|p2a: Buzzwole|94\/100 tox|[from] psn\n|upkeep\n|turn|28\n|\n|t:|1659374845\n|move|p1a: Gliscor|Knock Off|p2a: Buzzwole\n|-resisted|p2a: Buzzwole\n|-damage|p2a: Buzzwole|90\/100 tox\n|-enditem|p2a: Buzzwole|Leftovers|[from] move: Knock Off|[of] p1a: Gliscor\n|move|p2a: Buzzwole|Drain Punch|p1a: Gliscor\n|-resisted|p1a: Gliscor\n|-damage|p1a: Gliscor|86\/100 tox\n|-heal|p2a: Buzzwole|97\/100 tox|[from] drain|[of] p1a: Gliscor\n|\n|-heal|p1a: Gliscor|98\/100 tox|[from] ability: Poison Heal\n|-damage|p2a: Buzzwole|84\/100 tox|[from] psn\n|upkeep\n|turn|29\n|\n|t:|1659374857\n|switch|p1a: Toxapex|Toxapex, M|100\/100\n|move|p2a: Buzzwole|Drain Punch|p1a: Toxapex\n|-resisted|p1a: Toxapex\n|-damage|p1a: Toxapex|83\/100\n|-heal|p2a: Buzzwole|90\/100 tox|[from] drain|[of] p1a: Toxapex\n|\n|-heal|p1a: Toxapex|90\/100|[from] item: Black Sludge\n|-damage|p2a: Buzzwole|72\/100 tox|[from] psn\n|upkeep\n|turn|30\n|\n|t:|1659374868\n|switch|p2a: Primarina|Primarina, M|94\/100 brn\n|move|p1a: Toxapex|Haze|p1a: Toxapex\n|-clearallboost\n|\n|-heal|p2a: Primarina|99\/100 brn|[from] item: Leftovers\n|-heal|p1a: Toxapex|96\/100|[from] item: Black Sludge\n|-damage|p2a: Primarina|94\/100 brn|[from] brn\n|upkeep\n|turn|31\n|\n|t:|1659374879\n|switch|p1a: Venusaur|Venusaur-Mega, M|39\/100\n|move|p2a: Primarina|Scald|p1a: Venusaur\n|-resisted|p1a: Venusaur\n|-damage|p1a: Venusaur|27\/100\n|\n|-heal|p2a: Primarina|99\/100 brn|[from] item: Leftovers\n|-damage|p2a: Primarina|94\/100 brn|[from] brn\n|upkeep\n|turn|32\n|\n|t:|1659374889\n|move|p1a: Venusaur|Synthesis|p1a: Venusaur\n|-heal|p1a: Venusaur|77\/100\n|move|p2a: Primarina|Scald|p1a: Venusaur\n|-resisted|p1a: Venusaur\n|-damage|p1a: Venusaur|66\/100\n|\n|-heal|p2a: Primarina|99\/100 brn|[from] item: Leftovers\n|-damage|p2a: Primarina|94\/100 brn|[from] brn\n|upkeep\n|turn|33\n|\n|t:|1659374899\n|switch|p2a: Rhyperior|Rhyperior, F|100\/100\n|move|p1a: Venusaur|Giga Drain|p2a: Rhyperior\n|-supereffective|p2a: Rhyperior\n|-damage|p2a: Rhyperior|50\/100\n|-heal|p1a: Venusaur|97\/100|[from] drain|[of] p2a: Rhyperior\n|\n|upkeep\n|turn|34\n|\n|t:|1659374906\n|move|p1a: Venusaur|Giga Drain|p2a: Rhyperior\n|-supereffective|p2a: Rhyperior\n|-damage|p2a: Rhyperior|2\/100\n|-heal|p1a: Venusaur|100\/100|[from] drain|[of] p2a: Rhyperior\n|move|p2a: Rhyperior|Metal Burst|p1a: Venusaur\n|-damage|p1a: Venusaur|14\/100\n|\n|upkeep\n|turn|35\n|\n|t:|1659374914\n|move|p1a: Venusaur|Giga Drain|p2a: Rhyperior\n|-supereffective|p2a: Rhyperior\n|-damage|p2a: Rhyperior|0 fnt\n|-heal|p1a: Venusaur|15\/100|[from] drain|[of] p2a: Rhyperior\n|faint|p2a: Rhyperior\n|\n|upkeep\n|\n|t:|1659374916\n|switch|p2a: Banette|Banette-Mega, M|13\/100\n|turn|36\n|\n|t:|1659374922\n|switch|p1a: Gliscor|Gliscor, F|98\/100 tox\n|move|p2a: Banette|Shadow Claw|p1a: Gliscor\n|-damage|p1a: Gliscor|66\/100 tox\n|\n|-heal|p1a: Gliscor|78\/100 tox|[from] ability: Poison Heal\n|upkeep\n|turn|37\n|\n|t:|1659374931\n|switch|p2a: Primarina|Primarina, M|94\/100 brn\n|move|p1a: Gliscor|Knock Off|p2a: Primarina\n|-resisted|p2a: Primarina\n|-damage|p2a: Primarina|85\/100 brn\n|-enditem|p2a: Primarina|Leftovers|[from] move: Knock Off|[of] p1a: Gliscor\n|\n|-heal|p1a: Gliscor|91\/100 tox|[from] ability: Poison Heal\n|-damage|p2a: Primarina|79\/100 brn|[from] brn\n|upkeep\n|turn|38\n|\n|t:|1659374942\n|switch|p1a: Toxapex|Toxapex, M|100\/100\n|move|p2a: Primarina|Scald|p1a: Toxapex\n|-resisted|p1a: Toxapex\n|-damage|p1a: Toxapex|89\/100\n|\n|-heal|p1a: Toxapex|95\/100|[from] item: Black Sludge\n|-damage|p2a: Primarina|72\/100 brn|[from] brn\n|upkeep\n|turn|39\n|\n|t:|1659374952\n|move|p2a: Primarina|Scald|p1a: Toxapex\n|-resisted|p1a: Toxapex\n|-damage|p1a: Toxapex|82\/100\n|move|p1a: Toxapex|Scald|p2a: Primarina\n|-resisted|p2a: Primarina\n|-damage|p2a: Primarina|66\/100 brn\n|\n|-heal|p1a: Toxapex|88\/100|[from] item: Black Sludge\n|-damage|p2a: Primarina|60\/100 brn|[from] brn\n|upkeep\n|turn|40\n|\n|t:|1659374962\n|move|p2a: Primarina|Scald|p1a: Toxapex\n|-resisted|p1a: Toxapex\n|-damage|p1a: Toxapex|76\/100\n|move|p1a: Toxapex|Scald|p2a: Primarina\n|-resisted|p2a: Primarina\n|-damage|p2a: Primarina|52\/100 brn\n|\n|-heal|p1a: Toxapex|82\/100|[from] item: Black Sludge\n|-damage|p2a: Primarina|46\/100 brn|[from] brn\n|upkeep\n|turn|41\n|\n|t:|1659374973\n|move|p2a: Primarina|Scald|p1a: Toxapex\n|-resisted|p1a: Toxapex\n|-damage|p1a: Toxapex|71\/100\n|move|p1a: Toxapex|Scald|p2a: Primarina\n|-resisted|p2a: Primarina\n|-damage|p2a: Primarina|39\/100 brn\n|\n|-heal|p1a: Toxapex|77\/100|[from] item: Black Sludge\n|-damage|p2a: Primarina|33\/100 brn|[from] brn\n|upkeep\n|turn|42\n|\n|t:|1659374984\n|switch|p1a: Venusaur|Venusaur-Mega, M|15\/100\n|move|p2a: Primarina|Scald|p1a: Venusaur\n|-resisted|p1a: Venusaur\n|-damage|p1a: Venusaur|0 fnt\n|faint|p1a: Venusaur\n|\n|-damage|p2a: Primarina|27\/100 brn|[from] brn\n|upkeep\n|\n|t:|1659374994\n|switch|p1a: Dragonite|Dragonite, M|100\/100\n|turn|43\n|\n|t:|1659374998\n|switch|p2a: Banette|Banette-Mega, M|13\/100\n|move|p1a: Dragonite|Extreme Speed|p2a: Banette\n|-immune|p2a: Banette\n|\n|upkeep\n|turn|44\n|\n|t:|1659375005\n|switch|p1a: Gliscor|Gliscor, F|91\/100 tox\n|move|p2a: Banette|Destiny Bond|p2a: Banette\n|-singlemove|p2a: Banette|Destiny Bond\n|\n|-heal|p1a: Gliscor|100\/100 tox|[from] ability: Poison Heal\n|upkeep\n|turn|45\n|\n|t:|1659375014\n|switch|p2a: Primarina|Primarina, M|27\/100 brn\n|move|p1a: Gliscor|Toxic||[still]\n|-fail|p1a: Gliscor\n|\n|-damage|p2a: Primarina|21\/100 brn|[from] brn\n|upkeep\n|turn|46\n|\n|t:|1659375021\n|move|p1a: Gliscor|Knock Off|p2a: Primarina\n|-resisted|p2a: Primarina\n|-damage|p2a: Primarina|15\/100 brn\n|move|p2a: Primarina|Rest|p2a: Primarina\n|-status|p2a: Primarina|slp|[from] move: Rest\n|-heal|p2a: Primarina|100\/100 slp|[silent]\n|\n|upkeep\n|turn|47\n|\n|t:|1659375030\n|switch|p1a: Magearna|Magearna|100\/100 slp\n|cant|p2a: Primarina|slp\n|move|p2a: Primarina|Sleep Talk|p2a: Primarina\n|move|p2a: Primarina|Moonblast|p1a: Magearna|[from]move: Sleep Talk\n|-resisted|p1a: Magearna\n|-damage|p1a: Magearna|89\/100 slp\n|-unboost|p1a: Magearna|spa|1\n|\n|upkeep\n|turn|48\n|\n|t:|1659375041\n|switch|p1a: Toxapex|Toxapex, M|100\/100\n|cant|p2a: Primarina|slp\n|move|p2a: Primarina|Sleep Talk|p2a: Primarina\n|move|p2a: Primarina|Moonblast|p1a: Toxapex|[from]move: Sleep Talk\n|-resisted|p1a: Toxapex\n|-damage|p1a: Toxapex|86\/100\n|-unboost|p1a: Toxapex|spa|1\n|\n|-heal|p1a: Toxapex|92\/100|[from] item: Black Sludge\n|upkeep\n|turn|49\n|\n|t:|1659375054\n|-curestatus|p2a: Primarina|slp|[msg]\n|move|p2a: Primarina|Scald|p1a: Toxapex\n|-resisted|p1a: Toxapex\n|-damage|p1a: Toxapex|79\/100\n|move|p1a: Toxapex|Toxic|p2a: Primarina\n|-status|p2a: Primarina|tox\n|\n|-heal|p1a: Toxapex|85\/100|[from] item: Black Sludge\n|-damage|p2a: Primarina|94\/100 tox|[from] psn\n|upkeep\n|turn|50\n|\n|t:|1659375066\n|move|p2a: Primarina|Scald|p1a: Toxapex\n|-resisted|p1a: Toxapex\n|-damage|p1a: Toxapex|72\/100\n|-status|p1a: Toxapex|brn\n|move|p1a: Toxapex|Scald|p2a: Primarina\n|-resisted|p2a: Primarina\n|-damage|p2a: Primarina|90\/100 tox\n|\n|-heal|p1a: Toxapex|78\/100 brn|[from] item: Black Sludge\n|-damage|p2a: Primarina|78\/100 tox|[from] psn\n|-damage|p1a: Toxapex|72\/100 brn|[from] brn\n|upkeep\n|turn|51\n|\n|t:|1659375078\n|move|p2a: Primarina|Rest|p2a: Primarina\n|-status|p2a: Primarina|slp|[from] move: Rest\n|-heal|p2a: Primarina|100\/100 slp|[silent]\n|move|p1a: Toxapex|Scald|p2a: Primarina\n|-resisted|p2a: Primarina\n|-damage|p2a: Primarina|96\/100 slp\n|\n|-heal|p1a: Toxapex|78\/100 brn|[from] item: Black Sludge\n|-damage|p1a: Toxapex|72\/100 brn|[from] brn\n|upkeep\n|turn|52\n|\n|t:|1659375090\n|switch|p1a: Magearna|Magearna|89\/100 slp\n|cant|p2a: Primarina|slp\n|\n|upkeep\n|turn|53\n|\n|t:|1659375096\n|cant|p1a: Magearna|slp\n|cant|p2a: Primarina|slp\n|move|p2a: Primarina|Sleep Talk|p2a: Primarina\n|move|p2a: Primarina|Moonblast|p1a: Magearna|[from]move: Sleep Talk\n|-resisted|p1a: Magearna\n|-damage|p1a: Magearna|77\/100 slp\n|-unboost|p1a: Magearna|spa|1\n|\n|upkeep\n|turn|54\n|\n|t:|1659375106\n|-curestatus|p1a: Magearna|slp|[msg]\n|move|p1a: Magearna|Thunderbolt|p2a: Primarina\n|-supereffective|p2a: Primarina\n|-damage|p2a: Primarina|67\/100 slp\n|-curestatus|p2a: Primarina|slp|[msg]\n|move|p2a: Primarina|Scald|p1a: Magearna\n|-damage|p1a: Magearna|58\/100\n|\n|upkeep\n|turn|55\n|\n|t:|1659375116\n|switch|p1a: Toxapex|Toxapex, M|100\/100 brn\n|move|p2a: Primarina|Scald|p1a: Toxapex\n|-resisted|p1a: Toxapex\n|-damage|p1a: Toxapex|88\/100 brn\n|\n|-heal|p1a: Toxapex|95\/100 brn|[from] item: Black Sludge\n|-damage|p1a: Toxapex|88\/100 brn|[from] brn\n|upkeep\n|turn|56\n|\n|t:|1659375126\n|move|p2a: Primarina|Rest|p2a: Primarina\n|-status|p2a: Primarina|slp|[from] move: Rest\n|-heal|p2a: Primarina|100\/100 slp|[silent]\n|move|p1a: Toxapex|Toxic||[still]\n|-fail|p1a: Toxapex\n|\n|-heal|p1a: Toxapex|95\/100 brn|[from] item: Black Sludge\n|-damage|p1a: Toxapex|88\/100 brn|[from] brn\n|upkeep\n|turn|57\n|\n|t:|1659375137\n|switch|p1a: Dragonite|Dragonite, M|100\/100\n|cant|p2a: Primarina|slp\n|move|p2a: Primarina|Sleep Talk|p2a: Primarina\n|move|p2a: Primarina|Scald|p1a: Dragonite|[from]move: Sleep Talk\n|-resisted|p1a: Dragonite\n|-damage|p1a: Dragonite|93\/100\n|-status|p1a: Dragonite|brn\n|\n|-damage|p1a: Dragonite|87\/100 brn|[from] brn\n|upkeep\n|turn|58\n|\n|t:|1659375150\n|move|p1a: Dragonite|Earthquake|p2a: Primarina\n|-damage|p2a: Primarina|86\/100 slp\n|cant|p2a: Primarina|slp\n|move|p2a: Primarina|Sleep Talk|p2a: Primarina\n|move|p2a: Primarina|Scald|p1a: Dragonite|[from]move: Sleep Talk\n|-resisted|p1a: Dragonite\n|-damage|p1a: Dragonite|71\/100 brn\n|\n|-damage|p1a: Dragonite|65\/100 brn|[from] brn\n|upkeep\n|turn|59\n|\n|t:|1659375162\n|move|p1a: Dragonite|Earthquake|p2a: Primarina\n|-damage|p2a: Primarina|69\/100 slp\n|-curestatus|p2a: Primarina|slp|[msg]\n|move|p2a: Primarina|Moonblast|p1a: Dragonite\n|-supereffective|p1a: Dragonite\n|-damage|p1a: Dragonite|0 fnt\n|faint|p1a: Dragonite\n|\n|upkeep\n|\n|t:|1659375171\n|switch|p1a: Magearna|Magearna|58\/100\n|turn|60\n|\n|t:|1659375174\n|move|p1a: Magearna|Thunderbolt|p2a: Primarina\n|-supereffective|p2a: Primarina\n|-damage|p2a: Primarina|19\/100\n|-status|p2a: Primarina|par\n|move|p2a: Primarina|Scald|p1a: Magearna\n|-damage|p1a: Magearna|30\/100\n|-status|p1a: Magearna|brn\n|\n|-damage|p1a: Magearna|24\/100 brn|[from] brn\n|upkeep\n|turn|61\n|\n|t:|1659375187\n|switch|p2a: Buzzwole|Buzzwole|72\/100 tox\n|move|p1a: Magearna|Thunderbolt|p2a: Buzzwole\n|-damage|p2a: Buzzwole|32\/100 tox\n|\n|-damage|p2a: Buzzwole|26\/100 tox|[from] psn\n|-damage|p1a: Magearna|18\/100 brn|[from] brn\n|upkeep\n|turn|62\n|\n|t:|1659375196\n|switch|p1a: Gliscor|Gliscor, F|100\/100 tox\n|move|p2a: Buzzwole|Drain Punch|p1a: Gliscor\n|-resisted|p1a: Gliscor\n|-damage|p1a: Gliscor|89\/100 tox\n|-heal|p2a: Buzzwole|31\/100 tox|[from] drain|[of] p1a: Gliscor\n|\n|-heal|p1a: Gliscor|100\/100 tox|[from] ability: Poison Heal\n|-damage|p2a: Buzzwole|18\/100 tox|[from] psn\n|upkeep\n|turn|63\n|\n|t:|1659375207\n|switch|p1a: Magearna|Magearna|18\/100 brn\n|move|p2a: Buzzwole|Roost|p2a: Buzzwole\n|-heal|p2a: Buzzwole|68\/100 tox\n|-singleturn|p2a: Buzzwole|move: Roost\n|\n|-damage|p2a: Buzzwole|50\/100 tox|[from] psn\n|-damage|p1a: Magearna|12\/100 brn|[from] brn\n|upkeep\n|turn|64\n|\n|t:|1659375217\n|move|p2a: Buzzwole|Drain Punch|p1a: Magearna\n|-damage|p1a: Magearna|0 fnt\n|-heal|p2a: Buzzwole|55\/100 tox|[from] drain|[of] p1a: Magearna\n|faint|p1a: Magearna\n|-ability|p2a: Buzzwole|Beast Boost|boost\n|-boost|p2a: Buzzwole|def|1\n|\n|-damage|p2a: Buzzwole|30\/100 tox|[from] psn\n|upkeep\n|\n|t:|1659375227\n|switch|p1a: Gliscor|Gliscor, F|100\/100 tox\n|turn|65\n|\n|t:|1659375230\n|move|p1a: Gliscor|Knock Off|p2a: Buzzwole\n|-resisted|p2a: Buzzwole\n|-damage|p2a: Buzzwole|28\/100 tox\n|move|p2a: Buzzwole|Roost|p2a: Buzzwole\n|-heal|p2a: Buzzwole|78\/100 tox\n|-singleturn|p2a: Buzzwole|move: Roost\n|\n|-damage|p2a: Buzzwole|46\/100 tox|[from] psn\n|upkeep\n|turn|66\n|\n|t:|1659375239\n|move|p1a: Gliscor|Knock Off|p2a: Buzzwole\n|-resisted|p2a: Buzzwole\n|-damage|p2a: Buzzwole|44\/100 tox\n|move|p2a: Buzzwole|Bulk Up|p2a: Buzzwole\n|-boost|p2a: Buzzwole|atk|1\n|-boost|p2a: Buzzwole|def|1\n|\n|-damage|p2a: Buzzwole|7\/100 tox|[from] psn\n|upkeep\n|turn|67\n|\n|t:|1659375247\n|move|p1a: Gliscor|Knock Off|p2a: Buzzwole\n|-resisted|p2a: Buzzwole\n|-damage|p2a: Buzzwole|5\/100 tox\n|move|p2a: Buzzwole|Ice Punch|p1a: Gliscor\n|-supereffective|p1a: Gliscor\n|-damage|p1a: Gliscor|20\/100 tox\n|\n|-heal|p1a: Gliscor|33\/100 tox|[from] ability: Poison Heal\n|-damage|p2a: Buzzwole|0 fnt|[from] psn\n|faint|p2a: Buzzwole\n|upkeep\n|\n|t:|1659375251\n|switch|p2a: Primarina|Primarina, M|19\/100 par\n|turn|68\n|\n|t:|1659375260\n|move|p1a: Gliscor|Knock Off|p2a: Primarina\n|-resisted|p2a: Primarina\n|-damage|p2a: Primarina|14\/100 par\n|move|p2a: Primarina|Rest|p2a: Primarina\n|-status|p2a: Primarina|slp|[from] move: Rest\n|-heal|p2a: Primarina|100\/100 slp|[silent]\n|\n|-heal|p1a: Gliscor|45\/100 tox|[from] ability: Poison Heal\n|upkeep\n|turn|69\n|-message|Shardul888 forfeited.\n|\n|win|Real tbone\n|raw|Shardul888's rating: 1444 &rarr; <strong>1418<\/strong><br \/>(-26 for losing)\n|raw|Real tbone's rating: 1340 &rarr; <strong>1366<\/strong><br \/>(+26 for winning)\n|l|\u2606Shardul888\n","uploadtime":1659375271,"views":11,"p1id":"shardul888","p2id":"realtbone","formatid":"gen7ou","rating":1366,"private":0,"password":null}