{"id":"gen7unratedrandombattle-994998591","p1":"TrangGio&May","p2":"Hajmola","format":"gen7unratedrandombattle","log":"|j|\u2606TrangGio&May\n|j|\u2606Hajmola\n|player|p1|TrangGio&May|maid|\n|player|p2|Hajmola|265|\n|teamsize|p1|6\n|teamsize|p2|6\n|gametype|singles\n|gen|7\n|tier|[Gen 7] Unrated Random Battle\n|rule|Sleep Clause Mod: Limit one foe put to sleep\n|rule|HP Percentage Mod: HP is shown in percentages\n|\n|start\n|switch|p1a: Magmortar|Magmortar, L86, F|269\/269\n|switch|p2a: Aromatisse|Aromatisse, L87, M|317\/317\n|turn|1\n|\n|switch|p1a: Aegislash|Aegislash, L78, F|222\/222\n|move|p2a: Aromatisse|Light Screen|p2a: Aromatisse\n|-sidestart|p2: Hajmola|move: Light Screen\n|\n|upkeep\n|turn|2\n|\n|switch|p2a: Celesteela|Celesteela, L80|286\/286\n|move|p1a: Aegislash|Swords Dance|p1a: Aegislash\n|-boost|p1a: Aegislash|atk|2\n|\n|upkeep\n|turn|3\n|\n|move|p2a: Celesteela|Earthquake|p1a: Aegislash\n|-supereffective|p1a: Aegislash\n|-damage|p1a: Aegislash|132\/222\n|-formechange|p1a: Aegislash|Aegislash-Blade||[from] ability: Stance Change\n|move|p1a: Aegislash|Shadow Claw|p2a: Celesteela\n|-crit|p2a: Celesteela\n|-damage|p2a: Celesteela|48\/286\n|\n|-heal|p1a: Aegislash|145\/222|[from] item: Leftovers\n|upkeep\n|turn|4\n|\n|-formechange|p1a: Aegislash|Aegislash||[from] ability: Stance Change\n|move|p1a: Aegislash|King's Shield|p1a: Aegislash\n|-singleturn|p1a: Aegislash|Protect\n|move|p2a: Celesteela|Air Slash|p1a: Aegislash\n|-activate|p1a: Aegislash|move: Protect\n|\n|-heal|p1a: Aegislash|158\/222|[from] item: Leftovers\n|upkeep\n|turn|5\n|\n|move|p2a: Celesteela|Earthquake|p1a: Aegislash\n|-supereffective|p1a: Aegislash\n|-damage|p1a: Aegislash|60\/222\n|-formechange|p1a: Aegislash|Aegislash-Blade||[from] ability: Stance Change\n|move|p1a: Aegislash|Shadow Claw|p2a: Celesteela\n|-damage|p2a: Celesteela|0 fnt\n|faint|p2a: Celesteela\n|\n|-heal|p1a: Aegislash|73\/222|[from] item: Leftovers\n|-sideend|p2: Hajmola|move: Light Screen\n|upkeep\n|\n|switch|p2a: Uxie|Uxie, L84|263\/263\n|turn|6\n|\n|switch|p2a: Lickilicky|Lickilicky, L89, M|341\/341\n|-formechange|p1a: Aegislash|Aegislash||[from] ability: Stance Change\n|move|p1a: Aegislash|King's Shield||[still]\n|-fail|p1a: Aegislash\n|\n|-heal|p1a: Aegislash|86\/222|[from] item: Leftovers\n|upkeep\n|turn|7\n|\n|switch|p2a: Uxie|Uxie, L84|263\/263\n|-formechange|p1a: Aegislash|Aegislash-Blade||[from] ability: Stance Change\n|move|p1a: Aegislash|Iron Head|p2a: Uxie\n|-damage|p2a: Uxie|103\/263\n|\n|-heal|p2a: Uxie|119\/263|[from] item: Leftovers\n|-heal|p1a: Aegislash|99\/222|[from] item: Leftovers\n|upkeep\n|turn|8\n|\n|-formechange|p1a: Aegislash|Aegislash||[from] ability: Stance Change\n|move|p1a: Aegislash|King's Shield|p1a: Aegislash\n|-singleturn|p1a: Aegislash|Protect\n|move|p2a: Uxie|Thunder Wave|p1a: Aegislash\n|-status|p1a: Aegislash|par\n|\n|-heal|p2a: Uxie|135\/263|[from] item: Leftovers\n|-heal|p1a: Aegislash|112\/222 par|[from] item: Leftovers\n|upkeep\n|turn|9\n|\n|move|p2a: Uxie|U-turn|p1a: Aegislash\n|-resisted|p1a: Aegislash\n|-damage|p1a: Aegislash|105\/222 par\n|\n|switch|p2a: Lickilicky|Lickilicky, L89, M|341\/341\n|-formechange|p1a: Aegislash|Aegislash-Blade||[from] ability: Stance Change\n|move|p1a: Aegislash|Iron Head|p2a: Lickilicky\n|-damage|p2a: Lickilicky|152\/341\n|\n|-heal|p2a: Lickilicky|173\/341|[from] item: Leftovers\n|-heal|p1a: Aegislash|118\/222 par|[from] item: Leftovers\n|upkeep\n|turn|10\n|\n|move|p2a: Lickilicky|Power Whip|p1a: Aegislash|[miss]\n|-miss|p2a: Lickilicky|p1a: Aegislash\n|cant|p1a: Aegislash|par\n|\n|-heal|p2a: Lickilicky|194\/341|[from] item: Leftovers\n|-heal|p1a: Aegislash|131\/222 par|[from] item: Leftovers\n|upkeep\n|turn|11\n|\n|-formechange|p1a: Aegislash|Aegislash||[from] ability: Stance Change\n|move|p1a: Aegislash|King's Shield|p1a: Aegislash\n|-singleturn|p1a: Aegislash|Protect\n|move|p2a: Lickilicky|Wish|p2a: Lickilicky\n|\n|-heal|p2a: Lickilicky|215\/341|[from] item: Leftovers\n|-heal|p1a: Aegislash|144\/222 par|[from] item: Leftovers\n|upkeep\n|turn|12\n|\n|switch|p2a: Incineroar|Incineroar, L86, M|303\/303\n|-ability|p2a: Incineroar|Intimidate|boost\n|-unboost|p1a: Aegislash|atk|1\n|move|p1a: Aegislash|Swords Dance|p1a: Aegislash\n|-boost|p1a: Aegislash|atk|2\n|\n|-heal|p1a: Aegislash|157\/222 par|[from] item: Leftovers\n|upkeep\n|turn|13\n|\n|move|p1a: Aegislash|King's Shield|p1a: Aegislash\n|-singleturn|p1a: Aegislash|Protect\n|move|p2a: Incineroar|Flare Blitz|p1a: Aegislash\n|-activate|p1a: Aegislash|move: Protect\n|-unboost|p2a: Incineroar|atk|2\n|\n|-heal|p1a: Aegislash|170\/222 par|[from] item: Leftovers\n|upkeep\n|turn|14\n|\n|switch|p1a: Salazzle|Salazzle, L84, F|251\/251\n|-item|p1a: Salazzle|Air Balloon\n|move|p2a: Incineroar|Knock Off|p1a: Salazzle\n|-damage|p1a: Salazzle|172\/251\n|-enditem|p1a: Salazzle|Air Balloon\n|\n|upkeep\n|turn|15\n|\n|move|p1a: Salazzle|Nasty Plot|p1a: Salazzle\n|-boost|p1a: Salazzle|spa|2\n|move|p2a: Incineroar|Earthquake|p1a: Salazzle\n|-supereffective|p1a: Salazzle\n|-damage|p1a: Salazzle|0 fnt\n|faint|p1a: Salazzle\n|\n|upkeep\n|\n|switch|p1a: Magmortar|Magmortar, L86, F|269\/269\n|turn|16\n|\n|move|p1a: Magmortar|Earthquake|p2a: Incineroar\n|-supereffective|p2a: Incineroar\n|-damage|p2a: Incineroar|163\/303\n|move|p2a: Incineroar|Earthquake|p1a: Magmortar\n|-supereffective|p1a: Magmortar\n|-damage|p1a: Magmortar|173\/269\n|\n|upkeep\n|turn|17\n|\n|switch|p2a: Uxie|Uxie, L84|135\/263\n|move|p1a: Magmortar|Earthquake|p2a: Uxie\n|-immune|p2a: Uxie|[from] ability: Levitate\n|\n|-heal|p2a: Uxie|151\/263|[from] item: Leftovers\n|upkeep\n|turn|18\n|\n|switch|p1a: Aegislash|Aegislash, L78, F|170\/222 par\n|move|p2a: Uxie|Thunder Wave|p1a: Aegislash\n|-fail|p1a: Aegislash|par\n|\n|-heal|p2a: Uxie|167\/263|[from] item: Leftovers\n|-heal|p1a: Aegislash|183\/222 par|[from] item: Leftovers\n|upkeep\n|turn|19\n|\n|move|p2a: Uxie|Psychic|p1a: Aegislash\n|-resisted|p1a: Aegislash\n|-damage|p1a: Aegislash|158\/222 par\n|move|p1a: Aegislash|Swords Dance|p1a: Aegislash\n|-boost|p1a: Aegislash|atk|2\n|\n|-heal|p2a: Uxie|183\/263|[from] item: Leftovers\n|-heal|p1a: Aegislash|171\/222 par|[from] item: Leftovers\n|upkeep\n|turn|20\n|\n|move|p2a: Uxie|U-turn|p1a: Aegislash\n|-resisted|p1a: Aegislash\n|-damage|p1a: Aegislash|164\/222 par\n|\n|switch|p2a: Lickilicky|Lickilicky, L89, M|215\/341\n|-formechange|p1a: Aegislash|Aegislash-Blade||[from] ability: Stance Change\n|move|p1a: Aegislash|Iron Head|p2a: Lickilicky\n|-damage|p2a: Lickilicky|20\/341\n|\n|-heal|p2a: Lickilicky|41\/341|[from] item: Leftovers\n|-heal|p1a: Aegislash|177\/222 par|[from] item: Leftovers\n|upkeep\n|turn|21\n|\n|-formechange|p1a: Aegislash|Aegislash||[from] ability: Stance Change\n|move|p1a: Aegislash|King's Shield|p1a: Aegislash\n|-singleturn|p1a: Aegislash|Protect\n|move|p2a: Lickilicky|Wish|p2a: Lickilicky\n|\n|-heal|p2a: Lickilicky|62\/341|[from] item: Leftovers\n|-heal|p1a: Aegislash|190\/222 par|[from] item: Leftovers\n|upkeep\n|turn|22\n|\n|switch|p2a: Incineroar|Incineroar, L86, M|163\/303\n|-ability|p2a: Incineroar|Intimidate|boost\n|-unboost|p1a: Aegislash|atk|1\n|cant|p1a: Aegislash|par\n|\n|-heal|p2a: Incineroar|303\/303|[from] move: Wish|[wisher] Lickilicky\n|-heal|p1a: Aegislash|203\/222 par|[from] item: Leftovers\n|upkeep\n|turn|23\n|\n|move|p1a: Aegislash|King's Shield|p1a: Aegislash\n|-singleturn|p1a: Aegislash|Protect\n|move|p2a: Incineroar|Earthquake|p1a: Aegislash\n|-activate|p1a: Aegislash|move: Protect\n|\n|-heal|p1a: Aegislash|216\/222 par|[from] item: Leftovers\n|upkeep\n|turn|24\n|\n|switch|p1a: Sunflora|Sunflora, L89, M|278\/278\n|move|p2a: Incineroar|Knock Off|p1a: Sunflora\n|-damage|p1a: Sunflora|115\/278\n|-enditem|p1a: Sunflora|Life Orb|[from] move: Knock Off|[of] p2a: Incineroar\n|\n|upkeep\n|turn|25\n|\n|move|p2a: Incineroar|Flare Blitz|p1a: Sunflora\n|-supereffective|p1a: Sunflora\n|-damage|p1a: Sunflora|0 fnt\n|-damage|p2a: Incineroar|265\/303|[from] Recoil\n|faint|p1a: Sunflora\n|\n|upkeep\n|\n|switch|p1a: Magmortar|Magmortar, L86, F|173\/269\n|turn|26\n|\n|move|p1a: Magmortar|Earthquake|p2a: Incineroar\n|-supereffective|p2a: Incineroar\n|-damage|p2a: Incineroar|117\/303\n|move|p2a: Incineroar|Earthquake|p1a: Magmortar\n|-supereffective|p1a: Magmortar\n|-damage|p1a: Magmortar|0 fnt\n|faint|p1a: Magmortar\n|\n|upkeep\n|\n|switch|p1a: Linoone|Linoone, L83, M|264\/264\n|turn|27\n|\n|switch|p2a: Uxie|Uxie, L84|183\/263\n|move|p1a: Linoone|Belly Drum|p1a: Linoone\n|-damage|p1a: Linoone|132\/264\n|-setboost|p1a: Linoone|atk|6|[from] move: Belly Drum\n|-enditem|p1a: Linoone|Aguav Berry|[eat]\n|-heal|p1a: Linoone|264\/264|[from] item: Aguav Berry\n|\n|-heal|p2a: Uxie|199\/263|[from] item: Leftovers\n|upkeep\n|turn|28\n|\n|move|p1a: Linoone|Shadow Claw|p2a: Uxie\n|-supereffective|p2a: Uxie\n|-damage|p2a: Uxie|0 fnt\n|faint|p2a: Uxie\n|\n|upkeep\n|\n|switch|p2a: Aromatisse|Aromatisse, L87, M|317\/317\n|turn|29\n|\n|move|p1a: Linoone|Extreme Speed|p2a: Aromatisse\n|-damage|p2a: Aromatisse|37\/317\n|move|p2a: Aromatisse|Moonblast|p1a: Linoone\n|-damage|p1a: Linoone|131\/264\n|\n|upkeep\n|turn|30\n|\n|move|p1a: Linoone|Extreme Speed|p2a: Aromatisse\n|-damage|p2a: Aromatisse|0 fnt\n|faint|p2a: Aromatisse\n|\n|upkeep\n|\n|switch|p2a: Solgaleo|Solgaleo, L78|342\/342\n|turn|31\n|\n|move|p1a: Linoone|Shadow Claw|p2a: Solgaleo\n|-supereffective|p2a: Solgaleo\n|-damage|p2a: Solgaleo|80\/342\n|move|p2a: Solgaleo|Sunsteel Strike|p1a: Linoone\n|-damage|p1a: Linoone|0 fnt\n|faint|p1a: Linoone\n|\n|upkeep\n|\n|switch|p1a: Aegislash|Aegislash, L78, F|216\/222 par\n|turn|32\n|\n|switch|p2a: Incineroar|Incineroar, L86, M|117\/303\n|-ability|p2a: Incineroar|Intimidate|boost\n|-unboost|p1a: Aegislash|atk|1\n|-formechange|p1a: Aegislash|Aegislash-Blade||[from] ability: Stance Change\n|move|p1a: Aegislash|Shadow Claw|p2a: Incineroar\n|-resisted|p2a: Incineroar\n|-crit|p2a: Incineroar\n|-damage|p2a: Incineroar|50\/303\n|\n|-heal|p1a: Aegislash|222\/222 par|[from] item: Leftovers\n|upkeep\n|turn|33\n|\n|-formechange|p1a: Aegislash|Aegislash||[from] ability: Stance Change\n|move|p1a: Aegislash|King's Shield|p1a: Aegislash\n|-singleturn|p1a: Aegislash|Protect\n|move|p2a: Incineroar|Flare Blitz|p1a: Aegislash\n|-activate|p1a: Aegislash|move: Protect\n|-unboost|p2a: Incineroar|atk|2\n|\n|upkeep\n|turn|34\n|\n|switch|p1a: Aromatisse|Aromatisse, L87, M|317\/317\n|move|p2a: Incineroar|Knock Off|p1a: Aromatisse\n|-resisted|p1a: Aromatisse\n|-damage|p1a: Aromatisse|281\/317\n|-enditem|p1a: Aromatisse|Leftovers|[from] move: Knock Off|[of] p2a: Incineroar\n|\n|upkeep\n|turn|35\n|\n|switch|p2a: Solgaleo|Solgaleo, L78|80\/342\n|move|p1a: Aromatisse|Wish|p1a: Aromatisse\n|\n|upkeep\n|turn|36\n|\n|switch|p1a: Aegislash|Aegislash, L78, F|222\/222 par\n|move|p2a: Solgaleo|Flare Blitz|p1a: Aegislash\n|-supereffective|p1a: Aegislash\n|-damage|p1a: Aegislash|26\/222 par\n|-damage|p2a: Solgaleo|15\/342|[from] Recoil\n|\n|-heal|p1a: Aegislash|184\/222 par|[from] move: Wish|[wisher] Aromatisse\n|-heal|p1a: Aegislash|197\/222 par|[from] item: Leftovers\n|upkeep\n|turn|37\n|\n|move|p1a: Aegislash|King's Shield|p1a: Aegislash\n|-singleturn|p1a: Aegislash|Protect\n|move|p2a: Solgaleo|Flare Blitz|p1a: Aegislash\n|-activate|p1a: Aegislash|move: Protect\n|-fail|p2a: Solgaleo|unboost|[from] ability: Full Metal Body|[of] p2a: Solgaleo\n|\n|-heal|p1a: Aegislash|210\/222 par|[from] item: Leftovers\n|upkeep\n|turn|38\n|\n|switch|p2a: Lickilicky|Lickilicky, L89, M|62\/341\n|switch|p1a: Aromatisse|Aromatisse, L87, M|281\/317\n|\n|-heal|p2a: Lickilicky|83\/341|[from] item: Leftovers\n|upkeep\n|turn|39\n|\n|move|p2a: Lickilicky|Wish|p2a: Lickilicky\n|move|p1a: Aromatisse|Moonblast|p2a: Lickilicky\n|-damage|p2a: Lickilicky|0 fnt\n|faint|p2a: Lickilicky\n|\n|upkeep\n|\n|switch|p2a: Solgaleo|Solgaleo, L78|15\/342\n|turn|40\n|\n|move|p2a: Solgaleo|Sunsteel Strike|p1a: Aromatisse\n|-supereffective|p1a: Aromatisse\n|-damage|p1a: Aromatisse|0 fnt\n|faint|p1a: Aromatisse\n|\n|-heal|p2a: Solgaleo|185\/342|[from] move: Wish|[wisher] Lickilicky\n|upkeep\n|\n|switch|p1a: Aegislash|Aegislash, L78, F|210\/222 par\n|turn|41\n|\n|switch|p2a: Incineroar|Incineroar, L86, M|50\/303\n|-ability|p2a: Incineroar|Intimidate|boost\n|-unboost|p1a: Aegislash|atk|1\n|move|p1a: Aegislash|Swords Dance|p1a: Aegislash\n|-boost|p1a: Aegislash|atk|2\n|\n|-heal|p1a: Aegislash|222\/222 par|[from] item: Leftovers\n|upkeep\n|turn|42\n|\n|move|p2a: Incineroar|Flare Blitz|p1a: Aegislash\n|-supereffective|p1a: Aegislash\n|-damage|p1a: Aegislash|4\/222 par\n|-damage|p2a: Incineroar|0 fnt|[from] Recoil\n|faint|p2a: Incineroar\n|cant|p1a: Aegislash|par\n|\n|-heal|p1a: Aegislash|17\/222 par|[from] item: Leftovers\n|upkeep\n|\n|switch|p2a: Solgaleo|Solgaleo, L78|185\/342\n|turn|43\n|\n|move|p2a: Solgaleo|Flare Blitz|p1a: Aegislash\n|-supereffective|p1a: Aegislash\n|-damage|p1a: Aegislash|0 fnt\n|-damage|p2a: Solgaleo|179\/342|[from] Recoil\n|faint|p1a: Aegislash\n|\n|win|Hajmola\n|l|\u2606TrangGio&May\n|c|\u2606Hajmola|GG\n","inputlog":">version 756e21ff1b1a3a868fe3ecb1aa0a82246627498f\n>start {\"formatid\":\"gen7unratedrandombattle\",\"seed\":[1672,63118,21990,42235]}\n>player p1 {\"name\":\"TrangGio&May\",\"avatar\":\"maid\",\"team\":\"\",\"rating\":0,\"seed\":[12105,20642,19434,48699]}\n>player p2 {\"name\":\"Hajmola\",\"avatar\":\"265\",\"team\":\"\",\"rating\":0,\"seed\":[35184,29548,51459,24721]}\n>p1 switch 4\n>p2 move lightscreen\n>p1 move swordsdance\n>p2 switch 4\n>p1 move shadowclaw\n>p2 move earthquake\n>p1 move kingsshield\n>p2 move airslash\n>p1 move shadowclaw\n>p2 move earthquake\n>p2 switch 3\n>p1 move kingsshield\n>p2 switch 6\n>p1 move ironhead\n>p2 switch 6\n>p1 move kingsshield\n>p2 move thunderwave\n>p1 move ironhead\n>p2 move uturn\n>p2 switch 6\n>p1 move ironhead\n>p2 move powerwhip\n>p1 move kingsshield\n>p2 move wish\n>p1 move swordsdance\n>p2 switch 2\n>p1 move kingsshield\n>p2 move flareblitz\n>p1 switch 6\n>p2 move knockoff\n>p1 move nastyplot\n>p2 move earthquake\n>p1 switch 4\n>p1 move earthquake\n>p2 move earthquake\n>p1 move earthquake\n>p2 switch 6\n>p1 switch 6\n>p2 move thunderwave\n>p1 move swordsdance\n>p2 move psychic\n>p1 move ironhead\n>p2 move uturn\n>p2 switch 2\n>p1 move kingsshield\n>p2 move wish\n>p1 move ironhead\n>p2 switch 6\n>p1 move kingsshield\n>p2 move earthquake\n>p1 switch 3\n>p2 move knockoff\n>p1 move earthpower\n>p2 move flareblitz\n>p1 switch 6\n>p1 move earthquake\n>p2 move earthquake\n>p1 switch 5\n>p1 move bellydrum\n>p2 switch 2\n>p1 move shadowclaw\n>p2 move thunderwave\n>p2 switch 4\n>p1 move extremespeed\n>p2 move moonblast\n>p1 move extremespeed\n>p2 move moonblast\n>p2 switch 5\n>p1 move shadowclaw\n>p2 move sunsteelstrike\n>p1 switch 3\n>p1 move shadowclaw\n>p2 switch 2\n>p1 move kingsshield\n>p2 move flareblitz\n>p1 switch 2\n>p2 move knockoff\n>p1 move wish\n>p2 switch 2\n>p1 switch 2\n>p2 move flareblitz\n>p1 move kingsshield\n>p2 move flareblitz\n>p1 switch 2\n>p2 switch 6\n>p1 move moonblast\n>p2 move wish\n>p2 switch 6\n>p1 move moonblast\n>p2 move sunsteelstrike\n>p1 switch 2\n>p1 move swordsdance\n>p2 switch 2\n>p1 move ironhead\n>p2 move flareblitz\n>p2 switch 2\n>p1 move shadowclaw\n>p2 move flareblitz","uploadtime":1571481138,"views":6,"p1id":"tranggiomay","p2id":"hajmola","formatid":"gen7unratedrandombattle","rating":0,"private":0,"password":null}