{"id":"gen7ou-705537661","p1":"PhiloPeniz","p2":"Dragon rider43","format":"gen7ou","log":"|j|\u2606PhiloPeniz\n|j|\u2606Dragon rider43\n|player|p1|PhiloPeniz|144\n|player|p2|Dragon rider43|169\n|teamsize|p1|6\n|teamsize|p2|6\n|gametype|singles\n|gen|7\n|tier|[Gen 7] OU\n|rated|\n|rule|Sleep Clause Mod: Limit one foe put to sleep\n|rule|Species Clause: Limit one of each Pok\u00e9mon\n|rule|OHKO Clause: OHKO moves are banned\n|rule|Moody Clause: Moody is banned\n|rule|Evasion Moves Clause: Evasion moves are banned\n|rule|Endless Battle Clause: Forcing endless battles is banned\n|rule|HP Percentage Mod: HP is shown in percentages\n|clearpoke\n|poke|p1|Greninja, M|item\n|poke|p1|Kyurem-Black|item\n|poke|p1|Tapu Koko|item\n|poke|p1|Magearna|item\n|poke|p1|Landorus-Therian, M|item\n|poke|p1|Charizard, M|item\n|poke|p2|Greninja, M|item\n|poke|p2|Charizard, M|item\n|poke|p2|Magearna|item\n|poke|p2|Latios, M|item\n|poke|p2|Scizor, M|item\n|poke|p2|Landorus-Therian, M|item\n|teampreview\n|inactive|Battle timer is ON: inactive players will automatically lose when time's up. (requested by PhiloPeniz)\n|\n|start\n|switch|p1a: Landorus|Landorus-Therian, M|100\/100\n|switch|p2a: Greninja|Greninja, M|100\/100\n|-ability|p1a: Landorus|Intimidate|boost\n|-unboost|p2a: Greninja|atk|1\n|turn|1\n|\n|switch|p1a: Magearna|Magearna|100\/100\n|move|p2a: Greninja|Ice Beam|p1a: Magearna\n|-resisted|p1a: Magearna\n|-damage|p1a: Magearna|92\/100\n|\n|upkeep\n|turn|2\n|\n|switch|p2a: Magearna|Magearna|100\/100\n|move|p1a: Magearna|Volt Switch|p2a: Magearna\n|-damage|p2a: Magearna|91\/100\n|\n|switch|p1a: Landorus|Landorus-Therian, M|100\/100\n|-ability|p1a: Landorus|Intimidate|boost\n|-unboost|p2a: Magearna|atk|1\n|\n|upkeep\n|turn|3\n|\n|switch|p1a: Kyurem|Kyurem-Black|100\/100\n|-ability|p1a: Kyurem|Teravolt\n|switch|p2a: Scizor|Scizor, M|100\/100\n|\n|upkeep\n|turn|4\n|\n|switch|p1a: Magearna|Magearna|92\/100\n|move|p2a: Scizor|U-turn|p1a: Magearna\n|-resisted|p1a: Magearna\n|-damage|p1a: Magearna|81\/100\n|\n|switch|p2a: Charizard|Charizard, M|100\/100\n|\n|upkeep\n|turn|5\n|\n|switch|p1a: Landorus|Landorus-Therian, M|100\/100\n|-ability|p1a: Landorus|Intimidate|boost\n|-unboost|p2a: Charizard|atk|1\n|-mega|p2a: Charizard|Charizard|Charizardite X\n|detailschange|p2a: Charizard|Charizard-Mega-X, M\n|move|p2a: Charizard|Flare Blitz|p1a: Landorus\n|-damage|p1a: Landorus|56\/100\n|-damage|p2a: Charizard|82\/100|[from] Recoil|[of] p1a: Landorus\n|\n|-heal|p1a: Landorus|62\/100|[from] item: Leftovers\n|upkeep\n|turn|6\n|inactive|PhiloPeniz has 135 seconds left.\n|\n|switch|p2a: Landorus|Landorus-Therian, M|100\/100\n|-ability|p2a: Landorus|Intimidate|boost\n|-unboost|p1a: Landorus|atk|1\n|move|p1a: Landorus|Stealth Rock|p2a: Landorus\n|-sidestart|p2: Dragon rider43|move: Stealth Rock\n|\n|-heal|p1a: Landorus|68\/100|[from] item: Leftovers\n|upkeep\n|turn|7\n|\n|move|p1a: Landorus|Hidden Power|p2a: Landorus\n|-supereffective|p2a: Landorus\n|-damage|p2a: Landorus|44\/100\n|move|p2a: Landorus|Stone Edge|p1a: Landorus\n|-damage|p1a: Landorus|39\/100\n|\n|-heal|p1a: Landorus|45\/100|[from] item: Leftovers\n|-heal|p2a: Landorus|50\/100|[from] item: Leftovers\n|upkeep\n|turn|8\n|\n|switch|p2a: Scizor|Scizor, M|100\/100\n|-damage|p2a: Scizor|88\/100|[from] Stealth Rock\n|move|p1a: Landorus|U-turn|p2a: Scizor\n|-resisted|p2a: Scizor\n|-damage|p2a: Scizor|82\/100\n|\n|switch|p1a: Charizard|Charizard, M|100\/100\n|\n|upkeep\n|turn|9\n|inactive|Dragon rider43 has 135 seconds left.\n|\n|switch|p2a: Landorus|Landorus-Therian, M|50\/100\n|-damage|p2a: Landorus|38\/100|[from] Stealth Rock\n|-ability|p2a: Landorus|Intimidate|boost\n|-unboost|p1a: Charizard|atk|1\n|-mega|p1a: Charizard|Charizard|Charizardite Y\n|detailschange|p1a: Charizard|Charizard-Mega-Y, M\n|-weather|SunnyDay|[from] ability: Drought|[of] p1a: Charizard\n|move|p1a: Charizard|Fire Blast|p2a: Landorus\n|-damage|p2a: Landorus|0 fnt\n|faint|p2a: Landorus\n|\n|-weather|SunnyDay|[upkeep]\n|upkeep\n|inactive|Dragon rider43 has 135 seconds left.\n|\n|switch|p2a: Latios|Latios, M|100\/100\n|-damage|p2a: Latios|88\/100|[from] Stealth Rock\n|turn|10\n|\n|switch|p1a: Magearna|Magearna|81\/100\n|move|p2a: Latios|Draco Meteor|p1a: Magearna\n|-immune|p1a: Magearna|[msg]\n|\n|-weather|SunnyDay|[upkeep]\n|upkeep\n|turn|11\n|\n|switch|p2a: Scizor|Scizor, M|82\/100\n|-damage|p2a: Scizor|69\/100|[from] Stealth Rock\n|move|p1a: Magearna|Volt Switch|p2a: Scizor\n|-damage|p2a: Scizor|44\/100\n|\n|switch|p1a: Charizard|Charizard-Mega-Y, M|100\/100\n|\n|-weather|SunnyDay|[upkeep]\n|upkeep\n|turn|12\n|\n|switch|p2a: Latios|Latios, M|88\/100\n|-damage|p2a: Latios|76\/100|[from] Stealth Rock\n|move|p1a: Charizard|Fire Blast|p2a: Latios\n|-resisted|p2a: Latios\n|-damage|p2a: Latios|22\/100\n|-status|p2a: Latios|brn\n|\n|-weather|SunnyDay|[upkeep]\n|-damage|p2a: Latios|16\/100 brn|[from] brn\n|upkeep\n|turn|13\n|inactive|PhiloPeniz has 135 seconds left.\n|\n|switch|p1a: Magearna|Magearna|81\/100\n|move|p2a: Latios|Defog|p1a: Magearna\n|-unboost|p1a: Magearna|evasion|1\n|-sideend|p2: Dragon rider43|Stealth Rock|[from] move: Defog|[of] p2a: Latios\n|\n|-weather|none\n|-damage|p2a: Latios|10\/100 brn|[from] brn\n|upkeep\n|turn|14\n|inactive|PhiloPeniz has 135 seconds left.\n|\n|move|p2a: Latios|Memento|p1a: Magearna\n|-unboost|p1a: Magearna|atk|2\n|-unboost|p1a: Magearna|spa|2\n|faint|p2a: Latios\n|-ability|p1a: Magearna|Soul-Heart|boost\n|-boost|p1a: Magearna|spa|1\n|move|p1a: Magearna|Volt Switch|p2: Latios|[notarget]\n|-notarget\n|\n|upkeep\n|\n|switch|p2a: Charizard|Charizard-Mega-X, M|82\/100\n|turn|15\n|\n|move|p2a: Charizard|Dragon Dance|p2a: Charizard\n|-boost|p2a: Charizard|atk|1\n|-boost|p2a: Charizard|spe|1\n|move|p1a: Magearna|Volt Switch|p2a: Charizard\n|-resisted|p2a: Charizard\n|-damage|p2a: Charizard|74\/100\n|\n|switch|p1a: Landorus|Landorus-Therian, M|45\/100\n|-ability|p1a: Landorus|Intimidate|boost\n|-unboost|p2a: Charizard|atk|1\n|\n|-heal|p1a: Landorus|51\/100|[from] item: Leftovers\n|upkeep\n|turn|16\n|\n|move|p2a: Charizard|Flare Blitz|p1a: Landorus\n|-damage|p1a: Landorus|0 fnt\n|-damage|p2a: Charizard|52\/100|[from] Recoil|[of] p1a: Landorus\n|faint|p1a: Landorus\n|\n|upkeep\n|inactive|PhiloPeniz has 135 seconds left.\n|inactive|PhiloPeniz has 120 seconds left.\n|\n|switch|p1a: Charizard|Charizard-Mega-Y, M|100\/100\n|-weather|SunnyDay|[from] ability: Drought|[of] p1a: Charizard\n|turn|17\n|inactive|Dragon rider43 has 135 seconds left.\n|\n|move|p2a: Charizard|Roost|p2a: Charizard\n|-heal|p2a: Charizard|100\/100\n|move|p1a: Charizard|Fire Blast|p2a: Charizard\n|-resisted|p2a: Charizard\n|-damage|p2a: Charizard|69\/100\n|\n|-weather|SunnyDay|[upkeep]\n|upkeep\n|turn|18\n|inactive|PhiloPeniz has 135 seconds left.\n|\n|move|p2a: Charizard|Dragon Claw|p1a: Charizard\n|-damage|p1a: Charizard|23\/100\n|move|p1a: Charizard|Focus Blast|p2a: Charizard\n|-damage|p2a: Charizard|6\/100\n|\n|-weather|SunnyDay|[upkeep]\n|upkeep\n|turn|19\n|\n|switch|p1a: Magearna|Magearna|81\/100\n|move|p2a: Charizard|Dragon Claw|p1a: Magearna\n|-immune|p1a: Magearna|[msg]\n|\n|-weather|SunnyDay|[upkeep]\n|upkeep\n|turn|20\n|inactive|PhiloPeniz has 135 seconds left.\n|\n|switch|p1a: Charizard|Charizard-Mega-Y, M|23\/100\n|move|p2a: Charizard|Flare Blitz|p1a: Charizard\n|-resisted|p1a: Charizard\n|-damage|p1a: Charizard|0 fnt\n|-damage|p2a: Charizard|0 fnt|[from] Recoil|[of] p1a: Charizard\n|faint|p1a: Charizard\n|faint|p2a: Charizard\n|\n|-weather|SunnyDay|[upkeep]\n|upkeep\n|inactive|PhiloPeniz has 135 seconds left.\n|\n|switch|p1a: Tapu Koko|Tapu Koko|100\/100\n|switch|p2a: Magearna|Magearna|91\/100\n|-fieldstart|move: Electric Terrain|[from] ability: Electric Surge|[of] p1a: Tapu Koko\n|turn|21\n|\n|move|p1a: Tapu Koko|Volt Switch|p2a: Magearna\n|-damage|p2a: Magearna|69\/100\n|\n|switch|p1a: Magearna|Magearna|81\/100\n|move|p2a: Magearna|Fleur Cannon|p1a: Magearna\n|-resisted|p1a: Magearna\n|-damage|p1a: Magearna|68\/100\n|-unboost|p2a: Magearna|spa|2\n|\n|-weather|none\n|upkeep\n|turn|22\n|inactive|PhiloPeniz has 135 seconds left.\n|\n|switch|p2a: Scizor|Scizor, M|44\/100\n|move|p1a: Magearna|Volt Switch|p2a: Scizor\n|-damage|p2a: Scizor|5\/100\n|\n|switch|p1a: Greninja|Greninja, M|100\/100\n|\n|upkeep\n|turn|23\n|\n|switch|p2a: Magearna|Magearna|69\/100\n|move|p1a: Greninja|Water Shuriken|p2a: Magearna\n|-damage|p2a: Magearna|64\/100\n|-damage|p2a: Magearna|59\/100\n|-hitcount|p2a: Magearna|2\n|\n|upkeep\n|turn|24\n|\n|switch|p1a: Magearna|Magearna|68\/100\n|move|p2a: Magearna|Volt Switch|p1a: Magearna\n|-damage|p1a: Magearna|54\/100\n|\n|switch|p2a: Scizor|Scizor, M|5\/100\n|\n|upkeep\n|turn|25\n|\n|move|p2a: Scizor|Superpower|p1a: Magearna\n|-damage|p1a: Magearna|0 fnt\n|-unboost|p2a: Scizor|atk|1\n|-unboost|p2a: Scizor|def|1\n|faint|p1a: Magearna\n|\n|-fieldend|move: Electric Terrain\n|upkeep\n|\n|switch|p1a: Tapu Koko|Tapu Koko|100\/100\n|-fieldstart|move: Electric Terrain|[from] ability: Electric Surge|[of] p1a: Tapu Koko\n|turn|26\n|\n|switch|p2a: Magearna|Magearna|59\/100\n|move|p1a: Tapu Koko|Volt Switch|p2a: Magearna\n|-damage|p2a: Magearna|40\/100\n|\n|switch|p1a: Kyurem|Kyurem-Black|100\/100\n|-ability|p1a: Kyurem|Teravolt\n|\n|upkeep\n|turn|27\n|\n|move|p1a: Kyurem|Earth Power|p2a: Magearna\n|-supereffective|p2a: Magearna\n|-damage|p2a: Magearna|17\/100\n|move|p2a: Magearna|Fleur Cannon|p1a: Kyurem\n|-supereffective|p1a: Kyurem\n|-damage|p1a: Kyurem|0 fnt\n|-unboost|p2a: Magearna|spa|2\n|faint|p1a: Kyurem\n|-ability|p2a: Magearna|Soul-Heart|boost\n|-boost|p2a: Magearna|spa|1\n|\n|upkeep\n|inactive|PhiloPeniz has 135 seconds left.\n|\n|switch|p1a: Tapu Koko|Tapu Koko|100\/100\n|turn|28\n|\n|move|p1a: Tapu Koko|Thunderbolt|p2a: Magearna\n|-damage|p2a: Magearna|0 fnt\n|faint|p2a: Magearna\n|\n|upkeep\n|\n|switch|p2a: Scizor|Scizor, M|5\/100\n|turn|29\n|\n|move|p2a: Scizor|Bullet Punch|p1a: Tapu Koko\n|-damage|p1a: Tapu Koko|29\/100\n|move|p1a: Tapu Koko|Thunderbolt|p2a: Scizor\n|-damage|p2a: Scizor|0 fnt\n|faint|p2a: Scizor\n|\n|upkeep\n|\n|switch|p2a: Greninja|Greninja, M|100\/100\n|turn|30\n|\n|switch|p1a: Greninja|Greninja, M|100\/100\n|move|p2a: Greninja|Water Shuriken|p1a: Greninja\n|-resisted|p1a: Greninja\n|-damage|p1a: Greninja|92\/100\n|-resisted|p1a: Greninja\n|-damage|p1a: Greninja|84\/100\n|-hitcount|p1a: Greninja|2\n|\n|-fieldend|move: Electric Terrain\n|upkeep\n|turn|31\n|inactive|PhiloPeniz has 135 seconds left.\n|inactive|Dragon rider43 has 135 seconds left.\n|-message|Dragon rider43 forfeited.\n|\n|win|PhiloPeniz\n|l|\u2606Dragon rider43\n|raw|PhiloPeniz's rating: 1078 &rarr; <strong>1109<\/strong><br \/>(+31 for winning)\n|raw|Dragon rider43's rating: 1115 &rarr; <strong>1087<\/strong><br \/>(-28 for losing)\n","inputlog":null,"uploadtime":1518883869,"views":4,"p1id":"philopeniz","p2id":"dragonrider43","formatid":"gen7ou","rating":1087,"private":0,"password":null}