{"id":"gen7metronomebattle-991288178","p1":"Hajmola","p2":"sirfechdores","format":"gen7metronomebattle","log":"|j|\u2606Hajmola\n|j|\u2606sirfechdores\n|player|p1|Hajmola|10|\n|player|p2|sirfechdores|262|\n|teamsize|p1|2\n|teamsize|p2|2\n|gametype|doubles\n|gen|7\n|tier|[Gen 7] Metronome Battle\n|rule|HP Percentage Mod: HP is shown in percentages\n|\n|start\n|switch|p1a: Gengar|Gengar-Mega, F|100\/100\n|switch|p1b: Alakazam|Alakazam-Mega, F|100\/100\n|switch|p2a: Slowbro|Slowbro-Mega, M, shiny|100\/100\n|switch|p2b: Slowbro|Slowbro-Mega, M|100\/100\n|turn|1\n|\n|move|p1b: Alakazam|Metronome|p1b: Alakazam\n|move|p1b: Alakazam|Whirlwind||[from]Metronome|[still]\n|-fail|p1b: Alakazam\n|move|p1a: Gengar|Metronome|p1a: Gengar\n|move|p1a: Gengar|Aura Sphere|p2a: Slowbro|[from]Metronome\n|-resisted|p2a: Slowbro\n|-damage|p2a: Slowbro|88\/100\n|move|p2b: Slowbro|Metronome|p2b: Slowbro\n|move|p2b: Slowbro|Shadow Claw|p1b: Alakazam|[from]Metronome\n|-supereffective|p1b: Alakazam\n|-damage|p1b: Alakazam|63\/100\n|-enditem|p1b: Alakazam|Weakness Policy\n|-boost|p1b: Alakazam|atk|2\n|-boost|p1b: Alakazam|spa|2\n|move|p2a: Slowbro|Metronome|p2a: Slowbro\n|move|p2a: Slowbro|Nightmare||[from]Metronome|[still]\n|-fail|p2a: Slowbro\n|\n|upkeep\n|turn|2\n|\n|move|p1b: Alakazam|Metronome|p1b: Alakazam\n|move|p1b: Alakazam|Roar of Time|p2b: Slowbro|[from]Metronome\n|-crit|p2b: Slowbro\n|-damage|p2b: Slowbro|0 fnt\n|-mustrecharge|p1b: Alakazam\n|faint|p2b: Slowbro\n|move|p1a: Gengar|Metronome|p1a: Gengar\n|move|p1a: Gengar|Core Enforcer|p2a: Slowbro|[from]Metronome\n|-damage|p2a: Slowbro|56\/100\n|move|p2a: Slowbro|Metronome|p2a: Slowbro\n|move|p2a: Slowbro|Happy Hour|p2a: Slowbro|[from]Metronome\n|\n|upkeep\n|turn|3\n|\n|cant|p1b: Alakazam|recharge\n|move|p1a: Gengar|Metronome|p1a: Gengar\n|move|p1a: Gengar|Heart Stamp|p2a: Slowbro|[from]Metronome\n|-resisted|p2a: Slowbro\n|-damage|p2a: Slowbro|53\/100\n|cant|p2a: Slowbro|flinch\n|\n|upkeep\n|turn|4\n|\n|move|p1b: Alakazam|Metronome|p1b: Alakazam\n|move|p1b: Alakazam|Minimize|p1b: Alakazam|[from]Metronome\n|-boost|p1b: Alakazam|evasion|2\n|move|p1a: Gengar|Metronome|p1a: Gengar\n|move|p1a: Gengar|Skill Swap|p2a: Slowbro|[from]Metronome\n|-activate|p1a: Gengar|move: Skill Swap|Sap Sipper|Lightning Rod|[of] p2a: Slowbro\n|move|p2a: Slowbro|Metronome|p2a: Slowbro\n|move|p2a: Slowbro|Dream Eater|p1a: Gengar|[from]Metronome\n|-immune|p1a: Gengar\n|\n|upkeep\n|turn|5\n|\n|move|p1b: Alakazam|Metronome|p1b: Alakazam\n|move|p1b: Alakazam|Fury Cutter|p2a: Slowbro|[from]Metronome\n|-supereffective|p2a: Slowbro\n|-damage|p2a: Slowbro|38\/100\n|-enditem|p2a: Slowbro|Weakness Policy\n|-boost|p2a: Slowbro|atk|2\n|-boost|p2a: Slowbro|spa|2\n|move|p1a: Gengar|Metronome|p1a: Gengar\n|move|p1a: Gengar|Bullet Punch|p2a: Slowbro|[from]Metronome\n|-resisted|p2a: Slowbro\n|-damage|p2a: Slowbro|36\/100\n|move|p2a: Slowbro|Metronome|p2a: Slowbro\n|move|p2a: Slowbro|Mach Punch|p1a: Gengar|[from]Metronome\n|-immune|p1a: Gengar\n|\n|upkeep\n|turn|6\n|\n|move|p1b: Alakazam|Metronome|p1b: Alakazam\n|move|p1b: Alakazam|Withdraw|p1b: Alakazam|[from]Metronome\n|-boost|p1b: Alakazam|def|1\n|move|p1a: Gengar|Metronome|p1a: Gengar\n|move|p1a: Gengar|Stun Spore|p2a: Slowbro|[from]Metronome|[miss]\n|-miss|p1a: Gengar|p2a: Slowbro\n|move|p2a: Slowbro|Metronome|p2a: Slowbro\n|move|p2a: Slowbro|Rage|p1b: Alakazam|[from]Metronome|[miss]\n|-miss|p2a: Slowbro|p1b: Alakazam\n|\n|upkeep\n|turn|7\n|\n|move|p1b: Alakazam|Metronome|p1b: Alakazam\n|move|p1b: Alakazam|Bide|p1b: Alakazam|[from]Metronome\n|-start|p1b: Alakazam|move: Bide\n|move|p1a: Gengar|Metronome|p1a: Gengar\n|move|p1a: Gengar|Fairy Lock|p1a: Gengar|[from]Metronome\n|-fieldactivate|move: Fairy Lock\n|move|p2a: Slowbro|Metronome|p2a: Slowbro\n|move|p2a: Slowbro|Hydro Cannon|p1b: Alakazam|[from]Metronome|[miss]\n|-miss|p2a: Slowbro|p1b: Alakazam\n|\n|upkeep\n|turn|8\n|\n|-activate|p1b: Alakazam|move: Bide\n|move|p1a: Gengar|Metronome|p1a: Gengar\n|move|p1a: Gengar|Rock Smash|p2a: Slowbro|[from]Metronome\n|-resisted|p2a: Slowbro\n|-damage|p2a: Slowbro|34\/100\n|move|p2a: Slowbro|Metronome|p2a: Slowbro\n|move|p2a: Slowbro|Heal Bell||[from]Metronome|[still]\n|-activate|p2a: Slowbro|move: Heal Bell\n|-fail|p2a: Slowbro\n|\n|upkeep\n|turn|9\n|\n|-end|p1b: Alakazam|move: Bide\n|-fail|p1b: Alakazam\n|-end|p1b: Alakazam|move: Bide|[silent]\n|move|p1a: Gengar|Metronome|p1a: Gengar\n|move|p1a: Gengar|Spite|p2a: Slowbro|[from]Metronome\n|-activate|p2a: Slowbro|move: Spite|Metronome|4\n|move|p2a: Slowbro|Metronome|p2a: Slowbro\n|move|p2a: Slowbro|Surf|p1a: Gengar|[from]Metronome|[spread] p1a,p1b\n|-damage|p1a: Gengar|36\/100\n|-damage|p1b: Alakazam|2\/100\n|\n|upkeep\n|turn|10\n|\n|move|p1b: Alakazam|Metronome|p1b: Alakazam\n|move|p1b: Alakazam|Rest|p1b: Alakazam|[from]Metronome\n|-status|p1b: Alakazam|slp|[from] move: Rest\n|-heal|p1b: Alakazam|100\/100 slp|[silent]\n|move|p1a: Gengar|Metronome|p1a: Gengar\n|move|p1a: Gengar|Guard Swap|p2a: Slowbro|[from]Metronome\n|-swapboost|p1a: Gengar|p2a: Slowbro|def, spd|[from] move: Guard Swap\n|move|p2a: Slowbro|Metronome|p2a: Slowbro\n|move|p2a: Slowbro|Encore||[from]Metronome|[still]\n|-fail|p2a: Slowbro\n|\n|upkeep\n|turn|11\n|\n|cant|p1b: Alakazam|slp\n|move|p1a: Gengar|Metronome|p1a: Gengar\n|move|p1a: Gengar|Flying Press|p2a: Slowbro|[from]Metronome\n|-resisted|p2a: Slowbro\n|-damage|p2a: Slowbro|29\/100\n|move|p2a: Slowbro|Metronome|p2a: Slowbro\n|move|p2a: Slowbro|Howl|p2a: Slowbro|[from]Metronome\n|-boost|p2a: Slowbro|atk|1\n|\n|upkeep\n|turn|12\n|\n|cant|p1b: Alakazam|slp\n|move|p1a: Gengar|Metronome|p1a: Gengar\n|move|p1a: Gengar|Cross Poison|p2a: Slowbro|[from]Metronome\n|-damage|p2a: Slowbro|19\/100\n|move|p2a: Slowbro|Metronome|p2a: Slowbro\n|move|p2a: Slowbro|Twister|p1a: Gengar|[from]Metronome|[spread] p1a\n|-miss|p2a: Slowbro|p1b: Alakazam\n|-damage|p1a: Gengar|19\/100\n|\n|upkeep\n|turn|13\n|\n|-curestatus|p1b: Alakazam|slp|[msg]\n|move|p1b: Alakazam|Metronome|p1b: Alakazam\n|move|p1b: Alakazam|Heal Pulse|p2a: Slowbro|[from]Metronome\n|-heal|p2a: Slowbro|69\/100\n|move|p1a: Gengar|Metronome|p1a: Gengar\n|move|p1a: Gengar|Flash Cannon|p2a: Slowbro|[from]Metronome\n|-resisted|p2a: Slowbro\n|-damage|p2a: Slowbro|55\/100\n|move|p2a: Slowbro|Metronome|p2a: Slowbro\n|move|p2a: Slowbro|Bug Buzz|p1b: Alakazam|[from]Metronome\n|-supereffective|p1b: Alakazam\n|-damage|p1b: Alakazam|0 fnt\n|faint|p1b: Alakazam\n|\n|upkeep\n|turn|14\n|\n|move|p1a: Gengar|Metronome|p1a: Gengar\n|move|p1a: Gengar|Ion Deluge|p1a: Gengar|[from]Metronome\n|-fieldactivate|move: Ion Deluge\n|-activate|p2a: Slowbro|move: Struggle\n|move|p2a: Slowbro|Struggle|p1a: Gengar\n|-damage|p1a: Gengar|0 fnt\n|-damage|p2a: Slowbro|30\/100|[from] recoil\n|faint|p1a: Gengar\n|\n|win|sirfechdores\n|l|\u2606Hajmola\n","uploadtime":1570893394,"views":1,"p1id":"hajmola","p2id":"sirfechdores","formatid":"gen7metronomebattle","rating":0,"private":0,"password":null}