{"id":"gen7ou-945371907","p1":"THC_wenger","p2":"Katsune4195","format":"gen7ou","log":"|j|\u2606THC_wenger\n|j|\u2606Katsune4195\n|player|p1|THC_wenger|1|1088\n|player|p2|Katsune4195|209|1064\n|teamsize|p1|6\n|teamsize|p2|6\n|gametype|singles\n|gen|7\n|tier|[Gen 7] OU\n|rated|\n|rule|Sleep Clause Mod: Limit one foe put to sleep\n|rule|Species Clause: Limit one of each Pok\u00e9mon\n|rule|OHKO Clause: OHKO moves are banned\n|rule|Moody Clause: Moody is banned\n|rule|Evasion Moves Clause: Evasion moves are banned\n|rule|Endless Battle Clause: Forcing endless battles is banned\n|rule|HP Percentage Mod: HP is shown in percentages\n|clearpoke\n|poke|p1|Ninetales-Alola, M|item\n|poke|p1|Serperior, F|item\n|poke|p1|Toxapex, F|item\n|poke|p1|Infernape, F|item\n|poke|p1|Excadrill, M|item\n|poke|p1|Manectric, F|item\n|poke|p2|Tapu Koko|item\n|poke|p2|Mudsdale, F|item\n|poke|p2|Latias, F|item\n|poke|p2|Ninetales-Alola, M|item\n|poke|p2|Volcarona, F|item\n|poke|p2|Mimikyu, M|item\n|teampreview\n|\n|start\n|switch|p1a: Serperior|Serperior, F, shiny|100\/100\n|switch|p2a: Tapu Koko|Tapu Koko|100\/100\n|-fieldstart|move: Electric Terrain|[from] ability: Electric Surge|[of] p2a: Tapu Koko\n|-enditem|p2a: Tapu Koko|Electric Seed\n|-boost|p2a: Tapu Koko|def|1\n|turn|1\n|inactive|Battle timer is ON: inactive players will automatically lose when time's up. (requested by THC_wenger)\n|\n|move|p2a: Tapu Koko|U-turn|p1a: Serperior\n|-supereffective|p1a: Serperior\n|-crit|p1a: Serperior\n|-damage|p1a: Serperior|18\/100\n|\n|switch|p2a: Volcarona|Volcarona, F|100\/100|[from]move: U-turn\n|move|p1a: Serperior|Leaf Storm|p2a: Volcarona\n|-resisted|p2a: Volcarona\n|-damage|p2a: Volcarona|82\/100\n|-boost|p1a: Serperior|spa|2\n|\n|upkeep\n|turn|2\n|\n|switch|p1a: Toxapex|Toxapex, F, shiny|100\/100\n|move|p2a: Volcarona|Fiery Dance|p1a: Toxapex\n|-resisted|p1a: Toxapex\n|-damage|p1a: Toxapex|83\/100\n|-boost|p2a: Volcarona|spa|1\n|\n|-heal|p1a: Toxapex|90\/100|[from] item: Leftovers\n|upkeep\n|turn|3\n|\n|switch|p2a: Latias|Latias, F|100\/100\n|move|p1a: Toxapex|Liquidation|p2a: Latias\n|-resisted|p2a: Latias\n|-damage|p2a: Latias|90\/100\n|\n|-heal|p1a: Toxapex|96\/100|[from] item: Leftovers\n|upkeep\n|turn|4\n|\n|detailschange|p2a: Latias|Latias-Mega, F\n|-mega|p2a: Latias|Latias|Latiasite\n|move|p2a: Latias|Psyshock|p1a: Toxapex\n|-supereffective|p1a: Toxapex\n|-damage|p1a: Toxapex|35\/100\n|move|p1a: Toxapex|Toxic|p2a: Latias\n|-status|p2a: Latias|tox\n|\n|-heal|p1a: Toxapex|41\/100|[from] item: Leftovers\n|-damage|p2a: Latias|84\/100 tox|[from] psn\n|upkeep\n|turn|5\n|\n|move|p1a: Toxapex|Baneful Bunker|p1a: Toxapex\n|-singleturn|p1a: Toxapex|move: Protect\n|move|p2a: Latias|Psyshock|p1a: Toxapex\n|-activate|p1a: Toxapex|move: Protect\n|\n|-heal|p1a: Toxapex|47\/100|[from] item: Leftovers\n|-damage|p2a: Latias|72\/100 tox|[from] psn\n|-fieldend|move: Electric Terrain\n|upkeep\n|turn|6\n|\n|switch|p1a: Serperior|Serperior, F, shiny|18\/100\n|move|p2a: Latias|Psyshock|p1a: Serperior\n|-damage|p1a: Serperior|0 fnt\n|faint|p1a: Serperior\n|\n|-damage|p2a: Latias|54\/100 tox|[from] psn\n|upkeep\n|\n|switch|p1a: Manectric|Manectric, F|100\/100\n|turn|7\n|\n|switch|p2a: Mudsdale|Mudsdale, F|100\/100\n|detailschange|p1a: Manectric|Manectric-Mega, F\n|-mega|p1a: Manectric|Manectric|Manectite\n|-ability|p1a: Manectric|Intimidate|boost\n|-unboost|p2a: Mudsdale|atk|1\n|move|p1a: Manectric|Protect||[still]\n|-fail|p1a: Manectric\n|\n|upkeep\n|turn|8\n|\n|move|p1a: Manectric|Hidden Power|p2a: Mudsdale\n|-supereffective|p2a: Mudsdale\n|-damage|p2a: Mudsdale|79\/100\n|-ability|p2a: Mudsdale|Stamina|boost\n|-boost|p2a: Mudsdale|def|1\n|move|p2a: Mudsdale|Earthquake|p1a: Manectric\n|-supereffective|p1a: Manectric\n|-damage|p1a: Manectric|27\/100\n|\n|upkeep\n|turn|9\n|\n|move|p1a: Manectric|Hidden Power|p2a: Mudsdale\n|-supereffective|p2a: Mudsdale\n|-damage|p2a: Mudsdale|58\/100\n|-ability|p2a: Mudsdale|Stamina|boost\n|-boost|p2a: Mudsdale|def|1\n|move|p2a: Mudsdale|Close Combat|p1a: Manectric\n|-damage|p1a: Manectric|0 fnt\n|-unboost|p2a: Mudsdale|def|1\n|-unboost|p2a: Mudsdale|spd|1\n|faint|p1a: Manectric\n|\n|upkeep\n|\n|switch|p1a: Ninetales|Ninetales-Alola, M|100\/100\n|-weather|Hail|[from] ability: Snow Warning|[of] p1a: Ninetales\n|turn|10\n|\n|move|p1a: Ninetales|Aurora Veil|p1a: Ninetales\n|-sidestart|p1: THC_wenger|move: Aurora Veil\n|move|p2a: Mudsdale|Heavy Slam|p1a: Ninetales\n|-supereffective|p1a: Ninetales\n|-damage|p1a: Ninetales|15\/100\n|\n|-weather|Hail|[upkeep]\n|-damage|p2a: Mudsdale|52\/100|[from] Hail\n|upkeep\n|turn|11\n|\n|move|p1a: Ninetales|Blizzard|p2a: Mudsdale\n|-supereffective|p2a: Mudsdale\n|-damage|p2a: Mudsdale|0 fnt\n|faint|p2a: Mudsdale\n|\n|-weather|Hail|[upkeep]\n|upkeep\n|\n|switch|p2a: Volcarona|Volcarona, F|82\/100\n|turn|12\n|\n|move|p1a: Ninetales|Moonblast|p2a: Volcarona\n|-resisted|p2a: Volcarona\n|-damage|p2a: Volcarona|64\/100\n|move|p2a: Volcarona|Fiery Dance|p1a: Ninetales\n|-supereffective|p1a: Ninetales\n|-damage|p1a: Ninetales|0 fnt\n|-boost|p2a: Volcarona|spa|1\n|faint|p1a: Ninetales\n|\n|-weather|Hail|[upkeep]\n|-damage|p2a: Volcarona|58\/100|[from] Hail\n|upkeep\n|\n|switch|p1a: Toxapex|Toxapex, F, shiny|80\/100\n|turn|13\n|\n|switch|p2a: Tapu Koko|Tapu Koko|100\/100\n|-fieldstart|move: Electric Terrain|[from] ability: Electric Surge|[of] p2a: Tapu Koko\n|move|p1a: Toxapex|Toxic|p2a: Tapu Koko\n|-status|p2a: Tapu Koko|tox\n|\n|-weather|Hail|[upkeep]\n|-damage|p2a: Tapu Koko|94\/100 tox|[from] Hail\n|-damage|p1a: Toxapex|74\/100|[from] Hail\n|-heal|p1a: Toxapex|80\/100|[from] item: Leftovers\n|-damage|p2a: Tapu Koko|88\/100 tox|[from] psn\n|upkeep\n|turn|14\n|\n|switch|p1a: Excadrill|Excadrill, M, shiny|100\/100\n|move|p2a: Tapu Koko|Wild Charge|p1a: Excadrill\n|-immune|p1a: Excadrill\n|\n|-weather|none\n|-damage|p2a: Tapu Koko|76\/100 tox|[from] psn\n|-sideend|p1: THC_wenger|move: Aurora Veil\n|upkeep\n|turn|15\n|\n|move|p2a: Tapu Koko|Nature's Madness|p1a: Excadrill|[miss]\n|-miss|p2a: Tapu Koko|p1a: Excadrill\n|move|p1a: Excadrill|Iron Head|p2a: Tapu Koko\n|-damage|p2a: Tapu Koko|15\/100 tox\n|\n|-damage|p2a: Tapu Koko|0 fnt|[from] psn\n|faint|p2a: Tapu Koko\n|upkeep\n|\n|switch|p2a: Mimikyu|Mimikyu, M|100\/100\n|turn|16\n|\n|move|p2a: Mimikyu|Swords Dance|p2a: Mimikyu\n|-boost|p2a: Mimikyu|atk|2\n|move|p1a: Excadrill|Earthquake|p2a: Mimikyu\n|-activate|p2a: Mimikyu|ability: Disguise\n|-damage|p2a: Mimikyu|100\/100\n|detailschange|p2a: Mimikyu|Mimikyu-Busted, M\n|\n|upkeep\n|turn|17\n|\n|-zpower|p2a: Mimikyu\n|move|p2a: Mimikyu|Let's Snuggle Forever|p1a: Excadrill|[zeffect]\n|-resisted|p1a: Excadrill\n|-damage|p1a: Excadrill|7\/100\n|-enditem|p1a: Excadrill|Figy Berry|[eat]\n|-heal|p1a: Excadrill|57\/100|[from] item: Figy Berry\n|move|p1a: Excadrill|Stealth Rock|p2a: Mimikyu\n|-sidestart|p2: Katsune4195|move: Stealth Rock\n|\n|-fieldend|move: Electric Terrain\n|upkeep\n|turn|18\n|\n|move|p2a: Mimikyu|Play Rough|p1a: Excadrill\n|-resisted|p1a: Excadrill\n|-damage|p1a: Excadrill|16\/100\n|move|p1a: Excadrill|Earthquake|p2a: Mimikyu\n|-damage|p2a: Mimikyu|0 fnt\n|faint|p2a: Mimikyu\n|\n|upkeep\n|\n|switch|p2a: Latias|Latias-Mega, F|54\/100 tox\n|-damage|p2a: Latias|42\/100 tox|[from] Stealth Rock\n|turn|19\n|\n|move|p2a: Latias|Psyshock|p1a: Excadrill\n|-resisted|p1a: Excadrill\n|-damage|p1a: Excadrill|0 fnt\n|faint|p1a: Excadrill\n|\n|-damage|p2a: Latias|36\/100 tox|[from] psn\n|upkeep\n|\n|switch|p1a: Toxapex|Toxapex, F, shiny|100\/100\n|turn|20\n|\n|move|p1a: Toxapex|Baneful Bunker|p1a: Toxapex\n|-singleturn|p1a: Toxapex|move: Protect\n|move|p2a: Latias|Recover|p2a: Latias\n|-heal|p2a: Latias|86\/100 tox\n|\n|-damage|p2a: Latias|74\/100 tox|[from] psn\n|upkeep\n|turn|21\n|\n|move|p2a: Latias|Draco Meteor|p1a: Toxapex\n|-damage|p1a: Toxapex|36\/100\n|-unboost|p2a: Latias|spa|2\n|move|p1a: Toxapex|Recover|p1a: Toxapex\n|-heal|p1a: Toxapex|86\/100\n|\n|-heal|p1a: Toxapex|92\/100|[from] item: Leftovers\n|-damage|p2a: Latias|55\/100 tox|[from] psn\n|upkeep\n|turn|22\n|\n|move|p2a: Latias|Defog|p1a: Toxapex\n|-unboost|p1a: Toxapex|evasion|1\n|-sideend|p2: Katsune4195|Stealth Rock|[from] move: Defog|[of] p2a: Latias\n|move|p1a: Toxapex|Recover|p1a: Toxapex\n|-heal|p1a: Toxapex|100\/100\n|\n|-damage|p2a: Latias|31\/100 tox|[from] psn\n|upkeep\n|turn|23\n|\n|move|p1a: Toxapex|Baneful Bunker|p1a: Toxapex\n|-singleturn|p1a: Toxapex|move: Protect\n|move|p2a: Latias|Psyshock|p1a: Toxapex\n|-activate|p1a: Toxapex|move: Protect\n|\n|-damage|p2a: Latias|1\/100 tox|[from] psn\n|upkeep\n|turn|24\n|\n|move|p2a: Latias|Psyshock|p1a: Toxapex\n|-supereffective|p1a: Toxapex\n|-damage|p1a: Toxapex|71\/100\n|move|p1a: Toxapex|Recover|p1a: Toxapex\n|-heal|p1a: Toxapex|100\/100\n|\n|-damage|p2a: Latias|0 fnt|[from] psn\n|faint|p2a: Latias\n|upkeep\n|\n|switch|p2a: Ninetales|Ninetales-Alola, M|100\/100\n|-weather|Hail|[from] ability: Snow Warning|[of] p2a: Ninetales\n|turn|25\n|\n|move|p2a: Ninetales|Freeze-Dry|p1a: Toxapex\n|-supereffective|p1a: Toxapex\n|-crit|p1a: Toxapex\n|-damage|p1a: Toxapex|37\/100\n|-status|p1a: Toxapex|frz\n|cant|p1a: Toxapex|frz\n|\n|-weather|Hail|[upkeep]\n|-damage|p1a: Toxapex|30\/100 frz|[from] Hail\n|-heal|p1a: Toxapex|37\/100 frz|[from] item: Leftovers\n|upkeep\n|turn|26\n|\n|cant|p1a: Toxapex|frz\n|move|p2a: Ninetales|Freeze-Dry|p1a: Toxapex\n|-supereffective|p1a: Toxapex\n|-damage|p1a: Toxapex|0 fnt\n|faint|p1a: Toxapex\n|\n|-weather|Hail|[upkeep]\n|upkeep\n|\n|switch|p1a: Infernape|Infernape, F|100\/100\n|turn|27\n|\n|move|p1a: Infernape|Fire Punch|p2a: Ninetales\n|-supereffective|p2a: Ninetales\n|-damage|p2a: Ninetales|0 fnt\n|faint|p2a: Ninetales\n|\n|-weather|Hail|[upkeep]\n|-damage|p1a: Infernape|94\/100|[from] Hail\n|upkeep\n|\n|switch|p2a: Volcarona|Volcarona, F|58\/100\n|turn|28\n|\n|-zpower|p1a: Infernape\n|move|p1a: Infernape|Inferno Overdrive|p2a: Volcarona|[zeffect]\n|-damage|p2a: Volcarona|0 fnt\n|faint|p2a: Volcarona\n|\n|win|THC_wenger\n","uploadtime":1563228804,"views":9,"p1id":"thcwenger","p2id":"katsune4195","formatid":"gen7ou","rating":0,"private":0,"password":null}