{"id":"gen7ou-924517280","p1":"Candice","p2":"Majin Ares","format":"gen7ou","log":"|j|\u2606Candice\n|j|\u2606Majin Ares\n|player|p1|Candice|36\n|player|p2|Majin Ares|blue-gen2\n|teamsize|p1|6\n|teamsize|p2|6\n|gametype|singles\n|gen|7\n|tier|[Gen 7] OU\n|rated|\n|rule|Sleep Clause Mod: Limit one foe put to sleep\n|rule|Species Clause: Limit one of each Pok\u00e9mon\n|rule|OHKO Clause: OHKO moves are banned\n|rule|Moody Clause: Moody is banned\n|rule|Evasion Moves Clause: Evasion moves are banned\n|rule|Endless Battle Clause: Forcing endless battles is banned\n|rule|HP Percentage Mod: HP is shown in percentages\n|clearpoke\n|poke|p1|Landorus-Therian, M|item\n|poke|p1|Gallade, M|item\n|poke|p1|Rotom-Wash|item\n|poke|p1|Zapdos|item\n|poke|p1|Kartana|item\n|poke|p1|Magearna|item\n|poke|p2|Hippowdon, M|item\n|poke|p2|Lopunny, F|item\n|poke|p2|Volcarona, F|item\n|poke|p2|Gliscor, M|item\n|poke|p2|Toxapex, F|item\n|poke|p2|Celesteela|item\n|teampreview\n|\n|start\n|switch|p1a: GEB|Rotom-Wash|293\/293\n|switch|p2a: Hippowdon|Hippowdon, M|420\/420\n|-weather|Sandstorm|[from] ability: Sand Stream|[of] p2a: Hippowdon\n|turn|1\n|\n|switch|p2a: Toxapex|Toxapex, F|303\/303\n|move|p1a: GEB|Will-O-Wisp|p2a: Toxapex|[miss]\n|-miss|p1a: GEB|p2a: Toxapex\n|\n|-weather|Sandstorm|[upkeep]\n|-damage|p1a: GEB|275\/293|[from] Sandstorm\n|-damage|p2a: Toxapex|285\/303|[from] Sandstorm\n|-heal|p2a: Toxapex|303\/303|[from] item: Black Sludge\n|upkeep\n|turn|2\n|\n|switch|p1a: STICKY FINGERS|Gallade, M, shiny|277\/277\n|move|p2a: Toxapex|Knock Off|p1a: STICKY FINGERS\n|-damage|p1a: STICKY FINGERS|229\/277\n|-ability|p1a: STICKY FINGERS|Justified|boost\n|-boost|p1a: STICKY FINGERS|atk|1\n|\n|-weather|Sandstorm|[upkeep]\n|-damage|p1a: STICKY FINGERS|212\/277|[from] Sandstorm\n|-damage|p2a: Toxapex|285\/303|[from] Sandstorm\n|-heal|p2a: Toxapex|303\/303|[from] item: Black Sludge\n|upkeep\n|turn|3\n|\n|switch|p2a: Hippowdon|Hippowdon, M|420\/420\n|detailschange|p1a: STICKY FINGERS|Gallade-Mega, M, shiny\n|-mega|p1a: STICKY FINGERS|Gallade|Galladite\n|move|p1a: STICKY FINGERS|Swords Dance|p1a: STICKY FINGERS\n|-boost|p1a: STICKY FINGERS|atk|2\n|\n|-weather|Sandstorm|[upkeep]\n|-damage|p1a: STICKY FINGERS|195\/277|[from] Sandstorm\n|upkeep\n|turn|4\n|\n|move|p1a: STICKY FINGERS|Close Combat|p2a: Hippowdon\n|-damage|p2a: Hippowdon|45\/420\n|-damage|p1a: STICKY FINGERS|149\/277|[from] item: Rocky Helmet|[of] p2a: Hippowdon\n|-unboost|p1a: STICKY FINGERS|def|1\n|-unboost|p1a: STICKY FINGERS|spd|1\n|move|p2a: Hippowdon|Earthquake|p1a: STICKY FINGERS\n|-damage|p1a: STICKY FINGERS|0 fnt\n|faint|p1a: STICKY FINGERS\n|\n|-weather|Sandstorm|[upkeep]\n|upkeep\n|\n|switch|p1a: CHARIOT REQUIEM|Kartana, shiny|322\/322\n|turn|5\n|\n|switch|p2a: Volcarona|Volcarona, F|373\/373\n|move|p1a: CHARIOT REQUIEM|Sacred Sword|p2a: Volcarona\n|-resisted|p2a: Volcarona\n|-damage|p2a: Volcarona|320\/373\n|-status|p1a: CHARIOT REQUIEM|brn|[from] ability: Flame Body|[of] p2a: Volcarona\n|\n|-weather|none\n|-damage|p1a: CHARIOT REQUIEM|302\/322 brn|[from] brn\n|upkeep\n|turn|6\n|\n|switch|p1a: THE FOOL|Landorus-Therian, M|319\/319\n|-ability|p1a: THE FOOL|Intimidate|boost\n|-unboost|p2a: Volcarona|atk|1\n|move|p2a: Volcarona|Quiver Dance|p2a: Volcarona\n|-boost|p2a: Volcarona|spa|1\n|-boost|p2a: Volcarona|spd|1\n|-boost|p2a: Volcarona|spe|1\n|\n|upkeep\n|turn|7\n|\n|switch|p2a: Gliscor|Gliscor, M|352\/352\n|move|p1a: THE FOOL|Explosion|p2a: Gliscor\n|-damage|p2a: Gliscor|86\/352\n|faint|p1a: THE FOOL\n|\n|-status|p2a: Gliscor|tox|[from] item: Toxic Orb\n|upkeep\n|\n|switch|p1a: SUPER FLY|Zapdos|379\/379\n|turn|8\n|\n|move|p2a: Gliscor|Roost|p2a: Gliscor\n|-heal|p2a: Gliscor|262\/352 tox\n|-singleturn|p2a: Gliscor|move: Roost\n|move|p1a: SUPER FLY|Hidden Power|p2a: Gliscor\n|-supereffective|p2a: Gliscor\n|-damage|p2a: Gliscor|142\/352 tox\n|\n|-heal|p2a: Gliscor|186\/352 tox|[from] ability: Poison Heal\n|upkeep\n|turn|9\n|\n|switch|p1a: HEAVEN\"S DOOR|Magearna|364\/364\n|move|p2a: Gliscor|Roost|p2a: Gliscor\n|-heal|p2a: Gliscor|352\/352 tox\n|-singleturn|p2a: Gliscor|move: Roost\n|\n|upkeep\n|turn|10\n|\n|move|p2a: Gliscor|Earthquake|p1a: HEAVEN\"S DOOR\n|-supereffective|p1a: HEAVEN\"S DOOR\n|-damage|p1a: HEAVEN\"S DOOR|152\/364\n|move|p1a: HEAVEN\"S DOOR|Ice Beam|p2a: Gliscor\n|-supereffective|p2a: Gliscor\n|-damage|p2a: Gliscor|0 fnt\n|faint|p2a: Gliscor\n|-ability|p1a: HEAVEN\"S DOOR|Soul-Heart|boost\n|-boost|p1a: HEAVEN\"S DOOR|spa|1\n|\n|upkeep\n|\n|switch|p2a: Lopunny|Lopunny, F|271\/271\n|turn|11\n|\n|switch|p1a: SUPER FLY|Zapdos|379\/379\n|detailschange|p2a: Lopunny|Lopunny-Mega, F\n|-mega|p2a: Lopunny|Lopunny|Lopunnite\n|move|p2a: Lopunny|High Jump Kick|p1a: SUPER FLY\n|-resisted|p1a: SUPER FLY\n|-damage|p1a: SUPER FLY|283\/379\n|\n|-heal|p1a: SUPER FLY|306\/379|[from] item: Leftovers\n|upkeep\n|turn|12\n|\n|switch|p2a: Hippowdon|Hippowdon, M|45\/420\n|-weather|Sandstorm|[from] ability: Sand Stream|[of] p2a: Hippowdon\n|move|p1a: SUPER FLY|Volt Switch|p2a: Hippowdon\n|-immune|p2a: Hippowdon\n|\n|-weather|Sandstorm|[upkeep]\n|-damage|p1a: SUPER FLY|283\/379|[from] Sandstorm\n|-heal|p1a: SUPER FLY|306\/379|[from] item: Leftovers\n|upkeep\n|turn|13\n|\n|move|p1a: SUPER FLY|Hidden Power|p2a: Hippowdon\n|-supereffective|p2a: Hippowdon\n|-damage|p2a: Hippowdon|0 fnt\n|faint|p2a: Hippowdon\n|\n|-weather|Sandstorm|[upkeep]\n|-damage|p1a: SUPER FLY|283\/379|[from] Sandstorm\n|-heal|p1a: SUPER FLY|306\/379|[from] item: Leftovers\n|upkeep\n|\n|switch|p2a: Volcarona|Volcarona, F|320\/373\n|turn|14\n|\n|move|p2a: Volcarona|Quiver Dance|p2a: Volcarona\n|-boost|p2a: Volcarona|spa|1\n|-boost|p2a: Volcarona|spd|1\n|-boost|p2a: Volcarona|spe|1\n|move|p1a: SUPER FLY|Volt Switch|p2a: Volcarona\n|-damage|p2a: Volcarona|250\/373\n|\n|switch|p1a: GEB|Rotom-Wash|275\/293\n|\n|-weather|Sandstorm|[upkeep]\n|-damage|p2a: Volcarona|227\/373|[from] Sandstorm\n|-damage|p1a: GEB|257\/293|[from] Sandstorm\n|upkeep\n|turn|15\n|\n|move|p2a: Volcarona|Quiver Dance|p2a: Volcarona\n|-boost|p2a: Volcarona|spa|1\n|-boost|p2a: Volcarona|spd|1\n|-boost|p2a: Volcarona|spe|1\n|move|p1a: GEB|Hydro Pump|p2a: Volcarona|[miss]\n|-miss|p1a: GEB|p2a: Volcarona\n|\n|-weather|Sandstorm|[upkeep]\n|-damage|p2a: Volcarona|204\/373|[from] Sandstorm\n|-damage|p1a: GEB|239\/293|[from] Sandstorm\n|upkeep\n|turn|16\n|\n|move|p2a: Volcarona|Roost|p2a: Volcarona\n|-heal|p2a: Volcarona|373\/373\n|-singleturn|p2a: Volcarona|move: Roost\n|move|p1a: GEB|Hydro Pump|p2a: Volcarona\n|-supereffective|p2a: Volcarona\n|-damage|p2a: Volcarona|83\/373\n|\n|-weather|none\n|upkeep\n|turn|17\n|\n|-zpower|p2a: Volcarona\n|move|p2a: Volcarona|Savage Spin-Out|p1a: GEB|[zeffect]\n|-damage|p1a: GEB|0 fnt\n|faint|p1a: GEB\n|\n|upkeep\n|\n|switch|p1a: SUPER FLY|Zapdos|306\/379\n|turn|18\n|-message|Candice forfeited.\n|\n|win|Majin Ares\n|l|\u2606Candice\n","uploadtime":1560008958,"views":5,"p1id":"candice","p2id":"majinares","formatid":"gen7ou","rating":0,"private":0,"password":null}