{"id":"gen7randombattle-966149071","p1":"comp233","p2":"shirit","format":"gen7randombattle","log":"|j|\u2606comp233\n|j|\u2606shirit\n|player|p1|comp233|115|2112\n|player|p2|shirit|73|2136\n|teamsize|p1|6\n|teamsize|p2|6\n|gametype|singles\n|gen|7\n|tier|[Gen 7] Random Battle\n|rated|\n|rule|Sleep Clause Mod: Limit one foe put to sleep\n|rule|HP Percentage Mod: HP is shown in percentages\n|\n|start\n|switch|p1a: Goodra|Goodra, L84, F|288\/288\n|switch|p2a: Quagsire|Quagsire, L88, F|310\/310\n|turn|1\n|inactive|Battle timer is ON: inactive players will automatically lose when time's up. (requested by shirit)\n|\n|switch|p1a: Torkoal|Torkoal, L89, M|269\/269\n|-weather|SunnyDay|[from] ability: Drought|[of] p1a: Torkoal\n|switch|p2a: Lickilicky|Lickilicky, L89, F|341\/341\n|-ability|p2a: Lickilicky|Cloud Nine\n|\n|-weather|SunnyDay|[upkeep]\n|upkeep\n|turn|2\n|\n|move|p2a: Lickilicky|Swords Dance|p2a: Lickilicky\n|-boost|p2a: Lickilicky|atk|2\n|move|p1a: Torkoal|Shell Smash|p1a: Torkoal\n|-unboost|p1a: Torkoal|def|1\n|-unboost|p1a: Torkoal|spd|1\n|-boost|p1a: Torkoal|atk|2\n|-boost|p1a: Torkoal|spa|2\n|-boost|p1a: Torkoal|spe|2\n|-enditem|p1a: Torkoal|White Herb\n|-clearnegativeboost|p1a: Torkoal|[silent]\n|\n|-weather|SunnyDay|[upkeep]\n|upkeep\n|turn|3\n|\n|move|p1a: Torkoal|Fire Blast|p2a: Lickilicky\n|-damage|p2a: Lickilicky|118\/341\n|move|p2a: Lickilicky|Body Slam|p1a: Torkoal\n|-damage|p1a: Torkoal|154\/269\n|\n|-weather|SunnyDay|[upkeep]\n|-heal|p2a: Lickilicky|139\/341|[from] item: Leftovers\n|upkeep\n|turn|4\n|\n|switch|p2a: Palkia|Palkia, L78|268\/268\n|-ability|p2a: Palkia|Pressure\n|move|p1a: Torkoal|Fire Blast|p2a: Palkia\n|-resisted|p2a: Palkia\n|-damage|p2a: Palkia|191\/268\n|\n|-weather|SunnyDay|[upkeep]\n|upkeep\n|turn|5\n|j| sir_up\n|\n|move|p2a: Palkia|Spacial Rend|p1a: Torkoal\n|-damage|p1a: Torkoal|0 fnt\n|faint|p1a: Torkoal\n|\n|-weather|none\n|upkeep\n|inactive|comp233 has 120 seconds left.\n|\n|switch|p1a: Alomomola|Alomomola, L82, M|405\/405\n|turn|6\n|inactive|shirit has 120 seconds left.\n|\n|switch|p2a: Steelix|Steelix, L82, F|257\/257\n|move|p1a: Alomomola|Toxic|p2a: Steelix\n|-immune|p2a: Steelix\n|\n|upkeep\n|turn|7\n|inactive|comp233 has 120 seconds left.\n|\n|detailschange|p2a: Steelix|Steelix-Mega, L82, F\n|-mega|p2a: Steelix|Steelix|Steelixite\n|move|p1a: Alomomola|Scald|p2a: Steelix\n|-supereffective|p2a: Steelix\n|-damage|p2a: Steelix|167\/257\n|move|p2a: Steelix|Toxic|p1a: Alomomola|[miss]\n|-miss|p2a: Steelix|p1a: Alomomola\n|\n|upkeep\n|turn|8\n|\n|switch|p1a: Regirock|Regirock, L88|284\/284\n|move|p2a: Steelix|Toxic|p1a: Regirock\n|-status|p1a: Regirock|tox\n|\n|-damage|p1a: Regirock|267\/284 tox|[from] psn\n|upkeep\n|turn|9\n|\n|move|p1a: Regirock|Stealth Rock|p2a: Steelix\n|-sidestart|p2: shirit|move: Stealth Rock\n|move|p2a: Steelix|Stealth Rock|p1a: Regirock\n|-sidestart|p1: comp233|move: Stealth Rock\n|\n|-heal|p1a: Regirock|284\/284 tox|[from] item: Leftovers\n|-damage|p1a: Regirock|250\/284 tox|[from] psn\n|upkeep\n|turn|10\n|\n|move|p1a: Regirock|Drain Punch|p2a: Steelix\n|-supereffective|p2a: Steelix\n|-damage|p2a: Steelix|111\/257\n|-heal|p1a: Regirock|278\/284 tox|[from] drain|[of] p2a: Steelix\n|move|p2a: Steelix|Earthquake|p1a: Regirock\n|-supereffective|p1a: Regirock\n|-damage|p1a: Regirock|168\/284 tox\n|\n|-heal|p1a: Regirock|185\/284 tox|[from] item: Leftovers\n|-damage|p1a: Regirock|134\/284 tox|[from] psn\n|upkeep\n|turn|11\n|inactive|comp233 has 120 seconds left.\n|\n|move|p1a: Regirock|Drain Punch|p2a: Steelix\n|-supereffective|p2a: Steelix\n|-damage|p2a: Steelix|51\/257\n|-heal|p1a: Regirock|164\/284 tox|[from] drain|[of] p2a: Steelix\n|move|p2a: Steelix|Earthquake|p1a: Regirock\n|-supereffective|p1a: Regirock\n|-damage|p1a: Regirock|44\/284 tox\n|\n|-heal|p1a: Regirock|61\/284 tox|[from] item: Leftovers\n|-damage|p1a: Regirock|0 fnt|[from] psn\n|faint|p1a: Regirock\n|upkeep\n|inactive|comp233 has 120 seconds left.\n|\n|switch|p1a: Alomomola|Alomomola, L82, M|405\/405\n|-damage|p1a: Alomomola|355\/405|[from] Stealth Rock\n|turn|12\n|\n|switch|p2a: Greninja|Greninja, L80, M|246\/246\n|-damage|p2a: Greninja|216\/246|[from] Stealth Rock\n|move|p1a: Alomomola|Scald|p2a: Greninja\n|-resisted|p2a: Greninja\n|-damage|p2a: Greninja|189\/246\n|\n|-heal|p2a: Greninja|204\/246|[from] item: Leftovers\n|-heal|p1a: Alomomola|380\/405|[from] item: Leftovers\n|upkeep\n|turn|13\n|\n|move|p1a: Alomomola|Protect|p1a: Alomomola\n|-singleturn|p1a: Alomomola|Protect\n|move|p2a: Greninja|Toxic Spikes|p1a: Alomomola\n|-start|p2a: Greninja|typechange|Poison|[from] ability: Protean\n|-sidestart|p1: comp233|move: Toxic Spikes\n|\n|-heal|p2a: Greninja|219\/246|[from] item: Leftovers\n|-heal|p1a: Alomomola|405\/405|[from] item: Leftovers\n|upkeep\n|turn|14\n|\n|move|p2a: Greninja|Toxic Spikes|p1a: Alomomola\n|-sidestart|p1: comp233|move: Toxic Spikes\n|move|p1a: Alomomola|Scald|p2a: Greninja\n|-damage|p2a: Greninja|165\/246\n|\n|-heal|p2a: Greninja|180\/246|[from] item: Leftovers\n|upkeep\n|turn|15\n|\n|move|p2a: Greninja|Dark Pulse|p1a: Alomomola\n|-start|p2a: Greninja|typechange|Dark|[from] ability: Protean\n|-damage|p1a: Alomomola|263\/405\n|move|p1a: Alomomola|Wish|p1a: Alomomola\n|\n|-heal|p2a: Greninja|195\/246|[from] item: Leftovers\n|-heal|p1a: Alomomola|288\/405|[from] item: Leftovers\n|upkeep\n|turn|16\n|\n|move|p2a: Greninja|Dark Pulse|p1a: Alomomola\n|-damage|p1a: Alomomola|149\/405\n|move|p1a: Alomomola|Toxic|p2a: Greninja\n|-status|p2a: Greninja|tox\n|\n|-heal|p1a: Alomomola|351\/405|[from] move: Wish|[wisher] Alomomola\n|-heal|p2a: Greninja|210\/246 tox|[from] item: Leftovers\n|-heal|p1a: Alomomola|376\/405|[from] item: Leftovers\n|-damage|p2a: Greninja|195\/246 tox|[from] psn\n|upkeep\n|turn|17\n|\n|move|p2a: Greninja|Taunt|p1a: Alomomola\n|-start|p1a: Alomomola|move: Taunt\n|cant|p1a: Alomomola|move: Taunt|Wish\n|\n|-heal|p2a: Greninja|210\/246 tox|[from] item: Leftovers\n|-heal|p1a: Alomomola|401\/405|[from] item: Leftovers\n|-damage|p2a: Greninja|180\/246 tox|[from] psn\n|upkeep\n|turn|18\n|\n|switch|p2a: Palkia|Palkia, L78|191\/268\n|-damage|p2a: Palkia|158\/268|[from] Stealth Rock\n|-ability|p2a: Palkia|Pressure\n|move|p1a: Alomomola|Scald|p2a: Palkia\n|-resisted|p2a: Palkia\n|-damage|p2a: Palkia|149\/268\n|\n|-heal|p1a: Alomomola|405\/405|[from] item: Leftovers\n|upkeep\n|turn|19\n|\n|move|p2a: Palkia|Spacial Rend|p1a: Alomomola\n|-crit|p1a: Alomomola\n|-damage|p1a: Alomomola|33\/405\n|move|p1a: Alomomola|Scald|p2a: Palkia\n|-resisted|p2a: Palkia\n|-damage|p2a: Palkia|140\/268\n|\n|-heal|p1a: Alomomola|58\/405|[from] item: Leftovers\n|-end|p1a: Alomomola|move: Taunt\n|upkeep\n|turn|20\n|\n|move|p1a: Alomomola|Protect|p1a: Alomomola\n|-singleturn|p1a: Alomomola|Protect\n|move|p2a: Palkia|Spacial Rend|p1a: Alomomola\n|-activate|p1a: Alomomola|move: Protect\n|\n|-heal|p1a: Alomomola|83\/405|[from] item: Leftovers\n|upkeep\n|turn|21\n|inactive|comp233 has 120 seconds left.\n|\n|switch|p1a: Cofagrigus|Cofagrigus, L85, F|237\/237\n|-status|p1a: Cofagrigus|tox\n|-damage|p1a: Cofagrigus|208\/237 tox|[from] Stealth Rock\n|move|p2a: Palkia|Spacial Rend|p1a: Cofagrigus\n|-damage|p1a: Cofagrigus|73\/237 tox\n|\n|-heal|p1a: Cofagrigus|87\/237 tox|[from] item: Leftovers\n|-damage|p1a: Cofagrigus|73\/237 tox|[from] psn\n|upkeep\n|turn|22\n|inactive|comp233 has 120 seconds left.\n|\n|move|p2a: Palkia|Spacial Rend|p1a: Cofagrigus\n|-crit|p1a: Cofagrigus\n|-damage|p1a: Cofagrigus|0 fnt\n|faint|p1a: Cofagrigus\n|\n|upkeep\n|\n|switch|p1a: Goodra|Goodra, L84, F|288\/288\n|-damage|p1a: Goodra|252\/288|[from] Stealth Rock\n|-status|p1a: Goodra|tox\n|turn|23\n|inactive|comp233 has 120 seconds left.\n|\n|switch|p2a: Steelix|Steelix-Mega, L82, F|51\/257\n|-damage|p2a: Steelix|43\/257|[from] Stealth Rock\n|move|p1a: Goodra|Dragon Pulse|p2a: Steelix\n|-resisted|p2a: Steelix\n|-crit|p2a: Steelix\n|-damage|p2a: Steelix|0 fnt\n|faint|p2a: Steelix\n|\n|-damage|p1a: Goodra|234\/288 tox|[from] psn\n|upkeep\n|\n|switch|p2a: Lickilicky|Lickilicky, L89, F|139\/341\n|-damage|p2a: Lickilicky|97\/341|[from] Stealth Rock\n|-ability|p2a: Lickilicky|Cloud Nine\n|turn|24\n|\n|switch|p1a: Alomomola|Alomomola, L82, M|218\/405\n|-status|p1a: Alomomola|tox\n|-damage|p1a: Alomomola|168\/405 tox|[from] Stealth Rock\n|move|p2a: Lickilicky|Knock Off|p1a: Alomomola\n|-damage|p1a: Alomomola|85\/405 tox\n|-enditem|p1a: Alomomola|Leftovers|[from] move: Knock Off|[of] p2a: Lickilicky\n|\n|-heal|p2a: Lickilicky|118\/341|[from] item: Leftovers\n|-damage|p1a: Alomomola|60\/405 tox|[from] psn\n|upkeep\n|turn|25\n|\n|move|p1a: Alomomola|Scald|p2a: Lickilicky\n|-damage|p2a: Lickilicky|78\/341\n|-status|p2a: Lickilicky|brn\n|move|p2a: Lickilicky|Body Slam|p1a: Alomomola\n|-damage|p1a: Alomomola|9\/405 tox\n|\n|-heal|p2a: Lickilicky|99\/341 brn|[from] item: Leftovers\n|-damage|p1a: Alomomola|0 fnt|[from] psn\n|faint|p1a: Alomomola\n|-damage|p2a: Lickilicky|78\/341 brn|[from] brn\n|upkeep\n|inactive|comp233 has 120 seconds left.\n|\n|switch|p1a: Goodra|Goodra, L84, F|234\/288 tox\n|-damage|p1a: Goodra|198\/288 tox|[from] Stealth Rock\n|turn|26\n|\n|move|p1a: Goodra|Dragon Pulse|p2a: Lickilicky\n|-damage|p2a: Lickilicky|0 fnt\n|faint|p2a: Lickilicky\n|\n|-damage|p1a: Goodra|180\/288 tox|[from] psn\n|upkeep\n|\n|switch|p2a: Azelf|Azelf, L82|257\/257\n|-damage|p2a: Azelf|225\/257|[from] Stealth Rock\n|turn|27\n|\n|switch|p1a: Zekrom|Zekrom, L78|284\/284\n|-damage|p1a: Zekrom|249\/284|[from] Stealth Rock\n|-status|p1a: Zekrom|tox\n|-ability|p1a: Zekrom|Teravolt\n|-enditem|p1a: Zekrom|Lum Berry|[eat]\n|-curestatus|p1a: Zekrom|tox|[msg]\n|move|p2a: Azelf|Psyshock|p1a: Zekrom\n|-damage|p1a: Zekrom|161\/284\n|\n|-heal|p2a: Azelf|241\/257|[from] item: Leftovers\n|upkeep\n|turn|28\n|\n|move|p2a: Azelf|Psyshock|p1a: Zekrom\n|-damage|p1a: Zekrom|71\/284\n|move|p1a: Zekrom|Roost|p1a: Zekrom\n|-heal|p1a: Zekrom|213\/284\n|-singleturn|p1a: Zekrom|move: Roost\n|\n|-heal|p2a: Azelf|257\/257|[from] item: Leftovers\n|upkeep\n|turn|29\n|\n|move|p2a: Azelf|Taunt|p1a: Zekrom\n|-start|p1a: Zekrom|move: Taunt\n|cant|p1a: Zekrom|move: Taunt|Hone Claws\n|\n|upkeep\n|turn|30\n|\n|move|p2a: Azelf|Psyshock|p1a: Zekrom\n|-damage|p1a: Zekrom|134\/284\n|move|p1a: Zekrom|Bolt Strike|p2a: Azelf\n|-damage|p2a: Azelf|52\/257\n|\n|-heal|p2a: Azelf|68\/257|[from] item: Leftovers\n|upkeep\n|turn|31\n|\n|move|p2a: Azelf|Explosion|p1a: Zekrom\n|-damage|p1a: Zekrom|0 fnt\n|faint|p2a: Azelf\n|faint|p1a: Zekrom\n|\n|upkeep\n|\n|switch|p2a: Quagsire|Quagsire, L88, F|310\/310\n|switch|p1a: Goodra|Goodra, L84, F|180\/288 tox\n|-damage|p1a: Goodra|144\/288 tox|[from] Stealth Rock\n|-damage|p2a: Quagsire|291\/310|[from] Stealth Rock\n|turn|32\n|\n|move|p1a: Goodra|Dragon Pulse|p2a: Quagsire\n|-damage|p2a: Quagsire|174\/310\n|move|p2a: Quagsire|Recover|p2a: Quagsire\n|-heal|p2a: Quagsire|310\/310\n|\n|-damage|p1a: Goodra|126\/288 tox|[from] psn\n|upkeep\n|turn|33\n|l| sir_up\n|c|\u2606shirit|gg\n|\n|move|p1a: Goodra|Dragon Pulse|p2a: Quagsire\n|-damage|p2a: Quagsire|192\/310\n|move|p2a: Quagsire|Recover|p2a: Quagsire\n|-heal|p2a: Quagsire|310\/310\n|\n|-damage|p1a: Goodra|90\/288 tox|[from] psn\n|upkeep\n|turn|34\n|-message|comp233 forfeited.\n|\n|win|shirit\n|l|\u2606comp233\n|raw|comp233's rating: 2112 &rarr; <strong>2094<\/strong><br \/>(-18 for losing)\n|raw|shirit's rating: 2136 &rarr; <strong>2155<\/strong><br \/>(+19 for winning)\n","inputlog":">version 4cecf1117aade118e4bb64768951e87bf5a75029\n>start {\"formatid\":\"gen7randombattle\",\"seed\":[22011,34419,42518,25947],\"rated\":\"Rated battle\"}\n>player p1 {\"name\":\"comp233\",\"avatar\":\"115\",\"team\":\"\",\"rating\":2112,\"seed\":[44686,65072,60872,65338]}\n>player p2 {\"name\":\"shirit\",\"avatar\":\"73\",\"team\":\"\",\"rating\":2136,\"seed\":[10765,13680,44088,53618]}\n>p1 switch 3\n>p2 switch 3\n>p1 move shellsmash\n>p2 move swordsdance\n>p1 move fireblast\n>p2 move bodyslam\n>p1 move fireblast\n>p2 switch 5\n>p1 move solarbeam\n>p2 move spacialrend\n>p1 switch 4\n>p1 move toxic\n>p2 switch 2\n>p1 move scald\n>p2 move toxic mega\n>p1 switch 6\n>p2 move toxic\n>p1 move stealthrock\n>p2 move stealthrock\n>p1 move drainpunch\n>p2 move earthquake\n>p1 move drainpunch\n>p2 move earthquake\n>p1 switch 6\n>p1 move scald\n>p2 switch 6\n>p1 move protect\n>p2 move toxicspikes\n>p1 move scald\n>p2 move toxicspikes\n>p1 move wish\n>p2 move darkpulse\n>p1 move toxic\n>p2 move darkpulse\n>p1 move wish\n>p2 move taunt\n>p1 move scald\n>p2 switch 2\n>p1 move scald\n>p2 move spacialrend\n>p1 move protect\n>p2 move spacialrend\n>p1 switch 2\n>p2 move spacialrend\n>p1 move painsplit\n>p2 move spacialrend\n>p1 switch 3\n>p1 move dragonpulse\n>p2 switch 6\n>p2 switch 5\n>p1 switch 2\n>p2 move knockoff\n>p1 move scald\n>p2 move bodyslam\n>p1 switch 2\n>p1 move dragonpulse\n>p2 move knockoff\n>p2 switch 4\n>p1 switch 5\n>p2 move psyshock\n>p1 move roost\n>p2 move psyshock\n>p1 move honeclaws\n>p2 move taunt\n>p1 move boltstrike\n>p2 move psyshock\n>p1 move outrage\n>p2 move explosion\n>p1 switch 5\n>p2 switch 3\n>p1 move dragonpulse\n>p2 move recover\n>p1 move dragonpulse\n>p2 move recover","uploadtime":1566799838,"views":10,"p1id":"comp233","p2id":"shirit","formatid":"gen7randombattle","rating":2094,"private":0,"password":null}