{"id":"gen7oususpecttest-558339016","p1":"robopoke","p2":"Pitaye","format":"gen7oususpecttest","log":"|j|robopoke\n|j|Pitaye\n|player|p1|robopoke|1\n|player|p2|Pitaye|36\n|gametype|singles\n|gen|7\n|tier|[Gen 7] OU (suspect test)\n|rated\n|seed|45824,43488,12254,126\n|rule|Sleep Clause Mod: Limit one foe put to sleep\n|rule|Species Clause: Limit one of each Pok\u00e9mon\n|rule|OHKO Clause: OHKO moves are banned\n|rule|Moody Clause: Moody is banned\n|rule|Evasion Moves Clause: Evasion moves are banned\n|rule|Endless Battle Clause: Forcing endless battles is banned\n|rule|HP Percentage Mod: HP is shown in percentages\n|clearpoke\n|poke|p1|Scolipede, M|item\n|poke|p1|Buzzwole|item\n|poke|p1|Metagross|item\n|poke|p1|Drampa, M|item\n|poke|p1|Magearna|item\n|poke|p1|Manaphy|item\n|poke|p2|Landorus-Therian, M|item\n|poke|p2|Scizor, M|item\n|poke|p2|Tapu Fini|item\n|poke|p2|Zygarde|item\n|poke|p2|Zapdos|item\n|poke|p2|Ferrothorn, M|item\n|rule|Baton Pass Clause: Limit one Baton Passer, can't pass Spe and other stats simultaneously\n|teampreview\n|choice|team 3, team 2, team 1, team 4, team 5, team 6|team 4, team 2, team 3, team 1, team 5, team 6\n|\n|start\n|switch|p1a: Metagross|Metagross|301\/301\n|switch|p2a: Zygarde|Zygarde|357\/357\n|-ability|p2a: Zygarde|Aura Break\n|turn|1\n|choice|move stealthrock mega|switch 2\n|\n|switch|p2a: Scizor|Scizor, M|343\/343\n|detailschange|p1a: Metagross|Metagross-Mega\n|-mega|p1a: Metagross|Metagross|Metagrossite\n|move|p1a: Metagross|Stealth Rock|p2a: Scizor\n|-sidestart|p2: Pitaye|move: Stealth Rock\n|\n|upkeep\n|turn|2\n|choice|move meteormash|move uturn mega\n|\n|detailschange|p2a: Scizor|Scizor-Mega, M\n|-mega|p2a: Scizor|Scizor|Scizorite\n|move|p1a: Metagross|Meteor Mash|p2a: Scizor\n|-resisted|p2a: Scizor\n|-damage|p2a: Scizor|262\/343\n|move|p2a: Scizor|U-turn|p1a: Metagross\n|-damage|p1a: Metagross|211\/301\n|j|BandedPiplup\n|choice||switch 4\n|\n|switch|p2a: Meow Meow|Landorus-Therian, M|319\/319\n|-damage|p2a: Meow Meow|280\/319|[from] Stealth Rock\n|-ability|p2a: Meow Meow|Intimidate|boost\n|-unboost|p1a: Metagross|atk|1\n|\n|upkeep\n|turn|3\n|choice|move meteormash|move uturn\n|\n|move|p2a: Meow Meow|U-turn|p1a: Metagross\n|-damage|p1a: Metagross|152\/301\n|choice||switch 3\n|\n|switch|p2a: Tapu Fini|Tapu Fini|343\/343\n|-damage|p2a: Tapu Fini|301\/343|[from] Stealth Rock\n|-fieldstart|move: Misty Terrain|[from] ability: Misty Surge|[of] p2a: Tapu Fini\n|move|p1a: Metagross|Meteor Mash|p2a: Tapu Fini\n|-damage|p2a: Tapu Fini|184\/343\n|\n|-heal|p2a: Tapu Fini|205\/343|[from] item: Leftovers\n|upkeep\n|turn|4\n|choice|move explosion|move defog\n|\n|move|p1a: Metagross|Explosion|p2a: Tapu Fini\n|-damage|p2a: Tapu Fini|37\/343\n|faint|p1a: Metagross\n|move|p2a: Tapu Fini|Defog|p1: Metagross|[notarget]\n|-notarget\n|\n|-heal|p2a: Tapu Fini|58\/343|[from] item: Leftovers\n|upkeep\n|j|clozap9\n|choice|switch 3|\n|\n|switch|p1a: Scolipede|Scolipede, M|261\/261\n|turn|5\n|choice|move protect|switch 2\n|\n|switch|p2a: Zygarde|Zygarde|357\/357\n|-damage|p2a: Zygarde|335\/357|[from] Stealth Rock\n|-ability|p2a: Zygarde|Aura Break\n|move|p1a: Scolipede|Protect|p1a: Scolipede\n|-fail|p1a: Scolipede\n|\n|-ability|p1a: Scolipede|Speed Boost|boost\n|-boost|p1a: Scolipede|spe|1\n|upkeep\n|turn|6\n|choice|move substitute|move thousandarrows\n|\n|move|p1a: Scolipede|Substitute|p1a: Scolipede\n|-start|p1a: Scolipede|Substitute\n|-damage|p1a: Scolipede|196\/261\n|move|p2a: Zygarde|Thousand Arrows|p1a: Scolipede\n|-end|p1a: Scolipede|Substitute\n|\n|-heal|p1a: Scolipede|212\/261|[from] item: Leftovers\n|-ability|p1a: Scolipede|Speed Boost|boost\n|-boost|p1a: Scolipede|spe|1\n|upkeep\n|turn|7\n|choice|move protect|move thousandarrows\n|\n|move|p1a: Scolipede|Protect|p1a: Scolipede\n|-singleturn|p1a: Scolipede|Protect\n|move|p2a: Zygarde|Thousand Arrows|p1a: Scolipede\n|-activate|p1a: Scolipede|move: Protect\n|\n|-heal|p1a: Scolipede|228\/261|[from] item: Leftovers\n|-fieldend|Misty Terrain\n|-ability|p1a: Scolipede|Speed Boost|boost\n|-boost|p1a: Scolipede|spe|1\n|upkeep\n|turn|8\n|choice|move batonpass|move thousandarrows\n|\n|move|p1a: Scolipede|Baton Pass|p1a: Scolipede\n|l|BandedPiplup\n|choice|switch 2|\n|\n|switch|p1a: Buzzwole|Buzzwole|383\/383\n|move|p2a: Zygarde|Thousand Arrows|p1a: Buzzwole\n|-resisted|p1a: Buzzwole\n|-damage|p1a: Buzzwole|300\/383\n|\n|-heal|p1a: Buzzwole|323\/383|[from] item: Leftovers\n|upkeep\n|turn|9\n|choice|move bulkup|switch 3\n|\n|switch|p2a: Meow Meow|Landorus-Therian, M|280\/319\n|-damage|p2a: Meow Meow|241\/319|[from] Stealth Rock\n|-ability|p2a: Meow Meow|Intimidate|boost\n|-unboost|p1a: Buzzwole|atk|1\n|move|p1a: Buzzwole|Bulk Up|p1a: Buzzwole\n|-boost|p1a: Buzzwole|atk|1\n|-boost|p1a: Buzzwole|def|1\n|\n|-heal|p1a: Buzzwole|346\/383|[from] item: Leftovers\n|upkeep\n|turn|10\n|choice|move bulkup|move uturn\n|\n|move|p1a: Buzzwole|Bulk Up|p1a: Buzzwole\n|-boost|p1a: Buzzwole|atk|1\n|-boost|p1a: Buzzwole|def|1\n|move|p2a: Meow Meow|U-turn|p1a: Buzzwole\n|-resisted|p1a: Buzzwole\n|-damage|p1a: Buzzwole|328\/383\n|choice||switch 5\n|\n|switch|p2a: Zapdos|Zapdos|322\/322\n|-damage|p2a: Zapdos|242\/322|[from] Stealth Rock\n|-ability|p2a: Zapdos|Pressure\n|\n|-heal|p1a: Buzzwole|351\/383|[from] item: Leftovers\n|-heal|p2a: Zapdos|262\/322|[from] item: Leftovers\n|upkeep\n|turn|11\n|choice|move icepunch|move heatwave\n|\n|move|p1a: Buzzwole|Ice Punch|p2a: Zapdos\n|-supereffective|p2a: Zapdos\n|-damage|p2a: Zapdos|0 fnt\n|faint|p2a: Zapdos\n|-ability|p1a: Buzzwole|Beast Boost|boost\n|-boost|p1a: Buzzwole|atk|1\n|\n|-heal|p1a: Buzzwole|374\/383|[from] item: Leftovers\n|upkeep\n|choice||switch 3\n|\n|switch|p2a: Zygarde|Zygarde|335\/357\n|-damage|p2a: Zygarde|313\/357|[from] Stealth Rock\n|-ability|p2a: Zygarde|Aura Break\n|turn|12\n|j|BandedPiplup\n|-message|Pitaye forfeited.\n|\n|win|robopoke\n|l|Pitaye","inputlog":null,"uploadtime":1491575195,"views":1,"p1id":"robopoke","p2id":"pitaye","formatid":"gen7oususpecttest","rating":0,"private":0,"password":null}