{"id":"gen7ou-833982501","p1":"Therockcena","p2":"Kushpack","format":"gen7ou","log":"|j|\u2606Therockcena\n|j|\u2606Kushpack\n|player|p1|Therockcena|169\n|player|p2|Kushpack|293\n|teamsize|p1|6\n|teamsize|p2|6\n|gametype|singles\n|gen|7\n|tier|[Gen 7] OU\n|rated|\n|rule|Sleep Clause Mod: Limit one foe put to sleep\n|rule|Species Clause: Limit one of each Pok\u00e9mon\n|rule|OHKO Clause: OHKO moves are banned\n|rule|Moody Clause: Moody is banned\n|rule|Evasion Moves Clause: Evasion moves are banned\n|rule|Endless Battle Clause: Forcing endless battles is banned\n|rule|HP Percentage Mod: HP is shown in percentages\n|clearpoke\n|poke|p1|Zygarde|item\n|poke|p1|Serperior, M|item\n|poke|p1|Thundurus, M|item\n|poke|p1|Mew|item\n|poke|p1|Ferrothorn, M|item\n|poke|p1|Alakazam, F|item\n|poke|p2|Pelipper, F|item\n|poke|p2|Swampert, M|item\n|poke|p2|Kingdra, M|item\n|poke|p2|Celesteela|item\n|poke|p2|Beartic, F|item\n|poke|p2|Thundurus, M|item\n|teampreview\n|inactive|Battle timer is ON: inactive players will automatically lose when time's up. (requested by Therockcena)\n|\n|start\n|switch|p1a: Zygarde|Zygarde|100\/100\n|switch|p2a: Pelipper|Pelipper, F|100\/100\n|-weather|RainDance|[from] ability: Drizzle|[of] p2a: Pelipper\n|-ability|p1a: Zygarde|Aura Break\n|turn|1\n|\n|move|p2a: Pelipper|Ice Beam|p1a: Zygarde\n|-supereffective|p1a: Zygarde\n|-damage|p1a: Zygarde|12\/100\n|move|p1a: Zygarde|Glare|p2a: Pelipper\n|-status|p2a: Pelipper|par\n|\n|-weather|RainDance|[upkeep]\n|-heal|p1a: Zygarde|18\/100|[from] item: Leftovers\n|upkeep\n|turn|2\n|\n|move|p1a: Zygarde|Protect|p1a: Zygarde\n|-singleturn|p1a: Zygarde|Protect\n|move|p2a: Pelipper|Ice Beam|p1a: Zygarde\n|-activate|p1a: Zygarde|move: Protect\n|\n|-weather|RainDance|[upkeep]\n|-heal|p1a: Zygarde|24\/100|[from] item: Leftovers\n|upkeep\n|turn|3\n|\n|switch|p1a: Mew|Mew|100\/100\n|switch|p2a: Beartic|Beartic, F|100\/100\n|\n|-weather|RainDance|[upkeep]\n|upkeep\n|turn|4\n|\n|move|p2a: Beartic|Taunt|p1a: Mew\n|-start|p1a: Mew|move: Taunt\n|cant|p1a: Mew|move: Taunt|Thunder Wave\n|\n|-weather|RainDance|[upkeep]\n|upkeep\n|turn|5\n|\n|switch|p1a: Ferrothorn|Ferrothorn, M|100\/100\n|move|p2a: Beartic|Icicle Crash|p1a: Ferrothorn\n|-damage|p1a: Ferrothorn|60\/100\n|-damage|p2a: Beartic|91\/100|[from] item: Life Orb\n|\n|-weather|none\n|-heal|p1a: Ferrothorn|66\/100|[from] item: Leftovers\n|upkeep\n|turn|6\n|\n|move|p2a: Beartic|Superpower|p1a: Ferrothorn\n|-supereffective|p1a: Ferrothorn\n|-damage|p1a: Ferrothorn|0 fnt\n|-damage|p2a: Beartic|78\/100|[from] ability: Iron Barbs|[of] p1a: Ferrothorn\n|-unboost|p2a: Beartic|atk|1\n|-unboost|p2a: Beartic|def|1\n|-damage|p2a: Beartic|69\/100|[from] item: Life Orb\n|faint|p1a: Ferrothorn\n|\n|upkeep\n|\n|switch|p1a: Thundurus|Thundurus, M|100\/100\n|turn|7\n|\n|switch|p2a: Swampert|Swampert, M|100\/100\n|move|p1a: Thundurus|Thunder Wave|p2a: Swampert\n|-immune|p2a: Swampert\n|\n|upkeep\n|turn|8\n|-message|Therockcena forfeited.\n|\n|win|Kushpack\n|l|\u2606Therockcena\n","uploadtime":1541960504,"views":6,"p1id":"therockcena","p2id":"kushpack","formatid":"gen7ou","rating":0,"private":0,"password":null}