{"id":"gen7ru-1281693510","p1":"Chickpiee","p2":"Eeveekid10","format":"gen7ru","log":"|j|\u2606Chickpiee\n|j|\u2606Eeveekid10\n|t:|1613212655\n|player|p1|Chickpiee|caitlin|\n|player|p2|Eeveekid10|tate|\n|teamsize|p1|6\n|teamsize|p2|6\n|gametype|singles\n|gen|7\n|tier|[Gen 7] RU\n|rated|Tournament battle\n|clearpoke\n|poke|p1|Registeel|item\n|poke|p1|Mandibuzz, F|item\n|poke|p1|Vaporeon, F|item\n|poke|p1|Necrozma|item\n|poke|p1|Ditto|item\n|poke|p1|Nidoqueen, F|item\n|poke|p2|Espeon, M|item\n|poke|p2|Luxray, M|item\n|poke|p2|Vaporeon, M|item\n|poke|p2|Glaceon, M|item\n|poke|p2|Gastrodon-East, M|item\n|poke|p2|Ampharos, M|item\n|rule|Sleep Clause Mod: Limit one foe put to sleep\n|rule|Species Clause: Limit one of each Pok\u00e9mon\n|rule|OHKO Clause: OHKO moves are banned\n|rule|Moody Clause: Moody is banned\n|rule|Evasion Moves Clause: Evasion moves are banned\n|rule|Endless Battle Clause: Forcing endless battles is banned\n|rule|HP Percentage Mod: HP is shown in percentages\n|teampreview\n|j|*Lady Monita\n|inactive|Battle timer is ON: inactive players will automatically lose when time's up. (requested by Eeveekid10)\n|j| Terreitor\n|j| rainbowjewel\n|c|\u2606Eeveekid10|Glhf\n|j| AceySkyLine\n|l| Terreitor\n|c|\u2606Chickpiee|u 2\n|c|\u2606Eeveekid10|Peculiar teams ismt it?\n|j| JessPMP\n|inactive|Chickpiee has 120 seconds left.\n|c| AceySkyLine|eeveelutions are 50% of ur team\n|c|\u2606Chickpiee|idc\n|c|\u2606Eeveekid10|Yup\n|j| Trainer. Sar\n|\n|t:|1613212714\n|start\n|switch|p1a: Mandibuzz|Mandibuzz, F|100\/100\n|switch|p2a: Flash|Ampharos, M|100\/100\n|turn|1\n|\n|t:|1613212721\n|move|p2a: Flash|Ion Deluge|p2a: Flash\n|-fieldactivate|move: Ion Deluge\n|move|p1a: Mandibuzz|Knock Off|p2a: Flash\n|-damage|p2a: Flash|83\/100\n|\n|upkeep\n|turn|2\n|j| Antiotaku Master\n|c| Trainer. Sar|nice\n|j| inconnnnnn\n|j| goku22194\n|\n|t:|1613212739\n|switch|p1a: Nidoqueen|Nidoqueen, F|100\/100\n|detailschange|p2a: Flash|Ampharos-Mega, M\n|-mega|p2a: Flash|Ampharos|Ampharosite\n|-ability|p2a: Flash|Mold Breaker\n|move|p2a: Flash|Discharge|p1a: Nidoqueen\n|-immune|p1a: Nidoqueen\n|\n|upkeep\n|turn|3\n|j| Arnavgupta\n|\n|t:|1613212753\n|switch|p2a: Squoop(worldsaver)|Gastrodon-East, M|100\/100\n|move|p1a: Nidoqueen|Toxic Spikes|p2a: Squoop(worldsaver)\n|-sidestart|p2: Eeveekid10|move: Toxic Spikes\n|\n|upkeep\n|turn|4\n|\n|t:|1613212769\n|switch|p1a: Mandibuzz|Mandibuzz, F|100\/100\n|move|p2a: Squoop(worldsaver)|Substitute|p2a: Squoop(worldsaver)\n|-start|p2a: Squoop(worldsaver)|Substitute\n|-damage|p2a: Squoop(worldsaver)|76\/100\n|\n|-heal|p2a: Squoop(worldsaver)|82\/100|[from] item: Leftovers\n|upkeep\n|turn|5\n|\n|t:|1613212773\n|move|p1a: Mandibuzz|Brave Bird|p2a: Squoop(worldsaver)\n|-end|p2a: Squoop(worldsaver)|Substitute\n|-damage|p1a: Mandibuzz|92\/100|[from] Recoil|[of] p2a: Squoop(worldsaver)\n|move|p2a: Squoop(worldsaver)|Toxic|p1a: Mandibuzz\n|-status|p1a: Mandibuzz|tox\n|\n|-heal|p1a: Mandibuzz|98\/100 tox|[from] item: Leftovers\n|-heal|p2a: Squoop(worldsaver)|88\/100|[from] item: Leftovers\n|-damage|p1a: Mandibuzz|92\/100 tox|[from] psn\n|upkeep\n|turn|6\n|\n|t:|1613212779\n|move|p1a: Mandibuzz|Knock Off|p2a: Squoop(worldsaver)\n|-damage|p2a: Squoop(worldsaver)|64\/100\n|-enditem|p2a: Squoop(worldsaver)|Leftovers|[from] move: Knock Off|[of] p1a: Mandibuzz\n|move|p2a: Squoop(worldsaver)|Substitute|p2a: Squoop(worldsaver)\n|-start|p2a: Squoop(worldsaver)|Substitute\n|-damage|p2a: Squoop(worldsaver)|39\/100\n|\n|-heal|p1a: Mandibuzz|98\/100 tox|[from] item: Leftovers\n|-damage|p1a: Mandibuzz|86\/100 tox|[from] psn\n|upkeep\n|turn|7\n|j| BellySlaps\n|j| poojit0905\n|\n|t:|1613212795\n|move|p1a: Mandibuzz|Brave Bird|p2a: Squoop(worldsaver)\n|-end|p2a: Squoop(worldsaver)|Substitute\n|-damage|p1a: Mandibuzz|78\/100 tox|[from] Recoil|[of] p2a: Squoop(worldsaver)\n|move|p2a: Squoop(worldsaver)|Recover|p2a: Squoop(worldsaver)\n|-heal|p2a: Squoop(worldsaver)|89\/100\n|\n|-heal|p1a: Mandibuzz|84\/100 tox|[from] item: Leftovers\n|-damage|p1a: Mandibuzz|66\/100 tox|[from] psn\n|upkeep\n|turn|8\n|\n|t:|1613212801\n|switch|p1a: Ditto|Ditto|100\/100\n|-transform|p1a: Ditto|p2a: Squoop(worldsaver)|[from] ability: Imposter\n|move|p2a: Squoop(worldsaver)|Substitute|p2a: Squoop(worldsaver)\n|-start|p2a: Squoop(worldsaver)|Substitute\n|-damage|p2a: Squoop(worldsaver)|64\/100\n|\n|upkeep\n|turn|9\n|\n|t:|1613212809\n|switch|p1a: Vaporeon|Vaporeon, F|100\/100\n|move|p2a: Squoop(worldsaver)|Toxic|p1a: Vaporeon\n|-status|p1a: Vaporeon|tox\n|\n|-damage|p1a: Vaporeon|94\/100 tox|[from] psn\n|upkeep\n|turn|10\n|\n|t:|1613212814\n|move|p1a: Vaporeon|Wish|p1a: Vaporeon\n|move|p2a: Squoop(worldsaver)|Recover|p2a: Squoop(worldsaver)\n|-heal|p2a: Squoop(worldsaver)|100\/100\n|\n|-heal|p1a: Vaporeon|100\/100 tox|[from] item: Leftovers\n|-damage|p1a: Vaporeon|88\/100 tox|[from] psn\n|upkeep\n|turn|11\n|\n|t:|1613212821\n|switch|p1a: Mandibuzz|Mandibuzz, F|66\/100 tox\n|move|p2a: Squoop(worldsaver)|Toxic|p1a: Mandibuzz\n|-fail|p1a: Mandibuzz|tox\n|\n|-heal|p1a: Mandibuzz|100\/100 tox|[from] move: Wish|[wisher] Vaporeon\n|-damage|p1a: Mandibuzz|94\/100 tox|[from] psn\n|upkeep\n|turn|12\n|\n|t:|1613212832\n|switch|p1a: Vaporeon|Vaporeon, F|88\/100 tox\n|move|p2a: Squoop(worldsaver)|Scald|p1a: Vaporeon\n|-heal|p1a: Vaporeon|100\/100 tox|[from] ability: Water Absorb|[of] p2a: Squoop(worldsaver)\n|\n|-damage|p1a: Vaporeon|94\/100 tox|[from] psn\n|upkeep\n|turn|13\n|\n|t:|1613212839\n|switch|p1a: Mandibuzz|Mandibuzz, F|94\/100 tox\n|move|p2a: Squoop(worldsaver)|Recover||[still]\n|-fail|p2a: Squoop(worldsaver)|heal\n|\n|-heal|p1a: Mandibuzz|100\/100 tox|[from] item: Leftovers\n|-damage|p1a: Mandibuzz|94\/100 tox|[from] psn\n|upkeep\n|turn|14\n|c| Trainer. Sar|very smart\n|\n|t:|1613212855\n|switch|p1a: Vaporeon|Vaporeon, F|94\/100 tox\n|switch|p2a: Crystal|Vaporeon, M|100\/100\n|-status|p2a: Crystal|psn\n|\n|-heal|p1a: Vaporeon|100\/100 tox|[from] item: Leftovers\n|-damage|p2a: Crystal|88\/100 psn|[from] psn\n|-damage|p1a: Vaporeon|94\/100 tox|[from] psn\n|upkeep\n|turn|15\n|c| AceySkyLine|isnt squoop from jaiden animations nuzzlocke?\n|c|\u2606Eeveekid10|Yup\n|c| AceySkyLine|or however u english it\n|\n|t:|1613212868\n|move|p2a: Crystal|Toxic|p1a: Vaporeon\n|-fail|p1a: Vaporeon|tox\n|move|p1a: Vaporeon|Heal Bell|p1a: Vaporeon\n|-activate|p1a: Vaporeon|move: Heal Bell\n|-curestatus|p1a: Vaporeon|tox|[msg]\n|-curestatus|p1: Mandibuzz|tox|[msg]\n|\n|-heal|p2a: Crystal|94\/100 psn|[from] item: Leftovers\n|-heal|p1a: Vaporeon|100\/100|[from] item: Leftovers\n|-damage|p2a: Crystal|82\/100 psn|[from] psn\n|upkeep\n|turn|16\n|inactive|Chickpiee has 120 seconds left.\n|inactive|Eeveekid10 has 120 seconds left.\n|\n|t:|1613212905\n|switch|p2a: Starfall|Espeon, M|100\/100\n|-status|p2a: Starfall|psn\n|switch|p1a: Registeel|Registeel|100\/100\n|\n|-damage|p2a: Starfall|88\/100 psn|[from] psn\n|upkeep\n|turn|17\n|\n|t:|1613212912\n|move|p2a: Starfall|Trick|p1a: Registeel\n|-activate|p2a: Starfall|move: Trick|[of] p1a: Registeel\n|-item|p1a: Registeel|Choice Scarf|[from] move: Trick\n|-item|p2a: Starfall|Leftovers|[from] move: Trick\n|move|p1a: Registeel|Seismic Toss|p2a: Starfall\n|-damage|p2a: Starfall|51\/100 psn\n|\n|-heal|p2a: Starfall|57\/100 psn|[from] item: Leftovers\n|-damage|p2a: Starfall|45\/100 psn|[from] psn\n|upkeep\n|turn|18\n|inactive|Chickpiee has 120 seconds left.\n|\n|t:|1613212928\n|move|p2a: Starfall|Calm Mind|p2a: Starfall\n|-boost|p2a: Starfall|spa|1\n|-boost|p2a: Starfall|spd|1\n|move|p1a: Registeel|Seismic Toss|p2a: Starfall\n|-damage|p2a: Starfall|8\/100 psn\n|\n|-heal|p2a: Starfall|14\/100 psn|[from] item: Leftovers\n|-damage|p2a: Starfall|2\/100 psn|[from] psn\n|upkeep\n|turn|19\n|\n|t:|1613212937\n|move|p2a: Starfall|Psychic|p1a: Registeel\n|-resisted|p1a: Registeel\n|-damage|p1a: Registeel|84\/100\n|move|p1a: Registeel|Seismic Toss|p2a: Starfall\n|-damage|p2a: Starfall|0 fnt\n|faint|p2a: Starfall\n|\n|upkeep\n|\n|t:|1613212946\n|switch|p2a: Trace|Luxray, M|100\/100\n|-status|p2a: Trace|psn\n|turn|20\n|c|\u2606Eeveekid10|Ion deluge!\n|inactive|Chickpiee has 120 seconds left.\n|\n|t:|1613212971\n|move|p2a: Trace|Facade|p1a: Registeel\n|-resisted|p1a: Registeel\n|-damage|p1a: Registeel|59\/100\n|move|p1a: Registeel|Seismic Toss|p2a: Trace\n|-damage|p2a: Trace|67\/100 psn\n|\n|-damage|p2a: Trace|55\/100 psn|[from] psn\n|upkeep\n|turn|21\n|\n|t:|1613212980\n|switch|p2a: Flash|Ampharos-Mega, M|83\/100\n|-status|p2a: Flash|psn\n|-ability|p2a: Flash|Mold Breaker\n|move|p1a: Registeel|Seismic Toss|p2a: Flash\n|-damage|p2a: Flash|57\/100 psn\n|\n|-damage|p2a: Flash|45\/100 psn|[from] psn\n|upkeep\n|turn|22\n|\n|t:|1613212990\n|move|p2a: Flash|Ion Deluge|p2a: Flash\n|-fieldactivate|move: Ion Deluge\n|move|p1a: Registeel|Seismic Toss|p2a: Flash\n|-damage|p2a: Flash|19\/100 psn\n|\n|-damage|p2a: Flash|6\/100 psn|[from] psn\n|upkeep\n|turn|23\n|\n|t:|1613212995\n|move|p1a: Registeel|Seismic Toss|p2a: Flash\n|-damage|p2a: Flash|0 fnt\n|faint|p2a: Flash\n|\n|upkeep\n|\n|t:|1613212998\n|switch|p2a: Trace|Luxray, M|55\/100 psn\n|turn|24\n|\n|t:|1613213017\n|move|p2a: Trace|Facade|p1a: Registeel\n|-resisted|p1a: Registeel\n|-damage|p1a: Registeel|35\/100\n|move|p1a: Registeel|Seismic Toss|p2a: Trace\n|-damage|p2a: Trace|22\/100 psn\n|\n|-damage|p2a: Trace|9\/100 psn|[from] psn\n|upkeep\n|turn|25\n|inactive|Eeveekid10 has 120 seconds left.\n|c|\u2606Eeveekid10|I miscalculated oops\n|j| aadit2005\n|inactive|Eeveekid10 has 90 seconds left.\n|\n|t:|1613213081\n|move|p2a: Trace|Fire Fang|p1a: Registeel\n|-supereffective|p1a: Registeel\n|-damage|p1a: Registeel|0 fnt\n|faint|p1a: Registeel\n|\n|-damage|p2a: Trace|0 fnt|[from] psn\n|faint|p2a: Trace\n|upkeep\n|c| BellySlaps|ion deluge is only for the same turn you use it\n|inactive|Eeveekid10 has 90 seconds left.\n|\n|t:|1613213092\n|switch|p2a: Squoop(worldsaver)|Gastrodon-East, M|100\/100\n|switch|p1a: Necrozma|Necrozma|100\/100\n|-status|p2a: Squoop(worldsaver)|psn\n|turn|26\n|c|\u2606Eeveekid10|BellySlaps Thats what i miscalculated\n|inactive|Chickpiee has 120 seconds left.\n|l| aadit2005\n|l| goku22194\n|inactive|Chickpiee has 90 seconds left.\n|l| BellySlaps\n|l| AceySkyLine\n|\n|t:|1613213180\n|move|p1a: Necrozma|Calm Mind|p1a: Necrozma\n|-boost|p1a: Necrozma|spa|1\n|-boost|p1a: Necrozma|spd|1\n|move|p2a: Squoop(worldsaver)|Substitute|p2a: Squoop(worldsaver)\n|-start|p2a: Squoop(worldsaver)|Substitute\n|-damage|p2a: Squoop(worldsaver)|76\/100 psn\n|\n|-damage|p2a: Squoop(worldsaver)|63\/100 psn|[from] psn\n|upkeep\n|turn|27\n|inactive|Eeveekid10 has 90 seconds left.\n|\n|t:|1613213205\n|move|p1a: Necrozma|Photon Geyser|p2a: Squoop(worldsaver)\n|-end|p2a: Squoop(worldsaver)|Substitute\n|move|p2a: Squoop(worldsaver)|Recover|p2a: Squoop(worldsaver)\n|-heal|p2a: Squoop(worldsaver)|100\/100 psn\n|\n|-damage|p2a: Squoop(worldsaver)|88\/100 psn|[from] psn\n|upkeep\n|turn|28\n|\n|t:|1613213212\n|-zpower|p1a: Necrozma\n|move|p1a: Necrozma|Shattered Psyche|p2a: Squoop(worldsaver)|[zeffect]\n|-damage|p2a: Squoop(worldsaver)|12\/100 psn\n|move|p2a: Squoop(worldsaver)|Toxic|p1a: Necrozma|[miss]\n|-miss|p2a: Squoop(worldsaver)|p1a: Necrozma\n|\n|-damage|p2a: Squoop(worldsaver)|0 fnt|[from] psn\n|faint|p2a: Squoop(worldsaver)\n|upkeep\n|j| M0nk3\n|\n|t:|1613213225\n|switch|p2a: Crystal|Vaporeon, M|82\/100 psn\n|turn|29\n|inactive|Chickpiee has 90 seconds left.\n|j| zokua\n|\n|t:|1613213240\n|move|p2a: Crystal|Protect|p2a: Crystal\n|-singleturn|p2a: Crystal|Protect\n|move|p1a: Necrozma|Photon Geyser|p2a: Crystal\n|-activate|p2a: Crystal|move: Protect\n|\n|-heal|p2a: Crystal|88\/100 psn|[from] item: Leftovers\n|-damage|p2a: Crystal|76\/100 psn|[from] psn\n|upkeep\n|turn|30\n|l| zokua\n|inactive|Eeveekid10 has 90 seconds left.\n|j| SavageAnthem\n|\n|t:|1613213247\n|move|p1a: Necrozma|Photon Geyser|p2a: Crystal\n|-damage|p2a: Crystal|31\/100 psn\n|move|p2a: Crystal|Substitute|p2a: Crystal\n|-start|p2a: Crystal|Substitute\n|-damage|p2a: Crystal|6\/100 psn\n|\n|-heal|p2a: Crystal|12\/100 psn|[from] item: Leftovers\n|-damage|p2a: Crystal|0 fnt|[from] psn\n|faint|p2a: Crystal\n|upkeep\n|\n|t:|1613213250\n|switch|p2a: Grace\/Its me|Glaceon, M|100\/100\n|-status|p2a: Grace\/Its me|psn\n|turn|31\n|-message|Eeveekid10 forfeited.\n|\n|win|Chickpiee\n|n|\u2606Chickpiee|chickpiee\n|n|\u2606Eeveekid10|eeveekid10\n|n|*Lady Monita|ladymonita\n|n| rainbowjewel|rainbowjewel\n|n| JessPMP|jesspmp\n|n| Trainer. Sar|trainersar\n|n| Antiotaku Master|antiotakumaster\n|n| inconnnnnn|inconnnnnn\n|n| Arnavgupta|arnavgupta\n|n| poojit0905|poojit0905\n|n| M0nk3|m0nk3\n|n| SavageAnthem|savageanthem\n","uploadtime":1613213255,"views":31,"p1id":"chickpiee","p2id":"eeveekid10","formatid":"gen7ru","rating":0,"private":0,"password":null}