{"id":"gen7ou-1680299996","p1":"bilabong","p2":"Pok et Glace","format":"gen7ou","log":"|j|\u2606bilabong\n|j|\u2606Pok et Glace\n|t:|1665176809\n|gametype|singles\n|player|p1|bilabong|101|1681\n|player|p2|Pok et Glace|cynthia-masters|1757\n|teamsize|p1|6\n|teamsize|p2|6\n|gen|7\n|tier|[Gen 7] OU\n|rated|\n|rule|Sleep Clause Mod: Limit one foe put to sleep\n|rule|Species Clause: Limit one of each Pok\u00e9mon\n|rule|OHKO Clause: OHKO moves are banned\n|rule|Moody Clause: Moody is banned\n|rule|Evasion Items Clause: Evasion items are banned\n|rule|Evasion Moves Clause: Evasion moves are banned\n|rule|Endless Battle Clause: Forcing endless battles is banned\n|rule|HP Percentage Mod: HP is shown in percentages\n|clearpoke\n|poke|p1|Ferrothorn, M|item\n|poke|p1|Garchomp, F|item\n|poke|p1|Gliscor, F|item\n|poke|p1|Mawile, F|item\n|poke|p1|Tapu Koko|item\n|poke|p1|Greninja, M|item\n|poke|p2|Landorus-Therian, M|item\n|poke|p2|Ferrothorn, M|item\n|poke|p2|Blacephalon|item\n|poke|p2|Tapu Fini|item\n|poke|p2|Lopunny, M|item\n|poke|p2|Porygon-Z|item\n|teampreview\n|\n|t:|1665176852\n|start\n|switch|p1a: Tapu Koko|Tapu Koko|100\/100\n|switch|p2a: Enten|Landorus-Therian, M, shiny|100\/100\n|-fieldstart|move: Electric Terrain|[from] ability: Electric Surge|[of] p1a: Tapu Koko\n|-ability|p2a: Enten|Intimidate|boost\n|-unboost|p1a: Tapu Koko|atk|1\n|turn|1\n|\n|t:|1665176863\n|switch|p1a: Gliscor|Gliscor, F|100\/100\n|switch|p2a: Temple|Ferrothorn, M|100\/100\n|\n|-status|p1a: Gliscor|tox|[from] item: Toxic Orb\n|upkeep\n|turn|2\n|\n|t:|1665176882\n|move|p1a: Gliscor|Knock Off|p2a: Temple\n|-damage|p2a: Temple|84\/100\n|-damage|p1a: Gliscor|88\/100 tox|[from] ability: Iron Barbs|[of] p2a: Temple\n|-enditem|p2a: Temple|Shed Shell|[from] move: Knock Off|[of] p1a: Gliscor\n|move|p2a: Temple|Leech Seed|p1a: Gliscor\n|-start|p1a: Gliscor|move: Leech Seed\n|\n|-damage|p1a: Gliscor|75\/100 tox|[from] Leech Seed|[of] p2a: Temple\n|-heal|p2a: Temple|97\/100|[silent]\n|-heal|p1a: Gliscor|88\/100 tox|[from] ability: Poison Heal\n|upkeep\n|turn|3\n|\n|t:|1665176894\n|switch|p1a: Garchomp|Garchomp, F|100\/100\n|move|p2a: Temple|Spikes|p1a: Garchomp\n|-sidestart|p1: bilabong|Spikes\n|\n|upkeep\n|turn|4\n|\n|t:|1665176931\n|move|p1a: Garchomp|Stealth Rock|p2a: Temple\n|-sidestart|p2: Pok et Glace|move: Stealth Rock\n|move|p2a: Temple|Leech Seed|p1a: Garchomp\n|-start|p1a: Garchomp|move: Leech Seed\n|\n|-damage|p1a: Garchomp|88\/100|[from] Leech Seed|[of] p2a: Temple\n|-heal|p2a: Temple|100\/100|[silent]\n|upkeep\n|turn|5\n|\n|t:|1665176940\n|switch|p1a: Ferrothorn|Ferrothorn, M|100\/100\n|-damage|p1a: Ferrothorn|88\/100|[from] Spikes\n|switch|p2a: Enten|Landorus-Therian, M, shiny|100\/100\n|-damage|p2a: Enten|88\/100|[from] Stealth Rock\n|-ability|p2a: Enten|Intimidate|boost\n|-unboost|p1a: Ferrothorn|atk|1\n|\n|-heal|p2a: Enten|94\/100|[from] item: Leftovers\n|-heal|p1a: Ferrothorn|94\/100|[from] item: Leftovers\n|-fieldend|move: Electric Terrain\n|upkeep\n|turn|6\n|\n|t:|1665176953\n|move|p2a: Enten|Earthquake|p1a: Ferrothorn\n|-damage|p1a: Ferrothorn|60\/100\n|move|p1a: Ferrothorn|Spikes|p2a: Enten\n|-sidestart|p2: Pok et Glace|Spikes\n|\n|-heal|p2a: Enten|99\/100|[from] item: Leftovers\n|-heal|p1a: Ferrothorn|66\/100|[from] item: Leftovers\n|upkeep\n|turn|7\n|\n|t:|1665176963\n|move|p2a: Enten|U-turn|p1a: Ferrothorn\n|-damage|p1a: Ferrothorn|50\/100\n|-damage|p2a: Enten|88\/100|[from] ability: Iron Barbs|[of] p1a: Ferrothorn\n|\n|t:|1665176968\n|switch|p2a: Temple|Ferrothorn, M|100\/100|[from]move: U-turn\n|-damage|p2a: Temple|95\/100|[from] Stealth Rock\n|-damage|p2a: Temple|82\/100|[from] Spikes\n|move|p1a: Ferrothorn|Leech Seed|p2a: Temple\n|-immune|p2a: Temple\n|\n|-heal|p1a: Ferrothorn|57\/100|[from] item: Leftovers\n|upkeep\n|turn|8\n|\n|t:|1665176980\n|move|p2a: Temple|Spikes|p1a: Ferrothorn\n|-sidestart|p1: bilabong|Spikes\n|move|p1a: Ferrothorn|Spikes|p2a: Temple\n|-sidestart|p2: Pok et Glace|Spikes\n|\n|-heal|p1a: Ferrothorn|63\/100|[from] item: Leftovers\n|upkeep\n|turn|9\n|\n|t:|1665176987\n|move|p2a: Temple|Thunder Wave|p1a: Ferrothorn|[miss]\n|-miss|p2a: Temple|p1a: Ferrothorn\n|move|p1a: Ferrothorn|Spikes|p2a: Temple\n|-sidestart|p2: Pok et Glace|Spikes\n|\n|-heal|p1a: Ferrothorn|69\/100|[from] item: Leftovers\n|upkeep\n|turn|10\n|\n|t:|1665177000\n|switch|p1a: Gliscor|Gliscor, F|88\/100 tox\n|move|p2a: Temple|Leech Seed|p1a: Gliscor|[miss]\n|-miss|p2a: Temple|p1a: Gliscor\n|\n|-heal|p1a: Gliscor|100\/100 tox|[from] ability: Poison Heal\n|upkeep\n|turn|11\n|\n|t:|1665177010\n|move|p1a: Gliscor|Earthquake|p2a: Temple\n|-damage|p2a: Temple|57\/100\n|move|p2a: Temple|Leech Seed|p1a: Gliscor\n|-start|p1a: Gliscor|move: Leech Seed\n|\n|-damage|p1a: Gliscor|88\/100 tox|[from] Leech Seed|[of] p2a: Temple\n|-heal|p2a: Temple|69\/100|[silent]\n|-heal|p1a: Gliscor|100\/100 tox|[from] ability: Poison Heal\n|upkeep\n|turn|12\n|\n|t:|1665177021\n|move|p1a: Gliscor|Earthquake|p2a: Temple\n|-damage|p2a: Temple|43\/100\n|move|p2a: Temple|Spikes|p1a: Gliscor\n|-sidestart|p1: bilabong|Spikes\n|\n|-damage|p1a: Gliscor|88\/100 tox|[from] Leech Seed|[of] p2a: Temple\n|-heal|p2a: Temple|55\/100|[silent]\n|-heal|p1a: Gliscor|100\/100 tox|[from] ability: Poison Heal\n|upkeep\n|turn|13\n|\n|t:|1665177035\n|switch|p2a: Enten|Landorus-Therian, M, shiny|88\/100\n|-damage|p2a: Enten|76\/100|[from] Stealth Rock\n|-ability|p2a: Enten|Intimidate|boost\n|-unboost|p1a: Gliscor|atk|1\n|move|p1a: Gliscor|Knock Off|p2a: Enten\n|-damage|p2a: Enten|65\/100\n|-enditem|p2a: Enten|Leftovers|[from] move: Knock Off|[of] p1a: Gliscor\n|\n|-damage|p1a: Gliscor|88\/100 tox|[from] Leech Seed|[of] p2a: Enten\n|-heal|p2a: Enten|76\/100|[silent]\n|-heal|p1a: Gliscor|100\/100 tox|[from] ability: Poison Heal\n|upkeep\n|turn|14\n|\n|t:|1665177052\n|switch|p1a: Garchomp|Garchomp, F|88\/100\n|-damage|p1a: Garchomp|63\/100|[from] Spikes\n|move|p2a: Enten|Stealth Rock|p1a: Garchomp\n|-sidestart|p1: bilabong|move: Stealth Rock\n|\n|-heal|p1a: Garchomp|69\/100|[from] item: Leftovers\n|upkeep\n|turn|15\n|\n|t:|1665177062\n|move|p2a: Enten|Earthquake|p1a: Garchomp\n|-damage|p1a: Garchomp|39\/100\n|move|p1a: Garchomp|Dragon Tail|p2a: Enten\n|-damage|p2a: Enten|55\/100\n|drag|p2a: Genesis|Lopunny, M, shiny|100\/100\n|-damage|p2a: Genesis|88\/100|[from] Stealth Rock\n|-damage|p2a: Genesis|63\/100|[from] Spikes\n|\n|-heal|p1a: Garchomp|45\/100|[from] item: Leftovers\n|upkeep\n|turn|16\n|\n|t:|1665177076\n|detailschange|p2a: Genesis|Lopunny-Mega, M, shiny\n|-mega|p2a: Genesis|Lopunny|Lopunnite\n|move|p2a: Genesis|High Jump Kick|p1a: Garchomp\n|-damage|p1a: Garchomp|0 fnt\n|-damage|p2a: Genesis|50\/100|[from] ability: Rough Skin|[of] p1a: Garchomp\n|faint|p1a: Garchomp\n|\n|upkeep\n|\n|t:|1665177087\n|switch|p1a: Mawile|Mawile, F|100\/100\n|-damage|p1a: Mawile|76\/100|[from] Spikes\n|-damage|p1a: Mawile|70\/100|[from] Stealth Rock\n|-ability|p1a: Mawile|Intimidate|boost\n|-unboost|p2a: Genesis|atk|1\n|turn|17\n|\n|t:|1665177094\n|switch|p2a: Enten|Landorus-Therian, M, shiny|55\/100\n|-damage|p2a: Enten|42\/100|[from] Stealth Rock\n|-ability|p2a: Enten|Intimidate|boost\n|-unboost|p1a: Mawile|atk|1\n|detailschange|p1a: Mawile|Mawile-Mega, F\n|-mega|p1a: Mawile|Mawile|Mawilite\n|move|p1a: Mawile|Play Rough|p2a: Enten\n|-damage|p2a: Enten|0 fnt\n|faint|p2a: Enten\n|\n|upkeep\n|j| uindetru\n|\n|t:|1665177138\n|switch|p2a: Calamity|Tapu Fini|100\/100\n|-damage|p2a: Calamity|88\/100|[from] Stealth Rock\n|-damage|p2a: Calamity|63\/100|[from] Spikes\n|-fieldstart|move: Misty Terrain|[from] ability: Misty Surge|[of] p2a: Calamity\n|turn|18\n|\n|t:|1665177145\n|move|p2a: Calamity|Surf|p1a: Mawile\n|-damage|p1a: Mawile|31\/100\n|move|p1a: Mawile|Knock Off|p2a: Calamity\n|-resisted|p2a: Calamity\n|-damage|p2a: Calamity|48\/100\n|-enditem|p2a: Calamity|Leftovers|[from] move: Knock Off|[of] p1a: Mawile\n|\n|upkeep\n|turn|19\n|\n|t:|1665177161\n|move|p1a: Mawile|Sucker Punch|p2a: Calamity\n|-resisted|p2a: Calamity\n|-damage|p2a: Calamity|37\/100\n|move|p2a: Calamity|Surf|p1a: Mawile\n|-damage|p1a: Mawile|0 fnt\n|faint|p1a: Mawile\n|\n|upkeep\n|\n|t:|1665177169\n|switch|p1a: Tapu Koko|Tapu Koko|100\/100\n|-damage|p1a: Tapu Koko|76\/100|[from] Spikes\n|-damage|p1a: Tapu Koko|63\/100|[from] Stealth Rock\n|-fieldstart|move: Electric Terrain|[from] ability: Electric Surge|[of] p1a: Tapu Koko\n|turn|20\n|\n|t:|1665177177\n|move|p1a: Tapu Koko|Thunderbolt|p2a: Calamity\n|-supereffective|p2a: Calamity\n|-damage|p2a: Calamity|0 fnt\n|faint|p2a: Calamity\n|\n|upkeep\n|\n|t:|1665177180\n|switch|p2a: Genesis|Lopunny-Mega, M, shiny|50\/100\n|-damage|p2a: Genesis|44\/100|[from] Stealth Rock\n|-damage|p2a: Genesis|19\/100|[from] Spikes\n|turn|21\n|\n|t:|1665177189\n|move|p2a: Genesis|Frustration|p1a: Tapu Koko\n|-damage|p1a: Tapu Koko|0 fnt\n|faint|p1a: Tapu Koko\n|\n|upkeep\n|\n|t:|1665177196\n|switch|p1a: Greninja|Greninja, M|100\/100\n|-damage|p1a: Greninja|76\/100|[from] Spikes\n|-damage|p1a: Greninja|63\/100|[from] Stealth Rock\n|turn|22\n|\n|t:|1665177202\n|switch|p2a: Temple|Ferrothorn, M|55\/100\n|-damage|p2a: Temple|49\/100|[from] Stealth Rock\n|-damage|p2a: Temple|24\/100|[from] Spikes\n|move|p1a: Greninja|Water Shuriken|p2a: Temple\n|-resisted|p2a: Temple\n|-damage|p2a: Temple|21\/100\n|-resisted|p2a: Temple\n|-damage|p2a: Temple|18\/100\n|-resisted|p2a: Temple\n|-damage|p2a: Temple|14\/100\n|-hitcount|p2a: Temple|3\n|\n|upkeep\n|turn|23\n|\n|t:|1665177215\n|switch|p1a: Ferrothorn|Ferrothorn, M|69\/100\n|-damage|p1a: Ferrothorn|44\/100|[from] Spikes\n|-damage|p1a: Ferrothorn|38\/100|[from] Stealth Rock\n|move|p2a: Temple|Leech Seed|p1a: Ferrothorn\n|-immune|p1a: Ferrothorn\n|\n|-heal|p1a: Ferrothorn|44\/100|[from] item: Leftovers\n|upkeep\n|turn|24\n|\n|t:|1665177227\n|move|p2a: Temple|Thunder Wave|p1a: Ferrothorn\n|-status|p1a: Ferrothorn|par\n|move|p1a: Ferrothorn|Leech Seed|p2a: Temple\n|-immune|p2a: Temple\n|\n|-heal|p1a: Ferrothorn|50\/100 par|[from] item: Leftovers\n|-fieldend|move: Electric Terrain\n|upkeep\n|turn|25\n|\n|t:|1665177262\n|switch|p2a: Genesis|Lopunny-Mega, M, shiny|19\/100\n|-damage|p2a: Genesis|13\/100|[from] Stealth Rock\n|-damage|p2a: Genesis|0 fnt|[from] Spikes\n|faint|p2a: Genesis\n|move|p1a: Ferrothorn|Leech Seed|p2: Genesis|[notarget]\n|-fail|p1a: Ferrothorn\n|\n|-heal|p1a: Ferrothorn|57\/100 par|[from] item: Leftovers\n|upkeep\n|\n|t:|1665177264\n|switch|p2a: Porygon-Z|Porygon-Z|100\/100\n|-damage|p2a: Porygon-Z|88\/100|[from] Stealth Rock\n|-damage|p2a: Porygon-Z|64\/100|[from] Spikes\n|turn|26\n|\n|t:|1665177277\n|-zpower|p2a: Porygon-Z\n|move|p2a: Porygon-Z|Z-Conversion|p2a: Porygon-Z|[anim]Conversion\n|-boost|p2a: Porygon-Z|atk|1|[zeffect]\n|-boost|p2a: Porygon-Z|def|1|[zeffect]\n|-boost|p2a: Porygon-Z|spa|1|[zeffect]\n|-boost|p2a: Porygon-Z|spd|1|[zeffect]\n|-boost|p2a: Porygon-Z|spe|1|[zeffect]\n|-start|p2a: Porygon-Z|typechange|Electric\n|move|p1a: Ferrothorn|Leech Seed|p2a: Porygon-Z\n|-start|p2a: Porygon-Z|move: Leech Seed\n|\n|-heal|p1a: Ferrothorn|63\/100 par|[from] item: Leftovers\n|-damage|p2a: Porygon-Z|51\/100|[from] Leech Seed|[of] p1a: Ferrothorn\n|-heal|p1a: Ferrothorn|74\/100 par|[silent]\n|upkeep\n|turn|27\n|\n|t:|1665177292\n|move|p1a: Ferrothorn|Protect|p1a: Ferrothorn\n|-singleturn|p1a: Ferrothorn|Protect\n|move|p2a: Porygon-Z|Ice Beam|p1a: Ferrothorn\n|-activate|p1a: Ferrothorn|move: Protect\n|\n|-heal|p1a: Ferrothorn|80\/100 par|[from] item: Leftovers\n|-damage|p2a: Porygon-Z|39\/100|[from] Leech Seed|[of] p1a: Ferrothorn\n|-heal|p1a: Ferrothorn|91\/100 par|[silent]\n|upkeep\n|turn|28\n|\n|t:|1665177330\n|move|p2a: Porygon-Z|Recover|p2a: Porygon-Z\n|-heal|p2a: Porygon-Z|89\/100\n|cant|p1a: Ferrothorn|par\n|\n|-heal|p1a: Ferrothorn|97\/100 par|[from] item: Leftovers\n|-damage|p2a: Porygon-Z|77\/100|[from] Leech Seed|[of] p1a: Ferrothorn\n|-heal|p1a: Ferrothorn|100\/100 par|[silent]\n|upkeep\n|turn|29\n|\n|t:|1665177341\n|cant|p1a: Ferrothorn|par\n|move|p2a: Porygon-Z|Ice Beam|p1a: Ferrothorn\n|-damage|p1a: Ferrothorn|68\/100 par\n|\n|-heal|p1a: Ferrothorn|74\/100 par|[from] item: Leftovers\n|-damage|p2a: Porygon-Z|65\/100|[from] Leech Seed|[of] p1a: Ferrothorn\n|-heal|p1a: Ferrothorn|85\/100 par|[silent]\n|upkeep\n|turn|30\n|\n|t:|1665177351\n|move|p2a: Porygon-Z|Recover|p2a: Porygon-Z\n|-heal|p2a: Porygon-Z|100\/100\n|move|p1a: Ferrothorn|Gyro Ball|p2a: Porygon-Z\n|-resisted|p2a: Porygon-Z\n|-damage|p2a: Porygon-Z|76\/100\n|\n|-heal|p1a: Ferrothorn|91\/100 par|[from] item: Leftovers\n|-damage|p2a: Porygon-Z|64\/100|[from] Leech Seed|[of] p1a: Ferrothorn\n|-heal|p1a: Ferrothorn|100\/100 par|[silent]\n|upkeep\n|turn|31\n|\n|t:|1665177362\n|move|p2a: Porygon-Z|Ice Beam|p1a: Ferrothorn\n|-damage|p1a: Ferrothorn|72\/100 par\n|move|p1a: Ferrothorn|Leech Seed||[still]\n|-fail|p1a: Ferrothorn\n|\n|-heal|p1a: Ferrothorn|78\/100 par|[from] item: Leftovers\n|-damage|p2a: Porygon-Z|52\/100|[from] Leech Seed|[of] p1a: Ferrothorn\n|-heal|p1a: Ferrothorn|89\/100 par|[silent]\n|upkeep\n|turn|32\n|\n|t:|1665177385\n|move|p2a: Porygon-Z|Ice Beam|p1a: Ferrothorn\n|-damage|p1a: Ferrothorn|57\/100 par\n|move|p1a: Ferrothorn|Gyro Ball|p2a: Porygon-Z\n|-resisted|p2a: Porygon-Z\n|-damage|p2a: Porygon-Z|28\/100\n|\n|-heal|p1a: Ferrothorn|63\/100 par|[from] item: Leftovers\n|-damage|p2a: Porygon-Z|16\/100|[from] Leech Seed|[of] p1a: Ferrothorn\n|-heal|p1a: Ferrothorn|74\/100 par|[silent]\n|upkeep\n|turn|33\n|\n|t:|1665177396\n|move|p2a: Porygon-Z|Recover|p2a: Porygon-Z\n|-heal|p2a: Porygon-Z|66\/100\n|cant|p1a: Ferrothorn|par\n|\n|-heal|p1a: Ferrothorn|80\/100 par|[from] item: Leftovers\n|-damage|p2a: Porygon-Z|54\/100|[from] Leech Seed|[of] p1a: Ferrothorn\n|-heal|p1a: Ferrothorn|91\/100 par|[silent]\n|upkeep\n|turn|34\n|\n|t:|1665177406\n|move|p1a: Ferrothorn|Protect|p1a: Ferrothorn\n|-singleturn|p1a: Ferrothorn|Protect\n|move|p2a: Porygon-Z|Ice Beam|p1a: Ferrothorn\n|-activate|p1a: Ferrothorn|move: Protect\n|\n|-heal|p1a: Ferrothorn|97\/100 par|[from] item: Leftovers\n|-damage|p2a: Porygon-Z|41\/100|[from] Leech Seed|[of] p1a: Ferrothorn\n|-heal|p1a: Ferrothorn|100\/100 par|[silent]\n|upkeep\n|turn|35\n|\n|t:|1665177419\n|move|p2a: Porygon-Z|Ice Beam|p1a: Ferrothorn\n|-damage|p1a: Ferrothorn|70\/100 par\n|move|p1a: Ferrothorn|Gyro Ball|p2a: Porygon-Z\n|-resisted|p2a: Porygon-Z\n|-damage|p2a: Porygon-Z|16\/100\n|\n|-heal|p1a: Ferrothorn|76\/100 par|[from] item: Leftovers\n|-damage|p2a: Porygon-Z|4\/100|[from] Leech Seed|[of] p1a: Ferrothorn\n|-heal|p1a: Ferrothorn|87\/100 par|[silent]\n|upkeep\n|turn|36\n|\n|t:|1665177436\n|move|p2a: Porygon-Z|Recover|p2a: Porygon-Z\n|-heal|p2a: Porygon-Z|54\/100\n|move|p1a: Ferrothorn|Spikes||[still]\n|-fail|p1a: Ferrothorn\n|\n|-heal|p1a: Ferrothorn|93\/100 par|[from] item: Leftovers\n|-damage|p2a: Porygon-Z|42\/100|[from] Leech Seed|[of] p1a: Ferrothorn\n|-heal|p1a: Ferrothorn|100\/100 par|[silent]\n|upkeep\n|turn|37\n|\n|t:|1665177446\n|move|p2a: Porygon-Z|Thunderbolt|p1a: Ferrothorn\n|-resisted|p1a: Ferrothorn\n|-damage|p1a: Ferrothorn|70\/100 par\n|move|p1a: Ferrothorn|Gyro Ball|p2a: Porygon-Z\n|-resisted|p2a: Porygon-Z\n|-damage|p2a: Porygon-Z|16\/100\n|\n|-heal|p1a: Ferrothorn|76\/100 par|[from] item: Leftovers\n|-damage|p2a: Porygon-Z|4\/100|[from] Leech Seed|[of] p1a: Ferrothorn\n|-heal|p1a: Ferrothorn|87\/100 par|[silent]\n|upkeep\n|turn|38\n|\n|t:|1665177460\n|switch|p1a: Gliscor|Gliscor, F|100\/100 tox\n|-damage|p1a: Gliscor|88\/100 tox|[from] Stealth Rock\n|move|p2a: Porygon-Z|Recover|p2a: Porygon-Z\n|-heal|p2a: Porygon-Z|54\/100\n|\n|-damage|p2a: Porygon-Z|42\/100|[from] Leech Seed|[of] p1a: Gliscor\n|-heal|p1a: Gliscor|99\/100 tox|[silent]\n|-heal|p1a: Gliscor|100\/100 tox|[from] ability: Poison Heal\n|upkeep\n|turn|39\n|\n|t:|1665177472\n|switch|p1a: Ferrothorn|Ferrothorn, M|87\/100 par\n|-damage|p1a: Ferrothorn|62\/100 par|[from] Spikes\n|-damage|p1a: Ferrothorn|56\/100 par|[from] Stealth Rock\n|move|p2a: Porygon-Z|Ice Beam|p1a: Ferrothorn\n|-damage|p1a: Ferrothorn|27\/100 par\n|\n|-heal|p1a: Ferrothorn|34\/100 par|[from] item: Leftovers\n|-damage|p2a: Porygon-Z|29\/100|[from] Leech Seed|[of] p1a: Ferrothorn\n|-heal|p1a: Ferrothorn|45\/100 par|[silent]\n|upkeep\n|turn|40\n|\n|t:|1665177485\n|move|p2a: Porygon-Z|Recover|p2a: Porygon-Z\n|-heal|p2a: Porygon-Z|80\/100\n|move|p1a: Ferrothorn|Gyro Ball|p2a: Porygon-Z\n|-resisted|p2a: Porygon-Z\n|-damage|p2a: Porygon-Z|55\/100\n|\n|-heal|p1a: Ferrothorn|51\/100 par|[from] item: Leftovers\n|-damage|p2a: Porygon-Z|43\/100|[from] Leech Seed|[of] p1a: Ferrothorn\n|-heal|p1a: Ferrothorn|62\/100 par|[silent]\n|upkeep\n|turn|41\n|\n|t:|1665177497\n|cant|p1a: Ferrothorn|par\n|move|p2a: Porygon-Z|Ice Beam|p1a: Ferrothorn\n|-damage|p1a: Ferrothorn|32\/100 par\n|\n|-heal|p1a: Ferrothorn|38\/100 par|[from] item: Leftovers\n|-damage|p2a: Porygon-Z|31\/100|[from] Leech Seed|[of] p1a: Ferrothorn\n|-heal|p1a: Ferrothorn|49\/100 par|[silent]\n|upkeep\n|turn|42\n|\n|t:|1665177510\n|move|p2a: Porygon-Z|Recover|p2a: Porygon-Z\n|-heal|p2a: Porygon-Z|81\/100\n|move|p1a: Ferrothorn|Gyro Ball|p2a: Porygon-Z\n|-resisted|p2a: Porygon-Z\n|-damage|p2a: Porygon-Z|57\/100\n|\n|-heal|p1a: Ferrothorn|55\/100 par|[from] item: Leftovers\n|-damage|p2a: Porygon-Z|45\/100|[from] Leech Seed|[of] p1a: Ferrothorn\n|-heal|p1a: Ferrothorn|66\/100 par|[silent]\n|upkeep\n|turn|43\n|\n|t:|1665177520\n|move|p2a: Porygon-Z|Thunderbolt|p1a: Ferrothorn\n|-resisted|p1a: Ferrothorn\n|-damage|p1a: Ferrothorn|37\/100 par\n|cant|p1a: Ferrothorn|par\n|\n|-heal|p1a: Ferrothorn|43\/100 par|[from] item: Leftovers\n|-damage|p2a: Porygon-Z|33\/100|[from] Leech Seed|[of] p1a: Ferrothorn\n|-heal|p1a: Ferrothorn|54\/100 par|[silent]\n|upkeep\n|turn|44\n|\n|t:|1665177530\n|move|p2a: Porygon-Z|Recover|p2a: Porygon-Z\n|-heal|p2a: Porygon-Z|83\/100\n|move|p1a: Ferrothorn|Leech Seed||[still]\n|-fail|p1a: Ferrothorn\n|\n|-heal|p1a: Ferrothorn|60\/100 par|[from] item: Leftovers\n|-damage|p2a: Porygon-Z|71\/100|[from] Leech Seed|[of] p1a: Ferrothorn\n|-heal|p1a: Ferrothorn|71\/100 par|[silent]\n|upkeep\n|turn|45\n|\n|t:|1665177540\n|move|p1a: Ferrothorn|Protect|p1a: Ferrothorn\n|-singleturn|p1a: Ferrothorn|Protect\n|move|p2a: Porygon-Z|Thunderbolt|p1a: Ferrothorn\n|-activate|p1a: Ferrothorn|move: Protect\n|\n|-heal|p1a: Ferrothorn|77\/100 par|[from] item: Leftovers\n|-damage|p2a: Porygon-Z|58\/100|[from] Leech Seed|[of] p1a: Ferrothorn\n|-heal|p1a: Ferrothorn|88\/100 par|[silent]\n|upkeep\n|turn|46\n|\n|t:|1665177550\n|move|p2a: Porygon-Z|Thunderbolt|p1a: Ferrothorn\n|-resisted|p1a: Ferrothorn\n|-damage|p1a: Ferrothorn|59\/100 par\n|move|p1a: Ferrothorn|Spikes||[still]\n|-fail|p1a: Ferrothorn\n|\n|-heal|p1a: Ferrothorn|65\/100 par|[from] item: Leftovers\n|-damage|p2a: Porygon-Z|46\/100|[from] Leech Seed|[of] p1a: Ferrothorn\n|-heal|p1a: Ferrothorn|76\/100 par|[silent]\n|upkeep\n|turn|47\n|\n|t:|1665177561\n|move|p2a: Porygon-Z|Thunderbolt|p1a: Ferrothorn\n|-resisted|p1a: Ferrothorn\n|-damage|p1a: Ferrothorn|46\/100 par\n|move|p1a: Ferrothorn|Spikes||[still]\n|-fail|p1a: Ferrothorn\n|\n|-heal|p1a: Ferrothorn|52\/100 par|[from] item: Leftovers\n|-damage|p2a: Porygon-Z|34\/100|[from] Leech Seed|[of] p1a: Ferrothorn\n|-heal|p1a: Ferrothorn|63\/100 par|[silent]\n|upkeep\n|turn|48\n|\n|t:|1665177571\n|move|p2a: Porygon-Z|Recover|p2a: Porygon-Z\n|-heal|p2a: Porygon-Z|84\/100\n|move|p1a: Ferrothorn|Leech Seed||[still]\n|-fail|p1a: Ferrothorn\n|\n|-heal|p1a: Ferrothorn|70\/100 par|[from] item: Leftovers\n|-damage|p2a: Porygon-Z|72\/100|[from] Leech Seed|[of] p1a: Ferrothorn\n|-heal|p1a: Ferrothorn|80\/100 par|[silent]\n|upkeep\n|turn|49\n|\n|t:|1665177580\n|move|p1a: Ferrothorn|Protect|p1a: Ferrothorn\n|-singleturn|p1a: Ferrothorn|Protect\n|move|p2a: Porygon-Z|Thunderbolt|p1a: Ferrothorn\n|-activate|p1a: Ferrothorn|move: Protect\n|\n|-heal|p1a: Ferrothorn|87\/100 par|[from] item: Leftovers\n|-damage|p2a: Porygon-Z|60\/100|[from] Leech Seed|[of] p1a: Ferrothorn\n|-heal|p1a: Ferrothorn|97\/100 par|[silent]\n|upkeep\n|turn|50\n|\n|t:|1665177591\n|move|p2a: Porygon-Z|Thunderbolt|p1a: Ferrothorn\n|-resisted|p1a: Ferrothorn\n|-crit|p1a: Ferrothorn\n|-damage|p1a: Ferrothorn|49\/100 par\n|cant|p1a: Ferrothorn|par\n|\n|-heal|p1a: Ferrothorn|55\/100 par|[from] item: Leftovers\n|-damage|p2a: Porygon-Z|47\/100|[from] Leech Seed|[of] p1a: Ferrothorn\n|-heal|p1a: Ferrothorn|66\/100 par|[silent]\n|upkeep\n|turn|51\n|inactive|Battle timer is ON: inactive players will automatically lose when time's up. (requested by Pok et Glace)\n|\n|t:|1665177601\n|move|p2a: Porygon-Z|Thunderbolt|p1a: Ferrothorn\n|-resisted|p1a: Ferrothorn\n|-crit|p1a: Ferrothorn\n|-damage|p1a: Ferrothorn|17\/100 par\n|move|p1a: Ferrothorn|Gyro Ball|p2a: Porygon-Z\n|-resisted|p2a: Porygon-Z\n|-damage|p2a: Porygon-Z|24\/100\n|\n|-heal|p1a: Ferrothorn|23\/100 par|[from] item: Leftovers\n|-damage|p2a: Porygon-Z|11\/100|[from] Leech Seed|[of] p1a: Ferrothorn\n|-heal|p1a: Ferrothorn|34\/100 par|[silent]\n|upkeep\n|turn|52\n|\n|t:|1665177614\n|move|p2a: Porygon-Z|Recover|p2a: Porygon-Z\n|-heal|p2a: Porygon-Z|62\/100\n|move|p1a: Ferrothorn|Gyro Ball|p2a: Porygon-Z\n|-resisted|p2a: Porygon-Z\n|-damage|p2a: Porygon-Z|38\/100\n|\n|-heal|p1a: Ferrothorn|40\/100 par|[from] item: Leftovers\n|-damage|p2a: Porygon-Z|26\/100|[from] Leech Seed|[of] p1a: Ferrothorn\n|-heal|p1a: Ferrothorn|51\/100 par|[silent]\n|upkeep\n|turn|53\n|\n|t:|1665177624\n|move|p1a: Ferrothorn|Protect|p1a: Ferrothorn\n|-singleturn|p1a: Ferrothorn|Protect\n|move|p2a: Porygon-Z|Recover|p2a: Porygon-Z\n|-heal|p2a: Porygon-Z|76\/100\n|\n|-heal|p1a: Ferrothorn|57\/100 par|[from] item: Leftovers\n|-damage|p2a: Porygon-Z|64\/100|[from] Leech Seed|[of] p1a: Ferrothorn\n|-heal|p1a: Ferrothorn|68\/100 par|[silent]\n|upkeep\n|turn|54\n|\n|t:|1665177633\n|move|p2a: Porygon-Z|Thunderbolt|p1a: Ferrothorn\n|-resisted|p1a: Ferrothorn\n|-damage|p1a: Ferrothorn|35\/100 par\n|move|p1a: Ferrothorn|Leech Seed||[still]\n|-fail|p1a: Ferrothorn\n|\n|-heal|p1a: Ferrothorn|42\/100 par|[from] item: Leftovers\n|-damage|p2a: Porygon-Z|52\/100|[from] Leech Seed|[of] p1a: Ferrothorn\n|-heal|p1a: Ferrothorn|52\/100 par|[silent]\n|upkeep\n|turn|55\n|\n|t:|1665177643\n|cant|p1a: Ferrothorn|par\n|move|p2a: Porygon-Z|Ice Beam|p1a: Ferrothorn\n|-damage|p1a: Ferrothorn|20\/100 par\n|\n|-heal|p1a: Ferrothorn|26\/100 par|[from] item: Leftovers\n|-damage|p2a: Porygon-Z|40\/100|[from] Leech Seed|[of] p1a: Ferrothorn\n|-heal|p1a: Ferrothorn|37\/100 par|[silent]\n|upkeep\n|turn|56\n|\n|t:|1665177653\n|cant|p1a: Ferrothorn|par\n|move|p2a: Porygon-Z|Recover|p2a: Porygon-Z\n|-heal|p2a: Porygon-Z|90\/100\n|\n|-heal|p1a: Ferrothorn|43\/100 par|[from] item: Leftovers\n|-damage|p2a: Porygon-Z|78\/100|[from] Leech Seed|[of] p1a: Ferrothorn\n|-heal|p1a: Ferrothorn|54\/100 par|[silent]\n|upkeep\n|turn|57\n|\n|t:|1665177662\n|move|p1a: Ferrothorn|Protect|p1a: Ferrothorn\n|-singleturn|p1a: Ferrothorn|Protect\n|move|p2a: Porygon-Z|Thunderbolt|p1a: Ferrothorn\n|-activate|p1a: Ferrothorn|move: Protect\n|\n|-heal|p1a: Ferrothorn|60\/100 par|[from] item: Leftovers\n|-damage|p2a: Porygon-Z|65\/100|[from] Leech Seed|[of] p1a: Ferrothorn\n|-heal|p1a: Ferrothorn|71\/100 par|[silent]\n|upkeep\n|turn|58\n|\n|t:|1665177673\n|move|p2a: Porygon-Z|Thunderbolt|p1a: Ferrothorn\n|-resisted|p1a: Ferrothorn\n|-damage|p1a: Ferrothorn|42\/100 par\n|cant|p1a: Ferrothorn|par\n|\n|-heal|p1a: Ferrothorn|48\/100 par|[from] item: Leftovers\n|-damage|p2a: Porygon-Z|53\/100|[from] Leech Seed|[of] p1a: Ferrothorn\n|-heal|p1a: Ferrothorn|59\/100 par|[silent]\n|upkeep\n|turn|59\n|\n|t:|1665177683\n|move|p1a: Ferrothorn|Protect|p1a: Ferrothorn\n|-singleturn|p1a: Ferrothorn|Protect\n|move|p2a: Porygon-Z|Ice Beam|p1a: Ferrothorn\n|-activate|p1a: Ferrothorn|move: Protect\n|\n|-heal|p1a: Ferrothorn|65\/100 par|[from] item: Leftovers\n|-damage|p2a: Porygon-Z|41\/100|[from] Leech Seed|[of] p1a: Ferrothorn\n|-heal|p1a: Ferrothorn|76\/100 par|[silent]\n|upkeep\n|turn|60\n|\n|t:|1665177693\n|move|p2a: Porygon-Z|Thunderbolt|p1a: Ferrothorn\n|-resisted|p1a: Ferrothorn\n|-damage|p1a: Ferrothorn|46\/100 par\n|move|p1a: Ferrothorn|Spikes||[still]\n|-fail|p1a: Ferrothorn\n|\n|-heal|p1a: Ferrothorn|52\/100 par|[from] item: Leftovers\n|-damage|p2a: Porygon-Z|29\/100|[from] Leech Seed|[of] p1a: Ferrothorn\n|-heal|p1a: Ferrothorn|63\/100 par|[silent]\n|upkeep\n|turn|61\n|\n|t:|1665177706\n|cant|p1a: Ferrothorn|par\n|move|p2a: Porygon-Z|Recover|p2a: Porygon-Z\n|-heal|p2a: Porygon-Z|79\/100\n|\n|-heal|p1a: Ferrothorn|69\/100 par|[from] item: Leftovers\n|-damage|p2a: Porygon-Z|67\/100|[from] Leech Seed|[of] p1a: Ferrothorn\n|-heal|p1a: Ferrothorn|80\/100 par|[silent]\n|upkeep\n|turn|62\n|\n|t:|1665177716\n|move|p1a: Ferrothorn|Protect|p1a: Ferrothorn\n|-singleturn|p1a: Ferrothorn|Protect\n|move|p2a: Porygon-Z|Conversion||[still]\n|-fail|p2a: Porygon-Z\n|\n|-heal|p1a: Ferrothorn|86\/100 par|[from] item: Leftovers\n|-damage|p2a: Porygon-Z|55\/100|[from] Leech Seed|[of] p1a: Ferrothorn\n|-heal|p1a: Ferrothorn|97\/100 par|[silent]\n|upkeep\n|turn|63\n|\n|t:|1665177725\n|move|p2a: Porygon-Z|Thunderbolt|p1a: Ferrothorn\n|-resisted|p1a: Ferrothorn\n|-damage|p1a: Ferrothorn|68\/100 par\n|move|p1a: Ferrothorn|Spikes||[still]\n|-fail|p1a: Ferrothorn\n|\n|-heal|p1a: Ferrothorn|74\/100 par|[from] item: Leftovers\n|-damage|p2a: Porygon-Z|42\/100|[from] Leech Seed|[of] p1a: Ferrothorn\n|-heal|p1a: Ferrothorn|85\/100 par|[silent]\n|upkeep\n|turn|64\n|inactive|Pok et Glace has 120 seconds left.\n|\n|t:|1665177761\n|move|p2a: Porygon-Z|Ice Beam|p1a: Ferrothorn\n|-damage|p1a: Ferrothorn|53\/100 par\n|move|p1a: Ferrothorn|Spikes||[still]\n|-fail|p1a: Ferrothorn\n|\n|-heal|p1a: Ferrothorn|59\/100 par|[from] item: Leftovers\n|-damage|p2a: Porygon-Z|30\/100|[from] Leech Seed|[of] p1a: Ferrothorn\n|-heal|p1a: Ferrothorn|70\/100 par|[silent]\n|upkeep\n|turn|65\n|inactive|Pok et Glace has 120 seconds left.\n|\n|t:|1665177771\n|move|p2a: Porygon-Z|Ice Beam|p1a: Ferrothorn\n|-damage|p1a: Ferrothorn|41\/100 par\n|cant|p1a: Ferrothorn|par\n|\n|-heal|p1a: Ferrothorn|48\/100 par|[from] item: Leftovers\n|-damage|p2a: Porygon-Z|18\/100|[from] Leech Seed|[of] p1a: Ferrothorn\n|-heal|p1a: Ferrothorn|58\/100 par|[silent]\n|upkeep\n|turn|66\n|\n|t:|1665177781\n|move|p2a: Porygon-Z|Recover|p2a: Porygon-Z\n|-heal|p2a: Porygon-Z|68\/100\n|move|p1a: Ferrothorn|Spikes||[still]\n|-fail|p1a: Ferrothorn\n|\n|-heal|p1a: Ferrothorn|65\/100 par|[from] item: Leftovers\n|-damage|p2a: Porygon-Z|56\/100|[from] Leech Seed|[of] p1a: Ferrothorn\n|-heal|p1a: Ferrothorn|75\/100 par|[silent]\n|upkeep\n|turn|67\n|\n|t:|1665177790\n|cant|p1a: Ferrothorn|par\n|move|p2a: Porygon-Z|Thunderbolt|p1a: Ferrothorn\n|-resisted|p1a: Ferrothorn\n|-damage|p1a: Ferrothorn|47\/100 par\n|\n|-heal|p1a: Ferrothorn|53\/100 par|[from] item: Leftovers\n|-damage|p2a: Porygon-Z|44\/100|[from] Leech Seed|[of] p1a: Ferrothorn\n|-heal|p1a: Ferrothorn|64\/100 par|[silent]\n|upkeep\n|turn|68\n|\n|t:|1665177801\n|move|p1a: Ferrothorn|Protect|p1a: Ferrothorn\n|-singleturn|p1a: Ferrothorn|Protect\n|move|p2a: Porygon-Z|Thunderbolt|p1a: Ferrothorn\n|-activate|p1a: Ferrothorn|move: Protect\n|\n|-heal|p1a: Ferrothorn|70\/100 par|[from] item: Leftovers\n|-damage|p2a: Porygon-Z|31\/100|[from] Leech Seed|[of] p1a: Ferrothorn\n|-heal|p1a: Ferrothorn|81\/100 par|[silent]\n|upkeep\n|turn|69\n|\n|t:|1665177811\n|move|p2a: Porygon-Z|Thunderbolt|p1a: Ferrothorn\n|-resisted|p1a: Ferrothorn\n|-damage|p1a: Ferrothorn|52\/100 par\n|move|p1a: Ferrothorn|Leech Seed|p2a: Porygon-Z|[miss]\n|-miss|p1a: Ferrothorn|p2a: Porygon-Z\n|\n|-heal|p1a: Ferrothorn|59\/100 par|[from] item: Leftovers\n|-damage|p2a: Porygon-Z|19\/100|[from] Leech Seed|[of] p1a: Ferrothorn\n|-heal|p1a: Ferrothorn|70\/100 par|[silent]\n|upkeep\n|turn|70\n|-message|Pok et Glace forfeited.\n|\n|win|bilabong\n|raw|bilabong's rating: 1681 &rarr; <strong>1705<\/strong><br \/>(+24 for winning)\n|raw|Pok et Glace's rating: 1757 &rarr; <strong>1733<\/strong><br \/>(-24 for losing)\n","uploadtime":1665177836,"views":8,"p1id":"bilabong","p2id":"poketglace","formatid":"gen7ou","rating":1705,"private":0,"password":null}