{"id":"gen7ou-765918707","p1":"Worstsetsever","p2":"The Dora","format":"gen7ou","log":"|j|\u2606Worstsetsever\n|j|\u2606The Dora\n|player|p1|Worstsetsever|1\n|player|p2|The Dora|170\n|teamsize|p1|6\n|teamsize|p2|6\n|gametype|singles\n|gen|7\n|tier|[Gen 7] OU\n|rated|\n|rule|Sleep Clause Mod: Limit one foe put to sleep\n|rule|Species Clause: Limit one of each Pok\u00e9mon\n|rule|OHKO Clause: OHKO moves are banned\n|rule|Moody Clause: Moody is banned\n|rule|Evasion Moves Clause: Evasion moves are banned\n|rule|Endless Battle Clause: Forcing endless battles is banned\n|rule|HP Percentage Mod: HP is shown in percentages\n|clearpoke\n|poke|p1|Heatran, M|item\n|poke|p1|Landorus-Therian, M|item\n|poke|p1|Tangrowth, F|item\n|poke|p1|Charizard, F|item\n|poke|p1|Tapu Koko|item\n|poke|p1|Greninja, F|item\n|poke|p2|Excadrill, M|item\n|poke|p2|Ninetales-Alola, M|item\n|poke|p2|Zygarde|item\n|poke|p2|Gyarados, F|item\n|poke|p2|Magearna|item\n|poke|p2|Tapu Lele|item\n|teampreview\n|inactive|Battle timer is ON: inactive players will automatically lose when time's up. (requested by Worstsetsever)\n|j| I could be 1500s\n|inactive|Worstsetsever has 135 seconds left.\n|\n|start\n|switch|p1a: Charizard|Charizard, F|100\/100\n|switch|p2a: Excadrill|Excadrill, M|100\/100\n|-ability|p2a: Excadrill|Mold Breaker\n|turn|1\n|\n|move|p1a: Charizard|Fire Punch|p2a: Excadrill\n|-supereffective|p2a: Excadrill\n|-damage|p2a: Excadrill|14\/100\n|move|p2a: Excadrill|Stealth Rock|p1a: Charizard\n|-sidestart|p1: Worstsetsever|move: Stealth Rock\n|\n|upkeep\n|turn|2\n|\n|move|p1a: Charizard|Dragon Claw|p2a: Excadrill\n|-resisted|p2a: Excadrill\n|-damage|p2a: Excadrill|0 fnt\n|faint|p2a: Excadrill\n|\n|upkeep\n|\n|switch|p2a: Ninetales|Ninetales-Alola, M|100\/100\n|-weather|Hail|[from] ability: Snow Warning|[of] p2a: Ninetales\n|turn|3\n|\n|detailschange|p1a: Charizard|Charizard-Mega-X, F\n|-mega|p1a: Charizard|Charizard|Charizardite X\n|move|p2a: Ninetales|Aurora Veil|p2a: Ninetales\n|-sidestart|p2: The Dora|move: Aurora Veil\n|move|p1a: Charizard|Dragon Dance|p1a: Charizard\n|-boost|p1a: Charizard|atk|1\n|-boost|p1a: Charizard|spe|1\n|\n|-weather|Hail|[upkeep]\n|-damage|p1a: Charizard|94\/100|[from] Hail\n|upkeep\n|turn|4\n|\n|move|p1a: Charizard|Fire Punch|p2a: Ninetales\n|-supereffective|p2a: Ninetales\n|-damage|p2a: Ninetales|0 fnt\n|faint|p2a: Ninetales\n|\n|-weather|Hail|[upkeep]\n|-damage|p1a: Charizard|88\/100|[from] Hail\n|upkeep\n|inactive|The Dora has 135 seconds left.\n|\n|switch|p2a: Gyarados|Gyarados, F|100\/100\n|-ability|p2a: Gyarados|Intimidate|boost\n|-unboost|p1a: Charizard|atk|1\n|turn|5\n|\n|move|p1a: Charizard|Dragon Dance|p1a: Charizard\n|-boost|p1a: Charizard|atk|1\n|-boost|p1a: Charizard|spe|1\n|move|p2a: Gyarados|Dragon Dance|p2a: Gyarados\n|-boost|p2a: Gyarados|atk|1\n|-boost|p2a: Gyarados|spe|1\n|\n|-weather|Hail|[upkeep]\n|-damage|p1a: Charizard|82\/100|[from] Hail\n|-damage|p2a: Gyarados|94\/100|[from] Hail\n|upkeep\n|turn|6\n|j| Old Stale Meme\n|\n|detailschange|p2a: Gyarados|Gyarados-Mega, F\n|-mega|p2a: Gyarados|Gyarados|Gyaradosite\n|-ability|p2a: Gyarados|Mold Breaker\n|move|p1a: Charizard|Dragon Claw|p2a: Gyarados\n|-damage|p2a: Gyarados|55\/100\n|move|p2a: Gyarados|Earthquake|p1a: Charizard\n|-supereffective|p1a: Charizard\n|-damage|p1a: Charizard|0 fnt\n|faint|p1a: Charizard\n|\n|-weather|Hail|[upkeep]\n|-damage|p2a: Gyarados|49\/100|[from] Hail\n|upkeep\n|inactive|Worstsetsever has 135 seconds left.\n|\n|switch|p1a: Landorus|Landorus-Therian, M|100\/100\n|-damage|p1a: Landorus|88\/100|[from] Stealth Rock\n|-ability|p1a: Landorus|Intimidate|boost\n|-unboost|p2a: Gyarados|atk|1\n|turn|7\n|inactive|The Dora has 135 seconds left.\n|\n|move|p2a: Gyarados|Crunch|p1a: Landorus\n|-damage|p1a: Landorus|53\/100\n|-damage|p2a: Gyarados|32\/100|[from] item: Rocky Helmet|[of] p1a: Landorus\n|move|p1a: Landorus|U-turn|p2a: Gyarados\n|-supereffective|p2a: Gyarados\n|-damage|p2a: Gyarados|10\/100\n|\n|switch|p1a: Greninja|Greninja, F|100\/100\n|-damage|p1a: Greninja|88\/100|[from] Stealth Rock\n|\n|-weather|none\n|upkeep\n|turn|8\n|\n|move|p1a: Greninja|U-turn|p2a: Gyarados\n|-start|p1a: Greninja|typechange|Bug|[from] Protean\n|-supereffective|p2a: Gyarados\n|-damage|p2a: Gyarados|0 fnt\n|faint|p2a: Gyarados\n|\n|switch|p1a: Tangrowth|Tangrowth, F|100\/100\n|-damage|p1a: Tangrowth|88\/100|[from] Stealth Rock\n|\n|upkeep\n|\n|switch|p2a: Tapu Lele|Tapu Lele|100\/100\n|-fieldstart|move: Psychic Terrain|[from] ability: Psychic Surge|[of] p2a: Tapu Lele\n|turn|9\n|\n|switch|p1a: Heatran|Heatran, M|100\/100\n|-damage|p1a: Heatran|88\/100|[from] Stealth Rock\n|move|p2a: Tapu Lele|Calm Mind|p2a: Tapu Lele\n|-boost|p2a: Tapu Lele|spa|1\n|-boost|p2a: Tapu Lele|spd|1\n|\n|-heal|p1a: Heatran|94\/100|[from] item: Leftovers\n|upkeep\n|turn|10\n|inactive|Worstsetsever has 135 seconds left.\n|\n|move|p2a: Tapu Lele|Focus Blast|p1a: Heatran\n|-supereffective|p1a: Heatran\n|-damage|p1a: Heatran|0 fnt\n|faint|p1a: Heatran\n|\n|-sideend|p2: The Dora|move: Aurora Veil\n|upkeep\n|inactive|Worstsetsever has 135 seconds left.\n|\n|switch|p1a: Tapu Koko|Tapu Koko|100\/100\n|-damage|p1a: Tapu Koko|88\/100|[from] Stealth Rock\n|-fieldstart|move: Electric Terrain|[from] ability: Electric Surge|[of] p1a: Tapu Koko\n|turn|11\n|\n|move|p1a: Tapu Koko|Thunderbolt|p2a: Tapu Lele\n|-damage|p2a: Tapu Lele|45\/100\n|move|p2a: Tapu Lele|Psyshock|p1a: Tapu Koko\n|-damage|p1a: Tapu Koko|0 fnt\n|faint|p1a: Tapu Koko\n|\n|upkeep\n|\n|switch|p1a: Greninja|Greninja, F|88\/100\n|-damage|p1a: Greninja|76\/100|[from] Stealth Rock\n|turn|12\n|\n|move|p1a: Greninja|U-turn|p2a: Tapu Lele\n|-start|p1a: Greninja|typechange|Bug|[from] Protean\n|-damage|p2a: Tapu Lele|3\/100\n|\n|switch|p1a: Landorus|Landorus-Therian, M|53\/100\n|-damage|p1a: Landorus|41\/100|[from] Stealth Rock\n|-ability|p1a: Landorus|Intimidate|boost\n|-unboost|p2a: Tapu Lele|atk|1\n|move|p2a: Tapu Lele|Moonblast|p1a: Landorus\n|-damage|p1a: Landorus|0 fnt\n|faint|p1a: Landorus\n|\n|upkeep\n|\n|switch|p1a: Greninja|Greninja, F|76\/100\n|-damage|p1a: Greninja|64\/100|[from] Stealth Rock\n|turn|13\n|inactive|The Dora has 135 seconds left.\n|\n|move|p1a: Greninja|U-turn|p2a: Tapu Lele\n|-start|p1a: Greninja|typechange|Bug|[from] Protean\n|-damage|p2a: Tapu Lele|0 fnt\n|faint|p2a: Tapu Lele\n|inactive|Worstsetsever has 135 seconds left.\n|\n|switch|p1a: Tangrowth|Tangrowth, F|100\/100\n|-damage|p1a: Tangrowth|88\/100|[from] Stealth Rock\n|\n|upkeep\n|\n|switch|p2a: Zygarde|Zygarde|100\/100\n|-ability|p2a: Zygarde|Aura Break\n|turn|14\n|\n|move|p2a: Zygarde|Dragon Dance|p2a: Zygarde\n|-boost|p2a: Zygarde|atk|1\n|-boost|p2a: Zygarde|spe|1\n|move|p1a: Tangrowth|Hidden Power|p2a: Zygarde\n|-supereffective|p2a: Zygarde\n|-damage|p2a: Zygarde|50\/100\n|\n|upkeep\n|turn|15\n|\n|move|p2a: Zygarde|Thousand Arrows|p1a: Tangrowth\n|-resisted|p1a: Tangrowth\n|-damage|p1a: Tangrowth|67\/100\n|move|p1a: Tangrowth|Hidden Power|p2a: Zygarde\n|-supereffective|p2a: Zygarde\n|-damage|p2a: Zygarde|0 fnt\n|faint|p2a: Zygarde\n|\n|-fieldend|move: Electric Terrain\n|upkeep\n|\n|switch|p2a: Magearna|Magearna|100\/100\n|turn|16\n|\n|move|p2a: Magearna|Calm Mind|p2a: Magearna\n|-boost|p2a: Magearna|spa|1\n|-boost|p2a: Magearna|spd|1\n|move|p1a: Tangrowth|Earthquake|p2a: Magearna\n|-supereffective|p2a: Magearna\n|-crit|p2a: Magearna\n|-damage|p2a: Magearna|27\/100\n|\n|-heal|p2a: Magearna|33\/100|[from] item: Leftovers\n|upkeep\n|turn|17\n|\n|move|p2a: Magearna|Ice Beam|p1a: Tangrowth\n|-supereffective|p1a: Tangrowth\n|-damage|p1a: Tangrowth|11\/100\n|move|p1a: Tangrowth|Earthquake|p2a: Magearna\n|-supereffective|p2a: Magearna\n|-crit|p2a: Magearna\n|-damage|p2a: Magearna|0 fnt\n|faint|p2a: Magearna\n|\n|win|Worstsetsever\n|raw|Worstsetsever's rating: 1733 &rarr; <strong>1755<\/strong><br \/>(+22 for winning)\n|raw|The Dora's rating: 1756 &rarr; <strong>1734<\/strong><br \/>(-22 for losing)\n|l|\u2606The Dora\n|l|\u2606Worstsetsever\n","inputlog":null,"uploadtime":1529664039,"views":24,"p1id":"worstsetsever","p2id":"thedora","formatid":"gen7ou","rating":1734,"private":0,"password":null}