{"id":"gen7randombattle-1131944445","p1":"BaddyGames","p2":"Chimtwig","format":"gen7randombattle","log":"|j|\u2606BaddyGames\n|j|\u2606Chimtwig\n|player|p1|BaddyGames|275|\n|player|p2|Chimtwig|byron|\n|teamsize|p1|6\n|teamsize|p2|6\n|gametype|singles\n|gen|7\n|tier|[Gen 7] Random Battle\n|rule|Sleep Clause Mod: Limit one foe put to sleep\n|rule|HP Percentage Mod: HP is shown in percentages\n|\n|start\n|switch|p1a: Xurkitree|Xurkitree, L82|270\/270\n|switch|p2a: Dewgong|Dewgong, L88, F|302\/302\n|turn|1\n|\n|move|p2a: Dewgong|Protect|p2a: Dewgong\n|-singleturn|p2a: Dewgong|Protect\n|move|p1a: Xurkitree|Energy Ball|p2a: Dewgong\n|-activate|p2a: Dewgong|move: Protect\n|\n|upkeep\n|turn|2\n|\n|switch|p2a: Crobat|Crobat, L82, M|274\/274\n|move|p1a: Xurkitree|Thunderbolt|p2a: Crobat\n|-supereffective|p2a: Crobat\n|-damage|p2a: Crobat|0 fnt\n|faint|p2a: Crobat\n|-ability|p1a: Xurkitree|Beast Boost|boost\n|-boost|p1a: Xurkitree|spa|1\n|\n|upkeep\n|c|\u2606Chimtwig|nice read\n|c|\u2606BaddyGames|surprised it doesn't actually have choice scarf though\n|\n|switch|p2a: Tyranitar|Tyranitar, L80, F|291\/291\n|-weather|Sandstorm|[from] ability: Sand Stream|[of] p2a: Tyranitar\n|turn|3\n|c|\u2606Chimtwig|plz live ttar\n|\n|detailschange|p2a: Tyranitar|Tyranitar-Mega, L80, F\n|-mega|p2a: Tyranitar|Tyranitar|Tyranitarite\n|move|p1a: Xurkitree|Energy Ball|p2a: Tyranitar\n|-supereffective|p2a: Tyranitar\n|-damage|p2a: Tyranitar|129\/291\n|move|p2a: Tyranitar|Earthquake|p1a: Xurkitree\n|-supereffective|p1a: Xurkitree\n|-damage|p1a: Xurkitree|36\/270\n|\n|-weather|Sandstorm|[upkeep]\n|-damage|p1a: Xurkitree|20\/270|[from] Sandstorm\n|upkeep\n|turn|4\n|\n|move|p1a: Xurkitree|Energy Ball|p2a: Tyranitar\n|-supereffective|p2a: Tyranitar\n|-damage|p2a: Tyranitar|0 fnt\n|faint|p2a: Tyranitar\n|-ability|p1a: Xurkitree|Beast Boost|boost\n|-boost|p1a: Xurkitree|spa|1\n|\n|-weather|Sandstorm|[upkeep]\n|-damage|p1a: Xurkitree|4\/270|[from] Sandstorm\n|upkeep\n|c|\u2606Chimtwig|good enough\n|\n|switch|p2a: Naganadel|Naganadel, L78|242\/242\n|turn|5\n|\n|move|p2a: Naganadel|Sludge Wave|p1a: Xurkitree\n|-damage|p1a: Xurkitree|0 fnt\n|-damage|p2a: Naganadel|218\/242|[from] item: Life Orb\n|faint|p1a: Xurkitree\n|-ability|p2a: Naganadel|Beast Boost|boost\n|-boost|p2a: Naganadel|spa|1\n|\n|-weather|Sandstorm|[upkeep]\n|-damage|p2a: Naganadel|203\/242|[from] Sandstorm\n|upkeep\n|\n|switch|p1a: Alakazam|Alakazam, L80, M|219\/219\n|turn|6\n|\n|detailschange|p1a: Alakazam|Alakazam-Mega, L80, M\n|-mega|p1a: Alakazam|Alakazam|Alakazite\n|-ability|p1a: Alakazam|Beast Boost|[from] ability: Trace|[of] p2a: Naganadel\n|move|p1a: Alakazam|Psyshock|p2a: Naganadel\n|-supereffective|p2a: Naganadel\n|-damage|p2a: Naganadel|0 fnt\n|faint|p2a: Naganadel\n|-ability|p1a: Alakazam|Beast Boost|boost\n|-boost|p1a: Alakazam|spa|1\n|\n|-weather|Sandstorm|[upkeep]\n|-damage|p1a: Alakazam|206\/219|[from] Sandstorm\n|upkeep\n|\n|switch|p2a: Dewgong|Dewgong, L88, F|302\/302\n|turn|7\n|\n|move|p1a: Alakazam|Substitute|p1a: Alakazam\n|-start|p1a: Alakazam|Substitute\n|-damage|p1a: Alakazam|152\/219\n|move|p2a: Dewgong|Ice Beam|p1a: Alakazam\n|-end|p1a: Alakazam|Substitute\n|\n|-weather|none\n|upkeep\n|turn|8\n|\n|move|p1a: Alakazam|Focus Blast|p2a: Dewgong|[miss]\n|-miss|p1a: Alakazam|p2a: Dewgong\n|move|p2a: Dewgong|Ice Beam|p1a: Alakazam\n|-crit|p1a: Alakazam\n|-damage|p1a: Alakazam|34\/219\n|\n|upkeep\n|turn|9\n|\n|move|p1a: Alakazam|Focus Blast|p2a: Dewgong\n|-supereffective|p2a: Dewgong\n|-damage|p2a: Dewgong|0 fnt\n|faint|p2a: Dewgong\n|-ability|p1a: Alakazam|Beast Boost|boost\n|-boost|p1a: Alakazam|spa|1\n|\n|upkeep\n|\n|switch|p2a: Kyogre|Kyogre, L78|284\/284\n|detailschange|p2a: Kyogre|Kyogre-Primal, L78\n|-primal|p2a: Kyogre\n|-weather|PrimordialSea|[from] ability: Primordial Sea|[of] p2a: Kyogre\n|turn|10\n|\n|move|p1a: Alakazam|Psyshock|p2a: Kyogre\n|-damage|p2a: Kyogre|10\/284\n|move|p2a: Kyogre|Scald|p1a: Alakazam\n|-damage|p1a: Alakazam|0 fnt\n|faint|p1a: Alakazam\n|\n|-weather|PrimordialSea|[upkeep]\n|upkeep\n|\n|switch|p1a: Ludicolo|Ludicolo, L88, F|284\/284\n|turn|11\n|\n|move|p1a: Ludicolo|Giga Drain|p2a: Kyogre\n|-supereffective|p2a: Kyogre\n|-damage|p2a: Kyogre|0 fnt\n|-damage|p1a: Ludicolo|256\/284|[from] item: Life Orb\n|faint|p2a: Kyogre\n|-weather|none\n|\n|upkeep\n|c|\u2606Chimtwig|how r u faster tho\n|c|\u2606Chimtwig|my speed is past ur max\n|c|\u2606BaddyGames|swift swim\n|c|\u2606Chimtwig|oh yea affected u too\n|\n|switch|p2a: Exeggutor|Exeggutor-Alola, L86, F|304\/304\n|-item|p1a: Ludicolo|Life Orb|[from] ability: Frisk|[of] p2a: Exeggutor|[identify]\n|turn|12\n|\n|move|p1a: Ludicolo|Scald|p2a: Exeggutor\n|-resisted|p2a: Exeggutor\n|-damage|p2a: Exeggutor|270\/304\n|-status|p2a: Exeggutor|brn\n|-damage|p1a: Ludicolo|228\/284|[from] item: Life Orb\n|move|p2a: Exeggutor|Giga Drain|p1a: Ludicolo\n|-damage|p1a: Ludicolo|111\/284\n|-heal|p2a: Exeggutor|304\/304 brn|[from] drain|[of] p1a: Ludicolo\n|-damage|p2a: Exeggutor|274\/304 brn|[from] item: Life Orb\n|\n|-damage|p2a: Exeggutor|255\/304 brn|[from] brn\n|upkeep\n|turn|13\n|\n|switch|p1a: Rapidash|Rapidash, L88, M|258\/258\n|move|p2a: Exeggutor|Giga Drain|p1a: Rapidash\n|-resisted|p1a: Rapidash\n|-damage|p1a: Rapidash|196\/258\n|-heal|p2a: Exeggutor|286\/304 brn|[from] drain|[of] p1a: Rapidash\n|-damage|p2a: Exeggutor|256\/304 brn|[from] item: Life Orb\n|\n|-damage|p2a: Exeggutor|237\/304 brn|[from] brn\n|upkeep\n|turn|14\n|\n|move|p1a: Rapidash|Flare Blitz|p2a: Exeggutor\n|-damage|p2a: Exeggutor|49\/304 brn\n|-damage|p1a: Rapidash|134\/258|[from] Recoil\n|-damage|p1a: Rapidash|109\/258|[from] item: Life Orb\n|move|p2a: Exeggutor|Draco Meteor|p1a: Rapidash\n|-damage|p1a: Rapidash|0 fnt\n|-unboost|p2a: Exeggutor|spa|2\n|-damage|p2a: Exeggutor|19\/304 brn|[from] item: Life Orb\n|faint|p1a: Rapidash\n|\n|-damage|p2a: Exeggutor|0 fnt|[from] brn\n|faint|p2a: Exeggutor\n|\n|win|BaddyGames\n|upkeep\n|c|\u2606Chimtwig|gg\n|c|\u2606BaddyGames|gg\n","inputlog":">version e1649a2dfaa61a80f5a5f70e20f6f26ae4cc4115\n>version-origin 70ab234f1d71fd2bc2b4c543cd0d0a1110b8e06b\n>start {\"formatid\":\"gen7randombattle\",\"seed\":[6107,58860,62256,330]}\n>player p1 {\"name\":\"BaddyGames\",\"avatar\":\"275\",\"team\":\"\",\"rating\":0,\"seed\":[34674,1589,13153,32491]}\n>player p2 {\"name\":\"Chimtwig\",\"avatar\":\"byron\",\"team\":\"\",\"rating\":0,\"seed\":[56704,40558,56247,56815]}\n>p1 move energyball\n>p2 move protect\n>p1 move thunderbolt\n>p2 switch 6\n>p2 switch 5\n>p1 move energyball\n>p2 move earthquake mega\n>p1 move energyball\n>p2 move earthquake\n>p2 switch 2\n>p1 move thunderbolt\n>p2 move sludgewave\n>p1 switch 3\n>p1 move psyshock mega\n>p2 move fireblast\n>p2 switch 6\n>p1 move substitute\n>p2 move icebeam\n>p1 move focusblast\n>p2 move icebeam\n>p1 move focusblast\n>p2 move icebeam\n>p2 switch 4\n>p1 move psyshock\n>p2 move scald\n>p1 switch 2\n>p1 move gigadrain\n>p2 move thunder\n>p2 switch 3\n>p1 move scald\n>p2 move gigadrain\n>p1 switch 4\n>p2 move gigadrain\n>p1 move flareblitz\n>p2 move dracometeor","uploadtime":1592052109,"views":10,"p1id":"baddygames","p2id":"chimtwig","formatid":"gen7randombattle","rating":0,"private":0,"password":null}