{"id":"gen7uu-778568886","p1":"OGamer289","p2":"IzlyMoney","format":"gen7uu","log":"|j|\u2606OGamer289\n|j|\u2606IzlyMoney\n|player|p1|OGamer289|153\n|player|p2|IzlyMoney|12\n|teamsize|p1|6\n|teamsize|p2|6\n|gametype|singles\n|gen|7\n|tier|[Gen 7] UU\n|rated|\n|rule|Sleep Clause Mod: Limit one foe put to sleep\n|rule|Species Clause: Limit one of each Pok\u00e9mon\n|rule|OHKO Clause: OHKO moves are banned\n|rule|Moody Clause: Moody is banned\n|rule|Evasion Moves Clause: Evasion moves are banned\n|rule|Endless Battle Clause: Forcing endless battles is banned\n|rule|HP Percentage Mod: HP is shown in percentages\n|clearpoke\n|poke|p1|Aerodactyl, M|item\n|poke|p1|Porygon2|item\n|poke|p1|Mamoswine, M|item\n|poke|p1|Cobalion|item\n|poke|p1|Latias, F|item\n|poke|p1|Darmanitan, M|item\n|poke|p2|Aurorus, F|item\n|poke|p2|Sandslash-Alola, M|item\n|poke|p2|Kommo-o, M|item\n|poke|p2|Manectric, F|item\n|poke|p2|Chandelure, M|item\n|poke|p2|Linoone, M|item\n|teampreview\n|\n|start\n|switch|p1a: Ape San|Darmanitan, M, shiny|100\/100\n|switch|p2a: Kazan|Chandelure, M, shiny|100\/100\n|turn|1\n|\n|switch|p2a: Aurorus|Aurorus, F|100\/100\n|-weather|Hail|[from] ability: Snow Warning|[of] p2a: Aurorus\n|move|p1a: Ape San|Earthquake|p2a: Aurorus\n|-supereffective|p2a: Aurorus\n|-damage|p2a: Aurorus|29\/100\n|\n|-weather|Hail|[upkeep]\n|-damage|p1a: Ape San|95\/100|[from] Hail\n|upkeep\n|turn|2\n|\n|move|p1a: Ape San|Earthquake|p2a: Aurorus\n|-supereffective|p2a: Aurorus\n|-damage|p2a: Aurorus|0 fnt\n|faint|p2a: Aurorus\n|\n|-weather|Hail|[upkeep]\n|-damage|p1a: Ape San|89\/100|[from] Hail\n|upkeep\n|\n|switch|p2a: Sandslash|Sandslash-Alola, M|100\/100\n|turn|3\n|\n|move|p2a: Sandslash|Aurora Veil|p2a: Sandslash\n|-sidestart|p2: IzlyMoney|move: Aurora Veil\n|move|p1a: Ape San|Earthquake|p2a: Sandslash\n|-supereffective|p2a: Sandslash\n|-damage|p2a: Sandslash|63\/100\n|\n|-weather|Hail|[upkeep]\n|-damage|p1a: Ape San|83\/100|[from] Hail\n|upkeep\n|turn|4\n|\n|move|p2a: Sandslash|Earthquake|p1a: Ape San\n|-supereffective|p1a: Ape San\n|-damage|p1a: Ape San|0 fnt\n|faint|p1a: Ape San\n|\n|-weather|Hail|[upkeep]\n|upkeep\n|\n|switch|p1a: Ritter|Cobalion|100\/100\n|turn|5\n|\n|switch|p2a: Manectric|Manectric, F|100\/100\n|move|p1a: Ritter|Iron Head|p2a: Manectric\n|-resisted|p2a: Manectric\n|-damage|p2a: Manectric|85\/100\n|\n|-weather|none\n|upkeep\n|turn|6\n|\n|switch|p1a: Lati2|Latias, F|100\/100\n|detailschange|p2a: Manectric|Manectric-Mega, F\n|-mega|p2a: Manectric|Manectric|Manectite\n|-ability|p2a: Manectric|Intimidate|boost\n|-unboost|p1a: Lati2|atk|1\n|move|p2a: Manectric|Overheat|p1a: Lati2\n|-resisted|p1a: Lati2\n|-damage|p1a: Lati2|84\/100\n|-unboost|p2a: Manectric|spa|2\n|\n|upkeep\n|turn|7\n|\n|move|p2a: Manectric|Volt Switch|p1a: Lati2\n|-resisted|p1a: Lati2\n|-damage|p1a: Lati2|77\/100\n|\n|switch|p2a: Kazan|Chandelure, M, shiny|100\/100\n|move|p1a: Lati2|Psyshock|p2a: Kazan\n|-damage|p2a: Kazan|74\/100\n|\n|upkeep\n|turn|8\n|\n|switch|p1a: SchattenTurnier|Porygon2|100\/100\n|-ability|p1a: SchattenTurnier|Flash Fire|[from] ability: Trace|[of] p2a: Kazan\n|move|p2a: Kazan|Memento|p1a: SchattenTurnier\n|-unboost|p1a: SchattenTurnier|atk|2\n|-unboost|p1a: SchattenTurnier|spa|2\n|faint|p2a: Kazan\n|\n|upkeep\n|\n|switch|p2a: Kommo-o|Kommo-o, M|100\/100\n|turn|9\n|\n|move|p2a: Kommo-o|Substitute|p2a: Kommo-o\n|-start|p2a: Kommo-o|Substitute\n|-damage|p2a: Kommo-o|75\/100\n|move|p1a: SchattenTurnier|Toxic|p2a: Kommo-o\n|-fail|p2a: Kommo-o\n|\n|upkeep\n|turn|10\n|\n|move|p2a: Kommo-o|Belly Drum|p2a: Kommo-o\n|-damage|p2a: Kommo-o|25\/100\n|-setboost|p2a: Kommo-o|atk|6|[from] move: Belly Drum\n|-enditem|p2a: Kommo-o|Salac Berry|[eat]\n|-boost|p2a: Kommo-o|spe|1\n|move|p1a: SchattenTurnier|Ice Beam|p2a: Kommo-o\n|-supereffective|p2a: Kommo-o\n|-activate|p2a: Kommo-o|move: Substitute|[damage]\n|\n|-sideend|p2: IzlyMoney|move: Aurora Veil\n|upkeep\n|turn|11\n|\n|move|p2a: Kommo-o|Drain Punch|p1a: SchattenTurnier\n|-supereffective|p1a: SchattenTurnier\n|-damage|p1a: SchattenTurnier|0 fnt\n|-heal|p2a: Kommo-o|88\/100|[from] drain|[of] p1a: SchattenTurnier\n|faint|p1a: SchattenTurnier\n|\n|upkeep\n|\n|switch|p1a: Lati2|Latias, F|77\/100\n|turn|12\n|\n|move|p2a: Kommo-o|Drain Punch|p1a: Lati2\n|-resisted|p1a: Lati2\n|-damage|p1a: Lati2|3\/100\n|-heal|p2a: Kommo-o|100\/100|[from] drain|[of] p1a: Lati2\n|move|p1a: Lati2|Psyshock|p2a: Kommo-o\n|-supereffective|p2a: Kommo-o\n|-end|p2a: Kommo-o|Substitute\n|\n|upkeep\n|turn|13\n|\n|move|p2a: Kommo-o|Drain Punch|p1a: Lati2\n|-resisted|p1a: Lati2\n|-damage|p1a: Lati2|0 fnt\n|faint|p1a: Lati2\n|\n|upkeep\n|\n|switch|p1a: Dactylus|Aerodactyl, M|100\/100\n|turn|14\n|\n|detailschange|p1a: Dactylus|Aerodactyl-Mega, M\n|-mega|p1a: Dactylus|Aerodactyl|Aerodactylite\n|move|p2a: Kommo-o|Thunder Punch|p1a: Dactylus\n|-supereffective|p1a: Dactylus\n|-damage|p1a: Dactylus|0 fnt\n|faint|p1a: Dactylus\n|\n|upkeep\n|\n|switch|p1a: Manni|Mamoswine, M|100\/100\n|turn|15\n|\n|move|p1a: Manni|Ice Shard|p2a: Kommo-o\n|-supereffective|p2a: Kommo-o\n|-damage|p2a: Kommo-o|45\/100\n|-damage|p1a: Manni|91\/100|[from] item: Life Orb\n|move|p2a: Kommo-o|Drain Punch|p1a: Manni\n|-supereffective|p1a: Manni\n|-damage|p1a: Manni|0 fnt\n|-heal|p2a: Kommo-o|99\/100|[from] drain|[of] p1a: Manni\n|faint|p1a: Manni\n|\n|upkeep\n|\n|switch|p1a: Ritter|Cobalion|100\/100\n|turn|16\n|-message|OGamer289 forfeited.\n|\n|win|IzlyMoney\n|l|\u2606OGamer289\n|raw|OGamer289's rating: 1427 &rarr; <strong>1410<\/strong><br \/>(-17 for losing)\n|raw|IzlyMoney's rating: 1481 &rarr; <strong>1498<\/strong><br \/>(+17 for winning)\n","inputlog":null,"uploadtime":1532102786,"views":6,"p1id":"ogamer289","p2id":"izlymoney","formatid":"gen7uu","rating":1410,"private":0,"password":null}