{"id":"gen7ou-1154480644","p1":"IsaiasVeras","p2":"Hajmola","format":"gen7ou","log":"|j|\u2606IsaiasVeras\n|j|\u2606Hajmola\n|player|p1|IsaiasVeras|richboy|1160\n|player|p2|Hajmola|pokefan|1181\n|teamsize|p1|6\n|teamsize|p2|6\n|gametype|singles\n|gen|7\n|tier|[Gen 7] OU\n|rated|\n|clearpoke\n|poke|p1|Scizor, M|item\n|poke|p1|Celesteela|item\n|poke|p1|Chandelure, M|item\n|poke|p1|Chansey, F|item\n|poke|p1|Gliscor, F|item\n|poke|p1|Rotom-Wash|item\n|poke|p2|Diancie|item\n|poke|p2|Kyurem-Black|item\n|poke|p2|Serperior, M|item\n|poke|p2|Gliscor, M|item\n|poke|p2|Victini|item\n|poke|p2|Keldeo|item\n|rule|Sleep Clause Mod: Limit one foe put to sleep\n|rule|Species Clause: Limit one of each Pok\u00e9mon\n|rule|OHKO Clause: OHKO moves are banned\n|rule|Moody Clause: Moody is banned\n|rule|Evasion Moves Clause: Evasion moves are banned\n|rule|Endless Battle Clause: Forcing endless battles is banned\n|rule|HP Percentage Mod: HP is shown in percentages\n|teampreview\n|inactive|Battle timer is ON: inactive players will automatically lose when time's up. (requested by Hajmola)\n|\n|start\n|switch|p1a: Celesteela|Celesteela|100\/100\n|switch|p2a: Kyurem|Kyurem-Black, shiny|100\/100\n|-ability|p2a: Kyurem|Teravolt\n|turn|1\n|inactive|Hajmola has 120 seconds left.\n|\n|switch|p1a: Chandelure|Chandelure, M|100\/100\n|move|p2a: Kyurem|Ice Beam|p1a: Chandelure\n|-resisted|p1a: Chandelure\n|-damage|p1a: Chandelure|57\/100\n|-status|p1a: Chandelure|frz\n|-damage|p2a: Kyurem|91\/100|[from] item: Life Orb\n|\n|upkeep\n|turn|2\n|\n|move|p2a: Kyurem|Dragon Pulse|p1a: Chandelure\n|-damage|p1a: Chandelure|0 fnt\n|-damage|p2a: Kyurem|81\/100|[from] item: Life Orb\n|faint|p1a: Chandelure\n|\n|upkeep\n|\n|switch|p1a: Scizor|Scizor, M|100\/100\n|turn|3\n|\n|detailschange|p1a: Scizor|Scizor-Mega, M\n|-mega|p1a: Scizor|Scizor|Scizorite\n|move|p2a: Kyurem|Dragon Pulse|p1a: Scizor\n|-resisted|p1a: Scizor\n|-damage|p1a: Scizor|76\/100\n|-damage|p2a: Kyurem|71\/100|[from] item: Life Orb\n|move|p1a: Scizor|Superpower|p2a: Kyurem\n|-supereffective|p2a: Kyurem\n|-damage|p2a: Kyurem|0 fnt\n|-unboost|p1a: Scizor|atk|1\n|-unboost|p1a: Scizor|def|1\n|faint|p2a: Kyurem\n|\n|upkeep\n|inactive|Hajmola has 120 seconds left.\n|\n|switch|p2a: Victini|Victini|100\/100\n|turn|4\n|inactive|Hajmola has 120 seconds left.\n|\n|switch|p1a: Gliscor|Gliscor, F|100\/100\n|move|p2a: Victini|V-create|p1a: Gliscor\n|-damage|p1a: Gliscor|43\/100\n|-unboost|p2a: Victini|spe|1\n|-unboost|p2a: Victini|def|1\n|-unboost|p2a: Victini|spd|1\n|\n|-status|p1a: Gliscor|tox|[from] item: Toxic Orb\n|upkeep\n|turn|5\n|inactive|Hajmola has 120 seconds left.\n|\n|switch|p2a: Gliscor|Gliscor, M|100\/100\n|move|p1a: Gliscor|Earthquake|p2a: Gliscor\n|-immune|p2a: Gliscor\n|\n|-heal|p1a: Gliscor|56\/100 tox|[from] ability: Poison Heal\n|-status|p2a: Gliscor|tox|[from] item: Toxic Orb\n|upkeep\n|turn|6\n|\n|move|p2a: Gliscor|Knock Off|p1a: Gliscor\n|-crit|p1a: Gliscor\n|-damage|p1a: Gliscor|28\/100 tox\n|-enditem|p1a: Gliscor|Toxic Orb|[from] move: Knock Off|[of] p2a: Gliscor\n|move|p1a: Gliscor|Stealth Rock|p2a: Gliscor\n|-sidestart|p2: Hajmola|move: Stealth Rock\n|\n|-heal|p1a: Gliscor|40\/100 tox|[from] ability: Poison Heal\n|upkeep\n|turn|7\n|\n|move|p2a: Gliscor|Knock Off|p1a: Gliscor\n|-damage|p1a: Gliscor|29\/100 tox\n|move|p1a: Gliscor|Acrobatics|p2a: Gliscor\n|-damage|p2a: Gliscor|67\/100 tox\n|\n|-heal|p2a: Gliscor|80\/100 tox|[from] ability: Poison Heal\n|-heal|p1a: Gliscor|41\/100 tox|[from] ability: Poison Heal\n|upkeep\n|turn|8\n|inactive|Hajmola has 120 seconds left.\n|\n|move|p2a: Gliscor|Stealth Rock|p1a: Gliscor\n|-sidestart|p1: IsaiasVeras|move: Stealth Rock\n|move|p1a: Gliscor|Acrobatics|p2a: Gliscor\n|-damage|p2a: Gliscor|47\/100 tox\n|\n|-heal|p2a: Gliscor|60\/100 tox|[from] ability: Poison Heal\n|-heal|p1a: Gliscor|54\/100 tox|[from] ability: Poison Heal\n|upkeep\n|turn|9\n|inactive|Hajmola has 120 seconds left.\n|\n|switch|p2a: Keldeo|Keldeo|100\/100\n|-damage|p2a: Keldeo|94\/100|[from] Stealth Rock\n|move|p1a: Gliscor|Acrobatics|p2a: Keldeo\n|-supereffective|p2a: Keldeo\n|-damage|p2a: Keldeo|0 fnt\n|faint|p2a: Keldeo\n|\n|-heal|p1a: Gliscor|66\/100 tox|[from] ability: Poison Heal\n|upkeep\n|\n|switch|p2a: Diancie|Diancie, shiny|100\/100\n|-damage|p2a: Diancie|88\/100|[from] Stealth Rock\n|turn|10\n|\n|detailschange|p2a: Diancie|Diancie-Mega, shiny\n|-mega|p2a: Diancie|Diancie|Diancite\n|move|p2a: Diancie|Psychic|p1a: Gliscor\n|-damage|p1a: Gliscor|14\/100 tox\n|move|p1a: Gliscor|Earthquake|p2a: Diancie\n|-supereffective|p2a: Diancie\n|-damage|p2a: Diancie|0 fnt\n|faint|p2a: Diancie\n|\n|-heal|p1a: Gliscor|26\/100 tox|[from] ability: Poison Heal\n|upkeep\n|-message|Hajmola forfeited.\n|\n|win|IsaiasVeras\n|l|\u2606Hajmola\n|raw|IsaiasVeras's rating: 1160 &rarr; <strong>1186<\/strong><br \/>(+26 for winning)\n|raw|Hajmola's rating: 1181 &rarr; <strong>1155<\/strong><br \/>(-26 for losing)\n","uploadtime":1595250979,"views":2,"p1id":"isaiasveras","p2id":"hajmola","formatid":"gen7ou","rating":1155,"private":0,"password":null}