{"id":"gen7ou-1703596472","p1":"HQSNonsense","p2":"anton1576","format":"gen7ou","log":"|j|\u2606HQSNonsense\n|j|\u2606anton1576\n|t:|1667678090\n|gametype|singles\n|player|p1|HQSNonsense|veteranf|1471\n|player|p2|anton1576|265|1466\n|teamsize|p1|6\n|teamsize|p2|6\n|gen|7\n|tier|[Gen 7] OU\n|rated|\n|rule|Sleep Clause Mod: Limit one foe put to sleep\n|rule|Species Clause: Limit one of each Pok\u00e9mon\n|rule|OHKO Clause: OHKO moves are banned\n|rule|Moody Clause: Moody is banned\n|rule|Evasion Items Clause: Evasion items are banned\n|rule|Evasion Moves Clause: Evasion moves are banned\n|rule|Endless Battle Clause: Forcing endless battles is banned\n|rule|HP Percentage Mod: HP is shown in percentages\n|clearpoke\n|poke|p1|Tapu Koko|item\n|poke|p1|Cloyster, M|item\n|poke|p1|Gyarados, F|item\n|poke|p1|Kommo-o, F|item\n|poke|p1|Landorus-Therian, M|item\n|poke|p1|Magearna|item\n|poke|p2|Kyurem-Black|item\n|poke|p2|Heatran, F|item\n|poke|p2|Scizor, M|item\n|poke|p2|Rotom-Wash|item\n|poke|p2|Garchomp, F|item\n|poke|p2|Tornadus-Therian, M|item\n|teampreview\n|inactive|Battle timer is ON: inactive players will automatically lose when time's up. (requested by anton1576)\n|\n|t:|1667678114\n|start\n|switch|p1a: Landorus|Landorus-Therian, M|100\/100\n|switch|p2a: Kyurem|Kyurem-Black|100\/100\n|-ability|p2a: Kyurem|Teravolt\n|-ability|p1a: Landorus|Intimidate|boost\n|-unboost|p2a: Kyurem|atk|1\n|turn|1\n|\n|t:|1667678118\n|move|p2a: Kyurem|Ice Beam|p1a: Landorus\n|-supereffective|p1a: Landorus\n|-enditem|p1a: Landorus|Focus Sash\n|-damage|p1a: Landorus|1\/100\n|-damage|p2a: Kyurem|91\/100|[from] item: Life Orb\n|move|p1a: Landorus|Rock Tomb|p2a: Kyurem|[miss]\n|-miss|p1a: Landorus|p2a: Kyurem\n|\n|upkeep\n|turn|2\n|\n|t:|1667678123\n|move|p2a: Kyurem|Ice Beam|p1a: Landorus\n|-supereffective|p1a: Landorus\n|-damage|p1a: Landorus|0 fnt\n|faint|p1a: Landorus\n|-damage|p2a: Kyurem|81\/100|[from] item: Life Orb\n|\n|upkeep\n|\n|t:|1667678128\n|switch|p1a: Tapu Koko|Tapu Koko|100\/100\n|-fieldstart|move: Electric Terrain|[from] ability: Electric Surge|[of] p1a: Tapu Koko\n|turn|3\n|\n|t:|1667678136\n|switch|p2a: Heatran|Heatran, F|100\/100\n|move|p1a: Tapu Koko|Light Screen|p1a: Tapu Koko\n|-sidestart|p1: HQSNonsense|move: Light Screen\n|\n|upkeep\n|turn|4\n|\n|t:|1667678139\n|move|p1a: Tapu Koko|Taunt|p2a: Heatran\n|-start|p2a: Heatran|move: Taunt\n|cant|p2a: Heatran|move: Taunt|Substitute\n|\n|upkeep\n|turn|5\n|\n|t:|1667678141\n|move|p1a: Tapu Koko|Reflect|p1a: Tapu Koko\n|-sidestart|p1: HQSNonsense|Reflect\n|move|p2a: Heatran|Lava Plume|p1a: Tapu Koko\n|-damage|p1a: Tapu Koko|79\/100\n|-status|p1a: Tapu Koko|brn\n|\n|-damage|p1a: Tapu Koko|73\/100 brn|[from] brn\n|upkeep\n|turn|6\n|\n|t:|1667678144\n|move|p1a: Tapu Koko|U-turn|p2a: Heatran\n|-resisted|p2a: Heatran\n|-damage|p2a: Heatran|99\/100\n|\n|t:|1667678149\n|switch|p1a: Gyarados|Gyarados, F|100\/100|[from]move: U-turn\n|-ability|p1a: Gyarados|Intimidate|boost\n|-unboost|p2a: Heatran|atk|1\n|move|p2a: Heatran|Lava Plume|p1a: Gyarados\n|-resisted|p1a: Gyarados\n|-damage|p1a: Gyarados|91\/100\n|-status|p1a: Gyarados|brn\n|\n|-heal|p2a: Heatran|100\/100|[from] item: Leftovers\n|-damage|p1a: Gyarados|85\/100 brn|[from] brn\n|-end|p2a: Heatran|move: Taunt\n|upkeep\n|turn|7\n|\n|t:|1667678152\n|switch|p2a: Rotom|Rotom-Wash|100\/100\n|move|p1a: Gyarados|Dragon Dance|p1a: Gyarados\n|-boost|p1a: Gyarados|atk|1\n|-boost|p1a: Gyarados|spe|1\n|\n|-damage|p1a: Gyarados|79\/100 brn|[from] brn\n|-fieldend|move: Electric Terrain\n|upkeep\n|turn|8\n|\n|t:|1667678156\n|detailschange|p1a: Gyarados|Gyarados-Mega, F\n|-mega|p1a: Gyarados|Gyarados|Gyaradosite\n|-ability|p1a: Gyarados|Mold Breaker\n|move|p2a: Rotom|Volt Switch|p1a: Gyarados\n|-supereffective|p1a: Gyarados\n|-damage|p1a: Gyarados|59\/100 brn\n|\n|t:|1667678159\n|switch|p2a: Garchomp|Garchomp, F|100\/100|[from]move: Volt Switch\n|move|p1a: Gyarados|Earthquake|p2a: Garchomp\n|-damage|p2a: Garchomp|81\/100\n|\n|-damage|p1a: Gyarados|53\/100 brn|[from] brn\n|upkeep\n|turn|9\n|\n|t:|1667678162\n|move|p1a: Gyarados|Crunch|p2a: Garchomp\n|-damage|p2a: Garchomp|58\/100\n|-damage|p1a: Gyarados|41\/100 brn|[from] ability: Rough Skin|[of] p2a: Garchomp\n|-damage|p1a: Gyarados|24\/100 brn|[from] item: Rocky Helmet|[of] p2a: Garchomp\n|move|p2a: Garchomp|Stealth Rock|p1a: Gyarados\n|-sidestart|p1: HQSNonsense|move: Stealth Rock\n|\n|-damage|p1a: Gyarados|18\/100 brn|[from] brn\n|upkeep\n|turn|10\n|\n|t:|1667678166\n|move|p1a: Gyarados|Crunch|p2a: Garchomp\n|-damage|p2a: Garchomp|35\/100\n|-damage|p1a: Gyarados|6\/100 brn|[from] ability: Rough Skin|[of] p2a: Garchomp\n|-damage|p1a: Gyarados|0 fnt|[from] item: Rocky Helmet|[of] p2a: Garchomp\n|faint|p1a: Gyarados\n|move|p2a: Garchomp|Roar|p1: Gyarados|[notarget]\n|-fail|p2a: Garchomp\n|\n|-sideend|p1: HQSNonsense|move: Light Screen\n|upkeep\n|\n|t:|1667678170\n|switch|p1a: Kommo-o|Kommo-o, F|100\/100\n|-damage|p1a: Kommo-o|94\/100|[from] Stealth Rock\n|turn|11\n|\n|t:|1667678175\n|switch|p2a: Heatran|Heatran, F|100\/100\n|-zpower|p1a: Kommo-o\n|move|p1a: Kommo-o|Clangorous Soulblaze|p2a: Heatran|[zeffect]\n|-resisted|p2a: Heatran\n|-damage|p2a: Heatran|81\/100\n|-boost|p1a: Kommo-o|atk|1\n|-boost|p1a: Kommo-o|def|1\n|-boost|p1a: Kommo-o|spa|1\n|-boost|p1a: Kommo-o|spd|1\n|-boost|p1a: Kommo-o|spe|1\n|\n|-heal|p2a: Heatran|87\/100|[from] item: Leftovers\n|upkeep\n|turn|12\n|\n|t:|1667678180\n|move|p2a: Heatran|Protect|p2a: Heatran\n|-singleturn|p2a: Heatran|Protect\n|move|p1a: Kommo-o|Close Combat|p2a: Heatran\n|-activate|p2a: Heatran|move: Protect\n|\n|-heal|p2a: Heatran|94\/100|[from] item: Leftovers\n|-sideend|p1: HQSNonsense|Reflect\n|upkeep\n|turn|13\n|\n|t:|1667678184\n|switch|p2a: Garchomp|Garchomp, F|35\/100\n|move|p1a: Kommo-o|Close Combat|p2a: Garchomp\n|-damage|p2a: Garchomp|0 fnt\n|-unboost|p1a: Kommo-o|def|1\n|-unboost|p1a: Kommo-o|spd|1\n|-damage|p1a: Kommo-o|82\/100|[from] ability: Rough Skin|[of] p2a: Garchomp\n|-damage|p1a: Kommo-o|65\/100|[from] item: Rocky Helmet|[of] p2a: Garchomp\n|faint|p2a: Garchomp\n|\n|upkeep\n|\n|t:|1667678188\n|switch|p2a: Scizor|Scizor, M|100\/100\n|turn|14\n|\n|t:|1667678194\n|switch|p2a: Tornadus|Tornadus-Therian, M|100\/100\n|move|p1a: Kommo-o|Dragon Dance|p1a: Kommo-o\n|-boost|p1a: Kommo-o|atk|1\n|-boost|p1a: Kommo-o|spe|1\n|\n|upkeep\n|turn|15\n|\n|t:|1667678199\n|move|p1a: Kommo-o|Poison Jab|p2a: Tornadus\n|-damage|p2a: Tornadus|20\/100\n|-status|p2a: Tornadus|psn\n|move|p2a: Tornadus|Hurricane|p1a: Kommo-o\n|-supereffective|p1a: Kommo-o\n|-damage|p1a: Kommo-o|0 fnt\n|faint|p1a: Kommo-o\n|-damage|p2a: Tornadus|10\/100 psn|[from] item: Life Orb\n|\n|-damage|p2a: Tornadus|0 fnt|[from] psn\n|faint|p2a: Tornadus\n|upkeep\n|\n|t:|1667678206\n|switch|p2a: Scizor|Scizor, M|100\/100\n|switch|p1a: Tapu Koko|Tapu Koko|73\/100 brn\n|-damage|p1a: Tapu Koko|60\/100 brn|[from] Stealth Rock\n|-fieldstart|move: Electric Terrain|[from] ability: Electric Surge|[of] p1a: Tapu Koko\n|turn|16\n|\n|t:|1667678209\n|detailschange|p2a: Scizor|Scizor-Mega, M\n|-mega|p2a: Scizor|Scizor|Scizorite\n|move|p1a: Tapu Koko|Reflect|p1a: Tapu Koko\n|-sidestart|p1: HQSNonsense|Reflect\n|move|p2a: Scizor|U-turn|p1a: Tapu Koko\n|-resisted|p1a: Tapu Koko\n|-damage|p1a: Tapu Koko|50\/100 brn\n|\n|t:|1667678214\n|switch|p2a: Heatran|Heatran, F|94\/100|[from]move: U-turn\n|\n|-heal|p2a: Heatran|99\/100|[from] item: Leftovers\n|-damage|p1a: Tapu Koko|44\/100 brn|[from] brn\n|upkeep\n|turn|17\n|\n|t:|1667678217\n|switch|p2a: Rotom|Rotom-Wash|100\/100\n|move|p1a: Tapu Koko|Taunt|p2a: Rotom\n|-start|p2a: Rotom|move: Taunt\n|\n|-damage|p1a: Tapu Koko|38\/100 brn|[from] brn\n|upkeep\n|turn|18\n|\n|t:|1667678222\n|move|p2a: Rotom|Volt Switch|p1a: Tapu Koko\n|-resisted|p1a: Tapu Koko\n|-damage|p1a: Tapu Koko|22\/100 brn\n|\n|t:|1667678224\n|switch|p2a: Scizor|Scizor-Mega, M|100\/100|[from]move: Volt Switch\n|move|p1a: Tapu Koko|Light Screen|p1a: Tapu Koko\n|-sidestart|p1: HQSNonsense|move: Light Screen\n|\n|-damage|p1a: Tapu Koko|16\/100 brn|[from] brn\n|upkeep\n|turn|19\n|\n|t:|1667678228\n|move|p1a: Tapu Koko|Taunt|p2a: Scizor\n|-start|p2a: Scizor|move: Taunt\n|cant|p2a: Scizor|move: Taunt|Swords Dance\n|\n|-damage|p1a: Tapu Koko|10\/100 brn|[from] brn\n|upkeep\n|turn|20\n|\n|t:|1667678234\n|move|p1a: Tapu Koko|Reflect||[still]\n|-fail|p1a: Tapu Koko\n|move|p2a: Scizor|U-turn|p1a: Tapu Koko\n|-resisted|p1a: Tapu Koko\n|-damage|p1a: Tapu Koko|1\/100 brn\n|\n|t:|1667678238\n|switch|p2a: Rotom|Rotom-Wash|100\/100|[from]move: U-turn\n|\n|-damage|p1a: Tapu Koko|0 fnt|[from] brn\n|faint|p1a: Tapu Koko\n|-fieldend|move: Electric Terrain\n|upkeep\n|\n|t:|1667678242\n|switch|p1a: Magearna|Magearna|100\/100\n|-damage|p1a: Magearna|95\/100|[from] Stealth Rock\n|turn|21\n|\n|t:|1667678246\n|move|p2a: Rotom|Trick|p1a: Magearna\n|-activate|p2a: Rotom|move: Trick|[of] p1a: Magearna\n|-item|p1a: Magearna|Choice Scarf|[from] move: Trick\n|-item|p2a: Rotom|Metronome|[from] move: Trick\n|move|p1a: Magearna|Shift Gear|p1a: Magearna\n|-boost|p1a: Magearna|spe|2\n|-boost|p1a: Magearna|atk|1\n|\n|upkeep\n|turn|22\n|\n|t:|1667678251\n|move|p1a: Magearna|Shift Gear|p1a: Magearna\n|-boost|p1a: Magearna|spe|2\n|-boost|p1a: Magearna|atk|1\n|move|p2a: Rotom|Volt Switch|p1a: Magearna\n|-damage|p1a: Magearna|83\/100\n|\n|t:|1667678253\n|switch|p2a: Scizor|Scizor-Mega, M|100\/100|[from]move: Volt Switch\n|\n|upkeep\n|turn|23\n|\n|t:|1667678256\n|switch|p1a: Cloyster|Cloyster, M|100\/100\n|-damage|p1a: Cloyster|76\/100|[from] Stealth Rock\n|move|p2a: Scizor|Swords Dance|p2a: Scizor\n|-boost|p2a: Scizor|atk|2\n|\n|-sideend|p1: HQSNonsense|Reflect\n|upkeep\n|turn|24\n|\n|t:|1667678258\n|switch|p1a: Magearna|Magearna|83\/100\n|-damage|p1a: Magearna|77\/100|[from] Stealth Rock\n|move|p2a: Scizor|U-turn|p1a: Magearna\n|-resisted|p1a: Magearna\n|-damage|p1a: Magearna|58\/100\n|\n|t:|1667678261\n|switch|p2a: Heatran|Heatran, F|99\/100|[from]move: U-turn\n|\n|-heal|p2a: Heatran|100\/100|[from] item: Leftovers\n|upkeep\n|turn|25\n|\n|t:|1667678266\n|move|p1a: Magearna|Ice Beam|p2a: Heatran\n|-resisted|p2a: Heatran\n|-damage|p2a: Heatran|96\/100\n|move|p2a: Heatran|Substitute|p2a: Heatran\n|-start|p2a: Heatran|Substitute\n|-damage|p2a: Heatran|71\/100\n|\n|-heal|p2a: Heatran|77\/100|[from] item: Leftovers\n|-sideend|p1: HQSNonsense|move: Light Screen\n|upkeep\n|turn|26\n|\n|t:|1667678269\n|move|p1a: Magearna|Ice Beam|p2a: Heatran\n|-resisted|p2a: Heatran\n|-activate|p2a: Heatran|move: Substitute|[damage]\n|move|p2a: Heatran|Lava Plume|p1a: Magearna\n|-supereffective|p1a: Magearna\n|-damage|p1a: Magearna|0 fnt\n|faint|p1a: Magearna\n|\n|-heal|p2a: Heatran|83\/100|[from] item: Leftovers\n|upkeep\n|\n|t:|1667678271\n|switch|p1a: Cloyster|Cloyster, M|76\/100\n|-damage|p1a: Cloyster|51\/100|[from] Stealth Rock\n|turn|27\n|\n|t:|1667678273\n|move|p1a: Cloyster|Shell Smash|p1a: Cloyster\n|-unboost|p1a: Cloyster|def|1\n|-unboost|p1a: Cloyster|spd|1\n|-boost|p1a: Cloyster|atk|2\n|-boost|p1a: Cloyster|spa|2\n|-boost|p1a: Cloyster|spe|2\n|move|p2a: Heatran|Lava Plume|p1a: Cloyster\n|-damage|p1a: Cloyster|0 fnt\n|faint|p1a: Cloyster\n|\n|win|anton1576\n|raw|HQSNonsense's rating: 1471 &rarr; <strong>1451<\/strong><br \/>(-20 for losing)\n|raw|anton1576's rating: 1466 &rarr; <strong>1486<\/strong><br \/>(+20 for winning)\n|l|\u2606HQSNonsense\n","uploadtime":1667678277,"views":9,"p1id":"hqsnonsense","p2id":"anton1576","formatid":"gen7ou","rating":1451,"private":0,"password":null}