{"id":"gen7ou-940238648","p1":"Jakkkkkka","p2":"picitogamer","format":"gen7ou","log":"|j|\u2606Jakkkkkka\n|j|\u2606picitogamer\n|player|p1|Jakkkkkka|137\n|player|p2|picitogamer|137\n|teamsize|p1|6\n|teamsize|p2|6\n|gametype|singles\n|gen|7\n|tier|[Gen 7] OU\n|rated|\n|rule|Sleep Clause Mod: Limit one foe put to sleep\n|rule|Species Clause: Limit one of each Pok\u00e9mon\n|rule|OHKO Clause: OHKO moves are banned\n|rule|Moody Clause: Moody is banned\n|rule|Evasion Moves Clause: Evasion moves are banned\n|rule|Endless Battle Clause: Forcing endless battles is banned\n|rule|HP Percentage Mod: HP is shown in percentages\n|clearpoke\n|poke|p1|Excadrill, M|item\n|poke|p1|Tyranitar, F|item\n|poke|p1|Greninja, M|item\n|poke|p1|Celesteela|item\n|poke|p1|Serperior, M|item\n|poke|p1|Tornadus-Therian, M|item\n|poke|p2|Scizor, M|item\n|poke|p2|Toxapex, M|item\n|poke|p2|Infernape, F|item\n|poke|p2|Mew|item\n|poke|p2|Tapu Koko|item\n|poke|p2|Landorus-Therian, M|item\n|teampreview\n|inactive|Battle timer is ON: inactive players will automatically lose when time's up. (requested by Jakkkkkka)\n|\n|start\n|switch|p1a: Excadrill|Excadrill, M|100\/100\n|switch|p2a: Infernape|Infernape, F|100\/100\n|-ability|p1a: Excadrill|Mold Breaker\n|turn|1\n|\n|move|p2a: Infernape|U-turn|p1a: Excadrill\n|-resisted|p1a: Excadrill\n|-damage|p1a: Excadrill|87\/100\n|\n|switch|p2a: Landorus|Landorus-Therian, M|100\/100|[from]move: U-turn\n|-ability|p2a: Landorus|Intimidate|boost\n|-unboost|p1a: Excadrill|atk|1\n|move|p1a: Excadrill|Stealth Rock|p2a: Landorus\n|-sidestart|p2: picitogamer|move: Stealth Rock\n|\n|upkeep\n|turn|2\n|\n|move|p1a: Excadrill|Rock Tomb|p2a: Landorus\n|-damage|p2a: Landorus|90\/100\n|-unboost|p2a: Landorus|spe|1\n|move|p2a: Landorus|Stealth Rock|p1a: Excadrill\n|-sidestart|p1: Jakkkkkka|move: Stealth Rock\n|\n|-heal|p2a: Landorus|96\/100|[from] item: Leftovers\n|upkeep\n|turn|3\n|\n|move|p1a: Excadrill|Rapid Spin|p2a: Landorus\n|-damage|p2a: Landorus|92\/100\n|-sideend|p1: Jakkkkkka|Stealth Rock|[from] move: Rapid Spin|[of] p1a: Excadrill\n|move|p2a: Landorus|U-turn|p1a: Excadrill\n|-resisted|p1a: Excadrill\n|-damage|p1a: Excadrill|71\/100\n|\n|switch|p2a: Scizor|Scizor, M|100\/100|[from]move: U-turn\n|-damage|p2a: Scizor|88\/100|[from] Stealth Rock\n|\n|upkeep\n|turn|4\n|\n|detailschange|p2a: Scizor|Scizor-Mega, M\n|-mega|p2a: Scizor|Scizor|Scizorite\n|move|p1a: Excadrill|Earthquake|p2a: Scizor\n|-damage|p2a: Scizor|65\/100\n|move|p2a: Scizor|Defog|p1a: Excadrill\n|-unboost|p1a: Excadrill|evasion|1\n|-sideend|p2: picitogamer|Stealth Rock|[from] move: Defog|[of] p2a: Scizor\n|\n|upkeep\n|turn|5\n|\n|move|p1a: Excadrill|Stealth Rock|p2a: Scizor\n|-sidestart|p2: picitogamer|move: Stealth Rock\n|move|p2a: Scizor|Roost|p2a: Scizor\n|-heal|p2a: Scizor|100\/100\n|-singleturn|p2a: Scizor|move: Roost\n|\n|upkeep\n|turn|6\n|\n|switch|p1a: Celesteela|Celesteela|100\/100\n|move|p2a: Scizor|Defog|p1a: Celesteela\n|-unboost|p1a: Celesteela|evasion|1\n|-sideend|p2: picitogamer|Stealth Rock|[from] move: Defog|[of] p2a: Scizor\n|\n|upkeep\n|turn|7\n|\n|switch|p2a: Mew|Mew|100\/100\n|move|p1a: Celesteela|Flamethrower|p2a: Mew\n|-damage|p2a: Mew|86\/100\n|\n|-heal|p2a: Mew|92\/100|[from] item: Leftovers\n|upkeep\n|turn|8\n|\n|move|p2a: Mew|Knock Off|p1a: Celesteela\n|-damage|p1a: Celesteela|88\/100\n|-enditem|p1a: Celesteela|Leftovers|[from] move: Knock Off|[of] p2a: Mew\n|move|p1a: Celesteela|Leech Seed|p2a: Mew|[miss]\n|-miss|p1a: Celesteela|p2a: Mew\n|\n|-heal|p2a: Mew|98\/100|[from] item: Leftovers\n|upkeep\n|turn|9\n|\n|switch|p1a: Greninja|Greninja, M|100\/100\n|move|p2a: Mew|Heat Wave|p1a: Greninja\n|-resisted|p1a: Greninja\n|-damage|p1a: Greninja|82\/100\n|\n|-heal|p2a: Mew|100\/100|[from] item: Leftovers\n|upkeep\n|turn|10\n|\n|switch|p2a: Toxapex|Toxapex, M|100\/100\n|move|p1a: Greninja|Dark Pulse|p2a: Toxapex\n|-damage|p2a: Toxapex|63\/100\n|\n|-heal|p2a: Toxapex|69\/100|[from] item: Black Sludge\n|upkeep\n|turn|11\n|\n|move|p1a: Greninja|Dark Pulse|p2a: Toxapex\n|-damage|p2a: Toxapex|34\/100\n|move|p2a: Toxapex|Scald|p1a: Greninja\n|-resisted|p1a: Greninja\n|-damage|p1a: Greninja|70\/100\n|\n|-heal|p2a: Toxapex|40\/100|[from] item: Black Sludge\n|upkeep\n|turn|12\n|\n|move|p2a: Toxapex|Baneful Bunker|p2a: Toxapex\n|-singleturn|p2a: Toxapex|move: Protect\n|move|p1a: Greninja|Dark Pulse|p2a: Toxapex\n|-activate|p2a: Toxapex|move: Protect\n|\n|-heal|p2a: Toxapex|46\/100|[from] item: Black Sludge\n|upkeep\n|turn|13\n|\n|switch|p2a: Tapu Koko|Tapu Koko|100\/100\n|-fieldstart|move: Electric Terrain|[from] ability: Electric Surge|[of] p2a: Tapu Koko\n|move|p1a: Greninja|Dark Pulse|p2a: Tapu Koko\n|-resisted|p2a: Tapu Koko\n|-damage|p2a: Tapu Koko|62\/100\n|\n|upkeep\n|turn|14\n|\n|switch|p1a: Excadrill|Excadrill, M|71\/100\n|-ability|p1a: Excadrill|Mold Breaker\n|move|p2a: Tapu Koko|Roost|p2a: Tapu Koko\n|-heal|p2a: Tapu Koko|100\/100\n|-singleturn|p2a: Tapu Koko|move: Roost\n|\n|upkeep\n|turn|15\n|\n|move|p2a: Tapu Koko|U-turn|p1a: Excadrill\n|-resisted|p1a: Excadrill\n|-damage|p1a: Excadrill|55\/100\n|-damage|p2a: Tapu Koko|91\/100|[from] item: Life Orb\n|\n|switch|p2a: Landorus|Landorus-Therian, M|92\/100|[from]move: U-turn\n|-ability|p2a: Landorus|Intimidate|boost\n|-unboost|p1a: Excadrill|atk|1\n|move|p1a: Excadrill|Stealth Rock|p2a: Landorus\n|-sidestart|p2: picitogamer|move: Stealth Rock\n|\n|-heal|p2a: Landorus|98\/100|[from] item: Leftovers\n|upkeep\n|turn|16\n|\n|move|p1a: Excadrill|Rock Tomb|p2a: Landorus\n|-crit|p2a: Landorus\n|-damage|p2a: Landorus|75\/100\n|-unboost|p2a: Landorus|spe|1\n|move|p2a: Landorus|Stealth Rock|p1a: Excadrill\n|-sidestart|p1: Jakkkkkka|move: Stealth Rock\n|\n|-heal|p2a: Landorus|81\/100|[from] item: Leftovers\n|upkeep\n|turn|17\n|\n|switch|p1a: Celesteela|Celesteela|88\/100\n|-damage|p1a: Celesteela|76\/100|[from] Stealth Rock\n|move|p2a: Landorus|U-turn|p1a: Celesteela\n|-resisted|p1a: Celesteela\n|-damage|p1a: Celesteela|72\/100\n|\n|switch|p2a: Infernape|Infernape, F|100\/100|[from]move: U-turn\n|-damage|p2a: Infernape|88\/100|[from] Stealth Rock\n|\n|-fieldend|move: Electric Terrain\n|upkeep\n|turn|18\n|\n|move|p1a: Celesteela|Protect|p1a: Celesteela\n|-singleturn|p1a: Celesteela|Protect\n|move|p2a: Infernape|Fire Punch|p1a: Celesteela\n|-activate|p1a: Celesteela|move: Protect\n|\n|upkeep\n|turn|19\n|\n|move|p2a: Infernape|Fire Punch|p1a: Celesteela\n|-supereffective|p1a: Celesteela\n|-damage|p1a: Celesteela|25\/100\n|move|p1a: Celesteela|Leech Seed|p2a: Infernape\n|-start|p2a: Infernape|move: Leech Seed\n|\n|-damage|p2a: Infernape|76\/100|[from] Leech Seed|[of] p1a: Celesteela\n|-heal|p1a: Celesteela|34\/100|[silent]\n|upkeep\n|turn|20\n|\n|switch|p2a: Tapu Koko|Tapu Koko|91\/100\n|-damage|p2a: Tapu Koko|78\/100|[from] Stealth Rock\n|-fieldstart|move: Electric Terrain|[from] ability: Electric Surge|[of] p2a: Tapu Koko\n|move|p1a: Celesteela|Leech Seed|p2a: Tapu Koko\n|-start|p2a: Tapu Koko|move: Leech Seed\n|\n|-damage|p2a: Tapu Koko|66\/100|[from] Leech Seed|[of] p1a: Celesteela\n|-heal|p1a: Celesteela|43\/100|[silent]\n|upkeep\n|turn|21\n|\n|switch|p1a: Excadrill|Excadrill, M|55\/100\n|-damage|p1a: Excadrill|52\/100|[from] Stealth Rock\n|-ability|p1a: Excadrill|Mold Breaker\n|move|p2a: Tapu Koko|U-turn|p1a: Excadrill\n|-resisted|p1a: Excadrill\n|-damage|p1a: Excadrill|37\/100\n|-damage|p2a: Tapu Koko|56\/100|[from] item: Life Orb\n|\n|switch|p2a: Scizor|Scizor-Mega, M|100\/100|[from]move: U-turn\n|-damage|p2a: Scizor|88\/100|[from] Stealth Rock\n|\n|upkeep\n|turn|22\n|\n|switch|p1a: Celesteela|Celesteela|43\/100\n|-damage|p1a: Celesteela|31\/100|[from] Stealth Rock\n|move|p2a: Scizor|Defog|p1a: Celesteela\n|-unboost|p1a: Celesteela|evasion|1\n|-sideend|p1: Jakkkkkka|Stealth Rock|[from] move: Defog|[of] p2a: Scizor\n|-sideend|p2: picitogamer|Stealth Rock|[from] move: Defog|[of] p2a: Scizor\n|\n|upkeep\n|turn|23\n|\n|move|p2a: Scizor|U-turn|p1a: Celesteela\n|-resisted|p1a: Celesteela\n|-damage|p1a: Celesteela|25\/100\n|\n|switch|p2a: Tapu Koko|Tapu Koko|56\/100|[from]move: U-turn\n|move|p1a: Celesteela|Leech Seed|p2a: Tapu Koko\n|-start|p2a: Tapu Koko|move: Leech Seed\n|\n|-damage|p2a: Tapu Koko|44\/100|[from] Leech Seed|[of] p1a: Celesteela\n|-heal|p1a: Celesteela|34\/100|[silent]\n|upkeep\n|turn|24\n|\n|move|p2a: Tapu Koko|Roost|p2a: Tapu Koko\n|-heal|p2a: Tapu Koko|94\/100\n|-singleturn|p2a: Tapu Koko|move: Roost\n|move|p1a: Celesteela|Heavy Slam|p2a: Tapu Koko\n|-damage|p2a: Tapu Koko|35\/100\n|\n|-damage|p2a: Tapu Koko|23\/100|[from] Leech Seed|[of] p1a: Celesteela\n|-heal|p1a: Celesteela|43\/100|[silent]\n|-fieldend|move: Electric Terrain\n|upkeep\n|turn|25\n|\n|switch|p2a: Mew|Mew|100\/100\n|move|p1a: Celesteela|Heavy Slam|p2a: Mew\n|-damage|p2a: Mew|70\/100\n|\n|-heal|p2a: Mew|77\/100|[from] item: Leftovers\n|upkeep\n|turn|26\n|\n|move|p2a: Mew|Heat Wave|p1a: Celesteela\n|-supereffective|p1a: Celesteela\n|-damage|p1a: Celesteela|5\/100\n|move|p1a: Celesteela|Leech Seed|p2a: Mew\n|-start|p2a: Mew|move: Leech Seed\n|\n|-heal|p2a: Mew|83\/100|[from] item: Leftovers\n|-damage|p2a: Mew|70\/100|[from] Leech Seed|[of] p1a: Celesteela\n|-heal|p1a: Celesteela|18\/100|[silent]\n|upkeep\n|turn|27\n|\n|switch|p2a: Infernape|Infernape, F|76\/100\n|switch|p1a: Tyranitar|Tyranitar, F|100\/100\n|-weather|Sandstorm|[from] ability: Sand Stream|[of] p1a: Tyranitar\n|\n|-weather|Sandstorm|[upkeep]\n|-damage|p2a: Infernape|70\/100|[from] Sandstorm\n|upkeep\n|turn|28\n|\n|switch|p1a: Celesteela|Celesteela|18\/100\n|move|p2a: Infernape|Close Combat|p1a: Celesteela\n|-damage|p1a: Celesteela|0 fnt\n|-unboost|p2a: Infernape|def|1\n|-unboost|p2a: Infernape|spd|1\n|faint|p1a: Celesteela\n|\n|-weather|Sandstorm|[upkeep]\n|-damage|p2a: Infernape|64\/100|[from] Sandstorm\n|upkeep\n|\n|switch|p1a: Tornadus|Tornadus-Therian, M|100\/100\n|turn|29\n|\n|switch|p2a: Toxapex|Toxapex, M|80\/100\n|move|p1a: Tornadus|Hurricane|p2a: Toxapex\n|-damage|p2a: Toxapex|46\/100\n|\n|-weather|Sandstorm|[upkeep]\n|-damage|p1a: Tornadus|94\/100|[from] Sandstorm\n|-damage|p2a: Toxapex|40\/100|[from] Sandstorm\n|-heal|p2a: Toxapex|46\/100|[from] item: Black Sludge\n|upkeep\n|turn|30\n|\n|move|p2a: Toxapex|Baneful Bunker|p2a: Toxapex\n|-singleturn|p2a: Toxapex|move: Protect\n|move|p1a: Tornadus|Hurricane|p2a: Toxapex\n|-activate|p2a: Toxapex|move: Protect\n|\n|-weather|Sandstorm|[upkeep]\n|-damage|p1a: Tornadus|88\/100|[from] Sandstorm\n|-damage|p2a: Toxapex|40\/100|[from] Sandstorm\n|-heal|p2a: Toxapex|46\/100|[from] item: Black Sludge\n|upkeep\n|turn|31\n|\n|move|p1a: Tornadus|Knock Off|p2a: Toxapex\n|-damage|p2a: Toxapex|30\/100\n|-enditem|p2a: Toxapex|Black Sludge|[from] move: Knock Off|[of] p1a: Tornadus\n|move|p2a: Toxapex|Recover|p2a: Toxapex\n|-heal|p2a: Toxapex|80\/100\n|\n|-weather|none\n|upkeep\n|turn|32\n|\n|move|p1a: Tornadus|Hurricane|p2a: Toxapex\n|-damage|p2a: Toxapex|48\/100\n|move|p2a: Toxapex|Scald|p1a: Tornadus\n|-damage|p1a: Tornadus|79\/100\n|\n|upkeep\n|turn|33\n|\n|move|p1a: Tornadus|Hurricane|p2a: Toxapex|[miss]\n|-miss|p1a: Tornadus|p2a: Toxapex\n|move|p2a: Toxapex|Recover|p2a: Toxapex\n|-heal|p2a: Toxapex|98\/100\n|\n|upkeep\n|turn|34\n|\n|move|p1a: Tornadus|Hurricane|p2a: Toxapex|[miss]\n|-miss|p1a: Tornadus|p2a: Toxapex\n|move|p2a: Toxapex|Scald|p1a: Tornadus\n|-damage|p1a: Tornadus|70\/100\n|\n|upkeep\n|turn|35\n|\n|move|p2a: Toxapex|Baneful Bunker|p2a: Toxapex\n|-singleturn|p2a: Toxapex|move: Protect\n|move|p1a: Tornadus|Hurricane|p2a: Toxapex\n|-activate|p2a: Toxapex|move: Protect\n|\n|upkeep\n|turn|36\n|\n|move|p1a: Tornadus|Hurricane|p2a: Toxapex\n|-damage|p2a: Toxapex|68\/100\n|move|p2a: Toxapex|Scald|p1a: Tornadus\n|-damage|p1a: Tornadus|60\/100\n|\n|upkeep\n|turn|37\n|\n|switch|p1a: Excadrill|Excadrill, M|37\/100\n|-ability|p1a: Excadrill|Mold Breaker\n|move|p2a: Toxapex|Scald|p1a: Excadrill\n|-supereffective|p1a: Excadrill\n|-damage|p1a: Excadrill|0 fnt\n|faint|p1a: Excadrill\n|\n|upkeep\n|\n|switch|p1a: Greninja|Greninja, M|70\/100\n|turn|38\n|\n|move|p2a: Toxapex|Baneful Bunker|p2a: Toxapex\n|-singleturn|p2a: Toxapex|move: Protect\n|move|p1a: Greninja|Dark Pulse|p2a: Toxapex\n|-activate|p2a: Toxapex|move: Protect\n|\n|upkeep\n|turn|39\n|\n|switch|p2a: Infernape|Infernape, F|64\/100\n|move|p1a: Greninja|Dark Pulse|p2a: Infernape\n|-resisted|p2a: Infernape\n|-damage|p2a: Infernape|24\/100\n|\n|upkeep\n|turn|40\n|\n|switch|p1a: Tornadus|Tornadus-Therian, M|93\/100\n|move|p2a: Infernape|Stone Edge|p1a: Tornadus\n|-supereffective|p1a: Tornadus\n|-damage|p1a: Tornadus|23\/100\n|\n|upkeep\n|turn|41\n|\n|switch|p1a: Tyranitar|Tyranitar, F|100\/100\n|-weather|Sandstorm|[from] ability: Sand Stream|[of] p1a: Tyranitar\n|move|p2a: Infernape|Stone Edge|p1a: Tyranitar\n|-damage|p1a: Tyranitar|72\/100\n|\n|-weather|Sandstorm|[upkeep]\n|-damage|p2a: Infernape|18\/100|[from] Sandstorm\n|upkeep\n|turn|42\n|\n|detailschange|p1a: Tyranitar|Tyranitar-Mega, F\n|-mega|p1a: Tyranitar|Tyranitar|Tyranitarite\n|move|p2a: Infernape|Stone Edge|p1a: Tyranitar\n|-damage|p1a: Tyranitar|49\/100\n|move|p1a: Tyranitar|Dragon Dance|p1a: Tyranitar\n|-boost|p1a: Tyranitar|atk|1\n|-boost|p1a: Tyranitar|spe|1\n|\n|-weather|Sandstorm|[upkeep]\n|-damage|p2a: Infernape|11\/100|[from] Sandstorm\n|upkeep\n|turn|43\n|\n|switch|p2a: Landorus|Landorus-Therian, M|81\/100\n|-ability|p2a: Landorus|Intimidate|boost\n|-unboost|p1a: Tyranitar|atk|1\n|move|p1a: Tyranitar|Fire Punch|p2a: Landorus\n|-damage|p2a: Landorus|57\/100\n|\n|-weather|Sandstorm|[upkeep]\n|-heal|p2a: Landorus|64\/100|[from] item: Leftovers\n|upkeep\n|turn|44\n|\n|switch|p2a: Toxapex|Toxapex, M|100\/100\n|move|p1a: Tyranitar|Ice Punch|p2a: Toxapex\n|-resisted|p2a: Toxapex\n|-damage|p2a: Toxapex|89\/100\n|\n|-weather|Sandstorm|[upkeep]\n|-damage|p2a: Toxapex|83\/100|[from] Sandstorm\n|upkeep\n|turn|45\n|\n|move|p1a: Tyranitar|Dragon Dance|p1a: Tyranitar\n|-boost|p1a: Tyranitar|atk|1\n|-boost|p1a: Tyranitar|spe|1\n|move|p2a: Toxapex|Haze|p2a: Toxapex\n|-clearallboost\n|\n|-weather|none\n|upkeep\n|turn|46\n|\n|move|p1a: Tyranitar|Dragon Dance|p1a: Tyranitar\n|-boost|p1a: Tyranitar|atk|1\n|-boost|p1a: Tyranitar|spe|1\n|move|p2a: Toxapex|Scald|p1a: Tyranitar\n|-supereffective|p1a: Tyranitar\n|-damage|p1a: Tyranitar|20\/100\n|\n|upkeep\n|turn|47\n|\n|move|p1a: Tyranitar|Stone Edge|p2a: Toxapex\n|-damage|p2a: Toxapex|19\/100\n|move|p2a: Toxapex|Haze|p2a: Toxapex\n|-clearallboost\n|\n|upkeep\n|turn|48\n|\n|switch|p2a: Landorus|Landorus-Therian, M|64\/100\n|-ability|p2a: Landorus|Intimidate|boost\n|-unboost|p1a: Tyranitar|atk|1\n|move|p1a: Tyranitar|Stone Edge|p2a: Landorus\n|-damage|p2a: Landorus|29\/100\n|\n|-heal|p2a: Landorus|35\/100|[from] item: Leftovers\n|upkeep\n|turn|49\n|\n|move|p1a: Tyranitar|Ice Punch|p2a: Landorus\n|-supereffective|p2a: Landorus\n|-damage|p2a: Landorus|0 fnt\n|faint|p2a: Landorus\n|\n|upkeep\n|\n|switch|p2a: Scizor|Scizor-Mega, M|88\/100\n|turn|50\n|\n|move|p2a: Scizor|Bullet Punch|p1a: Tyranitar\n|-supereffective|p1a: Tyranitar\n|-damage|p1a: Tyranitar|0 fnt\n|faint|p1a: Tyranitar\n|\n|upkeep\n|\n|switch|p1a: Greninja|Greninja, M|70\/100\n|turn|51\n|\n|move|p1a: Greninja|Hydro Pump|p2a: Scizor\n|-damage|p2a: Scizor|24\/100\n|move|p2a: Scizor|U-turn|p1a: Greninja\n|-supereffective|p1a: Greninja\n|-damage|p1a: Greninja|0 fnt\n|faint|p1a: Greninja\n|\n|switch|p2a: Infernape|Infernape, F|11\/100|[from]move: U-turn\n|\n|upkeep\n|\n|switch|p1a: Serperior|Serperior, M|100\/100\n|turn|52\n|\n|move|p1a: Serperior|Leaf Storm|p2a: Infernape\n|-resisted|p2a: Infernape\n|-damage|p2a: Infernape|0 fnt\n|-boost|p1a: Serperior|spa|2\n|faint|p2a: Infernape\n|\n|upkeep\n|\n|switch|p2a: Scizor|Scizor-Mega, M|24\/100\n|turn|53\n|\n|move|p1a: Serperior|Leaf Storm|p2a: Scizor\n|-resisted|p2a: Scizor\n|-damage|p2a: Scizor|2\/100\n|-boost|p1a: Serperior|spa|2\n|move|p2a: Scizor|U-turn|p1a: Serperior\n|-supereffective|p1a: Serperior\n|-damage|p1a: Serperior|10\/100\n|\n|switch|p2a: Toxapex|Toxapex, M|53\/100|[from]move: U-turn\n|\n|upkeep\n|turn|54\n|\n|move|p1a: Serperior|Leaf Storm|p2a: Toxapex\n|-damage|p2a: Toxapex|0 fnt\n|-boost|p1a: Serperior|spa|2\n|faint|p2a: Toxapex\n|\n|upkeep\n|\n|switch|p2a: Scizor|Scizor-Mega, M|2\/100\n|turn|55\n|\n|move|p2a: Scizor|Bullet Punch|p1a: Serperior\n|-damage|p1a: Serperior|0 fnt\n|faint|p1a: Serperior\n|\n|upkeep\n|\n|switch|p1a: Tornadus|Tornadus-Therian, M|56\/100\n|turn|56\n|\n|move|p2a: Scizor|Bullet Punch|p1a: Tornadus\n|-damage|p1a: Tornadus|19\/100\n|move|p1a: Tornadus|Knock Off|p2a: Scizor\n|-damage|p2a: Scizor|0 fnt\n|faint|p2a: Scizor\n|\n|upkeep\n|\n|switch|p2a: Tapu Koko|Tapu Koko|23\/100\n|-fieldstart|move: Electric Terrain|[from] ability: Electric Surge|[of] p2a: Tapu Koko\n|turn|57\n|\n|move|p2a: Tapu Koko|Thunderbolt|p1a: Tornadus\n|-supereffective|p1a: Tornadus\n|-damage|p1a: Tornadus|0 fnt\n|-damage|p2a: Tapu Koko|13\/100|[from] item: Life Orb\n|faint|p1a: Tornadus\n|\n|win|picitogamer\n|raw|Jakkkkkka's rating: 1544 &rarr; <strong>1523<\/strong><br \/>(-21 for losing)\n|raw|picitogamer's rating: 1523 &rarr; <strong>1544<\/strong><br \/>(+21 for winning)\n|l|\u2606Jakkkkkka\n","uploadtime":1562363566,"views":3,"p1id":"jakkkkkka","p2id":"picitogamer","formatid":"gen7ou","rating":1523,"private":0,"password":null}