{"id":"gen7ou-587379004","p1":"I'm back from mars","p2":"Berserker95","format":"gen7ou","log":"|j|I'm back from mars\n|j|Berserker95\n|player|p1|I'm back from mars|128\n|teamsize|p1|6\n|player|p2|Berserker95|92\n|teamsize|p2|6\n|gametype|singles\n|gen|7\n|tier|[Gen 7] OU\n|rated\n|seed|3021,5465,57868,30313\n|clearpoke\n|poke|p1|Manectric, F|item\n|poke|p1|Landorus-Therian, M|item\n|poke|p1|Tapu Fini|item\n|poke|p1|Tangrowth, M|item\n|poke|p1|Magearna|item\n|poke|p1|Zygarde|item\n|poke|p2|Manectric, F, shiny|item\n|poke|p2|Celesteela|item\n|poke|p2|Garchomp, F, shiny|item\n|poke|p2|Tapu Bulu|item\n|poke|p2|Greninja, M|item\n|poke|p2|Heatran, M, shiny|item\n|rule|Sleep Clause Mod: Limit one foe put to sleep\n|rule|Species Clause: Limit one of each Pok\u00e9mon\n|rule|OHKO Clause: OHKO moves are banned\n|rule|Moody Clause: Moody is banned\n|rule|Evasion Moves Clause: Evasion moves are banned\n|rule|Endless Battle Clause: Forcing endless battles is banned\n|rule|HP Percentage Mod: HP is shown in percentages\n|teampreview\n|inactive|Battle timer is ON: inactive players will automatically lose when time's up. (requested by Berserker95)\n|j|PlayTube97\n|choice|team 6, team 2, team 3, team 4, team 5, team 1|team 5, team 2, team 3, team 4, team 1, team 6\n|\n|start\n|switch|p1a: Zygarde|Zygarde|357\/357\n|switch|p2a: Greninja|Greninja, M|285\/285\n|-ability|p1a: Zygarde|Aura Break\n|turn|1\n|choice|switch 3|move icebeam\n|\n|switch|p1a: Tapu Fini|Tapu Fini|343\/343\n|-fieldstart|move: Misty Terrain|[from] ability: Misty Surge|[of] p1a: Tapu Fini\n|move|p2a: Greninja|Ice Beam|p1a: Tapu Fini\n|-start|p2a: Greninja|typechange|Ice|[from] Protean\n|-resisted|p1a: Tapu Fini\n|-damage|p1a: Tapu Fini|269\/343\n|-damage|p2a: Greninja|257\/285|[from] item: Life Orb\n|\n|-heal|p1a: Tapu Fini|290\/343|[from] item: Leftovers\n|upkeep\n|turn|2\n|choice|switch 3|move gunkshot\n|\n|switch|p1a: Zygarde|Zygarde|357\/357\n|-ability|p1a: Zygarde|Aura Break\n|move|p2a: Greninja|Gunk Shot|p1a: Zygarde\n|-start|p2a: Greninja|typechange|Poison|[from] Protean\n|-resisted|p1a: Zygarde\n|-damage|p1a: Zygarde|287\/357\n|-damage|p2a: Greninja|229\/285|[from] item: Life Orb\n|\n|upkeep\n|turn|3\n|choice|switch 4|switch 3\n|\n|switch|p2a: Garchomp|Garchomp, F, shiny|420\/420\n|switch|p1a: Tangrowth|Tangrowth, M|404\/404\n|\n|upkeep\n|turn|4\n|choice|switch 2|move stealthrock\n|\n|switch|p1a: Landorus|Landorus-Therian, M|331\/331\n|-ability|p1a: Landorus|Intimidate|boost\n|-unboost|p2a: Garchomp|atk|1\n|move|p2a: Garchomp|Stealth Rock|p1a: Landorus\n|-sidestart|p1: I'm back from mars|move: Stealth Rock\n|\n|upkeep\n|turn|5\n|choice|move stealthrock|switch 3\n|\n|switch|p2a: Greninja|Greninja, M|229\/285\n|move|p1a: Landorus|Stealth Rock|p2a: Greninja\n|-sidestart|p2: Berserker95|move: Stealth Rock\n|\n|-fieldend|Misty Terrain\n|upkeep\n|turn|6\n|choice|switch 3|move icebeam\n|\n|switch|p1a: Tapu Fini|Tapu Fini|290\/343\n|-damage|p1a: Tapu Fini|248\/343|[from] Stealth Rock\n|-fieldstart|move: Misty Terrain|[from] ability: Misty Surge|[of] p1a: Tapu Fini\n|move|p2a: Greninja|Ice Beam|p1a: Tapu Fini\n|-start|p2a: Greninja|typechange|Ice|[from] Protean\n|-resisted|p1a: Tapu Fini\n|-damage|p1a: Tapu Fini|175\/343\n|-damage|p2a: Greninja|201\/285|[from] item: Life Orb\n|\n|-heal|p1a: Tapu Fini|196\/343|[from] item: Leftovers\n|upkeep\n|turn|7\n|choice|move moonblast|move gunkshot\n|\n|move|p2a: Greninja|Gunk Shot|p1a: Tapu Fini|[miss]\n|-start|p2a: Greninja|typechange|Poison|[from] Protean\n|-miss|p2a: Greninja|p1a: Tapu Fini\n|move|p1a: Tapu Fini|Moonblast|p2a: Greninja\n|-resisted|p2a: Greninja\n|-damage|p2a: Greninja|135\/285\n|\n|-heal|p1a: Tapu Fini|217\/343|[from] item: Leftovers\n|upkeep\n|turn|8\n|choice|move moonblast|move gunkshot\n|\n|move|p2a: Greninja|Gunk Shot|p1a: Tapu Fini\n|-supereffective|p1a: Tapu Fini\n|-damage|p1a: Tapu Fini|0 fnt\n|-damage|p2a: Greninja|107\/285|[from] item: Life Orb\n|faint|p1a: Tapu Fini\n|\n|upkeep\n|choice|switch 6|\n|\n|switch|p1a: Manectric|Manectric, F|281\/281\n|-damage|p1a: Manectric|246\/281|[from] Stealth Rock\n|turn|9\n|choice|move voltswitch mega|switch 5\n|\n|switch|p2a: Manectric|Manectric, F, shiny|281\/281\n|-damage|p2a: Manectric|246\/281|[from] Stealth Rock\n|detailschange|p1a: Manectric|Manectric-Mega, F\n|-mega|p1a: Manectric|Manectric|Manectite\n|-ability|p1a: Manectric|Intimidate|boost\n|-unboost|p2a: Manectric|atk|1\n|move|p1a: Manectric|Volt Switch|p2a: Manectric\n|-ability|p2a: Manectric|Lightning Rod|boost\n|-boost|p2a: Manectric|spa|1\n|\n|upkeep\n|turn|10\n|choice|move flamethrower|move flamethrower mega\n|\n|detailschange|p2a: Manectric|Manectric-Mega, F, shiny\n|-mega|p2a: Manectric|Manectric|Manectite\n|-ability|p2a: Manectric|Intimidate|boost\n|-unboost|p1a: Manectric|atk|1\n|move|p1a: Manectric|Flamethrower|p2a: Manectric\n|-damage|p2a: Manectric|118\/281\n|move|p2a: Manectric|Flamethrower|p1a: Manectric\n|-damage|p1a: Manectric|51\/281\n|\n|-fieldend|Misty Terrain\n|upkeep\n|turn|11\n|choice|move flamethrower|move hiddenpower\n|\n|move|p1a: Manectric|Flamethrower|p2a: Manectric\n|-damage|p2a: Manectric|0 fnt\n|faint|p2a: Manectric\n|\n|upkeep\n|choice||switch 4\n|\n|switch|p2a: Tapu Bulu|Tapu Bulu|281\/281\n|-damage|p2a: Tapu Bulu|246\/281|[from] Stealth Rock\n|-fieldstart|move: Grassy Terrain|[from] ability: Grassy Surge|[of] p2a: Tapu Bulu\n|turn|12\n|choice|switch 2|move woodhammer\n|\n|switch|p1a: Tangrowth|Tangrowth, M|404\/404\n|-damage|p1a: Tangrowth|354\/404|[from] Stealth Rock\n|move|p2a: Tapu Bulu|Wood Hammer|p1a: Tangrowth\n|-resisted|p1a: Tangrowth\n|-damage|p1a: Tangrowth|233\/404\n|-damage|p2a: Tapu Bulu|206\/281|[from] Recoil|[of] p1a: Tangrowth\n|\n|-heal|p2a: Tapu Bulu|223\/281|[from] Grassy Terrain\n|-heal|p1a: Tangrowth|258\/404|[from] Grassy Terrain\n|upkeep\n|turn|13\n|choice|switch 4|switch 6\n|\n|switch|p2a: Heatran|Heatran, M, shiny|323\/323\n|-damage|p2a: Heatran|283\/323|[from] Stealth Rock\n|switch|p1a: Zygarde|Zygarde|287\/357\n|-damage|p1a: Zygarde|265\/357|[from] Stealth Rock\n|-ability|p1a: Zygarde|Aura Break\n|\n|-heal|p1a: Zygarde|287\/357|[from] Grassy Terrain\n|-heal|p2a: Heatran|303\/323|[from] Grassy Terrain\n|upkeep\n|turn|14\n|choice|move irontail|switch 3\n|\n|switch|p2a: Garchomp|Garchomp, F, shiny|420\/420\n|-damage|p2a: Garchomp|394\/420|[from] Stealth Rock\n|move|p1a: Zygarde|Iron Tail|p2a: Garchomp\n|-damage|p2a: Garchomp|281\/420\n|-damage|p1a: Zygarde|243\/357|[from] ability: Rough Skin|[of] p2a: Garchomp\n|-damage|p1a: Zygarde|184\/357|[from] item: Rocky Helmet|[of] p2a: Garchomp\n|-unboost|p2a: Garchomp|def|1\n|\n|-heal|p1a: Zygarde|206\/357|[from] Grassy Terrain\n|-heal|p2a: Garchomp|307\/420|[from] Grassy Terrain\n|upkeep\n|turn|15\n|l|PlayTube97\n|choice|switch 3|move fireblast\n|\n|switch|p1a: Landorus|Landorus-Therian, M|331\/331\n|-damage|p1a: Landorus|290\/331|[from] Stealth Rock\n|-ability|p1a: Landorus|Intimidate|boost\n|-unboost|p2a: Garchomp|atk|1\n|move|p2a: Garchomp|Fire Blast|p1a: Landorus|[miss]\n|-miss|p2a: Garchomp|p1a: Landorus\n|\n|-heal|p2a: Garchomp|333\/420|[from] Grassy Terrain\n|upkeep\n|turn|16\n|choice|move smackdown|switch 2\n|\n|switch|p2a: Celesteela|Celesteela|398\/398\n|-damage|p2a: Celesteela|349\/398|[from] Stealth Rock\n|move|p1a: Landorus|Smack Down|p2a: Celesteela\n|-damage|p2a: Celesteela|280\/398\n|-start|p2a: Celesteela|Smack Down\n|\n|-heal|p2a: Celesteela|304\/398|[from] item: Leftovers\n|-heal|p2a: Celesteela|328\/398|[from] Grassy Terrain\n|-fieldend|move: Grassy Terrain\n|upkeep\n|turn|17\n|choice|move hiddenpower|switch 6\n|\n|switch|p2a: Tapu Bulu|Tapu Bulu|223\/281\n|-damage|p2a: Tapu Bulu|188\/281|[from] Stealth Rock\n|-fieldstart|move: Grassy Terrain|[from] ability: Grassy Surge|[of] p2a: Tapu Bulu\n|move|p1a: Landorus|Hidden Power|p2a: Tapu Bulu\n|-supereffective|p2a: Tapu Bulu\n|-damage|p2a: Tapu Bulu|94\/281\n|\n|-heal|p2a: Tapu Bulu|111\/281|[from] Grassy Terrain\n|upkeep\n|turn|18\n|choice|switch 4|move hornleech\n|\n|switch|p1a: Tangrowth|Tangrowth, M|392\/404\n|-damage|p1a: Tangrowth|342\/404|[from] Stealth Rock\n|move|p2a: Tapu Bulu|Horn Leech|p1a: Tangrowth\n|-resisted|p1a: Tangrowth\n|-damage|p1a: Tangrowth|255\/404\n|-heal|p2a: Tapu Bulu|155\/281|[from] drain|[of] p1a: Tangrowth\n|\n|-heal|p2a: Tapu Bulu|172\/281|[from] Grassy Terrain\n|-heal|p1a: Tangrowth|280\/404|[from] Grassy Terrain\n|upkeep\n|turn|19\n|choice|move knockoff|switch 3\n|\n|switch|p2a: Heatran|Heatran, M, shiny|303\/323\n|-damage|p2a: Heatran|263\/323|[from] Stealth Rock\n|move|p1a: Tangrowth|Knock Off|p2a: Heatran\n|-damage|p2a: Heatran|211\/323\n|\n|-heal|p2a: Heatran|231\/323|[from] Grassy Terrain\n|-heal|p1a: Tangrowth|305\/404|[from] Grassy Terrain\n|upkeep\n|turn|20\n|choice|switch 2|move magmastorm\n|\n|switch|p1a: Manectric|Manectric-Mega, F|51\/281\n|-damage|p1a: Manectric|16\/281|[from] Stealth Rock\n|-ability|p1a: Manectric|Intimidate|boost\n|-unboost|p2a: Heatran|atk|1\n|move|p2a: Heatran|Magma Storm|p1a: Manectric|[miss]\n|-miss|p2a: Heatran|p1a: Manectric\n|\n|-heal|p1a: Manectric|33\/281|[from] Grassy Terrain\n|-heal|p2a: Heatran|251\/323|[from] Grassy Terrain\n|upkeep\n|turn|21\n|choice|move thunderbolt|move flashcannon\n|\n|move|p1a: Manectric|Thunderbolt|p2a: Heatran\n|-damage|p2a: Heatran|107\/323\n|move|p2a: Heatran|Flash Cannon|p1a: Manectric\n|-resisted|p1a: Manectric\n|-crit|p1a: Manectric\n|-damage|p1a: Manectric|0 fnt\n|faint|p1a: Manectric\n|\n|-heal|p2a: Heatran|127\/323|[from] Grassy Terrain\n|-fieldend|move: Grassy Terrain\n|upkeep\n|choice|switch 3|\n|\n|switch|p1a: Zygarde|Zygarde|206\/357\n|-damage|p1a: Zygarde|184\/357|[from] Stealth Rock\n|-ability|p1a: Zygarde|Aura Break\n|turn|22\n|choice|move thousandarrows|switch 2\n|\n|switch|p2a: Garchomp|Garchomp, F, shiny|333\/420\n|-damage|p2a: Garchomp|307\/420|[from] Stealth Rock\n|move|p1a: Zygarde|Thousand Arrows|p2a: Garchomp\n|-damage|p2a: Garchomp|151\/420\n|\n|upkeep\n|turn|23\n|choice|move thousandarrows|switch 3\n|\n|switch|p2a: Tapu Bulu|Tapu Bulu|172\/281\n|-damage|p2a: Tapu Bulu|137\/281|[from] Stealth Rock\n|-fieldstart|move: Grassy Terrain|[from] ability: Grassy Surge|[of] p2a: Tapu Bulu\n|move|p1a: Zygarde|Thousand Arrows|p2a: Tapu Bulu\n|-resisted|p2a: Tapu Bulu\n|-damage|p2a: Tapu Bulu|44\/281\n|\n|-heal|p2a: Tapu Bulu|61\/281|[from] Grassy Terrain\n|-heal|p1a: Zygarde|206\/357|[from] Grassy Terrain\n|upkeep\n|turn|24\n|choice|switch 2|move hornleech\n|\n|switch|p1a: Tangrowth|Tangrowth, M|404\/404\n|-damage|p1a: Tangrowth|354\/404|[from] Stealth Rock\n|move|p2a: Tapu Bulu|Horn Leech|p1a: Tangrowth\n|-resisted|p1a: Tangrowth\n|-damage|p1a: Tangrowth|266\/404\n|-heal|p2a: Tapu Bulu|105\/281|[from] drain|[of] p1a: Tangrowth\n|\n|-heal|p2a: Tapu Bulu|122\/281|[from] Grassy Terrain\n|-heal|p1a: Tangrowth|291\/404|[from] Grassy Terrain\n|upkeep\n|turn|25\n|choice|switch 2|switch 3\n|\n|switch|p2a: Garchomp|Garchomp, F, shiny|151\/420\n|-damage|p2a: Garchomp|125\/420|[from] Stealth Rock\n|switch|p1a: Zygarde|Zygarde|206\/357\n|-damage|p1a: Zygarde|184\/357|[from] Stealth Rock\n|-ability|p1a: Zygarde|Aura Break\n|\n|-heal|p1a: Zygarde|206\/357|[from] Grassy Terrain\n|-heal|p2a: Garchomp|151\/420|[from] Grassy Terrain\n|upkeep\n|turn|26\n|choice|move thousandarrows|move dragontail\n|\n|move|p1a: Zygarde|Thousand Arrows|p2a: Garchomp\n|-damage|p2a: Garchomp|0 fnt\n|faint|p2a: Garchomp\n|\n|-heal|p1a: Zygarde|228\/357|[from] Grassy Terrain\n|upkeep\n|choice||switch 5\n|\n|switch|p2a: Greninja|Greninja, M|107\/285\n|-damage|p2a: Greninja|72\/285|[from] Stealth Rock\n|turn|27\n|choice|switch 5|move icebeam\n|\n|switch|p1a: Magearna|Magearna|301\/301\n|-damage|p1a: Magearna|283\/301|[from] Stealth Rock\n|move|p2a: Greninja|Ice Beam|p1a: Magearna\n|-start|p2a: Greninja|typechange|Ice|[from] Protean\n|-resisted|p1a: Magearna\n|-crit|p1a: Magearna\n|-damage|p1a: Magearna|174\/301\n|-damage|p2a: Greninja|44\/285|[from] item: Life Orb\n|\n|-heal|p2a: Greninja|61\/285|[from] Grassy Terrain\n|-heal|p1a: Magearna|192\/301|[from] Grassy Terrain\n|-fieldend|move: Grassy Terrain\n|upkeep\n|turn|28\n|choice|move shiftgear|move surf\n|\n|move|p2a: Greninja|Surf|p1a: Magearna\n|-start|p2a: Greninja|typechange|Water|[from] Protean\n|-damage|p1a: Magearna|36\/301\n|-damage|p2a: Greninja|33\/285|[from] item: Life Orb\n|move|p1a: Magearna|Shift Gear|p1a: Magearna\n|-boost|p1a: Magearna|spe|2\n|-boost|p1a: Magearna|atk|1\n|\n|upkeep\n|turn|29\n|choice|move thunderbolt|move surf\n|\n|move|p1a: Magearna|Thunderbolt|p2a: Greninja\n|-supereffective|p2a: Greninja\n|-damage|p2a: Greninja|0 fnt\n|faint|p2a: Greninja\n|-ability|p1a: Magearna|Soul-Heart|boost\n|-boost|p1a: Magearna|spa|1\n|\n|upkeep\n|choice||switch 3\n|\n|switch|p2a: Tapu Bulu|Tapu Bulu|122\/281\n|-damage|p2a: Tapu Bulu|87\/281|[from] Stealth Rock\n|-fieldstart|move: Grassy Terrain|[from] ability: Grassy Surge|[of] p2a: Tapu Bulu\n|turn|30\n|choice|move flashcannon|move hornleech\n|\n|move|p1a: Magearna|Flash Cannon|p2a: Tapu Bulu\n|-supereffective|p2a: Tapu Bulu\n|-damage|p2a: Tapu Bulu|0 fnt\n|faint|p2a: Tapu Bulu\n|-ability|p1a: Magearna|Soul-Heart|boost\n|-boost|p1a: Magearna|spa|1\n|\n|-heal|p1a: Magearna|54\/301|[from] Grassy Terrain\n|upkeep\n|-message|Berserker95 forfeited.\n|\n|win|I'm back from mars\n|l|Berserker95\n|raw|I&apos;m back from mars's rating: 1742 &rarr; <strong>1753<\/strong><br \/>(+11 for winning)\n|raw|Berserker95's rating: 1591 &rarr; <strong>1579<\/strong><br \/>(-12 for losing)","inputlog":null,"uploadtime":1496842535,"views":2,"p1id":"imbackfrommars","p2id":"berserker95","formatid":"gen7ou","rating":1579,"private":0,"password":null}