{"id":"gen8bdspou-1482047912","p1":"stopthreat","p2":"Kinn Crimson","format":"gen8bdspou","log":"|j|\u2606stopthreat\n|j|\u2606Kinn Crimson\n|t:|1640814290\n|gametype|singles\n|player|p1|stopthreat|bugcatcher-gen4dp|1538\n|player|p2|Kinn Crimson|cameraman|1546\n|teamsize|p1|6\n|teamsize|p2|6\n|gen|8\n|tier|[Gen 8 BDSP] OU\n|rated|\n|rule|Sleep Clause Mod: Limit one foe put to sleep\n|rule|Species Clause: Limit one of each Pok\u00e9mon\n|rule|OHKO Clause: OHKO moves are banned\n|rule|Evasion Moves Clause: Evasion moves are banned\n|rule|Endless Battle Clause: Forcing endless battles is banned\n|rule|HP Percentage Mod: HP is shown in percentages\n|clearpoke\n|poke|p1|Kingdra, M|\n|poke|p1|Mew|\n|poke|p1|Donphan, F|\n|poke|p1|Cresselia, F|\n|poke|p1|Feraligatr, M|\n|poke|p1|Lucario, M|\n|poke|p2|Gliscor, M|\n|poke|p2|Rotom-Wash|\n|poke|p2|Scizor, M|\n|poke|p2|Starmie|\n|poke|p2|Clefable, F|\n|poke|p2|Donphan, F|\n|teampreview\n|\n|t:|1640814305\n|start\n|switch|p1a: Mew|Mew|100\/100\n|switch|p2a: Gliscor|Gliscor, M|100\/100\n|turn|1\n|inactive|Battle timer is ON: inactive players will automatically lose when time's up. (requested by Kinn Crimson)\n|j| ddddddabai\n|\n|t:|1640814318\n|move|p1a: Mew|Taunt|p2a: Gliscor\n|-start|p2a: Gliscor|move: Taunt\n|move|p2a: Gliscor|Knock Off|p1a: Mew\n|-supereffective|p1a: Mew\n|-damage|p1a: Mew|65\/100\n|-enditem|p1a: Mew|Light Clay|[from] move: Knock Off|[of] p2a: Gliscor\n|\n|-status|p2a: Gliscor|tox|[from] item: Toxic Orb\n|upkeep\n|turn|2\n|\n|t:|1640814327\n|move|p1a: Mew|Reflect|p1a: Mew\n|-sidestart|p1: stopthreat|Reflect\n|move|p2a: Gliscor|Knock Off|p1a: Mew\n|-supereffective|p1a: Mew\n|-damage|p1a: Mew|53\/100\n|\n|upkeep\n|turn|3\n|\n|t:|1640814342\n|switch|p2a: Rotom|Rotom-Wash|100\/100\n|move|p1a: Mew|Light Screen|p1a: Mew\n|-sidestart|p1: stopthreat|move: Light Screen\n|\n|upkeep\n|turn|4\n|\n|t:|1640814352\n|move|p1a: Mew|Explosion|p2a: Rotom\n|-damage|p2a: Rotom|53\/100\n|faint|p1a: Mew\n|move|p2a: Rotom|Volt Switch|p1: Mew|[notarget]\n|-fail|p2a: Rotom\n|\n|-heal|p2a: Rotom|60\/100|[from] item: Leftovers\n|upkeep\n|\n|t:|1640814358\n|switch|p1a: Kingdra|Kingdra, M|100\/100\n|turn|5\n|\n|t:|1640814360\n|move|p2a: Rotom|Protect|p2a: Rotom\n|-singleturn|p2a: Rotom|Protect\n|move|p1a: Kingdra|Focus Energy|p1a: Kingdra\n|-start|p1a: Kingdra|move: Focus Energy\n|\n|-heal|p2a: Rotom|66\/100|[from] item: Leftovers\n|upkeep\n|turn|6\n|\n|t:|1640814374\n|switch|p2a: Scizor|Scizor, M|100\/100\n|move|p1a: Kingdra|Agility|p1a: Kingdra\n|-boost|p1a: Kingdra|spe|2\n|\n|-sideend|p1: stopthreat|Reflect\n|upkeep\n|turn|7\n|\n|t:|1640814380\n|move|p1a: Kingdra|Surf|p2a: Scizor\n|-crit|p2a: Scizor\n|-damage|p2a: Scizor|30\/100\n|move|p2a: Scizor|U-turn|p1a: Kingdra\n|-damage|p1a: Kingdra|62\/100\n|\n|t:|1640814391\n|switch|p2a: Donphan|Donphan, F|100\/100|[from]move: U-turn\n|\n|-sideend|p1: stopthreat|move: Light Screen\n|upkeep\n|turn|8\n|\n|t:|1640814394\n|move|p1a: Kingdra|Surf|p2a: Donphan\n|-supereffective|p2a: Donphan\n|-crit|p2a: Donphan\n|-ability|p2a: Donphan|Sturdy\n|-damage|p2a: Donphan|1\/100\n|move|p2a: Donphan|Earthquake|p1a: Kingdra\n|-damage|p1a: Kingdra|0 fnt\n|faint|p1a: Kingdra\n|\n|upkeep\n|\n|t:|1640814401\n|switch|p1a: Donphan|Donphan, F|100\/100\n|turn|9\n|\n|t:|1640814420\n|move|p2a: Donphan|Stealth Rock|p1a: Donphan\n|-sidestart|p1: stopthreat|move: Stealth Rock\n|move|p1a: Donphan|Rapid Spin|p2a: Donphan\n|-damage|p2a: Donphan|0 fnt\n|-boost|p1a: Donphan|spe|1\n|-sideend|p1: stopthreat|Stealth Rock|[from] move: Rapid Spin|[of] p1a: Donphan\n|faint|p2a: Donphan\n|\n|upkeep\n|\n|t:|1640814431\n|switch|p2a: Starmie|Starmie|100\/100\n|turn|10\n|\n|t:|1640814437\n|move|p2a: Starmie|Hydro Pump|p1a: Donphan\n|-supereffective|p1a: Donphan\n|-ability|p1a: Donphan|Sturdy\n|-damage|p1a: Donphan|1\/100\n|-damage|p2a: Starmie|91\/100|[from] item: Life Orb\n|move|p1a: Donphan|Stealth Rock|p2a: Starmie\n|-sidestart|p2: Kinn Crimson|move: Stealth Rock\n|\n|upkeep\n|turn|11\n|-enditem|p1a: Donphan|Custap Berry|[eat]\n|-activate|p1a: Donphan|item: Custap Berry|[consumed]\n|\n|t:|1640814445\n|move|p1a: Donphan|Earthquake|p2a: Starmie\n|-damage|p2a: Starmie|14\/100\n|move|p2a: Starmie|Rapid Spin|p1a: Donphan\n|-damage|p1a: Donphan|0 fnt\n|-boost|p2a: Starmie|spe|1\n|-sideend|p2: Kinn Crimson|Stealth Rock|[from] move: Rapid Spin|[of] p2a: Starmie\n|faint|p1a: Donphan\n|-damage|p2a: Starmie|4\/100|[from] item: Life Orb\n|\n|upkeep\n|\n|t:|1640814452\n|switch|p1a: Cresselia|Cresselia, F|100\/100\n|turn|12\n|\n|t:|1640814457\n|move|p2a: Starmie|Hydro Pump|p1a: Cresselia\n|-damage|p1a: Cresselia|63\/100\n|-damage|p2a: Starmie|0 fnt|[from] item: Life Orb\n|faint|p2a: Starmie\n|move|p1a: Cresselia|Psychic|p2: Starmie|[notarget]\n|-fail|p1a: Cresselia\n|\n|upkeep\n|\n|t:|1640814468\n|switch|p2a: Scizor|Scizor, M|30\/100\n|turn|13\n|\n|t:|1640814476\n|switch|p1a: Feraligatr|Feraligatr, M|100\/100\n|move|p2a: Scizor|Roost|p2a: Scizor\n|-heal|p2a: Scizor|80\/100\n|-singleturn|p2a: Scizor|move: Roost\n|\n|-heal|p2a: Scizor|86\/100|[from] item: Leftovers\n|upkeep\n|turn|14\n|\n|t:|1640814480\n|move|p1a: Feraligatr|Waterfall|p2a: Scizor\n|-damage|p2a: Scizor|20\/100\n|move|p2a: Scizor|U-turn|p1a: Feraligatr\n|-damage|p1a: Feraligatr|68\/100\n|\n|t:|1640814487\n|switch|p2a: Rotom|Rotom-Wash|66\/100|[from]move: U-turn\n|\n|-heal|p2a: Rotom|72\/100|[from] item: Leftovers\n|upkeep\n|turn|15\n|\n|t:|1640814493\n|switch|p1a: Cresselia|Cresselia, F|63\/100\n|move|p2a: Rotom|Volt Switch|p1a: Cresselia\n|-damage|p1a: Cresselia|48\/100\n|\n|t:|1640814501\n|switch|p2a: Scizor|Scizor, M|20\/100|[from]move: Volt Switch\n|\n|-heal|p2a: Scizor|26\/100|[from] item: Leftovers\n|upkeep\n|turn|16\n|\n|t:|1640814506\n|move|p1a: Cresselia|Reflect|p1a: Cresselia\n|-sidestart|p1: stopthreat|Reflect\n|move|p2a: Scizor|U-turn|p1a: Cresselia\n|-supereffective|p1a: Cresselia\n|-damage|p1a: Cresselia|34\/100\n|\n|t:|1640814511\n|switch|p2a: Clefable|Clefable, F|100\/100|[from]move: U-turn\n|\n|upkeep\n|turn|17\n|\n|t:|1640814525\n|move|p1a: Cresselia|Light Screen|p1a: Cresselia\n|-sidestart|p1: stopthreat|move: Light Screen\n|move|p2a: Clefable|Thunder Wave|p1a: Cresselia\n|-status|p1a: Cresselia|par\n|\n|upkeep\n|turn|18\n|\n|t:|1640814532\n|switch|p1a: Lucario|Lucario, M|100\/100\n|move|p2a: Clefable|Moonblast|p1a: Lucario\n|-damage|p1a: Lucario|75\/100\n|\n|upkeep\n|turn|19\n|\n|t:|1640814540\n|move|p1a: Lucario|Meteor Mash|p2a: Clefable\n|-supereffective|p2a: Clefable\n|-damage|p2a: Clefable|13\/100\n|-damage|p1a: Lucario|65\/100|[from] item: Life Orb\n|move|p2a: Clefable|Thunder Wave|p1a: Lucario\n|-status|p1a: Lucario|par\n|\n|-heal|p2a: Clefable|20\/100|[from] item: Leftovers\n|upkeep\n|turn|20\n|\n|t:|1640814548\n|move|p2a: Clefable|Wish|p2a: Clefable\n|cant|p1a: Lucario|par\n|\n|-heal|p2a: Clefable|26\/100|[from] item: Leftovers\n|upkeep\n|turn|21\n|\n|t:|1640814552\n|switch|p2a: Scizor|Scizor, M|26\/100\n|move|p1a: Lucario|Swords Dance|p1a: Lucario\n|-boost|p1a: Lucario|atk|2\n|\n|-heal|p2a: Scizor|83\/100|[from] move: Wish|[wisher] Clefable\n|-heal|p2a: Scizor|89\/100|[from] item: Leftovers\n|upkeep\n|turn|22\n|\n|t:|1640814560\n|move|p2a: Scizor|U-turn|p1a: Lucario\n|-resisted|p1a: Lucario\n|-damage|p1a: Lucario|59\/100 par\n|\n|t:|1640814569\n|switch|p2a: Clefable|Clefable, F|26\/100|[from]move: U-turn\n|move|p1a: Lucario|Close Combat|p2a: Clefable\n|-resisted|p2a: Clefable\n|-damage|p2a: Clefable|0 fnt\n|-unboost|p1a: Lucario|def|1\n|-unboost|p1a: Lucario|spd|1\n|faint|p2a: Clefable\n|-damage|p1a: Lucario|49\/100 par|[from] item: Life Orb\n|\n|upkeep\n|\n|t:|1640814577\n|switch|p2a: Rotom|Rotom-Wash|72\/100\n|turn|23\n|\n|t:|1640814584\n|move|p2a: Rotom|Hydro Pump|p1a: Lucario\n|-damage|p1a: Lucario|0 fnt\n|faint|p1a: Lucario\n|\n|-heal|p2a: Rotom|78\/100|[from] item: Leftovers\n|-sideend|p1: stopthreat|Reflect\n|upkeep\n|\n|t:|1640814588\n|switch|p1a: Cresselia|Cresselia, F|34\/100 par\n|turn|24\n|\n|t:|1640814593\n|move|p2a: Rotom|Hydro Pump|p1a: Cresselia|[miss]\n|-miss|p2a: Rotom|p1a: Cresselia\n|move|p1a: Cresselia|Psychic|p2a: Rotom\n|-damage|p2a: Rotom|50\/100\n|\n|-heal|p2a: Rotom|56\/100|[from] item: Leftovers\n|-sideend|p1: stopthreat|move: Light Screen\n|upkeep\n|turn|25\n|\n|t:|1640814599\n|move|p2a: Rotom|Volt Switch|p1a: Cresselia\n|-damage|p1a: Cresselia|19\/100 par\n|j| plague the part\n|\n|t:|1640814601\n|switch|p2a: Scizor|Scizor, M|89\/100|[from]move: Volt Switch\n|cant|p1a: Cresselia|par\n|\n|-heal|p2a: Scizor|95\/100|[from] item: Leftovers\n|upkeep\n|turn|26\n|\n|t:|1640814606\n|move|p2a: Scizor|Swords Dance|p2a: Scizor\n|-boost|p2a: Scizor|atk|2\n|cant|p1a: Cresselia|par\n|\n|-heal|p2a: Scizor|100\/100|[from] item: Leftovers\n|upkeep\n|turn|27\n|\n|t:|1640814609\n|move|p2a: Scizor|Swords Dance|p2a: Scizor\n|-boost|p2a: Scizor|atk|2\n|move|p1a: Cresselia|Lunar Dance|p1a: Cresselia\n|faint|p1a: Cresselia\n|\n|upkeep\n|\n|t:|1640814614\n|switch|p1a: Feraligatr|Feraligatr, M|68\/100\n|-heal|p1a: Feraligatr|100\/100|[from] move: Lunar Dance\n|turn|28\n|\n|t:|1640814617\n|move|p2a: Scizor|Bullet Punch|p1a: Feraligatr\n|-resisted|p1a: Feraligatr\n|-damage|p1a: Feraligatr|55\/100\n|move|p1a: Feraligatr|Dragon Dance|p1a: Feraligatr\n|-boost|p1a: Feraligatr|atk|1\n|-boost|p1a: Feraligatr|spe|1\n|\n|upkeep\n|turn|29\n|\n|t:|1640814621\n|move|p2a: Scizor|Bullet Punch|p1a: Feraligatr\n|-resisted|p1a: Feraligatr\n|-damage|p1a: Feraligatr|14\/100\n|move|p1a: Feraligatr|Waterfall|p2a: Scizor\n|-damage|p2a: Scizor|0 fnt\n|faint|p2a: Scizor\n|\n|upkeep\n|\n|t:|1640814627\n|switch|p2a: Rotom|Rotom-Wash|56\/100\n|turn|30\n|\n|t:|1640814630\n|move|p2a: Rotom|Protect|p2a: Rotom\n|-singleturn|p2a: Rotom|Protect\n|move|p1a: Feraligatr|Crunch|p2a: Rotom\n|-activate|p2a: Rotom|move: Protect\n|\n|-heal|p2a: Rotom|62\/100|[from] item: Leftovers\n|upkeep\n|turn|31\n|\n|t:|1640814633\n|move|p1a: Feraligatr|Crunch|p2a: Rotom\n|-damage|p2a: Rotom|0 fnt\n|faint|p2a: Rotom\n|\n|upkeep\n|\n|t:|1640814636\n|switch|p2a: Gliscor|Gliscor, M|100\/100 tox\n|turn|32\n|\n|t:|1640814638\n|move|p1a: Feraligatr|Waterfall|p2a: Gliscor\n|-supereffective|p2a: Gliscor\n|-damage|p2a: Gliscor|0 fnt\n|faint|p2a: Gliscor\n|\n|win|stopthreat\n|raw|stopthreat's rating: 1554 &rarr; <strong>1574<\/strong><br \/>(+20 for winning)\n|raw|Kinn Crimson's rating: 1546 &rarr; <strong>1526<\/strong><br \/>(-20 for losing)\n|l|\u2606Kinn Crimson\n|l|\u2606stopthreat\n","uploadtime":1640814675,"views":14,"p1id":"stopthreat","p2id":"kinncrimson","formatid":"gen8bdspou","rating":1526,"private":0,"password":null}