{"id":"gen8freeforall-1706958773","p1":"DBTacoz","p2":"PWR_Pichu","format":"gen8freeforall","log":"|j|\u2606DBTacoz\n|j|\u2606PWR_Pichu\n|j|\u2606YoungUnified\n|j|\u2606boi in the back\n|t:|1668036380\n|gametype|freeforall\n|player|p1|DBTacoz|ethan|\n|player|p2|PWR_Pichu|pokekid|\n|player|p3|YoungUnified|psychicf|\n|player|p4|boi in the back|dawn|\n|teamsize|p1|6\n|teamsize|p2|6\n|teamsize|p3|6\n|teamsize|p4|6\n|gen|8\n|tier|[Gen 8] Free-For-All\n|rule|Species Clause: Limit one of each Pok\u00e9mon\n|rule|OHKO Clause: OHKO moves are banned\n|rule|Evasion Moves Clause: Evasion moves are banned\n|rule|Endless Battle Clause: Forcing endless battles is banned\n|rule|HP Percentage Mod: HP is shown in percentages\n|rule|Sleep Clause Mod: Limit one foe put to sleep\n|rule|Dynamax Clause: You cannot dynamax\n|clearpoke\n|poke|p1|Flareon, M|\n|poke|p1|Excadrill, M|\n|poke|p1|Azumarill, F|\n|poke|p1|Appletun, M|\n|poke|p1|Zoroark, M|\n|poke|p1|Porygon-Z|\n|poke|p2|Ditto|\n|poke|p2|Pichu, F|\n|poke|p2|Celebi|\n|poke|p2|Diglett, M|\n|poke|p2|Magneton|\n|poke|p2|Weezing-Galar, F|\n|poke|p3|Caterpie, F|\n|poke|p3|Zeraora|\n|poke|p3|Applin, F|\n|poke|p3|Dottler, M|\n|poke|p3|Tirtouga, M|\n|poke|p3|Lanturn, F|\n|poke|p4|Landorus-Therian, M|\n|poke|p4|Sylveon, F|\n|poke|p4|Genesect|\n|poke|p4|Scrafty, M|\n|poke|p4|Zygarde|\n|poke|p4|Blastoise, M|\n|teampreview\n|inactive|Battle timer is ON: inactive players will automatically lose when time's up. (requested by boi in the back)\n|inactive|YoungUnified also wants the timer to be on.\n|c|\u2606PWR_Pichu|hi\n|c|\u2606YoungUnified|sup\n|\n|t:|1668036402\n|start\n|switch|p1a: Porygon 404|Porygon-Z|100\/100\n|switch|p2a: goo|Ditto|100\/100\n|switch|p3b: JustAnOreo|Tirtouga, M, shiny|100\/100\n|switch|p4b: Zygarde|Zygarde|100\/100\n|-ability|p4b: Zygarde|Aura Break\n|-transform|p2a: goo|p1a: Porygon 404|[from] ability: Imposter\n|turn|1\n|c|\u2606boi in the back|are we like the only 6 that play this\n|c|\u2606YoungUnified|i got me a full fam for yall\n|c|\u2606YoungUnified|lol yeah\n|inactive|PWR_Pichu has 120 seconds left.\n|\n|t:|1668036433\n|move|p1a: Porygon 404|Tri Attack|p4b: Zygarde\n|-crit|p4b: Zygarde\n|-damage|p4b: Zygarde|26\/100\n|move|p2a: goo|Tri Attack|p1a: Porygon 404\n|-damage|p1a: Porygon 404|14\/100\n|move|p4b: Zygarde|Coil|p4b: Zygarde\n|-boost|p4b: Zygarde|atk|1\n|-boost|p4b: Zygarde|def|1\n|-boost|p4b: Zygarde|accuracy|1\n|move|p3b: JustAnOreo|Shell Smash|p3b: JustAnOreo\n|-unboost|p3b: JustAnOreo|def|1\n|-unboost|p3b: JustAnOreo|spd|1\n|-boost|p3b: JustAnOreo|atk|2\n|-boost|p3b: JustAnOreo|spa|2\n|-boost|p3b: JustAnOreo|spe|2\n|\n|-heal|p4b: Zygarde|32\/100|[from] item: Leftovers\n|upkeep\n|turn|2\n|c|\u2606YoungUnified|just the same 6 people\n|j| sansssss12\n|c|\u2606DBTacoz|ive seen a number of other regulars on other days\n|c| sansssss12|aww\n|inactive|PWR_Pichu has 120 seconds left.\n|c| sansssss12|i just missed this game\n|\n|t:|1668036461\n|move|p4b: Zygarde|Extreme Speed|p1a: Porygon 404\n|-damage|p1a: Porygon 404|0 fnt\n|faint|p1a: Porygon 404\n|move|p2a: goo|Thunderbolt|p1: Porygon 404|[notarget]\n|-fail|p2a: goo\n|move|p3b: JustAnOreo|Shell Smash|p3b: JustAnOreo\n|-unboost|p3b: JustAnOreo|def|1\n|-unboost|p3b: JustAnOreo|spd|1\n|-boost|p3b: JustAnOreo|atk|2\n|-boost|p3b: JustAnOreo|spa|2\n|-boost|p3b: JustAnOreo|spe|2\n|\n|-heal|p4b: Zygarde|39\/100|[from] item: Leftovers\n|upkeep\n|c|\u2606YoungUnified|yeah\n|c| sansssss12|lol gl\n|inactive|DBTacoz has 120 seconds left.\n|l| sansssss12\n|\n|t:|1668036475\n|switch|p1a: Azumarill|Azumarill, F|100\/100\n|turn|3\n|\n|t:|1668036486\n|move|p3b: JustAnOreo|Shell Smash|p3b: JustAnOreo\n|-unboost|p3b: JustAnOreo|def|1\n|-unboost|p3b: JustAnOreo|spd|1\n|-boost|p3b: JustAnOreo|atk|2\n|-boost|p3b: JustAnOreo|spa|2\n|-boost|p3b: JustAnOreo|spe|2\n|move|p2a: goo|Shadow Ball|p3b: JustAnOreo\n|-ability|p3b: JustAnOreo|Sturdy\n|-damage|p3b: JustAnOreo|1\/100\n|-enditem|p3b: JustAnOreo|Berry Juice\n|-heal|p3b: JustAnOreo|9\/100|[from] item: Berry Juice\n|move|p4b: Zygarde|Thousand Arrows|p2a: goo|[spread] p1a,p2a,p3b\n|-supereffective|p3b: JustAnOreo\n|-damage|p1a: Azumarill|66\/100\n|-damage|p2a: goo|37\/100\n|-damage|p3b: JustAnOreo|0 fnt\n|faint|p3b: JustAnOreo\n|move|p1a: Azumarill|Play Rough|p4b: Zygarde\n|-supereffective|p4b: Zygarde\n|-damage|p4b: Zygarde|0 fnt\n|faint|p4b: Zygarde\n|\n|upkeep\n|c|\u2606YoungUnified|why\n|c|\u2606YoungUnified|da baby\\\n|c|\u2606PWR_Pichu|goo\n|\n|t:|1668036511\n|switch|p4b: Genesect|Genesect, shiny|100\/100\n|switch|p3b: ShinyJuzez|Dottler, M, shiny|100\/100\n|-ability|p4b: Genesect|Download|boost\n|-boost|p4b: Genesect|atk|1\n|turn|4\n|\n|t:|1668036526\n|move|p1a: Azumarill|Aqua Jet|p2a: goo\n|-damage|p2a: goo|0 fnt\n|faint|p2a: goo\n|move|p4b: Genesect|Shift Gear|p4b: Genesect\n|-boost|p4b: Genesect|spe|2\n|-boost|p4b: Genesect|atk|1\n|move|p3b: ShinyJuzez|Infestation|p1a: Azumarill\n|-resisted|p1a: Azumarill\n|-damage|p1a: Azumarill|64\/100\n|-activate|p1a: Azumarill|move: Infestation|[of] p3b: ShinyJuzez\n|\n|-damage|p3b: ShinyJuzez|88\/100|[from] item: Black Sludge\n|-damage|p1a: Azumarill|52\/100|[from] move: Infestation|[partiallytrapped]\n|upkeep\n|c|\u2606YoungUnified|goo\n|\n|t:|1668036536\n|switch|p2a: Weezing|Weezing-Galar, F|100\/100\n|-fieldstart|move: Misty Terrain|[from] ability: Misty Surge|[of] p2a: Weezing\n|turn|5\n|j| sansssss12\n|l| sansssss12\n|c|\u2606PWR_Pichu|weez here to support\n|\n|t:|1668036561\n|move|p4b: Genesect|Iron Head|p1a: Azumarill\n|-damage|p1a: Azumarill|0 fnt\n|faint|p1a: Azumarill\n|-damage|p4b: Genesect|91\/100|[from] item: Life Orb\n|move|p2a: Weezing|Aromatherapy||[still]\n|-activate|p2a: Weezing|move: Aromatherapy\n|-fail|p2a: Weezing\n|move|p3b: ShinyJuzez|Infestation|p4b: Genesect\n|-resisted|p4b: Genesect\n|-damage|p4b: Genesect|88\/100\n|-activate|p4b: Genesect|move: Infestation|[of] p3b: ShinyJuzez\n|\n|-damage|p3b: ShinyJuzez|76\/100|[from] item: Black Sludge\n|-damage|p4b: Genesect|76\/100|[from] move: Infestation|[partiallytrapped]\n|upkeep\n|\n|t:|1668036576\n|switch|p1a: Flareon|Flareon, M|100\/100\n|turn|6\n|c|\u2606YoungUnified|spear leafover?\n|c|\u2606YoungUnified|spear leafover?\n|inactive|boi in the back has 120 seconds left.\n|\n|t:|1668036610\n|move|p4b: Genesect|Leech Life|p3b: ShinyJuzez\n|-supereffective|p3b: ShinyJuzez\n|-damage|p3b: ShinyJuzez|0 fnt\n|-heal|p4b: Genesect|100\/100|[from] drain|[of] p3b: ShinyJuzez\n|faint|p3b: ShinyJuzez\n|-damage|p4b: Genesect|91\/100|[from] item: Life Orb\n|move|p1a: Flareon|Flamethrower|p4b: Genesect\n|-supereffective|p4b: Genesect\n|-damage|p4b: Genesect|0 fnt\n|faint|p4b: Genesect\n|move|p2a: Weezing|Defog|p3: ShinyJuzez|[notarget]\n|-fail|p2a: Weezing\n|\n|upkeep\n|c|\u2606YoungUnified|:c shiny hungry\n|inactive|boi in the back has 120 seconds left.\n|c|\u2606YoungUnified|shiny ded\n|\n|t:|1668036625\n|switch|p4b: Landorus|Landorus-Therian, M|100\/100\n|switch|p3b: WindyDX|Lanturn, F, shiny|100\/100\n|-ability|p4b: Landorus|Intimidate|boost\n|-unboost|p1a: Flareon|atk|1\n|-unboost|p2a: Weezing|atk|1\n|-unboost|p3b: WindyDX|atk|1\n|turn|7\n|\n|t:|1668036633\n|move|p1a: Flareon|Extrasensory|p2a: Weezing\n|-supereffective|p2a: Weezing\n|-damage|p2a: Weezing|9\/100\n|-enditem|p2a: Weezing|Aguav Berry|[eat]\n|-heal|p2a: Weezing|42\/100|[from] item: Aguav Berry\n|move|p4b: Landorus|Earthquake|p3b: WindyDX|[spread] p1a,p2a,p3b\n|-supereffective|p2a: Weezing\n|-supereffective|p3b: WindyDX\n|-damage|p1a: Flareon|28\/100\n|-damage|p2a: Weezing|0 fnt\n|-damage|p3b: WindyDX|23\/100\n|replace|p1a: Zoroark|Zoroark, M\n|-end|p1a: Zoroark|Illusion\n|faint|p2a: Weezing\n|-damage|p4b: Landorus|91\/100|[from] item: Life Orb\n|move|p3b: WindyDX|Scald|p1a: Zoroark\n|-damage|p1a: Zoroark|0 fnt\n|faint|p1a: Zoroark\n|\n|-heal|p3b: WindyDX|30\/100|[from] item: Leftovers\n|upkeep\n|c|\u2606YoungUnified|OHHHH\n|\n|t:|1668036653\n|switch|p1a: Appletun|Appletun, M|100\/100\n|switch|p2a: plant girl|Celebi|100\/100\n|turn|8\n|c|\u2606YoungUnified|snap\n|\n|t:|1668036668\n|move|p1a: Appletun|Protect|p1a: Appletun\n|-singleturn|p1a: Appletun|Protect\n|move|p4b: Landorus|Earthquake|p3b: WindyDX|[spread] p2a,p3b\n|-activate|p1a: Appletun|move: Protect\n|-resisted|p2a: plant girl\n|-supereffective|p3b: WindyDX\n|-damage|p2a: plant girl|87\/100\n|-damage|p3b: WindyDX|0 fnt\n|faint|p3b: WindyDX\n|-damage|p4b: Landorus|81\/100|[from] item: Life Orb\n|move|p2a: plant girl|Dazzling Gleam|p1a: Appletun|[spread] p4b\n|-activate|p1a: Appletun|move: Protect\n|-damage|p4b: Landorus|69\/100\n|\n|upkeep\n|\n|t:|1668036684\n|switch|p3b: SunnyJuzez|Applin, F, shiny|100\/100\n|turn|9\n|c|\u2606YoungUnified|LOOK\n|c|\u2606YoungUnified|=O\n|\n|t:|1668036699\n|move|p4b: Landorus|Fly||[still]\n|-prepare|p4b: Landorus|Fly\n|move|p2a: plant girl|Aura Sphere|p4b: Landorus|[miss]\n|-miss|p2a: plant girl|p4b: Landorus\n|move|p3b: SunnyJuzez|Rollout|p2a: plant girl\n|-damage|p2a: plant girl|83\/100\n|move|p1a: Appletun|Leech Seed|p4b: Landorus|[miss]\n|-miss|p1a: Appletun|p4b: Landorus\n|\n|-fieldend|Misty Terrain\n|upkeep\n|turn|10\n|c|\u2606DBTacoz|dont talk to me or my son ever again\n|c|\u2606PWR_Pichu|ok\n|\n|t:|1668036721\n|move|p1a: Appletun|Protect|p1a: Appletun\n|-singleturn|p1a: Appletun|Protect\n|move|p4b: Landorus|Fly|p2a: plant girl|[from]lockedmove\n|-supereffective|p2a: plant girl\n|-damage|p2a: plant girl|0 fnt\n|faint|p2a: plant girl\n|-damage|p4b: Landorus|59\/100|[from] item: Life Orb\n|move|p3b: SunnyJuzez|Rollout|p2: plant girl|[from]lockedmove|[notarget]\n|-fail|p3b: SunnyJuzez\n|\n|upkeep\n|c|\u2606YoungUnified|:D\n|\n|t:|1668036729\n|switch|p2a: gold magneton|Magneton, shiny|100\/100\n|turn|11\n|\n|t:|1668036751\n|move|p4b: Landorus|Knock Off|p1a: Appletun\n|-damage|p1a: Appletun|52\/100\n|-enditem|p1a: Appletun|Leftovers|[from] move: Knock Off|[of] p4b: Landorus\n|-damage|p4b: Landorus|49\/100|[from] item: Life Orb\n|move|p2a: gold magneton|Tri Attack|p4b: Landorus\n|-damage|p4b: Landorus|23\/100\n|move|p3b: SunnyJuzez|Draco Meteor|p2a: gold magneton\n|-resisted|p2a: gold magneton\n|-damage|p2a: gold magneton|81\/100\n|-unboost|p3b: SunnyJuzez|spa|2\n|move|p1a: Appletun|Leech Seed|p2a: gold magneton\n|-start|p2a: gold magneton|move: Leech Seed\n|\n|-damage|p2a: gold magneton|68\/100|[from] Leech Seed|[of] p1a: Appletun\n|-heal|p1a: Appletun|60\/100|[silent]\n|upkeep\n|turn|12\n|c|\u2606YoungUnified|daddy lil girl\n|\n|t:|1668036770\n|move|p1a: Appletun|Protect|p1a: Appletun\n|-singleturn|p1a: Appletun|Protect\n|move|p4b: Landorus|Fly||[still]\n|-prepare|p4b: Landorus|Fly\n|move|p2a: gold magneton|Tri Attack|p1a: Appletun\n|-activate|p1a: Appletun|move: Protect\n|move|p3b: SunnyJuzez|Rollout|p2a: gold magneton|[miss]\n|-miss|p3b: SunnyJuzez|p2a: gold magneton\n|\n|-damage|p2a: gold magneton|56\/100|[from] Leech Seed|[of] p1a: Appletun\n|-heal|p1a: Appletun|68\/100|[silent]\n|upkeep\n|turn|13\n|\n|t:|1668036787\n|move|p4b: Landorus|Fly|p1a: Appletun|[from]lockedmove\n|-supereffective|p1a: Appletun\n|-damage|p1a: Appletun|0 fnt\n|faint|p1a: Appletun\n|-damage|p4b: Landorus|13\/100|[from] item: Life Orb\n|move|p2a: gold magneton|Tri Attack|p3b: SunnyJuzez\n|-damage|p3b: SunnyJuzez|38\/100\n|move|p3b: SunnyJuzez|Draco Meteor|p2a: gold magneton\n|-resisted|p2a: gold magneton\n|-damage|p2a: gold magneton|46\/100\n|-unboost|p3b: SunnyJuzez|spa|2\n|\n|upkeep\n|c|\u2606YoungUnified|DADDY NO\n|\n|t:|1668036807\n|switch|p1a: Excadrill|Excadrill, M|100\/100\n|-ability|p1a: Excadrill|Mold Breaker\n|turn|14\n|c|\u2606PWR_Pichu|RIP\n|c|\u2606YoungUnified|Bloody hell\n|\n|t:|1668036822\n|move|p4b: Landorus|Earthquake|p1a: Excadrill|[spread] p1a,p2a,p3b\n|-supereffective|p1a: Excadrill\n|-supereffective|p2a: gold magneton\n|-resisted|p3b: SunnyJuzez\n|-damage|p1a: Excadrill|5\/100\n|-damage|p2a: gold magneton|0 fnt\n|-damage|p3b: SunnyJuzez|10\/100\n|faint|p2a: gold magneton\n|-damage|p4b: Landorus|3\/100|[from] item: Life Orb\n|move|p1a: Excadrill|Rapid Spin|p4b: Landorus\n|-damage|p4b: Landorus|0 fnt\n|-boost|p1a: Excadrill|spe|1\n|faint|p4b: Landorus\n|move|p3b: SunnyJuzez|Rollout|p2: gold magneton|[notarget]\n|-fail|p3b: SunnyJuzez\n|\n|-heal|p1a: Excadrill|11\/100|[from] item: Leftovers\n|upkeep\n|\n|t:|1668036833\n|switch|p4b: Scrafty|Scrafty, M|100\/100\n|switch|p2a: my child|Pichu, F, shiny|100\/100\n|-ability|p4b: Scrafty|Intimidate|boost\n|-unboost|p1a: Excadrill|atk|1\n|-unboost|p2a: my child|atk|1\n|-unboost|p3b: SunnyJuzez|atk|1\n|turn|15\n|c|\u2606PWR_Pichu|my child\n|\n|t:|1668036845\n|move|p2a: my child|Protect|p2a: my child\n|-singleturn|p2a: my child|Protect\n|move|p1a: Excadrill|Dig||[still]\n|-prepare|p1a: Excadrill|Dig\n|move|p4b: Scrafty|Dragon Dance|p4b: Scrafty\n|-boost|p4b: Scrafty|atk|1\n|-boost|p4b: Scrafty|spe|1\n|move|p3b: SunnyJuzez|Draco Meteor|p4b: Scrafty|[miss]\n|-miss|p3b: SunnyJuzez|p4b: Scrafty\n|\n|-heal|p1a: Excadrill|17\/100|[from] item: Leftovers\n|upkeep\n|turn|16\n|\n|t:|1668036860\n|move|p2a: my child|Protect||[still]\n|-fail|p2a: my child\n|move|p1a: Excadrill|Dig|p4b: Scrafty|[from]lockedmove\n|-damage|p4b: Scrafty|70\/100\n|move|p4b: Scrafty|Dragon Dance|p4b: Scrafty\n|-boost|p4b: Scrafty|atk|1\n|-boost|p4b: Scrafty|spe|1\n|move|p3b: SunnyJuzez|Rollout|p4b: Scrafty\n|-resisted|p4b: Scrafty\n|-crit|p4b: Scrafty\n|-damage|p4b: Scrafty|67\/100\n|\n|-heal|p1a: Excadrill|23\/100|[from] item: Leftovers\n|upkeep\n|turn|17\n|\n|t:|1668036880\n|move|p1a: Excadrill|Dig||[still]\n|-prepare|p1a: Excadrill|Dig\n|move|p4b: Scrafty|Ice Punch|p1a: Excadrill|[miss]\n|-miss|p4b: Scrafty|p1a: Excadrill\n|move|p2a: my child|Charge Beam|p1a: Excadrill|[miss]\n|-miss|p2a: my child|p1a: Excadrill\n|move|p3b: SunnyJuzez|Rollout|p4b: Scrafty|[from]lockedmove\n|-resisted|p4b: Scrafty\n|-damage|p4b: Scrafty|64\/100\n|\n|-heal|p1a: Excadrill|29\/100|[from] item: Leftovers\n|upkeep\n|turn|18\n|\n|t:|1668036891\n|move|p1a: Excadrill|Dig|p4b: Scrafty|[from]lockedmove\n|-damage|p4b: Scrafty|31\/100\n|move|p4b: Scrafty|Drain Punch|p2a: my child\n|-damage|p2a: my child|0 fnt\n|-heal|p4b: Scrafty|70\/100|[from] drain|[of] p2a: my child\n|faint|p2a: my child\n|move|p3b: SunnyJuzez|Rollout|p4b: Scrafty|[from]lockedmove\n|-resisted|p4b: Scrafty\n|-damage|p4b: Scrafty|65\/100\n|\n|-heal|p1a: Excadrill|35\/100|[from] item: Leftovers\n|upkeep\n|c|\u2606PWR_Pichu|no not my child :(\n|\n|t:|1668036912\n|switch|p2a: my childs brother|Diglett, M|100\/100\n|turn|19\n|j| warview_vet\n|c|\u2606YoungUnified|bloody hell\n|\n|t:|1668036925\n|move|p2a: my childs brother|Protect|p2a: my childs brother\n|-singleturn|p2a: my childs brother|Protect\n|move|p1a: Excadrill|Dig||[still]\n|-prepare|p1a: Excadrill|Dig\n|move|p4b: Scrafty|Dragon Dance|p4b: Scrafty\n|-boost|p4b: Scrafty|atk|1\n|-boost|p4b: Scrafty|spe|1\n|move|p3b: SunnyJuzez|Rollout|p4b: Scrafty|[from]lockedmove\n|-resisted|p4b: Scrafty\n|-damage|p4b: Scrafty|54\/100\n|\n|-heal|p1a: Excadrill|41\/100|[from] item: Leftovers\n|upkeep\n|turn|20\n|\n|t:|1668036941\n|move|p4b: Scrafty|Drain Punch|p1a: Excadrill|[miss]\n|-miss|p4b: Scrafty|p1a: Excadrill\n|move|p1a: Excadrill|Dig|p4b: Scrafty|[from]lockedmove\n|-damage|p4b: Scrafty|22\/100\n|move|p2a: my childs brother|Toxic|p4b: Scrafty\n|-status|p4b: Scrafty|tox\n|-enditem|p4b: Scrafty|Lum Berry|[eat]\n|-curestatus|p4b: Scrafty|tox|[msg]\n|move|p3b: SunnyJuzez|Rollout|p4b: Scrafty|[from]lockedmove\n|-resisted|p4b: Scrafty\n|-damage|p4b: Scrafty|1\/100\n|\n|-heal|p1a: Excadrill|47\/100|[from] item: Leftovers\n|upkeep\n|turn|21\n|l| warview_vet\n|\n|t:|1668036958\n|move|p2a: my childs brother|Protect|p2a: my childs brother\n|-singleturn|p2a: my childs brother|Protect\n|move|p4b: Scrafty|Drain Punch|p1a: Excadrill\n|-supereffective|p1a: Excadrill\n|-damage|p1a: Excadrill|0 fnt\n|-heal|p4b: Scrafty|32\/100|[from] drain|[of] p1a: Excadrill\n|faint|p1a: Excadrill\n|move|p3b: SunnyJuzez|Rollout|p4b: Scrafty\n|-resisted|p4b: Scrafty\n|-damage|p4b: Scrafty|31\/100\n|\n|upkeep\n|\n|t:|1668036968\n|switch|p1a: Flareon|Flareon, M|100\/100\n|turn|22\n|\n|t:|1668036979\n|move|p4b: Scrafty|Drain Punch|p1a: Flareon\n|-damage|p1a: Flareon|0 fnt\n|-heal|p4b: Scrafty|81\/100|[from] drain|[of] p1a: Flareon\n|faint|p1a: Flareon\n|move|p2a: my childs brother|Toxic|p4b: Scrafty\n|-status|p4b: Scrafty|tox\n|move|p3b: SunnyJuzez|Rollout|p4b: Scrafty|[from]lockedmove\n|-resisted|p4b: Scrafty\n|-damage|p4b: Scrafty|78\/100 tox\n|\n|-damage|p4b: Scrafty|72\/100 tox|[from] psn\n|upkeep\n|turn|23\n|c|\u2606YoungUnified|oh god\n|\n|t:|1668037001\n|move|p2a: my childs brother|Protect|p2a: my childs brother\n|-singleturn|p2a: my childs brother|Protect\n|move|p4b: Scrafty|Knock Off|p3b: SunnyJuzez\n|-damage|p3b: SunnyJuzez|0 fnt\n|-enditem|p3b: SunnyJuzez|Weakness Policy|[from] move: Knock Off|[of] p4b: Scrafty\n|faint|p3b: SunnyJuzez\n|\n|-damage|p4b: Scrafty|61\/100 tox|[from] psn\n|upkeep\n|c|\u2606YoungUnified|gg dbt\n|\n|t:|1668037013\n|switch|p3b: Buggy v.7.1|Caterpie, F, shiny|100\/100\n|turn|24\n|c|\u2606YoungUnified|buggy\n|\n|t:|1668037028\n|move|p4b: Scrafty|Drain Punch|p3b: Buggy v.7.1\n|-resisted|p3b: Buggy v.7.1\n|-damage|p3b: Buggy v.7.1|0 fnt\n|-heal|p4b: Scrafty|100\/100 tox|[from] drain|[of] p3b: Buggy v.7.1\n|faint|p3b: Buggy v.7.1\n|move|p2a: my childs brother|Ancient Power|p4b: Scrafty\n|-resisted|p4b: Scrafty\n|-damage|p4b: Scrafty|97\/100 tox\n|\n|-damage|p4b: Scrafty|79\/100 tox|[from] psn\n|upkeep\n|c|\u2606YoungUnified|ded\n|\n|t:|1668037037\n|switch|p3b: Hulsker666|Zeraora, shiny|100\/100\n|turn|25\n|\n|t:|1668037042\n|move|p2a: my childs brother|Protect|p2a: my childs brother\n|-singleturn|p2a: my childs brother|Protect\n|move|p4b: Scrafty|Dragon Dance|p4b: Scrafty\n|-boost|p4b: Scrafty|atk|1\n|-boost|p4b: Scrafty|spe|1\n|move|p3b: Hulsker666|Electric Terrain|p3b: Hulsker666\n|-fieldstart|move: Electric Terrain\n|\n|-damage|p4b: Scrafty|55\/100 tox|[from] psn\n|upkeep\n|turn|26\n|inactive|PWR_Pichu has 120 seconds left.\n|\n|t:|1668037063\n|move|p4b: Scrafty|Drain Punch|p2a: my childs brother\n|-damage|p2a: my childs brother|0 fnt\n|-heal|p4b: Scrafty|92\/100 tox|[from] drain|[of] p2a: my childs brother\n|faint|p2a: my childs brother\n|move|p3b: Hulsker666|Thunderbolt|p4b: Scrafty\n|-damage|p4b: Scrafty|33\/100 tox\n|\n|-damage|p4b: Scrafty|3\/100 tox|[from] psn\n|upkeep\n|turn|27\n|c|\u2606boi in the back|mon behind the slaughter\n|c|\u2606YoungUnified|NOOO\n|c|\u2606PWR_Pichu|gg\n|\n|t:|1668037074\n|move|p4b: Scrafty|Drain Punch|p3b: Hulsker666\n|-damage|p3b: Hulsker666|0 fnt\n|-heal|p4b: Scrafty|67\/100 tox|[from] drain|[of] p3b: Hulsker666\n|faint|p3b: Hulsker666\n|\n|win|boi in the back\n|c|\u2606boi in the back|gg\n|c|\u2606YoungUnified|gg\n|c|\u2606DBTacoz|gg\n","uploadtime":1668037082,"views":3,"p1id":"dbtacoz","p2id":"pwrpichu","formatid":"gen8freeforall","rating":0,"private":0,"password":null}