{"id":"gen8ou-1636019909","p1":"himynametay","p2":"LT92PF AC","format":"gen8ou","log":"|raw|<div class=\"broadcast-blue\"><strong>This battle is required to be public due to a player having a name starting with 'lt92pf'.<\/div>\n|j|\u203dhimynametay\n|j|\u2606LT92PF AC\n|t:|1660076315\n|gametype|singles\n|player|p1|himynametay|elesa-masters|1680\n|player|p2|LT92PF AC|cheryl|1740\n|teamsize|p1|6\n|teamsize|p2|6\n|gen|8\n|tier|[Gen 8] OU\n|rated|\n|rule|Sleep Clause Mod: Limit one foe put to sleep\n|rule|Species Clause: Limit one of each Pok\u00e9mon\n|rule|OHKO Clause: OHKO moves are banned\n|rule|Evasion Items Clause: Evasion items are banned\n|rule|Evasion Moves Clause: Evasion moves are banned\n|rule|Endless Battle Clause: Forcing endless battles is banned\n|rule|HP Percentage Mod: HP is shown in percentages\n|rule|Dynamax Clause: You cannot dynamax\n|clearpoke\n|poke|p1|Landorus-Therian, M|\n|poke|p1|Ferrothorn, F|\n|poke|p1|Urshifu-*, M|\n|poke|p1|Tornadus-Therian, M|\n|poke|p1|Dragapult, F|\n|poke|p1|Tapu Lele|\n|poke|p2|Kartana|\n|poke|p2|Volcanion|\n|poke|p2|Hippowdon, M|\n|poke|p2|Corviknight, F|\n|poke|p2|Clefable, M|\n|poke|p2|Dragapult, M|\n|teampreview\n|inactive|Battle timer is ON: inactive players will automatically lose when time's up. (requested by LT92PF AC)\n|\n|t:|1660076338\n|start\n|switch|p1a: Dragapult|Dragapult, F|100\/100\n|switch|p2a: Clefable|Clefable, M|100\/100\n|turn|1\n|\n|t:|1660076354\n|move|p1a: Dragapult|U-turn|p2a: Clefable\n|-resisted|p2a: Clefable\n|-damage|p2a: Clefable|94\/100\n|\n|t:|1660076356\n|switch|p1a: Tornadus|Tornadus-Therian, M|100\/100|[from]move: U-turn\n|move|p2a: Clefable|Moonblast|p1a: Tornadus\n|-damage|p1a: Tornadus|79\/100\n|\n|-heal|p2a: Clefable|99\/100|[from] item: Leftovers\n|upkeep\n|turn|2\n|\n|t:|1660076359\n|move|p1a: Tornadus|Knock Off|p2a: Clefable\n|-resisted|p2a: Clefable\n|-damage|p2a: Clefable|93\/100\n|-enditem|p2a: Clefable|Leftovers|[from] move: Knock Off|[of] p1a: Tornadus\n|move|p2a: Clefable|Thunder Wave|p1a: Tornadus\n|-status|p1a: Tornadus|par\n|\n|upkeep\n|turn|3\n|\n|t:|1660076364\n|move|p1a: Tornadus|Hurricane|p2a: Clefable|[miss]\n|-miss|p1a: Tornadus|p2a: Clefable\n|move|p2a: Clefable|Calm Mind|p2a: Clefable\n|-boost|p2a: Clefable|spa|1\n|-boost|p2a: Clefable|spd|1\n|\n|upkeep\n|turn|4\n|\n|t:|1660076366\n|cant|p1a: Tornadus|par\n|move|p2a: Clefable|Calm Mind|p2a: Clefable\n|-boost|p2a: Clefable|spa|1\n|-boost|p2a: Clefable|spd|1\n|\n|upkeep\n|turn|5\n|\n|t:|1660076369\n|move|p1a: Tornadus|U-turn|p2a: Clefable\n|-resisted|p2a: Clefable\n|-damage|p2a: Clefable|87\/100\n|\n|t:|1660076371\n|switch|p1a: Tapu Lele|Tapu Lele|100\/100|[from]move: U-turn\n|-fieldstart|move: Psychic Terrain|[from] ability: Psychic Surge|[of] p1a: Tapu Lele\n|move|p2a: Clefable|Moonblast|p1a: Tapu Lele\n|-damage|p1a: Tapu Lele|33\/100\n|\n|upkeep\n|turn|6\n|l|\u2606LT92PF AC\n|inactive|LT92PF AC disconnected and has a minute to reconnect!\n|player|p2|\n|j|\u2606LT92PF AC\n|inactive|LT92PF AC reconnected and has 130 seconds left.\n|player|p2|LT92PF AC|cheryl\n|\n|t:|1660076395\n|switch|p2a: Corviknight|Corviknight, F|100\/100\n|-ability|p2a: Corviknight|Pressure\n|move|p1a: Tapu Lele|Psyshock|p2a: Corviknight\n|-resisted|p2a: Corviknight\n|-damage|p2a: Corviknight|82\/100\n|\n|upkeep\n|turn|7\n|\n|t:|1660076406\n|switch|p1a: Ferrothorn|Ferrothorn, F|100\/100\n|move|p2a: Corviknight|Brave Bird|p1a: Ferrothorn\n|-crit|p1a: Ferrothorn\n|-damage|p1a: Ferrothorn|66\/100\n|-damage|p2a: Corviknight|70\/100|[from] ability: Iron Barbs|[of] p1a: Ferrothorn\n|-damage|p2a: Corviknight|53\/100|[from] item: Rocky Helmet|[of] p1a: Ferrothorn\n|-damage|p2a: Corviknight|43\/100|[from] Recoil\n|\n|upkeep\n|turn|8\n|\n|t:|1660076411\n|move|p2a: Corviknight|Roost|p2a: Corviknight\n|-heal|p2a: Corviknight|93\/100\n|-singleturn|p2a: Corviknight|move: Roost\n|move|p1a: Ferrothorn|Gyro Ball|p2a: Corviknight\n|-resisted|p2a: Corviknight\n|-damage|p2a: Corviknight|83\/100\n|-damage|p1a: Ferrothorn|50\/100|[from] item: Rocky Helmet|[of] p2a: Corviknight\n|\n|upkeep\n|turn|9\n|\n|t:|1660076420\n|switch|p2a: Clefable|Clefable, M|87\/100\n|move|p1a: Ferrothorn|Stealth Rock|p2a: Clefable\n|-sidestart|p2: LT92PF AC|move: Stealth Rock\n|\n|-fieldend|move: Psychic Terrain\n|upkeep\n|turn|10\n|\n|t:|1660076427\n|switch|p1a: Tornadus|Tornadus-Therian, M|100\/100 par\n|move|p2a: Clefable|Calm Mind|p2a: Clefable\n|-boost|p2a: Clefable|spa|1\n|-boost|p2a: Clefable|spd|1\n|\n|upkeep\n|turn|11\n|\n|t:|1660076430\n|move|p1a: Tornadus|Hurricane|p2a: Clefable\n|-damage|p2a: Clefable|61\/100\n|move|p2a: Clefable|Calm Mind|p2a: Clefable\n|-boost|p2a: Clefable|spa|1\n|-boost|p2a: Clefable|spd|1\n|\n|upkeep\n|turn|12\n|\n|t:|1660076434\n|move|p1a: Tornadus|Hurricane|p2a: Clefable\n|-damage|p2a: Clefable|43\/100\n|move|p2a: Clefable|Soft-Boiled|p2a: Clefable\n|-heal|p2a: Clefable|93\/100\n|\n|upkeep\n|turn|13\n|\n|t:|1660076438\n|move|p1a: Tornadus|U-turn|p2a: Clefable\n|-resisted|p2a: Clefable\n|-damage|p2a: Clefable|88\/100\n|\n|t:|1660076440\n|switch|p1a: Urshifu|Urshifu-Rapid-Strike, M|100\/100|[from]move: U-turn\n|move|p2a: Clefable|Calm Mind|p2a: Clefable\n|-boost|p2a: Clefable|spa|1\n|-boost|p2a: Clefable|spd|1\n|\n|upkeep\n|turn|14\n|\n|t:|1660076446\n|move|p1a: Urshifu|Surging Strikes|p2a: Clefable\n|-crit|p2a: Clefable\n|-damage|p2a: Clefable|71\/100\n|-crit|p2a: Clefable\n|-damage|p2a: Clefable|54\/100\n|-crit|p2a: Clefable\n|-damage|p2a: Clefable|37\/100\n|-hitcount|p2a: Clefable|3\n|move|p2a: Clefable|Moonblast|p1a: Urshifu\n|-supereffective|p1a: Urshifu\n|-damage|p1a: Urshifu|0 fnt\n|faint|p1a: Urshifu\n|\n|upkeep\n|\n|t:|1660076452\n|switch|p1a: Tapu Lele|Tapu Lele|33\/100\n|-fieldstart|move: Psychic Terrain|[from] ability: Psychic Surge|[of] p1a: Tapu Lele\n|turn|15\n|\n|t:|1660076454\n|switch|p2a: Corviknight|Corviknight, F|83\/100\n|-damage|p2a: Corviknight|70\/100|[from] Stealth Rock\n|-ability|p2a: Corviknight|Pressure\n|move|p1a: Tapu Lele|Future Sight|p2a: Corviknight\n|-start|p1a: Tapu Lele|move: Future Sight\n|\n|upkeep\n|turn|16\n|\n|t:|1660076458\n|switch|p1a: Ferrothorn|Ferrothorn, F|50\/100\n|move|p2a: Corviknight|Defog|p1a: Ferrothorn\n|-unboost|p1a: Ferrothorn|evasion|1\n|-sideend|p2: LT92PF AC|Stealth Rock|[from] move: Defog|[of] p2a: Corviknight\n|-fieldend|move: Psychic Terrain\n|\n|upkeep\n|turn|17\n|\n|t:|1660076468\n|move|p2a: Corviknight|Brave Bird|p1a: Ferrothorn\n|-damage|p1a: Ferrothorn|28\/100\n|-damage|p2a: Corviknight|58\/100|[from] ability: Iron Barbs|[of] p1a: Ferrothorn\n|-damage|p2a: Corviknight|42\/100|[from] item: Rocky Helmet|[of] p1a: Ferrothorn\n|-damage|p2a: Corviknight|35\/100|[from] Recoil\n|move|p1a: Ferrothorn|Knock Off|p2a: Corviknight\n|-damage|p2a: Corviknight|22\/100\n|-damage|p1a: Ferrothorn|12\/100|[from] item: Rocky Helmet|[of] p2a: Corviknight\n|-enditem|p2a: Corviknight|Rocky Helmet|[from] move: Knock Off|[of] p1a: Ferrothorn\n|\n|-end|p2a: Corviknight|move: Future Sight\n|-resisted|p2a: Corviknight\n|-damage|p2a: Corviknight|0 fnt\n|faint|p2a: Corviknight\n|upkeep\n|\n|t:|1660076485\n|switch|p2a: Volcanion|Volcanion|100\/100\n|turn|18\n|\n|t:|1660076487\n|move|p2a: Volcanion|Steam Eruption|p1a: Ferrothorn\n|-resisted|p1a: Ferrothorn\n|-damage|p1a: Ferrothorn|0 fnt\n|faint|p1a: Ferrothorn\n|\n|upkeep\n|\n|t:|1660076489\n|switch|p1a: Dragapult|Dragapult, F|100\/100\n|turn|19\n|\n|t:|1660076492\n|switch|p2a: Hippowdon|Hippowdon, M|100\/100\n|-weather|Sandstorm|[from] ability: Sand Stream|[of] p2a: Hippowdon\n|move|p1a: Dragapult|Shadow Ball|p2a: Hippowdon\n|-damage|p2a: Hippowdon|61\/100\n|\n|-weather|Sandstorm|[upkeep]\n|-damage|p1a: Dragapult|95\/100|[from] Sandstorm\n|-heal|p2a: Hippowdon|67\/100|[from] item: Leftovers\n|upkeep\n|turn|20\n|\n|t:|1660076498\n|switch|p1a: Tornadus|Tornadus-Therian, M|100\/100 par\n|move|p2a: Hippowdon|Slack Off|p2a: Hippowdon\n|-heal|p2a: Hippowdon|100\/100\n|\n|-weather|Sandstorm|[upkeep]\n|-damage|p1a: Tornadus|94\/100 par|[from] Sandstorm\n|upkeep\n|turn|21\n|\n|t:|1660076504\n|move|p1a: Tornadus|Knock Off|p2a: Hippowdon\n|-damage|p2a: Hippowdon|86\/100\n|-enditem|p2a: Hippowdon|Leftovers|[from] move: Knock Off|[of] p1a: Tornadus\n|move|p2a: Hippowdon|Stealth Rock|p1a: Tornadus\n|-sidestart|p1: himynametay|move: Stealth Rock\n|\n|-weather|Sandstorm|[upkeep]\n|-damage|p1a: Tornadus|88\/100 par|[from] Sandstorm\n|upkeep\n|turn|22\n|\n|t:|1660076508\n|switch|p2a: Volcanion|Volcanion|100\/100\n|move|p1a: Tornadus|U-turn|p2a: Volcanion\n|-resisted|p2a: Volcanion\n|-damage|p2a: Volcanion|93\/100\n|\n|t:|1660076510\n|switch|p1a: Dragapult|Dragapult, F|95\/100|[from]move: U-turn\n|-damage|p1a: Dragapult|82\/100|[from] Stealth Rock\n|\n|-weather|Sandstorm|[upkeep]\n|-damage|p1a: Dragapult|76\/100|[from] Sandstorm\n|-damage|p2a: Volcanion|87\/100|[from] Sandstorm\n|upkeep\n|turn|23\n|inactive|LT92PF AC has 120 seconds left.\n|\n|t:|1660076541\n|switch|p2a: Hippowdon|Hippowdon, M|86\/100\n|move|p1a: Dragapult|Shadow Ball|p2a: Hippowdon\n|-damage|p2a: Hippowdon|49\/100\n|-unboost|p2a: Hippowdon|spd|1\n|\n|-weather|none\n|upkeep\n|turn|24\n|\n|t:|1660076549\n|move|p1a: Dragapult|Shadow Ball|p2a: Hippowdon\n|-damage|p2a: Hippowdon|0 fnt\n|faint|p2a: Hippowdon\n|\n|upkeep\n|inactive|LT92PF AC has 120 seconds left.\n|\n|t:|1660076573\n|switch|p2a: Dragapult|Dragapult, M|100\/100\n|turn|25\n|\n|t:|1660076576\n|switch|p1a: Landorus|Landorus-Therian, M|100\/100\n|-damage|p1a: Landorus|88\/100|[from] Stealth Rock\n|-ability|p1a: Landorus|Intimidate|boost\n|-unboost|p2a: Dragapult|atk|1\n|move|p2a: Dragapult|Shadow Ball|p1a: Landorus\n|-damage|p1a: Landorus|49\/100\n|\n|-heal|p1a: Landorus|55\/100|[from] item: Leftovers\n|upkeep\n|turn|26\n|\n|t:|1660076585\n|move|p2a: Dragapult|Shadow Ball|p1a: Landorus\n|-damage|p1a: Landorus|16\/100\n|move|p1a: Landorus|Defog|p2a: Dragapult\n|-unboost|p2a: Dragapult|evasion|1\n|-sideend|p1: himynametay|Stealth Rock|[from] move: Defog|[of] p1a: Landorus\n|\n|-heal|p1a: Landorus|22\/100|[from] item: Leftovers\n|upkeep\n|turn|27\n|\n|t:|1660076589\n|switch|p1a: Tornadus|Tornadus-Therian, M|100\/100 par\n|move|p2a: Dragapult|Shadow Ball|p1a: Tornadus\n|-damage|p1a: Tornadus|68\/100 par\n|\n|upkeep\n|turn|28\n|\n|t:|1660076593\n|switch|p2a: Clefable|Clefable, M|37\/100\n|move|p1a: Tornadus|Knock Off|p2a: Clefable\n|-resisted|p2a: Clefable\n|-damage|p2a: Clefable|32\/100\n|\n|upkeep\n|turn|29\n|\n|t:|1660076597\n|move|p1a: Tornadus|Hurricane|p2a: Clefable\n|-damage|p2a: Clefable|0 fnt\n|faint|p2a: Clefable\n|\n|upkeep\n|\n|t:|1660076612\n|switch|p2a: Volcanion|Volcanion|87\/100\n|turn|30\n|\n|t:|1660076614\n|switch|p1a: Landorus|Landorus-Therian, M|22\/100\n|-ability|p1a: Landorus|Intimidate|boost\n|-unboost|p2a: Volcanion|atk|1\n|move|p2a: Volcanion|Steam Eruption|p1a: Landorus\n|-supereffective|p1a: Landorus\n|-damage|p1a: Landorus|0 fnt\n|faint|p1a: Landorus\n|\n|upkeep\n|\n|t:|1660076616\n|switch|p1a: Dragapult|Dragapult, F|76\/100\n|turn|31\n|\n|t:|1660076630\n|move|p1a: Dragapult|Shadow Ball|p2a: Volcanion\n|-damage|p2a: Volcanion|26\/100\n|move|p2a: Volcanion|Steam Eruption|p1a: Dragapult\n|-resisted|p1a: Dragapult\n|-damage|p1a: Dragapult|30\/100\n|\n|upkeep\n|turn|32\n|\n|t:|1660076654\n|move|p1a: Dragapult|Shadow Ball|p2a: Volcanion\n|-damage|p2a: Volcanion|0 fnt\n|faint|p2a: Volcanion\n|\n|upkeep\n|\n|t:|1660076661\n|switch|p2a: Dragapult|Dragapult, M|100\/100\n|turn|33\n|\n|t:|1660076664\n|switch|p1a: Tornadus|Tornadus-Therian, M|100\/100 par\n|move|p2a: Dragapult|Shadow Ball|p1a: Tornadus\n|-damage|p1a: Tornadus|65\/100 par\n|\n|upkeep\n|turn|34\n|\n|t:|1660076671\n|move|p2a: Dragapult|Shadow Ball|p1a: Tornadus\n|-damage|p1a: Tornadus|29\/100 par\n|cant|p1a: Tornadus|par\n|\n|upkeep\n|turn|35\n|\n|t:|1660076678\n|switch|p1a: Dragapult|Dragapult, F|30\/100\n|move|p2a: Dragapult|Shadow Ball|p1a: Dragapult\n|-supereffective|p1a: Dragapult\n|-damage|p1a: Dragapult|0 fnt\n|faint|p1a: Dragapult\n|\n|upkeep\n|\n|t:|1660076680\n|switch|p1a: Tapu Lele|Tapu Lele|33\/100\n|-fieldstart|move: Psychic Terrain|[from] ability: Psychic Surge|[of] p1a: Tapu Lele\n|turn|36\n|\n|t:|1660076684\n|move|p1a: Tapu Lele|Moonblast|p2a: Dragapult\n|-supereffective|p2a: Dragapult\n|-damage|p2a: Dragapult|0 fnt\n|faint|p2a: Dragapult\n|\n|upkeep\n|\n|t:|1660076687\n|switch|p2a: Kartana|Kartana|100\/100\n|turn|37\n|\n|t:|1660076690\n|move|p1a: Tapu Lele|Moonblast|p2a: Kartana\n|-resisted|p2a: Kartana\n|-damage|p2a: Kartana|12\/100\n|move|p2a: Kartana|Leaf Blade|p1a: Tapu Lele\n|-crit|p1a: Tapu Lele\n|-damage|p1a: Tapu Lele|0 fnt\n|faint|p1a: Tapu Lele\n|-ability|p2a: Kartana|Beast Boost|boost\n|-boost|p2a: Kartana|atk|1\n|-damage|p2a: Kartana|2\/100|[from] item: Life Orb\n|\n|upkeep\n|\n|t:|1660076692\n|switch|p1a: Tornadus|Tornadus-Therian, M|62\/100 par\n|turn|38\n|l|\u2606LT92PF AC\n|inactive|LT92PF AC disconnected and has a minute to reconnect!\n|player|p2|\n|j|\u2606LT92PF AC\n|inactive|LT92PF AC reconnected.\n|player|p2|LT92PF AC|cheryl\n|inactive|himynametay has 120 seconds left.\n|\n|t:|1660076749\n|move|p2a: Kartana|Leaf Blade|p1a: Tornadus\n|-resisted|p1a: Tornadus\n|-damage|p1a: Tornadus|2\/100 par\n|-damage|p2a: Kartana|0 fnt|[from] item: Life Orb\n|faint|p2a: Kartana\n|\n|win|himynametay\n|raw|himynametay's rating: 1680 &rarr; <strong>1703<\/strong><br \/>(+23 for winning)\n|raw|LT92PF AC's rating: 1740 &rarr; <strong>1717<\/strong><br \/>(-23 for losing)\n|l|\u2606LT92PF AC\n||Ladder isn't responding, score probably updated but might not have (Request timeout).\n","uploadtime":1660076775,"views":22,"p1id":"himynametay","p2id":"lt92pfac","formatid":"gen8ou","rating":1703,"private":0,"password":null}