{"id":"gen8nationaldex-1634188797","p1":"daellio","p2":"JooshP","format":"gen8nationaldex","log":"|j|\u2606daellio\n|j|\u2606JooshP\n|inactive|Battle timer is ON: inactive players will automatically lose when time's up.\n|t:|1659872796\n|gametype|singles\n|player|p1|daellio|acetrainer|\n|player|p2|JooshP|red|\n|teamsize|p1|6\n|teamsize|p2|6\n|gen|8\n|tier|[Gen 8] National Dex\n|rated|Tournament battle\n|rule|HP Percentage Mod: HP is shown in percentages\n|rule|Endless Battle Clause: Forcing endless battles is banned\n|rule|OHKO Clause: OHKO moves are banned\n|rule|Evasion Moves Clause: Evasion moves are banned\n|rule|Species Clause: Limit one of each Pok\u00e9mon\n|rule|Dynamax Clause: You cannot dynamax\n|rule|Sleep Clause Mod: Limit one foe put to sleep\n|clearpoke\n|poke|p1|Heracross, M|\n|poke|p1|Serperior, F|\n|poke|p1|Slowking, M|\n|poke|p1|Steelix, M|\n|poke|p1|Corviknight, M|\n|poke|p1|Hawlucha, F|\n|poke|p2|Beedrill, F|\n|poke|p2|Skarmory, M|\n|poke|p2|Heatran, F|\n|poke|p2|Garchomp, M|\n|poke|p2|Tapu Lele|\n|poke|p2|Blissey, F|\n|teampreview\n|j|*Lady Monita\n|\n|t:|1659872817\n|start\n|switch|p1a: Heracross|Heracross, M|100\/100\n|switch|p2a: Beedrill|Beedrill, F|100\/100\n|turn|1\n|\n|t:|1659872822\n|detailschange|p2a: Beedrill|Beedrill-Mega, F\n|-mega|p2a: Beedrill|Beedrill|Beedrillite\n|move|p1a: Heracross|Stone Edge|p2a: Beedrill\n|-supereffective|p2a: Beedrill\n|-damage|p2a: Beedrill|0 fnt\n|faint|p2a: Beedrill\n|-ability|p1a: Heracross|Moxie|boost\n|-boost|p1a: Heracross|atk|1\n|\n|upkeep\n|inactive|JooshP has 120 seconds left.\n|c|\u2606JooshP|wtf lmao\n|\n|t:|1659872861\n|switch|p2a: Skarmory|Skarmory, M|100\/100\n|turn|2\n|inactive|JooshP has 120 seconds left.\n|c|\u2606JooshP|!dt heracross\n|raw|<div class=\"message\"><ul class=\"utilichart\"><li class=\"result\"><span class=\"col numcol\">214<\/span> <span class=\"col iconcol\"><psicon pokemon=\"heracross\"\/><\/span> <span class=\"col pokemonnamecol\" style=\"white-space:nowrap\"><a href=\"https:\/\/dex.pokemonshowdown.com\/pokemon\/heracross\" target=\"_blank\">Heracross<\/a><\/span> <span class=\"col typecol\"><img src=\"https:\/\/play.pokemonshowdown.com\/sprites\/types\/Bug.png\" alt=\"Bug\" height=\"14\" width=\"32\"><img src=\"https:\/\/play.pokemonshowdown.com\/sprites\/types\/Fighting.png\" alt=\"Fighting\" height=\"14\" width=\"32\"><\/span> <span style=\"float:left;min-height:26px\"><span class=\"col twoabilitycol\">Swarm<br \/>Guts<\/span><span class=\"col abilitycol\"><em>Moxie<\/em><\/span><\/span><span style=\"float:left;min-height:26px\"><span class=\"col statcol\"><em>HP<\/em><br \/>80<\/span> <span class=\"col statcol\"><em>Atk<\/em><br \/>125<\/span> <span class=\"col statcol\"><em>Def<\/em><br \/>75<\/span> <span class=\"col statcol\"><em>SpA<\/em><br \/>40<\/span> <span class=\"col statcol\"><em>SpD<\/em><br \/>95<\/span> <span class=\"col statcol\"><em>Spe<\/em><br \/>85<\/span> <span class=\"col bstcol\"><em>BST<br \/>500<\/em><\/span> <\/span><\/li><li style=\"clear:both\"><\/li><\/ul><\/div>\n|raw|<font size=\"1\"><font color=\"#686868\">Dex#:<\/font> 214&nbsp;|&ThickSpace;<font color=\"#686868\">Gen:<\/font> 2&nbsp;|&ThickSpace;<font color=\"#686868\">Height:<\/font> 1.5 m&nbsp;|&ThickSpace;<font color=\"#686868\">Weight:<\/font> 54 kg <em>(80 BP)<\/em>&nbsp;|&ThickSpace;<font color=\"#686868\">Dex Colour:<\/font> Blue&nbsp;|&ThickSpace;<font color=\"#686868\">Egg Group(s):<\/font> Bug&nbsp;|&ThickSpace;<font color=\"#686868\">Does Not Evolve<\/font><\/font>\n\n|c|\u2606JooshP|!dt buzzwole\n|raw|<div class=\"message\"><ul class=\"utilichart\"><li class=\"result\"><span class=\"col numcol\">794<\/span> <span class=\"col iconcol\"><psicon pokemon=\"buzzwole\"\/><\/span> <span class=\"col pokemonnamecol\" style=\"white-space:nowrap\"><a href=\"https:\/\/dex.pokemonshowdown.com\/pokemon\/buzzwole\" target=\"_blank\">Buzzwole<\/a><\/span> <span class=\"col typecol\"><img src=\"https:\/\/play.pokemonshowdown.com\/sprites\/types\/Bug.png\" alt=\"Bug\" height=\"14\" width=\"32\"><img src=\"https:\/\/play.pokemonshowdown.com\/sprites\/types\/Fighting.png\" alt=\"Fighting\" height=\"14\" width=\"32\"><\/span> <span style=\"float:left;min-height:26px\"><span class=\"col abilitycol\">Beast Boost<\/span><span class=\"col abilitycol\"><\/span><\/span><span style=\"float:left;min-height:26px\"><span class=\"col statcol\"><em>HP<\/em><br \/>107<\/span> <span class=\"col statcol\"><em>Atk<\/em><br \/>139<\/span> <span class=\"col statcol\"><em>Def<\/em><br \/>139<\/span> <span class=\"col statcol\"><em>SpA<\/em><br \/>53<\/span> <span class=\"col statcol\"><em>SpD<\/em><br \/>53<\/span> <span class=\"col statcol\"><em>Spe<\/em><br \/>79<\/span> <span class=\"col bstcol\"><em>BST<br \/>570<\/em><\/span> <\/span><\/li><li style=\"clear:both\"><\/li><\/ul><\/div>\n|raw|<font size=\"1\"><font color=\"#686868\">Dex#:<\/font> 794&nbsp;|&ThickSpace;<font color=\"#686868\">Gen:<\/font> 7&nbsp;|&ThickSpace;<font color=\"#686868\">Height:<\/font> 2.4 m&nbsp;|&ThickSpace;<font color=\"#686868\">Weight:<\/font> 333.6 kg <em>(120 BP)<\/em>&nbsp;|&ThickSpace;<font color=\"#686868\">Dex Colour:<\/font> Red&nbsp;|&ThickSpace;<font color=\"#686868\">Egg Group(s):<\/font> Undiscovered&nbsp;|&ThickSpace;<font color=\"#686868\">Does Not Evolve<\/font><\/font>\n\n|\n|t:|1659872876\n|switch|p1a: Slowking|Slowking, M|100\/100\n|move|p2a: Skarmory|Spikes|p1a: Slowking\n|-sidestart|p1: daellio|Spikes\n|\n|upkeep\n|turn|3\n|inactive|JooshP has 120 seconds left.\n|\n|t:|1659872881\n|switch|p2a: Blissey|Blissey, F|100\/100\n|move|p1a: Slowking|Scald|p2a: Blissey\n|-damage|p2a: Blissey|86\/100\n|\n|upkeep\n|turn|4\n|\n|t:|1659872888\n|switch|p1a: Steelix|Steelix, M|100\/100\n|-damage|p1a: Steelix|88\/100|[from] Spikes\n|move|p2a: Blissey|Teleport|p2a: Blissey\n|\n|t:|1659872891\n|switch|p2a: Garchomp|Garchomp, M|100\/100|[from]move: Teleport\n|\n|upkeep\n|turn|5\n|\n|t:|1659872894\n|detailschange|p1a: Steelix|Steelix-Mega, M\n|-mega|p1a: Steelix|Steelix|Steelixite\n|move|p2a: Garchomp|Swords Dance|p2a: Garchomp\n|-boost|p2a: Garchomp|atk|2\n|move|p1a: Steelix|Stealth Rock|p2a: Garchomp\n|-sidestart|p2: JooshP|move: Stealth Rock\n|\n|upkeep\n|turn|6\n|\n|t:|1659872898\n|move|p2a: Garchomp|Stealth Rock|p1a: Steelix\n|-sidestart|p1: daellio|move: Stealth Rock\n|move|p1a: Steelix|Roar|p2a: Garchomp\n|drag|p2a: Skarmory|Skarmory, M|100\/100\n|-damage|p2a: Skarmory|88\/100|[from] Stealth Rock\n|\n|upkeep\n|turn|7\n|\n|t:|1659872909\n|switch|p1a: Hawlucha|Hawlucha, F|100\/100\n|-damage|p1a: Hawlucha|88\/100|[from] Stealth Rock\n|move|p2a: Skarmory|Body Press|p1a: Hawlucha\n|-resisted|p1a: Hawlucha\n|-damage|p1a: Hawlucha|63\/100\n|\n|upkeep\n|turn|8\n|\n|t:|1659872922\n|switch|p1a: Serperior|Serperior, F|100\/100\n|-damage|p1a: Serperior|88\/100|[from] Spikes\n|-damage|p1a: Serperior|76\/100|[from] Stealth Rock\n|move|p2a: Skarmory|Whirlwind|p1a: Serperior\n|drag|p1a: Heracross|Heracross, M|100\/100\n|-damage|p1a: Heracross|88\/100|[from] Spikes\n|-damage|p1a: Heracross|76\/100|[from] Stealth Rock\n|\n|upkeep\n|turn|9\n|\n|t:|1659872925\n|move|p1a: Heracross|Knock Off|p2a: Skarmory\n|-damage|p2a: Skarmory|71\/100\n|-damage|p1a: Heracross|59\/100|[from] item: Rocky Helmet|[of] p2a: Skarmory\n|-enditem|p2a: Skarmory|Rocky Helmet|[from] move: Knock Off|[of] p1a: Heracross\n|move|p2a: Skarmory|Roost|p2a: Skarmory\n|-heal|p2a: Skarmory|100\/100\n|-singleturn|p2a: Skarmory|move: Roost\n|\n|upkeep\n|turn|10\n|\n|t:|1659872932\n|switch|p1a: Steelix|Steelix-Mega, M|88\/100\n|-damage|p1a: Steelix|76\/100|[from] Spikes\n|-damage|p1a: Steelix|73\/100|[from] Stealth Rock\n|switch|p2a: Garchomp|Garchomp, M|100\/100\n|-damage|p2a: Garchomp|94\/100|[from] Stealth Rock\n|\n|upkeep\n|turn|11\n|\n|t:|1659872939\n|move|p2a: Garchomp|Swords Dance|p2a: Garchomp\n|-boost|p2a: Garchomp|atk|2\n|move|p1a: Steelix|Earthquake|p2a: Garchomp\n|-damage|p2a: Garchomp|52\/100\n|\n|upkeep\n|turn|12\n|\n|t:|1659872951\n|switch|p1a: Hawlucha|Hawlucha, F|63\/100\n|-damage|p1a: Hawlucha|50\/100|[from] Stealth Rock\n|-enditem|p1a: Hawlucha|Sitrus Berry|[eat]\n|-heal|p1a: Hawlucha|75\/100|[from] item: Sitrus Berry\n|move|p2a: Garchomp|Earthquake|p1a: Hawlucha\n|-immune|p1a: Hawlucha\n|\n|upkeep\n|turn|13\n|\n|t:|1659872955\n|move|p1a: Hawlucha|Close Combat|p2a: Garchomp\n|-damage|p2a: Garchomp|2\/100\n|-unboost|p1a: Hawlucha|def|1\n|-unboost|p1a: Hawlucha|spd|1\n|-damage|p1a: Hawlucha|63\/100|[from] ability: Rough Skin|[of] p2a: Garchomp\n|-zpower|p2a: Garchomp\n|move|p2a: Garchomp|Continental Crush|p1a: Hawlucha|[zeffect]\n|-damage|p1a: Hawlucha|0 fnt\n|faint|p1a: Hawlucha\n|\n|upkeep\n|\n|t:|1659872962\n|switch|p1a: Heracross|Heracross, M|59\/100\n|-damage|p1a: Heracross|47\/100|[from] Spikes\n|-damage|p1a: Heracross|35\/100|[from] Stealth Rock\n|turn|14\n|inactive|JooshP has 120 seconds left.\n|\n|t:|1659873002\n|move|p1a: Heracross|Close Combat|p2a: Garchomp\n|-damage|p2a: Garchomp|0 fnt\n|-unboost|p1a: Heracross|def|1\n|-unboost|p1a: Heracross|spd|1\n|-damage|p1a: Heracross|22\/100|[from] ability: Rough Skin|[of] p2a: Garchomp\n|faint|p2a: Garchomp\n|-ability|p1a: Heracross|Moxie|boost\n|-boost|p1a: Heracross|atk|1\n|\n|upkeep\n|\n|t:|1659873005\n|switch|p2a: Tapu Lele|Tapu Lele|100\/100\n|-damage|p2a: Tapu Lele|88\/100|[from] Stealth Rock\n|-fieldstart|move: Psychic Terrain|[from] ability: Psychic Surge|[of] p2a: Tapu Lele\n|turn|15\n|\n|t:|1659873007\n|move|p2a: Tapu Lele|Moonblast|p1a: Heracross\n|-supereffective|p1a: Heracross\n|-damage|p1a: Heracross|0 fnt\n|faint|p1a: Heracross\n|\n|upkeep\n|\n|t:|1659873014\n|switch|p1a: Slowking|Slowking, M|100\/100\n|-damage|p1a: Slowking|88\/100|[from] Spikes\n|-damage|p1a: Slowking|76\/100|[from] Stealth Rock\n|turn|16\n|\n|t:|1659873019\n|switch|p2a: Blissey|Blissey, F|86\/100\n|switch|p1a: Corviknight|Corviknight, M|100\/100\n|-damage|p1a: Corviknight|88\/100|[from] Stealth Rock\n|-ability|p1a: Corviknight|Pressure\n|\n|-heal|p1a: Corviknight|94\/100|[from] item: Leftovers\n|upkeep\n|turn|17\n|\n|t:|1659873041\n|move|p1a: Corviknight|Substitute|p1a: Corviknight\n|-start|p1a: Corviknight|Substitute\n|-damage|p1a: Corviknight|69\/100\n|move|p2a: Blissey|Teleport|p2a: Blissey\n|\n|t:|1659873045\n|switch|p2a: Skarmory|Skarmory, M|100\/100|[from]move: Teleport\n|-damage|p2a: Skarmory|88\/100|[from] Stealth Rock\n|\n|-heal|p1a: Corviknight|75\/100|[from] item: Leftovers\n|upkeep\n|turn|18\n|\n|t:|1659873051\n|move|p1a: Corviknight|Roost|p1a: Corviknight\n|-heal|p1a: Corviknight|100\/100\n|-singleturn|p1a: Corviknight|move: Roost\n|move|p2a: Skarmory|Whirlwind|p1a: Corviknight\n|drag|p1a: Slowking|Slowking, M|100\/100\n|-damage|p1a: Slowking|88\/100|[from] Spikes\n|-damage|p1a: Slowking|76\/100|[from] Stealth Rock\n|\n|upkeep\n|turn|19\n|\n|t:|1659873060\n|switch|p2a: Blissey|Blissey, F|86\/100\n|move|p1a: Slowking|Fire Blast|p2a: Blissey\n|-damage|p2a: Blissey|73\/100\n|\n|-fieldend|move: Psychic Terrain\n|upkeep\n|turn|20\n|\n|t:|1659873065\n|switch|p1a: Steelix|Steelix-Mega, M|73\/100\n|-damage|p1a: Steelix|60\/100|[from] Spikes\n|-damage|p1a: Steelix|57\/100|[from] Stealth Rock\n|move|p2a: Blissey|Toxic|p1a: Steelix\n|-immune|p1a: Steelix\n|\n|upkeep\n|turn|21\n|\n|t:|1659873077\n|switch|p2a: Skarmory|Skarmory, M|88\/100\n|-damage|p2a: Skarmory|76\/100|[from] Stealth Rock\n|move|p1a: Steelix|Roar|p2a: Skarmory\n|drag|p2a: Tapu Lele|Tapu Lele|88\/100\n|-damage|p2a: Tapu Lele|76\/100|[from] Stealth Rock\n|-fieldstart|move: Psychic Terrain|[from] ability: Psychic Surge|[of] p2a: Tapu Lele\n|\n|upkeep\n|turn|22\n|\n|t:|1659873081\n|switch|p2a: Skarmory|Skarmory, M|76\/100\n|-damage|p2a: Skarmory|64\/100|[from] Stealth Rock\n|move|p1a: Steelix|Heavy Slam|p2a: Skarmory\n|-resisted|p2a: Skarmory\n|-damage|p2a: Skarmory|48\/100\n|\n|upkeep\n|turn|23\n|\n|t:|1659873085\n|move|p2a: Skarmory|Body Press|p1a: Steelix\n|-supereffective|p1a: Steelix\n|-damage|p1a: Steelix|32\/100\n|move|p1a: Steelix|Earthquake|p2a: Skarmory\n|-immune|p2a: Skarmory\n|\n|upkeep\n|turn|24\n|\n|t:|1659873090\n|move|p2a: Skarmory|Roost|p2a: Skarmory\n|-heal|p2a: Skarmory|98\/100\n|-singleturn|p2a: Skarmory|move: Roost\n|move|p1a: Steelix|Earthquake|p2a: Skarmory\n|-supereffective|p2a: Skarmory\n|-damage|p2a: Skarmory|50\/100\n|\n|upkeep\n|turn|25\n|\n|t:|1659873093\n|move|p2a: Skarmory|Body Press|p1a: Steelix\n|-supereffective|p1a: Steelix\n|-damage|p1a: Steelix|8\/100\n|move|p1a: Steelix|Roar|p2a: Skarmory\n|drag|p2a: Heatran|Heatran, F|100\/100\n|-damage|p2a: Heatran|88\/100|[from] Stealth Rock\n|\n|-heal|p2a: Heatran|94\/100|[from] item: Leftovers\n|-fieldend|move: Psychic Terrain\n|upkeep\n|turn|26\n|inactive|JooshP has 120 seconds left.\n|\n|t:|1659873127\n|move|p2a: Heatran|Earth Power|p1a: Steelix\n|-supereffective|p1a: Steelix\n|-damage|p1a: Steelix|0 fnt\n|faint|p1a: Steelix\n|\n|-heal|p2a: Heatran|100\/100|[from] item: Leftovers\n|upkeep\n|\n|t:|1659873139\n|switch|p1a: Serperior|Serperior, F|76\/100\n|-damage|p1a: Serperior|64\/100|[from] Spikes\n|-damage|p1a: Serperior|51\/100|[from] Stealth Rock\n|turn|27\n|inactive|JooshP has 120 seconds left.\n|\n|t:|1659873155\n|move|p1a: Serperior|Substitute|p1a: Serperior\n|-start|p1a: Serperior|Substitute\n|-damage|p1a: Serperior|26\/100\n|move|p2a: Heatran|Magma Storm|p1a: Serperior\n|-supereffective|p1a: Serperior\n|-end|p1a: Serperior|Substitute\n|\n|-heal|p1a: Serperior|32\/100|[from] item: Leftovers\n|upkeep\n|turn|28\n|\n|t:|1659873161\n|move|p1a: Serperior|Substitute|p1a: Serperior\n|-start|p1a: Serperior|Substitute\n|-damage|p1a: Serperior|7\/100\n|move|p2a: Heatran|Earth Power|p1a: Serperior\n|-resisted|p1a: Serperior\n|-activate|p1a: Serperior|move: Substitute|[damage]\n|\n|-heal|p1a: Serperior|14\/100|[from] item: Leftovers\n|upkeep\n|turn|29\n|\n|t:|1659873164\n|move|p1a: Serperior|Glare|p2a: Heatran\n|-status|p2a: Heatran|par\n|move|p2a: Heatran|Earth Power|p1a: Serperior\n|-resisted|p1a: Serperior\n|-end|p1a: Serperior|Substitute\n|\n|-heal|p1a: Serperior|20\/100|[from] item: Leftovers\n|upkeep\n|turn|30\n|\n|t:|1659873167\n|move|p1a: Serperior|Leech Seed|p2a: Heatran\n|-start|p2a: Heatran|move: Leech Seed\n|move|p2a: Heatran|Magma Storm|p1a: Serperior|[miss]\n|-miss|p2a: Heatran|p1a: Serperior\n|\n|-heal|p1a: Serperior|26\/100|[from] item: Leftovers\n|-damage|p2a: Heatran|88\/100 par|[from] Leech Seed|[of] p1a: Serperior\n|-heal|p1a: Serperior|42\/100|[silent]\n|upkeep\n|turn|31\n|\n|t:|1659873171\n|switch|p2a: Skarmory|Skarmory, M|50\/100\n|-damage|p2a: Skarmory|38\/100|[from] Stealth Rock\n|move|p1a: Serperior|Substitute|p1a: Serperior\n|-start|p1a: Serperior|Substitute\n|-damage|p1a: Serperior|17\/100\n|\n|-heal|p1a: Serperior|23\/100|[from] item: Leftovers\n|upkeep\n|turn|32\n|\n|t:|1659873174\n|move|p1a: Serperior|Glare|p2a: Skarmory\n|-status|p2a: Skarmory|par\n|move|p2a: Skarmory|Whirlwind|p1a: Serperior\n|drag|p1a: Slowking|Slowking, M|100\/100\n|-damage|p1a: Slowking|88\/100|[from] Spikes\n|-damage|p1a: Slowking|76\/100|[from] Stealth Rock\n|\n|upkeep\n|turn|33\n|\n|t:|1659873179\n|move|p1a: Slowking|Scald|p2a: Skarmory\n|-damage|p2a: Skarmory|0 fnt\n|faint|p2a: Skarmory\n|\n|upkeep\n|\n|t:|1659873183\n|switch|p2a: Blissey|Blissey, F|73\/100\n|turn|34\n|\n|t:|1659873188\n|switch|p1a: Corviknight|Corviknight, M|100\/100\n|-damage|p1a: Corviknight|88\/100|[from] Stealth Rock\n|-ability|p1a: Corviknight|Pressure\n|move|p2a: Blissey|Seismic Toss|p1a: Corviknight\n|-damage|p1a: Corviknight|63\/100\n|\n|-heal|p1a: Corviknight|69\/100|[from] item: Leftovers\n|upkeep\n|turn|35\n|\n|t:|1659873208\n|move|p1a: Corviknight|Substitute|p1a: Corviknight\n|-start|p1a: Corviknight|Substitute\n|-damage|p1a: Corviknight|44\/100\n|move|p2a: Blissey|Seismic Toss|p1a: Corviknight\n|-end|p1a: Corviknight|Substitute\n|\n|-heal|p1a: Corviknight|50\/100|[from] item: Leftovers\n|upkeep\n|turn|36\n|\n|t:|1659873210\n|move|p1a: Corviknight|Bulk Up|p1a: Corviknight\n|-boost|p1a: Corviknight|atk|1\n|-boost|p1a: Corviknight|def|1\n|move|p2a: Blissey|Teleport|p2a: Blissey\n|\n|t:|1659873213\n|switch|p2a: Heatran|Heatran, F|88\/100 par|[from]move: Teleport\n|-damage|p2a: Heatran|76\/100 par|[from] Stealth Rock\n|\n|-heal|p1a: Corviknight|56\/100|[from] item: Leftovers\n|-heal|p2a: Heatran|82\/100 par|[from] item: Leftovers\n|upkeep\n|turn|37\n|\n|t:|1659873216\n|move|p1a: Corviknight|Substitute|p1a: Corviknight\n|-start|p1a: Corviknight|Substitute\n|-damage|p1a: Corviknight|32\/100\n|move|p2a: Heatran|Magma Storm|p1a: Corviknight\n|-supereffective|p1a: Corviknight\n|-end|p1a: Corviknight|Substitute\n|\n|-heal|p1a: Corviknight|38\/100|[from] item: Leftovers\n|-heal|p2a: Heatran|88\/100 par|[from] item: Leftovers\n|upkeep\n|turn|38\n|\n|t:|1659873220\n|move|p1a: Corviknight|Substitute|p1a: Corviknight\n|-start|p1a: Corviknight|Substitute\n|-damage|p1a: Corviknight|13\/100\n|cant|p2a: Heatran|par\n|\n|-heal|p1a: Corviknight|19\/100|[from] item: Leftovers\n|-heal|p2a: Heatran|94\/100 par|[from] item: Leftovers\n|upkeep\n|turn|39\n|\n|t:|1659873223\n|move|p1a: Corviknight|Roost|p1a: Corviknight\n|-heal|p1a: Corviknight|69\/100\n|-singleturn|p1a: Corviknight|move: Roost\n|move|p2a: Heatran|Taunt|p1a: Corviknight\n|-start|p1a: Corviknight|move: Taunt\n|\n|-heal|p1a: Corviknight|75\/100|[from] item: Leftovers\n|-heal|p2a: Heatran|100\/100 par|[from] item: Leftovers\n|upkeep\n|turn|40\n|\n|t:|1659873226\n|move|p1a: Corviknight|Brave Bird|p2a: Heatran\n|-resisted|p2a: Heatran\n|-damage|p2a: Heatran|77\/100 par\n|-damage|p1a: Corviknight|67\/100|[from] Recoil\n|move|p2a: Heatran|Magma Storm|p1a: Corviknight|[miss]\n|-miss|p2a: Heatran|p1a: Corviknight\n|\n|-heal|p1a: Corviknight|73\/100|[from] item: Leftovers\n|-heal|p2a: Heatran|83\/100 par|[from] item: Leftovers\n|upkeep\n|turn|41\n|\n|t:|1659873229\n|move|p1a: Corviknight|Brave Bird|p2a: Heatran\n|-resisted|p2a: Heatran\n|-damage|p2a: Heatran|58\/100 par\n|-damage|p1a: Corviknight|65\/100|[from] Recoil\n|move|p2a: Heatran|Magma Storm|p1a: Corviknight\n|-supereffective|p1a: Corviknight\n|-end|p1a: Corviknight|Substitute\n|\n|-heal|p1a: Corviknight|71\/100|[from] item: Leftovers\n|-heal|p2a: Heatran|64\/100 par|[from] item: Leftovers\n|upkeep\n|turn|42\n|\n|t:|1659873236\n|switch|p2a: Tapu Lele|Tapu Lele|76\/100\n|-damage|p2a: Tapu Lele|63\/100|[from] Stealth Rock\n|-fieldstart|move: Psychic Terrain|[from] ability: Psychic Surge|[of] p2a: Tapu Lele\n|move|p1a: Corviknight|Brave Bird|p2a: Tapu Lele\n|-damage|p2a: Tapu Lele|0 fnt\n|faint|p2a: Tapu Lele\n|-damage|p1a: Corviknight|57\/100|[from] Recoil\n|\n|-heal|p1a: Corviknight|63\/100|[from] item: Leftovers\n|-end|p1a: Corviknight|move: Taunt\n|upkeep\n|-message|JooshP forfeited.\n|\n|win|daellio\n|n|\u2606daellio|daellio\n|n|\u2606JooshP|jooshp\n|n|*Lady Monita|ladymonita\n|l|*Lady Monita\n|l|\u2606JooshP\n","uploadtime":1659873245,"views":14,"p1id":"daellio","p2id":"jooshp","formatid":"gen8nationaldex","rating":0,"private":0,"password":null}