{"id":"gen8randombattle-1526856998","p1":"Ivyon","p2":"8104Fenix","format":"gen8randombattle","log":"|j|\u2606Ivyon\n|j|\u26068104Fenix\n|t:|1646823523\n|gametype|singles\n|player|p1|Ivyon|blue|1448\n|player|p2|8104Fenix|pokemaniac|1433\n|teamsize|p1|6\n|teamsize|p2|6\n|gen|8\n|tier|[Gen 8] Random Battle\n|rated|\n|rule|Species Clause: Limit one of each Pok\u00e9mon\n|rule|HP Percentage Mod: HP is shown in percentages\n|rule|Sleep Clause Mod: Limit one foe put to sleep\n|\n|t:|1646823523\n|start\n|switch|p1a: Flapple|Flapple, L84, F|255\/255\n|switch|p2a: Mr. Rime|Mr. Rime, L86, F|278\/278\n|turn|1\n|\n|t:|1646823546\n|move|p2a: Mr. Rime|Freeze-Dry|p1a: Flapple\n|-supereffective|p1a: Flapple\n|-damage|p1a: Flapple|0 fnt\n|faint|p1a: Flapple\n|\n|upkeep\n|c|\u26068104Fenix|?\n|c|\u2606Ivyon|thought you were going to nasty plot\n|\n|t:|1646823569\n|switch|p1a: Druddigon|Druddigon, L84, M|267\/267\n|-ability|p1a: Druddigon|Mold Breaker\n|turn|2\n|\n|t:|1646823574\n|move|p1a: Druddigon|Sucker Punch|p2a: Mr. Rime\n|-supereffective|p2a: Mr. Rime\n|-damage|p2a: Mr. Rime|109\/278\n|-damage|p1a: Druddigon|241\/267|[from] item: Life Orb\n|move|p2a: Mr. Rime|Freeze-Dry|p1a: Druddigon\n|-supereffective|p1a: Druddigon\n|-damage|p1a: Druddigon|55\/267\n|\n|upkeep\n|turn|3\n|\n|t:|1646823583\n|move|p2a: Mr. Rime|Slack Off|p2a: Mr. Rime\n|-heal|p2a: Mr. Rime|248\/278\n|move|p1a: Druddigon|Stealth Rock|p2a: Mr. Rime\n|-sidestart|p2: 8104Fenix|move: Stealth Rock\n|\n|upkeep\n|turn|4\n|\n|t:|1646823593\n|move|p1a: Druddigon|Sucker Punch||[still]\n|-fail|p1a: Druddigon\n|move|p2a: Mr. Rime|Slack Off|p2a: Mr. Rime\n|-heal|p2a: Mr. Rime|278\/278\n|\n|upkeep\n|turn|5\n|\n|t:|1646823598\n|move|p1a: Druddigon|Sucker Punch|p2a: Mr. Rime\n|-supereffective|p2a: Mr. Rime\n|-damage|p2a: Mr. Rime|96\/278\n|-damage|p1a: Druddigon|29\/267|[from] item: Life Orb\n|move|p2a: Mr. Rime|Freeze-Dry|p1a: Druddigon\n|-supereffective|p1a: Druddigon\n|-damage|p1a: Druddigon|0 fnt\n|faint|p1a: Druddigon\n|\n|upkeep\n|\n|t:|1646823607\n|switch|p1a: Azelf|Azelf, L82|257\/257\n|turn|6\n|\n|t:|1646823612\n|move|p1a: Azelf|Psychic|p2a: Mr. Rime\n|-resisted|p2a: Mr. Rime\n|-damage|p2a: Mr. Rime|30\/278\n|-damage|p1a: Azelf|232\/257|[from] item: Life Orb\n|move|p2a: Mr. Rime|Slack Off|p2a: Mr. Rime\n|-heal|p2a: Mr. Rime|169\/278\n|\n|upkeep\n|turn|7\n|\n|t:|1646823621\n|move|p1a: Azelf|Fire Blast|p2a: Mr. Rime\n|-supereffective|p2a: Mr. Rime\n|-damage|p2a: Mr. Rime|0 fnt\n|faint|p2a: Mr. Rime\n|-damage|p1a: Azelf|207\/257|[from] item: Life Orb\n|\n|upkeep\n|\n|t:|1646823627\n|switch|p2a: Weavile|Weavile, L79, F|240\/240\n|turn|8\n|\n|t:|1646823634\n|move|p2a: Weavile|Knock Off|p1a: Azelf\n|-supereffective|p1a: Azelf\n|-damage|p1a: Azelf|0 fnt\n|-enditem|p1a: Azelf|Life Orb|[from] move: Knock Off|[of] p2a: Weavile\n|faint|p1a: Azelf\n|\n|upkeep\n|\n|t:|1646823640\n|switch|p1a: Zapdos|Zapdos-Galar, L76|262\/262\n|turn|9\n|\n|t:|1646823650\n|move|p2a: Weavile|Triple Axel|p1a: Zapdos|[miss]\n|-miss|p2a: Weavile|p1a: Zapdos\n|move|p1a: Zapdos|Bulk Up|p1a: Zapdos\n|-boost|p1a: Zapdos|atk|1\n|-boost|p1a: Zapdos|def|1\n|\n|upkeep\n|turn|10\n|\n|t:|1646823654\n|-start|p1a: Zapdos|Dynamax\n|-heal|p1a: Zapdos|524\/524|[silent]\n|move|p2a: Weavile|Triple Axel|p1a: Zapdos\n|-supereffective|p1a: Zapdos\n|-damage|p1a: Zapdos|492\/524\n|-supereffective|p1a: Zapdos\n|-damage|p1a: Zapdos|424\/524\n|-supereffective|p1a: Zapdos\n|-damage|p1a: Zapdos|334\/524\n|-hitcount|p1a: Zapdos|3\n|move|p1a: Zapdos|Max Knuckle|p2a: Weavile\n|-supereffective|p2a: Weavile\n|-damage|p2a: Weavile|0 fnt\n|-boost|p1a: Zapdos|atk|1\n|faint|p2a: Weavile\n|-damage|p1a: Zapdos|308\/524|[from] item: Life Orb\n|\n|upkeep\n|\n|t:|1646823678\n|switch|p2a: Escavalier|Escavalier, L84, M|255\/255\n|-damage|p2a: Escavalier|224\/255|[from] Stealth Rock\n|turn|11\n|\n|t:|1646823684\n|move|p1a: Zapdos|Max Airstream|p2a: Escavalier\n|-damage|p2a: Escavalier|0 fnt\n|-boost|p1a: Zapdos|spe|1\n|faint|p2a: Escavalier\n|-damage|p1a: Zapdos|282\/524|[from] item: Life Orb\n|\n|upkeep\n|\n|t:|1646823691\n|switch|p2a: Pangoro|Pangoro, L84, M|297\/297\n|-damage|p2a: Pangoro|279\/297|[from] Stealth Rock\n|turn|12\n|\n|t:|1646823695\n|move|p1a: Zapdos|Max Airstream|p2a: Pangoro\n|-supereffective|p2a: Pangoro\n|-damage|p2a: Pangoro|0 fnt\n|-boost|p1a: Zapdos|spe|1\n|faint|p2a: Pangoro\n|-damage|p1a: Zapdos|256\/524|[from] item: Life Orb\n|\n|-end|p1a: Zapdos|Dynamax\n|-heal|p1a: Zapdos|128\/262|[silent]\n|upkeep\n|\n|t:|1646823698\n|switch|p2a: Dragonite|Dragonite, L75, F|260\/260\n|turn|13\n|\n|t:|1646823707\n|-start|p2a: Dragonite|Dynamax\n|-heal|p2a: Dragonite|520\/520|[silent]\n|move|p1a: Zapdos|Brave Bird|p2a: Dragonite\n|-damage|p2a: Dragonite|354\/520\n|-damage|p1a: Zapdos|73\/262|[from] Recoil\n|-damage|p1a: Zapdos|47\/262|[from] item: Life Orb\n|move|p2a: Dragonite|Max Wyrmwind|p1a: Zapdos\n|-damage|p1a: Zapdos|0 fnt\n|faint|p1a: Zapdos\n|\n|upkeep\n|\n|t:|1646823716\n|switch|p1a: Dunsparce|Dunsparce, L90, M|326\/326\n|turn|14\n|\n|t:|1646823723\n|move|p2a: Dragonite|Max Quake|p1a: Dunsparce\n|-damage|p1a: Dunsparce|213\/326\n|-boost|p2a: Dragonite|spd|1\n|move|p1a: Dunsparce|Body Slam|p2a: Dragonite\n|-damage|p2a: Dragonite|266\/520\n|-status|p2a: Dragonite|par\n|\n|-heal|p1a: Dunsparce|233\/326|[from] item: Leftovers\n|upkeep\n|turn|15\n|\n|t:|1646823728\n|move|p1a: Dunsparce|Coil|p1a: Dunsparce\n|-boost|p1a: Dunsparce|atk|1\n|-boost|p1a: Dunsparce|def|1\n|-boost|p1a: Dunsparce|accuracy|1\n|move|p2a: Dragonite|Max Airstream|p1a: Dunsparce\n|-damage|p1a: Dunsparce|131\/326\n|-boost|p2a: Dragonite|spe|1\n|\n|-heal|p1a: Dunsparce|151\/326|[from] item: Leftovers\n|-end|p2a: Dragonite|Dynamax\n|-heal|p2a: Dragonite|133\/260 par|[silent]\n|upkeep\n|turn|16\n|\n|t:|1646823739\n|move|p1a: Dunsparce|Roost|p1a: Dunsparce\n|-heal|p1a: Dunsparce|314\/326\n|-singleturn|p1a: Dunsparce|move: Roost\n|move|p2a: Dragonite|Outrage|p1a: Dunsparce\n|-damage|p1a: Dunsparce|221\/326\n|\n|-heal|p1a: Dunsparce|241\/326|[from] item: Leftovers\n|upkeep\n|turn|17\n|\n|t:|1646823744\n|move|p1a: Dunsparce|Coil|p1a: Dunsparce\n|-boost|p1a: Dunsparce|atk|1\n|-boost|p1a: Dunsparce|def|1\n|-boost|p1a: Dunsparce|accuracy|1\n|move|p2a: Dragonite|Outrage|p1a: Dunsparce|[from]lockedmove\n|-damage|p1a: Dunsparce|166\/326\n|\n|-heal|p1a: Dunsparce|186\/326|[from] item: Leftovers\n|upkeep\n|turn|18\n|\n|t:|1646823749\n|move|p1a: Dunsparce|Roost|p1a: Dunsparce\n|-heal|p1a: Dunsparce|326\/326\n|-singleturn|p1a: Dunsparce|move: Roost\n|move|p2a: Dragonite|Outrage|p1a: Dunsparce|[from]lockedmove\n|-damage|p1a: Dunsparce|254\/326\n|-start|p2a: Dragonite|confusion|[fatigue]\n|\n|-heal|p1a: Dunsparce|274\/326|[from] item: Leftovers\n|upkeep\n|turn|19\n|\n|t:|1646823753\n|switch|p2a: Chansey|Chansey, L84, F|557\/557\n|-damage|p2a: Chansey|488\/557|[from] Stealth Rock\n|move|p1a: Dunsparce|Coil|p1a: Dunsparce\n|-boost|p1a: Dunsparce|atk|1\n|-boost|p1a: Dunsparce|def|1\n|-boost|p1a: Dunsparce|accuracy|1\n|\n|-heal|p1a: Dunsparce|294\/326|[from] item: Leftovers\n|upkeep\n|turn|20\n|\n|t:|1646823756\n|move|p2a: Chansey|Toxic|p1a: Dunsparce\n|-status|p1a: Dunsparce|tox\n|move|p1a: Dunsparce|Body Slam|p2a: Chansey\n|-damage|p2a: Chansey|4\/557\n|\n|-heal|p1a: Dunsparce|314\/326 tox|[from] item: Leftovers\n|-damage|p1a: Dunsparce|294\/326 tox|[from] psn\n|upkeep\n|turn|21\n|\n|t:|1646823763\n|switch|p2a: Dragonite|Dragonite, L75, F|133\/260 par\n|move|p1a: Dunsparce|Body Slam|p2a: Dragonite\n|-damage|p2a: Dragonite|0 fnt\n|faint|p2a: Dragonite\n|\n|-heal|p1a: Dunsparce|314\/326 tox|[from] item: Leftovers\n|-damage|p1a: Dunsparce|274\/326 tox|[from] psn\n|upkeep\n|-message|8104Fenix forfeited.\n|\n|win|Ivyon\n|raw|Ivyon's rating: 1448 &rarr; <strong>1467<\/strong><br \/>(+19 for winning)\n|raw|8104Fenix's rating: 1433 &rarr; <strong>1414<\/strong><br \/>(-19 for losing)\n|l|\u26068104Fenix\n","inputlog":">version 394449f088c54b433e874ac95e4a5f190ae695af\n>start {\"formatid\":\"gen8randombattle\",\"seed\":[64501,49152,38561,60687],\"rated\":\"Rated battle\"}\n>player p1 {\"name\":\"Ivyon\",\"avatar\":\"blue\",\"rating\":1448,\"seed\":[22670,63718,690,29340]}\n>player p2 {\"name\":\"8104Fenix\",\"avatar\":\"pokemaniac\",\"rating\":1433,\"seed\":[9790,10828,27897,16448]}\n>p1 move uturn\n>p2 move freezedry\n>chat \u26068104Fenix|?\n>chat \u2606Ivyon|thought you were going to nasty plot\n>p1 switch 5\n>p1 move suckerpunch\n>p2 move freezedry\n>p1 move stealthrock\n>p2 move slackoff\n>p1 move suckerpunch\n>p2 move slackoff\n>p1 move suckerpunch\n>p2 move freezedry\n>p1 switch 2\n>p1 move psychic\n>p2 move slackoff\n>p1 move fireblast\n>p2 move rapidspin\n>p2 switch 3\n>p1 move fireblast\n>p2 move knockoff\n>p1 switch 4\n>p1 move bulkup\n>p2 move tripleaxel\n>p1 move closecombat dynamax\n>p2 move tripleaxel\n>p2 switch 4\n>p1 move bravebird dynamax\n>p2 move ironhead\n>p2 switch 5\n>p1 move bravebird dynamax\n>p2 move partingshot\n>p2 switch 6\n>p1 move bravebird\n>p2 move outrage dynamax\n>p1 switch 6\n>p1 move bodyslam\n>p2 move earthquake dynamax\n>p1 move coil\n>p2 move dualwingbeat dynamax\n>p1 move roost\n>p2 move outrage\n>p1 move coil\n>p2 move outrage\n>p1 move roost\n>p2 move outrage\n>p1 move coil\n>p2 switch 2\n>p1 move bodyslam\n>p2 move toxic\n>p1 move bodyslam\n>p2 switch 2\n>forcelose p2","uploadtime":1646823790,"views":8,"p1id":"ivyon","p2id":"8104fenix","formatid":"gen8randombattle","rating":1414,"private":0,"password":null}