{"id":"gen8ou-1644470212","p1":"EEEEEvolto\u6df1\u6eba","p2":"lt94je polt","format":"gen8ou","log":"|j|\u2606EEEEEvolto\u6df1\u6eba\n|j|\u2606lt94je polt\n|t:|1661055444\n|gametype|singles\n|player|p1|EEEEEvolto\u6df1\u6eba|2|1468\n|player|p2|lt94je polt|#agplivlionsden|1616\n|teamsize|p1|6\n|teamsize|p2|6\n|gen|8\n|tier|[Gen 8] OU\n|rated|\n|rule|Sleep Clause Mod: Limit one foe put to sleep\n|rule|Species Clause: Limit one of each Pok\u00e9mon\n|rule|OHKO Clause: OHKO moves are banned\n|rule|Evasion Items Clause: Evasion items are banned\n|rule|Evasion Moves Clause: Evasion moves are banned\n|rule|Endless Battle Clause: Forcing endless battles is banned\n|rule|HP Percentage Mod: HP is shown in percentages\n|rule|Dynamax Clause: You cannot dynamax\n|clearpoke\n|poke|p1|Druddigon, F|\n|poke|p1|Togekiss, M|\n|poke|p1|Melmetal|\n|poke|p1|Volcarona, F|\n|poke|p1|Hydreigon, M|\n|poke|p1|Zeraora|\n|poke|p2|Rillaboom, F|\n|poke|p2|Tornadus-Therian, M|\n|poke|p2|Blaziken, F|\n|poke|p2|Melmetal|\n|poke|p2|Garchomp, F|\n|poke|p2|Slowbro, M|\n|teampreview\n|inactive|Battle timer is ON: inactive players will automatically lose when time's up. (requested by lt94je polt)\n|j| ripreckful\n|\n|t:|1661055470\n|start\n|switch|p1a: Druddigon|Druddigon, F|100\/100\n|switch|p2a: Blaziken|Blaziken, F|100\/100\n|-ability|p1a: Druddigon|Mold Breaker\n|turn|1\n|\n|t:|1661055475\n|switch|p2a: Tornadus|Tornadus-Therian, M|100\/100\n|move|p1a: Druddigon|Stealth Rock|p2a: Tornadus\n|-sidestart|p2: lt94je polt|move: Stealth Rock\n|\n|upkeep\n|turn|2\n|\n|t:|1661055478\n|move|p2a: Tornadus|Defog|p1a: Druddigon\n|-unboost|p1a: Druddigon|evasion|1\n|-sideend|p2: lt94je polt|Stealth Rock|[from] move: Defog|[of] p2a: Tornadus\n|move|p1a: Druddigon|Glare|p2a: Tornadus\n|-status|p2a: Tornadus|par\n|\n|upkeep\n|turn|3\n|inactive|lt94je polt has 120 seconds left.\n|\n|t:|1661055526\n|move|p2a: Tornadus|Knock Off|p1a: Druddigon\n|-damage|p1a: Druddigon|81\/100\n|-enditem|p1a: Druddigon|Roseli Berry|[from] move: Knock Off|[of] p2a: Tornadus\n|move|p1a: Druddigon|Gunk Shot|p2a: Tornadus\n|-damage|p2a: Tornadus|65\/100 par\n|\n|upkeep\n|turn|4\n|\n|t:|1661055532\n|switch|p2a: Garchomp|Garchomp, F|100\/100\n|move|p1a: Druddigon|Stealth Rock|p2a: Garchomp\n|-sidestart|p2: lt94je polt|move: Stealth Rock\n|\n|upkeep\n|turn|5\n|\n|t:|1661055536\n|move|p2a: Garchomp|Toxic|p1a: Druddigon\n|-status|p1a: Druddigon|tox\n|move|p1a: Druddigon|Glare|p2a: Garchomp\n|-status|p2a: Garchomp|par\n|\n|-damage|p1a: Druddigon|74\/100 tox|[from] psn\n|upkeep\n|turn|6\n|\n|t:|1661055539\n|switch|p1a: Melmetal|Melmetal|100\/100\n|move|p2a: Garchomp|Stealth Rock|p1a: Melmetal\n|-sidestart|p1: EEEEEvolto\u6df1\u6eba|move: Stealth Rock\n|\n|upkeep\n|turn|7\n|\n|t:|1661055544\n|switch|p2a: Slowbro|Slowbro, M|100\/100\n|-damage|p2a: Slowbro|88\/100|[from] Stealth Rock\n|move|p1a: Melmetal|Double Iron Bash|p2a: Slowbro\n|-resisted|p2a: Slowbro\n|-damage|p2a: Slowbro|74\/100\n|-resisted|p2a: Slowbro\n|-damage|p2a: Slowbro|61\/100\n|-hitcount|p2a: Slowbro|2\n|\n|upkeep\n|turn|8\n|\n|t:|1661055547\n|move|p1a: Melmetal|Thunder Punch|p2a: Slowbro\n|-supereffective|p2a: Slowbro\n|-damage|p2a: Slowbro|18\/100\n|move|p2a: Slowbro|Teleport|p2a: Slowbro\n|\n|t:|1661055555\n|switch|p2a: Blaziken|Blaziken, F|100\/100|[from]move: Teleport\n|-damage|p2a: Blaziken|88\/100|[from] Stealth Rock\n|\n|-heal|p2a: Blaziken|94\/100|[from] item: Leftovers\n|upkeep\n|turn|9\n|\n|t:|1661055560\n|switch|p1a: Togekiss|Togekiss, M|100\/100\n|-damage|p1a: Togekiss|75\/100|[from] Stealth Rock\n|move|p2a: Blaziken|Protect||[still]\n|-fail|p2a: Blaziken\n|\n|-heal|p2a: Blaziken|100\/100|[from] item: Leftovers\n|-ability|p2a: Blaziken|Speed Boost|boost\n|-boost|p2a: Blaziken|spe|1\n|upkeep\n|turn|10\n|\n|t:|1661055563\n|move|p2a: Blaziken|Protect|p2a: Blaziken\n|-singleturn|p2a: Blaziken|Protect\n|move|p1a: Togekiss|Air Slash|p2a: Blaziken\n|-activate|p2a: Blaziken|move: Protect\n|\n|-ability|p2a: Blaziken|Speed Boost|boost\n|-boost|p2a: Blaziken|spe|1\n|upkeep\n|turn|11\n|\n|t:|1661055566\n|move|p2a: Blaziken|Flare Blitz|p1a: Togekiss\n|-damage|p1a: Togekiss|0 fnt\n|faint|p1a: Togekiss\n|-damage|p2a: Blaziken|78\/100|[from] Recoil\n|\n|-heal|p2a: Blaziken|84\/100|[from] item: Leftovers\n|-ability|p2a: Blaziken|Speed Boost|boost\n|-boost|p2a: Blaziken|spe|1\n|upkeep\n|\n|t:|1661055571\n|switch|p1a: Zeraora|Zeraora|100\/100\n|turn|12\n|\n|t:|1661055574\n|move|p2a: Blaziken|Close Combat|p1a: Zeraora\n|-damage|p1a: Zeraora|18\/100\n|-unboost|p2a: Blaziken|def|1\n|-unboost|p2a: Blaziken|spd|1\n|move|p1a: Zeraora|Plasma Fists|p2a: Blaziken\n|-damage|p2a: Blaziken|0 fnt\n|-fieldactivate|move: Ion Deluge\n|-hint|Normal-type moves become Electric-type after using Plasma Fists.\n|faint|p2a: Blaziken\n|\n|upkeep\n|\n|t:|1661055578\n|switch|p2a: Rillaboom|Rillaboom, F|100\/100\n|-damage|p2a: Rillaboom|88\/100|[from] Stealth Rock\n|-fieldstart|move: Grassy Terrain|[from] ability: Grassy Surge|[of] p2a: Rillaboom\n|turn|13\n|\n|t:|1661055581\n|switch|p1a: Volcarona|Volcarona, F|100\/100\n|move|p2a: Rillaboom|Grassy Glide|p1a: Volcarona\n|-resisted|p1a: Volcarona\n|-damage|p1a: Volcarona|86\/100\n|-status|p2a: Rillaboom|brn|[from] ability: Flame Body|[of] p1a: Volcarona\n|\n|-heal|p1a: Volcarona|92\/100|[from] Grassy Terrain\n|-heal|p2a: Rillaboom|94\/100 brn|[from] Grassy Terrain\n|-heal|p2a: Rillaboom|100\/100 brn|[from] item: Leftovers\n|-damage|p2a: Rillaboom|94\/100 brn|[from] brn\n|upkeep\n|turn|14\n|\n|t:|1661055588\n|switch|p1a: Melmetal|Melmetal|100\/100\n|-damage|p1a: Melmetal|94\/100|[from] Stealth Rock\n|switch|p2a: Tornadus|Tornadus-Therian, M|98\/100 par\n|\n|-heal|p1a: Melmetal|100\/100|[from] Grassy Terrain\n|upkeep\n|turn|15\n|\n|t:|1661055594\n|switch|p2a: Slowbro|Slowbro, M|51\/100\n|-damage|p2a: Slowbro|38\/100|[from] Stealth Rock\n|move|p1a: Melmetal|Thunder Punch|p2a: Slowbro\n|-supereffective|p2a: Slowbro\n|-damage|p2a: Slowbro|0 fnt\n|faint|p2a: Slowbro\n|\n|upkeep\n|\n|t:|1661055597\n|switch|p2a: Garchomp|Garchomp, F|100\/100 par\n|-damage|p2a: Garchomp|94\/100 par|[from] Stealth Rock\n|turn|16\n|\n|t:|1661055601\n|move|p1a: Melmetal|Double Iron Bash|p2a: Garchomp\n|-damage|p2a: Garchomp|54\/100 par\n|-activate|p2a: Garchomp|ability: Rough Skin\n|-activate|p1a: Melmetal|item: Protective Pads\n|-damage|p2a: Garchomp|16\/100 par\n|-activate|p2a: Garchomp|ability: Rough Skin\n|-activate|p1a: Melmetal|item: Protective Pads\n|-hitcount|p2a: Garchomp|2\n|cant|p2a: Garchomp|flinch\n|\n|-heal|p2a: Garchomp|22\/100 par|[from] Grassy Terrain\n|-heal|p2a: Garchomp|28\/100 par|[from] item: Leftovers\n|upkeep\n|turn|17\n|-message|lt94je polt forfeited.\n|\n|win|EEEEEvolto\u6df1\u6eba\n|raw|EEEEEvolto\u6df1\u6eba's rating: 1468 &rarr; <strong>1496<\/strong><br \/>(+28 for winning)\n|raw|lt94je polt's rating: 1616 &rarr; <strong>1588<\/strong><br \/>(-28 for losing)\n|l|\u2606lt94je polt\n","uploadtime":1661055623,"views":8,"p1id":"eeeeevolto","p2id":"lt94jepolt","formatid":"gen8ou","rating":1496,"private":0,"password":null}