{"id":"gen8ou-1655627291","p1":"broked on bricks","p2":"titi430","format":"gen8ou","log":"|j|\u2606broked on bricks\n|j|\u2606titi430\n|t:|1662263159\n|gametype|singles\n|player|p1|broked on bricks|will-gen2|1400\n|player|p2|titi430|169|1448\n|teamsize|p1|6\n|teamsize|p2|6\n|gen|8\n|tier|[Gen 8] OU\n|rated|\n|rule|Sleep Clause Mod: Limit one foe put to sleep\n|rule|Species Clause: Limit one of each Pok\u00e9mon\n|rule|OHKO Clause: OHKO moves are banned\n|rule|Evasion Items Clause: Evasion items are banned\n|rule|Evasion Moves Clause: Evasion moves are banned\n|rule|Endless Battle Clause: Forcing endless battles is banned\n|rule|HP Percentage Mod: HP is shown in percentages\n|rule|Dynamax Clause: You cannot dynamax\n|clearpoke\n|poke|p1|Pelipper, M|\n|poke|p1|Keldeo-Resolute|\n|poke|p1|Dragapult, M|\n|poke|p1|Tapu Lele|\n|poke|p1|Melmetal|\n|poke|p1|Landorus-Therian, M|\n|poke|p2|Dragonite, M|\n|poke|p2|Regieleki|\n|poke|p2|Zarude|\n|poke|p2|Victini|\n|poke|p2|Mamoswine, F|\n|poke|p2|Bisharp, F|\n|teampreview\n|c|\u2606broked on bricks|glhf\n|inactive|Battle timer is ON: inactive players will automatically lose when time's up. (requested by broked on bricks)\n|inactive|titi430 also wants the timer to be on.\n|\n|t:|1662263180\n|start\n|switch|p1a: Keldeo|Keldeo-Resolute|100\/100\n|switch|p2a: Mamoswine|Mamoswine, F|100\/100\n|turn|1\n|\n|t:|1662263194\n|move|p1a: Keldeo|Surf|p2a: Mamoswine\n|-supereffective|p2a: Mamoswine\n|-enditem|p2a: Mamoswine|Focus Sash\n|-damage|p2a: Mamoswine|1\/100\n|move|p2a: Mamoswine|Stealth Rock|p1a: Keldeo\n|-sidestart|p1: broked on bricks|move: Stealth Rock\n|\n|upkeep\n|turn|2\n|\n|t:|1662263206\n|move|p1a: Keldeo|Surf|p2a: Mamoswine\n|-supereffective|p2a: Mamoswine\n|-damage|p2a: Mamoswine|0 fnt\n|faint|p2a: Mamoswine\n|\n|upkeep\n|\n|t:|1662263209\n|switch|p2a: Zarude|Zarude|100\/100\n|turn|3\n|\n|t:|1662263214\n|switch|p1a: Landorus|Landorus-Therian, M|100\/100\n|-damage|p1a: Landorus|88\/100|[from] Stealth Rock\n|-ability|p1a: Landorus|Intimidate|boost\n|-unboost|p2a: Zarude|atk|1\n|move|p2a: Zarude|Seed Bomb|p1a: Landorus\n|-crit|p1a: Landorus\n|-damage|p1a: Landorus|15\/100\n|-enditem|p1a: Landorus|Eject Button\n|-damage|p2a: Zarude|91\/100|[from] item: Life Orb\n|\n|t:|1662263239\n|switch|p1a: Keldeo|Keldeo-Resolute|100\/100\n|-damage|p1a: Keldeo|94\/100|[from] Stealth Rock\n|\n|upkeep\n|turn|4\n|\n|t:|1662263254\n|switch|p2a: Victini|Victini|100\/100\n|move|p1a: Keldeo|Secret Sword|p2a: Victini\n|-resisted|p2a: Victini\n|-damage|p2a: Victini|70\/100\n|\n|upkeep\n|turn|5\n|\n|t:|1662263262\n|switch|p1a: Landorus|Landorus-Therian, M|15\/100\n|-damage|p1a: Landorus|3\/100|[from] Stealth Rock\n|-ability|p1a: Landorus|Intimidate|boost\n|-unboost|p2a: Victini|atk|1\n|move|p2a: Victini|U-turn|p1a: Landorus\n|-resisted|p1a: Landorus\n|-damage|p1a: Landorus|0 fnt\n|faint|p1a: Landorus\n|\n|t:|1662263268\n|switch|p2a: Regieleki|Regieleki|100\/100|[from]move: U-turn\n|\n|upkeep\n|\n|t:|1662263280\n|switch|p1a: Melmetal|Melmetal|100\/100\n|-damage|p1a: Melmetal|94\/100|[from] Stealth Rock\n|turn|6\n|\n|t:|1662263287\n|move|p1a: Melmetal|Protect|p1a: Melmetal\n|-singleturn|p1a: Melmetal|Protect\n|move|p2a: Regieleki|Volt Switch|p1a: Melmetal\n|-activate|p1a: Melmetal|move: Protect\n|\n|-heal|p1a: Melmetal|100\/100|[from] item: Leftovers\n|upkeep\n|turn|7\n|\n|t:|1662263295\n|move|p2a: Regieleki|Volt Switch|p1a: Melmetal\n|-damage|p1a: Melmetal|44\/100\n|\n|t:|1662263304\n|switch|p2a: Victini|Victini|70\/100|[from]move: Volt Switch\n|move|p1a: Melmetal|Toxic|p2a: Victini|[miss]\n|-miss|p1a: Melmetal|p2a: Victini\n|\n|-heal|p1a: Melmetal|50\/100|[from] item: Leftovers\n|upkeep\n|turn|8\n|\n|t:|1662263323\n|move|p1a: Melmetal|Protect|p1a: Melmetal\n|-singleturn|p1a: Melmetal|Protect\n|move|p2a: Victini|U-turn|p1a: Melmetal\n|-activate|p1a: Melmetal|move: Protect\n|\n|-heal|p1a: Melmetal|56\/100|[from] item: Leftovers\n|upkeep\n|turn|9\n|\n|t:|1662263329\n|switch|p1a: Keldeo|Keldeo-Resolute|94\/100\n|-damage|p1a: Keldeo|88\/100|[from] Stealth Rock\n|move|p2a: Victini|V-create|p1a: Keldeo\n|-resisted|p1a: Keldeo\n|-damage|p1a: Keldeo|36\/100\n|-unboost|p2a: Victini|spe|1\n|-unboost|p2a: Victini|def|1\n|-unboost|p2a: Victini|spd|1\n|\n|upkeep\n|turn|10\n|\n|t:|1662263343\n|switch|p2a: Bisharp|Bisharp, F|100\/100\n|move|p1a: Keldeo|Flip Turn|p2a: Bisharp\n|-damage|p2a: Bisharp|85\/100\n|\n|t:|1662263346\n|switch|p1a: Tapu Lele|Tapu Lele|100\/100|[from]move: Flip Turn\n|-damage|p1a: Tapu Lele|88\/100|[from] Stealth Rock\n|-fieldstart|move: Psychic Terrain|[from] ability: Psychic Surge|[of] p1a: Tapu Lele\n|\n|-heal|p2a: Bisharp|91\/100|[from] item: Leftovers\n|upkeep\n|turn|11\n|\n|t:|1662263369\n|switch|p2a: Victini|Victini|70\/100\n|move|p1a: Tapu Lele|Moonblast|p2a: Victini\n|-resisted|p2a: Victini\n|-damage|p2a: Victini|44\/100\n|\n|upkeep\n|turn|12\n|\n|t:|1662263384\n|switch|p1a: Keldeo|Keldeo-Resolute|36\/100\n|-damage|p1a: Keldeo|30\/100|[from] Stealth Rock\n|move|p2a: Victini|V-create|p1a: Keldeo\n|-resisted|p1a: Keldeo\n|-damage|p1a: Keldeo|0 fnt\n|-unboost|p2a: Victini|spe|1\n|-unboost|p2a: Victini|def|1\n|-unboost|p2a: Victini|spd|1\n|faint|p1a: Keldeo\n|\n|upkeep\n|\n|t:|1662263388\n|switch|p1a: Pelipper|Pelipper, M|100\/100\n|-damage|p1a: Pelipper|76\/100|[from] Stealth Rock\n|-weather|RainDance|[from] ability: Drizzle|[of] p1a: Pelipper\n|turn|13\n|\n|t:|1662263396\n|switch|p2a: Bisharp|Bisharp, F|91\/100\n|move|p1a: Pelipper|Hurricane|p2a: Bisharp\n|-resisted|p2a: Bisharp\n|-damage|p2a: Bisharp|44\/100\n|\n|-weather|RainDance|[upkeep]\n|-heal|p2a: Bisharp|50\/100|[from] item: Leftovers\n|upkeep\n|turn|14\n|\n|t:|1662263408\n|move|p1a: Pelipper|Hurricane|p2a: Bisharp\n|-resisted|p2a: Bisharp\n|-damage|p2a: Bisharp|0 fnt\n|faint|p2a: Bisharp\n|\n|-weather|RainDance|[upkeep]\n|-fieldend|move: Psychic Terrain\n|upkeep\n|\n|t:|1662263415\n|switch|p2a: Regieleki|Regieleki|100\/100\n|turn|15\n|\n|t:|1662263431\n|switch|p1a: Melmetal|Melmetal|56\/100\n|-damage|p1a: Melmetal|50\/100|[from] Stealth Rock\n|move|p2a: Regieleki|Thunderbolt|p1a: Melmetal\n|-damage|p1a: Melmetal|0 fnt\n|faint|p1a: Melmetal\n|\n|-weather|RainDance|[upkeep]\n|upkeep\n|\n|t:|1662263443\n|switch|p1a: Dragapult|Dragapult, M|100\/100\n|-damage|p1a: Dragapult|88\/100|[from] Stealth Rock\n|turn|16\n|\n|t:|1662263458\n|switch|p2a: Victini|Victini|44\/100\n|move|p1a: Dragapult|U-turn|p2a: Victini\n|-damage|p2a: Victini|28\/100\n|inactive|broked on bricks has 120 seconds left.\n|\n|t:|1662263485\n|switch|p1a: Tapu Lele|Tapu Lele|88\/100|[from]move: U-turn\n|-damage|p1a: Tapu Lele|76\/100|[from] Stealth Rock\n|-fieldstart|move: Psychic Terrain|[from] ability: Psychic Surge|[of] p1a: Tapu Lele\n|\n|-weather|RainDance|[upkeep]\n|upkeep\n|turn|17\n|\n|t:|1662263497\n|move|p1a: Tapu Lele|Psychic|p2a: Victini\n|-resisted|p2a: Victini\n|-damage|p2a: Victini|0 fnt\n|faint|p2a: Victini\n|\n|-weather|none\n|upkeep\n|\n|t:|1662263507\n|switch|p2a: Zarude|Zarude|91\/100\n|turn|18\n|\n|t:|1662263510\n|switch|p1a: Pelipper|Pelipper, M|76\/100\n|-damage|p1a: Pelipper|51\/100|[from] Stealth Rock\n|-weather|RainDance|[from] ability: Drizzle|[of] p1a: Pelipper\n|move|p2a: Zarude|Darkest Lariat|p1a: Pelipper\n|-damage|p1a: Pelipper|0 fnt\n|faint|p1a: Pelipper\n|-damage|p2a: Zarude|81\/100|[from] item: Life Orb\n|\n|-weather|RainDance|[upkeep]\n|upkeep\n|\n|t:|1662263519\n|switch|p1a: Tapu Lele|Tapu Lele|76\/100\n|-damage|p1a: Tapu Lele|63\/100|[from] Stealth Rock\n|turn|19\n|\n|t:|1662263538\n|move|p1a: Tapu Lele|Moonblast|p2a: Zarude\n|-supereffective|p2a: Zarude\n|-damage|p2a: Zarude|0 fnt\n|faint|p2a: Zarude\n|\n|-weather|RainDance|[upkeep]\n|upkeep\n|\n|t:|1662263541\n|switch|p2a: Regieleki|Regieleki|100\/100\n|turn|20\n|\n|t:|1662263548\n|move|p2a: Regieleki|Thunderbolt|p1a: Tapu Lele\n|-damage|p1a: Tapu Lele|0 fnt\n|faint|p1a: Tapu Lele\n|\n|-weather|RainDance|[upkeep]\n|-fieldend|move: Psychic Terrain\n|upkeep\n|c|\u2606broked on bricks|gg\n|\n|t:|1662263552\n|switch|p1a: Dragapult|Dragapult, M|88\/100\n|-damage|p1a: Dragapult|76\/100|[from] Stealth Rock\n|turn|21\n|\n|t:|1662263559\n|move|p2a: Regieleki|Thunderbolt|p1a: Dragapult\n|-resisted|p1a: Dragapult\n|-damage|p1a: Dragapult|14\/100\n|move|p1a: Dragapult|Thunder|p2a: Regieleki\n|-resisted|p2a: Regieleki\n|-damage|p2a: Regieleki|55\/100\n|\n|-weather|RainDance|[upkeep]\n|upkeep\n|turn|22\n|\n|t:|1662263565\n|move|p2a: Regieleki|Thunderbolt|p1a: Dragapult\n|-resisted|p1a: Dragapult\n|-damage|p1a: Dragapult|0 fnt\n|faint|p1a: Dragapult\n|\n|win|titi430\n|raw|broked on bricks's rating: 1400 &rarr; <strong>1383<\/strong><br \/>(-17 for losing)\n|raw|titi430's rating: 1448 &rarr; <strong>1465<\/strong><br \/>(+17 for winning)\n|l|\u2606broked on bricks\n","uploadtime":1662263573,"views":7,"p1id":"brokedonbricks","p2id":"titi430","formatid":"gen8ou","rating":1383,"private":0,"password":null}