{"id":"gen8randombattle-1617076287","p1":"playeraccount","p2":"Lipevvv","format":"gen8randombattle","log":"|j|\u2606playeraccount\n|j|\u2606Lipevvv\n|t:|1657800942\n|gametype|singles\n|player|p1|playeraccount|101|1194\n|player|p2|Lipevvv|1|1215\n|teamsize|p1|6\n|teamsize|p2|6\n|gen|8\n|tier|[Gen 8] Random Battle\n|rated|\n|rule|Species Clause: Limit one of each Pok\u00e9mon\n|rule|HP Percentage Mod: HP is shown in percentages\n|rule|Sleep Clause Mod: Limit one foe put to sleep\n|\n|t:|1657800942\n|start\n|switch|p1a: Kabutops|Kabutops, L82, F|233\/233\n|switch|p2a: Venusaur|Venusaur, L82, F|265\/265\n|turn|1\n|inactive|Battle timer is ON: inactive players will automatically lose when time's up. (requested by Lipevvv)\n|\n|t:|1657800951\n|switch|p1a: Kyurem|Kyurem-Black, L73|303\/303\n|-ability|p1a: Kyurem|Teravolt\n|move|p2a: Venusaur|Leech Seed|p1a: Kyurem\n|-start|p1a: Kyurem|move: Leech Seed\n|\n|-damage|p1a: Kyurem|266\/303|[from] Leech Seed|[of] p2a: Venusaur\n|upkeep\n|turn|2\n|\n|t:|1657800967\n|switch|p2a: Grimmsnarl|Grimmsnarl, L82, M|290\/290\n|move|p1a: Kyurem|Icicle Spear|p2a: Grimmsnarl\n|-damage|p2a: Grimmsnarl|248\/290\n|-damage|p2a: Grimmsnarl|205\/290\n|-damage|p2a: Grimmsnarl|165\/290\n|-damage|p2a: Grimmsnarl|125\/290\n|-hitcount|p2a: Grimmsnarl|4\n|\n|-damage|p1a: Kyurem|229\/303|[from] Leech Seed|[of] p2a: Grimmsnarl\n|-heal|p2a: Grimmsnarl|162\/290|[silent]\n|upkeep\n|turn|3\n|\n|t:|1657800984\n|switch|p1a: Cobalion|Cobalion, L78|270\/270\n|move|p2a: Grimmsnarl|Play Rough|p1a: Cobalion\n|-damage|p1a: Cobalion|180\/270\n|\n|upkeep\n|turn|4\n|\n|t:|1657801002\n|switch|p2a: Accelgor|Accelgor, L86, F|278\/278\n|move|p1a: Cobalion|Iron Head|p2a: Accelgor\n|-damage|p2a: Accelgor|170\/278\n|\n|upkeep\n|turn|5\n|\n|t:|1657801015\n|switch|p1a: Mew|Mew, L80|291\/291\n|move|p2a: Accelgor|Focus Blast|p1a: Mew\n|-resisted|p1a: Mew\n|-damage|p1a: Mew|251\/291\n|\n|upkeep\n|turn|6\n|\n|t:|1657801023\n|move|p2a: Accelgor|Toxic|p1a: Mew\n|-status|p1a: Mew|tox\n|-activate|p1a: Mew|ability: Synchronize\n|-status|p2a: Accelgor|tox\n|-enditem|p1a: Mew|Lum Berry|[eat]\n|-curestatus|p1a: Mew|tox|[msg]\n|move|p1a: Mew|Flare Blitz|p2a: Accelgor\n|-supereffective|p2a: Accelgor\n|-damage|p2a: Accelgor|0 fnt\n|faint|p2a: Accelgor\n|-damage|p1a: Mew|195\/291|[from] Recoil\n|\n|upkeep\n|\n|t:|1657801041\n|switch|p2a: Grimmsnarl|Grimmsnarl, L82, M|162\/290\n|turn|7\n|\n|t:|1657801059\n|switch|p1a: Dubwool|Dubwool, L86, M|264\/264\n|move|p2a: Grimmsnarl|Darkest Lariat|p1a: Dubwool\n|-damage|p1a: Dubwool|218\/264\n|\n|-heal|p1a: Dubwool|234\/264|[from] item: Leftovers\n|upkeep\n|turn|8\n|\n|t:|1657801072\n|switch|p2a: Venusaur|Venusaur, L82, F|265\/265\n|move|p1a: Dubwool|Cotton Guard|p1a: Dubwool\n|-boost|p1a: Dubwool|def|3\n|\n|-heal|p1a: Dubwool|250\/264|[from] item: Leftovers\n|upkeep\n|turn|9\n|\n|t:|1657801081\n|move|p1a: Dubwool|Body Press|p2a: Venusaur\n|-resisted|p2a: Venusaur\n|-damage|p2a: Venusaur|190\/265\n|move|p2a: Venusaur|Leech Seed|p1a: Dubwool\n|-start|p1a: Dubwool|move: Leech Seed\n|\n|-heal|p1a: Dubwool|264\/264|[from] item: Leftovers\n|-heal|p2a: Venusaur|206\/265|[from] item: Black Sludge\n|-damage|p1a: Dubwool|231\/264|[from] Leech Seed|[of] p2a: Venusaur\n|-heal|p2a: Venusaur|239\/265|[silent]\n|upkeep\n|turn|10\n|\n|t:|1657801094\n|switch|p1a: Mew|Mew, L80|195\/291\n|move|p2a: Venusaur|Substitute|p2a: Venusaur\n|-start|p2a: Venusaur|Substitute\n|-damage|p2a: Venusaur|173\/265\n|\n|-heal|p2a: Venusaur|189\/265|[from] item: Black Sludge\n|upkeep\n|turn|11\n|\n|t:|1657801104\n|move|p1a: Mew|Psychic Fangs|p2a: Venusaur\n|-supereffective|p2a: Venusaur\n|-end|p2a: Venusaur|Substitute\n|move|p2a: Venusaur|Sludge Bomb|p1a: Mew\n|-damage|p1a: Mew|108\/291\n|-status|p1a: Mew|psn\n|-activate|p1a: Mew|ability: Synchronize\n|-immune|p2a: Venusaur\n|\n|-heal|p2a: Venusaur|205\/265|[from] item: Black Sludge\n|-damage|p1a: Mew|72\/291 psn|[from] psn\n|upkeep\n|turn|12\n|\n|t:|1657801124\n|switch|p2a: Articuno|Articuno, L84|288\/288\n|-ability|p2a: Articuno|Pressure\n|move|p1a: Mew|Flare Blitz|p2a: Articuno\n|-supereffective|p2a: Articuno\n|-damage|p2a: Articuno|130\/288\n|-damage|p1a: Mew|20\/291 psn|[from] Recoil\n|\n|-damage|p1a: Mew|0 fnt|[from] psn\n|faint|p1a: Mew\n|upkeep\n|\n|t:|1657801137\n|switch|p1a: Kabutops|Kabutops, L82, F|233\/233\n|turn|13\n|\n|t:|1657801144\n|move|p2a: Articuno|Toxic|p1a: Kabutops|[miss]\n|-miss|p2a: Articuno|p1a: Kabutops\n|move|p1a: Kabutops|Rapid Spin|p2a: Articuno\n|-damage|p2a: Articuno|94\/288\n|-boost|p1a: Kabutops|spe|1\n|\n|upkeep\n|turn|14\n|\n|t:|1657801152\n|move|p1a: Kabutops|Stone Edge|p2a: Articuno\n|-supereffective|p2a: Articuno\n|-damage|p2a: Articuno|0 fnt\n|faint|p2a: Articuno\n|\n|upkeep\n|\n|t:|1657801158\n|switch|p2a: Venusaur|Venusaur, L82, F|205\/265\n|turn|15\n|inactive|playeraccount has 120 seconds left.\n|\n|t:|1657801189\n|switch|p1a: Cobalion|Cobalion, L78|180\/270\n|move|p2a: Venusaur|Giga Drain|p1a: Cobalion\n|-resisted|p1a: Cobalion\n|-damage|p1a: Cobalion|148\/270\n|-heal|p2a: Venusaur|221\/265|[from] drain|[of] p1a: Cobalion\n|\n|-heal|p2a: Venusaur|237\/265|[from] item: Black Sludge\n|upkeep\n|turn|16\n|\n|t:|1657801201\n|switch|p2a: Indeedee|Indeedee, L83, M|235\/235\n|-fieldstart|move: Psychic Terrain|[from] ability: Psychic Surge|[of] p2a: Indeedee\n|move|p1a: Cobalion|Volt Switch|p2a: Indeedee\n|-damage|p2a: Indeedee|196\/235\n|\n|t:|1657801209\n|switch|p1a: Kabutops|Kabutops, L82, F|233\/233\n|\n|upkeep\n|turn|17\n|\n|t:|1657801216\n|move|p2a: Indeedee|Expanding Force|p1a: Kabutops\n|-damage|p1a: Kabutops|0 fnt\n|faint|p1a: Kabutops\n|-damage|p2a: Indeedee|173\/235|[from] item: Life Orb\n|\n|upkeep\n|\n|t:|1657801223\n|switch|p1a: Hatterene|Hatterene, L86, F|238\/238\n|turn|18\n|\n|t:|1657801229\n|move|p2a: Indeedee|Expanding Force|p1a: Hatterene\n|-resisted|p1a: Hatterene\n|-damage|p1a: Hatterene|143\/238\n|-damage|p2a: Indeedee|150\/235|[from] item: Life Orb\n|move|p1a: Hatterene|Mystical Fire|p2a: Indeedee\n|-damage|p2a: Indeedee|64\/235\n|-unboost|p2a: Indeedee|spa|1\n|-damage|p1a: Hatterene|120\/238|[from] item: Life Orb\n|\n|upkeep\n|turn|19\n|\n|t:|1657801242\n|move|p2a: Indeedee|Hyper Voice|p1a: Hatterene\n|-damage|p1a: Hatterene|37\/238\n|-damage|p2a: Indeedee|41\/235|[from] item: Life Orb\n|move|p1a: Hatterene|Trick Room|p1a: Hatterene\n|-fieldstart|move: Trick Room|[of] p1a: Hatterene\n|\n|upkeep\n|turn|20\n|\n|t:|1657801251\n|move|p1a: Hatterene|Mystical Fire|p2a: Indeedee\n|-damage|p2a: Indeedee|0 fnt\n|faint|p2a: Indeedee\n|-damage|p1a: Hatterene|14\/238|[from] item: Life Orb\n|\n|-fieldend|move: Psychic Terrain\n|upkeep\n|\n|t:|1657801259\n|switch|p2a: Venusaur|Venusaur, L82, F|237\/265\n|turn|21\n|\n|t:|1657801265\n|move|p1a: Hatterene|Mystical Fire|p2a: Venusaur\n|-supereffective|p2a: Venusaur\n|-damage|p2a: Venusaur|58\/265\n|-unboost|p2a: Venusaur|spa|1\n|-damage|p1a: Hatterene|0 fnt|[from] item: Life Orb\n|faint|p1a: Hatterene\n|move|p2a: Venusaur|Sludge Bomb|p1: Hatterene|[notarget]\n|-fail|p2a: Venusaur\n|\n|-heal|p2a: Venusaur|74\/265|[from] item: Black Sludge\n|upkeep\n|\n|t:|1657801276\n|switch|p1a: Cobalion|Cobalion, L78|148\/270\n|turn|22\n|\n|t:|1657801281\n|move|p2a: Venusaur|Giga Drain|p1a: Cobalion\n|-resisted|p1a: Cobalion\n|-damage|p1a: Cobalion|115\/270\n|-heal|p2a: Venusaur|91\/265|[from] drain|[of] p1a: Cobalion\n|move|p1a: Cobalion|Close Combat|p2a: Venusaur\n|-resisted|p2a: Venusaur\n|-damage|p2a: Venusaur|37\/265\n|-unboost|p1a: Cobalion|def|1\n|-unboost|p1a: Cobalion|spd|1\n|\n|-heal|p2a: Venusaur|53\/265|[from] item: Black Sludge\n|upkeep\n|turn|23\n|\n|t:|1657801295\n|switch|p2a: Regieleki|Regieleki, L78|253\/253\n|move|p1a: Cobalion|Iron Head|p2a: Regieleki\n|-resisted|p2a: Regieleki\n|-damage|p2a: Regieleki|202\/253\n|\n|-fieldend|move: Trick Room\n|upkeep\n|turn|24\n|\n|t:|1657801307\n|move|p2a: Regieleki|Thunderbolt|p1a: Cobalion\n|-damage|p1a: Cobalion|0 fnt\n|faint|p1a: Cobalion\n|\n|upkeep\n|\n|t:|1657801312\n|switch|p1a: Dubwool|Dubwool, L86, M|231\/264\n|turn|25\n|\n|t:|1657801319\n|-start|p1a: Dubwool|Dynamax|\n|-heal|p1a: Dubwool|462\/528|[silent]\n|move|p2a: Regieleki|Thunderbolt|p1a: Dubwool\n|-damage|p1a: Dubwool|317\/528\n|-status|p1a: Dubwool|par\n|cant|p1a: Dubwool|par\n|\n|-heal|p1a: Dubwool|333\/528 par|[from] item: Leftovers\n|upkeep\n|turn|26\n|\n|t:|1657801331\n|move|p2a: Regieleki|Thunderbolt|p1a: Dubwool\n|-damage|p1a: Dubwool|173\/528 par\n|cant|p1a: Dubwool|par\n|\n|-heal|p1a: Dubwool|189\/528 par|[from] item: Leftovers\n|upkeep\n|turn|27\n|\n|t:|1657801339\n|-start|p2a: Regieleki|Dynamax|\n|-heal|p2a: Regieleki|404\/506|[silent]\n|move|p2a: Regieleki|Max Lightning|p1a: Dubwool\n|-damage|p1a: Dubwool|0 fnt\n|-fieldstart|move: Electric Terrain\n|faint|p1a: Dubwool\n|\n|upkeep\n|-message|playeraccount forfeited.\n|\n|win|Lipevvv\n|raw|playeraccount's rating: 1194 &rarr; <strong>1171<\/strong><br \/>(-23 for losing)\n|raw|Lipevvv's rating: 1215 &rarr; <strong>1238<\/strong><br \/>(+23 for winning)\n|l|\u2606playeraccount\n","inputlog":">version 4ea5a6a9dca8618be8e68d095151cb68dd6bfaa6\n>start {\"formatid\":\"gen8randombattle\",\"seed\":[22492,44693,52606,29623],\"rated\":\"Rated battle\"}\n>player p1 {\"name\":\"playeraccount\",\"avatar\":\"101\",\"rating\":1194,\"seed\":[57172,52862,40710,7085]}\n>player p2 {\"name\":\"Lipevvv\",\"avatar\":\"1\",\"rating\":1215,\"seed\":[57808,30028,65061,61398]}\n>p1 switch 2\n>p2 move leechseed\n>p1 move iciclespear\n>p2 switch 3\n>p1 switch 3\n>p2 move playrough\n>p1 move ironhead\n>p2 switch 2\n>p1 switch 6\n>p2 move focusblast\n>p1 move flareblitz\n>p2 move toxic\n>p2 switch 2\n>p1 switch 4\n>p2 move darkestlariat\n>p1 move cottonguard\n>p2 switch 3\n>p1 move bodypress\n>p2 move leechseed\n>p1 switch 4\n>p2 move substitute\n>p1 move psychicfangs\n>p2 move sludgebomb\n>p1 move flareblitz\n>p2 switch 4\n>p1 switch 2\n>p1 move rapidspin\n>p2 move toxic\n>p1 move stoneedge\n>p2 move roost\n>p2 switch 4\n>p1 switch 6\n>p2 move gigadrain\n>p1 move voltswitch\n>p2 switch 6\n>p1 switch 6\n>p1 move rapidspin\n>p2 move expandingforce\n>p1 switch 5\n>p1 move mysticalfire\n>p2 move expandingforce\n>p1 move trickroom\n>p2 move hypervoice\n>p1 move mysticalfire\n>p2 move hypervoice\n>p2 switch 6\n>p1 move mysticalfire\n>p2 move sludgebomb\n>p1 switch 6\n>p1 move closecombat\n>p2 move gigadrain\n>p1 move ironhead\n>p2 switch 5\n>p1 move closecombat\n>p2 move thunderbolt\n>p1 switch 4\n>p1 move bodypress dynamax\n>p2 move thunderbolt\n>p1 move bodypress dynamax\n>p2 move thunderbolt\n>p1 move bodypress dynamax\n>p2 move thunderbolt dynamax\n>forcelose p1","uploadtime":1657801355,"views":7,"p1id":"playeraccount","p2id":"lipevvv","formatid":"gen8randombattle","rating":1171,"private":0,"password":null}