{"id":"gen8bdspou-1500393206","p1":"cump4","p2":"BadPlayer59","format":"gen8bdspou","log":"|html|<div class=\"broadcast-blue\"><strong>[Gen 8 BDSP] OU is currently suspecting Gengar! For information on how to participate check out the <a href=\"https:\/\/www.smogon.com\/forums\/threads\/np-bdsp-ou-suspect-process-round-3-ghost-town.3696830\/\">suspect thread<\/a>.<\/strong><\/div>\n|j|\u2606cump4\n|j|\u2606BadPlayer59\n|t:|1643408329\n|gametype|singles\n|player|p1|cump4|265|1493\n|player|p2|BadPlayer59|veteran|1377\n|teamsize|p1|6\n|teamsize|p2|6\n|gen|8\n|tier|[Gen 8 BDSP] OU\n|rated|\n|rule|Sleep Clause Mod: Limit one foe put to sleep\n|rule|Species Clause: Limit one of each Pok\u00e9mon\n|rule|OHKO Clause: OHKO moves are banned\n|rule|Evasion Moves Clause: Evasion moves are banned\n|rule|Endless Battle Clause: Forcing endless battles is banned\n|rule|HP Percentage Mod: HP is shown in percentages\n|clearpoke\n|poke|p1|Breloom, M|\n|poke|p1|Gliscor, F|\n|poke|p1|Heatran, F|\n|poke|p1|Weavile, M|\n|poke|p1|Gengar, F|\n|poke|p1|Rotom-Wash|\n|poke|p2|Empoleon, F|\n|poke|p2|Torterra, M|\n|poke|p2|Infernape, F|\n|poke|p2|Scizor, F|\n|poke|p2|Clefable, F|\n|poke|p2|Gliscor, M|\n|teampreview\n|\n|t:|1643408350\n|start\n|switch|p1a: Breloom|Breloom, M, shiny|100\/100\n|switch|p2a: Torterra|Torterra, M|100\/100\n|turn|1\n|c|\u2606BadPlayer59|Glhf\n|\n|t:|1643408355\n|move|p1a: Breloom|Swords Dance|p1a: Breloom\n|-boost|p1a: Breloom|atk|2\n|move|p2a: Torterra|Heavy Slam|p1a: Breloom\n|-damage|p1a: Breloom|38\/100\n|\n|upkeep\n|turn|2\n|\n|t:|1643408358\n|move|p1a: Breloom|Mach Punch|p2a: Torterra\n|-damage|p2a: Torterra|49\/100\n|move|p2a: Torterra|Heavy Slam|p1a: Breloom\n|-damage|p1a: Breloom|0 fnt\n|faint|p1a: Breloom\n|\n|upkeep\n|\n|t:|1643408361\n|switch|p1a: Heatran|Heatran, F|100\/100\n|turn|3\n|\n|t:|1643408365\n|switch|p2a: Gliscor|Gliscor, M|100\/100\n|move|p1a: Heatran|Stealth Rock|p2a: Gliscor\n|-sidestart|p2: BadPlayer59|move: Stealth Rock\n|\n|-status|p2a: Gliscor|tox|[from] item: Toxic Orb\n|upkeep\n|turn|4\n|\n|t:|1643408370\n|switch|p1a: Weavile|Weavile, M|100\/100\n|-ability|p1a: Weavile|Pressure\n|move|p2a: Gliscor|Defog|p1a: Weavile\n|-unboost|p1a: Weavile|evasion|1\n|-sideend|p2: BadPlayer59|Stealth Rock|[from] move: Defog|[of] p2a: Gliscor\n|\n|upkeep\n|turn|5\n|\n|t:|1643408376\n|switch|p2a: Scizor|Scizor, F|100\/100\n|move|p1a: Weavile|Throat Chop|p2a: Scizor\n|-damage|p2a: Scizor|41\/100\n|-start|p2a: Scizor|Throat Chop|[silent]\n|\n|-heal|p2a: Scizor|47\/100|[from] item: Leftovers\n|upkeep\n|turn|6\n|\n|t:|1643408381\n|move|p2a: Scizor|Bullet Punch|p1a: Weavile\n|-supereffective|p1a: Weavile\n|-damage|p1a: Weavile|15\/100\n|move|p1a: Weavile|Throat Chop|p2a: Scizor\n|-damage|p2a: Scizor|0 fnt\n|faint|p2a: Scizor\n|\n|upkeep\n|\n|t:|1643408383\n|switch|p2a: Infernape|Infernape, F|100\/100\n|turn|7\n|\n|t:|1643408388\n|switch|p1a: Gliscor|Gliscor, F, shiny|100\/100\n|move|p2a: Infernape|U-turn|p1a: Gliscor\n|-resisted|p1a: Gliscor\n|-damage|p1a: Gliscor|89\/100\n|\n|t:|1643408391\n|switch|p2a: Empoleon|Empoleon, F|100\/100|[from]move: U-turn\n|\n|-status|p1a: Gliscor|tox|[from] item: Toxic Orb\n|upkeep\n|turn|8\n|\n|t:|1643408393\n|move|p1a: Gliscor|U-turn|p2a: Empoleon\n|-resisted|p2a: Empoleon\n|-damage|p2a: Empoleon|93\/100\n|\n|t:|1643408396\n|switch|p1a: Rotom|Rotom-Wash|100\/100|[from]move: U-turn\n|move|p2a: Empoleon|Hydro Pump|p1a: Rotom\n|-resisted|p1a: Rotom\n|-damage|p1a: Rotom|61\/100\n|\n|upkeep\n|turn|9\n|\n|t:|1643408407\n|move|p1a: Rotom|Hydro Pump|p2a: Empoleon\n|-resisted|p2a: Empoleon\n|-damage|p2a: Empoleon|71\/100\n|move|p2a: Empoleon|Hydro Pump|p1a: Rotom\n|-resisted|p1a: Rotom\n|-damage|p1a: Rotom|26\/100\n|\n|upkeep\n|turn|10\n|\n|t:|1643408417\n|switch|p1a: Gliscor|Gliscor, F, shiny|89\/100 tox\n|move|p2a: Empoleon|Hydro Pump|p1a: Gliscor\n|-supereffective|p1a: Gliscor\n|-damage|p1a: Gliscor|0 fnt\n|faint|p1a: Gliscor\n|\n|upkeep\n|\n|t:|1643408419\n|switch|p1a: Rotom|Rotom-Wash|26\/100\n|turn|11\n|\n|t:|1643408421\n|move|p1a: Rotom|Volt Switch|p2a: Empoleon\n|-supereffective|p2a: Empoleon\n|-damage|p2a: Empoleon|17\/100\n|\n|t:|1643408424\n|switch|p1a: Gengar|Gengar, F, shiny|100\/100|[from]move: Volt Switch\n|move|p2a: Empoleon|Hydro Pump|p1a: Gengar\n|-damage|p1a: Gengar|0 fnt\n|faint|p1a: Gengar\n|\n|upkeep\n|\n|t:|1643408427\n|switch|p1a: Rotom|Rotom-Wash|26\/100\n|turn|12\n|\n|t:|1643408434\n|move|p2a: Empoleon|Aqua Jet|p1a: Rotom\n|-resisted|p1a: Rotom\n|-damage|p1a: Rotom|13\/100\n|move|p1a: Rotom|Hydro Pump|p2a: Empoleon\n|-resisted|p2a: Empoleon\n|-damage|p2a: Empoleon|0 fnt\n|faint|p2a: Empoleon\n|\n|upkeep\n|\n|t:|1643408438\n|switch|p2a: Infernape|Infernape, F|100\/100\n|turn|13\n|\n|t:|1643408441\n|move|p2a: Infernape|Mach Punch|p1a: Rotom\n|-damage|p1a: Rotom|0 fnt\n|faint|p1a: Rotom\n|\n|upkeep\n|\n|t:|1643408443\n|switch|p1a: Heatran|Heatran, F|100\/100\n|turn|14\n|\n|t:|1643408447\n|move|p2a: Infernape|Mach Punch|p1a: Heatran\n|-supereffective|p1a: Heatran\n|-damage|p1a: Heatran|37\/100\n|move|p1a: Heatran|Magma Storm|p2a: Infernape\n|-resisted|p2a: Infernape\n|-crit|p2a: Infernape\n|-damage|p2a: Infernape|50\/100\n|-activate|p2a: Infernape|move: Magma Storm|[of] p1a: Heatran\n|\n|-heal|p1a: Heatran|43\/100|[from] item: Leftovers\n|-damage|p2a: Infernape|37\/100|[from] move: Magma Storm|[partiallytrapped]\n|upkeep\n|turn|15\n|\n|t:|1643408450\n|move|p1a: Heatran|Protect|p1a: Heatran\n|-singleturn|p1a: Heatran|Protect\n|move|p2a: Infernape|Mach Punch|p1a: Heatran\n|-activate|p1a: Heatran|move: Protect\n|\n|-heal|p1a: Heatran|49\/100|[from] item: Leftovers\n|-damage|p2a: Infernape|25\/100|[from] move: Magma Storm|[partiallytrapped]\n|upkeep\n|turn|16\n|\n|t:|1643408452\n|move|p2a: Infernape|Mach Punch|p1a: Heatran\n|-supereffective|p1a: Heatran\n|-damage|p1a: Heatran|0 fnt\n|faint|p1a: Heatran\n|\n|-end|p2a: Infernape|Magma Storm|[partiallytrapped]|[silent]\n|upkeep\n|\n|t:|1643408454\n|switch|p1a: Weavile|Weavile, M|15\/100\n|-ability|p1a: Weavile|Pressure\n|turn|17\n|\n|t:|1643408458\n|move|p1a: Weavile|Ice Shard|p2a: Infernape\n|-resisted|p2a: Infernape\n|-damage|p2a: Infernape|0 fnt\n|faint|p2a: Infernape\n|\n|upkeep\n|\n|t:|1643408460\n|switch|p2a: Clefable|Clefable, F|100\/100\n|turn|18\n|\n|t:|1643408464\n|move|p1a: Weavile|Ice Shard|p2a: Clefable\n|-damage|p2a: Clefable|77\/100\n|move|p2a: Clefable|Moonblast|p1a: Weavile\n|-supereffective|p1a: Weavile\n|-damage|p1a: Weavile|0 fnt\n|faint|p1a: Weavile\n|\n|win|BadPlayer59\n|raw|cump4's rating: 1493 &rarr; <strong>1467<\/strong><br \/>(-26 for losing)\n|raw|BadPlayer59's rating: 1377 &rarr; <strong>1403<\/strong><br \/>(+26 for winning)\n|l|\u2606cump4\n|c|\u2606BadPlayer59|Gg\n","uploadtime":1643408478,"views":14,"p1id":"cump4","p2id":"badplayer59","formatid":"gen8bdspou","rating":1403,"private":0,"password":null}