{"id":"gen8ou-1676263429","p1":"Guest 5890168","p2":"Not Sarcasm","format":"gen8ou","log":"|j|\u203dGuest 5890168\n|j|\u2606Not Sarcasm\n|t:|1664769609\n|gametype|singles\n|player|p1|Guest 5890168|170|1587\n|player|p2|Not Sarcasm|170|1680\n|teamsize|p1|6\n|teamsize|p2|6\n|gen|8\n|tier|[Gen 8] OU\n|rated|\n|rule|Sleep Clause Mod: Limit one foe put to sleep\n|rule|Species Clause: Limit one of each Pok\u00e9mon\n|rule|OHKO Clause: OHKO moves are banned\n|rule|Evasion Items Clause: Evasion items are banned\n|rule|Evasion Moves Clause: Evasion moves are banned\n|rule|Endless Battle Clause: Forcing endless battles is banned\n|rule|HP Percentage Mod: HP is shown in percentages\n|rule|Dynamax Clause: You cannot dynamax\n|clearpoke\n|poke|p1|Rotom-Wash|\n|poke|p1|Weavile, M|\n|poke|p1|Landorus-Therian, M|\n|poke|p1|Heatran, M|\n|poke|p1|Tangrowth, F|\n|poke|p1|Melmetal|\n|poke|p2|Landorus-Therian, M|\n|poke|p2|Ferrothorn, M|\n|poke|p2|Urshifu-*, F|\n|poke|p2|Tornadus-Therian, M|\n|poke|p2|Dragapult, F|\n|poke|p2|Tapu Lele|\n|teampreview\n|inactive|Battle timer is ON: inactive players will automatically lose when time's up. (requested by Guest 5890168)\n|\n|t:|1664769622\n|start\n|switch|p1a: Landorus|Landorus-Therian, M|100\/100\n|switch|p2a: Tornadus|Tornadus-Therian, M|100\/100\n|-ability|p1a: Landorus|Intimidate|boost\n|-unboost|p2a: Tornadus|atk|1\n|turn|1\n|\n|t:|1664769629\n|move|p2a: Tornadus|Icy Wind|p1a: Landorus\n|-supereffective|p1a: Landorus\n|-damage|p1a: Landorus|59\/100\n|-unboost|p1a: Landorus|spe|1\n|move|p1a: Landorus|Defog|p2a: Tornadus\n|-unboost|p2a: Tornadus|evasion|1\n|\n|-heal|p1a: Landorus|65\/100|[from] item: Leftovers\n|upkeep\n|turn|2\n|\n|t:|1664769637\n|switch|p1a: Rotom|Rotom-Wash|100\/100\n|move|p2a: Tornadus|Knock Off|p1a: Rotom\n|-damage|p1a: Rotom|85\/100\n|-enditem|p1a: Rotom|Leftovers|[from] move: Knock Off|[of] p2a: Tornadus\n|\n|upkeep\n|turn|3\n|\n|t:|1664769645\n|move|p2a: Tornadus|Hurricane|p1a: Rotom\n|-resisted|p1a: Rotom\n|-damage|p1a: Rotom|62\/100\n|move|p1a: Rotom|Pain Split|p2a: Tornadus\n|-sethp|p2a: Tornadus|77\/100|[from] move: Pain Split|[silent]\n|-sethp|p1a: Rotom|91\/100|[from] move: Pain Split\n|\n|upkeep\n|turn|4\n|\n|t:|1664769652\n|move|p2a: Tornadus|Hurricane|p1a: Rotom|[miss]\n|-miss|p2a: Tornadus|p1a: Rotom\n|move|p1a: Rotom|Pain Split|p2a: Tornadus\n|-sethp|p2a: Tornadus|77\/100|[from] move: Pain Split|[silent]\n|-sethp|p1a: Rotom|91\/100|[from] move: Pain Split\n|\n|upkeep\n|turn|5\n|\n|t:|1664769661\n|move|p2a: Tornadus|Hurricane|p1a: Rotom\n|-resisted|p1a: Rotom\n|-damage|p1a: Rotom|68\/100\n|move|p1a: Rotom|Pain Split|p2a: Tornadus\n|-sethp|p2a: Tornadus|67\/100|[from] move: Pain Split|[silent]\n|-sethp|p1a: Rotom|79\/100|[from] move: Pain Split\n|\n|upkeep\n|turn|6\n|c|\u2606Not Sarcasm|?\n|\n|t:|1664769670\n|move|p2a: Tornadus|Knock Off|p1a: Rotom\n|-damage|p1a: Rotom|70\/100\n|move|p1a: Rotom|Pain Split|p2a: Tornadus\n|-sethp|p2a: Tornadus|63\/100|[from] move: Pain Split|[silent]\n|-sethp|p1a: Rotom|75\/100|[from] move: Pain Split\n|\n|upkeep\n|turn|7\n|\n|t:|1664769681\n|move|p2a: Tornadus|U-turn|p1a: Rotom\n|-damage|p1a: Rotom|65\/100\n|\n|t:|1664769683\n|switch|p2a: Tapu Lele|Tapu Lele|100\/100|[from]move: U-turn\n|-fieldstart|move: Psychic Terrain|[from] ability: Psychic Surge|[of] p2a: Tapu Lele\n|move|p1a: Rotom|Pain Split|p2a: Tapu Lele\n|-sethp|p2a: Tapu Lele|85\/100|[from] move: Pain Split|[silent]\n|-sethp|p1a: Rotom|79\/100|[from] move: Pain Split\n|\n|upkeep\n|turn|8\n|\n|t:|1664769690\n|switch|p1a: Melmetal|Melmetal|100\/100\n|move|p2a: Tapu Lele|Future Sight|p1a: Melmetal\n|-start|p2a: Tapu Lele|move: Future Sight\n|\n|upkeep\n|turn|9\n|\n|t:|1664769695\n|switch|p2a: Ferrothorn|Ferrothorn, M|100\/100\n|move|p1a: Melmetal|Thunder Punch|p2a: Ferrothorn\n|-resisted|p2a: Ferrothorn\n|-damage|p2a: Ferrothorn|90\/100\n|-damage|p1a: Melmetal|88\/100|[from] ability: Iron Barbs|[of] p2a: Ferrothorn\n|-damage|p1a: Melmetal|71\/100|[from] item: Rocky Helmet|[of] p2a: Ferrothorn\n|\n|upkeep\n|turn|10\n|\n|t:|1664769703\n|move|p1a: Melmetal|Ice Punch|p2a: Ferrothorn\n|-damage|p2a: Ferrothorn|71\/100\n|-damage|p1a: Melmetal|59\/100|[from] ability: Iron Barbs|[of] p2a: Ferrothorn\n|-damage|p1a: Melmetal|42\/100|[from] item: Rocky Helmet|[of] p2a: Ferrothorn\n|move|p2a: Ferrothorn|Gyro Ball|p1a: Melmetal\n|-resisted|p1a: Melmetal\n|-damage|p1a: Melmetal|36\/100\n|\n|-end|p1a: Melmetal|move: Future Sight\n|-resisted|p1a: Melmetal\n|-damage|p1a: Melmetal|11\/100\n|upkeep\n|turn|11\n|\n|t:|1664769713\n|switch|p1a: Heatran|Heatran, M|100\/100\n|-item|p1a: Heatran|Air Balloon\n|move|p2a: Ferrothorn|Stealth Rock|p1a: Heatran\n|-sidestart|p1: Guest 5890168|move: Stealth Rock\n|\n|-fieldend|move: Psychic Terrain\n|upkeep\n|turn|12\n|\n|t:|1664769720\n|switch|p2a: Tornadus|Tornadus-Therian, M|96\/100\n|move|p1a: Heatran|Eruption|p2a: Tornadus\n|-damage|p2a: Tornadus|46\/100\n|\n|upkeep\n|turn|13\n|\n|t:|1664769726\n|move|p2a: Tornadus|U-turn|p1a: Heatran\n|-resisted|p1a: Heatran\n|-damage|p1a: Heatran|97\/100\n|-enditem|p1a: Heatran|Air Balloon\n|\n|t:|1664769731\n|switch|p2a: Urshifu|Urshifu-Rapid-Strike, F|100\/100|[from]move: U-turn\n|move|p1a: Heatran|Eruption|p2a: Urshifu\n|-resisted|p2a: Urshifu\n|-damage|p2a: Urshifu|44\/100\n|\n|upkeep\n|turn|14\n|\n|t:|1664769738\n|switch|p1a: Tangrowth|Tangrowth, F|100\/100\n|-damage|p1a: Tangrowth|88\/100|[from] Stealth Rock\n|move|p2a: Urshifu|Close Combat|p1a: Tangrowth\n|-damage|p1a: Tangrowth|55\/100\n|-unboost|p2a: Urshifu|def|1\n|-unboost|p2a: Urshifu|spd|1\n|\n|upkeep\n|turn|15\n|\n|t:|1664769746\n|move|p2a: Urshifu|U-turn|p1a: Tangrowth\n|-supereffective|p1a: Tangrowth\n|-damage|p1a: Tangrowth|29\/100\n|\n|t:|1664769749\n|switch|p2a: Dragapult|Dragapult, F|100\/100|[from]move: U-turn\n|move|p1a: Tangrowth|Sleep Powder|p2a: Dragapult|[miss]\n|-miss|p1a: Tangrowth|p2a: Dragapult\n|\n|upkeep\n|turn|16\n|\n|t:|1664769757\n|switch|p1a: Melmetal|Melmetal|11\/100\n|-damage|p1a: Melmetal|5\/100|[from] Stealth Rock\n|move|p2a: Dragapult|U-turn|p1a: Melmetal\n|-resisted|p1a: Melmetal\n|-damage|p1a: Melmetal|0 fnt\n|faint|p1a: Melmetal\n|\n|t:|1664769764\n|switch|p2a: Tornadus|Tornadus-Therian, M|80\/100|[from]move: U-turn\n|\n|upkeep\n|\n|t:|1664769764\n|switch|p1a: Heatran|Heatran, M|97\/100\n|-damage|p1a: Heatran|84\/100|[from] Stealth Rock\n|turn|17\n|\n|t:|1664769770\n|move|p2a: Tornadus|U-turn|p1a: Heatran\n|-resisted|p1a: Heatran\n|-crit|p1a: Heatran\n|-damage|p1a: Heatran|79\/100\n|\n|t:|1664769774\n|switch|p2a: Dragapult|Dragapult, F|100\/100|[from]move: U-turn\n|move|p1a: Heatran|Eruption|p2a: Dragapult\n|-resisted|p2a: Dragapult\n|-damage|p2a: Dragapult|61\/100\n|\n|upkeep\n|turn|18\n|\n|t:|1664769780\n|move|p2a: Dragapult|Shadow Ball|p1a: Heatran\n|-damage|p1a: Heatran|29\/100\n|move|p1a: Heatran|Stealth Rock|p2a: Dragapult\n|-sidestart|p2: Not Sarcasm|move: Stealth Rock\n|\n|upkeep\n|turn|19\n|\n|t:|1664769785\n|switch|p1a: Landorus|Landorus-Therian, M|65\/100\n|-damage|p1a: Landorus|52\/100|[from] Stealth Rock\n|-ability|p1a: Landorus|Intimidate|boost\n|-unboost|p2a: Dragapult|atk|1\n|move|p2a: Dragapult|Shadow Ball|p1a: Landorus\n|-damage|p1a: Landorus|13\/100\n|\n|-heal|p1a: Landorus|19\/100|[from] item: Leftovers\n|upkeep\n|turn|20\n|\n|t:|1664769793\n|move|p2a: Dragapult|Shadow Ball|p1a: Landorus\n|-damage|p1a: Landorus|0 fnt\n|faint|p1a: Landorus\n|\n|upkeep\n|\n|t:|1664769793\n|switch|p1a: Weavile|Weavile, M|100\/100\n|-damage|p1a: Weavile|76\/100|[from] Stealth Rock\n|-ability|p1a: Weavile|Pressure\n|turn|21\n|\n|t:|1664769802\n|switch|p2a: Ferrothorn|Ferrothorn, M|71\/100\n|-damage|p2a: Ferrothorn|64\/100|[from] Stealth Rock\n|move|p1a: Weavile|Triple Axel|p2a: Ferrothorn\n|-damage|p2a: Ferrothorn|56\/100\n|-damage|p1a: Weavile|63\/100|[from] ability: Iron Barbs|[of] p2a: Ferrothorn\n|-damage|p1a: Weavile|47\/100|[from] item: Rocky Helmet|[of] p2a: Ferrothorn\n|-crit|p2a: Ferrothorn\n|-damage|p2a: Ferrothorn|29\/100\n|-damage|p1a: Weavile|34\/100|[from] ability: Iron Barbs|[of] p2a: Ferrothorn\n|-damage|p1a: Weavile|18\/100|[from] item: Rocky Helmet|[of] p2a: Ferrothorn\n|-damage|p2a: Ferrothorn|3\/100\n|-damage|p1a: Weavile|5\/100|[from] ability: Iron Barbs|[of] p2a: Ferrothorn\n|-damage|p1a: Weavile|0 fnt|[from] item: Rocky Helmet|[of] p2a: Ferrothorn\n|faint|p1a: Weavile\n|-hitcount|p2a: Ferrothorn|3\n|\n|upkeep\n|\n|t:|1664769802\n|switch|p1a: Heatran|Heatran, M|29\/100\n|-damage|p1a: Heatran|16\/100|[from] Stealth Rock\n|turn|22\n|c|\u2606Not Sarcasm|lol\n|\n|t:|1664769821\n|move|p1a: Heatran|Earth Power|p2a: Ferrothorn\n|-damage|p2a: Ferrothorn|0 fnt\n|faint|p2a: Ferrothorn\n|\n|upkeep\n|\n|t:|1664769827\n|switch|p2a: Dragapult|Dragapult, F|61\/100\n|-damage|p2a: Dragapult|49\/100|[from] Stealth Rock\n|turn|23\n|\n|t:|1664769831\n|move|p2a: Dragapult|Shadow Ball|p1a: Heatran\n|-damage|p1a: Heatran|0 fnt\n|faint|p1a: Heatran\n|\n|upkeep\n|\n|t:|1664769831\n|switch|p1a: Rotom|Rotom-Wash|79\/100\n|-damage|p1a: Rotom|66\/100|[from] Stealth Rock\n|turn|24\n|c|\u2606Not Sarcasm|gg\n|\n|t:|1664769837\n|move|p2a: Dragapult|Shadow Ball|p1a: Rotom\n|-damage|p1a: Rotom|14\/100\n|move|p1a: Rotom|Thunderbolt|p2a: Dragapult\n|-resisted|p2a: Dragapult\n|-damage|p2a: Dragapult|25\/100\n|\n|upkeep\n|turn|25\n|\n|t:|1664769843\n|move|p2a: Dragapult|Shadow Ball|p1a: Rotom\n|-damage|p1a: Rotom|0 fnt\n|faint|p1a: Rotom\n|\n|upkeep\n|\n|t:|1664769843\n|switch|p1a: Tangrowth|Tangrowth, F|62\/100\n|-damage|p1a: Tangrowth|50\/100|[from] Stealth Rock\n|turn|26\n|\n|t:|1664769849\n|move|p2a: Dragapult|Shadow Ball|p1a: Tangrowth\n|-damage|p1a: Tangrowth|0 fnt\n|faint|p1a: Tangrowth\n|\n|win|Not Sarcasm\n|raw|Guest 5890168's rating: 1587 &rarr; <strong>1572<\/strong><br \/>(-15 for losing)\n|raw|Not Sarcasm's rating: 1680 &rarr; <strong>1695<\/strong><br \/>(+15 for winning)\n","uploadtime":1664769851,"views":6,"p1id":"guest5890168","p2id":"notsarcasm","formatid":"gen8ou","rating":1572,"private":0,"password":null}