{"id":"gen8pu-1645155135","p1":"Notmycat","p2":"igotthegat","format":"gen8pu","log":"|j|\u2606Notmycat\n|j|\u2606igotthegat\n|t:|1661133736\n|gametype|singles\n|player|p1|Notmycat|265|1073\n|player|p2|igotthegat|cynthia-gen4|1040\n|teamsize|p1|6\n|teamsize|p2|6\n|gen|8\n|tier|[Gen 8] PU\n|rated|\n|rule|Sleep Clause Mod: Limit one foe put to sleep\n|rule|Species Clause: Limit one of each Pok\u00e9mon\n|rule|OHKO Clause: OHKO moves are banned\n|rule|Evasion Items Clause: Evasion items are banned\n|rule|Evasion Moves Clause: Evasion moves are banned\n|rule|Endless Battle Clause: Forcing endless battles is banned\n|rule|HP Percentage Mod: HP is shown in percentages\n|rule|Dynamax Clause: You cannot dynamax\n|clearpoke\n|poke|p1|Gurdurr, F|\n|poke|p1|Gigalith, M|\n|poke|p1|Lycanroc, F|\n|poke|p1|Lanturn, M|\n|poke|p1|Doublade, M|\n|poke|p1|Articuno-Galar|\n|poke|p2|Hitmonlee, M|\n|poke|p2|Galvantula, M|\n|poke|p2|Charizard, M|\n|poke|p2|Aggron, M|\n|poke|p2|Abomasnow, F|\n|poke|p2|Quagsire, M|\n|teampreview\n|\n|t:|1661133748\n|start\n|switch|p1a: Lycanroc|Lycanroc, F|100\/100\n|switch|p2a: Jo|Abomasnow, F|100\/100\n|-weather|Hail|[from] ability: Snow Warning|[of] p2a: Jo\n|turn|1\n|\n|t:|1661133757\n|move|p1a: Lycanroc|Fire Fang|p2a: Jo|[miss]\n|-miss|p1a: Lycanroc|p2a: Jo\n|-enditem|p1a: Lycanroc|Blunder Policy\n|-boost|p1a: Lycanroc|spe|2\n|move|p2a: Jo|Wood Hammer|p1a: Lycanroc\n|-supereffective|p1a: Lycanroc\n|-damage|p1a: Lycanroc|0 fnt\n|faint|p1a: Lycanroc\n|-damage|p2a: Jo|75\/100|[from] Recoil\n|\n|-weather|Hail|[upkeep]\n|upkeep\n|c|\u2606igotthegat|I have several questions\n|\n|t:|1661133778\n|switch|p1a: Gigalith|Gigalith, M|100\/100\n|-weather|Sandstorm|[from] ability: Sand Stream|[of] p1a: Gigalith\n|turn|2\n|\n|t:|1661133792\n|move|p1a: Gigalith|Iron Head|p2a: Jo\n|-supereffective|p2a: Jo\n|-damage|p2a: Jo|14\/100\n|move|p2a: Jo|Wood Hammer|p1a: Gigalith\n|-supereffective|p1a: Gigalith\n|-crit|p1a: Gigalith\n|-damage|p1a: Gigalith|0 fnt\n|faint|p1a: Gigalith\n|-damage|p2a: Jo|0 fnt|[from] Recoil\n|faint|p2a: Jo\n|\n|-weather|Sandstorm|[upkeep]\n|upkeep\n|\n|t:|1661133808\n|switch|p1a: Lanturn|Lanturn, M|100\/100\n|switch|p2a: Joey|Galvantula, M|100\/100\n|turn|3\n|\n|t:|1661133821\n|move|p1a: Lanturn|Protect|p1a: Lanturn\n|-singleturn|p1a: Lanturn|Protect\n|move|p2a: Joey|Energy Ball|p1a: Lanturn\n|-activate|p1a: Lanturn|move: Protect\n|\n|-weather|Sandstorm|[upkeep]\n|-damage|p2a: Joey|94\/100|[from] Sandstorm\n|upkeep\n|turn|4\n|\n|t:|1661133835\n|move|p2a: Joey|Energy Ball|p1a: Lanturn\n|-supereffective|p1a: Lanturn\n|-damage|p1a: Lanturn|52\/100\n|move|p1a: Lanturn|Dazzling Gleam|p2a: Joey\n|-damage|p2a: Joey|69\/100\n|\n|-weather|Sandstorm|[upkeep]\n|-damage|p2a: Joey|63\/100|[from] Sandstorm\n|upkeep\n|turn|5\n|\n|t:|1661133846\n|move|p1a: Lanturn|Protect|p1a: Lanturn\n|-singleturn|p1a: Lanturn|Protect\n|move|p2a: Joey|Energy Ball|p1a: Lanturn\n|-activate|p1a: Lanturn|move: Protect\n|\n|-weather|Sandstorm|[upkeep]\n|-damage|p2a: Joey|57\/100|[from] Sandstorm\n|upkeep\n|turn|6\n|c|\u2606igotthegat|is\n|c|\u2606igotthegat|is that goggles\n|\n|t:|1661133879\n|move|p2a: Joey|Energy Ball|p1a: Lanturn\n|-supereffective|p1a: Lanturn\n|-damage|p1a: Lanturn|0 fnt\n|faint|p1a: Lanturn\n|\n|-weather|none\n|upkeep\n|\n|t:|1661133887\n|switch|p1a: Gurdurr|Gurdurr, F|100\/100\n|turn|7\n|\n|t:|1661133923\n|switch|p2a: Joel|Charizard, M|100\/100\n|move|p1a: Gurdurr|Bulk Up|p1a: Gurdurr\n|-boost|p1a: Gurdurr|atk|1\n|-boost|p1a: Gurdurr|def|1\n|\n|upkeep\n|turn|8\n|c|\u2606igotthegat|passive lefties recovery recovers the amount sandstorm does and heals u outside of sand too\n|\n|t:|1661133948\n|move|p2a: Joel|Air Slash|p1a: Gurdurr\n|-supereffective|p1a: Gurdurr\n|-damage|p1a: Gurdurr|25\/100\n|cant|p1a: Gurdurr|flinch\n|\n|upkeep\n|turn|9\n|\n|t:|1661133955\n|move|p2a: Joel|Flamethrower|p1a: Gurdurr\n|-damage|p1a: Gurdurr|0 fnt\n|faint|p1a: Gurdurr\n|\n|upkeep\n|\n|t:|1661133968\n|switch|p1a: Doublade|Doublade, M|100\/100\n|turn|10\n|\n|t:|1661133974\n|move|p1a: Doublade|Protect|p1a: Doublade\n|-singleturn|p1a: Doublade|Protect\n|move|p2a: Joel|Flamethrower|p1a: Doublade\n|-activate|p1a: Doublade|move: Protect\n|\n|upkeep\n|turn|11\n|\n|t:|1661133980\n|move|p2a: Joel|Flamethrower|p1a: Doublade\n|-supereffective|p1a: Doublade\n|-damage|p1a: Doublade|0 fnt\n|faint|p1a: Doublade\n|\n|upkeep\n|\n|t:|1661133987\n|switch|p1a: Articuno|Articuno-Galar|100\/100\n|turn|12\n|\n|t:|1661133990\n|switch|p2a: Joseph|Aggron, M|100\/100\n|move|p1a: Articuno|Calm Mind|p1a: Articuno\n|-boost|p1a: Articuno|spa|1\n|-boost|p1a: Articuno|spd|1\n|\n|upkeep\n|turn|13\n|\n|t:|1661134001\n|move|p1a: Articuno|Freezing Glare|p2a: Joseph\n|-resisted|p2a: Joseph\n|-damage|p2a: Joseph|25\/100\n|-damage|p1a: Articuno|91\/100|[from] item: Life Orb\n|move|p2a: Joseph|Head Smash|p1a: Articuno|[miss]\n|-miss|p2a: Joseph|p1a: Articuno\n|\n|upkeep\n|turn|14\n|\n|t:|1661134012\n|move|p1a: Articuno|Freezing Glare|p2a: Joseph\n|-resisted|p2a: Joseph\n|-damage|p2a: Joseph|0 fnt\n|faint|p2a: Joseph\n|-damage|p1a: Articuno|81\/100|[from] item: Life Orb\n|\n|upkeep\n|\n|t:|1661134019\n|switch|p2a: Joey|Galvantula, M|57\/100\n|turn|15\n|\n|t:|1661134023\n|move|p2a: Joey|Volt Switch|p1a: Articuno\n|-supereffective|p1a: Articuno\n|-damage|p1a: Articuno|20\/100\n|\n|t:|1661134030\n|switch|p2a: Joe|Hitmonlee, M|100\/100|[from]move: Volt Switch\n|move|p1a: Articuno|Freezing Glare|p2a: Joe\n|-supereffective|p2a: Joe\n|-damage|p2a: Joe|0 fnt\n|faint|p2a: Joe\n|-damage|p1a: Articuno|10\/100|[from] item: Life Orb\n|\n|upkeep\n|\n|t:|1661134033\n|switch|p2a: Joey|Galvantula, M|57\/100\n|turn|16\n|c|\u2606igotthegat|gg\n|\n|t:|1661134043\n|move|p2a: Joey|Hyper Beam|p1a: Articuno\n|-damage|p1a: Articuno|0 fnt\n|-mustrecharge|p2a: Joey\n|faint|p1a: Articuno\n|\n|win|igotthegat\n|raw|Notmycat's rating: 1073 &rarr; <strong>1050<\/strong><br \/>(-23 for losing)\n|raw|igotthegat's rating: 1040 &rarr; <strong>1077<\/strong><br \/>(+37 for winning)\n|l|\u2606Notmycat\n||Ladder isn't responding, score probably updated but might not have (Request timeout).\n","uploadtime":1661134052,"views":8,"p1id":"notmycat","p2id":"igotthegat","formatid":"gen8pu","rating":1050,"private":0,"password":null}