{"id":"gen8bdspou-1481752980","p1":"TryHonesty","p2":"TreasureLif3","format":"gen8bdspou","log":"|j|\u2606TryHonesty\n|j|\u2606TreasureLif3\n|t:|1640771029\n|gametype|singles\n|player|p1|TryHonesty|170|1445\n|player|p2|TreasureLif3|guzma|1413\n|teamsize|p1|6\n|teamsize|p2|6\n|gen|8\n|tier|[Gen 8 BDSP] OU\n|rated|\n|rule|Sleep Clause Mod: Limit one foe put to sleep\n|rule|Species Clause: Limit one of each Pok\u00e9mon\n|rule|OHKO Clause: OHKO moves are banned\n|rule|Evasion Moves Clause: Evasion moves are banned\n|rule|Endless Battle Clause: Forcing endless battles is banned\n|rule|HP Percentage Mod: HP is shown in percentages\n|clearpoke\n|poke|p1|Gardevoir, M|\n|poke|p1|Empoleon, F|\n|poke|p1|Gengar, M|\n|poke|p1|Entei|\n|poke|p1|Slaking, M|\n|poke|p1|Alakazam, M|\n|poke|p2|Scizor, F|\n|poke|p2|Breloom, M|\n|poke|p2|Gengar, M|\n|poke|p2|Dragonite, M|\n|poke|p2|Mamoswine, F|\n|poke|p2|Rotom-Wash|\n|teampreview\n|inactive|Battle timer is ON: inactive players will automatically lose when time's up. (requested by TreasureLif3)\n|\n|t:|1640771044\n|start\n|switch|p1a: Slaking|Slaking, M|100\/100\n|switch|p2a: Scizor|Scizor, F|100\/100\n|turn|1\n|\n|t:|1640771070\n|move|p1a: Slaking|Hammer Arm|p2a: Scizor|[miss]\n|-miss|p1a: Slaking|p2a: Scizor\n|move|p2a: Scizor|U-turn|p1a: Slaking\n|-damage|p1a: Slaking|77\/100\n|\n|t:|1640771080\n|switch|p2a: Rotom|Rotom-Wash|100\/100|[from]move: U-turn\n|\n|upkeep\n|turn|2\n|\n|t:|1640771096\n|switch|p1a: Gengar|Gengar, M|100\/100\n|move|p2a: Rotom|Volt Switch|p1a: Gengar\n|-damage|p1a: Gengar|58\/100\n|\n|t:|1640771102\n|switch|p2a: Scizor|Scizor, F|100\/100|[from]move: Volt Switch\n|\n|upkeep\n|turn|3\n|\n|t:|1640771111\n|move|p1a: Gengar|Shadow Ball|p2a: Scizor\n|-damage|p2a: Scizor|52\/100\n|move|p2a: Scizor|U-turn|p1a: Gengar\n|-resisted|p1a: Gengar\n|-damage|p1a: Gengar|43\/100\n|\n|t:|1640771113\n|switch|p2a: Breloom|Breloom, M|100\/100|[from]move: U-turn\n|\n|-status|p2a: Breloom|tox|[from] item: Toxic Orb\n|upkeep\n|turn|4\n|\n|t:|1640771119\n|move|p1a: Gengar|Shadow Ball|p2a: Breloom\n|-damage|p2a: Breloom|5\/100 tox\n|move|p2a: Breloom|Spore|p1a: Gengar\n|-status|p1a: Gengar|slp|[from] move: Spore\n|\n|-heal|p2a: Breloom|17\/100 tox|[from] ability: Poison Heal\n|upkeep\n|turn|5\n|\n|t:|1640771131\n|switch|p1a: Gardevoir|Gardevoir, M|100\/100\n|-ability|p1a: Gardevoir|Poison Heal|[from] ability: Trace|[of] p2a: Breloom\n|switch|p2a: Mamoswine|Mamoswine, F|100\/100\n|\n|upkeep\n|turn|6\n|\n|t:|1640771152\n|move|p2a: Mamoswine|Icicle Crash|p1a: Gardevoir\n|-damage|p1a: Gardevoir|0 fnt\n|faint|p1a: Gardevoir\n|\n|upkeep\n|\n|t:|1640771157\n|switch|p1a: Slaking|Slaking, M|77\/100\n|turn|7\n|\n|t:|1640771169\n|switch|p2a: Gengar|Gengar, M|100\/100\n|move|p1a: Slaking|Earthquake|p2a: Gengar\n|-supereffective|p2a: Gengar\n|-damage|p2a: Gengar|0 fnt\n|faint|p2a: Gengar\n|\n|upkeep\n|\n|t:|1640771174\n|switch|p2a: Rotom|Rotom-Wash|100\/100\n|turn|8\n|\n|t:|1640771185\n|switch|p1a: Empoleon|Empoleon, F|100\/100\n|move|p2a: Rotom|Will-O-Wisp|p1a: Empoleon\n|-status|p1a: Empoleon|brn\n|\n|-damage|p1a: Empoleon|94\/100 brn|[from] brn\n|upkeep\n|turn|9\n|\n|t:|1640771189\n|move|p2a: Rotom|Volt Switch|p1a: Empoleon\n|-supereffective|p1a: Empoleon\n|-damage|p1a: Empoleon|63\/100 brn\n|\n|t:|1640771194\n|switch|p2a: Scizor|Scizor, F|52\/100|[from]move: Volt Switch\n|move|p1a: Empoleon|Stealth Rock|p2a: Scizor\n|-sidestart|p2: TreasureLif3|move: Stealth Rock\n|\n|-heal|p1a: Empoleon|69\/100 brn|[from] item: Leftovers\n|-heal|p2a: Scizor|58\/100|[from] item: Leftovers\n|-damage|p1a: Empoleon|63\/100 brn|[from] brn\n|upkeep\n|turn|10\n|\n|t:|1640771219\n|move|p1a: Empoleon|Scald|p2a: Scizor\n|-damage|p2a: Scizor|33\/100\n|move|p2a: Scizor|Defog|p1a: Empoleon\n|-unboost|p1a: Empoleon|evasion|1\n|-sideend|p2: TreasureLif3|Stealth Rock|[from] move: Defog|[of] p2a: Scizor\n|\n|-heal|p1a: Empoleon|69\/100 brn|[from] item: Leftovers\n|-heal|p2a: Scizor|39\/100|[from] item: Leftovers\n|-damage|p1a: Empoleon|63\/100 brn|[from] brn\n|upkeep\n|turn|11\n|\n|t:|1640771225\n|move|p1a: Empoleon|Scald|p2a: Scizor\n|-damage|p2a: Scizor|14\/100\n|-status|p2a: Scizor|brn\n|move|p2a: Scizor|Roost|p2a: Scizor\n|-heal|p2a: Scizor|64\/100 brn\n|-singleturn|p2a: Scizor|move: Roost\n|\n|-heal|p1a: Empoleon|69\/100 brn|[from] item: Leftovers\n|-heal|p2a: Scizor|70\/100 brn|[from] item: Leftovers\n|-damage|p1a: Empoleon|63\/100 brn|[from] brn\n|-damage|p2a: Scizor|64\/100 brn|[from] brn\n|upkeep\n|turn|12\n|\n|t:|1640771229\n|move|p1a: Empoleon|Stealth Rock|p2a: Scizor\n|-sidestart|p2: TreasureLif3|move: Stealth Rock\n|move|p2a: Scizor|Roost|p2a: Scizor\n|-heal|p2a: Scizor|100\/100 brn\n|-singleturn|p2a: Scizor|move: Roost\n|\n|-heal|p1a: Empoleon|69\/100 brn|[from] item: Leftovers\n|-damage|p1a: Empoleon|63\/100 brn|[from] brn\n|-damage|p2a: Scizor|94\/100 brn|[from] brn\n|upkeep\n|turn|13\n|\n|t:|1640771232\n|move|p1a: Empoleon|Scald|p2a: Scizor\n|-damage|p2a: Scizor|67\/100 brn\n|move|p2a: Scizor|Defog|p1a: Empoleon\n|-unboost|p1a: Empoleon|evasion|1\n|-sideend|p2: TreasureLif3|Stealth Rock|[from] move: Defog|[of] p2a: Scizor\n|\n|-heal|p1a: Empoleon|69\/100 brn|[from] item: Leftovers\n|-heal|p2a: Scizor|73\/100 brn|[from] item: Leftovers\n|-damage|p1a: Empoleon|63\/100 brn|[from] brn\n|-damage|p2a: Scizor|67\/100 brn|[from] brn\n|upkeep\n|turn|14\n|\n|t:|1640771235\n|move|p2a: Scizor|Bullet Punch|p1a: Empoleon\n|-resisted|p1a: Empoleon\n|-damage|p1a: Empoleon|60\/100 brn\n|move|p1a: Empoleon|Stealth Rock|p2a: Scizor\n|-sidestart|p2: TreasureLif3|move: Stealth Rock\n|\n|-heal|p1a: Empoleon|66\/100 brn|[from] item: Leftovers\n|-heal|p2a: Scizor|73\/100 brn|[from] item: Leftovers\n|-damage|p1a: Empoleon|60\/100 brn|[from] brn\n|-damage|p2a: Scizor|67\/100 brn|[from] brn\n|upkeep\n|turn|15\n|\n|t:|1640771239\n|switch|p1a: Entei|Entei|100\/100\n|move|p2a: Scizor|Defog|p1a: Entei\n|-unboost|p1a: Entei|evasion|1\n|-sideend|p2: TreasureLif3|Stealth Rock|[from] move: Defog|[of] p2a: Scizor\n|\n|-heal|p2a: Scizor|73\/100 brn|[from] item: Leftovers\n|-damage|p2a: Scizor|67\/100 brn|[from] brn\n|upkeep\n|turn|16\n|\n|t:|1640771245\n|switch|p2a: Breloom|Breloom, M|17\/100 tox\n|move|p1a: Entei|Sacred Fire|p2a: Breloom\n|-supereffective|p2a: Breloom\n|-damage|p2a: Breloom|0 fnt\n|faint|p2a: Breloom\n|\n|upkeep\n|\n|t:|1640771248\n|switch|p2a: Dragonite|Dragonite, M, shiny|100\/100\n|turn|17\n|\n|t:|1640771266\n|move|p1a: Entei|Sacred Fire|p2a: Dragonite\n|-resisted|p2a: Dragonite\n|-damage|p2a: Dragonite|80\/100\n|move|p2a: Dragonite|Earthquake|p1a: Entei\n|-supereffective|p1a: Entei\n|-damage|p1a: Entei|0 fnt\n|faint|p1a: Entei\n|\n|upkeep\n|\n|t:|1640771274\n|switch|p1a: Slaking|Slaking, M|77\/100\n|turn|18\n|\n|t:|1640771278\n|switch|p2a: Rotom|Rotom-Wash|100\/100\n|move|p1a: Slaking|Body Slam|p2a: Rotom\n|-damage|p2a: Rotom|33\/100\n|\n|-heal|p2a: Rotom|39\/100|[from] item: Leftovers\n|upkeep\n|turn|19\n|\n|t:|1640771283\n|switch|p1a: Empoleon|Empoleon, F|60\/100 brn\n|move|p2a: Rotom|Volt Switch|p1a: Empoleon\n|-supereffective|p1a: Empoleon\n|-damage|p1a: Empoleon|28\/100 brn\n|\n|t:|1640771291\n|switch|p2a: Mamoswine|Mamoswine, F|100\/100|[from]move: Volt Switch\n|\n|-heal|p1a: Empoleon|34\/100 brn|[from] item: Leftovers\n|-damage|p1a: Empoleon|28\/100 brn|[from] brn\n|upkeep\n|turn|20\n|\n|t:|1640771320\n|move|p2a: Mamoswine|Earthquake|p1a: Empoleon\n|-supereffective|p1a: Empoleon\n|-crit|p1a: Empoleon\n|-damage|p1a: Empoleon|0 fnt\n|faint|p1a: Empoleon\n|\n|upkeep\n|\n|t:|1640771324\n|switch|p1a: Slaking|Slaking, M|77\/100\n|turn|21\n|\n|t:|1640771331\n|switch|p2a: Rotom|Rotom-Wash|39\/100\n|move|p1a: Slaking|Hammer Arm|p2a: Rotom\n|-damage|p2a: Rotom|0 fnt\n|-unboost|p1a: Slaking|spe|1\n|faint|p2a: Rotom\n|\n|upkeep\n|\n|t:|1640771358\n|switch|p2a: Dragonite|Dragonite, M, shiny|80\/100\n|turn|22\n|\n|t:|1640771363\n|switch|p1a: Gengar|Gengar, M|43\/100 slp\n|move|p2a: Dragonite|Outrage|p1a: Gengar\n|-damage|p1a: Gengar|0 fnt\n|faint|p1a: Gengar\n|\n|upkeep\n|\n|t:|1640771367\n|switch|p1a: Alakazam|Alakazam, M|100\/100\n|turn|23\n|\n|t:|1640771371\n|move|p1a: Alakazam|Psychic|p2a: Dragonite\n|-damage|p2a: Dragonite|15\/100\n|move|p2a: Dragonite|Outrage|p1a: Alakazam|[from]lockedmove\n|-damage|p1a: Alakazam|0 fnt\n|faint|p1a: Alakazam\n|-start|p2a: Dragonite|confusion|[fatigue]\n|\n|upkeep\n|-message|TryHonesty forfeited.\n|\n|win|TreasureLif3\n|raw|TryHonesty's rating: 1464 &rarr; <strong>1441<\/strong><br \/>(-23 for losing)\n|raw|TreasureLif3's rating: 1413 &rarr; <strong>1436<\/strong><br \/>(+23 for winning)\n|l|\u2606TryHonesty\n","uploadtime":1640771384,"views":13,"p1id":"tryhonesty","p2id":"treasurelif3","formatid":"gen8bdspou","rating":1436,"private":0,"password":null}