{"id":"gen8bdspuu-1516346189","p1":"VirginJimmy99","p2":"Yndeed","format":"gen8bdspuu","log":"|j|\u2606VirginJimmy99\n|j|\u2606Yndeed\n|t:|1645533486\n|gametype|singles\n|player|p1|VirginJimmy99|169|1315\n|player|p2|Yndeed|pokemonbreeder|1411\n|teamsize|p1|6\n|teamsize|p2|6\n|gen|8\n|tier|[Gen 8 BDSP] UU\n|rated|\n|rule|Sleep Clause Mod: Limit one foe put to sleep\n|rule|Species Clause: Limit one of each Pok\u00e9mon\n|rule|OHKO Clause: OHKO moves are banned\n|rule|Evasion Moves Clause: Evasion moves are banned\n|rule|Endless Battle Clause: Forcing endless battles is banned\n|rule|HP Percentage Mod: HP is shown in percentages\n|clearpoke\n|poke|p1|Shuckle, F|\n|poke|p1|Mismagius, M|\n|poke|p1|Primeape, M|\n|poke|p1|Sneasel, M|\n|poke|p1|Blastoise, F|\n|poke|p1|Ursaring, F|\n|poke|p2|Chansey, F|\n|poke|p2|Crobat, F|\n|poke|p2|Slowbro, M|\n|poke|p2|Hippowdon, M|\n|poke|p2|Arcanine, M|\n|poke|p2|Sableye, M|\n|teampreview\n|inactive|Battle timer is ON: inactive players will automatically lose when time's up. (requested by Yndeed)\n|\n|t:|1645533499\n|start\n|switch|p1a: Shuckle|Shuckle, F|100\/100\n|switch|p2a: Crobat|Crobat, F, shiny|100\/100\n|turn|1\n|\n|t:|1645533505\n|move|p2a: Crobat|Brave Bird|p1a: Shuckle\n|-damage|p1a: Shuckle|75\/100\n|-damage|p2a: Crobat|95\/100|[from] Recoil\n|move|p1a: Shuckle|Stealth Rock|p2a: Crobat\n|-sidestart|p2: Yndeed|move: Stealth Rock\n|\n|-heal|p2a: Crobat|100\/100|[from] item: Leftovers\n|upkeep\n|turn|2\n|\n|t:|1645533511\n|switch|p1a: Primeape|Primeape, M|100\/100\n|move|p2a: Crobat|Defog|p1a: Primeape\n|-unboost|p1a: Primeape|evasion|1\n|-ability|p1a: Primeape|Defiant\n|-boost|p1a: Primeape|atk|2\n|-sideend|p2: Yndeed|Stealth Rock|[from] move: Defog|[of] p2a: Crobat\n|\n|upkeep\n|turn|3\n|\n|t:|1645533516\n|switch|p2a: Hippowdon|Hippowdon, M, shiny|100\/100\n|move|p1a: Primeape|Close Combat|p2a: Hippowdon\n|-damage|p2a: Hippowdon|30\/100\n|-unboost|p1a: Primeape|def|1\n|-unboost|p1a: Primeape|spd|1\n|\n|-heal|p2a: Hippowdon|36\/100|[from] item: Leftovers\n|upkeep\n|turn|4\n|\n|t:|1645533524\n|switch|p1a: Mismagius|Mismagius, M|100\/100\n|switch|p2a: Goldmember|Sableye, M, shiny|100\/100\n|\n|upkeep\n|turn|5\n|\n|t:|1645533530\n|switch|p1a: Shuckle|Shuckle, F|75\/100\n|move|p2a: Goldmember|Knock Off|p1a: Shuckle\n|-damage|p1a: Shuckle|58\/100\n|-enditem|p1a: Shuckle|Mental Herb|[from] move: Knock Off|[of] p2a: Goldmember\n|\n|upkeep\n|turn|6\n|\n|t:|1645533536\n|switch|p1a: Sneasel|Sneasel, M|100\/100\n|move|p2a: Goldmember|Taunt|p1a: Sneasel\n|-hint|Since gen 7, Dark is immune to Prankster moves.\n|-immune|p1a: Sneasel\n|\n|upkeep\n|turn|7\n|\n|t:|1645533541\n|switch|p1a: Shuckle|Shuckle, F|58\/100\n|switch|p2a: Arcanine|Arcanine, M, shiny|100\/100\n|-ability|p2a: Arcanine|Intimidate|boost\n|-unboost|p1a: Shuckle|atk|1\n|\n|upkeep\n|turn|8\n|\n|t:|1645533555\n|switch|p2a: Hippowdon|Hippowdon, M, shiny|36\/100\n|move|p1a: Shuckle|Stealth Rock|p2a: Hippowdon\n|-sidestart|p2: Yndeed|move: Stealth Rock\n|\n|-heal|p2a: Hippowdon|42\/100|[from] item: Leftovers\n|upkeep\n|turn|9\n|\n|t:|1645533562\n|move|p2a: Hippowdon|Stealth Rock|p1a: Shuckle\n|-sidestart|p1: VirginJimmy99|move: Stealth Rock\n|move|p1a: Shuckle|Final Gambit|p2a: Hippowdon\n|-damage|p2a: Hippowdon|9\/100\n|faint|p1a: Shuckle\n|\n|-heal|p2a: Hippowdon|15\/100|[from] item: Leftovers\n|upkeep\n|\n|t:|1645533571\n|switch|p1a: Ursaring|Ursaring, F|100\/100\n|-damage|p1a: Ursaring|88\/100|[from] Stealth Rock\n|turn|10\n|\n|t:|1645533576\n|switch|p2a: Goldmember|Sableye, M, shiny|100\/100\n|-damage|p2a: Goldmember|88\/100|[from] Stealth Rock\n|move|p1a: Ursaring|Swords Dance|p1a: Ursaring\n|-boost|p1a: Ursaring|atk|2\n|\n|-heal|p2a: Goldmember|94\/100|[from] item: Leftovers\n|-status|p1a: Ursaring|tox|[from] item: Toxic Orb\n|upkeep\n|turn|11\n|\n|t:|1645533582\n|move|p1a: Ursaring|Night Slash|p2a: Goldmember\n|-damage|p2a: Goldmember|32\/100\n|move|p2a: Goldmember|Knock Off|p1a: Ursaring\n|-damage|p1a: Ursaring|49\/100 tox\n|-enditem|p1a: Ursaring|Toxic Orb|[from] move: Knock Off|[of] p2a: Goldmember\n|\n|-heal|p2a: Goldmember|38\/100|[from] item: Leftovers\n|-damage|p1a: Ursaring|43\/100 tox|[from] psn\n|upkeep\n|turn|12\n|\n|t:|1645533590\n|move|p2a: Goldmember|Recover|p2a: Goldmember\n|-heal|p2a: Goldmember|88\/100\n|move|p1a: Ursaring|Earthquake|p2a: Goldmember\n|-damage|p2a: Goldmember|3\/100\n|\n|-heal|p2a: Goldmember|9\/100|[from] item: Leftovers\n|-damage|p1a: Ursaring|31\/100 tox|[from] psn\n|upkeep\n|turn|13\n|\n|t:|1645533602\n|switch|p2a: Hippowdon|Hippowdon, M, shiny|15\/100\n|-damage|p2a: Hippowdon|9\/100|[from] Stealth Rock\n|move|p1a: Ursaring|Night Slash|p2a: Hippowdon\n|-damage|p2a: Hippowdon|0 fnt\n|faint|p2a: Hippowdon\n|\n|-damage|p1a: Ursaring|12\/100 tox|[from] psn\n|upkeep\n|\n|t:|1645533611\n|switch|p2a: Crobat|Crobat, F, shiny|100\/100\n|-damage|p2a: Crobat|76\/100|[from] Stealth Rock\n|turn|14\n|\n|t:|1645533614\n|move|p2a: Crobat|Brave Bird|p1a: Ursaring\n|-damage|p1a: Ursaring|0 fnt\n|faint|p1a: Ursaring\n|-damage|p2a: Crobat|72\/100|[from] Recoil\n|\n|-heal|p2a: Crobat|79\/100|[from] item: Leftovers\n|upkeep\n|\n|t:|1645533617\n|switch|p1a: Blastoise|Blastoise, F|100\/100\n|-damage|p1a: Blastoise|88\/100|[from] Stealth Rock\n|turn|15\n|\n|t:|1645533630\n|move|p2a: Crobat|Toxic|p1a: Blastoise\n|-status|p1a: Blastoise|tox\n|move|p1a: Blastoise|Ice Beam|p2a: Crobat\n|-supereffective|p2a: Crobat\n|-damage|p2a: Crobat|25\/100\n|\n|-heal|p2a: Crobat|31\/100|[from] item: Leftovers\n|-damage|p1a: Blastoise|82\/100 tox|[from] psn\n|upkeep\n|turn|16\n|\n|t:|1645533637\n|move|p2a: Crobat|Roost|p2a: Crobat\n|-heal|p2a: Crobat|81\/100\n|-singleturn|p2a: Crobat|move: Roost\n|move|p1a: Blastoise|Shell Smash|p1a: Blastoise\n|-unboost|p1a: Blastoise|def|1\n|-unboost|p1a: Blastoise|spd|1\n|-boost|p1a: Blastoise|atk|2\n|-boost|p1a: Blastoise|spa|2\n|-boost|p1a: Blastoise|spe|2\n|-enditem|p1a: Blastoise|White Herb\n|-clearnegativeboost|p1a: Blastoise|[silent]\n|\n|-heal|p2a: Crobat|87\/100|[from] item: Leftovers\n|-damage|p1a: Blastoise|70\/100 tox|[from] psn\n|upkeep\n|turn|17\n|\n|t:|1645533644\n|switch|p2a: Chansey|Chansey, F, shiny|100\/100\n|-damage|p2a: Chansey|88\/100|[from] Stealth Rock\n|move|p1a: Blastoise|Hydro Pump|p2a: Chansey\n|-damage|p2a: Chansey|54\/100\n|\n|-heal|p2a: Chansey|60\/100|[from] item: Leftovers\n|-damage|p1a: Blastoise|52\/100 tox|[from] psn\n|upkeep\n|turn|18\n|\n|t:|1645533653\n|move|p1a: Blastoise|Shell Smash|p1a: Blastoise\n|-unboost|p1a: Blastoise|def|1\n|-unboost|p1a: Blastoise|spd|1\n|-boost|p1a: Blastoise|atk|2\n|-boost|p1a: Blastoise|spa|2\n|-boost|p1a: Blastoise|spe|2\n|move|p2a: Chansey|Seismic Toss|p1a: Blastoise\n|-damage|p1a: Blastoise|19\/100 tox\n|\n|-heal|p2a: Chansey|66\/100|[from] item: Leftovers\n|-damage|p1a: Blastoise|0 fnt|[from] psn\n|faint|p1a: Blastoise\n|upkeep\n|\n|t:|1645533656\n|switch|p1a: Mismagius|Mismagius, M|100\/100\n|-damage|p1a: Mismagius|88\/100|[from] Stealth Rock\n|turn|19\n|\n|t:|1645533665\n|switch|p2a: Crobat|Crobat, F, shiny|87\/100\n|-damage|p2a: Crobat|63\/100|[from] Stealth Rock\n|move|p1a: Mismagius|Substitute|p1a: Mismagius\n|-start|p1a: Mismagius|Substitute\n|-damage|p1a: Mismagius|63\/100\n|\n|-heal|p2a: Crobat|69\/100|[from] item: Leftovers\n|-heal|p1a: Mismagius|69\/100|[from] item: Leftovers\n|upkeep\n|turn|20\n|\n|t:|1645533673\n|switch|p1a: Sneasel|Sneasel, M|100\/100\n|-damage|p1a: Sneasel|76\/100|[from] Stealth Rock\n|move|p2a: Crobat|Brave Bird|p1a: Sneasel\n|-damage|p1a: Sneasel|0 fnt\n|faint|p1a: Sneasel\n|-damage|p2a: Crobat|52\/100|[from] Recoil\n|\n|-heal|p2a: Crobat|58\/100|[from] item: Leftovers\n|upkeep\n|\n|t:|1645533676\n|switch|p1a: Primeape|Primeape, M|100\/100\n|-damage|p1a: Primeape|95\/100|[from] Stealth Rock\n|turn|21\n|c|\u2606VirginJimmy99|gg\n|-message|VirginJimmy99 forfeited.\n|\n|win|Yndeed\n|raw|VirginJimmy99's rating: 1315 &rarr; <strong>1300<\/strong><br \/>(-15 for losing)\n|raw|Yndeed's rating: 1411 &rarr; <strong>1426<\/strong><br \/>(+15 for winning)\n|l|\u2606VirginJimmy99\n","uploadtime":1645533683,"views":111,"p1id":"virginjimmy99","p2id":"yndeed","formatid":"gen8bdspuu","rating":1300,"private":0,"password":null}