{"id":"gen8randombattle-1706971381","p1":"Rhinoculing","p2":"tillytower","format":"gen8randombattle","log":"|j|\u2606Rhinoculing\n|j|\u2606tillytower\n|t:|1668037633\n|gametype|singles\n|player|p1|Rhinoculing|170|1521\n|player|p2|tillytower|1|1505\n|teamsize|p1|6\n|teamsize|p2|6\n|gen|8\n|tier|[Gen 8] Random Battle\n|rated|\n|rule|Species Clause: Limit one of each Pok\u00e9mon\n|rule|HP Percentage Mod: HP is shown in percentages\n|rule|Sleep Clause Mod: Limit one foe put to sleep\n|\n|t:|1668037633\n|start\n|switch|p1a: Orbeetle|Orbeetle, L86, M|243\/243\n|switch|p2a: Thundurus|Thundurus, L80, M|258\/258\n|-item|p2a: Thundurus|Heavy-Duty Boots|[from] ability: Frisk|[of] p1a: Orbeetle|[identify]\n|turn|1\n|inactive|Battle timer is ON: inactive players will automatically lose when time's up. (requested by Rhinoculing)\n|\n|t:|1668037648\n|switch|p1a: Sandslash|Sandslash-Alola, L86, F|269\/269\n|move|p2a: Thundurus|Knock Off|p1a: Sandslash\n|-damage|p1a: Sandslash|216\/269\n|-enditem|p1a: Sandslash|Assault Vest|[from] move: Knock Off|[of] p2a: Thundurus\n|\n|upkeep\n|turn|2\n|\n|t:|1668037658\n|switch|p2a: Alcremie|Alcremie, L86, F|252\/252\n|move|p1a: Sandslash|Triple Axel|p2a: Alcremie\n|-damage|p2a: Alcremie|225\/252\n|-damage|p2a: Alcremie|179\/252\n|-damage|p2a: Alcremie|107\/252\n|-hitcount|p2a: Alcremie|3\n|\n|-heal|p2a: Alcremie|122\/252|[from] item: Leftovers\n|upkeep\n|turn|3\n|\n|t:|1668037668\n|move|p1a: Sandslash|Iron Head|p2a: Alcremie\n|-supereffective|p2a: Alcremie\n|-damage|p2a: Alcremie|0 fnt\n|faint|p2a: Alcremie\n|\n|upkeep\n|\n|t:|1668037674\n|switch|p2a: Genesect|Genesect, L74|227\/227\n|-ability|p2a: Genesect|Download|boost\n|-boost|p2a: Genesect|spa|1\n|turn|4\n|\n|t:|1668037687\n|switch|p1a: Keldeo|Keldeo-Resolute, L79|273\/273\n|move|p2a: Genesect|Shift Gear|p2a: Genesect\n|-boost|p2a: Genesect|spe|2\n|-boost|p2a: Genesect|atk|1\n|\n|upkeep\n|turn|5\n|\n|t:|1668037693\n|move|p2a: Genesect|Thunderbolt|p1a: Keldeo\n|-supereffective|p1a: Keldeo\n|-damage|p1a: Keldeo|21\/273\n|-damage|p2a: Genesect|205\/227|[from] item: Life Orb\n|move|p1a: Keldeo|Scald|p2a: Genesect\n|-damage|p2a: Genesect|112\/227\n|\n|-heal|p1a: Keldeo|38\/273|[from] item: Leftovers\n|upkeep\n|turn|6\n|\n|t:|1668037701\n|move|p2a: Genesect|Iron Head|p1a: Keldeo\n|-resisted|p1a: Keldeo\n|-damage|p1a: Keldeo|0 fnt\n|faint|p1a: Keldeo\n|-damage|p2a: Genesect|90\/227|[from] item: Life Orb\n|\n|upkeep\n|\n|t:|1668037707\n|switch|p1a: Orbeetle|Orbeetle, L86, M|243\/243\n|-item|p2a: Genesect|Life Orb|[from] ability: Frisk|[of] p1a: Orbeetle|[identify]\n|turn|7\n|\n|t:|1668037716\n|move|p2a: Genesect|Iron Head|p1a: Orbeetle\n|-damage|p1a: Orbeetle|117\/243\n|-damage|p2a: Genesect|68\/227|[from] item: Life Orb\n|move|p1a: Orbeetle|Recover|p1a: Orbeetle\n|-heal|p1a: Orbeetle|239\/243\n|\n|upkeep\n|turn|8\n|\n|t:|1668037722\n|move|p2a: Genesect|Iron Head|p1a: Orbeetle\n|-damage|p1a: Orbeetle|109\/243\n|-damage|p2a: Genesect|46\/227|[from] item: Life Orb\n|move|p1a: Orbeetle|Recover|p1a: Orbeetle\n|-heal|p1a: Orbeetle|231\/243\n|\n|upkeep\n|turn|9\n|\n|t:|1668037728\n|move|p2a: Genesect|Iron Head|p1a: Orbeetle\n|-damage|p1a: Orbeetle|105\/243\n|-damage|p2a: Genesect|24\/227|[from] item: Life Orb\n|cant|p1a: Orbeetle|flinch\n|\n|upkeep\n|turn|10\n|\n|t:|1668037733\n|move|p2a: Genesect|Iron Head|p1a: Orbeetle\n|-damage|p1a: Orbeetle|0 fnt\n|faint|p1a: Orbeetle\n|-damage|p2a: Genesect|2\/227|[from] item: Life Orb\n|\n|upkeep\n|\n|t:|1668037757\n|switch|p1a: Sandslash|Sandslash-Alola, L86, F|216\/269\n|turn|11\n|\n|t:|1668037760\n|move|p2a: Genesect|Thunderbolt|p1a: Sandslash\n|-damage|p1a: Sandslash|81\/269\n|-damage|p2a: Genesect|0 fnt|[from] item: Life Orb\n|faint|p2a: Genesect\n|move|p1a: Sandslash|Rapid Spin|p2: Genesect|[notarget]\n|-fail|p1a: Sandslash\n|\n|upkeep\n|\n|t:|1668037771\n|switch|p2a: Thundurus|Thundurus, L80, M|258\/258\n|turn|12\n|\n|t:|1668037773\n|move|p2a: Thundurus|Thunderbolt|p1a: Sandslash\n|-damage|p1a: Sandslash|0 fnt\n|faint|p1a: Sandslash\n|\n|upkeep\n|\n|t:|1668037788\n|switch|p1a: Dhelmise|Dhelmise, L86|261\/261\n|turn|13\n|\n|t:|1668037800\n|-start|p1a: Dhelmise|Dynamax|\n|-heal|p1a: Dhelmise|522\/522|[silent]\n|move|p2a: Thundurus|Knock Off|p1a: Dhelmise\n|-supereffective|p1a: Dhelmise\n|-damage|p1a: Dhelmise|386\/522\n|-enditem|p1a: Dhelmise|Lum Berry|[from] move: Knock Off|[of] p2a: Thundurus\n|move|p1a: Dhelmise|Max Phantasm|p2a: Thundurus\n|-damage|p2a: Thundurus|29\/258\n|-unboost|p2a: Thundurus|def|1\n|\n|upkeep\n|turn|14\n|\n|t:|1668037811\n|move|p2a: Thundurus|Thunder Wave|p1a: Dhelmise|[miss]\n|-miss|p2a: Thundurus|p1a: Dhelmise\n|move|p1a: Dhelmise|Max Phantasm|p2a: Thundurus\n|-damage|p2a: Thundurus|0 fnt\n|faint|p2a: Thundurus\n|\n|upkeep\n|\n|t:|1668037816\n|switch|p2a: Stakataka|Stakataka, L80|229\/229\n|-item|p2a: Stakataka|Air Balloon\n|turn|15\n|\n|t:|1668037836\n|move|p1a: Dhelmise|Max Steelspike|p2a: Stakataka\n|-damage|p2a: Stakataka|141\/229\n|-boost|p1a: Dhelmise|def|1\n|-enditem|p2a: Stakataka|Air Balloon\n|move|p2a: Stakataka|Trick Room|p2a: Stakataka\n|-fieldstart|move: Trick Room|[of] p2a: Stakataka\n|\n|upkeep\n|-end|p1a: Dhelmise|Dynamax\n|-heal|p1a: Dhelmise|193\/261|[silent]\n|turn|16\n|\n|t:|1668037846\n|move|p2a: Stakataka|Gyro Ball|p1a: Dhelmise\n|-damage|p1a: Dhelmise|111\/261\n|move|p1a: Dhelmise|Power Whip|p2a: Stakataka\n|-damage|p2a: Stakataka|47\/229\n|\n|upkeep\n|turn|17\n|\n|t:|1668037856\n|move|p2a: Stakataka|Gyro Ball|p1a: Dhelmise\n|-damage|p1a: Dhelmise|23\/261\n|move|p1a: Dhelmise|Anchor Shot|p2a: Stakataka\n|-damage|p2a: Stakataka|0 fnt\n|faint|p2a: Stakataka\n|\n|upkeep\n|\n|t:|1668037858\n|switch|p2a: Lickilicky|Lickilicky, L86, M|329\/329\n|turn|18\n|\n|t:|1668037866\n|move|p2a: Lickilicky|Protect|p2a: Lickilicky\n|-singleturn|p2a: Lickilicky|Protect\n|move|p1a: Dhelmise|Anchor Shot|p2a: Lickilicky\n|-activate|p2a: Lickilicky|move: Protect\n|\n|upkeep\n|turn|19\n|\n|t:|1668037875\n|switch|p2a: Noivern|Noivern, L82, F|274\/274\n|move|p1a: Dhelmise|Power Whip|p2a: Noivern|[miss]\n|-miss|p1a: Dhelmise|p2a: Noivern\n|\n|-fieldend|move: Trick Room\n|upkeep\n|turn|20\n|\n|t:|1668037880\n|move|p2a: Noivern|Hurricane|p1a: Dhelmise\n|-supereffective|p1a: Dhelmise\n|-damage|p1a: Dhelmise|0 fnt\n|faint|p1a: Dhelmise\n|\n|upkeep\n|\n|t:|1668037893\n|switch|p1a: Articuno|Articuno-Galar, L80|275\/275\n|turn|21\n|\n|t:|1668037901\n|-start|p2a: Noivern|Dynamax|\n|-heal|p2a: Noivern|548\/548|[silent]\n|move|p2a: Noivern|Max Airstream|p1a: Articuno\n|-damage|p1a: Articuno|148\/275\n|-boost|p2a: Noivern|spe|1\n|move|p1a: Articuno|Recover|p1a: Articuno\n|-heal|p1a: Articuno|275\/275\n|\n|upkeep\n|turn|22\n|\n|t:|1668037907\n|move|p2a: Noivern|Max Wyrmwind|p1a: Articuno\n|-damage|p1a: Articuno|139\/275\n|-unboost|p1a: Articuno|atk|1\n|-ability|p1a: Articuno|Competitive|boost\n|-boost|p1a: Articuno|spa|2\n|move|p1a: Articuno|Recover|p1a: Articuno\n|-heal|p1a: Articuno|275\/275\n|\n|upkeep\n|turn|23\n|\n|t:|1668037912\n|move|p2a: Noivern|Max Airstream|p1a: Articuno\n|-damage|p1a: Articuno|140\/275\n|-boost|p2a: Noivern|spe|1\n|move|p1a: Articuno|Recover|p1a: Articuno\n|-heal|p1a: Articuno|275\/275\n|\n|upkeep\n|-end|p2a: Noivern|Dynamax\n|-heal|p2a: Noivern|274\/274|[silent]\n|turn|24\n|\n|t:|1668037922\n|move|p2a: Noivern|Defog|p1a: Articuno\n|-unboost|p1a: Articuno|evasion|1\n|-ability|p1a: Articuno|Competitive|boost\n|-boost|p1a: Articuno|spa|2\n|move|p1a: Articuno|Freezing Glare|p2a: Noivern\n|-damage|p2a: Noivern|0 fnt\n|faint|p2a: Noivern\n|\n|upkeep\n|\n|t:|1668037925\n|switch|p2a: Lickilicky|Lickilicky, L86, M|329\/329\n|turn|25\n|\n|t:|1668037931\n|move|p1a: Articuno|Freezing Glare|p2a: Lickilicky\n|-damage|p2a: Lickilicky|8\/329\n|move|p2a: Lickilicky|Body Slam|p1a: Articuno\n|-damage|p1a: Articuno|188\/275\n|\n|-heal|p2a: Lickilicky|28\/329|[from] item: Leftovers\n|upkeep\n|turn|26\n|-message|tillytower forfeited.\n|\n|win|Rhinoculing\n|raw|Rhinoculing's rating: 1521 &rarr; <strong>1540<\/strong><br \/>(+19 for winning)\n|raw|tillytower's rating: 1505 &rarr; <strong>1486<\/strong><br \/>(-19 for losing)\n|l|\u2606tillytower\n","inputlog":">version 453a3ad56483cc6a5c08448f6577d394b68621b7\n>start {\"formatid\":\"gen8randombattle\",\"seed\":[11498,49683,32117,57042],\"rated\":\"Rated battle\"}\n>player p1 {\"name\":\"Rhinoculing\",\"avatar\":\"170\",\"rating\":1521,\"seed\":[33414,56083,25201,18421]}\n>player p2 {\"name\":\"tillytower\",\"avatar\":\"1\",\"rating\":1505,\"seed\":[58460,2130,7954,54219]}\n>p1 switch 6\n>p2 move knockoff\n>p1 move tripleaxel\n>p2 switch 2\n>p1 move ironhead\n>p2 move mysticalfire\n>p2 switch 5\n>p1 switch 5\n>p2 move shiftgear\n>p1 move scald\n>p2 move thunderbolt\n>p1 move scald\n>p2 move ironhead\n>p1 switch 6\n>p1 move recover\n>p2 move ironhead\n>p1 move recover\n>p2 move ironhead\n>p1 move recover\n>p2 move ironhead\n>p1 move recover\n>p2 move ironhead\n>p1 switch 5\n>p1 move rapidspin\n>p2 move thunderbolt\n>p2 switch 2\n>p1 move tripleaxel\n>p2 move thunderbolt\n>p1 switch 4\n>p1 move poltergeist dynamax\n>p2 move knockoff\n>p1 move poltergeist dynamax\n>p2 move thunderwave\n>p2 switch 6\n>p1 move anchorshot dynamax\n>p2 move trickroom\n>p1 move powerwhip\n>p2 move gyroball\n>p1 move anchorshot\n>p2 move gyroball\n>p2 switch 3\n>p1 move anchorshot\n>p2 move protect\n>p1 move powerwhip\n>p2 switch 4\n>p1 move anchorshot\n>p2 move hurricane\n>p1 switch 3\n>p1 move recover\n>p2 move hurricane dynamax\n>p1 move recover\n>p2 move dracometeor dynamax\n>p1 move recover\n>p2 move hurricane dynamax\n>p1 move freezingglare\n>p2 move defog\n>p2 switch 4\n>p1 move freezingglare\n>p2 move bodyslam\n>forcelose p2","uploadtime":1668037940,"views":4,"p1id":"rhinoculing","p2id":"tillytower","formatid":"gen8randombattle","rating":1486,"private":0,"password":null}