{"id":"gen8ou-1138491700","p1":"Fernando11101","p2":"Ban Lando t guy jk","format":"gen8ou","log":"|j|\u2606Fernando11101\n|j|\u2606Ban Lando t guy jk\n|player|p1|Fernando11101|170|1380\n|player|p2|Ban Lando t guy jk|164|1390\n|teamsize|p1|6\n|teamsize|p2|6\n|gametype|singles\n|gen|8\n|tier|[Gen 8] OU\n|rated|\n|clearpoke\n|poke|p1|Marowak-Alola, M|\n|poke|p1|Slowbro-Galar, F|\n|poke|p1|Magearna-Original|\n|poke|p1|Rillaboom, F|\n|poke|p1|Mandibuzz, F|\n|poke|p1|Lycanroc-Dusk, M|\n|poke|p2|Cinderace, M|\n|poke|p2|Corviknight, M|\n|poke|p2|Kommo-o, F|\n|poke|p2|Hydreigon, F|\n|poke|p2|Zeraora|\n|poke|p2|Clefable, M|\n|rule|Sleep Clause Mod: Limit one foe put to sleep\n|rule|Species Clause: Limit one of each Pok\u00e9mon\n|rule|OHKO Clause: OHKO moves are banned\n|rule|Evasion Moves Clause: Evasion moves are banned\n|rule|Endless Battle Clause: Forcing endless battles is banned\n|rule|HP Percentage Mod: HP is shown in percentages\n|rule|Dynamax Clause: You cannot dynamax\n|teampreview\n|inactive|Battle timer is ON: inactive players will automatically lose when time's up. (requested by Ban Lando t guy jk)\n|c|\u2606Ban Lando t guy jk|Magearna back to\n|\n|start\n|switch|p1a: Lycanroc|Lycanroc-Dusk, M|100\/100\n|switch|p2a: Kommo-o|Kommo-o, F|100\/100\n|turn|1\n|\n|move|p1a: Lycanroc|Taunt|p2a: Kommo-o\n|-start|p2a: Kommo-o|move: Taunt\n|cant|p2a: Kommo-o|move: Taunt|Stealth Rock\n|\n|upkeep\n|turn|2\n|\n|move|p2a: Kommo-o|Body Press|p1a: Lycanroc\n|-supereffective|p1a: Lycanroc\n|-crit|p1a: Lycanroc\n|-enditem|p1a: Lycanroc|Focus Sash\n|-damage|p1a: Lycanroc|1\/100\n|move|p1a: Lycanroc|Counter|p2a: Kommo-o\n|-damage|p2a: Kommo-o|0 fnt\n|faint|p2a: Kommo-o\n|\n|upkeep\n|\n|switch|p2a: Zeraora|Zeraora|100\/100\n|turn|3\n|\n|move|p2a: Zeraora|Knock Off|p1a: Lycanroc\n|-damage|p1a: Lycanroc|0 fnt\n|faint|p1a: Lycanroc\n|\n|upkeep\n|\n|switch|p1a: Slowbro|Slowbro-Galar, F|100\/100\n|turn|4\n|\n|switch|p2a: Hydreigon|Hydreigon, F|100\/100\n|move|p1a: Slowbro|Shell Side Arm|p2a: Hydreigon\n|-damage|p2a: Hydreigon|52\/100\n|-hint|Special Shell Side Arm\n|-status|p2a: Hydreigon|psn\n|\n|-damage|p2a: Hydreigon|40\/100 psn|[from] psn\n|upkeep\n|turn|5\n|\n|switch|p1a: Mandibuzz|Mandibuzz, F|100\/100\n|move|p2a: Hydreigon|Flash Cannon|p1a: Mandibuzz\n|-damage|p1a: Mandibuzz|76\/100\n|-damage|p2a: Hydreigon|30\/100 psn|[from] item: Life Orb\n|\n|-heal|p1a: Mandibuzz|82\/100|[from] item: Leftovers\n|-damage|p2a: Hydreigon|18\/100 psn|[from] psn\n|upkeep\n|turn|6\n|\n|switch|p1a: Slowbro|Slowbro-Galar, F|100\/100\n|move|p2a: Hydreigon|Draco Meteor|p1a: Slowbro\n|-damage|p1a: Slowbro|28\/100\n|-unboost|p2a: Hydreigon|spa|2\n|-damage|p2a: Hydreigon|8\/100 psn|[from] item: Life Orb\n|\n|-damage|p2a: Hydreigon|0 fnt|[from] psn\n|faint|p2a: Hydreigon\n|upkeep\n|\n|switch|p2a: Zeraora|Zeraora|100\/100\n|turn|7\n|\n|switch|p1a: Marowak|Marowak-Alola, M|100\/100\n|move|p2a: Zeraora|Knock Off|p1a: Marowak\n|-supereffective|p1a: Marowak\n|-damage|p1a: Marowak|30\/100\n|-enditem|p1a: Marowak|Thick Club|[from] move: Knock Off|[of] p2a: Zeraora\n|\n|upkeep\n|turn|8\n|\n|move|p2a: Zeraora|Knock Off|p1a: Marowak\n|-supereffective|p1a: Marowak\n|-damage|p1a: Marowak|0 fnt\n|faint|p1a: Marowak\n|\n|upkeep\n|\n|switch|p1a: Rillaboom|Rillaboom, F|100\/100\n|-fieldstart|move: Grassy Terrain|[from] ability: Grassy Surge|[of] p1a: Rillaboom\n|turn|9\n|\n|switch|p2a: Corviknight|Corviknight, M|100\/100\n|-ability|p2a: Corviknight|Pressure\n|move|p1a: Rillaboom|Grassy Glide|p2a: Corviknight\n|-resisted|p2a: Corviknight\n|-damage|p2a: Corviknight|89\/100\n|\n|-heal|p2a: Corviknight|96\/100|[from] item: Leftovers\n|upkeep\n|turn|10\n|\n|switch|p1a: Slowbro|Slowbro-Galar, F|61\/100\n|move|p2a: Corviknight|U-turn|p1a: Slowbro\n|-damage|p1a: Slowbro|49\/100\n|\n|switch|p2a: Zeraora|Zeraora|100\/100|[from]move: U-turn\n|\n|-heal|p1a: Slowbro|55\/100|[from] Grassy Terrain\n|upkeep\n|turn|11\n|\n|switch|p1a: Mandibuzz|Mandibuzz, F|82\/100\n|move|p2a: Zeraora|Knock Off|p1a: Mandibuzz\n|-resisted|p1a: Mandibuzz\n|-damage|p1a: Mandibuzz|71\/100\n|-enditem|p1a: Mandibuzz|Leftovers|[from] move: Knock Off|[of] p2a: Zeraora\n|\n|upkeep\n|turn|12\n|\n|move|p2a: Zeraora|Bulk Up|p2a: Zeraora\n|-boost|p2a: Zeraora|atk|1\n|-boost|p2a: Zeraora|def|1\n|move|p1a: Mandibuzz|Toxic|p2a: Zeraora\n|-status|p2a: Zeraora|tox\n|\n|-damage|p2a: Zeraora|95\/100 tox|[from] psn\n|upkeep\n|turn|13\n|\n|move|p2a: Zeraora|Plasma Fists|p1a: Mandibuzz\n|-supereffective|p1a: Mandibuzz\n|-damage|p1a: Mandibuzz|0 fnt\n|-fieldactivate|move: Ion Deluge\n|faint|p1a: Mandibuzz\n|\n|-heal|p2a: Zeraora|100\/100 tox|[from] item: Leftovers\n|-fieldend|move: Grassy Terrain\n|-damage|p2a: Zeraora|89\/100 tox|[from] psn\n|upkeep\n|\n|switch|p1a: Rillaboom|Rillaboom, F|100\/100\n|-fieldstart|move: Grassy Terrain|[from] ability: Grassy Surge|[of] p1a: Rillaboom\n|turn|14\n|\n|switch|p2a: Corviknight|Corviknight, M|96\/100\n|-ability|p2a: Corviknight|Pressure\n|move|p1a: Rillaboom|Grassy Glide|p2a: Corviknight\n|-resisted|p2a: Corviknight\n|-damage|p2a: Corviknight|86\/100\n|\n|-heal|p2a: Corviknight|92\/100|[from] item: Leftovers\n|upkeep\n|turn|15\n|\n|switch|p1a: Magearna|Magearna-Original|100\/100\n|move|p2a: Corviknight|U-turn|p1a: Magearna\n|-resisted|p1a: Magearna\n|-damage|p1a: Magearna|97\/100\n|\n|switch|p2a: Cinderace|Cinderace, M|100\/100|[from]move: U-turn\n|\n|-heal|p1a: Magearna|100\/100|[from] item: Leftovers\n|upkeep\n|turn|16\n|\n|move|p2a: Cinderace|Pyro Ball|p1a: Magearna\n|-supereffective|p1a: Magearna\n|-damage|p1a: Magearna|0 fnt\n|faint|p1a: Magearna\n|\n|upkeep\n|\n|switch|p1a: Slowbro|Slowbro-Galar, F|88\/100\n|turn|17\n|\n|move|p2a: Cinderace|High Jump Kick|p1a: Slowbro\n|-start|p2a: Cinderace|typechange|Fighting|[from] ability: Libero\n|-resisted|p1a: Slowbro\n|-damage|p1a: Slowbro|74\/100\n|move|p1a: Slowbro|Fire Blast|p2a: Cinderace\n|-damage|p2a: Cinderace|51\/100\n|\n|-heal|p2a: Cinderace|57\/100|[from] Grassy Terrain\n|-heal|p1a: Slowbro|80\/100|[from] Grassy Terrain\n|upkeep\n|turn|18\n|\n|switch|p2a: Clefable|Clefable, M|100\/100\n|move|p1a: Slowbro|Psychic|p2a: Clefable\n|-damage|p2a: Clefable|71\/100\n|\n|-heal|p2a: Clefable|77\/100|[from] item: Leftovers\n|-heal|p2a: Clefable|83\/100|[from] Grassy Terrain\n|-heal|p1a: Slowbro|86\/100|[from] Grassy Terrain\n|-fieldend|move: Grassy Terrain\n|upkeep\n|turn|19\n|\n|move|p1a: Slowbro|Shell Side Arm|p2a: Clefable\n|-supereffective|p2a: Clefable\n|-damage|p2a: Clefable|24\/100\n|-hint|Special Shell Side Arm\n|move|p2a: Clefable|Teleport|p2a: Clefable\n|\n|switch|p2a: Zeraora|Zeraora|89\/100 tox|[from]move: Teleport\n|\n|-heal|p2a: Zeraora|95\/100 tox|[from] item: Leftovers\n|-damage|p2a: Zeraora|89\/100 tox|[from] psn\n|upkeep\n|turn|20\n|\n|move|p2a: Zeraora|Plasma Fists|p1a: Slowbro\n|-damage|p1a: Slowbro|43\/100\n|-fieldactivate|move: Ion Deluge\n|move|p1a: Slowbro|Shell Side Arm|p2a: Zeraora\n|-damage|p2a: Zeraora|30\/100 tox\n|-hint|Special Shell Side Arm\n|\n|-heal|p2a: Zeraora|36\/100 tox|[from] item: Leftovers\n|-damage|p2a: Zeraora|24\/100 tox|[from] psn\n|upkeep\n|turn|21\n|\n|switch|p1a: Rillaboom|Rillaboom, F|100\/100\n|-fieldstart|move: Grassy Terrain|[from] ability: Grassy Surge|[of] p1a: Rillaboom\n|move|p2a: Zeraora|Plasma Fists|p1a: Rillaboom\n|-resisted|p1a: Rillaboom\n|-damage|p1a: Rillaboom|76\/100\n|-fieldactivate|move: Ion Deluge\n|\n|-heal|p2a: Zeraora|30\/100 tox|[from] item: Leftovers\n|-heal|p2a: Zeraora|36\/100 tox|[from] Grassy Terrain\n|-heal|p1a: Rillaboom|83\/100|[from] Grassy Terrain\n|-damage|p2a: Zeraora|18\/100 tox|[from] psn\n|upkeep\n|turn|22\n|\n|switch|p2a: Corviknight|Corviknight, M|92\/100\n|-ability|p2a: Corviknight|Pressure\n|move|p1a: Rillaboom|U-turn|p2a: Corviknight\n|-resisted|p2a: Corviknight\n|-damage|p2a: Corviknight|87\/100\n|\n|switch|p1a: Slowbro|Slowbro-Galar, F|76\/100|[from]move: U-turn\n|\n|-heal|p2a: Corviknight|93\/100|[from] item: Leftovers\n|-heal|p1a: Slowbro|82\/100|[from] Grassy Terrain\n|upkeep\n|turn|23\n|\n|switch|p2a: Clefable|Clefable, M|24\/100\n|move|p1a: Slowbro|Fire Blast|p2a: Clefable|[miss]\n|-miss|p1a: Slowbro|p2a: Clefable\n|\n|-heal|p2a: Clefable|30\/100|[from] item: Leftovers\n|-heal|p2a: Clefable|36\/100|[from] Grassy Terrain\n|-heal|p1a: Slowbro|88\/100|[from] Grassy Terrain\n|upkeep\n|turn|24\n|\n|move|p2a: Clefable|Protect|p2a: Clefable\n|-singleturn|p2a: Clefable|Protect\n|move|p1a: Slowbro|Shell Side Arm|p2a: Clefable\n|-activate|p2a: Clefable|move: Protect\n|\n|-heal|p2a: Clefable|42\/100|[from] item: Leftovers\n|-heal|p2a: Clefable|48\/100|[from] Grassy Terrain\n|-heal|p1a: Slowbro|94\/100|[from] Grassy Terrain\n|upkeep\n|turn|25\n|\n|move|p2a: Clefable|Wish|p2a: Clefable\n|move|p1a: Slowbro|Fire Blast|p2a: Clefable\n|-damage|p2a: Clefable|26\/100\n|\n|-heal|p2a: Clefable|32\/100|[from] item: Leftovers\n|-heal|p2a: Clefable|38\/100|[from] Grassy Terrain\n|-heal|p1a: Slowbro|100\/100|[from] Grassy Terrain\n|-fieldend|move: Grassy Terrain\n|upkeep\n|turn|26\n|\n|move|p2a: Clefable|Moonblast|p1a: Slowbro\n|-resisted|p1a: Slowbro\n|-damage|p1a: Slowbro|88\/100\n|move|p1a: Slowbro|Shell Side Arm|p2a: Clefable\n|-supereffective|p2a: Clefable\n|-damage|p2a: Clefable|0 fnt\n|-hint|Special Shell Side Arm\n|faint|p2a: Clefable\n|\n|upkeep\n|\n|switch|p2a: Zeraora|Zeraora|18\/100 tox\n|turn|27\n|\n|switch|p1a: Rillaboom|Rillaboom, F|83\/100\n|-fieldstart|move: Grassy Terrain|[from] ability: Grassy Surge|[of] p1a: Rillaboom\n|move|p2a: Zeraora|Plasma Fists|p1a: Rillaboom\n|-resisted|p1a: Rillaboom\n|-damage|p1a: Rillaboom|55\/100\n|-fieldactivate|move: Ion Deluge\n|\n|-heal|p2a: Zeraora|24\/100 tox|[from] item: Leftovers\n|-heal|p2a: Zeraora|30\/100 tox|[from] Grassy Terrain\n|-heal|p1a: Rillaboom|61\/100|[from] Grassy Terrain\n|-damage|p2a: Zeraora|24\/100 tox|[from] psn\n|upkeep\n|turn|28\n|\n|switch|p2a: Corviknight|Corviknight, M|93\/100\n|-ability|p2a: Corviknight|Pressure\n|move|p1a: Rillaboom|U-turn|p2a: Corviknight\n|-resisted|p2a: Corviknight\n|-damage|p2a: Corviknight|88\/100\n|\n|switch|p1a: Slowbro|Slowbro-Galar, F|100\/100|[from]move: U-turn\n|\n|-heal|p2a: Corviknight|95\/100|[from] item: Leftovers\n|upkeep\n|turn|29\n|\n|move|p2a: Corviknight|Roost|p2a: Corviknight\n|-heal|p2a: Corviknight|100\/100\n|-singleturn|p2a: Corviknight|move: Roost\n|move|p1a: Slowbro|Fire Blast|p2a: Corviknight|[miss]\n|-miss|p1a: Slowbro|p2a: Corviknight\n|\n|upkeep\n|turn|30\n|\n|move|p2a: Corviknight|Body Press|p1a: Slowbro\n|-resisted|p1a: Slowbro\n|-damage|p1a: Slowbro|94\/100\n|move|p1a: Slowbro|Ice Beam|p2a: Corviknight\n|-damage|p2a: Corviknight|74\/100\n|\n|-heal|p2a: Corviknight|80\/100|[from] item: Leftovers\n|-heal|p1a: Slowbro|100\/100|[from] Grassy Terrain\n|upkeep\n|turn|31\n|\n|move|p2a: Corviknight|Roost|p2a: Corviknight\n|-heal|p2a: Corviknight|100\/100\n|-singleturn|p2a: Corviknight|move: Roost\n|move|p1a: Slowbro|Ice Beam|p2a: Corviknight\n|-resisted|p2a: Corviknight\n|-damage|p2a: Corviknight|86\/100\n|\n|-heal|p2a: Corviknight|92\/100|[from] item: Leftovers\n|-heal|p2a: Corviknight|98\/100|[from] Grassy Terrain\n|-fieldend|move: Grassy Terrain\n|upkeep\n|turn|32\n|\n|move|p2a: Corviknight|Body Press|p1a: Slowbro\n|-resisted|p1a: Slowbro\n|-damage|p1a: Slowbro|95\/100\n|move|p1a: Slowbro|Psychic|p2a: Corviknight\n|-resisted|p2a: Corviknight\n|-damage|p2a: Corviknight|79\/100\n|\n|-heal|p2a: Corviknight|85\/100|[from] item: Leftovers\n|upkeep\n|turn|33\n|\n|move|p2a: Corviknight|Body Press|p1a: Slowbro\n|-resisted|p1a: Slowbro\n|-damage|p1a: Slowbro|89\/100\n|move|p1a: Slowbro|Psychic|p2a: Corviknight\n|-resisted|p2a: Corviknight\n|-damage|p2a: Corviknight|65\/100\n|\n|-heal|p2a: Corviknight|71\/100|[from] item: Leftovers\n|upkeep\n|turn|34\n|\n|move|p2a: Corviknight|Roost|p2a: Corviknight\n|-heal|p2a: Corviknight|100\/100\n|-singleturn|p2a: Corviknight|move: Roost\n|move|p1a: Slowbro|Ice Beam|p2a: Corviknight\n|-resisted|p2a: Corviknight\n|-damage|p2a: Corviknight|87\/100\n|\n|-heal|p2a: Corviknight|93\/100|[from] item: Leftovers\n|upkeep\n|turn|35\n|\n|move|p2a: Corviknight|Body Press|p1a: Slowbro\n|-resisted|p1a: Slowbro\n|-crit|p1a: Slowbro\n|-damage|p1a: Slowbro|80\/100\n|move|p1a: Slowbro|Psychic|p2a: Corviknight\n|-resisted|p2a: Corviknight\n|-damage|p2a: Corviknight|71\/100\n|\n|-heal|p2a: Corviknight|78\/100|[from] item: Leftovers\n|upkeep\n|turn|36\n|\n|move|p2a: Corviknight|Body Press|p1a: Slowbro\n|-resisted|p1a: Slowbro\n|-damage|p1a: Slowbro|74\/100\n|move|p1a: Slowbro|Fire Blast|p2a: Corviknight\n|-supereffective|p2a: Corviknight\n|-crit|p2a: Corviknight\n|-damage|p2a: Corviknight|0 fnt\n|faint|p2a: Corviknight\n|\n|upkeep\n|\n|switch|p2a: Zeraora|Zeraora|24\/100 tox\n|turn|37\n|\n|switch|p2a: Cinderace|Cinderace, M|57\/100\n|switch|p1a: Rillaboom|Rillaboom, F|61\/100\n|-fieldstart|move: Grassy Terrain|[from] ability: Grassy Surge|[of] p1a: Rillaboom\n|\n|-heal|p2a: Cinderace|63\/100|[from] Grassy Terrain\n|-heal|p1a: Rillaboom|68\/100|[from] Grassy Terrain\n|upkeep\n|turn|38\n|\n|switch|p1a: Slowbro|Slowbro-Galar, F|100\/100\n|move|p2a: Cinderace|Pyro Ball|p1a: Slowbro\n|-crit|p1a: Slowbro\n|-damage|p1a: Slowbro|29\/100\n|\n|-heal|p2a: Cinderace|69\/100|[from] Grassy Terrain\n|-heal|p1a: Slowbro|35\/100|[from] Grassy Terrain\n|upkeep\n|turn|39\n|\n|move|p2a: Cinderace|Sucker Punch|p1a: Slowbro\n|-start|p2a: Cinderace|typechange|Dark|[from] ability: Libero\n|-supereffective|p1a: Slowbro\n|-damage|p1a: Slowbro|0 fnt\n|faint|p1a: Slowbro\n|\n|-heal|p2a: Cinderace|75\/100|[from] Grassy Terrain\n|upkeep\n|\n|switch|p1a: Rillaboom|Rillaboom, F|68\/100\n|turn|40\n|\n|move|p1a: Rillaboom|Grassy Glide|p2a: Cinderace\n|-damage|p2a: Cinderace|0 fnt\n|faint|p2a: Cinderace\n|\n|-heal|p1a: Rillaboom|74\/100|[from] Grassy Terrain\n|upkeep\n|\n|switch|p2a: Zeraora|Zeraora|24\/100 tox\n|turn|41\n|\n|move|p1a: Rillaboom|Grassy Glide|p2a: Zeraora\n|-damage|p2a: Zeraora|0 fnt\n|faint|p2a: Zeraora\n|\n|win|Fernando11101\n|c|\u2606Fernando11101|gg\n","uploadtime":1592967904,"views":8,"p1id":"fernando11101","p2id":"banlandotguyjk","formatid":"gen8ou","rating":0,"private":0,"password":null}