{"id":"gen8ou-1703241679","p1":"Kwaga","p2":"g2 fyssure","format":"gen8ou","log":"|j|\u2606Kwaga\n|j|\u2606g2 fyssure\n|t:|1667634953\n|gametype|singles\n|player|p1|Kwaga|brock-gen1rb|\n|player|p2|g2 fyssure|juggler-gen1|\n|teamsize|p1|6\n|teamsize|p2|6\n|gen|8\n|tier|[Gen 8] OU\n|rule|Sleep Clause Mod: Limit one foe put to sleep\n|rule|Species Clause: Limit one of each Pok\u00e9mon\n|rule|OHKO Clause: OHKO moves are banned\n|rule|Evasion Items Clause: Evasion items are banned\n|rule|Evasion Moves Clause: Evasion moves are banned\n|rule|Endless Battle Clause: Forcing endless battles is banned\n|rule|HP Percentage Mod: HP is shown in percentages\n|rule|Dynamax Clause: You cannot dynamax\n|clearpoke\n|poke|p1|Hatterene, F|\n|poke|p1|Weavile, M|\n|poke|p1|Heatran, M|\n|poke|p1|Slowking, M|\n|poke|p1|Zapdos|\n|poke|p1|Landorus-Therian, M|\n|poke|p2|Zapdos|\n|poke|p2|Landorus-Therian, M|\n|poke|p2|Vanilluxe, M|\n|poke|p2|Melmetal|\n|poke|p2|Slowking, M|\n|poke|p2|Urshifu-*, M|\n|teampreview\n|c|\u2606g2 fyssure|do u like ice cream\n|c|\u2606Kwaga|that ice cream\n|c|\u2606Kwaga|destroys my team\n|c|\u2606g2 fyssure|lmaooo\n|\n|t:|1667635044\n|start\n|switch|p1a: Weavile|Weavile, M|100\/100\n|switch|p2a: metal auf metal|Melmetal|100\/100\n|-ability|p1a: Weavile|Pressure\n|turn|1\n|c|\u2606Kwaga|expert lead\n|\n|t:|1667635067\n|switch|p1a: Slowking|Slowking, M|100\/100\n|move|p2a: metal auf metal|Toxic|p1a: Slowking\n|-status|p1a: Slowking|tox\n|\n|-damage|p1a: Slowking|94\/100 tox|[from] psn\n|upkeep\n|turn|2\n|\n|t:|1667635088\n|move|p2a: metal auf metal|Protect|p2a: metal auf metal\n|-singleturn|p2a: metal auf metal|Protect\n|move|p1a: Slowking|Teleport|p1a: Slowking\n|\n|t:|1667635090\n|switch|p1a: Heatran|Heatran, M|100\/100|[from]move: Teleport\n|-item|p1a: Heatran|Air Balloon\n|\n|upkeep\n|turn|3\n|c|\u2606g2 fyssure|baloon\n|\n|t:|1667635116\n|switch|p2a: young sheldon|Slowking, M, shiny|100\/100\n|move|p1a: Heatran|Eruption|p2a: young sheldon\n|-resisted|p2a: young sheldon\n|-damage|p2a: young sheldon|71\/100\n|\n|upkeep\n|turn|4\n|c|\u2606g2 fyssure|oo\n|\n|t:|1667635134\n|switch|p1a: Slowking|Slowking, M|100\/100 tox\n|move|p2a: young sheldon|Scald|p1a: Slowking\n|-resisted|p1a: Slowking\n|-damage|p1a: Slowking|92\/100 tox\n|-enditem|p1a: Slowking|Eject Button\n|c|\u2606Kwaga|knew i should have rocks\n|\n|t:|1667635139\n|switch|p1a: Weavile|Weavile, M|100\/100\n|-ability|p1a: Weavile|Pressure\n|\n|upkeep\n|turn|5\n|c|\u2606g2 fyssure|wait a minute\n|\n|t:|1667635169\n|switch|p2a: alberto basalm|Urshifu-Rapid-Strike, M|100\/100\n|move|p1a: Weavile|Knock Off|p2a: alberto basalm\n|-resisted|p2a: alberto basalm\n|-damage|p2a: alberto basalm|63\/100\n|-enditem|p2a: alberto basalm|Choice Scarf|[from] move: Knock Off|[of] p1a: Weavile\n|\n|upkeep\n|turn|6\n|\n|t:|1667635186\n|switch|p1a: Zapdos|Zapdos|100\/100\n|switch|p2a: icy wiener|Vanilluxe, M, shiny|100\/100\n|-weather|Hail|[from] ability: Snow Warning|[of] p2a: icy wiener\n|\n|-weather|Hail|[upkeep]\n|-damage|p1a: Zapdos|94\/100|[from] Hail\n|upkeep\n|turn|7\n|\n|t:|1667635197\n|switch|p1a: Slowking|Slowking, M|100\/100 tox\n|move|p2a: icy wiener|Freeze-Dry|p1a: Slowking\n|-supereffective|p1a: Slowking\n|-damage|p1a: Slowking|33\/100 tox\n|\n|-weather|Hail|[upkeep]\n|-damage|p1a: Slowking|27\/100 tox|[from] Hail\n|-damage|p1a: Slowking|21\/100 tox|[from] psn\n|upkeep\n|turn|8\n|c|\u2606Kwaga|holy shit\n|c|\u2606g2 fyssure|ice crem team\n|c|\u2606g2 fyssure|time\n|\n|t:|1667635219\n|switch|p2a: young sheldon|Slowking, M, shiny|100\/100\n|switch|p1a: Weavile|Weavile, M|100\/100\n|-ability|p1a: Weavile|Pressure\n|\n|-weather|Hail|[upkeep]\n|-damage|p2a: young sheldon|94\/100|[from] Hail\n|upkeep\n|turn|9\n|c|\u2606g2 fyssure|nice play\n|c|\u2606Kwaga|ty\n|\n|t:|1667635234\n|switch|p2a: metal auf metal|Melmetal|100\/100\n|move|p1a: Weavile|Knock Off|p2a: metal auf metal\n|-damage|p2a: metal auf metal|52\/100\n|-enditem|p2a: metal auf metal|Leftovers|[from] move: Knock Off|[of] p1a: Weavile\n|\n|-weather|Hail|[upkeep]\n|-damage|p2a: metal auf metal|46\/100|[from] Hail\n|upkeep\n|turn|10\n|c|\u2606g2 fyssure|holy guacamole\n|\n|t:|1667635256\n|switch|p1a: Slowking|Slowking, M|54\/100 tox\n|move|p2a: metal auf metal|Double Iron Bash|p1a: Slowking\n|-resisted|p1a: Slowking\n|-damage|p1a: Slowking|33\/100 tox\n|-resisted|p1a: Slowking\n|-damage|p1a: Slowking|15\/100 tox\n|-hitcount|p1a: Slowking|2\n|\n|-weather|none\n|-damage|p1a: Slowking|9\/100 tox|[from] psn\n|upkeep\n|turn|11\n|\n|t:|1667635273\n|switch|p2a: dorian electra|Zapdos|100\/100\n|switch|p1a: Heatran|Heatran, M|100\/100\n|-item|p1a: Heatran|Air Balloon\n|\n|upkeep\n|turn|12\n|\n|t:|1667635280\n|switch|p1a: Landorus|Landorus-Therian, M|100\/100\n|-ability|p1a: Landorus|Intimidate|boost\n|-unboost|p2a: dorian electra|atk|1\n|move|p2a: dorian electra|Volt Switch|p1a: Landorus\n|-immune|p1a: Landorus\n|\n|upkeep\n|turn|13\n|c|\u2606g2 fyssure|this smells like scarf or something\n|c|\u2606Kwaga|;]\n|\n|t:|1667635309\n|switch|p2a: young sheldon|Slowking, M, shiny|100\/100\n|move|p1a: Landorus|Toxic|p2a: young sheldon\n|-status|p2a: young sheldon|tox\n|\n|-damage|p2a: young sheldon|94\/100 tox|[from] psn\n|upkeep\n|turn|14\n|\n|t:|1667635314\n|move|p1a: Landorus|U-turn|p2a: young sheldon\n|-supereffective|p2a: young sheldon\n|-damage|p2a: young sheldon|64\/100 tox\n|\n|t:|1667635316\n|switch|p1a: Slowking|Slowking, M|42\/100 tox|[from]move: U-turn\n|move|p2a: young sheldon|Future Sight|p1a: Slowking\n|-start|p2a: young sheldon|move: Future Sight\n|\n|-damage|p1a: Slowking|36\/100 tox|[from] psn\n|-damage|p2a: young sheldon|52\/100 tox|[from] psn\n|upkeep\n|turn|15\n|\n|t:|1667635327\n|move|p1a: Slowking|Teleport|p1a: Slowking\n|\n|t:|1667635330\n|switch|p1a: Heatran|Heatran, M|100\/100|[from]move: Teleport\n|-item|p1a: Heatran|Air Balloon\n|move|p2a: young sheldon|Teleport|p2a: young sheldon\n|\n|t:|1667635342\n|switch|p2a: damo suzuki|Landorus-Therian, M, shiny|100\/100|[from]move: Teleport\n|-ability|p2a: damo suzuki|Intimidate|boost\n|-unboost|p1a: Heatran|atk|1\n|\n|upkeep\n|turn|16\n|\n|t:|1667635348\n|move|p2a: damo suzuki|Stealth Rock|p1a: Heatran\n|-sidestart|p1: Kwaga|move: Stealth Rock\n|move|p1a: Heatran|Eruption|p2a: damo suzuki\n|-damage|p2a: damo suzuki|16\/100\n|\n|-end|p1a: Heatran|move: Future Sight\n|-resisted|p1a: Heatran\n|-damage|p1a: Heatran|80\/100\n|-enditem|p1a: Heatran|Air Balloon\n|-heal|p2a: damo suzuki|22\/100|[from] item: Leftovers\n|upkeep\n|turn|17\n|c|\u2606g2 fyssure|cant believe u done this\n|c|\u2606Kwaga|lol\n|\n|t:|1667635369\n|switch|p1a: Landorus|Landorus-Therian, M|100\/100\n|-damage|p1a: Landorus|88\/100|[from] Stealth Rock\n|-ability|p1a: Landorus|Intimidate|boost\n|-unboost|p2a: damo suzuki|atk|1\n|move|p2a: damo suzuki|Earthquake|p1a: Landorus\n|-immune|p1a: Landorus\n|\n|-heal|p2a: damo suzuki|28\/100|[from] item: Leftovers\n|-heal|p1a: Landorus|94\/100|[from] item: Leftovers\n|upkeep\n|turn|18\n|\n|t:|1667635390\n|switch|p2a: young sheldon|Slowking, M, shiny|85\/100 tox\n|move|p1a: Landorus|Defog|p2a: young sheldon\n|-unboost|p2a: young sheldon|evasion|1\n|-sideend|p1: Kwaga|Stealth Rock|[from] move: Defog|[of] p1a: Landorus\n|\n|-heal|p1a: Landorus|99\/100|[from] item: Leftovers\n|-damage|p2a: young sheldon|79\/100 tox|[from] psn\n|upkeep\n|turn|19\n|\n|t:|1667635393\n|move|p1a: Landorus|U-turn|p2a: young sheldon\n|-supereffective|p2a: young sheldon\n|-damage|p2a: young sheldon|46\/100 tox\n|\n|t:|1667635398\n|switch|p1a: Weavile|Weavile, M|100\/100|[from]move: U-turn\n|-ability|p1a: Weavile|Pressure\n|move|p2a: young sheldon|Teleport|p2a: young sheldon\n|c|\u2606g2 fyssure|how to make progress\n|\n|t:|1667635427\n|switch|p2a: metal auf metal|Melmetal|46\/100|[from]move: Teleport\n|\n|upkeep\n|turn|20\n|\n|t:|1667635435\n|switch|p1a: Zapdos|Zapdos|94\/100\n|move|p2a: metal auf metal|Protect||[still]\n|-fail|p2a: metal auf metal\n|\n|upkeep\n|turn|21\n|\n|t:|1667635443\n|move|p1a: Zapdos|Heat Wave|p2a: metal auf metal\n|-supereffective|p2a: metal auf metal\n|-damage|p2a: metal auf metal|0 fnt\n|faint|p2a: metal auf metal\n|\n|upkeep\n|c|\u2606Kwaga|i mean u get free ice cream here\n|c|\u2606Kwaga|and destroy me\n|\n|t:|1667635480\n|switch|p2a: icy wiener|Vanilluxe, M, shiny|100\/100\n|-weather|Hail|[from] ability: Snow Warning|[of] p2a: icy wiener\n|turn|22\n|\n|t:|1667635491\n|switch|p1a: Heatran|Heatran, M|80\/100\n|move|p2a: icy wiener|Water Pulse|p1a: Heatran\n|-supereffective|p1a: Heatran\n|-damage|p1a: Heatran|17\/100\n|\n|-weather|Hail|[upkeep]\n|-damage|p1a: Heatran|11\/100|[from] Hail\n|upkeep\n|turn|23\n|c|\u2606g2 fyssure|ice cream\n|c|\u2606g2 fyssure|goes brazy\n|c|\u2606Kwaga|yes\n|\n|t:|1667635513\n|switch|p2a: dorian electra|Zapdos|100\/100\n|move|p1a: Heatran|Stealth Rock|p2a: dorian electra\n|-sidestart|p2: g2 fyssure|move: Stealth Rock\n|\n|-weather|Hail|[upkeep]\n|-damage|p1a: Heatran|5\/100|[from] Hail\n|-damage|p2a: dorian electra|94\/100|[from] Hail\n|upkeep\n|turn|24\n|\n|t:|1667635516\n|move|p1a: Heatran|Magma Storm|p2a: dorian electra\n|-damage|p2a: dorian electra|44\/100\n|-activate|p2a: dorian electra|move: Magma Storm|[of] p1a: Heatran\n|move|p2a: dorian electra|Defog|p1a: Heatran\n|-unboost|p1a: Heatran|evasion|1\n|-sideend|p2: g2 fyssure|Stealth Rock|[from] move: Defog|[of] p2a: dorian electra\n|\n|-weather|Hail|[upkeep]\n|-damage|p1a: Heatran|0 fnt|[from] Hail\n|-damage|p2a: dorian electra|38\/100|[from] Hail\n|faint|p1a: Heatran\n|-end|p2a: dorian electra|Magma Storm|[partiallytrapped]|[silent]\n|upkeep\n|\n|t:|1667635526\n|switch|p1a: Weavile|Weavile, M|100\/100\n|-ability|p1a: Weavile|Pressure\n|turn|25\n|\n|t:|1667635535\n|switch|p2a: damo suzuki|Landorus-Therian, M, shiny|28\/100\n|-ability|p2a: damo suzuki|Intimidate|boost\n|-unboost|p1a: Weavile|atk|1\n|move|p1a: Weavile|Psycho Cut|p2a: damo suzuki\n|-damage|p2a: damo suzuki|4\/100\n|\n|-weather|Hail|[upkeep]\n|-damage|p2a: damo suzuki|0 fnt|[from] Hail\n|faint|p2a: damo suzuki\n|upkeep\n|c|\u2606g2 fyssure|what now\n|c|\u2606Kwaga|for shifu and pex lol\n|c|\u2606Kwaga|and buzz\n|\n|t:|1667635563\n|switch|p2a: dorian electra|Zapdos|38\/100\n|turn|26\n|c|\u2606g2 fyssure|do i die\n|c|\u2606Kwaga|i dont know your evs\n|c|\u2606g2 fyssure|!dt psycho cut\n|raw|<ul class=\"utilichart\"><li class=\"result\"><span class=\"col movenamecol\"><a href=\"https:\/\/dex.pokemonshowdown.com\/moves\/psychocut\">Psycho Cut<\/a><\/span> <span class=\"col typecol\"><img src=\"\/\/play.pokemonshowdown.com\/sprites\/types\/Psychic.png\" alt=\"Psychic\" width=\"32\" height=\"14\"><img src=\"\/\/play.pokemonshowdown.com\/sprites\/categories\/Physical.png\" alt=\"Physical\" width=\"32\" height=\"14\"><\/span> <span class=\"col labelcol\"><em>Power<\/em><br>70<\/span> <span class=\"col widelabelcol\"><em>Accuracy<\/em><br>100%<\/span> <span class=\"col pplabelcol\"><em>PP<\/em><br>32<\/span> <span class=\"col movedesccol\">High critical hit ratio.<\/span> <\/li><li style=\"clear:both\"><\/li><\/ul>\n|raw|<font size=\"1\"><font color=\"#686868\">Priority:<\/font> 0&nbsp;|&ThickSpace;<font color=\"#686868\">Gen:<\/font> 4&nbsp;|&ThickSpace;<font color=\"#686868\">Z-Power:<\/font> 140&nbsp;|&ThickSpace;<font color=\"#686868\">Dynamax Power:<\/font> 120&nbsp;|&ThickSpace;<font color=\"#686868\">Target:<\/font> One Adjacent Pok\u00e9mon<\/font>\n\n|\n|t:|1667635579\n|switch|p1a: Landorus|Landorus-Therian, M|99\/100\n|-ability|p1a: Landorus|Intimidate|boost\n|-unboost|p2a: dorian electra|atk|1\n|move|p2a: dorian electra|Roost|p2a: dorian electra\n|-heal|p2a: dorian electra|88\/100\n|-singleturn|p2a: dorian electra|move: Roost\n|\n|-weather|none\n|-heal|p1a: Landorus|100\/100|[from] item: Leftovers\n|upkeep\n|turn|27\n|\n|t:|1667635596\n|switch|p2a: young sheldon|Slowking, M, shiny|80\/100 tox\n|move|p1a: Landorus|U-turn|p2a: young sheldon\n|-supereffective|p2a: young sheldon\n|-damage|p2a: young sheldon|45\/100 tox\n|\n|t:|1667635599\n|switch|p1a: Weavile|Weavile, M|100\/100|[from]move: U-turn\n|-ability|p1a: Weavile|Pressure\n|\n|-damage|p2a: young sheldon|39\/100 tox|[from] psn\n|upkeep\n|turn|28\n|\n|t:|1667635604\n|switch|p2a: alberto basalm|Urshifu-Rapid-Strike, M|63\/100\n|move|p1a: Weavile|Knock Off|p2a: alberto basalm\n|-resisted|p2a: alberto basalm\n|-damage|p2a: alberto basalm|36\/100\n|\n|upkeep\n|turn|29\n|\n|t:|1667635614\n|switch|p1a: Zapdos|Zapdos|94\/100\n|move|p2a: alberto basalm|Ice Punch|p1a: Zapdos\n|-supereffective|p1a: Zapdos\n|-damage|p1a: Zapdos|56\/100\n|\n|upkeep\n|turn|30\n|c|\u2606Kwaga|oh i fucked up\n|c|\u2606Kwaga|i forgot roost on here\n|c|\u2606g2 fyssure|oh\n|\n|t:|1667635638\n|move|p2a: alberto basalm|Surging Strikes|p1a: Zapdos\n|-crit|p1a: Zapdos\n|-damage|p1a: Zapdos|41\/100\n|-status|p2a: alberto basalm|par|[from] ability: Static|[of] p1a: Zapdos\n|-crit|p1a: Zapdos\n|-damage|p1a: Zapdos|24\/100\n|-crit|p1a: Zapdos\n|-damage|p1a: Zapdos|9\/100\n|-hitcount|p1a: Zapdos|3\n|move|p1a: Zapdos|Volt Switch|p2a: alberto basalm\n|-supereffective|p2a: alberto basalm\n|-damage|p2a: alberto basalm|0 fnt\n|faint|p2a: alberto basalm\n|\n|t:|1667635649\n|switch|p1a: Weavile|Weavile, M|100\/100|[from]move: Volt Switch\n|-ability|p1a: Weavile|Pressure\n|\n|upkeep\n|c|\u2606g2 fyssure|bro let my ice cream come in\n|\n|t:|1667635663\n|switch|p2a: dorian electra|Zapdos|88\/100\n|turn|31\n|\n|t:|1667635673\n|move|p1a: Weavile|Triple Axel|p2a: dorian electra\n|-supereffective|p2a: dorian electra\n|-damage|p2a: dorian electra|64\/100\n|-status|p1a: Weavile|par|[from] ability: Static|[of] p2a: dorian electra\n|-supereffective|p2a: dorian electra\n|-damage|p2a: dorian electra|13\/100\n|-supereffective|p2a: dorian electra\n|-damage|p2a: dorian electra|0 fnt\n|faint|p2a: dorian electra\n|-hitcount|p2: dorian electra|3\n|\n|upkeep\n|\n|t:|1667635685\n|switch|p2a: icy wiener|Vanilluxe, M, shiny|100\/100\n|-weather|Hail|[from] ability: Snow Warning|[of] p2a: icy wiener\n|turn|32\n|c|\u2606Kwaga|oh god\n|c|\u2606Kwaga|its in\n|\n|t:|1667635690\n|switch|p1a: Zapdos|Zapdos|9\/100\n|move|p2a: icy wiener|Blizzard|p1a: Zapdos\n|-supereffective|p1a: Zapdos\n|-damage|p1a: Zapdos|0 fnt\n|faint|p1a: Zapdos\n|\n|-weather|Hail|[upkeep]\n|upkeep\n|\n|t:|1667635698\n|switch|p1a: Slowking|Slowking, M|69\/100 tox\n|turn|33\n|\n|t:|1667635702\n|switch|p2a: young sheldon|Slowking, M, shiny|72\/100 tox\n|move|p1a: Slowking|Teleport|p1a: Slowking\n|\n|t:|1667635705\n|switch|p1a: Weavile|Weavile, M|100\/100 par|[from]move: Teleport\n|-ability|p1a: Weavile|Pressure\n|\n|-weather|Hail|[upkeep]\n|-damage|p2a: young sheldon|66\/100 tox|[from] Hail\n|-damage|p2a: young sheldon|60\/100 tox|[from] psn\n|upkeep\n|turn|34\n|\n|t:|1667635712\n|move|p1a: Weavile|Knock Off|p2a: young sheldon\n|-supereffective|p2a: young sheldon\n|-damage|p2a: young sheldon|0 fnt\n|-enditem|p2a: young sheldon|Heavy-Duty Boots|[from] move: Knock Off|[of] p1a: Weavile\n|faint|p2a: young sheldon\n|\n|-weather|Hail|[upkeep]\n|upkeep\n|\n|t:|1667635714\n|switch|p2a: icy wiener|Vanilluxe, M, shiny|100\/100\n|turn|35\n|\n|t:|1667635719\n|move|p2a: icy wiener|Freeze-Dry|p1a: Weavile\n|-resisted|p1a: Weavile\n|-damage|p1a: Weavile|65\/100 par\n|cant|p1a: Weavile|par\n|\n|-weather|Hail|[upkeep]\n|upkeep\n|turn|36\n|c|\u2606g2 fyssure|ok ice cream\n|\n|t:|1667635725\n|move|p2a: icy wiener|Freeze-Dry|p1a: Weavile\n|-resisted|p1a: Weavile\n|-damage|p1a: Weavile|30\/100 par\n|move|p1a: Weavile|Knock Off|p2a: icy wiener\n|-damage|p2a: icy wiener|0 fnt\n|-enditem|p2a: icy wiener|Choice Specs|[from] move: Knock Off|[of] p1a: Weavile\n|faint|p2a: icy wiener\n|\n|win|Kwaga\n|c|\u2606Kwaga|didnt get to use my hat\n|c|\u2606Kwaga|its specs\n|c|\u2606g2 fyssure|what teh fuck it just died\n|c|\u2606Kwaga|ya lol\n|c|\u2606Kwaga|banded adamant weav\n","uploadtime":1667635744,"views":11,"p1id":"kwaga","p2id":"g2fyssure","formatid":"gen8ou","rating":0,"private":0,"password":null}