{"id":"gen8nationaldex-1124683715","p1":"TestTubetrial","p2":"mongwong","format":"gen8nationaldex","log":"|j|\u2606TestTubetrial\n|j|\u2606mongwong\n|player|p1|TestTubetrial|1|1419\n|player|p2|mongwong|silver|1344\n|teamsize|p1|6\n|teamsize|p2|6\n|gametype|singles\n|gen|8\n|tier|[Gen 8] National Dex\n|rated|\n|clearpoke\n|poke|p1|Bisharp, F|\n|poke|p1|Conkeldurr, M|\n|poke|p1|Gastrodon, F|\n|poke|p1|Charizard, F|\n|poke|p1|Thundurus-Therian, M|\n|poke|p1|Excadrill, F|\n|poke|p2|Darmanitan-Galar, M|\n|poke|p2|Cloyster, F|\n|poke|p2|Hoopa-Unbound|\n|poke|p2|Diancie|\n|poke|p2|Gliscor, F|\n|poke|p2|Goodra, M|\n|rule|HP Percentage Mod: HP is shown in percentages\n|rule|Endless Battle Clause: Forcing endless battles is banned\n|rule|OHKO Clause: OHKO moves are banned\n|rule|Evasion Moves Clause: Evasion moves are banned\n|rule|Species Clause: Limit one of each Pok\u00e9mon\n|rule|Dynamax Clause: You cannot dynamax\n|rule|Sleep Clause Mod: Limit one foe put to sleep\n|teampreview\n|inactive|Battle timer is ON: inactive players will automatically lose when time's up. (requested by mongwong)\n|\n|start\n|switch|p1a: Conkeldurr|Conkeldurr, M|100\/100\n|switch|p2a: Diancie|Diancie|100\/100\n|turn|1\n|\n|switch|p1a: Excadrill|Excadrill, F|100\/100\n|-ability|p1a: Excadrill|Mold Breaker\n|move|p2a: Diancie|Stealth Rock|p1a: Excadrill\n|-sidestart|p1: TestTubetrial|move: Stealth Rock\n|\n|upkeep\n|turn|2\n|\n|switch|p2a: Gliscor|Gliscor, F|100\/100\n|move|p1a: Excadrill|Rapid Spin|p2a: Gliscor\n|-damage|p2a: Gliscor|78\/100\n|-boost|p1a: Excadrill|spe|1\n|-sideend|p1: TestTubetrial|Stealth Rock|[from] move: Rapid Spin|[of] p1a: Excadrill\n|-damage|p1a: Excadrill|91\/100|[from] item: Life Orb\n|\n|-status|p2a: Gliscor|tox|[from] item: Toxic Orb\n|upkeep\n|turn|3\n|\n|switch|p1a: Thundurus|Thundurus-Therian, M|100\/100\n|move|p2a: Gliscor|Earthquake|p1a: Thundurus\n|-immune|p1a: Thundurus\n|\n|-heal|p2a: Gliscor|90\/100 tox|[from] ability: Poison Heal\n|upkeep\n|turn|4\n|\n|switch|p2a: Goodra|Goodra, M|100\/100\n|move|p1a: Thundurus|Hidden Power|p2a: Goodra\n|-supereffective|p2a: Goodra\n|-damage|p2a: Goodra|81\/100\n|\n|upkeep\n|turn|5\n|\n|move|p1a: Thundurus|Thunder Wave|p2a: Goodra\n|-status|p2a: Goodra|par\n|move|p2a: Goodra|Sludge Wave|p1a: Thundurus\n|-damage|p1a: Thundurus|58\/100\n|\n|upkeep\n|turn|6\n|\n|switch|p1a: Excadrill|Excadrill, F|91\/100\n|-ability|p1a: Excadrill|Mold Breaker\n|move|p2a: Goodra|Draco Meteor|p1a: Excadrill\n|-resisted|p1a: Excadrill\n|-damage|p1a: Excadrill|46\/100\n|-unboost|p2a: Goodra|spa|2\n|\n|upkeep\n|turn|7\n|\n|switch|p2a: Gliscor|Gliscor, F|90\/100 tox\n|move|p1a: Excadrill|Rapid Spin|p2a: Gliscor\n|-damage|p2a: Gliscor|66\/100 tox\n|-boost|p1a: Excadrill|spe|1\n|-damage|p1a: Excadrill|37\/100|[from] item: Life Orb\n|\n|-heal|p2a: Gliscor|79\/100 tox|[from] ability: Poison Heal\n|upkeep\n|turn|8\n|\n|move|p1a: Excadrill|Iron Head|p2a: Gliscor\n|-damage|p2a: Gliscor|22\/100 tox\n|-damage|p1a: Excadrill|27\/100|[from] item: Life Orb\n|cant|p2a: Gliscor|flinch\n|\n|-heal|p2a: Gliscor|35\/100 tox|[from] ability: Poison Heal\n|upkeep\n|turn|9\n|\n|switch|p2a: Cloyster|Cloyster, F|100\/100\n|move|p1a: Excadrill|Iron Head|p2a: Cloyster\n|-damage|p2a: Cloyster|52\/100\n|-damage|p1a: Excadrill|17\/100|[from] item: Life Orb\n|\n|upkeep\n|turn|10\n|\n|move|p2a: Cloyster|Ice Shard|p1a: Excadrill\n|-damage|p1a: Excadrill|0 fnt\n|faint|p1a: Excadrill\n|\n|upkeep\n|\n|switch|p1a: Conkeldurr|Conkeldurr, M|100\/100\n|turn|11\n|\n|move|p2a: Cloyster|Icicle Spear|p1a: Conkeldurr\n|-damage|p1a: Conkeldurr|90\/100\n|-damage|p1a: Conkeldurr|79\/100\n|-damage|p1a: Conkeldurr|69\/100\n|-damage|p1a: Conkeldurr|59\/100\n|-damage|p1a: Conkeldurr|50\/100\n|-hitcount|p1a: Conkeldurr|5\n|move|p1a: Conkeldurr|Drain Punch|p2a: Cloyster\n|-supereffective|p2a: Cloyster\n|-damage|p2a: Cloyster|0 fnt\n|-heal|p1a: Conkeldurr|65\/100|[from] drain|[of] p2a: Cloyster\n|faint|p2a: Cloyster\n|\n|-status|p1a: Conkeldurr|brn|[from] item: Flame Orb\n|upkeep\n|\n|switch|p2a: Diancie|Diancie|100\/100\n|turn|12\n|\n|switch|p1a: Thundurus|Thundurus-Therian, M|58\/100\n|move|p2a: Diancie|Moonblast|p1a: Thundurus\n|-damage|p1a: Thundurus|0 fnt\n|faint|p1a: Thundurus\n|\n|upkeep\n|\n|switch|p1a: Bisharp|Bisharp, F|100\/100\n|turn|13\n|\n|switch|p2a: Goodra|Goodra, M|81\/100 par\n|move|p1a: Bisharp|Iron Head|p2a: Goodra\n|-damage|p2a: Goodra|29\/100 par\n|\n|upkeep\n|turn|14\n|\n|move|p1a: Bisharp|Iron Head|p2a: Goodra\n|-damage|p2a: Goodra|0 fnt\n|faint|p2a: Goodra\n|\n|upkeep\n|\n|switch|p2a: Darmanitan|Darmanitan-Galar, M|100\/100\n|turn|15\n|\n|switch|p1a: Charizard|Charizard, F|100\/100\n|move|p2a: Darmanitan|U-turn|p1a: Charizard\n|-resisted|p1a: Charizard\n|-damage|p1a: Charizard|87\/100\n|\n|switch|p2a: Diancie|Diancie|100\/100|[from]move: U-turn\n|\n|upkeep\n|turn|16\n|\n|switch|p1a: Conkeldurr|Conkeldurr, M|65\/100 brn\n|detailschange|p2a: Diancie|Diancie-Mega\n|-mega|p2a: Diancie|Diancie|Diancite\n|move|p2a: Diancie|Power Gem|p1a: Conkeldurr\n|-resisted|p1a: Conkeldurr\n|-damage|p1a: Conkeldurr|33\/100 brn\n|\n|-damage|p1a: Conkeldurr|27\/100 brn|[from] brn\n|upkeep\n|turn|17\n|\n|move|p1a: Conkeldurr|Mach Punch|p2a: Diancie\n|-damage|p2a: Diancie|54\/100\n|move|p2a: Diancie|Moonblast|p1a: Conkeldurr\n|-supereffective|p1a: Conkeldurr\n|-damage|p1a: Conkeldurr|0 fnt\n|faint|p1a: Conkeldurr\n|\n|upkeep\n|inactive|TestTubetrial has 120 seconds left.\n|\n|switch|p1a: Gastrodon|Gastrodon, F|100\/100\n|turn|18\n|\n|move|p2a: Diancie|Moonblast|p1a: Gastrodon\n|-damage|p1a: Gastrodon|46\/100\n|-unboost|p1a: Gastrodon|spa|1\n|move|p1a: Gastrodon|Scald|p2a: Diancie\n|-supereffective|p2a: Diancie\n|-damage|p2a: Diancie|0 fnt\n|faint|p2a: Diancie\n|\n|upkeep\n|\n|switch|p2a: Gliscor|Gliscor, F|35\/100 tox\n|turn|19\n|\n|move|p2a: Gliscor|Earthquake|p1a: Gastrodon\n|-damage|p1a: Gastrodon|0 fnt\n|faint|p1a: Gastrodon\n|\n|-heal|p2a: Gliscor|47\/100 tox|[from] ability: Poison Heal\n|upkeep\n|\n|switch|p1a: Charizard|Charizard, F|87\/100\n|turn|20\n|\n|detailschange|p1a: Charizard|Charizard-Mega-X, F\n|-mega|p1a: Charizard|Charizard|Charizardite X\n|move|p1a: Charizard|Dragon Dance|p1a: Charizard\n|-boost|p1a: Charizard|atk|1\n|-boost|p1a: Charizard|spe|1\n|move|p2a: Gliscor|Facade|p1a: Charizard\n|-damage|p1a: Charizard|42\/100\n|\n|-heal|p2a: Gliscor|59\/100 tox|[from] ability: Poison Heal\n|upkeep\n|turn|21\n|\n|move|p1a: Charizard|Flare Blitz|p2a: Gliscor\n|-damage|p2a: Gliscor|0 fnt\n|-damage|p1a: Charizard|22\/100|[from] Recoil\n|faint|p2a: Gliscor\n|\n|upkeep\n|\n|switch|p2a: Darmanitan|Darmanitan-Galar, M|100\/100\n|turn|22\n|\n|move|p1a: Charizard|Flare Blitz|p2a: Darmanitan\n|-supereffective|p2a: Darmanitan\n|-damage|p2a: Darmanitan|0 fnt\n|-damage|p1a: Charizard|0 fnt|[from] Recoil\n|faint|p2a: Darmanitan\n|faint|p1a: Charizard\n|\n|upkeep\n|\n|switch|p1a: Bisharp|Bisharp, F|100\/100\n|switch|p2a: Hoopa|Hoopa-Unbound|100\/100\n|turn|23\n|\n|move|p2a: Hoopa|Hyperspace Fury|p1a: Bisharp\n|-resisted|p1a: Bisharp\n|-damage|p1a: Bisharp|57\/100\n|-unboost|p2a: Hoopa|def|1\n|move|p1a: Bisharp|Knock Off|p2a: Hoopa\n|-damage|p2a: Hoopa|0 fnt\n|-enditem|p2a: Hoopa|Choice Band|[from] move: Knock Off|[of] p1a: Bisharp\n|faint|p2a: Hoopa\n|\n|win|TestTubetrial\n|raw|TestTubetrial's rating: 1419 &rarr; <strong>1434<\/strong><br \/>(+15 for winning)\n|raw|mongwong's rating: 1344 &rarr; <strong>1328<\/strong><br \/>(-16 for losing)\n|l|\u2606mongwong\n|c|\u2606TestTubetrial|gg\n","uploadtime":1590988731,"views":0,"p1id":"testtubetrial","p2id":"mongwong","formatid":"gen8nationaldex","rating":1328,"private":0,"password":null}