{"id":"gen8bdspou-1488649896","p1":"Zeno.io","p2":"Hgfhhfghfff","format":"gen8bdspou","log":"|j|\u2606Zeno.io\n|j|\u2606Hgfhhfghfff\n|t:|1641795813\n|gametype|singles\n|player|p1|Zeno.io|102|1266\n|player|p2|Hgfhhfghfff|2|1280\n|teamsize|p1|6\n|teamsize|p2|6\n|gen|8\n|tier|[Gen 8 BDSP] OU\n|rated|\n|rule|Sleep Clause Mod: Limit one foe put to sleep\n|rule|Species Clause: Limit one of each Pok\u00e9mon\n|rule|OHKO Clause: OHKO moves are banned\n|rule|Evasion Moves Clause: Evasion moves are banned\n|rule|Endless Battle Clause: Forcing endless battles is banned\n|rule|HP Percentage Mod: HP is shown in percentages\n|clearpoke\n|poke|p1|Tyranitar, F|\n|poke|p1|Azelf|\n|poke|p1|Jumpluff, F|\n|poke|p1|Togekiss, F|\n|poke|p1|Slowbro, F|\n|poke|p1|Heatran, F|\n|poke|p2|Jirachi|\n|poke|p2|Tropius, M|\n|poke|p2|Azumarill, M|\n|poke|p2|Donphan, F|\n|poke|p2|Starmie|\n|poke|p2|Ursaring, F|\n|teampreview\n|inactive|Battle timer is ON: inactive players will automatically lose when time's up. (requested by Hgfhhfghfff)\n|\n|t:|1641795828\n|start\n|switch|p1a: Jumpluff|Jumpluff, F|100\/100\n|switch|p2a: Azumarill|Azumarill, M|100\/100\n|turn|1\n|\n|t:|1641795833\n|move|p1a: Jumpluff|Sleep Powder|p2a: Azumarill\n|-status|p2a: Azumarill|slp|[from] move: Sleep Powder\n|cant|p2a: Azumarill|slp\n|\n|upkeep\n|turn|2\n|\n|t:|1641795837\n|switch|p2a: Jirachi|Jirachi|100\/100\n|move|p1a: Jumpluff|Swords Dance|p1a: Jumpluff\n|-boost|p1a: Jumpluff|atk|2\n|\n|upkeep\n|turn|3\n|\n|t:|1641795849\n|switch|p1a: Heatran|Heatran, F|100\/100\n|move|p2a: Jirachi|Doom Desire|p1a: Heatran\n|-start|p2a: Jirachi|Doom Desire\n|\n|upkeep\n|turn|4\n|\n|t:|1641795859\n|move|p2a: Jirachi|U-turn|p1a: Heatran\n|-resisted|p1a: Heatran\n|-crit|p1a: Heatran\n|-damage|p1a: Heatran|97\/100\n|-status|p2a: Jirachi|brn|[from] ability: Flame Body|[of] p1a: Heatran\n|\n|t:|1641795863\n|switch|p2a: Starmie|Starmie|100\/100|[from]move: U-turn\n|move|p1a: Heatran|Magma Storm|p2a: Starmie\n|-resisted|p2a: Starmie\n|-damage|p2a: Starmie|66\/100\n|-activate|p2a: Starmie|move: Magma Storm|[of] p1a: Heatran\n|\n|-heal|p1a: Heatran|100\/100|[from] item: Leftovers\n|-damage|p2a: Starmie|54\/100|[from] move: Magma Storm|[partiallytrapped]\n|upkeep\n|turn|5\n|\n|t:|1641795878\n|move|p1a: Heatran|Protect|p1a: Heatran\n|-singleturn|p1a: Heatran|Protect\n|move|p2a: Starmie|Thunderbolt|p1a: Heatran\n|-activate|p1a: Heatran|move: Protect\n|\n|-end|p1a: Heatran|move: Doom Desire\n|-resisted|p1a: Heatran\n|-damage|p1a: Heatran|90\/100\n|-heal|p1a: Heatran|96\/100|[from] item: Leftovers\n|-damage|p2a: Starmie|42\/100|[from] move: Magma Storm|[partiallytrapped]\n|upkeep\n|turn|6\n|\n|t:|1641795894\n|move|p2a: Starmie|Hydro Pump|p1a: Heatran\n|-supereffective|p1a: Heatran\n|-damage|p1a: Heatran|0 fnt\n|faint|p1a: Heatran\n|-damage|p2a: Starmie|32\/100|[from] item: Life Orb\n|\n|-end|p2a: Starmie|Magma Storm|[partiallytrapped]|[silent]\n|upkeep\n|\n|t:|1641795899\n|switch|p1a: Azelf|Azelf|100\/100\n|turn|7\n|\n|t:|1641795909\n|switch|p2a: Donphan|Donphan, F|100\/100\n|move|p1a: Azelf|Shadow Ball|p2a: Donphan\n|-damage|p2a: Donphan|63\/100\n|-unboost|p2a: Donphan|spd|1\n|\n|-heal|p2a: Donphan|69\/100|[from] item: Leftovers\n|upkeep\n|turn|8\n|\n|t:|1641795929\n|switch|p2a: Jirachi|Jirachi|100\/100 brn\n|move|p1a: Azelf|Protect||[still]\n|-fail|p1a: Azelf\n|\n|-damage|p2a: Jirachi|94\/100 brn|[from] brn\n|upkeep\n|turn|9\n|\n|t:|1641795935\n|move|p1a: Azelf|Flamethrower|p2a: Jirachi\n|-supereffective|p2a: Jirachi\n|-damage|p2a: Jirachi|59\/100 brn\n|move|p2a: Jirachi|Doom Desire|p1a: Azelf\n|-start|p2a: Jirachi|Doom Desire\n|\n|-heal|p2a: Jirachi|65\/100 brn|[from] item: Leftovers\n|-damage|p2a: Jirachi|59\/100 brn|[from] brn\n|upkeep\n|turn|10\n|\n|t:|1641795946\n|switch|p2a: Ursaring|Ursaring, F|100\/100\n|move|p1a: Azelf|Flamethrower|p2a: Ursaring\n|-damage|p2a: Ursaring|60\/100\n|\n|-status|p2a: Ursaring|tox|[from] item: Toxic Orb\n|upkeep\n|turn|11\n|\n|t:|1641795962\n|switch|p1a: Slowbro|Slowbro, F|100\/100\n|switch|p2a: Azumarill|Azumarill, M|100\/100 slp\n|\n|-end|p1a: Slowbro|move: Doom Desire\n|-resisted|p1a: Slowbro\n|-damage|p1a: Slowbro|76\/100\n|-heal|p1a: Slowbro|82\/100|[from] item: Leftovers\n|upkeep\n|turn|12\n|\n|t:|1641795978\n|switch|p1a: Jumpluff|Jumpluff, F|100\/100\n|cant|p2a: Azumarill|slp\n|\n|upkeep\n|turn|13\n|\n|t:|1641795983\n|move|p1a: Jumpluff|Swords Dance|p1a: Jumpluff\n|-boost|p1a: Jumpluff|atk|2\n|-curestatus|p2a: Azumarill|slp|[msg]\n|move|p2a: Azumarill|Perish Song|p2a: Azumarill\n|-start|p1a: Jumpluff|perish3|[silent]\n|-start|p2a: Azumarill|perish3|[silent]\n|-fieldactivate|move: Perish Song\n|\n|-start|p1a: Jumpluff|perish3\n|-start|p2a: Azumarill|perish3\n|upkeep\n|turn|14\n|\n|t:|1641795991\n|switch|p2a: Tropius|Tropius, M|100\/100\n|move|p1a: Jumpluff|Acrobatics|p2a: Tropius\n|-supereffective|p2a: Tropius\n|-damage|p2a: Tropius|0 fnt\n|faint|p2a: Tropius\n|\n|-start|p1a: Jumpluff|perish2\n|upkeep\n|\n|t:|1641796002\n|switch|p2a: Starmie|Starmie|32\/100\n|turn|15\n|\n|t:|1641796009\n|move|p2a: Starmie|Thunderbolt|p1a: Jumpluff\n|-damage|p1a: Jumpluff|63\/100\n|-damage|p2a: Starmie|22\/100|[from] item: Life Orb\n|move|p1a: Jumpluff|Acrobatics|p2a: Starmie\n|-crit|p2a: Starmie\n|-damage|p2a: Starmie|0 fnt\n|faint|p2a: Starmie\n|\n|-start|p1a: Jumpluff|perish1\n|upkeep\n|\n|t:|1641796016\n|switch|p2a: Donphan|Donphan, F|69\/100\n|turn|16\n|\n|t:|1641796020\n|move|p1a: Jumpluff|Acrobatics|p2a: Donphan\n|-damage|p2a: Donphan|16\/100\n|move|p2a: Donphan|Stealth Rock|p1a: Jumpluff\n|-sidestart|p1: Zeno.io|move: Stealth Rock\n|\n|-heal|p2a: Donphan|22\/100|[from] item: Leftovers\n|-start|p1a: Jumpluff|perish0\n|upkeep\n|faint|p1a: Jumpluff\n|\n|t:|1641796047\n|switch|p1a: Slowbro|Slowbro, F|100\/100\n|-damage|p1a: Slowbro|88\/100|[from] Stealth Rock\n|turn|17\n|\n|t:|1641796052\n|switch|p2a: Jirachi|Jirachi|59\/100 brn\n|move|p1a: Slowbro|Scald|p2a: Jirachi\n|-damage|p2a: Jirachi|42\/100 brn\n|\n|-heal|p2a: Jirachi|48\/100 brn|[from] item: Leftovers\n|-heal|p1a: Slowbro|94\/100|[from] item: Leftovers\n|-damage|p2a: Jirachi|42\/100 brn|[from] brn\n|upkeep\n|turn|18\n|\n|t:|1641796058\n|move|p2a: Jirachi|Doom Desire|p1a: Slowbro\n|-start|p2a: Jirachi|Doom Desire\n|move|p1a: Slowbro|Future Sight|p2a: Jirachi\n|-start|p1a: Slowbro|move: Future Sight\n|\n|-heal|p2a: Jirachi|48\/100 brn|[from] item: Leftovers\n|-heal|p1a: Slowbro|99\/100|[from] item: Leftovers\n|-damage|p2a: Jirachi|42\/100 brn|[from] brn\n|upkeep\n|turn|19\n|\n|t:|1641796068\n|move|p2a: Jirachi|Psychic|p1a: Slowbro\n|-resisted|p1a: Slowbro\n|-damage|p1a: Slowbro|83\/100\n|move|p1a: Slowbro|Scald|p2a: Jirachi\n|-damage|p2a: Jirachi|23\/100 brn\n|\n|-heal|p2a: Jirachi|29\/100 brn|[from] item: Leftovers\n|-heal|p1a: Slowbro|90\/100|[from] item: Leftovers\n|-damage|p2a: Jirachi|23\/100 brn|[from] brn\n|upkeep\n|turn|20\n|\n|t:|1641796077\n|move|p2a: Jirachi|Healing Wish|p2a: Jirachi\n|faint|p2a: Jirachi\n|move|p1a: Slowbro|Scald|p2: Jirachi|[notarget]\n|-fail|p1a: Slowbro\n|\n|-hint|Future Sight did not hit because the target is fainted.\n|-end|p1a: Slowbro|move: Doom Desire\n|-resisted|p1a: Slowbro\n|-crit|p1a: Slowbro\n|-damage|p1a: Slowbro|49\/100\n|-heal|p1a: Slowbro|56\/100|[from] item: Leftovers\n|upkeep\n|\n|t:|1641796085\n|switch|p2a: Ursaring|Ursaring, F|60\/100 tox\n|-heal|p2a: Ursaring|100\/100|[from] move: Healing Wish\n|turn|21\n|\n|t:|1641796092\n|move|p2a: Ursaring|Swords Dance|p2a: Ursaring\n|-boost|p2a: Ursaring|atk|2\n|move|p1a: Slowbro|Scald|p2a: Ursaring\n|-damage|p2a: Ursaring|62\/100\n|\n|-heal|p1a: Slowbro|62\/100|[from] item: Leftovers\n|-status|p2a: Ursaring|tox|[from] item: Toxic Orb\n|upkeep\n|turn|22\n|\n|t:|1641796104\n|move|p2a: Ursaring|Facade|p1a: Slowbro\n|-damage|p1a: Slowbro|0 fnt\n|faint|p1a: Slowbro\n|\n|-damage|p2a: Ursaring|56\/100 tox|[from] psn\n|upkeep\n|\n|t:|1641796108\n|switch|p1a: Azelf|Azelf|100\/100\n|-damage|p1a: Azelf|88\/100|[from] Stealth Rock\n|turn|23\n|\n|t:|1641796121\n|move|p1a: Azelf|Protect|p1a: Azelf\n|-singleturn|p1a: Azelf|Protect\n|move|p2a: Ursaring|Facade|p1a: Azelf\n|-activate|p1a: Azelf|move: Protect\n|\n|-heal|p1a: Azelf|94\/100|[from] item: Leftovers\n|-damage|p2a: Ursaring|43\/100 tox|[from] psn\n|upkeep\n|turn|24\n|\n|t:|1641796150\n|switch|p1a: Togekiss|Togekiss, F|100\/100\n|-damage|p1a: Togekiss|76\/100|[from] Stealth Rock\n|move|p2a: Ursaring|Facade|p1a: Togekiss\n|-damage|p1a: Togekiss|0 fnt\n|faint|p1a: Togekiss\n|\n|-damage|p2a: Ursaring|25\/100 tox|[from] psn\n|upkeep\n|\n|t:|1641796158\n|switch|p1a: Azelf|Azelf|94\/100\n|-damage|p1a: Azelf|82\/100|[from] Stealth Rock\n|turn|25\n|\n|t:|1641796162\n|switch|p2a: Donphan|Donphan, F|22\/100\n|move|p1a: Azelf|Protect||[still]\n|-fail|p1a: Azelf\n|\n|-heal|p1a: Azelf|88\/100|[from] item: Leftovers\n|-heal|p2a: Donphan|28\/100|[from] item: Leftovers\n|upkeep\n|turn|26\n|\n|t:|1641796167\n|move|p2a: Donphan|Ice Shard|p1a: Azelf\n|-damage|p1a: Azelf|67\/100\n|move|p1a: Azelf|Shadow Ball|p2a: Donphan\n|-damage|p2a: Donphan|0 fnt\n|faint|p2a: Donphan\n|\n|-heal|p1a: Azelf|73\/100|[from] item: Leftovers\n|upkeep\n|\n|t:|1641796173\n|switch|p2a: Azumarill|Azumarill, M|100\/100\n|turn|27\n|\n|t:|1641796178\n|move|p1a: Azelf|Thunderbolt|p2a: Azumarill\n|-supereffective|p2a: Azumarill\n|-damage|p2a: Azumarill|36\/100\n|move|p2a: Azumarill|Waterfall|p1a: Azelf\n|-damage|p1a: Azelf|0 fnt\n|faint|p1a: Azelf\n|\n|-heal|p2a: Azumarill|43\/100|[from] item: Leftovers\n|upkeep\n|\n|t:|1641796182\n|switch|p1a: T-Rex|Tyranitar, F|100\/100\n|-damage|p1a: T-Rex|88\/100|[from] Stealth Rock\n|-weather|Sandstorm|[from] ability: Sand Stream|[of] p1a: T-Rex\n|turn|28\n|\n|t:|1641796189\n|move|p2a: Azumarill|Aqua Jet|p1a: T-Rex\n|-supereffective|p1a: T-Rex\n|-damage|p1a: T-Rex|39\/100\n|move|p1a: T-Rex|Thunder|p2a: Azumarill\n|-supereffective|p2a: Azumarill\n|-damage|p2a: Azumarill|0 fnt\n|faint|p2a: Azumarill\n|\n|-weather|Sandstorm|[upkeep]\n|upkeep\n|\n|t:|1641796196\n|switch|p2a: Ursaring|Ursaring, F|25\/100 tox\n|turn|29\n|\n|t:|1641796199\n|move|p2a: Ursaring|Earthquake|p1a: T-Rex\n|-supereffective|p1a: T-Rex\n|-enditem|p1a: T-Rex|Shuca Berry|[eat]\n|-enditem|p1a: T-Rex|Shuca Berry|[weaken]\n|-damage|p1a: T-Rex|4\/100\n|move|p1a: T-Rex|Crunch|p2a: Ursaring\n|-damage|p2a: Ursaring|0 fnt\n|faint|p2a: Ursaring\n|\n|win|Zeno.io\n|raw|Zeno.io's rating: 1266 &rarr; <strong>1292<\/strong><br \/>(+26 for winning)\n|raw|Hgfhhfghfff's rating: 1280 &rarr; <strong>1254<\/strong><br \/>(-26 for losing)\n|l|\u2606Hgfhhfghfff\n","uploadtime":1641796214,"views":6,"p1id":"zenoio","p2id":"hgfhhfghfff","formatid":"gen8bdspou","rating":1254,"private":0,"password":null}