{"id":"gen8ou-1687828483","p1":"dracaufeu shiny","p2":"Cylls","format":"gen8ou","log":"|html|<div class=\"broadcast-blue\"><strong>[Gen 8] OU is currently suspecting Melmetal! For information on how to participate check out the <a href=\"https:\/\/www.smogon.com\/forums\/threads\/np-ss-ou-suspect-process-round-12-monster-mash.3709234\/\">suspect thread<\/a>.<\/strong><\/div>\n|j|\u2606dracaufeu shiny\n|j|\u203dCylls\n|t:|1666011887\n|gametype|singles\n|player|p1|dracaufeu shiny|red|1688\n|player|p2|Cylls|worker|1696\n|teamsize|p1|6\n|teamsize|p2|6\n|gen|8\n|tier|[Gen 8] OU\n|rated|\n|rule|Sleep Clause Mod: Limit one foe put to sleep\n|rule|Species Clause: Limit one of each Pok\u00e9mon\n|rule|OHKO Clause: OHKO moves are banned\n|rule|Evasion Items Clause: Evasion items are banned\n|rule|Evasion Moves Clause: Evasion moves are banned\n|rule|Endless Battle Clause: Forcing endless battles is banned\n|rule|HP Percentage Mod: HP is shown in percentages\n|rule|Dynamax Clause: You cannot dynamax\n|clearpoke\n|poke|p1|Pelipper, M|\n|poke|p1|Tyranitar, M|\n|poke|p1|Ferrothorn, M|\n|poke|p1|Zapdos|\n|poke|p1|Urshifu-*, M|\n|poke|p1|Excadrill, F|\n|poke|p2|Reuniclus, M|\n|poke|p2|Runerigus, M|\n|poke|p2|Zapdos-Galar|\n|poke|p2|Stakataka|\n|poke|p2|Rillaboom, M|\n|poke|p2|Nidoking, M|\n|teampreview\n|inactive|Battle timer is ON: inactive players will automatically lose when time's up. (requested by Cylls)\n|\n|t:|1666011895\n|start\n|switch|p1a: Tyranitar|Tyranitar, M|100\/100\n|switch|p2a: Runerigus|Runerigus, M|100\/100\n|-weather|Sandstorm|[from] ability: Sand Stream|[of] p1a: Tyranitar\n|turn|1\n|\n|t:|1666011902\n|move|p1a: Tyranitar|Crunch|p2a: Runerigus\n|-supereffective|p2a: Runerigus\n|-enditem|p2a: Runerigus|Focus Sash\n|-damage|p2a: Runerigus|1\/100\n|-activate|p2a: Runerigus|ability: Wandering Spirit|Sand Stream|Wandering Spirit|[of] p1a: Tyranitar\n|move|p2a: Runerigus|Trick Room|p2a: Runerigus\n|-fieldstart|move: Trick Room|[of] p2a: Runerigus\n|\n|-weather|Sandstorm|[upkeep]\n|upkeep\n|turn|2\n|\n|t:|1666011909\n|switch|p1a: Ferrothorn|Ferrothorn, M|100\/100\n|move|p2a: Runerigus|Stealth Rock|p1a: Ferrothorn\n|-sidestart|p1: dracaufeu shiny|move: Stealth Rock\n|\n|-weather|Sandstorm|[upkeep]\n|upkeep\n|turn|3\n|\n|t:|1666011915\n|move|p2a: Runerigus|Poltergeist|p1a: Ferrothorn\n|-activate|p1a: Ferrothorn|move: Poltergeist|Leftovers\n|-damage|p1a: Ferrothorn|70\/100\n|move|p1a: Ferrothorn|Stealth Rock|p2a: Runerigus\n|-sidestart|p2: Cylls|move: Stealth Rock\n|\n|-weather|Sandstorm|[upkeep]\n|-heal|p1a: Ferrothorn|76\/100|[from] item: Leftovers\n|upkeep\n|turn|4\n|\n|t:|1666011922\n|move|p2a: Runerigus|Poltergeist|p1a: Ferrothorn\n|-activate|p1a: Ferrothorn|move: Poltergeist|Leftovers\n|-damage|p1a: Ferrothorn|46\/100\n|move|p1a: Ferrothorn|Leech Seed|p2a: Runerigus\n|-start|p2a: Runerigus|move: Leech Seed\n|\n|-weather|Sandstorm|[upkeep]\n|-heal|p1a: Ferrothorn|52\/100|[from] item: Leftovers\n|-damage|p2a: Runerigus|0 fnt|[from] Leech Seed|[of] p1a: Ferrothorn\n|-heal|p1a: Ferrothorn|52\/100|[silent]\n|faint|p2a: Runerigus\n|upkeep\n|\n|t:|1666011933\n|switch|p2a: Reuniclus|Reuniclus, M, shiny|100\/100\n|turn|5\n|\n|t:|1666011942\n|move|p2a: Reuniclus|Focus Blast|p1a: Ferrothorn|[miss]\n|-miss|p2a: Reuniclus|p1a: Ferrothorn\n|move|p1a: Ferrothorn|Knock Off|p2a: Reuniclus\n|-supereffective|p2a: Reuniclus\n|-damage|p2a: Reuniclus|59\/100\n|-enditem|p2a: Reuniclus|Weakness Policy\n|-boost|p2a: Reuniclus|atk|2|[from] item: Weakness Policy\n|-boost|p2a: Reuniclus|spa|2|[from] item: Weakness Policy\n|\n|-weather|none\n|-heal|p1a: Ferrothorn|59\/100|[from] item: Leftovers\n|-fieldend|move: Trick Room\n|upkeep\n|turn|6\n|\n|t:|1666011954\n|move|p1a: Ferrothorn|Leech Seed|p2a: Reuniclus\n|-start|p2a: Reuniclus|move: Leech Seed\n|move|p2a: Reuniclus|Trick Room|p2a: Reuniclus\n|-fieldstart|move: Trick Room|[of] p2a: Reuniclus\n|\n|-heal|p1a: Ferrothorn|65\/100|[from] item: Leftovers\n|upkeep\n|turn|7\n|\n|t:|1666011960\n|switch|p1a: Zapdos|Zapdos|100\/100\n|move|p2a: Reuniclus|Focus Blast|p1a: Zapdos\n|-resisted|p1a: Zapdos\n|-damage|p1a: Zapdos|57\/100\n|\n|upkeep\n|turn|8\n|\n|t:|1666011967\n|switch|p1a: Tyranitar|Tyranitar, M|100\/100\n|-damage|p1a: Tyranitar|88\/100|[from] Stealth Rock\n|-weather|Sandstorm|[from] ability: Sand Stream|[of] p1a: Tyranitar\n|move|p2a: Reuniclus|Focus Blast|p1a: Tyranitar\n|-supereffective|p1a: Tyranitar\n|-damage|p1a: Tyranitar|0 fnt\n|faint|p1a: Tyranitar\n|\n|-weather|Sandstorm|[upkeep]\n|upkeep\n|\n|t:|1666011973\n|switch|p1a: Pelipper|Pelipper, M|100\/100\n|-damage|p1a: Pelipper|76\/100|[from] Stealth Rock\n|-weather|RainDance|[from] ability: Drizzle|[of] p1a: Pelipper\n|turn|9\n|\n|t:|1666011981\n|switch|p1a: Ferrothorn|Ferrothorn, M|65\/100\n|-damage|p1a: Ferrothorn|59\/100|[from] Stealth Rock\n|move|p2a: Reuniclus|Psychic|p1a: Ferrothorn\n|-resisted|p1a: Ferrothorn\n|-damage|p1a: Ferrothorn|16\/100\n|\n|-weather|RainDance|[upkeep]\n|-heal|p1a: Ferrothorn|22\/100|[from] item: Leftovers\n|upkeep\n|turn|10\n|inactive|Cylls has 120 seconds left.\n|\n|t:|1666012018\n|move|p2a: Reuniclus|Psychic|p1a: Ferrothorn\n|-resisted|p1a: Ferrothorn\n|-damage|p1a: Ferrothorn|0 fnt\n|faint|p1a: Ferrothorn\n|\n|-weather|RainDance|[upkeep]\n|-fieldend|move: Trick Room\n|upkeep\n|\n|t:|1666012025\n|switch|p1a: Urshifu|Urshifu-Rapid-Strike, M|100\/100\n|-damage|p1a: Urshifu|94\/100|[from] Stealth Rock\n|turn|11\n|\n|t:|1666012029\n|switch|p2a: Rillaboom|Rillaboom, M|100\/100\n|-damage|p2a: Rillaboom|88\/100|[from] Stealth Rock\n|-fieldstart|move: Grassy Terrain|[from] ability: Grassy Surge|[of] p2a: Rillaboom\n|move|p1a: Urshifu|Surging Strikes|p2a: Rillaboom\n|-resisted|p2a: Rillaboom\n|-crit|p2a: Rillaboom\n|-damage|p2a: Rillaboom|75\/100\n|-resisted|p2a: Rillaboom\n|-crit|p2a: Rillaboom\n|-damage|p2a: Rillaboom|62\/100\n|-resisted|p2a: Rillaboom\n|-crit|p2a: Rillaboom\n|-damage|p2a: Rillaboom|48\/100\n|-hitcount|p2a: Rillaboom|3\n|\n|-weather|RainDance|[upkeep]\n|-heal|p1a: Urshifu|100\/100|[from] Grassy Terrain\n|-heal|p2a: Rillaboom|54\/100|[from] Grassy Terrain\n|upkeep\n|turn|12\n|\n|t:|1666012045\n|switch|p1a: Zapdos|Zapdos|57\/100\n|move|p2a: Rillaboom|Knock Off|p1a: Zapdos\n|-damage|p1a: Zapdos|14\/100\n|-status|p2a: Rillaboom|par|[from] ability: Static|[of] p1a: Zapdos\n|-enditem|p1a: Zapdos|Heavy-Duty Boots|[from] move: Knock Off|[of] p2a: Rillaboom\n|\n|-weather|RainDance|[upkeep]\n|-heal|p2a: Rillaboom|60\/100 par|[from] Grassy Terrain\n|upkeep\n|turn|13\n|\n|t:|1666012059\n|switch|p2a: Nidoking|Nidoking, M|100\/100\n|-damage|p2a: Nidoking|94\/100|[from] Stealth Rock\n|move|p1a: Zapdos|Roost|p1a: Zapdos\n|-heal|p1a: Zapdos|64\/100\n|-singleturn|p1a: Zapdos|move: Roost\n|\n|-weather|none\n|-heal|p1a: Zapdos|70\/100|[from] Grassy Terrain\n|-heal|p2a: Nidoking|100\/100|[from] Grassy Terrain\n|upkeep\n|turn|14\n|inactive|Cylls has 120 seconds left.\n|\n|t:|1666012075\n|switch|p1a: Excadrill|Excadrill, F|100\/100\n|-damage|p1a: Excadrill|97\/100|[from] Stealth Rock\n|move|p2a: Nidoking|Sludge Wave|p1a: Excadrill\n|-immune|p1a: Excadrill\n|\n|-heal|p1a: Excadrill|100\/100|[from] Grassy Terrain\n|upkeep\n|turn|15\n|\n|t:|1666012083\n|move|p1a: Excadrill|Rapid Spin|p2a: Nidoking\n|-damage|p2a: Nidoking|79\/100\n|-boost|p1a: Excadrill|spe|1\n|-sideend|p1: dracaufeu shiny|Stealth Rock|[from] move: Rapid Spin|[of] p1a: Excadrill\n|move|p2a: Nidoking|Flamethrower|p1a: Excadrill\n|-supereffective|p1a: Excadrill\n|-damage|p1a: Excadrill|0 fnt\n|faint|p1a: Excadrill\n|\n|-heal|p2a: Nidoking|85\/100|[from] Grassy Terrain\n|-fieldend|move: Grassy Terrain\n|upkeep\n|\n|t:|1666012089\n|switch|p1a: Urshifu|Urshifu-Rapid-Strike, M|100\/100\n|turn|16\n|\n|t:|1666012096\n|move|p1a: Urshifu|Surging Strikes|p2a: Nidoking\n|-supereffective|p2a: Nidoking\n|-crit|p2a: Nidoking\n|-damage|p2a: Nidoking|40\/100\n|-supereffective|p2a: Nidoking\n|-crit|p2a: Nidoking\n|-damage|p2a: Nidoking|0 fnt\n|faint|p2a: Nidoking\n|-hitcount|p2: Nidoking|2\n|\n|upkeep\n|\n|t:|1666012108\n|switch|p2a: Rillaboom|Rillaboom, M|60\/100 par\n|-damage|p2a: Rillaboom|48\/100 par|[from] Stealth Rock\n|-fieldstart|move: Grassy Terrain|[from] ability: Grassy Surge|[of] p2a: Rillaboom\n|turn|17\n|\n|t:|1666012114\n|switch|p1a: Zapdos|Zapdos|70\/100\n|cant|p2a: Rillaboom|par\n|\n|-heal|p2a: Rillaboom|54\/100 par|[from] Grassy Terrain\n|upkeep\n|turn|18\n|\n|t:|1666012121\n|move|p1a: Zapdos|Hurricane|p2a: Rillaboom|[miss]\n|-miss|p1a: Zapdos|p2a: Rillaboom\n|cant|p2a: Rillaboom|par\n|\n|-heal|p2a: Rillaboom|60\/100 par|[from] Grassy Terrain\n|upkeep\n|turn|19\n|\n|t:|1666012127\n|move|p1a: Zapdos|Hurricane|p2a: Rillaboom\n|-supereffective|p2a: Rillaboom\n|-damage|p2a: Rillaboom|0 fnt\n|faint|p2a: Rillaboom\n|\n|upkeep\n|\n|t:|1666012131\n|switch|p2a: Stakataka|Stakataka|100\/100\n|-damage|p2a: Stakataka|94\/100|[from] Stealth Rock\n|-item|p2a: Stakataka|Air Balloon\n|turn|20\n|\n|t:|1666012138\n|move|p1a: Zapdos|Volt Switch|p2a: Stakataka\n|-damage|p2a: Stakataka|64\/100\n|-enditem|p2a: Stakataka|Air Balloon\n|\n|t:|1666012142\n|switch|p1a: Pelipper|Pelipper, M|76\/100|[from]move: Volt Switch\n|-weather|RainDance|[from] ability: Drizzle|[of] p1a: Pelipper\n|move|p2a: Stakataka|Trick Room|p2a: Stakataka\n|-fieldstart|move: Trick Room|[of] p2a: Stakataka\n|\n|-weather|RainDance|[upkeep]\n|-heal|p2a: Stakataka|70\/100|[from] Grassy Terrain\n|upkeep\n|turn|21\n|\n|t:|1666012151\n|move|p2a: Stakataka|Stone Edge|p1a: Pelipper|[miss]\n|-miss|p2a: Stakataka|p1a: Pelipper\n|move|p1a: Pelipper|Weather Ball|p2a: Stakataka\n|-supereffective|p2a: Stakataka\n|-damage|p2a: Stakataka|0 fnt\n|faint|p2a: Stakataka\n|\n|-weather|RainDance|[upkeep]\n|-fieldend|move: Grassy Terrain\n|upkeep\n|\n|t:|1666012159\n|switch|p2a: Reuniclus|Reuniclus, M, shiny|59\/100\n|turn|22\n|\n|t:|1666012163\n|move|p2a: Reuniclus|Psychic|p1a: Pelipper\n|-damage|p1a: Pelipper|0 fnt\n|faint|p1a: Pelipper\n|\n|-weather|RainDance|[upkeep]\n|upkeep\n|\n|t:|1666012166\n|switch|p1a: Zapdos|Zapdos|70\/100\n|turn|23\n|\n|t:|1666012173\n|move|p2a: Reuniclus|Psychic|p1a: Zapdos\n|-damage|p1a: Zapdos|20\/100\n|move|p1a: Zapdos|Hurricane|p2a: Reuniclus\n|-damage|p2a: Reuniclus|18\/100\n|\n|-weather|RainDance|[upkeep]\n|upkeep\n|turn|24\n|\n|t:|1666012179\n|move|p2a: Reuniclus|Psychic|p1a: Zapdos\n|-damage|p1a: Zapdos|0 fnt\n|faint|p1a: Zapdos\n|\n|-weather|none\n|-fieldend|move: Trick Room\n|upkeep\n|\n|t:|1666012182\n|switch|p1a: Urshifu|Urshifu-Rapid-Strike, M|100\/100\n|turn|25\n|\n|t:|1666012187\n|move|p1a: Urshifu|Ice Punch|p2a: Reuniclus\n|-crit|p2a: Reuniclus\n|-damage|p2a: Reuniclus|0 fnt\n|faint|p2a: Reuniclus\n|\n|upkeep\n|\n|t:|1666012191\n|switch|p2a: Zapdos|Zapdos-Galar|100\/100\n|-damage|p2a: Zapdos|88\/100|[from] Stealth Rock\n|turn|26\n|\n|t:|1666012195\n|move|p2a: Zapdos|Brave Bird|p1a: Urshifu\n|-supereffective|p1a: Urshifu\n|-damage|p1a: Urshifu|0 fnt\n|faint|p1a: Urshifu\n|-damage|p2a: Zapdos|53\/100|[from] Recoil\n|\n|win|Cylls\n|raw|dracaufeu shiny's rating: 1688 &rarr; <strong>1668<\/strong><br \/>(-20 for losing)\n|raw|Cylls's rating: 1696 &rarr; <strong>1716<\/strong><br \/>(+20 for winning)\n","uploadtime":1666012204,"views":9,"p1id":"dracaufeushiny","p2id":"cylls","formatid":"gen8ou","rating":1668,"private":0,"password":null}