{"id":"gen8ou-1661142888","p1":"minimax_ai","p2":"Daevank5","format":"gen8ou","log":"|j|\u2606minimax_ai\n|j|\u2606Daevank5\n|t:|1662847986\n|gametype|singles\n|player|p1|minimax_ai|lusamine-nihilego|1766\n|player|p2|Daevank5|workerice|1791\n|teamsize|p1|6\n|teamsize|p2|6\n|gen|8\n|tier|[Gen 8] OU\n|rated|\n|rule|Sleep Clause Mod: Limit one foe put to sleep\n|rule|Species Clause: Limit one of each Pok\u00e9mon\n|rule|OHKO Clause: OHKO moves are banned\n|rule|Evasion Items Clause: Evasion items are banned\n|rule|Evasion Moves Clause: Evasion moves are banned\n|rule|Endless Battle Clause: Forcing endless battles is banned\n|rule|HP Percentage Mod: HP is shown in percentages\n|rule|Dynamax Clause: You cannot dynamax\n|clearpoke\n|poke|p1|Rotom-Wash|\n|poke|p1|Weavile, M|\n|poke|p1|Landorus-Therian, M|\n|poke|p1|Heatran, M|\n|poke|p1|Tangrowth, M|\n|poke|p1|Melmetal|\n|poke|p2|Reuniclus, M|\n|poke|p2|Buzzwole|\n|poke|p2|Toxapex, M|\n|poke|p2|Landorus-Therian, M|\n|poke|p2|Heatran, M|\n|poke|p2|Tapu Koko|\n|teampreview\n|c|\u2606minimax_ai|hf\n|inactive|Battle timer is ON: inactive players will automatically lose when time's up. (requested by minimax_ai)\n|j| Llqht\n|j| 3rsy\n|inactive|Daevank5 has 120 seconds left.\n|j| kolpit\n|j| Goomeyytest\n|\n|t:|1662848044\n|start\n|switch|p1a: landorustherian|Landorus-Therian, M|100\/100\n|switch|p2a: Heatran|Heatran, M|100\/100\n|-ability|p1a: landorustherian|Intimidate|boost\n|-unboost|p2a: Heatran|atk|1\n|turn|1\n|\n|t:|1662848047\n|switch|p1a: rotomwash|Rotom-Wash|100\/100\n|switch|p2a: Landorus|Landorus-Therian, M|100\/100\n|-ability|p2a: Landorus|Intimidate|boost\n|-unboost|p1a: rotomwash|atk|1\n|\n|upkeep\n|turn|2\n|\n|t:|1662848053\n|switch|p2a: Toxapex|Toxapex, M|100\/100\n|move|p1a: rotomwash|Hydro Pump|p2a: Toxapex\n|-resisted|p2a: Toxapex\n|-damage|p2a: Toxapex|87\/100\n|\n|-heal|p2a: Toxapex|93\/100|[from] item: Black Sludge\n|upkeep\n|turn|3\n|l| 3rsy\n|\n|t:|1662848057\n|move|p1a: rotomwash|Nasty Plot|p1a: rotomwash\n|-boost|p1a: rotomwash|spa|2\n|move|p2a: Toxapex|Knock Off|p1a: rotomwash\n|-damage|p1a: rotomwash|83\/100\n|-enditem|p1a: rotomwash|Leftovers|[from] move: Knock Off|[of] p2a: Toxapex\n|\n|-heal|p2a: Toxapex|99\/100|[from] item: Black Sludge\n|upkeep\n|turn|4\n|\n|t:|1662848064\n|move|p1a: rotomwash|Pain Split|p2a: Toxapex\n|-sethp|p2a: Toxapex|91\/100|[from] move: Pain Split|[silent]\n|-sethp|p1a: rotomwash|91\/100|[from] move: Pain Split\n|move|p2a: Toxapex|Haze|p2a: Toxapex\n|-clearallboost\n|\n|-heal|p2a: Toxapex|97\/100|[from] item: Black Sludge\n|upkeep\n|turn|5\n|\n|t:|1662848081\n|switch|p2a: Reuniclus|Reuniclus, M|100\/100\n|move|p1a: rotomwash|Nasty Plot|p1a: rotomwash\n|-boost|p1a: rotomwash|spa|2\n|\n|upkeep\n|turn|6\n|\n|t:|1662848083\n|move|p1a: rotomwash|Hydro Pump|p2a: Reuniclus\n|-damage|p2a: Reuniclus|16\/100\n|move|p2a: Reuniclus|Calm Mind|p2a: Reuniclus\n|-boost|p2a: Reuniclus|spa|1\n|-boost|p2a: Reuniclus|spd|1\n|\n|upkeep\n|turn|7\n|\n|t:|1662848087\n|move|p1a: rotomwash|Hydro Pump|p2a: Reuniclus\n|-damage|p2a: Reuniclus|0 fnt\n|faint|p2a: Reuniclus\n|\n|upkeep\n|\n|t:|1662848092\n|switch|p2a: Tapu Koko|Tapu Koko|100\/100\n|-fieldstart|move: Electric Terrain|[from] ability: Electric Surge|[of] p2a: Tapu Koko\n|turn|8\n|\n|t:|1662848096\n|move|p2a: Tapu Koko|Dazzling Gleam|p1a: rotomwash\n|-crit|p1a: rotomwash\n|-damage|p1a: rotomwash|42\/100\n|move|p1a: rotomwash|Pain Split|p2a: Tapu Koko\n|-sethp|p2a: Tapu Koko|73\/100|[from] move: Pain Split|[silent]\n|-sethp|p1a: rotomwash|67\/100|[from] move: Pain Split\n|\n|upkeep\n|turn|9\n|\n|t:|1662848099\n|move|p2a: Tapu Koko|Thunderbolt|p1a: rotomwash\n|-damage|p1a: rotomwash|20\/100\n|move|p1a: rotomwash|Pain Split|p2a: Tapu Koko\n|-sethp|p2a: Tapu Koko|47\/100|[from] move: Pain Split|[silent]\n|-sethp|p1a: rotomwash|43\/100|[from] move: Pain Split\n|\n|upkeep\n|turn|10\n|\n|t:|1662848104\n|switch|p1a: landorustherian|Landorus-Therian, M|100\/100\n|-ability|p1a: landorustherian|Intimidate|boost\n|-unboost|p2a: Tapu Koko|atk|1\n|move|p2a: Tapu Koko|Roost|p2a: Tapu Koko\n|-heal|p2a: Tapu Koko|97\/100\n|-singleturn|p2a: Tapu Koko|move: Roost\n|\n|upkeep\n|turn|11\n|\n|t:|1662848108\n|move|p2a: Tapu Koko|Dazzling Gleam|p1a: landorustherian\n|-damage|p1a: landorustherian|77\/100\n|move|p1a: landorustherian|Toxic|p2a: Tapu Koko\n|-status|p2a: Tapu Koko|tox\n|\n|-heal|p1a: landorustherian|83\/100|[from] item: Leftovers\n|-damage|p2a: Tapu Koko|91\/100 tox|[from] psn\n|upkeep\n|turn|12\n|\n|t:|1662848110\n|move|p2a: Tapu Koko|U-turn|p1a: landorustherian\n|-resisted|p1a: landorustherian\n|-damage|p1a: landorustherian|78\/100\n|l| Goomeyytest\n|\n|t:|1662848113\n|switch|p2a: Landorus|Landorus-Therian, M|100\/100|[from]move: U-turn\n|-ability|p2a: Landorus|Intimidate|boost\n|-unboost|p1a: landorustherian|atk|1\n|move|p1a: landorustherian|Toxic|p2a: Landorus\n|-status|p2a: Landorus|tox\n|\n|-heal|p1a: landorustherian|84\/100|[from] item: Leftovers\n|-damage|p2a: Landorus|94\/100 tox|[from] psn\n|-fieldend|move: Electric Terrain\n|upkeep\n|turn|13\n|-message|Daevank5 forfeited.\n|\n|win|minimax_ai\n|raw|minimax_ai's rating: 1766 &rarr; <strong>1787<\/strong><br \/>(+21 for winning)\n|raw|Daevank5's rating: 1791 &rarr; <strong>1770<\/strong><br \/>(-21 for losing)\n|c|\u2606minimax_ai|gg\n|l|\u2606Daevank5\n","uploadtime":1662848118,"views":26,"p1id":"minimaxai","p2id":"daevank5","formatid":"gen8ou","rating":1770,"private":0,"password":null}