{"id":"gen8ou-1662958249","p1":"Diameter\u272fXtreme","p2":"minimax_ai","format":"gen8ou","log":"|j|\u2606Diameter\u272fXtreme\n|j|\u2606minimax_ai\n|t:|1663041879\n|gametype|singles\n|player|p1|Diameter\u272fXtreme|twins-gen4|1530\n|player|p2|minimax_ai|lusamine-nihilego|1611\n|teamsize|p1|6\n|teamsize|p2|6\n|gen|8\n|tier|[Gen 8] OU\n|rated|\n|rule|Sleep Clause Mod: Limit one foe put to sleep\n|rule|Species Clause: Limit one of each Pok\u00e9mon\n|rule|OHKO Clause: OHKO moves are banned\n|rule|Evasion Items Clause: Evasion items are banned\n|rule|Evasion Moves Clause: Evasion moves are banned\n|rule|Endless Battle Clause: Forcing endless battles is banned\n|rule|HP Percentage Mod: HP is shown in percentages\n|rule|Dynamax Clause: You cannot dynamax\n|clearpoke\n|poke|p1|Melmetal|\n|poke|p1|Zeraora|\n|poke|p1|Tapu Lele|\n|poke|p1|Blissey, F|\n|poke|p1|Dragonite, M|\n|poke|p1|Clefable, F|\n|poke|p2|Rotom-Wash|\n|poke|p2|Weavile, F|\n|poke|p2|Landorus-Therian, M|\n|poke|p2|Heatran, M|\n|poke|p2|Tangrowth, M|\n|poke|p2|Melmetal|\n|teampreview\n|c|\u2606minimax_ai|hf\n|inactive|Battle timer is ON: inactive players will automatically lose when time's up. (requested by minimax_ai)\n|c|\u2606Diameter\u272fXtreme|u2\n|\n|t:|1663041890\n|start\n|switch|p1a: Tapu Lele|Tapu Lele|100\/100\n|switch|p2a: Melmetal|Melmetal|100\/100\n|-fieldstart|move: Psychic Terrain|[from] ability: Psychic Surge|[of] p1a: Tapu Lele\n|turn|1\n|\n|t:|1663041892\n|move|p1a: Tapu Lele|Focus Blast|p2a: Melmetal\n|-supereffective|p2a: Melmetal\n|-damage|p2a: Melmetal|29\/100\n|move|p2a: Melmetal|Double Iron Bash|p1a: Tapu Lele\n|-supereffective|p1a: Tapu Lele\n|-damage|p1a: Tapu Lele|0 fnt\n|faint|p1a: Tapu Lele\n|-hitcount|p1: Tapu Lele|1\n|\n|upkeep\n|\n|t:|1663041895\n|switch|p1a: Zeraora|Zeraora|100\/100\n|turn|2\n|\n|t:|1663041898\n|switch|p2a: landorustherian|Landorus-Therian, M|100\/100\n|-ability|p2a: landorustherian|Intimidate|boost\n|-unboost|p1a: Zeraora|atk|1\n|move|p1a: Zeraora|Knock Off|p2a: landorustherian\n|-damage|p2a: landorustherian|81\/100\n|-enditem|p2a: landorustherian|Leftovers|[from] move: Knock Off|[of] p1a: Zeraora\n|\n|upkeep\n|turn|3\n|\n|t:|1663041901\n|switch|p1a: Clefable|Clefable, F|100\/100\n|move|p2a: landorustherian|Toxic|p1a: Clefable\n|-status|p1a: Clefable|tox\n|\n|-damage|p1a: Clefable|94\/100 tox|[from] psn\n|upkeep\n|turn|4\n|\n|t:|1663041904\n|switch|p2a: Heatran|Heatran, M|100\/100\n|-item|p2a: Heatran|Air Balloon\n|move|p1a: Clefable|Heal Bell|p1a: Clefable\n|-activate|p1a: Clefable|move: Heal Bell\n|-curestatus|p1a: Clefable|tox|[msg]\n|\n|-heal|p1a: Clefable|100\/100|[from] item: Leftovers\n|upkeep\n|turn|5\n|\n|t:|1663041906\n|move|p2a: Heatran|Magma Storm|p1a: Clefable\n|-damage|p1a: Clefable|51\/100\n|-activate|p1a: Clefable|move: Magma Storm|[of] p2a: Heatran\n|move|p1a: Clefable|Moonblast|p2a: Heatran\n|-resisted|p2a: Heatran\n|-damage|p2a: Heatran|93\/100\n|-enditem|p2a: Heatran|Air Balloon\n|\n|-heal|p1a: Clefable|57\/100|[from] item: Leftovers\n|-damage|p1a: Clefable|45\/100|[from] move: Magma Storm|[partiallytrapped]\n|-fieldend|move: Psychic Terrain\n|upkeep\n|turn|6\n|\n|t:|1663041909\n|move|p2a: Heatran|Stealth Rock|p1a: Clefable\n|-sidestart|p1: Diameter\u272fXtreme|move: Stealth Rock\n|move|p1a: Clefable|Soft-Boiled|p1a: Clefable\n|-heal|p1a: Clefable|95\/100\n|\n|-heal|p1a: Clefable|100\/100|[from] item: Leftovers\n|-damage|p1a: Clefable|88\/100|[from] move: Magma Storm|[partiallytrapped]\n|upkeep\n|turn|7\n|\n|t:|1663041911\n|move|p2a: Heatran|Magma Storm|p1a: Clefable|[miss]\n|-miss|p2a: Heatran|p1a: Clefable\n|move|p1a: Clefable|Calm Mind|p1a: Clefable\n|-boost|p1a: Clefable|spa|1\n|-boost|p1a: Clefable|spd|1\n|\n|-heal|p1a: Clefable|94\/100|[from] item: Leftovers\n|-damage|p1a: Clefable|82\/100|[from] move: Magma Storm|[partiallytrapped]\n|upkeep\n|turn|8\n|\n|t:|1663041913\n|move|p2a: Heatran|Magma Storm|p1a: Clefable\n|-damage|p1a: Clefable|48\/100\n|move|p1a: Clefable|Moonblast|p2a: Heatran\n|-resisted|p2a: Heatran\n|-damage|p2a: Heatran|81\/100\n|\n|-heal|p1a: Clefable|54\/100|[from] item: Leftovers\n|-damage|p1a: Clefable|42\/100|[from] move: Magma Storm|[partiallytrapped]\n|upkeep\n|turn|9\n|\n|t:|1663041914\n|move|p2a: Heatran|Magma Storm|p1a: Clefable\n|-damage|p1a: Clefable|9\/100\n|move|p1a: Clefable|Soft-Boiled|p1a: Clefable\n|-heal|p1a: Clefable|59\/100\n|\n|-heal|p1a: Clefable|65\/100|[from] item: Leftovers\n|-end|p1a: Clefable|Magma Storm|[partiallytrapped]\n|upkeep\n|turn|10\n|\n|t:|1663041916\n|move|p2a: Heatran|Magma Storm|p1a: Clefable|[miss]\n|-miss|p2a: Heatran|p1a: Clefable\n|move|p1a: Clefable|Soft-Boiled|p1a: Clefable\n|-heal|p1a: Clefable|100\/100\n|\n|upkeep\n|turn|11\n|\n|t:|1663041917\n|move|p2a: Heatran|Magma Storm|p1a: Clefable\n|-damage|p1a: Clefable|68\/100\n|-activate|p1a: Clefable|move: Magma Storm|[of] p2a: Heatran\n|move|p1a: Clefable|Calm Mind|p1a: Clefable\n|-boost|p1a: Clefable|spa|1\n|-boost|p1a: Clefable|spd|1\n|\n|-heal|p1a: Clefable|74\/100|[from] item: Leftovers\n|-damage|p1a: Clefable|61\/100|[from] move: Magma Storm|[partiallytrapped]\n|upkeep\n|turn|12\n|\n|t:|1663041919\n|move|p2a: Heatran|Magma Storm|p1a: Clefable|[miss]\n|-miss|p2a: Heatran|p1a: Clefable\n|move|p1a: Clefable|Soft-Boiled|p1a: Clefable\n|-heal|p1a: Clefable|100\/100\n|\n|-damage|p1a: Clefable|88\/100|[from] move: Magma Storm|[partiallytrapped]\n|upkeep\n|turn|13\n|\n|t:|1663041921\n|move|p2a: Heatran|Magma Storm|p1a: Clefable|[miss]\n|-miss|p2a: Heatran|p1a: Clefable\n|move|p1a: Clefable|Moonblast|p2a: Heatran\n|-resisted|p2a: Heatran\n|-damage|p2a: Heatran|65\/100\n|\n|-heal|p1a: Clefable|94\/100|[from] item: Leftovers\n|-damage|p1a: Clefable|82\/100|[from] move: Magma Storm|[partiallytrapped]\n|upkeep\n|turn|14\n|\n|t:|1663041922\n|move|p2a: Heatran|Eruption|p1a: Clefable\n|-damage|p1a: Clefable|56\/100\n|move|p1a: Clefable|Moonblast|p2a: Heatran\n|-resisted|p2a: Heatran\n|-damage|p2a: Heatran|48\/100\n|-unboost|p2a: Heatran|spa|1\n|\n|-heal|p1a: Clefable|62\/100|[from] item: Leftovers\n|-damage|p1a: Clefable|50\/100|[from] move: Magma Storm|[partiallytrapped]\n|upkeep\n|turn|15\n|\n|t:|1663041923\n|move|p2a: Heatran|Earth Power|p1a: Clefable\n|-damage|p1a: Clefable|35\/100\n|move|p1a: Clefable|Soft-Boiled|p1a: Clefable\n|-heal|p1a: Clefable|85\/100\n|\n|-heal|p1a: Clefable|91\/100|[from] item: Leftovers\n|-end|p1a: Clefable|Magma Storm|[partiallytrapped]\n|upkeep\n|turn|16\n|\n|t:|1663041925\n|move|p2a: Heatran|Eruption|p1a: Clefable\n|-damage|p1a: Clefable|74\/100\n|move|p1a: Clefable|Moonblast|p2a: Heatran\n|-resisted|p2a: Heatran\n|-damage|p2a: Heatran|33\/100\n|\n|-heal|p1a: Clefable|80\/100|[from] item: Leftovers\n|upkeep\n|turn|17\n|\n|t:|1663041927\n|move|p2a: Heatran|Earth Power|p1a: Clefable\n|-damage|p1a: Clefable|66\/100\n|move|p1a: Clefable|Moonblast|p2a: Heatran\n|-resisted|p2a: Heatran\n|-damage|p2a: Heatran|18\/100\n|\n|-heal|p1a: Clefable|73\/100|[from] item: Leftovers\n|upkeep\n|turn|18\n|\n|t:|1663041928\n|move|p2a: Heatran|Earth Power|p1a: Clefable\n|-damage|p1a: Clefable|56\/100\n|move|p1a: Clefable|Soft-Boiled|p1a: Clefable\n|-heal|p1a: Clefable|100\/100\n|\n|upkeep\n|turn|19\n|\n|t:|1663041929\n|move|p2a: Heatran|Earth Power|p1a: Clefable\n|-damage|p1a: Clefable|87\/100\n|-unboost|p1a: Clefable|spd|1\n|move|p1a: Clefable|Moonblast|p2a: Heatran\n|-resisted|p2a: Heatran\n|-damage|p2a: Heatran|2\/100\n|\n|-heal|p1a: Clefable|93\/100|[from] item: Leftovers\n|upkeep\n|turn|20\n|\n|t:|1663041931\n|switch|p2a: landorustherian|Landorus-Therian, M|81\/100\n|-ability|p2a: landorustherian|Intimidate|boost\n|-unboost|p1a: Clefable|atk|1\n|move|p1a: Clefable|Moonblast|p2a: landorustherian\n|-damage|p2a: landorustherian|38\/100\n|-unboost|p2a: landorustherian|spa|1\n|\n|-heal|p1a: Clefable|99\/100|[from] item: Leftovers\n|upkeep\n|turn|21\n|\n|t:|1663041936\n|switch|p1a: Dragonite|Dragonite, M|100\/100\n|move|p2a: landorustherian|Toxic|p1a: Dragonite\n|-status|p1a: Dragonite|tox\n|\n|-damage|p1a: Dragonite|94\/100 tox|[from] psn\n|upkeep\n|turn|22\n|\n|t:|1663041938\n|switch|p2a: rotomwash|Rotom-Wash|100\/100\n|move|p1a: Dragonite|Defog|p2a: rotomwash\n|-unboost|p2a: rotomwash|evasion|1\n|-sideend|p1: Diameter\u272fXtreme|Stealth Rock|[from] move: Defog|[of] p1a: Dragonite\n|\n|-damage|p1a: Dragonite|82\/100 tox|[from] psn\n|upkeep\n|turn|23\n|\n|t:|1663041940\n|switch|p1a: Zeraora|Zeraora|100\/100\n|move|p2a: rotomwash|Nasty Plot|p2a: rotomwash\n|-boost|p2a: rotomwash|spa|2\n|\n|upkeep\n|turn|24\n|\n|t:|1663041943\n|move|p1a: Zeraora|Volt Switch|p2a: rotomwash\n|-damage|p2a: rotomwash|78\/100\n|\n|t:|1663041946\n|switch|p1a: Clefable|Clefable, F|99\/100|[from]move: Volt Switch\n|move|p2a: rotomwash|Nasty Plot|p2a: rotomwash\n|-boost|p2a: rotomwash|spa|2\n|\n|-heal|p2a: rotomwash|85\/100|[from] item: Leftovers\n|-heal|p1a: Clefable|100\/100|[from] item: Leftovers\n|upkeep\n|turn|25\n|\n|t:|1663041951\n|move|p2a: rotomwash|Hydro Pump|p1a: Clefable\n|-damage|p1a: Clefable|56\/100\n|move|p1a: Clefable|Calm Mind|p1a: Clefable\n|-boost|p1a: Clefable|spa|1\n|-boost|p1a: Clefable|spd|1\n|\n|-heal|p2a: rotomwash|91\/100|[from] item: Leftovers\n|-heal|p1a: Clefable|62\/100|[from] item: Leftovers\n|upkeep\n|turn|26\n|\n|t:|1663041954\n|move|p2a: rotomwash|Hydro Pump|p1a: Clefable\n|-damage|p1a: Clefable|34\/100\n|move|p1a: Clefable|Heal Bell|p1a: Clefable\n|-activate|p1a: Clefable|move: Heal Bell\n|-curestatus|p1: Dragonite|tox|[msg]\n|\n|-heal|p2a: rotomwash|97\/100|[from] item: Leftovers\n|-heal|p1a: Clefable|40\/100|[from] item: Leftovers\n|upkeep\n|turn|27\n|\n|t:|1663041955\n|move|p2a: rotomwash|Hydro Pump|p1a: Clefable\n|-damage|p1a: Clefable|12\/100\n|move|p1a: Clefable|Soft-Boiled|p1a: Clefable\n|-heal|p1a: Clefable|62\/100\n|\n|-heal|p2a: rotomwash|100\/100|[from] item: Leftovers\n|-heal|p1a: Clefable|68\/100|[from] item: Leftovers\n|upkeep\n|turn|28\n|\n|t:|1663041957\n|move|p2a: rotomwash|Hydro Pump|p1a: Clefable\n|-damage|p1a: Clefable|43\/100\n|move|p1a: Clefable|Soft-Boiled|p1a: Clefable\n|-heal|p1a: Clefable|93\/100\n|\n|-heal|p1a: Clefable|99\/100|[from] item: Leftovers\n|upkeep\n|turn|29\n|\n|t:|1663041958\n|move|p2a: rotomwash|Hydro Pump|p1a: Clefable|[miss]\n|-miss|p2a: rotomwash|p1a: Clefable\n|move|p1a: Clefable|Moonblast|p2a: rotomwash\n|-damage|p2a: rotomwash|47\/100\n|\n|-heal|p2a: rotomwash|53\/100|[from] item: Leftovers\n|-heal|p1a: Clefable|100\/100|[from] item: Leftovers\n|upkeep\n|turn|30\n|\n|t:|1663041959\n|move|p2a: rotomwash|Hydro Pump|p1a: Clefable\n|-damage|p1a: Clefable|71\/100\n|move|p1a: Clefable|Moonblast|p2a: rotomwash\n|-damage|p2a: rotomwash|6\/100\n|\n|-heal|p2a: rotomwash|12\/100|[from] item: Leftovers\n|-heal|p1a: Clefable|77\/100|[from] item: Leftovers\n|upkeep\n|turn|31\n|\n|t:|1663041961\n|move|p2a: rotomwash|Hydro Pump|p1a: Clefable\n|-damage|p1a: Clefable|52\/100\n|move|p1a: Clefable|Moonblast|p2a: rotomwash\n|-damage|p2a: rotomwash|0 fnt\n|faint|p2a: rotomwash\n|\n|-heal|p1a: Clefable|58\/100|[from] item: Leftovers\n|upkeep\n|\n|t:|1663041961\n|switch|p2a: Melmetal|Melmetal|29\/100\n|turn|32\n|\n|t:|1663041962\n|move|p1a: Clefable|Soft-Boiled|p1a: Clefable\n|-heal|p1a: Clefable|100\/100\n|move|p2a: Melmetal|Thunder Punch|p1a: Clefable\n|-damage|p1a: Clefable|73\/100\n|-status|p1a: Clefable|par\n|\n|-heal|p1a: Clefable|79\/100 par|[from] item: Leftovers\n|upkeep\n|turn|33\n|\n|t:|1663041965\n|switch|p1a: Zeraora|Zeraora|100\/100\n|move|p2a: Melmetal|Thunder Punch|p1a: Zeraora\n|-immune|p1a: Zeraora|[from] ability: Volt Absorb\n|\n|upkeep\n|turn|34\n|\n|t:|1663041967\n|switch|p2a: landorustherian|Landorus-Therian, M|38\/100\n|-ability|p2a: landorustherian|Intimidate|boost\n|-unboost|p1a: Zeraora|atk|1\n|move|p1a: Zeraora|Close Combat|p2a: landorustherian\n|-resisted|p2a: landorustherian\n|-damage|p2a: landorustherian|26\/100\n|-unboost|p1a: Zeraora|def|1\n|-unboost|p1a: Zeraora|spd|1\n|\n|upkeep\n|turn|35\n|\n|t:|1663041970\n|switch|p1a: Clefable|Clefable, F|79\/100 par\n|move|p2a: landorustherian|Earthquake|p1a: Clefable\n|-damage|p1a: Clefable|40\/100 par\n|\n|-heal|p1a: Clefable|46\/100 par|[from] item: Leftovers\n|upkeep\n|turn|36\n|\n|t:|1663041973\n|move|p2a: landorustherian|Earthquake|p1a: Clefable\n|-damage|p1a: Clefable|9\/100 par\n|move|p1a: Clefable|Soft-Boiled|p1a: Clefable\n|-heal|p1a: Clefable|59\/100 par\n|\n|-heal|p1a: Clefable|65\/100 par|[from] item: Leftovers\n|upkeep\n|turn|37\n|\n|t:|1663041974\n|move|p2a: landorustherian|Earthquake|p1a: Clefable\n|-damage|p1a: Clefable|31\/100 par\n|move|p1a: Clefable|Heal Bell|p1a: Clefable\n|-activate|p1a: Clefable|move: Heal Bell\n|-curestatus|p1a: Clefable|par|[msg]\n|\n|-heal|p1a: Clefable|37\/100|[from] item: Leftovers\n|upkeep\n|turn|38\n|\n|t:|1663041976\n|move|p2a: landorustherian|Toxic|p1a: Clefable\n|-status|p1a: Clefable|tox\n|move|p1a: Clefable|Soft-Boiled|p1a: Clefable\n|-heal|p1a: Clefable|87\/100 tox\n|\n|-heal|p1a: Clefable|93\/100 tox|[from] item: Leftovers\n|-damage|p1a: Clefable|87\/100 tox|[from] psn\n|upkeep\n|turn|39\n|\n|t:|1663041977\n|switch|p1a: Dragonite|Dragonite, M|82\/100\n|move|p2a: landorustherian|Earthquake|p1a: Dragonite\n|-immune|p1a: Dragonite\n|\n|upkeep\n|turn|40\n|\n|t:|1663041981\n|switch|p1a: Zeraora|Zeraora|100\/100\n|move|p2a: landorustherian|U-turn|p1a: Zeraora\n|-crit|p1a: Zeraora\n|-damage|p1a: Zeraora|58\/100\n|\n|t:|1663041981\n|switch|p2a: Melmetal|Melmetal|29\/100|[from]move: U-turn\n|\n|upkeep\n|turn|41\n|\n|t:|1663041982\n|switch|p2a: landorustherian|Landorus-Therian, M|26\/100\n|-ability|p2a: landorustherian|Intimidate|boost\n|-unboost|p1a: Zeraora|atk|1\n|move|p1a: Zeraora|Close Combat|p2a: landorustherian\n|-resisted|p2a: landorustherian\n|-damage|p2a: landorustherian|14\/100\n|-unboost|p1a: Zeraora|def|1\n|-unboost|p1a: Zeraora|spd|1\n|\n|upkeep\n|turn|42\n|\n|t:|1663041984\n|move|p1a: Zeraora|Knock Off|p2a: landorustherian\n|-damage|p2a: landorustherian|1\/100\n|move|p2a: landorustherian|Earthquake|p1a: Zeraora\n|-supereffective|p1a: Zeraora\n|-damage|p1a: Zeraora|0 fnt\n|faint|p1a: Zeraora\n|\n|upkeep\n|\n|t:|1663041989\n|switch|p1a: Clefable|Clefable, F|87\/100 tox\n|turn|43\n|\n|t:|1663041991\n|move|p2a: landorustherian|Earthquake|p1a: Clefable\n|-damage|p1a: Clefable|52\/100 tox\n|move|p1a: Clefable|Heal Bell|p1a: Clefable\n|-activate|p1a: Clefable|move: Heal Bell\n|-curestatus|p1a: Clefable|tox|[msg]\n|\n|-heal|p1a: Clefable|58\/100|[from] item: Leftovers\n|upkeep\n|turn|44\n|\n|t:|1663041993\n|move|p2a: landorustherian|Earthquake|p1a: Clefable\n|-damage|p1a: Clefable|21\/100\n|move|p1a: Clefable|Soft-Boiled|p1a: Clefable\n|-heal|p1a: Clefable|71\/100\n|\n|-heal|p1a: Clefable|77\/100|[from] item: Leftovers\n|upkeep\n|turn|45\n|\n|t:|1663041995\n|move|p2a: landorustherian|Earthquake|p1a: Clefable\n|-damage|p1a: Clefable|42\/100\n|move|p1a: Clefable|Moonblast|p2a: landorustherian\n|-damage|p2a: landorustherian|0 fnt\n|faint|p2a: landorustherian\n|\n|-heal|p1a: Clefable|48\/100|[from] item: Leftovers\n|upkeep\n|\n|t:|1663041995\n|switch|p2a: Melmetal|Melmetal|29\/100\n|turn|46\n|\n|t:|1663041997\n|switch|p1a: Dragonite|Dragonite, M|82\/100\n|move|p2a: Melmetal|Thunder Punch|p1a: Dragonite\n|-damage|p1a: Dragonite|59\/100\n|\n|upkeep\n|turn|47\n|\n|t:|1663041999\n|switch|p2a: Weavile|Weavile, F|100\/100\n|-ability|p2a: Weavile|Pressure\n|move|p1a: Dragonite|Roost|p1a: Dragonite\n|-heal|p1a: Dragonite|100\/100\n|-singleturn|p1a: Dragonite|move: Roost\n|\n|upkeep\n|turn|48\n|\n|t:|1663042001\n|move|p2a: Weavile|Triple Axel|p1a: Dragonite\n|-supereffective|p1a: Dragonite\n|-damage|p1a: Dragonite|80\/100\n|-supereffective|p1a: Dragonite\n|-damage|p1a: Dragonite|2\/100\n|-supereffective|p1a: Dragonite\n|-damage|p1a: Dragonite|0 fnt\n|faint|p1a: Dragonite\n|-hitcount|p1: Dragonite|3\n|\n|upkeep\n|\n|t:|1663042003\n|switch|p1a: Clefable|Clefable, F|48\/100\n|turn|49\n|\n|t:|1663042004\n|move|p2a: Weavile|Triple Axel|p1a: Clefable\n|-crit|p1a: Clefable\n|-damage|p1a: Clefable|31\/100\n|-damage|p1a: Clefable|9\/100\n|-hitcount|p1a: Clefable|2\n|move|p1a: Clefable|Moonblast|p2a: Weavile\n|-supereffective|p2a: Weavile\n|-damage|p2a: Weavile|15\/100\n|\n|-heal|p1a: Clefable|15\/100|[from] item: Leftovers\n|upkeep\n|turn|50\n|\n|t:|1663042006\n|move|p2a: Weavile|Triple Axel|p1a: Clefable\n|-damage|p1a: Clefable|3\/100\n|-damage|p1a: Clefable|0 fnt\n|faint|p1a: Clefable\n|-hitcount|p1: Clefable|2\n|\n|upkeep\n|\n|t:|1663042007\n|switch|p1a: Melmetal|Melmetal|100\/100\n|turn|51\n|\n|t:|1663042009\n|move|p2a: Weavile|Triple Axel|p1a: Melmetal\n|-resisted|p1a: Melmetal\n|-damage|p1a: Melmetal|96\/100\n|-resisted|p1a: Melmetal\n|-damage|p1a: Melmetal|87\/100\n|-resisted|p1a: Melmetal\n|-damage|p1a: Melmetal|73\/100\n|-hitcount|p1a: Melmetal|3\n|move|p1a: Melmetal|Double Iron Bash|p2a: Weavile\n|-supereffective|p2a: Weavile\n|-damage|p2a: Weavile|0 fnt\n|faint|p2a: Weavile\n|-hitcount|p2: Weavile|1\n|\n|upkeep\n|\n|t:|1663042009\n|switch|p2a: Tangrowth|Tangrowth, M|100\/100\n|turn|52\n|\n|t:|1663042011\n|move|p1a: Melmetal|Double Iron Bash|p2a: Tangrowth\n|-damage|p2a: Tangrowth|65\/100\n|-damage|p1a: Melmetal|57\/100|[from] item: Rocky Helmet|[of] p2a: Tangrowth\n|-damage|p2a: Tangrowth|29\/100\n|-damage|p1a: Melmetal|40\/100|[from] item: Rocky Helmet|[of] p2a: Tangrowth\n|-hitcount|p2a: Tangrowth|2\n|cant|p2a: Tangrowth|flinch\n|\n|upkeep\n|turn|53\n|\n|t:|1663042013\n|move|p1a: Melmetal|Double Iron Bash|p2a: Tangrowth\n|-damage|p2a: Tangrowth|0 fnt\n|-damage|p1a: Melmetal|24\/100|[from] item: Rocky Helmet|[of] p2a: Tangrowth\n|faint|p2a: Tangrowth\n|-hitcount|p2: Tangrowth|1\n|\n|upkeep\n|\n|t:|1663042013\n|switch|p2a: Melmetal|Melmetal|29\/100\n|turn|54\n|\n|t:|1663042016\n|move|p1a: Melmetal|Double Iron Bash|p2a: Melmetal\n|-resisted|p2a: Melmetal\n|-damage|p2a: Melmetal|10\/100\n|-resisted|p2a: Melmetal\n|-damage|p2a: Melmetal|0 fnt\n|faint|p2a: Melmetal\n|-hitcount|p2: Melmetal|2\n|\n|upkeep\n|\n|t:|1663042016\n|switch|p2a: Heatran|Heatran, M|2\/100\n|turn|55\n|\n|t:|1663042018\n|move|p2a: Heatran|Earth Power|p1a: Melmetal\n|-supereffective|p1a: Melmetal\n|-damage|p1a: Melmetal|0 fnt\n|faint|p1a: Melmetal\n|\n|upkeep\n|\n|t:|1663042020\n|switch|p1a: Blissey|Blissey, F|100\/100\n|turn|56\n|\n|t:|1663042021\n|move|p2a: Heatran|Earth Power|p1a: Blissey\n|-damage|p1a: Blissey|88\/100\n|move|p1a: Blissey|Seismic Toss|p2a: Heatran\n|-damage|p2a: Heatran|0 fnt\n|faint|p2a: Heatran\n|\n|win|Diameter\u272fXtreme\n|raw|Diameter\u272fXtreme's rating: 1530 &rarr; <strong>1555<\/strong><br \/>(+25 for winning)\n|raw|minimax_ai's rating: 1611 &rarr; <strong>1586<\/strong><br \/>(-25 for losing)\n|c|\u2606minimax_ai|gg\n","uploadtime":1663042023,"views":5,"p1id":"diameterxtreme","p2id":"minimaxai","formatid":"gen8ou","rating":1555,"private":0,"password":null}