{"id":"gen8bdspuu-1464791228","p1":"AP5Fanboy","p2":"VirginJimmy99","format":"gen8bdspuu","log":"|j|\u2606AP5Fanboy\n|j|\u2606VirginJimmy99\n|t:|1638403720\n|gametype|singles\n|player|p1|AP5Fanboy|hilbert-wonderlauncher|1000\n|player|p2|VirginJimmy99|rocketgrunt|1075\n|teamsize|p1|6\n|teamsize|p2|6\n|gen|8\n|tier|[Gen 8 BDSP] UU\n|rated|\n|rule|Sleep Clause Mod: Limit one foe put to sleep\n|rule|Species Clause: Limit one of each Pok\u00e9mon\n|rule|OHKO Clause: OHKO moves are banned\n|rule|Evasion Moves Clause: Evasion moves are banned\n|rule|Endless Battle Clause: Forcing endless battles is banned\n|rule|HP Percentage Mod: HP is shown in percentages\n|clearpoke\n|poke|p1|Slowbro, M|\n|poke|p1|Salamence, F|\n|poke|p1|Chansey, F|\n|poke|p1|Umbreon, M|\n|poke|p1|Milotic, F|\n|poke|p1|Hippowdon, F|\n|poke|p2|Shuckle, F|\n|poke|p2|Mismagius, M|\n|poke|p2|Primeape, F|\n|poke|p2|Nidoking, M|\n|poke|p2|Salamence, M|\n|poke|p2|Bibarel, M|\n|teampreview\n|inactive|Battle timer is ON: inactive players will automatically lose when time's up. (requested by AP5Fanboy)\n|\n|t:|1638403736\n|start\n|switch|p1a: Salamence|Salamence, F|100\/100\n|switch|p2a: Shuckle|Shuckle, F|100\/100\n|-ability|p1a: Salamence|Intimidate|boost\n|-unboost|p2a: Shuckle|atk|1\n|turn|1\n|\n|t:|1638403742\n|move|p1a: Salamence|Hydro Pump|p2a: Shuckle\n|-supereffective|p2a: Shuckle\n|-damage|p2a: Shuckle|74\/100\n|move|p2a: Shuckle|Sticky Web|p1a: Salamence\n|-sidestart|p1: AP5Fanboy|move: Sticky Web\n|\n|upkeep\n|turn|2\n|\n|t:|1638403757\n|move|p1a: Salamence|Hydro Pump|p2a: Shuckle|[miss]\n|-miss|p1a: Salamence|p2a: Shuckle\n|move|p2a: Shuckle|Toxic|p1a: Salamence\n|-status|p1a: Salamence|tox\n|\n|-damage|p1a: Salamence|94\/100 tox|[from] psn\n|upkeep\n|turn|3\n|\n|t:|1638403778\n|move|p1a: Salamence|Defog|p2a: Shuckle\n|-unboost|p2a: Shuckle|evasion|1\n|-sideend|p1: AP5Fanboy|Sticky Web|[from] move: Defog|[of] p1a: Salamence\n|move|p2a: Shuckle|Stealth Rock|p1a: Salamence\n|-sidestart|p1: AP5Fanboy|move: Stealth Rock\n|\n|-heal|p1a: Salamence|100\/100 tox|[from] item: Leftovers\n|-damage|p1a: Salamence|88\/100 tox|[from] psn\n|upkeep\n|turn|4\n|\n|t:|1638403786\n|switch|p1a: Chansey|Chansey, F|100\/100\n|-damage|p1a: Chansey|88\/100|[from] Stealth Rock\n|move|p2a: Shuckle|Stealth Rock||[still]\n|-fail|p2a: Shuckle\n|\n|-heal|p1a: Chansey|94\/100|[from] item: Leftovers\n|upkeep\n|turn|5\n|\n|t:|1638403796\n|switch|p2a: Mismagius|Mismagius, M|100\/100\n|move|p1a: Chansey|Seismic Toss|p2a: Mismagius\n|-immune|p2a: Mismagius\n|\n|-heal|p1a: Chansey|100\/100|[from] item: Leftovers\n|upkeep\n|turn|6\n|\n|t:|1638403802\n|move|p2a: Mismagius|Substitute|p2a: Mismagius\n|-start|p2a: Mismagius|Substitute\n|-damage|p2a: Mismagius|76\/100\n|move|p1a: Chansey|Thunder Wave||[still]\n|-fail|p1a: Chansey\n|\n|-heal|p2a: Mismagius|82\/100|[from] item: Leftovers\n|upkeep\n|turn|7\n|\n|t:|1638403808\n|switch|p1a: Umbreon|Umbreon, M|100\/100\n|-damage|p1a: Umbreon|88\/100|[from] Stealth Rock\n|move|p2a: Mismagius|Nasty Plot|p2a: Mismagius\n|-boost|p2a: Mismagius|spa|2\n|\n|-heal|p2a: Mismagius|88\/100|[from] item: Leftovers\n|-heal|p1a: Umbreon|94\/100|[from] item: Leftovers\n|upkeep\n|turn|8\n|\n|t:|1638403818\n|move|p2a: Mismagius|Dazzling Gleam|p1a: Umbreon\n|-supereffective|p1a: Umbreon\n|-damage|p1a: Umbreon|40\/100\n|move|p1a: Umbreon|Foul Play|p2a: Mismagius\n|-supereffective|p2a: Mismagius\n|-end|p2a: Mismagius|Substitute\n|\n|-heal|p2a: Mismagius|94\/100|[from] item: Leftovers\n|-heal|p1a: Umbreon|46\/100|[from] item: Leftovers\n|upkeep\n|turn|9\n|\n|t:|1638403827\n|move|p2a: Mismagius|Dazzling Gleam|p1a: Umbreon\n|-supereffective|p1a: Umbreon\n|-damage|p1a: Umbreon|0 fnt\n|faint|p1a: Umbreon\n|\n|-heal|p2a: Mismagius|99\/100|[from] item: Leftovers\n|upkeep\n|\n|t:|1638403833\n|switch|p1a: Milotic|Milotic, F|100\/100\n|-damage|p1a: Milotic|88\/100|[from] Stealth Rock\n|turn|10\n|\n|t:|1638403838\n|move|p2a: Mismagius|Substitute|p2a: Mismagius\n|-start|p2a: Mismagius|Substitute\n|-damage|p2a: Mismagius|75\/100\n|move|p1a: Milotic|Dragon Tail|p2a: Mismagius\n|-activate|p2a: Mismagius|move: Substitute|[damage]\n|\n|-heal|p2a: Mismagius|81\/100|[from] item: Leftovers\n|-heal|p1a: Milotic|94\/100|[from] item: Leftovers\n|upkeep\n|turn|11\n|\n|t:|1638403845\n|move|p2a: Mismagius|Shadow Ball|p1a: Milotic\n|-damage|p1a: Milotic|49\/100\n|move|p1a: Milotic|Scald|p2a: Mismagius\n|-end|p2a: Mismagius|Substitute\n|\n|-heal|p2a: Mismagius|87\/100|[from] item: Leftovers\n|-heal|p1a: Milotic|55\/100|[from] item: Leftovers\n|upkeep\n|turn|12\n|\n|t:|1638403853\n|move|p2a: Mismagius|Shadow Ball|p1a: Milotic\n|-damage|p1a: Milotic|17\/100\n|move|p1a: Milotic|Recover|p1a: Milotic\n|-heal|p1a: Milotic|67\/100\n|\n|-heal|p2a: Mismagius|94\/100|[from] item: Leftovers\n|-heal|p1a: Milotic|73\/100|[from] item: Leftovers\n|upkeep\n|turn|13\n|\n|t:|1638403861\n|move|p2a: Mismagius|Substitute|p2a: Mismagius\n|-start|p2a: Mismagius|Substitute\n|-damage|p2a: Mismagius|69\/100\n|move|p1a: Milotic|Scald|p2a: Mismagius\n|-end|p2a: Mismagius|Substitute\n|\n|-heal|p2a: Mismagius|75\/100|[from] item: Leftovers\n|-heal|p1a: Milotic|79\/100|[from] item: Leftovers\n|upkeep\n|turn|14\n|\n|t:|1638403869\n|move|p2a: Mismagius|Shadow Ball|p1a: Milotic\n|-damage|p1a: Milotic|38\/100\n|move|p1a: Milotic|Scald|p2a: Mismagius\n|-damage|p2a: Mismagius|39\/100\n|-status|p2a: Mismagius|brn\n|\n|-heal|p2a: Mismagius|45\/100 brn|[from] item: Leftovers\n|-heal|p1a: Milotic|44\/100|[from] item: Leftovers\n|-damage|p2a: Mismagius|39\/100 brn|[from] brn\n|upkeep\n|turn|15\n|\n|t:|1638403879\n|move|p2a: Mismagius|Shadow Ball|p1a: Milotic\n|-damage|p1a: Milotic|6\/100\n|-unboost|p1a: Milotic|spd|1\n|move|p1a: Milotic|Recover|p1a: Milotic\n|-heal|p1a: Milotic|56\/100\n|\n|-heal|p2a: Mismagius|45\/100 brn|[from] item: Leftovers\n|-heal|p1a: Milotic|62\/100|[from] item: Leftovers\n|-damage|p2a: Mismagius|39\/100 brn|[from] brn\n|upkeep\n|turn|16\n|\n|t:|1638403902\n|switch|p1a: Hippowdon|Hippowdon, F|100\/100\n|-damage|p1a: Hippowdon|94\/100|[from] Stealth Rock\n|-weather|Sandstorm|[from] ability: Sand Stream|[of] p1a: Hippowdon\n|move|p2a: Mismagius|Shadow Ball|p1a: Hippowdon\n|-damage|p1a: Hippowdon|20\/100\n|\n|-weather|Sandstorm|[upkeep]\n|-damage|p2a: Mismagius|33\/100 brn|[from] Sandstorm\n|-heal|p2a: Mismagius|39\/100 brn|[from] item: Leftovers\n|-heal|p1a: Hippowdon|27\/100|[from] item: Leftovers\n|-damage|p2a: Mismagius|33\/100 brn|[from] brn\n|upkeep\n|turn|17\n|\n|t:|1638403915\n|move|p2a: Mismagius|Shadow Ball|p1a: Hippowdon\n|-damage|p1a: Hippowdon|0 fnt\n|faint|p1a: Hippowdon\n|\n|-weather|Sandstorm|[upkeep]\n|-damage|p2a: Mismagius|27\/100 brn|[from] Sandstorm\n|-heal|p2a: Mismagius|33\/100 brn|[from] item: Leftovers\n|-damage|p2a: Mismagius|27\/100 brn|[from] brn\n|upkeep\n|\n|t:|1638403923\n|switch|p1a: Milotic|Milotic, F|62\/100\n|-damage|p1a: Milotic|50\/100|[from] Stealth Rock\n|turn|18\n|\n|t:|1638403926\n|move|p2a: Mismagius|Shadow Ball|p1a: Milotic\n|-damage|p1a: Milotic|7\/100\n|move|p1a: Milotic|Recover|p1a: Milotic\n|-heal|p1a: Milotic|57\/100\n|\n|-weather|Sandstorm|[upkeep]\n|-damage|p2a: Mismagius|21\/100 brn|[from] Sandstorm\n|-damage|p1a: Milotic|51\/100|[from] Sandstorm\n|-heal|p2a: Mismagius|27\/100 brn|[from] item: Leftovers\n|-heal|p1a: Milotic|57\/100|[from] item: Leftovers\n|-damage|p2a: Mismagius|21\/100 brn|[from] brn\n|upkeep\n|turn|19\n|\n|t:|1638403937\n|move|p2a: Mismagius|Shadow Ball|p1a: Milotic\n|-damage|p1a: Milotic|18\/100\n|move|p1a: Milotic|Scald|p2a: Mismagius\n|-damage|p2a: Mismagius|0 fnt\n|faint|p2a: Mismagius\n|\n|-weather|Sandstorm|[upkeep]\n|-damage|p1a: Milotic|12\/100|[from] Sandstorm\n|-heal|p1a: Milotic|18\/100|[from] item: Leftovers\n|upkeep\n|\n|t:|1638403945\n|switch|p2a: Salamence|Salamence, M|100\/100\n|turn|20\n|\n|t:|1638403948\n|move|p2a: Salamence|Outrage|p1a: Milotic\n|-damage|p1a: Milotic|0 fnt\n|faint|p1a: Milotic\n|-ability|p2a: Salamence|Moxie|boost\n|-boost|p2a: Salamence|atk|1\n|-damage|p2a: Salamence|91\/100|[from] item: Life Orb\n|\n|-weather|none\n|upkeep\n|\n|t:|1638403955\n|switch|p1a: Slowbro|Slowbro, M, shiny|100\/100\n|-damage|p1a: Slowbro|88\/100|[from] Stealth Rock\n|turn|21\n|\n|t:|1638403959\n|move|p2a: Salamence|Outrage|p1a: Slowbro|[from]lockedmove\n|-damage|p1a: Slowbro|13\/100\n|-damage|p2a: Salamence|81\/100|[from] item: Life Orb\n|move|p1a: Slowbro|Ice Beam|p2a: Salamence\n|-supereffective|p2a: Salamence\n|-damage|p2a: Salamence|0 fnt\n|faint|p2a: Salamence\n|\n|-heal|p1a: Slowbro|20\/100|[from] item: Leftovers\n|upkeep\n|\n|t:|1638403972\n|switch|p2a: Primeape|Primeape, F|100\/100\n|turn|22\n|\n|t:|1638403978\n|switch|p1a: Salamence|Salamence, F|88\/100 tox\n|-damage|p1a: Salamence|63\/100 tox|[from] Stealth Rock\n|-ability|p1a: Salamence|Intimidate|boost\n|-unboost|p2a: Primeape|atk|1\n|-ability|p2a: Primeape|Defiant\n|-boost|p2a: Primeape|atk|2\n|move|p2a: Primeape|U-turn|p1a: Salamence\n|-resisted|p1a: Salamence\n|-damage|p1a: Salamence|51\/100 tox\n|\n|t:|1638403981\n|switch|p2a: Nidoking|Nidoking, M|100\/100|[from]move: U-turn\n|\n|-heal|p1a: Salamence|57\/100 tox|[from] item: Leftovers\n|-damage|p1a: Salamence|51\/100 tox|[from] psn\n|upkeep\n|turn|23\n|\n|t:|1638403992\n|move|p2a: Nidoking|Sludge Wave|p1a: Salamence\n|-damage|p1a: Salamence|0 fnt\n|faint|p1a: Salamence\n|\n|upkeep\n|\n|t:|1638403996\n|switch|p1a: Chansey|Chansey, F|100\/100\n|-damage|p1a: Chansey|88\/100|[from] Stealth Rock\n|turn|24\n|\n|t:|1638404000\n|switch|p2a: Shuckle|Shuckle, F|74\/100\n|move|p1a: Chansey|Thunder Wave|p2a: Shuckle\n|-status|p2a: Shuckle|par\n|\n|-heal|p1a: Chansey|94\/100|[from] item: Leftovers\n|upkeep\n|turn|25\n|\n|t:|1638404007\n|move|p1a: Chansey|Seismic Toss|p2a: Shuckle\n|-damage|p2a: Shuckle|33\/100 par\n|move|p2a: Shuckle|Toxic|p1a: Chansey|[miss]\n|-miss|p2a: Shuckle|p1a: Chansey\n|\n|-heal|p1a: Chansey|100\/100|[from] item: Leftovers\n|upkeep\n|turn|26\n|\n|t:|1638404018\n|switch|p2a: Primeape|Primeape, F|100\/100\n|move|p1a: Chansey|Seismic Toss|p2a: Primeape\n|-damage|p2a: Primeape|64\/100\n|\n|upkeep\n|turn|27\n|\n|t:|1638404023\n|switch|p1a: Slowbro|Slowbro, M, shiny|53\/100\n|-damage|p1a: Slowbro|40\/100|[from] Stealth Rock\n|move|p2a: Primeape|U-turn|p1a: Slowbro\n|-supereffective|p1a: Slowbro\n|-damage|p1a: Slowbro|16\/100\n|\n|t:|1638404031\n|switch|p2a: Shuckle|Shuckle, F|33\/100 par|[from]move: U-turn\n|\n|-heal|p1a: Slowbro|23\/100|[from] item: Leftovers\n|upkeep\n|turn|28\n|\n|t:|1638404037\n|move|p1a: Slowbro|Scald|p2a: Shuckle\n|-supereffective|p2a: Shuckle\n|-damage|p2a: Shuckle|3\/100 par\n|move|p2a: Shuckle|Toxic|p1a: Slowbro|[miss]\n|-miss|p2a: Shuckle|p1a: Slowbro\n|\n|-heal|p1a: Slowbro|29\/100|[from] item: Leftovers\n|upkeep\n|turn|29\n|\n|t:|1638404044\n|move|p1a: Slowbro|Scald|p2a: Shuckle\n|-supereffective|p2a: Shuckle\n|-damage|p2a: Shuckle|0 fnt\n|faint|p2a: Shuckle\n|\n|-heal|p1a: Slowbro|35\/100|[from] item: Leftovers\n|upkeep\n|\n|t:|1638404060\n|switch|p2a: Bibarel|Bibarel, M|100\/100\n|turn|30\n|\n|t:|1638404067\n|move|p2a: Bibarel|Swords Dance|p2a: Bibarel\n|-boost|p2a: Bibarel|atk|4\n|move|p1a: Slowbro|Scald|p2a: Bibarel\n|-resisted|p2a: Bibarel\n|-damage|p2a: Bibarel|76\/100\n|-status|p2a: Bibarel|brn\n|\n|-heal|p1a: Slowbro|41\/100|[from] item: Leftovers\n|-damage|p2a: Bibarel|70\/100 brn|[from] brn\n|upkeep\n|turn|31\n|\n|t:|1638404076\n|move|p2a: Bibarel|Waterfall|p1a: Slowbro\n|-resisted|p1a: Slowbro\n|-damage|p1a: Slowbro|21\/100\n|-damage|p2a: Bibarel|61\/100 brn|[from] item: Life Orb\n|move|p1a: Slowbro|Slack Off|p1a: Slowbro\n|-heal|p1a: Slowbro|71\/100\n|\n|-heal|p1a: Slowbro|77\/100|[from] item: Leftovers\n|-damage|p2a: Bibarel|55\/100 brn|[from] brn\n|upkeep\n|turn|32\n|\n|t:|1638404085\n|move|p2a: Bibarel|Waterfall|p1a: Slowbro\n|-resisted|p1a: Slowbro\n|-damage|p1a: Slowbro|59\/100\n|-damage|p2a: Bibarel|45\/100 brn|[from] item: Life Orb\n|move|p1a: Slowbro|Scald|p2a: Bibarel\n|-resisted|p2a: Bibarel\n|-damage|p2a: Bibarel|21\/100 brn\n|\n|-heal|p1a: Slowbro|65\/100|[from] item: Leftovers\n|-damage|p2a: Bibarel|15\/100 brn|[from] brn\n|upkeep\n|turn|33\n|\n|t:|1638404095\n|move|p2a: Bibarel|Waterfall|p1a: Slowbro\n|-resisted|p1a: Slowbro\n|-damage|p1a: Slowbro|47\/100\n|-damage|p2a: Bibarel|5\/100 brn|[from] item: Life Orb\n|move|p1a: Slowbro|Slack Off|p1a: Slowbro\n|-heal|p1a: Slowbro|97\/100\n|\n|-heal|p1a: Slowbro|100\/100|[from] item: Leftovers\n|-damage|p2a: Bibarel|0 fnt|[from] brn\n|faint|p2a: Bibarel\n|upkeep\n|\n|t:|1638404098\n|switch|p2a: Nidoking|Nidoking, M|100\/100\n|turn|34\n|\n|t:|1638404106\n|switch|p2a: Primeape|Primeape, F|64\/100\n|switch|p1a: Chansey|Chansey, F|100\/100\n|-damage|p1a: Chansey|88\/100|[from] Stealth Rock\n|\n|-heal|p1a: Chansey|94\/100|[from] item: Leftovers\n|upkeep\n|turn|35\n|\n|t:|1638404116\n|move|p2a: Primeape|U-turn|p1a: Chansey\n|-damage|p1a: Chansey|74\/100\n|\n|t:|1638404118\n|switch|p2a: Nidoking|Nidoking, M|100\/100|[from]move: U-turn\n|move|p1a: Chansey|Seismic Toss|p2a: Nidoking\n|-damage|p2a: Nidoking|67\/100\n|\n|-heal|p1a: Chansey|81\/100|[from] item: Leftovers\n|upkeep\n|turn|36\n|\n|t:|1638404125\n|switch|p2a: Primeape|Primeape, F|64\/100\n|move|p1a: Chansey|Seismic Toss|p2a: Primeape\n|-damage|p2a: Primeape|27\/100\n|\n|-heal|p1a: Chansey|87\/100|[from] item: Leftovers\n|upkeep\n|turn|37\n|\n|t:|1638404132\n|switch|p1a: Slowbro|Slowbro, M, shiny|100\/100\n|-damage|p1a: Slowbro|88\/100|[from] Stealth Rock\n|move|p2a: Primeape|U-turn|p1a: Slowbro\n|-supereffective|p1a: Slowbro\n|-damage|p1a: Slowbro|65\/100\n|\n|t:|1638404134\n|switch|p2a: Nidoking|Nidoking, M|67\/100|[from]move: U-turn\n|\n|-heal|p1a: Slowbro|71\/100|[from] item: Leftovers\n|upkeep\n|turn|38\n|\n|t:|1638404142\n|switch|p1a: Chansey|Chansey, F|87\/100\n|-damage|p1a: Chansey|74\/100|[from] Stealth Rock\n|move|p2a: Nidoking|Sludge Wave|p1a: Chansey\n|-damage|p1a: Chansey|40\/100\n|\n|-heal|p1a: Chansey|47\/100|[from] item: Leftovers\n|upkeep\n|turn|39\n|\n|t:|1638404149\n|switch|p2a: Primeape|Primeape, F|27\/100\n|move|p1a: Chansey|Soft-Boiled|p1a: Chansey\n|-heal|p1a: Chansey|97\/100\n|\n|-heal|p1a: Chansey|100\/100|[from] item: Leftovers\n|upkeep\n|turn|40\n|\n|t:|1638404156\n|move|p2a: Primeape|U-turn|p1a: Chansey\n|-damage|p1a: Chansey|79\/100\n|\n|t:|1638404157\n|switch|p2a: Nidoking|Nidoking, M|67\/100|[from]move: U-turn\n|move|p1a: Chansey|Seismic Toss|p2a: Nidoking\n|-damage|p2a: Nidoking|34\/100\n|\n|-heal|p1a: Chansey|85\/100|[from] item: Leftovers\n|upkeep\n|turn|41\n|c|\u2606VirginJimmy99|gg\n|\n|t:|1638404164\n|move|p2a: Nidoking|Sludge Wave|p1a: Chansey\n|-damage|p1a: Chansey|54\/100\n|move|p1a: Chansey|Seismic Toss|p2a: Nidoking\n|-damage|p2a: Nidoking|1\/100\n|\n|-heal|p1a: Chansey|60\/100|[from] item: Leftovers\n|upkeep\n|turn|42\n|-message|VirginJimmy99 forfeited.\n|\n|win|AP5Fanboy\n|l|\u2606VirginJimmy99\n|c|\u2606AP5Fanboy|gg\n","uploadtime":1638404173,"views":11,"p1id":"ap5fanboy","p2id":"virginjimmy99","formatid":"gen8bdspuu","rating":0,"private":0,"password":null}