{"id":"gen8ou-1503034193","p1":"Igotthegat","p2":"TheVRM","format":"gen8ou","log":"|j|\u2606Igotthegat\n|j|\u2606TheVRM\n|t:|1643815102\n|gametype|singles\n|player|p1|Igotthegat|hilda|1407\n|player|p2|TheVRM|1|1444\n|teamsize|p1|6\n|teamsize|p2|6\n|gen|8\n|tier|[Gen 8] OU\n|rated|\n|rule|Sleep Clause Mod: Limit one foe put to sleep\n|rule|Species Clause: Limit one of each Pok\u00e9mon\n|rule|OHKO Clause: OHKO moves are banned\n|rule|Evasion Moves Clause: Evasion moves are banned\n|rule|Endless Battle Clause: Forcing endless battles is banned\n|rule|HP Percentage Mod: HP is shown in percentages\n|rule|Dynamax Clause: You cannot dynamax\n|clearpoke\n|poke|p1|Landorus-Therian, M|\n|poke|p1|Slowking, F|\n|poke|p1|Volcarona, M|\n|poke|p1|Bisharp, M|\n|poke|p1|Kartana|\n|poke|p1|Rotom-Wash|\n|poke|p2|Ninetales-Alola, F|\n|poke|p2|Volcarona, F|\n|poke|p2|Landorus-Therian, M|\n|poke|p2|Tapu Fini|\n|poke|p2|Bisharp, F|\n|poke|p2|Blacephalon|\n|teampreview\n|inactive|Battle timer is ON: inactive players will automatically lose when time's up. (requested by Igotthegat)\n|\n|t:|1643815110\n|start\n|switch|p1a: Kartana|Kartana|100\/100\n|switch|p2a: Ninetales|Ninetales-Alola, F|100\/100\n|-weather|Hail|[from] ability: Snow Warning|[of] p2a: Ninetales\n|turn|1\n|\n|t:|1643815118\n|switch|p2a: Landorus|Landorus-Therian, M|100\/100\n|-ability|p2a: Landorus|Intimidate|boost\n|-unboost|p1a: Kartana|atk|1\n|move|p1a: Kartana|Smart Strike|p2a: Landorus\n|-damage|p2a: Landorus|70\/100\n|-damage|p1a: Kartana|84\/100|[from] item: Rocky Helmet|[of] p2a: Landorus\n|\n|-weather|Hail|[upkeep]\n|-damage|p1a: Kartana|78\/100|[from] Hail\n|-damage|p2a: Landorus|64\/100|[from] Hail\n|upkeep\n|turn|2\n|\n|t:|1643815129\n|switch|p1a: Slowking|Slowking, F|100\/100\n|move|p2a: Landorus|U-turn|p1a: Slowking\n|-supereffective|p1a: Slowking\n|-damage|p1a: Slowking|68\/100\n|\n|t:|1643815133\n|switch|p2a: Ninetales|Ninetales-Alola, F|100\/100|[from]move: U-turn\n|\n|-weather|Hail|[upkeep]\n|-damage|p1a: Slowking|62\/100|[from] Hail\n|-heal|p1a: Slowking|68\/100|[from] item: Leftovers\n|upkeep\n|turn|3\n|\n|t:|1643815144\n|move|p2a: Ninetales|Aurora Veil|p2a: Ninetales\n|-sidestart|p2: TheVRM|move: Aurora Veil\n|move|p1a: Slowking|Teleport|p1a: Slowking\n|\n|t:|1643815147\n|switch|p1a: Kartana|Kartana|78\/100|[from]move: Teleport\n|\n|-weather|Hail|[upkeep]\n|-damage|p1a: Kartana|72\/100|[from] Hail\n|upkeep\n|turn|4\n|\n|t:|1643815161\n|switch|p1a: Rotom|Rotom-Wash|100\/100\n|switch|p2a: Volcarona|Volcarona, F|100\/100\n|\n|-weather|Hail|[upkeep]\n|-damage|p1a: Rotom|94\/100|[from] Hail\n|-damage|p2a: Volcarona|94\/100|[from] Hail\n|-heal|p2a: Volcarona|100\/100|[from] item: Leftovers\n|upkeep\n|turn|5\n|\n|t:|1643815178\n|move|p1a: Rotom|Trick|p2a: Volcarona\n|-activate|p1a: Rotom|move: Trick|[of] p2a: Volcarona\n|-item|p2a: Volcarona|Choice Scarf|[from] move: Trick\n|-item|p1a: Rotom|Leftovers|[from] move: Trick\n|move|p2a: Volcarona|Quiver Dance|p2a: Volcarona\n|-boost|p2a: Volcarona|spa|1\n|-boost|p2a: Volcarona|spd|1\n|-boost|p2a: Volcarona|spe|1\n|\n|-weather|none\n|-heal|p1a: Rotom|100\/100|[from] item: Leftovers\n|upkeep\n|turn|6\n|-message|TheVRM forfeited.\n|\n|win|Igotthegat\n|raw|Igotthegat's rating: 1407 &rarr; <strong>1429<\/strong><br \/>(+22 for winning)\n|raw|TheVRM's rating: 1444 &rarr; <strong>1422<\/strong><br \/>(-22 for losing)\n|l|\u2606TheVRM\n","uploadtime":1643815197,"views":12,"p1id":"igotthegat","p2id":"thevrm","formatid":"gen8ou","rating":1422,"private":0,"password":null}