{"id":"gen8anythinggoes-1681724496","p1":"Ivyon","p2":"AGLT5TX poke","format":"gen8anythinggoes","log":"|raw|<div class=\"broadcast-blue\"><strong>This battle is required to be public due to a player having a name starting with 'aglt5tx'.<\/div>\n|j|\u2606Ivyon\n|j|\u2606AGLT5TX poke\n|t:|1665345703\n|gametype|singles\n|player|p1|Ivyon|blue-gen2|1814\n|player|p2|AGLT5TX poke|sonia-masters|1913\n|teamsize|p1|6\n|teamsize|p2|6\n|gen|8\n|tier|[Gen 8] Anything Goes\n|rated|\n|rule|HP Percentage Mod: HP is shown in percentages\n|rule|Endless Battle Clause: Forcing endless battles is banned\n|clearpoke\n|poke|p1|Zacian-*|\n|poke|p1|Calyrex-Shadow|\n|poke|p1|Necrozma-Dusk-Mane|\n|poke|p1|Eternatus|\n|poke|p1|Yveltal|\n|poke|p1|Groudon|\n|poke|p2|Calyrex-Shadow|\n|poke|p2|Zygarde|\n|poke|p2|Xerneas-*|\n|poke|p2|Eternatus|\n|poke|p2|Yveltal|\n|poke|p2|Necrozma-Dusk-Mane|\n|teampreview\n|inactive|Battle timer is ON: inactive players will automatically lose when time's up. (requested by AGLT5TX poke)\n|j| Aglt5tx Icy Bacon\n|\n|t:|1665345726\n|start\n|switch|p1a: Groudon|Groudon|100\/100\n|switch|p2a: Zygarde|Zygarde|100\/100\n|-weather|SunnyDay|[from] ability: Drought|[of] p1a: Groudon\n|turn|1\n|\n|t:|1665345733\n|move|p2a: Zygarde|Dragon Dance|p2a: Zygarde\n|-boost|p2a: Zygarde|atk|1\n|-boost|p2a: Zygarde|spe|1\n|move|p1a: Groudon|Earthquake|p2a: Zygarde\n|-damage|p2a: Zygarde|25\/100\n|\n|-weather|SunnyDay|[upkeep]\n|-activate|p2a: Zygarde|ability: Power Construct\n|detailschange|p2a: Zygarde|Zygarde-Complete\n|-heal|p2a: Zygarde|53\/100|[silent]\n|upkeep\n|turn|2\n|\n|t:|1665345740\n|-start|p2a: Zygarde|Dynamax|\n|-heal|p2a: Zygarde|53\/100|[silent]\n|move|p2a: Zygarde|Max Quake|p1a: Groudon\n|-damage|p1a: Groudon|25\/100\n|-boost|p2a: Zygarde|spd|1\n|-damage|p2a: Zygarde|48\/100|[from] item: Life Orb\n|move|p1a: Groudon|Earthquake|p2a: Zygarde\n|-damage|p2a: Zygarde|23\/100\n|\n|-weather|SunnyDay|[upkeep]\n|upkeep\n|turn|3\n|\n|t:|1665345751\n|switch|p1a: Yveltal|Yveltal, shiny|100\/100\n|-ability|p1a: Yveltal|Dark Aura\n|move|p2a: Zygarde|Max Quake|p1a: Yveltal\n|-immune|p1a: Yveltal\n|\n|-weather|SunnyDay|[upkeep]\n|upkeep\n|turn|4\n|\n|t:|1665345765\n|move|p2a: Zygarde|Max Rockfall|p1a: Yveltal\n|-supereffective|p1a: Yveltal\n|-damage|p1a: Yveltal|0 fnt\n|-weather|Sandstorm\n|faint|p1a: Yveltal\n|-damage|p2a: Zygarde|18\/100|[from] item: Life Orb\n|\n|-weather|Sandstorm|[upkeep]\n|upkeep\n|j| aglt5tx smoolic\n|l| aglt5tx smoolic\n|\n|t:|1665345774\n|switch|p1a: Eternatus|Eternatus|100\/100\n|-ability|p1a: Eternatus|Pressure\n|-end|p2a: Zygarde|Dynamax\n|-heal|p2a: Zygarde|18\/100|[silent]\n|turn|5\n|\n|t:|1665345779\n|move|p2a: Zygarde|Thousand Arrows|p1a: Eternatus\n|-supereffective|p1a: Eternatus\n|-damage|p1a: Eternatus|0 fnt\n|faint|p1a: Eternatus\n|-damage|p2a: Zygarde|8\/100|[from] item: Life Orb\n|\n|-weather|Sandstorm|[upkeep]\n|upkeep\n|\n|t:|1665345784\n|switch|p1a: Necrozma|Necrozma-Dusk-Mane|100\/100\n|turn|6\n|\n|t:|1665345787\n|move|p2a: Zygarde|Thousand Arrows|p1a: Necrozma\n|-supereffective|p1a: Necrozma\n|-damage|p1a: Necrozma|35\/100\n|-damage|p2a: Zygarde|0 fnt|[from] item: Life Orb\n|faint|p2a: Zygarde\n|move|p1a: Necrozma|Earthquake|p2: Zygarde|[notarget]\n|-fail|p1a: Necrozma\n|\n|-weather|Sandstorm|[upkeep]\n|upkeep\n|\n|t:|1665345791\n|switch|p2a: Calyrex|Calyrex-Shadow|100\/100\n|-ability|p2a: Calyrex|As One\n|-ability|p2a: Calyrex|Unnerve\n|turn|7\n|-message|Ivyon forfeited.\n|\n|win|AGLT5TX poke\n|raw|Ivyon's rating: 1814 &rarr; <strong>1800<\/strong><br \/>(-14 for losing)\n|raw|AGLT5TX poke's rating: 1913 &rarr; <strong>1927<\/strong><br \/>(+14 for winning)\n|l|\u2606Ivyon\n||Ladder isn't responding, score probably updated but might not have (Request timeout).\n","uploadtime":1665345802,"views":21,"p1id":"ivyon","p2id":"aglt5txpoke","formatid":"gen8anythinggoes","rating":1800,"private":0,"password":null}