{"id":"gen8battlestadiumsingles-1432258829","p1":"kokoukohiro","p2":"zebonett","format":"gen8battlestadiumsingles","log":"|j|\u2606kokoukohiro\n|j|\u2606zebonett\n|t:|1633793420\n|gametype|singles\n|player|p1|kokoukohiro|2|1215\n|player|p2|zebonett|ethan|1285\n|teamsize|p1|6\n|teamsize|p2|6\n|gen|8\n|tier|[Gen 8] Battle Stadium Singles\n|rated|\n|rule|Species Clause: Limit one of each Pok\u00e9mon\n|rule|Item Clause: Limit one of each item\n|rule|Dynamax Clause: You cannot dynamax\n|clearpoke\n|poke|p1|Chansey, L50, F|\n|poke|p1|Quagsire, L50, M|\n|poke|p1|Clefable, L50, M|\n|poke|p1|Gastrodon-East, L50, F|\n|poke|p1|Moltres, L50|\n|poke|p1|Yveltal, L50|\n|poke|p2|Venusaur, L50, M|\n|poke|p2|Gyarados, L50, M|\n|poke|p2|Scizor, L50, M|\n|poke|p2|Urshifu-*, L50, M|\n|poke|p2|Lycanroc-Dusk, L50, M|\n|poke|p2|Groudon, L50|\n|teampreview|3\n|inactive|Battle timer is ON: inactive players will automatically lose when time's up. (requested by zebonett)\n|inactive|kokoukohiro has 120 seconds left.\n|inactive|zebonett has 120 seconds left.\n|inactive|zebonett has 90 seconds left.\n|inactive|zebonett has 60 seconds left.\n|\n|t:|1633793526\n|start\n|switch|p1a: Yveltal|Yveltal, L50|100\/100\n|switch|p2a: Gyarados|Gyarados, L50, M|100\/100\n|-ability|p1a: Yveltal|Dark Aura\n|-ability|p2a: Gyarados|Intimidate|boost\n|-unboost|p1a: Yveltal|atk|1\n|turn|1\n|inactive|zebonett has 120 seconds left.\n|\n|t:|1633793542\n|move|p1a: Yveltal|Foul Play|p2a: Gyarados\n|-damage|p2a: Gyarados|61\/100\n|-damage|p1a: Yveltal|84\/100|[from] item: Rocky Helmet|[of] p2a: Gyarados\n|move|p2a: Gyarados|Avalanche|p1a: Yveltal\n|-supereffective|p1a: Yveltal\n|-damage|p1a: Yveltal|47\/100\n|\n|-heal|p1a: Yveltal|53\/100|[from] item: Leftovers\n|upkeep\n|turn|2\n|inactive|zebonett has 120 seconds left.\n|\n|t:|1633793573\n|move|p1a: Yveltal|Roost|p1a: Yveltal\n|-heal|p1a: Yveltal|100\/100\n|-singleturn|p1a: Yveltal|move: Roost\n|move|p2a: Gyarados|Waterfall|p1a: Yveltal\n|-damage|p1a: Yveltal|79\/100\n|\n|-heal|p1a: Yveltal|85\/100|[from] item: Leftovers\n|upkeep\n|turn|3\n|inactive|zebonett has 90 seconds left.\n|\n|t:|1633793601\n|move|p1a: Yveltal|Oblivion Wing|p2a: Gyarados\n|-damage|p2a: Gyarados|34\/100\n|-heal|p1a: Yveltal|100\/100|[from] drain|[of] p2a: Gyarados\n|move|p2a: Gyarados|Avalanche|p1a: Yveltal\n|-supereffective|p1a: Yveltal\n|-damage|p1a: Yveltal|62\/100\n|\n|-heal|p1a: Yveltal|68\/100|[from] item: Leftovers\n|upkeep\n|turn|4\n|inactive|zebonett has 90 seconds left.\n|\n|t:|1633793614\n|switch|p2a: Scizor|Scizor, L50, M|100\/100\n|move|p1a: Yveltal|Roost|p1a: Yveltal\n|-heal|p1a: Yveltal|100\/100\n|-singleturn|p1a: Yveltal|move: Roost\n|\n|upkeep\n|turn|5\n|inactive|zebonett has 90 seconds left.\n|\n|t:|1633793624\n|move|p1a: Yveltal|Oblivion Wing|p2a: Scizor\n|-damage|p2a: Scizor|60\/100\n|move|p2a: Scizor|Swords Dance|p2a: Scizor\n|-boost|p2a: Scizor|atk|2\n|\n|upkeep\n|turn|6\n|inactive|zebonett has 90 seconds left.\n|\n|t:|1633793636\n|move|p1a: Yveltal|Foul Play|p2a: Scizor\n|-damage|p2a: Scizor|0 fnt\n|faint|p2a: Scizor\n|\n|upkeep\n|inactive|zebonett has 90 seconds left.\n|\n|t:|1633793643\n|switch|p2a: Groudon|Groudon, L50|100\/100\n|-weather|SunnyDay|[from] ability: Drought|[of] p2a: Groudon\n|turn|7\n|\n|t:|1633793657\n|move|p1a: Yveltal|Foul Play|p2a: Groudon\n|-damage|p2a: Groudon|46\/100\n|move|p2a: Groudon|Stone Edge|p1a: Yveltal|[miss]\n|-miss|p2a: Groudon|p1a: Yveltal\n|\n|-weather|SunnyDay|[upkeep]\n|upkeep\n|turn|8\n|\n|t:|1633793667\n|move|p1a: Yveltal|Foul Play|p2a: Groudon\n|-damage|p2a: Groudon|0 fnt\n|faint|p2a: Groudon\n|\n|-weather|SunnyDay|[upkeep]\n|upkeep\n|\n|t:|1633793674\n|switch|p2a: Gyarados|Gyarados, L50, M|34\/100\n|-ability|p2a: Gyarados|Intimidate|boost\n|-unboost|p1a: Yveltal|atk|1\n|turn|9\n|\n|t:|1633793679\n|move|p1a: Yveltal|Oblivion Wing|p2a: Gyarados\n|-damage|p2a: Gyarados|7\/100\n|move|p2a: Gyarados|Avalanche|p1a: Yveltal\n|-supereffective|p1a: Yveltal\n|-damage|p1a: Yveltal|63\/100\n|\n|-weather|SunnyDay|[upkeep]\n|-heal|p1a: Yveltal|69\/100|[from] item: Leftovers\n|upkeep\n|turn|10\n|\n|t:|1633793699\n|move|p1a: Yveltal|Oblivion Wing|p2a: Gyarados\n|-damage|p2a: Gyarados|0 fnt\n|-heal|p1a: Yveltal|73\/100|[from] drain|[of] p2a: Gyarados\n|faint|p2a: Gyarados\n|\n|win|kokoukohiro\n|raw|kokoukohiro's rating: 1215 &rarr; <strong>1245<\/strong><br \/>(+30 for winning)\n|raw|zebonett's rating: 1285 &rarr; <strong>1255<\/strong><br \/>(-30 for losing)\n|l|\u2606zebonett\n||Ladder isn't responding, score probably updated but might not have (Request timeout).\n","uploadtime":1633793727,"views":35,"p1id":"kokoukohiro","p2id":"zebonett","formatid":"gen8battlestadiumsingles","rating":1245,"private":0,"password":null}