{"id":"gen8stabmons-1702132144","p1":"LaLuneAttireLaMer","p2":"LoSconosciuto","format":"gen8stabmons","log":"|j|\u2606LaLuneAttireLaMer\n|j|\u2606LoSconosciuto\n|inactive|Battle timer is ON: inactive players will automatically lose when time's up.\n|t:|1667514170\n|gametype|singles\n|player|p1|LaLuneAttireLaMer|170|\n|player|p2|LoSconosciuto|#teamgapdos|\n|teamsize|p1|6\n|teamsize|p2|6\n|gen|8\n|tier|[Gen 8] STABmons\n|rated|Tournament battle\n|rule|Species Clause: Limit one of each Pok\u00e9mon\n|rule|OHKO Clause: OHKO moves are banned\n|rule|Evasion Moves Clause: Evasion moves are banned\n|rule|Endless Battle Clause: Forcing endless battles is banned\n|rule|Dynamax Clause: You cannot dynamax\n|rule|HP Percentage Mod: HP is shown in percentages\n|rule|Sleep Clause: Sleep-inducing moves are banned\n|clearpoke\n|poke|p1|Weavile, F|\n|poke|p1|Toxapex, F|\n|poke|p1|Rotom-Heat|\n|poke|p1|Ferrothorn, F|\n|poke|p1|Clefable, M|\n|poke|p1|Tornadus-Therian, M|\n|poke|p2|Drapion, M|\n|poke|p2|Gengar, M|\n|poke|p2|Buzzwole|\n|poke|p2|Scizor, M|\n|poke|p2|Salamence, M|\n|poke|p2|Thundurus-Therian, M|\n|teampreview\n|j|*Lady Monita \u263d\n|j| BB-8-NU\n|inactive|LoSconosciuto also wants the timer to be on.\n|j| dogwater me\n|j| ACrumbOfSerotonin\n|c| dogwater me|holy\n|j| Guave\n|j| mikenpkm\n|c| dogwater me|lalune was that your stall team?\n|inactive|LaLuneAttireLaMer has 120 seconds left.\n|c|\u2606LaLuneAttireLaMer|against you\n|c| dogwater me|yes\n|c|\u2606LaLuneAttireLaMer|i think it was not the more stallish i have\n|c| dogwater me|well\n|c|\u2606LoSconosciuto|that looks like a normal ou team\n|c| dogwater me|your whole team had healing\n|inactive|LaLuneAttireLaMer has 90 seconds left.\n|c| dogwater me|yeah\n|j| Go0d (\u2310\n|\n|t:|1667514249\n|start\n|switch|p1a: Toxapex|Toxapex, F|100\/100\n|switch|p2a: Drapion|Drapion, M|100\/100\n|turn|1\n|l| mikenpkm\n|\n|t:|1667514260\n|move|p2a: Drapion|Knock Off|p1a: Toxapex\n|-damage|p1a: Toxapex|78\/100\n|-enditem|p1a: Toxapex|Assault Vest|[from] move: Knock Off|[of] p2a: Drapion\n|move|p1a: Toxapex|Knock Off|p2a: Drapion\n|-resisted|p2a: Drapion\n|-damage|p2a: Drapion|91\/100\n|-enditem|p2a: Drapion|Focus Sash|[from] move: Knock Off|[of] p1a: Toxapex\n|\n|upkeep\n|turn|2\n|c|\u2606LoSconosciuto|av pex\n|j| Psyfox654\n|l| Psyfox654\n|\n|t:|1667514273\n|move|p2a: Drapion|Sticky Web|p1a: Toxapex\n|-sidestart|p1: LaLuneAttireLaMer|move: Sticky Web\n|move|p1a: Toxapex|Flip Turn|p2a: Drapion\n|-damage|p2a: Drapion|76\/100\n|\n|t:|1667514276\n|switch|p1a: Tornadus|Tornadus-Therian, M|100\/100|[from]move: Flip Turn\n|\n|upkeep\n|turn|3\n|c|\u2606LoSconosciuto|oh right\n|\n|t:|1667514286\n|move|p1a: Tornadus|U-turn|p2a: Drapion\n|-damage|p2a: Drapion|57\/100\n|\n|t:|1667514288\n|switch|p1a: Toxapex|Toxapex, F|100\/100|[from]move: U-turn\n|-activate|p1a: Toxapex|move: Sticky Web\n|-unboost|p1a: Toxapex|spe|1\n|move|p2a: Drapion|Knock Off|p1a: Toxapex\n|-damage|p1a: Toxapex|84\/100\n|\n|upkeep\n|turn|4\n|j| adeola151\n|l| dogwater me\n|c| adeola151|Jesus LOL\n|c| adeola151|talk about stall\n|\n|t:|1667514308\n|switch|p2a: Thundurus|Thundurus-Therian, M|100\/100\n|move|p1a: Toxapex|Flip Turn|p2a: Thundurus\n|-damage|p2a: Thundurus|78\/100\n|\n|t:|1667514318\n|switch|p1a: Rotom|Rotom-Heat|100\/100|[from]move: Flip Turn\n|\n|upkeep\n|turn|5\n|l| Go0d (\u2310\n|\n|t:|1667514326\n|switch|p2a: Drapion|Drapion, M|57\/100\n|move|p1a: Rotom|Lava Plume|p2a: Drapion\n|-damage|p2a: Drapion|14\/100\n|\n|upkeep\n|turn|6\n|\n|t:|1667514334\n|switch|p1a: Toxapex|Toxapex, F|100\/100\n|-activate|p1a: Toxapex|move: Sticky Web\n|-unboost|p1a: Toxapex|spe|1\n|move|p2a: Drapion|Knock Off|p1a: Toxapex\n|-damage|p1a: Toxapex|84\/100\n|\n|upkeep\n|turn|7\n|j| martinvtran\n|\n|t:|1667514343\n|switch|p2a: Salamence|Salamence, M|100\/100\n|move|p1a: Toxapex|Flip Turn|p2a: Salamence\n|-resisted|p2a: Salamence\n|-damage|p2a: Salamence|91\/100\n|\n|t:|1667514345\n|switch|p1a: Clefable|Clefable, M|100\/100|[from]move: Flip Turn\n|-activate|p1a: Clefable|move: Sticky Web\n|-unboost|p1a: Clefable|spe|1\n|\n|upkeep\n|turn|8\n|j| mrworldwide5\n|\n|t:|1667514360\n|switch|p2a: Drapion|Drapion, M|14\/100\n|move|p1a: Clefable|Rapid Spin|p2a: Drapion\n|-damage|p2a: Drapion|6\/100\n|-boost|p1a: Clefable|spe|1\n|-sideend|p1: LaLuneAttireLaMer|Sticky Web|[from] move: Rapid Spin|[of] p1a: Clefable\n|\n|upkeep\n|turn|9\n|\n|t:|1667514366\n|move|p2a: Drapion|Sticky Web|p1a: Clefable\n|-sidestart|p1: LaLuneAttireLaMer|move: Sticky Web\n|move|p1a: Clefable|Rapid Spin|p2a: Drapion\n|-damage|p2a: Drapion|0 fnt\n|-boost|p1a: Clefable|spe|1\n|-sideend|p1: LaLuneAttireLaMer|Sticky Web|[from] move: Rapid Spin|[of] p1a: Clefable\n|faint|p2a: Drapion\n|\n|upkeep\n|c| adeola151|now I see why toxapec doesn't get flip turn naturally holy\n|j| JoacoXX21\n|\n|t:|1667514378\n|switch|p2a: Thundurus|Thundurus-Therian, M|78\/100\n|turn|10\n|j|%Siegfried\n|\n|t:|1667514387\n|switch|p1a: Weavile|Weavile, F|100\/100\n|-ability|p1a: Weavile|Pressure\n|move|p2a: Thundurus|Nasty Plot|p2a: Thundurus\n|-boost|p2a: Thundurus|spa|2\n|\n|upkeep\n|turn|11\n|l|%Siegfried\n|\n|t:|1667514392\n|switch|p2a: Scizor|Scizor, M|100\/100\n|move|p1a: Weavile|Ice Shard|p2a: Scizor\n|-resisted|p2a: Scizor\n|-damage|p2a: Scizor|81\/100\n|\n|upkeep\n|turn|12\n|\n|t:|1667514400\n|switch|p1a: Rotom|Rotom-Heat|100\/100\n|switch|p2a: Gengar|Gengar, M|100\/100\n|\n|upkeep\n|turn|13\n|\n|t:|1667514404\n|move|p2a: Gengar|Moongeist Beam|p1a: Rotom\n|-damage|p1a: Rotom|24\/100\n|-damage|p2a: Gengar|91\/100|[from] item: Life Orb\n|move|p1a: Rotom|Lava Plume|p2a: Gengar\n|-damage|p2a: Gengar|46\/100\n|-start|p1a: Rotom|Disable|Lava Plume|[from] ability: Cursed Body|[of] p2a: Gengar\n|\n|upkeep\n|turn|14\n|\n|t:|1667514415\n|switch|p1a: Toxapex|Toxapex, F|100\/100\n|move|p2a: Gengar|Moongeist Beam|p1a: Toxapex\n|-damage|p1a: Toxapex|39\/100\n|-damage|p2a: Gengar|37\/100|[from] item: Life Orb\n|\n|upkeep\n|turn|15\n|\n|t:|1667514419\n|switch|p1a: Tornadus|Tornadus-Therian, M|100\/100\n|move|p2a: Gengar|Moongeist Beam|p1a: Tornadus\n|-damage|p1a: Tornadus|26\/100\n|-damage|p2a: Gengar|27\/100|[from] item: Life Orb\n|\n|upkeep\n|turn|16\n|l| adeola151\n|j| BravePomPom\n|\n|t:|1667514429\n|switch|p2a: Thundurus|Thundurus-Therian, M|78\/100\n|move|p1a: Tornadus|Knock Off|p2a: Thundurus\n|-damage|p2a: Thundurus|44\/100\n|-enditem|p2a: Thundurus|Life Orb|[from] move: Knock Off|[of] p1a: Tornadus\n|\n|upkeep\n|turn|17\n|\n|t:|1667514439\n|move|p1a: Tornadus|U-turn|p2a: Thundurus\n|-resisted|p2a: Thundurus\n|-damage|p2a: Thundurus|31\/100\n|\n|t:|1667514441\n|switch|p1a: Rotom|Rotom-Heat|24\/100|[from]move: U-turn\n|move|p2a: Thundurus|Parabolic Charge|p1a: Rotom\n|-resisted|p1a: Rotom\n|-damage|p1a: Rotom|3\/100\n|-heal|p2a: Thundurus|41\/100|[from] drain|[of] p1a: Rotom\n|\n|upkeep\n|turn|18\n|\n|t:|1667514445\n|move|p2a: Thundurus|Parabolic Charge|p1a: Rotom\n|-resisted|p1a: Rotom\n|-damage|p1a: Rotom|0 fnt\n|-heal|p2a: Thundurus|43\/100|[from] drain|[of] p1a: Rotom\n|faint|p1a: Rotom\n|\n|upkeep\n|\n|t:|1667514447\n|switch|p1a: Weavile|Weavile, F|100\/100\n|-ability|p1a: Weavile|Pressure\n|turn|19\n|\n|t:|1667514455\n|switch|p2a: Buzzwole|Buzzwole|100\/100\n|move|p1a: Weavile|Knock Off|p2a: Buzzwole\n|-resisted|p2a: Buzzwole\n|-damage|p2a: Buzzwole|73\/100\n|-enditem|p2a: Buzzwole|Life Orb|[from] move: Knock Off|[of] p1a: Weavile\n|\n|upkeep\n|turn|20\n|\n|t:|1667514466\n|switch|p1a: Clefable|Clefable, M|100\/100\n|switch|p2a: Gengar|Gengar, M|27\/100\n|\n|upkeep\n|turn|21\n|\n|t:|1667514473\n|switch|p1a: Toxapex|Toxapex, F|72\/100\n|move|p2a: Gengar|Sludge Wave|p1a: Toxapex\n|-resisted|p1a: Toxapex\n|-damage|p1a: Toxapex|46\/100\n|-damage|p2a: Gengar|17\/100|[from] item: Life Orb\n|\n|upkeep\n|turn|22\n|\n|t:|1667514482\n|switch|p1a: Ferrothorn|Ferrothorn, F|100\/100\n|move|p2a: Gengar|Moongeist Beam|p1a: Ferrothorn\n|-damage|p1a: Ferrothorn|45\/100\n|-damage|p2a: Gengar|7\/100|[from] item: Life Orb\n|\n|upkeep\n|turn|23\n|\n|t:|1667514485\n|switch|p1a: Toxapex|Toxapex, F|80\/100\n|move|p2a: Gengar|Moongeist Beam|p1a: Toxapex\n|-damage|p1a: Toxapex|28\/100\n|-damage|p2a: Gengar|0 fnt|[from] item: Life Orb\n|faint|p2a: Gengar\n|\n|upkeep\n|j| Psyfox654\n|\n|t:|1667514504\n|switch|p2a: Thundurus|Thundurus-Therian, M|43\/100\n|turn|24\n|\n|t:|1667514511\n|switch|p1a: Ferrothorn|Ferrothorn, F|45\/100\n|move|p2a: Thundurus|Parabolic Charge|p1a: Ferrothorn\n|-resisted|p1a: Ferrothorn\n|-damage|p1a: Ferrothorn|29\/100\n|-heal|p2a: Thundurus|52\/100|[from] drain|[of] p1a: Ferrothorn\n|\n|upkeep\n|turn|25\n|j| Gunnygod\n|\n|t:|1667514516\n|move|p2a: Thundurus|Aeroblast|p1a: Ferrothorn\n|-damage|p1a: Ferrothorn|0 fnt\n|faint|p1a: Ferrothorn\n|\n|upkeep\n|\n|t:|1667514518\n|switch|p1a: Weavile|Weavile, F|100\/100\n|-ability|p1a: Weavile|Pressure\n|turn|26\n|\n|t:|1667514525\n|switch|p2a: Buzzwole|Buzzwole|73\/100\n|move|p1a: Weavile|Triple Axel|p2a: Buzzwole\n|-damage|p2a: Buzzwole|61\/100\n|-crit|p2a: Buzzwole\n|-damage|p2a: Buzzwole|31\/100\n|-damage|p2a: Buzzwole|0 fnt\n|faint|p2a: Buzzwole\n|-hitcount|p2: Buzzwole|3\n|\n|upkeep\n|\n|t:|1667514527\n|switch|p2a: Scizor|Scizor, M|81\/100\n|turn|27\n|\n|t:|1667514531\n|switch|p1a: Toxapex|Toxapex, F|61\/100\n|move|p2a: Scizor|Swords Dance|p2a: Scizor\n|-boost|p2a: Scizor|atk|2\n|\n|upkeep\n|turn|28\n|\n|t:|1667514543\n|move|p2a: Scizor|Swords Dance|p2a: Scizor\n|-boost|p2a: Scizor|atk|2\n|move|p1a: Toxapex|Knock Off|p2a: Scizor\n|-damage|p2a: Scizor|63\/100\n|-enditem|p2a: Scizor|Life Orb|[from] move: Knock Off|[of] p1a: Toxapex\n|\n|upkeep\n|turn|29\n|\n|t:|1667514551\n|move|p2a: Scizor|Gear Grind|p1a: Toxapex\n|-resisted|p1a: Toxapex\n|-damage|p1a: Toxapex|19\/100\n|-resisted|p1a: Toxapex\n|-damage|p1a: Toxapex|0 fnt\n|faint|p1a: Toxapex\n|-hitcount|p1: Toxapex|2\n|\n|upkeep\n|\n|t:|1667514554\n|switch|p1a: Tornadus|Tornadus-Therian, M|59\/100\n|turn|30\n|j| Micahatbat 2\n|\n|t:|1667514555\n|move|p2a: Scizor|Bullet Punch|p1a: Tornadus\n|-damage|p1a: Tornadus|0 fnt\n|faint|p1a: Tornadus\n|\n|upkeep\n|c|\u2606LoSconosciuto|gg\n|c|\u2606LaLuneAttireLaMer|gg\n|l| Gunnygod\n|\n|t:|1667514567\n|switch|p1a: Weavile|Weavile, F|100\/100\n|-ability|p1a: Weavile|Pressure\n|turn|31\n|\n|t:|1667514569\n|move|p2a: Scizor|Bullet Punch|p1a: Weavile\n|-supereffective|p1a: Weavile\n|-damage|p1a: Weavile|0 fnt\n|faint|p1a: Weavile\n|\n|upkeep\n|\n|t:|1667514572\n|switch|p1a: Clefable|Clefable, M|100\/100\n|turn|32\n|\n|t:|1667514574\n|move|p2a: Scizor|Bullet Punch|p1a: Clefable\n|-supereffective|p1a: Clefable\n|-damage|p1a: Clefable|0 fnt\n|faint|p1a: Clefable\n|\n|win|LoSconosciuto\n|n|\u2606LaLuneAttireLaMer|laluneattirelamer\n|n|\u2606LoSconosciuto|losconosciuto\n|n|*Lady Monita \u263d|ladymonita\n|n| BB-8-NU|bb8nu\n|n| ACrumbOfSerotonin|acrumbofserotonin\n|n| Guave|guave\n|n| martinvtran|martinvtran\n|n| mrworldwide5|mrworldwide5\n|n| JoacoXX21|joacoxx21\n|n| BravePomPom|bravepompom\n|n| Psyfox654|psyfox654\n|n| Micahatbat 2|micahatbat2\n","uploadtime":1667514574,"views":9,"p1id":"laluneattirelamer","p2id":"losconosciuto","formatid":"gen8stabmons","rating":0,"private":0,"password":null}