{"id":"gen8ou-1547129701","p1":"Foolish Shogun","p2":"hypervortexreturns","format":"gen8ou","log":"|j|\u2606Foolish Shogun\n|j|\u203dhypervortexreturns\n|t:|1649228204\n|gametype|singles\n|player|p1|Foolish Shogun|ghetsis-gen5bw|1611\n|player|p2|hypervortexreturns|265|1736\n|teamsize|p1|6\n|teamsize|p2|6\n|gen|8\n|tier|[Gen 8] OU\n|rated|\n|rule|Sleep Clause Mod: Limit one foe put to sleep\n|rule|Species Clause: Limit one of each Pok\u00e9mon\n|rule|OHKO Clause: OHKO moves are banned\n|rule|Evasion Moves Clause: Evasion moves are banned\n|rule|Endless Battle Clause: Forcing endless battles is banned\n|rule|HP Percentage Mod: HP is shown in percentages\n|rule|Dynamax Clause: You cannot dynamax\n|clearpoke\n|poke|p1|Araquanid, F|\n|poke|p1|Nidoking, M|\n|poke|p1|Urshifu-*, M|\n|poke|p1|Zapdos-Galar|\n|poke|p1|Heatran, M|\n|poke|p1|Dragapult, F|\n|poke|p2|Hydreigon, F|\n|poke|p2|Excadrill, M|\n|poke|p2|Azumarill, F|\n|poke|p2|Corviknight, F|\n|poke|p2|Zapdos|\n|poke|p2|Tangrowth, M|\n|teampreview\n|\n|t:|1649228226\n|start\n|switch|p1a: Araquanid|Araquanid, F|100\/100\n|switch|p2a: Tangrowth|Tangrowth, M|100\/100\n|turn|1\n|\n|t:|1649228234\n|move|p1a: Araquanid|Toxic|p2a: Tangrowth\n|-status|p2a: Tangrowth|tox\n|move|p2a: Tangrowth|Sleep Powder|p1a: Araquanid|[miss]\n|-miss|p2a: Tangrowth|p1a: Araquanid\n|\n|-damage|p2a: Tangrowth|94\/100 tox|[from] psn\n|upkeep\n|turn|2\n|\n|t:|1649228242\n|switch|p1a: Heatran|Heatran, M|100\/100\n|move|p2a: Tangrowth|Sleep Powder|p1a: Heatran|[miss]\n|-miss|p2a: Tangrowth|p1a: Heatran\n|\n|-damage|p2a: Tangrowth|82\/100 tox|[from] psn\n|upkeep\n|turn|3\n|\n|t:|1649228256\n|switch|p2a: Hydreigon|Hydreigon, F|100\/100\n|move|p1a: Heatran|Magma Storm|p2a: Hydreigon\n|-resisted|p2a: Hydreigon\n|-damage|p2a: Hydreigon|79\/100\n|-activate|p2a: Hydreigon|move: Magma Storm|[of] p1a: Heatran\n|\n|-heal|p2a: Hydreigon|85\/100|[from] item: Leftovers\n|-damage|p2a: Hydreigon|73\/100|[from] move: Magma Storm|[partiallytrapped]\n|upkeep\n|turn|4\n|\n|t:|1649228272\n|switch|p1a: Zapdos|Zapdos-Galar|100\/100\n|move|p2a: Hydreigon|Earth Power|p1a: Zapdos\n|-immune|p1a: Zapdos\n|\n|-heal|p2a: Hydreigon|79\/100|[from] item: Leftovers\n|-end|p2a: Hydreigon|Magma Storm|[partiallytrapped]|[silent]\n|upkeep\n|turn|5\n|\n|t:|1649228283\n|switch|p2a: Zapdos|Zapdos|100\/100\n|move|p1a: Zapdos|U-turn|p2a: Zapdos\n|-resisted|p2a: Zapdos\n|-crit|p2a: Zapdos\n|-damage|p2a: Zapdos|83\/100\n|\n|t:|1649228286\n|switch|p1a: Araquanid|Araquanid, F|100\/100|[from]move: U-turn\n|\n|upkeep\n|turn|6\n|\n|t:|1649228299\n|switch|p2a: Tangrowth|Tangrowth, M|100\/100 tox\n|move|p1a: Araquanid|Liquidation|p2a: Tangrowth\n|-resisted|p2a: Tangrowth\n|-damage|p2a: Tangrowth|73\/100 tox\n|-unboost|p2a: Tangrowth|def|1\n|-damage|p1a: Araquanid|84\/100|[from] item: Rocky Helmet|[of] p2a: Tangrowth\n|\n|-damage|p2a: Tangrowth|67\/100 tox|[from] psn\n|upkeep\n|turn|7\n|\n|t:|1649228309\n|move|p1a: Araquanid|Liquidation|p2a: Tangrowth\n|-resisted|p2a: Tangrowth\n|-damage|p2a: Tangrowth|31\/100 tox\n|-damage|p1a: Araquanid|67\/100|[from] item: Rocky Helmet|[of] p2a: Tangrowth\n|move|p2a: Tangrowth|Sleep Powder|p1a: Araquanid\n|-status|p1a: Araquanid|slp|[from] move: Sleep Powder\n|\n|-damage|p2a: Tangrowth|18\/100 tox|[from] psn\n|upkeep\n|turn|8\n|\n|t:|1649228339\n|switch|p2a: Excadrill|Excadrill, M|100\/100\n|cant|p1a: Araquanid|slp\n|\n|upkeep\n|turn|9\n|\n|t:|1649228346\n|move|p2a: Excadrill|Stealth Rock|p1a: Araquanid\n|-sidestart|p1: Foolish Shogun|move: Stealth Rock\n|-curestatus|p1a: Araquanid|slp|[msg]\n|move|p1a: Araquanid|Liquidation|p2a: Excadrill\n|-supereffective|p2a: Excadrill\n|-damage|p2a: Excadrill|0 fnt\n|faint|p2a: Excadrill\n|\n|upkeep\n|\n|t:|1649228356\n|switch|p2a: Zapdos|Zapdos|83\/100\n|turn|10\n|\n|t:|1649228359\n|move|p2a: Zapdos|Hurricane|p1a: Araquanid\n|-supereffective|p1a: Araquanid\n|-damage|p1a: Araquanid|0 fnt\n|faint|p1a: Araquanid\n|\n|upkeep\n|\n|t:|1649228363\n|switch|p1a: Heatran|Heatran, M|100\/100\n|-damage|p1a: Heatran|88\/100|[from] Stealth Rock\n|turn|11\n|\n|t:|1649228380\n|switch|p2a: Hydreigon|Hydreigon, F|79\/100\n|switch|p1a: Dragapult|Dragapult, F|100\/100\n|-damage|p1a: Dragapult|88\/100|[from] Stealth Rock\n|\n|-heal|p2a: Hydreigon|85\/100|[from] item: Leftovers\n|upkeep\n|turn|12\n|\n|t:|1649228390\n|switch|p2a: Corviknight|Corviknight, F|100\/100\n|-ability|p2a: Corviknight|Pressure\n|move|p1a: Dragapult|U-turn|p2a: Corviknight\n|-resisted|p2a: Corviknight\n|-damage|p2a: Corviknight|97\/100\n|\n|t:|1649228393\n|switch|p1a: Nidoking|Nidoking, M|100\/100|[from]move: U-turn\n|-damage|p1a: Nidoking|95\/100|[from] Stealth Rock\n|\n|-heal|p2a: Corviknight|100\/100|[from] item: Leftovers\n|upkeep\n|turn|13\n|\n|t:|1649228417\n|switch|p2a: Hydreigon|Hydreigon, F|85\/100\n|move|p1a: Nidoking|Flamethrower|p2a: Hydreigon\n|-resisted|p2a: Hydreigon\n|-crit|p2a: Hydreigon\n|-damage|p2a: Hydreigon|56\/100\n|\n|-heal|p2a: Hydreigon|63\/100|[from] item: Leftovers\n|upkeep\n|turn|14\n|\n|t:|1649228434\n|switch|p1a: Zapdos|Zapdos-Galar|100\/100\n|-damage|p1a: Zapdos|88\/100|[from] Stealth Rock\n|move|p2a: Hydreigon|Earth Power|p1a: Zapdos\n|-immune|p1a: Zapdos\n|\n|-heal|p2a: Hydreigon|69\/100|[from] item: Leftovers\n|upkeep\n|turn|15\n|\n|t:|1649228445\n|switch|p1a: Heatran|Heatran, M|88\/100\n|-damage|p1a: Heatran|76\/100|[from] Stealth Rock\n|switch|p2a: Zapdos|Zapdos|83\/100\n|\n|-heal|p1a: Heatran|82\/100|[from] item: Leftovers\n|upkeep\n|turn|16\n|\n|t:|1649228455\n|switch|p2a: Hydreigon|Hydreigon, F|69\/100\n|move|p1a: Heatran|Stealth Rock|p2a: Hydreigon\n|-sidestart|p2: hypervortexreturns|move: Stealth Rock\n|\n|-heal|p2a: Hydreigon|75\/100|[from] item: Leftovers\n|-heal|p1a: Heatran|88\/100|[from] item: Leftovers\n|upkeep\n|turn|17\n|\n|t:|1649228467\n|move|p2a: Hydreigon|Dark Pulse|p1a: Heatran\n|-damage|p1a: Heatran|66\/100\n|move|p1a: Heatran|Magma Storm|p2a: Hydreigon\n|-resisted|p2a: Hydreigon\n|-damage|p2a: Hydreigon|56\/100\n|-activate|p2a: Hydreigon|move: Magma Storm|[of] p1a: Heatran\n|\n|-heal|p2a: Hydreigon|62\/100|[from] item: Leftovers\n|-heal|p1a: Heatran|73\/100|[from] item: Leftovers\n|-damage|p2a: Hydreigon|49\/100|[from] move: Magma Storm|[partiallytrapped]\n|upkeep\n|turn|18\n|\n|t:|1649228484\n|switch|p1a: Zapdos|Zapdos-Galar|88\/100\n|-damage|p1a: Zapdos|76\/100|[from] Stealth Rock\n|move|p2a: Hydreigon|Roost|p2a: Hydreigon\n|-heal|p2a: Hydreigon|99\/100\n|-singleturn|p2a: Hydreigon|move: Roost\n|\n|-heal|p2a: Hydreigon|100\/100|[from] item: Leftovers\n|-end|p2a: Hydreigon|Magma Storm|[partiallytrapped]|[silent]\n|upkeep\n|turn|19\n|\n|t:|1649228496\n|switch|p1a: Nidoking|Nidoking, M|95\/100\n|-damage|p1a: Nidoking|89\/100|[from] Stealth Rock\n|switch|p2a: Zapdos|Zapdos|83\/100\n|\n|upkeep\n|turn|20\n|\n|t:|1649228518\n|switch|p2a: Hydreigon|Hydreigon, F|100\/100\n|-damage|p2a: Hydreigon|88\/100|[from] Stealth Rock\n|move|p1a: Nidoking|Sludge Wave|p2a: Hydreigon\n|-damage|p2a: Hydreigon|29\/100\n|\n|-heal|p2a: Hydreigon|35\/100|[from] item: Leftovers\n|upkeep\n|turn|21\n|\n|t:|1649228538\n|move|p2a: Hydreigon|Roost|p2a: Hydreigon\n|-heal|p2a: Hydreigon|85\/100\n|-singleturn|p2a: Hydreigon|move: Roost\n|move|p1a: Nidoking|Sludge Wave|p2a: Hydreigon\n|-damage|p2a: Hydreigon|26\/100\n|\n|-heal|p2a: Hydreigon|32\/100|[from] item: Leftovers\n|upkeep\n|turn|22\n|\n|t:|1649228550\n|move|p2a: Hydreigon|Roost|p2a: Hydreigon\n|-heal|p2a: Hydreigon|82\/100\n|-singleturn|p2a: Hydreigon|move: Roost\n|move|p1a: Nidoking|Sludge Wave|p2a: Hydreigon\n|-damage|p2a: Hydreigon|20\/100\n|\n|-heal|p2a: Hydreigon|27\/100|[from] item: Leftovers\n|upkeep\n|turn|23\n|\n|t:|1649228559\n|move|p2a: Hydreigon|Earth Power|p1a: Nidoking\n|-supereffective|p1a: Nidoking\n|-damage|p1a: Nidoking|12\/100\n|move|p1a: Nidoking|Sludge Wave|p2a: Hydreigon\n|-crit|p2a: Hydreigon\n|-damage|p2a: Hydreigon|0 fnt\n|faint|p2a: Hydreigon\n|\n|upkeep\n|\n|t:|1649228598\n|switch|p2a: Azumarill|Azumarill, F|100\/100\n|-damage|p2a: Azumarill|88\/100|[from] Stealth Rock\n|turn|24\n|\n|t:|1649228605\n|move|p2a: Azumarill|Aqua Jet|p1a: Nidoking\n|-supereffective|p1a: Nidoking\n|-damage|p1a: Nidoking|0 fnt\n|faint|p1a: Nidoking\n|\n|upkeep\n|\n|t:|1649228614\n|switch|p1a: Zapdos|Zapdos-Galar|76\/100\n|-damage|p1a: Zapdos|63\/100|[from] Stealth Rock\n|turn|25\n|\n|t:|1649228632\n|switch|p2a: Zapdos|Zapdos|83\/100\n|move|p1a: Zapdos|Brave Bird|p2a: Zapdos\n|-resisted|p2a: Zapdos\n|-damage|p2a: Zapdos|52\/100\n|-status|p1a: Zapdos|par|[from] ability: Static|[of] p2a: Zapdos\n|-damage|p1a: Zapdos|51\/100 par|[from] Recoil\n|\n|upkeep\n|turn|26\n|\n|t:|1649228643\n|switch|p1a: Heatran|Heatran, M|73\/100\n|-damage|p1a: Heatran|60\/100|[from] Stealth Rock\n|move|p2a: Zapdos|Roost|p2a: Zapdos\n|-heal|p2a: Zapdos|100\/100\n|-singleturn|p2a: Zapdos|move: Roost\n|\n|-heal|p1a: Heatran|66\/100|[from] item: Leftovers\n|upkeep\n|turn|27\n|\n|t:|1649228663\n|switch|p2a: Azumarill|Azumarill, F|88\/100\n|-damage|p2a: Azumarill|76\/100|[from] Stealth Rock\n|move|p1a: Heatran|Magma Storm|p2a: Azumarill\n|-resisted|p2a: Azumarill\n|-damage|p2a: Azumarill|52\/100\n|-activate|p2a: Azumarill|move: Magma Storm|[of] p1a: Heatran\n|\n|-heal|p1a: Heatran|73\/100|[from] item: Leftovers\n|-damage|p2a: Azumarill|40\/100|[from] move: Magma Storm|[partiallytrapped]\n|upkeep\n|-enditem|p2a: Azumarill|Sitrus Berry|[eat]\n|-heal|p2a: Azumarill|65\/100|[from] item: Sitrus Berry\n|turn|28\n|\n|t:|1649228676\n|switch|p1a: Zapdos|Zapdos-Galar|51\/100 par\n|-damage|p1a: Zapdos|39\/100 par|[from] Stealth Rock\n|move|p2a: Azumarill|Knock Off|p1a: Zapdos\n|-resisted|p1a: Zapdos\n|-damage|p1a: Zapdos|15\/100 par\n|-enditem|p1a: Zapdos|Choice Scarf|[from] move: Knock Off|[of] p2a: Azumarill\n|\n|-end|p2a: Azumarill|Magma Storm|[partiallytrapped]|[silent]\n|upkeep\n|turn|29\n|\n|t:|1649228685\n|move|p2a: Azumarill|Aqua Jet|p1a: Zapdos\n|-damage|p1a: Zapdos|0 fnt\n|faint|p1a: Zapdos\n|\n|upkeep\n|\n|t:|1649228698\n|switch|p1a: Urshifu|Urshifu-Rapid-Strike, M|100\/100\n|-damage|p1a: Urshifu|94\/100|[from] Stealth Rock\n|turn|30\n|\n|t:|1649228709\n|switch|p2a: Zapdos|Zapdos|100\/100\n|move|p1a: Urshifu|Surging Strikes|p2a: Zapdos\n|-crit|p2a: Zapdos\n|-damage|p2a: Zapdos|72\/100\n|-crit|p2a: Zapdos\n|-damage|p2a: Zapdos|43\/100\n|-crit|p2a: Zapdos\n|-damage|p2a: Zapdos|13\/100\n|-status|p1a: Urshifu|par|[from] ability: Static|[of] p2a: Zapdos\n|-hitcount|p2a: Zapdos|3\n|\n|upkeep\n|turn|31\n|\n|t:|1649228723\n|move|p2a: Zapdos|Discharge|p1a: Urshifu\n|-supereffective|p1a: Urshifu\n|-damage|p1a: Urshifu|0 fnt\n|faint|p1a: Urshifu\n|\n|upkeep\n|\n|t:|1649228726\n|switch|p1a: Dragapult|Dragapult, F|88\/100\n|-damage|p1a: Dragapult|76\/100|[from] Stealth Rock\n|turn|32\n|\n|t:|1649228734\n|move|p1a: Dragapult|Shadow Ball|p2a: Zapdos\n|-damage|p2a: Zapdos|0 fnt\n|faint|p2a: Zapdos\n|\n|upkeep\n|\n|t:|1649228742\n|switch|p2a: Corviknight|Corviknight, F|100\/100\n|-damage|p2a: Corviknight|88\/100|[from] Stealth Rock\n|-ability|p2a: Corviknight|Pressure\n|turn|33\n|\n|t:|1649228767\n|switch|p1a: Heatran|Heatran, M|73\/100\n|-damage|p1a: Heatran|60\/100|[from] Stealth Rock\n|move|p2a: Corviknight|Roost|p2a: Corviknight\n|-heal|p2a: Corviknight|100\/100\n|-singleturn|p2a: Corviknight|move: Roost\n|\n|-heal|p1a: Heatran|66\/100|[from] item: Leftovers\n|upkeep\n|turn|34\n|\n|t:|1649228792\n|switch|p2a: Tangrowth|Tangrowth, M|51\/100 tox\n|-damage|p2a: Tangrowth|39\/100 tox|[from] Stealth Rock\n|move|p1a: Heatran|Magma Storm|p2a: Tangrowth|[miss]\n|-miss|p1a: Heatran|p2a: Tangrowth\n|\n|-heal|p1a: Heatran|73\/100|[from] item: Leftovers\n|-damage|p2a: Tangrowth|33\/100 tox|[from] psn\n|upkeep\n|turn|35\n|\n|t:|1649228802\n|move|p1a: Heatran|Magma Storm|p2a: Tangrowth\n|-supereffective|p2a: Tangrowth\n|-damage|p2a: Tangrowth|0 fnt\n|faint|p2a: Tangrowth\n|\n|-heal|p1a: Heatran|79\/100|[from] item: Leftovers\n|upkeep\n|\n|t:|1649228808\n|switch|p2a: Azumarill|Azumarill, F|65\/100\n|-damage|p2a: Azumarill|53\/100|[from] Stealth Rock\n|turn|36\n|\n|t:|1649228814\n|move|p1a: Heatran|Magma Storm|p2a: Azumarill\n|-resisted|p2a: Azumarill\n|-damage|p2a: Azumarill|28\/100\n|-activate|p2a: Azumarill|move: Magma Storm|[of] p1a: Heatran\n|move|p2a: Azumarill|Knock Off|p1a: Heatran\n|-damage|p1a: Heatran|45\/100\n|-enditem|p1a: Heatran|Leftovers|[from] move: Knock Off|[of] p2a: Azumarill\n|\n|-damage|p2a: Azumarill|15\/100|[from] move: Magma Storm|[partiallytrapped]\n|upkeep\n|turn|37\n|inactive|Battle timer is ON: inactive players will automatically lose when time's up. (requested by Foolish Shogun)\n|\n|t:|1649228873\n|move|p2a: Azumarill|Aqua Jet|p1a: Heatran\n|-supereffective|p1a: Heatran\n|-damage|p1a: Heatran|3\/100\n|move|p1a: Heatran|Earth Power|p2a: Azumarill\n|-damage|p2a: Azumarill|0 fnt\n|faint|p2a: Azumarill\n|\n|upkeep\n|\n|t:|1649228881\n|switch|p2a: Corviknight|Corviknight, F|100\/100\n|-damage|p2a: Corviknight|88\/100|[from] Stealth Rock\n|-ability|p2a: Corviknight|Pressure\n|turn|38\n|\n|t:|1649228890\n|move|p1a: Heatran|Magma Storm|p2a: Corviknight|[miss]\n|-miss|p1a: Heatran|p2a: Corviknight\n|move|p2a: Corviknight|Roost|p2a: Corviknight\n|-heal|p2a: Corviknight|100\/100\n|-singleturn|p2a: Corviknight|move: Roost\n|\n|upkeep\n|turn|39\n|\n|t:|1649228898\n|move|p1a: Heatran|Taunt|p2a: Corviknight\n|-start|p2a: Corviknight|move: Taunt\n|cant|p2a: Corviknight|move: Taunt|Bulk Up\n|\n|upkeep\n|turn|40\n|\n|t:|1649228906\n|move|p1a: Heatran|Earth Power|p2a: Corviknight\n|-immune|p2a: Corviknight\n|move|p2a: Corviknight|Brave Bird|p1a: Heatran\n|-resisted|p1a: Heatran\n|-damage|p1a: Heatran|0 fnt\n|faint|p1a: Heatran\n|-damage|p2a: Corviknight|99\/100|[from] Recoil\n|\n|-heal|p2a: Corviknight|100\/100|[from] item: Leftovers\n|upkeep\n|\n|t:|1649228909\n|switch|p1a: Dragapult|Dragapult, F|76\/100\n|-damage|p1a: Dragapult|64\/100|[from] Stealth Rock\n|turn|41\n|\n|t:|1649228919\n|move|p1a: Dragapult|Fire Blast|p2a: Corviknight\n|-supereffective|p2a: Corviknight\n|-damage|p2a: Corviknight|23\/100\n|move|p2a: Corviknight|Brave Bird|p1a: Dragapult\n|-damage|p1a: Dragapult|5\/100\n|-damage|p2a: Corviknight|8\/100|[from] Recoil\n|\n|-heal|p2a: Corviknight|14\/100|[from] item: Leftovers\n|-end|p2a: Corviknight|move: Taunt\n|upkeep\n|turn|42\n|\n|t:|1649228929\n|move|p1a: Dragapult|Fire Blast|p2a: Corviknight\n|-supereffective|p2a: Corviknight\n|-damage|p2a: Corviknight|0 fnt\n|faint|p2a: Corviknight\n|\n|win|Foolish Shogun\n|raw|Foolish Shogun's rating: 1611 &rarr; <strong>1638<\/strong><br \/>(+27 for winning)\n|raw|hypervortexreturns's rating: 1736 &rarr; <strong>1709<\/strong><br \/>(-27 for losing)\n|j| drekiop\n|c| drekiop|hi\n|c|\u2606Foolish Shogun|bye\n|l|\u2606Foolish Shogun\n|l|\u203dhypervortexreturns\n","uploadtime":1649228939,"views":139,"p1id":"foolishshogun","p2id":"hypervortexreturns","formatid":"gen8ou","rating":1638,"private":0,"password":null}