{"id":"gen8anythinggoes-1691829838","p1":"jushu114514","p2":"AGLT5TX poke","format":"gen8anythinggoes","log":"|raw|<div class=\"broadcast-blue\"><strong>This battle is required to be public due to a player having a name starting with 'aglt5tx'.<\/div>\n|j|\u2606jushu114514\n|j|\u2606AGLT5TX poke\n|t:|1666412803\n|gametype|singles\n|player|p1|jushu114514|102|1841\n|player|p2|AGLT5TX poke|lyra|1911\n|teamsize|p1|6\n|teamsize|p2|6\n|gen|8\n|tier|[Gen 8] Anything Goes\n|rated|\n|rule|HP Percentage Mod: HP is shown in percentages\n|rule|Endless Battle Clause: Forcing endless battles is banned\n|clearpoke\n|poke|p1|Aerodactyl, M|\n|poke|p1|Butterfree, F|\n|poke|p1|Calyrex-Shadow|\n|poke|p1|Yveltal|\n|poke|p1|Dialga|\n|poke|p1|Kyogre|\n|poke|p2|Slurpuff, F|\n|poke|p2|Kyogre|\n|poke|p2|Zekrom|\n|poke|p2|Necrozma-Dusk-Mane|\n|poke|p2|Yveltal|\n|poke|p2|Xerneas-*|\n|teampreview\n|inactive|Battle timer is ON: inactive players will automatically lose when time's up. (requested by AGLT5TX poke)\n|\n|t:|1666412818\n|start\n|switch|p1a: Aerodactyl|Aerodactyl, M|100\/100\n|switch|p2a: Slurpuff|Slurpuff, F|100\/100\n|-ability|p1a: Aerodactyl|Pressure\n|turn|1\n|\n|t:|1666412828\n|move|p1a: Aerodactyl|Rock Tomb|p2a: Slurpuff\n|-damage|p2a: Slurpuff|58\/100\n|-unboost|p2a: Slurpuff|spe|1\n|move|p2a: Slurpuff|Sticky Web|p1a: Aerodactyl\n|-sidestart|p1: jushu114514|move: Sticky Web\n|\n|upkeep\n|turn|2\n|\n|t:|1666412835\n|move|p2a: Slurpuff|Magic Coat|p2a: Slurpuff\n|-singleturn|p2a: Slurpuff|move: Magic Coat\n|move|p1a: Aerodactyl|Taunt|p2a: Slurpuff\n|move|p2a: Slurpuff|Taunt|p1a: Aerodactyl|[from]Magic Coat\n|-start|p1a: Aerodactyl|move: Taunt\n|\n|upkeep\n|turn|3\n|\n|t:|1666412839\n|move|p1a: Aerodactyl|Rock Tomb|p2a: Slurpuff\n|-damage|p2a: Slurpuff|11\/100\n|-unboost|p2a: Slurpuff|spe|1\n|move|p2a: Slurpuff|Misty Explosion|p1a: Aerodactyl\n|-damage|p1a: Aerodactyl|42\/100\n|faint|p2a: Slurpuff\n|\n|upkeep\n|\n|t:|1666412848\n|switch|p2a: Xerneas|Xerneas|100\/100\n|-ability|p2a: Xerneas|Fairy Aura\n|turn|4\n|\n|t:|1666412851\n|move|p1a: Aerodactyl|Rock Tomb|p2a: Xerneas\n|-damage|p2a: Xerneas|81\/100\n|-unboost|p2a: Xerneas|spe|1\n|move|p2a: Xerneas|Geomancy||[still]\n|-prepare|p2a: Xerneas|Geomancy\n|-enditem|p2a: Xerneas|Power Herb\n|-anim|p2a: Xerneas|Geomancy|p2a: Xerneas\n|-boost|p2a: Xerneas|spa|2\n|-boost|p2a: Xerneas|spd|2\n|-boost|p2a: Xerneas|spe|2\n|\n|upkeep\n|turn|5\n|\n|t:|1666412856\n|move|p1a: Aerodactyl|Rock Tomb|p2a: Xerneas\n|-damage|p2a: Xerneas|59\/100\n|-unboost|p2a: Xerneas|spe|1\n|move|p2a: Xerneas|Substitute|p2a: Xerneas\n|-start|p2a: Xerneas|Substitute\n|-damage|p2a: Xerneas|34\/100\n|\n|-end|p1a: Aerodactyl|move: Taunt\n|upkeep\n|turn|6\n|\n|t:|1666412870\n|move|p1a: Aerodactyl|Stealth Rock|p2a: Xerneas\n|-sidestart|p2: AGLT5TX poke|move: Stealth Rock\n|move|p2a: Xerneas|Moonblast|p1a: Aerodactyl\n|-damage|p1a: Aerodactyl|0 fnt\n|faint|p1a: Aerodactyl\n|\n|upkeep\n|\n|t:|1666412888\n|switch|p1a: Dialga|Dialga|100\/100\n|-activate|p1a: Dialga|move: Sticky Web\n|-unboost|p1a: Dialga|spe|1\n|-ability|p1a: Dialga|Pressure\n|turn|7\n|c|\u2606AGLT5TX poke|hm i am silly\n|\n|t:|1666412892\n|-start|p1a: Dialga|Dynamax|\n|-heal|p1a: Dialga|100\/100|[silent]\n|move|p2a: Xerneas|Moonblast|p1a: Dialga\n|-damage|p1a: Dialga|67\/100\n|move|p1a: Dialga|Max Steelspike|p2a: Xerneas\n|-supereffective|p2a: Xerneas\n|-end|p2a: Xerneas|Substitute\n|-boost|p1a: Dialga|def|1\n|\n|upkeep\n|turn|8\n|\n|t:|1666412895\n|move|p2a: Xerneas|Substitute|p2a: Xerneas\n|-start|p2a: Xerneas|Substitute\n|-damage|p2a: Xerneas|9\/100\n|move|p1a: Dialga|Max Steelspike|p2a: Xerneas\n|-supereffective|p2a: Xerneas\n|-end|p2a: Xerneas|Substitute\n|-boost|p1a: Dialga|def|1\n|\n|upkeep\n|turn|9\n|\n|t:|1666412899\n|move|p2a: Xerneas|Moonblast|p1a: Dialga\n|-damage|p1a: Dialga|33\/100\n|-unboost|p1a: Dialga|spa|1\n|move|p1a: Dialga|Max Lightning|p2a: Xerneas\n|-damage|p2a: Xerneas|0 fnt\n|-fieldstart|move: Electric Terrain\n|faint|p2a: Xerneas\n|\n|upkeep\n|\n|t:|1666412904\n|switch|p2a: Zekrom|Zekrom|100\/100\n|-damage|p2a: Zekrom|88\/100|[from] Stealth Rock\n|-ability|p2a: Zekrom|Teravolt\n|-end|p1a: Dialga|Dynamax\n|-heal|p1a: Dialga|33\/100|[silent]\n|turn|10\n|\n|t:|1666412907\n|move|p2a: Zekrom|Dragon Dance|p2a: Zekrom\n|-boost|p2a: Zekrom|atk|1\n|-boost|p2a: Zekrom|spe|1\n|move|p1a: Dialga|Dragon Pulse|p2a: Zekrom\n|-supereffective|p2a: Zekrom\n|-enditem|p2a: Zekrom|Haban Berry|[eat]\n|-enditem|p2a: Zekrom|Haban Berry|[weaken]\n|-damage|p2a: Zekrom|52\/100\n|\n|upkeep\n|turn|11\n|\n|t:|1666412910\n|move|p2a: Zekrom|Dragon Claw|p1a: Dialga\n|-damage|p1a: Dialga|3\/100\n|move|p1a: Dialga|Dragon Pulse|p2a: Zekrom\n|-supereffective|p2a: Zekrom\n|-damage|p2a: Zekrom|0 fnt\n|faint|p2a: Zekrom\n|\n|upkeep\n|\n|t:|1666412915\n|switch|p2a: Necrozma|Necrozma-Dusk-Mane|100\/100\n|-damage|p2a: Necrozma|95\/100|[from] Stealth Rock\n|turn|12\n|\n|t:|1666412917\n|move|p2a: Necrozma|Sunsteel Strike|p1a: Dialga\n|-resisted|p1a: Dialga\n|-damage|p1a: Dialga|0 fnt\n|faint|p1a: Dialga\n|-damage|p2a: Necrozma|85\/100|[from] item: Life Orb\n|\n|upkeep\n|\n|t:|1666412924\n|switch|p1a: Yveltal|Yveltal|100\/100\n|-ability|p1a: Yveltal|Dark Aura\n|turn|13\n|\n|t:|1666412930\n|move|p1a: Yveltal|Dark Pulse|p2a: Necrozma\n|-supereffective|p2a: Necrozma\n|-damage|p2a: Necrozma|0 fnt\n|faint|p2a: Necrozma\n|\n|-fieldend|move: Electric Terrain\n|upkeep\n|\n|t:|1666412933\n|switch|p2a: Kyogre|Kyogre|100\/100\n|-damage|p2a: Kyogre|88\/100|[from] Stealth Rock\n|-weather|RainDance|[from] ability: Drizzle|[of] p2a: Kyogre\n|turn|14\n|\n|t:|1666412937\n|move|p1a: Yveltal|Sucker Punch|p2a: Kyogre\n|-damage|p2a: Kyogre|47\/100\n|move|p2a: Kyogre|Thunder|p1a: Yveltal\n|-supereffective|p1a: Yveltal\n|-damage|p1a: Yveltal|23\/100\n|\n|-weather|RainDance|[upkeep]\n|upkeep\n|turn|15\n|\n|t:|1666412941\n|move|p1a: Yveltal|Sucker Punch|p2a: Kyogre\n|-damage|p2a: Kyogre|8\/100\n|move|p2a: Kyogre|Thunder|p1a: Yveltal\n|-supereffective|p1a: Yveltal\n|-damage|p1a: Yveltal|0 fnt\n|faint|p1a: Yveltal\n|\n|-weather|RainDance|[upkeep]\n|upkeep\n|\n|t:|1666412946\n|switch|p1a: Kyogre|Kyogre|100\/100\n|-activate|p1a: Kyogre|move: Sticky Web\n|-unboost|p1a: Kyogre|spe|1\n|turn|16\n|\n|t:|1666412948\n|move|p2a: Kyogre|Thunder|p1a: Kyogre\n|-supereffective|p1a: Kyogre\n|-damage|p1a: Kyogre|2\/100\n|move|p1a: Kyogre|Thunder|p2a: Kyogre\n|-supereffective|p2a: Kyogre\n|-crit|p2a: Kyogre\n|-damage|p2a: Kyogre|0 fnt\n|faint|p2a: Kyogre\n|\n|-weather|RainDance|[upkeep]\n|upkeep\n|\n|t:|1666412950\n|switch|p2a: Yveltal|Yveltal|100\/100\n|-damage|p2a: Yveltal|76\/100|[from] Stealth Rock\n|-ability|p2a: Yveltal|Dark Aura\n|turn|17\n|\n|t:|1666412952\n|move|p2a: Yveltal|Sucker Punch|p1a: Kyogre\n|-damage|p1a: Kyogre|0 fnt\n|faint|p1a: Kyogre\n|-damage|p2a: Yveltal|66\/100|[from] item: Life Orb\n|\n|-weather|RainDance|[upkeep]\n|upkeep\n|\n|t:|1666412954\n|switch|p1a: Butterfree|Butterfree, F|100\/100\n|turn|18\n|\n|t:|1666412956\n|move|p2a: Yveltal|Taunt|p1a: Butterfree\n|-start|p1a: Butterfree|move: Taunt\n|cant|p1a: Butterfree|move: Taunt|Sleep Powder\n|\n|-weather|none\n|upkeep\n|turn|19\n|\n|t:|1666412963\n|switch|p1a: Calyrex|Calyrex-Shadow|100\/100\n|-ability|p1a: Calyrex|As One\n|-ability|p1a: Calyrex|Unnerve\n|-activate|p1a: Calyrex|move: Sticky Web\n|-unboost|p1a: Calyrex|spe|1\n|move|p2a: Yveltal|Oblivion Wing|p1a: Calyrex\n|-damage|p1a: Calyrex|47\/100\n|-heal|p2a: Yveltal|99\/100|[from] drain|[of] p1a: Calyrex\n|-damage|p2a: Yveltal|90\/100|[from] item: Life Orb\n|\n|upkeep\n|turn|20\n|\n|t:|1666412966\n|move|p2a: Yveltal|Dark Pulse|p1a: Calyrex\n|-supereffective|p1a: Calyrex\n|-damage|p1a: Calyrex|0 fnt\n|faint|p1a: Calyrex\n|-damage|p2a: Yveltal|80\/100|[from] item: Life Orb\n|\n|upkeep\n|\n|t:|1666412968\n|switch|p1a: Butterfree|Butterfree, F|100\/100\n|turn|21\n|\n|t:|1666412970\n|move|p2a: Yveltal|Taunt|p1a: Butterfree\n|-start|p1a: Butterfree|move: Taunt\n|cant|p1a: Butterfree|move: Taunt|Sleep Powder\n|\n|upkeep\n|turn|22\n|-message|jushu114514 forfeited.\n|\n|win|AGLT5TX poke\n|raw|jushu114514's rating: 1841 &rarr; <strong>1825<\/strong><br \/>(-16 for losing)\n|raw|AGLT5TX poke's rating: 1911 &rarr; <strong>1927<\/strong><br \/>(+16 for winning)\n|l|\u2606jushu114514\n","uploadtime":1666412980,"views":11,"p1id":"jushu114514","p2id":"aglt5txpoke","formatid":"gen8anythinggoes","rating":1825,"private":0,"password":null}