{"id":"gen8ou-1643382048","p1":"Specs KD","p2":"LT93OQ KEBAB","format":"gen8ou","log":"|raw|<div class=\"broadcast-blue\"><strong>This battle is required to be public due to a player having a name starting with 'lt93oq'.<\/div>\n|j|\u2606Specs KD\n|j|\u2606LT93OQ KEBAB\n|t:|1660931450\n|gametype|singles\n|player|p1|Specs KD|swimmerf|1675\n|player|p2|LT93OQ KEBAB|volkner|1858\n|teamsize|p1|6\n|teamsize|p2|6\n|gen|8\n|tier|[Gen 8] OU\n|rated|\n|rule|Sleep Clause Mod: Limit one foe put to sleep\n|rule|Species Clause: Limit one of each Pok\u00e9mon\n|rule|OHKO Clause: OHKO moves are banned\n|rule|Evasion Items Clause: Evasion items are banned\n|rule|Evasion Moves Clause: Evasion moves are banned\n|rule|Endless Battle Clause: Forcing endless battles is banned\n|rule|HP Percentage Mod: HP is shown in percentages\n|rule|Dynamax Clause: You cannot dynamax\n|clearpoke\n|poke|p1|Aegislash, F|\n|poke|p1|Kommo-o, F|\n|poke|p1|Kartana|\n|poke|p1|Rillaboom, F|\n|poke|p1|Necrozma|\n|poke|p1|Nihilego|\n|poke|p2|Landorus-Therian, M|\n|poke|p2|Urshifu-*, F|\n|poke|p2|Slowking-Galar, F|\n|poke|p2|Ferrothorn, F|\n|poke|p2|Dragapult, F|\n|poke|p2|Zapdos|\n|teampreview\n|\n|t:|1660931465\n|start\n|switch|p1a: Necrozma|Necrozma|100\/100\n|switch|p2a: Urshifu|Urshifu-Rapid-Strike, F|100\/100\n|turn|1\n|\n|t:|1660931501\n|move|p2a: Urshifu|U-turn|p1a: Necrozma\n|-supereffective|p1a: Necrozma\n|-damage|p1a: Necrozma|60\/100\n|-enditem|p1a: Necrozma|Weakness Policy\n|-boost|p1a: Necrozma|atk|2|[from] item: Weakness Policy\n|-boost|p1a: Necrozma|spa|2|[from] item: Weakness Policy\n|\n|t:|1660931508\n|switch|p2a: Slowking|Slowking-Galar, F|100\/100|[from]move: U-turn\n|move|p1a: Necrozma|Stealth Rock|p2a: Slowking\n|-sidestart|p2: LT93OQ KEBAB|move: Stealth Rock\n|\n|upkeep\n|turn|2\n|\n|t:|1660931510\n|move|p1a: Necrozma|Earth Power|p2a: Slowking\n|-supereffective|p2a: Slowking\n|-damage|p2a: Slowking|41\/100\n|move|p2a: Slowking|Sludge Bomb|p1a: Necrozma\n|-damage|p1a: Necrozma|22\/100\n|\n|upkeep\n|turn|3\n|\n|t:|1660931522\n|switch|p2a: Landorus|Landorus-Therian, M|100\/100\n|-damage|p2a: Landorus|88\/100|[from] Stealth Rock\n|-ability|p2a: Landorus|Intimidate|boost\n|-unboost|p1a: Necrozma|atk|1\n|move|p1a: Necrozma|Heat Wave|p2a: Landorus\n|-damage|p2a: Landorus|37\/100\n|\n|-heal|p2a: Landorus|43\/100|[from] item: Leftovers\n|upkeep\n|turn|4\n|\n|t:|1660931525\n|move|p2a: Landorus|Knock Off|p1a: Necrozma\n|-supereffective|p1a: Necrozma\n|-damage|p1a: Necrozma|0 fnt\n|faint|p1a: Necrozma\n|\n|-heal|p2a: Landorus|49\/100|[from] item: Leftovers\n|upkeep\n|\n|t:|1660931531\n|switch|p1a: Kommo-o|Kommo-o, F|100\/100\n|turn|5\n|\n|t:|1660931533\n|move|p1a: Kommo-o|Clangorous Soul|p1a: Kommo-o\n|-boost|p1a: Kommo-o|atk|1\n|-boost|p1a: Kommo-o|def|1\n|-boost|p1a: Kommo-o|spa|1\n|-boost|p1a: Kommo-o|spd|1\n|-boost|p1a: Kommo-o|spe|1\n|-damage|p1a: Kommo-o|68\/100\n|-enditem|p1a: Kommo-o|Throat Spray\n|-boost|p1a: Kommo-o|spa|1|[from] item: Throat Spray\n|move|p2a: Landorus|U-turn|p1a: Kommo-o\n|-resisted|p1a: Kommo-o\n|-damage|p1a: Kommo-o|61\/100\n|\n|t:|1660931540\n|switch|p2a: Slowking|Slowking-Galar, F|74\/100|[from]move: U-turn\n|-damage|p2a: Slowking|62\/100|[from] Stealth Rock\n|\n|upkeep\n|turn|6\n|\n|t:|1660931549\n|switch|p2a: Landorus|Landorus-Therian, M|49\/100\n|-damage|p2a: Landorus|37\/100|[from] Stealth Rock\n|-ability|p2a: Landorus|Intimidate|boost\n|-unboost|p1a: Kommo-o|atk|1\n|move|p1a: Kommo-o|Clanging Scales|p2a: Landorus\n|-damage|p2a: Landorus|0 fnt\n|faint|p2a: Landorus\n|-unboost|p1a: Kommo-o|def|1\n|\n|upkeep\n|\n|t:|1660931551\n|switch|p2a: Slowking|Slowking-Galar, F|95\/100\n|-damage|p2a: Slowking|83\/100|[from] Stealth Rock\n|turn|7\n|\n|t:|1660931554\n|move|p1a: Kommo-o|Clanging Scales|p2a: Slowking\n|-damage|p2a: Slowking|37\/100\n|-unboost|p1a: Kommo-o|def|1\n|move|p2a: Slowking|Future Sight|p1a: Kommo-o\n|-start|p2a: Slowking|move: Future Sight\n|\n|upkeep\n|turn|8\n|\n|t:|1660931559\n|switch|p2a: Ferrothorn|Ferrothorn, F|100\/100\n|-damage|p2a: Ferrothorn|94\/100|[from] Stealth Rock\n|move|p1a: Kommo-o|Clanging Scales|p2a: Ferrothorn\n|-resisted|p2a: Ferrothorn\n|-damage|p2a: Ferrothorn|62\/100\n|-unboost|p1a: Kommo-o|def|1\n|\n|-heal|p2a: Ferrothorn|68\/100|[from] item: Leftovers\n|upkeep\n|turn|9\n|\n|t:|1660931567\n|move|p1a: Kommo-o|Clanging Scales|p2a: Ferrothorn\n|-resisted|p2a: Ferrothorn\n|-damage|p2a: Ferrothorn|32\/100\n|-unboost|p1a: Kommo-o|def|1\n|move|p2a: Ferrothorn|Stealth Rock|p1a: Kommo-o\n|-sidestart|p1: Specs KD|move: Stealth Rock\n|\n|-end|p1a: Kommo-o|move: Future Sight\n|-supereffective|p1a: Kommo-o\n|-damage|p1a: Kommo-o|0 fnt\n|faint|p1a: Kommo-o\n|-heal|p2a: Ferrothorn|39\/100|[from] item: Leftovers\n|upkeep\n|\n|t:|1660931575\n|switch|p1a: Kartana|Kartana|100\/100\n|-damage|p1a: Kartana|94\/100|[from] Stealth Rock\n|turn|10\n|\n|t:|1660931577\n|move|p1a: Kartana|Swords Dance|p1a: Kartana\n|-boost|p1a: Kartana|atk|2\n|move|p2a: Ferrothorn|Knock Off|p1a: Kartana\n|-damage|p1a: Kartana|77\/100\n|-enditem|p1a: Kartana|Protective Pads|[from] move: Knock Off|[of] p2a: Ferrothorn\n|\n|-heal|p2a: Ferrothorn|45\/100|[from] item: Leftovers\n|upkeep\n|turn|11\n|\n|t:|1660931585\n|move|p1a: Kartana|Sacred Sword|p2a: Ferrothorn\n|-supereffective|p2a: Ferrothorn\n|-damage|p2a: Ferrothorn|0 fnt\n|-damage|p1a: Kartana|64\/100|[from] ability: Iron Barbs|[of] p2a: Ferrothorn\n|faint|p2a: Ferrothorn\n|-ability|p1a: Kartana|Beast Boost|boost\n|-boost|p1a: Kartana|spe|1\n|\n|upkeep\n|\n|t:|1660931587\n|switch|p2a: Zapdos|Zapdos|100\/100\n|turn|12\n|\n|t:|1660931589\n|move|p1a: Kartana|Knock Off|p2a: Zapdos\n|-damage|p2a: Zapdos|44\/100\n|-enditem|p2a: Zapdos|Heavy-Duty Boots|[from] move: Knock Off|[of] p1a: Kartana\n|move|p2a: Zapdos|Heat Wave|p1a: Kartana\n|-supereffective|p1a: Kartana\n|-damage|p1a: Kartana|0 fnt\n|faint|p1a: Kartana\n|\n|upkeep\n|\n|t:|1660931591\n|switch|p1a: Nihilego|Nihilego|100\/100\n|-damage|p1a: Nihilego|88\/100|[from] Stealth Rock\n|turn|13\n|\n|t:|1660931599\n|switch|p2a: Urshifu|Urshifu-Rapid-Strike, F|100\/100\n|-damage|p2a: Urshifu|94\/100|[from] Stealth Rock\n|move|p1a: Nihilego|Meteor Beam||[still]\n|-prepare|p1a: Nihilego|Meteor Beam\n|-boost|p1a: Nihilego|spa|1\n|-enditem|p1a: Nihilego|Power Herb\n|-anim|p1a: Nihilego|Meteor Beam|p2a: Urshifu\n|-resisted|p2a: Urshifu\n|-damage|p2a: Urshifu|34\/100\n|\n|upkeep\n|turn|14\n|\n|t:|1660931603\n|switch|p1a: Rillaboom|Rillaboom, F|100\/100\n|-damage|p1a: Rillaboom|88\/100|[from] Stealth Rock\n|-fieldstart|move: Grassy Terrain|[from] ability: Grassy Surge|[of] p1a: Rillaboom\n|move|p2a: Urshifu|Aqua Jet|p1a: Rillaboom\n|-resisted|p1a: Rillaboom\n|-damage|p1a: Rillaboom|71\/100\n|\n|-heal|p2a: Urshifu|40\/100|[from] Grassy Terrain\n|-heal|p1a: Rillaboom|78\/100|[from] Grassy Terrain\n|upkeep\n|turn|15\n|\n|t:|1660931606\n|switch|p2a: Zapdos|Zapdos|44\/100\n|-damage|p2a: Zapdos|19\/100|[from] Stealth Rock\n|move|p1a: Rillaboom|Swords Dance|p1a: Rillaboom\n|-boost|p1a: Rillaboom|atk|2\n|\n|-heal|p1a: Rillaboom|84\/100|[from] Grassy Terrain\n|upkeep\n|turn|16\n|\n|t:|1660931610\n|move|p1a: Rillaboom|Grassy Glide|p2a: Zapdos\n|-resisted|p2a: Zapdos\n|-damage|p2a: Zapdos|0 fnt\n|faint|p2a: Zapdos\n|-damage|p1a: Rillaboom|74\/100|[from] item: Life Orb\n|\n|-heal|p1a: Rillaboom|80\/100|[from] Grassy Terrain\n|upkeep\n|\n|t:|1660931612\n|switch|p2a: Dragapult|Dragapult, F|100\/100\n|-damage|p2a: Dragapult|88\/100|[from] Stealth Rock\n|turn|17\n|\n|t:|1660931622\n|move|p1a: Rillaboom|Grassy Glide|p2a: Dragapult\n|-resisted|p2a: Dragapult\n|-damage|p2a: Dragapult|0 fnt\n|faint|p2a: Dragapult\n|-damage|p1a: Rillaboom|70\/100|[from] item: Life Orb\n|\n|-heal|p1a: Rillaboom|76\/100|[from] Grassy Terrain\n|upkeep\n|-message|LT93OQ KEBAB forfeited.\n|\n|win|Specs KD\n|raw|Specs KD's rating: 1694 &rarr; <strong>1723<\/strong><br \/>(+29 for winning)\n|raw|LT93OQ KEBAB's rating: 1858 &rarr; <strong>1829<\/strong><br \/>(-29 for losing)\n|l|\u2606LT93OQ KEBAB\n","uploadtime":1660931632,"views":54,"p1id":"specskd","p2id":"lt93oqkebab","formatid":"gen8ou","rating":1723,"private":0,"password":null}