{"id":"gen8nationaldex-1706975948","p1":"eatyourweetabix","p2":"bananinha000","format":"gen8nationaldex","log":"|j|\u2606eatyourweetabix\n|j|\u2606bananinha000\n|t:|1668038081\n|gametype|singles\n|player|p1|eatyourweetabix|2|1246\n|player|p2|bananinha000|nate|1219\n|teamsize|p1|6\n|teamsize|p2|6\n|gen|8\n|tier|[Gen 8] National Dex\n|rated|\n|rule|HP Percentage Mod: HP is shown in percentages\n|rule|Endless Battle Clause: Forcing endless battles is banned\n|rule|OHKO Clause: OHKO moves are banned\n|rule|Evasion Moves Clause: Evasion moves are banned\n|rule|Species Clause: Limit one of each Pok\u00e9mon\n|rule|Dynamax Clause: You cannot dynamax\n|rule|Sleep Clause Mod: Limit one foe put to sleep\n|clearpoke\n|poke|p1|Aerodactyl, F|\n|poke|p1|Zeraora|\n|poke|p1|Glaceon, F|\n|poke|p1|Slurpuff, F|\n|poke|p1|Charizard, F|\n|poke|p1|Melmetal|\n|poke|p2|Zoroark, M|\n|poke|p2|Chandelure, M|\n|poke|p2|Galvantula, M|\n|poke|p2|Haxorus, M|\n|poke|p2|Mienshao, M|\n|poke|p2|Excadrill, M|\n|teampreview\n|\n|t:|1668038105\n|start\n|switch|p1a: Slurpuff|Slurpuff, F|100\/100\n|switch|p2a: Haxorus|Haxorus, M, shiny|100\/100\n|-ability|p2a: Haxorus|Mold Breaker\n|turn|1\n|\n|t:|1668038109\n|switch|p2a: Excadrill|Excadrill, M|100\/100\n|-ability|p2a: Excadrill|Mold Breaker\n|move|p1a: Slurpuff|Sticky Web|p2a: Excadrill\n|-sidestart|p2: bananinha000|move: Sticky Web\n|\n|upkeep\n|turn|2\n|\n|t:|1668038115\n|move|p2a: Excadrill|Rapid Spin|p1a: Slurpuff\n|-damage|p1a: Slurpuff|86\/100\n|-boost|p2a: Excadrill|spe|1\n|-sideend|p2: bananinha000|Sticky Web|[from] move: Rapid Spin|[of] p2a: Excadrill\n|-enditem|p1a: Slurpuff|Red Card|[of] p2a: Excadrill\n|drag|p2a: Chandelure|Chandelure, M, shiny|100\/100\n|move|p1a: Slurpuff|Sticky Web|p2a: Chandelure\n|-sidestart|p2: bananinha000|move: Sticky Web\n|\n|upkeep\n|turn|3\n|\n|t:|1668038126\n|switch|p1a: Charizard|Charizard, F|100\/100\n|switch|p2a: Excadrill|Excadrill, M|100\/100\n|-ability|p2a: Excadrill|Mold Breaker\n|\n|upkeep\n|turn|4\n|\n|t:|1668038142\n|switch|p2a: Chandelure|Chandelure, M, shiny|100\/100\n|move|p1a: Charizard|Substitute|p1a: Charizard\n|-start|p1a: Charizard|Substitute\n|-damage|p1a: Charizard|75\/100\n|\n|upkeep\n|turn|5\n|\n|t:|1668038158\n|move|p1a: Charizard|Belly Drum|p1a: Charizard\n|-damage|p1a: Charizard|25\/100\n|-setboost|p1a: Charizard|atk|6|[from] move: Belly Drum\n|-enditem|p1a: Charizard|Salac Berry|[eat]\n|-boost|p1a: Charizard|spe|1|[from] item: Salac Berry\n|move|p2a: Chandelure|Calm Mind|p2a: Chandelure\n|-boost|p2a: Chandelure|spa|1\n|-boost|p2a: Chandelure|spd|1\n|\n|upkeep\n|turn|6\n|\n|t:|1668038161\n|move|p1a: Charizard|Acrobatics|p2a: Chandelure\n|-damage|p2a: Chandelure|0 fnt\n|faint|p2a: Chandelure\n|\n|upkeep\n|\n|t:|1668038174\n|switch|p2a: Galvantula|Galvantula, M, shiny|100\/100\n|-activate|p2a: Galvantula|move: Sticky Web\n|-unboost|p2a: Galvantula|spe|1\n|turn|7\n|\n|t:|1668038177\n|move|p1a: Charizard|Fire Punch|p2a: Galvantula\n|-supereffective|p2a: Galvantula\n|-enditem|p2a: Galvantula|Focus Sash\n|-damage|p2a: Galvantula|1\/100\n|move|p2a: Galvantula|Sticky Web|p1a: Charizard\n|-sidestart|p1: eatyourweetabix|move: Sticky Web\n|\n|upkeep\n|turn|8\n|\n|t:|1668038184\n|move|p1a: Charizard|Fire Punch|p2a: Galvantula\n|-supereffective|p2a: Galvantula\n|-damage|p2a: Galvantula|0 fnt\n|faint|p2a: Galvantula\n|\n|upkeep\n|\n|t:|1668038187\n|switch|p2a: Mienshao|Mienshao, M|100\/100\n|-activate|p2a: Mienshao|move: Sticky Web\n|-unboost|p2a: Mienshao|spe|1\n|turn|9\n|\n|t:|1668038192\n|move|p1a: Charizard|Acrobatics|p2a: Mienshao\n|-supereffective|p2a: Mienshao\n|-enditem|p2a: Mienshao|Focus Sash\n|-damage|p2a: Mienshao|1\/100\n|move|p2a: Mienshao|Acrobatics|p1a: Charizard\n|-end|p1a: Charizard|Substitute\n|\n|upkeep\n|turn|10\n|\n|t:|1668038199\n|move|p1a: Charizard|Fire Punch|p2a: Mienshao\n|-damage|p2a: Mienshao|0 fnt\n|faint|p2a: Mienshao\n|\n|upkeep\n|\n|t:|1668038207\n|switch|p2a: Haxorus|Haxorus, M, shiny|100\/100\n|-activate|p2a: Haxorus|move: Sticky Web\n|-unboost|p2a: Haxorus|spe|1\n|-ability|p2a: Haxorus|Mold Breaker\n|turn|11\n|\n|t:|1668038211\n|move|p1a: Charizard|Acrobatics|p2a: Haxorus\n|-damage|p2a: Haxorus|0 fnt\n|faint|p2a: Haxorus\n|\n|upkeep\n|-message|bananinha000 forfeited.\n|\n|win|eatyourweetabix\n|raw|eatyourweetabix's rating: 1246 &rarr; <strong>1269<\/strong><br \/>(+23 for winning)\n|raw|bananinha000's rating: 1219 &rarr; <strong>1196<\/strong><br \/>(-23 for losing)\n|l|\u2606bananinha000\n","uploadtime":1668038219,"views":3,"p1id":"eatyourweetabix","p2id":"bananinha000","formatid":"gen8nationaldex","rating":1196,"private":0,"password":null}