{"id":"gen8bdspou-1484316180","p1":"friedfreak","p2":"hanging triangle","format":"gen8bdspou","log":"|j|\u2606friedfreak\n|j|\u203dhanging triangle\n|t:|1641175443\n|gametype|singles\n|player|p1|friedfreak|102|1682\n|player|p2|hanging triangle|lance-gen2|1610\n|teamsize|p1|6\n|teamsize|p2|6\n|gen|8\n|tier|[Gen 8 BDSP] OU\n|rated|\n|rule|Sleep Clause Mod: Limit one foe put to sleep\n|rule|Species Clause: Limit one of each Pok\u00e9mon\n|rule|OHKO Clause: OHKO moves are banned\n|rule|Evasion Moves Clause: Evasion moves are banned\n|rule|Endless Battle Clause: Forcing endless battles is banned\n|rule|HP Percentage Mod: HP is shown in percentages\n|clearpoke\n|poke|p1|Rotom-Wash|\n|poke|p1|Tangrowth, F|\n|poke|p1|Gengar, M|\n|poke|p1|Gliscor, M|\n|poke|p1|Dragonite, F|\n|poke|p1|Clefable, M|\n|poke|p2|Gliscor, M|\n|poke|p2|Tangrowth, F|\n|poke|p2|Heatran, F|\n|poke|p2|Clefable, F|\n|poke|p2|Starmie|\n|poke|p2|Crawdaunt, M|\n|teampreview\n|inactive|Battle timer is ON: inactive players will automatically lose when time's up. (requested by friedfreak)\n|\n|t:|1641175460\n|start\n|switch|p1a: Tangrowth|Tangrowth, F|100\/100\n|switch|p2a: Tangrowth|Tangrowth, F, shiny|100\/100\n|turn|1\n|\n|t:|1641175464\n|move|p1a: Tangrowth|Sludge Bomb|p2a: Tangrowth\n|-supereffective|p2a: Tangrowth\n|-damage|p2a: Tangrowth|38\/100\n|move|p2a: Tangrowth|Knock Off|p1a: Tangrowth\n|-damage|p1a: Tangrowth|86\/100\n|-enditem|p1a: Tangrowth|Leftovers|[from] move: Knock Off|[of] p2a: Tangrowth\n|\n|-heal|p2a: Tangrowth|44\/100|[from] item: Leftovers\n|upkeep\n|turn|2\n|\n|t:|1641175473\n|move|p1a: Tangrowth|Knock Off|p2a: Tangrowth\n|-damage|p2a: Tangrowth|33\/100\n|-enditem|p2a: Tangrowth|Leftovers|[from] move: Knock Off|[of] p1a: Tangrowth\n|move|p2a: Tangrowth|Sludge Bomb|p1a: Tangrowth\n|-supereffective|p1a: Tangrowth\n|-crit|p1a: Tangrowth\n|-damage|p1a: Tangrowth|28\/100\n|\n|upkeep\n|turn|3\n|\n|t:|1641175480\n|switch|p2a: Heatran|Heatran, F|100\/100\n|move|p1a: Tangrowth|Sleep Powder|p2a: Heatran\n|-status|p2a: Heatran|slp|[from] move: Sleep Powder\n|\n|upkeep\n|turn|4\n|j| yuwenhu\n|\n|t:|1641175490\n|cant|p2a: Heatran|slp\n|move|p1a: Tangrowth|Knock Off|p2a: Heatran\n|-damage|p2a: Heatran|85\/100 slp\n|-enditem|p2a: Heatran|Leftovers|[from] move: Knock Off|[of] p1a: Tangrowth\n|\n|upkeep\n|turn|5\n|\n|t:|1641175502\n|switch|p1a: Gliscor|Gliscor, M|100\/100\n|-curestatus|p2a: Heatran|slp|[msg]\n|move|p2a: Heatran|Lava Plume|p1a: Gliscor\n|-damage|p1a: Gliscor|74\/100\n|-status|p1a: Gliscor|brn\n|\n|-damage|p1a: Gliscor|68\/100 brn|[from] brn\n|upkeep\n|turn|6\n|\n|t:|1641175510\n|switch|p2a: Gliscor|Gliscor, M|100\/100\n|move|p1a: Gliscor|Earthquake|p2a: Gliscor\n|-immune|p2a: Gliscor\n|\n|-damage|p1a: Gliscor|61\/100 brn|[from] brn\n|-status|p2a: Gliscor|tox|[from] item: Toxic Orb\n|upkeep\n|turn|7\n|\n|t:|1641175514\n|move|p2a: Gliscor|U-turn|p1a: Gliscor\n|-resisted|p1a: Gliscor\n|-damage|p1a: Gliscor|55\/100 brn\n|\n|t:|1641175516\n|switch|p2a: Starmie|Starmie, shiny|100\/100|[from]move: U-turn\n|move|p1a: Gliscor|U-turn|p2a: Starmie\n|-supereffective|p2a: Starmie\n|-damage|p2a: Starmie|78\/100\n|\n|t:|1641175531\n|switch|p1a: Rotom|Rotom-Wash|100\/100|[from]move: U-turn\n|\n|upkeep\n|turn|8\n|j| bumblebeeee\n|\n|t:|1641175541\n|switch|p2a: Tangrowth|Tangrowth, F, shiny|66\/100\n|move|p1a: Rotom|Volt Switch|p2a: Tangrowth\n|-resisted|p2a: Tangrowth\n|-damage|p2a: Tangrowth|45\/100\n|\n|t:|1641175559\n|switch|p1a: Gengar|Gengar, M|100\/100|[from]move: Volt Switch\n|\n|upkeep\n|turn|9\n|\n|t:|1641175566\n|switch|p2a: Gliscor|Gliscor, M|100\/100 tox\n|move|p1a: Gengar|Shadow Ball|p2a: Gliscor\n|-damage|p2a: Gliscor|49\/100 tox\n|\n|-heal|p2a: Gliscor|61\/100 tox|[from] ability: Poison Heal\n|upkeep\n|turn|10\n|\n|t:|1641175576\n|switch|p1a: Clefable|Clefable, M|100\/100\n|move|p2a: Gliscor|Roost|p2a: Gliscor\n|-heal|p2a: Gliscor|100\/100 tox\n|-singleturn|p2a: Gliscor|move: Roost\n|\n|upkeep\n|turn|11\n|l| yuwenhu\n|\n|t:|1641175581\n|move|p2a: Gliscor|Earthquake|p1a: Clefable\n|-damage|p1a: Clefable|76\/100\n|move|p1a: Clefable|Stealth Rock|p2a: Gliscor\n|-sidestart|p2: hanging triangle|move: Stealth Rock\n|\n|-heal|p1a: Clefable|82\/100|[from] item: Leftovers\n|upkeep\n|turn|12\n|\n|t:|1641175584\n|move|p2a: Gliscor|Defog|p1a: Clefable\n|-unboost|p1a: Clefable|evasion|1\n|-sideend|p2: hanging triangle|Stealth Rock|[from] move: Defog|[of] p2a: Gliscor\n|move|p1a: Clefable|Moonblast|p2a: Gliscor\n|-damage|p2a: Gliscor|74\/100 tox\n|\n|-heal|p1a: Clefable|88\/100|[from] item: Leftovers\n|-heal|p2a: Gliscor|87\/100 tox|[from] ability: Poison Heal\n|upkeep\n|turn|13\n|\n|t:|1641175588\n|move|p2a: Gliscor|U-turn|p1a: Clefable\n|-resisted|p1a: Clefable\n|-damage|p1a: Clefable|82\/100\n|\n|t:|1641175590\n|switch|p2a: Tangrowth|Tangrowth, F, shiny|78\/100|[from]move: U-turn\n|move|p1a: Clefable|Stealth Rock|p2a: Tangrowth\n|-sidestart|p2: hanging triangle|move: Stealth Rock\n|\n|-heal|p1a: Clefable|88\/100|[from] item: Leftovers\n|upkeep\n|turn|14\n|\n|t:|1641175599\n|move|p1a: Clefable|Moonblast|p2a: Tangrowth\n|-damage|p2a: Tangrowth|31\/100\n|move|p2a: Tangrowth|Knock Off|p1a: Clefable\n|-resisted|p1a: Clefable\n|-damage|p1a: Clefable|79\/100\n|-enditem|p1a: Clefable|Leftovers|[from] move: Knock Off|[of] p2a: Tangrowth\n|\n|upkeep\n|turn|15\n|j| ArealBadDream\n|\n|t:|1641175618\n|switch|p2a: Gliscor|Gliscor, M|87\/100 tox\n|-damage|p2a: Gliscor|74\/100 tox|[from] Stealth Rock\n|move|p1a: Clefable|Moonblast|p2a: Gliscor\n|-damage|p2a: Gliscor|47\/100 tox\n|\n|-heal|p2a: Gliscor|59\/100 tox|[from] ability: Poison Heal\n|upkeep\n|turn|16\n|\n|t:|1641175624\n|move|p2a: Gliscor|Roost|p2a: Gliscor\n|-heal|p2a: Gliscor|100\/100 tox\n|-singleturn|p2a: Gliscor|move: Roost\n|move|p1a: Clefable|Moonblast|p2a: Gliscor\n|-damage|p2a: Gliscor|71\/100 tox\n|\n|-heal|p2a: Gliscor|84\/100 tox|[from] ability: Poison Heal\n|upkeep\n|turn|17\n|\n|t:|1641175628\n|move|p2a: Gliscor|Defog|p1a: Clefable\n|-unboost|p1a: Clefable|evasion|1\n|-sideend|p2: hanging triangle|Stealth Rock|[from] move: Defog|[of] p2a: Gliscor\n|move|p1a: Clefable|Moonblast|p2a: Gliscor\n|-damage|p2a: Gliscor|58\/100 tox\n|\n|-heal|p2a: Gliscor|71\/100 tox|[from] ability: Poison Heal\n|upkeep\n|turn|18\n|\n|t:|1641175630\n|move|p2a: Gliscor|Earthquake|p1a: Clefable\n|-damage|p1a: Clefable|56\/100\n|move|p1a: Clefable|Stealth Rock|p2a: Gliscor\n|-sidestart|p2: hanging triangle|move: Stealth Rock\n|\n|-heal|p2a: Gliscor|83\/100 tox|[from] ability: Poison Heal\n|upkeep\n|turn|19\n|\n|t:|1641175633\n|move|p2a: Gliscor|Earthquake|p1a: Clefable\n|-damage|p1a: Clefable|29\/100\n|move|p1a: Clefable|Moonlight|p1a: Clefable\n|-heal|p1a: Clefable|79\/100\n|\n|-heal|p2a: Gliscor|96\/100 tox|[from] ability: Poison Heal\n|upkeep\n|turn|20\n|\n|t:|1641175637\n|move|p2a: Gliscor|Defog|p1a: Clefable\n|-unboost|p1a: Clefable|evasion|1\n|-sideend|p2: hanging triangle|Stealth Rock|[from] move: Defog|[of] p2a: Gliscor\n|move|p1a: Clefable|Moonblast|p2a: Gliscor\n|-damage|p2a: Gliscor|70\/100 tox\n|\n|-heal|p2a: Gliscor|82\/100 tox|[from] ability: Poison Heal\n|upkeep\n|turn|21\n|\n|t:|1641175640\n|move|p2a: Gliscor|Earthquake|p1a: Clefable\n|-damage|p1a: Clefable|53\/100\n|move|p1a: Clefable|Stealth Rock|p2a: Gliscor\n|-sidestart|p2: hanging triangle|move: Stealth Rock\n|\n|-heal|p2a: Gliscor|95\/100 tox|[from] ability: Poison Heal\n|upkeep\n|turn|22\n|\n|t:|1641175643\n|move|p2a: Gliscor|Defog|p1a: Clefable\n|-unboost|p1a: Clefable|evasion|1\n|-sideend|p2: hanging triangle|Stealth Rock|[from] move: Defog|[of] p2a: Gliscor\n|move|p1a: Clefable|Moonlight|p1a: Clefable\n|-heal|p1a: Clefable|100\/100\n|\n|-heal|p2a: Gliscor|100\/100 tox|[from] ability: Poison Heal\n|upkeep\n|turn|23\n|\n|t:|1641175645\n|move|p2a: Gliscor|Earthquake|p1a: Clefable\n|-damage|p1a: Clefable|74\/100\n|move|p1a: Clefable|Stealth Rock|p2a: Gliscor\n|-sidestart|p2: hanging triangle|move: Stealth Rock\n|\n|upkeep\n|turn|24\n|\n|t:|1641175652\n|move|p2a: Gliscor|Earthquake|p1a: Clefable\n|-damage|p1a: Clefable|48\/100\n|move|p1a: Clefable|Moonblast|p2a: Gliscor\n|-damage|p2a: Gliscor|75\/100 tox\n|\n|-heal|p2a: Gliscor|87\/100 tox|[from] ability: Poison Heal\n|upkeep\n|turn|25\n|\n|t:|1641175655\n|move|p2a: Gliscor|Defog|p1a: Clefable\n|-unboost|p1a: Clefable|evasion|1\n|-sideend|p2: hanging triangle|Stealth Rock|[from] move: Defog|[of] p2a: Gliscor\n|move|p1a: Clefable|Moonlight|p1a: Clefable\n|-heal|p1a: Clefable|98\/100\n|\n|-heal|p2a: Gliscor|99\/100 tox|[from] ability: Poison Heal\n|upkeep\n|turn|26\n|\n|t:|1641175659\n|move|p2a: Gliscor|Earthquake|p1a: Clefable\n|-damage|p1a: Clefable|73\/100\n|move|p1a: Clefable|Stealth Rock|p2a: Gliscor\n|-sidestart|p2: hanging triangle|move: Stealth Rock\n|\n|-heal|p2a: Gliscor|100\/100 tox|[from] ability: Poison Heal\n|upkeep\n|turn|27\n|\n|t:|1641175664\n|switch|p1a: Dragonite|Dragonite, F|100\/100\n|move|p2a: Gliscor|Defog|p1a: Dragonite\n|-unboost|p1a: Dragonite|evasion|1\n|-sideend|p2: hanging triangle|Stealth Rock|[from] move: Defog|[of] p2a: Gliscor\n|\n|upkeep\n|turn|28\n|\n|t:|1641175681\n|switch|p1a: Gliscor|Gliscor, M|55\/100 brn\n|move|p2a: Gliscor|U-turn|p1a: Gliscor\n|-resisted|p1a: Gliscor\n|-damage|p1a: Gliscor|49\/100 brn\n|\n|t:|1641175686\n|switch|p2a: Starmie|Starmie, shiny|78\/100|[from]move: U-turn\n|\n|-damage|p1a: Gliscor|43\/100 brn|[from] brn\n|upkeep\n|turn|29\n|\n|t:|1641175694\n|move|p2a: Starmie|Psychic|p1a: Gliscor\n|-damage|p1a: Gliscor|0 fnt\n|faint|p1a: Gliscor\n|\n|upkeep\n|\n|t:|1641175700\n|switch|p1a: Rotom|Rotom-Wash|100\/100\n|turn|30\n|\n|t:|1641175707\n|switch|p2a: Tangrowth|Tangrowth, F, shiny|64\/100\n|move|p1a: Rotom|Hydro Pump|p2a: Tangrowth\n|-resisted|p2a: Tangrowth\n|-crit|p2a: Tangrowth\n|-damage|p2a: Tangrowth|12\/100\n|\n|upkeep\n|turn|31\n|\n|t:|1641175713\n|switch|p2a: Clefable|Clefable, F, shiny|100\/100\n|move|p1a: Rotom|Hydro Pump|p2a: Clefable\n|-damage|p2a: Clefable|56\/100\n|\n|-heal|p2a: Clefable|62\/100|[from] item: Leftovers\n|upkeep\n|turn|32\n|\n|t:|1641175725\n|switch|p1a: Clefable|Clefable, M|73\/100\n|move|p2a: Clefable|Moonlight|p2a: Clefable\n|-heal|p2a: Clefable|100\/100\n|\n|upkeep\n|turn|33\n|\n|t:|1641175728\n|switch|p2a: Tangrowth|Tangrowth, F, shiny|45\/100\n|move|p1a: Clefable|Stealth Rock|p2a: Tangrowth\n|-sidestart|p2: hanging triangle|move: Stealth Rock\n|\n|upkeep\n|turn|34\n|\n|t:|1641175741\n|switch|p1a: Dragonite|Dragonite, F|100\/100\n|switch|p2a: Gliscor|Gliscor, M|100\/100 tox\n|-damage|p2a: Gliscor|88\/100 tox|[from] Stealth Rock\n|\n|-heal|p2a: Gliscor|100\/100 tox|[from] ability: Poison Heal\n|upkeep\n|turn|35\n|\n|t:|1641175745\n|move|p1a: Dragonite|Outrage|p2a: Gliscor\n|-damage|p2a: Gliscor|12\/100 tox\n|move|p2a: Gliscor|U-turn|p1a: Dragonite\n|-resisted|p1a: Dragonite\n|-damage|p1a: Dragonite|96\/100\n|\n|t:|1641175749\n|switch|p2a: Starmie|Starmie, shiny|78\/100|[from]move: U-turn\n|-damage|p2a: Starmie|66\/100|[from] Stealth Rock\n|\n|upkeep\n|turn|36\n|\n|t:|1641175752\n|move|p2a: Starmie|Ice Beam|p1a: Dragonite\n|-supereffective|p1a: Dragonite\n|-damage|p1a: Dragonite|0 fnt\n|faint|p1a: Dragonite\n|\n|upkeep\n|\n|t:|1641175756\n|switch|p1a: Rotom|Rotom-Wash|100\/100\n|turn|37\n|\n|t:|1641175761\n|switch|p2a: Gliscor|Gliscor, M|12\/100 tox\n|-damage|p2a: Gliscor|0 fnt|[from] Stealth Rock\n|faint|p2a: Gliscor\n|move|p1a: Rotom|Volt Switch|p2: Gliscor|[notarget]\n|-fail|p1a: Rotom\n|\n|upkeep\n|\n|t:|1641175765\n|switch|p2a: Tangrowth|Tangrowth, F, shiny|78\/100\n|-damage|p2a: Tangrowth|66\/100|[from] Stealth Rock\n|turn|38\n|\n|t:|1641175773\n|move|p1a: Rotom|Volt Switch|p2a: Tangrowth\n|-resisted|p2a: Tangrowth\n|-damage|p2a: Tangrowth|42\/100\n|\n|t:|1641175781\n|switch|p1a: Clefable|Clefable, M|73\/100|[from]move: Volt Switch\n|move|p2a: Tangrowth|Sludge Bomb|p1a: Clefable\n|-supereffective|p1a: Clefable\n|-damage|p1a: Clefable|28\/100\n|\n|upkeep\n|turn|39\n|\n|t:|1641175790\n|move|p1a: Clefable|Moonlight|p1a: Clefable\n|-heal|p1a: Clefable|78\/100\n|move|p2a: Tangrowth|Stun Spore|p1a: Clefable\n|-status|p1a: Clefable|par\n|\n|upkeep\n|turn|40\n|\n|t:|1641175798\n|switch|p2a: Heatran|Heatran, F|85\/100\n|-damage|p2a: Heatran|73\/100|[from] Stealth Rock\n|cant|p1a: Clefable|par\n|\n|upkeep\n|turn|41\n|\n|t:|1641175807\n|switch|p1a: Rotom|Rotom-Wash|100\/100\n|move|p2a: Heatran|Stealth Rock|p1a: Rotom\n|-sidestart|p1: friedfreak|move: Stealth Rock\n|\n|upkeep\n|turn|42\n|\n|t:|1641175814\n|move|p2a: Heatran|Protect|p2a: Heatran\n|-singleturn|p2a: Heatran|Protect\n|move|p1a: Rotom|Hydro Pump|p2a: Heatran\n|-activate|p2a: Heatran|move: Protect\n|\n|upkeep\n|turn|43\n|\n|t:|1641175817\n|switch|p2a: Tangrowth|Tangrowth, F, shiny|75\/100\n|-damage|p2a: Tangrowth|62\/100|[from] Stealth Rock\n|move|p1a: Rotom|Hydro Pump|p2a: Tangrowth\n|-resisted|p2a: Tangrowth\n|-damage|p2a: Tangrowth|24\/100\n|\n|upkeep\n|turn|44\n|\n|t:|1641175826\n|switch|p2a: Clefable|Clefable, F, shiny|100\/100\n|-damage|p2a: Clefable|88\/100|[from] Stealth Rock\n|move|p1a: Rotom|Hydro Pump|p2a: Clefable|[miss]\n|-miss|p1a: Rotom|p2a: Clefable\n|\n|-heal|p2a: Clefable|94\/100|[from] item: Leftovers\n|upkeep\n|turn|45\n|\n|t:|1641175838\n|switch|p1a: Clefable|Clefable, M|78\/100 par\n|-damage|p1a: Clefable|66\/100 par|[from] Stealth Rock\n|move|p2a: Clefable|Flamethrower|p1a: Clefable\n|-damage|p1a: Clefable|45\/100 par\n|\n|-heal|p2a: Clefable|99\/100|[from] item: Leftovers\n|upkeep\n|turn|46\n|\n|t:|1641175842\n|move|p2a: Clefable|Moonblast|p1a: Clefable\n|-damage|p1a: Clefable|18\/100 par\n|move|p1a: Clefable|Moonlight|p1a: Clefable\n|-heal|p1a: Clefable|68\/100 par\n|\n|-heal|p2a: Clefable|100\/100|[from] item: Leftovers\n|upkeep\n|turn|47\n|\n|t:|1641175858\n|switch|p2a: Tangrowth|Tangrowth, F, shiny|57\/100\n|-damage|p2a: Tangrowth|45\/100|[from] Stealth Rock\n|move|p1a: Clefable|Moonlight|p1a: Clefable\n|-heal|p1a: Clefable|100\/100 par\n|\n|upkeep\n|turn|48\n|\n|t:|1641175870\n|switch|p2a: Heatran|Heatran, F|73\/100\n|-damage|p2a: Heatran|60\/100|[from] Stealth Rock\n|switch|p1a: Gengar|Gengar, M|100\/100\n|-damage|p1a: Gengar|88\/100|[from] Stealth Rock\n|\n|upkeep\n|turn|49\n|\n|t:|1641175887\n|move|p2a: Heatran|Protect|p2a: Heatran\n|-singleturn|p2a: Heatran|Protect\n|move|p1a: Gengar|Focus Blast|p2a: Heatran\n|-activate|p2a: Heatran|move: Protect\n|\n|upkeep\n|turn|50\n|\n|t:|1641175900\n|switch|p1a: Rotom|Rotom-Wash|100\/100\n|-damage|p1a: Rotom|88\/100|[from] Stealth Rock\n|switch|p2a: Clefable|Clefable, F, shiny|100\/100\n|-damage|p2a: Clefable|88\/100|[from] Stealth Rock\n|\n|-heal|p2a: Clefable|94\/100|[from] item: Leftovers\n|upkeep\n|turn|51\n|\n|t:|1641175913\n|switch|p2a: Tangrowth|Tangrowth, F, shiny|78\/100\n|-damage|p2a: Tangrowth|66\/100|[from] Stealth Rock\n|move|p1a: Rotom|Trick|p2a: Tangrowth\n|-activate|p1a: Rotom|move: Trick|[of] p2a: Tangrowth\n|-item|p2a: Tangrowth|Choice Scarf|[from] move: Trick\n|-enditem|p1a: Rotom|Choice Scarf|[silent]|[from] move: Trick\n|\n|upkeep\n|turn|52\n|\n|t:|1641175932\n|move|p1a: Rotom|Volt Switch|p2a: Tangrowth\n|-resisted|p2a: Tangrowth\n|-damage|p2a: Tangrowth|44\/100\n|\n|t:|1641175941\n|switch|p1a: Gengar|Gengar, M|88\/100|[from]move: Volt Switch\n|-damage|p1a: Gengar|76\/100|[from] Stealth Rock\n|move|p2a: Tangrowth|Sludge Bomb|p1a: Gengar\n|-resisted|p1a: Gengar\n|-damage|p1a: Gengar|67\/100\n|-start|p2a: Tangrowth|Disable|Sludge Bomb|[from] ability: Cursed Body|[of] p1a: Gengar\n|\n|upkeep\n|turn|53\n|inactive|hanging triangle has 120 seconds left.\n|\n|t:|1641175987\n|switch|p2a: Clefable|Clefable, F, shiny|94\/100\n|-damage|p2a: Clefable|82\/100|[from] Stealth Rock\n|move|p1a: Gengar|Shadow Ball|p2a: Clefable\n|-damage|p2a: Clefable|19\/100\n|\n|-heal|p2a: Clefable|25\/100|[from] item: Leftovers\n|upkeep\n|turn|54\n|\n|t:|1641175991\n|move|p1a: Gengar|Shadow Ball|p2a: Clefable\n|-damage|p2a: Clefable|0 fnt\n|faint|p2a: Clefable\n|\n|upkeep\n|\n|t:|1641176000\n|switch|p2a: Starmie|Starmie, shiny|66\/100\n|-damage|p2a: Starmie|53\/100|[from] Stealth Rock\n|turn|55\n|\n|t:|1641176018\n|switch|p1a: Tangrowth|Tangrowth, F|61\/100\n|-damage|p1a: Tangrowth|49\/100|[from] Stealth Rock\n|move|p2a: Starmie|Psychic|p1a: Tangrowth\n|-damage|p1a: Tangrowth|0 fnt\n|faint|p1a: Tangrowth\n|\n|upkeep\n|\n|t:|1641176025\n|switch|p1a: Clefable|Clefable, M|100\/100 par\n|-damage|p1a: Clefable|88\/100 par|[from] Stealth Rock\n|turn|56\n|\n|t:|1641176030\n|switch|p2a: Heatran|Heatran, F|60\/100\n|-damage|p2a: Heatran|48\/100|[from] Stealth Rock\n|move|p1a: Clefable|Moonblast|p2a: Heatran\n|-resisted|p2a: Heatran\n|-damage|p2a: Heatran|43\/100\n|\n|upkeep\n|turn|57\n|\n|t:|1641176046\n|switch|p1a: Rotom|Rotom-Wash|88\/100\n|-damage|p1a: Rotom|76\/100|[from] Stealth Rock\n|move|p2a: Heatran|Lava Plume|p1a: Rotom\n|-resisted|p1a: Rotom\n|-damage|p1a: Rotom|51\/100\n|\n|upkeep\n|turn|58\n|\n|t:|1641176054\n|move|p2a: Heatran|Protect|p2a: Heatran\n|-singleturn|p2a: Heatran|Protect\n|move|p1a: Rotom|Hydro Pump|p2a: Heatran\n|-activate|p2a: Heatran|move: Protect\n|\n|upkeep\n|turn|59\n|\n|t:|1641176061\n|switch|p2a: Tangrowth|Tangrowth, F, shiny|77\/100\n|-damage|p2a: Tangrowth|65\/100|[from] Stealth Rock\n|move|p1a: Rotom|Hydro Pump|p2a: Tangrowth\n|-resisted|p2a: Tangrowth\n|-damage|p2a: Tangrowth|28\/100\n|\n|upkeep\n|turn|60\n|\n|t:|1641176070\n|move|p1a: Rotom|Volt Switch|p2a: Tangrowth\n|-resisted|p2a: Tangrowth\n|-damage|p2a: Tangrowth|6\/100\n|\n|t:|1641176077\n|switch|p1a: Gengar|Gengar, M|67\/100|[from]move: Volt Switch\n|-damage|p1a: Gengar|55\/100|[from] Stealth Rock\n|move|p2a: Tangrowth|Knock Off|p1a: Gengar\n|-supereffective|p1a: Gengar\n|-damage|p1a: Gengar|0 fnt\n|-enditem|p1a: Gengar|Choice Specs|[from] move: Knock Off|[of] p2a: Tangrowth\n|faint|p1a: Gengar\n|\n|upkeep\n|\n|t:|1641176081\n|switch|p1a: Rotom|Rotom-Wash|51\/100\n|-damage|p1a: Rotom|39\/100|[from] Stealth Rock\n|turn|61\n|\n|t:|1641176087\n|move|p1a: Rotom|Volt Switch|p2a: Tangrowth\n|-resisted|p2a: Tangrowth\n|-damage|p2a: Tangrowth|0 fnt\n|faint|p2a: Tangrowth\n|\n|t:|1641176089\n|switch|p1a: Clefable|Clefable, M|88\/100 par|[from]move: Volt Switch\n|-damage|p1a: Clefable|76\/100 par|[from] Stealth Rock\n|\n|upkeep\n|\n|t:|1641176091\n|switch|p2a: Crawdaunt|Crawdaunt, M|100\/100\n|-damage|p2a: Crawdaunt|88\/100|[from] Stealth Rock\n|turn|62\n|\n|t:|1641176094\n|move|p2a: Crawdaunt|Crabhammer|p1a: Clefable\n|-damage|p1a: Clefable|5\/100 par\n|-damage|p2a: Crawdaunt|78\/100|[from] item: Life Orb\n|move|p1a: Clefable|Moonblast|p2a: Crawdaunt\n|-supereffective|p2a: Crawdaunt\n|-damage|p2a: Crawdaunt|0 fnt\n|faint|p2a: Crawdaunt\n|\n|upkeep\n|\n|t:|1641176098\n|switch|p2a: Starmie|Starmie, shiny|53\/100\n|-damage|p2a: Starmie|41\/100|[from] Stealth Rock\n|turn|63\n|\n|t:|1641176101\n|move|p2a: Starmie|Psychic|p1a: Clefable\n|-damage|p1a: Clefable|0 fnt\n|faint|p1a: Clefable\n|\n|upkeep\n|\n|t:|1641176103\n|switch|p1a: Rotom|Rotom-Wash|39\/100\n|-damage|p1a: Rotom|26\/100|[from] Stealth Rock\n|turn|64\n|\n|t:|1641176108\n|move|p2a: Starmie|Psychic|p1a: Rotom\n|-damage|p1a: Rotom|0 fnt\n|faint|p1a: Rotom\n|\n|win|hanging triangle\n|raw|friedfreak's rating: 1682 &rarr; <strong>1658<\/strong><br \/>(-24 for losing)\n|raw|hanging triangle's rating: 1610 &rarr; <strong>1634<\/strong><br \/>(+24 for winning)\n|l|\u2606friedfreak\n","uploadtime":1641176118,"views":26,"p1id":"friedfreak","p2id":"hangingtriangle","formatid":"gen8bdspou","rating":1634,"private":0,"password":null}