{"id":"gen8ou-1291424930","p1":"Brifye","p2":"mkyn","format":"gen8ou","log":"|j|\u2606Brifye\n|j|\u2606mkyn\n|t:|1614505379\n|player|p1|Brifye|blackbelt-gen4dp|1644\n|player|p2|mkyn|morty|1670\n|teamsize|p1|6\n|teamsize|p2|6\n|gametype|singles\n|gen|8\n|tier|[Gen 8] OU\n|rated|\n|clearpoke\n|poke|p1|Kyurem|\n|poke|p1|Azumarill, M|\n|poke|p1|Moltres|\n|poke|p1|Landorus-Therian, M|\n|poke|p1|Excadrill, M|\n|poke|p1|Ferrothorn, M|\n|poke|p2|Stakataka|\n|poke|p2|Primarina, M|\n|poke|p2|Blissey, F|\n|poke|p2|Melmetal|\n|poke|p2|Gastrodon-East, M|\n|poke|p2|Moltres|\n|rule|Sleep Clause Mod: Limit one foe put to sleep\n|rule|Species Clause: Limit one of each Pok\u00e9mon\n|rule|OHKO Clause: OHKO moves are banned\n|rule|Evasion Moves Clause: Evasion moves are banned\n|rule|Endless Battle Clause: Forcing endless battles is banned\n|rule|HP Percentage Mod: HP is shown in percentages\n|rule|Dynamax Clause: You cannot dynamax\n|teampreview\n|\n|t:|1614505391\n|start\n|switch|p1a: Excadrill|Excadrill, M|100\/100\n|switch|p2a: Blissey|Blissey, F|100\/100\n|turn|1\n|\n|t:|1614505403\n|move|p1a: Excadrill|Swords Dance|p1a: Excadrill\n|-boost|p1a: Excadrill|atk|2\n|move|p2a: Blissey|Ice Beam|p1a: Excadrill\n|-damage|p1a: Excadrill|84\/100\n|\n|upkeep\n|turn|2\n|\n|t:|1614505410\n|move|p1a: Excadrill|Iron Head|p2a: Blissey\n|-damage|p2a: Blissey|37\/100\n|cant|p2a: Blissey|flinch\n|\n|upkeep\n|turn|3\n|\n|t:|1614505417\n|switch|p2a: Moltres|Moltres|100\/100\n|move|p1a: Excadrill|Iron Head|p2a: Moltres\n|-resisted|p2a: Moltres\n|-damage|p2a: Moltres|64\/100\n|\n|upkeep\n|turn|4\n|\n|t:|1614505440\n|move|p1a: Excadrill|Iron Head|p2a: Moltres\n|-resisted|p2a: Moltres\n|-damage|p2a: Moltres|32\/100\n|move|p2a: Moltres|Flamethrower|p1a: Excadrill\n|-supereffective|p1a: Excadrill\n|-damage|p1a: Excadrill|0 fnt\n|faint|p1a: Excadrill\n|\n|upkeep\n|\n|t:|1614505449\n|switch|p1a: Azumarill|Azumarill, M|100\/100\n|turn|5\n|\n|t:|1614505481\n|move|p2a: Moltres|Scorching Sands|p1a: Azumarill\n|-damage|p1a: Azumarill|71\/100\n|-status|p1a: Azumarill|brn\n|move|p1a: Azumarill|Belly Drum|p1a: Azumarill\n|-damage|p1a: Azumarill|21\/100 brn\n|-setboost|p1a: Azumarill|atk|6|[from] move: Belly Drum\n|-enditem|p1a: Azumarill|Sitrus Berry|[eat]\n|-heal|p1a: Azumarill|46\/100 brn|[from] item: Sitrus Berry\n|\n|-damage|p1a: Azumarill|39\/100 brn|[from] brn\n|upkeep\n|turn|6\n|\n|t:|1614505492\n|switch|p2a: Gastrodon|Gastrodon-East, M|100\/100\n|move|p1a: Azumarill|Aqua Jet|p2a: Gastrodon\n|-ability|p2a: Gastrodon|Storm Drain|boost\n|-boost|p2a: Gastrodon|spa|1\n|\n|-damage|p1a: Azumarill|33\/100 brn|[from] brn\n|upkeep\n|turn|7\n|\n|t:|1614505506\n|move|p1a: Azumarill|Knock Off|p2a: Gastrodon\n|-damage|p2a: Gastrodon|38\/100\n|-damage|p1a: Azumarill|17\/100 brn|[from] item: Rocky Helmet|[of] p2a: Gastrodon\n|-enditem|p2a: Gastrodon|Rocky Helmet|[from] move: Knock Off|[of] p1a: Azumarill\n|move|p2a: Gastrodon|Earthquake|p1a: Azumarill\n|-damage|p1a: Azumarill|0 fnt\n|faint|p1a: Azumarill\n|\n|upkeep\n|\n|t:|1614505515\n|switch|p1a: Kyurem|Kyurem|100\/100\n|-ability|p1a: Kyurem|Pressure\n|turn|8\n|\n|t:|1614505523\n|switch|p2a: Blissey|Blissey, F|37\/100\n|move|p1a: Kyurem|Freeze-Dry|p2a: Blissey\n|-damage|p2a: Blissey|22\/100\n|\n|upkeep\n|turn|9\n|\n|t:|1614505530\n|move|p1a: Kyurem|Freeze-Dry|p2a: Blissey\n|-damage|p2a: Blissey|5\/100\n|move|p2a: Blissey|Soft-Boiled|p2a: Blissey\n|-heal|p2a: Blissey|55\/100\n|\n|upkeep\n|turn|10\n|\n|t:|1614505549\n|switch|p1a: Ferrothorn|Ferrothorn, M|100\/100\n|move|p2a: Blissey|Soft-Boiled|p2a: Blissey\n|-heal|p2a: Blissey|100\/100\n|\n|upkeep\n|turn|11\n|\n|t:|1614505557\n|switch|p2a: Moltres|Moltres|32\/100\n|move|p1a: Ferrothorn|Gyro Ball|p2a: Moltres\n|-resisted|p2a: Moltres\n|-damage|p2a: Moltres|13\/100\n|\n|upkeep\n|turn|12\n|\n|t:|1614505581\n|switch|p1a: Moltres|Moltres|100\/100\n|move|p2a: Moltres|Flamethrower|p1a: Moltres\n|-resisted|p1a: Moltres\n|-damage|p1a: Moltres|78\/100\n|\n|upkeep\n|turn|13\n|\n|t:|1614505609\n|move|p1a: Moltres|Mystical Fire|p2a: Moltres\n|-resisted|p2a: Moltres\n|-damage|p2a: Moltres|0 fnt\n|faint|p2a: Moltres\n|\n|upkeep\n|\n|t:|1614505618\n|switch|p2a: Blissey|Blissey, F|100\/100\n|turn|14\n|\n|t:|1614505622\n|switch|p1a: Ferrothorn|Ferrothorn, M|100\/100\n|move|p2a: Blissey|Ice Beam|p1a: Ferrothorn\n|-damage|p1a: Ferrothorn|90\/100\n|\n|upkeep\n|turn|15\n|\n|t:|1614505630\n|move|p1a: Ferrothorn|Leech Seed|p2a: Blissey\n|-start|p2a: Blissey|move: Leech Seed\n|move|p2a: Blissey|Counter||[still]\n|-fail|p2a: Blissey\n|\n|-damage|p2a: Blissey|88\/100|[from] Leech Seed|[of] p1a: Ferrothorn\n|-heal|p1a: Ferrothorn|100\/100|[silent]\n|upkeep\n|turn|16\n|\n|t:|1614505643\n|switch|p2a: Melmetal|Melmetal|100\/100\n|move|p1a: Ferrothorn|Power Whip|p2a: Melmetal\n|-resisted|p2a: Melmetal\n|-damage|p2a: Melmetal|89\/100\n|\n|upkeep\n|turn|17\n|\n|t:|1614505651\n|move|p2a: Melmetal|Thunder Punch|p1a: Ferrothorn\n|-resisted|p1a: Ferrothorn\n|-damage|p1a: Ferrothorn|81\/100\n|-damage|p2a: Melmetal|77\/100|[from] ability: Iron Barbs|[of] p1a: Ferrothorn\n|-damage|p2a: Melmetal|60\/100|[from] item: Rocky Helmet|[of] p1a: Ferrothorn\n|move|p1a: Ferrothorn|Leech Seed|p2a: Melmetal\n|-start|p2a: Melmetal|move: Leech Seed\n|\n|-damage|p2a: Melmetal|48\/100|[from] Leech Seed|[of] p1a: Ferrothorn\n|-heal|p1a: Ferrothorn|98\/100|[silent]\n|upkeep\n|turn|18\n|\n|t:|1614505663\n|switch|p2a: Stakataka|Stakataka|100\/100\n|-item|p2a: Stakataka|Air Balloon\n|move|p1a: Ferrothorn|Leech Seed|p2a: Stakataka\n|-start|p2a: Stakataka|move: Leech Seed\n|\n|-damage|p2a: Stakataka|88\/100|[from] Leech Seed|[of] p1a: Ferrothorn\n|-heal|p1a: Ferrothorn|100\/100|[silent]\n|upkeep\n|turn|19\n|\n|t:|1614505675\n|move|p1a: Ferrothorn|Thunder Wave|p2a: Stakataka\n|-status|p2a: Stakataka|par\n|move|p2a: Stakataka|Heat Crash|p1a: Ferrothorn\n|-supereffective|p1a: Ferrothorn\n|-damage|p1a: Ferrothorn|0 fnt\n|-damage|p2a: Stakataka|76\/100 par|[from] ability: Iron Barbs|[of] p1a: Ferrothorn\n|-damage|p2a: Stakataka|59\/100 par|[from] item: Rocky Helmet|[of] p1a: Ferrothorn\n|faint|p1a: Ferrothorn\n|-ability|p2a: Stakataka|Beast Boost|boost\n|-boost|p2a: Stakataka|atk|1\n|\n|upkeep\n|\n|t:|1614505692\n|switch|p1a: Moltres|Moltres|78\/100\n|turn|20\n|\n|t:|1614505727\n|move|p1a: Moltres|Mystical Fire|p2a: Stakataka\n|-damage|p2a: Stakataka|24\/100 par\n|-unboost|p2a: Stakataka|spa|1\n|-enditem|p2a: Stakataka|Air Balloon\n|move|p2a: Stakataka|Trick Room|p2a: Stakataka\n|-fieldstart|move: Trick Room|[of] p2a: Stakataka\n|\n|-damage|p2a: Stakataka|12\/100 par|[from] Leech Seed|[of] p1a: Moltres\n|-heal|p1a: Moltres|88\/100|[silent]\n|upkeep\n|turn|21\n|\n|t:|1614505743\n|switch|p2a: Primarina|Primarina, M|100\/100\n|switch|p1a: Landorus|Landorus-Therian, M|100\/100\n|-ability|p1a: Landorus|Intimidate|boost\n|-unboost|p2a: Primarina|atk|1\n|\n|upkeep\n|turn|22\n|\n|t:|1614505756\n|move|p2a: Primarina|Hydro Pump|p1a: Landorus\n|-supereffective|p1a: Landorus\n|-damage|p1a: Landorus|0 fnt\n|faint|p1a: Landorus\n|\n|upkeep\n|\n|t:|1614505762\n|switch|p1a: Kyurem|Kyurem|100\/100\n|-ability|p1a: Kyurem|Pressure\n|turn|23\n|\n|t:|1614505766\n|switch|p2a: Melmetal|Melmetal|48\/100\n|switch|p1a: Moltres|Moltres|88\/100\n|\n|upkeep\n|turn|24\n|\n|t:|1614505774\n|switch|p2a: Blissey|Blissey, F|88\/100\n|move|p1a: Moltres|Roost|p1a: Moltres\n|-heal|p1a: Moltres|100\/100\n|-singleturn|p1a: Moltres|move: Roost\n|\n|-fieldend|move: Trick Room\n|upkeep\n|turn|25\n|-message|Brifye forfeited.\n|\n|win|mkyn\n|l|\u2606Brifye\n|raw|Brifye's rating: 1639 &rarr; <strong>1621<\/strong><br \/>(-18 for losing)\n|raw|mkyn's rating: 1670 &rarr; <strong>1688<\/strong><br \/>(+18 for winning)\n","uploadtime":1614505788,"views":15,"p1id":"brifye","p2id":"mkyn","formatid":"gen8ou","rating":1621,"private":0,"password":null}