{"id":"gen8ou-1654273840","p1":"himynametay","p2":"Ackquille Pollard","format":"gen8ou","log":"|j|\u203dhimynametay\n|j|\u2606Ackquille Pollard\n|t:|1662125561\n|gametype|singles\n|player|p1|himynametay|elesa-masters|1419\n|player|p2|Ackquille Pollard|pokemaniac|1482\n|teamsize|p1|6\n|teamsize|p2|6\n|gen|8\n|tier|[Gen 8] OU\n|rated|\n|rule|Sleep Clause Mod: Limit one foe put to sleep\n|rule|Species Clause: Limit one of each Pok\u00e9mon\n|rule|OHKO Clause: OHKO moves are banned\n|rule|Evasion Items Clause: Evasion items are banned\n|rule|Evasion Moves Clause: Evasion moves are banned\n|rule|Endless Battle Clause: Forcing endless battles is banned\n|rule|HP Percentage Mod: HP is shown in percentages\n|rule|Dynamax Clause: You cannot dynamax\n|clearpoke\n|poke|p1|Cloyster, M|\n|poke|p1|Terrakion|\n|poke|p1|Bisharp, M|\n|poke|p1|Dragapult, F|\n|poke|p1|Garchomp, M|\n|poke|p1|Blaziken, M|\n|poke|p2|Moltres-Galar|\n|poke|p2|Zeraora|\n|poke|p2|Magnezone|\n|poke|p2|Tapu Bulu|\n|poke|p2|Dragonite, F|\n|poke|p2|Blissey, F|\n|teampreview\n|inactive|Battle timer is ON: inactive players will automatically lose when time's up. (requested by Ackquille Pollard)\n|\n|t:|1662125587\n|start\n|switch|p1a: Terrakion|Terrakion|100\/100\n|switch|p2a: A Landlord|Tapu Bulu|100\/100\n|-fieldstart|move: Grassy Terrain|[from] ability: Grassy Surge|[of] p2a: A Landlord\n|turn|1\n|\n|t:|1662125604\n|switch|p1a: Garchomp|Garchomp, M|100\/100\n|move|p2a: A Landlord|Substitute|p2a: A Landlord\n|-start|p2a: A Landlord|Substitute\n|-damage|p2a: A Landlord|76\/100\n|\n|-heal|p2a: A Landlord|82\/100|[from] Grassy Terrain\n|-heal|p2a: A Landlord|88\/100|[from] item: Leftovers\n|upkeep\n|turn|2\n|\n|t:|1662125607\n|move|p1a: Garchomp|Fire Fang|p2a: A Landlord\n|-supereffective|p2a: A Landlord\n|-end|p2a: A Landlord|Substitute\n|move|p2a: A Landlord|Leech Seed|p1a: Garchomp\n|-start|p1a: Garchomp|move: Leech Seed\n|\n|-heal|p2a: A Landlord|94\/100|[from] Grassy Terrain\n|-heal|p2a: A Landlord|99\/100|[from] item: Leftovers\n|-damage|p1a: Garchomp|88\/100|[from] Leech Seed|[of] p2a: A Landlord\n|-heal|p2a: A Landlord|100\/100|[silent]\n|upkeep\n|turn|3\n|\n|t:|1662125622\n|switch|p1a: Bisharp|Bisharp, M|100\/100\n|move|p2a: A Landlord|Substitute|p2a: A Landlord\n|-start|p2a: A Landlord|Substitute\n|-damage|p2a: A Landlord|76\/100\n|\n|-heal|p2a: A Landlord|82\/100|[from] Grassy Terrain\n|-heal|p2a: A Landlord|88\/100|[from] item: Leftovers\n|upkeep\n|turn|4\n|\n|t:|1662125627\n|move|p2a: A Landlord|Leech Seed|p1a: Bisharp\n|-start|p1a: Bisharp|move: Leech Seed\n|move|p1a: Bisharp|Iron Head|p2a: A Landlord\n|-supereffective|p2a: A Landlord\n|-end|p2a: A Landlord|Substitute\n|\n|-heal|p2a: A Landlord|94\/100|[from] Grassy Terrain\n|-heal|p2a: A Landlord|99\/100|[from] item: Leftovers\n|-damage|p1a: Bisharp|88\/100|[from] Leech Seed|[of] p2a: A Landlord\n|-heal|p2a: A Landlord|100\/100|[silent]\n|upkeep\n|turn|5\n|\n|t:|1662125631\n|switch|p1a: Dragapult|Dragapult, F|100\/100\n|move|p2a: A Landlord|Substitute|p2a: A Landlord\n|-start|p2a: A Landlord|Substitute\n|-damage|p2a: A Landlord|76\/100\n|\n|-heal|p2a: A Landlord|82\/100|[from] Grassy Terrain\n|-heal|p2a: A Landlord|88\/100|[from] item: Leftovers\n|-fieldend|move: Grassy Terrain\n|upkeep\n|turn|6\n|\n|t:|1662125633\n|switch|p2a: Eggslut|Blissey, F|100\/100\n|move|p1a: Dragapult|Flamethrower|p2a: Eggslut\n|-damage|p2a: Eggslut|93\/100\n|-status|p2a: Eggslut|brn\n|\n|-damage|p2a: Eggslut|87\/100 brn|[from] brn\n|upkeep\n|turn|7\n|\n|t:|1662125637\n|switch|p1a: Bisharp|Bisharp, M|88\/100\n|move|p2a: Eggslut|Stealth Rock|p1a: Bisharp\n|-sidestart|p1: himynametay|move: Stealth Rock\n|\n|-damage|p2a: Eggslut|81\/100 brn|[from] brn\n|upkeep\n|turn|8\n|\n|t:|1662125645\n|-curestatus|p2a: Eggslut|brn|[from] ability: Natural Cure\n|switch|p2a: Scottie 2 Hottie|Magnezone|100\/100\n|move|p1a: Bisharp|Knock Off|p2a: Scottie 2 Hottie\n|-damage|p2a: Scottie 2 Hottie|58\/100\n|-enditem|p2a: Scottie 2 Hottie|Leftovers|[from] move: Knock Off|[of] p1a: Bisharp\n|\n|upkeep\n|turn|9\n|\n|t:|1662125649\n|move|p1a: Bisharp|Sucker Punch|p2a: Scottie 2 Hottie\n|-damage|p2a: Scottie 2 Hottie|29\/100\n|move|p2a: Scottie 2 Hottie|Body Press|p1a: Bisharp\n|-supereffective|p1a: Bisharp\n|-damage|p1a: Bisharp|0 fnt\n|faint|p1a: Bisharp\n|\n|upkeep\n|\n|t:|1662125657\n|switch|p1a: Cloyster|Cloyster, M|100\/100\n|-damage|p1a: Cloyster|76\/100|[from] Stealth Rock\n|turn|10\n|\n|t:|1662125666\n|move|p1a: Cloyster|Shell Smash|p1a: Cloyster\n|-unboost|p1a: Cloyster|def|1\n|-unboost|p1a: Cloyster|spd|1\n|-boost|p1a: Cloyster|atk|2\n|-boost|p1a: Cloyster|spa|2\n|-boost|p1a: Cloyster|spe|2\n|move|p2a: Scottie 2 Hottie|Thunderbolt|p1a: Cloyster\n|-supereffective|p1a: Cloyster\n|-damage|p1a: Cloyster|0 fnt\n|faint|p1a: Cloyster\n|\n|upkeep\n|\n|t:|1662125672\n|switch|p1a: Garchomp|Garchomp, M|88\/100\n|-damage|p1a: Garchomp|82\/100|[from] Stealth Rock\n|turn|11\n|c|\u2606Ackquille Pollard|??\n|\n|t:|1662125676\n|switch|p2a: A Landlord|Tapu Bulu|88\/100\n|-fieldstart|move: Grassy Terrain|[from] ability: Grassy Surge|[of] p2a: A Landlord\n|move|p1a: Garchomp|Swords Dance|p1a: Garchomp\n|-boost|p1a: Garchomp|atk|2\n|\n|-heal|p1a: Garchomp|88\/100|[from] Grassy Terrain\n|-heal|p1a: Garchomp|94\/100|[from] item: Leftovers\n|-heal|p2a: A Landlord|94\/100|[from] Grassy Terrain\n|-heal|p2a: A Landlord|99\/100|[from] item: Leftovers\n|upkeep\n|turn|12\n|\n|t:|1662125686\n|switch|p2a: Scottie 2 Hottie|Magnezone|29\/100\n|move|p1a: Garchomp|Fire Fang|p2a: Scottie 2 Hottie\n|-supereffective|p2a: Scottie 2 Hottie\n|-damage|p2a: Scottie 2 Hottie|0 fnt\n|faint|p2a: Scottie 2 Hottie\n|\n|-heal|p1a: Garchomp|100\/100|[from] Grassy Terrain\n|upkeep\n|\n|t:|1662125689\n|switch|p2a: Jay Electricity|Zeraora|100\/100\n|turn|13\n|\n|t:|1662125692\n|move|p2a: Jay Electricity|Play Rough|p1a: Garchomp\n|-supereffective|p1a: Garchomp\n|-damage|p1a: Garchomp|42\/100\n|-damage|p2a: Jay Electricity|88\/100|[from] ability: Rough Skin|[of] p1a: Garchomp\n|move|p1a: Garchomp|Scale Shot|p2a: Jay Electricity\n|-damage|p2a: Jay Electricity|51\/100\n|-damage|p2a: Jay Electricity|17\/100\n|-damage|p2a: Jay Electricity|0 fnt\n|faint|p2a: Jay Electricity\n|-hitcount|p2: Jay Electricity|3\n|-unboost|p1a: Garchomp|def|1\n|-boost|p1a: Garchomp|spe|1\n|\n|-heal|p1a: Garchomp|48\/100|[from] Grassy Terrain\n|-heal|p1a: Garchomp|55\/100|[from] item: Leftovers\n|upkeep\n|\n|t:|1662125697\n|switch|p2a: Ord|Dragonite, F, shiny|100\/100\n|turn|14\n|\n|t:|1662125699\n|move|p1a: Garchomp|Scale Shot|p2a: Ord\n|-supereffective|p2a: Ord\n|-damage|p2a: Ord|79\/100\n|-supereffective|p2a: Ord\n|-damage|p2a: Ord|40\/100\n|-hitcount|p2a: Ord|2\n|-unboost|p1a: Garchomp|def|1\n|-boost|p1a: Garchomp|spe|1\n|move|p2a: Ord|Dual Wingbeat|p1a: Garchomp|[miss]\n|-miss|p2a: Ord|p1a: Garchomp\n|\n|-heal|p1a: Garchomp|61\/100|[from] Grassy Terrain\n|-heal|p1a: Garchomp|67\/100|[from] item: Leftovers\n|upkeep\n|turn|15\n|\n|t:|1662125711\n|move|p1a: Garchomp|Scale Shot|p2a: Ord\n|-supereffective|p2a: Ord\n|-damage|p2a: Ord|0 fnt\n|faint|p2a: Ord\n|-hitcount|p2: Ord|1\n|-unboost|p1a: Garchomp|def|1\n|-boost|p1a: Garchomp|spe|1\n|\n|-heal|p1a: Garchomp|73\/100|[from] Grassy Terrain\n|-heal|p1a: Garchomp|79\/100|[from] item: Leftovers\n|-fieldend|move: Grassy Terrain\n|upkeep\n|\n|t:|1662125718\n|switch|p2a: G Stands 4 Gets|Moltres-Galar|100\/100\n|turn|16\n|\n|t:|1662125720\n|move|p1a: Garchomp|Scale Shot|p2a: G Stands 4 Gets\n|-damage|p2a: G Stands 4 Gets|69\/100\n|-damage|p2a: G Stands 4 Gets|38\/100\n|-damage|p2a: G Stands 4 Gets|11\/100\n|-damage|p2a: G Stands 4 Gets|0 fnt\n|faint|p2a: G Stands 4 Gets\n|-hitcount|p2: G Stands 4 Gets|4\n|-unboost|p1a: Garchomp|def|1\n|-boost|p1a: Garchomp|spe|1\n|\n|-heal|p1a: Garchomp|85\/100|[from] item: Leftovers\n|upkeep\n|\n|t:|1662125727\n|switch|p2a: A Landlord|Tapu Bulu|99\/100\n|-fieldstart|move: Grassy Terrain|[from] ability: Grassy Surge|[of] p2a: A Landlord\n|turn|17\n|\n|t:|1662125730\n|move|p1a: Garchomp|Fire Fang|p2a: A Landlord\n|-supereffective|p2a: A Landlord\n|-damage|p2a: A Landlord|17\/100\n|cant|p2a: A Landlord|flinch\n|\n|-heal|p1a: Garchomp|92\/100|[from] Grassy Terrain\n|-heal|p1a: Garchomp|98\/100|[from] item: Leftovers\n|-heal|p2a: A Landlord|24\/100|[from] Grassy Terrain\n|-heal|p2a: A Landlord|30\/100|[from] item: Leftovers\n|upkeep\n|turn|18\n|\n|t:|1662125734\n|move|p1a: Garchomp|Fire Fang|p2a: A Landlord\n|-supereffective|p2a: A Landlord\n|-damage|p2a: A Landlord|0 fnt\n|faint|p2a: A Landlord\n|\n|-heal|p1a: Garchomp|100\/100|[from] Grassy Terrain\n|upkeep\n|-message|Ackquille Pollard forfeited.\n|\n|win|himynametay\n|raw|himynametay's rating: 1419 &rarr; <strong>1443<\/strong><br \/>(+24 for winning)\n|raw|Ackquille Pollard's rating: 1482 &rarr; <strong>1458<\/strong><br \/>(-24 for losing)\n|l|\u2606Ackquille Pollard\n||Ladder isn't responding, score probably updated but might not have (Request timeout).\n","uploadtime":1662125743,"views":5,"p1id":"himynametay","p2id":"ackquillepollard","formatid":"gen8ou","rating":1443,"private":0,"password":null}