{"id":"gen8sharedpower-1095305449","p1":"Tommydulaby","p2":"ferromolybdenum","format":"gen8sharedpower","log":"|j|\u2606Tommydulaby\n|j|\u2606ferromolybdenum\n|player|p1|Tommydulaby|289|1000\n|player|p2|ferromolybdenum|lucas|1226\n|teamsize|p1|6\n|teamsize|p2|6\n|gametype|singles\n|gen|8\n|tier|[Gen 8] Shared Power\n|rated|\n|clearpoke\n|poke|p1|Toxapex, M|\n|poke|p1|Machamp, M|\n|poke|p1|Dragapult, F|\n|poke|p1|Cinderace, M|\n|poke|p1|Shuckle, F|\n|poke|p1|Togekiss, F|\n|poke|p2|Frosmoth, F|\n|poke|p2|Persian-Alola, M|\n|poke|p2|Corviknight, F|\n|poke|p2|Avalugg, F|\n|poke|p2|Toxapex, M|\n|poke|p2|Rhyperior, F|\n|rule|Sleep Clause Mod: Limit one foe put to sleep\n|rule|Species Clause: Limit one of each Pok\u00e9mon\n|rule|OHKO Clause: OHKO moves are banned\n|rule|Evasion Moves Clause: Evasion moves are banned\n|rule|Endless Battle Clause: Forcing endless battles is banned\n|rule|HP Percentage Mod: HP is shown in percentages\n|rule|Dynamax Clause: You cannot dynamax\n|teampreview\n|\n|start\n|switch|p1a: Shuckle|Shuckle, F, shiny|100\/100\n|switch|p2a: Persian|Persian-Alola, M|100\/100\n|turn|1\n|\n|move|p2a: Persian|Parting Shot|p1a: Shuckle\n|-boost|p1a: Shuckle|atk|1\n|-boost|p1a: Shuckle|spa|1\n|\n|switch|p2a: Frosmoth|Frosmoth, F|100\/100|[from]move: Parting Shot\n|move|p1a: Shuckle|Sticky Web|p2a: Frosmoth\n|-sidestart|p2: ferromolybdenum|move: Sticky Web\n|\n|upkeep\n|turn|2\n|\n|switch|p2a: Rhyperior|Rhyperior, F|100\/100\n|-activate|p2a: Rhyperior|move: Sticky Web\n|-unboost|p2a: Rhyperior|spe|1\n|move|p1a: Shuckle|Knock Off|p2a: Rhyperior\n|-damage|p2a: Rhyperior|98\/100\n|-enditem|p2a: Rhyperior|Leftovers|[from] move: Knock Off|[of] p1a: Shuckle\n|\n|upkeep\n|turn|3\n|\n|move|p2a: Rhyperior|Rock Blast|p1a: Shuckle\n|-supereffective|p1a: Shuckle\n|-damage|p1a: Shuckle|88\/100\n|-supereffective|p1a: Shuckle\n|-damage|p1a: Shuckle|76\/100\n|-supereffective|p1a: Shuckle\n|-damage|p1a: Shuckle|63\/100\n|-hitcount|p1a: Shuckle|3\n|move|p1a: Shuckle|Encore|p2a: Rhyperior\n|-start|p2a: Rhyperior|Encore\n|\n|upkeep\n|turn|4\n|\n|switch|p2a: Corviknight|Corviknight, F|100\/100\n|-ability|p2a: Corviknight|Pressure\n|move|p1a: Shuckle|Final Gambit|p2a: Corviknight\n|-damage|p2a: Corviknight|62\/100\n|faint|p1a: Shuckle\n|\n|-heal|p2a: Corviknight|69\/100|[from] item: Leftovers\n|upkeep\n|\n|switch|p1a: Cinderace|Cinderace, M|100\/100\n|turn|5\n|\n|switch|p2a: Toxapex|Toxapex, M|100\/100\n|-ability|p2a: Toxapex|Pressure\n|-activate|p2a: Toxapex|move: Sticky Web\n|-unboost|p2a: Toxapex|spe|1\n|move|p1a: Cinderace|Court Change|p1a: Cinderace\n|-sideend|p2: ferromolybdenum|Sticky Web|[silent]\n|-sidestart|p1: Tommydulaby|Sticky Web|[silent]\n|-activate|p1a: Cinderace|move: Court Change\n|\n|upkeep\n|turn|6\n|\n|switch|p1a: Toxapex|Toxapex, M|100\/100\n|-activate|p1a: Toxapex|move: Sticky Web\n|-boost|p1a: Toxapex|spe|1\n|move|p2a: Toxapex|Scald|p1a: Toxapex\n|-resisted|p1a: Toxapex\n|-damage|p1a: Toxapex|93\/100\n|-status|p1a: Toxapex|brn\n|\n|-heal|p1a: Toxapex|99\/100 brn|[from] item: Black Sludge\n|-damage|p1a: Toxapex|93\/100 brn|[from] brn\n|upkeep\n|turn|7\n|\n|move|p1a: Toxapex|Knock Off|p2a: Toxapex\n|-damage|p2a: Toxapex|99\/100\n|-enditem|p2a: Toxapex|Black Sludge|[from] move: Knock Off|[of] p1a: Toxapex\n|move|p2a: Toxapex|Haze|p2a: Toxapex\n|-clearallboost\n|\n|-heal|p1a: Toxapex|99\/100 brn|[from] item: Black Sludge\n|-damage|p1a: Toxapex|93\/100 brn|[from] brn\n|upkeep\n|turn|8\n|\n|switch|p1a: Dragapult|Dragapult, F|100\/100\n|-activate|p1a: Dragapult|move: Sticky Web\n|-boost|p1a: Dragapult|spe|1\n|move|p2a: Toxapex|Toxic|p1a: Dragapult\n|-status|p1a: Dragapult|tox\n|\n|-damage|p1a: Dragapult|95\/100 tox|[from] psn\n|upkeep\n|turn|9\n|\n|switch|p1a: Machamp|Machamp, M|100\/100\n|-activate|p1a: Machamp|move: Sticky Web\n|-boost|p1a: Machamp|spe|1\n|move|p2a: Toxapex|Haze|p2a: Toxapex\n|-clearallboost\n|\n|upkeep\n|turn|10\n|\n|move|p1a: Machamp|Earthquake|p2a: Toxapex\n|-supereffective|p2a: Toxapex\n|-damage|p2a: Toxapex|81\/100\n|move|p2a: Toxapex|Toxic|p1a: Machamp\n|-status|p1a: Machamp|tox\n|\n|-damage|p1a: Machamp|94\/100 tox|[from] psn\n|upkeep\n|turn|11\n|-message|Tommydulaby forfeited.\n|\n|win|ferromolybdenum\n|l|\u2606Tommydulaby\n|raw|Tommydulaby's rating: 1000 &rarr; <strong>1000<\/strong><br \/>(+0 for losing)\n|raw|ferromolybdenum's rating: 1226 &rarr; <strong>1236<\/strong><br \/>(+10 for winning)\n","uploadtime":1586687964,"views":9,"p1id":"tommydulaby","p2id":"ferromolybdenum","formatid":"gen8sharedpower","rating":1000,"private":0,"password":null}