{"id":"gen8nationaldex-1243676871","p1":"xzxak","p2":"Ayante","format":"gen8nationaldex","log":"|j|\u2606xzxak\n|j|\u2606Ayante\n|t:|1607978921\n|player|p1|xzxak|waiter|\n|player|p2|Ayante|koga|\n|teamsize|p1|6\n|teamsize|p2|6\n|gametype|singles\n|gen|8\n|tier|[Gen 8] National Dex\n|rated|Tournament battle\n|clearpoke\n|poke|p1|Hippowdon, F|\n|poke|p1|Chansey, F|\n|poke|p1|Excadrill, M|\n|poke|p1|Zapdos|\n|poke|p1|Kartana|\n|poke|p1|Magearna|\n|poke|p2|Scizor, F|\n|poke|p2|Zarude|\n|poke|p2|Rotom-Heat|\n|poke|p2|Kommo-o, F|\n|poke|p2|Tapu Koko|\n|poke|p2|Gyarados, M|\n|rule|HP Percentage Mod: HP is shown in percentages\n|rule|Endless Battle Clause: Forcing endless battles is banned\n|rule|OHKO Clause: OHKO moves are banned\n|rule|Evasion Moves Clause: Evasion moves are banned\n|rule|Species Clause: Limit one of each Pok\u00e9mon\n|rule|Dynamax Clause: You cannot dynamax\n|rule|Sleep Clause Mod: Limit one foe put to sleep\n|teampreview\n|j| Dragonicos\n|j| Mystery_User25\n|j| Gay Pokmaster\n|j|+S3b4s7i4n\u2744\n|j| Slimetorch\n|j| Hermes010\n|j|@Dag \u263e\u273d\u263d Dan\n|\n|t:|1607978947\n|start\n|switch|p1a: Hippowdon|Hippowdon, F|100\/100\n|switch|p2a: Tapu Koko|Tapu Koko|100\/100\n|-fieldstart|move: Electric Terrain|[from] ability: Electric Surge|[of] p2a: Tapu Koko\n|-weather|Sandstorm|[from] ability: Sand Stream|[of] p1a: Hippowdon\n|turn|1\n|\n|t:|1607978954\n|move|p2a: Tapu Koko|Grass Knot|p1a: Hippowdon\n|-supereffective|p1a: Hippowdon\n|-damage|p1a: Hippowdon|0 fnt\n|faint|p1a: Hippowdon\n|\n|-weather|Sandstorm|[upkeep]\n|-damage|p2a: Tapu Koko|94\/100|[from] Sandstorm\n|upkeep\n|\n|t:|1607978958\n|switch|p1a: Excadrill|Excadrill, M|100\/100\n|turn|2\n|j| ByTeZenT\n|c|@Dag \u263e\u273d\u263d Dan|ouch\n|\n|t:|1607978961\n|switch|p2a: Gyarados|Gyarados, M|100\/100\n|-ability|p2a: Gyarados|Intimidate|boost\n|-unboost|p1a: Excadrill|atk|1\n|move|p1a: Excadrill|Swords Dance|p1a: Excadrill\n|-boost|p1a: Excadrill|atk|2\n|\n|-weather|Sandstorm|[upkeep]\n|-damage|p2a: Gyarados|94\/100|[from] Sandstorm\n|upkeep\n|turn|3\n|\n|t:|1607978966\n|move|p1a: Excadrill|Rock Slide|p2a: Gyarados\n|-supereffective|p2a: Gyarados\n|-damage|p2a: Gyarados|35\/100\n|move|p2a: Gyarados|Earthquake|p1a: Excadrill\n|-supereffective|p1a: Excadrill\n|-damage|p1a: Excadrill|27\/100\n|\n|-weather|Sandstorm|[upkeep]\n|-damage|p2a: Gyarados|29\/100|[from] Sandstorm\n|upkeep\n|turn|4\n|j| TrRizzo09\n|\n|t:|1607978971\n|switch|p2a: Kommo-o|Kommo-o, F|100\/100\n|move|p1a: Excadrill|Iron Head|p2a: Kommo-o\n|-damage|p2a: Kommo-o|53\/100\n|-damage|p1a: Excadrill|11\/100|[from] item: Rocky Helmet|[of] p2a: Kommo-o\n|\n|-weather|Sandstorm|[upkeep]\n|-damage|p2a: Kommo-o|47\/100|[from] Sandstorm\n|upkeep\n|turn|5\n|j| Dhuds\n|j| efra1234\n|l| efra1234\n|l| Slimetorch\n|inactive|Battle timer is ON: inactive players will automatically lose when time's up. (requested by xzxak)\n|\n|t:|1607979035\n|switch|p2a: Gyarados|Gyarados, M|29\/100\n|-ability|p2a: Gyarados|Intimidate|boost\n|-unboost|p1a: Excadrill|atk|1\n|-zpower|p1a: Excadrill\n|move|p1a: Excadrill|Corkscrew Crash|p2a: Gyarados|[zeffect]\n|-resisted|p2a: Gyarados\n|-damage|p2a: Gyarados|0 fnt\n|faint|p2a: Gyarados\n|\n|-weather|Sandstorm|[upkeep]\n|-fieldend|move: Electric Terrain\n|upkeep\n|\n|t:|1607979037\n|switch|p2a: Scizor|Scizor, F|100\/100\n|turn|6\n|j| Xen\u300eQT\u300f\n|\n|t:|1607979044\n|switch|p1a: Zapdos|Zapdos|100\/100\n|detailschange|p2a: Scizor|Scizor-Mega, F\n|-mega|p2a: Scizor|Scizor|Scizorite\n|move|p2a: Scizor|U-turn|p1a: Zapdos\n|-resisted|p1a: Zapdos\n|-damage|p1a: Zapdos|86\/100\n|\n|t:|1607979059\n|switch|p2a: Tapu Koko|Tapu Koko|94\/100|[from]move: U-turn\n|-fieldstart|move: Electric Terrain|[from] ability: Electric Surge|[of] p2a: Tapu Koko\n|\n|-weather|Sandstorm|[upkeep]\n|-damage|p2a: Tapu Koko|88\/100|[from] Sandstorm\n|-damage|p1a: Zapdos|80\/100|[from] Sandstorm\n|upkeep\n|turn|7\n|j|+clorodulce\n|l|+clorodulce\n|\n|t:|1607979070\n|move|p2a: Tapu Koko|Dazzling Gleam|p1a: Zapdos\n|-damage|p1a: Zapdos|35\/100\n|move|p1a: Zapdos|Volt Switch|p2a: Tapu Koko\n|-resisted|p2a: Tapu Koko\n|-damage|p2a: Tapu Koko|66\/100\n|\n|t:|1607979072\n|switch|p1a: Excadrill|Excadrill, M|11\/100|[from]move: Volt Switch\n|\n|-weather|Sandstorm|[upkeep]\n|-damage|p2a: Tapu Koko|60\/100|[from] Sandstorm\n|upkeep\n|turn|8\n|\n|t:|1607979077\n|switch|p2a: Zarude|Zarude|100\/100\n|move|p1a: Excadrill|Rock Slide|p2a: Zarude\n|-damage|p2a: Zarude|77\/100\n|\n|-weather|none\n|-heal|p2a: Zarude|83\/100|[from] item: Leftovers\n|upkeep\n|turn|9\n|j| Gitano te raja\n|\n|t:|1607979084\n|switch|p1a: Zapdos|Zapdos|35\/100\n|move|p2a: Zarude|Darkest Lariat|p1a: Zapdos\n|-damage|p1a: Zapdos|6\/100\n|\n|-heal|p2a: Zarude|89\/100|[from] item: Leftovers\n|upkeep\n|turn|10\n|\n|t:|1607979086\n|move|p2a: Zarude|Darkest Lariat|p1a: Zapdos\n|-damage|p1a: Zapdos|0 fnt\n|-status|p2a: Zarude|par|[from] ability: Static|[of] p1a: Zapdos\n|faint|p1a: Zapdos\n|\n|-heal|p2a: Zarude|95\/100 par|[from] item: Leftovers\n|-fieldend|move: Electric Terrain\n|upkeep\n|j| Joan20elhaxero\n|\n|t:|1607979091\n|switch|p1a: Magearna|Magearna|100\/100\n|turn|11\n|l| Xen\u300eQT\u300f\n|c| Gitano te raja|hola capos\n|\n|t:|1607979094\n|switch|p2a: Rotom|Rotom-Heat|100\/100\n|move|p1a: Magearna|Calm Mind|p1a: Magearna\n|-boost|p1a: Magearna|spa|1\n|-boost|p1a: Magearna|spd|1\n|\n|upkeep\n|turn|12\n|\n|t:|1607979101\n|move|p2a: Rotom|Overheat|p1a: Magearna\n|-supereffective|p1a: Magearna\n|-damage|p1a: Magearna|59\/100\n|-unboost|p2a: Rotom|spa|2\n|move|p1a: Magearna|Calm Mind|p1a: Magearna\n|-boost|p1a: Magearna|spa|1\n|-boost|p1a: Magearna|spd|1\n|\n|upkeep\n|turn|13\n|\n|t:|1607979105\n|move|p2a: Rotom|Volt Switch|p1a: Magearna\n|-damage|p1a: Magearna|54\/100\n|\n|t:|1607979109\n|switch|p2a: Scizor|Scizor-Mega, F|100\/100|[from]move: Volt Switch\n|move|p1a: Magearna|Draining Kiss|p2a: Scizor\n|-resisted|p2a: Scizor\n|-damage|p2a: Scizor|80\/100\n|-heal|p1a: Magearna|68\/100|[from] drain|[of] p2a: Scizor\n|\n|upkeep\n|turn|14\n|\n|t:|1607979111\n|move|p2a: Scizor|Swords Dance|p2a: Scizor\n|-boost|p2a: Scizor|atk|2\n|move|p1a: Magearna|Iron Defense|p1a: Magearna\n|-boost|p1a: Magearna|def|2\n|\n|upkeep\n|turn|15\n|\n|t:|1607979113\n|move|p2a: Scizor|Bullet Punch|p1a: Magearna\n|-damage|p1a: Magearna|43\/100\n|-enditem|p1a: Magearna|Sitrus Berry|[eat]\n|-heal|p1a: Magearna|68\/100|[from] item: Sitrus Berry\n|move|p1a: Magearna|Stored Power|p2a: Scizor\n|-resisted|p2a: Scizor\n|-damage|p2a: Scizor|44\/100\n|\n|upkeep\n|turn|16\n|c| ByTeZenT|es la final :D\n|\n|t:|1607979125\n|move|p2a: Scizor|Bullet Punch|p1a: Magearna\n|-damage|p1a: Magearna|42\/100\n|move|p1a: Magearna|Iron Defense|p1a: Magearna\n|-boost|p1a: Magearna|def|2\n|\n|upkeep\n|turn|17\n|\n|t:|1607979127\n|move|p2a: Scizor|Bullet Punch|p1a: Magearna\n|-damage|p1a: Magearna|24\/100\n|move|p1a: Magearna|Stored Power|p2a: Scizor\n|-resisted|p2a: Scizor\n|-damage|p2a: Scizor|0 fnt\n|faint|p2a: Scizor\n|-ability|p1a: Magearna|Soul-Heart|boost\n|-boost|p1a: Magearna|spa|1\n|\n|upkeep\n|c| Dragonicos|Magearna ha destrozado este torneo xD\n|inactive|Ayante has 120 seconds left.\n|c|\u2606xzxak|wow\n|inactive|Ayante has 90 seconds left.\n|c| Gitano te raja|sweepingtime\n|c| Dragonicos|Y hab\u00eda gente se preguntaba por qu\u00e9 la banearon en el primer DLC\n|\n|t:|1607979208\n|switch|p2a: Rotom|Rotom-Heat|100\/100\n|turn|18\n|l| Gitano te raja\n|\n|t:|1607979211\n|move|p2a: Rotom|Overheat|p1a: Magearna\n|-supereffective|p1a: Magearna\n|-damage|p1a: Magearna|0 fnt\n|-unboost|p2a: Rotom|spa|2\n|faint|p1a: Magearna\n|\n|upkeep\n|c|@Dag \u263e\u273d\u263d Dan|ja\n|\n|t:|1607979216\n|switch|p1a: Chansey|Chansey, F|100\/100\n|turn|19\n|c| ByTeZenT|Uf\n|inactive|Ayante has 90 seconds left.\n|c| ByTeZenT|ese ataque decidio el combate\n|c| Dragonicos|Ese overheat ha destrozado mis palabras :(\n|\n|t:|1607979250\n|move|p2a: Rotom|Volt Switch|p1a: Chansey\n|-damage|p1a: Chansey|97\/100\n|j| gabriel NMS\n|inactive|Ayante has 60 seconds left.\n|c| ByTeZenT|por que se curaba al 100 % y ni El tapu lo mataba yo creo\n|\n|t:|1607979273\n|switch|p2a: Zarude|Zarude|95\/100 par|[from]move: Volt Switch\n|move|p1a: Chansey|Seismic Toss|p2a: Zarude\n|-damage|p2a: Zarude|70\/100 par\n|\n|-heal|p2a: Zarude|77\/100 par|[from] item: Leftovers\n|upkeep\n|turn|20\n|\n|t:|1607979277\n|move|p2a: Zarude|Jungle Healing|p2a: Zarude\n|-heal|p2a: Zarude|100\/100 par\n|-curestatus|p2a: Zarude|par|[msg]\n|move|p1a: Chansey|Counter||[still]\n|-fail|p1a: Chansey\n|\n|upkeep\n|turn|21\n|\n|t:|1607979280\n|move|p2a: Zarude|Bulk Up|p2a: Zarude\n|-boost|p2a: Zarude|atk|1\n|-boost|p2a: Zarude|def|1\n|move|p1a: Chansey|Counter||[still]\n|-fail|p1a: Chansey\n|\n|upkeep\n|turn|22\n|\n|t:|1607979281\n|move|p2a: Zarude|Bulk Up|p2a: Zarude\n|-boost|p2a: Zarude|atk|1\n|-boost|p2a: Zarude|def|1\n|move|p1a: Chansey|Toxic|p2a: Zarude\n|-status|p2a: Zarude|tox\n|\n|-damage|p2a: Zarude|94\/100 tox|[from] psn\n|upkeep\n|turn|23\n|\n|t:|1607979283\n|switch|p1a: Excadrill|Excadrill, M|11\/100\n|move|p2a: Zarude|Bulk Up|p2a: Zarude\n|-boost|p2a: Zarude|atk|1\n|-boost|p2a: Zarude|def|1\n|\n|-heal|p2a: Zarude|100\/100 tox|[from] item: Leftovers\n|-damage|p2a: Zarude|88\/100 tox|[from] psn\n|upkeep\n|turn|24\n|\n|t:|1607979286\n|move|p2a: Zarude|Jungle Healing|p2a: Zarude\n|-heal|p2a: Zarude|100\/100 tox\n|-curestatus|p2a: Zarude|tox|[msg]\n|move|p1a: Excadrill|Iron Head|p2a: Zarude\n|-damage|p2a: Zarude|85\/100\n|\n|-heal|p2a: Zarude|91\/100|[from] item: Leftovers\n|upkeep\n|turn|25\n|\n|t:|1607979288\n|move|p2a: Zarude|Darkest Lariat|p1a: Excadrill\n|-damage|p1a: Excadrill|0 fnt\n|faint|p1a: Excadrill\n|\n|-heal|p2a: Zarude|97\/100|[from] item: Leftovers\n|upkeep\n|\n|t:|1607979290\n|switch|p1a: Kartana|Kartana|100\/100\n|turn|26\n|\n|t:|1607979294\n|move|p2a: Zarude|Darkest Lariat|p1a: Kartana\n|-damage|p1a: Kartana|1\/100\n|move|p1a: Kartana|Swords Dance|p1a: Kartana\n|-boost|p1a: Kartana|atk|2\n|\n|-heal|p2a: Zarude|100\/100|[from] item: Leftovers\n|upkeep\n|turn|27\n|\n|t:|1607979297\n|move|p2a: Zarude|Darkest Lariat|p1a: Kartana\n|-crit|p1a: Kartana\n|-damage|p1a: Kartana|0 fnt\n|faint|p1a: Kartana\n|\n|upkeep\n|\n|t:|1607979299\n|switch|p1a: Chansey|Chansey, F|97\/100\n|turn|28\n|c| ByTeZenT|Hostia la liada\n|\n|t:|1607979304\n|move|p2a: Zarude|Power Whip|p1a: Chansey\n|-damage|p1a: Chansey|11\/100\n|move|p1a: Chansey|Counter|p2a: Zarude\n|-damage|p2a: Zarude|0 fnt\n|faint|p2a: Zarude\n|\n|upkeep\n|c| Dragonicos|La contra boosteada\n|\n|t:|1607979309\n|switch|p2a: Kommo-o|Kommo-o, F|47\/100\n|turn|29\n|\n|t:|1607979311\n|move|p2a: Kommo-o|Body Press|p1a: Chansey\n|-supereffective|p1a: Chansey\n|-damage|p1a: Chansey|0 fnt\n|faint|p1a: Chansey\n|\n|win|Ayante\n|n|\u2606xzxak|xzxak\n|n|\u2606Ayante|ayante\n|n| Dragonicos|dragonicos\n|n| Mystery_User25|mysteryuser25\n|n| Gay Pokmaster|gaypokmaster\n|n| S3b4s7i4n\u2744|s3b4s7i4n\n|n| Hermes010|hermes010\n|n|+Dag \u263e\u273d\u263d Dan|dagdan\n|n| ByTeZenT|bytezent\n|n| TrRizzo09|trrizzo09\n|n| Dhuds|dhuds\n|n| Joan20elhaxero|joan20elhaxero\n|n| gabriel NMS|gabrielnms\n","uploadtime":1607979312,"views":26,"p1id":"xzxak","p2id":"ayante","formatid":"gen8nationaldex","rating":0,"private":0,"password":null}