{"id":"gen8ou-1573862043","p1":"Delibird Heart","p2":"hypervortexreturns","format":"gen8ou","log":"|j|\u2606Delibird Heart\n|j|\u203dhypervortexreturns\n|t:|1652434655\n|gametype|singles\n|player|p1|Delibird Heart|koga-gen1|1730\n|player|p2|hypervortexreturns|265|1867\n|teamsize|p1|6\n|teamsize|p2|6\n|gen|8\n|tier|[Gen 8] OU\n|rated|\n|rule|Sleep Clause Mod: Limit one foe put to sleep\n|rule|Species Clause: Limit one of each Pok\u00e9mon\n|rule|OHKO Clause: OHKO moves are banned\n|rule|Evasion Moves Clause: Evasion moves are banned\n|rule|Endless Battle Clause: Forcing endless battles is banned\n|rule|HP Percentage Mod: HP is shown in percentages\n|rule|Dynamax Clause: You cannot dynamax\n|clearpoke\n|poke|p1|Ninetales-Alola, F|\n|poke|p1|Arctozolt|\n|poke|p1|Blissey, F|\n|poke|p1|Zapdos|\n|poke|p1|Garchomp, F|\n|poke|p1|Ferrothorn, M|\n|poke|p2|Hydreigon, M|\n|poke|p2|Zapdos|\n|poke|p2|Tangrowth, F|\n|poke|p2|Corviknight, M|\n|poke|p2|Excadrill, F|\n|poke|p2|Azumarill, M|\n|teampreview\n|inactive|Battle timer is ON: inactive players will automatically lose when time's up. (requested by Delibird Heart)\n|inactive|hypervortexreturns has 120 seconds left.\n|j| RainSpam101\n|\n|t:|1652434701\n|start\n|switch|p1a: Garchomp|Garchomp, F|100\/100\n|switch|p2a: Tangrowth|Tangrowth, F|100\/100\n|turn|1\n|\n|t:|1652434711\n|move|p1a: Garchomp|Toxic|p2a: Tangrowth\n|-status|p2a: Tangrowth|tox\n|move|p2a: Tangrowth|Sleep Powder|p1a: Garchomp\n|-status|p1a: Garchomp|slp|[from] move: Sleep Powder\n|\n|-damage|p2a: Tangrowth|94\/100 tox|[from] psn\n|upkeep\n|turn|2\n|\n|t:|1652434719\n|cant|p1a: Garchomp|slp\n|move|p2a: Tangrowth|Knock Off|p1a: Garchomp\n|-damage|p1a: Garchomp|85\/100 slp\n|-damage|p2a: Tangrowth|82\/100 tox|[from] ability: Rough Skin|[of] p1a: Garchomp\n|-damage|p2a: Tangrowth|65\/100 tox|[from] item: Rocky Helmet|[of] p1a: Garchomp\n|-enditem|p1a: Garchomp|Rocky Helmet|[from] move: Knock Off|[of] p2a: Tangrowth\n|\n|-damage|p2a: Tangrowth|53\/100 tox|[from] psn\n|upkeep\n|turn|3\n|\n|t:|1652434741\n|switch|p2a: Corviknight|Corviknight, M|100\/100\n|-ability|p2a: Corviknight|Pressure\n|-curestatus|p1a: Garchomp|slp|[msg]\n|move|p1a: Garchomp|Stealth Rock|p2a: Corviknight\n|-sidestart|p2: hypervortexreturns|move: Stealth Rock\n|\n|upkeep\n|turn|4\n|\n|t:|1652434751\n|switch|p1a: Ninetales|Ninetales-Alola, F|100\/100\n|-weather|Hail|[from] ability: Snow Warning|[of] p1a: Ninetales\n|move|p2a: Corviknight|Brave Bird|p1a: Ninetales\n|-damage|p1a: Ninetales|50\/100\n|-damage|p2a: Corviknight|88\/100|[from] Recoil\n|\n|-weather|Hail|[upkeep]\n|-damage|p2a: Corviknight|82\/100|[from] Hail\n|-heal|p2a: Corviknight|88\/100|[from] item: Leftovers\n|upkeep\n|turn|5\n|\n|t:|1652434765\n|switch|p1a: Arctozolt|Arctozolt|100\/100\n|move|p2a: Corviknight|Brave Bird|p1a: Arctozolt\n|-resisted|p1a: Arctozolt\n|-crit|p1a: Arctozolt\n|-damage|p1a: Arctozolt|67\/100\n|-damage|p2a: Corviknight|79\/100|[from] Recoil\n|\n|-weather|Hail|[upkeep]\n|-damage|p2a: Corviknight|73\/100|[from] Hail\n|-heal|p2a: Corviknight|79\/100|[from] item: Leftovers\n|upkeep\n|turn|6\n|j| realsobe\n|inactive|hypervortexreturns has 120 seconds left.\n|\n|t:|1652434801\n|move|p1a: Arctozolt|Icicle Crash|p2a: Corviknight\n|-damage|p2a: Corviknight|42\/100\n|-damage|p1a: Arctozolt|57\/100|[from] item: Life Orb\n|move|p2a: Corviknight|Roost|p2a: Corviknight\n|-heal|p2a: Corviknight|92\/100\n|-singleturn|p2a: Corviknight|move: Roost\n|\n|-weather|Hail|[upkeep]\n|-damage|p2a: Corviknight|86\/100|[from] Hail\n|-heal|p2a: Corviknight|92\/100|[from] item: Leftovers\n|upkeep\n|turn|7\n|\n|t:|1652434834\n|switch|p2a: Tangrowth|Tangrowth, F|86\/100 tox\n|-damage|p2a: Tangrowth|74\/100 tox|[from] Stealth Rock\n|move|p1a: Arctozolt|Bolt Beak|p2a: Tangrowth\n|-resisted|p2a: Tangrowth\n|-damage|p2a: Tangrowth|47\/100 tox\n|-damage|p1a: Arctozolt|40\/100|[from] item: Rocky Helmet|[of] p2a: Tangrowth\n|-damage|p1a: Arctozolt|30\/100|[from] item: Life Orb\n|\n|-weather|Hail|[upkeep]\n|-damage|p2a: Tangrowth|41\/100 tox|[from] Hail\n|-damage|p2a: Tangrowth|34\/100 tox|[from] psn\n|upkeep\n|turn|8\n|inactive|Delibird Heart has 120 seconds left.\n|\n|t:|1652434858\n|move|p1a: Arctozolt|Icicle Crash|p2a: Tangrowth\n|-supereffective|p2a: Tangrowth\n|-damage|p2a: Tangrowth|0 fnt\n|faint|p2a: Tangrowth\n|-damage|p1a: Arctozolt|20\/100|[from] item: Life Orb\n|\n|-weather|Hail|[upkeep]\n|upkeep\n|inactive|hypervortexreturns has 90 seconds left.\n|\n|t:|1652434880\n|switch|p2a: Azumarill|Azumarill, M|100\/100\n|-damage|p2a: Azumarill|88\/100|[from] Stealth Rock\n|turn|9\n|\n|t:|1652434890\n|switch|p1a: Garchomp|Garchomp, F|85\/100\n|move|p2a: Azumarill|Knock Off|p1a: Garchomp\n|-damage|p1a: Garchomp|65\/100\n|-damage|p2a: Azumarill|76\/100|[from] ability: Rough Skin|[of] p1a: Garchomp\n|\n|-weather|Hail|[upkeep]\n|-damage|p1a: Garchomp|59\/100|[from] Hail\n|-damage|p2a: Azumarill|70\/100|[from] Hail\n|upkeep\n|turn|10\n|inactive|hypervortexreturns has 90 seconds left.\n|inactive|Delibird Heart has 120 seconds left.\n|\n|t:|1652434912\n|move|p1a: Garchomp|Toxic|p2a: Azumarill\n|-status|p2a: Azumarill|tox\n|move|p2a: Azumarill|Play Rough|p1a: Garchomp\n|-supereffective|p1a: Garchomp\n|-damage|p1a: Garchomp|0 fnt\n|-damage|p2a: Azumarill|58\/100 tox|[from] ability: Rough Skin|[of] p1a: Garchomp\n|faint|p1a: Garchomp\n|\n|-weather|Hail|[upkeep]\n|-damage|p2a: Azumarill|51\/100 tox|[from] Hail\n|-damage|p2a: Azumarill|45\/100 tox|[from] psn\n|upkeep\n|-enditem|p2a: Azumarill|Sitrus Berry|[eat]\n|-heal|p2a: Azumarill|70\/100 tox|[from] item: Sitrus Berry\n|inactive|Delibird Heart has 120 seconds left.\n|\n|t:|1652434922\n|switch|p1a: Zapdos|Zapdos|100\/100\n|turn|11\n|inactive|hypervortexreturns has 90 seconds left.\n|inactive|Delibird Heart has 120 seconds left.\n|\n|t:|1652434950\n|move|p2a: Azumarill|Aqua Jet|p1a: Zapdos\n|-damage|p1a: Zapdos|81\/100\n|move|p1a: Zapdos|Heat Wave|p2a: Azumarill\n|-resisted|p2a: Azumarill\n|-damage|p2a: Azumarill|54\/100 tox\n|\n|-weather|none\n|-damage|p2a: Azumarill|41\/100 tox|[from] psn\n|upkeep\n|turn|12\n|inactive|Delibird Heart has 120 seconds left.\n|\n|t:|1652434971\n|switch|p2a: Hydreigon|Hydreigon, M|100\/100\n|-damage|p2a: Hydreigon|88\/100|[from] Stealth Rock\n|move|p1a: Zapdos|Roost|p1a: Zapdos\n|-heal|p1a: Zapdos|100\/100\n|-singleturn|p1a: Zapdos|move: Roost\n|\n|-heal|p2a: Hydreigon|94\/100|[from] item: Leftovers\n|upkeep\n|turn|13\n|\n|t:|1652434982\n|switch|p1a: Blissey|Blissey, F|100\/100\n|move|p2a: Hydreigon|Dark Pulse|p1a: Blissey\n|-damage|p1a: Blissey|87\/100\n|\n|-heal|p2a: Hydreigon|100\/100|[from] item: Leftovers\n|upkeep\n|turn|14\n|inactive|Delibird Heart has 120 seconds left.\n|j| pollopollopo\n|inactive|hypervortexreturns has 60 seconds left.\n|\n|t:|1652435002\n|switch|p2a: Excadrill|Excadrill, F|100\/100\n|-damage|p2a: Excadrill|97\/100|[from] Stealth Rock\n|move|p1a: Blissey|Teleport|p1a: Blissey\n|inactive|Delibird Heart has 120 seconds left.\n|\n|t:|1652435009\n|switch|p1a: Ferrothorn|Ferrothorn, M|100\/100|[from]move: Teleport\n|\n|-heal|p2a: Excadrill|100\/100|[from] item: Leftovers\n|upkeep\n|turn|15\n|\n|t:|1652435019\n|switch|p2a: Azumarill|Azumarill, M|41\/100 tox\n|-damage|p2a: Azumarill|29\/100 tox|[from] Stealth Rock\n|move|p1a: Ferrothorn|Knock Off|p2a: Azumarill\n|-resisted|p2a: Azumarill\n|-damage|p2a: Azumarill|20\/100 tox\n|\n|-damage|p2a: Azumarill|14\/100 tox|[from] psn\n|upkeep\n|turn|16\n|inactive|Delibird Heart has 120 seconds left.\n|\n|t:|1652435034\n|move|p2a: Azumarill|Knock Off|p1a: Ferrothorn\n|-damage|p1a: Ferrothorn|78\/100\n|-damage|p2a: Azumarill|2\/100 tox|[from] ability: Iron Barbs|[of] p1a: Ferrothorn\n|-enditem|p1a: Ferrothorn|Leftovers|[from] move: Knock Off|[of] p2a: Azumarill\n|move|p1a: Ferrothorn|Leech Seed|p2a: Azumarill\n|-start|p2a: Azumarill|move: Leech Seed\n|\n|-damage|p2a: Azumarill|0 fnt|[from] Leech Seed|[of] p1a: Ferrothorn\n|-heal|p1a: Ferrothorn|80\/100|[silent]\n|faint|p2a: Azumarill\n|upkeep\n|inactive|hypervortexreturns has 60 seconds left.\n|j| DJStankyJunk\n|\n|t:|1652435082\n|switch|p2a: Hydreigon|Hydreigon, M|100\/100\n|-damage|p2a: Hydreigon|88\/100|[from] Stealth Rock\n|turn|17\n|\n|t:|1652435090\n|move|p2a: Hydreigon|Nasty Plot|p2a: Hydreigon\n|-boost|p2a: Hydreigon|spa|2\n|move|p1a: Ferrothorn|Leech Seed|p2a: Hydreigon\n|-start|p2a: Hydreigon|move: Leech Seed\n|\n|-heal|p2a: Hydreigon|94\/100|[from] item: Leftovers\n|-damage|p2a: Hydreigon|82\/100|[from] Leech Seed|[of] p1a: Ferrothorn\n|-heal|p1a: Ferrothorn|93\/100|[silent]\n|upkeep\n|turn|18\n|\n|t:|1652435102\n|switch|p2a: Excadrill|Excadrill, F|100\/100\n|-damage|p2a: Excadrill|97\/100|[from] Stealth Rock\n|switch|p1a: Blissey|Blissey, F|87\/100\n|\n|-heal|p2a: Excadrill|100\/100|[from] item: Leftovers\n|upkeep\n|turn|19\n|\n|t:|1652435117\n|switch|p1a: Ferrothorn|Ferrothorn, M|93\/100\n|move|p2a: Excadrill|Stealth Rock|p1a: Ferrothorn\n|-sidestart|p1: Delibird Heart|move: Stealth Rock\n|\n|upkeep\n|turn|20\n|\n|t:|1652435135\n|switch|p2a: Hydreigon|Hydreigon, M|82\/100\n|-damage|p2a: Hydreigon|69\/100|[from] Stealth Rock\n|move|p1a: Ferrothorn|Knock Off|p2a: Hydreigon\n|-resisted|p2a: Hydreigon\n|-damage|p2a: Hydreigon|60\/100\n|-enditem|p2a: Hydreigon|Leftovers|[from] move: Knock Off|[of] p1a: Ferrothorn\n|\n|upkeep\n|turn|21\n|\n|t:|1652435150\n|move|p2a: Hydreigon|Dark Pulse|p1a: Ferrothorn\n|-damage|p1a: Ferrothorn|63\/100\n|move|p1a: Ferrothorn|Leech Seed|p2a: Hydreigon\n|-start|p2a: Hydreigon|move: Leech Seed\n|\n|-damage|p2a: Hydreigon|47\/100|[from] Leech Seed|[of] p1a: Ferrothorn\n|-heal|p1a: Ferrothorn|77\/100|[silent]\n|upkeep\n|turn|22\n|\n|t:|1652435162\n|switch|p1a: Blissey|Blissey, F|87\/100\n|move|p2a: Hydreigon|Roost|p2a: Hydreigon\n|-heal|p2a: Hydreigon|97\/100\n|-singleturn|p2a: Hydreigon|move: Roost\n|\n|-damage|p2a: Hydreigon|85\/100|[from] Leech Seed|[of] p1a: Blissey\n|-heal|p1a: Blissey|94\/100|[silent]\n|upkeep\n|turn|23\n|\n|t:|1652435177\n|switch|p2a: Corviknight|Corviknight, M|92\/100\n|-damage|p2a: Corviknight|80\/100|[from] Stealth Rock\n|-ability|p2a: Corviknight|Pressure\n|move|p1a: Blissey|Seismic Toss|p2a: Corviknight\n|-damage|p2a: Corviknight|55\/100\n|\n|-heal|p2a: Corviknight|61\/100|[from] item: Leftovers\n|upkeep\n|turn|24\n|\n|t:|1652435190\n|switch|p1a: Zapdos|Zapdos|100\/100\n|move|p2a: Corviknight|Taunt|p1a: Zapdos\n|-start|p1a: Zapdos|move: Taunt\n|\n|-heal|p2a: Corviknight|67\/100|[from] item: Leftovers\n|upkeep\n|turn|25\n|inactive|hypervortexreturns has 30 seconds left.\n|\n|t:|1652435209\n|switch|p2a: Hydreigon|Hydreigon, M|85\/100\n|-damage|p2a: Hydreigon|72\/100|[from] Stealth Rock\n|move|p1a: Zapdos|Heat Wave|p2a: Hydreigon\n|-resisted|p2a: Hydreigon\n|-damage|p2a: Hydreigon|60\/100\n|\n|upkeep\n|turn|26\n|inactive|hypervortexreturns has 30 seconds left.\n|\n|t:|1652435222\n|move|p2a: Hydreigon|Roost|p2a: Hydreigon\n|-heal|p2a: Hydreigon|100\/100\n|-singleturn|p2a: Hydreigon|move: Roost\n|move|p1a: Zapdos|Volt Switch|p2a: Hydreigon\n|-resisted|p2a: Hydreigon\n|-damage|p2a: Hydreigon|87\/100\n|\n|t:|1652435226\n|switch|p1a: Blissey|Blissey, F|94\/100|[from]move: Volt Switch\n|\n|upkeep\n|turn|27\n|inactive|hypervortexreturns has 30 seconds left.\n|\n|t:|1652435241\n|switch|p2a: Corviknight|Corviknight, M|67\/100\n|-damage|p2a: Corviknight|55\/100|[from] Stealth Rock\n|-ability|p2a: Corviknight|Pressure\n|move|p1a: Blissey|Seismic Toss|p2a: Corviknight\n|-damage|p2a: Corviknight|30\/100\n|\n|-heal|p2a: Corviknight|36\/100|[from] item: Leftovers\n|upkeep\n|turn|28\n|inactive|hypervortexreturns has 30 seconds left.\n|\n|t:|1652435253\n|switch|p1a: Zapdos|Zapdos|100\/100\n|move|p2a: Corviknight|Roost|p2a: Corviknight\n|-heal|p2a: Corviknight|86\/100\n|-singleturn|p2a: Corviknight|move: Roost\n|\n|-heal|p2a: Corviknight|92\/100|[from] item: Leftovers\n|upkeep\n|turn|29\n|inactive|hypervortexreturns has 30 seconds left.\n|\n|t:|1652435271\n|switch|p2a: Hydreigon|Hydreigon, M|87\/100\n|-damage|p2a: Hydreigon|75\/100|[from] Stealth Rock\n|move|p1a: Zapdos|Heat Wave|p2a: Hydreigon\n|-resisted|p2a: Hydreigon\n|-damage|p2a: Hydreigon|62\/100\n|\n|upkeep\n|turn|30\n|inactive|hypervortexreturns has 30 seconds left.\n|\n|t:|1652435279\n|move|p2a: Hydreigon|Dark Pulse|p1a: Zapdos\n|-damage|p1a: Zapdos|67\/100\n|move|p1a: Zapdos|Volt Switch|p2a: Hydreigon\n|-resisted|p2a: Hydreigon\n|-damage|p2a: Hydreigon|47\/100\n|\n|t:|1652435284\n|switch|p1a: Blissey|Blissey, F|94\/100|[from]move: Volt Switch\n|\n|upkeep\n|turn|31\n|\n|t:|1652435296\n|move|p2a: Hydreigon|Roost|p2a: Hydreigon\n|-heal|p2a: Hydreigon|97\/100\n|-singleturn|p2a: Hydreigon|move: Roost\n|move|p1a: Blissey|Toxic|p2a: Hydreigon\n|-status|p2a: Hydreigon|tox\n|\n|-damage|p2a: Hydreigon|91\/100 tox|[from] psn\n|upkeep\n|turn|32\n|inactive|hypervortexreturns has 30 seconds left.\n|\n|t:|1652435316\n|switch|p2a: Corviknight|Corviknight, M|92\/100\n|-damage|p2a: Corviknight|80\/100|[from] Stealth Rock\n|-ability|p2a: Corviknight|Pressure\n|move|p1a: Blissey|Seismic Toss|p2a: Corviknight\n|-damage|p2a: Corviknight|55\/100\n|\n|-heal|p2a: Corviknight|61\/100|[from] item: Leftovers\n|upkeep\n|turn|33\n|inactive|hypervortexreturns has 30 seconds left.\n|\n|t:|1652435335\n|switch|p1a: Ferrothorn|Ferrothorn, M|77\/100\n|-damage|p1a: Ferrothorn|71\/100|[from] Stealth Rock\n|move|p2a: Corviknight|Roost|p2a: Corviknight\n|-heal|p2a: Corviknight|100\/100\n|-singleturn|p2a: Corviknight|move: Roost\n|\n|upkeep\n|turn|34\n|inactive|hypervortexreturns has 30 seconds left.\n|\n|t:|1652435349\n|switch|p2a: Hydreigon|Hydreigon, M|91\/100 tox\n|-damage|p2a: Hydreigon|79\/100 tox|[from] Stealth Rock\n|move|p1a: Ferrothorn|Knock Off|p2a: Hydreigon\n|-resisted|p2a: Hydreigon\n|-damage|p2a: Hydreigon|72\/100 tox\n|\n|-damage|p2a: Hydreigon|66\/100 tox|[from] psn\n|upkeep\n|turn|35\n|inactive|hypervortexreturns has 30 seconds left.\n|\n|t:|1652435360\n|switch|p1a: Blissey|Blissey, F|94\/100\n|move|p2a: Hydreigon|Dark Pulse|p1a: Blissey\n|-damage|p1a: Blissey|83\/100\n|\n|-damage|p2a: Hydreigon|54\/100 tox|[from] psn\n|upkeep\n|turn|36\n|inactive|hypervortexreturns has 30 seconds left.\n|j| sdfhbjshdf\n|\n|t:|1652435369\n|move|p2a: Hydreigon|Roost|p2a: Hydreigon\n|-heal|p2a: Hydreigon|100\/100 tox\n|-singleturn|p2a: Hydreigon|move: Roost\n|move|p1a: Blissey|Seismic Toss|p2a: Hydreigon\n|-damage|p2a: Hydreigon|74\/100 tox\n|\n|-damage|p2a: Hydreigon|56\/100 tox|[from] psn\n|upkeep\n|turn|37\n|inactive|hypervortexreturns has 30 seconds left.\n|\n|t:|1652435386\n|switch|p2a: Corviknight|Corviknight, M|100\/100\n|-damage|p2a: Corviknight|88\/100|[from] Stealth Rock\n|-ability|p2a: Corviknight|Pressure\n|move|p1a: Blissey|Seismic Toss|p2a: Corviknight\n|-damage|p2a: Corviknight|63\/100\n|\n|-heal|p2a: Corviknight|69\/100|[from] item: Leftovers\n|upkeep\n|turn|38\n|inactive|hypervortexreturns has 30 seconds left.\n|\n|t:|1652435400\n|move|p2a: Corviknight|Taunt|p1a: Blissey\n|-start|p1a: Blissey|move: Taunt\n|move|p1a: Blissey|Seismic Toss|p2a: Corviknight\n|-damage|p2a: Corviknight|44\/100\n|\n|-heal|p2a: Corviknight|50\/100|[from] item: Leftovers\n|upkeep\n|turn|39\n|\n|t:|1652435409\n|switch|p1a: Ferrothorn|Ferrothorn, M|71\/100\n|-damage|p1a: Ferrothorn|65\/100|[from] Stealth Rock\n|move|p2a: Corviknight|Roost|p2a: Corviknight\n|-heal|p2a: Corviknight|100\/100\n|-singleturn|p2a: Corviknight|move: Roost\n|\n|upkeep\n|turn|40\n|j| Un vu7f 77f\n|\n|t:|1652435423\n|switch|p2a: Hydreigon|Hydreigon, M|56\/100 tox\n|-damage|p2a: Hydreigon|43\/100 tox|[from] Stealth Rock\n|move|p1a: Ferrothorn|Leech Seed|p2a: Hydreigon\n|-start|p2a: Hydreigon|move: Leech Seed\n|\n|-damage|p2a: Hydreigon|31\/100 tox|[from] Leech Seed|[of] p1a: Ferrothorn\n|-heal|p1a: Ferrothorn|79\/100|[silent]\n|-damage|p2a: Hydreigon|24\/100 tox|[from] psn\n|upkeep\n|turn|41\n|\n|t:|1652435436\n|move|p2a: Hydreigon|Dark Pulse|p1a: Ferrothorn\n|-damage|p1a: Ferrothorn|48\/100\n|move|p1a: Ferrothorn|Gyro Ball|p2a: Hydreigon\n|-damage|p2a: Hydreigon|0 fnt\n|faint|p2a: Hydreigon\n|\n|upkeep\n|inactive|hypervortexreturns has 30 seconds left.\n|inactive|hypervortexreturns has 20 seconds left.\n|\n|t:|1652435460\n|switch|p2a: Excadrill|Excadrill, F|100\/100\n|-damage|p2a: Excadrill|97\/100|[from] Stealth Rock\n|turn|42\n|inactive|hypervortexreturns has 30 seconds left this turn.\n|\n|t:|1652435466\n|move|p2a: Excadrill|Earthquake|p1a: Ferrothorn\n|-damage|p1a: Ferrothorn|15\/100\n|move|p1a: Ferrothorn|Knock Off|p2a: Excadrill\n|-damage|p2a: Excadrill|66\/100\n|-enditem|p2a: Excadrill|Leftovers|[from] move: Knock Off|[of] p1a: Ferrothorn\n|\n|upkeep\n|turn|43\n|inactive|hypervortexreturns has 30 seconds left.\n|\n|t:|1652435481\n|move|p2a: Excadrill|Earthquake|p1a: Ferrothorn\n|-damage|p1a: Ferrothorn|0 fnt\n|faint|p1a: Ferrothorn\n|\n|upkeep\n|inactive|hypervortexreturns has 30 seconds left this turn.\n|\n|t:|1652435483\n|switch|p1a: Zapdos|Zapdos|67\/100\n|turn|44\n|inactive|hypervortexreturns has 30 seconds left.\n|\n|t:|1652435497\n|switch|p2a: Zapdos|Zapdos|100\/100\n|move|p1a: Zapdos|Roost|p1a: Zapdos\n|-heal|p1a: Zapdos|100\/100\n|-singleturn|p1a: Zapdos|move: Roost\n|\n|upkeep\n|turn|45\n|\n|t:|1652435507\n|switch|p1a: Blissey|Blissey, F|83\/100\n|move|p2a: Zapdos|Discharge|p1a: Blissey\n|-damage|p1a: Blissey|71\/100\n|-status|p1a: Blissey|par\n|\n|upkeep\n|turn|46\n|\n|t:|1652435521\n|switch|p2a: Corviknight|Corviknight, M|100\/100\n|-damage|p2a: Corviknight|88\/100|[from] Stealth Rock\n|-ability|p2a: Corviknight|Pressure\n|cant|p1a: Blissey|par\n|\n|-heal|p2a: Corviknight|94\/100|[from] item: Leftovers\n|upkeep\n|turn|47\n|\n|t:|1652435531\n|-curestatus|p1a: Blissey|par|[from] ability: Natural Cure\n|switch|p1a: Zapdos|Zapdos|100\/100\n|move|p2a: Corviknight|Taunt|p1a: Zapdos\n|-start|p1a: Zapdos|move: Taunt\n|\n|-heal|p2a: Corviknight|100\/100|[from] item: Leftovers\n|upkeep\n|turn|48\n|inactive|hypervortexreturns has 30 seconds left.\n|\n|t:|1652435547\n|move|p1a: Zapdos|Volt Switch|p2a: Corviknight\n|-supereffective|p2a: Corviknight\n|-damage|p2a: Corviknight|61\/100\n|\n|t:|1652435550\n|switch|p1a: Blissey|Blissey, F|71\/100|[from]move: Volt Switch\n|move|p2a: Corviknight|Roost|p2a: Corviknight\n|-heal|p2a: Corviknight|100\/100\n|-singleturn|p2a: Corviknight|move: Roost\n|\n|upkeep\n|turn|49\n|\n|t:|1652435558\n|switch|p1a: Zapdos|Zapdos|100\/100\n|move|p2a: Corviknight|Taunt|p1a: Zapdos\n|-start|p1a: Zapdos|move: Taunt\n|\n|upkeep\n|turn|50\n|\n|t:|1652435572\n|switch|p2a: Zapdos|Zapdos|100\/100\n|move|p1a: Zapdos|Heat Wave|p2a: Zapdos|[miss]\n|-miss|p1a: Zapdos|p2a: Zapdos\n|\n|upkeep\n|turn|51\n|\n|t:|1652435579\n|move|p2a: Zapdos|Discharge|p1a: Zapdos\n|-damage|p1a: Zapdos|67\/100\n|move|p1a: Zapdos|Volt Switch|p2a: Zapdos\n|-damage|p2a: Zapdos|74\/100\n|\n|t:|1652435584\n|switch|p1a: Blissey|Blissey, F|71\/100|[from]move: Volt Switch\n|\n|upkeep\n|turn|52\n|\n|t:|1652435595\n|switch|p2a: Corviknight|Corviknight, M|100\/100\n|-damage|p2a: Corviknight|88\/100|[from] Stealth Rock\n|-ability|p2a: Corviknight|Pressure\n|move|p1a: Blissey|Soft-Boiled|p1a: Blissey\n|-heal|p1a: Blissey|100\/100\n|\n|-heal|p2a: Corviknight|94\/100|[from] item: Leftovers\n|upkeep\n|turn|53\n|\n|t:|1652435607\n|move|p2a: Corviknight|Taunt|p1a: Blissey\n|-start|p1a: Blissey|move: Taunt\n|move|p1a: Blissey|Seismic Toss|p2a: Corviknight\n|-damage|p2a: Corviknight|69\/100\n|\n|-heal|p2a: Corviknight|75\/100|[from] item: Leftovers\n|upkeep\n|turn|54\n|\n|t:|1652435624\n|switch|p1a: Zapdos|Zapdos|67\/100\n|move|p2a: Corviknight|Taunt|p1a: Zapdos\n|-start|p1a: Zapdos|move: Taunt\n|\n|-heal|p2a: Corviknight|82\/100|[from] item: Leftovers\n|upkeep\n|turn|55\n|\n|t:|1652435635\n|switch|p2a: Zapdos|Zapdos|74\/100\n|move|p1a: Zapdos|Volt Switch|p2a: Zapdos\n|-damage|p2a: Zapdos|45\/100\n|\n|t:|1652435637\n|switch|p1a: Blissey|Blissey, F|100\/100|[from]move: Volt Switch\n|\n|upkeep\n|turn|56\n|l| Un vu7f 77f\n|j| Un vu7f 77f\n|\n|t:|1652435651\n|switch|p2a: Corviknight|Corviknight, M|82\/100\n|-damage|p2a: Corviknight|69\/100|[from] Stealth Rock\n|-ability|p2a: Corviknight|Pressure\n|move|p1a: Blissey|Seismic Toss|p2a: Corviknight\n|-damage|p2a: Corviknight|44\/100\n|\n|-heal|p2a: Corviknight|50\/100|[from] item: Leftovers\n|upkeep\n|turn|57\n|inactive|hypervortexreturns has 60 seconds left.\n|\n|t:|1652435669\n|switch|p1a: Zapdos|Zapdos|67\/100\n|move|p2a: Corviknight|Roost|p2a: Corviknight\n|-heal|p2a: Corviknight|100\/100\n|-singleturn|p2a: Corviknight|move: Roost\n|\n|upkeep\n|turn|58\n|inactive|hypervortexreturns has 60 seconds left.\n|\n|t:|1652435693\n|switch|p2a: Excadrill|Excadrill, F|66\/100\n|-damage|p2a: Excadrill|63\/100|[from] Stealth Rock\n|move|p1a: Zapdos|Volt Switch|p2a: Excadrill\n|-immune|p2a: Excadrill\n|\n|upkeep\n|turn|59\n|\n|t:|1652435703\n|switch|p2a: Zapdos|Zapdos|45\/100\n|move|p1a: Zapdos|Roost|p1a: Zapdos\n|-heal|p1a: Zapdos|100\/100\n|-singleturn|p1a: Zapdos|move: Roost\n|\n|upkeep\n|turn|60\n|\n|t:|1652435717\n|move|p2a: Zapdos|Roost|p2a: Zapdos\n|-heal|p2a: Zapdos|95\/100\n|-singleturn|p2a: Zapdos|move: Roost\n|move|p1a: Zapdos|Volt Switch|p2a: Zapdos\n|-resisted|p2a: Zapdos\n|-damage|p2a: Zapdos|80\/100\n|\n|t:|1652435720\n|switch|p1a: Blissey|Blissey, F|100\/100|[from]move: Volt Switch\n|\n|upkeep\n|turn|61\n|inactive|hypervortexreturns has 60 seconds left.\n|\n|t:|1652435733\n|switch|p2a: Corviknight|Corviknight, M|100\/100\n|-damage|p2a: Corviknight|88\/100|[from] Stealth Rock\n|-ability|p2a: Corviknight|Pressure\n|move|p1a: Blissey|Teleport|p1a: Blissey\n|\n|t:|1652435736\n|switch|p1a: Zapdos|Zapdos|100\/100|[from]move: Teleport\n|\n|-heal|p2a: Corviknight|94\/100|[from] item: Leftovers\n|upkeep\n|turn|62\n|inactive|hypervortexreturns has 60 seconds left.\n|\n|t:|1652435758\n|switch|p2a: Zapdos|Zapdos|80\/100\n|move|p1a: Zapdos|Defog|p2a: Zapdos\n|-unboost|p2a: Zapdos|evasion|1\n|-sideend|p2: hypervortexreturns|Stealth Rock|[from] move: Defog|[of] p1a: Zapdos\n|-sideend|p1: Delibird Heart|Stealth Rock|[from] move: Defog|[of] p1a: Zapdos\n|\n|upkeep\n|turn|63\n|\n|t:|1652435768\n|move|p2a: Zapdos|Discharge|p1a: Zapdos\n|-damage|p1a: Zapdos|69\/100\n|move|p1a: Zapdos|Heat Wave|p2a: Zapdos\n|-damage|p2a: Zapdos|53\/100\n|\n|upkeep\n|turn|64\n|\n|t:|1652435781\n|move|p2a: Zapdos|Roost|p2a: Zapdos\n|-heal|p2a: Zapdos|100\/100\n|-singleturn|p2a: Zapdos|move: Roost\n|move|p1a: Zapdos|Volt Switch|p2a: Zapdos\n|-resisted|p2a: Zapdos\n|-damage|p2a: Zapdos|86\/100\n|\n|t:|1652435783\n|switch|p1a: Ninetales|Ninetales-Alola, F|50\/100|[from]move: Volt Switch\n|-weather|Hail|[from] ability: Snow Warning|[of] p1a: Ninetales\n|\n|-weather|Hail|[upkeep]\n|-damage|p2a: Zapdos|79\/100|[from] Hail\n|upkeep\n|turn|65\n|l| Un vu7f 77f\n|inactive|hypervortexreturns has 60 seconds left.\n|j| Ctannn\n|\n|t:|1652435804\n|move|p1a: Ninetales|Blizzard|p2a: Zapdos\n|-supereffective|p2a: Zapdos\n|-damage|p2a: Zapdos|0 fnt\n|faint|p2a: Zapdos\n|\n|-weather|Hail|[upkeep]\n|upkeep\n|\n|t:|1652435814\n|switch|p2a: Corviknight|Corviknight, M|94\/100\n|-ability|p2a: Corviknight|Pressure\n|turn|66\n|\n|t:|1652435829\n|switch|p1a: Zapdos|Zapdos|69\/100\n|move|p2a: Corviknight|Brave Bird|p1a: Zapdos\n|-resisted|p1a: Zapdos\n|-damage|p1a: Zapdos|57\/100\n|-damage|p2a: Corviknight|90\/100|[from] Recoil\n|\n|-weather|Hail|[upkeep]\n|-damage|p1a: Zapdos|51\/100|[from] Hail\n|-damage|p2a: Corviknight|84\/100|[from] Hail\n|-heal|p2a: Corviknight|90\/100|[from] item: Leftovers\n|upkeep\n|turn|67\n|\n|t:|1652435846\n|switch|p2a: Excadrill|Excadrill, F|63\/100\n|move|p1a: Zapdos|Heat Wave|p2a: Excadrill\n|-supereffective|p2a: Excadrill\n|-damage|p2a: Excadrill|0 fnt\n|faint|p2a: Excadrill\n|\n|-weather|Hail|[upkeep]\n|-damage|p1a: Zapdos|45\/100|[from] Hail\n|upkeep\n|inactive|hypervortexreturns has 30 seconds left.\n|inactive|hypervortexreturns has 20 seconds left.\n|inactive|hypervortexreturns has 15 seconds left.\n|l| pollopollopo\n|inactive|hypervortexreturns has 10 seconds left.\n|inactive|hypervortexreturns has 5 seconds left.\n|c|\u2606Delibird Heart|gg\n|-message|hypervortexreturns lost due to inactivity.\n|\n|win|Delibird Heart\n|raw|Delibird Heart's rating: 1730 &rarr; <strong>1758<\/strong><br \/>(+28 for winning)\n|raw|hypervortexreturns's rating: 1867 &rarr; <strong>1839<\/strong><br \/>(-28 for losing)\n","uploadtime":1652435900,"views":125,"p1id":"delibirdheart","p2id":"hypervortexreturns","formatid":"gen8ou","rating":1758,"private":0,"password":null}