{"id":"gen8ou-1694546010","p1":"gotsnsd","p2":"heyitsjinx","format":"gen8ou","log":"|j|\u2606gotsnsd\n|j|\u2606heyitsjinx\n|inactive|Battle timer is ON: inactive players will automatically lose when time's up.\n|t:|1666713345\n|gametype|singles\n|player|p1|gotsnsd|beauty-gen2jp|\n|player|p2|heyitsjinx|170|\n|teamsize|p1|6\n|teamsize|p2|6\n|gen|8\n|tier|[Gen 8] OU\n|rated|Tournament battle\n|rule|Sleep Clause Mod: Limit one foe put to sleep\n|rule|Species Clause: Limit one of each Pok\u00e9mon\n|rule|OHKO Clause: OHKO moves are banned\n|rule|Evasion Items Clause: Evasion items are banned\n|rule|Evasion Moves Clause: Evasion moves are banned\n|rule|Endless Battle Clause: Forcing endless battles is banned\n|rule|HP Percentage Mod: HP is shown in percentages\n|rule|Dynamax Clause: You cannot dynamax\n|rule|First Blood Rule: The first team to have a Pok\u00e9mon faint loses.\n|clearpoke\n|poke|p1|Garchomp, M|\n|poke|p1|Tornadus-Therian, M|\n|poke|p1|Regieleki|\n|poke|p1|Kartana|\n|poke|p1|Clefable, M|\n|poke|p1|Weavile, F|\n|poke|p2|Kartana|\n|poke|p2|Urshifu-*, F|\n|poke|p2|Regieleki|\n|poke|p2|Blacephalon|\n|poke|p2|Dragapult, M|\n|poke|p2|Golisopod, L30, F|\n|teampreview\n|inactive|heyitsjinx also wants the timer to be on.\n|\n|t:|1666713373\n|start\n|switch|p1a: Garchomp|Garchomp, M|100\/100\n|switch|p2a: Golisopod|Golisopod, L30, F|100\/100\n|turn|1\n|\n|t:|1666713378\n|move|p2a: Golisopod|First Impression|p1a: Garchomp\n|-damage|p1a: Garchomp|97\/100\n|-damage|p2a: Golisopod|89\/100|[from] ability: Rough Skin|[of] p1a: Garchomp\n|move|p1a: Garchomp|Toxic|p2a: Golisopod\n|-status|p2a: Golisopod|tox\n|\n|-heal|p1a: Garchomp|100\/100|[from] item: Leftovers\n|-damage|p2a: Golisopod|83\/100 tox|[from] psn\n|upkeep\n|turn|2\n|\n|t:|1666713383\n|switch|p2a: Urshifu|Urshifu-Rapid-Strike, F|100\/100\n|move|p1a: Garchomp|Stealth Rock|p2a: Urshifu\n|-sidestart|p2: heyitsjinx|move: Stealth Rock\n|\n|upkeep\n|turn|3\n|\n|t:|1666713391\n|move|p2a: Urshifu|Surging Strikes|p1a: Garchomp\n|-crit|p1a: Garchomp\n|-damage|p1a: Garchomp|79\/100\n|-damage|p2a: Urshifu|88\/100|[from] ability: Rough Skin|[of] p1a: Garchomp\n|-crit|p1a: Garchomp\n|-damage|p1a: Garchomp|59\/100\n|-damage|p2a: Urshifu|76\/100|[from] ability: Rough Skin|[of] p1a: Garchomp\n|-crit|p1a: Garchomp\n|-damage|p1a: Garchomp|37\/100\n|-damage|p2a: Urshifu|64\/100|[from] ability: Rough Skin|[of] p1a: Garchomp\n|-hitcount|p1a: Garchomp|3\n|move|p1a: Garchomp|Dragon Tail|p2a: Urshifu\n|-damage|p2a: Urshifu|42\/100\n|drag|p2a: Kartana|Kartana|100\/100\n|-damage|p2a: Kartana|94\/100|[from] Stealth Rock\n|\n|-heal|p1a: Garchomp|43\/100|[from] item: Leftovers\n|upkeep\n|turn|4\n|\n|t:|1666713402\n|switch|p1a: Tornadus|Tornadus-Therian, M|100\/100\n|move|p2a: Kartana|Leaf Blade|p1a: Tornadus\n|-resisted|p1a: Tornadus\n|-crit|p1a: Tornadus\n|-damage|p1a: Tornadus|37\/100\n|\n|upkeep\n|turn|5\n|\n|t:|1666713412\n|switch|p2a: Dragapult|Dragapult, M|100\/100\n|-damage|p2a: Dragapult|88\/100|[from] Stealth Rock\n|switch|p1a: Kartana|Kartana|100\/100\n|\n|upkeep\n|turn|6\n|\n|t:|1666713427\n|switch|p1a: Clefable|Clefable, M|100\/100\n|move|p2a: Dragapult|Shadow Ball|p1a: Clefable\n|-damage|p1a: Clefable|50\/100\n|\n|upkeep\n|turn|7\n|\n|t:|1666713432\n|switch|p1a: Weavile|Weavile, F|100\/100\n|-ability|p1a: Weavile|Pressure\n|move|p2a: Dragapult|Shadow Ball|p1a: Weavile\n|-resisted|p1a: Weavile\n|-damage|p1a: Weavile|62\/100\n|\n|upkeep\n|turn|8\n|\n|t:|1666713436\n|switch|p2a: Urshifu|Urshifu-Rapid-Strike, F|42\/100\n|-damage|p2a: Urshifu|35\/100|[from] Stealth Rock\n|move|p1a: Weavile|Knock Off|p2a: Urshifu\n|-resisted|p2a: Urshifu\n|-damage|p2a: Urshifu|2\/100\n|-enditem|p2a: Urshifu|Choice Band|[from] move: Knock Off|[of] p1a: Weavile\n|-damage|p1a: Weavile|52\/100|[from] item: Life Orb\n|\n|upkeep\n|turn|9\n|\n|t:|1666713443\n|switch|p2a: Regieleki|Regieleki|100\/100\n|-damage|p2a: Regieleki|88\/100|[from] Stealth Rock\n|move|p1a: Weavile|Ice Shard|p2a: Regieleki\n|-damage|p2a: Regieleki|41\/100\n|-damage|p1a: Weavile|42\/100|[from] item: Life Orb\n|\n|upkeep\n|turn|10\n|\n|t:|1666713448\n|switch|p2a: Kartana|Kartana|94\/100\n|-damage|p2a: Kartana|88\/100|[from] Stealth Rock\n|move|p1a: Weavile|Ice Shard|p2a: Kartana\n|-damage|p2a: Kartana|61\/100\n|-damage|p1a: Weavile|32\/100|[from] item: Life Orb\n|\n|upkeep\n|turn|11\n|c|\u2606heyitsjinx|gg\n|\n|t:|1666713462\n|switch|p1a: Kartana|Kartana|100\/100\n|move|p2a: Kartana|Leaf Blade|p1a: Kartana\n|-resisted|p1a: Kartana\n|-damage|p1a: Kartana|84\/100\n|\n|upkeep\n|turn|12\n|\n|t:|1666713480\n|switch|p2a: Blacephalon|Blacephalon|100\/100\n|-damage|p2a: Blacephalon|76\/100|[from] Stealth Rock\n|move|p1a: Kartana|Knock Off|p2a: Blacephalon\n|-supereffective|p2a: Blacephalon\n|-damage|p2a: Blacephalon|0 fnt\n|-enditem|p2a: Blacephalon|Choice Scarf|[from] move: Knock Off|[of] p1a: Kartana\n|faint|p2a: Blacephalon\n|\n|win|gotsnsd\n|-ability|p1a: Kartana|Beast Boost|boost\n|-boost|p1a: Kartana|atk|1\n|n|\u2606gotsnsd|gotsnsd\n|n|\u2606heyitsjinx|heyitsjinx\n|l|\u2606heyitsjinx\n|c|\u2606gotsnsd|gg\n","uploadtime":1666713501,"views":2,"p1id":"gotsnsd","p2id":"heyitsjinx","formatid":"gen8ou","rating":0,"private":0,"password":null}