{"id":"gen8ou-1554140870","p1":"Shoaple","p2":"BigWes95","format":"gen8ou","log":"|j|\u2606Shoaple\n|j|\u2606BigWes95\n|inactive|Battle timer is ON: inactive players will automatically lose when time's up.\n|t:|1650045232\n|gametype|singles\n|player|p1|Shoaple|102|\n|player|p2|BigWes95|lusamine-nihilego|\n|teamsize|p1|6\n|teamsize|p2|6\n|gen|8\n|tier|[Gen 8] OU\n|rated|Tournament battle\n|rule|Sleep Clause Mod: Limit one foe put to sleep\n|rule|Species Clause: Limit one of each Pok\u00e9mon\n|rule|OHKO Clause: OHKO moves are banned\n|rule|Evasion Moves Clause: Evasion moves are banned\n|rule|Endless Battle Clause: Forcing endless battles is banned\n|rule|HP Percentage Mod: HP is shown in percentages\n|clearpoke\n|poke|p1|Pelipper, F|\n|poke|p1|Barraskewda, F|\n|poke|p1|Porygon-Z|\n|poke|p1|Ferrothorn, M|\n|poke|p1|Tapu Lele|\n|poke|p1|Seismitoad, F|\n|poke|p2|Tapu Lele|\n|poke|p2|Dragapult, F|\n|poke|p2|Ferrothorn, F|\n|poke|p2|Landorus-Therian, M|\n|poke|p2|Zapdos|\n|poke|p2|Urshifu-*, F|\n|teampreview\n|inactive|BigWes95 also wants the timer to be on.\n|j| StarPlatinumReqim\n|j| vkhss\n|j| Slick Slomopavitz\n|inactive|Shoaple has 120 seconds left.\n|\n|t:|1650045263\n|start\n|switch|p1a: Pelipper|Pelipper, F|100\/100\n|switch|p2a: Urshifu|Urshifu, F|100\/100\n|-weather|RainDance|[from] ability: Drizzle|[of] p1a: Pelipper\n|turn|1\n|j| Multigenda\n|\n|t:|1650045269\n|switch|p1a: Ferrothorn|Ferrothorn, M|100\/100\n|move|p2a: Urshifu|Wicked Blow|p1a: Ferrothorn\n|-crit|p1a: Ferrothorn\n|-damage|p1a: Ferrothorn|57\/100\n|-damage|p2a: Urshifu|88\/100|[from] ability: Iron Barbs|[of] p1a: Ferrothorn\n|-damage|p2a: Urshifu|72\/100|[from] item: Rocky Helmet|[of] p1a: Ferrothorn\n|\n|-weather|RainDance|[upkeep]\n|upkeep\n|turn|2\n|\n|t:|1650045274\n|move|p2a: Urshifu|Close Combat|p1a: Ferrothorn\n|-supereffective|p1a: Ferrothorn\n|-damage|p1a: Ferrothorn|0 fnt\n|-unboost|p2a: Urshifu|def|1\n|-unboost|p2a: Urshifu|spd|1\n|-damage|p2a: Urshifu|59\/100|[from] ability: Iron Barbs|[of] p1a: Ferrothorn\n|-damage|p2a: Urshifu|43\/100|[from] item: Rocky Helmet|[of] p1a: Ferrothorn\n|faint|p1a: Ferrothorn\n|\n|-weather|RainDance|[upkeep]\n|upkeep\n|\n|t:|1650045285\n|switch|p1a: Seismitoad|Seismitoad, F|100\/100\n|turn|3\n|\n|t:|1650045289\n|switch|p2a: Nigel Thornberry|Ferrothorn, F, shiny|100\/100\n|move|p1a: Seismitoad|Weather Ball|p2a: Nigel Thornberry\n|-resisted|p2a: Nigel Thornberry\n|-damage|p2a: Nigel Thornberry|64\/100\n|\n|-weather|RainDance|[upkeep]\n|-heal|p2a: Nigel Thornberry|70\/100|[from] item: Leftovers\n|upkeep\n|turn|4\n|\n|t:|1650045299\n|switch|p1a: Porygon-Z|Porygon-Z|100\/100\n|-ability|p1a: Porygon-Z|Download|boost\n|-boost|p1a: Porygon-Z|spa|1\n|move|p2a: Nigel Thornberry|Stealth Rock|p1a: Porygon-Z\n|-sidestart|p1: Shoaple|move: Stealth Rock\n|\n|-weather|RainDance|[upkeep]\n|-heal|p2a: Nigel Thornberry|76\/100|[from] item: Leftovers\n|upkeep\n|turn|5\n|\n|t:|1650045313\n|move|p1a: Porygon-Z|Ice Beam|p2a: Nigel Thornberry\n|-damage|p2a: Nigel Thornberry|7\/100\n|move|p2a: Nigel Thornberry|Body Press|p1a: Porygon-Z\n|-supereffective|p1a: Porygon-Z\n|-damage|p1a: Porygon-Z|7\/100\n|\n|-weather|RainDance|[upkeep]\n|-heal|p2a: Nigel Thornberry|14\/100|[from] item: Leftovers\n|upkeep\n|turn|6\n|\n|t:|1650045320\n|move|p1a: Porygon-Z|Ice Beam|p2a: Nigel Thornberry\n|-damage|p2a: Nigel Thornberry|0 fnt\n|faint|p2a: Nigel Thornberry\n|\n|-weather|RainDance|[upkeep]\n|upkeep\n|\n|t:|1650045324\n|switch|p2a: Mia Khalifa|Tapu Lele, shiny|100\/100\n|-fieldstart|move: Psychic Terrain|[from] ability: Psychic Surge|[of] p2a: Mia Khalifa\n|turn|7\n|\n|t:|1650045328\n|move|p2a: Mia Khalifa|Moonblast|p1a: Porygon-Z\n|-damage|p1a: Porygon-Z|0 fnt\n|faint|p1a: Porygon-Z\n|\n|-weather|RainDance|[upkeep]\n|upkeep\n|\n|t:|1650045353\n|switch|p1a: Barraskewda|Barraskewda, F|100\/100\n|-damage|p1a: Barraskewda|88\/100|[from] Stealth Rock\n|turn|8\n|\n|t:|1650045356\n|switch|p2a: Tony Hawk|Zapdos, shiny|100\/100\n|move|p1a: Barraskewda|Liquidation|p2a: Tony Hawk\n|-damage|p2a: Tony Hawk|0 fnt\n|-status|p1a: Barraskewda|par|[from] ability: Static|[of] p2a: Tony Hawk\n|faint|p2a: Tony Hawk\n|\n|-weather|none\n|upkeep\n|n| tvoltage|vkhss\n|\n|t:|1650045367\n|switch|p2a: Urshifu|Urshifu, F|43\/100\n|turn|9\n|\n|t:|1650045384\n|move|p2a: Urshifu|Wicked Blow|p1a: Barraskewda\n|-crit|p1a: Barraskewda\n|-damage|p1a: Barraskewda|0 fnt\n|faint|p1a: Barraskewda\n|\n|upkeep\n|\n|t:|1650045387\n|switch|p1a: Tapu Lele|Tapu Lele|100\/100\n|-damage|p1a: Tapu Lele|88\/100|[from] Stealth Rock\n|turn|10\n|j| gewwge\n|\n|t:|1650045392\n|move|p1a: Tapu Lele|Moonblast|p2a: Urshifu\n|-supereffective|p2a: Urshifu\n|-damage|p2a: Urshifu|0 fnt\n|faint|p2a: Urshifu\n|\n|upkeep\n|\n|t:|1650045399\n|switch|p2a: Lando Calrissian|Landorus-Therian, M, shiny|100\/100\n|-ability|p2a: Lando Calrissian|Intimidate|boost\n|-unboost|p1a: Tapu Lele|atk|1\n|turn|11\n|\n|t:|1650045412\n|move|p1a: Tapu Lele|Moonblast|p2a: Lando Calrissian\n|-damage|p2a: Lando Calrissian|60\/100\n|move|p2a: Lando Calrissian|Knock Off|p1a: Tapu Lele\n|-damage|p1a: Tapu Lele|40\/100\n|-enditem|p1a: Tapu Lele|Choice Scarf|[from] move: Knock Off|[of] p2a: Lando Calrissian\n|\n|-heal|p2a: Lando Calrissian|66\/100|[from] item: Leftovers\n|-fieldend|move: Psychic Terrain\n|upkeep\n|turn|12\n|j| De5tr0yr\n|\n|t:|1650045418\n|move|p1a: Tapu Lele|Future Sight|p2a: Lando Calrissian\n|-start|p1a: Tapu Lele|move: Future Sight\n|move|p2a: Lando Calrissian|Knock Off|p1a: Tapu Lele\n|-damage|p1a: Tapu Lele|9\/100\n|\n|-heal|p2a: Lando Calrissian|72\/100|[from] item: Leftovers\n|upkeep\n|turn|13\n|\n|t:|1650045424\n|move|p1a: Tapu Lele|Moonblast|p2a: Lando Calrissian\n|-damage|p2a: Lando Calrissian|34\/100\n|move|p2a: Lando Calrissian|Knock Off|p1a: Tapu Lele\n|-damage|p1a: Tapu Lele|0 fnt\n|faint|p1a: Tapu Lele\n|\n|-heal|p2a: Lando Calrissian|40\/100|[from] item: Leftovers\n|upkeep\n|\n|t:|1650045428\n|switch|p1a: Pelipper|Pelipper, F|100\/100\n|-damage|p1a: Pelipper|76\/100|[from] Stealth Rock\n|-weather|RainDance|[from] ability: Drizzle|[of] p1a: Pelipper\n|turn|14\n|j| kisian\n|j| sgpg-test\n|\n|t:|1650045446\n|move|p2a: Lando Calrissian|Knock Off|p1a: Pelipper\n|-damage|p1a: Pelipper|46\/100\n|-enditem|p1a: Pelipper|Damp Rock|[from] move: Knock Off|[of] p2a: Lando Calrissian\n|move|p1a: Pelipper|Scald|p2a: Lando Calrissian\n|-supereffective|p2a: Lando Calrissian\n|-damage|p2a: Lando Calrissian|0 fnt\n|faint|p2a: Lando Calrissian\n|\n|-weather|RainDance|[upkeep]\n|-hint|Future Sight did not hit because the target is fainted.\n|upkeep\n|\n|t:|1650045455\n|switch|p2a: Johnny Bananas|Dragapult, F, shiny|100\/100\n|turn|15\n|inactive|Shoaple has 120 seconds left.\n|j| SubmergedWater\n|\n|t:|1650045502\n|move|p2a: Johnny Bananas|Shadow Ball|p1a: Pelipper\n|-damage|p1a: Pelipper|0 fnt\n|faint|p1a: Pelipper\n|\n|-weather|RainDance|[upkeep]\n|upkeep\n|\n|t:|1650045504\n|switch|p1a: Seismitoad|Seismitoad, F|100\/100\n|-damage|p1a: Seismitoad|95\/100|[from] Stealth Rock\n|turn|16\n|\n|t:|1650045519\n|-start|p2a: Johnny Bananas|Dynamax|\n|-heal|p2a: Johnny Bananas|100\/100|[silent]\n|move|p1a: Seismitoad|Weather Ball|p2a: Johnny Bananas\n|-resisted|p2a: Johnny Bananas\n|-damage|p2a: Johnny Bananas|71\/100\n|move|p2a: Johnny Bananas|Max Phantasm|p1a: Seismitoad\n|-damage|p1a: Seismitoad|24\/100\n|-unboost|p1a: Seismitoad|def|1\n|\n|-weather|RainDance|[upkeep]\n|upkeep\n|turn|17\n|\n|t:|1650045527\n|-start|p1a: Seismitoad|Dynamax|\n|-heal|p1a: Seismitoad|24\/100|[silent]\n|move|p1a: Seismitoad|Max Hailstorm|p2a: Johnny Bananas\n|-supereffective|p2a: Johnny Bananas\n|-damage|p2a: Johnny Bananas|30\/100\n|-weather|Hail\n|move|p2a: Johnny Bananas|Max Phantasm|p1a: Seismitoad\n|-damage|p1a: Seismitoad|0 fnt\n|faint|p1a: Seismitoad\n|\n|win|BigWes95\n|n|\u2606Shoaple|shoaple\n|n|\u2606BigWes95|bigwes95\n|n| StarPlatinumReqim|starplatinumreqim\n|n| Slick Slomopavitz|slickslomopavitz\n|n| Multigenda|multigenda\n|n| tvoltage|tvoltage\n|n| gewwge|gewwge\n|n| De5tr0yr|de5tr0yr\n|n| kisian|kisian\n|n| sgpg-test|sgpgtest\n|n| SubmergedWater|submergedwater\n","uploadtime":1650045528,"views":36,"p1id":"shoaple","p2id":"bigwes95","formatid":"gen8ou","rating":0,"private":0,"password":null}