{"id":"gen8nationaldexmonotype-1549636116","p1":"a1blue","p2":"Eclipse77","format":"gen8nationaldexmonotype","log":"|j|\u2606a1blue\n|j|\u2606Eclipse77\n|t:|1649515490\n|gametype|singles\n|player|p1|a1blue|jasmine|1548\n|player|p2|Eclipse77|hilda-wonderlauncher|1570\n|teamsize|p1|6\n|teamsize|p2|6\n|gen|8\n|tier|[Gen 8] National Dex Monotype\n|rated|\n|rule|HP Percentage Mod: HP is shown in percentages\n|rule|Endless Battle Clause: Forcing endless battles is banned\n|rule|Same Type Clause: Pok\u00e9mon in a team must share a type\n|rule|Species Clause: Limit one of each Pok\u00e9mon\n|rule|OHKO Clause: OHKO moves are banned\n|rule|Evasion Moves Clause: Evasion moves are banned\n|rule|Dynamax Clause: You cannot dynamax\n|rule|Sleep Clause Mod: Limit one foe put to sleep\n|clearpoke\n|poke|p1|Greninja, F|\n|poke|p1|Barraskewda, F|\n|poke|p1|Swampert, F|\n|poke|p1|Toxapex, F|\n|poke|p1|Slowking, M|\n|poke|p1|Pelipper, M|\n|poke|p2|Greninja, M|\n|poke|p2|Pelipper, F|\n|poke|p2|Toxapex, M|\n|poke|p2|Urshifu-*, F|\n|poke|p2|Slowking, F|\n|poke|p2|Swampert, M|\n|teampreview\n|inactive|Battle timer is ON: inactive players will automatically lose when time's up. (requested by Eclipse77)\n|\n|t:|1649515518\n|start\n|switch|p1a: Swampert|Swampert, F, shiny|100\/100\n|switch|p2a: Pelipper|Pelipper, F|100\/100\n|-weather|RainDance|[from] ability: Drizzle|[of] p2a: Pelipper\n|turn|1\n|\n|t:|1649515523\n|detailschange|p1a: Swampert|Swampert-Mega, F, shiny\n|-mega|p1a: Swampert|Swampert|Swampertite\n|move|p1a: Swampert|Stealth Rock|p2a: Pelipper\n|-sidestart|p2: Eclipse77|move: Stealth Rock\n|move|p2a: Pelipper|Hydro Pump|p1a: Swampert\n|-damage|p1a: Swampert|3\/100\n|\n|-weather|RainDance|[upkeep]\n|upkeep\n|turn|2\n|\n|t:|1649515541\n|switch|p1a: Slowking|Slowking, M, shiny|100\/100\n|move|p2a: Pelipper|Hydro Pump|p1a: Slowking\n|-resisted|p1a: Slowking\n|-damage|p1a: Slowking|64\/100\n|\n|-weather|RainDance|[upkeep]\n|upkeep\n|turn|3\n|\n|t:|1649515551\n|switch|p2a: Slowking|Slowking, F|100\/100\n|move|p1a: Slowking|Future Sight|p2a: Slowking\n|-start|p1a: Slowking|move: Future Sight\n|\n|-weather|RainDance|[upkeep]\n|upkeep\n|turn|4\n|\n|t:|1649515560\n|move|p2a: Slowking|Future Sight|p1a: Slowking\n|-start|p2a: Slowking|move: Future Sight\n|move|p1a: Slowking|Slack Off|p1a: Slowking\n|-heal|p1a: Slowking|100\/100\n|\n|-weather|RainDance|[upkeep]\n|upkeep\n|turn|5\n|\n|t:|1649515566\n|move|p2a: Slowking|Scald|p1a: Slowking\n|-resisted|p1a: Slowking\n|-damage|p1a: Slowking|88\/100\n|move|p1a: Slowking|Dragon Tail|p2a: Slowking\n|-damage|p2a: Slowking|89\/100\n|drag|p2a: Urshifu|Urshifu-Rapid-Strike, F|100\/100\n|-damage|p2a: Urshifu|94\/100|[from] Stealth Rock\n|\n|-weather|none\n|-end|p2a: Urshifu|move: Future Sight\n|-supereffective|p2a: Urshifu\n|-crit|p2a: Urshifu\n|-damage|p2a: Urshifu|0 fnt\n|faint|p2a: Urshifu\n|upkeep\n|\n|t:|1649515576\n|switch|p2a: Greninja|Greninja, M|100\/100\n|-damage|p2a: Greninja|88\/100|[from] Stealth Rock\n|turn|6\n|\n|t:|1649515582\n|switch|p1a: Toxapex|Toxapex, F, shiny|100\/100\n|move|p2a: Greninja|U-turn|p1a: Toxapex\n|-start|p2a: Greninja|typechange|Bug|[from] ability: Protean\n|-resisted|p1a: Toxapex\n|-damage|p1a: Toxapex|94\/100\n|\n|t:|1649515588\n|switch|p2a: Pelipper|Pelipper, F|100\/100|[from]move: U-turn\n|-damage|p2a: Pelipper|76\/100|[from] Stealth Rock\n|-weather|RainDance|[from] ability: Drizzle|[of] p2a: Pelipper\n|\n|-weather|RainDance|[upkeep]\n|-end|p1a: Toxapex|move: Future Sight\n|-supereffective|p1a: Toxapex\n|-damage|p1a: Toxapex|30\/100\n|-heal|p1a: Toxapex|36\/100|[from] item: Black Sludge\n|upkeep\n|turn|7\n|\n|t:|1649515594\n|switch|p1a: Slowking|Slowking, M, shiny|100\/100\n|move|p2a: Pelipper|Hurricane|p1a: Slowking\n|-damage|p1a: Slowking|57\/100\n|-start|p1a: Slowking|confusion\n|\n|-weather|RainDance|[upkeep]\n|upkeep\n|turn|8\n|\n|t:|1649515599\n|move|p2a: Pelipper|Hurricane|p1a: Slowking\n|-damage|p1a: Slowking|12\/100\n|-activate|p1a: Slowking|confusion\n|move|p1a: Slowking|Future Sight|p2a: Pelipper\n|-start|p1a: Slowking|move: Future Sight\n|\n|-weather|RainDance|[upkeep]\n|upkeep\n|turn|9\n|\n|t:|1649515606\n|move|p2a: Pelipper|Hurricane|p1a: Slowking\n|-damage|p1a: Slowking|0 fnt\n|faint|p1a: Slowking\n|\n|-weather|RainDance|[upkeep]\n|upkeep\n|\n|t:|1649515612\n|switch|p1a: Pelipper|Pelipper, M, shiny|100\/100\n|turn|10\n|\n|t:|1649515617\n|switch|p1a: Toxapex|Toxapex, F, shiny|69\/100\n|switch|p2a: Slowking|Slowking, F|100\/100\n|\n|-weather|none\n|-end|p2a: Slowking|move: Future Sight\n|-resisted|p2a: Slowking\n|-damage|p2a: Slowking|89\/100\n|-heal|p1a: Toxapex|75\/100|[from] item: Black Sludge\n|upkeep\n|turn|11\n|\n|t:|1649515621\n|move|p1a: Toxapex|Toxic|p2a: Slowking\n|-status|p2a: Slowking|tox\n|move|p2a: Slowking|Future Sight|p1a: Toxapex\n|-start|p2a: Slowking|move: Future Sight\n|\n|-heal|p1a: Toxapex|82\/100|[from] item: Black Sludge\n|-damage|p2a: Slowking|83\/100 tox|[from] psn\n|upkeep\n|turn|12\n|\n|t:|1649515627\n|move|p1a: Toxapex|Scald|p2a: Slowking\n|-resisted|p2a: Slowking\n|-damage|p2a: Slowking|78\/100 tox\n|move|p2a: Slowking|Teleport|p2a: Slowking\n|\n|t:|1649515633\n|switch|p2a: Swampert|Swampert, M|100\/100|[from]move: Teleport\n|-damage|p2a: Swampert|94\/100|[from] Stealth Rock\n|\n|-heal|p1a: Toxapex|88\/100|[from] item: Black Sludge\n|upkeep\n|turn|13\n|\n|t:|1649515637\n|switch|p1a: Swampert|Swampert-Mega, F, shiny|3\/100\n|detailschange|p2a: Swampert|Swampert-Mega, M\n|-mega|p2a: Swampert|Swampert|Swampertite\n|move|p2a: Swampert|Earthquake|p1a: Swampert\n|-crit|p1a: Swampert\n|-damage|p1a: Swampert|0 fnt\n|faint|p1a: Swampert\n|\n|-hint|Future Sight did not hit because the target is fainted.\n|upkeep\n|\n|t:|1649515642\n|switch|p1a: Greninja|Greninja, F, shiny|100\/100\n|turn|14\n|\n|t:|1649515646\n|switch|p2a: Toxapex|Toxapex, M|100\/100\n|-damage|p2a: Toxapex|88\/100|[from] Stealth Rock\n|move|p1a: Greninja|Extrasensory|p2a: Toxapex\n|-start|p1a: Greninja|typechange|Psychic|[from] ability: Protean\n|-supereffective|p2a: Toxapex\n|-damage|p2a: Toxapex|29\/100\n|\n|-heal|p2a: Toxapex|35\/100|[from] item: Black Sludge\n|upkeep\n|turn|15\n|\n|t:|1649515657\n|switch|p1a: Pelipper|Pelipper, M, shiny|100\/100\n|-weather|RainDance|[from] ability: Drizzle|[of] p1a: Pelipper\n|switch|p2a: Slowking|Slowking, F|100\/100 tox\n|\n|-weather|RainDance|[upkeep]\n|-damage|p2a: Slowking|94\/100 tox|[from] psn\n|upkeep\n|turn|16\n|\n|t:|1649515661\n|switch|p1a: Toxapex|Toxapex, F, shiny|100\/100\n|move|p2a: Slowking|Future Sight|p1a: Toxapex\n|-start|p2a: Slowking|move: Future Sight\n|\n|-weather|RainDance|[upkeep]\n|-damage|p2a: Slowking|82\/100 tox|[from] psn\n|upkeep\n|turn|17\n|\n|t:|1649515664\n|move|p1a: Toxapex|Scald|p2a: Slowking\n|-resisted|p2a: Slowking\n|-damage|p2a: Slowking|74\/100 tox\n|move|p2a: Slowking|Teleport|p2a: Slowking\n|\n|t:|1649515669\n|switch|p2a: Swampert|Swampert-Mega, M|94\/100|[from]move: Teleport\n|-damage|p2a: Swampert|88\/100|[from] Stealth Rock\n|\n|-weather|RainDance|[upkeep]\n|upkeep\n|turn|18\n|\n|t:|1649515677\n|switch|p1a: Pelipper|Pelipper, M, shiny|100\/100\n|move|p2a: Swampert|Waterfall|p1a: Pelipper\n|-resisted|p1a: Pelipper\n|-damage|p1a: Pelipper|52\/100\n|\n|-weather|RainDance|[upkeep]\n|-end|p1a: Pelipper|move: Future Sight\n|-damage|p1a: Pelipper|0 fnt\n|faint|p1a: Pelipper\n|upkeep\n|\n|t:|1649515683\n|switch|p1a: Barraskewda|Barraskewda, F, shiny|100\/100\n|turn|19\n|\n|t:|1649515690\n|switch|p2a: Toxapex|Toxapex, M|68\/100\n|-damage|p2a: Toxapex|56\/100|[from] Stealth Rock\n|move|p1a: Barraskewda|Flip Turn|p2a: Toxapex\n|-resisted|p2a: Toxapex\n|-damage|p2a: Toxapex|37\/100\n|\n|t:|1649515696\n|switch|p1a: Greninja|Greninja, F, shiny|100\/100|[from]move: Flip Turn\n|\n|-weather|none\n|-heal|p2a: Toxapex|43\/100|[from] item: Black Sludge\n|upkeep\n|turn|20\n|\n|t:|1649515702\n|switch|p1a: Barraskewda|Barraskewda, F, shiny|100\/100\n|switch|p2a: Slowking|Slowking, F|100\/100 tox\n|\n|-damage|p2a: Slowking|94\/100 tox|[from] psn\n|upkeep\n|turn|21\n|\n|t:|1649515706\n|switch|p2a: Toxapex|Toxapex, M|76\/100\n|-damage|p2a: Toxapex|64\/100|[from] Stealth Rock\n|move|p1a: Barraskewda|Crunch|p2a: Toxapex\n|-crit|p2a: Toxapex\n|-damage|p2a: Toxapex|25\/100\n|-unboost|p2a: Toxapex|def|1\n|\n|-heal|p2a: Toxapex|32\/100|[from] item: Black Sludge\n|upkeep\n|turn|22\n|c|\u2606Eclipse77|damn that was a brutal crunch lmao\n|inactive|Eclipse77 has 120 seconds left.\n|\n|t:|1649515740\n|switch|p2a: Greninja|Greninja, M|88\/100\n|-damage|p2a: Greninja|76\/100|[from] Stealth Rock\n|move|p1a: Barraskewda|Crunch|p2a: Greninja\n|-resisted|p2a: Greninja\n|-damage|p2a: Greninja|41\/100\n|\n|upkeep\n|turn|23\n|c|\u2606a1blue|yeah i needed that\n|inactive|Eclipse77 has 120 seconds left.\n|\n|t:|1649515751\n|switch|p1a: Toxapex|Toxapex, F, shiny|100\/100\n|move|p2a: Greninja|U-turn|p1a: Toxapex\n|-start|p2a: Greninja|typechange|Bug|[from] ability: Protean\n|-resisted|p1a: Toxapex\n|-damage|p1a: Toxapex|93\/100\n|\n|t:|1649515754\n|switch|p2a: Slowking|Slowking, F|100\/100 tox|[from]move: U-turn\n|\n|-heal|p1a: Toxapex|99\/100|[from] item: Black Sludge\n|-damage|p2a: Slowking|94\/100 tox|[from] psn\n|upkeep\n|turn|24\n|\n|t:|1649515759\n|switch|p1a: Barraskewda|Barraskewda, F, shiny|100\/100\n|move|p2a: Slowking|Teleport|p2a: Slowking\n|\n|t:|1649515763\n|switch|p2a: Toxapex|Toxapex, M|65\/100|[from]move: Teleport\n|-damage|p2a: Toxapex|52\/100|[from] Stealth Rock\n|\n|-heal|p2a: Toxapex|59\/100|[from] item: Black Sludge\n|upkeep\n|turn|25\n|\n|t:|1649515770\n|move|p1a: Barraskewda|Flip Turn|p2a: Toxapex\n|-resisted|p2a: Toxapex\n|-damage|p2a: Toxapex|45\/100\n|\n|t:|1649515773\n|switch|p1a: Greninja|Greninja, F, shiny|100\/100|[from]move: Flip Turn\n|move|p2a: Toxapex|Recover|p2a: Toxapex\n|-heal|p2a: Toxapex|95\/100\n|\n|-heal|p2a: Toxapex|100\/100|[from] item: Black Sludge\n|upkeep\n|turn|26\n|\n|t:|1649515782\n|move|p1a: Greninja|Gunk Shot|p2a: Toxapex\n|-start|p1a: Greninja|typechange|Poison|[from] ability: Protean\n|-resisted|p2a: Toxapex\n|-damage|p2a: Toxapex|89\/100\n|move|p2a: Toxapex|Toxic|p1a: Greninja\n|-immune|p1a: Greninja\n|\n|-heal|p2a: Toxapex|95\/100|[from] item: Black Sludge\n|upkeep\n|turn|27\n|\n|t:|1649515789\n|switch|p1a: Toxapex|Toxapex, F, shiny|100\/100\n|move|p2a: Toxapex|Scald|p1a: Toxapex\n|-resisted|p1a: Toxapex\n|-crit|p1a: Toxapex\n|-damage|p1a: Toxapex|91\/100\n|-status|p1a: Toxapex|brn\n|\n|-heal|p1a: Toxapex|97\/100 brn|[from] item: Black Sludge\n|-heal|p2a: Toxapex|100\/100|[from] item: Black Sludge\n|-damage|p1a: Toxapex|91\/100 brn|[from] brn\n|upkeep\n|turn|28\n|\n|t:|1649515797\n|switch|p1a: Barraskewda|Barraskewda, F, shiny|100\/100\n|switch|p2a: Slowking|Slowking, F|100\/100 tox\n|\n|-damage|p2a: Slowking|94\/100 tox|[from] psn\n|upkeep\n|turn|29\n|\n|t:|1649515800\n|switch|p2a: Toxapex|Toxapex, M|100\/100\n|-damage|p2a: Toxapex|88\/100|[from] Stealth Rock\n|move|p1a: Barraskewda|Crunch|p2a: Toxapex\n|-damage|p2a: Toxapex|62\/100\n|-unboost|p2a: Toxapex|def|1\n|\n|-heal|p2a: Toxapex|68\/100|[from] item: Black Sludge\n|upkeep\n|turn|30\n|\n|t:|1649515807\n|move|p1a: Barraskewda|Crunch|p2a: Toxapex\n|-damage|p2a: Toxapex|34\/100\n|move|p2a: Toxapex|Recover|p2a: Toxapex\n|-heal|p2a: Toxapex|84\/100\n|\n|-heal|p2a: Toxapex|90\/100|[from] item: Black Sludge\n|upkeep\n|turn|31\n|c|\u2606Eclipse77|serene grace barraskewda?\n|\n|t:|1649515814\n|move|p1a: Barraskewda|Crunch|p2a: Toxapex\n|-damage|p2a: Toxapex|55\/100\n|move|p2a: Toxapex|Haze|p2a: Toxapex\n|-clearallboost\n|\n|-heal|p2a: Toxapex|61\/100|[from] item: Black Sludge\n|upkeep\n|turn|32\n|c|\u2606a1blue|lol\n|\n|t:|1649515821\n|move|p1a: Barraskewda|Crunch|p2a: Toxapex\n|-damage|p2a: Toxapex|39\/100\n|move|p2a: Toxapex|Recover|p2a: Toxapex\n|-heal|p2a: Toxapex|89\/100\n|\n|-heal|p2a: Toxapex|95\/100|[from] item: Black Sludge\n|upkeep\n|turn|33\n|\n|t:|1649515828\n|move|p1a: Barraskewda|Crunch|p2a: Toxapex\n|-damage|p2a: Toxapex|69\/100\n|move|p2a: Toxapex|Toxic|p1a: Barraskewda\n|-status|p1a: Barraskewda|tox\n|\n|-heal|p2a: Toxapex|75\/100|[from] item: Black Sludge\n|-damage|p1a: Barraskewda|94\/100 tox|[from] psn\n|upkeep\n|turn|34\n|\n|t:|1649515832\n|move|p1a: Barraskewda|Crunch|p2a: Toxapex\n|-damage|p2a: Toxapex|51\/100\n|move|p2a: Toxapex|Recover|p2a: Toxapex\n|-heal|p2a: Toxapex|100\/100\n|\n|-damage|p1a: Barraskewda|82\/100 tox|[from] psn\n|upkeep\n|turn|35\n|\n|t:|1649515837\n|switch|p1a: Greninja|Greninja, F, shiny|100\/100\n|move|p2a: Toxapex|Scald|p1a: Greninja\n|-resisted|p1a: Greninja\n|-damage|p1a: Greninja|87\/100\n|\n|upkeep\n|turn|36\n|\n|t:|1649515840\n|move|p1a: Greninja|Extrasensory|p2a: Toxapex\n|-start|p1a: Greninja|typechange|Psychic|[from] ability: Protean\n|-supereffective|p2a: Toxapex\n|-damage|p2a: Toxapex|39\/100\n|move|p2a: Toxapex|Toxic|p1a: Greninja\n|-status|p1a: Greninja|tox\n|\n|-heal|p2a: Toxapex|45\/100|[from] item: Black Sludge\n|-damage|p1a: Greninja|81\/100 tox|[from] psn\n|upkeep\n|turn|37\n|\n|t:|1649515848\n|switch|p1a: Barraskewda|Barraskewda, F, shiny|82\/100 tox\n|switch|p2a: Slowking|Slowking, F|100\/100 tox\n|\n|-damage|p1a: Barraskewda|76\/100 tox|[from] psn\n|-damage|p2a: Slowking|94\/100 tox|[from] psn\n|upkeep\n|turn|38\n|\n|t:|1649515852\n|switch|p2a: Toxapex|Toxapex, M|78\/100\n|-damage|p2a: Toxapex|66\/100|[from] Stealth Rock\n|move|p1a: Barraskewda|Crunch|p2a: Toxapex\n|-damage|p2a: Toxapex|42\/100\n|\n|-heal|p2a: Toxapex|48\/100|[from] item: Black Sludge\n|-damage|p1a: Barraskewda|64\/100 tox|[from] psn\n|upkeep\n|turn|39\n|\n|t:|1649515859\n|switch|p1a: Greninja|Greninja, F, shiny|81\/100 tox\n|move|p2a: Toxapex|Recover|p2a: Toxapex\n|-heal|p2a: Toxapex|98\/100\n|\n|-heal|p2a: Toxapex|100\/100|[from] item: Black Sludge\n|-damage|p1a: Greninja|75\/100 tox|[from] psn\n|upkeep\n|turn|40\n|\n|t:|1649515862\n|move|p1a: Greninja|Extrasensory|p2a: Toxapex\n|-start|p1a: Greninja|typechange|Psychic|[from] ability: Protean\n|-supereffective|p2a: Toxapex\n|-damage|p2a: Toxapex|37\/100\n|move|p2a: Toxapex|Scald|p1a: Greninja\n|-damage|p1a: Greninja|50\/100 tox\n|\n|-heal|p2a: Toxapex|44\/100|[from] item: Black Sludge\n|-damage|p1a: Greninja|38\/100 tox|[from] psn\n|upkeep\n|turn|41\n|\n|t:|1649515869\n|switch|p2a: Slowking|Slowking, F|100\/100 tox\n|move|p1a: Greninja|Extrasensory|p2a: Slowking\n|-resisted|p2a: Slowking\n|-damage|p2a: Slowking|90\/100 tox\n|\n|-damage|p1a: Greninja|20\/100 tox|[from] psn\n|-damage|p2a: Slowking|84\/100 tox|[from] psn\n|upkeep\n|turn|42\n|-message|a1blue forfeited.\n|\n|win|Eclipse77\n|raw|a1blue's rating: 1548 &rarr; <strong>1529<\/strong><br \/>(-19 for losing)\n|raw|Eclipse77's rating: 1570 &rarr; <strong>1589<\/strong><br \/>(+19 for winning)\n|l|\u2606a1blue\n|l|\u2606Eclipse77\n||Ladder isn't responding, score probably updated but might not have (Request timeout).\n","uploadtime":1649516098,"views":11,"p1id":"a1blue","p2id":"eclipse77","formatid":"gen8nationaldexmonotype","rating":1529,"private":0,"password":null}