{"id":"gen8ou-1697710879","p1":"XerKalm","p2":"Shinjou Akane","format":"gen8ou","log":"|j|\u2606XerKalm\n|j|\u2606Shinjou Akane\n|t:|1667030288\n|gametype|singles\n|player|p1|XerKalm|102|1486\n|player|p2|Shinjou Akane|nurse|1417\n|teamsize|p1|6\n|teamsize|p2|6\n|gen|8\n|tier|[Gen 8] OU\n|rated|\n|rule|Sleep Clause Mod: Limit one foe put to sleep\n|rule|Species Clause: Limit one of each Pok\u00e9mon\n|rule|OHKO Clause: OHKO moves are banned\n|rule|Evasion Items Clause: Evasion items are banned\n|rule|Evasion Moves Clause: Evasion moves are banned\n|rule|Endless Battle Clause: Forcing endless battles is banned\n|rule|HP Percentage Mod: HP is shown in percentages\n|rule|Dynamax Clause: You cannot dynamax\n|clearpoke\n|poke|p1|Torkoal, M|\n|poke|p1|Venusaur, M|\n|poke|p1|Regieleki|\n|poke|p1|Weavile, F|\n|poke|p1|Heatran, M|\n|poke|p1|Landorus-Therian, M|\n|poke|p2|Klefki, F|\n|poke|p2|Nidoking, M|\n|poke|p2|Urshifu-*, M|\n|poke|p2|Kartana|\n|poke|p2|Tapu Fini|\n|poke|p2|Landorus-Therian, M|\n|teampreview\n|inactive|Battle timer is ON: inactive players will automatically lose when time's up. (requested by XerKalm)\n|\n|t:|1667030296\n|start\n|switch|p1a: Landorus|Landorus-Therian, M|100\/100\n|switch|p2a: Klefki|Klefki, F|100\/100\n|-ability|p1a: Landorus|Intimidate|boost\n|-unboost|p2a: Klefki|atk|1\n|turn|1\n|\n|t:|1667030299\n|move|p2a: Klefki|Spikes|p1a: Landorus\n|-sidestart|p1: XerKalm|Spikes\n|move|p1a: Landorus|Earthquake|p2a: Klefki\n|-supereffective|p2a: Klefki\n|-damage|p2a: Klefki|2\/100\n|-enditem|p2a: Klefki|Eject Button\n|\n|t:|1667030305\n|switch|p2a: Urshifu|Urshifu-Rapid-Strike, M|100\/100\n|\n|upkeep\n|turn|2\n|\n|t:|1667030310\n|switch|p1a: Torkoal|Torkoal, M|100\/100\n|-damage|p1a: Torkoal|88\/100|[from] Spikes\n|-weather|SunnyDay|[from] ability: Drought|[of] p1a: Torkoal\n|move|p2a: Urshifu|Surging Strikes|p1a: Torkoal\n|-supereffective|p1a: Torkoal\n|-crit|p1a: Torkoal\n|-damage|p1a: Torkoal|73\/100\n|-supereffective|p1a: Torkoal\n|-crit|p1a: Torkoal\n|-damage|p1a: Torkoal|55\/100\n|-supereffective|p1a: Torkoal\n|-crit|p1a: Torkoal\n|-damage|p1a: Torkoal|38\/100\n|-hitcount|p1a: Torkoal|3\n|\n|-weather|SunnyDay|[upkeep]\n|upkeep\n|turn|3\n|\n|t:|1667030314\n|switch|p1a: Venusaur|Venusaur, M|100\/100\n|-damage|p1a: Venusaur|88\/100|[from] Spikes\n|move|p2a: Urshifu|Surging Strikes|p1a: Venusaur\n|-resisted|p1a: Venusaur\n|-crit|p1a: Venusaur\n|-damage|p1a: Venusaur|79\/100\n|-resisted|p1a: Venusaur\n|-crit|p1a: Venusaur\n|-damage|p1a: Venusaur|69\/100\n|-resisted|p1a: Venusaur\n|-crit|p1a: Venusaur\n|-damage|p1a: Venusaur|59\/100\n|-hitcount|p1a: Venusaur|3\n|\n|-weather|SunnyDay|[upkeep]\n|upkeep\n|turn|4\n|\n|t:|1667030324\n|switch|p2a: Klefki|Klefki, F|2\/100\n|move|p1a: Venusaur|Giga Drain|p2a: Klefki\n|-resisted|p2a: Klefki\n|-damage|p2a: Klefki|0 fnt\n|-heal|p1a: Venusaur|60\/100|[from] drain|[of] p2a: Klefki\n|faint|p2a: Klefki\n|-damage|p1a: Venusaur|50\/100|[from] item: Life Orb\n|\n|-weather|SunnyDay|[upkeep]\n|upkeep\n|\n|t:|1667030336\n|switch|p2a: Nidoking|Nidoking, M|100\/100\n|turn|5\n|\n|t:|1667030339\n|move|p1a: Venusaur|Earth Power|p2a: Nidoking\n|-supereffective|p2a: Nidoking\n|-damage|p2a: Nidoking|2\/100\n|-damage|p1a: Venusaur|40\/100|[from] item: Life Orb\n|move|p2a: Nidoking|Sludge Wave|p1a: Venusaur\n|-damage|p1a: Venusaur|0 fnt\n|faint|p1a: Venusaur\n|\n|-weather|SunnyDay|[upkeep]\n|upkeep\n|\n|t:|1667030350\n|switch|p1a: Regieleki|Regieleki|100\/100\n|turn|6\n|\n|t:|1667030354\n|switch|p2a: Landorus|Landorus-Therian, M|100\/100\n|-ability|p2a: Landorus|Intimidate|boost\n|-unboost|p1a: Regieleki|atk|1\n|move|p1a: Regieleki|Rapid Spin|p2a: Landorus\n|-damage|p2a: Landorus|93\/100\n|-boost|p1a: Regieleki|spe|1\n|-damage|p1a: Regieleki|84\/100|[from] item: Rocky Helmet|[of] p2a: Landorus\n|-sideend|p1: XerKalm|Spikes|[from] move: Rapid Spin|[of] p1a: Regieleki\n|\n|-weather|SunnyDay|[upkeep]\n|upkeep\n|turn|7\n|\n|t:|1667030359\n|switch|p1a: Torkoal|Torkoal, M|38\/100\n|move|p2a: Landorus|Stealth Rock|p1a: Torkoal\n|-sidestart|p1: XerKalm|move: Stealth Rock\n|\n|-weather|SunnyDay|[upkeep]\n|upkeep\n|turn|8\n|\n|t:|1667030361\n|move|p2a: Landorus|Earthquake|p1a: Torkoal\n|-supereffective|p1a: Torkoal\n|-damage|p1a: Torkoal|0 fnt\n|faint|p1a: Torkoal\n|\n|-weather|SunnyDay|[upkeep]\n|upkeep\n|\n|t:|1667030365\n|switch|p1a: Landorus|Landorus-Therian, M|100\/100\n|-damage|p1a: Landorus|88\/100|[from] Stealth Rock\n|-ability|p1a: Landorus|Intimidate|boost\n|-unboost|p2a: Landorus|atk|1\n|turn|9\n|\n|t:|1667030368\n|move|p1a: Landorus|Toxic|p2a: Landorus\n|-status|p2a: Landorus|tox\n|move|p2a: Landorus|U-turn|p1a: Landorus\n|-resisted|p1a: Landorus\n|-damage|p1a: Landorus|81\/100\n|\n|t:|1667030374\n|switch|p2a: Urshifu|Urshifu-Rapid-Strike, M|100\/100|[from]move: U-turn\n|\n|-weather|none\n|-heal|p1a: Landorus|87\/100|[from] item: Leftovers\n|upkeep\n|turn|10\n|\n|t:|1667030379\n|move|p2a: Urshifu|Surging Strikes|p1a: Landorus\n|-supereffective|p1a: Landorus\n|-crit|p1a: Landorus\n|-damage|p1a: Landorus|27\/100\n|-supereffective|p1a: Landorus\n|-crit|p1a: Landorus\n|-damage|p1a: Landorus|0 fnt\n|faint|p1a: Landorus\n|-hitcount|p1: Landorus|2\n|\n|upkeep\n|\n|t:|1667030383\n|switch|p1a: Weavile|Weavile, F|100\/100\n|turn|11\n|\n|t:|1667030385\n|move|p1a: Weavile|Knock Off|p2a: Urshifu\n|-resisted|p2a: Urshifu\n|-damage|p2a: Urshifu|78\/100\n|-enditem|p2a: Urshifu|Choice Band|[from] move: Knock Off|[of] p1a: Weavile\n|move|p2a: Urshifu|Surging Strikes|p1a: Weavile\n|-crit|p1a: Weavile\n|-damage|p1a: Weavile|67\/100\n|-crit|p1a: Weavile\n|-damage|p1a: Weavile|35\/100\n|-crit|p1a: Weavile\n|-damage|p1a: Weavile|3\/100\n|-hitcount|p1a: Weavile|3\n|\n|upkeep\n|turn|12\n|\n|t:|1667030390\n|move|p1a: Weavile|Ice Shard|p2a: Urshifu\n|-resisted|p2a: Urshifu\n|-damage|p2a: Urshifu|67\/100\n|move|p2a: Urshifu|U-turn|p1a: Weavile\n|-supereffective|p1a: Weavile\n|-damage|p1a: Weavile|0 fnt\n|faint|p1a: Weavile\n|\n|t:|1667030394\n|switch|p2a: Landorus|Landorus-Therian, M|93\/100 tox|[from]move: U-turn\n|\n|-damage|p2a: Landorus|87\/100 tox|[from] psn\n|upkeep\n|\n|t:|1667030398\n|switch|p1a: Heatran|Heatran, M|100\/100\n|-damage|p1a: Heatran|88\/100|[from] Stealth Rock\n|-item|p1a: Heatran|Air Balloon\n|turn|13\n|\n|t:|1667030406\n|switch|p2a: Tapu Fini|Tapu Fini, shiny|100\/100\n|-fieldstart|move: Misty Terrain|[from] ability: Misty Surge|[of] p2a: Tapu Fini\n|move|p1a: Heatran|Eruption|p2a: Tapu Fini\n|-resisted|p2a: Tapu Fini\n|-damage|p2a: Tapu Fini|67\/100\n|\n|upkeep\n|turn|14\n|\n|t:|1667030413\n|move|p2a: Tapu Fini|Surf|p1a: Heatran\n|-supereffective|p1a: Heatran\n|-damage|p1a: Heatran|6\/100\n|-enditem|p1a: Heatran|Air Balloon\n|move|p1a: Heatran|Flash Cannon|p2a: Tapu Fini\n|-damage|p2a: Tapu Fini|24\/100\n|\n|upkeep\n|turn|15\n|\n|t:|1667030416\n|move|p2a: Tapu Fini|Surf|p1a: Heatran\n|-supereffective|p1a: Heatran\n|-crit|p1a: Heatran\n|-damage|p1a: Heatran|0 fnt\n|faint|p1a: Heatran\n|\n|upkeep\n|\n|t:|1667030418\n|switch|p1a: Regieleki|Regieleki|84\/100\n|turn|16\n|\n|t:|1667030421\n|move|p1a: Regieleki|Ancient Power|p2a: Tapu Fini\n|-damage|p2a: Tapu Fini|6\/100\n|move|p2a: Tapu Fini|Surf|p1a: Regieleki\n|-damage|p1a: Regieleki|14\/100\n|\n|upkeep\n|turn|17\n|\n|t:|1667030425\n|move|p1a: Regieleki|Ancient Power|p2a: Tapu Fini\n|-damage|p2a: Tapu Fini|0 fnt\n|faint|p2a: Tapu Fini\n|\n|-fieldend|Misty Terrain\n|upkeep\n|\n|t:|1667030427\n|switch|p2a: Urshifu|Urshifu-Rapid-Strike, M|67\/100\n|turn|18\n|\n|t:|1667030429\n|move|p2a: Urshifu|Aqua Jet|p1a: Regieleki\n|-damage|p1a: Regieleki|0 fnt\n|faint|p1a: Regieleki\n|\n|win|Shinjou Akane\n|raw|XerKalm's rating: 1486 &rarr; <strong>1462<\/strong><br \/>(-24 for losing)\n|raw|Shinjou Akane's rating: 1417 &rarr; <strong>1441<\/strong><br \/>(+24 for winning)\n|l|\u2606XerKalm\n","uploadtime":1667030435,"views":13,"p1id":"xerkalm","p2id":"shinjouakane","formatid":"gen8ou","rating":1441,"private":0,"password":null}