{"id":"gen8uu-1579953798","p1":"Batataplays","p2":"setup moves hater","format":"gen8uu","log":"|j|\u2606Batataplays\n|j|\u2606setup moves hater\n|inactive|Battle timer is ON: inactive players will automatically lose when time's up.\n|t:|1653170638\n|gametype|singles\n|player|p1|Batataplays|dawn-gen4pt|\n|player|p2|setup moves hater|elesa-gen5bw2|\n|teamsize|p1|6\n|teamsize|p2|6\n|gen|8\n|tier|[Gen 8] UU\n|rated|Tournament battle\n|rule|Sleep Clause Mod: Limit one foe put to sleep\n|rule|Species Clause: Limit one of each Pok\u00e9mon\n|rule|OHKO Clause: OHKO moves are banned\n|rule|Evasion Moves Clause: Evasion moves are banned\n|rule|Endless Battle Clause: Forcing endless battles is banned\n|rule|HP Percentage Mod: HP is shown in percentages\n|rule|Dynamax Clause: You cannot dynamax\n|clearpoke\n|poke|p1|Hydreigon, M|\n|poke|p1|Cobalion|\n|poke|p1|Azumarill, F|\n|poke|p1|Tangrowth, F|\n|poke|p1|Moltres|\n|poke|p1|Aegislash, F|\n|poke|p2|Scizor, F|\n|poke|p2|Hydreigon, M|\n|poke|p2|Thundurus-Therian, M|\n|poke|p2|Starmie|\n|poke|p2|Hippowdon, F|\n|poke|p2|Amoonguss, M|\n|teampreview\n|inactive|setup moves hater also wants the timer to be on.\n|j| vitorstormxyz\n|c|\u2606Batataplays|olha q ironia\n|j| Dark\u2605Shion\u30c4\n|j| Moretto\n|c|\u2606Batataplays|nao tenho nenhum move de setup\n|c|\u2606Batataplays|kkkkk\n|c|\u2606setup moves hater|hf\n|c|\u2606setup moves hater|ainda bem ne\n|c| vitorstormxyz|cade o nasty plot hydreigon\n|\n|t:|1653170665\n|start\n|switch|p1a: Hydreigon|Hydreigon, M|100\/100\n|switch|p2a: Thundurus|Thundurus-Therian, M|100\/100\n|turn|1\n|\n|t:|1653170671\n|move|p2a: Thundurus|Focus Blast|p1a: Hydreigon\n|-supereffective|p1a: Hydreigon\n|-damage|p1a: Hydreigon|0 fnt\n|faint|p1a: Hydreigon\n|\n|upkeep\n|c|\u2606Batataplays|precisa nao\n|\n|t:|1653170675\n|switch|p1a: Aegislash|Aegislash, F|100\/100\n|turn|2\n|c| Dark\u2605Shion\u30c4|Rip\n|\n|t:|1653170681\n|move|p2a: Thundurus|Volt Switch|p1a: Aegislash\n|-damage|p1a: Aegislash|68\/100\n|\n|t:|1653170685\n|switch|p2a: Scizor|Scizor, F|100\/100|[from]move: Volt Switch\n|-formechange|p1a: Aegislash|Aegislash-Blade||[from] ability: Stance Change\n|move|p1a: Aegislash|Flash Cannon|p2a: Scizor\n|-resisted|p2a: Scizor\n|-damage|p2a: Scizor|57\/100\n|-damage|p1a: Aegislash|58\/100|[from] item: Life Orb\n|\n|upkeep\n|turn|3\n|c|\u2606Batataplays|mds pensei q era specs\n|\n|t:|1653170691\n|move|p2a: Scizor|Roost|p2a: Scizor\n|-heal|p2a: Scizor|100\/100\n|-singleturn|p2a: Scizor|move: Roost\n|move|p1a: Aegislash|Shadow Ball|p2a: Scizor\n|-damage|p2a: Scizor|14\/100\n|-damage|p1a: Aegislash|48\/100|[from] item: Life Orb\n|\n|upkeep\n|turn|4\n|\n|t:|1653170698\n|switch|p2a: Hydreigon|Hydreigon, M|100\/100\n|move|p1a: Aegislash|Shadow Sneak|p2a: Hydreigon\n|-resisted|p2a: Hydreigon\n|-damage|p2a: Hydreigon|86\/100\n|-damage|p1a: Aegislash|38\/100|[from] item: Life Orb\n|\n|upkeep\n|turn|5\n|\n|t:|1653170706\n|switch|p1a: Cobalion|Cobalion|100\/100\n|move|p2a: Hydreigon|U-turn|p1a: Cobalion\n|-resisted|p1a: Cobalion\n|-damage|p1a: Cobalion|97\/100\n|-damage|p2a: Hydreigon|69\/100|[from] item: Rocky Helmet|[of] p1a: Cobalion\n|\n|t:|1653170711\n|switch|p2a: Hippowdon|Hippowdon, F|100\/100|[from]move: U-turn\n|-weather|Sandstorm|[from] ability: Sand Stream|[of] p2a: Hippowdon\n|\n|-weather|Sandstorm|[upkeep]\n|upkeep\n|turn|6\n|\n|t:|1653170715\n|move|p1a: Cobalion|Stealth Rock|p2a: Hippowdon\n|-sidestart|p2: setup moves hater|move: Stealth Rock\n|move|p2a: Hippowdon|Stealth Rock|p1a: Cobalion\n|-sidestart|p1: Batataplays|move: Stealth Rock\n|\n|-weather|Sandstorm|[upkeep]\n|upkeep\n|turn|7\n|\n|t:|1653170718\n|switch|p1a: Tangrowth|Tangrowth, F|100\/100\n|-damage|p1a: Tangrowth|88\/100|[from] Stealth Rock\n|move|p2a: Hippowdon|Earthquake|p1a: Tangrowth\n|-resisted|p1a: Tangrowth\n|-damage|p1a: Tangrowth|75\/100\n|\n|-weather|Sandstorm|[upkeep]\n|-damage|p1a: Tangrowth|69\/100|[from] Sandstorm\n|upkeep\n|turn|8\n|\n|t:|1653170721\n|move|p2a: Hippowdon|Toxic|p1a: Tangrowth\n|-status|p1a: Tangrowth|tox\n|move|p1a: Tangrowth|Knock Off|p2a: Hippowdon\n|-damage|p2a: Hippowdon|87\/100\n|-enditem|p2a: Hippowdon|Leftovers|[from] move: Knock Off|[of] p1a: Tangrowth\n|\n|-weather|Sandstorm|[upkeep]\n|-damage|p1a: Tangrowth|63\/100 tox|[from] Sandstorm\n|-damage|p1a: Tangrowth|57\/100 tox|[from] psn\n|upkeep\n|turn|9\n|\n|t:|1653170729\n|switch|p2a: Amoonguss|Amoonguss, M|100\/100\n|-damage|p2a: Amoonguss|88\/100|[from] Stealth Rock\n|move|p1a: Tangrowth|Power Whip|p2a: Amoonguss\n|-resisted|p2a: Amoonguss\n|-damage|p2a: Amoonguss|80\/100\n|-damage|p1a: Tangrowth|40\/100 tox|[from] item: Rocky Helmet|[of] p2a: Amoonguss\n|\n|-weather|none\n|-damage|p1a: Tangrowth|28\/100 tox|[from] psn\n|upkeep\n|turn|10\n|\n|t:|1653170738\n|switch|p1a: Moltres|Moltres|100\/100\n|switch|p2a: Hippowdon|Hippowdon, F|87\/100\n|-damage|p2a: Hippowdon|80\/100|[from] Stealth Rock\n|-weather|Sandstorm|[from] ability: Sand Stream|[of] p2a: Hippowdon\n|\n|-weather|Sandstorm|[upkeep]\n|-damage|p1a: Moltres|94\/100|[from] Sandstorm\n|upkeep\n|turn|11\n|\n|t:|1653170743\n|move|p1a: Moltres|Hurricane|p2a: Hippowdon\n|-damage|p2a: Hippowdon|36\/100\n|move|p2a: Hippowdon|Slack Off|p2a: Hippowdon\n|-heal|p2a: Hippowdon|86\/100\n|\n|-weather|Sandstorm|[upkeep]\n|-damage|p1a: Moltres|88\/100|[from] Sandstorm\n|upkeep\n|turn|12\n|\n|t:|1653170749\n|move|p1a: Moltres|Hurricane|p2a: Hippowdon\n|-damage|p2a: Hippowdon|41\/100\n|move|p2a: Hippowdon|Toxic|p1a: Moltres\n|-status|p1a: Moltres|tox\n|\n|-weather|Sandstorm|[upkeep]\n|-damage|p1a: Moltres|82\/100 tox|[from] Sandstorm\n|-damage|p1a: Moltres|76\/100 tox|[from] psn\n|upkeep\n|turn|13\n|\n|t:|1653170756\n|switch|p2a: Thundurus|Thundurus-Therian, M|100\/100\n|move|p1a: Moltres|Overheat|p2a: Thundurus|[miss]\n|-miss|p1a: Moltres|p2a: Thundurus\n|\n|-weather|Sandstorm|[upkeep]\n|-damage|p2a: Thundurus|94\/100|[from] Sandstorm\n|-damage|p1a: Moltres|70\/100 tox|[from] Sandstorm\n|-damage|p1a: Moltres|58\/100 tox|[from] psn\n|upkeep\n|turn|14\n|c|\u2606setup moves hater|foda....\n|c|\u2606Batataplays|\u00e9 por isso que isso tomou suspect\n|c|\u2606setup moves hater|quem\n|c| vitorstormxyz|qm tomou suspect\n|c|\u2606Batataplays|vamo decidir quem forfeita\n|inactive|Batataplays has 120 seconds left.\n|c|\u2606Batataplays|o thundurus po\n|c|\u2606setup moves hater|te perguntou\n|c|\u2606Batataplays|cara ou coroa?\n|c| vitorstormxyz|cara sinceramente\n|c|\u2606setup moves hater|KKKKKKKKKKKKKKKKKKKKKKKKKKKKKKKK\n|c|\u2606Batataplays|escolha bem\n|c|\u2606Batataplays|ok\n|c|\u2606setup moves hater|coroa\n|c| vitorstormxyz|cade o stone edge\n|c| vitorstormxyz|tropa\n|c|\u2606Batataplays|!pick cara, coroa\n|c| Batataplays|\/raw <div class=\"infobox\"><em>We randomly picked:<\/em> cara<\/div>\n|inactive|Batataplays has 90 seconds left.\n|c|\u2606setup moves hater|e agr\n|c|\u2606Batataplays|hm\n|inactive|Batataplays has 60 seconds left.\n|c|\u2606Batataplays|se eu errar o proximo hurricane, eu forfeito\n|c|\u2606Batataplays|se acertar tu forfeita\n|c|\u2606Batataplays|se quiser  KKK\n|c|\u2606Batataplays|mas nn \u00e9 agr\n|\n|t:|1653170857\n|switch|p1a: Tangrowth|Tangrowth, F|61\/100 tox\n|-damage|p1a: Tangrowth|49\/100 tox|[from] Stealth Rock\n|move|p2a: Thundurus|Volt Switch|p1a: Tangrowth\n|-resisted|p1a: Tangrowth\n|-damage|p1a: Tangrowth|36\/100 tox\n|c|\u2606setup moves hater|KKKKKK\n|c| vitorstormxyz|sandstorm afeta hurricane?\n|c|\u2606setup moves hater|nao\n|c|\u2606setup moves hater|apenas sun\n|c|\u2606Batataplays|felizmente nao kkk\n|c| vitorstormxyz|sun e rain\n|c|\u2606Batataplays|sim\n|inactive|setup moves hater has 120 seconds left.\n|c|\u2606setup moves hater|pensei q tava falando apenas negativamente\n|\n|t:|1653170896\n|switch|p2a: Scizor|Scizor, F|14\/100|[from]move: Volt Switch\n|-damage|p2a: Scizor|2\/100|[from] Stealth Rock\n|\n|-weather|none\n|-damage|p1a: Tangrowth|30\/100 tox|[from] psn\n|upkeep\n|turn|15\n|inactive|Batataplays has 60 seconds left.\n|\n|t:|1653170901\n|switch|p1a: Moltres|Moltres|58\/100 tox\n|move|p2a: Scizor|Roost|p2a: Scizor\n|-heal|p2a: Scizor|52\/100\n|-singleturn|p2a: Scizor|move: Roost\n|\n|-damage|p1a: Moltres|51\/100 tox|[from] psn\n|upkeep\n|turn|16\n|j| isa200bela-\u00ac\n|c|\u2606setup moves hater|a ideia\n|inactive|setup moves hater has 120 seconds left.\n|\n|t:|1653170920\n|switch|p2a: Starmie|Starmie|100\/100\n|-damage|p2a: Starmie|88\/100|[from] Stealth Rock\n|move|p1a: Moltres|Hurricane|p2a: Starmie\n|-damage|p2a: Starmie|4\/100\n|-start|p2a: Starmie|confusion\n|\n|-damage|p1a: Moltres|39\/100 tox|[from] psn\n|upkeep\n|turn|17\n|c|\u2606Batataplays|e agr giovanni\n|inactive|setup moves hater has 120 seconds left.\n|\n|t:|1653170936\n|switch|p1a: Cobalion|Cobalion|97\/100\n|-damage|p1a: Cobalion|94\/100|[from] Stealth Rock\n|-activate|p2a: Starmie|confusion\n|move|p2a: Starmie|Thunderbolt|p1a: Cobalion\n|-damage|p1a: Cobalion|34\/100\n|-damage|p2a: Starmie|0 fnt|[from] item: Life Orb\n|faint|p2a: Starmie\n|\n|upkeep\n|j| Buko1k\n|\n|t:|1653170944\n|switch|p2a: Hippowdon|Hippowdon, F|41\/100\n|-damage|p2a: Hippowdon|35\/100|[from] Stealth Rock\n|-weather|Sandstorm|[from] ability: Sand Stream|[of] p2a: Hippowdon\n|turn|18\n|c|\u2606Batataplays|nn forfeitou, faltou humildade\n|\n|t:|1653170952\n|switch|p1a: Azumarill|Azumarill, F, shiny|100\/100\n|-damage|p1a: Azumarill|88\/100|[from] Stealth Rock\n|move|p2a: Hippowdon|Slack Off|p2a: Hippowdon\n|-heal|p2a: Hippowdon|85\/100\n|\n|-weather|Sandstorm|[upkeep]\n|-damage|p1a: Azumarill|82\/100|[from] Sandstorm\n|upkeep\n|turn|19\n|c| Buko1k|e agr giovanni\n|\n|t:|1653170958\n|switch|p2a: Amoonguss|Amoonguss, M|100\/100\n|-damage|p2a: Amoonguss|88\/100|[from] Stealth Rock\n|move|p1a: Azumarill|Knock Off|p2a: Amoonguss\n|-damage|p2a: Amoonguss|47\/100\n|-damage|p1a: Azumarill|66\/100|[from] item: Rocky Helmet|[of] p2a: Amoonguss\n|-enditem|p2a: Amoonguss|Rocky Helmet|[from] move: Knock Off|[of] p1a: Azumarill\n|\n|-weather|Sandstorm|[upkeep]\n|-damage|p1a: Azumarill|60\/100|[from] Sandstorm\n|-damage|p2a: Amoonguss|40\/100|[from] Sandstorm\n|upkeep\n|turn|20\n|\n|t:|1653170964\n|switch|p1a: Aegislash|Aegislash, F|38\/100\n|-damage|p1a: Aegislash|32\/100|[from] Stealth Rock\n|move|p2a: Amoonguss|Giga Drain|p1a: Aegislash\n|-resisted|p1a: Aegislash\n|-damage|p1a: Aegislash|23\/100\n|-heal|p2a: Amoonguss|44\/100|[from] drain|[of] p1a: Aegislash\n|\n|-weather|Sandstorm|[upkeep]\n|-damage|p2a: Amoonguss|37\/100|[from] Sandstorm\n|upkeep\n|turn|21\n|\n|t:|1653170975\n|switch|p2a: Hydreigon|Hydreigon, M|69\/100\n|-damage|p2a: Hydreigon|57\/100|[from] Stealth Rock\n|-formechange|p1a: Aegislash|Aegislash-Blade||[from] ability: Stance Change\n|move|p1a: Aegislash|Shadow Ball|p2a: Hydreigon\n|-resisted|p2a: Hydreigon\n|-damage|p2a: Hydreigon|21\/100\n|-damage|p1a: Aegislash|13\/100|[from] item: Life Orb\n|\n|-weather|Sandstorm|[upkeep]\n|-damage|p2a: Hydreigon|15\/100|[from] Sandstorm\n|upkeep\n|turn|22\n|inactive|setup moves hater has 120 seconds left.\n|\n|t:|1653171008\n|move|p2a: Hydreigon|Dark Pulse|p1a: Aegislash\n|-supereffective|p1a: Aegislash\n|-damage|p1a: Aegislash|0 fnt\n|faint|p1a: Aegislash\n|\n|-weather|none\n|upkeep\n|\n|t:|1653171012\n|switch|p1a: Cobalion|Cobalion|34\/100\n|-damage|p1a: Cobalion|31\/100|[from] Stealth Rock\n|turn|23\n|\n|t:|1653171016\n|switch|p2a: Hippowdon|Hippowdon, F|85\/100\n|-damage|p2a: Hippowdon|79\/100|[from] Stealth Rock\n|-weather|Sandstorm|[from] ability: Sand Stream|[of] p2a: Hippowdon\n|move|p1a: Cobalion|Close Combat|p2a: Hippowdon\n|-damage|p2a: Hippowdon|47\/100\n|-unboost|p1a: Cobalion|def|1\n|-unboost|p1a: Cobalion|spd|1\n|\n|-weather|Sandstorm|[upkeep]\n|upkeep\n|turn|24\n|\n|t:|1653171025\n|switch|p1a: Tangrowth|Tangrowth, F|63\/100 tox\n|-damage|p1a: Tangrowth|51\/100 tox|[from] Stealth Rock\n|move|p2a: Hippowdon|Slack Off|p2a: Hippowdon\n|-heal|p2a: Hippowdon|97\/100\n|\n|-weather|Sandstorm|[upkeep]\n|-damage|p1a: Tangrowth|45\/100 tox|[from] Sandstorm\n|-damage|p1a: Tangrowth|38\/100 tox|[from] psn\n|upkeep\n|turn|25\n|\n|t:|1653171039\n|switch|p2a: Scizor|Scizor, F|52\/100\n|-damage|p2a: Scizor|40\/100|[from] Stealth Rock\n|switch|p1a: Moltres|Moltres|39\/100 tox\n|\n|-weather|Sandstorm|[upkeep]\n|-damage|p1a: Moltres|33\/100 tox|[from] Sandstorm\n|-damage|p1a: Moltres|27\/100 tox|[from] psn\n|upkeep\n|turn|26\n|\n|t:|1653171048\n|move|p2a: Scizor|Bullet Punch|p1a: Moltres\n|-resisted|p1a: Moltres\n|-damage|p1a: Moltres|9\/100 tox\n|move|p1a: Moltres|Roost|p1a: Moltres\n|-heal|p1a: Moltres|59\/100 tox\n|-singleturn|p1a: Moltres|move: Roost\n|\n|-weather|Sandstorm|[upkeep]\n|-damage|p1a: Moltres|53\/100 tox|[from] Sandstorm\n|-damage|p1a: Moltres|41\/100 tox|[from] psn\n|upkeep\n|turn|27\n|\n|t:|1653171062\n|move|p2a: Scizor|Bullet Punch|p1a: Moltres\n|-resisted|p1a: Moltres\n|-damage|p1a: Moltres|22\/100 tox\n|move|p1a: Moltres|Overheat|p2a: Scizor\n|-supereffective|p2a: Scizor\n|-damage|p2a: Scizor|0 fnt\n|-unboost|p1a: Moltres|spa|2\n|faint|p2a: Scizor\n|\n|-weather|none\n|-damage|p1a: Moltres|3\/100 tox|[from] psn\n|upkeep\n|\n|t:|1653171074\n|switch|p2a: Thundurus|Thundurus-Therian, M|94\/100\n|turn|28\n|\n|t:|1653171080\n|move|p2a: Thundurus|Psychic|p1a: Moltres\n|-damage|p1a: Moltres|0 fnt\n|faint|p1a: Moltres\n|\n|upkeep\n|\n|t:|1653171085\n|switch|p1a: Azumarill|Azumarill, F, shiny|60\/100\n|-damage|p1a: Azumarill|47\/100|[from] Stealth Rock\n|turn|29\n|\n|t:|1653171089\n|move|p1a: Azumarill|Aqua Jet|p2a: Thundurus\n|-damage|p2a: Thundurus|35\/100\n|move|p2a: Thundurus|Volt Switch|p1a: Azumarill\n|-supereffective|p1a: Azumarill\n|-damage|p1a: Azumarill|0 fnt\n|faint|p1a: Azumarill\n|\n|t:|1653171099\n|switch|p2a: Hydreigon|Hydreigon, M|15\/100|[from]move: Volt Switch\n|-damage|p2a: Hydreigon|2\/100|[from] Stealth Rock\n|\n|upkeep\n|\n|t:|1653171103\n|switch|p1a: Cobalion|Cobalion|31\/100\n|-damage|p1a: Cobalion|28\/100|[from] Stealth Rock\n|turn|30\n|\n|t:|1653171106\n|move|p2a: Hydreigon|Draco Meteor|p1a: Cobalion\n|-resisted|p1a: Cobalion\n|-damage|p1a: Cobalion|0 fnt\n|-unboost|p2a: Hydreigon|spa|2\n|faint|p1a: Cobalion\n|\n|upkeep\n|\n|t:|1653171110\n|switch|p1a: Tangrowth|Tangrowth, F|72\/100 tox\n|-damage|p1a: Tangrowth|59\/100 tox|[from] Stealth Rock\n|turn|31\n|\n|t:|1653171113\n|move|p2a: Hydreigon|Draco Meteor|p1a: Tangrowth\n|-damage|p1a: Tangrowth|37\/100 tox\n|-unboost|p2a: Hydreigon|spa|2\n|move|p1a: Tangrowth|Power Whip|p2a: Hydreigon\n|-resisted|p2a: Hydreigon\n|-damage|p2a: Hydreigon|0 fnt\n|faint|p2a: Hydreigon\n|\n|-damage|p1a: Tangrowth|31\/100 tox|[from] psn\n|upkeep\n|\n|t:|1653171117\n|switch|p2a: Amoonguss|Amoonguss, M|71\/100\n|-damage|p2a: Amoonguss|58\/100|[from] Stealth Rock\n|turn|32\n|\n|t:|1653171120\n|move|p1a: Tangrowth|Sludge Bomb|p2a: Amoonguss\n|-damage|p2a: Amoonguss|38\/100\n|move|p2a: Amoonguss|Sludge Bomb|p1a: Tangrowth\n|-supereffective|p1a: Tangrowth\n|-damage|p1a: Tangrowth|0 fnt\n|faint|p1a: Tangrowth\n|\n|win|setup moves hater\n|n|\u2606Batataplays|batataplays\n|n|\u2606setup moves hater|setupmoveshater\n|n| vitorstormxyz|vitorstormxyz\n|n| Dark\u2605Shion\u30c4|darkshion\n|n| Moretto|moretto\n|n| isa200bela-\u00ac|isa200bela\n|n| Buko1k|buko1k\n","uploadtime":1653171122,"views":8,"p1id":"batataplays","p2id":"setupmoveshater","formatid":"gen8uu","rating":0,"private":0,"password":null}