{"id":"gen8ou-1602105786","p1":"jushu1","p2":"andrewm0n","format":"gen8ou","log":"|j|\u2606jushu1\n|j|\u2606andrewm0n\n|t:|1655933898\n|gametype|singles\n|player|p1|jushu1|cyrus|1870\n|player|p2|andrewm0n|swimmerf|1873\n|teamsize|p1|6\n|teamsize|p2|6\n|gen|8\n|tier|[Gen 8] OU\n|rated|\n|rule|Sleep Clause Mod: Limit one foe put to sleep\n|rule|Species Clause: Limit one of each Pok\u00e9mon\n|rule|OHKO Clause: OHKO moves are banned\n|rule|Evasion Moves Clause: Evasion moves are banned\n|rule|Endless Battle Clause: Forcing endless battles is banned\n|rule|HP Percentage Mod: HP is shown in percentages\n|rule|Dynamax Clause: You cannot dynamax\n|clearpoke\n|poke|p1|Zapdos|\n|poke|p1|Weavile, M|\n|poke|p1|Kartana|\n|poke|p1|Landorus-Therian, M|\n|poke|p1|Volcanion|\n|poke|p1|Melmetal|\n|poke|p2|Blaziken, M|\n|poke|p2|Clefable, F|\n|poke|p2|Slowbro-Galar, M|\n|poke|p2|Corviknight, M|\n|poke|p2|Seismitoad, M|\n|poke|p2|Malamar, M|\n|teampreview\n|inactive|Battle timer is ON: inactive players will automatically lose when time's up. (requested by jushu1)\n|\n|t:|1655933913\n|start\n|switch|p1a: Landorus|Landorus-Therian, M|100\/100\n|switch|p2a: Corviknight|Corviknight, M|100\/100\n|-ability|p1a: Landorus|Intimidate|boost\n|-ability|p2a: Corviknight|Mirror Armor\n|-unboost|p1a: Landorus|atk|1\n|turn|1\n|\n|t:|1655933917\n|move|p1a: Landorus|Stealth Rock|p2a: Corviknight\n|-sidestart|p2: andrewm0n|move: Stealth Rock\n|move|p2a: Corviknight|Brave Bird|p1a: Landorus\n|-damage|p1a: Landorus|67\/100\n|-damage|p2a: Corviknight|90\/100|[from] Recoil\n|\n|-heal|p1a: Landorus|73\/100|[from] item: Leftovers\n|upkeep\n|turn|2\n|j| GROSS SAMPLE TEAM\n|\n|t:|1655933920\n|move|p1a: Landorus|U-turn|p2a: Corviknight\n|-resisted|p2a: Corviknight\n|-damage|p2a: Corviknight|87\/100\n|-damage|p1a: Landorus|56\/100|[from] item: Rocky Helmet|[of] p2a: Corviknight\n|\n|t:|1655933921\n|switch|p1a: Zapdos|Zapdos|100\/100|[from]move: U-turn\n|move|p2a: Corviknight|U-turn|p1a: Zapdos\n|-resisted|p1a: Zapdos\n|-damage|p1a: Zapdos|91\/100\n|\n|t:|1655933934\n|switch|p2a: Seismitoad|Seismitoad, M|100\/100|[from]move: U-turn\n|-damage|p2a: Seismitoad|94\/100|[from] Stealth Rock\n|\n|-heal|p2a: Seismitoad|100\/100|[from] item: Leftovers\n|upkeep\n|turn|3\n|\n|t:|1655933939\n|move|p1a: Zapdos|Hurricane|p2a: Seismitoad\n|-damage|p2a: Seismitoad|47\/100\n|-start|p2a: Seismitoad|confusion\n|-activate|p2a: Seismitoad|confusion\n|-damage|p2a: Seismitoad|40\/100|[from] confusion\n|\n|-heal|p2a: Seismitoad|46\/100|[from] item: Leftovers\n|upkeep\n|turn|4\n|\n|t:|1655933946\n|move|p1a: Zapdos|Hurricane|p2a: Seismitoad\n|-damage|p2a: Seismitoad|0 fnt\n|faint|p2a: Seismitoad\n|\n|upkeep\n|\n|t:|1655933948\n|switch|p2a: Malamar|Malamar, M|100\/100\n|-damage|p2a: Malamar|88\/100|[from] Stealth Rock\n|turn|5\n|\n|t:|1655933951\n|move|p2a: Malamar|Switcheroo|p1a: Zapdos\n|-activate|p2a: Malamar|move: Trick|[of] p1a: Zapdos\n|-item|p1a: Zapdos|Choice Scarf|[from] move: Switcheroo\n|-item|p2a: Malamar|Heavy-Duty Boots|[from] move: Switcheroo\n|move|p1a: Zapdos|Hurricane|p2a: Malamar\n|-damage|p2a: Malamar|8\/100\n|-start|p2a: Malamar|confusion\n|\n|upkeep\n|turn|6\n|\n|t:|1655933956\n|switch|p2a: Corviknight|Corviknight, M|87\/100\n|-damage|p2a: Corviknight|74\/100|[from] Stealth Rock\n|move|p1a: Zapdos|Hurricane|p2a: Corviknight\n|-resisted|p2a: Corviknight\n|-damage|p2a: Corviknight|52\/100\n|\n|upkeep\n|turn|7\n|\n|t:|1655933959\n|move|p1a: Zapdos|Hurricane|p2a: Corviknight|[miss]\n|-miss|p1a: Zapdos|p2a: Corviknight\n|move|p2a: Corviknight|Defog|p1a: Zapdos\n|-unboost|p1a: Zapdos|evasion|1\n|-sideend|p2: andrewm0n|Stealth Rock|[from] move: Defog|[of] p2a: Corviknight\n|\n|upkeep\n|turn|8\n|\n|t:|1655933962\n|switch|p1a: Landorus|Landorus-Therian, M|56\/100\n|-ability|p1a: Landorus|Intimidate|boost\n|-ability|p2a: Corviknight|Mirror Armor\n|-unboost|p1a: Landorus|atk|1\n|move|p2a: Corviknight|Roost|p2a: Corviknight\n|-heal|p2a: Corviknight|100\/100\n|-singleturn|p2a: Corviknight|move: Roost\n|\n|-heal|p1a: Landorus|62\/100|[from] item: Leftovers\n|upkeep\n|turn|9\n|\n|t:|1655933964\n|move|p1a: Landorus|Stealth Rock|p2a: Corviknight\n|-sidestart|p2: andrewm0n|move: Stealth Rock\n|move|p2a: Corviknight|Brave Bird|p1a: Landorus\n|-damage|p1a: Landorus|23\/100\n|-damage|p2a: Corviknight|88\/100|[from] Recoil\n|\n|-heal|p1a: Landorus|29\/100|[from] item: Leftovers\n|upkeep\n|turn|10\n|\n|t:|1655933966\n|move|p1a: Landorus|U-turn|p2a: Corviknight\n|-resisted|p2a: Corviknight\n|-damage|p2a: Corviknight|86\/100\n|-damage|p1a: Landorus|13\/100|[from] item: Rocky Helmet|[of] p2a: Corviknight\n|\n|t:|1655933968\n|switch|p1a: Zapdos|Zapdos|91\/100|[from]move: U-turn\n|move|p2a: Corviknight|Defog|p1a: Zapdos\n|-unboost|p1a: Zapdos|evasion|1\n|-sideend|p2: andrewm0n|Stealth Rock|[from] move: Defog|[of] p2a: Corviknight\n|\n|upkeep\n|turn|11\n|\n|t:|1655933972\n|switch|p2a: Slowbro|Slowbro-Galar, M|100\/100\n|move|p1a: Zapdos|Thunderbolt|p2a: Slowbro\n|-damage|p2a: Slowbro|67\/100\n|\n|upkeep\n|turn|12\n|\n|t:|1655933975\n|move|p1a: Zapdos|Thunderbolt|p2a: Slowbro\n|-damage|p2a: Slowbro|30\/100\n|move|p2a: Slowbro|Flamethrower|p1a: Zapdos\n|-damage|p1a: Zapdos|67\/100\n|\n|upkeep\n|turn|13\n|\n|t:|1655933979\n|switch|p2a: Clefable|Clefable, F|100\/100\n|move|p1a: Zapdos|Thunderbolt|p2a: Clefable\n|-damage|p2a: Clefable|51\/100\n|\n|-heal|p2a: Clefable|57\/100|[from] item: Leftovers\n|upkeep\n|turn|14\n|\n|t:|1655933980\n|move|p1a: Zapdos|Thunderbolt|p2a: Clefable\n|-crit|p2a: Clefable\n|-damage|p2a: Clefable|0 fnt\n|faint|p2a: Clefable\n|\n|upkeep\n|l| GROSS SAMPLE TEAM\n|\n|t:|1655933984\n|switch|p2a: Blaziken|Blaziken, M|100\/100\n|turn|15\n|\n|t:|1655933986\n|move|p1a: Zapdos|Thunderbolt|p2a: Blaziken\n|-damage|p2a: Blaziken|27\/100\n|move|p2a: Blaziken|Swords Dance|p2a: Blaziken\n|-boost|p2a: Blaziken|atk|2\n|\n|-heal|p2a: Blaziken|33\/100|[from] item: Leftovers\n|-ability|p2a: Blaziken|Speed Boost|boost\n|-boost|p2a: Blaziken|spe|1\n|upkeep\n|turn|16\n|\n|t:|1655933990\n|move|p2a: Blaziken|Protect|p2a: Blaziken\n|-singleturn|p2a: Blaziken|Protect\n|move|p1a: Zapdos|Thunderbolt|p2a: Blaziken\n|-activate|p2a: Blaziken|move: Protect\n|\n|-heal|p2a: Blaziken|39\/100|[from] item: Leftovers\n|-ability|p2a: Blaziken|Speed Boost|boost\n|-boost|p2a: Blaziken|spe|1\n|upkeep\n|turn|17\n|\n|t:|1655933992\n|switch|p1a: Landorus|Landorus-Therian, M|13\/100\n|-ability|p1a: Landorus|Intimidate|boost\n|-unboost|p2a: Blaziken|atk|1\n|move|p2a: Blaziken|Flare Blitz|p1a: Landorus\n|-damage|p1a: Landorus|0 fnt\n|faint|p1a: Landorus\n|-damage|p2a: Blaziken|33\/100|[from] Recoil\n|\n|-heal|p2a: Blaziken|39\/100|[from] item: Leftovers\n|-ability|p2a: Blaziken|Speed Boost|boost\n|-boost|p2a: Blaziken|spe|1\n|upkeep\n|\n|t:|1655933998\n|switch|p1a: Zapdos|Zapdos|67\/100\n|turn|18\n|\n|t:|1655934000\n|move|p2a: Blaziken|Flare Blitz|p1a: Zapdos\n|-damage|p1a: Zapdos|0 fnt\n|faint|p1a: Zapdos\n|-damage|p2a: Blaziken|16\/100|[from] Recoil\n|\n|-heal|p2a: Blaziken|22\/100|[from] item: Leftovers\n|-ability|p2a: Blaziken|Speed Boost|boost\n|-boost|p2a: Blaziken|spe|1\n|upkeep\n|\n|t:|1655934002\n|switch|p1a: Weavile|Weavile, M|100\/100\n|-ability|p1a: Weavile|Pressure\n|turn|19\n|\n|t:|1655934004\n|move|p2a: Blaziken|Protect|p2a: Blaziken\n|-singleturn|p2a: Blaziken|Protect\n|move|p1a: Weavile|Ice Shard|p2a: Blaziken\n|-activate|p2a: Blaziken|move: Protect\n|\n|-heal|p2a: Blaziken|28\/100|[from] item: Leftovers\n|-ability|p2a: Blaziken|Speed Boost|boost\n|-boost|p2a: Blaziken|spe|1\n|upkeep\n|turn|20\n|\n|t:|1655934007\n|move|p1a: Weavile|Ice Shard|p2a: Blaziken\n|-resisted|p2a: Blaziken\n|-damage|p2a: Blaziken|5\/100\n|move|p2a: Blaziken|Close Combat|p1a: Weavile\n|-supereffective|p1a: Weavile\n|-damage|p1a: Weavile|0 fnt\n|-unboost|p2a: Blaziken|def|1\n|-unboost|p2a: Blaziken|spd|1\n|faint|p1a: Weavile\n|\n|-heal|p2a: Blaziken|11\/100|[from] item: Leftovers\n|-ability|p2a: Blaziken|Speed Boost|boost\n|-boost|p2a: Blaziken|spe|1\n|upkeep\n|j| Fourthstar\n|\n|t:|1655934010\n|switch|p1a: Volcanion|Volcanion|100\/100\n|turn|21\n|\n|t:|1655934022\n|move|p2a: Blaziken|Close Combat|p1a: Volcanion\n|-damage|p1a: Volcanion|0 fnt\n|-unboost|p2a: Blaziken|def|1\n|-unboost|p2a: Blaziken|spd|1\n|faint|p1a: Volcanion\n|\n|-heal|p2a: Blaziken|17\/100|[from] item: Leftovers\n|upkeep\n|-message|jushu1 forfeited.\n|\n|win|andrewm0n\n|raw|jushu1's rating: 1870 &rarr; <strong>1850<\/strong><br \/>(-20 for losing)\n|raw|andrewm0n's rating: 1873 &rarr; <strong>1893<\/strong><br \/>(+20 for winning)\n|l|\u2606jushu1\n|l| Fourthstar\n||Ladder isn't responding, score probably updated but might not have (Request timeout).\n","uploadtime":1655934033,"views":49,"p1id":"jushu1","p2id":"andrewm0n","formatid":"gen8ou","rating":1850,"private":0,"password":null}