{"id":"gen8nationaldex-1425554614","p1":"RTSG tests","p2":"SidNH","format":"gen8nationaldex","log":"|j|\u2606RTSG tests\n|j|\u2606SidNH\n|inactive|Battle timer is ON: inactive players will automatically lose when time's up.\n|t:|1632852336\n|gametype|singles\n|player|p1|RTSG tests|hilbert|\n|player|p2|SidNH|lucas|\n|teamsize|p1|6\n|teamsize|p2|6\n|gen|8\n|tier|[Gen 8] National Dex\n|rated|Tournament battle\n|rule|HP Percentage Mod: HP is shown in percentages\n|rule|Endless Battle Clause: Forcing endless battles is banned\n|rule|OHKO Clause: OHKO moves are banned\n|rule|Evasion Moves Clause: Evasion moves are banned\n|rule|Species Clause: Limit one of each Pok\u00e9mon\n|rule|Dynamax Clause: You cannot dynamax\n|rule|Sleep Clause Mod: Limit one foe put to sleep\n|clearpoke\n|poke|p1|Hippowdon, M|\n|poke|p1|Excadrill, M|\n|poke|p1|Clefable, M|\n|poke|p1|Sceptile, M|\n|poke|p1|Rotom-Wash|\n|poke|p1|Celesteela|\n|poke|p2|Krookodile, F|\n|poke|p2|Azumarill, M|\n|poke|p2|Serperior, F|\n|poke|p2|Froslass, F|\n|poke|p2|Polteageist-Antique|\n|poke|p2|Altaria, F|\n|teampreview\n|\n|t:|1632852352\n|start\n|switch|p1a: Hippowdon|Hippowdon, M|100\/100\n|switch|p2a: Froslass|Froslass, F|100\/100\n|-weather|Sandstorm|[from] ability: Sand Stream|[of] p1a: Hippowdon\n|turn|1\n|inactive|SidNH has 120 seconds left.\n|\n|t:|1632852387\n|move|p2a: Froslass|Taunt|p1a: Hippowdon\n|-start|p1a: Hippowdon|move: Taunt\n|move|p1a: Hippowdon|Earthquake|p2a: Froslass\n|-enditem|p2a: Froslass|Focus Sash\n|-damage|p2a: Froslass|1\/100\n|\n|-weather|Sandstorm|[upkeep]\n|-damage|p2a: Froslass|0 fnt|[from] Sandstorm\n|faint|p2a: Froslass\n|upkeep\n|inactive|SidNH has 120 seconds left.\n|inactive|SidNH has 90 seconds left.\n|\n|t:|1632852434\n|switch|p2a: Azumarill|Azumarill, M|100\/100\n|turn|2\n|\n|t:|1632852446\n|switch|p1a: Rotom|Rotom-Wash|100\/100\n|move|p2a: Azumarill|Belly Drum|p2a: Azumarill\n|-damage|p2a: Azumarill|50\/100\n|-setboost|p2a: Azumarill|atk|6|[from] move: Belly Drum\n|-enditem|p2a: Azumarill|Sitrus Berry|[eat]\n|-heal|p2a: Azumarill|75\/100|[from] item: Sitrus Berry\n|\n|-weather|Sandstorm|[upkeep]\n|-damage|p1a: Rotom|94\/100|[from] Sandstorm\n|-damage|p2a: Azumarill|69\/100|[from] Sandstorm\n|-heal|p1a: Rotom|100\/100|[from] item: Leftovers\n|upkeep\n|turn|3\n|inactive|SidNH has 90 seconds left.\n|\n|t:|1632852458\n|move|p1a: Rotom|Will-O-Wisp|p2a: Azumarill\n|-status|p2a: Azumarill|brn\n|move|p2a: Azumarill|Knock Off|p1a: Rotom\n|-damage|p1a: Rotom|32\/100\n|-enditem|p1a: Rotom|Leftovers|[from] move: Knock Off|[of] p2a: Azumarill\n|\n|-weather|Sandstorm|[upkeep]\n|-damage|p1a: Rotom|25\/100|[from] Sandstorm\n|-damage|p2a: Azumarill|63\/100 brn|[from] Sandstorm\n|-damage|p2a: Azumarill|57\/100 brn|[from] brn\n|upkeep\n|turn|4\n|inactive|SidNH has 90 seconds left.\n|\n|t:|1632852467\n|move|p1a: Rotom|Volt Switch|p2a: Azumarill\n|-supereffective|p2a: Azumarill\n|-damage|p2a: Azumarill|0 fnt\n|faint|p2a: Azumarill\n|\n|t:|1632852476\n|switch|p1a: Excadrill|Excadrill, M|100\/100|[from]move: Volt Switch\n|\n|-weather|Sandstorm|[upkeep]\n|upkeep\n|inactive|SidNH has 90 seconds left.\n|c|\u2606SidNH|i accidentally hit belly drum instead of aqua jet\n|c|\u2606SidNH|lol\n|\n|t:|1632852497\n|switch|p2a: Krookodile|Krookodile, F|100\/100\n|turn|5\n|\n|t:|1632852505\n|-zpower|p1a: Excadrill\n|move|p1a: Excadrill|Corkscrew Crash|p2a: Krookodile|[zeffect]\n|-damage|p2a: Krookodile|0 fnt\n|faint|p2a: Krookodile\n|\n|-weather|none\n|upkeep\n|\n|t:|1632852517\n|switch|p2a: Polteageist|Polteageist-Antique|100\/100\n|turn|6\n|\n|t:|1632852529\n|switch|p1a: Hippowdon|Hippowdon, M|100\/100\n|-weather|Sandstorm|[from] ability: Sand Stream|[of] p1a: Hippowdon\n|move|p2a: Polteageist|Shell Smash|p2a: Polteageist\n|-unboost|p2a: Polteageist|def|1\n|-unboost|p2a: Polteageist|spd|1\n|-boost|p2a: Polteageist|atk|2\n|-boost|p2a: Polteageist|spa|2\n|-boost|p2a: Polteageist|spe|2\n|\n|-weather|Sandstorm|[upkeep]\n|-damage|p2a: Polteageist|94\/100|[from] Sandstorm\n|upkeep\n|turn|7\n|inactive|SidNH has 90 seconds left.\n|\n|t:|1632852540\n|switch|p1a: Rotom|Rotom-Wash|25\/100\n|move|p2a: Polteageist|Stored Power|p1a: Rotom\n|-damage|p1a: Rotom|0 fnt\n|faint|p1a: Rotom\n|\n|-weather|Sandstorm|[upkeep]\n|-damage|p2a: Polteageist|88\/100|[from] Sandstorm\n|upkeep\n|\n|t:|1632852545\n|switch|p1a: Excadrill|Excadrill, M|100\/100\n|turn|8\n|\n|t:|1632852553\n|move|p1a: Excadrill|Iron Head|p2a: Polteageist\n|-damage|p2a: Polteageist|0 fnt\n|faint|p2a: Polteageist\n|\n|-weather|Sandstorm|[upkeep]\n|upkeep\n|\n|t:|1632852561\n|switch|p2a: Serperior|Serperior, F|100\/100\n|turn|9\n|\n|t:|1632852566\n|move|p1a: Excadrill|Iron Head|p2a: Serperior\n|-damage|p2a: Serperior|52\/100\n|move|p2a: Serperior|Glare|p1a: Excadrill\n|-status|p1a: Excadrill|par\n|\n|-weather|Sandstorm|[upkeep]\n|-damage|p2a: Serperior|46\/100|[from] Sandstorm\n|-heal|p2a: Serperior|52\/100|[from] item: Leftovers\n|upkeep\n|turn|10\n|\n|t:|1632852577\n|move|p2a: Serperior|Substitute|p2a: Serperior\n|-start|p2a: Serperior|Substitute\n|-damage|p2a: Serperior|27\/100\n|cant|p1a: Excadrill|par\n|\n|-weather|none\n|-heal|p2a: Serperior|33\/100|[from] item: Leftovers\n|upkeep\n|turn|11\n|\n|t:|1632852584\n|move|p2a: Serperior|Leaf Storm|p1a: Excadrill|[miss]\n|-miss|p2a: Serperior|p1a: Excadrill\n|move|p1a: Excadrill|Iron Head|p2a: Serperior\n|-end|p2a: Serperior|Substitute\n|\n|-heal|p2a: Serperior|40\/100|[from] item: Leftovers\n|upkeep\n|turn|12\n|inactive|SidNH has 120 seconds left.\n|c|\u2606SidNH|game please\n|\n|t:|1632852595\n|move|p2a: Serperior|Substitute|p2a: Serperior\n|-start|p2a: Serperior|Substitute\n|-damage|p2a: Serperior|15\/100\n|move|p1a: Excadrill|Iron Head|p2a: Serperior\n|-end|p2a: Serperior|Substitute\n|\n|-heal|p2a: Serperior|21\/100|[from] item: Leftovers\n|upkeep\n|turn|13\n|inactive|SidNH has 120 seconds left.\n|\n|t:|1632852603\n|move|p2a: Serperior|Leaf Storm|p1a: Excadrill\n|-damage|p1a: Excadrill|41\/100 par\n|-boost|p2a: Serperior|spa|2\n|move|p1a: Excadrill|Iron Head|p2a: Serperior\n|-damage|p2a: Serperior|0 fnt\n|faint|p2a: Serperior\n|\n|upkeep\n|inactive|SidNH has 120 seconds left.\n|c|\u2606SidNH|sad day\n|c|\u2606SidNH|gg\n|c|\u2606SidNH|prolly wouldve lost anyways but rng and stupid mistakes killed me\n|\n|t:|1632852635\n|switch|p2a: Altaria|Altaria, F|100\/100\n|turn|14\n|\n|t:|1632852643\n|switch|p1a: Celesteela|Celesteela|100\/100\n|detailschange|p2a: Altaria|Altaria-Mega, F\n|-mega|p2a: Altaria|Altaria|Altarianite\n|move|p2a: Altaria|Return|p1a: Celesteela\n|-resisted|p1a: Celesteela\n|-damage|p1a: Celesteela|80\/100\n|-damage|p2a: Altaria|84\/100|[from] item: Rocky Helmet|[of] p1a: Celesteela\n|\n|upkeep\n|turn|15\n|\n|t:|1632852652\n|move|p2a: Altaria|Return|p1a: Celesteela\n|-resisted|p1a: Celesteela\n|-damage|p1a: Celesteela|60\/100\n|-damage|p2a: Altaria|67\/100|[from] item: Rocky Helmet|[of] p1a: Celesteela\n|move|p1a: Celesteela|Heavy Slam|p2a: Altaria\n|-supereffective|p2a: Altaria\n|-damage|p2a: Altaria|0 fnt\n|faint|p2a: Altaria\n|\n|win|RTSG tests\n|n|\u2606RTSG tests|rtsgtests\n|n|\u2606SidNH|sidnh\n","uploadtime":1632852659,"views":42,"p1id":"rtsgtests","p2id":"sidnh","formatid":"gen8nationaldex","rating":0,"private":0,"password":null}