{"id":"gen8ou-1702607351","p1":"Down$hift","p2":"reionatro","format":"gen8ou","log":"|j|\u2606Down$hift\n|j|\u2606reionatro\n|t:|1667571756\n|gametype|singles\n|player|p1|Down$hift|teamrocket|1868\n|player|p2|reionatro|1|1837\n|teamsize|p1|6\n|teamsize|p2|6\n|gen|8\n|tier|[Gen 8] OU\n|rated|\n|rule|Sleep Clause Mod: Limit one foe put to sleep\n|rule|Species Clause: Limit one of each Pok\u00e9mon\n|rule|OHKO Clause: OHKO moves are banned\n|rule|Evasion Items Clause: Evasion items are banned\n|rule|Evasion Moves Clause: Evasion moves are banned\n|rule|Endless Battle Clause: Forcing endless battles is banned\n|rule|HP Percentage Mod: HP is shown in percentages\n|rule|Dynamax Clause: You cannot dynamax\n|clearpoke\n|poke|p1|Pincurchin, F|\n|poke|p1|Slowbro, F|\n|poke|p1|Excadrill, M|\n|poke|p1|Tyranitar, F|\n|poke|p1|Amoonguss, F|\n|poke|p1|Clefable, M|\n|poke|p2|Landorus-Therian, M|\n|poke|p2|Melmetal|\n|poke|p2|Rillaboom, M|\n|poke|p2|Tapu Koko|\n|poke|p2|Urshifu-*, F|\n|poke|p2|Zapdos|\n|teampreview\n|c|\u2606reionatro|hf\n|c|\u2606Down$hift|Hf\n|\n|t:|1667571791\n|start\n|switch|p1a: (GONE WRONG)|Clefable, M|100\/100\n|switch|p2a: Landorus|Landorus-Therian, M|100\/100\n|-ability|p2a: Landorus|Intimidate|boost\n|-unboost|p1a: (GONE WRONG)|atk|1\n|turn|1\n|inactive|Battle timer is ON: inactive players will automatically lose when time's up. (requested by Down$hift)\n|\n|t:|1667571821\n|move|p2a: Landorus|U-turn|p1a: (GONE WRONG)\n|-resisted|p1a: (GONE WRONG)\n|-damage|p1a: (GONE WRONG)|91\/100\n|\n|t:|1667571823\n|switch|p2a: Zapdos|Zapdos, shiny|100\/100|[from]move: U-turn\n|move|p1a: (GONE WRONG)|Stealth Rock|p2a: Zapdos\n|-sidestart|p2: reionatro|move: Stealth Rock\n|\n|upkeep\n|turn|2\n|\n|t:|1667571830\n|move|p2a: Zapdos|Defog|p1a: (GONE WRONG)\n|-unboost|p1a: (GONE WRONG)|evasion|1\n|-sideend|p2: reionatro|Stealth Rock|[from] move: Defog|[of] p2a: Zapdos\n|move|p1a: (GONE WRONG)|Soft-Boiled|p1a: (GONE WRONG)\n|-heal|p1a: (GONE WRONG)|100\/100\n|\n|upkeep\n|turn|3\n|\n|t:|1667571833\n|move|p2a: Zapdos|Hurricane|p1a: (GONE WRONG)\n|-damage|p1a: (GONE WRONG)|55\/100\n|move|p1a: (GONE WRONG)|Stealth Rock|p2a: Zapdos\n|-sidestart|p2: reionatro|move: Stealth Rock\n|\n|upkeep\n|turn|4\n|j| cypherstest\n|\n|t:|1667571837\n|move|p2a: Zapdos|Hurricane|p1a: (GONE WRONG)\n|-damage|p1a: (GONE WRONG)|9\/100\n|move|p1a: (GONE WRONG)|Soft-Boiled|p1a: (GONE WRONG)\n|-heal|p1a: (GONE WRONG)|59\/100\n|\n|upkeep\n|turn|5\n|\n|t:|1667571841\n|switch|p1a: CHALLENGE|Tyranitar, F|100\/100\n|-weather|Sandstorm|[from] ability: Sand Stream|[of] p1a: CHALLENGE\n|move|p2a: Zapdos|Hurricane|p1a: CHALLENGE|[miss]\n|-miss|p2a: Zapdos|p1a: CHALLENGE\n|\n|-weather|Sandstorm|[upkeep]\n|-damage|p2a: Zapdos|94\/100|[from] Sandstorm\n|upkeep\n|turn|6\n|\n|t:|1667571853\n|move|p2a: Zapdos|Volt Switch|p1a: CHALLENGE\n|-damage|p1a: CHALLENGE|82\/100\n|\n|t:|1667571856\n|switch|p2a: Melmetal|Melmetal, shiny|100\/100|[from]move: Volt Switch\n|-damage|p2a: Melmetal|94\/100|[from] Stealth Rock\n|move|p1a: CHALLENGE|Crunch|p2a: Melmetal\n|-damage|p2a: Melmetal|49\/100\n|\n|-weather|Sandstorm|[upkeep]\n|-heal|p2a: Melmetal|55\/100|[from] item: Leftovers\n|upkeep\n|turn|7\n|j| cscvg\n|\n|t:|1667571860\n|switch|p1a: AMONG US|Amoonguss, F, shiny|100\/100\n|move|p2a: Melmetal|Double Iron Bash|p1a: AMONG US\n|-damage|p1a: AMONG US|63\/100\n|-damage|p2a: Melmetal|39\/100|[from] item: Rocky Helmet|[of] p1a: AMONG US\n|-damage|p1a: AMONG US|31\/100\n|-damage|p2a: Melmetal|22\/100|[from] item: Rocky Helmet|[of] p1a: AMONG US\n|-hitcount|p1a: AMONG US|2\n|\n|-weather|Sandstorm|[upkeep]\n|-damage|p1a: AMONG US|24\/100|[from] Sandstorm\n|-heal|p2a: Melmetal|28\/100|[from] item: Leftovers\n|upkeep\n|turn|8\n|\n|t:|1667571882\n|switch|p1a: 3 AM|Slowbro, F|100\/100\n|move|p2a: Melmetal|Double Iron Bash|p1a: 3 AM\n|-resisted|p1a: 3 AM\n|-damage|p1a: 3 AM|84\/100\n|-resisted|p1a: 3 AM\n|-damage|p1a: 3 AM|66\/100\n|-hitcount|p1a: 3 AM|2\n|\n|-weather|Sandstorm|[upkeep]\n|-damage|p1a: 3 AM|60\/100|[from] Sandstorm\n|-heal|p2a: Melmetal|34\/100|[from] item: Leftovers\n|upkeep\n|turn|9\n|j| ds des chats\n|\n|t:|1667571900\n|move|p2a: Melmetal|Toxic|p1a: 3 AM\n|-status|p1a: 3 AM|tox\n|move|p1a: 3 AM|Teleport|p1a: 3 AM\n|\n|t:|1667571905\n|switch|p1a: (IMPOSSIBLE)|Excadrill, M|100\/100|[from]move: Teleport\n|-item|p1a: (IMPOSSIBLE)|Air Balloon\n|\n|-weather|none\n|-heal|p2a: Melmetal|40\/100|[from] item: Leftovers\n|upkeep\n|turn|10\n|\n|t:|1667571913\n|switch|p2a: Rillaboom|Rillaboom, M|100\/100\n|-damage|p2a: Rillaboom|88\/100|[from] Stealth Rock\n|-fieldstart|move: Grassy Terrain|[from] ability: Grassy Surge|[of] p2a: Rillaboom\n|move|p1a: (IMPOSSIBLE)|Earthquake|p2a: Rillaboom\n|-resisted|p2a: Rillaboom\n|-damage|p2a: Rillaboom|76\/100\n|\n|-heal|p2a: Rillaboom|83\/100|[from] Grassy Terrain\n|-heal|p2a: Rillaboom|89\/100|[from] item: Leftovers\n|upkeep\n|turn|11\n|\n|t:|1667571918\n|switch|p1a: AMONG US|Amoonguss, F, shiny|58\/100\n|move|p2a: Rillaboom|Knock Off|p1a: AMONG US\n|-damage|p1a: AMONG US|32\/100\n|-damage|p2a: Rillaboom|72\/100|[from] item: Rocky Helmet|[of] p1a: AMONG US\n|-enditem|p1a: AMONG US|Rocky Helmet|[from] move: Knock Off|[of] p2a: Rillaboom\n|\n|-heal|p2a: Rillaboom|79\/100|[from] Grassy Terrain\n|-heal|p2a: Rillaboom|85\/100|[from] item: Leftovers\n|-heal|p1a: AMONG US|38\/100|[from] Grassy Terrain\n|upkeep\n|turn|12\n|\n|t:|1667571937\n|switch|p2a: Tapu Koko|Tapu Koko|100\/100\n|-damage|p2a: Tapu Koko|88\/100|[from] Stealth Rock\n|-fieldstart|move: Electric Terrain|[from] ability: Electric Surge|[of] p2a: Tapu Koko\n|move|p1a: AMONG US|Spore|p2a: Tapu Koko\n|-activate|p2a: Tapu Koko|move: Electric Terrain\n|\n|upkeep\n|turn|13\n|\n|t:|1667571947\n|switch|p2a: Melmetal|Melmetal, shiny|40\/100\n|-damage|p2a: Melmetal|34\/100|[from] Stealth Rock\n|move|p1a: AMONG US|Foul Play|p2a: Melmetal\n|-damage|p2a: Melmetal|10\/100\n|\n|-heal|p2a: Melmetal|16\/100|[from] item: Leftovers\n|upkeep\n|turn|14\n|\n|t:|1667571954\n|switch|p1a: (IMPOSSIBLE)|Excadrill, M|100\/100\n|-item|p1a: (IMPOSSIBLE)|Air Balloon\n|move|p2a: Melmetal|Double Iron Bash|p1a: (IMPOSSIBLE)\n|-resisted|p1a: (IMPOSSIBLE)\n|-damage|p1a: (IMPOSSIBLE)|70\/100\n|-enditem|p1a: (IMPOSSIBLE)|Air Balloon\n|-resisted|p1a: (IMPOSSIBLE)\n|-damage|p1a: (IMPOSSIBLE)|37\/100\n|-hitcount|p1a: (IMPOSSIBLE)|2\n|\n|-heal|p2a: Melmetal|22\/100|[from] item: Leftovers\n|upkeep\n|turn|15\n|\n|t:|1667571963\n|switch|p2a: Rillaboom|Rillaboom, M|85\/100\n|-damage|p2a: Rillaboom|72\/100|[from] Stealth Rock\n|-fieldstart|move: Grassy Terrain|[from] ability: Grassy Surge|[of] p2a: Rillaboom\n|move|p1a: (IMPOSSIBLE)|Earthquake|p2a: Rillaboom\n|-resisted|p2a: Rillaboom\n|-damage|p2a: Rillaboom|60\/100\n|\n|-heal|p1a: (IMPOSSIBLE)|43\/100|[from] Grassy Terrain\n|-heal|p2a: Rillaboom|67\/100|[from] Grassy Terrain\n|-heal|p2a: Rillaboom|73\/100|[from] item: Leftovers\n|upkeep\n|turn|16\n|\n|t:|1667571972\n|move|p2a: Rillaboom|Grassy Glide|p1a: (IMPOSSIBLE)\n|-damage|p1a: (IMPOSSIBLE)|0 fnt\n|faint|p1a: (IMPOSSIBLE)\n|\n|-heal|p2a: Rillaboom|79\/100|[from] Grassy Terrain\n|-heal|p2a: Rillaboom|85\/100|[from] item: Leftovers\n|upkeep\n|\n|t:|1667571981\n|switch|p1a: AMONG US|Amoonguss, F, shiny|71\/100\n|turn|17\n|\n|t:|1667572007\n|switch|p2a: Zapdos|Zapdos, shiny|94\/100\n|move|p1a: AMONG US|Spore|p2a: Zapdos\n|-status|p2a: Zapdos|slp|[from] move: Spore\n|\n|-heal|p1a: AMONG US|77\/100|[from] Grassy Terrain\n|upkeep\n|turn|18\n|\n|t:|1667572013\n|switch|p1a: CHALLENGE|Tyranitar, F|82\/100\n|-weather|Sandstorm|[from] ability: Sand Stream|[of] p1a: CHALLENGE\n|cant|p2a: Zapdos|slp\n|\n|-weather|Sandstorm|[upkeep]\n|-damage|p2a: Zapdos|88\/100 slp|[from] Sandstorm\n|-heal|p1a: CHALLENGE|88\/100|[from] Grassy Terrain\n|upkeep\n|turn|19\n|\n|t:|1667572018\n|switch|p2a: Urshifu|Urshifu-Rapid-Strike, F|100\/100\n|-damage|p2a: Urshifu|94\/100|[from] Stealth Rock\n|move|p1a: CHALLENGE|Stone Edge|p2a: Urshifu\n|-resisted|p2a: Urshifu\n|-damage|p2a: Urshifu|50\/100\n|\n|-weather|Sandstorm|[upkeep]\n|-damage|p2a: Urshifu|44\/100|[from] Sandstorm\n|-heal|p2a: Urshifu|50\/100|[from] Grassy Terrain\n|-heal|p1a: CHALLENGE|94\/100|[from] Grassy Terrain\n|-fieldend|move: Grassy Terrain\n|upkeep\n|turn|20\n|\n|t:|1667572023\n|switch|p1a: AMONG US|Amoonguss, F, shiny|100\/100\n|move|p2a: Urshifu|Surging Strikes|p1a: AMONG US\n|-resisted|p1a: AMONG US\n|-crit|p1a: AMONG US\n|-damage|p1a: AMONG US|92\/100\n|-resisted|p1a: AMONG US\n|-crit|p1a: AMONG US\n|-damage|p1a: AMONG US|85\/100\n|-resisted|p1a: AMONG US\n|-crit|p1a: AMONG US\n|-damage|p1a: AMONG US|77\/100\n|-hitcount|p1a: AMONG US|3\n|\n|-weather|Sandstorm|[upkeep]\n|-damage|p2a: Urshifu|44\/100|[from] Sandstorm\n|-damage|p1a: AMONG US|70\/100|[from] Sandstorm\n|upkeep\n|turn|21\n|\n|t:|1667572031\n|switch|p2a: Zapdos|Zapdos, shiny|88\/100 slp\n|move|p1a: AMONG US|Giga Drain|p2a: Zapdos\n|-resisted|p2a: Zapdos\n|-damage|p2a: Zapdos|78\/100 slp\n|-heal|p1a: AMONG US|75\/100|[from] drain|[of] p2a: Zapdos\n|\n|-weather|Sandstorm|[upkeep]\n|-damage|p2a: Zapdos|72\/100 slp|[from] Sandstorm\n|-damage|p1a: AMONG US|69\/100|[from] Sandstorm\n|upkeep\n|turn|22\n|\n|t:|1667572040\n|switch|p1a: CHALLENGE|Tyranitar, F|94\/100\n|cant|p2a: Zapdos|slp\n|\n|-weather|none\n|upkeep\n|turn|23\n|\n|t:|1667572052\n|switch|p2a: Rillaboom|Rillaboom, M|85\/100\n|-damage|p2a: Rillaboom|73\/100|[from] Stealth Rock\n|-fieldstart|move: Grassy Terrain|[from] ability: Grassy Surge|[of] p2a: Rillaboom\n|move|p1a: CHALLENGE|Stone Edge|p2a: Rillaboom\n|-crit|p2a: Rillaboom\n|-damage|p2a: Rillaboom|0 fnt\n|faint|p2a: Rillaboom\n|\n|-heal|p1a: CHALLENGE|100\/100|[from] Grassy Terrain\n|upkeep\n|\n|t:|1667572054\n|switch|p2a: Urshifu|Urshifu-Rapid-Strike, F|44\/100\n|-damage|p2a: Urshifu|37\/100|[from] Stealth Rock\n|turn|24\n|\n|t:|1667572071\n|switch|p1a: AMONG US|Amoonguss, F, shiny|100\/100\n|move|p2a: Urshifu|Surging Strikes|p1a: AMONG US\n|-resisted|p1a: AMONG US\n|-crit|p1a: AMONG US\n|-damage|p1a: AMONG US|92\/100\n|-resisted|p1a: AMONG US\n|-crit|p1a: AMONG US\n|-damage|p1a: AMONG US|85\/100\n|-resisted|p1a: AMONG US\n|-crit|p1a: AMONG US\n|-damage|p1a: AMONG US|77\/100\n|-hitcount|p1a: AMONG US|3\n|\n|-heal|p2a: Urshifu|44\/100|[from] Grassy Terrain\n|-heal|p1a: AMONG US|83\/100|[from] Grassy Terrain\n|upkeep\n|turn|25\n|\n|t:|1667572078\n|switch|p2a: Zapdos|Zapdos, shiny|72\/100 slp\n|move|p1a: AMONG US|Giga Drain|p2a: Zapdos\n|-resisted|p2a: Zapdos\n|-damage|p2a: Zapdos|57\/100 slp\n|-heal|p1a: AMONG US|90\/100|[from] drain|[of] p2a: Zapdos\n|\n|-heal|p1a: AMONG US|96\/100|[from] Grassy Terrain\n|upkeep\n|turn|26\n|\n|t:|1667572087\n|cant|p2a: Zapdos|slp\n|move|p1a: AMONG US|Spore|p2a: Zapdos\n|-fail|p2a: Zapdos|slp\n|\n|-heal|p1a: AMONG US|100\/100|[from] Grassy Terrain\n|upkeep\n|turn|27\n|\n|t:|1667572093\n|-curestatus|p2a: Zapdos|slp|[msg]\n|move|p2a: Zapdos|Hurricane|p1a: AMONG US|[miss]\n|-miss|p2a: Zapdos|p1a: AMONG US\n|move|p1a: AMONG US|Spore|p2a: Zapdos\n|-status|p2a: Zapdos|slp|[from] move: Spore\n|\n|-fieldend|move: Grassy Terrain\n|upkeep\n|turn|28\n|\n|t:|1667572096\n|switch|p1a: CHALLENGE|Tyranitar, F|100\/100\n|-weather|Sandstorm|[from] ability: Sand Stream|[of] p1a: CHALLENGE\n|cant|p2a: Zapdos|slp\n|\n|-weather|Sandstorm|[upkeep]\n|-damage|p2a: Zapdos|51\/100 slp|[from] Sandstorm\n|upkeep\n|turn|29\n|\n|t:|1667572118\n|switch|p2a: Landorus|Landorus-Therian, M|100\/100\n|-damage|p2a: Landorus|88\/100|[from] Stealth Rock\n|-ability|p2a: Landorus|Intimidate|boost\n|-unboost|p1a: CHALLENGE|atk|1\n|move|p1a: CHALLENGE|Stone Edge|p2a: Landorus\n|-damage|p2a: Landorus|32\/100\n|\n|-weather|Sandstorm|[upkeep]\n|-heal|p2a: Landorus|38\/100|[from] item: Leftovers\n|upkeep\n|turn|30\n|\n|t:|1667572125\n|switch|p1a: AMONG US|Amoonguss, F, shiny|100\/100\n|move|p2a: Landorus|Earthquake|p1a: AMONG US\n|-damage|p1a: AMONG US|61\/100\n|\n|-weather|Sandstorm|[upkeep]\n|-damage|p1a: AMONG US|55\/100|[from] Sandstorm\n|-heal|p2a: Landorus|44\/100|[from] item: Leftovers\n|upkeep\n|turn|31\n|\n|t:|1667572144\n|move|p2a: Landorus|Earthquake|p1a: AMONG US\n|-damage|p1a: AMONG US|19\/100\n|move|p1a: AMONG US|Foul Play|p2a: Landorus\n|-damage|p2a: Landorus|15\/100\n|\n|-weather|Sandstorm|[upkeep]\n|-damage|p1a: AMONG US|13\/100|[from] Sandstorm\n|-heal|p2a: Landorus|21\/100|[from] item: Leftovers\n|upkeep\n|turn|32\n|\n|t:|1667572153\n|switch|p1a: (GONE WRONG)|Clefable, M|59\/100\n|move|p2a: Landorus|Earthquake|p1a: (GONE WRONG)\n|-damage|p1a: (GONE WRONG)|23\/100\n|\n|-weather|none\n|-heal|p2a: Landorus|27\/100|[from] item: Leftovers\n|upkeep\n|turn|33\n|\n|t:|1667572161\n|move|p2a: Landorus|Earthquake|p1a: (GONE WRONG)\n|-damage|p1a: (GONE WRONG)|0 fnt\n|faint|p1a: (GONE WRONG)\n|\n|-heal|p2a: Landorus|33\/100|[from] item: Leftovers\n|upkeep\n|\n|t:|1667572163\n|switch|p1a: 3 AM|Slowbro, F|93\/100 tox\n|turn|34\n|\n|t:|1667572169\n|move|p2a: Landorus|U-turn|p1a: 3 AM\n|-supereffective|p1a: 3 AM\n|-damage|p1a: 3 AM|55\/100 tox\n|\n|t:|1667572173\n|switch|p2a: Zapdos|Zapdos, shiny|51\/100 slp|[from]move: U-turn\n|move|p1a: 3 AM|Trick Room|p1a: 3 AM\n|-fieldstart|move: Trick Room|[of] p1a: 3 AM\n|\n|-damage|p1a: 3 AM|49\/100 tox|[from] psn\n|upkeep\n|turn|35\n|\n|t:|1667572179\n|switch|p1a: (NOT CLICKBAIT)|Pincurchin, F, shiny|100\/100\n|-fieldstart|move: Electric Terrain|[from] ability: Electric Surge|[of] p1a: (NOT CLICKBAIT)\n|cant|p2a: Zapdos|slp\n|\n|upkeep\n|turn|36\n|inactive|reionatro has 120 seconds left.\n|j| wistwind\n|\n|t:|1667572211\n|move|p1a: (NOT CLICKBAIT)|Rising Voltage|p2a: Zapdos\n|-damage|p2a: Zapdos|0 fnt\n|faint|p2a: Zapdos\n|-damage|p1a: (NOT CLICKBAIT)|91\/100|[from] item: Life Orb\n|\n|upkeep\n|inactive|reionatro has 120 seconds left.\n|\n|t:|1667572228\n|switch|p2a: Melmetal|Melmetal, shiny|22\/100\n|-damage|p2a: Melmetal|16\/100|[from] Stealth Rock\n|turn|37\n|\n|t:|1667572231\n|move|p2a: Melmetal|Protect|p2a: Melmetal\n|-singleturn|p2a: Melmetal|Protect\n|move|p1a: (NOT CLICKBAIT)|Hydro Pump|p2a: Melmetal\n|-activate|p2a: Melmetal|move: Protect\n|\n|-heal|p2a: Melmetal|22\/100|[from] item: Leftovers\n|upkeep\n|turn|38\n|inactive|reionatro has 120 seconds left.\n|j| giyukgbuogbougb\n|\n|t:|1667572249\n|move|p2a: Melmetal|Protect|p2a: Melmetal\n|-singleturn|p2a: Melmetal|Protect\n|move|p1a: (NOT CLICKBAIT)|Rising Voltage|p2a: Melmetal\n|-activate|p2a: Melmetal|move: Protect\n|\n|-heal|p2a: Melmetal|28\/100|[from] item: Leftovers\n|-fieldend|move: Trick Room\n|upkeep\n|turn|39\n|inactive|reionatro has 120 seconds left.\n|\n|t:|1667572284\n|move|p2a: Melmetal|Earthquake|p1a: (NOT CLICKBAIT)\n|-supereffective|p1a: (NOT CLICKBAIT)\n|-damage|p1a: (NOT CLICKBAIT)|0 fnt\n|faint|p1a: (NOT CLICKBAIT)\n|\n|-heal|p2a: Melmetal|34\/100|[from] item: Leftovers\n|-fieldend|move: Electric Terrain\n|upkeep\n|\n|t:|1667572286\n|switch|p1a: CHALLENGE|Tyranitar, F|100\/100\n|-weather|Sandstorm|[from] ability: Sand Stream|[of] p1a: CHALLENGE\n|turn|40\n|inactive|reionatro has 120 seconds left.\n|\n|t:|1667572320\n|move|p1a: CHALLENGE|Crunch|p2a: Melmetal\n|-damage|p2a: Melmetal|0 fnt\n|faint|p2a: Melmetal\n|\n|-weather|Sandstorm|[upkeep]\n|upkeep\n|inactive|reionatro has 90 seconds left.\n|inactive|reionatro has 60 seconds left.\n|inactive|reionatro has 30 seconds left.\n|\n|t:|1667572395\n|switch|p2a: Tapu Koko|Tapu Koko|88\/100\n|-damage|p2a: Tapu Koko|76\/100|[from] Stealth Rock\n|-fieldstart|move: Electric Terrain|[from] ability: Electric Surge|[of] p2a: Tapu Koko\n|turn|41\n|\n|t:|1667572399\n|move|p2a: Tapu Koko|Dazzling Gleam|p1a: CHALLENGE\n|-supereffective|p1a: CHALLENGE\n|-damage|p1a: CHALLENGE|33\/100\n|move|p1a: CHALLENGE|Crunch|p2a: Tapu Koko\n|-resisted|p2a: Tapu Koko\n|-damage|p2a: Tapu Koko|23\/100\n|\n|-weather|Sandstorm|[upkeep]\n|-damage|p2a: Tapu Koko|17\/100|[from] Sandstorm\n|upkeep\n|turn|42\n|\n|t:|1667572405\n|move|p2a: Tapu Koko|Dazzling Gleam|p1a: CHALLENGE\n|-supereffective|p1a: CHALLENGE\n|-damage|p1a: CHALLENGE|0 fnt\n|faint|p1a: CHALLENGE\n|\n|-weather|Sandstorm|[upkeep]\n|-damage|p2a: Tapu Koko|11\/100|[from] Sandstorm\n|upkeep\n|\n|t:|1667572413\n|switch|p1a: 3 AM|Slowbro, F|82\/100 tox\n|turn|43\n|\n|t:|1667572428\n|move|p2a: Tapu Koko|Dazzling Gleam|p1a: 3 AM\n|-damage|p1a: 3 AM|47\/100 tox\n|move|p1a: 3 AM|Trick Room|p1a: 3 AM\n|-fieldstart|move: Trick Room|[of] p1a: 3 AM\n|\n|-weather|Sandstorm|[upkeep]\n|-damage|p1a: 3 AM|41\/100 tox|[from] Sandstorm\n|-damage|p2a: Tapu Koko|5\/100|[from] Sandstorm\n|-damage|p1a: 3 AM|35\/100 tox|[from] psn\n|upkeep\n|turn|44\n|\n|t:|1667572442\n|move|p1a: 3 AM|Scald|p2a: Tapu Koko\n|-damage|p2a: Tapu Koko|0 fnt\n|faint|p2a: Tapu Koko\n|\n|-weather|none\n|-damage|p1a: 3 AM|22\/100 tox|[from] psn\n|upkeep\n|\n|t:|1667572452\n|switch|p2a: Urshifu|Urshifu-Rapid-Strike, F|44\/100\n|-damage|p2a: Urshifu|37\/100|[from] Stealth Rock\n|turn|45\n|\n|t:|1667572461\n|move|p2a: Urshifu|Aqua Jet|p1a: 3 AM\n|-resisted|p1a: 3 AM\n|-damage|p1a: 3 AM|14\/100 tox\n|move|p1a: 3 AM|Teleport|p1a: 3 AM\n|\n|t:|1667572464\n|switch|p1a: AMONG US|Amoonguss, F, shiny|46\/100|[from]move: Teleport\n|\n|-fieldend|move: Electric Terrain\n|upkeep\n|turn|46\n|inactive|reionatro has 60 seconds left.\n|j| westcottike\n|inactive|reionatro has 30 seconds left.\n|\n|t:|1667572510\n|move|p2a: Urshifu|Aqua Jet|p1a: AMONG US\n|-resisted|p1a: AMONG US\n|-damage|p1a: AMONG US|38\/100\n|move|p1a: AMONG US|Giga Drain|p2a: Urshifu\n|-supereffective|p2a: Urshifu\n|-damage|p2a: Urshifu|0 fnt\n|-heal|p1a: AMONG US|53\/100|[from] drain|[of] p2a: Urshifu\n|faint|p2a: Urshifu\n|\n|upkeep\n|inactive|reionatro has 30 seconds left this turn.\n|\n|t:|1667572515\n|switch|p2a: Landorus|Landorus-Therian, M|33\/100\n|-damage|p2a: Landorus|20\/100|[from] Stealth Rock\n|-ability|p2a: Landorus|Intimidate|boost\n|-unboost|p1a: AMONG US|atk|1\n|turn|47\n|\n|t:|1667572517\n|move|p1a: AMONG US|Foul Play|p2a: Landorus\n|-damage|p2a: Landorus|0 fnt\n|faint|p2a: Landorus\n|\n|win|Down$hift\n|raw|Down$hift's rating: 1868 &rarr; <strong>1886<\/strong><br \/>(+18 for winning)\n|raw|reionatro's rating: 1837 &rarr; <strong>1819<\/strong><br \/>(-18 for losing)\n|c|\u2606reionatro|gg\n|c|\u2606Down$hift|Gg\n|l| giyukgbuogbougb\n|l|\u2606reionatro\n","uploadtime":1667572527,"views":39,"p1id":"downhift","p2id":"reionatro","formatid":"gen8ou","rating":1819,"private":0,"password":null}