{"id":"gen8ou-1665277333","p1":"RggV_YT","p2":"Fastbreak 3","format":"gen8ou","log":"|j|\u2606RggV_YT\n|j|\u2606Fastbreak 3\n|t:|1663279735\n|gametype|singles\n|player|p1|RggV_YT|scientist-gen4|1787\n|player|p2|Fastbreak 3|hoopster|1750\n|teamsize|p1|6\n|teamsize|p2|6\n|gen|8\n|tier|[Gen 8] OU\n|rated|\n|rule|Sleep Clause Mod: Limit one foe put to sleep\n|rule|Species Clause: Limit one of each Pok\u00e9mon\n|rule|OHKO Clause: OHKO moves are banned\n|rule|Evasion Items Clause: Evasion items are banned\n|rule|Evasion Moves Clause: Evasion moves are banned\n|rule|Endless Battle Clause: Forcing endless battles is banned\n|rule|HP Percentage Mod: HP is shown in percentages\n|rule|Dynamax Clause: You cannot dynamax\n|clearpoke\n|poke|p1|Politoed, M|\n|poke|p1|Heliolisk, M|\n|poke|p1|Kingdra, M|\n|poke|p1|Mudsdale, M|\n|poke|p1|Scizor, F|\n|poke|p1|Victini|\n|poke|p2|Mamoswine, M|\n|poke|p2|Hawlucha, M|\n|poke|p2|Obstagoon, F|\n|poke|p2|Blacephalon|\n|poke|p2|Rillaboom, F|\n|poke|p2|Mew|\n|teampreview\n|inactive|Battle timer is ON: inactive players will automatically lose when time's up. (requested by RggV_YT)\n|\n|t:|1663279740\n|start\n|switch|p1a: Victini|Victini|100\/100\n|switch|p2a: Mew|Mew|100\/100\n|turn|1\n|\n|t:|1663279756\n|move|p2a: Mew|Spikes|p1a: Victini\n|-sidestart|p1: RggV_YT|Spikes\n|move|p1a: Victini|V-create|p2a: Mew\n|-damage|p2a: Mew|0 fnt\n|-unboost|p1a: Victini|spe|1\n|-unboost|p1a: Victini|def|1\n|-unboost|p1a: Victini|spd|1\n|faint|p2a: Mew\n|\n|upkeep\n|\n|t:|1663279775\n|switch|p2a: Obstagoon|Obstagoon, F|100\/100\n|turn|2\n|\n|t:|1663279781\n|switch|p1a: Mudsdale|Mudsdale, M, shiny|100\/100\n|-damage|p1a: Mudsdale|88\/100|[from] Spikes\n|move|p2a: Obstagoon|Knock Off|p1a: Mudsdale\n|-damage|p1a: Mudsdale|66\/100\n|-ability|p1a: Mudsdale|Stamina|boost\n|-boost|p1a: Mudsdale|def|1\n|-enditem|p1a: Mudsdale|Leftovers|[from] move: Knock Off|[of] p2a: Obstagoon\n|\n|upkeep\n|turn|3\n|j| DaniyyelMCMXCVI\n|\n|t:|1663279793\n|move|p2a: Obstagoon|Obstruct|p2a: Obstagoon\n|-singleturn|p2a: Obstagoon|Protect\n|move|p1a: Mudsdale|Earthquake|p2a: Obstagoon\n|-activate|p2a: Obstagoon|move: Protect\n|\n|upkeep\n|turn|4\n|j| Congwuyu\n|\n|t:|1663279800\n|move|p2a: Obstagoon|Parting Shot|p1a: Mudsdale\n|-unboost|p1a: Mudsdale|atk|1\n|-unboost|p1a: Mudsdale|spa|1\n|\n|t:|1663279807\n|switch|p2a: Mamoswine|Mamoswine, M|100\/100|[from]move: Parting Shot\n|move|p1a: Mudsdale|Body Press|p2a: Mamoswine\n|-supereffective|p2a: Mamoswine\n|-damage|p2a: Mamoswine|21\/100\n|\n|upkeep\n|turn|5\n|l| DaniyyelMCMXCVI\n|\n|t:|1663279821\n|move|p2a: Mamoswine|Icicle Crash|p1a: Mudsdale|[miss]\n|-miss|p2a: Mamoswine|p1a: Mudsdale\n|move|p1a: Mudsdale|Stealth Rock|p2a: Mamoswine\n|-sidestart|p2: Fastbreak 3|move: Stealth Rock\n|\n|upkeep\n|turn|6\n|\n|t:|1663279826\n|switch|p1a: Scizor|Scizor, F|100\/100\n|-damage|p1a: Scizor|88\/100|[from] Spikes\n|move|p2a: Mamoswine|Icicle Crash|p1a: Scizor\n|-resisted|p1a: Scizor\n|-damage|p1a: Scizor|62\/100\n|\n|-heal|p1a: Scizor|68\/100|[from] item: Leftovers\n|upkeep\n|turn|7\n|\n|t:|1663279837\n|move|p1a: Scizor|Bullet Punch|p2a: Mamoswine\n|-supereffective|p2a: Mamoswine\n|-damage|p2a: Mamoswine|0 fnt\n|faint|p2a: Mamoswine\n|\n|-heal|p1a: Scizor|75\/100|[from] item: Leftovers\n|upkeep\n|\n|t:|1663279850\n|switch|p2a: Obstagoon|Obstagoon, F|100\/100\n|-damage|p2a: Obstagoon|88\/100|[from] Stealth Rock\n|turn|8\n|j| ldelfi29\n|\n|t:|1663279855\n|switch|p1a: Mudsdale|Mudsdale, M, shiny|66\/100\n|-damage|p1a: Mudsdale|53\/100|[from] Spikes\n|move|p2a: Obstagoon|Parting Shot|p1a: Mudsdale\n|-unboost|p1a: Mudsdale|atk|1\n|-unboost|p1a: Mudsdale|spa|1\n|\n|t:|1663279863\n|switch|p2a: Blacephalon|Blacephalon, shiny|100\/100|[from]move: Parting Shot\n|-damage|p2a: Blacephalon|76\/100|[from] Stealth Rock\n|\n|upkeep\n|turn|9\n|\n|t:|1663279869\n|switch|p1a: Politoed|Politoed, M|100\/100\n|-damage|p1a: Politoed|88\/100|[from] Spikes\n|-weather|RainDance|[from] ability: Drizzle|[of] p1a: Politoed\n|move|p2a: Blacephalon|Mind Blown|p1a: Politoed\n|-resisted|p1a: Politoed\n|-damage|p1a: Politoed|60\/100\n|-damage|p2a: Blacephalon|26\/100|[from] mindblown\n|\n|-weather|RainDance|[upkeep]\n|upkeep\n|turn|10\n|j| Jongruenwald\n|j| Toxic Facade\n|\n|t:|1663279880\n|move|p2a: Blacephalon|Mind Blown|p1a: Politoed\n|-resisted|p1a: Politoed\n|-damage|p1a: Politoed|31\/100\n|-damage|p2a: Blacephalon|0 fnt|[from] mindblown\n|faint|p2a: Blacephalon\n|move|p1a: Politoed|Scald|p2: Blacephalon|[notarget]\n|-fail|p1a: Politoed\n|\n|-weather|RainDance|[upkeep]\n|upkeep\n|\n|t:|1663279901\n|switch|p2a: Rillaboom|Rillaboom, F|100\/100\n|-damage|p2a: Rillaboom|88\/100|[from] Stealth Rock\n|-fieldstart|move: Grassy Terrain|[from] ability: Grassy Surge|[of] p2a: Rillaboom\n|turn|11\n|\n|t:|1663279906\n|move|p2a: Rillaboom|U-turn|p1a: Politoed\n|-damage|p1a: Politoed|5\/100\n|-damage|p2a: Rillaboom|78\/100|[from] item: Life Orb\n|\n|t:|1663279915\n|switch|p2a: Obstagoon|Obstagoon, F|88\/100|[from]move: U-turn\n|-damage|p2a: Obstagoon|76\/100|[from] Stealth Rock\n|move|p1a: Politoed|Encore||[still]\n|-fail|p1a: Politoed\n|\n|-weather|RainDance|[upkeep]\n|-heal|p2a: Obstagoon|82\/100|[from] Grassy Terrain\n|-heal|p2a: Obstagoon|88\/100|[from] item: Leftovers\n|-heal|p1a: Politoed|11\/100|[from] Grassy Terrain\n|upkeep\n|turn|12\n|\n|t:|1663279929\n|move|p2a: Obstagoon|Knock Off|p1a: Politoed\n|-damage|p1a: Politoed|0 fnt\n|-enditem|p1a: Politoed|Damp Rock|[from] move: Knock Off|[of] p2a: Obstagoon\n|faint|p1a: Politoed\n|\n|-weather|RainDance|[upkeep]\n|-heal|p2a: Obstagoon|94\/100|[from] Grassy Terrain\n|-heal|p2a: Obstagoon|100\/100|[from] item: Leftovers\n|upkeep\n|\n|t:|1663279931\n|switch|p1a: Kingdra|Kingdra, M|100\/100\n|-damage|p1a: Kingdra|88\/100|[from] Spikes\n|turn|13\n|\n|t:|1663279948\n|move|p1a: Kingdra|Draco Meteor|p2a: Obstagoon\n|-damage|p2a: Obstagoon|14\/100\n|-unboost|p1a: Kingdra|spa|2\n|move|p2a: Obstagoon|Parting Shot|p1a: Kingdra\n|-unboost|p1a: Kingdra|atk|1\n|-unboost|p1a: Kingdra|spa|1\n|\n|t:|1663279956\n|switch|p2a: Hawlucha|Hawlucha, M, shiny|100\/100|[from]move: Parting Shot\n|-damage|p2a: Hawlucha|88\/100|[from] Stealth Rock\n|-enditem|p2a: Hawlucha|Grassy Seed\n|-boost|p2a: Hawlucha|def|1|[from] item: Grassy Seed\n|\n|-weather|RainDance|[upkeep]\n|-heal|p1a: Kingdra|94\/100|[from] Grassy Terrain\n|upkeep\n|turn|14\n|\n|t:|1663279963\n|move|p2a: Hawlucha|Swords Dance|p2a: Hawlucha\n|-boost|p2a: Hawlucha|atk|2\n|move|p1a: Kingdra|Draco Meteor|p2a: Hawlucha\n|-damage|p2a: Hawlucha|35\/100\n|-unboost|p1a: Kingdra|spa|2\n|\n|-weather|RainDance|[upkeep]\n|-heal|p1a: Kingdra|100\/100|[from] Grassy Terrain\n|upkeep\n|turn|15\n|\n|t:|1663279984\n|move|p2a: Hawlucha|Acrobatics|p1a: Kingdra\n|-damage|p1a: Kingdra|0 fnt\n|faint|p1a: Kingdra\n|\n|-weather|RainDance|[upkeep]\n|-fieldend|move: Grassy Terrain\n|upkeep\n|\n|t:|1663279987\n|switch|p1a: Heliolisk|Heliolisk, M|100\/100\n|-damage|p1a: Heliolisk|88\/100|[from] Spikes\n|turn|16\n|inactive|Fastbreak 3 has 120 seconds left.\n|\n|t:|1663280009\n|move|p2a: Hawlucha|Acrobatics|p1a: Heliolisk\n|-resisted|p1a: Heliolisk\n|-damage|p1a: Heliolisk|0 fnt\n|faint|p1a: Heliolisk\n|\n|-weather|none\n|upkeep\n|\n|t:|1663280015\n|switch|p1a: Mudsdale|Mudsdale, M, shiny|53\/100\n|-damage|p1a: Mudsdale|41\/100|[from] Spikes\n|turn|17\n|inactive|Fastbreak 3 has 120 seconds left.\n|\n|t:|1663280032\n|move|p2a: Hawlucha|Acrobatics|p1a: Mudsdale\n|-damage|p1a: Mudsdale|0 fnt\n|faint|p1a: Mudsdale\n|\n|upkeep\n|\n|t:|1663280034\n|switch|p1a: Scizor|Scizor, F|75\/100\n|-damage|p1a: Scizor|62\/100|[from] Spikes\n|turn|18\n|inactive|Fastbreak 3 has 120 seconds left.\n|\n|t:|1663280053\n|move|p1a: Scizor|Bullet Punch|p2a: Hawlucha\n|-damage|p2a: Hawlucha|1\/100\n|move|p2a: Hawlucha|Acrobatics|p1a: Scizor\n|-damage|p1a: Scizor|0 fnt\n|faint|p1a: Scizor\n|\n|upkeep\n|c|\u2606RggV_YT|Gg\n|-message|RggV_YT forfeited.\n|\n|win|Fastbreak 3\n|raw|RggV_YT's rating: 1787 &rarr; <strong>1765<\/strong><br \/>(-22 for losing)\n|raw|Fastbreak 3's rating: 1750 &rarr; <strong>1772<\/strong><br \/>(+22 for winning)\n|l|\u2606RggV_YT\n|l| Jongruenwald\n|l| Toxic Facade\n","uploadtime":1663280065,"views":41,"p1id":"rggvyt","p2id":"fastbreak3","formatid":"gen8ou","rating":1765,"private":0,"password":null}