{"id":"gen8sketchmons-1425472958","p1":"zokua","p2":"xasahbae","format":"gen8sketchmons","log":"|j|\u2606zokua\n|j|\u2606xasahbae\n|inactive|Battle timer is ON: inactive players will automatically lose when time's up.\n|t:|1632844355\n|gametype|singles\n|player|p1|zokua|volkner|\n|player|p2|xasahbae|lass-gen4dp|\n|teamsize|p1|6\n|teamsize|p2|6\n|gen|8\n|tier|[Gen 8] Sketchmons\n|rated|Tournament battle\n|rule|Sleep Clause Mod: Limit one foe put to sleep\n|rule|Species Clause: Limit one of each Pok\u00e9mon\n|rule|OHKO Clause: OHKO moves are banned\n|rule|Evasion Moves Clause: Evasion moves are banned\n|rule|Endless Battle Clause: Forcing endless battles is banned\n|rule|HP Percentage Mod: HP is shown in percentages\n|rule|Dynamax Clause: You cannot dynamax\n|clearpoke\n|poke|p1|Chansey, F|\n|poke|p1|Suicune|\n|poke|p1|Buzzwole|\n|poke|p1|Melmetal|\n|poke|p1|Quagsire, M|\n|poke|p1|Nihilego|\n|poke|p2|Landorus-Therian, M|\n|poke|p2|Tapu Fini|\n|poke|p2|Chansey, F|\n|poke|p2|Aegislash, F|\n|poke|p2|Magnezone|\n|poke|p2|Keldeo-Resolute|\n|teampreview\n|j|*Lady Monita\n|inactive|zokua also wants the timer to be on.\n|inactive|xasahbae has 120 seconds left.\n|\n|t:|1632844387\n|start\n|switch|p1a: Melmetal|Melmetal|100\/100\n|switch|p2a: Magnezone|Magnezone|100\/100\n|turn|1\n|inactive|zokua has 120 seconds left.\n|inactive|xasahbae has 120 seconds left.\n|\n|t:|1632844428\n|move|p2a: Magnezone|Volt Switch|p1a: Melmetal\n|-damage|p1a: Melmetal|61\/100\n|\n|t:|1632844439\n|switch|p2a: Aegislash|Aegislash, F|100\/100|[from]move: Volt Switch\n|move|p1a: Melmetal|Body Press|p2a: Aegislash\n|-immune|p2a: Aegislash\n|\n|upkeep\n|turn|2\n|\n|t:|1632844450\n|switch|p1a: Buzzwole|Buzzwole|100\/100\n|-formechange|p2a: Aegislash|Aegislash-Blade||[from] ability: Stance Change\n|move|p2a: Aegislash|Spectral Thief|p1a: Buzzwole\n|-damage|p1a: Buzzwole|77\/100\n|-damage|p2a: Aegislash|84\/100|[from] item: Rocky Helmet|[of] p1a: Buzzwole\n|\n|-heal|p2a: Aegislash|90\/100|[from] item: Leftovers\n|upkeep\n|turn|3\n|j| tyrocks131\n|\n|t:|1632844458\n|switch|p2a: Tapu Fini|Tapu Fini|100\/100\n|-fieldstart|move: Misty Terrain|[from] ability: Misty Surge|[of] p2a: Tapu Fini\n|move|p1a: Buzzwole|Roost|p1a: Buzzwole\n|-heal|p1a: Buzzwole|100\/100\n|-singleturn|p1a: Buzzwole|move: Roost\n|\n|upkeep\n|turn|4\n|inactive|xasahbae has 120 seconds left.\n|\n|t:|1632844467\n|switch|p2a: Landorus|Landorus-Therian, M|100\/100\n|-ability|p2a: Landorus|Intimidate|boost\n|-unboost|p1a: Buzzwole|atk|1\n|switch|p1a: Chansey|Chansey, F|100\/100\n|\n|upkeep\n|turn|5\n|\n|t:|1632844471\n|switch|p1a: Buzzwole|Buzzwole|100\/100\n|move|p2a: Landorus|Knock Off|p1a: Buzzwole\n|-resisted|p1a: Buzzwole\n|-damage|p1a: Buzzwole|92\/100\n|-damage|p2a: Landorus|84\/100|[from] item: Rocky Helmet|[of] p1a: Buzzwole\n|-enditem|p1a: Buzzwole|Rocky Helmet|[from] move: Knock Off|[of] p2a: Landorus\n|\n|upkeep\n|turn|6\n|j| J.P.G1337\n|\n|t:|1632844478\n|move|p2a: Landorus|Knock Off|p1a: Buzzwole\n|-resisted|p1a: Buzzwole\n|-damage|p1a: Buzzwole|86\/100\n|move|p1a: Buzzwole|Toxic|p2a: Landorus\n|-status|p2a: Landorus|tox\n|\n|-damage|p2a: Landorus|78\/100 tox|[from] psn\n|upkeep\n|turn|7\n|\n|t:|1632844487\n|switch|p2a: Aegislash|Aegislash, F|90\/100\n|move|p1a: Buzzwole|Darkest Lariat|p2a: Aegislash\n|-supereffective|p2a: Aegislash\n|-damage|p2a: Aegislash|47\/100\n|\n|-heal|p2a: Aegislash|53\/100|[from] item: Leftovers\n|-fieldend|Misty Terrain\n|upkeep\n|turn|8\n|j| Drtroolboot5\n|inactive|zokua has 120 seconds left.\n|\n|t:|1632844525\n|move|p2a: Aegislash|King's Shield|p2a: Aegislash\n|-singleturn|p2a: Aegislash|Protect\n|move|p1a: Buzzwole|Darkest Lariat|p2a: Aegislash\n|-activate|p2a: Aegislash|move: Protect\n|-unboost|p1a: Buzzwole|atk|1\n|\n|-heal|p2a: Aegislash|59\/100|[from] item: Leftovers\n|upkeep\n|turn|9\n|\n|t:|1632844531\n|switch|p2a: Tapu Fini|Tapu Fini|100\/100\n|-fieldstart|move: Misty Terrain|[from] ability: Misty Surge|[of] p2a: Tapu Fini\n|move|p1a: Buzzwole|Darkest Lariat|p2a: Tapu Fini\n|-resisted|p2a: Tapu Fini\n|-damage|p2a: Tapu Fini|95\/100\n|-damage|p1a: Buzzwole|70\/100|[from] item: Rocky Helmet|[of] p2a: Tapu Fini\n|\n|upkeep\n|turn|10\n|\n|t:|1632844543\n|switch|p2a: Aegislash|Aegislash, F|59\/100\n|switch|p1a: Quagsire|Quagsire, M|100\/100\n|\n|-heal|p2a: Aegislash|65\/100|[from] item: Leftovers\n|upkeep\n|turn|11\n|\n|t:|1632844549\n|move|p2a: Aegislash|King's Shield|p2a: Aegislash\n|-singleturn|p2a: Aegislash|Protect\n|move|p1a: Quagsire|Stealth Rock|p2a: Aegislash\n|-sidestart|p2: xasahbae|move: Stealth Rock\n|\n|-heal|p2a: Aegislash|71\/100|[from] item: Leftovers\n|upkeep\n|turn|12\n|\n|t:|1632844554\n|switch|p2a: Chansey|Chansey, F|100\/100\n|-damage|p2a: Chansey|88\/100|[from] Stealth Rock\n|move|p1a: Quagsire|Scald|p2a: Chansey\n|-damage|p2a: Chansey|82\/100\n|\n|upkeep\n|turn|13\n|j| Reds Boy\n|inactive|zokua has 120 seconds left.\n|\n|t:|1632844601\n|switch|p1a: Buzzwole|Buzzwole|70\/100\n|move|p2a: Chansey|Stealth Rock|p1a: Buzzwole\n|-sidestart|p1: zokua|move: Stealth Rock\n|\n|-fieldend|Misty Terrain\n|upkeep\n|turn|14\n|\n|t:|1632844607\n|switch|p2a: Tapu Fini|Tapu Fini|95\/100\n|-damage|p2a: Tapu Fini|83\/100|[from] Stealth Rock\n|-fieldstart|move: Misty Terrain|[from] ability: Misty Surge|[of] p2a: Tapu Fini\n|move|p1a: Buzzwole|Rapid Spin|p2a: Tapu Fini\n|-damage|p2a: Tapu Fini|73\/100\n|-boost|p1a: Buzzwole|spe|1\n|-damage|p1a: Buzzwole|53\/100|[from] item: Rocky Helmet|[of] p2a: Tapu Fini\n|-sideend|p1: zokua|Stealth Rock|[from] move: Rapid Spin|[of] p1a: Buzzwole\n|\n|upkeep\n|turn|15\n|inactive|zokua has 120 seconds left.\n|l| Reds Boy\n|\n|t:|1632844618\n|switch|p1a: Suicune|Suicune|100\/100\n|-ability|p1a: Suicune|Pressure\n|move|p2a: Tapu Fini|Moonblast|p1a: Suicune\n|-damage|p1a: Suicune|76\/100\n|\n|-heal|p1a: Suicune|82\/100|[from] item: Leftovers\n|upkeep\n|turn|16\n|\n|t:|1632844625\n|move|p2a: Tapu Fini|Defog|p1a: Suicune\n|-unboost|p1a: Suicune|evasion|1\n|-sideend|p2: xasahbae|Stealth Rock|[from] move: Defog|[of] p2a: Tapu Fini\n|-fieldend|Misty Terrain\n|move|p1a: Suicune|Calm Mind|p1a: Suicune\n|-boost|p1a: Suicune|spa|1\n|-boost|p1a: Suicune|spd|1\n|\n|-heal|p1a: Suicune|88\/100|[from] item: Leftovers\n|upkeep\n|turn|17\n|inactive|zokua has 120 seconds left.\n|\n|t:|1632844658\n|switch|p2a: Chansey|Chansey, F|82\/100\n|move|p1a: Suicune|Calm Mind|p1a: Suicune\n|-boost|p1a: Suicune|spa|1\n|-boost|p1a: Suicune|spd|1\n|\n|-heal|p1a: Suicune|95\/100|[from] item: Leftovers\n|upkeep\n|turn|18\n|\n|t:|1632844662\n|move|p1a: Suicune|Calm Mind|p1a: Suicune\n|-boost|p1a: Suicune|spa|1\n|-boost|p1a: Suicune|spd|1\n|move|p2a: Chansey|Teleport|p2a: Chansey\n|\n|t:|1632844669\n|switch|p2a: Tapu Fini|Tapu Fini|73\/100|[from]move: Teleport\n|-fieldstart|move: Misty Terrain|[from] ability: Misty Surge|[of] p2a: Tapu Fini\n|\n|-heal|p1a: Suicune|100\/100|[from] item: Leftovers\n|upkeep\n|turn|19\n|c|\u2606zokua|thanks for the free turn\n|\n|t:|1632844676\n|switch|p2a: Chansey|Chansey, F|82\/100\n|move|p1a: Suicune|Calm Mind|p1a: Suicune\n|-boost|p1a: Suicune|spa|1\n|-boost|p1a: Suicune|spd|1\n|\n|upkeep\n|turn|20\n|\n|t:|1632844679\n|move|p1a: Suicune|Scald|p2a: Chansey\n|-damage|p2a: Chansey|60\/100\n|move|p2a: Chansey|Toxic|p1a: Suicune\n|-activate|p1a: Suicune|move: Misty Terrain\n|\n|upkeep\n|turn|21\n|\n|t:|1632844683\n|move|p1a: Suicune|Calm Mind|p1a: Suicune\n|-boost|p1a: Suicune|spa|1\n|-boost|p1a: Suicune|spd|1\n|move|p2a: Chansey|Soft-Boiled|p2a: Chansey\n|-heal|p2a: Chansey|100\/100\n|\n|upkeep\n|turn|22\n|\n|t:|1632844685\n|move|p1a: Suicune|Calm Mind|p1a: Suicune\n|-boost|p1a: Suicune|spa|1\n|-boost|p1a: Suicune|spd|1\n|move|p2a: Chansey|Stealth Rock|p1a: Suicune\n|-sidestart|p1: zokua|move: Stealth Rock\n|\n|-fieldend|Misty Terrain\n|upkeep\n|turn|23\n|\n|t:|1632844690\n|move|p1a: Suicune|Scald|p2a: Chansey\n|-damage|p2a: Chansey|72\/100\n|-status|p2a: Chansey|brn\n|move|p2a: Chansey|Toxic|p1a: Suicune\n|-status|p1a: Suicune|tox\n|\n|-damage|p1a: Suicune|94\/100 tox|[from] psn\n|-damage|p2a: Chansey|66\/100 brn|[from] brn\n|upkeep\n|turn|24\n|\n|t:|1632844696\n|move|p1a: Suicune|Scald|p2a: Chansey\n|-crit|p2a: Chansey\n|-damage|p2a: Chansey|17\/100 brn\n|move|p2a: Chansey|Teleport|p2a: Chansey\n|\n|t:|1632844703\n|switch|p2a: Aegislash|Aegislash, F|71\/100|[from]move: Teleport\n|\n|-heal|p1a: Suicune|100\/100 tox|[from] item: Leftovers\n|-heal|p2a: Aegislash|78\/100|[from] item: Leftovers\n|-damage|p1a: Suicune|88\/100 tox|[from] psn\n|upkeep\n|turn|25\n|\n|t:|1632844707\n|move|p2a: Aegislash|King's Shield|p2a: Aegislash\n|-singleturn|p2a: Aegislash|Protect\n|move|p1a: Suicune|Milk Drink|p1a: Suicune\n|-heal|p1a: Suicune|100\/100 tox\n|\n|-heal|p2a: Aegislash|84\/100|[from] item: Leftovers\n|-damage|p1a: Suicune|82\/100 tox|[from] psn\n|upkeep\n|turn|26\n|\n|t:|1632844715\n|switch|p2a: Chansey|Chansey, F|17\/100\n|move|p1a: Suicune|Scald|p2a: Chansey\n|-damage|p2a: Chansey|0 fnt\n|faint|p2a: Chansey\n|\n|-heal|p1a: Suicune|88\/100 tox|[from] item: Leftovers\n|-damage|p1a: Suicune|63\/100 tox|[from] psn\n|upkeep\n|\n|t:|1632844717\n|switch|p2a: Aegislash|Aegislash, F|84\/100\n|turn|27\n|\n|t:|1632844720\n|move|p1a: Suicune|Milk Drink|p1a: Suicune\n|-heal|p1a: Suicune|100\/100 tox\n|-formechange|p2a: Aegislash|Aegislash-Blade||[from] ability: Stance Change\n|move|p2a: Aegislash|Spectral Thief||[still]\n|-clearpositiveboost|p1a: Suicune|p2a: Aegislash|move: Spectral Thief\n|-boost|p2a: Aegislash|spa|6\n|-boost|p2a: Aegislash|spd|6\n|-anim|p2a: Aegislash|Spectral Thief|p1a: Suicune\n|-damage|p1a: Suicune|69\/100 tox\n|\n|-heal|p1a: Suicune|75\/100 tox|[from] item: Leftovers\n|-heal|p2a: Aegislash|90\/100|[from] item: Leftovers\n|-damage|p1a: Suicune|45\/100 tox|[from] psn\n|upkeep\n|turn|28\n|\n|t:|1632844730\n|move|p2a: Aegislash|Spectral Thief|p1a: Suicune\n|-damage|p1a: Suicune|16\/100 tox\n|move|p1a: Suicune|Roar|p2a: Aegislash\n|drag|p2a: Tapu Fini|Tapu Fini|73\/100\n|-fieldstart|move: Misty Terrain|[from] ability: Misty Surge|[of] p2a: Tapu Fini\n|\n|-heal|p1a: Suicune|22\/100 tox|[from] item: Leftovers\n|-damage|p1a: Suicune|0 fnt|[from] psn\n|faint|p1a: Suicune\n|upkeep\n|\n|t:|1632844747\n|switch|p1a: Chansey|Chansey, F|100\/100\n|-damage|p1a: Chansey|88\/100|[from] Stealth Rock\n|turn|29\n|\n|t:|1632844759\n|switch|p2a: Aegislash|Aegislash, F|90\/100\n|move|p1a: Chansey|Seismic Toss|p2a: Aegislash\n|-immune|p2a: Aegislash\n|\n|-heal|p2a: Aegislash|96\/100|[from] item: Leftovers\n|upkeep\n|turn|30\n|\n|t:|1632844771\n|switch|p1a: Nihilego|Nihilego|100\/100\n|-damage|p1a: Nihilego|88\/100|[from] Stealth Rock\n|-formechange|p2a: Aegislash|Aegislash-Blade||[from] ability: Stance Change\n|move|p2a: Aegislash|Spectral Thief|p1a: Nihilego\n|-damage|p1a: Nihilego|4\/100\n|\n|-heal|p1a: Nihilego|10\/100|[from] item: Black Sludge\n|-heal|p2a: Aegislash|100\/100|[from] item: Leftovers\n|upkeep\n|turn|31\n|\n|t:|1632844781\n|switch|p1a: Chansey|Chansey, F|88\/100\n|-damage|p1a: Chansey|75\/100|[from] Stealth Rock\n|move|p2a: Aegislash|Shadow Sneak|p1a: Chansey\n|-immune|p1a: Chansey\n|\n|upkeep\n|turn|32\n|\n|t:|1632844787\n|switch|p1a: Buzzwole|Buzzwole|53\/100\n|-damage|p1a: Buzzwole|41\/100|[from] Stealth Rock\n|move|p2a: Aegislash|Iron Head|p1a: Buzzwole\n|-damage|p1a: Buzzwole|18\/100\n|\n|-fieldend|Misty Terrain\n|upkeep\n|turn|33\n|\n|t:|1632844792\n|move|p2a: Aegislash|Shadow Sneak|p1a: Buzzwole\n|-damage|p1a: Buzzwole|6\/100\n|move|p1a: Buzzwole|Roost|p1a: Buzzwole\n|-heal|p1a: Buzzwole|56\/100\n|-singleturn|p1a: Buzzwole|move: Roost\n|\n|upkeep\n|turn|34\n|\n|t:|1632844798\n|switch|p2a: Magnezone|Magnezone|100\/100\n|move|p1a: Buzzwole|Roost|p1a: Buzzwole\n|-heal|p1a: Buzzwole|100\/100\n|-singleturn|p1a: Buzzwole|move: Roost\n|\n|upkeep\n|turn|35\n|\n|t:|1632844802\n|move|p1a: Buzzwole|Rapid Spin|p2a: Magnezone\n|-resisted|p2a: Magnezone\n|-damage|p2a: Magnezone|93\/100\n|-boost|p1a: Buzzwole|spe|1\n|-sideend|p1: zokua|Stealth Rock|[from] move: Rapid Spin|[of] p1a: Buzzwole\n|move|p2a: Magnezone|Searing Shot|p1a: Buzzwole\n|-supereffective|p1a: Buzzwole\n|-crit|p1a: Buzzwole\n|-damage|p1a: Buzzwole|0 fnt\n|faint|p1a: Buzzwole\n|\n|upkeep\n|-message|zokua forfeited.\n|\n|win|xasahbae\n|n|\u2606zokua|zokua\n|n|\u2606xasahbae|xasahbae\n|n|*Lady Monita|ladymonita\n|n| tyrocks131|tyrocks131\n|n| J.P.G1337|jpg1337\n|n| Drtroolboot5|drtroolboot5\n|l|*Lady Monita\n|l|\u2606zokua\n|c|\u2606xasahbae|gg\n|l| J.P.G1337\n","uploadtime":1632844821,"views":5,"p1id":"zokua","p2id":"xasahbae","formatid":"gen8sketchmons","rating":0,"private":0,"password":null}