{"id":"gen8ou-1209222009","p1":"TryHonesty","p2":"Gtactics Slaking","format":"gen8ou","log":"|j|\u2606TryHonesty\n|j|\u2606Gtactics Slaking\n|t:|1603635965\n|player|p1|TryHonesty|265|1530\n|player|p2|Gtactics Slaking|blue-gen1rb|1514\n|teamsize|p1|6\n|teamsize|p2|6\n|gametype|singles\n|gen|8\n|tier|[Gen 8] OU\n|rated|\n|clearpoke\n|poke|p1|Kartana|\n|poke|p1|Crawdaunt, F|\n|poke|p1|Dragapult, M|\n|poke|p1|Mamoswine, M|\n|poke|p1|Aegislash, F|\n|poke|p1|Kyurem-Black|\n|poke|p2|Regieleki|\n|poke|p2|Tapu Koko|\n|poke|p2|Nidoking, M|\n|poke|p2|Genesect|\n|poke|p2|Landorus, M|\n|poke|p2|Ditto|\n|rule|Sleep Clause Mod: Limit one foe put to sleep\n|rule|Species Clause: Limit one of each Pok\u00e9mon\n|rule|OHKO Clause: OHKO moves are banned\n|rule|Evasion Moves Clause: Evasion moves are banned\n|rule|Endless Battle Clause: Forcing endless battles is banned\n|rule|HP Percentage Mod: HP is shown in percentages\n|rule|Dynamax Clause: You cannot dynamax\n|teampreview\n|inactive|Battle timer is ON: inactive players will automatically lose when time's up. (requested by TryHonesty)\n|\n|t:|1603635973\n|start\n|switch|p1a: Mamoswine|Mamoswine, M|100\/100\n|switch|p2a: Nidoking|Nidoking, M|100\/100\n|turn|1\n|\n|t:|1603635981\n|move|p2a: Nidoking|Earth Power|p1a: Mamoswine\n|-crit|p1a: Mamoswine\n|-damage|p1a: Mamoswine|0 fnt\n|faint|p1a: Mamoswine\n|\n|upkeep\n|\n|t:|1603635989\n|switch|p1a: Kartana|Kartana|100\/100\n|turn|2\n|\n|t:|1603635993\n|move|p1a: Kartana|Knock Off|p2a: Nidoking\n|-damage|p2a: Nidoking|40\/100\n|-enditem|p2a: Nidoking|Focus Sash|[from] move: Knock Off|[of] p1a: Kartana\n|move|p2a: Nidoking|Earth Power|p1a: Kartana\n|-damage|p1a: Kartana|0 fnt\n|faint|p1a: Kartana\n|\n|upkeep\n|\n|t:|1603636004\n|switch|p1a: Crawdaunt|Crawdaunt, F|100\/100\n|turn|3\n|\n|t:|1603636013\n|move|p1a: Crawdaunt|Aqua Jet|p2a: Nidoking\n|-supereffective|p2a: Nidoking\n|-damage|p2a: Nidoking|0 fnt\n|-damage|p1a: Crawdaunt|91\/100|[from] item: Life Orb\n|faint|p2a: Nidoking\n|\n|upkeep\n|\n|t:|1603636026\n|switch|p2a: Tapu Koko|Tapu Koko|100\/100\n|-fieldstart|move: Electric Terrain|[from] ability: Electric Surge|[of] p2a: Tapu Koko\n|turn|4\n|\n|t:|1603636036\n|move|p1a: Crawdaunt|Aqua Jet|p2a: Tapu Koko\n|-damage|p2a: Tapu Koko|48\/100\n|-damage|p1a: Crawdaunt|81\/100|[from] item: Life Orb\n|move|p2a: Tapu Koko|Thunderbolt|p1a: Crawdaunt\n|-supereffective|p1a: Crawdaunt\n|-damage|p1a: Crawdaunt|0 fnt\n|-damage|p2a: Tapu Koko|38\/100|[from] item: Life Orb\n|faint|p1a: Crawdaunt\n|\n|upkeep\n|\n|t:|1603636049\n|switch|p1a: Kyurem|Kyurem-Black|100\/100\n|-ability|p1a: Kyurem|Teravolt\n|turn|5\n|\n|t:|1603636055\n|move|p2a: Tapu Koko|Dazzling Gleam|p1a: Kyurem\n|-supereffective|p1a: Kyurem\n|-damage|p1a: Kyurem|12\/100\n|-damage|p2a: Tapu Koko|28\/100|[from] item: Life Orb\n|move|p1a: Kyurem|Dragon Dance|p1a: Kyurem\n|-boost|p1a: Kyurem|atk|1\n|-boost|p1a: Kyurem|spe|1\n|\n|upkeep\n|turn|6\n|\n|t:|1603636062\n|move|p1a: Kyurem|Icicle Spear|p2a: Tapu Koko\n|-damage|p2a: Tapu Koko|0 fnt\n|-hitcount|p2a: Tapu Koko|1\n|-damage|p1a: Kyurem|2\/100|[from] item: Life Orb\n|faint|p2a: Tapu Koko\n|\n|upkeep\n|\n|t:|1603636076\n|switch|p2a: Regieleki|Regieleki|100\/100\n|turn|7\n|\n|t:|1603636079\n|move|p2a: Regieleki|Rising Voltage|p1a: Kyurem\n|-resisted|p1a: Kyurem\n|-damage|p1a: Kyurem|0 fnt\n|faint|p1a: Kyurem\n|\n|upkeep\n|\n|t:|1603636083\n|switch|p1a: Dragapult|Dragapult, M|100\/100\n|turn|8\n|\n|t:|1603636091\n|move|p2a: Regieleki|Rising Voltage|p1a: Dragapult\n|-resisted|p1a: Dragapult\n|-damage|p1a: Dragapult|0 fnt\n|faint|p1a: Dragapult\n|\n|-fieldend|move: Electric Terrain\n|upkeep\n|-message|TryHonesty forfeited.\n|\n|win|Gtactics Slaking\n|l|\u2606TryHonesty\n|raw|TryHonesty's rating: 1530 &rarr; <strong>1509<\/strong><br \/>(-21 for losing)\n|raw|Gtactics Slaking's rating: 1514 &rarr; <strong>1535<\/strong><br \/>(+21 for winning)\n","uploadtime":1603636109,"views":7,"p1id":"tryhonesty","p2id":"gtacticsslaking","formatid":"gen8ou","rating":1509,"private":0,"password":null}