{"id":"gen8nu-1672070027","p1":"MurderousMantyke","p2":"Ho3nConfirm3d","format":"gen8nu","log":"|j|\u2606MurderousMantyke\n|j|\u2606Ho3nConfirm3d\n|t:|1664325080\n|gametype|singles\n|player|p1|MurderousMantyke|#helpstaffxmas|\n|player|p2|Ho3nConfirm3d|#scl2foxes|\n|teamsize|p1|6\n|teamsize|p2|6\n|gen|8\n|tier|[Gen 8] NU\n|rated|Tournament battle\n|rule|Sleep Clause Mod: Limit one foe put to sleep\n|rule|Species Clause: Limit one of each Pok\u00e9mon\n|rule|OHKO Clause: OHKO moves are banned\n|rule|Evasion Items Clause: Evasion items are banned\n|rule|Evasion Moves Clause: Evasion moves are banned\n|rule|Endless Battle Clause: Forcing endless battles is banned\n|rule|HP Percentage Mod: HP is shown in percentages\n|rule|Dynamax Clause: You cannot dynamax\n|clearpoke\n|poke|p1|Salazzle, F|\n|poke|p1|Exeggutor-Alola, M|\n|poke|p1|Stakataka|\n|poke|p1|Gastrodon-East, F|\n|poke|p1|Sylveon, F|\n|poke|p1|Rotom-Mow|\n|poke|p2|Lunatone|\n|poke|p2|Silvally-*|\n|poke|p2|Rotom-Mow|\n|poke|p2|Mudsdale, M|\n|poke|p2|Mantine, F|\n|poke|p2|Talonflame, F|\n|teampreview\n|j|*BB-8-NU\n|inactive|Battle timer is ON: inactive players will automatically lose when time's up. (requested by MurderousMantyke)\n|j|%ShwiftyShiftry\n|j| J.P.G1337\n|c|\u2606MurderousMantyke|hf\n|c|%ShwiftyShiftry|lunatone?\n|inactive|MurderousMantyke has 120 seconds left.\n|inactive|Ho3nConfirm3d has 120 seconds left.\n|c|%ShwiftyShiftry|Ho3n always has the best matches to watch\n|inactive|MurderousMantyke has 90 seconds left.\n|inactive|Ho3nConfirm3d has 90 seconds left.\n|j| joey milktank\n|\n|t:|1664325154\n|start\n|switch|p1a: Sylveon|Sylveon, F|100\/100\n|switch|p2a: Silvally|Silvally-Poison|100\/100\n|turn|1\n|\n|t:|1664325160\n|switch|p1a: Gastrodon|Gastrodon-East, F|100\/100\n|move|p2a: Silvally|U-turn|p1a: Gastrodon\n|-crit|p1a: Gastrodon\n|-damage|p1a: Gastrodon|75\/100\n|\n|t:|1664325163\n|switch|p2a: Rotom|Rotom-Mow|100\/100|[from]move: U-turn\n|\n|-heal|p1a: Gastrodon|81\/100|[from] item: Leftovers\n|upkeep\n|turn|2\n|\n|t:|1664325168\n|switch|p1a: Exeggutor|Exeggutor-Alola, M|100\/100\n|move|p2a: Rotom|Trick|p1a: Exeggutor\n|-activate|p2a: Rotom|move: Trick|[of] p1a: Exeggutor\n|-item|p1a: Exeggutor|Choice Scarf|[from] move: Trick\n|-item|p2a: Rotom|Sitrus Berry|[from] move: Trick\n|\n|upkeep\n|turn|3\n|\n|t:|1664325191\n|move|p2a: Rotom|Volt Switch|p1a: Exeggutor\n|-resisted|p1a: Exeggutor\n|-damage|p1a: Exeggutor|91\/100\n|\n|t:|1664325192\n|switch|p2a: Mantine|Mantine, F|100\/100|[from]move: Volt Switch\n|move|p1a: Exeggutor|Teleport|p1a: Exeggutor\n|\n|t:|1664325216\n|switch|p1a: Rotom|Rotom-Mow|100\/100|[from]move: Teleport\n|\n|upkeep\n|turn|4\n|\n|t:|1664325220\n|switch|p2a: Rotom|Rotom-Mow|100\/100\n|move|p1a: Rotom|Volt Switch|p2a: Rotom\n|-resisted|p2a: Rotom\n|-damage|p2a: Rotom|90\/100\n|\n|t:|1664325242\n|switch|p1a: Exeggutor|Exeggutor-Alola, M|91\/100|[from]move: Volt Switch\n|\n|upkeep\n|turn|5\n|\n|t:|1664325248\n|move|p2a: Rotom|Volt Switch|p1a: Exeggutor\n|-resisted|p1a: Exeggutor\n|-damage|p1a: Exeggutor|81\/100\n|\n|t:|1664325250\n|switch|p2a: Talonflame|Talonflame, F|100\/100|[from]move: Volt Switch\n|move|p1a: Exeggutor|Flamethrower|p2a: Talonflame\n|-resisted|p2a: Talonflame\n|-damage|p2a: Talonflame|80\/100\n|\n|upkeep\n|turn|6\n|\n|t:|1664325256\n|move|p2a: Talonflame|Will-O-Wisp|p1a: Exeggutor|[miss]\n|-miss|p2a: Talonflame|p1a: Exeggutor\n|move|p1a: Exeggutor|Flamethrower|p2a: Talonflame\n|-resisted|p2a: Talonflame\n|-damage|p2a: Talonflame|59\/100\n|\n|upkeep\n|turn|7\n|\n|t:|1664325260\n|switch|p1a: Gastrodon|Gastrodon-East, F|81\/100\n|move|p2a: Talonflame|Will-O-Wisp|p1a: Gastrodon\n|-status|p1a: Gastrodon|brn\n|\n|-heal|p1a: Gastrodon|88\/100 brn|[from] item: Leftovers\n|-damage|p1a: Gastrodon|81\/100 brn|[from] brn\n|upkeep\n|turn|8\n|\n|t:|1664325264\n|move|p2a: Talonflame|U-turn|p1a: Gastrodon\n|-damage|p1a: Gastrodon|70\/100 brn\n|\n|t:|1664325266\n|switch|p2a: Rotom|Rotom-Mow|90\/100|[from]move: U-turn\n|move|p1a: Gastrodon|Toxic|p2a: Rotom\n|-status|p2a: Rotom|tox\n|\n|-heal|p1a: Gastrodon|76\/100 brn|[from] item: Leftovers\n|-damage|p2a: Rotom|84\/100 tox|[from] psn\n|-damage|p1a: Gastrodon|70\/100 brn|[from] brn\n|upkeep\n|turn|9\n|\n|t:|1664325272\n|switch|p1a: Exeggutor|Exeggutor-Alola, M|81\/100\n|move|p2a: Rotom|Volt Switch|p1a: Exeggutor\n|-resisted|p1a: Exeggutor\n|-damage|p1a: Exeggutor|72\/100\n|\n|t:|1664325274\n|switch|p2a: Talonflame|Talonflame, F|59\/100|[from]move: Volt Switch\n|\n|upkeep\n|turn|10\n|\n|t:|1664325284\n|move|p2a: Talonflame|U-turn|p1a: Exeggutor\n|-supereffective|p1a: Exeggutor\n|-crit|p1a: Exeggutor\n|-damage|p1a: Exeggutor|25\/100\n|\n|t:|1664325287\n|switch|p2a: Mantine|Mantine, F|100\/100|[from]move: U-turn\n|move|p1a: Exeggutor|Draco Meteor|p2a: Mantine\n|-damage|p2a: Mantine|51\/100\n|-unboost|p1a: Exeggutor|spa|2\n|\n|upkeep\n|turn|11\n|\n|t:|1664325292\n|switch|p1a: Gastrodon|Gastrodon-East, F|70\/100 brn\n|move|p2a: Mantine|Roost|p2a: Mantine\n|-heal|p2a: Mantine|100\/100\n|-singleturn|p2a: Mantine|move: Roost\n|\n|-heal|p1a: Gastrodon|76\/100 brn|[from] item: Leftovers\n|-damage|p1a: Gastrodon|70\/100 brn|[from] brn\n|upkeep\n|turn|12\n|\n|t:|1664325296\n|switch|p2a: Rotom|Rotom-Mow|84\/100 tox\n|move|p1a: Gastrodon|Scald|p2a: Rotom\n|-resisted|p2a: Rotom\n|-damage|p2a: Rotom|68\/100 tox\n|\n|-heal|p1a: Gastrodon|76\/100 brn|[from] item: Leftovers\n|-damage|p2a: Rotom|61\/100 tox|[from] psn\n|-damage|p1a: Gastrodon|70\/100 brn|[from] brn\n|upkeep\n|turn|13\n|\n|t:|1664325298\n|switch|p1a: Exeggutor|Exeggutor-Alola, M|25\/100\n|move|p2a: Rotom|Leaf Storm|p1a: Exeggutor\n|-resisted|p1a: Exeggutor\n|-damage|p1a: Exeggutor|5\/100\n|-unboost|p2a: Rotom|spa|2\n|\n|-damage|p2a: Rotom|49\/100 tox|[from] psn\n|upkeep\n|-enditem|p2a: Rotom|Sitrus Berry|[eat]\n|-heal|p2a: Rotom|74\/100 tox|[from] item: Sitrus Berry\n|turn|14\n|\n|t:|1664325303\n|move|p2a: Rotom|Leaf Storm|p1a: Exeggutor\n|-resisted|p1a: Exeggutor\n|-damage|p1a: Exeggutor|0 fnt\n|-unboost|p2a: Rotom|spa|2\n|faint|p1a: Exeggutor\n|\n|-damage|p2a: Rotom|55\/100 tox|[from] psn\n|upkeep\n|\n|t:|1664325307\n|switch|p1a: Salazzle|Salazzle, F|100\/100\n|turn|15\n|\n|t:|1664325310\n|switch|p2a: Mantine|Mantine, F|100\/100\n|move|p1a: Salazzle|Nasty Plot|p1a: Salazzle\n|-boost|p1a: Salazzle|spa|2\n|\n|upkeep\n|turn|16\n|\n|t:|1664325312\n|move|p1a: Salazzle|Sludge Bomb|p2a: Mantine\n|-damage|p2a: Mantine|38\/100\n|move|p2a: Mantine|Scald|p1a: Salazzle\n|-supereffective|p1a: Salazzle\n|-damage|p1a: Salazzle|15\/100\n|\n|upkeep\n|turn|17\n|\n|t:|1664325331\n|move|p1a: Salazzle|Sludge Bomb|p2a: Mantine\n|-crit|p2a: Mantine\n|-damage|p2a: Mantine|0 fnt\n|faint|p2a: Mantine\n|\n|upkeep\n|\n|t:|1664325332\n|switch|p2a: Talonflame|Talonflame, F|59\/100\n|turn|18\n|\n|t:|1664325343\n|switch|p1a: Gastrodon|Gastrodon-East, F|70\/100 brn\n|move|p2a: Talonflame|Brave Bird|p1a: Gastrodon\n|-damage|p1a: Gastrodon|38\/100 brn\n|-damage|p2a: Talonflame|46\/100|[from] Recoil\n|\n|-heal|p1a: Gastrodon|44\/100 brn|[from] item: Leftovers\n|-damage|p1a: Gastrodon|38\/100 brn|[from] brn\n|upkeep\n|turn|19\n|\n|t:|1664325346\n|move|p2a: Talonflame|U-turn|p1a: Gastrodon\n|-damage|p1a: Gastrodon|26\/100 brn\n|\n|t:|1664325350\n|switch|p2a: Rotom|Rotom-Mow|55\/100 tox|[from]move: U-turn\n|move|p1a: Gastrodon|Recover|p1a: Gastrodon\n|-heal|p1a: Gastrodon|76\/100 brn\n|\n|-heal|p1a: Gastrodon|82\/100 brn|[from] item: Leftovers\n|-damage|p2a: Rotom|49\/100 tox|[from] psn\n|-damage|p1a: Gastrodon|76\/100 brn|[from] brn\n|upkeep\n|turn|20\n|\n|t:|1664325356\n|switch|p1a: Sylveon|Sylveon, F|100\/100\n|move|p2a: Rotom|Trick|p1a: Sylveon\n|-activate|p2a: Rotom|move: Trick|[of] p1a: Sylveon\n|-enditem|p1a: Sylveon|Leftovers|[silent]|[from] move: Trick\n|-item|p2a: Rotom|Leftovers|[from] move: Trick\n|\n|-heal|p2a: Rotom|55\/100 tox|[from] item: Leftovers\n|-damage|p2a: Rotom|43\/100 tox|[from] psn\n|upkeep\n|turn|21\n|\n|t:|1664325365\n|switch|p1a: Gastrodon|Gastrodon-East, F|76\/100 brn\n|move|p2a: Rotom|Volt Switch|p1a: Gastrodon\n|-immune|p1a: Gastrodon\n|\n|-heal|p2a: Rotom|49\/100 tox|[from] item: Leftovers\n|-heal|p1a: Gastrodon|82\/100 brn|[from] item: Leftovers\n|-damage|p2a: Rotom|31\/100 tox|[from] psn\n|-damage|p1a: Gastrodon|76\/100 brn|[from] brn\n|upkeep\n|turn|22\n|\n|t:|1664325373\n|move|p2a: Rotom|Volt Switch|p1a: Gastrodon\n|-immune|p1a: Gastrodon\n|move|p1a: Gastrodon|Scald|p2a: Rotom\n|-resisted|p2a: Rotom\n|-damage|p2a: Rotom|12\/100 tox\n|\n|-heal|p2a: Rotom|18\/100 tox|[from] item: Leftovers\n|-heal|p1a: Gastrodon|82\/100 brn|[from] item: Leftovers\n|-damage|p2a: Rotom|0 fnt|[from] psn\n|faint|p2a: Rotom\n|-damage|p1a: Gastrodon|76\/100 brn|[from] brn\n|upkeep\n|\n|t:|1664325381\n|switch|p2a: Lunatone|Lunatone|100\/100\n|turn|23\n|\n|t:|1664325394\n|switch|p1a: Rotom|Rotom-Mow|100\/100\n|move|p2a: Lunatone|Meteor Beam||[still]\n|-prepare|p2a: Lunatone|Meteor Beam\n|-boost|p2a: Lunatone|spa|1\n|-enditem|p2a: Lunatone|Power Herb\n|-anim|p2a: Lunatone|Meteor Beam|p1a: Rotom\n|-crit|p1a: Rotom\n|-damage|p1a: Rotom|0 fnt\n|faint|p1a: Rotom\n|\n|upkeep\n|c|\u2606MurderousMantyke|o lmao\n|c|\u2606MurderousMantyke|i was scouting gknot\n|\n|t:|1664325411\n|switch|p1a: Stakataka|Stakataka|100\/100\n|turn|24\n|\n|t:|1664325414\n|move|p2a: Lunatone|Earth Power|p1a: Stakataka\n|-supereffective|p1a: Stakataka\n|-damage|p1a: Stakataka|0 fnt\n|faint|p1a: Stakataka\n|\n|upkeep\n|j| daniYSB\n|c|\u2606MurderousMantyke|reveals ep\n|c|\u2606MurderousMantyke|yep\n|\n|t:|1664325420\n|switch|p1a: Sylveon|Sylveon, F|100\/100\n|turn|25\n|\n|t:|1664325422\n|move|p2a: Lunatone|Psyshock|p1a: Sylveon\n|-damage|p1a: Sylveon|59\/100\n|move|p1a: Sylveon|Wish|p1a: Sylveon\n|\n|upkeep\n|turn|26\n|\n|t:|1664325429\n|switch|p2a: Silvally|Silvally-Poison|100\/100\n|move|p1a: Sylveon|Hyper Voice|p2a: Silvally\n|-resisted|p2a: Silvally\n|-damage|p2a: Silvally|79\/100\n|\n|-heal|p1a: Sylveon|100\/100|[from] move: Wish|[wisher] Sylveon\n|upkeep\n|turn|27\n|\n|t:|1664325433\n|move|p1a: Sylveon|Protect|p1a: Sylveon\n|-singleturn|p1a: Sylveon|Protect\n|move|p2a: Silvally|Swords Dance|p2a: Silvally\n|-boost|p2a: Silvally|atk|2\n|\n|upkeep\n|turn|28\n|\n|t:|1664325435\n|switch|p1a: Gastrodon|Gastrodon-East, F|76\/100 brn\n|move|p2a: Silvally|Multi-Attack|p1a: Gastrodon\n|-resisted|p1a: Gastrodon\n|-damage|p1a: Gastrodon|33\/100 brn\n|\n|-heal|p1a: Gastrodon|39\/100 brn|[from] item: Leftovers\n|-damage|p1a: Gastrodon|33\/100 brn|[from] brn\n|upkeep\n|turn|29\n|\n|t:|1664325438\n|move|p2a: Silvally|Multi-Attack|p1a: Gastrodon\n|-resisted|p1a: Gastrodon\n|-damage|p1a: Gastrodon|0 fnt\n|faint|p1a: Gastrodon\n|\n|upkeep\n|\n|t:|1664325440\n|switch|p1a: Salazzle|Salazzle, F|15\/100\n|turn|30\n|\n|t:|1664325442\n|move|p1a: Salazzle|Fire Blast|p2a: Silvally\n|-damage|p2a: Silvally|25\/100\n|-status|p2a: Silvally|brn\n|move|p2a: Silvally|Flame Charge|p1a: Salazzle\n|-resisted|p1a: Salazzle\n|-damage|p1a: Salazzle|1\/100\n|-boost|p2a: Silvally|spe|1\n|\n|-damage|p2a: Silvally|19\/100 brn|[from] brn\n|upkeep\n|turn|31\n|j| Metool B\n|\n|t:|1664325448\n|switch|p1a: Sylveon|Sylveon, F|100\/100\n|move|p2a: Silvally|Multi-Attack|p1a: Sylveon\n|-supereffective|p1a: Sylveon\n|-damage|p1a: Sylveon|20\/100\n|\n|-damage|p2a: Silvally|13\/100 brn|[from] brn\n|upkeep\n|turn|32\n|c|\u2606MurderousMantyke|gg\n|-message|MurderousMantyke forfeited.\n|\n|win|Ho3nConfirm3d\n|n|\u2606MurderousMantyke|murderousmantyke\n|n|\u2606Ho3nConfirm3d|ho3nconfirm3d\n|n| BB-8-NU|bb8nu\n|n| ShwiftyShiftry|shwiftyshiftry\n|n| J.P.G1337|jpg1337\n|n| joey milktank|joeymilktank\n|n| daniYSB|daniysb\n|n| Metool B|metoolb\n","uploadtime":1664325452,"views":16,"p1id":"murderousmantyke","p2id":"ho3nconfirm3d","formatid":"gen8nu","rating":0,"private":0,"password":null}