{"id":"gen8vgc2020-1213703794","p1":"jellybean64","p2":"Trogba Trogba","format":"gen8vgc2020","log":"|j|\u2606jellybean64\n|j|\u2606Trogba Trogba\n|t:|1604162646\n|player|p1|jellybean64|pryce|\n|player|p2|Trogba Trogba|lance|\n|teamsize|p1|6\n|teamsize|p2|6\n|gametype|doubles\n|gen|8\n|tier|[Gen 8] VGC 2020\n|clearpoke\n|poke|p1|Gastrodon, L50, M|\n|poke|p1|Brionne, L50, F|\n|poke|p1|Urshifu-*, L50, M|\n|poke|p1|Amoonguss, L50, F|\n|poke|p1|Ferrothorn, L50, M|\n|poke|p1|Braviary, L50, M|\n|poke|p2|Dracovish, L50|\n|poke|p2|Clefable, L50, F|\n|poke|p2|Cinderace, L50, F|\n|poke|p2|Sigilyph, L50, M|\n|poke|p2|Politoed, L50, F|\n|poke|p2|Ludicolo, L50, F|\n|rule|Species Clause: Limit one of each Pok\u00e9mon\n|rule|Item Clause: Limit one of each item\n|teampreview|4\n|inactive|Battle timer is ON: inactive players will automatically lose when time's up. (requested by jellybean64)\n|j| AquaticCarlie\n|j| Joeshh\n|inactive|jellybean64 has 60 seconds left.\n|inactive|Trogba Trogba has 60 seconds left.\n|inactive|Trogba Trogba has 30 seconds left.\n|inactive|Trogba Trogba has 20 seconds left.\n|inactive|Trogba Trogba has 15 seconds left.\n|inactive|Trogba Trogba has 10 seconds left.\n|\n|t:|1604162731\n|start\n|switch|p1a: Soft & Wet|Urshifu-Rapid-Strike, L50, M|48\/48\n|switch|p1b: Pet Shop|Braviary, L50, M|48\/48\n|switch|p2a: Politoed|Politoed, L50, F|48\/48\n|switch|p2b: Ludicolo|Ludicolo, L50, F|48\/48\n|turn|1\n|inactive|Trogba Trogba has 30 seconds left.\n|inactive|Trogba Trogba has 20 seconds left.\n|inactive|Trogba Trogba has 15 seconds left.\n|\n|t:|1604162774\n|-start|p1b: Pet Shop|Dynamax\n|-heal|p1b: Pet Shop|48\/48|[silent]\n|move|p2b: Ludicolo|Protect|p2b: Ludicolo\n|-singleturn|p2b: Ludicolo|Protect\n|move|p1a: Soft & Wet|Coaching|p1b: Pet Shop\n|-boost|p1b: Pet Shop|atk|1\n|-boost|p1b: Pet Shop|def|1\n|move|p1b: Pet Shop|Max Airstream|p2b: Ludicolo\n|-supereffective|p2b: Ludicolo\n|-zbroken|p2b: Ludicolo\n|-damage|p2b: Ludicolo|4\/48\n|-boost|p1a: Soft & Wet|spe|1\n|-boost|p1b: Pet Shop|spe|1\n|-damage|p1b: Pet Shop|45\/48|[from] item: Life Orb\n|move|p2a: Politoed|Hypnosis|p1b: Pet Shop\n|-status|p1b: Pet Shop|slp|[from] move: Hypnosis\n|\n|upkeep\n|turn|2\n|inactive|Trogba Trogba has 30 seconds left.\n|\n|t:|1604162806\n|move|p1a: Soft & Wet|Surging Strikes|p2b: Ludicolo\n|-resisted|p2b: Ludicolo\n|-crit|p2b: Ludicolo\n|-damage|p2b: Ludicolo|1\/48\n|-resisted|p2b: Ludicolo\n|-crit|p2b: Ludicolo\n|-damage|p2b: Ludicolo|0 fnt\n|-hitcount|p2b: Ludicolo|2\n|faint|p2b: Ludicolo\n|cant|p1b: Pet Shop|slp\n|move|p2a: Politoed|Icy Wind|p1b: Pet Shop|[spread] p1a,p1b\n|-resisted|p1a: Soft & Wet\n|-supereffective|p1b: Pet Shop\n|-damage|p1a: Soft & Wet|44\/48\n|-damage|p1b: Pet Shop|40\/48 slp\n|-unboost|p1a: Soft & Wet|spe|1\n|-unboost|p1b: Pet Shop|spe|1\n|-ability|p1b: Pet Shop|Defiant\n|-boost|p1b: Pet Shop|atk|2\n|\n|upkeep\n|\n|t:|1604162813\n|switch|p2b: Cinderace|Cinderace, L50, F|48\/48\n|turn|3\n|\n|t:|1604162837\n|-start|p2b: Cinderace|Dynamax\n|-heal|p2b: Cinderace|48\/48|[silent]\n|move|p2a: Politoed|Helping Hand|p2b: Cinderace\n|-singleturn|p2b: Cinderace|Helping Hand|[of] p2a: Politoed\n|move|p2b: Cinderace|Max Airstream|p1a: Soft & Wet\n|-start|p2b: Cinderace|typechange|Flying|[from] ability: Libero\n|-supereffective|p1a: Soft & Wet\n|-damage|p1a: Soft & Wet|0 fnt\n|-boost|p2a: Politoed|spe|1\n|-boost|p2b: Cinderace|spe|1\n|-damage|p2b: Cinderace|45\/48|[from] item: Life Orb\n|faint|p1a: Soft & Wet\n|cant|p1b: Pet Shop|slp\n|\n|-end|p1b: Pet Shop|Dynamax\n|-heal|p1b: Pet Shop|40\/48 slp|[silent]\n|upkeep\n|\n|t:|1604162857\n|switch|p1a: Death 13|Amoonguss, L50, F|48\/48\n|turn|4\n|\n|t:|1604162880\n|move|p2b: Cinderace|Max Flare|p1a: Death 13\n|-start|p2b: Cinderace|typechange|Fire|[from] ability: Libero\n|-supereffective|p1a: Death 13\n|-damage|p1a: Death 13|0 fnt\n|-weather|SunnyDay\n|-damage|p2b: Cinderace|43\/48|[from] item: Life Orb\n|faint|p1a: Death 13\n|cant|p1b: Pet Shop|slp\n|move|p2a: Politoed|Icy Wind|p1b: Pet Shop\n|-supereffective|p1b: Pet Shop\n|-damage|p1b: Pet Shop|28\/48 slp\n|-unboost|p1b: Pet Shop|spe|1\n|-ability|p1b: Pet Shop|Defiant\n|-boost|p1b: Pet Shop|atk|2\n|\n|-weather|SunnyDay|[upkeep]\n|upkeep\n|\n|t:|1604162891\n|switch|p1a: ECHOES ACT 2|Brionne, L50, F|48\/48\n|turn|5\n|inactive|Trogba Trogba has 30 seconds left.\n|inactive|Trogba Trogba has 20 seconds left.\n|inactive|Trogba Trogba has 15 seconds left.\n|inactive|Trogba Trogba has 10 seconds left.\n|\n|t:|1604162940\n|move|p2a: Politoed|Helping Hand|p2b: Cinderace\n|-singleturn|p2b: Cinderace|Helping Hand|[of] p2a: Politoed\n|-curestatus|p1b: Pet Shop|slp|[msg]\n|move|p1b: Pet Shop|Protect|p1b: Pet Shop\n|-singleturn|p1b: Pet Shop|Protect\n|move|p2b: Cinderace|Max Airstream|p1b: Pet Shop\n|-start|p2b: Cinderace|typechange|Flying|[from] ability: Libero\n|-zbroken|p1b: Pet Shop\n|-damage|p1b: Pet Shop|17\/48\n|-boost|p2a: Politoed|spe|1\n|-boost|p2b: Cinderace|spe|1\n|-damage|p2b: Cinderace|41\/48|[from] item: Life Orb\n|move|p1a: ECHOES ACT 2|Icy Wind|p2a: Politoed|[spread] p2a,p2b\n|-resisted|p2a: Politoed\n|-supereffective|p2b: Cinderace\n|-damage|p2a: Politoed|45\/48\n|-damage|p2b: Cinderace|35\/48\n|-unboost|p2a: Politoed|spe|1\n|-unboost|p2b: Cinderace|spe|1\n|\n|-weather|SunnyDay|[upkeep]\n|-end|p2b: Cinderace|Dynamax\n|-heal|p2b: Cinderace|35\/48|[silent]\n|upkeep\n|turn|6\n|\n|t:|1604162958\n|move|p1b: Pet Shop|Protect|p1b: Pet Shop\n|-singleturn|p1b: Pet Shop|Protect\n|move|p2b: Cinderace|High Jump Kick|p1a: ECHOES ACT 2\n|-start|p2b: Cinderace|typechange|Fighting|[from] ability: Libero\n|-damage|p1a: ECHOES ACT 2|21\/48\n|-damage|p2b: Cinderace|30\/48|[from] item: Life Orb\n|move|p2a: Politoed|Icy Wind|p1a: ECHOES ACT 2|[spread] p1a\n|-activate|p1b: Pet Shop|move: Protect\n|-resisted|p1a: ECHOES ACT 2\n|-damage|p1a: ECHOES ACT 2|20\/48\n|-unboost|p1a: ECHOES ACT 2|spe|1\n|move|p1a: ECHOES ACT 2|Icy Wind|p2b: Cinderace|[spread] p2a,p2b\n|-resisted|p2a: Politoed\n|-damage|p2a: Politoed|43\/48\n|-damage|p2b: Cinderace|24\/48g\n|-unboost|p2a: Politoed|spe|1\n|-unboost|p2b: Cinderace|spe|1\n|\n|-weather|SunnyDay|[upkeep]\n|upkeep\n|turn|7\n|\n|t:|1604162977\n|move|p1b: Pet Shop|Protect||[still]\n|-fail|p1b: Pet Shop\n|move|p1a: ECHOES ACT 2|Protect|p1a: ECHOES ACT 2\n|-singleturn|p1a: ECHOES ACT 2|Protect\n|move|p2b: Cinderace|High Jump Kick|p1a: ECHOES ACT 2\n|-activate|p1a: ECHOES ACT 2|move: Protect\n|-damage|p2b: Cinderace|1\/48|[from] highjumpkick\n|move|p2a: Politoed|Icy Wind|p1b: Pet Shop|[spread] p1b\n|-activate|p1a: ECHOES ACT 2|move: Protect\n|-supereffective|p1b: Pet Shop\n|-crit|p1b: Pet Shop\n|-damage|p1b: Pet Shop|4\/48\n|-unboost|p1b: Pet Shop|spe|1\n|-ability|p1b: Pet Shop|Defiant\n|-boost|p1b: Pet Shop|atk|1\n|\n|-weather|SunnyDay|[upkeep]\n|upkeep\n|turn|8\n|\n|t:|1604162992\n|move|p1b: Pet Shop|Protect|p1b: Pet Shop\n|-singleturn|p1b: Pet Shop|Protect\n|move|p1a: ECHOES ACT 2|Protect||[still]\n|-fail|p1a: ECHOES ACT 2\n|move|p2b: Cinderace|High Jump Kick|p1a: ECHOES ACT 2\n|-damage|p1a: ECHOES ACT 2|0 fnt\n|-damage|p2b: Cinderace|0 fnt|[from] item: Life Orb\n|faint|p1a: ECHOES ACT 2\n|faint|p2b: Cinderace\n|move|p2a: Politoed|Icy Wind|p1b: Pet Shop\n|-activate|p1b: Pet Shop|move: Protect\n|\n|-weather|none\n|upkeep\n|\n|t:|1604163004\n|switch|p2b: Clefable|Clefable, L50, F|48\/48\n|turn|9\n|\n|t:|1604163010\n|move|p2b: Clefable|Follow Me|p2b: Clefable\n|-singleturn|p2b: Clefable|move: Follow Me\n|move|p2a: Politoed|Icy Wind|p1b: Pet Shop\n|-supereffective|p1b: Pet Shop\n|-damage|p1b: Pet Shop|0 fnt\n|faint|p1b: Pet Shop\n|\n|win|Trogba Trogba\n","uploadtime":1604163014,"views":15,"p1id":"jellybean64","p2id":"trogbatrogba","formatid":"gen8vgc2020","rating":0,"private":0,"password":null}