{"id":"gen8oubeta-1011513783","p1":"FUT\u2663Bola\u2764","p2":"Del chef","format":"gen8oubeta","log":"|j|\u2606FUT\u2663Bola\u2764\n|j|\u2606Del chef\n|player|p1|FUT\u2663Bola\u2764|rocker-gen3|1170\n|player|p2|Del chef|266|1228\n|teamsize|p1|6\n|teamsize|p2|6\n|gametype|singles\n|gen|8\n|tier|[Gen 8] OU (beta)\n|rated|\n|rule|Sleep Clause Mod: Limit one foe put to sleep\n|rule|Species Clause: Limit one of each Pok\u00e9mon\n|rule|OHKO Clause: OHKO moves are banned\n|rule|Moody Clause: Moody is banned\n|rule|Evasion Moves Clause: Evasion moves are banned\n|rule|Endless Battle Clause: Forcing endless battles is banned\n|rule|HP Percentage Mod: HP is shown in percentages\n|clearpoke\n|poke|p1|Barraskewda, M|item\n|poke|p1|Gyarados, M|item\n|poke|p1|Pelipper, F|item\n|poke|p1|Ferrothorn, M|item\n|poke|p1|Drednaw, M|item\n|poke|p1|Ditto|item\n|poke|p2|Weezing-Galar, M|item\n|poke|p2|Mandibuzz, F|item\n|poke|p2|Dragapult, M|item\n|poke|p2|Gyarados, F|item\n|poke|p2|Excadrill, M|item\n|poke|p2|Ditto|item\n|teampreview\n|\n|start\n|switch|p1a: Pelipper|Pelipper, F|100\/100\n|switch|p2a: Dragapult|Dragapult, M|100\/100\n|-weather|RainDance|[from] ability: Drizzle|[of] p1a: Pelipper\n|turn|1\n|\n|move|p2a: Dragapult|Dragon Dance|p2a: Dragapult\n|-boost|p2a: Dragapult|atk|1\n|-boost|p2a: Dragapult|spe|1\n|move|p1a: Pelipper|Ice Beam|p2a: Dragapult\n|-supereffective|p2a: Dragapult\n|-damage|p2a: Dragapult|46\/100\n|-status|p2a: Dragapult|frz\n|\n|-weather|RainDance|[upkeep]\n|upkeep\n|turn|2\n|\n|cant|p2a: Dragapult|frz\n|move|p1a: Pelipper|Ice Beam|p2a: Dragapult\n|-supereffective|p2a: Dragapult\n|-damage|p2a: Dragapult|0 fnt\n|faint|p2a: Dragapult\n|\n|-weather|RainDance|[upkeep]\n|upkeep\n|\n|switch|p2a: Gyarados|Gyarados, F|100\/100\n|turn|3\n|\n|move|p2a: Gyarados|Dragon Dance|p2a: Gyarados\n|-boost|p2a: Gyarados|atk|1\n|-boost|p2a: Gyarados|spe|1\n|move|p1a: Pelipper|Hurricane|p2a: Gyarados\n|-damage|p2a: Gyarados|64\/100\n|\n|-weather|RainDance|[upkeep]\n|-heal|p2a: Gyarados|70\/100|[from] item: Leftovers\n|upkeep\n|turn|4\n|\n|-start|p2a: Gyarados|Dynamax\n|-heal|p2a: Gyarados|70\/100|[from] Dynamax\n|move|p2a: Gyarados|Max Airstream|p1a: Pelipper\n|-damage|p1a: Pelipper|20\/100\n|-boost|p2a: Gyarados|spe|1\n|move|p1a: Pelipper|Hurricane|p2a: Gyarados\n|-damage|p2a: Gyarados|52\/100\n|\n|-weather|RainDance|[upkeep]\n|-heal|p2a: Gyarados|59\/100|[from] item: Leftovers\n|upkeep\n|turn|5\n|\n|move|p2a: Gyarados|Max Airstream|p1a: Pelipper\n|-damage|p1a: Pelipper|0 fnt\n|-boost|p2a: Gyarados|spe|1\n|faint|p1a: Pelipper\n|-ability|p2a: Gyarados|Moxie|boost\n|-boost|p2a: Gyarados|atk|1\n|\n|-weather|RainDance|[upkeep]\n|-heal|p2a: Gyarados|65\/100|[from] item: Leftovers\n|upkeep\n|\n|switch|p1a: Ditto|Ditto|100\/100\n|-transform|p1a: Ditto|p2a: Gyarados|[from] ability: Imposter\n|turn|6\n|\n|move|p1a: Ditto|Waterfall|p2a: Gyarados\n|-resisted|p2a: Gyarados\n|-damage|p2a: Gyarados|22\/100\n|move|p2a: Gyarados|Max Airstream|p1a: Ditto\n|-damage|p1a: Ditto|0 fnt\n|-boost|p2a: Gyarados|spe|1\n|faint|p1a: Ditto\n|-ability|p2a: Gyarados|Moxie|boost\n|-boost|p2a: Gyarados|atk|1\n|\n|-weather|RainDance|[upkeep]\n|-heal|p2a: Gyarados|28\/100|[from] item: Leftovers\n|-end|p2a: Gyarados|Dynamax\n|-heal|p2a: Gyarados|28\/100|[from] Dynamax\n|upkeep\n|-message|FUT\u2663Bola\u2764 forfeited.\n|\n|win|Del chef\n","uploadtime":1574026161,"views":0,"p1id":"futbola","p2id":"delchef","formatid":"gen8oubeta","rating":0,"private":0,"password":null}