{"id":"gen8cap-1685858892","p1":"LoSconosciuto","p2":"Gaboswampert","format":"gen8cap","log":"|j|\u2606LoSconosciuto\n|j|\u2606Gaboswampert\n|t:|1665776278\n|gametype|singles\n|player|p1|LoSconosciuto|#teamgapdos|\n|player|p2|Gaboswampert|grimsley-gen7|\n|teamsize|p1|6\n|teamsize|p2|6\n|gen|8\n|tier|[Gen 8] CAP\n|rule|Sleep Clause Mod: Limit one foe put to sleep\n|rule|Species Clause: Limit one of each Pok\u00e9mon\n|rule|OHKO Clause: OHKO moves are banned\n|rule|Evasion Items Clause: Evasion items are banned\n|rule|Evasion Moves Clause: Evasion moves are banned\n|rule|Endless Battle Clause: Forcing endless battles is banned\n|rule|HP Percentage Mod: HP is shown in percentages\n|rule|Dynamax Clause: You cannot dynamax\n|clearpoke\n|poke|p1|Dragapult, F|\n|poke|p1|Crucibelle, M|\n|poke|p1|Zapdos|\n|poke|p1|Tapu Fini|\n|poke|p1|Landorus-Therian, M|\n|poke|p1|Ferrothorn, M|\n|poke|p2|Saharaja, M|\n|poke|p2|Fidgit, M|\n|poke|p2|Volcanion|\n|poke|p2|Jumbao, F|\n|poke|p2|Weavile, M|\n|poke|p2|Ferrothorn, F|\n|teampreview\n|inactive|Battle timer is ON: inactive players will automatically lose when time's up. (requested by LoSconosciuto)\n|c|\u2606LoSconosciuto|hf\n|j| MOHAMEDALL\n|c|\u2606Gaboswampert|Glhf!\n|j| paolode99\n|j| Figull400\n|c| paolode99|gg Gaboswampert\n|inactive|LoSconosciuto has 270 seconds left.\n|inactive|Gaboswampert has 270 seconds left.\n|c|\u2606Gaboswampert|I hope my batery doesnt die mid battle, im at 5%\n|j| Magatsu Izanagi\n|c| paolode99|godo\n|inactive|Gaboswampert has 240 seconds left.\n|j| UrBoiXander\n|j| waffle2O22\n|inactive|Gaboswampert has 210 seconds left.\n|\n|t:|1665776368\n|start\n|switch|p1a: Crucibelle|Crucibelle, M|100\/100\n|switch|p2a: Espinas|Ferrothorn, F, shiny|100\/100\n|turn|1\n|inactive|Gaboswampert has 270 seconds left.\n|inactive|LoSconosciuto has 270 seconds left.\n|\n|t:|1665776401\n|move|p1a: Crucibelle|Trick|p2a: Espinas\n|-activate|p1a: Crucibelle|move: Trick|[of] p2a: Espinas\n|-item|p2a: Espinas|Choice Scarf|[from] move: Trick\n|-item|p1a: Crucibelle|Rocky Helmet|[from] move: Trick\n|move|p2a: Espinas|Iron Defense|p2a: Espinas\n|-boost|p2a: Espinas|def|2\n|\n|upkeep\n|turn|2\n|inactive|LoSconosciuto has 270 seconds left.\n|\n|t:|1665776422\n|switch|p2a: Daimyo|Fidgit, M, shiny|100\/100\n|move|p1a: Crucibelle|U-turn|p2a: Daimyo\n|-resisted|p2a: Daimyo\n|-damage|p2a: Daimyo|92\/100\n|j| giove97\n|\n|t:|1665776430\n|switch|p1a: Dragapult|Dragapult, F|100\/100|[from]move: U-turn\n|\n|upkeep\n|turn|3\n|inactive|LoSconosciuto has 270 seconds left.\n|inactive|Gaboswampert has 240 seconds left.\n|inactive|Gaboswampert has 210 seconds left.\n|\n|t:|1665776487\n|move|p1a: Dragapult|Draco Meteor|p2a: Daimyo\n|-damage|p2a: Daimyo|10\/100\n|-unboost|p1a: Dragapult|spa|2\n|move|p2a: Daimyo|Light Screen|p2a: Daimyo\n|-sidestart|p2: Gaboswampert|move: Light Screen\n|\n|upkeep\n|turn|4\n|inactive|LoSconosciuto has 270 seconds left.\n|inactive|Gaboswampert has 210 seconds left.\n|j| Canova\n|inactive|Gaboswampert has 180 seconds left.\n|\n|t:|1665776549\n|switch|p2a: Tetranodon|Jumbao, F|100\/100\n|-ability|p2a: Tetranodon|Infiltrator|[from] ability: Trace|[of] p1a: Dragapult\n|move|p1a: Dragapult|Draco Meteor|p2a: Tetranodon\n|-immune|p2a: Tetranodon\n|\n|upkeep\n|turn|5\n|\n|t:|1665776563\n|switch|p1a: Ferrothorn|Ferrothorn, M|100\/100\n|move|p2a: Tetranodon|Moonblast|p1a: Ferrothorn\n|-resisted|p1a: Ferrothorn\n|-damage|p1a: Ferrothorn|79\/100\n|\n|-heal|p1a: Ferrothorn|85\/100|[from] item: Leftovers\n|upkeep\n|turn|6\n|inactive|LoSconosciuto has 270 seconds left.\n|\n|t:|1665776579\n|switch|p2a: Espinas|Ferrothorn, F, shiny|100\/100\n|move|p1a: Ferrothorn|Stealth Rock|p2a: Espinas\n|-sidestart|p2: Gaboswampert|move: Stealth Rock\n|\n|-heal|p1a: Ferrothorn|92\/100|[from] item: Leftovers\n|upkeep\n|turn|7\n|inactive|LoSconosciuto has 270 seconds left.\n|l| UrBoiXander\n|\n|t:|1665776603\n|switch|p1a: Zapdos|Zapdos|100\/100\n|move|p2a: Espinas|Stealth Rock|p1a: Zapdos\n|-sidestart|p1: LoSconosciuto|move: Stealth Rock\n|\n|upkeep\n|turn|8\n|inactive|Gaboswampert has 150 seconds left.\n|\n|t:|1665776654\n|switch|p2a: Daimyo|Fidgit, M, shiny|10\/100\n|-damage|p2a: Daimyo|4\/100|[from] Stealth Rock\n|move|p1a: Zapdos|Hurricane|p2a: Daimyo\n|-damage|p2a: Daimyo|0 fnt\n|faint|p2a: Daimyo\n|\n|upkeep\n|inactive|Gaboswampert has 120 seconds left.\n|\n|t:|1665776678\n|switch|p2a: Magmudron|Volcanion|100\/100\n|turn|9\n|inactive|Gaboswampert has 120 seconds left.\n|\n|t:|1665776701\n|move|p1a: Zapdos|Discharge|p2a: Magmudron\n|-supereffective|p2a: Magmudron\n|-damage|p2a: Magmudron|50\/100\n|move|p2a: Magmudron|Steam Eruption|p1a: Zapdos\n|-damage|p1a: Zapdos|43\/100\n|-status|p1a: Zapdos|brn\n|\n|-damage|p1a: Zapdos|37\/100 brn|[from] brn\n|upkeep\n|turn|10\n|\n|t:|1665776715\n|move|p1a: Zapdos|Roost|p1a: Zapdos\n|-heal|p1a: Zapdos|87\/100 brn\n|-singleturn|p1a: Zapdos|move: Roost\n|move|p2a: Magmudron|Defog|p1a: Zapdos\n|-unboost|p1a: Zapdos|evasion|1\n|-sideend|p1: LoSconosciuto|Stealth Rock|[from] move: Defog|[of] p2a: Magmudron\n|-sideend|p2: Gaboswampert|Stealth Rock|[from] move: Defog|[of] p2a: Magmudron\n|\n|-damage|p1a: Zapdos|81\/100 brn|[from] brn\n|-sideend|p2: Gaboswampert|move: Light Screen\n|upkeep\n|turn|11\n|inactive|Gaboswampert has 90 seconds left.\n|\n|t:|1665776753\n|move|p1a: Zapdos|Hurricane|p2a: Magmudron\n|-damage|p2a: Magmudron|0 fnt\n|faint|p2a: Magmudron\n|\n|-damage|p1a: Zapdos|75\/100 brn|[from] brn\n|upkeep\n|inactive|Gaboswampert has 60 seconds left.\n|\n|t:|1665776778\n|switch|p2a: Lunagaron|Weavile, M|100\/100\n|-ability|p2a: Lunagaron|Pressure\n|turn|12\n|inactive|Gaboswampert has 60 seconds left.\n|\n|t:|1665776798\n|switch|p1a: Tapu Fini|Tapu Fini|100\/100\n|-fieldstart|move: Misty Terrain|[from] ability: Misty Surge|[of] p1a: Tapu Fini\n|move|p2a: Lunagaron|Knock Off|p1a: Tapu Fini\n|-resisted|p1a: Tapu Fini\n|-damage|p1a: Tapu Fini|85\/100\n|-enditem|p1a: Tapu Fini|Leftovers|[from] move: Knock Off|[of] p2a: Lunagaron\n|\n|upkeep\n|turn|13\n|l| giove97\n|inactive|Gaboswampert has 60 seconds left.\n|\n|t:|1665776822\n|move|p2a: Lunagaron|Swords Dance|p2a: Lunagaron\n|-boost|p2a: Lunagaron|atk|2\n|move|p1a: Tapu Fini|Taunt|p2a: Lunagaron\n|-start|p2a: Lunagaron|move: Taunt\n|\n|upkeep\n|turn|14\n|\n|t:|1665776829\n|move|p2a: Lunagaron|Triple Axel|p1a: Tapu Fini\n|-resisted|p1a: Tapu Fini\n|-damage|p1a: Tapu Fini|78\/100\n|-resisted|p1a: Tapu Fini\n|-damage|p1a: Tapu Fini|64\/100\n|-resisted|p1a: Tapu Fini\n|-damage|p1a: Tapu Fini|44\/100\n|-hitcount|p1a: Tapu Fini|3\n|move|p1a: Tapu Fini|Draining Kiss|p2a: Lunagaron\n|-supereffective|p2a: Lunagaron\n|-damage|p2a: Lunagaron|54\/100\n|-heal|p1a: Tapu Fini|73\/100|[from] drain|[of] p2a: Lunagaron\n|\n|upkeep\n|turn|15\n|\n|t:|1665776853\n|move|p2a: Lunagaron|Triple Axel|p1a: Tapu Fini\n|-resisted|p1a: Tapu Fini\n|-damage|p1a: Tapu Fini|66\/100\n|-resisted|p1a: Tapu Fini\n|-damage|p1a: Tapu Fini|51\/100\n|-resisted|p1a: Tapu Fini\n|-damage|p1a: Tapu Fini|29\/100\n|-hitcount|p1a: Tapu Fini|3\n|move|p1a: Tapu Fini|Draining Kiss|p2a: Lunagaron\n|-supereffective|p2a: Lunagaron\n|-crit|p2a: Lunagaron\n|-damage|p2a: Lunagaron|0 fnt\n|-heal|p1a: Tapu Fini|62\/100|[from] drain|[of] p2a: Lunagaron\n|faint|p2a: Lunagaron\n|\n|upkeep\n|inactive|Gaboswampert has 30 seconds left.\n|\n|t:|1665776874\n|switch|p2a: Seregios|Saharaja, M, shiny|100\/100\n|turn|16\n|\n|t:|1665776878\n|move|p2a: Seregios|Substitute|p2a: Seregios\n|-start|p2a: Seregios|Substitute\n|-damage|p2a: Seregios|76\/100\n|move|p1a: Tapu Fini|Taunt|p2a: Seregios\n|-start|p2a: Seregios|move: Taunt\n|\n|-heal|p2a: Seregios|82\/100|[from] item: Leftovers\n|-fieldend|Misty Terrain\n|upkeep\n|turn|17\n|inactive|LoSconosciuto has 270 seconds left.\n|\n|t:|1665776916\n|switch|p1a: Ferrothorn|Ferrothorn, M|92\/100\n|move|p2a: Seregios|Diamond Storm|p1a: Ferrothorn\n|-resisted|p1a: Ferrothorn\n|-damage|p1a: Ferrothorn|83\/100\n|-boost|p2a: Seregios|def|2\n|\n|-heal|p2a: Seregios|88\/100|[from] item: Leftovers\n|-heal|p1a: Ferrothorn|89\/100|[from] item: Leftovers\n|upkeep\n|turn|18\n|inactive|LoSconosciuto has 270 seconds left.\n|\n|t:|1665776929\n|move|p2a: Seregios|Diamond Storm|p1a: Ferrothorn\n|-resisted|p1a: Ferrothorn\n|-damage|p1a: Ferrothorn|80\/100\n|-boost|p2a: Seregios|def|2\n|move|p1a: Ferrothorn|Power Whip|p2a: Seregios\n|-supereffective|p2a: Seregios\n|-end|p2a: Seregios|Substitute\n|\n|-heal|p2a: Seregios|94\/100|[from] item: Leftovers\n|-heal|p1a: Ferrothorn|86\/100|[from] item: Leftovers\n|upkeep\n|turn|19\n|j| diegoblu~\n|inactive|LoSconosciuto has 270 seconds left.\n|inactive|Gaboswampert has 30 seconds left.\n|inactive|Gaboswampert has 20 seconds left.\n|\n|t:|1665776956\n|move|p2a: Seregios|Body Press|p1a: Ferrothorn\n|-supereffective|p1a: Ferrothorn\n|-damage|p1a: Ferrothorn|11\/100\n|-damage|p2a: Seregios|81\/100|[from] ability: Iron Barbs|[of] p1a: Ferrothorn\n|move|p1a: Ferrothorn|Leech Seed|p2a: Seregios\n|-start|p2a: Seregios|move: Leech Seed\n|\n|-heal|p2a: Seregios|87\/100|[from] item: Leftovers\n|-heal|p1a: Ferrothorn|17\/100|[from] item: Leftovers\n|-damage|p2a: Seregios|75\/100|[from] Leech Seed|[of] p1a: Ferrothorn\n|-heal|p1a: Ferrothorn|27\/100|[silent]\n|-end|p2a: Seregios|move: Taunt\n|upkeep\n|turn|20\n|inactive|Gaboswampert has 30 seconds left this turn.\n|inactive|LoSconosciuto has 270 seconds left.\n|inactive|Gaboswampert has 20 seconds left.\n|inactive|Gaboswampert has 15 seconds left.\n|inactive|Gaboswampert has 10 seconds left.\n|\n|t:|1665776980\n|switch|p1a: Dragapult|Dragapult, F|100\/100\n|move|p2a: Seregios|Body Press|p1a: Dragapult\n|-immune|p1a: Dragapult\n|\n|-heal|p2a: Seregios|81\/100|[from] item: Leftovers\n|-damage|p2a: Seregios|69\/100|[from] Leech Seed|[of] p1a: Dragapult\n|upkeep\n|turn|21\n|inactive|Gaboswampert has 20 seconds left this turn.\n|inactive|Gaboswampert has 15 seconds left.\n|\n|t:|1665776994\n|move|p1a: Dragapult|Shadow Ball|p2a: Seregios\n|-damage|p2a: Seregios|12\/100\n|move|p2a: Seregios|Diamond Storm|p1a: Dragapult\n|-damage|p1a: Dragapult|56\/100\n|-boost|p2a: Seregios|def|2\n|\n|-heal|p2a: Seregios|18\/100|[from] item: Leftovers\n|-damage|p2a: Seregios|6\/100|[from] Leech Seed|[of] p1a: Dragapult\n|-heal|p1a: Dragapult|67\/100|[silent]\n|upkeep\n|turn|22\n|inactive|Gaboswampert has 25 seconds left this turn.\n|inactive|Gaboswampert has 20 seconds left.\n|inactive|Gaboswampert has 15 seconds left.\n|inactive|Gaboswampert has 10 seconds left.\n|\n|t:|1665777012\n|move|p1a: Dragapult|Shadow Ball|p2a: Seregios\n|-damage|p2a: Seregios|0 fnt\n|faint|p2a: Seregios\n|\n|upkeep\n|inactive|Gaboswampert has 15 seconds left this turn.\n|inactive|Gaboswampert has 10 seconds left.\n|\n|t:|1665777019\n|switch|p2a: Tetranodon|Jumbao, F|100\/100\n|-ability|p2a: Tetranodon|Infiltrator|[from] ability: Trace|[of] p1a: Dragapult\n|turn|23\n|inactive|Gaboswampert has 20 seconds left this turn.\n|inactive|Gaboswampert has 15 seconds left.\n|\n|t:|1665777027\n|switch|p1a: Ferrothorn|Ferrothorn, M|27\/100\n|move|p2a: Tetranodon|Moonblast|p1a: Ferrothorn\n|-resisted|p1a: Ferrothorn\n|-damage|p1a: Ferrothorn|8\/100\n|-unboost|p1a: Ferrothorn|spa|1\n|\n|-heal|p1a: Ferrothorn|14\/100|[from] item: Leftovers\n|upkeep\n|turn|24\n|inactive|Gaboswampert has 25 seconds left this turn.\n|inactive|Gaboswampert has 20 seconds left.\n|\n|t:|1665777037\n|switch|p1a: Crucibelle|Crucibelle, M|100\/100\n|move|p2a: Tetranodon|Moonblast|p1a: Crucibelle\n|-resisted|p1a: Crucibelle\n|-damage|p1a: Crucibelle|72\/100\n|\n|upkeep\n|turn|25\n|inactive|Gaboswampert has 30 seconds left this turn.\n|inactive|Gaboswampert has 20 seconds left.\n|\n|t:|1665777051\n|switch|p2a: Espinas|Ferrothorn, F, shiny|100\/100\n|move|p1a: Crucibelle|U-turn|p2a: Espinas\n|-damage|p2a: Espinas|89\/100\n|-damage|p1a: Crucibelle|60\/100|[from] ability: Iron Barbs|[of] p2a: Espinas\n|inactive|Gaboswampert has 25 seconds left this turn.\n|\n|t:|1665777054\n|switch|p1a: Zapdos|Zapdos|75\/100 brn|[from]move: U-turn\n|\n|-damage|p1a: Zapdos|68\/100 brn|[from] brn\n|upkeep\n|turn|26\n|inactive|Gaboswampert has 30 seconds left.\n|j| UrBoiXander\n|inactive|Gaboswampert has 20 seconds left.\n|\n|t:|1665777071\n|move|p1a: Zapdos|Heat Wave|p2a: Espinas\n|-supereffective|p2a: Espinas\n|-damage|p2a: Espinas|0 fnt\n|faint|p2a: Espinas\n|\n|-damage|p1a: Zapdos|62\/100 brn|[from] brn\n|upkeep\n|inactive|Gaboswampert has 25 seconds left this turn.\n|inactive|Gaboswampert has 20 seconds left.\n|l| Magatsu Izanagi\n|\n|t:|1665777079\n|switch|p2a: Tetranodon|Jumbao, F|100\/100\n|-ability|p2a: Tetranodon|Static|[from] ability: Trace|[of] p1a: Zapdos\n|turn|27\n|inactive|Gaboswampert has 30 seconds left this turn.\n|j| AndreyVGC\n|\n|t:|1665777088\n|switch|p1a: Crucibelle|Crucibelle, M|93\/100\n|move|p2a: Tetranodon|Moonblast|p1a: Crucibelle\n|-resisted|p1a: Crucibelle\n|-damage|p1a: Crucibelle|68\/100\n|\n|upkeep\n|turn|28\n|inactive|Gaboswampert has 30 seconds left.\n|c|\u2606Gaboswampert|GGs!\n|c| Canova|ggs\n|c|\u2606LoSconosciuto|ggs\n|\n|t:|1665777100\n|move|p2a: Tetranodon|Moonblast|p1a: Crucibelle\n|-resisted|p1a: Crucibelle\n|-damage|p1a: Crucibelle|40\/100\n|move|p1a: Crucibelle|Gunk Shot|p2a: Tetranodon\n|-supereffective|p2a: Tetranodon\n|-damage|p2a: Tetranodon|0 fnt\n|faint|p2a: Tetranodon\n|\n|win|LoSconosciuto\n|inactive|Gaboswampert has 30 seconds left this turn.\n|c| paolode99|ggs\n|l| diegoblu~\n|l|\u2606Gaboswampert\n|l| Figull400\n|j| Figull400\n|l| Figull400\n|l| MOHAMEDALL\n|l| AndreyVGC\n","uploadtime":1665777120,"views":32,"p1id":"losconosciuto","p2id":"gaboswampert","formatid":"gen8cap","rating":0,"private":0,"password":null}