{"id":"gen8ou-1702079296","p1":"OUTD Wraks2","p2":"Highv0ltag3","format":"gen8ou","log":"|j|\u2606OUTD Wraks2\n|j|\u2606Highv0ltag3\n|t:|1667509448\n|gametype|singles\n|player|p1|OUTD Wraks2|169|1702\n|player|p2|Highv0ltag3|volo|1921\n|teamsize|p1|6\n|teamsize|p2|6\n|gen|8\n|tier|[Gen 8] OU\n|rated|\n|rule|Sleep Clause Mod: Limit one foe put to sleep\n|rule|Species Clause: Limit one of each Pok\u00e9mon\n|rule|OHKO Clause: OHKO moves are banned\n|rule|Evasion Items Clause: Evasion items are banned\n|rule|Evasion Moves Clause: Evasion moves are banned\n|rule|Endless Battle Clause: Forcing endless battles is banned\n|rule|HP Percentage Mod: HP is shown in percentages\n|rule|Dynamax Clause: You cannot dynamax\n|clearpoke\n|poke|p1|Swampert, F|\n|poke|p1|Corviknight, M|\n|poke|p1|Blissey, F|\n|poke|p1|Rillaboom, F|\n|poke|p1|Dragapult, M|\n|poke|p1|Conkeldurr, F|\n|poke|p2|Xatu, F|\n|poke|p2|Corviknight, M|\n|poke|p2|Toxapex, F|\n|poke|p2|Chansey, F|\n|poke|p2|Hippowdon, M|\n|poke|p2|Clefable, M|\n|teampreview\n|inactive|Battle timer is ON: inactive players will automatically lose when time's up. (requested by OUTD Wraks2)\n|j| Inv kerapac plz\n|l| Inv kerapac plz\n|\n|t:|1667509462\n|start\n|switch|p1a: Conkeldurr|Conkeldurr, F|100\/100\n|switch|p2a: Dare to Taunt?|Xatu, F|100\/100\n|turn|1\n|\n|t:|1667509486\n|switch|p2a: Glue|Toxapex, F|100\/100\n|move|p1a: Conkeldurr|Knock Off|p2a: Glue\n|-damage|p2a: Glue|77\/100\n|-enditem|p2a: Glue|Black Sludge|[from] move: Knock Off|[of] p1a: Conkeldurr\n|\n|-status|p1a: Conkeldurr|brn|[from] item: Flame Orb\n|upkeep\n|turn|2\n|\n|t:|1667509493\n|move|p1a: Conkeldurr|Facade|p2a: Glue\n|-damage|p2a: Glue|29\/100\n|move|p2a: Glue|Recover|p2a: Glue\n|-heal|p2a: Glue|79\/100\n|\n|-damage|p1a: Conkeldurr|95\/100 brn|[from] brn\n|upkeep\n|turn|3\n|\n|t:|1667509499\n|move|p1a: Conkeldurr|Facade|p2a: Glue\n|-damage|p2a: Glue|30\/100\n|move|p2a: Glue|Recover|p2a: Glue\n|-heal|p2a: Glue|80\/100\n|\n|-damage|p1a: Conkeldurr|89\/100 brn|[from] brn\n|upkeep\n|turn|4\n|\n|t:|1667509502\n|move|p1a: Conkeldurr|Facade|p2a: Glue\n|-damage|p2a: Glue|31\/100\n|move|p2a: Glue|Recover|p2a: Glue\n|-heal|p2a: Glue|81\/100\n|\n|-damage|p1a: Conkeldurr|83\/100 brn|[from] brn\n|upkeep\n|turn|5\n|\n|t:|1667509506\n|move|p1a: Conkeldurr|Facade|p2a: Glue\n|-damage|p2a: Glue|34\/100\n|move|p2a: Glue|Recover|p2a: Glue\n|-heal|p2a: Glue|84\/100\n|\n|-damage|p1a: Conkeldurr|77\/100 brn|[from] brn\n|upkeep\n|turn|6\n|\n|t:|1667509512\n|move|p1a: Conkeldurr|Drain Punch|p2a: Glue\n|-resisted|p2a: Glue\n|-damage|p2a: Glue|63\/100\n|-heal|p1a: Conkeldurr|86\/100 brn|[from] drain|[of] p2a: Glue\n|move|p2a: Glue|Recover|p2a: Glue\n|-heal|p2a: Glue|100\/100\n|\n|-damage|p1a: Conkeldurr|80\/100 brn|[from] brn\n|upkeep\n|turn|7\n|j| StupidIdiotMe\n|\n|t:|1667509530\n|move|p1a: Conkeldurr|Facade|p2a: Glue\n|-damage|p2a: Glue|51\/100\n|move|p2a: Glue|Recover|p2a: Glue\n|-heal|p2a: Glue|100\/100\n|\n|-damage|p1a: Conkeldurr|74\/100 brn|[from] brn\n|upkeep\n|turn|8\n|\n|t:|1667509535\n|move|p1a: Conkeldurr|Drain Punch|p2a: Glue\n|-resisted|p2a: Glue\n|-damage|p2a: Glue|81\/100\n|-heal|p1a: Conkeldurr|82\/100 brn|[from] drain|[of] p2a: Glue\n|move|p2a: Glue|Recover|p2a: Glue\n|-heal|p2a: Glue|100\/100\n|\n|-damage|p1a: Conkeldurr|76\/100 brn|[from] brn\n|upkeep\n|turn|9\n|\n|t:|1667509540\n|move|p1a: Conkeldurr|Facade|p2a: Glue\n|-damage|p2a: Glue|51\/100\n|move|p2a: Glue|Recover|p2a: Glue\n|-heal|p2a: Glue|100\/100\n|\n|-damage|p1a: Conkeldurr|70\/100 brn|[from] brn\n|upkeep\n|turn|10\n|\n|t:|1667509545\n|switch|p2a: Windshield|Corviknight, M|100\/100\n|-ability|p2a: Windshield|Pressure\n|move|p1a: Conkeldurr|Facade|p2a: Windshield\n|-resisted|p2a: Windshield\n|-damage|p2a: Windshield|76\/100\n|\n|-damage|p1a: Conkeldurr|64\/100 brn|[from] brn\n|upkeep\n|turn|11\n|\n|t:|1667509549\n|move|p1a: Conkeldurr|Drain Punch|p2a: Windshield\n|-damage|p2a: Windshield|34\/100\n|-heal|p1a: Conkeldurr|88\/100 brn|[from] drain|[of] p2a: Windshield\n|move|p2a: Windshield|Iron Defense|p2a: Windshield\n|-boost|p2a: Windshield|def|2\n|\n|-damage|p1a: Conkeldurr|82\/100 brn|[from] brn\n|upkeep\n|turn|12\n|\n|t:|1667509558\n|switch|p1a: Dragapult|Dragapult, M|100\/100\n|move|p2a: Windshield|Roost|p2a: Windshield\n|-heal|p2a: Windshield|84\/100\n|-singleturn|p2a: Windshield|move: Roost\n|\n|upkeep\n|turn|13\n|\n|t:|1667509563\n|switch|p2a: Endangered Species|Hippowdon, M|100\/100\n|move|p1a: Dragapult|U-turn|p2a: Endangered Species\n|-damage|p2a: Endangered Species|89\/100\n|\n|t:|1667509566\n|switch|p1a: Rillaboom|Rillaboom, F|100\/100|[from]move: U-turn\n|-fieldstart|move: Grassy Terrain|[from] ability: Grassy Surge|[of] p1a: Rillaboom\n|\n|-heal|p2a: Endangered Species|95\/100|[from] Grassy Terrain\n|-heal|p2a: Endangered Species|100\/100|[from] item: Leftovers\n|upkeep\n|turn|14\n|\n|t:|1667509572\n|switch|p2a: Glue|Toxapex, F|100\/100\n|move|p1a: Rillaboom|Wood Hammer|p2a: Glue\n|-damage|p2a: Glue|22\/100\n|-damage|p1a: Rillaboom|77\/100|[from] Recoil\n|\n|-heal|p1a: Rillaboom|83\/100|[from] Grassy Terrain\n|-heal|p2a: Glue|28\/100|[from] Grassy Terrain\n|upkeep\n|turn|15\n|\n|t:|1667509578\n|switch|p1a: Dragapult|Dragapult, M|100\/100\n|switch|p2a: Windshield|Corviknight, M|84\/100\n|-ability|p2a: Windshield|Pressure\n|\n|upkeep\n|turn|16\n|\n|t:|1667509586\n|switch|p2a: Endangered Species|Hippowdon, M|100\/100\n|move|p1a: Dragapult|Shadow Ball|p2a: Endangered Species\n|-damage|p2a: Endangered Species|61\/100\n|\n|-heal|p2a: Endangered Species|67\/100|[from] Grassy Terrain\n|-heal|p2a: Endangered Species|73\/100|[from] item: Leftovers\n|upkeep\n|turn|17\n|\n|t:|1667509594\n|switch|p1a: Blissey|Blissey, F|100\/100\n|move|p2a: Endangered Species|Stealth Rock|p1a: Blissey\n|-sidestart|p1: OUTD Wraks2|move: Stealth Rock\n|\n|-heal|p2a: Endangered Species|80\/100|[from] Grassy Terrain\n|-heal|p2a: Endangered Species|86\/100|[from] item: Leftovers\n|-fieldend|move: Grassy Terrain\n|upkeep\n|turn|18\n|\n|t:|1667509598\n|switch|p2a: Dare to Taunt?|Xatu, F|100\/100\n|move|p1a: Blissey|Teleport|p1a: Blissey\n|\n|t:|1667509602\n|switch|p1a: Conkeldurr|Conkeldurr, F|82\/100 brn|[from]move: Teleport\n|-damage|p1a: Conkeldurr|76\/100 brn|[from] Stealth Rock\n|\n|-damage|p1a: Conkeldurr|70\/100 brn|[from] brn\n|upkeep\n|turn|19\n|\n|t:|1667509609\n|switch|p2a: Windshield|Corviknight, M|84\/100\n|-ability|p2a: Windshield|Pressure\n|move|p1a: Conkeldurr|Knock Off|p2a: Windshield\n|-damage|p2a: Windshield|46\/100\n|-enditem|p2a: Windshield|Shed Shell|[from] move: Knock Off|[of] p1a: Conkeldurr\n|\n|-damage|p1a: Conkeldurr|64\/100 brn|[from] brn\n|upkeep\n|turn|20\n|\n|t:|1667509612\n|move|p1a: Conkeldurr|Drain Punch|p2a: Windshield\n|-damage|p2a: Windshield|5\/100\n|-heal|p1a: Conkeldurr|88\/100 brn|[from] drain|[of] p2a: Windshield\n|move|p2a: Windshield|Roost|p2a: Windshield\n|-heal|p2a: Windshield|55\/100\n|-singleturn|p2a: Windshield|move: Roost\n|\n|-damage|p1a: Conkeldurr|82\/100 brn|[from] brn\n|upkeep\n|turn|21\n|\n|t:|1667509618\n|move|p1a: Conkeldurr|Drain Punch|p2a: Windshield\n|-damage|p2a: Windshield|15\/100\n|-heal|p1a: Conkeldurr|100\/100 brn|[from] drain|[of] p2a: Windshield\n|move|p2a: Windshield|Roost|p2a: Windshield\n|-heal|p2a: Windshield|65\/100\n|-singleturn|p2a: Windshield|move: Roost\n|\n|-damage|p1a: Conkeldurr|95\/100 brn|[from] brn\n|upkeep\n|turn|22\n|\n|t:|1667509622\n|switch|p1a: Dragapult|Dragapult, M|100\/100\n|-damage|p1a: Dragapult|88\/100|[from] Stealth Rock\n|move|p2a: Windshield|Roost|p2a: Windshield\n|-heal|p2a: Windshield|100\/100\n|-singleturn|p2a: Windshield|move: Roost\n|\n|upkeep\n|turn|23\n|\n|t:|1667509632\n|switch|p2a: Joe Mama|Chansey, F|100\/100\n|move|p1a: Dragapult|Flamethrower|p2a: Joe Mama\n|-damage|p2a: Joe Mama|88\/100\n|-status|p2a: Joe Mama|brn\n|\n|-damage|p2a: Joe Mama|82\/100 brn|[from] brn\n|upkeep\n|turn|24\n|\n|t:|1667509638\n|switch|p1a: Blissey|Blissey, F|100\/100\n|-curestatus|p2a: Joe Mama|brn|[from] ability: Natural Cure\n|switch|p2a: Glue|Toxapex, F|62\/100\n|\n|upkeep\n|turn|25\n|\n|t:|1667509642\n|switch|p2a: Dare to Taunt?|Xatu, F|100\/100\n|move|p1a: Blissey|Seismic Toss|p2a: Dare to Taunt?\n|-damage|p2a: Dare to Taunt?|70\/100\n|\n|-heal|p2a: Dare to Taunt?|76\/100|[from] item: Leftovers\n|upkeep\n|turn|26\n|\n|t:|1667509647\n|move|p2a: Dare to Taunt?|Roost|p2a: Dare to Taunt?\n|-heal|p2a: Dare to Taunt?|100\/100\n|-singleturn|p2a: Dare to Taunt?|move: Roost\n|move|p1a: Blissey|Teleport|p1a: Blissey\n|\n|t:|1667509652\n|switch|p1a: Conkeldurr|Conkeldurr, F|95\/100 brn|[from]move: Teleport\n|-damage|p1a: Conkeldurr|89\/100 brn|[from] Stealth Rock\n|\n|-damage|p1a: Conkeldurr|83\/100 brn|[from] brn\n|upkeep\n|turn|27\n|\n|t:|1667509659\n|switch|p2a: Glue|Toxapex, F|95\/100\n|move|p1a: Conkeldurr|Knock Off|p2a: Glue\n|-damage|p2a: Glue|72\/100\n|\n|-damage|p1a: Conkeldurr|77\/100 brn|[from] brn\n|upkeep\n|turn|28\n|\n|t:|1667509665\n|switch|p1a: Corviknight|Corviknight, M|100\/100\n|-damage|p1a: Corviknight|88\/100|[from] Stealth Rock\n|-ability|p1a: Corviknight|Pressure\n|switch|p2a: Windshield|Corviknight, M|100\/100\n|-ability|p2a: Windshield|Pressure\n|\n|upkeep\n|turn|29\n|\n|t:|1667509668\n|move|p2a: Windshield|Iron Defense|p2a: Windshield\n|-boost|p2a: Windshield|def|2\n|move|p1a: Corviknight|Defog|p2a: Windshield\n|-unboost|p2a: Windshield|evasion|1\n|-sideend|p1: OUTD Wraks2|Stealth Rock|[from] move: Defog|[of] p1a: Corviknight\n|\n|upkeep\n|turn|30\n|\n|t:|1667509671\n|switch|p2a: Endangered Species|Hippowdon, M|86\/100\n|switch|p1a: Dragapult|Dragapult, M|88\/100\n|\n|-heal|p2a: Endangered Species|92\/100|[from] item: Leftovers\n|upkeep\n|turn|31\n|\n|t:|1667509677\n|switch|p1a: Corviknight|Corviknight, M|88\/100\n|-ability|p1a: Corviknight|Pressure\n|move|p2a: Endangered Species|Slack Off|p2a: Endangered Species\n|-heal|p2a: Endangered Species|100\/100\n|\n|upkeep\n|turn|32\n|\n|t:|1667509683\n|move|p1a: Corviknight|Brave Bird|p2a: Endangered Species\n|-damage|p2a: Endangered Species|75\/100\n|-damage|p1a: Corviknight|79\/100|[from] Recoil\n|move|p2a: Endangered Species|Stealth Rock|p1a: Corviknight\n|-sidestart|p1: OUTD Wraks2|move: Stealth Rock\n|\n|-heal|p2a: Endangered Species|81\/100|[from] item: Leftovers\n|upkeep\n|turn|33\n|\n|t:|1667509688\n|switch|p2a: Windshield|Corviknight, M|100\/100\n|-ability|p2a: Windshield|Pressure\n|move|p1a: Corviknight|Defog|p2a: Windshield\n|-unboost|p2a: Windshield|evasion|1\n|-sideend|p1: OUTD Wraks2|Stealth Rock|[from] move: Defog|[of] p1a: Corviknight\n|\n|upkeep\n|turn|34\n|\n|t:|1667509691\n|switch|p2a: Endangered Species|Hippowdon, M|81\/100\n|move|p1a: Corviknight|U-turn|p2a: Endangered Species\n|-damage|p2a: Endangered Species|70\/100\n|\n|t:|1667509693\n|switch|p1a: Rillaboom|Rillaboom, F|83\/100|[from]move: U-turn\n|-fieldstart|move: Grassy Terrain|[from] ability: Grassy Surge|[of] p1a: Rillaboom\n|\n|-heal|p1a: Rillaboom|90\/100|[from] Grassy Terrain\n|-heal|p2a: Endangered Species|77\/100|[from] Grassy Terrain\n|-heal|p2a: Endangered Species|83\/100|[from] item: Leftovers\n|upkeep\n|turn|35\n|\n|t:|1667509700\n|switch|p2a: Glue|Toxapex, F|100\/100\n|move|p1a: Rillaboom|Wood Hammer|p2a: Glue\n|-damage|p2a: Glue|28\/100\n|-damage|p1a: Rillaboom|68\/100|[from] Recoil\n|\n|-heal|p1a: Rillaboom|74\/100|[from] Grassy Terrain\n|-heal|p2a: Glue|34\/100|[from] Grassy Terrain\n|upkeep\n|turn|36\n|\n|t:|1667509708\n|switch|p1a: Dragapult|Dragapult, M|88\/100\n|switch|p2a: Windshield|Corviknight, M|100\/100\n|-ability|p2a: Windshield|Pressure\n|\n|-heal|p1a: Dragapult|94\/100|[from] Grassy Terrain\n|upkeep\n|turn|37\n|\n|t:|1667509714\n|switch|p2a: Magic Guard no cap|Clefable, M|100\/100\n|move|p1a: Dragapult|U-turn|p2a: Magic Guard no cap\n|-resisted|p2a: Magic Guard no cap\n|-damage|p2a: Magic Guard no cap|94\/100\n|\n|t:|1667509717\n|switch|p1a: Rillaboom|Rillaboom, F|74\/100|[from]move: U-turn\n|\n|-heal|p1a: Rillaboom|81\/100|[from] Grassy Terrain\n|-heal|p2a: Magic Guard no cap|99\/100|[from] Grassy Terrain\n|-heal|p2a: Magic Guard no cap|100\/100|[from] item: Leftovers\n|upkeep\n|turn|38\n|\n|t:|1667509723\n|switch|p2a: Windshield|Corviknight, M|100\/100\n|-ability|p2a: Windshield|Pressure\n|move|p1a: Rillaboom|Wood Hammer|p2a: Windshield\n|-resisted|p2a: Windshield\n|-damage|p2a: Windshield|82\/100\n|-damage|p1a: Rillaboom|73\/100|[from] Recoil\n|\n|-heal|p1a: Rillaboom|79\/100|[from] Grassy Terrain\n|-fieldend|move: Grassy Terrain\n|upkeep\n|turn|39\n|\n|t:|1667509727\n|switch|p1a: Swampert|Swampert, F|100\/100\n|switch|p2a: Glue|Toxapex, F|68\/100\n|\n|upkeep\n|turn|40\n|\n|t:|1667509731\n|switch|p2a: Dare to Taunt?|Xatu, F|100\/100\n|move|p1a: Swampert|Earthquake|p2a: Dare to Taunt?\n|-immune|p2a: Dare to Taunt?\n|\n|upkeep\n|turn|41\n|\n|t:|1667509734\n|move|p2a: Dare to Taunt?|Toxic|p1a: Swampert\n|-status|p1a: Swampert|tox\n|move|p1a: Swampert|Flip Turn|p2a: Dare to Taunt?\n|-damage|p2a: Dare to Taunt?|70\/100\n|\n|t:|1667509738\n|switch|p1a: Dragapult|Dragapult, M|94\/100|[from]move: Flip Turn\n|\n|-heal|p2a: Dare to Taunt?|77\/100|[from] item: Leftovers\n|upkeep\n|turn|42\n|\n|t:|1667509742\n|switch|p2a: Glue|Toxapex, F|100\/100\n|move|p1a: Dragapult|Shadow Ball|p2a: Glue\n|-damage|p2a: Glue|59\/100\n|\n|upkeep\n|turn|43\n|\n|t:|1667509749\n|move|p1a: Dragapult|Shadow Ball|p2a: Glue\n|-damage|p2a: Glue|13\/100\n|move|p2a: Glue|Toxic|p1a: Dragapult\n|-status|p1a: Dragapult|tox\n|\n|-damage|p1a: Dragapult|88\/100 tox|[from] psn\n|upkeep\n|turn|44\n|\n|t:|1667509756\n|switch|p1a: Rillaboom|Rillaboom, F|79\/100\n|-fieldstart|move: Grassy Terrain|[from] ability: Grassy Surge|[of] p1a: Rillaboom\n|switch|p2a: Endangered Species|Hippowdon, M|83\/100\n|\n|-heal|p1a: Rillaboom|86\/100|[from] Grassy Terrain\n|-heal|p2a: Endangered Species|89\/100|[from] Grassy Terrain\n|-heal|p2a: Endangered Species|95\/100|[from] item: Leftovers\n|upkeep\n|turn|45\n|\n|t:|1667509763\n|switch|p2a: Windshield|Corviknight, M|82\/100\n|-ability|p2a: Windshield|Pressure\n|move|p1a: Rillaboom|U-turn|p2a: Windshield\n|-resisted|p2a: Windshield\n|-damage|p2a: Windshield|76\/100\n|\n|t:|1667509766\n|switch|p1a: Dragapult|Dragapult, M|88\/100 tox|[from]move: U-turn\n|\n|-heal|p1a: Dragapult|94\/100 tox|[from] Grassy Terrain\n|-damage|p1a: Dragapult|88\/100 tox|[from] psn\n|upkeep\n|turn|46\n|\n|t:|1667509771\n|switch|p2a: Magic Guard no cap|Clefable, M|100\/100\n|move|p1a: Dragapult|U-turn|p2a: Magic Guard no cap\n|-resisted|p2a: Magic Guard no cap\n|-damage|p2a: Magic Guard no cap|94\/100\n|\n|t:|1667509773\n|switch|p1a: Rillaboom|Rillaboom, F|86\/100|[from]move: U-turn\n|\n|-heal|p1a: Rillaboom|92\/100|[from] Grassy Terrain\n|-heal|p2a: Magic Guard no cap|100\/100|[from] Grassy Terrain\n|upkeep\n|turn|47\n|\n|t:|1667509780\n|switch|p2a: Windshield|Corviknight, M|76\/100\n|-ability|p2a: Windshield|Pressure\n|move|p1a: Rillaboom|U-turn|p2a: Windshield\n|-resisted|p2a: Windshield\n|-damage|p2a: Windshield|70\/100\n|\n|t:|1667509785\n|switch|p1a: Dragapult|Dragapult, M|88\/100 tox|[from]move: U-turn\n|\n|-heal|p1a: Dragapult|94\/100 tox|[from] Grassy Terrain\n|-damage|p1a: Dragapult|88\/100 tox|[from] psn\n|upkeep\n|turn|48\n|\n|t:|1667509789\n|switch|p2a: Magic Guard no cap|Clefable, M|100\/100\n|move|p1a: Dragapult|Flamethrower|p2a: Magic Guard no cap\n|-crit|p2a: Magic Guard no cap\n|-damage|p2a: Magic Guard no cap|49\/100\n|\n|-heal|p1a: Dragapult|94\/100 tox|[from] Grassy Terrain\n|-heal|p2a: Magic Guard no cap|55\/100|[from] Grassy Terrain\n|-heal|p2a: Magic Guard no cap|61\/100|[from] item: Leftovers\n|-damage|p1a: Dragapult|82\/100 tox|[from] psn\n|-fieldend|move: Grassy Terrain\n|upkeep\n|turn|49\n|l| StupidIdiotMe\n|\n|t:|1667509796\n|switch|p1a: Swampert|Swampert, F|100\/100 tox\n|move|p2a: Magic Guard no cap|Soft-Boiled|p2a: Magic Guard no cap\n|-heal|p2a: Magic Guard no cap|100\/100\n|\n|-damage|p1a: Swampert|94\/100 tox|[from] psn\n|upkeep\n|turn|50\n|\n|t:|1667509802\n|move|p2a: Magic Guard no cap|Calm Mind|p2a: Magic Guard no cap\n|-boost|p2a: Magic Guard no cap|spa|1\n|-boost|p2a: Magic Guard no cap|spd|1\n|move|p1a: Swampert|Flip Turn|p2a: Magic Guard no cap\n|-damage|p2a: Magic Guard no cap|83\/100\n|\n|t:|1667509805\n|switch|p1a: Rillaboom|Rillaboom, F|92\/100|[from]move: Flip Turn\n|-fieldstart|move: Grassy Terrain|[from] ability: Grassy Surge|[of] p1a: Rillaboom\n|\n|-heal|p1a: Rillaboom|98\/100|[from] Grassy Terrain\n|-heal|p2a: Magic Guard no cap|89\/100|[from] Grassy Terrain\n|-heal|p2a: Magic Guard no cap|95\/100|[from] item: Leftovers\n|upkeep\n|turn|51\n|\n|t:|1667509808\n|switch|p2a: Windshield|Corviknight, M|70\/100\n|-ability|p2a: Windshield|Pressure\n|move|p1a: Rillaboom|U-turn|p2a: Windshield\n|-resisted|p2a: Windshield\n|-damage|p2a: Windshield|64\/100\n|\n|t:|1667509814\n|switch|p1a: Dragapult|Dragapult, M|82\/100 tox|[from]move: U-turn\n|\n|-heal|p1a: Dragapult|88\/100 tox|[from] Grassy Terrain\n|-damage|p1a: Dragapult|82\/100 tox|[from] psn\n|upkeep\n|turn|52\n|\n|t:|1667509818\n|switch|p2a: Magic Guard no cap|Clefable, M|95\/100\n|move|p1a: Dragapult|Flamethrower|p2a: Magic Guard no cap\n|-damage|p2a: Magic Guard no cap|61\/100\n|\n|-heal|p1a: Dragapult|88\/100 tox|[from] Grassy Terrain\n|-heal|p2a: Magic Guard no cap|67\/100|[from] Grassy Terrain\n|-heal|p2a: Magic Guard no cap|73\/100|[from] item: Leftovers\n|-damage|p1a: Dragapult|76\/100 tox|[from] psn\n|upkeep\n|turn|53\n|\n|t:|1667509824\n|switch|p1a: Swampert|Swampert, F|94\/100 tox\n|move|p2a: Magic Guard no cap|Moonblast|p1a: Swampert\n|-damage|p1a: Swampert|72\/100 tox\n|\n|-heal|p2a: Magic Guard no cap|79\/100|[from] Grassy Terrain\n|-heal|p2a: Magic Guard no cap|85\/100|[from] item: Leftovers\n|-heal|p1a: Swampert|78\/100 tox|[from] Grassy Terrain\n|-heal|p1a: Swampert|84\/100 tox|[from] item: Leftovers\n|-damage|p1a: Swampert|78\/100 tox|[from] psn\n|upkeep\n|turn|54\n|\n|t:|1667509828\n|move|p2a: Magic Guard no cap|Calm Mind|p2a: Magic Guard no cap\n|-boost|p2a: Magic Guard no cap|spa|1\n|-boost|p2a: Magic Guard no cap|spd|1\n|move|p1a: Swampert|Flip Turn|p2a: Magic Guard no cap\n|-damage|p2a: Magic Guard no cap|68\/100\n|j| Drearylake\n|\n|t:|1667509832\n|switch|p1a: Blissey|Blissey, F|100\/100|[from]move: Flip Turn\n|\n|-heal|p2a: Magic Guard no cap|74\/100|[from] Grassy Terrain\n|-heal|p2a: Magic Guard no cap|80\/100|[from] item: Leftovers\n|-fieldend|move: Grassy Terrain\n|upkeep\n|turn|55\n|\n|t:|1667509842\n|switch|p2a: Windshield|Corviknight, M|64\/100\n|-ability|p2a: Windshield|Pressure\n|move|p1a: Blissey|Teleport|p1a: Blissey\n|\n|t:|1667509847\n|switch|p1a: Dragapult|Dragapult, M|76\/100 tox|[from]move: Teleport\n|\n|-damage|p1a: Dragapult|70\/100 tox|[from] psn\n|upkeep\n|turn|56\n|\n|t:|1667509850\n|switch|p2a: Endangered Species|Hippowdon, M|95\/100\n|move|p1a: Dragapult|U-turn|p2a: Endangered Species\n|-damage|p2a: Endangered Species|82\/100\n|\n|t:|1667509852\n|switch|p1a: Rillaboom|Rillaboom, F|98\/100|[from]move: U-turn\n|-fieldstart|move: Grassy Terrain|[from] ability: Grassy Surge|[of] p1a: Rillaboom\n|\n|-heal|p1a: Rillaboom|100\/100|[from] Grassy Terrain\n|-heal|p2a: Endangered Species|89\/100|[from] Grassy Terrain\n|-heal|p2a: Endangered Species|95\/100|[from] item: Leftovers\n|upkeep\n|turn|57\n|\n|t:|1667509857\n|switch|p2a: Windshield|Corviknight, M|64\/100\n|-ability|p2a: Windshield|Pressure\n|move|p1a: Rillaboom|U-turn|p2a: Windshield\n|-resisted|p2a: Windshield\n|-damage|p2a: Windshield|58\/100\n|j| Ctannn\n|\n|t:|1667509859\n|switch|p1a: Dragapult|Dragapult, M|70\/100 tox|[from]move: U-turn\n|\n|-heal|p1a: Dragapult|76\/100 tox|[from] Grassy Terrain\n|-damage|p1a: Dragapult|70\/100 tox|[from] psn\n|upkeep\n|turn|58\n|\n|t:|1667509870\n|switch|p2a: Glue|Toxapex, F|47\/100\n|move|p1a: Dragapult|U-turn|p2a: Glue\n|-resisted|p2a: Glue\n|-damage|p2a: Glue|42\/100\n|\n|t:|1667509876\n|switch|p1a: Conkeldurr|Conkeldurr, F|77\/100 brn|[from]move: U-turn\n|\n|-heal|p1a: Conkeldurr|83\/100 brn|[from] Grassy Terrain\n|-heal|p2a: Glue|48\/100|[from] Grassy Terrain\n|-damage|p1a: Conkeldurr|77\/100 brn|[from] brn\n|upkeep\n|turn|59\n|inactive|Highv0ltag3 has 120 seconds left.\n|\n|t:|1667509916\n|switch|p2a: Joe Mama|Chansey, F|82\/100\n|move|p1a: Conkeldurr|Facade|p2a: Joe Mama\n|-damage|p2a: Joe Mama|29\/100\n|\n|-heal|p1a: Conkeldurr|83\/100 brn|[from] Grassy Terrain\n|-heal|p2a: Joe Mama|36\/100|[from] Grassy Terrain\n|-damage|p1a: Conkeldurr|77\/100 brn|[from] brn\n|upkeep\n|turn|60\n|\n|t:|1667509920\n|switch|p2a: Glue|Toxapex, F|81\/100\n|move|p1a: Conkeldurr|Facade|p2a: Glue\n|-damage|p2a: Glue|28\/100\n|\n|-heal|p1a: Conkeldurr|83\/100 brn|[from] Grassy Terrain\n|-heal|p2a: Glue|34\/100|[from] Grassy Terrain\n|-damage|p1a: Conkeldurr|77\/100 brn|[from] brn\n|-fieldend|move: Grassy Terrain\n|upkeep\n|turn|61\n|\n|t:|1667509926\n|switch|p2a: Joe Mama|Chansey, F|36\/100\n|move|p1a: Conkeldurr|Facade|p2a: Joe Mama\n|-damage|p2a: Joe Mama|0 fnt\n|faint|p2a: Joe Mama\n|\n|-damage|p1a: Conkeldurr|71\/100 brn|[from] brn\n|upkeep\n|\n|t:|1667509929\n|switch|p2a: Windshield|Corviknight, M|58\/100\n|-ability|p2a: Windshield|Pressure\n|turn|62\n|\n|t:|1667509933\n|move|p1a: Conkeldurr|Drain Punch|p2a: Windshield\n|-damage|p2a: Windshield|19\/100\n|-heal|p1a: Conkeldurr|93\/100 brn|[from] drain|[of] p2a: Windshield\n|move|p2a: Windshield|Roost|p2a: Windshield\n|-heal|p2a: Windshield|69\/100\n|-singleturn|p2a: Windshield|move: Roost\n|\n|-damage|p1a: Conkeldurr|87\/100 brn|[from] brn\n|upkeep\n|turn|63\n|\n|t:|1667509940\n|switch|p1a: Rillaboom|Rillaboom, F|100\/100\n|-fieldstart|move: Grassy Terrain|[from] ability: Grassy Surge|[of] p1a: Rillaboom\n|move|p2a: Windshield|Roost|p2a: Windshield\n|-heal|p2a: Windshield|100\/100\n|-singleturn|p2a: Windshield|move: Roost\n|\n|upkeep\n|turn|64\n|\n|t:|1667509945\n|switch|p2a: Glue|Toxapex, F|68\/100\n|move|p1a: Rillaboom|U-turn|p2a: Glue\n|-resisted|p2a: Glue\n|-damage|p2a: Glue|56\/100\n|\n|t:|1667509954\n|switch|p1a: Blissey|Blissey, F|100\/100|[from]move: U-turn\n|\n|-heal|p2a: Glue|63\/100|[from] Grassy Terrain\n|upkeep\n|turn|65\n|j| mantaray202\n|\n|t:|1667509962\n|move|p1a: Blissey|Seismic Toss|p2a: Glue\n|-damage|p2a: Glue|30\/100\n|move|p2a: Glue|Knock Off|p1a: Blissey\n|-damage|p1a: Blissey|89\/100\n|-enditem|p1a: Blissey|Heavy-Duty Boots|[from] move: Knock Off|[of] p2a: Glue\n|\n|-heal|p1a: Blissey|95\/100|[from] Grassy Terrain\n|-heal|p2a: Glue|36\/100|[from] Grassy Terrain\n|upkeep\n|turn|66\n|\n|t:|1667509967\n|switch|p2a: Endangered Species|Hippowdon, M|95\/100\n|move|p1a: Blissey|Seismic Toss|p2a: Endangered Species\n|-damage|p2a: Endangered Species|71\/100\n|\n|-heal|p1a: Blissey|100\/100|[from] Grassy Terrain\n|-heal|p2a: Endangered Species|77\/100|[from] Grassy Terrain\n|-heal|p2a: Endangered Species|83\/100|[from] item: Leftovers\n|upkeep\n|turn|67\n|\n|t:|1667509970\n|move|p1a: Blissey|Toxic|p2a: Endangered Species\n|-status|p2a: Endangered Species|tox\n|move|p2a: Endangered Species|Stealth Rock|p1a: Blissey\n|-sidestart|p1: OUTD Wraks2|move: Stealth Rock\n|\n|-heal|p2a: Endangered Species|90\/100 tox|[from] Grassy Terrain\n|-heal|p2a: Endangered Species|96\/100 tox|[from] item: Leftovers\n|-damage|p2a: Endangered Species|90\/100 tox|[from] psn\n|-fieldend|move: Grassy Terrain\n|upkeep\n|turn|68\n|\n|t:|1667509976\n|switch|p1a: Corviknight|Corviknight, M|79\/100\n|-damage|p1a: Corviknight|67\/100|[from] Stealth Rock\n|-ability|p1a: Corviknight|Pressure\n|switch|p2a: Glue|Toxapex, F|69\/100\n|\n|upkeep\n|turn|69\n|\n|t:|1667509981\n|switch|p2a: Windshield|Corviknight, M|100\/100\n|-ability|p2a: Windshield|Pressure\n|move|p1a: Corviknight|Defog|p2a: Windshield\n|-unboost|p2a: Windshield|evasion|1\n|-sideend|p1: OUTD Wraks2|Stealth Rock|[from] move: Defog|[of] p1a: Corviknight\n|\n|upkeep\n|turn|70\n|\n|t:|1667509985\n|switch|p2a: Glue|Toxapex, F|100\/100\n|move|p1a: Corviknight|Roost|p1a: Corviknight\n|-heal|p1a: Corviknight|100\/100\n|-singleturn|p1a: Corviknight|move: Roost\n|\n|upkeep\n|turn|71\n|\n|t:|1667509989\n|switch|p1a: Blissey|Blissey, F|100\/100\n|move|p2a: Glue|Knock Off|p1a: Blissey\n|-crit|p1a: Blissey\n|-damage|p1a: Blissey|88\/100\n|\n|upkeep\n|turn|72\n|\n|t:|1667509995\n|switch|p2a: Windshield|Corviknight, M|100\/100\n|-ability|p2a: Windshield|Pressure\n|move|p1a: Blissey|Seismic Toss|p2a: Windshield\n|-damage|p2a: Windshield|75\/100\n|\n|upkeep\n|turn|73\n|\n|t:|1667509999\n|switch|p2a: Glue|Toxapex, F|100\/100\n|move|p1a: Blissey|Seismic Toss|p2a: Glue\n|-damage|p2a: Glue|68\/100\n|\n|upkeep\n|turn|74\n|j| hashdagg_yolo\n|\n|t:|1667510003\n|switch|p2a: Windshield|Corviknight, M|75\/100\n|-ability|p2a: Windshield|Pressure\n|move|p1a: Blissey|Seismic Toss|p2a: Windshield\n|-damage|p2a: Windshield|50\/100\n|\n|upkeep\n|turn|75\n|\n|t:|1667510006\n|move|p2a: Windshield|Roost|p2a: Windshield\n|-heal|p2a: Windshield|100\/100\n|-singleturn|p2a: Windshield|move: Roost\n|move|p1a: Blissey|Seismic Toss|p2a: Windshield\n|-damage|p2a: Windshield|75\/100\n|\n|upkeep\n|turn|76\n|\n|t:|1667510011\n|switch|p2a: Dare to Taunt?|Xatu, F|77\/100\n|move|p1a: Blissey|Seismic Toss|p2a: Dare to Taunt?\n|-damage|p2a: Dare to Taunt?|46\/100\n|\n|-heal|p2a: Dare to Taunt?|52\/100|[from] item: Leftovers\n|upkeep\n|turn|77\n|l| hashdagg_yolo\n|\n|t:|1667510017\n|move|p2a: Dare to Taunt?|Roost|p2a: Dare to Taunt?\n|-heal|p2a: Dare to Taunt?|100\/100\n|-singleturn|p2a: Dare to Taunt?|move: Roost\n|move|p1a: Blissey|Teleport|p1a: Blissey\n|\n|t:|1667510022\n|switch|p1a: Conkeldurr|Conkeldurr, F|87\/100 brn|[from]move: Teleport\n|\n|-damage|p1a: Conkeldurr|81\/100 brn|[from] brn\n|upkeep\n|turn|78\n|\n|t:|1667510028\n|switch|p2a: Glue|Toxapex, F|100\/100\n|move|p1a: Conkeldurr|Facade|p2a: Glue\n|-damage|p2a: Glue|54\/100\n|\n|-damage|p1a: Conkeldurr|75\/100 brn|[from] brn\n|upkeep\n|turn|79\n|\n|t:|1667510031\n|move|p1a: Conkeldurr|Facade|p2a: Glue\n|-damage|p2a: Glue|0 fnt\n|faint|p2a: Glue\n|\n|-damage|p1a: Conkeldurr|69\/100 brn|[from] brn\n|upkeep\n|\n|t:|1667510037\n|switch|p2a: Endangered Species|Hippowdon, M|90\/100 tox\n|turn|80\n|\n|t:|1667510041\n|move|p1a: Conkeldurr|Facade|p2a: Endangered Species\n|-damage|p2a: Endangered Species|30\/100 tox\n|move|p2a: Endangered Species|Earthquake|p1a: Conkeldurr\n|-damage|p1a: Conkeldurr|39\/100 brn\n|\n|-heal|p2a: Endangered Species|36\/100 tox|[from] item: Leftovers\n|-damage|p2a: Endangered Species|30\/100 tox|[from] psn\n|-damage|p1a: Conkeldurr|33\/100 brn|[from] brn\n|upkeep\n|turn|81\n|\n|t:|1667510047\n|switch|p2a: Dare to Taunt?|Xatu, F|100\/100\n|move|p1a: Conkeldurr|Drain Punch|p2a: Dare to Taunt?\n|-resisted|p2a: Dare to Taunt?\n|-damage|p2a: Dare to Taunt?|78\/100\n|-heal|p1a: Conkeldurr|44\/100 brn|[from] drain|[of] p2a: Dare to Taunt?\n|\n|-heal|p2a: Dare to Taunt?|84\/100|[from] item: Leftovers\n|-damage|p1a: Conkeldurr|38\/100 brn|[from] brn\n|upkeep\n|turn|82\n|\n|t:|1667510050\n|move|p2a: Dare to Taunt?|Night Shade|p1a: Conkeldurr\n|-damage|p1a: Conkeldurr|9\/100 brn\n|move|p1a: Conkeldurr|Knock Off|p2a: Dare to Taunt?\n|-supereffective|p2a: Dare to Taunt?\n|-damage|p2a: Dare to Taunt?|0 fnt\n|-enditem|p2a: Dare to Taunt?|Leftovers|[from] move: Knock Off|[of] p1a: Conkeldurr\n|faint|p2a: Dare to Taunt?\n|\n|-damage|p1a: Conkeldurr|3\/100 brn|[from] brn\n|upkeep\n|\n|t:|1667510056\n|switch|p2a: Magic Guard no cap|Clefable, M|80\/100\n|turn|83\n|\n|t:|1667510061\n|switch|p1a: Blissey|Blissey, F|88\/100\n|switch|p2a: Endangered Species|Hippowdon, M|30\/100 tox\n|\n|-heal|p2a: Endangered Species|36\/100 tox|[from] item: Leftovers\n|-damage|p2a: Endangered Species|30\/100 tox|[from] psn\n|upkeep\n|turn|84\n|\n|t:|1667510070\n|move|p2a: Endangered Species|Slack Off|p2a: Endangered Species\n|-heal|p2a: Endangered Species|80\/100 tox\n|move|p1a: Blissey|Teleport|p1a: Blissey\n|\n|t:|1667510073\n|switch|p1a: Rillaboom|Rillaboom, F|100\/100|[from]move: Teleport\n|-fieldstart|move: Grassy Terrain|[from] ability: Grassy Surge|[of] p1a: Rillaboom\n|\n|-heal|p2a: Endangered Species|86\/100 tox|[from] Grassy Terrain\n|-heal|p2a: Endangered Species|92\/100 tox|[from] item: Leftovers\n|-damage|p2a: Endangered Species|80\/100 tox|[from] psn\n|upkeep\n|turn|85\n|\n|t:|1667510080\n|move|p1a: Rillaboom|Wood Hammer|p2a: Endangered Species\n|-supereffective|p2a: Endangered Species\n|-damage|p2a: Endangered Species|0 fnt\n|faint|p2a: Endangered Species\n|-damage|p1a: Rillaboom|68\/100|[from] Recoil\n|\n|-heal|p1a: Rillaboom|74\/100|[from] Grassy Terrain\n|upkeep\n|\n|t:|1667510083\n|switch|p2a: Windshield|Corviknight, M|75\/100\n|-ability|p2a: Windshield|Pressure\n|turn|86\n|\n|t:|1667510091\n|switch|p1a: Dragapult|Dragapult, M|70\/100 tox\n|switch|p2a: Magic Guard no cap|Clefable, M|80\/100\n|\n|-heal|p1a: Dragapult|76\/100 tox|[from] Grassy Terrain\n|-heal|p2a: Magic Guard no cap|86\/100|[from] Grassy Terrain\n|-heal|p2a: Magic Guard no cap|92\/100|[from] item: Leftovers\n|-damage|p1a: Dragapult|70\/100 tox|[from] psn\n|upkeep\n|turn|87\n|\n|t:|1667510096\n|move|p1a: Dragapult|U-turn|p2a: Magic Guard no cap\n|-resisted|p2a: Magic Guard no cap\n|-damage|p2a: Magic Guard no cap|85\/100\n|\n|t:|1667510106\n|switch|p1a: Swampert|Swampert, F|78\/100 tox|[from]move: U-turn\n|move|p2a: Magic Guard no cap|Calm Mind|p2a: Magic Guard no cap\n|-boost|p2a: Magic Guard no cap|spa|1\n|-boost|p2a: Magic Guard no cap|spd|1\n|\n|-heal|p2a: Magic Guard no cap|91\/100|[from] Grassy Terrain\n|-heal|p2a: Magic Guard no cap|97\/100|[from] item: Leftovers\n|-heal|p1a: Swampert|84\/100 tox|[from] Grassy Terrain\n|-heal|p1a: Swampert|91\/100 tox|[from] item: Leftovers\n|-damage|p1a: Swampert|84\/100 tox|[from] psn\n|upkeep\n|turn|88\n|\n|t:|1667510110\n|move|p2a: Magic Guard no cap|Moonblast|p1a: Swampert\n|-damage|p1a: Swampert|53\/100 tox\n|move|p1a: Swampert|Toxic|p2a: Magic Guard no cap\n|-status|p2a: Magic Guard no cap|tox\n|\n|-heal|p2a: Magic Guard no cap|100\/100 tox|[from] Grassy Terrain\n|-heal|p1a: Swampert|59\/100 tox|[from] Grassy Terrain\n|-heal|p1a: Swampert|65\/100 tox|[from] item: Leftovers\n|-damage|p2a: Magic Guard no cap|94\/100 tox|[from] psn\n|-damage|p1a: Swampert|53\/100 tox|[from] psn\n|-fieldend|move: Grassy Terrain\n|upkeep\n|turn|89\n|c|\u2606Highv0ltag3|gg\n|c|\u2606OUTD Wraks2|gg\n|-message|Highv0ltag3 forfeited.\n|\n|win|OUTD Wraks2\n|raw|OUTD Wraks2's rating: 1702 &rarr; <strong>1733<\/strong><br \/>(+31 for winning)\n|raw|Highv0ltag3's rating: 1921 &rarr; <strong>1890<\/strong><br \/>(-31 for losing)\n|l|\u2606Highv0ltag3\n|l| Ctannn\n||Ladder isn't responding, score probably updated but might not have (Request timeout).\n","uploadtime":1667510125,"views":36,"p1id":"outdwraks2","p2id":"highv0ltag3","formatid":"gen8ou","rating":1733,"private":0,"password":null}