{"id":"gen8ou-1688473074","p1":"abacuscreator","p2":"Vodyne","format":"gen8ou","log":"|html|<div class=\"broadcast-blue\"><strong>[Gen 8] OU is currently suspecting Melmetal! For information on how to participate check out the <a href=\"https:\/\/www.smogon.com\/forums\/threads\/np-ss-ou-suspect-process-round-12-monster-mash.3709234\/\">suspect thread<\/a>.<\/strong><\/div>\n|j|\u2606abacuscreator\n|j|\u2606Vodyne\n|t:|1666071409\n|gametype|singles\n|player|p1|abacuscreator|pokemaniac|1661\n|player|p2|Vodyne|169|1553\n|teamsize|p1|6\n|teamsize|p2|6\n|gen|8\n|tier|[Gen 8] OU\n|rated|\n|rule|Sleep Clause Mod: Limit one foe put to sleep\n|rule|Species Clause: Limit one of each Pok\u00e9mon\n|rule|OHKO Clause: OHKO moves are banned\n|rule|Evasion Items Clause: Evasion items are banned\n|rule|Evasion Moves Clause: Evasion moves are banned\n|rule|Endless Battle Clause: Forcing endless battles is banned\n|rule|HP Percentage Mod: HP is shown in percentages\n|rule|Dynamax Clause: You cannot dynamax\n|clearpoke\n|poke|p1|Hippowdon, M|\n|poke|p1|Corviknight, M|\n|poke|p1|Mew|\n|poke|p1|Tapu Fini|\n|poke|p1|Clefable, M|\n|poke|p1|Buzzwole|\n|poke|p2|Snorlax, M|\n|poke|p2|Suicune|\n|poke|p2|Melmetal|\n|poke|p2|Victini|\n|poke|p2|Landorus-Therian, M|\n|poke|p2|Zapdos|\n|teampreview\n|inactive|Battle timer is ON: inactive players will automatically lose when time's up. (requested by Vodyne)\n|\n|t:|1666071426\n|start\n|switch|p1a: Tapu Fini|Tapu Fini|100\/100\n|switch|p2a: Landorus|Landorus-Therian, M|100\/100\n|-ability|p2a: Landorus|Intimidate|boost\n|-unboost|p1a: Tapu Fini|atk|1\n|-fieldstart|move: Misty Terrain|[from] ability: Misty Surge|[of] p1a: Tapu Fini\n|turn|1\n|\n|t:|1666071439\n|move|p2a: Landorus|U-turn|p1a: Tapu Fini\n|-resisted|p1a: Tapu Fini\n|-damage|p1a: Tapu Fini|89\/100\n|\n|t:|1666071445\n|switch|p2a: Zapdos|Zapdos|100\/100|[from]move: U-turn\n|move|p1a: Tapu Fini|Hydro Pump|p2a: Zapdos\n|-damage|p2a: Zapdos|15\/100\n|\n|upkeep\n|turn|2\n|\n|t:|1666071451\n|switch|p1a: Hippowdon|Hippowdon, M|100\/100\n|-weather|Sandstorm|[from] ability: Sand Stream|[of] p1a: Hippowdon\n|move|p2a: Zapdos|Hurricane|p1a: Hippowdon|[miss]\n|-miss|p2a: Zapdos|p1a: Hippowdon\n|\n|-weather|Sandstorm|[upkeep]\n|-damage|p2a: Zapdos|9\/100|[from] Sandstorm\n|upkeep\n|turn|3\n|\n|t:|1666071458\n|move|p2a: Zapdos|Hurricane|p1a: Hippowdon|[miss]\n|-miss|p2a: Zapdos|p1a: Hippowdon\n|move|p1a: Hippowdon|Earthquake|p2a: Zapdos\n|-immune|p2a: Zapdos\n|\n|-weather|Sandstorm|[upkeep]\n|-damage|p2a: Zapdos|3\/100|[from] Sandstorm\n|upkeep\n|turn|4\n|\n|t:|1666071463\n|move|p2a: Zapdos|Hurricane|p1a: Hippowdon\n|-damage|p1a: Hippowdon|49\/100\n|move|p1a: Hippowdon|Slack Off|p1a: Hippowdon\n|-heal|p1a: Hippowdon|99\/100\n|\n|-weather|Sandstorm|[upkeep]\n|-damage|p2a: Zapdos|0 fnt|[from] Sandstorm\n|faint|p2a: Zapdos\n|-heal|p1a: Hippowdon|100\/100|[from] item: Leftovers\n|upkeep\n|\n|t:|1666071468\n|switch|p2a: Melmetal|Melmetal|100\/100\n|turn|5\n|\n|t:|1666071473\n|move|p2a: Melmetal|Ice Punch|p1a: Hippowdon\n|-supereffective|p1a: Hippowdon\n|-crit|p1a: Hippowdon\n|-damage|p1a: Hippowdon|6\/100\n|move|p1a: Hippowdon|Curse|p1a: Hippowdon\n|-unboost|p1a: Hippowdon|spe|1\n|-boost|p1a: Hippowdon|atk|1\n|-boost|p1a: Hippowdon|def|1\n|\n|-weather|Sandstorm|[upkeep]\n|-heal|p1a: Hippowdon|13\/100|[from] item: Leftovers\n|-fieldend|Misty Terrain\n|upkeep\n|turn|6\n|\n|t:|1666071481\n|move|p2a: Melmetal|Earthquake|p1a: Hippowdon\n|-damage|p1a: Hippowdon|0 fnt\n|faint|p1a: Hippowdon\n|\n|-weather|none\n|upkeep\n|\n|t:|1666071487\n|switch|p1a: Buzzwole|Buzzwole|100\/100\n|turn|7\n|\n|t:|1666071489\n|switch|p2a: Suicune|Suicune|100\/100\n|-ability|p2a: Suicune|Pressure\n|move|p1a: Buzzwole|Close Combat|p2a: Suicune\n|-damage|p2a: Suicune|65\/100\n|-unboost|p1a: Buzzwole|def|1\n|-unboost|p1a: Buzzwole|spd|1\n|\n|-heal|p2a: Suicune|71\/100|[from] item: Leftovers\n|upkeep\n|turn|8\n|\n|t:|1666071502\n|switch|p2a: Victini|Victini|100\/100\n|move|p1a: Buzzwole|Close Combat|p2a: Victini\n|-resisted|p2a: Victini\n|-damage|p2a: Victini|66\/100\n|-unboost|p1a: Buzzwole|def|1\n|-unboost|p1a: Buzzwole|spd|1\n|\n|upkeep\n|turn|9\n|\n|t:|1666071507\n|switch|p1a: Tapu Fini|Tapu Fini|89\/100\n|-fieldstart|move: Misty Terrain|[from] ability: Misty Surge|[of] p1a: Tapu Fini\n|move|p2a: Victini|Bolt Strike|p1a: Tapu Fini\n|-supereffective|p1a: Tapu Fini\n|-damage|p1a: Tapu Fini|0 fnt\n|faint|p1a: Tapu Fini\n|\n|upkeep\n|\n|t:|1666071514\n|switch|p1a: Mew|Mew|100\/100\n|turn|10\n|\n|t:|1666071523\n|switch|p2a: Melmetal|Melmetal|100\/100\n|move|p1a: Mew|Dragon Dance|p1a: Mew\n|-boost|p1a: Mew|atk|1\n|-boost|p1a: Mew|spe|1\n|\n|upkeep\n|turn|11\n|\n|t:|1666071532\n|move|p1a: Mew|Drain Punch|p2a: Melmetal\n|-supereffective|p2a: Melmetal\n|-damage|p2a: Melmetal|55\/100\n|move|p2a: Melmetal|Double Iron Bash|p1a: Mew\n|-damage|p1a: Mew|56\/100\n|-damage|p1a: Mew|15\/100\n|-hitcount|p1a: Mew|2\n|\n|-heal|p1a: Mew|21\/100|[from] item: Leftovers\n|upkeep\n|turn|12\n|\n|t:|1666071541\n|move|p1a: Mew|Flare Blitz|p2a: Melmetal\n|-supereffective|p2a: Melmetal\n|-damage|p2a: Melmetal|0 fnt\n|faint|p2a: Melmetal\n|-damage|p1a: Mew|0 fnt|[from] Recoil\n|faint|p1a: Mew\n|\n|upkeep\n|\n|t:|1666071547\n|switch|p1a: Buzzwole|Buzzwole|100\/100\n|switch|p2a: Landorus|Landorus-Therian, M|100\/100\n|-ability|p2a: Landorus|Intimidate|boost\n|-unboost|p1a: Buzzwole|atk|1\n|turn|13\n|\n|t:|1666071551\n|move|p2a: Landorus|Knock Off|p1a: Buzzwole\n|-resisted|p1a: Buzzwole\n|-damage|p1a: Buzzwole|88\/100\n|-enditem|p1a: Buzzwole|Choice Scarf|[from] move: Knock Off|[of] p2a: Landorus\n|move|p1a: Buzzwole|Ice Punch|p2a: Landorus\n|-supereffective|p2a: Landorus\n|-damage|p2a: Landorus|18\/100\n|\n|-fieldend|Misty Terrain\n|upkeep\n|turn|14\n|\n|t:|1666071564\n|switch|p2a: Suicune|Suicune|71\/100\n|-ability|p2a: Suicune|Pressure\n|move|p1a: Buzzwole|Earthquake|p2a: Suicune\n|-damage|p2a: Suicune|58\/100\n|\n|-heal|p2a: Suicune|64\/100|[from] item: Leftovers\n|upkeep\n|turn|15\n|\n|t:|1666071569\n|switch|p1a: Corviknight|Corviknight, M|100\/100\n|move|p2a: Suicune|Scald|p1a: Corviknight\n|-damage|p1a: Corviknight|80\/100\n|-status|p1a: Corviknight|brn\n|\n|-heal|p2a: Suicune|70\/100|[from] item: Leftovers\n|-damage|p1a: Corviknight|74\/100 brn|[from] brn\n|upkeep\n|turn|16\n|\n|t:|1666071571\n|switch|p2a: Landorus|Landorus-Therian, M|18\/100\n|-ability|p2a: Landorus|Intimidate|boost\n|-ability|p1a: Corviknight|Mirror Armor\n|-unboost|p2a: Landorus|atk|1\n|move|p1a: Corviknight|Bulk Up|p1a: Corviknight\n|-boost|p1a: Corviknight|atk|1\n|-boost|p1a: Corviknight|def|1\n|\n|-damage|p1a: Corviknight|68\/100 brn|[from] brn\n|upkeep\n|turn|17\n|\n|t:|1666071576\n|move|p2a: Landorus|Knock Off|p1a: Corviknight\n|-damage|p1a: Corviknight|52\/100 brn\n|-enditem|p1a: Corviknight|Weakness Policy|[from] move: Knock Off|[of] p2a: Landorus\n|move|p1a: Corviknight|Bulk Up|p1a: Corviknight\n|-boost|p1a: Corviknight|atk|1\n|-boost|p1a: Corviknight|def|1\n|\n|-damage|p1a: Corviknight|46\/100 brn|[from] brn\n|upkeep\n|turn|18\n|\n|t:|1666071584\n|switch|p2a: Suicune|Suicune|70\/100\n|-ability|p2a: Suicune|Pressure\n|move|p1a: Corviknight|Roost|p1a: Corviknight\n|-heal|p1a: Corviknight|96\/100 brn\n|-singleturn|p1a: Corviknight|move: Roost\n|\n|-heal|p2a: Suicune|77\/100|[from] item: Leftovers\n|-damage|p1a: Corviknight|90\/100 brn|[from] brn\n|upkeep\n|turn|19\n|\n|t:|1666071590\n|move|p1a: Corviknight|Bulk Up|p1a: Corviknight\n|-boost|p1a: Corviknight|atk|1\n|-boost|p1a: Corviknight|def|1\n|move|p2a: Suicune|Calm Mind|p2a: Suicune\n|-boost|p2a: Suicune|spa|1\n|-boost|p2a: Suicune|spd|1\n|\n|-heal|p2a: Suicune|83\/100|[from] item: Leftovers\n|-damage|p1a: Corviknight|84\/100 brn|[from] brn\n|upkeep\n|turn|20\n|\n|t:|1666071600\n|move|p1a: Corviknight|Bulk Up|p1a: Corviknight\n|-boost|p1a: Corviknight|atk|1\n|-boost|p1a: Corviknight|def|1\n|move|p2a: Suicune|Calm Mind|p2a: Suicune\n|-boost|p2a: Suicune|spa|1\n|-boost|p2a: Suicune|spd|1\n|\n|-heal|p2a: Suicune|89\/100|[from] item: Leftovers\n|-damage|p1a: Corviknight|77\/100 brn|[from] brn\n|upkeep\n|turn|21\n|\n|t:|1666071609\n|move|p1a: Corviknight|Bulk Up|p1a: Corviknight\n|-boost|p1a: Corviknight|atk|1\n|-boost|p1a: Corviknight|def|1\n|move|p2a: Suicune|Calm Mind|p2a: Suicune\n|-boost|p2a: Suicune|spa|1\n|-boost|p2a: Suicune|spd|1\n|\n|-heal|p2a: Suicune|95\/100|[from] item: Leftovers\n|-damage|p1a: Corviknight|71\/100 brn|[from] brn\n|upkeep\n|turn|22\n|\n|t:|1666071611\n|move|p1a: Corviknight|Bulk Up|p1a: Corviknight\n|-boost|p1a: Corviknight|atk|1\n|-boost|p1a: Corviknight|def|1\n|move|p2a: Suicune|Scald|p1a: Corviknight\n|-damage|p1a: Corviknight|26\/100 brn\n|\n|-heal|p2a: Suicune|100\/100|[from] item: Leftovers\n|-damage|p1a: Corviknight|19\/100 brn|[from] brn\n|upkeep\n|turn|23\n|\n|t:|1666071621\n|move|p1a: Corviknight|Roost|p1a: Corviknight\n|-heal|p1a: Corviknight|70\/100 brn\n|-singleturn|p1a: Corviknight|move: Roost\n|move|p2a: Suicune|Scald|p1a: Corviknight\n|-damage|p1a: Corviknight|18\/100 brn\n|\n|-damage|p1a: Corviknight|12\/100 brn|[from] brn\n|upkeep\n|turn|24\n|\n|t:|1666071628\n|move|p1a: Corviknight|Power Trip|p2a: Suicune\n|-damage|p2a: Suicune|40\/100\n|move|p2a: Suicune|Scald|p1a: Corviknight\n|-damage|p1a: Corviknight|0 fnt\n|faint|p1a: Corviknight\n|\n|-heal|p2a: Suicune|46\/100|[from] item: Leftovers\n|upkeep\n|\n|t:|1666071631\n|switch|p1a: Buzzwole|Buzzwole|88\/100\n|turn|25\n|\n|t:|1666071638\n|move|p1a: Buzzwole|Thunder Punch|p2a: Suicune\n|-supereffective|p2a: Suicune\n|-damage|p2a: Suicune|15\/100\n|-status|p2a: Suicune|par\n|move|p2a: Suicune|Scald|p1a: Buzzwole\n|-damage|p1a: Buzzwole|0 fnt\n|faint|p1a: Buzzwole\n|\n|-heal|p2a: Suicune|22\/100 par|[from] item: Leftovers\n|upkeep\n|\n|t:|1666071643\n|switch|p1a: Clefable|Clefable, M|100\/100\n|turn|26\n|\n|t:|1666071649\n|move|p1a: Clefable|Calm Mind|p1a: Clefable\n|-boost|p1a: Clefable|spa|1\n|-boost|p1a: Clefable|spd|1\n|move|p2a: Suicune|Scald|p1a: Clefable\n|-damage|p1a: Clefable|55\/100\n|\n|-heal|p2a: Suicune|28\/100 par|[from] item: Leftovers\n|upkeep\n|turn|27\n|\n|t:|1666071653\n|move|p1a: Clefable|Calm Mind|p1a: Clefable\n|-boost|p1a: Clefable|spa|1\n|-boost|p1a: Clefable|spd|1\n|move|p2a: Suicune|Scald|p1a: Clefable\n|-damage|p1a: Clefable|21\/100\n|\n|-heal|p2a: Suicune|34\/100 par|[from] item: Leftovers\n|upkeep\n|turn|28\n|\n|t:|1666071655\n|switch|p2a: Victini|Victini|66\/100\n|move|p1a: Clefable|Soft-Boiled|p1a: Clefable\n|-heal|p1a: Clefable|71\/100\n|\n|upkeep\n|turn|29\n|\n|t:|1666071658\n|move|p2a: Victini|V-create|p1a: Clefable\n|-damage|p1a: Clefable|0 fnt\n|-unboost|p2a: Victini|spe|1\n|-unboost|p2a: Victini|def|1\n|-unboost|p2a: Victini|spd|1\n|faint|p1a: Clefable\n|\n|win|Vodyne\n|raw|abacuscreator's rating: 1661 &rarr; <strong>1635<\/strong><br \/>(-26 for losing)\n|raw|Vodyne's rating: 1553 &rarr; <strong>1579<\/strong><br \/>(+26 for winning)\n|c|\u2606Vodyne|gg\n|l|\u2606abacuscreator\n","uploadtime":1666071668,"views":17,"p1id":"abacuscreator","p2id":"vodyne","formatid":"gen8ou","rating":1579,"private":0,"password":null}