{"id":"gen8monotype-1622529914","p1":"GoldenBoy125","p2":"Shardul888","format":"gen8monotype","log":"|j|\u2606GoldenBoy125\n|j|\u2606Shardul888\n|t:|1658455172\n|gametype|singles\n|player|p1|GoldenBoy125|linebacker|1300\n|player|p2|Shardul888|palmer|1375\n|teamsize|p1|6\n|teamsize|p2|6\n|gen|8\n|tier|[Gen 8] Monotype\n|rated|\n|rule|Same Type Clause: Pok\u00e9mon in a team must share a type\n|rule|Sleep Clause Mod: Limit one foe put to sleep\n|rule|Species Clause: Limit one of each Pok\u00e9mon\n|rule|OHKO Clause: OHKO moves are banned\n|rule|Evasion Moves Clause: Evasion moves are banned\n|rule|Endless Battle Clause: Forcing endless battles is banned\n|rule|HP Percentage Mod: HP is shown in percentages\n|rule|Dynamax Clause: You cannot dynamax\n|clearpoke\n|poke|p1|Dragalge, F|\n|poke|p1|Dragapult, M|\n|poke|p1|Hydreigon, M|\n|poke|p1|Dragonite, M|\n|poke|p1|Garchomp, M|\n|poke|p1|Duraludon, F|\n|poke|p2|Toxapex, M|\n|poke|p2|Golbat, M|\n|poke|p2|Nihilego|\n|poke|p2|Scolipede, F|\n|poke|p2|Skuntank, M|\n|poke|p2|Slowking-Galar, M|\n|teampreview\n|inactive|Battle timer is ON: inactive players will automatically lose when time's up. (requested by GoldenBoy125)\n|\n|t:|1658455180\n|start\n|switch|p1a: Duraludon|Duraludon, F, shiny|100\/100\n|switch|p2a: Toxapex|Toxapex, M|100\/100\n|turn|1\n|\n|t:|1658455188\n|move|p1a: Duraludon|Thunder Wave|p2a: Toxapex\n|-status|p2a: Toxapex|par\n|move|p2a: Toxapex|Scald|p1a: Duraludon\n|-resisted|p1a: Duraludon\n|-damage|p1a: Duraludon|85\/100\n|\n|upkeep\n|turn|2\n|\n|t:|1658455195\n|move|p1a: Duraludon|Stealth Rock|p2a: Toxapex\n|-sidestart|p2: Shardul888|move: Stealth Rock\n|move|p2a: Toxapex|Scald|p1a: Duraludon\n|-resisted|p1a: Duraludon\n|-damage|p1a: Duraludon|68\/100\n|\n|upkeep\n|turn|3\n|\n|t:|1658455216\n|switch|p1a: Dragalge|Dragalge, F|100\/100\n|cant|p2a: Toxapex|par\n|\n|upkeep\n|turn|4\n|\n|t:|1658455224\n|move|p1a: Dragalge|Thunderbolt|p2a: Toxapex\n|-supereffective|p2a: Toxapex\n|-damage|p2a: Toxapex|57\/100 par\n|cant|p2a: Toxapex|par\n|\n|-heal|p2a: Toxapex|63\/100 par|[from] item: Black Sludge\n|upkeep\n|turn|5\n|\n|t:|1658455233\n|move|p1a: Dragalge|Scald|p2a: Toxapex\n|-resisted|p2a: Toxapex\n|-damage|p2a: Toxapex|53\/100 par\n|move|p2a: Toxapex|Scald|p1a: Dragalge\n|-resisted|p1a: Dragalge\n|-damage|p1a: Dragalge|93\/100\n|\n|-heal|p1a: Dragalge|99\/100|[from] item: Black Sludge\n|-heal|p2a: Toxapex|60\/100 par|[from] item: Black Sludge\n|upkeep\n|turn|6\n|\n|t:|1658455245\n|switch|p2a: Slowking|Slowking-Galar, M, shiny|100\/100\n|-damage|p2a: Slowking|88\/100|[from] Stealth Rock\n|move|p1a: Dragalge|Thunderbolt|p2a: Slowking\n|-damage|p2a: Slowking|74\/100\n|\n|-heal|p1a: Dragalge|100\/100|[from] item: Black Sludge\n|upkeep\n|turn|7\n|\n|t:|1658455255\n|switch|p1a: Hydreigon|Hydreigon, M|100\/100\n|move|p2a: Slowking|Psychic|p1a: Hydreigon\n|-immune|p1a: Hydreigon\n|\n|upkeep\n|turn|8\n|\n|t:|1658455275\n|move|p1a: Hydreigon|Dark Pulse|p2a: Slowking\n|-supereffective|p2a: Slowking\n|-damage|p2a: Slowking|30\/100\n|move|p2a: Slowking|Ice Beam|p1a: Hydreigon\n|-supereffective|p1a: Hydreigon\n|-damage|p1a: Hydreigon|32\/100\n|\n|upkeep\n|turn|9\n|\n|t:|1658455284\n|switch|p2a: Toxapex|Toxapex, M|93\/100 par\n|-damage|p2a: Toxapex|80\/100 par|[from] Stealth Rock\n|move|p1a: Hydreigon|Dark Pulse|p2a: Toxapex\n|-damage|p2a: Toxapex|52\/100 par\n|\n|-heal|p2a: Toxapex|59\/100 par|[from] item: Black Sludge\n|upkeep\n|turn|10\n|\n|t:|1658455293\n|move|p1a: Hydreigon|Dark Pulse|p2a: Toxapex\n|-damage|p2a: Toxapex|31\/100 par\n|move|p2a: Toxapex|Toxic|p1a: Hydreigon\n|-status|p1a: Hydreigon|tox\n|\n|-heal|p2a: Toxapex|37\/100 par|[from] item: Black Sludge\n|-damage|p1a: Hydreigon|26\/100 tox|[from] psn\n|upkeep\n|turn|11\n|\n|t:|1658455303\n|cant|p2a: Toxapex|par\n|move|p1a: Hydreigon|Dark Pulse|p2a: Toxapex\n|-damage|p2a: Toxapex|8\/100 par\n|\n|-heal|p2a: Toxapex|14\/100 par|[from] item: Black Sludge\n|-damage|p1a: Hydreigon|14\/100 tox|[from] psn\n|upkeep\n|turn|12\n|\n|t:|1658455312\n|move|p2a: Toxapex|Baneful Bunker|p2a: Toxapex\n|-singleturn|p2a: Toxapex|move: Protect\n|move|p1a: Hydreigon|Dark Pulse|p2a: Toxapex\n|-activate|p2a: Toxapex|move: Protect\n|\n|-heal|p2a: Toxapex|20\/100 par|[from] item: Black Sludge\n|-damage|p1a: Hydreigon|0 fnt|[from] psn\n|faint|p1a: Hydreigon\n|upkeep\n|\n|t:|1658455322\n|switch|p1a: Dragalge|Dragalge, F|100\/100\n|turn|13\n|\n|t:|1658455331\n|switch|p2a: Slowking|Slowking-Galar, M, shiny|63\/100\n|-damage|p2a: Slowking|51\/100|[from] Stealth Rock\n|move|p1a: Dragalge|Thunderbolt|p2a: Slowking\n|-damage|p2a: Slowking|35\/100\n|\n|upkeep\n|turn|14\n|\n|t:|1658455341\n|switch|p2a: Golbat|Golbat, M|100\/100\n|-damage|p2a: Golbat|76\/100|[from] Stealth Rock\n|move|p1a: Dragalge|Draco Meteor|p2a: Golbat\n|-damage|p2a: Golbat|16\/100\n|-unboost|p1a: Dragalge|spa|2\n|\n|upkeep\n|turn|15\n|\n|t:|1658455350\n|move|p2a: Golbat|Roost|p2a: Golbat\n|-heal|p2a: Golbat|66\/100\n|-singleturn|p2a: Golbat|move: Roost\n|move|p1a: Dragalge|Thunderbolt|p2a: Golbat\n|-damage|p2a: Golbat|55\/100\n|\n|upkeep\n|turn|16\n|\n|t:|1658455358\n|switch|p1a: Duraludon|Duraludon, F, shiny|68\/100\n|move|p2a: Golbat|Roost|p2a: Golbat\n|-heal|p2a: Golbat|100\/100\n|-singleturn|p2a: Golbat|move: Roost\n|\n|upkeep\n|turn|17\n|\n|t:|1658455368\n|move|p2a: Golbat|Defog|p1a: Duraludon\n|-unboost|p1a: Duraludon|evasion|1\n|-sideend|p2: Shardul888|Stealth Rock|[from] move: Defog|[of] p2a: Golbat\n|move|p1a: Duraludon|Thunder Wave|p2a: Golbat\n|-status|p2a: Golbat|par\n|\n|upkeep\n|turn|18\n|\n|t:|1658455375\n|move|p1a: Duraludon|Stealth Rock|p2a: Golbat\n|-sidestart|p2: Shardul888|move: Stealth Rock\n|move|p2a: Golbat|Super Fang|p1a: Duraludon\n|-damage|p1a: Duraludon|34\/100\n|-damage|p2a: Golbat|84\/100 par|[from] item: Rocky Helmet|[of] p1a: Duraludon\n|\n|upkeep\n|turn|19\n|\n|t:|1658455383\n|move|p1a: Duraludon|Flash Cannon|p2a: Golbat\n|-crit|p2a: Golbat\n|-damage|p2a: Golbat|42\/100 par\n|move|p2a: Golbat|Defog|p1a: Duraludon\n|-unboost|p1a: Duraludon|evasion|1\n|-sideend|p2: Shardul888|Stealth Rock|[from] move: Defog|[of] p2a: Golbat\n|\n|upkeep\n|turn|20\n|\n|t:|1658455391\n|switch|p2a: Slowking|Slowking-Galar, M, shiny|68\/100\n|move|p1a: Duraludon|Dragon Pulse|p2a: Slowking\n|-damage|p2a: Slowking|46\/100\n|\n|upkeep\n|turn|21\n|\n|t:|1658455408\n|move|p1a: Duraludon|Thunder Wave|p2a: Slowking\n|-status|p2a: Slowking|par\n|cant|p2a: Slowking|par\n|\n|upkeep\n|turn|22\n|\n|t:|1658455416\n|move|p1a: Duraludon|Flash Cannon|p2a: Slowking\n|-damage|p2a: Slowking|24\/100 par\n|cant|p2a: Slowking|par\n|\n|upkeep\n|turn|23\n|\n|t:|1658455422\n|switch|p2a: Toxapex|Toxapex, M|53\/100 par\n|move|p1a: Duraludon|Flash Cannon|p2a: Toxapex\n|-resisted|p2a: Toxapex\n|-damage|p2a: Toxapex|40\/100 par\n|\n|-heal|p2a: Toxapex|46\/100 par|[from] item: Black Sludge\n|upkeep\n|turn|24\n|\n|t:|1658455433\n|move|p1a: Duraludon|Dragon Pulse|p2a: Toxapex\n|-damage|p2a: Toxapex|14\/100 par\n|move|p2a: Toxapex|Scald|p1a: Duraludon\n|-resisted|p1a: Duraludon\n|-damage|p1a: Duraludon|19\/100\n|\n|-heal|p2a: Toxapex|21\/100 par|[from] item: Black Sludge\n|upkeep\n|turn|25\n|\n|t:|1658455442\n|switch|p2a: Slowking|Slowking-Galar, M, shiny|57\/100 par\n|move|p1a: Duraludon|Dragon Pulse|p2a: Slowking\n|-damage|p2a: Slowking|36\/100 par\n|\n|upkeep\n|turn|26\n|\n|t:|1658455451\n|move|p1a: Duraludon|Flash Cannon|p2a: Slowking\n|-damage|p2a: Slowking|14\/100 par\n|move|p2a: Slowking|Ice Beam|p1a: Duraludon\n|-damage|p1a: Duraludon|0 fnt\n|faint|p1a: Duraludon\n|\n|upkeep\n|\n|t:|1658455462\n|switch|p1a: Dragalge|Dragalge, F|100\/100\n|turn|27\n|\n|t:|1658455470\n|switch|p2a: Toxapex|Toxapex, M|54\/100 par\n|move|p1a: Dragalge|Draco Meteor|p2a: Toxapex\n|-damage|p2a: Toxapex|0 fnt\n|-unboost|p1a: Dragalge|spa|2\n|faint|p2a: Toxapex\n|\n|upkeep\n|\n|t:|1658455478\n|switch|p2a: Slowking|Slowking-Galar, M, shiny|47\/100 par\n|turn|28\n|\n|t:|1658455491\n|switch|p1a: Garchomp|Garchomp, M, shiny|100\/100\n|cant|p2a: Slowking|par\n|\n|upkeep\n|turn|29\n|\n|t:|1658455497\n|switch|p2a: Golbat|Golbat, M|42\/100 par\n|move|p1a: Garchomp|Earthquake|p2a: Golbat\n|-immune|p2a: Golbat\n|\n|upkeep\n|turn|30\n|\n|t:|1658455516\n|move|p1a: Garchomp|Outrage|p2a: Golbat\n|-damage|p2a: Golbat|2\/100 par\n|move|p2a: Golbat|Roost|p2a: Golbat\n|-heal|p2a: Golbat|52\/100 par\n|-singleturn|p2a: Golbat|move: Roost\n|\n|upkeep\n|turn|31\n|\n|t:|1658455526\n|move|p1a: Garchomp|Outrage|p2a: Golbat|[from]lockedmove\n|-damage|p2a: Golbat|9\/100 par\n|-start|p1a: Garchomp|confusion|[fatigue]\n|-enditem|p1a: Garchomp|Lum Berry|[eat]\n|-end|p1a: Garchomp|confusion\n|cant|p2a: Golbat|par\n|\n|upkeep\n|turn|32\n|\n|t:|1658455538\n|move|p1a: Garchomp|Fire Fang|p2a: Golbat\n|-crit|p2a: Golbat\n|-damage|p2a: Golbat|0 fnt\n|faint|p2a: Golbat\n|\n|upkeep\n|\n|t:|1658455547\n|switch|p2a: Nihilego|Nihilego|100\/100\n|turn|33\n|\n|t:|1658455551\n|move|p2a: Nihilego|Dazzling Gleam|p1a: Garchomp\n|-supereffective|p1a: Garchomp\n|-damage|p1a: Garchomp|39\/100\n|move|p1a: Garchomp|Earthquake|p2a: Nihilego\n|-supereffective|p2a: Nihilego\n|-damage|p2a: Nihilego|0 fnt\n|faint|p2a: Nihilego\n|\n|upkeep\n|\n|t:|1658455560\n|switch|p2a: Scolipede|Scolipede, F|100\/100\n|turn|34\n|\n|t:|1658455565\n|move|p1a: Garchomp|Earthquake|p2a: Scolipede\n|-damage|p2a: Scolipede|30\/100\n|move|p2a: Scolipede|Earthquake|p1a: Garchomp\n|-damage|p1a: Garchomp|9\/100\n|\n|-ability|p2a: Scolipede|Speed Boost|boost\n|-boost|p2a: Scolipede|spe|1\n|upkeep\n|turn|35\n|\n|t:|1658455573\n|move|p2a: Scolipede|Poison Jab|p1a: Garchomp\n|-resisted|p1a: Garchomp\n|-damage|p1a: Garchomp|0 fnt\n|-damage|p2a: Scolipede|18\/100|[from] ability: Rough Skin|[of] p1a: Garchomp\n|faint|p1a: Garchomp\n|\n|-ability|p2a: Scolipede|Speed Boost|boost\n|-boost|p2a: Scolipede|spe|1\n|upkeep\n|\n|t:|1658455601\n|switch|p1a: Dragonite|Dragonite, M|100\/100\n|turn|36\n|\n|t:|1658455605\n|move|p1a: Dragonite|Extreme Speed|p2a: Scolipede\n|-damage|p2a: Scolipede|0 fnt\n|faint|p2a: Scolipede\n|\n|upkeep\n|\n|t:|1658455611\n|switch|p2a: Slowking|Slowking-Galar, M, shiny|80\/100 par\n|turn|37\n|\n|t:|1658455628\n|move|p1a: Dragonite|Earthquake|p2a: Slowking\n|-supereffective|p2a: Slowking\n|-damage|p2a: Slowking|0 fnt\n|faint|p2a: Slowking\n|\n|upkeep\n|-message|Shardul888 forfeited.\n|\n|win|GoldenBoy125\n|raw|GoldenBoy125's rating: 1300 &rarr; <strong>1330<\/strong><br \/>(+30 for winning)\n|raw|Shardul888's rating: 1375 &rarr; <strong>1351<\/strong><br \/>(-24 for losing)\n|l|\u2606Shardul888\n||Ladder isn't responding, score probably updated but might not have (Request timeout).\n","uploadtime":1658455641,"views":6,"p1id":"goldenboy125","p2id":"shardul888","formatid":"gen8monotype","rating":1330,"private":0,"password":null}