{"id":"gen8ou-1564491561","p1":"Vandosaurus","p2":"fishy8995","format":"gen8ou","log":"|j|\u2606Vandosaurus\n|j|\u2606fishy8995\n|t:|1651296746\n|gametype|singles\n|player|p1|Vandosaurus|medium|1556\n|player|p2|fishy8995|1|1584\n|teamsize|p1|6\n|teamsize|p2|6\n|gen|8\n|tier|[Gen 8] OU\n|rated|\n|rule|Sleep Clause Mod: Limit one foe put to sleep\n|rule|Species Clause: Limit one of each Pok\u00e9mon\n|rule|OHKO Clause: OHKO moves are banned\n|rule|Evasion Moves Clause: Evasion moves are banned\n|rule|Endless Battle Clause: Forcing endless battles is banned\n|rule|HP Percentage Mod: HP is shown in percentages\n|rule|Dynamax Clause: You cannot dynamax\n|clearpoke\n|poke|p1|Magnezone|\n|poke|p1|Slowbro, M|\n|poke|p1|Tangrowth, M|\n|poke|p1|Tyranitar, M|\n|poke|p1|Volcarona, M|\n|poke|p1|Zapdos-Galar|\n|poke|p2|Hippowdon, F|\n|poke|p2|Tyranitar, F|\n|poke|p2|Excadrill, F|\n|poke|p2|Weavile, F|\n|poke|p2|Toxapex, M|\n|poke|p2|Dracozolt|\n|teampreview\n|inactive|Battle timer is ON: inactive players will automatically lose when time's up. (requested by Vandosaurus)\n|\n|t:|1651296783\n|start\n|switch|p1a: Slowbro|Slowbro, M|100\/100\n|switch|p2a: Hippowdon|Hippowdon, F|100\/100\n|-weather|Sandstorm|[from] ability: Sand Stream|[of] p2a: Hippowdon\n|turn|1\n|\n|t:|1651296802\n|move|p2a: Hippowdon|Toxic|p1a: Slowbro\n|-status|p1a: Slowbro|tox\n|move|p1a: Slowbro|Future Sight|p2a: Hippowdon\n|-start|p1a: Slowbro|move: Future Sight\n|\n|-weather|Sandstorm|[upkeep]\n|-damage|p1a: Slowbro|94\/100 tox|[from] Sandstorm\n|-damage|p1a: Slowbro|88\/100 tox|[from] psn\n|upkeep\n|turn|2\n|\n|t:|1651296804\n|move|p2a: Hippowdon|Stealth Rock|p1a: Slowbro\n|-sidestart|p1: Vandosaurus|move: Stealth Rock\n|move|p1a: Slowbro|Scald|p2a: Hippowdon\n|-supereffective|p2a: Hippowdon\n|-damage|p2a: Hippowdon|43\/100\n|\n|-weather|Sandstorm|[upkeep]\n|-damage|p1a: Slowbro|82\/100 tox|[from] Sandstorm\n|-damage|p1a: Slowbro|70\/100 tox|[from] psn\n|upkeep\n|turn|3\n|\n|t:|1651296807\n|move|p2a: Hippowdon|Slack Off|p2a: Hippowdon\n|-heal|p2a: Hippowdon|93\/100\n|move|p1a: Slowbro|Scald|p2a: Hippowdon\n|-supereffective|p2a: Hippowdon\n|-damage|p2a: Hippowdon|34\/100\n|\n|-weather|Sandstorm|[upkeep]\n|-damage|p1a: Slowbro|64\/100 tox|[from] Sandstorm\n|-end|p2a: Hippowdon|move: Future Sight\n|-damage|p2a: Hippowdon|0 fnt\n|faint|p2a: Hippowdon\n|-damage|p1a: Slowbro|46\/100 tox|[from] psn\n|upkeep\n|\n|t:|1651296809\n|switch|p2a: Weavile|Weavile, F|100\/100\n|turn|4\n|j| Bigzzs\n|\n|t:|1651296818\n|move|p2a: Weavile|Substitute|p2a: Weavile\n|-start|p2a: Weavile|Substitute\n|-damage|p2a: Weavile|76\/100\n|move|p1a: Slowbro|Teleport|p1a: Slowbro\n|\n|t:|1651296823\n|switch|p1a: Magnezone|Magnezone|100\/100|[from]move: Teleport\n|-damage|p1a: Magnezone|94\/100|[from] Stealth Rock\n|\n|-weather|Sandstorm|[upkeep]\n|-damage|p2a: Weavile|70\/100|[from] Sandstorm\n|-heal|p1a: Magnezone|100\/100|[from] item: Leftovers\n|upkeep\n|turn|5\n|l| Bigzzs\n|\n|t:|1651296830\n|move|p2a: Weavile|Swords Dance|p2a: Weavile\n|-boost|p2a: Weavile|atk|2\n|move|p1a: Magnezone|Body Press|p2a: Weavile\n|-supereffective|p2a: Weavile\n|-end|p2a: Weavile|Substitute\n|\n|-weather|Sandstorm|[upkeep]\n|-damage|p2a: Weavile|64\/100|[from] Sandstorm\n|upkeep\n|turn|6\n|\n|t:|1651296832\n|move|p2a: Weavile|Knock Off|p1a: Magnezone\n|-damage|p1a: Magnezone|21\/100\n|-enditem|p1a: Magnezone|Leftovers|[from] move: Knock Off|[of] p2a: Weavile\n|move|p1a: Magnezone|Body Press|p2a: Weavile\n|-supereffective|p2a: Weavile\n|-damage|p2a: Weavile|0 fnt\n|faint|p2a: Weavile\n|\n|-weather|Sandstorm|[upkeep]\n|upkeep\n|\n|t:|1651296839\n|switch|p2a: Excadrill|Excadrill, F|100\/100\n|turn|7\n|j| filthy xenos\n|\n|t:|1651296848\n|switch|p1a: Slowbro|Slowbro, M|79\/100 tox\n|-damage|p1a: Slowbro|66\/100 tox|[from] Stealth Rock\n|move|p2a: Excadrill|Swords Dance|p2a: Excadrill\n|-boost|p2a: Excadrill|atk|2\n|\n|-weather|Sandstorm|[upkeep]\n|-damage|p1a: Slowbro|60\/100 tox|[from] Sandstorm\n|-damage|p1a: Slowbro|54\/100 tox|[from] psn\n|upkeep\n|turn|8\n|\n|t:|1651296854\n|move|p2a: Excadrill|Earthquake|p1a: Slowbro\n|-damage|p1a: Slowbro|0 fnt\n|faint|p1a: Slowbro\n|\n|-weather|none\n|upkeep\n|\n|t:|1651296867\n|switch|p1a: Zapdos|Zapdos-Galar|100\/100\n|-damage|p1a: Zapdos|88\/100|[from] Stealth Rock\n|turn|9\n|\n|t:|1651296880\n|move|p1a: Zapdos|Close Combat|p2a: Excadrill\n|-supereffective|p2a: Excadrill\n|-enditem|p2a: Excadrill|Focus Sash\n|-damage|p2a: Excadrill|1\/100\n|-unboost|p1a: Zapdos|def|1\n|-unboost|p1a: Zapdos|spd|1\n|move|p2a: Excadrill|Rapid Spin|p1a: Zapdos\n|-damage|p1a: Zapdos|22\/100\n|-boost|p2a: Excadrill|spe|1\n|\n|upkeep\n|turn|10\n|\n|t:|1651296888\n|move|p1a: Zapdos|Close Combat|p2a: Excadrill\n|-supereffective|p2a: Excadrill\n|-damage|p2a: Excadrill|0 fnt\n|-unboost|p1a: Zapdos|def|1\n|-unboost|p1a: Zapdos|spd|1\n|faint|p2a: Excadrill\n|\n|upkeep\n|\n|t:|1651296892\n|switch|p2a: Toxapex|Toxapex, M|100\/100\n|turn|11\n|\n|t:|1651296899\n|switch|p1a: Magnezone|Magnezone|21\/100\n|-damage|p1a: Magnezone|15\/100|[from] Stealth Rock\n|move|p2a: Toxapex|Stockpile|p2a: Toxapex\n|-start|p2a: Toxapex|stockpile1\n|-boost|p2a: Toxapex|def|1\n|-boost|p2a: Toxapex|spd|1\n|\n|upkeep\n|turn|12\n|j| No Nice Name Left\n|\n|t:|1651296904\n|move|p1a: Magnezone|Discharge|p2a: Toxapex\n|-supereffective|p2a: Toxapex\n|-damage|p2a: Toxapex|70\/100\n|-status|p2a: Toxapex|par\n|move|p2a: Toxapex|Stockpile|p2a: Toxapex\n|-start|p2a: Toxapex|stockpile2\n|-boost|p2a: Toxapex|def|1\n|-boost|p2a: Toxapex|spd|1\n|\n|-heal|p2a: Toxapex|76\/100 par|[from] item: Black Sludge\n|upkeep\n|turn|13\n|\n|t:|1651296913\n|move|p1a: Magnezone|Discharge|p2a: Toxapex\n|-supereffective|p2a: Toxapex\n|-damage|p2a: Toxapex|56\/100 par\n|move|p2a: Toxapex|Scald|p1a: Magnezone\n|-damage|p1a: Magnezone|0 fnt\n|faint|p1a: Magnezone\n|\n|-heal|p2a: Toxapex|62\/100 par|[from] item: Black Sludge\n|upkeep\n|\n|t:|1651296916\n|switch|p1a: Volcarona|Volcarona, M|100\/100\n|turn|14\n|inactive|fishy8995 has 120 seconds left.\n|\n|t:|1651296956\n|move|p1a: Volcarona|Quiver Dance|p1a: Volcarona\n|-boost|p1a: Volcarona|spa|1\n|-boost|p1a: Volcarona|spd|1\n|-boost|p1a: Volcarona|spe|1\n|move|p2a: Toxapex|Toxic|p1a: Volcarona\n|-status|p1a: Volcarona|tox\n|\n|-heal|p2a: Toxapex|69\/100 par|[from] item: Black Sludge\n|-damage|p1a: Volcarona|94\/100 tox|[from] psn\n|upkeep\n|turn|15\n|\n|t:|1651296961\n|move|p1a: Volcarona|Quiver Dance|p1a: Volcarona\n|-boost|p1a: Volcarona|spa|1\n|-boost|p1a: Volcarona|spd|1\n|-boost|p1a: Volcarona|spe|1\n|move|p2a: Toxapex|Recover|p2a: Toxapex\n|-heal|p2a: Toxapex|100\/100 par\n|\n|-damage|p1a: Volcarona|82\/100 tox|[from] psn\n|upkeep\n|turn|16\n|\n|t:|1651296964\n|move|p1a: Volcarona|Quiver Dance|p1a: Volcarona\n|-boost|p1a: Volcarona|spa|1\n|-boost|p1a: Volcarona|spd|1\n|-boost|p1a: Volcarona|spe|1\n|move|p2a: Toxapex|Stockpile|p2a: Toxapex\n|-start|p2a: Toxapex|stockpile3\n|-boost|p2a: Toxapex|def|1\n|-boost|p2a: Toxapex|spd|1\n|\n|-damage|p1a: Volcarona|64\/100 tox|[from] psn\n|upkeep\n|turn|17\n|\n|t:|1651296967\n|move|p1a: Volcarona|Quiver Dance|p1a: Volcarona\n|-boost|p1a: Volcarona|spa|1\n|-boost|p1a: Volcarona|spd|1\n|-boost|p1a: Volcarona|spe|1\n|move|p2a: Toxapex|Recover||[still]\n|-fail|p2a: Toxapex|heal\n|\n|-damage|p1a: Volcarona|39\/100 tox|[from] psn\n|upkeep\n|turn|18\n|j| Ctannn\n|\n|t:|1651296972\n|move|p1a: Volcarona|Psychic|p2a: Toxapex\n|-supereffective|p2a: Toxapex\n|-damage|p2a: Toxapex|43\/100 par\n|move|p2a: Toxapex|Recover|p2a: Toxapex\n|-heal|p2a: Toxapex|93\/100 par\n|\n|-heal|p2a: Toxapex|99\/100 par|[from] item: Black Sludge\n|-damage|p1a: Volcarona|9\/100 tox|[from] psn\n|upkeep\n|turn|19\n|\n|t:|1651296977\n|move|p1a: Volcarona|Psychic|p2a: Toxapex\n|-supereffective|p2a: Toxapex\n|-damage|p2a: Toxapex|46\/100 par\n|-unboost|p2a: Toxapex|spd|1\n|move|p2a: Toxapex|Recover|p2a: Toxapex\n|-heal|p2a: Toxapex|96\/100 par\n|\n|-heal|p2a: Toxapex|100\/100 par|[from] item: Black Sludge\n|-damage|p1a: Volcarona|0 fnt|[from] psn\n|faint|p1a: Volcarona\n|upkeep\n|-message|Vandosaurus forfeited.\n|\n|win|fishy8995\n|raw|Vandosaurus's rating: 1556 &rarr; <strong>1538<\/strong><br \/>(-18 for losing)\n|raw|fishy8995's rating: 1584 &rarr; <strong>1602<\/strong><br \/>(+18 for winning)\n|l|\u2606Vandosaurus\n|l|\u2606fishy8995\n|l| Ctannn\n","uploadtime":1651297103,"views":21,"p1id":"vandosaurus","p2id":"fishy8995","formatid":"gen8ou","rating":1538,"private":0,"password":null}