{"id":"gen8ubers-1085064143","p1":"Blue chen","p2":"lobe.","format":"gen8ubers","log":"|j|\u2606Blue chen\n|j|\u2606lobe.\n|player|p1|Blue chen|clair|1666\n|player|p2|lobe.|will-gen2|1567\n|teamsize|p1|6\n|teamsize|p2|6\n|gametype|singles\n|gen|8\n|tier|[Gen 8] Ubers\n|rated|\n|clearpoke\n|poke|p1|Necrozma-Dusk-Mane|\n|poke|p1|Ferrothorn, M|\n|poke|p1|Lunala|\n|poke|p1|Mandibuzz, F|\n|poke|p1|Zamazenta-Crowned|\n|poke|p1|Zacian-Crowned|\n|poke|p2|Eternatus|\n|poke|p2|Zacian-Crowned|\n|poke|p2|Gyarados, M|\n|poke|p2|Corviknight, F|\n|poke|p2|Ditto|\n|poke|p2|Ferrothorn, F|\n|rule|Sleep Clause Mod: Limit one foe put to sleep\n|rule|Species Clause: Limit one of each Pok\u00e9mon\n|rule|OHKO Clause: OHKO moves are banned\n|rule|Evasion Moves Clause: Evasion moves are banned\n|rule|Endless Battle Clause: Forcing endless battles is banned\n|rule|HP Percentage Mod: HP is shown in percentages\n|teampreview\n|j| trick broom\n|\n|start\n|switch|p1a: Lunala|Lunala|100\/100\n|switch|p2a: Ferrothorn|Ferrothorn, F|100\/100\n|turn|1\n|\n|move|p1a: Lunala|Thunder Wave|p2a: Ferrothorn\n|-status|p2a: Ferrothorn|par\n|move|p2a: Ferrothorn|Thunder Wave|p1a: Lunala\n|-status|p1a: Lunala|par\n|\n|upkeep\n|turn|2\n|\n|cant|p1a: Lunala|par\n|move|p2a: Ferrothorn|Knock Off|p1a: Lunala\n|-supereffective|p1a: Lunala\n|-damage|p1a: Lunala|60\/100 par\n|-enditem|p1a: Lunala|Heavy-Duty Boots|[from] move: Knock Off|[of] p2a: Ferrothorn\n|\n|upkeep\n|turn|3\n|\n|cant|p1a: Lunala|par\n|move|p2a: Ferrothorn|Leech Seed|p1a: Lunala\n|-start|p1a: Lunala|move: Leech Seed\n|\n|-damage|p1a: Lunala|48\/100 par|[from] Leech Seed|[of] p2a: Ferrothorn\n|upkeep\n|turn|4\n|\n|cant|p1a: Lunala|par\n|cant|p2a: Ferrothorn|par\n|\n|-damage|p1a: Lunala|35\/100 par|[from] Leech Seed|[of] p2a: Ferrothorn\n|upkeep\n|turn|5\n|c|\u2606lobe.|sry\n|c| trick broom|is lunala better than necrozma??\n|\n|move|p1a: Lunala|Hex|p2a: Ferrothorn\n|-damage|p2a: Ferrothorn|54\/100 par\n|move|p2a: Ferrothorn|Stealth Rock|p1a: Lunala\n|-sidestart|p1: Blue chen|move: Stealth Rock\n|\n|-heal|p2a: Ferrothorn|61\/100 par|[from] item: Leftovers\n|-damage|p1a: Lunala|23\/100 par|[from] Leech Seed|[of] p2a: Ferrothorn\n|-heal|p2a: Ferrothorn|75\/100 par|[silent]\n|upkeep\n|turn|6\n|\n|move|p1a: Lunala|Moongeist Beam|p2a: Ferrothorn\n|-damage|p2a: Ferrothorn|39\/100 par\n|move|p2a: Ferrothorn|Knock Off|p1a: Lunala\n|-supereffective|p1a: Lunala\n|-damage|p1a: Lunala|0 fnt\n|faint|p1a: Lunala\n|\n|-heal|p2a: Ferrothorn|45\/100 par|[from] item: Leftovers\n|upkeep\n|c| trick broom|or you are restricted to only one necrozma??\n|\n|switch|p1a: Mandibuzz|Mandibuzz, F|100\/100\n|turn|7\n|\n|move|p1a: Mandibuzz|Taunt|p2a: Ferrothorn\n|-start|p2a: Ferrothorn|move: Taunt\n|cant|p2a: Ferrothorn|move: Taunt|Leech Seed\n|\n|-heal|p2a: Ferrothorn|52\/100 par|[from] item: Leftovers\n|upkeep\n|turn|8\n|\n|switch|p2a: Eternatus|Eternatus|100\/100\n|-ability|p2a: Eternatus|Pressure\n|move|p1a: Mandibuzz|Knock Off|p2a: Eternatus\n|-damage|p2a: Eternatus|82\/100\n|-enditem|p2a: Eternatus|Life Orb|[from] move: Knock Off|[of] p1a: Mandibuzz\n|\n|upkeep\n|turn|9\n|\n|move|p2a: Eternatus|Dynamax Cannon|p1a: Mandibuzz\n|-damage|p1a: Mandibuzz|59\/100\n|move|p1a: Mandibuzz|U-turn|p2a: Eternatus\n|-resisted|p2a: Eternatus\n|-damage|p2a: Eternatus|78\/100\n|\n|switch|p1a: Necrozma|Necrozma-Dusk-Mane|100\/100|[from]move: U-turn\n|-damage|p1a: Necrozma|94\/100|[from] Stealth Rock\n|\n|-heal|p1a: Necrozma|100\/100|[from] item: Leftovers\n|upkeep\n|turn|10\n|\n|move|p2a: Eternatus|Flamethrower|p1a: Necrozma\n|-supereffective|p1a: Necrozma\n|-damage|p1a: Necrozma|55\/100\n|move|p1a: Necrozma|Stealth Rock|p2a: Eternatus\n|-sidestart|p2: lobe.|move: Stealth Rock\n|\n|-heal|p1a: Necrozma|61\/100|[from] item: Leftovers\n|upkeep\n|turn|11\n|\n|move|p2a: Eternatus|Flamethrower|p1a: Necrozma\n|-supereffective|p1a: Necrozma\n|-damage|p1a: Necrozma|12\/100\n|move|p1a: Necrozma|Moonlight|p1a: Necrozma\n|-heal|p1a: Necrozma|62\/100\n|\n|-heal|p1a: Necrozma|68\/100|[from] item: Leftovers\n|upkeep\n|turn|12\n|\n|move|p2a: Eternatus|Flamethrower|p1a: Necrozma\n|-supereffective|p1a: Necrozma\n|-damage|p1a: Necrozma|20\/100\n|move|p1a: Necrozma|Thunder Wave|p2a: Eternatus\n|-status|p2a: Eternatus|par\n|\n|-heal|p1a: Necrozma|26\/100|[from] item: Leftovers\n|upkeep\n|turn|13\n|\n|switch|p1a: Mandibuzz|Mandibuzz, F|59\/100\n|switch|p2a: Ferrothorn|Ferrothorn, F|52\/100 par\n|-damage|p2a: Ferrothorn|45\/100 par|[from] Stealth Rock\n|\n|-heal|p2a: Ferrothorn|52\/100 par|[from] item: Leftovers\n|upkeep\n|turn|14\n|\n|move|p1a: Mandibuzz|Taunt|p2a: Ferrothorn\n|-start|p2a: Ferrothorn|move: Taunt\n|cant|p2a: Ferrothorn|par\n|\n|-heal|p2a: Ferrothorn|58\/100 par|[from] item: Leftovers\n|upkeep\n|turn|15\n|\n|move|p1a: Mandibuzz|Roost|p1a: Mandibuzz\n|-heal|p1a: Mandibuzz|100\/100\n|-singleturn|p1a: Mandibuzz|move: Roost\n|move|p2a: Ferrothorn|Knock Off|p1a: Mandibuzz\n|-resisted|p1a: Mandibuzz\n|-damage|p1a: Mandibuzz|92\/100\n|-enditem|p1a: Mandibuzz|Heavy-Duty Boots|[from] move: Knock Off|[of] p2a: Ferrothorn\n|\n|-heal|p2a: Ferrothorn|64\/100 par|[from] item: Leftovers\n|upkeep\n|turn|16\n|\n|switch|p2a: Eternatus|Eternatus|78\/100 par\n|-damage|p2a: Eternatus|65\/100 par|[from] Stealth Rock\n|-ability|p2a: Eternatus|Pressure\n|move|p1a: Mandibuzz|U-turn|p2a: Eternatus\n|-resisted|p2a: Eternatus\n|-damage|p2a: Eternatus|61\/100 par\n|\n|switch|p1a: Zacian|Zacian-Crowned|100\/100|[from]move: U-turn\n|-damage|p1a: Zacian|94\/100|[from] Stealth Rock\n|-ability|p1a: Zacian|Intrepid Sword|boost\n|-boost|p1a: Zacian|atk|1\n|\n|upkeep\n|turn|17\n|\n|switch|p2a: Corviknight|Corviknight, F|100\/100\n|-damage|p2a: Corviknight|88\/100|[from] Stealth Rock\n|-ability|p2a: Corviknight|Pressure\n|move|p1a: Zacian|Behemoth Blade|p2a: Corviknight\n|-resisted|p2a: Corviknight\n|-damage|p2a: Corviknight|59\/100\n|\n|-heal|p2a: Corviknight|65\/100|[from] item: Leftovers\n|upkeep\n|turn|18\n|\n|switch|p1a: Necrozma|Necrozma-Dusk-Mane|26\/100\n|-damage|p1a: Necrozma|20\/100|[from] Stealth Rock\n|move|p2a: Corviknight|Roost|p2a: Corviknight\n|-heal|p2a: Corviknight|100\/100\n|-singleturn|p2a: Corviknight|move: Roost\n|\n|-heal|p1a: Necrozma|26\/100|[from] item: Leftovers\n|upkeep\n|turn|19\n|\n|switch|p2a: Ferrothorn|Ferrothorn, F|64\/100 par\n|-damage|p2a: Ferrothorn|58\/100 par|[from] Stealth Rock\n|move|p1a: Necrozma|Moonlight|p1a: Necrozma\n|-heal|p1a: Necrozma|76\/100\n|\n|-heal|p1a: Necrozma|82\/100|[from] item: Leftovers\n|-heal|p2a: Ferrothorn|64\/100 par|[from] item: Leftovers\n|upkeep\n|turn|20\n|\n|switch|p1a: Mandibuzz|Mandibuzz, F|92\/100\n|-damage|p1a: Mandibuzz|67\/100|[from] Stealth Rock\n|cant|p2a: Ferrothorn|par\n|\n|-heal|p2a: Ferrothorn|70\/100 par|[from] item: Leftovers\n|upkeep\n|turn|21\n|c|\u2606lobe.|sick\n|\n|switch|p2a: Eternatus|Eternatus|61\/100 par\n|-damage|p2a: Eternatus|49\/100 par|[from] Stealth Rock\n|-ability|p2a: Eternatus|Pressure\n|move|p1a: Mandibuzz|Knock Off|p2a: Eternatus\n|-damage|p2a: Eternatus|35\/100 par\n|\n|upkeep\n|turn|22\n|\n|move|p1a: Mandibuzz|Roost|p1a: Mandibuzz\n|-heal|p1a: Mandibuzz|100\/100\n|-singleturn|p1a: Mandibuzz|move: Roost\n|cant|p2a: Eternatus|par\n|\n|upkeep\n|turn|23\n|\n|move|p1a: Mandibuzz|U-turn|p2a: Eternatus\n|-resisted|p2a: Eternatus\n|-damage|p2a: Eternatus|31\/100 par\n|\n|switch|p1a: Zacian|Zacian-Crowned|94\/100|[from]move: U-turn\n|-damage|p1a: Zacian|88\/100|[from] Stealth Rock\n|-ability|p1a: Zacian|Intrepid Sword|boost\n|-boost|p1a: Zacian|atk|1\n|move|p2a: Eternatus|Recover|p2a: Eternatus\n|-heal|p2a: Eternatus|81\/100 par\n|\n|upkeep\n|turn|24\n|\n|move|p1a: Zacian|Substitute|p1a: Zacian\n|-start|p1a: Zacian|Substitute\n|-damage|p1a: Zacian|63\/100\n|move|p2a: Eternatus|Flamethrower|p1a: Zacian\n|-supereffective|p1a: Zacian\n|-end|p1a: Zacian|Substitute\n|\n|upkeep\n|turn|25\n|\n|move|p1a: Zacian|Behemoth Blade|p2a: Eternatus\n|-damage|p2a: Eternatus|10\/100 par\n|move|p2a: Eternatus|Flamethrower|p1a: Zacian\n|-supereffective|p1a: Zacian\n|-damage|p1a: Zacian|0 fnt\n|faint|p1a: Zacian\n|\n|upkeep\n|\n|switch|p1a: Mandibuzz|Mandibuzz, F|100\/100\n|-damage|p1a: Mandibuzz|75\/100|[from] Stealth Rock\n|turn|26\n|\n|move|p1a: Mandibuzz|Knock Off|p2a: Eternatus\n|-damage|p2a: Eternatus|0 fnt\n|faint|p2a: Eternatus\n|\n|upkeep\n|\n|switch|p2a: Gyarados|Gyarados, M|100\/100\n|-damage|p2a: Gyarados|76\/100|[from] Stealth Rock\n|turn|27\n|\n|move|p2a: Gyarados|Dragon Dance|p2a: Gyarados\n|-boost|p2a: Gyarados|atk|1\n|-boost|p2a: Gyarados|spe|1\n|move|p1a: Mandibuzz|Taunt|p2a: Gyarados\n|-start|p2a: Gyarados|move: Taunt\n|\n|-heal|p2a: Gyarados|82\/100|[from] item: Leftovers\n|upkeep\n|turn|28\n|\n|-start|p2a: Gyarados|Dynamax\n|-heal|p2a: Gyarados|82\/100|[silent]\n|move|p2a: Gyarados|Max Airstream|p1a: Mandibuzz\n|-damage|p1a: Mandibuzz|0 fnt\n|-boost|p2a: Gyarados|spe|1\n|faint|p1a: Mandibuzz\n|-ability|p2a: Gyarados|Moxie|boost\n|-boost|p2a: Gyarados|atk|1\n|\n|-heal|p2a: Gyarados|85\/100|[from] item: Leftovers\n|upkeep\n|\n|switch|p1a: Ferrothorn|Ferrothorn, M|100\/100\n|-damage|p1a: Ferrothorn|94\/100|[from] Stealth Rock\n|turn|29\n|\n|move|p2a: Gyarados|Max Airstream|p1a: Ferrothorn\n|-damage|p1a: Ferrothorn|9\/100\n|-boost|p2a: Gyarados|spe|1\n|move|p1a: Ferrothorn|Leech Seed|p2a: Gyarados\n|-start|p2a: Gyarados|move: Leech Seed\n|\n|-heal|p2a: Gyarados|88\/100|[from] item: Leftovers\n|-heal|p1a: Ferrothorn|15\/100|[from] item: Leftovers\n|-damage|p2a: Gyarados|82\/100|[from] Leech Seed|[of] p1a: Ferrothorn\n|-heal|p1a: Ferrothorn|27\/100|[silent]\n|upkeep\n|turn|30\n|\n|move|p2a: Gyarados|Max Airstream|p1a: Ferrothorn\n|-damage|p1a: Ferrothorn|0 fnt\n|-boost|p2a: Gyarados|spe|1\n|faint|p1a: Ferrothorn\n|-ability|p2a: Gyarados|Moxie|boost\n|-boost|p2a: Gyarados|atk|1\n|\n|-heal|p2a: Gyarados|85\/100|[from] item: Leftovers\n|-end|p2a: Gyarados|move: Taunt\n|-end|p2a: Gyarados|Dynamax\n|-heal|p2a: Gyarados|85\/100|[silent]\n|upkeep\n|c|\u2606lobe.|gg\n|c| trick broom|you forgot to thunder wave the gyarados\n|\n|switch|p1a: Necrozma|Necrozma-Dusk-Mane|82\/100\n|-damage|p1a: Necrozma|76\/100|[from] Stealth Rock\n|turn|31\n|\n|-start|p1a: Necrozma|Dynamax\n|-heal|p1a: Necrozma|76\/100|[silent]\n|move|p2a: Gyarados|Waterfall|p1a: Necrozma\n|-damage|p1a: Necrozma|47\/100\n|move|p1a: Necrozma|Max Steelspike|p2a: Gyarados\n|-resisted|p2a: Gyarados\n|-damage|p2a: Gyarados|44\/100\n|-boost|p1a: Necrozma|def|1\n|\n|-heal|p2a: Gyarados|50\/100|[from] item: Leftovers\n|-heal|p1a: Necrozma|50\/100|[from] item: Leftovers\n|-damage|p2a: Gyarados|38\/100|[from] Leech Seed|[of] p1a: Necrozma\n|-heal|p1a: Necrozma|55\/100|[silent]\n|upkeep\n|turn|32\n|c|\u2606lobe.|the bulk\n|\n|move|p2a: Gyarados|Waterfall|p1a: Necrozma\n|-damage|p1a: Necrozma|35\/100\n|move|p1a: Necrozma|Max Steelspike|p2a: Gyarados\n|-resisted|p2a: Gyarados\n|-damage|p2a: Gyarados|0 fnt\n|-boost|p1a: Necrozma|def|1\n|faint|p2a: Gyarados\n|\n|-heal|p1a: Necrozma|38\/100|[from] item: Leftovers\n|upkeep\n|\n|switch|p2a: Ferrothorn|Ferrothorn, F|70\/100 par\n|-damage|p2a: Ferrothorn|64\/100 par|[from] Stealth Rock\n|turn|33\n|\n|move|p1a: Necrozma|Max Steelspike|p2a: Ferrothorn\n|-resisted|p2a: Ferrothorn\n|-damage|p2a: Ferrothorn|38\/100 par\n|-boost|p1a: Necrozma|def|1\n|move|p2a: Ferrothorn|Leech Seed|p1a: Necrozma|[miss]\n|-miss|p2a: Ferrothorn|p1a: Necrozma\n|\n|-heal|p1a: Necrozma|41\/100|[from] item: Leftovers\n|-heal|p2a: Ferrothorn|45\/100 par|[from] item: Leftovers\n|-end|p1a: Necrozma|Dynamax\n|-heal|p1a: Necrozma|41\/100|[silent]\n|upkeep\n|turn|34\n|c|\u2606lobe.|dude\n|\n|move|p1a: Necrozma|Moonlight|p1a: Necrozma\n|-heal|p1a: Necrozma|91\/100\n|move|p2a: Ferrothorn|Leech Seed|p1a: Necrozma\n|-start|p1a: Necrozma|move: Leech Seed\n|\n|-heal|p1a: Necrozma|97\/100|[from] item: Leftovers\n|-heal|p2a: Ferrothorn|51\/100 par|[from] item: Leftovers\n|-damage|p1a: Necrozma|85\/100|[from] Leech Seed|[of] p2a: Ferrothorn\n|-heal|p2a: Ferrothorn|65\/100 par|[silent]\n|upkeep\n|turn|35\n|\n|switch|p1a: Zamazenta|Zamazenta-Crowned|100\/100\n|-damage|p1a: Zamazenta|97\/100|[from] Stealth Rock\n|-ability|p1a: Zamazenta|Dauntless Shield|boost\n|-boost|p1a: Zamazenta|def|1\n|cant|p2a: Ferrothorn|par\n|\n|-heal|p2a: Ferrothorn|71\/100 par|[from] item: Leftovers\n|upkeep\n|turn|36\n|c|\u2606lobe.|that para really works out for you\n|\n|switch|p2a: Corviknight|Corviknight, F|100\/100\n|-damage|p2a: Corviknight|88\/100|[from] Stealth Rock\n|-ability|p2a: Corviknight|Pressure\n|move|p1a: Zamazenta|Substitute|p1a: Zamazenta\n|-start|p1a: Zamazenta|Substitute\n|-damage|p1a: Zamazenta|72\/100\n|\n|-heal|p2a: Corviknight|94\/100|[from] item: Leftovers\n|upkeep\n|turn|37\n|\n|move|p1a: Zamazenta|Focus Energy|p1a: Zamazenta\n|-start|p1a: Zamazenta|move: Focus Energy\n|move|p2a: Corviknight|Body Press|p1a: Zamazenta\n|-supereffective|p1a: Zamazenta\n|-end|p1a: Zamazenta|Substitute\n|\n|-heal|p2a: Corviknight|100\/100|[from] item: Leftovers\n|upkeep\n|turn|38\n|\n|move|p1a: Zamazenta|Close Combat|p2a: Corviknight\n|-crit|p2a: Corviknight\n|-damage|p2a: Corviknight|45\/100\n|-unboost|p1a: Zamazenta|def|1\n|-unboost|p1a: Zamazenta|spd|1\n|move|p2a: Corviknight|Body Press|p1a: Zamazenta\n|-supereffective|p1a: Zamazenta\n|-damage|p1a: Zamazenta|34\/100\n|\n|-heal|p2a: Corviknight|51\/100|[from] item: Leftovers\n|upkeep\n|turn|39\n|c|\u2606lobe.|yum\n|\n|move|p1a: Zamazenta|Close Combat|p2a: Corviknight\n|-damage|p2a: Corviknight|13\/100\n|-unboost|p1a: Zamazenta|def|1\n|-unboost|p1a: Zamazenta|spd|1\n|move|p2a: Corviknight|Body Press|p1a: Zamazenta\n|-supereffective|p1a: Zamazenta\n|-damage|p1a: Zamazenta|0 fnt\n|faint|p1a: Zamazenta\n|\n|-heal|p2a: Corviknight|19\/100|[from] item: Leftovers\n|upkeep\n|-message|Blue chen forfeited.\n|\n|win|lobe.\n|l|\u2606Blue chen\n|raw|Blue chen's rating: 1666 &rarr; <strong>1639<\/strong><br \/>(-27 for losing)\n|raw|lobe.'s rating: 1535 &rarr; <strong>1563<\/strong><br \/>(+28 for winning)\n","uploadtime":1585142860,"views":27,"p1id":"bluechen","p2id":"lobe","formatid":"gen8ubers","rating":1563,"private":0,"password":null}