{"id":"gen8ou-1352716521","p1":"NotSoTryHard33","p2":"delchef","format":"gen8ou","log":"|j|\u2606NotSoTryHard33\n|j|\u2606delchef\n|t:|1622761366\n|gametype|singles\n|player|p1|NotSoTryHard33|mira|1464\n|player|p2|delchef|bugcatcher-gen1|1432\n|teamsize|p1|6\n|teamsize|p2|6\n|gen|8\n|tier|[Gen 8] OU\n|rated|\n|rule|Sleep Clause Mod: Limit one foe put to sleep\n|rule|Species Clause: Limit one of each Pok\u00e9mon\n|rule|OHKO Clause: OHKO moves are banned\n|rule|Evasion Moves Clause: Evasion moves are banned\n|rule|Endless Battle Clause: Forcing endless battles is banned\n|rule|HP Percentage Mod: HP is shown in percentages\n|rule|Dynamax Clause: You cannot dynamax\n|clearpoke\n|poke|p1|Bisharp, M|\n|poke|p1|Landorus-Therian, M|\n|poke|p1|Slowking, F|\n|poke|p1|Corviknight, F|\n|poke|p1|Zeraora|\n|poke|p1|Clefable, F|\n|poke|p2|Garchomp, M|\n|poke|p2|Kartana|\n|poke|p2|Weavile, M|\n|poke|p2|Zapdos|\n|poke|p2|Rotom-Heat|\n|poke|p2|Clefable, F|\n|teampreview\n|\n|t:|1622761388\n|start\n|switch|p1a: Bisharp|Bisharp, M|100\/100\n|switch|p2a: Garchomp|Garchomp, M|100\/100\n|turn|1\n|\n|t:|1622761392\n|switch|p1a: Landorus|Landorus-Therian, M|100\/100\n|-ability|p1a: Landorus|Intimidate|boost\n|-unboost|p2a: Garchomp|atk|1\n|-enditem|p2a: Garchomp|Eject Pack\n|\n|t:|1622761396\n|switch|p2a: Weavile|Weavile, M|100\/100\n|-ability|p2a: Weavile|Pressure\n|\n|upkeep\n|turn|2\n|\n|t:|1622761400\n|switch|p1a: Corviknight|Corviknight, F|100\/100\n|-ability|p1a: Corviknight|Pressure\n|move|p2a: Weavile|Swords Dance|p2a: Weavile\n|-boost|p2a: Weavile|atk|2\n|\n|upkeep\n|turn|3\n|\n|t:|1622761407\n|move|p2a: Weavile|Triple Axel|p1a: Corviknight\n|-damage|p1a: Corviknight|87\/100\n|-hitcount|p1a: Corviknight|1\n|move|p1a: Corviknight|U-turn|p2a: Weavile\n|-supereffective|p2a: Weavile\n|-damage|p2a: Weavile|49\/100\n|\n|t:|1622761414\n|switch|p1a: Zeraora|Zeraora|100\/100|[from]move: U-turn\n|\n|upkeep\n|turn|4\n|c|\u2606delchef|yei\n|\n|t:|1622761457\n|switch|p2a: Garchomp|Garchomp, M|100\/100\n|move|p1a: Zeraora|Close Combat|p2a: Garchomp\n|-damage|p2a: Garchomp|60\/100\n|-unboost|p1a: Zeraora|def|1\n|-unboost|p1a: Zeraora|spd|1\n|-damage|p1a: Zeraora|88\/100|[from] ability: Rough Skin|[of] p2a: Garchomp\n|\n|upkeep\n|turn|5\n|\n|t:|1622761464\n|switch|p1a: Corviknight|Corviknight, F|87\/100\n|-ability|p1a: Corviknight|Pressure\n|move|p2a: Garchomp|Draco Meteor|p1a: Corviknight\n|-resisted|p1a: Corviknight\n|-damage|p1a: Corviknight|64\/100\n|-unboost|p2a: Garchomp|spa|2\n|\n|-heal|p1a: Corviknight|70\/100|[from] item: Leftovers\n|upkeep\n|turn|6\n|\n|t:|1622761476\n|move|p2a: Garchomp|Stealth Rock|p1a: Corviknight\n|-sidestart|p1: NotSoTryHard33|move: Stealth Rock\n|move|p1a: Corviknight|U-turn|p2a: Garchomp\n|-crit|p2a: Garchomp\n|-damage|p2a: Garchomp|38\/100\n|-damage|p1a: Corviknight|58\/100|[from] ability: Rough Skin|[of] p2a: Garchomp\n|\n|t:|1622761481\n|switch|p1a: Landorus|Landorus-Therian, M|100\/100|[from]move: U-turn\n|-damage|p1a: Landorus|88\/100|[from] Stealth Rock\n|-ability|p1a: Landorus|Intimidate|boost\n|-unboost|p2a: Garchomp|atk|1\n|\n|-heal|p1a: Landorus|94\/100|[from] item: Leftovers\n|upkeep\n|turn|7\n|\n|t:|1622761485\n|move|p2a: Garchomp|Draco Meteor|p1a: Landorus\n|-damage|p1a: Landorus|68\/100\n|-unboost|p2a: Garchomp|spa|2\n|move|p1a: Landorus|Stealth Rock|p2a: Garchomp\n|-sidestart|p2: delchef|move: Stealth Rock\n|\n|-heal|p1a: Landorus|74\/100|[from] item: Leftovers\n|upkeep\n|turn|8\n|inactive|Battle timer is ON: inactive players will automatically lose when time's up. (requested by delchef)\n|\n|t:|1622761507\n|switch|p2a: Zapdos|Zapdos|100\/100\n|move|p1a: Landorus|Knock Off|p2a: Zapdos\n|-damage|p2a: Zapdos|76\/100\n|-enditem|p2a: Zapdos|Heavy-Duty Boots|[from] move: Knock Off|[of] p1a: Landorus\n|\n|-heal|p1a: Landorus|80\/100|[from] item: Leftovers\n|upkeep\n|turn|9\n|\n|t:|1622761519\n|switch|p1a: Slowking|Slowking, F|100\/100\n|move|p2a: Zapdos|Toxic|p1a: Slowking\n|-status|p1a: Slowking|tox\n|\n|-damage|p1a: Slowking|94\/100 tox|[from] psn\n|upkeep\n|turn|10\n|\n|t:|1622761536\n|move|p2a: Zapdos|Discharge|p1a: Slowking\n|-supereffective|p1a: Slowking\n|-damage|p1a: Slowking|59\/100 tox\n|move|p1a: Slowking|Teleport|p1a: Slowking\n|\n|t:|1622761552\n|switch|p1a: Bisharp|Bisharp, M|100\/100|[from]move: Teleport\n|-damage|p1a: Bisharp|95\/100|[from] Stealth Rock\n|\n|upkeep\n|turn|11\n|\n|t:|1622761557\n|move|p2a: Zapdos|Discharge|p1a: Bisharp\n|-damage|p1a: Bisharp|38\/100\n|move|p1a: Bisharp|Beat Up|p2a: Zapdos\n|-damage|p2a: Zapdos|64\/100\n|-damage|p2a: Zapdos|51\/100\n|-damage|p2a: Zapdos|42\/100\n|-damage|p2a: Zapdos|32\/100\n|-damage|p2a: Zapdos|23\/100\n|-hitcount|p2a: Zapdos|5\n|\n|upkeep\n|turn|12\n|\n|t:|1622761567\n|move|p2a: Zapdos|Roost|p2a: Zapdos\n|-heal|p2a: Zapdos|73\/100\n|-singleturn|p2a: Zapdos|move: Roost\n|move|p1a: Bisharp|Beat Up|p2a: Zapdos\n|-damage|p2a: Zapdos|61\/100\n|-damage|p2a: Zapdos|49\/100\n|-damage|p2a: Zapdos|39\/100\n|-damage|p2a: Zapdos|28\/100\n|-damage|p2a: Zapdos|21\/100\n|-hitcount|p2a: Zapdos|5\n|\n|upkeep\n|turn|13\n|\n|t:|1622761573\n|switch|p1a: Zeraora|Zeraora|88\/100\n|move|p2a: Zapdos|Roost|p2a: Zapdos\n|-heal|p2a: Zapdos|71\/100\n|-singleturn|p2a: Zapdos|move: Roost\n|\n|upkeep\n|turn|14\n|\n|t:|1622761576\n|move|p1a: Zeraora|Volt Switch|p2a: Zapdos\n|-damage|p2a: Zapdos|48\/100\n|\n|t:|1622761586\n|switch|p1a: Clefable|Clefable, F|100\/100|[from]move: Volt Switch\n|move|p2a: Zapdos|Toxic|p1a: Clefable\n|-status|p1a: Clefable|tox\n|\n|upkeep\n|turn|15\n|\n|t:|1622761592\n|move|p2a: Zapdos|Roost|p2a: Zapdos\n|-heal|p2a: Zapdos|98\/100\n|-singleturn|p2a: Zapdos|move: Roost\n|move|p1a: Clefable|Calm Mind|p1a: Clefable\n|-boost|p1a: Clefable|spa|1\n|-boost|p1a: Clefable|spd|1\n|\n|upkeep\n|turn|16\n|\n|t:|1622761598\n|switch|p2a: Kartana|Kartana|100\/100\n|-damage|p2a: Kartana|94\/100|[from] Stealth Rock\n|move|p1a: Clefable|Calm Mind|p1a: Clefable\n|-boost|p1a: Clefable|spa|1\n|-boost|p1a: Clefable|spd|1\n|\n|-heal|p2a: Kartana|100\/100|[from] item: Leftovers\n|upkeep\n|turn|17\n|\n|t:|1622761602\n|move|p2a: Kartana|Smart Strike|p1a: Clefable\n|-supereffective|p1a: Clefable\n|-damage|p1a: Clefable|11\/100 tox\n|move|p1a: Clefable|Flamethrower|p2a: Kartana\n|-supereffective|p2a: Kartana\n|-damage|p2a: Kartana|0 fnt\n|faint|p2a: Kartana\n|\n|upkeep\n|\n|t:|1622761614\n|switch|p2a: Rotom|Rotom-Heat|100\/100\n|turn|18\n|\n|t:|1622761640\n|move|p2a: Rotom|Nasty Plot|p2a: Rotom\n|-boost|p2a: Rotom|spa|2\n|move|p1a: Clefable|Soft-Boiled|p1a: Clefable\n|-heal|p1a: Clefable|61\/100 tox\n|\n|upkeep\n|turn|19\n|\n|t:|1622761650\n|move|p2a: Rotom|Nasty Plot|p2a: Rotom\n|-boost|p2a: Rotom|spa|2\n|move|p1a: Clefable|Moonblast|p2a: Rotom\n|-resisted|p2a: Rotom\n|-damage|p2a: Rotom|56\/100\n|-unboost|p2a: Rotom|spa|1\n|\n|upkeep\n|turn|20\n|inactive|NotSoTryHard33 has 120 seconds left.\n|\n|t:|1622761669\n|switch|p1a: Landorus|Landorus-Therian, M|80\/100\n|-damage|p1a: Landorus|68\/100|[from] Stealth Rock\n|-ability|p1a: Landorus|Intimidate|boost\n|-unboost|p2a: Rotom|atk|1\n|move|p2a: Rotom|Nasty Plot|p2a: Rotom\n|-boost|p2a: Rotom|spa|2\n|\n|-heal|p1a: Landorus|74\/100|[from] item: Leftovers\n|upkeep\n|turn|21\n|inactive|NotSoTryHard33 has 120 seconds left.\n|\n|t:|1622761701\n|move|p2a: Rotom|Overheat|p1a: Landorus\n|-damage|p1a: Landorus|0 fnt\n|-unboost|p2a: Rotom|spa|2\n|faint|p1a: Landorus\n|\n|upkeep\n|inactive|NotSoTryHard33 has 90 seconds left.\n|\n|t:|1622761723\n|switch|p1a: Zeraora|Zeraora|88\/100\n|turn|22\n|\n|t:|1622761729\n|switch|p2a: Garchomp|Garchomp, M|38\/100\n|-damage|p2a: Garchomp|32\/100|[from] Stealth Rock\n|move|p1a: Zeraora|Close Combat|p2a: Garchomp\n|-damage|p2a: Garchomp|0 fnt\n|-unboost|p1a: Zeraora|def|1\n|-unboost|p1a: Zeraora|spd|1\n|-damage|p1a: Zeraora|76\/100|[from] ability: Rough Skin|[of] p2a: Garchomp\n|faint|p2a: Garchomp\n|\n|upkeep\n|\n|t:|1622761736\n|switch|p2a: Zapdos|Zapdos|98\/100\n|-damage|p2a: Zapdos|73\/100|[from] Stealth Rock\n|turn|23\n|\n|t:|1622761750\n|move|p1a: Zeraora|Volt Switch|p2a: Zapdos\n|-damage|p2a: Zapdos|51\/100\n|\n|t:|1622761755\n|switch|p1a: Clefable|Clefable, F|61\/100 tox|[from]move: Volt Switch\n|move|p2a: Zapdos|Roost|p2a: Zapdos\n|-heal|p2a: Zapdos|100\/100\n|-singleturn|p2a: Zapdos|move: Roost\n|\n|upkeep\n|turn|24\n|\n|t:|1622761759\n|move|p2a: Zapdos|Discharge|p1a: Clefable\n|-damage|p1a: Clefable|39\/100 tox\n|move|p1a: Clefable|Soft-Boiled|p1a: Clefable\n|-heal|p1a: Clefable|89\/100 tox\n|\n|upkeep\n|turn|25\n|\n|t:|1622761764\n|switch|p2a: Rotom|Rotom-Heat|56\/100\n|move|p1a: Clefable|Calm Mind|p1a: Clefable\n|-boost|p1a: Clefable|spa|1\n|-boost|p1a: Clefable|spd|1\n|\n|upkeep\n|turn|26\n|inactive|NotSoTryHard33 has 120 seconds left.\n|\n|t:|1622761776\n|move|p2a: Rotom|Pain Split|p1a: Clefable\n|-sethp|p1a: Clefable|66\/100 tox|[from] move: Pain Split|[silent]\n|-sethp|p2a: Rotom|86\/100|[from] move: Pain Split\n|move|p1a: Clefable|Calm Mind|p1a: Clefable\n|-boost|p1a: Clefable|spa|1\n|-boost|p1a: Clefable|spd|1\n|\n|upkeep\n|turn|27\n|\n|t:|1622761779\n|move|p2a: Rotom|Nasty Plot|p2a: Rotom\n|-boost|p2a: Rotom|spa|2\n|move|p1a: Clefable|Moonblast|p2a: Rotom\n|-resisted|p2a: Rotom\n|-damage|p2a: Rotom|45\/100\n|\n|upkeep\n|turn|28\n|\n|t:|1622761784\n|move|p2a: Rotom|Nasty Plot|p2a: Rotom\n|-boost|p2a: Rotom|spa|2\n|move|p1a: Clefable|Moonblast|p2a: Rotom\n|-resisted|p2a: Rotom\n|-damage|p2a: Rotom|2\/100\n|\n|upkeep\n|turn|29\n|\n|t:|1622761788\n|move|p2a: Rotom|Overheat|p1a: Clefable\n|-damage|p1a: Clefable|19\/100 tox\n|-unboost|p2a: Rotom|spa|2\n|move|p1a: Clefable|Moonblast|p2a: Rotom\n|-resisted|p2a: Rotom\n|-damage|p2a: Rotom|0 fnt\n|faint|p2a: Rotom\n|\n|upkeep\n|\n|t:|1622761798\n|switch|p2a: Weavile|Weavile, M|49\/100\n|-damage|p2a: Weavile|24\/100|[from] Stealth Rock\n|-ability|p2a: Weavile|Pressure\n|turn|30\n|\n|t:|1622761818\n|switch|p1a: Corviknight|Corviknight, F|58\/100\n|-damage|p1a: Corviknight|45\/100|[from] Stealth Rock\n|-ability|p1a: Corviknight|Pressure\n|move|p2a: Weavile|Triple Axel|p1a: Corviknight\n|-damage|p1a: Corviknight|38\/100\n|-damage|p1a: Corviknight|25\/100\n|-damage|p1a: Corviknight|6\/100\n|-hitcount|p1a: Corviknight|3\n|\n|-heal|p1a: Corviknight|12\/100|[from] item: Leftovers\n|upkeep\n|turn|31\n|\n|t:|1622761829\n|move|p2a: Weavile|Knock Off|p1a: Corviknight\n|-damage|p1a: Corviknight|0 fnt\n|-enditem|p1a: Corviknight|Leftovers|[from] move: Knock Off|[of] p2a: Weavile\n|faint|p1a: Corviknight\n|\n|upkeep\n|\n|t:|1622761834\n|switch|p1a: Zeraora|Zeraora|76\/100\n|turn|32\n|\n|t:|1622761837\n|move|p2a: Weavile|Ice Shard|p1a: Zeraora\n|-damage|p1a: Zeraora|48\/100\n|move|p1a: Zeraora|Volt Switch|p2a: Weavile\n|-damage|p2a: Weavile|0 fnt\n|faint|p2a: Weavile\n|\n|t:|1622761840\n|switch|p1a: Slowking|Slowking, F|92\/100 tox|[from]move: Volt Switch\n|\n|-damage|p1a: Slowking|86\/100 tox|[from] psn\n|upkeep\n|\n|t:|1622761842\n|switch|p2a: Zapdos|Zapdos|100\/100\n|-damage|p2a: Zapdos|76\/100|[from] Stealth Rock\n|turn|33\n|\n|t:|1622761854\n|move|p2a: Zapdos|Defog|p1a: Slowking\n|-unboost|p1a: Slowking|evasion|1\n|-sideend|p1: NotSoTryHard33|Stealth Rock|[from] move: Defog|[of] p2a: Zapdos\n|-sideend|p2: delchef|Stealth Rock|[from] move: Defog|[of] p2a: Zapdos\n|move|p1a: Slowking|Future Sight|p2a: Zapdos\n|-start|p1a: Slowking|move: Future Sight\n|\n|-damage|p1a: Slowking|74\/100 tox|[from] psn\n|upkeep\n|turn|34\n|\n|t:|1622761867\n|switch|p2a: Clefable|Clefable, F|100\/100\n|move|p1a: Slowking|Teleport|p1a: Slowking\n|\n|t:|1622761872\n|switch|p1a: Bisharp|Bisharp, M|38\/100|[from]move: Teleport\n|\n|upkeep\n|turn|35\n|\n|t:|1622761876\n|move|p2a: Clefable|Moonblast|p1a: Bisharp\n|-damage|p1a: Bisharp|0 fnt\n|faint|p1a: Bisharp\n|\n|-end|p2a: Clefable|move: Future Sight\n|-damage|p2a: Clefable|53\/100\n|upkeep\n|\n|t:|1622761882\n|switch|p1a: Zeraora|Zeraora|48\/100\n|turn|36\n|\n|t:|1622761886\n|move|p1a: Zeraora|Plasma Fists|p2a: Clefable\n|-damage|p2a: Clefable|0 fnt\n|faint|p2a: Clefable\n|\n|upkeep\n|\n|t:|1622761888\n|switch|p2a: Zapdos|Zapdos|76\/100\n|turn|37\n|\n|t:|1622761911\n|move|p1a: Zeraora|Volt Switch|p2a: Zapdos\n|-damage|p2a: Zapdos|55\/100\n|\n|t:|1622761912\n|switch|p1a: Clefable|Clefable, F|19\/100 tox|[from]move: Volt Switch\n|move|p2a: Zapdos|Roost|p2a: Zapdos\n|-heal|p2a: Zapdos|100\/100\n|-singleturn|p2a: Zapdos|move: Roost\n|\n|upkeep\n|turn|38\n|\n|t:|1622761916\n|move|p2a: Zapdos|Discharge|p1a: Clefable\n|-damage|p1a: Clefable|0 fnt\n|faint|p1a: Clefable\n|\n|upkeep\n|\n|t:|1622761934\n|switch|p1a: Slowking|Slowking, F|100\/100 tox\n|turn|39\n|\n|t:|1622761945\n|move|p2a: Zapdos|Discharge|p1a: Slowking\n|-supereffective|p1a: Slowking\n|-damage|p1a: Slowking|62\/100 tox\n|move|p1a: Slowking|Future Sight|p2a: Zapdos\n|-start|p1a: Slowking|move: Future Sight\n|\n|-damage|p1a: Slowking|56\/100 tox|[from] psn\n|upkeep\n|turn|40\n|\n|t:|1622761952\n|switch|p1a: Zeraora|Zeraora|48\/100\n|move|p2a: Zapdos|Toxic|p1a: Zeraora\n|-status|p1a: Zeraora|tox\n|\n|-damage|p1a: Zeraora|42\/100 tox|[from] psn\n|upkeep\n|turn|41\n|\n|t:|1622761957\n|move|p1a: Zeraora|Plasma Fists|p2a: Zapdos\n|-damage|p2a: Zapdos|61\/100\n|move|p2a: Zapdos|Roost|p2a: Zapdos\n|-heal|p2a: Zapdos|100\/100\n|-singleturn|p2a: Zapdos|move: Roost\n|\n|-end|p2a: Zapdos|move: Future Sight\n|-damage|p2a: Zapdos|59\/100\n|-damage|p1a: Zeraora|30\/100 tox|[from] psn\n|upkeep\n|turn|42\n|\n|t:|1622761971\n|move|p1a: Zeraora|Volt Switch|p2a: Zapdos\n|-damage|p2a: Zapdos|35\/100\n|\n|t:|1622761974\n|switch|p1a: Slowking|Slowking, F|89\/100 tox|[from]move: Volt Switch\n|move|p2a: Zapdos|Roost|p2a: Zapdos\n|-heal|p2a: Zapdos|85\/100\n|-singleturn|p2a: Zapdos|move: Roost\n|\n|-damage|p1a: Slowking|83\/100 tox|[from] psn\n|upkeep\n|turn|43\n|\n|t:|1622762000\n|switch|p1a: Zeraora|Zeraora|30\/100 tox\n|move|p2a: Zapdos|Roost|p2a: Zapdos\n|-heal|p2a: Zapdos|100\/100\n|-singleturn|p2a: Zapdos|move: Roost\n|\n|-damage|p1a: Zeraora|24\/100 tox|[from] psn\n|upkeep\n|turn|44\n|\n|t:|1622762006\n|move|p1a: Zeraora|Volt Switch|p2a: Zapdos\n|-damage|p2a: Zapdos|79\/100\n|\n|t:|1622762009\n|switch|p1a: Slowking|Slowking, F|100\/100 tox|[from]move: Volt Switch\n|move|p2a: Zapdos|Toxic|p1a: Slowking\n|-fail|p1a: Slowking|tox\n|\n|-damage|p1a: Slowking|94\/100 tox|[from] psn\n|upkeep\n|turn|45\n|\n|t:|1622762012\n|move|p2a: Zapdos|Discharge|p1a: Slowking\n|-supereffective|p1a: Slowking\n|-damage|p1a: Slowking|57\/100 tox\n|move|p1a: Slowking|Future Sight|p2a: Zapdos\n|-start|p1a: Slowking|move: Future Sight\n|\n|-damage|p1a: Slowking|45\/100 tox|[from] psn\n|upkeep\n|turn|46\n|\n|t:|1622762017\n|move|p2a: Zapdos|Roost|p2a: Zapdos\n|-heal|p2a: Zapdos|100\/100\n|-singleturn|p2a: Zapdos|move: Roost\n|move|p1a: Slowking|Slack Off|p1a: Slowking\n|-heal|p1a: Slowking|95\/100 tox\n|\n|-damage|p1a: Slowking|77\/100 tox|[from] psn\n|upkeep\n|turn|47\n|\n|t:|1622762022\n|move|p2a: Zapdos|Defog|p1a: Slowking\n|-unboost|p1a: Slowking|evasion|1\n|move|p1a: Slowking|Scald|p2a: Zapdos\n|-crit|p2a: Zapdos\n|-damage|p2a: Zapdos|63\/100\n|\n|-end|p2a: Zapdos|move: Future Sight\n|-damage|p2a: Zapdos|22\/100\n|-damage|p1a: Slowking|53\/100 tox|[from] psn\n|upkeep\n|turn|48\n|\n|t:|1622762030\n|move|p2a: Zapdos|Roost|p2a: Zapdos\n|-heal|p2a: Zapdos|72\/100\n|-singleturn|p2a: Zapdos|move: Roost\n|move|p1a: Slowking|Future Sight|p2a: Zapdos\n|-start|p1a: Slowking|move: Future Sight\n|\n|-damage|p1a: Slowking|22\/100 tox|[from] psn\n|upkeep\n|turn|49\n|\n|t:|1622762056\n|switch|p1a: Zeraora|Zeraora|24\/100 tox\n|move|p2a: Zapdos|Roost|p2a: Zapdos\n|-heal|p2a: Zapdos|100\/100\n|-singleturn|p2a: Zapdos|move: Roost\n|\n|-damage|p1a: Zeraora|18\/100 tox|[from] psn\n|upkeep\n|turn|50\n|\n|t:|1622762063\n|move|p1a: Zeraora|Plasma Fists|p2a: Zapdos\n|-damage|p2a: Zapdos|64\/100\n|move|p2a: Zapdos|Roost|p2a: Zapdos\n|-heal|p2a: Zapdos|100\/100\n|-singleturn|p2a: Zapdos|move: Roost\n|\n|-end|p2a: Zapdos|move: Future Sight\n|-damage|p2a: Zapdos|57\/100\n|-damage|p1a: Zeraora|6\/100 tox|[from] psn\n|upkeep\n|turn|51\n|\n|t:|1622762074\n|move|p1a: Zeraora|Volt Switch|p2a: Zapdos\n|-damage|p2a: Zapdos|37\/100\n|\n|t:|1622762077\n|switch|p1a: Slowking|Slowking, F|55\/100 tox|[from]move: Volt Switch\n|move|p2a: Zapdos|Roost|p2a: Zapdos\n|-heal|p2a: Zapdos|87\/100\n|-singleturn|p2a: Zapdos|move: Roost\n|\n|-damage|p1a: Slowking|49\/100 tox|[from] psn\n|upkeep\n|turn|52\n|inactive|delchef has 120 seconds left.\n|\n|t:|1622762129\n|move|p2a: Zapdos|Roost|p2a: Zapdos\n|-heal|p2a: Zapdos|100\/100\n|-singleturn|p2a: Zapdos|move: Roost\n|move|p1a: Slowking|Slack Off|p1a: Slowking\n|-heal|p1a: Slowking|99\/100 tox\n|\n|-damage|p1a: Slowking|87\/100 tox|[from] psn\n|upkeep\n|turn|53\n|\n|t:|1622762134\n|move|p2a: Zapdos|Defog|p1a: Slowking\n|-unboost|p1a: Slowking|evasion|1\n|move|p1a: Slowking|Slack Off|p1a: Slowking\n|-heal|p1a: Slowking|100\/100 tox\n|\n|-damage|p1a: Slowking|82\/100 tox|[from] psn\n|upkeep\n|turn|54\n|\n|t:|1622762140\n|move|p2a: Zapdos|Defog|p1a: Slowking\n|-unboost|p1a: Slowking|evasion|1\n|move|p1a: Slowking|Slack Off|p1a: Slowking\n|-heal|p1a: Slowking|100\/100 tox\n|\n|-damage|p1a: Slowking|76\/100 tox|[from] psn\n|upkeep\n|turn|55\n|\n|t:|1622762142\n|move|p2a: Zapdos|Roost||[still]\n|-fail|p2a: Zapdos|heal\n|move|p1a: Slowking|Future Sight|p2a: Zapdos\n|-start|p1a: Slowking|move: Future Sight\n|\n|-damage|p1a: Slowking|46\/100 tox|[from] psn\n|upkeep\n|turn|56\n|\n|t:|1622762145\n|move|p2a: Zapdos|Defog|p1a: Slowking\n|-unboost|p1a: Slowking|evasion|1\n|move|p1a: Slowking|Slack Off|p1a: Slowking\n|-heal|p1a: Slowking|96\/100 tox\n|\n|-damage|p1a: Slowking|59\/100 tox|[from] psn\n|upkeep\n|turn|57\n|\n|t:|1622762148\n|move|p2a: Zapdos|Roost||[still]\n|-fail|p2a: Zapdos|heal\n|move|p1a: Slowking|Slack Off|p1a: Slowking\n|-heal|p1a: Slowking|100\/100 tox\n|\n|-end|p2a: Zapdos|move: Future Sight\n|-damage|p2a: Zapdos|63\/100\n|-damage|p1a: Slowking|58\/100 tox|[from] psn\n|upkeep\n|turn|58\n|\n|t:|1622762162\n|switch|p1a: Zeraora|Zeraora|6\/100 tox\n|move|p2a: Zapdos|Discharge|p1a: Zeraora\n|-heal|p1a: Zeraora|30\/100 tox|[from] ability: Volt Absorb|[of] p2a: Zapdos\n|\n|-damage|p1a: Zeraora|24\/100 tox|[from] psn\n|upkeep\n|turn|59\n|\n|t:|1622762169\n|move|p1a: Zeraora|Plasma Fists|p2a: Zapdos\n|-damage|p2a: Zapdos|27\/100\n|move|p2a: Zapdos|Defog|p1a: Zeraora\n|-unboost|p1a: Zeraora|evasion|1\n|\n|-damage|p1a: Zeraora|12\/100 tox|[from] psn\n|upkeep\n|turn|60\n|c|\u2606delchef|gg\n|\n|t:|1622762173\n|move|p1a: Zeraora|Plasma Fists|p2a: Zapdos\n|-damage|p2a: Zapdos|0 fnt\n|faint|p2a: Zapdos\n|\n|win|NotSoTryHard33\n|raw|NotSoTryHard33's rating: 1464 &rarr; <strong>1482<\/strong><br \/>(+18 for winning)\n|raw|delchef's rating: 1432 &rarr; <strong>1414<\/strong><br \/>(-18 for losing)\n|c|\u2606NotSoTryHard33|gg\n|l|\u2606delchef\n","uploadtime":1622762180,"views":19,"p1id":"notsotryhard33","p2id":"delchef","formatid":"gen8ou","rating":1414,"private":0,"password":null}