{"id":"gen8nationaldexag-1668715853","p1":"Darchtac","p2":"Meracx","format":"gen8nationaldexag","log":"|j|\u2606Darchtac\n|j|\u2606Meracx\n|t:|1663968151\n|gametype|singles\n|player|p1|Darchtac|pokemonranger-gen4|\n|player|p2|Meracx|thorton|\n|teamsize|p1|6\n|teamsize|p2|6\n|gen|8\n|tier|[Gen 8] National Dex AG\n|rule|HP Percentage Mod: HP is shown in percentages\n|rule|Endless Battle Clause: Forcing endless battles is banned\n|clearpoke\n|poke|p1|Victini|\n|poke|p1|Regieleki|\n|poke|p1|Weavile, M|\n|poke|p1|Unfezant, F|\n|poke|p1|Camerupt, F|\n|poke|p1|Kingler, M|\n|poke|p2|Nidoqueen, F|\n|poke|p2|Sceptile, F|\n|poke|p2|Guzzlord|\n|poke|p2|Sylveon, M|\n|poke|p2|Emboar, M|\n|poke|p2|Raticate-Alola, M|\n|teampreview\n|j| Bluefair\n|c| Bluefair|rebojour\n|c|\u2606Meracx|re\n|\n|t:|1663968240\n|start\n|switch|p1a: Spherique|Camerupt, F|100\/100\n|switch|p2a: Nidoqueen|Nidoqueen, F|100\/100\n|turn|1\n|j| Gint Kyrant\n|c| Gint Kyrant|cc\n|\n|t:|1663968266\n|detailschange|p1a: Spherique|Camerupt-Mega, F\n|-mega|p1a: Spherique|Camerupt|Cameruptite\n|move|p2a: Nidoqueen|Substitute|p2a: Nidoqueen\n|-start|p2a: Nidoqueen|Substitute\n|-damage|p2a: Nidoqueen|76\/100\n|move|p1a: Spherique|Hidden Power|p2a: Nidoqueen\n|-supereffective|p2a: Nidoqueen\n|-end|p2a: Nidoqueen|Substitute\n|\n|upkeep\n|turn|2\n|\n|t:|1663968280\n|move|p2a: Nidoqueen|Earth Power|p1a: Spherique\n|-supereffective|p1a: Spherique\n|-damage|p1a: Spherique|5\/100\n|move|p1a: Spherique|Hidden Power|p2a: Nidoqueen\n|-supereffective|p2a: Nidoqueen\n|-crit|p2a: Nidoqueen\n|-damage|p2a: Nidoqueen|0 fnt\n|faint|p2a: Nidoqueen\n|\n|upkeep\n|c| Gint Kyrant|hm\n|\n|t:|1663968298\n|switch|p2a: Sceptile|Sceptile, F|100\/100\n|turn|3\n|c| Gint Kyrant|je savais pas que le type de hp \u00e9tait pas ndiqu\u00e9\n|c| Gint Kyrant|indiqu\u00e9\n|\n|t:|1663968317\n|switch|p1a: Helicoidale|Unfezant, F|100\/100\n|detailschange|p2a: Sceptile|Sceptile-Mega, F\n|-mega|p2a: Sceptile|Sceptile|Sceptilite\n|move|p2a: Sceptile|Giga Drain|p1a: Helicoidale\n|-resisted|p1a: Helicoidale\n|-damage|p1a: Helicoidale|66\/100\n|\n|upkeep\n|turn|4\n|\n|t:|1663968330\n|switch|p2a: Guzzlord|Guzzlord|100\/100\n|move|p1a: Helicoidale|U-turn|p2a: Guzzlord\n|-supereffective|p2a: Guzzlord\n|-damage|p2a: Guzzlord|79\/100\n|\n|t:|1663968339\n|switch|p1a: Glissi\u00e8re|Weavile, M|100\/100|[from]move: U-turn\n|\n|-heal|p2a: Guzzlord|85\/100|[from] item: Leftovers\n|upkeep\n|turn|5\n|\n|t:|1663968346\n|switch|p2a: Sylveon|Sylveon, M|100\/100\n|move|p1a: Glissi\u00e8re|Knock Off|p2a: Sylveon\n|-resisted|p2a: Sylveon\n|-damage|p2a: Sylveon|79\/100\n|-damage|p1a: Glissi\u00e8re|84\/100|[from] item: Rocky Helmet|[of] p2a: Sylveon\n|-enditem|p2a: Sylveon|Rocky Helmet|[from] move: Knock Off|[of] p1a: Glissi\u00e8re\n|\n|upkeep\n|turn|6\n|c|\u2606Meracx|Faut deviner avec les faiblesses\n|\n|t:|1663968357\n|switch|p1a: Pivot|Victini|100\/100\n|move|p2a: Sylveon|Wish|p2a: Sylveon\n|\n|upkeep\n|turn|7\n|\n|t:|1663968362\n|switch|p2a: Guzzlord|Guzzlord|85\/100\n|move|p1a: Pivot|Future Sight|p2a: Guzzlord\n|-start|p1a: Pivot|move: Future Sight\n|\n|-heal|p2a: Guzzlord|100\/100|[from] move: Wish|[wisher] Sylveon\n|upkeep\n|turn|8\n|\n|t:|1663968371\n|switch|p1a: Helicoidale|Unfezant, F|66\/100\n|move|p2a: Guzzlord|Body Press|p1a: Helicoidale\n|-damage|p1a: Helicoidale|45\/100\n|\n|upkeep\n|turn|9\n|c| Gint Kyrant|en vrai je crois que le play avec weavile \u00e9tait le bon\n|c| Gint Kyrant|j'ai pas fait de calcs ou quoi que ce soit\n|c| Bluefair|le knock off \u00e9tait tr\u00e8s bon\n|c|\u2606Meracx|Ouaip clairement\n|\n|t:|1663968403\n|move|p1a: Helicoidale|U-turn|p2a: Guzzlord\n|-supereffective|p2a: Guzzlord\n|-damage|p2a: Guzzlord|76\/100\n|\n|t:|1663968416\n|switch|p1a: Appui Plan|Regieleki|100\/100|[from]move: U-turn\n|move|p2a: Guzzlord|Knock Off|p1a: Appui Plan\n|-damage|p1a: Appui Plan|47\/100\n|-enditem|p1a: Appui Plan|Choice Specs|[from] move: Knock Off|[of] p2a: Guzzlord\n|\n|-end|p2a: Guzzlord|move: Future Sight\n|-immune|p2a: Guzzlord\n|-heal|p2a: Guzzlord|82\/100|[from] item: Leftovers\n|upkeep\n|turn|10\n|\n|t:|1663968433\n|switch|p2a: Sceptile|Sceptile-Mega, F|100\/100\n|move|p1a: Appui Plan|Volt Switch|p2a: Sceptile\n|-ability|p2a: Sceptile|Lightning Rod|boost\n|-boost|p2a: Sceptile|spa|1\n|\n|upkeep\n|turn|11\n|\n|t:|1663968440\n|switch|p1a: Glissi\u00e8re|Weavile, M|84\/100\n|move|p2a: Sceptile|Substitute|p2a: Sceptile\n|-start|p2a: Sceptile|Substitute\n|-damage|p2a: Sceptile|76\/100\n|\n|upkeep\n|turn|12\n|c| Gint Kyrant|hehe\n|\n|t:|1663968446\n|move|p1a: Glissi\u00e8re|Triple Axel|p2a: Sceptile\n|-supereffective|p2a: Sceptile\n|-end|p2a: Sceptile|Substitute\n|-supereffective|p2a: Sceptile\n|-damage|p2a: Sceptile|0 fnt\n|faint|p2a: Sceptile\n|-hitcount|p2: Sceptile|2\n|\n|upkeep\n|c| Gint Kyrant|oh\n|c| Gint Kyrant|hm\n|c| Bluefair|oooooooooooh\n|c|\u2606Meracx|Oh putain le scarf\n|c|\u2606Meracx|Baited\n|\n|t:|1663968461\n|switch|p2a: Emboar|Emboar, M|100\/100\n|turn|13\n|c| Gint Kyrant|\u00e7a m'a donn\u00e9 une id\u00e9e\n|\n|t:|1663968470\n|switch|p1a: Ponctuel|Kingler, M|100\/100\n|move|p2a: Emboar|Flame Charge|p1a: Ponctuel\n|-resisted|p1a: Ponctuel\n|-damage|p1a: Ponctuel|86\/100\n|-boost|p2a: Emboar|spe|1\n|\n|upkeep\n|turn|14\n|\n|t:|1663968481\n|-zpower|p2a: Emboar\n|move|p2a: Emboar|All-Out Pummeling|p1a: Ponctuel|[zeffect]\n|-damage|p1a: Ponctuel|0 fnt\n|faint|p1a: Ponctuel\n|\n|upkeep\n|\n|t:|1663968496\n|switch|p1a: Appui Plan|Regieleki|47\/100\n|turn|15\n|\n|t:|1663968500\n|move|p1a: Appui Plan|Volt Switch|p2a: Emboar\n|-damage|p2a: Emboar|32\/100\n|\n|t:|1663968505\n|switch|p1a: Spherique|Camerupt-Mega, F|5\/100|[from]move: Volt Switch\n|move|p2a: Emboar|Flame Charge|p1a: Spherique\n|-resisted|p1a: Spherique\n|-damage|p1a: Spherique|0 fnt\n|-boost|p2a: Emboar|spe|1\n|faint|p1a: Spherique\n|\n|upkeep\n|\n|t:|1663968516\n|switch|p1a: Glissi\u00e8re|Weavile, M|84\/100\n|turn|16\n|\n|t:|1663968521\n|move|p1a: Glissi\u00e8re|Ice Shard|p2a: Emboar\n|-resisted|p2a: Emboar\n|-damage|p2a: Emboar|17\/100\n|move|p2a: Emboar|Flame Charge|p1a: Glissi\u00e8re\n|-supereffective|p1a: Glissi\u00e8re\n|-damage|p1a: Glissi\u00e8re|2\/100\n|-boost|p2a: Emboar|spe|1\n|\n|upkeep\n|turn|17\n|c| Gint Kyrant|hm\n|\n|t:|1663968531\n|move|p1a: Glissi\u00e8re|Ice Shard|p2a: Emboar\n|-resisted|p2a: Emboar\n|-damage|p2a: Emboar|2\/100\n|move|p2a: Emboar|Flame Charge|p1a: Glissi\u00e8re\n|-supereffective|p1a: Glissi\u00e8re\n|-damage|p1a: Glissi\u00e8re|0 fnt\n|-boost|p2a: Emboar|spe|1\n|faint|p1a: Glissi\u00e8re\n|\n|upkeep\n|\n|t:|1663968540\n|switch|p1a: Pivot|Victini|100\/100\n|turn|18\n|\n|t:|1663968544\n|move|p2a: Emboar|Head Smash|p1a: Pivot|[miss]\n|-miss|p2a: Emboar|p1a: Pivot\n|move|p1a: Pivot|U-turn|p2a: Emboar\n|-resisted|p2a: Emboar\n|-damage|p2a: Emboar|0 fnt\n|faint|p2a: Emboar\n|c| Gint Kyrant|oooooooooh\n|\n|t:|1663968550\n|switch|p1a: Appui Plan|Regieleki|47\/100|[from]move: U-turn\n|\n|upkeep\n|\n|t:|1663968554\n|switch|p2a: Raticate|Raticate-Alola, M|100\/100\n|turn|19\n|\n|t:|1663968559\n|move|p2a: Raticate|Sucker Punch|p1a: Appui Plan\n|-damage|p1a: Appui Plan|0 fnt\n|faint|p1a: Appui Plan\n|-damage|p2a: Raticate|91\/100|[from] item: Life Orb\n|\n|upkeep\n|\n|t:|1663968565\n|switch|p1a: Helicoidale|Unfezant, F|45\/100\n|turn|20\n|\n|t:|1663968573\n|move|p2a: Raticate|Sucker Punch||[still]\n|-fail|p2a: Raticate\n|move|p1a: Helicoidale|Defog|p2a: Raticate\n|-unboost|p2a: Raticate|evasion|1\n|\n|upkeep\n|turn|21\n|\n|t:|1663968585\n|switch|p1a: Pivot|Victini|100\/100\n|move|p2a: Raticate|Sucker Punch||[still]\n|-fail|p2a: Raticate\n|\n|upkeep\n|turn|22\n|c|\u2606Meracx|Le Sucker God !\n|\n|t:|1663968596\n|move|p2a: Raticate|Sucker Punch|p1a: Pivot\n|-supereffective|p1a: Pivot\n|-damage|p1a: Pivot|0 fnt\n|faint|p1a: Pivot\n|-damage|p2a: Raticate|81\/100|[from] item: Life Orb\n|\n|upkeep\n|\n|t:|1663968601\n|switch|p1a: Helicoidale|Unfezant, F|45\/100\n|turn|23\n|\n|t:|1663968605\n|move|p2a: Raticate|Sucker Punch||[still]\n|-fail|p2a: Raticate\n|move|p1a: Helicoidale|Defog|p2a: Raticate\n|-unboost|p2a: Raticate|evasion|1\n|\n|upkeep\n|turn|24\n|\n|t:|1663968612\n|move|p1a: Helicoidale|Air Slash|p2a: Raticate\n|-damage|p2a: Raticate|62\/100\n|cant|p2a: Raticate|flinch\n|\n|upkeep\n|turn|25\n|\n|t:|1663968618\n|move|p1a: Helicoidale|Air Slash|p2a: Raticate\n|-damage|p2a: Raticate|43\/100\n|move|p2a: Raticate|Return|p1a: Helicoidale\n|-damage|p1a: Helicoidale|0 fnt\n|faint|p1a: Helicoidale\n|-damage|p2a: Raticate|33\/100|[from] item: Life Orb\n|\n|win|Meracx\n|c| Gint Kyrant|gg\n|c|\u2606Meracx|gg\n|c|\u2606Meracx|Belle game l\u00e0\n|c| Gint Kyrant|ui\n|c| Gint Kyrant|juste, est-ce que je peux parler d'une chose\n|c|\u2606Meracx|Yep mais dans le g\u00e9n\u00e9ral \u00e7a sera plus simple\n","uploadtime":1663968674,"views":5,"p1id":"darchtac","p2id":"meracx","formatid":"gen8nationaldexag","rating":0,"private":0,"password":null}