{"id":"gen8ou-1700798476","p1":"ARN32 Royal","p2":"Soaring Souls","format":"gen8ou","log":"|j|\u2606ARN32 Royal\n|j|\u2606Soaring Souls\n|inactive|Battle timer is ON: inactive players will automatically lose when time's up.\n|t:|1667387173\n|gametype|singles\n|player|p1|ARN32 Royal|benga|\n|player|p2|Soaring Souls|102|\n|teamsize|p1|6\n|teamsize|p2|6\n|gen|8\n|tier|[Gen 8] OU\n|rated|Tournament battle\n|rule|Sleep Clause Mod: Limit one foe put to sleep\n|rule|Species Clause: Limit one of each Pok\u00e9mon\n|rule|OHKO Clause: OHKO moves are banned\n|rule|Evasion Items Clause: Evasion items are banned\n|rule|Evasion Moves Clause: Evasion moves are banned\n|rule|Endless Battle Clause: Forcing endless battles is banned\n|rule|HP Percentage Mod: HP is shown in percentages\n|rule|Dynamax Clause: You cannot dynamax\n|clearpoke\n|poke|p1|Tangrowth, F|\n|poke|p1|Toxapex, F|\n|poke|p1|Heatran, M|\n|poke|p1|Tapu Lele|\n|poke|p1|Crawdaunt, M|\n|poke|p1|Landorus-Therian, M|\n|poke|p2|Corviknight, F|\n|poke|p2|Tornadus-Therian, M|\n|poke|p2|Audino, M|\n|poke|p2|Shedinja|\n|poke|p2|Clefable, M|\n|poke|p2|Garchomp, F|\n|teampreview\n|inactive|ARN32 Royal also wants the timer to be on.\n|inactive|ARN32 Royal has 120 seconds left.\n|\n|t:|1667387211\n|start\n|switch|p1a: Toxapex|Toxapex, F|100\/100\n|switch|p2a: Tornadus|Tornadus-Therian, M|100\/100\n|turn|1\n|\n|t:|1667387218\n|switch|p2a: Garchomp|Garchomp, F|100\/100\n|move|p1a: Toxapex|Scald|p2a: Garchomp\n|-damage|p2a: Garchomp|84\/100\n|\n|-heal|p2a: Garchomp|90\/100|[from] item: Leftovers\n|upkeep\n|turn|2\n|j| artyv\n|\n|t:|1667387225\n|move|p2a: Garchomp|Swords Dance|p2a: Garchomp\n|-boost|p2a: Garchomp|atk|2\n|move|p1a: Toxapex|Toxic Spikes|p2a: Garchomp\n|-sidestart|p2: Soaring Souls|move: Toxic Spikes\n|\n|-heal|p2a: Garchomp|96\/100|[from] item: Leftovers\n|upkeep\n|turn|3\n|\n|t:|1667387232\n|switch|p1a: Landorus|Landorus-Therian, M|100\/100\n|-ability|p1a: Landorus|Intimidate|boost\n|-unboost|p2a: Garchomp|atk|1\n|move|p2a: Garchomp|Swords Dance|p2a: Garchomp\n|-boost|p2a: Garchomp|atk|2\n|\n|-heal|p2a: Garchomp|100\/100|[from] item: Leftovers\n|upkeep\n|turn|4\n|j| Delibird Heart\n|j| GengarAdept\n|\n|t:|1667387247\n|move|p1a: Landorus|U-turn|p2a: Garchomp\n|-damage|p2a: Garchomp|79\/100\n|-damage|p1a: Landorus|88\/100|[from] ability: Rough Skin|[of] p2a: Garchomp\n|\n|t:|1667387256\n|switch|p1a: Toxapex|Toxapex, F|100\/100|[from]move: U-turn\n|move|p2a: Garchomp|Fire Fang|p1a: Toxapex\n|-resisted|p1a: Toxapex\n|-damage|p1a: Toxapex|83\/100\n|-damage|p2a: Garchomp|62\/100|[from] item: Rocky Helmet|[of] p1a: Toxapex\n|\n|-heal|p2a: Garchomp|69\/100|[from] item: Leftovers\n|upkeep\n|turn|5\n|\n|t:|1667387265\n|move|p2a: Garchomp|Fire Fang|p1a: Toxapex\n|-resisted|p1a: Toxapex\n|-damage|p1a: Toxapex|64\/100\n|-status|p1a: Toxapex|brn\n|-damage|p2a: Garchomp|52\/100|[from] item: Rocky Helmet|[of] p1a: Toxapex\n|move|p1a: Toxapex|Haze|p1a: Toxapex\n|-clearallboost\n|\n|-heal|p2a: Garchomp|58\/100|[from] item: Leftovers\n|-damage|p1a: Toxapex|57\/100 brn|[from] brn\n|upkeep\n|turn|6\n|\n|t:|1667387275\n|switch|p1a: Landorus|Landorus-Therian, M|88\/100\n|-ability|p1a: Landorus|Intimidate|boost\n|-unboost|p2a: Garchomp|atk|1\n|move|p2a: Garchomp|Swords Dance|p2a: Garchomp\n|-boost|p2a: Garchomp|atk|2\n|\n|-heal|p2a: Garchomp|65\/100|[from] item: Leftovers\n|upkeep\n|turn|7\n|\n|t:|1667387286\n|switch|p2a: Tornadus|Tornadus-Therian, M|100\/100\n|move|p1a: Landorus|Earthquake|p2a: Tornadus\n|-immune|p2a: Tornadus\n|\n|upkeep\n|turn|8\n|\n|t:|1667387293\n|switch|p1a: Toxapex|Toxapex, F|91\/100 brn\n|move|p2a: Tornadus|Defog|p1a: Toxapex\n|-unboost|p1a: Toxapex|evasion|1\n|-sideend|p2: Soaring Souls|Toxic Spikes|[from] move: Defog|[of] p2a: Tornadus\n|\n|-damage|p1a: Toxapex|84\/100 brn|[from] brn\n|upkeep\n|turn|9\n|\n|t:|1667387297\n|switch|p2a: Garchomp|Garchomp, F|65\/100\n|move|p1a: Toxapex|Scald|p2a: Garchomp\n|-damage|p2a: Garchomp|49\/100\n|\n|-heal|p2a: Garchomp|55\/100|[from] item: Leftovers\n|-damage|p1a: Toxapex|78\/100 brn|[from] brn\n|upkeep\n|turn|10\n|j| ARN32 Bossa\n|j| drop a burn\n|j| BigWes95\n|j| cypherstest\n|\n|t:|1667387309\n|move|p2a: Garchomp|Earthquake|p1a: Toxapex\n|-supereffective|p1a: Toxapex\n|-damage|p1a: Toxapex|13\/100 brn\n|move|p1a: Toxapex|Scald|p2a: Garchomp\n|-damage|p2a: Garchomp|41\/100\n|-status|p2a: Garchomp|brn\n|\n|-heal|p2a: Garchomp|47\/100 brn|[from] item: Leftovers\n|-damage|p2a: Garchomp|41\/100 brn|[from] brn\n|-damage|p1a: Toxapex|7\/100 brn|[from] brn\n|upkeep\n|turn|11\n|j| TheNewBrends11\n|\n|t:|1667387317\n|switch|p2a: Clefable|Clefable, M|100\/100\n|switch|p1a: Tangrowth|Tangrowth, F|100\/100\n|\n|upkeep\n|turn|12\n|j| Trainer Aggron\n|l| ARN32 Bossa\n|j| watefals\n|\n|t:|1667387337\n|move|p2a: Clefable|Aromatherapy|p2a: Clefable\n|-activate|p2a: Clefable|move: Aromatherapy\n|-curestatus|p2: Garchomp|brn|[msg]\n|move|p1a: Tangrowth|Knock Off|p2a: Clefable\n|-resisted|p2a: Clefable\n|-damage|p2a: Clefable|92\/100\n|-enditem|p2a: Clefable|Leftovers|[from] move: Knock Off|[of] p1a: Tangrowth\n|\n|upkeep\n|turn|13\n|l| BigWes95\n|\n|t:|1667387350\n|switch|p2a: Tornadus|Tornadus-Therian, M|100\/100\n|move|p1a: Tangrowth|Sludge Bomb|p2a: Tornadus\n|-damage|p2a: Tornadus|78\/100\n|-status|p2a: Tornadus|psn\n|\n|-damage|p2a: Tornadus|66\/100 psn|[from] psn\n|upkeep\n|turn|14\n|\n|t:|1667387359\n|move|p2a: Tornadus|Knock Off|p1a: Tangrowth\n|-damage|p1a: Tangrowth|86\/100\n|-enditem|p1a: Tangrowth|Assault Vest|[from] move: Knock Off|[of] p2a: Tornadus\n|move|p1a: Tangrowth|Knock Off|p2a: Tornadus\n|-damage|p2a: Tornadus|43\/100 psn\n|-damage|p1a: Tangrowth|70\/100|[from] item: Rocky Helmet|[of] p2a: Tornadus\n|-enditem|p2a: Tornadus|Rocky Helmet|[from] move: Knock Off|[of] p1a: Tangrowth\n|\n|-damage|p2a: Tornadus|31\/100 psn|[from] psn\n|upkeep\n|turn|15\n|\n|t:|1667387368\n|switch|p2a: Audino|Audino, M|100\/100\n|move|p1a: Tangrowth|Sludge Bomb|p2a: Audino\n|-damage|p2a: Audino|87\/100\n|\n|upkeep\n|turn|16\n|\n|t:|1667387377\n|switch|p2a: Tornadus|Tornadus-Therian, M|64\/100 psn\n|move|p1a: Tangrowth|Knock Off|p2a: Tornadus\n|-damage|p2a: Tornadus|48\/100 psn\n|\n|-damage|p2a: Tornadus|36\/100 psn|[from] psn\n|upkeep\n|turn|17\n|\n|t:|1667387384\n|switch|p2a: Garchomp|Garchomp, F|41\/100\n|move|p1a: Tangrowth|Sludge Bomb|p2a: Garchomp\n|-resisted|p2a: Garchomp\n|-damage|p2a: Garchomp|31\/100\n|\n|-heal|p2a: Garchomp|37\/100|[from] item: Leftovers\n|upkeep\n|turn|18\n|\n|t:|1667387407\n|switch|p2a: Corviknight|Corviknight, F|100\/100\n|-ability|p2a: Corviknight|Pressure\n|switch|p1a: Landorus|Landorus-Therian, M|88\/100\n|-ability|p1a: Landorus|Intimidate|boost\n|-unboost|p2a: Corviknight|atk|1\n|\n|upkeep\n|turn|19\n|\n|t:|1667387414\n|move|p1a: Landorus|U-turn|p2a: Corviknight\n|-resisted|p2a: Corviknight\n|-damage|p2a: Corviknight|96\/100\n|\n|t:|1667387418\n|switch|p1a: Toxapex|Toxapex, F|40\/100 brn|[from]move: U-turn\n|move|p2a: Corviknight|U-turn|p1a: Toxapex\n|-resisted|p1a: Toxapex\n|-damage|p1a: Toxapex|37\/100 brn\n|-damage|p2a: Corviknight|80\/100|[from] item: Rocky Helmet|[of] p1a: Toxapex\n|\n|t:|1667387420\n|switch|p2a: Garchomp|Garchomp, F|37\/100|[from]move: U-turn\n|\n|-heal|p2a: Garchomp|43\/100|[from] item: Leftovers\n|-damage|p1a: Toxapex|31\/100 brn|[from] brn\n|upkeep\n|turn|20\n|\n|t:|1667387428\n|switch|p1a: Tangrowth|Tangrowth, F|100\/100\n|move|p2a: Garchomp|Fire Fang|p1a: Tangrowth\n|-supereffective|p1a: Tangrowth\n|-damage|p1a: Tangrowth|67\/100\n|\n|-heal|p2a: Garchomp|50\/100|[from] item: Leftovers\n|upkeep\n|turn|21\n|\n|t:|1667387437\n|switch|p2a: Corviknight|Corviknight, F|80\/100\n|-ability|p2a: Corviknight|Pressure\n|switch|p1a: Landorus|Landorus-Therian, M|88\/100\n|-ability|p1a: Landorus|Intimidate|boost\n|-unboost|p2a: Corviknight|atk|1\n|\n|-heal|p2a: Corviknight|86\/100|[from] item: Leftovers\n|upkeep\n|turn|22\n|\n|t:|1667387440\n|move|p1a: Landorus|U-turn|p2a: Corviknight\n|-resisted|p2a: Corviknight\n|-damage|p2a: Corviknight|82\/100\n|\n|t:|1667387446\n|switch|p1a: Toxapex|Toxapex, F|64\/100 brn|[from]move: U-turn\n|move|p2a: Corviknight|U-turn|p1a: Toxapex\n|-resisted|p1a: Toxapex\n|-damage|p1a: Toxapex|61\/100 brn\n|-damage|p2a: Corviknight|65\/100|[from] item: Rocky Helmet|[of] p1a: Toxapex\n|\n|t:|1667387448\n|switch|p2a: Garchomp|Garchomp, F|50\/100|[from]move: U-turn\n|\n|-heal|p2a: Garchomp|56\/100|[from] item: Leftovers\n|-damage|p1a: Toxapex|55\/100 brn|[from] brn\n|upkeep\n|turn|23\n|\n|t:|1667387454\n|switch|p1a: Landorus|Landorus-Therian, M|88\/100\n|-ability|p1a: Landorus|Intimidate|boost\n|-unboost|p2a: Garchomp|atk|1\n|move|p2a: Garchomp|Swords Dance|p2a: Garchomp\n|-boost|p2a: Garchomp|atk|2\n|\n|-heal|p2a: Garchomp|62\/100|[from] item: Leftovers\n|upkeep\n|turn|24\n|\n|t:|1667387463\n|switch|p2a: Tornadus|Tornadus-Therian, M|69\/100 psn\n|move|p1a: Landorus|Earthquake|p2a: Tornadus\n|-immune|p2a: Tornadus\n|\n|-damage|p2a: Tornadus|56\/100 psn|[from] psn\n|upkeep\n|turn|25\n|\n|t:|1667387481\n|switch|p1a: Toxapex|Toxapex, F|88\/100 brn\n|move|p2a: Tornadus|Knock Off|p1a: Toxapex\n|-damage|p1a: Toxapex|77\/100 brn\n|-damage|p2a: Tornadus|40\/100 psn|[from] item: Rocky Helmet|[of] p1a: Toxapex\n|-enditem|p1a: Toxapex|Rocky Helmet|[from] move: Knock Off|[of] p2a: Tornadus\n|\n|-damage|p2a: Tornadus|27\/100 psn|[from] psn\n|-damage|p1a: Toxapex|71\/100 brn|[from] brn\n|upkeep\n|turn|26\n|\n|t:|1667387486\n|switch|p2a: Garchomp|Garchomp, F|62\/100\n|move|p1a: Toxapex|Toxic Spikes|p2a: Garchomp\n|-sidestart|p2: Soaring Souls|move: Toxic Spikes\n|\n|-heal|p2a: Garchomp|68\/100|[from] item: Leftovers\n|-damage|p1a: Toxapex|64\/100 brn|[from] brn\n|upkeep\n|turn|27\n|\n|t:|1667387493\n|move|p2a: Garchomp|Fire Fang|p1a: Toxapex\n|-resisted|p1a: Toxapex\n|-damage|p1a: Toxapex|57\/100 brn\n|move|p1a: Toxapex|Scald|p2a: Garchomp\n|-damage|p2a: Garchomp|52\/100\n|\n|-heal|p2a: Garchomp|58\/100|[from] item: Leftovers\n|-damage|p1a: Toxapex|51\/100 brn|[from] brn\n|upkeep\n|turn|28\n|\n|t:|1667387498\n|switch|p1a: Landorus|Landorus-Therian, M|88\/100\n|-ability|p1a: Landorus|Intimidate|boost\n|-unboost|p2a: Garchomp|atk|1\n|move|p2a: Garchomp|Fire Fang|p1a: Landorus\n|-damage|p1a: Landorus|69\/100\n|\n|-heal|p2a: Garchomp|64\/100|[from] item: Leftovers\n|upkeep\n|turn|29\n|\n|t:|1667387506\n|move|p1a: Landorus|Stone Edge|p2a: Garchomp\n|-resisted|p2a: Garchomp\n|-damage|p2a: Garchomp|48\/100\n|move|p2a: Garchomp|Swords Dance|p2a: Garchomp\n|-boost|p2a: Garchomp|atk|2\n|\n|-heal|p2a: Garchomp|55\/100|[from] item: Leftovers\n|upkeep\n|turn|30\n|\n|t:|1667387514\n|move|p1a: Landorus|Stone Edge|p2a: Garchomp\n|-resisted|p2a: Garchomp\n|-damage|p2a: Garchomp|39\/100\n|move|p2a: Garchomp|Swords Dance|p2a: Garchomp\n|-boost|p2a: Garchomp|atk|2\n|\n|-heal|p2a: Garchomp|46\/100|[from] item: Leftovers\n|upkeep\n|turn|31\n|\n|t:|1667387523\n|switch|p1a: Tangrowth|Tangrowth, F|99\/100\n|move|p2a: Garchomp|Earthquake|p1a: Tangrowth\n|-resisted|p1a: Tangrowth\n|-damage|p1a: Tangrowth|53\/100\n|\n|-heal|p2a: Garchomp|52\/100|[from] item: Leftovers\n|upkeep\n|turn|32\n|\n|t:|1667387528\n|move|p2a: Garchomp|Fire Fang|p1a: Tangrowth\n|-supereffective|p1a: Tangrowth\n|-damage|p1a: Tangrowth|0 fnt\n|faint|p1a: Tangrowth\n|\n|-heal|p2a: Garchomp|58\/100|[from] item: Leftovers\n|upkeep\n|\n|t:|1667387533\n|switch|p1a: Landorus|Landorus-Therian, M|69\/100\n|-ability|p1a: Landorus|Intimidate|boost\n|-unboost|p2a: Garchomp|atk|1\n|turn|33\n|\n|t:|1667387541\n|switch|p2a: Corviknight|Corviknight, F|65\/100\n|-ability|p2a: Corviknight|Pressure\n|move|p1a: Landorus|Earthquake|p2a: Corviknight\n|-immune|p2a: Corviknight\n|\n|-heal|p2a: Corviknight|72\/100|[from] item: Leftovers\n|upkeep\n|turn|34\n|l| Delibird Heart\n|\n|t:|1667387549\n|switch|p1a: Toxapex|Toxapex, F|84\/100 brn\n|move|p2a: Corviknight|Defog|p1a: Toxapex\n|-unboost|p1a: Toxapex|evasion|1\n|-sideend|p2: Soaring Souls|Toxic Spikes|[from] move: Defog|[of] p2a: Corviknight\n|\n|-heal|p2a: Corviknight|78\/100|[from] item: Leftovers\n|-damage|p1a: Toxapex|78\/100 brn|[from] brn\n|upkeep\n|turn|35\n|\n|t:|1667387553\n|move|p2a: Corviknight|U-turn|p1a: Toxapex\n|-resisted|p1a: Toxapex\n|-damage|p1a: Toxapex|74\/100 brn\n|\n|t:|1667387555\n|switch|p2a: Garchomp|Garchomp, F|58\/100|[from]move: U-turn\n|move|p1a: Toxapex|Scald|p2a: Garchomp\n|-crit|p2a: Garchomp\n|-damage|p2a: Garchomp|34\/100\n|-status|p2a: Garchomp|brn\n|\n|-heal|p2a: Garchomp|41\/100 brn|[from] item: Leftovers\n|-damage|p2a: Garchomp|34\/100 brn|[from] brn\n|-damage|p1a: Toxapex|68\/100 brn|[from] brn\n|upkeep\n|turn|36\n|\n|t:|1667387564\n|switch|p1a: Tapu Lele|Tapu Lele|100\/100\n|-fieldstart|move: Psychic Terrain|[from] ability: Psychic Surge|[of] p1a: Tapu Lele\n|move|p2a: Garchomp|Rest|p2a: Garchomp\n|-status|p2a: Garchomp|slp|[from] move: Rest\n|-heal|p2a: Garchomp|100\/100 slp|[silent]\n|\n|upkeep\n|turn|37\n|\n|t:|1667387579\n|switch|p2a: Shedinja|Shedinja|100\/100\n|move|p1a: Tapu Lele|Psychic|p2a: Shedinja\n|-immune|p2a: Shedinja|[from] ability: Wonder Guard\n|\n|upkeep\n|turn|38\n|\n|t:|1667387588\n|switch|p1a: Heatran|Heatran, M|100\/100\n|switch|p2a: Clefable|Clefable, M|92\/100\n|\n|upkeep\n|turn|39\n|\n|t:|1667387594\n|switch|p2a: Audino|Audino, M|100\/100\n|move|p1a: Heatran|Taunt|p2a: Audino\n|-start|p2a: Audino|move: Taunt\n|\n|upkeep\n|turn|40\n|\n|t:|1667387597\n|move|p1a: Heatran|Stealth Rock|p2a: Audino\n|-sidestart|p2: Soaring Souls|move: Stealth Rock\n|move|p2a: Audino|Knock Off|p1a: Heatran\n|-damage|p1a: Heatran|87\/100\n|-enditem|p1a: Heatran|Leftovers|[from] move: Knock Off|[of] p2a: Audino\n|\n|-fieldend|move: Psychic Terrain\n|upkeep\n|turn|41\n|\n|t:|1667387603\n|move|p1a: Heatran|Magma Storm|p2a: Audino\n|-damage|p2a: Audino|70\/100\n|-activate|p2a: Audino|move: Magma Storm|[of] p1a: Heatran\n|move|p2a: Audino|Knock Off|p1a: Heatran\n|-damage|p1a: Heatran|78\/100\n|\n|-damage|p2a: Audino|57\/100|[from] move: Magma Storm|[partiallytrapped]\n|-end|p2a: Audino|move: Taunt\n|upkeep\n|turn|42\n|\n|t:|1667387609\n|switch|p2a: Garchomp|Garchomp, F|100\/100 slp\n|-damage|p2a: Garchomp|94\/100 slp|[from] Stealth Rock\n|move|p1a: Heatran|Earth Power|p2a: Garchomp\n|-damage|p2a: Garchomp|69\/100 slp\n|\n|-heal|p2a: Garchomp|75\/100 slp|[from] item: Leftovers\n|upkeep\n|turn|43\n|\n|t:|1667387618\n|cant|p2a: Garchomp|slp\n|move|p1a: Heatran|Magma Storm|p2a: Garchomp|[miss]\n|-miss|p1a: Heatran|p2a: Garchomp\n|\n|-heal|p2a: Garchomp|81\/100 slp|[from] item: Leftovers\n|upkeep\n|turn|44\n|\n|t:|1667387622\n|switch|p1a: Tapu Lele|Tapu Lele|100\/100\n|-fieldstart|move: Psychic Terrain|[from] ability: Psychic Surge|[of] p1a: Tapu Lele\n|cant|p2a: Garchomp|slp\n|\n|-heal|p2a: Garchomp|87\/100 slp|[from] item: Leftovers\n|upkeep\n|turn|45\n|j| Delibird Heart\n|l| Delibird Heart\n|\n|t:|1667387650\n|switch|p2a: Tornadus|Tornadus-Therian, M|60\/100 psn\n|-damage|p2a: Tornadus|36\/100 psn|[from] Stealth Rock\n|move|p1a: Tapu Lele|Psychic|p2a: Tornadus\n|-damage|p2a: Tornadus|0 fnt\n|faint|p2a: Tornadus\n|\n|upkeep\n|\n|t:|1667387653\n|switch|p2a: Corviknight|Corviknight, F|78\/100\n|-damage|p2a: Corviknight|65\/100|[from] Stealth Rock\n|-ability|p2a: Corviknight|Pressure\n|turn|46\n|\n|t:|1667387655\n|move|p1a: Tapu Lele|Psychic|p2a: Corviknight\n|-resisted|p2a: Corviknight\n|-damage|p2a: Corviknight|23\/100\n|move|p2a: Corviknight|Defog|p1a: Tapu Lele\n|-unboost|p1a: Tapu Lele|evasion|1\n|-sideend|p2: Soaring Souls|Stealth Rock|[from] move: Defog|[of] p2a: Corviknight\n|-fieldend|move: Psychic Terrain\n|\n|-heal|p2a: Corviknight|29\/100|[from] item: Leftovers\n|upkeep\n|turn|47\n|\n|t:|1667387669\n|switch|p1a: Heatran|Heatran, M|78\/100\n|move|p2a: Corviknight|Roost|p2a: Corviknight\n|-heal|p2a: Corviknight|79\/100\n|-singleturn|p2a: Corviknight|move: Roost\n|\n|-heal|p2a: Corviknight|85\/100|[from] item: Leftovers\n|upkeep\n|turn|48\n|\n|t:|1667387675\n|move|p1a: Heatran|Stealth Rock|p2a: Corviknight\n|-sidestart|p2: Soaring Souls|move: Stealth Rock\n|move|p2a: Corviknight|Body Press|p1a: Heatran\n|-supereffective|p1a: Heatran\n|-damage|p1a: Heatran|39\/100\n|\n|-heal|p2a: Corviknight|91\/100|[from] item: Leftovers\n|upkeep\n|turn|49\n|\n|t:|1667387686\n|move|p1a: Heatran|Magma Storm|p2a: Corviknight|[miss]\n|-miss|p1a: Heatran|p2a: Corviknight\n|move|p2a: Corviknight|Body Press|p1a: Heatran\n|-supereffective|p1a: Heatran\n|-damage|p1a: Heatran|0 fnt\n|faint|p1a: Heatran\n|\n|-heal|p2a: Corviknight|98\/100|[from] item: Leftovers\n|upkeep\n|\n|t:|1667387691\n|switch|p1a: Tapu Lele|Tapu Lele|100\/100\n|-fieldstart|move: Psychic Terrain|[from] ability: Psychic Surge|[of] p1a: Tapu Lele\n|turn|50\n|\n|t:|1667387699\n|switch|p2a: Audino|Audino, M|90\/100\n|-damage|p2a: Audino|78\/100|[from] Stealth Rock\n|move|p1a: Tapu Lele|Psyshock|p2a: Audino\n|-damage|p2a: Audino|3\/100\n|\n|upkeep\n|turn|51\n|\n|t:|1667387703\n|move|p1a: Tapu Lele|Psyshock|p2a: Audino\n|-damage|p2a: Audino|0 fnt\n|faint|p2a: Audino\n|\n|upkeep\n|\n|t:|1667387704\n|switch|p2a: Corviknight|Corviknight, F|98\/100\n|-damage|p2a: Corviknight|85\/100|[from] Stealth Rock\n|-ability|p2a: Corviknight|Pressure\n|turn|52\n|\n|t:|1667387707\n|move|p1a: Tapu Lele|Psyshock|p2a: Corviknight\n|-resisted|p2a: Corviknight\n|-damage|p2a: Corviknight|61\/100\n|move|p2a: Corviknight|Defog|p1a: Tapu Lele\n|-unboost|p1a: Tapu Lele|evasion|1\n|-sideend|p2: Soaring Souls|Stealth Rock|[from] move: Defog|[of] p2a: Corviknight\n|-fieldend|move: Psychic Terrain\n|\n|-heal|p2a: Corviknight|68\/100|[from] item: Leftovers\n|upkeep\n|turn|53\n|\n|t:|1667387726\n|move|p1a: Tapu Lele|Psyshock|p2a: Corviknight\n|-resisted|p2a: Corviknight\n|-damage|p2a: Corviknight|49\/100\n|move|p2a: Corviknight|Roost|p2a: Corviknight\n|-heal|p2a: Corviknight|99\/100\n|-singleturn|p2a: Corviknight|move: Roost\n|\n|-heal|p2a: Corviknight|100\/100|[from] item: Leftovers\n|upkeep\n|turn|54\n|\n|t:|1667387731\n|move|p1a: Tapu Lele|Psyshock|p2a: Corviknight\n|-resisted|p2a: Corviknight\n|-crit|p2a: Corviknight\n|-damage|p2a: Corviknight|69\/100\n|move|p2a: Corviknight|U-turn|p1a: Tapu Lele\n|-damage|p1a: Tapu Lele|78\/100\n|\n|t:|1667387737\n|switch|p2a: Shedinja|Shedinja|100\/100|[from]move: U-turn\n|\n|upkeep\n|turn|55\n|\n|t:|1667387741\n|switch|p1a: Toxapex|Toxapex, F|100\/100 brn\n|switch|p2a: Corviknight|Corviknight, F|69\/100\n|-ability|p2a: Corviknight|Pressure\n|\n|-heal|p2a: Corviknight|75\/100|[from] item: Leftovers\n|-damage|p1a: Toxapex|94\/100 brn|[from] brn\n|upkeep\n|turn|56\n|\n|t:|1667387758\n|move|p2a: Corviknight|Roost|p2a: Corviknight\n|-heal|p2a: Corviknight|100\/100\n|-singleturn|p2a: Corviknight|move: Roost\n|move|p1a: Toxapex|Scald|p2a: Corviknight\n|-damage|p2a: Corviknight|87\/100\n|-status|p2a: Corviknight|brn\n|\n|-heal|p2a: Corviknight|93\/100 brn|[from] item: Leftovers\n|-damage|p2a: Corviknight|87\/100 brn|[from] brn\n|-damage|p1a: Toxapex|88\/100 brn|[from] brn\n|upkeep\n|turn|57\n|\n|t:|1667387761\n|move|p2a: Corviknight|U-turn|p1a: Toxapex\n|-resisted|p1a: Toxapex\n|-damage|p1a: Toxapex|86\/100 brn\n|\n|t:|1667387763\n|switch|p2a: Clefable|Clefable, M|92\/100|[from]move: U-turn\n|move|p1a: Toxapex|Toxic Spikes|p2a: Clefable\n|-sidestart|p2: Soaring Souls|move: Toxic Spikes\n|\n|-damage|p1a: Toxapex|80\/100 brn|[from] brn\n|upkeep\n|turn|58\n|\n|t:|1667387780\n|move|p2a: Clefable|Aromatherapy|p2a: Clefable\n|-activate|p2a: Clefable|move: Aromatherapy\n|-curestatus|p2: Corviknight|brn|[msg]\n|-curestatus|p2: Garchomp|slp|[msg]\n|move|p1a: Toxapex|Scald|p2a: Clefable\n|-damage|p2a: Clefable|76\/100\n|\n|-damage|p1a: Toxapex|74\/100 brn|[from] brn\n|upkeep\n|turn|59\n|\n|t:|1667387794\n|switch|p1a: Tapu Lele|Tapu Lele|78\/100\n|-fieldstart|move: Psychic Terrain|[from] ability: Psychic Surge|[of] p1a: Tapu Lele\n|move|p2a: Clefable|Soft-Boiled|p2a: Clefable\n|-heal|p2a: Clefable|100\/100\n|\n|upkeep\n|turn|60\n|\n|t:|1667387803\n|switch|p2a: Corviknight|Corviknight, F|87\/100\n|-ability|p2a: Corviknight|Pressure\n|move|p1a: Tapu Lele|Psychic|p2a: Corviknight\n|-resisted|p2a: Corviknight\n|-damage|p2a: Corviknight|48\/100\n|\n|-heal|p2a: Corviknight|54\/100|[from] item: Leftovers\n|upkeep\n|turn|61\n|\n|t:|1667387809\n|move|p1a: Tapu Lele|Psychic|p2a: Corviknight\n|-resisted|p2a: Corviknight\n|-damage|p2a: Corviknight|14\/100\n|move|p2a: Corviknight|Roost|p2a: Corviknight\n|-heal|p2a: Corviknight|64\/100\n|-singleturn|p2a: Corviknight|move: Roost\n|\n|-heal|p2a: Corviknight|70\/100|[from] item: Leftovers\n|upkeep\n|turn|62\n|\n|t:|1667387816\n|move|p1a: Tapu Lele|Psychic|p2a: Corviknight\n|-resisted|p2a: Corviknight\n|-damage|p2a: Corviknight|27\/100\n|move|p2a: Corviknight|Defog|p1a: Tapu Lele\n|-unboost|p1a: Tapu Lele|evasion|1\n|-sideend|p2: Soaring Souls|Toxic Spikes|[from] move: Defog|[of] p2a: Corviknight\n|-fieldend|move: Psychic Terrain\n|\n|-heal|p2a: Corviknight|33\/100|[from] item: Leftovers\n|upkeep\n|turn|63\n|\n|t:|1667387823\n|switch|p2a: Shedinja|Shedinja|100\/100\n|move|p1a: Tapu Lele|Psychic|p2a: Shedinja\n|-immune|p2a: Shedinja|[from] ability: Wonder Guard\n|\n|upkeep\n|turn|64\n|\n|t:|1667387835\n|move|p1a: Tapu Lele|Psychic|p2a: Shedinja\n|-immune|p2a: Shedinja|[from] ability: Wonder Guard\n|move|p2a: Shedinja|Will-O-Wisp|p1a: Tapu Lele\n|-status|p1a: Tapu Lele|brn\n|\n|-damage|p1a: Tapu Lele|72\/100 brn|[from] brn\n|upkeep\n|turn|65\n|\n|t:|1667387839\n|switch|p1a: Toxapex|Toxapex, F|100\/100 brn\n|move|p2a: Shedinja|Will-O-Wisp|p1a: Toxapex\n|-fail|p1a: Toxapex|brn\n|\n|-damage|p1a: Toxapex|94\/100 brn|[from] brn\n|upkeep\n|turn|66\n|\n|t:|1667387843\n|switch|p2a: Corviknight|Corviknight, F|33\/100\n|-ability|p2a: Corviknight|Pressure\n|switch|p1a: Crawdaunt|Crawdaunt, M|100\/100\n|\n|-heal|p2a: Corviknight|39\/100|[from] item: Leftovers\n|upkeep\n|turn|67\n|\n|t:|1667387856\n|switch|p2a: Garchomp|Garchomp, F|87\/100\n|move|p1a: Crawdaunt|Crabhammer|p2a: Garchomp\n|-damage|p2a: Garchomp|11\/100\n|-damage|p1a: Crawdaunt|88\/100|[from] ability: Rough Skin|[of] p2a: Garchomp\n|-damage|p1a: Crawdaunt|78\/100|[from] item: Life Orb\n|\n|-heal|p2a: Garchomp|17\/100|[from] item: Leftovers\n|upkeep\n|turn|68\n|\n|t:|1667387863\n|switch|p2a: Shedinja|Shedinja|100\/100\n|move|p1a: Crawdaunt|Aqua Jet|p2a: Shedinja\n|-immune|p2a: Shedinja|[from] ability: Wonder Guard\n|\n|upkeep\n|turn|69\n|\n|t:|1667387873\n|switch|p2a: Clefable|Clefable, M|100\/100\n|move|p1a: Crawdaunt|Knock Off|p2a: Clefable\n|-resisted|p2a: Clefable\n|-damage|p2a: Clefable|79\/100\n|-damage|p1a: Crawdaunt|69\/100|[from] item: Life Orb\n|\n|upkeep\n|turn|70\n|\n|t:|1667387896\n|switch|p1a: Tapu Lele|Tapu Lele|72\/100 brn\n|-fieldstart|move: Psychic Terrain|[from] ability: Psychic Surge|[of] p1a: Tapu Lele\n|move|p2a: Clefable|Moonblast|p1a: Tapu Lele\n|-damage|p1a: Tapu Lele|36\/100 brn\n|\n|-damage|p1a: Tapu Lele|30\/100 brn|[from] brn\n|upkeep\n|turn|71\n|\n|t:|1667387907\n|switch|p1a: Crawdaunt|Crawdaunt, M|69\/100\n|switch|p2a: Shedinja|Shedinja|100\/100\n|\n|upkeep\n|turn|72\n|\n|t:|1667387935\n|switch|p2a: Garchomp|Garchomp, F|17\/100\n|move|p1a: Crawdaunt|Knock Off|p2a: Garchomp\n|-damage|p2a: Garchomp|0 fnt\n|-damage|p1a: Crawdaunt|56\/100|[from] ability: Rough Skin|[of] p2a: Garchomp\n|-enditem|p2a: Garchomp|Leftovers|[from] move: Knock Off|[of] p1a: Crawdaunt\n|faint|p2a: Garchomp\n|-damage|p1a: Crawdaunt|47\/100|[from] item: Life Orb\n|\n|upkeep\n|\n|t:|1667387937\n|switch|p2a: Clefable|Clefable, M|79\/100\n|turn|73\n|\n|t:|1667387955\n|switch|p1a: Toxapex|Toxapex, F|100\/100 brn\n|move|p2a: Clefable|Moonblast|p1a: Toxapex\n|-resisted|p1a: Toxapex\n|-damage|p1a: Toxapex|88\/100 brn\n|\n|-damage|p1a: Toxapex|82\/100 brn|[from] brn\n|upkeep\n|turn|74\n|\n|t:|1667387963\n|switch|p2a: Corviknight|Corviknight, F|39\/100\n|-ability|p2a: Corviknight|Pressure\n|move|p1a: Toxapex|Toxic Spikes|p2a: Corviknight\n|-sidestart|p2: Soaring Souls|move: Toxic Spikes\n|\n|-heal|p2a: Corviknight|45\/100|[from] item: Leftovers\n|-damage|p1a: Toxapex|75\/100 brn|[from] brn\n|-fieldend|move: Psychic Terrain\n|upkeep\n|turn|75\n|\n|t:|1667387970\n|switch|p1a: Crawdaunt|Crawdaunt, M|47\/100\n|move|p2a: Corviknight|Roost|p2a: Corviknight\n|-heal|p2a: Corviknight|95\/100\n|-singleturn|p2a: Corviknight|move: Roost\n|\n|-heal|p2a: Corviknight|100\/100|[from] item: Leftovers\n|upkeep\n|turn|76\n|\n|t:|1667387981\n|move|p1a: Crawdaunt|Crabhammer|p2a: Corviknight\n|-damage|p2a: Corviknight|44\/100\n|-damage|p1a: Crawdaunt|37\/100|[from] item: Life Orb\n|move|p2a: Corviknight|Body Press|p1a: Crawdaunt\n|-supereffective|p1a: Crawdaunt\n|-damage|p1a: Crawdaunt|0 fnt\n|faint|p1a: Crawdaunt\n|\n|-heal|p2a: Corviknight|50\/100|[from] item: Leftovers\n|upkeep\n|\n|t:|1667387984\n|switch|p1a: Tapu Lele|Tapu Lele|30\/100 brn\n|-fieldstart|move: Psychic Terrain|[from] ability: Psychic Surge|[of] p1a: Tapu Lele\n|turn|77\n|j| VGC 2069 is fun\n|\n|t:|1667388006\n|switch|p2a: Clefable|Clefable, M|79\/100\n|-status|p2a: Clefable|psn\n|move|p1a: Tapu Lele|Psychic|p2a: Clefable\n|-damage|p2a: Clefable|0 fnt\n|faint|p2a: Clefable\n|\n|-damage|p1a: Tapu Lele|24\/100 brn|[from] brn\n|upkeep\n|\n|t:|1667388008\n|switch|p2a: Corviknight|Corviknight, F|50\/100\n|-ability|p2a: Corviknight|Pressure\n|turn|78\n|j| A-sepower\n|\n|t:|1667388010\n|move|p1a: Tapu Lele|Psychic|p2a: Corviknight\n|-resisted|p2a: Corviknight\n|-damage|p2a: Corviknight|12\/100\n|move|p2a: Corviknight|Roost|p2a: Corviknight\n|-heal|p2a: Corviknight|62\/100\n|-singleturn|p2a: Corviknight|move: Roost\n|\n|-heal|p2a: Corviknight|68\/100|[from] item: Leftovers\n|-damage|p1a: Tapu Lele|18\/100 brn|[from] brn\n|upkeep\n|turn|79\n|\n|t:|1667388013\n|move|p1a: Tapu Lele|Psychic|p2a: Corviknight\n|-resisted|p2a: Corviknight\n|-damage|p2a: Corviknight|26\/100\n|move|p2a: Corviknight|Roost|p2a: Corviknight\n|-heal|p2a: Corviknight|76\/100\n|-singleturn|p2a: Corviknight|move: Roost\n|\n|-heal|p2a: Corviknight|82\/100|[from] item: Leftovers\n|-damage|p1a: Tapu Lele|12\/100 brn|[from] brn\n|upkeep\n|turn|80\n|\n|t:|1667388023\n|switch|p1a: Toxapex|Toxapex, F|100\/100 brn\n|move|p2a: Corviknight|Defog|p1a: Toxapex\n|-unboost|p1a: Toxapex|evasion|1\n|-sideend|p2: Soaring Souls|Toxic Spikes|[from] move: Defog|[of] p2a: Corviknight\n|-fieldend|move: Psychic Terrain\n|\n|-heal|p2a: Corviknight|88\/100|[from] item: Leftovers\n|-damage|p1a: Toxapex|94\/100 brn|[from] brn\n|upkeep\n|turn|81\n|l| artyv\n|\n|t:|1667388033\n|switch|p2a: Shedinja|Shedinja|100\/100\n|move|p1a: Toxapex|Scald|p2a: Shedinja\n|-immune|p2a: Shedinja|[from] ability: Wonder Guard\n|\n|-damage|p1a: Toxapex|88\/100 brn|[from] brn\n|upkeep\n|turn|82\n|l| Trainer Aggron\n|\n|t:|1667388040\n|move|p2a: Shedinja|Hex|p1a: Toxapex\n|-damage|p1a: Toxapex|59\/100 brn\n|move|p1a: Toxapex|Toxic Spikes|p2a: Shedinja\n|-sidestart|p2: Soaring Souls|move: Toxic Spikes\n|\n|-damage|p1a: Toxapex|53\/100 brn|[from] brn\n|upkeep\n|turn|83\n|j| Trainer Aggron\n|j| artyv\n|\n|t:|1667388047\n|move|p2a: Shedinja|Hex|p1a: Toxapex\n|-damage|p1a: Toxapex|27\/100 brn\n|move|p1a: Toxapex|Recover|p1a: Toxapex\n|-heal|p1a: Toxapex|77\/100 brn\n|\n|-damage|p1a: Toxapex|71\/100 brn|[from] brn\n|upkeep\n|turn|84\n|\n|t:|1667388058\n|move|p2a: Shedinja|Hex|p1a: Toxapex\n|-damage|p1a: Toxapex|43\/100 brn\n|move|p1a: Toxapex|Haze|p1a: Toxapex\n|-clearallboost\n|\n|-damage|p1a: Toxapex|37\/100 brn|[from] brn\n|upkeep\n|turn|85\n|\n|t:|1667388065\n|switch|p2a: Corviknight|Corviknight, F|88\/100\n|-ability|p2a: Corviknight|Pressure\n|move|p1a: Toxapex|Recover|p1a: Toxapex\n|-heal|p1a: Toxapex|87\/100 brn\n|\n|-heal|p2a: Corviknight|95\/100|[from] item: Leftovers\n|-damage|p1a: Toxapex|80\/100 brn|[from] brn\n|upkeep\n|turn|86\n|\n|t:|1667388073\n|move|p2a: Corviknight|Defog|p1a: Toxapex\n|-unboost|p1a: Toxapex|evasion|1\n|-sideend|p2: Soaring Souls|Toxic Spikes|[from] move: Defog|[of] p2a: Corviknight\n|move|p1a: Toxapex|Scald|p2a: Corviknight\n|-damage|p2a: Corviknight|79\/100\n|\n|-heal|p2a: Corviknight|85\/100|[from] item: Leftovers\n|-damage|p1a: Toxapex|74\/100 brn|[from] brn\n|upkeep\n|turn|87\n|\n|t:|1667388077\n|move|p2a: Corviknight|U-turn|p1a: Toxapex\n|-resisted|p1a: Toxapex\n|-damage|p1a: Toxapex|70\/100 brn\n|\n|t:|1667388078\n|switch|p2a: Shedinja|Shedinja|100\/100|[from]move: U-turn\n|move|p1a: Toxapex|Toxic Spikes|p2a: Shedinja\n|-sidestart|p2: Soaring Souls|move: Toxic Spikes\n|\n|-damage|p1a: Toxapex|63\/100 brn|[from] brn\n|upkeep\n|turn|88\n|\n|t:|1667388085\n|move|p2a: Shedinja|Hex|p1a: Toxapex\n|-damage|p1a: Toxapex|37\/100 brn\n|move|p1a: Toxapex|Recover|p1a: Toxapex\n|-heal|p1a: Toxapex|87\/100 brn\n|\n|-damage|p1a: Toxapex|80\/100 brn|[from] brn\n|upkeep\n|turn|89\n|\n|t:|1667388097\n|move|p2a: Shedinja|Hex|p1a: Toxapex\n|-damage|p1a: Toxapex|51\/100 brn\n|move|p1a: Toxapex|Haze|p1a: Toxapex\n|-clearallboost\n|\n|-damage|p1a: Toxapex|45\/100 brn|[from] brn\n|upkeep\n|turn|90\n|\n|t:|1667388104\n|switch|p2a: Corviknight|Corviknight, F|85\/100\n|-ability|p2a: Corviknight|Pressure\n|move|p1a: Toxapex|Recover|p1a: Toxapex\n|-heal|p1a: Toxapex|95\/100 brn\n|\n|-heal|p2a: Corviknight|91\/100|[from] item: Leftovers\n|-damage|p1a: Toxapex|89\/100 brn|[from] brn\n|upkeep\n|turn|91\n|\n|t:|1667388107\n|move|p2a: Corviknight|Defog|p1a: Toxapex\n|-unboost|p1a: Toxapex|evasion|1\n|-sideend|p2: Soaring Souls|Toxic Spikes|[from] move: Defog|[of] p2a: Corviknight\n|move|p1a: Toxapex|Scald|p2a: Corviknight\n|-damage|p2a: Corviknight|77\/100\n|\n|-heal|p2a: Corviknight|83\/100|[from] item: Leftovers\n|-damage|p1a: Toxapex|83\/100 brn|[from] brn\n|upkeep\n|turn|92\n|\n|t:|1667388114\n|move|p2a: Corviknight|U-turn|p1a: Toxapex\n|-resisted|p1a: Toxapex\n|-damage|p1a: Toxapex|78\/100 brn\n|\n|t:|1667388115\n|switch|p2a: Shedinja|Shedinja|100\/100|[from]move: U-turn\n|move|p1a: Toxapex|Toxic Spikes|p2a: Shedinja\n|-sidestart|p2: Soaring Souls|move: Toxic Spikes\n|\n|-damage|p1a: Toxapex|72\/100 brn|[from] brn\n|upkeep\n|turn|93\n|\n|t:|1667388121\n|move|p2a: Shedinja|Hex|p1a: Toxapex\n|-damage|p1a: Toxapex|44\/100 brn\n|move|p1a: Toxapex|Haze|p1a: Toxapex\n|-clearallboost\n|\n|-damage|p1a: Toxapex|38\/100 brn|[from] brn\n|upkeep\n|turn|94\n|\n|t:|1667388127\n|move|p2a: Shedinja|Hex|p1a: Toxapex\n|-damage|p1a: Toxapex|9\/100 brn\n|move|p1a: Toxapex|Recover|p1a: Toxapex\n|-heal|p1a: Toxapex|59\/100 brn\n|\n|-damage|p1a: Toxapex|53\/100 brn|[from] brn\n|upkeep\n|turn|95\n|\n|t:|1667388132\n|switch|p2a: Corviknight|Corviknight, F|83\/100\n|-ability|p2a: Corviknight|Pressure\n|move|p1a: Toxapex|Recover|p1a: Toxapex\n|-heal|p1a: Toxapex|100\/100 brn\n|\n|-heal|p2a: Corviknight|89\/100|[from] item: Leftovers\n|-damage|p1a: Toxapex|94\/100 brn|[from] brn\n|upkeep\n|turn|96\n|\n|t:|1667388135\n|move|p2a: Corviknight|Defog|p1a: Toxapex\n|-unboost|p1a: Toxapex|evasion|1\n|-sideend|p2: Soaring Souls|Toxic Spikes|[from] move: Defog|[of] p2a: Corviknight\n|move|p1a: Toxapex|Scald|p2a: Corviknight\n|-damage|p2a: Corviknight|74\/100\n|\n|-heal|p2a: Corviknight|80\/100|[from] item: Leftovers\n|-damage|p1a: Toxapex|88\/100 brn|[from] brn\n|upkeep\n|turn|97\n|\n|t:|1667388142\n|move|p2a: Corviknight|U-turn|p1a: Toxapex\n|-resisted|p1a: Toxapex\n|-damage|p1a: Toxapex|84\/100 brn\n|\n|t:|1667388144\n|switch|p2a: Shedinja|Shedinja|100\/100|[from]move: U-turn\n|move|p1a: Toxapex|Toxic Spikes|p2a: Shedinja\n|-sidestart|p2: Soaring Souls|move: Toxic Spikes\n|\n|-damage|p1a: Toxapex|78\/100 brn|[from] brn\n|upkeep\n|turn|98\n|\n|t:|1667388164\n|switch|p1a: Landorus|Landorus-Therian, M|69\/100\n|-ability|p1a: Landorus|Intimidate|boost\n|-unboost|p2a: Shedinja|atk|1\n|move|p2a: Shedinja|Will-O-Wisp|p1a: Landorus|[miss]\n|-miss|p2a: Shedinja|p1a: Landorus\n|\n|upkeep\n|turn|99\n|\n|t:|1667388170\n|move|p2a: Shedinja|Protect|p2a: Shedinja\n|-singleturn|p2a: Shedinja|Protect\n|move|p1a: Landorus|U-turn|p2a: Shedinja\n|-activate|p2a: Shedinja|move: Protect\n|\n|upkeep\n|turn|100\n|\n|t:|1667388174\n|move|p1a: Landorus|U-turn|p2a: Shedinja\n|-immune|p2a: Shedinja|[from] ability: Wonder Guard\n|move|p2a: Shedinja|Will-O-Wisp|p1a: Landorus\n|-status|p1a: Landorus|brn\n|\n|-damage|p1a: Landorus|64\/100 brn|[from] brn\n|upkeep\n|turn|101\n|c|\u2606ARN32 Royal|^info wonder guard\n|inactive|ARN32 Royal has 120 seconds left.\n|c|\u2606ARN32 Royal|Lmaoo gg\n|\n|t:|1667388211\n|switch|p1a: Toxapex|Toxapex, F|100\/100 brn\n|switch|p2a: Corviknight|Corviknight, F|80\/100\n|-ability|p2a: Corviknight|Pressure\n|\n|-heal|p2a: Corviknight|86\/100|[from] item: Leftovers\n|-damage|p1a: Toxapex|94\/100 brn|[from] brn\n|upkeep\n|turn|102\n|c| artyv|click stone edge bro\n|c|\u2606ARN32 Royal|How wonder guard works lol\n|\n|t:|1667388239\n|move|p2a: Corviknight|Defog|p1a: Toxapex\n|-unboost|p1a: Toxapex|evasion|1\n|-sideend|p2: Soaring Souls|Toxic Spikes|[from] move: Defog|[of] p2a: Corviknight\n|move|p1a: Toxapex|Scald|p2a: Corviknight\n|-damage|p2a: Corviknight|72\/100\n|-status|p2a: Corviknight|brn\n|\n|-heal|p2a: Corviknight|78\/100 brn|[from] item: Leftovers\n|-damage|p2a: Corviknight|72\/100 brn|[from] brn\n|-damage|p1a: Toxapex|88\/100 brn|[from] brn\n|upkeep\n|turn|103\n|c| artyv|can only hit with super effective moves\n|\n|t:|1667388246\n|move|p2a: Corviknight|Roost|p2a: Corviknight\n|-heal|p2a: Corviknight|100\/100 brn\n|-singleturn|p2a: Corviknight|move: Roost\n|move|p1a: Toxapex|Toxic Spikes|p2a: Corviknight\n|-sidestart|p2: Soaring Souls|move: Toxic Spikes\n|\n|-damage|p2a: Corviknight|94\/100 brn|[from] brn\n|-damage|p1a: Toxapex|82\/100 brn|[from] brn\n|upkeep\n|turn|104\n|\n|t:|1667388256\n|move|p2a: Corviknight|Defog|p1a: Toxapex\n|-unboost|p1a: Toxapex|evasion|1\n|-sideend|p2: Soaring Souls|Toxic Spikes|[from] move: Defog|[of] p2a: Corviknight\n|move|p1a: Toxapex|Toxic Spikes|p2a: Corviknight\n|-sidestart|p2: Soaring Souls|move: Toxic Spikes\n|\n|-heal|p2a: Corviknight|100\/100 brn|[from] item: Leftovers\n|-damage|p2a: Corviknight|94\/100 brn|[from] brn\n|-damage|p1a: Toxapex|75\/100 brn|[from] brn\n|upkeep\n|turn|105\n|\n|t:|1667388261\n|move|p2a: Corviknight|Defog|p1a: Toxapex\n|-unboost|p1a: Toxapex|evasion|1\n|-sideend|p2: Soaring Souls|Toxic Spikes|[from] move: Defog|[of] p2a: Corviknight\n|move|p1a: Toxapex|Toxic Spikes|p2a: Corviknight\n|-sidestart|p2: Soaring Souls|move: Toxic Spikes\n|\n|-heal|p2a: Corviknight|100\/100 brn|[from] item: Leftovers\n|-damage|p2a: Corviknight|94\/100 brn|[from] brn\n|-damage|p1a: Toxapex|69\/100 brn|[from] brn\n|upkeep\n|turn|106\n|\n|t:|1667388269\n|move|p2a: Corviknight|Defog|p1a: Toxapex\n|-unboost|p1a: Toxapex|evasion|1\n|-sideend|p2: Soaring Souls|Toxic Spikes|[from] move: Defog|[of] p2a: Corviknight\n|move|p1a: Toxapex|Toxic Spikes|p2a: Corviknight\n|-sidestart|p2: Soaring Souls|move: Toxic Spikes\n|\n|-heal|p2a: Corviknight|100\/100 brn|[from] item: Leftovers\n|-damage|p2a: Corviknight|94\/100 brn|[from] brn\n|-damage|p1a: Toxapex|63\/100 brn|[from] brn\n|upkeep\n|turn|107\n|\n|t:|1667388275\n|move|p2a: Corviknight|Defog|p1a: Toxapex\n|-unboost|p1a: Toxapex|evasion|1\n|-sideend|p2: Soaring Souls|Toxic Spikes|[from] move: Defog|[of] p2a: Corviknight\n|move|p1a: Toxapex|Toxic Spikes|p2a: Corviknight\n|-sidestart|p2: Soaring Souls|move: Toxic Spikes\n|\n|-heal|p2a: Corviknight|100\/100 brn|[from] item: Leftovers\n|-damage|p2a: Corviknight|94\/100 brn|[from] brn\n|-damage|p1a: Toxapex|57\/100 brn|[from] brn\n|upkeep\n|turn|108\n|c| VGC 2069 is fun|he has to stall out shedinja till it has no pp left and corvi to\n|c| VGC 2069 is fun|damm\n|\n|t:|1667388284\n|move|p2a: Corviknight|Defog|p1a: Toxapex\n|-unboost|p1a: Toxapex|evasion|1\n|-sideend|p2: Soaring Souls|Toxic Spikes|[from] move: Defog|[of] p2a: Corviknight\n|move|p1a: Toxapex|Toxic Spikes|p2a: Corviknight\n|-sidestart|p2: Soaring Souls|move: Toxic Spikes\n|\n|-heal|p2a: Corviknight|100\/100 brn|[from] item: Leftovers\n|-damage|p2a: Corviknight|94\/100 brn|[from] brn\n|-damage|p1a: Toxapex|50\/100 brn|[from] brn\n|upkeep\n|turn|109\n|c|\u2606Soaring Souls|gg\n|\n|t:|1667388290\n|move|p2a: Corviknight|Defog|p1a: Toxapex\n|-unboost|p1a: Toxapex|evasion|0\n|-sideend|p2: Soaring Souls|Toxic Spikes|[from] move: Defog|[of] p2a: Corviknight\n|move|p1a: Toxapex|Toxic Spikes|p2a: Corviknight\n|-sidestart|p2: Soaring Souls|move: Toxic Spikes\n|\n|-heal|p2a: Corviknight|100\/100 brn|[from] item: Leftovers\n|-damage|p2a: Corviknight|94\/100 brn|[from] brn\n|-damage|p1a: Toxapex|44\/100 brn|[from] brn\n|upkeep\n|turn|110\n|\n|t:|1667388300\n|move|p2a: Corviknight|Defog|p1a: Toxapex\n|-unboost|p1a: Toxapex|evasion|0\n|-sideend|p2: Soaring Souls|Toxic Spikes|[from] move: Defog|[of] p2a: Corviknight\n|move|p1a: Toxapex|Recover|p1a: Toxapex\n|-heal|p1a: Toxapex|94\/100 brn\n|\n|-heal|p2a: Corviknight|100\/100 brn|[from] item: Leftovers\n|-damage|p2a: Corviknight|94\/100 brn|[from] brn\n|-damage|p1a: Toxapex|88\/100 brn|[from] brn\n|upkeep\n|turn|111\n|inactive|ARN32 Royal has 90 seconds left.\n|\n|t:|1667388311\n|switch|p2a: Shedinja|Shedinja|100\/100\n|switch|p1a: Landorus|Landorus-Therian, M|64\/100 brn\n|-ability|p1a: Landorus|Intimidate|boost\n|-unboost|p2a: Shedinja|atk|1\n|\n|-damage|p1a: Landorus|58\/100 brn|[from] brn\n|upkeep\n|turn|112\n|\n|t:|1667388315\n|move|p2a: Shedinja|Protect|p2a: Shedinja\n|-singleturn|p2a: Shedinja|Protect\n|move|p1a: Landorus|Stone Edge|p2a: Shedinja\n|-activate|p2a: Shedinja|move: Protect\n|\n|-damage|p1a: Landorus|52\/100 brn|[from] brn\n|upkeep\n|turn|113\n|\n|t:|1667388321\n|switch|p1a: Toxapex|Toxapex, F|100\/100 brn\n|switch|p2a: Corviknight|Corviknight, F|94\/100 brn\n|-ability|p2a: Corviknight|Pressure\n|\n|-heal|p2a: Corviknight|100\/100 brn|[from] item: Leftovers\n|-damage|p2a: Corviknight|94\/100 brn|[from] brn\n|-damage|p1a: Toxapex|94\/100 brn|[from] brn\n|upkeep\n|turn|114\n|\n|t:|1667388330\n|switch|p2a: Shedinja|Shedinja|100\/100\n|move|p1a: Toxapex|Haze|p1a: Toxapex\n|-clearallboost\n|\n|-damage|p1a: Toxapex|88\/100 brn|[from] brn\n|upkeep\n|turn|115\n|\n|t:|1667388337\n|move|p2a: Shedinja|Hex|p1a: Toxapex\n|-damage|p1a: Toxapex|60\/100 brn\n|move|p1a: Toxapex|Haze|p1a: Toxapex\n|-clearallboost\n|\n|-damage|p1a: Toxapex|54\/100 brn|[from] brn\n|upkeep\n|turn|116\n|l| Trainer Aggron\n|c| VGC 2069 is fun|55 pp has corvy eft\n|j| Trainer Aggron\n|inactive|ARN32 Royal has 90 seconds left.\n|c|\u2606Soaring Souls|can't you just forfeit ,\n|c|\u2606Soaring Souls|?\n|c|\u2606Soaring Souls|it leads to your loss\n|j| Redemer666\n|c| VGC 2069 is fun|nah\n|c| VGC 2069 is fun|he can actually win\n|c|\u2606ARN32 Royal|How to forfiet lol\n|c| VGC 2069 is fun|if he stalls pp\n|\n|t:|1667388378\n|move|p2a: Shedinja|Hex|p1a: Toxapex\n|-damage|p1a: Toxapex|26\/100 brn\n|move|p1a: Toxapex|Recover|p1a: Toxapex\n|-heal|p1a: Toxapex|76\/100 brn\n|\n|-damage|p1a: Toxapex|70\/100 brn|[from] brn\n|upkeep\n|turn|117\n|inactive|ARN32 Royal has 60 seconds left.\n|c|\u2606ARN32 Royal|Idk how my lando burned reee\n|j| Cheese Miestro\n|c| A-sepower|bruh\n|c| A-sepower|turn 1p0\n|\n|t:|1667388411\n|move|p2a: Shedinja|Hex|p1a: Toxapex\n|-damage|p1a: Toxapex|40\/100 brn\n|move|p1a: Toxapex|Haze|p1a: Toxapex\n|-clearallboost\n|\n|-damage|p1a: Toxapex|34\/100 brn|[from] brn\n|upkeep\n|turn|118\n|c| A-sepower|100*\n|\n|t:|1667388415\n|move|p2a: Shedinja|Hex|p1a: Toxapex\n|-damage|p1a: Toxapex|7\/100 brn\n|move|p1a: Toxapex|Recover|p1a: Toxapex\n|-heal|p1a: Toxapex|57\/100 brn\n|\n|-damage|p1a: Toxapex|51\/100 brn|[from] brn\n|upkeep\n|turn|119\n|l| Redemer666\n|inactive|ARN32 Royal has 30 seconds left.\n|c|\u2606ARN32 Royal|Get the win, i miss played\n|inactive|ARN32 Royal has 20 seconds left.\n|inactive|ARN32 Royal has 15 seconds left.\n|inactive|ARN32 Royal has 10 seconds left.\n|l| Cheese Miestro\n|c|\u2606ARN32 Royal|Gg\n|inactive|ARN32 Royal has 5 seconds left.\n|c|\u2606Soaring Souls|gg\n|-message|ARN32 Royal lost due to inactivity.\n|\n|win|Soaring Souls\n|n|\u2606ARN32 Royal|arn32royal\n|n|\u2606Soaring Souls|soaringsouls\n|n| GengarAdept|gengaradept\n|n| drop a burn|dropaburn\n|n| cypherstest|cypherstest\n|n| TheNewBrends11|thenewbrends11\n|n| watefals|watefals\n|n| VGC 2069 is fun|vgc2069isfun\n|n| A-sepower|asepower\n|n| artyv|artyv\n|n| Trainer Aggron|traineraggron\n|l|\u2606Soaring Souls\n|l| Trainer Aggron\n|l| A-sepower\n|l| VGC 2069 is fun\n|l| drop a burn\n|l| watefals\n|l| artyv\n|l| cypherstest\n","uploadtime":1667388800,"views":21,"p1id":"arn32royal","p2id":"soaringsouls","formatid":"gen8ou","rating":0,"private":0,"password":null}