{"id":"gen8ou-1098395202","p1":"TryHonesty","p2":"Yomepha","format":"gen8ou","log":"|j|\u2606TryHonesty\n|j|\u2606Yomepha\n|player|p1|TryHonesty|170|1550\n|player|p2|Yomepha|lusamine-nihilego|1595\n|teamsize|p1|6\n|teamsize|p2|6\n|gametype|singles\n|gen|8\n|tier|[Gen 8] OU\n|rated|\n|html|<div class=\"broadcast-red\"><strong>OU is currently suspecting Melmetal! For information on how to participate check out the <a href=\"https:\/\/www.smogon.com\/forums\/threads\/3662190\/\">suspect thread<\/a>.<\/strong><\/div>\n|clearpoke\n|poke|p1|Dracovish|\n|poke|p1|Necrozma|\n|poke|p1|Arctozolt|\n|poke|p1|Hatterene, F|\n|poke|p1|Reuniclus, F|\n|poke|p1|Conkeldurr, M|\n|poke|p2|Grimmsnarl, M|\n|poke|p2|Excadrill, F|\n|poke|p2|Togekiss, F|\n|poke|p2|Melmetal|\n|poke|p2|Cloyster, F|\n|poke|p2|Polteageist|\n|rule|Sleep Clause Mod: Limit one foe put to sleep\n|rule|Species Clause: Limit one of each Pok\u00e9mon\n|rule|OHKO Clause: OHKO moves are banned\n|rule|Evasion Moves Clause: Evasion moves are banned\n|rule|Endless Battle Clause: Forcing endless battles is banned\n|rule|HP Percentage Mod: HP is shown in percentages\n|rule|Dynamax Clause: You cannot dynamax\n|teampreview\n|inactive|Battle timer is ON: inactive players will automatically lose when time's up. (requested by TryHonesty)\n|\n|start\n|switch|p1a: Necrozma|Necrozma|100\/100\n|switch|p2a: Polteageist|Polteageist|100\/100\n|turn|1\n|\n|move|p2a: Polteageist|Shell Smash|p2a: Polteageist\n|-unboost|p2a: Polteageist|def|1\n|-unboost|p2a: Polteageist|spd|1\n|-boost|p2a: Polteageist|atk|2\n|-boost|p2a: Polteageist|spa|2\n|-boost|p2a: Polteageist|spe|2\n|move|p1a: Necrozma|Trick Room|p1a: Necrozma\n|-fieldstart|move: Trick Room|[of] p1a: Necrozma\n|\n|upkeep\n|turn|2\n|c|\u2606Yomepha|oh fuck...\n|\n|switch|p2a: Excadrill|Excadrill, F|100\/100\n|-ability|p2a: Excadrill|Mold Breaker\n|move|p1a: Necrozma|Photon Geyser|p2a: Excadrill\n|-resisted|p2a: Excadrill\n|-damage|p2a: Excadrill|48\/100\n|-damage|p1a: Necrozma|91\/100|[from] item: Life Orb\n|\n|upkeep\n|turn|3\n|c|\u2606TryHonesty|oh diddly dear\n|\n|move|p1a: Necrozma|Heat Wave|p2a: Excadrill\n|-supereffective|p2a: Excadrill\n|-damage|p2a: Excadrill|0 fnt\n|-damage|p1a: Necrozma|81\/100|[from] item: Life Orb\n|faint|p2a: Excadrill\n|\n|upkeep\n|\n|switch|p2a: Grimmsnarl|Grimmsnarl, M|100\/100\n|turn|4\n|\n|move|p2a: Grimmsnarl|Light Screen|p2a: Grimmsnarl\n|-sidestart|p2: Yomepha|move: Light Screen\n|move|p1a: Necrozma|Stealth Rock|p2a: Grimmsnarl\n|-sidestart|p2: Yomepha|move: Stealth Rock\n|\n|upkeep\n|turn|5\n|\n|move|p2a: Grimmsnarl|Thunder Wave|p1a: Necrozma\n|-status|p1a: Necrozma|par\n|move|p1a: Necrozma|Heat Wave|p2a: Grimmsnarl\n|-damage|p2a: Grimmsnarl|84\/100\n|-damage|p1a: Necrozma|71\/100 par|[from] item: Life Orb\n|\n|-fieldend|move: Trick Room\n|upkeep\n|turn|6\n|\n|move|p2a: Grimmsnarl|Reflect|p2a: Grimmsnarl\n|-sidestart|p2: Yomepha|Reflect\n|move|p1a: Necrozma|Trick Room|p1a: Necrozma\n|-fieldstart|move: Trick Room|[of] p1a: Necrozma\n|\n|upkeep\n|turn|7\n|\n|switch|p1a: Dracovish|Dracovish|100\/100\n|move|p2a: Grimmsnarl|Foul Play|p1a: Dracovish\n|-damage|p1a: Dracovish|66\/100\n|\n|upkeep\n|turn|8\n|\n|move|p1a: Dracovish|Fishious Rend|p2a: Grimmsnarl\n|-damage|p2a: Grimmsnarl|0 fnt\n|faint|p2a: Grimmsnarl\n|\n|upkeep\n|c|\u2606TryHonesty|BOI\n|\n|switch|p2a: Melmetal|Melmetal|100\/100\n|-damage|p2a: Melmetal|94\/100|[from] Stealth Rock\n|turn|9\n|\n|move|p2a: Melmetal|Thunder Punch|p1a: Dracovish\n|-damage|p1a: Dracovish|35\/100\n|move|p1a: Dracovish|Fishious Rend|p2a: Melmetal\n|-damage|p2a: Melmetal|71\/100\n|\n|upkeep\n|turn|10\n|\n|move|p2a: Melmetal|Double Iron Bash|p1a: Dracovish\n|-resisted|p1a: Dracovish\n|-damage|p1a: Dracovish|13\/100\n|-resisted|p1a: Dracovish\n|-damage|p1a: Dracovish|0 fnt\n|-hitcount|p1a: Dracovish|2\n|faint|p1a: Dracovish\n|\n|-fieldend|move: Trick Room\n|upkeep\n|\n|switch|p1a: Conkeldurr|Conkeldurr, M|100\/100\n|turn|11\n|\n|move|p2a: Melmetal|Double Iron Bash|p1a: Conkeldurr\n|-damage|p1a: Conkeldurr|56\/100\n|-damage|p1a: Conkeldurr|7\/100\n|-hitcount|p1a: Conkeldurr|2\n|move|p1a: Conkeldurr|Drain Punch|p2a: Melmetal\n|-supereffective|p2a: Melmetal\n|-damage|p2a: Melmetal|49\/100\n|-heal|p1a: Conkeldurr|20\/100|[from] drain|[of] p2a: Melmetal\n|\n|-sideend|p2: Yomepha|move: Light Screen\n|-status|p1a: Conkeldurr|brn|[from] item: Flame Orb\n|upkeep\n|turn|12\n|\n|move|p1a: Conkeldurr|Mach Punch|p2a: Melmetal\n|-supereffective|p2a: Melmetal\n|-damage|p2a: Melmetal|30\/100\n|move|p2a: Melmetal|Double Iron Bash|p1a: Conkeldurr\n|-damage|p1a: Conkeldurr|0 fnt\n|-hitcount|p1a: Conkeldurr|1\n|faint|p1a: Conkeldurr\n|\n|upkeep\n|\n|switch|p1a: Reuniclus|Reuniclus, F|100\/100\n|turn|13\n|\n|move|p2a: Melmetal|Double Iron Bash|p1a: Reuniclus\n|-damage|p1a: Reuniclus|44\/100\n|-damage|p1a: Reuniclus|0 fnt\n|-hitcount|p1a: Reuniclus|2\n|faint|p1a: Reuniclus\n|\n|-sideend|p2: Yomepha|Reflect\n|upkeep\n|\n|switch|p1a: Necrozma|Necrozma|71\/100 par\n|turn|14\n|\n|move|p2a: Melmetal|Double Iron Bash|p1a: Necrozma\n|-damage|p1a: Necrozma|24\/100 par\n|-damage|p1a: Necrozma|0 fnt\n|-hitcount|p1a: Necrozma|2\n|faint|p1a: Necrozma\n|\n|upkeep\n|\n|switch|p1a: Arctozolt|Arctozolt|100\/100\n|turn|15\n|\n|move|p2a: Melmetal|Double Iron Bash|p1a: Arctozolt\n|-damage|p1a: Arctozolt|53\/100\n|-damage|p1a: Arctozolt|4\/100\n|-hitcount|p1a: Arctozolt|2\n|cant|p1a: Arctozolt|flinch\n|\n|upkeep\n|turn|16\n|\n|move|p2a: Melmetal|Earthquake|p1a: Arctozolt\n|-supereffective|p1a: Arctozolt\n|-damage|p1a: Arctozolt|0 fnt\n|faint|p1a: Arctozolt\n|\n|upkeep\n|-message|TryHonesty forfeited.\n|\n|win|Yomepha\n|l|\u2606TryHonesty\n||Ladder (probably) updated, but score could not be retrieved (Response not received).\n","uploadtime":1587142568,"views":41,"p1id":"tryhonesty","p2id":"yomepha","formatid":"gen8ou","rating":0,"private":0,"password":null}