{"id":"gen8bdspou-1505832688","p1":"Professor Aaron","p2":"cump4","format":"gen8bdspou","log":"|html|<div class=\"broadcast-blue\"><strong>[Gen 8 BDSP] OU is currently suspecting Gengar! For information on how to participate check out the <a href=\"https:\/\/www.smogon.com\/forums\/threads\/np-bdsp-ou-suspect-process-round-3-ghost-town.3696830\/\">suspect thread<\/a>.<\/strong><\/div>\n|j|\u2606Professor Aaron\n|j|\u2606cump4\n|t:|1644206250\n|gametype|singles\n|player|p1|Professor Aaron|kukui|1355\n|player|p2|cump4|101|1455\n|teamsize|p1|6\n|teamsize|p2|6\n|gen|8\n|tier|[Gen 8 BDSP] OU\n|rated|\n|rule|Sleep Clause Mod: Limit one foe put to sleep\n|rule|Species Clause: Limit one of each Pok\u00e9mon\n|rule|OHKO Clause: OHKO moves are banned\n|rule|Evasion Moves Clause: Evasion moves are banned\n|rule|Endless Battle Clause: Forcing endless battles is banned\n|rule|HP Percentage Mod: HP is shown in percentages\n|clearpoke\n|poke|p1|Jirachi|\n|poke|p1|Umbreon, M|\n|poke|p1|Tangrowth, F|\n|poke|p1|Gliscor, F|\n|poke|p1|Staraptor, F|\n|poke|p1|Gengar, F|\n|poke|p2|Breloom, M|\n|poke|p2|Gliscor, F|\n|poke|p2|Heatran, F|\n|poke|p2|Weavile, M|\n|poke|p2|Gengar, F|\n|poke|p2|Rotom-Wash|\n|teampreview\n|\n|t:|1644206254\n|start\n|switch|p1a: Staraptor|Staraptor, F|100\/100\n|switch|p2a: Breloom|Breloom, M, shiny|100\/100\n|turn|1\n|\n|t:|1644206259\n|switch|p2a: Gliscor|Gliscor, F, shiny|100\/100\n|move|p1a: Staraptor|Close Combat|p2a: Gliscor\n|-resisted|p2a: Gliscor\n|-damage|p2a: Gliscor|82\/100\n|-unboost|p1a: Staraptor|def|1\n|-unboost|p1a: Staraptor|spd|1\n|\n|-status|p2a: Gliscor|tox|[from] item: Toxic Orb\n|upkeep\n|turn|2\n|\n|t:|1644206268\n|switch|p1a: Gengar|Gengar, F|100\/100\n|move|p2a: Gliscor|U-turn|p1a: Gengar\n|-resisted|p1a: Gengar\n|-damage|p1a: Gengar|93\/100\n|-start|p2a: Gliscor|Disable|U-turn|[from] ability: Cursed Body|[of] p1a: Gengar\n|\n|t:|1644206270\n|switch|p2a: Weavile|Weavile, M|100\/100|[from]move: U-turn\n|-ability|p2a: Weavile|Pressure\n|\n|upkeep\n|turn|3\n|\n|t:|1644206280\n|-singleturn|p2a: Weavile|move: Focus Punch\n|switch|p1a: Gliscor|Gliscor, F|100\/100\n|move|p2a: Weavile|Focus Punch|p1a: Gliscor\n|-resisted|p1a: Gliscor\n|-damage|p1a: Gliscor|80\/100\n|\n|-status|p1a: Gliscor|tox|[from] item: Toxic Orb\n|upkeep\n|turn|4\n|\n|t:|1644206288\n|switch|p2a: Gliscor|Gliscor, F, shiny|82\/100 tox\n|move|p1a: Gliscor|U-turn|p2a: Gliscor\n|-resisted|p2a: Gliscor\n|-damage|p2a: Gliscor|77\/100 tox\n|\n|t:|1644206293\n|switch|p1a: Gengar|Gengar, F|93\/100|[from]move: U-turn\n|\n|-heal|p2a: Gliscor|89\/100 tox|[from] ability: Poison Heal\n|upkeep\n|turn|5\n|\n|t:|1644206299\n|switch|p2a: Heatran|Heatran, F|100\/100\n|move|p1a: Gengar|Shadow Ball|p2a: Heatran\n|-damage|p2a: Heatran|56\/100\n|\n|-heal|p2a: Heatran|62\/100|[from] item: Leftovers\n|upkeep\n|turn|6\n|\n|t:|1644206306\n|move|p1a: Gengar|Shadow Ball|p2a: Heatran\n|-crit|p2a: Heatran\n|-damage|p2a: Heatran|0 fnt\n|faint|p2a: Heatran\n|\n|upkeep\n|\n|t:|1644206309\n|switch|p2a: Weavile|Weavile, M|100\/100\n|-ability|p2a: Weavile|Pressure\n|turn|7\n|\n|t:|1644206320\n|switch|p1a: Umbreon|Umbreon, M|100\/100\n|move|p2a: Weavile|Throat Chop|p1a: Umbreon\n|-resisted|p1a: Umbreon\n|-damage|p1a: Umbreon|78\/100\n|-start|p1a: Umbreon|Throat Chop|[silent]\n|\n|-heal|p1a: Umbreon|84\/100|[from] item: Leftovers\n|upkeep\n|turn|8\n|\n|t:|1644206328\n|switch|p2a: Breloom|Breloom, M, shiny|100\/100\n|move|p1a: Umbreon|Foul Play|p2a: Breloom\n|-resisted|p2a: Breloom\n|-damage|p2a: Breloom|59\/100\n|\n|-heal|p1a: Umbreon|90\/100|[from] item: Leftovers\n|-end|p1a: Umbreon|Throat Chop|[silent]\n|upkeep\n|turn|9\n|\n|t:|1644206336\n|switch|p1a: Gliscor|Gliscor, F|80\/100 tox\n|move|p2a: Breloom|Swords Dance|p2a: Breloom\n|-boost|p2a: Breloom|atk|2\n|\n|-heal|p1a: Gliscor|92\/100 tox|[from] ability: Poison Heal\n|upkeep\n|turn|10\n|\n|t:|1644206343\n|move|p2a: Breloom|Bullet Seed|p1a: Gliscor\n|-damage|p1a: Gliscor|68\/100 tox\n|-damage|p1a: Gliscor|46\/100 tox\n|-damage|p1a: Gliscor|21\/100 tox\n|-hitcount|p1a: Gliscor|3\n|move|p1a: Gliscor|Stealth Rock|p2a: Breloom\n|-sidestart|p2: cump4|move: Stealth Rock\n|\n|-heal|p1a: Gliscor|33\/100 tox|[from] ability: Poison Heal\n|upkeep\n|turn|11\n|\n|t:|1644206352\n|move|p2a: Breloom|Bullet Seed|p1a: Gliscor\n|-damage|p1a: Gliscor|9\/100 tox\n|-damage|p1a: Gliscor|0 fnt\n|faint|p1a: Gliscor\n|-hitcount|p1: Gliscor|2\n|\n|upkeep\n|\n|t:|1644206357\n|switch|p1a: Tangrowth|Tangrowth, F|100\/100\n|turn|12\n|\n|t:|1644206361\n|switch|p2a: Gliscor|Gliscor, F, shiny|89\/100 tox\n|-damage|p2a: Gliscor|77\/100 tox|[from] Stealth Rock\n|move|p1a: Tangrowth|Sludge Bomb|p2a: Gliscor\n|-resisted|p2a: Gliscor\n|-damage|p2a: Gliscor|63\/100 tox\n|\n|-heal|p2a: Gliscor|75\/100 tox|[from] ability: Poison Heal\n|upkeep\n|turn|13\n|\n|t:|1644206371\n|switch|p1a: Staraptor|Staraptor, F|100\/100\n|move|p2a: Gliscor|Defog|p1a: Staraptor\n|-unboost|p1a: Staraptor|evasion|1\n|-sideend|p2: cump4|Stealth Rock|[from] move: Defog|[of] p2a: Gliscor\n|\n|-heal|p2a: Gliscor|88\/100 tox|[from] ability: Poison Heal\n|upkeep\n|turn|14\n|\n|t:|1644206379\n|move|p1a: Staraptor|Brave Bird|p2a: Gliscor\n|-damage|p2a: Gliscor|14\/100 tox\n|-damage|p1a: Staraptor|74\/100|[from] Recoil\n|move|p2a: Gliscor|Roost|p2a: Gliscor\n|-heal|p2a: Gliscor|64\/100 tox\n|-singleturn|p2a: Gliscor|move: Roost\n|\n|-heal|p2a: Gliscor|76\/100 tox|[from] ability: Poison Heal\n|upkeep\n|turn|15\n|\n|t:|1644206389\n|switch|p1a: Gengar|Gengar, F|93\/100\n|switch|p2a: Rotom|Rotom-Wash|100\/100\n|\n|upkeep\n|turn|16\n|\n|t:|1644206394\n|move|p2a: Rotom|Volt Switch|p1a: Gengar\n|-damage|p1a: Gengar|46\/100\n|\n|t:|1644206400\n|switch|p2a: Weavile|Weavile, M|100\/100|[from]move: Volt Switch\n|-ability|p2a: Weavile|Pressure\n|move|p1a: Gengar|Shadow Ball|p2a: Weavile\n|-resisted|p2a: Weavile\n|-damage|p2a: Weavile|52\/100\n|-unboost|p2a: Weavile|spd|1\n|\n|upkeep\n|turn|17\n|\n|t:|1644206409\n|switch|p1a: Tangrowth|Tangrowth, F|100\/100\n|move|p2a: Weavile|Icicle Crash|p1a: Tangrowth\n|-supereffective|p1a: Tangrowth\n|-damage|p1a: Tangrowth|28\/100\n|\n|-heal|p1a: Tangrowth|34\/100|[from] item: Leftovers\n|upkeep\n|turn|18\n|\n|t:|1644206420\n|switch|p2a: Gengar|Gengar, F, shiny|100\/100\n|switch|p1a: Umbreon|Umbreon, M|90\/100\n|\n|-heal|p1a: Umbreon|96\/100|[from] item: Leftovers\n|upkeep\n|turn|19\n|\n|t:|1644206430\n|switch|p1a: Gengar|Gengar, F|46\/100\n|move|p2a: Gengar|Focus Blast|p1a: Gengar\n|-immune|p1a: Gengar\n|\n|upkeep\n|turn|20\n|\n|t:|1644206436\n|switch|p2a: Rotom|Rotom-Wash|100\/100\n|switch|p1a: Umbreon|Umbreon, M|96\/100\n|\n|-heal|p1a: Umbreon|100\/100|[from] item: Leftovers\n|upkeep\n|turn|21\n|\n|t:|1644206445\n|move|p2a: Rotom|Trick|p1a: Umbreon\n|-activate|p2a: Rotom|move: Trick|[of] p1a: Umbreon\n|-item|p1a: Umbreon|Choice Scarf|[from] move: Trick\n|-item|p2a: Rotom|Leftovers|[from] move: Trick\n|move|p1a: Umbreon|Wish|p1a: Umbreon\n|\n|upkeep\n|turn|22\n|\n|t:|1644206456\n|switch|p1a: Tangrowth|Tangrowth, F|67\/100\n|move|p2a: Rotom|Volt Switch|p1a: Tangrowth\n|-resisted|p1a: Tangrowth\n|-damage|p1a: Tangrowth|45\/100\n|\n|t:|1644206459\n|switch|p2a: Gengar|Gengar, F, shiny|100\/100|[from]move: Volt Switch\n|\n|-heal|p1a: Tangrowth|93\/100|[from] move: Wish|[wisher] Umbreon\n|-heal|p1a: Tangrowth|99\/100|[from] item: Leftovers\n|upkeep\n|turn|23\n|\n|t:|1644206467\n|switch|p1a: Umbreon|Umbreon, M|100\/100\n|move|p2a: Gengar|Sludge Bomb|p1a: Umbreon\n|-damage|p1a: Umbreon|62\/100\n|\n|upkeep\n|turn|24\n|\n|t:|1644206474\n|switch|p2a: Gliscor|Gliscor, F, shiny|76\/100 tox\n|switch|p1a: Jirachi|Jirachi|100\/100\n|\n|-heal|p2a: Gliscor|89\/100 tox|[from] ability: Poison Heal\n|upkeep\n|turn|25\n|\n|t:|1644206481\n|move|p1a: Jirachi|Meteor Mash|p2a: Gliscor\n|-damage|p2a: Gliscor|48\/100 tox\n|move|p2a: Gliscor|U-turn|p1a: Jirachi\n|-damage|p1a: Jirachi|88\/100\n|\n|t:|1644206488\n|switch|p2a: Gengar|Gengar, F, shiny|100\/100|[from]move: U-turn\n|\n|upkeep\n|turn|26\n|\n|t:|1644206494\n|move|p2a: Gengar|Sludge Bomb|p1a: Jirachi\n|-immune|p1a: Jirachi\n|move|p1a: Jirachi|Meteor Mash|p2a: Gengar\n|-damage|p2a: Gengar|0 fnt\n|-start|p1a: Jirachi|Disable|Meteor Mash|[from] ability: Cursed Body|[of] p2a: Gengar\n|faint|p2a: Gengar\n|\n|upkeep\n|\n|t:|1644206500\n|switch|p2a: Weavile|Weavile, M|52\/100\n|-ability|p2a: Weavile|Pressure\n|turn|27\n|\n|t:|1644206504\n|switch|p1a: Umbreon|Umbreon, M|62\/100\n|move|p2a: Weavile|Throat Chop|p1a: Umbreon\n|-resisted|p1a: Umbreon\n|-damage|p1a: Umbreon|39\/100\n|-start|p1a: Umbreon|Throat Chop|[silent]\n|\n|upkeep\n|turn|28\n|\n|t:|1644206511\n|move|p2a: Weavile|Throat Chop|p1a: Umbreon\n|-resisted|p1a: Umbreon\n|-damage|p1a: Umbreon|18\/100\n|move|p1a: Umbreon|Wish|p1a: Umbreon\n|\n|-end|p1a: Umbreon|Throat Chop|[silent]\n|upkeep\n|turn|29\n|\n|t:|1644206516\n|switch|p1a: Tangrowth|Tangrowth, F|100\/100\n|move|p2a: Weavile|Throat Chop|p1a: Tangrowth\n|-damage|p1a: Tangrowth|69\/100\n|-start|p1a: Tangrowth|Throat Chop|[silent]\n|\n|-heal|p1a: Tangrowth|100\/100|[from] move: Wish|[wisher] Umbreon\n|upkeep\n|turn|30\n|\n|t:|1644206523\n|switch|p2a: Gliscor|Gliscor, F, shiny|48\/100 tox\n|move|p1a: Tangrowth|Giga Drain|p2a: Gliscor\n|-damage|p2a: Gliscor|15\/100 tox\n|\n|-heal|p2a: Gliscor|28\/100 tox|[from] ability: Poison Heal\n|-end|p1a: Tangrowth|Throat Chop|[silent]\n|upkeep\n|turn|31\n|\n|t:|1644206529\n|move|p2a: Gliscor|Roost|p2a: Gliscor\n|-heal|p2a: Gliscor|78\/100 tox\n|-singleturn|p2a: Gliscor|move: Roost\n|move|p1a: Tangrowth|Giga Drain|p2a: Gliscor\n|-supereffective|p2a: Gliscor\n|-damage|p2a: Gliscor|9\/100 tox\n|\n|-heal|p2a: Gliscor|22\/100 tox|[from] ability: Poison Heal\n|upkeep\n|turn|32\n|inactive|Battle timer is ON: inactive players will automatically lose when time's up. (requested by Professor Aaron)\n|\n|t:|1644206537\n|move|p2a: Gliscor|U-turn|p1a: Tangrowth\n|-supereffective|p1a: Tangrowth\n|-damage|p1a: Tangrowth|83\/100\n|\n|t:|1644206541\n|switch|p2a: Breloom|Breloom, M, shiny|59\/100|[from]move: U-turn\n|move|p1a: Tangrowth|Giga Drain|p2a: Breloom\n|-resisted|p2a: Breloom\n|-damage|p2a: Breloom|30\/100\n|-heal|p1a: Tangrowth|92\/100|[from] drain|[of] p2a: Breloom\n|\n|-heal|p1a: Tangrowth|98\/100|[from] item: Leftovers\n|upkeep\n|turn|33\n|\n|t:|1644206549\n|switch|p2a: Rotom|Rotom-Wash|100\/100\n|move|p1a: Tangrowth|Sludge Bomb|p2a: Rotom\n|-damage|p2a: Rotom|77\/100\n|-status|p2a: Rotom|psn\n|\n|-heal|p2a: Rotom|83\/100 psn|[from] item: Leftovers\n|-heal|p1a: Tangrowth|100\/100|[from] item: Leftovers\n|-damage|p2a: Rotom|71\/100 psn|[from] psn\n|upkeep\n|turn|34\n|-message|cump4 forfeited.\n|\n|win|Professor Aaron\n|raw|Professor Aaron's rating: 1355 &rarr; <strong>1381<\/strong><br \/>(+26 for winning)\n|raw|cump4's rating: 1455 &rarr; <strong>1429<\/strong><br \/>(-26 for losing)\n|l|\u2606cump4\n","uploadtime":1644206562,"views":9,"p1id":"professoraaron","p2id":"cump4","formatid":"gen8bdspou","rating":1381,"private":0,"password":null}