{"id":"gen8ou-1359541384","p1":"Infernoss","p2":"aymard","format":"gen8ou","log":"|j|\u2606Infernoss\n|j|\u2606aymard\n|t:|1623811947\n|gametype|singles\n|player|p1|Infernoss|blue|1754\n|player|p2|aymard|2|1696\n|teamsize|p1|6\n|teamsize|p2|6\n|gen|8\n|tier|[Gen 8] OU\n|rated|\n|rule|Sleep Clause Mod: Limit one foe put to sleep\n|rule|Species Clause: Limit one of each Pok\u00e9mon\n|rule|OHKO Clause: OHKO moves are banned\n|rule|Evasion Moves Clause: Evasion moves are banned\n|rule|Endless Battle Clause: Forcing endless battles is banned\n|rule|HP Percentage Mod: HP is shown in percentages\n|rule|Dynamax Clause: You cannot dynamax\n|clearpoke\n|poke|p1|Slowbro, M|\n|poke|p1|Hatterene, F|\n|poke|p1|Marowak-Alola, F|\n|poke|p1|Ferrothorn, M|\n|poke|p1|Garchomp, F|\n|poke|p1|Drampa, M|\n|poke|p2|Keldeo-Resolute|\n|poke|p2|Gardevoir, F|\n|poke|p2|Blissey, F|\n|poke|p2|Crawdaunt, F|\n|poke|p2|Tapu Lele|\n|poke|p2|Corviknight, M|\n|teampreview\n|\n|t:|1623811957\n|start\n|switch|p1a: Sonso|Slowbro, M|100\/100\n|switch|p2a: Crawdaunt|Crawdaunt, F|100\/100\n|turn|1\n|\n|t:|1623811963\n|move|p2a: Crawdaunt|Knock Off|p1a: Sonso\n|-supereffective|p1a: Sonso\n|-enditem|p1a: Sonso|Colbur Berry|[eat]\n|-enditem|p1a: Sonso|Colbur Berry|[weaken]\n|-damage|p1a: Sonso|41\/100\n|move|p1a: Sonso|Body Press|p2a: Crawdaunt\n|-supereffective|p2a: Crawdaunt\n|-damage|p2a: Crawdaunt|32\/100\n|\n|upkeep\n|turn|2\n|\n|t:|1623811974\n|switch|p1a: Thorns|Ferrothorn, M|100\/100\n|move|p2a: Crawdaunt|Knock Off|p1a: Thorns\n|-damage|p1a: Thorns|18\/100\n|-damage|p2a: Crawdaunt|20\/100|[from] ability: Iron Barbs|[of] p1a: Thorns\n|-enditem|p1a: Thorns|Leftovers|[from] move: Knock Off|[of] p2a: Crawdaunt\n|\n|upkeep\n|turn|3\n|\n|t:|1623811983\n|move|p2a: Crawdaunt|Knock Off|p1a: Thorns\n|-damage|p1a: Thorns|0 fnt\n|-damage|p2a: Crawdaunt|7\/100|[from] ability: Iron Barbs|[of] p1a: Thorns\n|faint|p1a: Thorns\n|\n|upkeep\n|\n|t:|1623811991\n|switch|p1a: Sharpo|Garchomp, F|100\/100\n|turn|4\n|\n|t:|1623811995\n|switch|p2a: Gardevoir|Gardevoir, F|100\/100\n|-ability|p2a: Gardevoir|Rough Skin|[from] ability: Trace|[of] p1a: Sharpo\n|move|p1a: Sharpo|Stone Edge|p2a: Gardevoir\n|-damage|p2a: Gardevoir|49\/100\n|\n|upkeep\n|turn|5\n|\n|t:|1623812004\n|switch|p1a: Hatterene|Hatterene, F|100\/100\n|move|p2a: Gardevoir|Endure||[still]\n|-fail|p2a: Gardevoir\n|\n|upkeep\n|turn|6\n|\n|t:|1623812013\n|move|p2a: Gardevoir|Destiny Bond|p2a: Gardevoir\n|-singlemove|p2a: Gardevoir|Destiny Bond\n|move|p1a: Hatterene|Trick Room|p1a: Hatterene\n|-fieldstart|move: Trick Room|[of] p1a: Hatterene\n|\n|upkeep\n|turn|7\n|\n|t:|1623812020\n|switch|p1a: Billy B.|Marowak-Alola, F|100\/100\n|move|p2a: Gardevoir|Moonblast|p1a: Billy B.\n|-resisted|p1a: Billy B.\n|-damage|p1a: Billy B.|76\/100\n|\n|upkeep\n|turn|8\n|\n|t:|1623812037\n|move|p2a: Gardevoir|Endure|p2a: Gardevoir\n|-singleturn|p2a: Gardevoir|move: Endure\n|move|p1a: Billy B.|Flare Blitz|p2a: Gardevoir\n|-activate|p2a: Gardevoir|move: Endure\n|-damage|p2a: Gardevoir|1\/100\n|-status|p2a: Gardevoir|brn\n|-damage|p1a: Billy B.|64\/100|[from] ability: Rough Skin|[of] p2a: Gardevoir\n|-enditem|p2a: Gardevoir|Salac Berry|[eat]\n|-boost|p2a: Gardevoir|spe|1|[from] item: Salac Berry\n|\n|-damage|p2a: Gardevoir|0 fnt|[from] brn\n|faint|p2a: Gardevoir\n|upkeep\n|\n|t:|1623812049\n|switch|p2a: Crawdaunt|Crawdaunt, F|7\/100\n|turn|9\n|\n|t:|1623812058\n|switch|p1a: Falko|Drampa, M|100\/100\n|move|p2a: Crawdaunt|Knock Off|p1a: Falko\n|-damage|p1a: Falko|0 fnt\n|-enditem|p1a: Falko|Life Orb|[from] move: Knock Off|[of] p2a: Crawdaunt\n|faint|p1a: Falko\n|\n|upkeep\n|inactive|Battle timer is ON: inactive players will automatically lose when time's up. (requested by Infernoss)\n|\n|t:|1623812065\n|switch|p1a: Sonso|Slowbro, M|74\/100\n|turn|10\n|\n|t:|1623812071\n|switch|p2a: Blissey|Blissey, F|100\/100\n|move|p1a: Sonso|Scald|p2a: Blissey\n|-crit|p2a: Blissey\n|-damage|p2a: Blissey|85\/100\n|\n|-fieldend|move: Trick Room\n|upkeep\n|turn|11\n|\n|t:|1623812079\n|move|p2a: Blissey|Teleport|p2a: Blissey\n|\n|t:|1623812089\n|switch|p2a: Crawdaunt|Crawdaunt, F|7\/100|[from]move: Teleport\n|move|p1a: Sonso|Trick Room|p1a: Sonso\n|-fieldstart|move: Trick Room|[of] p1a: Sonso\n|\n|upkeep\n|turn|12\n|\n|t:|1623812097\n|switch|p2a: Tapu Lele|Tapu Lele|100\/100\n|-fieldstart|move: Psychic Terrain|[from] ability: Psychic Surge|[of] p2a: Tapu Lele\n|move|p1a: Sonso|Body Press|p2a: Tapu Lele\n|-resisted|p2a: Tapu Lele\n|-damage|p2a: Tapu Lele|89\/100\n|\n|upkeep\n|turn|13\n|\n|t:|1623812104\n|switch|p1a: Hatterene|Hatterene, F|100\/100\n|move|p2a: Tapu Lele|Moonblast|p1a: Hatterene\n|-damage|p1a: Hatterene|63\/100\n|\n|upkeep\n|turn|14\n|\n|t:|1623812114\n|switch|p1a: Billy B.|Marowak-Alola, F|64\/100\n|move|p2a: Tapu Lele|Moonblast|p1a: Billy B.\n|-resisted|p1a: Billy B.\n|-damage|p1a: Billy B.|27\/100\n|\n|upkeep\n|turn|15\n|\n|t:|1623812140\n|switch|p2a: Corviknight|Corviknight, M|100\/100\n|-ability|p2a: Corviknight|Pressure\n|move|p1a: Billy B.|Flare Blitz|p2a: Corviknight\n|-supereffective|p2a: Corviknight\n|-damage|p2a: Corviknight|0 fnt\n|faint|p2a: Corviknight\n|\n|-fieldend|move: Trick Room\n|upkeep\n|\n|t:|1623812150\n|switch|p2a: Crawdaunt|Crawdaunt, F|7\/100\n|turn|16\n|\n|t:|1623812154\n|switch|p1a: Sharpo|Garchomp, F|100\/100\n|move|p2a: Crawdaunt|Knock Off|p1a: Sharpo\n|-damage|p1a: Sharpo|0 fnt\n|-damage|p2a: Crawdaunt|0 fnt|[from] ability: Rough Skin|[of] p1a: Sharpo\n|faint|p1a: Sharpo\n|faint|p2a: Crawdaunt\n|\n|-fieldend|move: Psychic Terrain\n|upkeep\n|\n|t:|1623812167\n|switch|p1a: Hatterene|Hatterene, F|63\/100\n|switch|p2a: Tapu Lele|Tapu Lele|89\/100\n|-fieldstart|move: Psychic Terrain|[from] ability: Psychic Surge|[of] p2a: Tapu Lele\n|turn|17\n|\n|t:|1623812174\n|move|p2a: Tapu Lele|Moonblast|p1a: Hatterene\n|-damage|p1a: Hatterene|22\/100\n|-unboost|p1a: Hatterene|spa|1\n|move|p1a: Hatterene|Trick Room|p1a: Hatterene\n|-fieldstart|move: Trick Room|[of] p1a: Hatterene\n|\n|upkeep\n|turn|18\n|\n|t:|1623812180\n|move|p1a: Hatterene|Healing Wish|p1a: Hatterene\n|faint|p1a: Hatterene\n|move|p2a: Tapu Lele|Moonblast|p1: Hatterene|[notarget]\n|-fail|p2a: Tapu Lele\n|\n|upkeep\n|\n|t:|1623812184\n|switch|p1a: Billy B.|Marowak-Alola, F|27\/100\n|-heal|p1a: Billy B.|100\/100|[from] move: Healing Wish\n|turn|19\n|\n|t:|1623812191\n|switch|p2a: Keldeo|Keldeo-Resolute|100\/100\n|move|p1a: Billy B.|Flare Blitz|p2a: Keldeo\n|-resisted|p2a: Keldeo\n|-damage|p2a: Keldeo|42\/100\n|-status|p2a: Keldeo|brn\n|\n|-damage|p2a: Keldeo|36\/100 brn|[from] brn\n|upkeep\n|turn|20\n|\n|t:|1623812199\n|switch|p2a: Blissey|Blissey, F|85\/100\n|move|p1a: Billy B.|Flare Blitz|p2a: Blissey\n|-damage|p2a: Blissey|0 fnt\n|faint|p2a: Blissey\n|\n|upkeep\n|\n|t:|1623812218\n|switch|p2a: Tapu Lele|Tapu Lele|89\/100\n|turn|21\n|\n|t:|1623812224\n|move|p1a: Billy B.|Flare Blitz|p2a: Tapu Lele\n|-damage|p2a: Tapu Lele|0 fnt\n|faint|p2a: Tapu Lele\n|\n|-fieldend|move: Trick Room\n|-fieldend|move: Psychic Terrain\n|upkeep\n|\n|t:|1623812229\n|switch|p2a: Keldeo|Keldeo-Resolute|36\/100 brn\n|turn|22\n|inactive|Infernoss has 120 seconds left.\n|inactive|Infernoss has 90 seconds left.\n|\n|t:|1623812299\n|switch|p1a: Sonso|Slowbro, M|100\/100\n|move|p2a: Keldeo|Calm Mind|p2a: Keldeo\n|-boost|p2a: Keldeo|spa|1\n|-boost|p2a: Keldeo|spd|1\n|\n|-damage|p2a: Keldeo|30\/100 brn|[from] brn\n|upkeep\n|turn|23\n|inactive|Infernoss has 90 seconds left.\n|\n|t:|1623812309\n|move|p2a: Keldeo|Surf|p1a: Sonso\n|-resisted|p1a: Sonso\n|-damage|p1a: Sonso|57\/100\n|-damage|p2a: Keldeo|20\/100 brn|[from] item: Life Orb\n|move|p1a: Sonso|Trick Room|p1a: Sonso\n|-fieldstart|move: Trick Room|[of] p1a: Sonso\n|\n|-damage|p2a: Keldeo|14\/100 brn|[from] brn\n|upkeep\n|turn|24\n|-message|aymard forfeited.\n|\n|win|Infernoss\n|raw|Infernoss's rating: 1754 &rarr; <strong>1771<\/strong><br \/>(+17 for winning)\n|raw|aymard's rating: 1696 &rarr; <strong>1679<\/strong><br \/>(-17 for losing)\n|l|\u2606aymard\n","uploadtime":1623812323,"views":25,"p1id":"infernoss","p2id":"aymard","formatid":"gen8ou","rating":1679,"private":0,"password":null}