{"id":"gen8ou-1636784243","p1":"jeandonis02","p2":"lt92pf devwin","format":"gen8ou","log":"|raw|<div class=\"broadcast-blue\"><strong>This battle is required to be public due to a player having a name starting with 'lt92pf'.<\/div>\n|j|\u2606jeandonis02\n|j|\u2606lt92pf devwin\n|t:|1660162606\n|gametype|singles\n|player|p1|jeandonis02|lucas|1629\n|player|p2|lt92pf devwin|proton|1570\n|teamsize|p1|6\n|teamsize|p2|6\n|gen|8\n|tier|[Gen 8] OU\n|rated|\n|rule|Sleep Clause Mod: Limit one foe put to sleep\n|rule|Species Clause: Limit one of each Pok\u00e9mon\n|rule|OHKO Clause: OHKO moves are banned\n|rule|Evasion Items Clause: Evasion items are banned\n|rule|Evasion Moves Clause: Evasion moves are banned\n|rule|Endless Battle Clause: Forcing endless battles is banned\n|rule|HP Percentage Mod: HP is shown in percentages\n|rule|Dynamax Clause: You cannot dynamax\n|clearpoke\n|poke|p1|Zeraora|\n|poke|p1|Toxapex, M|\n|poke|p1|Garchomp, M|\n|poke|p1|Rotom-Wash|\n|poke|p1|Ferrothorn, M|\n|poke|p1|Charizard, F|\n|poke|p2|Weavile, F|\n|poke|p2|Garchomp, M|\n|poke|p2|Terrakion|\n|poke|p2|Blacephalon|\n|poke|p2|Celesteela|\n|poke|p2|Urshifu-*, M|\n|teampreview\n|inactive|Battle timer is ON: inactive players will automatically lose when time's up. (requested by lt92pf devwin)\n|\n|t:|1660162620\n|start\n|switch|p1a: Garchomp|Garchomp, M|100\/100\n|switch|p2a: Terrakion|Terrakion|100\/100\n|turn|1\n|\n|t:|1660162626\n|move|p2a: Terrakion|Close Combat|p1a: Garchomp\n|-damage|p1a: Garchomp|13\/100\n|-unboost|p2a: Terrakion|def|1\n|-unboost|p2a: Terrakion|spd|1\n|-damage|p2a: Terrakion|88\/100|[from] ability: Rough Skin|[of] p1a: Garchomp\n|move|p1a: Garchomp|Iron Head|p2a: Terrakion\n|-supereffective|p2a: Terrakion\n|-damage|p2a: Terrakion|0 fnt\n|faint|p2a: Terrakion\n|\n|upkeep\n|\n|t:|1660162633\n|switch|p2a: Blacephalon|Blacephalon|100\/100\n|turn|2\n|\n|t:|1660162635\n|switch|p1a: Toxapex|Toxapex, M|100\/100\n|move|p2a: Blacephalon|Shadow Ball|p1a: Toxapex\n|-damage|p1a: Toxapex|68\/100\n|\n|-heal|p1a: Toxapex|74\/100|[from] item: Black Sludge\n|upkeep\n|turn|3\n|\n|t:|1660162639\n|switch|p2a: Garchomp|Garchomp, M|100\/100\n|move|p1a: Toxapex|Toxic|p2a: Garchomp\n|-status|p2a: Garchomp|tox\n|-enditem|p2a: Garchomp|Lum Berry|[eat]\n|-curestatus|p2a: Garchomp|tox|[msg]\n|\n|-heal|p1a: Toxapex|80\/100|[from] item: Black Sludge\n|upkeep\n|turn|4\n|\n|t:|1660162643\n|move|p2a: Garchomp|Earthquake|p1a: Toxapex\n|-supereffective|p1a: Toxapex\n|-damage|p1a: Toxapex|0 fnt\n|faint|p1a: Toxapex\n|\n|upkeep\n|\n|t:|1660162646\n|switch|p1a: Rotom|Rotom-Wash|100\/100\n|turn|5\n|\n|t:|1660162652\n|switch|p2a: Blacephalon|Blacephalon|100\/100\n|move|p1a: Rotom|Will-O-Wisp|p2a: Blacephalon\n|-immune|p2a: Blacephalon\n|\n|upkeep\n|turn|6\n|\n|t:|1660162654\n|move|p2a: Blacephalon|Trick|p1a: Rotom\n|-activate|p2a: Blacephalon|move: Trick|[of] p1a: Rotom\n|-item|p1a: Rotom|Choice Scarf|[from] move: Trick\n|-item|p2a: Blacephalon|Leftovers|[from] move: Trick\n|move|p1a: Rotom|Hydro Pump|p2a: Blacephalon|[miss]\n|-miss|p1a: Rotom|p2a: Blacephalon\n|\n|upkeep\n|turn|7\n|\n|t:|1660162661\n|switch|p2a: Urshifu|Urshifu-Rapid-Strike, M|100\/100\n|switch|p1a: Zeraora|Zeraora|100\/100\n|\n|upkeep\n|turn|8\n|\n|t:|1660162665\n|move|p1a: Zeraora|Play Rough|p2a: Urshifu\n|-supereffective|p2a: Urshifu\n|-damage|p2a: Urshifu|46\/100\n|move|p2a: Urshifu|Surging Strikes|p1a: Zeraora\n|-crit|p1a: Zeraora\n|-damage|p1a: Zeraora|72\/100\n|-crit|p1a: Zeraora\n|-damage|p1a: Zeraora|45\/100\n|-crit|p1a: Zeraora\n|-damage|p1a: Zeraora|20\/100\n|-hitcount|p1a: Zeraora|3\n|\n|upkeep\n|turn|9\n|\n|t:|1660162674\n|switch|p2a: Garchomp|Garchomp, M|100\/100\n|move|p1a: Zeraora|Play Rough|p2a: Garchomp\n|-supereffective|p2a: Garchomp\n|-damage|p2a: Garchomp|45\/100\n|-damage|p1a: Zeraora|7\/100|[from] ability: Rough Skin|[of] p2a: Garchomp\n|\n|upkeep\n|turn|10\n|\n|t:|1660162683\n|switch|p2a: Celesteela|Celesteela|100\/100\n|move|p1a: Zeraora|Play Rough|p2a: Celesteela\n|-resisted|p2a: Celesteela\n|-damage|p2a: Celesteela|87\/100\n|\n|upkeep\n|turn|11\n|\n|t:|1660162687\n|switch|p2a: Weavile|Weavile, F|100\/100\n|-ability|p2a: Weavile|Pressure\n|move|p1a: Zeraora|Plasma Fists|p2a: Weavile\n|-damage|p2a: Weavile|14\/100\n|-fieldactivate|move: Ion Deluge\n|-hint|Normal-type moves become Electric-type after using Plasma Fists.\n|\n|upkeep\n|turn|12\n|j| sufy512\n|\n|t:|1660162691\n|switch|p1a: Rotom|Rotom-Wash|100\/100\n|move|p2a: Weavile|Ice Shard|p1a: Rotom\n|-resisted|p1a: Rotom\n|-damage|p1a: Rotom|89\/100\n|-damage|p2a: Weavile|4\/100|[from] item: Life Orb\n|\n|upkeep\n|turn|13\n|\n|t:|1660162696\n|move|p2a: Weavile|Knock Off|p1a: Rotom\n|-damage|p1a: Rotom|39\/100\n|-enditem|p1a: Rotom|Choice Scarf|[from] move: Knock Off|[of] p2a: Weavile\n|-damage|p2a: Weavile|0 fnt|[from] item: Life Orb\n|faint|p2a: Weavile\n|move|p1a: Rotom|Volt Switch|p2: Weavile|[notarget]\n|-fail|p1a: Rotom\n|\n|upkeep\n|\n|t:|1660162702\n|switch|p2a: Garchomp|Garchomp, M|45\/100\n|turn|14\n|\n|t:|1660162705\n|move|p2a: Garchomp|Swords Dance|p2a: Garchomp\n|-boost|p2a: Garchomp|atk|2\n|move|p1a: Rotom|Will-O-Wisp|p2a: Garchomp\n|-status|p2a: Garchomp|brn\n|\n|-damage|p2a: Garchomp|39\/100 brn|[from] brn\n|upkeep\n|turn|15\n|\n|t:|1660162710\n|move|p2a: Garchomp|Scale Shot|p1a: Rotom\n|-damage|p1a: Rotom|27\/100\n|-damage|p1a: Rotom|16\/100\n|-hitcount|p1a: Rotom|2\n|-unboost|p2a: Garchomp|def|1\n|-boost|p2a: Garchomp|spe|1\n|move|p1a: Rotom|Hydro Pump|p2a: Garchomp\n|-damage|p2a: Garchomp|0 fnt\n|faint|p2a: Garchomp\n|\n|upkeep\n|\n|t:|1660162718\n|switch|p2a: Celesteela|Celesteela|87\/100\n|turn|16\n|\n|t:|1660162721\n|switch|p1a: Ferrothorn|Ferrothorn, M|100\/100\n|move|p2a: Celesteela|Autotomize|p2a: Celesteela\n|-boost|p2a: Celesteela|spe|2\n|-start|p2a: Celesteela|Autotomize\n|\n|upkeep\n|turn|17\n|\n|t:|1660162730\n|move|p2a: Celesteela|Flamethrower|p1a: Ferrothorn\n|-supereffective|p1a: Ferrothorn\n|-damage|p1a: Ferrothorn|2\/100\n|move|p1a: Ferrothorn|Thunder Wave|p2a: Celesteela\n|-status|p2a: Celesteela|par\n|\n|upkeep\n|turn|18\n|\n|t:|1660162734\n|move|p2a: Celesteela|Autotomize|p2a: Celesteela\n|-boost|p2a: Celesteela|spe|2\n|-start|p2a: Celesteela|Autotomize\n|move|p1a: Ferrothorn|Stealth Rock|p2a: Celesteela\n|-sidestart|p2: lt92pf devwin|move: Stealth Rock\n|\n|upkeep\n|turn|19\n|\n|t:|1660162737\n|cant|p2a: Celesteela|par\n|move|p1a: Ferrothorn|Leech Seed|p2a: Celesteela\n|-start|p2a: Celesteela|move: Leech Seed\n|\n|-damage|p2a: Celesteela|75\/100 par|[from] Leech Seed|[of] p1a: Ferrothorn\n|-heal|p1a: Ferrothorn|14\/100|[silent]\n|upkeep\n|turn|20\n|\n|t:|1660162741\n|switch|p1a: Rotom|Rotom-Wash|16\/100\n|move|p2a: Celesteela|Autotomize|p2a: Celesteela\n|-boost|p2a: Celesteela|spe|2\n|-start|p2a: Celesteela|Autotomize\n|\n|-damage|p2a: Celesteela|62\/100 par|[from] Leech Seed|[of] p1a: Rotom\n|-heal|p1a: Rotom|30\/100|[silent]\n|upkeep\n|turn|21\n|\n|t:|1660162751\n|move|p2a: Celesteela|Air Slash|p1a: Rotom\n|-resisted|p1a: Rotom\n|-damage|p1a: Rotom|13\/100\n|cant|p1a: Rotom|flinch\n|\n|-damage|p2a: Celesteela|50\/100 par|[from] Leech Seed|[of] p1a: Rotom\n|-heal|p1a: Rotom|27\/100|[silent]\n|upkeep\n|turn|22\n|\n|t:|1660162754\n|move|p2a: Celesteela|Meteor Beam||[still]\n|-prepare|p2a: Celesteela|Meteor Beam\n|-boost|p2a: Celesteela|spa|1\n|-enditem|p2a: Celesteela|Power Herb\n|-anim|p2a: Celesteela|Meteor Beam|p1a: Rotom\n|-damage|p1a: Rotom|0 fnt\n|faint|p1a: Rotom\n|-ability|p2a: Celesteela|Beast Boost|boost\n|-boost|p2a: Celesteela|spa|1\n|\n|upkeep\n|\n|t:|1660162759\n|switch|p1a: Charizard|Charizard, F|100\/100\n|turn|23\n|\n|t:|1660162761\n|cant|p2a: Celesteela|par\n|move|p1a: Charizard|Flame Charge|p2a: Celesteela\n|-supereffective|p2a: Celesteela\n|-damage|p2a: Celesteela|14\/100 par\n|-boost|p1a: Charizard|spe|1\n|\n|-damage|p2a: Celesteela|1\/100 par|[from] Leech Seed|[of] p1a: Charizard\n|upkeep\n|turn|24\n|\n|t:|1660162768\n|move|p1a: Charizard|Flame Charge|p2a: Celesteela\n|-supereffective|p2a: Celesteela\n|-damage|p2a: Celesteela|0 fnt\n|-boost|p1a: Charizard|spe|1\n|faint|p2a: Celesteela\n|\n|upkeep\n|\n|t:|1660162771\n|switch|p2a: Urshifu|Urshifu-Rapid-Strike, M|46\/100\n|-damage|p2a: Urshifu|40\/100|[from] Stealth Rock\n|turn|25\n|\n|t:|1660162773\n|switch|p1a: Ferrothorn|Ferrothorn, M|14\/100\n|move|p2a: Urshifu|Surging Strikes|p1a: Ferrothorn\n|-resisted|p1a: Ferrothorn\n|-crit|p1a: Ferrothorn\n|-damage|p1a: Ferrothorn|8\/100\n|-activate|p1a: Ferrothorn|ability: Iron Barbs\n|-activate|p2a: Urshifu|item: Protective Pads\n|-resisted|p1a: Ferrothorn\n|-crit|p1a: Ferrothorn\n|-damage|p1a: Ferrothorn|2\/100\n|-activate|p1a: Ferrothorn|ability: Iron Barbs\n|-activate|p2a: Urshifu|item: Protective Pads\n|-resisted|p1a: Ferrothorn\n|-crit|p1a: Ferrothorn\n|-damage|p1a: Ferrothorn|0 fnt\n|-activate|p1a: Ferrothorn|ability: Iron Barbs\n|-activate|p2a: Urshifu|item: Protective Pads\n|faint|p1a: Ferrothorn\n|-hitcount|p1: Ferrothorn|3\n|\n|upkeep\n|\n|t:|1660162790\n|switch|p1a: Charizard|Charizard, F|100\/100\n|turn|26\n|\n|t:|1660162792\n|move|p1a: Charizard|Acrobatics|p2a: Urshifu\n|-supereffective|p2a: Urshifu\n|-damage|p2a: Urshifu|1\/100\n|move|p2a: Urshifu|Surging Strikes|p1a: Charizard\n|-supereffective|p1a: Charizard\n|-crit|p1a: Charizard\n|-damage|p1a: Charizard|54\/100\n|-supereffective|p1a: Charizard\n|-crit|p1a: Charizard\n|-damage|p1a: Charizard|5\/100\n|-enditem|p1a: Charizard|Sitrus Berry|[eat]\n|-heal|p1a: Charizard|30\/100|[from] item: Sitrus Berry\n|-supereffective|p1a: Charizard\n|-crit|p1a: Charizard\n|-damage|p1a: Charizard|0 fnt\n|faint|p1a: Charizard\n|-hitcount|p1: Charizard|3\n|\n|upkeep\n|\n|t:|1660162795\n|switch|p1a: Zeraora|Zeraora|7\/100\n|turn|27\n|\n|t:|1660162797\n|move|p1a: Zeraora|Knock Off|p2a: Urshifu\n|-resisted|p2a: Urshifu\n|-damage|p2a: Urshifu|0 fnt\n|-enditem|p2a: Urshifu|Protective Pads|[from] move: Knock Off|[of] p1a: Zeraora\n|faint|p2a: Urshifu\n|\n|upkeep\n|\n|t:|1660162799\n|switch|p2a: Blacephalon|Blacephalon|100\/100\n|-damage|p2a: Blacephalon|76\/100|[from] Stealth Rock\n|turn|28\n|\n|t:|1660162801\n|move|p1a: Zeraora|Knock Off|p2a: Blacephalon\n|-supereffective|p2a: Blacephalon\n|-damage|p2a: Blacephalon|0 fnt\n|-enditem|p2a: Blacephalon|Leftovers|[from] move: Knock Off|[of] p1a: Zeraora\n|faint|p2a: Blacephalon\n|\n|win|jeandonis02\n|raw|jeandonis02's rating: 1629 &rarr; <strong>1646<\/strong><br \/>(+17 for winning)\n|raw|lt92pf devwin's rating: 1570 &rarr; <strong>1553<\/strong><br \/>(-17 for losing)\n|l|\u2606lt92pf devwin\n|l| sufy512\n||Ladder isn't responding, score probably updated but might not have (Request timeout).\n","uploadtime":1660162812,"views":33,"p1id":"jeandonis02","p2id":"lt92pfdevwin","formatid":"gen8ou","rating":1553,"private":0,"password":null}