{"id":"gen8ou-1644542396","p1":"andrewm0n","p2":"Glastrierisgood","format":"gen8ou","log":"|j|\u2606andrewm0n\n|j|\u2606Glastrierisgood\n|t:|1661066440\n|gametype|singles\n|player|p1|andrewm0n|266|1731\n|player|p2|Glastrierisgood|265|1834\n|teamsize|p1|6\n|teamsize|p2|6\n|gen|8\n|tier|[Gen 8] OU\n|rated|\n|rule|Sleep Clause Mod: Limit one foe put to sleep\n|rule|Species Clause: Limit one of each Pok\u00e9mon\n|rule|OHKO Clause: OHKO moves are banned\n|rule|Evasion Items Clause: Evasion items are banned\n|rule|Evasion Moves Clause: Evasion moves are banned\n|rule|Endless Battle Clause: Forcing endless battles is banned\n|rule|HP Percentage Mod: HP is shown in percentages\n|rule|Dynamax Clause: You cannot dynamax\n|clearpoke\n|poke|p1|Blaziken, M|\n|poke|p1|Clefable, F|\n|poke|p1|Seismitoad, M|\n|poke|p1|Corviknight, M|\n|poke|p1|Slowbro-Galar, M|\n|poke|p1|Snorlax, M|\n|poke|p2|Necrozma|\n|poke|p2|Tapu Lele|\n|poke|p2|Urshifu-*, M|\n|poke|p2|Tornadus-Therian, M|\n|poke|p2|Ferrothorn, M|\n|poke|p2|Landorus-Therian, M|\n|teampreview\n|inactive|Battle timer is ON: inactive players will automatically lose when time's up. (requested by andrewm0n)\n|c|\u2606Glastrierisgood|hf\n|\n|t:|1661066493\n|start\n|switch|p1a: Seismitoad|Seismitoad, M|100\/100\n|switch|p2a: Tapu Lele|Tapu Lele|100\/100\n|-fieldstart|move: Psychic Terrain|[from] ability: Psychic Surge|[of] p2a: Tapu Lele\n|turn|1\n|\n|t:|1661066498\n|switch|p2a: Necrozma|Necrozma|100\/100\n|switch|p1a: Corviknight|Corviknight, M|100\/100\n|-ability|p1a: Corviknight|Pressure\n|\n|upkeep\n|turn|2\n|inactive|Glastrierisgood has 120 seconds left.\n|\n|t:|1661066533\n|move|p2a: Necrozma|Expanding Force|p1a: Corviknight\n|-resisted|p1a: Corviknight\n|-damage|p1a: Corviknight|44\/100\n|move|p1a: Corviknight|Brave Bird|p2a: Necrozma\n|-damage|p2a: Necrozma|62\/100\n|-damage|p1a: Corviknight|34\/100|[from] Recoil\n|\n|upkeep\n|turn|3\n|inactive|andrewm0n has 120 seconds left.\n|\n|t:|1661066570\n|move|p2a: Necrozma|Expanding Force|p1a: Corviknight\n|-resisted|p1a: Corviknight\n|-damage|p1a: Corviknight|0 fnt\n|faint|p1a: Corviknight\n|\n|upkeep\n|\n|t:|1661066576\n|switch|p1a: Slowbro|Slowbro-Galar, M|100\/100\n|turn|4\n|\n|t:|1661066579\n|move|p2a: Necrozma|Expanding Force|p1a: Slowbro\n|-damage|p1a: Slowbro|2\/100\n|move|p1a: Slowbro|Shell Side Arm|p2a: Necrozma|[anim] Shell Side Arm Physical\n|-damage|p2a: Necrozma|28\/100\n|-hint|Physical Shell Side Arm\n|\n|upkeep\n|turn|5\n|\n|t:|1661066586\n|move|p2a: Necrozma|Expanding Force|p1a: Slowbro\n|-damage|p1a: Slowbro|0 fnt\n|faint|p1a: Slowbro\n|\n|-fieldend|move: Psychic Terrain\n|upkeep\n|\n|t:|1661066588\n|switch|p1a: Blaziken|Blaziken, M|100\/100\n|turn|6\n|\n|t:|1661066592\n|switch|p2a: Urshifu|Urshifu-Rapid-Strike, M|100\/100\n|move|p1a: Blaziken|Protect||[still]\n|-fail|p1a: Blaziken\n|\n|-ability|p1a: Blaziken|Speed Boost|boost\n|-boost|p1a: Blaziken|spe|1\n|upkeep\n|turn|7\n|j| Masaki Suda\n|\n|t:|1661066596\n|switch|p1a: Clefable|Clefable, F|100\/100\n|move|p2a: Urshifu|Surging Strikes|p1a: Clefable\n|-crit|p1a: Clefable\n|-damage|p1a: Clefable|73\/100\n|-crit|p1a: Clefable\n|-damage|p1a: Clefable|50\/100\n|-crit|p1a: Clefable\n|-damage|p1a: Clefable|25\/100\n|-hitcount|p1a: Clefable|3\n|\n|-heal|p1a: Clefable|31\/100|[from] item: Leftovers\n|upkeep\n|turn|8\n|j| HarleeW\n|\n|t:|1661066599\n|switch|p2a: Tapu Lele|Tapu Lele|100\/100\n|-fieldstart|move: Psychic Terrain|[from] ability: Psychic Surge|[of] p2a: Tapu Lele\n|move|p1a: Clefable|Moonblast|p2a: Tapu Lele\n|-damage|p2a: Tapu Lele|68\/100\n|-unboost|p2a: Tapu Lele|spa|1\n|\n|-heal|p1a: Clefable|37\/100|[from] item: Leftovers\n|upkeep\n|turn|9\n|\n|t:|1661066601\n|switch|p2a: Necrozma|Necrozma|28\/100\n|move|p1a: Clefable|Protect||[still]\n|-fail|p1a: Clefable\n|\n|-heal|p1a: Clefable|43\/100|[from] item: Leftovers\n|upkeep\n|turn|10\n|\n|t:|1661066603\n|move|p2a: Necrozma|Expanding Force|p1a: Clefable\n|-damage|p1a: Clefable|0 fnt\n|faint|p1a: Clefable\n|\n|upkeep\n|\n|t:|1661066604\n|switch|p1a: Blaziken|Blaziken, M|100\/100\n|turn|11\n|\n|t:|1661066607\n|switch|p2a: Landorus|Landorus-Therian, M|100\/100\n|-ability|p2a: Landorus|Intimidate|boost\n|-unboost|p1a: Blaziken|atk|1\n|move|p1a: Blaziken|Swords Dance|p1a: Blaziken\n|-boost|p1a: Blaziken|atk|2\n|\n|-ability|p1a: Blaziken|Speed Boost|boost\n|-boost|p1a: Blaziken|spe|1\n|upkeep\n|turn|12\n|\n|t:|1661066609\n|move|p1a: Blaziken|Flare Blitz|p2a: Landorus\n|-damage|p2a: Landorus|2\/100\n|-status|p2a: Landorus|brn\n|-damage|p1a: Blaziken|59\/100|[from] Recoil\n|move|p2a: Landorus|Earthquake|p1a: Blaziken\n|-supereffective|p1a: Blaziken\n|-damage|p1a: Blaziken|0 fnt\n|faint|p1a: Blaziken\n|\n|-heal|p2a: Landorus|8\/100 brn|[from] item: Leftovers\n|-damage|p2a: Landorus|2\/100 brn|[from] brn\n|-fieldend|move: Psychic Terrain\n|upkeep\n|\n|t:|1661066615\n|switch|p1a: Snorlax|Snorlax, M|100\/100\n|turn|13\n|\n|t:|1661066618\n|move|p2a: Landorus|U-turn|p1a: Snorlax\n|-damage|p1a: Snorlax|91\/100\n|\n|t:|1661066619\n|switch|p2a: Urshifu|Urshifu-Rapid-Strike, M|100\/100|[from]move: U-turn\n|move|p1a: Snorlax|Curse|p1a: Snorlax\n|-unboost|p1a: Snorlax|spe|1\n|-boost|p1a: Snorlax|atk|1\n|-boost|p1a: Snorlax|def|1\n|\n|-heal|p1a: Snorlax|98\/100|[from] item: Leftovers\n|upkeep\n|turn|14\n|\n|t:|1661066623\n|move|p2a: Urshifu|Close Combat|p1a: Snorlax\n|-supereffective|p1a: Snorlax\n|-damage|p1a: Snorlax|0 fnt\n|-unboost|p2a: Urshifu|def|1\n|-unboost|p2a: Urshifu|spd|1\n|faint|p1a: Snorlax\n|\n|upkeep\n|c|\u2606andrewm0n|gg\n|-message|andrewm0n forfeited.\n|\n|win|Glastrierisgood\n|raw|andrewm0n's rating: 1731 &rarr; <strong>1718<\/strong><br \/>(-13 for losing)\n|raw|Glastrierisgood's rating: 1860 &rarr; <strong>1873<\/strong><br \/>(+13 for winning)\n|l|\u2606andrewm0n\n|l| HarleeW\n|c|\u2606Glastrierisgood|gg\n|l| Masaki Suda\n","uploadtime":1661067469,"views":24,"p1id":"andrewm0n","p2id":"glastrierisgood","formatid":"gen8ou","rating":1718,"private":0,"password":null}