{"id":"gen8nationaldexag-1697646963","p1":"quixana","p2":"Snowy Person","format":"gen8nationaldexag","log":"|j|\u2606quixana\n|j|\u2606Snowy Person\n|t:|1667018562\n|gametype|singles\n|player|p1|quixana|ethan-pokeathlon|1319\n|player|p2|Snowy Person|gardenia|1399\n|teamsize|p1|6\n|teamsize|p2|6\n|gen|8\n|tier|[Gen 8] National Dex AG\n|rated|\n|rule|HP Percentage Mod: HP is shown in percentages\n|rule|Endless Battle Clause: Forcing endless battles is banned\n|clearpoke\n|poke|p1|Salazzle, F|\n|poke|p1|Magnemite, L1|\n|poke|p1|Diancie|\n|poke|p1|Eternatus|\n|poke|p1|Arceus-*|\n|poke|p1|Deoxys-Speed|\n|poke|p2|Regieleki|\n|poke|p2|Garchomp, F|\n|poke|p2|Banette, M|\n|poke|p2|Weavile, F|\n|poke|p2|Rotom-Heat|\n|poke|p2|Serperior, M|\n|teampreview\n|inactive|Battle timer is ON: inactive players will automatically lose when time's up. (requested by Snowy Person)\n|c|\u2606Snowy Person|Can you pick your mons faster\n|inactive|quixana has 120 seconds left.\n|\n|t:|1667018612\n|start\n|switch|p1a: Deoxys|Deoxys-Speed|100\/100\n|switch|p2a: Banette|Banette, M|100\/100\n|-ability|p1a: Deoxys|Pressure\n|turn|1\n|\n|t:|1667018620\n|detailschange|p2a: Banette|Banette-Mega, M\n|-mega|p2a: Banette|Banette|Banettite\n|move|p2a: Banette|Taunt|p1a: Deoxys\n|-start|p1a: Deoxys|move: Taunt\n|cant|p1a: Deoxys|move: Taunt|Stealth Rock\n|\n|upkeep\n|turn|2\n|\n|t:|1667018625\n|switch|p1a: Diancie|Diancie|100\/100\n|switch|p2a: Regieleki|Regieleki|100\/100\n|\n|upkeep\n|turn|3\n|\n|t:|1667018643\n|detailschange|p1a: Diancie|Diancie-Mega\n|-mega|p1a: Diancie|Diancie|Diancite\n|move|p2a: Regieleki|Light Screen|p2a: Regieleki\n|-sidestart|p2: Snowy Person|move: Light Screen\n|move|p1a: Diancie|Moonblast|p2a: Regieleki\n|-damage|p2a: Regieleki|64\/100\n|-unboost|p2a: Regieleki|spa|1\n|\n|upkeep\n|turn|4\n|\n|t:|1667018648\n|move|p2a: Regieleki|Reflect|p2a: Regieleki\n|-sidestart|p2: Snowy Person|Reflect\n|move|p1a: Diancie|Substitute|p1a: Diancie\n|-start|p1a: Diancie|Substitute\n|-damage|p1a: Diancie|76\/100\n|\n|upkeep\n|turn|5\n|\n|t:|1667018654\n|move|p2a: Regieleki|Explosion|p1a: Diancie\n|-resisted|p1a: Diancie\n|-end|p1a: Diancie|Substitute\n|faint|p2a: Regieleki\n|move|p1a: Diancie|Earth Power|p2: Regieleki|[notarget]\n|-fail|p1a: Diancie\n|\n|upkeep\n|\n|t:|1667018663\n|switch|p2a: Serperior|Serperior, M|100\/100\n|turn|6\n|\n|t:|1667018684\n|switch|p1a: Deoxys|Deoxys-Speed|100\/100\n|-ability|p1a: Deoxys|Pressure\n|move|p2a: Serperior|Leaf Storm|p1a: Deoxys\n|-damage|p1a: Deoxys|40\/100\n|-boost|p2a: Serperior|spa|2\n|\n|upkeep\n|turn|7\n|c|\u2606Snowy Person|can you make your moves faster\n|\n|t:|1667018694\n|move|p1a: Deoxys|Skill Swap|p2a: Serperior\n|-activate|p1a: Deoxys|move: Skill Swap|Contrary|Pressure|[of] p2a: Serperior\n|-ability|p2a: Serperior|Pressure\n|move|p2a: Serperior|Glare|p1a: Deoxys\n|-status|p1a: Deoxys|par\n|\n|-sideend|p2: Snowy Person|move: Light Screen\n|upkeep\n|turn|8\n|\n|t:|1667018702\n|move|p2a: Serperior|Dragon Pulse|p1a: Deoxys\n|-crit|p1a: Deoxys\n|-damage|p1a: Deoxys|0 fnt\n|faint|p1a: Deoxys\n|\n|-sideend|p2: Snowy Person|Reflect\n|upkeep\n|\n|t:|1667018709\n|switch|p1a: Salazzle|Salazzle, F|100\/100\n|turn|9\n|\n|t:|1667018716\n|move|p1a: Salazzle|Toxic|p2a: Serperior\n|-status|p2a: Serperior|tox\n|move|p2a: Serperior|Dragon Pulse|p1a: Salazzle\n|-damage|p1a: Salazzle|43\/100\n|\n|-damage|p2a: Serperior|94\/100 tox|[from] psn\n|upkeep\n|turn|10\n|\n|t:|1667018720\n|move|p1a: Salazzle|Protect|p1a: Salazzle\n|-singleturn|p1a: Salazzle|Protect\n|move|p2a: Serperior|Dragon Pulse|p1a: Salazzle\n|-activate|p1a: Salazzle|move: Protect\n|\n|-heal|p2a: Serperior|100\/100 tox|[from] item: Leftovers\n|-damage|p2a: Serperior|88\/100 tox|[from] psn\n|upkeep\n|turn|11\n|\n|t:|1667018723\n|move|p1a: Salazzle|Substitute|p1a: Salazzle\n|-start|p1a: Salazzle|Substitute\n|-damage|p1a: Salazzle|18\/100\n|move|p2a: Serperior|Glare||[still]\n|-fail|p2a: Serperior\n|\n|-heal|p2a: Serperior|94\/100 tox|[from] item: Leftovers\n|-damage|p2a: Serperior|76\/100 tox|[from] psn\n|upkeep\n|turn|12\n|\n|t:|1667018736\n|move|p1a: Salazzle|Protect|p1a: Salazzle\n|-singleturn|p1a: Salazzle|Protect\n|move|p2a: Serperior|Dragon Pulse|p1a: Salazzle\n|-activate|p1a: Salazzle|move: Protect\n|\n|-heal|p2a: Serperior|82\/100 tox|[from] item: Leftovers\n|-damage|p2a: Serperior|57\/100 tox|[from] psn\n|upkeep\n|turn|13\n|\n|t:|1667018739\n|move|p1a: Salazzle|Disable|p2a: Serperior\n|-start|p2a: Serperior|Disable|Dragon Pulse\n|cant|p2a: Serperior|Disable|Dragon Pulse\n|\n|-heal|p2a: Serperior|63\/100 tox|[from] item: Leftovers\n|-damage|p2a: Serperior|32\/100 tox|[from] psn\n|upkeep\n|turn|14\n|\n|t:|1667018747\n|switch|p2a: Banette|Banette-Mega, M|100\/100\n|move|p1a: Salazzle|Protect||[still]\n|-fail|p1a: Salazzle\n|\n|upkeep\n|turn|15\n|\n|t:|1667018756\n|switch|p1a: Diancie|Diancie-Mega|76\/100\n|move|p2a: Banette|Taunt|p1a: Diancie\n|move|p1a: Diancie|Taunt|p2a: Banette|[from]ability: Magic Bounce\n|-start|p2a: Banette|move: Taunt\n|\n|upkeep\n|turn|16\n|\n|t:|1667018761\n|move|p1a: Diancie|Moonblast|p2a: Banette\n|-damage|p2a: Banette|9\/100\n|move|p2a: Banette|Gunk Shot|p1a: Diancie\n|-damage|p1a: Diancie|0 fnt\n|faint|p1a: Diancie\n|\n|upkeep\n|\n|t:|1667018770\n|switch|p1a: Eternatus|Eternatus|100\/100\n|-ability|p1a: Eternatus|Pressure\n|turn|17\n|\n|t:|1667018773\n|switch|p2a: Rotom|Rotom-Heat|100\/100\n|move|p1a: Eternatus|Toxic Spikes|p2a: Rotom\n|-sidestart|p2: Snowy Person|move: Toxic Spikes\n|\n|upkeep\n|turn|18\n|\n|t:|1667018777\n|move|p1a: Eternatus|Toxic|p2a: Rotom\n|-status|p2a: Rotom|tox\n|move|p2a: Rotom|Nasty Plot|p2a: Rotom\n|-boost|p2a: Rotom|spa|2\n|\n|-damage|p2a: Rotom|94\/100 tox|[from] psn\n|upkeep\n|turn|19\n|\n|t:|1667018781\n|move|p2a: Rotom|Discharge|p1a: Eternatus\n|-resisted|p1a: Eternatus\n|-damage|p1a: Eternatus|78\/100\n|-status|p1a: Eternatus|par\n|move|p1a: Eternatus|Dragon Tail|p2a: Rotom\n|-damage|p2a: Rotom|74\/100 tox\n|drag|p2a: Weavile|Weavile, F|100\/100\n|-status|p2a: Weavile|psn\n|-ability|p2a: Weavile|Pressure\n|\n|-damage|p2a: Weavile|88\/100 psn|[from] psn\n|upkeep\n|turn|20\n|\n|t:|1667018794\n|switch|p1a: Salazzle|Salazzle, F|18\/100\n|move|p2a: Weavile|Fake Out|p1a: Salazzle\n|-damage|p1a: Salazzle|0 fnt\n|faint|p1a: Salazzle\n|\n|-damage|p2a: Weavile|76\/100 psn|[from] psn\n|upkeep\n|\n|t:|1667018800\n|switch|p1a: Magnemite|Magnemite, L1|100\/100\n|turn|21\n|\n|t:|1667018807\n|switch|p2a: Banette|Banette-Mega, M|9\/100\n|-status|p2a: Banette|psn\n|move|p1a: Magnemite|Protect||[still]\n|-fail|p1a: Magnemite\n|\n|-damage|p2a: Banette|0 fnt|[from] psn\n|faint|p2a: Banette\n|upkeep\n|\n|t:|1667018812\n|switch|p2a: Weavile|Weavile, F|76\/100 psn\n|-ability|p2a: Weavile|Pressure\n|turn|22\n|\n|t:|1667018817\n|move|p1a: Magnemite|Protect|p1a: Magnemite\n|-singleturn|p1a: Magnemite|Protect\n|move|p2a: Weavile|Fake Out|p1a: Magnemite\n|-activate|p1a: Magnemite|move: Protect\n|\n|-damage|p2a: Weavile|63\/100 psn|[from] psn\n|upkeep\n|turn|23\n|\n|t:|1667018830\n|switch|p1a: Arceus|Arceus|100\/100\n|-start|p2a: Weavile|Dynamax|\n|-heal|p2a: Weavile|63\/100 psn|[silent]\n|move|p2a: Weavile|Max Hailstorm|p1a: Arceus\n|-damage|p1a: Arceus|57\/100\n|-weather|Hail\n|\n|-weather|Hail|[upkeep]\n|-damage|p1a: Arceus|51\/100|[from] Hail\n|-damage|p2a: Weavile|57\/100 psn|[from] psn\n|upkeep\n|turn|24\n|\n|t:|1667018845\n|move|p2a: Weavile|Max Knuckle|p1a: Arceus\n|-supereffective|p1a: Arceus\n|-enditem|p1a: Arceus|Chople Berry|[eat]\n|-enditem|p1a: Arceus|Chople Berry|[weaken]\n|-damage|p1a: Arceus|31\/100\n|-boost|p2a: Weavile|atk|1\n|move|p1a: Arceus|Recover|p1a: Arceus\n|-heal|p1a: Arceus|81\/100\n|\n|-weather|Hail|[upkeep]\n|-damage|p1a: Arceus|75\/100|[from] Hail\n|-damage|p2a: Weavile|51\/100 psn|[from] psn\n|upkeep\n|turn|25\n|\n|t:|1667018861\n|-start|p1a: Arceus|Dynamax|\n|-heal|p1a: Arceus|75\/100|[silent]\n|move|p1a: Arceus|Max Guard|p1a: Arceus\n|-singleturn|p1a: Arceus|Max Guard\n|move|p2a: Weavile|Max Knuckle|p1a: Arceus\n|-activate|p1a: Arceus|move: Max Guard\n|\n|-weather|Hail|[upkeep]\n|-damage|p1a: Arceus|72\/100|[from] Hail\n|-damage|p2a: Weavile|44\/100 psn|[from] psn\n|upkeep\n|-end|p2a: Weavile|Dynamax\n|-heal|p2a: Weavile|45\/100 psn|[silent]\n|turn|26\n|\n|t:|1667018868\n|move|p2a: Weavile|Knock Off|p1a: Arceus\n|-damage|p1a: Arceus|56\/100\n|move|p1a: Arceus|Max Strike|p2a: Weavile\n|-damage|p2a: Weavile|0 fnt\n|faint|p2a: Weavile\n|\n|-weather|Hail|[upkeep]\n|-damage|p1a: Arceus|53\/100|[from] Hail\n|upkeep\n|\n|t:|1667018873\n|switch|p2a: Serperior|Serperior, M|32\/100 tox\n|turn|27\n|\n|t:|1667018883\n|move|p1a: Arceus|Max Guard|p1a: Arceus\n|-singleturn|p1a: Arceus|Max Guard\n|move|p2a: Serperior|Glare|p1a: Arceus\n|-activate|p1a: Arceus|move: Max Guard\n|\n|-weather|none\n|-heal|p2a: Serperior|39\/100 tox|[from] item: Leftovers\n|-damage|p2a: Serperior|32\/100 tox|[from] psn\n|upkeep\n|-end|p1a: Arceus|Dynamax\n|-heal|p1a: Arceus|53\/100|[silent]\n|turn|28\n|\n|t:|1667018888\n|move|p1a: Arceus|Extreme Speed|p2a: Serperior\n|-damage|p2a: Serperior|0 fnt\n|faint|p2a: Serperior\n|\n|upkeep\n|\n|t:|1667018891\n|switch|p2a: Garchomp|Garchomp, F|100\/100\n|-status|p2a: Garchomp|psn\n|turn|29\n|\n|t:|1667018901\n|move|p1a: Arceus|Extreme Speed|p2a: Garchomp\n|-damage|p2a: Garchomp|56\/100 psn\n|-damage|p1a: Arceus|40\/100|[from] ability: Rough Skin|[of] p2a: Garchomp\n|move|p2a: Garchomp|Dragon Claw|p1a: Arceus\n|-damage|p1a: Arceus|9\/100\n|\n|-damage|p2a: Garchomp|44\/100 psn|[from] psn\n|upkeep\n|turn|30\n|\n|t:|1667018910\n|move|p1a: Arceus|Extreme Speed|p2a: Garchomp\n|-damage|p2a: Garchomp|3\/100 psn\n|-damage|p1a: Arceus|0 fnt|[from] ability: Rough Skin|[of] p2a: Garchomp\n|faint|p1a: Arceus\n|move|p2a: Garchomp|Earthquake|p1: Arceus|[notarget]\n|-fail|p2a: Garchomp\n|\n|-damage|p2a: Garchomp|0 fnt|[from] psn\n|faint|p2a: Garchomp\n|upkeep\n|\n|t:|1667018914\n|switch|p2a: Rotom|Rotom-Heat|74\/100 tox\n|switch|p1a: Magnemite|Magnemite, L1|100\/100\n|turn|31\n|c|\u2606quixana|fast enough for you?\n|inactive|quixana has 120 seconds left.\n|c|\u2606Snowy Person|Not bad.\n|c|\u2606Snowy Person|Not bad at all.\n|c|\u2606Snowy Person|Then again, I'm like\n|c|\u2606Snowy Person|going to sleep after this match\n|c|\u2606Snowy Person|so\n|c|\u2606quixana|ah kk\n|inactive|quixana has 90 seconds left.\n|c|\u2606Snowy Person|i'd prefer if you made your moves quicker\n|c|\u2606quixana|i dont need to rush then\n|c|\u2606Snowy Person|LMAO\n|c|\u2606Snowy Person|Fair 'nuff\n|inactive|quixana has 60 seconds left.\n|c|\u2606Snowy Person|So what's the theme with your team?\n|j| jasonwowhero\n|c|\u2606Snowy Person|At first, I thought like, poison\n|c|\u2606Snowy Person|But\n|c|\u2606Snowy Person|Then I saw Deoxys-speed\n|c|\u2606Snowy Person|And Diance\n|inactive|quixana has 30 seconds left.\n|inactive|quixana has 20 seconds left.\n|inactive|quixana has 15 seconds left.\n|\n|t:|1667019050\n|move|p1a: Magnemite|Protect|p1a: Magnemite\n|-singleturn|p1a: Magnemite|Protect\n|move|p2a: Rotom|Nasty Plot|p2a: Rotom\n|-boost|p2a: Rotom|spa|2\n|\n|-damage|p2a: Rotom|68\/100 tox|[from] psn\n|upkeep\n|turn|32\n|inactive|quixana has 25 seconds left this turn.\n|\n|t:|1667019055\n|move|p2a: Rotom|Discharge|p1a: Magnemite\n|-resisted|p1a: Magnemite\n|-ability|p1a: Magnemite|Sturdy\n|-damage|p1a: Magnemite|10\/100\n|-enditem|p1a: Magnemite|Berry Juice\n|-heal|p1a: Magnemite|100\/100|[from] item: Berry Juice\n|move|p1a: Magnemite|Recycle|p1a: Magnemite\n|-item|p1a: Magnemite|Berry Juice|[from] move: Recycle\n|\n|-damage|p2a: Rotom|55\/100 tox|[from] psn\n|upkeep\n|turn|33\n|inactive|quixana has 30 seconds left.\n|\n|t:|1667019060\n|move|p1a: Magnemite|Protect|p1a: Magnemite\n|-singleturn|p1a: Magnemite|Protect\n|move|p2a: Rotom|Discharge|p1a: Magnemite\n|-activate|p1a: Magnemite|move: Protect\n|\n|-damage|p2a: Rotom|37\/100 tox|[from] psn\n|upkeep\n|turn|34\n|\n|t:|1667019067\n|move|p2a: Rotom|Discharge|p1a: Magnemite\n|-resisted|p1a: Magnemite\n|-ability|p1a: Magnemite|Sturdy\n|-damage|p1a: Magnemite|10\/100\n|-enditem|p1a: Magnemite|Berry Juice\n|-heal|p1a: Magnemite|100\/100|[from] item: Berry Juice\n|move|p1a: Magnemite|Recycle|p1a: Magnemite\n|-item|p1a: Magnemite|Berry Juice|[from] move: Recycle\n|\n|-damage|p2a: Rotom|12\/100 tox|[from] psn\n|upkeep\n|turn|35\n|\n|t:|1667019070\n|move|p2a: Rotom|Discharge|p1a: Magnemite\n|-resisted|p1a: Magnemite\n|-ability|p1a: Magnemite|Sturdy\n|-damage|p1a: Magnemite|10\/100\n|-enditem|p1a: Magnemite|Berry Juice\n|-heal|p1a: Magnemite|100\/100|[from] item: Berry Juice\n|move|p1a: Magnemite|Swagger|p2a: Rotom\n|-boost|p2a: Rotom|atk|2\n|-start|p2a: Rotom|confusion\n|\n|-damage|p2a: Rotom|0 fnt|[from] psn\n|faint|p2a: Rotom\n|\n|win|quixana\n|upkeep\n|raw|quixana's rating: 1188 &rarr; <strong>1227<\/strong><br \/>(+39 for winning)\n|raw|Snowy Person's rating: 1399 &rarr; <strong>1368<\/strong><br \/>(-31 for losing)\n|c|\u2606Snowy Person|Ah, GGs\n|c|\u2606quixana|haz control\n|l|\u2606Snowy Person\n|c|\u2606quixana|tspike\n","uploadtime":1667019086,"views":9,"p1id":"quixana","p2id":"snowyperson","formatid":"gen8nationaldexag","rating":1227,"private":0,"password":null}