{"id":"gen8ru-1601406159","p1":"EliteCaptainScizor","p2":"JooshP","format":"gen8ru","log":"|j|\u2606EliteCaptainScizor\n|j|\u2606JooshP\n|inactive|Battle timer is ON: inactive players will automatically lose when time's up.\n|t:|1655851330\n|gametype|singles\n|player|p1|EliteCaptainScizor|bugsy|\n|player|p2|JooshP|red|\n|teamsize|p1|6\n|teamsize|p2|6\n|gen|8\n|tier|[Gen 8] RU\n|rated|Tournament battle\n|rule|Sleep Clause Mod: Limit one foe put to sleep\n|rule|Species Clause: Limit one of each Pok\u00e9mon\n|rule|OHKO Clause: OHKO moves are banned\n|rule|Evasion Moves Clause: Evasion moves are banned\n|rule|Endless Battle Clause: Forcing endless battles is banned\n|rule|HP Percentage Mod: HP is shown in percentages\n|rule|Dynamax Clause: You cannot dynamax\n|clearpoke\n|poke|p1|Silvally-*|\n|poke|p1|Snorlax, M|\n|poke|p1|Mimikyu, M|\n|poke|p1|Registeel|\n|poke|p1|Gastrodon, F|\n|poke|p1|Roserade, F|\n|poke|p2|Porygon-Z|\n|poke|p2|Ribombee, M|\n|poke|p2|Incineroar, F|\n|poke|p2|Suicune|\n|poke|p2|Lucario, M|\n|poke|p2|Gastrodon, F|\n|teampreview\n|j|*Lady Monita \u2600\n|\n|t:|1655851339\n|start\n|switch|p1a: Roserade|Roserade, F|100\/100\n|switch|p2a: Ribombee|Ribombee, M|100\/100\n|turn|1\n|\n|t:|1655851351\n|move|p2a: Ribombee|Sticky Web|p1a: Roserade\n|-sidestart|p1: EliteCaptainScizor|move: Sticky Web\n|move|p1a: Roserade|Toxic Spikes|p2a: Ribombee\n|-sidestart|p2: JooshP|move: Toxic Spikes\n|\n|upkeep\n|turn|2\n|inactive|JooshP has 120 seconds left.\n|\n|t:|1655851391\n|move|p2a: Ribombee|Moonblast|p1a: Roserade\n|-resisted|p1a: Roserade\n|-damage|p1a: Roserade|82\/100\n|-unboost|p1a: Roserade|spa|1\n|move|p1a: Roserade|Leech Seed|p2a: Ribombee\n|-start|p2a: Ribombee|move: Leech Seed\n|\n|-heal|p1a: Roserade|88\/100|[from] item: Leftovers\n|-damage|p2a: Ribombee|88\/100|[from] Leech Seed|[of] p1a: Roserade\n|-heal|p1a: Roserade|100\/100|[silent]\n|upkeep\n|turn|3\n|\n|t:|1655851409\n|switch|p1a: Gastrodon|Gastrodon, F|100\/100\n|-activate|p1a: Gastrodon|move: Sticky Web\n|-unboost|p1a: Gastrodon|spe|1\n|move|p2a: Ribombee|U-turn|p1a: Gastrodon\n|-damage|p1a: Gastrodon|91\/100\n|inactive|JooshP has 120 seconds left.\n|\n|t:|1655851433\n|switch|p2a: Lucario|Lucario, M|100\/100|[from]move: U-turn\n|\n|-heal|p1a: Gastrodon|97\/100|[from] item: Leftovers\n|upkeep\n|turn|4\n|\n|t:|1655851446\n|move|p2a: Lucario|Close Combat|p1a: Gastrodon\n|-damage|p1a: Gastrodon|34\/100\n|-unboost|p2a: Lucario|def|1\n|-unboost|p2a: Lucario|spd|1\n|move|p1a: Gastrodon|Scald|p2a: Lucario\n|-damage|p2a: Lucario|42\/100\n|\n|-heal|p1a: Gastrodon|40\/100|[from] item: Leftovers\n|upkeep\n|turn|5\n|inactive|JooshP has 120 seconds left.\n|\n|t:|1655851459\n|switch|p2a: Incineroar|Incineroar, F|100\/100\n|-ability|p2a: Incineroar|Intimidate|boost\n|-unboost|p1a: Gastrodon|atk|1\n|switch|p1a: Mimikyu|Mimikyu, M|100\/100\n|-activate|p1a: Mimikyu|move: Sticky Web\n|-unboost|p1a: Mimikyu|spe|1\n|\n|upkeep\n|turn|6\n|inactive|EliteCaptainScizor has 120 seconds left.\n|\n|t:|1655851493\n|switch|p1a: Silvally|Silvally-Dragon|100\/100\n|-activate|p1a: Silvally|move: Sticky Web\n|-unboost|p1a: Silvally|spe|1\n|move|p2a: Incineroar|Will-O-Wisp|p1a: Silvally|[miss]\n|-miss|p2a: Incineroar|p1a: Silvally\n|\n|upkeep\n|turn|7\n|inactive|EliteCaptainScizor has 120 seconds left.\n|\n|t:|1655851504\n|move|p1a: Silvally|Parting Shot|p2a: Incineroar\n|-unboost|p2a: Incineroar|atk|1\n|-unboost|p2a: Incineroar|spa|1\n|inactive|EliteCaptainScizor has 120 seconds left.\n|\n|t:|1655851509\n|switch|p1a: Gastrodon|Gastrodon, F|40\/100|[from]move: Parting Shot\n|-activate|p1a: Gastrodon|move: Sticky Web\n|-unboost|p1a: Gastrodon|spe|1\n|move|p2a: Incineroar|Will-O-Wisp|p1a: Gastrodon\n|-status|p1a: Gastrodon|brn\n|\n|-heal|p1a: Gastrodon|46\/100 brn|[from] item: Leftovers\n|-damage|p1a: Gastrodon|40\/100 brn|[from] brn\n|upkeep\n|turn|8\n|\n|t:|1655851517\n|move|p2a: Incineroar|Parting Shot|p1a: Gastrodon\n|-unboost|p1a: Gastrodon|atk|1\n|-unboost|p1a: Gastrodon|spa|1\n|\n|t:|1655851520\n|switch|p2a: Lucario|Lucario, M|42\/100|[from]move: Parting Shot\n|move|p1a: Gastrodon|Recover|p1a: Gastrodon\n|-heal|p1a: Gastrodon|90\/100 brn\n|\n|-heal|p1a: Gastrodon|96\/100 brn|[from] item: Leftovers\n|-damage|p1a: Gastrodon|90\/100 brn|[from] brn\n|upkeep\n|turn|9\n|inactive|EliteCaptainScizor has 120 seconds left.\n|\n|t:|1655851548\n|switch|p1a: Roserade|Roserade, F|100\/100\n|-activate|p1a: Roserade|move: Sticky Web\n|-unboost|p1a: Roserade|spe|1\n|move|p2a: Lucario|Meteor Mash|p1a: Roserade\n|-damage|p1a: Roserade|0 fnt\n|faint|p1a: Roserade\n|\n|upkeep\n|inactive|EliteCaptainScizor has 120 seconds left.\n|inactive|EliteCaptainScizor has 90 seconds left.\n|\n|t:|1655851602\n|switch|p1a: Gastrodon|Gastrodon, F|90\/100 brn\n|-activate|p1a: Gastrodon|move: Sticky Web\n|-unboost|p1a: Gastrodon|spe|1\n|turn|10\n|\n|t:|1655851609\n|switch|p2a: Ribombee|Ribombee, M|88\/100\n|-status|p2a: Ribombee|psn\n|move|p1a: Gastrodon|Earth Power|p2a: Ribombee\n|-resisted|p2a: Ribombee\n|-damage|p2a: Ribombee|66\/100 psn\n|\n|-heal|p1a: Gastrodon|96\/100 brn|[from] item: Leftovers\n|-damage|p2a: Ribombee|54\/100 psn|[from] psn\n|-damage|p1a: Gastrodon|90\/100 brn|[from] brn\n|upkeep\n|turn|11\n|inactive|EliteCaptainScizor has 60 seconds left.\n|\n|t:|1655851647\n|switch|p1a: Registeel|Registeel|100\/100\n|-activate|p1a: Registeel|move: Sticky Web\n|-fail|p1a: Registeel|unboost|[from] ability: Clear Body|[of] p1a: Registeel\n|move|p2a: Ribombee|Moonblast|p1a: Registeel\n|-resisted|p1a: Registeel\n|-damage|p1a: Registeel|93\/100\n|\n|-heal|p1a: Registeel|99\/100|[from] item: Leftovers\n|-damage|p2a: Ribombee|42\/100 psn|[from] psn\n|upkeep\n|turn|12\n|inactive|EliteCaptainScizor has 60 seconds left.\n|\n|t:|1655851660\n|move|p2a: Ribombee|U-turn|p1a: Registeel\n|-resisted|p1a: Registeel\n|-damage|p1a: Registeel|94\/100\n|\n|t:|1655851663\n|switch|p2a: Incineroar|Incineroar, F|100\/100|[from]move: U-turn\n|-ability|p2a: Incineroar|Intimidate|boost\n|-fail|p1a: Registeel|unboost|[from] ability: Clear Body|[of] p1a: Registeel\n|move|p1a: Registeel|Seismic Toss|p2a: Incineroar\n|-damage|p2a: Incineroar|75\/100\n|\n|-heal|p1a: Registeel|99\/100|[from] item: Leftovers\n|upkeep\n|turn|13\n|\n|t:|1655851671\n|switch|p1a: Gastrodon|Gastrodon, F|90\/100 brn\n|-activate|p1a: Gastrodon|move: Sticky Web\n|-unboost|p1a: Gastrodon|spe|1\n|move|p2a: Incineroar|Knock Off|p1a: Gastrodon\n|-damage|p1a: Gastrodon|62\/100 brn\n|-enditem|p1a: Gastrodon|Leftovers|[from] move: Knock Off|[of] p2a: Incineroar\n|\n|-damage|p1a: Gastrodon|56\/100 brn|[from] brn\n|upkeep\n|turn|14\n|\n|t:|1655851681\n|move|p2a: Incineroar|Parting Shot|p1a: Gastrodon\n|-unboost|p1a: Gastrodon|atk|1\n|-unboost|p1a: Gastrodon|spa|1\n|\n|t:|1655851683\n|switch|p2a: Ribombee|Ribombee, M|42\/100 psn|[from]move: Parting Shot\n|move|p1a: Gastrodon|Recover|p1a: Gastrodon\n|-heal|p1a: Gastrodon|100\/100 brn\n|\n|-damage|p2a: Ribombee|29\/100 psn|[from] psn\n|-damage|p1a: Gastrodon|94\/100 brn|[from] brn\n|upkeep\n|turn|15\n|\n|t:|1655851692\n|move|p2a: Ribombee|Moonblast|p1a: Gastrodon\n|-damage|p1a: Gastrodon|63\/100 brn\n|-unboost|p1a: Gastrodon|spa|1\n|move|p1a: Gastrodon|Recover|p1a: Gastrodon\n|-heal|p1a: Gastrodon|100\/100 brn\n|\n|-damage|p2a: Ribombee|17\/100 psn|[from] psn\n|-damage|p1a: Gastrodon|94\/100 brn|[from] brn\n|upkeep\n|turn|16\n|\n|t:|1655851700\n|move|p2a: Ribombee|U-turn|p1a: Gastrodon\n|-damage|p1a: Gastrodon|85\/100 brn\n|\n|t:|1655851707\n|switch|p2a: Gastrodon|Gastrodon, F|100\/100|[from]move: U-turn\n|move|p1a: Gastrodon|Recover|p1a: Gastrodon\n|-heal|p1a: Gastrodon|100\/100 brn\n|\n|-damage|p1a: Gastrodon|94\/100 brn|[from] brn\n|upkeep\n|turn|17\n|\n|t:|1655851712\n|move|p2a: Gastrodon|Earth Power|p1a: Gastrodon\n|-damage|p1a: Gastrodon|69\/100 brn\n|move|p1a: Gastrodon|Toxic|p2a: Gastrodon\n|-status|p2a: Gastrodon|tox\n|\n|-damage|p2a: Gastrodon|94\/100 tox|[from] psn\n|-damage|p1a: Gastrodon|63\/100 brn|[from] brn\n|upkeep\n|turn|18\n|\n|t:|1655851721\n|switch|p2a: Porygon-Z|Porygon-Z|100\/100\n|-status|p2a: Porygon-Z|psn\n|move|p1a: Gastrodon|Recover|p1a: Gastrodon\n|-heal|p1a: Gastrodon|100\/100 brn\n|\n|-damage|p2a: Porygon-Z|88\/100 psn|[from] psn\n|-damage|p1a: Gastrodon|94\/100 brn|[from] brn\n|upkeep\n|turn|19\n|\n|t:|1655851735\n|move|p2a: Porygon-Z|Trick|p1a: Gastrodon\n|-activate|p2a: Porygon-Z|move: Trick|[of] p1a: Gastrodon\n|-item|p1a: Gastrodon|Choice Specs|[from] move: Trick\n|-enditem|p2a: Porygon-Z|Choice Specs|[silent]|[from] move: Trick\n|move|p1a: Gastrodon|Recover|p1a: Gastrodon\n|-heal|p1a: Gastrodon|100\/100 brn\n|\n|-damage|p2a: Porygon-Z|76\/100 psn|[from] psn\n|-damage|p1a: Gastrodon|94\/100 brn|[from] brn\n|upkeep\n|turn|20\n|\n|t:|1655851750\n|switch|p1a: Registeel|Registeel|99\/100\n|-activate|p1a: Registeel|move: Sticky Web\n|-fail|p1a: Registeel|unboost|[from] ability: Clear Body|[of] p1a: Registeel\n|move|p2a: Porygon-Z|Ice Beam|p1a: Registeel\n|-resisted|p1a: Registeel\n|-damage|p1a: Registeel|92\/100\n|-status|p1a: Registeel|frz\n|\n|-heal|p1a: Registeel|98\/100 frz|[from] item: Leftovers\n|-damage|p2a: Porygon-Z|64\/100 psn|[from] psn\n|upkeep\n|turn|21\n|\n|t:|1655851758\n|move|p2a: Porygon-Z|Trick|p1a: Registeel\n|-activate|p2a: Porygon-Z|move: Trick|[of] p1a: Registeel\n|-enditem|p1a: Registeel|Leftovers|[silent]|[from] move: Trick\n|-item|p2a: Porygon-Z|Leftovers|[from] move: Trick\n|cant|p1a: Registeel|frz\n|\n|-heal|p2a: Porygon-Z|70\/100 psn|[from] item: Leftovers\n|-damage|p2a: Porygon-Z|58\/100 psn|[from] psn\n|upkeep\n|turn|22\n|inactive|EliteCaptainScizor has 120 seconds left.\n|\n|t:|1655851769\n|switch|p2a: Lucario|Lucario, M|42\/100\n|cant|p1a: Registeel|frz\n|\n|upkeep\n|turn|23\n|\n|t:|1655851776\n|switch|p1a: Gastrodon|Gastrodon, F|94\/100 brn\n|-activate|p1a: Gastrodon|move: Sticky Web\n|-unboost|p1a: Gastrodon|spe|1\n|move|p2a: Lucario|Earthquake|p1a: Gastrodon\n|-damage|p1a: Gastrodon|59\/100 brn\n|\n|-damage|p1a: Gastrodon|53\/100 brn|[from] brn\n|upkeep\n|turn|24\n|\n|t:|1655851785\n|switch|p2a: Ribombee|Ribombee, M|17\/100 psn\n|move|p1a: Gastrodon|Recover|p1a: Gastrodon\n|-heal|p1a: Gastrodon|100\/100 brn\n|\n|-damage|p2a: Ribombee|5\/100 psn|[from] psn\n|-damage|p1a: Gastrodon|94\/100 brn|[from] brn\n|upkeep\n|turn|25\n|\n|t:|1655851789\n|move|p2a: Ribombee|Moonblast|p1a: Gastrodon\n|-damage|p1a: Gastrodon|64\/100 brn\n|move|p1a: Gastrodon|Recover|p1a: Gastrodon\n|-heal|p1a: Gastrodon|100\/100 brn\n|\n|-damage|p2a: Ribombee|0 fnt|[from] psn\n|faint|p2a: Ribombee\n|-damage|p1a: Gastrodon|94\/100 brn|[from] brn\n|upkeep\n|\n|t:|1655851794\n|switch|p2a: Lucario|Lucario, M|42\/100\n|turn|26\n|\n|t:|1655851819\n|move|p2a: Lucario|Earthquake|p1a: Gastrodon\n|-damage|p1a: Gastrodon|61\/100 brn\n|move|p1a: Gastrodon|Recover|p1a: Gastrodon\n|-heal|p1a: Gastrodon|100\/100 brn\n|\n|-damage|p1a: Gastrodon|94\/100 brn|[from] brn\n|upkeep\n|turn|27\n|\n|t:|1655851827\n|switch|p1a: Silvally|Silvally-Dragon|100\/100\n|-activate|p1a: Silvally|move: Sticky Web\n|-unboost|p1a: Silvally|spe|1\n|move|p2a: Lucario|Earthquake|p1a: Silvally\n|-damage|p1a: Silvally|50\/100\n|\n|upkeep\n|turn|28\n|\n|t:|1655851833\n|move|p2a: Lucario|Earthquake|p1a: Silvally\n|-damage|p1a: Silvally|4\/100\n|move|p1a: Silvally|Multi-Attack|p2a: Lucario\n|-resisted|p2a: Lucario\n|-damage|p2a: Lucario|4\/100\n|\n|upkeep\n|turn|29\n|\n|t:|1655851847\n|move|p2a: Lucario|Earthquake|p1a: Silvally\n|-damage|p1a: Silvally|0 fnt\n|faint|p1a: Silvally\n|\n|upkeep\n|\n|t:|1655851858\n|switch|p1a: Mimikyu|Mimikyu, M|100\/100\n|-activate|p1a: Mimikyu|move: Sticky Web\n|-unboost|p1a: Mimikyu|spe|1\n|turn|30\n|\n|t:|1655851862\n|switch|p2a: Incineroar|Incineroar, F|75\/100\n|-ability|p2a: Incineroar|Intimidate|boost\n|-unboost|p1a: Mimikyu|atk|1\n|move|p1a: Mimikyu|Shadow Sneak|p2a: Incineroar\n|-resisted|p2a: Incineroar\n|-damage|p2a: Incineroar|68\/100\n|-damage|p1a: Mimikyu|91\/100|[from] item: Life Orb\n|\n|upkeep\n|turn|31\n|\n|t:|1655851870\n|switch|p1a: Gastrodon|Gastrodon, F|94\/100 brn\n|-activate|p1a: Gastrodon|move: Sticky Web\n|-unboost|p1a: Gastrodon|spe|1\n|move|p2a: Incineroar|Parting Shot|p1a: Gastrodon\n|-unboost|p1a: Gastrodon|atk|1\n|-unboost|p1a: Gastrodon|spa|1\n|\n|t:|1655851876\n|switch|p2a: Gastrodon|Gastrodon, F|94\/100 tox|[from]move: Parting Shot\n|\n|-damage|p2a: Gastrodon|88\/100 tox|[from] psn\n|-damage|p1a: Gastrodon|88\/100 brn|[from] brn\n|upkeep\n|turn|32\n|\n|t:|1655851889\n|switch|p1a: Snorlax|Snorlax, M|100\/100\n|-activate|p1a: Snorlax|move: Sticky Web\n|-unboost|p1a: Snorlax|spe|1\n|move|p2a: Gastrodon|Earth Power|p1a: Snorlax\n|-damage|p1a: Snorlax|83\/100\n|\n|-damage|p2a: Gastrodon|76\/100 tox|[from] psn\n|upkeep\n|turn|33\n|\n|t:|1655851894\n|switch|p2a: Incineroar|Incineroar, F|68\/100\n|-ability|p2a: Incineroar|Intimidate|boost\n|-unboost|p1a: Snorlax|atk|1\n|move|p1a: Snorlax|Curse|p1a: Snorlax\n|-unboost|p1a: Snorlax|spe|1\n|-boost|p1a: Snorlax|atk|1\n|-boost|p1a: Snorlax|def|1\n|\n|upkeep\n|turn|34\n|\n|t:|1655851907\n|move|p2a: Incineroar|Will-O-Wisp|p1a: Snorlax\n|-status|p1a: Snorlax|brn\n|move|p1a: Snorlax|Curse|p1a: Snorlax\n|-unboost|p1a: Snorlax|spe|1\n|-boost|p1a: Snorlax|atk|1\n|-boost|p1a: Snorlax|def|1\n|\n|-damage|p1a: Snorlax|77\/100 brn|[from] brn\n|upkeep\n|turn|35\n|\n|t:|1655851913\n|move|p2a: Incineroar|Knock Off|p1a: Snorlax\n|-damage|p1a: Snorlax|59\/100 brn\n|-enditem|p1a: Snorlax|Chesto Berry|[from] move: Knock Off|[of] p2a: Incineroar\n|move|p1a: Snorlax|Curse|p1a: Snorlax\n|-unboost|p1a: Snorlax|spe|1\n|-boost|p1a: Snorlax|atk|1\n|-boost|p1a: Snorlax|def|1\n|\n|-damage|p1a: Snorlax|53\/100 brn|[from] brn\n|upkeep\n|turn|36\n|\n|t:|1655851919\n|move|p2a: Incineroar|Parting Shot|p1a: Snorlax\n|-unboost|p1a: Snorlax|atk|1\n|-unboost|p1a: Snorlax|spa|1\n|\n|t:|1655851922\n|switch|p2a: Porygon-Z|Porygon-Z|58\/100 psn|[from]move: Parting Shot\n|move|p1a: Snorlax|Rest|p1a: Snorlax\n|-status|p1a: Snorlax|slp|[from] move: Rest\n|-heal|p1a: Snorlax|100\/100 slp|[silent]\n|\n|-heal|p2a: Porygon-Z|64\/100 psn|[from] item: Leftovers\n|-damage|p2a: Porygon-Z|52\/100 psn|[from] psn\n|upkeep\n|turn|37\n|\n|t:|1655851928\n|move|p2a: Porygon-Z|Tri Attack|p1a: Snorlax\n|-damage|p1a: Snorlax|64\/100 slp\n|cant|p1a: Snorlax|slp\n|\n|-heal|p2a: Porygon-Z|58\/100 psn|[from] item: Leftovers\n|-damage|p2a: Porygon-Z|46\/100 psn|[from] psn\n|upkeep\n|turn|38\n|\n|t:|1655851943\n|move|p2a: Porygon-Z|Tri Attack|p1a: Snorlax\n|-damage|p1a: Snorlax|32\/100 slp\n|cant|p1a: Snorlax|slp\n|\n|-heal|p2a: Porygon-Z|52\/100 psn|[from] item: Leftovers\n|-damage|p2a: Porygon-Z|39\/100 psn|[from] psn\n|upkeep\n|turn|39\n|\n|t:|1655851947\n|move|p2a: Porygon-Z|Tri Attack|p1a: Snorlax\n|-damage|p1a: Snorlax|0 fnt\n|faint|p1a: Snorlax\n|\n|-heal|p2a: Porygon-Z|46\/100 psn|[from] item: Leftovers\n|-damage|p2a: Porygon-Z|33\/100 psn|[from] psn\n|upkeep\n|\n|t:|1655851955\n|switch|p1a: Registeel|Registeel|98\/100 frz\n|-activate|p1a: Registeel|move: Sticky Web\n|-fail|p1a: Registeel|unboost|[from] ability: Clear Body|[of] p1a: Registeel\n|turn|40\n|\n|t:|1655851965\n|switch|p2a: Lucario|Lucario, M|4\/100\n|cant|p1a: Registeel|frz\n|\n|upkeep\n|turn|41\n|\n|t:|1655851975\n|move|p2a: Lucario|Earthquake|p1a: Registeel\n|-supereffective|p1a: Registeel\n|-damage|p1a: Registeel|37\/100 frz\n|cant|p1a: Registeel|frz\n|\n|upkeep\n|turn|42\n|c|\u2606EliteCaptainScizor|bro\n|\n|t:|1655851982\n|move|p2a: Lucario|Earthquake|p1a: Registeel\n|-supereffective|p1a: Registeel\n|-damage|p1a: Registeel|0 fnt\n|faint|p1a: Registeel\n|\n|upkeep\n|\n|t:|1655851988\n|switch|p1a: Mimikyu|Mimikyu, M|91\/100\n|-activate|p1a: Mimikyu|move: Sticky Web\n|-unboost|p1a: Mimikyu|spe|1\n|turn|43\n|\n|t:|1655851995\n|switch|p2a: Incineroar|Incineroar, F|68\/100\n|-ability|p2a: Incineroar|Intimidate|boost\n|-unboost|p1a: Mimikyu|atk|1\n|move|p1a: Mimikyu|Shadow Sneak|p2a: Incineroar\n|-resisted|p2a: Incineroar\n|-damage|p2a: Incineroar|61\/100\n|-damage|p1a: Mimikyu|81\/100|[from] item: Life Orb\n|\n|upkeep\n|turn|44\n|\n|t:|1655852003\n|switch|p1a: Gastrodon|Gastrodon, F|88\/100 brn\n|-activate|p1a: Gastrodon|move: Sticky Web\n|-unboost|p1a: Gastrodon|spe|1\n|move|p2a: Incineroar|Flare Blitz|p1a: Gastrodon\n|-resisted|p1a: Gastrodon\n|-damage|p1a: Gastrodon|71\/100 brn\n|-damage|p2a: Incineroar|55\/100|[from] Recoil\n|\n|-damage|p1a: Gastrodon|65\/100 brn|[from] brn\n|upkeep\n|turn|45\n|\n|t:|1655852010\n|switch|p2a: Gastrodon|Gastrodon, F|76\/100 tox\n|move|p1a: Gastrodon|Earth Power|p2a: Gastrodon\n|-damage|p2a: Gastrodon|37\/100 tox\n|\n|-damage|p2a: Gastrodon|31\/100 tox|[from] psn\n|-damage|p1a: Gastrodon|58\/100 brn|[from] brn\n|upkeep\n|turn|46\n|\n|t:|1655852015\n|move|p2a: Gastrodon|Recover|p2a: Gastrodon\n|-heal|p2a: Gastrodon|81\/100 tox\n|move|p1a: Gastrodon|Earth Power|p2a: Gastrodon\n|-damage|p2a: Gastrodon|37\/100 tox\n|\n|-damage|p2a: Gastrodon|25\/100 tox|[from] psn\n|-damage|p1a: Gastrodon|52\/100 brn|[from] brn\n|upkeep\n|turn|47\n|\n|t:|1655852019\n|move|p2a: Gastrodon|Earth Power|p1a: Gastrodon\n|-damage|p1a: Gastrodon|27\/100 brn\n|move|p1a: Gastrodon|Earth Power|p2a: Gastrodon\n|-damage|p2a: Gastrodon|0 fnt\n|faint|p2a: Gastrodon\n|\n|-damage|p1a: Gastrodon|21\/100 brn|[from] brn\n|upkeep\n|\n|t:|1655852038\n|switch|p2a: Lucario|Lucario, M|4\/100\n|turn|48\n|\n|t:|1655852043\n|move|p2a: Lucario|Earthquake|p1a: Gastrodon\n|-damage|p1a: Gastrodon|0 fnt\n|faint|p1a: Gastrodon\n|\n|upkeep\n|\n|t:|1655852045\n|switch|p1a: Mimikyu|Mimikyu, M|81\/100\n|-activate|p1a: Mimikyu|move: Sticky Web\n|-unboost|p1a: Mimikyu|spe|1\n|turn|49\n|\n|t:|1655852048\n|move|p2a: Lucario|Earthquake|p1a: Mimikyu\n|-activate|p1a: Mimikyu|ability: Disguise\n|-damage|p1a: Mimikyu|81\/100\n|detailschange|p1a: Mimikyu|Mimikyu-Busted, M\n|-damage|p1a: Mimikyu|68\/100|[from] pokemon: Mimikyu-Busted\n|move|p1a: Mimikyu|Swords Dance|p1a: Mimikyu\n|-boost|p1a: Mimikyu|atk|2\n|\n|upkeep\n|turn|50\n|\n|t:|1655852058\n|move|p1a: Mimikyu|Shadow Sneak|p2a: Lucario\n|-crit|p2a: Lucario\n|-damage|p2a: Lucario|0 fnt\n|faint|p2a: Lucario\n|-damage|p1a: Mimikyu|58\/100|[from] item: Life Orb\n|\n|upkeep\n|\n|t:|1655852060\n|switch|p2a: Incineroar|Incineroar, F|55\/100\n|-ability|p2a: Incineroar|Intimidate|boost\n|-unboost|p1a: Mimikyu|atk|1\n|turn|51\n|\n|t:|1655852070\n|move|p1a: Mimikyu|Drain Punch|p2a: Incineroar\n|-supereffective|p2a: Incineroar\n|-damage|p2a: Incineroar|0 fnt\n|-heal|p1a: Mimikyu|100\/100|[from] drain|[of] p2a: Incineroar\n|faint|p2a: Incineroar\n|-damage|p1a: Mimikyu|91\/100|[from] item: Life Orb\n|\n|upkeep\n|\n|t:|1655852074\n|switch|p2a: Suicune|Suicune|100\/100\n|-status|p2a: Suicune|psn\n|-ability|p2a: Suicune|Pressure\n|turn|52\n|\n|t:|1655852089\n|move|p2a: Suicune|Scald|p1a: Mimikyu\n|-damage|p1a: Mimikyu|53\/100\n|-status|p1a: Mimikyu|brn\n|move|p1a: Mimikyu|Play Rough|p2a: Suicune\n|-damage|p2a: Suicune|81\/100 psn\n|-damage|p1a: Mimikyu|43\/100 brn|[from] item: Life Orb\n|\n|-heal|p2a: Suicune|87\/100 psn|[from] item: Leftovers\n|-damage|p2a: Suicune|75\/100 psn|[from] psn\n|-damage|p1a: Mimikyu|37\/100 brn|[from] brn\n|upkeep\n|turn|53\n|c|\u2606JooshP|lol, im tired, have the win\n|c|\u2606EliteCaptainScizor|BRO\n|c|\u2606JooshP|forfeit\n|-message|JooshP forfeited.\n|\n|win|EliteCaptainScizor\n|n|\u2606EliteCaptainScizor|elitecaptainscizor\n|n|\u2606JooshP|jooshp\n|n|*Lady Monita \u2600|ladymonita\n|l|*Lady Monita \u2600\n|c|\u2606EliteCaptainScizor|ok\n","uploadtime":1655852108,"views":4,"p1id":"elitecaptainscizor","p2id":"jooshp","formatid":"gen8ru","rating":0,"private":0,"password":null}