{"id":"gen8ou-1669161498","p1":"Kikoobuster","p2":"UgoTheGaminEnShort","format":"gen8ou","log":"|j|\u2606Kikoobuster\n|j|\u2606UgoTheGaminEnShort\n|t:|1664025112\n|gametype|singles\n|player|p1|Kikoobuster|170|1464\n|player|p2|UgoTheGaminEnShort|102|1479\n|teamsize|p1|6\n|teamsize|p2|6\n|gen|8\n|tier|[Gen 8] OU\n|rated|\n|rule|Sleep Clause Mod: Limit one foe put to sleep\n|rule|Species Clause: Limit one of each Pok\u00e9mon\n|rule|OHKO Clause: OHKO moves are banned\n|rule|Evasion Items Clause: Evasion items are banned\n|rule|Evasion Moves Clause: Evasion moves are banned\n|rule|Endless Battle Clause: Forcing endless battles is banned\n|rule|HP Percentage Mod: HP is shown in percentages\n|rule|Dynamax Clause: You cannot dynamax\n|clearpoke\n|poke|p1|Lycanroc-Dusk, M|\n|poke|p1|Excadrill, F|\n|poke|p1|Hawlucha, F|\n|poke|p1|Azumarill, F|\n|poke|p1|Zeraora|\n|poke|p1|Rillaboom, F|\n|poke|p2|Weavile, M|\n|poke|p2|Landorus-Therian, M|\n|poke|p2|Dragapult, F|\n|poke|p2|Melmetal|\n|poke|p2|Tapu Fini|\n|poke|p2|Regieleki|\n|teampreview\n|inactive|Battle timer is ON: inactive players will automatically lose when time's up. (requested by Kikoobuster)\n|\n|t:|1664025125\n|start\n|switch|p1a: Lycanroc|Lycanroc-Dusk, M|100\/100\n|switch|p2a: Landorus|Landorus-Therian, M|100\/100\n|-ability|p2a: Landorus|Intimidate|boost\n|-unboost|p1a: Lycanroc|atk|1\n|turn|1\n|\n|t:|1664025135\n|move|p1a: Lycanroc|Stealth Rock|p2a: Landorus\n|-sidestart|p2: UgoTheGaminEnShort|move: Stealth Rock\n|move|p2a: Landorus|Earthquake|p1a: Lycanroc\n|-supereffective|p1a: Lycanroc\n|-enditem|p1a: Lycanroc|Focus Sash\n|-damage|p1a: Lycanroc|1\/100\n|\n|upkeep\n|turn|2\n|\n|t:|1664025141\n|move|p1a: Lycanroc|Endeavor|p2a: Landorus\n|-damage|p2a: Landorus|1\/100\n|move|p2a: Landorus|Knock Off|p1a: Lycanroc\n|-crit|p1a: Lycanroc\n|-damage|p1a: Lycanroc|0 fnt\n|faint|p1a: Lycanroc\n|\n|-heal|p2a: Landorus|7\/100|[from] item: Leftovers\n|upkeep\n|\n|t:|1664025147\n|switch|p1a: Rillaboom|Rillaboom, F|100\/100\n|-fieldstart|move: Grassy Terrain|[from] ability: Grassy Surge|[of] p1a: Rillaboom\n|turn|3\n|\n|t:|1664025157\n|switch|p2a: Melmetal|Melmetal|100\/100\n|-damage|p2a: Melmetal|94\/100|[from] Stealth Rock\n|move|p1a: Rillaboom|U-turn|p2a: Melmetal\n|-resisted|p2a: Melmetal\n|-damage|p2a: Melmetal|84\/100\n|\n|t:|1664025165\n|switch|p1a: Hawlucha|Hawlucha, F|100\/100|[from]move: U-turn\n|-enditem|p1a: Hawlucha|Grassy Seed\n|-boost|p1a: Hawlucha|def|1|[from] item: Grassy Seed\n|\n|-heal|p2a: Melmetal|90\/100|[from] Grassy Terrain\n|-heal|p2a: Melmetal|97\/100|[from] item: Leftovers\n|upkeep\n|turn|4\n|\n|t:|1664025172\n|move|p1a: Hawlucha|Close Combat|p2a: Melmetal\n|-supereffective|p2a: Melmetal\n|-damage|p2a: Melmetal|32\/100\n|-unboost|p1a: Hawlucha|def|1\n|-unboost|p1a: Hawlucha|spd|1\n|move|p2a: Melmetal|Toxic|p1a: Hawlucha\n|-status|p1a: Hawlucha|tox\n|\n|-heal|p2a: Melmetal|38\/100|[from] Grassy Terrain\n|-heal|p2a: Melmetal|44\/100|[from] item: Leftovers\n|-damage|p1a: Hawlucha|94\/100 tox|[from] psn\n|upkeep\n|turn|5\n|\n|t:|1664025185\n|move|p2a: Melmetal|Protect|p2a: Melmetal\n|-singleturn|p2a: Melmetal|Protect\n|move|p1a: Hawlucha|Close Combat|p2a: Melmetal\n|-activate|p2a: Melmetal|move: Protect\n|\n|-heal|p2a: Melmetal|51\/100|[from] Grassy Terrain\n|-heal|p2a: Melmetal|57\/100|[from] item: Leftovers\n|-damage|p1a: Hawlucha|82\/100 tox|[from] psn\n|upkeep\n|turn|6\n|\n|t:|1664025200\n|switch|p2a: Dragapult|Dragapult, F, shiny|100\/100\n|-damage|p2a: Dragapult|88\/100|[from] Stealth Rock\n|move|p1a: Hawlucha|Acrobatics|p2a: Dragapult\n|-damage|p2a: Dragapult|16\/100\n|\n|-heal|p2a: Dragapult|22\/100|[from] Grassy Terrain\n|-damage|p1a: Hawlucha|64\/100 tox|[from] psn\n|upkeep\n|turn|7\n|\n|t:|1664025212\n|switch|p2a: Melmetal|Melmetal|57\/100\n|-damage|p2a: Melmetal|51\/100|[from] Stealth Rock\n|move|p1a: Hawlucha|Acrobatics|p2a: Melmetal\n|-resisted|p2a: Melmetal\n|-damage|p2a: Melmetal|36\/100\n|\n|-heal|p2a: Melmetal|42\/100|[from] Grassy Terrain\n|-heal|p2a: Melmetal|49\/100|[from] item: Leftovers\n|-damage|p1a: Hawlucha|40\/100 tox|[from] psn\n|-fieldend|move: Grassy Terrain\n|upkeep\n|turn|8\n|\n|t:|1664025223\n|move|p2a: Melmetal|Protect|p2a: Melmetal\n|-singleturn|p2a: Melmetal|Protect\n|move|p1a: Hawlucha|Close Combat|p2a: Melmetal\n|-activate|p2a: Melmetal|move: Protect\n|\n|-heal|p2a: Melmetal|55\/100|[from] item: Leftovers\n|-damage|p1a: Hawlucha|10\/100 tox|[from] psn\n|upkeep\n|turn|9\n|\n|t:|1664025234\n|move|p2a: Melmetal|Protect|p2a: Melmetal\n|-singleturn|p2a: Melmetal|Protect\n|move|p1a: Hawlucha|Close Combat|p2a: Melmetal\n|-activate|p2a: Melmetal|move: Protect\n|\n|-heal|p2a: Melmetal|61\/100|[from] item: Leftovers\n|-damage|p1a: Hawlucha|0 fnt|[from] psn\n|faint|p1a: Hawlucha\n|upkeep\n|c|\u2606Kikoobuster|:(\n|\n|t:|1664025244\n|switch|p1a: Excadrill|Excadrill, F|100\/100\n|-ability|p1a: Excadrill|Mold Breaker\n|turn|10\n|c|\u2606UgoTheGaminEnShort|you sent it out too soon\n|\n|t:|1664025260\n|switch|p2a: Landorus|Landorus-Therian, M|7\/100\n|-damage|p2a: Landorus|0 fnt|[from] Stealth Rock\n|faint|p2a: Landorus\n|move|p1a: Excadrill|Earthquake|p2: Landorus|[notarget]\n|-fail|p1a: Excadrill\n|\n|upkeep\n|c|\u2606Kikoobuster|50% for the protect\n|inactive|UgoTheGaminEnShort has 120 seconds left.\n|\n|t:|1664025281\n|switch|p2a: Dragapult|Dragapult, F, shiny|22\/100\n|-damage|p2a: Dragapult|10\/100|[from] Stealth Rock\n|turn|11\n|inactive|UgoTheGaminEnShort has 120 seconds left.\n|c|\u2606UgoTheGaminEnShort|i actually expected an acrobatics\n|\n|t:|1664025299\n|switch|p1a: Azumarill|Azumarill, F|100\/100\n|move|p2a: Dragapult|Flamethrower|p1a: Azumarill\n|-resisted|p1a: Azumarill\n|-damage|p1a: Azumarill|78\/100\n|\n|upkeep\n|turn|12\n|inactive|UgoTheGaminEnShort has 120 seconds left.\n|\n|t:|1664025306\n|switch|p2a: Tapu Fini|Tapu Fini, shiny|100\/100\n|-damage|p2a: Tapu Fini|88\/100|[from] Stealth Rock\n|-fieldstart|move: Misty Terrain|[from] ability: Misty Surge|[of] p2a: Tapu Fini\n|move|p1a: Azumarill|Belly Drum|p1a: Azumarill\n|-damage|p1a: Azumarill|28\/100\n|-setboost|p1a: Azumarill|atk|6|[from] move: Belly Drum\n|-enditem|p1a: Azumarill|Sitrus Berry|[eat]\n|-heal|p1a: Azumarill|53\/100|[from] item: Sitrus Berry\n|\n|-heal|p2a: Tapu Fini|94\/100|[from] item: Leftovers\n|upkeep\n|turn|13\n|inactive|UgoTheGaminEnShort has 120 seconds left.\n|\n|t:|1664025319\n|move|p2a: Tapu Fini|Draining Kiss|p1a: Azumarill\n|-crit|p1a: Azumarill\n|-damage|p1a: Azumarill|22\/100\n|-heal|p2a: Tapu Fini|100\/100|[from] drain|[of] p1a: Azumarill\n|move|p1a: Azumarill|Play Rough|p2a: Tapu Fini\n|-damage|p2a: Tapu Fini|0 fnt\n|faint|p2a: Tapu Fini\n|\n|upkeep\n|inactive|UgoTheGaminEnShort has 120 seconds left.\n|\n|t:|1664025337\n|switch|p2a: Melmetal|Melmetal|61\/100\n|-damage|p2a: Melmetal|55\/100|[from] Stealth Rock\n|turn|14\n|\n|t:|1664025341\n|move|p2a: Melmetal|Protect|p2a: Melmetal\n|-singleturn|p2a: Melmetal|Protect\n|move|p1a: Azumarill|Knock Off|p2a: Melmetal\n|-activate|p2a: Melmetal|move: Protect\n|\n|-heal|p2a: Melmetal|61\/100|[from] item: Leftovers\n|upkeep\n|turn|15\n|\n|t:|1664025350\n|move|p1a: Azumarill|Knock Off|p2a: Melmetal\n|-damage|p2a: Melmetal|0 fnt\n|-enditem|p2a: Melmetal|Leftovers|[from] move: Knock Off|[of] p1a: Azumarill\n|faint|p2a: Melmetal\n|\n|upkeep\n|inactive|UgoTheGaminEnShort has 120 seconds left.\n|\n|t:|1664025376\n|switch|p2a: Weavile|Weavile, M|100\/100\n|-damage|p2a: Weavile|76\/100|[from] Stealth Rock\n|-ability|p2a: Weavile|Pressure\n|turn|16\n|c|\u2606Kikoobuster|U see it was not too soon\n|\n|t:|1664025385\n|move|p1a: Azumarill|Aqua Jet|p2a: Weavile\n|-damage|p2a: Weavile|0 fnt\n|faint|p2a: Weavile\n|\n|-fieldend|Misty Terrain\n|upkeep\n|\n|t:|1664025396\n|switch|p2a: Regieleki|Regieleki, shiny|100\/100\n|turn|17\n|\n|t:|1664025400\n|move|p1a: Azumarill|Aqua Jet|p2a: Regieleki\n|-damage|p2a: Regieleki|0 fnt\n|faint|p2a: Regieleki\n|\n|upkeep\n|c|\u2606UgoTheGaminEnShort|yeah\n|\n|t:|1664025409\n|switch|p2a: Dragapult|Dragapult, F, shiny|10\/100\n|-damage|p2a: Dragapult|0 fnt|[from] Stealth Rock\n|faint|p2a: Dragapult\n|\n|win|Kikoobuster\n|raw|Kikoobuster's rating: 1483 &rarr; <strong>1503<\/strong><br \/>(+20 for winning)\n|raw|UgoTheGaminEnShort's rating: 1479 &rarr; <strong>1459<\/strong><br \/>(-20 for losing)\n|c|\u2606UgoTheGaminEnShort|gg\n|c|\u2606Kikoobuster|gg\n|l|\u2606UgoTheGaminEnShort\n||Ladder isn't responding, score probably updated but might not have (Request timeout).\n","uploadtime":1664025422,"views":5,"p1id":"kikoobuster","p2id":"ugothegaminenshort","formatid":"gen8ou","rating":1459,"private":0,"password":null}