{"id":"gen8nationaldexag-1665940119","p1":"Ketchkev","p2":"Rediyu","format":"gen8nationaldexag","log":"|j|\u2606Ketchkev\n|j|\u2606Rediyu\n|t:|1663351735\n|gametype|singles\n|player|p1|Ketchkev|265|\n|player|p2|Rediyu|guitarist|\n|teamsize|p1|6\n|teamsize|p2|6\n|gen|8\n|tier|[Gen 8] National Dex AG\n|rule|HP Percentage Mod: HP is shown in percentages\n|rule|Endless Battle Clause: Forcing endless battles is banned\n|clearpoke\n|poke|p1|Dragapult, M|\n|poke|p1|Nidoking, M|\n|poke|p1|Gastrodon-East, M|\n|poke|p1|Charizard, F|\n|poke|p1|Venusaur, F|\n|poke|p1|Forretress, F|\n|poke|p2|Shaymin|\n|poke|p2|Donphan, M|\n|poke|p2|Silvally-*|\n|poke|p2|Mesprit|\n|poke|p2|Raichu, M|\n|poke|p2|Spectrier|\n|teampreview\n|c|\u2606Rediyu|gl hf\n|c|\u2606Ketchkev|U 2\n|\n|t:|1663351761\n|start\n|switch|p1a: DoneDevimon|Dragapult, M, shiny|100\/100\n|switch|p2a: Electric Mouse|Raichu, M|100\/100\n|turn|1\n|\n|t:|1663351775\n|move|p1a: DoneDevimon|U-turn|p2a: Electric Mouse\n|-damage|p2a: Electric Mouse|49\/100\n|\n|t:|1663351793\n|switch|p1a: Blossomon|Venusaur, F, shiny|100\/100|[from]move: U-turn\n|move|p2a: Electric Mouse|Knock Off|p1a: Blossomon\n|-damage|p1a: Blossomon|68\/100\n|-enditem|p1a: Blossomon|Assault Vest|[from] move: Knock Off|[of] p2a: Electric Mouse\n|\n|upkeep\n|turn|2\n|\n|t:|1663351817\n|switch|p1a: Gotsumon|Forretress, F, shiny|100\/100\n|move|p2a: Electric Mouse|Volt Switch|p1a: Gotsumon\n|-damage|p1a: Gotsumon|58\/100\n|\n|t:|1663351844\n|switch|p2a: Flying Jr.|Silvally-Flying|100\/100|[from]move: Volt Switch\n|\n|-heal|p1a: Gotsumon|64\/100|[from] item: Leftovers\n|upkeep\n|turn|3\n|\n|t:|1663351860\n|switch|p1a: Numemon|Gastrodon-East, M, shiny|100\/100\n|move|p2a: Flying Jr.|Swords Dance|p2a: Flying Jr.\n|-boost|p2a: Flying Jr.|atk|2\n|\n|upkeep\n|turn|4\n|\n|t:|1663351867\n|move|p2a: Flying Jr.|Multi-Attack|p1a: Numemon\n|-damage|p1a: Numemon|0 fnt\n|faint|p1a: Numemon\n|\n|upkeep\n|\n|t:|1663351888\n|switch|p1a: Burning Greymon|Charizard, F, shiny|100\/100\n|turn|5\n|\n|t:|1663351916\n|detailschange|p1a: Burning Greymon|Charizard-Mega-Y, F, shiny\n|-mega|p1a: Burning Greymon|Charizard|Charizardite Y\n|-weather|SunnyDay|[from] ability: Drought|[of] p1a: Burning Greymon\n|move|p1a: Burning Greymon|Overheat|p2a: Flying Jr.\n|-damage|p2a: Flying Jr.|0 fnt\n|-unboost|p1a: Burning Greymon|spa|2\n|faint|p2a: Flying Jr.\n|\n|-weather|SunnyDay|[upkeep]\n|upkeep\n|\n|t:|1663351927\n|switch|p2a: Psychic Elfe|Mesprit|100\/100\n|turn|6\n|\n|t:|1663351931\n|move|p1a: Burning Greymon|Tailwind|p1a: Burning Greymon\n|-sidestart|p1: Ketchkev|move: Tailwind\n|move|p2a: Psychic Elfe|Stealth Rock|p1a: Burning Greymon\n|-sidestart|p1: Ketchkev|move: Stealth Rock\n|\n|-weather|SunnyDay|[upkeep]\n|upkeep\n|turn|7\n|\n|t:|1663351947\n|switch|p1a: Triceramon|Nidoking, M, shiny|100\/100\n|-damage|p1a: Triceramon|95\/100|[from] Stealth Rock\n|move|p2a: Psychic Elfe|U-turn|p1a: Triceramon\n|-resisted|p1a: Triceramon\n|-crit|p1a: Triceramon\n|-damage|p1a: Triceramon|79\/100\n|\n|t:|1663351959\n|switch|p2a: Ground Dumbo|Donphan, M|100\/100|[from]move: U-turn\n|\n|-weather|SunnyDay|[upkeep]\n|upkeep\n|turn|8\n|\n|t:|1663351967\n|switch|p1a: Blossomon|Venusaur, F, shiny|68\/100\n|-damage|p1a: Blossomon|56\/100|[from] Stealth Rock\n|move|p2a: Ground Dumbo|Earthquake|p1a: Blossomon\n|-damage|p1a: Blossomon|0 fnt\n|faint|p1a: Blossomon\n|\n|-weather|SunnyDay|[upkeep]\n|upkeep\n|\n|t:|1663351979\n|switch|p1a: Burning Greymon|Charizard-Mega-Y, F, shiny|100\/100\n|-damage|p1a: Burning Greymon|51\/100|[from] Stealth Rock\n|turn|9\n|\n|t:|1663351981\n|switch|p2a: Electric Mouse|Raichu, M|49\/100\n|move|p1a: Burning Greymon|Overheat|p2a: Electric Mouse\n|-damage|p2a: Electric Mouse|0 fnt\n|-unboost|p1a: Burning Greymon|spa|2\n|faint|p2a: Electric Mouse\n|\n|-weather|none\n|-sideend|p1: Ketchkev|move: Tailwind\n|upkeep\n|\n|t:|1663351983\n|switch|p2a: Ghost Ponny|Spectrier|100\/100\n|turn|10\n|\n|t:|1663351990\n|move|p2a: Ghost Ponny|Shadow Ball|p1a: Burning Greymon\n|-damage|p1a: Burning Greymon|0 fnt\n|faint|p1a: Burning Greymon\n|-ability|p2a: Ghost Ponny|Grim Neigh|boost\n|-boost|p2a: Ghost Ponny|spa|1\n|\n|upkeep\n|\n|t:|1663351998\n|switch|p1a: DoneDevimon|Dragapult, M, shiny|100\/100\n|-damage|p1a: DoneDevimon|88\/100|[from] Stealth Rock\n|turn|11\n|\n|t:|1663352000\n|move|p1a: DoneDevimon|Sucker Punch|p2a: Ghost Ponny\n|-supereffective|p2a: Ghost Ponny\n|-damage|p2a: Ghost Ponny|47\/100\n|move|p2a: Ghost Ponny|Shadow Ball|p1a: DoneDevimon\n|-supereffective|p1a: DoneDevimon\n|-damage|p1a: DoneDevimon|0 fnt\n|faint|p1a: DoneDevimon\n|-ability|p2a: Ghost Ponny|Grim Neigh|boost\n|-boost|p2a: Ghost Ponny|spa|1\n|\n|upkeep\n|c|\u2606Rediyu|gg\n|\n|t:|1663352009\n|switch|p1a: Triceramon|Nidoking, M, shiny|79\/100\n|-damage|p1a: Triceramon|73\/100|[from] Stealth Rock\n|turn|12\n|\n|t:|1663352013\n|move|p2a: Ghost Ponny|Shadow Ball|p1a: Triceramon\n|-damage|p1a: Triceramon|0 fnt\n|faint|p1a: Triceramon\n|-ability|p2a: Ghost Ponny|Grim Neigh|boost\n|-boost|p2a: Ghost Ponny|spa|1\n|\n|upkeep\n|\n|t:|1663352015\n|switch|p1a: Gotsumon|Forretress, F, shiny|64\/100\n|-damage|p1a: Gotsumon|52\/100|[from] Stealth Rock\n|turn|13\n|\n|t:|1663352018\n|move|p2a: Ghost Ponny|Shadow Ball|p1a: Gotsumon\n|-damage|p1a: Gotsumon|0 fnt\n|faint|p1a: Gotsumon\n|\n|win|Rediyu\n|c|\u2606Ketchkev|Gg\n","uploadtime":1663352027,"views":5,"p1id":"ketchkev","p2id":"rediyu","formatid":"gen8nationaldexag","rating":0,"private":0,"password":null}