{"id":"gen8ou-1449829461","p1":"kokoukohiro","p2":"Vkhss","format":"gen8ou","log":"|j|\u2606kokoukohiro\n|j|\u2606Vkhss\n|t:|1636196642\n|gametype|singles\n|player|p1|kokoukohiro|dawn|1533\n|player|p2|Vkhss|2|1524\n|teamsize|p1|6\n|teamsize|p2|6\n|gen|8\n|tier|[Gen 8] OU\n|rated|\n|rule|Sleep Clause Mod: Limit one foe put to sleep\n|rule|Species Clause: Limit one of each Pok\u00e9mon\n|rule|OHKO Clause: OHKO moves are banned\n|rule|Evasion Moves Clause: Evasion moves are banned\n|rule|Endless Battle Clause: Forcing endless battles is banned\n|rule|HP Percentage Mod: HP is shown in percentages\n|rule|Dynamax Clause: You cannot dynamax\n|clearpoke\n|poke|p1|Jirachi|\n|poke|p1|Chansey, F|\n|poke|p1|Quagsire, F|\n|poke|p1|Clefable, M|\n|poke|p1|Toxapex, F|\n|poke|p1|Mandibuzz, F|\n|poke|p2|Kyurem|\n|poke|p2|Slowking-Galar, F|\n|poke|p2|Hippowdon, M|\n|poke|p2|Corviknight, M|\n|poke|p2|Zeraora|\n|poke|p2|Urshifu-*, M|\n|teampreview\n|inactive|Battle timer is ON: inactive players will automatically lose when time's up. (requested by Vkhss)\n|\n|t:|1636196659\n|start\n|switch|p1a: Quagsire|Quagsire, F|100\/100\n|switch|p2a: Zeraora|Zeraora|100\/100\n|turn|1\n|\n|t:|1636196664\n|switch|p2a: Corviknight|Corviknight, M|100\/100\n|-ability|p2a: Corviknight|Pressure\n|move|p1a: Quagsire|Toxic|p2a: Corviknight\n|-immune|p2a: Corviknight\n|\n|upkeep\n|turn|2\n|\n|t:|1636196671\n|switch|p1a: Toxapex|Toxapex, F|100\/100\n|move|p2a: Corviknight|U-turn|p1a: Toxapex\n|-resisted|p1a: Toxapex\n|-damage|p1a: Toxapex|96\/100\n|\n|t:|1636196675\n|switch|p2a: Kyurem|Kyurem|100\/100|[from]move: U-turn\n|-ability|p2a: Kyurem|Pressure\n|\n|-heal|p1a: Toxapex|100\/100|[from] item: Black Sludge\n|upkeep\n|turn|3\n|\n|t:|1636196681\n|switch|p1a: Chansey|Chansey, F|100\/100\n|move|p2a: Kyurem|Earth Power|p1a: Chansey\n|-damage|p1a: Chansey|84\/100\n|\n|upkeep\n|turn|4\n|\n|t:|1636196689\n|switch|p2a: Corviknight|Corviknight, M|100\/100\n|-ability|p2a: Corviknight|Pressure\n|move|p1a: Chansey|Toxic|p2a: Corviknight\n|-immune|p2a: Corviknight\n|\n|upkeep\n|turn|5\n|\n|t:|1636196696\n|switch|p1a: Toxapex|Toxapex, F|100\/100\n|move|p2a: Corviknight|U-turn|p1a: Toxapex\n|-resisted|p1a: Toxapex\n|-damage|p1a: Toxapex|96\/100\n|\n|t:|1636196705\n|switch|p2a: Zeraora|Zeraora|100\/100|[from]move: U-turn\n|\n|-heal|p1a: Toxapex|100\/100|[from] item: Black Sludge\n|upkeep\n|turn|6\n|\n|t:|1636196708\n|switch|p1a: Quagsire|Quagsire, F|100\/100\n|move|p2a: Zeraora|Knock Off|p1a: Quagsire\n|-damage|p1a: Quagsire|70\/100\n|-enditem|p1a: Quagsire|Leftovers|[from] move: Knock Off|[of] p2a: Zeraora\n|\n|upkeep\n|turn|7\n|\n|t:|1636196714\n|switch|p2a: Corviknight|Corviknight, M|100\/100\n|-ability|p2a: Corviknight|Pressure\n|move|p1a: Quagsire|Recover|p1a: Quagsire\n|-heal|p1a: Quagsire|100\/100\n|\n|upkeep\n|turn|8\n|\n|t:|1636196720\n|switch|p1a: Toxapex|Toxapex, F|100\/100\n|move|p2a: Corviknight|U-turn|p1a: Toxapex\n|-resisted|p1a: Toxapex\n|-damage|p1a: Toxapex|96\/100\n|\n|t:|1636196730\n|switch|p2a: Slowking|Slowking-Galar, F|100\/100|[from]move: U-turn\n|\n|-heal|p1a: Toxapex|100\/100|[from] item: Black Sludge\n|upkeep\n|turn|9\n|\n|t:|1636196735\n|switch|p1a: Clefable|Clefable, M|100\/100\n|move|p2a: Slowking|Future Sight|p1a: Clefable\n|-start|p2a: Slowking|move: Future Sight\n|\n|upkeep\n|turn|10\n|\n|t:|1636196739\n|move|p1a: Clefable|Stealth Rock|p2a: Slowking\n|-sidestart|p2: Vkhss|move: Stealth Rock\n|move|p2a: Slowking|Sludge Bomb|p1a: Clefable\n|-supereffective|p1a: Clefable\n|-damage|p1a: Clefable|51\/100\n|\n|-heal|p1a: Clefable|57\/100|[from] item: Leftovers\n|upkeep\n|turn|11\n|\n|t:|1636196744\n|switch|p1a: Jirachi|Jirachi|100\/100\n|move|p2a: Slowking|Sludge Bomb|p1a: Jirachi\n|-immune|p1a: Jirachi\n|\n|-end|p1a: Jirachi|move: Future Sight\n|-resisted|p1a: Jirachi\n|-damage|p1a: Jirachi|94\/100\n|-heal|p1a: Jirachi|99\/100|[from] item: Leftovers\n|upkeep\n|turn|12\n|\n|t:|1636196749\n|move|p1a: Jirachi|Wish|p1a: Jirachi\n|move|p2a: Slowking|Flamethrower|p1a: Jirachi\n|-supereffective|p1a: Jirachi\n|-damage|p1a: Jirachi|73\/100\n|\n|-heal|p1a: Jirachi|79\/100|[from] item: Leftovers\n|upkeep\n|turn|13\n|\n|t:|1636196758\n|switch|p2a: Corviknight|Corviknight, M|100\/100\n|-damage|p2a: Corviknight|88\/100|[from] Stealth Rock\n|-ability|p2a: Corviknight|Pressure\n|move|p1a: Jirachi|Iron Head|p2a: Corviknight\n|-resisted|p2a: Corviknight\n|-damage|p2a: Corviknight|79\/100\n|\n|-heal|p1a: Jirachi|100\/100|[from] move: Wish|[wisher] Jirachi\n|-heal|p2a: Corviknight|85\/100|[from] item: Leftovers\n|upkeep\n|turn|14\n|\n|t:|1636196762\n|switch|p1a: Clefable|Clefable, M|57\/100\n|move|p2a: Corviknight|Defog|p1a: Clefable\n|-unboost|p1a: Clefable|evasion|1\n|-sideend|p2: Vkhss|Stealth Rock|[from] move: Defog|[of] p2a: Corviknight\n|\n|-heal|p2a: Corviknight|91\/100|[from] item: Leftovers\n|-heal|p1a: Clefable|63\/100|[from] item: Leftovers\n|upkeep\n|turn|15\n|\n|t:|1636196767\n|move|p2a: Corviknight|U-turn|p1a: Clefable\n|-resisted|p1a: Clefable\n|-damage|p1a: Clefable|55\/100\n|\n|t:|1636196769\n|switch|p2a: Urshifu|Urshifu-Rapid-Strike, M|100\/100|[from]move: U-turn\n|move|p1a: Clefable|Stealth Rock|p2a: Urshifu\n|-sidestart|p2: Vkhss|move: Stealth Rock\n|\n|-heal|p1a: Clefable|61\/100|[from] item: Leftovers\n|upkeep\n|turn|16\n|\n|t:|1636196772\n|switch|p1a: Toxapex|Toxapex, F|100\/100\n|move|p2a: Urshifu|U-turn|p1a: Toxapex\n|-resisted|p1a: Toxapex\n|-damage|p1a: Toxapex|90\/100\n|\n|t:|1636196775\n|switch|p2a: Corviknight|Corviknight, M|91\/100|[from]move: U-turn\n|-damage|p2a: Corviknight|79\/100|[from] Stealth Rock\n|-ability|p2a: Corviknight|Pressure\n|\n|-heal|p2a: Corviknight|85\/100|[from] item: Leftovers\n|-heal|p1a: Toxapex|96\/100|[from] item: Black Sludge\n|upkeep\n|turn|17\n|\n|t:|1636196777\n|switch|p1a: Clefable|Clefable, M|61\/100\n|move|p2a: Corviknight|Defog|p1a: Clefable\n|-unboost|p1a: Clefable|evasion|1\n|-sideend|p2: Vkhss|Stealth Rock|[from] move: Defog|[of] p2a: Corviknight\n|\n|-heal|p2a: Corviknight|91\/100|[from] item: Leftovers\n|-heal|p1a: Clefable|67\/100|[from] item: Leftovers\n|upkeep\n|turn|18\n|\n|t:|1636196782\n|move|p2a: Corviknight|U-turn|p1a: Clefable\n|-resisted|p1a: Clefable\n|-damage|p1a: Clefable|59\/100\n|\n|t:|1636196785\n|switch|p2a: Zeraora|Zeraora|100\/100|[from]move: U-turn\n|move|p1a: Clefable|Stealth Rock|p2a: Zeraora\n|-sidestart|p2: Vkhss|move: Stealth Rock\n|\n|-heal|p1a: Clefable|65\/100|[from] item: Leftovers\n|upkeep\n|turn|19\n|\n|t:|1636196788\n|switch|p1a: Quagsire|Quagsire, F|100\/100\n|move|p2a: Zeraora|Close Combat|p1a: Quagsire\n|-damage|p1a: Quagsire|61\/100\n|-unboost|p2a: Zeraora|def|1\n|-unboost|p2a: Zeraora|spd|1\n|\n|upkeep\n|turn|20\n|\n|t:|1636196792\n|switch|p2a: Corviknight|Corviknight, M|91\/100\n|-damage|p2a: Corviknight|79\/100|[from] Stealth Rock\n|-ability|p2a: Corviknight|Pressure\n|move|p1a: Quagsire|Recover|p1a: Quagsire\n|-heal|p1a: Quagsire|100\/100\n|\n|-heal|p2a: Corviknight|85\/100|[from] item: Leftovers\n|upkeep\n|turn|21\n|\n|t:|1636196798\n|switch|p1a: Clefable|Clefable, M|65\/100\n|move|p2a: Corviknight|U-turn|p1a: Clefable\n|-resisted|p1a: Clefable\n|-damage|p1a: Clefable|58\/100\n|\n|t:|1636196803\n|switch|p2a: Hippowdon|Hippowdon, M|100\/100|[from]move: U-turn\n|-damage|p2a: Hippowdon|94\/100|[from] Stealth Rock\n|-weather|Sandstorm|[from] ability: Sand Stream|[of] p2a: Hippowdon\n|\n|-weather|Sandstorm|[upkeep]\n|-damage|p1a: Clefable|52\/100|[from] Sandstorm\n|-heal|p1a: Clefable|58\/100|[from] item: Leftovers\n|-heal|p2a: Hippowdon|100\/100|[from] item: Leftovers\n|upkeep\n|turn|22\n|\n|t:|1636196813\n|move|p1a: Clefable|Soft-Boiled|p1a: Clefable\n|-heal|p1a: Clefable|100\/100\n|move|p2a: Hippowdon|Toxic|p1a: Clefable\n|-status|p1a: Clefable|tox\n|\n|-weather|Sandstorm|[upkeep]\n|-damage|p1a: Clefable|94\/100 tox|[from] Sandstorm\n|-heal|p1a: Clefable|100\/100 tox|[from] item: Leftovers\n|-damage|p1a: Clefable|94\/100 tox|[from] psn\n|upkeep\n|turn|23\n|j| rougailsaucisse\n|l| rougailsaucisse\n|\n|t:|1636196823\n|switch|p1a: Quagsire|Quagsire, F|100\/100\n|move|p2a: Hippowdon|Stealth Rock|p1a: Quagsire\n|-sidestart|p1: kokoukohiro|move: Stealth Rock\n|\n|-weather|Sandstorm|[upkeep]\n|upkeep\n|turn|24\n|\n|t:|1636196827\n|switch|p2a: Corviknight|Corviknight, M|85\/100\n|-damage|p2a: Corviknight|72\/100|[from] Stealth Rock\n|-ability|p2a: Corviknight|Pressure\n|move|p1a: Quagsire|Toxic|p2a: Corviknight\n|-immune|p2a: Corviknight\n|\n|-weather|Sandstorm|[upkeep]\n|-heal|p2a: Corviknight|79\/100|[from] item: Leftovers\n|upkeep\n|turn|25\n|\n|t:|1636196834\n|move|p2a: Corviknight|Defog|p1a: Quagsire\n|-unboost|p1a: Quagsire|evasion|1\n|-sideend|p1: kokoukohiro|Stealth Rock|[from] move: Defog|[of] p2a: Corviknight\n|-sideend|p2: Vkhss|Stealth Rock|[from] move: Defog|[of] p2a: Corviknight\n|move|p1a: Quagsire|Scald|p2a: Corviknight\n|-damage|p2a: Corviknight|61\/100\n|\n|-weather|none\n|-heal|p2a: Corviknight|68\/100|[from] item: Leftovers\n|upkeep\n|turn|26\n|\n|t:|1636196844\n|move|p2a: Corviknight|Roost|p2a: Corviknight\n|-heal|p2a: Corviknight|100\/100\n|-singleturn|p2a: Corviknight|move: Roost\n|move|p1a: Quagsire|Toxic|p2a: Corviknight|[miss]\n|-miss|p1a: Quagsire|p2a: Corviknight\n|\n|upkeep\n|turn|27\n|\n|t:|1636196850\n|move|p2a: Corviknight|U-turn|p1a: Quagsire\n|-damage|p1a: Quagsire|90\/100\n|\n|t:|1636196854\n|switch|p2a: Slowking|Slowking-Galar, F|100\/100|[from]move: U-turn\n|move|p1a: Quagsire|Scald|p2a: Slowking\n|-damage|p2a: Slowking|92\/100\n|\n|upkeep\n|turn|28\n|\n|t:|1636196861\n|switch|p1a: Chansey|Chansey, F|84\/100\n|move|p2a: Slowking|Future Sight|p1a: Chansey\n|-start|p2a: Slowking|move: Future Sight\n|\n|upkeep\n|turn|29\n|\n|t:|1636196868\n|switch|p2a: Zeraora|Zeraora|100\/100\n|move|p1a: Chansey|Aromatherapy|p1a: Chansey\n|-activate|p1a: Chansey|move: Aromatherapy\n|-curestatus|p1: Clefable|tox|[msg]\n|\n|upkeep\n|turn|30\n|\n|t:|1636196893\n|switch|p1a: Jirachi|Jirachi|100\/100\n|move|p2a: Zeraora|Knock Off|p1a: Jirachi\n|-supereffective|p1a: Jirachi\n|-damage|p1a: Jirachi|28\/100\n|-enditem|p1a: Jirachi|Leftovers|[from] move: Knock Off|[of] p2a: Zeraora\n|\n|-end|p1a: Jirachi|move: Future Sight\n|-resisted|p1a: Jirachi\n|-damage|p1a: Jirachi|20\/100\n|upkeep\n|turn|31\n|\n|t:|1636196900\n|move|p1a: Jirachi|Protect|p1a: Jirachi\n|-singleturn|p1a: Jirachi|Protect\n|move|p2a: Zeraora|Knock Off|p1a: Jirachi\n|-activate|p1a: Jirachi|move: Protect\n|\n|upkeep\n|turn|32\n|\n|t:|1636196912\n|switch|p1a: Quagsire|Quagsire, F|90\/100\n|move|p2a: Zeraora|Knock Off|p1a: Quagsire\n|-damage|p1a: Quagsire|70\/100\n|\n|upkeep\n|turn|33\n|\n|t:|1636196923\n|switch|p2a: Corviknight|Corviknight, M|100\/100\n|-ability|p2a: Corviknight|Pressure\n|move|p1a: Quagsire|Toxic|p2a: Corviknight\n|-immune|p2a: Corviknight\n|\n|upkeep\n|turn|34\n|\n|t:|1636196931\n|move|p2a: Corviknight|U-turn|p1a: Quagsire\n|-damage|p1a: Quagsire|60\/100\n|\n|t:|1636196934\n|switch|p2a: Kyurem|Kyurem|100\/100|[from]move: U-turn\n|-ability|p2a: Kyurem|Pressure\n|move|p1a: Quagsire|Scald|p2a: Kyurem\n|-resisted|p2a: Kyurem\n|-damage|p2a: Kyurem|91\/100\n|\n|upkeep\n|turn|35\n|\n|t:|1636196956\n|switch|p2a: Urshifu|Urshifu-Rapid-Strike, M|100\/100\n|switch|p1a: Chansey|Chansey, F|84\/100\n|\n|upkeep\n|turn|36\n|\n|t:|1636196962\n|switch|p1a: Toxapex|Toxapex, F|100\/100\n|move|p2a: Urshifu|U-turn|p1a: Toxapex\n|-resisted|p1a: Toxapex\n|-damage|p1a: Toxapex|90\/100\n|\n|t:|1636196965\n|switch|p2a: Hippowdon|Hippowdon, M|100\/100|[from]move: U-turn\n|-weather|Sandstorm|[from] ability: Sand Stream|[of] p2a: Hippowdon\n|\n|-weather|Sandstorm|[upkeep]\n|-damage|p1a: Toxapex|84\/100|[from] Sandstorm\n|-heal|p1a: Toxapex|90\/100|[from] item: Black Sludge\n|upkeep\n|turn|37\n|\n|t:|1636196976\n|switch|p1a: Quagsire|Quagsire, F|60\/100\n|move|p2a: Hippowdon|Stealth Rock|p1a: Quagsire\n|-sidestart|p1: kokoukohiro|move: Stealth Rock\n|\n|-weather|Sandstorm|[upkeep]\n|upkeep\n|turn|38\n|\n|t:|1636196979\n|move|p2a: Hippowdon|Toxic|p1a: Quagsire\n|-status|p1a: Quagsire|tox\n|move|p1a: Quagsire|Recover|p1a: Quagsire\n|-heal|p1a: Quagsire|100\/100 tox\n|\n|-weather|Sandstorm|[upkeep]\n|-damage|p1a: Quagsire|94\/100 tox|[from] psn\n|upkeep\n|turn|39\n|\n|t:|1636196987\n|switch|p2a: Urshifu|Urshifu-Rapid-Strike, M|100\/100\n|move|p1a: Quagsire|Toxic|p2a: Urshifu\n|-status|p2a: Urshifu|tox\n|\n|-weather|Sandstorm|[upkeep]\n|-damage|p2a: Urshifu|94\/100 tox|[from] Sandstorm\n|-damage|p2a: Urshifu|88\/100 tox|[from] psn\n|-damage|p1a: Quagsire|82\/100 tox|[from] psn\n|upkeep\n|turn|40\n|\n|t:|1636196992\n|switch|p1a: Toxapex|Toxapex, F|100\/100\n|-damage|p1a: Toxapex|88\/100|[from] Stealth Rock\n|move|p2a: Urshifu|U-turn|p1a: Toxapex\n|-resisted|p1a: Toxapex\n|-damage|p1a: Toxapex|78\/100\n|\n|t:|1636197001\n|switch|p2a: Corviknight|Corviknight, M|100\/100|[from]move: U-turn\n|-ability|p2a: Corviknight|Pressure\n|\n|-weather|none\n|-heal|p1a: Toxapex|84\/100|[from] item: Black Sludge\n|upkeep\n|turn|41\n|\n|t:|1636197006\n|switch|p1a: Mandibuzz|Mandibuzz, F|100\/100\n|move|p2a: Corviknight|U-turn|p1a: Mandibuzz\n|-damage|p1a: Mandibuzz|92\/100\n|\n|t:|1636197010\n|switch|p2a: Zeraora|Zeraora|100\/100|[from]move: U-turn\n|\n|upkeep\n|turn|42\n|\n|t:|1636197016\n|switch|p1a: Quagsire|Quagsire, F|82\/100 tox\n|-damage|p1a: Quagsire|76\/100 tox|[from] Stealth Rock\n|move|p2a: Zeraora|Plasma Fists|p1a: Quagsire\n|-immune|p1a: Quagsire\n|\n|-damage|p1a: Quagsire|70\/100 tox|[from] psn\n|upkeep\n|turn|43\n|\n|t:|1636197020\n|switch|p2a: Corviknight|Corviknight, M|100\/100\n|-ability|p2a: Corviknight|Pressure\n|move|p1a: Quagsire|Recover|p1a: Quagsire\n|-heal|p1a: Quagsire|100\/100 tox\n|\n|-damage|p1a: Quagsire|88\/100 tox|[from] psn\n|upkeep\n|turn|44\n|\n|t:|1636197026\n|switch|p1a: Toxapex|Toxapex, F|100\/100\n|-damage|p1a: Toxapex|88\/100|[from] Stealth Rock\n|move|p2a: Corviknight|U-turn|p1a: Toxapex\n|-resisted|p1a: Toxapex\n|-damage|p1a: Toxapex|84\/100\n|\n|t:|1636197031\n|switch|p2a: Kyurem|Kyurem|91\/100|[from]move: U-turn\n|-ability|p2a: Kyurem|Pressure\n|\n|-heal|p1a: Toxapex|90\/100|[from] item: Black Sludge\n|upkeep\n|turn|45\n|\n|t:|1636197058\n|switch|p1a: Clefable|Clefable, M|94\/100\n|-damage|p1a: Clefable|82\/100|[from] Stealth Rock\n|move|p2a: Kyurem|Focus Blast|p1a: Clefable\n|-resisted|p1a: Clefable\n|-damage|p1a: Clefable|59\/100\n|\n|-heal|p1a: Clefable|65\/100|[from] item: Leftovers\n|upkeep\n|turn|46\n|\n|t:|1636197066\n|switch|p2a: Corviknight|Corviknight, M|100\/100\n|-ability|p2a: Corviknight|Pressure\n|move|p1a: Clefable|Stealth Rock|p2a: Corviknight\n|-sidestart|p2: Vkhss|move: Stealth Rock\n|\n|-heal|p1a: Clefable|71\/100|[from] item: Leftovers\n|upkeep\n|turn|47\n|\n|t:|1636197072\n|switch|p1a: Jirachi|Jirachi|20\/100\n|-damage|p1a: Jirachi|14\/100|[from] Stealth Rock\n|move|p2a: Corviknight|Defog|p1a: Jirachi\n|-unboost|p1a: Jirachi|evasion|1\n|-sideend|p1: kokoukohiro|Stealth Rock|[from] move: Defog|[of] p2a: Corviknight\n|-sideend|p2: Vkhss|Stealth Rock|[from] move: Defog|[of] p2a: Corviknight\n|\n|upkeep\n|turn|48\n|\n|t:|1636197080\n|move|p1a: Jirachi|Protect|p1a: Jirachi\n|-singleturn|p1a: Jirachi|Protect\n|move|p2a: Corviknight|U-turn|p1a: Jirachi\n|-activate|p1a: Jirachi|move: Protect\n|\n|upkeep\n|turn|49\n|\n|t:|1636197092\n|switch|p1a: Toxapex|Toxapex, F|100\/100\n|move|p2a: Corviknight|Brave Bird|p1a: Toxapex\n|-damage|p1a: Toxapex|78\/100\n|-damage|p2a: Corviknight|95\/100|[from] Recoil\n|\n|-heal|p2a: Corviknight|100\/100|[from] item: Leftovers\n|-heal|p1a: Toxapex|84\/100|[from] item: Black Sludge\n|upkeep\n|turn|50\n|\n|t:|1636197101\n|move|p2a: Corviknight|U-turn|p1a: Toxapex\n|-resisted|p1a: Toxapex\n|-damage|p1a: Toxapex|80\/100\n|\n|t:|1636197104\n|switch|p2a: Hippowdon|Hippowdon, M|100\/100|[from]move: U-turn\n|-weather|Sandstorm|[from] ability: Sand Stream|[of] p2a: Hippowdon\n|move|p1a: Toxapex|Knock Off|p2a: Hippowdon\n|-damage|p2a: Hippowdon|89\/100\n|-enditem|p2a: Hippowdon|Leftovers|[from] move: Knock Off|[of] p1a: Toxapex\n|\n|-weather|Sandstorm|[upkeep]\n|-damage|p1a: Toxapex|74\/100|[from] Sandstorm\n|-heal|p1a: Toxapex|80\/100|[from] item: Black Sludge\n|upkeep\n|turn|51\n|\n|t:|1636197123\n|switch|p1a: Chansey|Chansey, F|84\/100\n|move|p2a: Hippowdon|Stealth Rock|p1a: Chansey\n|-sidestart|p1: kokoukohiro|move: Stealth Rock\n|\n|-weather|Sandstorm|[upkeep]\n|-damage|p1a: Chansey|78\/100|[from] Sandstorm\n|upkeep\n|turn|52\n|\n|t:|1636197139\n|switch|p2a: Urshifu|Urshifu-Rapid-Strike, M|88\/100 tox\n|move|p1a: Chansey|Toxic|p2a: Urshifu\n|-fail|p2a: Urshifu|tox\n|\n|-weather|Sandstorm|[upkeep]\n|-damage|p2a: Urshifu|82\/100 tox|[from] Sandstorm\n|-damage|p1a: Chansey|71\/100|[from] Sandstorm\n|-damage|p2a: Urshifu|76\/100 tox|[from] psn\n|upkeep\n|turn|53\n|\n|t:|1636197145\n|switch|p1a: Toxapex|Toxapex, F|100\/100\n|-damage|p1a: Toxapex|88\/100|[from] Stealth Rock\n|move|p2a: Urshifu|U-turn|p1a: Toxapex\n|-resisted|p1a: Toxapex\n|-damage|p1a: Toxapex|77\/100\n|\n|t:|1636197150\n|switch|p2a: Kyurem|Kyurem|91\/100|[from]move: U-turn\n|-ability|p2a: Kyurem|Pressure\n|\n|-weather|Sandstorm|[upkeep]\n|-damage|p2a: Kyurem|85\/100|[from] Sandstorm\n|-damage|p1a: Toxapex|71\/100|[from] Sandstorm\n|-heal|p1a: Toxapex|77\/100|[from] item: Black Sludge\n|upkeep\n|turn|54\n|\n|t:|1636197161\n|switch|p2a: Urshifu|Urshifu-Rapid-Strike, M|76\/100 tox\n|switch|p1a: Chansey|Chansey, F|71\/100\n|-damage|p1a: Chansey|59\/100|[from] Stealth Rock\n|\n|-weather|none\n|-damage|p2a: Urshifu|70\/100 tox|[from] psn\n|upkeep\n|turn|55\n|\n|t:|1636197168\n|move|p2a: Urshifu|Surging Strikes|p1a: Chansey\n|-crit|p1a: Chansey\n|-damage|p1a: Chansey|39\/100\n|-crit|p1a: Chansey\n|-damage|p1a: Chansey|22\/100\n|-crit|p1a: Chansey\n|-damage|p1a: Chansey|3\/100\n|-hitcount|p1a: Chansey|3\n|move|p1a: Chansey|Soft-Boiled|p1a: Chansey\n|-heal|p1a: Chansey|53\/100\n|\n|-damage|p2a: Urshifu|57\/100 tox|[from] psn\n|upkeep\n|turn|56\n|\n|t:|1636197182\n|move|p2a: Urshifu|Surging Strikes|p1a: Chansey\n|-crit|p1a: Chansey\n|-damage|p1a: Chansey|34\/100\n|-crit|p1a: Chansey\n|-damage|p1a: Chansey|15\/100\n|-crit|p1a: Chansey\n|-damage|p1a: Chansey|0 fnt\n|faint|p1a: Chansey\n|-hitcount|p1: Chansey|3\n|\n|-damage|p2a: Urshifu|39\/100 tox|[from] psn\n|upkeep\n|-message|kokoukohiro forfeited.\n|\n|win|Vkhss\n|raw|kokoukohiro's rating: 1533 &rarr; <strong>1512<\/strong><br \/>(-21 for losing)\n|raw|Vkhss's rating: 1524 &rarr; <strong>1545<\/strong><br \/>(+21 for winning)\n|l|\u2606kokoukohiro\n","uploadtime":1636197224,"views":20,"p1id":"kokoukohiro","p2id":"vkhss","formatid":"gen8ou","rating":1512,"private":0,"password":null}