{"id":"gen8ou-1602064952","p1":"One Punch Mantyke","p2":"Oryen","format":"gen8ou","log":"|j|\u2606One Punch Mantyke\n|j|\u2606Oryen\n|inactive|Battle timer is ON: inactive players will automatically lose when time's up.\n|t:|1655929843\n|gametype|singles\n|player|p1|One Punch Mantyke|mrfuji-gen3|\n|player|p2|Oryen|bruno-gen1|\n|teamsize|p1|6\n|teamsize|p2|6\n|gen|8\n|tier|[Gen 8] OU\n|rated|Tournament battle\n|rule|Sleep Clause Mod: Limit one foe put to sleep\n|rule|Species Clause: Limit one of each Pok\u00e9mon\n|rule|OHKO Clause: OHKO moves are banned\n|rule|Evasion Moves Clause: Evasion moves are banned\n|rule|Endless Battle Clause: Forcing endless battles is banned\n|rule|HP Percentage Mod: HP is shown in percentages\n|rule|Dynamax Clause: You cannot dynamax\n|clearpoke\n|poke|p1|Sandshrew, F|\n|poke|p1|Minccino, M|\n|poke|p1|Spritzee, F|\n|poke|p1|Larvesta, M|\n|poke|p1|Machop, F|\n|poke|p1|Barraskewda, F|\n|poke|p2|Hatterene, F|\n|poke|p2|Farfetch\u2019d-Galar, M|\n|poke|p2|Nidoran-F, F|\n|poke|p2|Kabuto, F|\n|poke|p2|Slurpuff, F|\n|poke|p2|Yamper, M|\n|teampreview\n|j|*Lady Monita \u2600\n|j| erdmoney\n|c|\u2606One Punch Mantyke|gl man\n|c|\u2606Oryen|u2\n|\n|t:|1655929859\n|start\n|switch|p1a: TMNT Wannabe|Sandshrew, F, shiny|100\/100\n|switch|p2a: Kabuto|Kabuto, F|100\/100\n|turn|1\n|\n|t:|1655929867\n|move|p2a: Kabuto|Liquidation|p1a: TMNT Wannabe\n|-supereffective|p1a: TMNT Wannabe\n|-damage|p1a: TMNT Wannabe|45\/100\n|move|p1a: TMNT Wannabe|Earthquake|p2a: Kabuto\n|-supereffective|p2a: Kabuto\n|-enditem|p2a: Kabuto|Focus Sash\n|-damage|p2a: Kabuto|1\/100\n|-ability|p2a: Kabuto|Weak Armor|boost\n|-unboost|p2a: Kabuto|def|1\n|-boost|p2a: Kabuto|spe|2\n|\n|upkeep\n|turn|2\n|j| Kontiola\n|\n|t:|1655929877\n|switch|p1a: Barraskewda|Barraskewda, F|100\/100\n|move|p2a: Kabuto|Liquidation|p1a: Barraskewda\n|-resisted|p1a: Barraskewda\n|-damage|p1a: Barraskewda|67\/100\n|\n|upkeep\n|turn|3\n|\n|t:|1655929883\n|move|p2a: Kabuto|Knock Off|p1a: Barraskewda\n|-damage|p1a: Barraskewda|13\/100\n|-enditem|p1a: Barraskewda|Choice Band|[from] move: Knock Off|[of] p2a: Kabuto\n|move|p1a: Barraskewda|Flip Turn|p2a: Kabuto\n|-damage|p2a: Kabuto|0 fnt\n|faint|p2a: Kabuto\n|c|\u2606One Punch Mantyke|damn he's speedy at 2x\n|j| questionintellect\n|j| Nitrobinet\n|\n|t:|1655929901\n|switch|p1a: Minccino|Minccino, M|100\/100|[from]move: Flip Turn\n|\n|upkeep\n|l| Kontiola\n|\n|t:|1655929924\n|switch|p2a: Farfetch\u2019d|Farfetch\u2019d-Galar, M|100\/100\n|turn|4\n|inactive|One Punch Mantyke has 120 seconds left.\n|\n|t:|1655929968\n|move|p1a: Minccino|U-turn|p2a: Farfetch\u2019d\n|-resisted|p2a: Farfetch\u2019d\n|-damage|p2a: Farfetch\u2019d|83\/100\n|\n|t:|1655929975\n|switch|p1a: Larvesta|Larvesta, M|100\/100|[from]move: U-turn\n|move|p2a: Farfetch\u2019d|Close Combat|p1a: Larvesta\n|-resisted|p1a: Larvesta\n|-damage|p1a: Larvesta|68\/100\n|-unboost|p2a: Farfetch\u2019d|def|1\n|-unboost|p2a: Farfetch\u2019d|spd|1\n|\n|upkeep\n|turn|5\n|\n|t:|1655929984\n|switch|p2a: Yamper|Yamper, M|100\/100\n|move|p1a: Larvesta|Morning Sun|p1a: Larvesta\n|-heal|p1a: Larvesta|100\/100\n|\n|upkeep\n|turn|6\n|\n|t:|1655929987\n|move|p1a: Larvesta|Will-O-Wisp|p2a: Yamper\n|-status|p2a: Yamper|brn\n|move|p2a: Yamper|Nuzzle|p1a: Larvesta\n|-damage|p1a: Larvesta|97\/100\n|-status|p1a: Larvesta|par\n|\n|-damage|p2a: Yamper|94\/100 brn|[from] brn\n|upkeep\n|turn|7\n|\n|t:|1655930000\n|switch|p2a: Hatterene|Hatterene, F|100\/100\n|switch|p1a: TMNT Wannabe|Sandshrew, F, shiny|45\/100\n|\n|upkeep\n|turn|8\n|\n|t:|1655930008\n|move|p1a: TMNT Wannabe|Stealth Rock|p2a: Hatterene\n|move|p2a: Hatterene|Stealth Rock|p1a: TMNT Wannabe|[from]ability: Magic Bounce\n|-sidestart|p1: One Punch Mantyke|move: Stealth Rock\n|move|p2a: Hatterene|Calm Mind|p2a: Hatterene\n|-boost|p2a: Hatterene|spa|1\n|-boost|p2a: Hatterene|spd|1\n|\n|upkeep\n|turn|9\n|c|\u2606One Punch Mantyke|oh right\n|c|\u2606One Punch Mantyke|lmao\n|\n|t:|1655930017\n|move|p1a: TMNT Wannabe|Rapid Spin|p2a: Hatterene\n|-damage|p2a: Hatterene|90\/100\n|-boost|p1a: TMNT Wannabe|spe|1\n|-sideend|p1: One Punch Mantyke|Stealth Rock|[from] move: Rapid Spin|[of] p1a: TMNT Wannabe\n|move|p2a: Hatterene|Calm Mind|p2a: Hatterene\n|-boost|p2a: Hatterene|spa|1\n|-boost|p2a: Hatterene|spd|1\n|\n|-heal|p2a: Hatterene|96\/100|[from] item: Leftovers\n|upkeep\n|turn|10\n|\n|t:|1655930022\n|move|p1a: TMNT Wannabe|Knock Off|p2a: Hatterene\n|-damage|p2a: Hatterene|76\/100\n|-enditem|p2a: Hatterene|Leftovers|[from] move: Knock Off|[of] p1a: TMNT Wannabe\n|move|p2a: Hatterene|Draining Kiss|p1a: TMNT Wannabe\n|-damage|p1a: TMNT Wannabe|0 fnt\n|-heal|p2a: Hatterene|100\/100|[from] drain|[of] p1a: TMNT Wannabe\n|faint|p1a: TMNT Wannabe\n|\n|upkeep\n|\n|t:|1655930042\n|switch|p1a: Barraskewda|Barraskewda, F|13\/100\n|turn|11\n|\n|t:|1655930044\n|move|p1a: Barraskewda|Liquidation|p2a: Hatterene\n|-damage|p2a: Hatterene|61\/100\n|move|p2a: Hatterene|Draining Kiss|p1a: Barraskewda\n|-damage|p1a: Barraskewda|0 fnt\n|-heal|p2a: Hatterene|69\/100|[from] drain|[of] p1a: Barraskewda\n|faint|p1a: Barraskewda\n|\n|upkeep\n|l| Nitrobinet\n|j| Nitrobinet\n|\n|t:|1655930057\n|switch|p1a: Machop|Machop, F|100\/100\n|turn|12\n|\n|t:|1655930060\n|move|p1a: Machop|Dynamic Punch|p2a: Hatterene\n|-resisted|p2a: Hatterene\n|-damage|p2a: Hatterene|61\/100\n|-start|p2a: Hatterene|confusion\n|-activate|p2a: Hatterene|confusion\n|move|p2a: Hatterene|Draining Kiss|p1a: Machop\n|-supereffective|p1a: Machop\n|-enditem|p1a: Machop|Focus Sash\n|-damage|p1a: Machop|1\/100\n|-heal|p2a: Hatterene|100\/100|[from] drain|[of] p1a: Machop\n|\n|upkeep\n|turn|13\n|\n|t:|1655930068\n|move|p1a: Machop|Poison Jab|p2a: Hatterene\n|-supereffective|p2a: Hatterene\n|-damage|p2a: Hatterene|63\/100\n|-end|p2a: Hatterene|confusion\n|move|p2a: Hatterene|Draining Kiss|p1a: Machop\n|-supereffective|p1a: Machop\n|-damage|p1a: Machop|0 fnt\n|-heal|p2a: Hatterene|64\/100|[from] drain|[of] p1a: Machop\n|faint|p1a: Machop\n|\n|upkeep\n|c|\u2606One Punch Mantyke|damn 1 turn confusion\n|c|\u2606One Punch Mantyke|nice\n|c|\u2606One Punch Mantyke|gg\n|j|%Jadino bambino\n|c|\u2606Oryen|gg\n|\n|t:|1655930082\n|switch|p1a: Spritzee|Spritzee, F, shiny|100\/100\n|turn|14\n|\n|t:|1655930086\n|move|p2a: Hatterene|Draining Kiss|p1a: Spritzee\n|-damage|p1a: Spritzee|61\/100\n|-heal|p2a: Hatterene|97\/100|[from] drain|[of] p1a: Spritzee\n|move|p1a: Spritzee|Calm Mind|p1a: Spritzee\n|-boost|p1a: Spritzee|spa|1\n|-boost|p1a: Spritzee|spd|1\n|\n|upkeep\n|turn|15\n|\n|t:|1655930089\n|move|p2a: Hatterene|Psyshock|p1a: Spritzee\n|-damage|p1a: Spritzee|18\/100\n|move|p1a: Spritzee|Calm Mind|p1a: Spritzee\n|-boost|p1a: Spritzee|spa|1\n|-boost|p1a: Spritzee|spd|1\n|\n|upkeep\n|turn|16\n|-message|One Punch Mantyke forfeited.\n|\n|win|Oryen\n|n|\u2606One Punch Mantyke|onepunchmantyke\n|n|\u2606Oryen|oryen\n|n|*Lady Monita \u2600|ladymonita\n|n| erdmoney|erdmoney\n|n| questionintellect|questionintellect\n|n| Nitrobinet|nitrobinet\n|n| Jadino bambino|jadinobambino\n","uploadtime":1655930095,"views":26,"p1id":"onepunchmantyke","p2id":"oryen","formatid":"gen8ou","rating":0,"private":0,"password":null}