{"id":"gen8ubers-1122544601","p1":"Blue chen","p2":"Redok de Galar","format":"gen8ubers","log":"|j|\u2606Blue chen\n|j|\u2606Redok de Galar\n|player|p1|Blue chen|karen|1709\n|player|p2|Redok de Galar|ethan-gen2|1405\n|teamsize|p1|6\n|teamsize|p2|6\n|gametype|singles\n|gen|8\n|tier|[Gen 8] Ubers\n|rated|\n|clearpoke\n|poke|p1|Drednaw, M|\n|poke|p1|Pelipper, M|\n|poke|p1|Eternatus|\n|poke|p1|Hydreigon, M|\n|poke|p1|Necrozma-Dusk-Mane|\n|poke|p1|Zacian-Crowned|\n|poke|p2|Clefable, F|\n|poke|p2|Charizard, M|\n|poke|p2|Mewtwo|\n|poke|p2|Quagsire, M|\n|poke|p2|Flygon, M|\n|poke|p2|Melmetal|\n|rule|Sleep Clause Mod: Limit one foe put to sleep\n|rule|Species Clause: Limit one of each Pok\u00e9mon\n|rule|OHKO Clause: OHKO moves are banned\n|rule|Evasion Moves Clause: Evasion moves are banned\n|rule|Endless Battle Clause: Forcing endless battles is banned\n|rule|HP Percentage Mod: HP is shown in percentages\n|html|Ubers Dynamax Clause: Pok\u00e9mon on the <a href=\"https:\/\/www.smogon.com\/dex\/ss\/formats\/uber\/\">Ubers Dynamax Banlist<\/a> cannot Dynamax.\n|teampreview\n|\n|start\n|switch|p1a: Pelipper|Pelipper, M|100\/100\n|switch|p2a: Mewtwo|Mewtwo|100\/100\n|-ability|p2a: Mewtwo|Pressure\n|-weather|RainDance|[from] ability: Drizzle|[of] p1a: Pelipper\n|turn|1\n|\n|move|p2a: Mewtwo|Thunderbolt|p1a: Pelipper\n|-supereffective|p1a: Pelipper\n|-damage|p1a: Pelipper|0 fnt\n|faint|p1a: Pelipper\n|\n|-weather|RainDance|[upkeep]\n|upkeep\n|\n|switch|p1a: Drednaw|Drednaw, M|100\/100\n|turn|2\n|\n|switch|p2a: Quagsire|Quagsire, M|100\/100\n|-start|p1a: Drednaw|Dynamax\n|-formechange|p1a: Drednaw|Drednaw-Gmax\n|-heal|p1a: Drednaw|100\/100|[silent]\n|move|p1a: Drednaw|G-Max Stonesurge|p2a: Quagsire\n|-immune|p2a: Quagsire|[from] ability: Water Absorb\n|\n|-weather|RainDance|[upkeep]\n|upkeep\n|turn|3\n|\n|move|p1a: Drednaw|Max Knuckle|p2a: Quagsire\n|-damage|p2a: Quagsire|72\/100\n|-boost|p1a: Drednaw|atk|1\n|-damage|p1a: Drednaw|96\/100|[from] item: Life Orb\n|move|p2a: Quagsire|Counter|p1a: Drednaw\n|-damage|p1a: Drednaw|60\/100\n|\n|-weather|RainDance|[upkeep]\n|-heal|p2a: Quagsire|78\/100|[from] item: Leftovers\n|upkeep\n|turn|4\n|\n|move|p1a: Drednaw|Max Quake|p2a: Quagsire\n|-damage|p2a: Quagsire|14\/100\n|-boost|p1a: Drednaw|spd|1\n|-damage|p1a: Drednaw|55\/100|[from] item: Life Orb\n|move|p2a: Quagsire|Haze|p2a: Quagsire\n|-clearallboost\n|\n|-weather|RainDance|[upkeep]\n|-heal|p2a: Quagsire|20\/100|[from] item: Leftovers\n|-end|p1a: Drednaw|Dynamax\n|-formechange|p1a: Drednaw|Drednaw\n|-heal|p1a: Drednaw|55\/100|[silent]\n|upkeep\n|turn|5\n|\n|move|p1a: Drednaw|Earthquake|p2a: Quagsire\n|-damage|p2a: Quagsire|0 fnt\n|-damage|p1a: Drednaw|45\/100|[from] item: Life Orb\n|faint|p2a: Quagsire\n|\n|-weather|RainDance|[upkeep]\n|upkeep\n|\n|switch|p2a: Melmetal|Melmetal|100\/100\n|turn|6\n|\n|move|p1a: Drednaw|Superpower|p2a: Melmetal\n|-supereffective|p2a: Melmetal\n|-crit|p2a: Melmetal\n|-damage|p2a: Melmetal|23\/100\n|-unboost|p1a: Drednaw|atk|1\n|-unboost|p1a: Drednaw|def|1\n|-damage|p1a: Drednaw|35\/100|[from] item: Life Orb\n|move|p2a: Melmetal|Earthquake|p1a: Drednaw\n|-supereffective|p1a: Drednaw\n|-damage|p1a: Drednaw|0 fnt\n|faint|p1a: Drednaw\n|\n|-weather|RainDance|[upkeep]\n|upkeep\n|\n|switch|p1a: Hydreigon|Hydreigon, M|100\/100\n|turn|7\n|\n|move|p1a: Hydreigon|Substitute|p1a: Hydreigon\n|-start|p1a: Hydreigon|Substitute\n|-damage|p1a: Hydreigon|76\/100\n|move|p2a: Melmetal|Double Iron Bash|p1a: Hydreigon\n|-end|p1a: Hydreigon|Substitute\n|-damage|p1a: Hydreigon|23\/100\n|-hitcount|p1a: Hydreigon|2\n|\n|-weather|RainDance|[upkeep]\n|-heal|p1a: Hydreigon|29\/100|[from] item: Leftovers\n|upkeep\n|turn|8\n|\n|move|p1a: Hydreigon|Dark Pulse|p2a: Melmetal\n|-damage|p2a: Melmetal|0 fnt\n|faint|p2a: Melmetal\n|\n|-weather|none\n|-heal|p1a: Hydreigon|35\/100|[from] item: Leftovers\n|upkeep\n|\n|switch|p2a: Flygon|Flygon, M|100\/100\n|turn|9\n|\n|switch|p1a: Zacian|Zacian-Crowned|100\/100\n|-ability|p1a: Zacian|Intrepid Sword|boost\n|-boost|p1a: Zacian|atk|1\n|move|p2a: Flygon|U-turn|p1a: Zacian\n|-resisted|p1a: Zacian\n|-damage|p1a: Zacian|96\/100\n|\n|switch|p2a: Mewtwo|Mewtwo|100\/100|[from]move: U-turn\n|-ability|p2a: Mewtwo|Pressure\n|\n|upkeep\n|turn|10\n|\n|switch|p1a: Hydreigon|Hydreigon, M|35\/100\n|move|p2a: Mewtwo|Fire Blast|p1a: Hydreigon\n|-resisted|p1a: Hydreigon\n|-damage|p1a: Hydreigon|6\/100\n|\n|-heal|p1a: Hydreigon|12\/100|[from] item: Leftovers\n|upkeep\n|turn|11\n|\n|switch|p1a: Eternatus|Eternatus|100\/100\n|-ability|p1a: Eternatus|Pressure\n|move|p2a: Mewtwo|Fire Blast|p1a: Eternatus\n|-resisted|p1a: Eternatus\n|-damage|p1a: Eternatus|82\/100\n|\n|-heal|p1a: Eternatus|88\/100|[from] item: Black Sludge\n|upkeep\n|turn|12\n|\n|switch|p2a: Clefable|Clefable, F|100\/100\n|move|p1a: Eternatus|Toxic|p2a: Clefable\n|-status|p2a: Clefable|tox\n|\n|-heal|p1a: Eternatus|94\/100|[from] item: Black Sludge\n|-damage|p2a: Clefable|94\/100 tox|[from] psn\n|upkeep\n|turn|13\n|\n|switch|p1a: Necrozma|Necrozma-Dusk-Mane|100\/100\n|move|p2a: Clefable|Zap Cannon|p1a: Necrozma|[miss]\n|-miss|p2a: Clefable|p1a: Necrozma\n|-enditem|p2a: Clefable|Blunder Policy\n|-boost|p2a: Clefable|spe|2\n|\n|-damage|p2a: Clefable|82\/100 tox|[from] psn\n|upkeep\n|turn|14\n|\n|move|p2a: Clefable|Fire Blast|p1a: Necrozma\n|-supereffective|p1a: Necrozma\n|-damage|p1a: Necrozma|61\/100\n|move|p1a: Necrozma|Sunsteel Strike|p2a: Clefable\n|-supereffective|p2a: Clefable\n|-damage|p2a: Clefable|0 fnt\n|faint|p2a: Clefable\n|\n|-heal|p1a: Necrozma|67\/100|[from] item: Leftovers\n|upkeep\n|\n|switch|p2a: Charizard|Charizard, M|100\/100\n|turn|15\n|\n|switch|p1a: Hydreigon|Hydreigon, M|12\/100\n|move|p2a: Charizard|Dragon Dance|p2a: Charizard\n|-boost|p2a: Charizard|atk|1\n|-boost|p2a: Charizard|spe|1\n|\n|-heal|p1a: Hydreigon|19\/100|[from] item: Leftovers\n|upkeep\n|turn|16\n|\n|-start|p2a: Charizard|Dynamax\n|-formechange|p2a: Charizard|Charizard-Gmax\n|-heal|p2a: Charizard|100\/100|[silent]\n|move|p2a: Charizard|Max Knuckle|p1a: Hydreigon\n|-supereffective|p1a: Hydreigon\n|-damage|p1a: Hydreigon|0 fnt\n|-boost|p2a: Charizard|atk|1\n|faint|p1a: Hydreigon\n|\n|upkeep\n|\n|switch|p1a: Necrozma|Necrozma-Dusk-Mane|67\/100\n|turn|17\n|\n|move|p2a: Charizard|G-Max Wildfire|p1a: Necrozma\n|-supereffective|p1a: Necrozma\n|-damage|p1a: Necrozma|0 fnt\n|-sidestart|p1: Blue chen|G-Max Wildfire\n|faint|p1a: Necrozma\n|\n|upkeep\n|\n|switch|p1a: Zacian|Zacian-Crowned|96\/100\n|-ability|p1a: Zacian|Intrepid Sword|boost\n|-boost|p1a: Zacian|atk|1\n|turn|18\n|\n|move|p2a: Charizard|G-Max Wildfire|p1a: Zacian\n|-supereffective|p1a: Zacian\n|-damage|p1a: Zacian|0 fnt\n|faint|p1a: Zacian\n|\n|-end|p2a: Charizard|Dynamax\n|-formechange|p2a: Charizard|Charizard\n|-heal|p2a: Charizard|100\/100|[silent]\n|upkeep\n|-message|Blue chen forfeited.\n|\n|win|Redok de Galar\n|l|\u2606Blue chen\n|raw|Blue chen's rating: 1709 &rarr; <strong>1675<\/strong><br \/>(-34 for losing)\n|raw|Redok de Galar's rating: 1405 &rarr; <strong>1439<\/strong><br \/>(+34 for winning)\n","uploadtime":1590653136,"views":14,"p1id":"bluechen","p2id":"redokdegalar","formatid":"gen8ubers","rating":1439,"private":0,"password":null}