{"id":"gen8ou-1232778809","p1":"bulchasqu","p2":"Burnt Bright","format":"gen8ou","log":"|j|\u2606bulchasqu\n|j|\u2606Burnt Bright\n|t:|1606523107\n|player|p1|bulchasqu|lucas|1943\n|player|p2|Burnt Bright|parasollady-gen4|1831\n|teamsize|p1|6\n|teamsize|p2|6\n|gametype|singles\n|gen|8\n|tier|[Gen 8] OU\n|rated|\n|clearpoke\n|poke|p1|Garchomp, F|\n|poke|p1|Kartana|\n|poke|p1|Azumarill, M|\n|poke|p1|Pelipper, M|\n|poke|p1|Latios, M|\n|poke|p1|Diggersby, M|\n|poke|p2|Rillaboom, M|\n|poke|p2|Magearna|\n|poke|p2|Salamence, F|\n|poke|p2|Swampert, F|\n|poke|p2|Zeraora|\n|poke|p2|Latios, M|\n|rule|Sleep Clause Mod: Limit one foe put to sleep\n|rule|Species Clause: Limit one of each Pok\u00e9mon\n|rule|OHKO Clause: OHKO moves are banned\n|rule|Evasion Moves Clause: Evasion moves are banned\n|rule|Endless Battle Clause: Forcing endless battles is banned\n|rule|HP Percentage Mod: HP is shown in percentages\n|rule|Dynamax Clause: You cannot dynamax\n|teampreview\n|j| hgdebjyed\n|j| ppev\n|inactive|Battle timer is ON: inactive players will automatically lose when time's up. (requested by bulchasqu)\n|j| Vessev\n|\n|t:|1606523129\n|start\n|switch|p1a: Garchomp|Garchomp, F|100\/100\n|switch|p2a: Rillaboom|Rillaboom, M|100\/100\n|-fieldstart|move: Grassy Terrain|[from] ability: Grassy Surge|[of] p2a: Rillaboom\n|turn|1\n|\n|t:|1606523135\n|move|p1a: Garchomp|Stealth Rock|p2a: Rillaboom\n|-sidestart|p2: Burnt Bright|move: Stealth Rock\n|move|p2a: Rillaboom|U-turn|p1a: Garchomp\n|-damage|p1a: Garchomp|58\/100\n|-damage|p2a: Rillaboom|88\/100|[from] ability: Rough Skin|[of] p1a: Garchomp\n|\n|t:|1606523156\n|switch|p2a: Latios|Latios, M|100\/100|[from]move: U-turn\n|-damage|p2a: Latios|88\/100|[from] Stealth Rock\n|\n|-heal|p1a: Garchomp|64\/100|[from] Grassy Terrain\n|upkeep\n|turn|2\n|\n|t:|1606523164\n|switch|p1a: Azumarill|Azumarill, M|100\/100\n|move|p2a: Latios|Psychic|p1a: Azumarill\n|-damage|p1a: Azumarill|59\/100\n|-damage|p2a: Latios|78\/100|[from] item: Life Orb\n|\n|-heal|p1a: Azumarill|65\/100|[from] Grassy Terrain\n|upkeep\n|turn|3\n|\n|t:|1606523172\n|switch|p2a: Magearna|Magearna|100\/100\n|-damage|p2a: Magearna|94\/100|[from] Stealth Rock\n|move|p1a: Azumarill|Knock Off|p2a: Magearna\n|-resisted|p2a: Magearna\n|-damage|p2a: Magearna|77\/100\n|-enditem|p2a: Magearna|Leftovers|[from] move: Knock Off|[of] p1a: Azumarill\n|\n|-heal|p2a: Magearna|83\/100|[from] Grassy Terrain\n|-heal|p1a: Azumarill|71\/100|[from] Grassy Terrain\n|upkeep\n|turn|4\n|\n|t:|1606523182\n|move|p2a: Magearna|Aura Sphere|p1a: Azumarill\n|-resisted|p1a: Azumarill\n|-damage|p1a: Azumarill|61\/100\n|move|p1a: Azumarill|Liquidation|p2a: Magearna\n|-damage|p2a: Magearna|38\/100\n|\n|-heal|p2a: Magearna|44\/100|[from] Grassy Terrain\n|-heal|p1a: Azumarill|67\/100|[from] Grassy Terrain\n|upkeep\n|turn|5\n|\n|t:|1606523196\n|switch|p1a: Garchomp|Garchomp, F|64\/100\n|move|p2a: Magearna|Draining Kiss|p1a: Garchomp\n|-supereffective|p1a: Garchomp\n|-damage|p1a: Garchomp|0 fnt\n|-heal|p2a: Magearna|91\/100|[from] drain|[of] p1a: Garchomp\n|-damage|p2a: Magearna|79\/100|[from] ability: Rough Skin|[of] p1a: Garchomp\n|faint|p1a: Garchomp\n|-ability|p2a: Magearna|Soul-Heart|boost\n|-boost|p2a: Magearna|spa|1\n|\n|-heal|p2a: Magearna|85\/100|[from] Grassy Terrain\n|-fieldend|move: Grassy Terrain\n|upkeep\n|\n|t:|1606523201\n|switch|p1a: Diggersby|Diggersby, M|100\/100\n|turn|6\n|\n|t:|1606523204\n|switch|p2a: Salamence|Salamence, F|100\/100\n|-ability|p2a: Salamence|Intimidate|boost\n|-unboost|p1a: Diggersby|atk|1\n|move|p1a: Diggersby|Swords Dance|p1a: Diggersby\n|-boost|p1a: Diggersby|atk|2\n|\n|upkeep\n|turn|7\n|\n|t:|1606523208\n|move|p1a: Diggersby|Body Slam|p2a: Salamence\n|-damage|p2a: Salamence|23\/100\n|-damage|p1a: Diggersby|91\/100|[from] item: Life Orb\n|move|p2a: Salamence|Defog|p1a: Diggersby\n|-unboost|p1a: Diggersby|evasion|1\n|-sideend|p2: Burnt Bright|Stealth Rock|[from] move: Defog|[of] p2a: Salamence\n|\n|upkeep\n|turn|8\n|\n|t:|1606523219\n|switch|p2a: Swampert|Swampert, F|100\/100\n|move|p1a: Diggersby|Body Slam|p2a: Swampert\n|-damage|p2a: Swampert|0 fnt\n|-damage|p1a: Diggersby|81\/100|[from] item: Life Orb\n|faint|p2a: Swampert\n|\n|upkeep\n|\n|t:|1606523234\n|switch|p2a: Zeraora|Zeraora|100\/100\n|turn|9\n|\n|t:|1606523239\n|move|p1a: Diggersby|Quick Attack|p2a: Zeraora\n|-damage|p2a: Zeraora|14\/100\n|-damage|p1a: Diggersby|71\/100|[from] item: Life Orb\n|move|p2a: Zeraora|Close Combat|p1a: Diggersby\n|-supereffective|p1a: Diggersby\n|-damage|p1a: Diggersby|0 fnt\n|-unboost|p2a: Zeraora|def|1\n|-unboost|p2a: Zeraora|spd|1\n|faint|p1a: Diggersby\n|\n|upkeep\n|\n|t:|1606523242\n|switch|p1a: Azumarill|Azumarill, M|67\/100\n|turn|10\n|j| Jongruenwald\n|\n|t:|1606523257\n|switch|p2a: Rillaboom|Rillaboom, M|88\/100\n|-fieldstart|move: Grassy Terrain|[from] ability: Grassy Surge|[of] p2a: Rillaboom\n|move|p1a: Azumarill|Knock Off|p2a: Rillaboom\n|-damage|p2a: Rillaboom|44\/100\n|-enditem|p2a: Rillaboom|Choice Band|[from] move: Knock Off|[of] p1a: Azumarill\n|\n|-heal|p2a: Rillaboom|50\/100|[from] Grassy Terrain\n|-heal|p1a: Azumarill|73\/100|[from] Grassy Terrain\n|upkeep\n|turn|11\n|\n|t:|1606523267\n|switch|p1a: Kartana|Kartana|100\/100\n|move|p2a: Rillaboom|U-turn|p1a: Kartana\n|-damage|p1a: Kartana|72\/100\n|\n|t:|1606523274\n|switch|p2a: Magearna|Magearna|85\/100|[from]move: U-turn\n|\n|-heal|p1a: Kartana|78\/100|[from] Grassy Terrain\n|-heal|p2a: Magearna|91\/100|[from] Grassy Terrain\n|upkeep\n|turn|12\n|\n|t:|1606523279\n|switch|p1a: Pelipper|Pelipper, M|100\/100\n|-weather|RainDance|[from] ability: Drizzle|[of] p1a: Pelipper\n|move|p2a: Magearna|Aura Sphere|p1a: Pelipper\n|-resisted|p1a: Pelipper\n|-damage|p1a: Pelipper|75\/100\n|\n|-weather|RainDance|[upkeep]\n|-heal|p2a: Magearna|97\/100|[from] Grassy Terrain\n|upkeep\n|turn|13\n|\n|t:|1606523284\n|move|p1a: Pelipper|Weather Ball|p2a: Magearna\n|-damage|p2a: Magearna|5\/100\n|move|p2a: Magearna|Thunderbolt|p1a: Pelipper\n|-supereffective|p1a: Pelipper\n|-damage|p1a: Pelipper|0 fnt\n|faint|p1a: Pelipper\n|-ability|p2a: Magearna|Soul-Heart|boost\n|-boost|p2a: Magearna|spa|1\n|\n|-weather|RainDance|[upkeep]\n|-heal|p2a: Magearna|12\/100|[from] Grassy Terrain\n|upkeep\n|\n|t:|1606523298\n|switch|p1a: Kartana|Kartana|78\/100\n|turn|14\n|\n|t:|1606523306\n|move|p1a: Kartana|Knock Off|p2a: Magearna\n|-resisted|p2a: Magearna\n|-damage|p2a: Magearna|0 fnt\n|-damage|p1a: Kartana|68\/100|[from] item: Life Orb\n|faint|p2a: Magearna\n|-ability|p1a: Kartana|Beast Boost|boost\n|-boost|p1a: Kartana|atk|1\n|\n|-weather|RainDance|[upkeep]\n|-heal|p1a: Kartana|74\/100|[from] Grassy Terrain\n|-fieldend|move: Grassy Terrain\n|upkeep\n|j| blessed days\n|\n|t:|1606523328\n|switch|p2a: Rillaboom|Rillaboom, M|50\/100\n|-fieldstart|move: Grassy Terrain|[from] ability: Grassy Surge|[of] p2a: Rillaboom\n|turn|15\n|\n|t:|1606523333\n|move|p1a: Kartana|Leaf Blade|p2a: Rillaboom\n|-resisted|p2a: Rillaboom\n|-damage|p2a: Rillaboom|0 fnt\n|-damage|p1a: Kartana|65\/100|[from] item: Life Orb\n|faint|p2a: Rillaboom\n|-ability|p1a: Kartana|Beast Boost|boost\n|-boost|p1a: Kartana|atk|1\n|\n|-weather|RainDance|[upkeep]\n|-heal|p1a: Kartana|71\/100|[from] Grassy Terrain\n|upkeep\n|\n|t:|1606523338\n|switch|p2a: Latios|Latios, M|78\/100\n|turn|16\n|j| Rion Tac\n|\n|t:|1606523358\n|switch|p1a: Azumarill|Azumarill, M|73\/100\n|move|p2a: Latios|Psychic|p1a: Azumarill\n|-damage|p1a: Azumarill|33\/100\n|-damage|p2a: Latios|68\/100|[from] item: Life Orb\n|\n|-weather|none\n|-heal|p1a: Azumarill|39\/100|[from] Grassy Terrain\n|upkeep\n|turn|17\n|\n|t:|1606523364\n|move|p1a: Azumarill|Aqua Jet|p2a: Latios\n|-resisted|p2a: Latios\n|-damage|p2a: Latios|51\/100\n|move|p2a: Latios|Psychic|p1a: Azumarill\n|-damage|p1a: Azumarill|0 fnt\n|-damage|p2a: Latios|41\/100|[from] item: Life Orb\n|faint|p1a: Azumarill\n|\n|upkeep\n|\n|t:|1606523366\n|switch|p1a: Latios|Latios, M|100\/100\n|turn|18\n|\n|t:|1606523372\n|move|p1a: Latios|Draco Meteor|p2a: Latios|[miss]\n|-miss|p1a: Latios|p2a: Latios\n|move|p2a: Latios|Draco Meteor|p1a: Latios\n|-supereffective|p1a: Latios\n|-damage|p1a: Latios|0 fnt\n|-unboost|p2a: Latios|spa|2\n|-damage|p2a: Latios|31\/100|[from] item: Life Orb\n|faint|p1a: Latios\n|\n|upkeep\n|\n|t:|1606523375\n|switch|p1a: Kartana|Kartana|71\/100\n|turn|19\n|j| Jynx Nuggets\n|c|\u2606Burnt Bright|oof\n|\n|t:|1606523381\n|switch|p2a: Salamence|Salamence, F|23\/100\n|-ability|p2a: Salamence|Intimidate|boost\n|-unboost|p1a: Kartana|atk|1\n|move|p1a: Kartana|Knock Off|p2a: Salamence\n|-damage|p2a: Salamence|0 fnt\n|-enditem|p2a: Salamence|Heavy-Duty Boots|[from] move: Knock Off|[of] p1a: Kartana\n|-damage|p1a: Kartana|61\/100|[from] item: Life Orb\n|faint|p2a: Salamence\n|-ability|p1a: Kartana|Beast Boost|boost\n|-boost|p1a: Kartana|atk|1\n|\n|-heal|p1a: Kartana|67\/100|[from] Grassy Terrain\n|-fieldend|move: Grassy Terrain\n|upkeep\n|\n|t:|1606523384\n|switch|p2a: Latios|Latios, M|31\/100\n|turn|20\n|-message|bulchasqu forfeited.\n|\n|win|Burnt Bright\n|l|\u2606bulchasqu\n|l| hgdebjyed\n|l| Rion Tac\n|l|\u2606Burnt Bright\n","uploadtime":1606523416,"views":41,"p1id":"bulchasqu","p2id":"burntbright","formatid":"gen8ou","rating":0,"private":0,"password":null}