{"id":"gen8sharedpower-1097387181","p1":"Golden COVID 7","p2":"ferromolybdenum","format":"gen8sharedpower","log":"|j|\u2606Golden COVID 7\n|j|\u2606ferromolybdenum\n|player|p1|Golden COVID 7|rood|1089\n|player|p2|ferromolybdenum|lucas|1368\n|teamsize|p1|6\n|teamsize|p2|6\n|gametype|singles\n|gen|8\n|tier|[Gen 8] Shared Power\n|rated|\n|clearpoke\n|poke|p1|Darmanitan, F|\n|poke|p1|Rhydon, F|\n|poke|p1|Barbaracle, M|\n|poke|p1|Basculin, M|\n|poke|p1|Obstagoon, F|\n|poke|p1|Steelix, M|\n|poke|p2|Darmanitan, F|\n|poke|p2|Gengar, M|\n|poke|p2|Hydreigon, F|\n|poke|p2|Tsareena, F|\n|poke|p2|Drifblim, F|\n|poke|p2|Jolteon, F|\n|rule|Sleep Clause Mod: Limit one foe put to sleep\n|rule|Species Clause: Limit one of each Pok\u00e9mon\n|rule|OHKO Clause: OHKO moves are banned\n|rule|Evasion Moves Clause: Evasion moves are banned\n|rule|Endless Battle Clause: Forcing endless battles is banned\n|rule|HP Percentage Mod: HP is shown in percentages\n|rule|Dynamax Clause: You cannot dynamax\n|teampreview\n|j| Scratcher260\n|\n|start\n|switch|p1a: Rhydon|Rhydon, F, shiny|100\/100\n|switch|p2a: Drifblim|Drifblim, F|100\/100\n|turn|1\n|l| Scratcher260\n|\n|switch|p1a: Basculin|Basculin, M, shiny|100\/100\n|move|p2a: Drifblim|Will-O-Wisp|p1a: Basculin\n|-status|p1a: Basculin|brn\n|\n|-damage|p1a: Basculin|94\/100 brn|[from] brn\n|upkeep\n|turn|2\n|\n|move|p1a: Basculin|Head Smash|p2a: Drifblim|[miss]\n|-miss|p1a: Basculin|p2a: Drifblim\n|move|p2a: Drifblim|Hex|p1a: Basculin\n|-damage|p1a: Basculin|19\/100 brn\n|\n|-damage|p1a: Basculin|13\/100 brn|[from] brn\n|upkeep\n|turn|3\n|\n|move|p1a: Basculin|Head Smash|p2a: Drifblim|[miss]\n|-miss|p1a: Basculin|p2a: Drifblim\n|move|p2a: Drifblim|Strength Sap|p1a: Basculin\n|-unboost|p1a: Basculin|atk|1\n|\n|-damage|p1a: Basculin|7\/100 brn|[from] brn\n|upkeep\n|turn|4\n|\n|move|p1a: Basculin|Head Smash|p2a: Drifblim\n|-supereffective|p2a: Drifblim\n|-damage|p2a: Drifblim|45\/100\n|move|p2a: Drifblim|Hex|p1a: Basculin\n|-damage|p1a: Basculin|0 fnt\n|faint|p1a: Basculin\n|\n|upkeep\n|\n|switch|p1a: Barbaracle|Barbaracle, M, shiny|100\/100\n|turn|5\n|\n|move|p2a: Drifblim|Will-O-Wisp|p1a: Barbaracle\n|-status|p1a: Barbaracle|brn\n|move|p1a: Barbaracle|Shell Smash|p1a: Barbaracle\n|-unboost|p1a: Barbaracle|def|1\n|-unboost|p1a: Barbaracle|spd|1\n|-boost|p1a: Barbaracle|atk|2\n|-boost|p1a: Barbaracle|spa|2\n|-boost|p1a: Barbaracle|spe|2\n|\n|-damage|p1a: Barbaracle|95\/100 brn|[from] brn\n|upkeep\n|turn|6\n|\n|move|p1a: Barbaracle|Liquidation|p2a: Drifblim\n|-damage|p2a: Drifblim|0 fnt\n|-damage|p1a: Barbaracle|85\/100 brn|[from] item: Life Orb\n|faint|p2a: Drifblim\n|\n|-damage|p1a: Barbaracle|79\/100 brn|[from] brn\n|upkeep\n|\n|switch|p2a: Jolteon|Jolteon, F|100\/100\n|turn|7\n|\n|move|p2a: Jolteon|Protect|p2a: Jolteon\n|-singleturn|p2a: Jolteon|Protect\n|move|p1a: Barbaracle|Liquidation|p2a: Jolteon\n|-activate|p2a: Jolteon|move: Protect\n|\n|-damage|p1a: Barbaracle|73\/100 brn|[from] brn\n|-status|p2a: Jolteon|brn|[from] item: Flame Orb\n|upkeep\n|turn|8\n|\n|move|p2a: Jolteon|Thunderbolt|p1a: Barbaracle\n|-supereffective|p1a: Barbaracle\n|-damage|p1a: Barbaracle|0 fnt\n|faint|p1a: Barbaracle\n|\n|-damage|p2a: Jolteon|95\/100 brn|[from] brn\n|upkeep\n|\n|switch|p1a: Steelix|Steelix, M, shiny|100\/100\n|turn|9\n|\n|switch|p2a: Darmanitan|Darmanitan, F|100\/100\n|move|p1a: Steelix|Sunny Day|p1a: Steelix\n|-weather|SunnyDay\n|\n|-weather|SunnyDay|[upkeep]\n|upkeep\n|turn|10\n|\n|move|p2a: Darmanitan|Flare Blitz|p1a: Steelix\n|-supereffective|p1a: Steelix\n|-crit|p1a: Steelix\n|-ability|p1a: Steelix|Sturdy\n|-damage|p1a: Steelix|1\/100\n|-damage|p2a: Darmanitan|67\/100|[from] Recoil\n|move|p1a: Steelix|Explosion|p2a: Darmanitan\n|-damage|p2a: Darmanitan|0 fnt\n|faint|p1a: Steelix\n|faint|p2a: Darmanitan\n|\n|-weather|SunnyDay|[upkeep]\n|upkeep\n|\n|switch|p2a: Jolteon|Jolteon, F|95\/100 brn\n|switch|p1a: Obstagoon|Obstagoon, F, shiny|100\/100\n|turn|11\n|\n|move|p2a: Jolteon|Thunderbolt|p1a: Obstagoon\n|-ability|p1a: Obstagoon|Sturdy\n|-damage|p1a: Obstagoon|1\/100\n|move|p1a: Obstagoon|Double-Edge|p2a: Jolteon\n|-damage|p2a: Jolteon|0 fnt\n|-damage|p1a: Obstagoon|0 fnt|[from] item: Life Orb\n|faint|p2a: Jolteon\n|faint|p1a: Obstagoon\n|\n|-weather|SunnyDay|[upkeep]\n|upkeep\n|\n|switch|p2a: Hydreigon|Hydreigon, F|100\/100\n|switch|p1a: Darmanitan|Darmanitan, F, shiny|100\/100\n|turn|12\n|\n|switch|p2a: Tsareena|Tsareena, F|100\/100\n|move|p1a: Darmanitan|Flare Blitz|p2a: Tsareena\n|-supereffective|p2a: Tsareena\n|-damage|p2a: Tsareena|0 fnt\n|faint|p2a: Tsareena\n|\n|-weather|SunnyDay|[upkeep]\n|upkeep\n|\n|switch|p2a: Gengar|Gengar, M|100\/100\n|turn|13\n|\n|move|p2a: Gengar|Protect|p2a: Gengar\n|-singleturn|p2a: Gengar|Protect\n|move|p1a: Darmanitan|Flare Blitz|p2a: Gengar\n|-activate|p2a: Gengar|move: Protect\n|\n|-weather|SunnyDay|[upkeep]\n|-status|p2a: Gengar|brn|[from] item: Flame Orb\n|upkeep\n|turn|14\n|\n|move|p2a: Gengar|Sludge Wave|p1a: Darmanitan\n|-ability|p1a: Darmanitan|Sturdy\n|-damage|p1a: Darmanitan|1\/100\n|move|p1a: Darmanitan|Flare Blitz|p2a: Gengar\n|-damage|p2a: Gengar|0 fnt\n|-start|p1a: Darmanitan|Disable|Flare Blitz|[from] ability: Cursed Body|[of] p2a: Gengar\n|faint|p2a: Gengar\n|\n|-weather|SunnyDay|[upkeep]\n|upkeep\n|\n|switch|p2a: Hydreigon|Hydreigon, F|100\/100\n|turn|15\n|\n|move|p2a: Hydreigon|Dark Pulse|p1a: Darmanitan\n|-damage|p1a: Darmanitan|0 fnt\n|faint|p1a: Darmanitan\n|\n|-weather|SunnyDay|[upkeep]\n|-status|p2a: Hydreigon|brn|[from] item: Flame Orb\n|upkeep\n|\n|switch|p1a: Rhydon|Rhydon, F, shiny|100\/100\n|turn|16\n|\n|move|p2a: Hydreigon|Dark Pulse|p1a: Rhydon\n|-damage|p1a: Rhydon|13\/100\n|move|p1a: Rhydon|Body Press|p2a: Hydreigon\n|-supereffective|p2a: Hydreigon\n|-damage|p2a: Hydreigon|16\/100 brn\n|\n|-weather|none\n|-damage|p2a: Hydreigon|9\/100 brn|[from] brn\n|upkeep\n|turn|17\n|\n|move|p2a: Hydreigon|Dark Pulse|p1a: Rhydon\n|-damage|p1a: Rhydon|0 fnt\n|faint|p1a: Rhydon\n|\n|win|ferromolybdenum\n","uploadtime":1586990786,"views":3,"p1id":"goldencovid7","p2id":"ferromolybdenum","formatid":"gen8sharedpower","rating":0,"private":0,"password":null}