{"id":"gen8ou-1665593620","p1":"broked on bricks","p2":"minimax_ai","format":"gen8ou","log":"|j|\u2606broked on bricks\n|j|\u2606minimax_ai\n|t:|1663319281\n|gametype|singles\n|player|p1|broked on bricks|psychic-gen2|1503\n|player|p2|minimax_ai|lusamine-nihilego|1543\n|teamsize|p1|6\n|teamsize|p2|6\n|gen|8\n|tier|[Gen 8] OU\n|rated|\n|rule|Sleep Clause Mod: Limit one foe put to sleep\n|rule|Species Clause: Limit one of each Pok\u00e9mon\n|rule|OHKO Clause: OHKO moves are banned\n|rule|Evasion Items Clause: Evasion items are banned\n|rule|Evasion Moves Clause: Evasion moves are banned\n|rule|Endless Battle Clause: Forcing endless battles is banned\n|rule|HP Percentage Mod: HP is shown in percentages\n|rule|Dynamax Clause: You cannot dynamax\n|clearpoke\n|poke|p1|Pelipper, M|\n|poke|p1|Keldeo-Resolute|\n|poke|p1|Dragapult, M|\n|poke|p1|Tapu Lele|\n|poke|p1|Melmetal|\n|poke|p1|Landorus-Therian, M|\n|poke|p2|Rotom-Wash|\n|poke|p2|Weavile, F|\n|poke|p2|Landorus-Therian, M|\n|poke|p2|Heatran, M|\n|poke|p2|Tangrowth, F|\n|poke|p2|Melmetal|\n|teampreview\n|c|\u2606minimax_ai|hf\n|c|\u2606broked on bricks|glhf\n|inactive|Battle timer is ON: inactive players will automatically lose when time's up. (requested by minimax_ai)\n|\n|t:|1663319294\n|start\n|switch|p1a: Tapu Lele|Tapu Lele|100\/100\n|switch|p2a: Melmetal|Melmetal|100\/100\n|-fieldstart|move: Psychic Terrain|[from] ability: Psychic Surge|[of] p1a: Tapu Lele\n|turn|1\n|\n|t:|1663319300\n|switch|p1a: Landorus|Landorus-Therian, M|100\/100\n|-ability|p1a: Landorus|Intimidate|boost\n|-unboost|p2a: Melmetal|atk|1\n|move|p2a: Melmetal|Double Iron Bash|p1a: Landorus\n|-damage|p1a: Landorus|75\/100\n|-damage|p1a: Landorus|48\/100\n|-hitcount|p1a: Landorus|2\n|-enditem|p1a: Landorus|Eject Button\n|\n|t:|1663319310\n|switch|p1a: Pelipper|Pelipper, M|100\/100\n|-weather|RainDance|[from] ability: Drizzle|[of] p1a: Pelipper\n|\n|-weather|RainDance|[upkeep]\n|upkeep\n|turn|2\n|\n|t:|1663319314\n|switch|p2a: rotomwash|Rotom-Wash|100\/100\n|move|p1a: Pelipper|Weather Ball|p2a: rotomwash\n|-resisted|p2a: rotomwash\n|-damage|p2a: rotomwash|47\/100\n|\n|-weather|RainDance|[upkeep]\n|-heal|p2a: rotomwash|53\/100|[from] item: Leftovers\n|upkeep\n|turn|3\n|\n|t:|1663319318\n|move|p2a: rotomwash|Thunderbolt|p1a: Pelipper\n|-supereffective|p1a: Pelipper\n|-damage|p1a: Pelipper|0 fnt\n|faint|p1a: Pelipper\n|\n|-weather|RainDance|[upkeep]\n|-heal|p2a: rotomwash|60\/100|[from] item: Leftovers\n|upkeep\n|\n|t:|1663319327\n|switch|p1a: Dragapult|Dragapult, M|100\/100\n|turn|4\n|\n|t:|1663319334\n|switch|p2a: Melmetal|Melmetal|100\/100\n|move|p1a: Dragapult|Draco Meteor|p2a: Melmetal\n|-resisted|p2a: Melmetal\n|-damage|p2a: Melmetal|76\/100\n|-unboost|p1a: Dragapult|spa|2\n|\n|-weather|RainDance|[upkeep]\n|upkeep\n|turn|5\n|\n|t:|1663319338\n|switch|p1a: Landorus|Landorus-Therian, M|48\/100\n|-ability|p1a: Landorus|Intimidate|boost\n|-unboost|p2a: Melmetal|atk|1\n|move|p2a: Melmetal|Double Iron Bash|p1a: Landorus\n|-damage|p1a: Landorus|22\/100\n|-damage|p1a: Landorus|0 fnt\n|faint|p1a: Landorus\n|-hitcount|p1: Landorus|2\n|\n|-weather|none\n|-fieldend|move: Psychic Terrain\n|upkeep\n|\n|t:|1663319347\n|switch|p1a: Keldeo|Keldeo-Resolute|100\/100\n|turn|6\n|\n|t:|1663319350\n|move|p1a: Keldeo|Surf|p2a: Melmetal\n|-damage|p2a: Melmetal|38\/100\n|move|p2a: Melmetal|Thunder Punch|p1a: Keldeo\n|-supereffective|p1a: Keldeo\n|-damage|p1a: Keldeo|48\/100\n|\n|upkeep\n|turn|7\n|\n|t:|1663319352\n|move|p1a: Keldeo|Surf|p2a: Melmetal\n|-damage|p2a: Melmetal|0 fnt\n|faint|p2a: Melmetal\n|\n|upkeep\n|\n|t:|1663319352\n|switch|p2a: rotomwash|Rotom-Wash|60\/100\n|turn|8\n|\n|t:|1663319357\n|switch|p1a: Melmetal|Melmetal|100\/100\n|move|p2a: rotomwash|Pain Split|p1a: Melmetal\n|-sethp|p1a: Melmetal|72\/100|[from] move: Pain Split|[silent]\n|-sethp|p2a: rotomwash|98\/100|[from] move: Pain Split\n|\n|-heal|p2a: rotomwash|100\/100|[from] item: Leftovers\n|-heal|p1a: Melmetal|78\/100|[from] item: Leftovers\n|upkeep\n|turn|9\n|\n|t:|1663319362\n|move|p1a: Melmetal|Protect|p1a: Melmetal\n|-singleturn|p1a: Melmetal|Protect\n|move|p2a: rotomwash|Nasty Plot|p2a: rotomwash\n|-boost|p2a: rotomwash|spa|2\n|\n|-heal|p1a: Melmetal|84\/100|[from] item: Leftovers\n|upkeep\n|turn|10\n|\n|t:|1663319367\n|move|p2a: rotomwash|Thunderbolt|p1a: Melmetal\n|-damage|p1a: Melmetal|27\/100\n|move|p1a: Melmetal|Double Iron Bash|p2a: rotomwash\n|-resisted|p2a: rotomwash\n|-damage|p2a: rotomwash|89\/100\n|-resisted|p2a: rotomwash\n|-damage|p2a: rotomwash|77\/100\n|-hitcount|p2a: rotomwash|2\n|\n|-heal|p2a: rotomwash|83\/100|[from] item: Leftovers\n|-heal|p1a: Melmetal|33\/100|[from] item: Leftovers\n|upkeep\n|turn|11\n|\n|t:|1663319372\n|move|p2a: rotomwash|Thunderbolt|p1a: Melmetal\n|-damage|p1a: Melmetal|0 fnt\n|faint|p1a: Melmetal\n|\n|-heal|p2a: rotomwash|90\/100|[from] item: Leftovers\n|upkeep\n|\n|t:|1663319377\n|switch|p1a: Dragapult|Dragapult, M|100\/100\n|turn|12\n|\n|t:|1663319381\n|switch|p2a: landorustherian|Landorus-Therian, M|100\/100\n|-ability|p2a: landorustherian|Intimidate|boost\n|-unboost|p1a: Dragapult|atk|1\n|move|p1a: Dragapult|Draco Meteor|p2a: landorustherian\n|-damage|p2a: landorustherian|40\/100\n|-unboost|p1a: Dragapult|spa|2\n|\n|-heal|p2a: landorustherian|46\/100|[from] item: Leftovers\n|upkeep\n|turn|13\n|\n|t:|1663319384\n|switch|p1a: Keldeo|Keldeo-Resolute|48\/100\n|move|p2a: landorustherian|Earthquake|p1a: Keldeo\n|-damage|p1a: Keldeo|0 fnt\n|faint|p1a: Keldeo\n|\n|-heal|p2a: landorustherian|52\/100|[from] item: Leftovers\n|upkeep\n|\n|t:|1663319388\n|switch|p1a: Tapu Lele|Tapu Lele|100\/100\n|-fieldstart|move: Psychic Terrain|[from] ability: Psychic Surge|[of] p1a: Tapu Lele\n|turn|14\n|\n|t:|1663319393\n|switch|p2a: Heatran|Heatran, M|100\/100\n|-item|p2a: Heatran|Air Balloon\n|move|p1a: Tapu Lele|Focus Blast|p2a: Heatran\n|-supereffective|p2a: Heatran\n|-damage|p2a: Heatran|1\/100\n|-enditem|p2a: Heatran|Air Balloon\n|\n|upkeep\n|turn|15\n|\n|t:|1663319400\n|switch|p1a: Dragapult|Dragapult, M|100\/100\n|switch|p2a: rotomwash|Rotom-Wash|90\/100\n|\n|-heal|p2a: rotomwash|96\/100|[from] item: Leftovers\n|upkeep\n|turn|16\n|\n|t:|1663319406\n|move|p1a: Dragapult|Shadow Ball|p2a: rotomwash\n|-damage|p2a: rotomwash|36\/100\n|-unboost|p2a: rotomwash|spd|1\n|move|p2a: rotomwash|Pain Split|p1a: Dragapult\n|-sethp|p1a: Dragapult|67\/100|[from] move: Pain Split|[silent]\n|-sethp|p2a: rotomwash|70\/100|[from] move: Pain Split\n|\n|-heal|p2a: rotomwash|76\/100|[from] item: Leftovers\n|upkeep\n|turn|17\n|\n|t:|1663319408\n|switch|p2a: landorustherian|Landorus-Therian, M|52\/100\n|-ability|p2a: landorustherian|Intimidate|boost\n|-unboost|p1a: Dragapult|atk|1\n|move|p1a: Dragapult|Shadow Ball|p2a: landorustherian\n|-damage|p2a: landorustherian|12\/100\n|\n|-heal|p2a: landorustherian|18\/100|[from] item: Leftovers\n|upkeep\n|turn|18\n|\n|t:|1663319410\n|switch|p2a: Tangrowth|Tangrowth, F|100\/100\n|move|p1a: Dragapult|Shadow Ball|p2a: Tangrowth\n|-damage|p2a: Tangrowth|26\/100\n|\n|-fieldend|move: Psychic Terrain\n|upkeep\n|turn|19\n|\n|t:|1663319412\n|switch|p2a: landorustherian|Landorus-Therian, M|18\/100\n|-ability|p2a: landorustherian|Intimidate|boost\n|-unboost|p1a: Dragapult|atk|1\n|move|p1a: Dragapult|Shadow Ball|p2a: landorustherian\n|-damage|p2a: landorustherian|0 fnt\n|faint|p2a: landorustherian\n|\n|upkeep\n|\n|t:|1663319412\n|switch|p2a: Weavile|Weavile, F|100\/100\n|-ability|p2a: Weavile|Pressure\n|turn|20\n|\n|t:|1663319422\n|move|p1a: Dragapult|Shadow Ball|p2a: Weavile\n|-resisted|p2a: Weavile\n|-damage|p2a: Weavile|62\/100\n|move|p2a: Weavile|Triple Axel|p1a: Dragapult\n|-supereffective|p1a: Dragapult\n|-damage|p1a: Dragapult|27\/100\n|-supereffective|p1a: Dragapult\n|-damage|p1a: Dragapult|0 fnt\n|faint|p1a: Dragapult\n|-hitcount|p1: Dragapult|2\n|\n|upkeep\n|\n|t:|1663319423\n|switch|p1a: Tapu Lele|Tapu Lele|100\/100\n|-fieldstart|move: Psychic Terrain|[from] ability: Psychic Surge|[of] p1a: Tapu Lele\n|turn|21\n|\n|t:|1663319430\n|switch|p2a: Heatran|Heatran, M|1\/100\n|move|p1a: Tapu Lele|Moonblast|p2a: Heatran\n|-resisted|p2a: Heatran\n|-damage|p2a: Heatran|0 fnt\n|faint|p2a: Heatran\n|\n|upkeep\n|\n|t:|1663319430\n|switch|p2a: rotomwash|Rotom-Wash|76\/100\n|turn|22\n|\n|t:|1663319432\n|move|p1a: Tapu Lele|Moonblast|p2a: rotomwash\n|-damage|p2a: rotomwash|23\/100\n|move|p2a: rotomwash|Pain Split|p1a: Tapu Lele\n|-sethp|p1a: Tapu Lele|62\/100|[from] move: Pain Split|[silent]\n|-sethp|p2a: rotomwash|58\/100|[from] move: Pain Split\n|\n|-heal|p2a: rotomwash|64\/100|[from] item: Leftovers\n|upkeep\n|turn|23\n|\n|t:|1663319433\n|move|p1a: Tapu Lele|Moonblast|p2a: rotomwash\n|-damage|p2a: rotomwash|8\/100\n|move|p2a: rotomwash|Pain Split|p1a: Tapu Lele\n|-sethp|p1a: Tapu Lele|36\/100|[from] move: Pain Split|[silent]\n|-sethp|p2a: rotomwash|33\/100|[from] move: Pain Split\n|\n|-heal|p2a: rotomwash|39\/100|[from] item: Leftovers\n|upkeep\n|turn|24\n|\n|t:|1663319435\n|move|p1a: Tapu Lele|Moonblast|p2a: rotomwash\n|-damage|p2a: rotomwash|0 fnt\n|faint|p2a: rotomwash\n|\n|upkeep\n|\n|t:|1663319435\n|switch|p2a: Tangrowth|Tangrowth, F|59\/100\n|turn|25\n|\n|t:|1663319436\n|switch|p2a: Weavile|Weavile, F|62\/100\n|-ability|p2a: Weavile|Pressure\n|move|p1a: Tapu Lele|Moonblast|p2a: Weavile\n|-supereffective|p2a: Weavile\n|-damage|p2a: Weavile|0 fnt\n|faint|p2a: Weavile\n|\n|-fieldend|move: Psychic Terrain\n|upkeep\n|\n|t:|1663319436\n|switch|p2a: Tangrowth|Tangrowth, F|92\/100\n|turn|26\n|\n|t:|1663319438\n|move|p1a: Tapu Lele|Moonblast|p2a: Tangrowth\n|-damage|p2a: Tangrowth|8\/100\n|move|p2a: Tangrowth|Sleep Powder|p1a: Tapu Lele\n|-status|p1a: Tapu Lele|slp|[from] move: Sleep Powder\n|\n|upkeep\n|turn|27\n|\n|t:|1663319441\n|cant|p1a: Tapu Lele|slp\n|move|p2a: Tangrowth|Giga Drain|p1a: Tapu Lele\n|-damage|p1a: Tapu Lele|5\/100 slp\n|-heal|p2a: Tangrowth|19\/100|[from] drain|[of] p1a: Tapu Lele\n|\n|upkeep\n|turn|28\n|\n|t:|1663319442\n|cant|p1a: Tapu Lele|slp\n|move|p2a: Tangrowth|Giga Drain|p1a: Tapu Lele\n|-damage|p1a: Tapu Lele|0 fnt\n|-heal|p2a: Tangrowth|21\/100|[from] drain|[of] p1a: Tapu Lele\n|faint|p1a: Tapu Lele\n|\n|win|minimax_ai\n|raw|broked on bricks's rating: 1503 &rarr; <strong>1485<\/strong><br \/>(-18 for losing)\n|raw|minimax_ai's rating: 1543 &rarr; <strong>1561<\/strong><br \/>(+18 for winning)\n|c|\u2606minimax_ai|gg\n","uploadtime":1663319444,"views":9,"p1id":"brokedonbricks","p2id":"minimaxai","formatid":"gen8ou","rating":1485,"private":0,"password":null}