{"id":"gen8unratedrandombattle-1706973411","p1":"POKNARA","p2":"Dest1ny1","format":"gen8unratedrandombattle","log":"|j|\u2606POKNARA\n|j|\u2606Dest1ny1\n|t:|1668037831\n|gametype|singles\n|player|p1|POKNARA|266|\n|player|p2|Dest1ny1|beauty-gen4dp|\n|teamsize|p1|6\n|teamsize|p2|6\n|gen|8\n|tier|[Gen 8] Unrated Random Battle\n|rule|Species Clause: Limit one of each Pok\u00e9mon\n|rule|HP Percentage Mod: HP is shown in percentages\n|rule|Sleep Clause Mod: Limit one foe put to sleep\n|\n|t:|1668037831\n|start\n|switch|p1a: Sharpedo|Sharpedo, L82, F|249\/249\n|switch|p2a: Altaria|Altaria, L90, F|281\/281\n|turn|1\n|\n|t:|1668037844\n|move|p1a: Sharpedo|Crunch|p2a: Altaria\n|-damage|p2a: Altaria|160\/281\n|-damage|p1a: Sharpedo|225\/249|[from] item: Life Orb\n|move|p2a: Altaria|Draco Meteor|p1a: Sharpedo\n|-damage|p1a: Sharpedo|0 fnt\n|-unboost|p2a: Altaria|spa|2\n|faint|p1a: Sharpedo\n|\n|upkeep\n|\n|t:|1668037858\n|switch|p1a: Bellossom|Bellossom, L82, F|257\/257\n|turn|2\n|\n|t:|1668037866\n|move|p2a: Altaria|Toxic|p1a: Bellossom\n|-status|p1a: Bellossom|tox\n|move|p1a: Bellossom|Sleep Powder|p2a: Altaria\n|-status|p2a: Altaria|slp|[from] move: Sleep Powder\n|\n|-damage|p1a: Bellossom|241\/257 tox|[from] psn\n|upkeep\n|turn|3\n|\n|t:|1668037879\n|cant|p2a: Altaria|slp\n|move|p1a: Bellossom|Giga Drain|p2a: Altaria\n|-resisted|p2a: Altaria\n|-damage|p2a: Altaria|146\/281 slp\n|-heal|p1a: Bellossom|248\/257 tox|[from] drain|[of] p2a: Altaria\n|\n|-heal|p1a: Bellossom|257\/257 tox|[from] item: Leftovers\n|-damage|p1a: Bellossom|225\/257 tox|[from] psn\n|upkeep\n|turn|4\n|\n|t:|1668037891\n|-start|p1a: Bellossom|Dynamax|\n|-heal|p1a: Bellossom|450\/514 tox|[silent]\n|cant|p2a: Altaria|slp\n|move|p1a: Bellossom|Max Overgrowth|p2a: Altaria\n|-resisted|p2a: Altaria\n|-damage|p2a: Altaria|122\/281 slp\n|-fieldstart|move: Grassy Terrain\n|\n|-heal|p1a: Bellossom|466\/514 tox|[from] Grassy Terrain\n|-heal|p1a: Bellossom|482\/514 tox|[from] item: Leftovers\n|-damage|p1a: Bellossom|434\/514 tox|[from] psn\n|upkeep\n|turn|5\n|\n|t:|1668037906\n|-curestatus|p2a: Altaria|slp|[msg]\n|move|p2a: Altaria|Roost|p2a: Altaria\n|-heal|p2a: Altaria|263\/281\n|-singleturn|p2a: Altaria|move: Roost\n|move|p1a: Bellossom|Max Overgrowth|p2a: Altaria\n|-resisted|p2a: Altaria\n|-damage|p2a: Altaria|192\/281\n|\n|-heal|p2a: Altaria|209\/281|[from] Grassy Terrain\n|-heal|p1a: Bellossom|450\/514 tox|[from] Grassy Terrain\n|-heal|p1a: Bellossom|466\/514 tox|[from] item: Leftovers\n|-damage|p1a: Bellossom|402\/514 tox|[from] psn\n|upkeep\n|turn|6\n|\n|t:|1668037924\n|move|p2a: Altaria|Draco Meteor|p1a: Bellossom\n|-damage|p1a: Bellossom|344\/514 tox\n|-unboost|p2a: Altaria|spa|2\n|move|p1a: Bellossom|Max Overgrowth|p2a: Altaria\n|-resisted|p2a: Altaria\n|-damage|p2a: Altaria|175\/281\n|\n|-heal|p1a: Bellossom|360\/514 tox|[from] Grassy Terrain\n|-heal|p1a: Bellossom|376\/514 tox|[from] item: Leftovers\n|-damage|p1a: Bellossom|296\/514 tox|[from] psn\n|upkeep\n|-end|p1a: Bellossom|Dynamax\n|-heal|p1a: Bellossom|148\/257 tox|[silent]\n|turn|7\n|\n|t:|1668037942\n|move|p2a: Altaria|Roost|p2a: Altaria\n|-heal|p2a: Altaria|281\/281\n|-singleturn|p2a: Altaria|move: Roost\n|move|p1a: Bellossom|Quiver Dance|p1a: Bellossom\n|-boost|p1a: Bellossom|spa|1\n|-boost|p1a: Bellossom|spd|1\n|-boost|p1a: Bellossom|spe|1\n|\n|-heal|p1a: Bellossom|164\/257 tox|[from] Grassy Terrain\n|-heal|p1a: Bellossom|180\/257 tox|[from] item: Leftovers\n|-damage|p1a: Bellossom|84\/257 tox|[from] psn\n|upkeep\n|turn|8\n|\n|t:|1668037955\n|move|p2a: Altaria|Earthquake|p1a: Bellossom\n|-resisted|p1a: Bellossom\n|-damage|p1a: Bellossom|67\/257 tox\n|move|p1a: Bellossom|Sleep Powder|p2a: Altaria\n|-status|p2a: Altaria|slp|[from] move: Sleep Powder\n|\n|-heal|p1a: Bellossom|83\/257 tox|[from] Grassy Terrain\n|-heal|p1a: Bellossom|99\/257 tox|[from] item: Leftovers\n|-damage|p1a: Bellossom|0 fnt|[from] psn\n|faint|p1a: Bellossom\n|-fieldend|move: Grassy Terrain\n|upkeep\n|\n|t:|1668037969\n|switch|p1a: Magnezone|Magnezone, L84|255\/255\n|turn|9\n|\n|t:|1668037979\n|cant|p2a: Altaria|slp\n|move|p1a: Magnezone|Volt Switch|p2a: Altaria\n|-damage|p2a: Altaria|205\/281 slp\n|\n|t:|1668037985\n|switch|p1a: Pangoro|Pangoro, L84, F|297\/297\n|\n|upkeep\n|turn|10\n|\n|t:|1668037994\n|cant|p2a: Altaria|slp\n|move|p1a: Pangoro|Ice Punch|p2a: Altaria\n|-supereffective|p2a: Altaria\n|-damage|p2a: Altaria|0 fnt\n|faint|p2a: Altaria\n|\n|upkeep\n|\n|t:|1668038000\n|switch|p2a: Mimikyu|Mimikyu, L76, M|209\/209\n|turn|11\n|\n|t:|1668038022\n|move|p2a: Mimikyu|Swords Dance|p2a: Mimikyu\n|-boost|p2a: Mimikyu|atk|2\n|move|p1a: Pangoro|Ice Punch|p2a: Mimikyu\n|-activate|p2a: Mimikyu|ability: Disguise\n|-damage|p2a: Mimikyu|209\/209\n|-status|p2a: Mimikyu|frz\n|detailschange|p2a: Mimikyu|Mimikyu-Busted, L76, M\n|-damage|p2a: Mimikyu|183\/209 frz|[from] pokemon: Mimikyu-Busted\n|\n|upkeep\n|turn|12\n|\n|t:|1668038035\n|switch|p1a: Vanilluxe|Vanilluxe, L82, M|251\/251\n|-weather|Hail|[from] ability: Snow Warning|[of] p1a: Vanilluxe\n|cant|p2a: Mimikyu|frz\n|\n|-weather|Hail|[upkeep]\n|-damage|p2a: Mimikyu|170\/209 frz|[from] Hail\n|upkeep\n|turn|13\n|\n|t:|1668038047\n|cant|p2a: Mimikyu|frz\n|move|p1a: Vanilluxe|Explosion|p2a: Mimikyu\n|-immune|p2a: Mimikyu\n|faint|p1a: Vanilluxe\n|\n|-weather|Hail|[upkeep]\n|-damage|p2a: Mimikyu|157\/209 frz|[from] Hail\n|upkeep\n|\n|t:|1668038057\n|switch|p1a: Registeel|Registeel, L83|268\/268\n|turn|14\n|\n|t:|1668038066\n|cant|p2a: Mimikyu|frz\n|move|p1a: Registeel|Body Press|p2a: Mimikyu\n|-immune|p2a: Mimikyu\n|\n|-weather|Hail|[upkeep]\n|-damage|p2a: Mimikyu|144\/209 frz|[from] Hail\n|-damage|p1a: Registeel|252\/268|[from] Hail\n|upkeep\n|turn|15\n|\n|t:|1668038075\n|cant|p2a: Mimikyu|frz\n|move|p1a: Registeel|Iron Head|p2a: Mimikyu\n|-supereffective|p2a: Mimikyu\n|-damage|p2a: Mimikyu|0 fnt\n|faint|p2a: Mimikyu\n|\n|-weather|Hail|[upkeep]\n|-damage|p1a: Registeel|236\/268|[from] Hail\n|upkeep\n|\n|t:|1668038089\n|switch|p2a: Urshifu|Urshifu-Rapid-Strike, L78, M|284\/284\n|turn|16\n|\n|t:|1668038093\n|move|p2a: Urshifu|Bulk Up|p2a: Urshifu\n|-boost|p2a: Urshifu|atk|1\n|-boost|p2a: Urshifu|def|1\n|move|p1a: Registeel|Iron Head|p2a: Urshifu\n|-resisted|p2a: Urshifu\n|-damage|p2a: Urshifu|263\/284\n|\n|-weather|none\n|-heal|p2a: Urshifu|280\/284|[from] item: Leftovers\n|upkeep\n|turn|17\n|\n|t:|1668038105\n|move|p2a: Urshifu|Bulk Up|p2a: Urshifu\n|-boost|p2a: Urshifu|atk|1\n|-boost|p2a: Urshifu|def|1\n|move|p1a: Registeel|Body Press|p2a: Urshifu\n|-damage|p2a: Urshifu|242\/284\n|\n|-heal|p2a: Urshifu|259\/284|[from] item: Leftovers\n|upkeep\n|turn|18\n|\n|t:|1668038115\n|move|p2a: Urshifu|Bulk Up|p2a: Urshifu\n|-boost|p2a: Urshifu|atk|1\n|-boost|p2a: Urshifu|def|1\n|move|p1a: Registeel|Curse|p1a: Registeel\n|-unboost|p1a: Registeel|spe|1\n|-boost|p1a: Registeel|atk|1\n|-boost|p1a: Registeel|def|1\n|\n|-heal|p2a: Urshifu|276\/284|[from] item: Leftovers\n|upkeep\n|turn|19\n|\n|t:|1668038131\n|move|p2a: Urshifu|Drain Punch|p1a: Registeel\n|-supereffective|p1a: Registeel\n|-damage|p1a: Registeel|42\/268\n|-heal|p2a: Urshifu|284\/284|[from] drain|[of] p1a: Registeel\n|move|p1a: Registeel|Iron Head|p2a: Urshifu\n|-resisted|p2a: Urshifu\n|-damage|p2a: Urshifu|263\/284\n|\n|-heal|p2a: Urshifu|280\/284|[from] item: Leftovers\n|upkeep\n|turn|20\n|\n|t:|1668038143\n|move|p2a: Urshifu|Surging Strikes|p1a: Registeel\n|-crit|p1a: Registeel\n|-damage|p1a: Registeel|0 fnt\n|faint|p1a: Registeel\n|-hitcount|p1: Registeel|1\n|\n|-heal|p2a: Urshifu|284\/284|[from] item: Leftovers\n|upkeep\n|\n|t:|1668038151\n|switch|p1a: Pangoro|Pangoro, L84, F|297\/297\n|turn|21\n|\n|t:|1668038158\n|move|p2a: Urshifu|Surging Strikes|p1a: Pangoro\n|-crit|p1a: Pangoro\n|-damage|p1a: Pangoro|179\/297\n|-crit|p1a: Pangoro\n|-damage|p1a: Pangoro|50\/297\n|-crit|p1a: Pangoro\n|-damage|p1a: Pangoro|0 fnt\n|faint|p1a: Pangoro\n|-hitcount|p1: Pangoro|3\n|\n|upkeep\n|\n|t:|1668038167\n|switch|p1a: Magnezone|Magnezone, L84|255\/255\n|turn|22\n|\n|t:|1668038173\n|move|p2a: Urshifu|Surging Strikes|p1a: Magnezone\n|-crit|p1a: Magnezone\n|-damage|p1a: Magnezone|164\/255\n|-crit|p1a: Magnezone\n|-damage|p1a: Magnezone|79\/255\n|-crit|p1a: Magnezone\n|-damage|p1a: Magnezone|0 fnt\n|faint|p1a: Magnezone\n|-hitcount|p1: Magnezone|3\n|\n|win|Dest1ny1\n","inputlog":">version 453a3ad56483cc6a5c08448f6577d394b68621b7\n>start {\"formatid\":\"gen8unratedrandombattle\",\"seed\":[33699,22778,40767,19113]}\n>player p1 {\"name\":\"POKNARA\",\"avatar\":\"266\",\"rating\":0,\"seed\":[29681,15223,14789,32768]}\n>player p2 {\"name\":\"Dest1ny1\",\"avatar\":\"beauty-gen4dp\",\"rating\":0,\"seed\":[45890,49667,28581,35134]}\n>p1 move crunch\n>p2 move dracometeor\n>p1 switch 2\n>p1 move sleeppowder\n>p2 move toxic\n>p1 move gigadrain\n>p2 move roost\n>p1 move gigadrain dynamax\n>p2 move roost\n>p1 move gigadrain dynamax\n>p2 move roost\n>p1 move gigadrain dynamax\n>p2 move dracometeor\n>p1 move quiverdance\n>p2 move roost\n>p1 move sleeppowder\n>p2 move earthquake\n>p1 switch 3\n>p1 move voltswitch\n>p2 move earthquake\n>p1 switch 5\n>p1 move icepunch\n>p2 move toxic\n>p2 switch 2\n>p1 move icepunch\n>p2 move swordsdance\n>p1 switch 4\n>p2 move playrough\n>p1 move explosion\n>p2 move playrough\n>p1 switch 6\n>p1 move bodypress\n>p2 move shadowclaw\n>p1 move ironhead\n>p2 move shadowclaw\n>p2 switch 3\n>p1 move ironhead\n>p2 move bulkup\n>p1 move bodypress\n>p2 move bulkup\n>p1 move curse\n>p2 move bulkup\n>p1 move ironhead\n>p2 move drainpunch\n>p1 move rest\n>p2 move surgingstrikes\n>p1 switch 4\n>p1 move icepunch\n>p2 move surgingstrikes\n>p1 switch 5\n>p1 move mirrorcoat\n>p2 move surgingstrikes","uploadtime":1668038181,"views":4,"p1id":"poknara","p2id":"dest1ny1","formatid":"gen8unratedrandombattle","rating":0,"private":0,"password":null}