{"id":"gen8bdspou-1469590147","p1":"MankeyandChan","p2":"VirginJimmy99","format":"gen8bdspou","log":"|html|<div class=\"broadcast-blue\"><strong>[Gen 8 BDSP] OU is currently suspecting Latios! For information on how to participate check out the <a href=\"https:\/\/www.smogon.com\/forums\/threads\/np-bdsp-ou-suspect-process-round-1-mr-blue-sky.3694109\/\">suspect thread<\/a>.<\/strong><\/div>\n|j|\u2606MankeyandChan\n|j|\u2606VirginJimmy99\n|t:|1639028490\n|gametype|singles\n|player|p1|MankeyandChan|265|1445\n|player|p2|VirginJimmy99|rocketgrunt|1545\n|teamsize|p1|6\n|teamsize|p2|6\n|gen|8\n|tier|[Gen 8 BDSP] OU\n|rated|\n|rule|Sleep Clause Mod: Limit one foe put to sleep\n|rule|Species Clause: Limit one of each Pok\u00e9mon\n|rule|OHKO Clause: OHKO moves are banned\n|rule|Evasion Moves Clause: Evasion moves are banned\n|rule|Endless Battle Clause: Forcing endless battles is banned\n|rule|HP Percentage Mod: HP is shown in percentages\n|clearpoke\n|poke|p1|Gengar, M|\n|poke|p1|Snorlax, F|\n|poke|p1|Mew|\n|poke|p1|Scizor, M|\n|poke|p1|Blissey, F|\n|poke|p1|Dragonite, F|\n|poke|p2|Bastiodon, F|\n|poke|p2|Roserade, M|\n|poke|p2|Starmie|\n|poke|p2|Scizor, F|\n|poke|p2|Mismagius, F|\n|poke|p2|Garchomp, M|\n|teampreview\n|\n|t:|1639028498\n|start\n|switch|p1a: Gengar|Gengar, M|100\/100\n|switch|p2a: Roserade|Roserade, M|100\/100\n|turn|1\n|j| FarmerFromTheCage8\n|\n|t:|1639028526\n|move|p1a: Gengar|Shadow Ball|p2a: Roserade\n|-damage|p2a: Roserade|43\/100\n|move|p2a: Roserade|Sleep Powder|p1a: Gengar\n|-status|p1a: Gengar|slp|[from] move: Sleep Powder\n|\n|-heal|p2a: Roserade|49\/100|[from] item: Black Sludge\n|upkeep\n|turn|2\n|j| BarkleyBoss\n|\n|t:|1639028534\n|cant|p1a: Gengar|slp\n|move|p2a: Roserade|Spikes|p1a: Gengar\n|-sidestart|p1: MankeyandChan|Spikes\n|\n|-heal|p2a: Roserade|55\/100|[from] item: Black Sludge\n|upkeep\n|turn|3\n|\n|t:|1639028539\n|switch|p2a: Scizor|Scizor, F|100\/100\n|-curestatus|p1a: Gengar|slp|[msg]\n|move|p1a: Gengar|Shadow Ball|p2a: Scizor\n|-damage|p2a: Scizor|61\/100\n|\n|-heal|p2a: Scizor|67\/100|[from] item: Leftovers\n|upkeep\n|turn|4\n|\n|t:|1639028545\n|move|p1a: Gengar|Shadow Ball|p2a: Scizor\n|-damage|p2a: Scizor|22\/100\n|-unboost|p2a: Scizor|spd|1\n|move|p2a: Scizor|Roost|p2a: Scizor\n|-heal|p2a: Scizor|72\/100\n|-singleturn|p2a: Scizor|move: Roost\n|\n|-heal|p2a: Scizor|78\/100|[from] item: Leftovers\n|upkeep\n|turn|5\n|\n|t:|1639028575\n|move|p2a: Scizor|Bullet Punch|p1a: Gengar\n|-damage|p1a: Gengar|46\/100\n|move|p1a: Gengar|Shadow Ball|p2a: Scizor\n|-damage|p2a: Scizor|14\/100\n|\n|-heal|p2a: Scizor|20\/100|[from] item: Leftovers\n|upkeep\n|turn|6\n|\n|t:|1639028587\n|move|p2a: Scizor|Bullet Punch|p1a: Gengar\n|-damage|p1a: Gengar|0 fnt\n|faint|p1a: Gengar\n|\n|-heal|p2a: Scizor|26\/100|[from] item: Leftovers\n|upkeep\n|\n|t:|1639028594\n|switch|p1a: Dragonite|Dragonite, F|100\/100\n|turn|7\n|\n|t:|1639028607\n|switch|p2a: Big Nut|Bastiodon, F|100\/100\n|move|p1a: Dragonite|Outrage|p2a: Big Nut\n|-resisted|p2a: Big Nut\n|-damage|p2a: Big Nut|75\/100\n|\n|-heal|p2a: Big Nut|82\/100|[from] item: Leftovers\n|upkeep\n|turn|8\n|\n|t:|1639028614\n|move|p2a: Big Nut|Protect|p2a: Big Nut\n|-singleturn|p2a: Big Nut|Protect\n|move|p1a: Dragonite|Outrage|p2a: Big Nut|[from]lockedmove\n|-activate|p2a: Big Nut|move: Protect\n|-start|p1a: Dragonite|confusion|[fatigue]\n|\n|-heal|p2a: Big Nut|88\/100|[from] item: Leftovers\n|upkeep\n|turn|9\n|\n|t:|1639028616\n|switch|p1a: Mew|Mew|100\/100\n|-damage|p1a: Mew|88\/100|[from] Spikes\n|move|p2a: Big Nut|Stealth Rock|p1a: Mew\n|-sidestart|p1: MankeyandChan|move: Stealth Rock\n|\n|-heal|p2a: Big Nut|94\/100|[from] item: Leftovers\n|upkeep\n|turn|10\n|\n|t:|1639028620\n|move|p2a: Big Nut|Protect|p2a: Big Nut\n|-singleturn|p2a: Big Nut|Protect\n|move|p1a: Mew|Rock Polish|p1a: Mew\n|-boost|p1a: Mew|spe|2\n|\n|-heal|p2a: Big Nut|99\/100|[from] item: Leftovers\n|upkeep\n|turn|11\n|\n|t:|1639028633\n|switch|p2a: Mismagius|Mismagius, F|100\/100\n|move|p1a: Mew|Calm Mind|p1a: Mew\n|-boost|p1a: Mew|spa|1\n|-boost|p1a: Mew|spd|1\n|\n|upkeep\n|turn|12\n|\n|t:|1639028655\n|move|p2a: Mismagius|Shadow Ball|p1a: Mew\n|-supereffective|p1a: Mew\n|-damage|p1a: Mew|42\/100\n|-unboost|p1a: Mew|spd|1\n|move|p1a: Mew|Calm Mind|p1a: Mew\n|-boost|p1a: Mew|spa|1\n|-boost|p1a: Mew|spd|1\n|\n|upkeep\n|turn|13\n|\n|t:|1639028664\n|switch|p1a: Snorlax|Snorlax, F|100\/100\n|-damage|p1a: Snorlax|88\/100|[from] Stealth Rock\n|-damage|p1a: Snorlax|76\/100|[from] Spikes\n|move|p2a: Mismagius|Shadow Ball|p1a: Snorlax\n|-immune|p1a: Snorlax\n|\n|-heal|p1a: Snorlax|82\/100|[from] item: Leftovers\n|upkeep\n|turn|14\n|\n|t:|1639028711\n|switch|p2a: Roserade|Roserade, M|55\/100\n|move|p1a: Snorlax|Curse|p1a: Snorlax\n|-unboost|p1a: Snorlax|spe|1\n|-boost|p1a: Snorlax|atk|1\n|-boost|p1a: Snorlax|def|1\n|\n|-heal|p2a: Roserade|61\/100|[from] item: Black Sludge\n|-heal|p1a: Snorlax|88\/100|[from] item: Leftovers\n|upkeep\n|turn|15\n|\n|t:|1639028724\n|move|p2a: Roserade|Sleep Powder|p1a: Snorlax\n|-status|p1a: Snorlax|slp|[from] move: Sleep Powder\n|cant|p1a: Snorlax|slp\n|\n|-heal|p2a: Roserade|68\/100|[from] item: Black Sludge\n|-heal|p1a: Snorlax|94\/100 slp|[from] item: Leftovers\n|upkeep\n|turn|16\n|\n|t:|1639028735\n|switch|p2a: Garchomp|Garchomp, M|100\/100\n|-curestatus|p1a: Snorlax|slp|[msg]\n|move|p1a: Snorlax|Curse|p1a: Snorlax\n|-unboost|p1a: Snorlax|spe|1\n|-boost|p1a: Snorlax|atk|1\n|-boost|p1a: Snorlax|def|1\n|\n|-heal|p1a: Snorlax|100\/100|[from] item: Leftovers\n|upkeep\n|turn|17\n|\n|t:|1639028743\n|move|p2a: Garchomp|Swords Dance|p2a: Garchomp\n|-boost|p2a: Garchomp|atk|2\n|move|p1a: Snorlax|Body Slam|p2a: Garchomp\n|-damage|p2a: Garchomp|33\/100\n|-damage|p1a: Snorlax|88\/100|[from] ability: Rough Skin|[of] p2a: Garchomp\n|\n|-heal|p1a: Snorlax|94\/100|[from] item: Leftovers\n|upkeep\n|turn|18\n|\n|t:|1639028745\n|move|p2a: Garchomp|Outrage|p1a: Snorlax\n|-damage|p1a: Snorlax|48\/100\n|move|p1a: Snorlax|Body Slam|p2a: Garchomp\n|-damage|p2a: Garchomp|0 fnt\n|-damage|p1a: Snorlax|35\/100|[from] ability: Rough Skin|[of] p2a: Garchomp\n|faint|p2a: Garchomp\n|\n|-heal|p1a: Snorlax|42\/100|[from] item: Leftovers\n|upkeep\n|\n|t:|1639028756\n|switch|p2a: Roserade|Roserade, M|68\/100\n|turn|19\n|\n|t:|1639028759\n|move|p2a: Roserade|Sleep Powder|p1a: Snorlax\n|-status|p1a: Snorlax|slp|[from] move: Sleep Powder\n|cant|p1a: Snorlax|slp\n|\n|-heal|p2a: Roserade|74\/100|[from] item: Black Sludge\n|-heal|p1a: Snorlax|48\/100 slp|[from] item: Leftovers\n|upkeep\n|turn|20\n|\n|t:|1639028762\n|move|p2a: Roserade|Sludge Bomb|p1a: Snorlax\n|-damage|p1a: Snorlax|24\/100 slp\n|cant|p1a: Snorlax|slp\n|\n|-heal|p2a: Roserade|80\/100|[from] item: Black Sludge\n|-heal|p1a: Snorlax|30\/100 slp|[from] item: Leftovers\n|upkeep\n|turn|21\n|\n|t:|1639028766\n|move|p2a: Roserade|Sludge Bomb|p1a: Snorlax\n|-damage|p1a: Snorlax|6\/100 slp\n|cant|p1a: Snorlax|slp\n|\n|-heal|p2a: Roserade|86\/100|[from] item: Black Sludge\n|-heal|p1a: Snorlax|13\/100 slp|[from] item: Leftovers\n|upkeep\n|turn|22\n|\n|t:|1639028770\n|switch|p1a: Scizor|Scizor, M|100\/100\n|-damage|p1a: Scizor|88\/100|[from] Spikes\n|-damage|p1a: Scizor|76\/100|[from] Stealth Rock\n|move|p2a: Roserade|Sludge Bomb|p1a: Scizor\n|-immune|p1a: Scizor\n|\n|-heal|p2a: Roserade|92\/100|[from] item: Black Sludge\n|upkeep\n|turn|23\n|\n|t:|1639028778\n|switch|p2a: Mismagius|Mismagius, F|100\/100\n|move|p1a: Scizor|Swords Dance|p1a: Scizor\n|-boost|p1a: Scizor|atk|2\n|\n|upkeep\n|turn|24\n|\n|t:|1639028782\n|move|p1a: Scizor|Bullet Punch|p2a: Mismagius\n|-damage|p2a: Mismagius|0 fnt\n|faint|p2a: Mismagius\n|-damage|p1a: Scizor|66\/100|[from] item: Life Orb\n|\n|upkeep\n|\n|t:|1639028786\n|switch|p2a: Big Nut|Bastiodon, F|99\/100\n|turn|25\n|\n|t:|1639028790\n|move|p2a: Big Nut|Protect|p2a: Big Nut\n|-singleturn|p2a: Big Nut|Protect\n|move|p1a: Scizor|Brick Break|p2a: Big Nut\n|-activate|p2a: Big Nut|move: Protect\n|\n|-heal|p2a: Big Nut|100\/100|[from] item: Leftovers\n|upkeep\n|turn|26\n|l| FarmerFromTheCage8\n|\n|t:|1639028796\n|move|p1a: Scizor|Brick Break|p2a: Big Nut\n|-supereffective|p2a: Big Nut\n|-ability|p2a: Big Nut|Sturdy\n|-damage|p2a: Big Nut|1\/100\n|-damage|p1a: Scizor|56\/100|[from] item: Life Orb\n|move|p2a: Big Nut|Metal Burst|p1a: Scizor\n|-damage|p1a: Scizor|0 fnt\n|faint|p1a: Scizor\n|\n|-heal|p2a: Big Nut|7\/100|[from] item: Leftovers\n|upkeep\n|\n|t:|1639028802\n|switch|p1a: Mew|Mew|42\/100\n|-damage|p1a: Mew|29\/100|[from] Stealth Rock\n|-damage|p1a: Mew|17\/100|[from] Spikes\n|turn|27\n|\n|t:|1639028804\n|move|p1a: Mew|Roost|p1a: Mew\n|-heal|p1a: Mew|67\/100\n|-singleturn|p1a: Mew|move: Roost\n|move|p2a: Big Nut|Roar|p1a: Mew\n|drag|p1a: Dragonite|Dragonite, F|100\/100\n|-damage|p1a: Dragonite|76\/100|[from] Stealth Rock\n|\n|-heal|p2a: Big Nut|13\/100|[from] item: Leftovers\n|upkeep\n|turn|28\n|\n|t:|1639028822\n|move|p2a: Big Nut|Protect|p2a: Big Nut\n|-singleturn|p2a: Big Nut|Protect\n|move|p1a: Dragonite|Extreme Speed|p2a: Big Nut\n|-activate|p2a: Big Nut|move: Protect\n|\n|-heal|p2a: Big Nut|19\/100|[from] item: Leftovers\n|upkeep\n|turn|29\n|\n|t:|1639028829\n|switch|p1a: Snorlax|Snorlax, F|13\/100 slp\n|-damage|p1a: Snorlax|0 fnt|[from] Spikes\n|faint|p1a: Snorlax\n|move|p2a: Big Nut|Roar|p1: Snorlax|[notarget]\n|-fail|p2a: Big Nut\n|\n|-heal|p2a: Big Nut|25\/100|[from] item: Leftovers\n|upkeep\n|\n|t:|1639028836\n|switch|p1a: Mew|Mew|67\/100\n|-damage|p1a: Mew|54\/100|[from] Spikes\n|-damage|p1a: Mew|42\/100|[from] Stealth Rock\n|turn|30\n|\n|t:|1639028839\n|move|p1a: Mew|Roost|p1a: Mew\n|-heal|p1a: Mew|92\/100\n|-singleturn|p1a: Mew|move: Roost\n|move|p2a: Big Nut|Roar|p1a: Mew\n|drag|p1a: Blissey|Blissey, F|100\/100\n|-damage|p1a: Blissey|88\/100|[from] Spikes\n|-damage|p1a: Blissey|76\/100|[from] Stealth Rock\n|\n|-heal|p2a: Big Nut|32\/100|[from] item: Leftovers\n|upkeep\n|turn|31\n|j| FarmerFromTheCage8\n|\n|t:|1639028861\n|switch|p2a: Roserade|Roserade, M|92\/100\n|move|p1a: Blissey|Stealth Rock|p2a: Roserade\n|-sidestart|p2: VirginJimmy99|move: Stealth Rock\n|\n|-heal|p2a: Roserade|98\/100|[from] item: Black Sludge\n|upkeep\n|turn|32\n|\n|t:|1639028866\n|move|p2a: Roserade|Spikes|p1a: Blissey\n|-sidestart|p1: MankeyandChan|Spikes\n|move|p1a: Blissey|Seismic Toss|p2a: Roserade\n|-damage|p2a: Roserade|60\/100\n|\n|-heal|p2a: Roserade|66\/100|[from] item: Black Sludge\n|upkeep\n|turn|33\n|\n|t:|1639028869\n|move|p2a: Roserade|Sleep Powder|p1a: Blissey\n|-status|p1a: Blissey|slp|[from] move: Sleep Powder\n|cant|p1a: Blissey|slp\n|\n|-heal|p2a: Roserade|72\/100|[from] item: Black Sludge\n|upkeep\n|turn|34\n|\n|t:|1639028877\n|switch|p2a: Scizor|Scizor, F|26\/100\n|-damage|p2a: Scizor|14\/100|[from] Stealth Rock\n|-curestatus|p1a: Blissey|slp|[from] ability: Natural Cure\n|switch|p1a: Dragonite|Dragonite, F|76\/100\n|-damage|p1a: Dragonite|51\/100|[from] Stealth Rock\n|\n|-heal|p2a: Scizor|20\/100|[from] item: Leftovers\n|upkeep\n|turn|35\n|\n|t:|1639028889\n|switch|p2a: Starmie|Starmie|100\/100\n|-damage|p2a: Starmie|88\/100|[from] Stealth Rock\n|move|p1a: Dragonite|Outrage|p2a: Starmie\n|-damage|p2a: Starmie|0 fnt\n|faint|p2a: Starmie\n|\n|upkeep\n|\n|t:|1639028893\n|switch|p2a: Roserade|Roserade, M|72\/100\n|-damage|p2a: Roserade|60\/100|[from] Stealth Rock\n|turn|36\n|\n|t:|1639028931\n|move|p2a: Roserade|Sleep Powder|p1a: Dragonite|[miss]\n|-miss|p2a: Roserade|p1a: Dragonite\n|move|p1a: Dragonite|Outrage|p2a: Roserade|[from]lockedmove\n|-damage|p2a: Roserade|0 fnt\n|faint|p2a: Roserade\n|-start|p1a: Dragonite|confusion|[fatigue]\n|\n|upkeep\n|\n|t:|1639028935\n|switch|p2a: Scizor|Scizor, F|20\/100\n|-damage|p2a: Scizor|7\/100|[from] Stealth Rock\n|turn|37\n|\n|t:|1639028943\n|-activate|p1a: Dragonite|confusion\n|-damage|p1a: Dragonite|36\/100|[from] confusion\n|move|p2a: Scizor|Roost|p2a: Scizor\n|-heal|p2a: Scizor|57\/100\n|-singleturn|p2a: Scizor|move: Roost\n|\n|-heal|p2a: Scizor|64\/100|[from] item: Leftovers\n|upkeep\n|turn|38\n|\n|t:|1639028950\n|-activate|p1a: Dragonite|confusion\n|-damage|p1a: Dragonite|20\/100|[from] confusion\n|move|p2a: Scizor|Roost|p2a: Scizor\n|-heal|p2a: Scizor|100\/100\n|-singleturn|p2a: Scizor|move: Roost\n|\n|upkeep\n|turn|39\n|\n|t:|1639028954\n|-activate|p1a: Dragonite|confusion\n|move|p1a: Dragonite|Outrage|p2a: Scizor\n|-resisted|p2a: Scizor\n|-damage|p2a: Scizor|54\/100\n|move|p2a: Scizor|Swords Dance|p2a: Scizor\n|-boost|p2a: Scizor|atk|2\n|\n|-heal|p2a: Scizor|60\/100|[from] item: Leftovers\n|upkeep\n|turn|40\n|\n|t:|1639028958\n|-end|p1a: Dragonite|confusion\n|move|p1a: Dragonite|Outrage|p2a: Scizor|[from]lockedmove\n|-resisted|p2a: Scizor\n|-damage|p2a: Scizor|11\/100\n|-start|p1a: Dragonite|confusion|[fatigue]\n|move|p2a: Scizor|Roost|p2a: Scizor\n|-heal|p2a: Scizor|61\/100\n|-singleturn|p2a: Scizor|move: Roost\n|\n|-heal|p2a: Scizor|67\/100|[from] item: Leftovers\n|upkeep\n|turn|41\n|\n|t:|1639028967\n|-activate|p1a: Dragonite|confusion\n|move|p1a: Dragonite|Outrage|p2a: Scizor\n|-resisted|p2a: Scizor\n|-damage|p2a: Scizor|20\/100\n|move|p2a: Scizor|Roost|p2a: Scizor\n|-heal|p2a: Scizor|70\/100\n|-singleturn|p2a: Scizor|move: Roost\n|\n|-heal|p2a: Scizor|76\/100|[from] item: Leftovers\n|upkeep\n|turn|42\n|\n|t:|1639028975\n|move|p2a: Scizor|Bullet Punch|p1a: Dragonite\n|-damage|p1a: Dragonite|0 fnt\n|faint|p1a: Dragonite\n|\n|-heal|p2a: Scizor|82\/100|[from] item: Leftovers\n|upkeep\n|\n|t:|1639028977\n|switch|p1a: Mew|Mew|92\/100\n|-damage|p1a: Mew|79\/100|[from] Stealth Rock\n|-damage|p1a: Mew|63\/100|[from] Spikes\n|turn|43\n|\n|t:|1639028981\n|move|p2a: Scizor|Bullet Punch|p1a: Mew\n|-damage|p1a: Mew|23\/100\n|move|p1a: Mew|Psychic|p2a: Scizor\n|-resisted|p2a: Scizor\n|-damage|p2a: Scizor|62\/100\n|\n|-heal|p2a: Scizor|68\/100|[from] item: Leftovers\n|upkeep\n|turn|44\n|\n|t:|1639028987\n|move|p2a: Scizor|Bullet Punch|p1a: Mew\n|-damage|p1a: Mew|0 fnt\n|faint|p1a: Mew\n|\n|-heal|p2a: Scizor|74\/100|[from] item: Leftovers\n|upkeep\n|\n|t:|1639028989\n|switch|p1a: Blissey|Blissey, F|76\/100\n|-damage|p1a: Blissey|63\/100|[from] Stealth Rock\n|-damage|p1a: Blissey|46\/100|[from] Spikes\n|turn|45\n|\n|t:|1639028992\n|move|p2a: Scizor|U-turn|p1a: Blissey\n|-damage|p1a: Blissey|0 fnt\n|faint|p1a: Blissey\n|\n|win|VirginJimmy99\n|raw|MankeyandChan's rating: 1445 &rarr; <strong>1431<\/strong><br \/>(-14 for losing)\n|raw|VirginJimmy99's rating: 1553 &rarr; <strong>1567<\/strong><br \/>(+14 for winning)\n|l|\u2606MankeyandChan\n","uploadtime":1639029011,"views":17,"p1id":"mankeyandchan","p2id":"virginjimmy99","formatid":"gen8bdspou","rating":1431,"private":0,"password":null}