{"id":"gen8ou-1121925227","p1":"FlameWolf26","p2":"BigL91","format":"gen8ou","log":"|j|\u2606FlameWolf26\n|j|\u2606BigL91\n|player|p1|FlameWolf26|bellelba|1384\n|player|p2|BigL91|135|1407\n|teamsize|p1|6\n|teamsize|p2|6\n|gametype|singles\n|gen|8\n|tier|[Gen 8] OU\n|rated|\n|html|<div class=\"broadcast-blue\"><strong>OU is currently suspecting Dracovish! For information on how to participate check out the <a href=\"https:\/\/www.smogon.com\/forums\/threads\/3664521\/\">suspect thread<\/a>.<\/strong><\/div>\n|clearpoke\n|poke|p1|Excadrill, F|\n|poke|p1|Zeraora|\n|poke|p1|Flygon, F|\n|poke|p1|Bisharp, M|\n|poke|p1|Rotom-Heat|\n|poke|p1|Aegislash, M|\n|poke|p2|Seismitoad, M|\n|poke|p2|Clefable, F|\n|poke|p2|Corviknight, F|\n|poke|p2|Conkeldurr, M|\n|poke|p2|Kyurem|\n|poke|p2|Zeraora|\n|rule|Sleep Clause Mod: Limit one foe put to sleep\n|rule|Species Clause: Limit one of each Pok\u00e9mon\n|rule|OHKO Clause: OHKO moves are banned\n|rule|Evasion Moves Clause: Evasion moves are banned\n|rule|Endless Battle Clause: Forcing endless battles is banned\n|rule|HP Percentage Mod: HP is shown in percentages\n|rule|Dynamax Clause: You cannot dynamax\n|teampreview\n|inactive|Battle timer is ON: inactive players will automatically lose when time's up. (requested by FlameWolf26)\n|\n|start\n|switch|p1a: Excadrill|Excadrill, F|100\/100\n|switch|p2a: Seismitoad|Seismitoad, M|100\/100\n|-ability|p1a: Excadrill|Mold Breaker\n|turn|1\n|\n|move|p1a: Excadrill|Stealth Rock|p2a: Seismitoad\n|-sidestart|p2: BigL91|move: Stealth Rock\n|move|p2a: Seismitoad|Scald|p1a: Excadrill\n|-supereffective|p1a: Excadrill\n|-damage|p1a: Excadrill|40\/100\n|\n|upkeep\n|turn|2\n|\n|move|p1a: Excadrill|Earthquake|p2a: Seismitoad\n|-damage|p2a: Seismitoad|61\/100\n|move|p2a: Seismitoad|Scald|p1a: Excadrill\n|-supereffective|p1a: Excadrill\n|-damage|p1a: Excadrill|0 fnt\n|faint|p1a: Excadrill\n|\n|-heal|p2a: Seismitoad|67\/100|[from] item: Leftovers\n|upkeep\n|\n|switch|p1a: Zeraora|Zeraora|100\/100\n|turn|3\n|\n|switch|p2a: Clefable|Clefable, F|100\/100\n|move|p1a: Zeraora|Knock Off|p2a: Clefable\n|-resisted|p2a: Clefable\n|-damage|p2a: Clefable|82\/100\n|-enditem|p2a: Clefable|Leftovers|[from] move: Knock Off|[of] p1a: Zeraora\n|\n|upkeep\n|turn|4\n|\n|switch|p1a: Bisharp|Bisharp, M|100\/100\n|move|p2a: Clefable|Protect||[still]\n|-fail|p2a: Clefable\n|\n|upkeep\n|turn|5\n|\n|switch|p2a: Corviknight|Corviknight, F|100\/100\n|-damage|p2a: Corviknight|88\/100|[from] Stealth Rock\n|-ability|p2a: Corviknight|Pressure\n|move|p1a: Bisharp|Iron Head|p2a: Corviknight\n|-resisted|p2a: Corviknight\n|-crit|p2a: Corviknight\n|-damage|p2a: Corviknight|70\/100\n|\n|-heal|p2a: Corviknight|76\/100|[from] item: Leftovers\n|upkeep\n|turn|6\n|\n|switch|p1a: Aegislash|Aegislash, M, shiny|100\/100\n|-item|p1a: Aegislash|Air Balloon\n|move|p2a: Corviknight|Body Press|p1a: Aegislash\n|-immune|p1a: Aegislash\n|\n|-heal|p2a: Corviknight|82\/100|[from] item: Leftovers\n|upkeep\n|turn|7\n|\n|move|p2a: Corviknight|Defog|p1a: Aegislash\n|-unboost|p1a: Aegislash|evasion|1\n|-sideend|p2: BigL91|Stealth Rock|[from] move: Defog|[of] p2a: Corviknight\n|-formechange|p1a: Aegislash|Aegislash-Blade||[from] ability: Stance Change\n|move|p1a: Aegislash|Shadow Ball|p2a: Corviknight\n|-damage|p2a: Corviknight|35\/100\n|\n|-heal|p2a: Corviknight|41\/100|[from] item: Leftovers\n|upkeep\n|turn|8\n|\n|switch|p2a: Seismitoad|Seismitoad, M|67\/100\n|switch|p1a: Rotom|Rotom-Heat|100\/100\n|\n|-heal|p2a: Seismitoad|73\/100|[from] item: Leftovers\n|upkeep\n|turn|9\n|\n|move|p1a: Rotom|Will-O-Wisp|p2a: Seismitoad\n|-status|p2a: Seismitoad|brn\n|move|p2a: Seismitoad|Scald|p1a: Rotom\n|-supereffective|p1a: Rotom\n|-damage|p1a: Rotom|47\/100\n|\n|-heal|p2a: Seismitoad|79\/100 brn|[from] item: Leftovers\n|-damage|p2a: Seismitoad|73\/100 brn|[from] brn\n|upkeep\n|turn|10\n|\n|switch|p1a: Aegislash|Aegislash, M, shiny|100\/100\n|-item|p1a: Aegislash|Air Balloon\n|move|p2a: Seismitoad|Scald|p1a: Aegislash\n|-damage|p1a: Aegislash|81\/100\n|-enditem|p1a: Aegislash|Air Balloon\n|\n|-heal|p2a: Seismitoad|79\/100 brn|[from] item: Leftovers\n|-damage|p2a: Seismitoad|73\/100 brn|[from] brn\n|upkeep\n|turn|11\n|\n|move|p2a: Seismitoad|Earth Power|p1a: Aegislash\n|-supereffective|p1a: Aegislash\n|-damage|p1a: Aegislash|39\/100\n|-formechange|p1a: Aegislash|Aegislash-Blade||[from] ability: Stance Change\n|move|p1a: Aegislash|Shadow Ball|p2a: Seismitoad\n|-crit|p2a: Seismitoad\n|-damage|p2a: Seismitoad|0 fnt\n|faint|p2a: Seismitoad\n|\n|upkeep\n|\n|switch|p2a: Zeraora|Zeraora|100\/100\n|turn|12\n|\n|move|p2a: Zeraora|Plasma Fists|p1a: Aegislash\n|-damage|p1a: Aegislash|0 fnt\n|-fieldactivate|move: Ion Deluge\n|faint|p1a: Aegislash\n|\n|upkeep\n|\n|switch|p1a: Flygon|Flygon, F|100\/100\n|turn|13\n|\n|switch|p2a: Corviknight|Corviknight, F|41\/100\n|-ability|p2a: Corviknight|Pressure\n|move|p1a: Flygon|U-turn|p2a: Corviknight\n|-resisted|p2a: Corviknight\n|-damage|p2a: Corviknight|38\/100\n|\n|switch|p1a: Rotom|Rotom-Heat|47\/100|[from]move: U-turn\n|\n|-heal|p2a: Corviknight|44\/100|[from] item: Leftovers\n|upkeep\n|turn|14\n|\n|move|p1a: Rotom|Overheat|p2a: Corviknight\n|-supereffective|p2a: Corviknight\n|-damage|p2a: Corviknight|0 fnt\n|-unboost|p1a: Rotom|spa|2\n|faint|p2a: Corviknight\n|\n|upkeep\n|\n|switch|p2a: Kyurem|Kyurem|100\/100\n|-ability|p2a: Kyurem|Pressure\n|turn|15\n|\n|move|p2a: Kyurem|Ice Beam|p1a: Rotom\n|-resisted|p1a: Rotom\n|-damage|p1a: Rotom|10\/100\n|move|p1a: Rotom|Volt Switch|p2a: Kyurem\n|-resisted|p2a: Kyurem\n|-damage|p2a: Kyurem|95\/100\n|\n|switch|p1a: Bisharp|Bisharp, M|100\/100|[from]move: Volt Switch\n|\n|upkeep\n|turn|16\n|\n|move|p2a: Kyurem|Ice Beam|p1a: Bisharp\n|-resisted|p1a: Bisharp\n|-damage|p1a: Bisharp|43\/100\n|move|p1a: Bisharp|Iron Head|p2a: Kyurem\n|-supereffective|p2a: Kyurem\n|-damage|p2a: Kyurem|16\/100\n|\n|upkeep\n|turn|17\n|\n|switch|p1a: Rotom|Rotom-Heat|10\/100\n|move|p2a: Kyurem|Ice Beam|p1a: Rotom\n|-resisted|p1a: Rotom\n|-damage|p1a: Rotom|0 fnt\n|faint|p1a: Rotom\n|\n|upkeep\n|\n|switch|p1a: Flygon|Flygon, F|100\/100\n|turn|18\n|\n|move|p1a: Flygon|First Impression|p2a: Kyurem\n|-damage|p2a: Kyurem|0 fnt\n|faint|p2a: Kyurem\n|\n|upkeep\n|\n|switch|p2a: Clefable|Clefable, F|82\/100\n|turn|19\n|\n|switch|p1a: Zeraora|Zeraora|100\/100\n|move|p2a: Clefable|Moonblast|p1a: Zeraora\n|-damage|p1a: Zeraora|57\/100\n|\n|upkeep\n|turn|20\n|\n|move|p1a: Zeraora|Knock Off|p2a: Clefable\n|-resisted|p2a: Clefable\n|-damage|p2a: Clefable|72\/100\n|move|p2a: Clefable|Moonblast|p1a: Zeraora\n|-damage|p1a: Zeraora|14\/100\n|\n|upkeep\n|turn|21\n|\n|switch|p2a: Zeraora|Zeraora|100\/100\n|move|p1a: Zeraora|Plasma Fists|p2a: Zeraora\n|-immune|p2a: Zeraora|[from] ability: Volt Absorb\n|\n|upkeep\n|turn|22\n|\n|move|p1a: Zeraora|Knock Off|p2a: Zeraora\n|-damage|p2a: Zeraora|61\/100\n|-enditem|p2a: Zeraora|Leftovers|[from] move: Knock Off|[of] p1a: Zeraora\n|move|p2a: Zeraora|Grass Knot|p1a: Zeraora\n|-damage|p1a: Zeraora|0 fnt\n|faint|p1a: Zeraora\n|\n|upkeep\n|\n|switch|p1a: Flygon|Flygon, F|100\/100\n|turn|23\n|\n|switch|p2a: Clefable|Clefable, F|72\/100\n|move|p1a: Flygon|Earthquake|p2a: Clefable\n|-damage|p2a: Clefable|22\/100\n|\n|upkeep\n|turn|24\n|\n|move|p1a: Flygon|Earthquake|p2a: Clefable\n|-damage|p2a: Clefable|0 fnt\n|faint|p2a: Clefable\n|\n|upkeep\n|\n|switch|p2a: Conkeldurr|Conkeldurr, M|100\/100\n|turn|25\n|\n|move|p1a: Flygon|Earthquake|p2a: Conkeldurr\n|-damage|p2a: Conkeldurr|56\/100\n|move|p2a: Conkeldurr|Knock Off|p1a: Flygon\n|-damage|p1a: Flygon|46\/100\n|-enditem|p1a: Flygon|Choice Scarf|[from] move: Knock Off|[of] p2a: Conkeldurr\n|\n|-status|p2a: Conkeldurr|brn|[from] item: Flame Orb\n|upkeep\n|turn|26\n|\n|move|p1a: Flygon|Outrage|p2a: Conkeldurr\n|-damage|p2a: Conkeldurr|2\/100 brn\n|move|p2a: Conkeldurr|Drain Punch|p1a: Flygon\n|-damage|p1a: Flygon|0 fnt\n|-heal|p2a: Conkeldurr|22\/100 brn|[from] drain|[of] p1a: Flygon\n|faint|p1a: Flygon\n|\n|-damage|p2a: Conkeldurr|16\/100 brn|[from] brn\n|upkeep\n|\n|switch|p1a: Bisharp|Bisharp, M|43\/100\n|turn|27\n|\n|move|p1a: Bisharp|Sucker Punch|p2a: Conkeldurr\n|-resisted|p2a: Conkeldurr\n|-damage|p2a: Conkeldurr|0 fnt\n|faint|p2a: Conkeldurr\n|\n|upkeep\n|\n|switch|p2a: Zeraora|Zeraora|61\/100\n|turn|28\n|\n|move|p2a: Zeraora|Bulk Up|p2a: Zeraora\n|-boost|p2a: Zeraora|atk|1\n|-boost|p2a: Zeraora|def|1\n|move|p1a: Bisharp|Knock Off|p2a: Zeraora\n|-damage|p2a: Zeraora|22\/100\n|\n|upkeep\n|turn|29\n|\n|move|p2a: Zeraora|Bulk Up|p2a: Zeraora\n|-boost|p2a: Zeraora|atk|1\n|-boost|p2a: Zeraora|def|1\n|move|p1a: Bisharp|Knock Off|p2a: Zeraora\n|-damage|p2a: Zeraora|0 fnt\n|faint|p2a: Zeraora\n|\n|win|FlameWolf26\n|c|\u2606FlameWolf26|gg\n|c|\u2606BigL91|gg\n|l|\u2606BigL91\n|raw|FlameWolf26's rating: 1384 &rarr; <strong>1406<\/strong><br \/>(+22 for winning)\n|raw|BigL91's rating: 1407 &rarr; <strong>1386<\/strong><br \/>(-21 for losing)\n","uploadtime":1590547918,"views":6,"p1id":"flamewolf26","p2id":"bigl91","formatid":"gen8ou","rating":1386,"private":0,"password":null}