{"id":"gen8uu-1623560988","p1":"Hikari-miyako","p2":"T4etr","format":"gen8uu","log":"|html|<div class=\"broadcast-blue\"><strong>[Gen 8] UU is currently suspecting Scizor! For information on how to participate check out the <a href=\"https:\/\/www.smogon.com\/forums\/threads\/ss-uu-stage-12-2-spider-dance.3704866\/\">suspect thread<\/a>.<\/strong><\/div>\n|j|\u2606Hikari-miyako\n|j|\u2606T4etr\n|t:|1658591862\n|gametype|singles\n|player|p1|Hikari-miyako|ariana|1052\n|player|p2|T4etr|volkner|1064\n|teamsize|p1|6\n|teamsize|p2|6\n|gen|8\n|tier|[Gen 8] UU\n|rated|\n|rule|Sleep Clause Mod: Limit one foe put to sleep\n|rule|Species Clause: Limit one of each Pok\u00e9mon\n|rule|OHKO Clause: OHKO moves are banned\n|rule|Evasion Moves Clause: Evasion moves are banned\n|rule|Endless Battle Clause: Forcing endless battles is banned\n|rule|HP Percentage Mod: HP is shown in percentages\n|rule|Dynamax Clause: You cannot dynamax\n|clearpoke\n|poke|p1|Skarmory, F|\n|poke|p1|Amoonguss, F|\n|poke|p1|Hippowdon, M|\n|poke|p1|Tapu Bulu|\n|poke|p1|Hydreigon, F|\n|poke|p1|Keldeo|\n|poke|p2|Scizor, F|\n|poke|p2|Thundurus-Therian, M|\n|poke|p2|Venusaur, M|\n|poke|p2|Excadrill, M|\n|poke|p2|Zarude-Dada|\n|poke|p2|Gyarados, M|\n|teampreview\n|inactive|Battle timer is ON: inactive players will automatically lose when time's up. (requested by Hikari-miyako)\n|\n|t:|1658591871\n|start\n|switch|p1a: Hippowdon|Hippowdon, M|100\/100\n|switch|p2a: Excadrill|Excadrill, M|100\/100\n|-weather|Sandstorm|[from] ability: Sand Stream|[of] p1a: Hippowdon\n|turn|1\n|\n|t:|1658591880\n|switch|p2a: Venusaur|Venusaur, M|100\/100\n|move|p1a: Hippowdon|Earthquake|p2a: Venusaur\n|-damage|p2a: Venusaur|28\/100\n|\n|-weather|Sandstorm|[upkeep]\n|-damage|p2a: Venusaur|22\/100|[from] Sandstorm\n|-heal|p2a: Venusaur|28\/100|[from] item: Leftovers\n|upkeep\n|turn|2\n|\n|t:|1658591893\n|move|p2a: Venusaur|Giga Drain|p1a: Hippowdon\n|-supereffective|p1a: Hippowdon\n|-damage|p1a: Hippowdon|18\/100\n|-heal|p2a: Venusaur|86\/100|[from] drain|[of] p1a: Hippowdon\n|move|p1a: Hippowdon|Earthquake|p2a: Venusaur\n|-damage|p2a: Venusaur|16\/100\n|\n|-weather|Sandstorm|[upkeep]\n|-damage|p2a: Venusaur|10\/100|[from] Sandstorm\n|-heal|p2a: Venusaur|16\/100|[from] item: Leftovers\n|-heal|p1a: Hippowdon|24\/100|[from] item: Leftovers\n|upkeep\n|turn|3\n|\n|t:|1658591904\n|switch|p1a: Amoonguss|Amoonguss, F|100\/100\n|move|p2a: Venusaur|Giga Drain|p1a: Amoonguss\n|-resisted|p1a: Amoonguss\n|-damage|p1a: Amoonguss|93\/100\n|-heal|p2a: Venusaur|21\/100|[from] drain|[of] p1a: Amoonguss\n|\n|-weather|Sandstorm|[upkeep]\n|-damage|p2a: Venusaur|15\/100|[from] Sandstorm\n|-damage|p1a: Amoonguss|87\/100|[from] Sandstorm\n|-heal|p2a: Venusaur|21\/100|[from] item: Leftovers\n|upkeep\n|turn|4\n|\n|t:|1658591920\n|switch|p2a: Scizor|Scizor, F|100\/100\n|move|p1a: Amoonguss|Sludge Bomb|p2a: Scizor\n|-immune|p2a: Scizor\n|\n|-weather|Sandstorm|[upkeep]\n|-damage|p1a: Amoonguss|81\/100|[from] Sandstorm\n|upkeep\n|turn|5\n|\n|t:|1658591929\n|move|p2a: Scizor|Swords Dance|p2a: Scizor\n|-boost|p2a: Scizor|atk|2\n|move|p1a: Amoonguss|Spore|p2a: Scizor\n|-status|p2a: Scizor|slp|[from] move: Spore\n|\n|-weather|none\n|upkeep\n|turn|6\n|\n|t:|1658591938\n|cant|p2a: Scizor|slp\n|move|p1a: Amoonguss|Hex|p2a: Scizor\n|-damage|p2a: Scizor|41\/100 slp\n|-damage|p1a: Amoonguss|71\/100|[from] item: Life Orb\n|\n|upkeep\n|turn|7\n|\n|t:|1658591945\n|cant|p2a: Scizor|slp\n|move|p1a: Amoonguss|Sludge Bomb|p2a: Scizor\n|-immune|p2a: Scizor\n|\n|upkeep\n|turn|8\n|\n|t:|1658591951\n|cant|p2a: Scizor|slp\n|move|p1a: Amoonguss|Hex|p2a: Scizor\n|-damage|p2a: Scizor|0 fnt\n|faint|p2a: Scizor\n|-damage|p1a: Amoonguss|61\/100|[from] item: Life Orb\n|\n|upkeep\n|\n|t:|1658591965\n|switch|p2a: Excadrill|Excadrill, M|100\/100\n|turn|9\n|\n|t:|1658591971\n|move|p2a: Excadrill|Stealth Rock|p1a: Amoonguss\n|-sidestart|p1: Hikari-miyako|move: Stealth Rock\n|move|p1a: Amoonguss|Spore|p2a: Excadrill\n|-status|p2a: Excadrill|slp|[from] move: Spore\n|\n|upkeep\n|turn|10\n|\n|t:|1658591977\n|cant|p2a: Excadrill|slp\n|move|p1a: Amoonguss|Hex|p2a: Excadrill\n|-damage|p2a: Excadrill|31\/100 slp\n|-damage|p1a: Amoonguss|51\/100|[from] item: Life Orb\n|\n|upkeep\n|turn|11\n|\n|t:|1658591984\n|-curestatus|p2a: Excadrill|slp|[msg]\n|move|p2a: Excadrill|Earthquake|p1a: Amoonguss\n|-damage|p1a: Amoonguss|0 fnt\n|faint|p1a: Amoonguss\n|\n|upkeep\n|\n|t:|1658591987\n|switch|p1a: Skarmory|Skarmory, F|100\/100\n|-damage|p1a: Skarmory|88\/100|[from] Stealth Rock\n|turn|12\n|\n|t:|1658591999\n|switch|p2a: Thundurus|Thundurus-Therian, M|100\/100\n|move|p1a: Skarmory|Swords Dance|p1a: Skarmory\n|-boost|p1a: Skarmory|atk|2\n|\n|-heal|p1a: Skarmory|94\/100|[from] item: Leftovers\n|upkeep\n|turn|13\n|\n|t:|1658592010\n|switch|p1a: Hippowdon|Hippowdon, M|24\/100\n|-damage|p1a: Hippowdon|18\/100|[from] Stealth Rock\n|-weather|Sandstorm|[from] ability: Sand Stream|[of] p1a: Hippowdon\n|move|p2a: Thundurus|Thunderbolt|p1a: Hippowdon\n|-immune|p1a: Hippowdon\n|\n|-weather|Sandstorm|[upkeep]\n|-damage|p2a: Thundurus|94\/100|[from] Sandstorm\n|-heal|p1a: Hippowdon|24\/100|[from] item: Leftovers\n|upkeep\n|turn|14\n|\n|t:|1658592021\n|move|p2a: Thundurus|Focus Blast|p1a: Hippowdon\n|-damage|p1a: Hippowdon|0 fnt\n|faint|p1a: Hippowdon\n|\n|-weather|Sandstorm|[upkeep]\n|-damage|p2a: Thundurus|88\/100|[from] Sandstorm\n|upkeep\n|\n|t:|1658592024\n|switch|p1a: Tapu Bulu|Tapu Bulu|100\/100\n|-damage|p1a: Tapu Bulu|88\/100|[from] Stealth Rock\n|-fieldstart|move: Grassy Terrain|[from] ability: Grassy Surge|[of] p1a: Tapu Bulu\n|turn|15\n|\n|t:|1658592032\n|move|p2a: Thundurus|Thunderbolt|p1a: Tapu Bulu\n|-resisted|p1a: Tapu Bulu\n|-damage|p1a: Tapu Bulu|57\/100\n|move|p1a: Tapu Bulu|Calm Mind|p1a: Tapu Bulu\n|-boost|p1a: Tapu Bulu|spa|1\n|-boost|p1a: Tapu Bulu|spd|1\n|\n|-weather|Sandstorm|[upkeep]\n|-damage|p2a: Thundurus|82\/100|[from] Sandstorm\n|-damage|p1a: Tapu Bulu|51\/100|[from] Sandstorm\n|-heal|p1a: Tapu Bulu|57\/100|[from] Grassy Terrain\n|upkeep\n|turn|16\n|\n|t:|1658592043\n|move|p2a: Thundurus|Volt Switch|p1a: Tapu Bulu\n|-resisted|p1a: Tapu Bulu\n|-damage|p1a: Tapu Bulu|40\/100\n|\n|t:|1658592052\n|switch|p2a: Gyarados|Gyarados, M|100\/100|[from]move: Volt Switch\n|move|p1a: Tapu Bulu|Calm Mind|p1a: Tapu Bulu\n|-boost|p1a: Tapu Bulu|spa|1\n|-boost|p1a: Tapu Bulu|spd|1\n|\n|-weather|Sandstorm|[upkeep]\n|-damage|p1a: Tapu Bulu|34\/100|[from] Sandstorm\n|-damage|p2a: Gyarados|94\/100|[from] Sandstorm\n|-heal|p1a: Tapu Bulu|40\/100|[from] Grassy Terrain\n|upkeep\n|turn|17\n|\n|t:|1658592062\n|move|p1a: Tapu Bulu|Giga Drain|p2a: Gyarados\n|-damage|p2a: Gyarados|17\/100\n|-heal|p1a: Tapu Bulu|86\/100|[from] drain|[of] p2a: Gyarados\n|move|p2a: Gyarados|Dragon Dance|p2a: Gyarados\n|-boost|p2a: Gyarados|atk|1\n|-boost|p2a: Gyarados|spe|1\n|\n|-weather|none\n|-heal|p1a: Tapu Bulu|92\/100|[from] Grassy Terrain\n|upkeep\n|turn|18\n|\n|t:|1658592072\n|move|p2a: Gyarados|Waterfall|p1a: Tapu Bulu\n|-resisted|p1a: Tapu Bulu\n|-damage|p1a: Tapu Bulu|56\/100\n|move|p1a: Tapu Bulu|Giga Drain|p2a: Gyarados\n|-damage|p2a: Gyarados|0 fnt\n|-heal|p1a: Tapu Bulu|66\/100|[from] drain|[of] p2a: Gyarados\n|faint|p2a: Gyarados\n|\n|-heal|p1a: Tapu Bulu|72\/100|[from] Grassy Terrain\n|upkeep\n|\n|t:|1658592087\n|switch|p2a: Excadrill|Excadrill, M|31\/100\n|turn|19\n|\n|t:|1658592101\n|switch|p1a: Skarmory|Skarmory, F|94\/100\n|-damage|p1a: Skarmory|82\/100|[from] Stealth Rock\n|move|p2a: Excadrill|Iron Head|p1a: Skarmory\n|-resisted|p1a: Skarmory\n|-damage|p1a: Skarmory|64\/100\n|-ability|p1a: Skarmory|Weak Armor|boost\n|-unboost|p1a: Skarmory|def|1\n|-boost|p1a: Skarmory|spe|2\n|\n|-heal|p1a: Skarmory|70\/100|[from] item: Leftovers\n|-heal|p2a: Excadrill|37\/100|[from] Grassy Terrain\n|-fieldend|move: Grassy Terrain\n|upkeep\n|turn|20\n|\n|t:|1658592115\n|switch|p2a: Thundurus|Thundurus-Therian, M|82\/100\n|move|p1a: Skarmory|Swords Dance|p1a: Skarmory\n|-boost|p1a: Skarmory|atk|2\n|\n|-heal|p1a: Skarmory|77\/100|[from] item: Leftovers\n|upkeep\n|turn|21\n|\n|t:|1658592125\n|move|p1a: Skarmory|Rock Slide|p2a: Thundurus\n|-supereffective|p2a: Thundurus\n|-damage|p2a: Thundurus|0 fnt\n|faint|p2a: Thundurus\n|\n|-heal|p1a: Skarmory|83\/100|[from] item: Leftovers\n|upkeep\n|-message|T4etr forfeited.\n|\n|win|Hikari-miyako\n|raw|Hikari-miyako's rating: 1052 &rarr; <strong>1085<\/strong><br \/>(+33 for winning)\n|raw|T4etr's rating: 1064 &rarr; <strong>1044<\/strong><br \/>(-20 for losing)\n|l|\u2606T4etr\n||Ladder isn't responding, score probably updated but might not have (Request timeout).\n","uploadtime":1658592135,"views":11,"p1id":"hikarimiyako","p2id":"t4etr","formatid":"gen8uu","rating":1044,"private":0,"password":null}