{"id":"gen8nationaldex-1672138015","p1":"KMDolly","p2":"FleetFoxxx","format":"gen8nationaldex","log":"|j|\u2606KMDolly\n|j|\u2606FleetFoxxx\n|t:|1664331833\n|gametype|singles\n|player|p1|KMDolly|flannery|\n|player|p2|FleetFoxxx|flannery|\n|teamsize|p1|6\n|teamsize|p2|6\n|gen|8\n|tier|[Gen 8] National Dex\n|rule|HP Percentage Mod: HP is shown in percentages\n|rule|Endless Battle Clause: Forcing endless battles is banned\n|rule|OHKO Clause: OHKO moves are banned\n|rule|Evasion Moves Clause: Evasion moves are banned\n|rule|Species Clause: Limit one of each Pok\u00e9mon\n|rule|Dynamax Clause: You cannot dynamax\n|rule|Sleep Clause Mod: Limit one foe put to sleep\n|clearpoke\n|poke|p1|Ampharos, F|\n|poke|p1|Garchomp, F|\n|poke|p1|Milotic, F|\n|poke|p1|Alakazam, F|\n|poke|p1|Obstagoon, F|\n|poke|p1|Coalossal, F|\n|poke|p2|Goodra, M|\n|poke|p2|Pinsir, F|\n|poke|p2|Silvally-*|\n|poke|p2|Runerigus, F|\n|poke|p2|Celesteela|\n|poke|p2|Hydreigon, M|\n|teampreview\n|c|\u2606FleetFoxxx|gl hf!!\n|c|\u2606KMDolly|gl hf\n|j| DerpyDots\n|j|+andrew\n|c| DerpyDots|I'm rooting for flannery\n|c| DerpyDots|sorry to all other trainers\n|j| sh0shin2\n|\n|t:|1664331902\n|start\n|switch|p1a: Snkake|Milotic, F|100\/100\n|switch|p2a: Goodra|Goodra, M|100\/100\n|turn|1\n|j| sicksickboy\n|j| johngalt149\n|j| Deathbypudding\n|l| Deathbypudding\n|j| Deathbypudding\n|\n|t:|1664331961\n|switch|p2a: Celesteela|Celesteela|100\/100\n|move|p1a: Snkake|Recover||[still]\n|-fail|p1a: Snkake|heal\n|\n|-status|p1a: Snkake|brn|[from] item: Flame Orb\n|upkeep\n|turn|2\n|\n|t:|1664331975\n|move|p1a: Snkake|Magic Coat|p1a: Snkake\n|-singleturn|p1a: Snkake|move: Magic Coat\n|move|p2a: Celesteela|Substitute|p2a: Celesteela\n|-start|p2a: Celesteela|Substitute\n|-damage|p2a: Celesteela|76\/100\n|\n|-heal|p2a: Celesteela|82\/100|[from] item: Leftovers\n|-damage|p1a: Snkake|94\/100 brn|[from] brn\n|upkeep\n|turn|3\n|c| sh0shin2|smoge\n|\n|t:|1664332013\n|switch|p1a: Shpeep|Ampharos, F|100\/100\n|move|p2a: Celesteela|Leech Seed|p1a: Shpeep\n|-start|p1a: Shpeep|move: Leech Seed\n|\n|-heal|p2a: Celesteela|88\/100|[from] item: Leftovers\n|-damage|p1a: Shpeep|88\/100|[from] Leech Seed|[of] p2a: Celesteela\n|-heal|p2a: Celesteela|99\/100|[silent]\n|upkeep\n|turn|4\n|j| Bugsileus\n|\n|t:|1664332025\n|detailschange|p1a: Shpeep|Ampharos-Mega, F\n|-mega|p1a: Shpeep|Ampharos|Ampharosite\n|-ability|p1a: Shpeep|Mold Breaker\n|move|p2a: Celesteela|Earthquake|p1a: Shpeep\n|-supereffective|p1a: Shpeep\n|-damage|p1a: Shpeep|47\/100\n|move|p1a: Shpeep|Volt Switch|p2a: Celesteela\n|-supereffective|p2a: Celesteela\n|-end|p2a: Celesteela|Substitute\n|c| sicksickboy|go\n|\n|t:|1664332059\n|switch|p1a: Fertret|Obstagoon, F|100\/100|[from]move: Volt Switch\n|\n|-heal|p2a: Celesteela|100\/100|[from] item: Leftovers\n|upkeep\n|turn|5\n|\n|t:|1664332067\n|move|p1a: Fertret|Knock Off|p2a: Celesteela\n|-damage|p2a: Celesteela|67\/100\n|-enditem|p2a: Celesteela|Leftovers|[from] move: Knock Off|[of] p1a: Fertret\n|move|p2a: Celesteela|Leech Seed|p1a: Fertret\n|-start|p1a: Fertret|move: Leech Seed\n|\n|-damage|p1a: Fertret|88\/100|[from] Leech Seed|[of] p2a: Celesteela\n|-heal|p2a: Celesteela|77\/100|[silent]\n|upkeep\n|turn|6\n|\n|t:|1664332083\n|move|p1a: Fertret|Thunder Punch|p2a: Celesteela\n|-supereffective|p2a: Celesteela\n|-damage|p2a: Celesteela|44\/100\n|move|p2a: Celesteela|Heavy Slam|p1a: Fertret\n|-damage|p1a: Fertret|44\/100\n|\n|-damage|p1a: Fertret|32\/100|[from] Leech Seed|[of] p2a: Celesteela\n|-heal|p2a: Celesteela|54\/100|[silent]\n|upkeep\n|turn|7\n|\n|t:|1664332112\n|switch|p2a: Runerigus|Runerigus, F|100\/100\n|move|p1a: Fertret|Parting Shot|p2a: Runerigus\n|-unboost|p2a: Runerigus|atk|1\n|-unboost|p2a: Runerigus|spa|1\n|\n|t:|1664332133\n|switch|p1a: Snkake|Milotic, F|94\/100 brn|[from]move: Parting Shot\n|\n|-damage|p1a: Snkake|88\/100 brn|[from] brn\n|upkeep\n|turn|8\n|\n|t:|1664332153\n|switch|p2a: Goodra|Goodra, M|100\/100\n|move|p1a: Snkake|Scald|p2a: Goodra\n|-resisted|p2a: Goodra\n|-damage|p2a: Goodra|91\/100\n|\n|-damage|p1a: Snkake|82\/100 brn|[from] brn\n|upkeep\n|turn|9\n|\n|t:|1664332168\n|move|p1a: Snkake|Recover|p1a: Snkake\n|-heal|p1a: Snkake|100\/100 brn\n|move|p2a: Goodra|Thunderbolt|p1a: Snkake\n|-supereffective|p1a: Snkake\n|-damage|p1a: Snkake|67\/100 brn\n|\n|-damage|p1a: Snkake|61\/100 brn|[from] brn\n|upkeep\n|turn|10\n|\n|t:|1664332175\n|move|p1a: Snkake|Ice Beam|p2a: Goodra\n|-supereffective|p2a: Goodra\n|-damage|p2a: Goodra|63\/100\n|move|p2a: Goodra|Thunderbolt|p1a: Snkake\n|-supereffective|p1a: Snkake\n|-damage|p1a: Snkake|28\/100 brn\n|\n|-damage|p1a: Snkake|22\/100 brn|[from] brn\n|upkeep\n|turn|11\n|\n|t:|1664332184\n|move|p1a: Snkake|Recover|p1a: Snkake\n|-heal|p1a: Snkake|72\/100 brn\n|move|p2a: Goodra|Thunderbolt|p1a: Snkake\n|-supereffective|p1a: Snkake\n|-damage|p1a: Snkake|37\/100 brn\n|\n|-damage|p1a: Snkake|31\/100 brn|[from] brn\n|upkeep\n|turn|12\n|\n|t:|1664332191\n|move|p1a: Snkake|Recover|p1a: Snkake\n|-heal|p1a: Snkake|81\/100 brn\n|move|p2a: Goodra|Thunderbolt|p1a: Snkake\n|-supereffective|p1a: Snkake\n|-damage|p1a: Snkake|49\/100 brn\n|\n|-damage|p1a: Snkake|43\/100 brn|[from] brn\n|upkeep\n|turn|13\n|\n|t:|1664332199\n|move|p1a: Snkake|Recover|p1a: Snkake\n|-heal|p1a: Snkake|93\/100 brn\n|move|p2a: Goodra|Thunderbolt|p1a: Snkake\n|-supereffective|p1a: Snkake\n|-damage|p1a: Snkake|57\/100 brn\n|\n|-damage|p1a: Snkake|51\/100 brn|[from] brn\n|upkeep\n|turn|14\n|\n|t:|1664332205\n|move|p1a: Snkake|Ice Beam|p2a: Goodra\n|-supereffective|p2a: Goodra\n|-damage|p2a: Goodra|37\/100\n|move|p2a: Goodra|Thunderbolt|p1a: Snkake\n|-supereffective|p1a: Snkake\n|-damage|p1a: Snkake|20\/100 brn\n|\n|-damage|p1a: Snkake|14\/100 brn|[from] brn\n|upkeep\n|turn|15\n|\n|t:|1664332213\n|move|p1a: Snkake|Recover|p1a: Snkake\n|-heal|p1a: Snkake|64\/100 brn\n|move|p2a: Goodra|Thunderbolt|p1a: Snkake\n|-supereffective|p1a: Snkake\n|-damage|p1a: Snkake|32\/100 brn\n|\n|-damage|p1a: Snkake|26\/100 brn|[from] brn\n|upkeep\n|turn|16\n|\n|t:|1664332220\n|move|p1a: Snkake|Recover|p1a: Snkake\n|-heal|p1a: Snkake|76\/100 brn\n|move|p2a: Goodra|Thunderbolt|p1a: Snkake\n|-supereffective|p1a: Snkake\n|-damage|p1a: Snkake|44\/100 brn\n|\n|-damage|p1a: Snkake|38\/100 brn|[from] brn\n|upkeep\n|turn|17\n|\n|t:|1664332229\n|move|p1a: Snkake|Recover|p1a: Snkake\n|-heal|p1a: Snkake|88\/100 brn\n|move|p2a: Goodra|Thunderbolt|p1a: Snkake\n|-supereffective|p1a: Snkake\n|-crit|p1a: Snkake\n|-damage|p1a: Snkake|41\/100 brn\n|\n|-damage|p1a: Snkake|35\/100 brn|[from] brn\n|upkeep\n|turn|18\n|\n|t:|1664332243\n|move|p1a: Snkake|Recover|p1a: Snkake\n|-heal|p1a: Snkake|85\/100 brn\n|move|p2a: Goodra|Thunderbolt|p1a: Snkake\n|-supereffective|p1a: Snkake\n|-damage|p1a: Snkake|52\/100 brn\n|\n|-damage|p1a: Snkake|45\/100 brn|[from] brn\n|upkeep\n|turn|19\n|\n|t:|1664332254\n|move|p1a: Snkake|Recover|p1a: Snkake\n|-heal|p1a: Snkake|95\/100 brn\n|move|p2a: Goodra|Thunderbolt|p1a: Snkake\n|-supereffective|p1a: Snkake\n|-damage|p1a: Snkake|60\/100 brn\n|\n|-damage|p1a: Snkake|54\/100 brn|[from] brn\n|upkeep\n|turn|20\n|c| sh0shin2|member when recover had 32 pp\n|\n|t:|1664332263\n|move|p1a: Snkake|Ice Beam|p2a: Goodra\n|-supereffective|p2a: Goodra\n|-damage|p2a: Goodra|11\/100\n|move|p2a: Goodra|Thunderbolt|p1a: Snkake\n|-supereffective|p1a: Snkake\n|-damage|p1a: Snkake|23\/100 brn\n|\n|-damage|p1a: Snkake|17\/100 brn|[from] brn\n|upkeep\n|turn|21\n|\n|t:|1664332276\n|move|p1a: Snkake|Recover|p1a: Snkake\n|-heal|p1a: Snkake|67\/100 brn\n|move|p2a: Goodra|Thunderbolt|p1a: Snkake\n|-supereffective|p1a: Snkake\n|-damage|p1a: Snkake|35\/100 brn\n|\n|-damage|p1a: Snkake|29\/100 brn|[from] brn\n|upkeep\n|turn|22\n|\n|t:|1664332284\n|move|p1a: Snkake|Recover|p1a: Snkake\n|-heal|p1a: Snkake|79\/100 brn\n|move|p2a: Goodra|Thunderbolt|p1a: Snkake\n|-supereffective|p1a: Snkake\n|-damage|p1a: Snkake|46\/100 brn\n|\n|-damage|p1a: Snkake|40\/100 brn|[from] brn\n|upkeep\n|turn|23\n|\n|t:|1664332291\n|move|p1a: Snkake|Recover|p1a: Snkake\n|-heal|p1a: Snkake|90\/100 brn\n|move|p2a: Goodra|Thunderbolt|p1a: Snkake\n|-supereffective|p1a: Snkake\n|-damage|p1a: Snkake|57\/100 brn\n|\n|-damage|p1a: Snkake|50\/100 brn|[from] brn\n|upkeep\n|turn|24\n|c| sicksickboy|great fantasy titans right here\n|c| DerpyDots|dolly helping me retake 1st\n|c|\u2606KMDolly|i did it for you derpy\n|\n|t:|1664332403\n|switch|p2a: Hydreigon|Hydreigon, M|100\/100\n|move|p1a: Snkake|Recover|p1a: Snkake\n|-heal|p1a: Snkake|100\/100 brn\n|\n|-damage|p1a: Snkake|94\/100 brn|[from] brn\n|upkeep\n|turn|25\n|\n|t:|1664332427\n|move|p2a: Hydreigon|Draco Meteor|p1a: Snkake\n|-damage|p1a: Snkake|44\/100 brn\n|-unboost|p2a: Hydreigon|spa|2\n|move|p1a: Snkake|Ice Beam|p2a: Hydreigon\n|-supereffective|p2a: Hydreigon\n|-damage|p2a: Hydreigon|49\/100\n|\n|-damage|p1a: Snkake|38\/100 brn|[from] brn\n|upkeep\n|turn|26\n|\n|t:|1664332506\n|switch|p2a: Silvally|Silvally-Fairy|100\/100\n|move|p1a: Snkake|Recover|p1a: Snkake\n|-heal|p1a: Snkake|88\/100 brn\n|\n|-damage|p1a: Snkake|82\/100 brn|[from] brn\n|upkeep\n|turn|27\n|\n|t:|1664332523\n|move|p2a: Silvally|U-turn|p1a: Snkake\n|-damage|p1a: Snkake|72\/100 brn\n|\n|t:|1664332525\n|switch|p2a: Celesteela|Celesteela|54\/100|[from]move: U-turn\n|move|p1a: Snkake|Scald|p2a: Celesteela\n|-damage|p2a: Celesteela|37\/100\n|\n|-damage|p1a: Snkake|65\/100 brn|[from] brn\n|upkeep\n|turn|28\n|\n|t:|1664332568\n|switch|p1a: Shkark|Garchomp, F|100\/100\n|move|p2a: Celesteela|Substitute|p2a: Celesteela\n|-start|p2a: Celesteela|Substitute\n|-damage|p2a: Celesteela|12\/100\n|\n|upkeep\n|turn|29\n|\n|t:|1664332585\n|move|p1a: Shkark|Swords Dance|p1a: Shkark\n|-boost|p1a: Shkark|atk|2\n|move|p2a: Celesteela|Leech Seed|p1a: Shkark\n|-start|p1a: Shkark|move: Leech Seed\n|\n|-damage|p1a: Shkark|88\/100|[from] Leech Seed|[of] p2a: Celesteela\n|-heal|p2a: Celesteela|24\/100|[silent]\n|upkeep\n|turn|30\n|\n|t:|1664332598\n|move|p1a: Shkark|Scale Shot|p2a: Celesteela\n|-resisted|p2a: Celesteela\n|-activate|p2a: Celesteela|move: Substitute|[damage]\n|-resisted|p2a: Celesteela\n|-activate|p2a: Celesteela|move: Substitute|[damage]\n|-resisted|p2a: Celesteela\n|-end|p2a: Celesteela|Substitute\n|-hitcount|p2a: Celesteela|3\n|-unboost|p1a: Shkark|def|1\n|-boost|p1a: Shkark|spe|1\n|move|p2a: Celesteela|Heavy Slam|p1a: Shkark\n|-damage|p1a: Shkark|31\/100\n|-damage|p2a: Celesteela|11\/100|[from] ability: Rough Skin|[of] p1a: Shkark\n|\n|-damage|p1a: Shkark|19\/100|[from] Leech Seed|[of] p2a: Celesteela\n|-heal|p2a: Celesteela|23\/100|[silent]\n|upkeep\n|turn|31\n|\n|t:|1664332616\n|switch|p2a: Runerigus|Runerigus, F|100\/100\n|move|p1a: Shkark|Fire Fang|p2a: Runerigus\n|-damage|p2a: Runerigus|72\/100\n|-activate|p2a: Runerigus|ability: Wandering Spirit|Rough Skin|Wandering Spirit|[of] p1a: Shkark\n|\n|-heal|p2a: Runerigus|78\/100|[from] item: Leftovers\n|-damage|p1a: Shkark|7\/100|[from] Leech Seed|[of] p2a: Runerigus\n|-heal|p2a: Runerigus|92\/100|[silent]\n|upkeep\n|turn|32\n|\n|t:|1664332641\n|move|p1a: Shkark|Earthquake|p2a: Runerigus\n|-damage|p2a: Runerigus|23\/100\n|move|p2a: Runerigus|Earthquake|p1a: Shkark\n|-damage|p1a: Shkark|0 fnt\n|faint|p1a: Shkark\n|\n|-heal|p2a: Runerigus|29\/100|[from] item: Leftovers\n|upkeep\n|c| sh0shin2|A KO?\n|j| zoompa\n|c|+andrew|more turns than my age\n|\n|t:|1664332675\n|switch|p1a: Fertret|Obstagoon, F|32\/100\n|turn|33\n|c| DerpyDots|more turns than ages\n|\n|t:|1664332705\n|move|p1a: Fertret|Knock Off|p2a: Runerigus\n|-supereffective|p2a: Runerigus\n|-damage|p2a: Runerigus|0 fnt\n|-damage|p1a: Fertret|20\/100|[from] ability: Rough Skin|[of] p2a: Runerigus\n|-enditem|p2a: Runerigus|Leftovers|[from] move: Knock Off|[of] p1a: Fertret\n|-enditem|p1a: Fertret|Salac Berry|[eat]\n|-boost|p1a: Fertret|spe|1|[from] item: Salac Berry\n|faint|p2a: Runerigus\n|\n|upkeep\n|c|+andrew|dolly. did you plan that?\n|\n|t:|1664332729\n|switch|p2a: Pinsir|Pinsir, F|100\/100\n|turn|34\n|c|\u2606KMDolly|this turn yes, in prep no\n|\n|t:|1664332753\n|detailschange|p2a: Pinsir|Pinsir-Mega, F\n|-mega|p2a: Pinsir|Pinsir|Pinsirite\n|move|p2a: Pinsir|Quick Attack|p1a: Fertret\n|-damage|p1a: Fertret|0 fnt\n|faint|p1a: Fertret\n|\n|upkeep\n|c| sh0shin2|incredible\n|\n|t:|1664332797\n|switch|p1a: Rkock|Coalossal, F|100\/100\n|turn|35\n|\n|t:|1664332805\n|switch|p2a: Celesteela|Celesteela|23\/100\n|move|p1a: Rkock|Stone Edge|p2a: Celesteela\n|-damage|p2a: Celesteela|0 fnt\n|faint|p2a: Celesteela\n|\n|upkeep\n|\n|t:|1664332817\n|switch|p2a: Goodra|Goodra, M|11\/100\n|turn|36\n|\n|t:|1664332824\n|move|p2a: Goodra|Surf|p1a: Rkock\n|-supereffective|p1a: Rkock\n|-damage|p1a: Rkock|23\/100\n|move|p1a: Rkock|Stealth Rock|p2a: Goodra\n|-sidestart|p2: FleetFoxxx|move: Stealth Rock\n|\n|upkeep\n|turn|37\n|\n|t:|1664332836\n|move|p2a: Goodra|Surf|p1a: Rkock\n|-supereffective|p1a: Rkock\n|-damage|p1a: Rkock|0 fnt\n|faint|p1a: Rkock\n|\n|upkeep\n|\n|t:|1664332858\n|switch|p1a: Snkake|Milotic, F|65\/100 brn\n|turn|38\n|\n|t:|1664332863\n|move|p1a: Snkake|Ice Beam|p2a: Goodra\n|-supereffective|p2a: Goodra\n|-damage|p2a: Goodra|0 fnt\n|faint|p2a: Goodra\n|\n|-damage|p1a: Snkake|59\/100 brn|[from] brn\n|upkeep\n|\n|t:|1664332877\n|switch|p2a: Silvally|Silvally-Fairy|100\/100\n|-damage|p2a: Silvally|88\/100|[from] Stealth Rock\n|turn|39\n|\n|t:|1664332883\n|move|p2a: Silvally|Multi-Attack|p1a: Snkake\n|-damage|p1a: Snkake|36\/100 brn\n|move|p1a: Snkake|Scald|p2a: Silvally\n|-damage|p2a: Silvally|58\/100\n|\n|-damage|p1a: Snkake|29\/100 brn|[from] brn\n|upkeep\n|turn|40\n|l| Deathbypudding\n|\n|t:|1664332899\n|move|p2a: Silvally|Multi-Attack|p1a: Snkake\n|-damage|p1a: Snkake|4\/100 brn\n|move|p1a: Snkake|Recover|p1a: Snkake\n|-heal|p1a: Snkake|54\/100 brn\n|\n|-damage|p1a: Snkake|48\/100 brn|[from] brn\n|upkeep\n|turn|41\n|\n|t:|1664332938\n|move|p2a: Silvally|Multi-Attack|p1a: Snkake\n|-damage|p1a: Snkake|23\/100 brn\n|move|p1a: Snkake|Scald|p2a: Silvally\n|-damage|p2a: Silvally|30\/100\n|\n|-damage|p1a: Snkake|17\/100 brn|[from] brn\n|upkeep\n|turn|42\n|\n|t:|1664332949\n|move|p2a: Silvally|Tailwind|p2a: Silvally\n|-sidestart|p2: FleetFoxxx|move: Tailwind\n|move|p1a: Snkake|Scald|p2a: Silvally\n|-damage|p2a: Silvally|2\/100\n|\n|-damage|p1a: Snkake|11\/100 brn|[from] brn\n|upkeep\n|turn|43\n|\n|t:|1664332960\n|move|p2a: Silvally|Multi-Attack|p1a: Snkake\n|-damage|p1a: Snkake|0 fnt\n|faint|p1a: Snkake\n|\n|upkeep\n|\n|t:|1664332966\n|switch|p1a: Shpeep|Ampharos-Mega, F|47\/100\n|-ability|p1a: Shpeep|Mold Breaker\n|turn|44\n|\n|t:|1664332977\n|move|p2a: Silvally|Multi-Attack|p1a: Shpeep\n|-supereffective|p1a: Shpeep\n|-damage|p1a: Shpeep|0 fnt\n|faint|p1a: Shpeep\n|\n|upkeep\n|\n|t:|1664332981\n|switch|p1a: Spnoon|Alakazam, F|100\/100\n|turn|45\n|j| Matieu\n|c| sh0shin2|go spnoon\n|c| sh0shin2|u got this\n|\n|t:|1664333030\n|move|p2a: Silvally|Multi-Attack|p1a: Spnoon\n|-enditem|p1a: Spnoon|Focus Sash\n|-damage|p1a: Spnoon|1\/100\n|move|p1a: Spnoon|Psyshock|p2a: Silvally\n|-damage|p2a: Silvally|0 fnt\n|faint|p2a: Silvally\n|\n|-sideend|p2: FleetFoxxx|move: Tailwind\n|upkeep\n|c|\u2606KMDolly|he does not\n|\n|t:|1664333039\n|switch|p2a: Pinsir|Pinsir-Mega, F|100\/100\n|-damage|p2a: Pinsir|51\/100|[from] Stealth Rock\n|turn|46\n|\n|t:|1664333043\n|move|p2a: Pinsir|Quick Attack|p1a: Spnoon\n|-damage|p1a: Spnoon|0 fnt\n|faint|p1a: Spnoon\n|\n|win|FleetFoxxx\n|c| DerpyDots|spnoon\n|c| Matieu|spnoon a lil slow..\n|c|\u2606KMDolly|gg\n|c|\u2606FleetFoxxx|gg!\n|c|\u2606KMDolly|i'm ready for g2\n","uploadtime":1664333054,"views":23,"p1id":"kmdolly","p2id":"fleetfoxxx","formatid":"gen8nationaldex","rating":0,"private":0,"password":null}