{"id":"gen8ru-1276853827","p1":"LolzMachine","p2":"Kairak","format":"gen8ru","log":"|j|\u2606LolzMachine\n|j|\u2606Kairak\n|t:|1612557402\n|player|p1|LolzMachine|294|1405\n|player|p2|Kairak|roughneck-gen4|1483\n|teamsize|p1|6\n|teamsize|p2|6\n|gametype|singles\n|gen|8\n|tier|[Gen 8] RU\n|rated|\n|clearpoke\n|poke|p1|Slowbro-Galar, M|\n|poke|p1|Cloyster, F|\n|poke|p1|Togekiss, M|\n|poke|p1|Golurk|\n|poke|p1|Sirfetch\u2019d, F|\n|poke|p1|Dunsparce, F|\n|poke|p2|Heracross, M|\n|poke|p2|Diancie|\n|poke|p2|Volcanion|\n|poke|p2|Flygon, F|\n|poke|p2|Vileplume, F|\n|poke|p2|Magnezone|\n|rule|Sleep Clause Mod: Limit one foe put to sleep\n|rule|Species Clause: Limit one of each Pok\u00e9mon\n|rule|OHKO Clause: OHKO moves are banned\n|rule|Evasion Moves Clause: Evasion moves are banned\n|rule|Endless Battle Clause: Forcing endless battles is banned\n|rule|HP Percentage Mod: HP is shown in percentages\n|rule|Dynamax Clause: You cannot dynamax\n|teampreview\n|\n|t:|1612557406\n|start\n|switch|p1a: Golurk|Golurk|100\/100\n|switch|p2a: Flygon|Flygon, F|100\/100\n|turn|1\n|\n|t:|1612557408\n|move|p2a: Flygon|U-turn|p1a: Golurk\n|-resisted|p1a: Golurk\n|-damage|p1a: Golurk|86\/100\n|inactive|Battle timer is ON: inactive players will automatically lose when time's up. (requested by Kairak)\n|\n|t:|1612557410\n|switch|p2a: Vileplume|Vileplume, F|100\/100|[from]move: U-turn\n|move|p1a: Golurk|Dynamic Punch|p2a: Vileplume\n|-resisted|p2a: Vileplume\n|-damage|p2a: Vileplume|87\/100\n|-start|p2a: Vileplume|confusion\n|\n|-heal|p2a: Vileplume|93\/100|[from] item: Black Sludge\n|upkeep\n|turn|2\n|\n|t:|1612557415\n|move|p1a: Golurk|Stealth Rock|p2a: Vileplume\n|-sidestart|p2: Kairak|move: Stealth Rock\n|-activate|p2a: Vileplume|confusion\n|-damage|p2a: Vileplume|89\/100|[from] confusion\n|\n|-heal|p2a: Vileplume|95\/100|[from] item: Black Sludge\n|upkeep\n|turn|3\n|\n|t:|1612557419\n|move|p1a: Golurk|Poltergeist|p2a: Vileplume\n|-activate|p2a: Vileplume|move: Poltergeist|Black Sludge\n|-damage|p2a: Vileplume|55\/100\n|-activate|p2a: Vileplume|confusion\n|move|p2a: Vileplume|Sleep Powder|p1a: Golurk\n|-status|p1a: Golurk|slp|[from] move: Sleep Powder\n|\n|-heal|p2a: Vileplume|61\/100|[from] item: Black Sludge\n|upkeep\n|turn|4\n|\n|t:|1612557429\n|switch|p1a: Sirfetch\u2019d|Sirfetch\u2019d, F|100\/100\n|switch|p2a: Volcanion|Volcanion|100\/100\n|\n|upkeep\n|turn|5\n|\n|t:|1612557433\n|move|p2a: Volcanion|Defog|p1a: Sirfetch\u2019d\n|-unboost|p1a: Sirfetch\u2019d|evasion|1\n|-sideend|p2: Kairak|Stealth Rock|[from] move: Defog|[of] p2a: Volcanion\n|move|p1a: Sirfetch\u2019d|Close Combat|p2a: Volcanion\n|-damage|p2a: Volcanion|29\/100\n|-unboost|p1a: Sirfetch\u2019d|def|1\n|-unboost|p1a: Sirfetch\u2019d|spd|1\n|\n|upkeep\n|turn|6\n|\n|t:|1612557437\n|switch|p1a: Golurk|Golurk|86\/100 slp\n|move|p2a: Volcanion|Steam Eruption|p1a: Golurk\n|-supereffective|p1a: Golurk\n|-damage|p1a: Golurk|0 fnt\n|faint|p1a: Golurk\n|\n|upkeep\n|\n|t:|1612557441\n|switch|p1a: Togekiss|Togekiss, M|100\/100\n|turn|7\n|\n|t:|1612557452\n|switch|p1a: Sirfetch\u2019d|Sirfetch\u2019d, F|100\/100\n|move|p2a: Volcanion|Toxic|p1a: Sirfetch\u2019d\n|-status|p1a: Sirfetch\u2019d|tox\n|\n|-damage|p1a: Sirfetch\u2019d|94\/100 tox|[from] psn\n|upkeep\n|turn|8\n|\n|t:|1612557455\n|move|p2a: Volcanion|Steam Eruption|p1a: Sirfetch\u2019d\n|-damage|p1a: Sirfetch\u2019d|13\/100 tox\n|move|p1a: Sirfetch\u2019d|Close Combat|p2a: Volcanion\n|-crit|p2a: Volcanion\n|-damage|p2a: Volcanion|0 fnt\n|-unboost|p1a: Sirfetch\u2019d|def|1\n|-unboost|p1a: Sirfetch\u2019d|spd|1\n|faint|p2a: Volcanion\n|\n|-damage|p1a: Sirfetch\u2019d|0 fnt|[from] psn\n|faint|p1a: Sirfetch\u2019d\n|upkeep\n|\n|t:|1612557463\n|switch|p2a: Magnezone|Magnezone|100\/100\n|switch|p1a: Dunsparce|Dunsparce, F|100\/100\n|turn|9\n|\n|t:|1612557470\n|move|p2a: Magnezone|Thunderbolt|p1a: Dunsparce\n|-damage|p1a: Dunsparce|21\/100\n|move|p1a: Dunsparce|Substitute|p1a: Dunsparce\n|-fail|p1a: Dunsparce|move: Substitute|[weak]\n|\n|upkeep\n|turn|10\n|\n|t:|1612557475\n|move|p2a: Magnezone|Thunderbolt|p1a: Dunsparce\n|-damage|p1a: Dunsparce|0 fnt\n|faint|p1a: Dunsparce\n|\n|upkeep\n|\n|t:|1612557476\n|switch|p1a: Togekiss|Togekiss, M|100\/100\n|turn|11\n|\n|t:|1612557478\n|move|p1a: Togekiss|Flamethrower|p2a: Magnezone\n|-supereffective|p2a: Magnezone\n|-damage|p2a: Magnezone|28\/100\n|move|p2a: Magnezone|Thunderbolt|p1a: Togekiss\n|-supereffective|p1a: Togekiss\n|-damage|p1a: Togekiss|0 fnt\n|faint|p1a: Togekiss\n|\n|upkeep\n|\n|t:|1612557480\n|switch|p1a: Slowbro|Slowbro-Galar, M|100\/100\n|turn|12\n|\n|t:|1612557482\n|move|p2a: Magnezone|Thunderbolt|p1a: Slowbro\n|-damage|p1a: Slowbro|0 fnt\n|faint|p1a: Slowbro\n|\n|upkeep\n|\n|t:|1612557485\n|switch|p1a: Cloyster|Cloyster, F|100\/100\n|turn|13\n|\n|t:|1612557486\n|move|p2a: Magnezone|Thunderbolt|p1a: Cloyster\n|-supereffective|p1a: Cloyster\n|-damage|p1a: Cloyster|0 fnt\n|faint|p1a: Cloyster\n|\n|win|Kairak\n|l|\u2606LolzMachine\n","uploadtime":1612557496,"views":49,"p1id":"lolzmachine","p2id":"kairak","formatid":"gen8ru","rating":0,"private":0,"password":null}