{"id":"gen8ou-1161825677","p1":"mongwong","p2":"knexhawk","format":"gen8ou","log":"|j|\u2606mongwong\n|j|\u2606knexhawk\n|t:|1596345446\n|player|p1|mongwong|silver|1570\n|player|p2|knexhawk|benga|1540\n|teamsize|p1|6\n|teamsize|p2|6\n|gametype|singles\n|gen|8\n|tier|[Gen 8] OU\n|rated|\n|html|<div class=\"broadcast-blue\"><strong>OU is currently suspecting Magearna! For information on how to participate check out the <a href=\"https:\/\/www.smogon.com\/forums\/threads\/3667669\/\">suspect thread<\/a>.<\/strong><\/div>\n|clearpoke\n|poke|p1|Kingdra, F|\n|poke|p1|Pelipper, M|\n|poke|p1|Barraskewda, M|\n|poke|p1|Scizor, M|\n|poke|p1|Ferrothorn, F|\n|poke|p1|Magearna|\n|poke|p2|Chansey, F|\n|poke|p2|Hippowdon, F|\n|poke|p2|Skarmory, M|\n|poke|p2|Tangrowth, F|\n|poke|p2|Toxapex, F|\n|poke|p2|Clefable, M|\n|rule|Sleep Clause Mod: Limit one foe put to sleep\n|rule|Species Clause: Limit one of each Pok\u00e9mon\n|rule|OHKO Clause: OHKO moves are banned\n|rule|Evasion Moves Clause: Evasion moves are banned\n|rule|Endless Battle Clause: Forcing endless battles is banned\n|rule|HP Percentage Mod: HP is shown in percentages\n|rule|Dynamax Clause: You cannot dynamax\n|teampreview\n|\n|t:|1596345455\n|start\n|switch|p1a: Magearna|Magearna|100\/100\n|switch|p2a: Hippowdon|Hippowdon, F|100\/100\n|-weather|Sandstorm|[from] ability: Sand Stream|[of] p2a: Hippowdon\n|turn|1\n|c|\u2606knexhawk|im aware im a slut\n|\n|t:|1596345460\n|move|p1a: Magearna|Ice Beam|p2a: Hippowdon\n|-supereffective|p2a: Hippowdon\n|-damage|p2a: Hippowdon|25\/100\n|move|p2a: Hippowdon|Toxic|p1a: Magearna\n|-immune|p1a: Magearna\n|\n|-weather|Sandstorm|[upkeep]\n|upkeep\n|turn|2\n|c|\u2606mongwong|im glad you know\n|\n|t:|1596345474\n|switch|p2a: Chansey|Chansey, F|100\/100\n|move|p1a: Magearna|Volt Switch|p2a: Chansey\n|-damage|p2a: Chansey|91\/100\n|\n|t:|1596345478\n|switch|p1a: Scizor|Scizor, M|100\/100|[from]move: Volt Switch\n|\n|-weather|Sandstorm|[upkeep]\n|-damage|p2a: Chansey|85\/100|[from] Sandstorm\n|upkeep\n|turn|3\n|\n|t:|1596345482\n|switch|p2a: Skarmory|Skarmory, M|100\/100\n|move|p1a: Scizor|Swords Dance|p1a: Scizor\n|-boost|p1a: Scizor|atk|2\n|\n|-weather|Sandstorm|[upkeep]\n|upkeep\n|turn|4\n|\n|t:|1596345485\n|move|p2a: Skarmory|Body Press|p1a: Scizor\n|-damage|p1a: Scizor|70\/100\n|move|p1a: Scizor|Knock Off|p2a: Skarmory\n|-damage|p2a: Skarmory|47\/100\n|-damage|p1a: Scizor|54\/100|[from] item: Rocky Helmet|[of] p2a: Skarmory\n|-enditem|p2a: Skarmory|Rocky Helmet|[from] move: Knock Off|[of] p1a: Scizor\n|-damage|p1a: Scizor|44\/100|[from] item: Life Orb\n|\n|-weather|Sandstorm|[upkeep]\n|upkeep\n|turn|5\n|\n|t:|1596345491\n|move|p2a: Skarmory|Roost|p2a: Skarmory\n|-heal|p2a: Skarmory|97\/100\n|-singleturn|p2a: Skarmory|move: Roost\n|move|p1a: Scizor|Knock Off|p2a: Skarmory\n|-damage|p2a: Skarmory|60\/100\n|-damage|p1a: Scizor|34\/100|[from] item: Life Orb\n|\n|-weather|none\n|upkeep\n|turn|6\n|\n|t:|1596345496\n|switch|p1a: Pelipper|Pelipper, M|100\/100\n|-weather|RainDance|[from] ability: Drizzle|[of] p1a: Pelipper\n|move|p2a: Skarmory|Roost|p2a: Skarmory\n|-heal|p2a: Skarmory|100\/100\n|-singleturn|p2a: Skarmory|move: Roost\n|\n|-weather|RainDance|[upkeep]\n|upkeep\n|turn|7\n|\n|t:|1596345500\n|switch|p2a: Chansey|Chansey, F|85\/100\n|move|p1a: Pelipper|U-turn|p2a: Chansey\n|-damage|p2a: Chansey|80\/100\n|\n|t:|1596345504\n|switch|p1a: Barraskewda|Barraskewda, M|100\/100|[from]move: U-turn\n|\n|-weather|RainDance|[upkeep]\n|upkeep\n|turn|8\n|\n|t:|1596345506\n|switch|p2a: Tangrowth|Tangrowth, F|100\/100\n|move|p1a: Barraskewda|Flip Turn|p2a: Tangrowth\n|-resisted|p2a: Tangrowth\n|-damage|p2a: Tangrowth|81\/100\n|-damage|p1a: Barraskewda|84\/100|[from] item: Rocky Helmet|[of] p2a: Tangrowth\n|\n|t:|1596345513\n|switch|p1a: Magearna|Magearna|100\/100|[from]move: Flip Turn\n|\n|-weather|RainDance|[upkeep]\n|upkeep\n|turn|9\n|\n|t:|1596345516\n|switch|p2a: Toxapex|Toxapex, F|100\/100\n|move|p1a: Magearna|Volt Switch|p2a: Toxapex\n|-supereffective|p2a: Toxapex\n|-damage|p2a: Toxapex|52\/100\n|\n|t:|1596345522\n|switch|p1a: Barraskewda|Barraskewda, M|84\/100|[from]move: Volt Switch\n|\n|-weather|RainDance|[upkeep]\n|-heal|p2a: Toxapex|59\/100|[from] item: Black Sludge\n|upkeep\n|turn|10\n|\n|t:|1596345527\n|switch|p2a: Tangrowth|Tangrowth, F|100\/100\n|move|p1a: Barraskewda|Psychic Fangs|p2a: Tangrowth\n|-damage|p2a: Tangrowth|75\/100\n|-damage|p1a: Barraskewda|68\/100|[from] item: Rocky Helmet|[of] p2a: Tangrowth\n|\n|-weather|RainDance|[upkeep]\n|upkeep\n|turn|11\n|\n|t:|1596345531\n|switch|p1a: Ferrothorn|Ferrothorn, F|100\/100\n|move|p2a: Tangrowth|Knock Off|p1a: Ferrothorn\n|-damage|p1a: Ferrothorn|87\/100\n|-damage|p2a: Tangrowth|63\/100|[from] ability: Iron Barbs|[of] p1a: Ferrothorn\n|-enditem|p1a: Ferrothorn|Leftovers|[from] move: Knock Off|[of] p2a: Tangrowth\n|\n|-weather|RainDance|[upkeep]\n|upkeep\n|turn|12\n|\n|t:|1596345536\n|switch|p2a: Hippowdon|Hippowdon, F|25\/100\n|-weather|Sandstorm|[from] ability: Sand Stream|[of] p2a: Hippowdon\n|move|p1a: Ferrothorn|Stealth Rock|p2a: Hippowdon\n|-sidestart|p2: knexhawk|move: Stealth Rock\n|\n|-weather|Sandstorm|[upkeep]\n|upkeep\n|turn|13\n|\n|t:|1596345539\n|move|p2a: Hippowdon|Slack Off|p2a: Hippowdon\n|-heal|p2a: Hippowdon|75\/100\n|move|p1a: Ferrothorn|Leech Seed|p2a: Hippowdon\n|-start|p2a: Hippowdon|move: Leech Seed\n|\n|-weather|Sandstorm|[upkeep]\n|-damage|p2a: Hippowdon|63\/100|[from] Leech Seed|[of] p1a: Ferrothorn\n|-heal|p1a: Ferrothorn|100\/100|[silent]\n|upkeep\n|turn|14\n|\n|t:|1596345541\n|move|p2a: Hippowdon|Stealth Rock|p1a: Ferrothorn\n|-sidestart|p1: mongwong|move: Stealth Rock\n|move|p1a: Ferrothorn|Knock Off|p2a: Hippowdon\n|-damage|p2a: Hippowdon|52\/100\n|-damage|p1a: Ferrothorn|84\/100|[from] item: Rocky Helmet|[of] p2a: Hippowdon\n|-enditem|p2a: Hippowdon|Rocky Helmet|[from] move: Knock Off|[of] p1a: Ferrothorn\n|\n|-weather|Sandstorm|[upkeep]\n|-damage|p2a: Hippowdon|40\/100|[from] Leech Seed|[of] p1a: Ferrothorn\n|-heal|p1a: Ferrothorn|99\/100|[silent]\n|upkeep\n|turn|15\n|\n|t:|1596345551\n|move|p2a: Hippowdon|Slack Off|p2a: Hippowdon\n|-heal|p2a: Hippowdon|90\/100\n|move|p1a: Ferrothorn|Knock Off|p2a: Hippowdon\n|-damage|p2a: Hippowdon|83\/100\n|\n|-weather|Sandstorm|[upkeep]\n|-damage|p2a: Hippowdon|70\/100|[from] Leech Seed|[of] p1a: Ferrothorn\n|-heal|p1a: Ferrothorn|100\/100|[silent]\n|upkeep\n|turn|16\n|\n|t:|1596345566\n|switch|p1a: Pelipper|Pelipper, M|100\/100\n|-damage|p1a: Pelipper|76\/100|[from] Stealth Rock\n|-weather|RainDance|[from] ability: Drizzle|[of] p1a: Pelipper\n|move|p2a: Hippowdon|Slack Off|p2a: Hippowdon\n|-heal|p2a: Hippowdon|100\/100\n|\n|-weather|RainDance|[upkeep]\n|-damage|p2a: Hippowdon|88\/100|[from] Leech Seed|[of] p1a: Pelipper\n|-heal|p1a: Pelipper|92\/100|[silent]\n|upkeep\n|turn|17\n|\n|t:|1596345570\n|switch|p2a: Chansey|Chansey, F|80\/100\n|-damage|p2a: Chansey|68\/100|[from] Stealth Rock\n|move|p1a: Pelipper|Defog|p2a: Chansey\n|-unboost|p2a: Chansey|evasion|1\n|-sideend|p2: knexhawk|Stealth Rock|[from] move: Defog|[of] p1a: Pelipper\n|-sideend|p1: mongwong|Stealth Rock|[from] move: Defog|[of] p1a: Pelipper\n|\n|-weather|RainDance|[upkeep]\n|upkeep\n|turn|18\n|\n|t:|1596345574\n|move|p1a: Pelipper|U-turn|p2a: Chansey\n|-damage|p2a: Chansey|62\/100\n|\n|t:|1596345576\n|switch|p1a: Scizor|Scizor, M|34\/100|[from]move: U-turn\n|move|p2a: Chansey|Soft-Boiled|p2a: Chansey\n|-heal|p2a: Chansey|100\/100\n|\n|-weather|RainDance|[upkeep]\n|upkeep\n|turn|19\n|\n|t:|1596345583\n|switch|p1a: Barraskewda|Barraskewda, M|68\/100\n|switch|p2a: Skarmory|Skarmory, M|100\/100\n|\n|-weather|RainDance|[upkeep]\n|upkeep\n|turn|20\n|\n|t:|1596345603\n|move|p1a: Barraskewda|Flip Turn|p2a: Skarmory\n|-damage|p2a: Skarmory|60\/100\n|\n|t:|1596345606\n|switch|p1a: Magearna|Magearna|100\/100|[from]move: Flip Turn\n|move|p2a: Skarmory|Body Press|p1a: Magearna\n|-damage|p1a: Magearna|75\/100\n|\n|-weather|RainDance|[upkeep]\n|upkeep\n|turn|21\n|\n|t:|1596345610\n|switch|p2a: Chansey|Chansey, F|100\/100\n|move|p1a: Magearna|Volt Switch|p2a: Chansey\n|-damage|p2a: Chansey|92\/100\n|\n|t:|1596345615\n|switch|p1a: Scizor|Scizor, M|34\/100|[from]move: Volt Switch\n|\n|-weather|RainDance|[upkeep]\n|upkeep\n|turn|22\n|\n|t:|1596345624\n|switch|p2a: Skarmory|Skarmory, M|60\/100\n|move|p1a: Scizor|Knock Off|p2a: Skarmory\n|-damage|p2a: Skarmory|42\/100\n|-damage|p1a: Scizor|24\/100|[from] item: Life Orb\n|\n|-weather|RainDance|[upkeep]\n|upkeep\n|turn|23\n|\n|t:|1596345630\n|switch|p1a: Barraskewda|Barraskewda, M|68\/100\n|move|p2a: Skarmory|Roost|p2a: Skarmory\n|-heal|p2a: Skarmory|92\/100\n|-singleturn|p2a: Skarmory|move: Roost\n|\n|-weather|none\n|upkeep\n|turn|24\n|\n|t:|1596345635\n|move|p1a: Barraskewda|Flip Turn|p2a: Skarmory\n|-damage|p2a: Skarmory|62\/100\n|\n|t:|1596345638\n|switch|p1a: Pelipper|Pelipper, M|92\/100|[from]move: Flip Turn\n|-weather|RainDance|[from] ability: Drizzle|[of] p1a: Pelipper\n|move|p2a: Skarmory|Spikes|p1a: Pelipper\n|-sidestart|p1: mongwong|Spikes\n|\n|-weather|RainDance|[upkeep]\n|upkeep\n|turn|25\n|\n|t:|1596345640\n|switch|p2a: Chansey|Chansey, F|92\/100\n|move|p1a: Pelipper|Defog|p2a: Chansey\n|-unboost|p2a: Chansey|evasion|1\n|-sideend|p1: mongwong|Spikes|[from] move: Defog|[of] p1a: Pelipper\n|\n|-weather|RainDance|[upkeep]\n|upkeep\n|turn|26\n|\n|t:|1596345644\n|move|p1a: Pelipper|U-turn|p2a: Chansey\n|-damage|p2a: Chansey|86\/100\n|\n|t:|1596345647\n|switch|p1a: Magearna|Magearna|75\/100|[from]move: U-turn\n|move|p2a: Chansey|Seismic Toss|p1a: Magearna\n|-damage|p1a: Magearna|48\/100\n|\n|-weather|RainDance|[upkeep]\n|upkeep\n|turn|27\n|\n|t:|1596345650\n|move|p1a: Magearna|Volt Switch|p2a: Chansey\n|-damage|p2a: Chansey|78\/100\n|\n|t:|1596345664\n|switch|p1a: Ferrothorn|Ferrothorn, F|100\/100|[from]move: Volt Switch\n|move|p2a: Chansey|Seismic Toss|p1a: Ferrothorn\n|-damage|p1a: Ferrothorn|72\/100\n|-damage|p2a: Chansey|66\/100|[from] ability: Iron Barbs|[of] p1a: Ferrothorn\n|\n|-weather|RainDance|[upkeep]\n|upkeep\n|turn|28\n|\n|t:|1596345669\n|switch|p2a: Tangrowth|Tangrowth, F|96\/100\n|switch|p1a: Barraskewda|Barraskewda, M|68\/100\n|\n|-weather|RainDance|[upkeep]\n|upkeep\n|turn|29\n|\n|t:|1596345675\n|move|p1a: Barraskewda|Flip Turn|p2a: Tangrowth\n|-resisted|p2a: Tangrowth\n|-damage|p2a: Tangrowth|78\/100\n|-damage|p1a: Barraskewda|51\/100|[from] item: Rocky Helmet|[of] p2a: Tangrowth\n|\n|t:|1596345684\n|switch|p1a: Magearna|Magearna|48\/100|[from]move: Flip Turn\n|move|p2a: Tangrowth|Leech Seed|p1a: Magearna\n|-start|p1a: Magearna|move: Leech Seed\n|\n|-weather|RainDance|[upkeep]\n|-damage|p1a: Magearna|35\/100|[from] Leech Seed|[of] p2a: Tangrowth\n|-heal|p2a: Tangrowth|89\/100|[silent]\n|upkeep\n|turn|30\n|\n|t:|1596345687\n|switch|p2a: Chansey|Chansey, F|66\/100\n|move|p1a: Magearna|Volt Switch|p2a: Chansey\n|-damage|p2a: Chansey|57\/100\n|\n|t:|1596345690\n|switch|p1a: Barraskewda|Barraskewda, M|51\/100|[from]move: Volt Switch\n|\n|-weather|RainDance|[upkeep]\n|upkeep\n|turn|31\n|\n|t:|1596345694\n|switch|p2a: Tangrowth|Tangrowth, F|100\/100\n|move|p1a: Barraskewda|Flip Turn|p2a: Tangrowth\n|-resisted|p2a: Tangrowth\n|-damage|p2a: Tangrowth|82\/100\n|-damage|p1a: Barraskewda|35\/100|[from] item: Rocky Helmet|[of] p2a: Tangrowth\n|\n|t:|1596345696\n|switch|p1a: Kingdra|Kingdra, F|100\/100|[from]move: Flip Turn\n|\n|-weather|none\n|upkeep\n|turn|32\n|\n|t:|1596345701\n|switch|p2a: Chansey|Chansey, F|57\/100\n|move|p1a: Kingdra|Surf|p2a: Chansey\n|-damage|p2a: Chansey|37\/100\n|\n|upkeep\n|turn|33\n|\n|t:|1596345706\n|switch|p1a: Pelipper|Pelipper, M|92\/100\n|-weather|RainDance|[from] ability: Drizzle|[of] p1a: Pelipper\n|move|p2a: Chansey|Soft-Boiled|p2a: Chansey\n|-heal|p2a: Chansey|87\/100\n|\n|-weather|RainDance|[upkeep]\n|upkeep\n|turn|34\n|\n|t:|1596345711\n|move|p1a: Pelipper|U-turn|p2a: Chansey\n|-damage|p2a: Chansey|81\/100\n|c|\u2606knexhawk|lets see this\n|c|\u2606knexhawk|how much does this do\n|j| Whammy696969\n|\n|t:|1596345739\n|switch|p1a: Kingdra|Kingdra, F|100\/100|[from]move: U-turn\n|move|p2a: Chansey|Counter|p1a: Kingdra\n|-damage|p1a: Kingdra|72\/100\n|\n|-weather|RainDance|[upkeep]\n|upkeep\n|turn|35\n|\n|t:|1596345748\n|move|p1a: Kingdra|Surf|p2a: Chansey\n|-damage|p2a: Chansey|54\/100\n|move|p2a: Chansey|Seismic Toss|p1a: Kingdra\n|-damage|p1a: Kingdra|37\/100\n|\n|-weather|RainDance|[upkeep]\n|upkeep\n|turn|36\n|c|\u2606knexhawk|28 lol\n|\n|t:|1596345755\n|switch|p1a: Ferrothorn|Ferrothorn, F|72\/100\n|move|p2a: Chansey|Soft-Boiled|p2a: Chansey\n|-heal|p2a: Chansey|100\/100\n|\n|-weather|RainDance|[upkeep]\n|upkeep\n|turn|37\n|\n|t:|1596345759\n|switch|p2a: Hippowdon|Hippowdon, F|88\/100\n|-weather|Sandstorm|[from] ability: Sand Stream|[of] p2a: Hippowdon\n|move|p1a: Ferrothorn|Leech Seed|p2a: Hippowdon\n|-start|p2a: Hippowdon|move: Leech Seed\n|\n|-weather|Sandstorm|[upkeep]\n|-damage|p2a: Hippowdon|76\/100|[from] Leech Seed|[of] p1a: Ferrothorn\n|-heal|p1a: Ferrothorn|87\/100|[silent]\n|upkeep\n|turn|38\n|\n|t:|1596345765\n|switch|p1a: Kingdra|Kingdra, F|37\/100\n|move|p2a: Hippowdon|Stealth Rock|p1a: Kingdra\n|-sidestart|p1: mongwong|move: Stealth Rock\n|\n|-weather|Sandstorm|[upkeep]\n|-damage|p1a: Kingdra|31\/100|[from] Sandstorm\n|-damage|p2a: Hippowdon|63\/100|[from] Leech Seed|[of] p1a: Kingdra\n|-heal|p1a: Kingdra|49\/100|[silent]\n|upkeep\n|turn|39\n|\n|t:|1596345768\n|switch|p1a: Pelipper|Pelipper, M|92\/100\n|-damage|p1a: Pelipper|67\/100|[from] Stealth Rock\n|-weather|RainDance|[from] ability: Drizzle|[of] p1a: Pelipper\n|switch|p2a: Chansey|Chansey, F|100\/100\n|\n|-weather|RainDance|[upkeep]\n|upkeep\n|turn|40\n|\n|t:|1596345770\n|move|p1a: Pelipper|Defog|p2a: Chansey\n|-unboost|p2a: Chansey|evasion|1\n|-sideend|p1: mongwong|Stealth Rock|[from] move: Defog|[of] p1a: Pelipper\n|move|p2a: Chansey|Toxic|p1a: Pelipper\n|-status|p1a: Pelipper|tox\n|\n|-weather|RainDance|[upkeep]\n|-damage|p1a: Pelipper|61\/100 tox|[from] psn\n|upkeep\n|turn|41\n|\n|t:|1596345773\n|move|p1a: Pelipper|Roost|p1a: Pelipper\n|-heal|p1a: Pelipper|100\/100 tox\n|-singleturn|p1a: Pelipper|move: Roost\n|move|p2a: Chansey|Counter||[still]\n|-fail|p2a: Chansey\n|\n|-weather|RainDance|[upkeep]\n|-damage|p1a: Pelipper|88\/100 tox|[from] psn\n|upkeep\n|turn|42\n|\n|t:|1596345776\n|move|p1a: Pelipper|U-turn|p2a: Chansey\n|-damage|p2a: Chansey|95\/100\n|\n|t:|1596345779\n|switch|p1a: Ferrothorn|Ferrothorn, F|87\/100|[from]move: U-turn\n|move|p2a: Chansey|Counter|p1a: Ferrothorn\n|-damage|p1a: Ferrothorn|66\/100\n|-damage|p2a: Chansey|83\/100|[from] ability: Iron Barbs|[of] p1a: Ferrothorn\n|\n|-weather|RainDance|[upkeep]\n|upkeep\n|turn|43\n|\n|t:|1596345788\n|switch|p2a: Hippowdon|Hippowdon, F|63\/100\n|-weather|Sandstorm|[from] ability: Sand Stream|[of] p2a: Hippowdon\n|switch|p1a: Magearna|Magearna|35\/100\n|\n|-weather|Sandstorm|[upkeep]\n|upkeep\n|turn|44\n|\n|t:|1596345792\n|switch|p2a: Clefable|Clefable, M|100\/100\n|move|p1a: Magearna|Ice Beam|p2a: Clefable\n|-damage|p2a: Clefable|76\/100\n|\n|-weather|Sandstorm|[upkeep]\n|-damage|p2a: Clefable|70\/100|[from] Sandstorm\n|-heal|p2a: Clefable|76\/100|[from] item: Leftovers\n|upkeep\n|turn|45\n|\n|t:|1596345797\n|move|p2a: Clefable|Protect|p2a: Clefable\n|-singleturn|p2a: Clefable|Protect\n|move|p1a: Magearna|Volt Switch|p2a: Clefable\n|-activate|p2a: Clefable|move: Protect\n|\n|-weather|Sandstorm|[upkeep]\n|-damage|p2a: Clefable|70\/100|[from] Sandstorm\n|-heal|p2a: Clefable|76\/100|[from] item: Leftovers\n|upkeep\n|turn|46\n|\n|t:|1596345800\n|move|p1a: Magearna|Volt Switch|p2a: Clefable\n|-damage|p2a: Clefable|58\/100\n|\n|t:|1596345802\n|switch|p1a: Pelipper|Pelipper, M|88\/100 tox|[from]move: Volt Switch\n|-weather|RainDance|[from] ability: Drizzle|[of] p1a: Pelipper\n|move|p2a: Clefable|Moonblast|p1a: Pelipper\n|-damage|p1a: Pelipper|45\/100 tox\n|\n|-weather|RainDance|[upkeep]\n|-heal|p2a: Clefable|64\/100|[from] item: Leftovers\n|-damage|p1a: Pelipper|39\/100 tox|[from] psn\n|upkeep\n|turn|47\n|\n|t:|1596345807\n|switch|p1a: Magearna|Magearna|35\/100\n|move|p2a: Clefable|Wish|p2a: Clefable\n|\n|-weather|RainDance|[upkeep]\n|-heal|p2a: Clefable|70\/100|[from] item: Leftovers\n|upkeep\n|turn|48\n|\n|t:|1596345813\n|switch|p2a: Chansey|Chansey, F|83\/100\n|move|p1a: Magearna|Volt Switch|p2a: Chansey\n|-damage|p2a: Chansey|75\/100\n|\n|t:|1596345816\n|switch|p1a: Barraskewda|Barraskewda, M|35\/100|[from]move: Volt Switch\n|\n|-weather|RainDance|[upkeep]\n|-heal|p2a: Chansey|100\/100|[from] move: Wish|[wisher] Clefable\n|upkeep\n|turn|49\n|\n|t:|1596345821\n|switch|p1a: Ferrothorn|Ferrothorn, F|66\/100\n|switch|p2a: Tangrowth|Tangrowth, F|100\/100\n|\n|-weather|RainDance|[upkeep]\n|upkeep\n|turn|50\n|\n|t:|1596345825\n|move|p2a: Tangrowth|Infestation|p1a: Ferrothorn\n|-damage|p1a: Ferrothorn|62\/100\n|-activate|p1a: Ferrothorn|move: Infestation|[of] p2a: Tangrowth\n|-damage|p2a: Tangrowth|88\/100|[from] ability: Iron Barbs|[of] p1a: Ferrothorn\n|move|p1a: Ferrothorn|Knock Off|p2a: Tangrowth\n|-damage|p2a: Tangrowth|77\/100\n|-damage|p1a: Ferrothorn|45\/100|[from] item: Rocky Helmet|[of] p2a: Tangrowth\n|-enditem|p2a: Tangrowth|Rocky Helmet|[from] move: Knock Off|[of] p1a: Ferrothorn\n|\n|-weather|RainDance|[upkeep]\n|-damage|p1a: Ferrothorn|33\/100|[from] move: Infestation|[partiallytrapped]\n|upkeep\n|turn|51\n|\n|t:|1596345829\n|move|p2a: Tangrowth|Knock Off|p1a: Ferrothorn\n|-damage|p1a: Ferrothorn|23\/100\n|-damage|p2a: Tangrowth|65\/100|[from] ability: Iron Barbs|[of] p1a: Ferrothorn\n|move|p1a: Ferrothorn|Thunder Wave|p2a: Tangrowth\n|-status|p2a: Tangrowth|par\n|\n|-weather|RainDance|[upkeep]\n|-damage|p1a: Ferrothorn|11\/100|[from] move: Infestation|[partiallytrapped]\n|upkeep\n|turn|52\n|\n|t:|1596345834\n|move|p1a: Ferrothorn|Stealth Rock|p2a: Tangrowth\n|-sidestart|p2: knexhawk|move: Stealth Rock\n|move|p2a: Tangrowth|Knock Off|p1a: Ferrothorn\n|-damage|p1a: Ferrothorn|1\/100\n|-damage|p2a: Tangrowth|52\/100 par|[from] ability: Iron Barbs|[of] p1a: Ferrothorn\n|\n|-weather|RainDance|[upkeep]\n|-damage|p1a: Ferrothorn|0 fnt|[from] move: Infestation|[partiallytrapped]\n|faint|p1a: Ferrothorn\n|upkeep\n|\n|t:|1596345840\n|switch|p1a: Barraskewda|Barraskewda, M|35\/100\n|turn|53\n|\n|t:|1596345863\n|move|p1a: Barraskewda|Flip Turn|p2a: Tangrowth\n|-resisted|p2a: Tangrowth\n|-damage|p2a: Tangrowth|31\/100 par\n|\n|t:|1596345870\n|switch|p1a: Magearna|Magearna|35\/100|[from]move: Flip Turn\n|cant|p2a: Tangrowth|par\n|\n|-weather|none\n|upkeep\n|turn|54\n|\n|t:|1596345881\n|switch|p2a: Chansey|Chansey, F|100\/100\n|-damage|p2a: Chansey|88\/100|[from] Stealth Rock\n|move|p1a: Magearna|Volt Switch|p2a: Chansey\n|-damage|p2a: Chansey|79\/100\n|\n|t:|1596345886\n|switch|p1a: Barraskewda|Barraskewda, M|35\/100|[from]move: Volt Switch\n|\n|upkeep\n|turn|55\n|\n|t:|1596345890\n|move|p1a: Barraskewda|Flip Turn|p2a: Chansey\n|-damage|p2a: Chansey|46\/100\n|\n|t:|1596345894\n|switch|p1a: Pelipper|Pelipper, M|39\/100 tox|[from]move: Flip Turn\n|-weather|RainDance|[from] ability: Drizzle|[of] p1a: Pelipper\n|move|p2a: Chansey|Counter|p1a: Pelipper\n|-damage|p1a: Pelipper|0 fnt\n|faint|p1a: Pelipper\n|\n|-weather|RainDance|[upkeep]\n|upkeep\n|c|\u2606knexhawk|sack something\n|\n|t:|1596345898\n|switch|p1a: Barraskewda|Barraskewda, M|35\/100\n|turn|56\n|\n|t:|1596345905\n|switch|p2a: Hippowdon|Hippowdon, F|63\/100\n|-damage|p2a: Hippowdon|57\/100|[from] Stealth Rock\n|-weather|Sandstorm|[from] ability: Sand Stream|[of] p2a: Hippowdon\n|move|p1a: Barraskewda|Liquidation|p2a: Hippowdon\n|-supereffective|p2a: Hippowdon\n|-damage|p2a: Hippowdon|0 fnt\n|faint|p2a: Hippowdon\n|\n|-weather|Sandstorm|[upkeep]\n|-damage|p1a: Barraskewda|29\/100|[from] Sandstorm\n|upkeep\n|\n|t:|1596345913\n|switch|p2a: Skarmory|Skarmory, M|62\/100\n|-damage|p2a: Skarmory|49\/100|[from] Stealth Rock\n|turn|57\n|\n|t:|1596345926\n|switch|p1a: Scizor|Scizor, M|24\/100\n|move|p2a: Skarmory|Roost|p2a: Skarmory\n|-heal|p2a: Skarmory|99\/100\n|-singleturn|p2a: Skarmory|move: Roost\n|\n|-weather|Sandstorm|[upkeep]\n|upkeep\n|turn|58\n|\n|t:|1596345931\n|move|p2a: Skarmory|Spikes|p1a: Scizor\n|-sidestart|p1: mongwong|Spikes\n|move|p1a: Scizor|Swords Dance|p1a: Scizor\n|-boost|p1a: Scizor|atk|2\n|\n|-weather|Sandstorm|[upkeep]\n|upkeep\n|turn|59\n|\n|t:|1596345935\n|move|p2a: Skarmory|Body Press|p1a: Scizor\n|-damage|p1a: Scizor|0 fnt\n|faint|p1a: Scizor\n|\n|-weather|Sandstorm|[upkeep]\n|upkeep\n|-message|mongwong forfeited.\n|\n|win|knexhawk\n|l|\u2606mongwong\n|raw|mongwong's rating: 1570 &rarr; <strong>1549<\/strong><br \/>(-21 for losing)\n|raw|knexhawk's rating: 1540 &rarr; <strong>1562<\/strong><br \/>(+22 for winning)\n|l|\u2606knexhawk\n|l| Whammy696969\n","uploadtime":1596346171,"views":16,"p1id":"mongwong","p2id":"knexhawk","formatid":"gen8ou","rating":1549,"private":0,"password":null}