{"id":"gen8ou-1637856878","p1":"VivaHonduras","p2":"cqnb","format":"gen8ou","log":"|j|\u2606VivaHonduras\n|j|\u2606cqnb\n|t:|1660283074\n|gametype|singles\n|player|p1|VivaHonduras|steven|1582\n|player|p2|cqnb|dawn-gen4pt|1537\n|teamsize|p1|6\n|teamsize|p2|6\n|gen|8\n|tier|[Gen 8] OU\n|rated|\n|rule|Sleep Clause Mod: Limit one foe put to sleep\n|rule|Species Clause: Limit one of each Pok\u00e9mon\n|rule|OHKO Clause: OHKO moves are banned\n|rule|Evasion Items Clause: Evasion items are banned\n|rule|Evasion Moves Clause: Evasion moves are banned\n|rule|Endless Battle Clause: Forcing endless battles is banned\n|rule|HP Percentage Mod: HP is shown in percentages\n|rule|Dynamax Clause: You cannot dynamax\n|clearpoke\n|poke|p1|Greedent, F|\n|poke|p1|Magnezone|\n|poke|p1|Ninetales-Alola, F|\n|poke|p1|Hatterene, F|\n|poke|p1|Dragonite, F|\n|poke|p1|Zeraora|\n|poke|p2|Garchomp, F|\n|poke|p2|Aegislash, F|\n|poke|p2|Dragapult, M|\n|poke|p2|Urshifu-*, F|\n|poke|p2|Rillaboom, M|\n|poke|p2|Bisharp, M|\n|teampreview\n|inactive|Battle timer is ON: inactive players will automatically lose when time's up. (requested by cqnb)\n|\n|t:|1660283097\n|start\n|switch|p1a: Ninetales|Ninetales-Alola, F|100\/100\n|switch|p2a: Dragapult|Dragapult, M|100\/100\n|-weather|Hail|[from] ability: Snow Warning|[of] p1a: Ninetales\n|turn|1\n|\n|t:|1660283100\n|move|p2a: Dragapult|Flamethrower|p1a: Ninetales\n|-supereffective|p1a: Ninetales\n|-damage|p1a: Ninetales|11\/100\n|move|p1a: Ninetales|Aurora Veil|p1a: Ninetales\n|-sidestart|p1: VivaHonduras|move: Aurora Veil\n|\n|-weather|Hail|[upkeep]\n|-damage|p2a: Dragapult|95\/100|[from] Hail\n|upkeep\n|turn|2\n|\n|t:|1660283120\n|switch|p1a: Greedent|Greedent, F, shiny|100\/100\n|move|p2a: Dragapult|Flamethrower|p1a: Greedent\n|-damage|p1a: Greedent|61\/100\n|\n|-weather|Hail|[upkeep]\n|-damage|p2a: Dragapult|89\/100|[from] Hail\n|-damage|p1a: Greedent|55\/100|[from] Hail\n|upkeep\n|turn|3\n|\n|t:|1660283128\n|move|p2a: Dragapult|Flamethrower|p1a: Greedent\n|-damage|p1a: Greedent|16\/100\n|-enditem|p1a: Greedent|Liechi Berry|[eat]\n|-boost|p1a: Greedent|atk|1|[from] item: Liechi Berry\n|-heal|p1a: Greedent|49\/100|[from] ability: Cheek Pouch\n|move|p1a: Greedent|Earthquake|p2a: Dragapult\n|-damage|p2a: Dragapult|37\/100\n|\n|-weather|Hail|[upkeep]\n|-damage|p2a: Dragapult|31\/100|[from] Hail\n|-damage|p1a: Greedent|43\/100|[from] Hail\n|upkeep\n|turn|4\n|\n|t:|1660283136\n|move|p2a: Dragapult|Flamethrower|p1a: Greedent\n|-damage|p1a: Greedent|5\/100\n|move|p1a: Greedent|Earthquake|p2a: Dragapult\n|-damage|p2a: Dragapult|0 fnt\n|faint|p2a: Dragapult\n|\n|-weather|Hail|[upkeep]\n|-damage|p1a: Greedent|0 fnt|[from] Hail\n|faint|p1a: Greedent\n|upkeep\n|\n|t:|1660283148\n|switch|p2a: Garchomp|Garchomp, F|100\/100\n|switch|p1a: Zeraora|Zeraora|100\/100\n|turn|5\n|\n|t:|1660283153\n|switch|p1a: Hatterene|Hatterene, F|100\/100\n|move|p2a: Garchomp|Earthquake|p1a: Hatterene\n|-damage|p1a: Hatterene|82\/100\n|\n|-weather|none\n|-heal|p1a: Hatterene|88\/100|[from] item: Leftovers\n|upkeep\n|turn|6\n|\n|t:|1660283159\n|switch|p2a: Bisharp|Bisharp, M|100\/100\n|move|p1a: Hatterene|Mystical Fire|p2a: Bisharp\n|-supereffective|p2a: Bisharp\n|-damage|p2a: Bisharp|31\/100\n|-unboost|p2a: Bisharp|spa|1\n|-ability|p2a: Bisharp|Defiant\n|-boost|p2a: Bisharp|atk|2\n|\n|-heal|p1a: Hatterene|94\/100|[from] item: Leftovers\n|upkeep\n|turn|7\n|\n|t:|1660283166\n|switch|p1a: Magnezone|Magnezone|100\/100\n|move|p2a: Bisharp|Knock Off|p1a: Magnezone\n|-damage|p1a: Magnezone|50\/100\n|-enditem|p1a: Magnezone|Leftovers|[from] move: Knock Off|[of] p2a: Bisharp\n|-damage|p2a: Bisharp|21\/100|[from] item: Life Orb\n|\n|upkeep\n|turn|8\n|\n|t:|1660283173\n|move|p2a: Bisharp|Sucker Punch|p1a: Magnezone\n|-damage|p1a: Magnezone|16\/100\n|-damage|p2a: Bisharp|11\/100|[from] item: Life Orb\n|move|p1a: Magnezone|Body Press|p2a: Bisharp\n|-supereffective|p2a: Bisharp\n|-damage|p2a: Bisharp|0 fnt\n|faint|p2a: Bisharp\n|\n|-sideend|p1: VivaHonduras|move: Aurora Veil\n|upkeep\n|\n|t:|1660283185\n|switch|p2a: Urshifu|Urshifu-Rapid-Strike, F|100\/100\n|turn|9\n|\n|t:|1660283189\n|move|p2a: Urshifu|Surging Strikes|p1a: Magnezone\n|-crit|p1a: Magnezone\n|-damage|p1a: Magnezone|1\/100\n|-crit|p1a: Magnezone\n|-damage|p1a: Magnezone|0 fnt\n|faint|p1a: Magnezone\n|-hitcount|p1: Magnezone|2\n|\n|upkeep\n|\n|t:|1660283202\n|switch|p1a: Ninetales|Ninetales-Alola, F|11\/100\n|-weather|Hail|[from] ability: Snow Warning|[of] p1a: Ninetales\n|turn|10\n|\n|t:|1660283205\n|switch|p2a: Aegislash|Aegislash, F|100\/100\n|move|p1a: Ninetales|Aurora Veil|p1a: Ninetales\n|-sidestart|p1: VivaHonduras|move: Aurora Veil\n|\n|-weather|Hail|[upkeep]\n|-damage|p2a: Aegislash|94\/100|[from] Hail\n|upkeep\n|turn|11\n|\n|t:|1660283213\n|move|p1a: Ninetales|Grudge|p1a: Ninetales\n|-singlemove|p1a: Ninetales|Grudge\n|-formechange|p2a: Aegislash|Aegislash-Blade||[from] ability: Stance Change\n|move|p2a: Aegislash|Shadow Ball|p1a: Ninetales\n|-damage|p1a: Ninetales|0 fnt\n|faint|p1a: Ninetales\n|-activate|p2a: Aegislash|move: Grudge|Shadow Ball\n|\n|-weather|Hail|[upkeep]\n|-damage|p2a: Aegislash|88\/100|[from] Hail\n|upkeep\n|\n|t:|1660283222\n|switch|p1a: Dragonite|Dragonite, F|100\/100\n|turn|12\n|\n|t:|1660283229\n|switch|p2a: Urshifu|Urshifu-Rapid-Strike, F|100\/100\n|move|p1a: Dragonite|Dragon Dance|p1a: Dragonite\n|-boost|p1a: Dragonite|atk|1\n|-boost|p1a: Dragonite|spe|1\n|\n|-weather|Hail|[upkeep]\n|-damage|p1a: Dragonite|94\/100|[from] Hail\n|-damage|p2a: Urshifu|94\/100|[from] Hail\n|upkeep\n|turn|13\n|\n|t:|1660283233\n|move|p1a: Dragonite|Dual Wingbeat|p2a: Urshifu\n|-supereffective|p2a: Urshifu\n|-damage|p2a: Urshifu|35\/100\n|-supereffective|p2a: Urshifu\n|-damage|p2a: Urshifu|0 fnt\n|faint|p2a: Urshifu\n|-hitcount|p2: Urshifu|2\n|\n|-weather|Hail|[upkeep]\n|-damage|p1a: Dragonite|88\/100|[from] Hail\n|upkeep\n|\n|t:|1660283236\n|switch|p2a: Garchomp|Garchomp, F|100\/100\n|turn|14\n|\n|t:|1660283240\n|switch|p1a: Hatterene|Hatterene, F|94\/100\n|move|p2a: Garchomp|Stealth Rock|p1a: Hatterene\n|move|p1a: Hatterene|Stealth Rock|p2a: Garchomp|[from]ability: Magic Bounce\n|-sidestart|p2: cqnb|move: Stealth Rock\n|\n|-weather|none\n|-heal|p1a: Hatterene|99\/100|[from] item: Leftovers\n|upkeep\n|turn|15\n|\n|t:|1660283247\n|switch|p2a: Aegislash|Aegislash, F|88\/100\n|-damage|p2a: Aegislash|82\/100|[from] Stealth Rock\n|move|p1a: Hatterene|Calm Mind|p1a: Hatterene\n|-boost|p1a: Hatterene|spa|1\n|-boost|p1a: Hatterene|spd|1\n|\n|-heal|p1a: Hatterene|100\/100|[from] item: Leftovers\n|upkeep\n|turn|16\n|\n|t:|1660283252\n|-formechange|p2a: Aegislash|Aegislash-Blade||[from] ability: Stance Change\n|move|p2a: Aegislash|Flash Cannon|p1a: Hatterene\n|-supereffective|p1a: Hatterene\n|-damage|p1a: Hatterene|45\/100\n|move|p1a: Hatterene|Mystical Fire|p2a: Aegislash\n|-supereffective|p2a: Aegislash\n|-damage|p2a: Aegislash|0 fnt\n|faint|p2a: Aegislash\n|\n|-heal|p1a: Hatterene|51\/100|[from] item: Leftovers\n|upkeep\n|\n|t:|1660283256\n|switch|p2a: Rillaboom|Rillaboom, M|100\/100\n|-damage|p2a: Rillaboom|88\/100|[from] Stealth Rock\n|-fieldstart|move: Grassy Terrain|[from] ability: Grassy Surge|[of] p2a: Rillaboom\n|turn|17\n|\n|t:|1660283261\n|move|p2a: Rillaboom|Grassy Glide|p1a: Hatterene\n|-damage|p1a: Hatterene|23\/100\n|-damage|p2a: Rillaboom|78\/100|[from] item: Life Orb\n|move|p1a: Hatterene|Draining Kiss|p2a: Rillaboom\n|-damage|p2a: Rillaboom|37\/100\n|-heal|p1a: Hatterene|56\/100|[from] drain|[of] p2a: Rillaboom\n|\n|-heal|p2a: Rillaboom|43\/100|[from] Grassy Terrain\n|-heal|p1a: Hatterene|62\/100|[from] Grassy Terrain\n|-heal|p1a: Hatterene|68\/100|[from] item: Leftovers\n|-sideend|p1: VivaHonduras|move: Aurora Veil\n|upkeep\n|turn|18\n|\n|t:|1660283265\n|move|p2a: Rillaboom|Grassy Glide|p1a: Hatterene\n|-damage|p1a: Hatterene|11\/100\n|-damage|p2a: Rillaboom|33\/100|[from] item: Life Orb\n|move|p1a: Hatterene|Draining Kiss|p2a: Rillaboom\n|-damage|p2a: Rillaboom|0 fnt\n|-heal|p1a: Hatterene|37\/100|[from] drain|[of] p2a: Rillaboom\n|faint|p2a: Rillaboom\n|\n|-heal|p1a: Hatterene|43\/100|[from] Grassy Terrain\n|-heal|p1a: Hatterene|49\/100|[from] item: Leftovers\n|upkeep\n|\n|t:|1660283268\n|switch|p2a: Garchomp|Garchomp, F|100\/100\n|-damage|p2a: Garchomp|94\/100|[from] Stealth Rock\n|turn|19\n|\n|t:|1660283275\n|move|p2a: Garchomp|Flamethrower|p1a: Hatterene\n|-damage|p1a: Hatterene|37\/100\n|move|p1a: Hatterene|Calm Mind|p1a: Hatterene\n|-boost|p1a: Hatterene|spa|1\n|-boost|p1a: Hatterene|spd|1\n|\n|-heal|p2a: Garchomp|100\/100|[from] Grassy Terrain\n|-heal|p1a: Hatterene|43\/100|[from] Grassy Terrain\n|-heal|p1a: Hatterene|49\/100|[from] item: Leftovers\n|upkeep\n|turn|20\n|\n|t:|1660283278\n|move|p2a: Garchomp|Earthquake|p1a: Hatterene\n|-damage|p1a: Hatterene|32\/100\n|move|p1a: Hatterene|Draining Kiss|p2a: Garchomp\n|-supereffective|p2a: Garchomp\n|-damage|p2a: Garchomp|18\/100\n|-heal|p1a: Hatterene|100\/100|[from] drain|[of] p2a: Garchomp\n|-damage|p1a: Hatterene|88\/100|[from] ability: Rough Skin|[of] p2a: Garchomp\n|-damage|p1a: Hatterene|72\/100|[from] item: Rocky Helmet|[of] p2a: Garchomp\n|\n|-heal|p2a: Garchomp|24\/100|[from] Grassy Terrain\n|-heal|p1a: Hatterene|78\/100|[from] Grassy Terrain\n|-heal|p1a: Hatterene|84\/100|[from] item: Leftovers\n|upkeep\n|turn|21\n|\n|t:|1660283282\n|move|p2a: Garchomp|Earthquake|p1a: Hatterene\n|-damage|p1a: Hatterene|65\/100\n|move|p1a: Hatterene|Psyshock|p2a: Garchomp\n|-damage|p2a: Garchomp|0 fnt\n|faint|p2a: Garchomp\n|\n|win|VivaHonduras\n|raw|VivaHonduras's rating: 1582 &rarr; <strong>1599<\/strong><br \/>(+17 for winning)\n|raw|cqnb's rating: 1537 &rarr; <strong>1520<\/strong><br \/>(-17 for losing)\n|l|\u2606VivaHonduras\n","uploadtime":1660283308,"views":16,"p1id":"vivahonduras","p2id":"cqnb","formatid":"gen8ou","rating":1520,"private":0,"password":null}