{"id":"gen8waterparadise-1371165691","p1":"lebanesestinker","p2":"MageKage","format":"gen8waterparadise","log":"|j|\u2606lebanesestinker\n|j|\u2606MageKage\n|t:|1625513904\n|gametype|singles\n|player|p1|lebanesestinker|policeman|1168\n|player|p2|MageKage|blue|1000\n|teamsize|p1|6\n|teamsize|p2|6\n|gen|8\n|tier|[Gen 8] Water Paradise\n|rated|\n|rule|Species Clause: Limit one of each Pok\u00e9mon\n|rule|Item Clause: Limit one of each item\n|clearpoke\n|poke|p1|Barbaracle, L50, M|\n|poke|p1|Ludicolo, L50, F|\n|poke|p1|Starmie, L50|\n|poke|p1|Lanturn, L50, M|\n|poke|p1|Sharpedo, L50, M|\n|poke|p1|Gyarados, L50, F|\n|poke|p2|Ludicolo, L50, M|\n|poke|p2|Poliwrath, L50, F|\n|poke|p2|Rotom-Wash, L50|\n|poke|p2|Gyarados, L50, M|\n|poke|p2|Sharpedo, L50, F|\n|poke|p2|Toxapex, L50, M|\n|teampreview|3\n|inactive|Battle timer is ON: inactive players will automatically lose when time's up. (requested by lebanesestinker)\n|\n|t:|1625513928\n|start\n|switch|p1a: Lanturn|Lanturn, L50, M|100\/100\n|switch|p2a: Poliwrath|Poliwrath, L50, F|100\/100\n|turn|1\n|\n|t:|1625513942\n|switch|p2a: Rotom|Rotom-Wash, L50|100\/100\n|move|p1a: Lanturn|Volt Switch|p2a: Rotom\n|-damage|p2a: Rotom|75\/100\n|\n|t:|1625513948\n|switch|p1a: Starmie|Starmie, L50|100\/100|[from]move: Volt Switch\n|\n|upkeep\n|turn|2\n|\n|t:|1625513956\n|switch|p1a: Lanturn|Lanturn, L50, M|100\/100\n|move|p2a: Rotom|Thunderbolt|p1a: Lanturn\n|-immune|p1a: Lanturn|[from] ability: Volt Absorb\n|\n|upkeep\n|turn|3\n|\n|t:|1625513964\n|move|p2a: Rotom|Will-O-Wisp|p1a: Lanturn\n|-status|p1a: Lanturn|brn\n|move|p1a: Lanturn|Thunderbolt|p2a: Rotom\n|-damage|p2a: Rotom|38\/100\n|\n|-damage|p1a: Lanturn|94\/100 brn|[from] brn\n|upkeep\n|turn|4\n|\n|t:|1625513976\n|move|p2a: Rotom|Nasty Plot|p2a: Rotom\n|-boost|p2a: Rotom|spa|2\n|move|p1a: Lanturn|Thunderbolt|p2a: Rotom\n|-damage|p2a: Rotom|4\/100\n|\n|-damage|p1a: Lanturn|88\/100 brn|[from] brn\n|upkeep\n|turn|5\n|\n|t:|1625513985\n|move|p2a: Rotom|Hydro Pump|p1a: Lanturn\n|-resisted|p1a: Lanturn\n|-damage|p1a: Lanturn|46\/100 brn\n|move|p1a: Lanturn|Volt Switch|p2a: Rotom\n|-damage|p2a: Rotom|0 fnt\n|faint|p2a: Rotom\n|\n|t:|1625513987\n|switch|p1a: Starmie|Starmie, L50|100\/100|[from]move: Volt Switch\n|\n|upkeep\n|\n|t:|1625513997\n|switch|p2a: Gyarados|Gyarados, L50, M|100\/100\n|-ability|p2a: Gyarados|Intimidate|boost\n|-unboost|p1a: Starmie|atk|1\n|turn|6\n|\n|t:|1625514004\n|-start|p1a: Starmie|Dynamax\n|-heal|p1a: Starmie|100\/100|[silent]\n|-start|p2a: Gyarados|Dynamax\n|-heal|p2a: Gyarados|100\/100|[silent]\n|move|p1a: Starmie|Max Lightning|p2a: Gyarados\n|-supereffective|p2a: Gyarados\n|-damage|p2a: Gyarados|6\/100\n|-fieldstart|move: Electric Terrain\n|move|p2a: Gyarados|Max Overgrowth|p1a: Starmie\n|-supereffective|p1a: Starmie\n|-damage|p1a: Starmie|12\/100\n|-fieldstart|move: Grassy Terrain\n|\n|-heal|p1a: Starmie|15\/100|[from] Grassy Terrain\n|upkeep\n|turn|7\n|\n|t:|1625514023\n|move|p1a: Starmie|Max Mindstorm|p2a: Gyarados\n|-damage|p2a: Gyarados|0 fnt\n|-fieldstart|move: Psychic Terrain\n|faint|p2a: Gyarados\n|\n|upkeep\n|\n|t:|1625514029\n|switch|p2a: Poliwrath|Poliwrath, L50, F|100\/100\n|turn|8\n|\n|t:|1625514040\n|move|p1a: Starmie|Max Mindstorm|p2a: Poliwrath\n|-supereffective|p2a: Poliwrath\n|-damage|p2a: Poliwrath|0 fnt\n|faint|p2a: Poliwrath\n|\n|win|lebanesestinker\n|raw|lebanesestinker's rating: 1167 &rarr; <strong>1181<\/strong><br \/>(+14 for winning)\n|raw|MageKage's rating: 1000 &rarr; <strong>1000<\/strong><br \/>(+0 for losing)\n|l|\u2606MageKage\n|l|\u2606lebanesestinker\n||Ladder isn't responding, score probably updated but might not have (Request timeout).\n","uploadtime":1625514301,"views":4,"p1id":"lebanesestinker","p2id":"magekage","formatid":"gen8waterparadise","rating":1000,"private":0,"password":null}