{"id":"gen8ou-1684694186","p1":"singx6ds","p2":"Diameter\u272fXtreme","format":"gen8ou","log":"|html|<div class=\"broadcast-blue\"><strong>[Gen 8] OU is currently suspecting Melmetal! For information on how to participate check out the <a href=\"https:\/\/www.smogon.com\/forums\/threads\/np-ss-ou-suspect-process-round-12-monster-mash.3709234\/\">suspect thread<\/a>.<\/strong><\/div>\n|j|\u2606singx6ds\n|j|\u2606Diameter\u272fXtreme\n|t:|1665665454\n|gametype|singles\n|player|p1|singx6ds|265|1536\n|player|p2|Diameter\u272fXtreme|jasmine-gen2|1581\n|teamsize|p1|6\n|teamsize|p2|6\n|gen|8\n|tier|[Gen 8] OU\n|rated|\n|rule|Sleep Clause Mod: Limit one foe put to sleep\n|rule|Species Clause: Limit one of each Pok\u00e9mon\n|rule|OHKO Clause: OHKO moves are banned\n|rule|Evasion Items Clause: Evasion items are banned\n|rule|Evasion Moves Clause: Evasion moves are banned\n|rule|Endless Battle Clause: Forcing endless battles is banned\n|rule|HP Percentage Mod: HP is shown in percentages\n|rule|Dynamax Clause: You cannot dynamax\n|clearpoke\n|poke|p1|Shuckle, M|\n|poke|p1|Zapdos-Galar|\n|poke|p1|Cloyster, F|\n|poke|p1|Mimikyu, M|\n|poke|p1|Nidoking, M|\n|poke|p1|Gengar, F|\n|poke|p2|Drampa, M|\n|poke|p2|Landorus-Therian, M|\n|poke|p2|Urshifu-*, F|\n|poke|p2|Corviknight, F|\n|poke|p2|Toxapex, M|\n|poke|p2|Slowking-Galar, F|\n|teampreview\n|inactive|Battle timer is ON: inactive players will automatically lose when time's up. (requested by Diameter\u272fXtreme)\n|inactive|Diameter\u272fXtreme has 120 seconds left.\n|\n|t:|1665665485\n|start\n|switch|p1a: Gengar|Gengar, F|100\/100\n|switch|p2a: Urshifu|Urshifu-Rapid-Strike, F|100\/100\n|turn|1\n|\n|t:|1665665502\n|move|p1a: Gengar|Destiny Bond|p1a: Gengar\n|-singlemove|p1a: Gengar|Destiny Bond\n|move|p2a: Urshifu|Surging Strikes|p1a: Gengar\n|-crit|p1a: Gengar\n|-damage|p1a: Gengar|61\/100\n|-crit|p1a: Gengar\n|-damage|p1a: Gengar|19\/100\n|-start|p2a: Urshifu|Disable|Surging Strikes|[from] ability: Cursed Body|[of] p1a: Gengar\n|-crit|p1a: Gengar\n|-damage|p1a: Gengar|0 fnt\n|faint|p1a: Gengar\n|-activate|p1a: Gengar|move: Destiny Bond\n|faint|p2a: Urshifu\n|-hitcount|p1: Gengar|3\n|\n|upkeep\n|\n|t:|1665665515\n|switch|p1a: Shuckle|Shuckle, M|100\/100\n|switch|p2a: Landorus|Landorus-Therian, M|100\/100\n|-ability|p2a: Landorus|Intimidate|boost\n|-unboost|p1a: Shuckle|atk|1\n|turn|2\n|\n|t:|1665665519\n|move|p2a: Landorus|Earthquake|p1a: Shuckle\n|-damage|p1a: Shuckle|69\/100\n|-enditem|p1a: Shuckle|Red Card|[of] p2a: Landorus\n|drag|p2a: Corviknight|Corviknight, F|100\/100\n|-ability|p2a: Corviknight|Pressure\n|move|p1a: Shuckle|Sticky Web|p2a: Corviknight\n|-sidestart|p2: Diameter\u272fXtreme|move: Sticky Web\n|\n|upkeep\n|turn|3\n|\n|t:|1665665526\n|switch|p1a: Zapdos|Zapdos-Galar|100\/100\n|move|p2a: Corviknight|Defog|p1a: Zapdos\n|-unboost|p1a: Zapdos|evasion|1\n|-ability|p1a: Zapdos|Defiant|boost\n|-boost|p1a: Zapdos|atk|2\n|-sideend|p2: Diameter\u272fXtreme|Sticky Web|[from] move: Defog|[of] p2a: Corviknight\n|\n|upkeep\n|turn|4\n|\n|t:|1665665533\n|move|p1a: Zapdos|Brave Bird|p2a: Corviknight\n|-resisted|p2a: Corviknight\n|-damage|p2a: Corviknight|40\/100\n|-damage|p1a: Zapdos|84\/100|[from] item: Rocky Helmet|[of] p2a: Corviknight\n|-damage|p1a: Zapdos|59\/100|[from] Recoil\n|move|p2a: Corviknight|U-turn|p1a: Zapdos\n|-resisted|p1a: Zapdos\n|-damage|p1a: Zapdos|56\/100\n|\n|t:|1665665538\n|switch|p2a: Landorus|Landorus-Therian, M|100\/100|[from]move: U-turn\n|-ability|p2a: Landorus|Intimidate|boost\n|-unboost|p1a: Zapdos|atk|1\n|-ability|p1a: Zapdos|Defiant|boost\n|-boost|p1a: Zapdos|atk|2\n|\n|upkeep\n|turn|5\n|\n|t:|1665665544\n|move|p2a: Landorus|Stone Edge|p1a: Zapdos\n|-damage|p1a: Zapdos|10\/100\n|move|p1a: Zapdos|Brave Bird|p2a: Landorus\n|-damage|p2a: Landorus|0 fnt\n|faint|p2a: Landorus\n|-damage|p1a: Zapdos|0 fnt|[from] Recoil\n|faint|p1a: Zapdos\n|\n|upkeep\n|\n|t:|1665665559\n|switch|p1a: Cloyster|Cloyster, F|100\/100\n|switch|p2a: Drampa|Drampa, M|100\/100\n|turn|6\n|\n|t:|1665665564\n|move|p1a: Cloyster|Shell Smash|p1a: Cloyster\n|-unboost|p1a: Cloyster|def|1\n|-unboost|p1a: Cloyster|spd|1\n|-boost|p1a: Cloyster|atk|2\n|-boost|p1a: Cloyster|spa|2\n|-boost|p1a: Cloyster|spe|2\n|move|p2a: Drampa|Hyper Voice|p1a: Cloyster\n|-enditem|p1a: Cloyster|Focus Sash\n|-damage|p1a: Cloyster|1\/100\n|\n|upkeep\n|turn|7\n|\n|t:|1665665569\n|switch|p2a: Toxapex|Toxapex, M|100\/100\n|move|p1a: Cloyster|Icicle Spear|p2a: Toxapex\n|-resisted|p2a: Toxapex\n|-damage|p2a: Toxapex|94\/100\n|-resisted|p2a: Toxapex\n|-damage|p2a: Toxapex|87\/100\n|-resisted|p2a: Toxapex\n|-damage|p2a: Toxapex|81\/100\n|-resisted|p2a: Toxapex\n|-damage|p2a: Toxapex|75\/100\n|-resisted|p2a: Toxapex\n|-damage|p2a: Toxapex|70\/100\n|-hitcount|p2a: Toxapex|5\n|\n|upkeep\n|turn|8\n|\n|t:|1665665573\n|move|p1a: Cloyster|Rock Blast|p2a: Toxapex\n|-damage|p2a: Toxapex|62\/100\n|-damage|p2a: Toxapex|53\/100\n|-damage|p2a: Toxapex|44\/100\n|-damage|p2a: Toxapex|36\/100\n|-damage|p2a: Toxapex|27\/100\n|-hitcount|p2a: Toxapex|5\n|move|p2a: Toxapex|Scald|p1a: Cloyster\n|-resisted|p1a: Cloyster\n|-damage|p1a: Cloyster|0 fnt\n|faint|p1a: Cloyster\n|\n|upkeep\n|\n|t:|1665665583\n|switch|p1a: Nidoking|Nidoking, M|100\/100\n|turn|9\n|\n|t:|1665665589\n|switch|p2a: Corviknight|Corviknight, F|40\/100\n|-ability|p2a: Corviknight|Pressure\n|move|p1a: Nidoking|Earth Power|p2a: Corviknight\n|-immune|p2a: Corviknight\n|\n|upkeep\n|turn|10\n|\n|t:|1665665591\n|switch|p2a: Slowking|Slowking-Galar, F|100\/100\n|move|p1a: Nidoking|Flamethrower|p2a: Slowking\n|-damage|p2a: Slowking|84\/100\n|\n|upkeep\n|turn|11\n|\n|t:|1665665597\n|move|p1a: Nidoking|Earth Power|p2a: Slowking\n|-supereffective|p2a: Slowking\n|-damage|p2a: Slowking|40\/100\n|move|p2a: Slowking|Future Sight|p1a: Nidoking\n|-start|p2a: Slowking|move: Future Sight\n|\n|upkeep\n|turn|12\n|\n|t:|1665665603\n|switch|p2a: Corviknight|Corviknight, F|40\/100\n|-ability|p2a: Corviknight|Pressure\n|move|p1a: Nidoking|Flamethrower|p2a: Corviknight\n|-supereffective|p2a: Corviknight\n|-damage|p2a: Corviknight|0 fnt\n|faint|p2a: Corviknight\n|\n|upkeep\n|\n|t:|1665665605\n|switch|p2a: Slowking|Slowking-Galar, F|73\/100\n|turn|13\n|\n|t:|1665665613\n|switch|p1a: Shuckle|Shuckle, M|69\/100\n|move|p2a: Slowking|Sludge Bomb|p1a: Shuckle\n|-resisted|p1a: Shuckle\n|-damage|p1a: Shuckle|57\/100\n|\n|-end|p1a: Shuckle|move: Future Sight\n|-damage|p1a: Shuckle|26\/100\n|upkeep\n|turn|14\n|\n|t:|1665665619\n|move|p2a: Slowking|Future Sight|p1a: Shuckle\n|-start|p2a: Slowking|move: Future Sight\n|move|p1a: Shuckle|Stealth Rock|p2a: Slowking\n|-sidestart|p2: Diameter\u272fXtreme|move: Stealth Rock\n|\n|upkeep\n|turn|15\n|\n|t:|1665665623\n|move|p2a: Slowking|Sludge Bomb|p1a: Shuckle\n|-resisted|p1a: Shuckle\n|-damage|p1a: Shuckle|15\/100\n|move|p1a: Shuckle|Encore|p2a: Slowking\n|-start|p2a: Slowking|Encore\n|\n|upkeep\n|turn|16\n|\n|t:|1665665628\n|move|p2a: Slowking|Sludge Bomb|p1a: Shuckle\n|-resisted|p1a: Shuckle\n|-damage|p1a: Shuckle|5\/100\n|-status|p1a: Shuckle|psn\n|move|p1a: Shuckle|Final Gambit|p2a: Slowking\n|-damage|p2a: Slowking|70\/100\n|faint|p1a: Shuckle\n|\n|-hint|Future Sight did not hit because the target is fainted.\n|upkeep\n|\n|t:|1665665639\n|switch|p1a: Mimikyu|Mimikyu, M|100\/100\n|turn|17\n|\n|t:|1665665642\n|move|p1a: Mimikyu|Shadow Claw|p2a: Slowking\n|-supereffective|p2a: Slowking\n|-damage|p2a: Slowking|0 fnt\n|faint|p2a: Slowking\n|-damage|p1a: Mimikyu|91\/100|[from] item: Life Orb\n|\n|upkeep\n|\n|t:|1665665645\n|switch|p2a: Toxapex|Toxapex, M|60\/100\n|-damage|p2a: Toxapex|48\/100|[from] Stealth Rock\n|turn|18\n|\n|t:|1665665649\n|move|p1a: Mimikyu|Shadow Claw|p2a: Toxapex\n|-damage|p2a: Toxapex|24\/100\n|-damage|p1a: Mimikyu|74\/100|[from] item: Rocky Helmet|[of] p2a: Toxapex\n|-damage|p1a: Mimikyu|64\/100|[from] item: Life Orb\n|move|p2a: Toxapex|Recover|p2a: Toxapex\n|-heal|p2a: Toxapex|74\/100\n|\n|upkeep\n|turn|19\n|\n|t:|1665665656\n|move|p1a: Mimikyu|Swords Dance|p1a: Mimikyu\n|-boost|p1a: Mimikyu|atk|2\n|move|p2a: Toxapex|Scald|p1a: Mimikyu\n|-activate|p1a: Mimikyu|ability: Disguise\n|-damage|p1a: Mimikyu|64\/100\n|detailschange|p1a: Mimikyu|Mimikyu-Busted, M\n|-damage|p1a: Mimikyu|52\/100|[from] pokemon: Mimikyu-Busted\n|\n|upkeep\n|turn|20\n|\n|t:|1665665659\n|move|p1a: Mimikyu|Shadow Claw|p2a: Toxapex\n|-damage|p2a: Toxapex|29\/100\n|-damage|p1a: Mimikyu|36\/100|[from] item: Rocky Helmet|[of] p2a: Toxapex\n|-damage|p1a: Mimikyu|26\/100|[from] item: Life Orb\n|move|p2a: Toxapex|Recover|p2a: Toxapex\n|-heal|p2a: Toxapex|79\/100\n|\n|upkeep\n|turn|21\n|\n|t:|1665665669\n|move|p1a: Mimikyu|Swords Dance|p1a: Mimikyu\n|-boost|p1a: Mimikyu|atk|2\n|move|p2a: Toxapex|Recover|p2a: Toxapex\n|-heal|p2a: Toxapex|100\/100\n|\n|upkeep\n|turn|22\n|\n|t:|1665665673\n|move|p1a: Mimikyu|Shadow Claw|p2a: Toxapex\n|-damage|p2a: Toxapex|36\/100\n|-damage|p1a: Mimikyu|9\/100|[from] item: Rocky Helmet|[of] p2a: Toxapex\n|-damage|p1a: Mimikyu|0 fnt|[from] item: Life Orb\n|faint|p1a: Mimikyu\n|move|p2a: Toxapex|Recover|p2a: Toxapex\n|-heal|p2a: Toxapex|86\/100\n|\n|upkeep\n|\n|t:|1665665680\n|switch|p1a: Nidoking|Nidoking, M|100\/100\n|turn|23\n|\n|t:|1665665691\n|move|p1a: Nidoking|Earth Power|p2a: Toxapex\n|-supereffective|p2a: Toxapex\n|-damage|p2a: Toxapex|0 fnt\n|faint|p2a: Toxapex\n|\n|upkeep\n|\n|t:|1665665695\n|switch|p2a: Drampa|Drampa, M|100\/100\n|-damage|p2a: Drampa|88\/100|[from] Stealth Rock\n|turn|24\n|\n|t:|1665665699\n|move|p1a: Nidoking|Ice Beam|p2a: Drampa\n|-supereffective|p2a: Drampa\n|-damage|p2a: Drampa|0 fnt\n|faint|p2a: Drampa\n|\n|win|singx6ds\n|raw|singx6ds's rating: 1536 &rarr; <strong>1559<\/strong><br \/>(+23 for winning)\n|raw|Diameter\u272fXtreme's rating: 1581 &rarr; <strong>1558<\/strong><br \/>(-23 for losing)\n|l|\u2606Diameter\u272fXtreme\n||Ladder isn't responding, score probably updated but might not have (Request timeout).\n","uploadtime":1665665704,"views":8,"p1id":"singx6ds","p2id":"diameterxtreme","formatid":"gen8ou","rating":1558,"private":0,"password":null}