{"id":"gen8balancedhackmons-1073224667","p1":"ferromolybdenum","p2":"Balanced Nichemons","format":"gen8balancedhackmons","log":"|j|\u2606ferromolybdenum\n|j|\u2606Balanced Nichemons\n|player|p1|ferromolybdenum|lucas|1466\n|player|p2|Balanced Nichemons|170|1477\n|teamsize|p1|6\n|teamsize|p2|6\n|gametype|singles\n|gen|8\n|tier|[Gen 8] Balanced Hackmons\n|rated|\n|rule|OHKO Clause: OHKO moves are banned\n|rule|Evasion Moves Clause: Evasion moves are banned\n|clearpoke\n|poke|p1|Kyurem-Black|\n|poke|p1|Zeraora|\n|poke|p1|Melmetal|\n|poke|p1|Sylveon, M|\n|poke|p1|Reshiram|\n|poke|p1|Seismitoad, F|\n|poke|p2|Zacian-Crowned|\n|poke|p2|Golisopod, M|\n|poke|p2|Zeraora|\n|poke|p2|Ferrothorn, M|\n|poke|p2|Snorlax, M|\n|poke|p2|Reshiram|\n|rule|HP Percentage Mod: HP is shown in percentages\n|rule|Sleep Clause Mod: Limit one foe put to sleep\n|rule|Endless Battle Clause: Forcing endless battles is banned\n|teampreview\n|\n|start\n|switch|p1a: Kyurem|Kyurem-Black|100\/100\n|switch|p2a: Zacian|Zacian-Crowned, shiny|100\/100\n|-ability|p2a: Zacian|Intrepid Sword|boost\n|-boost|p2a: Zacian|atk|1\n|turn|1\n|\n|move|p1a: Kyurem|Fake Out|p2a: Zacian\n|-resisted|p2a: Zacian\n|-damage|p2a: Zacian|87\/100\n|-damage|p1a: Kyurem|91\/100|[from] item: Life Orb\n|cant|p2a: Zacian|flinch\n|\n|upkeep\n|turn|2\n|\n|switch|p1a: Melmetal|Melmetal|100\/100\n|move|p2a: Zacian|Stealth Rock|p1a: Melmetal\n|-sidestart|p1: ferromolybdenum|move: Stealth Rock\n|\n|upkeep\n|turn|3\n|\n|switch|p2a: Golisopod|Golisopod, M|100\/100\n|move|p1a: Melmetal|Anchor Shot|p2a: Golisopod\n|-resisted|p2a: Golisopod\n|-damage|p2a: Golisopod|89\/100\n|-activate|p2a: Golisopod|trapped\n|\n|upkeep\n|turn|4\n|\n|move|p1a: Melmetal|U-turn|p2a: Golisopod\n|-damage|p2a: Golisopod|75\/100\n|\n|switch|p1a: Sylveon|Sylveon, M|100\/100|[from]move: U-turn\n|-damage|p1a: Sylveon|88\/100|[from] Stealth Rock\n|move|p2a: Golisopod|U-turn|p1a: Sylveon\n|-resisted|p1a: Sylveon\n|-damage|p1a: Sylveon|69\/100\n|\n|switch|p2a: Zacian|Zacian-Crowned, shiny|87\/100|[from]move: U-turn\n|-ability|p2a: Zacian|Intrepid Sword|boost\n|-boost|p2a: Zacian|atk|1\n|\n|-heal|p1a: Sylveon|75\/100|[from] item: Leftovers\n|upkeep\n|turn|5\n|\n|switch|p1a: Seismitoad|Seismitoad, F|100\/100\n|-damage|p1a: Seismitoad|94\/100|[from] Stealth Rock\n|move|p2a: Zacian|Earthquake|p1a: Seismitoad\n|-damage|p1a: Seismitoad|71\/100\n|\n|-heal|p1a: Seismitoad|77\/100|[from] item: Leftovers\n|upkeep\n|turn|6\n|\n|switch|p2a: Golisopod|Golisopod, M|75\/100\n|move|p1a: Seismitoad|Earth Power|p2a: Golisopod\n|-resisted|p2a: Golisopod\n|-damage|p2a: Golisopod|62\/100\n|\n|-heal|p1a: Seismitoad|83\/100|[from] item: Leftovers\n|upkeep\n|turn|7\n|\n|move|p1a: Seismitoad|Recover|p1a: Seismitoad\n|-heal|p1a: Seismitoad|100\/100\n|move|p2a: Golisopod|Recover|p2a: Golisopod\n|-heal|p2a: Golisopod|100\/100\n|\n|upkeep\n|turn|8\n|\n|move|p2a: Golisopod|U-turn|p1a: Seismitoad\n|-damage|p1a: Seismitoad|89\/100\n|\n|switch|p2a: Snorlax|Snorlax, M, shiny|100\/100|[from]move: U-turn\n|move|p1a: Seismitoad|Teleport|p1a: Seismitoad\n|\n|switch|p1a: Zeraora|Zeraora|100\/100|[from]move: Teleport\n|-damage|p1a: Zeraora|88\/100|[from] Stealth Rock\n|-ability|p1a: Zeraora|Intrepid Sword|boost\n|-boost|p1a: Zeraora|atk|1\n|\n|upkeep\n|turn|9\n|\n|switch|p2a: Reshiram|Reshiram|100\/100\n|move|p1a: Zeraora|Bolt Beak|p2a: Reshiram\n|-resisted|p2a: Reshiram\n|-crit|p2a: Reshiram\n|-damage|p2a: Reshiram|52\/100\n|-damage|p1a: Zeraora|72\/100|[from] item: Rocky Helmet|[of] p2a: Reshiram\n|\n|upkeep\n|turn|10\n|\n|switch|p1a: Sylveon|Sylveon, M|75\/100\n|-damage|p1a: Sylveon|63\/100|[from] Stealth Rock\n|move|p2a: Reshiram|Slack Off|p2a: Reshiram\n|-heal|p2a: Reshiram|100\/100\n|\n|-heal|p1a: Sylveon|69\/100|[from] item: Leftovers\n|upkeep\n|turn|11\n|\n|move|p2a: Reshiram|Blue Flare|p1a: Sylveon\n|-damage|p1a: Sylveon|48\/100\n|move|p1a: Sylveon|Defog|p2a: Reshiram\n|-unboost|p2a: Reshiram|evasion|1\n|-sideend|p1: ferromolybdenum|Stealth Rock|[from] move: Defog|[of] p1a: Sylveon\n|\n|-heal|p1a: Sylveon|54\/100|[from] item: Leftovers\n|upkeep\n|turn|12\n|\n|switch|p2a: Zacian|Zacian-Crowned, shiny|87\/100\n|-ability|p2a: Zacian|Intrepid Sword|boost\n|-boost|p2a: Zacian|atk|1\n|move|p1a: Sylveon|Recover|p1a: Sylveon\n|-heal|p1a: Sylveon|100\/100\n|\n|upkeep\n|turn|13\n|\n|switch|p1a: Seismitoad|Seismitoad, F|89\/100\n|move|p2a: Zacian|Stealth Rock|p1a: Seismitoad\n|-sidestart|p1: ferromolybdenum|move: Stealth Rock\n|\n|-heal|p1a: Seismitoad|95\/100|[from] item: Leftovers\n|upkeep\n|turn|14\n|\n|switch|p2a: Snorlax|Snorlax, M, shiny|100\/100\n|move|p1a: Seismitoad|Teleport|p1a: Seismitoad\n|\n|switch|p1a: Sylveon|Sylveon, M|100\/100|[from]move: Teleport\n|-damage|p1a: Sylveon|88\/100|[from] Stealth Rock\n|\n|-heal|p1a: Sylveon|94\/100|[from] item: Leftovers\n|upkeep\n|turn|15\n|\n|move|p1a: Sylveon|Defog|p2a: Snorlax\n|-unboost|p2a: Snorlax|evasion|1\n|-sideend|p1: ferromolybdenum|Stealth Rock|[from] move: Defog|[of] p1a: Sylveon\n|move|p2a: Snorlax|Teleport|p2a: Snorlax\n|\n|switch|p2a: Zacian|Zacian-Crowned, shiny|87\/100|[from]move: Teleport\n|-ability|p2a: Zacian|Intrepid Sword|boost\n|-boost|p2a: Zacian|atk|1\n|\n|-heal|p1a: Sylveon|99\/100|[from] item: Leftovers\n|upkeep\n|turn|16\n|\n|switch|p1a: Seismitoad|Seismitoad, F|95\/100\n|move|p2a: Zacian|Stealth Rock|p1a: Seismitoad\n|-sidestart|p1: ferromolybdenum|move: Stealth Rock\n|\n|-heal|p1a: Seismitoad|100\/100|[from] item: Leftovers\n|upkeep\n|turn|17\n|\n|move|p2a: Zacian|Earthquake|p1a: Seismitoad\n|-crit|p1a: Seismitoad\n|-damage|p1a: Seismitoad|67\/100\n|move|p1a: Seismitoad|Earth Power|p2a: Zacian\n|-supereffective|p2a: Zacian\n|-damage|p2a: Zacian|46\/100\n|\n|-heal|p1a: Seismitoad|73\/100|[from] item: Leftovers\n|upkeep\n|turn|18\n|\n|move|p2a: Zacian|Roost|p2a: Zacian\n|-heal|p2a: Zacian|96\/100\n|-singleturn|p2a: Zacian|move: Roost\n|move|p1a: Seismitoad|Teleport|p1a: Seismitoad\n|\n|switch|p1a: Melmetal|Melmetal|100\/100|[from]move: Teleport\n|-damage|p1a: Melmetal|94\/100|[from] Stealth Rock\n|\n|-heal|p1a: Melmetal|100\/100|[from] item: Leftovers\n|upkeep\n|turn|19\n|\n|switch|p2a: Reshiram|Reshiram|100\/100\n|switch|p1a: Seismitoad|Seismitoad, F|73\/100\n|-damage|p1a: Seismitoad|67\/100|[from] Stealth Rock\n|\n|-heal|p1a: Seismitoad|73\/100|[from] item: Leftovers\n|upkeep\n|turn|20\n|\n|switch|p2a: Snorlax|Snorlax, M, shiny|100\/100\n|switch|p1a: Sylveon|Sylveon, M|99\/100\n|-damage|p1a: Sylveon|88\/100|[from] Stealth Rock\n|\n|-heal|p1a: Sylveon|94\/100|[from] item: Leftovers\n|upkeep\n|turn|21\n|\n|move|p1a: Sylveon|Defog|p2a: Snorlax\n|-unboost|p2a: Snorlax|evasion|1\n|-sideend|p1: ferromolybdenum|Stealth Rock|[from] move: Defog|[of] p1a: Sylveon\n|move|p2a: Snorlax|Teleport|p2a: Snorlax\n|\n|switch|p2a: Zacian|Zacian-Crowned, shiny|96\/100|[from]move: Teleport\n|-ability|p2a: Zacian|Intrepid Sword|boost\n|-boost|p2a: Zacian|atk|1\n|\n|-heal|p1a: Sylveon|99\/100|[from] item: Leftovers\n|upkeep\n|turn|22\n|\n|switch|p1a: Seismitoad|Seismitoad, F|73\/100\n|move|p2a: Zacian|Stealth Rock|p1a: Seismitoad\n|-sidestart|p1: ferromolybdenum|move: Stealth Rock\n|\n|-heal|p1a: Seismitoad|79\/100|[from] item: Leftovers\n|upkeep\n|turn|23\n|\n|move|p2a: Zacian|Earthquake|p1a: Seismitoad\n|-damage|p1a: Seismitoad|56\/100\n|move|p1a: Seismitoad|Earth Power|p2a: Zacian\n|-supereffective|p2a: Zacian\n|-damage|p2a: Zacian|52\/100\n|\n|-heal|p1a: Seismitoad|62\/100|[from] item: Leftovers\n|upkeep\n|turn|24\n|\n|move|p2a: Zacian|Roost|p2a: Zacian\n|-heal|p2a: Zacian|100\/100\n|-singleturn|p2a: Zacian|move: Roost\n|move|p1a: Seismitoad|Earth Power|p2a: Zacian\n|-supereffective|p2a: Zacian\n|-damage|p2a: Zacian|55\/100\n|\n|-heal|p1a: Seismitoad|68\/100|[from] item: Leftovers\n|upkeep\n|turn|25\n|\n|switch|p2a: Golisopod|Golisopod, M|100\/100\n|move|p1a: Seismitoad|Earth Power|p2a: Golisopod\n|-resisted|p2a: Golisopod\n|-damage|p2a: Golisopod|86\/100\n|\n|-heal|p1a: Seismitoad|74\/100|[from] item: Leftovers\n|upkeep\n|turn|26\n|\n|move|p2a: Golisopod|U-turn|p1a: Seismitoad\n|-damage|p1a: Seismitoad|62\/100\n|\n|switch|p2a: Zacian|Zacian-Crowned, shiny|55\/100|[from]move: U-turn\n|-ability|p2a: Zacian|Intrepid Sword|boost\n|-boost|p2a: Zacian|atk|1\n|move|p1a: Seismitoad|Teleport|p1a: Seismitoad\n|\n|switch|p1a: Melmetal|Melmetal|100\/100|[from]move: Teleport\n|-damage|p1a: Melmetal|94\/100|[from] Stealth Rock\n|\n|-heal|p1a: Melmetal|100\/100|[from] item: Leftovers\n|upkeep\n|turn|27\n|\n|move|p2a: Zacian|Roost|p2a: Zacian\n|-heal|p2a: Zacian|100\/100\n|-singleturn|p2a: Zacian|move: Roost\n|move|p1a: Melmetal|Anchor Shot|p2a: Zacian\n|-damage|p2a: Zacian|70\/100\n|-activate|p2a: Zacian|trapped\n|\n|upkeep\n|turn|28\n|\n|move|p2a: Zacian|Earthquake|p1a: Melmetal\n|-supereffective|p1a: Melmetal\n|-damage|p1a: Melmetal|63\/100\n|move|p1a: Melmetal|Anchor Shot|p2a: Zacian\n|-damage|p2a: Zacian|41\/100\n|\n|-heal|p1a: Melmetal|69\/100|[from] item: Leftovers\n|upkeep\n|turn|29\n|\n|move|p2a: Zacian|Roost|p2a: Zacian\n|-heal|p2a: Zacian|91\/100\n|-singleturn|p2a: Zacian|move: Roost\n|move|p1a: Melmetal|Recover|p1a: Melmetal\n|-heal|p1a: Melmetal|100\/100\n|\n|upkeep\n|turn|30\n|\n|move|p2a: Zacian|Earthquake|p1a: Melmetal\n|-supereffective|p1a: Melmetal\n|-damage|p1a: Melmetal|64\/100\n|move|p1a: Melmetal|Anchor Shot|p2a: Zacian\n|-damage|p2a: Zacian|61\/100\n|\n|-heal|p1a: Melmetal|70\/100|[from] item: Leftovers\n|upkeep\n|turn|31\n|\n|move|p2a: Zacian|Earthquake|p1a: Melmetal\n|-supereffective|p1a: Melmetal\n|-damage|p1a: Melmetal|37\/100\n|move|p1a: Melmetal|Recover|p1a: Melmetal\n|-heal|p1a: Melmetal|87\/100\n|\n|-heal|p1a: Melmetal|93\/100|[from] item: Leftovers\n|upkeep\n|turn|32\n|\n|move|p2a: Zacian|Sunsteel Strike|p1a: Melmetal\n|-resisted|p1a: Melmetal\n|-damage|p1a: Melmetal|74\/100\n|move|p1a: Melmetal|Anchor Shot|p2a: Zacian\n|-damage|p2a: Zacian|30\/100\n|\n|-heal|p1a: Melmetal|80\/100|[from] item: Leftovers\n|upkeep\n|turn|33\n|\n|move|p2a: Zacian|Roost|p2a: Zacian\n|-heal|p2a: Zacian|80\/100\n|-singleturn|p2a: Zacian|move: Roost\n|move|p1a: Melmetal|Anchor Shot|p2a: Zacian\n|-damage|p2a: Zacian|49\/100\n|\n|-heal|p1a: Melmetal|87\/100|[from] item: Leftovers\n|upkeep\n|turn|34\n|\n|move|p2a: Zacian|Roost|p2a: Zacian\n|-heal|p2a: Zacian|99\/100\n|-singleturn|p2a: Zacian|move: Roost\n|move|p1a: Melmetal|Anchor Shot|p2a: Zacian\n|-damage|p2a: Zacian|71\/100\n|\n|-heal|p1a: Melmetal|93\/100|[from] item: Leftovers\n|upkeep\n|turn|35\n|\n|move|p2a: Zacian|Earthquake|p1a: Melmetal\n|-supereffective|p1a: Melmetal\n|-damage|p1a: Melmetal|56\/100\n|move|p1a: Melmetal|Anchor Shot|p2a: Zacian\n|-damage|p2a: Zacian|45\/100\n|\n|-heal|p1a: Melmetal|63\/100|[from] item: Leftovers\n|upkeep\n|turn|36\n|\n|move|p2a: Zacian|Earthquake|p1a: Melmetal\n|-supereffective|p1a: Melmetal\n|-damage|p1a: Melmetal|29\/100\n|move|p1a: Melmetal|Recover|p1a: Melmetal\n|-heal|p1a: Melmetal|79\/100\n|\n|-heal|p1a: Melmetal|85\/100|[from] item: Leftovers\n|upkeep\n|turn|37\n|\n|move|p2a: Zacian|Earthquake|p1a: Melmetal\n|-supereffective|p1a: Melmetal\n|-damage|p1a: Melmetal|52\/100\n|move|p1a: Melmetal|Anchor Shot|p2a: Zacian\n|-damage|p2a: Zacian|16\/100\n|\n|-heal|p1a: Melmetal|58\/100|[from] item: Leftovers\n|upkeep\n|turn|38\n|\n|move|p2a: Zacian|Roost|p2a: Zacian\n|-heal|p2a: Zacian|66\/100\n|-singleturn|p2a: Zacian|move: Roost\n|move|p1a: Melmetal|Recover|p1a: Melmetal\n|-heal|p1a: Melmetal|100\/100\n|\n|upkeep\n|turn|39\n|\n|move|p2a: Zacian|Earthquake|p1a: Melmetal\n|-supereffective|p1a: Melmetal\n|-damage|p1a: Melmetal|63\/100\n|move|p1a: Melmetal|Anchor Shot|p2a: Zacian\n|-damage|p2a: Zacian|40\/100\n|\n|-heal|p1a: Melmetal|69\/100|[from] item: Leftovers\n|upkeep\n|turn|40\n|\n|move|p2a: Zacian|Earthquake|p1a: Melmetal\n|-supereffective|p1a: Melmetal\n|-damage|p1a: Melmetal|34\/100\n|move|p1a: Melmetal|Recover|p1a: Melmetal\n|-heal|p1a: Melmetal|84\/100\n|\n|-heal|p1a: Melmetal|90\/100|[from] item: Leftovers\n|upkeep\n|turn|41\n|j| pains me inside\n|\n|move|p2a: Zacian|Roost|p2a: Zacian\n|-heal|p2a: Zacian|90\/100\n|-singleturn|p2a: Zacian|move: Roost\n|move|p1a: Melmetal|Recover|p1a: Melmetal\n|-heal|p1a: Melmetal|100\/100\n|\n|upkeep\n|turn|42\n|\n|move|p2a: Zacian|Earthquake|p1a: Melmetal\n|-supereffective|p1a: Melmetal\n|-damage|p1a: Melmetal|64\/100\n|move|p1a: Melmetal|Anchor Shot|p2a: Zacian\n|-crit|p2a: Zacian\n|-damage|p2a: Zacian|47\/100\n|\n|-heal|p1a: Melmetal|70\/100|[from] item: Leftovers\n|upkeep\n|turn|43\n|\n|move|p2a: Zacian|Roost|p2a: Zacian\n|-heal|p2a: Zacian|97\/100\n|-singleturn|p2a: Zacian|move: Roost\n|move|p1a: Melmetal|Anchor Shot|p2a: Zacian\n|-damage|p2a: Zacian|66\/100\n|\n|-heal|p1a: Melmetal|76\/100|[from] item: Leftovers\n|upkeep\n|turn|44\n|\n|move|p2a: Zacian|Stealth Rock||[still]\n|-fail|p2a: Zacian\n|move|p1a: Melmetal|Anchor Shot|p2a: Zacian\n|-damage|p2a: Zacian|39\/100\n|\n|-heal|p1a: Melmetal|82\/100|[from] item: Leftovers\n|upkeep\n|turn|45\n|\n|move|p2a: Zacian|Earthquake|p1a: Melmetal\n|-supereffective|p1a: Melmetal\n|-damage|p1a: Melmetal|49\/100\n|move|p1a: Melmetal|Anchor Shot|p2a: Zacian\n|-damage|p2a: Zacian|11\/100\n|\n|-heal|p1a: Melmetal|55\/100|[from] item: Leftovers\n|upkeep\n|turn|46\n|\n|move|p2a: Zacian|Roost|p2a: Zacian\n|-heal|p2a: Zacian|61\/100\n|-singleturn|p2a: Zacian|move: Roost\n|move|p1a: Melmetal|Anchor Shot|p2a: Zacian\n|-damage|p2a: Zacian|34\/100\n|\n|-heal|p1a: Melmetal|61\/100|[from] item: Leftovers\n|upkeep\n|turn|47\n|\n|move|p2a: Zacian|Earthquake|p1a: Melmetal\n|-supereffective|p1a: Melmetal\n|-damage|p1a: Melmetal|29\/100\n|move|p1a: Melmetal|Recover|p1a: Melmetal\n|-heal|p1a: Melmetal|79\/100\n|\n|-heal|p1a: Melmetal|86\/100|[from] item: Leftovers\n|upkeep\n|turn|48\n|\n|move|p2a: Zacian|Roost|p2a: Zacian\n|-heal|p2a: Zacian|84\/100\n|-singleturn|p2a: Zacian|move: Roost\n|move|p1a: Melmetal|Anchor Shot|p2a: Zacian\n|-damage|p2a: Zacian|56\/100\n|\n|-heal|p1a: Melmetal|92\/100|[from] item: Leftovers\n|upkeep\n|turn|49\n|\n|move|p2a: Zacian|Sunsteel Strike|p1a: Melmetal\n|-resisted|p1a: Melmetal\n|-damage|p1a: Melmetal|71\/100\n|move|p1a: Melmetal|Anchor Shot|p2a: Zacian\n|-damage|p2a: Zacian|29\/100\n|\n|-heal|p1a: Melmetal|78\/100|[from] item: Leftovers\n|upkeep\n|turn|50\n|\n|move|p2a: Zacian|Earthquake|p1a: Melmetal\n|-supereffective|p1a: Melmetal\n|-damage|p1a: Melmetal|41\/100\n|move|p1a: Melmetal|U-turn|p2a: Zacian\n|-resisted|p2a: Zacian\n|-damage|p2a: Zacian|24\/100\n|j| jhgvfh jkl'\n|\n|switch|p1a: Seismitoad|Seismitoad, F|62\/100|[from]move: U-turn\n|-damage|p1a: Seismitoad|56\/100|[from] Stealth Rock\n|\n|-heal|p1a: Seismitoad|62\/100|[from] item: Leftovers\n|upkeep\n|turn|51\n|c|\u2606Balanced Nichemons|huh\n|c|\u2606Balanced Nichemons|why\n|c|\u2606Balanced Nichemons|yhanks\n|c|\u2606ferromolybdenum|no ida\n|\n|switch|p2a: Golisopod|Golisopod, M|86\/100\n|move|p1a: Seismitoad|Earth Power|p2a: Golisopod\n|-resisted|p2a: Golisopod\n|-damage|p2a: Golisopod|73\/100\n|\n|-heal|p1a: Seismitoad|68\/100|[from] item: Leftovers\n|upkeep\n|turn|52\n|\n|move|p1a: Seismitoad|Recover|p1a: Seismitoad\n|-heal|p1a: Seismitoad|100\/100\n|move|p2a: Golisopod|U-turn|p1a: Seismitoad\n|-damage|p1a: Seismitoad|88\/100\n|\n|switch|p2a: Reshiram|Reshiram|100\/100|[from]move: U-turn\n|\n|-heal|p1a: Seismitoad|94\/100|[from] item: Leftovers\n|upkeep\n|turn|53\n|\n|switch|p2a: Golisopod|Golisopod, M|73\/100\n|switch|p1a: Sylveon|Sylveon, M|99\/100\n|-damage|p1a: Sylveon|88\/100|[from] Stealth Rock\n|\n|-heal|p1a: Sylveon|94\/100|[from] item: Leftovers\n|upkeep\n|turn|54\n|\n|move|p1a: Sylveon|Defog|p2a: Golisopod\n|move|p2a: Golisopod|Defog|p1a: Sylveon|[from]Magic Bounce\n|-unboost|p1a: Sylveon|evasion|1\n|-sideend|p1: ferromolybdenum|Stealth Rock|[from] move: Defog|[of] p2a: Golisopod\n|move|p2a: Golisopod|U-turn|p1a: Sylveon\n|-resisted|p1a: Sylveon\n|-damage|p1a: Sylveon|77\/100\n|\n|switch|p2a: Zacian|Zacian-Crowned, shiny|24\/100|[from]move: U-turn\n|-ability|p2a: Zacian|Intrepid Sword|boost\n|-boost|p2a: Zacian|atk|1\n|\n|-heal|p1a: Sylveon|83\/100|[from] item: Leftovers\n|upkeep\n|turn|55\n|\n|switch|p1a: Seismitoad|Seismitoad, F|94\/100\n|move|p2a: Zacian|Stealth Rock|p1a: Seismitoad\n|-sidestart|p1: ferromolybdenum|move: Stealth Rock\n|\n|-heal|p1a: Seismitoad|99\/100|[from] item: Leftovers\n|upkeep\n|turn|56\n|\n|switch|p2a: Golisopod|Golisopod, M|73\/100\n|move|p1a: Seismitoad|Earth Power|p2a: Golisopod\n|-resisted|p2a: Golisopod\n|-damage|p2a: Golisopod|58\/100\n|\n|-heal|p1a: Seismitoad|100\/100|[from] item: Leftovers\n|upkeep\n|turn|57\n|c|\u2606Balanced Nichemons|bruh\n|j| Stall from Scratch\n|\n|move|p2a: Golisopod|U-turn|p1a: Seismitoad\n|-damage|p1a: Seismitoad|87\/100\n|\n|switch|p2a: Reshiram|Reshiram|100\/100|[from]move: U-turn\n|move|p1a: Seismitoad|Teleport|p1a: Seismitoad\n|\n|switch|p1a: Sylveon|Sylveon, M|83\/100|[from]move: Teleport\n|-damage|p1a: Sylveon|71\/100|[from] Stealth Rock\n|\n|-heal|p1a: Sylveon|77\/100|[from] item: Leftovers\n|upkeep\n|turn|58\n|\n|switch|p2a: Zacian|Zacian-Crowned, shiny|24\/100\n|-ability|p2a: Zacian|Intrepid Sword|boost\n|-boost|p2a: Zacian|atk|1\n|move|p1a: Sylveon|Spectral Thief||[still]\n|-clearpositiveboost|p2a: Zacian|p1a: Sylveon|move: Spectral Thief\n|-boost|p1a: Sylveon|atk|1\n|-anim|p1a: Sylveon|Spectral Thief|p2a: Zacian\n|-damage|p2a: Zacian|7\/100\n|\n|-heal|p1a: Sylveon|83\/100|[from] item: Leftovers\n|upkeep\n|turn|59\n|c|\u2606Balanced Nichemons|wp\n|\n|switch|p1a: Seismitoad|Seismitoad, F|87\/100\n|-damage|p1a: Seismitoad|81\/100|[from] Stealth Rock\n|move|p2a: Zacian|Sunsteel Strike|p1a: Seismitoad\n|-resisted|p1a: Seismitoad\n|-damage|p1a: Seismitoad|58\/100\n|\n|-heal|p1a: Seismitoad|64\/100|[from] item: Leftovers\n|upkeep\n|turn|60\n|\n|switch|p2a: Golisopod|Golisopod, M|58\/100\n|move|p1a: Seismitoad|Earth Power|p2a: Golisopod\n|-resisted|p2a: Golisopod\n|-damage|p2a: Golisopod|43\/100\n|\n|-heal|p1a: Seismitoad|70\/100|[from] item: Leftovers\n|upkeep\n|turn|61\n|\n|move|p2a: Golisopod|Recover|p2a: Golisopod\n|-heal|p2a: Golisopod|93\/100\n|move|p1a: Seismitoad|Teleport|p1a: Seismitoad\n|\n|switch|p1a: Melmetal|Melmetal|41\/100|[from]move: Teleport\n|-damage|p1a: Melmetal|35\/100|[from] Stealth Rock\n|\n|-heal|p1a: Melmetal|41\/100|[from] item: Leftovers\n|upkeep\n|turn|62\n|\n|switch|p2a: Reshiram|Reshiram|100\/100\n|move|p1a: Melmetal|Recover|p1a: Melmetal\n|-heal|p1a: Melmetal|91\/100\n|\n|-heal|p1a: Melmetal|97\/100|[from] item: Leftovers\n|upkeep\n|turn|63\n|\n|switch|p2a: Zacian|Zacian-Crowned, shiny|7\/100\n|-ability|p2a: Zacian|Intrepid Sword|boost\n|-boost|p2a: Zacian|atk|1\n|switch|p1a: Sylveon|Sylveon, M|83\/100\n|-damage|p1a: Sylveon|70\/100|[from] Stealth Rock\n|\n|-heal|p1a: Sylveon|76\/100|[from] item: Leftovers\n|upkeep\n|turn|64\n|\n|switch|p1a: Seismitoad|Seismitoad, F|70\/100\n|-damage|p1a: Seismitoad|64\/100|[from] Stealth Rock\n|move|p2a: Zacian|Roost|p2a: Zacian\n|-heal|p2a: Zacian|57\/100\n|-singleturn|p2a: Zacian|move: Roost\n|\n|-heal|p1a: Seismitoad|70\/100|[from] item: Leftovers\n|upkeep\n|turn|65\n|\n|switch|p2a: Golisopod|Golisopod, M|93\/100\n|move|p1a: Seismitoad|Earth Power|p2a: Golisopod\n|-resisted|p2a: Golisopod\n|-damage|p2a: Golisopod|78\/100\n|\n|-heal|p1a: Seismitoad|76\/100|[from] item: Leftovers\n|upkeep\n|turn|66\n|\n|move|p2a: Golisopod|U-turn|p1a: Seismitoad\n|-damage|p1a: Seismitoad|62\/100\n|\n|switch|p2a: Reshiram|Reshiram|100\/100|[from]move: U-turn\n|move|p1a: Seismitoad|Teleport|p1a: Seismitoad\n|\n|switch|p1a: Reshiram|Reshiram|100\/100|[from]move: Teleport\n|-damage|p1a: Reshiram|75\/100|[from] Stealth Rock\n|\n|upkeep\n|turn|67\n|\n|switch|p2a: Snorlax|Snorlax, M, shiny|100\/100\n|move|p1a: Reshiram|Dynamax Cannon|p2a: Snorlax\n|-damage|p2a: Snorlax|56\/100\n|\n|-heal|p2a: Snorlax|62\/100|[from] item: Leftovers\n|upkeep\n|turn|68\n|\n|move|p2a: Snorlax|Recover|p2a: Snorlax\n|-heal|p2a: Snorlax|100\/100\n|move|p1a: Reshiram|Dynamax Cannon|p2a: Snorlax\n|-damage|p2a: Snorlax|55\/100\n|\n|-heal|p2a: Snorlax|61\/100|[from] item: Leftovers\n|upkeep\n|turn|69\n|\n|switch|p1a: Sylveon|Sylveon, M|76\/100\n|-damage|p1a: Sylveon|64\/100|[from] Stealth Rock\n|switch|p2a: Zacian|Zacian-Crowned, shiny|57\/100\n|-ability|p2a: Zacian|Intrepid Sword|boost\n|-boost|p2a: Zacian|atk|1\n|\n|-heal|p1a: Sylveon|70\/100|[from] item: Leftovers\n|upkeep\n|turn|70\n|l| pains me inside\n|\n|switch|p2a: Reshiram|Reshiram|100\/100\n|switch|p1a: Melmetal|Melmetal|97\/100\n|-damage|p1a: Melmetal|91\/100|[from] Stealth Rock\n|\n|-heal|p1a: Melmetal|97\/100|[from] item: Leftovers\n|upkeep\n|turn|71\n|\n|switch|p2a: Golisopod|Golisopod, M|78\/100\n|move|p1a: Melmetal|Anchor Shot|p2a: Golisopod\n|-resisted|p2a: Golisopod\n|-damage|p2a: Golisopod|66\/100\n|-activate|p2a: Golisopod|trapped\n|\n|-heal|p1a: Melmetal|100\/100|[from] item: Leftovers\n|upkeep\n|turn|72\n|c|\u2606Balanced Nichemons|hmm\n|\n|move|p1a: Melmetal|U-turn|p2a: Golisopod\n|-damage|p2a: Golisopod|51\/100\n|\n|switch|p1a: Seismitoad|Seismitoad, F|62\/100|[from]move: U-turn\n|-damage|p1a: Seismitoad|56\/100|[from] Stealth Rock\n|move|p2a: Golisopod|U-turn|p1a: Seismitoad\n|-damage|p1a: Seismitoad|44\/100\n|\n|switch|p2a: Reshiram|Reshiram|100\/100|[from]move: U-turn\n|\n|-heal|p1a: Seismitoad|50\/100|[from] item: Leftovers\n|upkeep\n|turn|73\n|\n|switch|p1a: Sylveon|Sylveon, M|70\/100\n|-damage|p1a: Sylveon|58\/100|[from] Stealth Rock\n|move|p2a: Reshiram|Dynamax Cannon|p1a: Sylveon\n|-immune|p1a: Sylveon\n|\n|-heal|p1a: Sylveon|64\/100|[from] item: Leftovers\n|upkeep\n|turn|74\n|j| GreenKitty57\n|\n|switch|p2a: Zacian|Zacian-Crowned, shiny|57\/100\n|-ability|p2a: Zacian|Intrepid Sword|boost\n|-boost|p2a: Zacian|atk|1\n|move|p1a: Sylveon|Recover|p1a: Sylveon\n|-heal|p1a: Sylveon|100\/100\n|\n|upkeep\n|turn|75\n|\n|switch|p1a: Seismitoad|Seismitoad, F|50\/100\n|-damage|p1a: Seismitoad|44\/100|[from] Stealth Rock\n|move|p2a: Zacian|Sunsteel Strike|p1a: Seismitoad\n|-resisted|p1a: Seismitoad\n|-damage|p1a: Seismitoad|8\/100\n|\n|-heal|p1a: Seismitoad|15\/100|[from] item: Leftovers\n|upkeep\n|turn|76\n|\n|switch|p1a: Melmetal|Melmetal|100\/100\n|-damage|p1a: Melmetal|94\/100|[from] Stealth Rock\n|move|p2a: Zacian|Sunsteel Strike|p1a: Melmetal\n|-resisted|p1a: Melmetal\n|-damage|p1a: Melmetal|75\/100\n|\n|-heal|p1a: Melmetal|81\/100|[from] item: Leftovers\n|upkeep\n|turn|77\n|\n|switch|p2a: Reshiram|Reshiram|100\/100\n|move|p1a: Melmetal|Anchor Shot|p2a: Reshiram\n|-resisted|p2a: Reshiram\n|-damage|p2a: Reshiram|94\/100\n|-activate|p2a: Reshiram|trapped\n|-damage|p1a: Melmetal|64\/100|[from] item: Rocky Helmet|[of] p2a: Reshiram\n|\n|-heal|p1a: Melmetal|70\/100|[from] item: Leftovers\n|upkeep\n|turn|78\n|\n|switch|p1a: Sylveon|Sylveon, M|100\/100\n|-damage|p1a: Sylveon|88\/100|[from] Stealth Rock\n|move|p2a: Reshiram|Blue Flare|p1a: Sylveon\n|-damage|p1a: Sylveon|67\/100\n|\n|-heal|p1a: Sylveon|73\/100|[from] item: Leftovers\n|upkeep\n|turn|79\n|\n|switch|p2a: Zacian|Zacian-Crowned, shiny|57\/100\n|-ability|p2a: Zacian|Intrepid Sword|boost\n|-boost|p2a: Zacian|atk|1\n|move|p1a: Sylveon|Moonblast|p2a: Zacian\n|-resisted|p2a: Zacian\n|-damage|p2a: Zacian|43\/100\n|\n|-heal|p1a: Sylveon|79\/100|[from] item: Leftovers\n|upkeep\n|turn|80\n|\n|switch|p1a: Melmetal|Melmetal|70\/100\n|-damage|p1a: Melmetal|64\/100|[from] Stealth Rock\n|move|p2a: Zacian|Roost|p2a: Zacian\n|-heal|p2a: Zacian|93\/100\n|-singleturn|p2a: Zacian|move: Roost\n|\n|-heal|p1a: Melmetal|70\/100|[from] item: Leftovers\n|upkeep\n|turn|81\n|l| Stall from Scratch\n|\n|switch|p2a: Reshiram|Reshiram|94\/100\n|move|p1a: Melmetal|Anchor Shot|p2a: Reshiram\n|-resisted|p2a: Reshiram\n|-damage|p2a: Reshiram|86\/100\n|-activate|p2a: Reshiram|trapped\n|-damage|p1a: Melmetal|54\/100|[from] item: Rocky Helmet|[of] p2a: Reshiram\n|\n|-heal|p1a: Melmetal|60\/100|[from] item: Leftovers\n|upkeep\n|turn|82\n|\n|switch|p1a: Sylveon|Sylveon, M|79\/100\n|-damage|p1a: Sylveon|67\/100|[from] Stealth Rock\n|move|p2a: Reshiram|Spectral Thief|p1a: Sylveon\n|-damage|p1a: Sylveon|40\/100\n|\n|-heal|p1a: Sylveon|46\/100|[from] item: Leftovers\n|upkeep\n|turn|83\n|\n|switch|p2a: Zacian|Zacian-Crowned, shiny|93\/100\n|-ability|p2a: Zacian|Intrepid Sword|boost\n|-boost|p2a: Zacian|atk|1\n|move|p1a: Sylveon|Recover|p1a: Sylveon\n|-heal|p1a: Sylveon|96\/100\n|\n|-heal|p1a: Sylveon|100\/100|[from] item: Leftovers\n|upkeep\n|turn|84\n|\n|switch|p2a: Reshiram|Reshiram|86\/100\n|switch|p1a: Seismitoad|Seismitoad, F|15\/100\n|-damage|p1a: Seismitoad|8\/100|[from] Stealth Rock\n|\n|-heal|p1a: Seismitoad|15\/100|[from] item: Leftovers\n|upkeep\n|turn|85\n|c|\u2606Balanced Nichemons|crazy play\n|c|\u2606Balanced Nichemons|but great\n|\n|move|p2a: Reshiram|Dynamax Cannon|p1a: Seismitoad\n|-damage|p1a: Seismitoad|0 fnt\n|faint|p1a: Seismitoad\n|\n|upkeep\n|\n|switch|p1a: Sylveon|Sylveon, M|100\/100\n|-damage|p1a: Sylveon|88\/100|[from] Stealth Rock\n|turn|86\n|\n|switch|p2a: Zacian|Zacian-Crowned, shiny|93\/100\n|-ability|p2a: Zacian|Intrepid Sword|boost\n|-boost|p2a: Zacian|atk|1\n|move|p1a: Sylveon|Defog|p2a: Zacian\n|-unboost|p2a: Zacian|evasion|1\n|-sideend|p1: ferromolybdenum|Stealth Rock|[from] move: Defog|[of] p1a: Sylveon\n|\n|-heal|p1a: Sylveon|94\/100|[from] item: Leftovers\n|upkeep\n|turn|87\n|\n|switch|p1a: Melmetal|Melmetal|60\/100\n|move|p2a: Zacian|Stealth Rock|p1a: Melmetal\n|-sidestart|p1: ferromolybdenum|move: Stealth Rock\n|\n|-heal|p1a: Melmetal|66\/100|[from] item: Leftovers\n|upkeep\n|turn|88\n|l| jhgvfh jkl'\n|c|\u2606Balanced Nichemons|wait\n|c|\u2606Balanced Nichemons|did u had double fc\n|c|\u2606ferromolybdenum|no\n|j| jhgvfh jkl'\n|c|\u2606Balanced Nichemons|mel isn\u2019t fc?\n|\n|switch|p2a: Reshiram|Reshiram|86\/100\n|move|p1a: Melmetal|Recover|p1a: Melmetal\n|-heal|p1a: Melmetal|100\/100\n|\n|upkeep\n|turn|89\n|\n|switch|p2a: Zeraora|Zeraora, shiny|100\/100\n|-ability|p2a: Zeraora|Intrepid Sword|boost\n|-boost|p2a: Zeraora|atk|1\n|switch|p1a: Sylveon|Sylveon, M|94\/100\n|-damage|p1a: Sylveon|82\/100|[from] Stealth Rock\n|\n|-heal|p1a: Sylveon|88\/100|[from] item: Leftovers\n|upkeep\n|turn|90\n|c|\u2606ferromolybdenum|it's not\n|\n|switch|p1a: Melmetal|Melmetal|100\/100\n|-damage|p1a: Melmetal|94\/100|[from] Stealth Rock\n|move|p2a: Zeraora|Bolt Beak|p1a: Melmetal\n|-damage|p1a: Melmetal|45\/100\n|\n|-heal|p1a: Melmetal|51\/100|[from] item: Leftovers\n|upkeep\n|turn|91\n|l| jhgvfh jkl'\n|c|\u2606Balanced Nichemons|that\u2019s fat\n|c|\u2606ferromolybdenum|yes but not fur coat\n|c|\u2606Balanced Nichemons|oh unaware\n|c|\u2606Balanced Nichemons|no way zacian doesn\u2019t 2hko\n|c|\u2606ferromolybdenum|yeah it's unaware\n|\n|switch|p2a: Reshiram|Reshiram|86\/100\n|switch|p1a: Kyurem|Kyurem-Black|91\/100\n|-damage|p1a: Kyurem|66\/100|[from] Stealth Rock\n|\n|upkeep\n|turn|92\n|\n|move|p1a: Kyurem|Boomburst|p2a: Reshiram\n|-damage|p2a: Reshiram|23\/100\n|-damage|p1a: Kyurem|56\/100|[from] item: Life Orb\n|move|p2a: Reshiram|Dynamax Cannon|p1a: Kyurem\n|-supereffective|p1a: Kyurem\n|-damage|p1a: Kyurem|0 fnt\n|faint|p1a: Kyurem\n|\n|upkeep\n|\n|switch|p1a: Zeraora|Zeraora|72\/100\n|-damage|p1a: Zeraora|59\/100|[from] Stealth Rock\n|-ability|p1a: Zeraora|Intrepid Sword|boost\n|-boost|p1a: Zeraora|atk|1\n|turn|93\n|c|\u2606Balanced Nichemons|i thought u had some kind of dragon move\n|\n|switch|p2a: Ferrothorn|Ferrothorn, M|100\/100\n|-weather|PrimordialSea|[from] ability: Primordial Sea|[of] p2a: Ferrothorn\n|move|p1a: Zeraora|Bolt Beak|p2a: Ferrothorn\n|-resisted|p2a: Ferrothorn\n|-damage|p2a: Ferrothorn|45\/100\n|\n|-weather|PrimordialSea|[upkeep]\n|-heal|p2a: Ferrothorn|51\/100|[from] item: Leftovers\n|upkeep\n|turn|94\n|c|\u2606Balanced Nichemons|damn that damage\n|c|\u2606ferromolybdenum|yeah lol\n|\n|move|p1a: Zeraora|Bolt Beak|p2a: Ferrothorn\n|-resisted|p2a: Ferrothorn\n|-damage|p2a: Ferrothorn|3\/100\n|move|p2a: Ferrothorn|Recover|p2a: Ferrothorn\n|-heal|p2a: Ferrothorn|53\/100\n|\n|-weather|PrimordialSea|[upkeep]\n|-heal|p2a: Ferrothorn|60\/100|[from] item: Leftovers\n|upkeep\n|turn|95\n|c|\u2606Balanced Nichemons|rip small roll\n|\n|move|p1a: Zeraora|Bolt Beak|p2a: Ferrothorn\n|-resisted|p2a: Ferrothorn\n|-damage|p2a: Ferrothorn|12\/100\n|move|p2a: Ferrothorn|Recover|p2a: Ferrothorn\n|-heal|p2a: Ferrothorn|62\/100\n|\n|-weather|PrimordialSea|[upkeep]\n|-heal|p2a: Ferrothorn|68\/100|[from] item: Leftovers\n|upkeep\n|turn|96\n|\n|move|p1a: Zeraora|Bolt Beak|p2a: Ferrothorn\n|-resisted|p2a: Ferrothorn\n|-damage|p2a: Ferrothorn|12\/100\n|move|p2a: Ferrothorn|Recover|p2a: Ferrothorn\n|-heal|p2a: Ferrothorn|62\/100\n|\n|-weather|PrimordialSea|[upkeep]\n|-heal|p2a: Ferrothorn|69\/100|[from] item: Leftovers\n|upkeep\n|turn|97\n|\n|-start|p1a: Zeraora|Dynamax\n|-heal|p1a: Zeraora|59\/100|[silent]\n|move|p1a: Zeraora|Max Lightning|p2a: Ferrothorn\n|-resisted|p2a: Ferrothorn\n|-damage|p2a: Ferrothorn|41\/100\n|-fieldstart|move: Electric Terrain\n|move|p2a: Ferrothorn|Recover|p2a: Ferrothorn\n|-heal|p2a: Ferrothorn|91\/100\n|\n|-weather|PrimordialSea|[upkeep]\n|-heal|p2a: Ferrothorn|98\/100|[from] item: Leftovers\n|upkeep\n|turn|98\n|\n|move|p1a: Zeraora|Max Quake|p2a: Ferrothorn\n|-damage|p2a: Ferrothorn|62\/100\n|-boost|p1a: Zeraora|spd|1\n|move|p2a: Ferrothorn|Spectral Thief||[still]\n|-clearpositiveboost|p1a: Zeraora|p2a: Ferrothorn|move: Spectral Thief\n|-boost|p2a: Ferrothorn|atk|1\n|-boost|p2a: Ferrothorn|spd|1\n|-anim|p2a: Ferrothorn|Spectral Thief|p1a: Zeraora\n|-damage|p1a: Zeraora|43\/100\n|\n|-weather|PrimordialSea|[upkeep]\n|-heal|p2a: Ferrothorn|68\/100|[from] item: Leftovers\n|upkeep\n|turn|99\n|\n|move|p1a: Zeraora|Max Quake|p2a: Ferrothorn\n|-damage|p2a: Ferrothorn|45\/100\n|-boost|p1a: Zeraora|spd|1\n|move|p2a: Ferrothorn|Recover|p2a: Ferrothorn\n|-heal|p2a: Ferrothorn|95\/100\n|\n|-weather|PrimordialSea|[upkeep]\n|-heal|p2a: Ferrothorn|100\/100|[from] item: Leftovers\n|-end|p1a: Zeraora|Dynamax\n|-heal|p1a: Zeraora|43\/100|[silent]\n|upkeep\n|turn|100\n|c|\u2606ferromolybdenum|eh I lost\n|-message|ferromolybdenum forfeited.\n|\n|win|Balanced Nichemons\n|l|\u2606ferromolybdenum\n|raw|ferromolybdenum's rating: 1466 &rarr; <strong>1446<\/strong><br \/>(-20 for losing)\n|raw|Balanced Nichemons's rating: 1477 &rarr; <strong>1497<\/strong><br \/>(+20 for winning)\n|c|\u2606Balanced Nichemons|gg\n","uploadtime":1583302870,"views":17,"p1id":"ferromolybdenum","p2id":"balancednichemons","formatid":"gen8balancedhackmons","rating":1446,"private":0,"password":null}