{"id":"gen8ou-1697774001","p1":"Shinjou Akane","p2":"x19990908","format":"gen8ou","log":"|j|\u2606Shinjou Akane\n|j|\u2606x19990908\n|t:|1667041390\n|gametype|singles\n|player|p1|Shinjou Akane|elesa-gen5bw2|1520\n|player|p2|x19990908|169|1600\n|teamsize|p1|6\n|teamsize|p2|6\n|gen|8\n|tier|[Gen 8] OU\n|rated|\n|rule|Sleep Clause Mod: Limit one foe put to sleep\n|rule|Species Clause: Limit one of each Pok\u00e9mon\n|rule|OHKO Clause: OHKO moves are banned\n|rule|Evasion Items Clause: Evasion items are banned\n|rule|Evasion Moves Clause: Evasion moves are banned\n|rule|Endless Battle Clause: Forcing endless battles is banned\n|rule|HP Percentage Mod: HP is shown in percentages\n|rule|Dynamax Clause: You cannot dynamax\n|clearpoke\n|poke|p1|Klefki, M|\n|poke|p1|Nidoking, M|\n|poke|p1|Urshifu-*, M|\n|poke|p1|Kartana|\n|poke|p1|Tapu Fini|\n|poke|p1|Landorus-Therian, M|\n|poke|p2|Blaziken, F|\n|poke|p2|Charizard, M|\n|poke|p2|Grimmsnarl, M|\n|poke|p2|Kartana|\n|poke|p2|Dragapult, M|\n|poke|p2|Lycanroc-Dusk, F|\n|teampreview\n|inactive|Battle timer is ON: inactive players will automatically lose when time's up. (requested by x19990908)\n|\n|t:|1667041396\n|start\n|switch|p1a: Nidoking|Nidoking, M|100\/100\n|switch|p2a: Lycanroc|Lycanroc-Dusk, F, shiny|100\/100\n|turn|1\n|\n|t:|1667041402\n|switch|p1a: Urshifu|Urshifu-Rapid-Strike, M|100\/100\n|move|p2a: Lycanroc|Stealth Rock|p1a: Urshifu\n|-sidestart|p1: Shinjou Akane|move: Stealth Rock\n|\n|upkeep\n|turn|2\n|\n|t:|1667041408\n|switch|p2a: Kartana|Kartana|100\/100\n|move|p1a: Urshifu|Surging Strikes|p2a: Kartana\n|-resisted|p2a: Kartana\n|-crit|p2a: Kartana\n|-damage|p2a: Kartana|85\/100\n|-resisted|p2a: Kartana\n|-crit|p2a: Kartana\n|-damage|p2a: Kartana|70\/100\n|-resisted|p2a: Kartana\n|-crit|p2a: Kartana\n|-damage|p2a: Kartana|55\/100\n|-hitcount|p2a: Kartana|3\n|\n|upkeep\n|turn|3\n|\n|t:|1667041417\n|switch|p1a: Landorus|Landorus-Therian, M|100\/100\n|-damage|p1a: Landorus|88\/100|[from] Stealth Rock\n|-ability|p1a: Landorus|Intimidate|boost\n|-unboost|p2a: Kartana|atk|1\n|move|p2a: Kartana|Leaf Blade|p1a: Landorus\n|-damage|p1a: Landorus|39\/100\n|-damage|p2a: Kartana|39\/100|[from] item: Rocky Helmet|[of] p1a: Landorus\n|-damage|p2a: Kartana|29\/100|[from] item: Life Orb\n|\n|upkeep\n|turn|4\n|\n|t:|1667041423\n|switch|p1a: Kartana|Kartana|100\/100\n|-damage|p1a: Kartana|94\/100|[from] Stealth Rock\n|move|p2a: Kartana|Leaf Blade|p1a: Kartana\n|-resisted|p1a: Kartana\n|-damage|p1a: Kartana|80\/100\n|-damage|p2a: Kartana|19\/100|[from] item: Life Orb\n|\n|upkeep\n|turn|5\n|\n|t:|1667041431\n|move|p1a: Kartana|Knock Off|p2a: Kartana\n|-damage|p2a: Kartana|0 fnt\n|-enditem|p2a: Kartana|Life Orb|[from] move: Knock Off|[of] p1a: Kartana\n|faint|p2a: Kartana\n|-ability|p1a: Kartana|Beast Boost|boost\n|-boost|p1a: Kartana|atk|1\n|\n|upkeep\n|\n|t:|1667041446\n|switch|p2a: Lycanroc|Lycanroc-Dusk, F, shiny|100\/100\n|turn|6\n|\n|t:|1667041451\n|move|p1a: Kartana|Knock Off|p2a: Lycanroc\n|-enditem|p2a: Lycanroc|Focus Sash\n|-damage|p2a: Lycanroc|1\/100\n|move|p2a: Lycanroc|Endeavor|p1a: Kartana\n|-damage|p1a: Kartana|1\/100\n|\n|upkeep\n|turn|7\n|\n|t:|1667041457\n|switch|p1a: Landorus|Landorus-Therian, M|39\/100\n|-damage|p1a: Landorus|26\/100|[from] Stealth Rock\n|-ability|p1a: Landorus|Intimidate|boost\n|-unboost|p2a: Lycanroc|atk|1\n|move|p2a: Lycanroc|Accelerock|p1a: Landorus\n|-damage|p1a: Landorus|11\/100\n|-damage|p2a: Lycanroc|0 fnt|[from] item: Rocky Helmet|[of] p1a: Landorus\n|faint|p2a: Lycanroc\n|\n|upkeep\n|j| xiaolong891\n|\n|t:|1667041462\n|switch|p2a: Charizard|Charizard, M, shiny|100\/100\n|turn|8\n|\n|t:|1667041468\n|move|p2a: Charizard|Flame Charge|p1a: Landorus\n|-damage|p1a: Landorus|0 fnt\n|-boost|p2a: Charizard|spe|1\n|-damage|p2a: Charizard|84\/100|[from] item: Rocky Helmet|[of] p1a: Landorus\n|faint|p1a: Landorus\n|\n|upkeep\n|\n|t:|1667041472\n|switch|p1a: Tapu Fini|Tapu Fini, shiny|100\/100\n|-damage|p1a: Tapu Fini|88\/100|[from] Stealth Rock\n|-fieldstart|move: Misty Terrain|[from] ability: Misty Surge|[of] p1a: Tapu Fini\n|turn|9\n|\n|t:|1667041478\n|move|p2a: Charizard|Acrobatics|p1a: Tapu Fini\n|-damage|p1a: Tapu Fini|65\/100\n|move|p1a: Tapu Fini|Surf|p2a: Charizard\n|-supereffective|p2a: Charizard\n|-damage|p2a: Charizard|0 fnt\n|faint|p2a: Charizard\n|\n|upkeep\n|\n|t:|1667041484\n|switch|p2a: Grimmsnarl|Grimmsnarl, M|100\/100\n|turn|10\n|\n|t:|1667041489\n|move|p2a: Grimmsnarl|Light Screen|p2a: Grimmsnarl\n|-sidestart|p2: x19990908|move: Light Screen\n|move|p1a: Tapu Fini|Surf|p2a: Grimmsnarl\n|-damage|p2a: Grimmsnarl|84\/100\n|\n|upkeep\n|turn|11\n|\n|t:|1667041496\n|switch|p1a: Nidoking|Nidoking, M|100\/100\n|-damage|p1a: Nidoking|95\/100|[from] Stealth Rock\n|move|p2a: Grimmsnarl|Spirit Break|p1a: Nidoking\n|-resisted|p1a: Nidoking\n|-damage|p1a: Nidoking|75\/100\n|-unboost|p1a: Nidoking|spa|1\n|\n|upkeep\n|turn|12\n|\n|t:|1667041499\n|move|p2a: Grimmsnarl|Reflect|p2a: Grimmsnarl\n|-sidestart|p2: x19990908|Reflect\n|move|p1a: Nidoking|Sludge Wave|p2a: Grimmsnarl\n|-supereffective|p2a: Grimmsnarl\n|-damage|p2a: Grimmsnarl|45\/100\n|\n|upkeep\n|turn|13\n|\n|t:|1667041502\n|move|p1a: Nidoking|Sludge Wave|p2a: Grimmsnarl\n|-supereffective|p2a: Grimmsnarl\n|-damage|p2a: Grimmsnarl|6\/100\n|move|p2a: Grimmsnarl|Spirit Break|p1a: Nidoking\n|-resisted|p1a: Nidoking\n|-damage|p1a: Nidoking|55\/100\n|-unboost|p1a: Nidoking|spa|1\n|\n|-fieldend|Misty Terrain\n|upkeep\n|turn|14\n|\n|t:|1667041510\n|switch|p1a: Tapu Fini|Tapu Fini, shiny|65\/100\n|-damage|p1a: Tapu Fini|52\/100|[from] Stealth Rock\n|-fieldstart|move: Misty Terrain|[from] ability: Misty Surge|[of] p1a: Tapu Fini\n|move|p2a: Grimmsnarl|Spirit Break|p1a: Tapu Fini\n|-damage|p1a: Tapu Fini|21\/100\n|-unboost|p1a: Tapu Fini|spa|1\n|\n|upkeep\n|turn|15\n|\n|t:|1667041514\n|move|p1a: Tapu Fini|Surf|p2a: Grimmsnarl\n|-crit|p2a: Grimmsnarl\n|-damage|p2a: Grimmsnarl|0 fnt\n|faint|p2a: Grimmsnarl\n|\n|upkeep\n|\n|t:|1667041517\n|switch|p2a: Dragapult|Dragapult, M|100\/100\n|turn|16\n|\n|t:|1667041521\n|switch|p1a: Klefki|Klefki, M|100\/100\n|-damage|p1a: Klefki|95\/100|[from] Stealth Rock\n|move|p2a: Dragapult|Dragon Dance|p2a: Dragapult\n|-boost|p2a: Dragapult|atk|1\n|-boost|p2a: Dragapult|spe|1\n|\n|upkeep\n|turn|17\n|\n|t:|1667041530\n|move|p2a: Dragapult|Phantom Force||[still]\n|-prepare|p2a: Dragapult|Phantom Force\n|move|p1a: Klefki|Foul Play|p2a: Dragapult|[miss]\n|-miss|p1a: Klefki|p2a: Dragapult\n|\n|-sideend|p2: x19990908|move: Light Screen\n|upkeep\n|turn|18\n|\n|t:|1667041533\n|move|p2a: Dragapult|Phantom Force|p1a: Klefki|[from]lockedmove\n|-damage|p1a: Klefki|22\/100\n|-enditem|p1a: Klefki|Eject Button\n|\n|t:|1667041541\n|switch|p1a: Tapu Fini|Tapu Fini, shiny|21\/100\n|-damage|p1a: Tapu Fini|8\/100|[from] Stealth Rock\n|\n|-fieldend|Misty Terrain\n|upkeep\n|turn|19\n|\n|t:|1667041546\n|move|p2a: Dragapult|Steel Wing|p1a: Tapu Fini\n|-damage|p1a: Tapu Fini|0 fnt\n|faint|p1a: Tapu Fini\n|\n|-sideend|p2: x19990908|Reflect\n|upkeep\n|\n|t:|1667041549\n|switch|p1a: Klefki|Klefki, M|22\/100\n|-damage|p1a: Klefki|16\/100|[from] Stealth Rock\n|turn|20\n|\n|t:|1667041554\n|move|p1a: Klefki|Thunder Wave|p2a: Dragapult\n|-status|p2a: Dragapult|par\n|move|p2a: Dragapult|Steel Wing|p1a: Klefki\n|-damage|p1a: Klefki|0 fnt\n|faint|p1a: Klefki\n|\n|upkeep\n|\n|t:|1667041560\n|switch|p1a: Nidoking|Nidoking, M|55\/100\n|-damage|p1a: Nidoking|49\/100|[from] Stealth Rock\n|turn|21\n|\n|t:|1667041562\n|move|p2a: Dragapult|Dragon Darts|p1a: Nidoking\n|-damage|p1a: Nidoking|0 fnt\n|faint|p1a: Nidoking\n|\n|upkeep\n|\n|t:|1667041566\n|switch|p1a: Urshifu|Urshifu-Rapid-Strike, M|100\/100\n|-damage|p1a: Urshifu|94\/100|[from] Stealth Rock\n|turn|22\n|\n|t:|1667041571\n|move|p1a: Urshifu|Surging Strikes|p2a: Dragapult\n|-resisted|p2a: Dragapult\n|-crit|p2a: Dragapult\n|-damage|p2a: Dragapult|81\/100 par\n|-resisted|p2a: Dragapult\n|-crit|p2a: Dragapult\n|-damage|p2a: Dragapult|60\/100 par\n|-resisted|p2a: Dragapult\n|-crit|p2a: Dragapult\n|-damage|p2a: Dragapult|41\/100 par\n|-hitcount|p2a: Dragapult|3\n|move|p2a: Dragapult|Dragon Darts|p1a: Urshifu\n|-damage|p1a: Urshifu|54\/100\n|-anim|p2a: Dragapult|Dragon Darts|p1a: Urshifu\n|-damage|p1a: Urshifu|15\/100\n|\n|upkeep\n|turn|23\n|\n|t:|1667041575\n|move|p1a: Urshifu|Surging Strikes|p2a: Dragapult\n|-resisted|p2a: Dragapult\n|-crit|p2a: Dragapult\n|-damage|p2a: Dragapult|23\/100 par\n|-resisted|p2a: Dragapult\n|-crit|p2a: Dragapult\n|-damage|p2a: Dragapult|5\/100 par\n|-resisted|p2a: Dragapult\n|-crit|p2a: Dragapult\n|-damage|p2a: Dragapult|0 fnt\n|faint|p2a: Dragapult\n|-hitcount|p2: Dragapult|3\n|\n|upkeep\n|\n|t:|1667041577\n|switch|p2a: Blaziken|Blaziken, F|100\/100\n|turn|24\n|\n|t:|1667041580\n|move|p1a: Urshifu|Surging Strikes|p2a: Blaziken\n|-supereffective|p2a: Blaziken\n|-crit|p2a: Blaziken\n|-damage|p2a: Blaziken|6\/100\n|-supereffective|p2a: Blaziken\n|-crit|p2a: Blaziken\n|-damage|p2a: Blaziken|0 fnt\n|faint|p2a: Blaziken\n|-hitcount|p2: Blaziken|2\n|\n|win|Shinjou Akane\n|raw|Shinjou Akane's rating: 1520 &rarr; <strong>1545<\/strong><br \/>(+25 for winning)\n|raw|x19990908's rating: 1600 &rarr; <strong>1575<\/strong><br \/>(-25 for losing)\n|l|\u2606x19990908\n","uploadtime":1667041588,"views":7,"p1id":"shinjouakane","p2id":"x19990908","formatid":"gen8ou","rating":1545,"private":0,"password":null}