{"id":"gen8customgame-1669991316","p1":"me313","p2":"Elon Musk Rusk","format":"gen8customgame","log":"|j|\u2606me313\n|j|\u2606Elon Musk Rusk\n|t:|1664119248\n|gametype|singles\n|player|p1|me313|2|\n|player|p2|Elon Musk Rusk|170|\n|teamsize|p1|6\n|teamsize|p2|6\n|gen|8\n|tier|[Gen 8] Custom Game\n|clearpoke\n|poke|p1|Mawile-Mega, M|\n|poke|p1|Greninja, F|\n|poke|p1|Volcarona, M|\n|poke|p1|Landorus-Therian, M|\n|poke|p1|Kyurem|\n|poke|p1|Wobbuffet, M|\n|poke|p2|Goodra, F|\n|poke|p2|Gallade-Mega, M|\n|poke|p2|Mandibuzz, F|\n|poke|p2|Porygon2|\n|poke|p2|Regieleki|\n|poke|p2|Aegislash, F|\n|teampreview\n|c|\u2606me313|gl\n|\n|t:|1664119282\n|start\n|switch|p1a: Saul Badman|Wobbuffet, M|584\/584\n|switch|p2a: Porygon2|Porygon2|373\/373\n|-ability|p2a: Porygon2|Shadow Tag|[from] ability: Trace|[of] p1a: Saul Badman\n|turn|1\n|\n|t:|1664119290\n|switch|p1a: Om-Nom|Mawile-Mega, M|303\/303\n|-ability|p1a: Om-Nom|Intimidate|boost\n|-unboost|p2a: Porygon2|atk|1\n|move|p2a: Porygon2|Reflect|p2a: Porygon2\n|-sidestart|p2: Elon Musk Rusk|Reflect\n|\n|upkeep\n|turn|2\n|\n|t:|1664119296\n|debug|priority charge callback: focuspunch\n|-singleturn|p1a: Om-Nom|move: Focus Punch\n|move|p1a: Om-Nom|Focus Punch|p2a: Porygon2\n|-supereffective|p2a: Porygon2\n|debug|Reflect weaken\n|-damage|p2a: Porygon2|290\/373\n|move|p2a: Porygon2|Teleport|p2a: Porygon2\n|\n|t:|1664119302\n|switch|p2a: Aegislash|Aegislash, F|289\/289\n|\n|upkeep\n|turn|3\n|\n|t:|1664119307\n|move|p2a: Aegislash|Substitute|p2a: Aegislash\n|-start|p2a: Aegislash|Substitute\n|-damage|p2a: Aegislash|217\/289\n|move|p1a: Om-Nom|Knock Off|p2a: Aegislash\n|-supereffective|p2a: Aegislash\n|debug|Reflect weaken\n|-end|p2a: Aegislash|Substitute\n|\n|-heal|p2a: Aegislash|235\/289|[from] item: Leftovers\n|upkeep\n|turn|4\n|\n|t:|1664119316\n|move|p2a: Aegislash|King's Shield|p2a: Aegislash\n|-singleturn|p2a: Aegislash|Protect\n|move|p1a: Om-Nom|Sucker Punch||[still]\n|-fail|p1a: Om-Nom\n|\n|-heal|p2a: Aegislash|253\/289|[from] item: Leftovers\n|upkeep\n|turn|5\n|\n|t:|1664119322\n|-formechange|p2a: Aegislash|Aegislash-Blade||[from] ability: Stance Change\n|move|p2a: Aegislash|Flash Cannon|p1a: Om-Nom\n|-damage|p1a: Om-Nom|143\/303\n|move|p1a: Om-Nom|Knock Off|p2a: Aegislash\n|-supereffective|p2a: Aegislash\n|debug|Reflect weaken\n|-damage|p2a: Aegislash|77\/289\n|-enditem|p2a: Aegislash|Leftovers|[from] move: Knock Off|[of] p1a: Om-Nom\n|\n|-sideend|p2: Elon Musk Rusk|Reflect\n|upkeep\n|turn|6\n|\n|t:|1664119334\n|-formechange|p2a: Aegislash|Aegislash||[from] ability: Stance Change\n|move|p2a: Aegislash|King's Shield|p2a: Aegislash\n|-singleturn|p2a: Aegislash|Protect\n|move|p1a: Om-Nom|Sucker Punch||[still]\n|-fail|p1a: Om-Nom\n|\n|upkeep\n|turn|7\n|\n|t:|1664119341\n|move|p1a: Om-Nom|Sucker Punch||[still]\n|-fail|p1a: Om-Nom\n|move|p2a: Aegislash|Substitute|p2a: Aegislash\n|-start|p2a: Aegislash|Substitute\n|-damage|p2a: Aegislash|5\/289\n|\n|upkeep\n|turn|8\n|\n|t:|1664119350\n|switch|p1a: Fredrick.|Landorus-Therian, M|382\/382\n|-ability|p1a: Fredrick.|Intimidate|boost\n|-immune|p2a: Aegislash\n|-formechange|p2a: Aegislash|Aegislash-Blade||[from] ability: Stance Change\n|move|p2a: Aegislash|Shadow Ball|p1a: Fredrick.\n|-damage|p1a: Fredrick.|228\/382\n|\n|-heal|p1a: Fredrick.|251\/382|[from] item: Leftovers\n|upkeep\n|turn|9\n|\n|t:|1664119360\n|move|p1a: Fredrick.|Earthquake|p2a: Aegislash\n|-supereffective|p2a: Aegislash\n|-end|p2a: Aegislash|Substitute\n|move|p2a: Aegislash|Shadow Ball|p1a: Fredrick.\n|-damage|p1a: Fredrick.|109\/382\n|\n|-heal|p1a: Fredrick.|132\/382|[from] item: Leftovers\n|upkeep\n|turn|10\n|\n|t:|1664119367\n|switch|p2a: Mandibuzz|Mandibuzz, F|423\/423\n|move|p1a: Fredrick.|U-turn|p2a: Mandibuzz\n|-damage|p2a: Mandibuzz|369\/423\n|\n|t:|1664119401\n|switch|p1a: Jetstream Gren|Greninja, F|309\/309\n|\n|upkeep\n|turn|11\n|\n|t:|1664119410\n|switch|p2a: Goodra|Goodra, F|383\/383\n|move|p1a: Jetstream Gren|Hydro Pump|p2a: Goodra\n|-resisted|p2a: Goodra\n|-damage|p2a: Goodra|320\/383\n|\n|-heal|p2a: Goodra|343\/383|[from] item: Leftovers\n|upkeep\n|turn|12\n|\n|t:|1664119421\n|switch|p1a: Saul Badman|Wobbuffet, M|584\/584\n|move|p2a: Goodra|Flamethrower|p1a: Saul Badman\n|-damage|p1a: Saul Badman|483\/584\n|\n|-heal|p2a: Goodra|366\/383|[from] item: Leftovers\n|upkeep\n|turn|13\n|\n|t:|1664119426\n|debug|before turn callback: mirrorcoat\n|move|p2a: Goodra|Toxic|p1a: Saul Badman\n|-status|p1a: Saul Badman|tox\n|move|p1a: Saul Badman|Mirror Coat||[still]\n|-fail|p1a: Saul Badman\n|\n|-heal|p2a: Goodra|383\/383|[from] item: Leftovers\n|-damage|p1a: Saul Badman|447\/584 tox|[from] psn\n|upkeep\n|turn|14\n|\n|t:|1664119431\n|move|p2a: Goodra|Toxic|p1a: Saul Badman\n|-fail|p1a: Saul Badman|tox\n|debug|move failed because it did nothing\n|move|p1a: Saul Badman|Encore|p2a: Goodra\n|-start|p2a: Goodra|Encore\n|\n|-damage|p1a: Saul Badman|375\/584 tox|[from] psn\n|upkeep\n|turn|15\n|\n|t:|1664119433\n|switch|p1a: Om-Nom|Mawile-Mega, M|143\/303\n|-ability|p1a: Om-Nom|Intimidate|boost\n|-unboost|p2a: Goodra|atk|1\n|move|p2a: Goodra|Toxic|p1a: Om-Nom\n|debug|natural status immunity\n|debug|immune to status\n|-immune|p1a: Om-Nom\n|debug|move failed because it did nothing\n|\n|upkeep\n|turn|16\n|\n|t:|1664119446\n|switch|p2a: Aegislash|Aegislash, F|5\/289\n|move|p1a: Om-Nom|Knock Off|p2a: Aegislash\n|-supereffective|p2a: Aegislash\n|-damage|p2a: Aegislash|0 fnt\n|faint|p2a: Aegislash\n|\n|upkeep\n|\n|t:|1664119452\n|switch|p2a: Gallade|Gallade-Mega, M|277\/277\n|turn|17\n|\n|t:|1664119481\n|move|p2a: Gallade|Earthquake|p1a: Om-Nom\n|-supereffective|p1a: Om-Nom\n|-damage|p1a: Om-Nom|0 fnt\n|faint|p1a: Om-Nom\n|\n|upkeep\n|\n|t:|1664119490\n|switch|p1a: Saul Badman|Wobbuffet, M|375\/584 tox\n|turn|18\n|\n|t:|1664119495\n|move|p2a: Gallade|Rock Slide|p1a: Saul Badman\n|-damage|p1a: Saul Badman|251\/584 tox\n|cant|p1a: Saul Badman|flinch\n|\n|-damage|p1a: Saul Badman|215\/584 tox|[from] psn\n|upkeep\n|turn|19\n|\n|t:|1664119507\n|move|p2a: Gallade|Earthquake|p1a: Saul Badman\n|-damage|p1a: Saul Badman|47\/584 tox\n|move|p1a: Saul Badman|Encore|p2a: Gallade\n|-start|p2a: Gallade|Encore\n|\n|-damage|p1a: Saul Badman|0 fnt|[from] psn\n|faint|p1a: Saul Badman\n|upkeep\n|\n|t:|1664119517\n|switch|p1a: Bernie Sanders|Volcarona, M|373\/373\n|turn|20\n|\n|t:|1664119530\n|switch|p2a: Goodra|Goodra, F|383\/383\n|move|p1a: Bernie Sanders|Quiver Dance|p1a: Bernie Sanders\n|-boost|p1a: Bernie Sanders|spa|1\n|-boost|p1a: Bernie Sanders|spd|1\n|-boost|p1a: Bernie Sanders|spe|1\n|\n|upkeep\n|turn|21\n|c|\u2606Elon Musk Rusk|was it colbur\n|c|\u2606Elon Musk Rusk|Wob\n|c|\u2606me313|yep\n|c|\u2606Elon Musk Rusk|Phew\n|\n|t:|1664119589\n|move|p1a: Bernie Sanders|Quiver Dance|p1a: Bernie Sanders\n|-boost|p1a: Bernie Sanders|spa|1\n|-boost|p1a: Bernie Sanders|spd|1\n|-boost|p1a: Bernie Sanders|spe|1\n|move|p2a: Goodra|Toxic|p1a: Bernie Sanders\n|-status|p1a: Bernie Sanders|tox\n|\n|-damage|p1a: Bernie Sanders|350\/373 tox|[from] psn\n|upkeep\n|turn|22\n|\n|t:|1664119595\n|move|p1a: Bernie Sanders|Quiver Dance|p1a: Bernie Sanders\n|-boost|p1a: Bernie Sanders|spa|1\n|-boost|p1a: Bernie Sanders|spd|1\n|-boost|p1a: Bernie Sanders|spe|1\n|move|p2a: Goodra|Draco Meteor|p1a: Bernie Sanders\n|-damage|p1a: Bernie Sanders|280\/373 tox\n|-unboost|p2a: Goodra|spa|2\n|\n|-damage|p1a: Bernie Sanders|234\/373 tox|[from] psn\n|upkeep\n|turn|23\n|\n|t:|1664119604\n|move|p1a: Bernie Sanders|Roost|p1a: Bernie Sanders\n|-heal|p1a: Bernie Sanders|373\/373 tox\n|-singleturn|p1a: Bernie Sanders|move: Roost\n|move|p2a: Goodra|Ice Beam|p1a: Bernie Sanders\n|-resisted|p1a: Bernie Sanders\n|-damage|p1a: Bernie Sanders|365\/373 tox\n|\n|-damage|p1a: Bernie Sanders|296\/373 tox|[from] psn\n|upkeep\n|turn|24\n|\n|t:|1664119606\n|move|p1a: Bernie Sanders|Fire Blast|p2a: Goodra\n|-resisted|p2a: Goodra\n|-damage|p2a: Goodra|275\/383\n|move|p2a: Goodra|Draco Meteor|p1a: Bernie Sanders|[miss]\n|-miss|p2a: Goodra|p1a: Bernie Sanders\n|\n|-heal|p2a: Goodra|298\/383|[from] item: Leftovers\n|-damage|p1a: Bernie Sanders|204\/373 tox|[from] psn\n|upkeep\n|turn|25\n|\n|t:|1664119621\n|switch|p1a: Pomplestan|Kyurem|391\/391\n|-ability|p1a: Pomplestan|Pressure\n|move|p2a: Goodra|Draco Meteor|p1a: Pomplestan\n|-supereffective|p1a: Pomplestan\n|-damage|p1a: Pomplestan|211\/391\n|-unboost|p2a: Goodra|spa|2\n|\n|-heal|p2a: Goodra|321\/383|[from] item: Leftovers\n|upkeep\n|turn|26\n|\n|t:|1664119630\n|switch|p2a: Porygon2|Porygon2|290\/373\n|-ability|p2a: Porygon2|Pressure|[from] ability: Trace|[of] p1a: Pomplestan\n|-ability|p2a: Porygon2|Pressure\n|move|p1a: Pomplestan|Draco Meteor|p2a: Porygon2|[miss]\n|-miss|p1a: Pomplestan|p2a: Porygon2\n|\n|upkeep\n|turn|27\n|\n|t:|1664119642\n|switch|p1a: Fredrick.|Landorus-Therian, M|132\/382\n|-ability|p1a: Fredrick.|Intimidate|boost\n|-unboost|p2a: Porygon2|atk|1\n|move|p2a: Porygon2|Teleport|p2a: Porygon2\n|\n|t:|1664119644\n|switch|p2a: Gallade|Gallade-Mega, M|277\/277\n|\n|-heal|p1a: Fredrick.|155\/382|[from] item: Leftovers\n|upkeep\n|turn|28\n|\n|t:|1664119648\n|move|p2a: Gallade|Knock Off|p1a: Fredrick.\n|-damage|p1a: Fredrick.|17\/382\n|-enditem|p1a: Fredrick.|Leftovers|[from] move: Knock Off|[of] p2a: Gallade\n|move|p1a: Fredrick.|Knock Off|p2a: Gallade\n|-damage|p2a: Gallade|205\/277\n|\n|upkeep\n|turn|29\n|\n|t:|1664119653\n|move|p2a: Gallade|Knock Off|p1a: Fredrick.\n|-crit|p1a: Fredrick.\n|-damage|p1a: Fredrick.|0 fnt\n|faint|p1a: Fredrick.\n|\n|upkeep\n|\n|t:|1664119656\n|switch|p1a: Jetstream Gren|Greninja, F|309\/309\n|turn|30\n|\n|t:|1664119659\n|switch|p2a: Goodra|Goodra, F|321\/383\n|move|p1a: Jetstream Gren|Hydro Pump|p2a: Goodra\n|-resisted|p2a: Goodra\n|-damage|p2a: Goodra|251\/383\n|\n|-heal|p2a: Goodra|274\/383|[from] item: Leftovers\n|upkeep\n|turn|31\n|\n|t:|1664119666\n|switch|p1a: Bernie Sanders|Volcarona, M|204\/373 tox\n|move|p2a: Goodra|Toxic|p1a: Bernie Sanders\n|-fail|p1a: Bernie Sanders|tox\n|debug|move failed because it did nothing\n|\n|-heal|p2a: Goodra|297\/383|[from] item: Leftovers\n|-damage|p1a: Bernie Sanders|181\/373 tox|[from] psn\n|upkeep\n|turn|32\n|\n|t:|1664119670\n|switch|p2a: Gallade|Gallade-Mega, M|205\/277\n|move|p1a: Bernie Sanders|Fire Blast|p2a: Gallade|[miss]\n|-miss|p1a: Bernie Sanders|p2a: Gallade\n|\n|-damage|p1a: Bernie Sanders|135\/373 tox|[from] psn\n|upkeep\n|turn|33\n|\n|t:|1664119675\n|move|p2a: Gallade|Earthquake|p1a: Bernie Sanders\n|-damage|p1a: Bernie Sanders|6\/373 tox\n|move|p1a: Bernie Sanders|Fire Blast|p2a: Gallade|[miss]\n|-miss|p1a: Bernie Sanders|p2a: Gallade\n|\n|-damage|p1a: Bernie Sanders|0 fnt|[from] psn\n|faint|p1a: Bernie Sanders\n|upkeep\n|\n|t:|1664119678\n|switch|p1a: Pomplestan|Kyurem|211\/391\n|-ability|p1a: Pomplestan|Pressure\n|turn|34\n|\n|t:|1664119684\n|switch|p2a: Porygon2|Porygon2|290\/373\n|-ability|p2a: Porygon2|Pressure|[from] ability: Trace|[of] p1a: Pomplestan\n|-ability|p2a: Porygon2|Pressure\n|move|p1a: Pomplestan|Draco Meteor|p2a: Porygon2|[miss]\n|-miss|p1a: Pomplestan|p2a: Porygon2\n|\n|upkeep\n|turn|35\n|c|\u2606Elon Musk Rusk|...\n|\n|t:|1664119694\n|switch|p1a: Jetstream Gren|Greninja, F|309\/309\n|move|p2a: Porygon2|Teleport|p2a: Porygon2\n|\n|t:|1664119699\n|switch|p2a: Regieleki|Regieleki|307\/307\n|\n|upkeep\n|turn|36\n|\n|t:|1664119705\n|switch|p1a: Pomplestan|Kyurem|211\/391\n|-ability|p1a: Pomplestan|Pressure\n|move|p2a: Regieleki|Volt Switch|p1a: Pomplestan\n|debug|Transistor boost\n|-resisted|p1a: Pomplestan\n|-damage|p1a: Pomplestan|61\/391\n|\n|t:|1664119711\n|switch|p2a: Porygon2|Porygon2|290\/373\n|-ability|p2a: Porygon2|Pressure|[from] ability: Trace|[of] p1a: Pomplestan\n|-ability|p2a: Porygon2|Pressure\n|\n|upkeep\n|turn|37\n|\n|t:|1664119716\n|move|p1a: Pomplestan|Focus Blast|p2a: Porygon2|[miss]\n|-miss|p1a: Pomplestan|p2a: Porygon2\n|move|p2a: Porygon2|Teleport|p2a: Porygon2\n|c|\u2606Elon Musk Rusk|dude\n|c|\u2606me313|I have a question\n|c|\u2606me313|for god\n|c|\u2606me313|WHYYYYY\n|c|\u2606Elon Musk Rusk|Unfair\n|\n|t:|1664119738\n|switch|p2a: Gallade|Gallade-Mega, M|205\/277\n|\n|upkeep\n|turn|38\n|\n|t:|1664119742\n|move|p2a: Gallade|Knock Off|p1a: Pomplestan\n|-damage|p1a: Pomplestan|0 fnt\n|-enditem|p1a: Pomplestan|Choice Specs|[from] move: Knock Off|[of] p2a: Gallade\n|faint|p1a: Pomplestan\n|\n|upkeep\n|\n|t:|1664119744\n|switch|p1a: Jetstream Gren|Greninja, F|309\/309\n|turn|39\n|c|\u2606Elon Musk Rusk|Give me the kyurem set\n|c|\u2606Elon Musk Rusk|Quick\n|c|\u2606me313|https:\/\/pokepast.es\/a2c3af8453c56bd0\n|c|\u2606Elon Musk Rusk|ok it killed\n|c|\u2606Elon Musk Rusk|I give you a chsnce\n|c|\u2606Elon Musk Rusk|Im not switching lade\n|c|\u2606Elon Musk Rusk|you can kill me\n|\n|t:|1664119879\n|move|p1a: Jetstream Gren|Hydro Pump|p2a: Gallade\n|-crit|p2a: Gallade\n|-damage|p2a: Gallade|0 fnt\n|faint|p2a: Gallade\n|\n|upkeep\n|\n|t:|1664119881\n|switch|p2a: Regieleki|Regieleki|307\/307\n|turn|40\n|c|\u2606me313|yay\n|\n|t:|1664119885\n|move|p2a: Regieleki|Volt Switch|p1a: Jetstream Gren\n|debug|Transistor boost\n|-supereffective|p1a: Jetstream Gren\n|-damage|p1a: Jetstream Gren|0 fnt\n|faint|p1a: Jetstream Gren\n|\n|win|Elon Musk Rusk\n|c|\u2606me313|lol\n|c|\u2606me313|gg\n|c|\u2606Elon Musk Rusk|nw man\n|c|\u2606Elon Musk Rusk|sorry for the hax\n","uploadtime":1664119920,"views":17,"p1id":"me313","p2id":"elonmuskrusk","formatid":"gen8customgame","rating":0,"private":0,"password":null}