{"id":"gen8hackmonscup-1706966034","p1":"ghite\u2606off","p2":"Lockjaw","format":"gen8hackmonscup","log":"|j|\u2606ghite\u2606off\n|j|\u2606Lockjaw\n|t:|1668037098\n|gametype|singles\n|player|p1|ghite\u2606off|channeler-lgpe|\n|player|p2|Lockjaw|#puwcop2021brazil|\n|teamsize|p1|6\n|teamsize|p2|6\n|gen|8\n|tier|[Gen 8] Hackmons Cup\n|rule|HP Percentage Mod: HP is shown in percentages\n|\n|t:|1668037098\n|start\n|switch|p1a: Exeggcute|Exeggcute, L86, F|224\/224\n|switch|p2a: Gothorita|Gothorita, L81, F|218\/218\n|-ability|p2a: Gothorita|Comatose\n|turn|1\n|j| calvalo\n|\n|t:|1668037128\n|move|p2a: Gothorita|Eruption|p1a: Exeggcute\n|-supereffective|p1a: Exeggcute\n|-damage|p1a: Exeggcute|0 fnt\n|faint|p1a: Exeggcute\n|\n|upkeep\n|j|+Scizor Boladao\n|c| calvalo|ata\n|\n|t:|1668037137\n|switch|p1a: Kabuto|Kabuto, L84, M|195\/195\n|-ability|p1a: Kabuto|Neutralizing Gas\n|turn|2\n|\n|t:|1668037170\n|move|p1a: Kabuto|Shadow Ball|p2a: Gothorita\n|-supereffective|p2a: Gothorita\n|-damage|p2a: Gothorita|164\/218\n|move|p2a: Gothorita|Secret Sword|p1a: Kabuto\n|-supereffective|p1a: Kabuto\n|-damage|p1a: Kabuto|89\/195\n|\n|upkeep\n|turn|3\n|\n|t:|1668037176\n|move|p1a: Kabuto|Shadow Ball|p2a: Gothorita\n|-supereffective|p2a: Gothorita\n|-damage|p2a: Gothorita|104\/218\n|-unboost|p2a: Gothorita|spd|1\n|move|p2a: Gothorita|Secret Sword|p1a: Kabuto\n|-supereffective|p1a: Kabuto\n|-damage|p1a: Kabuto|0 fnt\n|faint|p1a: Kabuto\n|-end|p1a: Kabuto|ability: Neutralizing Gas\n|\n|upkeep\n|l| calvalo\n|\n|t:|1668037189\n|switch|p1a: Corphish|Corphish, L88, F|215\/215\n|turn|4\n|\n|t:|1668037195\n|move|p2a: Gothorita|Secret Sword|p1a: Corphish\n|-damage|p1a: Corphish|175\/215\n|move|p1a: Corphish|Fleur Cannon|p2a: Gothorita\n|-damage|p2a: Gothorita|35\/218\n|-unboost|p1a: Corphish|spa|2\n|-enditem|p1a: Corphish|White Herb\n|-clearnegativeboost|p1a: Corphish|[silent]\n|\n|-ability|p1a: Corphish|Speed Boost|boost\n|-boost|p1a: Corphish|spe|1\n|upkeep\n|turn|5\n|\n|t:|1668037203\n|move|p1a: Corphish|Fly||[still]\n|-prepare|p1a: Corphish|Fly\n|move|p2a: Gothorita|Zen Headbutt|p1a: Corphish|[miss]\n|-miss|p2a: Gothorita|p1a: Corphish\n|\n|-ability|p1a: Corphish|Speed Boost|boost\n|-boost|p1a: Corphish|spe|1\n|upkeep\n|turn|6\n|\n|t:|1668037207\n|move|p1a: Corphish|Fly|p2a: Gothorita|[from]lockedmove\n|-damage|p2a: Gothorita|0 fnt\n|faint|p2a: Gothorita\n|\n|-ability|p1a: Corphish|Speed Boost|boost\n|-boost|p1a: Corphish|spe|1\n|upkeep\n|\n|t:|1668037217\n|switch|p2a: Golduck|Golduck, L74, F|257\/257\n|turn|7\n|\n|t:|1668037221\n|move|p1a: Corphish|Fly||[still]\n|-prepare|p1a: Corphish|Fly\n|move|p2a: Golduck|Grassy Glide|p1a: Corphish|[miss]\n|-miss|p2a: Golduck|p1a: Corphish\n|\n|-ability|p1a: Corphish|Speed Boost|boost\n|-boost|p1a: Corphish|spe|1\n|upkeep\n|turn|8\n|\n|t:|1668037224\n|move|p1a: Corphish|Fly|p2a: Golduck|[from]lockedmove\n|-damage|p2a: Golduck|173\/257\n|move|p2a: Golduck|Rising Voltage|p1a: Corphish\n|-supereffective|p1a: Corphish\n|-damage|p1a: Corphish|0 fnt\n|faint|p1a: Corphish\n|\n|upkeep\n|\n|t:|1668037233\n|switch|p1a: Basculin|Basculin-Blue-Striped, L77, M|199\/199\n|-fieldstart|move: Electric Terrain|[from] ability: Electric Surge|[of] p1a: Basculin\n|turn|9\n|\n|t:|1668037244\n|move|p2a: Golduck|Rising Voltage|p1a: Basculin\n|-hint|Rising Voltage's BP doubled on grounded target.\n|-supereffective|p1a: Basculin\n|-damage|p1a: Basculin|0 fnt\n|faint|p1a: Basculin\n|\n|upkeep\n|\n|t:|1668037250\n|switch|p1a: Roggenrola|Roggenrola, L90, M|272\/272\n|turn|10\n|c|+Scizor Boladao|lol\n|\n|t:|1668037258\n|move|p2a: Golduck|Rising Voltage|p1a: Roggenrola\n|-hint|Rising Voltage's BP doubled on grounded target.\n|-damage|p1a: Roggenrola|11\/272\n|-enditem|p1a: Roggenrola|Sitrus Berry|[eat]\n|-heal|p1a: Roggenrola|79\/272|[from] item: Sitrus Berry\n|move|p1a: Roggenrola|Sky Attack||[still]\n|-prepare|p1a: Roggenrola|Sky Attack\n|\n|upkeep\n|turn|11\n|c|\u2606ghite\u2606off|maluco cagado\n|\n|t:|1668037283\n|move|p2a: Golduck|Rising Voltage|p1a: Roggenrola\n|-hint|Rising Voltage's BP doubled on grounded target.\n|-damage|p1a: Roggenrola|0 fnt\n|faint|p1a: Roggenrola\n|\n|upkeep\n|c|\u2606ghite\u2606off|primeiro tem um poke com shadow tag\n|c|\u2606ghite\u2606off|com eruption, e outro q sola minha equipe inteira\n|\n|t:|1668037303\n|switch|p1a: Primarina|Primarina, L72, M|224\/224\n|turn|12\n|\n|t:|1668037323\n|move|p2a: Golduck|Rising Voltage|p1a: Primarina\n|-hint|Rising Voltage's BP doubled on grounded target.\n|-supereffective|p1a: Primarina\n|-damage|p1a: Primarina|10\/224\n|move|p1a: Primarina|Counter||[still]\n|-fail|p1a: Primarina\n|\n|upkeep\n|turn|13\n|c|+Scizor Boladao|sabia que\n|c|+Scizor Boladao|era comatose\n|c|\u2606ghite\u2606off|mas n pdia trocar, ou parecia algo parecido\n|c|+Scizor Boladao|e o texto de stag so aparece pq gothorita normal tem stag\n|c|\u2606ghite\u2606off|A\n|c|\u2606ghite\u2606off|ai \u00e9 foda\n|\n|t:|1668037360\n|move|p2a: Golduck|Rising Voltage|p1a: Primarina\n|-hint|Rising Voltage's BP doubled on grounded target.\n|-supereffective|p1a: Primarina\n|-damage|p1a: Primarina|0 fnt\n|faint|p1a: Primarina\n|\n|win|Lockjaw\n|c|\u2606ghite\u2606off|sabia dessa n\n|l|+Scizor Boladao\n|l|\u2606ghite\u2606off\n|l|\u2606Lockjaw\n|j| Moretto\n|l| Moretto\n|j| Moretto\n|l| Moretto\n|j|\u2606Lockjaw\n|player|p2|Lockjaw|#puwcop2021brazil\n","uploadtime":1668037473,"views":4,"p1id":"ghiteoff","p2id":"lockjaw","formatid":"gen8hackmonscup","rating":0,"private":0,"password":null}