{"id":"gen8nationaldex-1431657316","p1":"TPD\u2600WEATHER\u2601ICON","p2":"Ayante","format":"gen8nationaldex","log":"|j|\u2606TPD\u2600WEATHER\u2601ICON\n|j|\u2606Ayante\n|inactive|Battle timer is ON: inactive players will automatically lose when time's up.\n|t:|1633704525\n|gametype|singles\n|player|p1|TPD\u2600WEATHER\u2601ICON|drayden|\n|player|p2|Ayante|policeman-gen4|\n|teamsize|p1|6\n|teamsize|p2|6\n|gen|8\n|tier|[Gen 8] National Dex\n|rated|Tournament battle\n|rule|HP Percentage Mod: HP is shown in percentages\n|rule|Endless Battle Clause: Forcing endless battles is banned\n|rule|OHKO Clause: OHKO moves are banned\n|rule|Evasion Moves Clause: Evasion moves are banned\n|rule|Species Clause: Limit one of each Pok\u00e9mon\n|rule|Dynamax Clause: You cannot dynamax\n|rule|Sleep Clause Mod: Limit one foe put to sleep\n|clearpoke\n|poke|p1|Slowbro, M|\n|poke|p1|Marowak-Alola, M|\n|poke|p1|Magearna|\n|poke|p1|Hoopa-Unbound|\n|poke|p1|Mawile, F|\n|poke|p1|Cresselia, F|\n|poke|p2|Scizor, M|\n|poke|p2|Tapu Fini|\n|poke|p2|Landorus-Therian, M|\n|poke|p2|Kommo-o, M|\n|poke|p2|Victini|\n|poke|p2|Greninja, M|\n|teampreview\n|j| ComsyK\n|j| Erigos\n|j| anique\n|j| Cinnmma \u266a\u266a\n|j|%TylerTheMilotic\n|inactive|TPD\u2600WEATHER\u2601ICON has 120 seconds left.\n|\n|t:|1633704562\n|start\n|switch|p1a: Slowbro|Slowbro, M|100\/100\n|switch|p2a: Tapu Fini|Tapu Fini|100\/100\n|-fieldstart|move: Misty Terrain|[from] ability: Misty Surge|[of] p2a: Tapu Fini\n|turn|1\n|\n|t:|1633704569\n|move|p2a: Tapu Fini|Taunt|p1a: Slowbro\n|-start|p1a: Slowbro|move: Taunt\n|cant|p1a: Slowbro|move: Taunt|Trick Room\n|\n|upkeep\n|turn|2\n|\n|t:|1633704578\n|switch|p1a: Magearna|Magearna|100\/100\n|move|p2a: Tapu Fini|Calm Mind|p2a: Tapu Fini\n|-boost|p2a: Tapu Fini|spa|1\n|-boost|p2a: Tapu Fini|spd|1\n|\n|upkeep\n|turn|3\n|j| ibleachyourskin\n|j| ImNotJaylen\n|inactive|TPD\u2600WEATHER\u2601ICON has 120 seconds left.\n|\n|t:|1633704627\n|switch|p1a: \ud83d\udc7a|Hoopa-Unbound|100\/100\n|move|p2a: Tapu Fini|Calm Mind|p2a: Tapu Fini\n|-boost|p2a: Tapu Fini|spa|1\n|-boost|p2a: Tapu Fini|spd|1\n|\n|upkeep\n|turn|4\n|l| Cinnmma \u266a\u266a\n|\n|t:|1633704637\n|move|p2a: Tapu Fini|Draining Kiss|p1a: \ud83d\udc7a\n|-supereffective|p1a: \ud83d\udc7a\n|-damage|p1a: \ud83d\udc7a|26\/100\n|move|p1a: \ud83d\udc7a|Gunk Shot|p2a: Tapu Fini\n|-supereffective|p2a: Tapu Fini\n|-damage|p2a: Tapu Fini|0 fnt\n|faint|p2a: Tapu Fini\n|\n|upkeep\n|\n|t:|1633704646\n|switch|p2a: Scizor|Scizor, M|100\/100\n|turn|5\n|\n|t:|1633704651\n|switch|p1a: Slowbro|Slowbro, M|100\/100\n|detailschange|p2a: Scizor|Scizor-Mega, M\n|-mega|p2a: Scizor|Scizor|Scizorite\n|move|p2a: Scizor|U-turn|p1a: Slowbro\n|-supereffective|p1a: Slowbro\n|-damage|p1a: Slowbro|50\/100\n|-damage|p2a: Scizor|84\/100|[from] item: Rocky Helmet|[of] p1a: Slowbro\n|j| Cinnmma \u266a\u266a\n|j| SNAK30PRA\n|\n|t:|1633704659\n|switch|p2a: Victini|Victini|100\/100|[from]move: U-turn\n|\n|-fieldend|Misty Terrain\n|upkeep\n|turn|6\n|\n|t:|1633704668\n|switch|p1a: Marowak|Marowak-Alola, M|100\/100\n|move|p2a: Victini|Bolt Strike|p1a: Marowak\n|-ability|p1a: Marowak|Lightning Rod|boost\n|-boost|p1a: Marowak|spa|1\n|\n|upkeep\n|turn|7\n|\n|t:|1633704676\n|move|p2a: Victini|U-turn|p1a: Marowak\n|-resisted|p1a: Marowak\n|-damage|p1a: Marowak|95\/100\n|\n|t:|1633704678\n|switch|p2a: Kommo-o|Kommo-o, M|100\/100|[from]move: U-turn\n|move|p1a: Marowak|Poltergeist|p2a: Kommo-o\n|-activate|p2a: Kommo-o|move: Poltergeist|Rocky Helmet\n|-damage|p2a: Kommo-o|46\/100\n|\n|upkeep\n|turn|8\n|\n|t:|1633704694\n|switch|p1a: Slowbro|Slowbro, M|83\/100\n|move|p2a: Kommo-o|Stealth Rock|p1a: Slowbro\n|-sidestart|p1: TPD\u2600WEATHER\u2601ICON|move: Stealth Rock\n|\n|upkeep\n|turn|9\n|inactive|TPD\u2600WEATHER\u2601ICON has 120 seconds left.\n|\n|t:|1633704719\n|move|p2a: Kommo-o|Iron Defense|p2a: Kommo-o\n|-boost|p2a: Kommo-o|def|2\n|move|p1a: Slowbro|Trick Room|p1a: Slowbro\n|-fieldstart|move: Trick Room|[of] p1a: Slowbro\n|\n|upkeep\n|turn|10\n|\n|t:|1633704725\n|move|p2a: Kommo-o|Iron Defense|p2a: Kommo-o\n|-boost|p2a: Kommo-o|def|2\n|move|p1a: Slowbro|Teleport|p1a: Slowbro\n|\n|t:|1633704729\n|switch|p1a: Magearna|Magearna|100\/100|[from]move: Teleport\n|-damage|p1a: Magearna|94\/100|[from] Stealth Rock\n|\n|upkeep\n|turn|11\n|\n|t:|1633704732\n|switch|p2a: Scizor|Scizor-Mega, M|84\/100\n|move|p1a: Magearna|Ice Beam|p2a: Scizor\n|-resisted|p2a: Scizor\n|-damage|p2a: Scizor|67\/100\n|\n|upkeep\n|turn|12\n|inactive|TPD\u2600WEATHER\u2601ICON has 120 seconds left.\n|l| Cinnmma \u266a\u266a\n|\n|t:|1633704776\n|-zpower|p1a: Magearna\n|move|p1a: Magearna|All-Out Pummeling|p2a: Scizor|[zeffect]\n|-damage|p2a: Scizor|4\/100\n|move|p2a: Scizor|U-turn|p1a: Magearna\n|-resisted|p1a: Magearna\n|-damage|p1a: Magearna|86\/100\n|\n|t:|1633704784\n|switch|p2a: Victini|Victini|100\/100|[from]move: U-turn\n|\n|upkeep\n|turn|13\n|l| SNAK30PRA\n|inactive|TPD\u2600WEATHER\u2601ICON has 120 seconds left.\n|\n|t:|1633704792\n|switch|p1a: Slowbro|Slowbro, M|100\/100\n|-damage|p1a: Slowbro|88\/100|[from] Stealth Rock\n|move|p2a: Victini|V-create|p1a: Slowbro\n|-resisted|p1a: Slowbro\n|-damage|p1a: Slowbro|63\/100\n|-unboost|p2a: Victini|spe|1\n|-unboost|p2a: Victini|def|1\n|-unboost|p2a: Victini|spd|1\n|-damage|p2a: Victini|84\/100|[from] item: Rocky Helmet|[of] p1a: Slowbro\n|\n|-fieldend|move: Trick Room\n|upkeep\n|turn|14\n|\n|t:|1633704796\n|move|p2a: Victini|Bolt Strike|p1a: Slowbro\n|-supereffective|p1a: Slowbro\n|-damage|p1a: Slowbro|16\/100\n|-damage|p2a: Victini|67\/100|[from] item: Rocky Helmet|[of] p1a: Slowbro\n|move|p1a: Slowbro|Trick Room|p1a: Slowbro\n|-fieldstart|move: Trick Room|[of] p1a: Slowbro\n|\n|upkeep\n|turn|15\n|\n|t:|1633704804\n|switch|p1a: Marowak|Marowak-Alola, M|95\/100\n|-damage|p1a: Marowak|70\/100|[from] Stealth Rock\n|move|p2a: Victini|U-turn|p1a: Marowak\n|-resisted|p1a: Marowak\n|-damage|p1a: Marowak|66\/100\n|\n|t:|1633704811\n|switch|p2a: Landorus|Landorus-Therian, M|100\/100|[from]move: U-turn\n|-ability|p2a: Landorus|Intimidate|boost\n|-unboost|p1a: Marowak|atk|1\n|\n|upkeep\n|turn|16\n|\n|t:|1633704833\n|move|p1a: Marowak|Poltergeist|p2a: Landorus|[miss]\n|-miss|p1a: Marowak|p2a: Landorus\n|move|p2a: Landorus|Earthquake|p1a: Marowak\n|-supereffective|p1a: Marowak\n|-damage|p1a: Marowak|0 fnt\n|faint|p1a: Marowak\n|\n|upkeep\n|j| XXkgamingXX\n|\n|t:|1633704843\n|switch|p1a: Magearna|Magearna|86\/100\n|-damage|p1a: Magearna|80\/100|[from] Stealth Rock\n|turn|17\n|\n|t:|1633704854\n|move|p2a: Landorus|Protect|p2a: Landorus\n|-singleturn|p2a: Landorus|Protect\n|move|p1a: Magearna|Ice Beam|p2a: Landorus\n|-activate|p2a: Landorus|move: Protect\n|\n|upkeep\n|turn|18\n|\n|t:|1633704869\n|switch|p2a: Victini|Victini|67\/100\n|move|p1a: Magearna|Ice Beam|p2a: Victini\n|-resisted|p2a: Victini\n|-damage|p2a: Victini|51\/100\n|\n|-fieldend|move: Trick Room\n|upkeep\n|turn|19\n|\n|t:|1633704884\n|switch|p1a: \ud83d\udc7a|Hoopa-Unbound|26\/100\n|-damage|p1a: \ud83d\udc7a|14\/100|[from] Stealth Rock\n|move|p2a: Victini|V-create|p1a: \ud83d\udc7a\n|-damage|p1a: \ud83d\udc7a|0 fnt\n|-unboost|p2a: Victini|spe|1\n|-unboost|p2a: Victini|def|1\n|-unboost|p2a: Victini|spd|1\n|faint|p1a: \ud83d\udc7a\n|\n|upkeep\n|\n|t:|1633704890\n|switch|p1a: Cresselia|Cresselia, F|100\/100\n|-damage|p1a: Cresselia|88\/100|[from] Stealth Rock\n|turn|20\n|\n|t:|1633704896\n|move|p2a: Victini|U-turn|p1a: Cresselia\n|-supereffective|p1a: Cresselia\n|-damage|p1a: Cresselia|60\/100\n|\n|t:|1633704920\n|switch|p2a: Scizor|Scizor-Mega, M|4\/100|[from]move: U-turn\n|move|p1a: Cresselia|Trick Room|p1a: Cresselia\n|-fieldstart|move: Trick Room|[of] p1a: Cresselia\n|\n|upkeep\n|turn|21\n|inactive|Ayante has 120 seconds left.\n|\n|t:|1633704945\n|switch|p2a: Victini|Victini|51\/100\n|move|p1a: Cresselia|Ice Beam|p2a: Victini\n|-resisted|p2a: Victini\n|-damage|p2a: Victini|42\/100\n|\n|upkeep\n|turn|22\n|inactive|Ayante has 120 seconds left.\n|\n|t:|1633704964\n|switch|p1a: Mawile|Mawile, F|100\/100\n|-damage|p1a: Mawile|95\/100|[from] Stealth Rock\n|-ability|p1a: Mawile|Intimidate|boost\n|-unboost|p2a: Victini|atk|1\n|move|p2a: Victini|V-create|p1a: Mawile\n|-supereffective|p1a: Mawile\n|-damage|p1a: Mawile|0 fnt\n|-unboost|p2a: Victini|spe|1\n|-unboost|p2a: Victini|def|1\n|-unboost|p2a: Victini|spd|1\n|faint|p1a: Mawile\n|\n|upkeep\n|\n|t:|1633704970\n|switch|p1a: Magearna|Magearna|80\/100\n|-damage|p1a: Magearna|74\/100|[from] Stealth Rock\n|turn|23\n|\n|t:|1633704976\n|switch|p2a: Landorus|Landorus-Therian, M|100\/100\n|-ability|p2a: Landorus|Intimidate|boost\n|-unboost|p1a: Magearna|atk|1\n|move|p1a: Magearna|Thunderbolt|p2a: Landorus\n|-immune|p2a: Landorus\n|\n|upkeep\n|turn|24\n|\n|t:|1633704981\n|move|p2a: Landorus|Protect|p2a: Landorus\n|-singleturn|p2a: Landorus|Protect\n|move|p1a: Magearna|Ice Beam|p2a: Landorus\n|-activate|p2a: Landorus|move: Protect\n|\n|-fieldend|move: Trick Room\n|upkeep\n|turn|25\n|\n|t:|1633704989\n|switch|p1a: Cresselia|Cresselia, F|60\/100\n|-damage|p1a: Cresselia|48\/100|[from] Stealth Rock\n|move|p2a: Landorus|Earthquake|p1a: Cresselia\n|-immune|p1a: Cresselia|[from] ability: Levitate\n|\n|upkeep\n|turn|26\n|j| Pkhbmariondo\n|\n|t:|1633704996\n|move|p2a: Landorus|U-turn|p1a: Cresselia\n|-supereffective|p1a: Cresselia\n|-damage|p1a: Cresselia|19\/100\n|\n|t:|1633705000\n|switch|p2a: Scizor|Scizor-Mega, M|4\/100|[from]move: U-turn\n|move|p1a: Cresselia|Trick Room|p1a: Cresselia\n|-fieldstart|move: Trick Room|[of] p1a: Cresselia\n|\n|upkeep\n|turn|27\n|\n|t:|1633705004\n|switch|p1a: Slowbro|Slowbro, M|50\/100\n|-damage|p1a: Slowbro|37\/100|[from] Stealth Rock\n|move|p2a: Scizor|Bullet Punch|p1a: Slowbro\n|-resisted|p1a: Slowbro\n|-damage|p1a: Slowbro|27\/100\n|-damage|p2a: Scizor|0 fnt|[from] item: Rocky Helmet|[of] p1a: Slowbro\n|faint|p2a: Scizor\n|\n|upkeep\n|\n|t:|1633705012\n|switch|p2a: Greninja|Greninja, M|100\/100\n|turn|28\n|\n|t:|1633705022\n|switch|p1a: Magearna|Magearna|74\/100\n|-damage|p1a: Magearna|68\/100|[from] Stealth Rock\n|move|p2a: Greninja|Surf|p1a: Magearna\n|-start|p2a: Greninja|typechange|Water|[from] ability: Protean\n|-damage|p1a: Magearna|30\/100\n|\n|upkeep\n|turn|29\n|\n|t:|1633705035\n|switch|p2a: Kommo-o|Kommo-o, M|46\/100\n|move|p1a: Magearna|Ice Beam|p2a: Kommo-o\n|-supereffective|p2a: Kommo-o\n|-damage|p2a: Kommo-o|0 fnt\n|faint|p2a: Kommo-o\n|-ability|p1a: Magearna|Soul-Heart|boost\n|-boost|p1a: Magearna|spa|1\n|\n|upkeep\n|j| RTSG tests\n|\n|t:|1633705040\n|switch|p2a: Landorus|Landorus-Therian, M|100\/100\n|-ability|p2a: Landorus|Intimidate|boost\n|-unboost|p1a: Magearna|atk|1\n|turn|30\n|\n|t:|1633705043\n|switch|p1a: Slowbro|Slowbro, M|61\/100\n|-damage|p1a: Slowbro|48\/100|[from] Stealth Rock\n|move|p2a: Landorus|Protect||[still]\n|-fail|p2a: Landorus\n|\n|-fieldend|move: Trick Room\n|upkeep\n|turn|31\n|\n|t:|1633705048\n|move|p2a: Landorus|U-turn|p1a: Slowbro\n|-supereffective|p1a: Slowbro\n|-damage|p1a: Slowbro|20\/100\n|-damage|p2a: Landorus|84\/100|[from] item: Rocky Helmet|[of] p1a: Slowbro\n|\n|t:|1633705050\n|switch|p2a: Greninja|Greninja, M|100\/100|[from]move: U-turn\n|move|p1a: Slowbro|Trick Room|p1a: Slowbro\n|-fieldstart|move: Trick Room|[of] p1a: Slowbro\n|\n|upkeep\n|turn|32\n|\n|t:|1633705064\n|move|p1a: Slowbro|Scald|p2a: Greninja\n|-resisted|p2a: Greninja\n|-damage|p2a: Greninja|78\/100\n|-status|p2a: Greninja|brn\n|move|p2a: Greninja|Dark Pulse|p1a: Slowbro\n|-start|p2a: Greninja|typechange|Dark|[from] ability: Protean\n|-supereffective|p1a: Slowbro\n|-crit|p1a: Slowbro\n|-damage|p1a: Slowbro|0 fnt\n|faint|p1a: Slowbro\n|\n|-damage|p2a: Greninja|72\/100 brn|[from] brn\n|upkeep\n|inactive|TPD\u2600WEATHER\u2601ICON has 120 seconds left.\n|\n|t:|1633705109\n|switch|p1a: Cresselia|Cresselia, F|19\/100\n|-damage|p1a: Cresselia|6\/100|[from] Stealth Rock\n|turn|33\n|\n|t:|1633705112\n|move|p1a: Cresselia|Lunar Dance|p1a: Cresselia\n|faint|p1a: Cresselia\n|move|p2a: Greninja|Dark Pulse|p1: Cresselia|[notarget]\n|-fail|p2a: Greninja\n|\n|-damage|p2a: Greninja|66\/100 brn|[from] brn\n|upkeep\n|l| XXkgamingXX\n|j| XXkgamingXX\n|\n|t:|1633705114\n|switch|p1a: Magearna|Magearna|30\/100\n|-heal|p1a: Magearna|100\/100|[from] move: Lunar Dance\n|-damage|p1a: Magearna|94\/100|[from] Stealth Rock\n|turn|34\n|\n|t:|1633705122\n|move|p1a: Magearna|Focus Blast|p2a: Greninja|[miss]\n|-miss|p1a: Magearna|p2a: Greninja\n|move|p2a: Greninja|Dark Pulse|p1a: Magearna\n|-resisted|p1a: Magearna\n|-damage|p1a: Magearna|78\/100\n|\n|-damage|p2a: Greninja|60\/100 brn|[from] brn\n|upkeep\n|turn|35\n|j| Cinnmma \u266a\u266a\n|\n|t:|1633705130\n|move|p1a: Magearna|Focus Blast|p2a: Greninja\n|-supereffective|p2a: Greninja\n|-damage|p2a: Greninja|0 fnt\n|faint|p2a: Greninja\n|-ability|p1a: Magearna|Soul-Heart|boost\n|-boost|p1a: Magearna|spa|1\n|\n|-fieldend|move: Trick Room\n|upkeep\n|\n|t:|1633705133\n|switch|p2a: Landorus|Landorus-Therian, M|84\/100\n|-ability|p2a: Landorus|Intimidate|boost\n|-unboost|p1a: Magearna|atk|1\n|turn|36\n|\n|t:|1633705139\n|move|p2a: Landorus|Earthquake|p1a: Magearna\n|-supereffective|p1a: Magearna\n|-damage|p1a: Magearna|2\/100\n|move|p1a: Magearna|Ice Beam|p2a: Landorus\n|-supereffective|p2a: Landorus\n|-damage|p2a: Landorus|0 fnt\n|faint|p2a: Landorus\n|-ability|p1a: Magearna|Soul-Heart|boost\n|-boost|p1a: Magearna|spa|1\n|\n|upkeep\n|\n|t:|1633705142\n|switch|p2a: Victini|Victini|42\/100\n|turn|37\n|l| Pkhbmariondo\n|c| Cinnmma \u266a\u266a|Miss\n|\n|t:|1633705158\n|move|p2a: Victini|V-create|p1a: Magearna\n|-supereffective|p1a: Magearna\n|-damage|p1a: Magearna|0 fnt\n|-unboost|p2a: Victini|spe|1\n|-unboost|p2a: Victini|def|1\n|-unboost|p2a: Victini|spd|1\n|faint|p1a: Magearna\n|\n|win|Ayante\n|n|\u2606TPD\u2600WEATHER\u2601ICON|tpdweathericon\n|n|\u2606Ayante|ayante\n|n| ComsyK|comsyk\n|n| Erigos|erigos\n|n| anique|anique\n|n| TylerTheMilotic|tylerthemilotic\n|n| ibleachyourskin|ibleachyourskin\n|n| ImNotJaylen|imnotjaylen\n|n| RTSG tests|rtsgtests\n|n| XXkgamingXX|xxkgamingxx\n|n| Cinnmma \u266a\u266a|cinnmma\n","uploadtime":1633705159,"views":32,"p1id":"tpdweathericon","p2id":"ayante","formatid":"gen8nationaldex","rating":0,"private":0,"password":null}