{"id":"gen8ou-1493594603","p1":"Bo Jiden","p2":"Foolish Shogun","format":"gen8ou","log":"|j|\u2606Bo Jiden\n|j|\u2606Foolish Shogun\n|t:|1642486995\n|gametype|singles\n|player|p1|Bo Jiden|unknown|1490\n|player|p2|Foolish Shogun|ghetsis-gen5bw|1592\n|teamsize|p1|6\n|teamsize|p2|6\n|gen|8\n|tier|[Gen 8] OU\n|rated|\n|rule|Sleep Clause Mod: Limit one foe put to sleep\n|rule|Species Clause: Limit one of each Pok\u00e9mon\n|rule|OHKO Clause: OHKO moves are banned\n|rule|Evasion Moves Clause: Evasion moves are banned\n|rule|Endless Battle Clause: Forcing endless battles is banned\n|rule|HP Percentage Mod: HP is shown in percentages\n|rule|Dynamax Clause: You cannot dynamax\n|clearpoke\n|poke|p1|Barraskewda, F|\n|poke|p1|Ferrothorn, M|\n|poke|p1|Pelipper, M|\n|poke|p1|Zeraora|\n|poke|p1|Tapu Koko|\n|poke|p1|Tornadus-Therian, M|\n|poke|p2|Araquanid, F|\n|poke|p2|Nidoking, M|\n|poke|p2|Urshifu-*, F|\n|poke|p2|Zapdos-Galar|\n|poke|p2|Heatran, M|\n|poke|p2|Dragapult, F|\n|teampreview\n|inactive|Battle timer is ON: inactive players will automatically lose when time's up. (requested by Bo Jiden)\n|\n|t:|1642487025\n|start\n|switch|p1a: Tapu Koko|Tapu Koko|100\/100\n|switch|p2a: Nidoking|Nidoking, M|100\/100\n|-fieldstart|move: Electric Terrain|[from] ability: Electric Surge|[of] p1a: Tapu Koko\n|turn|1\n|\n|t:|1642487033\n|move|p1a: Tapu Koko|U-turn|p2a: Nidoking\n|-resisted|p2a: Nidoking\n|-damage|p2a: Nidoking|84\/100\n|\n|t:|1642487057\n|switch|p1a: Ferrothorn|Ferrothorn, M|100\/100|[from]move: U-turn\n|move|p2a: Nidoking|Flamethrower|p1a: Ferrothorn\n|-supereffective|p1a: Ferrothorn\n|-damage|p1a: Ferrothorn|0 fnt\n|faint|p1a: Ferrothorn\n|\n|upkeep\n|\n|t:|1642487064\n|switch|p1a: Barraskewda|Barraskewda, F|100\/100\n|turn|2\n|j| Kyerndo\n|\n|t:|1642487080\n|move|p1a: Barraskewda|Flip Turn|p2a: Nidoking\n|-supereffective|p2a: Nidoking\n|-damage|p2a: Nidoking|0 fnt\n|faint|p2a: Nidoking\n|\n|t:|1642487085\n|switch|p1a: Pelipper|Pelipper, M|100\/100|[from]move: Flip Turn\n|-weather|RainDance|[from] ability: Drizzle|[of] p1a: Pelipper\n|\n|-weather|RainDance|[upkeep]\n|upkeep\n|\n|t:|1642487090\n|switch|p2a: Dragapult|Dragapult, F|100\/100\n|turn|3\n|\n|t:|1642487107\n|switch|p1a: Tornadus|Tornadus-Therian, M|100\/100\n|move|p2a: Dragapult|Shadow Ball|p1a: Tornadus\n|-damage|p1a: Tornadus|41\/100\n|\n|-weather|RainDance|[upkeep]\n|upkeep\n|turn|4\n|\n|t:|1642487111\n|move|p2a: Dragapult|Shadow Ball|p1a: Tornadus\n|-damage|p1a: Tornadus|0 fnt\n|faint|p1a: Tornadus\n|\n|-weather|RainDance|[upkeep]\n|upkeep\n|\n|t:|1642487117\n|switch|p1a: Barraskewda|Barraskewda, F|100\/100\n|turn|5\n|\n|t:|1642487121\n|move|p1a: Barraskewda|Liquidation|p2a: Dragapult\n|-resisted|p2a: Dragapult\n|-damage|p2a: Dragapult|27\/100\n|move|p2a: Dragapult|Shadow Ball|p1a: Barraskewda\n|-damage|p1a: Barraskewda|0 fnt\n|faint|p1a: Barraskewda\n|\n|-weather|RainDance|[upkeep]\n|-fieldend|move: Electric Terrain\n|upkeep\n|\n|t:|1642487129\n|switch|p1a: Zeraora|Zeraora|100\/100\n|turn|6\n|\n|t:|1642487135\n|move|p1a: Zeraora|Thunder|p2a: Dragapult\n|-resisted|p2a: Dragapult\n|-damage|p2a: Dragapult|0 fnt\n|faint|p2a: Dragapult\n|\n|-weather|RainDance|[upkeep]\n|upkeep\n|\n|t:|1642487154\n|switch|p2a: Araquanid|Araquanid, F|100\/100\n|turn|7\n|\n|t:|1642487163\n|move|p1a: Zeraora|Thunder|p2a: Araquanid\n|-supereffective|p2a: Araquanid\n|-damage|p2a: Araquanid|14\/100\n|-status|p2a: Araquanid|par\n|move|p2a: Araquanid|Liquidation|p1a: Zeraora\n|-damage|p1a: Zeraora|0 fnt\n|faint|p1a: Zeraora\n|\n|-weather|RainDance|[upkeep]\n|upkeep\n|\n|t:|1642487175\n|switch|p1a: Tapu Koko|Tapu Koko|100\/100\n|-fieldstart|move: Electric Terrain|[from] ability: Electric Surge|[of] p1a: Tapu Koko\n|turn|8\n|\n|t:|1642487183\n|move|p1a: Tapu Koko|Wild Charge|p2a: Araquanid\n|-supereffective|p2a: Araquanid\n|-damage|p2a: Araquanid|0 fnt\n|faint|p2a: Araquanid\n|-damage|p1a: Tapu Koko|97\/100|[from] Recoil\n|\n|-weather|RainDance|[upkeep]\n|upkeep\n|\n|t:|1642487191\n|switch|p2a: Urshifu|Urshifu-Rapid-Strike, F|100\/100\n|turn|9\n|\n|t:|1642487196\n|move|p2a: Urshifu|Aqua Jet|p1a: Tapu Koko\n|-damage|p1a: Tapu Koko|29\/100\n|move|p1a: Tapu Koko|Wild Charge|p2a: Urshifu\n|-supereffective|p2a: Urshifu\n|-damage|p2a: Urshifu|0 fnt\n|faint|p2a: Urshifu\n|-damage|p1a: Tapu Koko|0 fnt|[from] Recoil\n|faint|p1a: Tapu Koko\n|\n|-weather|none\n|upkeep\n|\n|t:|1642487200\n|switch|p1a: Pelipper|Pelipper, M|100\/100\n|switch|p2a: Zapdos|Zapdos-Galar|100\/100\n|-weather|RainDance|[from] ability: Drizzle|[of] p1a: Pelipper\n|turn|10\n|\n|t:|1642487204\n|move|p2a: Zapdos|Brave Bird|p1a: Pelipper\n|-crit|p1a: Pelipper\n|-damage|p1a: Pelipper|31\/100\n|-damage|p2a: Zapdos|77\/100|[from] Recoil\n|move|p1a: Pelipper|Scald|p2a: Zapdos\n|-damage|p2a: Zapdos|30\/100\n|-status|p2a: Zapdos|brn\n|\n|-weather|RainDance|[upkeep]\n|-damage|p2a: Zapdos|24\/100 brn|[from] brn\n|upkeep\n|turn|11\n|\n|t:|1642487206\n|move|p2a: Zapdos|Brave Bird|p1a: Pelipper\n|-damage|p1a: Pelipper|9\/100\n|-damage|p2a: Zapdos|17\/100 brn|[from] Recoil\n|move|p1a: Pelipper|Roost|p1a: Pelipper\n|-heal|p1a: Pelipper|59\/100\n|-singleturn|p1a: Pelipper|move: Roost\n|\n|-weather|RainDance|[upkeep]\n|-damage|p2a: Zapdos|10\/100 brn|[from] brn\n|upkeep\n|turn|12\n|\n|t:|1642487210\n|move|p2a: Zapdos|Brave Bird|p1a: Pelipper\n|-damage|p1a: Pelipper|34\/100\n|-damage|p2a: Zapdos|2\/100 brn|[from] Recoil\n|move|p1a: Pelipper|Roost|p1a: Pelipper\n|-heal|p1a: Pelipper|84\/100\n|-singleturn|p1a: Pelipper|move: Roost\n|\n|-weather|RainDance|[upkeep]\n|-damage|p2a: Zapdos|0 fnt|[from] brn\n|faint|p2a: Zapdos\n|-fieldend|move: Electric Terrain\n|upkeep\n|\n|t:|1642487213\n|switch|p2a: Heatran|Heatran, M|100\/100\n|turn|13\n|\n|t:|1642487214\n|move|p2a: Heatran|Magma Storm|p1a: Pelipper|[miss]\n|-miss|p2a: Heatran|p1a: Pelipper\n|move|p1a: Pelipper|U-turn|p2a: Heatran\n|-resisted|p2a: Heatran\n|-damage|p2a: Heatran|99\/100\n|\n|-weather|RainDance|[upkeep]\n|-heal|p2a: Heatran|100\/100|[from] item: Leftovers\n|upkeep\n|turn|14\n|\n|t:|1642487217\n|move|p2a: Heatran|Magma Storm|p1a: Pelipper|[miss]\n|-miss|p2a: Heatran|p1a: Pelipper\n|move|p1a: Pelipper|Scald|p2a: Heatran\n|-supereffective|p2a: Heatran\n|-damage|p2a: Heatran|54\/100\n|\n|-weather|RainDance|[upkeep]\n|-heal|p2a: Heatran|60\/100|[from] item: Leftovers\n|upkeep\n|turn|15\n|\n|t:|1642487220\n|move|p2a: Heatran|Magma Storm|p1a: Pelipper|[miss]\n|-miss|p2a: Heatran|p1a: Pelipper\n|move|p1a: Pelipper|Roost|p1a: Pelipper\n|-heal|p1a: Pelipper|100\/100\n|-singleturn|p1a: Pelipper|move: Roost\n|\n|-weather|RainDance|[upkeep]\n|-heal|p2a: Heatran|66\/100|[from] item: Leftovers\n|upkeep\n|turn|16\n|\n|t:|1642487224\n|move|p2a: Heatran|Magma Storm|p1a: Pelipper\n|-resisted|p1a: Pelipper\n|-damage|p1a: Pelipper|85\/100\n|-activate|p1a: Pelipper|move: Magma Storm|[of] p2a: Heatran\n|move|p1a: Pelipper|Scald|p2a: Heatran\n|-supereffective|p2a: Heatran\n|-damage|p2a: Heatran|19\/100\n|\n|-weather|RainDance|[upkeep]\n|-heal|p2a: Heatran|25\/100|[from] item: Leftovers\n|-damage|p1a: Pelipper|73\/100|[from] move: Magma Storm|[partiallytrapped]\n|upkeep\n|turn|17\n|\n|t:|1642487230\n|move|p2a: Heatran|Stealth Rock|p1a: Pelipper\n|-sidestart|p1: Bo Jiden|move: Stealth Rock\n|move|p1a: Pelipper|Scald|p2a: Heatran\n|-supereffective|p2a: Heatran\n|-damage|p2a: Heatran|0 fnt\n|faint|p2a: Heatran\n|\n|win|Bo Jiden\n|raw|Bo Jiden's rating: 1490 &rarr; <strong>1516<\/strong><br \/>(+26 for winning)\n|raw|Foolish Shogun's rating: 1592 &rarr; <strong>1566<\/strong><br \/>(-26 for losing)\n","uploadtime":1642487235,"views":27,"p1id":"bojiden","p2id":"foolishshogun","formatid":"gen8ou","rating":1516,"private":0,"password":null}