{"id":"gen8uu-1693422109","p1":"The SD sweep","p2":"misplayin","format":"gen8uu","log":"|j|\u2606The SD sweep\n|j|\u2606misplayin\n|t:|1666604816\n|gametype|singles\n|player|p1|The SD sweep|karen|1576\n|player|p2|misplayin|bugsy|1427\n|teamsize|p1|6\n|teamsize|p2|6\n|gen|8\n|tier|[Gen 8] UU\n|rated|\n|rule|Sleep Clause Mod: Limit one foe put to sleep\n|rule|Species Clause: Limit one of each Pok\u00e9mon\n|rule|OHKO Clause: OHKO moves are banned\n|rule|Evasion Items Clause: Evasion items are banned\n|rule|Evasion Moves Clause: Evasion moves are banned\n|rule|Endless Battle Clause: Forcing endless battles is banned\n|rule|HP Percentage Mod: HP is shown in percentages\n|rule|Dynamax Clause: You cannot dynamax\n|clearpoke\n|poke|p1|Cobalion|\n|poke|p1|Primarina, F|\n|poke|p1|Salamence, F|\n|poke|p1|Scizor, M|\n|poke|p1|Zarude-Dada|\n|poke|p1|Keldeo-Resolute|\n|poke|p2|Swampert, F|\n|poke|p2|Indeedee, M|\n|poke|p2|Amoonguss, M|\n|poke|p2|Mandibuzz, F|\n|poke|p2|Zygarde-10%|\n|poke|p2|Primarina, F|\n|teampreview\n|inactive|Battle timer is ON: inactive players will automatically lose when time's up. (requested by misplayin)\n|inactive|The SD sweep also wants the timer to be on.\n|c|\u2606misplayin|ayoooo\n|c|\u2606misplayin|My team played u in that uu tour\n|inactive|misplayin has 120 seconds left.\n|\n|t:|1666604869\n|start\n|switch|p1a: Scizor|Scizor, M|100\/100\n|switch|p2a: Primarina|Primarina, F|100\/100\n|turn|1\n|inactive|The SD sweep has 120 seconds left.\n|inactive|misplayin has 120 seconds left.\n|\n|t:|1666604912\n|move|p1a: Scizor|U-turn|p2a: Primarina\n|-resisted|p2a: Primarina\n|-damage|p2a: Primarina|57\/100\n|inactive|The SD sweep has 120 seconds left.\n|\n|t:|1666604918\n|switch|p1a: Salamence|Salamence, F|100\/100|[from]move: U-turn\n|-ability|p1a: Salamence|Intimidate|boost\n|-unboost|p2a: Primarina|atk|1\n|move|p2a: Primarina|Hydro Pump|p1a: Salamence\n|-resisted|p1a: Salamence\n|-crit|p1a: Salamence\n|-damage|p1a: Salamence|26\/100\n|\n|upkeep\n|turn|2\n|\n|t:|1666604926\n|switch|p2a: Mandibuzz|Mandibuzz, F|100\/100\n|move|p1a: Salamence|Roost|p1a: Salamence\n|-heal|p1a: Salamence|76\/100\n|-singleturn|p1a: Salamence|move: Roost\n|\n|upkeep\n|turn|3\n|\n|t:|1666604930\n|switch|p1a: Primarina|Primarina, F, shiny|100\/100\n|move|p2a: Mandibuzz|U-turn|p1a: Primarina\n|-resisted|p1a: Primarina\n|-damage|p1a: Primarina|95\/100\n|\n|t:|1666604938\n|switch|p2a: Amoonguss|Amoonguss, M|100\/100|[from]move: U-turn\n|\n|-heal|p1a: Primarina|100\/100|[from] item: Leftovers\n|upkeep\n|turn|4\n|\n|t:|1666604941\n|switch|p1a: Salamence|Salamence, F|76\/100\n|-ability|p1a: Salamence|Intimidate|boost\n|-unboost|p2a: Amoonguss|atk|1\n|move|p2a: Amoonguss|Sludge Bomb|p1a: Salamence\n|-damage|p1a: Salamence|47\/100\n|-status|p1a: Salamence|psn\n|\n|-damage|p1a: Salamence|35\/100 psn|[from] psn\n|upkeep\n|turn|5\n|\n|t:|1666604946\n|switch|p1a: Scizor|Scizor, M|100\/100\n|switch|p2a: Mandibuzz|Mandibuzz, F|100\/100\n|\n|upkeep\n|turn|6\n|\n|t:|1666604949\n|move|p1a: Scizor|U-turn|p2a: Mandibuzz\n|-damage|p2a: Mandibuzz|62\/100\n|\n|t:|1666604952\n|switch|p1a: Keldeo|Keldeo-Resolute|100\/100|[from]move: U-turn\n|move|p2a: Mandibuzz|Foul Play|p1a: Keldeo\n|-resisted|p1a: Keldeo\n|-damage|p1a: Keldeo|90\/100\n|-ability|p1a: Keldeo|Justified|boost\n|-boost|p1a: Keldeo|atk|1\n|\n|upkeep\n|turn|7\n|\n|t:|1666604957\n|switch|p2a: Amoonguss|Amoonguss, M|100\/100\n|move|p1a: Keldeo|Surf|p2a: Amoonguss\n|-resisted|p2a: Amoonguss\n|-damage|p2a: Amoonguss|68\/100\n|\n|upkeep\n|turn|8\n|\n|t:|1666604966\n|switch|p1a: Cobalion|Cobalion, shiny|100\/100\n|move|p2a: Amoonguss|Giga Drain|p1a: Cobalion\n|-resisted|p1a: Cobalion\n|-damage|p1a: Cobalion|84\/100\n|-heal|p2a: Amoonguss|74\/100|[from] drain|[of] p1a: Cobalion\n|\n|-heal|p1a: Cobalion|91\/100|[from] item: Leftovers\n|upkeep\n|turn|9\n|\n|t:|1666604970\n|switch|p1a: Salamence|Salamence, F|35\/100 psn\n|-ability|p1a: Salamence|Intimidate|boost\n|-unboost|p2a: Amoonguss|atk|1\n|move|p2a: Amoonguss|Spore||[still]\n|-fail|p2a: Amoonguss\n|\n|-damage|p1a: Salamence|22\/100 psn|[from] psn\n|upkeep\n|turn|10\n|\n|t:|1666604975\n|switch|p2a: Primarina|Primarina, F|57\/100\n|move|p1a: Salamence|Roost|p1a: Salamence\n|-heal|p1a: Salamence|72\/100 psn\n|-singleturn|p1a: Salamence|move: Roost\n|\n|-damage|p1a: Salamence|60\/100 psn|[from] psn\n|upkeep\n|turn|11\n|\n|t:|1666604981\n|move|p1a: Salamence|Dual Wingbeat|p2a: Primarina\n|-damage|p2a: Primarina|31\/100\n|-damage|p2a: Primarina|5\/100\n|-hitcount|p2a: Primarina|2\n|move|p2a: Primarina|Hydro Pump|p1a: Salamence|[miss]\n|-miss|p2a: Primarina|p1a: Salamence\n|\n|-damage|p1a: Salamence|47\/100 psn|[from] psn\n|upkeep\n|turn|12\n|\n|t:|1666604991\n|move|p1a: Salamence|Roost|p1a: Salamence\n|-heal|p1a: Salamence|97\/100 psn\n|-singleturn|p1a: Salamence|move: Roost\n|move|p2a: Primarina|Hydro Pump|p1a: Salamence\n|-resisted|p1a: Salamence\n|-damage|p1a: Salamence|24\/100 psn\n|\n|-damage|p1a: Salamence|11\/100 psn|[from] psn\n|upkeep\n|turn|13\n|\n|t:|1666604998\n|switch|p2a: Mandibuzz|Mandibuzz, F|62\/100\n|move|p1a: Salamence|Flamethrower|p2a: Mandibuzz\n|-damage|p2a: Mandibuzz|47\/100\n|\n|-damage|p1a: Salamence|0 fnt|[from] psn\n|faint|p1a: Salamence\n|upkeep\n|\n|t:|1666605002\n|switch|p1a: Keldeo|Keldeo-Resolute|90\/100\n|turn|14\n|\n|t:|1666605006\n|switch|p2a: Amoonguss|Amoonguss, M|100\/100\n|move|p1a: Keldeo|Air Slash|p2a: Amoonguss\n|-supereffective|p2a: Amoonguss\n|-damage|p2a: Amoonguss|32\/100\n|\n|upkeep\n|turn|15\n|\n|t:|1666605011\n|switch|p2a: Swampert|Swampert, F|100\/100\n|move|p1a: Keldeo|Air Slash|p2a: Swampert\n|-damage|p2a: Swampert|74\/100\n|\n|-heal|p2a: Swampert|80\/100|[from] item: Leftovers\n|upkeep\n|turn|16\n|\n|t:|1666605016\n|switch|p1a: Scizor|Scizor, M|100\/100\n|move|p2a: Swampert|Stealth Rock|p1a: Scizor\n|-sidestart|p1: The SD sweep|move: Stealth Rock\n|\n|-heal|p2a: Swampert|86\/100|[from] item: Leftovers\n|upkeep\n|turn|17\n|\n|t:|1666605020\n|switch|p2a: Primarina|Primarina, F|5\/100\n|move|p1a: Scizor|U-turn|p2a: Primarina\n|-resisted|p2a: Primarina\n|-damage|p2a: Primarina|0 fnt\n|faint|p2a: Primarina\n|\n|t:|1666605028\n|switch|p1a: Zarude|Zarude-Dada|100\/100|[from]move: U-turn\n|-damage|p1a: Zarude|88\/100|[from] Stealth Rock\n|\n|upkeep\n|\n|t:|1666605032\n|switch|p2a: Mandibuzz|Mandibuzz, F|47\/100\n|turn|18\n|\n|t:|1666605035\n|move|p1a: Zarude|U-turn|p2a: Mandibuzz\n|-damage|p2a: Mandibuzz|34\/100\n|\n|t:|1666605037\n|switch|p1a: Cobalion|Cobalion, shiny|91\/100|[from]move: U-turn\n|-damage|p1a: Cobalion|87\/100|[from] Stealth Rock\n|move|p2a: Mandibuzz|Roost|p2a: Mandibuzz\n|-heal|p2a: Mandibuzz|84\/100\n|-singleturn|p2a: Mandibuzz|move: Roost\n|\n|-heal|p1a: Cobalion|94\/100|[from] item: Leftovers\n|upkeep\n|turn|19\n|\n|t:|1666605039\n|move|p1a: Cobalion|Swords Dance|p1a: Cobalion\n|-boost|p1a: Cobalion|atk|2\n|move|p2a: Mandibuzz|U-turn|p1a: Cobalion\n|-resisted|p1a: Cobalion\n|-crit|p1a: Cobalion\n|-damage|p1a: Cobalion|90\/100\n|\n|t:|1666605041\n|switch|p2a: Indeedee|Indeedee, M|100\/100|[from]move: U-turn\n|-fieldstart|move: Psychic Terrain|[from] ability: Psychic Surge|[of] p2a: Indeedee\n|\n|-heal|p1a: Cobalion|96\/100|[from] item: Leftovers\n|upkeep\n|turn|20\n|\n|t:|1666605048\n|switch|p1a: Zarude|Zarude-Dada|88\/100\n|-damage|p1a: Zarude|76\/100|[from] Stealth Rock\n|move|p2a: Indeedee|Expanding Force|p1a: Zarude\n|-immune|p1a: Zarude\n|\n|upkeep\n|turn|21\n|\n|t:|1666605052\n|switch|p2a: Amoonguss|Amoonguss, M|66\/100\n|move|p1a: Zarude|U-turn|p2a: Amoonguss\n|-damage|p2a: Amoonguss|49\/100\n|-damage|p1a: Zarude|59\/100|[from] item: Rocky Helmet|[of] p2a: Amoonguss\n|\n|t:|1666605054\n|switch|p1a: Keldeo|Keldeo-Resolute|90\/100|[from]move: U-turn\n|-damage|p1a: Keldeo|84\/100|[from] Stealth Rock\n|\n|upkeep\n|turn|22\n|\n|t:|1666605058\n|switch|p2a: Swampert|Swampert, F|86\/100\n|move|p1a: Keldeo|Secret Sword|p2a: Swampert\n|-damage|p2a: Swampert|20\/100\n|\n|-heal|p2a: Swampert|26\/100|[from] item: Leftovers\n|upkeep\n|turn|23\n|\n|t:|1666605061\n|switch|p1a: Scizor|Scizor, M|100\/100\n|-damage|p1a: Scizor|88\/100|[from] Stealth Rock\n|switch|p2a: Amoonguss|Amoonguss, M|82\/100\n|\n|-fieldend|move: Psychic Terrain\n|upkeep\n|turn|24\n|\n|t:|1666605065\n|switch|p2a: Swampert|Swampert, F|26\/100\n|move|p1a: Scizor|Dual Wingbeat|p2a: Swampert|[miss]\n|-miss|p1a: Scizor|p2a: Swampert\n|\n|-heal|p2a: Swampert|32\/100|[from] item: Leftovers\n|upkeep\n|turn|25\n|\n|t:|1666605071\n|move|p1a: Scizor|Dual Wingbeat|p2a: Swampert\n|-damage|p2a: Swampert|0 fnt\n|faint|p2a: Swampert\n|-hitcount|p2: Swampert|1\n|\n|upkeep\n|\n|t:|1666605078\n|switch|p2a: Mandibuzz|Mandibuzz, F|84\/100\n|turn|26\n|\n|t:|1666605081\n|switch|p1a: Primarina|Primarina, F, shiny|100\/100\n|-damage|p1a: Primarina|88\/100|[from] Stealth Rock\n|move|p2a: Mandibuzz|U-turn|p1a: Primarina\n|-resisted|p1a: Primarina\n|-damage|p1a: Primarina|82\/100\n|\n|t:|1666605087\n|switch|p2a: Indeedee|Indeedee, M|100\/100|[from]move: U-turn\n|-fieldstart|move: Psychic Terrain|[from] ability: Psychic Surge|[of] p2a: Indeedee\n|\n|-heal|p1a: Primarina|88\/100|[from] item: Leftovers\n|upkeep\n|turn|27\n|\n|t:|1666605092\n|move|p2a: Indeedee|Expanding Force|p1a: Primarina\n|-damage|p1a: Primarina|38\/100\n|move|p1a: Primarina|Rest|p1a: Primarina\n|-status|p1a: Primarina|slp|[from] move: Rest\n|-heal|p1a: Primarina|100\/100 slp|[silent]\n|\n|upkeep\n|turn|28\n|\n|t:|1666605097\n|switch|p2a: Zygarde|Zygarde-10%|100\/100\n|-ability|p2a: Zygarde|Aura Break\n|switch|p1a: Zarude|Zarude-Dada|59\/100\n|-damage|p1a: Zarude|47\/100|[from] Stealth Rock\n|\n|upkeep\n|turn|29\n|\n|t:|1666605115\n|switch|p2a: Mandibuzz|Mandibuzz, F|84\/100\n|move|p1a: Zarude|Power Whip|p2a: Mandibuzz\n|-resisted|p2a: Mandibuzz\n|-damage|p2a: Mandibuzz|64\/100\n|\n|upkeep\n|turn|30\n|\n|t:|1666605121\n|switch|p1a: Primarina|Primarina, F, shiny|100\/100 slp\n|-damage|p1a: Primarina|88\/100 slp|[from] Stealth Rock\n|move|p2a: Mandibuzz|U-turn|p1a: Primarina\n|-resisted|p1a: Primarina\n|-damage|p1a: Primarina|83\/100 slp\n|\n|t:|1666605125\n|switch|p2a: Zygarde|Zygarde-10%|100\/100|[from]move: U-turn\n|-ability|p2a: Zygarde|Aura Break\n|\n|-heal|p1a: Primarina|89\/100 slp|[from] item: Leftovers\n|-fieldend|move: Psychic Terrain\n|upkeep\n|turn|31\n|\n|t:|1666605132\n|move|p2a: Zygarde|Earthquake|p1a: Primarina\n|-damage|p1a: Primarina|22\/100 slp\n|cant|p1a: Primarina|slp\n|move|p1a: Primarina|Sleep Talk|p1a: Primarina\n|move|p1a: Primarina|Moonblast|p2a: Zygarde|[from]move: Sleep Talk\n|-supereffective|p2a: Zygarde\n|-damage|p2a: Zygarde|0 fnt\n|faint|p2a: Zygarde\n|\n|-heal|p1a: Primarina|28\/100 slp|[from] item: Leftovers\n|upkeep\n|\n|t:|1666605139\n|switch|p2a: Indeedee|Indeedee, M|100\/100\n|-fieldstart|move: Psychic Terrain|[from] ability: Psychic Surge|[of] p2a: Indeedee\n|turn|32\n|\n|t:|1666605147\n|move|p2a: Indeedee|Hyper Voice|p1a: Primarina\n|-damage|p1a: Primarina|2\/100 slp\n|cant|p1a: Primarina|slp\n|move|p1a: Primarina|Sleep Talk|p1a: Primarina\n|move|p1a: Primarina|Scald|p2a: Indeedee|[from]move: Sleep Talk\n|-damage|p2a: Indeedee|28\/100\n|\n|-heal|p1a: Primarina|8\/100 slp|[from] item: Leftovers\n|upkeep\n|turn|33\n|\n|t:|1666605152\n|move|p2a: Indeedee|Hyper Voice|p1a: Primarina\n|-damage|p1a: Primarina|0 fnt\n|faint|p1a: Primarina\n|\n|upkeep\n|\n|t:|1666605157\n|switch|p1a: Cobalion|Cobalion, shiny|96\/100\n|-damage|p1a: Cobalion|93\/100|[from] Stealth Rock\n|turn|34\n|\n|t:|1666605161\n|switch|p2a: Amoonguss|Amoonguss, M|100\/100\n|move|p1a: Cobalion|Swords Dance|p1a: Cobalion\n|-boost|p1a: Cobalion|atk|2\n|\n|-heal|p1a: Cobalion|99\/100|[from] item: Leftovers\n|upkeep\n|turn|35\n|\n|t:|1666605163\n|move|p1a: Cobalion|Megahorn|p2a: Amoonguss\n|-damage|p2a: Amoonguss|55\/100\n|-damage|p1a: Cobalion|83\/100|[from] item: Rocky Helmet|[of] p2a: Amoonguss\n|move|p2a: Amoonguss|Spore|p1a: Cobalion\n|-status|p1a: Cobalion|slp|[from] move: Spore\n|\n|-heal|p1a: Cobalion|89\/100 slp|[from] item: Leftovers\n|upkeep\n|turn|36\n|\n|t:|1666605170\n|switch|p1a: Zarude|Zarude-Dada|47\/100\n|-damage|p1a: Zarude|35\/100|[from] Stealth Rock\n|switch|p2a: Mandibuzz|Mandibuzz, F|64\/100\n|\n|-fieldend|move: Psychic Terrain\n|upkeep\n|turn|37\n|\n|t:|1666605172\n|move|p1a: Zarude|U-turn|p2a: Mandibuzz\n|-damage|p2a: Mandibuzz|50\/100\n|\n|t:|1666605177\n|switch|p1a: Keldeo|Keldeo-Resolute|84\/100|[from]move: U-turn\n|-damage|p1a: Keldeo|78\/100|[from] Stealth Rock\n|move|p2a: Mandibuzz|U-turn|p1a: Keldeo\n|-resisted|p1a: Keldeo\n|-crit|p1a: Keldeo\n|-damage|p1a: Keldeo|68\/100\n|\n|t:|1666605179\n|switch|p2a: Indeedee|Indeedee, M|28\/100|[from]move: U-turn\n|-fieldstart|move: Psychic Terrain|[from] ability: Psychic Surge|[of] p2a: Indeedee\n|\n|upkeep\n|turn|38\n|\n|t:|1666605182\n|move|p2a: Indeedee|Expanding Force|p1a: Keldeo\n|-supereffective|p1a: Keldeo\n|-damage|p1a: Keldeo|0 fnt\n|faint|p1a: Keldeo\n|\n|upkeep\n|\n|t:|1666605191\n|switch|p1a: Zarude|Zarude-Dada|35\/100\n|-damage|p1a: Zarude|23\/100|[from] Stealth Rock\n|turn|39\n|\n|t:|1666605194\n|switch|p2a: Amoonguss|Amoonguss, M|88\/100\n|move|p1a: Zarude|U-turn|p2a: Amoonguss\n|-damage|p2a: Amoonguss|72\/100\n|-damage|p1a: Zarude|6\/100|[from] item: Rocky Helmet|[of] p2a: Amoonguss\n|\n|t:|1666605196\n|switch|p1a: Scizor|Scizor, M|88\/100|[from]move: U-turn\n|-damage|p1a: Scizor|76\/100|[from] Stealth Rock\n|\n|upkeep\n|turn|40\n|\n|t:|1666605201\n|switch|p2a: Mandibuzz|Mandibuzz, F|50\/100\n|move|p1a: Scizor|Dual Wingbeat|p2a: Mandibuzz\n|-damage|p2a: Mandibuzz|29\/100\n|-damage|p2a: Mandibuzz|10\/100\n|-hitcount|p2a: Mandibuzz|2\n|\n|upkeep\n|turn|41\n|\n|t:|1666605204\n|move|p1a: Scizor|Dual Wingbeat|p2a: Mandibuzz\n|-damage|p2a: Mandibuzz|0 fnt\n|faint|p2a: Mandibuzz\n|-hitcount|p2: Mandibuzz|1\n|\n|-fieldend|move: Psychic Terrain\n|upkeep\n|\n|t:|1666605207\n|switch|p2a: Indeedee|Indeedee, M|28\/100\n|-fieldstart|move: Psychic Terrain|[from] ability: Psychic Surge|[of] p2a: Indeedee\n|turn|42\n|\n|t:|1666605210\n|switch|p1a: Zarude|Zarude-Dada|6\/100\n|-damage|p1a: Zarude|0 fnt|[from] Stealth Rock\n|faint|p1a: Zarude\n|move|p2a: Indeedee|Mystical Fire|p1: Zarude|[notarget]\n|-fail|p2a: Indeedee\n|\n|upkeep\n|\n|t:|1666605212\n|switch|p1a: Cobalion|Cobalion, shiny|89\/100 slp\n|-damage|p1a: Cobalion|86\/100 slp|[from] Stealth Rock\n|turn|43\n|\n|t:|1666605215\n|move|p2a: Indeedee|Mystical Fire|p1a: Cobalion\n|-supereffective|p1a: Cobalion\n|-damage|p1a: Cobalion|28\/100 slp\n|-unboost|p1a: Cobalion|spa|1\n|cant|p1a: Cobalion|slp\n|\n|-heal|p1a: Cobalion|34\/100 slp|[from] item: Leftovers\n|upkeep\n|turn|44\n|c|\u2606misplayin|g]\n|c|\u2606misplayin|gg\n|\n|t:|1666605222\n|move|p2a: Indeedee|Mystical Fire|p1a: Cobalion\n|-supereffective|p1a: Cobalion\n|-damage|p1a: Cobalion|0 fnt\n|faint|p1a: Cobalion\n|\n|upkeep\n|\n|t:|1666605224\n|switch|p1a: Scizor|Scizor, M|76\/100\n|-damage|p1a: Scizor|63\/100|[from] Stealth Rock\n|turn|45\n|\n|t:|1666605226\n|move|p1a: Scizor|Bullet Punch|p2a: Indeedee\n|-activate|p2a: Indeedee|move: Psychic Terrain\n|move|p2a: Indeedee|Mystical Fire|p1a: Scizor\n|-supereffective|p1a: Scizor\n|-damage|p1a: Scizor|0 fnt\n|faint|p1a: Scizor\n|\n|win|misplayin\n|raw|The SD sweep's rating: 1576 &rarr; <strong>1548<\/strong><br \/>(-28 for losing)\n|raw|misplayin's rating: 1427 &rarr; <strong>1455<\/strong><br \/>(+28 for winning)\n|l|\u2606The SD sweep\n","uploadtime":1666605234,"views":32,"p1id":"thesdsweep","p2id":"misplayin","formatid":"gen8uu","rating":1455,"private":0,"password":null}