{"id":"gen8ou-1666450382","p1":"Dallyranks","p2":"jeandonis02","format":"gen8ou","log":"|j|\u2606Dallyranks\n|j|\u2606jeandonis02\n|t:|1663411416\n|gametype|singles\n|player|p1|Dallyranks|ltsurge|1753\n|player|p2|jeandonis02|lucas|1836\n|teamsize|p1|6\n|teamsize|p2|6\n|gen|8\n|tier|[Gen 8] OU\n|rated|\n|rule|Sleep Clause Mod: Limit one foe put to sleep\n|rule|Species Clause: Limit one of each Pok\u00e9mon\n|rule|OHKO Clause: OHKO moves are banned\n|rule|Evasion Items Clause: Evasion items are banned\n|rule|Evasion Moves Clause: Evasion moves are banned\n|rule|Endless Battle Clause: Forcing endless battles is banned\n|rule|HP Percentage Mod: HP is shown in percentages\n|rule|Dynamax Clause: You cannot dynamax\n|clearpoke\n|poke|p1|Tornadus-Therian, M|\n|poke|p1|Umbreon, M|\n|poke|p1|Melmetal|\n|poke|p1|Marowak-Alola, F|\n|poke|p1|Swampert, F|\n|poke|p1|Slowbro, M|\n|poke|p2|Zeraora|\n|poke|p2|Toxapex, F|\n|poke|p2|Garchomp, F|\n|poke|p2|Rotom-Wash|\n|poke|p2|Ferrothorn, M|\n|poke|p2|Charizard, F|\n|teampreview\n|inactive|Battle timer is ON: inactive players will automatically lose when time's up. (requested by Dallyranks)\n|\n|t:|1663411443\n|start\n|switch|p1a: Wtf Is biting Me!|Slowbro, M|100\/100\n|switch|p2a: Garchomp|Garchomp, F|100\/100\n|turn|1\n|j| Noob 0_o\n|inactive|Dallyranks has 120 seconds left.\n|\n|t:|1663411501\n|move|p2a: Garchomp|Earthquake|p1a: Wtf Is biting Me!\n|-damage|p1a: Wtf Is biting Me!|51\/100\n|move|p1a: Wtf Is biting Me!|Ice Beam|p2a: Garchomp\n|-supereffective|p2a: Garchomp\n|-damage|p2a: Garchomp|18\/100\n|\n|upkeep\n|turn|2\n|inactive|Dallyranks has 90 seconds left.\n|\n|t:|1663411518\n|switch|p1a: I\u2019m back!|Tornadus-Therian, M|100\/100\n|move|p2a: Garchomp|Earthquake|p1a: I\u2019m back!\n|-immune|p1a: I\u2019m back!\n|\n|upkeep\n|turn|3\n|\n|t:|1663411525\n|switch|p2a: Ferrothorn|Ferrothorn, M|100\/100\n|move|p1a: I\u2019m back!|Hurricane|p2a: Ferrothorn\n|-damage|p2a: Ferrothorn|64\/100\n|\n|upkeep\n|turn|4\n|\n|t:|1663411534\n|move|p1a: I\u2019m back!|Taunt|p2a: Ferrothorn\n|-start|p2a: Ferrothorn|move: Taunt\n|cant|p2a: Ferrothorn|move: Taunt|Stealth Rock\n|\n|upkeep\n|turn|5\n|j| PaulThePrickle\n|\n|t:|1663411544\n|move|p1a: I\u2019m back!|U-turn|p2a: Ferrothorn\n|-damage|p2a: Ferrothorn|55\/100\n|-damage|p1a: I\u2019m back!|88\/100|[from] ability: Iron Barbs|[of] p2a: Ferrothorn\n|-damage|p1a: I\u2019m back!|71\/100|[from] item: Rocky Helmet|[of] p2a: Ferrothorn\n|c| PaulThePrickle|Melmetal!!!\n|\n|t:|1663411550\n|switch|p1a: Wtf Is biting Me!|Slowbro, M|84\/100|[from]move: U-turn\n|move|p2a: Ferrothorn|Gyro Ball|p1a: Wtf Is biting Me!\n|-resisted|p1a: Wtf Is biting Me!\n|-damage|p1a: Wtf Is biting Me!|80\/100\n|-damage|p2a: Ferrothorn|39\/100|[from] item: Rocky Helmet|[of] p1a: Wtf Is biting Me!\n|\n|upkeep\n|turn|6\n|\n|t:|1663411558\n|switch|p2a: Rotom|Rotom-Wash|100\/100\n|move|p1a: Wtf Is biting Me!|Teleport|p1a: Wtf Is biting Me!\n|\n|t:|1663411562\n|switch|p1a: Swampert|Swampert, F|100\/100|[from]move: Teleport\n|\n|upkeep\n|turn|7\n|\n|t:|1663411568\n|switch|p2a: Toxapex|Toxapex, F|100\/100\n|move|p1a: Swampert|Toxic|p2a: Toxapex\n|-immune|p2a: Toxapex\n|\n|upkeep\n|turn|8\n|inactive|Dallyranks has 120 seconds left.\n|\n|t:|1663411582\n|move|p1a: Swampert|Earthquake|p2a: Toxapex\n|-supereffective|p2a: Toxapex\n|-damage|p2a: Toxapex|45\/100\n|move|p2a: Toxapex|Toxic|p1a: Swampert\n|-status|p1a: Swampert|tox\n|\n|-heal|p2a: Toxapex|51\/100|[from] item: Black Sludge\n|-damage|p1a: Swampert|94\/100 tox|[from] psn\n|upkeep\n|turn|9\n|inactive|Dallyranks has 120 seconds left.\n|\n|t:|1663411592\n|move|p1a: Swampert|Flip Turn|p2a: Toxapex\n|-resisted|p2a: Toxapex\n|-damage|p2a: Toxapex|43\/100\n|\n|t:|1663411596\n|switch|p1a: Dark knight|Umbreon, M|100\/100|[from]move: Flip Turn\n|move|p2a: Toxapex|Scald|p1a: Dark knight\n|-damage|p1a: Dark knight|89\/100\n|\n|-heal|p1a: Dark knight|95\/100|[from] item: Leftovers\n|-heal|p2a: Toxapex|49\/100|[from] item: Black Sludge\n|upkeep\n|turn|10\n|\n|t:|1663411608\n|move|p1a: Dark knight|Heal Bell|p1a: Dark knight\n|-activate|p1a: Dark knight|move: Heal Bell\n|-curestatus|p1: Swampert|tox|[msg]\n|move|p2a: Toxapex|Toxic|p1a: Dark knight\n|-status|p1a: Dark knight|tox\n|-activate|p1a: Dark knight|ability: Synchronize\n|-immune|p2a: Toxapex\n|\n|-heal|p1a: Dark knight|100\/100 tox|[from] item: Leftovers\n|-heal|p2a: Toxapex|55\/100|[from] item: Black Sludge\n|-damage|p1a: Dark knight|94\/100 tox|[from] psn\n|upkeep\n|turn|11\n|\n|t:|1663411621\n|move|p1a: Dark knight|Heal Bell|p1a: Dark knight\n|-activate|p1a: Dark knight|move: Heal Bell\n|-curestatus|p1a: Dark knight|tox|[msg]\n|move|p2a: Toxapex|Toxic|p1a: Dark knight\n|-status|p1a: Dark knight|tox\n|-activate|p1a: Dark knight|ability: Synchronize\n|-immune|p2a: Toxapex\n|\n|-heal|p1a: Dark knight|100\/100 tox|[from] item: Leftovers\n|-heal|p2a: Toxapex|62\/100|[from] item: Black Sludge\n|-damage|p1a: Dark knight|94\/100 tox|[from] psn\n|upkeep\n|turn|12\n|\n|t:|1663411634\n|switch|p1a: Wtf Is biting Me!|Slowbro, M|100\/100\n|move|p2a: Toxapex|Toxic|p1a: Wtf Is biting Me!\n|-status|p1a: Wtf Is biting Me!|tox\n|\n|-heal|p2a: Toxapex|68\/100|[from] item: Black Sludge\n|-damage|p1a: Wtf Is biting Me!|94\/100 tox|[from] psn\n|upkeep\n|turn|13\n|\n|t:|1663411644\n|move|p2a: Toxapex|Scald|p1a: Wtf Is biting Me!\n|-resisted|p1a: Wtf Is biting Me!\n|-damage|p1a: Wtf Is biting Me!|87\/100 tox\n|move|p1a: Wtf Is biting Me!|Future Sight|p2a: Toxapex\n|-start|p1a: Wtf Is biting Me!|move: Future Sight\n|\n|-heal|p2a: Toxapex|74\/100|[from] item: Black Sludge\n|-damage|p1a: Wtf Is biting Me!|75\/100 tox|[from] psn\n|upkeep\n|turn|14\n|\n|t:|1663411653\n|switch|p2a: Rotom|Rotom-Wash|100\/100\n|move|p1a: Wtf Is biting Me!|Teleport|p1a: Wtf Is biting Me!\n|\n|t:|1663411670\n|switch|p1a: Swampert|Swampert, F|94\/100|[from]move: Teleport\n|\n|-heal|p1a: Swampert|100\/100|[from] item: Leftovers\n|upkeep\n|turn|15\n|\n|t:|1663411679\n|switch|p2a: Ferrothorn|Ferrothorn, M|39\/100\n|move|p1a: Swampert|Flip Turn|p2a: Ferrothorn\n|-resisted|p2a: Ferrothorn\n|-damage|p2a: Ferrothorn|32\/100\n|-damage|p1a: Swampert|88\/100|[from] ability: Iron Barbs|[of] p2a: Ferrothorn\n|-damage|p1a: Swampert|72\/100|[from] item: Rocky Helmet|[of] p2a: Ferrothorn\n|j| qxfn143\n|\n|t:|1663411689\n|switch|p1a: Switch or Die|Marowak-Alola, F|100\/100|[from]move: Flip Turn\n|\n|-end|p2a: Ferrothorn|move: Future Sight\n|-resisted|p2a: Ferrothorn\n|-damage|p2a: Ferrothorn|14\/100\n|upkeep\n|turn|16\n|\n|t:|1663411696\n|move|p1a: Switch or Die|Poltergeist|p2a: Ferrothorn\n|-activate|p2a: Ferrothorn|move: Poltergeist|Rocky Helmet\n|-damage|p2a: Ferrothorn|0 fnt\n|faint|p2a: Ferrothorn\n|\n|upkeep\n|\n|t:|1663411703\n|switch|p2a: Zeraora|Zeraora|100\/100\n|turn|17\n|\n|t:|1663411717\n|switch|p1a: One punch man|Melmetal|100\/100\n|move|p2a: Zeraora|Knock Off|p1a: One punch man\n|-damage|p1a: One punch man|84\/100\n|-enditem|p1a: One punch man|Leftovers|[from] move: Knock Off|[of] p2a: Zeraora\n|\n|upkeep\n|turn|18\n|\n|t:|1663411725\n|switch|p2a: Rotom|Rotom-Wash|100\/100\n|move|p1a: One punch man|Toxic|p2a: Rotom\n|-status|p2a: Rotom|tox\n|\n|-damage|p2a: Rotom|94\/100 tox|[from] psn\n|upkeep\n|turn|19\n|c| PaulThePrickle|huh?\n|c| PaulThePrickle|HUH?\n|\n|t:|1663411733\n|switch|p2a: Charizard|Charizard, F|100\/100\n|move|p1a: One punch man|Protect||[still]\n|-fail|p1a: One punch man\n|\n|upkeep\n|turn|20\n|l| qxfn143\n|\n|t:|1663411739\n|move|p2a: Charizard|Belly Drum|p2a: Charizard\n|-damage|p2a: Charizard|50\/100\n|-setboost|p2a: Charizard|atk|6|[from] move: Belly Drum\n|-enditem|p2a: Charizard|Sitrus Berry|[eat]\n|-heal|p2a: Charizard|75\/100|[from] item: Sitrus Berry\n|move|p1a: One punch man|Toxic|p2a: Charizard\n|-status|p2a: Charizard|tox\n|\n|-damage|p2a: Charizard|69\/100 tox|[from] psn\n|upkeep\n|turn|21\n|\n|t:|1663411750\n|move|p1a: One punch man|Protect|p1a: One punch man\n|-singleturn|p1a: One punch man|Protect\n|move|p2a: Charizard|Roost|p2a: Charizard\n|-heal|p2a: Charizard|100\/100 tox\n|-singleturn|p2a: Charizard|move: Roost\n|\n|-damage|p2a: Charizard|88\/100 tox|[from] psn\n|upkeep\n|turn|22\n|\n|t:|1663411769\n|switch|p1a: Wtf Is biting Me!|Slowbro, M|100\/100 tox\n|move|p2a: Charizard|Flame Charge|p1a: Wtf Is biting Me!\n|-resisted|p1a: Wtf Is biting Me!\n|-damage|p1a: Wtf Is biting Me!|80\/100 tox\n|-boost|p2a: Charizard|spe|1\n|-damage|p2a: Charizard|72\/100 tox|[from] item: Rocky Helmet|[of] p1a: Wtf Is biting Me!\n|\n|-damage|p2a: Charizard|54\/100 tox|[from] psn\n|-damage|p1a: Wtf Is biting Me!|74\/100 tox|[from] psn\n|upkeep\n|turn|23\n|j| GXE Chaser\n|\n|t:|1663411780\n|switch|p1a: One punch man|Melmetal|84\/100\n|move|p2a: Charizard|Acrobatics|p1a: One punch man\n|-resisted|p1a: One punch man\n|-damage|p1a: One punch man|44\/100\n|\n|-damage|p2a: Charizard|29\/100 tox|[from] psn\n|upkeep\n|turn|24\n|j| amimec\n|\n|t:|1663411789\n|move|p1a: One punch man|Protect|p1a: One punch man\n|-singleturn|p1a: One punch man|Protect\n|move|p2a: Charizard|Flame Charge|p1a: One punch man\n|-activate|p1a: One punch man|move: Protect\n|\n|-damage|p2a: Charizard|0 fnt|[from] psn\n|faint|p2a: Charizard\n|upkeep\n|l| GXE Chaser\n|\n|t:|1663411801\n|switch|p2a: Garchomp|Garchomp, F|18\/100\n|turn|25\n|\n|t:|1663411814\n|switch|p1a: I\u2019m back!|Tornadus-Therian, M|100\/100\n|move|p2a: Garchomp|Outrage|p1a: I\u2019m back!\n|-damage|p1a: I\u2019m back!|6\/100\n|\n|upkeep\n|turn|26\n|\n|t:|1663411829\n|move|p1a: I\u2019m back!|Hurricane|p2a: Garchomp\n|-damage|p2a: Garchomp|0 fnt\n|faint|p2a: Garchomp\n|\n|upkeep\n|\n|t:|1663411832\n|switch|p2a: Zeraora|Zeraora|100\/100\n|turn|27\n|\n|t:|1663411852\n|move|p2a: Zeraora|Knock Off|p1a: I\u2019m back!\n|-crit|p1a: I\u2019m back!\n|-damage|p1a: I\u2019m back!|0 fnt\n|-enditem|p1a: I\u2019m back!|Heavy-Duty Boots|[from] move: Knock Off|[of] p2a: Zeraora\n|faint|p1a: I\u2019m back!\n|\n|upkeep\n|\n|t:|1663411860\n|switch|p1a: Swampert|Swampert, F|72\/100\n|turn|28\n|\n|t:|1663411869\n|switch|p2a: Rotom|Rotom-Wash|94\/100 tox\n|move|p1a: Swampert|Yawn||[still]\n|-fail|p1a: Swampert\n|\n|-heal|p2a: Rotom|100\/100 tox|[from] item: Leftovers\n|-heal|p1a: Swampert|78\/100|[from] item: Leftovers\n|-damage|p2a: Rotom|94\/100 tox|[from] psn\n|upkeep\n|turn|29\n|\n|t:|1663411880\n|switch|p1a: Dark knight|Umbreon, M|94\/100 tox\n|move|p2a: Rotom|Will-O-Wisp||[still]\n|-fail|p2a: Rotom\n|\n|-heal|p2a: Rotom|100\/100 tox|[from] item: Leftovers\n|-heal|p1a: Dark knight|100\/100 tox|[from] item: Leftovers\n|-damage|p2a: Rotom|88\/100 tox|[from] psn\n|-damage|p1a: Dark knight|94\/100 tox|[from] psn\n|upkeep\n|turn|30\n|\n|t:|1663411890\n|move|p2a: Rotom|Volt Switch|p1a: Dark knight\n|-damage|p1a: Dark knight|77\/100 tox\n|\n|t:|1663411892\n|switch|p2a: Zeraora|Zeraora|100\/100|[from]move: Volt Switch\n|move|p1a: Dark knight|Heal Bell|p1a: Dark knight\n|-activate|p1a: Dark knight|move: Heal Bell\n|-curestatus|p1a: Dark knight|tox|[msg]\n|-curestatus|p1: Wtf Is biting Me!|tox|[msg]\n|\n|-heal|p1a: Dark knight|83\/100|[from] item: Leftovers\n|upkeep\n|turn|31\n|\n|t:|1663411903\n|move|p2a: Zeraora|Close Combat|p1a: Dark knight\n|-supereffective|p1a: Dark knight\n|-damage|p1a: Dark knight|35\/100\n|-unboost|p2a: Zeraora|def|1\n|-unboost|p2a: Zeraora|spd|1\n|move|p1a: Dark knight|Foul Play|p2a: Zeraora\n|-damage|p2a: Zeraora|12\/100\n|\n|-heal|p1a: Dark knight|41\/100|[from] item: Leftovers\n|upkeep\n|turn|32\n|\n|t:|1663411914\n|switch|p1a: Wtf Is biting Me!|Slowbro, M|100\/100\n|move|p2a: Zeraora|Knock Off|p1a: Wtf Is biting Me!\n|-supereffective|p1a: Wtf Is biting Me!\n|-damage|p1a: Wtf Is biting Me!|64\/100\n|-damage|p2a: Zeraora|0 fnt|[from] item: Rocky Helmet|[of] p1a: Wtf Is biting Me!\n|faint|p2a: Zeraora\n|\n|upkeep\n|-message|jeandonis02 forfeited.\n|\n|win|Dallyranks\n|raw|Dallyranks's rating: 1753 &rarr; <strong>1778<\/strong><br \/>(+25 for winning)\n|raw|jeandonis02's rating: 1836 &rarr; <strong>1811<\/strong><br \/>(-25 for losing)\n|l|\u2606jeandonis02\n|c| PaulThePrickle|what is the EV distribution on that Umbreon?\n|c|\u2606Dallyranks|Max def\n|c| PaulThePrickle|ok that explains it all\n|c| PaulThePrickle|nice\n|l|\u2606Dallyranks\n|c| PaulThePrickle|I was actually thinking that you couldve dealt damage to the toxapex with the melmetal at the beginning\n||Ladder isn't responding, score probably updated but might not have (Request timeout).\n|l| PaulThePrickle\n","uploadtime":1663411983,"views":34,"p1id":"dallyranks","p2id":"jeandonis02","formatid":"gen8ou","rating":1778,"private":0,"password":null}