{"id":"gen8randombattle-1670690877","p1":"Micael Lopes","p2":"firepunch917","format":"gen8randombattle","log":"|j|\u2606Micael Lopes\n|j|\u2606firepunch917\n|t:|1664196994\n|gametype|singles\n|player|p1|Micael Lopes|benga|1998\n|player|p2|firepunch917|101|2023\n|teamsize|p1|6\n|teamsize|p2|6\n|gen|8\n|tier|[Gen 8] Random Battle\n|rated|\n|rule|Species Clause: Limit one of each Pok\u00e9mon\n|rule|HP Percentage Mod: HP is shown in percentages\n|rule|Sleep Clause Mod: Limit one foe put to sleep\n|\n|t:|1664196994\n|start\n|switch|p1a: Jellicent|Jellicent, L84, M|305\/305\n|switch|p2a: Mantine|Mantine, L86, M|286\/286\n|turn|1\n|inactive|Battle timer is ON: inactive players will automatically lose when time's up. (requested by Micael Lopes)\n|j| Krovi\n|\n|t:|1664197002\n|switch|p2a: Toxtricity|Toxtricity-Low-Key, L82, F|257\/257\n|switch|p1a: Suicune|Suicune, L80|291\/291\n|-ability|p1a: Suicune|Pressure\n|\n|upkeep\n|turn|2\n|\n|t:|1664197007\n|move|p1a: Suicune|Calm Mind|p1a: Suicune\n|-boost|p1a: Suicune|spa|1\n|-boost|p1a: Suicune|spd|1\n|move|p2a: Toxtricity|Boomburst|p1a: Suicune\n|-damage|p1a: Suicune|172\/291\n|\n|-heal|p1a: Suicune|190\/291|[from] item: Leftovers\n|upkeep\n|turn|3\n|\n|t:|1664197012\n|switch|p2a: Raichu|Raichu-Alola, L84, M|238\/238\n|move|p1a: Suicune|Calm Mind|p1a: Suicune\n|-boost|p1a: Suicune|spa|1\n|-boost|p1a: Suicune|spd|1\n|\n|-heal|p1a: Suicune|208\/291|[from] item: Leftovers\n|upkeep\n|turn|4\n|\n|t:|1664197014\n|move|p2a: Raichu|Thunderbolt|p1a: Suicune\n|-supereffective|p1a: Suicune\n|-damage|p1a: Suicune|91\/291\n|-damage|p2a: Raichu|215\/238|[from] item: Life Orb\n|move|p1a: Suicune|Scald|p2a: Raichu\n|-damage|p2a: Raichu|55\/238\n|-status|p2a: Raichu|brn\n|\n|-heal|p1a: Suicune|109\/291|[from] item: Leftovers\n|-damage|p2a: Raichu|41\/238 brn|[from] brn\n|upkeep\n|turn|5\n|\n|t:|1664197019\n|move|p2a: Raichu|Thunderbolt|p1a: Suicune\n|-supereffective|p1a: Suicune\n|-damage|p1a: Suicune|0 fnt\n|faint|p1a: Suicune\n|-damage|p2a: Raichu|18\/238 brn|[from] item: Life Orb\n|\n|-damage|p2a: Raichu|4\/238 brn|[from] brn\n|upkeep\n|\n|t:|1664197024\n|switch|p1a: Dusknoir|Dusknoir, L86, M|218\/218\n|-item|p2a: Raichu|Life Orb|[from] ability: Frisk|[of] p1a: Dusknoir|[identify]\n|turn|6\n|\n|t:|1664197028\n|switch|p2a: Cinccino|Cinccino, L84, F|263\/263\n|move|p1a: Dusknoir|Shadow Sneak|p2a: Cinccino\n|-immune|p2a: Cinccino\n|\n|upkeep\n|turn|7\n|\n|t:|1664197030\n|move|p2a: Cinccino|U-turn|p1a: Dusknoir\n|-resisted|p1a: Dusknoir\n|-crit|p1a: Dusknoir\n|-damage|p1a: Dusknoir|179\/218\n|\n|t:|1664197035\n|switch|p2a: Mantine|Mantine, L86, M|286\/286\n|move|p1a: Dusknoir|Will-O-Wisp|p2a: Mantine|[miss]\n|-miss|p1a: Dusknoir|p2a: Mantine\n|\n|-heal|p1a: Dusknoir|192\/218|[from] item: Leftovers\n|upkeep\n|turn|8\n|\n|t:|1664197038\n|switch|p1a: Vanilluxe|Vanilluxe, L82, M|251\/251\n|-weather|Hail|[from] ability: Snow Warning|[of] p1a: Vanilluxe\n|move|p2a: Mantine|Scald|p1a: Vanilluxe\n|-damage|p1a: Vanilluxe|179\/251\n|-status|p1a: Vanilluxe|brn\n|\n|-weather|Hail|[upkeep]\n|-damage|p2a: Mantine|269\/286|[from] Hail\n|-damage|p1a: Vanilluxe|164\/251 brn|[from] brn\n|upkeep\n|turn|9\n|\n|t:|1664197047\n|move|p1a: Vanilluxe|Aurora Veil|p1a: Vanilluxe\n|-sidestart|p1: Micael Lopes|move: Aurora Veil\n|move|p2a: Mantine|Scald|p1a: Vanilluxe\n|-damage|p1a: Vanilluxe|127\/251 brn\n|\n|-weather|Hail|[upkeep]\n|-damage|p2a: Mantine|252\/286|[from] Hail\n|-damage|p1a: Vanilluxe|112\/251 brn|[from] brn\n|upkeep\n|turn|10\n|\n|t:|1664197052\n|move|p1a: Vanilluxe|Freeze-Dry|p2a: Mantine\n|-supereffective|p2a: Mantine\n|-damage|p2a: Mantine|48\/286\n|move|p2a: Mantine|Defog|p1a: Vanilluxe\n|-unboost|p1a: Vanilluxe|evasion|1\n|-sideend|p1: Micael Lopes|move: Aurora Veil\n|\n|-weather|Hail|[upkeep]\n|-damage|p2a: Mantine|31\/286|[from] Hail\n|-damage|p1a: Vanilluxe|97\/251 brn|[from] brn\n|upkeep\n|turn|11\n|\n|t:|1664197055\n|move|p1a: Vanilluxe|Aurora Veil|p1a: Vanilluxe\n|-sidestart|p1: Micael Lopes|move: Aurora Veil\n|move|p2a: Mantine|Roost|p2a: Mantine\n|-heal|p2a: Mantine|174\/286\n|-singleturn|p2a: Mantine|move: Roost\n|\n|-weather|Hail|[upkeep]\n|-damage|p2a: Mantine|157\/286|[from] Hail\n|-damage|p1a: Vanilluxe|82\/251 brn|[from] brn\n|upkeep\n|turn|12\n|\n|t:|1664197066\n|switch|p2a: Raichu|Raichu-Alola, L84, M|4\/238 brn\n|move|p1a: Vanilluxe|Freeze-Dry|p2a: Raichu\n|-damage|p2a: Raichu|0 fnt\n|faint|p2a: Raichu\n|\n|-weather|none\n|-damage|p1a: Vanilluxe|67\/251 brn|[from] brn\n|upkeep\n|\n|t:|1664197069\n|switch|p2a: Cinccino|Cinccino, L84, F|263\/263\n|turn|13\n|\n|t:|1664197074\n|switch|p1a: Dusknoir|Dusknoir, L86, M|192\/218\n|-item|p2a: Cinccino|Choice Band|[from] ability: Frisk|[of] p1a: Dusknoir|[identify]\n|move|p2a: Cinccino|U-turn|p1a: Dusknoir\n|-resisted|p1a: Dusknoir\n|-damage|p1a: Dusknoir|179\/218\n|\n|t:|1664197078\n|switch|p2a: Toxtricity|Toxtricity-Low-Key, L82, F|257\/257\n|\n|-heal|p1a: Dusknoir|192\/218|[from] item: Leftovers\n|upkeep\n|turn|14\n|\n|t:|1664197082\n|move|p2a: Toxtricity|Volt Switch|p1a: Dusknoir\n|-damage|p1a: Dusknoir|150\/218\n|\n|t:|1664197084\n|switch|p2a: Mantine|Mantine, L86, M|157\/286\n|move|p1a: Dusknoir|Poltergeist|p2a: Mantine\n|-activate|p2a: Mantine|move: Poltergeist|Heavy-Duty Boots\n|-damage|p2a: Mantine|15\/286\n|\n|-heal|p1a: Dusknoir|163\/218|[from] item: Leftovers\n|upkeep\n|turn|15\n|\n|t:|1664197098\n|move|p1a: Dusknoir|Shadow Sneak|p2a: Mantine\n|-damage|p2a: Mantine|0 fnt\n|faint|p2a: Mantine\n|\n|-heal|p1a: Dusknoir|176\/218|[from] item: Leftovers\n|upkeep\n|\n|t:|1664197104\n|switch|p2a: Bellossom|Bellossom, L82, M|257\/257\n|turn|16\n|\n|t:|1664197121\n|move|p2a: Bellossom|Quiver Dance|p2a: Bellossom\n|-boost|p2a: Bellossom|spa|1\n|-boost|p2a: Bellossom|spd|1\n|-boost|p2a: Bellossom|spe|1\n|move|p1a: Dusknoir|Ice Punch|p2a: Bellossom\n|-supereffective|p2a: Bellossom\n|-damage|p2a: Bellossom|141\/257\n|\n|-heal|p2a: Bellossom|157\/257|[from] item: Leftovers\n|-heal|p1a: Dusknoir|189\/218|[from] item: Leftovers\n|upkeep\n|turn|17\n|\n|t:|1664197126\n|switch|p1a: Ho-Oh|Ho-Oh, L72|272\/272\n|move|p2a: Bellossom|Strength Sap|p1a: Ho-Oh\n|-unboost|p1a: Ho-Oh|atk|1\n|-heal|p2a: Bellossom|257\/257\n|\n|upkeep\n|turn|18\n|\n|t:|1664197129\n|move|p2a: Bellossom|Sleep Powder|p1a: Ho-Oh\n|-status|p1a: Ho-Oh|slp|[from] move: Sleep Powder\n|cant|p1a: Ho-Oh|slp\n|\n|-sideend|p1: Micael Lopes|move: Aurora Veil\n|upkeep\n|turn|19\n|\n|t:|1664197131\n|switch|p2a: Cinccino|Cinccino, L84, F|263\/263\n|-curestatus|p1a: Ho-Oh|slp|[msg]\n|move|p1a: Ho-Oh|Toxic|p2a: Cinccino\n|-status|p2a: Cinccino|tox\n|\n|-damage|p2a: Cinccino|247\/263 tox|[from] psn\n|upkeep\n|turn|20\n|\n|t:|1664197137\n|switch|p1a: Arcanine|Arcanine, L82, M|282\/282\n|-ability|p1a: Arcanine|Intimidate|boost\n|-unboost|p2a: Cinccino|atk|1\n|move|p2a: Cinccino|Rock Blast|p1a: Arcanine\n|-supereffective|p1a: Arcanine\n|-damage|p1a: Arcanine|240\/282\n|-supereffective|p1a: Arcanine\n|-damage|p1a: Arcanine|202\/282\n|-supereffective|p1a: Arcanine\n|-crit|p1a: Arcanine\n|-damage|p1a: Arcanine|112\/282\n|-supereffective|p1a: Arcanine\n|-damage|p1a: Arcanine|72\/282\n|-supereffective|p1a: Arcanine\n|-damage|p1a: Arcanine|30\/282\n|-hitcount|p1a: Arcanine|5\n|\n|-damage|p2a: Cinccino|215\/263 tox|[from] psn\n|upkeep\n|turn|21\n|\n|t:|1664197148\n|switch|p2a: Bellossom|Bellossom, L82, M|257\/257\n|switch|p1a: Dusknoir|Dusknoir, L86, M|189\/218\n|-item|p2a: Bellossom|Leftovers|[from] ability: Frisk|[of] p1a: Dusknoir|[identify]\n|\n|-heal|p1a: Dusknoir|202\/218|[from] item: Leftovers\n|upkeep\n|turn|22\n|\n|t:|1664197154\n|switch|p1a: Ho-Oh|Ho-Oh, L72|272\/272\n|move|p2a: Bellossom|Sleep Powder|p1a: Ho-Oh\n|-status|p1a: Ho-Oh|slp|[from] move: Sleep Powder\n|\n|upkeep\n|turn|23\n|\n|t:|1664197158\n|switch|p1a: Vanilluxe|Vanilluxe, L82, M|67\/251 brn\n|-weather|Hail|[from] ability: Snow Warning|[of] p1a: Vanilluxe\n|switch|p2a: Toxtricity|Toxtricity-Low-Key, L82, F|257\/257\n|\n|-weather|Hail|[upkeep]\n|-damage|p2a: Toxtricity|241\/257|[from] Hail\n|-damage|p1a: Vanilluxe|52\/251 brn|[from] brn\n|upkeep\n|turn|24\n|\n|t:|1664197162\n|move|p1a: Vanilluxe|Aurora Veil|p1a: Vanilluxe\n|-sidestart|p1: Micael Lopes|move: Aurora Veil\n|move|p2a: Toxtricity|Volt Switch|p1a: Vanilluxe\n|-damage|p1a: Vanilluxe|0 fnt\n|faint|p1a: Vanilluxe\n|\n|t:|1664197166\n|switch|p2a: Bellossom|Bellossom, L82, M|257\/257\n|\n|-weather|Hail|[upkeep]\n|-damage|p2a: Bellossom|241\/257|[from] Hail\n|-heal|p2a: Bellossom|257\/257|[from] item: Leftovers\n|upkeep\n|\n|t:|1664197168\n|switch|p1a: Arcanine|Arcanine, L82, M|30\/282\n|-ability|p1a: Arcanine|Intimidate|boost\n|-unboost|p2a: Bellossom|atk|1\n|turn|25\n|\n|t:|1664197173\n|move|p1a: Arcanine|Morning Sun|p1a: Arcanine\n|-heal|p1a: Arcanine|100\/282\n|move|p2a: Bellossom|Strength Sap|p1a: Arcanine\n|-unboost|p1a: Arcanine|atk|1\n|\n|-weather|Hail|[upkeep]\n|-damage|p1a: Arcanine|83\/282|[from] Hail\n|-damage|p2a: Bellossom|241\/257|[from] Hail\n|-heal|p2a: Bellossom|257\/257|[from] item: Leftovers\n|upkeep\n|turn|26\n|\n|t:|1664197177\n|move|p1a: Arcanine|Morning Sun|p1a: Arcanine\n|-heal|p1a: Arcanine|153\/282\n|move|p2a: Bellossom|Sleep Powder|p1a: Arcanine\n|-message|Sleep Clause Mod activated.\n|\n|-weather|Hail|[upkeep]\n|-damage|p1a: Arcanine|136\/282|[from] Hail\n|-damage|p2a: Bellossom|241\/257|[from] Hail\n|-heal|p2a: Bellossom|257\/257|[from] item: Leftovers\n|upkeep\n|turn|27\n|\n|t:|1664197180\n|move|p1a: Arcanine|Morning Sun|p1a: Arcanine\n|-heal|p1a: Arcanine|206\/282\n|move|p2a: Bellossom|Quiver Dance|p2a: Bellossom\n|-boost|p2a: Bellossom|spa|1\n|-boost|p2a: Bellossom|spd|1\n|-boost|p2a: Bellossom|spe|1\n|\n|-weather|none\n|upkeep\n|turn|28\n|\n|t:|1664197183\n|move|p1a: Arcanine|Flare Blitz|p2a: Bellossom\n|-supereffective|p2a: Bellossom\n|-damage|p2a: Bellossom|77\/257\n|-damage|p1a: Arcanine|147\/282|[from] Recoil\n|move|p2a: Bellossom|Sleep Powder|p1a: Arcanine\n|-message|Sleep Clause Mod activated.\n|\n|-heal|p2a: Bellossom|93\/257|[from] item: Leftovers\n|upkeep\n|turn|29\n|\n|t:|1664197185\n|move|p1a: Arcanine|Flare Blitz|p2a: Bellossom\n|-supereffective|p2a: Bellossom\n|-damage|p2a: Bellossom|0 fnt\n|faint|p2a: Bellossom\n|-damage|p1a: Arcanine|116\/282|[from] Recoil\n|\n|upkeep\n|\n|t:|1664197189\n|switch|p2a: Cinccino|Cinccino, L84, F|215\/263 tox\n|turn|30\n|\n|t:|1664197193\n|switch|p1a: Dusknoir|Dusknoir, L86, M|202\/218\n|-item|p2a: Cinccino|Choice Band|[from] ability: Frisk|[of] p1a: Dusknoir|[identify]\n|move|p2a: Cinccino|U-turn|p1a: Dusknoir\n|-resisted|p1a: Dusknoir\n|-damage|p1a: Dusknoir|189\/218\n|\n|t:|1664197196\n|switch|p2a: Toxtricity|Toxtricity-Low-Key, L82, F|241\/257\n|\n|-heal|p1a: Dusknoir|202\/218|[from] item: Leftovers\n|upkeep\n|turn|31\n|\n|t:|1664197199\n|move|p2a: Toxtricity|Overdrive|p1a: Dusknoir\n|-damage|p1a: Dusknoir|138\/218\n|move|p1a: Dusknoir|Poltergeist|p2a: Toxtricity\n|-activate|p2a: Toxtricity|move: Poltergeist|Choice Specs\n|-damage|p2a: Toxtricity|79\/257\n|\n|-heal|p1a: Dusknoir|151\/218|[from] item: Leftovers\n|-sideend|p1: Micael Lopes|move: Aurora Veil\n|upkeep\n|turn|32\n|\n|t:|1664197204\n|move|p2a: Toxtricity|Overdrive|p1a: Dusknoir\n|-damage|p1a: Dusknoir|27\/218\n|move|p1a: Dusknoir|Ice Punch|p2a: Toxtricity\n|-damage|p2a: Toxtricity|7\/257\n|\n|-heal|p1a: Dusknoir|40\/218|[from] item: Leftovers\n|upkeep\n|turn|33\n|\n|t:|1664197208\n|move|p1a: Dusknoir|Shadow Sneak|p2a: Toxtricity\n|-damage|p2a: Toxtricity|0 fnt\n|faint|p2a: Toxtricity\n|\n|-heal|p1a: Dusknoir|53\/218|[from] item: Leftovers\n|upkeep\n|\n|t:|1664197210\n|switch|p2a: Cinccino|Cinccino, L84, F|215\/263 tox\n|turn|34\n|\n|t:|1664197214\n|move|p2a: Cinccino|Rock Blast|p1a: Dusknoir\n|-damage|p1a: Dusknoir|35\/218\n|-damage|p1a: Dusknoir|17\/218\n|-damage|p1a: Dusknoir|0 fnt\n|faint|p1a: Dusknoir\n|-hitcount|p1: Dusknoir|3\n|\n|-damage|p2a: Cinccino|199\/263 tox|[from] psn\n|upkeep\n|\n|t:|1664197217\n|switch|p1a: Jellicent|Jellicent, L84, M|305\/305\n|turn|35\n|\n|t:|1664197219\n|switch|p2a: Rayquaza|Rayquaza, L74|277\/277\n|-ability|p2a: Rayquaza|Air Lock\n|move|p1a: Jellicent|Scald|p2a: Rayquaza\n|-resisted|p2a: Rayquaza\n|-damage|p2a: Rayquaza|238\/277\n|\n|upkeep\n|turn|36\n|\n|t:|1664197222\n|move|p2a: Rayquaza|Swords Dance|p2a: Rayquaza\n|-boost|p2a: Rayquaza|atk|2\n|move|p1a: Jellicent|Ice Beam|p2a: Rayquaza\n|-supereffective|p2a: Rayquaza\n|-damage|p2a: Rayquaza|0 fnt\n|faint|p2a: Rayquaza\n|\n|upkeep\n|\n|t:|1664197225\n|switch|p2a: Cinccino|Cinccino, L84, F|199\/263 tox\n|turn|37\n|\n|t:|1664197228\n|switch|p1a: Arcanine|Arcanine, L82, M|116\/282\n|-ability|p1a: Arcanine|Intimidate|boost\n|-unboost|p2a: Cinccino|atk|1\n|-start|p2a: Cinccino|Dynamax|\n|-heal|p2a: Cinccino|398\/526 tox|[silent]\n|move|p2a: Cinccino|Max Overgrowth|p1a: Arcanine\n|-resisted|p1a: Arcanine\n|-damage|p1a: Arcanine|81\/282\n|-fieldstart|move: Grassy Terrain\n|\n|-heal|p2a: Cinccino|414\/526 tox|[from] Grassy Terrain\n|-heal|p1a: Arcanine|98\/282|[from] Grassy Terrain\n|-damage|p2a: Cinccino|398\/526 tox|[from] psn\n|upkeep\n|turn|38\n|\n|t:|1664197231\n|switch|p1a: Ho-Oh|Ho-Oh, L72|272\/272 slp\n|move|p2a: Cinccino|Max Rockfall|p1a: Ho-Oh\n|-supereffective|p1a: Ho-Oh\n|-damage|p1a: Ho-Oh|4\/272 slp\n|-weather|Sandstorm\n|\n|-weather|Sandstorm|[upkeep]\n|-damage|p2a: Cinccino|382\/526 tox|[from] Sandstorm\n|-damage|p1a: Ho-Oh|0 fnt|[from] Sandstorm\n|faint|p1a: Ho-Oh\n|-heal|p2a: Cinccino|398\/526 tox|[from] Grassy Terrain\n|-damage|p2a: Cinccino|366\/526 tox|[from] psn\n|upkeep\n|\n|t:|1664197232\n|switch|p1a: Arcanine|Arcanine, L82, M|98\/282\n|-ability|p1a: Arcanine|Intimidate|boost\n|-unboost|p2a: Cinccino|atk|1\n|turn|39\n|\n|t:|1664197236\n|switch|p1a: Jellicent|Jellicent, L84, M|305\/305\n|move|p2a: Cinccino|Max Rockfall|p1a: Jellicent\n|-damage|p1a: Jellicent|247\/305\n|\n|-weather|Sandstorm|[upkeep]\n|-damage|p2a: Cinccino|350\/526 tox|[from] Sandstorm\n|-damage|p1a: Jellicent|228\/305|[from] Sandstorm\n|-heal|p2a: Cinccino|366\/526 tox|[from] Grassy Terrain\n|-heal|p1a: Jellicent|247\/305|[from] Grassy Terrain\n|-heal|p1a: Jellicent|266\/305|[from] item: Leftovers\n|-damage|p2a: Cinccino|318\/526 tox|[from] psn\n|upkeep\n|-end|p2a: Cinccino|Dynamax\n|-heal|p2a: Cinccino|159\/263 tox|[silent]\n|turn|40\n|\n|t:|1664197239\n|switch|p1a: Arcanine|Arcanine, L82, M|98\/282\n|-ability|p1a: Arcanine|Intimidate|boost\n|-unboost|p2a: Cinccino|atk|1\n|move|p2a: Cinccino|Bullet Seed|p1a: Arcanine\n|-resisted|p1a: Arcanine\n|-damage|p1a: Arcanine|90\/282\n|-resisted|p1a: Arcanine\n|-damage|p1a: Arcanine|83\/282\n|-resisted|p1a: Arcanine\n|-damage|p1a: Arcanine|76\/282\n|-resisted|p1a: Arcanine\n|-damage|p1a: Arcanine|68\/282\n|-resisted|p1a: Arcanine\n|-damage|p1a: Arcanine|59\/282\n|-hitcount|p1a: Arcanine|5\n|\n|-weather|Sandstorm|[upkeep]\n|-damage|p2a: Cinccino|143\/263 tox|[from] Sandstorm\n|-damage|p1a: Arcanine|42\/282|[from] Sandstorm\n|-heal|p2a: Cinccino|159\/263 tox|[from] Grassy Terrain\n|-heal|p1a: Arcanine|59\/282|[from] Grassy Terrain\n|-damage|p2a: Cinccino|95\/263 tox|[from] psn\n|upkeep\n|turn|41\n|-message|firepunch917 forfeited.\n|\n|win|Micael Lopes\n|raw|Micael Lopes's rating: 1998 &rarr; <strong>2019<\/strong><br \/>(+21 for winning)\n|raw|firepunch917's rating: 2023 &rarr; <strong>2002<\/strong><br \/>(-21 for losing)\n|l|\u2606firepunch917\n|c|\u2606Micael Lopes|https:\/\/twitter.com\/i\/status\/1573918821718675457\n|c|\u2606Micael Lopes|**Sexy game.**\n||Ladder isn't responding, score probably updated but might not have (Request timeout).\n","inputlog":">version 806e56ea67f2f748d4b403b3f5b33d56e25d3f7a\n>start {\"formatid\":\"gen8randombattle\",\"seed\":[19829,5830,40134,26981],\"rated\":\"Rated battle\"}\n>player p1 {\"name\":\"Micael Lopes\",\"avatar\":\"benga\",\"rating\":1998,\"seed\":[19243,32756,28092,11938]}\n>player p2 {\"name\":\"firepunch917\",\"avatar\":\"101\",\"rating\":2023,\"seed\":[17029,34901,57396,15263]}\n>p1 switch 2\n>p2 switch 6\n>p1 move calmmind\n>p2 move boomburst\n>p1 move calmmind\n>p2 switch 5\n>p1 move scald\n>p2 move thunderbolt\n>p1 move rest\n>p2 move thunderbolt\n>p1 switch 5\n>p1 move shadowsneak\n>p2 switch 3\n>p1 move willowisp\n>p2 move uturn\n>p2 switch 6\n>p1 switch 3\n>p2 move scald\n>p1 move auroraveil\n>p2 move scald\n>p1 move freezedry\n>p2 move defog\n>p1 move auroraveil\n>p2 move roost\n>p1 move freezedry\n>p2 switch 3\n>p2 switch 6\n>p1 switch 3\n>p2 move uturn\n>p2 switch 5\n>p1 move poltergeist\n>p2 move voltswitch\n>p2 switch 3\n>p1 move shadowsneak\n>p2 move defog\n>p2 switch 2\n>p1 move icepunch\n>p2 move quiverdance\n>p1 switch 4\n>p2 move strengthsap\n>p1 move toxic\n>p2 move sleeppowder\n>p1 move toxic\n>p2 switch 5\n>p1 switch 6\n>p2 move rockblast\n>p1 switch 4\n>p2 switch 5\n>p1 switch 6\n>p2 move sleeppowder\n>p1 switch 3\n>p2 switch 3\n>p1 move auroraveil\n>p2 move voltswitch\n>p2 switch 3\n>p1 switch 4\n>p1 move morningsun\n>p2 move strengthsap\n>p1 move morningsun\n>p2 move sleeppowder\n>p1 move morningsun\n>p2 move quiverdance\n>p1 move flareblitz\n>p2 move sleeppowder\n>p1 move flareblitz\n>p2 move strengthsap\n>p2 switch 5\n>p1 switch 6\n>p2 move uturn\n>p2 switch 3\n>p1 move poltergeist\n>p2 move overdrive\n>p1 move icepunch\n>p2 move overdrive\n>p1 move shadowsneak\n>p2 move overdrive\n>p2 switch 3\n>p1 move icepunch\n>p2 move rockblast\n>p1 switch 2\n>p1 move scald\n>p2 switch 4\n>p1 move icebeam\n>p2 move swordsdance\n>p2 switch 4\n>p1 switch 6\n>p2 move bulletseed dynamax\n>p1 switch 3\n>p2 move rockblast dynamax\n>p1 switch 3\n>p1 switch 6\n>p2 move rockblast dynamax\n>p1 switch 6\n>p2 move bulletseed\n>forcelose p2","uploadtime":1664197301,"views":12,"p1id":"micaellopes","p2id":"firepunch917","formatid":"gen8randombattle","rating":2002,"private":0,"password":null}