{"id":"gen8ru-1706957500","p1":"j.silverflame","p2":"HexagonB","format":"gen8ru","log":"|j|\u2606j.silverflame\n|j|\u2606HexagonB\n|t:|1668036254\n|gametype|singles\n|player|p1|j.silverflame|101|\n|player|p2|HexagonB|plasmagrunt|\n|teamsize|p1|6\n|teamsize|p2|6\n|gen|8\n|tier|[Gen 8] RU\n|rule|Sleep Clause Mod: Limit one foe put to sleep\n|rule|Species Clause: Limit one of each Pok\u00e9mon\n|rule|OHKO Clause: OHKO moves are banned\n|rule|Evasion Items Clause: Evasion items are banned\n|rule|Evasion Moves Clause: Evasion moves are banned\n|rule|Endless Battle Clause: Forcing endless battles is banned\n|rule|HP Percentage Mod: HP is shown in percentages\n|rule|Dynamax Clause: You cannot dynamax\n|clearpoke\n|poke|p1|Seismitoad, M|\n|poke|p1|Passimian, F|\n|poke|p1|Xurkitree|\n|poke|p1|Cloyster, M|\n|poke|p1|Sigilyph, M|\n|poke|p1|Vileplume, F|\n|poke|p2|Registeel|\n|poke|p2|Heracross, M|\n|poke|p2|Togekiss, F|\n|poke|p2|Zoroark, M|\n|poke|p2|Bewear, M|\n|poke|p2|Toxtricity-Low-Key, F|\n|teampreview\n|j| carutothehocarge\n|j| I Hate AP Chem\n|j| Porkedcar\n|j| Quorin\n|\n|t:|1668036379\n|start\n|switch|p1a: Morty it's me Rick|Xurkitree|100\/100\n|switch|p2a: Registeel|Registeel|100\/100\n|turn|1\n|\n|t:|1668036388\n|move|p1a: Morty it's me Rick|Volt Switch|p2a: Registeel\n|-damage|p2a: Registeel|71\/100\n|\n|t:|1668036396\n|switch|p1a: Sigilyph|Sigilyph, M|100\/100|[from]move: Volt Switch\n|move|p2a: Registeel|Stealth Rock|p1a: Sigilyph\n|-sidestart|p1: j.silverflame|move: Stealth Rock\n|\n|-heal|p2a: Registeel|77\/100|[from] item: Leftovers\n|upkeep\n|turn|2\n|\n|t:|1668036409\n|move|p1a: Sigilyph|Cosmic Power|p1a: Sigilyph\n|-boost|p1a: Sigilyph|def|1\n|-boost|p1a: Sigilyph|spd|1\n|move|p2a: Registeel|Heavy Slam|p1a: Sigilyph\n|-damage|p1a: Sigilyph|76\/100\n|\n|-heal|p2a: Registeel|83\/100|[from] item: Leftovers\n|upkeep\n|turn|3\n|\n|t:|1668036425\n|move|p1a: Sigilyph|Cosmic Power|p1a: Sigilyph\n|-boost|p1a: Sigilyph|def|1\n|-boost|p1a: Sigilyph|spd|1\n|move|p2a: Registeel|Toxic|p1a: Sigilyph|[miss]\n|-miss|p2a: Registeel|p1a: Sigilyph\n|\n|-heal|p2a: Registeel|89\/100|[from] item: Leftovers\n|upkeep\n|turn|4\n|\n|t:|1668036432\n|move|p1a: Sigilyph|Cosmic Power|p1a: Sigilyph\n|-boost|p1a: Sigilyph|def|1\n|-boost|p1a: Sigilyph|spd|1\n|move|p2a: Registeel|Heavy Slam|p1a: Sigilyph\n|-damage|p1a: Sigilyph|61\/100\n|\n|-heal|p2a: Registeel|95\/100|[from] item: Leftovers\n|upkeep\n|turn|5\n|\n|t:|1668036461\n|move|p1a: Sigilyph|Roost|p1a: Sigilyph\n|-heal|p1a: Sigilyph|100\/100\n|-singleturn|p1a: Sigilyph|move: Roost\n|move|p2a: Registeel|Toxic|p1a: Sigilyph\n|-status|p1a: Sigilyph|tox\n|\n|-heal|p2a: Registeel|100\/100|[from] item: Leftovers\n|upkeep\n|turn|6\n|c| Quorin|he doesn't know\n|\n|t:|1668036500\n|move|p1a: Sigilyph|Cosmic Power|p1a: Sigilyph\n|-boost|p1a: Sigilyph|def|1\n|-boost|p1a: Sigilyph|spd|1\n|move|p2a: Registeel|Heavy Slam|p1a: Sigilyph\n|-damage|p1a: Sigilyph|87\/100 tox\n|\n|upkeep\n|turn|7\n|\n|t:|1668036524\n|move|p1a: Sigilyph|Cosmic Power|p1a: Sigilyph\n|-boost|p1a: Sigilyph|def|1\n|-boost|p1a: Sigilyph|spd|1\n|move|p2a: Registeel|Heavy Slam|p1a: Sigilyph\n|-damage|p1a: Sigilyph|76\/100 tox\n|\n|upkeep\n|turn|8\n|\n|t:|1668036534\n|switch|p2a: Heracross|Heracross, M|100\/100\n|move|p1a: Sigilyph|Cosmic Power|p1a: Sigilyph\n|-boost|p1a: Sigilyph|def|1\n|-boost|p1a: Sigilyph|spd|1\n|\n|upkeep\n|turn|9\n|\n|t:|1668036545\n|move|p2a: Heracross|U-turn|p1a: Sigilyph\n|-damage|p1a: Sigilyph|71\/100 tox\n|\n|t:|1668036551\n|switch|p2a: Toxtricity|Toxtricity-Low-Key, F, shiny|100\/100|[from]move: U-turn\n|move|p1a: Sigilyph|Roost|p1a: Sigilyph\n|-heal|p1a: Sigilyph|100\/100 tox\n|-singleturn|p1a: Sigilyph|move: Roost\n|\n|upkeep\n|turn|10\n|\n|t:|1668036564\n|move|p2a: Toxtricity|Overdrive|p1a: Sigilyph\n|-supereffective|p1a: Sigilyph\n|-damage|p1a: Sigilyph|76\/100 tox\n|move|p1a: Sigilyph|Stored Power|p2a: Toxtricity\n|-supereffective|p2a: Toxtricity\n|-enditem|p2a: Toxtricity|Focus Sash\n|-damage|p2a: Toxtricity|1\/100\n|\n|upkeep\n|turn|11\n|\n|t:|1668036574\n|move|p2a: Toxtricity|Volt Switch|p1a: Sigilyph\n|-supereffective|p1a: Sigilyph\n|-damage|p1a: Sigilyph|61\/100 tox\n|\n|t:|1668036579\n|switch|p2a: Togekiss|Togekiss, F|100\/100|[from]move: Volt Switch\n|move|p1a: Sigilyph|Roost|p1a: Sigilyph\n|-heal|p1a: Sigilyph|100\/100 tox\n|-singleturn|p1a: Sigilyph|move: Roost\n|\n|upkeep\n|turn|12\n|\n|t:|1668036587\n|move|p1a: Sigilyph|Stored Power|p2a: Togekiss\n|-damage|p2a: Togekiss|22\/100\n|move|p2a: Togekiss|Ancient Power|p1a: Sigilyph\n|-supereffective|p1a: Sigilyph\n|-damage|p1a: Sigilyph|92\/100 tox\n|\n|upkeep\n|turn|13\n|\n|t:|1668036603\n|move|p1a: Sigilyph|Stored Power|p2a: Togekiss\n|-damage|p2a: Togekiss|0 fnt\n|faint|p2a: Togekiss\n|\n|upkeep\n|\n|t:|1668036610\n|switch|p2a: Toxtricity|Toxtricity-Low-Key, F, shiny|1\/100\n|turn|14\n|\n|t:|1668036615\n|move|p2a: Toxtricity|Volt Switch|p1a: Sigilyph\n|-supereffective|p1a: Sigilyph\n|-damage|p1a: Sigilyph|78\/100 tox\n|\n|t:|1668036622\n|switch|p2a: Heracross|Heracross, M|100\/100|[from]move: Volt Switch\n|move|p1a: Sigilyph|Stored Power|p2a: Heracross\n|-immune|p2a: Heracross\n|\n|upkeep\n|turn|15\n|\n|t:|1668036628\n|move|p2a: Heracross|Dark Pulse|p1a: Sigilyph\n|-supereffective|p1a: Sigilyph\n|-enditem|p1a: Sigilyph|Colbur Berry|[eat]\n|-enditem|p1a: Sigilyph|Colbur Berry|[weaken]\n|-damage|p1a: Sigilyph|69\/100 tox\n|move|p1a: Sigilyph|Heat Wave|p2a: Heracross\n|-damage|p2a: Heracross|69\/100\n|-status|p2a: Heracross|brn\n|replace|p2a: Zoroark|Zoroark, M\n|-end|p2a: Zoroark|Illusion\n|\n|-damage|p2a: Zoroark|63\/100 brn|[from] brn\n|upkeep\n|turn|16\n|\n|t:|1668036645\n|move|p2a: Zoroark|U-turn|p1a: Sigilyph\n|-damage|p1a: Sigilyph|66\/100 tox\n|\n|t:|1668036659\n|switch|p2a: Registeel|Registeel|100\/100|[from]move: U-turn\n|move|p1a: Sigilyph|Roost|p1a: Sigilyph\n|-heal|p1a: Sigilyph|100\/100 tox\n|-singleturn|p1a: Sigilyph|move: Roost\n|\n|upkeep\n|turn|17\n|\n|t:|1668036678\n|move|p1a: Sigilyph|Stored Power|p2a: Registeel\n|-resisted|p2a: Registeel\n|-damage|p2a: Registeel|72\/100\n|move|p2a: Registeel|Heavy Slam|p1a: Sigilyph\n|-damage|p1a: Sigilyph|91\/100 tox\n|\n|-heal|p2a: Registeel|78\/100|[from] item: Leftovers\n|upkeep\n|turn|18\n|\n|t:|1668036692\n|move|p1a: Sigilyph|Stored Power|p2a: Registeel\n|-resisted|p2a: Registeel\n|-damage|p2a: Registeel|47\/100\n|move|p2a: Registeel|Heavy Slam|p1a: Sigilyph\n|-damage|p1a: Sigilyph|81\/100 tox\n|\n|-heal|p2a: Registeel|53\/100|[from] item: Leftovers\n|upkeep\n|turn|19\n|\n|t:|1668036722\n|move|p1a: Sigilyph|Stored Power|p2a: Registeel\n|-resisted|p2a: Registeel\n|-damage|p2a: Registeel|22\/100\n|move|p2a: Registeel|Heavy Slam|p1a: Sigilyph\n|-damage|p1a: Sigilyph|70\/100 tox\n|\n|-heal|p2a: Registeel|29\/100|[from] item: Leftovers\n|upkeep\n|turn|20\n|\n|t:|1668036751\n|move|p1a: Sigilyph|Stored Power|p2a: Registeel\n|-resisted|p2a: Registeel\n|-damage|p2a: Registeel|0 fnt\n|faint|p2a: Registeel\n|\n|upkeep\n|\n|t:|1668036757\n|switch|p2a: Heracross|Heracross, M|100\/100\n|turn|21\n|\n|t:|1668036791\n|move|p2a: Heracross|Megahorn|p1a: Sigilyph\n|-damage|p1a: Sigilyph|53\/100 tox\n|move|p1a: Sigilyph|Heat Wave|p2a: Heracross\n|-supereffective|p2a: Heracross\n|-damage|p2a: Heracross|51\/100\n|\n|-status|p2a: Heracross|brn|[from] item: Flame Orb\n|upkeep\n|turn|22\n|\n|t:|1668036804\n|move|p2a: Heracross|Facade|p1a: Sigilyph\n|-damage|p1a: Sigilyph|34\/100 tox\n|move|p1a: Sigilyph|Stored Power|p2a: Heracross\n|-supereffective|p2a: Heracross\n|-damage|p2a: Heracross|0 fnt\n|faint|p2a: Heracross\n|\n|upkeep\n|\n|t:|1668036811\n|switch|p2a: Toxtricity|Toxtricity-Low-Key, F, shiny|63\/100 brn\n|turn|23\n|\n|t:|1668036817\n|move|p2a: Toxtricity|Dark Pulse|p1a: Sigilyph\n|-supereffective|p1a: Sigilyph\n|-damage|p1a: Sigilyph|16\/100 tox\n|move|p1a: Sigilyph|Stored Power|p2a: Toxtricity\n|-immune|p2a: Toxtricity\n|\n|-damage|p2a: Toxtricity|56\/100 brn|[from] brn\n|upkeep\n|turn|24\n|\n|t:|1668036826\n|move|p2a: Toxtricity|Dark Pulse|p1a: Sigilyph\n|-supereffective|p1a: Sigilyph\n|-damage|p1a: Sigilyph|0 fnt\n|faint|p1a: Sigilyph\n|\n|-damage|p2a: Toxtricity|50\/100 brn|[from] brn\n|upkeep\n|\n|t:|1668036832\n|switch|p1a: Passimian|Passimian, F|100\/100\n|-damage|p1a: Passimian|94\/100|[from] Stealth Rock\n|turn|25\n|\n|t:|1668036837\n|move|p1a: Passimian|U-turn|p2a: Toxtricity\n|-supereffective|p2a: Toxtricity\n|-damage|p2a: Toxtricity|0 fnt\n|replace|p2a: Zoroark|Zoroark, M\n|-end|p2a: Zoroark|Illusion\n|faint|p2a: Zoroark\n|\n|t:|1668036844\n|switch|p1a: Minion Meme|Vileplume, F|100\/100|[from]move: U-turn\n|-damage|p1a: Minion Meme|88\/100|[from] Stealth Rock\n|\n|-heal|p1a: Minion Meme|94\/100|[from] item: Black Sludge\n|upkeep\n|\n|t:|1668036852\n|switch|p2a: Toxtricity|Toxtricity-Low-Key, F, shiny|1\/100\n|turn|26\n|\n|t:|1668036856\n|move|p2a: Toxtricity|Boomburst|p1a: Minion Meme\n|-damage|p1a: Minion Meme|24\/100\n|move|p1a: Minion Meme|Giga Drain|p2a: Toxtricity\n|-resisted|p2a: Toxtricity\n|-damage|p2a: Toxtricity|0 fnt\n|-heal|p1a: Minion Meme|24\/100|[from] drain|[of] p2a: Toxtricity\n|faint|p2a: Toxtricity\n|\n|-heal|p1a: Minion Meme|30\/100|[from] item: Black Sludge\n|upkeep\n|\n|t:|1668036865\n|switch|p2a: Bewear|Bewear, M|100\/100\n|turn|27\n|\n|t:|1668036881\n|move|p2a: Bewear|Darkest Lariat|p1a: Minion Meme\n|-damage|p1a: Minion Meme|6\/100\n|-status|p2a: Bewear|par|[from] ability: Effect Spore|[of] p1a: Minion Meme\n|move|p1a: Minion Meme|Leech Seed|p2a: Bewear\n|-start|p2a: Bewear|move: Leech Seed\n|\n|-heal|p1a: Minion Meme|13\/100|[from] item: Black Sludge\n|-damage|p2a: Bewear|88\/100 par|[from] Leech Seed|[of] p1a: Minion Meme\n|-heal|p1a: Minion Meme|28\/100|[silent]\n|upkeep\n|turn|28\n|\n|t:|1668036889\n|move|p1a: Minion Meme|Giga Drain|p2a: Bewear\n|-damage|p2a: Bewear|57\/100 par\n|-heal|p1a: Minion Meme|47\/100|[from] drain|[of] p2a: Bewear\n|move|p2a: Bewear|Double-Edge|p1a: Minion Meme\n|-damage|p1a: Minion Meme|0 fnt\n|faint|p1a: Minion Meme\n|-damage|p2a: Bewear|45\/100 par|[from] Recoil\n|-heal|p2a: Bewear|50\/100 par|[from] item: Shell Bell|[of] p1: Minion Meme\n|\n|upkeep\n|\n|t:|1668036900\n|switch|p1a: Morty it's me Rick|Xurkitree|100\/100\n|-damage|p1a: Morty it's me Rick|88\/100|[from] Stealth Rock\n|turn|29\n|\n|t:|1668036908\n|move|p1a: Morty it's me Rick|Thunderbolt|p2a: Bewear\n|-damage|p2a: Bewear|0 fnt\n|faint|p2a: Bewear\n|\n|win|j.silverflame\n|c| Porkedcar|gg\n|l|\u2606j.silverflame\n|j|\u2606j.silverflame\n|player|p1|j.silverflame|101\n","uploadtime":1668036935,"views":5,"p1id":"jsilverflame","p2id":"hexagonb","formatid":"gen8ru","rating":0,"private":0,"password":null}