{"id":"gen8ou-1598534726","p1":"cump5","p2":"Wamuudes","format":"gen8ou","log":"|j|\u2606cump5\n|j|\u2606Wamuudes\n|t:|1655497084\n|gametype|singles\n|player|p1|cump5|266|1685\n|player|p2|Wamuudes|bugcatcher-gen1|1717\n|teamsize|p1|6\n|teamsize|p2|6\n|gen|8\n|tier|[Gen 8] OU\n|rated|\n|rule|Sleep Clause Mod: Limit one foe put to sleep\n|rule|Species Clause: Limit one of each Pok\u00e9mon\n|rule|OHKO Clause: OHKO moves are banned\n|rule|Evasion Moves Clause: Evasion moves are banned\n|rule|Endless Battle Clause: Forcing endless battles is banned\n|rule|HP Percentage Mod: HP is shown in percentages\n|rule|Dynamax Clause: You cannot dynamax\n|clearpoke\n|poke|p1|Ferrothorn, F|\n|poke|p1|Rotom-Wash|\n|poke|p1|Umbreon, F|\n|poke|p1|Crobat, F|\n|poke|p1|Mew|\n|poke|p1|Mamoswine, M|\n|poke|p2|Blissey, F|\n|poke|p2|Toxapex, F|\n|poke|p2|Shedinja|\n|poke|p2|Corviknight, F|\n|poke|p2|Clefable, M|\n|poke|p2|Ditto|\n|teampreview\n|inactive|Battle timer is ON: inactive players will automatically lose when time's up. (requested by Wamuudes)\n|c|\u2606Wamuudes|hf\n|j| isudfbjhd\n|inactive|cump5 has 120 seconds left.\n|inactive|Wamuudes has 120 seconds left.\n|\n|t:|1655497138\n|start\n|switch|p1a: Mamoswine|Mamoswine, M|100\/100\n|switch|p2a: Ditto|Ditto, shiny|100\/100\n|-transform|p2a: Ditto|p1a: Mamoswine|[from] ability: Imposter\n|-item|p2a: Ditto|Air Balloon\n|turn|1\n|c|\u2606cump5|hf\n|\n|t:|1655497155\n|switch|p1a: Rotom|Rotom-Wash, shiny|100\/100\n|move|p2a: Ditto|Knock Off|p1a: Rotom\n|-damage|p1a: Rotom|64\/100\n|-enditem|p1a: Rotom|Leftovers|[from] move: Knock Off|[of] p2a: Ditto\n|\n|upkeep\n|turn|2\n|\n|t:|1655497171\n|move|p2a: Ditto|Knock Off|p1a: Rotom\n|-damage|p1a: Rotom|38\/100\n|move|p1a: Rotom|Volt Switch|p2a: Ditto\n|-immune|p2a: Ditto\n|\n|upkeep\n|turn|3\n|\n|t:|1655497188\n|switch|p2a: Blissey|Blissey, F|100\/100\n|move|p1a: Rotom|Pain Split|p2a: Blissey\n|-sethp|p2a: Blissey|58\/100|[from] move: Pain Split|[silent]\n|-sethp|p1a: Rotom|100\/100|[from] move: Pain Split\n|\n|upkeep\n|turn|4\n|\n|t:|1655497197\n|move|p1a: Rotom|Volt Switch|p2a: Blissey\n|-damage|p2a: Blissey|48\/100\n|\n|t:|1655497208\n|switch|p1a: Ferrothorn|Ferrothorn, F|100\/100|[from]move: Volt Switch\n|move|p2a: Blissey|Soft-Boiled|p2a: Blissey\n|-heal|p2a: Blissey|98\/100\n|\n|upkeep\n|turn|5\n|\n|t:|1655497212\n|switch|p2a: Corviknight|Corviknight, F|100\/100\n|-ability|p2a: Corviknight|Pressure\n|move|p1a: Ferrothorn|Stealth Rock|p2a: Corviknight\n|-sidestart|p2: Wamuudes|move: Stealth Rock\n|\n|upkeep\n|turn|6\n|inactive|cump5 has 120 seconds left.\n|\n|t:|1655497245\n|move|p2a: Corviknight|Iron Defense|p2a: Corviknight\n|-boost|p2a: Corviknight|def|2\n|move|p1a: Ferrothorn|Knock Off|p2a: Corviknight\n|-damage|p2a: Corviknight|94\/100\n|-damage|p1a: Ferrothorn|84\/100|[from] item: Rocky Helmet|[of] p2a: Corviknight\n|-enditem|p2a: Corviknight|Rocky Helmet|[from] move: Knock Off|[of] p1a: Ferrothorn\n|\n|-heal|p1a: Ferrothorn|90\/100|[from] item: Leftovers\n|upkeep\n|turn|7\n|inactive|cump5 has 120 seconds left.\n|j| LT_Alt1\n|\n|t:|1655497261\n|switch|p1a: Crobat|Crobat, F|100\/100\n|move|p2a: Corviknight|Defog|p1a: Crobat\n|-unboost|p1a: Crobat|evasion|1\n|-sideend|p2: Wamuudes|Stealth Rock|[from] move: Defog|[of] p2a: Corviknight\n|\n|upkeep\n|turn|8\n|\n|t:|1655497268\n|switch|p2a: Toxapex|Toxapex, F|100\/100\n|move|p1a: Crobat|Nasty Plot|p1a: Crobat\n|-boost|p1a: Crobat|spa|2\n|\n|upkeep\n|turn|9\n|\n|t:|1655497281\n|move|p1a: Crobat|Nasty Plot|p1a: Crobat\n|-boost|p1a: Crobat|spa|2\n|move|p2a: Toxapex|Knock Off|p1a: Crobat\n|-damage|p1a: Crobat|79\/100\n|-enditem|p1a: Crobat|Life Orb|[from] move: Knock Off|[of] p2a: Toxapex\n|\n|upkeep\n|turn|10\n|\n|t:|1655497295\n|switch|p2a: Corviknight|Corviknight, F|94\/100\n|-ability|p2a: Corviknight|Pressure\n|move|p1a: Crobat|Air Slash|p2a: Corviknight\n|-resisted|p2a: Corviknight\n|-damage|p2a: Corviknight|56\/100\n|\n|upkeep\n|turn|11\n|\n|t:|1655497306\n|switch|p2a: Clefable|Clefable, M|100\/100\n|move|p1a: Crobat|Heat Wave|p2a: Clefable\n|-damage|p2a: Clefable|81\/100\n|\n|-heal|p2a: Clefable|87\/100|[from] item: Leftovers\n|upkeep\n|turn|12\n|\n|t:|1655497318\n|move|p1a: Crobat|Sludge Bomb|p2a: Clefable\n|-supereffective|p2a: Clefable\n|-damage|p2a: Clefable|32\/100\n|-status|p2a: Clefable|psn\n|move|p2a: Clefable|Calm Mind|p2a: Clefable\n|-boost|p2a: Clefable|spa|1\n|-boost|p2a: Clefable|spd|1\n|\n|-heal|p2a: Clefable|38\/100 psn|[from] item: Leftovers\n|-damage|p2a: Clefable|26\/100 psn|[from] psn\n|upkeep\n|turn|13\n|c|\u2606Wamuudes|is this jokey pokeaims\n|c|\u2606Wamuudes|poey jokeaim\n|c|\u2606Wamuudes|hmmmm i think i legit lose to this mon\n|inactive|Wamuudes has 120 seconds left.\n|\n|t:|1655497353\n|switch|p2a: Blissey|Blissey, F|98\/100\n|move|p1a: Crobat|Sludge Bomb|p2a: Blissey\n|-damage|p2a: Blissey|61\/100\n|\n|upkeep\n|turn|14\n|c|\u2606cump5|nah but I got the idea from that vid\n|c|\u2606cump5|crobius\n|c|\u2606Wamuudes|that fucking crobius sweep vid\n|c|\u2606Wamuudes|sent me\n|inactive|cump5 has 120 seconds left.\n|c|\u2606Wamuudes|anyway i think i get crobius swept here\n|c|\u2606cump5|blunder was also on one during that vid lol\n|c|\u2606Wamuudes|yeah i love bunder sm\n|\n|t:|1655497401\n|move|p1a: Crobat|Air Slash|p2a: Blissey\n|-damage|p2a: Blissey|33\/100\n|move|p2a: Blissey|Soft-Boiled|p2a: Blissey\n|-heal|p2a: Blissey|83\/100\n|\n|upkeep\n|turn|15\n|\n|t:|1655497407\n|move|p1a: Crobat|Nasty Plot|p1a: Crobat\n|-boost|p1a: Crobat|spa|2\n|move|p2a: Blissey|Seismic Toss|p1a: Crobat\n|-damage|p1a: Crobat|47\/100\n|\n|upkeep\n|turn|16\n|\n|t:|1655497415\n|move|p1a: Crobat|Sludge Bomb|p2a: Blissey\n|-damage|p2a: Blissey|36\/100\n|move|p2a: Blissey|Soft-Boiled|p2a: Blissey\n|-heal|p2a: Blissey|86\/100\n|\n|upkeep\n|turn|17\n|c|\u2606cump5|i feel like he's been more energetic recently\n|c|\u2606Wamuudes|he said in a joey vid that that was bc he's been drinking like 3 cups of coffee in the morning lol\n|c|\u2606Wamuudes|and taking breaks prob helps\n|inactive|Wamuudes has 120 seconds left.\n|c|\u2606cump5|lmao love that\n|c|\u2606cump5|yeah tru\n|\n|t:|1655497454\n|move|p1a: Crobat|Sludge Bomb|p2a: Blissey\n|-crit|p2a: Blissey\n|-damage|p2a: Blissey|23\/100\n|move|p2a: Blissey|Seismic Toss|p1a: Crobat\n|-damage|p1a: Crobat|15\/100\n|\n|upkeep\n|turn|18\n|inactive|Wamuudes has 120 seconds left.\n|\n|t:|1655497463\n|move|p1a: Crobat|Sludge Bomb|p2a: Blissey\n|-damage|p2a: Blissey|0 fnt\n|faint|p2a: Blissey\n|\n|upkeep\n|\n|t:|1655497465\n|switch|p2a: Ditto|Ditto, shiny|100\/100\n|-transform|p2a: Ditto|p1a: Crobat|[from] ability: Imposter\n|-item|p2a: Ditto|Air Balloon\n|turn|19\n|\n|t:|1655497491\n|move|p2a: Ditto|Sludge Bomb|p1a: Crobat\n|-resisted|p1a: Crobat\n|-damage|p1a: Crobat|0 fnt\n|faint|p1a: Crobat\n|\n|upkeep\n|\n|t:|1655497495\n|switch|p1a: Mamoswine|Mamoswine, M|100\/100\n|turn|20\n|c|\u2606Wamuudes|u think crobius lives an ice shard?\n|c|\u2606Wamuudes|there's no way\n|c|\u2606Wamuudes|this mon is so shi\n|c|\u2606cump5|ye\n|inactive|Wamuudes has 120 seconds left.\n|j| GoldenStateIdiots\n|c|\u2606Wamuudes|i'm going to go into pex so you should eq here\n|c| LT_Alt1|def lives an ice shard; i'd be more scared of sash\n|inactive|Wamuudes has 90 seconds left.\n|c|\u2606Wamuudes|ok but what if i air slash freeze u\n|c|\u2606Wamuudes|*flinch\n|c|\u2606Wamuudes|fuck\n|c|\u2606cump5|tru\n|c| GoldenStateIdiots|Nah thats not banded\n|c|\u2606cump5|we'll see\n|c|\u2606Wamuudes|rare itemless mamoswine\n|inactive|Wamuudes has 60 seconds left.\n|c|\u2606Wamuudes|for the alolan marokaw counter\n|\n|t:|1655497590\n|move|p1a: Mamoswine|Icicle Crash|p2a: Ditto\n|-supereffective|p2a: Ditto\n|-damage|p2a: Ditto|0 fnt\n|-enditem|p2a: Ditto|Air Balloon\n|faint|p2a: Ditto\n|\n|upkeep\n|c|\u2606cump5|NONE OF THE ABOVE\n|c|\u2606Wamuudes|scarf swine\n|c|\u2606Wamuudes|wp\n|\n|t:|1655497601\n|switch|p2a: Corviknight|Corviknight, F|56\/100\n|-ability|p2a: Corviknight|Pressure\n|turn|21\n|c| GoldenStateIdiots|LMAO\n|c| GoldenStateIdiots|WHAT\n|c| GoldenStateIdiots|SCARF?\n|\n|t:|1655497609\n|switch|p1a: Rotom|Rotom-Wash, shiny|100\/100\n|move|p2a: Corviknight|Roost|p2a: Corviknight\n|-heal|p2a: Corviknight|100\/100\n|-singleturn|p2a: Corviknight|move: Roost\n|\n|upkeep\n|turn|22\n|c|\u2606Wamuudes|nah scarf swine is heat\n|inactive|Wamuudes has 60 seconds left.\n|\n|t:|1655497617\n|switch|p1a: Ferrothorn|Ferrothorn, F|90\/100\n|move|p2a: Corviknight|Roost||[still]\n|-fail|p2a: Corviknight|heal\n|\n|-heal|p1a: Ferrothorn|96\/100|[from] item: Leftovers\n|upkeep\n|turn|23\n|\n|t:|1655497620\n|move|p2a: Corviknight|Iron Defense|p2a: Corviknight\n|-boost|p2a: Corviknight|def|2\n|move|p1a: Ferrothorn|Stealth Rock|p2a: Corviknight\n|-sidestart|p2: Wamuudes|move: Stealth Rock\n|\n|-heal|p1a: Ferrothorn|100\/100|[from] item: Leftovers\n|upkeep\n|turn|24\n|\n|t:|1655497629\n|switch|p1a: Rotom|Rotom-Wash, shiny|100\/100\n|move|p2a: Corviknight|Iron Defense|p2a: Corviknight\n|-boost|p2a: Corviknight|def|2\n|\n|upkeep\n|turn|25\n|\n|t:|1655497631\n|move|p1a: Rotom|Volt Switch|p2a: Corviknight\n|-supereffective|p2a: Corviknight\n|-damage|p2a: Corviknight|49\/100\n|\n|t:|1655497633\n|switch|p1a: Mew|Mew, shiny|100\/100|[from]move: Volt Switch\n|move|p2a: Corviknight|Roost|p2a: Corviknight\n|-heal|p2a: Corviknight|99\/100\n|-singleturn|p2a: Corviknight|move: Roost\n|\n|upkeep\n|turn|26\n|inactive|Wamuudes has 90 seconds left.\n|c|\u2606Wamuudes|the problem with rotom is that it is unironically walled by corf\n|c|\u2606Wamuudes|*corv\n|\n|t:|1655497661\n|move|p1a: Mew|Swords Dance|p1a: Mew\n|-boost|p1a: Mew|atk|2\n|move|p2a: Corviknight|Body Press|p1a: Mew\n|-resisted|p1a: Mew\n|-damage|p1a: Mew|64\/100\n|\n|upkeep\n|turn|27\n|c|\u2606cump5|unless its discharge ye\n|c|\u2606cump5|i shouldn't have given up crob\n|\n|t:|1655497674\n|move|p1a: Mew|Swords Dance|p1a: Mew\n|-boost|p1a: Mew|atk|2\n|move|p2a: Corviknight|Iron Defense|p2a: Corviknight\n|-boost|p2a: Corviknight|def|2\n|\n|upkeep\n|turn|28\n|c|\u2606Wamuudes|crobius was ur only way to stop this bullshit from 6-0\n|inactive|Wamuudes has 90 seconds left.\n|c|\u2606Wamuudes|unless u r the rare sd fire blast mew\n|\n|t:|1655497695\n|move|p1a: Mew|Drain Punch|p2a: Corviknight\n|-damage|p2a: Corviknight|89\/100\n|-heal|p1a: Mew|71\/100|[from] drain|[of] p2a: Corviknight\n|move|p2a: Corviknight|Body Press|p1a: Mew\n|-resisted|p1a: Mew\n|-damage|p1a: Mew|18\/100\n|\n|upkeep\n|turn|29\n|\n|t:|1655497701\n|move|p1a: Mew|Psychic Fangs|p2a: Corviknight\n|-resisted|p2a: Corviknight\n|-damage|p2a: Corviknight|78\/100\n|move|p2a: Corviknight|Body Press|p1a: Mew\n|-resisted|p1a: Mew\n|-damage|p1a: Mew|0 fnt\n|faint|p1a: Mew\n|\n|upkeep\n|\n|t:|1655497704\n|switch|p1a: Rotom|Rotom-Wash, shiny|100\/100\n|turn|30\n|\n|t:|1655497709\n|move|p1a: Rotom|Hydro Pump|p2a: Corviknight\n|-damage|p2a: Corviknight|42\/100\n|move|p2a: Corviknight|Roost|p2a: Corviknight\n|-heal|p2a: Corviknight|92\/100\n|-singleturn|p2a: Corviknight|move: Roost\n|\n|upkeep\n|turn|31\n|\n|t:|1655497715\n|move|p1a: Rotom|Volt Switch|p2a: Corviknight\n|-supereffective|p2a: Corviknight\n|-damage|p2a: Corviknight|40\/100\n|\n|t:|1655497721\n|switch|p1a: Ferrothorn|Ferrothorn, F|100\/100|[from]move: Volt Switch\n|move|p2a: Corviknight|Body Press|p1a: Ferrothorn\n|-supereffective|p1a: Ferrothorn\n|-damage|p1a: Ferrothorn|0 fnt\n|-damage|p2a: Corviknight|28\/100|[from] ability: Iron Barbs|[of] p1a: Ferrothorn\n|faint|p1a: Ferrothorn\n|\n|upkeep\n|\n|t:|1655497728\n|switch|p1a: Rotom|Rotom-Wash, shiny|100\/100\n|turn|32\n|c|\u2606Wamuudes|fuck i choked\n|\n|t:|1655497741\n|switch|p1a: Umbreon|Umbreon, F, shiny|100\/100\n|switch|p2a: Shedinja|Shedinja|100\/100\n|\n|upkeep\n|turn|33\n|\n|t:|1655497748\n|switch|p2a: Toxapex|Toxapex, F|100\/100\n|-damage|p2a: Toxapex|88\/100|[from] Stealth Rock\n|move|p1a: Umbreon|Wish|p1a: Umbreon\n|\n|upkeep\n|turn|34\n|\n|t:|1655497755\n|switch|p1a: Mamoswine|Mamoswine, M|100\/100\n|move|p2a: Toxapex|Toxic|p1a: Mamoswine\n|-status|p1a: Mamoswine|tox\n|\n|-damage|p1a: Mamoswine|94\/100 tox|[from] psn\n|upkeep\n|turn|35\n|c|\u2606cump5|i think you still just set up later and win\n|\n|t:|1655497766\n|switch|p2a: Clefable|Clefable, M|26\/100 psn\n|-damage|p2a: Clefable|13\/100 psn|[from] Stealth Rock\n|move|p1a: Mamoswine|Knock Off|p2a: Clefable\n|-resisted|p2a: Clefable\n|-damage|p2a: Clefable|0 fnt\n|-enditem|p2a: Clefable|Leftovers|[from] move: Knock Off|[of] p1a: Mamoswine\n|faint|p2a: Clefable\n|\n|-damage|p1a: Mamoswine|82\/100 tox|[from] psn\n|upkeep\n|\n|t:|1655497780\n|switch|p2a: Toxapex|Toxapex, F|100\/100\n|-damage|p2a: Toxapex|88\/100|[from] Stealth Rock\n|turn|36\n|\n|t:|1655497788\n|switch|p1a: Rotom|Rotom-Wash, shiny|100\/100\n|move|p2a: Toxapex|Toxic|p1a: Rotom\n|-status|p1a: Rotom|tox\n|\n|-damage|p1a: Rotom|95\/100 tox|[from] psn\n|upkeep\n|turn|37\n|\n|t:|1655497791\n|move|p1a: Rotom|Volt Switch|p2a: Toxapex\n|-supereffective|p2a: Toxapex\n|-damage|p2a: Toxapex|49\/100\n|\n|t:|1655497794\n|switch|p1a: Umbreon|Umbreon, F, shiny|100\/100|[from]move: Volt Switch\n|move|p2a: Toxapex|Recover|p2a: Toxapex\n|-heal|p2a: Toxapex|99\/100\n|\n|upkeep\n|turn|38\n|inactive|cump5 has 120 seconds left.\n|\n|t:|1655497850\n|move|p1a: Umbreon|Wish|p1a: Umbreon\n|move|p2a: Toxapex|Toxic|p1a: Umbreon\n|-status|p1a: Umbreon|tox\n|-activate|p1a: Umbreon|ability: Synchronize\n|-immune|p2a: Toxapex\n|\n|-damage|p1a: Umbreon|94\/100 tox|[from] psn\n|upkeep\n|turn|39\n|inactive|cump5 has 90 seconds left.\n|\n|t:|1655497866\n|move|p1a: Umbreon|Heal Bell|p1a: Umbreon\n|-activate|p1a: Umbreon|move: Heal Bell\n|-curestatus|p1a: Umbreon|tox|[msg]\n|-curestatus|p1: Mamoswine|tox|[msg]\n|-curestatus|p1: Rotom|tox|[msg]\n|move|p2a: Toxapex|Scald|p1a: Umbreon\n|-damage|p1a: Umbreon|83\/100\n|\n|-heal|p1a: Umbreon|100\/100|[from] move: Wish|[wisher] Umbreon\n|upkeep\n|turn|40\n|inactive|cump5 has 90 seconds left.\n|\n|t:|1655497876\n|switch|p1a: Mamoswine|Mamoswine, M|82\/100\n|move|p2a: Toxapex|Toxic|p1a: Mamoswine\n|-status|p1a: Mamoswine|tox\n|\n|-damage|p1a: Mamoswine|76\/100 tox|[from] psn\n|upkeep\n|turn|41\n|\n|t:|1655497885\n|move|p1a: Mamoswine|Knock Off|p2a: Toxapex\n|-crit|p2a: Toxapex\n|-damage|p2a: Toxapex|66\/100\n|-enditem|p2a: Toxapex|Shed Shell|[from] move: Knock Off|[of] p1a: Mamoswine\n|move|p2a: Toxapex|Recover|p2a: Toxapex\n|-heal|p2a: Toxapex|100\/100\n|\n|-damage|p1a: Mamoswine|64\/100 tox|[from] psn\n|upkeep\n|turn|42\n|\n|t:|1655497891\n|switch|p1a: Umbreon|Umbreon, F, shiny|100\/100\n|move|p2a: Toxapex|Knock Off|p1a: Umbreon\n|-resisted|p1a: Umbreon\n|-damage|p1a: Umbreon|96\/100\n|-enditem|p1a: Umbreon|Leftovers|[from] move: Knock Off|[of] p2a: Toxapex\n|\n|upkeep\n|turn|43\n|\n|t:|1655497895\n|move|p1a: Umbreon|Wish|p1a: Umbreon\n|move|p2a: Toxapex|Scald|p1a: Umbreon\n|-damage|p1a: Umbreon|84\/100\n|\n|upkeep\n|turn|44\n|\n|t:|1655497901\n|switch|p1a: Mamoswine|Mamoswine, M|64\/100 tox\n|move|p2a: Toxapex|Scald|p1a: Mamoswine\n|-supereffective|p1a: Mamoswine\n|-damage|p1a: Mamoswine|17\/100 tox\n|\n|-heal|p1a: Mamoswine|72\/100 tox|[from] move: Wish|[wisher] Umbreon\n|-damage|p1a: Mamoswine|66\/100 tox|[from] psn\n|upkeep\n|turn|45\n|\n|t:|1655497908\n|switch|p2a: Shedinja|Shedinja|100\/100\n|move|p1a: Mamoswine|Earthquake|p2a: Shedinja\n|-immune|p2a: Shedinja|[from] ability: Wonder Guard\n|\n|-damage|p1a: Mamoswine|53\/100 tox|[from] psn\n|upkeep\n|turn|46\n|\n|t:|1655497919\n|switch|p1a: Umbreon|Umbreon, F, shiny|84\/100\n|switch|p2a: Corviknight|Corviknight, F|28\/100\n|-damage|p2a: Corviknight|15\/100|[from] Stealth Rock\n|-ability|p2a: Corviknight|Pressure\n|\n|upkeep\n|turn|47\n|\n|t:|1655497922\n|move|p2a: Corviknight|Roost|p2a: Corviknight\n|-heal|p2a: Corviknight|65\/100\n|-singleturn|p2a: Corviknight|move: Roost\n|move|p1a: Umbreon|Foul Play|p2a: Corviknight\n|-damage|p2a: Corviknight|52\/100\n|\n|upkeep\n|turn|48\n|\n|t:|1655497932\n|switch|p1a: Rotom|Rotom-Wash, shiny|95\/100\n|move|p2a: Corviknight|Roost|p2a: Corviknight\n|-heal|p2a: Corviknight|100\/100\n|-singleturn|p2a: Corviknight|move: Roost\n|\n|upkeep\n|turn|49\n|\n|t:|1655497944\n|move|p1a: Rotom|Volt Switch|p2a: Corviknight\n|-supereffective|p2a: Corviknight\n|-damage|p2a: Corviknight|48\/100\n|\n|t:|1655497947\n|switch|p1a: Umbreon|Umbreon, F, shiny|84\/100|[from]move: Volt Switch\n|move|p2a: Corviknight|Roost|p2a: Corviknight\n|-heal|p2a: Corviknight|98\/100\n|-singleturn|p2a: Corviknight|move: Roost\n|\n|upkeep\n|turn|50\n|\n|t:|1655497949\n|switch|p1a: Rotom|Rotom-Wash, shiny|95\/100\n|move|p2a: Corviknight|Iron Defense|p2a: Corviknight\n|-boost|p2a: Corviknight|def|2\n|\n|upkeep\n|turn|51\n|\n|t:|1655497956\n|move|p1a: Rotom|Volt Switch|p2a: Corviknight\n|-supereffective|p2a: Corviknight\n|-damage|p2a: Corviknight|52\/100\n|\n|t:|1655497959\n|switch|p1a: Mamoswine|Mamoswine, M|53\/100 tox|[from]move: Volt Switch\n|move|p2a: Corviknight|Roost|p2a: Corviknight\n|-heal|p2a: Corviknight|100\/100\n|-singleturn|p2a: Corviknight|move: Roost\n|\n|-damage|p1a: Mamoswine|47\/100 tox|[from] psn\n|upkeep\n|turn|52\n|\n|t:|1655497963\n|switch|p1a: Rotom|Rotom-Wash, shiny|95\/100\n|move|p2a: Corviknight|Iron Defense|p2a: Corviknight\n|-boost|p2a: Corviknight|def|2\n|\n|upkeep\n|turn|53\n|c|\u2606cump5|gg\n|c|\u2606Wamuudes|misclick\n|c|\u2606Wamuudes|gg\n|-message|cump5 forfeited.\n|\n|win|Wamuudes\n|raw|cump5's rating: 1685 &rarr; <strong>1667<\/strong><br \/>(-18 for losing)\n|raw|Wamuudes's rating: 1717 &rarr; <strong>1735<\/strong><br \/>(+18 for winning)\n|l|\u2606cump5\n||Ladder isn't responding, score probably updated but might not have (Request timeout).\n","uploadtime":1655497983,"views":40,"p1id":"cump5","p2id":"wamuudes","formatid":"gen8ou","rating":1667,"private":0,"password":null}