{"id":"gen8battlefactory-1668338327","p1":"Diegogri5","p2":"BiteSizeEgg","format":"gen8battlefactory","log":"|j|\u2606Diegogri5\n|j|\u2606BiteSizeEgg\n|t:|1663616357\n|gametype|singles\n|player|p1|Diegogri5|officeworker|1135\n|player|p2|BiteSizeEgg|265|1296\n|teamsize|p1|6\n|teamsize|p2|6\n|gen|8\n|tier|[Gen 8] Battle Factory\n|rated|\n|rule|Sleep Clause Mod: Limit one foe put to sleep\n|rule|Species Clause: Limit one of each Pok\u00e9mon\n|rule|OHKO Clause: OHKO moves are banned\n|rule|Evasion Items Clause: Evasion items are banned\n|rule|Evasion Moves Clause: Evasion moves are banned\n|rule|Endless Battle Clause: Forcing endless battles is banned\n|rule|HP Percentage Mod: HP is shown in percentages\n|rule|Dynamax Clause: You cannot dynamax\n|clearpoke\n|poke|p1|Xerneas-*|\n|poke|p1|Blissey, F|\n|poke|p1|Eternatus|\n|poke|p1|Giratina-Origin|\n|poke|p1|Rayquaza|\n|poke|p1|Urshifu-*, M|\n|poke|p2|Landorus, M|\n|poke|p2|Palkia|\n|poke|p2|Darmanitan-Galar, M|\n|poke|p2|Calyrex-Shadow|\n|poke|p2|Ho-Oh|\n|poke|p2|Tyranitar, F|\n|teampreview\n|inactive|Battle timer is ON: inactive players will automatically lose when time's up. (requested by BiteSizeEgg)\n|inactive|Diegogri5 has 120 seconds left.\n|inactive|BiteSizeEgg has 120 seconds left.\n|inactive|Diegogri5 has 90 seconds left.\n|inactive|Diegogri5 has 60 seconds left.\n|inactive|Diegogri5 has 30 seconds left.\n|inactive|Diegogri5 has 20 seconds left.\n|\n|t:|1663616489\n|start\n|switch|p1a: Urshifu|Urshifu, M|341\/341\n|switch|p2a: Calyrex|Calyrex-Shadow|342\/342\n|-ability|p2a: Calyrex|As One\n|-ability|p2a: Calyrex|Unnerve\n|turn|1\n|\n|t:|1663616499\n|switch|p1a: Blissey|Blissey, F|652\/652\n|move|p2a: Calyrex|Draining Kiss|p1a: Blissey\n|-damage|p1a: Blissey|607\/652\n|\n|upkeep\n|turn|2\n|inactive|Diegogri5 has 90 seconds left.\n|\n|t:|1663616513\n|switch|p2a: Tyranitar|Tyranitar, F|404\/404\n|-weather|Sandstorm|[from] ability: Sand Stream|[of] p2a: Tyranitar\n|move|p1a: Blissey|Stealth Rock|p2a: Tyranitar\n|-sidestart|p2: BiteSizeEgg|move: Stealth Rock\n|\n|-weather|Sandstorm|[upkeep]\n|-damage|p1a: Blissey|567\/652|[from] Sandstorm\n|upkeep\n|turn|3\n|inactive|Diegogri5 has 90 seconds left.\n|\n|t:|1663616529\n|switch|p1a: Urshifu|Urshifu, M|341\/341\n|move|p2a: Tyranitar|Thunder Wave|p1a: Urshifu\n|-status|p1a: Urshifu|par\n|\n|-weather|Sandstorm|[upkeep]\n|-damage|p1a: Urshifu|320\/341 par|[from] Sandstorm\n|upkeep\n|turn|4\n|\n|t:|1663616534\n|switch|p2a: Ho-Oh|Ho-Oh|415\/415\n|move|p1a: Urshifu|Wicked Blow|p2a: Ho-Oh\n|-crit|p2a: Ho-Oh\n|-damage|p2a: Ho-Oh|112\/415\n|\n|-weather|Sandstorm|[upkeep]\n|-damage|p2a: Ho-Oh|87\/415|[from] Sandstorm\n|-damage|p1a: Urshifu|299\/341 par|[from] Sandstorm\n|upkeep\n|turn|5\n|\n|t:|1663616560\n|switch|p1a: Giratina|Giratina-Origin|441\/441\n|move|p2a: Ho-Oh|Defog|p1a: Giratina\n|-unboost|p1a: Giratina|evasion|1\n|-sideend|p2: BiteSizeEgg|Stealth Rock|[from] move: Defog|[of] p2a: Ho-Oh\n|\n|-weather|Sandstorm|[upkeep]\n|-damage|p2a: Ho-Oh|62\/415|[from] Sandstorm\n|-damage|p1a: Giratina|414\/441|[from] Sandstorm\n|upkeep\n|turn|6\n|\n|t:|1663616568\n|switch|p2a: Tyranitar|Tyranitar, F|404\/404\n|move|p1a: Giratina|Thunder Wave|p2a: Tyranitar\n|-status|p2a: Tyranitar|par\n|\n|-weather|none\n|upkeep\n|turn|7\n|\n|t:|1663616592\n|switch|p1a: Urshifu|Urshifu, M|299\/341 par\n|switch|p2a: Ho-Oh|Ho-Oh|200\/415\n|\n|upkeep\n|turn|8\n|\n|t:|1663616604\n|switch|p2a: Tyranitar|Tyranitar, F|404\/404 par\n|-weather|Sandstorm|[from] ability: Sand Stream|[of] p2a: Tyranitar\n|switch|p1a: Giratina|Giratina-Origin|414\/441\n|\n|-weather|Sandstorm|[upkeep]\n|-damage|p1a: Giratina|387\/441|[from] Sandstorm\n|upkeep\n|turn|9\n|\n|t:|1663616609\n|switch|p1a: Eternatus|Eternatus|462\/462\n|-ability|p1a: Eternatus|Pressure\n|cant|p2a: Tyranitar|par\n|\n|-weather|Sandstorm|[upkeep]\n|-damage|p1a: Eternatus|434\/462|[from] Sandstorm\n|upkeep\n|turn|10\n|\n|t:|1663616615\n|switch|p1a: Urshifu|Urshifu, M|299\/341 par\n|move|p2a: Tyranitar|Thunder Wave|p1a: Urshifu|[miss]\n|-miss|p2a: Tyranitar|p1a: Urshifu\n|\n|-weather|Sandstorm|[upkeep]\n|-damage|p1a: Urshifu|278\/341 par|[from] Sandstorm\n|upkeep\n|turn|11\n|\n|t:|1663616629\n|switch|p2a: Ho-Oh|Ho-Oh|338\/415\n|move|p1a: Urshifu|Wicked Blow|p2a: Ho-Oh\n|-crit|p2a: Ho-Oh\n|-damage|p2a: Ho-Oh|59\/415\n|\n|-weather|Sandstorm|[upkeep]\n|-damage|p2a: Ho-Oh|34\/415|[from] Sandstorm\n|-damage|p1a: Urshifu|257\/341 par|[from] Sandstorm\n|upkeep\n|turn|12\n|\n|t:|1663616636\n|switch|p2a: Tyranitar|Tyranitar, F|404\/404 par\n|move|p1a: Urshifu|Wicked Blow|p2a: Tyranitar\n|-resisted|p2a: Tyranitar\n|-crit|p2a: Tyranitar\n|-damage|p2a: Tyranitar|243\/404 par\n|\n|-weather|none\n|upkeep\n|turn|13\n|\n|t:|1663616641\n|switch|p1a: Eternatus|Eternatus|434\/462\n|-ability|p1a: Eternatus|Pressure\n|move|p2a: Tyranitar|Stealth Rock|p1a: Eternatus\n|-sidestart|p1: Diegogri5|move: Stealth Rock\n|\n|upkeep\n|turn|14\n|\n|t:|1663616648\n|move|p1a: Eternatus|Draco Meteor|p2a: Tyranitar\n|-damage|p2a: Tyranitar|93\/404 par\n|-unboost|p1a: Eternatus|spa|2\n|-enditem|p1a: Eternatus|Eject Pack\n|\n|t:|1663616657\n|switch|p1a: Urshifu|Urshifu, M|257\/341 par\n|-damage|p1a: Urshifu|236\/341 par|[from] Stealth Rock\n|cant|p2a: Tyranitar|par\n|\n|upkeep\n|turn|15\n|\n|t:|1663616675\n|move|p1a: Urshifu|Wicked Blow|p2a: Tyranitar\n|-resisted|p2a: Tyranitar\n|-crit|p2a: Tyranitar\n|-damage|p2a: Tyranitar|0 fnt\n|faint|p2a: Tyranitar\n|\n|upkeep\n|\n|t:|1663616692\n|switch|p2a: Calyrex|Calyrex-Shadow|342\/342\n|-ability|p2a: Calyrex|As One\n|-ability|p2a: Calyrex|Unnerve\n|turn|16\n|\n|t:|1663616708\n|switch|p1a: Blissey|Blissey, F|567\/652\n|-damage|p1a: Blissey|486\/652|[from] Stealth Rock\n|move|p2a: Calyrex|Nasty Plot|p2a: Calyrex\n|-boost|p2a: Calyrex|spa|2\n|\n|upkeep\n|turn|17\n|\n|t:|1663616711\n|move|p2a: Calyrex|Psyshock|p1a: Blissey\n|-damage|p1a: Blissey|0 fnt\n|faint|p1a: Blissey\n|-ability|p2a: Calyrex|Grim Neigh|boost\n|-boost|p2a: Calyrex|spa|1\n|\n|upkeep\n|\n|t:|1663616729\n|switch|p1a: Urshifu|Urshifu, M|236\/341 par\n|-damage|p1a: Urshifu|215\/341 par|[from] Stealth Rock\n|turn|18\n|\n|t:|1663616732\n|move|p1a: Urshifu|Sucker Punch|p2a: Calyrex\n|-supereffective|p2a: Calyrex\n|-enditem|p2a: Calyrex|Focus Sash\n|-damage|p2a: Calyrex|1\/342\n|move|p2a: Calyrex|Draining Kiss|p1a: Urshifu\n|-supereffective|p1a: Urshifu\n|-damage|p1a: Urshifu|0 fnt\n|-heal|p2a: Calyrex|162\/342|[from] drain|[of] p1a: Urshifu\n|faint|p1a: Urshifu\n|-ability|p2a: Calyrex|Grim Neigh|boost\n|-boost|p2a: Calyrex|spa|1\n|\n|upkeep\n|\n|t:|1663616742\n|switch|p1a: Giratina|Giratina-Origin|387\/441\n|-damage|p1a: Giratina|332\/441|[from] Stealth Rock\n|turn|19\n|\n|t:|1663616752\n|switch|p2a: Darmanitan|Darmanitan-Galar, M|351\/351\n|move|p1a: Giratina|Shadow Sneak|p2a: Darmanitan\n|-damage|p2a: Darmanitan|246\/351\n|\n|upkeep\n|turn|20\n|\n|t:|1663616765\n|move|p2a: Darmanitan|Icicle Crash|p1a: Giratina\n|-supereffective|p1a: Giratina\n|-damage|p1a: Giratina|0 fnt\n|faint|p1a: Giratina\n|\n|upkeep\n|\n|t:|1663616772\n|switch|p1a: Xerneas|Xerneas|393\/393\n|-damage|p1a: Xerneas|344\/393|[from] Stealth Rock\n|-ability|p1a: Xerneas|Fairy Aura\n|turn|21\n|\n|t:|1663616780\n|move|p2a: Darmanitan|Icicle Crash|p1a: Xerneas|[miss]\n|-miss|p2a: Darmanitan|p1a: Xerneas\n|move|p1a: Xerneas|Geomancy||[still]\n|-prepare|p1a: Xerneas|Geomancy\n|-enditem|p1a: Xerneas|Power Herb\n|-anim|p1a: Xerneas|Geomancy|p1a: Xerneas\n|-boost|p1a: Xerneas|spa|2\n|-boost|p1a: Xerneas|spd|2\n|-boost|p1a: Xerneas|spe|2\n|\n|upkeep\n|turn|22\n|\n|t:|1663616803\n|switch|p2a: Landorus|Landorus, M|319\/319\n|move|p1a: Xerneas|Moonblast|p2a: Landorus\n|-damage|p2a: Landorus|0 fnt\n|faint|p2a: Landorus\n|\n|upkeep\n|\n|t:|1663616805\n|switch|p2a: Ho-Oh|Ho-Oh|172\/415\n|turn|23\n|\n|t:|1663616817\n|switch|p2a: Palkia|Palkia|345\/345\n|-ability|p2a: Palkia|Pressure\n|move|p1a: Xerneas|Thunder|p2a: Palkia\n|-damage|p2a: Palkia|108\/345\n|-status|p2a: Palkia|par\n|\n|-heal|p2a: Palkia|129\/345 par|[from] item: Leftovers\n|upkeep\n|turn|24\n|\n|t:|1663616822\n|move|p1a: Xerneas|Moonblast|p2a: Palkia\n|-supereffective|p2a: Palkia\n|-damage|p2a: Palkia|0 fnt\n|faint|p2a: Palkia\n|\n|upkeep\n|\n|t:|1663616829\n|switch|p2a: Ho-Oh|Ho-Oh|310\/415\n|turn|25\n|\n|t:|1663616832\n|switch|p2a: Calyrex|Calyrex-Shadow|162\/342\n|-ability|p2a: Calyrex|As One\n|-ability|p2a: Calyrex|Unnerve\n|move|p1a: Xerneas|Thunder|p2a: Calyrex\n|-damage|p2a: Calyrex|0 fnt\n|faint|p2a: Calyrex\n|\n|upkeep\n|\n|t:|1663616835\n|switch|p2a: Ho-Oh|Ho-Oh|415\/415\n|turn|26\n|\n|t:|1663616837\n|move|p1a: Xerneas|Thunder|p2a: Ho-Oh|[miss]\n|-miss|p1a: Xerneas|p2a: Ho-Oh\n|move|p2a: Ho-Oh|Whirlwind|p1a: Xerneas\n|drag|p1a: Rayquaza|Rayquaza|351\/351\n|-damage|p1a: Rayquaza|264\/351|[from] Stealth Rock\n|-ability|p1a: Rayquaza|Air Lock\n|\n|upkeep\n|turn|27\n|\n|t:|1663616850\n|move|p1a: Rayquaza|Draco Meteor|p2a: Ho-Oh\n|-damage|p2a: Ho-Oh|230\/415\n|-unboost|p1a: Rayquaza|spa|2\n|-damage|p1a: Rayquaza|229\/351|[from] item: Life Orb\n|move|p2a: Ho-Oh|Brave Bird|p1a: Rayquaza\n|-damage|p1a: Rayquaza|22\/351\n|-damage|p2a: Ho-Oh|162\/415|[from] Recoil\n|\n|upkeep\n|turn|28\n|\n|t:|1663616864\n|move|p1a: Rayquaza|Dragon Ascent|p2a: Ho-Oh\n|-damage|p2a: Ho-Oh|0 fnt\n|-unboost|p1a: Rayquaza|def|1\n|-unboost|p1a: Rayquaza|spd|1\n|faint|p2a: Ho-Oh\n|-damage|p1a: Rayquaza|0 fnt|[from] item: Life Orb\n|faint|p1a: Rayquaza\n|\n|upkeep\n|\n|t:|1663616869\n|switch|p1a: Eternatus|Eternatus|434\/462\n|switch|p2a: Darmanitan|Darmanitan-Galar, M|246\/351\n|-damage|p1a: Eternatus|377\/462|[from] Stealth Rock\n|-ability|p1a: Eternatus|Pressure\n|turn|29\n|\n|t:|1663616871\n|move|p2a: Darmanitan|Icicle Crash|p1a: Eternatus|[miss]\n|-miss|p2a: Darmanitan|p1a: Eternatus\n|move|p1a: Eternatus|Mystical Fire|p2a: Darmanitan\n|-supereffective|p2a: Darmanitan\n|-damage|p2a: Darmanitan|0 fnt\n|faint|p2a: Darmanitan\n|\n|win|Diegogri5\n|raw|Diegogri5's rating: 1135 &rarr; <strong>1171<\/strong><br \/>(+36 for winning)\n|raw|BiteSizeEgg's rating: 1296 &rarr; <strong>1260<\/strong><br \/>(-36 for losing)\n|c|\u2606Diegogri5|gg\n|l|\u2606BiteSizeEgg\n||Ladder isn't responding, score probably updated but might not have (Request timeout).\n","uploadtime":1663616878,"views":2,"p1id":"diegogri5","p2id":"bitesizeegg","formatid":"gen8battlefactory","rating":1171,"private":0,"password":null}