{"id":"gen8nationaldexag-1683168826","p1":"ThisisKyle2","p2":"Elon Musk Rusk","format":"gen8nationaldexag","log":"|j|\u2606ThisisKyle2\n|j|\u2606Elon Musk Rusk\n|t:|1665503424\n|gametype|singles\n|player|p1|ThisisKyle2|266|\n|player|p2|Elon Musk Rusk|1|\n|teamsize|p1|6\n|teamsize|p2|6\n|gen|8\n|tier|[Gen 8] National Dex AG\n|rule|HP Percentage Mod: HP is shown in percentages\n|rule|Endless Battle Clause: Forcing endless battles is banned\n|clearpoke\n|poke|p1|Tapu Koko|\n|poke|p1|Landorus-Therian, M|\n|poke|p1|Scyther, F|\n|poke|p1|Magearna|\n|poke|p1|Hoopa-Unbound|\n|poke|p1|Carkol, M|\n|poke|p2|Metagross|\n|poke|p2|Shaymin|\n|poke|p2|Hydreigon, F|\n|poke|p2|Porygon2|\n|poke|p2|Tapu Fini|\n|poke|p2|Piloswine, F|\n|teampreview\n|c|\u2606ThisisKyle2|so hydreigon start hit  u-turn\n|\n|t:|1665503451\n|start\n|switch|p1a: Hoopa|Hoopa-Unbound|100\/100\n|switch|p2a: Hydreigon|Hydreigon, F|100\/100\n|turn|1\n|\n|t:|1665503456\n|move|p2a: Hydreigon|U-turn|p1a: Hoopa\n|-supereffective|p1a: Hoopa\n|-damage|p1a: Hoopa|8\/100\n|\n|t:|1665503461\n|switch|p2a: Tapu Fini|Tapu Fini|100\/100|[from]move: U-turn\n|-fieldstart|move: Misty Terrain|[from] ability: Misty Surge|[of] p2a: Tapu Fini\n|move|p1a: Hoopa|Knock Off|p2a: Tapu Fini\n|-resisted|p2a: Tapu Fini\n|-damage|p2a: Tapu Fini|80\/100\n|-enditem|p2a: Tapu Fini|Leftovers|[from] move: Knock Off|[of] p1a: Hoopa\n|\n|upkeep\n|turn|2\n|c|\u2606ThisisKyle2|nature madness\n|c|\u2606Elon Musk Rusk|madness?\n|\n|t:|1665503473\n|switch|p1a: Magearna|Magearna|100\/100\n|move|p2a: Tapu Fini|Nature's Madness|p1a: Magearna\n|-damage|p1a: Magearna|50\/100\n|\n|upkeep\n|turn|3\n|c|\u2606ThisisKyle2|switch to pilo\n|\n|t:|1665503490\n|switch|p2a: Piloswine|Piloswine, F|100\/100\n|move|p1a: Magearna|Volt Switch|p2a: Piloswine\n|-immune|p2a: Piloswine\n|\n|upkeep\n|turn|4\n|c|\u2606ThisisKyle2|switch to meta\n|\n|t:|1665503501\n|switch|p1a: Landorus|Landorus-Therian, M|100\/100\n|-ability|p1a: Landorus|Intimidate|boost\n|-unboost|p2a: Piloswine|atk|1\n|switch|p2a: Metagross|Metagross|100\/100\n|\n|upkeep\n|turn|5\n|c|\u2606ThisisKyle2|ice punch\n|\n|t:|1665503515\n|detailschange|p2a: Metagross|Metagross-Mega\n|-mega|p2a: Metagross|Metagross|Metagrossite\n|move|p1a: Landorus|Earthquake|p2a: Metagross\n|-supereffective|p2a: Metagross\n|-damage|p2a: Metagross|19\/100\n|move|p2a: Metagross|Ice Punch|p1a: Landorus\n|-supereffective|p1a: Landorus\n|-damage|p1a: Landorus|0 fnt\n|faint|p1a: Landorus\n|\n|-fieldend|Misty Terrain\n|upkeep\n|\n|t:|1665503525\n|switch|p1a: Scyther|Scyther, F|100\/100\n|turn|6\n|c|\u2606ThisisKyle2|switch to pilo\n|\n|t:|1665503535\n|switch|p2a: Piloswine|Piloswine, F|100\/100\n|move|p1a: Scyther|U-turn|p2a: Piloswine\n|-damage|p2a: Piloswine|77\/100\n|\n|t:|1665503539\n|switch|p1a: Carkol|Carkol, M|100\/100|[from]move: U-turn\n|\n|upkeep\n|turn|7\n|c|\u2606ThisisKyle2|hit eq\n|\n|t:|1665503555\n|move|p1a: Carkol|Will-O-Wisp|p2a: Piloswine\n|-status|p2a: Piloswine|brn\n|move|p2a: Piloswine|Earthquake|p1a: Carkol\n|-supereffective|p1a: Carkol\n|-damage|p1a: Carkol|69\/100\n|\n|-damage|p2a: Piloswine|71\/100 brn|[from] brn\n|upkeep\n|turn|8\n|c|\u2606ThisisKyle2|stealth rocks\n|\n|t:|1665503565\n|move|p1a: Carkol|Stealth Rock|p2a: Piloswine\n|-sidestart|p2: Elon Musk Rusk|move: Stealth Rock\n|move|p2a: Piloswine|Stealth Rock|p1a: Carkol\n|-sidestart|p1: ThisisKyle2|move: Stealth Rock\n|\n|-damage|p2a: Piloswine|65\/100 brn|[from] brn\n|upkeep\n|turn|9\n|c|\u2606ThisisKyle2|eq\n|\n|t:|1665503573\n|move|p1a: Carkol|Spikes|p2a: Piloswine\n|-sidestart|p2: Elon Musk Rusk|Spikes\n|move|p2a: Piloswine|Earthquake|p1a: Carkol\n|-supereffective|p1a: Carkol\n|-damage|p1a: Carkol|34\/100\n|\n|-damage|p2a: Piloswine|59\/100 brn|[from] brn\n|upkeep\n|turn|10\n|c|\u2606ThisisKyle2|switch to fini\n|\n|t:|1665503589\n|switch|p2a: Tapu Fini|Tapu Fini|80\/100\n|-damage|p2a: Tapu Fini|67\/100|[from] Stealth Rock\n|-damage|p2a: Tapu Fini|55\/100|[from] Spikes\n|-fieldstart|move: Misty Terrain|[from] ability: Misty Surge|[of] p2a: Tapu Fini\n|move|p1a: Carkol|Flamethrower|p2a: Tapu Fini\n|-resisted|p2a: Tapu Fini\n|-damage|p2a: Tapu Fini|46\/100\n|\n|upkeep\n|turn|11\n|c|\u2606ThisisKyle2|defog\n|\n|t:|1665503602\n|switch|p1a: Tapu Koko|Tapu Koko|100\/100\n|-damage|p1a: Tapu Koko|88\/100|[from] Stealth Rock\n|-fieldstart|move: Electric Terrain|[from] ability: Electric Surge|[of] p1a: Tapu Koko\n|move|p2a: Tapu Fini|Defog|p1a: Tapu Koko\n|-unboost|p1a: Tapu Koko|evasion|1\n|-sideend|p1: ThisisKyle2|Stealth Rock|[from] move: Defog|[of] p2a: Tapu Fini\n|-sideend|p2: Elon Musk Rusk|Spikes|[from] move: Defog|[of] p2a: Tapu Fini\n|-sideend|p2: Elon Musk Rusk|Stealth Rock|[from] move: Defog|[of] p2a: Tapu Fini\n|-fieldend|move: Electric Terrain\n|\n|upkeep\n|turn|12\n|c|\u2606ThisisKyle2|alright now we're good\n|\n|t:|1665503615\n|switch|p2a: Shaymin|Shaymin|100\/100\n|move|p1a: Tapu Koko|U-turn|p2a: Shaymin\n|-supereffective|p2a: Shaymin\n|-damage|p2a: Shaymin|72\/100\n|\n|t:|1665503623\n|switch|p1a: Scyther|Scyther, F|100\/100|[from]move: U-turn\n|\n|-heal|p2a: Shaymin|78\/100|[from] item: Leftovers\n|upkeep\n|turn|13\n|\n|t:|1665503637\n|switch|p2a: Piloswine|Piloswine, F|59\/100 brn\n|move|p1a: Scyther|Dual Wingbeat|p2a: Piloswine\n|-damage|p2a: Piloswine|39\/100 brn\n|-damage|p2a: Piloswine|22\/100 brn\n|-hitcount|p2a: Piloswine|2\n|\n|-damage|p2a: Piloswine|16\/100 brn|[from] brn\n|upkeep\n|turn|14\n|\n|t:|1665503644\n|move|p2a: Piloswine|Ice Shard|p1a: Scyther\n|-supereffective|p1a: Scyther\n|-damage|p1a: Scyther|80\/100\n|move|p1a: Scyther|Dual Wingbeat|p2a: Piloswine\n|-damage|p2a: Piloswine|0 fnt\n|faint|p2a: Piloswine\n|-hitcount|p2: Piloswine|1\n|\n|upkeep\n|\n|t:|1665503654\n|switch|p2a: Porygon2|Porygon2|100\/100\n|-ability|p2a: Porygon2|Technician|[from] ability: Trace|[of] p1a: Scyther\n|turn|15\n|\n|t:|1665503664\n|switch|p1a: Magearna|Magearna|50\/100\n|move|p2a: Porygon2|Teleport|p2a: Porygon2\n|\n|t:|1665503668\n|switch|p2a: Metagross|Metagross-Mega|19\/100|[from]move: Teleport\n|\n|upkeep\n|turn|16\n|\n|t:|1665503698\n|switch|p1a: Carkol|Carkol, M|34\/100\n|move|p2a: Metagross|Earthquake|p1a: Carkol\n|-supereffective|p1a: Carkol\n|-damage|p1a: Carkol|0 fnt\n|faint|p1a: Carkol\n|\n|upkeep\n|\n|t:|1665503703\n|switch|p1a: Tapu Koko|Tapu Koko|88\/100\n|-fieldstart|move: Electric Terrain|[from] ability: Electric Surge|[of] p1a: Tapu Koko\n|turn|17\n|\n|t:|1665503717\n|switch|p2a: Shaymin|Shaymin|78\/100\n|move|p1a: Tapu Koko|Thunderbolt|p2a: Shaymin\n|-resisted|p2a: Shaymin\n|-damage|p2a: Shaymin|54\/100\n|\n|-heal|p2a: Shaymin|60\/100|[from] item: Leftovers\n|upkeep\n|turn|18\n|\n|t:|1665503726\n|move|p1a: Tapu Koko|U-turn|p2a: Shaymin\n|-supereffective|p2a: Shaymin\n|-damage|p2a: Shaymin|32\/100\n|\n|t:|1665503732\n|switch|p1a: Scyther|Scyther, F|80\/100|[from]move: U-turn\n|move|p2a: Shaymin|Seed Flare|p1a: Scyther\n|-resisted|p1a: Scyther\n|-damage|p1a: Scyther|64\/100\n|-unboost|p1a: Scyther|spd|2\n|\n|-heal|p2a: Shaymin|38\/100|[from] item: Leftovers\n|upkeep\n|turn|19\n|\n|t:|1665503742\n|move|p1a: Scyther|U-turn|p2a: Shaymin\n|-supereffective|p2a: Shaymin\n|-damage|p2a: Shaymin|0 fnt\n|faint|p2a: Shaymin\n|\n|t:|1665503753\n|switch|p1a: Tapu Koko|Tapu Koko|88\/100|[from]move: U-turn\n|\n|upkeep\n|\n|t:|1665503764\n|switch|p2a: Hydreigon|Hydreigon, F|100\/100\n|turn|20\n|\n|t:|1665503768\n|switch|p1a: Magearna|Magearna|50\/100\n|move|p2a: Hydreigon|Earth Power|p1a: Magearna\n|-supereffective|p1a: Magearna\n|-damage|p1a: Magearna|15\/100\n|\n|upkeep\n|turn|21\n|\n|t:|1665503784\n|switch|p2a: Porygon2|Porygon2|100\/100\n|-ability|p2a: Porygon2|Soul-Heart|[from] ability: Trace|[of] p1a: Magearna\n|switch|p1a: Scyther|Scyther, F|64\/100\n|\n|-fieldend|move: Electric Terrain\n|upkeep\n|turn|22\n|\n|t:|1665503789\n|move|p1a: Scyther|Knock Off|p2a: Porygon2\n|-damage|p2a: Porygon2|87\/100\n|-enditem|p2a: Porygon2|Eviolite|[from] move: Knock Off|[of] p1a: Scyther\n|move|p2a: Porygon2|Discharge|p1a: Scyther\n|-supereffective|p1a: Scyther\n|-damage|p1a: Scyther|15\/100\n|-status|p1a: Scyther|par\n|\n|upkeep\n|turn|23\n|\n|t:|1665503800\n|switch|p2a: Tapu Fini|Tapu Fini|46\/100\n|-fieldstart|move: Misty Terrain|[from] ability: Misty Surge|[of] p2a: Tapu Fini\n|move|p1a: Scyther|Knock Off|p2a: Tapu Fini\n|-resisted|p2a: Tapu Fini\n|-damage|p2a: Tapu Fini|40\/100\n|\n|upkeep\n|turn|24\n|\n|t:|1665503807\n|switch|p1a: Magearna|Magearna|15\/100\n|move|p2a: Tapu Fini|Moonblast|p1a: Magearna\n|-resisted|p1a: Magearna\n|-damage|p1a: Magearna|7\/100\n|\n|upkeep\n|turn|25\n|\n|t:|1665503814\n|move|p2a: Tapu Fini|Scald|p1a: Magearna\n|-damage|p1a: Magearna|0 fnt\n|faint|p1a: Magearna\n|\n|upkeep\n|\n|t:|1665503817\n|switch|p1a: Tapu Koko|Tapu Koko|88\/100\n|-fieldstart|move: Electric Terrain|[from] ability: Electric Surge|[of] p1a: Tapu Koko\n|turn|26\n|\n|t:|1665503824\n|move|p1a: Tapu Koko|Thunderbolt|p2a: Tapu Fini\n|-supereffective|p2a: Tapu Fini\n|-damage|p2a: Tapu Fini|0 fnt\n|faint|p2a: Tapu Fini\n|\n|upkeep\n|\n|t:|1665503831\n|switch|p2a: Porygon2|Porygon2|87\/100\n|-ability|p2a: Porygon2|Electric Surge|[from] ability: Trace|[of] p1a: Tapu Koko\n|turn|27\n|\n|t:|1665503843\n|move|p1a: Tapu Koko|Toxic|p2a: Porygon2\n|-status|p2a: Porygon2|tox\n|move|p2a: Porygon2|Tri Attack|p1a: Tapu Koko\n|-damage|p1a: Tapu Koko|48\/100\n|\n|-damage|p2a: Porygon2|81\/100 tox|[from] psn\n|upkeep\n|turn|28\n|\n|t:|1665503862\n|move|p1a: Tapu Koko|U-turn|p2a: Porygon2\n|-crit|p2a: Porygon2\n|-damage|p2a: Porygon2|65\/100 tox\n|\n|t:|1665503866\n|switch|p1a: Hoopa|Hoopa-Unbound|8\/100|[from]move: U-turn\n|move|p2a: Porygon2|Tri Attack|p1a: Hoopa\n|-damage|p1a: Hoopa|0 fnt\n|faint|p1a: Hoopa\n|\n|-damage|p2a: Porygon2|52\/100 tox|[from] psn\n|upkeep\n|\n|t:|1665503881\n|switch|p1a: Tapu Koko|Tapu Koko|48\/100\n|turn|29\n|\n|t:|1665503884\n|move|p1a: Tapu Koko|Thunderbolt|p2a: Porygon2\n|-damage|p2a: Porygon2|0 fnt\n|faint|p2a: Porygon2\n|\n|upkeep\n|\n|t:|1665503887\n|switch|p2a: Metagross|Metagross-Mega|19\/100\n|turn|30\n|\n|t:|1665503896\n|move|p2a: Metagross|Bullet Punch|p1a: Tapu Koko\n|-crit|p1a: Tapu Koko\n|-damage|p1a: Tapu Koko|0 fnt\n|faint|p1a: Tapu Koko\n|\n|-fieldend|move: Electric Terrain\n|upkeep\n|c|\u2606Elon Musk Rusk|Man sorry\n|c|\u2606ThisisKyle2|well thats gg\n|\n|t:|1665503907\n|switch|p1a: Scyther|Scyther, F|15\/100 par\n|turn|31\n|c|\u2606Elon Musk Rusk|But idk If I just went to scarf hydra and clicked flame\n|\n|t:|1665503918\n|move|p2a: Metagross|Bullet Punch|p1a: Scyther\n|-damage|p1a: Scyther|0 fnt\n|faint|p1a: Scyther\n|\n|win|Elon Musk Rusk\n|c|\u2606ThisisKyle2|you can grab replay\n|c|\u2606Elon Musk Rusk|alright\n","uploadtime":1665503931,"views":22,"p1id":"thisiskyle2","p2id":"elonmuskrusk","formatid":"gen8nationaldexag","rating":0,"private":0,"password":null}