{"id":"gen8nationaldexag-1072242836","p1":"yhdrslb","p2":"wHoAt","format":"gen8nationaldexag","log":"|j|\u2606yhdrslb\n|j|\u2606wHoAt\n|player|p1|yhdrslb|30|1424\n|player|p2|wHoAt|depotagent|1311\n|teamsize|p1|6\n|teamsize|p2|6\n|gametype|singles\n|gen|8\n|tier|[Gen 8] National Dex AG\n|rated|\n|clearpoke\n|poke|p1|Espeon, F|\n|poke|p1|Whimsicott, F|\n|poke|p1|Lugia|\n|poke|p1|Smeargle, M|\n|poke|p1|Rayquaza|\n|poke|p1|Giratina|\n|poke|p2|Charizard, M|\n|poke|p2|Kyurem-Black|\n|poke|p2|Noivern, M|\n|poke|p2|Haxorus, M|\n|poke|p2|Aggron, F|\n|poke|p2|Groudon|\n|rule|HP Percentage Mod: HP is shown in percentages\n|rule|Endless Battle Clause: Forcing endless battles is banned\n|teampreview\n|\n|start\n|switch|p1a: Smeargle|Smeargle, M|100\/100\n|switch|p2a: Kyurem|Kyurem-Black|100\/100\n|-ability|p2a: Kyurem|Teravolt\n|turn|1\n|\n|switch|p1a: Giratina|Giratina|100\/100\n|-ability|p1a: Giratina|Pressure\n|move|p2a: Kyurem|Icicle Spear|p1a: Giratina\n|-supereffective|p1a: Giratina\n|-damage|p1a: Giratina|83\/100\n|-supereffective|p1a: Giratina\n|-damage|p1a: Giratina|63\/100\n|-supereffective|p1a: Giratina\n|-damage|p1a: Giratina|45\/100\n|-hitcount|p1a: Giratina|3\n|\n|-heal|p1a: Giratina|51\/100|[from] item: Leftovers\n|upkeep\n|turn|2\n|inactive|Battle timer is ON: inactive players will automatically lose when time's up. (requested by yhdrslb)\n|\n|-start|p1a: Giratina|Dynamax\n|-heal|p1a: Giratina|51\/100|[silent]\n|move|p2a: Kyurem|Icicle Spear|p1a: Giratina\n|-supereffective|p1a: Giratina\n|-damage|p1a: Giratina|42\/100\n|-supereffective|p1a: Giratina\n|-damage|p1a: Giratina|33\/100\n|-supereffective|p1a: Giratina\n|-damage|p1a: Giratina|22\/100\n|-hitcount|p1a: Giratina|3\n|move|p1a: Giratina|Max Wyrmwind|p2a: Kyurem\n|-supereffective|p2a: Kyurem\n|-crit|p2a: Kyurem\n|-damage|p2a: Kyurem|16\/100\n|-unboost|p2a: Kyurem|atk|1\n|\n|-heal|p1a: Giratina|25\/100|[from] item: Leftovers\n|upkeep\n|turn|3\n|j| dasort\n|\n|switch|p2a: Aggron|Aggron, F|100\/100\n|move|p1a: Giratina|Max Wyrmwind|p2a: Aggron\n|-resisted|p2a: Aggron\n|-damage|p2a: Aggron|88\/100\n|-unboost|p2a: Aggron|atk|1\n|\n|-heal|p1a: Giratina|28\/100|[from] item: Leftovers\n|upkeep\n|turn|4\n|\n|move|p1a: Giratina|Max Wyrmwind|p2a: Aggron\n|-resisted|p2a: Aggron\n|-damage|p2a: Aggron|75\/100\n|-unboost|p2a: Aggron|atk|1\n|move|p2a: Aggron|Autotomize|p2a: Aggron\n|-boost|p2a: Aggron|spe|2\n|-start|p2a: Aggron|Autotomize\n|\n|-heal|p1a: Giratina|31\/100|[from] item: Leftovers\n|-end|p1a: Giratina|Dynamax\n|-heal|p1a: Giratina|31\/100|[silent]\n|upkeep\n|turn|5\n|\n|move|p2a: Aggron|Head Smash|p1a: Giratina\n|-damage|p1a: Giratina|13\/100\n|move|p1a: Giratina|Will-O-Wisp|p2a: Aggron\n|-status|p2a: Aggron|brn\n|\n|-heal|p1a: Giratina|19\/100|[from] item: Leftovers\n|-damage|p2a: Aggron|69\/100 brn|[from] brn\n|upkeep\n|turn|6\n|\n|move|p2a: Aggron|Head Smash|p1a: Giratina\n|-damage|p1a: Giratina|10\/100\n|move|p1a: Giratina|Rest|p1a: Giratina\n|-status|p1a: Giratina|slp|[from] move: Rest\n|-heal|p1a: Giratina|100\/100 slp|[silent]\n|\n|-damage|p2a: Aggron|63\/100 brn|[from] brn\n|upkeep\n|turn|7\n|\n|switch|p2a: Kyurem|Kyurem-Black|16\/100\n|-ability|p2a: Kyurem|Teravolt\n|switch|p1a: Whimsicott|Whimsicott, F|100\/100\n|\n|upkeep\n|turn|8\n|\n|switch|p2a: Groudon|Groudon, shiny|100\/100\n|detailschange|p2a: Groudon|Groudon-Primal, shiny\n|-primal|p2a: Groudon\n|-weather|DesolateLand|[from] ability: Desolate Land|[of] p2a: Groudon\n|switch|p1a: Giratina|Giratina|100\/100 slp\n|-ability|p1a: Giratina|Pressure\n|\n|-weather|DesolateLand|[upkeep]\n|upkeep\n|turn|9\n|\n|switch|p1a: Lugia|Lugia|100\/100\n|move|p2a: Groudon|Dragon Claw|p1a: Lugia\n|-damage|p1a: Lugia|92\/100\n|\n|-weather|DesolateLand|[upkeep]\n|-heal|p1a: Lugia|98\/100|[from] item: Leftovers\n|upkeep\n|turn|10\n|\n|move|p1a: Lugia|Toxic|p2a: Groudon\n|-status|p2a: Groudon|tox\n|move|p2a: Groudon|Fire Punch|p1a: Lugia\n|-damage|p1a: Lugia|64\/100\n|\n|-weather|DesolateLand|[upkeep]\n|-heal|p1a: Lugia|70\/100|[from] item: Leftovers\n|-damage|p2a: Groudon|94\/100 tox|[from] psn\n|upkeep\n|turn|11\n|\n|move|p1a: Lugia|Substitute|p1a: Lugia\n|-start|p1a: Lugia|Substitute\n|-damage|p1a: Lugia|45\/100\n|move|p2a: Groudon|Fire Punch|p1a: Lugia\n|-end|p1a: Lugia|Substitute\n|\n|-weather|DesolateLand|[upkeep]\n|-heal|p1a: Lugia|51\/100|[from] item: Leftovers\n|-damage|p2a: Groudon|82\/100 tox|[from] psn\n|upkeep\n|turn|12\n|\n|move|p1a: Lugia|Roost|p1a: Lugia\n|-heal|p1a: Lugia|100\/100\n|-singleturn|p1a: Lugia|move: Roost\n|move|p2a: Groudon|Fire Punch|p1a: Lugia\n|-damage|p1a: Lugia|81\/100\n|\n|-weather|DesolateLand|[upkeep]\n|-heal|p1a: Lugia|87\/100|[from] item: Leftovers\n|-damage|p2a: Groudon|63\/100 tox|[from] psn\n|upkeep\n|turn|13\n|\n|move|p1a: Lugia|Substitute|p1a: Lugia\n|-start|p1a: Lugia|Substitute\n|-damage|p1a: Lugia|62\/100\n|move|p2a: Groudon|Thunder Wave||[still]\n|-fail|p2a: Groudon\n|\n|-weather|DesolateLand|[upkeep]\n|-heal|p1a: Lugia|68\/100|[from] item: Leftovers\n|-damage|p2a: Groudon|39\/100 tox|[from] psn\n|upkeep\n|turn|14\n|\n|move|p1a: Lugia|Roost|p1a: Lugia\n|-heal|p1a: Lugia|100\/100\n|-singleturn|p1a: Lugia|move: Roost\n|move|p2a: Groudon|Fire Punch|p1a: Lugia\n|-activate|p1a: Lugia|move: Substitute|[damage]\n|\n|-weather|DesolateLand|[upkeep]\n|-damage|p2a: Groudon|8\/100 tox|[from] psn\n|upkeep\n|turn|15\n|\n|move|p1a: Lugia|Toxic|p2a: Groudon\n|-fail|p2a: Groudon|tox\n|move|p2a: Groudon|Fire Punch|p1a: Lugia\n|-end|p1a: Lugia|Substitute\n|\n|-weather|DesolateLand|[upkeep]\n|-damage|p2a: Groudon|0 fnt|[from] psn\n|faint|p2a: Groudon\n|-weather|none\n|upkeep\n|\n|switch|p2a: Kyurem|Kyurem-Black|16\/100\n|-ability|p2a: Kyurem|Teravolt\n|turn|16\n|\n|move|p2a: Kyurem|Icicle Spear|p1a: Lugia\n|-supereffective|p1a: Lugia\n|-damage|p1a: Lugia|82\/100\n|-supereffective|p1a: Lugia\n|-damage|p1a: Lugia|60\/100\n|-hitcount|p1a: Lugia|2\n|move|p1a: Lugia|Toxic|p2a: Kyurem\n|-status|p2a: Kyurem|tox\n|\n|-heal|p1a: Lugia|66\/100|[from] item: Leftovers\n|-damage|p2a: Kyurem|10\/100 tox|[from] psn\n|upkeep\n|turn|17\n|\n|move|p2a: Kyurem|Icicle Spear|p1a: Lugia\n|-supereffective|p1a: Lugia\n|-damage|p1a: Lugia|45\/100\n|-supereffective|p1a: Lugia\n|-damage|p1a: Lugia|26\/100\n|-supereffective|p1a: Lugia\n|-damage|p1a: Lugia|4\/100\n|-supereffective|p1a: Lugia\n|-damage|p1a: Lugia|0 fnt\n|-hitcount|p1a: Lugia|4\n|faint|p1a: Lugia\n|\n|-damage|p2a: Kyurem|0 fnt|[from] psn\n|faint|p2a: Kyurem\n|upkeep\n|\n|switch|p2a: Noivern|Noivern, M|100\/100\n|switch|p1a: Smeargle|Smeargle, M|100\/100\n|turn|18\n|\n|move|p2a: Noivern|Flamethrower|p1a: Smeargle\n|-damage|p1a: Smeargle|31\/100\n|-damage|p2a: Noivern|91\/100|[from] item: Life Orb\n|move|p1a: Smeargle|Nuzzle|p2a: Noivern\n|-damage|p2a: Noivern|88\/100\n|-status|p2a: Noivern|par\n|\n|-ability|p1a: Smeargle|Moody|boost\n|-boost|p1a: Smeargle|atk|2\n|-unboost|p1a: Smeargle|spa|1\n|upkeep\n|turn|19\n|\n|move|p1a: Smeargle|Stealth Rock|p2a: Noivern\n|-sidestart|p2: wHoAt|move: Stealth Rock\n|move|p2a: Noivern|Draco Meteor|p1a: Smeargle\n|-damage|p1a: Smeargle|0 fnt\n|-unboost|p2a: Noivern|spa|2\n|-damage|p2a: Noivern|78\/100 par|[from] item: Life Orb\n|faint|p1a: Smeargle\n|\n|upkeep\n|\n|switch|p1a: Whimsicott|Whimsicott, F|100\/100\n|turn|20\n|\n|move|p1a: Whimsicott|Substitute|p1a: Whimsicott\n|-start|p1a: Whimsicott|Substitute\n|-damage|p1a: Whimsicott|76\/100\n|cant|p2a: Noivern|par\n|\n|upkeep\n|turn|21\n|\n|move|p1a: Whimsicott|Leech Seed|p2a: Noivern\n|-start|p2a: Noivern|move: Leech Seed\n|move|p2a: Noivern|Heat Wave|p1a: Whimsicott\n|-supereffective|p1a: Whimsicott\n|-damage|p1a: Whimsicott|31\/100\n|-damage|p2a: Noivern|68\/100 par|[from] item: Life Orb\n|\n|-damage|p2a: Noivern|56\/100 par|[from] Leech Seed|[of] p1a: Whimsicott\n|-heal|p1a: Whimsicott|43\/100|[silent]\n|upkeep\n|turn|22\n|\n|switch|p1a: Rayquaza|Rayquaza|100\/100\n|-ability|p1a: Rayquaza|Air Lock\n|move|p2a: Noivern|Hurricane|p1a: Rayquaza|[miss]\n|-miss|p2a: Noivern|p1a: Rayquaza\n|\n|-damage|p2a: Noivern|44\/100 par|[from] Leech Seed|[of] p1a: Rayquaza\n|upkeep\n|turn|23\n|\n|detailschange|p1a: Rayquaza|Rayquaza-Mega\n|-mega|p1a: Rayquaza|Rayquaza|\n|-weather|DeltaStream|[from] ability: Delta Stream|[of] p1a: Rayquaza\n|move|p1a: Rayquaza|Dragon Dance|p1a: Rayquaza\n|-boost|p1a: Rayquaza|atk|1\n|-boost|p1a: Rayquaza|spe|1\n|move|p2a: Noivern|Draco Meteor|p1a: Rayquaza\n|-supereffective|p1a: Rayquaza\n|-damage|p1a: Rayquaza|34\/100\n|-unboost|p2a: Noivern|spa|2\n|-damage|p2a: Noivern|34\/100 par|[from] item: Life Orb\n|\n|-weather|DeltaStream|[upkeep]\n|-damage|p2a: Noivern|22\/100 par|[from] Leech Seed|[of] p1a: Rayquaza\n|-heal|p1a: Rayquaza|45\/100|[silent]\n|upkeep\n|turn|24\n|\n|move|p1a: Rayquaza|Extreme Speed|p2a: Noivern\n|-crit|p2a: Noivern\n|-damage|p2a: Noivern|0 fnt\n|-damage|p1a: Rayquaza|35\/100|[from] item: Life Orb\n|faint|p2a: Noivern\n|\n|-weather|DeltaStream|[upkeep]\n|upkeep\n|\n|switch|p2a: Haxorus|Haxorus, M, shiny|100\/100\n|-damage|p2a: Haxorus|88\/100|[from] Stealth Rock\n|-ability|p2a: Haxorus|Mold Breaker\n|turn|25\n|\n|-start|p2a: Haxorus|Dynamax\n|-heal|p2a: Haxorus|88\/100|[silent]\n|move|p1a: Rayquaza|Earthquake|p2a: Haxorus\n|-damage|p2a: Haxorus|26\/100\n|-damage|p1a: Rayquaza|25\/100|[from] item: Life Orb\n|move|p2a: Haxorus|Max Wyrmwind|p1a: Rayquaza\n|-supereffective|p1a: Rayquaza\n|-damage|p1a: Rayquaza|0 fnt\n|faint|p1a: Rayquaza\n|-weather|none\n|\n|upkeep\n|\n|switch|p1a: Giratina|Giratina|100\/100 slp\n|-ability|p1a: Giratina|Pressure\n|turn|26\n|\n|switch|p1a: Whimsicott|Whimsicott, F|43\/100\n|move|p2a: Haxorus|Max Wyrmwind|p1a: Whimsicott\n|-immune|p1a: Whimsicott\n|\n|upkeep\n|turn|27\n|\n|switch|p1a: Giratina|Giratina|100\/100 slp\n|-ability|p1a: Giratina|Pressure\n|move|p2a: Haxorus|Max Ooze|p1a: Giratina\n|-resisted|p1a: Giratina\n|-damage|p1a: Giratina|91\/100 slp\n|-boost|p2a: Haxorus|spa|1\n|\n|-heal|p1a: Giratina|97\/100 slp|[from] item: Leftovers\n|-end|p2a: Haxorus|Dynamax\n|-heal|p2a: Haxorus|26\/100|[silent]\n|upkeep\n|turn|28\n|\n|move|p2a: Haxorus|Poison Jab|p1a: Giratina\n|-resisted|p1a: Giratina\n|-damage|p1a: Giratina|88\/100 slp\n|cant|p1a: Giratina|slp\n|move|p1a: Giratina|Sleep Talk|p1a: Giratina\n|move|p1a: Giratina|Dragon Tail|p2a: Haxorus|[from]Sleep Talk\n|-supereffective|p2a: Haxorus\n|-damage|p2a: Haxorus|0 fnt\n|faint|p2a: Haxorus\n|\n|-heal|p1a: Giratina|94\/100 slp|[from] item: Leftovers\n|upkeep\n|\n|switch|p2a: Charizard|Charizard, M|100\/100\n|-damage|p2a: Charizard|51\/100|[from] Stealth Rock\n|turn|29\n|\n|move|p2a: Charizard|Roost|p2a: Charizard\n|-heal|p2a: Charizard|100\/100\n|-singleturn|p2a: Charizard|move: Roost\n|cant|p1a: Giratina|slp\n|move|p1a: Giratina|Sleep Talk|p1a: Giratina\n|move|p1a: Giratina|Rest|p1a: Giratina|[from]Sleep Talk\n|-fail|p1a: Giratina\n|\n|-heal|p1a: Giratina|99\/100 slp|[from] item: Leftovers\n|upkeep\n|turn|30\n|\n|switch|p1a: Espeon|Espeon, F|100\/100\n|move|p2a: Charizard|Dragon Claw|p1a: Espeon\n|-damage|p1a: Espeon|67\/100\n|\n|upkeep\n|turn|31\n|\n|move|p1a: Espeon|Trick||[still]\n|-fail|p1a: Espeon\n|move|p2a: Charizard|Dragon Dance|p2a: Charizard\n|-boost|p2a: Charizard|atk|1\n|-boost|p2a: Charizard|spe|1\n|\n|upkeep\n|turn|32\n|\n|switch|p1a: Whimsicott|Whimsicott, F|43\/100\n|detailschange|p2a: Charizard|Charizard-Mega-X, M\n|-mega|p2a: Charizard|Charizard|Charizardite X\n|move|p2a: Charizard|Dragon Claw|p1a: Whimsicott\n|-immune|p1a: Whimsicott\n|\n|upkeep\n|turn|33\n|\n|move|p1a: Whimsicott|Leech Seed|p2a: Charizard\n|-start|p2a: Charizard|move: Leech Seed\n|move|p2a: Charizard|Dragon Claw|p1a: Whimsicott\n|-immune|p1a: Whimsicott\n|\n|-damage|p2a: Charizard|88\/100|[from] Leech Seed|[of] p1a: Whimsicott\n|-heal|p1a: Whimsicott|54\/100|[silent]\n|upkeep\n|turn|34\n|\n|move|p1a: Whimsicott|Substitute|p1a: Whimsicott\n|-start|p1a: Whimsicott|Substitute\n|-damage|p1a: Whimsicott|29\/100\n|move|p2a: Charizard|Flare Blitz|p1a: Whimsicott\n|-supereffective|p1a: Whimsicott\n|-end|p1a: Whimsicott|Substitute\n|-damage|p2a: Charizard|79\/100|[from] Recoil|[of] p1a: Whimsicott\n|\n|-damage|p2a: Charizard|67\/100|[from] Leech Seed|[of] p1a: Whimsicott\n|-heal|p1a: Whimsicott|41\/100|[silent]\n|upkeep\n|turn|35\n|\n|switch|p1a: Giratina|Giratina|99\/100 slp\n|-ability|p1a: Giratina|Pressure\n|move|p2a: Charizard|Dragon Claw|p1a: Giratina\n|-supereffective|p1a: Giratina\n|-damage|p1a: Giratina|23\/100 slp\n|\n|-heal|p1a: Giratina|29\/100 slp|[from] item: Leftovers\n|-damage|p2a: Charizard|54\/100|[from] Leech Seed|[of] p1a: Giratina\n|-heal|p1a: Giratina|36\/100 slp|[silent]\n|upkeep\n|turn|36\n|\n|switch|p1a: Whimsicott|Whimsicott, F|41\/100\n|move|p2a: Charizard|Flare Blitz|p1a: Whimsicott\n|-supereffective|p1a: Whimsicott\n|-crit|p1a: Whimsicott\n|-damage|p1a: Whimsicott|0 fnt\n|-damage|p2a: Charizard|40\/100|[from] Recoil\n|faint|p1a: Whimsicott\n|\n|upkeep\n|\n|switch|p1a: Espeon|Espeon, F|67\/100\n|turn|37\n|\n|move|p1a: Espeon|Reflect|p1a: Espeon\n|-sidestart|p1: yhdrslb|Reflect\n|move|p2a: Charizard|Dragon Claw|p1a: Espeon\n|-damage|p1a: Espeon|9\/100\n|\n|-damage|p2a: Charizard|27\/100|[from] Leech Seed|[of] p1a: Espeon\n|-heal|p1a: Espeon|21\/100|[silent]\n|upkeep\n|turn|38\n|\n|move|p1a: Espeon|Reflect||[still]\n|-fail|p1a: Espeon\n|move|p2a: Charizard|Dragon Claw|p1a: Espeon\n|-damage|p1a: Espeon|0 fnt\n|faint|p1a: Espeon\n|\n|upkeep\n|\n|switch|p1a: Giratina|Giratina|36\/100 slp\n|-ability|p1a: Giratina|Pressure\n|turn|39\n|\n|move|p2a: Charizard|Dragon Claw|p1a: Giratina\n|-supereffective|p1a: Giratina\n|-damage|p1a: Giratina|0 fnt\n|faint|p1a: Giratina\n|\n|win|wHoAt\n|l|\u2606yhdrslb\n","uploadtime":1583162203,"views":3,"p1id":"yhdrslb","p2id":"whoat","formatid":"gen8nationaldexag","rating":0,"private":0,"password":null}