{"id":"gen8nationaldexuu-1618849432","p1":"SirFresh","p2":"testlab12","format":"gen8nationaldexuu","log":"|j|\u2606SirFresh\n|j|\u2606testlab12\n|t:|1658016331\n|gametype|singles\n|player|p1|SirFresh|palmer|\n|player|p2|testlab12|ghetsis|\n|teamsize|p1|6\n|teamsize|p2|6\n|gen|8\n|tier|[Gen 8] National Dex UU\n|rule|HP Percentage Mod: HP is shown in percentages\n|rule|Endless Battle Clause: Forcing endless battles is banned\n|rule|OHKO Clause: OHKO moves are banned\n|rule|Evasion Moves Clause: Evasion moves are banned\n|rule|Species Clause: Limit one of each Pok\u00e9mon\n|rule|Dynamax Clause: You cannot dynamax\n|rule|Sleep Clause Mod: Limit one foe put to sleep\n|clearpoke\n|poke|p1|Sceptile, M|\n|poke|p1|Milotic, F|\n|poke|p1|Doublade, M|\n|poke|p1|Gardevoir, F|\n|poke|p1|Claydol|\n|poke|p1|Luxray, M|\n|poke|p2|Primarina, F|\n|poke|p2|Golbat, F|\n|poke|p2|Vikavolt, M|\n|poke|p2|Steelix, F|\n|poke|p2|Typhlosion, M|\n|poke|p2|Archeops, F|\n|teampreview\n|c|\u2606testlab12|gl hf\n|c|\u2606SirFresh|Glhf\n|\n|t:|1658016379\n|start\n|switch|p1a: Groot|Sceptile, M|100\/100\n|switch|p2a: Vikavolt|Vikavolt, M|100\/100\n|turn|1\n|\n|t:|1658016397\n|detailschange|p1a: Groot|Sceptile-Mega, M\n|-mega|p1a: Groot|Sceptile|Sceptilite\n|move|p1a: Groot|Dragon Pulse|p2a: Vikavolt\n|-damage|p2a: Vikavolt|37\/100\n|move|p2a: Vikavolt|Bug Buzz|p1a: Groot\n|-supereffective|p1a: Groot\n|-damage|p1a: Groot|0 fnt\n|faint|p1a: Groot\n|\n|upkeep\n|\n|t:|1658016403\n|switch|p1a: Inception|Claydol|100\/100\n|turn|2\n|\n|t:|1658016409\n|move|p1a: Inception|Stealth Rock|p2a: Vikavolt\n|-sidestart|p2: testlab12|move: Stealth Rock\n|move|p2a: Vikavolt|Roost|p2a: Vikavolt\n|-heal|p2a: Vikavolt|87\/100\n|-singleturn|p2a: Vikavolt|move: Roost\n|\n|upkeep\n|turn|3\n|\n|t:|1658016413\n|move|p1a: Inception|Ancient Power|p2a: Vikavolt\n|-supereffective|p2a: Vikavolt\n|-damage|p2a: Vikavolt|61\/100\n|move|p2a: Vikavolt|Bug Buzz|p1a: Inception\n|-supereffective|p1a: Inception\n|-enditem|p1a: Inception|Tanga Berry|[eat]\n|-enditem|p1a: Inception|Tanga Berry|[weaken]\n|-damage|p1a: Inception|62\/100\n|\n|upkeep\n|turn|4\n|\n|t:|1658016418\n|move|p1a: Inception|Light Screen|p1a: Inception\n|-sidestart|p1: SirFresh|move: Light Screen\n|move|p2a: Vikavolt|Bug Buzz|p1a: Inception\n|-supereffective|p1a: Inception\n|-damage|p1a: Inception|22\/100\n|\n|upkeep\n|turn|5\n|\n|t:|1658016423\n|move|p1a: Inception|Stealth Rock||[still]\n|-fail|p1a: Inception\n|move|p2a: Vikavolt|Sticky Web|p1a: Inception\n|-sidestart|p1: SirFresh|move: Sticky Web\n|\n|upkeep\n|turn|6\n|\n|t:|1658016428\n|move|p1a: Inception|Rapid Spin|p2a: Vikavolt\n|-damage|p2a: Vikavolt|53\/100\n|-boost|p1a: Inception|spe|1\n|-sideend|p1: SirFresh|Sticky Web|[from] move: Rapid Spin|[of] p1a: Inception\n|move|p2a: Vikavolt|Roost|p2a: Vikavolt\n|-heal|p2a: Vikavolt|100\/100\n|-singleturn|p2a: Vikavolt|move: Roost\n|\n|upkeep\n|turn|7\n|\n|t:|1658016432\n|move|p1a: Inception|Ancient Power|p2a: Vikavolt\n|-supereffective|p2a: Vikavolt\n|-damage|p2a: Vikavolt|76\/100\n|move|p2a: Vikavolt|Bug Buzz|p1a: Inception\n|-supereffective|p1a: Inception\n|-damage|p1a: Inception|0 fnt\n|faint|p1a: Inception\n|\n|upkeep\n|\n|t:|1658016435\n|switch|p1a: Kakashi|Luxray, M|100\/100\n|turn|8\n|\n|t:|1658016441\n|move|p1a: Kakashi|Agility|p1a: Kakashi\n|-boost|p1a: Kakashi|spe|2\n|move|p2a: Vikavolt|Volt Switch|p1a: Kakashi\n|-resisted|p1a: Kakashi\n|-damage|p1a: Kakashi|85\/100\n|\n|t:|1658016454\n|switch|p2a: Steelix|Steelix, F|100\/100|[from]move: Volt Switch\n|-damage|p2a: Steelix|97\/100|[from] Stealth Rock\n|\n|-sideend|p1: SirFresh|move: Light Screen\n|-status|p1a: Kakashi|brn|[from] item: Flame Orb\n|upkeep\n|turn|9\n|\n|t:|1658016465\n|detailschange|p2a: Steelix|Steelix-Mega, F\n|-mega|p2a: Steelix|Steelix|Steelixite\n|move|p1a: Kakashi|Fire Fang|p2a: Steelix\n|-supereffective|p2a: Steelix\n|-damage|p2a: Steelix|66\/100\n|move|p2a: Steelix|Earthquake|p1a: Kakashi\n|-supereffective|p1a: Kakashi\n|-damage|p1a: Kakashi|0 fnt\n|faint|p1a: Kakashi\n|\n|upkeep\n|\n|t:|1658016472\n|switch|p1a: Emiya|Doublade, M|100\/100\n|turn|10\n|\n|t:|1658016482\n|move|p1a: Emiya|Swords Dance|p1a: Emiya\n|-boost|p1a: Emiya|atk|2\n|move|p2a: Steelix|Earthquake|p1a: Emiya\n|-supereffective|p1a: Emiya\n|-damage|p1a: Emiya|61\/100\n|\n|upkeep\n|turn|11\n|\n|t:|1658016523\n|move|p1a: Emiya|Sacred Sword|p2a: Steelix\n|-supereffective|p2a: Steelix\n|-damage|p2a: Steelix|9\/100\n|move|p2a: Steelix|Earthquake|p1a: Emiya\n|-supereffective|p1a: Emiya\n|-damage|p1a: Emiya|20\/100\n|\n|upkeep\n|turn|12\n|j| Koniu97\n|\n|t:|1658016534\n|move|p1a: Emiya|Sacred Sword|p2a: Steelix\n|-supereffective|p2a: Steelix\n|-crit|p2a: Steelix\n|-damage|p2a: Steelix|0 fnt\n|faint|p2a: Steelix\n|\n|upkeep\n|\n|t:|1658016546\n|switch|p2a: Primarina|Primarina, F|100\/100\n|-damage|p2a: Primarina|88\/100|[from] Stealth Rock\n|turn|13\n|\n|t:|1658016560\n|move|p1a: Emiya|Shadow Sneak|p2a: Primarina\n|-damage|p2a: Primarina|34\/100\n|move|p2a: Primarina|Moonblast|p1a: Emiya\n|-resisted|p1a: Emiya\n|-damage|p1a: Emiya|0 fnt\n|faint|p1a: Emiya\n|\n|upkeep\n|\n|t:|1658016564\n|switch|p1a: Zelda|Gardevoir, F|100\/100\n|-ability|p1a: Zelda|Torrent|[from] ability: Trace|[of] p2a: Primarina\n|turn|14\n|\n|t:|1658016575\n|switch|p2a: Golbat|Golbat, F|100\/100\n|-damage|p2a: Golbat|76\/100|[from] Stealth Rock\n|move|p1a: Zelda|Psychic|p2a: Golbat\n|-supereffective|p2a: Golbat\n|-damage|p2a: Golbat|4\/100\n|\n|upkeep\n|turn|15\n|\n|t:|1658016602\n|move|p1a: Zelda|Psychic|p2a: Golbat\n|-supereffective|p2a: Golbat\n|-damage|p2a: Golbat|0 fnt\n|faint|p2a: Golbat\n|\n|upkeep\n|\n|t:|1658016605\n|switch|p2a: Typhlosion|Typhlosion, M|100\/100\n|-damage|p2a: Typhlosion|76\/100|[from] Stealth Rock\n|turn|16\n|l| Koniu97\n|\n|t:|1658016614\n|switch|p1a: Katara|Milotic, F|100\/100\n|move|p2a: Typhlosion|Eruption|p1a: Katara\n|-resisted|p1a: Katara\n|-damage|p1a: Katara|80\/100\n|\n|-heal|p1a: Katara|86\/100|[from] item: Leftovers\n|upkeep\n|turn|17\n|\n|t:|1658016621\n|switch|p2a: Vikavolt|Vikavolt, M|76\/100\n|switch|p1a: Zelda|Gardevoir, F|100\/100\n|-ability|p1a: Zelda|Levitate|[from] ability: Trace|[of] p2a: Vikavolt\n|\n|upkeep\n|turn|18\n|\n|t:|1658016655\n|switch|p2a: Primarina|Primarina, F|34\/100\n|-damage|p2a: Primarina|22\/100|[from] Stealth Rock\n|move|p1a: Zelda|Psychic|p2a: Primarina\n|-damage|p2a: Primarina|0 fnt\n|faint|p2a: Primarina\n|\n|upkeep\n|\n|t:|1658016689\n|switch|p2a: Archeops|Archeops, F|100\/100\n|turn|19\n|\n|t:|1658016699\n|move|p2a: Archeops|U-turn|p1a: Zelda\n|-damage|p1a: Zelda|59\/100\n|\n|t:|1658016703\n|switch|p2a: Typhlosion|Typhlosion, M|76\/100|[from]move: U-turn\n|-damage|p2a: Typhlosion|51\/100|[from] Stealth Rock\n|move|p1a: Zelda|Psychic|p2a: Typhlosion\n|-damage|p2a: Typhlosion|0 fnt\n|faint|p2a: Typhlosion\n|\n|upkeep\n|\n|t:|1658016705\n|switch|p2a: Archeops|Archeops, F|100\/100\n|turn|20\n|\n|t:|1658016709\n|switch|p1a: Katara|Milotic, F|86\/100\n|move|p2a: Archeops|Earthquake|p1a: Katara\n|-damage|p1a: Katara|46\/100\n|\n|-heal|p1a: Katara|53\/100|[from] item: Leftovers\n|upkeep\n|turn|21\n|\n|t:|1658016735\n|move|p2a: Archeops|Stone Edge|p1a: Katara\n|-damage|p1a: Katara|0 fnt\n|faint|p1a: Katara\n|\n|upkeep\n|\n|t:|1658016741\n|switch|p1a: Zelda|Gardevoir, F|59\/100\n|-ability|p1a: Zelda|Defeatist|[from] ability: Trace|[of] p2a: Archeops\n|turn|22\n|c|\u2606testlab12|gg\n|\n|t:|1658016750\n|move|p2a: Archeops|Earthquake|p1a: Zelda\n|-damage|p1a: Zelda|0 fnt\n|faint|p1a: Zelda\n|\n|win|testlab12\n|c|\u2606SirFresh|Gg\n|l|\u2606SirFresh\n|l|\u2606testlab12\n|j| Rethanonapkmn\n|l| Rethanonapkmn\n|j|\u2606SirFresh\n|player|p1|SirFresh|palmer\n","uploadtime":1658016850,"views":23,"p1id":"sirfresh","p2id":"testlab12","formatid":"gen8nationaldexuu","rating":0,"private":0,"password":null}