{"id":"gen8bdspuu-1525287020","p1":"ItsAquaAndy","p2":"Anibunnysomoney","format":"gen8bdspuu","log":"|j|\u2606ItsAquaAndy\n|j|\u2606Anibunnysomoney\n|t:|1646640568\n|gametype|singles\n|player|p1|ItsAquaAndy|acetrainer-gen4dp|1093\n|player|p2|Anibunnysomoney|102|1125\n|teamsize|p1|6\n|teamsize|p2|6\n|gen|8\n|tier|[Gen 8 BDSP] UU\n|rated|\n|rule|Sleep Clause Mod: Limit one foe put to sleep\n|rule|Species Clause: Limit one of each Pok\u00e9mon\n|rule|OHKO Clause: OHKO moves are banned\n|rule|Evasion Moves Clause: Evasion moves are banned\n|rule|Endless Battle Clause: Forcing endless battles is banned\n|rule|HP Percentage Mod: HP is shown in percentages\n|clearpoke\n|poke|p1|Yanmega, F|\n|poke|p1|Snorlax, M|\n|poke|p1|Milotic, F|\n|poke|p1|Flygon, M|\n|poke|p1|Hitmontop, M|\n|poke|p1|Drapion, M|\n|poke|p2|Entei|\n|poke|p2|Suicune|\n|poke|p2|Raikou|\n|poke|p2|Mew|\n|poke|p2|Flygon, F|\n|poke|p2|Honchkrow, F|\n|teampreview\n|inactive|Battle timer is ON: inactive players will automatically lose when time's up. (requested by Anibunnysomoney)\n|\n|t:|1646640588\n|start\n|switch|p1a: Yanmega|Yanmega, F|100\/100\n|switch|p2a: Flygon|Flygon, F|100\/100\n|turn|1\n|\n|t:|1646640602\n|switch|p1a: Hitmontop|Hitmontop, M|100\/100\n|-ability|p1a: Hitmontop|Intimidate|boost\n|-unboost|p2a: Flygon|atk|1\n|move|p2a: Flygon|Dragon Dance|p2a: Flygon\n|-boost|p2a: Flygon|atk|1\n|-boost|p2a: Flygon|spe|1\n|\n|upkeep\n|turn|2\n|\n|t:|1646640620\n|switch|p1a: Milotic|Milotic, F|100\/100\n|move|p2a: Flygon|Dragon Claw|p1a: Milotic\n|-damage|p1a: Milotic|75\/100\n|\n|-status|p1a: Milotic|brn|[from] item: Flame Orb\n|upkeep\n|turn|3\n|\n|t:|1646640637\n|switch|p2a: Suicune|Suicune|100\/100\n|move|p1a: Milotic|Ice Beam|p2a: Suicune\n|-resisted|p2a: Suicune\n|-damage|p2a: Suicune|93\/100\n|\n|-damage|p1a: Milotic|69\/100 brn|[from] brn\n|upkeep\n|turn|4\n|inactive|ItsAquaAndy has 120 seconds left.\n|\n|t:|1646640670\n|switch|p1a: Drapion|Drapion, M|100\/100\n|move|p2a: Suicune|Reflect|p2a: Suicune\n|-sidestart|p2: Anibunnysomoney|Reflect\n|\n|upkeep\n|turn|5\n|inactive|ItsAquaAndy has 120 seconds left.\n|\n|t:|1646640693\n|move|p1a: Drapion|Knock Off|p2a: Suicune\n|-damage|p2a: Suicune|83\/100\n|-enditem|p2a: Suicune|Chesto Berry|[from] move: Knock Off|[of] p1a: Drapion\n|move|p2a: Suicune|Scald|p1a: Drapion\n|-damage|p1a: Drapion|70\/100\n|\n|-heal|p1a: Drapion|76\/100|[from] item: Black Sludge\n|upkeep\n|turn|6\n|\n|t:|1646640710\n|move|p1a: Drapion|Toxic Spikes|p2a: Suicune\n|-sidestart|p2: Anibunnysomoney|move: Toxic Spikes\n|move|p2a: Suicune|Roar|p1a: Drapion\n|drag|p1a: Flygon|Flygon, M|100\/100\n|\n|upkeep\n|turn|7\n|\n|t:|1646640737\n|move|p1a: Flygon|U-turn|p2a: Suicune\n|-damage|p2a: Suicune|76\/100\n|inactive|ItsAquaAndy has 90 seconds left.\n|\n|t:|1646640756\n|switch|p1a: Snorlax|Snorlax, M|100\/100|[from]move: U-turn\n|move|p2a: Suicune|Scald|p1a: Snorlax\n|-damage|p1a: Snorlax|89\/100\n|\n|-heal|p1a: Snorlax|95\/100|[from] item: Leftovers\n|upkeep\n|turn|8\n|inactive|ItsAquaAndy has 90 seconds left.\n|\n|t:|1646640772\n|move|p1a: Snorlax|Curse|p1a: Snorlax\n|-unboost|p1a: Snorlax|spe|1\n|-boost|p1a: Snorlax|atk|1\n|-boost|p1a: Snorlax|def|1\n|move|p2a: Suicune|Roar|p1a: Snorlax\n|drag|p1a: Flygon|Flygon, M|100\/100\n|\n|-sideend|p2: Anibunnysomoney|Reflect\n|upkeep\n|turn|9\n|inactive|ItsAquaAndy has 60 seconds left.\n|\n|t:|1646640803\n|move|p1a: Flygon|U-turn|p2a: Suicune\n|-damage|p2a: Suicune|62\/100\n|inactive|ItsAquaAndy has 60 seconds left.\n|\n|t:|1646640829\n|switch|p1a: Drapion|Drapion, M|76\/100|[from]move: U-turn\n|move|p2a: Suicune|Reflect|p2a: Suicune\n|-sidestart|p2: Anibunnysomoney|Reflect\n|\n|-heal|p1a: Drapion|82\/100|[from] item: Black Sludge\n|upkeep\n|turn|10\n|\n|t:|1646640846\n|switch|p2a: Flygon|Flygon, F|100\/100\n|move|p1a: Drapion|Toxic Spikes|p2a: Flygon\n|-sidestart|p2: Anibunnysomoney|move: Toxic Spikes\n|\n|-heal|p1a: Drapion|88\/100|[from] item: Black Sludge\n|upkeep\n|turn|11\n|\n|t:|1646640874\n|move|p2a: Flygon|Earthquake|p1a: Drapion\n|-supereffective|p1a: Drapion\n|-damage|p1a: Drapion|0 fnt\n|faint|p1a: Drapion\n|\n|upkeep\n|\n|t:|1646640885\n|switch|p1a: Milotic|Milotic, F|69\/100 brn\n|turn|12\n|inactive|Anibunnysomoney has 120 seconds left.\n|c|\u2606ItsAquaAndy|n*gger\n|n|!ItsAquaAndy|itsaquaandy\n|\n|t:|1646640917\n|switch|p2a: Mew|Mew|100\/100\n|-status|p2a: Mew|tox\n|move|p1a: Milotic|Ice Beam|p2a: Mew\n|-damage|p2a: Mew|80\/100 tox\n|\n|-damage|p2a: Mew|74\/100 tox|[from] psn\n|-damage|p1a: Milotic|63\/100 brn|[from] brn\n|upkeep\n|turn|13\n|\n|t:|1646640936\n|move|p2a: Mew|Energy Ball|p1a: Milotic\n|-supereffective|p1a: Milotic\n|-damage|p1a: Milotic|14\/100 brn\n|move|p1a: Milotic|Dragon Tail|p2a: Mew\n|-damage|p2a: Mew|72\/100 tox\n|drag|p2a: Raikou|Raikou|100\/100\n|-status|p2a: Raikou|tox\n|\n|-damage|p2a: Raikou|94\/100 tox|[from] psn\n|-damage|p1a: Milotic|8\/100 brn|[from] brn\n|-sideend|p2: Anibunnysomoney|Reflect\n|upkeep\n|turn|14\n|\n|t:|1646640957\n|switch|p1a: Snorlax|Snorlax, M|95\/100\n|move|p2a: Raikou|Extreme Speed|p1a: Snorlax\n|-damage|p1a: Snorlax|80\/100\n|\n|-heal|p1a: Snorlax|86\/100|[from] item: Leftovers\n|-damage|p2a: Raikou|82\/100 tox|[from] psn\n|upkeep\n|turn|15\n|inactive|ItsAquaAndy has 60 seconds left.\n|\n|t:|1646640979\n|switch|p2a: Suicune|Suicune|62\/100\n|-status|p2a: Suicune|tox\n|move|p1a: Snorlax|Curse|p1a: Snorlax\n|-unboost|p1a: Snorlax|spe|1\n|-boost|p1a: Snorlax|atk|1\n|-boost|p1a: Snorlax|def|1\n|\n|-heal|p1a: Snorlax|92\/100|[from] item: Leftovers\n|-damage|p2a: Suicune|55\/100 tox|[from] psn\n|upkeep\n|turn|16\n|inactive|Anibunnysomoney has 90 seconds left.\n|\n|t:|1646640996\n|move|p2a: Suicune|Reflect|p2a: Suicune\n|-sidestart|p2: Anibunnysomoney|Reflect\n|move|p1a: Snorlax|Body Slam|p2a: Suicune\n|-damage|p2a: Suicune|40\/100 tox\n|\n|-heal|p1a: Snorlax|98\/100|[from] item: Leftovers\n|-damage|p2a: Suicune|28\/100 tox|[from] psn\n|upkeep\n|turn|17\n|inactive|ItsAquaAndy has 60 seconds left.\n|inactive|Anibunnysomoney has 90 seconds left.\n|\n|t:|1646641006\n|move|p2a: Suicune|Rest|p2a: Suicune\n|-status|p2a: Suicune|slp|[from] move: Rest\n|-heal|p2a: Suicune|100\/100 slp|[silent]\n|move|p1a: Snorlax|Body Slam|p2a: Suicune\n|-damage|p2a: Suicune|85\/100 slp\n|\n|-heal|p1a: Snorlax|100\/100|[from] item: Leftovers\n|upkeep\n|turn|18\n|inactive|Anibunnysomoney has 90 seconds left.\n|\n|t:|1646641017\n|move|p1a: Snorlax|Curse|p1a: Snorlax\n|-unboost|p1a: Snorlax|spe|1\n|-boost|p1a: Snorlax|atk|1\n|-boost|p1a: Snorlax|def|1\n|cant|p2a: Suicune|slp\n|\n|upkeep\n|turn|19\n|\n|t:|1646641023\n|move|p1a: Snorlax|Body Slam|p2a: Suicune\n|-damage|p2a: Suicune|63\/100 slp\n|cant|p2a: Suicune|slp\n|\n|upkeep\n|turn|20\n|j|%aQrator\n|n|\u203dItsAquaAndy|itsaquaandy\n|c|%aQrator|\/log ItsAquaAndy was locked from talking for a week by aQrator. (racist slur)\n|l|%aQrator\n|\n|t:|1646641033\n|move|p1a: Snorlax|Body Slam|p2a: Suicune\n|-damage|p2a: Suicune|43\/100 slp\n|-curestatus|p2a: Suicune|slp|[msg]\n|move|p2a: Suicune|Roar|p1a: Snorlax\n|drag|p1a: Yanmega|Yanmega, F|100\/100\n|\n|-sideend|p2: Anibunnysomoney|Reflect\n|upkeep\n|turn|21\n|inactive|ItsAquaAndy has 60 seconds left.\n|\n|t:|1646641078\n|move|p1a: Yanmega|Bug Buzz|p2a: Suicune\n|-damage|p2a: Suicune|0 fnt\n|faint|p2a: Suicune\n|\n|upkeep\n|inactive|Anibunnysomoney has 90 seconds left.\n|c|\u2606Anibunnysomoney|Lmao what\n|j|+Corthius\n|\n|t:|1646641110\n|switch|p2a: Honchkrow|Honchkrow, F|100\/100\n|turn|22\n|l|+Corthius\n|\n|t:|1646641125\n|move|p2a: Honchkrow|Brave Bird|p1a: Yanmega\n|-supereffective|p1a: Yanmega\n|-damage|p1a: Yanmega|0 fnt\n|faint|p1a: Yanmega\n|-ability|p2a: Honchkrow|Moxie|boost\n|-boost|p2a: Honchkrow|atk|1\n|-damage|p2a: Honchkrow|70\/100|[from] Recoil\n|\n|upkeep\n|\n|t:|1646641129\n|switch|p1a: Flygon|Flygon, M|100\/100\n|turn|23\n|c|\u2606Anibunnysomoney|A racist slur??\n|inactive|Anibunnysomoney has 90 seconds left.\n|\n|t:|1646641139\n|move|p1a: Flygon|Outrage|p2a: Honchkrow\n|-damage|p2a: Honchkrow|0 fnt\n|faint|p2a: Honchkrow\n|\n|upkeep\n|\n|t:|1646641166\n|switch|p2a: Mew|Mew|72\/100 tox\n|turn|24\n|\n|t:|1646641176\n|move|p1a: Flygon|Outrage|p2a: Mew|[from]lockedmove\n|-damage|p2a: Mew|15\/100 tox\n|move|p2a: Mew|Psychic|p1a: Flygon\n|-damage|p1a: Flygon|47\/100\n|\n|-damage|p2a: Mew|9\/100 tox|[from] psn\n|upkeep\n|turn|25\n|\n|t:|1646641186\n|move|p1a: Flygon|Outrage|p2a: Mew|[from]lockedmove\n|-damage|p2a: Mew|0 fnt\n|faint|p2a: Mew\n|-start|p1a: Flygon|confusion|[fatigue]\n|\n|upkeep\n|\n|t:|1646641199\n|switch|p2a: Entei|Entei|100\/100\n|-status|p2a: Entei|tox\n|turn|26\n|inactive|ItsAquaAndy has 90 seconds left.\n|\n|t:|1646641207\n|switch|p1a: Milotic|Milotic, F|8\/100 brn\n|move|p2a: Entei|Sacred Fire|p1a: Milotic\n|-resisted|p1a: Milotic\n|-damage|p1a: Milotic|0 fnt\n|faint|p1a: Milotic\n|\n|-damage|p2a: Entei|94\/100 tox|[from] psn\n|upkeep\n|\n|t:|1646641211\n|switch|p1a: Hitmontop|Hitmontop, M|100\/100\n|-ability|p1a: Hitmontop|Intimidate|boost\n|-fail|p2a: Entei|unboost|Attack|[from] ability: Inner Focus|[of] p2a: Entei\n|turn|27\n|\n|t:|1646641222\n|move|p2a: Entei|Sacred Fire|p1a: Hitmontop\n|-damage|p1a: Hitmontop|12\/100\n|move|p1a: Hitmontop|Stone Edge|p2a: Entei\n|-supereffective|p2a: Entei\n|-damage|p2a: Entei|30\/100 tox\n|\n|-heal|p1a: Hitmontop|19\/100|[from] item: Leftovers\n|-damage|p2a: Entei|18\/100 tox|[from] psn\n|upkeep\n|turn|28\n|\n|t:|1646641233\n|move|p1a: Hitmontop|Mach Punch|p2a: Entei\n|-damage|p2a: Entei|0 fnt\n|faint|p2a: Entei\n|\n|-heal|p1a: Hitmontop|25\/100|[from] item: Leftovers\n|upkeep\n|\n|t:|1646641243\n|switch|p2a: Flygon|Flygon, F|100\/100\n|turn|29\n|\n|t:|1646641249\n|move|p1a: Hitmontop|Mach Punch|p2a: Flygon\n|-damage|p2a: Flygon|73\/100\n|move|p2a: Flygon|Dragon Dance|p2a: Flygon\n|-boost|p2a: Flygon|atk|1\n|-boost|p2a: Flygon|spe|1\n|\n|-heal|p1a: Hitmontop|31\/100|[from] item: Leftovers\n|upkeep\n|turn|30\n|\n|t:|1646641257\n|move|p1a: Hitmontop|Mach Punch|p2a: Flygon\n|-damage|p2a: Flygon|49\/100\n|move|p2a: Flygon|Dragon Dance|p2a: Flygon\n|-boost|p2a: Flygon|atk|1\n|-boost|p2a: Flygon|spe|1\n|\n|-heal|p1a: Hitmontop|37\/100|[from] item: Leftovers\n|upkeep\n|turn|31\n|\n|t:|1646641268\n|move|p1a: Hitmontop|Mach Punch|p2a: Flygon\n|-damage|p2a: Flygon|23\/100\n|move|p2a: Flygon|Dragon Claw|p1a: Hitmontop\n|-damage|p1a: Hitmontop|0 fnt\n|faint|p1a: Hitmontop\n|\n|upkeep\n|\n|t:|1646641271\n|switch|p1a: Snorlax|Snorlax, M|100\/100\n|turn|32\n|inactive|Anibunnysomoney has 90 seconds left.\n|\n|t:|1646641278\n|move|p2a: Flygon|Superpower|p1a: Snorlax\n|-supereffective|p1a: Snorlax\n|-damage|p1a: Snorlax|0 fnt\n|-unboost|p2a: Flygon|atk|1\n|-unboost|p2a: Flygon|def|1\n|faint|p1a: Snorlax\n|\n|upkeep\n|\n|t:|1646641281\n|switch|p1a: Flygon|Flygon, M|47\/100\n|turn|33\n|\n|t:|1646641287\n|move|p2a: Flygon|Dragon Claw|p1a: Flygon\n|-supereffective|p1a: Flygon\n|-damage|p1a: Flygon|0 fnt\n|faint|p1a: Flygon\n|\n|win|Anibunnysomoney\n|raw|ItsAquaAndy's rating: 1093 &rarr; <strong>1071<\/strong><br \/>(-22 for losing)\n|raw|Anibunnysomoney's rating: 1125 &rarr; <strong>1148<\/strong><br \/>(+23 for winning)\n","uploadtime":1646640909,"views":103,"p1id":"itsaquaandy","p2id":"anibunnysomoney","formatid":"gen8bdspuu","rating":1071,"private":0,"password":null}