{"id":"gen8ou-1666461924","p1":"passthatj","p2":"jeandonis02","format":"gen8ou","log":"|j|\u2606passthatj\n|j|\u2606jeandonis02\n|t:|1663413152\n|gametype|singles\n|player|p1|passthatj|acetrainersnow|1751\n|player|p2|jeandonis02|lucas|1744\n|teamsize|p1|6\n|teamsize|p2|6\n|gen|8\n|tier|[Gen 8] OU\n|rated|\n|rule|Sleep Clause Mod: Limit one foe put to sleep\n|rule|Species Clause: Limit one of each Pok\u00e9mon\n|rule|OHKO Clause: OHKO moves are banned\n|rule|Evasion Items Clause: Evasion items are banned\n|rule|Evasion Moves Clause: Evasion moves are banned\n|rule|Endless Battle Clause: Forcing endless battles is banned\n|rule|HP Percentage Mod: HP is shown in percentages\n|rule|Dynamax Clause: You cannot dynamax\n|clearpoke\n|poke|p1|Kartana|\n|poke|p1|Tapu Lele|\n|poke|p1|Tornadus-Therian, M|\n|poke|p1|Hippowdon, M|\n|poke|p1|Umbreon, M|\n|poke|p1|Toxapex, M|\n|poke|p2|Zeraora|\n|poke|p2|Toxapex, M|\n|poke|p2|Garchomp, M|\n|poke|p2|Rotom-Wash|\n|poke|p2|Ferrothorn, M|\n|poke|p2|Charizard, M|\n|teampreview\n|\n|t:|1663413168\n|start\n|switch|p1a: Hippowdon|Hippowdon, M|100\/100\n|switch|p2a: Charizard|Charizard, M|100\/100\n|-weather|Sandstorm|[from] ability: Sand Stream|[of] p1a: Hippowdon\n|turn|1\n|\n|t:|1663413173\n|move|p2a: Charizard|Belly Drum|p2a: Charizard\n|-damage|p2a: Charizard|50\/100\n|-setboost|p2a: Charizard|atk|6|[from] move: Belly Drum\n|-enditem|p2a: Charizard|Sitrus Berry|[eat]\n|-heal|p2a: Charizard|75\/100|[from] item: Sitrus Berry\n|move|p1a: Hippowdon|Stealth Rock|p2a: Charizard\n|-sidestart|p2: jeandonis02|move: Stealth Rock\n|\n|-weather|Sandstorm|[upkeep]\n|-damage|p2a: Charizard|69\/100|[from] Sandstorm\n|upkeep\n|turn|2\n|j| Rovecraetove\n|\n|t:|1663413192\n|switch|p1a: Toxapex|Toxapex, M|100\/100\n|move|p2a: Charizard|Acrobatics|p1a: Toxapex\n|-damage|p1a: Toxapex|4\/100\n|\n|-weather|Sandstorm|[upkeep]\n|-damage|p2a: Charizard|63\/100|[from] Sandstorm\n|-damage|p1a: Toxapex|0 fnt|[from] Sandstorm\n|faint|p1a: Toxapex\n|upkeep\n|inactive|Battle timer is ON: inactive players will automatically lose when time's up. (requested by jeandonis02)\n|inactive|passthatj has 120 seconds left.\n|\n|t:|1663413263\n|switch|p1a: Tornadus|Tornadus-Therian, M, shiny|100\/100\n|turn|3\n|\n|t:|1663413268\n|move|p1a: Tornadus|Hurricane|p2a: Charizard|[miss]\n|-miss|p1a: Tornadus|p2a: Charizard\n|move|p2a: Charizard|Acrobatics|p1a: Tornadus\n|-damage|p1a: Tornadus|0 fnt\n|faint|p1a: Tornadus\n|\n|-weather|Sandstorm|[upkeep]\n|-damage|p2a: Charizard|57\/100|[from] Sandstorm\n|upkeep\n|\n|t:|1663413280\n|switch|p1a: Kartana|Kartana|100\/100\n|turn|4\n|\n|t:|1663413288\n|move|p1a: Kartana|Knock Off|p2a: Charizard\n|-damage|p2a: Charizard|6\/100\n|move|p2a: Charizard|Flame Charge|p1a: Kartana\n|-supereffective|p1a: Kartana\n|-damage|p1a: Kartana|0 fnt\n|-boost|p2a: Charizard|spe|1\n|faint|p1a: Kartana\n|\n|-weather|Sandstorm|[upkeep]\n|-damage|p2a: Charizard|0 fnt|[from] Sandstorm\n|faint|p2a: Charizard\n|upkeep\n|\n|t:|1663413301\n|switch|p1a: Hippowdon|Hippowdon, M|100\/100\n|switch|p2a: Ferrothorn|Ferrothorn, M|100\/100\n|-damage|p2a: Ferrothorn|94\/100|[from] Stealth Rock\n|turn|5\n|\n|t:|1663413314\n|switch|p1a: Tapu Lele|Tapu Lele|100\/100\n|-fieldstart|move: Psychic Terrain|[from] ability: Psychic Surge|[of] p1a: Tapu Lele\n|move|p2a: Ferrothorn|Leech Seed|p1a: Tapu Lele\n|-start|p1a: Tapu Lele|move: Leech Seed\n|\n|-weather|none\n|-damage|p1a: Tapu Lele|88\/100|[from] Leech Seed|[of] p2a: Ferrothorn\n|-heal|p2a: Ferrothorn|100\/100|[silent]\n|upkeep\n|turn|6\n|\n|t:|1663413319\n|move|p1a: Tapu Lele|Focus Blast|p2a: Ferrothorn\n|-supereffective|p2a: Ferrothorn\n|-damage|p2a: Ferrothorn|0 fnt\n|faint|p2a: Ferrothorn\n|\n|upkeep\n|\n|t:|1663413326\n|switch|p2a: Toxapex|Toxapex, M|100\/100\n|-damage|p2a: Toxapex|88\/100|[from] Stealth Rock\n|turn|7\n|\n|t:|1663413333\n|switch|p1a: Hippowdon|Hippowdon, M|100\/100\n|-weather|Sandstorm|[from] ability: Sand Stream|[of] p1a: Hippowdon\n|move|p2a: Toxapex|Toxic|p1a: Hippowdon\n|-status|p1a: Hippowdon|tox\n|\n|-weather|Sandstorm|[upkeep]\n|-damage|p2a: Toxapex|82\/100|[from] Sandstorm\n|-heal|p2a: Toxapex|88\/100|[from] item: Black Sludge\n|-damage|p1a: Hippowdon|94\/100 tox|[from] psn\n|upkeep\n|turn|8\n|j| amimec\n|\n|t:|1663413343\n|move|p1a: Hippowdon|Earthquake|p2a: Toxapex\n|-supereffective|p2a: Toxapex\n|-damage|p2a: Toxapex|27\/100\n|move|p2a: Toxapex|Scald|p1a: Hippowdon\n|-supereffective|p1a: Hippowdon\n|-damage|p1a: Hippowdon|69\/100 tox\n|\n|-weather|Sandstorm|[upkeep]\n|-damage|p2a: Toxapex|21\/100|[from] Sandstorm\n|-heal|p1a: Hippowdon|75\/100 tox|[from] item: Leftovers\n|-heal|p2a: Toxapex|27\/100|[from] item: Black Sludge\n|-damage|p1a: Hippowdon|62\/100 tox|[from] psn\n|upkeep\n|turn|9\n|\n|t:|1663413350\n|switch|p2a: Rotom|Rotom-Wash|100\/100\n|-damage|p2a: Rotom|88\/100|[from] Stealth Rock\n|move|p1a: Hippowdon|Toxic|p2a: Rotom\n|-status|p2a: Rotom|tox\n|\n|-weather|Sandstorm|[upkeep]\n|-damage|p2a: Rotom|82\/100 tox|[from] Sandstorm\n|-heal|p2a: Rotom|88\/100 tox|[from] item: Leftovers\n|-heal|p1a: Hippowdon|69\/100 tox|[from] item: Leftovers\n|-damage|p2a: Rotom|82\/100 tox|[from] psn\n|-damage|p1a: Hippowdon|50\/100 tox|[from] psn\n|-fieldend|move: Psychic Terrain\n|upkeep\n|turn|10\n|\n|t:|1663413353\n|switch|p1a: Umbreon|Umbreon, M|100\/100\n|move|p2a: Rotom|Defog|p1a: Umbreon\n|-unboost|p1a: Umbreon|evasion|1\n|-sideend|p2: jeandonis02|Stealth Rock|[from] move: Defog|[of] p2a: Rotom\n|\n|-weather|Sandstorm|[upkeep]\n|-damage|p2a: Rotom|75\/100 tox|[from] Sandstorm\n|-damage|p1a: Umbreon|94\/100|[from] Sandstorm\n|-heal|p2a: Rotom|82\/100 tox|[from] item: Leftovers\n|-heal|p1a: Umbreon|100\/100|[from] item: Leftovers\n|-damage|p2a: Rotom|69\/100 tox|[from] psn\n|upkeep\n|turn|11\n|\n|t:|1663413356\n|move|p2a: Rotom|Volt Switch|p1a: Umbreon\n|-damage|p1a: Umbreon|82\/100\n|\n|t:|1663413358\n|switch|p2a: Toxapex|Toxapex, M|60\/100|[from]move: Volt Switch\n|move|p1a: Umbreon|Heal Bell|p1a: Umbreon\n|-activate|p1a: Umbreon|move: Heal Bell\n|-curestatus|p1: Hippowdon|tox|[msg]\n|\n|-weather|none\n|-heal|p1a: Umbreon|88\/100|[from] item: Leftovers\n|-heal|p2a: Toxapex|66\/100|[from] item: Black Sludge\n|upkeep\n|turn|12\n|\n|t:|1663413365\n|move|p1a: Umbreon|Wish|p1a: Umbreon\n|move|p2a: Toxapex|Toxic|p1a: Umbreon\n|-status|p1a: Umbreon|tox\n|-activate|p1a: Umbreon|ability: Synchronize\n|-immune|p2a: Toxapex\n|\n|-heal|p1a: Umbreon|94\/100 tox|[from] item: Leftovers\n|-heal|p2a: Toxapex|73\/100|[from] item: Black Sludge\n|-damage|p1a: Umbreon|88\/100 tox|[from] psn\n|upkeep\n|turn|13\n|l| amimec\n|\n|t:|1663413367\n|switch|p1a: Hippowdon|Hippowdon, M|50\/100\n|-weather|Sandstorm|[from] ability: Sand Stream|[of] p1a: Hippowdon\n|move|p2a: Toxapex|Toxic|p1a: Hippowdon\n|-status|p1a: Hippowdon|tox\n|\n|-weather|Sandstorm|[upkeep]\n|-damage|p2a: Toxapex|66\/100|[from] Sandstorm\n|-heal|p1a: Hippowdon|97\/100 tox|[from] move: Wish|[wisher] Umbreon\n|-heal|p1a: Hippowdon|100\/100 tox|[from] item: Leftovers\n|-heal|p2a: Toxapex|73\/100|[from] item: Black Sludge\n|-damage|p1a: Hippowdon|94\/100 tox|[from] psn\n|upkeep\n|turn|14\n|\n|t:|1663413373\n|move|p1a: Hippowdon|Stealth Rock|p2a: Toxapex\n|-sidestart|p2: jeandonis02|move: Stealth Rock\n|move|p2a: Toxapex|Scald|p1a: Hippowdon\n|-supereffective|p1a: Hippowdon\n|-damage|p1a: Hippowdon|71\/100 tox\n|\n|-weather|Sandstorm|[upkeep]\n|-damage|p2a: Toxapex|66\/100|[from] Sandstorm\n|-heal|p1a: Hippowdon|78\/100 tox|[from] item: Leftovers\n|-heal|p2a: Toxapex|73\/100|[from] item: Black Sludge\n|-damage|p1a: Hippowdon|65\/100 tox|[from] psn\n|upkeep\n|turn|15\n|\n|t:|1663413378\n|switch|p1a: Umbreon|Umbreon, M|88\/100 tox\n|move|p2a: Toxapex|Scald|p1a: Umbreon\n|-damage|p1a: Umbreon|77\/100 tox\n|\n|-weather|Sandstorm|[upkeep]\n|-damage|p1a: Umbreon|71\/100 tox|[from] Sandstorm\n|-damage|p2a: Toxapex|66\/100|[from] Sandstorm\n|-heal|p1a: Umbreon|77\/100 tox|[from] item: Leftovers\n|-heal|p2a: Toxapex|73\/100|[from] item: Black Sludge\n|-damage|p1a: Umbreon|71\/100 tox|[from] psn\n|upkeep\n|turn|16\n|\n|t:|1663413384\n|switch|p1a: Tapu Lele|Tapu Lele|88\/100\n|-fieldstart|move: Psychic Terrain|[from] ability: Psychic Surge|[of] p1a: Tapu Lele\n|move|p2a: Toxapex|Toxic|p1a: Tapu Lele\n|-status|p1a: Tapu Lele|tox\n|\n|-weather|Sandstorm|[upkeep]\n|-damage|p1a: Tapu Lele|82\/100 tox|[from] Sandstorm\n|-damage|p2a: Toxapex|66\/100|[from] Sandstorm\n|-heal|p2a: Toxapex|73\/100|[from] item: Black Sludge\n|-damage|p1a: Tapu Lele|76\/100 tox|[from] psn\n|upkeep\n|turn|17\n|\n|t:|1663413392\n|move|p2a: Toxapex|Baneful Bunker|p2a: Toxapex\n|-singleturn|p2a: Toxapex|move: Protect\n|move|p1a: Tapu Lele|Psyshock|p2a: Toxapex\n|-activate|p2a: Toxapex|move: Protect\n|\n|-weather|none\n|-heal|p2a: Toxapex|79\/100|[from] item: Black Sludge\n|-damage|p1a: Tapu Lele|64\/100 tox|[from] psn\n|upkeep\n|turn|18\n|\n|t:|1663413396\n|switch|p2a: Rotom|Rotom-Wash|69\/100 tox\n|-damage|p2a: Rotom|57\/100 tox|[from] Stealth Rock\n|move|p1a: Tapu Lele|Psyshock|p2a: Rotom\n|-damage|p2a: Rotom|0 fnt\n|faint|p2a: Rotom\n|\n|-damage|p1a: Tapu Lele|46\/100 tox|[from] psn\n|upkeep\n|\n|t:|1663413398\n|switch|p2a: Garchomp|Garchomp, M|100\/100\n|-damage|p2a: Garchomp|94\/100|[from] Stealth Rock\n|turn|19\n|\n|t:|1663413406\n|switch|p1a: Umbreon|Umbreon, M|71\/100 tox\n|move|p2a: Garchomp|Earthquake|p1a: Umbreon\n|-damage|p1a: Umbreon|28\/100 tox\n|\n|-heal|p1a: Umbreon|35\/100 tox|[from] item: Leftovers\n|-damage|p1a: Umbreon|28\/100 tox|[from] psn\n|upkeep\n|turn|20\n|\n|t:|1663413428\n|move|p2a: Garchomp|Earthquake|p1a: Umbreon\n|-damage|p1a: Umbreon|0 fnt\n|faint|p1a: Umbreon\n|\n|-fieldend|move: Psychic Terrain\n|upkeep\n|\n|t:|1663413431\n|switch|p1a: Hippowdon|Hippowdon, M|65\/100 tox\n|-weather|Sandstorm|[from] ability: Sand Stream|[of] p1a: Hippowdon\n|turn|21\n|\n|t:|1663413434\n|move|p2a: Garchomp|Earthquake|p1a: Hippowdon\n|-damage|p1a: Hippowdon|10\/100 tox\n|move|p1a: Hippowdon|Toxic|p2a: Garchomp\n|-status|p2a: Garchomp|tox\n|\n|-weather|Sandstorm|[upkeep]\n|-heal|p1a: Hippowdon|16\/100 tox|[from] item: Leftovers\n|-damage|p2a: Garchomp|88\/100 tox|[from] psn\n|-damage|p1a: Hippowdon|10\/100 tox|[from] psn\n|upkeep\n|turn|22\n|\n|t:|1663413439\n|move|p2a: Garchomp|Earthquake|p1a: Hippowdon\n|-damage|p1a: Hippowdon|0 fnt\n|faint|p1a: Hippowdon\n|\n|-weather|Sandstorm|[upkeep]\n|-damage|p2a: Garchomp|76\/100 tox|[from] psn\n|upkeep\n|\n|t:|1663413442\n|switch|p1a: Tapu Lele|Tapu Lele|46\/100 tox\n|-fieldstart|move: Psychic Terrain|[from] ability: Psychic Surge|[of] p1a: Tapu Lele\n|turn|23\n|\n|t:|1663413443\n|move|p2a: Garchomp|Earthquake|p1a: Tapu Lele\n|-damage|p1a: Tapu Lele|0 fnt\n|faint|p1a: Tapu Lele\n|\n|win|jeandonis02\n|raw|passthatj's rating: 1751 &rarr; <strong>1731<\/strong><br \/>(-20 for losing)\n|raw|jeandonis02's rating: 1744 &rarr; <strong>1764<\/strong><br \/>(+20 for winning)\n|l|\u2606jeandonis02\n","uploadtime":1663413458,"views":26,"p1id":"passthatj","p2id":"jeandonis02","formatid":"gen8ou","rating":1731,"private":0,"password":null}