{"id":"gen8ou-1665507126","p1":"broked on bricks","p2":"Cubone_BigKing","format":"gen8ou","log":"|j|\u2606broked on bricks\n|j|\u2606Cubone_BigKing\n|t:|1663305413\n|gametype|singles\n|player|p1|broked on bricks|265|1483\n|player|p2|Cubone_BigKing|clown|1514\n|teamsize|p1|6\n|teamsize|p2|6\n|gen|8\n|tier|[Gen 8] OU\n|rated|\n|rule|Sleep Clause Mod: Limit one foe put to sleep\n|rule|Species Clause: Limit one of each Pok\u00e9mon\n|rule|OHKO Clause: OHKO moves are banned\n|rule|Evasion Items Clause: Evasion items are banned\n|rule|Evasion Moves Clause: Evasion moves are banned\n|rule|Endless Battle Clause: Forcing endless battles is banned\n|rule|HP Percentage Mod: HP is shown in percentages\n|rule|Dynamax Clause: You cannot dynamax\n|clearpoke\n|poke|p1|Venusaur, M|\n|poke|p1|Heatran, M|\n|poke|p1|Darmanitan, F|\n|poke|p1|Torkoal, F|\n|poke|p1|Mandibuzz, F|\n|poke|p1|Garchomp, M|\n|poke|p2|Zapdos|\n|poke|p2|Weavile, F|\n|poke|p2|Kartana|\n|poke|p2|Landorus-Therian, M|\n|poke|p2|Volcanion|\n|poke|p2|Melmetal|\n|teampreview\n|c|\u2606broked on bricks|glhf\n|\n|t:|1663305423\n|start\n|switch|p1a: Elmo|Darmanitan, F|100\/100\n|switch|p2a: Volcanion|Volcanion|100\/100\n|turn|1\n|inactive|Battle timer is ON: inactive players will automatically lose when time's up. (requested by broked on bricks)\n|\n|t:|1663305428\n|move|p1a: Elmo|Rock Slide|p2a: Volcanion\n|-supereffective|p2a: Volcanion\n|-damage|p2a: Volcanion|0 fnt\n|faint|p2a: Volcanion\n|\n|upkeep\n|\n|t:|1663305434\n|switch|p2a: Landorus|Landorus-Therian, M|100\/100\n|-ability|p2a: Landorus|Intimidate|boost\n|-unboost|p1a: Elmo|atk|1\n|turn|2\n|\n|t:|1663305440\n|switch|p1a: RIP Omari frfr|Mandibuzz, F, shiny|100\/100\n|move|p2a: Landorus|Earthquake|p1a: RIP Omari frfr\n|-immune|p1a: RIP Omari frfr\n|\n|upkeep\n|turn|3\n|\n|t:|1663305445\n|move|p2a: Landorus|Stealth Rock|p1a: RIP Omari frfr\n|-sidestart|p1: broked on bricks|move: Stealth Rock\n|move|p1a: RIP Omari frfr|Toxic|p2a: Landorus\n|-status|p2a: Landorus|tox\n|\n|-damage|p2a: Landorus|94\/100 tox|[from] psn\n|upkeep\n|turn|4\n|\n|t:|1663305447\n|move|p2a: Landorus|U-turn|p1a: RIP Omari frfr\n|-damage|p1a: RIP Omari frfr|87\/100\n|-damage|p2a: Landorus|78\/100 tox|[from] item: Rocky Helmet|[of] p1a: RIP Omari frfr\n|\n|t:|1663305449\n|switch|p2a: Melmetal|Melmetal|100\/100|[from]move: U-turn\n|move|p1a: RIP Omari frfr|Defog|p2a: Melmetal\n|-unboost|p2a: Melmetal|evasion|1\n|-sideend|p1: broked on bricks|Stealth Rock|[from] move: Defog|[of] p1a: RIP Omari frfr\n|\n|upkeep\n|turn|5\n|\n|t:|1663305454\n|switch|p1a: Beans Saranghae|Torkoal, F|100\/100\n|-weather|SunnyDay|[from] ability: Drought|[of] p1a: Beans Saranghae\n|move|p2a: Melmetal|Double Iron Bash|p1a: Beans Saranghae\n|-resisted|p1a: Beans Saranghae\n|-damage|p1a: Beans Saranghae|82\/100\n|-resisted|p1a: Beans Saranghae\n|-damage|p1a: Beans Saranghae|62\/100\n|-hitcount|p1a: Beans Saranghae|2\n|\n|-weather|SunnyDay|[upkeep]\n|upkeep\n|turn|6\n|\n|t:|1663305467\n|switch|p2a: Landorus|Landorus-Therian, M|78\/100 tox\n|-ability|p2a: Landorus|Intimidate|boost\n|-unboost|p1a: Beans Saranghae|atk|1\n|move|p1a: Beans Saranghae|Lava Plume|p2a: Landorus\n|-crit|p2a: Landorus\n|-damage|p2a: Landorus|35\/100 tox\n|\n|-weather|SunnyDay|[upkeep]\n|-heal|p2a: Landorus|41\/100 tox|[from] item: Leftovers\n|-damage|p2a: Landorus|35\/100 tox|[from] psn\n|upkeep\n|turn|7\n|\n|t:|1663305473\n|switch|p1a: RIP Omari frfr|Mandibuzz, F, shiny|87\/100\n|move|p2a: Landorus|Stealth Rock|p1a: RIP Omari frfr\n|-sidestart|p1: broked on bricks|move: Stealth Rock\n|\n|-weather|SunnyDay|[upkeep]\n|-heal|p2a: Landorus|41\/100 tox|[from] item: Leftovers\n|-damage|p2a: Landorus|29\/100 tox|[from] psn\n|upkeep\n|turn|8\n|\n|t:|1663305477\n|switch|p2a: Zapdos|Zapdos|100\/100\n|move|p1a: RIP Omari frfr|Defog|p2a: Zapdos\n|-unboost|p2a: Zapdos|evasion|1\n|-sideend|p1: broked on bricks|Stealth Rock|[from] move: Defog|[of] p1a: RIP Omari frfr\n|\n|-weather|SunnyDay|[upkeep]\n|upkeep\n|turn|9\n|\n|t:|1663305487\n|switch|p1a: Virgin Sharpedo|Garchomp, M|100\/100\n|move|p2a: Zapdos|Hurricane|p1a: Virgin Sharpedo\n|-damage|p1a: Virgin Sharpedo|32\/100\n|\n|-weather|SunnyDay|[upkeep]\n|upkeep\n|turn|10\n|\n|t:|1663305493\n|move|p1a: Virgin Sharpedo|Stone Edge|p2a: Zapdos\n|-supereffective|p2a: Zapdos\n|-damage|p2a: Zapdos|0 fnt\n|faint|p2a: Zapdos\n|-damage|p1a: Virgin Sharpedo|22\/100|[from] item: Life Orb\n|\n|-weather|SunnyDay|[upkeep]\n|upkeep\n|\n|t:|1663305496\n|switch|p2a: Weavile|Weavile, F|100\/100\n|-ability|p2a: Weavile|Pressure\n|turn|11\n|\n|t:|1663305500\n|move|p2a: Weavile|Knock Off|p1a: Virgin Sharpedo\n|-damage|p1a: Virgin Sharpedo|0 fnt\n|-damage|p2a: Weavile|88\/100|[from] ability: Rough Skin|[of] p1a: Virgin Sharpedo\n|-enditem|p1a: Virgin Sharpedo|Life Orb|[from] move: Knock Off|[of] p2a: Weavile\n|faint|p1a: Virgin Sharpedo\n|\n|-weather|SunnyDay|[upkeep]\n|upkeep\n|\n|t:|1663305506\n|switch|p1a: Heatran|Heatran, M|100\/100\n|turn|12\n|\n|t:|1663305510\n|switch|p2a: Landorus|Landorus-Therian, M|29\/100 tox\n|-ability|p2a: Landorus|Intimidate|boost\n|-unboost|p1a: Heatran|atk|1\n|move|p1a: Heatran|Eruption|p2a: Landorus\n|-damage|p2a: Landorus|0 fnt\n|faint|p2a: Landorus\n|\n|-weather|none\n|upkeep\n|\n|t:|1663305512\n|switch|p2a: Weavile|Weavile, F|88\/100\n|-ability|p2a: Weavile|Pressure\n|turn|13\n|\n|t:|1663305514\n|move|p2a: Weavile|Knock Off|p1a: Heatran\n|-damage|p1a: Heatran|30\/100\n|-enditem|p1a: Heatran|Choice Scarf|[from] move: Knock Off|[of] p2a: Weavile\n|move|p1a: Heatran|Eruption|p2a: Weavile\n|-supereffective|p2a: Weavile\n|-damage|p2a: Weavile|18\/100\n|\n|upkeep\n|turn|14\n|\n|t:|1663305519\n|move|p2a: Weavile|Knock Off|p1a: Heatran\n|-damage|p1a: Heatran|0 fnt\n|faint|p1a: Heatran\n|\n|upkeep\n|\n|t:|1663305521\n|switch|p1a: Beans Saranghae|Torkoal, F|62\/100\n|-weather|SunnyDay|[from] ability: Drought|[of] p1a: Beans Saranghae\n|turn|15\n|\n|t:|1663305530\n|switch|p1a: RIP Omari frfr|Mandibuzz, F, shiny|87\/100\n|move|p2a: Weavile|Knock Off|p1a: RIP Omari frfr\n|-resisted|p1a: RIP Omari frfr\n|-damage|p1a: RIP Omari frfr|62\/100\n|-damage|p2a: Weavile|1\/100|[from] item: Rocky Helmet|[of] p1a: RIP Omari frfr\n|-enditem|p1a: RIP Omari frfr|Rocky Helmet|[from] move: Knock Off|[of] p2a: Weavile\n|\n|-weather|SunnyDay|[upkeep]\n|upkeep\n|turn|16\n|\n|t:|1663305546\n|switch|p2a: Melmetal|Melmetal|100\/100\n|switch|p1a: Elmo|Darmanitan, F|100\/100\n|\n|-weather|SunnyDay|[upkeep]\n|upkeep\n|turn|17\n|\n|t:|1663305553\n|move|p1a: Elmo|Flare Blitz|p2a: Melmetal\n|-supereffective|p2a: Melmetal\n|-damage|p2a: Melmetal|0 fnt\n|faint|p2a: Melmetal\n|-damage|p1a: Elmo|61\/100|[from] Recoil\n|\n|-weather|SunnyDay|[upkeep]\n|upkeep\n|\n|t:|1663305557\n|switch|p2a: Kartana|Kartana|100\/100\n|turn|18\n|\n|t:|1663305562\n|switch|p1a: RIP Omari frfr|Mandibuzz, F, shiny|62\/100\n|move|p2a: Kartana|Knock Off|p1a: RIP Omari frfr\n|-resisted|p1a: RIP Omari frfr\n|-damage|p1a: RIP Omari frfr|52\/100\n|\n|-weather|SunnyDay|[upkeep]\n|upkeep\n|turn|19\n|\n|t:|1663305566\n|move|p2a: Kartana|Knock Off|p1a: RIP Omari frfr\n|-resisted|p1a: RIP Omari frfr\n|-damage|p1a: RIP Omari frfr|42\/100\n|move|p1a: RIP Omari frfr|Foul Play|p2a: Kartana\n|-damage|p2a: Kartana|35\/100\n|\n|-weather|SunnyDay|[upkeep]\n|upkeep\n|turn|20\n|\n|t:|1663305569\n|move|p2a: Kartana|Knock Off|p1a: RIP Omari frfr\n|-resisted|p1a: RIP Omari frfr\n|-damage|p1a: RIP Omari frfr|32\/100\n|move|p1a: RIP Omari frfr|Roost|p1a: RIP Omari frfr\n|-heal|p1a: RIP Omari frfr|83\/100\n|-singleturn|p1a: RIP Omari frfr|move: Roost\n|\n|-weather|SunnyDay|[upkeep]\n|upkeep\n|turn|21\n|\n|t:|1663305573\n|switch|p2a: Weavile|Weavile, F|1\/100\n|-ability|p2a: Weavile|Pressure\n|move|p1a: RIP Omari frfr|Foul Play|p2a: Weavile\n|-resisted|p2a: Weavile\n|-damage|p2a: Weavile|0 fnt\n|faint|p2a: Weavile\n|\n|-weather|SunnyDay|[upkeep]\n|upkeep\n|-message|Cubone_BigKing forfeited.\n|\n|win|broked on bricks\n|raw|broked on bricks's rating: 1483 &rarr; <strong>1505<\/strong><br \/>(+22 for winning)\n|raw|Cubone_BigKing's rating: 1514 &rarr; <strong>1492<\/strong><br \/>(-22 for losing)\n|l|\u2606Cubone_BigKing\n","uploadtime":1663305582,"views":6,"p1id":"brokedonbricks","p2id":"cubonebigking","formatid":"gen8ou","rating":1492,"private":0,"password":null}