{"id":"gen8randombattle-1658680112","p1":"Jakathen22 2.0","p2":"Portgus D Ace","format":"gen8randombattle","log":"|j|\u2606Jakathen22 2.0\n|j|\u2606Portgus D Ace\n|t:|1662587615\n|gametype|singles\n|player|p1|Jakathen22 2.0|1|1557\n|player|p2|Portgus D Ace|169|1609\n|teamsize|p1|6\n|teamsize|p2|6\n|gen|8\n|tier|[Gen 8] Random Battle\n|rated|\n|rule|Species Clause: Limit one of each Pok\u00e9mon\n|rule|HP Percentage Mod: HP is shown in percentages\n|rule|Sleep Clause Mod: Limit one foe put to sleep\n|\n|t:|1662587615\n|start\n|switch|p1a: Xatu|Xatu, L89, F|260\/260\n|switch|p2a: Tauros|Tauros, L82, M|257\/257\n|turn|1\n|\n|t:|1662587636\n|switch|p1a: Kingdra|Kingdra, L82, F|257\/257\n|move|p2a: Tauros|Rock Slide|p1a: Kingdra\n|-damage|p1a: Kingdra|169\/257\n|\n|upkeep\n|turn|2\n|\n|t:|1662587645\n|move|p2a: Tauros|Body Slam|p1a: Kingdra\n|-damage|p1a: Kingdra|17\/257\n|move|p1a: Kingdra|Flip Turn|p2a: Tauros\n|-damage|p2a: Tauros|196\/257\n|inactive|Battle timer is ON: inactive players will automatically lose when time's up. (requested by Portgus D Ace)\n|\n|t:|1662587665\n|switch|p1a: Nihilego|Nihilego, L79|302\/302\n|\n|upkeep\n|turn|3\n|\n|t:|1662587669\n|move|p2a: Tauros|Zen Headbutt|p1a: Nihilego|[miss]\n|-miss|p2a: Tauros|p1a: Nihilego\n|move|p1a: Nihilego|Sludge Wave|p2a: Tauros\n|-damage|p2a: Tauros|52\/257\n|\n|upkeep\n|turn|4\n|\n|t:|1662587682\n|move|p2a: Tauros|Zen Headbutt|p1a: Nihilego\n|-supereffective|p1a: Nihilego\n|-damage|p1a: Nihilego|24\/302\n|move|p1a: Nihilego|Sludge Wave|p2a: Tauros\n|-damage|p2a: Tauros|0 fnt\n|faint|p2a: Tauros\n|-ability|p1a: Nihilego|Beast Boost|boost\n|-boost|p1a: Nihilego|spa|1\n|\n|-heal|p1a: Nihilego|42\/302|[from] item: Black Sludge\n|upkeep\n|\n|t:|1662587702\n|switch|p2a: Palkia|Palkia, L74|255\/255\n|-ability|p2a: Palkia|Pressure\n|turn|5\n|inactive|Jakathen22 2.0 has 120 seconds left.\n|inactive|Jakathen22 2.0 has 90 seconds left.\n|\n|t:|1662587780\n|move|p1a: Nihilego|Grass Knot|p2a: Palkia\n|-damage|p2a: Palkia|134\/255\n|move|p2a: Palkia|Spacial Rend|p1a: Nihilego\n|-crit|p1a: Nihilego\n|-damage|p1a: Nihilego|0 fnt\n|faint|p1a: Nihilego\n|\n|upkeep\n|inactive|Jakathen22 2.0 has 60 seconds left.\n|\n|t:|1662587800\n|switch|p1a: Xatu|Xatu, L89, F|260\/260\n|turn|6\n|inactive|Portgus D Ace has 120 seconds left.\n|\n|t:|1662587842\n|switch|p2a: Pincurchin|Pincurchin, L88, F|228\/228\n|-fieldstart|move: Electric Terrain|[from] ability: Electric Surge|[of] p2a: Pincurchin\n|move|p1a: Xatu|Thunder Wave|p2a: Pincurchin\n|-immune|p2a: Pincurchin\n|\n|upkeep\n|turn|7\n|\n|t:|1662587851\n|switch|p1a: Boltund|Boltund, L84, M|253\/253\n|move|p2a: Pincurchin|Rising Voltage|p1a: Boltund\n|-hint|Rising Voltage's BP doubled on grounded target.\n|-resisted|p1a: Boltund\n|-damage|p1a: Boltund|122\/253\n|\n|upkeep\n|turn|8\n|inactive|Portgus D Ace has 120 seconds left.\n|inactive|Portgus D Ace has 90 seconds left.\n|\n|t:|1662587906\n|move|p1a: Boltund|Crunch|p2a: Pincurchin\n|-damage|p2a: Pincurchin|128\/228\n|-damage|p1a: Boltund|97\/253|[from] item: Life Orb\n|move|p2a: Pincurchin|Rising Voltage|p1a: Boltund\n|-hint|Rising Voltage's BP doubled on grounded target.\n|-resisted|p1a: Boltund\n|-damage|p1a: Boltund|0 fnt\n|faint|p1a: Boltund\n|\n|upkeep\n|inactive|Jakathen22 2.0 has 60 seconds left.\n|\n|t:|1662587918\n|switch|p1a: Volcarona|Volcarona, L76, F|254\/254\n|turn|9\n|\n|t:|1662587926\n|move|p1a: Volcarona|Quiver Dance|p1a: Volcarona\n|-boost|p1a: Volcarona|spa|1\n|-boost|p1a: Volcarona|spd|1\n|-boost|p1a: Volcarona|spe|1\n|move|p2a: Pincurchin|Rising Voltage|p1a: Volcarona\n|-hint|Rising Voltage's BP doubled on grounded target.\n|-damage|p1a: Volcarona|118\/254\n|\n|upkeep\n|turn|10\n|inactive|Portgus D Ace has 90 seconds left.\n|\n|t:|1662587937\n|move|p1a: Volcarona|Quiver Dance|p1a: Volcarona\n|-boost|p1a: Volcarona|spa|1\n|-boost|p1a: Volcarona|spd|1\n|-boost|p1a: Volcarona|spe|1\n|move|p2a: Pincurchin|Rising Voltage|p1a: Volcarona\n|-hint|Rising Voltage's BP doubled on grounded target.\n|-damage|p1a: Volcarona|22\/254\n|\n|-fieldend|move: Electric Terrain\n|upkeep\n|turn|11\n|\n|t:|1662587941\n|move|p1a: Volcarona|Roost|p1a: Volcarona\n|-heal|p1a: Volcarona|149\/254\n|-singleturn|p1a: Volcarona|move: Roost\n|move|p2a: Pincurchin|Scald|p1a: Volcarona\n|-supereffective|p1a: Volcarona\n|-damage|p1a: Volcarona|93\/254\n|\n|upkeep\n|turn|12\n|\n|t:|1662587945\n|move|p1a: Volcarona|Roost|p1a: Volcarona\n|-heal|p1a: Volcarona|220\/254\n|-singleturn|p1a: Volcarona|move: Roost\n|move|p2a: Pincurchin|Spikes|p1a: Volcarona\n|-sidestart|p1: Jakathen22 2.0|Spikes\n|\n|upkeep\n|turn|13\n|inactive|Jakathen22 2.0 has 90 seconds left.\n|\n|t:|1662587954\n|move|p1a: Volcarona|Bug Buzz|p2a: Pincurchin\n|-damage|p2a: Pincurchin|0 fnt\n|faint|p2a: Pincurchin\n|\n|upkeep\n|\n|t:|1662587958\n|switch|p2a: Salamence|Salamence, L76, M|269\/269\n|turn|14\n|\n|t:|1662587966\n|-start|p1a: Volcarona|Dynamax|\n|-heal|p1a: Volcarona|440\/508|[silent]\n|-start|p2a: Salamence|Dynamax|\n|-heal|p2a: Salamence|538\/538|[silent]\n|move|p1a: Volcarona|Max Flare|p2a: Salamence\n|-resisted|p2a: Salamence\n|-damage|p2a: Salamence|336\/538\n|-weather|SunnyDay\n|move|p2a: Salamence|Max Airstream|p1a: Volcarona\n|-supereffective|p1a: Volcarona\n|-damage|p1a: Volcarona|48\/508\n|-boost|p2a: Salamence|spe|1\n|\n|-weather|SunnyDay|[upkeep]\n|upkeep\n|turn|15\n|inactive|Jakathen22 2.0 has 90 seconds left.\n|\n|t:|1662587988\n|move|p1a: Volcarona|Max Guard|p1a: Volcarona\n|-singleturn|p1a: Volcarona|Max Guard\n|move|p2a: Salamence|Max Quake|p1a: Volcarona\n|-activate|p1a: Volcarona|move: Max Guard\n|\n|-weather|SunnyDay|[upkeep]\n|upkeep\n|turn|16\n|\n|t:|1662587996\n|move|p1a: Volcarona|Max Flare|p2a: Salamence\n|-resisted|p2a: Salamence\n|-damage|p2a: Salamence|45\/538\n|move|p2a: Salamence|Max Wyrmwind|p1a: Volcarona\n|-damage|p1a: Volcarona|0 fnt\n|faint|p1a: Volcarona\n|-ability|p2a: Salamence|Moxie|boost\n|-boost|p2a: Salamence|atk|1\n|\n|-weather|SunnyDay|[upkeep]\n|upkeep\n|inactive|Jakathen22 2.0 has 90 seconds left.\n|\n|t:|1662588010\n|switch|p1a: Xatu|Xatu, L89, F|260\/260\n|-end|p2a: Salamence|Dynamax\n|-heal|p2a: Salamence|23\/269|[silent]\n|turn|17\n|\n|t:|1662588016\n|move|p2a: Salamence|Outrage|p1a: Xatu\n|-damage|p1a: Xatu|50\/260\n|move|p1a: Xatu|Psychic|p2a: Salamence\n|-damage|p2a: Salamence|0 fnt\n|faint|p2a: Salamence\n|\n|-weather|SunnyDay|[upkeep]\n|upkeep\n|\n|t:|1662588023\n|switch|p2a: Regice|Regice, L84|271\/271\n|turn|18\n|\n|t:|1662588026\n|move|p1a: Xatu|Roost|p1a: Xatu\n|-heal|p1a: Xatu|180\/260\n|-singleturn|p1a: Xatu|move: Roost\n|move|p2a: Regice|Ice Beam|p1a: Xatu\n|-damage|p1a: Xatu|71\/260\n|\n|-weather|none\n|upkeep\n|turn|19\n|\n|t:|1662588032\n|move|p1a: Xatu|Roost|p1a: Xatu\n|-heal|p1a: Xatu|201\/260\n|-singleturn|p1a: Xatu|move: Roost\n|move|p2a: Regice|Ice Beam|p1a: Xatu\n|-damage|p1a: Xatu|96\/260\n|-status|p1a: Xatu|frz\n|\n|upkeep\n|turn|20\n|inactive|Jakathen22 2.0 has 120 seconds left.\n|\n|t:|1662588039\n|cant|p1a: Xatu|frz\n|move|p2a: Regice|Ice Beam|p1a: Xatu\n|-supereffective|p1a: Xatu\n|-damage|p1a: Xatu|0 fnt\n|faint|p1a: Xatu\n|\n|upkeep\n|c|\u2606Portgus D Ace|gg\n|inactive|Jakathen22 2.0 has 120 seconds left.\n|\n|t:|1662588046\n|switch|p1a: Linoone|Linoone, L84, M|268\/268\n|-damage|p1a: Linoone|235\/268|[from] Spikes\n|turn|21\n|\n|t:|1662588059\n|switch|p2a: Urshifu|Urshifu-Rapid-Strike, L78, M|284\/284\n|move|p1a: Linoone|Belly Drum|p1a: Linoone\n|-damage|p1a: Linoone|101\/268\n|-setboost|p1a: Linoone|atk|6|[from] move: Belly Drum\n|-enditem|p1a: Linoone|Aguav Berry|[eat]\n|-heal|p1a: Linoone|189\/268|[from] item: Aguav Berry\n|\n|upkeep\n|turn|22\n|\n|t:|1662588069\n|move|p1a: Linoone|Extreme Speed|p2a: Urshifu\n|-damage|p2a: Urshifu|20\/284\n|move|p2a: Urshifu|Close Combat|p1a: Linoone\n|-supereffective|p1a: Linoone\n|-damage|p1a: Linoone|0 fnt\n|-unboost|p2a: Urshifu|def|1\n|-unboost|p2a: Urshifu|spd|1\n|faint|p1a: Linoone\n|-damage|p2a: Urshifu|0 fnt|[from] item: Life Orb\n|faint|p2a: Urshifu\n|\n|upkeep\n|\n|t:|1662588074\n|switch|p1a: Kingdra|Kingdra, L82, F|17\/257\n|switch|p2a: Regice|Regice, L84|271\/271\n|-damage|p1a: Kingdra|0 fnt|[from] Spikes\n|faint|p1a: Kingdra\n|\n|win|Portgus D Ace\n|raw|Jakathen22 2.0's rating: 1557 &rarr; <strong>1540<\/strong><br \/>(-17 for losing)\n|raw|Portgus D Ace's rating: 1609 &rarr; <strong>1626<\/strong><br \/>(+17 for winning)\n|c|\u2606Jakathen22 2.0|ggwo\n|c|\u2606Jakathen22 2.0|wp\n|c|\u2606Portgus D Ace|u2\n","inputlog":">version 8cf3438afc5b4a013c2b2d0b6cd5b917bdfe9b81\n>start {\"formatid\":\"gen8randombattle\",\"seed\":[13211,4977,11320,62853],\"rated\":\"Rated battle\"}\n>player p1 {\"name\":\"Jakathen22 2.0\",\"avatar\":\"1\",\"rating\":1557,\"seed\":[12548,27948,30304,1987]}\n>player p2 {\"name\":\"Portgus D Ace\",\"avatar\":\"169\",\"rating\":1609,\"seed\":[52400,31641,56431,24622]}\n>p1 switch 4\n>p2 move rockslide\n>p1 move flipturn\n>p2 move bodyslam\n>p1 switch 5\n>p1 move sludgewave\n>p2 move zenheadbutt\n>p1 move sludgewave\n>p2 move zenheadbutt\n>p2 switch 4\n>p1 move grassknot\n>p2 move spacialrend\n>p1 switch 4\n>p1 move thunderwave\n>p2 switch 3\n>p1 switch 2\n>p2 move risingvoltage\n>p1 move crunch\n>p2 move risingvoltage\n>p1 switch 3\n>p1 move quiverdance\n>p2 move risingvoltage\n>p1 move quiverdance\n>p2 move risingvoltage\n>p1 move roost\n>p2 move scald\n>p1 move roost\n>p2 move spikes\n>p1 move bugbuzz\n>p2 move scald\n>p2 switch 2\n>p1 move fireblast dynamax\n>p2 move dualwingbeat dynamax\n>p1 move quiverdance dynamax\n>p2 move earthquake dynamax\n>p1 move fireblast dynamax\n>p2 move outrage dynamax\n>p1 switch 2\n>p1 move psychic\n>p2 move outrage\n>p2 switch 6\n>p1 move roost\n>p2 move icebeam\n>p1 move roost\n>p2 move icebeam\n>p1 move thunderwave\n>p2 move icebeam\n>chat \u2606Portgus D Ace|gg\n>p1 switch 6\n>p1 move bellydrum\n>p2 switch 5\n>p1 move extremespeed\n>p2 move closecombat\n>p1 switch 5\n>p2 switch 5","uploadtime":1662588083,"views":4,"p1id":"jakathen2220","p2id":"portgusdace","formatid":"gen8randombattle","rating":1540,"private":0,"password":null}