{"id":"gen8monotype-1641465360","p1":"Eclipse77","p2":"King Verde","format":"gen8monotype","log":"|j|\u2606Eclipse77\n|j|\u2606King Verde\n|t:|1660708015\n|gametype|singles\n|player|p1|Eclipse77|kahili|1528\n|player|p2|King Verde|supernerd|1589\n|teamsize|p1|6\n|teamsize|p2|6\n|gen|8\n|tier|[Gen 8] Monotype\n|rated|\n|rule|Same Type Clause: Pok\u00e9mon in a team must share a type\n|rule|Sleep Clause Mod: Limit one foe put to sleep\n|rule|Species Clause: Limit one of each Pok\u00e9mon\n|rule|OHKO Clause: OHKO moves are banned\n|rule|Evasion Items Clause: Evasion items are banned\n|rule|Evasion Moves Clause: Evasion moves are banned\n|rule|Endless Battle Clause: Forcing endless battles is banned\n|rule|HP Percentage Mod: HP is shown in percentages\n|rule|Dynamax Clause: You cannot dynamax\n|clearpoke\n|poke|p1|Slowking, M|\n|poke|p1|Urshifu-*, M|\n|poke|p1|Tapu Fini|\n|poke|p1|Toxapex, M|\n|poke|p1|Gastrodon, M|\n|poke|p1|Rotom-Wash|\n|poke|p2|Mew|\n|poke|p2|Victini|\n|poke|p2|Slowbro, M|\n|poke|p2|Jirachi|\n|poke|p2|Tapu Lele|\n|poke|p2|Alakazam, M|\n|teampreview\n|c|\u2606King Verde|gl\n|c|\u2606Eclipse77|hf\n|\n|t:|1660708031\n|start\n|switch|p1a: Take This Mantine|Rotom-Wash, shiny|100\/100\n|switch|p2a: Mew|Mew|100\/100\n|turn|1\n|\n|t:|1660708035\n|switch|p2a: Victini|Victini|100\/100\n|move|p1a: Take This Mantine|Volt Switch|p2a: Victini\n|-damage|p2a: Victini|70\/100\n|\n|t:|1660708041\n|switch|p1a: JJ|Toxapex, M, shiny|100\/100|[from]move: Volt Switch\n|\n|upkeep\n|turn|2\n|\n|t:|1660708045\n|move|p2a: Victini|Trick|p1a: JJ\n|-activate|p2a: Victini|move: Trick|[of] p1a: JJ\n|-item|p1a: JJ|Choice Band|[from] move: Trick\n|-item|p2a: Victini|Black Sludge|[from] move: Trick\n|move|p1a: JJ|Scald|p2a: Victini\n|-supereffective|p2a: Victini\n|-damage|p2a: Victini|37\/100\n|\n|-damage|p2a: Victini|25\/100|[from] item: Black Sludge\n|upkeep\n|turn|3\n|\n|t:|1660708052\n|move|p2a: Victini|U-turn|p1a: JJ\n|-resisted|p1a: JJ\n|-damage|p1a: JJ|94\/100\n|\n|t:|1660708055\n|switch|p2a: Jirachi|Jirachi|100\/100|[from]move: U-turn\n|move|p1a: JJ|Scald|p2a: Jirachi\n|-damage|p2a: Jirachi|90\/100\n|-status|p2a: Jirachi|brn\n|\n|-heal|p2a: Jirachi|96\/100 brn|[from] item: Leftovers\n|-damage|p2a: Jirachi|90\/100 brn|[from] brn\n|upkeep\n|turn|4\n|\n|t:|1660708062\n|move|p2a: Jirachi|Stealth Rock|p1a: JJ\n|-sidestart|p1: Eclipse77|move: Stealth Rock\n|move|p1a: JJ|Scald|p2a: Jirachi\n|-damage|p2a: Jirachi|79\/100 brn\n|\n|-heal|p2a: Jirachi|86\/100 brn|[from] item: Leftovers\n|-damage|p2a: Jirachi|79\/100 brn|[from] brn\n|upkeep\n|turn|5\n|\n|t:|1660708071\n|switch|p1a: Tapu Fini|Tapu Fini, shiny|100\/100\n|-damage|p1a: Tapu Fini|88\/100|[from] Stealth Rock\n|-fieldstart|move: Misty Terrain|[from] ability: Misty Surge|[of] p1a: Tapu Fini\n|move|p2a: Jirachi|U-turn|p1a: Tapu Fini\n|-resisted|p1a: Tapu Fini\n|-damage|p1a: Tapu Fini|85\/100\n|\n|t:|1660708081\n|switch|p2a: Tapu Lele|Tapu Lele|100\/100|[from]move: U-turn\n|-fieldstart|move: Psychic Terrain|[from] ability: Psychic Surge|[of] p2a: Tapu Lele\n|\n|-heal|p1a: Tapu Fini|91\/100|[from] item: Leftovers\n|upkeep\n|turn|6\n|inactive|Battle timer is ON: inactive players will automatically lose when time's up. (requested by Eclipse77)\n|\n|t:|1660708088\n|switch|p2a: Mew|Mew|100\/100\n|switch|p1a: ?|Slowking, M|100\/100\n|\n|upkeep\n|turn|7\n|\n|t:|1660708098\n|switch|p1a: JJ|Toxapex, M, shiny|100\/100\n|-damage|p1a: JJ|88\/100|[from] Stealth Rock\n|move|p2a: Mew|Will-O-Wisp|p1a: JJ\n|-status|p1a: JJ|brn\n|\n|-damage|p1a: JJ|82\/100 brn|[from] brn\n|upkeep\n|turn|8\n|\n|t:|1660708117\n|switch|p2a: Slowbro|Slowbro, M|100\/100\n|switch|p1a: Tapu Fini|Tapu Fini, shiny|91\/100\n|-damage|p1a: Tapu Fini|79\/100|[from] Stealth Rock\n|-fieldstart|move: Misty Terrain|[from] ability: Misty Surge|[of] p1a: Tapu Fini\n|\n|-heal|p1a: Tapu Fini|85\/100|[from] item: Leftovers\n|upkeep\n|turn|9\n|\n|t:|1660708122\n|move|p1a: Tapu Fini|Defog|p2a: Slowbro\n|-unboost|p2a: Slowbro|evasion|1\n|-sideend|p1: Eclipse77|Stealth Rock|[from] move: Defog|[of] p1a: Tapu Fini\n|-fieldend|Misty Terrain\n|move|p2a: Slowbro|Teleport|p2a: Slowbro\n|\n|t:|1660708133\n|switch|p2a: Mew|Mew|100\/100|[from]move: Teleport\n|\n|-heal|p1a: Tapu Fini|91\/100|[from] item: Leftovers\n|upkeep\n|turn|10\n|\n|t:|1660708138\n|switch|p1a: JJ|Toxapex, M, shiny|100\/100 brn\n|move|p2a: Mew|Will-O-Wisp|p1a: JJ|[miss]\n|-miss|p2a: Mew|p1a: JJ\n|\n|-damage|p1a: JJ|94\/100 brn|[from] brn\n|upkeep\n|turn|11\n|\n|t:|1660708143\n|switch|p2a: Jirachi|Jirachi|79\/100 brn\n|move|p1a: JJ|Toxic||[still]\n|-fail|p1a: JJ\n|\n|-heal|p2a: Jirachi|86\/100 brn|[from] item: Leftovers\n|-damage|p2a: Jirachi|79\/100 brn|[from] brn\n|-damage|p1a: JJ|88\/100 brn|[from] brn\n|upkeep\n|turn|12\n|\n|t:|1660708147\n|switch|p1a: Tapu Fini|Tapu Fini, shiny|91\/100\n|-fieldstart|move: Misty Terrain|[from] ability: Misty Surge|[of] p1a: Tapu Fini\n|move|p2a: Jirachi|Stealth Rock|p1a: Tapu Fini\n|-sidestart|p1: Eclipse77|move: Stealth Rock\n|\n|-heal|p2a: Jirachi|86\/100 brn|[from] item: Leftovers\n|-heal|p1a: Tapu Fini|97\/100|[from] item: Leftovers\n|-damage|p2a: Jirachi|79\/100 brn|[from] brn\n|upkeep\n|turn|13\n|\n|t:|1660708153\n|move|p2a: Jirachi|U-turn|p1a: Tapu Fini\n|-resisted|p1a: Tapu Fini\n|-damage|p1a: Tapu Fini|95\/100\n|\n|t:|1660708159\n|switch|p2a: Alakazam|Alakazam, M|100\/100|[from]move: U-turn\n|move|p1a: Tapu Fini|Defog|p2a: Alakazam\n|-unboost|p2a: Alakazam|evasion|1\n|-sideend|p1: Eclipse77|Stealth Rock|[from] move: Defog|[of] p1a: Tapu Fini\n|-fieldend|Misty Terrain\n|\n|-heal|p1a: Tapu Fini|100\/100|[from] item: Leftovers\n|upkeep\n|turn|14\n|\n|t:|1660708163\n|switch|p1a: ?|Slowking, M|100\/100\n|move|p2a: Alakazam|Nasty Plot|p2a: Alakazam\n|-boost|p2a: Alakazam|spa|2\n|\n|upkeep\n|turn|15\n|\n|t:|1660708169\n|switch|p2a: Slowbro|Slowbro, M|100\/100\n|move|p1a: ?|Scald|p2a: Slowbro\n|-resisted|p2a: Slowbro\n|-damage|p2a: Slowbro|85\/100\n|\n|upkeep\n|turn|16\n|\n|t:|1660708173\n|move|p1a: ?|Teleport|p1a: ?\n|\n|t:|1660708186\n|switch|p1a: Take This Mantine|Rotom-Wash, shiny|100\/100|[from]move: Teleport\n|move|p2a: Slowbro|Teleport|p2a: Slowbro\n|\n|t:|1660708206\n|switch|p2a: Tapu Lele|Tapu Lele|100\/100|[from]move: Teleport\n|-fieldstart|move: Psychic Terrain|[from] ability: Psychic Surge|[of] p2a: Tapu Lele\n|\n|upkeep\n|turn|17\n|\n|t:|1660708210\n|switch|p1a: ?|Slowking, M|100\/100\n|move|p2a: Tapu Lele|Psyshock|p1a: ?\n|-resisted|p1a: ?\n|-damage|p1a: ?|73\/100\n|\n|upkeep\n|turn|18\n|\n|t:|1660708218\n|switch|p2a: Jirachi|Jirachi|79\/100 brn\n|move|p1a: ?|Scald|p2a: Jirachi\n|-damage|p2a: Jirachi|61\/100 brn\n|\n|-heal|p2a: Jirachi|68\/100 brn|[from] item: Leftovers\n|-damage|p2a: Jirachi|61\/100 brn|[from] brn\n|upkeep\n|turn|19\n|\n|t:|1660708227\n|switch|p1a: Tapu Fini|Tapu Fini, shiny|100\/100\n|-fieldstart|move: Misty Terrain|[from] ability: Misty Surge|[of] p1a: Tapu Fini\n|move|p2a: Jirachi|U-turn|p1a: Tapu Fini\n|-resisted|p1a: Tapu Fini\n|-damage|p1a: Tapu Fini|98\/100\n|\n|t:|1660708229\n|switch|p2a: Victini|Victini|25\/100|[from]move: U-turn\n|\n|-damage|p2a: Victini|12\/100|[from] item: Black Sludge\n|-heal|p1a: Tapu Fini|100\/100|[from] item: Leftovers\n|upkeep\n|turn|20\n|\n|t:|1660708232\n|switch|p1a: JJ|Toxapex, M, shiny|100\/100 brn\n|move|p2a: Victini|Trick|p1a: JJ\n|-activate|p2a: Victini|move: Trick|[of] p1a: JJ\n|-item|p1a: JJ|Black Sludge|[from] move: Trick\n|-item|p2a: Victini|Choice Band|[from] move: Trick\n|\n|-damage|p1a: JJ|94\/100 brn|[from] brn\n|upkeep\n|turn|21\n|\n|t:|1660708241\n|switch|p1a: Please No Grass|Gastrodon, M|100\/100\n|move|p2a: Victini|U-turn|p1a: Please No Grass\n|-damage|p1a: Please No Grass|76\/100\n|\n|t:|1660708249\n|switch|p2a: Mew|Mew|100\/100|[from]move: U-turn\n|\n|-heal|p1a: Please No Grass|82\/100|[from] item: Leftovers\n|upkeep\n|turn|22\n|\n|t:|1660708262\n|move|p2a: Mew|Taunt|p1a: Please No Grass\n|-start|p1a: Please No Grass|move: Taunt\n|move|p1a: Please No Grass|Earth Power|p2a: Mew\n|-damage|p2a: Mew|76\/100\n|\n|-heal|p2a: Mew|82\/100|[from] item: Leftovers\n|-heal|p1a: Please No Grass|88\/100|[from] item: Leftovers\n|upkeep\n|turn|23\n|\n|t:|1660708273\n|move|p2a: Mew|Knock Off|p1a: Please No Grass\n|-damage|p1a: Please No Grass|71\/100\n|-enditem|p1a: Please No Grass|Leftovers|[from] move: Knock Off|[of] p2a: Mew\n|move|p1a: Please No Grass|Earth Power|p2a: Mew\n|-damage|p2a: Mew|60\/100\n|\n|-heal|p2a: Mew|66\/100|[from] item: Leftovers\n|-fieldend|Misty Terrain\n|upkeep\n|turn|24\n|\n|t:|1660708284\n|move|p2a: Mew|Will-O-Wisp|p1a: Please No Grass|[miss]\n|-miss|p2a: Mew|p1a: Please No Grass\n|move|p1a: Please No Grass|Earth Power|p2a: Mew\n|-damage|p2a: Mew|41\/100\n|\n|-heal|p2a: Mew|47\/100|[from] item: Leftovers\n|-end|p1a: Please No Grass|move: Taunt\n|upkeep\n|turn|25\n|\n|t:|1660708305\n|switch|p1a: Crit Machine|Urshifu-Rapid-Strike, M|100\/100\n|move|p2a: Mew|Taunt|p1a: Crit Machine\n|-start|p1a: Crit Machine|move: Taunt\n|\n|-heal|p2a: Mew|53\/100|[from] item: Leftovers\n|upkeep\n|turn|26\n|\n|t:|1660708309\n|switch|p2a: Slowbro|Slowbro, M|100\/100\n|move|p1a: Crit Machine|U-turn|p2a: Slowbro\n|-supereffective|p2a: Slowbro\n|-damage|p2a: Slowbro|58\/100\n|-damage|p1a: Crit Machine|84\/100|[from] item: Rocky Helmet|[of] p2a: Slowbro\n|\n|t:|1660708312\n|switch|p1a: Take This Mantine|Rotom-Wash, shiny|100\/100|[from]move: U-turn\n|\n|upkeep\n|turn|27\n|\n|t:|1660708317\n|switch|p2a: Jirachi|Jirachi|61\/100 brn\n|move|p1a: Take This Mantine|Volt Switch|p2a: Jirachi\n|-damage|p2a: Jirachi|42\/100 brn\n|\n|t:|1660708322\n|switch|p1a: Crit Machine|Urshifu-Rapid-Strike, M|84\/100|[from]move: Volt Switch\n|\n|-heal|p2a: Jirachi|48\/100 brn|[from] item: Leftovers\n|-damage|p2a: Jirachi|42\/100 brn|[from] brn\n|upkeep\n|turn|28\n|\n|t:|1660708325\n|switch|p2a: Slowbro|Slowbro, M|92\/100\n|move|p1a: Crit Machine|U-turn|p2a: Slowbro\n|-supereffective|p2a: Slowbro\n|-damage|p2a: Slowbro|51\/100\n|-damage|p1a: Crit Machine|68\/100|[from] item: Rocky Helmet|[of] p2a: Slowbro\n|j| just like hunny\n|\n|t:|1660708328\n|switch|p1a: Take This Mantine|Rotom-Wash, shiny|100\/100|[from]move: U-turn\n|\n|upkeep\n|turn|29\n|\n|t:|1660708330\n|switch|p2a: Jirachi|Jirachi|42\/100 brn\n|move|p1a: Take This Mantine|Volt Switch|p2a: Jirachi\n|-damage|p2a: Jirachi|24\/100 brn\n|\n|t:|1660708332\n|switch|p1a: Crit Machine|Urshifu-Rapid-Strike, M|68\/100|[from]move: Volt Switch\n|\n|-heal|p2a: Jirachi|30\/100 brn|[from] item: Leftovers\n|-damage|p2a: Jirachi|24\/100 brn|[from] brn\n|upkeep\n|turn|30\n|\n|t:|1660708335\n|switch|p2a: Slowbro|Slowbro, M|84\/100\n|move|p1a: Crit Machine|U-turn|p2a: Slowbro\n|-supereffective|p2a: Slowbro\n|-damage|p2a: Slowbro|40\/100\n|-damage|p1a: Crit Machine|51\/100|[from] item: Rocky Helmet|[of] p2a: Slowbro\n|\n|t:|1660708337\n|switch|p1a: Take This Mantine|Rotom-Wash, shiny|100\/100|[from]move: U-turn\n|\n|upkeep\n|turn|31\n|c| just like hunny|eclipse wtf long time no see\n|c|\u2606Eclipse77|yooo hunny its been a bit\n|\n|t:|1660708357\n|switch|p2a: Jirachi|Jirachi|24\/100 brn\n|move|p1a: Take This Mantine|Volt Switch|p2a: Jirachi\n|-damage|p2a: Jirachi|4\/100 brn\n|c|\u2606Eclipse77|I haven't played mono in months lmao\n|\n|t:|1660708360\n|switch|p1a: Crit Machine|Urshifu-Rapid-Strike, M|51\/100|[from]move: Volt Switch\n|\n|-heal|p2a: Jirachi|11\/100 brn|[from] item: Leftovers\n|-damage|p2a: Jirachi|4\/100 brn|[from] brn\n|upkeep\n|turn|32\n|\n|t:|1660708362\n|switch|p2a: Slowbro|Slowbro, M|74\/100\n|move|p1a: Crit Machine|U-turn|p2a: Slowbro\n|-supereffective|p2a: Slowbro\n|-damage|p2a: Slowbro|27\/100\n|-damage|p1a: Crit Machine|35\/100|[from] item: Rocky Helmet|[of] p2a: Slowbro\n|\n|t:|1660708365\n|switch|p1a: Take This Mantine|Rotom-Wash, shiny|100\/100|[from]move: U-turn\n|\n|upkeep\n|turn|33\n|\n|t:|1660708366\n|switch|p2a: Jirachi|Jirachi|4\/100 brn\n|move|p1a: Take This Mantine|Volt Switch|p2a: Jirachi\n|-damage|p2a: Jirachi|0 fnt\n|faint|p2a: Jirachi\n|\n|t:|1660708372\n|switch|p1a: Crit Machine|Urshifu-Rapid-Strike, M|35\/100|[from]move: Volt Switch\n|\n|upkeep\n|\n|t:|1660708386\n|switch|p2a: Victini|Victini|12\/100\n|turn|34\n|\n|t:|1660708391\n|switch|p1a: Please No Grass|Gastrodon, M|71\/100\n|move|p2a: Victini|U-turn|p1a: Please No Grass\n|-damage|p1a: Please No Grass|50\/100\n|\n|t:|1660708398\n|switch|p2a: Mew|Mew|53\/100|[from]move: U-turn\n|\n|-heal|p2a: Mew|60\/100|[from] item: Leftovers\n|upkeep\n|turn|35\n|\n|t:|1660708407\n|move|p2a: Mew|Roost|p2a: Mew\n|-heal|p2a: Mew|100\/100\n|-singleturn|p2a: Mew|move: Roost\n|move|p1a: Please No Grass|Recover|p1a: Please No Grass\n|-heal|p1a: Please No Grass|99\/100\n|\n|upkeep\n|turn|36\n|\n|t:|1660708411\n|move|p2a: Mew|Taunt|p1a: Please No Grass\n|-start|p1a: Please No Grass|move: Taunt\n|cant|p1a: Please No Grass|move: Taunt|Toxic\n|\n|upkeep\n|turn|37\n|\n|t:|1660708416\n|move|p2a: Mew|Will-O-Wisp|p1a: Please No Grass|[miss]\n|-miss|p2a: Mew|p1a: Please No Grass\n|move|p1a: Please No Grass|Earth Power|p2a: Mew\n|-damage|p2a: Mew|78\/100\n|\n|-heal|p2a: Mew|84\/100|[from] item: Leftovers\n|upkeep\n|turn|38\n|\n|t:|1660708421\n|move|p2a: Mew|Will-O-Wisp|p1a: Please No Grass\n|-status|p1a: Please No Grass|brn\n|move|p1a: Please No Grass|Earth Power|p2a: Mew\n|-damage|p2a: Mew|59\/100\n|\n|-heal|p2a: Mew|65\/100|[from] item: Leftovers\n|-damage|p1a: Please No Grass|94\/100 brn|[from] brn\n|-end|p1a: Please No Grass|move: Taunt\n|upkeep\n|turn|39\n|\n|t:|1660708428\n|move|p2a: Mew|Taunt|p1a: Please No Grass\n|-start|p1a: Please No Grass|move: Taunt\n|move|p1a: Please No Grass|Earth Power|p2a: Mew\n|-damage|p2a: Mew|40\/100\n|\n|-heal|p2a: Mew|46\/100|[from] item: Leftovers\n|-damage|p1a: Please No Grass|88\/100 brn|[from] brn\n|upkeep\n|turn|40\n|\n|t:|1660708431\n|move|p2a: Mew|Roost|p2a: Mew\n|-heal|p2a: Mew|96\/100\n|-singleturn|p2a: Mew|move: Roost\n|move|p1a: Please No Grass|Earth Power|p2a: Mew\n|-damage|p2a: Mew|74\/100\n|\n|-heal|p2a: Mew|80\/100|[from] item: Leftovers\n|-damage|p1a: Please No Grass|82\/100 brn|[from] brn\n|upkeep\n|turn|41\n|\n|t:|1660708444\n|move|p2a: Mew|Knock Off|p1a: Please No Grass\n|-damage|p1a: Please No Grass|71\/100 brn\n|move|p1a: Please No Grass|Earth Power|p2a: Mew\n|-damage|p2a: Mew|56\/100\n|\n|-heal|p2a: Mew|62\/100|[from] item: Leftovers\n|-damage|p1a: Please No Grass|65\/100 brn|[from] brn\n|-end|p1a: Please No Grass|move: Taunt\n|upkeep\n|turn|42\n|\n|t:|1660708452\n|move|p2a: Mew|Taunt|p1a: Please No Grass\n|-start|p1a: Please No Grass|move: Taunt\n|cant|p1a: Please No Grass|move: Taunt|Toxic\n|\n|-heal|p2a: Mew|68\/100|[from] item: Leftovers\n|-damage|p1a: Please No Grass|58\/100 brn|[from] brn\n|upkeep\n|turn|43\n|\n|t:|1660708458\n|switch|p1a: JJ|Toxapex, M, shiny|100\/100 brn\n|move|p2a: Mew|Roost|p2a: Mew\n|-heal|p2a: Mew|100\/100\n|-singleturn|p2a: Mew|move: Roost\n|\n|-damage|p1a: JJ|94\/100 brn|[from] brn\n|upkeep\n|turn|44\n|j| Krrypton\n|\n|t:|1660708467\n|switch|p1a: Crit Machine|Urshifu-Rapid-Strike, M|35\/100\n|move|p2a: Mew|Taunt|p1a: Crit Machine\n|-start|p1a: Crit Machine|move: Taunt\n|\n|upkeep\n|turn|45\n|\n|t:|1660708486\n|switch|p1a: Take This Mantine|Rotom-Wash, shiny|100\/100\n|switch|p2a: Slowbro|Slowbro, M|60\/100\n|\n|upkeep\n|turn|46\n|\n|t:|1660708491\n|switch|p2a: Mew|Mew|100\/100\n|move|p1a: Take This Mantine|Volt Switch|p2a: Mew\n|-crit|p2a: Mew\n|-damage|p2a: Mew|65\/100\n|\n|t:|1660708506\n|switch|p1a: Crit Machine|Urshifu-Rapid-Strike, M|35\/100|[from]move: Volt Switch\n|\n|-heal|p2a: Mew|71\/100|[from] item: Leftovers\n|upkeep\n|turn|47\n|j| IlIlI IlI\n|l| IlIlI IlI\n|\n|t:|1660708527\n|switch|p2a: Slowbro|Slowbro, M|94\/100\n|move|p1a: Crit Machine|U-turn|p2a: Slowbro\n|-supereffective|p2a: Slowbro\n|-damage|p2a: Slowbro|47\/100\n|-damage|p1a: Crit Machine|18\/100|[from] item: Rocky Helmet|[of] p2a: Slowbro\n|\n|t:|1660708530\n|switch|p1a: Take This Mantine|Rotom-Wash, shiny|100\/100|[from]move: U-turn\n|\n|upkeep\n|turn|48\n|\n|t:|1660708541\n|switch|p2a: Victini|Victini|12\/100\n|move|p1a: Take This Mantine|Trick|p2a: Victini\n|-activate|p1a: Take This Mantine|move: Trick|[of] p2a: Victini\n|-item|p2a: Victini|Choice Scarf|[from] move: Trick\n|-item|p1a: Take This Mantine|Choice Band|[from] move: Trick\n|\n|upkeep\n|turn|49\n|\n|t:|1660708564\n|move|p2a: Victini|Bolt Strike|p1a: Take This Mantine\n|-damage|p1a: Take This Mantine|51\/100\n|move|p1a: Take This Mantine|Trick|p2a: Victini\n|-activate|p1a: Take This Mantine|move: Trick|[of] p2a: Victini\n|-item|p2a: Victini|Choice Band|[from] move: Trick\n|-item|p1a: Take This Mantine|Choice Scarf|[from] move: Trick\n|\n|upkeep\n|turn|50\n|\n|t:|1660708578\n|move|p1a: Take This Mantine|Trick|p2a: Victini\n|-activate|p1a: Take This Mantine|move: Trick|[of] p2a: Victini\n|-item|p2a: Victini|Choice Scarf|[from] move: Trick\n|-item|p1a: Take This Mantine|Choice Band|[from] move: Trick\n|move|p2a: Victini|U-turn|p1a: Take This Mantine\n|-damage|p1a: Take This Mantine|22\/100\n|c| just like hunny|yo you've gotta make up your mind with that item :P\n|j| IlIlI IlI\n|inactive|King Verde has 120 seconds left.\n|\n|t:|1660708594\n|switch|p2a: Tapu Lele|Tapu Lele|100\/100|[from]move: U-turn\n|-fieldstart|move: Psychic Terrain|[from] ability: Psychic Surge|[of] p2a: Tapu Lele\n|\n|upkeep\n|turn|51\n|\n|t:|1660708600\n|switch|p1a: ?|Slowking, M|100\/100\n|move|p2a: Tapu Lele|Shadow Ball|p1a: ?\n|-supereffective|p1a: ?\n|-damage|p1a: ?|68\/100\n|\n|upkeep\n|turn|52\n|c|\u2606Eclipse77|lmao I was trying to catch a switch\n|\n|t:|1660708618\n|switch|p2a: Mew|Mew|71\/100\n|move|p1a: ?|Teleport|p1a: ?\n|\n|t:|1660708621\n|switch|p1a: Take This Mantine|Rotom-Wash, shiny|22\/100|[from]move: Teleport\n|\n|-heal|p2a: Mew|77\/100|[from] item: Leftovers\n|upkeep\n|turn|53\n|\n|t:|1660708633\n|move|p2a: Mew|Knock Off|p1a: Take This Mantine\n|-damage|p1a: Take This Mantine|0 fnt\n|-enditem|p1a: Take This Mantine|Choice Band|[from] move: Knock Off|[of] p2a: Mew\n|faint|p1a: Take This Mantine\n|\n|-heal|p2a: Mew|83\/100|[from] item: Leftovers\n|upkeep\n|\n|t:|1660708647\n|switch|p1a: Crit Machine|Urshifu-Rapid-Strike, M|18\/100\n|turn|54\n|\n|t:|1660708654\n|switch|p2a: Slowbro|Slowbro, M|80\/100\n|move|p1a: Crit Machine|U-turn|p2a: Slowbro\n|-supereffective|p2a: Slowbro\n|-damage|p2a: Slowbro|35\/100\n|-damage|p1a: Crit Machine|2\/100|[from] item: Rocky Helmet|[of] p2a: Slowbro\n|\n|t:|1660708660\n|switch|p1a: Please No Grass|Gastrodon, M|58\/100 brn|[from]move: U-turn\n|\n|-damage|p1a: Please No Grass|52\/100 brn|[from] brn\n|-fieldend|move: Psychic Terrain\n|upkeep\n|turn|55\n|c|\u2606King Verde|i have stallbreaker mew the only reason why im even in the gaem\n|l| Krrypton\n|c|\u2606King Verde|*game\n|\n|t:|1660708689\n|move|p1a: Please No Grass|Toxic|p2a: Slowbro\n|-status|p2a: Slowbro|tox\n|move|p2a: Slowbro|Slack Off|p2a: Slowbro\n|-heal|p2a: Slowbro|85\/100 tox\n|\n|-damage|p2a: Slowbro|79\/100 tox|[from] psn\n|-damage|p1a: Please No Grass|46\/100 brn|[from] brn\n|upkeep\n|turn|56\n|\n|t:|1660708694\n|move|p1a: Please No Grass|Recover|p1a: Please No Grass\n|-heal|p1a: Please No Grass|96\/100 brn\n|move|p2a: Slowbro|Teleport|p2a: Slowbro\n|\n|t:|1660708697\n|switch|p2a: Mew|Mew|83\/100|[from]move: Teleport\n|\n|-heal|p2a: Mew|90\/100|[from] item: Leftovers\n|-damage|p1a: Please No Grass|90\/100 brn|[from] brn\n|upkeep\n|turn|57\n|\n|t:|1660708703\n|move|p2a: Mew|Taunt|p1a: Please No Grass\n|-start|p1a: Please No Grass|move: Taunt\n|move|p1a: Please No Grass|Scald|p2a: Mew\n|-damage|p2a: Mew|66\/100\n|\n|-heal|p2a: Mew|73\/100|[from] item: Leftovers\n|-damage|p1a: Please No Grass|84\/100 brn|[from] brn\n|upkeep\n|turn|58\n|j| Hgjfjgf\n|\n|t:|1660708724\n|switch|p2a: Slowbro|Slowbro, M|100\/100 tox\n|switch|p1a: JJ|Toxapex, M, shiny|100\/100 brn\n|\n|-damage|p2a: Slowbro|94\/100 tox|[from] psn\n|-damage|p1a: JJ|94\/100 brn|[from] brn\n|upkeep\n|turn|59\n|\n|t:|1660708732\n|move|p1a: JJ|Scald|p2a: Slowbro\n|-resisted|p2a: Slowbro\n|-damage|p2a: Slowbro|85\/100 tox\n|move|p2a: Slowbro|Teleport|p2a: Slowbro\n|\n|t:|1660708737\n|switch|p2a: Tapu Lele|Tapu Lele|100\/100|[from]move: Teleport\n|-fieldstart|move: Psychic Terrain|[from] ability: Psychic Surge|[of] p2a: Tapu Lele\n|\n|-heal|p1a: JJ|100\/100 brn|[from] item: Black Sludge\n|-damage|p1a: JJ|94\/100 brn|[from] brn\n|upkeep\n|turn|60\n|\n|t:|1660708751\n|switch|p2a: Victini|Victini|12\/100\n|switch|p1a: ?|Slowking, M|100\/100\n|\n|upkeep\n|turn|61\n|\n|t:|1660708768\n|switch|p1a: Tapu Fini|Tapu Fini, shiny|100\/100\n|-fieldstart|move: Misty Terrain|[from] ability: Misty Surge|[of] p1a: Tapu Fini\n|move|p2a: Victini|U-turn|p1a: Tapu Fini\n|-resisted|p1a: Tapu Fini\n|-damage|p1a: Tapu Fini|94\/100\n|\n|t:|1660708777\n|switch|p2a: Mew|Mew|73\/100|[from]move: U-turn\n|\n|-heal|p2a: Mew|79\/100|[from] item: Leftovers\n|-heal|p1a: Tapu Fini|99\/100|[from] item: Leftovers\n|upkeep\n|turn|62\n|\n|t:|1660708781\n|switch|p1a: JJ|Toxapex, M, shiny|100\/100 brn\n|move|p2a: Mew|Knock Off|p1a: JJ\n|-damage|p1a: JJ|87\/100 brn\n|-enditem|p1a: JJ|Black Sludge|[from] move: Knock Off|[of] p2a: Mew\n|\n|-heal|p2a: Mew|85\/100|[from] item: Leftovers\n|-damage|p1a: JJ|81\/100 brn|[from] brn\n|upkeep\n|turn|63\n|j| Krrypton\n|l| Krrypton\n|\n|t:|1660708795\n|switch|p2a: Slowbro|Slowbro, M|100\/100 tox\n|switch|p1a: Tapu Fini|Tapu Fini, shiny|99\/100\n|\n|-heal|p1a: Tapu Fini|100\/100|[from] item: Leftovers\n|-damage|p2a: Slowbro|94\/100 tox|[from] psn\n|upkeep\n|turn|64\n|\n|t:|1660708812\n|move|p1a: Tapu Fini|Draining Kiss|p2a: Slowbro\n|-damage|p2a: Slowbro|75\/100 tox\n|-damage|p1a: Tapu Fini|84\/100|[from] item: Rocky Helmet|[of] p2a: Slowbro\n|move|p2a: Slowbro|Teleport|p2a: Slowbro\n|\n|t:|1660708815\n|switch|p2a: Mew|Mew|85\/100|[from]move: Teleport\n|\n|-heal|p2a: Mew|91\/100|[from] item: Leftovers\n|-heal|p1a: Tapu Fini|90\/100|[from] item: Leftovers\n|upkeep\n|turn|65\n|\n|t:|1660708820\n|switch|p1a: JJ|Toxapex, M, shiny|100\/100 brn\n|move|p2a: Mew|Knock Off|p1a: JJ\n|-damage|p1a: JJ|92\/100 brn\n|\n|-heal|p2a: Mew|97\/100|[from] item: Leftovers\n|-damage|p1a: JJ|86\/100 brn|[from] brn\n|-fieldend|Misty Terrain\n|upkeep\n|turn|66\n|\n|t:|1660708828\n|switch|p2a: Slowbro|Slowbro, M|100\/100 tox\n|move|p1a: JJ|Toxic|p2a: Slowbro\n|-fail|p2a: Slowbro|tox\n|\n|-damage|p2a: Slowbro|94\/100 tox|[from] psn\n|-damage|p1a: JJ|79\/100 brn|[from] brn\n|upkeep\n|turn|67\n|\n|t:|1660708833\n|switch|p1a: Tapu Fini|Tapu Fini, shiny|90\/100\n|-fieldstart|move: Misty Terrain|[from] ability: Misty Surge|[of] p1a: Tapu Fini\n|move|p2a: Slowbro|Teleport|p2a: Slowbro\n|\n|t:|1660708845\n|switch|p2a: Tapu Lele|Tapu Lele|100\/100|[from]move: Teleport\n|-fieldstart|move: Psychic Terrain|[from] ability: Psychic Surge|[of] p2a: Tapu Lele\n|\n|-heal|p1a: Tapu Fini|96\/100|[from] item: Leftovers\n|upkeep\n|turn|68\n|\n|t:|1660708863\n|switch|p2a: Alakazam|Alakazam, M|100\/100\n|move|p1a: Tapu Fini|Scald|p2a: Alakazam\n|-damage|p2a: Alakazam|65\/100\n|-status|p2a: Alakazam|brn\n|\n|-heal|p1a: Tapu Fini|100\/100|[from] item: Leftovers\n|upkeep\n|turn|69\n|\n|t:|1660708870\n|switch|p1a: ?|Slowking, M|100\/100\n|move|p2a: Alakazam|Nasty Plot|p2a: Alakazam\n|-boost|p2a: Alakazam|spa|2\n|\n|upkeep\n|turn|70\n|\n|t:|1660708873\n|move|p2a: Alakazam|Expanding Force|p1a: ?\n|-resisted|p1a: ?\n|-damage|p1a: ?|50\/100\n|move|p1a: ?|Scald|p2a: Alakazam\n|-damage|p2a: Alakazam|25\/100 brn\n|\n|upkeep\n|turn|71\n|\n|t:|1660708880\n|switch|p1a: Tapu Fini|Tapu Fini, shiny|100\/100\n|-fieldstart|move: Misty Terrain|[from] ability: Misty Surge|[of] p1a: Tapu Fini\n|move|p2a: Alakazam|Expanding Force|p1a: Tapu Fini\n|-damage|p1a: Tapu Fini|33\/100\n|\n|-heal|p1a: Tapu Fini|39\/100|[from] item: Leftovers\n|upkeep\n|turn|72\n|\n|t:|1660708886\n|move|p2a: Alakazam|Expanding Force|p1a: Tapu Fini\n|-damage|p1a: Tapu Fini|0 fnt\n|faint|p1a: Tapu Fini\n|\n|upkeep\n|\n|t:|1660708889\n|switch|p1a: ?|Slowking, M|83\/100\n|turn|73\n|\n|t:|1660708893\n|switch|p2a: Slowbro|Slowbro, M|100\/100 tox\n|move|p1a: ?|Scald|p2a: Slowbro\n|-resisted|p2a: Slowbro\n|-damage|p2a: Slowbro|86\/100 tox\n|\n|-damage|p2a: Slowbro|80\/100 tox|[from] psn\n|upkeep\n|turn|74\n|\n|t:|1660708899\n|move|p1a: ?|Teleport|p1a: ?\n|\n|t:|1660708903\n|switch|p1a: Crit Machine|Urshifu-Rapid-Strike, M|2\/100|[from]move: Teleport\n|move|p2a: Slowbro|Teleport|p2a: Slowbro\n|\n|t:|1660708912\n|switch|p2a: Tapu Lele|Tapu Lele|100\/100|[from]move: Teleport\n|-fieldstart|move: Psychic Terrain|[from] ability: Psychic Surge|[of] p2a: Tapu Lele\n|\n|upkeep\n|turn|75\n|\n|t:|1660708916\n|switch|p2a: Slowbro|Slowbro, M|100\/100 tox\n|switch|p1a: ?|Slowking, M|100\/100\n|\n|-damage|p2a: Slowbro|94\/100 tox|[from] psn\n|upkeep\n|turn|76\n|\n|t:|1660708920\n|move|p2a: Slowbro|Teleport|p2a: Slowbro\n|\n|t:|1660708922\n|switch|p2a: Mew|Mew|97\/100|[from]move: Teleport\n|move|p1a: ?|Teleport|p1a: ?\n|\n|t:|1660708926\n|switch|p1a: JJ|Toxapex, M, shiny|100\/100 brn|[from]move: Teleport\n|\n|-heal|p2a: Mew|100\/100|[from] item: Leftovers\n|-damage|p1a: JJ|94\/100 brn|[from] brn\n|upkeep\n|turn|77\n|l| just like hunny\n|\n|t:|1660708932\n|switch|p2a: Slowbro|Slowbro, M|100\/100 tox\n|move|p1a: JJ|Haze|p1a: JJ\n|-clearallboost\n|\n|-damage|p2a: Slowbro|94\/100 tox|[from] psn\n|-damage|p1a: JJ|88\/100 brn|[from] brn\n|upkeep\n|turn|78\n|\n|t:|1660708938\n|switch|p1a: ?|Slowking, M|100\/100\n|move|p2a: Slowbro|Teleport|p2a: Slowbro\n|j| just like hunny\n|\n|t:|1660708942\n|switch|p2a: Victini|Victini|12\/100|[from]move: Teleport\n|\n|-fieldend|move: Psychic Terrain\n|upkeep\n|turn|79\n|\n|t:|1660708955\n|move|p2a: Victini|Trick|p1a: ?\n|-activate|p2a: Victini|move: Trick|[of] p1a: ?\n|-item|p1a: ?|Choice Scarf|[from] move: Trick\n|-item|p2a: Victini|Heavy-Duty Boots|[from] move: Trick\n|move|p1a: ?|Scald|p2a: Victini\n|-supereffective|p2a: Victini\n|-crit|p2a: Victini\n|-damage|p2a: Victini|0 fnt\n|faint|p2a: Victini\n|\n|upkeep\n|\n|t:|1660708967\n|switch|p2a: Mew|Mew|100\/100\n|turn|80\n|\n|t:|1660708974\n|switch|p1a: JJ|Toxapex, M, shiny|100\/100 brn\n|move|p2a: Mew|Taunt|p1a: JJ\n|-start|p1a: JJ|move: Taunt\n|\n|-damage|p1a: JJ|94\/100 brn|[from] brn\n|upkeep\n|turn|81\n|inactive|Eclipse77 has 120 seconds left.\n|\n|t:|1660709017\n|switch|p2a: Slowbro|Slowbro, M|100\/100 tox\n|switch|p1a: Please No Grass|Gastrodon, M|84\/100 brn\n|\n|-damage|p2a: Slowbro|94\/100 tox|[from] psn\n|-damage|p1a: Please No Grass|78\/100 brn|[from] brn\n|upkeep\n|turn|82\n|\n|t:|1660709024\n|switch|p1a: ?|Slowking, M|100\/100\n|move|p2a: Slowbro|Teleport|p2a: Slowbro\n|\n|t:|1660709029\n|switch|p2a: Tapu Lele|Tapu Lele|100\/100|[from]move: Teleport\n|-fieldstart|move: Psychic Terrain|[from] ability: Psychic Surge|[of] p2a: Tapu Lele\n|\n|upkeep\n|turn|83\n|inactive|Eclipse77 has 120 seconds left.\n|\n|t:|1660709052\n|switch|p2a: Slowbro|Slowbro, M|100\/100 tox\n|move|p1a: ?|Scald|p2a: Slowbro\n|-resisted|p2a: Slowbro\n|-damage|p2a: Slowbro|87\/100 tox\n|\n|-damage|p2a: Slowbro|80\/100 tox|[from] psn\n|upkeep\n|turn|84\n|\n|t:|1660709059\n|switch|p1a: JJ|Toxapex, M, shiny|100\/100 brn\n|move|p2a: Slowbro|Teleport|p2a: Slowbro\n|\n|t:|1660709062\n|switch|p2a: Alakazam|Alakazam, M|25\/100 brn|[from]move: Teleport\n|\n|-damage|p1a: JJ|94\/100 brn|[from] brn\n|upkeep\n|turn|85\n|inactive|Eclipse77 has 90 seconds left.\n|\n|t:|1660709088\n|switch|p1a: ?|Slowking, M|100\/100\n|move|p2a: Alakazam|Expanding Force|p1a: ?\n|-resisted|p1a: ?\n|-damage|p1a: ?|76\/100\n|\n|upkeep\n|turn|86\n|l| IlIlI IlI\n|\n|t:|1660709096\n|switch|p2a: Slowbro|Slowbro, M|100\/100 tox\n|move|p1a: ?|Scald|p2a: Slowbro\n|-resisted|p2a: Slowbro\n|-damage|p2a: Slowbro|86\/100 tox\n|\n|-damage|p2a: Slowbro|80\/100 tox|[from] psn\n|-fieldend|move: Psychic Terrain\n|upkeep\n|turn|87\n|inactive|Eclipse77 has 90 seconds left.\n|\n|t:|1660709121\n|switch|p1a: Please No Grass|Gastrodon, M|78\/100 brn\n|move|p2a: Slowbro|Teleport|p2a: Slowbro\n|\n|t:|1660709132\n|switch|p2a: Tapu Lele|Tapu Lele|100\/100|[from]move: Teleport\n|-fieldstart|move: Psychic Terrain|[from] ability: Psychic Surge|[of] p2a: Tapu Lele\n|\n|-damage|p1a: Please No Grass|72\/100 brn|[from] brn\n|upkeep\n|turn|88\n|\n|t:|1660709149\n|switch|p2a: Slowbro|Slowbro, M|100\/100 tox\n|switch|p1a: ?|Slowking, M|100\/100\n|\n|-damage|p2a: Slowbro|94\/100 tox|[from] psn\n|upkeep\n|turn|89\n|\n|t:|1660709162\n|move|p1a: ?|Teleport|p1a: ?\n|\n|t:|1660709168\n|switch|p1a: Please No Grass|Gastrodon, M|72\/100 brn|[from]move: Teleport\n|move|p2a: Slowbro|Teleport|p2a: Slowbro\n|\n|t:|1660709172\n|switch|p2a: Alakazam|Alakazam, M|25\/100 brn|[from]move: Teleport\n|\n|-damage|p1a: Please No Grass|66\/100 brn|[from] brn\n|upkeep\n|turn|90\n|j| Krrypton\n|\n|t:|1660709195\n|move|p2a: Alakazam|Expanding Force|p1a: Please No Grass\n|-damage|p1a: Please No Grass|0 fnt\n|faint|p1a: Please No Grass\n|\n|upkeep\n|\n|t:|1660709197\n|switch|p1a: ?|Slowking, M|100\/100\n|turn|91\n|\n|t:|1660709211\n|switch|p2a: Slowbro|Slowbro, M|100\/100 tox\n|move|p1a: ?|Teleport|p1a: ?\n|c|\u2606Eclipse77|gg\n|c|\u2606King Verde|gg\n|-message|Eclipse77 forfeited.\n|\n|win|King Verde\n|raw|Eclipse77's rating: 1528 &rarr; <strong>1511<\/strong><br \/>(-17 for losing)\n|raw|King Verde's rating: 1589 &rarr; <strong>1606<\/strong><br \/>(+17 for winning)\n|l|\u2606Eclipse77\n|l| Hgjfjgf\n|l| just like hunny\n|l| Krrypton\n","uploadtime":1660709241,"views":20,"p1id":"eclipse77","p2id":"kingverde","formatid":"gen8monotype","rating":1511,"private":0,"password":null}