{"id":"gen8ou-1650839265","p1":"minimax_ai","p2":"andrewm0n","format":"gen8ou","log":"|j|\u2606minimax_ai\n|j|\u2606andrewm0n\n|t:|1661755526\n|gametype|singles\n|player|p1|minimax_ai|lusamine-nihilego|1690\n|player|p2|andrewm0n|265|1728\n|teamsize|p1|6\n|teamsize|p2|6\n|gen|8\n|tier|[Gen 8] OU\n|rated|\n|rule|Sleep Clause Mod: Limit one foe put to sleep\n|rule|Species Clause: Limit one of each Pok\u00e9mon\n|rule|OHKO Clause: OHKO moves are banned\n|rule|Evasion Items Clause: Evasion items are banned\n|rule|Evasion Moves Clause: Evasion moves are banned\n|rule|Endless Battle Clause: Forcing endless battles is banned\n|rule|HP Percentage Mod: HP is shown in percentages\n|rule|Dynamax Clause: You cannot dynamax\n|clearpoke\n|poke|p1|Rotom-Wash|\n|poke|p1|Weavile, F|\n|poke|p1|Landorus-Therian, M|\n|poke|p1|Heatran, M|\n|poke|p1|Tangrowth, M|\n|poke|p1|Melmetal|\n|poke|p2|Slowbro-Galar, M|\n|poke|p2|Blaziken, M|\n|poke|p2|Clefable, F|\n|poke|p2|Seismitoad, M|\n|poke|p2|Corviknight, M|\n|poke|p2|Indeedee, M|\n|teampreview\n|c|\u2606minimax_ai|hf\n|inactive|Battle timer is ON: inactive players will automatically lose when time's up. (requested by minimax_ai)\n|\n|t:|1661755538\n|start\n|switch|p1a: landorustherian|Landorus-Therian, M|100\/100\n|switch|p2a: Slowbro|Slowbro-Galar, M|100\/100\n|-ability|p1a: landorustherian|Intimidate|boost\n|-unboost|p2a: Slowbro|atk|1\n|turn|1\n|\n|t:|1661755540\n|move|p1a: landorustherian|Earthquake|p2a: Slowbro\n|-supereffective|p2a: Slowbro\n|-damage|p2a: Slowbro|24\/100\n|move|p2a: Slowbro|Ice Beam|p1a: landorustherian\n|-supereffective|p1a: landorustherian\n|-crit|p1a: landorustherian\n|-damage|p1a: landorustherian|11\/100\n|\n|-heal|p1a: landorustherian|17\/100|[from] item: Leftovers\n|upkeep\n|turn|2\n|\n|t:|1661755543\n|switch|p2a: Corviknight|Corviknight, M|100\/100\n|-ability|p2a: Corviknight|Pressure\n|move|p1a: landorustherian|Earthquake|p2a: Corviknight\n|-immune|p2a: Corviknight\n|\n|-heal|p1a: landorustherian|23\/100|[from] item: Leftovers\n|upkeep\n|turn|3\n|\n|t:|1661755545\n|switch|p1a: rotomwash|Rotom-Wash|100\/100\n|move|p2a: Corviknight|Brave Bird|p1a: rotomwash\n|-resisted|p1a: rotomwash\n|-damage|p1a: rotomwash|83\/100\n|-damage|p2a: Corviknight|96\/100|[from] Recoil\n|\n|-heal|p1a: rotomwash|89\/100|[from] item: Leftovers\n|upkeep\n|turn|4\n|\n|t:|1661755548\n|switch|p2a: Seismitoad|Seismitoad, M|100\/100\n|move|p1a: rotomwash|Thunderbolt|p2a: Seismitoad\n|-immune|p2a: Seismitoad\n|\n|-heal|p1a: rotomwash|95\/100|[from] item: Leftovers\n|upkeep\n|turn|5\n|\n|t:|1661755551\n|move|p1a: rotomwash|Hydro Pump|p2a: Seismitoad\n|-immune|p2a: Seismitoad|[from] ability: Water Absorb\n|move|p2a: Seismitoad|Stealth Rock|p1a: rotomwash\n|-sidestart|p1: minimax_ai|move: Stealth Rock\n|\n|-heal|p1a: rotomwash|100\/100|[from] item: Leftovers\n|upkeep\n|turn|6\n|\n|t:|1661755553\n|move|p1a: rotomwash|Hydro Pump|p2a: Seismitoad\n|-immune|p2a: Seismitoad|[from] ability: Water Absorb\n|move|p2a: Seismitoad|Toxic|p1a: rotomwash\n|-status|p1a: rotomwash|tox\n|\n|-damage|p1a: rotomwash|94\/100 tox|[from] psn\n|upkeep\n|turn|7\n|\n|t:|1661755554\n|move|p1a: rotomwash|Hydro Pump|p2a: Seismitoad\n|-immune|p2a: Seismitoad|[from] ability: Water Absorb\n|move|p2a: Seismitoad|Knock Off|p1a: rotomwash\n|-damage|p1a: rotomwash|72\/100 tox\n|-enditem|p1a: rotomwash|Leftovers|[from] move: Knock Off|[of] p2a: Seismitoad\n|\n|-damage|p1a: rotomwash|59\/100 tox|[from] psn\n|upkeep\n|turn|8\n|\n|t:|1661755556\n|move|p1a: rotomwash|Hydro Pump|p2a: Seismitoad\n|-immune|p2a: Seismitoad|[from] ability: Water Absorb\n|move|p2a: Seismitoad|Knock Off|p1a: rotomwash\n|-damage|p1a: rotomwash|44\/100 tox\n|\n|-damage|p1a: rotomwash|25\/100 tox|[from] psn\n|upkeep\n|turn|9\n|\n|t:|1661755560\n|switch|p2a: Slowbro|Slowbro-Galar, M|58\/100\n|move|p1a: rotomwash|Hydro Pump|p2a: Slowbro\n|-damage|p2a: Slowbro|26\/100\n|\n|-damage|p1a: rotomwash|0 fnt|[from] psn\n|faint|p1a: rotomwash\n|upkeep\n|\n|t:|1661755560\n|switch|p1a: Heatran|Heatran, M|100\/100\n|-damage|p1a: Heatran|88\/100|[from] Stealth Rock\n|-item|p1a: Heatran|Air Balloon\n|turn|10\n|\n|t:|1661755567\n|switch|p2a: Seismitoad|Seismitoad, M|100\/100\n|move|p1a: Heatran|Earth Power|p2a: Seismitoad\n|-damage|p2a: Seismitoad|71\/100\n|-unboost|p2a: Seismitoad|spd|1\n|\n|-heal|p2a: Seismitoad|77\/100|[from] item: Leftovers\n|upkeep\n|turn|11\n|\n|t:|1661755569\n|move|p1a: Heatran|Earth Power|p2a: Seismitoad\n|-damage|p2a: Seismitoad|32\/100\n|-unboost|p2a: Seismitoad|spd|1\n|move|p2a: Seismitoad|Knock Off|p1a: Heatran\n|-damage|p1a: Heatran|67\/100\n|-enditem|p1a: Heatran|Air Balloon\n|\n|-heal|p2a: Seismitoad|38\/100|[from] item: Leftovers\n|upkeep\n|turn|12\n|\n|t:|1661755582\n|switch|p2a: Corviknight|Corviknight, M|96\/100\n|-ability|p2a: Corviknight|Pressure\n|move|p1a: Heatran|Earth Power|p2a: Corviknight\n|-immune|p2a: Corviknight\n|\n|upkeep\n|turn|13\n|\n|t:|1661755589\n|switch|p2a: Blaziken|Blaziken, M|100\/100\n|move|p1a: Heatran|Earth Power|p2a: Blaziken\n|-supereffective|p2a: Blaziken\n|-damage|p2a: Blaziken|3\/100\n|\n|-heal|p2a: Blaziken|9\/100|[from] item: Leftovers\n|upkeep\n|turn|14\n|\n|t:|1661755591\n|switch|p1a: Tangrowth|Tangrowth, M|100\/100\n|-damage|p1a: Tangrowth|88\/100|[from] Stealth Rock\n|move|p2a: Blaziken|Protect||[still]\n|-fail|p2a: Blaziken\n|\n|-heal|p2a: Blaziken|15\/100|[from] item: Leftovers\n|-ability|p2a: Blaziken|Speed Boost|boost\n|-boost|p2a: Blaziken|spe|1\n|upkeep\n|turn|15\n|\n|t:|1661755593\n|move|p2a: Blaziken|Protect|p2a: Blaziken\n|-singleturn|p2a: Blaziken|Protect\n|move|p1a: Tangrowth|Giga Drain|p2a: Blaziken\n|-activate|p2a: Blaziken|move: Protect\n|\n|-heal|p2a: Blaziken|21\/100|[from] item: Leftovers\n|-ability|p2a: Blaziken|Speed Boost|boost\n|-boost|p2a: Blaziken|spe|1\n|upkeep\n|turn|16\n|\n|t:|1661755604\n|switch|p2a: Corviknight|Corviknight, M|96\/100\n|-ability|p2a: Corviknight|Pressure\n|move|p1a: Tangrowth|Giga Drain|p2a: Corviknight\n|-resisted|p2a: Corviknight\n|-damage|p2a: Corviknight|91\/100\n|-heal|p1a: Tangrowth|91\/100|[from] drain|[of] p2a: Corviknight\n|\n|upkeep\n|turn|17\n|\n|t:|1661755606\n|move|p2a: Corviknight|U-turn|p1a: Tangrowth\n|-supereffective|p1a: Tangrowth\n|-damage|p1a: Tangrowth|74\/100\n|-damage|p2a: Corviknight|74\/100|[from] item: Rocky Helmet|[of] p1a: Tangrowth\n|j| hardik27\n|\n|t:|1661755611\n|switch|p2a: Clefable|Clefable, F|100\/100|[from]move: U-turn\n|move|p1a: Tangrowth|Sleep Powder|p2a: Clefable\n|-status|p2a: Clefable|slp|[from] move: Sleep Powder\n|\n|upkeep\n|turn|18\n|\n|t:|1661755617\n|switch|p2a: Indeedee|Indeedee, M|100\/100\n|-fieldstart|move: Psychic Terrain|[from] ability: Psychic Surge|[of] p2a: Indeedee\n|move|p1a: Tangrowth|Giga Drain|p2a: Indeedee\n|-damage|p2a: Indeedee|64\/100\n|-heal|p1a: Tangrowth|86\/100|[from] drain|[of] p2a: Indeedee\n|\n|upkeep\n|turn|19\n|\n|t:|1661755622\n|switch|p1a: Melmetal|Melmetal|100\/100\n|-damage|p1a: Melmetal|94\/100|[from] Stealth Rock\n|move|p2a: Indeedee|Expanding Force|p1a: Melmetal\n|-resisted|p1a: Melmetal\n|-crit|p1a: Melmetal\n|-damage|p1a: Melmetal|51\/100\n|\n|upkeep\n|turn|20\n|\n|t:|1661755627\n|switch|p2a: Corviknight|Corviknight, M|74\/100\n|-ability|p2a: Corviknight|Pressure\n|move|p1a: Melmetal|Ice Punch|p2a: Corviknight\n|-damage|p2a: Corviknight|52\/100\n|-damage|p1a: Melmetal|34\/100|[from] item: Rocky Helmet|[of] p2a: Corviknight\n|\n|upkeep\n|turn|21\n|\n|t:|1661755631\n|move|p2a: Corviknight|Roost|p2a: Corviknight\n|-heal|p2a: Corviknight|100\/100\n|-singleturn|p2a: Corviknight|move: Roost\n|move|p1a: Melmetal|Ice Punch|p2a: Corviknight\n|-resisted|p2a: Corviknight\n|-damage|p2a: Corviknight|89\/100\n|-damage|p1a: Melmetal|18\/100|[from] item: Rocky Helmet|[of] p2a: Corviknight\n|\n|upkeep\n|turn|22\n|\n|t:|1661755636\n|move|p2a: Corviknight|Brave Bird|p1a: Melmetal\n|-resisted|p1a: Melmetal\n|-crit|p1a: Melmetal\n|-damage|p1a: Melmetal|1\/100\n|-damage|p2a: Corviknight|83\/100|[from] Recoil\n|move|p1a: Melmetal|Ice Punch|p2a: Corviknight\n|-damage|p2a: Corviknight|59\/100\n|-damage|p1a: Melmetal|0 fnt|[from] item: Rocky Helmet|[of] p2a: Corviknight\n|faint|p1a: Melmetal\n|\n|-fieldend|move: Psychic Terrain\n|upkeep\n|\n|t:|1661755636\n|switch|p1a: Heatran|Heatran, M|67\/100\n|-damage|p1a: Heatran|54\/100|[from] Stealth Rock\n|turn|23\n|inactive|andrewm0n has 120 seconds left.\n|\n|t:|1661755666\n|switch|p2a: Clefable|Clefable, F|100\/100 slp\n|move|p1a: Heatran|Eruption|p2a: Clefable\n|-damage|p2a: Clefable|61\/100 slp\n|\n|-heal|p2a: Clefable|67\/100 slp|[from] item: Leftovers\n|upkeep\n|turn|24\n|\n|t:|1661755669\n|move|p1a: Heatran|Magma Storm|p2a: Clefable\n|-damage|p2a: Clefable|14\/100 slp\n|-activate|p2a: Clefable|move: Magma Storm|[of] p1a: Heatran\n|cant|p2a: Clefable|slp\n|\n|-heal|p2a: Clefable|20\/100 slp|[from] item: Leftovers\n|-damage|p2a: Clefable|8\/100 slp|[from] move: Magma Storm|[partiallytrapped]\n|upkeep\n|turn|25\n|\n|t:|1661755671\n|-curestatus|p2a: Clefable|slp|[msg]\n|move|p2a: Clefable|Protect|p2a: Clefable\n|-singleturn|p2a: Clefable|Protect\n|move|p1a: Heatran|Eruption|p2a: Clefable\n|-activate|p2a: Clefable|move: Protect\n|\n|-heal|p2a: Clefable|14\/100|[from] item: Leftovers\n|-damage|p2a: Clefable|2\/100|[from] move: Magma Storm|[partiallytrapped]\n|upkeep\n|turn|26\n|\n|t:|1661755672\n|move|p1a: Heatran|Eruption|p2a: Clefable\n|-damage|p2a: Clefable|0 fnt\n|faint|p2a: Clefable\n|\n|upkeep\n|\n|t:|1661755681\n|switch|p2a: Slowbro|Slowbro-Galar, M|59\/100\n|turn|27\n|\n|t:|1661755682\n|move|p1a: Heatran|Eruption|p2a: Slowbro\n|-damage|p2a: Slowbro|29\/100\n|move|p2a: Slowbro|Earthquake|p1a: Heatran\n|-supereffective|p1a: Heatran\n|-damage|p1a: Heatran|0 fnt\n|faint|p1a: Heatran\n|\n|upkeep\n|\n|t:|1661755682\n|switch|p1a: Weavile|Weavile, F|100\/100\n|-damage|p1a: Weavile|76\/100|[from] Stealth Rock\n|-ability|p1a: Weavile|Pressure\n|turn|28\n|\n|t:|1661755695\n|switch|p2a: Seismitoad|Seismitoad, M|38\/100\n|move|p1a: Weavile|Triple Axel|p2a: Seismitoad\n|-damage|p2a: Seismitoad|25\/100\n|-damage|p2a: Seismitoad|1\/100\n|-damage|p2a: Seismitoad|0 fnt\n|faint|p2a: Seismitoad\n|-hitcount|p2: Seismitoad|3\n|\n|upkeep\n|j| Mel0nL0rd\n|j| kaer666\n|\n|t:|1661755698\n|switch|p2a: Corviknight|Corviknight, M|59\/100\n|-ability|p2a: Corviknight|Pressure\n|turn|29\n|\n|t:|1661755699\n|switch|p1a: Tangrowth|Tangrowth, M|100\/100\n|-damage|p1a: Tangrowth|88\/100|[from] Stealth Rock\n|move|p2a: Corviknight|Roost|p2a: Corviknight\n|-heal|p2a: Corviknight|100\/100\n|-singleturn|p2a: Corviknight|move: Roost\n|\n|upkeep\n|turn|30\n|\n|t:|1661755704\n|switch|p2a: Slowbro|Slowbro-Galar, M|62\/100\n|move|p1a: Tangrowth|Sleep Powder|p2a: Slowbro\n|-status|p2a: Slowbro|slp|[from] move: Sleep Powder\n|\n|upkeep\n|turn|31\n|\n|t:|1661755706\n|switch|p2a: Corviknight|Corviknight, M|100\/100\n|-ability|p2a: Corviknight|Pressure\n|move|p1a: Tangrowth|Giga Drain|p2a: Corviknight\n|-resisted|p2a: Corviknight\n|-damage|p2a: Corviknight|95\/100\n|-heal|p1a: Tangrowth|91\/100|[from] drain|[of] p2a: Corviknight\n|\n|upkeep\n|turn|32\n|\n|t:|1661755709\n|move|p2a: Corviknight|Brave Bird|p1a: Tangrowth\n|-supereffective|p1a: Tangrowth\n|-damage|p1a: Tangrowth|53\/100\n|-damage|p2a: Corviknight|79\/100|[from] item: Rocky Helmet|[of] p1a: Tangrowth\n|-damage|p2a: Corviknight|66\/100|[from] Recoil\n|move|p1a: Tangrowth|Giga Drain|p2a: Corviknight\n|-resisted|p2a: Corviknight\n|-damage|p2a: Corviknight|61\/100\n|-heal|p1a: Tangrowth|56\/100|[from] drain|[of] p2a: Corviknight\n|\n|upkeep\n|turn|33\n|\n|t:|1661755711\n|move|p2a: Corviknight|Roost|p2a: Corviknight\n|-heal|p2a: Corviknight|100\/100\n|-singleturn|p2a: Corviknight|move: Roost\n|move|p1a: Tangrowth|Focus Blast|p2a: Corviknight|[miss]\n|-miss|p1a: Tangrowth|p2a: Corviknight\n|\n|upkeep\n|turn|34\n|\n|t:|1661755714\n|move|p2a: Corviknight|Brave Bird|p1a: Tangrowth\n|-supereffective|p1a: Tangrowth\n|-damage|p1a: Tangrowth|20\/100\n|-damage|p2a: Corviknight|84\/100|[from] item: Rocky Helmet|[of] p1a: Tangrowth\n|-damage|p2a: Corviknight|72\/100|[from] Recoil\n|move|p1a: Tangrowth|Focus Blast|p2a: Corviknight\n|-damage|p2a: Corviknight|48\/100\n|\n|upkeep\n|turn|35\n|\n|t:|1661755717\n|switch|p1a: landorustherian|Landorus-Therian, M|23\/100\n|-damage|p1a: landorustherian|11\/100|[from] Stealth Rock\n|-ability|p1a: landorustherian|Intimidate|boost\n|-unboost|p2a: Corviknight|atk|1\n|move|p2a: Corviknight|Roost|p2a: Corviknight\n|-heal|p2a: Corviknight|98\/100\n|-singleturn|p2a: Corviknight|move: Roost\n|\n|-heal|p1a: landorustherian|17\/100|[from] item: Leftovers\n|upkeep\n|turn|36\n|\n|t:|1661755719\n|move|p1a: landorustherian|Defog|p2a: Corviknight\n|-unboost|p2a: Corviknight|evasion|1\n|-sideend|p1: minimax_ai|Stealth Rock|[from] move: Defog|[of] p1a: landorustherian\n|move|p2a: Corviknight|Brave Bird|p1a: landorustherian\n|-damage|p1a: landorustherian|0 fnt\n|faint|p1a: landorustherian\n|-damage|p2a: Corviknight|92\/100|[from] Recoil\n|\n|upkeep\n|\n|t:|1661755719\n|switch|p1a: Tangrowth|Tangrowth, M|53\/100\n|turn|37\n|\n|t:|1661755722\n|move|p2a: Corviknight|Brave Bird|p1a: Tangrowth\n|-supereffective|p1a: Tangrowth\n|-damage|p1a: Tangrowth|29\/100\n|-damage|p2a: Corviknight|76\/100|[from] item: Rocky Helmet|[of] p1a: Tangrowth\n|-damage|p2a: Corviknight|68\/100|[from] Recoil\n|move|p1a: Tangrowth|Knock Off|p2a: Corviknight\n|-damage|p2a: Corviknight|52\/100\n|-damage|p1a: Tangrowth|12\/100|[from] item: Rocky Helmet|[of] p2a: Corviknight\n|-enditem|p2a: Corviknight|Rocky Helmet|[from] move: Knock Off|[of] p1a: Tangrowth\n|\n|upkeep\n|turn|38\n|\n|t:|1661755725\n|move|p2a: Corviknight|Roost|p2a: Corviknight\n|-heal|p2a: Corviknight|100\/100\n|-singleturn|p2a: Corviknight|move: Roost\n|move|p1a: Tangrowth|Giga Drain|p2a: Corviknight\n|-resisted|p2a: Corviknight\n|-damage|p2a: Corviknight|89\/100\n|-heal|p1a: Tangrowth|18\/100|[from] drain|[of] p2a: Corviknight\n|\n|upkeep\n|turn|39\n|\n|t:|1661755731\n|move|p2a: Corviknight|Brave Bird|p1a: Tangrowth\n|-supereffective|p1a: Tangrowth\n|-damage|p1a: Tangrowth|0 fnt\n|-damage|p2a: Corviknight|72\/100|[from] item: Rocky Helmet|[of] p1a: Tangrowth\n|faint|p1a: Tangrowth\n|-damage|p2a: Corviknight|67\/100|[from] Recoil\n|\n|upkeep\n|\n|t:|1661755731\n|switch|p1a: Weavile|Weavile, F|76\/100\n|-ability|p1a: Weavile|Pressure\n|turn|40\n|\n|t:|1661755735\n|move|p1a: Weavile|Triple Axel|p2a: Corviknight\n|-damage|p2a: Corviknight|56\/100\n|-crit|p2a: Corviknight\n|-damage|p2a: Corviknight|27\/100\n|-damage|p2a: Corviknight|0 fnt\n|faint|p2a: Corviknight\n|-hitcount|p2: Corviknight|3\n|\n|upkeep\n|\n|t:|1661755738\n|switch|p2a: Indeedee|Indeedee, M|64\/100\n|-fieldstart|move: Psychic Terrain|[from] ability: Psychic Surge|[of] p2a: Indeedee\n|turn|41\n|\n|t:|1661755740\n|move|p1a: Weavile|Triple Axel|p2a: Indeedee\n|-damage|p2a: Indeedee|29\/100\n|-damage|p2a: Indeedee|0 fnt\n|faint|p2a: Indeedee\n|-hitcount|p2: Indeedee|2\n|\n|upkeep\n|\n|t:|1661755743\n|switch|p2a: Blaziken|Blaziken, M|21\/100\n|turn|42\n|\n|t:|1661755744\n|move|p2a: Blaziken|Protect|p2a: Blaziken\n|-singleturn|p2a: Blaziken|Protect\n|move|p1a: Weavile|Triple Axel|p2a: Blaziken\n|-activate|p2a: Blaziken|move: Protect\n|\n|-heal|p2a: Blaziken|27\/100|[from] item: Leftovers\n|-ability|p2a: Blaziken|Speed Boost|boost\n|-boost|p2a: Blaziken|spe|1\n|upkeep\n|turn|43\n|\n|t:|1661755746\n|move|p2a: Blaziken|Close Combat|p1a: Weavile\n|-supereffective|p1a: Weavile\n|-damage|p1a: Weavile|0 fnt\n|-unboost|p2a: Blaziken|def|1\n|-unboost|p2a: Blaziken|spd|1\n|faint|p1a: Weavile\n|\n|win|andrewm0n\n|raw|minimax_ai's rating: 1690 &rarr; <strong>1672<\/strong><br \/>(-18 for losing)\n|raw|andrewm0n's rating: 1728 &rarr; <strong>1746<\/strong><br \/>(+18 for winning)\n|c|\u2606minimax_ai|gg\n|l|\u2606minimax_ai\n|c|\u2606andrewm0n|gg\n","uploadtime":1661755747,"views":23,"p1id":"minimaxai","p2id":"andrewm0n","formatid":"gen8ou","rating":1672,"private":0,"password":null}