{"id":"gen8lc-1660815145","p1":"rcs4 reggg","p2":"Pok et glace","format":"gen8lc","log":"|j|\u2606rcs4 reggg\n|j|\u2606Pok et glace\n|t:|1662818061\n|gametype|singles\n|player|p1|rcs4 reggg|alder|1538\n|player|p2|Pok et glace|cynthia-masters|1359\n|teamsize|p1|6\n|teamsize|p2|6\n|gen|8\n|tier|[Gen 8] LC\n|rated|\n|rule|Sleep Clause Mod: Limit one foe put to sleep\n|rule|Species Clause: Limit one of each Pok\u00e9mon\n|rule|OHKO Clause: OHKO moves are banned\n|rule|Evasion Items Clause: Evasion items are banned\n|rule|Evasion Moves Clause: Evasion moves are banned\n|rule|Endless Battle Clause: Forcing endless battles is banned\n|rule|HP Percentage Mod: HP is shown in percentages\n|rule|Dynamax Clause: You cannot dynamax\n|clearpoke\n|poke|p1|Drilbur, L5, F|\n|poke|p1|Koffing, L5, M|\n|poke|p1|Frillish, L5, M|\n|poke|p1|Mienfoo, L5, M|\n|poke|p1|Ferroseed, L5, M|\n|poke|p1|Ponyta, L5, M|\n|poke|p2|Tyrunt, L5, F|\n|poke|p2|Grookey, L5, M|\n|poke|p2|Mienfoo, L5, F|\n|poke|p2|Koffing, L5, F|\n|poke|p2|Pawniard, L5, M|\n|poke|p2|Frillish, L5, F|\n|teampreview\n|c|\u2606Pok et glace|hf\n|c|\u2606rcs4 reggg|u2\n|inactive|Battle timer is ON: inactive players will automatically lose when time's up. (requested by Pok et glace)\n|\n|t:|1662818132\n|start\n|switch|p1a: Koffing|Koffing, L5, M|100\/100\n|switch|p2a: Frillish|Frillish, L5, F|100\/100\n|-ability|p1a: Koffing|Neutralizing Gas\n|turn|1\n|\n|t:|1662818144\n|-end|p1a: Koffing|ability: Neutralizing Gas\n|switch|p1a: Ferroseed|Ferroseed, L5, M|100\/100\n|switch|p2a: Pawniard|Pawniard, L5, M|100\/100\n|\n|upkeep\n|turn|2\n|inactive|rcs4 reggg has 120 seconds left.\n|\n|t:|1662818178\n|switch|p1a: Mienfoo|Mienfoo, L5, M|100\/100\n|move|p2a: Pawniard|Knock Off|p1a: Mienfoo\n|-resisted|p1a: Mienfoo\n|-damage|p1a: Mienfoo|77\/100\n|-enditem|p1a: Mienfoo|Eviolite|[from] move: Knock Off|[of] p2a: Pawniard\n|\n|upkeep\n|turn|3\n|\n|t:|1662818188\n|move|p1a: Mienfoo|Knock Off|p2a: Pawniard\n|-resisted|p2a: Pawniard\n|-damage|p2a: Pawniard|81\/100\n|-enditem|p2a: Pawniard|Berry Juice|[from] move: Knock Off|[of] p1a: Mienfoo\n|move|p2a: Pawniard|Iron Head|p1a: Mienfoo\n|-damage|p1a: Mienfoo|20\/100\n|\n|upkeep\n|turn|4\n|inactive|rcs4 reggg has 120 seconds left.\n|\n|t:|1662818208\n|switch|p1a: Drilbur|Drilbur, L5, F|100\/100\n|-ability|p1a: Drilbur|Mold Breaker\n|switch|p2a: Frillish|Frillish, L5, F|100\/100\n|\n|upkeep\n|turn|5\n|\n|t:|1662818215\n|switch|p1a: Ferroseed|Ferroseed, L5, M|100\/100\n|move|p2a: Frillish|Scald|p1a: Ferroseed\n|-resisted|p1a: Ferroseed\n|-damage|p1a: Ferroseed|87\/100\n|\n|upkeep\n|turn|6\n|inactive|rcs4 reggg has 120 seconds left.\n|\n|t:|1662818252\n|switch|p2a: Pawniard|Pawniard, L5, M|81\/100\n|move|p1a: Ferroseed|Knock Off|p2a: Pawniard\n|-resisted|p2a: Pawniard\n|-damage|p2a: Pawniard|72\/100\n|\n|upkeep\n|turn|7\n|\n|t:|1662818266\n|switch|p1a: Drilbur|Drilbur, L5, F|100\/100\n|-ability|p1a: Drilbur|Mold Breaker\n|move|p2a: Pawniard|Knock Off|p1a: Drilbur\n|-damage|p1a: Drilbur|46\/100\n|-enditem|p1a: Drilbur|Eviolite|[from] move: Knock Off|[of] p2a: Pawniard\n|\n|upkeep\n|turn|8\n|inactive|rcs4 reggg has 90 seconds left.\n|\n|t:|1662818290\n|move|p1a: Drilbur|Earthquake|p2a: Pawniard\n|-supereffective|p2a: Pawniard\n|-damage|p2a: Pawniard|0 fnt\n|faint|p2a: Pawniard\n|\n|upkeep\n|\n|t:|1662818295\n|switch|p2a: Grookey|Grookey, L5, M|100\/100\n|-fieldstart|move: Grassy Terrain|[from] ability: Grassy Surge|[of] p2a: Grookey\n|turn|9\n|\n|t:|1662818305\n|switch|p1a: Koffing|Koffing, L5, M|100\/100\n|-ability|p1a: Koffing|Neutralizing Gas\n|move|p2a: Grookey|Knock Off|p1a: Koffing\n|-damage|p1a: Koffing|75\/100\n|-enditem|p1a: Koffing|Eviolite|[from] move: Knock Off|[of] p2a: Grookey\n|\n|-heal|p1a: Koffing|80\/100|[from] Grassy Terrain\n|upkeep\n|turn|10\n|c|\u2606Pok et glace|couldn't cancel in time\n|\n|t:|1662818313\n|move|p2a: Grookey|U-turn|p1a: Koffing\n|-resisted|p1a: Koffing\n|-damage|p1a: Koffing|70\/100\n|\n|t:|1662818316\n|switch|p2a: Frillish|Frillish, L5, F|100\/100|[from]move: U-turn\n|move|p1a: Koffing|Sludge Bomb|p2a: Frillish\n|-resisted|p2a: Frillish\n|-damage|p2a: Frillish|88\/100\n|\n|-heal|p1a: Koffing|75\/100|[from] Grassy Terrain\n|-heal|p2a: Frillish|92\/100|[from] Grassy Terrain\n|upkeep\n|turn|11\n|inactive|rcs4 reggg has 120 seconds left.\n|\n|t:|1662818327\n|-end|p1a: Koffing|ability: Neutralizing Gas\n|switch|p1a: Ferroseed|Ferroseed, L5, M|87\/100\n|move|p2a: Frillish|Will-O-Wisp|p1a: Ferroseed\n|-status|p1a: Ferroseed|brn\n|\n|-heal|p2a: Frillish|96\/100|[from] Grassy Terrain\n|-heal|p1a: Ferroseed|91\/100 brn|[from] Grassy Terrain\n|-damage|p1a: Ferroseed|87\/100 brn|[from] brn\n|upkeep\n|turn|12\n|inactive|rcs4 reggg has 120 seconds left.\n|\n|t:|1662818347\n|switch|p2a: Koffing|Koffing, L5, F|100\/100\n|-ability|p2a: Koffing|Neutralizing Gas\n|move|p1a: Ferroseed|Knock Off|p2a: Koffing\n|-crit|p2a: Koffing\n|-damage|p2a: Koffing|85\/100\n|-enditem|p2a: Koffing|Eviolite|[from] move: Knock Off|[of] p1a: Ferroseed\n|\n|-heal|p2a: Koffing|90\/100|[from] Grassy Terrain\n|-heal|p1a: Ferroseed|91\/100 brn|[from] Grassy Terrain\n|-damage|p1a: Ferroseed|87\/100 brn|[from] brn\n|upkeep\n|turn|13\n|inactive|rcs4 reggg has 120 seconds left.\n|\n|t:|1662818358\n|switch|p1a: Frillish|Frillish, L5, M|100\/100\n|move|p2a: Koffing|Fire Blast|p1a: Frillish\n|-resisted|p1a: Frillish\n|-damage|p1a: Frillish|88\/100\n|\n|-heal|p2a: Koffing|95\/100|[from] Grassy Terrain\n|-heal|p1a: Frillish|92\/100|[from] Grassy Terrain\n|-fieldend|move: Grassy Terrain\n|upkeep\n|turn|14\n|inactive|rcs4 reggg has 120 seconds left.\n|\n|t:|1662818390\n|move|p2a: Koffing|Thunderbolt|p1a: Frillish\n|-supereffective|p1a: Frillish\n|-damage|p1a: Frillish|50\/100\n|move|p1a: Frillish|Scald|p2a: Koffing\n|-damage|p2a: Koffing|35\/100\n|-status|p2a: Koffing|brn\n|\n|-damage|p2a: Koffing|30\/100 brn|[from] brn\n|upkeep\n|turn|15\n|\n|t:|1662818401\n|switch|p1a: Drilbur|Drilbur, L5, F|46\/100\n|move|p2a: Koffing|Thunderbolt|p1a: Drilbur\n|-immune|p1a: Drilbur\n|\n|-damage|p2a: Koffing|25\/100 brn|[from] brn\n|upkeep\n|turn|16\n|inactive|rcs4 reggg has 90 seconds left.\n|\n|t:|1662818443\n|move|p1a: Drilbur|Earthquake|p2a: Koffing\n|-supereffective|p2a: Koffing\n|-damage|p2a: Koffing|0 fnt\n|faint|p2a: Koffing\n|-end|p2a: Koffing|ability: Neutralizing Gas\n|-ability|p1a: Drilbur|Mold Breaker\n|\n|upkeep\n|\n|t:|1662818445\n|switch|p2a: Grookey|Grookey, L5, M|100\/100\n|-fieldstart|move: Grassy Terrain|[from] ability: Grassy Surge|[of] p2a: Grookey\n|turn|17\n|c|\u2606Pok et glace|bro i cant make one good play wtf\n|\n|t:|1662818466\n|move|p2a: Grookey|U-turn|p1a: Drilbur\n|-damage|p1a: Drilbur|10\/100\n|\n|t:|1662818469\n|switch|p2a: Frillish|Frillish, L5, F|96\/100|[from]move: U-turn\n|move|p1a: Drilbur|Rock Tomb|p2a: Frillish\n|-damage|p2a: Frillish|80\/100\n|-unboost|p2a: Frillish|spe|1\n|\n|-heal|p1a: Drilbur|14\/100|[from] Grassy Terrain\n|-heal|p2a: Frillish|84\/100|[from] Grassy Terrain\n|upkeep\n|turn|18\n|\n|t:|1662818484\n|move|p1a: Drilbur|Stealth Rock|p2a: Frillish\n|-sidestart|p2: Pok et glace|move: Stealth Rock\n|move|p2a: Frillish|Hex|p1a: Drilbur\n|-damage|p1a: Drilbur|0 fnt\n|faint|p1a: Drilbur\n|\n|-heal|p2a: Frillish|88\/100|[from] Grassy Terrain\n|upkeep\n|j| RCS4 691\n|\n|t:|1662818491\n|switch|p1a: Ferroseed|Ferroseed, L5, M|87\/100 brn\n|turn|19\n|\n|t:|1662818501\n|move|p2a: Frillish|Hex|p1a: Ferroseed\n|-damage|p1a: Ferroseed|46\/100 brn\n|move|p1a: Ferroseed|Knock Off|p2a: Frillish\n|-supereffective|p2a: Frillish\n|-damage|p2a: Frillish|67\/100\n|-enditem|p2a: Frillish|Eviolite|[from] move: Knock Off|[of] p1a: Ferroseed\n|\n|-heal|p2a: Frillish|71\/100|[from] Grassy Terrain\n|-heal|p1a: Ferroseed|50\/100 brn|[from] Grassy Terrain\n|-damage|p1a: Ferroseed|46\/100 brn|[from] brn\n|upkeep\n|turn|20\n|\n|t:|1662818512\n|switch|p2a: Grookey|Grookey, L5, M|100\/100\n|-damage|p2a: Grookey|91\/100|[from] Stealth Rock\n|move|p1a: Ferroseed|Giga Drain|p2a: Grookey\n|-resisted|p2a: Grookey\n|-damage|p2a: Grookey|72\/100\n|-heal|p1a: Ferroseed|55\/100 brn|[from] drain|[of] p2a: Grookey\n|\n|-heal|p2a: Grookey|77\/100|[from] Grassy Terrain\n|-heal|p1a: Ferroseed|60\/100 brn|[from] Grassy Terrain\n|-damage|p1a: Ferroseed|55\/100 brn|[from] brn\n|upkeep\n|turn|21\n|\n|t:|1662818519\n|switch|p1a: Koffing|Koffing, L5, M|75\/100\n|-ability|p1a: Koffing|Neutralizing Gas\n|move|p2a: Grookey|Knock Off|p1a: Koffing\n|-damage|p1a: Koffing|50\/100\n|\n|-heal|p2a: Grookey|81\/100|[from] Grassy Terrain\n|-heal|p1a: Koffing|56\/100|[from] Grassy Terrain\n|-fieldend|move: Grassy Terrain\n|upkeep\n|turn|22\n|l| RCS4 691\n|inactive|rcs4 reggg has 90 seconds left.\n|\n|t:|1662818533\n|move|p2a: Grookey|U-turn|p1a: Koffing\n|-resisted|p1a: Koffing\n|-damage|p1a: Koffing|45\/100\n|\n|t:|1662818537\n|switch|p2a: Frillish|Frillish, L5, F|71\/100|[from]move: U-turn\n|-damage|p2a: Frillish|59\/100|[from] Stealth Rock\n|move|p1a: Koffing|Sludge Bomb|p2a: Frillish\n|-resisted|p2a: Frillish\n|-damage|p2a: Frillish|38\/100\n|-status|p2a: Frillish|psn\n|\n|-damage|p2a: Frillish|25\/100 psn|[from] psn\n|upkeep\n|turn|23\n|inactive|rcs4 reggg has 90 seconds left.\n|inactive|rcs4 reggg has 60 seconds left.\n|\n|t:|1662818587\n|-end|p1a: Koffing|ability: Neutralizing Gas\n|switch|p1a: Frillish|Frillish, L5, M|50\/100\n|move|p2a: Frillish|Recover|p2a: Frillish\n|-heal|p2a: Frillish|75\/100 psn\n|\n|-damage|p2a: Frillish|63\/100 psn|[from] psn\n|upkeep\n|turn|24\n|\n|t:|1662818591\n|move|p1a: Frillish|Recover|p1a: Frillish\n|-heal|p1a: Frillish|100\/100\n|move|p2a: Frillish|Hex|p1a: Frillish\n|-supereffective|p1a: Frillish\n|-damage|p1a: Frillish|67\/100\n|-start|p2a: Frillish|Disable|Hex|[from] ability: Cursed Body|[of] p1a: Frillish\n|\n|-damage|p2a: Frillish|50\/100 psn|[from] psn\n|upkeep\n|turn|25\n|\n|t:|1662818605\n|move|p2a: Frillish|Will-O-Wisp|p1a: Frillish\n|-status|p1a: Frillish|brn\n|move|p1a: Frillish|Will-O-Wisp||[still]\n|-fail|p1a: Frillish\n|\n|-damage|p2a: Frillish|38\/100 psn|[from] psn\n|-damage|p1a: Frillish|63\/100 brn|[from] brn\n|upkeep\n|turn|26\n|inactive|rcs4 reggg has 60 seconds left.\n|\n|t:|1662818620\n|switch|p2a: Grookey|Grookey, L5, M|81\/100\n|-damage|p2a: Grookey|72\/100|[from] Stealth Rock\n|-fieldstart|move: Grassy Terrain|[from] ability: Grassy Surge|[of] p2a: Grookey\n|move|p1a: Frillish|Will-O-Wisp|p2a: Grookey\n|-status|p2a: Grookey|brn\n|\n|-heal|p2a: Grookey|77\/100 brn|[from] Grassy Terrain\n|-heal|p1a: Frillish|67\/100 brn|[from] Grassy Terrain\n|-damage|p2a: Grookey|72\/100 brn|[from] brn\n|-damage|p1a: Frillish|63\/100 brn|[from] brn\n|upkeep\n|turn|27\n|inactive|rcs4 reggg has 60 seconds left.\n|\n|t:|1662818644\n|switch|p1a: Mienfoo|Mienfoo, L5, M|53\/100\n|move|p2a: Grookey|Knock Off|p1a: Mienfoo\n|-resisted|p1a: Mienfoo\n|-damage|p1a: Mienfoo|48\/100\n|\n|-heal|p2a: Grookey|77\/100 brn|[from] Grassy Terrain\n|-heal|p1a: Mienfoo|53\/100|[from] Grassy Terrain\n|-damage|p2a: Grookey|72\/100 brn|[from] brn\n|upkeep\n|turn|28\n|\n|t:|1662818654\n|move|p1a: Mienfoo|U-turn|p2a: Grookey\n|-supereffective|p2a: Grookey\n|-damage|p2a: Grookey|24\/100 brn\n|\n|t:|1662818679\n|switch|p1a: Koffing|Koffing, L5, M|45\/100|[from]move: U-turn\n|-ability|p1a: Koffing|Neutralizing Gas\n|move|p2a: Grookey|U-turn|p1a: Koffing\n|-resisted|p1a: Koffing\n|-damage|p1a: Koffing|40\/100\n|\n|t:|1662818684\n|switch|p2a: Frillish|Frillish, L5, F|38\/100 psn|[from]move: U-turn\n|-damage|p2a: Frillish|25\/100 psn|[from] Stealth Rock\n|\n|-heal|p1a: Koffing|45\/100|[from] Grassy Terrain\n|-heal|p2a: Frillish|30\/100 psn|[from] Grassy Terrain\n|-damage|p2a: Frillish|17\/100 psn|[from] psn\n|upkeep\n|turn|29\n|\n|t:|1662818688\n|move|p1a: Koffing|Sludge Bomb|p2a: Frillish\n|-resisted|p2a: Frillish\n|-crit|p2a: Frillish\n|-damage|p2a: Frillish|0 fnt\n|faint|p2a: Frillish\n|\n|-heal|p1a: Koffing|50\/100|[from] Grassy Terrain\n|upkeep\n|\n|t:|1662818691\n|switch|p2a: Mienfoo|Mienfoo, L5, F|100\/100\n|-damage|p2a: Mienfoo|96\/100|[from] Stealth Rock\n|turn|30\n|inactive|rcs4 reggg has 60 seconds left.\n|\n|t:|1662818702\n|move|p2a: Mienfoo|High Jump Kick|p1a: Koffing\n|-resisted|p1a: Koffing\n|-damage|p1a: Koffing|20\/100\n|move|p1a: Koffing|Pain Split|p2a: Mienfoo\n|-sethp|p2a: Mienfoo|58\/100|[from] move: Pain Split|[silent]\n|-sethp|p1a: Koffing|60\/100|[from] move: Pain Split\n|\n|-heal|p2a: Mienfoo|62\/100|[from] Grassy Terrain\n|-heal|p1a: Koffing|65\/100|[from] Grassy Terrain\n|-fieldend|move: Grassy Terrain\n|upkeep\n|turn|31\n|\n|t:|1662818709\n|move|p2a: Mienfoo|High Jump Kick|p1a: Koffing\n|-resisted|p1a: Koffing\n|-damage|p1a: Koffing|35\/100\n|move|p1a: Koffing|Will-O-Wisp|p2a: Mienfoo\n|-status|p2a: Mienfoo|brn\n|\n|-damage|p2a: Mienfoo|58\/100 brn|[from] brn\n|upkeep\n|turn|32\n|inactive|rcs4 reggg has 60 seconds left.\n|\n|t:|1662818739\n|move|p2a: Mienfoo|High Jump Kick|p1a: Koffing\n|-resisted|p1a: Koffing\n|-damage|p1a: Koffing|20\/100\n|move|p1a: Koffing|Sludge Bomb|p2a: Mienfoo\n|-crit|p2a: Mienfoo\n|-damage|p2a: Mienfoo|0 fnt\n|faint|p2a: Mienfoo\n|\n|upkeep\n|c|\u2606Pok et glace|yeah i mean i reaaly outplayed you early on but you caught up with me and played the endgame perfectly\n|\n|t:|1662818765\n|switch|p2a: Tyrunt|Tyrunt, L5, F|100\/100\n|-damage|p2a: Tyrunt|91\/100|[from] Stealth Rock\n|turn|33\n|inactive|rcs4 reggg has 60 seconds left.\n|c|\u2606Pok et glace|knowing one dd meant the end\n|\n|t:|1662818778\n|move|p2a: Tyrunt|Dragon Dance|p2a: Tyrunt\n|-boost|p2a: Tyrunt|atk|1\n|-boost|p2a: Tyrunt|spe|1\n|move|p1a: Koffing|Will-O-Wisp|p2a: Tyrunt\n|-status|p2a: Tyrunt|brn\n|\n|-damage|p2a: Tyrunt|87\/100 brn|[from] brn\n|upkeep\n|turn|34\n|c|\u2606Pok et glace|miss\n|inactive|rcs4 reggg has 60 seconds left.\n|\n|t:|1662818802\n|-end|p1a: Koffing|ability: Neutralizing Gas\n|switch|p1a: Frillish|Frillish, L5, M|63\/100 brn\n|move|p2a: Tyrunt|Dragon Dance|p2a: Tyrunt\n|-boost|p2a: Tyrunt|atk|1\n|-boost|p2a: Tyrunt|spe|1\n|\n|-damage|p2a: Tyrunt|82\/100 brn|[from] brn\n|-damage|p1a: Frillish|59\/100 brn|[from] brn\n|upkeep\n|turn|35\n|\n|t:|1662818830\n|move|p2a: Tyrunt|Rock Blast|p1a: Frillish\n|-damage|p1a: Frillish|46\/100 brn\n|-damage|p1a: Frillish|34\/100 brn\n|-start|p2a: Tyrunt|Disable|Rock Blast|[from] ability: Cursed Body|[of] p1a: Frillish\n|-hitcount|p1a: Frillish|2\n|move|p1a: Frillish|Recover|p1a: Frillish\n|-heal|p1a: Frillish|84\/100 brn\n|\n|-damage|p2a: Tyrunt|78\/100 brn|[from] brn\n|-damage|p1a: Frillish|80\/100 brn|[from] brn\n|upkeep\n|turn|36\n|c|\u2606Pok et glace|rocks would have won me the game huh\n|-message|Pok et glace forfeited.\n|\n|win|rcs4 reggg\n|raw|rcs4 reggg's rating: 1538 &rarr; <strong>1549<\/strong><br \/>(+11 for winning)\n|raw|Pok et glace's rating: 1359 &rarr; <strong>1348<\/strong><br \/>(-11 for losing)\n|l|\u2606Pok et glace\n|c|\u2606rcs4 reggg|gg\n||Ladder isn't responding, score probably updated but might not have (Request timeout).\n","uploadtime":1662818864,"views":16,"p1id":"rcs4reggg","p2id":"poketglace","formatid":"gen8lc","rating":1348,"private":0,"password":null}