{"id":"gen8nationaldex-1666917899","p1":"Brody1026","p2":"FleetFoxxx","format":"gen8nationaldex","log":"|j|\u2606Brody1026\n|j|\u2606FleetFoxxx\n|t:|1663458887\n|gametype|singles\n|player|p1|Brody1026|lance|\n|player|p2|FleetFoxxx|flannery|\n|teamsize|p1|6\n|teamsize|p2|6\n|gen|8\n|tier|[Gen 8] National Dex\n|rule|HP Percentage Mod: HP is shown in percentages\n|rule|Endless Battle Clause: Forcing endless battles is banned\n|rule|OHKO Clause: OHKO moves are banned\n|rule|Evasion Moves Clause: Evasion moves are banned\n|rule|Species Clause: Limit one of each Pok\u00e9mon\n|rule|Dynamax Clause: You cannot dynamax\n|rule|Sleep Clause Mod: Limit one foe put to sleep\n|clearpoke\n|poke|p1|Zeraora|\n|poke|p1|Volcanion|\n|poke|p1|Dhelmise|\n|poke|p1|Uxie|\n|poke|p1|Yanmega, F|\n|poke|p1|Audino, F|\n|poke|p2|Pinsir, F|\n|poke|p2|Celesteela|\n|poke|p2|Goodra, F|\n|poke|p2|Runerigus, M|\n|poke|p2|Silvally-*|\n|poke|p2|Hydreigon, M|\n|teampreview\n|j| SPACEDUDE360000\n|j| Flare1498\n|j| pretty rave girl\n|c|\u2606FleetFoxxx|gl hf!\n|j| DerpyDots\n|\n|t:|1663458926\n|start\n|switch|p1a: Uxie|Uxie|100\/100\n|switch|p2a: Celesteela|Celesteela|100\/100\n|turn|1\n|c|\u2606Brody1026|gl\n|\n|t:|1663458945\n|move|p1a: Uxie|Thunder Wave|p2a: Celesteela|[miss]\n|-miss|p1a: Uxie|p2a: Celesteela\n|move|p2a: Celesteela|Substitute|p2a: Celesteela\n|-start|p2a: Celesteela|Substitute\n|-damage|p2a: Celesteela|76\/100\n|\n|upkeep\n|turn|2\n|j| Burrahobbit\n|\n|t:|1663458953\n|move|p1a: Uxie|Hidden Power|p2a: Celesteela\n|-activate|p2a: Celesteela|move: Substitute|[damage]\n|move|p2a: Celesteela|Leech Seed|p1a: Uxie|[miss]\n|-miss|p2a: Celesteela|p1a: Uxie\n|\n|upkeep\n|turn|3\n|j| johngalt149\n|j| evilhanaklaus\n|j| sh0shin2\n|\n|t:|1663458984\n|move|p1a: Uxie|Stealth Rock|p2a: Celesteela\n|-sidestart|p2: FleetFoxxx|move: Stealth Rock\n|move|p2a: Celesteela|Leech Seed|p1a: Uxie\n|-start|p1a: Uxie|move: Leech Seed\n|\n|-damage|p1a: Uxie|88\/100|[from] Leech Seed|[of] p2a: Celesteela\n|-heal|p2a: Celesteela|87\/100|[silent]\n|upkeep\n|turn|4\n|l| evilhanaklaus\n|\n|t:|1663459015\n|switch|p1a: Volcanion|Volcanion|100\/100\n|move|p2a: Celesteela|Fly||[still]\n|-prepare|p2a: Celesteela|Fly\n|\n|upkeep\n|turn|5\n|\n|t:|1663459034\n|switch|p1a: Audino|Audino, F|100\/100\n|move|p2a: Celesteela|Fly|p1a: Audino|[from]lockedmove\n|-damage|p1a: Audino|73\/100\n|\n|-heal|p1a: Audino|79\/100|[from] item: Leftovers\n|upkeep\n|turn|6\n|\n|t:|1663459051\n|switch|p1a: Volcanion|Volcanion|100\/100\n|move|p2a: Celesteela|Leech Seed|p1a: Volcanion\n|-start|p1a: Volcanion|move: Leech Seed\n|\n|-damage|p1a: Volcanion|88\/100|[from] Leech Seed|[of] p2a: Celesteela\n|-heal|p2a: Celesteela|96\/100|[silent]\n|upkeep\n|turn|7\n|\n|t:|1663459058\n|move|p1a: Volcanion|Flamethrower|p2a: Celesteela\n|-supereffective|p2a: Celesteela\n|-end|p2a: Celesteela|Substitute\n|move|p2a: Celesteela|Earthquake|p1a: Volcanion\n|-supereffective|p1a: Volcanion\n|-damage|p1a: Volcanion|44\/100\n|\n|-damage|p1a: Volcanion|31\/100|[from] Leech Seed|[of] p2a: Celesteela\n|-heal|p2a: Celesteela|100\/100|[silent]\n|upkeep\n|turn|8\n|\n|t:|1663459148\n|switch|p1a: Audino|Audino, F|100\/100\n|switch|p2a: Goodra|Goodra, F|100\/100\n|-damage|p2a: Goodra|88\/100|[from] Stealth Rock\n|\n|-heal|p2a: Goodra|94\/100|[from] item: Leftovers\n|upkeep\n|turn|9\n|\n|t:|1663459158\n|move|p2a: Goodra|Toxic|p1a: Audino\n|-status|p1a: Audino|tox\n|move|p1a: Audino|Toxic|p2a: Goodra\n|-status|p2a: Goodra|tox\n|\n|-heal|p2a: Goodra|99\/100 tox|[from] item: Leftovers\n|-damage|p2a: Goodra|94\/100 tox|[from] psn\n|-damage|p1a: Audino|94\/100 tox|[from] psn\n|upkeep\n|turn|10\n|\n|t:|1663459173\n|switch|p2a: Silvally|Silvally-Fairy|100\/100\n|-damage|p2a: Silvally|88\/100|[from] Stealth Rock\n|move|p1a: Audino|Wish|p1a: Audino\n|\n|-heal|p1a: Audino|100\/100 tox|[from] item: Leftovers\n|-damage|p1a: Audino|88\/100 tox|[from] psn\n|upkeep\n|turn|11\n|\n|t:|1663459188\n|switch|p1a: Dhelmise|Dhelmise|100\/100\n|move|p2a: Silvally|Defog|p1a: Dhelmise\n|-unboost|p1a: Dhelmise|evasion|1\n|-sideend|p2: FleetFoxxx|Stealth Rock|[from] move: Defog|[of] p2a: Silvally\n|\n|upkeep\n|turn|12\n|\n|t:|1663459196\n|switch|p2a: Celesteela|Celesteela|100\/100\n|move|p1a: Dhelmise|Anchor Shot|p2a: Celesteela\n|-resisted|p2a: Celesteela\n|-damage|p2a: Celesteela|90\/100\n|-activate|p2a: Celesteela|trapped\n|\n|upkeep\n|turn|13\n|\n|t:|1663459250\n|move|p2a: Celesteela|Substitute|p2a: Celesteela\n|-start|p2a: Celesteela|Substitute\n|-damage|p2a: Celesteela|65\/100\n|move|p1a: Dhelmise|Poltergeist|p2a: Celesteela\n|-activate|p2a: Celesteela|move: Poltergeist|Mental Herb\n|-end|p2a: Celesteela|Substitute\n|\n|upkeep\n|turn|14\n|\n|t:|1663459259\n|move|p2a: Celesteela|Fly||[still]\n|-prepare|p2a: Celesteela|Fly\n|move|p1a: Dhelmise|Poltergeist|p2a: Celesteela|[miss]\n|-miss|p1a: Dhelmise|p2a: Celesteela\n|\n|upkeep\n|turn|15\n|\n|t:|1663459270\n|switch|p1a: Audino|Audino, F|100\/100 tox\n|move|p2a: Celesteela|Fly|p1a: Audino|[from]lockedmove\n|-damage|p1a: Audino|68\/100 tox\n|\n|-heal|p1a: Audino|74\/100 tox|[from] item: Leftovers\n|-damage|p1a: Audino|68\/100 tox|[from] psn\n|upkeep\n|turn|16\n|\n|t:|1663459287\n|move|p2a: Celesteela|Substitute|p2a: Celesteela\n|-start|p2a: Celesteela|Substitute\n|-damage|p2a: Celesteela|40\/100\n|move|p1a: Audino|Knock Off|p2a: Celesteela\n|-activate|p2a: Celesteela|move: Substitute|[damage]\n|\n|-heal|p1a: Audino|74\/100 tox|[from] item: Leftovers\n|-damage|p1a: Audino|62\/100 tox|[from] psn\n|upkeep\n|turn|17\n|\n|t:|1663459297\n|move|p2a: Celesteela|Fly||[still]\n|-prepare|p2a: Celesteela|Fly\n|move|p1a: Audino|Wish|p1a: Audino\n|\n|-heal|p1a: Audino|68\/100 tox|[from] item: Leftovers\n|-damage|p1a: Audino|50\/100 tox|[from] psn\n|upkeep\n|turn|18\n|\n|t:|1663459321\n|switch|p1a: Uxie|Uxie|88\/100\n|move|p2a: Celesteela|Fly|p1a: Uxie|[from]lockedmove\n|-damage|p1a: Uxie|70\/100\n|\n|-heal|p1a: Uxie|100\/100|[from] move: Wish|[wisher] Audino\n|upkeep\n|turn|19\n|\n|t:|1663459341\n|move|p1a: Uxie|Stealth Rock|p2a: Celesteela\n|-sidestart|p2: FleetFoxxx|move: Stealth Rock\n|move|p2a: Celesteela|Leech Seed|p1a: Uxie\n|-start|p1a: Uxie|move: Leech Seed\n|\n|-damage|p1a: Uxie|88\/100|[from] Leech Seed|[of] p2a: Celesteela\n|-heal|p2a: Celesteela|51\/100|[silent]\n|upkeep\n|turn|20\n|\n|t:|1663459360\n|switch|p1a: Dhelmise|Dhelmise|100\/100\n|move|p2a: Celesteela|Fly||[still]\n|-prepare|p2a: Celesteela|Fly\n|\n|upkeep\n|turn|21\n|\n|t:|1663459366\n|switch|p1a: Audino|Audino, F|83\/100 tox\n|move|p2a: Celesteela|Fly|p1a: Audino|[from]lockedmove\n|-damage|p1a: Audino|51\/100 tox\n|\n|-heal|p1a: Audino|58\/100 tox|[from] item: Leftovers\n|-damage|p1a: Audino|51\/100 tox|[from] psn\n|upkeep\n|turn|22\n|\n|t:|1663459381\n|switch|p1a: Dhelmise|Dhelmise|100\/100\n|move|p2a: Celesteela|Leech Seed|p1a: Dhelmise\n|-immune|p1a: Dhelmise\n|\n|upkeep\n|turn|23\n|\n|t:|1663459387\n|move|p2a: Celesteela|Fly||[still]\n|-prepare|p2a: Celesteela|Fly\n|move|p1a: Dhelmise|Poltergeist|p2a: Celesteela|[miss]\n|-miss|p1a: Dhelmise|p2a: Celesteela\n|\n|upkeep\n|turn|24\n|\n|t:|1663459396\n|switch|p1a: Audino|Audino, F|85\/100 tox\n|move|p2a: Celesteela|Fly|p1a: Audino|[from]lockedmove\n|-damage|p1a: Audino|54\/100 tox\n|\n|-heal|p1a: Audino|60\/100 tox|[from] item: Leftovers\n|-damage|p1a: Audino|54\/100 tox|[from] psn\n|upkeep\n|turn|25\n|\n|t:|1663459406\n|switch|p1a: Dhelmise|Dhelmise|100\/100\n|move|p2a: Celesteela|Leech Seed|p1a: Dhelmise\n|-immune|p1a: Dhelmise\n|\n|upkeep\n|turn|26\n|\n|t:|1663459418\n|move|p2a: Celesteela|Fly||[still]\n|-prepare|p2a: Celesteela|Fly\n|move|p1a: Dhelmise|Poltergeist|p2a: Celesteela|[miss]\n|-miss|p1a: Dhelmise|p2a: Celesteela\n|\n|upkeep\n|turn|27\n|\n|t:|1663459423\n|switch|p1a: Audino|Audino, F|87\/100 tox\n|move|p2a: Celesteela|Fly|p1a: Audino|[from]lockedmove\n|-damage|p1a: Audino|60\/100 tox\n|\n|-heal|p1a: Audino|66\/100 tox|[from] item: Leftovers\n|-damage|p1a: Audino|60\/100 tox|[from] psn\n|upkeep\n|turn|28\n|\n|t:|1663459437\n|switch|p1a: Dhelmise|Dhelmise|100\/100\n|move|p2a: Celesteela|Leech Seed|p1a: Dhelmise\n|-immune|p1a: Dhelmise\n|\n|upkeep\n|turn|29\n|\n|t:|1663459472\n|switch|p1a: Audino|Audino, F|93\/100 tox\n|move|p2a: Celesteela|Fly||[still]\n|-prepare|p2a: Celesteela|Fly\n|\n|-heal|p1a: Audino|99\/100 tox|[from] item: Leftovers\n|-damage|p1a: Audino|93\/100 tox|[from] psn\n|upkeep\n|turn|30\n|\n|t:|1663459479\n|move|p2a: Celesteela|Fly|p1a: Audino|[from]lockedmove\n|-damage|p1a: Audino|62\/100 tox\n|move|p1a: Audino|Wish|p1a: Audino\n|\n|-heal|p1a: Audino|68\/100 tox|[from] item: Leftovers\n|-damage|p1a: Audino|56\/100 tox|[from] psn\n|upkeep\n|turn|31\n|j| Matieu\n|\n|t:|1663459486\n|switch|p1a: Volcanion|Volcanion|31\/100\n|move|p2a: Celesteela|Fly||[still]\n|-prepare|p2a: Celesteela|Fly\n|\n|-heal|p1a: Volcanion|99\/100|[from] move: Wish|[wisher] Audino\n|upkeep\n|turn|32\n|\n|t:|1663459496\n|move|p1a: Volcanion|Flamethrower|p2a: Celesteela|[miss]\n|-miss|p1a: Volcanion|p2a: Celesteela\n|move|p2a: Celesteela|Fly|p1a: Volcanion|[from]lockedmove\n|-damage|p1a: Volcanion|71\/100\n|\n|upkeep\n|turn|33\n|\n|t:|1663459503\n|move|p1a: Volcanion|Flamethrower|p2a: Celesteela\n|-supereffective|p2a: Celesteela\n|-end|p2a: Celesteela|Substitute\n|move|p2a: Celesteela|Earthquake|p1a: Volcanion\n|-supereffective|p1a: Volcanion\n|-damage|p1a: Volcanion|25\/100\n|\n|upkeep\n|turn|34\n|\n|t:|1663459515\n|switch|p2a: Goodra|Goodra, F|94\/100 tox\n|-damage|p2a: Goodra|82\/100 tox|[from] Stealth Rock\n|move|p1a: Volcanion|Flamethrower|p2a: Goodra\n|-resisted|p2a: Goodra\n|-damage|p2a: Goodra|57\/100 tox\n|\n|-heal|p2a: Goodra|63\/100 tox|[from] item: Leftovers\n|-damage|p2a: Goodra|57\/100 tox|[from] psn\n|upkeep\n|turn|35\n|\n|t:|1663459525\n|switch|p1a: Audino|Audino, F|89\/100 tox\n|move|p2a: Goodra|Thunderbolt|p1a: Audino\n|-damage|p1a: Audino|75\/100 tox\n|\n|-heal|p2a: Goodra|63\/100 tox|[from] item: Leftovers\n|-heal|p1a: Audino|81\/100 tox|[from] item: Leftovers\n|-damage|p2a: Goodra|51\/100 tox|[from] psn\n|-damage|p1a: Audino|75\/100 tox|[from] psn\n|upkeep\n|turn|36\n|\n|t:|1663459542\n|switch|p2a: Celesteela|Celesteela|51\/100\n|-damage|p2a: Celesteela|39\/100|[from] Stealth Rock\n|move|p1a: Audino|Wish|p1a: Audino\n|\n|-heal|p1a: Audino|81\/100 tox|[from] item: Leftovers\n|-damage|p1a: Audino|69\/100 tox|[from] psn\n|upkeep\n|turn|37\n|\n|t:|1663459551\n|switch|p1a: Volcanion|Volcanion|25\/100\n|move|p2a: Celesteela|Earthquake|p1a: Volcanion\n|-supereffective|p1a: Volcanion\n|-damage|p1a: Volcanion|0 fnt\n|faint|p1a: Volcanion\n|-ability|p2a: Celesteela|Beast Boost|boost\n|-boost|p2a: Celesteela|def|1\n|\n|upkeep\n|j| Paghetti Mash\n|\n|t:|1663459560\n|switch|p1a: Zeraora|Zeraora|100\/100\n|turn|38\n|\n|t:|1663459563\n|switch|p2a: Runerigus|Runerigus, M|100\/100\n|-damage|p2a: Runerigus|95\/100|[from] Stealth Rock\n|move|p1a: Zeraora|Plasma Fists|p2a: Runerigus\n|-immune|p2a: Runerigus\n|\n|-heal|p2a: Runerigus|100\/100|[from] item: Leftovers\n|upkeep\n|turn|39\n|\n|t:|1663459629\n|switch|p1a: Yanmega|Yanmega, F|100\/100\n|move|p2a: Runerigus|Stealth Rock|p1a: Yanmega\n|-sidestart|p1: Brody1026|move: Stealth Rock\n|\n|upkeep\n|turn|40\n|\n|t:|1663459646\n|switch|p2a: Celesteela|Celesteela|39\/100\n|-damage|p2a: Celesteela|27\/100|[from] Stealth Rock\n|move|p1a: Yanmega|Hidden Power|p2a: Celesteela\n|-damage|p2a: Celesteela|2\/100\n|-damage|p1a: Yanmega|91\/100|[from] item: Life Orb\n|\n|-ability|p1a: Yanmega|Speed Boost|boost\n|-boost|p1a: Yanmega|spe|1\n|upkeep\n|turn|41\n|\n|t:|1663459655\n|switch|p2a: Silvally|Silvally-Fairy|88\/100\n|-damage|p2a: Silvally|76\/100|[from] Stealth Rock\n|move|p1a: Yanmega|Hidden Power|p2a: Silvally\n|-damage|p2a: Silvally|58\/100\n|-damage|p1a: Yanmega|81\/100|[from] item: Life Orb\n|\n|-ability|p1a: Yanmega|Speed Boost|boost\n|-boost|p1a: Yanmega|spe|1\n|upkeep\n|turn|42\n|\n|t:|1663459668\n|switch|p1a: Dhelmise|Dhelmise|100\/100\n|move|p2a: Silvally|Multi-Attack|p1a: Dhelmise\n|-damage|p1a: Dhelmise|63\/100\n|\n|upkeep\n|turn|43\n|\n|t:|1663459689\n|switch|p2a: Celesteela|Celesteela|2\/100\n|-damage|p2a: Celesteela|0 fnt|[from] Stealth Rock\n|faint|p2a: Celesteela\n|move|p1a: Dhelmise|Poltergeist|p2: Celesteela|[notarget]\n|-fail|p1a: Dhelmise\n|\n|upkeep\n|\n|t:|1663459696\n|switch|p2a: Hydreigon|Hydreigon, M|100\/100\n|-damage|p2a: Hydreigon|88\/100|[from] Stealth Rock\n|turn|44\n|\n|t:|1663459709\n|switch|p1a: Audino|Audino, F|100\/100 tox\n|-damage|p1a: Audino|88\/100 tox|[from] Stealth Rock\n|move|p2a: Hydreigon|U-turn|p1a: Audino\n|-damage|p1a: Audino|73\/100 tox\n|\n|t:|1663459722\n|switch|p2a: Silvally|Silvally-Fairy|58\/100|[from]move: U-turn\n|-damage|p2a: Silvally|46\/100|[from] Stealth Rock\n|\n|-heal|p1a: Audino|79\/100 tox|[from] item: Leftovers\n|-damage|p1a: Audino|73\/100 tox|[from] psn\n|upkeep\n|turn|45\n|\n|t:|1663459752\n|move|p2a: Silvally|Defog|p1a: Audino\n|-unboost|p1a: Audino|evasion|1\n|-sideend|p1: Brody1026|Stealth Rock|[from] move: Defog|[of] p2a: Silvally\n|-sideend|p2: FleetFoxxx|Stealth Rock|[from] move: Defog|[of] p2a: Silvally\n|move|p1a: Audino|Wish|p1a: Audino\n|\n|-heal|p1a: Audino|79\/100 tox|[from] item: Leftovers\n|-damage|p1a: Audino|67\/100 tox|[from] psn\n|upkeep\n|turn|46\n|\n|t:|1663459761\n|switch|p1a: Dhelmise|Dhelmise|63\/100\n|move|p2a: Silvally|Parting Shot|p1a: Dhelmise\n|-unboost|p1a: Dhelmise|atk|1\n|-unboost|p1a: Dhelmise|spa|1\n|\n|t:|1663459768\n|switch|p2a: Pinsir|Pinsir, F|100\/100|[from]move: Parting Shot\n|\n|-heal|p1a: Dhelmise|100\/100|[from] move: Wish|[wisher] Audino\n|upkeep\n|turn|47\n|\n|t:|1663459806\n|switch|p1a: Uxie|Uxie|88\/100\n|detailschange|p2a: Pinsir|Pinsir-Mega, F\n|-mega|p2a: Pinsir|Pinsir|Pinsirite\n|move|p2a: Pinsir|Return|p1a: Uxie\n|-damage|p1a: Uxie|41\/100\n|\n|-heal|p1a: Uxie|48\/100|[from] item: Leftovers\n|upkeep\n|turn|48\n|\n|t:|1663459883\n|switch|p2a: Runerigus|Runerigus, M|100\/100\n|move|p1a: Uxie|Stealth Rock|p2a: Runerigus\n|-sidestart|p2: FleetFoxxx|move: Stealth Rock\n|\n|-heal|p1a: Uxie|54\/100|[from] item: Leftovers\n|upkeep\n|turn|49\n|\n|t:|1663459929\n|move|p1a: Uxie|Hidden Power|p2a: Runerigus\n|-supereffective|p2a: Runerigus\n|-damage|p2a: Runerigus|76\/100\n|move|p2a: Runerigus|Stealth Rock|p1a: Uxie\n|-sidestart|p1: Brody1026|move: Stealth Rock\n|\n|-heal|p1a: Uxie|60\/100|[from] item: Leftovers\n|-heal|p2a: Runerigus|82\/100|[from] item: Leftovers\n|upkeep\n|turn|50\n|j| glumpbumpin\n|\n|t:|1663459960\n|switch|p1a: Audino|Audino, F|99\/100 tox\n|-damage|p1a: Audino|88\/100 tox|[from] Stealth Rock\n|switch|p2a: Silvally|Silvally-Fairy|46\/100\n|-damage|p2a: Silvally|33\/100|[from] Stealth Rock\n|\n|-heal|p1a: Audino|94\/100 tox|[from] item: Leftovers\n|-damage|p1a: Audino|88\/100 tox|[from] psn\n|upkeep\n|turn|51\n|\n|t:|1663459972\n|move|p2a: Silvally|Defog|p1a: Audino\n|-unboost|p1a: Audino|evasion|1\n|-sideend|p1: Brody1026|Stealth Rock|[from] move: Defog|[of] p2a: Silvally\n|-sideend|p2: FleetFoxxx|Stealth Rock|[from] move: Defog|[of] p2a: Silvally\n|move|p1a: Audino|Toxic|p2a: Silvally\n|-status|p2a: Silvally|tox\n|\n|-heal|p1a: Audino|94\/100 tox|[from] item: Leftovers\n|-damage|p2a: Silvally|27\/100 tox|[from] psn\n|-damage|p1a: Audino|81\/100 tox|[from] psn\n|upkeep\n|turn|52\n|\n|t:|1663459986\n|switch|p1a: Zeraora|Zeraora|100\/100\n|move|p2a: Silvally|Parting Shot|p1a: Zeraora\n|-unboost|p1a: Zeraora|atk|1\n|-unboost|p1a: Zeraora|spa|1\n|\n|t:|1663459992\n|switch|p2a: Runerigus|Runerigus, M|82\/100|[from]move: Parting Shot\n|\n|-heal|p2a: Runerigus|88\/100|[from] item: Leftovers\n|upkeep\n|turn|53\n|\n|t:|1663460009\n|switch|p1a: Uxie|Uxie|60\/100\n|move|p2a: Runerigus|Shadow Claw|p1a: Uxie\n|-supereffective|p1a: Uxie\n|-damage|p1a: Uxie|33\/100\n|\n|-heal|p1a: Uxie|39\/100|[from] item: Leftovers\n|-heal|p2a: Runerigus|94\/100|[from] item: Leftovers\n|upkeep\n|turn|54\n|\n|t:|1663460019\n|move|p1a: Uxie|Stealth Rock|p2a: Runerigus\n|-sidestart|p2: FleetFoxxx|move: Stealth Rock\n|move|p2a: Runerigus|Shadow Claw|p1a: Uxie\n|-supereffective|p1a: Uxie\n|-damage|p1a: Uxie|13\/100\n|\n|-heal|p1a: Uxie|19\/100|[from] item: Leftovers\n|-heal|p2a: Runerigus|99\/100|[from] item: Leftovers\n|upkeep\n|turn|55\n|\n|t:|1663460031\n|switch|p1a: Dhelmise|Dhelmise|100\/100\n|move|p2a: Runerigus|Stealth Rock|p1a: Dhelmise\n|-sidestart|p1: Brody1026|move: Stealth Rock\n|\n|-heal|p2a: Runerigus|100\/100|[from] item: Leftovers\n|upkeep\n|turn|56\n|\n|t:|1663460042\n|move|p1a: Dhelmise|Poltergeist|p2a: Runerigus\n|-activate|p2a: Runerigus|move: Poltergeist|Leftovers\n|-supereffective|p2a: Runerigus\n|-damage|p2a: Runerigus|40\/100\n|move|p2a: Runerigus|Will-O-Wisp|p1a: Dhelmise\n|-status|p1a: Dhelmise|brn\n|\n|-heal|p2a: Runerigus|46\/100|[from] item: Leftovers\n|-damage|p1a: Dhelmise|94\/100 brn|[from] brn\n|upkeep\n|turn|57\n|\n|t:|1663460058\n|switch|p2a: Hydreigon|Hydreigon, M|88\/100\n|-damage|p2a: Hydreigon|76\/100|[from] Stealth Rock\n|move|p1a: Dhelmise|Poltergeist|p2a: Hydreigon\n|-activate|p2a: Hydreigon|move: Poltergeist|Choice Scarf\n|-resisted|p2a: Hydreigon\n|-damage|p2a: Hydreigon|63\/100\n|\n|-damage|p1a: Dhelmise|88\/100 brn|[from] brn\n|upkeep\n|turn|58\n|\n|t:|1663460069\n|switch|p1a: Audino|Audino, F|100\/100 tox\n|-damage|p1a: Audino|88\/100 tox|[from] Stealth Rock\n|move|p2a: Hydreigon|Dark Pulse|p1a: Audino\n|-damage|p1a: Audino|62\/100 tox\n|\n|-heal|p1a: Audino|68\/100 tox|[from] item: Leftovers\n|-damage|p1a: Audino|62\/100 tox|[from] psn\n|upkeep\n|turn|59\n|\n|t:|1663460097\n|switch|p2a: Silvally|Silvally-Fairy|27\/100 tox\n|-damage|p2a: Silvally|15\/100 tox|[from] Stealth Rock\n|move|p1a: Audino|Knock Off|p2a: Silvally\n|-resisted|p2a: Silvally\n|-damage|p2a: Silvally|11\/100 tox\n|\n|-heal|p1a: Audino|68\/100 tox|[from] item: Leftovers\n|-damage|p2a: Silvally|5\/100 tox|[from] psn\n|-damage|p1a: Audino|56\/100 tox|[from] psn\n|upkeep\n|turn|60\n|\n|t:|1663460111\n|move|p2a: Silvally|Defog|p1a: Audino\n|-unboost|p1a: Audino|evasion|1\n|-sideend|p1: Brody1026|Stealth Rock|[from] move: Defog|[of] p2a: Silvally\n|-sideend|p2: FleetFoxxx|Stealth Rock|[from] move: Defog|[of] p2a: Silvally\n|move|p1a: Audino|Wish|p1a: Audino\n|\n|-heal|p1a: Audino|62\/100 tox|[from] item: Leftovers\n|-damage|p2a: Silvally|0 fnt|[from] psn\n|faint|p2a: Silvally\n|-damage|p1a: Audino|44\/100 tox|[from] psn\n|upkeep\n|\n|t:|1663460121\n|switch|p2a: Pinsir|Pinsir-Mega, F|100\/100\n|turn|61\n|\n|t:|1663460128\n|move|p1a: Audino|Protect|p1a: Audino\n|-singleturn|p1a: Audino|Protect\n|move|p2a: Pinsir|Return|p1a: Audino\n|-activate|p1a: Audino|move: Protect\n|\n|-heal|p1a: Audino|94\/100 tox|[from] move: Wish|[wisher] Audino\n|-heal|p1a: Audino|99\/100 tox|[from] item: Leftovers\n|-damage|p1a: Audino|76\/100 tox|[from] psn\n|upkeep\n|turn|62\n|\n|t:|1663460201\n|move|p2a: Pinsir|Substitute|p2a: Pinsir\n|-start|p2a: Pinsir|Substitute\n|-damage|p2a: Pinsir|76\/100\n|move|p1a: Audino|Toxic||[still]\n|-fail|p1a: Audino\n|\n|-heal|p1a: Audino|82\/100 tox|[from] item: Leftovers\n|-damage|p1a: Audino|51\/100 tox|[from] psn\n|upkeep\n|turn|63\n|\n|t:|1663460221\n|switch|p1a: Uxie|Uxie|19\/100\n|move|p2a: Pinsir|Swords Dance|p2a: Pinsir\n|-boost|p2a: Pinsir|atk|2\n|\n|-heal|p1a: Uxie|26\/100|[from] item: Leftovers\n|upkeep\n|turn|64\n|\n|t:|1663460248\n|move|p2a: Pinsir|Quick Attack|p1a: Uxie\n|-damage|p1a: Uxie|0 fnt\n|faint|p1a: Uxie\n|\n|upkeep\n|\n|t:|1663460266\n|switch|p1a: Yanmega|Yanmega, F|81\/100\n|turn|65\n|\n|t:|1663460270\n|move|p1a: Yanmega|Protect|p1a: Yanmega\n|-singleturn|p1a: Yanmega|Protect\n|move|p2a: Pinsir|Quick Attack|p1a: Yanmega\n|-activate|p1a: Yanmega|move: Protect\n|\n|-ability|p1a: Yanmega|Speed Boost|boost\n|-boost|p1a: Yanmega|spe|1\n|upkeep\n|turn|66\n|\n|t:|1663460294\n|move|p2a: Pinsir|Quick Attack|p1a: Yanmega\n|-supereffective|p1a: Yanmega\n|-damage|p1a: Yanmega|0 fnt\n|faint|p1a: Yanmega\n|\n|upkeep\n|\n|t:|1663460338\n|switch|p1a: Zeraora|Zeraora|100\/100\n|turn|67\n|\n|t:|1663460352\n|move|p1a: Zeraora|Plasma Fists|p2a: Pinsir\n|-supereffective|p2a: Pinsir\n|-end|p2a: Pinsir|Substitute\n|move|p2a: Pinsir|Return|p1a: Zeraora\n|-resisted|p1a: Zeraora\n|-damage|p1a: Zeraora|0 fnt\n|faint|p1a: Zeraora\n|\n|upkeep\n|\n|t:|1663460363\n|switch|p1a: Dhelmise|Dhelmise|88\/100 brn\n|turn|68\n|\n|t:|1663460369\n|move|p2a: Pinsir|Return|p1a: Dhelmise\n|-supereffective|p1a: Dhelmise\n|-damage|p1a: Dhelmise|0 fnt\n|faint|p1a: Dhelmise\n|\n|upkeep\n|\n|t:|1663460374\n|switch|p1a: Audino|Audino, F|84\/100 tox\n|turn|69\n|\n|t:|1663460377\n|move|p2a: Pinsir|Return|p1a: Audino\n|-damage|p1a: Audino|0 fnt\n|faint|p1a: Audino\n|\n|win|FleetFoxxx\n|c|\u2606Brody1026|gg\n|c|\u2606FleetFoxxx|gg!\n|l| SPACEDUDE360000\n|l| DerpyDots\n|l|\u2606Brody1026\n|l| pretty rave girl\n|j|\u2606Brody1026\n|player|p1|Brody1026|lance\n|l| johngalt149\n","uploadtime":1663460448,"views":20,"p1id":"brody1026","p2id":"fleetfoxxx","formatid":"gen8nationaldex","rating":0,"private":0,"password":null}