{"id":"gen8doublesou-1668676281","p1":"EVERYOPPSHOT","p2":"GenOne","format":"gen8doublesou","log":"|j|\u2606EVERYOPPSHOT\n|j|\u2606GenOne\n|t:|1663964630\n|gametype|doubles\n|player|p1|EVERYOPPSHOT|wallace-gen3|\n|player|p2|GenOne|#genone|\n|teamsize|p1|6\n|teamsize|p2|6\n|gen|8\n|tier|[Gen 8] Doubles OU\n|rule|Species Clause: Limit one of each Pok\u00e9mon\n|rule|OHKO Clause: OHKO moves are banned\n|rule|Evasion Moves Clause: Evasion moves are banned\n|rule|Gravity Sleep Clause: The combination of sleep-inducing moves with imperfect accuracy and Gravity or Gigantamax Orbeetle are banned\n|rule|Endless Battle Clause: Forcing endless battles is banned\n|rule|HP Percentage Mod: HP is shown in percentages\n|rule|Dynamax Clause: You cannot dynamax\n|rule|Swagger Clause: Swagger is banned\n|clearpoke\n|poke|p1|Incineroar, F|\n|poke|p1|Mew|\n|poke|p1|Landorus, M|\n|poke|p1|Tapu Koko|\n|poke|p1|Chansey, F|\n|poke|p1|Cresselia, F|\n|poke|p2|Genesect|\n|poke|p2|Tyranitar, M|\n|poke|p2|Mew|\n|poke|p2|Incineroar, M|\n|poke|p2|Rillaboom, F|\n|poke|p2|Tapu Fini|\n|teampreview\n|c|\u2606GenOne|hf!\n|c|\u2606EVERYOPPSHOT|glhf\n|c|\u2606GenOne|oo fespy stall\n|c|\u2606GenOne|a cultured pick\n|c|\u2606EVERYOPPSHOT|i just stole them from\n|c|\u2606EVERYOPPSHOT|pokeaim\n|c|\u2606EVERYOPPSHOT|LOL\n|c|\u2606GenOne|yeah fespy was supplying aim with teams in osdt\n|\n|t:|1663964688\n|start\n|switch|p1a: Mew|Mew|100\/100\n|switch|p1b: Incineroar|Incineroar, F|100\/100\n|switch|p2a: Mew|Mew|100\/100\n|switch|p2b: Rillaboom|Rillaboom, F|100\/100\n|-fieldstart|move: Grassy Terrain|[from] ability: Grassy Surge|[of] p2b: Rillaboom\n|-ability|p1b: Incineroar|Intimidate|boost\n|-unboost|p2a: Mew|atk|1\n|-unboost|p2b: Rillaboom|atk|1\n|turn|1\n|\n|t:|1663964722\n|switch|p2a: Incineroar|Incineroar, M|100\/100\n|-ability|p2a: Incineroar|Intimidate|boost\n|-unboost|p1a: Mew|atk|1\n|-unboost|p1b: Incineroar|atk|1\n|move|p1a: Mew|Toxic Spikes|p2a: Incineroar\n|-sidestart|p2: GenOne|move: Toxic Spikes\n|move|p2b: Rillaboom|U-turn|p1a: Mew\n|-supereffective|p1a: Mew\n|-damage|p1a: Mew|70\/100\n|\n|t:|1663964731\n|switch|p2b: Tapu Fini|Tapu Fini|100\/100|[from]move: U-turn\n|-status|p2b: Tapu Fini|psn\n|-fieldstart|move: Misty Terrain|[from] ability: Misty Surge|[of] p2b: Tapu Fini\n|move|p1b: Incineroar|Knock Off|p2a: Incineroar\n|-resisted|p2a: Incineroar\n|-damage|p2a: Incineroar|87\/100\n|-enditem|p2a: Incineroar|Heavy-Duty Boots|[from] move: Knock Off|[of] p1b: Incineroar\n|\n|-damage|p2b: Tapu Fini|88\/100 psn|[from] psn\n|upkeep\n|turn|2\n|\n|t:|1663964748\n|switch|p2b: Tyranitar|Tyranitar, M|100\/100\n|-weather|Sandstorm|[from] ability: Sand Stream|[of] p2b: Tyranitar\n|move|p1a: Mew|Toxic Spikes|p2b: Tyranitar\n|-sidestart|p2: GenOne|move: Toxic Spikes\n|move|p1b: Incineroar|Parting Shot|p2b: Tyranitar\n|-unboost|p2b: Tyranitar|atk|1\n|-unboost|p2b: Tyranitar|spa|1\n|\n|t:|1663964752\n|switch|p1b: Landorus|Landorus, M|100\/100|[from]move: Parting Shot\n|move|p2a: Incineroar|Knock Off|p1a: Mew\n|-supereffective|p1a: Mew\n|-damage|p1a: Mew|0 fnt\n|-enditem|p1a: Mew|Choice Scarf|[from] move: Knock Off|[of] p2a: Incineroar\n|faint|p1a: Mew\n|\n|-weather|Sandstorm|[upkeep]\n|-damage|p2a: Incineroar|81\/100|[from] Sandstorm\n|upkeep\n|\n|t:|1663964757\n|switch|p1a: Incineroar|Incineroar, F|100\/100\n|-ability|p1a: Incineroar|Intimidate|boost\n|-unboost|p2a: Incineroar|atk|1\n|-unboost|p2b: Tyranitar|atk|1\n|turn|3\n|\n|t:|1663964771\n|switch|p2b: Rillaboom|Rillaboom, F|100\/100\n|-fieldstart|move: Grassy Terrain|[from] ability: Grassy Surge|[of] p2b: Rillaboom\n|move|p1a: Incineroar|Fake Out|p2a: Incineroar\n|-damage|p2a: Incineroar|70\/100\n|move|p1b: Landorus|U-turn|p2b: Rillaboom\n|-supereffective|p2b: Rillaboom\n|-damage|p2b: Rillaboom|64\/100\n|\n|t:|1663964782\n|switch|p1b: Tapu Koko|Tapu Koko|100\/100|[from]move: U-turn\n|-fieldstart|move: Electric Terrain|[from] ability: Electric Surge|[of] p1b: Tapu Koko\n|cant|p2a: Incineroar|flinch\n|\n|-weather|Sandstorm|[upkeep]\n|-damage|p1b: Tapu Koko|94\/100|[from] Sandstorm\n|-damage|p2b: Rillaboom|57\/100|[from] Sandstorm\n|-damage|p1a: Incineroar|94\/100|[from] Sandstorm\n|-damage|p2a: Incineroar|64\/100|[from] Sandstorm\n|upkeep\n|turn|4\n|\n|t:|1663964805\n|switch|p2a: Tyranitar|Tyranitar, M|100\/100\n|-status|p2a: Tyranitar|tox\n|move|p2b: Rillaboom|Fake Out|p1a: Incineroar\n|-damage|p1a: Incineroar|81\/100\n|move|p1b: Tapu Koko|Volt Switch|p2a: Tyranitar\n|-damage|p2a: Tyranitar|80\/100 tox\n|j|+heroictobias\n|\n|t:|1663964815\n|switch|p1b: Landorus|Landorus, M|100\/100|[from]move: Volt Switch\n|cant|p1a: Incineroar|flinch\n|\n|-weather|Sandstorm|[upkeep]\n|-damage|p2b: Rillaboom|51\/100|[from] Sandstorm\n|-damage|p1a: Incineroar|75\/100|[from] Sandstorm\n|-damage|p2a: Tyranitar|74\/100 tox|[from] psn\n|upkeep\n|turn|5\n|\n|t:|1663964839\n|switch|p2a: Tapu Fini|Tapu Fini|88\/100 psn\n|-fieldstart|move: Misty Terrain|[from] ability: Misty Surge|[of] p2a: Tapu Fini\n|move|p1b: Landorus|Earth Power|p2a: Tapu Fini\n|-damage|p2a: Tapu Fini|41\/100 psn\n|move|p2b: Rillaboom|U-turn|p1b: Landorus\n|-resisted|p1b: Landorus\n|-damage|p1b: Landorus|87\/100\n|\n|t:|1663964851\n|switch|p2b: Incineroar|Incineroar, M|64\/100|[from]move: U-turn\n|-ability|p2b: Incineroar|Intimidate|boost\n|-unboost|p1a: Incineroar|atk|1\n|-unboost|p1b: Landorus|atk|1\n|move|p1a: Incineroar|Knock Off|p2b: Incineroar\n|-resisted|p2b: Incineroar\n|-damage|p2b: Incineroar|55\/100\n|\n|-weather|Sandstorm|[upkeep]\n|-damage|p2a: Tapu Fini|35\/100 psn|[from] Sandstorm\n|-damage|p1a: Incineroar|69\/100|[from] Sandstorm\n|-damage|p2b: Incineroar|48\/100|[from] Sandstorm\n|-heal|p2a: Tapu Fini|41\/100 psn|[from] item: Leftovers\n|-damage|p2a: Tapu Fini|28\/100 psn|[from] psn\n|upkeep\n|turn|6\n|\n|t:|1663964865\n|switch|p1b: Chansey|Chansey, F|100\/100\n|switch|p1a: Tapu Koko|Tapu Koko|94\/100\n|-fieldstart|move: Electric Terrain|[from] ability: Electric Surge|[of] p1a: Tapu Koko\n|move|p2b: Incineroar|Fake Out|p1b: Chansey\n|-damage|p1b: Chansey|92\/100\n|move|p2a: Tapu Fini|Muddy Water|p1a: Tapu Koko|[spread] p1b\n|-miss|p2a: Tapu Fini|p1a: Tapu Koko\n|-damage|p1b: Chansey|83\/100\n|-unboost|p1b: Chansey|accuracy|1\n|\n|-weather|none\n|-heal|p2a: Tapu Fini|35\/100 psn|[from] item: Leftovers\n|-damage|p2a: Tapu Fini|22\/100 psn|[from] psn\n|upkeep\n|turn|7\n|\n|t:|1663964880\n|switch|p2a: Tyranitar|Tyranitar, M|74\/100 tox\n|-weather|Sandstorm|[from] ability: Sand Stream|[of] p2a: Tyranitar\n|switch|p2b: Rillaboom|Rillaboom, F|51\/100\n|-status|p2b: Rillaboom|tox\n|-fieldstart|move: Grassy Terrain|[from] ability: Grassy Surge|[of] p2b: Rillaboom\n|move|p1a: Tapu Koko|Volt Switch|p2a: Tyranitar\n|-damage|p2a: Tyranitar|60\/100 tox\n|\n|t:|1663964891\n|switch|p1a: Landorus|Landorus, M|87\/100|[from]move: Volt Switch\n|move|p1b: Chansey|Stealth Rock|p2a: Tyranitar\n|-sidestart|p2: GenOne|move: Stealth Rock\n|\n|-weather|Sandstorm|[upkeep]\n|-damage|p2b: Rillaboom|45\/100 tox|[from] Sandstorm\n|-damage|p1b: Chansey|77\/100|[from] Sandstorm\n|-heal|p2b: Rillaboom|51\/100 tox|[from] Grassy Terrain\n|-heal|p1b: Chansey|83\/100|[from] Grassy Terrain\n|-heal|p2a: Tyranitar|66\/100 tox|[from] Grassy Terrain\n|-damage|p2b: Rillaboom|45\/100 tox|[from] psn\n|-damage|p2a: Tyranitar|60\/100 tox|[from] psn\n|upkeep\n|turn|8\n|\n|t:|1663964905\n|switch|p1b: Incineroar|Incineroar, F|69\/100\n|-ability|p1b: Incineroar|Intimidate|boost\n|-unboost|p2a: Tyranitar|atk|1\n|-unboost|p2b: Rillaboom|atk|1\n|move|p2b: Rillaboom|Fake Out|p1a: Landorus\n|-damage|p1a: Landorus|77\/100\n|cant|p1a: Landorus|flinch\n|move|p2a: Tyranitar|Stealth Rock|p1b: Incineroar\n|-sidestart|p1: EVERYOPPSHOT|move: Stealth Rock\n|\n|-weather|Sandstorm|[upkeep]\n|-damage|p2b: Rillaboom|39\/100 tox|[from] Sandstorm\n|-damage|p1b: Incineroar|63\/100|[from] Sandstorm\n|-heal|p2b: Rillaboom|45\/100 tox|[from] Grassy Terrain\n|-heal|p2a: Tyranitar|66\/100 tox|[from] Grassy Terrain\n|-heal|p1b: Incineroar|69\/100|[from] Grassy Terrain\n|-damage|p2b: Rillaboom|33\/100 tox|[from] psn\n|-damage|p2a: Tyranitar|54\/100 tox|[from] psn\n|upkeep\n|turn|9\n|\n|t:|1663964931\n|switch|p2b: Incineroar|Incineroar, M|48\/100\n|-status|p2b: Incineroar|tox\n|-damage|p2b: Incineroar|24\/100 tox|[from] Stealth Rock\n|-ability|p2b: Incineroar|Intimidate|boost\n|-unboost|p1a: Landorus|atk|1\n|-unboost|p1b: Incineroar|atk|1\n|switch|p2a: Tapu Fini|Tapu Fini|22\/100 psn\n|-damage|p2a: Tapu Fini|10\/100 psn|[from] Stealth Rock\n|-fieldstart|move: Misty Terrain|[from] ability: Misty Surge|[of] p2a: Tapu Fini\n|move|p1a: Landorus|Earth Power|p2a: Tapu Fini\n|-damage|p2a: Tapu Fini|0 fnt\n|faint|p2a: Tapu Fini\n|move|p1b: Incineroar|Knock Off|p2b: Incineroar\n|-resisted|p2b: Incineroar\n|-damage|p2b: Incineroar|15\/100 tox\n|\n|-weather|Sandstorm|[upkeep]\n|-damage|p1b: Incineroar|63\/100|[from] Sandstorm\n|-damage|p2b: Incineroar|9\/100 tox|[from] Sandstorm\n|-damage|p2b: Incineroar|3\/100 tox|[from] psn\n|upkeep\n|\n|t:|1663964956\n|switch|p2a: Mew|Mew|100\/100\n|-damage|p2a: Mew|88\/100|[from] Stealth Rock\n|turn|10\n|\n|t:|1663964965\n|switch|p1a: Tapu Koko|Tapu Koko|94\/100\n|-damage|p1a: Tapu Koko|82\/100|[from] Stealth Rock\n|-fieldstart|move: Electric Terrain|[from] ability: Electric Surge|[of] p1a: Tapu Koko\n|move|p2b: Incineroar|Fake Out|p1a: Tapu Koko\n|-damage|p1a: Tapu Koko|68\/100\n|move|p2a: Mew|Tailwind|p2a: Mew\n|-sidestart|p2: GenOne|move: Tailwind\n|move|p1b: Incineroar|Knock Off|p2a: Mew\n|-supereffective|p2a: Mew\n|-damage|p2a: Mew|42\/100\n|-enditem|p2a: Mew|Sitrus Berry|[from] move: Knock Off|[of] p1b: Incineroar\n|\n|-weather|Sandstorm|[upkeep]\n|-damage|p2a: Mew|36\/100|[from] Sandstorm\n|-damage|p1a: Tapu Koko|62\/100|[from] Sandstorm\n|-damage|p2b: Incineroar|0 fnt|[from] Sandstorm\n|-damage|p1b: Incineroar|57\/100|[from] Sandstorm\n|faint|p2b: Incineroar\n|upkeep\n|\n|t:|1663964994\n|switch|p2b: Tyranitar|Tyranitar, M|54\/100 tox\n|-damage|p2b: Tyranitar|41\/100 tox|[from] Stealth Rock\n|-enditem|p2b: Tyranitar|Sitrus Berry|[eat]\n|-heal|p2b: Tyranitar|66\/100 tox|[from] item: Sitrus Berry\n|turn|11\n|\n|t:|1663965015\n|switch|p1b: Cresselia|Cresselia, F|100\/100\n|-damage|p1b: Cresselia|88\/100|[from] Stealth Rock\n|-enditem|p1b: Cresselia|Electric Seed\n|-boost|p1b: Cresselia|def|1|[from] item: Electric Seed\n|move|p2a: Mew|Spikes|p1b: Cresselia\n|-sidestart|p1: EVERYOPPSHOT|Spikes\n|move|p1a: Tapu Koko|Volt Switch|p2a: Mew\n|-damage|p2a: Mew|4\/100\n|\n|t:|1663965024\n|switch|p1a: Landorus|Landorus, M|77\/100|[from]move: Volt Switch\n|-damage|p1a: Landorus|65\/100|[from] Stealth Rock\n|move|p2b: Tyranitar|Rock Slide|p1a: Landorus|[spread] p1a,p1b\n|-damage|p1a: Landorus|24\/100\n|-damage|p1b: Cresselia|77\/100\n|\n|-weather|none\n|-damage|p2b: Tyranitar|60\/100 tox|[from] psn\n|upkeep\n|turn|12\n|\n|t:|1663965114\n|switch|p1a: Chansey|Chansey, F|83\/100\n|-damage|p1a: Chansey|71\/100|[from] Stealth Rock\n|-damage|p1a: Chansey|59\/100|[from] Spikes\n|switch|p2b: Rillaboom|Rillaboom, F|33\/100 tox\n|-damage|p2b: Rillaboom|20\/100 tox|[from] Stealth Rock\n|-fieldstart|move: Grassy Terrain|[from] ability: Grassy Surge|[of] p2b: Rillaboom\n|move|p2a: Mew|Snarl|p1a: Chansey|[spread] p1a,p1b\n|-supereffective|p1b: Cresselia\n|-damage|p1a: Chansey|56\/100\n|-damage|p1b: Cresselia|66\/100\n|-unboost|p1a: Chansey|spa|1\n|-unboost|p1b: Cresselia|spa|1\n|move|p1b: Cresselia|Calm Mind|p1b: Cresselia\n|-boost|p1b: Cresselia|spa|1\n|-boost|p1b: Cresselia|spd|1\n|\n|-heal|p2a: Mew|11\/100|[from] Grassy Terrain\n|-heal|p2b: Rillaboom|27\/100 tox|[from] Grassy Terrain\n|-heal|p1a: Chansey|62\/100|[from] Grassy Terrain\n|-damage|p2b: Rillaboom|20\/100 tox|[from] psn\n|upkeep\n|turn|13\n|\n|t:|1663965165\n|move|p2a: Mew|Snarl|p1b: Cresselia|[spread] p1b\n|-miss|p2a: Mew|p1a: Chansey\n|-supereffective|p1b: Cresselia\n|-damage|p1b: Cresselia|58\/100\n|-unboost|p1b: Cresselia|spa|1\n|move|p2b: Rillaboom|U-turn|p1a: Chansey\n|-damage|p1a: Chansey|46\/100\n|\n|t:|1663965172\n|switch|p2b: Genesect|Genesect, shiny|100\/100|[from]move: U-turn\n|-damage|p2b: Genesect|88\/100|[from] Stealth Rock\n|-ability|p2b: Genesect|Download|boost\n|-boost|p2b: Genesect|atk|1\n|move|p1b: Cresselia|Moonlight|p1b: Cresselia\n|-heal|p1b: Cresselia|100\/100\n|move|p1a: Chansey|Seismic Toss|p2a: Mew\n|-damage|p2a: Mew|0 fnt\n|faint|p2a: Mew\n|\n|-heal|p2b: Genesect|94\/100|[from] Grassy Terrain\n|-heal|p1a: Chansey|52\/100|[from] Grassy Terrain\n|-sideend|p2: GenOne|move: Tailwind\n|upkeep\n|\n|t:|1663965190\n|switch|p2a: Tyranitar|Tyranitar, M|60\/100 tox\n|-damage|p2a: Tyranitar|48\/100 tox|[from] Stealth Rock\n|-weather|Sandstorm|[from] ability: Sand Stream|[of] p2a: Tyranitar\n|turn|14\n|\n|t:|1663965211\n|move|p2b: Genesect|U-turn|p1a: Chansey\n|-damage|p1a: Chansey|0 fnt\n|faint|p1a: Chansey\n|\n|t:|1663965214\n|switch|p2b: Rillaboom|Rillaboom, F|20\/100 tox|[from]move: U-turn\n|-damage|p2b: Rillaboom|8\/100 tox|[from] Stealth Rock\n|move|p1b: Cresselia|Icy Wind|p2b: Rillaboom|[spread] p2a,p2b\n|-supereffective|p2b: Rillaboom\n|-damage|p2a: Tyranitar|45\/100 tox\n|-damage|p2b: Rillaboom|0 fnt\n|-unboost|p2a: Tyranitar|spe|1\n|faint|p2b: Rillaboom\n|move|p2a: Tyranitar|Roar|p1b: Cresselia\n|drag|p1b: Incineroar|Incineroar, F|57\/100\n|-damage|p1b: Incineroar|32\/100|[from] Stealth Rock\n|-damage|p1b: Incineroar|19\/100|[from] Spikes\n|-ability|p1b: Incineroar|Intimidate|boost\n|-unboost|p2a: Tyranitar|atk|1\n|-enditem|p1b: Incineroar|Sitrus Berry|[eat]\n|-heal|p1b: Incineroar|44\/100|[from] item: Sitrus Berry\n|\n|-weather|Sandstorm|[upkeep]\n|-damage|p1b: Incineroar|38\/100|[from] Sandstorm\n|-heal|p1b: Incineroar|44\/100|[from] Grassy Terrain\n|-heal|p2a: Tyranitar|51\/100 tox|[from] Grassy Terrain\n|-damage|p2a: Tyranitar|45\/100 tox|[from] psn\n|upkeep\n|\n|t:|1663965235\n|switch|p2b: Genesect|Genesect, shiny|94\/100\n|switch|p1a: Tapu Koko|Tapu Koko|62\/100\n|-damage|p1a: Tapu Koko|49\/100|[from] Stealth Rock\n|-damage|p1a: Tapu Koko|37\/100|[from] Spikes\n|-fieldstart|move: Electric Terrain|[from] ability: Electric Surge|[of] p1a: Tapu Koko\n|-enditem|p1a: Tapu Koko|Sitrus Berry|[eat]\n|-heal|p1a: Tapu Koko|62\/100|[from] item: Sitrus Berry\n|-damage|p2b: Genesect|82\/100|[from] Stealth Rock\n|-ability|p2b: Genesect|Download|boost\n|-boost|p2b: Genesect|atk|1\n|turn|15\n|j| TPNVGC\n|\n|t:|1663965261\n|move|p1b: Incineroar|Fake Out|p2b: Genesect\n|-resisted|p2b: Genesect\n|-damage|p2b: Genesect|75\/100\n|cant|p2b: Genesect|flinch\n|move|p1a: Tapu Koko|Dazzling Gleam|p2a: Tyranitar|[spread] p2a,p2b\n|-supereffective|p2a: Tyranitar\n|-resisted|p2b: Genesect\n|-damage|p2a: Tyranitar|20\/100 tox\n|-damage|p2b: Genesect|60\/100\n|move|p2a: Tyranitar|Rock Slide|p1a: Tapu Koko|[spread] p1a,p1b\n|-supereffective|p1b: Incineroar\n|-crit|p1b: Incineroar\n|-damage|p1a: Tapu Koko|37\/100\n|-damage|p1b: Incineroar|0 fnt\n|faint|p1b: Incineroar\n|\n|-weather|Sandstorm|[upkeep]\n|-damage|p1a: Tapu Koko|30\/100|[from] Sandstorm\n|-damage|p2a: Tyranitar|7\/100 tox|[from] psn\n|upkeep\n|\n|t:|1663965271\n|switch|p1b: Landorus|Landorus, M|24\/100\n|-damage|p1b: Landorus|12\/100|[from] Stealth Rock\n|turn|16\n|\n|t:|1663965281\n|move|p2b: Genesect|Extreme Speed|p1b: Landorus\n|-damage|p1b: Landorus|0 fnt\n|faint|p1b: Landorus\n|move|p1a: Tapu Koko|Volt Switch|p2b: Genesect\n|-damage|p2b: Genesect|17\/100\n|\n|t:|1663965287\n|switch|p1a: Cresselia|Cresselia, F|100\/100|[from]move: Volt Switch\n|-damage|p1a: Cresselia|88\/100|[from] Stealth Rock\n|move|p2a: Tyranitar|Rock Slide|p1a: Cresselia\n|-damage|p1a: Cresselia|72\/100\n|\n|-weather|Sandstorm|[upkeep]\n|-damage|p1a: Cresselia|66\/100|[from] Sandstorm\n|-damage|p2a: Tyranitar|0 fnt|[from] psn\n|faint|p2a: Tyranitar\n|upkeep\n|\n|t:|1663965289\n|switch|p1b: Tapu Koko|Tapu Koko|30\/100\n|-damage|p1b: Tapu Koko|18\/100|[from] Stealth Rock\n|-damage|p1b: Tapu Koko|5\/100|[from] Spikes\n|turn|17\n|l| TPNVGC\n|\n|t:|1663965373\n|move|p2b: Genesect|Extreme Speed|p1b: Tapu Koko\n|-damage|p1b: Tapu Koko|0 fnt\n|faint|p1b: Tapu Koko\n|move|p1a: Cresselia|Calm Mind|p1a: Cresselia\n|-boost|p1a: Cresselia|spa|1\n|-boost|p1a: Cresselia|spd|1\n|\n|-weather|Sandstorm|[upkeep]\n|-damage|p1a: Cresselia|60\/100|[from] Sandstorm\n|upkeep\n|turn|18\n|\n|t:|1663965380\n|move|p2b: Genesect|Extreme Speed|p1a: Cresselia\n|-damage|p1a: Cresselia|22\/100\n|move|p1a: Cresselia|Moonlight|p1a: Cresselia\n|-heal|p1a: Cresselia|47\/100\n|\n|-weather|none\n|upkeep\n|turn|19\n|c|\u2606EVERYOPPSHOT|oh shit\n|c|\u2606EVERYOPPSHOT|i forgot to calc\n|c|\u2606EVERYOPPSHOT|+1\n|c|\u2606EVERYOPPSHOT|LOL\n|c|\u2606EVERYOPPSHOT|oh shit\n|\n|t:|1663965402\n|move|p2b: Genesect|Extreme Speed|p1a: Cresselia\n|-damage|p1a: Cresselia|11\/100\n|move|p1a: Cresselia|Moonlight|p1a: Cresselia\n|-heal|p1a: Cresselia|61\/100\n|\n|-fieldend|move: Electric Terrain\n|upkeep\n|turn|20\n|\n|t:|1663965410\n|move|p2b: Genesect|Extreme Speed|p1a: Cresselia\n|-damage|p1a: Cresselia|23\/100\n|move|p1a: Cresselia|Moonlight|p1a: Cresselia\n|-heal|p1a: Cresselia|73\/100\n|\n|upkeep\n|turn|21\n|\n|t:|1663965416\n|move|p2b: Genesect|Extreme Speed|p1a: Cresselia\n|-damage|p1a: Cresselia|34\/100\n|move|p1a: Cresselia|Moonlight|p1a: Cresselia\n|-heal|p1a: Cresselia|84\/100\n|\n|upkeep\n|turn|22\n|\n|t:|1663965423\n|move|p2b: Genesect|Extreme Speed|p1a: Cresselia\n|-damage|p1a: Cresselia|51\/100\n|move|p1a: Cresselia|Moonlight|p1a: Cresselia\n|-heal|p1a: Cresselia|100\/100\n|\n|upkeep\n|turn|23\n|\n|t:|1663965429\n|move|p2b: Genesect|Extreme Speed|p1a: Cresselia\n|-damage|p1a: Cresselia|62\/100\n|move|p1a: Cresselia|Moonlight|p1a: Cresselia\n|-heal|p1a: Cresselia|100\/100\n|\n|upkeep\n|turn|24\n|c|\u2606GenOne|ggwp\n|c|\u2606EVERYOPPSHOT|close one\n|c|\u2606EVERYOPPSHOT|gg\n|c|\u2606EVERYOPPSHOT|was fun\n|c|\u2606GenOne|indeed\n|\n|t:|1663965442\n|-activate|p2b: Genesect|move: Struggle\n|move|p2b: Genesect|Struggle|p1a: Cresselia\n|-damage|p1a: Cresselia|78\/100\n|-damage|p2b: Genesect|0 fnt|[from] recoil\n|faint|p2b: Genesect\n|\n|win|EVERYOPPSHOT\n","uploadtime":1663965448,"views":51,"p1id":"everyoppshot","p2id":"genone","formatid":"gen8doublesou","rating":0,"private":0,"password":null}