{"id":"gen8ou-1647438476","p1":"LT94JE devin","p2":"tolstoy","format":"gen8ou","log":"|raw|<div class=\"broadcast-blue\"><strong>This battle is required to be public due to a player having a name starting with 'lt94je'.<\/div>\n|j|\u2606LT94JE devin\n|j|\u2606tolstoy\n|t:|1661377964\n|gametype|singles\n|player|p1|LT94JE devin|#wcop2021asia|1856\n|player|p2|tolstoy|ethan|1924\n|teamsize|p1|6\n|teamsize|p2|6\n|gen|8\n|tier|[Gen 8] OU\n|rated|\n|rule|Sleep Clause Mod: Limit one foe put to sleep\n|rule|Species Clause: Limit one of each Pok\u00e9mon\n|rule|OHKO Clause: OHKO moves are banned\n|rule|Evasion Items Clause: Evasion items are banned\n|rule|Evasion Moves Clause: Evasion moves are banned\n|rule|Endless Battle Clause: Forcing endless battles is banned\n|rule|HP Percentage Mod: HP is shown in percentages\n|rule|Dynamax Clause: You cannot dynamax\n|clearpoke\n|poke|p1|Glastrier|\n|poke|p1|Urshifu-*, M|\n|poke|p1|Landorus-Therian, M|\n|poke|p1|Kartana|\n|poke|p1|Heatran, F|\n|poke|p1|Dragonite, M|\n|poke|p2|Garchomp, M|\n|poke|p2|Moltres-Galar|\n|poke|p2|Gengar, F|\n|poke|p2|Regieleki|\n|poke|p2|Rillaboom, M|\n|poke|p2|Melmetal|\n|teampreview\n|inactive|Battle timer is ON: inactive players will automatically lose when time's up. (requested by tolstoy)\n|j| Sunday surfer\n|\n|t:|1661377977\n|start\n|switch|p1a: Urshifu|Urshifu-Rapid-Strike, M|100\/100\n|switch|p2a: Garchomp|Garchomp, M|100\/100\n|turn|1\n|j| Perspectieve\n|\n|t:|1661377981\n|move|p1a: Urshifu|Close Combat|p2a: Garchomp\n|-damage|p2a: Garchomp|40\/100\n|-unboost|p1a: Urshifu|def|1\n|-unboost|p1a: Urshifu|spd|1\n|-damage|p1a: Urshifu|88\/100|[from] ability: Rough Skin|[of] p2a: Garchomp\n|-damage|p1a: Urshifu|72\/100|[from] item: Rocky Helmet|[of] p2a: Garchomp\n|move|p2a: Garchomp|Stealth Rock|p1a: Urshifu\n|-sidestart|p1: LT94JE devin|move: Stealth Rock\n|\n|upkeep\n|turn|2\n|\n|t:|1661377987\n|switch|p1a: Landorus|Landorus-Therian, M|100\/100\n|-damage|p1a: Landorus|88\/100|[from] Stealth Rock\n|-ability|p1a: Landorus|Intimidate|boost\n|-unboost|p2a: Garchomp|atk|1\n|switch|p2a: Gengar|Gengar, F|100\/100\n|\n|upkeep\n|turn|3\n|j| mushroom poisoning\n|j| lt94je nick\n|\n|t:|1661377991\n|move|p2a: Gengar|Shadow Ball|p1a: Landorus\n|-damage|p1a: Landorus|10\/100\n|move|p1a: Landorus|Knock Off|p2a: Gengar\n|-supereffective|p2a: Gengar\n|-damage|p2a: Gengar|0 fnt\n|-enditem|p2a: Gengar|Choice Specs|[from] move: Knock Off|[of] p1a: Landorus\n|faint|p2a: Gengar\n|\n|upkeep\n|\n|t:|1661377999\n|switch|p2a: Moltres|Moltres-Galar|100\/100\n|turn|4\n|\n|t:|1661378003\n|move|p1a: Landorus|Stone Edge|p2a: Moltres\n|-supereffective|p2a: Moltres\n|-damage|p2a: Moltres|20\/100\n|-ability|p2a: Moltres|Berserk|boost\n|-boost|p2a: Moltres|spa|1\n|move|p2a: Moltres|Nasty Plot|p2a: Moltres\n|-boost|p2a: Moltres|spa|2\n|\n|-heal|p2a: Moltres|26\/100|[from] item: Leftovers\n|upkeep\n|turn|5\n|c|\u2606tolstoy|hm\n|j| filon\n|c|\u2606tolstoy|I'm fucked\n|\n|t:|1661378017\n|move|p1a: Landorus|Stone Edge|p2a: Moltres\n|-supereffective|p2a: Moltres\n|-damage|p2a: Moltres|0 fnt\n|faint|p2a: Moltres\n|\n|upkeep\n|\n|t:|1661378020\n|switch|p2a: Regieleki|Regieleki|100\/100\n|turn|6\n|\n|t:|1661378026\n|switch|p1a: Heatran|Heatran, F|100\/100\n|-damage|p1a: Heatran|88\/100|[from] Stealth Rock\n|move|p2a: Regieleki|Rapid Spin|p1a: Heatran\n|-resisted|p1a: Heatran\n|-crit|p1a: Heatran\n|-damage|p1a: Heatran|74\/100\n|-boost|p2a: Regieleki|spe|1\n|-damage|p2a: Regieleki|91\/100|[from] item: Life Orb\n|\n|-heal|p1a: Heatran|80\/100|[from] item: Leftovers\n|upkeep\n|turn|7\n|\n|t:|1661378029\n|move|p1a: Heatran|Protect|p1a: Heatran\n|-singleturn|p1a: Heatran|Protect\n|move|p2a: Regieleki|Wild Charge|p1a: Heatran\n|-activate|p1a: Heatran|move: Protect\n|\n|-heal|p1a: Heatran|86\/100|[from] item: Leftovers\n|upkeep\n|turn|8\n|\n|t:|1661378034\n|move|p2a: Regieleki|Wild Charge|p1a: Heatran\n|-damage|p1a: Heatran|14\/100\n|-damage|p2a: Regieleki|67\/100|[from] Recoil\n|-damage|p2a: Regieleki|57\/100|[from] item: Life Orb\n|move|p1a: Heatran|Lava Plume|p2a: Regieleki\n|-damage|p2a: Regieleki|0 fnt\n|faint|p2a: Regieleki\n|\n|-heal|p1a: Heatran|20\/100|[from] item: Leftovers\n|upkeep\n|\n|t:|1661378039\n|switch|p2a: Rillaboom|Rillaboom, M|100\/100\n|-fieldstart|move: Grassy Terrain|[from] ability: Grassy Surge|[of] p2a: Rillaboom\n|turn|9\n|\n|t:|1661378042\n|move|p1a: Heatran|Protect|p1a: Heatran\n|-singleturn|p1a: Heatran|Protect\n|move|p2a: Rillaboom|Knock Off|p1a: Heatran\n|-activate|p1a: Heatran|move: Protect\n|\n|-heal|p1a: Heatran|27\/100|[from] Grassy Terrain\n|-heal|p1a: Heatran|33\/100|[from] item: Leftovers\n|upkeep\n|turn|10\n|\n|t:|1661378045\n|switch|p1a: Landorus|Landorus-Therian, M|10\/100\n|-damage|p1a: Landorus|0 fnt|[from] Stealth Rock\n|faint|p1a: Landorus\n|move|p2a: Rillaboom|Knock Off|p1: Landorus|[notarget]\n|-fail|p2a: Rillaboom\n|\n|upkeep\n|\n|t:|1661378055\n|switch|p1a: Urshifu|Urshifu-Rapid-Strike, M|72\/100\n|-damage|p1a: Urshifu|66\/100|[from] Stealth Rock\n|turn|11\n|l| filon\n|\n|t:|1661378058\n|move|p2a: Rillaboom|Grassy Glide|p1a: Urshifu\n|-supereffective|p1a: Urshifu\n|-damage|p1a: Urshifu|0 fnt\n|faint|p1a: Urshifu\n|-damage|p2a: Rillaboom|91\/100|[from] item: Life Orb\n|\n|-heal|p2a: Rillaboom|97\/100|[from] Grassy Terrain\n|upkeep\n|j| hippo kek\n|\n|t:|1661378065\n|switch|p1a: Frozen Soul|Glastrier|100\/100\n|-damage|p1a: Frozen Soul|75\/100|[from] Stealth Rock\n|turn|12\n|l| Sunday surfer\n|j| egal\u2605vanc\n|\n|t:|1661378069\n|move|p2a: Rillaboom|Superpower|p1a: Frozen Soul\n|-supereffective|p1a: Frozen Soul\n|-damage|p1a: Frozen Soul|0 fnt\n|-unboost|p2a: Rillaboom|atk|1\n|-unboost|p2a: Rillaboom|def|1\n|faint|p1a: Frozen Soul\n|-damage|p2a: Rillaboom|87\/100|[from] item: Life Orb\n|\n|-heal|p2a: Rillaboom|93\/100|[from] Grassy Terrain\n|upkeep\n|j| reddit randy\n|\n|t:|1661378074\n|switch|p1a: Kartana|Kartana|100\/100\n|-damage|p1a: Kartana|94\/100|[from] Stealth Rock\n|turn|13\n|\n|t:|1661378078\n|switch|p2a: Garchomp|Garchomp, M|40\/100\n|move|p1a: Kartana|Sacred Sword|p2a: Garchomp\n|-crit|p2a: Garchomp\n|-damage|p2a: Garchomp|2\/100\n|-damage|p1a: Kartana|82\/100|[from] ability: Rough Skin|[of] p2a: Garchomp\n|-damage|p1a: Kartana|65\/100|[from] item: Rocky Helmet|[of] p2a: Garchomp\n|\n|-heal|p1a: Kartana|72\/100|[from] Grassy Terrain\n|-heal|p2a: Garchomp|8\/100|[from] Grassy Terrain\n|-fieldend|move: Grassy Terrain\n|upkeep\n|turn|14\n|\n|t:|1661378084\n|move|p1a: Kartana|Sacred Sword|p2a: Garchomp\n|-damage|p2a: Garchomp|0 fnt\n|-damage|p1a: Kartana|59\/100|[from] ability: Rough Skin|[of] p2a: Garchomp\n|-damage|p1a: Kartana|43\/100|[from] item: Rocky Helmet|[of] p2a: Garchomp\n|faint|p2a: Garchomp\n|-ability|p1a: Kartana|Beast Boost|boost\n|-boost|p1a: Kartana|atk|1\n|\n|upkeep\n|\n|t:|1661378086\n|switch|p2a: Rillaboom|Rillaboom, M|93\/100\n|-fieldstart|move: Grassy Terrain|[from] ability: Grassy Surge|[of] p2a: Rillaboom\n|turn|15\n|j| LT94JEwhyaddicted\n|j| hump\n|\n|t:|1661378097\n|move|p1a: Kartana|Sacred Sword|p2a: Rillaboom\n|-damage|p2a: Rillaboom|22\/100\n|move|p2a: Rillaboom|Knock Off|p1a: Kartana\n|-damage|p1a: Kartana|0 fnt\n|-enditem|p1a: Kartana|Choice Scarf|[from] move: Knock Off|[of] p2a: Rillaboom\n|faint|p1a: Kartana\n|-damage|p2a: Rillaboom|13\/100|[from] item: Life Orb\n|\n|-heal|p2a: Rillaboom|19\/100|[from] Grassy Terrain\n|upkeep\n|\n|t:|1661378105\n|switch|p1a: Dragonite|Dragonite, M, shiny|100\/100\n|turn|16\n|\n|t:|1661378108\n|switch|p2a: Melmetal|Melmetal|100\/100\n|switch|p1a: Heatran|Heatran, F|33\/100\n|-damage|p1a: Heatran|20\/100|[from] Stealth Rock\n|\n|-heal|p1a: Heatran|27\/100|[from] Grassy Terrain\n|-heal|p1a: Heatran|33\/100|[from] item: Leftovers\n|upkeep\n|turn|17\n|\n|t:|1661378112\n|move|p1a: Heatran|Protect|p1a: Heatran\n|-singleturn|p1a: Heatran|Protect\n|move|p2a: Melmetal|Body Press|p1a: Heatran\n|-activate|p1a: Heatran|move: Protect\n|\n|-heal|p1a: Heatran|39\/100|[from] Grassy Terrain\n|-heal|p1a: Heatran|45\/100|[from] item: Leftovers\n|upkeep\n|turn|18\n|\n|t:|1661378119\n|move|p1a: Heatran|Lava Plume|p2a: Melmetal\n|-supereffective|p2a: Melmetal\n|-damage|p2a: Melmetal|31\/100\n|-status|p2a: Melmetal|brn\n|move|p2a: Melmetal|Body Press|p1a: Heatran\n|-supereffective|p1a: Heatran\n|-damage|p1a: Heatran|25\/100\n|\n|-heal|p1a: Heatran|31\/100|[from] Grassy Terrain\n|-heal|p1a: Heatran|37\/100|[from] item: Leftovers\n|-heal|p2a: Melmetal|37\/100 brn|[from] Grassy Terrain\n|-damage|p2a: Melmetal|31\/100 brn|[from] brn\n|upkeep\n|turn|19\n|-message|tolstoy forfeited.\n|\n|win|LT94JE devin\n|raw|LT94JE devin's rating: 1856 &rarr; <strong>1880<\/strong><br \/>(+24 for winning)\n|raw|tolstoy's rating: 1924 &rarr; <strong>1900<\/strong><br \/>(-24 for losing)\n|l|\u2606tolstoy\n|l| hippo kek\n|l|\u2606LT94JE devin\n","uploadtime":1661378159,"views":59,"p1id":"lt94jedevin","p2id":"tolstoy","formatid":"gen8ou","rating":1880,"private":0,"password":null}