{"id":"gen8uu-1143992524","p1":"Rorschach I","p2":"Zneon","format":"gen8uu","log":"|j|\u2606Rorschach I\n|j|\u2606Zneon\n|player|p1|Rorschach I|cynthia|1508\n|player|p2|Zneon|red-gen7|1336\n|teamsize|p1|6\n|teamsize|p2|6\n|gametype|singles\n|gen|8\n|tier|[Gen 8] UU\n|rated|\n|clearpoke\n|poke|p1|Terrakion|\n|poke|p1|Kyurem|\n|poke|p1|Crawdaunt, M|\n|poke|p1|Aegislash, F|\n|poke|p1|Jirachi|\n|poke|p1|Rotom-Wash|\n|poke|p2|Grimmsnarl, M|\n|poke|p2|Aegislash, M|\n|poke|p2|Necrozma|\n|poke|p2|Skarmory, F|\n|poke|p2|Terrakion|\n|poke|p2|Lucario, M|\n|rule|Sleep Clause Mod: Limit one foe put to sleep\n|rule|Species Clause: Limit one of each Pok\u00e9mon\n|rule|OHKO Clause: OHKO moves are banned\n|rule|Evasion Moves Clause: Evasion moves are banned\n|rule|Endless Battle Clause: Forcing endless battles is banned\n|rule|HP Percentage Mod: HP is shown in percentages\n|rule|Dynamax Clause: You cannot dynamax\n|teampreview\n|\n|start\n|switch|p1a: Terrakion|Terrakion|100\/100\n|switch|p2a: Grimmsnarl|Grimmsnarl, M|100\/100\n|turn|1\n|j| BlizzMan123\n|\n|move|p2a: Grimmsnarl|Reflect|p2a: Grimmsnarl\n|-sidestart|p2: Zneon|Reflect\n|move|p1a: Terrakion|Taunt|p2a: Grimmsnarl\n|-start|p2a: Grimmsnarl|move: Taunt\n|\n|upkeep\n|turn|2\n|\n|switch|p2a: Skarmory|Skarmory, F|100\/100\n|move|p1a: Terrakion|Stealth Rock|p2a: Skarmory\n|-sidestart|p2: Zneon|move: Stealth Rock\n|\n|upkeep\n|turn|3\n|\n|move|p1a: Terrakion|Taunt|p2a: Skarmory\n|-start|p2a: Skarmory|move: Taunt\n|cant|p2a: Skarmory|move: Taunt|Stealth Rock\n|\n|upkeep\n|turn|4\n|\n|switch|p1a: Rotom|Rotom-Wash|100\/100\n|switch|p2a: Grimmsnarl|Grimmsnarl, M|100\/100\n|-damage|p2a: Grimmsnarl|88\/100|[from] Stealth Rock\n|\n|upkeep\n|turn|5\n|\n|move|p2a: Grimmsnarl|Light Screen|p2a: Grimmsnarl\n|-sidestart|p2: Zneon|move: Light Screen\n|move|p1a: Rotom|Nasty Plot|p1a: Rotom\n|-boost|p1a: Rotom|spa|2\n|\n|upkeep\n|turn|6\n|\n|move|p1a: Rotom|Nasty Plot|p1a: Rotom\n|-boost|p1a: Rotom|spa|2\n|move|p2a: Grimmsnarl|Spirit Break|p1a: Rotom\n|-damage|p1a: Rotom|63\/100\n|-unboost|p1a: Rotom|spa|1\n|\n|-heal|p1a: Rotom|69\/100|[from] item: Leftovers\n|upkeep\n|turn|7\n|\n|move|p1a: Rotom|Discharge|p2a: Grimmsnarl\n|-damage|p2a: Grimmsnarl|54\/100\n|-status|p2a: Grimmsnarl|par\n|move|p2a: Grimmsnarl|Spirit Break|p1a: Rotom\n|-damage|p1a: Rotom|32\/100\n|-unboost|p1a: Rotom|spa|1\n|\n|-heal|p1a: Rotom|38\/100|[from] item: Leftovers\n|upkeep\n|turn|8\n|\n|switch|p2a: Necrozma|Necrozma|100\/100\n|-damage|p2a: Necrozma|88\/100|[from] Stealth Rock\n|move|p1a: Rotom|Volt Switch|p2a: Necrozma\n|-damage|p2a: Necrozma|55\/100\n|\n|switch|p1a: Crawdaunt|Crawdaunt, M|100\/100|[from]move: Volt Switch\n|\n|-sideend|p2: Zneon|Reflect\n|upkeep\n|turn|9\n|\n|switch|p2a: Lucario|Lucario, M|100\/100\n|-damage|p2a: Lucario|98\/100|[from] Stealth Rock\n|move|p1a: Crawdaunt|Crabhammer|p2a: Lucario\n|-damage|p2a: Lucario|0 fnt\n|-damage|p1a: Crawdaunt|91\/100|[from] item: Life Orb\n|faint|p2a: Lucario\n|\n|upkeep\n|\n|switch|p2a: Skarmory|Skarmory, F|100\/100\n|-damage|p2a: Skarmory|88\/100|[from] Stealth Rock\n|turn|10\n|\n|move|p1a: Crawdaunt|Knock Off|p2a: Skarmory\n|-damage|p2a: Skarmory|42\/100\n|-ability|p2a: Skarmory|Weak Armor|boost\n|-unboost|p2a: Skarmory|def|1\n|-boost|p2a: Skarmory|spe|2\n|-enditem|p2a: Skarmory|Focus Sash|[from] move: Knock Off|[of] p1a: Crawdaunt\n|-damage|p1a: Crawdaunt|81\/100|[from] item: Life Orb\n|move|p2a: Skarmory|Stealth Rock|p1a: Crawdaunt\n|-sidestart|p1: Rorschach I|move: Stealth Rock\n|\n|upkeep\n|turn|11\n|\n|move|p2a: Skarmory|Spikes|p1a: Crawdaunt\n|-sidestart|p1: Rorschach I|Spikes\n|move|p1a: Crawdaunt|Crabhammer|p2a: Skarmory\n|-damage|p2a: Skarmory|0 fnt\n|-damage|p1a: Crawdaunt|71\/100|[from] item: Life Orb\n|faint|p2a: Skarmory\n|\n|upkeep\n|\n|switch|p2a: Grimmsnarl|Grimmsnarl, M|54\/100 par\n|-damage|p2a: Grimmsnarl|41\/100 par|[from] Stealth Rock\n|turn|12\n|\n|move|p2a: Grimmsnarl|Reflect|p2a: Grimmsnarl\n|-sidestart|p2: Zneon|Reflect\n|move|p1a: Crawdaunt|Crabhammer|p2a: Grimmsnarl\n|-damage|p2a: Grimmsnarl|0 fnt\n|-damage|p1a: Crawdaunt|62\/100|[from] item: Life Orb\n|faint|p2a: Grimmsnarl\n|\n|-sideend|p2: Zneon|move: Light Screen\n|upkeep\n|\n|switch|p2a: Aegislash|Aegislash, M|100\/100\n|-damage|p2a: Aegislash|94\/100|[from] Stealth Rock\n|turn|13\n|\n|move|p1a: Crawdaunt|Knock Off|p2a: Aegislash\n|-supereffective|p2a: Aegislash\n|-damage|p2a: Aegislash|31\/100\n|-enditem|p2a: Aegislash|Weakness Policy\n|-boost|p2a: Aegislash|atk|2|[from] item: Weakness Policy\n|-boost|p2a: Aegislash|spa|2|[from] item: Weakness Policy\n|-damage|p1a: Crawdaunt|52\/100|[from] item: Life Orb\n|move|p2a: Aegislash|Autotomize|p2a: Aegislash\n|-boost|p2a: Aegislash|spe|2\n|-start|p2a: Aegislash|Autotomize\n|\n|upkeep\n|turn|14\n|\n|move|p1a: Crawdaunt|Aqua Jet|p2a: Aegislash\n|-damage|p2a: Aegislash|17\/100\n|-damage|p1a: Crawdaunt|42\/100|[from] item: Life Orb\n|-formechange|p2a: Aegislash|Aegislash-Blade||[from] ability: Stance Change\n|move|p2a: Aegislash|Iron Head|p1a: Crawdaunt\n|-resisted|p1a: Crawdaunt\n|-damage|p1a: Crawdaunt|0 fnt\n|faint|p1a: Crawdaunt\n|\n|upkeep\n|l|\u2606Zneon\n|player|p2|\n|j|\u2606Zneon\n|player|p2|Zneon|red-gen7\n|l|\u2606Zneon\n|player|p2|\n|\n|switch|p1a: Aegislash|Aegislash, F|100\/100\n|-damage|p1a: Aegislash|94\/100|[from] Stealth Rock\n|-item|p1a: Aegislash|Air Balloon\n|turn|15\n|inactive|Battle timer is ON: inactive players will automatically lose when time's up. (requested by Rorschach I)\n|j|\u2606Zneon\n|inactive|Zneon reconnected and has 125 seconds left.\n|player|p2|Zneon|red-gen7\n|inactive|Zneon has 120 seconds left.\n|\n|move|p2a: Aegislash|Shadow Sneak|p1a: Aegislash\n|-supereffective|p1a: Aegislash\n|-damage|p1a: Aegislash|0 fnt\n|-enditem|p1a: Aegislash|Air Balloon\n|faint|p1a: Aegislash\n|\n|upkeep\n|-message|Rorschach I forfeited.\n|\n|win|Zneon\n|l|\u2606Rorschach I\n||Ladder (probably) updated, but score could not be retrieved (Request timeout).\n","uploadtime":1593724748,"views":18,"p1id":"rorschachi","p2id":"zneon","formatid":"gen8uu","rating":0,"private":0,"password":null}