{"id":"gen8nationaldex-1703372772","p1":"Ferrothornail\u8349\u94a2\u7532","p2":"jeanmilapipe","format":"gen8nationaldex","log":"|j|\u2606Ferrothornail\u8349\u94a2\u7532\n|j|\u2606jeanmilapipe\n|t:|1667656143\n|gametype|singles\n|player|p1|Ferrothornail\u8349\u94a2\u7532|lillie|1625\n|player|p2|jeanmilapipe|n|1791\n|teamsize|p1|6\n|teamsize|p2|6\n|gen|8\n|tier|[Gen 8] National Dex\n|rated|\n|rule|HP Percentage Mod: HP is shown in percentages\n|rule|Endless Battle Clause: Forcing endless battles is banned\n|rule|OHKO Clause: OHKO moves are banned\n|rule|Evasion Moves Clause: Evasion moves are banned\n|rule|Species Clause: Limit one of each Pok\u00e9mon\n|rule|Dynamax Clause: You cannot dynamax\n|rule|Sleep Clause Mod: Limit one foe put to sleep\n|clearpoke\n|poke|p1|Pelipper, M|\n|poke|p1|Kingdra, M|\n|poke|p1|Ferrothorn, M|\n|poke|p1|Swampert, M|\n|poke|p1|Tapu Koko|\n|poke|p1|Gyarados, M|\n|poke|p2|Mawile, M|\n|poke|p2|Zeraora|\n|poke|p2|Garchomp, F|\n|poke|p2|Greninja, M|\n|poke|p2|Kyurem|\n|poke|p2|Corviknight, F|\n|teampreview\n|\n|t:|1667656162\n|start\n|switch|p1a: Pelipper|Pelipper, M|100\/100\n|switch|p2a: Zeraora|Zeraora|100\/100\n|-weather|RainDance|[from] ability: Drizzle|[of] p1a: Pelipper\n|turn|1\n|\n|t:|1667656170\n|switch|p1a: Ferrothorn|Ferrothorn, M|100\/100\n|move|p2a: Zeraora|Close Combat|p1a: Ferrothorn\n|-supereffective|p1a: Ferrothorn\n|-enditem|p1a: Ferrothorn|Chople Berry|[eat]\n|-enditem|p1a: Ferrothorn|Chople Berry|[weaken]\n|-damage|p1a: Ferrothorn|68\/100\n|-unboost|p2a: Zeraora|def|1\n|-unboost|p2a: Zeraora|spd|1\n|-damage|p2a: Zeraora|88\/100|[from] ability: Iron Barbs|[of] p1a: Ferrothorn\n|\n|-weather|RainDance|[upkeep]\n|upkeep\n|turn|2\n|\n|t:|1667656181\n|move|p2a: Zeraora|Close Combat|p1a: Ferrothorn\n|-supereffective|p1a: Ferrothorn\n|-damage|p1a: Ferrothorn|4\/100\n|-unboost|p2a: Zeraora|def|1\n|-unboost|p2a: Zeraora|spd|1\n|-damage|p2a: Zeraora|76\/100|[from] ability: Iron Barbs|[of] p1a: Ferrothorn\n|move|p1a: Ferrothorn|Body Press|p2a: Zeraora\n|-damage|p2a: Zeraora|13\/100\n|\n|-weather|RainDance|[upkeep]\n|upkeep\n|turn|3\n|\n|t:|1667656192\n|move|p2a: Zeraora|Hidden Power|p1a: Ferrothorn\n|-damage|p1a: Ferrothorn|0 fnt\n|faint|p1a: Ferrothorn\n|\n|-weather|RainDance|[upkeep]\n|upkeep\n|\n|t:|1667656198\n|switch|p1a: Kingdra|Kingdra, M|100\/100\n|turn|4\n|\n|t:|1667656207\n|move|p1a: Kingdra|Hydro Pump|p2a: Zeraora\n|-crit|p2a: Zeraora\n|-damage|p2a: Zeraora|0 fnt\n|faint|p2a: Zeraora\n|\n|-weather|RainDance|[upkeep]\n|upkeep\n|\n|t:|1667656214\n|switch|p2a: Kyurem|Kyurem|100\/100\n|-ability|p2a: Kyurem|Pressure\n|turn|5\n|\n|t:|1667656230\n|switch|p1a: Tapu Koko|Tapu Koko|100\/100\n|-fieldstart|move: Electric Terrain|[from] ability: Electric Surge|[of] p1a: Tapu Koko\n|move|p2a: Kyurem|Freeze-Dry|p1a: Tapu Koko\n|-damage|p1a: Tapu Koko|36\/100\n|\n|-weather|RainDance|[upkeep]\n|upkeep\n|turn|6\n|\n|t:|1667656243\n|switch|p2a: Corviknight|Corviknight, F|100\/100\n|-ability|p2a: Corviknight|Pressure\n|move|p1a: Tapu Koko|Dazzling Gleam|p2a: Corviknight\n|-resisted|p2a: Corviknight\n|-damage|p2a: Corviknight|78\/100\n|\n|-weather|RainDance|[upkeep]\n|upkeep\n|turn|7\n|\n|t:|1667656252\n|switch|p1a: Kingdra|Kingdra, M|100\/100\n|move|p2a: Corviknight|U-turn|p1a: Kingdra\n|-damage|p1a: Kingdra|83\/100\n|j| Lambu\n|\n|t:|1667656260\n|switch|p2a: Greninja|Greninja, M|100\/100|[from]move: U-turn\n|\n|-weather|RainDance|[upkeep]\n|upkeep\n|turn|8\n|\n|t:|1667656274\n|move|p1a: Kingdra|Hydro Pump|p2a: Greninja\n|-resisted|p2a: Greninja\n|-damage|p2a: Greninja|19\/100\n|move|p2a: Greninja|Ice Beam|p1a: Kingdra\n|-start|p2a: Greninja|typechange|Ice|[from] ability: Protean\n|-damage|p1a: Kingdra|35\/100\n|\n|-weather|none\n|upkeep\n|turn|9\n|\n|t:|1667656284\n|switch|p2a: Kyurem|Kyurem|100\/100\n|-ability|p2a: Kyurem|Pressure\n|switch|p1a: Gyarados|Gyarados, M|100\/100\n|-ability|p1a: Gyarados|Intimidate|boost\n|-unboost|p2a: Kyurem|atk|1\n|\n|-fieldend|move: Electric Terrain\n|upkeep\n|turn|10\n|\n|t:|1667656295\n|move|p2a: Kyurem|Freeze-Dry|p1a: Gyarados\n|-supereffective|p1a: Gyarados\n|-damage|p1a: Gyarados|0 fnt\n|faint|p1a: Gyarados\n|\n|upkeep\n|\n|t:|1667656298\n|switch|p1a: Pelipper|Pelipper, M|100\/100\n|-weather|RainDance|[from] ability: Drizzle|[of] p1a: Pelipper\n|turn|11\n|j| ghostwalkingg\n|\n|t:|1667656304\n|switch|p1a: Tapu Koko|Tapu Koko|36\/100\n|-fieldstart|move: Electric Terrain|[from] ability: Electric Surge|[of] p1a: Tapu Koko\n|move|p2a: Kyurem|Freeze-Dry|p1a: Tapu Koko\n|-damage|p1a: Tapu Koko|0 fnt\n|faint|p1a: Tapu Koko\n|\n|-weather|RainDance|[upkeep]\n|upkeep\n|\n|t:|1667656307\n|switch|p1a: Swampert|Swampert, M|100\/100\n|turn|12\n|\n|t:|1667656316\n|switch|p2a: Greninja|Greninja, M|19\/100\n|detailschange|p1a: Swampert|Swampert-Mega, M\n|-mega|p1a: Swampert|Swampert|Swampertite\n|move|p1a: Swampert|Liquidation|p2a: Greninja\n|-resisted|p2a: Greninja\n|-damage|p2a: Greninja|0 fnt\n|faint|p2a: Greninja\n|\n|-weather|RainDance|[upkeep]\n|upkeep\n|\n|t:|1667656327\n|switch|p2a: Corviknight|Corviknight, F|78\/100\n|-ability|p2a: Corviknight|Pressure\n|turn|13\n|\n|t:|1667656332\n|move|p1a: Swampert|Stealth Rock|p2a: Corviknight\n|-sidestart|p2: jeanmilapipe|move: Stealth Rock\n|move|p2a: Corviknight|Roost|p2a: Corviknight\n|-heal|p2a: Corviknight|100\/100\n|-singleturn|p2a: Corviknight|move: Roost\n|\n|-weather|RainDance|[upkeep]\n|upkeep\n|turn|14\n|\n|t:|1667656339\n|move|p1a: Swampert|Liquidation|p2a: Corviknight\n|-damage|p2a: Corviknight|51\/100\n|-unboost|p2a: Corviknight|def|1\n|-damage|p1a: Swampert|84\/100|[from] item: Rocky Helmet|[of] p2a: Corviknight\n|move|p2a: Corviknight|Roost|p2a: Corviknight\n|-heal|p2a: Corviknight|100\/100\n|-singleturn|p2a: Corviknight|move: Roost\n|\n|-weather|RainDance|[upkeep]\n|upkeep\n|turn|15\n|\n|t:|1667656354\n|move|p1a: Swampert|Liquidation|p2a: Corviknight\n|-damage|p2a: Corviknight|29\/100\n|-damage|p1a: Swampert|68\/100|[from] item: Rocky Helmet|[of] p2a: Corviknight\n|move|p2a: Corviknight|Roost|p2a: Corviknight\n|-heal|p2a: Corviknight|78\/100\n|-singleturn|p2a: Corviknight|move: Roost\n|\n|-weather|RainDance|[upkeep]\n|-fieldend|move: Electric Terrain\n|upkeep\n|turn|16\n|\n|t:|1667656390\n|switch|p2a: Mawile|Mawile, M|100\/100\n|-damage|p2a: Mawile|95\/100|[from] Stealth Rock\n|move|p1a: Swampert|Liquidation|p2a: Mawile\n|-damage|p2a: Mawile|0 fnt\n|faint|p2a: Mawile\n|\n|-weather|RainDance|[upkeep]\n|upkeep\n|\n|t:|1667656401\n|switch|p2a: Corviknight|Corviknight, F|78\/100\n|-damage|p2a: Corviknight|66\/100|[from] Stealth Rock\n|-ability|p2a: Corviknight|Pressure\n|turn|17\n|\n|t:|1667656414\n|switch|p1a: Kingdra|Kingdra, M|35\/100\n|move|p2a: Corviknight|Roost|p2a: Corviknight\n|-heal|p2a: Corviknight|100\/100\n|-singleturn|p2a: Corviknight|move: Roost\n|\n|-weather|RainDance|[upkeep]\n|upkeep\n|turn|18\n|\n|t:|1667656422\n|move|p1a: Kingdra|Hydro Pump|p2a: Corviknight\n|-damage|p2a: Corviknight|6\/100\n|move|p2a: Corviknight|Defog|p1a: Kingdra\n|-unboost|p1a: Kingdra|evasion|1\n|-sideend|p2: jeanmilapipe|Stealth Rock|[from] move: Defog|[of] p2a: Corviknight\n|\n|-weather|none\n|upkeep\n|turn|19\n|\n|t:|1667656431\n|move|p1a: Kingdra|Hydro Pump|p2a: Corviknight|[miss]\n|-miss|p1a: Kingdra|p2a: Corviknight\n|move|p2a: Corviknight|Roost|p2a: Corviknight\n|-heal|p2a: Corviknight|57\/100\n|-singleturn|p2a: Corviknight|move: Roost\n|\n|upkeep\n|turn|20\n|\n|t:|1667656438\n|move|p1a: Kingdra|Hydro Pump|p2a: Corviknight\n|-damage|p2a: Corviknight|0 fnt\n|faint|p2a: Corviknight\n|\n|upkeep\n|\n|t:|1667656443\n|switch|p2a: Garchomp|Garchomp, F|100\/100\n|turn|21\n|\n|t:|1667656447\n|switch|p1a: Pelipper|Pelipper, M|100\/100\n|-weather|RainDance|[from] ability: Drizzle|[of] p1a: Pelipper\n|move|p2a: Garchomp|Swords Dance|p2a: Garchomp\n|-boost|p2a: Garchomp|atk|2\n|\n|-weather|RainDance|[upkeep]\n|upkeep\n|turn|22\n|l| ghostwalkingg\n|c| Lambu|A\n|inactive|Battle timer is ON: inactive players will automatically lose when time's up. (requested by jeanmilapipe)\n|\n|t:|1667656481\n|move|p2a: Garchomp|Substitute|p2a: Garchomp\n|-start|p2a: Garchomp|Substitute\n|-damage|p2a: Garchomp|76\/100\n|move|p1a: Pelipper|U-turn|p2a: Garchomp\n|-activate|p2a: Garchomp|move: Substitute|[damage]\n|\n|t:|1667656484\n|switch|p1a: Swampert|Swampert-Mega, M|68\/100|[from]move: U-turn\n|\n|-weather|RainDance|[upkeep]\n|-heal|p2a: Garchomp|82\/100|[from] item: Leftovers\n|upkeep\n|turn|23\n|\n|t:|1667656492\n|move|p1a: Swampert|Earthquake|p2a: Garchomp\n|-end|p2a: Garchomp|Substitute\n|move|p2a: Garchomp|Scale Shot|p1a: Swampert\n|-damage|p1a: Swampert|43\/100\n|-damage|p1a: Swampert|19\/100\n|-hitcount|p1a: Swampert|2\n|-unboost|p2a: Garchomp|def|1\n|-boost|p2a: Garchomp|spe|1\n|\n|-weather|RainDance|[upkeep]\n|-heal|p2a: Garchomp|88\/100|[from] item: Leftovers\n|upkeep\n|turn|24\n|j| DylanWasEating\n|\n|t:|1667656504\n|move|p2a: Garchomp|Scale Shot|p1a: Swampert|[miss]\n|-miss|p2a: Garchomp|p1a: Swampert\n|move|p1a: Swampert|Ice Punch|p2a: Garchomp\n|-supereffective|p2a: Garchomp\n|-damage|p2a: Garchomp|0 fnt\n|-damage|p1a: Swampert|7\/100|[from] ability: Rough Skin|[of] p2a: Garchomp\n|faint|p2a: Garchomp\n|\n|-weather|RainDance|[upkeep]\n|upkeep\n|\n|t:|1667656515\n|switch|p2a: Kyurem|Kyurem|100\/100\n|-ability|p2a: Kyurem|Pressure\n|turn|25\n|\n|t:|1667656522\n|move|p1a: Swampert|Earthquake|p2a: Kyurem\n|-damage|p2a: Kyurem|40\/100\n|move|p2a: Kyurem|Roost|p2a: Kyurem\n|-heal|p2a: Kyurem|90\/100\n|-singleturn|p2a: Kyurem|move: Roost\n|\n|-weather|RainDance|[upkeep]\n|upkeep\n|turn|26\n|\n|t:|1667656529\n|move|p1a: Swampert|Earthquake|p2a: Kyurem\n|-damage|p2a: Kyurem|32\/100\n|move|p2a: Kyurem|Roost|p2a: Kyurem\n|-heal|p2a: Kyurem|82\/100\n|-singleturn|p2a: Kyurem|move: Roost\n|\n|-weather|RainDance|[upkeep]\n|upkeep\n|turn|27\n|\n|t:|1667656536\n|move|p1a: Swampert|Earthquake|p2a: Kyurem\n|-damage|p2a: Kyurem|18\/100\n|move|p2a: Kyurem|Roost|p2a: Kyurem\n|-heal|p2a: Kyurem|68\/100\n|-singleturn|p2a: Kyurem|move: Roost\n|\n|-weather|RainDance|[upkeep]\n|upkeep\n|turn|28\n|\n|t:|1667656543\n|move|p1a: Swampert|Earthquake|p2a: Kyurem\n|-damage|p2a: Kyurem|9\/100\n|move|p2a: Kyurem|Roost|p2a: Kyurem\n|-heal|p2a: Kyurem|60\/100\n|-singleturn|p2a: Kyurem|move: Roost\n|\n|-weather|none\n|upkeep\n|turn|29\n|\n|t:|1667656551\n|switch|p1a: Pelipper|Pelipper, M|100\/100\n|-weather|RainDance|[from] ability: Drizzle|[of] p1a: Pelipper\n|move|p2a: Kyurem|Freeze-Dry|p1a: Pelipper\n|-supereffective|p1a: Pelipper\n|-damage|p1a: Pelipper|0 fnt\n|faint|p1a: Pelipper\n|\n|-weather|RainDance|[upkeep]\n|upkeep\n|\n|t:|1667656554\n|switch|p1a: Swampert|Swampert-Mega, M|7\/100\n|turn|30\n|\n|t:|1667656564\n|move|p1a: Swampert|Earthquake|p2a: Kyurem\n|-damage|p2a: Kyurem|2\/100\n|move|p2a: Kyurem|Earth Power|p1a: Swampert\n|-damage|p1a: Swampert|0 fnt\n|faint|p1a: Swampert\n|\n|-weather|RainDance|[upkeep]\n|upkeep\n|\n|t:|1667656567\n|switch|p1a: Kingdra|Kingdra, M|35\/100\n|turn|31\n|\n|t:|1667656575\n|move|p1a: Kingdra|Surf|p2a: Kyurem\n|-resisted|p2a: Kyurem\n|-damage|p2a: Kyurem|0 fnt\n|faint|p2a: Kyurem\n|\n|win|Ferrothornail\u8349\u94a2\u7532\n|raw|Ferrothornail\u8349\u94a2\u7532's rating: 1625 &rarr; <strong>1654<\/strong><br \/>(+29 for winning)\n|raw|jeanmilapipe's rating: 1791 &rarr; <strong>1762<\/strong><br \/>(-29 for losing)\n|l| DylanWasEating\n|l|\u2606jeanmilapipe\n|l| Lambu\n|j| ahahab\n|l| ahahab\n||Ladder isn't responding, score probably updated but might not have (Request timeout).\n","uploadtime":1667656582,"views":12,"p1id":"ferrothornail","p2id":"jeanmilapipe","formatid":"gen8nationaldex","rating":1654,"private":0,"password":null}