{"id":"gen8nationaldex-1600669849","p1":"Fastpitchkiller","p2":"kironsurvivor9","format":"gen8nationaldex","log":"|j|\u2606Fastpitchkiller\n|j|\u2606kironsurvivor9\n|t:|1655765256\n|gametype|singles\n|player|p1|Fastpitchkiller|1|\n|player|p2|kironsurvivor9|rosa|\n|teamsize|p1|6\n|teamsize|p2|6\n|gen|8\n|tier|[Gen 8] National Dex\n|rule|HP Percentage Mod: HP is shown in percentages\n|rule|Endless Battle Clause: Forcing endless battles is banned\n|rule|OHKO Clause: OHKO moves are banned\n|rule|Evasion Moves Clause: Evasion moves are banned\n|rule|Species Clause: Limit one of each Pok\u00e9mon\n|rule|Dynamax Clause: You cannot dynamax\n|rule|Sleep Clause Mod: Limit one foe put to sleep\n|clearpoke\n|poke|p1|Greninja, M|\n|poke|p1|Zapdos|\n|poke|p1|Melmetal|\n|poke|p1|Slowbro, F|\n|poke|p1|Tyranitar, F|\n|poke|p1|Kommo-o, F|\n|poke|p2|Ferrothorn, M|\n|poke|p2|Greninja, M|\n|poke|p2|Tapu Koko|\n|poke|p2|Hawlucha, F|\n|poke|p2|Swampert, M|\n|poke|p2|Pelipper, M|\n|teampreview\n|\n|t:|1655765283\n|start\n|switch|p1a: Johnny Bravo|Melmetal|100\/100\n|switch|p2a: Tapu Koko|Tapu Koko|100\/100\n|-fieldstart|move: Electric Terrain|[from] ability: Electric Surge|[of] p2a: Tapu Koko\n|turn|1\n|\n|t:|1655765292\n|move|p2a: Tapu Koko|Volt Switch|p1a: Johnny Bravo\n|-damage|p1a: Johnny Bravo|60\/100\n|\n|t:|1655765297\n|switch|p2a: Ferrothorn|Ferrothorn, M|100\/100|[from]move: Volt Switch\n|move|p1a: Johnny Bravo|Thunder Wave|p2a: Ferrothorn\n|-status|p2a: Ferrothorn|par\n|\n|upkeep\n|turn|2\n|\n|t:|1655765308\n|move|p1a: Johnny Bravo|Double Iron Bash|p2a: Ferrothorn\n|-resisted|p2a: Ferrothorn\n|-damage|p2a: Ferrothorn|87\/100 par\n|-activate|p2a: Ferrothorn|ability: Iron Barbs\n|-activate|p1a: Johnny Bravo|item: Protective Pads\n|-resisted|p2a: Ferrothorn\n|-damage|p2a: Ferrothorn|73\/100 par\n|-activate|p2a: Ferrothorn|ability: Iron Barbs\n|-activate|p1a: Johnny Bravo|item: Protective Pads\n|-hitcount|p2a: Ferrothorn|2\n|cant|p2a: Ferrothorn|flinch\n|\n|upkeep\n|turn|3\n|\n|t:|1655765319\n|move|p1a: Johnny Bravo|Double Iron Bash|p2a: Ferrothorn\n|-resisted|p2a: Ferrothorn\n|-damage|p2a: Ferrothorn|60\/100 par\n|-activate|p2a: Ferrothorn|ability: Iron Barbs\n|-activate|p1a: Johnny Bravo|item: Protective Pads\n|-resisted|p2a: Ferrothorn\n|-damage|p2a: Ferrothorn|46\/100 par\n|-activate|p2a: Ferrothorn|ability: Iron Barbs\n|-activate|p1a: Johnny Bravo|item: Protective Pads\n|-hitcount|p2a: Ferrothorn|2\n|cant|p2a: Ferrothorn|flinch\n|\n|upkeep\n|turn|4\n|\n|t:|1655765332\n|move|p1a: Johnny Bravo|Double Iron Bash|p2a: Ferrothorn\n|-resisted|p2a: Ferrothorn\n|-damage|p2a: Ferrothorn|33\/100 par\n|-activate|p2a: Ferrothorn|ability: Iron Barbs\n|-activate|p1a: Johnny Bravo|item: Protective Pads\n|-resisted|p2a: Ferrothorn\n|-damage|p2a: Ferrothorn|20\/100 par\n|-activate|p2a: Ferrothorn|ability: Iron Barbs\n|-activate|p1a: Johnny Bravo|item: Protective Pads\n|-hitcount|p2a: Ferrothorn|2\n|cant|p2a: Ferrothorn|flinch\n|\n|upkeep\n|turn|5\n|\n|t:|1655765346\n|switch|p2a: Pelipper|Pelipper, M|100\/100\n|-weather|RainDance|[from] ability: Drizzle|[of] p2a: Pelipper\n|move|p1a: Johnny Bravo|Double Iron Bash|p2a: Pelipper\n|-resisted|p2a: Pelipper\n|-damage|p2a: Pelipper|74\/100\n|-resisted|p2a: Pelipper\n|-damage|p2a: Pelipper|46\/100\n|-hitcount|p2a: Pelipper|2\n|\n|-weather|RainDance|[upkeep]\n|-fieldend|move: Electric Terrain\n|upkeep\n|turn|6\n|\n|t:|1655765359\n|switch|p1a: Slowgatell|Slowbro, F|100\/100\n|move|p2a: Pelipper|U-turn|p1a: Slowgatell\n|-supereffective|p1a: Slowgatell\n|-damage|p1a: Slowgatell|89\/100\n|-damage|p2a: Pelipper|30\/100|[from] item: Rocky Helmet|[of] p1a: Slowgatell\n|\n|t:|1655765367\n|switch|p2a: Tapu Koko|Tapu Koko|100\/100|[from]move: U-turn\n|-fieldstart|move: Electric Terrain|[from] ability: Electric Surge|[of] p2a: Tapu Koko\n|\n|-weather|RainDance|[upkeep]\n|upkeep\n|turn|7\n|\n|t:|1655765375\n|switch|p1a: Tyranitar|Tyranitar, F|100\/100\n|-weather|Sandstorm|[from] ability: Sand Stream|[of] p1a: Tyranitar\n|move|p2a: Tapu Koko|Thunder|p1a: Tyranitar|[miss]\n|-miss|p2a: Tapu Koko|p1a: Tyranitar\n|\n|-weather|Sandstorm|[upkeep]\n|-damage|p2a: Tapu Koko|94\/100|[from] Sandstorm\n|upkeep\n|turn|8\n|\n|t:|1655765386\n|move|p2a: Tapu Koko|Volt Switch|p1a: Tyranitar\n|-damage|p1a: Tyranitar|85\/100\n|\n|t:|1655765390\n|switch|p2a: Ferrothorn|Ferrothorn, M|20\/100 par|[from]move: Volt Switch\n|move|p1a: Tyranitar|Stealth Rock|p2a: Ferrothorn\n|-sidestart|p2: kironsurvivor9|move: Stealth Rock\n|\n|-weather|Sandstorm|[upkeep]\n|-heal|p1a: Tyranitar|92\/100|[from] item: Leftovers\n|upkeep\n|turn|9\n|\n|t:|1655765398\n|move|p1a: Tyranitar|Superpower|p2a: Ferrothorn\n|-supereffective|p2a: Ferrothorn\n|-damage|p2a: Ferrothorn|0 fnt\n|-unboost|p1a: Tyranitar|atk|1\n|-unboost|p1a: Tyranitar|def|1\n|-damage|p1a: Tyranitar|79\/100|[from] ability: Iron Barbs|[of] p2a: Ferrothorn\n|-damage|p1a: Tyranitar|63\/100|[from] item: Rocky Helmet|[of] p2a: Ferrothorn\n|faint|p2a: Ferrothorn\n|\n|-weather|Sandstorm|[upkeep]\n|-heal|p1a: Tyranitar|69\/100|[from] item: Leftovers\n|upkeep\n|\n|t:|1655765409\n|switch|p2a: Greninja|Greninja, M|100\/100\n|-damage|p2a: Greninja|88\/100|[from] Stealth Rock\n|turn|10\n|\n|t:|1655765413\n|switch|p1a: Slowgatell|Slowbro, F|100\/100\n|move|p2a: Greninja|Surf|p1a: Slowgatell\n|-resisted|p1a: Slowgatell\n|-damage|p1a: Slowgatell|73\/100\n|-damage|p2a: Greninja|78\/100|[from] item: Life Orb\n|\n|-weather|Sandstorm|[upkeep]\n|-damage|p2a: Greninja|73\/100|[from] Sandstorm\n|-damage|p1a: Slowgatell|67\/100|[from] Sandstorm\n|-fieldend|move: Electric Terrain\n|upkeep\n|turn|11\n|\n|t:|1655765425\n|switch|p1a: Tyranitar|Tyranitar, F|69\/100\n|move|p2a: Greninja|Dark Pulse|p1a: Tyranitar\n|-resisted|p1a: Tyranitar\n|-crit|p1a: Tyranitar\n|-damage|p1a: Tyranitar|54\/100\n|-damage|p2a: Greninja|63\/100|[from] item: Life Orb\n|\n|-weather|none\n|-heal|p1a: Tyranitar|61\/100|[from] item: Leftovers\n|upkeep\n|turn|12\n|\n|t:|1655765436\n|switch|p1a: Greninja|Greninja, M|100\/100\n|move|p2a: Greninja|Surf|p1a: Greninja\n|-resisted|p1a: Greninja\n|-damage|p1a: Greninja|63\/100\n|-damage|p2a: Greninja|53\/100|[from] item: Life Orb\n|\n|upkeep\n|turn|13\n|\n|t:|1655765467\n|move|p2a: Greninja|Surf|p1a: Greninja\n|-resisted|p1a: Greninja\n|-damage|p1a: Greninja|20\/100\n|-damage|p2a: Greninja|43\/100|[from] item: Life Orb\n|move|p1a: Greninja|Hydro Pump|p2a: Greninja|[miss]\n|-miss|p1a: Greninja|p2a: Greninja\n|\n|upkeep\n|turn|14\n|\n|t:|1655765477\n|move|p1a: Greninja|Hydro Pump|p2a: Greninja\n|-resisted|p2a: Greninja\n|-damage|p2a: Greninja|0 fnt\n|faint|p2a: Greninja\n|-activate|p1a: Greninja|ability: Battle Bond\n|detailschange|p1a: Greninja|Greninja-Ash, M\n|\n|upkeep\n|\n|t:|1655765487\n|switch|p2a: Tapu Koko|Tapu Koko|94\/100\n|-damage|p2a: Tapu Koko|82\/100|[from] Stealth Rock\n|-fieldstart|move: Electric Terrain|[from] ability: Electric Surge|[of] p2a: Tapu Koko\n|turn|15\n|\n|t:|1655765493\n|move|p1a: Greninja|Hydro Pump|p2a: Tapu Koko\n|-damage|p2a: Tapu Koko|0 fnt\n|faint|p2a: Tapu Koko\n|\n|upkeep\n|\n|t:|1655765499\n|switch|p2a: Hawlucha|Hawlucha, F|100\/100\n|-damage|p2a: Hawlucha|88\/100|[from] Stealth Rock\n|-enditem|p2a: Hawlucha|Electric Seed\n|-boost|p2a: Hawlucha|def|1|[from] item: Electric Seed\n|turn|16\n|\n|t:|1655765505\n|switch|p1a: Zapdos|Zapdos|100\/100\n|move|p2a: Hawlucha|Substitute|p2a: Hawlucha\n|-start|p2a: Hawlucha|Substitute\n|-damage|p2a: Hawlucha|63\/100\n|\n|upkeep\n|turn|17\n|\n|t:|1655765511\n|move|p2a: Hawlucha|Swords Dance|p2a: Hawlucha\n|-boost|p2a: Hawlucha|atk|2\n|move|p1a: Zapdos|Volt Switch|p2a: Hawlucha\n|-supereffective|p2a: Hawlucha\n|-end|p2a: Hawlucha|Substitute\n|\n|t:|1655765520\n|switch|p1a: Slowgatell|Slowbro, F|99\/100|[from]move: Volt Switch\n|\n|upkeep\n|turn|18\n|\n|t:|1655765526\n|move|p2a: Hawlucha|Substitute|p2a: Hawlucha\n|-start|p2a: Hawlucha|Substitute\n|-damage|p2a: Hawlucha|38\/100\n|move|p1a: Slowgatell|Scald|p2a: Hawlucha\n|-end|p2a: Hawlucha|Substitute\n|\n|upkeep\n|turn|19\n|\n|t:|1655765534\n|move|p2a: Hawlucha|Acrobatics|p1a: Slowgatell\n|-damage|p1a: Slowgatell|39\/100\n|-damage|p2a: Hawlucha|22\/100|[from] item: Rocky Helmet|[of] p1a: Slowgatell\n|move|p1a: Slowgatell|Scald|p2a: Hawlucha\n|-damage|p2a: Hawlucha|0 fnt\n|faint|p2a: Hawlucha\n|\n|-fieldend|move: Electric Terrain\n|upkeep\n|\n|t:|1655765542\n|switch|p2a: Pelipper|Pelipper, M|30\/100\n|-damage|p2a: Pelipper|5\/100|[from] Stealth Rock\n|-weather|RainDance|[from] ability: Drizzle|[of] p2a: Pelipper\n|turn|20\n|\n|t:|1655765548\n|move|p2a: Pelipper|Toxic|p1a: Slowgatell\n|-status|p1a: Slowgatell|tox\n|move|p1a: Slowgatell|Teleport|p1a: Slowgatell\n|\n|t:|1655765559\n|switch|p1a: Kommo-o|Kommo-o, F|100\/100|[from]move: Teleport\n|\n|-weather|RainDance|[upkeep]\n|upkeep\n|turn|21\n|\n|t:|1655765566\n|move|p1a: Kommo-o|Boomburst|p2a: Pelipper\n|-damage|p2a: Pelipper|0 fnt\n|faint|p2a: Pelipper\n|\n|-weather|RainDance|[upkeep]\n|upkeep\n|\n|t:|1655765571\n|switch|p2a: Swampert|Swampert, M|100\/100\n|-damage|p2a: Swampert|94\/100|[from] Stealth Rock\n|turn|22\n|\n|t:|1655765576\n|detailschange|p2a: Swampert|Swampert-Mega, M\n|-mega|p2a: Swampert|Swampert|Swampertite\n|move|p2a: Swampert|Ice Punch|p1a: Kommo-o\n|-supereffective|p1a: Kommo-o\n|-damage|p1a: Kommo-o|35\/100\n|-zpower|p1a: Kommo-o\n|move|p1a: Kommo-o|Clangorous Soulblaze|p2a: Swampert|[zeffect]\n|-crit|p2a: Swampert\n|-damage|p2a: Swampert|0 fnt\n|faint|p2a: Swampert\n|\n|win|Fastpitchkiller\n","uploadtime":1655765597,"views":4,"p1id":"fastpitchkiller","p2id":"kironsurvivor9","formatid":"gen8nationaldex","rating":0,"private":0,"password":null}