{"id":"gen8ou-1431417121","p1":"Flyingtaco42","p2":"cows123p","format":"gen8ou","log":"|j|\u2606Flyingtaco42\n|j|\u2606cows123p\n|t:|1633665717\n|gametype|singles\n|player|p1|Flyingtaco42|elesa|1851\n|player|p2|cows123p|102|1853\n|teamsize|p1|6\n|teamsize|p2|6\n|gen|8\n|tier|[Gen 8] OU\n|rated|\n|rule|Sleep Clause Mod: Limit one foe put to sleep\n|rule|Species Clause: Limit one of each Pok\u00e9mon\n|rule|OHKO Clause: OHKO moves are banned\n|rule|Evasion Moves Clause: Evasion moves are banned\n|rule|Endless Battle Clause: Forcing endless battles is banned\n|rule|HP Percentage Mod: HP is shown in percentages\n|rule|Dynamax Clause: You cannot dynamax\n|clearpoke\n|poke|p1|Blaziken, M|\n|poke|p1|Tapu Fini|\n|poke|p1|Tapu Lele|\n|poke|p1|Garchomp, M|\n|poke|p1|Tornadus-Therian, M|\n|poke|p1|Ferrothorn, M|\n|poke|p2|Diggersby, M|\n|poke|p2|Azumarill, M|\n|poke|p2|Zapdos|\n|poke|p2|Ferrothorn, M|\n|poke|p2|Magnezone|\n|poke|p2|Garchomp, M|\n|teampreview\n|inactive|Battle timer is ON: inactive players will automatically lose when time's up. (requested by Flyingtaco42)\n|\n|t:|1633665749\n|start\n|switch|p1a: Tornadus|Tornadus-Therian, M|100\/100\n|switch|p2a: Garchomp|Garchomp, M|100\/100\n|turn|1\n|\n|t:|1633665755\n|move|p1a: Tornadus|Knock Off|p2a: Garchomp\n|-damage|p2a: Garchomp|89\/100\n|-damage|p1a: Tornadus|88\/100|[from] ability: Rough Skin|[of] p2a: Garchomp\n|-damage|p1a: Tornadus|71\/100|[from] item: Rocky Helmet|[of] p2a: Garchomp\n|-enditem|p2a: Garchomp|Rocky Helmet|[from] move: Knock Off|[of] p1a: Tornadus\n|move|p2a: Garchomp|Stealth Rock|p1a: Tornadus\n|-sidestart|p1: Flyingtaco42|move: Stealth Rock\n|\n|upkeep\n|turn|2\n|\n|t:|1633665770\n|move|p1a: Tornadus|Defog|p2a: Garchomp\n|-unboost|p2a: Garchomp|evasion|1\n|-sideend|p1: Flyingtaco42|Stealth Rock|[from] move: Defog|[of] p1a: Tornadus\n|move|p2a: Garchomp|Toxic|p1a: Tornadus\n|-status|p1a: Tornadus|tox\n|\n|-damage|p1a: Tornadus|65\/100 tox|[from] psn\n|upkeep\n|turn|3\n|\n|t:|1633665782\n|move|p1a: Tornadus|U-turn|p2a: Garchomp\n|-damage|p2a: Garchomp|80\/100\n|-damage|p1a: Tornadus|53\/100 tox|[from] ability: Rough Skin|[of] p2a: Garchomp\n|\n|t:|1633665792\n|switch|p1a: Tapu Lele|Tapu Lele|100\/100|[from]move: U-turn\n|-fieldstart|move: Psychic Terrain|[from] ability: Psychic Surge|[of] p1a: Tapu Lele\n|move|p2a: Garchomp|Stealth Rock|p1a: Tapu Lele\n|-sidestart|p1: Flyingtaco42|move: Stealth Rock\n|\n|upkeep\n|turn|4\n|j| Flamax\n|\n|t:|1633665798\n|move|p1a: Tapu Lele|Psychic|p2a: Garchomp\n|-damage|p2a: Garchomp|0 fnt\n|faint|p2a: Garchomp\n|\n|upkeep\n|\n|t:|1633665802\n|switch|p2a: Magnezone|Magnezone|100\/100\n|turn|5\n|\n|t:|1633665812\n|switch|p1a: Ferrothorn|Ferrothorn, M|100\/100\n|-damage|p1a: Ferrothorn|95\/100|[from] Stealth Rock\n|move|p2a: Magnezone|Flash Cannon|p1a: Ferrothorn\n|-resisted|p1a: Ferrothorn\n|-damage|p1a: Ferrothorn|80\/100\n|-unboost|p1a: Ferrothorn|spd|1\n|\n|-heal|p1a: Ferrothorn|86\/100|[from] item: Leftovers\n|upkeep\n|turn|6\n|\n|t:|1633665835\n|move|p2a: Magnezone|Flash Cannon|p1a: Ferrothorn\n|-resisted|p1a: Ferrothorn\n|-damage|p1a: Ferrothorn|66\/100\n|move|p1a: Ferrothorn|Spikes|p2a: Magnezone\n|-sidestart|p2: cows123p|Spikes\n|\n|-heal|p1a: Ferrothorn|72\/100|[from] item: Leftovers\n|upkeep\n|turn|7\n|\n|t:|1633665841\n|move|p2a: Magnezone|Flash Cannon|p1a: Ferrothorn\n|-resisted|p1a: Ferrothorn\n|-damage|p1a: Ferrothorn|50\/100\n|move|p1a: Ferrothorn|Leech Seed|p2a: Magnezone\n|-start|p2a: Magnezone|move: Leech Seed\n|\n|-heal|p1a: Ferrothorn|56\/100|[from] item: Leftovers\n|-damage|p2a: Magnezone|88\/100|[from] Leech Seed|[of] p1a: Ferrothorn\n|-heal|p1a: Ferrothorn|66\/100|[silent]\n|-fieldend|move: Psychic Terrain\n|upkeep\n|turn|8\n|j| IMTOOMUCHFORYOU\n|\n|t:|1633665850\n|switch|p2a: Prepare 4 trouble|Diggersby, M|100\/100\n|-damage|p2a: Prepare 4 trouble|88\/100|[from] Spikes\n|move|p1a: Ferrothorn|Body Press|p2a: Prepare 4 trouble\n|-supereffective|p2a: Prepare 4 trouble\n|-damage|p2a: Prepare 4 trouble|21\/100\n|\n|-heal|p1a: Ferrothorn|72\/100|[from] item: Leftovers\n|upkeep\n|turn|9\n|\n|t:|1633665859\n|switch|p1a: Garchomp|Garchomp, M|100\/100\n|-damage|p1a: Garchomp|94\/100|[from] Stealth Rock\n|move|p2a: Prepare 4 trouble|Earthquake|p1a: Garchomp\n|-damage|p1a: Garchomp|5\/100\n|\n|upkeep\n|turn|10\n|\n|t:|1633665869\n|move|p1a: Garchomp|Earthquake|p2a: Prepare 4 trouble\n|-damage|p2a: Prepare 4 trouble|0 fnt\n|faint|p2a: Prepare 4 trouble\n|\n|upkeep\n|\n|t:|1633665874\n|switch|p2a: Magnezone|Magnezone|88\/100\n|-damage|p2a: Magnezone|76\/100|[from] Spikes\n|turn|11\n|\n|t:|1633665888\n|switch|p1a: Ferrothorn|Ferrothorn, M|72\/100\n|-damage|p1a: Ferrothorn|66\/100|[from] Stealth Rock\n|move|p2a: Magnezone|Flash Cannon|p1a: Ferrothorn\n|-resisted|p1a: Ferrothorn\n|-damage|p1a: Ferrothorn|52\/100\n|\n|-heal|p1a: Ferrothorn|58\/100|[from] item: Leftovers\n|upkeep\n|turn|12\n|\n|t:|1633665898\n|switch|p2a: Zapdos|Zapdos|100\/100\n|move|p1a: Ferrothorn|Leech Seed|p2a: Zapdos\n|-start|p2a: Zapdos|move: Leech Seed\n|\n|-heal|p1a: Ferrothorn|64\/100|[from] item: Leftovers\n|-damage|p2a: Zapdos|88\/100|[from] Leech Seed|[of] p1a: Ferrothorn\n|-heal|p1a: Ferrothorn|78\/100|[silent]\n|upkeep\n|turn|13\n|\n|t:|1633665909\n|switch|p1a: Tornadus|Tornadus-Therian, M|86\/100 tox\n|move|p2a: Zapdos|Hurricane|p1a: Tornadus\n|-damage|p1a: Tornadus|44\/100 tox\n|\n|-damage|p2a: Zapdos|76\/100|[from] Leech Seed|[of] p1a: Tornadus\n|-heal|p1a: Tornadus|57\/100 tox|[silent]\n|-damage|p1a: Tornadus|51\/100 tox|[from] psn\n|upkeep\n|turn|14\n|\n|t:|1633665918\n|move|p1a: Tornadus|Defog|p2a: Zapdos\n|-unboost|p2a: Zapdos|evasion|1\n|-sideend|p2: cows123p|Spikes|[from] move: Defog|[of] p1a: Tornadus\n|-sideend|p1: Flyingtaco42|Stealth Rock|[from] move: Defog|[of] p1a: Tornadus\n|move|p2a: Zapdos|Discharge|p1a: Tornadus\n|-supereffective|p1a: Tornadus\n|-damage|p1a: Tornadus|0 fnt\n|faint|p1a: Tornadus\n|\n|upkeep\n|\n|t:|1633665920\n|switch|p1a: Tapu Lele|Tapu Lele|100\/100\n|-fieldstart|move: Psychic Terrain|[from] ability: Psychic Surge|[of] p1a: Tapu Lele\n|turn|15\n|\n|t:|1633665934\n|switch|p1a: Blaziken|Blaziken, M|100\/100\n|switch|p2a: Make it double|Azumarill, M|100\/100\n|\n|upkeep\n|turn|16\n|\n|t:|1633665955\n|switch|p1a: Tapu Fini|Tapu Fini|100\/100\n|-fieldstart|move: Misty Terrain|[from] ability: Misty Surge|[of] p1a: Tapu Fini\n|move|p2a: Make it double|Superpower|p1a: Tapu Fini\n|-resisted|p1a: Tapu Fini\n|-damage|p1a: Tapu Fini|73\/100\n|-unboost|p2a: Make it double|atk|1\n|-unboost|p2a: Make it double|def|1\n|\n|-heal|p1a: Tapu Fini|80\/100|[from] item: Leftovers\n|upkeep\n|turn|17\n|\n|t:|1633665966\n|switch|p2a: Zapdos|Zapdos|76\/100\n|move|p1a: Tapu Fini|Whirlpool|p2a: Zapdos|[miss]\n|-miss|p1a: Tapu Fini|p2a: Zapdos\n|\n|-heal|p1a: Tapu Fini|86\/100|[from] item: Leftovers\n|upkeep\n|turn|18\n|\n|t:|1633665976\n|switch|p1a: Tapu Lele|Tapu Lele|100\/100\n|-fieldstart|move: Psychic Terrain|[from] ability: Psychic Surge|[of] p1a: Tapu Lele\n|move|p2a: Zapdos|Hurricane|p1a: Tapu Lele\n|-damage|p1a: Tapu Lele|53\/100\n|-start|p1a: Tapu Lele|confusion\n|\n|upkeep\n|turn|19\n|\n|t:|1633665984\n|switch|p2a: Ferrothorn|Ferrothorn, M|100\/100\n|-activate|p1a: Tapu Lele|confusion\n|-damage|p1a: Tapu Lele|44\/100|[from] confusion\n|\n|upkeep\n|turn|20\n|\n|t:|1633665989\n|switch|p1a: Blaziken|Blaziken, M|100\/100\n|move|p2a: Ferrothorn|Spikes|p1a: Blaziken\n|-sidestart|p1: Flyingtaco42|Spikes\n|\n|upkeep\n|turn|21\n|j| Koi dn9 doc\n|\n|t:|1633665997\n|switch|p2a: Make it double|Azumarill, M|100\/100\n|move|p1a: Blaziken|Close Combat|p2a: Make it double\n|-resisted|p2a: Make it double\n|-damage|p2a: Make it double|56\/100\n|-unboost|p1a: Blaziken|def|1\n|-unboost|p1a: Blaziken|spd|1\n|-damage|p1a: Blaziken|91\/100|[from] item: Life Orb\n|\n|-ability|p1a: Blaziken|Speed Boost|boost\n|-boost|p1a: Blaziken|spe|1\n|upkeep\n|turn|22\n|l| Koi dn9 doc\n|inactive|Flyingtaco42 has 120 seconds left.\n|\n|t:|1633666032\n|switch|p1a: Garchomp|Garchomp, M|5\/100\n|-damage|p1a: Garchomp|0 fnt|[from] Spikes\n|faint|p1a: Garchomp\n|move|p2a: Make it double|Superpower|p1: Garchomp|[notarget]\n|-fail|p2a: Make it double\n|\n|-fieldend|move: Psychic Terrain\n|upkeep\n|inactive|Flyingtaco42 has 120 seconds left.\n|\n|t:|1633666045\n|switch|p1a: Tapu Lele|Tapu Lele|44\/100\n|-damage|p1a: Tapu Lele|32\/100|[from] Spikes\n|-fieldstart|move: Psychic Terrain|[from] ability: Psychic Surge|[of] p1a: Tapu Lele\n|turn|23\n|inactive|Flyingtaco42 has 120 seconds left.\n|\n|t:|1633666052\n|switch|p2a: Ferrothorn|Ferrothorn, M|100\/100\n|move|p1a: Tapu Lele|Psychic|p2a: Ferrothorn\n|-resisted|p2a: Ferrothorn\n|-damage|p2a: Ferrothorn|72\/100\n|\n|-heal|p2a: Ferrothorn|78\/100|[from] item: Leftovers\n|upkeep\n|turn|24\n|j| Koi dn9 doc\n|\n|t:|1633666066\n|switch|p1a: Ferrothorn|Ferrothorn, M|78\/100\n|-damage|p1a: Ferrothorn|65\/100|[from] Spikes\n|switch|p2a: Make it double|Azumarill, M|56\/100\n|\n|-heal|p1a: Ferrothorn|71\/100|[from] item: Leftovers\n|upkeep\n|turn|25\n|\n|t:|1633666074\n|move|p2a: Make it double|Play Rough|p1a: Ferrothorn\n|-resisted|p1a: Ferrothorn\n|-damage|p1a: Ferrothorn|42\/100\n|-damage|p2a: Make it double|44\/100|[from] ability: Iron Barbs|[of] p1a: Ferrothorn\n|move|p1a: Ferrothorn|Spikes|p2a: Make it double\n|-sidestart|p2: cows123p|Spikes\n|\n|-heal|p1a: Ferrothorn|48\/100|[from] item: Leftovers\n|upkeep\n|turn|26\n|\n|t:|1633666085\n|switch|p2a: Ferrothorn|Ferrothorn, M|78\/100\n|-damage|p2a: Ferrothorn|65\/100|[from] Spikes\n|move|p1a: Ferrothorn|Leech Seed|p2a: Ferrothorn\n|-immune|p2a: Ferrothorn\n|\n|-heal|p1a: Ferrothorn|54\/100|[from] item: Leftovers\n|-heal|p2a: Ferrothorn|72\/100|[from] item: Leftovers\n|upkeep\n|turn|27\n|\n|t:|1633666096\n|move|p1a: Ferrothorn|Body Press|p2a: Ferrothorn\n|-supereffective|p2a: Ferrothorn\n|-damage|p2a: Ferrothorn|35\/100\n|-damage|p1a: Ferrothorn|42\/100|[from] ability: Iron Barbs|[of] p2a: Ferrothorn\n|move|p2a: Ferrothorn|Leech Seed|p1a: Ferrothorn\n|-immune|p1a: Ferrothorn\n|\n|-heal|p1a: Ferrothorn|48\/100|[from] item: Leftovers\n|-heal|p2a: Ferrothorn|41\/100|[from] item: Leftovers\n|-fieldend|move: Psychic Terrain\n|upkeep\n|turn|28\n|\n|t:|1633666106\n|switch|p2a: Zapdos|Zapdos|76\/100\n|move|p1a: Ferrothorn|Body Press|p2a: Zapdos\n|-resisted|p2a: Zapdos\n|-damage|p2a: Zapdos|66\/100\n|\n|-heal|p1a: Ferrothorn|54\/100|[from] item: Leftovers\n|upkeep\n|turn|29\n|\n|t:|1633666115\n|move|p2a: Zapdos|Hurricane|p1a: Ferrothorn\n|-damage|p1a: Ferrothorn|25\/100\n|-start|p1a: Ferrothorn|confusion\n|-activate|p1a: Ferrothorn|confusion\n|-damage|p1a: Ferrothorn|18\/100|[from] confusion\n|\n|-heal|p1a: Ferrothorn|24\/100|[from] item: Leftovers\n|upkeep\n|turn|30\n|\n|t:|1633666124\n|move|p2a: Zapdos|Hurricane|p1a: Ferrothorn\n|-damage|p1a: Ferrothorn|0 fnt\n|faint|p1a: Ferrothorn\n|\n|upkeep\n|\n|t:|1633666126\n|switch|p1a: Tapu Lele|Tapu Lele|32\/100\n|-damage|p1a: Tapu Lele|19\/100|[from] Spikes\n|-fieldstart|move: Psychic Terrain|[from] ability: Psychic Surge|[of] p1a: Tapu Lele\n|turn|31\n|\n|t:|1633666132\n|switch|p2a: Magnezone|Magnezone|76\/100\n|-damage|p2a: Magnezone|63\/100|[from] Spikes\n|move|p1a: Tapu Lele|Psychic|p2a: Magnezone\n|-resisted|p2a: Magnezone\n|-damage|p2a: Magnezone|3\/100\n|\n|upkeep\n|turn|32\n|\n|t:|1633666143\n|switch|p1a: Tapu Fini|Tapu Fini|86\/100\n|-damage|p1a: Tapu Fini|73\/100|[from] Spikes\n|-fieldstart|move: Misty Terrain|[from] ability: Misty Surge|[of] p1a: Tapu Fini\n|move|p2a: Magnezone|Thunderbolt|p1a: Tapu Fini\n|-supereffective|p1a: Tapu Fini\n|-damage|p1a: Tapu Fini|0 fnt\n|faint|p1a: Tapu Fini\n|\n|upkeep\n|\n|t:|1633666146\n|switch|p1a: Blaziken|Blaziken, M|91\/100\n|-damage|p1a: Blaziken|78\/100|[from] Spikes\n|turn|33\n|\n|t:|1633666155\n|move|p1a: Blaziken|Protect|p1a: Blaziken\n|-singleturn|p1a: Blaziken|Protect\n|move|p2a: Magnezone|Thunderbolt|p1a: Blaziken\n|-activate|p1a: Blaziken|move: Protect\n|\n|-ability|p1a: Blaziken|Speed Boost|boost\n|-boost|p1a: Blaziken|spe|1\n|upkeep\n|turn|34\n|\n|t:|1633666169\n|move|p1a: Blaziken|Knock Off|p2a: Magnezone\n|-damage|p2a: Magnezone|0 fnt\n|-enditem|p2a: Magnezone|Choice Scarf|[from] move: Knock Off|[of] p1a: Blaziken\n|faint|p2a: Magnezone\n|-damage|p1a: Blaziken|68\/100|[from] item: Life Orb\n|\n|-ability|p1a: Blaziken|Speed Boost|boost\n|-boost|p1a: Blaziken|spe|1\n|upkeep\n|\n|t:|1633666176\n|switch|p2a: Zapdos|Zapdos|66\/100\n|turn|35\n|\n|t:|1633666183\n|move|p1a: Blaziken|Flare Blitz|p2a: Zapdos\n|-damage|p2a: Zapdos|0 fnt\n|faint|p2a: Zapdos\n|-damage|p1a: Blaziken|41\/100|[from] Recoil\n|-damage|p1a: Blaziken|31\/100|[from] item: Life Orb\n|\n|-ability|p1a: Blaziken|Speed Boost|boost\n|-boost|p1a: Blaziken|spe|1\n|upkeep\n|\n|t:|1633666192\n|switch|p2a: Make it double|Azumarill, M|44\/100\n|-damage|p2a: Make it double|32\/100|[from] Spikes\n|turn|36\n|\n|t:|1633666196\n|move|p1a: Blaziken|Protect|p1a: Blaziken\n|-singleturn|p1a: Blaziken|Protect\n|move|p2a: Make it double|Aqua Jet|p1a: Blaziken\n|-activate|p1a: Blaziken|move: Protect\n|\n|-fieldend|Misty Terrain\n|-ability|p1a: Blaziken|Speed Boost|boost\n|-boost|p1a: Blaziken|spe|1\n|upkeep\n|turn|37\n|inactive|Flyingtaco42 has 120 seconds left.\n|\n|t:|1633666235\n|switch|p1a: Tapu Lele|Tapu Lele|19\/100\n|-damage|p1a: Tapu Lele|7\/100|[from] Spikes\n|-fieldstart|move: Psychic Terrain|[from] ability: Psychic Surge|[of] p1a: Tapu Lele\n|switch|p2a: Ferrothorn|Ferrothorn, M|41\/100\n|-damage|p2a: Ferrothorn|28\/100|[from] Spikes\n|\n|-heal|p2a: Ferrothorn|35\/100|[from] item: Leftovers\n|upkeep\n|turn|38\n|\n|t:|1633666247\n|move|p2a: Ferrothorn|Protect|p2a: Ferrothorn\n|-singleturn|p2a: Ferrothorn|Protect\n|move|p1a: Tapu Lele|Psychic|p2a: Ferrothorn\n|-activate|p2a: Ferrothorn|move: Protect\n|\n|-heal|p2a: Ferrothorn|41\/100|[from] item: Leftovers\n|upkeep\n|turn|39\n|c|\u2606cows123p|gg\n|c|\u2606cows123p|that last double was nerve wracking\n|\n|t:|1633666265\n|move|p1a: Tapu Lele|Psychic|p2a: Ferrothorn\n|-resisted|p2a: Ferrothorn\n|-damage|p2a: Ferrothorn|10\/100\n|move|p2a: Ferrothorn|Leech Seed|p1a: Tapu Lele|[miss]\n|-miss|p2a: Ferrothorn|p1a: Tapu Lele\n|\n|-heal|p2a: Ferrothorn|17\/100|[from] item: Leftovers\n|upkeep\n|turn|40\n|\n|t:|1633666274\n|move|p2a: Ferrothorn|Protect|p2a: Ferrothorn\n|-singleturn|p2a: Ferrothorn|Protect\n|move|p1a: Tapu Lele|Psychic|p2a: Ferrothorn\n|-activate|p2a: Ferrothorn|move: Protect\n|\n|-heal|p2a: Ferrothorn|23\/100|[from] item: Leftovers\n|upkeep\n|turn|41\n|c|\u2606Flyingtaco42|Yeah gg\n|\n|t:|1633666281\n|move|p1a: Tapu Lele|Psychic|p2a: Ferrothorn\n|-resisted|p2a: Ferrothorn\n|-damage|p2a: Ferrothorn|0 fnt\n|faint|p2a: Ferrothorn\n|\n|-fieldend|move: Psychic Terrain\n|upkeep\n|\n|t:|1633666286\n|switch|p2a: Make it double|Azumarill, M|32\/100\n|-damage|p2a: Make it double|19\/100|[from] Spikes\n|turn|42\n|\n|t:|1633666291\n|move|p2a: Make it double|Aqua Jet|p1a: Tapu Lele\n|-damage|p1a: Tapu Lele|0 fnt\n|faint|p1a: Tapu Lele\n|\n|upkeep\n|-message|Flyingtaco42 forfeited.\n|\n|win|cows123p\n|raw|Flyingtaco42's rating: 1851 &rarr; <strong>1831<\/strong><br \/>(-20 for losing)\n|raw|cows123p's rating: 1853 &rarr; <strong>1873<\/strong><br \/>(+20 for winning)\n|l|\u2606Flyingtaco42\n","uploadtime":1633666303,"views":53,"p1id":"flyingtaco42","p2id":"cows123p","formatid":"gen8ou","rating":1831,"private":0,"password":null}