{"id":"gen8nationaldex-1694946988","p1":"ChandosH","p2":"slysly","format":"gen8nationaldex","log":"|j|\u2606ChandosH\n|j|\u2606slysly\n|t:|1666745698\n|gametype|singles\n|player|p1|ChandosH|n-masters|1549\n|player|p2|slysly|265|1666\n|teamsize|p1|6\n|teamsize|p2|6\n|gen|8\n|tier|[Gen 8] National Dex\n|rated|\n|rule|HP Percentage Mod: HP is shown in percentages\n|rule|Endless Battle Clause: Forcing endless battles is banned\n|rule|OHKO Clause: OHKO moves are banned\n|rule|Evasion Moves Clause: Evasion moves are banned\n|rule|Species Clause: Limit one of each Pok\u00e9mon\n|rule|Dynamax Clause: You cannot dynamax\n|rule|Sleep Clause Mod: Limit one foe put to sleep\n|clearpoke\n|poke|p1|Greninja, M|\n|poke|p1|Weavile, F|\n|poke|p1|Charizard, M|\n|poke|p1|Nihilego|\n|poke|p1|Kartana|\n|poke|p1|Tapu Lele|\n|poke|p2|Lopunny, M|\n|poke|p2|Corviknight, M|\n|poke|p2|Hippowdon, M|\n|poke|p2|Blissey, F|\n|poke|p2|Zapdos|\n|poke|p2|Latias, F|\n|teampreview\n|inactive|Battle timer is ON: inactive players will automatically lose when time's up. (requested by ChandosH)\n|\n|t:|1666745716\n|start\n|switch|p1a: Greninja|Greninja, M|100\/100\n|switch|p2a: Lopunny|Lopunny, M|100\/100\n|turn|1\n|\n|t:|1666745725\n|switch|p1a: Kartana|Kartana|100\/100\n|detailschange|p2a: Lopunny|Lopunny-Mega, M\n|-mega|p2a: Lopunny|Lopunny|Lopunnite\n|move|p2a: Lopunny|Fake Out|p1a: Kartana\n|-resisted|p1a: Kartana\n|-damage|p1a: Kartana|89\/100\n|\n|upkeep\n|turn|2\n|\n|t:|1666745736\n|switch|p1a: Charizard|Charizard, M|100\/100\n|switch|p2a: Corviknight|Corviknight, M|100\/100\n|-ability|p2a: Corviknight|Pressure\n|\n|upkeep\n|turn|3\n|\n|t:|1666745754\n|switch|p2a: Blissey|Blissey, F|100\/100\n|detailschange|p1a: Charizard|Charizard-Mega-X, M\n|-mega|p1a: Charizard|Charizard|Charizardite X\n|move|p1a: Charizard|Flare Blitz|p2a: Blissey\n|-damage|p2a: Blissey|14\/100\n|-damage|p1a: Charizard|38\/100|[from] Recoil\n|\n|upkeep\n|turn|4\n|\n|t:|1666745762\n|move|p1a: Charizard|Dragon Claw|p2a: Blissey\n|-damage|p2a: Blissey|0 fnt\n|faint|p2a: Blissey\n|\n|upkeep\n|\n|t:|1666745766\n|switch|p2a: Lopunny|Lopunny-Mega, M|100\/100\n|turn|5\n|\n|t:|1666745791\n|switch|p1a: Kartana|Kartana|89\/100\n|move|p2a: Lopunny|Return|p1a: Kartana\n|-resisted|p1a: Kartana\n|-damage|p1a: Kartana|62\/100\n|\n|upkeep\n|turn|6\n|\n|t:|1666745800\n|switch|p2a: Corviknight|Corviknight, M|100\/100\n|-ability|p2a: Corviknight|Pressure\n|move|p1a: Kartana|Knock Off|p2a: Corviknight\n|-damage|p2a: Corviknight|75\/100\n|-damage|p1a: Kartana|45\/100|[from] item: Rocky Helmet|[of] p2a: Corviknight\n|-enditem|p2a: Corviknight|Rocky Helmet|[from] move: Knock Off|[of] p1a: Kartana\n|\n|upkeep\n|turn|7\n|\n|t:|1666745816\n|switch|p1a: Greninja|Greninja, M|100\/100\n|move|p2a: Corviknight|U-turn|p1a: Greninja\n|-supereffective|p1a: Greninja\n|-damage|p1a: Greninja|44\/100\n|\n|t:|1666745824\n|switch|p2a: Lopunny|Lopunny-Mega, M|100\/100|[from]move: U-turn\n|\n|upkeep\n|turn|8\n|\n|t:|1666745833\n|move|p2a: Lopunny|Return|p1a: Greninja\n|-damage|p1a: Greninja|0 fnt\n|faint|p1a: Greninja\n|\n|upkeep\n|\n|t:|1666745852\n|switch|p1a: Tapu Lele|Tapu Lele|100\/100\n|-fieldstart|move: Psychic Terrain|[from] ability: Psychic Surge|[of] p1a: Tapu Lele\n|turn|9\n|\n|t:|1666745866\n|switch|p2a: Latias|Latias, F|100\/100\n|move|p1a: Tapu Lele|Calm Mind|p1a: Tapu Lele\n|-boost|p1a: Tapu Lele|spa|1\n|-boost|p1a: Tapu Lele|spd|1\n|\n|-status|p2a: Latias|brn|[from] item: Flame Orb\n|upkeep\n|turn|10\n|\n|t:|1666745871\n|move|p2a: Latias|Calm Mind|p2a: Latias\n|-boost|p2a: Latias|spa|1\n|-boost|p2a: Latias|spd|1\n|move|p1a: Tapu Lele|Moonblast|p2a: Latias\n|-supereffective|p2a: Latias\n|-damage|p2a: Latias|24\/100 brn\n|\n|-damage|p2a: Latias|18\/100 brn|[from] brn\n|upkeep\n|turn|11\n|\n|t:|1666745882\n|move|p2a: Latias|Calm Mind|p2a: Latias\n|-boost|p2a: Latias|spa|1\n|-boost|p2a: Latias|spd|1\n|move|p1a: Tapu Lele|Moonblast|p2a: Latias\n|-supereffective|p2a: Latias\n|-damage|p2a: Latias|0 fnt\n|faint|p2a: Latias\n|\n|upkeep\n|\n|t:|1666745895\n|switch|p2a: Lopunny|Lopunny-Mega, M|100\/100\n|turn|12\n|c|\u2606ChandosH|weird set\n|c|\u2606ChandosH|you could of used like refresh\n|\n|t:|1666745908\n|move|p2a: Lopunny|U-turn|p1a: Tapu Lele\n|-damage|p1a: Tapu Lele|60\/100\n|\n|t:|1666745914\n|switch|p2a: Corviknight|Corviknight, M|75\/100|[from]move: U-turn\n|-ability|p2a: Corviknight|Pressure\n|move|p1a: Tapu Lele|Psyshock|p2a: Corviknight\n|-resisted|p2a: Corviknight\n|-damage|p2a: Corviknight|44\/100\n|\n|upkeep\n|turn|13\n|\n|t:|1666745931\n|move|p1a: Tapu Lele|Focus Blast|p2a: Corviknight|[miss]\n|-miss|p1a: Tapu Lele|p2a: Corviknight\n|move|p2a: Corviknight|Roost|p2a: Corviknight\n|-heal|p2a: Corviknight|94\/100\n|-singleturn|p2a: Corviknight|move: Roost\n|\n|-fieldend|move: Psychic Terrain\n|upkeep\n|turn|14\n|\n|t:|1666745936\n|move|p1a: Tapu Lele|Focus Blast|p2a: Corviknight|[miss]\n|-miss|p1a: Tapu Lele|p2a: Corviknight\n|move|p2a: Corviknight|U-turn|p1a: Tapu Lele\n|-damage|p1a: Tapu Lele|36\/100\n|\n|t:|1666745939\n|switch|p2a: Lopunny|Lopunny-Mega, M|100\/100|[from]move: U-turn\n|\n|upkeep\n|turn|15\n|\n|t:|1666745954\n|move|p2a: Lopunny|Return|p1a: Tapu Lele\n|-damage|p1a: Tapu Lele|0 fnt\n|faint|p1a: Tapu Lele\n|\n|upkeep\n|\n|t:|1666745962\n|switch|p1a: Kartana|Kartana|45\/100\n|turn|16\n|\n|t:|1666745986\n|switch|p2a: Corviknight|Corviknight, M|94\/100\n|-ability|p2a: Corviknight|Pressure\n|move|p1a: Kartana|Sacred Sword|p2a: Corviknight\n|-damage|p2a: Corviknight|66\/100\n|\n|upkeep\n|turn|17\n|c|\u2606slysly|Then I lose a move slot\n|inactive|ChandosH has 120 seconds left.\n|\n|t:|1666746027\n|switch|p1a: Nihilego|Nihilego|100\/100\n|move|p2a: Corviknight|U-turn|p1a: Nihilego\n|-resisted|p1a: Nihilego\n|-damage|p1a: Nihilego|91\/100\n|c|\u2606slysly|Also doesn\u2019t beat toxic spam\n|\n|t:|1666746033\n|switch|p2a: Hippowdon|Hippowdon, M|100\/100|[from]move: U-turn\n|-weather|Sandstorm|[from] ability: Sand Stream|[of] p2a: Hippowdon\n|\n|-weather|Sandstorm|[upkeep]\n|upkeep\n|turn|18\n|inactive|ChandosH has 120 seconds left.\n|\n|t:|1666746042\n|switch|p1a: Kartana|Kartana|45\/100\n|move|p2a: Hippowdon|Earthquake|p1a: Kartana\n|-damage|p1a: Kartana|0 fnt\n|faint|p1a: Kartana\n|\n|-weather|Sandstorm|[upkeep]\n|upkeep\n|\n|t:|1666746046\n|switch|p1a: Weavile|Weavile, F|100\/100\n|-ability|p1a: Weavile|Pressure\n|turn|19\n|\n|t:|1666746061\n|switch|p2a: Corviknight|Corviknight, M|66\/100\n|-ability|p2a: Corviknight|Pressure\n|move|p1a: Weavile|Triple Axel|p2a: Corviknight\n|-damage|p2a: Corviknight|60\/100\n|-damage|p2a: Corviknight|47\/100\n|-damage|p2a: Corviknight|27\/100\n|-hitcount|p2a: Corviknight|3\n|\n|-weather|Sandstorm|[upkeep]\n|-damage|p1a: Weavile|94\/100|[from] Sandstorm\n|upkeep\n|turn|20\n|\n|t:|1666746073\n|move|p1a: Weavile|Triple Axel|p2a: Corviknight\n|-damage|p2a: Corviknight|21\/100\n|-damage|p2a: Corviknight|8\/100\n|-damage|p2a: Corviknight|0 fnt\n|faint|p2a: Corviknight\n|-hitcount|p2: Corviknight|3\n|\n|-weather|Sandstorm|[upkeep]\n|-damage|p1a: Weavile|88\/100|[from] Sandstorm\n|upkeep\n|\n|t:|1666746078\n|switch|p2a: Lopunny|Lopunny-Mega, M|100\/100\n|turn|21\n|\n|t:|1666746097\n|switch|p1a: Charizard|Charizard-Mega-X, M|38\/100\n|move|p2a: Lopunny|U-turn|p1a: Charizard\n|-resisted|p1a: Charizard\n|-damage|p1a: Charizard|25\/100\n|\n|t:|1666746102\n|switch|p2a: Hippowdon|Hippowdon, M|100\/100|[from]move: U-turn\n|\n|-weather|none\n|upkeep\n|turn|22\n|c|\u2606ChandosH|o\n|\n|t:|1666746125\n|switch|p2a: Zapdos|Zapdos|100\/100\n|-ability|p2a: Zapdos|Pressure\n|move|p1a: Charizard|Dragon Claw|p2a: Zapdos\n|-damage|p2a: Zapdos|44\/100\n|\n|-heal|p2a: Zapdos|50\/100|[from] item: Leftovers\n|upkeep\n|turn|23\n|\n|t:|1666746132\n|move|p2a: Zapdos|Roost|p2a: Zapdos\n|-heal|p2a: Zapdos|99\/100\n|-singleturn|p2a: Zapdos|move: Roost\n|move|p1a: Charizard|Dragon Claw|p2a: Zapdos\n|-damage|p2a: Zapdos|47\/100\n|\n|-heal|p2a: Zapdos|53\/100|[from] item: Leftovers\n|upkeep\n|turn|24\n|\n|t:|1666746143\n|move|p1a: Charizard|Flare Blitz|p2a: Zapdos\n|-damage|p2a: Zapdos|0 fnt\n|faint|p2a: Zapdos\n|-damage|p1a: Charizard|3\/100|[from] Recoil\n|\n|upkeep\n|\n|t:|1666746148\n|switch|p2a: Lopunny|Lopunny-Mega, M|100\/100\n|turn|25\n|\n|t:|1666746158\n|move|p2a: Lopunny|Return|p1a: Charizard\n|-damage|p1a: Charizard|0 fnt\n|faint|p1a: Charizard\n|\n|upkeep\n|\n|t:|1666746164\n|switch|p1a: Nihilego|Nihilego|91\/100\n|turn|26\n|\n|t:|1666746180\n|switch|p2a: Hippowdon|Hippowdon, M|100\/100\n|-weather|Sandstorm|[from] ability: Sand Stream|[of] p2a: Hippowdon\n|switch|p1a: Weavile|Weavile, F|88\/100\n|-ability|p1a: Weavile|Pressure\n|\n|-weather|Sandstorm|[upkeep]\n|-damage|p1a: Weavile|82\/100|[from] Sandstorm\n|upkeep\n|turn|27\n|\n|t:|1666746187\n|move|p1a: Weavile|Triple Axel|p2a: Hippowdon\n|-supereffective|p2a: Hippowdon\n|-damage|p2a: Hippowdon|85\/100\n|-supereffective|p2a: Hippowdon\n|-damage|p2a: Hippowdon|54\/100\n|-supereffective|p2a: Hippowdon\n|-damage|p2a: Hippowdon|2\/100\n|-hitcount|p2a: Hippowdon|3\n|move|p2a: Hippowdon|Earthquake|p1a: Weavile\n|-damage|p1a: Weavile|0 fnt\n|faint|p1a: Weavile\n|\n|-weather|Sandstorm|[upkeep]\n|upkeep\n|\n|t:|1666746194\n|switch|p1a: Nihilego|Nihilego|91\/100\n|turn|28\n|inactive|ChandosH has 120 seconds left.\n|\n|t:|1666746226\n|move|p1a: Nihilego|Meteor Beam||[still]\n|-prepare|p1a: Nihilego|Meteor Beam\n|-boost|p1a: Nihilego|spa|1\n|-enditem|p1a: Nihilego|Power Herb\n|-anim|p1a: Nihilego|Meteor Beam|p2a: Hippowdon\n|-resisted|p2a: Hippowdon\n|-damage|p2a: Hippowdon|0 fnt\n|faint|p2a: Hippowdon\n|-ability|p1a: Nihilego|Beast Boost|boost\n|-boost|p1a: Nihilego|spe|1\n|\n|-weather|Sandstorm|[upkeep]\n|upkeep\n|\n|t:|1666746229\n|switch|p2a: Lopunny|Lopunny-Mega, M|100\/100\n|turn|29\n|\n|t:|1666746239\n|move|p1a: Nihilego|Sludge Wave|p2a: Lopunny\n|-damage|p2a: Lopunny|19\/100\n|-status|p2a: Lopunny|psn\n|move|p2a: Lopunny|Close Combat|p1a: Nihilego\n|-damage|p1a: Nihilego|0 fnt\n|-unboost|p2a: Lopunny|def|1\n|-unboost|p2a: Lopunny|spd|1\n|faint|p1a: Nihilego\n|\n|win|slysly\n|raw|ChandosH's rating: 1549 &rarr; <strong>1535<\/strong><br \/>(-14 for losing)\n|raw|slysly's rating: 1666 &rarr; <strong>1680<\/strong><br \/>(+14 for winning)\n|c|\u2606ChandosH|o gg\n|l|\u2606slysly\n","uploadtime":1666746259,"views":5,"p1id":"chandosh","p2id":"slysly","formatid":"gen8nationaldex","rating":1535,"private":0,"password":null}