{"id":"gen8ou-1697716463","p1":"Tem-Pokemonlover","p2":"Shinjou Akane","format":"gen8ou","log":"|j|\u2606Tem-Pokemonlover\n|j|\u2606Shinjou Akane\n|t:|1667031399\n|gametype|singles\n|player|p1|Tem-Pokemonlover|colress|1329\n|player|p2|Shinjou Akane|nurse|1444\n|teamsize|p1|6\n|teamsize|p2|6\n|gen|8\n|tier|[Gen 8] OU\n|rated|\n|rule|Sleep Clause Mod: Limit one foe put to sleep\n|rule|Species Clause: Limit one of each Pok\u00e9mon\n|rule|OHKO Clause: OHKO moves are banned\n|rule|Evasion Items Clause: Evasion items are banned\n|rule|Evasion Moves Clause: Evasion moves are banned\n|rule|Endless Battle Clause: Forcing endless battles is banned\n|rule|HP Percentage Mod: HP is shown in percentages\n|rule|Dynamax Clause: You cannot dynamax\n|clearpoke\n|poke|p1|Barraskewda, M|\n|poke|p1|Pelipper, M|\n|poke|p1|Corviknight, F|\n|poke|p1|Magnezone|\n|poke|p1|Volcanion|\n|poke|p1|Landorus-Therian, M|\n|poke|p2|Klefki, M|\n|poke|p2|Nidoking, M|\n|poke|p2|Urshifu-*, M|\n|poke|p2|Kartana|\n|poke|p2|Tapu Fini|\n|poke|p2|Landorus-Therian, M|\n|teampreview\n|\n|t:|1667031410\n|start\n|switch|p1a: Pelipper|Pelipper, M|100\/100\n|switch|p2a: Nidoking|Nidoking, M|100\/100\n|-weather|RainDance|[from] ability: Drizzle|[of] p1a: Pelipper\n|turn|1\n|\n|t:|1667031414\n|switch|p1a: Landorus|Landorus-Therian, M|100\/100\n|-ability|p1a: Landorus|Intimidate|boost\n|-unboost|p2a: Nidoking|atk|1\n|move|p2a: Nidoking|Sludge Wave|p1a: Landorus\n|-resisted|p1a: Landorus\n|-damage|p1a: Landorus|63\/100\n|\n|-weather|RainDance|[upkeep]\n|-heal|p1a: Landorus|70\/100|[from] item: Leftovers\n|upkeep\n|turn|2\n|\n|t:|1667031419\n|move|p2a: Nidoking|Ice Beam|p1a: Landorus\n|-supereffective|p1a: Landorus\n|-damage|p1a: Landorus|0 fnt\n|faint|p1a: Landorus\n|\n|-weather|RainDance|[upkeep]\n|upkeep\n|\n|t:|1667031422\n|switch|p1a: Barraskewda|Barraskewda, M|100\/100\n|turn|3\n|\n|t:|1667031426\n|switch|p2a: Tapu Fini|Tapu Fini, shiny|100\/100\n|-fieldstart|move: Misty Terrain|[from] ability: Misty Surge|[of] p2a: Tapu Fini\n|move|p1a: Barraskewda|Liquidation|p2a: Tapu Fini\n|-resisted|p2a: Tapu Fini\n|-damage|p2a: Tapu Fini|42\/100\n|\n|-weather|RainDance|[upkeep]\n|upkeep\n|turn|4\n|\n|t:|1667031429\n|move|p1a: Barraskewda|Liquidation|p2a: Tapu Fini\n|-resisted|p2a: Tapu Fini\n|-crit|p2a: Tapu Fini\n|-damage|p2a: Tapu Fini|0 fnt\n|faint|p2a: Tapu Fini\n|\n|-weather|RainDance|[upkeep]\n|upkeep\n|\n|t:|1667031432\n|switch|p2a: Kartana|Kartana|100\/100\n|turn|5\n|\n|t:|1667031437\n|switch|p1a: Corviknight|Corviknight, F|100\/100\n|-ability|p1a: Corviknight|Pressure\n|switch|p2a: Nidoking|Nidoking, M|100\/100\n|\n|-weather|none\n|upkeep\n|turn|6\n|\n|t:|1667031446\n|switch|p1a: Magnezone|Magnezone|100\/100\n|move|p2a: Nidoking|Sludge Wave|p1a: Magnezone\n|-immune|p1a: Magnezone\n|\n|upkeep\n|turn|7\n|\n|t:|1667031452\n|switch|p1a: Corviknight|Corviknight, F|100\/100\n|-ability|p1a: Corviknight|Pressure\n|move|p2a: Nidoking|Earth Power|p1a: Corviknight\n|-immune|p1a: Corviknight\n|\n|-fieldend|Misty Terrain\n|upkeep\n|turn|8\n|\n|t:|1667031457\n|move|p2a: Nidoking|Flamethrower|p1a: Corviknight\n|-supereffective|p1a: Corviknight\n|-damage|p1a: Corviknight|16\/100\n|move|p1a: Corviknight|U-turn|p2a: Nidoking\n|-resisted|p2a: Nidoking\n|-damage|p2a: Nidoking|90\/100\n|\n|t:|1667031466\n|switch|p1a: Barraskewda|Barraskewda, M|100\/100|[from]move: U-turn\n|\n|upkeep\n|turn|9\n|\n|t:|1667031471\n|switch|p2a: Kartana|Kartana|100\/100\n|move|p1a: Barraskewda|Flip Turn|p2a: Kartana\n|-resisted|p2a: Kartana\n|-damage|p2a: Kartana|74\/100\n|\n|t:|1667031478\n|switch|p1a: Magnezone|Magnezone|100\/100|[from]move: Flip Turn\n|\n|upkeep\n|turn|10\n|\n|t:|1667031483\n|move|p2a: Kartana|Sacred Sword|p1a: Magnezone\n|-supereffective|p1a: Magnezone\n|-damage|p1a: Magnezone|29\/100\n|move|p1a: Magnezone|Body Press|p2a: Kartana\n|-supereffective|p2a: Kartana\n|-damage|p2a: Kartana|16\/100\n|\n|upkeep\n|turn|11\n|\n|t:|1667031490\n|move|p2a: Kartana|Sacred Sword|p1a: Magnezone\n|-supereffective|p1a: Magnezone\n|-damage|p1a: Magnezone|0 fnt\n|faint|p1a: Magnezone\n|-ability|p2a: Kartana|Beast Boost|boost\n|-boost|p2a: Kartana|atk|1\n|\n|upkeep\n|\n|t:|1667031497\n|switch|p1a: Barraskewda|Barraskewda, M|100\/100\n|turn|12\n|\n|t:|1667031500\n|move|p1a: Barraskewda|Aqua Jet|p2a: Kartana\n|-resisted|p2a: Kartana\n|-damage|p2a: Kartana|0 fnt\n|faint|p2a: Kartana\n|\n|upkeep\n|\n|t:|1667031502\n|switch|p2a: Urshifu|Urshifu-Rapid-Strike, M|100\/100\n|turn|13\n|\n|t:|1667031505\n|switch|p1a: Corviknight|Corviknight, F|16\/100\n|-ability|p1a: Corviknight|Pressure\n|move|p2a: Urshifu|U-turn|p1a: Corviknight\n|-resisted|p1a: Corviknight\n|-damage|p1a: Corviknight|11\/100\n|-damage|p2a: Urshifu|84\/100|[from] item: Rocky Helmet|[of] p1a: Corviknight\n|\n|t:|1667031511\n|switch|p2a: Nidoking|Nidoking, M|90\/100|[from]move: U-turn\n|\n|upkeep\n|turn|14\n|\n|t:|1667031515\n|move|p2a: Nidoking|Ice Beam|p1a: Corviknight\n|-damage|p1a: Corviknight|0 fnt\n|faint|p1a: Corviknight\n|\n|upkeep\n|\n|t:|1667031518\n|switch|p1a: Pelipper|Pelipper, M|100\/100\n|-weather|RainDance|[from] ability: Drizzle|[of] p1a: Pelipper\n|turn|15\n|\n|t:|1667031535\n|move|p2a: Nidoking|Sludge Wave|p1a: Pelipper\n|-damage|p1a: Pelipper|0 fnt\n|faint|p1a: Pelipper\n|\n|-weather|RainDance|[upkeep]\n|upkeep\n|\n|t:|1667031537\n|switch|p1a: Barraskewda|Barraskewda, M|100\/100\n|turn|16\n|\n|t:|1667031540\n|move|p1a: Barraskewda|Liquidation|p2a: Nidoking\n|-supereffective|p2a: Nidoking\n|-damage|p2a: Nidoking|0 fnt\n|faint|p2a: Nidoking\n|\n|-weather|RainDance|[upkeep]\n|upkeep\n|\n|t:|1667031542\n|switch|p2a: Urshifu|Urshifu-Rapid-Strike, M|84\/100\n|turn|17\n|\n|t:|1667031544\n|move|p1a: Barraskewda|Liquidation|p2a: Urshifu\n|-resisted|p2a: Urshifu\n|-damage|p2a: Urshifu|35\/100\n|move|p2a: Urshifu|Close Combat|p1a: Barraskewda\n|-damage|p1a: Barraskewda|0 fnt\n|-unboost|p2a: Urshifu|def|1\n|-unboost|p2a: Urshifu|spd|1\n|faint|p1a: Barraskewda\n|\n|-weather|RainDance|[upkeep]\n|upkeep\n|\n|t:|1667031547\n|switch|p1a: Volcanion|Volcanion|100\/100\n|turn|18\n|\n|t:|1667031549\n|move|p2a: Urshifu|Close Combat|p1a: Volcanion\n|-damage|p1a: Volcanion|21\/100\n|-unboost|p2a: Urshifu|def|1\n|-unboost|p2a: Urshifu|spd|1\n|move|p1a: Volcanion|Steam Eruption|p2a: Urshifu\n|-resisted|p2a: Urshifu\n|-damage|p2a: Urshifu|0 fnt\n|faint|p2a: Urshifu\n|\n|-weather|RainDance|[upkeep]\n|upkeep\n|\n|t:|1667031552\n|switch|p2a: Klefki|Klefki, M|100\/100\n|turn|19\n|-message|Tem-Pokemonlover forfeited.\n|\n|win|Shinjou Akane\n|raw|Tem-Pokemonlover's rating: 1329 &rarr; <strong>1315<\/strong><br \/>(-14 for losing)\n|raw|Shinjou Akane's rating: 1444 &rarr; <strong>1458<\/strong><br \/>(+14 for winning)\n|l|\u2606Tem-Pokemonlover\n","uploadtime":1667031557,"views":10,"p1id":"tempokemonlover","p2id":"shinjouakane","formatid":"gen8ou","rating":1315,"private":0,"password":null}