{"id":"gen8ou-1630812134","p1":"TSwizzle55","p2":"jeandonis02","format":"gen8ou","log":"|j|\u2606TSwizzle55\n|j|\u2606jeandonis02\n|t:|1659467309\n|gametype|singles\n|player|p1|TSwizzle55|caitlin|1556\n|player|p2|jeandonis02|lucas|1618\n|teamsize|p1|6\n|teamsize|p2|6\n|gen|8\n|tier|[Gen 8] OU\n|rated|\n|rule|Sleep Clause Mod: Limit one foe put to sleep\n|rule|Species Clause: Limit one of each Pok\u00e9mon\n|rule|OHKO Clause: OHKO moves are banned\n|rule|Evasion Moves Clause: Evasion moves are banned\n|rule|Endless Battle Clause: Forcing endless battles is banned\n|rule|HP Percentage Mod: HP is shown in percentages\n|rule|Dynamax Clause: You cannot dynamax\n|clearpoke\n|poke|p1|Avalugg, M|\n|poke|p1|Dragapult, F|\n|poke|p1|Swampert, M|\n|poke|p1|Tapu Koko|\n|poke|p1|Ferrothorn, M|\n|poke|p1|Blaziken, M|\n|poke|p2|Zeraora|\n|poke|p2|Toxapex, F|\n|poke|p2|Garchomp, M|\n|poke|p2|Rotom-Wash|\n|poke|p2|Ferrothorn, M|\n|poke|p2|Charizard, F|\n|teampreview\n|\n|t:|1659467319\n|start\n|switch|p1a: Blaziken|Blaziken, M|100\/100\n|switch|p2a: Ferrothorn|Ferrothorn, M|100\/100\n|turn|1\n|\n|t:|1659467324\n|switch|p2a: Toxapex|Toxapex, F|100\/100\n|move|p1a: Blaziken|U-turn|p2a: Toxapex\n|-resisted|p2a: Toxapex\n|-damage|p2a: Toxapex|94\/100\n|\n|t:|1659467327\n|switch|p1a: Tapu Koko|Tapu Koko|100\/100|[from]move: U-turn\n|-fieldstart|move: Electric Terrain|[from] ability: Electric Surge|[of] p1a: Tapu Koko\n|\n|-heal|p2a: Toxapex|100\/100|[from] item: Black Sludge\n|upkeep\n|turn|2\n|\n|t:|1659467330\n|move|p1a: Tapu Koko|Taunt|p2a: Toxapex\n|-start|p2a: Toxapex|move: Taunt\n|cant|p2a: Toxapex|move: Taunt|Toxic\n|\n|upkeep\n|turn|3\n|\n|t:|1659467333\n|move|p1a: Tapu Koko|Dazzling Gleam|p2a: Toxapex\n|-resisted|p2a: Toxapex\n|-damage|p2a: Toxapex|89\/100\n|move|p2a: Toxapex|Scald|p1a: Tapu Koko\n|-damage|p1a: Tapu Koko|76\/100\n|\n|-heal|p2a: Toxapex|96\/100|[from] item: Black Sludge\n|upkeep\n|turn|4\n|\n|t:|1659467338\n|move|p1a: Tapu Koko|Thunderbolt|p2a: Toxapex\n|-supereffective|p2a: Toxapex\n|-damage|p2a: Toxapex|28\/100\n|move|p2a: Toxapex|Scald|p1a: Tapu Koko\n|-damage|p1a: Tapu Koko|49\/100\n|\n|-heal|p2a: Toxapex|34\/100|[from] item: Black Sludge\n|-end|p2a: Toxapex|move: Taunt\n|upkeep\n|turn|5\n|\n|t:|1659467346\n|switch|p2a: Ferrothorn|Ferrothorn, M|100\/100\n|move|p1a: Tapu Koko|Thunderbolt|p2a: Ferrothorn\n|-resisted|p2a: Ferrothorn\n|-damage|p2a: Ferrothorn|78\/100\n|\n|-fieldend|move: Electric Terrain\n|upkeep\n|turn|6\n|\n|t:|1659467350\n|switch|p1a: Ferrothorn|Ferrothorn, M|100\/100\n|move|p2a: Ferrothorn|Gyro Ball|p1a: Ferrothorn\n|-resisted|p1a: Ferrothorn\n|-damage|p1a: Ferrothorn|98\/100\n|-damage|p2a: Ferrothorn|66\/100|[from] ability: Iron Barbs|[of] p1a: Ferrothorn\n|-damage|p2a: Ferrothorn|49\/100|[from] item: Rocky Helmet|[of] p1a: Ferrothorn\n|\n|upkeep\n|turn|7\n|\n|t:|1659467353\n|switch|p1a: Blaziken|Blaziken, M|100\/100\n|move|p2a: Ferrothorn|Thunder Wave|p1a: Blaziken\n|-status|p1a: Blaziken|par\n|\n|upkeep\n|turn|8\n|\n|t:|1659467358\n|switch|p2a: Garchomp|Garchomp, M|100\/100\n|move|p1a: Blaziken|Vacuum Wave|p2a: Garchomp\n|-damage|p2a: Garchomp|66\/100\n|\n|-ability|p1a: Blaziken|Speed Boost|boost\n|-boost|p1a: Blaziken|spe|1\n|upkeep\n|turn|9\n|\n|t:|1659467362\n|switch|p1a: Avalugg|Avalugg, M|100\/100\n|move|p2a: Garchomp|Earthquake|p1a: Avalugg\n|-damage|p1a: Avalugg|66\/100\n|\n|upkeep\n|turn|10\n|\n|t:|1659467365\n|switch|p2a: Charizard|Charizard, F|100\/100\n|move|p1a: Avalugg|Recover|p1a: Avalugg\n|-heal|p1a: Avalugg|100\/100\n|\n|upkeep\n|turn|11\n|\n|t:|1659467371\n|switch|p1a: Swampert|Swampert, M|100\/100\n|move|p2a: Charizard|Belly Drum|p2a: Charizard\n|-damage|p2a: Charizard|50\/100\n|-setboost|p2a: Charizard|atk|6|[from] move: Belly Drum\n|-enditem|p2a: Charizard|Sitrus Berry|[eat]\n|-heal|p2a: Charizard|75\/100|[from] item: Sitrus Berry\n|\n|upkeep\n|turn|12\n|inactive|Battle timer is ON: inactive players will automatically lose when time's up. (requested by jeandonis02)\n|\n|t:|1659467383\n|switch|p1a: Ferrothorn|Ferrothorn, M|98\/100\n|move|p2a: Charizard|Acrobatics|p1a: Ferrothorn\n|-damage|p1a: Ferrothorn|9\/100\n|-damage|p2a: Charizard|63\/100|[from] ability: Iron Barbs|[of] p1a: Ferrothorn\n|-damage|p2a: Charizard|46\/100|[from] item: Rocky Helmet|[of] p1a: Ferrothorn\n|\n|upkeep\n|turn|13\n|\n|t:|1659467388\n|move|p2a: Charizard|Flame Charge|p1a: Ferrothorn\n|-supereffective|p1a: Ferrothorn\n|-damage|p1a: Ferrothorn|0 fnt\n|-boost|p2a: Charizard|spe|1\n|-damage|p2a: Charizard|34\/100|[from] ability: Iron Barbs|[of] p1a: Ferrothorn\n|-damage|p2a: Charizard|17\/100|[from] item: Rocky Helmet|[of] p1a: Ferrothorn\n|faint|p1a: Ferrothorn\n|\n|upkeep\n|\n|t:|1659467392\n|switch|p1a: Blaziken|Blaziken, M|100\/100 par\n|turn|14\n|\n|t:|1659467395\n|cant|p1a: Blaziken|par\n|move|p2a: Charizard|Roost|p2a: Charizard\n|-heal|p2a: Charizard|67\/100\n|-singleturn|p2a: Charizard|move: Roost\n|\n|-ability|p1a: Blaziken|Speed Boost|boost\n|-boost|p1a: Blaziken|spe|1\n|upkeep\n|turn|15\n|\n|t:|1659467399\n|move|p2a: Charizard|Acrobatics|p1a: Blaziken\n|-supereffective|p1a: Blaziken\n|-damage|p1a: Blaziken|0 fnt\n|faint|p1a: Blaziken\n|\n|upkeep\n|\n|t:|1659467402\n|switch|p1a: Dragapult|Dragapult, F, shiny|100\/100\n|turn|16\n|\n|t:|1659467407\n|move|p2a: Charizard|Acrobatics|p1a: Dragapult\n|-damage|p1a: Dragapult|0 fnt\n|faint|p1a: Dragapult\n|\n|upkeep\n|c|\u2606TSwizzle55|gg\n|\n|t:|1659467413\n|switch|p1a: Avalugg|Avalugg, M|100\/100\n|turn|17\n|\n|t:|1659467416\n|move|p2a: Charizard|Flame Charge|p1a: Avalugg\n|-supereffective|p1a: Avalugg\n|-damage|p1a: Avalugg|49\/100\n|-boost|p2a: Charizard|spe|1\n|move|p1a: Avalugg|Avalanche|p2a: Charizard\n|-damage|p2a: Charizard|7\/100\n|\n|upkeep\n|turn|18\n|\n|t:|1659467419\n|move|p2a: Charizard|Flame Charge|p1a: Avalugg\n|-supereffective|p1a: Avalugg\n|-damage|p1a: Avalugg|0 fnt\n|-boost|p2a: Charizard|spe|1\n|faint|p1a: Avalugg\n|\n|upkeep\n|\n|t:|1659467422\n|switch|p1a: Swampert|Swampert, M|100\/100\n|turn|19\n|\n|t:|1659467424\n|move|p2a: Charizard|Acrobatics|p1a: Swampert\n|-damage|p1a: Swampert|0 fnt\n|faint|p1a: Swampert\n|\n|upkeep\n|\n|t:|1659467426\n|switch|p1a: Tapu Koko|Tapu Koko|49\/100\n|-fieldstart|move: Electric Terrain|[from] ability: Electric Surge|[of] p1a: Tapu Koko\n|turn|20\n|\n|t:|1659467427\n|move|p2a: Charizard|Flame Charge|p1a: Tapu Koko\n|-damage|p1a: Tapu Koko|0 fnt\n|-boost|p2a: Charizard|spe|1\n|faint|p1a: Tapu Koko\n|\n|win|jeandonis02\n|raw|TSwizzle55's rating: 1556 &rarr; <strong>1540<\/strong><br \/>(-16 for losing)\n|raw|jeandonis02's rating: 1618 &rarr; <strong>1634<\/strong><br \/>(+16 for winning)\n|l|\u2606TSwizzle55\n||Ladder isn't responding, score probably updated but might not have (Request timeout).\n","uploadtime":1659467437,"views":32,"p1id":"tswizzle55","p2id":"jeandonis02","formatid":"gen8ou","rating":1540,"private":0,"password":null}