{"id":"gen8pu-1295914456","p1":"Uberfiend","p2":"PedroGreg","format":"gen8pu","log":"|j|\u2606Uberfiend\n|j|\u2606PedroGreg\n|t:|1615061397\n|player|p1|Uberfiend|pokefan-gen4|1387\n|player|p2|PedroGreg|elesa|1536\n|teamsize|p1|6\n|teamsize|p2|6\n|gametype|singles\n|gen|8\n|tier|[Gen 8] PU\n|rated|\n|clearpoke\n|poke|p1|Whimsicott, F|\n|poke|p1|Scyther, F|\n|poke|p1|Silvally-*|\n|poke|p1|Garbodor, M|\n|poke|p1|Gourgeist-*, F|\n|poke|p1|Braviary, M|\n|poke|p2|Virizion|\n|poke|p2|Stunfisk-Galar, F|\n|poke|p2|Weezing, M|\n|poke|p2|Vaporeon, M|\n|poke|p2|Charizard, F|\n|poke|p2|Gallade, M|\n|rule|Sleep Clause Mod: Limit one foe put to sleep\n|rule|Species Clause: Limit one of each Pok\u00e9mon\n|rule|OHKO Clause: OHKO moves are banned\n|rule|Evasion Moves Clause: Evasion moves are banned\n|rule|Endless Battle Clause: Forcing endless battles is banned\n|rule|HP Percentage Mod: HP is shown in percentages\n|rule|Dynamax Clause: You cannot dynamax\n|teampreview\n|\n|t:|1615061412\n|start\n|switch|p1a: Braviary|Braviary, M|100\/100\n|switch|p2a: Weezing|Weezing, M|100\/100\n|turn|1\n|\n|t:|1615061415\n|move|p1a: Braviary|Brave Bird|p2a: Weezing\n|-damage|p2a: Weezing|43\/100\n|-damage|p1a: Braviary|85\/100|[from] Recoil\n|-damage|p1a: Braviary|75\/100|[from] item: Life Orb\n|move|p2a: Weezing|Will-O-Wisp|p1a: Braviary\n|-status|p1a: Braviary|brn\n|\n|-heal|p2a: Weezing|49\/100|[from] item: Black Sludge\n|-damage|p1a: Braviary|69\/100 brn|[from] brn\n|upkeep\n|turn|2\n|\n|t:|1615061424\n|move|p1a: Braviary|Brave Bird|p2a: Weezing\n|-damage|p2a: Weezing|22\/100\n|-damage|p1a: Braviary|61\/100 brn|[from] Recoil\n|-damage|p1a: Braviary|51\/100 brn|[from] item: Life Orb\n|move|p2a: Weezing|Sludge Bomb|p1a: Braviary\n|-damage|p1a: Braviary|25\/100 brn\n|\n|-heal|p2a: Weezing|28\/100|[from] item: Black Sludge\n|-damage|p1a: Braviary|18\/100 brn|[from] brn\n|upkeep\n|turn|3\n|\n|t:|1615061429\n|move|p1a: Braviary|Roost|p1a: Braviary\n|-heal|p1a: Braviary|68\/100 brn\n|-singleturn|p1a: Braviary|move: Roost\n|move|p2a: Weezing|Sludge Bomb|p1a: Braviary\n|-damage|p1a: Braviary|39\/100 brn\n|\n|-heal|p2a: Weezing|34\/100|[from] item: Black Sludge\n|-damage|p1a: Braviary|33\/100 brn|[from] brn\n|upkeep\n|turn|4\n|\n|t:|1615061432\n|move|p1a: Braviary|Roost|p1a: Braviary\n|-heal|p1a: Braviary|83\/100 brn\n|-singleturn|p1a: Braviary|move: Roost\n|move|p2a: Weezing|Sludge Bomb|p1a: Braviary\n|-damage|p1a: Braviary|56\/100 brn\n|\n|-heal|p2a: Weezing|40\/100|[from] item: Black Sludge\n|-damage|p1a: Braviary|50\/100 brn|[from] brn\n|upkeep\n|turn|5\n|\n|t:|1615061436\n|move|p1a: Braviary|Brave Bird|p2a: Weezing\n|-damage|p2a: Weezing|12\/100\n|-damage|p1a: Braviary|42\/100 brn|[from] Recoil\n|-damage|p1a: Braviary|32\/100 brn|[from] item: Life Orb\n|move|p2a: Weezing|Sludge Bomb|p1a: Braviary\n|-damage|p1a: Braviary|5\/100 brn\n|\n|-heal|p2a: Weezing|18\/100|[from] item: Black Sludge\n|-damage|p1a: Braviary|0 fnt|[from] brn\n|faint|p1a: Braviary\n|upkeep\n|\n|t:|1615061446\n|switch|p1a: Garbodor|Garbodor, M|100\/100\n|turn|6\n|\n|t:|1615061456\n|move|p1a: Garbodor|Gunk Shot|p2a: Weezing\n|-resisted|p2a: Weezing\n|-damage|p2a: Weezing|0 fnt\n|-damage|p1a: Garbodor|91\/100|[from] item: Life Orb\n|faint|p2a: Weezing\n|\n|upkeep\n|\n|t:|1615061469\n|switch|p2a: Stunfisk|Stunfisk-Galar, F|100\/100\n|turn|7\n|\n|t:|1615061477\n|move|p1a: Garbodor|Stomping Tantrum|p2a: Stunfisk\n|-supereffective|p2a: Stunfisk\n|-damage|p2a: Stunfisk|57\/100\n|-damage|p1a: Garbodor|81\/100|[from] item: Life Orb\n|move|p2a: Stunfisk|Earthquake|p1a: Garbodor\n|-supereffective|p1a: Garbodor\n|-damage|p1a: Garbodor|24\/100\n|-ability|p1a: Garbodor|Weak Armor|boost\n|-unboost|p1a: Garbodor|def|1\n|-boost|p1a: Garbodor|spe|2\n|\n|-heal|p2a: Stunfisk|63\/100|[from] item: Leftovers\n|upkeep\n|turn|8\n|\n|t:|1615061485\n|move|p2a: Stunfisk|Protect|p2a: Stunfisk\n|-singleturn|p2a: Stunfisk|Protect\n|move|p1a: Garbodor|Spikes|p2a: Stunfisk\n|-sidestart|p2: PedroGreg|Spikes\n|\n|-heal|p2a: Stunfisk|69\/100|[from] item: Leftovers\n|upkeep\n|turn|9\n|\n|t:|1615061495\n|move|p1a: Garbodor|Stomping Tantrum|p2a: Stunfisk\n|-supereffective|p2a: Stunfisk\n|-crit|p2a: Stunfisk\n|-damage|p2a: Stunfisk|0 fnt\n|-damage|p1a: Garbodor|14\/100|[from] item: Life Orb\n|faint|p2a: Stunfisk\n|\n|upkeep\n|\n|t:|1615061499\n|switch|p2a: Vaporeon|Vaporeon, M|100\/100\n|-damage|p2a: Vaporeon|88\/100|[from] Spikes\n|turn|10\n|\n|t:|1615061504\n|move|p2a: Vaporeon|Protect|p2a: Vaporeon\n|-singleturn|p2a: Vaporeon|Protect\n|move|p1a: Garbodor|Gunk Shot|p2a: Vaporeon\n|-activate|p2a: Vaporeon|move: Protect\n|\n|-heal|p2a: Vaporeon|94\/100|[from] item: Leftovers\n|upkeep\n|turn|11\n|\n|t:|1615061511\n|move|p1a: Garbodor|Gunk Shot|p2a: Vaporeon|[miss]\n|-miss|p1a: Garbodor|p2a: Vaporeon\n|move|p2a: Vaporeon|Scald|p1a: Garbodor\n|-damage|p1a: Garbodor|0 fnt\n|faint|p1a: Garbodor\n|\n|-heal|p2a: Vaporeon|100\/100|[from] item: Leftovers\n|upkeep\n|inactive|Battle timer is ON: inactive players will automatically lose when time's up. (requested by PedroGreg)\n|inactive|Uberfiend has 120 seconds left.\n|inactive|Uberfiend has 90 seconds left.\n|\n|t:|1615061606\n|switch|p1a: Scyther|Scyther, F|100\/100\n|turn|12\n|\n|t:|1615061619\n|move|p1a: Scyther|Swords Dance|p1a: Scyther\n|-boost|p1a: Scyther|atk|2\n|move|p2a: Vaporeon|Scald|p1a: Scyther\n|-damage|p1a: Scyther|69\/100\n|\n|upkeep\n|turn|13\n|\n|t:|1615061629\n|move|p1a: Scyther|Dual Wingbeat|p2a: Vaporeon\n|-damage|p2a: Vaporeon|59\/100\n|-damage|p2a: Vaporeon|17\/100\n|-hitcount|p2a: Vaporeon|2\n|move|p2a: Vaporeon|Scald|p1a: Scyther\n|-damage|p1a: Scyther|41\/100\n|-status|p1a: Scyther|brn\n|\n|-heal|p2a: Vaporeon|23\/100|[from] item: Leftovers\n|-damage|p1a: Scyther|35\/100 brn|[from] brn\n|upkeep\n|turn|14\n|\n|t:|1615061641\n|move|p2a: Vaporeon|Protect|p2a: Vaporeon\n|-singleturn|p2a: Vaporeon|Protect\n|move|p1a: Scyther|Dual Wingbeat|p2a: Vaporeon\n|-activate|p2a: Vaporeon|move: Protect\n|\n|-heal|p2a: Vaporeon|30\/100|[from] item: Leftovers\n|-damage|p1a: Scyther|29\/100 brn|[from] brn\n|upkeep\n|turn|15\n|\n|t:|1615061648\n|move|p1a: Scyther|Dual Wingbeat|p2a: Vaporeon\n|-damage|p2a: Vaporeon|10\/100\n|-damage|p2a: Vaporeon|0 fnt\n|-hitcount|p2a: Vaporeon|2\n|faint|p2a: Vaporeon\n|\n|-damage|p1a: Scyther|23\/100 brn|[from] brn\n|upkeep\n|\n|t:|1615061650\n|switch|p2a: Gallade|Gallade, M|100\/100\n|-damage|p2a: Gallade|88\/100|[from] Spikes\n|turn|16\n|\n|t:|1615061656\n|move|p2a: Gallade|Psycho Cut|p1a: Scyther\n|-damage|p1a: Scyther|0 fnt\n|faint|p1a: Scyther\n|\n|upkeep\n|inactive|Uberfiend has 120 seconds left.\n|inactive|Uberfiend has 90 seconds left.\n|inactive|Uberfiend has 60 seconds left.\n|\n|t:|1615061760\n|switch|p1a: Silvally\u2013Flying|Silvally-Steel|100\/100\n|turn|17\n|\n|t:|1615061774\n|switch|p2a: Charizard|Charizard, F|100\/100\n|move|p1a: Silvally\u2013Flying|Multi-Attack|p2a: Charizard\n|-resisted|p2a: Charizard\n|-damage|p2a: Charizard|60\/100\n|\n|upkeep\n|turn|18\n|\n|t:|1615061782\n|move|p2a: Charizard|Roost|p2a: Charizard\n|-heal|p2a: Charizard|100\/100\n|-singleturn|p2a: Charizard|move: Roost\n|move|p1a: Silvally\u2013Flying|Psychic Fangs|p2a: Charizard\n|-damage|p2a: Charizard|65\/100\n|\n|upkeep\n|turn|19\n|\n|t:|1615061793\n|move|p2a: Charizard|Defog|p1a: Silvally\u2013Flying\n|-unboost|p1a: Silvally\u2013Flying|evasion|1\n|-sideend|p2: PedroGreg|Spikes|[from] move: Defog|[of] p2a: Charizard\n|move|p1a: Silvally\u2013Flying|Flame Charge|p2a: Charizard\n|-resisted|p2a: Charizard\n|-damage|p2a: Charizard|55\/100\n|-boost|p1a: Silvally\u2013Flying|spe|1\n|\n|upkeep\n|turn|20\n|\n|t:|1615061807\n|move|p1a: Silvally\u2013Flying|Psychic Fangs|p2a: Charizard\n|-damage|p2a: Charizard|16\/100\n|move|p2a: Charizard|Fire Blast|p1a: Silvally\u2013Flying\n|-supereffective|p1a: Silvally\u2013Flying\n|-crit|p1a: Silvally\u2013Flying\n|-damage|p1a: Silvally\u2013Flying|0 fnt\n|faint|p1a: Silvally\u2013Flying\n|\n|upkeep\n|inactive|Uberfiend has 60 seconds left.\n|\n|t:|1615061824\n|switch|p1a: Whimsicott|Whimsicott, F|100\/100\n|turn|21\n|inactive|Uberfiend has 60 seconds left.\n|\n|t:|1615061832\n|move|p1a: Whimsicott|Nature Power|p2a: Charizard\n|move|p1a: Whimsicott|Tri Attack|p2a: Charizard|[from]move: Nature Power\n|-damage|p2a: Charizard|0 fnt\n|faint|p2a: Charizard\n|\n|upkeep\n|\n|t:|1615061847\n|switch|p2a: Gallade|Gallade, M|88\/100\n|turn|22\n|\n|t:|1615061855\n|move|p2a: Gallade|Psycho Cut|p1a: Whimsicott\n|-damage|p1a: Whimsicott|49\/100\n|move|p1a: Whimsicott|Moonblast|p2a: Gallade\n|-supereffective|p2a: Gallade\n|-damage|p2a: Gallade|0 fnt\n|faint|p2a: Gallade\n|\n|upkeep\n|\n|t:|1615061859\n|switch|p2a: Virizion|Virizion|100\/100\n|turn|23\n|\n|t:|1615061864\n|move|p2a: Virizion|Stone Edge|p1a: Whimsicott\n|-damage|p1a: Whimsicott|0 fnt\n|-damage|p2a: Virizion|91\/100|[from] item: Life Orb\n|faint|p1a: Whimsicott\n|\n|upkeep\n|\n|t:|1615061867\n|switch|p1a: Gourgeist|Gourgeist-Small, F|100\/100\n|-item|p2a: Virizion|Life Orb|[from] ability: Frisk|[of] p1a: Gourgeist|[identify]\n|turn|24\n|\n|t:|1615061873\n|move|p1a: Gourgeist|Poltergeist|p2a: Virizion\n|-activate|p2a: Virizion|move: Poltergeist|Life Orb\n|-damage|p2a: Virizion|29\/100\n|move|p2a: Virizion|Swords Dance|p2a: Virizion\n|-boost|p2a: Virizion|atk|2\n|\n|upkeep\n|turn|25\n|\n|t:|1615061878\n|move|p1a: Gourgeist|Poltergeist|p2a: Virizion\n|-activate|p2a: Virizion|move: Poltergeist|Life Orb\n|-damage|p2a: Virizion|0 fnt\n|faint|p2a: Virizion\n|\n|win|Uberfiend\n|l|\u2606PedroGreg\n||Ladder (probably) updated, but score could not be retrieved (Request timeout).\n","uploadtime":1615061890,"views":25,"p1id":"uberfiend","p2id":"pedrogreg","formatid":"gen8pu","rating":0,"private":0,"password":null}