{"id":"gen8nationaldex-1688331776","p1":"FleetFoxxx","p2":"VeVii","format":"gen8nationaldex","log":"|j|\u2606FleetFoxxx\n|j|\u2606VeVii\n|t:|1666054041\n|gametype|singles\n|player|p1|FleetFoxxx|265|\n|player|p2|VeVii|cilan|\n|teamsize|p1|6\n|teamsize|p2|6\n|gen|8\n|tier|[Gen 8] National Dex\n|rule|HP Percentage Mod: HP is shown in percentages\n|rule|Endless Battle Clause: Forcing endless battles is banned\n|rule|OHKO Clause: OHKO moves are banned\n|rule|Evasion Moves Clause: Evasion moves are banned\n|rule|Species Clause: Limit one of each Pok\u00e9mon\n|rule|Dynamax Clause: You cannot dynamax\n|rule|Sleep Clause Mod: Limit one foe put to sleep\n|clearpoke\n|poke|p1|Celesteela|\n|poke|p1|Silvally-*|\n|poke|p1|Pinsir, F|\n|poke|p1|Runerigus, M|\n|poke|p1|Hydreigon, M|\n|poke|p1|Goodra, M|\n|poke|p2|Blacephalon|\n|poke|p2|Tangrowth, F|\n|poke|p2|Snorlax, M|\n|poke|p2|Cloyster, F|\n|poke|p2|Ribombee, M|\n|poke|p2|Xatu, F|\n|teampreview\n|c|\u2606VeVii|gl hf!\n|j| yes munchlax\n|j|+111ace111\n|c|\u2606FleetFoxxx|gl hf!\n|j| Hror\n|j| DerpyDots\n|j| johngalt149\n|\n|t:|1666054143\n|start\n|switch|p1a: Silvally|Silvally-Fairy|100\/100\n|switch|p2a: REEEEbombee|Ribombee, M|100\/100\n|turn|1\n|j|+MikeDecIsHere\n|c|+MikeDecIsHere|go fleetfox go\n|j| bsvhsvj\n|l| bsvhsvj\n|\n|t:|1666054206\n|move|p2a: REEEEbombee|Toxic|p1a: Silvally\n|-status|p1a: Silvally|tox\n|move|p1a: Silvally|Parting Shot|p2a: REEEEbombee\n|-unboost|p2a: REEEEbombee|atk|1\n|-unboost|p2a: REEEEbombee|spa|1\n|\n|t:|1666054209\n|switch|p1a: Celesteela|Celesteela|100\/100|[from]move: Parting Shot\n|\n|upkeep\n|turn|2\n|\n|t:|1666054230\n|switch|p2a: Totem Bird|Xatu, F|100\/100\n|move|p1a: Celesteela|Substitute|p1a: Celesteela\n|-start|p1a: Celesteela|Substitute\n|-damage|p1a: Celesteela|76\/100\n|\n|-heal|p1a: Celesteela|82\/100|[from] item: Leftovers\n|upkeep\n|turn|3\n|j| sh0shin4\n|\n|t:|1666054243\n|switch|p2a: Pudding's Inside|Snorlax, M|100\/100\n|move|p1a: Celesteela|Heavy Slam|p2a: Pudding's Inside\n|-damage|p2a: Pudding's Inside|84\/100\n|\n|-heal|p1a: Celesteela|88\/100|[from] item: Leftovers\n|upkeep\n|turn|4\n|c| sh0shin4|time for vivis reckoning\n|\n|t:|1666054249\n|move|p1a: Celesteela|Leech Seed|p2a: Pudding's Inside\n|-start|p2a: Pudding's Inside|move: Leech Seed\n|move|p2a: Pudding's Inside|Fire Punch|p1a: Celesteela\n|-supereffective|p1a: Celesteela\n|-end|p1a: Celesteela|Substitute\n|\n|-heal|p1a: Celesteela|94\/100|[from] item: Leftovers\n|-damage|p2a: Pudding's Inside|72\/100|[from] Leech Seed|[of] p1a: Celesteela\n|-heal|p1a: Celesteela|100\/100|[silent]\n|upkeep\n|turn|5\n|\n|t:|1666054258\n|move|p1a: Celesteela|Substitute|p1a: Celesteela\n|-start|p1a: Celesteela|Substitute\n|-damage|p1a: Celesteela|76\/100\n|move|p2a: Pudding's Inside|Fire Punch|p1a: Celesteela\n|-supereffective|p1a: Celesteela\n|-end|p1a: Celesteela|Substitute\n|\n|-heal|p1a: Celesteela|82\/100|[from] item: Leftovers\n|-damage|p2a: Pudding's Inside|59\/100|[from] Leech Seed|[of] p1a: Celesteela\n|-heal|p1a: Celesteela|96\/100|[silent]\n|upkeep\n|turn|6\n|\n|t:|1666054289\n|switch|p2a: Pennywise|Blacephalon|100\/100\n|move|p1a: Celesteela|Substitute|p1a: Celesteela\n|-start|p1a: Celesteela|Substitute\n|-damage|p1a: Celesteela|71\/100\n|\n|-heal|p1a: Celesteela|77\/100|[from] item: Leftovers\n|upkeep\n|turn|7\n|c| sh0shin4|yo MikeDecIsHere do you remember watching pokeaim 6-0 a dude when showdown let you knock off mega stones xd\n|\n|t:|1666054324\n|move|p2a: Pennywise|Flamethrower|p1a: Celesteela\n|-supereffective|p1a: Celesteela\n|-end|p1a: Celesteela|Substitute\n|move|p1a: Celesteela|Heavy Slam|p2a: Pennywise\n|-resisted|p2a: Pennywise\n|-damage|p2a: Pennywise|54\/100\n|\n|-heal|p1a: Celesteela|83\/100|[from] item: Leftovers\n|upkeep\n|turn|8\n|j| Bugsileus\n|c|+MikeDecIsHere|uhhh no? but I'm sure joey told me about that bug lol\n|\n|t:|1666054336\n|switch|p1a: Goodra|Goodra, M|100\/100\n|move|p2a: Pennywise|Flamethrower|p1a: Goodra\n|-resisted|p1a: Goodra\n|-damage|p1a: Goodra|85\/100\n|-status|p1a: Goodra|brn\n|\n|-damage|p1a: Goodra|79\/100 brn|[from] brn\n|upkeep\n|turn|9\n|\n|t:|1666054345\n|switch|p2a: Totem Bird|Xatu, F|100\/100\n|move|p1a: Goodra|Draco Meteor|p2a: Totem Bird\n|-damage|p2a: Totem Bird|8\/100\n|-unboost|p1a: Goodra|spa|2\n|\n|-damage|p1a: Goodra|73\/100 brn|[from] brn\n|upkeep\n|turn|10\n|\n|t:|1666054363\n|switch|p2a: Cherry Popper|Cloyster, F|100\/100\n|move|p1a: Goodra|Draco Meteor|p2a: Cherry Popper\n|-damage|p2a: Cherry Popper|23\/100\n|-unboost|p1a: Goodra|spa|2\n|\n|-damage|p1a: Goodra|67\/100 brn|[from] brn\n|upkeep\n|turn|11\n|\n|t:|1666054387\n|move|p2a: Cherry Popper|Icicle Spear|p1a: Goodra\n|-supereffective|p1a: Goodra\n|-crit|p1a: Goodra\n|-damage|p1a: Goodra|31\/100 brn\n|-supereffective|p1a: Goodra\n|-damage|p1a: Goodra|7\/100 brn\n|-supereffective|p1a: Goodra\n|-damage|p1a: Goodra|0 fnt\n|faint|p1a: Goodra\n|-hitcount|p1: Goodra|3\n|\n|upkeep\n|l| Bugsileus\n|\n|t:|1666054445\n|switch|p1a: Celesteela|Celesteela|83\/100\n|turn|12\n|\n|t:|1666054465\n|move|p2a: Cherry Popper|Shell Smash|p2a: Cherry Popper\n|-unboost|p2a: Cherry Popper|def|1\n|-unboost|p2a: Cherry Popper|spd|1\n|-boost|p2a: Cherry Popper|atk|2\n|-boost|p2a: Cherry Popper|spa|2\n|-boost|p2a: Cherry Popper|spe|2\n|-enditem|p2a: Cherry Popper|White Herb\n|-clearnegativeboost|p2a: Cherry Popper|[silent]\n|move|p1a: Celesteela|Heavy Slam|p2a: Cherry Popper\n|-damage|p2a: Cherry Popper|0 fnt\n|faint|p2a: Cherry Popper\n|-ability|p1a: Celesteela|Beast Boost|boost\n|-boost|p1a: Celesteela|def|1\n|\n|-heal|p1a: Celesteela|89\/100|[from] item: Leftovers\n|upkeep\n|\n|t:|1666054470\n|switch|p2a: Pennywise|Blacephalon|54\/100\n|turn|13\n|\n|t:|1666054500\n|switch|p1a: Hydreigon|Hydreigon, M|100\/100\n|move|p2a: Pennywise|Flamethrower|p1a: Hydreigon\n|-resisted|p1a: Hydreigon\n|-damage|p1a: Hydreigon|51\/100\n|\n|upkeep\n|turn|14\n|\n|t:|1666054521\n|switch|p2a: Totem Bird|Xatu, F|8\/100\n|move|p1a: Hydreigon|U-turn|p2a: Totem Bird\n|-damage|p2a: Totem Bird|0 fnt\n|faint|p2a: Totem Bird\n|\n|t:|1666054536\n|switch|p1a: Silvally|Silvally-Fairy|100\/100 tox|[from]move: U-turn\n|\n|-damage|p1a: Silvally|94\/100 tox|[from] psn\n|upkeep\n|\n|t:|1666054546\n|switch|p2a: Mom's Spaghetti|Tangrowth, F|100\/100\n|turn|15\n|\n|t:|1666054589\n|move|p1a: Silvally|Flamethrower|p2a: Mom's Spaghetti\n|-supereffective|p2a: Mom's Spaghetti\n|-damage|p2a: Mom's Spaghetti|43\/100\n|move|p2a: Mom's Spaghetti|Rock Slide|p1a: Silvally\n|-damage|p1a: Silvally|82\/100 tox\n|\n|-heal|p2a: Mom's Spaghetti|49\/100|[from] item: Leftovers\n|-damage|p1a: Silvally|70\/100 tox|[from] psn\n|upkeep\n|turn|16\n|\n|t:|1666054623\n|switch|p2a: Pennywise|Blacephalon|54\/100\n|move|p1a: Silvally|Parting Shot|p2a: Pennywise\n|-unboost|p2a: Pennywise|atk|1\n|-unboost|p2a: Pennywise|spa|1\n|\n|t:|1666054632\n|switch|p1a: Hydreigon|Hydreigon, M|51\/100|[from]move: Parting Shot\n|\n|upkeep\n|turn|17\n|\n|t:|1666054649\n|move|p1a: Hydreigon|Dark Pulse|p2a: Pennywise\n|-supereffective|p2a: Pennywise\n|-damage|p2a: Pennywise|0 fnt\n|faint|p2a: Pennywise\n|\n|upkeep\n|\n|t:|1666054657\n|switch|p2a: REEEEbombee|Ribombee, M|100\/100\n|turn|18\n|\n|t:|1666054669\n|switch|p1a: Celesteela|Celesteela|89\/100\n|switch|p2a: Pudding's Inside|Snorlax, M|59\/100\n|\n|-heal|p1a: Celesteela|95\/100|[from] item: Leftovers\n|upkeep\n|turn|19\n|\n|t:|1666054678\n|move|p1a: Celesteela|Leech Seed|p2a: Pudding's Inside\n|-start|p2a: Pudding's Inside|move: Leech Seed\n|move|p2a: Pudding's Inside|Fire Punch|p1a: Celesteela\n|-supereffective|p1a: Celesteela\n|-damage|p1a: Celesteela|51\/100\n|\n|-heal|p1a: Celesteela|57\/100|[from] item: Leftovers\n|-damage|p2a: Pudding's Inside|47\/100|[from] Leech Seed|[of] p1a: Celesteela\n|-heal|p1a: Celesteela|72\/100|[silent]\n|upkeep\n|turn|20\n|\n|t:|1666054735\n|switch|p2a: Mom's Spaghetti|Tangrowth, F|82\/100\n|move|p1a: Celesteela|Substitute|p1a: Celesteela\n|-start|p1a: Celesteela|Substitute\n|-damage|p1a: Celesteela|47\/100\n|\n|-heal|p1a: Celesteela|53\/100|[from] item: Leftovers\n|-heal|p2a: Mom's Spaghetti|88\/100|[from] item: Leftovers\n|upkeep\n|turn|21\n|\n|t:|1666054751\n|move|p1a: Celesteela|Air Slash|p2a: Mom's Spaghetti\n|-supereffective|p2a: Mom's Spaghetti\n|-damage|p2a: Mom's Spaghetti|16\/100\n|cant|p2a: Mom's Spaghetti|flinch\n|\n|-heal|p1a: Celesteela|59\/100|[from] item: Leftovers\n|-heal|p2a: Mom's Spaghetti|22\/100|[from] item: Leftovers\n|upkeep\n|turn|22\n|j| Bugsileus\n|\n|t:|1666054758\n|switch|p2a: Pudding's Inside|Snorlax, M|47\/100\n|move|p1a: Celesteela|Heavy Slam|p2a: Pudding's Inside\n|-damage|p2a: Pudding's Inside|31\/100\n|\n|-heal|p1a: Celesteela|65\/100|[from] item: Leftovers\n|upkeep\n|turn|23\n|\n|t:|1666054764\n|switch|p2a: Mom's Spaghetti|Tangrowth, F|55\/100\n|move|p1a: Celesteela|Leech Seed|p2a: Mom's Spaghetti\n|-immune|p2a: Mom's Spaghetti\n|\n|-heal|p1a: Celesteela|71\/100|[from] item: Leftovers\n|-heal|p2a: Mom's Spaghetti|61\/100|[from] item: Leftovers\n|upkeep\n|turn|24\n|\n|t:|1666054778\n|move|p1a: Celesteela|Air Slash|p2a: Mom's Spaghetti\n|-supereffective|p2a: Mom's Spaghetti\n|-damage|p2a: Mom's Spaghetti|0 fnt\n|faint|p2a: Mom's Spaghetti\n|-ability|p1a: Celesteela|Beast Boost|boost\n|-boost|p1a: Celesteela|def|1\n|\n|-heal|p1a: Celesteela|77\/100|[from] item: Leftovers\n|upkeep\n|c|\u2606VeVii|gg\n|\n|t:|1666054784\n|switch|p2a: Pudding's Inside|Snorlax, M|31\/100\n|turn|25\n|\n|t:|1666054787\n|move|p1a: Celesteela|Heavy Slam|p2a: Pudding's Inside\n|-damage|p2a: Pudding's Inside|14\/100\n|move|p2a: Pudding's Inside|Fire Punch|p1a: Celesteela\n|-supereffective|p1a: Celesteela\n|-end|p1a: Celesteela|Substitute\n|\n|-heal|p1a: Celesteela|83\/100|[from] item: Leftovers\n|upkeep\n|turn|26\n|\n|t:|1666054794\n|move|p1a: Celesteela|Heavy Slam|p2a: Pudding's Inside\n|-damage|p2a: Pudding's Inside|0 fnt\n|faint|p2a: Pudding's Inside\n|-ability|p1a: Celesteela|Beast Boost|boost\n|-boost|p1a: Celesteela|def|1\n|\n|-heal|p1a: Celesteela|89\/100|[from] item: Leftovers\n|upkeep\n|\n|t:|1666054797\n|switch|p2a: REEEEbombee|Ribombee, M|100\/100\n|turn|27\n|j| bsvhsvj\n|l| bsvhsvj\n|\n|t:|1666054804\n|move|p2a: REEEEbombee|Moonblast|p1a: Celesteela\n|-resisted|p1a: Celesteela\n|-damage|p1a: Celesteela|74\/100\n|-unboost|p1a: Celesteela|spa|1\n|move|p1a: Celesteela|Heavy Slam|p2a: REEEEbombee\n|-supereffective|p2a: REEEEbombee\n|-damage|p2a: REEEEbombee|0 fnt\n|faint|p2a: REEEEbombee\n|\n|win|FleetFoxxx\n|c|\u2606FleetFoxxx|gg\n|l| DerpyDots\n|c|\u2606VeVii|gg im good to g next\n|c|\u2606VeVii|if you want to send it\n|l|+MikeDecIsHere\n|l|\u2606FleetFoxxx\n|l| Bugsileus\n","uploadtime":1666054818,"views":9,"p1id":"fleetfoxxx","p2id":"vevii","formatid":"gen8nationaldex","rating":0,"private":0,"password":null}