{"id":"gen8ou-1596677284","p1":"agslash23","p2":"El Stefano","format":"gen8ou","log":"|j|\u2606agslash23\n|j|\u2606El Stefano\n|t:|1655277471\n|gametype|singles\n|player|p1|agslash23|170|1659\n|player|p2|El Stefano|102|1719\n|teamsize|p1|6\n|teamsize|p2|6\n|gen|8\n|tier|[Gen 8] OU\n|rated|\n|rule|Sleep Clause Mod: Limit one foe put to sleep\n|rule|Species Clause: Limit one of each Pok\u00e9mon\n|rule|OHKO Clause: OHKO moves are banned\n|rule|Evasion Moves Clause: Evasion moves are banned\n|rule|Endless Battle Clause: Forcing endless battles is banned\n|rule|HP Percentage Mod: HP is shown in percentages\n|rule|Dynamax Clause: You cannot dynamax\n|clearpoke\n|poke|p1|Kartana|\n|poke|p1|Tapu Lele|\n|poke|p1|Garchomp, F|\n|poke|p1|Magnezone|\n|poke|p1|Tornadus-Therian, M|\n|poke|p1|Rotom-Wash|\n|poke|p2|Azumarill, F|\n|poke|p2|Reuniclus, M|\n|poke|p2|Tyranitar, F|\n|poke|p2|Regieleki|\n|poke|p2|Mew|\n|poke|p2|Celesteela|\n|teampreview\n|\n|t:|1655277482\n|start\n|switch|p1a: Rotom|Rotom-Wash|100\/100\n|switch|p2a: Mew|Mew|100\/100\n|turn|1\n|\n|t:|1655277492\n|move|p2a: Mew|Taunt|p1a: Rotom\n|-start|p1a: Rotom|move: Taunt\n|move|p1a: Rotom|Volt Switch|p2a: Mew\n|-damage|p2a: Mew|80\/100\n|inactive|Battle timer is ON: inactive players will automatically lose when time's up. (requested by agslash23)\n|\n|t:|1655277505\n|switch|p1a: Garchomp|Garchomp, F|100\/100|[from]move: Volt Switch\n|\n|-heal|p2a: Mew|87\/100|[from] item: Leftovers\n|upkeep\n|turn|2\n|\n|t:|1655277514\n|switch|p1a: Tornadus|Tornadus-Therian, M|100\/100\n|move|p2a: Mew|Cosmic Power|p2a: Mew\n|-boost|p2a: Mew|def|1\n|-boost|p2a: Mew|spd|1\n|\n|-heal|p2a: Mew|93\/100|[from] item: Leftovers\n|upkeep\n|turn|3\n|\n|t:|1655277522\n|move|p1a: Tornadus|U-turn|p2a: Mew\n|-supereffective|p2a: Mew\n|-damage|p2a: Mew|77\/100\n|\n|t:|1655277537\n|switch|p1a: Rotom|Rotom-Wash|100\/100|[from]move: U-turn\n|move|p2a: Mew|Cosmic Power|p2a: Mew\n|-boost|p2a: Mew|def|1\n|-boost|p2a: Mew|spd|1\n|\n|-heal|p2a: Mew|83\/100|[from] item: Leftovers\n|upkeep\n|turn|4\n|\n|t:|1655277545\n|move|p2a: Mew|Taunt|p1a: Rotom\n|-start|p1a: Rotom|move: Taunt\n|cant|p1a: Rotom|move: Taunt|Thunder Wave\n|\n|-heal|p2a: Mew|89\/100|[from] item: Leftovers\n|upkeep\n|turn|5\n|\n|t:|1655277550\n|move|p2a: Mew|Cosmic Power|p2a: Mew\n|-boost|p2a: Mew|def|1\n|-boost|p2a: Mew|spd|1\n|move|p1a: Rotom|Volt Switch|p2a: Mew\n|-damage|p2a: Mew|81\/100\n|\n|t:|1655277556\n|switch|p1a: Tapu Lele|Tapu Lele|100\/100|[from]move: Volt Switch\n|-fieldstart|move: Psychic Terrain|[from] ability: Psychic Surge|[of] p1a: Tapu Lele\n|\n|-heal|p2a: Mew|87\/100|[from] item: Leftovers\n|upkeep\n|turn|6\n|\n|t:|1655277564\n|move|p2a: Mew|Stored Power|p1a: Tapu Lele\n|-resisted|p1a: Tapu Lele\n|-damage|p1a: Tapu Lele|67\/100\n|move|p1a: Tapu Lele|Moonblast|p2a: Mew\n|-damage|p2a: Mew|60\/100\n|\n|-heal|p2a: Mew|67\/100|[from] item: Leftovers\n|upkeep\n|turn|7\n|\n|t:|1655277572\n|move|p2a: Mew|Cosmic Power|p2a: Mew\n|-boost|p2a: Mew|def|1\n|-boost|p2a: Mew|spd|1\n|move|p1a: Tapu Lele|Moonblast|p2a: Mew\n|-damage|p2a: Mew|41\/100\n|\n|-heal|p2a: Mew|48\/100|[from] item: Leftovers\n|upkeep\n|turn|8\n|\n|t:|1655277579\n|move|p2a: Mew|Cosmic Power|p2a: Mew\n|-boost|p2a: Mew|def|1\n|-boost|p2a: Mew|spd|1\n|move|p1a: Tapu Lele|Moonblast|p2a: Mew\n|-damage|p2a: Mew|27\/100\n|\n|-heal|p2a: Mew|34\/100|[from] item: Leftovers\n|upkeep\n|turn|9\n|\n|t:|1655277588\n|move|p2a: Mew|Stored Power|p1a: Tapu Lele\n|-resisted|p1a: Tapu Lele\n|-damage|p1a: Tapu Lele|16\/100\n|move|p1a: Tapu Lele|Moonblast|p2a: Mew\n|-damage|p2a: Mew|15\/100\n|\n|-heal|p2a: Mew|21\/100|[from] item: Leftovers\n|-fieldend|move: Psychic Terrain\n|upkeep\n|turn|10\n|\n|t:|1655277596\n|move|p2a: Mew|Stored Power|p1a: Tapu Lele\n|-resisted|p1a: Tapu Lele\n|-damage|p1a: Tapu Lele|0 fnt\n|faint|p1a: Tapu Lele\n|\n|-heal|p2a: Mew|27\/100|[from] item: Leftovers\n|upkeep\n|\n|t:|1655277601\n|switch|p1a: Kartana|Kartana|100\/100\n|turn|11\n|\n|t:|1655277605\n|move|p1a: Kartana|Knock Off|p2a: Mew\n|-supereffective|p2a: Mew\n|-damage|p2a: Mew|7\/100\n|-enditem|p2a: Mew|Leftovers|[from] move: Knock Off|[of] p1a: Kartana\n|move|p2a: Mew|Stored Power|p1a: Kartana\n|-resisted|p1a: Kartana\n|-crit|p1a: Kartana\n|-damage|p1a: Kartana|0 fnt\n|faint|p1a: Kartana\n|\n|upkeep\n|\n|t:|1655277614\n|switch|p1a: Tornadus|Tornadus-Therian, M|100\/100\n|turn|12\n|\n|t:|1655277618\n|move|p1a: Tornadus|Hurricane|p2a: Mew\n|-crit|p2a: Mew\n|-damage|p2a: Mew|0 fnt\n|faint|p2a: Mew\n|\n|upkeep\n|\n|t:|1655277626\n|switch|p2a: Regieleki|Regieleki|100\/100\n|turn|13\n|\n|t:|1655277632\n|switch|p1a: Garchomp|Garchomp, F|100\/100\n|move|p2a: Regieleki|Reflect|p2a: Regieleki\n|-sidestart|p2: El Stefano|Reflect\n|\n|upkeep\n|turn|14\n|\n|t:|1655277638\n|move|p2a: Regieleki|Light Screen|p2a: Regieleki\n|-sidestart|p2: El Stefano|move: Light Screen\n|move|p1a: Garchomp|Stealth Rock|p2a: Regieleki\n|-sidestart|p2: El Stefano|move: Stealth Rock\n|\n|upkeep\n|turn|15\n|\n|t:|1655277643\n|switch|p2a: Celesteela|Celesteela|100\/100\n|-damage|p2a: Celesteela|88\/100|[from] Stealth Rock\n|switch|p1a: Magnezone|Magnezone|100\/100\n|\n|upkeep\n|turn|16\n|\n|t:|1655277651\n|move|p1a: Magnezone|Thunderbolt|p2a: Celesteela\n|-supereffective|p2a: Celesteela\n|-damage|p2a: Celesteela|54\/100\n|move|p2a: Celesteela|Flamethrower|p1a: Magnezone\n|-supereffective|p1a: Magnezone\n|-damage|p1a: Magnezone|36\/100\n|\n|upkeep\n|turn|17\n|\n|t:|1655277658\n|move|p1a: Magnezone|Thunderbolt|p2a: Celesteela\n|-supereffective|p2a: Celesteela\n|-damage|p2a: Celesteela|20\/100\n|move|p2a: Celesteela|Autotomize|p2a: Celesteela\n|-boost|p2a: Celesteela|spe|2\n|-start|p2a: Celesteela|Autotomize\n|\n|upkeep\n|turn|18\n|\n|t:|1655277666\n|move|p2a: Celesteela|Flamethrower|p1a: Magnezone\n|-supereffective|p1a: Magnezone\n|-damage|p1a: Magnezone|0 fnt\n|faint|p1a: Magnezone\n|-ability|p2a: Celesteela|Beast Boost|boost\n|-boost|p2a: Celesteela|spa|1\n|\n|upkeep\n|\n|t:|1655277672\n|switch|p1a: Rotom|Rotom-Wash|100\/100\n|turn|19\n|\n|t:|1655277681\n|move|p2a: Celesteela|Meteor Beam||[still]\n|-prepare|p2a: Celesteela|Meteor Beam\n|-boost|p2a: Celesteela|spa|1\n|-enditem|p2a: Celesteela|Power Herb\n|-anim|p2a: Celesteela|Meteor Beam|p1a: Rotom\n|-damage|p1a: Rotom|11\/100\n|move|p1a: Rotom|Volt Switch|p2a: Celesteela\n|-supereffective|p2a: Celesteela\n|-damage|p2a: Celesteela|0 fnt\n|faint|p2a: Celesteela\n|\n|t:|1655277692\n|switch|p1a: Garchomp|Garchomp, F|100\/100|[from]move: Volt Switch\n|\n|upkeep\n|\n|t:|1655277697\n|switch|p2a: Azumarill|Azumarill, F|100\/100\n|-damage|p2a: Azumarill|88\/100|[from] Stealth Rock\n|turn|20\n|\n|t:|1655277702\n|switch|p1a: Tornadus|Tornadus-Therian, M|100\/100\n|move|p2a: Azumarill|Belly Drum|p2a: Azumarill\n|-damage|p2a: Azumarill|38\/100\n|-setboost|p2a: Azumarill|atk|6|[from] move: Belly Drum\n|-enditem|p2a: Azumarill|Sitrus Berry|[eat]\n|-heal|p2a: Azumarill|63\/100|[from] item: Sitrus Berry\n|\n|-sideend|p2: El Stefano|Reflect\n|upkeep\n|turn|21\n|j| bababoibabbagirl\n|j| havefun507\n|\n|t:|1655277712\n|move|p2a: Azumarill|Aqua Jet|p1a: Tornadus\n|-damage|p1a: Tornadus|0 fnt\n|faint|p1a: Tornadus\n|\n|-sideend|p2: El Stefano|move: Light Screen\n|upkeep\n|\n|t:|1655277717\n|switch|p1a: Rotom|Rotom-Wash|11\/100\n|turn|22\n|\n|t:|1655277721\n|move|p2a: Azumarill|Aqua Jet|p1a: Rotom\n|-resisted|p1a: Rotom\n|-damage|p1a: Rotom|0 fnt\n|faint|p1a: Rotom\n|\n|upkeep\n|\n|t:|1655277725\n|switch|p1a: Garchomp|Garchomp, F|100\/100\n|turn|23\n|\n|t:|1655277728\n|move|p2a: Azumarill|Aqua Jet|p1a: Garchomp\n|-damage|p1a: Garchomp|1\/100\n|-damage|p2a: Azumarill|51\/100|[from] ability: Rough Skin|[of] p1a: Garchomp\n|move|p1a: Garchomp|Earthquake|p2a: Azumarill\n|-damage|p2a: Azumarill|0 fnt\n|faint|p2a: Azumarill\n|\n|-heal|p1a: Garchomp|7\/100|[from] item: Leftovers\n|upkeep\n|\n|t:|1655277737\n|switch|p2a: Regieleki|Regieleki|100\/100\n|-damage|p2a: Regieleki|88\/100|[from] Stealth Rock\n|turn|24\n|\n|t:|1655277742\n|move|p2a: Regieleki|Reflect|p2a: Regieleki\n|-sidestart|p2: El Stefano|Reflect\n|move|p1a: Garchomp|Earthquake|p2a: Regieleki\n|-supereffective|p2a: Regieleki\n|-damage|p2a: Regieleki|0 fnt\n|faint|p2a: Regieleki\n|\n|-heal|p1a: Garchomp|13\/100|[from] item: Leftovers\n|upkeep\n|\n|t:|1655277752\n|switch|p2a: Tyranitar|Tyranitar, F|100\/100\n|-damage|p2a: Tyranitar|88\/100|[from] Stealth Rock\n|-weather|Sandstorm|[from] ability: Sand Stream|[of] p2a: Tyranitar\n|turn|25\n|l| bababoibabbagirl\n|\n|t:|1655277772\n|move|p1a: Garchomp|Earthquake|p2a: Tyranitar\n|-supereffective|p2a: Tyranitar\n|-damage|p2a: Tyranitar|42\/100\n|move|p2a: Tyranitar|Dragon Dance|p2a: Tyranitar\n|-boost|p2a: Tyranitar|atk|1\n|-boost|p2a: Tyranitar|spe|1\n|\n|-weather|Sandstorm|[upkeep]\n|-heal|p1a: Garchomp|20\/100|[from] item: Leftovers\n|upkeep\n|turn|26\n|\n|t:|1655277781\n|move|p2a: Tyranitar|Ice Punch|p1a: Garchomp\n|-supereffective|p1a: Garchomp\n|-damage|p1a: Garchomp|0 fnt\n|-damage|p2a: Tyranitar|30\/100|[from] ability: Rough Skin|[of] p1a: Garchomp\n|faint|p1a: Garchomp\n|\n|win|El Stefano\n|raw|agslash23's rating: 1659 &rarr; <strong>1642<\/strong><br \/>(-17 for losing)\n|raw|El Stefano's rating: 1719 &rarr; <strong>1736<\/strong><br \/>(+17 for winning)\n|l|\u2606agslash23\n","uploadtime":1655277787,"views":25,"p1id":"agslash23","p2id":"elstefano","formatid":"gen8ou","rating":1642,"private":0,"password":null}