{"id":"gen8ubers-1499464393","p1":"woex on top","p2":"Ivyon","format":"gen8ubers","log":"|j|\u2606woex on top\n|j|\u2606Ivyon\n|t:|1643292170\n|gametype|singles\n|player|p1|woex on top|265|1238\n|player|p2|Ivyon|blue|1383\n|teamsize|p1|6\n|teamsize|p2|6\n|gen|8\n|tier|[Gen 8] Ubers\n|rated|\n|rule|Sleep Clause Mod: Limit one foe put to sleep\n|rule|Species Clause: Limit one of each Pok\u00e9mon\n|rule|OHKO Clause: OHKO moves are banned\n|rule|Evasion Moves Clause: Evasion moves are banned\n|rule|Endless Battle Clause: Forcing endless battles is banned\n|rule|HP Percentage Mod: HP is shown in percentages\n|rule|Dynamax Clause: You cannot dynamax\n|clearpoke\n|poke|p1|Calyrex-Shadow|\n|poke|p1|Yveltal|\n|poke|p1|Darmanitan-Galar, M|\n|poke|p1|Necrozma-Dusk-Mane|\n|poke|p1|Zekrom|\n|poke|p1|Zygarde|\n|poke|p2|Cloyster, F|\n|poke|p2|Mimikyu, M|\n|poke|p2|Volcarona, M|\n|poke|p2|Shuckle, M|\n|poke|p2|Dragonite, M|\n|poke|p2|Clefable, F|\n|teampreview\n|\n|t:|1643292196\n|start\n|switch|p1a: Zekrom|Zekrom|100\/100\n|switch|p2a: Shuckle|Shuckle, M, shiny|100\/100\n|-ability|p1a: Zekrom|Teravolt\n|turn|1\n|\n|t:|1643292203\n|move|p1a: Zekrom|Substitute|p1a: Zekrom\n|-start|p1a: Zekrom|Substitute\n|-damage|p1a: Zekrom|76\/100\n|move|p2a: Shuckle|Encore|p1a: Zekrom\n|-start|p1a: Zekrom|Encore\n|\n|-heal|p1a: Zekrom|82\/100|[from] item: Leftovers\n|upkeep\n|turn|2\n|\n|t:|1643292214\n|switch|p1a: Necrozma|Necrozma-Dusk-Mane|100\/100\n|move|p2a: Shuckle|Sticky Web|p1a: Necrozma\n|-sidestart|p1: woex on top|move: Sticky Web\n|\n|upkeep\n|turn|3\n|\n|t:|1643292221\n|move|p1a: Necrozma|Stealth Rock|p2a: Shuckle\n|-sidestart|p2: Ivyon|move: Stealth Rock\n|move|p2a: Shuckle|Encore|p1a: Necrozma\n|-start|p1a: Necrozma|Encore\n|\n|upkeep\n|turn|4\n|\n|t:|1643292227\n|switch|p1a: Yveltal|Yveltal|100\/100\n|-ability|p1a: Yveltal|Dark Aura\n|move|p2a: Shuckle|Stealth Rock|p1a: Yveltal\n|-sidestart|p1: woex on top|move: Stealth Rock\n|\n|upkeep\n|turn|5\n|\n|t:|1643292233\n|move|p1a: Yveltal|Knock Off|p2a: Shuckle\n|-damage|p2a: Shuckle|68\/100\n|-damage|p1a: Yveltal|84\/100|[from] item: Rocky Helmet|[of] p2a: Shuckle\n|-enditem|p2a: Shuckle|Rocky Helmet|[from] move: Knock Off|[of] p1a: Yveltal\n|move|p2a: Shuckle|Encore|p1a: Yveltal\n|-start|p1a: Yveltal|Encore\n|\n|upkeep\n|turn|6\n|\n|t:|1643292249\n|switch|p1a: Necrozma|Necrozma-Dusk-Mane|100\/100\n|-damage|p1a: Necrozma|94\/100|[from] Stealth Rock\n|-activate|p1a: Necrozma|move: Sticky Web\n|-unboost|p1a: Necrozma|spe|1\n|move|p2a: Shuckle|Power Split|p1a: Necrozma\n|-activate|p2a: Shuckle|move: Power Split|[of] p1a: Necrozma\n|\n|-heal|p1a: Necrozma|100\/100|[from] item: Leftovers\n|upkeep\n|turn|7\n|\n|t:|1643292257\n|switch|p1a: Yveltal|Yveltal|84\/100\n|-ability|p1a: Yveltal|Dark Aura\n|move|p2a: Shuckle|Encore||[still]\n|-fail|p2a: Shuckle\n|\n|upkeep\n|turn|8\n|\n|t:|1643292262\n|move|p1a: Yveltal|Defog|p2a: Shuckle\n|-unboost|p2a: Shuckle|evasion|1\n|-sideend|p2: Ivyon|Stealth Rock|[from] move: Defog|[of] p1a: Yveltal\n|-sideend|p1: woex on top|Stealth Rock|[from] move: Defog|[of] p1a: Yveltal\n|-sideend|p1: woex on top|Sticky Web|[from] move: Defog|[of] p1a: Yveltal\n|move|p2a: Shuckle|Power Split|p1a: Yveltal\n|-activate|p2a: Shuckle|move: Power Split|[of] p1a: Yveltal\n|\n|upkeep\n|turn|9\n|\n|t:|1643292270\n|switch|p1a: Calyrex|Calyrex-Shadow|100\/100\n|-ability|p1a: Calyrex|As One\n|-ability|p1a: Calyrex|Unnerve\n|move|p2a: Shuckle|Sticky Web|p1a: Calyrex\n|-sidestart|p1: woex on top|move: Sticky Web\n|\n|upkeep\n|turn|10\n|\n|t:|1643292278\n|move|p1a: Calyrex|Astral Barrage|p2a: Shuckle\n|-damage|p2a: Shuckle|0 fnt\n|faint|p2a: Shuckle\n|-ability|p1a: Calyrex|Grim Neigh|boost\n|-boost|p1a: Calyrex|spa|1\n|\n|upkeep\n|\n|t:|1643292287\n|switch|p2a: Mimikyu|Mimikyu, M, shiny|100\/100\n|turn|11\n|\n|t:|1643292295\n|switch|p1a: Zekrom|Zekrom|82\/100\n|-activate|p1a: Zekrom|move: Sticky Web\n|-unboost|p1a: Zekrom|spe|1\n|-ability|p1a: Zekrom|Teravolt\n|move|p2a: Mimikyu|Play Rough|p1a: Zekrom\n|-supereffective|p1a: Zekrom\n|-crit|p1a: Zekrom\n|-damage|p1a: Zekrom|0 fnt\n|faint|p1a: Zekrom\n|\n|upkeep\n|\n|t:|1643292299\n|switch|p1a: Zygarde|Zygarde|100\/100\n|-activate|p1a: Zygarde|move: Sticky Web\n|-unboost|p1a: Zygarde|spe|1\n|turn|12\n|\n|t:|1643292309\n|move|p2a: Mimikyu|Swords Dance|p2a: Mimikyu\n|-boost|p2a: Mimikyu|atk|2\n|move|p1a: Zygarde|Dragon Dance|p1a: Zygarde\n|-boost|p1a: Zygarde|atk|1\n|-boost|p1a: Zygarde|spe|1\n|\n|upkeep\n|turn|13\n|\n|t:|1643292315\n|move|p2a: Mimikyu|Play Rough|p1a: Zygarde\n|-supereffective|p1a: Zygarde\n|-damage|p1a: Zygarde|0 fnt\n|faint|p1a: Zygarde\n|\n|upkeep\n|\n|t:|1643292322\n|switch|p1a: Yveltal|Yveltal|84\/100\n|-ability|p1a: Yveltal|Dark Aura\n|turn|14\n|\n|t:|1643292327\n|move|p2a: Mimikyu|Play Rough|p1a: Yveltal\n|-supereffective|p1a: Yveltal\n|-damage|p1a: Yveltal|0 fnt\n|faint|p1a: Yveltal\n|\n|upkeep\n|\n|t:|1643292331\n|switch|p1a: Necrozma|Necrozma-Dusk-Mane|100\/100\n|-activate|p1a: Necrozma|move: Sticky Web\n|-unboost|p1a: Necrozma|spe|1\n|turn|15\n|\n|t:|1643292336\n|move|p2a: Mimikyu|Shadow Sneak|p1a: Necrozma\n|-supereffective|p1a: Necrozma\n|-damage|p1a: Necrozma|62\/100\n|move|p1a: Necrozma|Sunsteel Strike|p2a: Mimikyu\n|-supereffective|p2a: Mimikyu\n|-damage|p2a: Mimikyu|0 fnt\n|faint|p2a: Mimikyu\n|\n|-heal|p1a: Necrozma|68\/100|[from] item: Leftovers\n|upkeep\n|\n|t:|1643292355\n|switch|p2a: Volcarona|Volcarona, M|100\/100\n|turn|16\n|\n|t:|1643292357\n|move|p2a: Volcarona|Quiver Dance|p2a: Volcarona\n|-boost|p2a: Volcarona|spa|1\n|-boost|p2a: Volcarona|spd|1\n|-boost|p2a: Volcarona|spe|1\n|move|p1a: Necrozma|Thunder Wave|p2a: Volcarona\n|-status|p2a: Volcarona|par\n|\n|-heal|p1a: Necrozma|74\/100|[from] item: Leftovers\n|upkeep\n|turn|17\n|\n|t:|1643292365\n|switch|p1a: Darmanitan|Darmanitan-Galar, M|100\/100\n|-activate|p1a: Darmanitan|move: Sticky Web\n|-unboost|p1a: Darmanitan|spe|1\n|move|p2a: Volcarona|Quiver Dance|p2a: Volcarona\n|-boost|p2a: Volcarona|spa|1\n|-boost|p2a: Volcarona|spd|1\n|-boost|p2a: Volcarona|spe|1\n|\n|upkeep\n|turn|18\n|\n|t:|1643292373\n|move|p1a: Darmanitan|Rock Slide|p2a: Volcarona\n|-supereffective|p2a: Volcarona\n|-enditem|p2a: Volcarona|Focus Sash\n|-damage|p2a: Volcarona|1\/100 par\n|cant|p2a: Volcarona|flinch\n|\n|upkeep\n|turn|19\n|\n|t:|1643292379\n|move|p1a: Darmanitan|Rock Slide|p2a: Volcarona\n|-supereffective|p2a: Volcarona\n|-damage|p2a: Volcarona|0 fnt\n|faint|p2a: Volcarona\n|\n|upkeep\n|\n|t:|1643292391\n|switch|p2a: Dragonite|Dragonite, M, shiny|100\/100\n|turn|20\n|\n|t:|1643292397\n|move|p1a: Darmanitan|Rock Slide|p2a: Dragonite\n|-supereffective|p2a: Dragonite\n|-damage|p2a: Dragonite|53\/100\n|-enditem|p2a: Dragonite|Weakness Policy\n|-boost|p2a: Dragonite|atk|2|[from] item: Weakness Policy\n|-boost|p2a: Dragonite|spa|2|[from] item: Weakness Policy\n|move|p2a: Dragonite|Dragon Dance|p2a: Dragonite\n|-boost|p2a: Dragonite|atk|1\n|-boost|p2a: Dragonite|spe|1\n|\n|upkeep\n|turn|21\n|\n|t:|1643292405\n|switch|p1a: Calyrex|Calyrex-Shadow|100\/100\n|-ability|p1a: Calyrex|As One\n|-ability|p1a: Calyrex|Unnerve\n|-activate|p1a: Calyrex|move: Sticky Web\n|-unboost|p1a: Calyrex|spe|1\n|move|p2a: Dragonite|Dragon Claw|p1a: Calyrex\n|-damage|p1a: Calyrex|0 fnt\n|faint|p1a: Calyrex\n|\n|upkeep\n|\n|t:|1643292407\n|switch|p1a: Necrozma|Necrozma-Dusk-Mane|74\/100\n|-activate|p1a: Necrozma|move: Sticky Web\n|-unboost|p1a: Necrozma|spe|1\n|turn|22\n|\n|t:|1643292418\n|move|p2a: Dragonite|Earthquake|p1a: Necrozma\n|-supereffective|p1a: Necrozma\n|-damage|p1a: Necrozma|0 fnt\n|faint|p1a: Necrozma\n|\n|upkeep\n|\n|t:|1643292421\n|switch|p1a: Darmanitan|Darmanitan-Galar, M|100\/100\n|-activate|p1a: Darmanitan|move: Sticky Web\n|-unboost|p1a: Darmanitan|spe|1\n|turn|23\n|\n|t:|1643292430\n|move|p2a: Dragonite|Dragon Claw|p1a: Darmanitan\n|-crit|p1a: Darmanitan\n|-damage|p1a: Darmanitan|0 fnt\n|faint|p1a: Darmanitan\n|\n|win|Ivyon\n|raw|woex on top's rating: 1238 &rarr; <strong>1223<\/strong><br \/>(-15 for losing)\n|raw|Ivyon's rating: 1383 &rarr; <strong>1395<\/strong><br \/>(+12 for winning)\n|l|\u2606woex on top\n|c|\u2606Ivyon|gg\n||Ladder isn't responding, score probably updated but might not have (Request timeout).\n","uploadtime":1643292438,"views":18,"p1id":"woexontop","p2id":"ivyon","formatid":"gen8ubers","rating":1223,"private":0,"password":null}