{"id":"gen8nationaldex-1587683595","p1":"Tadaki","p2":"Alu9204","format":"gen8nationaldex","log":"|j|\u2606Tadaki\n|j|\u2606Alu9204\n|t:|1654171960\n|gametype|singles\n|player|p1|Tadaki|pokemonranger-gen4|1552\n|player|p2|Alu9204|burglar|1458\n|teamsize|p1|6\n|teamsize|p2|6\n|gen|8\n|tier|[Gen 8] National Dex\n|rated|\n|rule|HP Percentage Mod: HP is shown in percentages\n|rule|Endless Battle Clause: Forcing endless battles is banned\n|rule|OHKO Clause: OHKO moves are banned\n|rule|Evasion Moves Clause: Evasion moves are banned\n|rule|Species Clause: Limit one of each Pok\u00e9mon\n|rule|Dynamax Clause: You cannot dynamax\n|rule|Sleep Clause Mod: Limit one foe put to sleep\n|clearpoke\n|poke|p1|Slowbro, F|\n|poke|p1|Amoonguss, M|\n|poke|p1|Hawlucha, M|\n|poke|p1|Rillaboom, F|\n|poke|p1|Skarmory, M|\n|poke|p1|Marowak-Alola, M|\n|poke|p2|Breloom, M|\n|poke|p2|Landorus-Therian, M|\n|poke|p2|Zeraora|\n|poke|p2|Corviknight, M|\n|poke|p2|Zapdos-Galar|\n|poke|p2|Latios, M|\n|teampreview\n|\n|t:|1654171974\n|start\n|switch|p1a: Rillaboom|Rillaboom, F|100\/100\n|switch|p2a: Breloom|Breloom, M|100\/100\n|-fieldstart|move: Grassy Terrain|[from] ability: Grassy Surge|[of] p1a: Rillaboom\n|turn|1\n|inactive|Battle timer is ON: inactive players will automatically lose when time's up. (requested by Alu9204)\n|\n|t:|1654171985\n|switch|p2a: Corviknight|Corviknight, M|100\/100\n|-ability|p2a: Corviknight|Pressure\n|move|p1a: Rillaboom|U-turn|p2a: Corviknight\n|-resisted|p2a: Corviknight\n|-damage|p2a: Corviknight|93\/100\n|-damage|p1a: Rillaboom|84\/100|[from] item: Rocky Helmet|[of] p2a: Corviknight\n|\n|t:|1654171993\n|switch|p1a: Slowbro|Slowbro, F|100\/100|[from]move: U-turn\n|\n|upkeep\n|turn|2\n|\n|t:|1654171999\n|move|p2a: Corviknight|U-turn|p1a: Slowbro\n|-supereffective|p1a: Slowbro\n|-damage|p1a: Slowbro|82\/100\n|-damage|p2a: Corviknight|77\/100|[from] item: Rocky Helmet|[of] p1a: Slowbro\n|\n|t:|1654172003\n|switch|p2a: Landorus|Landorus-Therian, M|100\/100|[from]move: U-turn\n|-ability|p2a: Landorus|Intimidate|boost\n|-unboost|p1a: Slowbro|atk|1\n|move|p1a: Slowbro|Trick Room|p1a: Slowbro\n|-fieldstart|move: Trick Room|[of] p1a: Slowbro\n|\n|-heal|p1a: Slowbro|88\/100|[from] Grassy Terrain\n|upkeep\n|turn|3\n|\n|t:|1654172013\n|move|p1a: Slowbro|Scald|p2a: Landorus\n|-supereffective|p2a: Landorus\n|-damage|p2a: Landorus|38\/100\n|move|p2a: Landorus|U-turn|p1a: Slowbro\n|-supereffective|p1a: Slowbro\n|-damage|p1a: Slowbro|60\/100\n|-damage|p2a: Landorus|21\/100|[from] item: Rocky Helmet|[of] p1a: Slowbro\n|\n|t:|1654172036\n|switch|p2a: Latios|Latios, M|100\/100|[from]move: U-turn\n|\n|-heal|p1a: Slowbro|66\/100|[from] Grassy Terrain\n|upkeep\n|turn|4\n|\n|t:|1654172044\n|detailschange|p2a: Latios|Latios-Mega, M\n|-mega|p2a: Latios|Latios|Latiosite\n|move|p2a: Latios|Calm Mind|p2a: Latios\n|-boost|p2a: Latios|spa|1\n|-boost|p2a: Latios|spd|1\n|move|p1a: Slowbro|Teleport|p1a: Slowbro\n|\n|t:|1654172050\n|switch|p1a: Marowak|Marowak-Alola, M|100\/100|[from]move: Teleport\n|\n|upkeep\n|turn|5\n|\n|t:|1654172059\n|move|p1a: Marowak|Poltergeist|p2a: Latios\n|-activate|p2a: Latios|move: Poltergeist|Latiosite\n|-supereffective|p2a: Latios\n|-damage|p2a: Latios|0 fnt\n|faint|p2a: Latios\n|\n|-fieldend|move: Grassy Terrain\n|upkeep\n|\n|t:|1654172072\n|switch|p2a: Landorus|Landorus-Therian, M|21\/100\n|-ability|p2a: Landorus|Intimidate|boost\n|-unboost|p1a: Marowak|atk|1\n|turn|6\n|\n|t:|1654172077\n|switch|p2a: Corviknight|Corviknight, M|77\/100\n|-ability|p2a: Corviknight|Pressure\n|move|p1a: Marowak|Flare Blitz|p2a: Corviknight\n|-supereffective|p2a: Corviknight\n|-damage|p2a: Corviknight|0 fnt\n|-damage|p1a: Marowak|84\/100|[from] item: Rocky Helmet|[of] p2a: Corviknight\n|faint|p2a: Corviknight\n|\n|-fieldend|move: Trick Room\n|upkeep\n|\n|t:|1654172083\n|switch|p2a: Zeraora|Zeraora|100\/100\n|turn|7\n|\n|t:|1654172093\n|switch|p1a: Rillaboom|Rillaboom, F|84\/100\n|-fieldstart|move: Grassy Terrain|[from] ability: Grassy Surge|[of] p1a: Rillaboom\n|move|p2a: Zeraora|Knock Off|p1a: Rillaboom\n|-damage|p1a: Rillaboom|49\/100\n|-enditem|p1a: Rillaboom|Choice Band|[from] move: Knock Off|[of] p2a: Zeraora\n|\n|-heal|p1a: Rillaboom|55\/100|[from] Grassy Terrain\n|upkeep\n|turn|8\n|\n|t:|1654172104\n|switch|p2a: Landorus|Landorus-Therian, M|21\/100\n|-ability|p2a: Landorus|Intimidate|boost\n|-unboost|p1a: Rillaboom|atk|1\n|move|p1a: Rillaboom|Grassy Glide|p2a: Landorus\n|-damage|p2a: Landorus|0 fnt\n|faint|p2a: Landorus\n|\n|-heal|p1a: Rillaboom|61\/100|[from] Grassy Terrain\n|upkeep\n|\n|t:|1654172109\n|switch|p2a: Zapdos|Zapdos-Galar|100\/100\n|turn|9\n|\n|t:|1654172127\n|switch|p1a: Skarmory|Skarmory, M|100\/100\n|move|p2a: Zapdos|Brave Bird|p1a: Skarmory\n|-resisted|p1a: Skarmory\n|-damage|p1a: Skarmory|72\/100\n|-damage|p2a: Zapdos|84\/100|[from] item: Rocky Helmet|[of] p1a: Skarmory\n|-damage|p2a: Zapdos|74\/100|[from] Recoil\n|\n|upkeep\n|turn|10\n|-message|Alu9204 forfeited.\n|\n|win|Tadaki\n|raw|Tadaki's rating: 1552 &rarr; <strong>1567<\/strong><br \/>(+15 for winning)\n|raw|Alu9204's rating: 1458 &rarr; <strong>1443<\/strong><br \/>(-15 for losing)\n|l|\u2606Alu9204\n","uploadtime":1654172250,"views":10,"p1id":"tadaki","p2id":"alu9204","formatid":"gen8nationaldex","rating":1443,"private":0,"password":null}