{"id":"gen8ou-1691193750","p1":"ywkkdzz","p2":"alvar03","format":"gen8ou","log":"|html|<div class=\"broadcast-blue\"><strong>[Gen 8] OU is currently suspecting Melmetal! For information on how to participate check out the <a href=\"https:\/\/www.smogon.com\/forums\/threads\/np-ss-ou-suspect-process-round-12-monster-mash.3709234\/\">suspect thread<\/a>.<\/strong><\/div>\n|j|\u2606ywkkdzz\n|j|\u2606alvar03\n|t:|1666354920\n|gametype|singles\n|player|p1|ywkkdzz|roxanne|1617\n|player|p2|alvar03|alder|1756\n|teamsize|p1|6\n|teamsize|p2|6\n|gen|8\n|tier|[Gen 8] OU\n|rated|\n|rule|Sleep Clause Mod: Limit one foe put to sleep\n|rule|Species Clause: Limit one of each Pok\u00e9mon\n|rule|OHKO Clause: OHKO moves are banned\n|rule|Evasion Items Clause: Evasion items are banned\n|rule|Evasion Moves Clause: Evasion moves are banned\n|rule|Endless Battle Clause: Forcing endless battles is banned\n|rule|HP Percentage Mod: HP is shown in percentages\n|rule|Dynamax Clause: You cannot dynamax\n|clearpoke\n|poke|p1|Blaziken, M|\n|poke|p1|Darmanitan, F|\n|poke|p1|Torkoal, F|\n|poke|p1|Garchomp, F|\n|poke|p1|Zapdos-Galar|\n|poke|p1|Grimmsnarl, M|\n|poke|p2|Clefable, M|\n|poke|p2|Toxapex, F|\n|poke|p2|Tornadus-Therian, M|\n|poke|p2|Garchomp, M|\n|poke|p2|Jirachi|\n|poke|p2|Dragapult, F|\n|teampreview\n|\n|t:|1666354940\n|start\n|switch|p1a: Garchomp|Garchomp, F|100\/100\n|switch|p2a: Garchomp|Garchomp, M|100\/100\n|turn|1\n|inactive|Battle timer is ON: inactive players will automatically lose when time's up. (requested by alvar03)\n|\n|t:|1666354955\n|move|p2a: Garchomp|Earthquake|p1a: Garchomp\n|-damage|p1a: Garchomp|51\/100\n|move|p1a: Garchomp|Draco Meteor|p2a: Garchomp\n|-supereffective|p2a: Garchomp\n|-damage|p2a: Garchomp|0 fnt\n|-unboost|p1a: Garchomp|spa|2\n|faint|p2a: Garchomp\n|-damage|p1a: Garchomp|42\/100|[from] item: Life Orb\n|\n|upkeep\n|\n|t:|1666354960\n|switch|p2a: Dragapult|Dragapult, F|100\/100\n|turn|2\n|\n|t:|1666354968\n|switch|p1a: Grimmsnarl|Grimmsnarl, M|100\/100\n|move|p2a: Dragapult|U-turn|p1a: Grimmsnarl\n|-damage|p1a: Grimmsnarl|87\/100\n|\n|t:|1666354973\n|switch|p2a: Clefable|Clefable, M|100\/100|[from]move: U-turn\n|\n|upkeep\n|turn|3\n|\n|t:|1666354979\n|switch|p1a: Torkoal|Torkoal, F|100\/100\n|-weather|SunnyDay|[from] ability: Drought|[of] p1a: Torkoal\n|move|p2a: Clefable|Moonblast|p1a: Torkoal\n|-resisted|p1a: Torkoal\n|-damage|p1a: Torkoal|60\/100\n|-enditem|p1a: Torkoal|Eject Button\n|\n|t:|1666354993\n|switch|p1a: Darmanitan|Darmanitan, F|100\/100\n|\n|-weather|SunnyDay|[upkeep]\n|upkeep\n|turn|4\n|\n|t:|1666354999\n|switch|p2a: Toxapex|Toxapex, F|100\/100\n|move|p1a: Darmanitan|U-turn|p2a: Toxapex\n|-resisted|p2a: Toxapex\n|-damage|p2a: Toxapex|93\/100\n|-damage|p1a: Darmanitan|84\/100|[from] item: Rocky Helmet|[of] p2a: Toxapex\n|\n|t:|1666355007\n|switch|p1a: Garchomp|Garchomp, F|42\/100|[from]move: U-turn\n|\n|-weather|SunnyDay|[upkeep]\n|upkeep\n|turn|5\n|\n|t:|1666355014\n|switch|p2a: Tornadus|Tornadus-Therian, M|100\/100\n|move|p1a: Garchomp|Stone Edge|p2a: Tornadus\n|-supereffective|p2a: Tornadus\n|-crit|p2a: Tornadus\n|-damage|p2a: Tornadus|0 fnt\n|faint|p2a: Tornadus\n|-damage|p1a: Garchomp|32\/100|[from] item: Life Orb\n|\n|-weather|SunnyDay|[upkeep]\n|upkeep\n|\n|t:|1666355018\n|switch|p2a: Dragapult|Dragapult, F|100\/100\n|turn|6\n|\n|t:|1666355040\n|switch|p1a: Grimmsnarl|Grimmsnarl, M|87\/100\n|move|p2a: Dragapult|Hex|p1a: Grimmsnarl\n|-resisted|p1a: Grimmsnarl\n|-damage|p1a: Grimmsnarl|72\/100\n|\n|-weather|SunnyDay|[upkeep]\n|upkeep\n|turn|7\n|\n|t:|1666355056\n|move|p2a: Dragapult|U-turn|p1a: Grimmsnarl\n|-damage|p1a: Grimmsnarl|57\/100\n|\n|t:|1666355063\n|switch|p2a: Jirachi|Jirachi|100\/100|[from]move: U-turn\n|move|p1a: Grimmsnarl|Play Rough|p2a: Jirachi\n|-resisted|p2a: Jirachi\n|-damage|p2a: Jirachi|86\/100\n|-unboost|p2a: Jirachi|atk|1\n|\n|-weather|none\n|-heal|p2a: Jirachi|92\/100|[from] item: Leftovers\n|upkeep\n|turn|8\n|\n|t:|1666355074\n|move|p1a: Grimmsnarl|Taunt|p2a: Jirachi\n|-start|p2a: Jirachi|move: Taunt\n|move|p2a: Jirachi|U-turn|p1a: Grimmsnarl\n|-damage|p1a: Grimmsnarl|48\/100\n|\n|t:|1666355084\n|switch|p2a: Clefable|Clefable, M|100\/100|[from]move: U-turn\n|\n|upkeep\n|turn|9\n|\n|t:|1666355090\n|switch|p1a: Torkoal|Torkoal, F|60\/100\n|-weather|SunnyDay|[from] ability: Drought|[of] p1a: Torkoal\n|move|p2a: Clefable|Moonblast|p1a: Torkoal\n|-resisted|p1a: Torkoal\n|-damage|p1a: Torkoal|26\/100\n|\n|-weather|SunnyDay|[upkeep]\n|upkeep\n|turn|10\n|\n|t:|1666355102\n|move|p2a: Clefable|Moonblast|p1a: Torkoal\n|-resisted|p1a: Torkoal\n|-damage|p1a: Torkoal|0 fnt\n|faint|p1a: Torkoal\n|\n|-weather|SunnyDay|[upkeep]\n|upkeep\n|inactive|ywkkdzz has 120 seconds left.\n|\n|t:|1666355128\n|switch|p1a: Blaziken|Blaziken, M|100\/100\n|-item|p1a: Blaziken|Air Balloon\n|turn|11\n|\n|t:|1666355135\n|move|p1a: Blaziken|Swords Dance|p1a: Blaziken\n|-boost|p1a: Blaziken|atk|2\n|move|p2a: Clefable|Moonblast|p1a: Blaziken\n|-damage|p1a: Blaziken|21\/100\n|-unboost|p1a: Blaziken|spa|1\n|-enditem|p1a: Blaziken|Air Balloon\n|\n|-weather|SunnyDay|[upkeep]\n|-ability|p1a: Blaziken|Speed Boost|boost\n|-boost|p1a: Blaziken|spe|1\n|upkeep\n|turn|12\n|\n|t:|1666355147\n|switch|p2a: Jirachi|Jirachi|92\/100\n|move|p1a: Blaziken|Thunder Punch|p2a: Jirachi\n|-damage|p2a: Jirachi|47\/100\n|\n|-weather|SunnyDay|[upkeep]\n|-heal|p2a: Jirachi|53\/100|[from] item: Leftovers\n|-ability|p1a: Blaziken|Speed Boost|boost\n|-boost|p1a: Blaziken|spe|1\n|upkeep\n|turn|13\n|\n|t:|1666355161\n|move|p1a: Blaziken|Close Combat|p2a: Jirachi\n|-damage|p2a: Jirachi|0 fnt\n|-unboost|p1a: Blaziken|def|1\n|-unboost|p1a: Blaziken|spd|1\n|faint|p2a: Jirachi\n|\n|-weather|none\n|-ability|p1a: Blaziken|Speed Boost|boost\n|-boost|p1a: Blaziken|spe|1\n|upkeep\n|\n|t:|1666355164\n|switch|p2a: Dragapult|Dragapult, F|100\/100\n|turn|14\n|\n|t:|1666355175\n|move|p1a: Blaziken|Flare Blitz|p2a: Dragapult\n|-resisted|p2a: Dragapult\n|-damage|p2a: Dragapult|10\/100\n|-damage|p1a: Blaziken|0 fnt|[from] Recoil\n|faint|p1a: Blaziken\n|move|p2a: Dragapult|Hex|p1: Blaziken|[notarget]\n|-fail|p2a: Dragapult\n|\n|-heal|p2a: Dragapult|16\/100|[from] item: Leftovers\n|upkeep\n|\n|t:|1666355187\n|switch|p1a: Darmanitan|Darmanitan, F|84\/100\n|turn|15\n|\n|t:|1666355191\n|switch|p2a: Clefable|Clefable, M|100\/100\n|move|p1a: Darmanitan|Earthquake|p2a: Clefable\n|-damage|p2a: Clefable|57\/100\n|\n|upkeep\n|turn|16\n|\n|t:|1666355200\n|move|p1a: Darmanitan|Earthquake|p2a: Clefable\n|-damage|p2a: Clefable|17\/100\n|move|p2a: Clefable|Thunderbolt|p1a: Darmanitan\n|-damage|p1a: Darmanitan|28\/100\n|\n|upkeep\n|turn|17\n|\n|t:|1666355207\n|move|p1a: Darmanitan|Earthquake|p2a: Clefable\n|-damage|p2a: Clefable|0 fnt\n|faint|p2a: Clefable\n|\n|upkeep\n|\n|t:|1666355208\n|switch|p2a: Toxapex|Toxapex, F|100\/100\n|turn|18\n|\n|t:|1666355214\n|switch|p1a: Garchomp|Garchomp, F|32\/100\n|move|p2a: Toxapex|Scald|p1a: Garchomp\n|-damage|p1a: Garchomp|13\/100\n|\n|upkeep\n|turn|19\n|\n|t:|1666355223\n|move|p1a: Garchomp|Earthquake|p2a: Toxapex\n|-supereffective|p2a: Toxapex\n|-damage|p2a: Toxapex|4\/100\n|-damage|p1a: Garchomp|4\/100|[from] item: Life Orb\n|move|p2a: Toxapex|Recover|p2a: Toxapex\n|-heal|p2a: Toxapex|55\/100\n|\n|upkeep\n|turn|20\n|\n|t:|1666355231\n|switch|p2a: Dragapult|Dragapult, F|16\/100\n|move|p1a: Garchomp|Earthquake|p2a: Dragapult\n|-damage|p2a: Dragapult|0 fnt\n|faint|p2a: Dragapult\n|-damage|p1a: Garchomp|0 fnt|[from] item: Life Orb\n|faint|p1a: Garchomp\n|\n|upkeep\n|\n|t:|1666355248\n|switch|p2a: Toxapex|Toxapex, F|88\/100\n|switch|p1a: Zapdos|Zapdos-Galar|100\/100\n|turn|21\n|\n|t:|1666355260\n|switch|p1a: Darmanitan|Darmanitan, F|28\/100\n|move|p2a: Toxapex|Recover|p2a: Toxapex\n|-heal|p2a: Toxapex|100\/100\n|\n|upkeep\n|turn|22\n|\n|t:|1666355267\n|move|p1a: Darmanitan|Earthquake|p2a: Toxapex\n|-supereffective|p2a: Toxapex\n|-damage|p2a: Toxapex|58\/100\n|move|p2a: Toxapex|Scald|p1a: Darmanitan\n|-supereffective|p1a: Darmanitan\n|-damage|p1a: Darmanitan|0 fnt\n|faint|p1a: Darmanitan\n|\n|upkeep\n|\n|t:|1666355277\n|switch|p1a: Zapdos|Zapdos-Galar|100\/100\n|turn|23\n|\n|t:|1666355281\n|move|p1a: Zapdos|Brave Bird|p2a: Toxapex\n|-damage|p2a: Toxapex|1\/100\n|-damage|p1a: Zapdos|84\/100|[from] item: Rocky Helmet|[of] p2a: Toxapex\n|-damage|p1a: Zapdos|67\/100|[from] Recoil\n|move|p2a: Toxapex|Recover|p2a: Toxapex\n|-heal|p2a: Toxapex|51\/100\n|\n|upkeep\n|turn|24\n|\n|t:|1666355290\n|move|p1a: Zapdos|Brave Bird|p2a: Toxapex\n|-damage|p2a: Toxapex|0 fnt\n|-damage|p1a: Zapdos|50\/100|[from] item: Rocky Helmet|[of] p2a: Toxapex\n|faint|p2a: Toxapex\n|-damage|p1a: Zapdos|34\/100|[from] Recoil\n|\n|win|ywkkdzz\n|raw|ywkkdzz's rating: 1617 &rarr; <strong>1645<\/strong><br \/>(+28 for winning)\n|raw|alvar03's rating: 1756 &rarr; <strong>1728<\/strong><br \/>(-28 for losing)\n|c|\u2606alvar03|is that adamant\n||Ladder isn't responding, score probably updated but might not have (Request timeout).\n","uploadtime":1666355312,"views":15,"p1id":"ywkkdzz","p2id":"alvar03","formatid":"gen8ou","rating":1645,"private":0,"password":null}