{"id":"gen8ou-1669835982","p1":"LT94Jebait","p2":"broked on bricks","format":"gen8ou","log":"|j|\u2606LT94Jebait\n|j|\u2606broked on bricks\n|t:|1664100230\n|gametype|singles\n|player|p1|LT94Jebait|2|\n|player|p2|broked on bricks|will-gen2|\n|teamsize|p1|6\n|teamsize|p2|6\n|gen|8\n|tier|[Gen 8] OU\n|rule|Sleep Clause Mod: Limit one foe put to sleep\n|rule|Species Clause: Limit one of each Pok\u00e9mon\n|rule|OHKO Clause: OHKO moves are banned\n|rule|Evasion Items Clause: Evasion items are banned\n|rule|Evasion Moves Clause: Evasion moves are banned\n|rule|Endless Battle Clause: Forcing endless battles is banned\n|rule|HP Percentage Mod: HP is shown in percentages\n|rule|Dynamax Clause: You cannot dynamax\n|clearpoke\n|poke|p1|Dragapult, F|\n|poke|p1|Clefable, F|\n|poke|p1|Tyranitar, F|\n|poke|p1|Buzzwole|\n|poke|p1|Slowking, M|\n|poke|p1|Excadrill, F|\n|poke|p2|Rotom-Wash|\n|poke|p2|Weavile, M|\n|poke|p2|Landorus-Therian, M|\n|poke|p2|Heatran, M|\n|poke|p2|Tangrowth, F|\n|poke|p2|Melmetal|\n|teampreview\n|c|\u2606LT94Jebait|hf hf\n|c|\u2606broked on bricks|u2 man, a similar idea team has recently been very popular\/dominant in OLT\n|c|\u2606broked on bricks|I like the idea\n|c|\u2606LT94Jebait|o dang\n|c|\u2606LT94Jebait|made this in early august\n|c|\u2606broked on bricks|but that team is hippo > ttar, glowking > slowking\n|c|\u2606LT94Jebait|ahh cool\n|c|\u2606broked on bricks|and sometimes pivot mon > buzz\n|c|\u2606broked on bricks|but yeah\n|c|\u2606broked on bricks|you're ahead of the curve\n|\n|t:|1664100344\n|start\n|switch|p1a: roll the dice|Dragapult, F|100\/100\n|switch|p2a: Melmetal|Melmetal|100\/100\n|turn|1\n|\n|t:|1664100360\n|move|p1a: roll the dice|U-turn|p2a: Melmetal\n|-resisted|p2a: Melmetal\n|-damage|p2a: Melmetal|94\/100\n|\n|t:|1664100364\n|switch|p1a: shellfish turban|Slowking, M|100\/100|[from]move: U-turn\n|move|p2a: Melmetal|Double Iron Bash|p1a: shellfish turban\n|-resisted|p1a: shellfish turban\n|-damage|p1a: shellfish turban|84\/100\n|-resisted|p1a: shellfish turban\n|-damage|p1a: shellfish turban|67\/100\n|-hitcount|p1a: shellfish turban|2\n|\n|upkeep\n|turn|2\n|\n|t:|1664100420\n|move|p2a: Melmetal|Thunder Punch|p1a: shellfish turban\n|-supereffective|p1a: shellfish turban\n|-damage|p1a: shellfish turban|6\/100\n|move|p1a: shellfish turban|Scald|p2a: Melmetal\n|-damage|p2a: Melmetal|79\/100\n|-status|p2a: Melmetal|brn\n|\n|-damage|p2a: Melmetal|73\/100 brn|[from] brn\n|upkeep\n|turn|3\n|c|\u2606LT94Jebait|water's too hot....\n|c|\u2606broked on bricks|ye that's not ideal tbh\n|\n|t:|1664100462\n|move|p2a: Melmetal|Thunder Punch|p1a: shellfish turban\n|-supereffective|p1a: shellfish turban\n|-damage|p1a: shellfish turban|0 fnt\n|faint|p1a: shellfish turban\n|\n|-damage|p2a: Melmetal|66\/100 brn|[from] brn\n|upkeep\n|\n|t:|1664100468\n|switch|p1a: knows the drill|Excadrill, F|100\/100\n|turn|4\n|\n|t:|1664100476\n|move|p1a: knows the drill|Earthquake|p2a: Melmetal\n|-supereffective|p2a: Melmetal\n|-damage|p2a: Melmetal|20\/100 brn\n|move|p2a: Melmetal|Earthquake|p1a: knows the drill\n|-supereffective|p1a: knows the drill\n|-damage|p1a: knows the drill|54\/100\n|\n|-heal|p1a: knows the drill|60\/100|[from] item: Leftovers\n|-damage|p2a: Melmetal|14\/100 brn|[from] brn\n|upkeep\n|turn|5\n|\n|t:|1664100485\n|switch|p2a: Landorus|Landorus-Therian, M|100\/100\n|-ability|p2a: Landorus|Intimidate|boost\n|-unboost|p1a: knows the drill|atk|1\n|move|p1a: knows the drill|Earthquake|p2a: Landorus\n|-immune|p2a: Landorus\n|\n|-heal|p1a: knows the drill|66\/100|[from] item: Leftovers\n|upkeep\n|turn|6\n|\n|t:|1664100494\n|switch|p1a: le diable clef|Clefable, F|100\/100\n|move|p2a: Landorus|U-turn|p1a: le diable clef\n|-resisted|p1a: le diable clef\n|-damage|p1a: le diable clef|92\/100\n|-damage|p2a: Landorus|84\/100|[from] item: Rocky Helmet|[of] p1a: le diable clef\n|\n|t:|1664100519\n|switch|p2a: Heatran|Heatran, M|100\/100|[from]move: U-turn\n|-item|p2a: Heatran|Air Balloon\n|\n|upkeep\n|turn|7\n|\n|t:|1664100528\n|switch|p1a: dune surfer|Tyranitar, F|100\/100\n|-weather|Sandstorm|[from] ability: Sand Stream|[of] p1a: dune surfer\n|move|p2a: Heatran|Eruption|p1a: dune surfer\n|-resisted|p1a: dune surfer\n|-damage|p1a: dune surfer|84\/100\n|\n|-weather|Sandstorm|[upkeep]\n|-heal|p1a: dune surfer|90\/100|[from] item: Leftovers\n|upkeep\n|turn|8\n|\n|t:|1664100537\n|move|p2a: Heatran|Stealth Rock|p1a: dune surfer\n|-sidestart|p1: LT94Jebait|move: Stealth Rock\n|move|p1a: dune surfer|Stealth Rock|p2a: Heatran\n|-sidestart|p2: broked on bricks|move: Stealth Rock\n|\n|-weather|Sandstorm|[upkeep]\n|-heal|p1a: dune surfer|96\/100|[from] item: Leftovers\n|upkeep\n|turn|9\n|\n|t:|1664100543\n|switch|p2a: Tangrowth|Tangrowth, F|100\/100\n|-damage|p2a: Tangrowth|88\/100|[from] Stealth Rock\n|move|p1a: dune surfer|Toxic|p2a: Tangrowth\n|-status|p2a: Tangrowth|tox\n|\n|-weather|Sandstorm|[upkeep]\n|-damage|p2a: Tangrowth|82\/100 tox|[from] Sandstorm\n|-heal|p1a: dune surfer|100\/100|[from] item: Leftovers\n|-damage|p2a: Tangrowth|76\/100 tox|[from] psn\n|upkeep\n|turn|10\n|c|\u2606broked on bricks|ohoh\n|c|\u2606broked on bricks|nice\n|\n|t:|1664100556\n|switch|p1a: le diable clef|Clefable, F|92\/100\n|move|p2a: Tangrowth|Sleep Powder|p1a: le diable clef\n|-status|p1a: le diable clef|slp|[from] move: Sleep Powder\n|\n|-weather|Sandstorm|[upkeep]\n|-damage|p2a: Tangrowth|70\/100 tox|[from] Sandstorm\n|-damage|p2a: Tangrowth|57\/100 tox|[from] psn\n|upkeep\n|turn|11\n|\n|t:|1664100572\n|cant|p1a: le diable clef|slp\n|move|p2a: Tangrowth|Knock Off|p1a: le diable clef\n|-resisted|p1a: le diable clef\n|-damage|p1a: le diable clef|82\/100 slp\n|-damage|p2a: Tangrowth|41\/100 tox|[from] item: Rocky Helmet|[of] p1a: le diable clef\n|-enditem|p1a: le diable clef|Rocky Helmet|[from] move: Knock Off|[of] p2a: Tangrowth\n|\n|-weather|none\n|-damage|p2a: Tangrowth|22\/100 tox|[from] psn\n|upkeep\n|turn|12\n|\n|t:|1664100584\n|switch|p2a: Rotom|Rotom-Wash|100\/100\n|-damage|p2a: Rotom|88\/100|[from] Stealth Rock\n|cant|p1a: le diable clef|slp\n|\n|-heal|p2a: Rotom|94\/100|[from] item: Leftovers\n|upkeep\n|turn|13\n|\n|t:|1664100603\n|move|p2a: Rotom|Hydro Pump|p1a: le diable clef\n|-damage|p1a: le diable clef|47\/100 slp\n|cant|p1a: le diable clef|slp\n|\n|-heal|p2a: Rotom|100\/100|[from] item: Leftovers\n|upkeep\n|turn|14\n|c|\u2606broked on bricks|sorry for long sleep\n|\n|t:|1664100615\n|switch|p2a: Melmetal|Melmetal|14\/100 brn\n|-damage|p2a: Melmetal|8\/100 brn|[from] Stealth Rock\n|-curestatus|p1a: le diable clef|slp|[msg]\n|move|p1a: le diable clef|Soft-Boiled|p1a: le diable clef\n|-heal|p1a: le diable clef|97\/100\n|\n|-damage|p2a: Melmetal|1\/100 brn|[from] brn\n|upkeep\n|turn|15\n|c|\u2606LT94Jebait|reveal np\n|c|\u2606broked on bricks|lmao he knows\n|\n|t:|1664100638\n|switch|p1a: new kid|Buzzwole|100\/100\n|move|p2a: Melmetal|Double Iron Bash|p1a: new kid\n|-damage|p1a: new kid|88\/100\n|-damage|p1a: new kid|74\/100\n|-hitcount|p1a: new kid|2\n|\n|-damage|p2a: Melmetal|0 fnt|[from] brn\n|faint|p2a: Melmetal\n|upkeep\n|c|\u2606LT94Jebait|so my old build had helm buzzwole\n|c|\u2606LT94Jebait|i died so hard to tspikes\n|c|\u2606LT94Jebait|i couldn't spin consistently\n|c|\u2606LT94Jebait|especially if they had a helm user\n|c|\u2606LT94Jebait|so now i'm trying hdb\n|c|\u2606broked on bricks|yeah I like that\n|c|\u2606LT94Jebait|idk if i like not being able to punish bash though :')\n|c|\u2606broked on bricks|it's common to see 3 atk + roost sets with boots\n|\n|t:|1664100705\n|switch|p2a: Heatran|Heatran, M|100\/100\n|-damage|p2a: Heatran|88\/100|[from] Stealth Rock\n|-item|p2a: Heatran|Air Balloon\n|turn|16\n|\n|t:|1664100721\n|switch|p1a: dune surfer|Tyranitar, F|100\/100\n|-damage|p1a: dune surfer|88\/100|[from] Stealth Rock\n|-weather|Sandstorm|[from] ability: Sand Stream|[of] p1a: dune surfer\n|move|p2a: Heatran|Eruption|p1a: dune surfer\n|-resisted|p1a: dune surfer\n|-damage|p1a: dune surfer|74\/100\n|\n|-weather|Sandstorm|[upkeep]\n|-heal|p1a: dune surfer|80\/100|[from] item: Leftovers\n|upkeep\n|turn|17\n|\n|t:|1664100742\n|switch|p2a: Landorus|Landorus-Therian, M|84\/100\n|-damage|p2a: Landorus|72\/100|[from] Stealth Rock\n|-ability|p2a: Landorus|Intimidate|boost\n|-unboost|p1a: dune surfer|atk|1\n|move|p1a: dune surfer|Rock Slide|p2a: Landorus\n|-damage|p2a: Landorus|49\/100\n|\n|-weather|Sandstorm|[upkeep]\n|-heal|p2a: Landorus|55\/100|[from] item: Leftovers\n|-heal|p1a: dune surfer|87\/100|[from] item: Leftovers\n|upkeep\n|turn|18\n|\n|t:|1664100762\n|switch|p1a: le diable clef|Clefable, F|97\/100\n|move|p2a: Landorus|Earthquake|p1a: le diable clef\n|-damage|p1a: le diable clef|59\/100\n|\n|-weather|Sandstorm|[upkeep]\n|-heal|p2a: Landorus|61\/100|[from] item: Leftovers\n|upkeep\n|turn|19\n|\n|t:|1664100768\n|switch|p2a: Rotom|Rotom-Wash|100\/100\n|-damage|p2a: Rotom|88\/100|[from] Stealth Rock\n|move|p1a: le diable clef|Soft-Boiled|p1a: le diable clef\n|-heal|p1a: le diable clef|100\/100\n|\n|-weather|Sandstorm|[upkeep]\n|-damage|p2a: Rotom|82\/100|[from] Sandstorm\n|-heal|p2a: Rotom|88\/100|[from] item: Leftovers\n|upkeep\n|turn|20\n|\n|t:|1664100783\n|move|p2a: Rotom|Nasty Plot|p2a: Rotom\n|-boost|p2a: Rotom|spa|2\n|move|p1a: le diable clef|Knock Off|p2a: Rotom\n|-damage|p2a: Rotom|72\/100\n|-enditem|p2a: Rotom|Leftovers|[from] move: Knock Off|[of] p1a: le diable clef\n|\n|-weather|none\n|upkeep\n|turn|21\n|c|\u2606LT94Jebait|wait i have a family\n|c|\u2606broked on bricks|I'm plotting something nasty\n|\n|t:|1664100828\n|switch|p1a: roll the dice|Dragapult, F|100\/100\n|move|p2a: Rotom|Nasty Plot|p2a: Rotom\n|-boost|p2a: Rotom|spa|2\n|\n|upkeep\n|turn|22\n|\n|t:|1664100862\n|switch|p2a: Heatran|Heatran, M|88\/100\n|-damage|p2a: Heatran|76\/100|[from] Stealth Rock\n|-item|p2a: Heatran|Air Balloon\n|move|p1a: roll the dice|Dragon Darts|p2a: Heatran\n|-resisted|p2a: Heatran\n|-damage|p2a: Heatran|63\/100\n|-enditem|p2a: Heatran|Air Balloon\n|-anim|p1a: roll the dice|Dragon Darts|p2a: Heatran\n|-resisted|p2a: Heatran\n|-damage|p2a: Heatran|52\/100\n|\n|upkeep\n|turn|23\n|c|\u2606broked on bricks|ooh\n|c|\u2606LT94Jebait|haha you've seen this team of mine\n|c|\u2606broked on bricks|no I was expecting draco\n|c|\u2606LT94Jebait|but then again you've probably seen 200 teams since then\n|\n|t:|1664100901\n|switch|p2a: Tangrowth|Tangrowth, F|55\/100 tox\n|-damage|p2a: Tangrowth|43\/100 tox|[from] Stealth Rock\n|move|p1a: roll the dice|U-turn|p2a: Tangrowth\n|-supereffective|p2a: Tangrowth\n|-damage|p2a: Tangrowth|21\/100 tox\n|-damage|p1a: roll the dice|84\/100|[from] item: Rocky Helmet|[of] p2a: Tangrowth\n|c|\u2606broked on bricks|ah right yeah you've made so many strong teams\n|c|\u2606LT94Jebait|get sand chipped heh\n|\n|t:|1664100914\n|switch|p1a: dune surfer|Tyranitar, F|87\/100|[from]move: U-turn\n|-damage|p1a: dune surfer|74\/100|[from] Stealth Rock\n|-weather|Sandstorm|[from] ability: Sand Stream|[of] p1a: dune surfer\n|\n|-weather|Sandstorm|[upkeep]\n|-damage|p2a: Tangrowth|14\/100 tox|[from] Sandstorm\n|-heal|p1a: dune surfer|80\/100|[from] item: Leftovers\n|-damage|p2a: Tangrowth|8\/100 tox|[from] psn\n|upkeep\n|turn|24\n|c|\u2606broked on bricks|I gotta eat dinner after this\n|c|\u2606LT94Jebait|kk\n|c|\u2606LT94Jebait|ty for test\n|c|\u2606broked on bricks|but I'll be back\n|\n|t:|1664100933\n|switch|p2a: Heatran|Heatran, M|52\/100\n|-damage|p2a: Heatran|39\/100|[from] Stealth Rock\n|move|p1a: dune surfer|Rock Slide|p2a: Heatran\n|-damage|p2a: Heatran|7\/100\n|\n|-weather|Sandstorm|[upkeep]\n|-heal|p1a: dune surfer|87\/100|[from] item: Leftovers\n|upkeep\n|turn|25\n|\n|t:|1664100942\n|move|p2a: Heatran|Earth Power|p1a: dune surfer\n|-supereffective|p1a: dune surfer\n|-damage|p1a: dune surfer|61\/100\n|move|p1a: dune surfer|Earthquake|p2a: Heatran\n|-supereffective|p2a: Heatran\n|-damage|p2a: Heatran|0 fnt\n|faint|p2a: Heatran\n|\n|-weather|Sandstorm|[upkeep]\n|-heal|p1a: dune surfer|67\/100|[from] item: Leftovers\n|upkeep\n|\n|t:|1664100952\n|switch|p2a: Rotom|Rotom-Wash|72\/100\n|-damage|p2a: Rotom|60\/100|[from] Stealth Rock\n|turn|26\n|\n|t:|1664100963\n|switch|p1a: knows the drill|Excadrill, F|66\/100\n|-damage|p1a: knows the drill|63\/100|[from] Stealth Rock\n|move|p2a: Rotom|Nasty Plot|p2a: Rotom\n|-boost|p2a: Rotom|spa|2\n|\n|-weather|Sandstorm|[upkeep]\n|-damage|p2a: Rotom|53\/100|[from] Sandstorm\n|-heal|p1a: knows the drill|69\/100|[from] item: Leftovers\n|upkeep\n|turn|27\n|\n|t:|1664100969\n|move|p1a: knows the drill|Toxic|p2a: Rotom\n|-status|p2a: Rotom|tox\n|move|p2a: Rotom|Hydro Pump|p1a: knows the drill\n|-supereffective|p1a: knows the drill\n|-damage|p1a: knows the drill|0 fnt\n|faint|p1a: knows the drill\n|\n|-weather|none\n|-damage|p2a: Rotom|47\/100 tox|[from] psn\n|upkeep\n|c|\u2606broked on bricks|NO\n|\n|t:|1664100973\n|switch|p1a: roll the dice|Dragapult, F|84\/100\n|turn|28\n|\n|t:|1664100989\n|switch|p2a: Tangrowth|Tangrowth, F|41\/100 tox\n|-damage|p2a: Tangrowth|29\/100 tox|[from] Stealth Rock\n|move|p1a: roll the dice|Hex|p2a: Tangrowth\n|-damage|p2a: Tangrowth|0 fnt\n|faint|p2a: Tangrowth\n|\n|upkeep\n|\n|t:|1664101005\n|switch|p2a: Weavile|Weavile, M|100\/100\n|-damage|p2a: Weavile|76\/100|[from] Stealth Rock\n|-ability|p2a: Weavile|Pressure\n|turn|29\n|\n|t:|1664101017\n|move|p1a: roll the dice|U-turn|p2a: Weavile\n|-supereffective|p2a: Weavile\n|-damage|p2a: Weavile|0 fnt\n|faint|p2a: Weavile\n|\n|t:|1664101023\n|switch|p1a: le diable clef|Clefable, F|100\/100|[from]move: U-turn\n|\n|upkeep\n|c|\u2606broked on bricks|god-tier set\n|c|\u2606broked on bricks|ggs\n|c|\u2606broked on bricks|too good for me\n|c|\u2606LT94Jebait|ggs man\n|c|\u2606LT94Jebait|lucky burn\n|c|\u2606LT94Jebait|i knew from preview i had to go for it\n|c|\u2606broked on bricks|no, bad idea of risk\n|c|\u2606broked on bricks|I thought it was double to buzzwole tho\n|c|\u2606broked on bricks|should have considered the scald\n|c|\u2606broked on bricks|wanted to check helmet\n|c|\u2606LT94Jebait|melm destroyed me and i didn't have helm to punish bash\n|c|\u2606broked on bricks|yeah that's why I thought you were helmet 100%\n|c|\u2606LT94Jebait|idk i might change my spread cuz right now i'm the suggested adamant spread\n|c|\u2606LT94Jebait|yee i originally built with helm\n|c|\u2606broked on bricks|I suppose the initial switch of slowking should've hinted\n|c|\u2606LT94Jebait|but hazards destroy buzzwole sooo hard\n|c|\u2606LT94Jebait|and i can't consistently keep them off the field\n|c|\u2606LT94Jebait|cuz i trade status while opponent sets hazards\n|c|\u2606broked on bricks|yeah, maybe defog rotom > slowking?\n|c|\u2606LT94Jebait|so pult can hex late game\n|c|\u2606LT94Jebait|yee good thought\n|c|\u2606broked on bricks|or perhaps just pivot rotom to get exca in for removal?\n|c|\u2606LT94Jebait|lele cucks me hard\n|c|\u2606broked on bricks|toxic\/wisp scares out landorus which means you can pivot\n|c|\u2606broked on bricks|yeah that's why glowking+ttar cores are a thing now\n|c|\u2606LT94Jebait|!code\n|c|\u2606LT94Jebait|\/raw <div class=\"infobox\"><details class=\"readmore code\" style=\"white-space: pre-wrap; display: table; tab-size: 3\"><summary>Buzzwole @ Rocky Helmet<br \/>Level: 100<br \/>Adamant Nature<\/summary>Ability: Beast Boost<br \/>EVs: 152 HP &#x2f; 168 Atk &#x2f; 188 Spe<br \/>- Close Combat<br \/>- Ice Punch<br \/>- Roost<br \/>- Poison Jab<\/details><\/div>\n|c|\u2606LT94Jebait|116 Atk Iron Fist Melmetal Double Iron Bash (2 hits) vs. 152 HP \/ 0 Def Buzzwole: 174-206 (44.2 - 52.4%) -- approx. 10.5% chance to 2HKO\n|c|\u2606LT94Jebait|eeek\n|c|\u2606LT94Jebait|252+ Atk Iron Fist Melmetal Double Iron Bash (2 hits) vs. 152 HP \/ 0 Def Buzzwole: 210-248 (53.4 - 63.1%) -- approx. 2HKO\n|c|\u2606broked on bricks|https:\/\/replay.pokemonshowdown.com\/smogtours-gen8ou-649746\n|c|\u2606broked on bricks|here's an example game\n|c|\u2606broked on bricks|with a team similar to yours\n|c|\u2606broked on bricks|i gtg eat I'll brb in 30-45\n|c|\u2606LT94Jebait|252+ Atk Iron Fist Melmetal Double Iron Bash (2 hits) vs. 240 HP \/ 156+ Def Buzzwole: 168-200 (40.4 - 48.1%) -- approx. 2.7% chance to 2HKO after sandstorm damage\n|c|\u2606LT94Jebait|np\n|c|\u2606LT94Jebait|cya man\n|-message|LT94Jebait forfeited.\n|\n|win|broked on bricks\n","uploadtime":1664101366,"views":8,"p1id":"lt94jebait","p2id":"brokedonbricks","formatid":"gen8ou","rating":0,"private":0,"password":null}