{"id":"gen8ou-1268068460","p1":"smart fool","p2":"legitteambuilder","format":"gen8ou","log":"|html|<div class=\"broadcast-blue\"><strong>[Gen 8] OU is currently suspecting Spectrier! For information on how to participate check out the <a href=\"https:\/\/www.smogon.com\/forums\/threads\/np-ss-ou-suspect-process-round-9-old-town-road.3676744\/\">suspect thread<\/a>.<\/strong><\/div>\n|j|\u2606smart fool\n|j|\u2606legitteambuilder\n|t:|1611422456\n|player|p1|smart fool|morty|1598\n|player|p2|legitteambuilder|lance|1635\n|teamsize|p1|6\n|teamsize|p2|6\n|gametype|singles\n|gen|8\n|tier|[Gen 8] OU\n|rated|\n|clearpoke\n|poke|p1|Tyranitar, M|\n|poke|p1|Skarmory, M|\n|poke|p1|Toxapex, F|\n|poke|p1|Tornadus-Therian, M|\n|poke|p1|Excadrill, M|\n|poke|p1|Landorus-Therian, M|\n|poke|p2|Ferrothorn, F|\n|poke|p2|Landorus-Therian, M|\n|poke|p2|Tapu Lele|\n|poke|p2|Toxapex, F|\n|poke|p2|Cinderace, F|\n|poke|p2|Hydreigon, M|\n|rule|Sleep Clause Mod: Limit one foe put to sleep\n|rule|Species Clause: Limit one of each Pok\u00e9mon\n|rule|OHKO Clause: OHKO moves are banned\n|rule|Evasion Moves Clause: Evasion moves are banned\n|rule|Endless Battle Clause: Forcing endless battles is banned\n|rule|HP Percentage Mod: HP is shown in percentages\n|rule|Dynamax Clause: You cannot dynamax\n|teampreview\n|\n|t:|1611422481\n|start\n|switch|p1a: Skarmory|Skarmory, M|100\/100\n|switch|p2a: Iniesta|Cinderace, F|100\/100\n|turn|1\n|\n|t:|1611422491\n|switch|p2a: Yo Pierre|Tapu Lele, shiny|100\/100\n|-fieldstart|move: Psychic Terrain|[from] ability: Psychic Surge|[of] p2a: Yo Pierre\n|move|p1a: Skarmory|Spikes|p2a: Yo Pierre\n|-sidestart|p2: legitteambuilder|Spikes\n|\n|upkeep\n|turn|2\n|\n|t:|1611422497\n|move|p2a: Yo Pierre|Focus Blast|p1a: Skarmory\n|-damage|p1a: Skarmory|21\/100\n|move|p1a: Skarmory|Toxic|p2a: Yo Pierre\n|-status|p2a: Yo Pierre|tox\n|\n|-damage|p2a: Yo Pierre|94\/100 tox|[from] psn\n|upkeep\n|turn|3\n|\n|t:|1611422509\n|switch|p2a: aaaaAAA\u1d43\u1d43\u1d43\u1d43|Hydreigon, M, shiny|100\/100\n|switch|p1a: Tornadus|Tornadus-Therian, M|100\/100\n|\n|upkeep\n|turn|4\n|\n|t:|1611422513\n|move|p1a: Tornadus|Nasty Plot|p1a: Tornadus\n|-boost|p1a: Tornadus|spa|2\n|move|p2a: aaaaAAA\u1d43\u1d43\u1d43\u1d43|Defog|p1a: Tornadus\n|-unboost|p1a: Tornadus|evasion|1\n|-sideend|p2: legitteambuilder|Spikes|[from] move: Defog|[of] p2a: aaaaAAA\u1d43\u1d43\u1d43\u1d43\n|-fieldend|move: Psychic Terrain\n|\n|upkeep\n|turn|5\n|\n|t:|1611422519\n|move|p1a: Tornadus|Hurricane|p2a: aaaaAAA\u1d43\u1d43\u1d43\u1d43|[miss]\n|-miss|p1a: Tornadus|p2a: aaaaAAA\u1d43\u1d43\u1d43\u1d43\n|move|p2a: aaaaAAA\u1d43\u1d43\u1d43\u1d43|Dark Pulse|p1a: Tornadus\n|-damage|p1a: Tornadus|67\/100\n|\n|upkeep\n|turn|6\n|\n|t:|1611422524\n|move|p1a: Tornadus|Hurricane|p2a: aaaaAAA\u1d43\u1d43\u1d43\u1d43|[miss]\n|-miss|p1a: Tornadus|p2a: aaaaAAA\u1d43\u1d43\u1d43\u1d43\n|move|p2a: aaaaAAA\u1d43\u1d43\u1d43\u1d43|Dark Pulse|p1a: Tornadus\n|-damage|p1a: Tornadus|29\/100\n|\n|upkeep\n|turn|7\n|\n|t:|1611422528\n|switch|p1a: Tyranitar|Tyranitar, M|100\/100\n|-weather|Sandstorm|[from] ability: Sand Stream|[of] p1a: Tyranitar\n|move|p2a: aaaaAAA\u1d43\u1d43\u1d43\u1d43|Dark Pulse|p1a: Tyranitar\n|-resisted|p1a: Tyranitar\n|-damage|p1a: Tyranitar|92\/100\n|\n|-weather|Sandstorm|[upkeep]\n|-damage|p2a: aaaaAAA\u1d43\u1d43\u1d43\u1d43|94\/100|[from] Sandstorm\n|-heal|p2a: aaaaAAA\u1d43\u1d43\u1d43\u1d43|100\/100|[from] item: Leftovers\n|-heal|p1a: Tyranitar|99\/100|[from] item: Leftovers\n|upkeep\n|turn|8\n|\n|t:|1611422534\n|switch|p2a: Mr BlueSky|Landorus-Therian, M|100\/100\n|-ability|p2a: Mr BlueSky|Intimidate|boost\n|-unboost|p1a: Tyranitar|atk|1\n|move|p1a: Tyranitar|Stealth Rock|p2a: Mr BlueSky\n|-sidestart|p2: legitteambuilder|move: Stealth Rock\n|\n|-weather|Sandstorm|[upkeep]\n|-heal|p1a: Tyranitar|100\/100|[from] item: Leftovers\n|upkeep\n|turn|9\n|\n|t:|1611422539\n|switch|p1a: Skarmory|Skarmory, M|21\/100\n|move|p2a: Mr BlueSky|U-turn|p1a: Skarmory\n|-resisted|p1a: Skarmory\n|-damage|p1a: Skarmory|17\/100\n|-damage|p2a: Mr BlueSky|84\/100|[from] item: Rocky Helmet|[of] p1a: Skarmory\n|inactive|Battle timer is ON: inactive players will automatically lose when time's up. (requested by smart fool)\n|\n|t:|1611422544\n|switch|p2a: aaaaAAA\u1d43\u1d43\u1d43\u1d43|Hydreigon, M, shiny|100\/100|[from]move: U-turn\n|-damage|p2a: aaaaAAA\u1d43\u1d43\u1d43\u1d43|88\/100|[from] Stealth Rock\n|\n|-weather|Sandstorm|[upkeep]\n|-damage|p2a: aaaaAAA\u1d43\u1d43\u1d43\u1d43|82\/100|[from] Sandstorm\n|-heal|p2a: aaaaAAA\u1d43\u1d43\u1d43\u1d43|88\/100|[from] item: Leftovers\n|upkeep\n|turn|10\n|\n|t:|1611422548\n|move|p2a: aaaaAAA\u1d43\u1d43\u1d43\u1d43|Dark Pulse|p1a: Skarmory\n|-damage|p1a: Skarmory|0 fnt\n|faint|p1a: Skarmory\n|\n|-weather|Sandstorm|[upkeep]\n|-damage|p2a: aaaaAAA\u1d43\u1d43\u1d43\u1d43|82\/100|[from] Sandstorm\n|-heal|p2a: aaaaAAA\u1d43\u1d43\u1d43\u1d43|88\/100|[from] item: Leftovers\n|upkeep\n|\n|t:|1611422552\n|switch|p1a: Excadrill|Excadrill, M|100\/100\n|turn|11\n|\n|t:|1611422560\n|move|p1a: Excadrill|Iron Head|p2a: aaaaAAA\u1d43\u1d43\u1d43\u1d43\n|-damage|p2a: aaaaAAA\u1d43\u1d43\u1d43\u1d43|43\/100\n|move|p2a: aaaaAAA\u1d43\u1d43\u1d43\u1d43|Earth Power|p1a: Excadrill\n|-supereffective|p1a: Excadrill\n|-damage|p1a: Excadrill|29\/100\n|-unboost|p1a: Excadrill|spd|1\n|\n|-weather|none\n|-heal|p1a: Excadrill|35\/100|[from] item: Leftovers\n|-heal|p2a: aaaaAAA\u1d43\u1d43\u1d43\u1d43|49\/100|[from] item: Leftovers\n|upkeep\n|turn|12\n|\n|t:|1611422571\n|switch|p1a: Landorus|Landorus-Therian, M|100\/100\n|-ability|p1a: Landorus|Intimidate|boost\n|-unboost|p2a: aaaaAAA\u1d43\u1d43\u1d43\u1d43|atk|1\n|move|p2a: aaaaAAA\u1d43\u1d43\u1d43\u1d43|Defog|p1a: Landorus\n|-unboost|p1a: Landorus|evasion|1\n|-sideend|p2: legitteambuilder|Stealth Rock|[from] move: Defog|[of] p2a: aaaaAAA\u1d43\u1d43\u1d43\u1d43\n|\n|-heal|p2a: aaaaAAA\u1d43\u1d43\u1d43\u1d43|56\/100|[from] item: Leftovers\n|upkeep\n|turn|13\n|\n|t:|1611422576\n|switch|p2a: WannaComeOutHere|Toxapex, F|100\/100\n|move|p1a: Landorus|Swords Dance|p1a: Landorus\n|-boost|p1a: Landorus|atk|2\n|\n|upkeep\n|turn|14\n|\n|t:|1611422582\n|switch|p2a: Mr BlueSky|Landorus-Therian, M|84\/100\n|-ability|p2a: Mr BlueSky|Intimidate|boost\n|-unboost|p1a: Landorus|atk|1\n|move|p1a: Landorus|Earthquake|p2a: Mr BlueSky\n|-immune|p2a: Mr BlueSky\n|\n|upkeep\n|turn|15\n|\n|t:|1611422603\n|move|p2a: Mr BlueSky|U-turn|p1a: Landorus\n|-resisted|p1a: Landorus\n|-damage|p1a: Landorus|85\/100\n|inactive|legitteambuilder has 120 seconds left.\n|\n|t:|1611422622\n|switch|p2a: Yo Pierre|Tapu Lele, shiny|94\/100 tox|[from]move: U-turn\n|-fieldstart|move: Psychic Terrain|[from] ability: Psychic Surge|[of] p2a: Yo Pierre\n|move|p1a: Landorus|Swords Dance|p1a: Landorus\n|-boost|p1a: Landorus|atk|2\n|\n|-heal|p1a: Landorus|91\/100|[from] item: Leftovers\n|-damage|p2a: Yo Pierre|88\/100 tox|[from] psn\n|upkeep\n|turn|16\n|\n|t:|1611422631\n|move|p2a: Yo Pierre|Moonblast|p1a: Landorus\n|-damage|p1a: Landorus|0 fnt\n|faint|p1a: Landorus\n|\n|-damage|p2a: Yo Pierre|76\/100 tox|[from] psn\n|upkeep\n|\n|t:|1611422636\n|switch|p1a: Tornadus|Tornadus-Therian, M|62\/100\n|turn|17\n|\n|t:|1611422640\n|switch|p1a: Toxapex|Toxapex, F|100\/100\n|move|p2a: Yo Pierre|Moonblast|p1a: Toxapex\n|-resisted|p1a: Toxapex\n|-damage|p1a: Toxapex|70\/100\n|-unboost|p1a: Toxapex|spa|1\n|\n|-damage|p2a: Yo Pierre|58\/100 tox|[from] psn\n|upkeep\n|turn|18\n|\n|t:|1611422651\n|switch|p2a: Bella Thorn|Ferrothorn, F, shiny|100\/100\n|switch|p1a: Tornadus|Tornadus-Therian, M|96\/100\n|\n|upkeep\n|turn|19\n|\n|t:|1611422659\n|move|p1a: Tornadus|Nasty Plot|p1a: Tornadus\n|-boost|p1a: Tornadus|spa|2\n|move|p2a: Bella Thorn|Stealth Rock|p1a: Tornadus\n|-sidestart|p1: smart fool|move: Stealth Rock\n|\n|-fieldend|move: Psychic Terrain\n|upkeep\n|turn|20\n|\n|t:|1611422665\n|move|p1a: Tornadus|Heat Wave|p2a: Bella Thorn|[miss]\n|-miss|p1a: Tornadus|p2a: Bella Thorn\n|move|p2a: Bella Thorn|Knock Off|p1a: Tornadus\n|-damage|p1a: Tornadus|72\/100\n|-enditem|p1a: Tornadus|Heavy-Duty Boots|[from] move: Knock Off|[of] p2a: Bella Thorn\n|\n|upkeep\n|turn|21\n|c|\u2606legitteambuilder|damn\n|\n|t:|1611422671\n|move|p1a: Tornadus|Heat Wave|p2a: Bella Thorn\n|-supereffective|p2a: Bella Thorn\n|-damage|p2a: Bella Thorn|0 fnt\n|faint|p2a: Bella Thorn\n|\n|upkeep\n|\n|t:|1611422674\n|switch|p2a: aaaaAAA\u1d43\u1d43\u1d43\u1d43|Hydreigon, M, shiny|56\/100\n|turn|22\n|\n|t:|1611422676\n|move|p1a: Tornadus|Hurricane|p2a: aaaaAAA\u1d43\u1d43\u1d43\u1d43\n|-damage|p2a: aaaaAAA\u1d43\u1d43\u1d43\u1d43|0 fnt\n|faint|p2a: aaaaAAA\u1d43\u1d43\u1d43\u1d43\n|\n|upkeep\n|c|\u2606smart fool|unlucky\n|\n|t:|1611422702\n|switch|p2a: Mr BlueSky|Landorus-Therian, M|84\/100\n|-ability|p2a: Mr BlueSky|Intimidate|boost\n|-unboost|p1a: Tornadus|atk|1\n|turn|23\n|\n|t:|1611422712\n|move|p2a: Mr BlueSky|U-turn|p1a: Tornadus\n|-resisted|p1a: Tornadus\n|-damage|p1a: Tornadus|57\/100\n|\n|t:|1611422714\n|switch|p2a: WannaComeOutHere|Toxapex, F|100\/100|[from]move: U-turn\n|move|p1a: Tornadus|Hurricane|p2a: WannaComeOutHere\n|-damage|p2a: WannaComeOutHere|44\/100\n|\n|upkeep\n|turn|24\n|\n|t:|1611422722\n|move|p1a: Tornadus|Hurricane|p2a: WannaComeOutHere\n|-damage|p2a: WannaComeOutHere|0 fnt\n|faint|p2a: WannaComeOutHere\n|\n|upkeep\n|\n|t:|1611422724\n|switch|p2a: Iniesta|Cinderace, F|100\/100\n|turn|25\n|\n|t:|1611422727\n|move|p2a: Iniesta|Sucker Punch|p1a: Tornadus\n|-start|p2a: Iniesta|typechange|Dark|[from] ability: Libero\n|-damage|p1a: Tornadus|22\/100\n|move|p1a: Tornadus|Hurricane|p2a: Iniesta\n|-damage|p2a: Iniesta|0 fnt\n|faint|p2a: Iniesta\n|\n|upkeep\n|\n|t:|1611422731\n|switch|p2a: Mr BlueSky|Landorus-Therian, M|84\/100\n|-ability|p2a: Mr BlueSky|Intimidate|boost\n|-unboost|p1a: Tornadus|atk|1\n|turn|26\n|\n|t:|1611422742\n|switch|p1a: Toxapex|Toxapex, F|100\/100\n|-damage|p1a: Toxapex|88\/100|[from] Stealth Rock\n|move|p2a: Mr BlueSky|Knock Off|p1a: Toxapex\n|-damage|p1a: Toxapex|66\/100\n|-enditem|p1a: Toxapex|Shed Shell|[from] move: Knock Off|[of] p2a: Mr BlueSky\n|\n|upkeep\n|turn|27\n|c|\u2606legitteambuilder|gg\n|-message|legitteambuilder forfeited.\n|\n|win|smart fool\n|l|\u2606legitteambuilder\n|c|\u2606smart fool|gg\n","uploadtime":1611422757,"views":19,"p1id":"smartfool","p2id":"legitteambuilder","formatid":"gen8ou","rating":0,"private":0,"password":null}