{"id":"gen8nationaldex-1582054858","p1":"JooshP","p2":"Hdndhdh","format":"gen8nationaldex","log":"|j|\u2606JooshP\n|j|\u2606Hdndhdh\n|inactive|Battle timer is ON: inactive players will automatically lose when time's up.\n|t:|1653429648\n|gametype|singles\n|player|p1|JooshP|red|\n|player|p2|Hdndhdh|169|\n|teamsize|p1|6\n|teamsize|p2|6\n|gen|8\n|tier|[Gen 8] National Dex\n|rated|Tournament battle\n|rule|HP Percentage Mod: HP is shown in percentages\n|rule|Endless Battle Clause: Forcing endless battles is banned\n|rule|OHKO Clause: OHKO moves are banned\n|rule|Evasion Moves Clause: Evasion moves are banned\n|rule|Species Clause: Limit one of each Pok\u00e9mon\n|rule|Dynamax Clause: You cannot dynamax\n|rule|Sleep Clause Mod: Limit one foe put to sleep\n|clearpoke\n|poke|p1|Beedrill, M|\n|poke|p1|Skarmory, F|\n|poke|p1|Heatran, F|\n|poke|p1|Garchomp, F|\n|poke|p1|Tapu Lele|\n|poke|p1|Blissey, F|\n|poke|p2|Greninja, M|\n|poke|p2|Kartana|\n|poke|p2|Hatterene, F|\n|poke|p2|Landorus-Therian, M|\n|poke|p2|Tapu Lele|\n|poke|p2|Mawile, F|\n|teampreview\n|j|*Lady Monita \u273f\n|j| JRender22\n|\n|t:|1653429658\n|start\n|switch|p1a: Beedrill|Beedrill, M|100\/100\n|switch|p2a: Tapu Lele|Tapu Lele, shiny|100\/100\n|-fieldstart|move: Psychic Terrain|[from] ability: Psychic Surge|[of] p2a: Tapu Lele\n|turn|1\n|j| mike-r11\n|j| BrainlessAlt\n|j| ferrocaril\n|j| Jackbrack12\n|inactive|JooshP has 120 seconds left.\n|j| ShamuLamu\n|\n|t:|1653429697\n|switch|p1a: Heatran|Heatran, F|100\/100\n|switch|p2a: Landorus|Landorus-Therian, M|100\/100\n|-ability|p2a: Landorus|Intimidate|boost\n|-unboost|p1a: Heatran|atk|1\n|\n|upkeep\n|turn|2\n|l| ShamuLamu\n|j| EliteCaptainScizor\n|\n|t:|1653429709\n|switch|p1a: Skarmory|Skarmory, F|100\/100\n|move|p2a: Landorus|Earthquake|p1a: Skarmory\n|-immune|p1a: Skarmory\n|\n|upkeep\n|turn|3\n|\n|t:|1653429718\n|switch|p2a: Hatterene|Hatterene, F|100\/100\n|switch|p1a: Beedrill|Beedrill, M|100\/100\n|\n|upkeep\n|turn|4\n|\n|t:|1653429721\n|switch|p2a: Landorus|Landorus-Therian, M|100\/100\n|-ability|p2a: Landorus|Intimidate|boost\n|-unboost|p1a: Beedrill|atk|1\n|detailschange|p1a: Beedrill|Beedrill-Mega, M\n|-mega|p1a: Beedrill|Beedrill|Beedrillite\n|move|p1a: Beedrill|Knock Off|p2a: Landorus\n|-damage|p2a: Landorus|82\/100\n|-damage|p1a: Beedrill|84\/100|[from] item: Rocky Helmet|[of] p2a: Landorus\n|-enditem|p2a: Landorus|Rocky Helmet|[from] move: Knock Off|[of] p1a: Beedrill\n|\n|upkeep\n|turn|5\n|\n|t:|1653429729\n|move|p1a: Beedrill|U-turn|p2a: Landorus\n|-resisted|p2a: Landorus\n|-damage|p2a: Landorus|70\/100\n|\n|t:|1653429732\n|switch|p1a: Skarmory|Skarmory, F|100\/100|[from]move: U-turn\n|move|p2a: Landorus|U-turn|p1a: Skarmory\n|-resisted|p1a: Skarmory\n|-damage|p1a: Skarmory|98\/100\n|-damage|p2a: Landorus|53\/100|[from] item: Rocky Helmet|[of] p1a: Skarmory\n|\n|t:|1653429736\n|switch|p2a: Tapu Lele|Tapu Lele, shiny|100\/100|[from]move: U-turn\n|\n|-fieldend|move: Psychic Terrain\n|upkeep\n|turn|6\n|l| BrainlessAlt\n|\n|t:|1653429757\n|switch|p1a: Blissey|Blissey, F|100\/100\n|move|p2a: Tapu Lele|Thunderbolt|p1a: Blissey\n|-damage|p1a: Blissey|87\/100\n|\n|upkeep\n|turn|7\n|\n|t:|1653429764\n|move|p2a: Tapu Lele|Psyshock|p1a: Blissey\n|-damage|p1a: Blissey|48\/100\n|move|p1a: Blissey|Teleport|p1a: Blissey\n|\n|t:|1653429782\n|switch|p1a: Beedrill|Beedrill-Mega, M|84\/100|[from]move: Teleport\n|\n|upkeep\n|turn|8\n|\n|t:|1653429795\n|switch|p2a: Kartana|Kartana, shiny|100\/100\n|move|p1a: Beedrill|U-turn|p2a: Kartana\n|-damage|p2a: Kartana|47\/100\n|\n|t:|1653429816\n|switch|p1a: Skarmory|Skarmory, F|98\/100|[from]move: U-turn\n|\n|upkeep\n|turn|9\n|\n|t:|1653429820\n|switch|p2a: Hatterene|Hatterene, F|100\/100\n|move|p1a: Skarmory|Body Press|p2a: Hatterene\n|-resisted|p2a: Hatterene\n|-damage|p2a: Hatterene|91\/100\n|\n|upkeep\n|turn|10\n|\n|t:|1653429840\n|switch|p1a: Heatran|Heatran, F|100\/100\n|move|p2a: Hatterene|Psychic|p1a: Heatran\n|-resisted|p1a: Heatran\n|-damage|p1a: Heatran|83\/100\n|\n|-heal|p1a: Heatran|89\/100|[from] item: Leftovers\n|upkeep\n|turn|11\n|\n|t:|1653429851\n|switch|p2a: Greninja|Greninja, M|100\/100\n|move|p1a: Heatran|Magma Storm|p2a: Greninja\n|-resisted|p2a: Greninja\n|-damage|p2a: Greninja|68\/100\n|-activate|p2a: Greninja|move: Magma Storm|[of] p1a: Heatran\n|\n|-heal|p1a: Heatran|95\/100|[from] item: Leftovers\n|-damage|p2a: Greninja|56\/100|[from] move: Magma Storm|[partiallytrapped]\n|upkeep\n|turn|12\n|\n|t:|1653429858\n|switch|p1a: Blissey|Blissey, F|48\/100\n|move|p2a: Greninja|Low Kick|p1a: Blissey\n|-start|p2a: Greninja|typechange|Fighting|[from] ability: Protean\n|-supereffective|p1a: Blissey\n|-damage|p1a: Blissey|0 fnt\n|faint|p1a: Blissey\n|\n|-end|p2a: Greninja|Magma Storm|[partiallytrapped]|[silent]\n|upkeep\n|\n|t:|1653429861\n|switch|p1a: Tapu Lele|Tapu Lele|100\/100\n|-fieldstart|move: Psychic Terrain|[from] ability: Psychic Surge|[of] p1a: Tapu Lele\n|turn|13\n|\n|t:|1653429876\n|switch|p2a: Tapu Lele|Tapu Lele, shiny|100\/100\n|move|p1a: Tapu Lele|Moonblast|p2a: Tapu Lele\n|-damage|p2a: Tapu Lele|67\/100\n|\n|upkeep\n|turn|14\n|j| Knopper\n|inactive|JooshP has 120 seconds left.\n|\n|t:|1653429908\n|move|p1a: Tapu Lele|Moonblast|p2a: Tapu Lele\n|-damage|p2a: Tapu Lele|34\/100\n|move|p2a: Tapu Lele|Psyshock|p1a: Tapu Lele\n|-resisted|p1a: Tapu Lele\n|-damage|p1a: Tapu Lele|56\/100\n|\n|upkeep\n|turn|15\n|\n|t:|1653429913\n|switch|p1a: Heatran|Heatran, F|95\/100\n|move|p2a: Tapu Lele|Moonblast|p1a: Heatran\n|-resisted|p1a: Heatran\n|-damage|p1a: Heatran|86\/100\n|\n|-heal|p1a: Heatran|92\/100|[from] item: Leftovers\n|upkeep\n|turn|16\n|\n|t:|1653429923\n|move|p2a: Tapu Lele|Thunderbolt|p1a: Heatran\n|-damage|p1a: Heatran|71\/100\n|move|p1a: Heatran|Magma Storm|p2a: Tapu Lele|[miss]\n|-miss|p1a: Heatran|p2a: Tapu Lele\n|\n|-heal|p1a: Heatran|77\/100|[from] item: Leftovers\n|upkeep\n|turn|17\n|\n|t:|1653429938\n|move|p2a: Tapu Lele|Psyshock|p1a: Heatran\n|-resisted|p1a: Heatran\n|-damage|p1a: Heatran|52\/100\n|move|p1a: Heatran|Magma Storm|p2a: Tapu Lele|[miss]\n|-miss|p1a: Heatran|p2a: Tapu Lele\n|\n|-heal|p1a: Heatran|58\/100|[from] item: Leftovers\n|-fieldend|move: Psychic Terrain\n|upkeep\n|turn|18\n|\n|t:|1653429945\n|move|p2a: Tapu Lele|Psyshock|p1a: Heatran\n|-resisted|p1a: Heatran\n|-damage|p1a: Heatran|37\/100\n|move|p1a: Heatran|Magma Storm|p2a: Tapu Lele\n|-damage|p2a: Tapu Lele|4\/100\n|-activate|p2a: Tapu Lele|move: Magma Storm|[of] p1a: Heatran\n|\n|-heal|p1a: Heatran|44\/100|[from] item: Leftovers\n|-damage|p2a: Tapu Lele|0 fnt|[from] move: Magma Storm|[partiallytrapped]\n|faint|p2a: Tapu Lele\n|upkeep\n|\n|t:|1653429952\n|switch|p2a: Kartana|Kartana, shiny|47\/100\n|turn|19\n|\n|t:|1653429955\n|switch|p1a: Skarmory|Skarmory, F|98\/100\n|move|p2a: Kartana|Knock Off|p1a: Skarmory\n|-crit|p1a: Skarmory\n|-damage|p1a: Skarmory|59\/100\n|-damage|p2a: Kartana|31\/100|[from] item: Rocky Helmet|[of] p1a: Skarmory\n|-enditem|p1a: Skarmory|Rocky Helmet|[from] move: Knock Off|[of] p2a: Kartana\n|\n|upkeep\n|turn|20\n|\n|t:|1653429960\n|switch|p2a: Hatterene|Hatterene, F|91\/100\n|move|p1a: Skarmory|Roost|p1a: Skarmory\n|-heal|p1a: Skarmory|100\/100\n|-singleturn|p1a: Skarmory|move: Roost\n|\n|upkeep\n|turn|21\n|\n|t:|1653429974\n|switch|p1a: Heatran|Heatran, F|44\/100\n|switch|p2a: Greninja|Greninja, M|56\/100\n|\n|-heal|p1a: Heatran|50\/100|[from] item: Leftovers\n|upkeep\n|turn|22\n|\n|t:|1653429986\n|switch|p1a: Skarmory|Skarmory, F|100\/100\n|move|p2a: Greninja|Spikes|p1a: Skarmory\n|-start|p2a: Greninja|typechange|Ground|[from] ability: Protean\n|-sidestart|p1: JooshP|Spikes\n|\n|upkeep\n|turn|23\n|\n|t:|1653429991\n|switch|p2a: Hatterene|Hatterene, F|91\/100\n|switch|p1a: Beedrill|Beedrill-Mega, M|84\/100\n|-damage|p1a: Beedrill|72\/100|[from] Spikes\n|\n|upkeep\n|turn|24\n|\n|t:|1653429996\n|switch|p2a: Landorus|Landorus-Therian, M|53\/100\n|-ability|p2a: Landorus|Intimidate|boost\n|-unboost|p1a: Beedrill|atk|1\n|move|p1a: Beedrill|Poison Jab|p2a: Landorus\n|-resisted|p2a: Landorus\n|-damage|p2a: Landorus|40\/100\n|\n|upkeep\n|turn|25\n|\n|t:|1653430000\n|move|p1a: Beedrill|U-turn|p2a: Landorus\n|-resisted|p2a: Landorus\n|-damage|p2a: Landorus|28\/100\n|\n|t:|1653430002\n|switch|p1a: Garchomp|Garchomp, F|100\/100|[from]move: U-turn\n|-damage|p1a: Garchomp|88\/100|[from] Spikes\n|move|p2a: Landorus|Stealth Rock|p1a: Garchomp\n|-sidestart|p1: JooshP|move: Stealth Rock\n|\n|upkeep\n|turn|26\n|\n|t:|1653430009\n|-zpower|p1a: Garchomp\n|move|p1a: Garchomp|Continental Crush|p2a: Landorus|[zeffect]\n|-damage|p2a: Landorus|0 fnt\n|faint|p2a: Landorus\n|\n|upkeep\n|\n|t:|1653430013\n|switch|p2a: Hatterene|Hatterene, F|91\/100\n|turn|27\n|\n|t:|1653430029\n|move|p1a: Garchomp|Earthquake|p2a: Hatterene\n|-damage|p2a: Hatterene|33\/100\n|move|p2a: Hatterene|Trick Room|p2a: Hatterene\n|-fieldstart|move: Trick Room|[of] p2a: Hatterene\n|\n|upkeep\n|turn|28\n|\n|t:|1653430035\n|switch|p1a: Heatran|Heatran, F|50\/100\n|-damage|p1a: Heatran|37\/100|[from] Spikes\n|-damage|p1a: Heatran|25\/100|[from] Stealth Rock\n|move|p2a: Hatterene|Draining Kiss|p1a: Heatran\n|-resisted|p1a: Heatran\n|-damage|p1a: Heatran|20\/100\n|-heal|p2a: Hatterene|37\/100|[from] drain|[of] p1a: Heatran\n|\n|-heal|p1a: Heatran|26\/100|[from] item: Leftovers\n|upkeep\n|turn|29\n|\n|t:|1653430043\n|-zpower|p2a: Hatterene\n|move|p2a: Hatterene|Shattered Psyche|p1a: Heatran|[zeffect]\n|-resisted|p1a: Heatran\n|-damage|p1a: Heatran|0 fnt\n|faint|p1a: Heatran\n|\n|upkeep\n|\n|t:|1653430056\n|switch|p1a: Tapu Lele|Tapu Lele|56\/100\n|-damage|p1a: Tapu Lele|43\/100|[from] Spikes\n|-damage|p1a: Tapu Lele|31\/100|[from] Stealth Rock\n|-fieldstart|move: Psychic Terrain|[from] ability: Psychic Surge|[of] p1a: Tapu Lele\n|turn|30\n|\n|t:|1653430061\n|move|p2a: Hatterene|Draining Kiss|p1a: Tapu Lele\n|-damage|p1a: Tapu Lele|1\/100\n|-heal|p2a: Hatterene|57\/100|[from] drain|[of] p1a: Tapu Lele\n|move|p1a: Tapu Lele|Moonblast|p2a: Hatterene\n|-crit|p2a: Hatterene\n|-damage|p2a: Hatterene|0 fnt\n|faint|p2a: Hatterene\n|\n|upkeep\n|\n|t:|1653430067\n|switch|p2a: Mawile|Mawile, F|100\/100\n|-ability|p2a: Mawile|Intimidate|boost\n|-unboost|p1a: Tapu Lele|atk|1\n|turn|31\n|\n|t:|1653430076\n|switch|p1a: Skarmory|Skarmory, F|100\/100\n|-damage|p1a: Skarmory|88\/100|[from] Stealth Rock\n|detailschange|p2a: Mawile|Mawile-Mega, F\n|-mega|p2a: Mawile|Mawile|Mawilite\n|move|p2a: Mawile|Play Rough|p1a: Skarmory\n|-resisted|p1a: Skarmory\n|-damage|p1a: Skarmory|63\/100\n|\n|-fieldend|move: Trick Room\n|upkeep\n|turn|32\n|\n|t:|1653430078\n|move|p1a: Skarmory|Roost|p1a: Skarmory\n|-heal|p1a: Skarmory|100\/100\n|-singleturn|p1a: Skarmory|move: Roost\n|move|p2a: Mawile|Fire Fang|p1a: Skarmory\n|-supereffective|p1a: Skarmory\n|-damage|p1a: Skarmory|51\/100\n|\n|upkeep\n|turn|33\n|\n|t:|1653430081\n|move|p1a: Skarmory|Roost|p1a: Skarmory\n|-heal|p1a: Skarmory|100\/100\n|-singleturn|p1a: Skarmory|move: Roost\n|move|p2a: Mawile|Swords Dance|p2a: Mawile\n|-boost|p2a: Mawile|atk|2\n|\n|upkeep\n|turn|34\n|\n|t:|1653430084\n|move|p2a: Mawile|Fire Fang|p1a: Skarmory\n|-supereffective|p1a: Skarmory\n|-damage|p1a: Skarmory|2\/100\n|move|p1a: Skarmory|Whirlwind|p2a: Mawile\n|drag|p2a: Kartana|Kartana, shiny|31\/100\n|\n|-fieldend|move: Psychic Terrain\n|upkeep\n|turn|35\n|\n|t:|1653430093\n|switch|p1a: Tapu Lele|Tapu Lele|1\/100\n|-damage|p1a: Tapu Lele|0 fnt|[from] Spikes\n|faint|p1a: Tapu Lele\n|move|p2a: Kartana|Leaf Blade|p1: Tapu Lele|[notarget]\n|-fail|p2a: Kartana\n|\n|upkeep\n|\n|t:|1653430100\n|switch|p1a: Garchomp|Garchomp, F|88\/100\n|-damage|p1a: Garchomp|76\/100|[from] Spikes\n|-damage|p1a: Garchomp|70\/100|[from] Stealth Rock\n|turn|36\n|\n|t:|1653430113\n|move|p2a: Kartana|Leaf Blade|p1a: Garchomp\n|-damage|p1a: Garchomp|13\/100\n|-damage|p2a: Kartana|18\/100|[from] ability: Rough Skin|[of] p1a: Garchomp\n|move|p1a: Garchomp|Earthquake|p2a: Kartana\n|-damage|p2a: Kartana|0 fnt\n|faint|p2a: Kartana\n|\n|upkeep\n|\n|t:|1653430116\n|switch|p2a: Greninja|Greninja, M|56\/100\n|turn|37\n|\n|t:|1653430119\n|move|p2a: Greninja|Ice Beam|p1a: Garchomp\n|-start|p2a: Greninja|typechange|Ice|[from] ability: Protean\n|-supereffective|p1a: Garchomp\n|-damage|p1a: Garchomp|0 fnt\n|faint|p1a: Garchomp\n|\n|upkeep\n|\n|t:|1653430122\n|switch|p1a: Beedrill|Beedrill-Mega, M|72\/100\n|-damage|p1a: Beedrill|60\/100|[from] Spikes\n|-damage|p1a: Beedrill|35\/100|[from] Stealth Rock\n|turn|38\n|\n|t:|1653430129\n|move|p1a: Beedrill|Poison Jab|p2a: Greninja\n|-damage|p2a: Greninja|0 fnt\n|faint|p2a: Greninja\n|\n|upkeep\n|\n|t:|1653430131\n|switch|p2a: Mawile|Mawile-Mega, F|100\/100\n|turn|39\n|\n|t:|1653430138\n|move|p2a: Mawile|Sucker Punch|p1a: Beedrill\n|-damage|p1a: Beedrill|0 fnt\n|faint|p1a: Beedrill\n|\n|upkeep\n|\n|t:|1653430140\n|switch|p1a: Skarmory|Skarmory, F|2\/100\n|-damage|p1a: Skarmory|0 fnt|[from] Stealth Rock\n|faint|p1a: Skarmory\n|\n|win|Hdndhdh\n|n|\u2606JooshP|jooshp\n|n|\u2606Hdndhdh|hdndhdh\n|n|*Lady Monita \u273f|ladymonita\n|n| JRender22|jrender22\n|n| mike-r11|miker11\n|n| ferrocaril|ferrocaril\n|n| Jackbrack12|jackbrack12\n|n| EliteCaptainScizor|elitecaptainscizor\n|n| Knopper|knopper\n","uploadtime":1653430141,"views":6,"p1id":"jooshp","p2id":"hdndhdh","formatid":"gen8nationaldex","rating":0,"private":0,"password":null}