{"id":"gen8nationaldexag-1690236184","p1":"Ganeshinfinityz","p2":"jushu114514","format":"gen8nationaldexag","log":"|j|\u2606Ganeshinfinityz\n|j|\u2606jushu114514\n|t:|1666255005\n|gametype|singles\n|player|p1|Ganeshinfinityz|red|1361\n|player|p2|jushu114514|102|1424\n|teamsize|p1|6\n|teamsize|p2|6\n|gen|8\n|tier|[Gen 8] National Dex AG\n|rated|\n|rule|HP Percentage Mod: HP is shown in percentages\n|rule|Endless Battle Clause: Forcing endless battles is banned\n|clearpoke\n|poke|p1|Ditto|\n|poke|p1|Ditto|\n|poke|p1|Ditto|\n|poke|p1|Cinderace, F|\n|poke|p1|Cinderace, M|\n|poke|p1|Salamence, F|\n|poke|p2|Kyogre|\n|poke|p2|Groudon|\n|poke|p2|Rayquaza|\n|poke|p2|Arceus-*|\n|poke|p2|Shuckle, F|\n|poke|p2|Xerneas-*|\n|teampreview\n|\n|t:|1666255012\n|start\n|switch|p1a: Cinderace|Cinderace, M|100\/100\n|switch|p2a: Shuckle|Shuckle, F|100\/100\n|turn|1\n|inactive|Battle timer is ON: inactive players will automatically lose when time's up. (requested by Ganeshinfinityz)\n|\n|t:|1666255070\n|move|p1a: Cinderace|High Jump Kick|p2a: Shuckle\n|-start|p1a: Cinderace|typechange|Fighting|[from] ability: Libero\n|-damage|p2a: Shuckle|66\/100\n|-enditem|p2a: Shuckle|Red Card|[of] p1a: Cinderace\n|drag|p1a: Ditto|Ditto|100\/100\n|-transform|p1a: Ditto|p2a: Shuckle|[from] ability: Imposter\n|move|p2a: Shuckle|Sticky Web|p1a: Ditto\n|-sidestart|p1: Ganeshinfinityz|move: Sticky Web\n|\n|upkeep\n|turn|2\n|\n|t:|1666255091\n|move|p2a: Shuckle|Stealth Rock|p1a: Ditto\n|-sidestart|p1: Ganeshinfinityz|move: Stealth Rock\n|move|p1a: Ditto|Stealth Rock|p2a: Shuckle\n|-sidestart|p2: jushu114514|move: Stealth Rock\n|\n|upkeep\n|turn|3\n|\n|t:|1666255109\n|move|p1a: Ditto|Sticky Web|p2a: Shuckle\n|-sidestart|p2: jushu114514|move: Sticky Web\n|move|p2a: Shuckle|Infestation|p1a: Ditto\n|-damage|p1a: Ditto|99\/100\n|-activate|p1a: Ditto|move: Infestation|[of] p2a: Shuckle\n|\n|-damage|p1a: Ditto|87\/100|[from] move: Infestation|[partiallytrapped]\n|upkeep\n|turn|4\n|\n|t:|1666255114\n|move|p1a: Ditto|Infestation|p2a: Shuckle\n|-damage|p2a: Shuckle|64\/100\n|-activate|p2a: Shuckle|move: Infestation|[of] p1a: Ditto\n|move|p2a: Shuckle|Encore|p1a: Ditto\n|-start|p1a: Ditto|Encore\n|\n|-damage|p1a: Ditto|75\/100|[from] move: Infestation|[partiallytrapped]\n|-damage|p2a: Shuckle|52\/100|[from] move: Infestation|[partiallytrapped]\n|upkeep\n|turn|5\n|\n|t:|1666255122\n|move|p1a: Ditto|Infestation|p2a: Shuckle\n|-damage|p2a: Shuckle|51\/100\n|move|p2a: Shuckle|Infestation|p1a: Ditto\n|-damage|p1a: Ditto|73\/100\n|\n|-damage|p2a: Shuckle|38\/100|[from] move: Infestation|[partiallytrapped]\n|-damage|p1a: Ditto|61\/100|[from] move: Infestation|[partiallytrapped]\n|upkeep\n|turn|6\n|\n|t:|1666255149\n|move|p2a: Shuckle|Encore||[still]\n|-fail|p2a: Shuckle\n|move|p1a: Ditto|Infestation|p2a: Shuckle\n|-damage|p2a: Shuckle|37\/100\n|\n|-damage|p2a: Shuckle|25\/100|[from] move: Infestation|[partiallytrapped]\n|-damage|p1a: Ditto|49\/100|[from] move: Infestation|[partiallytrapped]\n|upkeep\n|turn|7\n|\n|t:|1666255168\n|move|p1a: Ditto|Infestation|p2a: Shuckle\n|-damage|p2a: Shuckle|24\/100\n|move|p2a: Shuckle|Infestation|p1a: Ditto\n|-damage|p1a: Ditto|47\/100\n|\n|-damage|p1a: Ditto|35\/100|[from] move: Infestation|[partiallytrapped]\n|-damage|p2a: Shuckle|11\/100|[from] move: Infestation|[partiallytrapped]\n|-end|p1a: Ditto|Encore\n|upkeep\n|turn|8\n|\n|t:|1666255180\n|move|p1a: Ditto|Infestation|p2a: Shuckle\n|-damage|p2a: Shuckle|10\/100\n|move|p2a: Shuckle|Infestation|p1a: Ditto\n|-crit|p1a: Ditto\n|-damage|p1a: Ditto|33\/100\n|\n|-end|p1a: Ditto|Infestation|[partiallytrapped]\n|-damage|p2a: Shuckle|0 fnt|[from] move: Infestation|[partiallytrapped]\n|faint|p2a: Shuckle\n|upkeep\n|\n|t:|1666255186\n|switch|p2a: Groudon|Groudon|100\/100\n|-damage|p2a: Groudon|94\/100|[from] Stealth Rock\n|-activate|p2a: Groudon|move: Sticky Web\n|-unboost|p2a: Groudon|spe|1\n|detailschange|p2a: Groudon|Groudon-Primal\n|-primal|p2a: Groudon\n|-weather|DesolateLand|[from] ability: Desolate Land|[of] p2a: Groudon\n|turn|9\n|\n|t:|1666255198\n|move|p2a: Groudon|Eruption|p1a: Ditto\n|-damage|p1a: Ditto|0 fnt\n|faint|p1a: Ditto\n|\n|-weather|DesolateLand|[upkeep]\n|upkeep\n|\n|t:|1666255213\n|switch|p1a: Ditto|Ditto|100\/100\n|-activate|p1a: Ditto|move: Sticky Web\n|-unboost|p1a: Ditto|spe|1\n|-damage|p1a: Ditto|88\/100|[from] Stealth Rock\n|-transform|p1a: Ditto|p2a: Groudon|[from] ability: Imposter\n|turn|10\n|\n|t:|1666255222\n|switch|p2a: Rayquaza|Rayquaza|100\/100\n|-damage|p2a: Rayquaza|76\/100|[from] Stealth Rock\n|-ability|p2a: Rayquaza|Air Lock\n|move|p1a: Ditto|Precipice Blades|p2a: Rayquaza\n|-immune|p2a: Rayquaza\n|\n|-weather|DesolateLand|[upkeep]\n|upkeep\n|turn|11\n|\n|t:|1666255231\n|-weather|none\n|switch|p1a: Salamence|Salamence, F|100\/100\n|-damage|p1a: Salamence|76\/100|[from] Stealth Rock\n|-ability|p1a: Salamence|Intimidate|boost\n|-unboost|p2a: Rayquaza|atk|1\n|detailschange|p2a: Rayquaza|Rayquaza-Mega\n|-mega|p2a: Rayquaza|Rayquaza|\n|-weather|DeltaStream|[from] ability: Delta Stream|[of] p2a: Rayquaza\n|move|p2a: Rayquaza|Dragon Ascent|p1a: Salamence\n|-damage|p1a: Salamence|0 fnt\n|-unboost|p2a: Rayquaza|def|1\n|-unboost|p2a: Rayquaza|spd|1\n|faint|p1a: Salamence\n|-damage|p2a: Rayquaza|66\/100|[from] item: Life Orb\n|\n|-weather|DeltaStream|[upkeep]\n|upkeep\n|\n|t:|1666255249\n|switch|p1a: Cinderace|Cinderace, F|100\/100\n|-activate|p1a: Cinderace|move: Sticky Web\n|-unboost|p1a: Cinderace|spe|1\n|-damage|p1a: Cinderace|76\/100|[from] Stealth Rock\n|turn|12\n|\n|t:|1666255256\n|move|p1a: Cinderace|Sucker Punch|p2a: Rayquaza\n|-start|p1a: Cinderace|typechange|Dark|[from] ability: Libero\n|-damage|p2a: Rayquaza|10\/100\n|move|p2a: Rayquaza|Dragon Ascent|p1a: Cinderace\n|-damage|p1a: Cinderace|0 fnt\n|-unboost|p2a: Rayquaza|def|1\n|-unboost|p2a: Rayquaza|spd|1\n|faint|p1a: Cinderace\n|-damage|p2a: Rayquaza|0 fnt|[from] item: Life Orb\n|faint|p2a: Rayquaza\n|-weather|none\n|\n|upkeep\n|\n|t:|1666255274\n|switch|p2a: Kyogre|Kyogre|100\/100\n|switch|p1a: Ditto|Ditto|100\/100\n|-damage|p2a: Kyogre|88\/100|[from] Stealth Rock\n|-activate|p2a: Kyogre|move: Sticky Web\n|-unboost|p2a: Kyogre|spe|1\n|-activate|p1a: Ditto|move: Sticky Web\n|-unboost|p1a: Ditto|spe|1\n|-damage|p1a: Ditto|88\/100|[from] Stealth Rock\n|-transform|p1a: Ditto|p2a: Kyogre|[from] ability: Imposter\n|-weather|RainDance|[from] ability: Drizzle|[of] p1a: Ditto\n|detailschange|p2a: Kyogre|Kyogre-Primal\n|-primal|p2a: Kyogre\n|-weather|PrimordialSea|[from] ability: Primordial Sea|[of] p2a: Kyogre\n|turn|13\n|\n|t:|1666255284\n|-weather|none\n|switch|p2a: Groudon|Groudon-Primal|94\/100\n|-damage|p2a: Groudon|82\/100|[from] Stealth Rock\n|-activate|p2a: Groudon|move: Sticky Web\n|-unboost|p2a: Groudon|spe|1\n|-weather|DesolateLand|[from] ability: Desolate Land|[of] p2a: Groudon\n|move|p1a: Ditto|Thunder|p2a: Groudon\n|-immune|p2a: Groudon\n|\n|-weather|DesolateLand|[upkeep]\n|upkeep\n|turn|14\n|\n|t:|1666255290\n|switch|p1a: Cinderace|Cinderace, M|100\/100\n|-activate|p1a: Cinderace|move: Sticky Web\n|-unboost|p1a: Cinderace|spe|1\n|-damage|p1a: Cinderace|76\/100|[from] Stealth Rock\n|move|p2a: Groudon|Precipice Blades|p1a: Cinderace|[miss]\n|-miss|p2a: Groudon|p1a: Cinderace\n|\n|-weather|DesolateLand|[upkeep]\n|upkeep\n|turn|15\n|\n|t:|1666255303\n|move|p1a: Cinderace|High Jump Kick|p2a: Groudon|[miss]\n|-start|p1a: Cinderace|typechange|Fighting|[from] ability: Libero\n|-miss|p1a: Cinderace|p2a: Groudon\n|-damage|p1a: Cinderace|26\/100|[from] highjumpkick\n|move|p2a: Groudon|Precipice Blades|p1a: Cinderace\n|-damage|p1a: Cinderace|0 fnt\n|faint|p1a: Cinderace\n|\n|-weather|DesolateLand|[upkeep]\n|upkeep\n|\n|t:|1666255311\n|switch|p1a: Ditto|Ditto|88\/100\n|-activate|p1a: Ditto|move: Sticky Web\n|-unboost|p1a: Ditto|spe|1\n|-damage|p1a: Ditto|76\/100|[from] Stealth Rock\n|-transform|p1a: Ditto|p2a: Groudon|[from] ability: Imposter\n|turn|16\n|\n|t:|1666255317\n|move|p1a: Ditto|Precipice Blades|p2a: Groudon\n|-supereffective|p2a: Groudon\n|-damage|p2a: Groudon|0 fnt\n|faint|p2a: Groudon\n|\n|-weather|DesolateLand|[upkeep]\n|upkeep\n|\n|t:|1666255319\n|switch|p2a: Arceus|Arceus-Ghost|100\/100\n|-damage|p2a: Arceus|88\/100|[from] Stealth Rock\n|-activate|p2a: Arceus|move: Sticky Web\n|-unboost|p2a: Arceus|spe|1\n|turn|17\n|\n|t:|1666255327\n|move|p1a: Ditto|Precipice Blades|p2a: Arceus|[miss]\n|-miss|p1a: Ditto|p2a: Arceus\n|-zpower|p2a: Arceus\n|move|p2a: Arceus|Never-Ending Nightmare|p1a: Ditto|[zeffect]\n|-damage|p1a: Ditto|0 fnt\n|faint|p1a: Ditto\n|-weather|none\n|\n|upkeep\n|\n|t:|1666255334\n|switch|p1a: Ditto|Ditto|88\/100\n|-activate|p1a: Ditto|move: Sticky Web\n|-unboost|p1a: Ditto|spe|1\n|-damage|p1a: Ditto|76\/100|[from] Stealth Rock\n|-transform|p1a: Ditto|p2a: Arceus|[from] ability: Imposter\n|turn|18\n|\n|t:|1666255341\n|move|p1a: Ditto|Swords Dance|p1a: Ditto\n|-boost|p1a: Ditto|atk|2\n|move|p2a: Arceus|Shadow Force||[still]\n|-prepare|p2a: Arceus|Shadow Force\n|\n|upkeep\n|turn|19\n|\n|t:|1666255346\n|move|p1a: Ditto|Shadow Force||[still]\n|-prepare|p1a: Ditto|Shadow Force\n|move|p2a: Arceus|Shadow Force|p1a: Ditto|[from]lockedmove|[miss]\n|-miss|p2a: Arceus|p1a: Ditto\n|\n|upkeep\n|turn|20\n|\n|t:|1666255354\n|switch|p2a: Xerneas|Xerneas|100\/100\n|-damage|p2a: Xerneas|88\/100|[from] Stealth Rock\n|-activate|p2a: Xerneas|move: Sticky Web\n|-unboost|p2a: Xerneas|spe|1\n|-ability|p2a: Xerneas|Fairy Aura\n|move|p1a: Ditto|Shadow Force|p2a: Xerneas|[from]lockedmove\n|-damage|p2a: Xerneas|0 fnt\n|faint|p2a: Xerneas\n|\n|upkeep\n|\n|t:|1666255355\n|switch|p2a: Arceus|Arceus-Ghost|88\/100\n|-damage|p2a: Arceus|76\/100|[from] Stealth Rock\n|-activate|p2a: Arceus|move: Sticky Web\n|-unboost|p2a: Arceus|spe|1\n|turn|21\n|\n|t:|1666255371\n|move|p2a: Arceus|Shadow Force||[still]\n|-prepare|p2a: Arceus|Shadow Force\n|move|p1a: Ditto|Stone Edge|p2a: Arceus|[miss]\n|-miss|p1a: Ditto|p2a: Arceus\n|\n|upkeep\n|turn|22\n|\n|t:|1666255378\n|move|p1a: Ditto|Shadow Force||[still]\n|-prepare|p1a: Ditto|Shadow Force\n|move|p2a: Arceus|Shadow Force|p1a: Ditto|[from]lockedmove|[miss]\n|-miss|p2a: Arceus|p1a: Ditto\n|\n|upkeep\n|turn|23\n|\n|t:|1666255384\n|move|p1a: Ditto|Shadow Force|p2a: Arceus|[from]lockedmove\n|-supereffective|p2a: Arceus\n|-damage|p2a: Arceus|0 fnt\n|faint|p2a: Arceus\n|\n|upkeep\n|\n|t:|1666255385\n|switch|p2a: Kyogre|Kyogre-Primal|88\/100\n|-damage|p2a: Kyogre|76\/100|[from] Stealth Rock\n|-activate|p2a: Kyogre|move: Sticky Web\n|-unboost|p2a: Kyogre|spe|1\n|-weather|PrimordialSea|[from] ability: Primordial Sea|[of] p2a: Kyogre\n|turn|24\n|\n|t:|1666255394\n|move|p1a: Ditto|Shadow Force||[still]\n|-prepare|p1a: Ditto|Shadow Force\n|move|p2a: Kyogre|Origin Pulse|p1a: Ditto|[miss]\n|-miss|p2a: Kyogre|p1a: Ditto\n|\n|-weather|PrimordialSea|[upkeep]\n|upkeep\n|turn|25\n|\n|t:|1666255399\n|move|p1a: Ditto|Shadow Force|p2a: Kyogre|[from]lockedmove\n|-damage|p2a: Kyogre|0 fnt\n|faint|p2a: Kyogre\n|-weather|none\n|\n|win|Ganeshinfinityz\n|raw|Ganeshinfinityz's rating: 1361 &rarr; <strong>1385<\/strong><br \/>(+24 for winning)\n|raw|jushu114514's rating: 1438 &rarr; <strong>1414<\/strong><br \/>(-24 for losing)\n|c|\u2606Ganeshinfinityz|gg\n","uploadtime":1666255423,"views":5,"p1id":"ganeshinfinityz","p2id":"jushu114514","formatid":"gen8nationaldexag","rating":1385,"private":0,"password":null}