{"id":"gen8uu-1346100776","p1":"Jakkkkkka","p2":"UULT81x Luirro","format":"gen8uu","log":"|raw|<div class=\"broadcast-blue\"><strong>This battle is required to be public due to a player having a name starting with 'UULT81x'.<\/div>\n|j|\u2606Jakkkkkka\n|j|\u2606UULT81x Luirro\n|t:|1621803131\n|gametype|singles\n|player|p1|Jakkkkkka|lance|1338\n|player|p2|UULT81x Luirro|lucas-gen4pt|1631\n|teamsize|p1|6\n|teamsize|p2|6\n|gen|8\n|tier|[Gen 8] UU\n|rated|\n|rule|Sleep Clause Mod: Limit one foe put to sleep\n|rule|Species Clause: Limit one of each Pok\u00e9mon\n|rule|OHKO Clause: OHKO moves are banned\n|rule|Evasion Moves Clause: Evasion moves are banned\n|rule|Endless Battle Clause: Forcing endless battles is banned\n|rule|HP Percentage Mod: HP is shown in percentages\n|rule|Dynamax Clause: You cannot dynamax\n|clearpoke\n|poke|p1|Tangrowth, F|\n|poke|p1|Kommo-o, F|\n|poke|p1|Primarina, M|\n|poke|p1|Moltres|\n|poke|p1|Thundurus-Therian, M|\n|poke|p1|Scizor, F|\n|poke|p2|Raikou|\n|poke|p2|Aegislash, F|\n|poke|p2|Tangrowth, F|\n|poke|p2|Kommo-o, F|\n|poke|p2|Krookodile, F|\n|poke|p2|Rotom-Heat|\n|teampreview\n|c|\u2606UULT81x Luirro|hf\n|j| Tarah204\n|c|\u2606Jakkkkkka|gl\n|\n|t:|1621803157\n|start\n|switch|p1a: Scizor|Scizor, F|100\/100\n|switch|p2a: Raikou|Raikou|100\/100\n|-ability|p2a: Raikou|Pressure\n|turn|1\n|\n|t:|1621803162\n|move|p2a: Raikou|Substitute|p2a: Raikou\n|-start|p2a: Raikou|Substitute\n|-damage|p2a: Raikou|76\/100\n|move|p1a: Scizor|U-turn|p2a: Raikou\n|-end|p2a: Raikou|Substitute\n|\n|t:|1621803174\n|switch|p1a: Tangrowth|Tangrowth, F|100\/100|[from]move: U-turn\n|\n|-heal|p2a: Raikou|82\/100|[from] item: Leftovers\n|upkeep\n|turn|2\n|\n|t:|1621803180\n|move|p2a: Raikou|Substitute|p2a: Raikou\n|-start|p2a: Raikou|Substitute\n|-damage|p2a: Raikou|57\/100\n|move|p1a: Tangrowth|Knock Off|p2a: Raikou\n|-end|p2a: Raikou|Substitute\n|\n|-heal|p2a: Raikou|63\/100|[from] item: Leftovers\n|upkeep\n|turn|3\n|\n|t:|1621803188\n|switch|p2a: Kommo-o|Kommo-o, F|100\/100\n|move|p1a: Tangrowth|Knock Off|p2a: Kommo-o\n|-resisted|p2a: Kommo-o\n|-damage|p2a: Kommo-o|93\/100\n|-enditem|p2a: Kommo-o|Leftovers|[from] move: Knock Off|[of] p1a: Tangrowth\n|\n|upkeep\n|turn|4\n|\n|t:|1621803195\n|switch|p1a: Primarina|Primarina, M|100\/100\n|move|p2a: Kommo-o|Stealth Rock|p1a: Primarina\n|-sidestart|p1: Jakkkkkka|move: Stealth Rock\n|\n|upkeep\n|turn|5\n|\n|t:|1621803202\n|switch|p2a: Tangrowth|Tangrowth, F|100\/100\n|move|p1a: Primarina|Substitute|p1a: Primarina\n|-start|p1a: Primarina|Substitute\n|-damage|p1a: Primarina|76\/100\n|\n|-heal|p1a: Primarina|82\/100|[from] item: Leftovers\n|upkeep\n|turn|6\n|\n|t:|1621803209\n|move|p1a: Primarina|Scald|p2a: Tangrowth\n|-resisted|p2a: Tangrowth\n|-damage|p2a: Tangrowth|91\/100\n|move|p2a: Tangrowth|Power Whip|p1a: Primarina\n|-supereffective|p1a: Primarina\n|-end|p1a: Primarina|Substitute\n|\n|-heal|p1a: Primarina|88\/100|[from] item: Leftovers\n|upkeep\n|turn|7\n|j| Can'tFight\n|\n|t:|1621803219\n|switch|p1a: Moltres|Moltres|100\/100\n|move|p2a: Tangrowth|Sludge Bomb|p1a: Moltres\n|-damage|p1a: Moltres|71\/100\n|\n|upkeep\n|turn|8\n|j| JustFranco\n|\n|t:|1621803227\n|move|p1a: Moltres|Toxic|p2a: Tangrowth\n|-status|p2a: Tangrowth|tox\n|move|p2a: Tangrowth|Knock Off|p1a: Moltres\n|-damage|p1a: Moltres|46\/100\n|-enditem|p1a: Moltres|Heavy-Duty Boots|[from] move: Knock Off|[of] p2a: Tangrowth\n|\n|-damage|p2a: Tangrowth|84\/100 tox|[from] psn\n|upkeep\n|turn|9\n|\n|t:|1621803236\n|switch|p2a: Rotom|Rotom-Heat|100\/100\n|move|p1a: Moltres|Air Slash|p2a: Rotom\n|-resisted|p2a: Rotom\n|-damage|p2a: Rotom|82\/100\n|\n|upkeep\n|turn|10\n|\n|t:|1621803241\n|move|p1a: Moltres|Toxic|p2a: Rotom\n|-status|p2a: Rotom|tox\n|move|p2a: Rotom|Volt Switch|p1a: Moltres\n|-supereffective|p1a: Moltres\n|-damage|p1a: Moltres|0 fnt\n|faint|p1a: Moltres\n|\n|t:|1621803246\n|switch|p2a: Raikou|Raikou|63\/100|[from]move: Volt Switch\n|-ability|p2a: Raikou|Pressure\n|\n|-heal|p2a: Raikou|69\/100|[from] item: Leftovers\n|upkeep\n|\n|t:|1621803255\n|switch|p1a: Tangrowth|Tangrowth, F|100\/100\n|-damage|p1a: Tangrowth|88\/100|[from] Stealth Rock\n|turn|11\n|j|+Lily\n|j| UULT81x Dr. Drew\n|\n|t:|1621803261\n|switch|p2a: Kommo-o|Kommo-o, F|93\/100\n|move|p1a: Tangrowth|Knock Off|p2a: Kommo-o\n|-resisted|p2a: Kommo-o\n|-damage|p2a: Kommo-o|89\/100\n|\n|upkeep\n|turn|12\n|l| UULT81x Dr. Drew\n|j| uult81x km\n|j| Kahiba\n|l| uult81x km\n|\n|t:|1621803269\n|switch|p1a: Scizor|Scizor, F|100\/100\n|-damage|p1a: Scizor|88\/100|[from] Stealth Rock\n|move|p2a: Kommo-o|Body Press|p1a: Scizor\n|-damage|p1a: Scizor|52\/100\n|\n|-heal|p1a: Scizor|58\/100|[from] item: Leftovers\n|upkeep\n|turn|13\n|\n|t:|1621803278\n|switch|p1a: Primarina|Primarina, M|88\/100\n|-damage|p1a: Primarina|75\/100|[from] Stealth Rock\n|move|p2a: Kommo-o|Flamethrower|p1a: Primarina\n|-resisted|p1a: Primarina\n|-damage|p1a: Primarina|67\/100\n|\n|-heal|p1a: Primarina|73\/100|[from] item: Leftovers\n|upkeep\n|turn|14\n|\n|t:|1621803286\n|switch|p2a: Tangrowth|Tangrowth, F|100\/100 tox\n|move|p1a: Primarina|Substitute|p1a: Primarina\n|-start|p1a: Primarina|Substitute\n|-damage|p1a: Primarina|48\/100\n|\n|-heal|p1a: Primarina|54\/100|[from] item: Leftovers\n|-damage|p2a: Tangrowth|94\/100 tox|[from] psn\n|upkeep\n|turn|15\n|\n|t:|1621803294\n|move|p1a: Primarina|Draining Kiss|p2a: Tangrowth\n|-damage|p2a: Tangrowth|81\/100 tox\n|-heal|p1a: Primarina|65\/100|[from] drain|[of] p2a: Tangrowth\n|move|p2a: Tangrowth|Power Whip|p1a: Primarina\n|-supereffective|p1a: Primarina\n|-end|p1a: Primarina|Substitute\n|\n|-heal|p1a: Primarina|71\/100|[from] item: Leftovers\n|-damage|p2a: Tangrowth|68\/100 tox|[from] psn\n|upkeep\n|turn|16\n|\n|t:|1621803304\n|move|p1a: Primarina|Substitute|p1a: Primarina\n|-start|p1a: Primarina|Substitute\n|-damage|p1a: Primarina|47\/100\n|move|p2a: Tangrowth|Power Whip|p1a: Primarina|[miss]\n|-miss|p2a: Tangrowth|p1a: Primarina\n|\n|-heal|p1a: Primarina|53\/100|[from] item: Leftovers\n|-damage|p2a: Tangrowth|50\/100 tox|[from] psn\n|upkeep\n|turn|17\n|\n|t:|1621803322\n|move|p1a: Primarina|Draining Kiss|p2a: Tangrowth\n|-damage|p2a: Tangrowth|37\/100 tox\n|-heal|p1a: Primarina|63\/100|[from] drain|[of] p2a: Tangrowth\n|move|p2a: Tangrowth|Power Whip|p1a: Primarina\n|-supereffective|p1a: Primarina\n|-end|p1a: Primarina|Substitute\n|\n|-heal|p1a: Primarina|69\/100|[from] item: Leftovers\n|-damage|p2a: Tangrowth|12\/100 tox|[from] psn\n|upkeep\n|turn|18\n|\n|t:|1621803332\n|switch|p2a: Raikou|Raikou|69\/100\n|-ability|p2a: Raikou|Pressure\n|move|p1a: Primarina|Draining Kiss|p2a: Raikou\n|-damage|p2a: Raikou|48\/100\n|-heal|p1a: Primarina|83\/100|[from] drain|[of] p2a: Raikou\n|\n|-heal|p2a: Raikou|55\/100|[from] item: Leftovers\n|-heal|p1a: Primarina|89\/100|[from] item: Leftovers\n|upkeep\n|turn|19\n|\n|t:|1621803343\n|move|p2a: Raikou|Scald|p1a: Primarina\n|-resisted|p1a: Primarina\n|-damage|p1a: Primarina|78\/100\n|move|p1a: Primarina|Scald|p2a: Raikou\n|-damage|p2a: Raikou|18\/100\n|\n|-heal|p2a: Raikou|24\/100|[from] item: Leftovers\n|-heal|p1a: Primarina|84\/100|[from] item: Leftovers\n|upkeep\n|turn|20\n|j| Somalia\n|\n|t:|1621803352\n|switch|p1a: Tangrowth|Tangrowth, F|100\/100\n|-damage|p1a: Tangrowth|88\/100|[from] Stealth Rock\n|move|p2a: Raikou|Thunderbolt|p1a: Tangrowth\n|-resisted|p1a: Tangrowth\n|-damage|p1a: Tangrowth|74\/100\n|\n|-heal|p2a: Raikou|31\/100|[from] item: Leftovers\n|upkeep\n|turn|21\n|\n|t:|1621803361\n|switch|p2a: Kommo-o|Kommo-o, F|89\/100\n|switch|p1a: Primarina|Primarina, M|84\/100\n|-damage|p1a: Primarina|72\/100|[from] Stealth Rock\n|\n|-heal|p1a: Primarina|78\/100|[from] item: Leftovers\n|upkeep\n|turn|22\n|\n|t:|1621803369\n|switch|p2a: Aegislash|Aegislash, F|100\/100\n|move|p1a: Primarina|Substitute|p1a: Primarina\n|-start|p1a: Primarina|Substitute\n|-damage|p1a: Primarina|53\/100\n|\n|-heal|p1a: Primarina|59\/100|[from] item: Leftovers\n|upkeep\n|turn|23\n|\n|t:|1621803376\n|-formechange|p2a: Aegislash|Aegislash-Blade||[from] ability: Stance Change\n|move|p2a: Aegislash|Shadow Ball|p1a: Primarina\n|-end|p1a: Primarina|Substitute\n|move|p1a: Primarina|Scald|p2a: Aegislash\n|-damage|p2a: Aegislash|24\/100\n|-status|p2a: Aegislash|brn\n|\n|-heal|p2a: Aegislash|31\/100 brn|[from] item: Leftovers\n|-heal|p1a: Primarina|65\/100|[from] item: Leftovers\n|-damage|p2a: Aegislash|24\/100 brn|[from] brn\n|upkeep\n|turn|24\n|j| UULT81x BMants\n|\n|t:|1621803390\n|switch|p1a: Tangrowth|Tangrowth, F|100\/100\n|-damage|p1a: Tangrowth|88\/100|[from] Stealth Rock\n|move|p2a: Aegislash|Flash Cannon|p1a: Tangrowth\n|-damage|p1a: Tangrowth|57\/100\n|\n|-heal|p2a: Aegislash|31\/100 brn|[from] item: Leftovers\n|-damage|p2a: Aegislash|24\/100 brn|[from] brn\n|upkeep\n|turn|25\n|\n|t:|1621803399\n|switch|p2a: Rotom|Rotom-Heat|82\/100 tox\n|move|p1a: Tangrowth|Earthquake|p2a: Rotom\n|-immune|p2a: Rotom|[from] ability: Levitate\n|\n|-damage|p2a: Rotom|76\/100 tox|[from] psn\n|upkeep\n|turn|26\n|inactive|Battle timer is ON: inactive players will automatically lose when time's up. (requested by UULT81x Luirro)\n|\n|t:|1621803428\n|switch|p1a: Kommo-o|Kommo-o, F|100\/100\n|-damage|p1a: Kommo-o|94\/100|[from] Stealth Rock\n|move|p2a: Rotom|Volt Switch|p1a: Kommo-o\n|-resisted|p1a: Kommo-o\n|-damage|p1a: Kommo-o|79\/100\n|\n|t:|1621803434\n|switch|p2a: Kommo-o|Kommo-o, F|89\/100|[from]move: Volt Switch\n|\n|upkeep\n|turn|27\n|\n|t:|1621803438\n|move|p1a: Kommo-o|Clanging Scales|p2a: Kommo-o\n|-supereffective|p2a: Kommo-o\n|-damage|p2a: Kommo-o|5\/100\n|-unboost|p1a: Kommo-o|def|1\n|-enditem|p1a: Kommo-o|Throat Spray\n|-boost|p1a: Kommo-o|spa|1|[from] item: Throat Spray\n|move|p2a: Kommo-o|Flamethrower|p1a: Kommo-o\n|-resisted|p1a: Kommo-o\n|-damage|p1a: Kommo-o|67\/100\n|\n|upkeep\n|turn|28\n|\n|t:|1621803450\n|switch|p2a: Aegislash|Aegislash, F|24\/100 brn\n|move|p1a: Kommo-o|Drain Punch|p2a: Aegislash\n|-immune|p2a: Aegislash\n|\n|-heal|p2a: Aegislash|31\/100 brn|[from] item: Leftovers\n|-damage|p2a: Aegislash|24\/100 brn|[from] brn\n|upkeep\n|turn|29\n|\n|t:|1621803458\n|move|p1a: Kommo-o|Clanging Scales|p2a: Aegislash\n|-resisted|p2a: Aegislash\n|-damage|p2a: Aegislash|0 fnt\n|faint|p2a: Aegislash\n|-unboost|p1a: Kommo-o|def|1\n|\n|upkeep\n|\n|t:|1621803461\n|switch|p2a: Krookodile|Krookodile, F|100\/100\n|-ability|p2a: Krookodile|Intimidate|boost\n|-unboost|p1a: Kommo-o|atk|1\n|turn|30\n|\n|t:|1621803475\n|move|p2a: Krookodile|Knock Off|p1a: Kommo-o\n|-resisted|p1a: Kommo-o\n|-damage|p1a: Kommo-o|34\/100\n|move|p1a: Kommo-o|Drain Punch|p2a: Krookodile\n|-supereffective|p2a: Krookodile\n|-damage|p2a: Krookodile|55\/100\n|-heal|p1a: Kommo-o|60\/100|[from] drain|[of] p2a: Krookodile\n|\n|upkeep\n|turn|31\n|\n|t:|1621803486\n|switch|p2a: Kommo-o|Kommo-o, F|5\/100\n|move|p1a: Kommo-o|Clanging Scales|p2a: Kommo-o\n|-supereffective|p2a: Kommo-o\n|-damage|p2a: Kommo-o|0 fnt\n|faint|p2a: Kommo-o\n|-unboost|p1a: Kommo-o|def|1\n|\n|upkeep\n|\n|t:|1621803488\n|switch|p2a: Krookodile|Krookodile, F|55\/100\n|-ability|p2a: Krookodile|Intimidate|boost\n|-unboost|p1a: Kommo-o|atk|1\n|turn|32\n|\n|t:|1621803497\n|switch|p1a: Tangrowth|Tangrowth, F|91\/100\n|-damage|p1a: Tangrowth|78\/100|[from] Stealth Rock\n|move|p2a: Krookodile|Earthquake|p1a: Tangrowth\n|-resisted|p1a: Tangrowth\n|-damage|p1a: Tangrowth|62\/100\n|\n|upkeep\n|turn|33\n|\n|t:|1621803505\n|switch|p2a: Rotom|Rotom-Heat|76\/100 tox\n|move|p1a: Tangrowth|Sludge Bomb|p2a: Rotom\n|-damage|p2a: Rotom|55\/100 tox\n|\n|-damage|p2a: Rotom|49\/100 tox|[from] psn\n|upkeep\n|turn|34\n|\n|t:|1621803513\n|switch|p1a: Kommo-o|Kommo-o, F|60\/100\n|-damage|p1a: Kommo-o|54\/100|[from] Stealth Rock\n|move|p2a: Rotom|Overheat|p1a: Kommo-o\n|-resisted|p1a: Kommo-o\n|-damage|p1a: Kommo-o|23\/100\n|-unboost|p2a: Rotom|spa|2\n|\n|-damage|p2a: Rotom|37\/100 tox|[from] psn\n|upkeep\n|turn|35\n|c| Tarah204|whys there so much people here\n|\n|t:|1621803525\n|move|p1a: Kommo-o|Clanging Scales|p2a: Rotom\n|-crit|p2a: Rotom\n|-damage|p2a: Rotom|0 fnt\n|faint|p2a: Rotom\n|-unboost|p1a: Kommo-o|def|1\n|\n|upkeep\n|\n|t:|1621803534\n|switch|p2a: Krookodile|Krookodile, F|55\/100\n|-ability|p2a: Krookodile|Intimidate|boost\n|-unboost|p1a: Kommo-o|atk|1\n|turn|36\n|\n|t:|1621803541\n|move|p2a: Krookodile|Knock Off|p1a: Kommo-o\n|-resisted|p1a: Kommo-o\n|-damage|p1a: Kommo-o|0 fnt\n|faint|p1a: Kommo-o\n|\n|upkeep\n|\n|t:|1621803548\n|switch|p1a: Primarina|Primarina, M|65\/100\n|-damage|p1a: Primarina|53\/100|[from] Stealth Rock\n|turn|37\n|\n|t:|1621803553\n|switch|p2a: Tangrowth|Tangrowth, F|46\/100 tox\n|move|p1a: Primarina|Draining Kiss|p2a: Tangrowth\n|-damage|p2a: Tangrowth|33\/100 tox\n|-heal|p1a: Primarina|63\/100|[from] drain|[of] p2a: Tangrowth\n|\n|-heal|p1a: Primarina|69\/100|[from] item: Leftovers\n|-damage|p2a: Tangrowth|26\/100 tox|[from] psn\n|upkeep\n|turn|38\n|\n|t:|1621803562\n|move|p1a: Primarina|Substitute|p1a: Primarina\n|-start|p1a: Primarina|Substitute\n|-damage|p1a: Primarina|45\/100\n|move|p2a: Tangrowth|Sludge Bomb|p1a: Primarina\n|-supereffective|p1a: Primarina\n|-end|p1a: Primarina|Substitute\n|\n|-heal|p1a: Primarina|51\/100|[from] item: Leftovers\n|-damage|p2a: Tangrowth|14\/100 tox|[from] psn\n|upkeep\n|turn|39\n|\n|t:|1621803578\n|move|p1a: Primarina|Substitute|p1a: Primarina\n|-start|p1a: Primarina|Substitute\n|-damage|p1a: Primarina|26\/100\n|move|p2a: Tangrowth|Sludge Bomb|p1a: Primarina\n|-supereffective|p1a: Primarina\n|-end|p1a: Primarina|Substitute\n|\n|-heal|p1a: Primarina|32\/100|[from] item: Leftovers\n|-damage|p2a: Tangrowth|0 fnt|[from] psn\n|faint|p2a: Tangrowth\n|upkeep\n|\n|t:|1621803582\n|switch|p2a: Raikou|Raikou|31\/100\n|-ability|p2a: Raikou|Pressure\n|turn|40\n|\n|t:|1621803592\n|move|p2a: Raikou|Calm Mind|p2a: Raikou\n|-boost|p2a: Raikou|spa|1\n|-boost|p2a: Raikou|spd|1\n|move|p1a: Primarina|Scald|p2a: Raikou\n|-damage|p2a: Raikou|0 fnt\n|faint|p2a: Raikou\n|\n|-heal|p1a: Primarina|38\/100|[from] item: Leftovers\n|upkeep\n|\n|t:|1621803597\n|switch|p2a: Krookodile|Krookodile, F|55\/100\n|-ability|p2a: Krookodile|Intimidate|boost\n|-unboost|p1a: Primarina|atk|1\n|turn|41\n|c|\u2606UULT81x Luirro|kinda ass mu\n|c|\u2606UULT81x Luirro|gg\n|\n|t:|1621803605\n|move|p2a: Krookodile|Earthquake|p1a: Primarina\n|-damage|p1a: Primarina|0 fnt\n|faint|p1a: Primarina\n|\n|upkeep\n|c|\u2606Jakkkkkka|gg\n|-message|UULT81x Luirro forfeited.\n|\n|win|Jakkkkkka\n|raw|Jakkkkkka's rating: 1338 &rarr; <strong>1372<\/strong><br \/>(+34 for winning)\n|raw|UULT81x Luirro's rating: 1631 &rarr; <strong>1597<\/strong><br \/>(-34 for losing)\n|l|\u2606UULT81x Luirro\n|l| Can'tFight\n|l| Tarah204\n","uploadtime":1621803615,"views":12,"p1id":"jakkkkkka","p2id":"uult81xluirro","formatid":"gen8uu","rating":1372,"private":0,"password":null}