{"id":"gen8ou-1568016311","p1":"Skip The Drip","p2":"Zicofool","format":"gen8ou","log":"|j|\u2606Skip The Drip\n|j|\u2606Zicofool\n|t:|1651727505\n|gametype|singles\n|player|p1|Skip The Drip|ethan-pokeathlon|1730\n|player|p2|Zicofool|iris-gen5bw2|1678\n|teamsize|p1|6\n|teamsize|p2|6\n|gen|8\n|tier|[Gen 8] OU\n|rated|\n|rule|Sleep Clause Mod: Limit one foe put to sleep\n|rule|Species Clause: Limit one of each Pok\u00e9mon\n|rule|OHKO Clause: OHKO moves are banned\n|rule|Evasion Moves Clause: Evasion moves are banned\n|rule|Endless Battle Clause: Forcing endless battles is banned\n|rule|HP Percentage Mod: HP is shown in percentages\n|rule|Dynamax Clause: You cannot dynamax\n|clearpoke\n|poke|p1|Incineroar, F|\n|poke|p1|Mew|\n|poke|p1|Slurpuff, F|\n|poke|p1|Tapu Fini|\n|poke|p1|Vanilluxe, F|\n|poke|p1|Corviknight, F|\n|poke|p2|Zapdos-Galar|\n|poke|p2|Kommo-o, M|\n|poke|p2|Weavile, M|\n|poke|p2|Kartana|\n|poke|p2|Tapu Lele|\n|poke|p2|Volcanion|\n|teampreview\n|j| pyh333\n|\n|t:|1651727510\n|start\n|switch|p1a: Vanilluxe|Vanilluxe, F|100\/100\n|switch|p2a: Weavile|Weavile, M|100\/100\n|-ability|p2a: Weavile|Pressure\n|-weather|Hail|[from] ability: Snow Warning|[of] p1a: Vanilluxe\n|turn|1\n|\n|t:|1651727516\n|switch|p1a: Slurpuff|Slurpuff, F, shiny|100\/100\n|move|p2a: Weavile|Knock Off|p1a: Slurpuff\n|-resisted|p1a: Slurpuff\n|-damage|p1a: Slurpuff|59\/100\n|-enditem|p1a: Slurpuff|Focus Sash|[from] move: Knock Off|[of] p2a: Weavile\n|\n|-weather|Hail|[upkeep]\n|-damage|p1a: Slurpuff|53\/100|[from] Hail\n|upkeep\n|turn|2\n|j| CreScent10\n|\n|t:|1651727520\n|move|p1a: Slurpuff|Sticky Web|p2a: Weavile\n|-sidestart|p2: Zicofool|move: Sticky Web\n|move|p2a: Weavile|Knock Off|p1a: Slurpuff\n|-resisted|p1a: Slurpuff\n|-crit|p1a: Slurpuff\n|-damage|p1a: Slurpuff|9\/100\n|\n|-weather|Hail|[upkeep]\n|-damage|p1a: Slurpuff|3\/100|[from] Hail\n|upkeep\n|turn|3\n|j| Forgio Catorgio\n|\n|t:|1651727523\n|move|p1a: Slurpuff|Misty Explosion|p2a: Weavile\n|-supereffective|p2a: Weavile\n|-damage|p2a: Weavile|0 fnt\n|faint|p1a: Slurpuff\n|faint|p2a: Weavile\n|\n|-weather|Hail|[upkeep]\n|upkeep\n|\n|t:|1651727531\n|switch|p2a: Volcanion|Volcanion|100\/100\n|switch|p1a: Vanilluxe|Vanilluxe, F|100\/100\n|-activate|p2a: Volcanion|move: Sticky Web\n|-unboost|p2a: Volcanion|spe|1\n|turn|4\n|\n|t:|1651727534\n|move|p1a: Vanilluxe|Aurora Veil|p1a: Vanilluxe\n|-sidestart|p1: Skip The Drip|move: Aurora Veil\n|move|p2a: Volcanion|Fire Blast|p1a: Vanilluxe\n|-supereffective|p1a: Vanilluxe\n|-damage|p1a: Vanilluxe|0 fnt\n|faint|p1a: Vanilluxe\n|\n|-weather|Hail|[upkeep]\n|-damage|p2a: Volcanion|94\/100|[from] Hail\n|upkeep\n|j| Landon\u2718A21\n|inactive|Battle timer is ON: inactive players will automatically lose when time's up. (requested by Skip The Drip)\n|\n|t:|1651727538\n|switch|p1a: Mew|Mew|100\/100\n|turn|5\n|\n|t:|1651727540\n|move|p1a: Mew|Cosmic Power|p1a: Mew\n|-boost|p1a: Mew|def|1\n|-boost|p1a: Mew|spd|1\n|move|p2a: Volcanion|Fire Blast|p1a: Mew\n|-damage|p1a: Mew|74\/100\n|\n|-weather|none\n|upkeep\n|turn|6\n|\n|t:|1651727544\n|switch|p2a: Kommo-o|Kommo-o, M|100\/100\n|-activate|p2a: Kommo-o|move: Sticky Web\n|-unboost|p2a: Kommo-o|spe|1\n|move|p1a: Mew|Cosmic Power|p1a: Mew\n|-boost|p1a: Mew|def|1\n|-boost|p1a: Mew|spd|1\n|\n|upkeep\n|turn|7\n|j| FaeRen S\n|\n|t:|1651727547\n|move|p1a: Mew|Taunt|p2a: Kommo-o\n|-start|p2a: Kommo-o|move: Taunt\n|cant|p2a: Kommo-o|move: Taunt|Roar\n|\n|upkeep\n|turn|8\n|j| filthy xenos\n|\n|t:|1651727557\n|switch|p2a: Kartana|Kartana|100\/100\n|-activate|p2a: Kartana|move: Sticky Web\n|-unboost|p2a: Kartana|spe|1\n|move|p1a: Mew|Cosmic Power|p1a: Mew\n|-boost|p1a: Mew|def|1\n|-boost|p1a: Mew|spd|1\n|\n|upkeep\n|turn|9\n|\n|t:|1651727560\n|move|p1a: Mew|Stored Power|p2a: Kartana\n|-resisted|p2a: Kartana\n|-damage|p2a: Kartana|23\/100\n|move|p2a: Kartana|Knock Off|p1a: Mew\n|-supereffective|p1a: Mew\n|-damage|p1a: Mew|50\/100\n|-enditem|p1a: Mew|Weakness Policy\n|-boost|p1a: Mew|atk|2|[from] item: Weakness Policy\n|-boost|p1a: Mew|spa|2|[from] item: Weakness Policy\n|\n|upkeep\n|turn|10\n|\n|t:|1651727566\n|switch|p2a: Volcanion|Volcanion|94\/100\n|-activate|p2a: Volcanion|move: Sticky Web\n|-unboost|p2a: Volcanion|spe|1\n|move|p1a: Mew|Soft-Boiled|p1a: Mew\n|-heal|p1a: Mew|100\/100\n|\n|upkeep\n|turn|11\n|\n|t:|1651727569\n|move|p1a: Mew|Cosmic Power|p1a: Mew\n|-boost|p1a: Mew|def|1\n|-boost|p1a: Mew|spd|1\n|move|p2a: Volcanion|Steam Eruption|p1a: Mew\n|-damage|p1a: Mew|87\/100\n|\n|-sideend|p1: Skip The Drip|move: Aurora Veil\n|upkeep\n|turn|12\n|\n|t:|1651727571\n|move|p1a: Mew|Stored Power|p2a: Volcanion\n|-damage|p2a: Volcanion|0 fnt\n|faint|p2a: Volcanion\n|\n|upkeep\n|\n|t:|1651727573\n|switch|p2a: Zapdos|Zapdos-Galar|100\/100\n|turn|13\n|\n|t:|1651727577\n|move|p2a: Zapdos|U-turn|p1a: Mew\n|-supereffective|p1a: Mew\n|-damage|p1a: Mew|73\/100\n|\n|t:|1651727582\n|switch|p2a: Tapu Lele|Tapu Lele|100\/100|[from]move: U-turn\n|-activate|p2a: Tapu Lele|move: Sticky Web\n|-unboost|p2a: Tapu Lele|spe|1\n|-fieldstart|move: Psychic Terrain|[from] ability: Psychic Surge|[of] p2a: Tapu Lele\n|move|p1a: Mew|Stored Power|p2a: Tapu Lele\n|-resisted|p2a: Tapu Lele\n|-damage|p2a: Tapu Lele|38\/100\n|\n|upkeep\n|turn|14\n|\n|t:|1651727585\n|move|p1a: Mew|Stored Power|p2a: Tapu Lele\n|-resisted|p2a: Tapu Lele\n|-damage|p2a: Tapu Lele|0 fnt\n|faint|p2a: Tapu Lele\n|\n|upkeep\n|c| CreScent10|Oh no\n|\n|t:|1651727589\n|switch|p2a: Zapdos|Zapdos-Galar|100\/100\n|turn|15\n|\n|t:|1651727591\n|move|p2a: Zapdos|U-turn|p1a: Mew\n|-supereffective|p1a: Mew\n|-crit|p1a: Mew\n|-damage|p1a: Mew|10\/100\n|\n|t:|1651727594\n|switch|p2a: Kartana|Kartana|23\/100|[from]move: U-turn\n|-activate|p2a: Kartana|move: Sticky Web\n|-unboost|p2a: Kartana|spe|1\n|move|p1a: Mew|Stored Power|p2a: Kartana\n|-resisted|p2a: Kartana\n|-damage|p2a: Kartana|0 fnt\n|faint|p2a: Kartana\n|\n|upkeep\n|\n|t:|1651727596\n|switch|p2a: Zapdos|Zapdos-Galar|100\/100\n|turn|16\n|\n|t:|1651727603\n|move|p2a: Zapdos|Throat Chop|p1a: Mew\n|-supereffective|p1a: Mew\n|-damage|p1a: Mew|0 fnt\n|faint|p1a: Mew\n|\n|upkeep\n|\n|t:|1651727607\n|switch|p1a: Tapu Fini|Tapu Fini|100\/100\n|-fieldstart|move: Misty Terrain|[from] ability: Misty Surge|[of] p1a: Tapu Fini\n|turn|17\n|\n|t:|1651727609\n|switch|p2a: Kommo-o|Kommo-o, M|100\/100\n|-activate|p2a: Kommo-o|move: Sticky Web\n|-unboost|p2a: Kommo-o|spe|1\n|move|p1a: Tapu Fini|Calm Mind|p1a: Tapu Fini\n|-boost|p1a: Tapu Fini|spa|1\n|-boost|p1a: Tapu Fini|spd|1\n|\n|upkeep\n|turn|18\n|\n|t:|1651727613\n|move|p1a: Tapu Fini|Taunt|p2a: Kommo-o\n|-start|p2a: Kommo-o|move: Taunt\n|cant|p2a: Kommo-o|move: Taunt|Roar\n|\n|upkeep\n|turn|19\n|-message|Zicofool forfeited.\n|\n|win|Skip The Drip\n|raw|Skip The Drip's rating: 1730 &rarr; <strong>1747<\/strong><br \/>(+17 for winning)\n|raw|Zicofool's rating: 1678 &rarr; <strong>1661<\/strong><br \/>(-17 for losing)\n|l|\u2606Zicofool\n|l| Forgio Catorgio\n|l|\u2606Skip The Drip\n|l| Landon\u2718A21\n|l| FaeRen S\n","uploadtime":1651727666,"views":33,"p1id":"skipthedrip","p2id":"zicofool","formatid":"gen8ou","rating":1661,"private":0,"password":null}