{"id":"gen8nationaldex-1702233403","p1":"Jadenisbadatpkmn","p2":"brettfavreinnocent","format":"gen8nationaldex","log":"|j|\u2606Jadenisbadatpkmn\n|j|\u203dbrettfavreinnocent\n|t:|1667524017\n|gametype|singles\n|player|p1|Jadenisbadatpkmn|shelly|1665\n|player|p2|brettfavreinnocent|fantina|1854\n|teamsize|p1|6\n|teamsize|p2|6\n|gen|8\n|tier|[Gen 8] National Dex\n|rated|\n|rule|HP Percentage Mod: HP is shown in percentages\n|rule|Endless Battle Clause: Forcing endless battles is banned\n|rule|OHKO Clause: OHKO moves are banned\n|rule|Evasion Moves Clause: Evasion moves are banned\n|rule|Species Clause: Limit one of each Pok\u00e9mon\n|rule|Dynamax Clause: You cannot dynamax\n|rule|Sleep Clause Mod: Limit one foe put to sleep\n|clearpoke\n|poke|p1|Beedrill, F|\n|poke|p1|Magnezone|\n|poke|p1|Landorus-Therian, M|\n|poke|p1|Serperior, M|\n|poke|p1|Zapdos|\n|poke|p1|Weavile, F|\n|poke|p2|Kyurem|\n|poke|p2|Ferrothorn, M|\n|poke|p2|Rillaboom, F|\n|poke|p2|Swampert, F|\n|poke|p2|Pelipper, F|\n|poke|p2|Greninja, M|\n|teampreview\n|inactive|Battle timer is ON: inactive players will automatically lose when time's up. (requested by Jadenisbadatpkmn)\n|inactive|Jadenisbadatpkmn has 120 seconds left.\n|\n|t:|1667524074\n|start\n|switch|p1a: Zapdos|Zapdos|100\/100\n|switch|p2a: Kyurem|Kyurem|100\/100\n|-ability|p2a: Kyurem|Pressure\n|turn|1\n|\n|t:|1667524086\n|switch|p1a: Magnezone|Magnezone|100\/100\n|move|p2a: Kyurem|Ice Beam|p1a: Magnezone\n|-resisted|p1a: Magnezone\n|-damage|p1a: Magnezone|46\/100\n|\n|upkeep\n|turn|2\n|\n|t:|1667524089\n|move|p2a: Kyurem|Ice Beam|p1a: Magnezone\n|-resisted|p1a: Magnezone\n|-damage|p1a: Magnezone|0 fnt\n|faint|p1a: Magnezone\n|\n|upkeep\n|\n|t:|1667524101\n|switch|p1a: Weavile|Weavile, F|100\/100\n|-ability|p1a: Weavile|Pressure\n|turn|3\n|\n|t:|1667524106\n|switch|p2a: Ferrothorn|Ferrothorn, M|100\/100\n|move|p1a: Weavile|Ice Shard|p2a: Ferrothorn\n|-damage|p2a: Ferrothorn|76\/100\n|\n|-heal|p2a: Ferrothorn|83\/100|[from] item: Leftovers\n|upkeep\n|turn|4\n|\n|t:|1667524111\n|switch|p1a: Serperior|Serperior, M|100\/100\n|move|p2a: Ferrothorn|Stealth Rock|p1a: Serperior\n|-sidestart|p1: Jadenisbadatpkmn|move: Stealth Rock\n|\n|-heal|p2a: Ferrothorn|89\/100|[from] item: Leftovers\n|upkeep\n|turn|5\n|\n|t:|1667524116\n|move|p1a: Serperior|Substitute|p1a: Serperior\n|-start|p1a: Serperior|Substitute\n|-damage|p1a: Serperior|76\/100\n|move|p2a: Ferrothorn|Knock Off|p1a: Serperior\n|-activate|p1a: Serperior|move: Substitute|[damage]\n|\n|-heal|p1a: Serperior|82\/100|[from] item: Leftovers\n|-heal|p2a: Ferrothorn|95\/100|[from] item: Leftovers\n|upkeep\n|turn|6\n|\n|t:|1667524121\n|move|p1a: Serperior|Glare|p2a: Ferrothorn\n|-status|p2a: Ferrothorn|par\n|move|p2a: Ferrothorn|Knock Off|p1a: Serperior\n|-end|p1a: Serperior|Substitute\n|\n|-heal|p1a: Serperior|88\/100|[from] item: Leftovers\n|-heal|p2a: Ferrothorn|100\/100 par|[from] item: Leftovers\n|upkeep\n|turn|7\n|\n|t:|1667524130\n|move|p1a: Serperior|Substitute|p1a: Serperior\n|-start|p1a: Serperior|Substitute\n|-damage|p1a: Serperior|63\/100\n|move|p2a: Ferrothorn|Knock Off|p1a: Serperior\n|-end|p1a: Serperior|Substitute\n|\n|-heal|p1a: Serperior|70\/100|[from] item: Leftovers\n|upkeep\n|turn|8\n|\n|t:|1667524133\n|move|p1a: Serperior|Substitute|p1a: Serperior\n|-start|p1a: Serperior|Substitute\n|-damage|p1a: Serperior|45\/100\n|move|p2a: Ferrothorn|Knock Off|p1a: Serperior\n|-crit|p1a: Serperior\n|-end|p1a: Serperior|Substitute\n|\n|-heal|p1a: Serperior|51\/100|[from] item: Leftovers\n|upkeep\n|turn|9\n|\n|t:|1667524139\n|move|p1a: Serperior|Substitute|p1a: Serperior\n|-start|p1a: Serperior|Substitute\n|-damage|p1a: Serperior|26\/100\n|move|p2a: Ferrothorn|Knock Off|p1a: Serperior\n|-end|p1a: Serperior|Substitute\n|\n|-heal|p1a: Serperior|32\/100|[from] item: Leftovers\n|upkeep\n|turn|10\n|\n|t:|1667524145\n|move|p1a: Serperior|Substitute|p1a: Serperior\n|-start|p1a: Serperior|Substitute\n|-damage|p1a: Serperior|8\/100\n|cant|p2a: Ferrothorn|par\n|\n|-heal|p1a: Serperior|14\/100|[from] item: Leftovers\n|upkeep\n|turn|11\n|\n|t:|1667524149\n|move|p1a: Serperior|Leaf Storm|p2a: Ferrothorn\n|-resisted|p2a: Ferrothorn\n|-damage|p2a: Ferrothorn|94\/100 par\n|-boost|p1a: Serperior|spa|2\n|cant|p2a: Ferrothorn|par\n|\n|-heal|p1a: Serperior|20\/100|[from] item: Leftovers\n|-heal|p2a: Ferrothorn|99\/100 par|[from] item: Leftovers\n|upkeep\n|turn|12\n|\n|t:|1667524153\n|move|p1a: Serperior|Leaf Storm|p2a: Ferrothorn\n|-resisted|p2a: Ferrothorn\n|-damage|p2a: Ferrothorn|85\/100 par\n|-boost|p1a: Serperior|spa|2\n|move|p2a: Ferrothorn|Knock Off|p1a: Serperior\n|-activate|p1a: Serperior|move: Substitute|[damage]\n|\n|-heal|p1a: Serperior|26\/100|[from] item: Leftovers\n|-heal|p2a: Ferrothorn|91\/100 par|[from] item: Leftovers\n|upkeep\n|turn|13\n|\n|t:|1667524157\n|move|p1a: Serperior|Leaf Storm|p2a: Ferrothorn\n|-resisted|p2a: Ferrothorn\n|-damage|p2a: Ferrothorn|70\/100 par\n|-boost|p1a: Serperior|spa|2\n|cant|p2a: Ferrothorn|par\n|\n|-heal|p1a: Serperior|32\/100|[from] item: Leftovers\n|-heal|p2a: Ferrothorn|76\/100 par|[from] item: Leftovers\n|upkeep\n|turn|14\n|\n|t:|1667524162\n|move|p1a: Serperior|Hidden Power|p2a: Ferrothorn\n|-damage|p2a: Ferrothorn|43\/100 par\n|move|p2a: Ferrothorn|Knock Off|p1a: Serperior\n|-end|p1a: Serperior|Substitute\n|\n|-heal|p1a: Serperior|39\/100|[from] item: Leftovers\n|-heal|p2a: Ferrothorn|49\/100 par|[from] item: Leftovers\n|upkeep\n|turn|15\n|\n|t:|1667524168\n|move|p1a: Serperior|Substitute|p1a: Serperior\n|-start|p1a: Serperior|Substitute\n|-damage|p1a: Serperior|14\/100\n|move|p2a: Ferrothorn|Knock Off|p1a: Serperior\n|-end|p1a: Serperior|Substitute\n|\n|-heal|p1a: Serperior|20\/100|[from] item: Leftovers\n|-heal|p2a: Ferrothorn|55\/100 par|[from] item: Leftovers\n|upkeep\n|turn|16\n|\n|t:|1667524173\n|move|p1a: Serperior|Hidden Power|p2a: Ferrothorn\n|-damage|p2a: Ferrothorn|19\/100 par\n|move|p2a: Ferrothorn|Knock Off|p1a: Serperior\n|-crit|p1a: Serperior\n|-damage|p1a: Serperior|0 fnt\n|-enditem|p1a: Serperior|Leftovers|[from] move: Knock Off|[of] p2a: Ferrothorn\n|faint|p1a: Serperior\n|\n|-heal|p2a: Ferrothorn|25\/100 par|[from] item: Leftovers\n|upkeep\n|\n|t:|1667524177\n|switch|p1a: Weavile|Weavile, F|100\/100\n|-damage|p1a: Weavile|76\/100|[from] Stealth Rock\n|-ability|p1a: Weavile|Pressure\n|turn|17\n|\n|t:|1667524184\n|move|p1a: Weavile|Triple Axel|p2a: Ferrothorn\n|-damage|p2a: Ferrothorn|14\/100 par\n|-damage|p1a: Weavile|63\/100|[from] ability: Iron Barbs|[of] p2a: Ferrothorn\n|-hitcount|p2a: Ferrothorn|1\n|move|p2a: Ferrothorn|Power Whip|p1a: Weavile\n|-damage|p1a: Weavile|0 fnt\n|faint|p1a: Weavile\n|\n|-heal|p2a: Ferrothorn|20\/100 par|[from] item: Leftovers\n|upkeep\n|inactive|Jadenisbadatpkmn has 120 seconds left.\n|\n|t:|1667524236\n|switch|p1a: Zapdos|Zapdos|100\/100\n|turn|18\n|\n|t:|1667524239\n|switch|p2a: Kyurem|Kyurem|100\/100\n|-ability|p2a: Kyurem|Pressure\n|move|p1a: Zapdos|Hurricane|p2a: Kyurem|[miss]\n|-miss|p1a: Zapdos|p2a: Kyurem\n|\n|upkeep\n|turn|19\n|-message|Jadenisbadatpkmn forfeited.\n|\n|win|brettfavreinnocent\n|raw|Jadenisbadatpkmn's rating: 1665 &rarr; <strong>1655<\/strong><br \/>(-10 for losing)\n|raw|brettfavreinnocent's rating: 1854 &rarr; <strong>1864<\/strong><br \/>(+10 for winning)\n|l|\u2606Jadenisbadatpkmn\n|n|\u203dbrettfavreinnocent|brettfavreinnocent\n|n|\u203dbrettfavreinnocent|brettfavreinnocent\n|n|\u203dbrettfavreinnocent|brettfavreinnocent\n|n|\u203dbrettfavreinnocent|brettfavreinnocent\n|n|\u203dbrettfavreinnocent|brettfavreinnocent\n|n|\u203dbrettfavreinnocent|brettfavreinnocent\n|n|\u203dbrettfavreinnocent|brettfavreinnocent\n|n|\u203dbrettfavreinnocent|brettfavreinnocent\n|n|\u203dbrettfavreinnocent|brettfavreinnocent\n|n|\u203dbrettfavreinnocent|brettfavreinnocent\n||Ladder isn't responding, score probably updated but might not have (Request timeout).\n","uploadtime":1667524264,"views":25,"p1id":"jadenisbadatpkmn","p2id":"brettfavreinnocent","formatid":"gen8nationaldex","rating":1655,"private":0,"password":null}