{"id":"gen8uu-1243434663","p1":"ArcanineSquad","p2":"LolzMachine","format":"gen8uu","log":"|j|\u2606ArcanineSquad\n|j|\u2606LolzMachine\n|t:|1607955197\n|player|p1|ArcanineSquad|cynthia-gen4|1366\n|player|p2|LolzMachine|294|1470\n|teamsize|p1|6\n|teamsize|p2|6\n|gametype|singles\n|gen|8\n|tier|[Gen 8] UU\n|rated|\n|clearpoke\n|poke|p1|Tapu Bulu|\n|poke|p1|Latias, F|\n|poke|p1|Nidoqueen, F|\n|poke|p1|Incineroar, M|\n|poke|p1|Azumarill, M|\n|poke|p1|Skarmory, F|\n|poke|p2|Slowbro-Galar, M|\n|poke|p2|Cloyster, F|\n|poke|p2|Togekiss, F|\n|poke|p2|Golurk|\n|poke|p2|Sirfetch\u2019d, F|\n|poke|p2|Jirachi|\n|rule|Sleep Clause Mod: Limit one foe put to sleep\n|rule|Species Clause: Limit one of each Pok\u00e9mon\n|rule|OHKO Clause: OHKO moves are banned\n|rule|Evasion Moves Clause: Evasion moves are banned\n|rule|Endless Battle Clause: Forcing endless battles is banned\n|rule|HP Percentage Mod: HP is shown in percentages\n|rule|Dynamax Clause: You cannot dynamax\n|teampreview\n|inactive|Battle timer is ON: inactive players will automatically lose when time's up. (requested by ArcanineSquad)\n|\n|t:|1607955214\n|start\n|switch|p1a: Incineroar|Incineroar, M|100\/100\n|switch|p2a: Golurk|Golurk|100\/100\n|-ability|p1a: Incineroar|Intimidate|boost\n|-unboost|p2a: Golurk|atk|1\n|turn|1\n|\n|t:|1607955221\n|move|p2a: Golurk|Dynamic Punch|p1a: Incineroar\n|-supereffective|p1a: Incineroar\n|-damage|p1a: Incineroar|60\/100\n|-start|p1a: Incineroar|confusion\n|-activate|p1a: Incineroar|confusion\n|move|p1a: Incineroar|Knock Off|p2a: Golurk\n|-supereffective|p2a: Golurk\n|-damage|p2a: Golurk|8\/100\n|-enditem|p2a: Golurk|Focus Sash|[from] move: Knock Off|[of] p1a: Incineroar\n|\n|upkeep\n|turn|2\n|\n|t:|1607955231\n|switch|p1a: Skarmory|Skarmory, F|100\/100\n|move|p2a: Golurk|Stealth Rock|p1a: Skarmory\n|-sidestart|p1: ArcanineSquad|move: Stealth Rock\n|\n|upkeep\n|turn|3\n|\n|t:|1607955236\n|move|p2a: Golurk|Dynamic Punch|p1a: Skarmory\n|-damage|p1a: Skarmory|88\/100\n|-start|p1a: Skarmory|confusion\n|-activate|p1a: Skarmory|confusion\n|-damage|p1a: Skarmory|83\/100|[from] confusion\n|\n|-heal|p1a: Skarmory|89\/100|[from] item: Leftovers\n|upkeep\n|turn|4\n|\n|t:|1607955242\n|move|p2a: Golurk|Poltergeist|p1a: Skarmory\n|-activate|p1a: Skarmory|move: Poltergeist|Leftovers\n|-damage|p1a: Skarmory|65\/100\n|-end|p1a: Skarmory|confusion\n|move|p1a: Skarmory|Defog|p2a: Golurk\n|-unboost|p2a: Golurk|evasion|1\n|-sideend|p1: ArcanineSquad|Stealth Rock|[from] move: Defog|[of] p1a: Skarmory\n|\n|-heal|p1a: Skarmory|71\/100|[from] item: Leftovers\n|upkeep\n|turn|5\n|\n|t:|1607955252\n|move|p2a: Golurk|Stealth Rock|p1a: Skarmory\n|-sidestart|p1: ArcanineSquad|move: Stealth Rock\n|move|p1a: Skarmory|Brave Bird|p2a: Golurk\n|-damage|p2a: Golurk|0 fnt\n|-damage|p1a: Skarmory|69\/100|[from] Recoil\n|faint|p2a: Golurk\n|\n|-heal|p1a: Skarmory|75\/100|[from] item: Leftovers\n|upkeep\n|\n|t:|1607955258\n|switch|p2a: Slowbro|Slowbro-Galar, M|100\/100\n|turn|6\n|-activate|p2a: Slowbro|item: Quick Claw\n|\n|t:|1607955262\n|move|p2a: Slowbro|Nasty Plot|p2a: Slowbro\n|-boost|p2a: Slowbro|spa|2\n|move|p1a: Skarmory|Defog|p2a: Slowbro\n|-unboost|p2a: Slowbro|evasion|1\n|-sideend|p1: ArcanineSquad|Stealth Rock|[from] move: Defog|[of] p1a: Skarmory\n|\n|-heal|p1a: Skarmory|81\/100|[from] item: Leftovers\n|upkeep\n|turn|7\n|\n|t:|1607955265\n|switch|p1a: Incineroar|Incineroar, M|60\/100\n|-ability|p1a: Incineroar|Intimidate|boost\n|-unboost|p2a: Slowbro|atk|1\n|move|p2a: Slowbro|Fire Blast|p1a: Incineroar|[miss]\n|-miss|p2a: Slowbro|p1a: Incineroar\n|\n|upkeep\n|turn|8\n|-activate|p2a: Slowbro|ability: Quick Draw\n|\n|t:|1607955273\n|move|p2a: Slowbro|Shell Side Arm|p1a: Incineroar\n|-damage|p1a: Incineroar|0 fnt\n|-hint|Special Shell Side Arm\n|faint|p1a: Incineroar\n|\n|upkeep\n|\n|t:|1607955280\n|switch|p1a: Azumarill|Azumarill, M|100\/100\n|turn|9\n|\n|t:|1607955286\n|move|p1a: Azumarill|Liquidation|p2a: Slowbro\n|-damage|p2a: Slowbro|10\/100\n|move|p2a: Slowbro|Shell Side Arm|p1a: Azumarill\n|-supereffective|p1a: Azumarill\n|-damage|p1a: Azumarill|0 fnt\n|-hint|Special Shell Side Arm\n|faint|p1a: Azumarill\n|\n|upkeep\n|\n|t:|1607955295\n|switch|p1a: Tapu Bulu|Tapu Bulu|100\/100\n|-fieldstart|move: Grassy Terrain|[from] ability: Grassy Surge|[of] p1a: Tapu Bulu\n|turn|10\n|-activate|p2a: Slowbro|item: Quick Claw\n|\n|t:|1607955297\n|move|p2a: Slowbro|Shell Side Arm|p1a: Tapu Bulu\n|-supereffective|p1a: Tapu Bulu\n|-damage|p1a: Tapu Bulu|0 fnt\n|-hint|Special Shell Side Arm\n|faint|p1a: Tapu Bulu\n|\n|-heal|p2a: Slowbro|16\/100|[from] Grassy Terrain\n|upkeep\n|\n|t:|1607955301\n|switch|p1a: Latias|Latias, F|100\/100\n|-enditem|p1a: Latias|Grassy Seed\n|-boost|p1a: Latias|def|1|[from] item: Grassy Seed\n|turn|11\n|-activate|p2a: Slowbro|ability: Quick Draw\n|\n|t:|1607955305\n|move|p2a: Slowbro|Shell Side Arm|p1a: Latias\n|-damage|p1a: Latias|25\/100\n|-hint|Special Shell Side Arm\n|move|p1a: Latias|Calm Mind|p1a: Latias\n|-boost|p1a: Latias|spa|1\n|-boost|p1a: Latias|spd|1\n|\n|-heal|p2a: Slowbro|22\/100|[from] Grassy Terrain\n|upkeep\n|turn|12\n|-activate|p2a: Slowbro|ability: Quick Draw\n|\n|t:|1607955313\n|move|p2a: Slowbro|Shell Side Arm|p1a: Latias\n|-damage|p1a: Latias|0 fnt\n|-hint|Special Shell Side Arm\n|faint|p1a: Latias\n|\n|-heal|p2a: Slowbro|28\/100|[from] Grassy Terrain\n|upkeep\n|c|\u2606ArcanineSquad|Thus is so stupid\n|-message|ArcanineSquad forfeited.\n|\n|win|LolzMachine\n|l|\u2606ArcanineSquad\n|raw|ArcanineSquad's rating: 1353 &rarr; <strong>1339<\/strong><br \/>(-14 for losing)\n|raw|LolzMachine's rating: 1452 &rarr; <strong>1467<\/strong><br \/>(+15 for winning)\n","uploadtime":1607955358,"views":11,"p1id":"arcaninesquad","p2id":"lolzmachine","formatid":"gen8uu","rating":1339,"private":0,"password":null}