{"id":"gen8ou-1140999812","p1":"Adenela","p2":"SpookyHard","format":"gen8ou","log":"|j|\u2606Adenela\n|j|\u2606SpookyHard\n|player|p1|Adenela|furisodegirl-black|1670\n|player|p2|SpookyHard|266|1643\n|teamsize|p1|6\n|teamsize|p2|6\n|gametype|singles\n|gen|8\n|tier|[Gen 8] OU\n|rated|\n|clearpoke\n|poke|p1|Magearna|\n|poke|p1|Rotom-Wash|\n|poke|p1|Ferrothorn, F|\n|poke|p1|Marowak-Alola, F|\n|poke|p1|Clefable, F|\n|poke|p1|Hydreigon, F|\n|poke|p2|Rillaboom, M|\n|poke|p2|Hawlucha, F|\n|poke|p2|Volcarona, F|\n|poke|p2|Terrakion|\n|poke|p2|Azumarill, F|\n|poke|p2|Magearna|\n|rule|Sleep Clause Mod: Limit one foe put to sleep\n|rule|Species Clause: Limit one of each Pok\u00e9mon\n|rule|OHKO Clause: OHKO moves are banned\n|rule|Evasion Moves Clause: Evasion moves are banned\n|rule|Endless Battle Clause: Forcing endless battles is banned\n|rule|HP Percentage Mod: HP is shown in percentages\n|rule|Dynamax Clause: You cannot dynamax\n|teampreview\n|\n|start\n|switch|p1a: Ferrothorn|Ferrothorn, F|100\/100\n|switch|p2a: Rillaboom|Rillaboom, M|100\/100\n|-fieldstart|move: Grassy Terrain|[from] ability: Grassy Surge|[of] p2a: Rillaboom\n|turn|1\n|\n|move|p2a: Rillaboom|U-turn|p1a: Ferrothorn\n|-damage|p1a: Ferrothorn|79\/100\n|-damage|p2a: Rillaboom|88\/100|[from] ability: Iron Barbs|[of] p1a: Ferrothorn\n|\n|switch|p2a: Terrakion|Terrakion|100\/100|[from]move: U-turn\n|move|p1a: Ferrothorn|Spikes|p2a: Terrakion\n|-sidestart|p2: SpookyHard|Spikes\n|\n|-heal|p1a: Ferrothorn|86\/100|[from] Grassy Terrain\n|upkeep\n|turn|2\n|\n|move|p2a: Terrakion|Stealth Rock|p1a: Ferrothorn\n|-sidestart|p1: Adenela|move: Stealth Rock\n|move|p1a: Ferrothorn|Spikes|p2a: Terrakion\n|-sidestart|p2: SpookyHard|Spikes\n|\n|-heal|p1a: Ferrothorn|92\/100|[from] Grassy Terrain\n|upkeep\n|turn|3\n|\n|move|p2a: Terrakion|Close Combat|p1a: Ferrothorn\n|-supereffective|p1a: Ferrothorn\n|-enditem|p1a: Ferrothorn|Chople Berry|[eat]\n|-enditem|p1a: Ferrothorn|Chople Berry|[weaken]\n|-damage|p1a: Ferrothorn|54\/100\n|-unboost|p2a: Terrakion|def|1\n|-unboost|p2a: Terrakion|spd|1\n|-damage|p2a: Terrakion|88\/100|[from] ability: Iron Barbs|[of] p1a: Ferrothorn\n|move|p1a: Ferrothorn|Spikes|p2a: Terrakion\n|-sidestart|p2: SpookyHard|Spikes\n|\n|-heal|p2a: Terrakion|94\/100|[from] Grassy Terrain\n|-heal|p1a: Ferrothorn|60\/100|[from] Grassy Terrain\n|upkeep\n|turn|4\n|\n|switch|p1a: Clefable|Clefable, F|100\/100\n|move|p2a: Terrakion|Stone Edge|p1a: Clefable\n|-damage|p1a: Clefable|46\/100\n|\n|-heal|p2a: Terrakion|100\/100|[from] Grassy Terrain\n|-heal|p1a: Clefable|52\/100|[from] item: Leftovers\n|-heal|p1a: Clefable|58\/100|[from] Grassy Terrain\n|upkeep\n|turn|5\n|\n|move|p2a: Terrakion|Stone Edge|p1a: Clefable\n|-crit|p1a: Clefable\n|-damage|p1a: Clefable|0 fnt\n|faint|p1a: Clefable\n|\n|-fieldend|move: Grassy Terrain\n|upkeep\n|c|\u2606Adenela|,\n|\n|switch|p1a: Hydreigon|Hydreigon, F|100\/100\n|-damage|p1a: Hydreigon|88\/100|[from] Stealth Rock\n|turn|6\n|\n|move|p1a: Hydreigon|Draco Meteor|p2a: Terrakion\n|-enditem|p2a: Terrakion|Focus Sash\n|-damage|p2a: Terrakion|1\/100\n|-unboost|p1a: Hydreigon|spa|2\n|move|p2a: Terrakion|Close Combat|p1a: Hydreigon\n|-supereffective|p1a: Hydreigon\n|-damage|p1a: Hydreigon|0 fnt\n|-unboost|p2a: Terrakion|def|1\n|-unboost|p2a: Terrakion|spd|1\n|faint|p1a: Hydreigon\n|\n|upkeep\n|\n|switch|p1a: Rotom|Rotom-Wash|100\/100\n|-damage|p1a: Rotom|88\/100|[from] Stealth Rock\n|turn|7\n|\n|move|p2a: Terrakion|Close Combat|p1a: Rotom\n|-crit|p1a: Rotom\n|-damage|p1a: Rotom|0 fnt\n|-unboost|p2a: Terrakion|def|1\n|-unboost|p2a: Terrakion|spd|1\n|faint|p1a: Rotom\n|\n|upkeep\n|c|\u2606Adenela|holy shit\n|c|\u2606Adenela|can you stop\n|\n|switch|p1a: Magearna|Magearna|100\/100\n|-damage|p1a: Magearna|95\/100|[from] Stealth Rock\n|turn|8\n|\n|move|p2a: Terrakion|Close Combat|p1a: Magearna\n|-damage|p1a: Magearna|29\/100\n|-unboost|p2a: Terrakion|def|1\n|-unboost|p2a: Terrakion|spd|1\n|move|p1a: Magearna|Shift Gear|p1a: Magearna\n|-boost|p1a: Magearna|spe|2\n|-boost|p1a: Magearna|atk|1\n|\n|upkeep\n|turn|9\n|\n|move|p1a: Magearna|Thunderbolt|p2a: Terrakion\n|-damage|p2a: Terrakion|0 fnt\n|-damage|p1a: Magearna|19\/100|[from] item: Life Orb\n|faint|p2a: Terrakion\n|-ability|p1a: Magearna|Soul-Heart|boost\n|-boost|p1a: Magearna|spa|1\n|\n|upkeep\n|c|\u2606Adenela|lucky speds dude\n|\n|switch|p2a: Azumarill|Azumarill, F|100\/100\n|-damage|p2a: Azumarill|76\/100|[from] Spikes\n|turn|10\n|c|\u2606Adenela|fuck this\n|-message|Adenela forfeited.\n|\n|win|SpookyHard\n|l|\u2606Adenela\n|raw|Adenela's rating: 1670 &rarr; <strong>1648<\/strong><br \/>(-22 for losing)\n|raw|SpookyHard's rating: 1643 &rarr; <strong>1665<\/strong><br \/>(+22 for winning)\n","uploadtime":1593302966,"views":20,"p1id":"adenela","p2id":"spookyhard","formatid":"gen8ou","rating":1648,"private":0,"password":null}