{"id":"gen8ou-1127582545","p1":"Charmalane","p2":"Jakkkkkka","format":"gen8ou","log":"|j|\u2606Charmalane\n|j|\u2606Jakkkkkka\n|player|p1|Charmalane|brawly|1510\n|player|p2|Jakkkkkka|norman|1446\n|teamsize|p1|6\n|teamsize|p2|6\n|gametype|singles\n|gen|8\n|tier|[Gen 8] OU\n|rated|\n|clearpoke\n|poke|p1|Bisharp, F|\n|poke|p1|Dragapult, M|\n|poke|p1|Cinderace, M|\n|poke|p1|Hippowdon, F|\n|poke|p1|Mew|\n|poke|p1|Excadrill, M|\n|poke|p2|Torkoal, M|\n|poke|p2|Darmanitan, F|\n|poke|p2|Venusaur, M|\n|poke|p2|Clefable, F|\n|poke|p2|Kommo-o, F|\n|poke|p2|Mandibuzz, F|\n|rule|Sleep Clause Mod: Limit one foe put to sleep\n|rule|Species Clause: Limit one of each Pok\u00e9mon\n|rule|OHKO Clause: OHKO moves are banned\n|rule|Evasion Moves Clause: Evasion moves are banned\n|rule|Endless Battle Clause: Forcing endless battles is banned\n|rule|HP Percentage Mod: HP is shown in percentages\n|rule|Dynamax Clause: You cannot dynamax\n|teampreview\n|\n|start\n|switch|p1a: Catalyst|Mew|100\/100\n|switch|p2a: Venusaur|Venusaur, M|100\/100\n|turn|1\n|\n|switch|p2a: Mandibuzz|Mandibuzz, F|100\/100\n|move|p1a: Catalyst|Spikes|p2a: Mandibuzz\n|-sidestart|p2: Jakkkkkka|Spikes\n|\n|upkeep\n|turn|2\n|\n|move|p1a: Catalyst|Taunt|p2a: Mandibuzz\n|-start|p2a: Mandibuzz|move: Taunt\n|move|p2a: Mandibuzz|Foul Play|p1a: Catalyst\n|-supereffective|p1a: Catalyst\n|-damage|p1a: Catalyst|60\/100\n|-enditem|p1a: Catalyst|Red Card|[of] p2a: Mandibuzz\n|drag|p2a: Darmanitan|Darmanitan, F|100\/100\n|-damage|p2a: Darmanitan|88\/100|[from] Spikes\n|\n|upkeep\n|turn|3\n|\n|move|p2a: Darmanitan|Flare Blitz|p1a: Catalyst\n|-damage|p1a: Catalyst|0 fnt\n|-damage|p2a: Darmanitan|66\/100|[from] Recoil\n|faint|p1a: Catalyst\n|\n|upkeep\n|\n|switch|p1a: Boss|Excadrill, M|100\/100\n|turn|4\n|\n|move|p2a: Darmanitan|Flare Blitz|p1a: Boss\n|-supereffective|p1a: Boss\n|-enditem|p1a: Boss|Focus Sash\n|-damage|p1a: Boss|1\/100\n|-damage|p2a: Darmanitan|32\/100|[from] Recoil\n|move|p1a: Boss|Swords Dance|p1a: Boss\n|-boost|p1a: Boss|atk|2\n|\n|upkeep\n|turn|5\n|\n|switch|p1a: Gloria|Hippowdon, F|100\/100\n|-weather|Sandstorm|[from] ability: Sand Stream|[of] p1a: Gloria\n|move|p2a: Darmanitan|Flare Blitz|p1a: Gloria\n|-crit|p1a: Gloria\n|-damage|p1a: Gloria|35\/100\n|-damage|p2a: Darmanitan|15\/100|[from] item: Rocky Helmet|[of] p1a: Gloria\n|-damage|p2a: Darmanitan|0 fnt|[from] Recoil\n|faint|p2a: Darmanitan\n|\n|-weather|Sandstorm|[upkeep]\n|upkeep\n|\n|switch|p2a: Venusaur|Venusaur, M|100\/100\n|-damage|p2a: Venusaur|88\/100|[from] Spikes\n|turn|6\n|\n|switch|p1a: Boss|Excadrill, M|1\/100\n|move|p2a: Venusaur|Giga Drain|p1a: Boss\n|-crit|p1a: Boss\n|-damage|p1a: Boss|0 fnt\n|-heal|p2a: Venusaur|89\/100|[from] drain|[of] p1a: Boss\n|-damage|p2a: Venusaur|79\/100|[from] item: Life Orb\n|faint|p1a: Boss\n|\n|-weather|Sandstorm|[upkeep]\n|-damage|p2a: Venusaur|73\/100|[from] Sandstorm\n|upkeep\n|\n|switch|p1a: Natsu|Cinderace, M|100\/100\n|turn|7\n|\n|switch|p2a: Kommo-o|Kommo-o, F|100\/100\n|-damage|p2a: Kommo-o|88\/100|[from] Spikes\n|move|p1a: Natsu|Zen Headbutt|p2a: Kommo-o\n|-start|p1a: Natsu|typechange|Psychic|[from] ability: Libero\n|-supereffective|p2a: Kommo-o\n|-damage|p2a: Kommo-o|40\/100\n|\n|-weather|Sandstorm|[upkeep]\n|-damage|p1a: Natsu|95\/100|[from] Sandstorm\n|-damage|p2a: Kommo-o|34\/100|[from] Sandstorm\n|-heal|p2a: Kommo-o|40\/100|[from] item: Leftovers\n|upkeep\n|turn|8\n|\n|switch|p2a: Mandibuzz|Mandibuzz, F|100\/100\n|move|p1a: Natsu|Zen Headbutt|p2a: Mandibuzz\n|-immune|p2a: Mandibuzz\n|\n|-weather|Sandstorm|[upkeep]\n|-damage|p1a: Natsu|89\/100|[from] Sandstorm\n|upkeep\n|turn|9\n|\n|switch|p1a: Gloria|Hippowdon, F|35\/100\n|move|p2a: Mandibuzz|Foul Play|p1a: Gloria\n|-damage|p1a: Gloria|17\/100\n|-damage|p2a: Mandibuzz|84\/100|[from] item: Rocky Helmet|[of] p1a: Gloria\n|\n|-weather|none\n|upkeep\n|turn|10\n|\n|move|p2a: Mandibuzz|Taunt|p1a: Gloria\n|-start|p1a: Gloria|move: Taunt\n|cant|p1a: Gloria|move: Taunt|Slack Off\n|\n|upkeep\n|turn|11\n|\n|switch|p1a: Undyne|Bisharp, F|100\/100\n|move|p2a: Mandibuzz|Foul Play|p1a: Undyne\n|-resisted|p1a: Undyne\n|-damage|p1a: Undyne|71\/100\n|\n|upkeep\n|turn|12\n|\n|switch|p2a: Kommo-o|Kommo-o, F|40\/100\n|-damage|p2a: Kommo-o|28\/100|[from] Spikes\n|move|p1a: Undyne|Knock Off|p2a: Kommo-o\n|-resisted|p2a: Kommo-o\n|-damage|p2a: Kommo-o|11\/100\n|-enditem|p2a: Kommo-o|Leftovers|[from] move: Knock Off|[of] p1a: Undyne\n|\n|upkeep\n|turn|13\n|\n|move|p1a: Undyne|Sucker Punch||[still]\n|-fail|p1a: Undyne\n|move|p2a: Kommo-o|Stealth Rock|p1a: Undyne\n|-sidestart|p1: Charmalane|move: Stealth Rock\n|\n|upkeep\n|turn|14\n|\n|move|p1a: Undyne|Sucker Punch|p2a: Kommo-o\n|-resisted|p2a: Kommo-o\n|-damage|p2a: Kommo-o|0 fnt\n|faint|p2a: Kommo-o\n|\n|upkeep\n|\n|switch|p2a: Torkoal|Torkoal, M|100\/100\n|-damage|p2a: Torkoal|88\/100|[from] Spikes\n|-weather|SunnyDay|[from] ability: Drought|[of] p2a: Torkoal\n|turn|15\n|\n|switch|p1a: Gloria|Hippowdon, F|17\/100\n|-damage|p1a: Gloria|11\/100|[from] Stealth Rock\n|-weather|Sandstorm|[from] ability: Sand Stream|[of] p1a: Gloria\n|move|p2a: Torkoal|Lava Plume|p1a: Gloria\n|-damage|p1a: Gloria|0 fnt\n|faint|p1a: Gloria\n|\n|-weather|Sandstorm|[upkeep]\n|-damage|p2a: Torkoal|82\/100|[from] Sandstorm\n|upkeep\n|\n|switch|p1a: Disk|Dragapult, M|100\/100\n|-damage|p1a: Disk|88\/100|[from] Stealth Rock\n|turn|16\n|\n|switch|p2a: Mandibuzz|Mandibuzz, F|84\/100\n|move|p1a: Disk|Dragon Dance|p1a: Disk\n|-boost|p1a: Disk|atk|1\n|-boost|p1a: Disk|spe|1\n|\n|-weather|Sandstorm|[upkeep]\n|-damage|p1a: Disk|82\/100|[from] Sandstorm\n|upkeep\n|turn|17\n|\n|move|p1a: Disk|Dragon Darts|p2a: Mandibuzz\n|-damage|p2a: Mandibuzz|43\/100\n|-anim|p1a: Disk|Dragon Darts|p2a: Mandibuzz\n|-damage|p2a: Mandibuzz|0 fnt\n|-damage|p1a: Disk|72\/100|[from] item: Life Orb\n|faint|p2a: Mandibuzz\n|\n|-weather|Sandstorm|[upkeep]\n|-damage|p1a: Disk|66\/100|[from] Sandstorm\n|upkeep\n|\n|switch|p2a: Clefable|Clefable, F|100\/100\n|turn|18\n|\n|move|p1a: Disk|Steel Wing|p2a: Clefable\n|-supereffective|p2a: Clefable\n|-damage|p2a: Clefable|0 fnt\n|-damage|p1a: Disk|57\/100|[from] item: Life Orb\n|faint|p2a: Clefable\n|\n|-weather|Sandstorm|[upkeep]\n|-damage|p1a: Disk|51\/100|[from] Sandstorm\n|upkeep\n|\n|switch|p2a: Torkoal|Torkoal, M|82\/100\n|-damage|p2a: Torkoal|70\/100|[from] Spikes\n|-weather|SunnyDay|[from] ability: Drought|[of] p2a: Torkoal\n|turn|19\n|\n|move|p1a: Disk|Dragon Darts|p2a: Torkoal\n|-damage|p2a: Torkoal|40\/100\n|-anim|p1a: Disk|Dragon Darts|p2a: Torkoal\n|-damage|p2a: Torkoal|12\/100\n|-damage|p1a: Disk|41\/100|[from] item: Life Orb\n|move|p2a: Torkoal|Yawn|p1a: Disk\n|-start|p1a: Disk|move: Yawn|[of] p2a: Torkoal\n|\n|-weather|SunnyDay|[upkeep]\n|upkeep\n|turn|20\n|\n|move|p1a: Disk|Dragon Dance|p1a: Disk\n|-boost|p1a: Disk|atk|1\n|-boost|p1a: Disk|spe|1\n|move|p2a: Torkoal|Lava Plume|p1a: Disk\n|-resisted|p1a: Disk\n|-damage|p1a: Disk|14\/100\n|\n|-weather|SunnyDay|[upkeep]\n|-end|p1a: Disk|move: Yawn|[silent]\n|-status|p1a: Disk|slp\n|upkeep\n|turn|21\n|\n|cant|p1a: Disk|slp\n|move|p2a: Torkoal|Lava Plume|p1a: Disk\n|-resisted|p1a: Disk\n|-damage|p1a: Disk|0 fnt\n|faint|p1a: Disk\n|\n|-weather|SunnyDay|[upkeep]\n|upkeep\n|\n|switch|p1a: Undyne|Bisharp, F|71\/100\n|-damage|p1a: Undyne|65\/100|[from] Stealth Rock\n|turn|22\n|\n|move|p1a: Undyne|Knock Off|p2a: Torkoal\n|-damage|p2a: Torkoal|0 fnt\n|-enditem|p2a: Torkoal|Heat Rock|[from] move: Knock Off|[of] p1a: Undyne\n|faint|p2a: Torkoal\n|\n|-weather|SunnyDay|[upkeep]\n|upkeep\n|\n|switch|p2a: Venusaur|Venusaur, M|73\/100\n|-damage|p2a: Venusaur|60\/100|[from] Spikes\n|turn|23\n|\n|switch|p1a: Natsu|Cinderace, M|89\/100\n|move|p2a: Venusaur|Growth|p2a: Venusaur\n|-boost|p2a: Venusaur|atk|2\n|-boost|p2a: Venusaur|spa|2\n|\n|-weather|SunnyDay|[upkeep]\n|upkeep\n|turn|24\n|\n|move|p2a: Venusaur|Sludge Bomb|p1a: Natsu\n|-damage|p1a: Natsu|0 fnt\n|-damage|p2a: Venusaur|50\/100|[from] item: Life Orb\n|faint|p1a: Natsu\n|\n|-weather|SunnyDay|[upkeep]\n|upkeep\n|\n|switch|p1a: Undyne|Bisharp, F|65\/100\n|-damage|p1a: Undyne|59\/100|[from] Stealth Rock\n|turn|25\n|\n|move|p1a: Undyne|Sucker Punch||[still]\n|-fail|p1a: Undyne\n|move|p2a: Venusaur|Growth|p2a: Venusaur\n|-boost|p2a: Venusaur|atk|2\n|-boost|p2a: Venusaur|spa|2\n|\n|-weather|SunnyDay|[upkeep]\n|upkeep\n|turn|26\n|\n|move|p1a: Undyne|Sucker Punch||[still]\n|-fail|p1a: Undyne\n|move|p2a: Venusaur|Growth|p2a: Venusaur\n|-boost|p2a: Venusaur|atk|2\n|-boost|p2a: Venusaur|spa|2\n|\n|-weather|none\n|upkeep\n|turn|27\n|\n|move|p1a: Undyne|Sucker Punch|p2a: Venusaur\n|-damage|p2a: Venusaur|0 fnt\n|faint|p2a: Venusaur\n|\n|win|Charmalane\n|c|\u2606Charmalane|gg\n|c|\u2606Jakkkkkka|gg\n","uploadtime":1591399300,"views":30,"p1id":"charmalane","p2id":"jakkkkkka","formatid":"gen8ou","rating":0,"private":0,"password":null}