{"id":"gen8ou-1679912820","p1":"Black Sun Tzu","p2":"Dindon Ductile","format":"gen8ou","log":"|j|\u2606Black Sun Tzu\n|j|\u2606Dindon Ductile\n|t:|1665145737\n|gametype|singles\n|player|p1|Black Sun Tzu|brendan-gen3|1687\n|player|p2|Dindon Ductile|bruno|1704\n|teamsize|p1|6\n|teamsize|p2|6\n|gen|8\n|tier|[Gen 8] OU\n|rated|\n|rule|Sleep Clause Mod: Limit one foe put to sleep\n|rule|Species Clause: Limit one of each Pok\u00e9mon\n|rule|OHKO Clause: OHKO moves are banned\n|rule|Evasion Items Clause: Evasion items are banned\n|rule|Evasion Moves Clause: Evasion moves are banned\n|rule|Endless Battle Clause: Forcing endless battles is banned\n|rule|HP Percentage Mod: HP is shown in percentages\n|rule|Dynamax Clause: You cannot dynamax\n|clearpoke\n|poke|p1|Klefki, F|\n|poke|p1|Tornadus-Therian, M|\n|poke|p1|Zeraora|\n|poke|p1|Landorus-Therian, M|\n|poke|p1|Melmetal|\n|poke|p1|Toxapex, F|\n|poke|p2|Melmetal|\n|poke|p2|Tapu Koko|\n|poke|p2|Rillaboom, M|\n|poke|p2|Klefki, M|\n|poke|p2|Landorus-Therian, M|\n|poke|p2|Slowbro, M|\n|teampreview\n|j| misterioussaint\n|inactive|Battle timer is ON: inactive players will automatically lose when time's up. (requested by Dindon Ductile)\n|inactive|Black Sun Tzu has 120 seconds left.\n|j| Not your property\n|\n|t:|1665145810\n|start\n|switch|p1a: Tornadus|Tornadus-Therian, M|100\/100\n|switch|p2a: Klefki|Klefki, M|100\/100\n|turn|1\n|\n|t:|1665145820\n|switch|p1a: Landorus|Landorus-Therian, M|100\/100\n|-ability|p1a: Landorus|Intimidate|boost\n|-unboost|p2a: Klefki|atk|1\n|move|p2a: Klefki|Thunder Wave|p1a: Landorus\n|-immune|p1a: Landorus\n|\n|upkeep\n|turn|2\n|j| Ran Kob\n|\n|t:|1665145826\n|move|p2a: Klefki|Switcheroo|p1a: Landorus\n|-activate|p2a: Klefki|move: Trick|[of] p1a: Landorus\n|-item|p1a: Landorus|Ring Target|[from] move: Switcheroo\n|-item|p2a: Klefki|Rocky Helmet|[from] move: Switcheroo\n|move|p1a: Landorus|Stealth Rock|p2a: Klefki\n|-sidestart|p2: Dindon Ductile|move: Stealth Rock\n|\n|upkeep\n|turn|3\n|l| misterioussaint\n|j| misterioussaint\n|l| Not your property\n|c|\u2606Black Sun Tzu|insane tech ngl\n|\n|t:|1665145855\n|move|p2a: Klefki|Spikes|p1a: Landorus\n|-sidestart|p1: Black Sun Tzu|Spikes\n|move|p1a: Landorus|Earthquake|p2a: Klefki\n|-supereffective|p2a: Klefki\n|-damage|p2a: Klefki|23\/100\n|\n|upkeep\n|turn|4\n|l| Ran Kob\n|inactive|Black Sun Tzu has 120 seconds left.\n|\n|t:|1665145881\n|switch|p2a: Landorus|Landorus-Therian, M|100\/100\n|-damage|p2a: Landorus|88\/100|[from] Stealth Rock\n|-ability|p2a: Landorus|Intimidate|boost\n|-unboost|p1a: Landorus|atk|1\n|move|p1a: Landorus|Earthquake|p2a: Landorus\n|-immune|p2a: Landorus\n|\n|-heal|p2a: Landorus|94\/100|[from] item: Leftovers\n|upkeep\n|turn|5\n|inactive|Black Sun Tzu has 120 seconds left.\n|\n|t:|1665145894\n|move|p1a: Landorus|Swords Dance|p1a: Landorus\n|-boost|p1a: Landorus|atk|2\n|move|p2a: Landorus|U-turn|p1a: Landorus\n|-resisted|p1a: Landorus\n|-damage|p1a: Landorus|90\/100\n|\n|t:|1665145906\n|switch|p2a: Slowbro|Slowbro, M|100\/100|[from]move: U-turn\n|-damage|p2a: Slowbro|88\/100|[from] Stealth Rock\n|\n|upkeep\n|turn|6\n|j| gold bottle\n|inactive|Black Sun Tzu has 120 seconds left.\n|j| wdz999\n|j| Adopted\n|\n|t:|1665145933\n|switch|p1a: Klefki|Klefki, F, shiny|100\/100\n|-damage|p1a: Klefki|88\/100|[from] Spikes\n|move|p2a: Slowbro|Ice Beam|p1a: Klefki\n|-resisted|p1a: Klefki\n|-damage|p1a: Klefki|76\/100\n|-status|p1a: Klefki|frz\n|\n|upkeep\n|turn|7\n|l| gold bottle\n|inactive|Black Sun Tzu has 90 seconds left.\n|\n|t:|1665145980\n|switch|p1a: Tornadus|Tornadus-Therian, M|100\/100\n|move|p2a: Slowbro|Teleport|p2a: Slowbro\n|\n|t:|1665145984\n|switch|p2a: Tapu Koko|Tapu Koko|100\/100|[from]move: Teleport\n|-damage|p2a: Tapu Koko|88\/100|[from] Stealth Rock\n|-fieldstart|move: Electric Terrain|[from] ability: Electric Surge|[of] p2a: Tapu Koko\n|\n|upkeep\n|turn|8\n|\n|t:|1665145998\n|switch|p1a: Zeraora|Zeraora, shiny|100\/100\n|move|p2a: Tapu Koko|Thunderbolt|p1a: Zeraora\n|-immune|p1a: Zeraora|[from] ability: Volt Absorb\n|\n|upkeep\n|turn|9\n|\n|t:|1665146018\n|switch|p2a: Landorus|Landorus-Therian, M|94\/100\n|-damage|p2a: Landorus|82\/100|[from] Stealth Rock\n|-ability|p2a: Landorus|Intimidate|boost\n|-unboost|p1a: Zeraora|atk|1\n|move|p1a: Zeraora|Knock Off|p2a: Landorus\n|-damage|p2a: Landorus|62\/100\n|-enditem|p2a: Landorus|Leftovers|[from] move: Knock Off|[of] p1a: Zeraora\n|\n|upkeep\n|turn|10\n|j| polposa\n|inactive|Black Sun Tzu has 60 seconds left.\n|inactive|Dindon Ductile has 120 seconds left.\n|inactive|Black Sun Tzu has 30 seconds left.\n|\n|t:|1665146067\n|switch|p1a: Tornadus|Tornadus-Therian, M|100\/100\n|move|p2a: Landorus|U-turn|p1a: Tornadus\n|-resisted|p1a: Tornadus\n|-damage|p1a: Tornadus|88\/100\n|\n|t:|1665146078\n|switch|p2a: Melmetal|Melmetal|100\/100|[from]move: U-turn\n|-damage|p2a: Melmetal|94\/100|[from] Stealth Rock\n|\n|upkeep\n|turn|11\n|\n|t:|1665146098\n|move|p1a: Tornadus|U-turn|p2a: Melmetal\n|-resisted|p2a: Melmetal\n|-damage|p2a: Melmetal|91\/100\n|\n|t:|1665146102\n|switch|p1a: Klefki|Klefki, F, shiny|76\/100 frz|[from]move: U-turn\n|-damage|p1a: Klefki|64\/100 frz|[from] Spikes\n|move|p2a: Melmetal|Double Iron Bash|p1a: Klefki\n|-damage|p1a: Klefki|33\/100 frz\n|-damage|p2a: Melmetal|74\/100|[from] item: Rocky Helmet|[of] p1a: Klefki\n|-damage|p1a: Klefki|5\/100 frz\n|-damage|p2a: Melmetal|58\/100|[from] item: Rocky Helmet|[of] p1a: Klefki\n|-hitcount|p1a: Klefki|2\n|\n|-fieldend|move: Electric Terrain\n|upkeep\n|turn|12\n|inactive|Black Sun Tzu has 30 seconds left.\n|inactive|Dindon Ductile has 90 seconds left.\n|\n|t:|1665146134\n|switch|p1a: Landorus|Landorus-Therian, M|90\/100\n|-ability|p1a: Landorus|Intimidate|boost\n|-unboost|p2a: Melmetal|atk|1\n|switch|p2a: Landorus|Landorus-Therian, M|62\/100\n|-damage|p2a: Landorus|49\/100|[from] Stealth Rock\n|-ability|p2a: Landorus|Intimidate|boost\n|-unboost|p1a: Landorus|atk|1\n|\n|upkeep\n|turn|13\n|inactive|Black Sun Tzu has 30 seconds left.\n|inactive|Dindon Ductile has 90 seconds left.\n|inactive|Black Sun Tzu has 20 seconds left.\n|inactive|Black Sun Tzu has 15 seconds left.\n|inactive|Black Sun Tzu has 10 seconds left.\n|\n|t:|1665146171\n|move|p1a: Landorus|Stone Edge|p2a: Landorus\n|-damage|p2a: Landorus|27\/100\n|move|p2a: Landorus|U-turn|p1a: Landorus\n|-resisted|p1a: Landorus\n|-damage|p1a: Landorus|78\/100\n|inactive|Black Sun Tzu has 15 seconds left this turn.\n|l| Adopted\n|inactive|Dindon Ductile has 60 seconds left.\n|\n|t:|1665146187\n|switch|p2a: Slowbro|Slowbro, M|100\/100|[from]move: U-turn\n|-damage|p2a: Slowbro|88\/100|[from] Stealth Rock\n|\n|upkeep\n|turn|14\n|inactive|Black Sun Tzu has 25 seconds left this turn.\n|inactive|Black Sun Tzu has 20 seconds left.\n|inactive|Dindon Ductile has 60 seconds left.\n|\n|t:|1665146205\n|switch|p1a: Toxapex|Toxapex, F|100\/100\n|-damage|p1a: Toxapex|88\/100|[from] Spikes\n|move|p2a: Slowbro|Ice Beam|p1a: Toxapex\n|-resisted|p1a: Toxapex\n|-damage|p1a: Toxapex|80\/100\n|\n|upkeep\n|turn|15\n|inactive|Black Sun Tzu has 30 seconds left this turn.\n|inactive|Black Sun Tzu has 20 seconds left.\n|\n|t:|1665146229\n|switch|p2a: Klefki|Klefki, M|23\/100\n|-damage|p2a: Klefki|17\/100|[from] Stealth Rock\n|move|p1a: Toxapex|Toxic|p2a: Klefki\n|-immune|p2a: Klefki\n|\n|upkeep\n|turn|16\n|inactive|Black Sun Tzu has 30 seconds left this turn.\n|\n|t:|1665146240\n|move|p2a: Klefki|Spikes|p1a: Toxapex\n|-sidestart|p1: Black Sun Tzu|Spikes\n|move|p1a: Toxapex|Scald|p2a: Klefki\n|-damage|p2a: Klefki|0 fnt\n|faint|p2a: Klefki\n|\n|upkeep\n|inactive|Black Sun Tzu has 30 seconds left this turn.\n|\n|t:|1665146254\n|switch|p2a: Rillaboom|Rillaboom, M|100\/100\n|-damage|p2a: Rillaboom|88\/100|[from] Stealth Rock\n|-fieldstart|move: Grassy Terrain|[from] ability: Grassy Surge|[of] p2a: Rillaboom\n|turn|17\n|inactive|Black Sun Tzu has 30 seconds left.\n|inactive|Dindon Ductile has 30 seconds left.\n|inactive|Black Sun Tzu has 20 seconds left.\n|inactive|Black Sun Tzu has 15 seconds left.\n|\n|t:|1665146280\n|move|p2a: Rillaboom|Wood Hammer|p1a: Toxapex\n|-damage|p1a: Toxapex|0 fnt\n|faint|p1a: Toxapex\n|-damage|p2a: Rillaboom|65\/100|[from] Recoil\n|\n|-heal|p2a: Rillaboom|71\/100|[from] Grassy Terrain\n|upkeep\n|inactive|Black Sun Tzu has 20 seconds left this turn.\n|inactive|Dindon Ductile has 30 seconds left this turn.\n|j| NilsBoy\n|inactive|Black Sun Tzu has 15 seconds left.\n|l| NilsBoy\n|\n|t:|1665146287\n|switch|p1a: Tornadus|Tornadus-Therian, M|100\/100\n|turn|18\n|inactive|Black Sun Tzu has 25 seconds left this turn.\n|inactive|Black Sun Tzu has 20 seconds left.\n|inactive|Black Sun Tzu has 15 seconds left.\n|inactive|Dindon Ductile has 30 seconds left.\n|\n|t:|1665146301\n|move|p1a: Tornadus|U-turn|p2a: Rillaboom\n|-supereffective|p2a: Rillaboom\n|-damage|p2a: Rillaboom|41\/100\n|inactive|Black Sun Tzu has 20 seconds left this turn.\n|\n|t:|1665146304\n|switch|p1a: Klefki|Klefki, F, shiny|5\/100 frz|[from]move: U-turn\n|-damage|p1a: Klefki|0 fnt|[from] Spikes\n|faint|p1a: Klefki\n|move|p2a: Rillaboom|Wood Hammer|p1: Klefki|[notarget]\n|-fail|p2a: Rillaboom\n|\n|-heal|p2a: Rillaboom|47\/100|[from] Grassy Terrain\n|upkeep\n|inactive|Black Sun Tzu has 25 seconds left this turn.\n|inactive|Black Sun Tzu has 20 seconds left.\n|\n|t:|1665146314\n|switch|p1a: Tornadus|Tornadus-Therian, M|100\/100\n|turn|19\n|inactive|Black Sun Tzu has 30 seconds left this turn.\n|inactive|Dindon Ductile has 30 seconds left.\n|inactive|Black Sun Tzu has 20 seconds left.\n|inactive|Dindon Ductile has 20 seconds left.\n|\n|t:|1665146349\n|move|p1a: Tornadus|Hurricane|p2a: Rillaboom\n|-supereffective|p2a: Rillaboom\n|-damage|p2a: Rillaboom|0 fnt\n|faint|p2a: Rillaboom\n|\n|upkeep\n|inactive|Black Sun Tzu has 25 seconds left this turn.\n|inactive|Dindon Ductile has 25 seconds left this turn.\n|\n|t:|1665146353\n|switch|p2a: Melmetal|Melmetal|58\/100\n|-damage|p2a: Melmetal|52\/100|[from] Stealth Rock\n|turn|20\n|inactive|Black Sun Tzu has 30 seconds left.\n|inactive|Black Sun Tzu has 20 seconds left.\n|inactive|Black Sun Tzu has 15 seconds left.\n|inactive|Black Sun Tzu has 10 seconds left.\n|\n|t:|1665146379\n|move|p1a: Tornadus|Hurricane|p2a: Melmetal|[miss]\n|-miss|p1a: Tornadus|p2a: Melmetal\n|move|p2a: Melmetal|Double Iron Bash|p1a: Tornadus\n|-damage|p1a: Tornadus|61\/100\n|-damage|p1a: Tornadus|15\/100\n|-hitcount|p1a: Tornadus|2\n|\n|-heal|p2a: Melmetal|58\/100|[from] Grassy Terrain\n|upkeep\n|turn|21\n|inactive|Black Sun Tzu has 20 seconds left this turn.\n|inactive|Black Sun Tzu has 15 seconds left.\n|inactive|Black Sun Tzu has 10 seconds left.\n|\n|t:|1665146392\n|move|p1a: Tornadus|Hurricane|p2a: Melmetal\n|-resisted|p2a: Melmetal\n|-damage|p2a: Melmetal|48\/100\n|move|p2a: Melmetal|Double Iron Bash|p1a: Tornadus\n|-damage|p1a: Tornadus|0 fnt\n|faint|p1a: Tornadus\n|-hitcount|p1: Tornadus|1\n|\n|-heal|p2a: Melmetal|54\/100|[from] Grassy Terrain\n|-fieldend|move: Grassy Terrain\n|upkeep\n|inactive|Black Sun Tzu has 15 seconds left this turn.\n|inactive|Black Sun Tzu has 10 seconds left.\n|inactive|Black Sun Tzu has 5 seconds left.\n|\n|t:|1665146403\n|switch|p1a: Landorus|Landorus-Therian, M|78\/100\n|-ability|p1a: Landorus|Intimidate|boost\n|-unboost|p2a: Melmetal|atk|1\n|turn|22\n|inactive|Black Sun Tzu has 15 seconds left this turn.\n|\n|t:|1665146410\n|switch|p2a: Slowbro|Slowbro, M|100\/100\n|-damage|p2a: Slowbro|88\/100|[from] Stealth Rock\n|move|p1a: Landorus|Earthquake|p2a: Slowbro\n|-crit|p2a: Slowbro\n|-damage|p2a: Slowbro|48\/100\n|\n|upkeep\n|turn|23\n|inactive|Black Sun Tzu has 25 seconds left this turn.\n|inactive|Black Sun Tzu has 20 seconds left.\n|\n|t:|1665146418\n|switch|p1a: Melmetal|Melmetal|100\/100\n|-damage|p1a: Melmetal|84\/100|[from] Spikes\n|move|p2a: Slowbro|Slack Off|p2a: Slowbro\n|-heal|p2a: Slowbro|98\/100\n|\n|-heal|p1a: Melmetal|90\/100|[from] item: Leftovers\n|upkeep\n|turn|24\n|inactive|Black Sun Tzu has 30 seconds left this turn.\n|\n|t:|1665146423\n|move|p1a: Melmetal|Toxic|p2a: Slowbro\n|-status|p2a: Slowbro|tox\n|move|p2a: Slowbro|Flamethrower|p1a: Melmetal\n|-supereffective|p1a: Melmetal\n|-damage|p1a: Melmetal|56\/100\n|\n|-heal|p1a: Melmetal|62\/100|[from] item: Leftovers\n|-damage|p2a: Slowbro|92\/100 tox|[from] psn\n|upkeep\n|turn|25\n|inactive|Black Sun Tzu has 30 seconds left.\n|\n|t:|1665146437\n|switch|p1a: Zeraora|Zeraora, shiny|100\/100\n|move|p2a: Slowbro|Teleport|p2a: Slowbro\n|\n|t:|1665146443\n|switch|p2a: Landorus|Landorus-Therian, M|27\/100|[from]move: Teleport\n|-damage|p2a: Landorus|15\/100|[from] Stealth Rock\n|-ability|p2a: Landorus|Intimidate|boost\n|-unboost|p1a: Zeraora|atk|1\n|\n|upkeep\n|turn|26\n|\n|t:|1665146452\n|move|p1a: Zeraora|Knock Off|p2a: Landorus\n|-damage|p2a: Landorus|2\/100\n|move|p2a: Landorus|Stealth Rock|p1a: Zeraora\n|-sidestart|p1: Black Sun Tzu|move: Stealth Rock\n|\n|upkeep\n|turn|27\n|\n|t:|1665146458\n|move|p1a: Zeraora|Knock Off|p2a: Landorus\n|-damage|p2a: Landorus|0 fnt\n|faint|p2a: Landorus\n|\n|upkeep\n|\n|t:|1665146477\n|switch|p2a: Melmetal|Melmetal|54\/100\n|-damage|p2a: Melmetal|48\/100|[from] Stealth Rock\n|turn|28\n|inactive|Black Sun Tzu has 60 seconds left.\n|inactive|Dindon Ductile has 60 seconds left.\n|\n|t:|1665146514\n|switch|p1a: Melmetal|Melmetal|62\/100\n|-damage|p1a: Melmetal|46\/100|[from] Spikes\n|-damage|p1a: Melmetal|39\/100|[from] Stealth Rock\n|move|p2a: Melmetal|Double Iron Bash|p1a: Melmetal\n|-resisted|p1a: Melmetal\n|-damage|p1a: Melmetal|28\/100\n|-resisted|p1a: Melmetal\n|-damage|p1a: Melmetal|17\/100\n|-hitcount|p1a: Melmetal|2\n|\n|-heal|p1a: Melmetal|23\/100|[from] item: Leftovers\n|upkeep\n|turn|29\n|inactive|Dindon Ductile has 60 seconds left.\n|inactive|Black Sun Tzu has 30 seconds left.\n|\n|t:|1665146536\n|move|p2a: Melmetal|Earthquake|p1a: Melmetal\n|-supereffective|p1a: Melmetal\n|-damage|p1a: Melmetal|0 fnt\n|faint|p1a: Melmetal\n|\n|upkeep\n|\n|t:|1665146540\n|switch|p1a: Landorus|Landorus-Therian, M|78\/100\n|-damage|p1a: Landorus|66\/100|[from] Stealth Rock\n|-ability|p1a: Landorus|Intimidate|boost\n|-unboost|p2a: Melmetal|atk|1\n|turn|30\n|inactive|Dindon Ductile has 60 seconds left.\n|\n|t:|1665146550\n|switch|p2a: Slowbro|Slowbro, M|100\/100 tox\n|-damage|p2a: Slowbro|88\/100 tox|[from] Stealth Rock\n|move|p1a: Landorus|Swords Dance|p1a: Landorus\n|-boost|p1a: Landorus|atk|2\n|\n|-damage|p2a: Slowbro|82\/100 tox|[from] psn\n|upkeep\n|turn|31\n|\n|t:|1665146556\n|move|p1a: Landorus|Earthquake|p2a: Slowbro\n|-damage|p2a: Slowbro|31\/100 tox\n|move|p2a: Slowbro|Ice Beam|p1a: Landorus\n|-supereffective|p1a: Landorus\n|-damage|p1a: Landorus|0 fnt\n|faint|p1a: Landorus\n|\n|-damage|p2a: Slowbro|18\/100 tox|[from] psn\n|upkeep\n|\n|t:|1665146559\n|switch|p1a: Zeraora|Zeraora, shiny|100\/100\n|turn|32\n|\n|t:|1665146565\n|move|p1a: Zeraora|Plasma Fists|p2a: Slowbro\n|-supereffective|p2a: Slowbro\n|-damage|p2a: Slowbro|0 fnt\n|-fieldactivate|move: Ion Deluge\n|-hint|Normal-type moves become Electric-type after using Plasma Fists.\n|-damage|p1a: Zeraora|84\/100|[from] item: Rocky Helmet|[of] p2a: Slowbro\n|faint|p2a: Slowbro\n|\n|upkeep\n|\n|t:|1665146574\n|switch|p2a: Melmetal|Melmetal|48\/100\n|-damage|p2a: Melmetal|42\/100|[from] Stealth Rock\n|turn|33\n|\n|t:|1665146579\n|move|p1a: Zeraora|Close Combat|p2a: Melmetal\n|-supereffective|p2a: Melmetal\n|-damage|p2a: Melmetal|1\/100\n|-unboost|p1a: Zeraora|def|1\n|-unboost|p1a: Zeraora|spd|1\n|move|p2a: Melmetal|Earthquake|p1a: Zeraora\n|-supereffective|p1a: Zeraora\n|-damage|p1a: Zeraora|0 fnt\n|faint|p1a: Zeraora\n|\n|win|Dindon Ductile\n|raw|Black Sun Tzu's rating: 1687 &rarr; <strong>1668<\/strong><br \/>(-19 for losing)\n|raw|Dindon Ductile's rating: 1704 &rarr; <strong>1723<\/strong><br \/>(+19 for winning)\n|l|\u2606Black Sun Tzu\n|c|\u2606Dindon Ductile|GG\n|l| polposa\n|j|\u2606Black Sun Tzu\n|player|p1|Black Sun Tzu|brendan-gen3\n||Ladder isn't responding, score probably updated but might not have (Request timeout).\n","uploadtime":1665146600,"views":1,"p1id":"blacksuntzu","p2id":"dindonductile","formatid":"gen8ou","rating":1668,"private":0,"password":null}