{"id":"gen8bdspou-1509435340","p1":"BadPlayer59","p2":"TryHonesty","format":"gen8bdspou","log":"|j|\u2606BadPlayer59\n|j|\u2606TryHonesty\n|t:|1644668432\n|gametype|singles\n|player|p1|BadPlayer59|veteran|1338\n|player|p2|TryHonesty|102|1335\n|teamsize|p1|6\n|teamsize|p2|6\n|gen|8\n|tier|[Gen 8 BDSP] OU\n|rated|\n|rule|Sleep Clause Mod: Limit one foe put to sleep\n|rule|Species Clause: Limit one of each Pok\u00e9mon\n|rule|OHKO Clause: OHKO moves are banned\n|rule|Evasion Moves Clause: Evasion moves are banned\n|rule|Endless Battle Clause: Forcing endless battles is banned\n|rule|HP Percentage Mod: HP is shown in percentages\n|clearpoke\n|poke|p1|Mamoswine, M|\n|poke|p1|Heatran, F|\n|poke|p1|Gastrodon, F|\n|poke|p1|Gliscor, F|\n|poke|p1|Clefable, M|\n|poke|p1|Latias, F|\n|poke|p2|Aerodactyl, M|\n|poke|p2|Volbeat, M|\n|poke|p2|Mamoswine, F|\n|poke|p2|Zapdos|\n|poke|p2|Kingdra, M|\n|poke|p2|Crawdaunt, M|\n|teampreview\n|inactive|Battle timer is ON: inactive players will automatically lose when time's up. (requested by TryHonesty)\n|\n|t:|1644668453\n|start\n|switch|p1a: Heatran|Heatran, F|100\/100\n|switch|p2a: Crawdaunt|Crawdaunt, M|100\/100\n|turn|1\n|\n|t:|1644668471\n|move|p1a: Heatran|Will-O-Wisp|p2a: Crawdaunt\n|-status|p2a: Crawdaunt|brn\n|move|p2a: Crawdaunt|Knock Off|p1a: Heatran\n|-damage|p1a: Heatran|59\/100\n|-enditem|p1a: Heatran|Leftovers|[from] move: Knock Off|[of] p2a: Crawdaunt\n|\n|-damage|p2a: Crawdaunt|95\/100 brn|[from] brn\n|upkeep\n|turn|2\n|\n|t:|1644668482\n|switch|p1a: Gastrodon|Gastrodon, F|100\/100\n|switch|p2a: Aerodactyl|Aerodactyl, M|100\/100\n|\n|upkeep\n|turn|3\n|\n|t:|1644668486\n|move|p2a: Aerodactyl|Stealth Rock|p1a: Gastrodon\n|-sidestart|p1: BadPlayer59|move: Stealth Rock\n|move|p1a: Gastrodon|Ice Beam|p2a: Aerodactyl\n|-supereffective|p2a: Aerodactyl\n|-damage|p2a: Aerodactyl|27\/100\n|\n|upkeep\n|turn|4\n|-activate|p1a: Gastrodon|item: Quick Claw\n|\n|t:|1644668493\n|move|p1a: Gastrodon|Ice Beam|p2a: Aerodactyl\n|-supereffective|p2a: Aerodactyl\n|-damage|p2a: Aerodactyl|0 fnt\n|faint|p2a: Aerodactyl\n|\n|upkeep\n|\n|t:|1644668500\n|switch|p2a: Crawdaunt|Crawdaunt, M|95\/100 brn\n|turn|5\n|\n|t:|1644668503\n|move|p2a: Crawdaunt|Knock Off|p1a: Gastrodon\n|-damage|p1a: Gastrodon|30\/100\n|-enditem|p1a: Gastrodon|Quick Claw|[from] move: Knock Off|[of] p2a: Crawdaunt\n|move|p1a: Gastrodon|Earth Power|p2a: Crawdaunt\n|-crit|p2a: Crawdaunt\n|-damage|p2a: Crawdaunt|0 fnt\n|faint|p2a: Crawdaunt\n|\n|upkeep\n|\n|t:|1644668515\n|switch|p2a: Mamoswine|Mamoswine, F|100\/100\n|turn|6\n|\n|t:|1644668520\n|move|p2a: Mamoswine|Icicle Crash|p1a: Gastrodon|[miss]\n|-miss|p2a: Mamoswine|p1a: Gastrodon\n|move|p1a: Gastrodon|Recover|p1a: Gastrodon\n|-heal|p1a: Gastrodon|80\/100\n|\n|upkeep\n|turn|7\n|\n|t:|1644668539\n|switch|p1a: Heatran|Heatran, F|59\/100\n|-damage|p1a: Heatran|47\/100|[from] Stealth Rock\n|move|p2a: Mamoswine|Earthquake|p1a: Heatran\n|-supereffective|p1a: Heatran\n|-damage|p1a: Heatran|0 fnt\n|faint|p1a: Heatran\n|-damage|p2a: Mamoswine|91\/100|[from] item: Life Orb\n|\n|upkeep\n|\n|t:|1644668556\n|switch|p1a: Mamoswine|Mamoswine, M|100\/100\n|-damage|p1a: Mamoswine|88\/100|[from] Stealth Rock\n|turn|8\n|\n|t:|1644668564\n|move|p1a: Mamoswine|Earthquake|p2a: Mamoswine\n|-damage|p2a: Mamoswine|28\/100\n|move|p2a: Mamoswine|Earthquake|p1a: Mamoswine\n|-damage|p1a: Mamoswine|4\/100\n|-damage|p2a: Mamoswine|18\/100|[from] item: Life Orb\n|\n|upkeep\n|turn|9\n|\n|t:|1644668568\n|move|p1a: Mamoswine|Ice Shard|p2a: Mamoswine\n|-damage|p2a: Mamoswine|6\/100\n|move|p2a: Mamoswine|Ice Shard|p1a: Mamoswine\n|-damage|p1a: Mamoswine|0 fnt\n|faint|p1a: Mamoswine\n|-damage|p2a: Mamoswine|0 fnt|[from] item: Life Orb\n|faint|p2a: Mamoswine\n|\n|upkeep\n|\n|t:|1644668596\n|switch|p1a: Latias|Latias, F|100\/100\n|switch|p2a: Kingdra|Kingdra, M|100\/100\n|-damage|p1a: Latias|88\/100|[from] Stealth Rock\n|turn|10\n|\n|t:|1644668606\n|switch|p2a: Volbeat|Volbeat, M|100\/100\n|move|p1a: Latias|Calm Mind|p1a: Latias\n|-boost|p1a: Latias|spa|1\n|-boost|p1a: Latias|spd|1\n|\n|upkeep\n|turn|11\n|\n|t:|1644668614\n|move|p2a: Volbeat|Thunder Wave|p1a: Latias\n|-status|p1a: Latias|par\n|cant|p1a: Latias|par\n|\n|upkeep\n|turn|12\n|\n|t:|1644668617\n|move|p2a: Volbeat|Confuse Ray|p1a: Latias\n|-start|p1a: Latias|confusion\n|-activate|p1a: Latias|confusion\n|-damage|p1a: Latias|82\/100 par|[from] confusion\n|\n|upkeep\n|turn|13\n|\n|t:|1644668620\n|switch|p2a: Kingdra|Kingdra, M|100\/100\n|-activate|p1a: Latias|confusion\n|cant|p1a: Latias|par\n|\n|upkeep\n|turn|14\n|\n|t:|1644668625\n|switch|p1a: Clefable|Clefable, M|100\/100\n|-damage|p1a: Clefable|88\/100|[from] Stealth Rock\n|move|p2a: Kingdra|Dragon Pulse|p1a: Clefable\n|-immune|p1a: Clefable\n|\n|-heal|p1a: Clefable|94\/100|[from] item: Leftovers\n|upkeep\n|turn|15\n|\n|t:|1644668633\n|switch|p2a: Zapdos|Zapdos|100\/100\n|move|p1a: Clefable|Moonblast|p2a: Zapdos\n|-damage|p2a: Zapdos|66\/100\n|-unboost|p2a: Zapdos|spa|1\n|\n|-heal|p1a: Clefable|99\/100|[from] item: Leftovers\n|upkeep\n|turn|16\n|\n|t:|1644668640\n|switch|p1a: Gliscor|Gliscor, F|100\/100\n|-damage|p1a: Gliscor|88\/100|[from] Stealth Rock\n|move|p2a: Zapdos|Volt Switch|p1a: Gliscor\n|-immune|p1a: Gliscor\n|\n|-status|p1a: Gliscor|tox|[from] item: Toxic Orb\n|upkeep\n|turn|17\n|\n|t:|1644668643\n|switch|p2a: Volbeat|Volbeat, M|100\/100\n|move|p1a: Gliscor|Defog|p2a: Volbeat\n|-unboost|p2a: Volbeat|evasion|1\n|-sideend|p1: BadPlayer59|Stealth Rock|[from] move: Defog|[of] p1a: Gliscor\n|\n|-heal|p1a: Gliscor|100\/100 tox|[from] ability: Poison Heal\n|upkeep\n|turn|18\n|\n|t:|1644668648\n|move|p2a: Volbeat|Rain Dance|p2a: Volbeat\n|-weather|RainDance\n|move|p1a: Gliscor|U-turn|p2a: Volbeat\n|-damage|p2a: Volbeat|80\/100\n|\n|t:|1644668664\n|switch|p1a: Gastrodon|Gastrodon, F|80\/100|[from]move: U-turn\n|\n|-weather|RainDance|[upkeep]\n|upkeep\n|turn|19\n|\n|t:|1644668676\n|switch|p2a: Zapdos|Zapdos|66\/100\n|move|p1a: Gastrodon|Ice Beam|p2a: Zapdos\n|-supereffective|p2a: Zapdos\n|-damage|p2a: Zapdos|0 fnt\n|faint|p2a: Zapdos\n|\n|-weather|RainDance|[upkeep]\n|upkeep\n|\n|t:|1644668679\n|switch|p2a: Kingdra|Kingdra, M|100\/100\n|turn|20\n|\n|t:|1644668682\n|move|p2a: Kingdra|Dragon Pulse|p1a: Gastrodon\n|-damage|p1a: Gastrodon|37\/100\n|-damage|p2a: Kingdra|91\/100|[from] item: Life Orb\n|move|p1a: Gastrodon|Mirror Coat|p2a: Kingdra\n|-damage|p2a: Kingdra|0 fnt\n|faint|p2a: Kingdra\n|\n|-weather|RainDance|[upkeep]\n|upkeep\n|-message|TryHonesty forfeited.\n|\n|win|BadPlayer59\n|raw|BadPlayer59's rating: 1338 &rarr; <strong>1360<\/strong><br \/>(+22 for winning)\n|raw|TryHonesty's rating: 1365 &rarr; <strong>1343<\/strong><br \/>(-22 for losing)\n|c|\u2606BadPlayer59|Gg\n|l|\u2606TryHonesty\n","uploadtime":1644668694,"views":9,"p1id":"badplayer59","p2id":"tryhonesty","formatid":"gen8bdspou","rating":1343,"private":0,"password":null}