{"id":"gen8randombattle-1453097608","p1":"No Nice Names Left","p2":"Chaud74","format":"gen8randombattle","log":"|j|\u2606No Nice Names Left\n|j|\u2606Chaud74\n|t:|1636640946\n|gametype|singles\n|player|p1|No Nice Names Left|265|1690\n|player|p2|Chaud74|265|1685\n|teamsize|p1|6\n|teamsize|p2|6\n|gen|8\n|tier|[Gen 8] Random Battle\n|rated|\n|rule|Species Clause: Limit one of each Pok\u00e9mon\n|rule|HP Percentage Mod: HP is shown in percentages\n|rule|Sleep Clause Mod: Limit one foe put to sleep\n|\n|t:|1636640946\n|start\n|switch|p1a: Urshifu|Urshifu-Rapid-Strike, L78, F|284\/284\n|switch|p2a: Calyrex|Calyrex-Shadow, L65|238\/238\n|-ability|p2a: Calyrex|As One\n|-ability|p2a: Calyrex|Unnerve\n|turn|1\n|\n|t:|1636640958\n|switch|p1a: Moltres|Moltres-Galar, L75|259\/259\n|move|p2a: Calyrex|Psyshock|p1a: Moltres\n|-immune|p1a: Moltres\n|\n|upkeep\n|turn|2\n|\n|t:|1636640972\n|switch|p2a: Comfey|Comfey, L86, M|228\/228\n|move|p1a: Moltres|Nasty Plot|p1a: Moltres\n|-boost|p1a: Moltres|spa|2\n|\n|upkeep\n|turn|3\n|\n|t:|1636640980\n|-start|p1a: Moltres|Dynamax\n|-heal|p1a: Moltres|518\/518|[silent]\n|move|p2a: Comfey|Draining Kiss|p1a: Moltres\n|-supereffective|p1a: Moltres\n|-damage|p1a: Moltres|396\/518\n|move|p1a: Moltres|Max Airstream|p2a: Comfey\n|-damage|p2a: Comfey|9\/228\n|-boost|p1a: Moltres|spe|1\n|\n|upkeep\n|turn|4\n|\n|t:|1636640991\n|move|p2a: Comfey|Draining Kiss|p1a: Moltres\n|-supereffective|p1a: Moltres\n|-damage|p1a: Moltres|264\/518\n|-heal|p2a: Comfey|108\/228|[from] drain|[of] p1a: Moltres\n|move|p1a: Moltres|Max Airstream|p2a: Comfey\n|-damage|p2a: Comfey|0 fnt\n|-boost|p1a: Moltres|spe|1\n|faint|p2a: Comfey\n|\n|upkeep\n|\n|t:|1636641002\n|switch|p2a: Primarina|Primarina, L82, F|265\/265\n|turn|5\n|\n|t:|1636641016\n|move|p1a: Moltres|Max Airstream|p2a: Primarina\n|-damage|p2a: Primarina|69\/265\n|-boost|p1a: Moltres|spe|1\n|move|p2a: Primarina|Moonblast|p1a: Moltres\n|-supereffective|p1a: Moltres\n|-damage|p1a: Moltres|0 fnt\n|faint|p1a: Moltres\n|\n|upkeep\n|\n|t:|1636641029\n|switch|p1a: Crustle|Crustle, L82, F|249\/249\n|turn|6\n|\n|t:|1636641034\n|move|p2a: Primarina|Moonblast|p1a: Crustle\n|-damage|p1a: Crustle|42\/249\n|move|p1a: Crustle|Shell Smash|p1a: Crustle\n|-unboost|p1a: Crustle|def|1\n|-unboost|p1a: Crustle|spd|1\n|-boost|p1a: Crustle|atk|2\n|-boost|p1a: Crustle|spa|2\n|-boost|p1a: Crustle|spe|2\n|\n|upkeep\n|turn|7\n|\n|t:|1636641046\n|move|p1a: Crustle|Earthquake|p2a: Primarina\n|-damage|p2a: Primarina|0 fnt\n|faint|p2a: Primarina\n|\n|upkeep\n|\n|t:|1636641073\n|switch|p2a: Calyrex|Calyrex-Shadow, L65|238\/238\n|-ability|p2a: Calyrex|As One\n|-ability|p2a: Calyrex|Unnerve\n|turn|8\n|\n|t:|1636641086\n|-start|p2a: Calyrex|Dynamax\n|-heal|p2a: Calyrex|476\/476|[silent]\n|move|p1a: Crustle|X-Scissor|p2a: Calyrex\n|-damage|p2a: Calyrex|254\/476\n|move|p2a: Calyrex|Max Mindstorm|p1a: Crustle\n|-damage|p1a: Crustle|0 fnt\n|-fieldstart|move: Psychic Terrain\n|faint|p1a: Crustle\n|-ability|p2a: Calyrex|Grim Neigh|boost\n|-boost|p2a: Calyrex|spa|1\n|\n|-heal|p2a: Calyrex|268\/476|[from] item: Leftovers\n|upkeep\n|\n|t:|1636641099\n|switch|p1a: Lurantis|Lurantis, L82, F|233\/233\n|turn|9\n|\n|t:|1636641130\n|move|p2a: Calyrex|Max Mindstorm|p1a: Lurantis\n|-immune|p1a: Lurantis\n|move|p1a: Lurantis|Dark Pulse|p2a: Calyrex\n|-supereffective|p2a: Calyrex\n|-damage|p2a: Calyrex|0 fnt\n|faint|p2a: Calyrex\n|-damage|p1a: Lurantis|210\/233|[from] item: Life Orb\n|\n|upkeep\n|inactive|Battle timer is ON: inactive players will automatically lose when time's up. (requested by No Nice Names Left)\n|\n|t:|1636641142\n|switch|p2a: Volcarona|Volcarona, L76, M|254\/254\n|turn|10\n|\n|t:|1636641153\n|switch|p1a: Urshifu|Urshifu-Rapid-Strike, L78, F|284\/284\n|move|p2a: Volcarona|Quiver Dance|p2a: Volcarona\n|-boost|p2a: Volcarona|spa|1\n|-boost|p2a: Volcarona|spd|1\n|-boost|p2a: Volcarona|spe|1\n|\n|upkeep\n|turn|11\n|\n|t:|1636641164\n|move|p1a: Urshifu|Surging Strikes|p2a: Volcarona\n|-supereffective|p2a: Volcarona\n|-crit|p2a: Volcarona\n|-damage|p2a: Volcarona|128\/254\n|-supereffective|p2a: Volcarona\n|-crit|p2a: Volcarona\n|-damage|p2a: Volcarona|0 fnt\n|faint|p2a: Volcarona\n|-hitcount|p2: Volcarona|2\n|\n|upkeep\n|-message|Chaud74 forfeited.\n|\n|win|No Nice Names Left\n|raw|No Nice Names Left's rating: 1690 &rarr; <strong>1710<\/strong><br \/>(+20 for winning)\n|raw|Chaud74's rating: 1685 &rarr; <strong>1665<\/strong><br \/>(-20 for losing)\n|l|\u2606Chaud74\n||Ladder isn't responding, score probably updated but might not have (Request timeout).\n","inputlog":">version fdd775b3f11acdb8967ba2509914bacbd4a00109\n>start {\"formatid\":\"gen8randombattle\",\"seed\":[10784,27516,32843,25365],\"rated\":\"Rated battle\"}\n>player p1 {\"name\":\"No Nice Names Left\",\"avatar\":\"265\",\"rating\":1690,\"seed\":[65499,60111,23998,48523]}\n>player p2 {\"name\":\"Chaud74\",\"avatar\":\"265\",\"rating\":1685,\"seed\":[80,37026,15591,39325]}\n>p1 switch 3\n>p2 move psyshock\n>p1 move nastyplot\n>p2 switch 2\n>p1 move hurricane dynamax\n>p2 move drainingkiss\n>p1 move hurricane dynamax\n>p2 move drainingkiss\n>p2 switch 4\n>p1 move hurricane dynamax\n>p2 move moonblast\n>p1 switch 6\n>p1 move shellsmash\n>p2 move moonblast\n>p1 move earthquake\n>p2 move moonblast\n>p2 switch 2\n>p1 move xscissor\n>p2 move psyshock dynamax\n>p1 switch 5\n>p1 move darkpulse\n>p2 move psyshock dynamax\n>p2 switch 5\n>p1 switch 3\n>p2 move quiverdance\n>p1 move surgingstrikes\n>p2 move gigadrain\n>forcelose p2","uploadtime":1636641185,"views":6,"p1id":"nonicenamesleft","p2id":"chaud74","formatid":"gen8randombattle","rating":1665,"private":0,"password":null}