{"id":"gen8ou-1588304023","p1":"So Fvkin Zased Bro","p2":"Maitredouard2","format":"gen8ou","log":"|j|\u2606So Fvkin Zased Bro\n|j|\u2606Maitredouard2\n|t:|1654246052\n|gametype|singles\n|player|p1|So Fvkin Zased Bro|ghetsis|1547\n|player|p2|Maitredouard2|lance|1558\n|teamsize|p1|6\n|teamsize|p2|6\n|gen|8\n|tier|[Gen 8] OU\n|rated|\n|rule|Sleep Clause Mod: Limit one foe put to sleep\n|rule|Species Clause: Limit one of each Pok\u00e9mon\n|rule|OHKO Clause: OHKO moves are banned\n|rule|Evasion Moves Clause: Evasion moves are banned\n|rule|Endless Battle Clause: Forcing endless battles is banned\n|rule|HP Percentage Mod: HP is shown in percentages\n|rule|Dynamax Clause: You cannot dynamax\n|clearpoke\n|poke|p1|Glastrier|\n|poke|p1|Rotom-Wash|\n|poke|p1|Kartana|\n|poke|p1|Garchomp, M|\n|poke|p1|Tornadus-Therian, M|\n|poke|p1|Melmetal|\n|poke|p2|Mandibuzz, F|\n|poke|p2|Landorus-Therian, M|\n|poke|p2|Blissey, F|\n|poke|p2|Heatran, F|\n|poke|p2|Toxapex, M|\n|poke|p2|Tapu Lele|\n|teampreview\n|\n|t:|1654246086\n|start\n|switch|p1a: Tornadus|Tornadus-Therian, M|100\/100\n|switch|p2a: Tapu Lele|Tapu Lele|100\/100\n|-fieldstart|move: Psychic Terrain|[from] ability: Psychic Surge|[of] p2a: Tapu Lele\n|turn|1\n|\n|t:|1654246097\n|switch|p2a: Landorus|Landorus-Therian, M|100\/100\n|-ability|p2a: Landorus|Intimidate|boost\n|-unboost|p1a: Tornadus|atk|1\n|move|p1a: Tornadus|Knock Off|p2a: Landorus\n|-damage|p2a: Landorus|84\/100\n|-enditem|p2a: Landorus|Choice Scarf|[from] move: Knock Off|[of] p1a: Tornadus\n|\n|upkeep\n|turn|2\n|\n|t:|1654246111\n|move|p1a: Tornadus|U-turn|p2a: Landorus\n|-resisted|p2a: Landorus\n|-damage|p2a: Landorus|78\/100\n|\n|t:|1654246113\n|switch|p1a: Rotom|Rotom-Wash|100\/100|[from]move: U-turn\n|move|p2a: Landorus|Stone Edge|p1a: Rotom\n|-damage|p1a: Rotom|62\/100\n|\n|-heal|p1a: Rotom|69\/100|[from] item: Leftovers\n|upkeep\n|turn|3\n|\n|t:|1654246123\n|move|p2a: Landorus|U-turn|p1a: Rotom\n|-crit|p1a: Rotom\n|-damage|p1a: Rotom|29\/100\n|\n|t:|1654246126\n|switch|p2a: Tapu Lele|Tapu Lele|100\/100|[from]move: U-turn\n|move|p1a: Rotom|Volt Switch|p2a: Tapu Lele\n|-damage|p2a: Tapu Lele|71\/100\n|\n|t:|1654246130\n|switch|p1a: Lord Jamar|Glastrier|100\/100|[from]move: Volt Switch\n|\n|upkeep\n|turn|4\n|\n|t:|1654246136\n|switch|p1a: Melmetal|Melmetal|100\/100\n|move|p2a: Tapu Lele|Focus Blast|p1a: Melmetal\n|-supereffective|p1a: Melmetal\n|-damage|p1a: Melmetal|0 fnt\n|faint|p1a: Melmetal\n|\n|upkeep\n|j| Tymerius Bone\n|c|\u2606So Fvkin Zased Bro|Oh yeah fuck my ass\n|c|\u2606So Fvkin Zased Bro|Meant to click melmetal\n|c|\u2606So Fvkin Zased Bro|Instead glast\n|\n|t:|1654246157\n|switch|p1a: Garchomp|Garchomp, M|100\/100\n|turn|5\n|\n|t:|1654246161\n|switch|p2a: Mandibuzz|Mandibuzz, F|100\/100\n|move|p1a: Garchomp|Earthquake|p2a: Mandibuzz\n|-immune|p2a: Mandibuzz\n|\n|-fieldend|move: Psychic Terrain\n|upkeep\n|turn|6\n|j| dridresdan\n|\n|t:|1654246171\n|move|p1a: Garchomp|Stealth Rock|p2a: Mandibuzz\n|-sidestart|p2: Maitredouard2|move: Stealth Rock\n|move|p2a: Mandibuzz|Toxic|p1a: Garchomp\n|-status|p1a: Garchomp|tox\n|\n|-damage|p1a: Garchomp|94\/100 tox|[from] psn\n|upkeep\n|turn|7\n|\n|t:|1654246183\n|switch|p1a: Lord Jamar|Glastrier|100\/100\n|move|p2a: Mandibuzz|Foul Play|p1a: Lord Jamar\n|-damage|p1a: Lord Jamar|60\/100\n|\n|upkeep\n|turn|8\n|\n|t:|1654246190\n|switch|p2a: Toxapex|Toxapex, M|100\/100\n|-damage|p2a: Toxapex|88\/100|[from] Stealth Rock\n|move|p1a: Lord Jamar|Icicle Spear|p2a: Toxapex\n|-resisted|p2a: Toxapex\n|-damage|p2a: Toxapex|83\/100\n|-resisted|p2a: Toxapex\n|-damage|p2a: Toxapex|79\/100\n|-resisted|p2a: Toxapex\n|-damage|p2a: Toxapex|75\/100\n|-hitcount|p2a: Toxapex|3\n|\n|upkeep\n|turn|9\n|\n|t:|1654246201\n|move|p1a: Lord Jamar|High Horsepower|p2a: Toxapex\n|-supereffective|p2a: Toxapex\n|-damage|p2a: Toxapex|33\/100\n|-damage|p1a: Lord Jamar|43\/100|[from] item: Rocky Helmet|[of] p2a: Toxapex\n|move|p2a: Toxapex|Toxic|p1a: Lord Jamar\n|-status|p1a: Lord Jamar|tox\n|\n|-damage|p1a: Lord Jamar|37\/100 tox|[from] psn\n|upkeep\n|turn|10\n|\n|t:|1654246209\n|move|p1a: Lord Jamar|Icicle Spear|p2a: Toxapex\n|-resisted|p2a: Toxapex\n|-crit|p2a: Toxapex\n|-damage|p2a: Toxapex|26\/100\n|-resisted|p2a: Toxapex\n|-damage|p2a: Toxapex|22\/100\n|-resisted|p2a: Toxapex\n|-damage|p2a: Toxapex|18\/100\n|-hitcount|p2a: Toxapex|3\n|move|p2a: Toxapex|Recover|p2a: Toxapex\n|-heal|p2a: Toxapex|68\/100\n|\n|-damage|p1a: Lord Jamar|25\/100 tox|[from] psn\n|upkeep\n|turn|11\n|inactive|Battle timer is ON: inactive players will automatically lose when time's up. (requested by Maitredouard2)\n|c|\u2606So Fvkin Zased Bro|Yeah no I'm clicking X\n|-message|So Fvkin Zased Bro forfeited.\n|\n|win|Maitredouard2\n|raw|So Fvkin Zased Bro's rating: 1547 &rarr; <strong>1528<\/strong><br \/>(-19 for losing)\n|raw|Maitredouard2's rating: 1558 &rarr; <strong>1577<\/strong><br \/>(+19 for winning)\n|l|\u2606So Fvkin Zased Bro\n","uploadtime":1654246183,"views":15,"p1id":"sofvkinzasedbro","p2id":"maitredouard2","formatid":"gen8ou","rating":1528,"private":0,"password":null}