{"id":"gen8ou-1440646501","p1":"Not Sarcasm","p2":"ez2beatu","format":"gen8ou","log":"|j|\u2606Not Sarcasm\n|j|\u2606ez2beatu\n|t:|1634961555\n|gametype|singles\n|player|p1|Not Sarcasm|101|1781\n|player|p2|ez2beatu|1|1969\n|teamsize|p1|6\n|teamsize|p2|6\n|gen|8\n|tier|[Gen 8] OU\n|rated|\n|rule|Sleep Clause Mod: Limit one foe put to sleep\n|rule|Species Clause: Limit one of each Pok\u00e9mon\n|rule|OHKO Clause: OHKO moves are banned\n|rule|Evasion Moves Clause: Evasion moves are banned\n|rule|Endless Battle Clause: Forcing endless battles is banned\n|rule|HP Percentage Mod: HP is shown in percentages\n|rule|Dynamax Clause: You cannot dynamax\n|clearpoke\n|poke|p1|Weavile, F|\n|poke|p1|Blacephalon|\n|poke|p1|Ferrothorn, F|\n|poke|p1|Landorus-Therian, M|\n|poke|p1|Heatran, M|\n|poke|p1|Dragapult, F|\n|poke|p2|Clefable, M|\n|poke|p2|Quagsire, F|\n|poke|p2|Toxapex, F|\n|poke|p2|Skarmory, M|\n|poke|p2|Gastrodon, M|\n|poke|p2|Mew|\n|teampreview\n|inactive|Battle timer is ON: inactive players will automatically lose when time's up. (requested by Not Sarcasm)\n|j| Lightchanseyy\n|inactive|ez2beatu has 120 seconds left.\n|\n|t:|1634961588\n|start\n|switch|p1a: Dragapult|Dragapult, F|100\/100\n|switch|p2a: Toxapex|Toxapex, F|100\/100\n|turn|1\n|\n|t:|1634961594\n|switch|p1a: Ferrothorn|Ferrothorn, F|100\/100\n|move|p2a: Toxapex|Knock Off|p1a: Ferrothorn\n|-damage|p1a: Ferrothorn|92\/100\n|-damage|p2a: Toxapex|88\/100|[from] ability: Iron Barbs|[of] p1a: Ferrothorn\n|-enditem|p1a: Ferrothorn|Leftovers|[from] move: Knock Off|[of] p2a: Toxapex\n|\n|upkeep\n|turn|2\n|\n|t:|1634961601\n|move|p2a: Toxapex|Toxic Spikes|p1a: Ferrothorn\n|-sidestart|p1: Not Sarcasm|move: Toxic Spikes\n|move|p1a: Ferrothorn|Spikes|p2a: Toxapex\n|-sidestart|p2: ez2beatu|Spikes\n|\n|upkeep\n|turn|3\n|\n|t:|1634961604\n|move|p2a: Toxapex|Scald|p1a: Ferrothorn\n|-resisted|p1a: Ferrothorn\n|-damage|p1a: Ferrothorn|85\/100\n|-status|p1a: Ferrothorn|brn\n|move|p1a: Ferrothorn|Spikes|p2a: Toxapex\n|-sidestart|p2: ez2beatu|Spikes\n|\n|-damage|p1a: Ferrothorn|79\/100 brn|[from] brn\n|upkeep\n|turn|4\n|\n|t:|1634961612\n|switch|p2a: Skarmory|Skarmory, M|100\/100\n|move|p1a: Ferrothorn|Leech Seed|p2a: Skarmory\n|-start|p2a: Skarmory|move: Leech Seed\n|\n|-damage|p2a: Skarmory|88\/100|[from] Leech Seed|[of] p1a: Ferrothorn\n|-heal|p1a: Ferrothorn|90\/100 brn|[silent]\n|-damage|p1a: Ferrothorn|84\/100 brn|[from] brn\n|upkeep\n|turn|5\n|\n|t:|1634961619\n|move|p2a: Skarmory|Stealth Rock|p1a: Ferrothorn\n|-sidestart|p1: Not Sarcasm|move: Stealth Rock\n|move|p1a: Ferrothorn|Spikes|p2a: Skarmory\n|-sidestart|p2: ez2beatu|Spikes\n|\n|-heal|p2a: Skarmory|94\/100|[from] item: Leftovers\n|-damage|p2a: Skarmory|82\/100|[from] Leech Seed|[of] p1a: Ferrothorn\n|-heal|p1a: Ferrothorn|96\/100 brn|[silent]\n|-damage|p1a: Ferrothorn|89\/100 brn|[from] brn\n|upkeep\n|turn|6\n|\n|t:|1634961628\n|switch|p2a: Toxapex|Toxapex, F|100\/100\n|-damage|p2a: Toxapex|75\/100|[from] Spikes\n|switch|p1a: Enten|Landorus-Therian, M, shiny|100\/100\n|-damage|p1a: Enten|88\/100|[from] Stealth Rock\n|-ability|p1a: Enten|Intimidate|boost\n|-unboost|p2a: Toxapex|atk|1\n|\n|upkeep\n|turn|7\n|\n|t:|1634961638\n|switch|p2a: Skarmory|Skarmory, M|82\/100\n|move|p1a: Enten|Stealth Rock|p2a: Skarmory\n|-sidestart|p2: ez2beatu|move: Stealth Rock\n|\n|-heal|p2a: Skarmory|88\/100|[from] item: Leftovers\n|upkeep\n|turn|8\n|j| BetaTester404\n|\n|t:|1634961645\n|switch|p1a: Weavile|Weavile, F|100\/100\n|-ability|p1a: Weavile|Pressure\n|move|p2a: Skarmory|Defog|p1a: Weavile\n|-unboost|p1a: Weavile|evasion|1\n|-sideend|p1: Not Sarcasm|Toxic Spikes|[from] move: Defog|[of] p2a: Skarmory\n|-sideend|p1: Not Sarcasm|Stealth Rock|[from] move: Defog|[of] p2a: Skarmory\n|-sideend|p2: ez2beatu|Spikes|[from] move: Defog|[of] p2a: Skarmory\n|-sideend|p2: ez2beatu|Stealth Rock|[from] move: Defog|[of] p2a: Skarmory\n|\n|-heal|p2a: Skarmory|94\/100|[from] item: Leftovers\n|upkeep\n|turn|9\n|\n|t:|1634961655\n|switch|p1a: Blacephalon|Blacephalon|100\/100\n|move|p2a: Skarmory|Body Press|p1a: Blacephalon\n|-immune|p1a: Blacephalon\n|\n|-heal|p2a: Skarmory|99\/100|[from] item: Leftovers\n|upkeep\n|turn|10\n|\n|t:|1634961662\n|switch|p2a: Gastrodon|Gastrodon, M|100\/100\n|move|p1a: Blacephalon|Shadow Ball|p2a: Gastrodon\n|-damage|p2a: Gastrodon|58\/100\n|\n|-heal|p2a: Gastrodon|64\/100|[from] item: Leftovers\n|upkeep\n|turn|11\n|\n|t:|1634961669\n|switch|p1a: Ferrothorn|Ferrothorn, F|89\/100 brn\n|move|p2a: Gastrodon|Recover|p2a: Gastrodon\n|-heal|p2a: Gastrodon|100\/100\n|\n|-damage|p1a: Ferrothorn|83\/100 brn|[from] brn\n|upkeep\n|turn|12\n|j| christmaseve809\n|\n|t:|1634961675\n|switch|p2a: Skarmory|Skarmory, M|99\/100\n|move|p1a: Ferrothorn|Spikes|p2a: Skarmory\n|-sidestart|p2: ez2beatu|Spikes\n|\n|-heal|p2a: Skarmory|100\/100|[from] item: Leftovers\n|-damage|p1a: Ferrothorn|77\/100 brn|[from] brn\n|upkeep\n|turn|13\n|\n|t:|1634961685\n|move|p2a: Skarmory|Stealth Rock|p1a: Ferrothorn\n|-sidestart|p1: Not Sarcasm|move: Stealth Rock\n|move|p1a: Ferrothorn|Leech Seed|p2a: Skarmory|[miss]\n|-miss|p1a: Ferrothorn|p2a: Skarmory\n|\n|-damage|p1a: Ferrothorn|71\/100 brn|[from] brn\n|upkeep\n|turn|14\n|\n|t:|1634961690\n|move|p2a: Skarmory|Body Press|p1a: Ferrothorn\n|-supereffective|p1a: Ferrothorn\n|-damage|p1a: Ferrothorn|32\/100 brn\n|-damage|p2a: Skarmory|88\/100|[from] ability: Iron Barbs|[of] p1a: Ferrothorn\n|move|p1a: Ferrothorn|Spikes|p2a: Skarmory\n|-sidestart|p2: ez2beatu|Spikes\n|\n|-heal|p2a: Skarmory|94\/100|[from] item: Leftovers\n|-damage|p1a: Ferrothorn|26\/100 brn|[from] brn\n|upkeep\n|turn|15\n|\n|t:|1634961704\n|switch|p1a: Blacephalon|Blacephalon|100\/100\n|-damage|p1a: Blacephalon|76\/100|[from] Stealth Rock\n|move|p2a: Skarmory|Body Press|p1a: Blacephalon\n|-immune|p1a: Blacephalon\n|\n|-heal|p2a: Skarmory|99\/100|[from] item: Leftovers\n|upkeep\n|turn|16\n|j| pyrosagon\n|j| LT82ZW Guatemala\n|\n|t:|1634961712\n|switch|p2a: Gastrodon|Gastrodon, M|100\/100\n|-damage|p2a: Gastrodon|84\/100|[from] Spikes\n|move|p1a: Blacephalon|Shadow Ball|p2a: Gastrodon\n|-damage|p2a: Gastrodon|39\/100\n|-unboost|p2a: Gastrodon|spd|1\n|\n|-heal|p2a: Gastrodon|46\/100|[from] item: Leftovers\n|upkeep\n|turn|17\n|\n|t:|1634961720\n|switch|p2a: Clefable|Clefable, M|100\/100\n|-damage|p2a: Clefable|84\/100|[from] Spikes\n|move|p1a: Blacephalon|Shadow Ball|p2a: Clefable\n|-damage|p2a: Clefable|35\/100\n|\n|-heal|p2a: Clefable|41\/100|[from] item: Leftovers\n|upkeep\n|turn|18\n|j| Reign1997\n|c|\u2606ez2beatu|ah fuck\n|\n|t:|1634961735\n|move|p1a: Blacephalon|Shadow Ball|p2a: Clefable\n|-damage|p2a: Clefable|0 fnt\n|faint|p2a: Clefable\n|-ability|p1a: Blacephalon|Beast Boost|boost\n|-boost|p1a: Blacephalon|spa|1\n|\n|upkeep\n|j| Jjjddd\n|\n|t:|1634961741\n|switch|p2a: Quagsire|Quagsire, F|100\/100\n|-damage|p2a: Quagsire|84\/100|[from] Spikes\n|turn|19\n|j| deadthoughts\n|j| ThEoBsErVeR003\n|\n|t:|1634961749\n|switch|p1a: Ferrothorn|Ferrothorn, F|26\/100 brn\n|-damage|p1a: Ferrothorn|20\/100 brn|[from] Stealth Rock\n|move|p2a: Quagsire|Earthquake|p1a: Ferrothorn\n|-damage|p1a: Ferrothorn|2\/100 brn\n|\n|-heal|p2a: Quagsire|90\/100|[from] item: Leftovers\n|-damage|p1a: Ferrothorn|0 fnt|[from] brn\n|faint|p1a: Ferrothorn\n|upkeep\n|c|\u2606Not Sarcasm|ah fuck indeed sir\n|\n|t:|1634961761\n|switch|p1a: Dragapult|Dragapult, F|100\/100\n|-damage|p1a: Dragapult|88\/100|[from] Stealth Rock\n|turn|20\n|\n|t:|1634961782\n|move|p1a: Dragapult|Dragon Darts|p2a: Quagsire\n|-damage|p2a: Quagsire|63\/100\n|-anim|p1a: Dragapult|Dragon Darts|p2a: Quagsire\n|-damage|p2a: Quagsire|35\/100\n|move|p2a: Quagsire|Toxic|p1a: Dragapult\n|-status|p1a: Dragapult|tox\n|\n|-heal|p2a: Quagsire|41\/100|[from] item: Leftovers\n|-damage|p1a: Dragapult|82\/100 tox|[from] psn\n|upkeep\n|turn|21\n|\n|t:|1634961791\n|switch|p1a: Blacephalon|Blacephalon|76\/100\n|-damage|p1a: Blacephalon|51\/100|[from] Stealth Rock\n|switch|p2a: Skarmory|Skarmory, M|99\/100\n|\n|-heal|p2a: Skarmory|100\/100|[from] item: Leftovers\n|upkeep\n|turn|22\n|\n|t:|1634961806\n|move|p1a: Blacephalon|Shadow Ball|p2a: Skarmory\n|-damage|p2a: Skarmory|10\/100\n|move|p2a: Skarmory|Defog|p1a: Blacephalon\n|-unboost|p1a: Blacephalon|evasion|1\n|-sideend|p1: Not Sarcasm|Stealth Rock|[from] move: Defog|[of] p2a: Skarmory\n|-sideend|p2: ez2beatu|Spikes|[from] move: Defog|[of] p2a: Skarmory\n|\n|-heal|p2a: Skarmory|16\/100|[from] item: Leftovers\n|upkeep\n|turn|23\n|\n|t:|1634961826\n|move|p1a: Blacephalon|Shadow Ball|p2a: Skarmory\n|-damage|p2a: Skarmory|0 fnt\n|faint|p2a: Skarmory\n|-ability|p1a: Blacephalon|Beast Boost|boost\n|-boost|p1a: Blacephalon|spa|1\n|\n|upkeep\n|\n|t:|1634961828\n|switch|p2a: Toxapex|Toxapex, F|100\/100\n|turn|24\n|inactive|Not Sarcasm has 120 seconds left.\n|\n|t:|1634961866\n|switch|p1a: Chaos|Heatran, M, shiny|100\/100\n|-item|p1a: Chaos|Air Balloon\n|move|p2a: Toxapex|Knock Off|p1a: Chaos\n|-damage|p1a: Chaos|89\/100\n|-enditem|p1a: Chaos|Air Balloon\n|\n|upkeep\n|turn|25\n|c| LT82ZW Guatemala|Why does blace just win\n|inactive|Not Sarcasm has 120 seconds left.\n|c|\u2606ez2beatu|fucked up with the hazards\n|c|\u2606ez2beatu|oh well\n|\n|t:|1634961886\n|switch|p2a: Mew|Mew|100\/100\n|move|p1a: Chaos|Magma Storm|p2a: Mew\n|-damage|p2a: Mew|71\/100\n|-activate|p2a: Mew|move: Magma Storm|[of] p1a: Chaos\n|\n|-heal|p2a: Mew|77\/100|[from] item: Leftovers\n|-damage|p2a: Mew|65\/100|[from] move: Magma Storm|[partiallytrapped]\n|upkeep\n|turn|26\n|\n|t:|1634961895\n|move|p2a: Mew|Taunt|p1a: Chaos\n|-start|p1a: Chaos|move: Taunt\n|cant|p1a: Chaos|move: Taunt|Toxic\n|\n|-heal|p2a: Mew|71\/100|[from] item: Leftovers\n|-damage|p2a: Mew|59\/100|[from] move: Magma Storm|[partiallytrapped]\n|upkeep\n|turn|27\n|j| Volc is for pssys\n|\n|t:|1634961901\n|move|p2a: Mew|Cosmic Power|p2a: Mew\n|-boost|p2a: Mew|def|1\n|-boost|p2a: Mew|spd|1\n|move|p1a: Chaos|Earth Power|p2a: Mew\n|-damage|p2a: Mew|49\/100\n|\n|-heal|p2a: Mew|55\/100|[from] item: Leftovers\n|-damage|p2a: Mew|43\/100|[from] move: Magma Storm|[partiallytrapped]\n|upkeep\n|turn|28\n|j| BadPokemonSets\n|j| Golden Oreos\n|\n|t:|1634961908\n|move|p2a: Mew|Roost|p2a: Mew\n|-heal|p2a: Mew|93\/100\n|-singleturn|p2a: Mew|move: Roost\n|move|p1a: Chaos|Earth Power|p2a: Mew\n|-damage|p2a: Mew|82\/100\n|\n|-heal|p2a: Mew|88\/100|[from] item: Leftovers\n|-damage|p2a: Mew|75\/100|[from] move: Magma Storm|[partiallytrapped]\n|-end|p1a: Chaos|move: Taunt\n|upkeep\n|turn|29\n|\n|t:|1634961918\n|switch|p1a: Weavile|Weavile, F|100\/100\n|-ability|p1a: Weavile|Pressure\n|move|p2a: Mew|Taunt|p1a: Weavile\n|-start|p1a: Weavile|move: Taunt\n|\n|-heal|p2a: Mew|82\/100|[from] item: Leftovers\n|-end|p2a: Mew|Magma Storm|[partiallytrapped]\n|upkeep\n|turn|30\n|\n|t:|1634961935\n|switch|p2a: Toxapex|Toxapex, F|100\/100\n|move|p1a: Weavile|Knock Off|p2a: Toxapex\n|-damage|p2a: Toxapex|70\/100\n|-damage|p1a: Weavile|84\/100|[from] item: Rocky Helmet|[of] p2a: Toxapex\n|-enditem|p2a: Toxapex|Rocky Helmet|[from] move: Knock Off|[of] p1a: Weavile\n|\n|upkeep\n|turn|31\n|\n|t:|1634961947\n|switch|p1a: Chaos|Heatran, M, shiny|89\/100\n|move|p2a: Toxapex|Toxic Spikes|p1a: Chaos\n|-sidestart|p1: Not Sarcasm|move: Toxic Spikes\n|\n|upkeep\n|turn|32\n|\n|t:|1634961964\n|switch|p2a: Mew|Mew|82\/100\n|move|p1a: Chaos|Toxic|p2a: Mew\n|-status|p2a: Mew|tox\n|-activate|p2a: Mew|ability: Synchronize\n|-immune|p1a: Chaos\n|\n|-heal|p2a: Mew|88\/100 tox|[from] item: Leftovers\n|-damage|p2a: Mew|82\/100 tox|[from] psn\n|upkeep\n|turn|33\n|\n|t:|1634961976\n|switch|p2a: Gastrodon|Gastrodon, M|46\/100\n|move|p1a: Chaos|Magma Storm|p2a: Gastrodon\n|-resisted|p2a: Gastrodon\n|-damage|p2a: Gastrodon|31\/100\n|-activate|p2a: Gastrodon|move: Magma Storm|[of] p1a: Chaos\n|\n|-heal|p2a: Gastrodon|37\/100|[from] item: Leftovers\n|-damage|p2a: Gastrodon|25\/100|[from] move: Magma Storm|[partiallytrapped]\n|upkeep\n|turn|34\n|\n|t:|1634961985\n|move|p1a: Chaos|Taunt|p2a: Gastrodon\n|-start|p2a: Gastrodon|move: Taunt\n|move|p2a: Gastrodon|Earth Power|p1a: Chaos\n|-supereffective|p1a: Chaos\n|-damage|p1a: Chaos|20\/100\n|\n|-heal|p2a: Gastrodon|31\/100|[from] item: Leftovers\n|-damage|p2a: Gastrodon|19\/100|[from] move: Magma Storm|[partiallytrapped]\n|upkeep\n|turn|35\n|l| deadthoughts\n|\n|t:|1634961993\n|move|p1a: Chaos|Earth Power|p2a: Gastrodon\n|-damage|p2a: Gastrodon|1\/100\n|-unboost|p2a: Gastrodon|spd|1\n|move|p2a: Gastrodon|Scald|p1a: Chaos\n|-supereffective|p1a: Chaos\n|-damage|p1a: Chaos|0 fnt\n|faint|p1a: Chaos\n|\n|-heal|p2a: Gastrodon|7\/100|[from] item: Leftovers\n|-end|p2a: Gastrodon|Magma Storm|[partiallytrapped]|[silent]\n|upkeep\n|\n|t:|1634962013\n|switch|p1a: Blacephalon|Blacephalon|51\/100\n|-status|p1a: Blacephalon|psn\n|turn|36\n|\n|t:|1634962029\n|move|p1a: Blacephalon|Shadow Ball|p2a: Gastrodon\n|-damage|p2a: Gastrodon|0 fnt\n|faint|p2a: Gastrodon\n|-ability|p1a: Blacephalon|Beast Boost|boost\n|-boost|p1a: Blacephalon|spa|1\n|\n|-damage|p1a: Blacephalon|39\/100 psn|[from] psn\n|upkeep\n|\n|t:|1634962031\n|switch|p2a: Toxapex|Toxapex, F|100\/100\n|turn|37\n|\n|t:|1634962037\n|move|p1a: Blacephalon|Shadow Ball|p2a: Toxapex\n|-damage|p2a: Toxapex|14\/100\n|move|p2a: Toxapex|Knock Off|p1a: Blacephalon\n|-supereffective|p1a: Blacephalon\n|-damage|p1a: Blacephalon|0 fnt\n|-enditem|p1a: Blacephalon|Choice Specs|[from] move: Knock Off|[of] p2a: Toxapex\n|faint|p1a: Blacephalon\n|\n|upkeep\n|l| christmaseve809\n|\n|t:|1634962046\n|switch|p1a: Enten|Landorus-Therian, M, shiny|88\/100\n|-ability|p1a: Enten|Intimidate|boost\n|-unboost|p2a: Toxapex|atk|1\n|turn|38\n|\n|t:|1634962052\n|switch|p2a: Mew|Mew|82\/100 tox\n|move|p1a: Enten|Earthquake|p2a: Mew\n|-damage|p2a: Mew|36\/100 tox\n|\n|-heal|p2a: Mew|42\/100 tox|[from] item: Leftovers\n|-damage|p2a: Mew|36\/100 tox|[from] psn\n|upkeep\n|turn|39\n|j| christmaseve809\n|c| BadPokemonSets|this match\u2019s length will probably be as long as a movie\n|\n|t:|1634962060\n|move|p1a: Enten|Earthquake|p2a: Mew\n|-damage|p2a: Mew|0 fnt\n|faint|p2a: Mew\n|\n|upkeep\n|c| christmaseve809|blace op\n|\n|t:|1634962062\n|switch|p2a: Quagsire|Quagsire, F|41\/100\n|turn|40\n|c| Volc is for pssys|nah\n|\n|t:|1634962065\n|move|p1a: Enten|Earthquake|p2a: Quagsire\n|-damage|p2a: Quagsire|0 fnt\n|faint|p2a: Quagsire\n|\n|upkeep\n|c| Volc is for pssys|its over already\n|c|\u2606ez2beatu|ye\n|-message|ez2beatu forfeited.\n|\n|win|Not Sarcasm\n|raw|Not Sarcasm's rating: 1781 &rarr; <strong>1811<\/strong><br \/>(+30 for winning)\n|raw|ez2beatu's rating: 1969 &rarr; <strong>1939<\/strong><br \/>(-30 for losing)\n|l|\u2606ez2beatu\n|c| Volc is for pssys|lol\n|c|\u2606Not Sarcasm|ez\n|l| Jjjddd\n|c| Volc is for pssys|yeah wp\n|l| BetaTester404\n|c| christmaseve809|lol\n|l| BadPokemonSets\n|c| Volc is for pssys|fastest stall game ever lol\n|l| ThEoBsErVeR003\n|c|\u2606Not Sarcasm|he has no switch ins to blace + banded drag\n|c| Volc is for pssys|yeah your team is agro\n|c| Volc is for pssys|i came in and his clef and skarm were dead\n|c| Volc is for pssys|was already over at that point lol\n|j| xavi118\n|j| Silencer\u27363608\n|l| xavi118\n|j| pogger2956\n|l|\u2606Not Sarcasm\n|j| RipReckful\n|l| pogger2956\n|l| christmaseve809\n|l| pyrosagon\n|j| Thoroughfair\n|l| Silencer\u27363608\n|c| RipReckful|is mew his kyurem swtich in\n|j| 09-10a\n|l| RipReckful\n|l| Thoroughfair\n|j| azure nights\n|l| Golden Oreos\n|j| pogger2956\n|l| pogger2956\n|j| Wild wild ladder\n|l| Volc is for pssys\n|j| someidiot19\n|j| Holy cooll\n|l| someidiot19\n|j| vicflakes\n|l| Holy cooll\n|j| The Expirimenter\n|l| LT82ZW Guatemala\n|l| The Expirimenter\n|l| 09-10a\n|l| vicflakes\n","uploadtime":1634962794,"views":52,"p1id":"notsarcasm","p2id":"ez2beatu","formatid":"gen8ou","rating":1811,"private":0,"password":null}