{"id":"gen8ru-1524861281","p1":"eruza02","p2":"Ivyon","format":"gen8ru","log":"|j|\u2606eruza02\n|j|\u2606Ivyon\n|t:|1646588408\n|gametype|singles\n|player|p1|eruza02|1|1320\n|player|p2|Ivyon|blue|1382\n|teamsize|p1|6\n|teamsize|p2|6\n|gen|8\n|tier|[Gen 8] RU\n|rated|\n|rule|Sleep Clause Mod: Limit one foe put to sleep\n|rule|Species Clause: Limit one of each Pok\u00e9mon\n|rule|OHKO Clause: OHKO moves are banned\n|rule|Evasion Moves Clause: Evasion moves are banned\n|rule|Endless Battle Clause: Forcing endless battles is banned\n|rule|HP Percentage Mod: HP is shown in percentages\n|rule|Dynamax Clause: You cannot dynamax\n|clearpoke\n|poke|p1|Snorlax, M|\n|poke|p1|Pangoro, F|\n|poke|p1|Entei|\n|poke|p1|Whimsicott, M|\n|poke|p1|Throh, M|\n|poke|p1|Braviary, M|\n|poke|p2|Cloyster, F|\n|poke|p2|Darmanitan, M|\n|poke|p2|Porygon2|\n|poke|p2|Registeel|\n|poke|p2|Togekiss, F|\n|poke|p2|Rotom-Mow|\n|teampreview\n|\n|t:|1646588422\n|start\n|switch|p1a: Entei|Entei|100\/100\n|switch|p2a: Rotom|Rotom-Mow, shiny|100\/100\n|turn|1\n|\n|t:|1646588429\n|move|p2a: Rotom|Volt Switch|p1a: Entei\n|-damage|p1a: Entei|64\/100\n|inactive|Battle timer is ON: inactive players will automatically lose when time's up. (requested by eruza02)\n|\n|t:|1646588437\n|switch|p2a: Darmanitan|Darmanitan, M, shiny|100\/100|[from]move: Volt Switch\n|move|p1a: Entei|Flare Blitz|p2a: Darmanitan\n|-resisted|p2a: Darmanitan\n|-damage|p2a: Darmanitan|32\/100\n|-damage|p1a: Entei|44\/100|[from] Recoil\n|\n|upkeep\n|turn|2\n|\n|t:|1646588448\n|switch|p1a: Braviary|Braviary, M|100\/100\n|move|p2a: Darmanitan|Stone Edge|p1a: Braviary|[miss]\n|-miss|p2a: Darmanitan|p1a: Braviary\n|\n|upkeep\n|turn|3\n|\n|t:|1646588455\n|switch|p1a: Throh|Throh, M|100\/100\n|move|p2a: Darmanitan|Stone Edge|p1a: Throh\n|-resisted|p1a: Throh\n|-damage|p1a: Throh|81\/100\n|\n|upkeep\n|turn|4\n|\n|t:|1646588462\n|switch|p2a: Togekiss|Togekiss, F, shiny|100\/100\n|move|p1a: Throh|Poison Jab|p2a: Togekiss\n|-supereffective|p2a: Togekiss\n|-crit|p2a: Togekiss\n|-damage|p2a: Togekiss|0 fnt\n|faint|p2a: Togekiss\n|\n|upkeep\n|\n|t:|1646588472\n|switch|p2a: Darmanitan|Darmanitan, M, shiny|32\/100\n|turn|5\n|\n|t:|1646588480\n|move|p2a: Darmanitan|Flare Blitz|p1a: Throh\n|-damage|p1a: Throh|0 fnt\n|faint|p1a: Throh\n|-damage|p2a: Darmanitan|1\/100|[from] Recoil\n|\n|upkeep\n|\n|t:|1646588486\n|switch|p1a: Pangoro|Pangoro, F|100\/100\n|turn|6\n|\n|t:|1646588492\n|switch|p2a: Rotom|Rotom-Mow, shiny|100\/100\n|move|p1a: Pangoro|Bullet Punch|p2a: Rotom\n|-resisted|p2a: Rotom\n|-damage|p2a: Rotom|84\/100\n|\n|upkeep\n|turn|7\n|\n|t:|1646588502\n|switch|p1a: Snorlax|Snorlax, M|100\/100\n|move|p2a: Rotom|Volt Switch|p1a: Snorlax\n|-damage|p1a: Snorlax|83\/100\n|\n|t:|1646588507\n|switch|p2a: Registeel|Registeel|100\/100|[from]move: Volt Switch\n|\n|-heal|p1a: Snorlax|89\/100|[from] item: Leftovers\n|upkeep\n|turn|8\n|\n|t:|1646588514\n|switch|p1a: Entei|Entei|44\/100\n|move|p2a: Registeel|Iron Defense|p2a: Registeel\n|-boost|p2a: Registeel|def|2\n|\n|upkeep\n|turn|9\n|\n|t:|1646588520\n|move|p1a: Entei|Flare Blitz|p2a: Registeel\n|-supereffective|p2a: Registeel\n|-crit|p2a: Registeel\n|-damage|p2a: Registeel|0 fnt\n|faint|p2a: Registeel\n|-damage|p1a: Entei|15\/100|[from] Recoil\n|\n|upkeep\n|\n|t:|1646588529\n|switch|p2a: Rotom|Rotom-Mow, shiny|84\/100\n|turn|10\n|\n|t:|1646588533\n|switch|p1a: Snorlax|Snorlax, M|89\/100\n|move|p2a: Rotom|Volt Switch|p1a: Snorlax\n|-damage|p1a: Snorlax|69\/100\n|\n|t:|1646588542\n|switch|p2a: Porygon2|Porygon2, shiny|100\/100|[from]move: Volt Switch\n|-ability|p2a: Porygon2|Thick Fat|[from] ability: Trace|[of] p1a: Snorlax\n|\n|-heal|p1a: Snorlax|75\/100|[from] item: Leftovers\n|upkeep\n|turn|11\n|\n|t:|1646588550\n|move|p2a: Porygon2|Toxic|p1a: Snorlax\n|-status|p1a: Snorlax|tox\n|move|p1a: Snorlax|Block|p2a: Porygon2\n|-activate|p2a: Porygon2|trapped\n|\n|-heal|p1a: Snorlax|81\/100 tox|[from] item: Leftovers\n|-damage|p1a: Snorlax|75\/100 tox|[from] psn\n|upkeep\n|turn|12\n|\n|t:|1646588559\n|move|p2a: Porygon2|Foul Play|p1a: Snorlax\n|-damage|p1a: Snorlax|59\/100 tox\n|move|p1a: Snorlax|Curse|p1a: Snorlax\n|-unboost|p1a: Snorlax|spe|1\n|-boost|p1a: Snorlax|atk|1\n|-boost|p1a: Snorlax|def|1\n|\n|-heal|p1a: Snorlax|65\/100 tox|[from] item: Leftovers\n|-damage|p1a: Snorlax|52\/100 tox|[from] psn\n|upkeep\n|turn|13\n|\n|t:|1646588569\n|move|p2a: Porygon2|Foul Play|p1a: Snorlax\n|-damage|p1a: Snorlax|36\/100 tox\n|move|p1a: Snorlax|Rest|p1a: Snorlax\n|-status|p1a: Snorlax|slp|[from] move: Rest\n|-heal|p1a: Snorlax|100\/100 slp|[silent]\n|\n|upkeep\n|turn|14\n|\n|t:|1646588577\n|move|p2a: Porygon2|Foul Play|p1a: Snorlax\n|-damage|p1a: Snorlax|85\/100 slp\n|cant|p1a: Snorlax|slp\n|\n|-heal|p1a: Snorlax|91\/100 slp|[from] item: Leftovers\n|upkeep\n|turn|15\n|\n|t:|1646588584\n|move|p2a: Porygon2|Tri Attack|p1a: Snorlax\n|-damage|p1a: Snorlax|75\/100 slp\n|cant|p1a: Snorlax|slp\n|\n|-heal|p1a: Snorlax|81\/100 slp|[from] item: Leftovers\n|upkeep\n|turn|16\n|\n|t:|1646588592\n|move|p2a: Porygon2|Foul Play|p1a: Snorlax\n|-damage|p1a: Snorlax|65\/100 slp\n|-curestatus|p1a: Snorlax|slp|[msg]\n|move|p1a: Snorlax|Curse|p1a: Snorlax\n|-unboost|p1a: Snorlax|spe|1\n|-boost|p1a: Snorlax|atk|1\n|-boost|p1a: Snorlax|def|1\n|\n|-heal|p1a: Snorlax|71\/100|[from] item: Leftovers\n|upkeep\n|turn|17\n|\n|t:|1646588603\n|move|p2a: Porygon2|Foul Play|p1a: Snorlax\n|-damage|p1a: Snorlax|55\/100\n|move|p1a: Snorlax|Curse|p1a: Snorlax\n|-unboost|p1a: Snorlax|spe|1\n|-boost|p1a: Snorlax|atk|1\n|-boost|p1a: Snorlax|def|1\n|\n|-heal|p1a: Snorlax|62\/100|[from] item: Leftovers\n|upkeep\n|turn|18\n|\n|t:|1646588612\n|move|p2a: Porygon2|Foul Play|p1a: Snorlax\n|-damage|p1a: Snorlax|45\/100\n|move|p1a: Snorlax|Curse|p1a: Snorlax\n|-unboost|p1a: Snorlax|spe|1\n|-boost|p1a: Snorlax|atk|1\n|-boost|p1a: Snorlax|def|1\n|\n|-heal|p1a: Snorlax|51\/100|[from] item: Leftovers\n|upkeep\n|turn|19\n|\n|t:|1646588622\n|move|p2a: Porygon2|Tri Attack|p1a: Snorlax\n|-damage|p1a: Snorlax|37\/100\n|move|p1a: Snorlax|Rest|p1a: Snorlax\n|-status|p1a: Snorlax|slp|[from] move: Rest\n|-heal|p1a: Snorlax|100\/100 slp|[silent]\n|\n|upkeep\n|turn|20\n|\n|t:|1646588636\n|move|p2a: Porygon2|Foul Play|p1a: Snorlax\n|-damage|p1a: Snorlax|84\/100 slp\n|cant|p1a: Snorlax|slp\n|\n|-heal|p1a: Snorlax|90\/100 slp|[from] item: Leftovers\n|upkeep\n|turn|21\n|\n|t:|1646588644\n|move|p2a: Porygon2|Foul Play|p1a: Snorlax\n|-crit|p1a: Snorlax\n|-damage|p1a: Snorlax|17\/100 slp\n|cant|p1a: Snorlax|slp\n|\n|-heal|p1a: Snorlax|23\/100 slp|[from] item: Leftovers\n|upkeep\n|turn|22\n|\n|t:|1646588652\n|move|p2a: Porygon2|Foul Play|p1a: Snorlax\n|-damage|p1a: Snorlax|6\/100 slp\n|-curestatus|p1a: Snorlax|slp|[msg]\n|move|p1a: Snorlax|Rest|p1a: Snorlax\n|-status|p1a: Snorlax|slp|[from] move: Rest\n|-heal|p1a: Snorlax|100\/100 slp|[silent]\n|\n|upkeep\n|turn|23\n|\n|t:|1646588661\n|move|p2a: Porygon2|Foul Play|p1a: Snorlax\n|-damage|p1a: Snorlax|85\/100 slp\n|cant|p1a: Snorlax|slp\n|\n|-heal|p1a: Snorlax|91\/100 slp|[from] item: Leftovers\n|upkeep\n|turn|24\n|\n|t:|1646588669\n|move|p2a: Porygon2|Tri Attack|p1a: Snorlax\n|-damage|p1a: Snorlax|75\/100 slp\n|cant|p1a: Snorlax|slp\n|\n|-heal|p1a: Snorlax|81\/100 slp|[from] item: Leftovers\n|upkeep\n|turn|25\n|\n|t:|1646588676\n|move|p2a: Porygon2|Foul Play|p1a: Snorlax\n|-damage|p1a: Snorlax|64\/100 slp\n|-curestatus|p1a: Snorlax|slp|[msg]\n|move|p1a: Snorlax|Curse|p1a: Snorlax\n|-unboost|p1a: Snorlax|spe|1\n|-boost|p1a: Snorlax|atk|1\n|-boost|p1a: Snorlax|def|1\n|\n|-heal|p1a: Snorlax|70\/100|[from] item: Leftovers\n|upkeep\n|turn|26\n|\n|t:|1646588687\n|move|p2a: Porygon2|Foul Play|p1a: Snorlax\n|-damage|p1a: Snorlax|55\/100\n|move|p1a: Snorlax|Curse|p1a: Snorlax\n|-unboost|p1a: Snorlax|spe|1\n|-boost|p1a: Snorlax|atk|1\n|-boost|p1a: Snorlax|def|1\n|\n|-heal|p1a: Snorlax|61\/100|[from] item: Leftovers\n|upkeep\n|turn|27\n|\n|t:|1646588697\n|move|p2a: Porygon2|Foul Play|p1a: Snorlax\n|-damage|p1a: Snorlax|45\/100\n|move|p1a: Snorlax|Rest|p1a: Snorlax\n|-status|p1a: Snorlax|slp|[from] move: Rest\n|-heal|p1a: Snorlax|100\/100 slp|[silent]\n|\n|upkeep\n|turn|28\n|\n|t:|1646588705\n|move|p2a: Porygon2|Foul Play|p1a: Snorlax\n|-damage|p1a: Snorlax|85\/100 slp\n|cant|p1a: Snorlax|slp\n|\n|-heal|p1a: Snorlax|91\/100 slp|[from] item: Leftovers\n|upkeep\n|turn|29\n|\n|t:|1646588713\n|move|p2a: Porygon2|Foul Play|p1a: Snorlax\n|-damage|p1a: Snorlax|76\/100 slp\n|cant|p1a: Snorlax|slp\n|\n|-heal|p1a: Snorlax|82\/100 slp|[from] item: Leftovers\n|upkeep\n|turn|30\n|\n|t:|1646588720\n|move|p2a: Porygon2|Foul Play|p1a: Snorlax\n|-damage|p1a: Snorlax|67\/100 slp\n|-curestatus|p1a: Snorlax|slp|[msg]\n|move|p1a: Snorlax|Facade|p2a: Porygon2\n|-damage|p2a: Porygon2|43\/100\n|\n|-heal|p1a: Snorlax|73\/100|[from] item: Leftovers\n|upkeep\n|turn|31\n|\n|t:|1646588730\n|move|p2a: Porygon2|Foul Play|p1a: Snorlax\n|-damage|p1a: Snorlax|57\/100\n|move|p1a: Snorlax|Facade|p2a: Porygon2\n|-damage|p2a: Porygon2|0 fnt\n|faint|p2a: Porygon2\n|\n|-heal|p1a: Snorlax|63\/100|[from] item: Leftovers\n|upkeep\n|\n|t:|1646588740\n|switch|p2a: Rotom|Rotom-Mow, shiny|84\/100\n|turn|32\n|\n|t:|1646588750\n|move|p2a: Rotom|Trick|p1a: Snorlax\n|-activate|p2a: Rotom|move: Trick|[of] p1a: Snorlax\n|-item|p1a: Snorlax|Choice Scarf|[from] move: Trick\n|-item|p2a: Rotom|Leftovers|[from] move: Trick\n|move|p1a: Snorlax|Facade|p2a: Rotom\n|-damage|p2a: Rotom|0 fnt\n|faint|p2a: Rotom\n|\n|upkeep\n|\n|t:|1646588756\n|switch|p2a: Darmanitan|Darmanitan, M, shiny|1\/100\n|turn|33\n|\n|t:|1646588760\n|move|p2a: Darmanitan|Stone Edge|p1a: Snorlax\n|-damage|p1a: Snorlax|57\/100\n|move|p1a: Snorlax|Facade|p2a: Darmanitan\n|-damage|p2a: Darmanitan|0 fnt\n|faint|p2a: Darmanitan\n|\n|upkeep\n|\n|t:|1646588764\n|switch|p2a: Cloyster|Cloyster, F|100\/100\n|turn|34\n|\n|t:|1646588774\n|move|p2a: Cloyster|Shell Smash|p2a: Cloyster\n|-unboost|p2a: Cloyster|def|1\n|-unboost|p2a: Cloyster|spd|1\n|-boost|p2a: Cloyster|atk|2\n|-boost|p2a: Cloyster|spa|2\n|-boost|p2a: Cloyster|spe|2\n|move|p1a: Snorlax|Facade|p2a: Cloyster\n|-enditem|p2a: Cloyster|Focus Sash\n|-damage|p2a: Cloyster|1\/100\n|\n|upkeep\n|turn|35\n|\n|t:|1646588784\n|move|p2a: Cloyster|Icicle Spear|p1a: Snorlax\n|-damage|p1a: Snorlax|55\/100\n|-damage|p1a: Snorlax|53\/100\n|-damage|p1a: Snorlax|51\/100\n|-damage|p1a: Snorlax|50\/100\n|-damage|p1a: Snorlax|48\/100\n|-hitcount|p1a: Snorlax|5\n|move|p1a: Snorlax|Facade|p2a: Cloyster\n|-damage|p2a: Cloyster|0 fnt\n|faint|p2a: Cloyster\n|\n|win|eruza02\n|raw|eruza02's rating: 1320 &rarr; <strong>1344<\/strong><br \/>(+24 for winning)\n|raw|Ivyon's rating: 1382 &rarr; <strong>1358<\/strong><br \/>(-24 for losing)\n|l|\u2606Ivyon\n||Ladder isn't responding, score probably updated but might not have (Request timeout).\n","uploadtime":1646588808,"views":15,"p1id":"eruza02","p2id":"ivyon","formatid":"gen8ru","rating":1344,"private":0,"password":null}