{"id":"gen8doublescustomgame-1215077552","p1":"jQueefion","p2":"MAVERICK SHOOTERS","format":"gen8doublescustomgame","log":"|j|\u2606jQueefion\n|j|\u2606MAVERICK SHOOTERS\n|t:|1604342316\n|player|p1|jQueefion|swimmerf-gen4|\n|player|p2|MAVERICK SHOOTERS|lucian|\n|teamsize|p1|6\n|teamsize|p2|6\n|gametype|doubles\n|gen|8\n|tier|[Gen 8] Doubles Custom Game\n|clearpoke\n|poke|p1|Rillaboom, M|\n|poke|p1|Amoonguss, F|\n|poke|p1|Ludicolo, F|\n|poke|p1|Venusaur, F|\n|poke|p1|Whimsicott, F|\n|poke|p1|Tangrowth, F|\n|poke|p2|Heatran, M|\n|poke|p2|Tyranitar, F|\n|poke|p2|Dracozolt|\n|poke|p2|Togekiss, M|\n|poke|p2|Metagross|\n|poke|p2|Seismitoad, F|\n|teampreview|24\n|j| Raboot Slayer\n|c|\u2606MAVERICK SHOOTERS|invite matt and gallade\n|c| Raboot Slayer|its public its finr\n|c| Raboot Slayer|fine*\n|c|\u2606MAVERICK SHOOTERS|ok\n|c|\u2606MAVERICK SHOOTERS|lets see me getting 4-0 :)\n|c|\u2606MAVERICK SHOOTERS|6-0*\n|\n|t:|1604342400\n|start\n|switch|p1a: Venusaur|Venusaur, F|333\/333\n|switch|p1b: Whimsicott|Whimsicott, F|262\/262\n|switch|p2a: Metagross|Metagross, shiny|329\/329\n|switch|p2b: Seismitoad|Seismitoad, F|414\/414\n|turn|1\n|\n|t:|1604342429\n|move|p2b: Seismitoad|Protect|p2b: Seismitoad\n|-singleturn|p2b: Seismitoad|Protect\n|move|p1b: Whimsicott|Sunny Day|p1b: Whimsicott\n|-weather|SunnyDay\n|move|p1a: Venusaur|Weather Ball|p2a: Metagross\n|debug|Sunny Day fire boost\n|-supereffective|p2a: Metagross\n|-damage|p2a: Metagross|0 fnt\n|-damage|p1a: Venusaur|300\/333|[from] item: Life Orb\n|faint|p2a: Metagross\n|\n|-weather|SunnyDay|[upkeep]\n|upkeep\n|c|\u2606MAVERICK SHOOTERS|fuck\n|c|\u2606MAVERICK SHOOTERS|u messed my plan up xD\n|c|\u2606jQueefion|lol\n|\n|t:|1604342468\n|switch|p2a: Tyranitar|Tyranitar, F|371\/371\n|-weather|Sandstorm|[from] ability: Sand Stream|[of] p2a: Tyranitar\n|turn|2\n|\n|t:|1604342489\n|move|p1b: Whimsicott|Sunny Day|p1b: Whimsicott\n|-weather|SunnyDay\n|move|p1a: Venusaur|Solar Beam||[still]\n|-prepare|p1a: Venusaur|Solar Beam\n|-anim|p1a: Venusaur|Solar Beam|p2a: Tyranitar\n|-supereffective|p2a: Tyranitar\n|-damage|p2a: Tyranitar|20\/371\n|-damage|p1a: Venusaur|267\/333|[from] item: Life Orb\n|move|p2a: Tyranitar|Snarl|p1b: Whimsicott|[spread] p1a\n|-miss|p2a: Tyranitar|p1b: Whimsicott\n|debug|Spread modifier: 0.75\n|-damage|p1a: Venusaur|233\/333\n|-unboost|p1a: Venusaur|spa|1\n|move|p2b: Seismitoad|Endeavor|p1b: Whimsicott\n|-immune|p1b: Whimsicott\n|\n|-weather|SunnyDay|[upkeep]\n|upkeep\n|turn|3\n|c|\u2606jQueefion|bRUh\n|c|\u2606MAVERICK SHOOTERS|idk how to play doubles\n|\n|t:|1604342515\n|switch|p2a: Heatran|Heatran, M|386\/386\n|move|p2b: Seismitoad|Protect|p2b: Seismitoad\n|-singleturn|p2b: Seismitoad|Protect\n|move|p1a: Venusaur|Weather Ball|p2b: Seismitoad\n|-activate|p2b: Seismitoad|move: Protect\n|move|p1b: Whimsicott|Moonblast|p2a: Heatran\n|-resisted|p2a: Heatran\n|-damage|p2a: Heatran|366\/386\n|\n|-weather|SunnyDay|[upkeep]\n|upkeep\n|turn|4\n|\n|t:|1604342544\n|move|p1a: Venusaur|Earth Power|p2a: Heatran\n|-supereffective|p2a: Heatran\n|-damage|p2a: Heatran|90\/386\n|-damage|p1a: Venusaur|200\/333|[from] item: Life Orb\n|move|p1b: Whimsicott|Moonblast|p2b: Seismitoad\n|-damage|p2b: Seismitoad|308\/414\n|move|p2a: Heatran|Eruption|p1a: Venusaur|[spread] p1a,p1b\n|debug|Spread modifier: 0.75\n|debug|Sunny Day fire boost\n|-supereffective|p1a: Venusaur\n|debug|Spread modifier: 0.75\n|debug|Sunny Day fire boost\n|-supereffective|p1b: Whimsicott\n|-damage|p1a: Venusaur|108\/333\n|-damage|p1b: Whimsicott|128\/262\n|move|p2b: Seismitoad|Endeavor|p1b: Whimsicott\n|-immune|p1b: Whimsicott\n|\n|-weather|SunnyDay|[upkeep]\n|upkeep\n|turn|5\n|\n|t:|1604342566\n|switch|p1b: Rillaboom|Rillaboom, M|404\/404\n|-fieldstart|move: Grassy Terrain|[from] ability: Grassy Surge|[of] p1b: Rillaboom\n|move|p2a: Heatran|Protect|p2a: Heatran\n|-singleturn|p2a: Heatran|Protect\n|move|p1a: Venusaur|Earth Power|p2a: Heatran\n|-activate|p2a: Heatran|move: Protect\n|move|p2b: Seismitoad|Icy Wind|p1a: Venusaur|[spread] p1a\n|-miss|p2b: Seismitoad|p1b: Rillaboom\n|debug|Spread modifier: 0.75\n|-supereffective|p1a: Venusaur\n|-damage|p1a: Venusaur|56\/333\n|-unboost|p1a: Venusaur|spe|1\n|\n|-weather|SunnyDay|[upkeep]\n|debug|Pokemon is grounded, healing through Grassy Terrain.\n|-heal|p1a: Venusaur|76\/333|[from] Grassy Terrain\n|debug|Pokemon is grounded, healing through Grassy Terrain.\n|debug|Pokemon is grounded, healing through Grassy Terrain.\n|-heal|p2a: Heatran|114\/386|[from] Grassy Terrain\n|debug|Pokemon is grounded, healing through Grassy Terrain.\n|-heal|p2b: Seismitoad|333\/414|[from] Grassy Terrain\n|upkeep\n|turn|6\n|c| Raboot Slayer|do you not know what endeavor does\n|c|\u2606MAVERICK SHOOTERS|its fun being 6-0\n|c|\u2606MAVERICK SHOOTERS|ik what endeavour does\n|c|\u2606MAVERICK SHOOTERS|but he fucking doesnt attack that toad lol\n|\n|t:|1604342604\n|switch|p2a: Togekiss|Togekiss, M|371\/371\n|move|p2b: Seismitoad|Protect|p2b: Seismitoad\n|-singleturn|p2b: Seismitoad|Protect\n|move|p1b: Rillaboom|Grassy Glide|p2b: Seismitoad\n|-activate|p2b: Seismitoad|move: Protect\n|move|p1a: Venusaur|Earth Power|p2a: Togekiss\n|-immune|p2a: Togekiss\n|\n|-weather|none\n|debug|Pokemon is grounded, healing through Grassy Terrain.\n|-heal|p1a: Venusaur|96\/333|[from] Grassy Terrain\n|debug|Pokemon is grounded, healing through Grassy Terrain.\n|debug|Pokemon is grounded, healing through Grassy Terrain.\n|-heal|p2b: Seismitoad|358\/414|[from] Grassy Terrain\n|upkeep\n|turn|7\n|\n|t:|1604342644\n|switch|p1b: Amoonguss|Amoonguss, F|370\/370\n|switch|p1a: Whimsicott|Whimsicott, F|128\/262\n|move|p2a: Togekiss|Tailwind|p2a: Togekiss\n|-sidestart|p2: MAVERICK SHOOTERS|move: Tailwind\n|move|p2b: Seismitoad|Icy Wind|p1b: Amoonguss|[spread] p1a,p1b\n|debug|Spread modifier: 0.75\n|-supereffective|p1a: Whimsicott\n|debug|Spread modifier: 0.75\n|-supereffective|p1b: Amoonguss\n|-damage|p1a: Whimsicott|56\/262\n|-damage|p1b: Amoonguss|322\/370\n|-unboost|p1a: Whimsicott|spe|1\n|-unboost|p1b: Amoonguss|spe|1\n|\n|debug|Pokemon is grounded, healing through Grassy Terrain.\n|-heal|p2b: Seismitoad|383\/414|[from] Grassy Terrain\n|debug|Pokemon is grounded, healing through Grassy Terrain.\n|-heal|p1a: Whimsicott|72\/262|[from] Grassy Terrain\n|debug|Pokemon is grounded, healing through Grassy Terrain.\n|-heal|p1b: Amoonguss|345\/370|[from] Grassy Terrain\n|upkeep\n|turn|8\n|\n|t:|1604342674\n|move|p1a: Whimsicott|Sunny Day|p1a: Whimsicott\n|-weather|SunnyDay\n|debug|doubling secondary chance\n|move|p2a: Togekiss|Air Slash|p1b: Amoonguss\n|-supereffective|p1b: Amoonguss\n|-enditem|p1b: Amoonguss|Coba Berry|[eat]\n|debug|-50% reduction\n|-enditem|p1b: Amoonguss|Coba Berry|[weaken]\n|-damage|p1b: Amoonguss|242\/370\n|move|p2b: Seismitoad|Icy Wind|p1a: Whimsicott|[spread] p1a,p1b\n|debug|Spread modifier: 0.75\n|-supereffective|p1a: Whimsicott\n|debug|Spread modifier: 0.75\n|-supereffective|p1b: Amoonguss\n|-crit|p1b: Amoonguss\n|-damage|p1a: Whimsicott|4\/262\n|-damage|p1b: Amoonguss|164\/370\n|-unboost|p1a: Whimsicott|spe|1\n|-unboost|p1b: Amoonguss|spe|1\n|cant|p1b: Amoonguss|flinch\n|\n|-weather|SunnyDay|[upkeep]\n|debug|Pokemon is grounded, healing through Grassy Terrain.\n|-heal|p2b: Seismitoad|408\/414|[from] Grassy Terrain\n|debug|Pokemon is grounded, healing through Grassy Terrain.\n|-heal|p1a: Whimsicott|20\/262|[from] Grassy Terrain\n|debug|Pokemon is grounded, healing through Grassy Terrain.\n|-heal|p1b: Amoonguss|187\/370|[from] Grassy Terrain\n|upkeep\n|turn|9\n|\n|t:|1604342695\n|switch|p2a: Tyranitar|Tyranitar, F|20\/371\n|-weather|Sandstorm|[from] ability: Sand Stream|[of] p2a: Tyranitar\n|move|p1b: Amoonguss|Protect|p1b: Amoonguss\n|-singleturn|p1b: Amoonguss|Protect\n|move|p1a: Whimsicott|Tailwind|p1a: Whimsicott\n|-sidestart|p1: jQueefion|move: Tailwind\n|move|p2b: Seismitoad|Icy Wind|p1a: Whimsicott|[spread] p1a\n|-activate|p1b: Amoonguss|move: Protect\n|debug|Spread modifier: 0.75\n|-supereffective|p1a: Whimsicott\n|-damage|p1a: Whimsicott|0 fnt\n|faint|p1a: Whimsicott\n|\n|-weather|Sandstorm|[upkeep]\n|debug|natural status immunity\n|debug|weather immunity\n|debug|natural status immunity\n|debug|weather immunity\n|-damage|p1b: Amoonguss|164\/370|[from] Sandstorm\n|debug|Pokemon is grounded, healing through Grassy Terrain.\n|-heal|p2a: Tyranitar|43\/371|[from] Grassy Terrain\n|debug|Pokemon is grounded, healing through Grassy Terrain.\n|-heal|p2b: Seismitoad|414\/414|[from] Grassy Terrain\n|debug|Pokemon is grounded, healing through Grassy Terrain.\n|-heal|p1b: Amoonguss|187\/370|[from] Grassy Terrain\n|-fieldend|move: Grassy Terrain\n|upkeep\n|\n|t:|1604342714\n|switch|p1a: Venusaur|Venusaur, F|96\/333\n|turn|10\n|\n|t:|1604342737\n|move|p2a: Tyranitar|Fire Punch|p1a: Venusaur\n|-supereffective|p1a: Venusaur\n|-damage|p1a: Venusaur|0 fnt\n|faint|p1a: Venusaur\n|move|p2b: Seismitoad|Icy Wind|p1b: Amoonguss\n|-supereffective|p1b: Amoonguss\n|-crit|p1b: Amoonguss\n|-damage|p1b: Amoonguss|87\/370\n|-unboost|p1b: Amoonguss|spe|1\n|move|p1b: Amoonguss|Pollen Puff|p1: Venusaur|[notarget]\n|-fail|p1b: Amoonguss\n|\n|-weather|Sandstorm|[upkeep]\n|debug|natural status immunity\n|debug|weather immunity\n|debug|natural status immunity\n|debug|weather immunity\n|-damage|p1b: Amoonguss|64\/370|[from] Sandstorm\n|-sideend|p2: MAVERICK SHOOTERS|move: Tailwind\n|upkeep\n|\n|t:|1604342766\n|switch|p1a: Tangrowth|Tangrowth, F|404\/404\n|turn|11\n|\n|t:|1604342806\n|switch|p1b: Rillaboom|Rillaboom, M|404\/404\n|-fieldstart|move: Grassy Terrain|[from] ability: Grassy Surge|[of] p1b: Rillaboom\n|move|p2b: Seismitoad|Protect|p2b: Seismitoad\n|-singleturn|p2b: Seismitoad|Protect\n|move|p1a: Tangrowth|Sludge Bomb|p2a: Tyranitar\n|-resisted|p2a: Tyranitar\n|-damage|p2a: Tyranitar|27\/371\n|move|p2a: Tyranitar|Fire Punch|p1b: Rillaboom\n|-supereffective|p1b: Rillaboom\n|-enditem|p1b: Rillaboom|Occa Berry|[eat]\n|debug|-50% reduction\n|-enditem|p1b: Rillaboom|Occa Berry|[weaken]\n|-damage|p1b: Rillaboom|317\/404\n|\n|-weather|Sandstorm|[upkeep]\n|-damage|p1a: Tangrowth|379\/404|[from] Sandstorm\n|-damage|p1b: Rillaboom|292\/404|[from] Sandstorm\n|debug|natural status immunity\n|debug|weather immunity\n|debug|natural status immunity\n|debug|weather immunity\n|debug|Pokemon is grounded, healing through Grassy Terrain.\n|-heal|p1a: Tangrowth|404\/404|[from] Grassy Terrain\n|debug|Pokemon is grounded, healing through Grassy Terrain.\n|-heal|p1b: Rillaboom|317\/404|[from] Grassy Terrain\n|debug|Pokemon is grounded, healing through Grassy Terrain.\n|-heal|p2a: Tyranitar|50\/371|[from] Grassy Terrain\n|debug|Pokemon is grounded, healing through Grassy Terrain.\n|upkeep\n|turn|12\n|\n|t:|1604342830\n|move|p1b: Rillaboom|Grassy Glide|p2a: Tyranitar\n|debug|grassy terrain boost\n|-supereffective|p2a: Tyranitar\n|-damage|p2a: Tyranitar|0 fnt\n|faint|p2a: Tyranitar\n|move|p1a: Tangrowth|Sludge Bomb|p2b: Seismitoad\n|-resisted|p2b: Seismitoad\n|-damage|p2b: Seismitoad|384\/414\n|move|p2b: Seismitoad|Endeavor|p1a: Tangrowth\n|-damage|p1a: Tangrowth|384\/404\n|\n|-weather|Sandstorm|[upkeep]\n|-damage|p1a: Tangrowth|359\/404|[from] Sandstorm\n|-damage|p1b: Rillaboom|292\/404|[from] Sandstorm\n|debug|natural status immunity\n|debug|weather immunity\n|debug|Pokemon is grounded, healing through Grassy Terrain.\n|-heal|p1a: Tangrowth|384\/404|[from] Grassy Terrain\n|debug|Pokemon is grounded, healing through Grassy Terrain.\n|-heal|p1b: Rillaboom|317\/404|[from] Grassy Terrain\n|debug|Pokemon is grounded, healing through Grassy Terrain.\n|-heal|p2b: Seismitoad|409\/414|[from] Grassy Terrain\n|-sideend|p1: jQueefion|move: Tailwind\n|upkeep\n|\n|t:|1604342842\n|switch|p2a: Dracozolt|Dracozolt|323\/323\n|turn|13\n|\n|t:|1604342850\n|move|p2b: Seismitoad|Protect|p2b: Seismitoad\n|-singleturn|p2b: Seismitoad|Protect\n|move|p1a: Tangrowth|Rage Powder|p1a: Tangrowth\n|-singleturn|p1a: Tangrowth|move: Rage Powder\n|move|p2a: Dracozolt|Fire Blast|p1a: Tangrowth\n|debug|artificial status immunity\n|-supereffective|p1a: Tangrowth\n|-damage|p1a: Tangrowth|72\/404\n|-enditem|p1a: Tangrowth|Weakness Policy\n|-boost|p1a: Tangrowth|atk|2|[from] item: Weakness Policy\n|-boost|p1a: Tangrowth|spa|2|[from] item: Weakness Policy\n|move|p1b: Rillaboom|High Horsepower|p2a: Dracozolt\n|-supereffective|p2a: Dracozolt\n|-damage|p2a: Dracozolt|63\/323\n|\n|-weather|none\n|debug|Pokemon is grounded, healing through Grassy Terrain.\n|-heal|p2a: Dracozolt|83\/323|[from] Grassy Terrain\n|debug|Pokemon is grounded, healing through Grassy Terrain.\n|-heal|p1a: Tangrowth|97\/404|[from] Grassy Terrain\n|debug|Pokemon is grounded, healing through Grassy Terrain.\n|-heal|p1b: Rillaboom|342\/404|[from] Grassy Terrain\n|debug|Pokemon is grounded, healing through Grassy Terrain.\n|-heal|p2b: Seismitoad|414\/414|[from] Grassy Terrain\n|upkeep\n|turn|14\n|\n|t:|1604342869\n|move|p1a: Tangrowth|Protect|p1a: Tangrowth\n|-singleturn|p1a: Tangrowth|Protect\n|move|p2a: Dracozolt|Fire Blast|p1a: Tangrowth\n|-activate|p1a: Tangrowth|move: Protect\n|move|p1b: Rillaboom|High Horsepower|p2a: Dracozolt\n|-supereffective|p2a: Dracozolt\n|-damage|p2a: Dracozolt|0 fnt\n|faint|p2a: Dracozolt\n|move|p2b: Seismitoad|Icy Wind|p1b: Rillaboom|[spread] p1b\n|-activate|p1a: Tangrowth|move: Protect\n|debug|Spread modifier: 0.75\n|-supereffective|p1b: Rillaboom\n|-damage|p1b: Rillaboom|262\/404\n|-unboost|p1b: Rillaboom|spe|1\n|\n|debug|Pokemon is grounded, healing through Grassy Terrain.\n|-heal|p1a: Tangrowth|122\/404|[from] Grassy Terrain\n|debug|Pokemon is grounded, healing through Grassy Terrain.\n|debug|Pokemon is grounded, healing through Grassy Terrain.\n|-heal|p1b: Rillaboom|287\/404|[from] Grassy Terrain\n|upkeep\n|\n|t:|1604342876\n|switch|p2a: Togekiss|Togekiss, M|371\/371\n|turn|15\n|\n|t:|1604342914\n|switch|p1b: Ludicolo|Ludicolo, F|301\/301\n|move|p1a: Tangrowth|Protect|p1a: Tangrowth\n|debug|Success chance: 33%\n|-singleturn|p1a: Tangrowth|Protect\n|debug|doubling secondary chance\n|move|p2a: Togekiss|Air Slash|p1a: Tangrowth\n|-activate|p1a: Tangrowth|move: Protect\n|move|p2b: Seismitoad|Endeavor|p1b: Ludicolo\n|-immune|p1b: Ludicolo\n|\n|debug|Pokemon is grounded, healing through Grassy Terrain.\n|debug|Pokemon is grounded, healing through Grassy Terrain.\n|-heal|p1a: Tangrowth|147\/404|[from] Grassy Terrain\n|debug|Pokemon is grounded, healing through Grassy Terrain.\n|-fieldend|move: Grassy Terrain\n|upkeep\n|turn|16\n|c|\u2606MAVERICK SHOOTERS|bs double protect\n|\n|t:|1604342937\n|move|p1b: Ludicolo|Fake Out|p2a: Togekiss\n|-damage|p2a: Togekiss|349\/371\n|cant|p2a: Togekiss|flinch\n|move|p1a: Tangrowth|Sludge Bomb|p2a: Togekiss\n|-supereffective|p2a: Togekiss\n|-damage|p2a: Togekiss|95\/371\n|-status|p2a: Togekiss|psn\n|-enditem|p2a: Togekiss|Sitrus Berry|[eat]\n|-heal|p2a: Togekiss|187\/371 psn|[from] item: Sitrus Berry\n|move|p2b: Seismitoad|Icy Wind|p1a: Tangrowth|[spread] p1a,p1b\n|debug|Spread modifier: 0.75\n|-supereffective|p1a: Tangrowth\n|debug|Spread modifier: 0.75\n|-damage|p1a: Tangrowth|45\/404\n|-damage|p1b: Ludicolo|275\/301\n|-unboost|p1a: Tangrowth|spe|1\n|-unboost|p1b: Ludicolo|spe|1\n|\n|-damage|p2a: Togekiss|141\/371 psn|[from] psn\n|upkeep\n|turn|17\n|c|\u2606MAVERICK SHOOTERS|poison too\n|c|\u2606MAVERICK SHOOTERS|yes\n|c|\u2606MAVERICK SHOOTERS|yum\n|\n|t:|1604342974\n|move|p1a: Tangrowth|Rage Powder|p1a: Tangrowth\n|-singleturn|p1a: Tangrowth|move: Rage Powder\n|debug|doubling secondary chance\n|move|p2a: Togekiss|Air Slash|p1a: Tangrowth\n|debug|Rage Powder redirected target of move\n|-supereffective|p1a: Tangrowth\n|-damage|p1a: Tangrowth|0 fnt\n|debug|move failed because it did nothing\n|faint|p1a: Tangrowth\n|move|p2b: Seismitoad|Icy Wind|p1b: Ludicolo\n|-crit|p1b: Ludicolo\n|-damage|p1b: Ludicolo|217\/301\n|-unboost|p1b: Ludicolo|spe|1\n|move|p1b: Ludicolo|Scald|p2a: Togekiss\n|-damage|p2a: Togekiss|38\/371 psn\n|\n|-damage|p2a: Togekiss|0 fnt|[from] psn\n|faint|p2a: Togekiss\n|upkeep\n|c|\u2606MAVERICK SHOOTERS|now only if the hax god werent against me\n|\n|t:|1604342999\n|switch|p2a: Heatran|Heatran, M|114\/386\n|switch|p1a: Rillaboom|Rillaboom, M|287\/404\n|-fieldstart|move: Grassy Terrain|[from] ability: Grassy Surge|[of] p1a: Rillaboom\n|turn|18\n|\n|t:|1604343022\n|move|p2a: Heatran|Protect|p2a: Heatran\n|-singleturn|p2a: Heatran|Protect\n|move|p2b: Seismitoad|Protect|p2b: Seismitoad\n|-singleturn|p2b: Seismitoad|Protect\n|move|p1a: Rillaboom|Fake Out|p2a: Heatran\n|-activate|p2a: Heatran|move: Protect\n|move|p1b: Ludicolo|Giga Drain|p2b: Seismitoad\n|-activate|p2b: Seismitoad|move: Protect\n|\n|debug|Pokemon is grounded, healing through Grassy Terrain.\n|-heal|p1a: Rillaboom|312\/404|[from] Grassy Terrain\n|debug|Pokemon is grounded, healing through Grassy Terrain.\n|-heal|p2a: Heatran|138\/386|[from] Grassy Terrain\n|debug|Pokemon is grounded, healing through Grassy Terrain.\n|debug|Pokemon is grounded, healing through Grassy Terrain.\n|-heal|p1b: Ludicolo|235\/301|[from] Grassy Terrain\n|upkeep\n|turn|19\n|\n|t:|1604343052\n|move|p1a: Rillaboom|High Horsepower|p2a: Heatran\n|-supereffective|p2a: Heatran\n|-damage|p2a: Heatran|0 fnt\n|-damage|p1a: Rillaboom|245\/404|[from] item: Rocky Helmet|[of] p2a: Heatran\n|faint|p2a: Heatran\n|move|p2b: Seismitoad|Endeavor|p1a: Rillaboom\n|-immune|p1a: Rillaboom\n|move|p1b: Ludicolo|Scald|p2b: Seismitoad\n|-immune|p2b: Seismitoad|[from] ability: Water Absorb\n|\n|debug|Pokemon is grounded, healing through Grassy Terrain.\n|-heal|p1a: Rillaboom|270\/404|[from] Grassy Terrain\n|debug|Pokemon is grounded, healing through Grassy Terrain.\n|debug|Pokemon is grounded, healing through Grassy Terrain.\n|-heal|p1b: Ludicolo|253\/301|[from] Grassy Terrain\n|upkeep\n|turn|20\n|c|\u2606MAVERICK SHOOTERS|gg i sucked\n|c|\u2606MAVERICK SHOOTERS|xD\n|\n|t:|1604343071\n|move|p2b: Seismitoad|Protect|p2b: Seismitoad\n|-singleturn|p2b: Seismitoad|Protect\n|move|p1a: Rillaboom|High Horsepower|p2b: Seismitoad\n|-activate|p2b: Seismitoad|move: Protect\n|move|p1b: Ludicolo|Giga Drain|p2b: Seismitoad\n|-activate|p2b: Seismitoad|move: Protect\n|\n|debug|Pokemon is grounded, healing through Grassy Terrain.\n|-heal|p1a: Rillaboom|295\/404|[from] Grassy Terrain\n|debug|Pokemon is grounded, healing through Grassy Terrain.\n|debug|Pokemon is grounded, healing through Grassy Terrain.\n|-heal|p1b: Ludicolo|271\/301|[from] Grassy Terrain\n|upkeep\n|turn|21\n|c|\u2606MAVERICK SHOOTERS|told ya\n|c| Raboot Slayer|why do you keep using endeavor\n|\n|t:|1604343086\n|move|p1a: Rillaboom|High Horsepower|p2b: Seismitoad\n|-damage|p2b: Seismitoad|267\/414\n|move|p2b: Seismitoad|Icy Wind|p1b: Ludicolo|[spread] p1a,p1b\n|debug|Spread modifier: 0.75\n|-supereffective|p1a: Rillaboom\n|debug|Spread modifier: 0.75\n|-damage|p1a: Rillaboom|215\/404\n|-damage|p1b: Ludicolo|241\/301\n|-unboost|p1a: Rillaboom|spe|1\n|-unboost|p1b: Ludicolo|spe|1\n|move|p1b: Ludicolo|Giga Drain|p2b: Seismitoad\n|debug|grassy terrain boost\n|-supereffective|p2b: Seismitoad\n|-damage|p2b: Seismitoad|0 fnt\n|-heal|p1b: Ludicolo|301\/301|[from] drain|[of] p2b: Seismitoad\n|faint|p2b: Seismitoad\n|\n|win|jQueefion\n|c|\u2606MAVERICK SHOOTERS|in hope u will attack me for once in ur life\n|c|\u2606jQueefion|Re?\n","uploadtime":1604343104,"views":11,"p1id":"jqueefion","p2id":"maverickshooters","formatid":"gen8doublescustomgame","rating":0,"private":0,"password":null}