{"id":"gen8cap-1687619766","p1":"JIM7878","p2":"Capital Cruiser","format":"gen8cap","log":"|j|\u2606JIM7878\n|j|\u203dCapital Cruiser\n|t:|1665981676\n|gametype|singles\n|player|p1|JIM7878|lucas|1188\n|player|p2|Capital Cruiser|cheren-gen5bw2|1363\n|teamsize|p1|6\n|teamsize|p2|6\n|gen|8\n|tier|[Gen 8] CAP\n|rated|\n|rule|Sleep Clause Mod: Limit one foe put to sleep\n|rule|Species Clause: Limit one of each Pok\u00e9mon\n|rule|OHKO Clause: OHKO moves are banned\n|rule|Evasion Items Clause: Evasion items are banned\n|rule|Evasion Moves Clause: Evasion moves are banned\n|rule|Endless Battle Clause: Forcing endless battles is banned\n|rule|HP Percentage Mod: HP is shown in percentages\n|rule|Dynamax Clause: You cannot dynamax\n|clearpoke\n|poke|p1|Krilowatt, F|\n|poke|p1|Kitsunoh, F|\n|poke|p1|Venomicon|\n|poke|p1|Volkraken, M|\n|poke|p1|Tornadus-Therian, M|\n|poke|p1|Rillaboom, F|\n|poke|p2|Melmetal|\n|poke|p2|Dragapult, F|\n|poke|p2|Jumbao, F|\n|poke|p2|Heatran, M|\n|poke|p2|Mantine, F|\n|poke|p2|Urshifu-*, F|\n|teampreview\n|inactive|Battle timer is ON: inactive players will automatically lose when time's up. (requested by Capital Cruiser)\n|\n|t:|1665981690\n|start\n|switch|p1a: Many Faced Cat|Kitsunoh, F|100\/100\n|switch|p2a: Melmetal|Melmetal, shiny|100\/100\n|-item|p2a: Melmetal|Assault Vest|[from] ability: Frisk|[of] p1a: Many Faced Cat|[identify]\n|turn|1\n|\n|t:|1665981702\n|move|p1a: Many Faced Cat|U-turn|p2a: Melmetal\n|-resisted|p2a: Melmetal\n|-damage|p2a: Melmetal|95\/100\n|\n|t:|1665981706\n|switch|p1a: Get Read Nerd|Venomicon|100\/100|[from]move: U-turn\n|move|p2a: Melmetal|Earthquake|p1a: Get Read Nerd\n|-immune|p1a: Get Read Nerd\n|\n|upkeep\n|turn|2\n|\n|t:|1665981718\n|move|p1a: Get Read Nerd|Nasty Plot|p1a: Get Read Nerd\n|-boost|p1a: Get Read Nerd|spa|2\n|move|p2a: Melmetal|Double Iron Bash|p1a: Get Read Nerd\n|-damage|p1a: Get Read Nerd|66\/100\n|-ability|p1a: Get Read Nerd|Stamina|boost\n|-boost|p1a: Get Read Nerd|def|1\n|-damage|p1a: Get Read Nerd|42\/100\n|-ability|p1a: Get Read Nerd|Stamina|boost\n|-boost|p1a: Get Read Nerd|def|1\n|-hitcount|p1a: Get Read Nerd|2\n|\n|upkeep\n|turn|3\n|\n|t:|1665981728\n|switch|p2a: Urshifu|Urshifu-Rapid-Strike, F|100\/100\n|move|p1a: Get Read Nerd|Roost|p1a: Get Read Nerd\n|-heal|p1a: Get Read Nerd|92\/100\n|-singleturn|p1a: Get Read Nerd|move: Roost\n|\n|upkeep\n|turn|4\n|\n|t:|1665981746\n|switch|p2a: Heatran|Heatran, M, shiny|100\/100\n|move|p1a: Get Read Nerd|Hurricane|p2a: Heatran\n|-resisted|p2a: Heatran\n|-damage|p2a: Heatran|72\/100\n|\n|-heal|p2a: Heatran|78\/100|[from] item: Leftovers\n|upkeep\n|turn|5\n|\n|t:|1665981753\n|switch|p2a: Mantine|Mantine, F, shiny|100\/100\n|move|p1a: Get Read Nerd|Body Press|p2a: Mantine\n|-resisted|p2a: Mantine\n|-damage|p2a: Mantine|83\/100\n|\n|upkeep\n|turn|6\n|\n|t:|1665981766\n|switch|p1a: Many Faced Cat|Kitsunoh, F|100\/100\n|-item|p2a: Mantine|Heavy-Duty Boots|[from] ability: Frisk|[of] p1a: Many Faced Cat|[identify]\n|move|p2a: Mantine|Scald|p1a: Many Faced Cat\n|-damage|p1a: Many Faced Cat|67\/100\n|\n|upkeep\n|turn|7\n|\n|t:|1665981777\n|switch|p2a: Urshifu|Urshifu-Rapid-Strike, F|100\/100\n|move|p1a: Many Faced Cat|Poltergeist|p2a: Urshifu\n|-activate|p2a: Urshifu|move: Poltergeist|Choice Scarf\n|-crit|p2a: Urshifu\n|-damage|p2a: Urshifu|28\/100\n|\n|upkeep\n|turn|8\n|\n|t:|1665981788\n|switch|p2a: Mantine|Mantine, F, shiny|83\/100\n|move|p1a: Many Faced Cat|Poltergeist|p2a: Mantine\n|-activate|p2a: Mantine|move: Poltergeist|Heavy-Duty Boots\n|-damage|p2a: Mantine|44\/100\n|\n|upkeep\n|turn|9\n|\n|t:|1665981796\n|switch|p1a: Love Tentacle|Volkraken, M|100\/100\n|move|p2a: Mantine|Roost|p2a: Mantine\n|-heal|p2a: Mantine|94\/100\n|-singleturn|p2a: Mantine|move: Roost\n|\n|upkeep\n|turn|10\n|\n|t:|1665981806\n|move|p1a: Love Tentacle|U-turn|p2a: Mantine\n|-resisted|p2a: Mantine\n|-damage|p2a: Mantine|91\/100\n|\n|t:|1665981813\n|switch|p1a: Clean Lando|Tornadus-Therian, M|100\/100|[from]move: U-turn\n|move|p2a: Mantine|Scald|p1a: Clean Lando\n|-damage|p1a: Clean Lando|77\/100\n|\n|upkeep\n|turn|11\n|\n|t:|1665981821\n|move|p1a: Clean Lando|Hurricane|p2a: Mantine\n|-damage|p2a: Mantine|63\/100\n|move|p2a: Mantine|Ice Beam|p1a: Clean Lando\n|-supereffective|p1a: Clean Lando\n|-damage|p1a: Clean Lando|43\/100\n|\n|upkeep\n|turn|12\n|\n|t:|1665981827\n|move|p1a: Clean Lando|U-turn|p2a: Mantine\n|-resisted|p2a: Mantine\n|-damage|p2a: Mantine|58\/100\n|\n|t:|1665981832\n|switch|p1a: Krilin|Krilowatt, F|100\/100|[from]move: U-turn\n|move|p2a: Mantine|Roost|p2a: Mantine\n|-heal|p2a: Mantine|100\/100\n|-singleturn|p2a: Mantine|move: Roost\n|\n|upkeep\n|turn|13\n|\n|t:|1665981841\n|switch|p2a: Jumbao|Jumbao, F, shiny|100\/100\n|-ability|p2a: Jumbao|Magic Guard|[from] ability: Trace|[of] p1a: Krilin\n|move|p1a: Krilin|Wild Charge|p2a: Jumbao\n|-resisted|p2a: Jumbao\n|-damage|p2a: Jumbao|81\/100\n|\n|upkeep\n|turn|14\n|\n|t:|1665981858\n|move|p1a: Krilin|Flip Turn|p2a: Jumbao\n|-resisted|p2a: Jumbao\n|-damage|p2a: Jumbao|67\/100\n|\n|t:|1665981863\n|switch|p1a: Get Read Nerd|Venomicon|92\/100|[from]move: Flip Turn\n|move|p2a: Jumbao|Moonblast|p1a: Get Read Nerd\n|-resisted|p1a: Get Read Nerd\n|-damage|p1a: Get Read Nerd|75\/100\n|-ability|p1a: Get Read Nerd|Stamina|boost\n|-boost|p1a: Get Read Nerd|def|1\n|\n|upkeep\n|turn|15\n|\n|t:|1665981871\n|switch|p2a: Dragapult|Dragapult, F, shiny|100\/100\n|move|p1a: Get Read Nerd|Hurricane|p2a: Dragapult\n|-damage|p2a: Dragapult|39\/100\n|\n|upkeep\n|turn|16\n|inactive|JIM7878 has 120 seconds left.\n|\n|t:|1665981910\n|move|p2a: Dragapult|Shadow Ball|p1a: Get Read Nerd\n|-damage|p1a: Get Read Nerd|36\/100\n|-unboost|p1a: Get Read Nerd|spd|1\n|-ability|p1a: Get Read Nerd|Stamina|boost\n|-boost|p1a: Get Read Nerd|def|1\n|move|p1a: Get Read Nerd|Hurricane|p2a: Dragapult\n|-damage|p2a: Dragapult|0 fnt\n|faint|p2a: Dragapult\n|\n|upkeep\n|j| NoNoodleNovember\n|\n|t:|1665981916\n|switch|p2a: Urshifu|Urshifu-Rapid-Strike, F|28\/100\n|turn|17\n|\n|t:|1665981923\n|switch|p1a: Turk|Rillaboom, F|100\/100\n|-fieldstart|move: Grassy Terrain|[from] ability: Grassy Surge|[of] p1a: Turk\n|move|p2a: Urshifu|Surging Strikes|p1a: Turk\n|-resisted|p1a: Turk\n|-crit|p1a: Turk\n|-damage|p1a: Turk|89\/100\n|-resisted|p1a: Turk\n|-crit|p1a: Turk\n|-damage|p1a: Turk|79\/100\n|-resisted|p1a: Turk\n|-crit|p1a: Turk\n|-damage|p1a: Turk|68\/100\n|-hitcount|p1a: Turk|3\n|\n|-heal|p2a: Urshifu|34\/100|[from] Grassy Terrain\n|-heal|p1a: Turk|74\/100|[from] Grassy Terrain\n|upkeep\n|turn|18\n|\n|t:|1665981936\n|switch|p2a: Jumbao|Jumbao, F, shiny|67\/100\n|-ability|p2a: Jumbao|Grassy Surge|[from] ability: Trace|[of] p1a: Turk\n|move|p1a: Turk|U-turn|p2a: Jumbao\n|-damage|p2a: Jumbao|32\/100\n|-message|Capital Cruiser forfeited.\n|\n|win|JIM7878\n|raw|JIM7878's rating: 1188 &rarr; <strong>1225<\/strong><br \/>(+37 for winning)\n|raw|Capital Cruiser's rating: 1363 &rarr; <strong>1334<\/strong><br \/>(-29 for losing)\n|l|\u203dCapital Cruiser\n|c|\u2606JIM7878|gg\n","uploadtime":1665981963,"views":8,"p1id":"jim7878","p2id":"capitalcruiser","formatid":"gen8cap","rating":1225,"private":0,"password":null}