{"id":"gen8ou-1053958755","p1":"JoJo321","p2":"Prince Zenaku","format":"gen8ou","log":"|j|\u2606JoJo321\n|j|\u2606Prince Zenaku\n|player|p1|JoJo321|102|1513\n|player|p2|Prince Zenaku|wally|1539\n|teamsize|p1|6\n|teamsize|p2|6\n|gametype|singles\n|gen|8\n|tier|[Gen 8] OU\n|rated|\n|clearpoke\n|poke|p1|Kommo-o, F|\n|poke|p1|Cloyster, F|\n|poke|p1|Conkeldurr, F|\n|poke|p1|Cinderace, M|\n|poke|p1|Grimmsnarl, M|\n|poke|p1|Aegislash, M|\n|poke|p2|Mew|\n|poke|p2|Haxorus, M|\n|poke|p2|Kommo-o, F|\n|poke|p2|Flygon, F|\n|poke|p2|Dragapult, F|\n|poke|p2|Duraludon, M|\n|rule|Sleep Clause Mod: Limit one foe put to sleep\n|rule|Species Clause: Limit one of each Pok\u00e9mon\n|rule|OHKO Clause: OHKO moves are banned\n|rule|Evasion Moves Clause: Evasion moves are banned\n|rule|Endless Battle Clause: Forcing endless battles is banned\n|rule|HP Percentage Mod: HP is shown in percentages\n|rule|Dynamax Clause: You cannot dynamax\n|teampreview\n|inactive|Battle timer is ON: inactive players will automatically lose when time's up. (requested by Prince Zenaku)\n|\n|start\n|switch|p1a: Grimmsnarl|Grimmsnarl, M|100\/100\n|switch|p2a: Duraludon|Duraludon, M|100\/100\n|turn|1\n|\n|switch|p1a: Aegislash|Aegislash, M|100\/100\n|move|p2a: Duraludon|Flash Cannon|p1a: Aegislash\n|-resisted|p1a: Aegislash\n|-damage|p1a: Aegislash|84\/100\n|-unboost|p1a: Aegislash|spd|1\n|\n|-heal|p1a: Aegislash|90\/100|[from] item: Leftovers\n|upkeep\n|turn|2\n|\n|switch|p1a: Conkeldurr|Conkeldurr, F|100\/100\n|move|p2a: Duraludon|Stealth Rock|p1a: Conkeldurr\n|-sidestart|p1: JoJo321|move: Stealth Rock\n|\n|-status|p1a: Conkeldurr|brn|[from] item: Flame Orb\n|upkeep\n|turn|3\n|\n|switch|p2a: Mew|Mew|100\/100\n|move|p1a: Conkeldurr|Earthquake|p2a: Mew\n|-damage|p2a: Mew|49\/100\n|-enditem|p2a: Mew|Red Card|[of] p1a: Conkeldurr\n|drag|p1a: Grimmsnarl|Grimmsnarl, M|100\/100\n|-damage|p1a: Grimmsnarl|88\/100|[from] Stealth Rock\n|\n|upkeep\n|turn|4\n|\n|move|p1a: Grimmsnarl|Reflect|p1a: Grimmsnarl\n|-sidestart|p1: JoJo321|Reflect\n|move|p2a: Mew|Taunt|p1a: Grimmsnarl\n|-start|p1a: Grimmsnarl|move: Taunt\n|\n|upkeep\n|turn|5\n|\n|move|p2a: Mew|Spikes|p1a: Grimmsnarl\n|-sidestart|p1: JoJo321|Spikes\n|move|p1a: Grimmsnarl|Spirit Break|p2a: Mew\n|-damage|p2a: Mew|17\/100\n|-unboost|p2a: Mew|spa|1\n|\n|upkeep\n|turn|6\n|\n|switch|p1a: Cinderace|Cinderace, M|100\/100\n|move|p2a: Mew|Self-Destruct|p1a: Cinderace\n|-damage|p1a: Cinderace|70\/100\n|faint|p2a: Mew\n|\n|upkeep\n|\n|switch|p2a: Duraludon|Duraludon, M|100\/100\n|turn|7\n|\n|move|p1a: Cinderace|Court Change|p1a: Cinderace\n|-sideend|p1: JoJo321|Spikes|[silent]\n|-sidestart|p2: Prince Zenaku|Spikes|[silent]\n|-sideend|p1: JoJo321|Stealth Rock|[silent]\n|-sidestart|p2: Prince Zenaku|Stealth Rock|[silent]\n|-sideend|p1: JoJo321|Reflect|[silent]\n|-sidestart|p2: Prince Zenaku|Reflect|[silent]\n|-activate|p1a: Cinderace|move: Court Change\n|move|p2a: Duraludon|Thunderbolt|p1a: Cinderace\n|-damage|p1a: Cinderace|30\/100\n|\n|upkeep\n|turn|8\n|\n|move|p1a: Cinderace|U-turn|p2a: Duraludon\n|-resisted|p2a: Duraludon\n|-damage|p2a: Duraludon|96\/100\n|\n|switch|p1a: Cloyster|Cloyster, F|100\/100|[from]move: U-turn\n|move|p2a: Duraludon|Stealth Rock|p1a: Cloyster\n|-sidestart|p1: JoJo321|move: Stealth Rock\n|\n|upkeep\n|turn|9\n|\n|move|p1a: Cloyster|Shell Smash|p1a: Cloyster\n|-unboost|p1a: Cloyster|def|1\n|-unboost|p1a: Cloyster|spd|1\n|-boost|p1a: Cloyster|atk|2\n|-boost|p1a: Cloyster|spa|2\n|-boost|p1a: Cloyster|spe|2\n|move|p2a: Duraludon|Thunderbolt|p1a: Cloyster\n|-supereffective|p1a: Cloyster\n|-enditem|p1a: Cloyster|Focus Sash\n|-damage|p1a: Cloyster|1\/100\n|\n|upkeep\n|turn|10\n|\n|move|p1a: Cloyster|Icicle Spear|p2a: Duraludon\n|-damage|p2a: Duraludon|88\/100\n|-damage|p2a: Duraludon|79\/100\n|-damage|p2a: Duraludon|70\/100\n|-damage|p2a: Duraludon|62\/100\n|-damage|p2a: Duraludon|53\/100\n|-hitcount|p2a: Duraludon|5\n|move|p2a: Duraludon|Thunderbolt|p1a: Cloyster\n|-supereffective|p1a: Cloyster\n|-damage|p1a: Cloyster|0 fnt\n|faint|p1a: Cloyster\n|\n|upkeep\n|\n|switch|p1a: Grimmsnarl|Grimmsnarl, M|88\/100\n|-damage|p1a: Grimmsnarl|76\/100|[from] Stealth Rock\n|turn|11\n|l|\u2606JoJo321\n|inactive|JoJo321 disconnected and has a minute to reconnect!\n|player|p1|\n|j|\u2606JoJo321\n|inactive|JoJo321 reconnected and has 115 seconds left.\n|player|p1|JoJo321|102\n|\n|move|p1a: Grimmsnarl|Light Screen|p1a: Grimmsnarl\n|-sidestart|p1: JoJo321|move: Light Screen\n|move|p2a: Duraludon|Flash Cannon|p1a: Grimmsnarl\n|-supereffective|p1a: Grimmsnarl\n|-damage|p1a: Grimmsnarl|17\/100\n|\n|-sideend|p2: Prince Zenaku|Reflect\n|upkeep\n|turn|12\n|\n|move|p1a: Grimmsnarl|Reflect|p1a: Grimmsnarl\n|-sidestart|p1: JoJo321|Reflect\n|move|p2a: Duraludon|Flash Cannon|p1a: Grimmsnarl\n|-supereffective|p1a: Grimmsnarl\n|-damage|p1a: Grimmsnarl|0 fnt\n|faint|p1a: Grimmsnarl\n|\n|upkeep\n|inactive|JoJo321 has 120 seconds left.\n|\n|switch|p1a: Kommo-o|Kommo-o, F|100\/100\n|-damage|p1a: Kommo-o|94\/100|[from] Stealth Rock\n|turn|13\n|\n|move|p1a: Kommo-o|Clangorous Soul|p1a: Kommo-o\n|-boost|p1a: Kommo-o|atk|1\n|-boost|p1a: Kommo-o|def|1\n|-boost|p1a: Kommo-o|spa|1\n|-boost|p1a: Kommo-o|spd|1\n|-boost|p1a: Kommo-o|spe|1\n|-damage|p1a: Kommo-o|61\/100\n|-enditem|p1a: Kommo-o|Throat Spray\n|-boost|p1a: Kommo-o|spa|1\n|move|p2a: Duraludon|Draco Meteor|p1a: Kommo-o\n|-supereffective|p1a: Kommo-o\n|-damage|p1a: Kommo-o|4\/100\n|-unboost|p2a: Duraludon|spa|2\n|\n|upkeep\n|turn|14\n|\n|move|p1a: Kommo-o|Clanging Scales|p2a: Duraludon\n|-damage|p2a: Duraludon|0 fnt\n|-unboost|p1a: Kommo-o|def|1\n|faint|p2a: Duraludon\n|\n|upkeep\n|\n|switch|p2a: Kommo-o|Kommo-o, F|100\/100\n|-damage|p2a: Kommo-o|88\/100|[from] Spikes\n|-damage|p2a: Kommo-o|82\/100|[from] Stealth Rock\n|turn|15\n|\n|move|p1a: Kommo-o|Clanging Scales|p2a: Kommo-o\n|-immune|p2a: Kommo-o|[from] ability: Soundproof\n|move|p2a: Kommo-o|Flash Cannon|p1a: Kommo-o\n|-damage|p1a: Kommo-o|0 fnt\n|faint|p1a: Kommo-o\n|\n|upkeep\n|\n|switch|p1a: Aegislash|Aegislash, M|90\/100\n|-damage|p1a: Aegislash|84\/100|[from] Stealth Rock\n|turn|16\n|\n|move|p2a: Kommo-o|Clangorous Soul|p2a: Kommo-o\n|-boost|p2a: Kommo-o|atk|1\n|-boost|p2a: Kommo-o|def|1\n|-boost|p2a: Kommo-o|spa|1\n|-boost|p2a: Kommo-o|spd|1\n|-boost|p2a: Kommo-o|spe|1\n|-damage|p2a: Kommo-o|49\/100\n|-enditem|p2a: Kommo-o|Throat Spray\n|-boost|p2a: Kommo-o|spa|1\n|-formechange|p1a: Aegislash|Aegislash-Blade||[from] ability: Stance Change\n|move|p1a: Aegislash|Shadow Ball|p2a: Kommo-o\n|-damage|p2a: Kommo-o|15\/100\n|\n|-heal|p1a: Aegislash|90\/100|[from] item: Leftovers\n|upkeep\n|turn|17\n|\n|-formechange|p1a: Aegislash|Aegislash||[from] ability: Stance Change\n|move|p1a: Aegislash|King's Shield|p1a: Aegislash\n|-singleturn|p1a: Aegislash|Protect\n|move|p2a: Kommo-o|Flamethrower|p1a: Aegislash\n|-activate|p1a: Aegislash|move: Protect\n|\n|-heal|p1a: Aegislash|96\/100|[from] item: Leftovers\n|upkeep\n|turn|18\n|\n|move|p2a: Kommo-o|Flamethrower|p1a: Aegislash\n|-supereffective|p1a: Aegislash\n|-damage|p1a: Aegislash|52\/100\n|-status|p1a: Aegislash|brn\n|-formechange|p1a: Aegislash|Aegislash-Blade||[from] ability: Stance Change\n|move|p1a: Aegislash|Flash Cannon|p2a: Kommo-o\n|-damage|p2a: Kommo-o|0 fnt\n|faint|p2a: Kommo-o\n|\n|-heal|p1a: Aegislash|59\/100 brn|[from] item: Leftovers\n|-damage|p1a: Aegislash|52\/100 brn|[from] brn\n|-sideend|p1: JoJo321|move: Light Screen\n|upkeep\n|-message|JoJo321 forfeited.\n|\n|win|Prince Zenaku\n|l|\u2606JoJo321\n|raw|JoJo321's rating: 1513 &rarr; <strong>1495<\/strong><br \/>(-18 for losing)\n|raw|Prince Zenaku's rating: 1539 &rarr; <strong>1558<\/strong><br \/>(+19 for winning)\n","uploadtime":1580208424,"views":21,"p1id":"jojo321","p2id":"princezenaku","formatid":"gen8ou","rating":1495,"private":0,"password":null}