{"id":"gen8ou-1498627699","p1":"kokoukohiro","p2":"Los Amigos","format":"gen8ou","log":"|j|\u2606kokoukohiro\n|j|\u2606Los Amigos\n|t:|1643178074\n|gametype|singles\n|player|p1|kokoukohiro|dawn|1536\n|player|p2|Los Amigos|266|1650\n|teamsize|p1|6\n|teamsize|p2|6\n|gen|8\n|tier|[Gen 8] OU\n|rated|\n|rule|Sleep Clause Mod: Limit one foe put to sleep\n|rule|Species Clause: Limit one of each Pok\u00e9mon\n|rule|OHKO Clause: OHKO moves are banned\n|rule|Evasion Moves Clause: Evasion moves are banned\n|rule|Endless Battle Clause: Forcing endless battles is banned\n|rule|HP Percentage Mod: HP is shown in percentages\n|rule|Dynamax Clause: You cannot dynamax\n|clearpoke\n|poke|p1|Shedinja|\n|poke|p1|Chansey, F|\n|poke|p1|Quagsire, F|\n|poke|p1|Clefable, M|\n|poke|p1|Toxapex, M|\n|poke|p1|Zapdos|\n|poke|p2|Zeraora|\n|poke|p2|Zapdos-Galar|\n|poke|p2|Jirachi|\n|poke|p2|Toxapex, M|\n|poke|p2|Landorus-Therian, M|\n|poke|p2|Tornadus-Therian, M|\n|teampreview\n|inactive|Battle timer is ON: inactive players will automatically lose when time's up. (requested by kokoukohiro)\n|inactive|Los Amigos has 120 seconds left.\n|\n|t:|1643178124\n|start\n|switch|p1a: Quagsire|Quagsire, F|100\/100\n|switch|p2a: Toxapex|Toxapex, M|100\/100\n|turn|1\n|\n|t:|1643178130\n|switch|p1a: Toxapex|Toxapex, M|100\/100\n|move|p2a: Toxapex|Knock Off|p1a: Toxapex\n|-damage|p1a: Toxapex|91\/100\n|-enditem|p1a: Toxapex|Black Sludge|[from] move: Knock Off|[of] p2a: Toxapex\n|\n|upkeep\n|turn|2\n|\n|t:|1643178136\n|move|p1a: Toxapex|Toxic Spikes|p2a: Toxapex\n|-sidestart|p2: Los Amigos|move: Toxic Spikes\n|move|p2a: Toxapex|Scald|p1a: Toxapex\n|-resisted|p1a: Toxapex\n|-damage|p1a: Toxapex|83\/100\n|\n|upkeep\n|turn|3\n|\n|t:|1643178139\n|move|p1a: Toxapex|Toxic Spikes|p2a: Toxapex\n|-sidestart|p2: Los Amigos|move: Toxic Spikes\n|move|p2a: Toxapex|Scald|p1a: Toxapex\n|-resisted|p1a: Toxapex\n|-damage|p1a: Toxapex|77\/100\n|\n|upkeep\n|turn|4\n|\n|t:|1643178142\n|move|p1a: Toxapex|Knock Off|p2a: Toxapex\n|-damage|p2a: Toxapex|89\/100\n|-enditem|p2a: Toxapex|Shed Shell|[from] move: Knock Off|[of] p1a: Toxapex\n|move|p2a: Toxapex|Scald|p1a: Toxapex\n|-resisted|p1a: Toxapex\n|-damage|p1a: Toxapex|71\/100\n|\n|upkeep\n|turn|5\n|\n|t:|1643178146\n|move|p1a: Toxapex|Knock Off|p2a: Toxapex\n|-damage|p2a: Toxapex|82\/100\n|move|p2a: Toxapex|Scald|p1a: Toxapex\n|-resisted|p1a: Toxapex\n|-damage|p1a: Toxapex|64\/100\n|-status|p1a: Toxapex|brn\n|\n|-damage|p1a: Toxapex|58\/100 brn|[from] brn\n|upkeep\n|turn|6\n|\n|t:|1643178149\n|switch|p2a: Tornadus|Tornadus-Therian, M|100\/100\n|move|p1a: Toxapex|Recover|p1a: Toxapex\n|-heal|p1a: Toxapex|100\/100 brn\n|\n|-damage|p1a: Toxapex|94\/100 brn|[from] brn\n|upkeep\n|turn|7\n|\n|t:|1643178153\n|move|p2a: Tornadus|U-turn|p1a: Toxapex\n|-resisted|p1a: Toxapex\n|-damage|p1a: Toxapex|89\/100 brn\n|\n|t:|1643178155\n|switch|p2a: Toxapex|Toxapex, M|100\/100|[from]move: U-turn\n|-sideend|p2: Los Amigos|move: Toxic Spikes|[of] p2a: Toxapex\n|move|p1a: Toxapex|Knock Off|p2a: Toxapex\n|-damage|p2a: Toxapex|97\/100\n|\n|-damage|p1a: Toxapex|83\/100 brn|[from] brn\n|upkeep\n|turn|8\n|\n|t:|1643178160\n|move|p1a: Toxapex|Toxic Spikes|p2a: Toxapex\n|-sidestart|p2: Los Amigos|move: Toxic Spikes\n|move|p2a: Toxapex|Knock Off|p1a: Toxapex\n|-damage|p1a: Toxapex|77\/100 brn\n|\n|-damage|p1a: Toxapex|71\/100 brn|[from] brn\n|upkeep\n|turn|9\n|\n|t:|1643178163\n|move|p1a: Toxapex|Toxic Spikes|p2a: Toxapex\n|-sidestart|p2: Los Amigos|move: Toxic Spikes\n|move|p2a: Toxapex|Knock Off|p1a: Toxapex\n|-damage|p1a: Toxapex|64\/100 brn\n|\n|-damage|p1a: Toxapex|58\/100 brn|[from] brn\n|upkeep\n|turn|10\n|\n|t:|1643178167\n|switch|p2a: Tornadus|Tornadus-Therian, M|100\/100\n|move|p1a: Toxapex|Knock Off|p2a: Tornadus\n|-damage|p2a: Tornadus|92\/100\n|-enditem|p2a: Tornadus|Heavy-Duty Boots|[from] move: Knock Off|[of] p1a: Toxapex\n|\n|-damage|p1a: Toxapex|52\/100 brn|[from] brn\n|upkeep\n|turn|11\n|\n|t:|1643178173\n|switch|p1a: Zapdos|Zapdos|100\/100\n|-ability|p1a: Zapdos|Pressure\n|move|p2a: Tornadus|U-turn|p1a: Zapdos\n|-resisted|p1a: Zapdos\n|-damage|p1a: Zapdos|95\/100\n|\n|t:|1643178178\n|switch|p2a: Zeraora|Zeraora|100\/100|[from]move: U-turn\n|\n|upkeep\n|turn|12\n|\n|t:|1643178182\n|move|p2a: Zeraora|Knock Off|p1a: Zapdos\n|-damage|p1a: Zapdos|74\/100\n|-enditem|p1a: Zapdos|Heavy-Duty Boots|[from] move: Knock Off|[of] p2a: Zeraora\n|move|p1a: Zapdos|Heat Wave|p2a: Zeraora\n|-damage|p2a: Zeraora|64\/100\n|\n|upkeep\n|turn|13\n|\n|t:|1643178191\n|switch|p2a: Toxapex|Toxapex, M|100\/100\n|-sideend|p2: Los Amigos|move: Toxic Spikes|[of] p2a: Toxapex\n|move|p1a: Zapdos|Heat Wave|p2a: Toxapex\n|-resisted|p2a: Toxapex\n|-damage|p2a: Toxapex|92\/100\n|\n|upkeep\n|turn|14\n|\n|t:|1643178199\n|move|p1a: Zapdos|Thunderbolt|p2a: Toxapex\n|-supereffective|p2a: Toxapex\n|-damage|p2a: Toxapex|34\/100\n|move|p2a: Toxapex|Scald|p1a: Zapdos\n|-damage|p1a: Zapdos|58\/100\n|\n|upkeep\n|turn|15\n|\n|t:|1643178205\n|switch|p2a: Landorus|Landorus-Therian, M|100\/100\n|-ability|p2a: Landorus|Intimidate|boost\n|-unboost|p1a: Zapdos|atk|1\n|move|p1a: Zapdos|Roost|p1a: Zapdos\n|-heal|p1a: Zapdos|100\/100\n|-singleturn|p1a: Zapdos|move: Roost\n|\n|upkeep\n|turn|16\n|\n|t:|1643178213\n|switch|p1a: Quagsire|Quagsire, F|100\/100\n|move|p2a: Landorus|Toxic|p1a: Quagsire\n|-status|p1a: Quagsire|tox\n|\n|-damage|p1a: Quagsire|94\/100 tox|[from] psn\n|upkeep\n|turn|17\n|\n|t:|1643178218\n|move|p2a: Landorus|U-turn|p1a: Quagsire\n|-damage|p1a: Quagsire|80\/100 tox\n|\n|t:|1643178220\n|switch|p2a: Tornadus|Tornadus-Therian, M|100\/100|[from]move: U-turn\n|move|p1a: Quagsire|Toxic|p2a: Tornadus|[miss]\n|-miss|p1a: Quagsire|p2a: Tornadus\n|\n|-heal|p1a: Quagsire|86\/100 tox|[from] item: Leftovers\n|-damage|p1a: Quagsire|74\/100 tox|[from] psn\n|upkeep\n|turn|18\n|\n|t:|1643178228\n|switch|p1a: Toxapex|Toxapex, M|85\/100 brn\n|move|p2a: Tornadus|U-turn|p1a: Toxapex\n|-resisted|p1a: Toxapex\n|-damage|p1a: Toxapex|80\/100 brn\n|\n|t:|1643178231\n|switch|p2a: Landorus|Landorus-Therian, M|100\/100|[from]move: U-turn\n|-ability|p2a: Landorus|Intimidate|boost\n|-unboost|p1a: Toxapex|atk|1\n|\n|-damage|p1a: Toxapex|74\/100 brn|[from] brn\n|upkeep\n|turn|19\n|\n|t:|1643178238\n|switch|p1a: Zapdos|Zapdos|100\/100\n|-ability|p1a: Zapdos|Pressure\n|move|p2a: Landorus|Earthquake|p1a: Zapdos\n|-immune|p1a: Zapdos\n|\n|upkeep\n|turn|20\n|\n|t:|1643178248\n|switch|p1a: Toxapex|Toxapex, M|100\/100 brn\n|move|p2a: Landorus|Toxic||[still]\n|-fail|p2a: Landorus\n|\n|-damage|p1a: Toxapex|94\/100 brn|[from] brn\n|upkeep\n|turn|21\n|\n|t:|1643178262\n|switch|p2a: Toxapex|Toxapex, M|67\/100\n|move|p1a: Toxapex|Knock Off|p2a: Toxapex\n|-damage|p2a: Toxapex|63\/100\n|\n|-damage|p1a: Toxapex|88\/100 brn|[from] brn\n|upkeep\n|turn|22\n|\n|t:|1643178269\n|switch|p1a: Zapdos|Zapdos|100\/100\n|-ability|p1a: Zapdos|Pressure\n|move|p2a: Toxapex|Recover|p2a: Toxapex\n|-heal|p2a: Toxapex|100\/100\n|\n|upkeep\n|turn|23\n|\n|t:|1643178278\n|switch|p2a: Zeraora|Zeraora|64\/100\n|move|p1a: Zapdos|Heat Wave|p2a: Zeraora\n|-damage|p2a: Zeraora|30\/100\n|\n|upkeep\n|turn|24\n|\n|t:|1643178287\n|switch|p2a: Jirachi|Jirachi|100\/100\n|move|p1a: Zapdos|Thunderbolt|p2a: Jirachi\n|-damage|p2a: Jirachi|74\/100\n|-status|p2a: Jirachi|par\n|\n|-heal|p2a: Jirachi|80\/100 par|[from] item: Leftovers\n|upkeep\n|turn|25\n|\n|t:|1643178293\n|move|p1a: Zapdos|Heat Wave|p2a: Jirachi\n|-supereffective|p2a: Jirachi\n|-damage|p2a: Jirachi|44\/100 par\n|cant|p2a: Jirachi|par\n|\n|-heal|p2a: Jirachi|50\/100 par|[from] item: Leftovers\n|upkeep\n|turn|26\n|\n|t:|1643178296\n|move|p1a: Zapdos|Heat Wave|p2a: Jirachi\n|-supereffective|p2a: Jirachi\n|-damage|p2a: Jirachi|8\/100 par\n|cant|p2a: Jirachi|par\n|\n|-heal|p2a: Jirachi|14\/100 par|[from] item: Leftovers\n|upkeep\n|turn|27\n|\n|t:|1643178302\n|switch|p2a: Landorus|Landorus-Therian, M|100\/100\n|-ability|p2a: Landorus|Intimidate|boost\n|-unboost|p1a: Zapdos|atk|1\n|move|p1a: Zapdos|Heat Wave|p2a: Landorus\n|-damage|p2a: Landorus|80\/100\n|\n|-heal|p2a: Landorus|86\/100|[from] item: Leftovers\n|upkeep\n|turn|28\n|\n|t:|1643178307\n|switch|p1a: Toxapex|Toxapex, M|100\/100 brn\n|move|p2a: Landorus|Toxic||[still]\n|-fail|p2a: Landorus\n|\n|-heal|p2a: Landorus|92\/100|[from] item: Leftovers\n|-damage|p1a: Toxapex|94\/100 brn|[from] brn\n|upkeep\n|turn|29\n|\n|t:|1643178311\n|switch|p1a: Zapdos|Zapdos|100\/100\n|-ability|p1a: Zapdos|Pressure\n|move|p2a: Landorus|Earthquake|p1a: Zapdos\n|-immune|p1a: Zapdos\n|\n|-heal|p2a: Landorus|98\/100|[from] item: Leftovers\n|upkeep\n|turn|30\n|\n|t:|1643178315\n|move|p1a: Zapdos|Heat Wave|p2a: Landorus\n|-damage|p2a: Landorus|75\/100\n|move|p2a: Landorus|Toxic|p1a: Zapdos\n|-status|p1a: Zapdos|tox\n|\n|-heal|p2a: Landorus|81\/100|[from] item: Leftovers\n|-damage|p1a: Zapdos|94\/100 tox|[from] psn\n|upkeep\n|turn|31\n|\n|t:|1643178320\n|switch|p1a: Toxapex|Toxapex, M|100\/100 brn\n|move|p2a: Landorus|Earthquake|p1a: Toxapex\n|-supereffective|p1a: Toxapex\n|-damage|p1a: Toxapex|49\/100 brn\n|\n|-heal|p2a: Landorus|87\/100|[from] item: Leftovers\n|-damage|p1a: Toxapex|42\/100 brn|[from] brn\n|upkeep\n|turn|32\n|\n|t:|1643178335\n|switch|p1a: Quagsire|Quagsire, F|74\/100 tox\n|move|p2a: Landorus|U-turn|p1a: Quagsire\n|-damage|p1a: Quagsire|59\/100 tox\n|\n|t:|1643178341\n|switch|p2a: Zapdos|Zapdos-Galar|100\/100|[from]move: U-turn\n|\n|-heal|p1a: Quagsire|65\/100 tox|[from] item: Leftovers\n|-damage|p1a: Quagsire|59\/100 tox|[from] psn\n|upkeep\n|turn|33\n|\n|t:|1643178346\n|switch|p1a: Toxapex|Toxapex, M|75\/100 brn\n|move|p2a: Zapdos|Brave Bird|p1a: Toxapex\n|-damage|p1a: Toxapex|22\/100 brn\n|-damage|p2a: Zapdos|84\/100|[from] Recoil\n|\n|-damage|p1a: Toxapex|16\/100 brn|[from] brn\n|upkeep\n|turn|34\n|\n|t:|1643178350\n|switch|p1a: Zapdos|Zapdos|94\/100 tox\n|-ability|p1a: Zapdos|Pressure\n|move|p2a: Zapdos|Brave Bird|p1a: Zapdos\n|-resisted|p1a: Zapdos\n|-damage|p1a: Zapdos|61\/100 tox\n|-damage|p2a: Zapdos|71\/100|[from] Recoil\n|\n|-damage|p1a: Zapdos|55\/100 tox|[from] psn\n|upkeep\n|turn|35\n|\n|t:|1643178358\n|switch|p2a: Jirachi|Jirachi|14\/100 par\n|move|p1a: Zapdos|Roost|p1a: Zapdos\n|-heal|p1a: Zapdos|100\/100 tox\n|-singleturn|p1a: Zapdos|move: Roost\n|\n|-heal|p2a: Jirachi|20\/100 par|[from] item: Leftovers\n|-damage|p1a: Zapdos|88\/100 tox|[from] psn\n|upkeep\n|turn|36\n|\n|t:|1643178368\n|switch|p1a: Chansey|Chansey, F|100\/100\n|switch|p2a: Toxapex|Toxapex, M|100\/100\n|\n|upkeep\n|turn|37\n|\n|t:|1643178372\n|move|p1a: Chansey|Aromatherapy|p1a: Chansey\n|-activate|p1a: Chansey|move: Aromatherapy\n|-curestatus|p1: Zapdos|tox|[msg]\n|-curestatus|p1: Toxapex|brn|[msg]\n|-curestatus|p1: Quagsire|tox|[msg]\n|move|p2a: Toxapex|Knock Off|p1a: Chansey\n|-damage|p1a: Chansey|90\/100\n|-enditem|p1a: Chansey|Eviolite|[from] move: Knock Off|[of] p2a: Toxapex\n|\n|upkeep\n|turn|38\n|\n|t:|1643178379\n|switch|p1a: Toxapex|Toxapex, M|49\/100\n|move|p2a: Toxapex|Knock Off|p1a: Toxapex\n|-damage|p1a: Toxapex|43\/100\n|\n|upkeep\n|turn|39\n|\n|t:|1643178382\n|move|p1a: Toxapex|Toxic Spikes|p2a: Toxapex\n|-sidestart|p2: Los Amigos|move: Toxic Spikes\n|move|p2a: Toxapex|Scald|p1a: Toxapex\n|-resisted|p1a: Toxapex\n|-damage|p1a: Toxapex|35\/100\n|\n|upkeep\n|turn|40\n|\n|t:|1643178385\n|move|p1a: Toxapex|Toxic Spikes|p2a: Toxapex\n|-sidestart|p2: Los Amigos|move: Toxic Spikes\n|move|p2a: Toxapex|Scald|p1a: Toxapex\n|-resisted|p1a: Toxapex\n|-damage|p1a: Toxapex|29\/100\n|\n|upkeep\n|turn|41\n|\n|t:|1643178388\n|move|p1a: Toxapex|Recover|p1a: Toxapex\n|-heal|p1a: Toxapex|79\/100\n|move|p2a: Toxapex|Scald|p1a: Toxapex\n|-resisted|p1a: Toxapex\n|-damage|p1a: Toxapex|71\/100\n|\n|upkeep\n|turn|42\n|\n|t:|1643178392\n|switch|p1a: Zapdos|Zapdos|88\/100\n|-ability|p1a: Zapdos|Pressure\n|move|p2a: Toxapex|Scald|p1a: Zapdos\n|-damage|p1a: Zapdos|71\/100\n|\n|upkeep\n|turn|43\n|\n|t:|1643178399\n|switch|p2a: Landorus|Landorus-Therian, M|87\/100\n|-ability|p2a: Landorus|Intimidate|boost\n|-unboost|p1a: Zapdos|atk|1\n|move|p1a: Zapdos|Heat Wave|p2a: Landorus\n|-damage|p2a: Landorus|68\/100\n|\n|-heal|p2a: Landorus|74\/100|[from] item: Leftovers\n|upkeep\n|turn|44\n|\n|t:|1643178405\n|switch|p1a: Quagsire|Quagsire, F|59\/100\n|move|p2a: Landorus|Toxic|p1a: Quagsire\n|-status|p1a: Quagsire|tox\n|\n|-heal|p2a: Landorus|80\/100|[from] item: Leftovers\n|-heal|p1a: Quagsire|65\/100 tox|[from] item: Leftovers\n|-damage|p1a: Quagsire|59\/100 tox|[from] psn\n|upkeep\n|turn|45\n|\n|t:|1643178408\n|move|p2a: Landorus|U-turn|p1a: Quagsire\n|-damage|p1a: Quagsire|43\/100 tox\n|\n|t:|1643178411\n|switch|p2a: Jirachi|Jirachi|20\/100 par|[from]move: U-turn\n|move|p1a: Quagsire|Recover|p1a: Quagsire\n|-heal|p1a: Quagsire|93\/100 tox\n|\n|-heal|p2a: Jirachi|26\/100 par|[from] item: Leftovers\n|-heal|p1a: Quagsire|99\/100 tox|[from] item: Leftovers\n|-damage|p1a: Quagsire|87\/100 tox|[from] psn\n|upkeep\n|turn|46\n|\n|t:|1643178416\n|switch|p2a: Toxapex|Toxapex, M|100\/100\n|-sideend|p2: Los Amigos|move: Toxic Spikes|[of] p2a: Toxapex\n|move|p1a: Quagsire|Earthquake|p2a: Toxapex\n|-supereffective|p2a: Toxapex\n|-damage|p2a: Toxapex|56\/100\n|\n|-heal|p1a: Quagsire|93\/100 tox|[from] item: Leftovers\n|-damage|p1a: Quagsire|75\/100 tox|[from] psn\n|upkeep\n|turn|47\n|\n|t:|1643178423\n|switch|p1a: Toxapex|Toxapex, M|100\/100\n|switch|p2a: Tornadus|Tornadus-Therian, M|100\/100\n|\n|upkeep\n|turn|48\n|\n|t:|1643178430\n|move|p2a: Tornadus|U-turn|p1a: Toxapex\n|-resisted|p1a: Toxapex\n|-damage|p1a: Toxapex|96\/100\n|\n|t:|1643178432\n|switch|p2a: Toxapex|Toxapex, M|90\/100|[from]move: U-turn\n|move|p1a: Toxapex|Toxic Spikes|p2a: Toxapex\n|-sidestart|p2: Los Amigos|move: Toxic Spikes\n|\n|upkeep\n|turn|49\n|\n|t:|1643178439\n|switch|p2a: Tornadus|Tornadus-Therian, M|100\/100\n|move|p1a: Toxapex|Toxic Spikes|p2a: Tornadus\n|-sidestart|p2: Los Amigos|move: Toxic Spikes\n|\n|upkeep\n|turn|50\n|\n|t:|1643178450\n|switch|p1a: Chansey|Chansey, F|90\/100\n|move|p2a: Tornadus|U-turn|p1a: Chansey\n|-damage|p1a: Chansey|76\/100\n|\n|t:|1643178453\n|switch|p2a: Zapdos|Zapdos-Galar|71\/100|[from]move: U-turn\n|\n|upkeep\n|turn|51\n|\n|t:|1643178458\n|switch|p1a: Zapdos|Zapdos|71\/100\n|-ability|p1a: Zapdos|Pressure\n|move|p2a: Zapdos|Brave Bird|p1a: Zapdos\n|-resisted|p1a: Zapdos\n|-damage|p1a: Zapdos|36\/100\n|-damage|p2a: Zapdos|57\/100|[from] Recoil\n|\n|upkeep\n|turn|52\n|\n|t:|1643178461\n|move|p2a: Zapdos|Brave Bird|p1a: Zapdos\n|-resisted|p1a: Zapdos\n|-damage|p1a: Zapdos|5\/100\n|-damage|p2a: Zapdos|45\/100|[from] Recoil\n|move|p1a: Zapdos|Roost|p1a: Zapdos\n|-heal|p1a: Zapdos|55\/100\n|-singleturn|p1a: Zapdos|move: Roost\n|\n|upkeep\n|turn|53\n|\n|t:|1643178464\n|switch|p2a: Toxapex|Toxapex, M|100\/100\n|-sideend|p2: Los Amigos|move: Toxic Spikes|[of] p2a: Toxapex\n|move|p1a: Zapdos|Roost|p1a: Zapdos\n|-heal|p1a: Zapdos|100\/100\n|-singleturn|p1a: Zapdos|move: Roost\n|\n|upkeep\n|turn|54\n|\n|t:|1643178469\n|move|p1a: Zapdos|Thunderbolt|p2a: Toxapex\n|-supereffective|p2a: Toxapex\n|-damage|p2a: Toxapex|45\/100\n|move|p2a: Toxapex|Scald|p1a: Zapdos\n|-damage|p1a: Zapdos|85\/100\n|\n|upkeep\n|turn|55\n|\n|t:|1643178474\n|switch|p2a: Landorus|Landorus-Therian, M|80\/100\n|-ability|p2a: Landorus|Intimidate|boost\n|-unboost|p1a: Zapdos|atk|1\n|move|p1a: Zapdos|Heat Wave|p2a: Landorus\n|-damage|p2a: Landorus|58\/100\n|\n|-heal|p2a: Landorus|64\/100|[from] item: Leftovers\n|upkeep\n|turn|56\n|\n|t:|1643178489\n|switch|p1a: Shedinja|Shedinja|100\/100\n|move|p2a: Landorus|Toxic|p1a: Shedinja\n|-status|p1a: Shedinja|tox\n|\n|-heal|p2a: Landorus|70\/100|[from] item: Leftovers\n|-damage|p1a: Shedinja|0 fnt|[from] psn\n|faint|p1a: Shedinja\n|upkeep\n|\n|t:|1643178502\n|switch|p1a: Clefable|Clefable, M|100\/100\n|turn|57\n|\n|t:|1643178506\n|move|p2a: Landorus|U-turn|p1a: Clefable\n|-resisted|p1a: Clefable\n|-damage|p1a: Clefable|88\/100\n|\n|t:|1643178507\n|switch|p2a: Toxapex|Toxapex, M|78\/100|[from]move: U-turn\n|move|p1a: Clefable|Aromatherapy|p1a: Clefable\n|-activate|p1a: Clefable|move: Aromatherapy\n|-curestatus|p1: Quagsire|tox|[msg]\n|\n|-heal|p1a: Clefable|94\/100|[from] item: Leftovers\n|upkeep\n|turn|58\n|\n|t:|1643178511\n|switch|p1a: Toxapex|Toxapex, M|100\/100\n|move|p2a: Toxapex|Knock Off|p1a: Toxapex\n|-damage|p1a: Toxapex|95\/100\n|\n|upkeep\n|turn|59\n|\n|t:|1643178514\n|move|p1a: Toxapex|Toxic Spikes|p2a: Toxapex\n|-sidestart|p2: Los Amigos|move: Toxic Spikes\n|move|p2a: Toxapex|Scald|p1a: Toxapex\n|-resisted|p1a: Toxapex\n|-damage|p1a: Toxapex|88\/100\n|\n|upkeep\n|turn|60\n|\n|t:|1643178516\n|move|p1a: Toxapex|Toxic Spikes|p2a: Toxapex\n|-sidestart|p2: Los Amigos|move: Toxic Spikes\n|move|p2a: Toxapex|Scald|p1a: Toxapex\n|-resisted|p1a: Toxapex\n|-damage|p1a: Toxapex|81\/100\n|\n|upkeep\n|turn|61\n|\n|t:|1643178521\n|switch|p1a: Zapdos|Zapdos|85\/100\n|-ability|p1a: Zapdos|Pressure\n|move|p2a: Toxapex|Scald|p1a: Zapdos\n|-damage|p1a: Zapdos|67\/100\n|\n|upkeep\n|turn|62\n|\n|t:|1643178525\n|move|p1a: Zapdos|Thunderbolt|p2a: Toxapex\n|-supereffective|p2a: Toxapex\n|-damage|p2a: Toxapex|27\/100\n|move|p2a: Toxapex|Recover|p2a: Toxapex\n|-heal|p2a: Toxapex|77\/100\n|\n|upkeep\n|turn|63\n|\n|t:|1643178530\n|move|p1a: Zapdos|Thunderbolt|p2a: Toxapex\n|-supereffective|p2a: Toxapex\n|-damage|p2a: Toxapex|22\/100\n|move|p2a: Toxapex|Recover|p2a: Toxapex\n|-heal|p2a: Toxapex|72\/100\n|\n|upkeep\n|turn|64\n|\n|t:|1643178533\n|switch|p2a: Zeraora|Zeraora|30\/100\n|move|p1a: Zapdos|Heat Wave|p2a: Zeraora|[miss]\n|-miss|p1a: Zapdos|p2a: Zeraora\n|\n|upkeep\n|turn|65\n|\n|t:|1643178539\n|switch|p2a: Toxapex|Toxapex, M|100\/100\n|-sideend|p2: Los Amigos|move: Toxic Spikes|[of] p2a: Toxapex\n|move|p1a: Zapdos|Heat Wave|p2a: Toxapex\n|-resisted|p2a: Toxapex\n|-damage|p2a: Toxapex|91\/100\n|\n|upkeep\n|turn|66\n|\n|t:|1643178543\n|switch|p2a: Landorus|Landorus-Therian, M|70\/100\n|-ability|p2a: Landorus|Intimidate|boost\n|-unboost|p1a: Zapdos|atk|1\n|move|p1a: Zapdos|Thunderbolt|p2a: Landorus\n|-immune|p2a: Landorus\n|\n|-heal|p2a: Landorus|76\/100|[from] item: Leftovers\n|upkeep\n|turn|67\n|\n|t:|1643178548\n|switch|p1a: Toxapex|Toxapex, M|100\/100\n|switch|p2a: Toxapex|Toxapex, M|100\/100\n|\n|upkeep\n|turn|68\n|\n|t:|1643178550\n|move|p1a: Toxapex|Toxic Spikes|p2a: Toxapex\n|-sidestart|p2: Los Amigos|move: Toxic Spikes\n|move|p2a: Toxapex|Scald|p1a: Toxapex\n|-resisted|p1a: Toxapex\n|-damage|p1a: Toxapex|94\/100\n|\n|upkeep\n|turn|69\n|\n|t:|1643178553\n|switch|p1a: Zapdos|Zapdos|67\/100\n|-ability|p1a: Zapdos|Pressure\n|move|p2a: Toxapex|Scald|p1a: Zapdos\n|-damage|p1a: Zapdos|50\/100\n|\n|upkeep\n|turn|70\n|\n|t:|1643178556\n|switch|p2a: Landorus|Landorus-Therian, M|76\/100\n|-ability|p2a: Landorus|Intimidate|boost\n|-unboost|p1a: Zapdos|atk|1\n|move|p1a: Zapdos|Roost|p1a: Zapdos\n|-heal|p1a: Zapdos|99\/100\n|-singleturn|p1a: Zapdos|move: Roost\n|\n|-heal|p2a: Landorus|82\/100|[from] item: Leftovers\n|upkeep\n|turn|71\n|\n|t:|1643178562\n|switch|p1a: Quagsire|Quagsire, F|75\/100\n|switch|p2a: Toxapex|Toxapex, M|100\/100\n|-sideend|p2: Los Amigos|move: Toxic Spikes|[of] p2a: Toxapex\n|\n|-heal|p1a: Quagsire|81\/100|[from] item: Leftovers\n|upkeep\n|turn|72\n|\n|t:|1643178567\n|move|p1a: Quagsire|Earthquake|p2a: Toxapex\n|-supereffective|p2a: Toxapex\n|-damage|p2a: Toxapex|62\/100\n|move|p2a: Toxapex|Knock Off|p1a: Quagsire\n|-damage|p1a: Quagsire|71\/100\n|-enditem|p1a: Quagsire|Leftovers|[from] move: Knock Off|[of] p2a: Toxapex\n|\n|upkeep\n|turn|73\n|\n|t:|1643178576\n|switch|p1a: Zapdos|Zapdos|99\/100\n|-ability|p1a: Zapdos|Pressure\n|switch|p2a: Tornadus|Tornadus-Therian, M|100\/100\n|\n|upkeep\n|turn|74\n|\n|t:|1643178582\n|move|p2a: Tornadus|Toxic|p1a: Zapdos\n|-status|p1a: Zapdos|tox\n|move|p1a: Zapdos|Thunderbolt|p2a: Tornadus\n|-supereffective|p2a: Tornadus\n|-damage|p2a: Tornadus|26\/100\n|\n|-damage|p1a: Zapdos|94\/100 tox|[from] psn\n|upkeep\n|turn|75\n|\n|t:|1643178593\n|switch|p2a: Toxapex|Toxapex, M|96\/100\n|move|p1a: Zapdos|Heat Wave|p2a: Toxapex\n|-resisted|p2a: Toxapex\n|-damage|p2a: Toxapex|86\/100\n|\n|-damage|p1a: Zapdos|81\/100 tox|[from] psn\n|upkeep\n|turn|76\n|\n|t:|1643178597\n|switch|p1a: Chansey|Chansey, F|76\/100\n|switch|p2a: Landorus|Landorus-Therian, M|82\/100\n|-ability|p2a: Landorus|Intimidate|boost\n|-unboost|p1a: Chansey|atk|1\n|\n|-heal|p2a: Landorus|88\/100|[from] item: Leftovers\n|upkeep\n|turn|77\n|\n|t:|1643178603\n|switch|p1a: Quagsire|Quagsire, F|71\/100\n|move|p2a: Landorus|U-turn|p1a: Quagsire\n|-damage|p1a: Quagsire|54\/100\n|\n|t:|1643178609\n|switch|p2a: Zapdos|Zapdos-Galar|45\/100|[from]move: U-turn\n|\n|upkeep\n|turn|78\n|\n|t:|1643178614\n|switch|p2a: Tornadus|Tornadus-Therian, M|59\/100\n|move|p1a: Quagsire|Recover|p1a: Quagsire\n|-heal|p1a: Quagsire|100\/100\n|\n|upkeep\n|turn|79\n|\n|t:|1643178616\n|move|p2a: Tornadus|U-turn|p1a: Quagsire\n|-damage|p1a: Quagsire|90\/100\n|\n|t:|1643178619\n|switch|p2a: Toxapex|Toxapex, M|100\/100|[from]move: U-turn\n|move|p1a: Quagsire|Toxic|p2a: Toxapex\n|-immune|p2a: Toxapex\n|\n|upkeep\n|turn|80\n|\n|t:|1643178644\n|switch|p1a: Chansey|Chansey, F|76\/100\n|switch|p2a: Tornadus|Tornadus-Therian, M|92\/100\n|\n|upkeep\n|turn|81\n|\n|t:|1643178647\n|move|p2a: Tornadus|U-turn|p1a: Chansey\n|-damage|p1a: Chansey|61\/100\n|\n|t:|1643178658\n|switch|p2a: Toxapex|Toxapex, M|100\/100|[from]move: U-turn\n|move|p1a: Chansey|Aromatherapy|p1a: Chansey\n|-activate|p1a: Chansey|move: Aromatherapy\n|-curestatus|p1: Zapdos|tox|[msg]\n|\n|upkeep\n|turn|82\n|\n|t:|1643178665\n|move|p1a: Chansey|Soft-Boiled|p1a: Chansey\n|-heal|p1a: Chansey|100\/100\n|move|p2a: Toxapex|Knock Off|p1a: Chansey\n|-damage|p1a: Chansey|90\/100\n|\n|upkeep\n|turn|83\n|\n|t:|1643178676\n|switch|p1a: Toxapex|Toxapex, M|100\/100\n|move|p2a: Toxapex|Scald|p1a: Toxapex\n|-resisted|p1a: Toxapex\n|-crit|p1a: Toxapex\n|-damage|p1a: Toxapex|91\/100\n|\n|upkeep\n|turn|84\n|\n|t:|1643178681\n|move|p1a: Toxapex|Toxic Spikes|p2a: Toxapex\n|-sidestart|p2: Los Amigos|move: Toxic Spikes\n|move|p2a: Toxapex|Knock Off|p1a: Toxapex\n|-damage|p1a: Toxapex|85\/100\n|\n|upkeep\n|turn|85\n|\n|t:|1643178685\n|move|p1a: Toxapex|Knock Off|p2a: Toxapex\n|-damage|p2a: Toxapex|94\/100\n|move|p2a: Toxapex|Knock Off|p1a: Toxapex\n|-damage|p1a: Toxapex|78\/100\n|\n|upkeep\n|turn|86\n|\n|t:|1643178688\n|move|p1a: Toxapex|Knock Off|p2a: Toxapex\n|-damage|p2a: Toxapex|86\/100\n|move|p2a: Toxapex|Knock Off|p1a: Toxapex\n|-damage|p1a: Toxapex|72\/100\n|\n|upkeep\n|turn|87\n|\n|t:|1643178691\n|move|p1a: Toxapex|Knock Off|p2a: Toxapex\n|-damage|p2a: Toxapex|78\/100\n|move|p2a: Toxapex|Haze|p2a: Toxapex\n|-clearallboost\n|\n|upkeep\n|turn|88\n|\n|t:|1643178697\n|switch|p2a: Tornadus|Tornadus-Therian, M|100\/100\n|move|p1a: Toxapex|Knock Off|p2a: Tornadus\n|-damage|p2a: Tornadus|90\/100\n|\n|upkeep\n|turn|89\n|\n|t:|1643178703\n|switch|p1a: Zapdos|Zapdos|81\/100\n|-ability|p1a: Zapdos|Pressure\n|move|p2a: Tornadus|U-turn|p1a: Zapdos\n|-resisted|p1a: Zapdos\n|-damage|p1a: Zapdos|76\/100\n|\n|t:|1643178706\n|switch|p2a: Toxapex|Toxapex, M|100\/100|[from]move: U-turn\n|-sideend|p2: Los Amigos|move: Toxic Spikes|[of] p2a: Toxapex\n|\n|upkeep\n|turn|90\n|\n|t:|1643178712\n|switch|p2a: Landorus|Landorus-Therian, M|88\/100\n|-ability|p2a: Landorus|Intimidate|boost\n|-unboost|p1a: Zapdos|atk|1\n|move|p1a: Zapdos|Thunderbolt|p2a: Landorus\n|-immune|p2a: Landorus\n|\n|-heal|p2a: Landorus|94\/100|[from] item: Leftovers\n|upkeep\n|turn|91\n|\n|t:|1643178718\n|switch|p1a: Toxapex|Toxapex, M|100\/100\n|move|p2a: Landorus|Earthquake|p1a: Toxapex\n|-supereffective|p1a: Toxapex\n|-damage|p1a: Toxapex|41\/100\n|\n|-heal|p2a: Landorus|99\/100|[from] item: Leftovers\n|upkeep\n|turn|92\n|\n|t:|1643178722\n|move|p2a: Landorus|U-turn|p1a: Toxapex\n|-resisted|p1a: Toxapex\n|-damage|p1a: Toxapex|34\/100\n|\n|t:|1643178725\n|switch|p2a: Zapdos|Zapdos-Galar|45\/100|[from]move: U-turn\n|move|p1a: Toxapex|Recover|p1a: Toxapex\n|-heal|p1a: Toxapex|84\/100\n|\n|upkeep\n|turn|93\n|\n|t:|1643178728\n|switch|p2a: Toxapex|Toxapex, M|100\/100\n|move|p1a: Toxapex|Knock Off|p2a: Toxapex\n|-damage|p2a: Toxapex|94\/100\n|\n|upkeep\n|turn|94\n|\n|t:|1643178735\n|switch|p2a: Tornadus|Tornadus-Therian, M|100\/100\n|move|p1a: Toxapex|Toxic Spikes|p2a: Tornadus\n|-sidestart|p2: Los Amigos|move: Toxic Spikes\n|\n|upkeep\n|turn|95\n|\n|t:|1643178749\n|move|p2a: Tornadus|U-turn|p1a: Toxapex\n|-resisted|p1a: Toxapex\n|-damage|p1a: Toxapex|80\/100\n|\n|t:|1643178751\n|switch|p2a: Toxapex|Toxapex, M|100\/100|[from]move: U-turn\n|-sideend|p2: Los Amigos|move: Toxic Spikes|[of] p2a: Toxapex\n|move|p1a: Toxapex|Toxic Spikes|p2a: Toxapex\n|-sidestart|p2: Los Amigos|move: Toxic Spikes\n|\n|upkeep\n|turn|96\n|j| 100881coso\n|\n|t:|1643178756\n|switch|p1a: Zapdos|Zapdos|76\/100\n|-ability|p1a: Zapdos|Pressure\n|switch|p2a: Tornadus|Tornadus-Therian, M|100\/100\n|\n|upkeep\n|turn|97\n|\n|t:|1643178764\n|switch|p2a: Toxapex|Toxapex, M|100\/100\n|-sideend|p2: Los Amigos|move: Toxic Spikes|[of] p2a: Toxapex\n|move|p1a: Zapdos|Heat Wave|p2a: Toxapex\n|-resisted|p2a: Toxapex\n|-damage|p2a: Toxapex|90\/100\n|\n|upkeep\n|turn|98\n|\n|t:|1643178771\n|move|p1a: Zapdos|Thunderbolt|p2a: Toxapex\n|-supereffective|p2a: Toxapex\n|-damage|p2a: Toxapex|36\/100\n|-status|p2a: Toxapex|par\n|cant|p2a: Toxapex|par\n|\n|upkeep\n|turn|99\n|\n|t:|1643178777\n|switch|p2a: Landorus|Landorus-Therian, M|99\/100\n|-ability|p2a: Landorus|Intimidate|boost\n|-unboost|p1a: Zapdos|atk|1\n|move|p1a: Zapdos|Thunderbolt|p2a: Landorus\n|-immune|p2a: Landorus\n|\n|-heal|p2a: Landorus|100\/100|[from] item: Leftovers\n|upkeep\n|turn|100\n|\n|t:|1643178785\n|switch|p1a: Quagsire|Quagsire, F|90\/100\n|move|p2a: Landorus|Earthquake|p1a: Quagsire\n|-damage|p1a: Quagsire|59\/100\n|\n|upkeep\n|turn|101\n|\n|t:|1643178789\n|move|p2a: Landorus|U-turn|p1a: Quagsire\n|-damage|p1a: Quagsire|44\/100\n|\n|t:|1643178792\n|switch|p2a: Tornadus|Tornadus-Therian, M|100\/100|[from]move: U-turn\n|move|p1a: Quagsire|Recover|p1a: Quagsire\n|-heal|p1a: Quagsire|94\/100\n|\n|upkeep\n|turn|102\n|\n|t:|1643178798\n|move|p2a: Tornadus|U-turn|p1a: Quagsire\n|-damage|p1a: Quagsire|82\/100\n|\n|t:|1643178800\n|switch|p2a: Toxapex|Toxapex, M|69\/100 par|[from]move: U-turn\n|move|p1a: Quagsire|Toxic||[still]\n|-fail|p1a: Quagsire\n|\n|upkeep\n|turn|103\n|\n|t:|1643178804\n|switch|p2a: Tornadus|Tornadus-Therian, M|100\/100\n|move|p1a: Quagsire|Earthquake|p2a: Tornadus\n|-immune|p2a: Tornadus\n|\n|upkeep\n|turn|104\n|l| 100881coso\n|\n|t:|1643178810\n|move|p2a: Tornadus|U-turn|p1a: Quagsire\n|-damage|p1a: Quagsire|71\/100\n|\n|t:|1643178812\n|switch|p2a: Toxapex|Toxapex, M|100\/100 par|[from]move: U-turn\n|move|p1a: Quagsire|Earthquake|p2a: Toxapex\n|-supereffective|p2a: Toxapex\n|-damage|p2a: Toxapex|57\/100 par\n|\n|upkeep\n|turn|105\n|\n|t:|1643178818\n|switch|p2a: Tornadus|Tornadus-Therian, M|100\/100\n|move|p1a: Quagsire|Toxic|p2a: Tornadus\n|-status|p2a: Tornadus|tox\n|\n|-damage|p2a: Tornadus|94\/100 tox|[from] psn\n|upkeep\n|turn|106\n|\n|t:|1643178823\n|move|p2a: Tornadus|Toxic|p1a: Quagsire\n|-status|p1a: Quagsire|tox\n|move|p1a: Quagsire|Recover|p1a: Quagsire\n|-heal|p1a: Quagsire|100\/100 tox\n|\n|-damage|p2a: Tornadus|82\/100 tox|[from] psn\n|-damage|p1a: Quagsire|94\/100 tox|[from] psn\n|upkeep\n|turn|107\n|\n|t:|1643178827\n|switch|p1a: Zapdos|Zapdos|76\/100\n|-ability|p1a: Zapdos|Pressure\n|move|p2a: Tornadus|U-turn|p1a: Zapdos\n|-resisted|p1a: Zapdos\n|-damage|p1a: Zapdos|70\/100\n|\n|t:|1643178831\n|switch|p2a: Jirachi|Jirachi|26\/100 par|[from]move: U-turn\n|\n|-heal|p2a: Jirachi|32\/100 par|[from] item: Leftovers\n|upkeep\n|turn|108\n|\n|t:|1643178835\n|switch|p2a: Zeraora|Zeraora|30\/100\n|move|p1a: Zapdos|Thunderbolt|p2a: Zeraora\n|-heal|p2a: Zeraora|55\/100|[from] ability: Volt Absorb|[of] p1a: Zapdos\n|\n|upkeep\n|turn|109\n|\n|t:|1643178848\n|switch|p2a: Toxapex|Toxapex, M|90\/100 par\n|move|p1a: Zapdos|Heat Wave|p2a: Toxapex\n|-resisted|p2a: Toxapex\n|-damage|p2a: Toxapex|80\/100 par\n|\n|upkeep\n|turn|110\n|\n|t:|1643178858\n|move|p1a: Zapdos|Heat Wave|p2a: Toxapex\n|-resisted|p2a: Toxapex\n|-damage|p2a: Toxapex|70\/100 par\n|move|p2a: Toxapex|Recover|p2a: Toxapex\n|-heal|p2a: Toxapex|100\/100 par\n|\n|upkeep\n|turn|111\n|\n|t:|1643178862\n|switch|p2a: Landorus|Landorus-Therian, M|100\/100\n|-ability|p2a: Landorus|Intimidate|boost\n|-unboost|p1a: Zapdos|atk|1\n|move|p1a: Zapdos|Heat Wave|p2a: Landorus\n|-crit|p2a: Landorus\n|-damage|p2a: Landorus|71\/100\n|\n|-heal|p2a: Landorus|77\/100|[from] item: Leftovers\n|upkeep\n|turn|112\n|\n|t:|1643178869\n|switch|p1a: Toxapex|Toxapex, M|100\/100\n|move|p2a: Landorus|Toxic|p1a: Toxapex\n|-immune|p1a: Toxapex\n|\n|-heal|p2a: Landorus|83\/100|[from] item: Leftovers\n|upkeep\n|turn|113\n|\n|t:|1643178873\n|move|p2a: Landorus|Earthquake|p1a: Toxapex\n|-supereffective|p1a: Toxapex\n|-damage|p1a: Toxapex|39\/100\n|move|p1a: Toxapex|Toxic Spikes|p2a: Landorus\n|-sidestart|p2: Los Amigos|move: Toxic Spikes\n|\n|-heal|p2a: Landorus|89\/100|[from] item: Leftovers\n|upkeep\n|turn|114\n|\n|t:|1643178884\n|switch|p1a: Zapdos|Zapdos|70\/100\n|-ability|p1a: Zapdos|Pressure\n|move|p2a: Landorus|Earthquake|p1a: Zapdos\n|-immune|p1a: Zapdos\n|\n|-heal|p2a: Landorus|95\/100|[from] item: Leftovers\n|upkeep\n|turn|115\n|\n|t:|1643178896\n|switch|p1a: Clefable|Clefable, M|94\/100\n|switch|p2a: Zeraora|Zeraora|55\/100\n|\n|-heal|p1a: Clefable|99\/100|[from] item: Leftovers\n|upkeep\n|turn|116\n|\n|t:|1643178901\n|switch|p2a: Jirachi|Jirachi|32\/100 par\n|move|p1a: Clefable|Aromatherapy|p1a: Clefable\n|-activate|p1a: Clefable|move: Aromatherapy\n|-curestatus|p1: Quagsire|tox|[msg]\n|\n|-heal|p1a: Clefable|100\/100|[from] item: Leftovers\n|-heal|p2a: Jirachi|39\/100 par|[from] item: Leftovers\n|upkeep\n|turn|117\n|\n|t:|1643178915\n|switch|p1a: Quagsire|Quagsire, F|94\/100\n|move|p2a: Jirachi|Stealth Rock|p1a: Quagsire\n|-sidestart|p1: kokoukohiro|move: Stealth Rock\n|\n|-heal|p2a: Jirachi|45\/100 par|[from] item: Leftovers\n|upkeep\n|turn|118\n|\n|t:|1643178926\n|switch|p2a: Toxapex|Toxapex, M|100\/100 par\n|-sideend|p2: Los Amigos|move: Toxic Spikes|[of] p2a: Toxapex\n|move|p1a: Quagsire|Scald|p2a: Toxapex\n|-resisted|p2a: Toxapex\n|-damage|p2a: Toxapex|94\/100 par\n|\n|upkeep\n|turn|119\n|\n|t:|1643178940\n|switch|p2a: Tornadus|Tornadus-Therian, M|100\/100 tox\n|move|p1a: Quagsire|Earthquake|p2a: Tornadus\n|-immune|p2a: Tornadus\n|\n|-damage|p2a: Tornadus|94\/100 tox|[from] psn\n|upkeep\n|turn|120\n|\n|t:|1643178948\n|switch|p1a: Toxapex|Toxapex, M|73\/100\n|-damage|p1a: Toxapex|60\/100|[from] Stealth Rock\n|move|p2a: Tornadus|Toxic|p1a: Toxapex\n|-immune|p1a: Toxapex\n|\n|-damage|p2a: Tornadus|82\/100 tox|[from] psn\n|upkeep\n|turn|121\n|\n|t:|1643178953\n|move|p2a: Tornadus|U-turn|p1a: Toxapex\n|-resisted|p1a: Toxapex\n|-damage|p1a: Toxapex|55\/100\n|\n|t:|1643178955\n|switch|p2a: Toxapex|Toxapex, M|100\/100 par|[from]move: U-turn\n|move|p1a: Toxapex|Toxic Spikes|p2a: Toxapex\n|-sidestart|p2: Los Amigos|move: Toxic Spikes\n|\n|upkeep\n|turn|122\n|\n|t:|1643178961\n|switch|p1a: Zapdos|Zapdos|70\/100\n|-damage|p1a: Zapdos|45\/100|[from] Stealth Rock\n|-ability|p1a: Zapdos|Pressure\n|switch|p2a: Tornadus|Tornadus-Therian, M|100\/100 tox\n|\n|-damage|p2a: Tornadus|94\/100 tox|[from] psn\n|upkeep\n|turn|123\n|\n|t:|1643178965\n|move|p2a: Tornadus|Toxic|p1a: Zapdos\n|-status|p1a: Zapdos|tox\n|move|p1a: Zapdos|Roost|p1a: Zapdos\n|-heal|p1a: Zapdos|95\/100 tox\n|-singleturn|p1a: Zapdos|move: Roost\n|\n|-damage|p2a: Tornadus|82\/100 tox|[from] psn\n|-damage|p1a: Zapdos|89\/100 tox|[from] psn\n|upkeep\n|turn|124\n|\n|t:|1643178969\n|switch|p2a: Zeraora|Zeraora|55\/100\n|move|p1a: Zapdos|Defog|p2a: Zeraora\n|-unboost|p2a: Zeraora|evasion|1\n|-sideend|p2: Los Amigos|Toxic Spikes|[from] move: Defog|[of] p1a: Zapdos\n|-sideend|p1: kokoukohiro|Stealth Rock|[from] move: Defog|[of] p1a: Zapdos\n|\n|-damage|p1a: Zapdos|77\/100 tox|[from] psn\n|upkeep\n|turn|125\n|\n|t:|1643178976\n|switch|p2a: Jirachi|Jirachi|45\/100 par\n|switch|p1a: Quagsire|Quagsire, F|94\/100\n|\n|-heal|p2a: Jirachi|51\/100 par|[from] item: Leftovers\n|upkeep\n|turn|126\n|\n|t:|1643178985\n|switch|p2a: Tornadus|Tornadus-Therian, M|100\/100 tox\n|move|p1a: Quagsire|Earthquake|p2a: Tornadus\n|-immune|p2a: Tornadus\n|\n|-damage|p2a: Tornadus|94\/100 tox|[from] psn\n|upkeep\n|turn|127\n|\n|t:|1643178998\n|move|p2a: Tornadus|U-turn|p1a: Quagsire\n|-crit|p1a: Quagsire\n|-damage|p1a: Quagsire|79\/100\n|\n|t:|1643179002\n|switch|p2a: Toxapex|Toxapex, M|100\/100 par|[from]move: U-turn\n|move|p1a: Quagsire|Scald|p2a: Toxapex\n|-resisted|p2a: Toxapex\n|-crit|p2a: Toxapex\n|-damage|p2a: Toxapex|91\/100 par\n|\n|upkeep\n|turn|128\n|\n|t:|1643179007\n|switch|p2a: Tornadus|Tornadus-Therian, M|100\/100 tox\n|move|p1a: Quagsire|Scald|p2a: Tornadus\n|-damage|p2a: Tornadus|80\/100 tox\n|\n|-damage|p2a: Tornadus|74\/100 tox|[from] psn\n|upkeep\n|turn|129\n|\n|t:|1643179020\n|switch|p1a: Clefable|Clefable, M|100\/100\n|move|p2a: Tornadus|Toxic|p1a: Clefable\n|-status|p1a: Clefable|tox\n|\n|-damage|p2a: Tornadus|61\/100 tox|[from] psn\n|-damage|p1a: Clefable|94\/100 tox|[from] psn\n|upkeep\n|turn|130\n|\n|t:|1643179025\n|move|p2a: Tornadus|Knock Off|p1a: Clefable\n|-resisted|p1a: Clefable\n|-damage|p1a: Clefable|82\/100 tox\n|-enditem|p1a: Clefable|Leftovers|[from] move: Knock Off|[of] p2a: Tornadus\n|move|p1a: Clefable|Aromatherapy|p1a: Clefable\n|-activate|p1a: Clefable|move: Aromatherapy\n|-curestatus|p1a: Clefable|tox|[msg]\n|-curestatus|p1: Zapdos|tox|[msg]\n|\n|-damage|p2a: Tornadus|43\/100 tox|[from] psn\n|upkeep\n|turn|131\n|\n|t:|1643179027\n|move|p2a: Tornadus|U-turn|p1a: Clefable\n|-resisted|p1a: Clefable\n|-damage|p1a: Clefable|73\/100\n|\n|t:|1643179029\n|switch|p2a: Jirachi|Jirachi|51\/100 par|[from]move: U-turn\n|move|p1a: Clefable|Calm Mind|p1a: Clefable\n|-boost|p1a: Clefable|spa|1\n|-boost|p1a: Clefable|spd|1\n|\n|-heal|p2a: Jirachi|57\/100 par|[from] item: Leftovers\n|upkeep\n|turn|132\n|\n|t:|1643179035\n|move|p1a: Clefable|Calm Mind|p1a: Clefable\n|-boost|p1a: Clefable|spa|1\n|-boost|p1a: Clefable|spd|1\n|move|p2a: Jirachi|Stealth Rock|p1a: Clefable\n|-sidestart|p1: kokoukohiro|move: Stealth Rock\n|\n|-heal|p2a: Jirachi|63\/100 par|[from] item: Leftovers\n|upkeep\n|turn|133\n|\n|t:|1643179041\n|move|p1a: Clefable|Calm Mind|p1a: Clefable\n|-boost|p1a: Clefable|spa|1\n|-boost|p1a: Clefable|spd|1\n|move|p2a: Jirachi|Iron Head|p1a: Clefable\n|-supereffective|p1a: Clefable\n|-damage|p1a: Clefable|15\/100\n|\n|-heal|p2a: Jirachi|70\/100 par|[from] item: Leftovers\n|upkeep\n|turn|134\n|\n|t:|1643179045\n|move|p1a: Clefable|Soft-Boiled|p1a: Clefable\n|-heal|p1a: Clefable|65\/100\n|move|p2a: Jirachi|Iron Head|p1a: Clefable\n|-supereffective|p1a: Clefable\n|-damage|p1a: Clefable|8\/100\n|\n|-heal|p2a: Jirachi|76\/100 par|[from] item: Leftovers\n|upkeep\n|turn|135\n|\n|t:|1643179048\n|move|p1a: Clefable|Soft-Boiled|p1a: Clefable\n|-heal|p1a: Clefable|58\/100\n|move|p2a: Jirachi|Iron Head|p1a: Clefable\n|-supereffective|p1a: Clefable\n|-damage|p1a: Clefable|0 fnt\n|faint|p1a: Clefable\n|\n|-heal|p2a: Jirachi|82\/100 par|[from] item: Leftovers\n|upkeep\n|-message|kokoukohiro forfeited.\n|\n|win|Los Amigos\n|raw|kokoukohiro's rating: 1536 &rarr; <strong>1522<\/strong><br \/>(-14 for losing)\n|raw|Los Amigos's rating: 1650 &rarr; <strong>1664<\/strong><br \/>(+14 for winning)\n|l|\u2606kokoukohiro\n","uploadtime":1643179063,"views":23,"p1id":"kokoukohiro","p2id":"losamigos","formatid":"gen8ou","rating":1522,"private":0,"password":null}