{"id":"gen8ou-1374034161","p1":"RTSG tests","p2":"LT82ZW GLASS","format":"gen8ou","log":"|raw|<div class=\"broadcast-blue\"><strong>This battle is required to be public due to a player having a name starting with 'lt82zw'.<\/div>\n|j|\u2606RTSG tests\n|j|\u2606LT82ZW GLASS\n|t:|1625895553\n|gametype|singles\n|player|p1|RTSG tests|hilbert|1780\n|player|p2|LT82ZW GLASS|skier|1788\n|teamsize|p1|6\n|teamsize|p2|6\n|gen|8\n|tier|[Gen 8] OU\n|rated|\n|rule|Sleep Clause Mod: Limit one foe put to sleep\n|rule|Species Clause: Limit one of each Pok\u00e9mon\n|rule|OHKO Clause: OHKO moves are banned\n|rule|Evasion Moves Clause: Evasion moves are banned\n|rule|Endless Battle Clause: Forcing endless battles is banned\n|rule|HP Percentage Mod: HP is shown in percentages\n|rule|Dynamax Clause: You cannot dynamax\n|clearpoke\n|poke|p1|Tapu Koko|\n|poke|p1|Hawlucha, M|\n|poke|p1|Mew|\n|poke|p1|Kommo-o, M|\n|poke|p1|Aegislash, M|\n|poke|p1|Zeraora|\n|poke|p2|Slowking, M|\n|poke|p2|Zeraora|\n|poke|p2|Landorus-Therian, M|\n|poke|p2|Weavile, M|\n|poke|p2|Heatran, F|\n|poke|p2|Corviknight, F|\n|teampreview\n|j| lt82zw ez\n|inactive|Battle timer is ON: inactive players will automatically lose when time's up. (requested by RTSG tests)\n|\n|t:|1625895586\n|start\n|switch|p1a: Mew|Mew|100\/100\n|switch|p2a: Landorus|Landorus-Therian, M|100\/100\n|-ability|p2a: Landorus|Intimidate|boost\n|-unboost|p1a: Mew|atk|1\n|turn|1\n|\n|t:|1625895592\n|move|p1a: Mew|Ice Beam|p2a: Landorus\n|-supereffective|p2a: Landorus\n|-damage|p2a: Landorus|0 fnt\n|faint|p2a: Landorus\n|\n|upkeep\n|\n|t:|1625895598\n|switch|p2a: Weavile|Weavile, M|100\/100\n|-ability|p2a: Weavile|Pressure\n|turn|2\n|\n|t:|1625895602\n|move|p2a: Weavile|Swords Dance|p2a: Weavile\n|-boost|p2a: Weavile|atk|2\n|move|p1a: Mew|Stealth Rock|p2a: Weavile\n|-sidestart|p2: LT82ZW GLASS|move: Stealth Rock\n|\n|upkeep\n|turn|3\n|\n|t:|1625895609\n|move|p2a: Weavile|Knock Off|p1a: Mew\n|-supereffective|p1a: Mew\n|-enditem|p1a: Mew|Focus Sash\n|-damage|p1a: Mew|1\/100\n|move|p1a: Mew|Taunt|p2a: Weavile\n|-start|p2a: Weavile|move: Taunt\n|\n|upkeep\n|turn|4\n|\n|t:|1625895612\n|move|p2a: Weavile|Knock Off|p1a: Mew\n|-supereffective|p1a: Mew\n|-damage|p1a: Mew|0 fnt\n|faint|p1a: Mew\n|\n|upkeep\n|\n|t:|1625895622\n|switch|p1a: Tapu Koko|Tapu Koko|100\/100\n|-fieldstart|move: Electric Terrain|[from] ability: Electric Surge|[of] p1a: Tapu Koko\n|turn|5\n|\n|t:|1625895627\n|move|p1a: Tapu Koko|Reflect|p1a: Tapu Koko\n|-sidestart|p1: RTSG tests|Reflect\n|move|p2a: Weavile|Triple Axel|p1a: Tapu Koko\n|-damage|p1a: Tapu Koko|88\/100\n|-damage|p1a: Tapu Koko|68\/100\n|-damage|p1a: Tapu Koko|34\/100\n|-hitcount|p1a: Tapu Koko|3\n|\n|upkeep\n|turn|6\n|\n|t:|1625895636\n|move|p1a: Tapu Koko|U-turn|p2a: Weavile\n|-supereffective|p2a: Weavile\n|-damage|p2a: Weavile|34\/100\n|\n|t:|1625895643\n|switch|p1a: Zeraora|Zeraora|100\/100|[from]move: U-turn\n|move|p2a: Weavile|Knock Off|p1a: Zeraora\n|-damage|p1a: Zeraora|32\/100\n|-enditem|p1a: Zeraora|Weakness Policy|[from] move: Knock Off|[of] p2a: Weavile\n|\n|-end|p2a: Weavile|move: Taunt\n|upkeep\n|turn|7\n|\n|t:|1625895654\n|move|p2a: Weavile|Ice Shard|p1a: Zeraora\n|-damage|p1a: Zeraora|6\/100\n|move|p1a: Zeraora|Drain Punch|p2a: Weavile\n|-supereffective|p2a: Weavile\n|-damage|p2a: Weavile|0 fnt\n|-heal|p1a: Zeraora|21\/100|[from] drain|[of] p2a: Weavile\n|faint|p2a: Weavile\n|\n|upkeep\n|\n|t:|1625895661\n|switch|p2a: Zeraora|Zeraora|100\/100\n|turn|8\n|\n|t:|1625895665\n|move|p2a: Zeraora|Bulk Up|p2a: Zeraora\n|-boost|p2a: Zeraora|atk|1\n|-boost|p2a: Zeraora|def|1\n|move|p1a: Zeraora|Knock Off|p2a: Zeraora\n|-damage|p2a: Zeraora|75\/100\n|-enditem|p2a: Zeraora|Heavy-Duty Boots|[from] move: Knock Off|[of] p1a: Zeraora\n|\n|upkeep\n|turn|9\n|\n|t:|1625895674\n|move|p1a: Zeraora|Bulk Up|p1a: Zeraora\n|-boost|p1a: Zeraora|atk|1\n|-boost|p1a: Zeraora|def|1\n|move|p2a: Zeraora|Knock Off|p1a: Zeraora\n|-damage|p1a: Zeraora|7\/100\n|\n|-fieldend|move: Electric Terrain\n|upkeep\n|turn|10\n|\n|t:|1625895677\n|move|p1a: Zeraora|Drain Punch|p2a: Zeraora\n|-damage|p2a: Zeraora|43\/100\n|-heal|p1a: Zeraora|23\/100|[from] drain|[of] p2a: Zeraora\n|move|p2a: Zeraora|Knock Off|p1a: Zeraora\n|-damage|p1a: Zeraora|9\/100\n|\n|upkeep\n|turn|11\n|\n|t:|1625895682\n|move|p1a: Zeraora|Drain Punch|p2a: Zeraora\n|-damage|p2a: Zeraora|10\/100\n|-heal|p1a: Zeraora|25\/100|[from] drain|[of] p2a: Zeraora\n|move|p2a: Zeraora|Knock Off|p1a: Zeraora\n|-damage|p1a: Zeraora|12\/100\n|\n|upkeep\n|turn|12\n|c|\u2606LT82ZW GLASS|come on\n|\n|t:|1625895688\n|move|p2a: Zeraora|Knock Off|p1a: Zeraora\n|-damage|p1a: Zeraora|0 fnt\n|faint|p1a: Zeraora\n|\n|-sideend|p1: RTSG tests|Reflect\n|upkeep\n|\n|t:|1625895695\n|switch|p1a: Aegislash|Aegislash, M|100\/100\n|turn|13\n|j| awsome pro\n|\n|t:|1625895701\n|switch|p2a: Heatran|Heatran, F|100\/100\n|-damage|p2a: Heatran|88\/100|[from] Stealth Rock\n|move|p1a: Aegislash|Autotomize|p1a: Aegislash\n|-boost|p1a: Aegislash|spe|2\n|-start|p1a: Aegislash|Autotomize\n|\n|-heal|p2a: Heatran|94\/100|[from] item: Leftovers\n|upkeep\n|turn|14\n|\n|t:|1625895704\n|move|p1a: Aegislash|Autotomize|p1a: Aegislash\n|-boost|p1a: Aegislash|spe|2\n|move|p2a: Heatran|Magma Storm|p1a: Aegislash\n|-supereffective|p1a: Aegislash\n|-damage|p1a: Aegislash|3\/100\n|-activate|p1a: Aegislash|move: Magma Storm|[of] p2a: Heatran\n|-enditem|p1a: Aegislash|Weakness Policy\n|-boost|p1a: Aegislash|atk|2|[from] item: Weakness Policy\n|-boost|p1a: Aegislash|spa|2|[from] item: Weakness Policy\n|\n|-heal|p2a: Heatran|100\/100|[from] item: Leftovers\n|-damage|p1a: Aegislash|0 fnt|[from] move: Magma Storm|[partiallytrapped]\n|faint|p1a: Aegislash\n|upkeep\n|\n|t:|1625895711\n|switch|p1a: Tapu Koko|Tapu Koko|34\/100\n|-fieldstart|move: Electric Terrain|[from] ability: Electric Surge|[of] p1a: Tapu Koko\n|turn|15\n|\n|t:|1625895716\n|move|p1a: Tapu Koko|Light Screen|p1a: Tapu Koko\n|-sidestart|p1: RTSG tests|move: Light Screen\n|move|p2a: Heatran|Stealth Rock|p1a: Tapu Koko\n|-sidestart|p1: RTSG tests|move: Stealth Rock\n|\n|upkeep\n|turn|16\n|\n|t:|1625895719\n|move|p1a: Tapu Koko|Taunt|p2a: Heatran\n|-start|p2a: Heatran|move: Taunt\n|cant|p2a: Heatran|move: Taunt|Taunt\n|\n|upkeep\n|turn|17\n|\n|t:|1625895723\n|switch|p2a: Slowking|Slowking, M|100\/100\n|move|p1a: Tapu Koko|U-turn|p2a: Slowking\n|-supereffective|p2a: Slowking\n|-damage|p2a: Slowking|71\/100\n|\n|t:|1625895728\n|switch|p1a: Hawlucha|Hawlucha, M|100\/100|[from]move: U-turn\n|-damage|p1a: Hawlucha|88\/100|[from] Stealth Rock\n|-enditem|p1a: Hawlucha|Electric Seed\n|-boost|p1a: Hawlucha|def|1|[from] item: Electric Seed\n|\n|upkeep\n|turn|18\n|\n|t:|1625895731\n|move|p1a: Hawlucha|Swords Dance|p1a: Hawlucha\n|-boost|p1a: Hawlucha|atk|2\n|move|p2a: Slowking|Future Sight|p1a: Hawlucha\n|-start|p2a: Slowking|move: Future Sight\n|\n|upkeep\n|turn|19\n|\n|t:|1625895734\n|switch|p2a: Corviknight|Corviknight, F|100\/100\n|-damage|p2a: Corviknight|88\/100|[from] Stealth Rock\n|-ability|p2a: Corviknight|Pressure\n|move|p1a: Hawlucha|Acrobatics|p2a: Corviknight\n|-resisted|p2a: Corviknight\n|-damage|p2a: Corviknight|61\/100\n|-damage|p1a: Hawlucha|71\/100|[from] item: Rocky Helmet|[of] p2a: Corviknight\n|\n|-fieldend|move: Electric Terrain\n|upkeep\n|turn|20\n|\n|t:|1625895739\n|move|p1a: Hawlucha|Close Combat|p2a: Corviknight\n|-damage|p2a: Corviknight|0 fnt\n|-unboost|p1a: Hawlucha|def|1\n|-unboost|p1a: Hawlucha|spd|1\n|-damage|p1a: Hawlucha|55\/100|[from] item: Rocky Helmet|[of] p2a: Corviknight\n|faint|p2a: Corviknight\n|\n|-end|p1a: Hawlucha|move: Future Sight\n|-supereffective|p1a: Hawlucha\n|-damage|p1a: Hawlucha|0 fnt\n|faint|p1a: Hawlucha\n|upkeep\n|\n|t:|1625895743\n|switch|p1a: Kommo-o|Kommo-o, M|100\/100\n|switch|p2a: Slowking|Slowking, M|100\/100\n|-damage|p1a: Kommo-o|94\/100|[from] Stealth Rock\n|turn|21\n|\n|t:|1625895746\n|move|p1a: Kommo-o|Substitute|p1a: Kommo-o\n|-start|p1a: Kommo-o|Substitute\n|-damage|p1a: Kommo-o|69\/100\n|move|p2a: Slowking|Future Sight|p1a: Kommo-o\n|-start|p2a: Slowking|move: Future Sight\n|\n|upkeep\n|turn|22\n|\n|t:|1625895750\n|move|p1a: Kommo-o|Belly Drum|p1a: Kommo-o\n|-damage|p1a: Kommo-o|19\/100\n|-setboost|p1a: Kommo-o|atk|6|[from] move: Belly Drum\n|-enditem|p1a: Kommo-o|Salac Berry|[eat]\n|-boost|p1a: Kommo-o|spe|1|[from] item: Salac Berry\n|move|p2a: Slowking|Scald|p1a: Kommo-o\n|-resisted|p1a: Kommo-o\n|-activate|p1a: Kommo-o|move: Substitute|[damage]\n|\n|-sideend|p1: RTSG tests|move: Light Screen\n|upkeep\n|turn|23\n|\n|t:|1625895755\n|move|p1a: Kommo-o|Drain Punch|p2a: Slowking\n|-resisted|p2a: Slowking\n|-damage|p2a: Slowking|46\/100\n|-heal|p1a: Kommo-o|54\/100|[from] drain|[of] p2a: Slowking\n|move|p2a: Slowking|Scald|p1a: Kommo-o\n|-resisted|p1a: Kommo-o\n|-activate|p1a: Kommo-o|move: Substitute|[damage]\n|\n|-end|p1a: Kommo-o|move: Future Sight\n|-supereffective|p1a: Kommo-o\n|-end|p1a: Kommo-o|Substitute\n|upkeep\n|turn|24\n|\n|t:|1625895765\n|switch|p2a: Zeraora|Zeraora|10\/100\n|-damage|p2a: Zeraora|0 fnt|[from] Stealth Rock\n|faint|p2a: Zeraora\n|move|p1a: Kommo-o|Drain Punch|p2: Zeraora|[notarget]\n|-fail|p1a: Kommo-o\n|\n|upkeep\n|\n|t:|1625895767\n|switch|p2a: Slowking|Slowking, M|80\/100\n|turn|25\n|\n|t:|1625895772\n|move|p1a: Kommo-o|Drain Punch|p2a: Slowking\n|-resisted|p2a: Slowking\n|-damage|p2a: Slowking|22\/100\n|-heal|p1a: Kommo-o|92\/100|[from] drain|[of] p2a: Slowking\n|move|p2a: Slowking|Future Sight|p1a: Kommo-o\n|-start|p2a: Slowking|move: Future Sight\n|\n|upkeep\n|turn|26\n|\n|t:|1625895777\n|switch|p2a: Heatran|Heatran, F|100\/100\n|-damage|p2a: Heatran|88\/100|[from] Stealth Rock\n|move|p1a: Kommo-o|Substitute|p1a: Kommo-o\n|-start|p1a: Kommo-o|Substitute\n|-damage|p1a: Kommo-o|67\/100\n|\n|-heal|p2a: Heatran|94\/100|[from] item: Leftovers\n|upkeep\n|turn|27\n|-message|LT82ZW GLASS forfeited.\n|\n|win|RTSG tests\n|raw|RTSG tests's rating: 1780 &rarr; <strong>1800<\/strong><br \/>(+20 for winning)\n|raw|LT82ZW GLASS's rating: 1788 &rarr; <strong>1768<\/strong><br \/>(-20 for losing)\n|l|\u2606LT82ZW GLASS\n|j| LT82ZW laugh\n|j| nReu\n|j| kisian\n|j| 7sz\n|l| kisian\n|l| lt82zw ez\n|l| LT82ZW laugh\n|l| 7sz\n","uploadtime":1625895831,"views":171,"p1id":"rtsgtests","p2id":"lt82zwglass","formatid":"gen8ou","rating":1768,"private":0,"password":null}