{"id":"gen8ubers-1586249172","p1":"AsterJ","p2":"ULT4PDR Murder","format":"gen8ubers","log":"|raw|<div class=\"broadcast-blue\"><strong>This battle is required to be public due to a player having a name starting with 'ult4pdr'.<\/div>\n|j|\u2606AsterJ\n|j|\u2606ULT4PDR Murder\n|t:|1653969736\n|gametype|singles\n|player|p1|AsterJ|acetrainerf-gen4|1525\n|player|p2|ULT4PDR Murder|rocketgrunt|1296\n|teamsize|p1|6\n|teamsize|p2|6\n|gen|8\n|tier|[Gen 8] Ubers\n|rated|\n|rule|Sleep Clause Mod: Limit one foe put to sleep\n|rule|Species Clause: Limit one of each Pok\u00e9mon\n|rule|OHKO Clause: OHKO moves are banned\n|rule|Evasion Moves Clause: Evasion moves are banned\n|rule|Endless Battle Clause: Forcing endless battles is banned\n|rule|HP Percentage Mod: HP is shown in percentages\n|rule|Dynamax Clause: You cannot dynamax\n|clearpoke\n|poke|p1|Lunala|\n|poke|p1|Yveltal|\n|poke|p1|Xerneas-*|\n|poke|p1|Necrozma-Dusk-Mane|\n|poke|p1|Eternatus|\n|poke|p1|Calyrex-Shadow|\n|poke|p2|Zygarde|\n|poke|p2|Ferrothorn, F|\n|poke|p2|Eternatus|\n|poke|p2|Yveltal|\n|poke|p2|Necrozma-Dusk-Mane|\n|poke|p2|Xerneas-*|\n|teampreview\n|\n|t:|1653969752\n|start\n|switch|p1a: Necrozma|Necrozma-Dusk-Mane|100\/100\n|switch|p2a: Yveltal|Yveltal|100\/100\n|-ability|p2a: Yveltal|Dark Aura\n|turn|1\n|\n|t:|1653969762\n|switch|p1a: Xerneas|Xerneas|100\/100\n|-ability|p1a: Xerneas|Fairy Aura\n|move|p2a: Yveltal|Knock Off|p1a: Xerneas\n|-resisted|p1a: Xerneas\n|-damage|p1a: Xerneas|85\/100\n|-enditem|p1a: Xerneas|Heavy-Duty Boots|[from] move: Knock Off|[of] p2a: Yveltal\n|\n|upkeep\n|turn|2\n|\n|t:|1653969770\n|switch|p2a: Ferrothorn|Ferrothorn, F|100\/100\n|move|p1a: Xerneas|Moonblast|p2a: Ferrothorn\n|-resisted|p2a: Ferrothorn\n|-damage|p2a: Ferrothorn|78\/100\n|-unboost|p2a: Ferrothorn|spa|1\n|\n|-heal|p2a: Ferrothorn|84\/100|[from] item: Leftovers\n|upkeep\n|turn|3\n|\n|t:|1653969777\n|move|p1a: Xerneas|Moonblast|p2a: Ferrothorn\n|-resisted|p2a: Ferrothorn\n|-damage|p2a: Ferrothorn|60\/100\n|-unboost|p2a: Ferrothorn|spa|1\n|move|p2a: Ferrothorn|Leech Seed|p1a: Xerneas\n|-start|p1a: Xerneas|move: Leech Seed\n|\n|-heal|p2a: Ferrothorn|67\/100|[from] item: Leftovers\n|-damage|p1a: Xerneas|73\/100|[from] Leech Seed|[of] p2a: Ferrothorn\n|-heal|p2a: Ferrothorn|83\/100|[silent]\n|upkeep\n|turn|4\n|\n|t:|1653969789\n|switch|p1a: Yveltal|Yveltal|100\/100\n|-ability|p1a: Yveltal|Dark Aura\n|move|p2a: Ferrothorn|Spikes|p1a: Yveltal\n|-sidestart|p1: AsterJ|Spikes\n|\n|-heal|p2a: Ferrothorn|89\/100|[from] item: Leftovers\n|upkeep\n|turn|5\n|\n|t:|1653969798\n|switch|p2a: Xerneas|Xerneas|100\/100\n|-ability|p2a: Xerneas|Fairy Aura\n|move|p1a: Yveltal|Knock Off|p2a: Xerneas\n|-resisted|p2a: Xerneas\n|-damage|p2a: Xerneas|81\/100\n|-enditem|p2a: Xerneas|Choice Scarf|[from] move: Knock Off|[of] p1a: Yveltal\n|\n|upkeep\n|turn|6\n|\n|t:|1653969804\n|switch|p1a: Necrozma|Necrozma-Dusk-Mane|100\/100\n|-damage|p1a: Necrozma|88\/100|[from] Spikes\n|move|p2a: Xerneas|Moonblast|p1a: Necrozma\n|-resisted|p1a: Necrozma\n|-damage|p1a: Necrozma|72\/100\n|\n|-heal|p1a: Necrozma|78\/100|[from] item: Leftovers\n|upkeep\n|turn|7\n|\n|t:|1653969812\n|switch|p2a: Ferrothorn|Ferrothorn, F|89\/100\n|move|p1a: Necrozma|Stealth Rock|p2a: Ferrothorn\n|-sidestart|p2: ULT4PDR Murder|move: Stealth Rock\n|\n|-heal|p1a: Necrozma|84\/100|[from] item: Leftovers\n|-heal|p2a: Ferrothorn|95\/100|[from] item: Leftovers\n|upkeep\n|turn|8\n|\n|t:|1653969817\n|switch|p1a: Eternatus|Eternatus|100\/100\n|-damage|p1a: Eternatus|88\/100|[from] Spikes\n|-ability|p1a: Eternatus|Pressure\n|move|p2a: Ferrothorn|Leech Seed|p1a: Eternatus\n|-start|p1a: Eternatus|move: Leech Seed\n|\n|-heal|p2a: Ferrothorn|100\/100|[from] item: Leftovers\n|-damage|p1a: Eternatus|76\/100|[from] Leech Seed|[of] p2a: Ferrothorn\n|upkeep\n|turn|9\n|\n|t:|1653969826\n|switch|p1a: Lunala|Lunala|100\/100\n|switch|p2a: Necrozma|Necrozma-Dusk-Mane|100\/100\n|-damage|p2a: Necrozma|94\/100|[from] Stealth Rock\n|\n|upkeep\n|turn|10\n|\n|t:|1653969832\n|switch|p2a: Yveltal|Yveltal|100\/100\n|-ability|p2a: Yveltal|Dark Aura\n|move|p1a: Lunala|Will-O-Wisp|p2a: Yveltal\n|-status|p2a: Yveltal|brn\n|\n|-damage|p2a: Yveltal|94\/100 brn|[from] brn\n|upkeep\n|turn|11\n|\n|t:|1653969840\n|switch|p1a: Xerneas|Xerneas|73\/100\n|-damage|p1a: Xerneas|60\/100|[from] Spikes\n|-ability|p1a: Xerneas|Fairy Aura\n|move|p2a: Yveltal|Knock Off|p1a: Xerneas\n|-resisted|p1a: Xerneas\n|-damage|p1a: Xerneas|55\/100\n|\n|-damage|p2a: Yveltal|88\/100 brn|[from] brn\n|upkeep\n|turn|12\n|\n|t:|1653969848\n|switch|p2a: Ferrothorn|Ferrothorn, F|100\/100\n|-damage|p2a: Ferrothorn|94\/100|[from] Stealth Rock\n|move|p1a: Xerneas|Moonblast|p2a: Ferrothorn\n|-resisted|p2a: Ferrothorn\n|-damage|p2a: Ferrothorn|71\/100\n|\n|-heal|p2a: Ferrothorn|77\/100|[from] item: Leftovers\n|upkeep\n|turn|13\n|\n|t:|1653969855\n|move|p1a: Xerneas|Moonblast|p2a: Ferrothorn\n|-resisted|p2a: Ferrothorn\n|-damage|p2a: Ferrothorn|54\/100\n|move|p2a: Ferrothorn|Spikes|p1a: Xerneas\n|-sidestart|p1: AsterJ|Spikes\n|\n|-heal|p2a: Ferrothorn|60\/100|[from] item: Leftovers\n|upkeep\n|turn|14\n|\n|t:|1653969869\n|switch|p1a: Eternatus|Eternatus|76\/100\n|-damage|p1a: Eternatus|59\/100|[from] Spikes\n|-ability|p1a: Eternatus|Pressure\n|move|p2a: Ferrothorn|Leech Seed|p1a: Eternatus|[miss]\n|-miss|p2a: Ferrothorn|p1a: Eternatus\n|\n|-heal|p2a: Ferrothorn|66\/100|[from] item: Leftovers\n|upkeep\n|turn|15\n|\n|t:|1653969876\n|switch|p2a: Necrozma|Necrozma-Dusk-Mane|94\/100\n|-damage|p2a: Necrozma|88\/100|[from] Stealth Rock\n|move|p1a: Eternatus|Recover|p1a: Eternatus\n|-heal|p1a: Eternatus|100\/100\n|\n|upkeep\n|turn|16\n|\n|t:|1653969880\n|switch|p1a: Yveltal|Yveltal|100\/100\n|-ability|p1a: Yveltal|Dark Aura\n|move|p2a: Necrozma|Thunder Wave|p1a: Yveltal|[miss]\n|-miss|p2a: Necrozma|p1a: Yveltal\n|\n|upkeep\n|turn|17\n|\n|t:|1653969886\n|switch|p2a: Xerneas|Xerneas|81\/100\n|-damage|p2a: Xerneas|68\/100|[from] Stealth Rock\n|-ability|p2a: Xerneas|Fairy Aura\n|move|p1a: Yveltal|U-turn|p2a: Xerneas\n|-resisted|p2a: Xerneas\n|-damage|p2a: Xerneas|62\/100\n|\n|t:|1653969891\n|switch|p1a: Necrozma|Necrozma-Dusk-Mane|84\/100|[from]move: U-turn\n|-damage|p1a: Necrozma|68\/100|[from] Spikes\n|\n|-heal|p1a: Necrozma|74\/100|[from] item: Leftovers\n|upkeep\n|turn|18\n|\n|t:|1653969897\n|switch|p2a: Ferrothorn|Ferrothorn, F|66\/100\n|-damage|p2a: Ferrothorn|60\/100|[from] Stealth Rock\n|move|p1a: Necrozma|Thunder Wave|p2a: Ferrothorn\n|-status|p2a: Ferrothorn|par\n|\n|-heal|p1a: Necrozma|80\/100|[from] item: Leftovers\n|-heal|p2a: Ferrothorn|66\/100 par|[from] item: Leftovers\n|upkeep\n|turn|19\n|\n|t:|1653969904\n|switch|p1a: Eternatus|Eternatus|100\/100\n|-damage|p1a: Eternatus|84\/100|[from] Spikes\n|-ability|p1a: Eternatus|Pressure\n|move|p2a: Ferrothorn|Leech Seed|p1a: Eternatus\n|-start|p1a: Eternatus|move: Leech Seed\n|\n|-heal|p2a: Ferrothorn|73\/100 par|[from] item: Leftovers\n|-damage|p1a: Eternatus|72\/100|[from] Leech Seed|[of] p2a: Ferrothorn\n|-heal|p2a: Ferrothorn|87\/100 par|[silent]\n|upkeep\n|turn|20\n|\n|t:|1653969920\n|switch|p1a: Yveltal|Yveltal|100\/100\n|-ability|p1a: Yveltal|Dark Aura\n|switch|p2a: Eternatus|Eternatus|100\/100\n|-ability|p2a: Eternatus|Pressure\n|\n|upkeep\n|turn|21\n|\n|t:|1653969936\n|switch|p2a: Xerneas|Xerneas|62\/100\n|-damage|p2a: Xerneas|49\/100|[from] Stealth Rock\n|-ability|p2a: Xerneas|Fairy Aura\n|move|p1a: Yveltal|U-turn|p2a: Xerneas\n|-resisted|p2a: Xerneas\n|-damage|p2a: Xerneas|42\/100\n|\n|t:|1653969939\n|switch|p1a: Necrozma|Necrozma-Dusk-Mane|80\/100|[from]move: U-turn\n|-damage|p1a: Necrozma|63\/100|[from] Spikes\n|\n|-heal|p1a: Necrozma|69\/100|[from] item: Leftovers\n|upkeep\n|turn|22\n|\n|t:|1653969952\n|switch|p2a: Zygarde|Zygarde|100\/100\n|-damage|p2a: Zygarde|94\/100|[from] Stealth Rock\n|move|p1a: Necrozma|Morning Sun|p1a: Necrozma\n|-heal|p1a: Necrozma|100\/100\n|\n|-heal|p2a: Zygarde|100\/100|[from] item: Leftovers\n|upkeep\n|turn|23\n|\n|t:|1653969959\n|switch|p1a: Lunala|Lunala|100\/100\n|move|p2a: Zygarde|Thousand Arrows|p1a: Lunala\n|-damage|p1a: Lunala|87\/100\n|\n|upkeep\n|turn|24\n|\n|t:|1653969971\n|switch|p2a: Eternatus|Eternatus|100\/100\n|-ability|p2a: Eternatus|Pressure\n|move|p1a: Lunala|Roost|p1a: Lunala\n|-heal|p1a: Lunala|100\/100\n|-singleturn|p1a: Lunala|move: Roost\n|\n|upkeep\n|turn|25\n|\n|t:|1653969977\n|move|p2a: Eternatus|Cosmic Power|p2a: Eternatus\n|-boost|p2a: Eternatus|def|1\n|-boost|p2a: Eternatus|spd|1\n|move|p1a: Lunala|Will-O-Wisp|p2a: Eternatus|[miss]\n|-miss|p1a: Lunala|p2a: Eternatus\n|\n|upkeep\n|turn|26\n|\n|t:|1653969985\n|move|p2a: Eternatus|Cosmic Power|p2a: Eternatus\n|-boost|p2a: Eternatus|def|1\n|-boost|p2a: Eternatus|spd|1\n|move|p1a: Lunala|Will-O-Wisp|p2a: Eternatus\n|-status|p2a: Eternatus|brn\n|\n|-damage|p2a: Eternatus|94\/100 brn|[from] brn\n|upkeep\n|turn|27\n|\n|t:|1653969993\n|switch|p1a: Calyrex|Calyrex-Shadow|100\/100\n|-ability|p1a: Calyrex|As One\n|-ability|p1a: Calyrex|Unnerve\n|-damage|p1a: Calyrex|84\/100|[from] Spikes\n|move|p2a: Eternatus|Dragon Pulse|p1a: Calyrex\n|-damage|p1a: Calyrex|46\/100\n|\n|-damage|p2a: Eternatus|88\/100 brn|[from] brn\n|upkeep\n|turn|28\n|\n|t:|1653969999\n|switch|p2a: Yveltal|Yveltal|88\/100 brn\n|-ability|p2a: Yveltal|Dark Aura\n|move|p1a: Calyrex|Trick|p2a: Yveltal\n|-activate|p1a: Calyrex|move: Trick|[of] p2a: Yveltal\n|-item|p2a: Yveltal|Choice Scarf|[from] move: Trick\n|-item|p1a: Calyrex|Heavy-Duty Boots|[from] move: Trick\n|\n|-damage|p2a: Yveltal|82\/100 brn|[from] brn\n|upkeep\n|turn|29\n|\n|t:|1653970014\n|switch|p1a: Xerneas|Xerneas|55\/100\n|-damage|p1a: Xerneas|38\/100|[from] Spikes\n|-ability|p1a: Xerneas|Fairy Aura\n|switch|p2a: Ferrothorn|Ferrothorn, F|87\/100 par\n|-damage|p2a: Ferrothorn|81\/100 par|[from] Stealth Rock\n|\n|-heal|p2a: Ferrothorn|87\/100 par|[from] item: Leftovers\n|upkeep\n|turn|30\n|\n|t:|1653970020\n|move|p1a: Xerneas|Rest|p1a: Xerneas\n|-status|p1a: Xerneas|slp|[from] move: Rest\n|-heal|p1a: Xerneas|100\/100 slp|[silent]\n|move|p2a: Ferrothorn|Spikes|p1a: Xerneas\n|-sidestart|p1: AsterJ|Spikes\n|\n|-heal|p2a: Ferrothorn|94\/100 par|[from] item: Leftovers\n|upkeep\n|turn|31\n|\n|t:|1653970032\n|switch|p1a: Yveltal|Yveltal|100\/100\n|-ability|p1a: Yveltal|Dark Aura\n|switch|p2a: Xerneas|Xerneas|42\/100\n|-damage|p2a: Xerneas|29\/100|[from] Stealth Rock\n|-ability|p2a: Xerneas|Fairy Aura\n|\n|upkeep\n|turn|32\n|\n|t:|1653970038\n|switch|p1a: Necrozma|Necrozma-Dusk-Mane|100\/100\n|-damage|p1a: Necrozma|76\/100|[from] Spikes\n|move|p2a: Xerneas|Rest|p2a: Xerneas\n|-status|p2a: Xerneas|slp|[from] move: Rest\n|-heal|p2a: Xerneas|100\/100 slp|[silent]\n|\n|-heal|p1a: Necrozma|82\/100|[from] item: Leftovers\n|upkeep\n|turn|33\n|\n|t:|1653970043\n|switch|p1a: Yveltal|Yveltal|100\/100\n|-ability|p1a: Yveltal|Dark Aura\n|cant|p2a: Xerneas|slp\n|move|p2a: Xerneas|Sleep Talk|p2a: Xerneas\n|move|p2a: Xerneas|Aromatherapy|p2a: Xerneas|[from]move: Sleep Talk\n|-activate|p2a: Xerneas|move: Aromatherapy\n|-curestatus|p2a: Xerneas|slp|[msg]\n|-curestatus|p2: Yveltal|brn|[msg]\n|-curestatus|p2: Ferrothorn|par|[msg]\n|-curestatus|p2: Eternatus|brn|[msg]\n|\n|upkeep\n|turn|34\n|\n|t:|1653970053\n|switch|p2a: Zygarde|Zygarde|100\/100\n|-damage|p2a: Zygarde|94\/100|[from] Stealth Rock\n|switch|p1a: Necrozma|Necrozma-Dusk-Mane|82\/100\n|-damage|p1a: Necrozma|57\/100|[from] Spikes\n|\n|-heal|p2a: Zygarde|100\/100|[from] item: Leftovers\n|-heal|p1a: Necrozma|63\/100|[from] item: Leftovers\n|upkeep\n|turn|35\n|\n|t:|1653970063\n|switch|p1a: Lunala|Lunala|100\/100\n|move|p2a: Zygarde|Dragon Tail|p1a: Lunala\n|-damage|p1a: Lunala|91\/100\n|drag|p1a: Calyrex|Calyrex-Shadow|46\/100\n|-ability|p1a: Calyrex|As One\n|-ability|p1a: Calyrex|Unnerve\n|\n|upkeep\n|turn|36\n|\n|t:|1653970071\n|move|p1a: Calyrex|Astral Barrage|p2a: Zygarde\n|-damage|p2a: Zygarde|36\/100\n|move|p2a: Zygarde|Dragon Tail|p1a: Calyrex\n|-damage|p1a: Calyrex|21\/100\n|drag|p1a: Lunala|Lunala|91\/100\n|\n|-heal|p2a: Zygarde|42\/100|[from] item: Leftovers\n|-activate|p2a: Zygarde|ability: Power Construct\n|detailschange|p2a: Zygarde|Zygarde-Complete\n|-heal|p2a: Zygarde|63\/100|[silent]\n|upkeep\n|turn|37\n|\n|t:|1653970084\n|switch|p2a: Eternatus|Eternatus|88\/100\n|-ability|p2a: Eternatus|Pressure\n|move|p1a: Lunala|Ice Beam|p2a: Eternatus\n|-supereffective|p2a: Eternatus\n|-damage|p2a: Eternatus|38\/100\n|\n|upkeep\n|turn|38\n|\n|t:|1653970091\n|move|p2a: Eternatus|Recover|p2a: Eternatus\n|-heal|p2a: Eternatus|88\/100\n|move|p1a: Lunala|Ice Beam|p2a: Eternatus\n|-supereffective|p2a: Eternatus\n|-damage|p2a: Eternatus|38\/100\n|\n|upkeep\n|turn|39\n|\n|t:|1653970096\n|move|p2a: Eternatus|Recover|p2a: Eternatus\n|-heal|p2a: Eternatus|88\/100\n|move|p1a: Lunala|Will-O-Wisp|p2a: Eternatus\n|-status|p2a: Eternatus|brn\n|\n|-damage|p2a: Eternatus|82\/100 brn|[from] brn\n|upkeep\n|turn|40\n|\n|t:|1653970106\n|move|p2a: Eternatus|Dragon Pulse|p1a: Lunala\n|-damage|p1a: Lunala|61\/100\n|move|p1a: Lunala|Roost|p1a: Lunala\n|-heal|p1a: Lunala|100\/100\n|-singleturn|p1a: Lunala|move: Roost\n|\n|-damage|p2a: Eternatus|76\/100 brn|[from] brn\n|upkeep\n|turn|41\n|\n|t:|1653970111\n|switch|p2a: Xerneas|Xerneas|100\/100\n|-damage|p2a: Xerneas|88\/100|[from] Stealth Rock\n|-ability|p2a: Xerneas|Fairy Aura\n|move|p1a: Lunala|Hex|p2a: Xerneas\n|-damage|p2a: Xerneas|60\/100\n|\n|upkeep\n|turn|42\n|\n|t:|1653970121\n|switch|p1a: Necrozma|Necrozma-Dusk-Mane|63\/100\n|-damage|p1a: Necrozma|38\/100|[from] Spikes\n|move|p2a: Xerneas|Moonblast|p1a: Necrozma\n|-resisted|p1a: Necrozma\n|-damage|p1a: Necrozma|19\/100\n|\n|-heal|p1a: Necrozma|25\/100|[from] item: Leftovers\n|upkeep\n|turn|43\n|\n|t:|1653970125\n|move|p2a: Xerneas|Moonblast|p1a: Necrozma\n|-resisted|p1a: Necrozma\n|-damage|p1a: Necrozma|9\/100\n|move|p1a: Necrozma|Morning Sun|p1a: Necrozma\n|-heal|p1a: Necrozma|59\/100\n|\n|-heal|p1a: Necrozma|65\/100|[from] item: Leftovers\n|upkeep\n|turn|44\n|\n|t:|1653970131\n|switch|p2a: Zygarde|Zygarde-Complete|63\/100\n|-damage|p2a: Zygarde|56\/100|[from] Stealth Rock\n|move|p1a: Necrozma|Morning Sun|p1a: Necrozma\n|-heal|p1a: Necrozma|100\/100\n|\n|-heal|p2a: Zygarde|63\/100|[from] item: Leftovers\n|upkeep\n|turn|45\n|\n|t:|1653970140\n|move|p1a: Necrozma|Iron Head|p2a: Zygarde\n|-crit|p2a: Zygarde\n|-damage|p2a: Zygarde|39\/100\n|cant|p2a: Zygarde|flinch\n|\n|-heal|p2a: Zygarde|46\/100|[from] item: Leftovers\n|upkeep\n|turn|46\n|\n|t:|1653970147\n|move|p2a: Zygarde|Rest|p2a: Zygarde\n|-status|p2a: Zygarde|slp|[from] move: Rest\n|-heal|p2a: Zygarde|100\/100 slp|[silent]\n|move|p1a: Necrozma|Iron Head|p2a: Zygarde\n|-damage|p2a: Zygarde|87\/100 slp\n|\n|-heal|p2a: Zygarde|94\/100 slp|[from] item: Leftovers\n|upkeep\n|turn|47\n|\n|t:|1653970155\n|switch|p2a: Eternatus|Eternatus|76\/100 brn\n|-ability|p2a: Eternatus|Pressure\n|switch|p1a: Yveltal|Yveltal|100\/100\n|-ability|p1a: Yveltal|Dark Aura\n|\n|-damage|p2a: Eternatus|70\/100 brn|[from] brn\n|upkeep\n|turn|48\n|\n|t:|1653970162\n|move|p2a: Eternatus|Dragon Pulse|p1a: Yveltal\n|-damage|p1a: Yveltal|77\/100\n|move|p1a: Yveltal|Defog|p2a: Eternatus\n|-unboost|p2a: Eternatus|evasion|1\n|-sideend|p2: ULT4PDR Murder|Stealth Rock|[from] move: Defog|[of] p1a: Yveltal\n|-sideend|p1: AsterJ|Spikes|[from] move: Defog|[of] p1a: Yveltal\n|\n|-damage|p2a: Eternatus|64\/100 brn|[from] brn\n|upkeep\n|turn|49\n|\n|t:|1653970172\n|move|p2a: Eternatus|Cosmic Power|p2a: Eternatus\n|-boost|p2a: Eternatus|def|1\n|-boost|p2a: Eternatus|spd|1\n|move|p1a: Yveltal|U-turn|p2a: Eternatus\n|-resisted|p2a: Eternatus\n|-damage|p2a: Eternatus|59\/100 brn\n|\n|t:|1653970180\n|switch|p1a: Calyrex|Calyrex-Shadow|21\/100|[from]move: U-turn\n|-ability|p1a: Calyrex|As One\n|-ability|p1a: Calyrex|Unnerve\n|\n|-damage|p2a: Eternatus|53\/100 brn|[from] brn\n|upkeep\n|turn|50\n|\n|t:|1653970187\n|switch|p1a: Xerneas|Xerneas|100\/100 slp\n|-ability|p1a: Xerneas|Fairy Aura\n|switch|p2a: Yveltal|Yveltal|82\/100\n|-ability|p2a: Yveltal|Dark Aura\n|\n|upkeep\n|turn|51\n|\n|t:|1653970195\n|switch|p2a: Ferrothorn|Ferrothorn, F|94\/100\n|cant|p1a: Xerneas|slp\n|move|p1a: Xerneas|Sleep Talk|p1a: Xerneas\n|move|p1a: Xerneas|Moonblast|p2a: Ferrothorn|[from]move: Sleep Talk\n|-resisted|p2a: Ferrothorn\n|-damage|p2a: Ferrothorn|71\/100\n|\n|-heal|p2a: Ferrothorn|77\/100|[from] item: Leftovers\n|upkeep\n|turn|52\n|\n|t:|1653970208\n|switch|p1a: Eternatus|Eternatus|72\/100\n|-ability|p1a: Eternatus|Pressure\n|move|p2a: Ferrothorn|Spikes|p1a: Eternatus\n|-sidestart|p1: AsterJ|Spikes\n|\n|-heal|p2a: Ferrothorn|83\/100|[from] item: Leftovers\n|upkeep\n|turn|53\n|\n|t:|1653970220\n|switch|p2a: Xerneas|Xerneas|60\/100\n|-ability|p2a: Xerneas|Fairy Aura\n|move|p1a: Eternatus|Flamethrower|p2a: Xerneas\n|-damage|p2a: Xerneas|27\/100\n|\n|upkeep\n|turn|54\n|\n|t:|1653970233\n|switch|p2a: Zygarde|Zygarde-Complete|94\/100 slp\n|move|p1a: Eternatus|Flamethrower|p2a: Zygarde\n|-resisted|p2a: Zygarde\n|-damage|p2a: Zygarde|82\/100 slp\n|\n|-heal|p2a: Zygarde|89\/100 slp|[from] item: Leftovers\n|upkeep\n|turn|55\n|\n|t:|1653970240\n|switch|p2a: Necrozma|Necrozma-Dusk-Mane|88\/100\n|move|p1a: Eternatus|Dynamax Cannon|p2a: Necrozma\n|-resisted|p2a: Necrozma\n|-damage|p2a: Necrozma|71\/100\n|\n|upkeep\n|turn|56\n|\n|t:|1653970247\n|move|p1a: Eternatus|Flamethrower|p2a: Necrozma\n|-supereffective|p2a: Necrozma\n|-damage|p2a: Necrozma|37\/100\n|move|p2a: Necrozma|Thunder Wave|p1a: Eternatus\n|-status|p1a: Eternatus|par\n|\n|upkeep\n|turn|57\n|\n|t:|1653970255\n|switch|p1a: Lunala|Lunala|100\/100\n|move|p2a: Necrozma|Morning Sun|p2a: Necrozma\n|-heal|p2a: Necrozma|87\/100\n|\n|upkeep\n|turn|58\n|\n|t:|1653970263\n|move|p1a: Lunala|Will-O-Wisp|p2a: Necrozma\n|-status|p2a: Necrozma|brn\n|move|p2a: Necrozma|Thunder Wave|p1a: Lunala\n|-status|p1a: Lunala|par\n|\n|-damage|p2a: Necrozma|81\/100 brn|[from] brn\n|upkeep\n|turn|59\n|\n|t:|1653970271\n|switch|p2a: Yveltal|Yveltal|82\/100\n|-ability|p2a: Yveltal|Dark Aura\n|switch|p1a: Xerneas|Xerneas|100\/100 slp\n|-damage|p1a: Xerneas|88\/100 slp|[from] Spikes\n|-ability|p1a: Xerneas|Fairy Aura\n|\n|upkeep\n|turn|60\n|\n|t:|1653970282\n|switch|p2a: Ferrothorn|Ferrothorn, F|83\/100\n|cant|p1a: Xerneas|slp\n|move|p1a: Xerneas|Sleep Talk|p1a: Xerneas\n|move|p1a: Xerneas|Aromatherapy|p1a: Xerneas|[from]move: Sleep Talk\n|-activate|p1a: Xerneas|move: Aromatherapy\n|-curestatus|p1a: Xerneas|slp|[msg]\n|-curestatus|p1: Lunala|par|[msg]\n|-curestatus|p1: Eternatus|par|[msg]\n|\n|-heal|p2a: Ferrothorn|90\/100|[from] item: Leftovers\n|upkeep\n|turn|61\n|\n|t:|1653970291\n|switch|p1a: Eternatus|Eternatus|72\/100\n|-damage|p1a: Eternatus|59\/100|[from] Spikes\n|-ability|p1a: Eternatus|Pressure\n|move|p2a: Ferrothorn|Toxic|p1a: Eternatus\n|-immune|p1a: Eternatus\n|\n|-heal|p2a: Ferrothorn|96\/100|[from] item: Leftovers\n|upkeep\n|turn|62\n|\n|t:|1653970301\n|move|p1a: Eternatus|Recover|p1a: Eternatus\n|-heal|p1a: Eternatus|100\/100\n|move|p2a: Ferrothorn|Spikes|p1a: Eternatus\n|-sidestart|p1: AsterJ|Spikes\n|\n|-heal|p2a: Ferrothorn|100\/100|[from] item: Leftovers\n|upkeep\n|turn|63\n|\n|t:|1653970309\n|switch|p2a: Yveltal|Yveltal|82\/100\n|-ability|p2a: Yveltal|Dark Aura\n|move|p1a: Eternatus|Flamethrower|p2a: Yveltal\n|-damage|p2a: Yveltal|61\/100\n|\n|upkeep\n|turn|64\n|\n|t:|1653970315\n|switch|p1a: Xerneas|Xerneas|88\/100\n|-damage|p1a: Xerneas|72\/100|[from] Spikes\n|-ability|p1a: Xerneas|Fairy Aura\n|move|p2a: Yveltal|Knock Off|p1a: Xerneas\n|-resisted|p1a: Xerneas\n|-damage|p1a: Xerneas|62\/100\n|\n|upkeep\n|turn|65\n|\n|t:|1653970320\n|switch|p2a: Ferrothorn|Ferrothorn, F|100\/100\n|switch|p1a: Eternatus|Eternatus|100\/100\n|-damage|p1a: Eternatus|84\/100|[from] Spikes\n|-ability|p1a: Eternatus|Pressure\n|\n|upkeep\n|turn|66\n|\n|t:|1653970328\n|switch|p2a: Yveltal|Yveltal|61\/100\n|-ability|p2a: Yveltal|Dark Aura\n|move|p1a: Eternatus|Flamethrower|p2a: Yveltal\n|-damage|p2a: Yveltal|36\/100\n|\n|upkeep\n|turn|67\n|j| Bryceyy\n|\n|t:|1653970335\n|switch|p1a: Xerneas|Xerneas|62\/100\n|-damage|p1a: Xerneas|45\/100|[from] Spikes\n|-ability|p1a: Xerneas|Fairy Aura\n|move|p2a: Yveltal|Roost|p2a: Yveltal\n|-heal|p2a: Yveltal|86\/100\n|-singleturn|p2a: Yveltal|move: Roost\n|\n|upkeep\n|turn|68\n|\n|t:|1653970339\n|switch|p2a: Ferrothorn|Ferrothorn, F|100\/100\n|move|p1a: Xerneas|Rest|p1a: Xerneas\n|-status|p1a: Xerneas|slp|[from] move: Rest\n|-heal|p1a: Xerneas|100\/100 slp|[silent]\n|\n|upkeep\n|turn|69\n|\n|t:|1653970344\n|switch|p1a: Yveltal|Yveltal|77\/100\n|-ability|p1a: Yveltal|Dark Aura\n|switch|p2a: Eternatus|Eternatus|53\/100 brn\n|-ability|p2a: Eternatus|Pressure\n|\n|-damage|p2a: Eternatus|47\/100 brn|[from] brn\n|upkeep\n|turn|70\n|\n|t:|1653970349\n|move|p2a: Eternatus|Recover|p2a: Eternatus\n|-heal|p2a: Eternatus|97\/100 brn\n|move|p1a: Yveltal|Defog|p2a: Eternatus\n|-unboost|p2a: Eternatus|evasion|1\n|-sideend|p1: AsterJ|Spikes|[from] move: Defog|[of] p1a: Yveltal\n|\n|-damage|p2a: Eternatus|91\/100 brn|[from] brn\n|upkeep\n|turn|71\n|\n|t:|1653970361\n|switch|p2a: Yveltal|Yveltal|86\/100\n|-ability|p2a: Yveltal|Dark Aura\n|move|p1a: Yveltal|Knock Off|p2a: Yveltal\n|-resisted|p2a: Yveltal\n|-damage|p2a: Yveltal|65\/100\n|-enditem|p2a: Yveltal|Choice Scarf|[from] move: Knock Off|[of] p1a: Yveltal\n|\n|upkeep\n|turn|72\n|\n|t:|1653970369\n|move|p2a: Yveltal|Roost|p2a: Yveltal\n|-heal|p2a: Yveltal|100\/100\n|-singleturn|p2a: Yveltal|move: Roost\n|move|p1a: Yveltal|U-turn|p2a: Yveltal\n|-supereffective|p2a: Yveltal\n|-damage|p2a: Yveltal|69\/100\n|\n|t:|1653970377\n|switch|p1a: Eternatus|Eternatus|84\/100|[from]move: U-turn\n|-ability|p1a: Eternatus|Pressure\n|\n|upkeep\n|turn|73\n|\n|t:|1653970385\n|move|p1a: Eternatus|Meteor Beam||[still]\n|-prepare|p1a: Eternatus|Meteor Beam\n|-boost|p1a: Eternatus|spa|1\n|-enditem|p1a: Eternatus|Power Herb\n|-anim|p1a: Eternatus|Meteor Beam|p2a: Yveltal\n|-supereffective|p2a: Yveltal\n|-damage|p2a: Yveltal|0 fnt\n|faint|p2a: Yveltal\n|\n|upkeep\n|\n|t:|1653970395\n|switch|p2a: Necrozma|Necrozma-Dusk-Mane|81\/100 brn\n|turn|74\n|\n|t:|1653970398\n|move|p1a: Eternatus|Flamethrower|p2a: Necrozma\n|-supereffective|p2a: Necrozma\n|-damage|p2a: Necrozma|30\/100 brn\n|move|p2a: Necrozma|Thunder Wave|p1a: Eternatus\n|-status|p1a: Eternatus|par\n|\n|-damage|p2a: Necrozma|24\/100 brn|[from] brn\n|upkeep\n|turn|75\n|\n|t:|1653970404\n|move|p2a: Necrozma|Morning Sun|p2a: Necrozma\n|-heal|p2a: Necrozma|74\/100 brn\n|cant|p1a: Eternatus|par\n|\n|-damage|p2a: Necrozma|68\/100 brn|[from] brn\n|upkeep\n|turn|76\n|\n|t:|1653970409\n|move|p2a: Necrozma|Iron Head|p1a: Eternatus\n|-damage|p1a: Eternatus|68\/100 par\n|cant|p1a: Eternatus|flinch\n|\n|-damage|p2a: Necrozma|62\/100 brn|[from] brn\n|upkeep\n|turn|77\n|\n|t:|1653970413\n|move|p2a: Necrozma|Iron Head|p1a: Eternatus\n|-damage|p1a: Eternatus|52\/100 par\n|cant|p1a: Eternatus|flinch\n|\n|-damage|p2a: Necrozma|56\/100 brn|[from] brn\n|upkeep\n|turn|78\n|\n|t:|1653970418\n|move|p2a: Necrozma|Iron Head|p1a: Eternatus\n|-damage|p1a: Eternatus|35\/100 par\n|move|p1a: Eternatus|Recover|p1a: Eternatus\n|-heal|p1a: Eternatus|85\/100 par\n|\n|-damage|p2a: Necrozma|50\/100 brn|[from] brn\n|upkeep\n|turn|79\n|\n|t:|1653970422\n|move|p2a: Necrozma|Iron Head|p1a: Eternatus\n|-damage|p1a: Eternatus|68\/100 par\n|cant|p1a: Eternatus|flinch\n|\n|-damage|p2a: Necrozma|44\/100 brn|[from] brn\n|upkeep\n|turn|80\n|\n|t:|1653970426\n|move|p2a: Necrozma|Iron Head|p1a: Eternatus\n|-damage|p1a: Eternatus|51\/100 par\n|cant|p1a: Eternatus|par\n|\n|-damage|p2a: Necrozma|38\/100 brn|[from] brn\n|upkeep\n|turn|81\n|\n|t:|1653970431\n|switch|p2a: Xerneas|Xerneas|27\/100\n|-ability|p2a: Xerneas|Fairy Aura\n|move|p1a: Eternatus|Recover|p1a: Eternatus\n|-heal|p1a: Eternatus|100\/100 par\n|\n|upkeep\n|turn|82\n|\n|t:|1653970436\n|move|p2a: Xerneas|Rest|p2a: Xerneas\n|-status|p2a: Xerneas|slp|[from] move: Rest\n|-heal|p2a: Xerneas|100\/100 slp|[silent]\n|move|p1a: Eternatus|Flamethrower|p2a: Xerneas\n|-damage|p2a: Xerneas|52\/100 slp\n|\n|upkeep\n|turn|83\n|\n|t:|1653970441\n|cant|p2a: Xerneas|slp\n|move|p2a: Xerneas|Sleep Talk|p2a: Xerneas\n|move|p2a: Xerneas|Rest||[from]move: Sleep Talk|[still]\n|-fail|p2a: Xerneas\n|move|p1a: Eternatus|Meteor Beam||[still]\n|-prepare|p1a: Eternatus|Meteor Beam\n|-boost|p1a: Eternatus|spa|1\n|\n|upkeep\n|turn|84\n|\n|t:|1653970449\n|cant|p2a: Xerneas|slp\n|move|p2a: Xerneas|Sleep Talk|p2a: Xerneas\n|move|p2a: Xerneas|Moonblast|p1a: Eternatus|[from]move: Sleep Talk\n|-damage|p1a: Eternatus|53\/100 par\n|cant|p1a: Eternatus|par\n|\n|upkeep\n|turn|85\n|\n|t:|1653970457\n|-curestatus|p2a: Xerneas|slp|[msg]\n|move|p2a: Xerneas|Moonblast|p1a: Eternatus\n|-damage|p1a: Eternatus|4\/100 par\n|move|p1a: Eternatus|Flamethrower|p2a: Xerneas\n|-damage|p2a: Xerneas|0 fnt\n|faint|p2a: Xerneas\n|\n|upkeep\n|\n|t:|1653970466\n|switch|p2a: Eternatus|Eternatus|91\/100 brn\n|-ability|p2a: Eternatus|Pressure\n|turn|86\n|\n|t:|1653970475\n|switch|p1a: Necrozma|Necrozma-Dusk-Mane|100\/100\n|move|p2a: Eternatus|Dragon Pulse|p1a: Necrozma\n|-resisted|p1a: Necrozma\n|-damage|p1a: Necrozma|88\/100\n|\n|-heal|p1a: Necrozma|94\/100|[from] item: Leftovers\n|-damage|p2a: Eternatus|84\/100 brn|[from] brn\n|upkeep\n|turn|87\n|\n|t:|1653970479\n|move|p2a: Eternatus|Cosmic Power|p2a: Eternatus\n|-boost|p2a: Eternatus|def|1\n|-boost|p2a: Eternatus|spd|1\n|move|p1a: Necrozma|Stealth Rock|p2a: Eternatus\n|-sidestart|p2: ULT4PDR Murder|move: Stealth Rock\n|\n|-heal|p1a: Necrozma|99\/100|[from] item: Leftovers\n|-damage|p2a: Eternatus|78\/100 brn|[from] brn\n|upkeep\n|turn|88\n|\n|t:|1653970492\n|switch|p1a: Yveltal|Yveltal|77\/100\n|-ability|p1a: Yveltal|Dark Aura\n|move|p2a: Eternatus|Meteor Beam||[still]\n|-prepare|p2a: Eternatus|Meteor Beam\n|-boost|p2a: Eternatus|spa|1\n|\n|-damage|p2a: Eternatus|72\/100 brn|[from] brn\n|upkeep\n|turn|89\n|\n|t:|1653970502\n|switch|p1a: Necrozma|Necrozma-Dusk-Mane|99\/100\n|move|p2a: Eternatus|Meteor Beam|p1a: Necrozma|[from]lockedmove\n|-resisted|p1a: Necrozma\n|-damage|p1a: Necrozma|81\/100\n|\n|-heal|p1a: Necrozma|87\/100|[from] item: Leftovers\n|-damage|p2a: Eternatus|66\/100 brn|[from] brn\n|upkeep\n|turn|90\n|\n|t:|1653970511\n|switch|p1a: Calyrex|Calyrex-Shadow|21\/100\n|-ability|p1a: Calyrex|As One\n|-ability|p1a: Calyrex|Unnerve\n|move|p2a: Eternatus|Cosmic Power|p2a: Eternatus\n|-boost|p2a: Eternatus|def|1\n|-boost|p2a: Eternatus|spd|1\n|\n|-damage|p2a: Eternatus|60\/100 brn|[from] brn\n|upkeep\n|turn|91\n|\n|t:|1653970519\n|move|p1a: Calyrex|Psyshock|p2a: Eternatus\n|-supereffective|p2a: Eternatus\n|-damage|p2a: Eternatus|25\/100 brn\n|move|p2a: Eternatus|Dragon Pulse|p1a: Calyrex\n|-damage|p1a: Calyrex|0 fnt\n|faint|p1a: Calyrex\n|\n|-damage|p2a: Eternatus|19\/100 brn|[from] brn\n|upkeep\n|\n|t:|1653970528\n|switch|p1a: Lunala|Lunala|100\/100\n|turn|92\n|\n|t:|1653970534\n|move|p2a: Eternatus|Recover|p2a: Eternatus\n|-heal|p2a: Eternatus|69\/100 brn\n|move|p1a: Lunala|Ice Beam|p2a: Eternatus\n|-supereffective|p2a: Eternatus\n|-damage|p2a: Eternatus|44\/100 brn\n|\n|-damage|p2a: Eternatus|38\/100 brn|[from] brn\n|upkeep\n|turn|93\n|\n|t:|1653970539\n|move|p2a: Eternatus|Recover|p2a: Eternatus\n|-heal|p2a: Eternatus|88\/100 brn\n|move|p1a: Lunala|Hex|p2a: Eternatus\n|-damage|p2a: Eternatus|63\/100 brn\n|\n|-damage|p2a: Eternatus|57\/100 brn|[from] brn\n|upkeep\n|turn|94\n|\n|t:|1653970544\n|move|p2a: Eternatus|Cosmic Power|p2a: Eternatus\n|-boost|p2a: Eternatus|def|1\n|-boost|p2a: Eternatus|spd|1\n|move|p1a: Lunala|Ice Beam|p2a: Eternatus\n|-supereffective|p2a: Eternatus\n|-damage|p2a: Eternatus|38\/100 brn\n|\n|-damage|p2a: Eternatus|32\/100 brn|[from] brn\n|upkeep\n|turn|95\n|\n|t:|1653970549\n|move|p2a: Eternatus|Recover|p2a: Eternatus\n|-heal|p2a: Eternatus|82\/100 brn\n|move|p1a: Lunala|Ice Beam|p2a: Eternatus\n|-supereffective|p2a: Eternatus\n|-damage|p2a: Eternatus|64\/100 brn\n|\n|-damage|p2a: Eternatus|58\/100 brn|[from] brn\n|upkeep\n|turn|96\n|\n|t:|1653970554\n|move|p2a: Eternatus|Cosmic Power|p2a: Eternatus\n|-boost|p2a: Eternatus|def|1\n|-boost|p2a: Eternatus|spd|1\n|move|p1a: Lunala|Ice Beam|p2a: Eternatus\n|-supereffective|p2a: Eternatus\n|-damage|p2a: Eternatus|43\/100 brn\n|\n|-damage|p2a: Eternatus|37\/100 brn|[from] brn\n|upkeep\n|turn|97\n|\n|t:|1653970562\n|move|p2a: Eternatus|Recover|p2a: Eternatus\n|-heal|p2a: Eternatus|87\/100 brn\n|move|p1a: Lunala|Ice Beam|p2a: Eternatus\n|-supereffective|p2a: Eternatus\n|-damage|p2a: Eternatus|70\/100 brn\n|\n|-damage|p2a: Eternatus|64\/100 brn|[from] brn\n|upkeep\n|turn|98\n|\n|t:|1653970568\n|move|p2a: Eternatus|Meteor Beam||[still]\n|-prepare|p2a: Eternatus|Meteor Beam\n|-boost|p2a: Eternatus|spa|1\n|move|p1a: Lunala|Ice Beam|p2a: Eternatus\n|-supereffective|p2a: Eternatus\n|-damage|p2a: Eternatus|48\/100 brn\n|\n|-damage|p2a: Eternatus|42\/100 brn|[from] brn\n|upkeep\n|turn|99\n|\n|t:|1653970574\n|move|p2a: Eternatus|Meteor Beam|p1a: Lunala|[from]lockedmove\n|-damage|p1a: Lunala|71\/100\n|move|p1a: Lunala|Hex|p2a: Eternatus\n|-damage|p2a: Eternatus|24\/100 brn\n|\n|-damage|p2a: Eternatus|18\/100 brn|[from] brn\n|upkeep\n|turn|100\n|\n|t:|1653970582\n|move|p2a: Eternatus|Recover|p2a: Eternatus\n|-heal|p2a: Eternatus|68\/100 brn\n|move|p1a: Lunala|Roost|p1a: Lunala\n|-heal|p1a: Lunala|100\/100\n|-singleturn|p1a: Lunala|move: Roost\n|\n|-damage|p2a: Eternatus|62\/100 brn|[from] brn\n|upkeep\n|turn|101\n|\n|t:|1653970591\n|move|p2a: Eternatus|Cosmic Power|p2a: Eternatus\n|-boost|p2a: Eternatus|def|1\n|-boost|p2a: Eternatus|spd|1\n|move|p1a: Lunala|Hex|p2a: Eternatus\n|-damage|p2a: Eternatus|48\/100 brn\n|\n|-damage|p2a: Eternatus|41\/100 brn|[from] brn\n|upkeep\n|turn|102\n|\n|t:|1653970599\n|move|p2a: Eternatus|Cosmic Power|p2a: Eternatus\n|-boost|p2a: Eternatus|def|1\n|-boost|p2a: Eternatus|spd|1\n|move|p1a: Lunala|Hex|p2a: Eternatus\n|-damage|p2a: Eternatus|29\/100 brn\n|\n|-damage|p2a: Eternatus|23\/100 brn|[from] brn\n|upkeep\n|turn|103\n|\n|t:|1653970606\n|move|p2a: Eternatus|Recover|p2a: Eternatus\n|-heal|p2a: Eternatus|73\/100 brn\n|move|p1a: Lunala|Hex|p2a: Eternatus\n|-damage|p2a: Eternatus|59\/100 brn\n|\n|-damage|p2a: Eternatus|53\/100 brn|[from] brn\n|upkeep\n|turn|104\n|\n|t:|1653970610\n|move|p2a: Eternatus|Meteor Beam||[still]\n|-prepare|p2a: Eternatus|Meteor Beam\n|-boost|p2a: Eternatus|spa|1\n|move|p1a: Lunala|Hex|p2a: Eternatus\n|-damage|p2a: Eternatus|40\/100 brn\n|\n|-damage|p2a: Eternatus|33\/100 brn|[from] brn\n|upkeep\n|turn|105\n|\n|t:|1653970616\n|move|p2a: Eternatus|Meteor Beam|p1a: Lunala|[from]lockedmove\n|-damage|p1a: Lunala|64\/100\n|move|p1a: Lunala|Roost|p1a: Lunala\n|-heal|p1a: Lunala|100\/100\n|-singleturn|p1a: Lunala|move: Roost\n|\n|-damage|p2a: Eternatus|27\/100 brn|[from] brn\n|upkeep\n|turn|106\n|\n|t:|1653970621\n|move|p2a: Eternatus|Recover|p2a: Eternatus\n|-heal|p2a: Eternatus|77\/100 brn\n|move|p1a: Lunala|Hex|p2a: Eternatus\n|-damage|p2a: Eternatus|65\/100 brn\n|\n|-damage|p2a: Eternatus|59\/100 brn|[from] brn\n|upkeep\n|turn|107\n|\n|t:|1653970626\n|move|p2a: Eternatus|Recover|p2a: Eternatus\n|-heal|p2a: Eternatus|100\/100 brn\n|move|p1a: Lunala|Hex|p2a: Eternatus\n|-damage|p2a: Eternatus|86\/100 brn\n|\n|-damage|p2a: Eternatus|80\/100 brn|[from] brn\n|upkeep\n|turn|108\n|\n|t:|1653970630\n|switch|p1a: Necrozma|Necrozma-Dusk-Mane|87\/100\n|move|p2a: Eternatus|Dragon Pulse|p1a: Necrozma\n|-resisted|p1a: Necrozma\n|-damage|p1a: Necrozma|57\/100\n|\n|-heal|p1a: Necrozma|63\/100|[from] item: Leftovers\n|-damage|p2a: Eternatus|74\/100 brn|[from] brn\n|upkeep\n|turn|109\n|\n|t:|1653970637\n|move|p2a: Eternatus|Dragon Pulse|p1a: Necrozma\n|-resisted|p1a: Necrozma\n|-damage|p1a: Necrozma|29\/100\n|move|p1a: Necrozma|Morning Sun|p1a: Necrozma\n|-heal|p1a: Necrozma|79\/100\n|\n|-heal|p1a: Necrozma|85\/100|[from] item: Leftovers\n|-damage|p2a: Eternatus|68\/100 brn|[from] brn\n|upkeep\n|turn|110\n|\n|t:|1653970643\n|switch|p1a: Xerneas|Xerneas|100\/100 slp\n|-ability|p1a: Xerneas|Fairy Aura\n|move|p2a: Eternatus|Dragon Pulse|p1a: Xerneas\n|-immune|p1a: Xerneas\n|\n|-damage|p2a: Eternatus|62\/100 brn|[from] brn\n|upkeep\n|turn|111\n|\n|t:|1653970654\n|switch|p1a: Necrozma|Necrozma-Dusk-Mane|85\/100\n|move|p2a: Eternatus|Meteor Beam||[still]\n|-prepare|p2a: Eternatus|Meteor Beam\n|-boost|p2a: Eternatus|spa|1\n|\n|-heal|p1a: Necrozma|91\/100|[from] item: Leftovers\n|-damage|p2a: Eternatus|56\/100 brn|[from] brn\n|upkeep\n|turn|112\n|\n|t:|1653970659\n|move|p2a: Eternatus|Meteor Beam|p1a: Necrozma|[from]lockedmove\n|-resisted|p1a: Necrozma\n|-crit|p1a: Necrozma\n|-damage|p1a: Necrozma|33\/100\n|move|p1a: Necrozma|Morning Sun|p1a: Necrozma\n|-heal|p1a: Necrozma|83\/100\n|\n|-heal|p1a: Necrozma|89\/100|[from] item: Leftovers\n|-damage|p2a: Eternatus|50\/100 brn|[from] brn\n|upkeep\n|turn|113\n|\n|t:|1653970668\n|switch|p1a: Xerneas|Xerneas|100\/100 slp\n|-ability|p1a: Xerneas|Fairy Aura\n|move|p2a: Eternatus|Meteor Beam||[still]\n|-prepare|p2a: Eternatus|Meteor Beam\n|-boost|p2a: Eternatus|spa|1\n|\n|-damage|p2a: Eternatus|43\/100 brn|[from] brn\n|upkeep\n|turn|114\n|inactive|Battle timer is ON: inactive players will automatically lose when time's up. (requested by ULT4PDR Murder)\n|\n|t:|1653970677\n|switch|p1a: Necrozma|Necrozma-Dusk-Mane|89\/100\n|move|p2a: Eternatus|Meteor Beam|p1a: Necrozma|[from]lockedmove\n|-resisted|p1a: Necrozma\n|-damage|p1a: Necrozma|50\/100\n|\n|-heal|p1a: Necrozma|56\/100|[from] item: Leftovers\n|-damage|p2a: Eternatus|37\/100 brn|[from] brn\n|upkeep\n|turn|115\n|\n|t:|1653970684\n|move|p2a: Eternatus|Dragon Pulse|p1a: Necrozma\n|-resisted|p1a: Necrozma\n|-damage|p1a: Necrozma|13\/100\n|move|p1a: Necrozma|Morning Sun|p1a: Necrozma\n|-heal|p1a: Necrozma|63\/100\n|\n|-heal|p1a: Necrozma|69\/100|[from] item: Leftovers\n|-damage|p2a: Eternatus|31\/100 brn|[from] brn\n|upkeep\n|turn|116\n|\n|t:|1653970689\n|switch|p1a: Xerneas|Xerneas|100\/100 slp\n|-ability|p1a: Xerneas|Fairy Aura\n|move|p2a: Eternatus|Recover|p2a: Eternatus\n|-heal|p2a: Eternatus|81\/100 brn\n|\n|-damage|p2a: Eternatus|75\/100 brn|[from] brn\n|upkeep\n|turn|117\n|\n|t:|1653970700\n|switch|p1a: Necrozma|Necrozma-Dusk-Mane|69\/100\n|move|p2a: Eternatus|Meteor Beam||[still]\n|-prepare|p2a: Eternatus|Meteor Beam\n|-boost|p2a: Eternatus|spa|1\n|\n|-heal|p1a: Necrozma|75\/100|[from] item: Leftovers\n|-damage|p2a: Eternatus|69\/100 brn|[from] brn\n|upkeep\n|turn|118\n|\n|t:|1653970702\n|move|p2a: Eternatus|Meteor Beam|p1a: Necrozma|[from]lockedmove\n|-resisted|p1a: Necrozma\n|-damage|p1a: Necrozma|24\/100\n|move|p1a: Necrozma|Morning Sun|p1a: Necrozma\n|-heal|p1a: Necrozma|74\/100\n|\n|-heal|p1a: Necrozma|80\/100|[from] item: Leftovers\n|-damage|p2a: Eternatus|63\/100 brn|[from] brn\n|upkeep\n|turn|119\n|l| Bryceyy\n|\n|t:|1653970712\n|switch|p1a: Xerneas|Xerneas|100\/100 slp\n|-ability|p1a: Xerneas|Fairy Aura\n|move|p2a: Eternatus|Recover|p2a: Eternatus\n|-heal|p2a: Eternatus|100\/100 brn\n|\n|-damage|p2a: Eternatus|94\/100 brn|[from] brn\n|upkeep\n|turn|120\n|\n|t:|1653970721\n|move|p2a: Eternatus|Meteor Beam||[still]\n|-prepare|p2a: Eternatus|Meteor Beam\n|-boost|p2a: Eternatus|spa|0\n|cant|p1a: Xerneas|slp\n|move|p1a: Xerneas|Sleep Talk|p1a: Xerneas\n|move|p1a: Xerneas|Rest||[from]move: Sleep Talk|[still]\n|-fail|p1a: Xerneas\n|\n|-damage|p2a: Eternatus|88\/100 brn|[from] brn\n|upkeep\n|turn|121\n|\n|t:|1653970736\n|switch|p1a: Yveltal|Yveltal|77\/100\n|-ability|p1a: Yveltal|Dark Aura\n|move|p2a: Eternatus|Meteor Beam|p1a: Yveltal|[from]lockedmove\n|-supereffective|p1a: Yveltal\n|-damage|p1a: Yveltal|0 fnt\n|faint|p1a: Yveltal\n|\n|-damage|p2a: Eternatus|82\/100 brn|[from] brn\n|upkeep\n|\n|t:|1653970741\n|switch|p1a: Xerneas|Xerneas|100\/100 slp\n|-ability|p1a: Xerneas|Fairy Aura\n|turn|122\n|\n|t:|1653970744\n|move|p2a: Eternatus|Meteor Beam||[still]\n|-prepare|p2a: Eternatus|Meteor Beam\n|-boost|p2a: Eternatus|spa|0\n|cant|p1a: Xerneas|slp\n|move|p1a: Xerneas|Sleep Talk|p1a: Xerneas\n|move|p1a: Xerneas|Rest||[from]move: Sleep Talk|[still]\n|-fail|p1a: Xerneas\n|\n|-damage|p2a: Eternatus|76\/100 brn|[from] brn\n|upkeep\n|turn|123\n|\n|t:|1653970758\n|switch|p1a: Eternatus|Eternatus|4\/100 par\n|-ability|p1a: Eternatus|Pressure\n|move|p2a: Eternatus|Meteor Beam|p1a: Eternatus|[from]lockedmove\n|-damage|p1a: Eternatus|0 fnt\n|faint|p1a: Eternatus\n|\n|-damage|p2a: Eternatus|70\/100 brn|[from] brn\n|upkeep\n|\n|t:|1653970766\n|switch|p1a: Xerneas|Xerneas|100\/100 slp\n|-ability|p1a: Xerneas|Fairy Aura\n|turn|124\n|\n|t:|1653970772\n|switch|p1a: Lunala|Lunala|100\/100\n|move|p2a: Eternatus|Meteor Beam||[still]\n|-prepare|p2a: Eternatus|Meteor Beam\n|-boost|p2a: Eternatus|spa|0\n|\n|-damage|p2a: Eternatus|64\/100 brn|[from] brn\n|upkeep\n|turn|125\n|\n|t:|1653970776\n|move|p2a: Eternatus|Meteor Beam|p1a: Lunala|[from]lockedmove\n|-damage|p1a: Lunala|37\/100\n|move|p1a: Lunala|Roost|p1a: Lunala\n|-heal|p1a: Lunala|87\/100\n|-singleturn|p1a: Lunala|move: Roost\n|\n|-damage|p2a: Eternatus|57\/100 brn|[from] brn\n|upkeep\n|turn|126\n|\n|t:|1653970781\n|switch|p1a: Xerneas|Xerneas|100\/100 slp\n|-ability|p1a: Xerneas|Fairy Aura\n|move|p2a: Eternatus|Dragon Pulse|p1a: Xerneas\n|-immune|p1a: Xerneas\n|\n|-damage|p2a: Eternatus|51\/100 brn|[from] brn\n|upkeep\n|turn|127\n|\n|t:|1653970787\n|move|p2a: Eternatus|Meteor Beam||[still]\n|-prepare|p2a: Eternatus|Meteor Beam\n|-boost|p2a: Eternatus|spa|0\n|-curestatus|p1a: Xerneas|slp|[msg]\n|move|p1a: Xerneas|Moonblast|p2a: Eternatus\n|-damage|p2a: Eternatus|41\/100 brn\n|\n|-damage|p2a: Eternatus|35\/100 brn|[from] brn\n|upkeep\n|turn|128\n|\n|t:|1653970806\n|switch|p1a: Necrozma|Necrozma-Dusk-Mane|80\/100\n|move|p2a: Eternatus|Meteor Beam|p1a: Necrozma|[from]lockedmove\n|-resisted|p1a: Necrozma\n|-damage|p1a: Necrozma|29\/100\n|\n|-heal|p1a: Necrozma|35\/100|[from] item: Leftovers\n|-damage|p2a: Eternatus|29\/100 brn|[from] brn\n|upkeep\n|turn|129\n|\n|t:|1653970817\n|move|p2a: Eternatus|Recover|p2a: Eternatus\n|-heal|p2a: Eternatus|79\/100 brn\n|move|p1a: Necrozma|Morning Sun|p1a: Necrozma\n|-heal|p1a: Necrozma|85\/100\n|\n|-heal|p1a: Necrozma|91\/100|[from] item: Leftovers\n|-damage|p2a: Eternatus|72\/100 brn|[from] brn\n|upkeep\n|turn|130\n|\n|t:|1653970831\n|move|p2a: Eternatus|Meteor Beam||[still]\n|-prepare|p2a: Eternatus|Meteor Beam\n|-boost|p2a: Eternatus|spa|0\n|move|p1a: Necrozma|Iron Head|p2a: Eternatus\n|-damage|p2a: Eternatus|65\/100 brn\n|\n|-heal|p1a: Necrozma|97\/100|[from] item: Leftovers\n|-damage|p2a: Eternatus|59\/100 brn|[from] brn\n|upkeep\n|turn|131\n|\n|t:|1653970836\n|move|p2a: Eternatus|Meteor Beam|p1a: Necrozma|[from]lockedmove\n|-resisted|p1a: Necrozma\n|-damage|p1a: Necrozma|48\/100\n|move|p1a: Necrozma|Iron Head|p2a: Eternatus\n|-damage|p2a: Eternatus|52\/100 brn\n|\n|-heal|p1a: Necrozma|54\/100|[from] item: Leftovers\n|-damage|p2a: Eternatus|46\/100 brn|[from] brn\n|upkeep\n|turn|132\n|\n|t:|1653970841\n|move|p2a: Eternatus|Dragon Pulse|p1a: Necrozma\n|-resisted|p1a: Necrozma\n|-damage|p1a: Necrozma|6\/100\n|move|p1a: Necrozma|Iron Head|p2a: Eternatus\n|-damage|p2a: Eternatus|39\/100 brn\n|\n|-heal|p1a: Necrozma|12\/100|[from] item: Leftovers\n|-damage|p2a: Eternatus|33\/100 brn|[from] brn\n|upkeep\n|turn|133\n|\n|t:|1653970847\n|move|p2a: Eternatus|Dragon Pulse|p1a: Necrozma\n|-resisted|p1a: Necrozma\n|-damage|p1a: Necrozma|0 fnt\n|faint|p1a: Necrozma\n|\n|-damage|p2a: Eternatus|26\/100 brn|[from] brn\n|upkeep\n|\n|t:|1653970849\n|switch|p1a: Xerneas|Xerneas|100\/100\n|-ability|p1a: Xerneas|Fairy Aura\n|turn|134\n|\n|t:|1653970856\n|move|p2a: Eternatus|Recover|p2a: Eternatus\n|-heal|p2a: Eternatus|77\/100 brn\n|move|p1a: Xerneas|Moonblast|p2a: Eternatus\n|-damage|p2a: Eternatus|67\/100 brn\n|\n|-damage|p2a: Eternatus|61\/100 brn|[from] brn\n|upkeep\n|turn|135\n|\n|t:|1653970862\n|move|p2a: Eternatus|Meteor Beam||[still]\n|-prepare|p2a: Eternatus|Meteor Beam\n|-boost|p2a: Eternatus|spa|0\n|move|p1a: Xerneas|Moonblast|p2a: Eternatus\n|-damage|p2a: Eternatus|51\/100 brn\n|\n|-damage|p2a: Eternatus|45\/100 brn|[from] brn\n|upkeep\n|turn|136\n|\n|t:|1653970867\n|move|p2a: Eternatus|Meteor Beam|p1a: Xerneas|[from]lockedmove\n|-damage|p1a: Xerneas|0 fnt\n|faint|p1a: Xerneas\n|\n|-damage|p2a: Eternatus|39\/100 brn|[from] brn\n|upkeep\n|-message|AsterJ forfeited.\n|\n|win|ULT4PDR Murder\n|raw|AsterJ's rating: 1525 &rarr; <strong>1493<\/strong><br \/>(-32 for losing)\n|raw|ULT4PDR Murder's rating: 1296 &rarr; <strong>1335<\/strong><br \/>(+39 for winning)\n|l|\u2606AsterJ\n||Ladder isn't responding, score probably updated but might not have (Request timeout).\n","uploadtime":1653970875,"views":19,"p1id":"asterj","p2id":"ult4pdrmurder","formatid":"gen8ubers","rating":1335,"private":0,"password":null}