{"id":"gen8nationaldexag-1669956285","p1":"Butterchoke","p2":"Meracx","format":"gen8nationaldexag","log":"|j|\u2606Butterchoke\n|j|\u2606Meracx\n|t:|1664115843\n|gametype|singles\n|player|p1|Butterchoke|pryce|\n|player|p2|Meracx|thorton|\n|teamsize|p1|6\n|teamsize|p2|6\n|gen|8\n|tier|[Gen 8] National Dex AG\n|rule|HP Percentage Mod: HP is shown in percentages\n|rule|Endless Battle Clause: Forcing endless battles is banned\n|clearpoke\n|poke|p1|Aerodactyl, M|\n|poke|p1|Primarina, M|\n|poke|p1|Zarude-Dada|\n|poke|p1|Donphan, M|\n|poke|p1|Slowking-Galar, F|\n|poke|p1|Miltank, F|\n|poke|p2|Nidoqueen, F|\n|poke|p2|Sceptile, M|\n|poke|p2|Manaphy|\n|poke|p2|Emboar, M|\n|poke|p2|Sylveon, F|\n|poke|p2|Doublade, M|\n|teampreview\n|c|\u2606Meracx|hf\n|c|\u2606Butterchoke|hf\n|\n|t:|1664115895\n|start\n|switch|p1a: N\u00e9l\u00e9phant|Donphan, M|100\/100\n|switch|p2a: Missile|Manaphy|100\/100\n|turn|1\n|j| FlorentM\n|\n|t:|1664115960\n|switch|p1a: Pelle Stape 2|Primarina, M|100\/100\n|move|p2a: Missile|U-turn|p1a: Pelle Stape 2\n|-resisted|p1a: Pelle Stape 2\n|-damage|p1a: Pelle Stape 2|91\/100\n|j| TheooNS07_DL\n|\n|t:|1664116015\n|switch|p2a: Cabanela|Sceptile, M|100\/100|[from]move: U-turn\n|\n|upkeep\n|turn|2\n|\n|t:|1664116053\n|switch|p1a: L'\u00e9levage bovin.|Miltank, F|100\/100\n|detailschange|p2a: Cabanela|Sceptile-Mega, M\n|-mega|p2a: Cabanela|Sceptile|Sceptilite\n|move|p2a: Cabanela|Leaf Blade|p1a: L'\u00e9levage bovin.\n|-damage|p1a: L'\u00e9levage bovin.|59\/100\n|\n|upkeep\n|turn|3\n|\n|t:|1664116070\n|switch|p2a: Jowd|Emboar, M|100\/100\n|switch|p1a: L'Alchimiste ESDL|Slowking-Galar, F|100\/100\n|\n|upkeep\n|turn|4\n|\n|t:|1664116088\n|move|p2a: Jowd|Flare Blitz|p1a: L'Alchimiste ESDL\n|-damage|p1a: L'Alchimiste ESDL|34\/100\n|-damage|p2a: Jowd|77\/100|[from] Recoil\n|move|p1a: L'Alchimiste ESDL|Sludge Bomb|p2a: Jowd\n|-damage|p2a: Jowd|26\/100\n|\n|upkeep\n|turn|5\n|\n|t:|1664116111\n|switch|p1a: N\u00e9l\u00e9phant|Donphan, M|100\/100\n|move|p2a: Jowd|Wild Charge|p1a: N\u00e9l\u00e9phant\n|-immune|p1a: N\u00e9l\u00e9phant\n|\n|upkeep\n|turn|6\n|\n|t:|1664116123\n|-zpower|p2a: Jowd\n|move|p2a: Jowd|All-Out Pummeling|p1a: N\u00e9l\u00e9phant|[zeffect]\n|-damage|p1a: N\u00e9l\u00e9phant|25\/100\n|move|p1a: N\u00e9l\u00e9phant|Earthquake|p2a: Jowd\n|-supereffective|p2a: Jowd\n|-damage|p2a: Jowd|0 fnt\n|faint|p2a: Jowd\n|\n|upkeep\n|\n|t:|1664116133\n|switch|p2a: Missile|Manaphy|100\/100\n|turn|7\n|\n|t:|1664116142\n|move|p2a: Missile|Scald|p1a: N\u00e9l\u00e9phant\n|-supereffective|p1a: N\u00e9l\u00e9phant\n|-damage|p1a: N\u00e9l\u00e9phant|0 fnt\n|faint|p1a: N\u00e9l\u00e9phant\n|\n|upkeep\n|j| Kai_Kitt\n|\n|t:|1664116159\n|switch|p1a: Mojo Jojo|Zarude-Dada|100\/100\n|turn|8\n|\n|t:|1664116166\n|switch|p2a: Sissel|Sylveon, F|100\/100\n|move|p1a: Mojo Jojo|Power Whip|p2a: Sissel\n|-crit|p2a: Sissel\n|-damage|p2a: Sissel|25\/100\n|-damage|p1a: Mojo Jojo|84\/100|[from] item: Rocky Helmet|[of] p2a: Sissel\n|\n|upkeep\n|turn|9\n|j| Championleplusnul\n|\n|t:|1664116235\n|move|p1a: Mojo Jojo|Power Whip|p2a: Sissel\n|-damage|p2a: Sissel|0 fnt\n|-damage|p1a: Mojo Jojo|67\/100|[from] item: Rocky Helmet|[of] p2a: Sissel\n|faint|p2a: Sissel\n|\n|upkeep\n|\n|t:|1664116239\n|switch|p2a: Cabanela|Sceptile-Mega, M|100\/100\n|turn|10\n|l| Championleplusnul\n|\n|t:|1664116251\n|switch|p1a: L'Alchimiste ESDL|Slowking-Galar, F|67\/100\n|move|p2a: Cabanela|Swords Dance|p2a: Cabanela\n|-boost|p2a: Cabanela|atk|2\n|\n|upkeep\n|turn|11\n|\n|t:|1664116315\n|move|p2a: Cabanela|Scale Shot|p1a: L'Alchimiste ESDL|[miss]\n|-miss|p2a: Cabanela|p1a: L'Alchimiste ESDL\n|move|p1a: L'Alchimiste ESDL|Sludge Bomb|p2a: Cabanela\n|-supereffective|p2a: Cabanela\n|-damage|p2a: Cabanela|1\/100\n|\n|upkeep\n|turn|12\n|\n|t:|1664116378\n|switch|p1a: Pelle Stape 2|Primarina, M|91\/100\n|move|p2a: Cabanela|Scale Shot|p1a: Pelle Stape 2\n|-immune|p1a: Pelle Stape 2\n|\n|upkeep\n|turn|13\n|\n|t:|1664116443\n|switch|p1a: L'\u00e9levage bovin.|Miltank, F|59\/100\n|move|p2a: Cabanela|Leaf Blade|p1a: L'\u00e9levage bovin.\n|-damage|p1a: L'\u00e9levage bovin.|0 fnt\n|faint|p1a: L'\u00e9levage bovin.\n|\n|upkeep\n|\n|t:|1664116451\n|switch|p1a: Pelle Staple 1|Aerodactyl, M|100\/100\n|-ability|p1a: Pelle Staple 1|Unnerve\n|turn|14\n|\n|t:|1664116460\n|switch|p2a: Yomiel|Doublade, M|100\/100\n|detailschange|p1a: Pelle Staple 1|Aerodactyl-Mega, M\n|-mega|p1a: Pelle Staple 1|Aerodactyl|Aerodactylite\n|move|p1a: Pelle Staple 1|Crunch|p2a: Yomiel\n|-supereffective|p2a: Yomiel\n|-damage|p2a: Yomiel|65\/100\n|\n|upkeep\n|turn|15\n|\n|t:|1664116469\n|switch|p1a: Mojo Jojo|Zarude-Dada|67\/100\n|move|p2a: Yomiel|Iron Head|p1a: Mojo Jojo\n|-damage|p1a: Mojo Jojo|30\/100\n|\n|upkeep\n|turn|16\n|\n|t:|1664116476\n|switch|p2a: Missile|Manaphy|100\/100\n|move|p1a: Mojo Jojo|Dark Pulse|p2a: Missile\n|-damage|p2a: Missile|91\/100\n|\n|upkeep\n|turn|17\n|\n|t:|1664116484\n|switch|p1a: Pelle Stape 2|Primarina, M|91\/100\n|move|p2a: Missile|U-turn|p1a: Pelle Stape 2\n|-resisted|p1a: Pelle Stape 2\n|-damage|p1a: Pelle Stape 2|81\/100\n|\n|t:|1664116492\n|switch|p2a: Cabanela|Sceptile-Mega, M|1\/100|[from]move: U-turn\n|\n|upkeep\n|turn|18\n|\n|t:|1664116498\n|switch|p1a: L'Alchimiste ESDL|Slowking-Galar, F|100\/100\n|move|p2a: Cabanela|Leaf Blade|p1a: L'Alchimiste ESDL\n|-resisted|p1a: L'Alchimiste ESDL\n|-crit|p1a: L'Alchimiste ESDL\n|-damage|p1a: L'Alchimiste ESDL|70\/100\n|\n|upkeep\n|turn|19\n|j| supersayandraft\n|\n|t:|1664116507\n|move|p2a: Cabanela|Earthquake|p1a: L'Alchimiste ESDL\n|-supereffective|p1a: L'Alchimiste ESDL\n|-damage|p1a: L'Alchimiste ESDL|17\/100\n|move|p1a: L'Alchimiste ESDL|Flamethrower|p2a: Cabanela\n|-damage|p2a: Cabanela|0 fnt\n|faint|p2a: Cabanela\n|\n|upkeep\n|\n|t:|1664116518\n|switch|p2a: Lynne|Nidoqueen, F|100\/100\n|turn|20\n|\n|t:|1664116575\n|switch|p1a: Pelle Stape 2|Primarina, M|81\/100\n|move|p2a: Lynne|Stealth Rock|p1a: Pelle Stape 2\n|-sidestart|p1: Butterchoke|move: Stealth Rock\n|\n|upkeep\n|turn|21\n|\n|t:|1664116587\n|switch|p2a: Missile|Manaphy|91\/100\n|switch|p1a: L'Alchimiste ESDL|Slowking-Galar, F|50\/100\n|-damage|p1a: L'Alchimiste ESDL|38\/100|[from] Stealth Rock\n|\n|upkeep\n|turn|22\n|\n|t:|1664116597\n|move|p2a: Missile|Knock Off|p1a: L'Alchimiste ESDL\n|-supereffective|p1a: L'Alchimiste ESDL\n|-enditem|p1a: L'Alchimiste ESDL|Colbur Berry|[eat]\n|-enditem|p1a: L'Alchimiste ESDL|Colbur Berry|[weaken]\n|-damage|p1a: L'Alchimiste ESDL|21\/100\n|move|p1a: L'Alchimiste ESDL|Slack Off|p1a: L'Alchimiste ESDL\n|-heal|p1a: L'Alchimiste ESDL|71\/100\n|\n|upkeep\n|turn|23\n|\n|t:|1664116620\n|switch|p1a: Mojo Jojo|Zarude-Dada|30\/100\n|-damage|p1a: Mojo Jojo|18\/100|[from] Stealth Rock\n|move|p2a: Missile|U-turn|p1a: Mojo Jojo\n|-supereffective|p1a: Mojo Jojo\n|-damage|p1a: Mojo Jojo|0 fnt\n|faint|p1a: Mojo Jojo\n|\n|t:|1664116628\n|switch|p2a: Lynne|Nidoqueen, F|100\/100|[from]move: U-turn\n|\n|upkeep\n|c|\u2606Butterchoke|bien ouej le bait scarf\n|c|\u2606Butterchoke|gg\n|\n|t:|1664116644\n|switch|p1a: Pelle Staple 1|Aerodactyl-Mega, M|100\/100\n|-damage|p1a: Pelle Staple 1|76\/100|[from] Stealth Rock\n|turn|24\n|c|\u2606Meracx|Merci, mais pas s\u00fbr que \u00e7a soit fini non plus\n|\n|t:|1664116655\n|move|p1a: Pelle Staple 1|Crunch|p2a: Lynne\n|-damage|p2a: Lynne|57\/100\n|move|p2a: Lynne|Ice Beam|p1a: Pelle Staple 1\n|-supereffective|p1a: Pelle Staple 1\n|-damage|p1a: Pelle Staple 1|0 fnt\n|faint|p1a: Pelle Staple 1\n|\n|upkeep\n|c|\u2606Butterchoke|si\n|c|\u2606Meracx|Ah gg\n|c|\u2606Butterchoke|j avais pas la place pr eq\n|\n|t:|1664116667\n|switch|p1a: L'Alchimiste ESDL|Slowking-Galar, F|100\/100\n|-damage|p1a: L'Alchimiste ESDL|88\/100|[from] Stealth Rock\n|turn|25\n|\n|t:|1664116672\n|move|p2a: Lynne|Earth Power|p1a: L'Alchimiste ESDL\n|-supereffective|p1a: L'Alchimiste ESDL\n|-damage|p1a: L'Alchimiste ESDL|5\/100\n|move|p1a: L'Alchimiste ESDL|Calm Mind|p1a: L'Alchimiste ESDL\n|-boost|p1a: L'Alchimiste ESDL|spa|1\n|-boost|p1a: L'Alchimiste ESDL|spd|1\n|\n|upkeep\n|turn|26\n|-message|Butterchoke forfeited.\n|\n|win|Meracx\n|l|\u2606Butterchoke\n","uploadtime":1664116679,"views":24,"p1id":"butterchoke","p2id":"meracx","formatid":"gen8nationaldexag","rating":0,"private":0,"password":null}