{"id":"gen8ubers-1488435599","p1":"Ivyon","p2":"Coraptor95","format":"gen8ubers","log":"|j|\u2606Ivyon\n|j|\u2606Coraptor95\n|t:|1641764966\n|gametype|singles\n|player|p1|Ivyon|blue|1284\n|player|p2|Coraptor95|265|1262\n|teamsize|p1|6\n|teamsize|p2|6\n|gen|8\n|tier|[Gen 8] Ubers\n|rated|\n|rule|Sleep Clause Mod: Limit one foe put to sleep\n|rule|Species Clause: Limit one of each Pok\u00e9mon\n|rule|OHKO Clause: OHKO moves are banned\n|rule|Evasion Moves Clause: Evasion moves are banned\n|rule|Endless Battle Clause: Forcing endless battles is banned\n|rule|HP Percentage Mod: HP is shown in percentages\n|rule|Dynamax Clause: You cannot dynamax\n|clearpoke\n|poke|p1|Sharpedo, F|\n|poke|p1|Shuckle, M|\n|poke|p1|Dragonite, M|\n|poke|p1|Blaziken, M|\n|poke|p1|Cloyster, M|\n|poke|p1|Espeon, M|\n|poke|p2|Yveltal|\n|poke|p2|Necrozma-Dusk-Mane|\n|poke|p2|Eternatus|\n|poke|p2|Xerneas-*|\n|poke|p2|Kyogre|\n|poke|p2|Calyrex-Shadow|\n|teampreview\n|inactive|Battle timer is ON: inactive players will automatically lose when time's up. (requested by Coraptor95)\n|inactive|Ivyon has 120 seconds left.\n|\n|t:|1641765028\n|start\n|switch|p1a: Sharpedo|Sharpedo, F|100\/100\n|switch|p2a: Necrozma|Necrozma-Dusk-Mane|100\/100\n|turn|1\n|\n|t:|1641765042\n|move|p1a: Sharpedo|Taunt|p2a: Necrozma\n|-start|p2a: Necrozma|move: Taunt\n|cant|p2a: Necrozma|move: Taunt|Stealth Rock\n|\n|-ability|p1a: Sharpedo|Speed Boost|boost\n|-boost|p1a: Sharpedo|spe|1\n|upkeep\n|turn|2\n|\n|t:|1641765058\n|switch|p2a: Xerneas|Xerneas|100\/100\n|-ability|p2a: Xerneas|Fairy Aura\n|move|p1a: Sharpedo|Super Fang|p2a: Xerneas\n|-damage|p2a: Xerneas|50\/100\n|\n|-heal|p2a: Xerneas|57\/100|[from] item: Leftovers\n|-ability|p1a: Sharpedo|Speed Boost|boost\n|-boost|p1a: Sharpedo|spe|1\n|upkeep\n|turn|3\n|\n|t:|1641765072\n|move|p1a: Sharpedo|Taunt|p2a: Xerneas\n|-start|p2a: Xerneas|move: Taunt\n|move|p2a: Xerneas|Draining Kiss|p1a: Sharpedo\n|-supereffective|p1a: Sharpedo\n|-enditem|p1a: Sharpedo|Focus Sash\n|-damage|p1a: Sharpedo|1\/100\n|-heal|p2a: Xerneas|100\/100|[from] drain|[of] p1a: Sharpedo\n|\n|-ability|p1a: Sharpedo|Speed Boost|boost\n|-boost|p1a: Sharpedo|spe|1\n|upkeep\n|turn|4\n|\n|t:|1641765081\n|move|p1a: Sharpedo|Destiny Bond|p1a: Sharpedo\n|-singlemove|p1a: Sharpedo|Destiny Bond\n|move|p2a: Xerneas|Draining Kiss|p1a: Sharpedo\n|-supereffective|p1a: Sharpedo\n|-damage|p1a: Sharpedo|0 fnt\n|faint|p1a: Sharpedo\n|-activate|p1a: Sharpedo|move: Destiny Bond\n|faint|p2a: Xerneas\n|\n|upkeep\n|\n|t:|1641765093\n|switch|p1a: Blaziken|Blaziken, M, shiny|100\/100\n|switch|p2a: Necrozma|Necrozma-Dusk-Mane|100\/100\n|turn|5\n|inactive|Coraptor95 has 120 seconds left.\n|\n|t:|1641765125\n|move|p1a: Blaziken|Swords Dance|p1a: Blaziken\n|-boost|p1a: Blaziken|atk|2\n|move|p2a: Necrozma|Stealth Rock|p1a: Blaziken\n|-sidestart|p1: Ivyon|move: Stealth Rock\n|\n|-ability|p1a: Blaziken|Speed Boost|boost\n|-boost|p1a: Blaziken|spe|1\n|upkeep\n|turn|6\n|inactive|Ivyon has 120 seconds left.\n|\n|t:|1641765166\n|move|p1a: Blaziken|Swords Dance|p1a: Blaziken\n|-boost|p1a: Blaziken|atk|2\n|move|p2a: Necrozma|Earthquake|p1a: Blaziken\n|-supereffective|p1a: Blaziken\n|-enditem|p1a: Blaziken|Focus Sash\n|-damage|p1a: Blaziken|1\/100\n|\n|-ability|p1a: Blaziken|Speed Boost|boost\n|-boost|p1a: Blaziken|spe|1\n|upkeep\n|turn|7\n|inactive|Coraptor95 has 120 seconds left.\n|\n|t:|1641765191\n|move|p1a: Blaziken|Close Combat|p2a: Necrozma\n|-damage|p2a: Necrozma|0 fnt\n|-unboost|p1a: Blaziken|def|1\n|-unboost|p1a: Blaziken|spd|1\n|faint|p2a: Necrozma\n|\n|-ability|p1a: Blaziken|Speed Boost|boost\n|-boost|p1a: Blaziken|spe|1\n|upkeep\n|\n|t:|1641765195\n|switch|p2a: Yveltal|Yveltal|100\/100\n|-ability|p2a: Yveltal|Dark Aura\n|turn|8\n|\n|t:|1641765202\n|move|p2a: Yveltal|Sucker Punch||[still]\n|-fail|p2a: Yveltal\n|move|p1a: Blaziken|Swords Dance|p1a: Blaziken\n|-boost|p1a: Blaziken|atk|2\n|\n|-ability|p1a: Blaziken|Speed Boost|boost\n|-boost|p1a: Blaziken|spe|1\n|upkeep\n|turn|9\n|inactive|Ivyon has 120 seconds left.\n|\n|t:|1641765226\n|move|p2a: Yveltal|Sucker Punch||[still]\n|-fail|p2a: Yveltal\n|move|p1a: Blaziken|Swords Dance|p1a: Blaziken\n|-boost|p1a: Blaziken|atk|0\n|\n|-ability|p1a: Blaziken|Speed Boost|boost\n|-boost|p1a: Blaziken|spe|1\n|upkeep\n|turn|10\n|inactive|Ivyon has 120 seconds left.\n|\n|t:|1641765238\n|move|p1a: Blaziken|Close Combat|p2a: Yveltal\n|-damage|p2a: Yveltal|0 fnt\n|-unboost|p1a: Blaziken|def|1\n|-unboost|p1a: Blaziken|spd|1\n|faint|p2a: Yveltal\n|\n|-ability|p1a: Blaziken|Speed Boost|boost\n|-boost|p1a: Blaziken|spe|1\n|upkeep\n|\n|t:|1641765244\n|switch|p2a: Calyrex|Calyrex-Shadow|100\/100\n|-ability|p2a: Calyrex|As One\n|-ability|p2a: Calyrex|Unnerve\n|turn|11\n|\n|t:|1641765253\n|move|p1a: Blaziken|Knock Off|p2a: Calyrex\n|-supereffective|p2a: Calyrex\n|-damage|p2a: Calyrex|0 fnt\n|-enditem|p2a: Calyrex|Choice Scarf|[from] move: Knock Off|[of] p1a: Blaziken\n|faint|p2a: Calyrex\n|\n|upkeep\n|-message|Coraptor95 forfeited.\n|\n|win|Ivyon\n|raw|Ivyon's rating: 1284 &rarr; <strong>1307<\/strong><br \/>(+23 for winning)\n|raw|Coraptor95's rating: 1262 &rarr; <strong>1239<\/strong><br \/>(-23 for losing)\n|l|\u2606Coraptor95\n","uploadtime":1641765267,"views":17,"p1id":"ivyon","p2id":"coraptor95","formatid":"gen8ubers","rating":1239,"private":0,"password":null}