{"id":"gen8nationaldex-1589355132","p1":"SirFresh","p2":"testlab12","format":"gen8nationaldex","log":"|j|\u2606SirFresh\n|j|\u2606testlab12\n|t:|1654379635\n|gametype|singles\n|player|p1|SirFresh|palmer|\n|player|p2|testlab12|ghetsis|\n|teamsize|p1|6\n|teamsize|p2|6\n|gen|8\n|tier|[Gen 8] National Dex\n|rule|HP Percentage Mod: HP is shown in percentages\n|rule|Endless Battle Clause: Forcing endless battles is banned\n|rule|OHKO Clause: OHKO moves are banned\n|rule|Evasion Moves Clause: Evasion moves are banned\n|rule|Species Clause: Limit one of each Pok\u00e9mon\n|rule|Dynamax Clause: You cannot dynamax\n|rule|Sleep Clause Mod: Limit one foe put to sleep\n|clearpoke\n|poke|p1|Sceptile, M|\n|poke|p1|Blaziken, M|\n|poke|p1|Swampert, M|\n|poke|p1|Gardevoir, F|\n|poke|p1|Metagross|\n|poke|p1|Milotic, F|\n|poke|p2|Medicham, M|\n|poke|p2|Latios, M|\n|poke|p2|Breloom, M|\n|poke|p2|Crawdaunt, M|\n|poke|p2|Salamence, F|\n|poke|p2|Shedinja|\n|teampreview\n|c|\u2606SirFresh|Glhf\n|c|\u2606testlab12|gl hf\n|\n|t:|1654379655\n|start\n|switch|p1a: Gardevoir|Gardevoir, F|100\/100\n|switch|p2a: Breloom|Breloom, M|100\/100\n|-ability|p1a: Gardevoir|Technician|[from] ability: Trace|[of] p2a: Breloom\n|turn|1\n|\n|t:|1654379664\n|detailschange|p1a: Gardevoir|Gardevoir-Mega, F\n|-mega|p1a: Gardevoir|Gardevoir|Gardevoirite\n|move|p1a: Gardevoir|Hyper Voice|p2a: Breloom\n|-supereffective|p2a: Breloom\n|-enditem|p2a: Breloom|Focus Sash\n|-damage|p2a: Breloom|1\/100\n|move|p2a: Breloom|Spore|p1a: Gardevoir\n|-status|p1a: Gardevoir|slp|[from] move: Spore\n|\n|upkeep\n|turn|2\n|\n|t:|1654379683\n|switch|p1a: Metagross|Metagross|100\/100\n|move|p2a: Breloom|Swords Dance|p2a: Breloom\n|-boost|p2a: Breloom|atk|2\n|\n|upkeep\n|turn|3\n|\n|t:|1654379690\n|move|p2a: Breloom|Mach Punch|p1a: Metagross\n|-damage|p1a: Metagross|64\/100\n|move|p1a: Metagross|Ice Punch|p2a: Breloom\n|-supereffective|p2a: Breloom\n|-damage|p2a: Breloom|0 fnt\n|faint|p2a: Breloom\n|\n|upkeep\n|\n|t:|1654379711\n|switch|p2a: Crawdaunt|Crawdaunt, M|100\/100\n|turn|4\n|\n|t:|1654379714\n|move|p2a: Crawdaunt|Knock Off|p1a: Metagross\n|-supereffective|p1a: Metagross\n|-enditem|p1a: Metagross|Colbur Berry|[eat]\n|-enditem|p1a: Metagross|Colbur Berry|[weaken]\n|-damage|p1a: Metagross|10\/100\n|move|p1a: Metagross|Body Press|p2a: Crawdaunt\n|-supereffective|p2a: Crawdaunt\n|-damage|p2a: Crawdaunt|15\/100\n|\n|upkeep\n|turn|5\n|\n|t:|1654379724\n|move|p2a: Crawdaunt|Knock Off|p1a: Metagross\n|-supereffective|p1a: Metagross\n|-damage|p1a: Metagross|0 fnt\n|faint|p1a: Metagross\n|\n|upkeep\n|\n|t:|1654379732\n|switch|p1a: Sceptile|Sceptile, M|100\/100\n|turn|6\n|\n|t:|1654379738\n|switch|p2a: Salamence|Salamence, F|100\/100\n|-ability|p2a: Salamence|Intimidate|boost\n|-unboost|p1a: Sceptile|atk|1\n|move|p1a: Sceptile|Leaf Blade|p2a: Salamence\n|-resisted|p2a: Salamence\n|-damage|p2a: Salamence|92\/100\n|\n|upkeep\n|turn|7\n|\n|t:|1654379744\n|switch|p1a: Swampert|Swampert, M|100\/100\n|move|p2a: Salamence|Flamethrower|p1a: Swampert\n|-resisted|p1a: Swampert\n|-damage|p1a: Swampert|91\/100\n|\n|-heal|p1a: Swampert|97\/100|[from] item: Leftovers\n|upkeep\n|turn|8\n|\n|t:|1654379753\n|switch|p2a: Shedinja|Shedinja|100\/100\n|move|p1a: Swampert|Stealth Rock|p2a: Shedinja\n|-sidestart|p2: testlab12|move: Stealth Rock\n|\n|-heal|p1a: Swampert|100\/100|[from] item: Leftovers\n|upkeep\n|turn|9\n|\n|t:|1654379762\n|move|p2a: Shedinja|Poltergeist|p1a: Swampert\n|-activate|p1a: Swampert|move: Poltergeist|Leftovers\n|-damage|p1a: Swampert|63\/100\n|move|p1a: Swampert|Toxic|p2a: Shedinja\n|-status|p2a: Shedinja|tox\n|\n|-heal|p1a: Swampert|69\/100|[from] item: Leftovers\n|-damage|p2a: Shedinja|0 fnt|[from] psn\n|faint|p2a: Shedinja\n|upkeep\n|\n|t:|1654379772\n|switch|p2a: Latios|Latios, M|100\/100\n|-damage|p2a: Latios|88\/100|[from] Stealth Rock\n|turn|10\n|\n|t:|1654379782\n|move|p2a: Latios|Energy Ball|p1a: Swampert\n|-supereffective|p1a: Swampert\n|-damage|p1a: Swampert|0 fnt\n|faint|p1a: Swampert\n|\n|upkeep\n|\n|t:|1654379789\n|switch|p1a: Sceptile|Sceptile, M|100\/100\n|turn|11\n|\n|t:|1654379798\n|switch|p2a: Salamence|Salamence, F|92\/100\n|-ability|p2a: Salamence|Intimidate|boost\n|-unboost|p1a: Sceptile|atk|1\n|move|p1a: Sceptile|Swords Dance|p1a: Sceptile\n|-boost|p1a: Sceptile|atk|2\n|\n|upkeep\n|turn|12\n|\n|t:|1654379804\n|move|p1a: Sceptile|Dragon Claw|p2a: Salamence\n|-supereffective|p2a: Salamence\n|-damage|p2a: Salamence|2\/100\n|move|p2a: Salamence|Hurricane|p1a: Sceptile\n|-supereffective|p1a: Sceptile\n|-damage|p1a: Sceptile|0 fnt\n|faint|p1a: Sceptile\n|\n|upkeep\n|\n|t:|1654379825\n|switch|p1a: Milotic|Milotic, F|100\/100\n|turn|13\n|\n|t:|1654379835\n|move|p2a: Salamence|Roost|p2a: Salamence\n|-heal|p2a: Salamence|52\/100\n|-singleturn|p2a: Salamence|move: Roost\n|move|p1a: Milotic|Scald|p2a: Salamence\n|-resisted|p2a: Salamence\n|-damage|p2a: Salamence|36\/100\n|\n|-status|p1a: Milotic|brn|[from] item: Flame Orb\n|upkeep\n|turn|14\n|l|\u2606SirFresh\n|player|p1|\n|inactive|Battle timer is ON: inactive players will automatically lose when time's up. (requested by testlab12)\n|j|\u2606SirFresh\n|inactive|SirFresh reconnected and has 300 seconds left.\n|player|p1|SirFresh|palmer\n|\n|t:|1654379890\n|move|p2a: Salamence|Roost|p2a: Salamence\n|-heal|p2a: Salamence|86\/100\n|-singleturn|p2a: Salamence|move: Roost\n|move|p1a: Milotic|Ice Beam|p2a: Salamence\n|-supereffective|p2a: Salamence\n|-damage|p2a: Salamence|36\/100\n|\n|-damage|p1a: Milotic|94\/100 brn|[from] brn\n|upkeep\n|turn|15\n|inactiveoff|Battle timer is now OFF.\n|\n|t:|1654379899\n|move|p2a: Salamence|Draco Meteor|p1a: Milotic\n|-damage|p1a: Milotic|50\/100 brn\n|-unboost|p2a: Salamence|spa|2\n|move|p1a: Milotic|Ice Beam|p2a: Salamence\n|-supereffective|p2a: Salamence\n|-damage|p2a: Salamence|0 fnt\n|faint|p2a: Salamence\n|\n|-damage|p1a: Milotic|44\/100 brn|[from] brn\n|upkeep\n|\n|t:|1654379904\n|switch|p2a: Medicham|Medicham, M|100\/100\n|-damage|p2a: Medicham|94\/100|[from] Stealth Rock\n|turn|16\n|l|\u2606SirFresh\n|player|p1|\n|inactive|Battle timer is ON: inactive players will automatically lose when time's up. (requested by testlab12)\n|j|\u2606SirFresh\n|inactive|SirFresh reconnected and has 300 seconds left.\n|player|p1|SirFresh|palmer\n|\n|t:|1654380035\n|detailschange|p2a: Medicham|Medicham-Mega, M\n|-mega|p2a: Medicham|Medicham|Medichamite\n|move|p2a: Medicham|Fake Out|p1a: Milotic\n|-damage|p1a: Milotic|33\/100 brn\n|cant|p1a: Milotic|flinch\n|\n|-damage|p1a: Milotic|27\/100 brn|[from] brn\n|upkeep\n|turn|17\n|\n|t:|1654380049\n|move|p2a: Medicham|High Jump Kick|p1a: Milotic\n|-damage|p1a: Milotic|0 fnt\n|faint|p1a: Milotic\n|\n|upkeep\n|\n|t:|1654380064\n|switch|p1a: Blaziken|Blaziken, M|100\/100\n|turn|18\n|\n|t:|1654380077\n|switch|p2a: Latios|Latios, M|88\/100\n|-damage|p2a: Latios|76\/100|[from] Stealth Rock\n|move|p1a: Blaziken|Protect||[still]\n|-fail|p1a: Blaziken\n|\n|-ability|p1a: Blaziken|Speed Boost|boost\n|-boost|p1a: Blaziken|spe|1\n|upkeep\n|turn|19\n|\n|t:|1654380080\n|switch|p1a: Gardevoir|Gardevoir-Mega, F|100\/100 slp\n|move|p2a: Latios|Draco Meteor|p1a: Gardevoir\n|-immune|p1a: Gardevoir\n|\n|upkeep\n|turn|20\n|\n|t:|1654380084\n|switch|p2a: Medicham|Medicham-Mega, M|94\/100\n|-damage|p2a: Medicham|88\/100|[from] Stealth Rock\n|cant|p1a: Gardevoir|slp\n|\n|upkeep\n|turn|21\n|\n|t:|1654380088\n|cant|p1a: Gardevoir|slp\n|move|p2a: Medicham|Zen Headbutt|p1a: Gardevoir\n|-resisted|p1a: Gardevoir\n|-damage|p1a: Gardevoir|37\/100 slp\n|\n|upkeep\n|turn|22\n|\n|t:|1654380091\n|move|p2a: Medicham|Zen Headbutt|p1a: Gardevoir\n|-resisted|p1a: Gardevoir\n|-damage|p1a: Gardevoir|0 fnt\n|faint|p1a: Gardevoir\n|\n|upkeep\n|\n|t:|1654380108\n|switch|p1a: Blaziken|Blaziken, M|100\/100\n|turn|23\n|\n|t:|1654380128\n|switch|p2a: Latios|Latios, M|76\/100\n|-damage|p2a: Latios|64\/100|[from] Stealth Rock\n|move|p1a: Blaziken|Protect||[still]\n|-fail|p1a: Blaziken\n|\n|-ability|p1a: Blaziken|Speed Boost|boost\n|-boost|p1a: Blaziken|spe|1\n|upkeep\n|turn|24\n|\n|t:|1654380138\n|move|p1a: Blaziken|Protect|p1a: Blaziken\n|-singleturn|p1a: Blaziken|Protect\n|move|p2a: Latios|Draco Meteor|p1a: Blaziken\n|-activate|p1a: Blaziken|move: Protect\n|\n|-ability|p1a: Blaziken|Speed Boost|boost\n|-boost|p1a: Blaziken|spe|1\n|upkeep\n|turn|25\n|\n|t:|1654380148\n|move|p2a: Latios|Draco Meteor|p1a: Blaziken\n|-damage|p1a: Blaziken|0 fnt\n|-unboost|p2a: Latios|spa|2\n|faint|p1a: Blaziken\n|\n|win|testlab12\n|c|\u2606testlab12|gg\n|l|\u2606SirFresh\n","uploadtime":1654380159,"views":8,"p1id":"sirfresh","p2id":"testlab12","formatid":"gen8nationaldex","rating":0,"private":0,"password":null}