{"id":"gen8uu-1111338496","p1":"goran el draco","p2":"pokemonisfun","format":"gen8uu","log":"|j|\u2606goran el draco\n|j|\u2606pokemonisfun\n|player|p1|goran el draco|n|1600\n|player|p2|pokemonisfun|preschooler|1726\n|teamsize|p1|6\n|teamsize|p2|6\n|gametype|singles\n|gen|8\n|tier|[Gen 8] UU\n|rated|\n|clearpoke\n|poke|p1|Blastoise, M|\n|poke|p1|Umbreon, M|\n|poke|p1|Sirfetch'd, M|\n|poke|p1|Toxtricity, M|\n|poke|p1|Rhyperior, F|\n|poke|p1|Cobalion|\n|poke|p2|Milotic, M|\n|poke|p2|Incineroar, F|\n|poke|p2|Copperajah, F|\n|poke|p2|Noivern, M|\n|poke|p2|Roserade, M|\n|poke|p2|Sylveon, F|\n|rule|Sleep Clause Mod: Limit one foe put to sleep\n|rule|Species Clause: Limit one of each Pok\u00e9mon\n|rule|OHKO Clause: OHKO moves are banned\n|rule|Evasion Moves Clause: Evasion moves are banned\n|rule|Endless Battle Clause: Forcing endless battles is banned\n|rule|HP Percentage Mod: HP is shown in percentages\n|rule|Dynamax Clause: You cannot dynamax\n|teampreview\n|j| Adrift & Rising\n|l|\u2606goran el draco\n|player|p1|\n|j|\u2606goran el draco\n|player|p1|goran el draco|n\n|\n|start\n|switch|p1a: Sirfetch'd|Sirfetch'd, M|100\/100\n|switch|p2a: flower power|Roserade, M|100\/100\n|turn|1\n|j| 467 11 11p\n|\n|move|p2a: flower power|Leaf Storm|p1a: Sirfetch'd\n|-damage|p1a: Sirfetch'd|8\/100\n|-unboost|p2a: flower power|spa|2\n|move|p1a: Sirfetch'd|Close Combat|p2a: flower power\n|-resisted|p2a: flower power\n|-damage|p2a: flower power|0 fnt\n|-unboost|p1a: Sirfetch'd|def|1\n|-unboost|p1a: Sirfetch'd|spd|1\n|faint|p2a: flower power\n|\n|upkeep\n|c|\u2606pokemonisfun|LOOOL\n|c|\u2606pokemonisfun|it just dropped\n|c|\u2606pokemonisfun|jesus\n|inactive|Battle timer is ON: inactive players will automatically lose when time's up. (requested by goran el draco)\n|inactive|pokemonisfun has 120 seconds left.\n|\n|switch|p2a: meOW that hurts|Incineroar, F|100\/100\n|-ability|p2a: meOW that hurts|Intimidate|boost\n|-immune|p1a: Sirfetch'd|[from] ability: Scrappy\n|turn|2\n|\n|switch|p1a: Rhyperior|Rhyperior, F|100\/100\n|move|p2a: meOW that hurts|Knock Off|p1a: Rhyperior\n|-damage|p1a: Rhyperior|81\/100\n|-enditem|p1a: Rhyperior|Leftovers|[from] move: Knock Off|[of] p2a: meOW that hurts\n|\n|upkeep\n|turn|3\n|inactive|pokemonisfun has 120 seconds left.\n|\n|move|p2a: meOW that hurts|Close Combat|p1a: Rhyperior\n|-supereffective|p1a: Rhyperior\n|-damage|p1a: Rhyperior|59\/100\n|-unboost|p2a: meOW that hurts|def|1\n|-unboost|p2a: meOW that hurts|spd|1\n|move|p1a: Rhyperior|Stealth Rock|p2a: meOW that hurts\n|-sidestart|p2: pokemonisfun|move: Stealth Rock\n|\n|upkeep\n|turn|4\n|\n|switch|p2a: snekky snek|Milotic, M|100\/100\n|-damage|p2a: snekky snek|88\/100|[from] Stealth Rock\n|move|p1a: Rhyperior|Rock Slide|p2a: snekky snek\n|-damage|p2a: snekky snek|49\/100\n|\n|-status|p2a: snekky snek|brn|[from] item: Flame Orb\n|upkeep\n|turn|5\n|\n|switch|p1a: Toxtricity|Toxtricity, M|100\/100\n|move|p2a: snekky snek|Recover|p2a: snekky snek\n|-heal|p2a: snekky snek|99\/100 brn\n|\n|-damage|p2a: snekky snek|93\/100 brn|[from] brn\n|upkeep\n|turn|6\n|inactive|pokemonisfun has 120 seconds left.\n|inactive|pokemonisfun has 90 seconds left.\n|inactive|pokemonisfun has 60 seconds left.\n|inactive|pokemonisfun has 30 seconds left.\n|inactive|pokemonisfun has 20 seconds left.\n|\n|switch|p2a: singy thingy|Sylveon, F|100\/100\n|-damage|p2a: singy thingy|88\/100|[from] Stealth Rock\n|move|p1a: Toxtricity|Overdrive|p2a: singy thingy\n|-damage|p2a: singy thingy|51\/100\n|\n|-heal|p2a: singy thingy|57\/100|[from] item: Leftovers\n|upkeep\n|turn|7\n|inactive|pokemonisfun has 30 seconds left this turn.\n|\n|move|p1a: Toxtricity|Overdrive|p2a: singy thingy\n|-damage|p2a: singy thingy|18\/100\n|move|p2a: singy thingy|Wish|p2a: singy thingy\n|\n|-heal|p2a: singy thingy|24\/100|[from] item: Leftovers\n|upkeep\n|turn|8\n|\n|switch|p1a: Cobalion|Cobalion|100\/100\n|move|p2a: singy thingy|Protect||[still]\n|-fail|p2a: singy thingy\n|\n|-heal|p2a: singy thingy|74\/100|[from] move: Wish|[wisher] singy thingy\n|-heal|p2a: singy thingy|80\/100|[from] item: Leftovers\n|upkeep\n|turn|9\n|\n|switch|p2a: noisy vern|Noivern, M|100\/100\n|move|p1a: Cobalion|Swords Dance|p1a: Cobalion\n|-boost|p1a: Cobalion|atk|2\n|\n|upkeep\n|turn|10\n|\n|move|p2a: noisy vern|Flamethrower|p1a: Cobalion\n|-supereffective|p1a: Cobalion\n|-damage|p1a: Cobalion|23\/100\n|move|p1a: Cobalion|Iron Head|p2a: noisy vern\n|-damage|p2a: noisy vern|3\/100\n|\n|-heal|p1a: Cobalion|30\/100|[from] item: Leftovers\n|upkeep\n|turn|11\n|\n|switch|p1a: Umbreon|Umbreon, M|100\/100\n|move|p2a: noisy vern|Draco Meteor|p1a: Umbreon\n|-damage|p1a: Umbreon|71\/100\n|-unboost|p2a: noisy vern|spa|2\n|\n|-heal|p1a: Umbreon|77\/100|[from] item: Leftovers\n|upkeep\n|turn|12\n|\n|move|p2a: noisy vern|Roost|p2a: noisy vern\n|-heal|p2a: noisy vern|53\/100\n|-singleturn|p2a: noisy vern|move: Roost\n|move|p1a: Umbreon|Toxic|p2a: noisy vern\n|-status|p2a: noisy vern|tox\n|\n|-heal|p1a: Umbreon|83\/100|[from] item: Leftovers\n|-damage|p2a: noisy vern|47\/100 tox|[from] psn\n|upkeep\n|turn|13\n|\n|switch|p2a: chunky trunky|Copperajah, F|100\/100\n|-damage|p2a: chunky trunky|94\/100|[from] Stealth Rock\n|switch|p1a: Sirfetch'd|Sirfetch'd, M|8\/100\n|\n|-heal|p2a: chunky trunky|100\/100|[from] item: Leftovers\n|upkeep\n|turn|14\n|inactive|pokemonisfun has 60 seconds left.\n|\n|switch|p2a: noisy vern|Noivern, M|47\/100 tox\n|move|p1a: Sirfetch'd|Close Combat|p2a: noisy vern\n|-resisted|p2a: noisy vern\n|-damage|p2a: noisy vern|0 fnt\n|-unboost|p1a: Sirfetch'd|def|1\n|-unboost|p1a: Sirfetch'd|spd|1\n|faint|p2a: noisy vern\n|\n|upkeep\n|\n|switch|p2a: meOW that hurts|Incineroar, F|100\/100\n|-ability|p2a: meOW that hurts|Intimidate|boost\n|-immune|p1a: Sirfetch'd|[from] ability: Scrappy\n|turn|15\n|\n|move|p2a: meOW that hurts|Close Combat|p1a: Sirfetch'd\n|-damage|p1a: Sirfetch'd|0 fnt\n|-unboost|p2a: meOW that hurts|def|1\n|-unboost|p2a: meOW that hurts|spd|1\n|faint|p1a: Sirfetch'd\n|\n|upkeep\n|\n|switch|p1a: Toxtricity|Toxtricity, M|100\/100\n|turn|16\n|inactive|pokemonisfun has 60 seconds left.\n|inactive|pokemonisfun has 30 seconds left.\n|\n|switch|p2a: chunky trunky|Copperajah, F|100\/100\n|-damage|p2a: chunky trunky|94\/100|[from] Stealth Rock\n|move|p1a: Toxtricity|Overdrive|p2a: chunky trunky\n|-damage|p2a: chunky trunky|53\/100\n|\n|-heal|p2a: chunky trunky|59\/100|[from] item: Leftovers\n|upkeep\n|turn|17\n|\n|switch|p1a: Rhyperior|Rhyperior, F|59\/100\n|move|p2a: chunky trunky|Earthquake|p1a: Rhyperior\n|-supereffective|p1a: Rhyperior\n|-damage|p1a: Rhyperior|37\/100\n|\n|-heal|p2a: chunky trunky|65\/100|[from] item: Leftovers\n|upkeep\n|turn|18\n|\n|switch|p2a: singy thingy|Sylveon, F|80\/100\n|-damage|p2a: singy thingy|67\/100|[from] Stealth Rock\n|move|p1a: Rhyperior|Earthquake|p2a: singy thingy\n|-damage|p2a: singy thingy|29\/100\n|\n|-heal|p2a: singy thingy|35\/100|[from] item: Leftovers\n|upkeep\n|turn|19\n|inactive|pokemonisfun has 30 seconds left.\n|inactive|pokemonisfun has 20 seconds left.\n|inactive|pokemonisfun has 15 seconds left.\n|inactive|pokemonisfun has 10 seconds left.\n|inactive|pokemonisfun has 5 seconds left.\n|\n|move|p2a: singy thingy|Protect|p2a: singy thingy\n|-singleturn|p2a: singy thingy|Protect\n|move|p1a: Rhyperior|Earthquake|p2a: singy thingy\n|-activate|p2a: singy thingy|move: Protect\n|\n|-heal|p2a: singy thingy|41\/100|[from] item: Leftovers\n|upkeep\n|turn|20\n|inactive|pokemonisfun has 15 seconds left this turn.\n|inactive|pokemonisfun has 10 seconds left.\n|\n|move|p2a: singy thingy|Wish|p2a: singy thingy\n|move|p1a: Rhyperior|Earthquake|p2a: singy thingy\n|-damage|p2a: singy thingy|4\/100\n|\n|-heal|p2a: singy thingy|10\/100|[from] item: Leftovers\n|upkeep\n|turn|21\n|inactive|pokemonisfun has 20 seconds left this turn.\n|\n|move|p2a: singy thingy|Protect|p2a: singy thingy\n|-singleturn|p2a: singy thingy|Protect\n|move|p1a: Rhyperior|Roar|p2a: singy thingy\n|drag|p2a: meOW that hurts|Incineroar, F|100\/100\n|-ability|p2a: meOW that hurts|Intimidate|boost\n|-unboost|p1a: Rhyperior|atk|1\n|\n|upkeep\n|turn|22\n|inactive|pokemonisfun has 30 seconds left this turn.\n|inactive|pokemonisfun has 20 seconds left.\n|\n|move|p2a: meOW that hurts|Swords Dance|p2a: meOW that hurts\n|-boost|p2a: meOW that hurts|atk|2\n|move|p1a: Rhyperior|Earthquake|p2a: meOW that hurts\n|-supereffective|p2a: meOW that hurts\n|-damage|p2a: meOW that hurts|40\/100\n|\n|upkeep\n|turn|23\n|inactive|pokemonisfun has 30 seconds left this turn.\n|\n|move|p2a: meOW that hurts|Close Combat|p1a: Rhyperior\n|-supereffective|p1a: Rhyperior\n|-damage|p1a: Rhyperior|0 fnt\n|-unboost|p2a: meOW that hurts|def|1\n|-unboost|p2a: meOW that hurts|spd|1\n|faint|p1a: Rhyperior\n|\n|upkeep\n|\n|switch|p1a: Cobalion|Cobalion|30\/100\n|turn|24\n|\n|switch|p2a: singy thingy|Sylveon, F|10\/100\n|-damage|p2a: singy thingy|0 fnt|[from] Stealth Rock\n|faint|p2a: singy thingy\n|move|p1a: Cobalion|Close Combat|p2: singy thingy|[notarget]\n|-fail|p1a: Cobalion\n|\n|-heal|p1a: Cobalion|36\/100|[from] item: Leftovers\n|upkeep\n|\n|switch|p2a: snekky snek|Milotic, M|93\/100 brn\n|-damage|p2a: snekky snek|81\/100 brn|[from] Stealth Rock\n|turn|25\n|-message|pokemonisfun forfeited.\n|\n|win|goran el draco\n|c|\u2606pokemonisfun|gg\n|l|\u2606pokemonisfun\n|raw|goran el draco's rating: 1575 &rarr; <strong>1603<\/strong><br \/>(+28 for winning)\n|raw|pokemonisfun's rating: 1726 &rarr; <strong>1698<\/strong><br \/>(-28 for losing)\n|l| Adrift & Rising\n|l| 467 11 11p\n","uploadtime":1588990032,"views":209,"p1id":"goraneldraco","p2id":"pokemonisfun","formatid":"gen8uu","rating":1603,"private":0,"password":null}