{"id":"gen8ou-1698478111","p1":"rivple","p2":"Shinjou Akane","format":"gen8ou","log":"|j|\u2606rivple\n|j|\u2606Shinjou Akane\n|t:|1667128584\n|gametype|singles\n|player|p1|rivple|266|1579\n|player|p2|Shinjou Akane|nurse|1634\n|teamsize|p1|6\n|teamsize|p2|6\n|gen|8\n|tier|[Gen 8] OU\n|rated|\n|rule|Sleep Clause Mod: Limit one foe put to sleep\n|rule|Species Clause: Limit one of each Pok\u00e9mon\n|rule|OHKO Clause: OHKO moves are banned\n|rule|Evasion Items Clause: Evasion items are banned\n|rule|Evasion Moves Clause: Evasion moves are banned\n|rule|Endless Battle Clause: Forcing endless battles is banned\n|rule|HP Percentage Mod: HP is shown in percentages\n|rule|Dynamax Clause: You cannot dynamax\n|clearpoke\n|poke|p1|Ferrothorn, M|\n|poke|p1|Victini|\n|poke|p1|Tapu Fini|\n|poke|p1|Kartana|\n|poke|p1|Landorus-Therian, M|\n|poke|p1|Zapdos|\n|poke|p2|Klefki, F|\n|poke|p2|Nidoking, M|\n|poke|p2|Urshifu-*, M|\n|poke|p2|Kartana|\n|poke|p2|Tapu Fini|\n|poke|p2|Landorus-Therian, M|\n|teampreview\n|\n|t:|1667128592\n|start\n|switch|p1a: Victini|Victini|100\/100\n|switch|p2a: Klefki|Klefki, F|100\/100\n|turn|1\n|\n|t:|1667128597\n|move|p2a: Klefki|Fairy Lock|p2a: Klefki\n|-fieldactivate|move: Fairy Lock\n|move|p1a: Victini|V-create|p2a: Klefki\n|-supereffective|p2a: Klefki\n|-damage|p2a: Klefki|0 fnt\n|-unboost|p1a: Victini|spe|1\n|-unboost|p1a: Victini|def|1\n|-unboost|p1a: Victini|spd|1\n|faint|p2a: Klefki\n|\n|upkeep\n|\n|t:|1667128600\n|switch|p2a: Urshifu|Urshifu-Rapid-Strike, M|100\/100\n|turn|2\n|\n|t:|1667128605\n|move|p2a: Urshifu|Surging Strikes|p1a: Victini\n|-supereffective|p1a: Victini\n|-crit|p1a: Victini\n|-damage|p1a: Victini|7\/100\n|-supereffective|p1a: Victini\n|-crit|p1a: Victini\n|-damage|p1a: Victini|0 fnt\n|faint|p1a: Victini\n|-hitcount|p1: Victini|2\n|\n|upkeep\n|\n|t:|1667128608\n|switch|p1a: Zapdos|Zapdos|100\/100\n|turn|3\n|\n|t:|1667128616\n|switch|p1a: Landorus|Landorus-Therian, M|100\/100\n|-ability|p1a: Landorus|Intimidate|boost\n|-unboost|p2a: Urshifu|atk|1\n|move|p2a: Urshifu|Surging Strikes|p1a: Landorus\n|-supereffective|p1a: Landorus\n|-crit|p1a: Landorus\n|-damage|p1a: Landorus|29\/100\n|-supereffective|p1a: Landorus\n|-crit|p1a: Landorus\n|-damage|p1a: Landorus|0 fnt\n|faint|p1a: Landorus\n|-hitcount|p1: Landorus|2\n|\n|upkeep\n|\n|t:|1667128625\n|switch|p1a: Kartana|Kartana|100\/100\n|turn|4\n|\n|t:|1667128631\n|switch|p2a: Landorus|Landorus-Therian, M|100\/100\n|-ability|p2a: Landorus|Intimidate|boost\n|-unboost|p1a: Kartana|atk|1\n|move|p1a: Kartana|Leaf Blade|p2a: Landorus\n|-damage|p2a: Landorus|64\/100\n|-damage|p1a: Kartana|84\/100|[from] item: Rocky Helmet|[of] p2a: Landorus\n|\n|upkeep\n|turn|5\n|\n|t:|1667128641\n|switch|p1a: Ferrothorn|Ferrothorn, M|100\/100\n|move|p2a: Landorus|Stealth Rock|p1a: Ferrothorn\n|-sidestart|p1: rivple|move: Stealth Rock\n|\n|upkeep\n|turn|6\n|j| zttyt\n|\n|t:|1667128645\n|switch|p2a: Nidoking|Nidoking, M|100\/100\n|move|p1a: Ferrothorn|Stealth Rock|p2a: Nidoking\n|-sidestart|p2: Shinjou Akane|move: Stealth Rock\n|\n|upkeep\n|turn|7\n|\n|t:|1667128651\n|move|p1a: Ferrothorn|Protect|p1a: Ferrothorn\n|-singleturn|p1a: Ferrothorn|Protect\n|move|p2a: Nidoking|Sludge Wave|p1a: Ferrothorn\n|-activate|p1a: Ferrothorn|move: Protect\n|\n|upkeep\n|turn|8\n|j| nightsuwu\n|\n|t:|1667128658\n|switch|p1a: Tapu Fini|Tapu Fini|100\/100\n|-damage|p1a: Tapu Fini|88\/100|[from] Stealth Rock\n|-fieldstart|move: Misty Terrain|[from] ability: Misty Surge|[of] p1a: Tapu Fini\n|move|p2a: Nidoking|Flamethrower|p1a: Tapu Fini\n|-resisted|p1a: Tapu Fini\n|-damage|p1a: Tapu Fini|73\/100\n|\n|-heal|p1a: Tapu Fini|79\/100|[from] item: Leftovers\n|upkeep\n|turn|9\n|\n|t:|1667128665\n|move|p2a: Nidoking|Sludge Wave|p1a: Tapu Fini\n|-supereffective|p1a: Tapu Fini\n|-damage|p1a: Tapu Fini|0 fnt\n|faint|p1a: Tapu Fini\n|\n|upkeep\n|\n|t:|1667128669\n|switch|p1a: Kartana|Kartana|84\/100\n|-damage|p1a: Kartana|78\/100|[from] Stealth Rock\n|turn|10\n|\n|t:|1667128672\n|switch|p2a: Landorus|Landorus-Therian, M|64\/100\n|-damage|p2a: Landorus|52\/100|[from] Stealth Rock\n|-ability|p2a: Landorus|Intimidate|boost\n|-unboost|p1a: Kartana|atk|1\n|move|p1a: Kartana|Leaf Blade|p2a: Landorus\n|-damage|p2a: Landorus|12\/100\n|-damage|p1a: Kartana|61\/100|[from] item: Rocky Helmet|[of] p2a: Landorus\n|\n|upkeep\n|turn|11\n|\n|t:|1667128674\n|switch|p2a: Kartana|Kartana|100\/100\n|-damage|p2a: Kartana|94\/100|[from] Stealth Rock\n|move|p1a: Kartana|Leaf Blade|p2a: Kartana\n|-resisted|p2a: Kartana\n|-damage|p2a: Kartana|84\/100\n|\n|upkeep\n|turn|12\n|\n|t:|1667128682\n|switch|p1a: Zapdos|Zapdos|100\/100\n|move|p2a: Kartana|Knock Off|p1a: Zapdos\n|-damage|p1a: Zapdos|67\/100\n|-enditem|p1a: Zapdos|Heavy-Duty Boots|[from] move: Knock Off|[of] p2a: Kartana\n|\n|-fieldend|Misty Terrain\n|upkeep\n|turn|13\n|\n|t:|1667128688\n|switch|p2a: Landorus|Landorus-Therian, M|12\/100\n|-damage|p2a: Landorus|0 fnt|[from] Stealth Rock\n|faint|p2a: Landorus\n|switch|p1a: Kartana|Kartana|61\/100\n|-damage|p1a: Kartana|55\/100|[from] Stealth Rock\n|\n|upkeep\n|\n|t:|1667128696\n|switch|p2a: Kartana|Kartana|84\/100\n|-damage|p2a: Kartana|78\/100|[from] Stealth Rock\n|turn|14\n|\n|t:|1667128704\n|move|p1a: Kartana|Leaf Blade|p2a: Kartana\n|-resisted|p2a: Kartana\n|-damage|p2a: Kartana|61\/100\n|move|p2a: Kartana|Sacred Sword|p1a: Kartana\n|-supereffective|p1a: Kartana\n|-damage|p1a: Kartana|0 fnt\n|faint|p1a: Kartana\n|-ability|p2a: Kartana|Beast Boost|boost\n|-boost|p2a: Kartana|atk|1\n|\n|upkeep\n|-message|rivple forfeited.\n|\n|win|Shinjou Akane\n|raw|rivple's rating: 1579 &rarr; <strong>1562<\/strong><br \/>(-17 for losing)\n|raw|Shinjou Akane's rating: 1634 &rarr; <strong>1651<\/strong><br \/>(+17 for winning)\n|l|\u2606rivple\n","uploadtime":1667128712,"views":7,"p1id":"rivple","p2id":"shinjouakane","formatid":"gen8ou","rating":1562,"private":0,"password":null}