{"id":"gen8ou-1666294581","p1":"superrouchuan","p2":"machugen","format":"gen8ou","log":"|j|\u2606superrouchuan\n|j|\u2606machugen\n|t:|1663386787\n|gametype|singles\n|player|p1|superrouchuan|juan|1692\n|player|p2|machugen|artist|1731\n|teamsize|p1|6\n|teamsize|p2|6\n|gen|8\n|tier|[Gen 8] OU\n|rated|\n|rule|Sleep Clause Mod: Limit one foe put to sleep\n|rule|Species Clause: Limit one of each Pok\u00e9mon\n|rule|OHKO Clause: OHKO moves are banned\n|rule|Evasion Items Clause: Evasion items are banned\n|rule|Evasion Moves Clause: Evasion moves are banned\n|rule|Endless Battle Clause: Forcing endless battles is banned\n|rule|HP Percentage Mod: HP is shown in percentages\n|rule|Dynamax Clause: You cannot dynamax\n|clearpoke\n|poke|p1|Snorlax, M|\n|poke|p1|Tapu Lele|\n|poke|p1|Tyranitar, F|\n|poke|p1|Zapdos|\n|poke|p1|Garchomp, M|\n|poke|p1|Buzzwole|\n|poke|p2|Weavile, M|\n|poke|p2|Urshifu-*, M|\n|poke|p2|Mew|\n|poke|p2|Toxapex, M|\n|poke|p2|Landorus-Therian, M|\n|poke|p2|Tornadus-Therian, M|\n|teampreview\n|\n|t:|1663386794\n|start\n|switch|p1a: \u5361\u5723|Snorlax, M, shiny|100\/100\n|switch|p2a: Mew|Mew|100\/100\n|turn|1\n|\n|t:|1663386798\n|switch|p2a: Toxapex|Toxapex, M|100\/100\n|move|p1a: \u5361\u5723|Self-Destruct|p2a: Toxapex\n|-enditem|p1a: \u5361\u5723|Normal Gem|[from] gem\n|-damage|p2a: Toxapex|22\/100\n|faint|p1a: \u5361\u5723\n|-enditem|p2a: Toxapex|Eject Button\n|j| pulling teeff\n|\n|t:|1663386809\n|switch|p2a: Tornadus|Tornadus-Therian, M|100\/100\n|\n|upkeep\n|\n|t:|1663386813\n|switch|p1a: \u8001\u73ed|Tyranitar, F, shiny|100\/100\n|-weather|Sandstorm|[from] ability: Sand Stream|[of] p1a: \u8001\u73ed\n|turn|2\n|\n|t:|1663386822\n|move|p2a: Tornadus|U-turn|p1a: \u8001\u73ed\n|-supereffective|p1a: \u8001\u73ed\n|-damage|p1a: \u8001\u73ed|79\/100\n|\n|t:|1663386825\n|switch|p2a: Toxapex|Toxapex, M|56\/100|[from]move: U-turn\n|move|p1a: \u8001\u73ed|Earthquake|p2a: Toxapex\n|-supereffective|p2a: Toxapex\n|-damage|p2a: Toxapex|25\/100\n|\n|-weather|Sandstorm|[upkeep]\n|-damage|p2a: Toxapex|19\/100|[from] Sandstorm\n|-heal|p1a: \u8001\u73ed|85\/100|[from] item: Leftovers\n|upkeep\n|turn|3\n|j| Swaghetti Barnacle\n|l| Swaghetti Barnacle\n|\n|t:|1663386835\n|switch|p2a: Urshifu|Urshifu-Rapid-Strike, M|100\/100\n|move|p1a: \u8001\u73ed|Earthquake|p2a: Urshifu\n|-damage|p2a: Urshifu|71\/100\n|\n|-weather|Sandstorm|[upkeep]\n|-damage|p2a: Urshifu|65\/100|[from] Sandstorm\n|-heal|p1a: \u8001\u73ed|92\/100|[from] item: Leftovers\n|upkeep\n|turn|4\n|\n|t:|1663386838\n|move|p2a: Urshifu|Surging Strikes|p1a: \u8001\u73ed\n|-supereffective|p1a: \u8001\u73ed\n|-crit|p1a: \u8001\u73ed\n|-damage|p1a: \u8001\u73ed|61\/100\n|-supereffective|p1a: \u8001\u73ed\n|-crit|p1a: \u8001\u73ed\n|-damage|p1a: \u8001\u73ed|31\/100\n|-supereffective|p1a: \u8001\u73ed\n|-crit|p1a: \u8001\u73ed\n|-damage|p1a: \u8001\u73ed|2\/100\n|-hitcount|p1a: \u8001\u73ed|3\n|move|p1a: \u8001\u73ed|Stealth Rock|p2a: Urshifu\n|-sidestart|p2: machugen|move: Stealth Rock\n|\n|-weather|Sandstorm|[upkeep]\n|-damage|p2a: Urshifu|59\/100|[from] Sandstorm\n|-heal|p1a: \u8001\u73ed|8\/100|[from] item: Leftovers\n|upkeep\n|turn|5\n|\n|t:|1663386845\n|switch|p1a: \u9e1f\u54e5|Zapdos, shiny|100\/100\n|move|p2a: Urshifu|Surging Strikes|p1a: \u9e1f\u54e5\n|-crit|p1a: \u9e1f\u54e5\n|-damage|p1a: \u9e1f\u54e5|86\/100\n|-crit|p1a: \u9e1f\u54e5\n|-damage|p1a: \u9e1f\u54e5|71\/100\n|-crit|p1a: \u9e1f\u54e5\n|-damage|p1a: \u9e1f\u54e5|57\/100\n|-hitcount|p1a: \u9e1f\u54e5|3\n|\n|-weather|Sandstorm|[upkeep]\n|-damage|p2a: Urshifu|53\/100|[from] Sandstorm\n|-damage|p1a: \u9e1f\u54e5|51\/100|[from] Sandstorm\n|upkeep\n|turn|6\n|j| Yjustify\n|\n|t:|1663386861\n|move|p2a: Urshifu|Taunt|p1a: \u9e1f\u54e5\n|-start|p1a: \u9e1f\u54e5|move: Taunt\n|cant|p1a: \u9e1f\u54e5|move: Taunt|Roost\n|\n|-weather|none\n|upkeep\n|turn|7\n|\n|t:|1663386863\n|move|p2a: Urshifu|U-turn|p1a: \u9e1f\u54e5\n|-resisted|p1a: \u9e1f\u54e5\n|-damage|p1a: \u9e1f\u54e5|42\/100\n|\n|t:|1663386865\n|switch|p2a: Landorus|Landorus-Therian, M|100\/100|[from]move: U-turn\n|-damage|p2a: Landorus|88\/100|[from] Stealth Rock\n|-ability|p2a: Landorus|Intimidate|boost\n|-unboost|p1a: \u9e1f\u54e5|atk|1\n|move|p1a: \u9e1f\u54e5|Discharge|p2a: Landorus\n|-immune|p2a: Landorus\n|\n|-heal|p2a: Landorus|94\/100|[from] item: Leftovers\n|upkeep\n|turn|8\n|\n|t:|1663386869\n|switch|p1a: \u8001\u73ed|Tyranitar, F, shiny|8\/100\n|-weather|Sandstorm|[from] ability: Sand Stream|[of] p1a: \u8001\u73ed\n|move|p2a: Landorus|Stealth Rock|p1a: \u8001\u73ed\n|-sidestart|p1: superrouchuan|move: Stealth Rock\n|\n|-weather|Sandstorm|[upkeep]\n|-heal|p2a: Landorus|99\/100|[from] item: Leftovers\n|-heal|p1a: \u8001\u73ed|14\/100|[from] item: Leftovers\n|upkeep\n|turn|9\n|\n|t:|1663386871\n|move|p2a: Landorus|Earthquake|p1a: \u8001\u73ed\n|-supereffective|p1a: \u8001\u73ed\n|-damage|p1a: \u8001\u73ed|0 fnt\n|faint|p1a: \u8001\u73ed\n|\n|-weather|Sandstorm|[upkeep]\n|-heal|p2a: Landorus|100\/100|[from] item: Leftovers\n|upkeep\n|\n|t:|1663386875\n|switch|p1a: \u868a\u5927\u7237|Buzzwole|100\/100\n|-damage|p1a: \u868a\u5927\u7237|88\/100|[from] Stealth Rock\n|turn|10\n|\n|t:|1663386878\n|switch|p2a: Tornadus|Tornadus-Therian, M|100\/100\n|move|p1a: \u868a\u5927\u7237|Ice Punch|p2a: Tornadus\n|-supereffective|p2a: Tornadus\n|-damage|p2a: Tornadus|12\/100\n|-status|p2a: Tornadus|frz\n|\n|-weather|Sandstorm|[upkeep]\n|-damage|p2a: Tornadus|6\/100 frz|[from] Sandstorm\n|-damage|p1a: \u868a\u5927\u7237|82\/100|[from] Sandstorm\n|upkeep\n|turn|11\n|\n|t:|1663386890\n|switch|p2a: Toxapex|Toxapex, M|53\/100\n|-damage|p2a: Toxapex|40\/100|[from] Stealth Rock\n|switch|p1a: \u8776\u795e|Tapu Lele|100\/100\n|-damage|p1a: \u8776\u795e|88\/100|[from] Stealth Rock\n|-fieldstart|move: Psychic Terrain|[from] ability: Psychic Surge|[of] p1a: \u8776\u795e\n|\n|-weather|Sandstorm|[upkeep]\n|-damage|p1a: \u8776\u795e|82\/100|[from] Sandstorm\n|-damage|p2a: Toxapex|34\/100|[from] Sandstorm\n|upkeep\n|turn|12\n|\n|t:|1663386899\n|switch|p2a: Tornadus|Tornadus-Therian, M|40\/100 frz\n|move|p1a: \u8776\u795e|Moonblast|p2a: Tornadus\n|-damage|p2a: Tornadus|0 fnt\n|faint|p2a: Tornadus\n|\n|-weather|none\n|upkeep\n|\n|t:|1663386902\n|switch|p2a: Mew|Mew|100\/100\n|-damage|p2a: Mew|88\/100|[from] Stealth Rock\n|turn|13\n|\n|t:|1663386904\n|move|p1a: \u8776\u795e|Moonblast|p2a: Mew\n|-damage|p2a: Mew|54\/100\n|-unboost|p2a: Mew|spa|1\n|move|p2a: Mew|Knock Off|p1a: \u8776\u795e\n|-damage|p1a: \u8776\u795e|50\/100\n|-enditem|p1a: \u8776\u795e|Choice Scarf|[from] move: Knock Off|[of] p2a: Mew\n|\n|-heal|p2a: Mew|61\/100|[from] item: Leftovers\n|upkeep\n|turn|14\n|\n|t:|1663386911\n|move|p1a: \u8776\u795e|Moonblast|p2a: Mew\n|-damage|p2a: Mew|21\/100\n|-unboost|p2a: Mew|spa|1\n|move|p2a: Mew|Roost|p2a: Mew\n|-heal|p2a: Mew|71\/100\n|-singleturn|p2a: Mew|move: Roost\n|\n|-heal|p2a: Mew|77\/100|[from] item: Leftovers\n|upkeep\n|turn|15\n|\n|t:|1663386916\n|move|p1a: \u8776\u795e|Psychic|p2a: Mew\n|-resisted|p2a: Mew\n|-damage|p2a: Mew|53\/100\n|move|p2a: Mew|Roost|p2a: Mew\n|-heal|p2a: Mew|100\/100\n|-singleturn|p2a: Mew|move: Roost\n|\n|-fieldend|move: Psychic Terrain\n|upkeep\n|turn|16\n|\n|t:|1663386925\n|switch|p1a: \u9f99\u7237\uff08\u867d\u7136\u8fd8\u662f\u4e0d\u4f1a\u9f99\u821e\uff09|Garchomp, M|100\/100\n|-damage|p1a: \u9f99\u7237\uff08\u867d\u7136\u8fd8\u662f\u4e0d\u4f1a\u9f99\u821e\uff09|94\/100|[from] Stealth Rock\n|move|p2a: Mew|Night Shade|p1a: \u9f99\u7237\uff08\u867d\u7136\u8fd8\u662f\u4e0d\u4f1a\u9f99\u821e\uff09\n|-damage|p1a: \u9f99\u7237\uff08\u867d\u7136\u8fd8\u662f\u4e0d\u4f1a\u9f99\u821e\uff09|66\/100\n|\n|upkeep\n|turn|17\n|j| guozi\n|\n|t:|1663386936\n|move|p1a: \u9f99\u7237\uff08\u867d\u7136\u8fd8\u662f\u4e0d\u4f1a\u9f99\u821e\uff09|Dragon Claw|p2a: Mew\n|-damage|p2a: Mew|45\/100\n|move|p2a: Mew|Taunt|p1a: \u9f99\u7237\uff08\u867d\u7136\u8fd8\u662f\u4e0d\u4f1a\u9f99\u821e\uff09\n|-start|p1a: \u9f99\u7237\uff08\u867d\u7136\u8fd8\u662f\u4e0d\u4f1a\u9f99\u821e\uff09|move: Taunt\n|\n|-heal|p2a: Mew|51\/100|[from] item: Leftovers\n|upkeep\n|turn|18\n|\n|t:|1663386941\n|switch|p2a: Toxapex|Toxapex, M|68\/100\n|-damage|p2a: Toxapex|56\/100|[from] Stealth Rock\n|move|p1a: \u9f99\u7237\uff08\u867d\u7136\u8fd8\u662f\u4e0d\u4f1a\u9f99\u821e\uff09|Dragon Claw|p2a: Toxapex\n|-damage|p2a: Toxapex|17\/100\n|\n|upkeep\n|turn|19\n|l| guozi\n|\n|t:|1663386944\n|switch|p2a: Landorus|Landorus-Therian, M|100\/100\n|-damage|p2a: Landorus|88\/100|[from] Stealth Rock\n|-ability|p2a: Landorus|Intimidate|boost\n|-unboost|p1a: \u9f99\u7237\uff08\u867d\u7136\u8fd8\u662f\u4e0d\u4f1a\u9f99\u821e\uff09|atk|1\n|move|p1a: \u9f99\u7237\uff08\u867d\u7136\u8fd8\u662f\u4e0d\u4f1a\u9f99\u821e\uff09|Dragon Claw|p2a: Landorus\n|-damage|p2a: Landorus|41\/100\n|\n|-heal|p2a: Landorus|47\/100|[from] item: Leftovers\n|upkeep\n|turn|20\n|\n|t:|1663386947\n|move|p1a: \u9f99\u7237\uff08\u867d\u7136\u8fd8\u662f\u4e0d\u4f1a\u9f99\u821e\uff09|Dragon Claw|p2a: Landorus\n|-damage|p2a: Landorus|0 fnt\n|faint|p2a: Landorus\n|\n|-end|p1a: \u9f99\u7237\uff08\u867d\u7136\u8fd8\u662f\u4e0d\u4f1a\u9f99\u821e\uff09|move: Taunt\n|upkeep\n|\n|t:|1663386954\n|switch|p2a: Toxapex|Toxapex, M|50\/100\n|-damage|p2a: Toxapex|38\/100|[from] Stealth Rock\n|turn|21\n|\n|t:|1663386962\n|switch|p2a: Mew|Mew|51\/100\n|-damage|p2a: Mew|39\/100|[from] Stealth Rock\n|move|p1a: \u9f99\u7237\uff08\u867d\u7136\u8fd8\u662f\u4e0d\u4f1a\u9f99\u821e\uff09|Dragon Claw|p2a: Mew\n|-damage|p2a: Mew|0 fnt\n|faint|p2a: Mew\n|\n|upkeep\n|\n|t:|1663386965\n|switch|p2a: Weavile|Weavile, M|100\/100\n|-damage|p2a: Weavile|76\/100|[from] Stealth Rock\n|-ability|p2a: Weavile|Pressure\n|turn|22\n|inactive|Battle timer is ON: inactive players will automatically lose when time's up. (requested by machugen)\n|\n|t:|1663386977\n|move|p2a: Weavile|Triple Axel|p1a: \u9f99\u7237\uff08\u867d\u7136\u8fd8\u662f\u4e0d\u4f1a\u9f99\u821e\uff09\n|-supereffective|p1a: \u9f99\u7237\uff08\u867d\u7136\u8fd8\u662f\u4e0d\u4f1a\u9f99\u821e\uff09\n|-damage|p1a: \u9f99\u7237\uff08\u867d\u7136\u8fd8\u662f\u4e0d\u4f1a\u9f99\u821e\uff09|0 fnt\n|-damage|p2a: Weavile|63\/100|[from] ability: Rough Skin|[of] p1a: \u9f99\u7237\uff08\u867d\u7136\u8fd8\u662f\u4e0d\u4f1a\u9f99\u821e\uff09\n|faint|p1a: \u9f99\u7237\uff08\u867d\u7136\u8fd8\u662f\u4e0d\u4f1a\u9f99\u821e\uff09\n|-hitcount|p1: \u9f99\u7237\uff08\u867d\u7136\u8fd8\u662f\u4e0d\u4f1a\u9f99\u821e\uff09|1\n|\n|upkeep\n|\n|t:|1663386983\n|switch|p1a: \u868a\u5927\u7237|Buzzwole|82\/100\n|-damage|p1a: \u868a\u5927\u7237|70\/100|[from] Stealth Rock\n|turn|23\n|\n|t:|1663386986\n|move|p2a: Weavile|Triple Axel|p1a: \u868a\u5927\u7237\n|-damage|p1a: \u868a\u5927\u7237|57\/100\n|-damage|p1a: \u868a\u5927\u7237|34\/100\n|-damage|p1a: \u868a\u5927\u7237|0 fnt\n|faint|p1a: \u868a\u5927\u7237\n|-hitcount|p1: \u868a\u5927\u7237|3\n|\n|upkeep\n|\n|t:|1663386996\n|switch|p1a: \u8776\u795e|Tapu Lele|50\/100\n|-damage|p1a: \u8776\u795e|38\/100|[from] Stealth Rock\n|-fieldstart|move: Psychic Terrain|[from] ability: Psychic Surge|[of] p1a: \u8776\u795e\n|turn|24\n|\n|t:|1663386999\n|move|p2a: Weavile|Triple Axel|p1a: \u8776\u795e\n|-damage|p1a: \u8776\u795e|11\/100\n|-damage|p1a: \u8776\u795e|0 fnt\n|faint|p1a: \u8776\u795e\n|-hitcount|p1: \u8776\u795e|2\n|\n|upkeep\n|\n|t:|1663387007\n|switch|p1a: \u9e1f\u54e5|Zapdos, shiny|42\/100\n|-damage|p1a: \u9e1f\u54e5|17\/100|[from] Stealth Rock\n|turn|25\n|\n|t:|1663387009\n|move|p2a: Weavile|Triple Axel|p1a: \u9e1f\u54e5\n|-supereffective|p1a: \u9e1f\u54e5\n|-damage|p1a: \u9e1f\u54e5|0 fnt\n|-damage|p2a: Weavile|47\/100|[from] item: Rocky Helmet|[of] p1a: \u9e1f\u54e5\n|-status|p2a: Weavile|par|[from] ability: Static|[of] p1a: \u9e1f\u54e5\n|faint|p1a: \u9e1f\u54e5\n|-hitcount|p1: \u9e1f\u54e5|1\n|\n|win|machugen\n|raw|superrouchuan's rating: 1692 &rarr; <strong>1674<\/strong><br \/>(-18 for losing)\n|raw|machugen's rating: 1731 &rarr; <strong>1749<\/strong><br \/>(+18 for winning)\n","uploadtime":1663387011,"views":28,"p1id":"superrouchuan","p2id":"machugen","formatid":"gen8ou","rating":1674,"private":0,"password":null}