{"id":"gen8randomdoublesbattle-1706957759","p1":"condetiquimic","p2":"Baccoooo","format":"gen8randomdoublesbattle","log":"|j|\u2606condetiquimic\n|j|\u2606Baccoooo\n|t:|1668036278\n|gametype|doubles\n|player|p1|condetiquimic|rocketgrunt|1525\n|player|p2|Baccoooo|pokemaniac|1527\n|teamsize|p1|6\n|teamsize|p2|6\n|gen|8\n|tier|[Gen 8] Random Doubles Battle\n|rated|\n|rule|Species Clause: Limit one of each Pok\u00e9mon\n|rule|HP Percentage Mod: HP is shown in percentages\n|\n|t:|1668036278\n|start\n|switch|p1a: Zapdos|Zapdos-Galar, L76|262\/262\n|switch|p1b: Ribombee|Ribombee, L84, F|238\/238\n|switch|p2a: Audino|Audino, L90, M|332\/332\n|switch|p2b: Regice|Regice, L87|281\/281\n|turn|1\n|inactive|Battle timer is ON: inactive players will automatically lose when time's up. (requested by Baccoooo)\n|\n|t:|1668036316\n|switch|p2a: Decidueye|Decidueye, L88, M|281\/281\n|move|p1b: Ribombee|Sticky Web|p2a: Decidueye\n|-sidestart|p2: Baccoooo|move: Sticky Web\n|move|p1a: Zapdos|Bulk Up|p1a: Zapdos\n|-boost|p1a: Zapdos|atk|1\n|-boost|p1a: Zapdos|def|1\n|move|p2b: Regice|Ice Beam|p1a: Zapdos\n|-supereffective|p1a: Zapdos\n|-damage|p1a: Zapdos|44\/262\n|-status|p1a: Zapdos|frz\n|\n|upkeep\n|turn|2\n|\n|t:|1668036345\n|move|p2a: Decidueye|Shadow Sneak|p1a: Zapdos\n|-damage|p1a: Zapdos|0 fnt\n|faint|p1a: Zapdos\n|-damage|p2a: Decidueye|253\/281|[from] item: Life Orb\n|move|p1b: Ribombee|Moonblast|p2a: Decidueye\n|-damage|p2a: Decidueye|162\/281\n|move|p2b: Regice|Icy Wind|p1b: Ribombee\n|-damage|p1b: Ribombee|168\/238\n|-unboost|p1b: Ribombee|spe|1\n|\n|upkeep\n|\n|t:|1668036356\n|switch|p1a: Vanilluxe|Vanilluxe, L82, F|251\/251\n|-weather|Hail|[from] ability: Snow Warning|[of] p1a: Vanilluxe\n|turn|3\n|\n|t:|1668036373\n|move|p1a: Vanilluxe|Aurora Veil|p1a: Vanilluxe\n|-sidestart|p1: condetiquimic|move: Aurora Veil\n|move|p2a: Decidueye|Spirit Shackle|p1b: Ribombee\n|-damage|p1b: Ribombee|56\/238\n|-activate|p1b: Ribombee|trapped\n|-enditem|p1b: Ribombee|Sitrus Berry|[eat]\n|-heal|p1b: Ribombee|115\/238|[from] item: Sitrus Berry\n|-damage|p2a: Decidueye|134\/281|[from] item: Life Orb\n|move|p1b: Ribombee|Moonblast|p2a: Decidueye\n|-damage|p2a: Decidueye|47\/281\n|move|p2b: Regice|Focus Blast|p1a: Vanilluxe|[miss]\n|-miss|p2b: Regice|p1a: Vanilluxe\n|\n|-weather|Hail|[upkeep]\n|-damage|p2a: Decidueye|30\/281|[from] Hail\n|-damage|p1b: Ribombee|101\/238|[from] Hail\n|upkeep\n|turn|4\n|inactive|condetiquimic has 120 seconds left.\n|\n|t:|1668036403\n|move|p1a: Vanilluxe|Protect|p1a: Vanilluxe\n|-singleturn|p1a: Vanilluxe|Protect\n|move|p2a: Decidueye|Spirit Shackle|p1b: Ribombee\n|-damage|p1b: Ribombee|0 fnt\n|faint|p1b: Ribombee\n|-damage|p2a: Decidueye|2\/281|[from] item: Life Orb\n|move|p2b: Regice|Focus Blast|p1a: Vanilluxe\n|-activate|p1a: Vanilluxe|move: Protect\n|\n|-weather|Hail|[upkeep]\n|-damage|p2a: Decidueye|0 fnt|[from] Hail\n|faint|p2a: Decidueye\n|upkeep\n|inactive|Baccoooo has 120 seconds left.\n|\n|t:|1668036440\n|switch|p1b: Cofagrigus|Cofagrigus, L88, F|245\/245\n|switch|p2a: Necrozma|Necrozma-Dusk-Mane, L72|259\/259\n|-activate|p2a: Necrozma|move: Sticky Web\n|-unboost|p2a: Necrozma|spe|1\n|turn|5\n|inactive|Baccoooo has 120 seconds left.\n|\n|t:|1668036470\n|switch|p2a: Slowking|Slowking-Galar, L86, M|304\/304\n|-activate|p2a: Slowking|move: Sticky Web\n|-unboost|p2a: Slowking|spe|1\n|move|p1a: Vanilluxe|Explosion|p2a: Slowking|[spread] p2a,p2b\n|-immune|p1b: Cofagrigus\n|-damage|p2a: Slowking|182\/304\n|-damage|p2b: Regice|181\/281\n|faint|p1a: Vanilluxe\n|move|p2b: Regice|Ice Beam|p1b: Cofagrigus\n|-damage|p1b: Cofagrigus|192\/245\n|move|p1b: Cofagrigus|Iron Defense|p1b: Cofagrigus\n|-boost|p1b: Cofagrigus|def|2\n|\n|-weather|Hail|[upkeep]\n|-damage|p1b: Cofagrigus|177\/245|[from] Hail\n|-damage|p2a: Slowking|163\/304|[from] Hail\n|upkeep\n|\n|t:|1668036486\n|switch|p1a: Cloyster|Cloyster, L84, F|221\/221\n|turn|6\n|inactive|Baccoooo has 120 seconds left.\n|\n|t:|1668036523\n|-start|p1b: Cofagrigus|Dynamax|\n|-heal|p1b: Cofagrigus|354\/490|[silent]\n|move|p1a: Cloyster|Shell Smash|p1a: Cloyster\n|-unboost|p1a: Cloyster|def|1\n|-unboost|p1a: Cloyster|spd|1\n|-boost|p1a: Cloyster|atk|2\n|-boost|p1a: Cloyster|spa|2\n|-boost|p1a: Cloyster|spe|2\n|-enditem|p1a: Cloyster|White Herb\n|-clearnegativeboost|p1a: Cloyster|[silent]\n|move|p2b: Regice|Thunderbolt|p1a: Cloyster\n|-supereffective|p1a: Cloyster\n|-damage|p1a: Cloyster|68\/221\n|move|p1b: Cofagrigus|Max Phantasm|p2a: Slowking\n|-supereffective|p2a: Slowking\n|-damage|p2a: Slowking|0 fnt\n|-fail|p2b: Regice|unboost|[from] ability: Clear Body|[of] p2b: Regice\n|faint|p2a: Slowking\n|\n|-weather|Hail|[upkeep]\n|-damage|p1b: Cofagrigus|339\/490|[from] Hail\n|upkeep\n|inactive|Baccoooo has 90 seconds left.\n|\n|t:|1668036553\n|switch|p2a: Hydreigon|Hydreigon, L84, F|292\/292\n|turn|7\n|\n|t:|1668036564\n|-start|p2a: Hydreigon|Dynamax|\n|-heal|p2a: Hydreigon|584\/584|[silent]\n|move|p1a: Cloyster|Protect|p1a: Cloyster\n|-singleturn|p1a: Cloyster|Protect\n|move|p2a: Hydreigon|Max Darkness|p1b: Cofagrigus\n|-supereffective|p1b: Cofagrigus\n|-damage|p1b: Cofagrigus|138\/490\n|-unboost|p1a: Cloyster|spd|1\n|-unboost|p1b: Cofagrigus|spd|1\n|-enditem|p1b: Cofagrigus|Sitrus Berry|[eat]\n|-heal|p1b: Cofagrigus|199\/490|[from] item: Sitrus Berry\n|move|p2b: Regice|Thunderbolt|p1a: Cloyster\n|-activate|p1a: Cloyster|move: Protect\n|move|p1b: Cofagrigus|Max Knuckle|p2b: Regice\n|-supereffective|p2b: Regice\n|-damage|p2b: Regice|129\/281\n|-boost|p1a: Cloyster|atk|1\n|-boost|p1b: Cofagrigus|atk|1\n|\n|-weather|none\n|upkeep\n|turn|8\n|inactive|Baccoooo has 120 seconds left.\n|\n|t:|1668036597\n|move|p1a: Cloyster|Icicle Spear|p2a: Hydreigon\n|-supereffective|p2a: Hydreigon\n|-damage|p2a: Hydreigon|464\/584\n|-supereffective|p2a: Hydreigon\n|-damage|p2a: Hydreigon|330\/584\n|-supereffective|p2a: Hydreigon\n|-damage|p2a: Hydreigon|202\/584\n|-enditem|p2a: Hydreigon|Sitrus Berry|[eat]\n|-heal|p2a: Hydreigon|275\/584|[from] item: Sitrus Berry\n|-supereffective|p2a: Hydreigon\n|-crit|p2a: Hydreigon\n|-damage|p2a: Hydreigon|71\/584\n|-supereffective|p2a: Hydreigon\n|-damage|p2a: Hydreigon|0 fnt\n|faint|p2a: Hydreigon\n|-hitcount|p2: Hydreigon|5\n|move|p2b: Regice|Thunderbolt|p1a: Cloyster\n|-supereffective|p1a: Cloyster\n|-damage|p1a: Cloyster|0 fnt\n|faint|p1a: Cloyster\n|move|p1b: Cofagrigus|Max Knuckle|p2b: Regice\n|-supereffective|p2b: Regice\n|-damage|p2b: Regice|53\/281\n|-boost|p1b: Cofagrigus|atk|1\n|\n|upkeep\n|inactive|Baccoooo has 90 seconds left.\n|\n|t:|1668036635\n|switch|p2a: Audino|Audino, L90, M|332\/332\n|switch|p1a: Urshifu|Urshifu, L76, M|277\/277\n|-activate|p2a: Audino|move: Sticky Web\n|-unboost|p2a: Audino|spe|1\n|-end|p1b: Cofagrigus|Dynamax\n|-heal|p1b: Cofagrigus|100\/245|[silent]\n|turn|9\n|\n|t:|1668036655\n|switch|p2a: Necrozma|Necrozma-Dusk-Mane, L72|259\/259\n|-activate|p2a: Necrozma|move: Sticky Web\n|-unboost|p2a: Necrozma|spe|1\n|move|p1a: Urshifu|Wicked Blow|p2b: Regice\n|-crit|p2b: Regice\n|-damage|p2b: Regice|0 fnt\n|faint|p2b: Regice\n|-damage|p1a: Urshifu|250\/277|[from] item: Life Orb\n|move|p1b: Cofagrigus|Pain Split|p2a: Necrozma\n|-sethp|p2a: Necrozma|179\/259|[from] move: Pain Split|[silent]\n|-sethp|p1b: Cofagrigus|179\/245|[from] move: Pain Split\n|\n|upkeep\n|\n|t:|1668036662\n|switch|p2b: Audino|Audino, L90, M|332\/332\n|-activate|p2b: Audino|move: Sticky Web\n|-unboost|p2b: Audino|spe|1\n|turn|10\n|\n|t:|1668036683\n|move|p1a: Urshifu|Wicked Blow|p2a: Necrozma\n|-supereffective|p2a: Necrozma\n|-crit|p2a: Necrozma\n|-damage|p2a: Necrozma|0 fnt\n|faint|p2a: Necrozma\n|-damage|p1a: Urshifu|223\/277|[from] item: Life Orb\n|move|p1b: Cofagrigus|Body Press|p2b: Audino\n|-supereffective|p2b: Audino\n|-damage|p2b: Audino|10\/332\n|-enditem|p2b: Audino|Sitrus Berry|[eat]\n|-heal|p2b: Audino|93\/332|[from] item: Sitrus Berry\n|move|p2b: Audino|Body Slam|p1a: Urshifu\n|-damage|p1a: Urshifu|169\/277\n|-status|p1a: Urshifu|par\n|\n|-sideend|p1: condetiquimic|move: Aurora Veil\n|upkeep\n|turn|11\n|inactive|Baccoooo has 120 seconds left.\n|-message|Baccoooo forfeited.\n|\n|win|condetiquimic\n|raw|condetiquimic's rating: 1525 &rarr; <strong>1545<\/strong><br \/>(+20 for winning)\n|raw|Baccoooo's rating: 1527 &rarr; <strong>1507<\/strong><br \/>(-20 for losing)\n|l|\u2606Baccoooo\n","inputlog":">version 453a3ad56483cc6a5c08448f6577d394b68621b7\n>start {\"formatid\":\"gen8randomdoublesbattle\",\"seed\":[49237,35922,17963,5643],\"rated\":\"Rated battle\"}\n>player p1 {\"name\":\"condetiquimic\",\"avatar\":\"rocketgrunt\",\"rating\":1525,\"seed\":[21162,58119,48926,33735]}\n>player p2 {\"name\":\"Baccoooo\",\"avatar\":\"pokemaniac\",\"rating\":1527,\"seed\":[46562,53649,48848,46905]}\n>p1 move bulkup, move stickyweb\n>p2 switch 6, move icebeam +1\n>p1 move closecombat +2, move moonblast +1\n>p2 move shadowsneak +1, move icywind\n>p1 switch 4, pass\n>p1 move auroraveil, move moonblast +1\n>p2 move spiritshackle +2, move focusblast +1\n>p1 move protect, move moonblast +1\n>p2 move spiritshackle +2, move focusblast +1\n>p1 pass, switch 6\n>p2 switch 5, pass\n>p1 move explosion, move irondefense\n>p2 switch 4, move icebeam +2\n>p1 switch 3, pass\n>p1 move shellsmash, move shadowball +1 dynamax\n>p2 move psychic +1, move thunderbolt +1\n>p2 switch 3, pass\n>p1 move protect, move bodypress +2 dynamax\n>p2 move darkpulse +2 dynamax, move thunderbolt +1\n>p1 move iciclespear +1, move bodypress +2 dynamax\n>p2 move darkpulse +1 dynamax, move thunderbolt +1\n>p1 switch 5, pass\n>p2 switch 6, pass\n>p1 move wickedblow +2, move painsplit +1\n>p2 switch 4, move icywind\n>p2 pass, switch 4\n>p1 move wickedblow +1, move bodypress +2\n>p2 move photongeyser +2, move bodyslam +1\n>forcelose p2","uploadtime":1668036698,"views":3,"p1id":"condetiquimic","p2id":"baccoooo","formatid":"gen8randomdoublesbattle","rating":1507,"private":0,"password":null}