{"id":"gen8bdspou-1522436448","p1":"VirginJimmy99","p2":"Nihilego-Murders","format":"gen8bdspou","log":"|j|\u2606VirginJimmy99\n|j|\u2606Nihilego-Murders\n|t:|1646284636\n|gametype|singles\n|player|p1|VirginJimmy99|169|1575\n|player|p2|Nihilego-Murders|hilbert|1544\n|teamsize|p1|6\n|teamsize|p2|6\n|gen|8\n|tier|[Gen 8 BDSP] OU\n|rated|\n|rule|Sleep Clause Mod: Limit one foe put to sleep\n|rule|Species Clause: Limit one of each Pok\u00e9mon\n|rule|OHKO Clause: OHKO moves are banned\n|rule|Evasion Moves Clause: Evasion moves are banned\n|rule|Endless Battle Clause: Forcing endless battles is banned\n|rule|HP Percentage Mod: HP is shown in percentages\n|clearpoke\n|poke|p1|Farfetch\u2019d, M|\n|poke|p1|Ariados, F|\n|poke|p1|Infernape, F|\n|poke|p1|Rotom|\n|poke|p1|Weavile, F|\n|poke|p1|Starmie|\n|poke|p2|Blissey, F|\n|poke|p2|Gliscor, M|\n|poke|p2|Skarmory, M|\n|poke|p2|Slowking, M|\n|poke|p2|Tangrowth, M|\n|poke|p2|Ditto|\n|teampreview\n|\n|t:|1646284648\n|start\n|switch|p1a: Ariados|Ariados, F|100\/100\n|switch|p2a: Gliscor|Gliscor, M|100\/100\n|turn|1\n|\n|t:|1646284652\n|move|p2a: Gliscor|Substitute|p2a: Gliscor\n|-start|p2a: Gliscor|Substitute\n|-damage|p2a: Gliscor|76\/100\n|move|p1a: Ariados|Sticky Web|p2a: Gliscor\n|-sidestart|p2: Nihilego-Murders|move: Sticky Web\n|\n|-status|p2a: Gliscor|tox|[from] item: Toxic Orb\n|upkeep\n|turn|2\n|\n|t:|1646284716\n|switch|p1a: Rotom|Rotom|100\/100\n|move|p2a: Gliscor|Knock Off|p1a: Rotom\n|-supereffective|p1a: Rotom\n|-damage|p1a: Rotom|32\/100\n|-enditem|p1a: Rotom|Leftovers|[from] move: Knock Off|[of] p2a: Gliscor\n|\n|-heal|p2a: Gliscor|88\/100 tox|[from] ability: Poison Heal\n|upkeep\n|turn|3\n|\n|t:|1646284721\n|move|p2a: Gliscor|Defog|p1a: Rotom\n|-unboost|p1a: Rotom|evasion|1\n|-sideend|p2: Nihilego-Murders|Sticky Web|[from] move: Defog|[of] p2a: Gliscor\n|move|p1a: Rotom|Shadow Ball|p2a: Gliscor\n|-end|p2a: Gliscor|Substitute\n|\n|-heal|p2a: Gliscor|99\/100 tox|[from] ability: Poison Heal\n|upkeep\n|turn|4\n|\n|t:|1646284727\n|move|p2a: Gliscor|Substitute|p2a: Gliscor\n|-start|p2a: Gliscor|Substitute\n|-damage|p2a: Gliscor|75\/100 tox\n|move|p1a: Rotom|Shadow Ball|p2a: Gliscor\n|-end|p2a: Gliscor|Substitute\n|\n|-heal|p2a: Gliscor|88\/100 tox|[from] ability: Poison Heal\n|upkeep\n|turn|5\n|\n|t:|1646284730\n|move|p2a: Gliscor|Knock Off|p1a: Rotom\n|-supereffective|p1a: Rotom\n|-damage|p1a: Rotom|0 fnt\n|faint|p1a: Rotom\n|\n|-heal|p2a: Gliscor|99\/100 tox|[from] ability: Poison Heal\n|upkeep\n|\n|t:|1646284736\n|switch|p1a: Starmie|Starmie|100\/100\n|turn|6\n|\n|t:|1646284744\n|switch|p1a: Infernape|Infernape, F|100\/100\n|move|p2a: Gliscor|Protect||[still]\n|-fail|p2a: Gliscor\n|\n|-heal|p2a: Gliscor|100\/100 tox|[from] ability: Poison Heal\n|upkeep\n|turn|7\n|\n|t:|1646284748\n|switch|p1a: Starmie|Starmie|100\/100\n|move|p2a: Gliscor|Knock Off|p1a: Starmie\n|-supereffective|p1a: Starmie\n|-damage|p1a: Starmie|38\/100\n|-enditem|p1a: Starmie|Life Orb|[from] move: Knock Off|[of] p2a: Gliscor\n|\n|upkeep\n|turn|8\n|\n|t:|1646284775\n|switch|p2a: Blissey|Blissey, F|100\/100\n|move|p1a: Starmie|Recover|p1a: Starmie\n|-heal|p1a: Starmie|88\/100\n|\n|upkeep\n|turn|9\n|\n|t:|1646284781\n|switch|p1a: Infernape|Infernape, F|100\/100\n|move|p2a: Blissey|Thunder Wave|p1a: Infernape\n|-status|p1a: Infernape|par\n|\n|upkeep\n|turn|10\n|\n|t:|1646284790\n|switch|p1a: Weavile|Weavile, F|100\/100\n|-ability|p1a: Weavile|Pressure\n|switch|p2a: Gliscor|Gliscor, M|100\/100 tox\n|\n|upkeep\n|turn|11\n|\n|t:|1646284797\n|switch|p2a: Skarmory|Skarmory, M|100\/100\n|move|p1a: Weavile|Icicle Crash|p2a: Skarmory\n|-damage|p2a: Skarmory|65\/100\n|\n|upkeep\n|turn|12\n|\n|t:|1646284832\n|move|p1a: Weavile|Icicle Crash|p2a: Skarmory\n|-damage|p2a: Skarmory|26\/100\n|move|p2a: Skarmory|Roost|p2a: Skarmory\n|-heal|p2a: Skarmory|76\/100\n|-singleturn|p2a: Skarmory|move: Roost\n|\n|upkeep\n|turn|13\n|\n|t:|1646284836\n|switch|p2a: Slowking|Slowking, M|100\/100\n|move|p1a: Weavile|Icicle Crash|p2a: Slowking\n|-resisted|p2a: Slowking\n|-damage|p2a: Slowking|68\/100\n|\n|-heal|p2a: Slowking|74\/100|[from] item: Leftovers\n|upkeep\n|turn|14\n|\n|t:|1646284840\n|switch|p1a: Ariados|Ariados, F|100\/100\n|move|p2a: Slowking|Scald|p1a: Ariados\n|-damage|p1a: Ariados|33\/100\n|-status|p1a: Ariados|brn\n|\n|-heal|p2a: Slowking|80\/100|[from] item: Leftovers\n|-damage|p1a: Ariados|27\/100 brn|[from] brn\n|upkeep\n|turn|15\n|\n|t:|1646284847\n|switch|p1a: Starmie|Starmie|88\/100\n|switch|p2a: Gliscor|Gliscor, M|100\/100 tox\n|\n|upkeep\n|turn|16\n|\n|t:|1646284852\n|switch|p1a: Weavile|Weavile, F|100\/100\n|-ability|p1a: Weavile|Pressure\n|move|p2a: Gliscor|Protect||[still]\n|-fail|p2a: Gliscor\n|\n|upkeep\n|turn|17\n|\n|t:|1646284856\n|move|p2a: Gliscor|Protect|p2a: Gliscor\n|-singleturn|p2a: Gliscor|Protect\n|move|p1a: Weavile|Icicle Crash|p2a: Gliscor\n|-activate|p2a: Gliscor|move: Protect\n|\n|upkeep\n|turn|18\n|\n|t:|1646284882\n|switch|p1a: Infernape|Infernape, F|100\/100 par\n|switch|p2a: Slowking|Slowking, M|100\/100\n|\n|upkeep\n|turn|19\n|\n|t:|1646284887\n|switch|p1a: Weavile|Weavile, F|100\/100\n|-ability|p1a: Weavile|Pressure\n|move|p2a: Slowking|Scald|p1a: Weavile\n|-damage|p1a: Weavile|47\/100\n|-status|p1a: Weavile|brn\n|\n|-damage|p1a: Weavile|41\/100 brn|[from] brn\n|upkeep\n|turn|20\n|c|\u2606VirginJimmy99|gg\n|-message|VirginJimmy99 forfeited.\n|\n|win|Nihilego-Murders\n|raw|VirginJimmy99's rating: 1594 &rarr; <strong>1571<\/strong><br \/>(-23 for losing)\n|raw|Nihilego-Murders's rating: 1544 &rarr; <strong>1567<\/strong><br \/>(+23 for winning)\n|l|\u2606VirginJimmy99\n","uploadtime":1646284911,"views":18,"p1id":"virginjimmy99","p2id":"nihilegomurders","formatid":"gen8bdspou","rating":1567,"private":0,"password":null}