{"id":"gen8ou-1685247423","p1":"andrewm0n","p2":"minimax_ai","format":"gen8ou","log":"|html|<div class=\"broadcast-blue\"><strong>[Gen 8] OU is currently suspecting Melmetal! For information on how to participate check out the <a href=\"https:\/\/www.smogon.com\/forums\/threads\/np-ss-ou-suspect-process-round-12-monster-mash.3709234\/\">suspect thread<\/a>.<\/strong><\/div>\n|j|\u2606andrewm0n\n|j|\u203dminimax_ai\n|t:|1665711798\n|gametype|singles\n|player|p1|andrewm0n|169|1694\n|player|p2|minimax_ai|101|1644\n|teamsize|p1|6\n|teamsize|p2|6\n|gen|8\n|tier|[Gen 8] OU\n|rated|\n|rule|Sleep Clause Mod: Limit one foe put to sleep\n|rule|Species Clause: Limit one of each Pok\u00e9mon\n|rule|OHKO Clause: OHKO moves are banned\n|rule|Evasion Items Clause: Evasion items are banned\n|rule|Evasion Moves Clause: Evasion moves are banned\n|rule|Endless Battle Clause: Forcing endless battles is banned\n|rule|HP Percentage Mod: HP is shown in percentages\n|rule|Dynamax Clause: You cannot dynamax\n|clearpoke\n|poke|p1|Blaziken, M|\n|poke|p1|Clefable, F|\n|poke|p1|Corviknight, M|\n|poke|p1|Seismitoad, M|\n|poke|p1|Slowbro-Galar, M|\n|poke|p1|Tyranitar, M|\n|poke|p2|Rotom-Wash|\n|poke|p2|Weavile, M|\n|poke|p2|Landorus-Therian, M|\n|poke|p2|Heatran, M|\n|poke|p2|Tangrowth, F|\n|poke|p2|Melmetal|\n|teampreview\n|inactive|Battle timer is ON: inactive players will automatically lose when time's up. (requested by minimax_ai)\n|\n|t:|1665711822\n|start\n|switch|p1a: Slowbro|Slowbro-Galar, M|100\/100\n|switch|p2a: Landorus|Landorus-Therian, M|100\/100\n|-ability|p2a: Landorus|Intimidate|boost\n|-unboost|p1a: Slowbro|atk|1\n|turn|1\n|\n|t:|1665711826\n|move|p2a: Landorus|Earthquake|p1a: Slowbro\n|-supereffective|p1a: Slowbro\n|-damage|p1a: Slowbro|26\/100\n|move|p1a: Slowbro|Ice Beam|p2a: Landorus\n|-supereffective|p2a: Landorus\n|-damage|p2a: Landorus|30\/100\n|\n|-heal|p2a: Landorus|36\/100|[from] item: Leftovers\n|upkeep\n|turn|2\n|j| RazorForce21\n|\n|t:|1665711837\n|switch|p1a: Corviknight|Corviknight, M|100\/100\n|move|p2a: Landorus|Earthquake|p1a: Corviknight\n|-immune|p1a: Corviknight\n|\n|-heal|p2a: Landorus|42\/100|[from] item: Leftovers\n|upkeep\n|turn|3\n|\n|t:|1665711839\n|move|p2a: Landorus|Earthquake|p1a: Corviknight\n|-immune|p1a: Corviknight\n|move|p1a: Corviknight|Brave Bird|p2a: Landorus\n|-damage|p2a: Landorus|8\/100\n|-damage|p1a: Corviknight|90\/100|[from] Recoil\n|\n|-heal|p2a: Landorus|14\/100|[from] item: Leftovers\n|upkeep\n|turn|4\n|\n|t:|1665711842\n|switch|p2a: Rotom|Rotom-Wash|100\/100\n|move|p1a: Corviknight|Brave Bird|p2a: Rotom\n|-resisted|p2a: Rotom\n|-damage|p2a: Rotom|81\/100\n|-damage|p1a: Corviknight|85\/100|[from] Recoil\n|\n|-heal|p2a: Rotom|87\/100|[from] item: Leftovers\n|upkeep\n|turn|5\n|\n|t:|1665711845\n|switch|p1a: Seismitoad|Seismitoad, M|100\/100\n|move|p2a: Rotom|Hydro Pump|p1a: Seismitoad\n|-immune|p1a: Seismitoad|[from] ability: Water Absorb\n|\n|-heal|p2a: Rotom|94\/100|[from] item: Leftovers\n|upkeep\n|turn|6\n|\n|t:|1665711849\n|move|p2a: Rotom|Nasty Plot|p2a: Rotom\n|-boost|p2a: Rotom|spa|2\n|move|p1a: Seismitoad|Infestation|p2a: Rotom\n|-damage|p2a: Rotom|89\/100\n|-activate|p2a: Rotom|move: Infestation|[of] p1a: Seismitoad\n|\n|-heal|p2a: Rotom|95\/100|[from] item: Leftovers\n|-damage|p2a: Rotom|83\/100|[from] move: Infestation|[partiallytrapped]\n|upkeep\n|turn|7\n|\n|t:|1665711852\n|move|p2a: Rotom|Hydro Pump|p1a: Seismitoad\n|-immune|p1a: Seismitoad|[from] ability: Water Absorb\n|move|p1a: Seismitoad|Toxic|p2a: Rotom\n|-status|p2a: Rotom|tox\n|\n|-heal|p2a: Rotom|89\/100 tox|[from] item: Leftovers\n|-damage|p2a: Rotom|83\/100 tox|[from] psn\n|-damage|p2a: Rotom|70\/100 tox|[from] move: Infestation|[partiallytrapped]\n|upkeep\n|turn|8\n|\n|t:|1665711855\n|move|p2a: Rotom|Hydro Pump|p1a: Seismitoad\n|-immune|p1a: Seismitoad|[from] ability: Water Absorb\n|move|p1a: Seismitoad|Knock Off|p2a: Rotom\n|-damage|p2a: Rotom|48\/100 tox\n|-enditem|p2a: Rotom|Leftovers|[from] move: Knock Off|[of] p1a: Seismitoad\n|\n|-damage|p2a: Rotom|35\/100 tox|[from] psn\n|-damage|p2a: Rotom|23\/100 tox|[from] move: Infestation|[partiallytrapped]\n|upkeep\n|turn|9\n|\n|t:|1665711857\n|move|p2a: Rotom|Pain Split|p1a: Seismitoad\n|-sethp|p1a: Seismitoad|58\/100|[from] move: Pain Split|[silent]\n|-sethp|p2a: Rotom|79\/100 tox|[from] move: Pain Split\n|move|p1a: Seismitoad|Knock Off|p2a: Rotom\n|-damage|p2a: Rotom|65\/100 tox\n|\n|-heal|p1a: Seismitoad|65\/100|[from] item: Leftovers\n|-damage|p2a: Rotom|47\/100 tox|[from] psn\n|-damage|p2a: Rotom|34\/100 tox|[from] move: Infestation|[partiallytrapped]\n|upkeep\n|turn|10\n|\n|t:|1665711862\n|move|p2a: Rotom|Pain Split|p1a: Seismitoad\n|-sethp|p1a: Seismitoad|45\/100|[from] move: Pain Split|[silent]\n|-sethp|p2a: Rotom|61\/100 tox|[from] move: Pain Split\n|move|p1a: Seismitoad|Knock Off|p2a: Rotom\n|-damage|p2a: Rotom|47\/100 tox\n|\n|-heal|p1a: Seismitoad|51\/100|[from] item: Leftovers\n|-damage|p2a: Rotom|22\/100 tox|[from] psn\n|-end|p2a: Rotom|Infestation|[partiallytrapped]\n|upkeep\n|turn|11\n|j| crawdaunt sammy\n|\n|t:|1665711872\n|switch|p2a: Melmetal|Melmetal|100\/100\n|move|p1a: Seismitoad|Infestation|p2a: Melmetal\n|-resisted|p2a: Melmetal\n|-damage|p2a: Melmetal|99\/100\n|-activate|p2a: Melmetal|move: Infestation|[of] p1a: Seismitoad\n|\n|-heal|p1a: Seismitoad|57\/100|[from] item: Leftovers\n|-damage|p2a: Melmetal|87\/100|[from] move: Infestation|[partiallytrapped]\n|upkeep\n|turn|12\n|\n|t:|1665711874\n|move|p1a: Seismitoad|Earth Power|p2a: Melmetal\n|-supereffective|p2a: Melmetal\n|-damage|p2a: Melmetal|59\/100\n|-unboost|p2a: Melmetal|spd|1\n|move|p2a: Melmetal|Earthquake|p1a: Seismitoad\n|-damage|p1a: Seismitoad|26\/100\n|\n|-heal|p1a: Seismitoad|32\/100|[from] item: Leftovers\n|-damage|p2a: Melmetal|47\/100|[from] move: Infestation|[partiallytrapped]\n|upkeep\n|turn|13\n|\n|t:|1665711876\n|move|p1a: Seismitoad|Earth Power|p2a: Melmetal\n|-supereffective|p2a: Melmetal\n|-damage|p2a: Melmetal|7\/100\n|move|p2a: Melmetal|Earthquake|p1a: Seismitoad\n|-damage|p1a: Seismitoad|2\/100\n|\n|-heal|p1a: Seismitoad|8\/100|[from] item: Leftovers\n|-damage|p2a: Melmetal|0 fnt|[from] move: Infestation|[partiallytrapped]\n|faint|p2a: Melmetal\n|upkeep\n|\n|t:|1665711876\n|switch|p2a: Weavile|Weavile, M|100\/100\n|-ability|p2a: Weavile|Pressure\n|turn|14\n|\n|t:|1665711889\n|switch|p1a: Clefable|Clefable, F|100\/100\n|move|p2a: Weavile|Knock Off|p1a: Clefable\n|-resisted|p1a: Clefable\n|-damage|p1a: Clefable|75\/100\n|-enditem|p1a: Clefable|Leftovers|[from] move: Knock Off|[of] p2a: Weavile\n|\n|upkeep\n|turn|15\n|\n|t:|1665711891\n|switch|p2a: Tangrowth|Tangrowth, F|100\/100\n|move|p1a: Clefable|Wish|p1a: Clefable\n|\n|upkeep\n|turn|16\n|\n|t:|1665711903\n|switch|p1a: Slowbro|Slowbro-Galar, M|59\/100\n|move|p2a: Tangrowth|Sleep Powder|p1a: Slowbro\n|-status|p1a: Slowbro|slp|[from] move: Sleep Powder\n|\n|-heal|p1a: Slowbro|100\/100 slp|[from] move: Wish|[wisher] Clefable\n|upkeep\n|turn|17\n|\n|t:|1665711910\n|switch|p1a: Corviknight|Corviknight, M|85\/100\n|move|p2a: Tangrowth|Focus Blast|p1a: Corviknight\n|-damage|p1a: Corviknight|62\/100\n|\n|upkeep\n|turn|18\n|\n|t:|1665711912\n|move|p1a: Corviknight|Roost|p1a: Corviknight\n|-heal|p1a: Corviknight|100\/100\n|-singleturn|p1a: Corviknight|move: Roost\n|move|p2a: Tangrowth|Focus Blast|p1a: Corviknight\n|-supereffective|p1a: Corviknight\n|-damage|p1a: Corviknight|47\/100\n|\n|upkeep\n|turn|19\n|\n|t:|1665711915\n|move|p1a: Corviknight|Roost|p1a: Corviknight\n|-heal|p1a: Corviknight|97\/100\n|-singleturn|p1a: Corviknight|move: Roost\n|move|p2a: Tangrowth|Focus Blast|p1a: Corviknight\n|-supereffective|p1a: Corviknight\n|-damage|p1a: Corviknight|51\/100\n|\n|upkeep\n|turn|20\n|\n|t:|1665711921\n|move|p1a: Corviknight|Roost|p1a: Corviknight\n|-heal|p1a: Corviknight|100\/100\n|-singleturn|p1a: Corviknight|move: Roost\n|move|p2a: Tangrowth|Focus Blast|p1a: Corviknight\n|-supereffective|p1a: Corviknight\n|-damage|p1a: Corviknight|50\/100\n|\n|upkeep\n|turn|21\n|\n|t:|1665711928\n|move|p1a: Corviknight|Roost|p1a: Corviknight\n|-heal|p1a: Corviknight|100\/100\n|-singleturn|p1a: Corviknight|move: Roost\n|move|p2a: Tangrowth|Focus Blast|p1a: Corviknight|[miss]\n|-miss|p2a: Tangrowth|p1a: Corviknight\n|\n|upkeep\n|turn|22\n|\n|t:|1665711938\n|move|p1a: Corviknight|Brave Bird|p2a: Tangrowth\n|-supereffective|p2a: Tangrowth\n|-damage|p2a: Tangrowth|63\/100\n|-damage|p1a: Corviknight|84\/100|[from] item: Rocky Helmet|[of] p2a: Tangrowth\n|-damage|p1a: Corviknight|71\/100|[from] Recoil\n|move|p2a: Tangrowth|Focus Blast|p1a: Corviknight|[miss]\n|-miss|p2a: Tangrowth|p1a: Corviknight\n|\n|upkeep\n|turn|23\n|j| t-yeu\n|inactive|andrewm0n has 120 seconds left.\n|\n|t:|1665711969\n|move|p1a: Corviknight|Roost|p1a: Corviknight\n|-heal|p1a: Corviknight|100\/100\n|-singleturn|p1a: Corviknight|move: Roost\n|move|p2a: Tangrowth|Focus Blast|p1a: Corviknight\n|-supereffective|p1a: Corviknight\n|-damage|p1a: Corviknight|56\/100\n|\n|upkeep\n|turn|24\n|\n|t:|1665711971\n|move|p1a: Corviknight|Roost|p1a: Corviknight\n|-heal|p1a: Corviknight|100\/100\n|-singleturn|p1a: Corviknight|move: Roost\n|move|p2a: Tangrowth|Focus Blast|p1a: Corviknight\n|-supereffective|p1a: Corviknight\n|-damage|p1a: Corviknight|48\/100\n|\n|upkeep\n|turn|25\n|\n|t:|1665711987\n|switch|p2a: Landorus|Landorus-Therian, M|14\/100\n|-ability|p2a: Landorus|Intimidate|boost\n|-ability|p1a: Corviknight|Mirror Armor\n|-unboost|p2a: Landorus|atk|1\n|move|p1a: Corviknight|Roost|p1a: Corviknight\n|-heal|p1a: Corviknight|98\/100\n|-singleturn|p1a: Corviknight|move: Roost\n|\n|-heal|p2a: Landorus|20\/100|[from] item: Leftovers\n|upkeep\n|turn|26\n|\n|t:|1665711989\n|move|p2a: Landorus|Earthquake|p1a: Corviknight\n|-immune|p1a: Corviknight\n|move|p1a: Corviknight|Brave Bird|p2a: Landorus\n|-damage|p2a: Landorus|0 fnt\n|faint|p2a: Landorus\n|-damage|p1a: Corviknight|92\/100|[from] Recoil\n|\n|upkeep\n|\n|t:|1665711989\n|switch|p2a: Heatran|Heatran, M|100\/100\n|-item|p2a: Heatran|Air Balloon\n|turn|27\n|\n|t:|1665711994\n|switch|p1a: Tyranitar|Tyranitar, M|100\/100\n|-weather|Sandstorm|[from] ability: Sand Stream|[of] p1a: Tyranitar\n|move|p2a: Heatran|Earth Power|p1a: Tyranitar\n|-supereffective|p1a: Tyranitar\n|-damage|p1a: Tyranitar|74\/100\n|-unboost|p1a: Tyranitar|spd|1\n|\n|-weather|Sandstorm|[upkeep]\n|-heal|p1a: Tyranitar|80\/100|[from] item: Leftovers\n|upkeep\n|turn|28\n|\n|t:|1665712002\n|switch|p1a: Seismitoad|Seismitoad, M|8\/100\n|move|p2a: Heatran|Earth Power|p1a: Seismitoad\n|-damage|p1a: Seismitoad|0 fnt\n|faint|p1a: Seismitoad\n|\n|-weather|Sandstorm|[upkeep]\n|upkeep\n|\n|t:|1665712006\n|switch|p1a: Blaziken|Blaziken, M|100\/100\n|turn|29\n|\n|t:|1665712008\n|switch|p2a: Tangrowth|Tangrowth, F|96\/100\n|move|p1a: Blaziken|Protect||[still]\n|-fail|p1a: Blaziken\n|\n|-weather|Sandstorm|[upkeep]\n|-damage|p1a: Blaziken|95\/100|[from] Sandstorm\n|-damage|p2a: Tangrowth|90\/100|[from] Sandstorm\n|-heal|p1a: Blaziken|100\/100|[from] item: Leftovers\n|-ability|p1a: Blaziken|Speed Boost|boost\n|-boost|p1a: Blaziken|spe|1\n|upkeep\n|turn|30\n|\n|t:|1665712011\n|switch|p1a: Corviknight|Corviknight, M|92\/100\n|move|p2a: Tangrowth|Knock Off|p1a: Corviknight\n|-damage|p1a: Corviknight|77\/100\n|-damage|p2a: Tangrowth|73\/100|[from] item: Rocky Helmet|[of] p1a: Corviknight\n|-enditem|p1a: Corviknight|Rocky Helmet|[from] move: Knock Off|[of] p2a: Tangrowth\n|\n|-weather|Sandstorm|[upkeep]\n|-damage|p2a: Tangrowth|67\/100|[from] Sandstorm\n|upkeep\n|turn|31\n|\n|t:|1665712014\n|move|p1a: Corviknight|U-turn|p2a: Tangrowth\n|-supereffective|p2a: Tangrowth\n|-damage|p2a: Tangrowth|51\/100\n|-damage|p1a: Corviknight|61\/100|[from] item: Rocky Helmet|[of] p2a: Tangrowth\n|\n|t:|1665712016\n|switch|p1a: Clefable|Clefable, F|75\/100|[from]move: U-turn\n|move|p2a: Tangrowth|Knock Off|p1a: Clefable\n|-resisted|p1a: Clefable\n|-damage|p1a: Clefable|69\/100\n|\n|-weather|none\n|upkeep\n|turn|32\n|\n|t:|1665712018\n|move|p1a: Clefable|Wish|p1a: Clefable\n|move|p2a: Tangrowth|Giga Drain|p1a: Clefable\n|-damage|p1a: Clefable|41\/100\n|-heal|p2a: Tangrowth|65\/100|[from] drain|[of] p1a: Clefable\n|\n|upkeep\n|turn|33\n|\n|t:|1665712020\n|switch|p2a: Rotom|Rotom-Wash|22\/100 tox\n|move|p1a: Clefable|Moonblast|p2a: Rotom\n|-damage|p2a: Rotom|0 fnt\n|faint|p2a: Rotom\n|\n|-heal|p1a: Clefable|91\/100|[from] move: Wish|[wisher] Clefable\n|upkeep\n|\n|t:|1665712020\n|switch|p2a: Heatran|Heatran, M|100\/100\n|-item|p2a: Heatran|Air Balloon\n|turn|34\n|j| fork gaming\n|\n|t:|1665712042\n|switch|p1a: Tyranitar|Tyranitar, M|80\/100\n|-weather|Sandstorm|[from] ability: Sand Stream|[of] p1a: Tyranitar\n|move|p2a: Heatran|Eruption|p1a: Tyranitar\n|-resisted|p1a: Tyranitar\n|-damage|p1a: Tyranitar|64\/100\n|\n|-weather|Sandstorm|[upkeep]\n|-heal|p1a: Tyranitar|71\/100|[from] item: Leftovers\n|upkeep\n|turn|35\n|\n|t:|1665712044\n|move|p2a: Heatran|Earth Power|p1a: Tyranitar\n|-supereffective|p1a: Tyranitar\n|-damage|p1a: Tyranitar|43\/100\n|move|p1a: Tyranitar|Rock Blast|p2a: Heatran|[miss]\n|-miss|p1a: Tyranitar|p2a: Heatran\n|\n|-weather|Sandstorm|[upkeep]\n|-heal|p1a: Tyranitar|50\/100|[from] item: Leftovers\n|upkeep\n|turn|36\n|\n|t:|1665712047\n|move|p2a: Heatran|Earth Power|p1a: Tyranitar\n|-supereffective|p1a: Tyranitar\n|-damage|p1a: Tyranitar|24\/100\n|move|p1a: Tyranitar|Rock Blast|p2a: Heatran\n|-damage|p2a: Heatran|88\/100\n|-enditem|p2a: Heatran|Air Balloon\n|-damage|p2a: Heatran|76\/100\n|-hitcount|p2a: Heatran|2\n|\n|-weather|Sandstorm|[upkeep]\n|-heal|p1a: Tyranitar|30\/100|[from] item: Leftovers\n|upkeep\n|turn|37\n|\n|t:|1665712050\n|switch|p2a: Tangrowth|Tangrowth, F|98\/100\n|move|p1a: Tyranitar|Earthquake|p2a: Tangrowth\n|-resisted|p2a: Tangrowth\n|-damage|p2a: Tangrowth|91\/100\n|\n|-weather|Sandstorm|[upkeep]\n|-damage|p2a: Tangrowth|85\/100|[from] Sandstorm\n|-heal|p1a: Tyranitar|36\/100|[from] item: Leftovers\n|upkeep\n|turn|38\n|\n|t:|1665712054\n|move|p1a: Tyranitar|Toxic|p2a: Tangrowth\n|-status|p2a: Tangrowth|tox\n|move|p2a: Tangrowth|Giga Drain|p1a: Tyranitar\n|-supereffective|p1a: Tyranitar\n|-damage|p1a: Tyranitar|11\/100\n|-heal|p2a: Tangrowth|97\/100 tox|[from] drain|[of] p1a: Tyranitar\n|\n|-weather|none\n|-heal|p1a: Tyranitar|17\/100|[from] item: Leftovers\n|-damage|p2a: Tangrowth|91\/100 tox|[from] psn\n|upkeep\n|turn|39\n|\n|t:|1665712058\n|switch|p1a: Corviknight|Corviknight, M|61\/100\n|move|p2a: Tangrowth|Knock Off|p1a: Corviknight\n|-crit|p1a: Corviknight\n|-damage|p1a: Corviknight|45\/100\n|\n|-damage|p2a: Tangrowth|79\/100 tox|[from] psn\n|upkeep\n|turn|40\n|\n|t:|1665712059\n|switch|p2a: Weavile|Weavile, M|100\/100\n|-ability|p2a: Weavile|Pressure\n|move|p1a: Corviknight|Roost|p1a: Corviknight\n|-heal|p1a: Corviknight|95\/100\n|-singleturn|p1a: Corviknight|move: Roost\n|\n|upkeep\n|turn|41\n|\n|t:|1665712061\n|switch|p2a: Tangrowth|Tangrowth, F|100\/100 tox\n|move|p1a: Corviknight|U-turn|p2a: Tangrowth\n|-supereffective|p2a: Tangrowth\n|-damage|p2a: Tangrowth|85\/100 tox\n|-damage|p1a: Corviknight|78\/100|[from] item: Rocky Helmet|[of] p2a: Tangrowth\n|\n|t:|1665712064\n|switch|p1a: Tyranitar|Tyranitar, M|17\/100|[from]move: U-turn\n|-weather|Sandstorm|[from] ability: Sand Stream|[of] p1a: Tyranitar\n|\n|-weather|Sandstorm|[upkeep]\n|-damage|p2a: Tangrowth|78\/100 tox|[from] Sandstorm\n|-heal|p1a: Tyranitar|23\/100|[from] item: Leftovers\n|-damage|p2a: Tangrowth|72\/100 tox|[from] psn\n|upkeep\n|turn|42\n|\n|t:|1665712066\n|switch|p1a: Corviknight|Corviknight, M|78\/100\n|move|p2a: Tangrowth|Knock Off|p1a: Corviknight\n|-damage|p1a: Corviknight|68\/100\n|\n|-weather|Sandstorm|[upkeep]\n|-damage|p2a: Tangrowth|66\/100 tox|[from] Sandstorm\n|-damage|p2a: Tangrowth|54\/100 tox|[from] psn\n|upkeep\n|turn|43\n|\n|t:|1665712068\n|switch|p2a: Heatran|Heatran, M|76\/100\n|move|p1a: Corviknight|Roost|p1a: Corviknight\n|-heal|p1a: Corviknight|100\/100\n|-singleturn|p1a: Corviknight|move: Roost\n|\n|-weather|Sandstorm|[upkeep]\n|upkeep\n|turn|44\n|inactive|andrewm0n has 120 seconds left.\n|\n|t:|1665712101\n|move|p2a: Heatran|Magma Storm|p1a: Corviknight\n|-supereffective|p1a: Corviknight\n|-damage|p1a: Corviknight|15\/100\n|-activate|p1a: Corviknight|move: Magma Storm|[of] p2a: Heatran\n|move|p1a: Corviknight|U-turn|p2a: Heatran\n|-resisted|p2a: Heatran\n|-damage|p2a: Heatran|72\/100\n|\n|t:|1665712103\n|switch|p1a: Blaziken|Blaziken, M|100\/100|[from]move: U-turn\n|\n|-weather|Sandstorm|[upkeep]\n|-damage|p1a: Blaziken|95\/100|[from] Sandstorm\n|-heal|p1a: Blaziken|100\/100|[from] item: Leftovers\n|upkeep\n|turn|45\n|\n|t:|1665712105\n|move|p1a: Blaziken|Protect|p1a: Blaziken\n|-singleturn|p1a: Blaziken|Protect\n|move|p2a: Heatran|Earth Power|p1a: Blaziken\n|-activate|p1a: Blaziken|move: Protect\n|\n|-weather|none\n|-ability|p1a: Blaziken|Speed Boost|boost\n|-boost|p1a: Blaziken|spe|1\n|upkeep\n|turn|46\n|\n|t:|1665712107\n|move|p1a: Blaziken|Close Combat|p2a: Heatran\n|-supereffective|p2a: Heatran\n|-damage|p2a: Heatran|0 fnt\n|-unboost|p1a: Blaziken|def|1\n|-unboost|p1a: Blaziken|spd|1\n|faint|p2a: Heatran\n|\n|-ability|p1a: Blaziken|Speed Boost|boost\n|-boost|p1a: Blaziken|spe|1\n|upkeep\n|\n|t:|1665712107\n|switch|p2a: Tangrowth|Tangrowth, F|87\/100 tox\n|turn|47\n|\n|t:|1665712110\n|move|p1a: Blaziken|Protect|p1a: Blaziken\n|-singleturn|p1a: Blaziken|Protect\n|move|p2a: Tangrowth|Knock Off|p1a: Blaziken\n|-activate|p1a: Blaziken|move: Protect\n|\n|-damage|p2a: Tangrowth|81\/100 tox|[from] psn\n|-ability|p1a: Blaziken|Speed Boost|boost\n|-boost|p1a: Blaziken|spe|1\n|upkeep\n|turn|48\n|\n|t:|1665712114\n|switch|p1a: Tyranitar|Tyranitar, M|23\/100\n|-weather|Sandstorm|[from] ability: Sand Stream|[of] p1a: Tyranitar\n|move|p2a: Tangrowth|Knock Off|p1a: Tyranitar\n|-resisted|p1a: Tyranitar\n|-damage|p1a: Tyranitar|15\/100\n|-enditem|p1a: Tyranitar|Leftovers|[from] move: Knock Off|[of] p2a: Tangrowth\n|\n|-weather|Sandstorm|[upkeep]\n|-damage|p2a: Tangrowth|75\/100 tox|[from] Sandstorm\n|-damage|p2a: Tangrowth|62\/100 tox|[from] psn\n|upkeep\n|turn|49\n|\n|t:|1665712119\n|move|p1a: Tyranitar|Stealth Rock|p2a: Tangrowth\n|-sidestart|p2: minimax_ai|move: Stealth Rock\n|move|p2a: Tangrowth|Knock Off|p1a: Tyranitar\n|-resisted|p1a: Tyranitar\n|-damage|p1a: Tyranitar|9\/100\n|\n|-weather|Sandstorm|[upkeep]\n|-damage|p2a: Tangrowth|56\/100 tox|[from] Sandstorm\n|-damage|p2a: Tangrowth|37\/100 tox|[from] psn\n|upkeep\n|turn|50\n|\n|t:|1665712122\n|move|p1a: Tyranitar|Rock Blast|p2a: Tangrowth\n|-damage|p2a: Tangrowth|31\/100 tox\n|-damage|p2a: Tangrowth|26\/100 tox\n|-damage|p2a: Tangrowth|20\/100 tox\n|-damage|p2a: Tangrowth|14\/100 tox\n|-hitcount|p2a: Tangrowth|4\n|move|p2a: Tangrowth|Knock Off|p1a: Tyranitar\n|-resisted|p1a: Tyranitar\n|-damage|p1a: Tyranitar|4\/100\n|\n|-weather|Sandstorm|[upkeep]\n|-damage|p2a: Tangrowth|7\/100 tox|[from] Sandstorm\n|-damage|p2a: Tangrowth|0 fnt|[from] psn\n|faint|p2a: Tangrowth\n|upkeep\n|\n|t:|1665712122\n|switch|p2a: Weavile|Weavile, M|100\/100\n|-damage|p2a: Weavile|76\/100|[from] Stealth Rock\n|-ability|p2a: Weavile|Pressure\n|turn|51\n|\n|t:|1665712135\n|switch|p1a: Clefable|Clefable, F|91\/100\n|move|p2a: Weavile|Knock Off|p1a: Clefable\n|-resisted|p1a: Clefable\n|-damage|p1a: Clefable|74\/100\n|\n|-weather|Sandstorm|[upkeep]\n|-damage|p2a: Weavile|70\/100|[from] Sandstorm\n|-damage|p1a: Clefable|68\/100|[from] Sandstorm\n|upkeep\n|turn|52\n|\n|t:|1665712138\n|move|p2a: Weavile|Knock Off|p1a: Clefable\n|-resisted|p1a: Clefable\n|-damage|p1a: Clefable|50\/100\n|move|p1a: Clefable|Moonblast|p2a: Weavile\n|-supereffective|p2a: Weavile\n|-damage|p2a: Weavile|0 fnt\n|faint|p2a: Weavile\n|\n|win|andrewm0n\n|raw|andrewm0n's rating: 1694 &rarr; <strong>1711<\/strong><br \/>(+17 for winning)\n|raw|minimax_ai's rating: 1644 &rarr; <strong>1627<\/strong><br \/>(-17 for losing)\n","uploadtime":1665712139,"views":16,"p1id":"andrewm0n","p2id":"minimaxai","formatid":"gen8ou","rating":1627,"private":0,"password":null}