{"id":"gen8bdspou-1553850373","p1":"madvorak","p2":"Hgfhhfghfff","format":"gen8bdspou","log":"|j|\u2606madvorak\n|j|\u2606Hgfhhfghfff\n|t:|1650009285\n|gametype|singles\n|player|p1|madvorak|nate|1724\n|player|p2|Hgfhhfghfff|169|1566\n|teamsize|p1|6\n|teamsize|p2|6\n|gen|8\n|tier|[Gen 8 BDSP] OU\n|rated|\n|rule|Sleep Clause Mod: Limit one foe put to sleep\n|rule|Species Clause: Limit one of each Pok\u00e9mon\n|rule|OHKO Clause: OHKO moves are banned\n|rule|Evasion Moves Clause: Evasion moves are banned\n|rule|Endless Battle Clause: Forcing endless battles is banned\n|rule|HP Percentage Mod: HP is shown in percentages\n|clearpoke\n|poke|p1|Skarmory, F|\n|poke|p1|Blissey, F|\n|poke|p1|Clefable, M|\n|poke|p1|Quagsire, F|\n|poke|p1|Poliwrath, F|\n|poke|p1|Starmie|\n|poke|p2|Jirachi|\n|poke|p2|Donphan, F|\n|poke|p2|Starmie|\n|poke|p2|Ursaring, F|\n|poke|p2|Rotom-Mow|\n|poke|p2|Azumarill, F|\n|teampreview\n|inactive|Battle timer is ON: inactive players will automatically lose when time's up. (requested by Hgfhhfghfff)\n|\n|t:|1650009357\n|start\n|switch|p1a: Blissey|Blissey, F|100\/100\n|switch|p2a: Rotom|Rotom-Mow|100\/100\n|turn|1\n|\n|t:|1650009367\n|move|p2a: Rotom|Trick|p1a: Blissey\n|-activate|p2a: Rotom|move: Trick|[of] p1a: Blissey\n|-item|p1a: Blissey|Choice Scarf|[from] move: Trick\n|-item|p2a: Rotom|Leftovers|[from] move: Trick\n|move|p1a: Blissey|Stealth Rock|p2a: Rotom\n|-sidestart|p2: Hgfhhfghfff|move: Stealth Rock\n|\n|upkeep\n|turn|2\n|inactive|madvorak has 120 seconds left.\n|\n|t:|1650009398\n|switch|p1a: Clefable|Clefable, M|100\/100\n|move|p2a: Rotom|Volt Switch|p1a: Clefable\n|-damage|p1a: Clefable|78\/100\n|\n|t:|1650009403\n|switch|p2a: Ursaring|Ursaring, F|100\/100|[from]move: Volt Switch\n|-damage|p2a: Ursaring|88\/100|[from] Stealth Rock\n|\n|-heal|p1a: Clefable|84\/100|[from] item: Leftovers\n|-status|p2a: Ursaring|brn|[from] item: Flame Orb\n|upkeep\n|turn|3\n|inactive|madvorak has 120 seconds left.\n|inactive|madvorak has 90 seconds left.\n|inactive|madvorak has 60 seconds left.\n|\n|t:|1650009480\n|switch|p1a: Skarmory|Skarmory, F|100\/100\n|move|p2a: Ursaring|Facade|p1a: Skarmory\n|-resisted|p1a: Skarmory\n|-damage|p1a: Skarmory|60\/100\n|\n|-heal|p1a: Skarmory|66\/100|[from] item: Leftovers\n|-damage|p2a: Ursaring|82\/100 brn|[from] brn\n|upkeep\n|turn|4\n|inactive|madvorak has 60 seconds left.\n|\n|t:|1650009496\n|switch|p2a: Donphan|Donphan, F|100\/100\n|-damage|p2a: Donphan|94\/100|[from] Stealth Rock\n|move|p1a: Skarmory|Roost|p1a: Skarmory\n|-heal|p1a: Skarmory|100\/100\n|-singleturn|p1a: Skarmory|move: Roost\n|\n|-heal|p2a: Donphan|100\/100|[from] item: Leftovers\n|upkeep\n|turn|5\n|inactive|madvorak has 60 seconds left.\n|\n|t:|1650009507\n|move|p2a: Donphan|Rapid Spin|p1a: Skarmory\n|-resisted|p1a: Skarmory\n|-damage|p1a: Skarmory|95\/100\n|-boost|p2a: Donphan|spe|1\n|-sideend|p2: Hgfhhfghfff|Stealth Rock|[from] move: Rapid Spin|[of] p2a: Donphan\n|move|p1a: Skarmory|Whirlwind|p2a: Donphan\n|drag|p2a: Jirachi|Jirachi|100\/100\n|\n|-heal|p1a: Skarmory|100\/100|[from] item: Leftovers\n|upkeep\n|turn|6\n|inactive|madvorak has 60 seconds left.\n|\n|t:|1650009516\n|move|p2a: Jirachi|Doom Desire|p1a: Skarmory\n|-start|p2a: Jirachi|Doom Desire\n|move|p1a: Skarmory|Spikes|p2a: Jirachi\n|-sidestart|p2: Hgfhhfghfff|Spikes\n|\n|upkeep\n|turn|7\n|\n|t:|1650009520\n|move|p2a: Jirachi|U-turn|p1a: Skarmory\n|-resisted|p1a: Skarmory\n|-damage|p1a: Skarmory|98\/100\n|\n|t:|1650009524\n|switch|p2a: Donphan|Donphan, F|100\/100|[from]move: U-turn\n|-damage|p2a: Donphan|88\/100|[from] Spikes\n|move|p1a: Skarmory|Spikes|p2a: Donphan\n|-sidestart|p2: Hgfhhfghfff|Spikes\n|\n|-heal|p1a: Skarmory|100\/100|[from] item: Leftovers\n|-heal|p2a: Donphan|94\/100|[from] item: Leftovers\n|upkeep\n|turn|8\n|inactive|madvorak has 60 seconds left.\n|\n|t:|1650009554\n|switch|p1a: Poliwrath|Poliwrath, F|100\/100\n|move|p2a: Donphan|Rapid Spin|p1a: Poliwrath\n|-damage|p1a: Poliwrath|88\/100\n|-boost|p2a: Donphan|spe|1\n|-sideend|p2: Hgfhhfghfff|Spikes|[from] move: Rapid Spin|[of] p2a: Donphan\n|\n|-end|p1a: Poliwrath|move: Doom Desire\n|-resisted|p1a: Poliwrath\n|-damage|p1a: Poliwrath|64\/100\n|-heal|p2a: Donphan|100\/100|[from] item: Leftovers\n|-heal|p1a: Poliwrath|70\/100|[from] item: Leftovers\n|upkeep\n|turn|9\n|inactive|madvorak has 60 seconds left.\n|\n|t:|1650009569\n|switch|p2a: Azumarill|Azumarill, F|100\/100\n|move|p1a: Poliwrath|Scald|p2a: Azumarill\n|-resisted|p2a: Azumarill\n|-damage|p2a: Azumarill|90\/100\n|-status|p2a: Azumarill|brn\n|\n|-heal|p1a: Poliwrath|77\/100|[from] item: Leftovers\n|-heal|p2a: Azumarill|96\/100 brn|[from] item: Leftovers\n|-damage|p2a: Azumarill|90\/100 brn|[from] brn\n|upkeep\n|turn|10\n|\n|t:|1650009580\n|switch|p1a: Skarmory|Skarmory, F|100\/100\n|switch|p2a: Rotom|Rotom-Mow|100\/100\n|\n|upkeep\n|turn|11\n|\n|t:|1650009587\n|switch|p1a: Blissey|Blissey, F|100\/100\n|move|p2a: Rotom|Volt Switch|p1a: Blissey\n|-damage|p1a: Blissey|91\/100\n|\n|t:|1650009593\n|switch|p2a: Ursaring|Ursaring, F|82\/100 brn|[from]move: Volt Switch\n|\n|-damage|p2a: Ursaring|76\/100 brn|[from] brn\n|upkeep\n|turn|12\n|\n|t:|1650009601\n|switch|p1a: Skarmory|Skarmory, F|100\/100\n|move|p2a: Ursaring|Swords Dance|p2a: Ursaring\n|-boost|p2a: Ursaring|atk|2\n|\n|-damage|p2a: Ursaring|70\/100 brn|[from] brn\n|upkeep\n|turn|13\n|\n|t:|1650009608\n|move|p2a: Ursaring|Facade|p1a: Skarmory\n|-resisted|p1a: Skarmory\n|-damage|p1a: Skarmory|24\/100\n|move|p1a: Skarmory|Whirlwind|p2a: Ursaring\n|drag|p2a: Starmie|Starmie|100\/100\n|\n|-heal|p1a: Skarmory|30\/100|[from] item: Leftovers\n|upkeep\n|turn|14\n|\n|t:|1650009617\n|switch|p2a: Ursaring|Ursaring, F|70\/100 brn\n|switch|p1a: Blissey|Blissey, F|91\/100\n|\n|-damage|p2a: Ursaring|64\/100 brn|[from] brn\n|upkeep\n|turn|15\n|\n|t:|1650009624\n|switch|p1a: Quagsire|Quagsire, F|100\/100\n|move|p2a: Ursaring|Facade|p1a: Quagsire\n|-damage|p1a: Quagsire|6\/100\n|\n|-heal|p1a: Quagsire|12\/100|[from] item: Leftovers\n|-damage|p2a: Ursaring|58\/100 brn|[from] brn\n|upkeep\n|turn|16\n|\n|t:|1650009632\n|move|p2a: Ursaring|Facade|p1a: Quagsire\n|-damage|p1a: Quagsire|0 fnt\n|faint|p1a: Quagsire\n|\n|-damage|p2a: Ursaring|52\/100 brn|[from] brn\n|upkeep\n|\n|t:|1650009644\n|switch|p1a: Poliwrath|Poliwrath, F|77\/100\n|turn|17\n|\n|t:|1650009649\n|switch|p2a: Azumarill|Azumarill, F|90\/100 brn\n|move|p1a: Poliwrath|Drain Punch|p2a: Azumarill\n|-resisted|p2a: Azumarill\n|-crit|p2a: Azumarill\n|-damage|p2a: Azumarill|69\/100 brn\n|-heal|p1a: Poliwrath|87\/100|[from] drain|[of] p2a: Azumarill\n|\n|-heal|p1a: Poliwrath|93\/100|[from] item: Leftovers\n|-heal|p2a: Azumarill|75\/100 brn|[from] item: Leftovers\n|-damage|p2a: Azumarill|69\/100 brn|[from] brn\n|upkeep\n|turn|18\n|inactive|madvorak has 90 seconds left.\n|\n|t:|1650009676\n|switch|p2a: Rotom|Rotom-Mow|100\/100\n|move|p1a: Poliwrath|Circle Throw|p2a: Rotom\n|-damage|p2a: Rotom|76\/100\n|drag|p2a: Azumarill|Azumarill, F|69\/100 brn\n|\n|-heal|p1a: Poliwrath|99\/100|[from] item: Leftovers\n|-heal|p2a: Azumarill|75\/100 brn|[from] item: Leftovers\n|-damage|p2a: Azumarill|69\/100 brn|[from] brn\n|upkeep\n|turn|19\n|\n|t:|1650009692\n|switch|p1a: Clefable|Clefable, M|84\/100\n|move|p2a: Azumarill|Play Rough|p1a: Clefable\n|-damage|p1a: Clefable|57\/100\n|\n|-heal|p2a: Azumarill|75\/100 brn|[from] item: Leftovers\n|-heal|p1a: Clefable|63\/100|[from] item: Leftovers\n|-damage|p2a: Azumarill|69\/100 brn|[from] brn\n|upkeep\n|turn|20\n|\n|t:|1650009702\n|switch|p2a: Jirachi|Jirachi|100\/100\n|move|p1a: Clefable|Wish|p1a: Clefable\n|\n|-heal|p1a: Clefable|69\/100|[from] item: Leftovers\n|upkeep\n|turn|21\n|\n|t:|1650009712\n|switch|p1a: Skarmory|Skarmory, F|30\/100\n|move|p2a: Jirachi|Psychic|p1a: Skarmory\n|-resisted|p1a: Skarmory\n|-damage|p1a: Skarmory|13\/100\n|\n|-heal|p1a: Skarmory|72\/100|[from] move: Wish|[wisher] Clefable\n|-heal|p1a: Skarmory|78\/100|[from] item: Leftovers\n|upkeep\n|turn|22\n|\n|t:|1650009741\n|move|p2a: Jirachi|Doom Desire|p1a: Skarmory\n|-start|p2a: Jirachi|Doom Desire\n|move|p1a: Skarmory|Spikes|p2a: Jirachi\n|-sidestart|p2: Hgfhhfghfff|Spikes\n|\n|-heal|p1a: Skarmory|84\/100|[from] item: Leftovers\n|upkeep\n|turn|23\n|\n|t:|1650009757\n|move|p2a: Jirachi|U-turn|p1a: Skarmory\n|-resisted|p1a: Skarmory\n|-damage|p1a: Skarmory|81\/100\n|\n|t:|1650009762\n|switch|p2a: Donphan|Donphan, F|100\/100|[from]move: U-turn\n|-damage|p2a: Donphan|88\/100|[from] Spikes\n|move|p1a: Skarmory|Whirlwind|p2a: Donphan\n|drag|p2a: Azumarill|Azumarill, F|69\/100 brn\n|-damage|p2a: Azumarill|57\/100 brn|[from] Spikes\n|\n|-heal|p1a: Skarmory|87\/100|[from] item: Leftovers\n|-heal|p2a: Azumarill|63\/100 brn|[from] item: Leftovers\n|-damage|p2a: Azumarill|57\/100 brn|[from] brn\n|upkeep\n|turn|24\n|\n|t:|1650009776\n|switch|p2a: Donphan|Donphan, F|88\/100\n|-damage|p2a: Donphan|76\/100|[from] Spikes\n|move|p1a: Skarmory|Spikes|p2a: Donphan\n|-sidestart|p2: Hgfhhfghfff|Spikes\n|\n|-end|p1a: Skarmory|move: Doom Desire\n|-resisted|p1a: Skarmory\n|-damage|p1a: Skarmory|59\/100\n|-heal|p1a: Skarmory|65\/100|[from] item: Leftovers\n|-heal|p2a: Donphan|82\/100|[from] item: Leftovers\n|upkeep\n|turn|25\n|\n|t:|1650009791\n|move|p1a: Skarmory|Roost|p1a: Skarmory\n|-heal|p1a: Skarmory|100\/100\n|-singleturn|p1a: Skarmory|move: Roost\n|move|p2a: Donphan|Rapid Spin|p1a: Skarmory\n|-resisted|p1a: Skarmory\n|-damage|p1a: Skarmory|95\/100\n|-boost|p2a: Donphan|spe|1\n|-sideend|p2: Hgfhhfghfff|Spikes|[from] move: Rapid Spin|[of] p2a: Donphan\n|\n|-heal|p2a: Donphan|88\/100|[from] item: Leftovers\n|-heal|p1a: Skarmory|100\/100|[from] item: Leftovers\n|upkeep\n|turn|26\n|\n|t:|1650009803\n|switch|p1a: Blissey|Blissey, F|91\/100\n|move|p2a: Donphan|Stealth Rock|p1a: Blissey\n|-sidestart|p1: madvorak|move: Stealth Rock\n|\n|-heal|p2a: Donphan|94\/100|[from] item: Leftovers\n|upkeep\n|turn|27\n|\n|t:|1650009812\n|move|p2a: Donphan|Earthquake|p1a: Blissey\n|-damage|p1a: Blissey|40\/100\n|move|p1a: Blissey|Stealth Rock|p2a: Donphan\n|-sidestart|p2: Hgfhhfghfff|move: Stealth Rock\n|\n|-heal|p2a: Donphan|100\/100|[from] item: Leftovers\n|upkeep\n|turn|28\n|\n|t:|1650009823\n|switch|p1a: Skarmory|Skarmory, F|100\/100\n|-damage|p1a: Skarmory|88\/100|[from] Stealth Rock\n|move|p2a: Donphan|Rapid Spin|p1a: Skarmory\n|-resisted|p1a: Skarmory\n|-damage|p1a: Skarmory|83\/100\n|-boost|p2a: Donphan|spe|1\n|-sideend|p2: Hgfhhfghfff|Stealth Rock|[from] move: Rapid Spin|[of] p2a: Donphan\n|\n|-heal|p1a: Skarmory|89\/100|[from] item: Leftovers\n|upkeep\n|turn|29\n|\n|t:|1650009836\n|switch|p2a: Rotom|Rotom-Mow|76\/100\n|move|p1a: Skarmory|Spikes|p2a: Rotom\n|-sidestart|p2: Hgfhhfghfff|Spikes\n|\n|-heal|p2a: Rotom|83\/100|[from] item: Leftovers\n|-heal|p1a: Skarmory|95\/100|[from] item: Leftovers\n|upkeep\n|turn|30\n|inactive|madvorak has 60 seconds left.\n|\n|t:|1650009868\n|switch|p1a: Blissey|Blissey, F|40\/100\n|-damage|p1a: Blissey|28\/100|[from] Stealth Rock\n|move|p2a: Rotom|Volt Switch|p1a: Blissey\n|-damage|p1a: Blissey|18\/100\n|\n|t:|1650009881\n|switch|p2a: Donphan|Donphan, F|100\/100|[from]move: Volt Switch\n|-damage|p2a: Donphan|88\/100|[from] Spikes\n|\n|-heal|p2a: Donphan|94\/100|[from] item: Leftovers\n|upkeep\n|turn|31\n|\n|t:|1650009888\n|move|p1a: Blissey|Soft-Boiled|p1a: Blissey\n|-heal|p1a: Blissey|68\/100\n|move|p2a: Donphan|Earthquake|p1a: Blissey\n|-damage|p1a: Blissey|14\/100\n|\n|-heal|p2a: Donphan|100\/100|[from] item: Leftovers\n|upkeep\n|turn|32\n|\n|t:|1650009897\n|switch|p1a: Skarmory|Skarmory, F|95\/100\n|-damage|p1a: Skarmory|82\/100|[from] Stealth Rock\n|switch|p2a: Rotom|Rotom-Mow|83\/100\n|\n|-heal|p2a: Rotom|89\/100|[from] item: Leftovers\n|-heal|p1a: Skarmory|88\/100|[from] item: Leftovers\n|upkeep\n|turn|33\n|\n|t:|1650009908\n|move|p2a: Rotom|Volt Switch|p1a: Skarmory\n|-supereffective|p1a: Skarmory\n|-damage|p1a: Skarmory|13\/100\n|\n|t:|1650009915\n|switch|p2a: Starmie|Starmie|100\/100|[from]move: Volt Switch\n|-damage|p2a: Starmie|88\/100|[from] Spikes\n|move|p1a: Skarmory|Roost|p1a: Skarmory\n|-heal|p1a: Skarmory|63\/100\n|-singleturn|p1a: Skarmory|move: Roost\n|\n|-heal|p1a: Skarmory|69\/100|[from] item: Leftovers\n|upkeep\n|turn|34\n|\n|t:|1650009930\n|switch|p1a: Clefable|Clefable, M|69\/100\n|move|p2a: Starmie|Thunderbolt|p1a: Clefable\n|-damage|p1a: Clefable|37\/100\n|-damage|p2a: Starmie|78\/100|[from] item: Life Orb\n|\n|-heal|p1a: Clefable|43\/100|[from] item: Leftovers\n|upkeep\n|turn|35\n|\n|t:|1650009938\n|move|p2a: Starmie|Surf|p1a: Clefable\n|-damage|p1a: Clefable|3\/100\n|-damage|p2a: Starmie|68\/100|[from] item: Life Orb\n|move|p1a: Clefable|Wish|p1a: Clefable\n|\n|-heal|p1a: Clefable|9\/100|[from] item: Leftovers\n|upkeep\n|turn|36\n|\n|t:|1650009949\n|switch|p2a: Jirachi|Jirachi|100\/100\n|-damage|p2a: Jirachi|88\/100|[from] Spikes\n|move|p1a: Clefable|Protect||[still]\n|-fail|p1a: Clefable\n|\n|-heal|p1a: Clefable|59\/100|[from] move: Wish|[wisher] Clefable\n|-heal|p2a: Jirachi|94\/100|[from] item: Leftovers\n|-heal|p1a: Clefable|65\/100|[from] item: Leftovers\n|upkeep\n|turn|37\n|inactive|madvorak has 90 seconds left.\n|\n|t:|1650009960\n|move|p2a: Jirachi|Doom Desire|p1a: Clefable\n|-start|p2a: Jirachi|Doom Desire\n|move|p1a: Clefable|Wish|p1a: Clefable\n|\n|-heal|p2a: Jirachi|99\/100|[from] item: Leftovers\n|-heal|p1a: Clefable|71\/100|[from] item: Leftovers\n|upkeep\n|turn|38\n|inactive|madvorak has 90 seconds left.\n|\n|t:|1650009968\n|switch|p1a: Skarmory|Skarmory, F|69\/100\n|-damage|p1a: Skarmory|56\/100|[from] Stealth Rock\n|move|p2a: Jirachi|Psychic|p1a: Skarmory\n|-resisted|p1a: Skarmory\n|-damage|p1a: Skarmory|39\/100\n|\n|-heal|p1a: Skarmory|98\/100|[from] move: Wish|[wisher] Clefable\n|-heal|p2a: Jirachi|100\/100|[from] item: Leftovers\n|-heal|p1a: Skarmory|100\/100|[from] item: Leftovers\n|upkeep\n|turn|39\n|inactive|madvorak has 90 seconds left.\n|\n|t:|1650009981\n|move|p2a: Jirachi|U-turn|p1a: Skarmory\n|-resisted|p1a: Skarmory\n|-damage|p1a: Skarmory|98\/100\n|\n|t:|1650009984\n|switch|p2a: Rotom|Rotom-Mow|89\/100|[from]move: U-turn\n|move|p1a: Skarmory|Brave Bird|p2a: Rotom\n|-damage|p2a: Rotom|40\/100\n|-damage|p1a: Skarmory|87\/100|[from] Recoil\n|\n|-end|p1a: Skarmory|move: Doom Desire\n|-resisted|p1a: Skarmory\n|-damage|p1a: Skarmory|58\/100\n|-heal|p2a: Rotom|47\/100|[from] item: Leftovers\n|-heal|p1a: Skarmory|64\/100|[from] item: Leftovers\n|upkeep\n|turn|40\n|\n|t:|1650009997\n|switch|p1a: Blissey|Blissey, F|14\/100\n|-damage|p1a: Blissey|2\/100|[from] Stealth Rock\n|move|p2a: Rotom|Volt Switch|p1a: Blissey\n|-damage|p1a: Blissey|0 fnt\n|faint|p1a: Blissey\n|\n|t:|1650010010\n|switch|p2a: Jirachi|Jirachi|100\/100|[from]move: Volt Switch\n|-damage|p2a: Jirachi|88\/100|[from] Spikes\n|\n|-heal|p2a: Jirachi|94\/100|[from] item: Leftovers\n|upkeep\n|inactive|madvorak has 90 seconds left.\n|\n|t:|1650010030\n|switch|p1a: Starmie|Starmie|100\/100\n|-damage|p1a: Starmie|88\/100|[from] Stealth Rock\n|turn|41\n|inactive|madvorak has 90 seconds left.\n|\n|t:|1650010040\n|move|p1a: Starmie|Rapid Spin|p2a: Jirachi\n|-resisted|p2a: Jirachi\n|-damage|p2a: Jirachi|91\/100\n|-boost|p1a: Starmie|spe|1\n|-sideend|p1: madvorak|Stealth Rock|[from] move: Rapid Spin|[of] p1a: Starmie\n|move|p2a: Jirachi|U-turn|p1a: Starmie\n|-supereffective|p1a: Starmie\n|-damage|p1a: Starmie|60\/100\n|\n|t:|1650010052\n|switch|p2a: Azumarill|Azumarill, F|57\/100 brn|[from]move: U-turn\n|-damage|p2a: Azumarill|45\/100 brn|[from] Spikes\n|\n|-heal|p1a: Starmie|66\/100|[from] item: Leftovers\n|-heal|p2a: Azumarill|51\/100 brn|[from] item: Leftovers\n|-damage|p2a: Azumarill|45\/100 brn|[from] brn\n|upkeep\n|turn|42\n|\n|t:|1650010063\n|move|p1a: Starmie|Thunderbolt|p2a: Azumarill\n|-supereffective|p2a: Azumarill\n|-damage|p2a: Azumarill|1\/100 brn\n|move|p2a: Azumarill|Play Rough|p1a: Starmie\n|-damage|p1a: Starmie|34\/100\n|\n|-heal|p1a: Starmie|41\/100|[from] item: Leftovers\n|-heal|p2a: Azumarill|7\/100 brn|[from] item: Leftovers\n|-damage|p2a: Azumarill|1\/100 brn|[from] brn\n|upkeep\n|turn|43\n|\n|t:|1650010073\n|move|p1a: Starmie|Recover|p1a: Starmie\n|-heal|p1a: Starmie|91\/100\n|move|p2a: Azumarill|Play Rough|p1a: Starmie\n|-damage|p1a: Starmie|59\/100\n|\n|-heal|p1a: Starmie|65\/100|[from] item: Leftovers\n|-heal|p2a: Azumarill|7\/100 brn|[from] item: Leftovers\n|-damage|p2a: Azumarill|1\/100 brn|[from] brn\n|upkeep\n|turn|44\n|\n|t:|1650010086\n|move|p1a: Starmie|Rapid Spin|p2a: Azumarill\n|-damage|p2a: Azumarill|0 fnt\n|-boost|p1a: Starmie|spe|1\n|faint|p2a: Azumarill\n|\n|-heal|p1a: Starmie|71\/100|[from] item: Leftovers\n|upkeep\n|\n|t:|1650010092\n|switch|p2a: Jirachi|Jirachi|91\/100\n|-damage|p2a: Jirachi|78\/100|[from] Spikes\n|turn|45\n|\n|t:|1650010100\n|move|p1a: Starmie|Thunderbolt|p2a: Jirachi\n|-damage|p2a: Jirachi|66\/100\n|move|p2a: Jirachi|Trick Room|p2a: Jirachi\n|-fieldstart|move: Trick Room|[of] p2a: Jirachi\n|\n|-heal|p2a: Jirachi|72\/100|[from] item: Leftovers\n|-heal|p1a: Starmie|77\/100|[from] item: Leftovers\n|upkeep\n|turn|46\n|\n|t:|1650010109\n|switch|p1a: Poliwrath|Poliwrath, F|99\/100\n|move|p2a: Jirachi|U-turn|p1a: Poliwrath\n|-resisted|p1a: Poliwrath\n|-damage|p1a: Poliwrath|95\/100\n|\n|t:|1650010115\n|switch|p2a: Ursaring|Ursaring, F|52\/100 brn|[from]move: U-turn\n|-damage|p2a: Ursaring|40\/100 brn|[from] Spikes\n|\n|-heal|p1a: Poliwrath|100\/100|[from] item: Leftovers\n|-damage|p2a: Ursaring|34\/100 brn|[from] brn\n|upkeep\n|turn|47\n|inactive|madvorak has 120 seconds left.\n|\n|t:|1650010122\n|move|p1a: Poliwrath|Drain Punch|p2a: Ursaring\n|-supereffective|p2a: Ursaring\n|-damage|p2a: Ursaring|0 fnt\n|faint|p2a: Ursaring\n|\n|upkeep\n|\n|t:|1650010129\n|switch|p2a: Starmie|Starmie|68\/100\n|-damage|p2a: Starmie|56\/100|[from] Spikes\n|turn|48\n|\n|t:|1650010139\n|switch|p1a: Clefable|Clefable, M|71\/100\n|move|p2a: Starmie|Thunderbolt|p1a: Clefable\n|-damage|p1a: Clefable|40\/100\n|-damage|p2a: Starmie|46\/100|[from] item: Life Orb\n|\n|-heal|p1a: Clefable|46\/100|[from] item: Leftovers\n|upkeep\n|turn|49\n|\n|t:|1650010151\n|move|p1a: Clefable|Wish|p1a: Clefable\n|move|p2a: Starmie|Surf|p1a: Clefable\n|-damage|p1a: Clefable|1\/100\n|-damage|p2a: Starmie|36\/100|[from] item: Life Orb\n|\n|-heal|p1a: Clefable|7\/100|[from] item: Leftovers\n|-fieldend|move: Trick Room\n|upkeep\n|turn|50\n|\n|t:|1650010158\n|switch|p2a: Jirachi|Jirachi|72\/100\n|-damage|p2a: Jirachi|60\/100|[from] Spikes\n|move|p1a: Clefable|Protect||[still]\n|-fail|p1a: Clefable\n|\n|-heal|p1a: Clefable|57\/100|[from] move: Wish|[wisher] Clefable\n|-heal|p2a: Jirachi|66\/100|[from] item: Leftovers\n|-heal|p1a: Clefable|63\/100|[from] item: Leftovers\n|upkeep\n|turn|51\n|\n|t:|1650010170\n|move|p2a: Jirachi|Doom Desire|p1a: Clefable\n|-start|p2a: Jirachi|Doom Desire\n|move|p1a: Clefable|Wish|p1a: Clefable\n|\n|-heal|p2a: Jirachi|72\/100|[from] item: Leftovers\n|-heal|p1a: Clefable|69\/100|[from] item: Leftovers\n|upkeep\n|turn|52\n|\n|t:|1650010178\n|move|p2a: Jirachi|U-turn|p1a: Clefable\n|-resisted|p1a: Clefable\n|-damage|p1a: Clefable|61\/100\n|\n|t:|1650010184\n|switch|p2a: Rotom|Rotom-Mow|47\/100|[from]move: U-turn\n|move|p1a: Clefable|Moonblast|p2a: Rotom\n|-damage|p2a: Rotom|4\/100\n|-unboost|p2a: Rotom|spa|1\n|\n|-heal|p1a: Clefable|100\/100|[from] move: Wish|[wisher] Clefable\n|-heal|p2a: Rotom|10\/100|[from] item: Leftovers\n|upkeep\n|turn|53\n|\n|t:|1650010202\n|move|p2a: Rotom|Volt Switch|p1a: Clefable\n|-damage|p1a: Clefable|84\/100\n|\n|t:|1650010207\n|switch|p2a: Jirachi|Jirachi|72\/100|[from]move: Volt Switch\n|-damage|p2a: Jirachi|60\/100|[from] Spikes\n|move|p1a: Clefable|Wish|p1a: Clefable\n|\n|-end|p1a: Clefable|move: Doom Desire\n|-supereffective|p1a: Clefable\n|-damage|p1a: Clefable|13\/100\n|-heal|p2a: Jirachi|66\/100|[from] item: Leftovers\n|-heal|p1a: Clefable|19\/100|[from] item: Leftovers\n|upkeep\n|turn|54\n|\n|t:|1650010223\n|move|p1a: Clefable|Protect|p1a: Clefable\n|-singleturn|p1a: Clefable|Protect\n|move|p2a: Jirachi|Doom Desire|p1a: Clefable\n|-start|p2a: Jirachi|Doom Desire\n|\n|-heal|p1a: Clefable|69\/100|[from] move: Wish|[wisher] Clefable\n|-heal|p2a: Jirachi|72\/100|[from] item: Leftovers\n|-heal|p1a: Clefable|75\/100|[from] item: Leftovers\n|upkeep\n|turn|55\n|inactive|madvorak has 120 seconds left.\n|\n|t:|1650010249\n|move|p2a: Jirachi|Psychic|p1a: Clefable\n|-damage|p1a: Clefable|51\/100\n|move|p1a: Clefable|Wish|p1a: Clefable\n|\n|-heal|p2a: Jirachi|78\/100|[from] item: Leftovers\n|-heal|p1a: Clefable|57\/100|[from] item: Leftovers\n|upkeep\n|turn|56\n|inactive|madvorak has 120 seconds left.\n|\n|t:|1650010264\n|switch|p1a: Skarmory|Skarmory, F|64\/100\n|move|p2a: Jirachi|Psychic|p1a: Skarmory\n|-resisted|p1a: Skarmory\n|-damage|p1a: Skarmory|46\/100\n|\n|-end|p1a: Skarmory|move: Doom Desire\n|-resisted|p1a: Skarmory\n|-damage|p1a: Skarmory|18\/100\n|-heal|p1a: Skarmory|77\/100|[from] move: Wish|[wisher] Clefable\n|-heal|p2a: Jirachi|84\/100|[from] item: Leftovers\n|-heal|p1a: Skarmory|83\/100|[from] item: Leftovers\n|upkeep\n|turn|57\n|inactive|madvorak has 120 seconds left.\n|\n|t:|1650010276\n|move|p2a: Jirachi|Psychic|p1a: Skarmory\n|-resisted|p1a: Skarmory\n|-damage|p1a: Skarmory|65\/100\n|move|p1a: Skarmory|Whirlwind|p2a: Jirachi\n|drag|p2a: Starmie|Starmie|36\/100\n|-damage|p2a: Starmie|24\/100|[from] Spikes\n|\n|-heal|p1a: Skarmory|71\/100|[from] item: Leftovers\n|upkeep\n|turn|58\n|inactive|madvorak has 120 seconds left.\n|\n|t:|1650010288\n|move|p2a: Starmie|Thunderbolt|p1a: Skarmory\n|-supereffective|p1a: Skarmory\n|-damage|p1a: Skarmory|0 fnt\n|faint|p1a: Skarmory\n|-damage|p2a: Starmie|14\/100|[from] item: Life Orb\n|\n|upkeep\n|inactive|madvorak has 120 seconds left.\n|\n|t:|1650010297\n|switch|p1a: Clefable|Clefable, M|57\/100\n|turn|59\n|\n|t:|1650010301\n|switch|p2a: Jirachi|Jirachi|84\/100\n|-damage|p2a: Jirachi|72\/100|[from] Spikes\n|move|p1a: Clefable|Wish|p1a: Clefable\n|\n|-heal|p2a: Jirachi|78\/100|[from] item: Leftovers\n|-heal|p1a: Clefable|63\/100|[from] item: Leftovers\n|upkeep\n|turn|60\n|\n|t:|1650010309\n|switch|p1a: Starmie|Starmie|77\/100\n|move|p2a: Jirachi|Doom Desire|p1a: Starmie\n|-start|p2a: Jirachi|Doom Desire\n|\n|-heal|p1a: Starmie|100\/100|[from] move: Wish|[wisher] Clefable\n|-heal|p2a: Jirachi|84\/100|[from] item: Leftovers\n|upkeep\n|turn|61\n|\n|t:|1650010324\n|move|p1a: Starmie|Psychic|p2a: Jirachi\n|-resisted|p2a: Jirachi\n|-damage|p2a: Jirachi|79\/100\n|move|p2a: Jirachi|Trick Room|p2a: Jirachi\n|-fieldstart|move: Trick Room|[of] p2a: Jirachi\n|\n|-heal|p2a: Jirachi|85\/100|[from] item: Leftovers\n|upkeep\n|turn|62\n|\n|t:|1650010345\n|move|p2a: Jirachi|U-turn|p1a: Starmie\n|-supereffective|p1a: Starmie\n|-damage|p1a: Starmie|67\/100\n|\n|t:|1650010348\n|switch|p2a: Starmie|Starmie|14\/100|[from]move: U-turn\n|-damage|p2a: Starmie|2\/100|[from] Spikes\n|move|p1a: Starmie|Psychic|p2a: Starmie\n|-resisted|p2a: Starmie\n|-damage|p2a: Starmie|0 fnt\n|faint|p2a: Starmie\n|\n|-end|p1a: Starmie|move: Doom Desire\n|-resisted|p1a: Starmie\n|-damage|p1a: Starmie|46\/100\n|-heal|p1a: Starmie|52\/100|[from] item: Leftovers\n|upkeep\n|\n|t:|1650010357\n|switch|p2a: Rotom|Rotom-Mow|10\/100\n|turn|63\n|\n|t:|1650010369\n|move|p1a: Starmie|Psychic|p2a: Rotom\n|-damage|p2a: Rotom|0 fnt\n|faint|p2a: Rotom\n|\n|-heal|p1a: Starmie|58\/100|[from] item: Leftovers\n|upkeep\n|\n|t:|1650010378\n|switch|p2a: Donphan|Donphan, F|100\/100\n|-damage|p2a: Donphan|88\/100|[from] Spikes\n|turn|64\n|\n|t:|1650010391\n|switch|p1a: Poliwrath|Poliwrath, F|100\/100\n|move|p2a: Donphan|Earthquake|p1a: Poliwrath\n|-crit|p1a: Poliwrath\n|-damage|p1a: Poliwrath|43\/100\n|\n|-heal|p2a: Donphan|94\/100|[from] item: Leftovers\n|-heal|p1a: Poliwrath|49\/100|[from] item: Leftovers\n|upkeep\n|turn|65\n|\n|t:|1650010403\n|switch|p2a: Jirachi|Jirachi|85\/100\n|-damage|p2a: Jirachi|73\/100|[from] Spikes\n|move|p1a: Poliwrath|Scald|p2a: Jirachi\n|-damage|p2a: Jirachi|60\/100\n|-status|p2a: Jirachi|brn\n|\n|-heal|p1a: Poliwrath|55\/100|[from] item: Leftovers\n|-heal|p2a: Jirachi|66\/100 brn|[from] item: Leftovers\n|-damage|p2a: Jirachi|60\/100 brn|[from] brn\n|-fieldend|move: Trick Room\n|upkeep\n|turn|66\n|\n|t:|1650010415\n|switch|p1a: Starmie|Starmie|58\/100\n|move|p2a: Jirachi|Psychic|p1a: Starmie\n|-resisted|p1a: Starmie\n|-damage|p1a: Starmie|43\/100\n|\n|-heal|p1a: Starmie|49\/100|[from] item: Leftovers\n|-heal|p2a: Jirachi|66\/100 brn|[from] item: Leftovers\n|-damage|p2a: Jirachi|60\/100 brn|[from] brn\n|upkeep\n|turn|67\n|l|\u2606Hgfhhfghfff\n|inactive|Hgfhhfghfff disconnected and has a minute to reconnect!\n|player|p2|\n|inactive|Hgfhhfghfff has 30 seconds to reconnect!\n|inactive|Hgfhhfghfff has 20 seconds to reconnect!\n|inactive|Hgfhhfghfff has 15 seconds to reconnect!\n|inactive|Hgfhhfghfff has 10 seconds to reconnect!\n|inactive|Hgfhhfghfff has 5 seconds to reconnect!\n|-message|Hgfhhfghfff lost due to inactivity.\n|\n|win|madvorak\n|raw|madvorak's rating: 1724 &rarr; <strong>1735<\/strong><br \/>(+11 for winning)\n|raw|Hgfhhfghfff's rating: 1566 &rarr; <strong>1555<\/strong><br \/>(-11 for losing)\n","uploadtime":1650010498,"views":9,"p1id":"madvorak","p2id":"hgfhhfghfff","formatid":"gen8bdspou","rating":1555,"private":0,"password":null}