{"id":"gen8ou-1504184124","p1":"LECHxDIOR24","p2":"kokoukohiro","format":"gen8ou","log":"|j|\u2606LECHxDIOR24\n|j|\u2606kokoukohiro\n|t:|1643967290\n|gametype|singles\n|player|p1|LECHxDIOR24|266|1587\n|player|p2|kokoukohiro|dawn|1595\n|teamsize|p1|6\n|teamsize|p2|6\n|gen|8\n|tier|[Gen 8] OU\n|rated|\n|rule|Sleep Clause Mod: Limit one foe put to sleep\n|rule|Species Clause: Limit one of each Pok\u00e9mon\n|rule|OHKO Clause: OHKO moves are banned\n|rule|Evasion Moves Clause: Evasion moves are banned\n|rule|Endless Battle Clause: Forcing endless battles is banned\n|rule|HP Percentage Mod: HP is shown in percentages\n|rule|Dynamax Clause: You cannot dynamax\n|clearpoke\n|poke|p1|Mienshao, M|\n|poke|p1|Mamoswine, F|\n|poke|p1|Slowbro, F|\n|poke|p1|Blacephalon|\n|poke|p1|Heatran, F|\n|poke|p1|Mandibuzz, F|\n|poke|p2|Shedinja|\n|poke|p2|Jirachi|\n|poke|p2|Quagsire, M|\n|poke|p2|Blissey, F|\n|poke|p2|Toxapex, M|\n|poke|p2|Corviknight, F|\n|teampreview\n|inactive|Battle timer is ON: inactive players will automatically lose when time's up. (requested by kokoukohiro)\n|\n|t:|1643967312\n|start\n|switch|p1a: Mienshao|Mienshao, M|100\/100\n|switch|p2a: Quagsire|Quagsire, M|100\/100\n|turn|1\n|\n|t:|1643967318\n|switch|p2a: Toxapex|Toxapex, M|100\/100\n|move|p1a: Mienshao|Knock Off|p2a: Toxapex\n|-damage|p2a: Toxapex|80\/100\n|-enditem|p2a: Toxapex|Black Sludge|[from] move: Knock Off|[of] p1a: Mienshao\n|\n|upkeep\n|turn|2\n|\n|t:|1643967322\n|move|p1a: Mienshao|U-turn|p2a: Toxapex\n|-resisted|p2a: Toxapex\n|-damage|p2a: Toxapex|73\/100\n|\n|t:|1643967324\n|switch|p1a: Slowbro|Slowbro, F|100\/100|[from]move: U-turn\n|move|p2a: Toxapex|Toxic Spikes|p1a: Slowbro\n|-sidestart|p1: LECHxDIOR24|move: Toxic Spikes\n|\n|upkeep\n|turn|3\n|\n|t:|1643967327\n|move|p2a: Toxapex|Knock Off|p1a: Slowbro\n|-supereffective|p1a: Slowbro\n|-enditem|p1a: Slowbro|Colbur Berry|[eat]\n|-enditem|p1a: Slowbro|Colbur Berry|[weaken]\n|-damage|p1a: Slowbro|91\/100\n|move|p1a: Slowbro|Scald|p2a: Toxapex\n|-resisted|p2a: Toxapex\n|-damage|p2a: Toxapex|62\/100\n|\n|upkeep\n|turn|4\n|\n|t:|1643967332\n|move|p2a: Toxapex|Toxic Spikes|p1a: Slowbro\n|-sidestart|p1: LECHxDIOR24|move: Toxic Spikes\n|move|p1a: Slowbro|Teleport|p1a: Slowbro\n|\n|t:|1643967335\n|switch|p1a: Heatran|Heatran, F|100\/100|[from]move: Teleport\n|\n|upkeep\n|turn|5\n|\n|t:|1643967340\n|switch|p2a: Quagsire|Quagsire, M|100\/100\n|move|p1a: Heatran|Stealth Rock|p2a: Quagsire\n|-sidestart|p2: kokoukohiro|move: Stealth Rock\n|\n|upkeep\n|turn|6\n|\n|t:|1643967346\n|switch|p1a: Slowbro|Slowbro, F|100\/100\n|-status|p1a: Slowbro|tox\n|move|p2a: Quagsire|Earthquake|p1a: Slowbro\n|-damage|p1a: Slowbro|83\/100 tox\n|\n|-damage|p1a: Slowbro|77\/100 tox|[from] psn\n|upkeep\n|turn|7\n|\n|t:|1643967356\n|switch|p2a: Shedinja|Shedinja|100\/100\n|move|p1a: Slowbro|Teleport|p1a: Slowbro\n|\n|t:|1643967359\n|switch|p1a: Heatran|Heatran, F|100\/100|[from]move: Teleport\n|\n|upkeep\n|turn|8\n|\n|t:|1643967379\n|switch|p1a: Mienshao|Mienshao, M|100\/100\n|-status|p1a: Mienshao|tox\n|move|p2a: Shedinja|Protect||[still]\n|-fail|p2a: Shedinja\n|\n|-damage|p1a: Mienshao|95\/100 tox|[from] psn\n|upkeep\n|turn|9\n|\n|t:|1643967382\n|switch|p2a: Toxapex|Toxapex, M|95\/100\n|-damage|p2a: Toxapex|82\/100|[from] Stealth Rock\n|move|p1a: Mienshao|Knock Off|p2a: Toxapex\n|-damage|p2a: Toxapex|70\/100\n|\n|-damage|p1a: Mienshao|83\/100 tox|[from] psn\n|upkeep\n|turn|10\n|\n|t:|1643967388\n|move|p1a: Mienshao|U-turn|p2a: Toxapex\n|-resisted|p2a: Toxapex\n|-damage|p2a: Toxapex|62\/100\n|\n|t:|1643967390\n|switch|p1a: Heatran|Heatran, F|100\/100|[from]move: U-turn\n|move|p2a: Toxapex|Knock Off|p1a: Heatran\n|-damage|p1a: Heatran|88\/100\n|-enditem|p1a: Heatran|Leftovers|[from] move: Knock Off|[of] p2a: Toxapex\n|\n|upkeep\n|turn|11\n|\n|t:|1643967396\n|switch|p1a: Mienshao|Mienshao, M|100\/100 tox\n|switch|p2a: Quagsire|Quagsire, M|100\/100\n|-damage|p2a: Quagsire|94\/100|[from] Stealth Rock\n|\n|-heal|p2a: Quagsire|100\/100|[from] item: Leftovers\n|-damage|p1a: Mienshao|95\/100 tox|[from] psn\n|upkeep\n|turn|12\n|\n|t:|1643967400\n|switch|p2a: Toxapex|Toxapex, M|95\/100\n|-damage|p2a: Toxapex|83\/100|[from] Stealth Rock\n|move|p1a: Mienshao|U-turn|p2a: Toxapex\n|-resisted|p2a: Toxapex\n|-damage|p2a: Toxapex|76\/100\n|\n|t:|1643967403\n|switch|p1a: Mandibuzz|Mandibuzz, F|100\/100|[from]move: U-turn\n|\n|upkeep\n|turn|13\n|\n|t:|1643967406\n|move|p1a: Mandibuzz|Defog|p2a: Toxapex\n|-unboost|p2a: Toxapex|evasion|1\n|-sideend|p2: kokoukohiro|Stealth Rock|[from] move: Defog|[of] p1a: Mandibuzz\n|-sideend|p1: LECHxDIOR24|Toxic Spikes|[from] move: Defog|[of] p1a: Mandibuzz\n|move|p2a: Toxapex|Knock Off|p1a: Mandibuzz\n|-resisted|p1a: Mandibuzz\n|-damage|p1a: Mandibuzz|95\/100\n|-enditem|p1a: Mandibuzz|Heavy-Duty Boots|[from] move: Knock Off|[of] p2a: Toxapex\n|\n|upkeep\n|turn|14\n|\n|t:|1643967410\n|switch|p1a: Mamoswine|Mamoswine, F|100\/100\n|move|p2a: Toxapex|Toxic Spikes|p1a: Mamoswine\n|-sidestart|p1: LECHxDIOR24|move: Toxic Spikes\n|\n|upkeep\n|turn|15\n|\n|t:|1643967414\n|switch|p2a: Corviknight|Corviknight, F|100\/100\n|-ability|p2a: Corviknight|Pressure\n|move|p1a: Mamoswine|Icicle Crash|p2a: Corviknight\n|-damage|p2a: Corviknight|56\/100\n|\n|upkeep\n|turn|16\n|\n|t:|1643967420\n|move|p1a: Mamoswine|Icicle Crash|p2a: Corviknight|[miss]\n|-miss|p1a: Mamoswine|p2a: Corviknight\n|move|p2a: Corviknight|Roost|p2a: Corviknight\n|-heal|p2a: Corviknight|100\/100\n|-singleturn|p2a: Corviknight|move: Roost\n|\n|upkeep\n|turn|17\n|\n|t:|1643967423\n|switch|p1a: Mandibuzz|Mandibuzz, F|95\/100\n|move|p2a: Corviknight|Body Press|p1a: Mandibuzz\n|-damage|p1a: Mandibuzz|75\/100\n|\n|upkeep\n|turn|18\n|\n|t:|1643967426\n|move|p1a: Mandibuzz|Defog|p2a: Corviknight\n|-unboost|p2a: Corviknight|evasion|1\n|-sideend|p1: LECHxDIOR24|Toxic Spikes|[from] move: Defog|[of] p1a: Mandibuzz\n|move|p2a: Corviknight|Taunt|p1a: Mandibuzz\n|-start|p1a: Mandibuzz|move: Taunt\n|\n|upkeep\n|turn|19\n|\n|t:|1643967430\n|switch|p2a: Toxapex|Toxapex, M|100\/100\n|move|p1a: Mandibuzz|U-turn|p2a: Toxapex\n|-resisted|p2a: Toxapex\n|-damage|p2a: Toxapex|97\/100\n|\n|t:|1643967433\n|switch|p1a: Mamoswine|Mamoswine, F|100\/100|[from]move: U-turn\n|\n|upkeep\n|turn|20\n|\n|t:|1643967438\n|switch|p2a: Corviknight|Corviknight, F|100\/100\n|-ability|p2a: Corviknight|Pressure\n|move|p1a: Mamoswine|Earthquake|p2a: Corviknight\n|-immune|p2a: Corviknight\n|\n|upkeep\n|turn|21\n|\n|t:|1643967443\n|switch|p1a: Blacephalon|Blacephalon|100\/100\n|move|p2a: Corviknight|Body Press|p1a: Blacephalon\n|-immune|p1a: Blacephalon\n|\n|upkeep\n|turn|22\n|\n|t:|1643967448\n|switch|p2a: Toxapex|Toxapex, M|100\/100\n|move|p1a: Blacephalon|Trick|p2a: Toxapex\n|-activate|p1a: Blacephalon|move: Trick|[of] p2a: Toxapex\n|-item|p2a: Toxapex|Choice Scarf|[from] move: Trick\n|-enditem|p1a: Blacephalon|Choice Scarf|[silent]|[from] move: Trick\n|\n|upkeep\n|turn|23\n|j| vkhss(>\u25e1<)\n|\n|t:|1643967459\n|switch|p1a: Mandibuzz|Mandibuzz, F|75\/100\n|move|p2a: Toxapex|Knock Off|p1a: Mandibuzz\n|-resisted|p1a: Mandibuzz\n|-damage|p1a: Mandibuzz|71\/100\n|\n|upkeep\n|turn|24\n|\n|t:|1643967471\n|switch|p2a: Corviknight|Corviknight, F|100\/100\n|-ability|p2a: Corviknight|Pressure\n|move|p1a: Mandibuzz|U-turn|p2a: Corviknight\n|-resisted|p2a: Corviknight\n|-damage|p2a: Corviknight|99\/100\n|l| vkhss(>\u25e1<)\n|\n|t:|1643967474\n|switch|p1a: Blacephalon|Blacephalon|100\/100|[from]move: U-turn\n|\n|upkeep\n|turn|25\n|\n|t:|1643967479\n|switch|p2a: Toxapex|Toxapex, M|100\/100\n|move|p1a: Blacephalon|Trick|p2a: Toxapex\n|-activate|p1a: Blacephalon|move: Trick|[of] p2a: Toxapex\n|-enditem|p2a: Toxapex|Choice Scarf|[silent]|[from] move: Trick\n|-item|p1a: Blacephalon|Choice Scarf|[from] move: Trick\n|\n|upkeep\n|turn|26\n|\n|t:|1643967487\n|switch|p1a: Mandibuzz|Mandibuzz, F|71\/100\n|move|p2a: Toxapex|Knock Off|p1a: Mandibuzz\n|-resisted|p1a: Mandibuzz\n|-damage|p1a: Mandibuzz|67\/100\n|\n|upkeep\n|turn|27\n|\n|t:|1643967494\n|move|p1a: Mandibuzz|Roost|p1a: Mandibuzz\n|-heal|p1a: Mandibuzz|100\/100\n|-singleturn|p1a: Mandibuzz|move: Roost\n|move|p2a: Toxapex|Toxic Spikes|p1a: Mandibuzz\n|-sidestart|p1: LECHxDIOR24|move: Toxic Spikes\n|\n|upkeep\n|turn|28\n|\n|t:|1643967501\n|move|p1a: Mandibuzz|U-turn|p2a: Toxapex\n|-resisted|p2a: Toxapex\n|-damage|p2a: Toxapex|97\/100\n|\n|t:|1643967503\n|switch|p1a: Slowbro|Slowbro, F|100\/100 tox|[from]move: U-turn\n|move|p2a: Toxapex|Knock Off|p1a: Slowbro\n|-supereffective|p1a: Slowbro\n|-crit|p1a: Slowbro\n|-damage|p1a: Slowbro|81\/100 tox\n|\n|-damage|p1a: Slowbro|75\/100 tox|[from] psn\n|upkeep\n|turn|29\n|\n|t:|1643967506\n|move|p2a: Toxapex|Toxic Spikes|p1a: Slowbro\n|-sidestart|p1: LECHxDIOR24|move: Toxic Spikes\n|move|p1a: Slowbro|Teleport|p1a: Slowbro\n|\n|t:|1643967508\n|switch|p1a: Mandibuzz|Mandibuzz, F|100\/100|[from]move: Teleport\n|\n|upkeep\n|turn|30\n|\n|t:|1643967512\n|switch|p2a: Corviknight|Corviknight, F|99\/100\n|-ability|p2a: Corviknight|Pressure\n|move|p1a: Mandibuzz|Defog|p2a: Corviknight\n|-unboost|p2a: Corviknight|evasion|1\n|-sideend|p1: LECHxDIOR24|Toxic Spikes|[from] move: Defog|[of] p1a: Mandibuzz\n|\n|upkeep\n|turn|31\n|\n|t:|1643967519\n|switch|p2a: Toxapex|Toxapex, M|100\/100\n|move|p1a: Mandibuzz|U-turn|p2a: Toxapex\n|-resisted|p2a: Toxapex\n|-damage|p2a: Toxapex|97\/100\n|\n|t:|1643967522\n|switch|p1a: Mamoswine|Mamoswine, F|100\/100|[from]move: U-turn\n|\n|upkeep\n|turn|32\n|\n|t:|1643967526\n|switch|p2a: Corviknight|Corviknight, F|99\/100\n|-ability|p2a: Corviknight|Pressure\n|move|p1a: Mamoswine|Earthquake|p2a: Corviknight\n|-immune|p2a: Corviknight\n|\n|upkeep\n|turn|33\n|\n|t:|1643967533\n|switch|p1a: Blacephalon|Blacephalon|100\/100\n|move|p2a: Corviknight|Body Press|p1a: Blacephalon\n|-immune|p1a: Blacephalon\n|\n|upkeep\n|turn|34\n|\n|t:|1643967538\n|switch|p2a: Blissey|Blissey, F|100\/100\n|move|p1a: Blacephalon|Shadow Ball|p2a: Blissey\n|-immune|p2a: Blissey\n|\n|upkeep\n|turn|35\n|\n|t:|1643967545\n|switch|p1a: Slowbro|Slowbro, F|100\/100 tox\n|move|p2a: Blissey|Seismic Toss|p1a: Slowbro\n|-damage|p1a: Slowbro|75\/100 tox\n|\n|-damage|p1a: Slowbro|69\/100 tox|[from] psn\n|upkeep\n|turn|36\n|\n|t:|1643967547\n|switch|p2a: Shedinja|Shedinja|100\/100\n|move|p1a: Slowbro|Teleport|p1a: Slowbro\n|\n|t:|1643967551\n|switch|p1a: Mienshao|Mienshao, M|100\/100 tox|[from]move: Teleport\n|\n|-damage|p1a: Mienshao|95\/100 tox|[from] psn\n|upkeep\n|turn|37\n|\n|t:|1643967554\n|switch|p2a: Toxapex|Toxapex, M|100\/100\n|move|p1a: Mienshao|Knock Off|p2a: Toxapex\n|-damage|p2a: Toxapex|87\/100\n|\n|-damage|p1a: Mienshao|83\/100 tox|[from] psn\n|upkeep\n|turn|38\n|\n|t:|1643967557\n|move|p1a: Mienshao|U-turn|p2a: Toxapex\n|-resisted|p2a: Toxapex\n|-damage|p2a: Toxapex|80\/100\n|\n|t:|1643967559\n|switch|p1a: Mandibuzz|Mandibuzz, F|100\/100|[from]move: U-turn\n|move|p2a: Toxapex|Toxic Spikes|p1a: Mandibuzz\n|-sidestart|p1: LECHxDIOR24|move: Toxic Spikes\n|\n|upkeep\n|turn|39\n|\n|t:|1643967562\n|move|p1a: Mandibuzz|Defog|p2a: Toxapex\n|-unboost|p2a: Toxapex|evasion|1\n|-sideend|p1: LECHxDIOR24|Toxic Spikes|[from] move: Defog|[of] p1a: Mandibuzz\n|move|p2a: Toxapex|Toxic Spikes|p1a: Mandibuzz\n|-sidestart|p1: LECHxDIOR24|move: Toxic Spikes\n|\n|upkeep\n|turn|40\n|\n|t:|1643967566\n|move|p1a: Mandibuzz|U-turn|p2a: Toxapex\n|-resisted|p2a: Toxapex\n|-damage|p2a: Toxapex|76\/100\n|\n|t:|1643967568\n|switch|p1a: Slowbro|Slowbro, F|100\/100 tox|[from]move: U-turn\n|move|p2a: Toxapex|Toxic Spikes|p1a: Slowbro\n|-sidestart|p1: LECHxDIOR24|move: Toxic Spikes\n|\n|-damage|p1a: Slowbro|94\/100 tox|[from] psn\n|upkeep\n|turn|41\n|\n|t:|1643967571\n|switch|p2a: Shedinja|Shedinja|100\/100\n|move|p1a: Slowbro|Scald|p2a: Shedinja\n|-immune|p2a: Shedinja|[from] ability: Wonder Guard\n|\n|-damage|p1a: Slowbro|82\/100 tox|[from] psn\n|upkeep\n|turn|42\n|\n|t:|1643967583\n|switch|p1a: Mandibuzz|Mandibuzz, F|100\/100\n|move|p2a: Shedinja|Shadow Claw|p1a: Mandibuzz\n|-resisted|p1a: Mandibuzz\n|-crit|p1a: Mandibuzz\n|-damage|p1a: Mandibuzz|81\/100\n|\n|upkeep\n|turn|43\n|\n|t:|1643967591\n|switch|p2a: Toxapex|Toxapex, M|100\/100\n|move|p1a: Mandibuzz|Foul Play|p2a: Toxapex\n|-damage|p2a: Toxapex|87\/100\n|\n|upkeep\n|turn|44\n|\n|t:|1643967598\n|move|p1a: Mandibuzz|Defog|p2a: Toxapex\n|-unboost|p2a: Toxapex|evasion|1\n|-sideend|p1: LECHxDIOR24|Toxic Spikes|[from] move: Defog|[of] p1a: Mandibuzz\n|move|p2a: Toxapex|Toxic Spikes|p1a: Mandibuzz\n|-sidestart|p1: LECHxDIOR24|move: Toxic Spikes\n|\n|upkeep\n|turn|45\n|\n|t:|1643967602\n|move|p1a: Mandibuzz|U-turn|p2a: Toxapex\n|-resisted|p2a: Toxapex\n|-damage|p2a: Toxapex|83\/100\n|\n|t:|1643967604\n|switch|p1a: Slowbro|Slowbro, F|100\/100 tox|[from]move: U-turn\n|move|p2a: Toxapex|Toxic Spikes|p1a: Slowbro\n|-sidestart|p1: LECHxDIOR24|move: Toxic Spikes\n|\n|-damage|p1a: Slowbro|94\/100 tox|[from] psn\n|upkeep\n|turn|46\n|\n|t:|1643967607\n|switch|p2a: Shedinja|Shedinja|100\/100\n|move|p1a: Slowbro|Teleport|p1a: Slowbro\n|\n|t:|1643967608\n|switch|p1a: Mandibuzz|Mandibuzz, F|81\/100|[from]move: Teleport\n|\n|upkeep\n|turn|47\n|\n|t:|1643967613\n|switch|p2a: Toxapex|Toxapex, M|100\/100\n|move|p1a: Mandibuzz|Defog|p2a: Toxapex\n|-unboost|p2a: Toxapex|evasion|1\n|-sideend|p1: LECHxDIOR24|Toxic Spikes|[from] move: Defog|[of] p1a: Mandibuzz\n|\n|upkeep\n|turn|48\n|\n|t:|1643967617\n|switch|p1a: Mamoswine|Mamoswine, F|100\/100\n|move|p2a: Toxapex|Toxic Spikes|p1a: Mamoswine\n|-sidestart|p1: LECHxDIOR24|move: Toxic Spikes\n|\n|upkeep\n|turn|49\n|\n|t:|1643967620\n|switch|p2a: Corviknight|Corviknight, F|99\/100\n|-ability|p2a: Corviknight|Pressure\n|move|p1a: Mamoswine|Icicle Crash|p2a: Corviknight\n|-damage|p2a: Corviknight|54\/100\n|\n|upkeep\n|turn|50\n|\n|t:|1643967623\n|move|p1a: Mamoswine|Icicle Crash|p2a: Corviknight|[miss]\n|-miss|p1a: Mamoswine|p2a: Corviknight\n|move|p2a: Corviknight|Roost|p2a: Corviknight\n|-heal|p2a: Corviknight|100\/100\n|-singleturn|p2a: Corviknight|move: Roost\n|\n|upkeep\n|turn|51\n|\n|t:|1643967629\n|switch|p1a: Mandibuzz|Mandibuzz, F|81\/100\n|move|p2a: Corviknight|Body Press|p1a: Mandibuzz\n|-damage|p1a: Mandibuzz|62\/100\n|\n|upkeep\n|turn|52\n|\n|t:|1643967632\n|switch|p2a: Toxapex|Toxapex, M|100\/100\n|move|p1a: Mandibuzz|Roost|p1a: Mandibuzz\n|-heal|p1a: Mandibuzz|100\/100\n|-singleturn|p1a: Mandibuzz|move: Roost\n|\n|upkeep\n|turn|53\n|\n|t:|1643967636\n|switch|p2a: Corviknight|Corviknight, F|100\/100\n|-ability|p2a: Corviknight|Pressure\n|move|p1a: Mandibuzz|U-turn|p2a: Corviknight\n|-resisted|p2a: Corviknight\n|-damage|p2a: Corviknight|99\/100\n|\n|t:|1643967641\n|switch|p1a: Slowbro|Slowbro, F|100\/100 tox|[from]move: U-turn\n|\n|-damage|p1a: Slowbro|94\/100 tox|[from] psn\n|upkeep\n|turn|54\n|\n|t:|1643967645\n|move|p2a: Corviknight|Taunt|p1a: Slowbro\n|-start|p1a: Slowbro|move: Taunt\n|move|p1a: Slowbro|Scald|p2a: Corviknight\n|-damage|p2a: Corviknight|72\/100\n|-status|p2a: Corviknight|brn\n|\n|-damage|p1a: Slowbro|82\/100 tox|[from] psn\n|-damage|p2a: Corviknight|66\/100 brn|[from] brn\n|upkeep\n|turn|55\n|\n|t:|1643967648\n|switch|p2a: Shedinja|Shedinja|100\/100\n|switch|p1a: Mandibuzz|Mandibuzz, F|100\/100\n|\n|upkeep\n|turn|56\n|\n|t:|1643967653\n|switch|p2a: Corviknight|Corviknight, F|66\/100 brn\n|-ability|p2a: Corviknight|Pressure\n|move|p1a: Mandibuzz|U-turn|p2a: Corviknight\n|-resisted|p2a: Corviknight\n|-damage|p2a: Corviknight|65\/100 brn\n|\n|t:|1643967656\n|switch|p1a: Heatran|Heatran, F|88\/100|[from]move: U-turn\n|\n|-damage|p2a: Corviknight|58\/100 brn|[from] brn\n|upkeep\n|turn|57\n|\n|t:|1643967661\n|switch|p2a: Quagsire|Quagsire, M|100\/100\n|move|p1a: Heatran|Stealth Rock|p2a: Quagsire\n|-sidestart|p2: kokoukohiro|move: Stealth Rock\n|\n|upkeep\n|turn|58\n|\n|t:|1643967672\n|switch|p1a: Slowbro|Slowbro, F|100\/100 tox\n|move|p2a: Quagsire|Toxic|p1a: Slowbro\n|-fail|p1a: Slowbro|tox\n|\n|-damage|p1a: Slowbro|94\/100 tox|[from] psn\n|upkeep\n|turn|59\n|j| AKA_Turtle\n|l| AKA_Turtle\n|\n|t:|1643967683\n|switch|p2a: Jirachi|Jirachi|100\/100\n|-damage|p2a: Jirachi|94\/100|[from] Stealth Rock\n|move|p1a: Slowbro|Teleport|p1a: Slowbro\n|\n|t:|1643967686\n|switch|p1a: Heatran|Heatran, F|88\/100|[from]move: Teleport\n|\n|-heal|p2a: Jirachi|100\/100|[from] item: Leftovers\n|upkeep\n|turn|60\n|\n|t:|1643967694\n|switch|p2a: Quagsire|Quagsire, M|100\/100\n|-damage|p2a: Quagsire|94\/100|[from] Stealth Rock\n|switch|p1a: Mienshao|Mienshao, M|100\/100 tox\n|\n|-heal|p2a: Quagsire|100\/100|[from] item: Leftovers\n|-damage|p1a: Mienshao|95\/100 tox|[from] psn\n|upkeep\n|turn|61\n|\n|t:|1643967697\n|switch|p2a: Toxapex|Toxapex, M|100\/100\n|-damage|p2a: Toxapex|88\/100|[from] Stealth Rock\n|move|p1a: Mienshao|U-turn|p2a: Toxapex\n|-resisted|p2a: Toxapex\n|-damage|p2a: Toxapex|80\/100\n|\n|t:|1643967700\n|switch|p1a: Mandibuzz|Mandibuzz, F|100\/100|[from]move: U-turn\n|\n|upkeep\n|turn|62\n|\n|t:|1643967706\n|move|p1a: Mandibuzz|U-turn|p2a: Toxapex\n|-resisted|p2a: Toxapex\n|-damage|p2a: Toxapex|77\/100\n|\n|t:|1643967708\n|switch|p1a: Slowbro|Slowbro, F|100\/100 tox|[from]move: U-turn\n|move|p2a: Toxapex|Toxic Spikes|p1a: Slowbro\n|-sidestart|p1: LECHxDIOR24|move: Toxic Spikes\n|\n|-damage|p1a: Slowbro|94\/100 tox|[from] psn\n|upkeep\n|turn|63\n|\n|t:|1643967710\n|switch|p2a: Jirachi|Jirachi|100\/100\n|-damage|p2a: Jirachi|94\/100|[from] Stealth Rock\n|move|p1a: Slowbro|Teleport|p1a: Slowbro\n|\n|t:|1643967713\n|switch|p1a: Heatran|Heatran, F|88\/100|[from]move: Teleport\n|\n|-heal|p2a: Jirachi|100\/100|[from] item: Leftovers\n|upkeep\n|turn|64\n|\n|t:|1643967716\n|switch|p2a: Quagsire|Quagsire, M|100\/100\n|-damage|p2a: Quagsire|94\/100|[from] Stealth Rock\n|move|p1a: Heatran|Magma Storm|p2a: Quagsire\n|-resisted|p2a: Quagsire\n|-damage|p2a: Quagsire|69\/100\n|-activate|p2a: Quagsire|move: Magma Storm|[of] p1a: Heatran\n|\n|-heal|p2a: Quagsire|75\/100|[from] item: Leftovers\n|-damage|p2a: Quagsire|62\/100|[from] move: Magma Storm|[partiallytrapped]\n|upkeep\n|turn|65\n|\n|t:|1643967719\n|switch|p1a: Slowbro|Slowbro, F|100\/100 tox\n|move|p2a: Quagsire|Earthquake|p1a: Slowbro\n|-damage|p1a: Slowbro|84\/100 tox\n|\n|-heal|p2a: Quagsire|68\/100|[from] item: Leftovers\n|-damage|p1a: Slowbro|78\/100 tox|[from] psn\n|-end|p2a: Quagsire|Magma Storm|[partiallytrapped]|[silent]\n|upkeep\n|turn|66\n|\n|t:|1643967722\n|move|p1a: Slowbro|Scald|p2a: Quagsire\n|-damage|p2a: Quagsire|34\/100\n|-status|p2a: Quagsire|brn\n|move|p2a: Quagsire|Recover|p2a: Quagsire\n|-heal|p2a: Quagsire|84\/100 brn\n|\n|-heal|p2a: Quagsire|90\/100 brn|[from] item: Leftovers\n|-damage|p1a: Slowbro|66\/100 tox|[from] psn\n|-damage|p2a: Quagsire|84\/100 brn|[from] brn\n|upkeep\n|turn|67\n|\n|t:|1643967727\n|switch|p2a: Blissey|Blissey, F|100\/100\n|move|p1a: Slowbro|Teleport|p1a: Slowbro\n|\n|t:|1643967730\n|switch|p1a: Mienshao|Mienshao, M|100\/100 tox|[from]move: Teleport\n|\n|-damage|p1a: Mienshao|95\/100 tox|[from] psn\n|upkeep\n|turn|68\n|\n|t:|1643967736\n|switch|p2a: Toxapex|Toxapex, M|100\/100\n|-damage|p2a: Toxapex|88\/100|[from] Stealth Rock\n|move|p1a: Mienshao|U-turn|p2a: Toxapex\n|-resisted|p2a: Toxapex\n|-damage|p2a: Toxapex|81\/100\n|\n|t:|1643967740\n|switch|p1a: Mandibuzz|Mandibuzz, F|100\/100|[from]move: U-turn\n|\n|upkeep\n|turn|69\n|\n|t:|1643967745\n|switch|p2a: Blissey|Blissey, F|100\/100\n|move|p1a: Mandibuzz|U-turn|p2a: Blissey\n|-damage|p2a: Blissey|78\/100\n|\n|t:|1643967748\n|switch|p1a: Mienshao|Mienshao, M|100\/100 tox|[from]move: U-turn\n|\n|-damage|p1a: Mienshao|95\/100 tox|[from] psn\n|upkeep\n|turn|70\n|\n|t:|1643967753\n|switch|p2a: Toxapex|Toxapex, M|100\/100\n|-damage|p2a: Toxapex|88\/100|[from] Stealth Rock\n|move|p1a: Mienshao|U-turn|p2a: Toxapex\n|-resisted|p2a: Toxapex\n|-damage|p2a: Toxapex|80\/100\n|\n|t:|1643967755\n|switch|p1a: Mandibuzz|Mandibuzz, F|100\/100|[from]move: U-turn\n|\n|upkeep\n|turn|71\n|\n|t:|1643967774\n|move|p1a: Mandibuzz|U-turn|p2a: Toxapex\n|-resisted|p2a: Toxapex\n|-damage|p2a: Toxapex|77\/100\n|\n|t:|1643967775\n|switch|p1a: Slowbro|Slowbro, F|99\/100 tox|[from]move: U-turn\n|move|p2a: Toxapex|Knock Off|p1a: Slowbro\n|-supereffective|p1a: Slowbro\n|-damage|p1a: Slowbro|87\/100 tox\n|\n|-damage|p1a: Slowbro|80\/100 tox|[from] psn\n|upkeep\n|turn|72\n|\n|t:|1643967781\n|switch|p2a: Jirachi|Jirachi|100\/100\n|-damage|p2a: Jirachi|94\/100|[from] Stealth Rock\n|move|p1a: Slowbro|Body Press|p2a: Jirachi\n|-damage|p2a: Jirachi|71\/100\n|\n|-heal|p2a: Jirachi|77\/100|[from] item: Leftovers\n|-damage|p1a: Slowbro|68\/100 tox|[from] psn\n|upkeep\n|turn|73\n|\n|t:|1643967785\n|move|p2a: Jirachi|Stealth Rock|p1a: Slowbro\n|-sidestart|p1: LECHxDIOR24|move: Stealth Rock\n|move|p1a: Slowbro|Teleport|p1a: Slowbro\n|\n|t:|1643967788\n|switch|p1a: Heatran|Heatran, F|88\/100|[from]move: Teleport\n|-damage|p1a: Heatran|76\/100|[from] Stealth Rock\n|\n|-heal|p2a: Jirachi|83\/100|[from] item: Leftovers\n|upkeep\n|turn|74\n|\n|t:|1643967791\n|switch|p1a: Mandibuzz|Mandibuzz, F|100\/100\n|-damage|p1a: Mandibuzz|76\/100|[from] Stealth Rock\n|move|p2a: Jirachi|Protect||[still]\n|-fail|p2a: Jirachi\n|\n|-heal|p2a: Jirachi|90\/100|[from] item: Leftovers\n|upkeep\n|turn|75\n|\n|t:|1643967798\n|switch|p2a: Toxapex|Toxapex, M|100\/100\n|-damage|p2a: Toxapex|88\/100|[from] Stealth Rock\n|move|p1a: Mandibuzz|Foul Play|p2a: Toxapex\n|-damage|p2a: Toxapex|74\/100\n|\n|upkeep\n|turn|76\n|\n|t:|1643967805\n|move|p1a: Mandibuzz|Defog|p2a: Toxapex\n|-unboost|p2a: Toxapex|evasion|1\n|-sideend|p2: kokoukohiro|Stealth Rock|[from] move: Defog|[of] p1a: Mandibuzz\n|-sideend|p1: LECHxDIOR24|Toxic Spikes|[from] move: Defog|[of] p1a: Mandibuzz\n|-sideend|p1: LECHxDIOR24|Stealth Rock|[from] move: Defog|[of] p1a: Mandibuzz\n|move|p2a: Toxapex|Knock Off|p1a: Mandibuzz\n|-resisted|p1a: Mandibuzz\n|-damage|p1a: Mandibuzz|72\/100\n|\n|upkeep\n|turn|77\n|\n|t:|1643967810\n|switch|p1a: Mamoswine|Mamoswine, F|100\/100\n|move|p2a: Toxapex|Toxic Spikes|p1a: Mamoswine\n|-sidestart|p1: LECHxDIOR24|move: Toxic Spikes\n|\n|upkeep\n|turn|78\n|\n|t:|1643967817\n|switch|p2a: Shedinja|Shedinja|100\/100\n|move|p1a: Mamoswine|Knock Off|p2a: Shedinja\n|-supereffective|p2a: Shedinja\n|-damage|p2a: Shedinja|0 fnt\n|-enditem|p2a: Shedinja|Heavy-Duty Boots|[from] move: Knock Off|[of] p1a: Mamoswine\n|faint|p2a: Shedinja\n|\n|upkeep\n|\n|t:|1643967827\n|switch|p2a: Quagsire|Quagsire, M|84\/100 brn\n|turn|79\n|\n|t:|1643967830\n|switch|p1a: Slowbro|Slowbro, F|100\/100 tox\n|move|p2a: Quagsire|Recover|p2a: Quagsire\n|-heal|p2a: Quagsire|100\/100 brn\n|\n|-damage|p1a: Slowbro|94\/100 tox|[from] psn\n|-damage|p2a: Quagsire|94\/100 brn|[from] brn\n|upkeep\n|turn|80\n|\n|t:|1643967840\n|switch|p2a: Blissey|Blissey, F|78\/100\n|move|p1a: Slowbro|Teleport|p1a: Slowbro\n|\n|t:|1643967843\n|switch|p1a: Mienshao|Mienshao, M|100\/100 tox|[from]move: Teleport\n|\n|-damage|p1a: Mienshao|95\/100 tox|[from] psn\n|upkeep\n|turn|81\n|\n|t:|1643967846\n|switch|p2a: Toxapex|Toxapex, M|100\/100\n|move|p1a: Mienshao|Close Combat|p2a: Toxapex\n|-resisted|p2a: Toxapex\n|-damage|p2a: Toxapex|83\/100\n|-unboost|p1a: Mienshao|def|1\n|-unboost|p1a: Mienshao|spd|1\n|\n|-damage|p1a: Mienshao|83\/100 tox|[from] psn\n|upkeep\n|turn|82\n|\n|t:|1643967851\n|move|p1a: Mienshao|U-turn|p2a: Toxapex\n|-resisted|p2a: Toxapex\n|-damage|p2a: Toxapex|76\/100\n|\n|t:|1643967855\n|switch|p1a: Slowbro|Slowbro, F|100\/100 tox|[from]move: U-turn\n|move|p2a: Toxapex|Toxic Spikes|p1a: Slowbro\n|-sidestart|p1: LECHxDIOR24|move: Toxic Spikes\n|\n|-damage|p1a: Slowbro|94\/100 tox|[from] psn\n|upkeep\n|turn|83\n|\n|t:|1643967859\n|switch|p2a: Jirachi|Jirachi|90\/100\n|move|p1a: Slowbro|Scald|p2a: Jirachi\n|-damage|p2a: Jirachi|72\/100\n|\n|-heal|p2a: Jirachi|78\/100|[from] item: Leftovers\n|-damage|p1a: Slowbro|82\/100 tox|[from] psn\n|upkeep\n|turn|84\n|j| Lightchanseyy\n|\n|t:|1643967862\n|move|p2a: Jirachi|Stealth Rock|p1a: Slowbro\n|-sidestart|p1: LECHxDIOR24|move: Stealth Rock\n|move|p1a: Slowbro|Teleport|p1a: Slowbro\n|l| Lightchanseyy\n|\n|t:|1643967869\n|switch|p1a: Heatran|Heatran, F|76\/100|[from]move: Teleport\n|-damage|p1a: Heatran|63\/100|[from] Stealth Rock\n|\n|-heal|p2a: Jirachi|84\/100|[from] item: Leftovers\n|upkeep\n|turn|85\n|\n|t:|1643967873\n|switch|p2a: Quagsire|Quagsire, M|94\/100 brn\n|move|p1a: Heatran|Stealth Rock|p2a: Quagsire\n|-sidestart|p2: kokoukohiro|move: Stealth Rock\n|\n|-heal|p2a: Quagsire|100\/100 brn|[from] item: Leftovers\n|-damage|p2a: Quagsire|94\/100 brn|[from] brn\n|upkeep\n|turn|86\n|\n|t:|1643967880\n|switch|p1a: Slowbro|Slowbro, F|100\/100 tox\n|-damage|p1a: Slowbro|88\/100 tox|[from] Stealth Rock\n|move|p2a: Quagsire|Scald|p1a: Slowbro\n|-resisted|p1a: Slowbro\n|-damage|p1a: Slowbro|78\/100 tox\n|\n|-heal|p2a: Quagsire|100\/100 brn|[from] item: Leftovers\n|-damage|p1a: Slowbro|72\/100 tox|[from] psn\n|-damage|p2a: Quagsire|94\/100 brn|[from] brn\n|upkeep\n|turn|87\n|\n|t:|1643967886\n|switch|p2a: Jirachi|Jirachi|84\/100\n|-damage|p2a: Jirachi|78\/100|[from] Stealth Rock\n|move|p1a: Slowbro|Scald|p2a: Jirachi\n|-damage|p2a: Jirachi|60\/100\n|-status|p2a: Jirachi|brn\n|\n|-heal|p2a: Jirachi|66\/100 brn|[from] item: Leftovers\n|-damage|p1a: Slowbro|60\/100 tox|[from] psn\n|-damage|p2a: Jirachi|60\/100 brn|[from] brn\n|upkeep\n|turn|88\n|\n|t:|1643967889\n|move|p2a: Jirachi|Wish|p2a: Jirachi\n|move|p1a: Slowbro|Slack Off|p1a: Slowbro\n|-heal|p1a: Slowbro|100\/100 tox\n|\n|-heal|p2a: Jirachi|66\/100 brn|[from] item: Leftovers\n|-damage|p1a: Slowbro|82\/100 tox|[from] psn\n|-damage|p2a: Jirachi|60\/100 brn|[from] brn\n|upkeep\n|turn|89\n|\n|t:|1643967895\n|switch|p2a: Blissey|Blissey, F|78\/100\n|move|p1a: Slowbro|Teleport|p1a: Slowbro\n|\n|t:|1643967901\n|switch|p1a: Mienshao|Mienshao, M|100\/100 tox|[from]move: Teleport\n|-damage|p1a: Mienshao|95\/100 tox|[from] Stealth Rock\n|\n|-heal|p2a: Blissey|100\/100|[from] move: Wish|[wisher] Jirachi\n|-damage|p1a: Mienshao|89\/100 tox|[from] psn\n|upkeep\n|turn|90\n|\n|t:|1643967904\n|switch|p2a: Toxapex|Toxapex, M|100\/100\n|-damage|p2a: Toxapex|88\/100|[from] Stealth Rock\n|move|p1a: Mienshao|U-turn|p2a: Toxapex\n|-resisted|p2a: Toxapex\n|-damage|p2a: Toxapex|81\/100\n|\n|t:|1643967908\n|switch|p1a: Mandibuzz|Mandibuzz, F|72\/100|[from]move: U-turn\n|-damage|p1a: Mandibuzz|47\/100|[from] Stealth Rock\n|\n|upkeep\n|turn|91\n|\n|t:|1643967917\n|switch|p2a: Blissey|Blissey, F|100\/100\n|move|p1a: Mandibuzz|Roost|p1a: Mandibuzz\n|-heal|p1a: Mandibuzz|97\/100\n|-singleturn|p1a: Mandibuzz|move: Roost\n|\n|upkeep\n|turn|92\n|\n|t:|1643967921\n|move|p1a: Mandibuzz|U-turn|p2a: Blissey\n|-damage|p2a: Blissey|78\/100\n|\n|t:|1643967924\n|switch|p1a: Slowbro|Slowbro, F|100\/100 tox|[from]move: U-turn\n|-damage|p1a: Slowbro|88\/100 tox|[from] Stealth Rock\n|move|p2a: Blissey|Aromatherapy|p2a: Blissey\n|-activate|p2a: Blissey|move: Aromatherapy\n|-curestatus|p2: Quagsire|brn|[msg]\n|-curestatus|p2: Corviknight|brn|[msg]\n|-curestatus|p2: Jirachi|brn|[msg]\n|\n|-damage|p1a: Slowbro|82\/100 tox|[from] psn\n|upkeep\n|turn|93\n|\n|t:|1643967929\n|switch|p2a: Jirachi|Jirachi|60\/100\n|-damage|p2a: Jirachi|54\/100|[from] Stealth Rock\n|move|p1a: Slowbro|Teleport|p1a: Slowbro\n|\n|t:|1643967933\n|switch|p1a: Mandibuzz|Mandibuzz, F|97\/100|[from]move: Teleport\n|-damage|p1a: Mandibuzz|72\/100|[from] Stealth Rock\n|\n|-heal|p2a: Jirachi|60\/100|[from] item: Leftovers\n|upkeep\n|turn|94\n|\n|t:|1643967938\n|move|p2a: Jirachi|Protect|p2a: Jirachi\n|-singleturn|p2a: Jirachi|Protect\n|move|p1a: Mandibuzz|Foul Play|p2a: Jirachi\n|-activate|p2a: Jirachi|move: Protect\n|\n|-heal|p2a: Jirachi|66\/100|[from] item: Leftovers\n|upkeep\n|turn|95\n|\n|t:|1643967942\n|switch|p2a: Toxapex|Toxapex, M|100\/100\n|-damage|p2a: Toxapex|88\/100|[from] Stealth Rock\n|move|p1a: Mandibuzz|Defog|p2a: Toxapex\n|-unboost|p2a: Toxapex|evasion|1\n|-sideend|p2: kokoukohiro|Stealth Rock|[from] move: Defog|[of] p1a: Mandibuzz\n|-sideend|p1: LECHxDIOR24|Toxic Spikes|[from] move: Defog|[of] p1a: Mandibuzz\n|-sideend|p1: LECHxDIOR24|Stealth Rock|[from] move: Defog|[of] p1a: Mandibuzz\n|\n|upkeep\n|turn|96\n|\n|t:|1643967949\n|switch|p1a: Heatran|Heatran, F|63\/100\n|move|p2a: Toxapex|Toxic Spikes|p1a: Heatran\n|-sidestart|p1: LECHxDIOR24|move: Toxic Spikes\n|\n|upkeep\n|turn|97\n|\n|t:|1643967955\n|switch|p1a: Mandibuzz|Mandibuzz, F|72\/100\n|switch|p2a: Quagsire|Quagsire, M|94\/100\n|\n|-heal|p2a: Quagsire|100\/100|[from] item: Leftovers\n|upkeep\n|turn|98\n|\n|t:|1643967959\n|move|p1a: Mandibuzz|U-turn|p2a: Quagsire\n|-damage|p2a: Quagsire|92\/100\n|\n|t:|1643967961\n|switch|p1a: Slowbro|Slowbro, F|100\/100 tox|[from]move: U-turn\n|move|p2a: Quagsire|Toxic|p1a: Slowbro\n|-fail|p1a: Slowbro|tox\n|\n|-heal|p2a: Quagsire|98\/100|[from] item: Leftovers\n|-damage|p1a: Slowbro|94\/100 tox|[from] psn\n|upkeep\n|turn|99\n|\n|t:|1643967966\n|switch|p2a: Jirachi|Jirachi|66\/100\n|move|p1a: Slowbro|Teleport|p1a: Slowbro\n|\n|t:|1643967969\n|switch|p1a: Mandibuzz|Mandibuzz, F|72\/100|[from]move: Teleport\n|\n|-heal|p2a: Jirachi|72\/100|[from] item: Leftovers\n|upkeep\n|turn|100\n|\n|t:|1643967974\n|move|p2a: Jirachi|Protect|p2a: Jirachi\n|-singleturn|p2a: Jirachi|Protect\n|move|p1a: Mandibuzz|U-turn|p2a: Jirachi\n|-activate|p2a: Jirachi|move: Protect\n|\n|-heal|p2a: Jirachi|78\/100|[from] item: Leftovers\n|upkeep\n|turn|101\n|\n|t:|1643967977\n|switch|p2a: Toxapex|Toxapex, M|100\/100\n|move|p1a: Mandibuzz|Defog|p2a: Toxapex\n|-unboost|p2a: Toxapex|evasion|1\n|-sideend|p1: LECHxDIOR24|Toxic Spikes|[from] move: Defog|[of] p1a: Mandibuzz\n|\n|upkeep\n|turn|102\n|\n|t:|1643967982\n|move|p1a: Mandibuzz|U-turn|p2a: Toxapex\n|-resisted|p2a: Toxapex\n|-damage|p2a: Toxapex|97\/100\n|\n|t:|1643967983\n|switch|p1a: Mamoswine|Mamoswine, F|100\/100|[from]move: U-turn\n|move|p2a: Toxapex|Toxic Spikes|p1a: Mamoswine\n|-sidestart|p1: LECHxDIOR24|move: Toxic Spikes\n|\n|upkeep\n|turn|103\n|\n|t:|1643967990\n|switch|p2a: Corviknight|Corviknight, F|58\/100\n|-ability|p2a: Corviknight|Pressure\n|move|p1a: Mamoswine|Earthquake|p2a: Corviknight\n|-immune|p2a: Corviknight\n|\n|upkeep\n|turn|104\n|\n|t:|1643967997\n|switch|p1a: Mandibuzz|Mandibuzz, F|72\/100\n|move|p2a: Corviknight|Roost|p2a: Corviknight\n|-heal|p2a: Corviknight|100\/100\n|-singleturn|p2a: Corviknight|move: Roost\n|\n|upkeep\n|turn|105\n|\n|t:|1643968004\n|switch|p2a: Toxapex|Toxapex, M|100\/100\n|move|p1a: Mandibuzz|U-turn|p2a: Toxapex\n|-resisted|p2a: Toxapex\n|-damage|p2a: Toxapex|97\/100\n|\n|t:|1643968008\n|switch|p1a: Heatran|Heatran, F|63\/100|[from]move: U-turn\n|\n|upkeep\n|turn|106\n|\n|t:|1643968013\n|switch|p1a: Slowbro|Slowbro, F|100\/100 tox\n|switch|p2a: Quagsire|Quagsire, M|98\/100\n|\n|-heal|p2a: Quagsire|100\/100|[from] item: Leftovers\n|-damage|p1a: Slowbro|94\/100 tox|[from] psn\n|upkeep\n|turn|107\n|\n|t:|1643968021\n|switch|p2a: Jirachi|Jirachi|78\/100\n|move|p1a: Slowbro|Scald|p2a: Jirachi\n|-damage|p2a: Jirachi|63\/100\n|-status|p2a: Jirachi|brn\n|\n|-heal|p2a: Jirachi|69\/100 brn|[from] item: Leftovers\n|-damage|p1a: Slowbro|82\/100 tox|[from] psn\n|-damage|p2a: Jirachi|63\/100 brn|[from] brn\n|upkeep\n|turn|108\n|\n|t:|1643968025\n|move|p2a: Jirachi|Wish|p2a: Jirachi\n|move|p1a: Slowbro|Teleport|p1a: Slowbro\n|\n|t:|1643968026\n|switch|p1a: Mandibuzz|Mandibuzz, F|72\/100|[from]move: Teleport\n|\n|-heal|p2a: Jirachi|69\/100 brn|[from] item: Leftovers\n|-damage|p2a: Jirachi|63\/100 brn|[from] brn\n|upkeep\n|turn|109\n|\n|t:|1643968034\n|move|p2a: Jirachi|Stealth Rock|p1a: Mandibuzz\n|-sidestart|p1: LECHxDIOR24|move: Stealth Rock\n|move|p1a: Mandibuzz|Roost|p1a: Mandibuzz\n|-heal|p1a: Mandibuzz|100\/100\n|-singleturn|p1a: Mandibuzz|move: Roost\n|\n|-heal|p2a: Jirachi|100\/100 brn|[from] move: Wish|[wisher] Jirachi\n|-damage|p2a: Jirachi|94\/100 brn|[from] brn\n|upkeep\n|turn|110\n|\n|t:|1643968040\n|switch|p2a: Toxapex|Toxapex, M|100\/100\n|move|p1a: Mandibuzz|Defog|p2a: Toxapex\n|-unboost|p2a: Toxapex|evasion|1\n|-sideend|p1: LECHxDIOR24|Toxic Spikes|[from] move: Defog|[of] p1a: Mandibuzz\n|-sideend|p1: LECHxDIOR24|Stealth Rock|[from] move: Defog|[of] p1a: Mandibuzz\n|\n|upkeep\n|turn|111\n|\n|t:|1643968043\n|move|p1a: Mandibuzz|U-turn|p2a: Toxapex\n|-resisted|p2a: Toxapex\n|-damage|p2a: Toxapex|97\/100\n|\n|t:|1643968046\n|switch|p1a: Mamoswine|Mamoswine, F|100\/100|[from]move: U-turn\n|move|p2a: Toxapex|Toxic Spikes|p1a: Mamoswine\n|-sidestart|p1: LECHxDIOR24|move: Toxic Spikes\n|\n|upkeep\n|turn|112\n|\n|t:|1643968050\n|switch|p2a: Corviknight|Corviknight, F|100\/100\n|-ability|p2a: Corviknight|Pressure\n|move|p1a: Mamoswine|Knock Off|p2a: Corviknight\n|-damage|p2a: Corviknight|65\/100\n|-enditem|p2a: Corviknight|Shed Shell|[from] move: Knock Off|[of] p1a: Mamoswine\n|\n|upkeep\n|turn|113\n|\n|t:|1643968056\n|switch|p1a: Slowbro|Slowbro, F|100\/100 tox\n|move|p2a: Corviknight|Roost|p2a: Corviknight\n|-heal|p2a: Corviknight|100\/100\n|-singleturn|p2a: Corviknight|move: Roost\n|\n|-damage|p1a: Slowbro|94\/100 tox|[from] psn\n|upkeep\n|turn|114\n|\n|t:|1643968059\n|switch|p2a: Jirachi|Jirachi|94\/100 brn\n|move|p1a: Slowbro|Teleport|p1a: Slowbro\n|\n|t:|1643968061\n|switch|p1a: Mandibuzz|Mandibuzz, F|100\/100|[from]move: Teleport\n|\n|-heal|p2a: Jirachi|100\/100 brn|[from] item: Leftovers\n|-damage|p2a: Jirachi|94\/100 brn|[from] brn\n|upkeep\n|turn|115\n|\n|t:|1643968064\n|switch|p2a: Corviknight|Corviknight, F|100\/100\n|-ability|p2a: Corviknight|Pressure\n|move|p1a: Mandibuzz|Foul Play|p2a: Corviknight\n|-damage|p2a: Corviknight|86\/100\n|\n|upkeep\n|turn|116\n|\n|t:|1643968069\n|switch|p2a: Toxapex|Toxapex, M|100\/100\n|move|p1a: Mandibuzz|U-turn|p2a: Toxapex\n|-resisted|p2a: Toxapex\n|-damage|p2a: Toxapex|97\/100\n|\n|t:|1643968072\n|switch|p1a: Heatran|Heatran, F|63\/100|[from]move: U-turn\n|\n|upkeep\n|turn|117\n|\n|t:|1643968076\n|switch|p1a: Mienshao|Mienshao, M|100\/100 tox\n|switch|p2a: Quagsire|Quagsire, M|100\/100\n|\n|-damage|p1a: Mienshao|95\/100 tox|[from] psn\n|upkeep\n|turn|118\n|\n|t:|1643968080\n|switch|p2a: Toxapex|Toxapex, M|100\/100\n|move|p1a: Mienshao|U-turn|p2a: Toxapex\n|-resisted|p2a: Toxapex\n|-damage|p2a: Toxapex|94\/100\n|\n|t:|1643968082\n|switch|p1a: Heatran|Heatran, F|63\/100|[from]move: U-turn\n|\n|upkeep\n|turn|119\n|\n|t:|1643968086\n|switch|p2a: Quagsire|Quagsire, M|100\/100\n|move|p1a: Heatran|Stealth Rock|p2a: Quagsire\n|-sidestart|p2: kokoukohiro|move: Stealth Rock\n|\n|upkeep\n|turn|120\n|\n|t:|1643968096\n|switch|p1a: Mienshao|Mienshao, M|100\/100 tox\n|move|p2a: Quagsire|Earthquake|p1a: Mienshao\n|-damage|p1a: Mienshao|40\/100 tox\n|\n|-damage|p1a: Mienshao|34\/100 tox|[from] psn\n|upkeep\n|turn|121\n|\n|t:|1643968099\n|switch|p2a: Toxapex|Toxapex, M|100\/100\n|-damage|p2a: Toxapex|88\/100|[from] Stealth Rock\n|move|p1a: Mienshao|U-turn|p2a: Toxapex\n|-resisted|p2a: Toxapex\n|-damage|p2a: Toxapex|81\/100\n|\n|t:|1643968102\n|switch|p1a: Heatran|Heatran, F|63\/100|[from]move: U-turn\n|\n|upkeep\n|turn|122\n|\n|t:|1643968107\n|switch|p1a: Mienshao|Mienshao, M|67\/100 tox\n|switch|p2a: Quagsire|Quagsire, M|100\/100\n|-damage|p2a: Quagsire|94\/100|[from] Stealth Rock\n|\n|-heal|p2a: Quagsire|100\/100|[from] item: Leftovers\n|-damage|p1a: Mienshao|61\/100 tox|[from] psn\n|upkeep\n|turn|123\n|\n|t:|1643968110\n|switch|p2a: Toxapex|Toxapex, M|100\/100\n|-damage|p2a: Toxapex|88\/100|[from] Stealth Rock\n|move|p1a: Mienshao|U-turn|p2a: Toxapex\n|-resisted|p2a: Toxapex\n|-damage|p2a: Toxapex|80\/100\n|\n|t:|1643968113\n|switch|p1a: Heatran|Heatran, F|63\/100|[from]move: U-turn\n|\n|upkeep\n|turn|124\n|\n|t:|1643968120\n|switch|p1a: Mienshao|Mienshao, M|94\/100 tox\n|switch|p2a: Quagsire|Quagsire, M|100\/100\n|-damage|p2a: Quagsire|94\/100|[from] Stealth Rock\n|\n|-heal|p2a: Quagsire|100\/100|[from] item: Leftovers\n|-damage|p1a: Mienshao|88\/100 tox|[from] psn\n|upkeep\n|turn|125\n|\n|t:|1643968127\n|switch|p2a: Toxapex|Toxapex, M|100\/100\n|-damage|p2a: Toxapex|88\/100|[from] Stealth Rock\n|move|p1a: Mienshao|U-turn|p2a: Toxapex\n|-resisted|p2a: Toxapex\n|-damage|p2a: Toxapex|81\/100\n|\n|t:|1643968132\n|switch|p1a: Mandibuzz|Mandibuzz, F|100\/100|[from]move: U-turn\n|\n|upkeep\n|turn|126\n|\n|t:|1643968138\n|move|p1a: Mandibuzz|Foul Play|p2a: Toxapex\n|-damage|p2a: Toxapex|69\/100\n|move|p2a: Toxapex|Toxic Spikes|p1a: Mandibuzz\n|-sidestart|p1: LECHxDIOR24|move: Toxic Spikes\n|\n|upkeep\n|turn|127\n|\n|t:|1643968146\n|move|p1a: Mandibuzz|U-turn|p2a: Toxapex\n|-resisted|p2a: Toxapex\n|-damage|p2a: Toxapex|65\/100\n|\n|t:|1643968149\n|switch|p1a: Slowbro|Slowbro, F|100\/100 tox|[from]move: U-turn\n|move|p2a: Toxapex|Knock Off|p1a: Slowbro\n|-supereffective|p1a: Slowbro\n|-damage|p1a: Slowbro|87\/100 tox\n|\n|-damage|p1a: Slowbro|81\/100 tox|[from] psn\n|upkeep\n|turn|128\n|\n|t:|1643968153\n|switch|p2a: Jirachi|Jirachi|94\/100 brn\n|-damage|p2a: Jirachi|88\/100 brn|[from] Stealth Rock\n|move|p1a: Slowbro|Teleport|p1a: Slowbro\n|\n|t:|1643968155\n|switch|p1a: Mandibuzz|Mandibuzz, F|100\/100|[from]move: Teleport\n|\n|-heal|p2a: Jirachi|94\/100 brn|[from] item: Leftovers\n|-damage|p2a: Jirachi|88\/100 brn|[from] brn\n|upkeep\n|turn|129\n|\n|t:|1643968163\n|switch|p1a: Mienshao|Mienshao, M|100\/100 tox\n|move|p2a: Jirachi|Stealth Rock|p1a: Mienshao\n|-sidestart|p1: LECHxDIOR24|move: Stealth Rock\n|\n|-heal|p2a: Jirachi|94\/100 brn|[from] item: Leftovers\n|-damage|p1a: Mienshao|95\/100 tox|[from] psn\n|-damage|p2a: Jirachi|88\/100 brn|[from] brn\n|upkeep\n|turn|130\n|\n|t:|1643968169\n|switch|p2a: Toxapex|Toxapex, M|98\/100\n|-damage|p2a: Toxapex|86\/100|[from] Stealth Rock\n|move|p1a: Mienshao|U-turn|p2a: Toxapex\n|-resisted|p2a: Toxapex\n|-damage|p2a: Toxapex|78\/100\n|\n|t:|1643968173\n|switch|p1a: Mandibuzz|Mandibuzz, F|100\/100|[from]move: U-turn\n|-damage|p1a: Mandibuzz|76\/100|[from] Stealth Rock\n|\n|upkeep\n|turn|131\n|j| AlIoutdragadarts\n|\n|t:|1643968177\n|move|p1a: Mandibuzz|Roost|p1a: Mandibuzz\n|-heal|p1a: Mandibuzz|100\/100\n|-singleturn|p1a: Mandibuzz|move: Roost\n|move|p2a: Toxapex|Toxic Spikes||[still]\n|-fail|p2a: Toxapex\n|\n|upkeep\n|turn|132\n|j| Fade to Monochrome\n|l| AlIoutdragadarts\n|\n|t:|1643968183\n|move|p1a: Mandibuzz|Defog|p2a: Toxapex\n|-unboost|p2a: Toxapex|evasion|1\n|-sideend|p2: kokoukohiro|Stealth Rock|[from] move: Defog|[of] p1a: Mandibuzz\n|-sideend|p1: LECHxDIOR24|Toxic Spikes|[from] move: Defog|[of] p1a: Mandibuzz\n|-sideend|p1: LECHxDIOR24|Stealth Rock|[from] move: Defog|[of] p1a: Mandibuzz\n|move|p2a: Toxapex|Knock Off|p1a: Mandibuzz\n|-resisted|p1a: Mandibuzz\n|-damage|p1a: Mandibuzz|97\/100\n|\n|upkeep\n|turn|133\n|\n|t:|1643968188\n|switch|p1a: Mamoswine|Mamoswine, F|100\/100\n|move|p2a: Toxapex|Toxic Spikes|p1a: Mamoswine\n|-sidestart|p1: LECHxDIOR24|move: Toxic Spikes\n|\n|upkeep\n|turn|134\n|\n|t:|1643968191\n|switch|p2a: Corviknight|Corviknight, F|86\/100\n|-ability|p2a: Corviknight|Pressure\n|move|p1a: Mamoswine|Icicle Crash|p2a: Corviknight\n|-damage|p2a: Corviknight|45\/100\n|\n|upkeep\n|turn|135\n|\n|t:|1643968194\n|move|p1a: Mamoswine|Icicle Crash|p2a: Corviknight\n|-damage|p2a: Corviknight|0 fnt\n|faint|p2a: Corviknight\n|\n|upkeep\n|\n|t:|1643968200\n|switch|p2a: Toxapex|Toxapex, M|100\/100\n|turn|136\n|\n|t:|1643968204\n|switch|p1a: Slowbro|Slowbro, F|100\/100 tox\n|move|p2a: Toxapex|Knock Off|p1a: Slowbro\n|-supereffective|p1a: Slowbro\n|-damage|p1a: Slowbro|88\/100 tox\n|\n|-damage|p1a: Slowbro|82\/100 tox|[from] psn\n|upkeep\n|turn|137\n|j| LucaSienge\n|\n|t:|1643968207\n|move|p2a: Toxapex|Toxic Spikes|p1a: Slowbro\n|-sidestart|p1: LECHxDIOR24|move: Toxic Spikes\n|move|p1a: Slowbro|Teleport|p1a: Slowbro\n|l| LucaSienge\n|\n|t:|1643968209\n|switch|p1a: Mienshao|Mienshao, M|100\/100 tox|[from]move: Teleport\n|\n|-damage|p1a: Mienshao|95\/100 tox|[from] psn\n|upkeep\n|turn|138\n|\n|t:|1643968218\n|move|p1a: Mienshao|U-turn|p2a: Toxapex\n|-resisted|p2a: Toxapex\n|-damage|p2a: Toxapex|94\/100\n|\n|t:|1643968220\n|switch|p1a: Slowbro|Slowbro, F|100\/100 tox|[from]move: U-turn\n|move|p2a: Toxapex|Knock Off|p1a: Slowbro\n|-supereffective|p1a: Slowbro\n|-damage|p1a: Slowbro|87\/100 tox\n|\n|-damage|p1a: Slowbro|81\/100 tox|[from] psn\n|upkeep\n|turn|139\n|\n|t:|1643968225\n|switch|p2a: Jirachi|Jirachi|88\/100 brn\n|move|p1a: Slowbro|Teleport|p1a: Slowbro\n|\n|t:|1643968228\n|switch|p1a: Mandibuzz|Mandibuzz, F|97\/100|[from]move: Teleport\n|\n|-heal|p2a: Jirachi|94\/100 brn|[from] item: Leftovers\n|-damage|p2a: Jirachi|88\/100 brn|[from] brn\n|upkeep\n|turn|140\n|\n|t:|1643968234\n|switch|p2a: Toxapex|Toxapex, M|100\/100\n|move|p1a: Mandibuzz|Foul Play|p2a: Toxapex\n|-damage|p2a: Toxapex|88\/100\n|\n|upkeep\n|turn|141\n|\n|t:|1643968247\n|move|p1a: Mandibuzz|Defog|p2a: Toxapex\n|-unboost|p2a: Toxapex|evasion|1\n|-sideend|p1: LECHxDIOR24|Toxic Spikes|[from] move: Defog|[of] p1a: Mandibuzz\n|move|p2a: Toxapex|Knock Off|p1a: Mandibuzz\n|-resisted|p1a: Mandibuzz\n|-damage|p1a: Mandibuzz|93\/100\n|\n|upkeep\n|turn|142\n|\n|t:|1643968252\n|move|p1a: Mandibuzz|Foul Play|p2a: Toxapex\n|-damage|p2a: Toxapex|74\/100\n|move|p2a: Toxapex|Toxic Spikes|p1a: Mandibuzz\n|-sidestart|p1: LECHxDIOR24|move: Toxic Spikes\n|\n|upkeep\n|turn|143\n|\n|t:|1643968260\n|switch|p2a: Quagsire|Quagsire, M|100\/100\n|move|p1a: Mandibuzz|U-turn|p2a: Quagsire\n|-damage|p2a: Quagsire|93\/100\n|\n|t:|1643968264\n|switch|p1a: Slowbro|Slowbro, F|100\/100 tox|[from]move: U-turn\n|\n|-heal|p2a: Quagsire|99\/100|[from] item: Leftovers\n|-damage|p1a: Slowbro|94\/100 tox|[from] psn\n|upkeep\n|turn|144\n|\n|t:|1643968267\n|switch|p2a: Blissey|Blissey, F|78\/100\n|move|p1a: Slowbro|Scald|p2a: Blissey\n|-damage|p2a: Blissey|69\/100\n|-status|p2a: Blissey|brn\n|\n|-damage|p1a: Slowbro|82\/100 tox|[from] psn\n|-damage|p2a: Blissey|63\/100 brn|[from] brn\n|upkeep\n|turn|145\n|\n|t:|1643968271\n|move|p2a: Blissey|Aromatherapy|p2a: Blissey\n|-activate|p2a: Blissey|move: Aromatherapy\n|-curestatus|p2a: Blissey|brn|[msg]\n|-curestatus|p2: Jirachi|brn|[msg]\n|move|p1a: Slowbro|Body Press|p2a: Blissey\n|-supereffective|p2a: Blissey\n|-damage|p2a: Blissey|0 fnt\n|faint|p2a: Blissey\n|\n|-damage|p1a: Slowbro|64\/100 tox|[from] psn\n|upkeep\n|-message|kokoukohiro forfeited.\n|\n|win|LECHxDIOR24\n|raw|LECHxDIOR24's rating: 1587 &rarr; <strong>1607<\/strong><br \/>(+20 for winning)\n|raw|kokoukohiro's rating: 1595 &rarr; <strong>1575<\/strong><br \/>(-20 for losing)\n|l|\u2606kokoukohiro\n|c|\u2606LECHxDIOR24|F stall\n","uploadtime":1643969063,"views":15,"p1id":"lechxdior24","p2id":"kokoukohiro","formatid":"gen8ou","rating":1575,"private":0,"password":null}