{"id":"gen8vgc2021-1208606374","p1":"wokemon6","p2":"bhkg","format":"gen8vgc2021","log":"|j|\u2606wokemon6\n|j|\u2606bhkg\n|t:|1603551547\n|player|p1|wokemon6|guzma|1229\n|player|p2|bhkg|102|1173\n|teamsize|p1|6\n|teamsize|p2|6\n|gametype|doubles\n|gen|8\n|tier|[Gen 8] VGC 2021\n|rated|\n|clearpoke\n|poke|p1|Entei, L50|\n|poke|p1|Landorus-Therian, L50, M|\n|poke|p1|Tapu Fini, L50|\n|poke|p1|Cresselia, L50, F|\n|poke|p1|Metagross, L50|\n|poke|p1|Glastrier, L50|\n|poke|p2|Moltres-Galar, L50|\n|poke|p2|Tapu Koko, L50|\n|poke|p2|Garchomp, L50, M|\n|poke|p2|Marowak-Alola, L50, M|\n|poke|p2|Mesprit, L50|\n|poke|p2|Regice, L50|\n|rule|Species Clause: Limit one of each Pok\u00e9mon\n|rule|Item Clause: Limit one of each item\n|teampreview|4\n|c|\u2606wokemon6|glhf\n|c|\u2606bhkg|glhf\n|\n|t:|1603551634\n|start\n|switch|p1a: Cresselia|Cresselia, L50, F|48\/48\n|switch|p1b: Tapu Fini|Tapu Fini, L50|48\/48\n|switch|p2a: Mesprit|Mesprit, L50, shiny|48\/48\n|switch|p2b: Moltres|Moltres-Galar, L50|48\/48\n|-fieldstart|move: Misty Terrain|[from] ability: Misty Surge|[of] p1b: Tapu Fini\n|turn|1\n|\n|t:|1603551653\n|-start|p2b: Moltres|Dynamax\n|-heal|p2b: Moltres|48\/48|[silent]\n|move|p1a: Cresselia|Ally Switch|p1a: Cresselia\n|swap|p1a: Cresselia|1|[from] move: Ally Switch\n|move|p2b: Moltres|Max Darkness|p1a: Tapu Fini\n|-resisted|p1a: Tapu Fini\n|-damage|p1a: Tapu Fini|34\/48\n|-unboost|p1a: Tapu Fini|spd|1\n|-unboost|p1b: Cresselia|spd|1\n|-damage|p2b: Moltres|45\/48|[from] item: Life Orb\n|move|p1a: Tapu Fini|Nature's Madness|p2b: Moltres\n|-damage|p2b: Moltres|34\/48\n|move|p2a: Mesprit|Imprison|p2a: Mesprit\n|-start|p2a: Mesprit|move: Imprison\n|\n|upkeep\n|turn|2\n|\n|t:|1603551674\n|move|p1b: Cresselia|Ally Switch|p1b: Cresselia\n|swap|p1b: Cresselia|0|[from] move: Ally Switch\n|move|p2b: Moltres|Max Airstream|p1a: Cresselia\n|-damage|p1a: Cresselia|22\/48\n|-boost|p2a: Mesprit|spe|1\n|-boost|p2b: Moltres|spe|1\n|-damage|p2b: Moltres|31\/48|[from] item: Life Orb\n|move|p2a: Mesprit|Psychic|p1a: Cresselia\n|-resisted|p1a: Cresselia\n|-damage|p1a: Cresselia|14\/48\n|move|p1b: Tapu Fini|Haze|p1b: Tapu Fini\n|-clearallboost\n|\n|upkeep\n|turn|3\n|\n|t:|1603551722\n|move|p2b: Moltres|Max Airstream|p1b: Tapu Fini\n|-damage|p1b: Tapu Fini|8\/48\n|-boost|p2a: Mesprit|spe|1\n|-boost|p2b: Moltres|spe|1\n|-enditem|p1b: Tapu Fini|Aguav Berry|[eat]\n|-heal|p1b: Tapu Fini|24\/48g|[from] item: Aguav Berry\n|-damage|p2b: Moltres|29\/48|[from] item: Life Orb\n|move|p2a: Mesprit|Psychic|p1b: Tapu Fini\n|-damage|p1b: Tapu Fini|8\/48\n|move|p1a: Cresselia|Skill Swap||[still]\n|-fail|p1a: Cresselia\n|move|p1b: Tapu Fini|Nature's Madness|p2a: Mesprit\n|-damage|p2a: Mesprit|24\/48g\n|\n|-end|p2b: Moltres|Dynamax\n|-heal|p2b: Moltres|29\/48|[silent]\n|upkeep\n|turn|4\n|\n|t:|1603551742\n|move|p1a: Cresselia|Ally Switch|p1a: Cresselia\n|swap|p1a: Cresselia|1|[from] move: Ally Switch\n|move|p2b: Moltres|Fiery Wrath|p1a: Tapu Fini|[spread] p1a,p1b\n|-resisted|p1a: Tapu Fini\n|-supereffective|p1b: Cresselia\n|-damage|p1a: Tapu Fini|1\/48\n|-damage|p1b: Cresselia|0 fnt\n|-damage|p2b: Moltres|25\/48|[from] item: Life Orb\n|faint|p1b: Cresselia\n|move|p2a: Mesprit|Psychic|p1a: Tapu Fini\n|-damage|p1a: Tapu Fini|0 fnt\n|faint|p1a: Tapu Fini\n|\n|upkeep\n|\n|t:|1603551750\n|switch|p1b: Metagross|Metagross, L50|48\/48\n|switch|p1a: Glastrier|Glastrier, L50|48\/48\n|turn|5\n|\n|t:|1603551766\n|-start|p1a: Glastrier|Dynamax\n|-heal|p1a: Glastrier|48\/48|[silent]\n|move|p2b: Moltres|Protect|p2b: Moltres\n|-singleturn|p2b: Moltres|Protect\n|move|p2a: Mesprit|Psychic|p1a: Glastrier\n|-damage|p1a: Glastrier|42\/48\n|-unboost|p1a: Glastrier|spd|1\n|move|p1b: Metagross|Meteor Mash|p2a: Mesprit\n|-damage|p2a: Mesprit|0 fnt\n|-boost|p1b: Metagross|atk|1\n|faint|p2a: Mesprit\n|move|p1a: Glastrier|Max Hailstorm|p2b: Moltres\n|-supereffective|p2b: Moltres\n|-zbroken|p2b: Moltres\n|-damage|p2b: Moltres|2\/48\n|-weather|Hail\n|-ability|p2b: Moltres|Berserk|boost\n|-boost|p2b: Moltres|spa|1\n|\n|-weather|Hail|[upkeep]\n|-damage|p2b: Moltres|0 fnt|[from] Hail\n|-damage|p1b: Metagross|45\/48|[from] Hail\n|faint|p2b: Moltres\n|-fieldend|Misty Terrain\n|upkeep\n|\n|t:|1603551773\n|switch|p2b: Marowak|Marowak-Alola, L50, M|48\/48\n|switch|p2a: Regice|Regice, L50, shiny|48\/48\n|turn|6\n|\n|t:|1603551785\n|move|p1b: Metagross|Meteor Mash|p2a: Regice\n|-supereffective|p2a: Regice\n|-damage|p2a: Regice|0 fnt\n|faint|p2a: Regice\n|move|p1a: Glastrier|Max Quake|p2b: Marowak\n|-supereffective|p2b: Marowak\n|-damage|p2b: Marowak|0 fnt\n|-boost|p1a: Glastrier|spd|1\n|-boost|p1b: Metagross|spd|1\n|faint|p2b: Marowak\n|\n|win|wokemon6\n|c|\u2606wokemon6|gg\n|raw|wokemon6's rating: 1229 &rarr; <strong>1248<\/strong><br \/>(+19 for winning)\n|raw|bhkg's rating: 1143 &rarr; <strong>1124<\/strong><br \/>(-19 for losing)\n","uploadtime":1603551894,"views":11,"p1id":"wokemon6","p2id":"bhkg","formatid":"gen8vgc2021","rating":1124,"private":0,"password":null}