{"id":"gen8oublitz-1181860868","p1":"Ox the Fox","p2":"ezwz","format":"gen8oublitz","log":"|inactive|Battle timer is ON: inactive players will automatically lose when time's up.\n|j|\u2606Ox the Fox\n|j|\u2606ezwz\n|t:|1599337937\n|player|p1|Ox the Fox|wallace-gen6|\n|player|p2|ezwz|youngster-gen4|\n|teamsize|p1|6\n|teamsize|p2|6\n|gametype|singles\n|gen|8\n|tier|[Gen 8] OU (Blitz)\n|rated|Tournament battle\n|clearpoke\n|poke|p1|Excadrill, M|\n|poke|p1|Magneton|\n|poke|p1|Skarmory, M|\n|poke|p1|Tyranitar, F|\n|poke|p1|Tangela, M|\n|poke|p1|Clefable, F|\n|poke|p2|Pelipper, M|\n|poke|p2|Seismitoad, M|\n|poke|p2|Kingdra, F|\n|poke|p2|Urshifu-*, F|\n|poke|p2|Ferrothorn, M|\n|poke|p2|Corviknight, F|\n|rule|Sleep Clause Mod: Limit one foe put to sleep\n|rule|Species Clause: Limit one of each Pok\u00e9mon\n|rule|OHKO Clause: OHKO moves are banned\n|rule|Evasion Moves Clause: Evasion moves are banned\n|rule|Endless Battle Clause: Forcing endless battles is banned\n|rule|HP Percentage Mod: HP is shown in percentages\n|rule|Dynamax Clause: You cannot dynamax\n|rule|Blitz: Super-fast timer\n|teampreview\n|j| dvaru\n|j| storm zone\n|j| KoreanMax\n|j|%gomikyu\u30b7\n|j| dyingindesigner\n|j|%Skypenguin\n|c|\u2606Ox the Fox|gl\n|j| DjGarlicBread\n|j| pizza\n|j| faunazon\n|j|+ruby\u00ac\n|j| godlywalrus\n|j| flawless creation\n|c| dyingindesigner|blitz champion of the world vs imposter\n|inactive|Ox the Fox has 30 seconds left.\n|inactive|ezwz has 30 seconds left.\n|c| storm zone|,\n|c| pizza|first\n|c| storm zone|magneton tangela\n|c| pizza|\uff40\u3001\u30fd\u30fd\u30fd\uff40\u30fd\uff40\u3001\u30fd\u30fd\uff40\u30fd\uff40\u3001\uff40.\u30fd\uff40\u3001\u30fd\u30fd\uff40\u30fd\uff40\u3001\u30fd\u30fd\uff40\u30fd\u3001\u30fd\u30fd\uff40\u30fd\u30fd\u30fd\uff40\u30fd\uff40\u3001\u30fd\u30fd\uff40\u30fd\uff40\u3001\u30fd\u30fd\uff40\u30fd\u3001\u30fd\u30fd\uff40\u30fd\uff40\u3001\u30fd\u30fd\uff40\u30fd\uff40\u3001\uff40\u3001\u30fd\u30fd\uff40\u30fd\uff40\u3001\u30fd\u30fd\uff40\u30fd\uff40\u3001\u30fd\u30fd\uff40\u30fd\uff40\u3001\u30fd\u30fd\uff40\u30fd\uff40\u3001\u30fd\u30fd\uff40\u30fd\uff40\u3001\u30fd\u30fd\uff40\u30fd\uff40\u3001\u30fd\u30fd \u30fd\uff40\u30fd\uff40\u3001\u30fd\u30fd\uff40\u30fd\uff40\u3001\uff40.\u30fd\uff40\u3001\u30fd\u30fd\uff40\u30fd\uff40\u3001\u30fd\u30fd\uff40\u30fd\u3001\u30fd\u30fd\uff40\u30fd\u30fd\u30fd\uff40\u30fd\uff40\u3001\u30fd\u30fd\uff40\u30fd\uff40\u3001\u30fd\u30fd\uff40\u30fd\u3001\u30fd\u30fd\uff40\u30fd\uff40\u3001\u30fd\u30fd\uff40\u30fd\uff40\u3001\uff40\u3001\u30fd\u30fd\uff40\u30fd\uff40\u3001\u30fd\u30fd\uff40\u30fd\uff40\u3001\u30fd\u30fd\uff40\u30fd\uff40\u3001\u30fd\u30fd\uff40\u30fd\uff40\u3001\u30fd\u30fd\uff40\u30fd\uff40\u3001\u30fd\u30fd\uff40\u30fd\uff40\u3001\u30fd\u30fd \u30fd \u30fd\uff40\u3001\u30fd\u30fd\uff40\u30fd\uff40\u3001\uff40.\u30fd\uff40\u3001\u30fd\u30fd\uff40\u3001\u30fd\u30fd\u30fd\uff40\u30fd\uff40\u3001\u30fd\u30fd\uff40\u30fd\uff40\u3001\uff40.\u30fd\uff40\u3001\u30fd\u30fd\uff40\u30fd\uff40\u3001\u30fd\u30fd\uff40\u30fd\u3001\u30fd\u30fd\uff40\u30fd\u30fd\u30fd\uff40\u30fd\u30fd\u30fd\uff40\u30fd\u30fd\u30fd\uff40\uff40\u30fd\u30fd\u30fd\uff40\u30fd\u30fd\u30fd\uff40\uff40\uff40\u30fd\u30fd\u30fd\uff40\u30fd\u30fd\u30fd\uff40\u30fd\u30fd\uff40\uff40\u30fd\u30fd\u30fd\uff40\u30fd\u30fd\u30fd\n|c|\u2606ezwz|smh tangela counter team\n|inactive|ezwz has 20 seconds left.\n|n|#brouha|dyingindesigner\n|j| Zombini62\n|c|%gomikyu\u30b7|cheater\n|c|\u2606ezwz|this man been scouting me btw >:((\n|inactive|ezwz has 15 seconds left.\n|c| pizza|brouha\n|c|+ruby\u00ac|is this a pog watershifu team\n|inactive|ezwz has 10 seconds left.\n|c|#brouha|kek\n|c| Zombini62|Magneton?\n|inactive|ezwz has 5 seconds left.\n|c| pizza|ay fuck u mang\n|j|+wishes\n|\n|t:|1599337974\n|start\n|switch|p1a: Skarmory|Skarmory, M|100\/100\n|switch|p2a: Ferrothorn|Ferrothorn, M|100\/100\n|turn|1\n|c|\u2606Ox the Fox|bro this magneton set gonna lose\n|c|\u2606Ox the Fox|I wish I kept zone\n|\n|t:|1599337979\n|move|p1a: Skarmory|Body Press|p2a: Ferrothorn\n|-supereffective|p2a: Ferrothorn\n|-damage|p2a: Ferrothorn|61\/100\n|-damage|p1a: Skarmory|88\/100|[from] ability: Iron Barbs|[of] p2a: Ferrothorn\n|move|p2a: Ferrothorn|Spikes|p1a: Skarmory\n|-sidestart|p1: Ox the Fox|Spikes\n|\n|-heal|p2a: Ferrothorn|68\/100|[from] item: Leftovers\n|upkeep\n|turn|2\n|c|#brouha|wasnt sure if i could even do that in battles\n|\n|t:|1599337983\n|move|p1a: Skarmory|Body Press|p2a: Ferrothorn\n|-supereffective|p2a: Ferrothorn\n|-damage|p2a: Ferrothorn|30\/100\n|-damage|p1a: Skarmory|76\/100|[from] ability: Iron Barbs|[of] p2a: Ferrothorn\n|move|p2a: Ferrothorn|Leech Seed|p1a: Skarmory\n|-start|p1a: Skarmory|move: Leech Seed\n|\n|-heal|p2a: Ferrothorn|36\/100|[from] item: Leftovers\n|-damage|p1a: Skarmory|64\/100|[from] Leech Seed|[of] p2a: Ferrothorn\n|-heal|p2a: Ferrothorn|48\/100|[silent]\n|upkeep\n|turn|3\n|\n|t:|1599337987\n|switch|p2a: Pelipper|Pelipper, M|100\/100\n|-weather|RainDance|[from] ability: Drizzle|[of] p2a: Pelipper\n|move|p1a: Skarmory|Spikes|p2a: Pelipper\n|-sidestart|p2: ezwz|Spikes\n|\n|-weather|RainDance|[upkeep]\n|-damage|p1a: Skarmory|51\/100|[from] Leech Seed|[of] p2a: Pelipper\n|upkeep\n|turn|4\n|c| pizza|smhmh\n|\n|t:|1599337990\n|switch|p1a: Tyranitar|Tyranitar, F|100\/100\n|-damage|p1a: Tyranitar|88\/100|[from] Spikes\n|-weather|Sandstorm|[from] ability: Sand Stream|[of] p1a: Tyranitar\n|move|p2a: Pelipper|U-turn|p1a: Tyranitar\n|-supereffective|p1a: Tyranitar\n|-damage|p1a: Tyranitar|72\/100\n|inactive|ezwz has 10 seconds left.\n|\n|t:|1599337997\n|switch|p2a: Urshifu|Urshifu-Rapid-Strike, F|100\/100|[from]move: U-turn\n|-damage|p2a: Urshifu|88\/100|[from] Spikes\n|\n|-weather|Sandstorm|[upkeep]\n|-damage|p2a: Urshifu|82\/100|[from] Sandstorm\n|-heal|p1a: Tyranitar|78\/100|[from] item: Leftovers\n|upkeep\n|turn|5\n|\n|t:|1599337999\n|switch|p1a: Tangela|Tangela, M|100\/100\n|-damage|p1a: Tangela|88\/100|[from] Spikes\n|move|p2a: Urshifu|Close Combat|p1a: Tangela\n|-damage|p1a: Tangela|41\/100\n|-unboost|p2a: Urshifu|def|1\n|-unboost|p2a: Urshifu|spd|1\n|\n|-weather|Sandstorm|[upkeep]\n|-damage|p2a: Urshifu|76\/100|[from] Sandstorm\n|-damage|p1a: Tangela|35\/100|[from] Sandstorm\n|upkeep\n|turn|6\n|c|%Skypenguin|chip\n|inactive|ezwz has 10 seconds left.\n|\n|t:|1599338006\n|switch|p1a: Clefable|Clefable, F, shiny|100\/100\n|move|p2a: Urshifu|Close Combat|p1a: Clefable\n|-resisted|p1a: Clefable\n|-damage|p1a: Clefable|59\/100\n|-unboost|p2a: Urshifu|def|1\n|-unboost|p2a: Urshifu|spd|1\n|\n|-weather|Sandstorm|[upkeep]\n|-damage|p2a: Urshifu|70\/100|[from] Sandstorm\n|upkeep\n|turn|7\n|\n|t:|1599338010\n|switch|p2a: Corviknight|Corviknight, F|100\/100\n|-ability|p2a: Corviknight|Pressure\n|move|p1a: Clefable|Soft-Boiled|p1a: Clefable\n|-heal|p1a: Clefable|100\/100\n|\n|-weather|Sandstorm|[upkeep]\n|upkeep\n|turn|8\n|\n|t:|1599338013\n|move|p2a: Corviknight|U-turn|p1a: Clefable\n|-resisted|p1a: Clefable\n|-damage|p1a: Clefable|95\/100\n|j| Kamilsen\n|inactive|ezwz has 10 seconds left.\n|\n|t:|1599338020\n|switch|p2a: Ferrothorn|Ferrothorn, M|48\/100|[from]move: U-turn\n|-damage|p2a: Ferrothorn|35\/100|[from] Spikes\n|move|p1a: Clefable|Trick|p2a: Ferrothorn\n|-activate|p1a: Clefable|move: Trick|[of] p2a: Ferrothorn\n|-item|p2a: Ferrothorn|Sticky Barb|[from] move: Trick\n|-item|p1a: Clefable|Leftovers|[from] move: Trick\n|\n|-weather|none\n|-heal|p1a: Clefable|100\/100|[from] item: Leftovers\n|-damage|p2a: Ferrothorn|23\/100|[from] item: Sticky Barb\n|upkeep\n|turn|9\n|\n|t:|1599338023\n|move|p1a: Clefable|Calm Mind|p1a: Clefable\n|-boost|p1a: Clefable|spa|1\n|-boost|p1a: Clefable|spd|1\n|move|p2a: Ferrothorn|Spikes|p1a: Clefable\n|-sidestart|p1: Ox the Fox|Spikes\n|\n|-damage|p2a: Ferrothorn|10\/100|[from] item: Sticky Barb\n|upkeep\n|turn|10\n|j| monstertruck555\n|\n|t:|1599338026\n|switch|p2a: Pelipper|Pelipper, M|100\/100\n|-weather|RainDance|[from] ability: Drizzle|[of] p2a: Pelipper\n|move|p1a: Clefable|Calm Mind|p1a: Clefable\n|-boost|p1a: Clefable|spa|1\n|-boost|p1a: Clefable|spd|1\n|\n|-weather|RainDance|[upkeep]\n|upkeep\n|turn|11\n|\n|t:|1599338029\n|switch|p2a: Ferrothorn|Ferrothorn, M|10\/100\n|-damage|p2a: Ferrothorn|0 fnt|[from] Spikes\n|faint|p2a: Ferrothorn\n|move|p1a: Clefable|Moonblast|p2: Ferrothorn|[notarget]\n|-fail|p1a: Clefable\n|\n|-weather|RainDance|[upkeep]\n|upkeep\n|\n|t:|1599338032\n|switch|p2a: Urshifu|Urshifu-Rapid-Strike, F|70\/100\n|-damage|p2a: Urshifu|57\/100|[from] Spikes\n|turn|12\n|\n|t:|1599338036\n|switch|p1a: Tangela|Tangela, M|68\/100\n|-damage|p1a: Tangela|52\/100|[from] Spikes\n|move|p2a: Urshifu|Surging Strikes|p1a: Tangela\n|-resisted|p1a: Tangela\n|-crit|p1a: Tangela\n|-damage|p1a: Tangela|41\/100\n|-resisted|p1a: Tangela\n|-crit|p1a: Tangela\n|-damage|p1a: Tangela|30\/100\n|-resisted|p1a: Tangela\n|-crit|p1a: Tangela\n|-damage|p1a: Tangela|20\/100\n|-hitcount|p1a: Tangela|3\n|\n|-weather|RainDance|[upkeep]\n|upkeep\n|turn|13\n|inactive|Ox the Fox has 10 seconds left.\n|\n|t:|1599338042\n|switch|p1a: Skarmory|Skarmory, M|51\/100\n|move|p2a: Urshifu|Surging Strikes|p1a: Skarmory\n|-crit|p1a: Skarmory\n|-damage|p1a: Skarmory|21\/100\n|-damage|p2a: Urshifu|41\/100|[from] item: Rocky Helmet|[of] p1a: Skarmory\n|-crit|p1a: Skarmory\n|-damage|p1a: Skarmory|0 fnt\n|-damage|p2a: Urshifu|25\/100|[from] item: Rocky Helmet|[of] p1a: Skarmory\n|-hitcount|p1a: Skarmory|2\n|faint|p1a: Skarmory\n|\n|-weather|RainDance|[upkeep]\n|upkeep\n|j| hdfcjc\n|n| pizza|pizza\n|c| flawless creation|nice water resist LOL\n|\n|t:|1599338047\n|switch|p1a: Tangela|Tangela, M|53\/100\n|-damage|p1a: Tangela|37\/100|[from] Spikes\n|turn|14\n|l| hdfcjc\n|inactive|ezwz has 10 seconds left.\n|\n|t:|1599338053\n|switch|p2a: Corviknight|Corviknight, F|100\/100\n|-ability|p2a: Corviknight|Pressure\n|move|p1a: Tangela|Sleep Powder|p2a: Corviknight\n|-status|p2a: Corviknight|slp|[from] move: Sleep Powder\n|\n|-weather|RainDance|[upkeep]\n|upkeep\n|turn|15\n|inactive|ezwz has 10 seconds left.\n|\n|t:|1599338060\n|cant|p2a: Corviknight|slp\n|move|p1a: Tangela|Giga Drain|p2a: Corviknight\n|-resisted|p2a: Corviknight\n|-damage|p2a: Corviknight|95\/100 slp\n|-heal|p1a: Tangela|40\/100|[from] drain|[of] p2a: Corviknight\n|\n|-weather|RainDance|[upkeep]\n|-heal|p2a: Corviknight|100\/100 slp|[from] item: Leftovers\n|upkeep\n|turn|16\n|\n|t:|1599338063\n|-curestatus|p2a: Corviknight|slp|[msg]\n|move|p2a: Corviknight|U-turn|p1a: Tangela\n|-supereffective|p1a: Tangela\n|-damage|p1a: Tangela|28\/100\n|\n|t:|1599338066\n|switch|p2a: Pelipper|Pelipper, M|100\/100|[from]move: U-turn\n|move|p1a: Tangela|Giga Drain|p2a: Pelipper\n|-damage|p2a: Pelipper|66\/100\n|-heal|p1a: Tangela|45\/100|[from] drain|[of] p2a: Pelipper\n|\n|-weather|RainDance|[upkeep]\n|upkeep\n|turn|17\n|\n|t:|1599338071\n|switch|p1a: Tyranitar|Tyranitar, F|78\/100\n|-damage|p1a: Tyranitar|61\/100|[from] Spikes\n|-weather|Sandstorm|[from] ability: Sand Stream|[of] p1a: Tyranitar\n|move|p2a: Pelipper|U-turn|p1a: Tyranitar\n|-supereffective|p1a: Tyranitar\n|-damage|p1a: Tyranitar|48\/100\n|\n|t:|1599338075\n|switch|p2a: Seismitoad|Seismitoad, M|100\/100|[from]move: U-turn\n|-damage|p2a: Seismitoad|88\/100|[from] Spikes\n|\n|-weather|Sandstorm|[upkeep]\n|-heal|p1a: Tyranitar|54\/100|[from] item: Leftovers\n|upkeep\n|turn|18\n|inactive|Ox the Fox has 10 seconds left.\n|\n|t:|1599338081\n|move|p2a: Seismitoad|Earth Power|p1a: Tyranitar\n|-supereffective|p1a: Tyranitar\n|-damage|p1a: Tyranitar|11\/100\n|-damage|p2a: Seismitoad|78\/100|[from] item: Life Orb\n|move|p1a: Tyranitar|Stealth Rock|p2a: Seismitoad\n|-sidestart|p2: ezwz|move: Stealth Rock\n|\n|-weather|Sandstorm|[upkeep]\n|-heal|p1a: Tyranitar|17\/100|[from] item: Leftovers\n|upkeep\n|turn|19\n|inactive|Ox the Fox has 10 seconds left.\n|inactive|ezwz has 10 seconds left.\n|\n|t:|1599338086\n|move|p2a: Seismitoad|Stealth Rock|p1a: Tyranitar\n|-sidestart|p1: Ox the Fox|move: Stealth Rock\n|move|p1a: Tyranitar|Rock Blast|p2a: Seismitoad\n|-resisted|p2a: Seismitoad\n|-damage|p2a: Seismitoad|72\/100\n|-resisted|p2a: Seismitoad\n|-damage|p2a: Seismitoad|65\/100\n|-resisted|p2a: Seismitoad\n|-damage|p2a: Seismitoad|59\/100\n|-resisted|p2a: Seismitoad\n|-damage|p2a: Seismitoad|52\/100\n|-resisted|p2a: Seismitoad\n|-damage|p2a: Seismitoad|46\/100\n|-hitcount|p2a: Seismitoad|5\n|\n|-weather|Sandstorm|[upkeep]\n|-heal|p1a: Tyranitar|24\/100|[from] item: Leftovers\n|upkeep\n|turn|20\n|\n|t:|1599338089\n|move|p2a: Seismitoad|Earth Power|p1a: Tyranitar\n|-supereffective|p1a: Tyranitar\n|-damage|p1a: Tyranitar|0 fnt\n|-damage|p2a: Seismitoad|36\/100|[from] item: Life Orb\n|faint|p1a: Tyranitar\n|\n|-weather|Sandstorm|[upkeep]\n|upkeep\n|\n|t:|1599338091\n|switch|p1a: Excadrill|Excadrill, M|100\/100\n|-damage|p1a: Excadrill|84\/100|[from] Spikes\n|-damage|p1a: Excadrill|81\/100|[from] Stealth Rock\n|turn|21\n|inactive|ezwz has 10 seconds left.\n|\n|t:|1599338096\n|move|p1a: Excadrill|Rapid Spin|p2a: Seismitoad\n|-damage|p2a: Seismitoad|14\/100\n|-boost|p1a: Excadrill|spe|1\n|-sideend|p1: Ox the Fox|Spikes|[from] move: Rapid Spin|[of] p1a: Excadrill\n|-sideend|p1: Ox the Fox|Stealth Rock|[from] move: Rapid Spin|[of] p1a: Excadrill\n|move|p2a: Seismitoad|Earth Power|p1a: Excadrill\n|-supereffective|p1a: Excadrill\n|-damage|p1a: Excadrill|0 fnt\n|-damage|p2a: Seismitoad|4\/100|[from] item: Life Orb\n|faint|p1a: Excadrill\n|\n|-weather|none\n|upkeep\n|\n|t:|1599338099\n|switch|p1a: Magneton|Magneton|100\/100\n|turn|22\n|inactive|Ox the Fox has 10 seconds left.\n|inactive|ezwz has 10 seconds left.\n|\n|t:|1599338108\n|move|p1a: Magneton|Flash Cannon|p2a: Seismitoad\n|-resisted|p2a: Seismitoad\n|-damage|p2a: Seismitoad|0 fnt\n|faint|p2a: Seismitoad\n|\n|upkeep\n|\n|t:|1599338113\n|switch|p2a: Pelipper|Pelipper, M|66\/100\n|-damage|p2a: Pelipper|41\/100|[from] Stealth Rock\n|-weather|RainDance|[from] ability: Drizzle|[of] p2a: Pelipper\n|turn|23\n|inactive|ezwz has 10 seconds left.\n|\n|t:|1599338121\n|move|p1a: Magneton|Flash Cannon|p2a: Pelipper\n|-resisted|p2a: Pelipper\n|-damage|p2a: Pelipper|0 fnt\n|faint|p2a: Pelipper\n|\n|-weather|RainDance|[upkeep]\n|upkeep\n|\n|t:|1599338124\n|switch|p2a: Kingdra|Kingdra, F|100\/100\n|-damage|p2a: Kingdra|88\/100|[from] Spikes\n|-damage|p2a: Kingdra|76\/100|[from] Stealth Rock\n|turn|24\n|inactive|Ox the Fox has 10 seconds left.\n|\n|t:|1599338131\n|switch|p1a: Tangela|Tangela, M|78\/100\n|move|p2a: Kingdra|Surf|p1a: Tangela\n|-resisted|p1a: Tangela\n|-damage|p1a: Tangela|6\/100\n|\n|-weather|RainDance|[upkeep]\n|upkeep\n|turn|25\n|\n|t:|1599338136\n|move|p2a: Kingdra|Surf|p1a: Tangela\n|-resisted|p1a: Tangela\n|-damage|p1a: Tangela|0 fnt\n|faint|p1a: Tangela\n|\n|-weather|RainDance|[upkeep]\n|upkeep\n|\n|t:|1599338137\n|switch|p1a: Clefable|Clefable, F, shiny|100\/100\n|turn|26\n|inactive|ezwz has 10 seconds left.\n|\n|t:|1599338144\n|move|p2a: Kingdra|Surf|p1a: Clefable\n|-damage|p1a: Clefable|11\/100\n|move|p1a: Clefable|Moonblast|p2a: Kingdra\n|-supereffective|p2a: Kingdra\n|-damage|p2a: Kingdra|0 fnt\n|faint|p2a: Kingdra\n|\n|-weather|RainDance|[upkeep]\n|-heal|p1a: Clefable|17\/100|[from] item: Leftovers\n|upkeep\n|\n|t:|1599338148\n|switch|p2a: Urshifu|Urshifu-Rapid-Strike, F|25\/100\n|-damage|p2a: Urshifu|18\/100|[from] Stealth Rock\n|-damage|p2a: Urshifu|6\/100|[from] Spikes\n|turn|27\n|c|\u2606Ox the Fox|gg\n|\n|t:|1599338151\n|move|p2a: Urshifu|Surging Strikes|p1a: Clefable\n|-crit|p1a: Clefable\n|-damage|p1a: Clefable|0 fnt\n|-hitcount|p1a: Clefable|1\n|faint|p1a: Clefable\n|\n|-weather|RainDance|[upkeep]\n|upkeep\n|\n|t:|1599338152\n|switch|p1a: Magneton|Magneton|100\/100\n|turn|28\n|c|\u2606ezwz|gg\n|\n|t:|1599338155\n|move|p2a: Urshifu|Surging Strikes|p1a: Magneton\n|-crit|p1a: Magneton\n|-damage|p1a: Magneton|33\/100\n|-crit|p1a: Magneton\n|-damage|p1a: Magneton|0 fnt\n|-hitcount|p1a: Magneton|2\n|faint|p1a: Magneton\n|\n|win|ezwz\n","uploadtime":1599338157,"views":231,"p1id":"oxthefox","p2id":"ezwz","formatid":"gen8oublitz","rating":0,"private":0,"password":null}