{"id":"gen8ou-1662167015","p1":"gangpllank","p2":"cows123p","format":"gen8ou","log":"|j|\u2606gangpllank\n|j|\u2606cows123p\n|t:|1662961244\n|gametype|singles\n|player|p1|gangpllank|unknown|1394\n|player|p2|cows123p|twins-gen4dp|1471\n|teamsize|p1|6\n|teamsize|p2|6\n|gen|8\n|tier|[Gen 8] OU\n|rated|\n|rule|Sleep Clause Mod: Limit one foe put to sleep\n|rule|Species Clause: Limit one of each Pok\u00e9mon\n|rule|OHKO Clause: OHKO moves are banned\n|rule|Evasion Items Clause: Evasion items are banned\n|rule|Evasion Moves Clause: Evasion moves are banned\n|rule|Endless Battle Clause: Forcing endless battles is banned\n|rule|HP Percentage Mod: HP is shown in percentages\n|rule|Dynamax Clause: You cannot dynamax\n|clearpoke\n|poke|p1|Ferrothorn, F|\n|poke|p1|Garchomp, F|\n|poke|p1|Zapdos-Galar|\n|poke|p1|Rotom-Wash|\n|poke|p1|Volcarona, F|\n|poke|p1|Tapu Lele|\n|poke|p2|Diggersby, M|\n|poke|p2|Azumarill, M|\n|poke|p2|Zapdos|\n|poke|p2|Ferrothorn, F|\n|poke|p2|Magnezone|\n|poke|p2|Garchomp, F|\n|teampreview\n|\n|t:|1662961266\n|start\n|switch|p1a: Garchomp|Garchomp, F|100\/100\n|switch|p2a: Fat F*ck Ferro|Ferrothorn, F|100\/100\n|turn|1\n|\n|t:|1662961274\n|switch|p1a: Ferrothorn|Ferrothorn, F|100\/100\n|move|p2a: Fat F*ck Ferro|Leech Seed|p1a: Ferrothorn\n|-immune|p1a: Ferrothorn\n|\n|upkeep\n|turn|2\n|\n|t:|1662961282\n|move|p1a: Ferrothorn|Knock Off|p2a: Fat F*ck Ferro\n|-damage|p2a: Fat F*ck Ferro|84\/100\n|-damage|p1a: Ferrothorn|88\/100|[from] ability: Iron Barbs|[of] p2a: Fat F*ck Ferro\n|-enditem|p2a: Fat F*ck Ferro|Leftovers|[from] move: Knock Off|[of] p1a: Ferrothorn\n|move|p2a: Fat F*ck Ferro|Spikes|p1a: Ferrothorn\n|-sidestart|p1: gangpllank|Spikes\n|\n|-heal|p1a: Ferrothorn|94\/100|[from] item: Leftovers\n|upkeep\n|turn|3\n|\n|t:|1662961293\n|move|p1a: Ferrothorn|Spikes|p2a: Fat F*ck Ferro\n|-sidestart|p2: cows123p|Spikes\n|move|p2a: Fat F*ck Ferro|Spikes|p1a: Ferrothorn\n|-sidestart|p1: gangpllank|Spikes\n|\n|-heal|p1a: Ferrothorn|100\/100|[from] item: Leftovers\n|upkeep\n|turn|4\n|\n|t:|1662961298\n|move|p1a: Ferrothorn|Spikes|p2a: Fat F*ck Ferro\n|-sidestart|p2: cows123p|Spikes\n|move|p2a: Fat F*ck Ferro|Spikes|p1a: Ferrothorn\n|-sidestart|p1: gangpllank|Spikes\n|\n|upkeep\n|turn|5\n|\n|t:|1662961303\n|switch|p2a: Prepare 4 trouble|Diggersby, M|100\/100\n|-damage|p2a: Prepare 4 trouble|84\/100|[from] Spikes\n|move|p1a: Ferrothorn|Spikes|p2a: Prepare 4 trouble\n|-sidestart|p2: cows123p|Spikes\n|\n|upkeep\n|turn|6\n|\n|t:|1662961316\n|move|p2a: Prepare 4 trouble|Fire Punch|p1a: Ferrothorn\n|-supereffective|p1a: Ferrothorn\n|-damage|p1a: Ferrothorn|0 fnt\n|-damage|p2a: Prepare 4 trouble|71\/100|[from] ability: Iron Barbs|[of] p1a: Ferrothorn\n|faint|p1a: Ferrothorn\n|\n|upkeep\n|\n|t:|1662961328\n|switch|p1a: Rotom|Rotom-Wash|100\/100\n|turn|7\n|\n|t:|1662961339\n|switch|p2a: Fat F*ck Ferro|Ferrothorn, F|84\/100\n|-damage|p2a: Fat F*ck Ferro|59\/100|[from] Spikes\n|move|p1a: Rotom|Will-O-Wisp|p2a: Fat F*ck Ferro\n|-status|p2a: Fat F*ck Ferro|brn\n|\n|-damage|p2a: Fat F*ck Ferro|52\/100 brn|[from] brn\n|upkeep\n|turn|8\n|\n|t:|1662961350\n|move|p1a: Rotom|Volt Switch|p2a: Fat F*ck Ferro\n|-resisted|p2a: Fat F*ck Ferro\n|-crit|p2a: Fat F*ck Ferro\n|-damage|p2a: Fat F*ck Ferro|40\/100 brn\n|\n|t:|1662961368\n|switch|p1a: Garchomp|Garchomp, F|100\/100|[from]move: Volt Switch\n|-damage|p1a: Garchomp|76\/100|[from] Spikes\n|move|p2a: Fat F*ck Ferro|Leech Seed|p1a: Garchomp\n|-start|p1a: Garchomp|move: Leech Seed\n|\n|-damage|p1a: Garchomp|63\/100|[from] Leech Seed|[of] p2a: Fat F*ck Ferro\n|-heal|p2a: Fat F*ck Ferro|54\/100 brn|[silent]\n|-damage|p2a: Fat F*ck Ferro|48\/100 brn|[from] brn\n|upkeep\n|turn|9\n|\n|t:|1662961383\n|move|p1a: Garchomp|Stealth Rock|p2a: Fat F*ck Ferro\n|-sidestart|p2: cows123p|move: Stealth Rock\n|move|p2a: Fat F*ck Ferro|Gyro Ball|p1a: Garchomp\n|-damage|p1a: Garchomp|40\/100\n|-damage|p2a: Fat F*ck Ferro|35\/100 brn|[from] ability: Rough Skin|[of] p1a: Garchomp\n|-damage|p2a: Fat F*ck Ferro|19\/100 brn|[from] item: Rocky Helmet|[of] p1a: Garchomp\n|\n|-damage|p1a: Garchomp|28\/100|[from] Leech Seed|[of] p2a: Fat F*ck Ferro\n|-heal|p2a: Fat F*ck Ferro|33\/100 brn|[silent]\n|-damage|p2a: Fat F*ck Ferro|27\/100 brn|[from] brn\n|upkeep\n|turn|10\n|\n|t:|1662961396\n|switch|p1a: Volcarona|Volcarona, F|100\/100\n|move|p2a: Fat F*ck Ferro|Protect||[still]\n|-fail|p2a: Fat F*ck Ferro\n|\n|-damage|p2a: Fat F*ck Ferro|20\/100 brn|[from] brn\n|upkeep\n|turn|11\n|\n|t:|1662961409\n|move|p1a: Volcarona|Quiver Dance|p1a: Volcarona\n|-boost|p1a: Volcarona|spa|1\n|-boost|p1a: Volcarona|spd|1\n|-boost|p1a: Volcarona|spe|1\n|move|p2a: Fat F*ck Ferro|Leech Seed|p1a: Volcarona\n|-start|p1a: Volcarona|move: Leech Seed\n|\n|-damage|p1a: Volcarona|88\/100|[from] Leech Seed|[of] p2a: Fat F*ck Ferro\n|-heal|p2a: Fat F*ck Ferro|33\/100 brn|[silent]\n|-damage|p2a: Fat F*ck Ferro|27\/100 brn|[from] brn\n|upkeep\n|turn|12\n|\n|t:|1662961430\n|move|p2a: Fat F*ck Ferro|Protect|p2a: Fat F*ck Ferro\n|-singleturn|p2a: Fat F*ck Ferro|Protect\n|move|p1a: Volcarona|Quiver Dance|p1a: Volcarona\n|-boost|p1a: Volcarona|spa|1\n|-boost|p1a: Volcarona|spd|1\n|-boost|p1a: Volcarona|spe|1\n|\n|-damage|p1a: Volcarona|76\/100|[from] Leech Seed|[of] p2a: Fat F*ck Ferro\n|-heal|p2a: Fat F*ck Ferro|40\/100 brn|[silent]\n|-damage|p2a: Fat F*ck Ferro|34\/100 brn|[from] brn\n|upkeep\n|turn|13\n|\n|t:|1662961444\n|move|p1a: Volcarona|Bug Buzz|p2a: Fat F*ck Ferro\n|-damage|p2a: Fat F*ck Ferro|0 fnt\n|faint|p2a: Fat F*ck Ferro\n|\n|upkeep\n|\n|t:|1662961448\n|switch|p2a: Make it double|Azumarill, M|100\/100\n|-damage|p2a: Make it double|76\/100|[from] Spikes\n|-damage|p2a: Make it double|63\/100|[from] Stealth Rock\n|turn|14\n|\n|t:|1662961453\n|move|p2a: Make it double|Aqua Jet|p1a: Volcarona\n|-supereffective|p1a: Volcarona\n|-damage|p1a: Volcarona|12\/100\n|move|p1a: Volcarona|Giga Drain|p2a: Make it double\n|-supereffective|p2a: Make it double\n|-damage|p2a: Make it double|0 fnt\n|-heal|p1a: Volcarona|42\/100|[from] drain|[of] p2a: Make it double\n|faint|p2a: Make it double\n|\n|upkeep\n|\n|t:|1662961461\n|switch|p2a: Prepare 4 trouble|Diggersby, M|71\/100\n|-damage|p2a: Prepare 4 trouble|46\/100|[from] Spikes\n|-damage|p2a: Prepare 4 trouble|40\/100|[from] Stealth Rock\n|turn|15\n|\n|t:|1662961469\n|move|p2a: Prepare 4 trouble|Quick Attack|p1a: Volcarona\n|-damage|p1a: Volcarona|8\/100\n|move|p1a: Volcarona|Giga Drain|p2a: Prepare 4 trouble\n|-supereffective|p2a: Prepare 4 trouble\n|-damage|p2a: Prepare 4 trouble|0 fnt\n|-heal|p1a: Volcarona|24\/100|[from] drain|[of] p2a: Prepare 4 trouble\n|faint|p2a: Prepare 4 trouble\n|\n|upkeep\n|\n|t:|1662961478\n|switch|p2a: Zapdos|Zapdos|100\/100\n|turn|16\n|\n|t:|1662961486\n|move|p1a: Volcarona|Fire Blast|p2a: Zapdos\n|-crit|p2a: Zapdos\n|-damage|p2a: Zapdos|0 fnt\n|faint|p2a: Zapdos\n|\n|upkeep\n|-message|cows123p forfeited.\n|\n|win|gangpllank\n|raw|gangpllank's rating: 1394 &rarr; <strong>1418<\/strong><br \/>(+24 for winning)\n|raw|cows123p's rating: 1471 &rarr; <strong>1447<\/strong><br \/>(-24 for losing)\n|l|\u2606cows123p\n","uploadtime":1662961500,"views":7,"p1id":"gangpllank","p2id":"cows123p","formatid":"gen8ou","rating":1418,"private":0,"password":null}