{"id":"gen8revelationmons-1695369762","p1":"Delibird Heart","p2":"Trick-or-Prise","format":"gen8revelationmons","log":"|j|\u2606Delibird Heart\n|j|\u2606Trick-or-Prise\n|inactive|Battle timer is ON: inactive players will automatically lose when time's up.\n|t:|1666795304\n|gametype|singles\n|player|p1|Delibird Heart|guitarist-gen4|\n|player|p2|Trick-or-Prise|hexmaniac-gen6|\n|teamsize|p1|6\n|teamsize|p2|6\n|gen|8\n|tier|[Gen 8] Revelationmons\n|rated|Tournament battle\n|rule|Species Clause: Limit one of each Pok\u00e9mon\n|rule|OHKO Clause: OHKO moves are banned\n|rule|Evasion Moves Clause: Evasion moves are banned\n|rule|Endless Battle Clause: Forcing endless battles is banned\n|rule|Dynamax Clause: You cannot dynamax\n|rule|HP Percentage Mod: HP is shown in percentages\n|rule|Revelationmons Mod: The first moveslots have their types changed to match the Pok\u00e9mon's types\n|rule|Sleep Clause: Sleep-inducing moves are banned\n|clearpoke\n|poke|p1|Landorus-Therian, M|\n|poke|p1|Thundurus, M|\n|poke|p1|Victini|\n|poke|p1|Comfey, F|\n|poke|p1|Flygon, F|\n|poke|p1|Lycanroc-Dusk, F|\n|poke|p2|Rillaboom, M|\n|poke|p2|Sirfetch\u2019d, F|\n|poke|p2|Clefable, F|\n|poke|p2|Ferrothorn, F|\n|poke|p2|Landorus-Therian, M|\n|poke|p2|Tapu Fini|\n|teampreview\n|inactive|Delibird Heart also wants the timer to be on.\n|\n|t:|1666795311\n|start\n|switch|p1a: Lycanroc|Lycanroc-Dusk, F|100\/100\n|switch|p2a: Rillaboom|Rillaboom, M|100\/100\n|-fieldstart|move: Grassy Terrain|[from] ability: Grassy Surge|[of] p2a: Rillaboom\n|turn|1\n|\n|t:|1666795322\n|move|p1a: Lycanroc|Close Combat|p2a: Rillaboom\n|-damage|p2a: Rillaboom|46\/100\n|-unboost|p1a: Lycanroc|def|1\n|-unboost|p1a: Lycanroc|spd|1\n|move|p2a: Rillaboom|Knock Off|p1a: Lycanroc\n|-damage|p1a: Lycanroc|8\/100\n|-enditem|p1a: Lycanroc|Focus Sash|[from] move: Knock Off|[of] p2a: Rillaboom\n|\n|-heal|p1a: Lycanroc|14\/100|[from] Grassy Terrain\n|-heal|p2a: Rillaboom|52\/100|[from] Grassy Terrain\n|upkeep\n|turn|2\n|\n|t:|1666795329\n|move|p1a: Lycanroc|Accelerock|p2a: Rillaboom\n|-damage|p2a: Rillaboom|27\/100\n|move|p2a: Rillaboom|Grassy Glide|p1a: Lycanroc\n|-supereffective|p1a: Lycanroc\n|-damage|p1a: Lycanroc|0 fnt\n|faint|p1a: Lycanroc\n|\n|-heal|p2a: Rillaboom|33\/100|[from] Grassy Terrain\n|upkeep\n|\n|t:|1666795335\n|switch|p1a: Landorus|Landorus-Therian, M|100\/100\n|-ability|p1a: Landorus|Intimidate|boost\n|-unboost|p2a: Rillaboom|atk|1\n|turn|3\n|j| Paltham\n|\n|t:|1666795341\n|switch|p2a: Sirfetch\u2019d|Sirfetch\u2019d, F|100\/100\n|move|p1a: Landorus|Knock Off|p2a: Sirfetch\u2019d\n|-supereffective|p2a: Sirfetch\u2019d\n|-damage|p2a: Sirfetch\u2019d|0 fnt\n|-enditem|p2a: Sirfetch\u2019d|Leek|[from] move: Knock Off|[of] p1a: Landorus\n|faint|p2a: Sirfetch\u2019d\n|\n|upkeep\n|j|%KaenSoul\n|\n|t:|1666795346\n|switch|p2a: Clefable|Clefable, F|100\/100\n|turn|4\n|\n|t:|1666795350\n|move|p1a: Landorus|Knock Off|p2a: Clefable\n|-damage|p2a: Clefable|57\/100\n|-enditem|p2a: Clefable|Sticky Barb|[from] move: Knock Off|[of] p1a: Landorus\n|move|p2a: Clefable|Thunder Wave|p1a: Landorus\n|-immune|p1a: Landorus\n|\n|-heal|p2a: Clefable|63\/100|[from] Grassy Terrain\n|upkeep\n|turn|5\n|\n|t:|1666795358\n|move|p1a: Landorus|U-turn|p2a: Clefable\n|-resisted|p2a: Clefable\n|-damage|p2a: Clefable|53\/100\n|\n|t:|1666795360\n|switch|p1a: Thundurus|Thundurus, M|100\/100|[from]move: U-turn\n|move|p2a: Clefable|Soft-Boiled|p2a: Clefable\n|-heal|p2a: Clefable|100\/100\n|\n|upkeep\n|turn|6\n|\n|t:|1666795364\n|move|p1a: Thundurus|Nasty Plot|p1a: Thundurus\n|-boost|p1a: Thundurus|spa|2\n|move|p2a: Clefable|Trick|p1a: Thundurus\n|-activate|p2a: Clefable|move: Trick|[of] p1a: Thundurus\n|-enditem|p1a: Thundurus|Life Orb|[silent]|[from] move: Trick\n|-item|p2a: Clefable|Life Orb|[from] move: Trick\n|\n|upkeep\n|turn|7\n|\n|t:|1666795373\n|switch|p2a: Landorus|Landorus-Therian, M|100\/100\n|-ability|p2a: Landorus|Intimidate|boost\n|-unboost|p1a: Thundurus|atk|1\n|move|p1a: Thundurus|Sludge Wave|p2a: Landorus\n|-damage|p2a: Landorus|15\/100\n|\n|-heal|p2a: Landorus|21\/100|[from] item: Leftovers\n|upkeep\n|turn|8\n|\n|t:|1666795377\n|move|p1a: Thundurus|Sludge Wave|p2a: Landorus\n|-damage|p2a: Landorus|0 fnt\n|faint|p2a: Landorus\n|\n|-fieldend|move: Grassy Terrain\n|upkeep\n|c|\u2606Trick-or-Prise|gg\n|-message|Trick-or-Prise forfeited.\n|\n|win|Delibird Heart\n|n|\u2606Delibird Heart|delibirdheart\n|n|\u2606Trick-or-Prise|trickorprise\n|n| Paltham|paltham\n|n| KaenSoul|kaensoul\n","uploadtime":1666795383,"views":2,"p1id":"delibirdheart","p2id":"trickorprise","formatid":"gen8revelationmons","rating":0,"private":0,"password":null}