{"id":"gen8doublesou-1312162734","p1":"dltxsninosupremacy","p2":"Lenape","format":"gen8doublesou","log":"|raw|<div class=\"broadcast-blue\"><strong>This battle is required to be public due to a player having a name starting with 'DLTXS'.<\/div>\n|j|\u2606dltxsninosupremacy\n|j|\u2606Lenape\n|t:|1617137791\n|player|p1|dltxsninosupremacy|170|1564\n|player|p2|Lenape|101|1582\n|teamsize|p1|6\n|teamsize|p2|6\n|gametype|doubles\n|gen|8\n|tier|[Gen 8] Doubles OU\n|rated|\n|clearpoke\n|poke|p1|Mew|\n|poke|p1|Grimmsnarl, M|\n|poke|p1|Incineroar, M|\n|poke|p1|Rillaboom, M|\n|poke|p1|Volcarona, M|\n|poke|p1|Zygarde|\n|poke|p2|Hatterene, F|\n|poke|p2|Aggron, F|\n|poke|p2|Gigalith, F|\n|poke|p2|Aron, L1, M|\n|poke|p2|Victini|\n|poke|p2|Togedemaru, L1, F|\n|rule|Species Clause: Limit one of each Pok\u00e9mon\n|rule|OHKO Clause: OHKO moves are banned\n|rule|Evasion Moves Clause: Evasion moves are banned\n|rule|Gravity Sleep Clause: The combination of sleep-inducing moves with imperfect accuracy and Gravity or Gigantamax Orbeetle are banned\n|rule|Endless Battle Clause: Forcing endless battles is banned\n|rule|HP Percentage Mod: HP is shown in percentages\n|rule|Dynamax Clause: You cannot dynamax\n|rule|Swagger Clause: Swagger is banned\n|teampreview\n|inactive|Battle timer is ON: inactive players will automatically lose when time's up. (requested by Lenape)\n|inactive|dltxsninosupremacy has 120 seconds left.\n|inactive|dltxsninosupremacy has 90 seconds left.\n|\n|t:|1617137879\n|start\n|switch|p1a: Incineroar|Incineroar, M|100\/100\n|switch|p1b: Zygarde|Zygarde|100\/100\n|switch|p2a: Victini|Victini|100\/100\n|switch|p2b: Hatterene|Hatterene, F|100\/100\n|-ability|p1b: Zygarde|Aura Break\n|-ability|p1a: Incineroar|Intimidate|boost\n|-unboost|p2a: Victini|atk|1\n|-unboost|p2b: Hatterene|atk|1\n|turn|1\n|\n|t:|1617137900\n|move|p1b: Zygarde|Protect|p1b: Zygarde\n|-singleturn|p1b: Zygarde|Protect\n|move|p2a: Victini|Final Gambit|p1b: Zygarde\n|-activate|p1b: Zygarde|move: Protect\n|move|p1a: Incineroar|Snarl|p2b: Hatterene|[spread] p2a,p2b\n|-supereffective|p2a: Victini\n|-damage|p2a: Victini|79\/100\n|-damage|p2b: Hatterene|88\/100\n|-unboost|p2a: Victini|spa|1\n|-unboost|p2b: Hatterene|spa|1\n|move|p2b: Hatterene|Trick Room|p2b: Hatterene\n|-fieldstart|move: Trick Room|[of] p2b: Hatterene\n|\n|-heal|p2b: Hatterene|94\/100|[from] item: Leftovers\n|upkeep\n|turn|2\n|\n|t:|1617137914\n|switch|p1b: Mew|Mew|100\/100\n|move|p2b: Hatterene|Calm Mind|p2b: Hatterene\n|-boost|p2b: Hatterene|spa|1\n|-boost|p2b: Hatterene|spd|1\n|move|p1a: Incineroar|Snarl|p2b: Hatterene|[spread] p2a,p2b\n|-supereffective|p2a: Victini\n|-damage|p2a: Victini|58\/100\n|-damage|p2b: Hatterene|85\/100\n|-unboost|p2a: Victini|spa|1\n|-unboost|p2b: Hatterene|spa|1\n|move|p2a: Victini|Final Gambit|p1a: Incineroar\n|-damage|p1a: Incineroar|41\/100\n|faint|p2a: Victini\n|\n|-heal|p2b: Hatterene|91\/100|[from] item: Leftovers\n|upkeep\n|\n|t:|1617137919\n|switch|p2a: Aron|Aron, L1, M|100\/100\n|turn|3\n|\n|t:|1617137928\n|move|p1b: Mew|Fake Out|p2a: Aron\n|-resisted|p2a: Aron\n|-ability|p2a: Aron|Sturdy\n|-damage|p2a: Aron|9\/100\n|cant|p2a: Aron|flinch\n|move|p2b: Hatterene|Draining Kiss|p1b: Mew\n|-damage|p1b: Mew|87\/100\n|-heal|p2b: Hatterene|100\/100|[from] drain|[of] p1b: Mew\n|move|p1a: Incineroar|Snarl|p2b: Hatterene|[spread] p2a,p2b\n|-damage|p2a: Aron|0 fnt\n|-damage|p2b: Hatterene|92\/100\n|-unboost|p2b: Hatterene|spa|1\n|faint|p2a: Aron\n|\n|-heal|p2b: Hatterene|98\/100|[from] item: Leftovers\n|upkeep\n|\n|t:|1617137935\n|switch|p2a: Togedemaru|Togedemaru, L1, F|100\/100\n|turn|4\n|\n|t:|1617137957\n|switch|p1b: Grimmsnarl|Grimmsnarl, M|100\/100\n|move|p2a: Togedemaru|Endeavor|p1b: Grimmsnarl\n|-damage|p1b: Grimmsnarl|4\/100\n|move|p2b: Hatterene|Draining Kiss|p1b: Grimmsnarl\n|-supereffective|p1b: Grimmsnarl\n|-damage|p1b: Grimmsnarl|0 fnt\n|-heal|p2b: Hatterene|100\/100|[from] drain|[of] p1b: Grimmsnarl\n|faint|p1b: Grimmsnarl\n|move|p1a: Incineroar|Will-O-Wisp|p2a: Togedemaru\n|-status|p2a: Togedemaru|brn\n|\n|-damage|p2a: Togedemaru|92\/100 brn|[from] brn\n|upkeep\n|\n|t:|1617137968\n|switch|p1b: Zygarde|Zygarde|100\/100\n|-ability|p1b: Zygarde|Aura Break\n|turn|5\n|\n|t:|1617137975\n|switch|p1a: Mew|Mew|87\/100\n|move|p1b: Zygarde|Protect|p1b: Zygarde\n|-singleturn|p1b: Zygarde|Protect\n|move|p2a: Togedemaru|Endeavor|p1a: Mew\n|-damage|p1a: Mew|3\/100\n|-enditem|p1a: Mew|Sitrus Berry|[eat]\n|-heal|p1a: Mew|28\/100|[from] item: Sitrus Berry\n|-heal|p2a: Togedemaru|100\/100 brn|[from] item: Shell Bell|[of] p1a: Mew\n|move|p2b: Hatterene|Draining Kiss|p1a: Mew\n|-damage|p1a: Mew|19\/100\n|\n|-damage|p2a: Togedemaru|92\/100 brn|[from] brn\n|-fieldend|move: Trick Room\n|upkeep\n|turn|6\n|\n|t:|1617137993\n|move|p2a: Togedemaru|Spiky Shield|p2a: Togedemaru\n|-singleturn|p2a: Togedemaru|move: Protect\n|move|p1a: Mew|Fake Out|p2b: Hatterene\n|-damage|p2b: Hatterene|93\/100\n|move|p1b: Zygarde|Thousand Arrows|p2a: Togedemaru|[spread] p2b\n|-activate|p2a: Togedemaru|move: Protect\n|-damage|p2b: Hatterene|68\/100\n|cant|p2b: Hatterene|flinch\n|\n|-heal|p2b: Hatterene|74\/100|[from] item: Leftovers\n|-damage|p2a: Togedemaru|84\/100 brn|[from] brn\n|upkeep\n|turn|7\n|\n|t:|1617138013\n|switch|p1a: Volcarona|Volcarona, M|100\/100\n|switch|p2a: Gigalith|Gigalith, F|100\/100\n|-weather|Sandstorm|[from] ability: Sand Stream|[of] p2a: Gigalith\n|move|p1b: Zygarde|Thousand Arrows|p2b: Hatterene|[spread] p2a,p2b\n|-supereffective|p2a: Gigalith\n|-damage|p2a: Gigalith|53\/100\n|-damage|p2b: Hatterene|49\/100\n|move|p2b: Hatterene|Trick Room|p2b: Hatterene\n|-fieldstart|move: Trick Room|[of] p2b: Hatterene\n|\n|-weather|Sandstorm|[upkeep]\n|-damage|p2b: Hatterene|43\/100|[from] Sandstorm\n|-damage|p1a: Volcarona|94\/100|[from] Sandstorm\n|-heal|p2b: Hatterene|49\/100|[from] item: Leftovers\n|upkeep\n|turn|8\n|\n|t:|1617138031\n|switch|p1a: Incineroar|Incineroar, M|41\/100\n|-ability|p1a: Incineroar|Intimidate|boost\n|-unboost|p2a: Gigalith|atk|1\n|-unboost|p2b: Hatterene|atk|1\n|move|p2a: Gigalith|Wide Guard|p2a: Gigalith\n|-singleturn|p2a: Gigalith|Wide Guard\n|move|p2b: Hatterene|Calm Mind|p2b: Hatterene\n|-boost|p2b: Hatterene|spa|1\n|-boost|p2b: Hatterene|spd|1\n|move|p1b: Zygarde|Substitute|p1b: Zygarde\n|-start|p1b: Zygarde|Substitute\n|-damage|p1b: Zygarde|76\/100\n|\n|-weather|Sandstorm|[upkeep]\n|-damage|p2b: Hatterene|43\/100|[from] Sandstorm\n|-damage|p1a: Incineroar|35\/100|[from] Sandstorm\n|-heal|p2b: Hatterene|49\/100|[from] item: Leftovers\n|-heal|p1b: Zygarde|82\/100|[from] item: Leftovers\n|upkeep\n|turn|9\n|\n|t:|1617138044\n|move|p2b: Hatterene|Protect|p2b: Hatterene\n|-singleturn|p2b: Hatterene|Protect\n|move|p2a: Gigalith|Stone Edge|p1a: Incineroar|[miss]\n|-miss|p2a: Gigalith|p1a: Incineroar\n|move|p1a: Incineroar|Parting Shot|p2a: Gigalith\n|-unboost|p2a: Gigalith|atk|1\n|-unboost|p2a: Gigalith|spa|1\n|\n|t:|1617138053\n|switch|p1a: Volcarona|Volcarona, M|94\/100|[from]move: Parting Shot\n|move|p1b: Zygarde|Thousand Arrows|p2a: Gigalith|[spread] p2a\n|-activate|p2b: Hatterene|move: Protect\n|-supereffective|p2a: Gigalith\n|-damage|p2a: Gigalith|5\/100\n|\n|-weather|Sandstorm|[upkeep]\n|-damage|p2b: Hatterene|43\/100|[from] Sandstorm\n|-damage|p1a: Volcarona|88\/100|[from] Sandstorm\n|-heal|p2b: Hatterene|49\/100|[from] item: Leftovers\n|-heal|p1b: Zygarde|88\/100|[from] item: Leftovers\n|upkeep\n|turn|10\n|\n|t:|1617138063\n|move|p1b: Zygarde|Protect|p1b: Zygarde\n|-singleturn|p1b: Zygarde|Protect\n|move|p2a: Gigalith|Wide Guard|p2a: Gigalith\n|-singleturn|p2a: Gigalith|Wide Guard\n|move|p2b: Hatterene|Calm Mind|p2b: Hatterene\n|-boost|p2b: Hatterene|spa|1\n|-boost|p2b: Hatterene|spd|1\n|move|p1a: Volcarona|Quiver Dance|p1a: Volcarona\n|-boost|p1a: Volcarona|spa|1\n|-boost|p1a: Volcarona|spd|1\n|-boost|p1a: Volcarona|spe|1\n|\n|-weather|Sandstorm|[upkeep]\n|-damage|p2b: Hatterene|43\/100|[from] Sandstorm\n|-damage|p1a: Volcarona|82\/100|[from] Sandstorm\n|-heal|p2b: Hatterene|49\/100|[from] item: Leftovers\n|-heal|p1b: Zygarde|94\/100|[from] item: Leftovers\n|upkeep\n|turn|11\n|\n|t:|1617138076\n|move|p1a: Volcarona|Protect|p1a: Volcarona\n|-singleturn|p1a: Volcarona|Protect\n|move|p2a: Gigalith|Stone Edge|p1a: Volcarona\n|-activate|p1a: Volcarona|move: Protect\n|move|p2b: Hatterene|Draining Kiss|p1b: Zygarde\n|-supereffective|p1b: Zygarde\n|-end|p1b: Zygarde|Substitute\n|-heal|p2b: Hatterene|71\/100|[from] drain|[of] p1b: Zygarde\n|move|p1b: Zygarde|Thousand Arrows|p2b: Hatterene|[spread] p2a,p2b\n|-supereffective|p2a: Gigalith\n|-damage|p2a: Gigalith|0 fnt\n|-damage|p2b: Hatterene|44\/100\n|faint|p2a: Gigalith\n|\n|-weather|Sandstorm|[upkeep]\n|-damage|p2b: Hatterene|38\/100|[from] Sandstorm\n|-damage|p1a: Volcarona|76\/100|[from] Sandstorm\n|-heal|p2b: Hatterene|44\/100|[from] item: Leftovers\n|-heal|p1b: Zygarde|99\/100|[from] item: Leftovers\n|-fieldend|move: Trick Room\n|upkeep\n|\n|t:|1617138079\n|switch|p2a: Togedemaru|Togedemaru, L1, F|84\/100 brn\n|turn|12\n|\n|t:|1617138088\n|move|p2a: Togedemaru|Fake Out|p1b: Zygarde\n|-damage|p1b: Zygarde|99\/100\n|-heal|p2a: Togedemaru|92\/100 brn|[from] item: Shell Bell|[of] p1b: Zygarde\n|move|p1a: Volcarona|Heat Wave|p2a: Togedemaru|[spread] p2b\n|-miss|p1a: Volcarona|p2a: Togedemaru\n|-damage|p2b: Hatterene|22\/100\n|cant|p1b: Zygarde|flinch\n|move|p2b: Hatterene|Trick Room|p2b: Hatterene\n|-fieldstart|move: Trick Room|[of] p2b: Hatterene\n|\n|-weather|Sandstorm|[upkeep]\n|-damage|p2b: Hatterene|16\/100|[from] Sandstorm\n|-damage|p1a: Volcarona|70\/100|[from] Sandstorm\n|-heal|p2b: Hatterene|22\/100|[from] item: Leftovers\n|-heal|p1b: Zygarde|100\/100|[from] item: Leftovers\n|-damage|p2a: Togedemaru|84\/100 brn|[from] brn\n|upkeep\n|turn|13\n|\n|t:|1617138098\n|move|p2a: Togedemaru|Endeavor|p1a: Volcarona\n|-damage|p1a: Volcarona|4\/100\n|-heal|p2a: Togedemaru|100\/100 brn|[from] item: Shell Bell|[of] p1a: Volcarona\n|move|p2b: Hatterene|Draining Kiss|p1b: Zygarde\n|-supereffective|p1b: Zygarde\n|-damage|p1b: Zygarde|63\/100\n|-heal|p2b: Hatterene|55\/100|[from] drain|[of] p1b: Zygarde\n|move|p1b: Zygarde|Thousand Arrows|p2b: Hatterene|[spread] p2a,p2b\n|-supereffective|p2a: Togedemaru\n|-ability|p2a: Togedemaru|Sturdy\n|-damage|p2a: Togedemaru|9\/100 brn\n|-damage|p2b: Hatterene|30\/100\n|move|p1a: Volcarona|Heat Wave|p2b: Hatterene|[spread] p2a,p2b\n|-supereffective|p2a: Togedemaru\n|-damage|p2a: Togedemaru|0 fnt\n|-damage|p2b: Hatterene|6\/100\n|faint|p2a: Togedemaru\n|\n|-weather|Sandstorm|[upkeep]\n|-damage|p2b: Hatterene|0 fnt|[from] Sandstorm\n|-damage|p1a: Volcarona|0 fnt|[from] Sandstorm\n|faint|p2b: Hatterene\n|faint|p1a: Volcarona\n|-heal|p1b: Zygarde|69\/100|[from] item: Leftovers\n|upkeep\n|\n|t:|1617138115\n|switch|p2a: Aggron|Aggron, F|100\/100\n|switch|p1a: Incineroar|Incineroar, M|35\/100\n|-ability|p1a: Incineroar|Intimidate|boost\n|-unboost|p2a: Aggron|atk|1\n|turn|14\n|\n|t:|1617138126\n|switch|p1a: Mew|Mew|19\/100\n|move|p2a: Aggron|Protect|p2a: Aggron\n|-singleturn|p2a: Aggron|Protect\n|move|p1b: Zygarde|Substitute|p1b: Zygarde\n|-start|p1b: Zygarde|Substitute\n|-damage|p1b: Zygarde|44\/100\n|\n|-weather|none\n|-heal|p1b: Zygarde|50\/100|[from] item: Leftovers\n|upkeep\n|turn|15\n|c|\u2606Lenape|Man the copy paste teams are strong\n|\n|t:|1617138139\n|move|p1a: Mew|Fake Out|p2a: Aggron\n|-resisted|p2a: Aggron\n|-damage|p2a: Aggron|99\/100\n|cant|p2a: Aggron|flinch\n|move|p1b: Zygarde|Dragon Dance|p1b: Zygarde\n|-boost|p1b: Zygarde|atk|1\n|-boost|p1b: Zygarde|spe|1\n|\n|-heal|p1b: Zygarde|56\/100|[from] item: Leftovers\n|upkeep\n|turn|16\n|\n|t:|1617138143\n|switch|p1a: Incineroar|Incineroar, M|35\/100\n|-ability|p1a: Incineroar|Intimidate|boost\n|-unboost|p2a: Aggron|atk|1\n|move|p2a: Aggron|Heavy Slam|p1a: Incineroar\n|-resisted|p1a: Incineroar\n|-damage|p1a: Incineroar|25\/100\n|move|p1b: Zygarde|Thousand Arrows|p2a: Aggron\n|-supereffective|p2a: Aggron\n|-damage|p2a: Aggron|0 fnt\n|faint|p2a: Aggron\n|\n|win|dltxsninosupremacy\n|raw|dltxsninosupremacy's rating: 1564 &rarr; <strong>1585<\/strong><br \/>(+21 for winning)\n|raw|Lenape's rating: 1582 &rarr; <strong>1561<\/strong><br \/>(-21 for losing)\n|l|\u2606Lenape\n|l|\u2606dltxsninosupremacy\n||Ladder isn't responding, score probably updated but might not have (Request timeout).\n","uploadtime":1617138579,"views":33,"p1id":"dltxsninosupremacy","p2id":"lenape","formatid":"gen8doublesou","rating":1561,"private":0,"password":null}