{"id":"gen8nationaldexag-1110855600","p1":"willcoxw","p2":"85792195wwww","format":"gen8nationaldexag","log":"|j|\u2606willcoxw\n|j|\u260685792195wwww\n|player|p1|willcoxw|karen|1648\n|player|p2|85792195wwww|lady|1718\n|teamsize|p1|6\n|teamsize|p2|6\n|gametype|singles\n|gen|8\n|tier|[Gen 8] National Dex AG\n|rated|\n|clearpoke\n|poke|p1|Zygarde|\n|poke|p1|Zygarde|\n|poke|p1|Necrozma-Dusk-Mane|\n|poke|p1|Groudon|\n|poke|p1|Eternatus|\n|poke|p1|Yveltal|\n|poke|p2|Rayquaza|\n|poke|p2|Zacian-Crowned|\n|poke|p2|Ditto|\n|poke|p2|Kyogre|\n|poke|p2|Excadrill, M|\n|poke|p2|Arceus-*|\n|rule|HP Percentage Mod: HP is shown in percentages\n|rule|Endless Battle Clause: Forcing endless battles is banned\n|teampreview\n|\n|start\n|switch|p1a: Eternatus|Eternatus|100\/100\n|switch|p2a: Excadrill|Excadrill, M|100\/100\n|-ability|p1a: Eternatus|Pressure\n|-ability|p2a: Excadrill|Mold Breaker\n|turn|1\n|\n|switch|p1a: Zygarde|Zygarde|100\/100\n|move|p2a: Excadrill|Rapid Spin|p1a: Zygarde\n|-damage|p1a: Zygarde|92\/100\n|-boost|p2a: Excadrill|spe|1\n|\n|-heal|p1a: Zygarde|98\/100|[from] item: Leftovers\n|upkeep\n|turn|2\n|\n|move|p2a: Excadrill|Stealth Rock|p1a: Zygarde\n|-sidestart|p1: willcoxw|move: Stealth Rock\n|move|p1a: Zygarde|Substitute|p1a: Zygarde\n|-start|p1a: Zygarde|Substitute\n|-damage|p1a: Zygarde|73\/100\n|\n|-heal|p1a: Zygarde|79\/100|[from] item: Leftovers\n|upkeep\n|turn|3\n|\n|move|p2a: Excadrill|Earthquake|p1a: Zygarde\n|-crit|p1a: Zygarde\n|-end|p1a: Zygarde|Substitute\n|move|p1a: Zygarde|Glare|p2a: Excadrill\n|-status|p2a: Excadrill|par\n|\n|-heal|p1a: Zygarde|86\/100|[from] item: Leftovers\n|upkeep\n|turn|4\n|\n|move|p1a: Zygarde|Substitute|p1a: Zygarde\n|-start|p1a: Zygarde|Substitute\n|-damage|p1a: Zygarde|61\/100\n|move|p2a: Excadrill|Rapid Spin|p1a: Zygarde\n|-activate|p1a: Zygarde|move: Substitute|[damage]\n|-boost|p2a: Excadrill|spe|1\n|\n|-heal|p1a: Zygarde|67\/100|[from] item: Leftovers\n|upkeep\n|turn|5\n|\n|move|p2a: Excadrill|Earthquake|p1a: Zygarde\n|-end|p1a: Zygarde|Substitute\n|move|p1a: Zygarde|Haze|p1a: Zygarde\n|-clearallboost\n|\n|-heal|p1a: Zygarde|73\/100|[from] item: Leftovers\n|upkeep\n|turn|6\n|\n|switch|p2a: Arceus|Arceus|100\/100\n|move|p1a: Zygarde|Substitute|p1a: Zygarde\n|-start|p1a: Zygarde|Substitute\n|-damage|p1a: Zygarde|48\/100\n|\n|-heal|p1a: Zygarde|55\/100|[from] item: Leftovers\n|upkeep\n|turn|7\n|\n|move|p2a: Arceus|Substitute|p2a: Arceus\n|-start|p2a: Arceus|Substitute\n|-damage|p2a: Arceus|76\/100\n|move|p1a: Zygarde|Glare||[still]\n|-fail|p1a: Zygarde\n|\n|-heal|p1a: Zygarde|61\/100|[from] item: Leftovers\n|upkeep\n|turn|8\n|\n|move|p2a: Arceus|Extreme Speed|p1a: Zygarde\n|-end|p1a: Zygarde|Substitute\n|-damage|p2a: Arceus|66\/100|[from] item: Life Orb\n|move|p1a: Zygarde|Thousand Arrows|p2a: Arceus\n|-activate|p2a: Arceus|move: Substitute|[damage]\n|\n|-heal|p1a: Zygarde|67\/100|[from] item: Leftovers\n|upkeep\n|turn|9\n|\n|move|p2a: Arceus|Swords Dance|p2a: Arceus\n|-boost|p2a: Arceus|atk|2\n|move|p1a: Zygarde|Substitute|p1a: Zygarde\n|-start|p1a: Zygarde|Substitute\n|-damage|p1a: Zygarde|42\/100\n|\n|-heal|p1a: Zygarde|48\/100|[from] item: Leftovers\n|-activate|p1a: Zygarde|ability: Power Construct\n|detailschange|p1a: Zygarde|Zygarde-Complete\n|-heal|p1a: Zygarde|66\/100|[silent]\n|upkeep\n|turn|10\n|\n|move|p2a: Arceus|Extreme Speed|p1a: Zygarde\n|-end|p1a: Zygarde|Substitute\n|-damage|p2a: Arceus|56\/100|[from] item: Life Orb\n|move|p1a: Zygarde|Haze|p1a: Zygarde\n|-clearallboost\n|\n|-heal|p1a: Zygarde|72\/100|[from] item: Leftovers\n|upkeep\n|turn|11\n|\n|move|p2a: Arceus|Swords Dance|p2a: Arceus\n|-boost|p2a: Arceus|atk|2\n|move|p1a: Zygarde|Substitute|p1a: Zygarde\n|-start|p1a: Zygarde|Substitute\n|-damage|p1a: Zygarde|47\/100\n|\n|-heal|p1a: Zygarde|54\/100|[from] item: Leftovers\n|upkeep\n|turn|12\n|\n|move|p2a: Arceus|Extreme Speed|p1a: Zygarde\n|-end|p1a: Zygarde|Substitute\n|-damage|p2a: Arceus|46\/100|[from] item: Life Orb\n|move|p1a: Zygarde|Haze|p1a: Zygarde\n|-clearallboost\n|\n|-heal|p1a: Zygarde|60\/100|[from] item: Leftovers\n|upkeep\n|turn|13\n|\n|move|p2a: Arceus|Swords Dance|p2a: Arceus\n|-boost|p2a: Arceus|atk|2\n|move|p1a: Zygarde|Substitute|p1a: Zygarde\n|-start|p1a: Zygarde|Substitute\n|-damage|p1a: Zygarde|35\/100\n|\n|-heal|p1a: Zygarde|41\/100|[from] item: Leftovers\n|upkeep\n|turn|14\n|\n|move|p2a: Arceus|Extreme Speed|p1a: Zygarde\n|-end|p1a: Zygarde|Substitute\n|-damage|p2a: Arceus|36\/100|[from] item: Life Orb\n|move|p1a: Zygarde|Haze|p1a: Zygarde\n|-clearallboost\n|\n|-heal|p1a: Zygarde|47\/100|[from] item: Leftovers\n|upkeep\n|turn|15\n|\n|move|p2a: Arceus|Swords Dance|p2a: Arceus\n|-boost|p2a: Arceus|atk|2\n|move|p1a: Zygarde|Substitute|p1a: Zygarde\n|-start|p1a: Zygarde|Substitute\n|-damage|p1a: Zygarde|22\/100\n|\n|-heal|p1a: Zygarde|28\/100|[from] item: Leftovers\n|upkeep\n|turn|16\n|\n|move|p2a: Arceus|Extreme Speed|p1a: Zygarde\n|-end|p1a: Zygarde|Substitute\n|-damage|p2a: Arceus|26\/100|[from] item: Life Orb\n|move|p1a: Zygarde|Haze|p1a: Zygarde\n|-clearallboost\n|\n|-heal|p1a: Zygarde|35\/100|[from] item: Leftovers\n|upkeep\n|turn|17\n|\n|move|p2a: Arceus|Swords Dance|p2a: Arceus\n|-boost|p2a: Arceus|atk|2\n|move|p1a: Zygarde|Substitute|p1a: Zygarde\n|-start|p1a: Zygarde|Substitute\n|-damage|p1a: Zygarde|10\/100\n|\n|-heal|p1a: Zygarde|16\/100|[from] item: Leftovers\n|upkeep\n|turn|18\n|\n|move|p2a: Arceus|Extreme Speed|p1a: Zygarde\n|-crit|p1a: Zygarde\n|-end|p1a: Zygarde|Substitute\n|-damage|p2a: Arceus|16\/100|[from] item: Life Orb\n|move|p1a: Zygarde|Haze|p1a: Zygarde\n|-clearallboost\n|\n|-heal|p1a: Zygarde|22\/100|[from] item: Leftovers\n|upkeep\n|turn|19\n|\n|move|p2a: Arceus|Swords Dance|p2a: Arceus\n|-boost|p2a: Arceus|atk|2\n|move|p1a: Zygarde|Thousand Arrows|p2a: Arceus\n|-end|p2a: Arceus|Substitute\n|\n|-heal|p1a: Zygarde|28\/100|[from] item: Leftovers\n|upkeep\n|turn|20\n|\n|move|p2a: Arceus|Extreme Speed|p1a: Zygarde\n|-damage|p1a: Zygarde|0 fnt\n|-damage|p2a: Arceus|6\/100|[from] item: Life Orb\n|faint|p1a: Zygarde\n|\n|upkeep\n|\n|switch|p1a: Groudon|Groudon|100\/100\n|-damage|p1a: Groudon|94\/100|[from] Stealth Rock\n|detailschange|p1a: Groudon|Groudon-Primal\n|-primal|p1a: Groudon\n|-weather|DesolateLand|[from] ability: Desolate Land|[of] p1a: Groudon\n|turn|21\n|\n|move|p2a: Arceus|Earthquake|p1a: Groudon\n|-supereffective|p1a: Groudon\n|-damage|p1a: Groudon|16\/100\n|-damage|p2a: Arceus|0 fnt|[from] item: Life Orb\n|faint|p2a: Arceus\n|move|p1a: Groudon|Stealth Rock|p2: Arceus\n|-sidestart|p2: 85792195wwww|move: Stealth Rock\n|\n|-weather|DesolateLand|[upkeep]\n|upkeep\n|\n|switch|p2a: Zacian|Zacian-Crowned|100\/100\n|-damage|p2a: Zacian|94\/100|[from] Stealth Rock\n|-ability|p2a: Zacian|Intrepid Sword|boost\n|-boost|p2a: Zacian|atk|1\n|turn|22\n|\n|move|p2a: Zacian|Behemoth Blade|p1a: Groudon\n|-resisted|p1a: Groudon\n|-damage|p1a: Groudon|0 fnt\n|faint|p1a: Groudon\n|-weather|none\n|\n|upkeep\n|\n|switch|p1a: Necrozma|Necrozma-Dusk-Mane|100\/100\n|-damage|p1a: Necrozma|94\/100|[from] Stealth Rock\n|turn|23\n|\n|move|p2a: Zacian|Close Combat|p1a: Necrozma\n|-damage|p1a: Necrozma|30\/100\n|-unboost|p2a: Zacian|def|1\n|-unboost|p2a: Zacian|spd|1\n|move|p1a: Necrozma|Dragon Dance|p1a: Necrozma\n|-boost|p1a: Necrozma|atk|1\n|-boost|p1a: Necrozma|spe|1\n|\n|upkeep\n|turn|24\n|\n|switch|p2a: Excadrill|Excadrill, M|100\/100 par\n|-damage|p2a: Excadrill|97\/100 par|[from] Stealth Rock\n|-ability|p2a: Excadrill|Mold Breaker\n|detailschange|p1a: Necrozma|Necrozma-Ultra\n|-burst|p1a: Necrozma|Necrozma|Ultranecrozium Z\n|move|p1a: Necrozma|Earthquake|p2a: Excadrill\n|-supereffective|p2a: Excadrill\n|-damage|p2a: Excadrill|0 fnt\n|faint|p2a: Excadrill\n|\n|upkeep\n|\n|switch|p2a: Rayquaza|Rayquaza|100\/100\n|-damage|p2a: Rayquaza|76\/100|[from] Stealth Rock\n|-ability|p2a: Rayquaza|Air Lock\n|turn|25\n|\n|detailschange|p2a: Rayquaza|Rayquaza-Mega\n|-mega|p2a: Rayquaza|Rayquaza|\n|-weather|DeltaStream|[from] ability: Delta Stream|[of] p2a: Rayquaza\n|move|p2a: Rayquaza|Extreme Speed|p1a: Necrozma\n|-damage|p1a: Necrozma|0 fnt\n|-damage|p2a: Rayquaza|66\/100|[from] item: Life Orb\n|faint|p1a: Necrozma\n|\n|-weather|DeltaStream|[upkeep]\n|upkeep\n|\n|switch|p1a: Yveltal|Yveltal|100\/100\n|-damage|p1a: Yveltal|76\/100|[from] Stealth Rock\n|-ability|p1a: Yveltal|Dark Aura\n|turn|26\n|\n|-start|p1a: Yveltal|Dynamax\n|-heal|p1a: Yveltal|76\/100|[silent]\n|move|p2a: Rayquaza|Dragon Ascent|p1a: Yveltal\n|-damage|p1a: Yveltal|14\/100\n|-unboost|p2a: Rayquaza|def|1\n|-unboost|p2a: Rayquaza|spd|1\n|-damage|p2a: Rayquaza|56\/100|[from] item: Life Orb\n|move|p1a: Yveltal|Max Airstream|p2a: Rayquaza\n|-damage|p2a: Rayquaza|0 fnt\n|-boost|p1a: Yveltal|spe|1\n|-damage|p1a: Yveltal|9\/100|[from] item: Life Orb\n|faint|p2a: Rayquaza\n|-weather|none\n|\n|upkeep\n|\n|switch|p2a: Zacian|Zacian-Crowned|94\/100\n|-damage|p2a: Zacian|88\/100|[from] Stealth Rock\n|-ability|p2a: Zacian|Intrepid Sword|boost\n|-boost|p2a: Zacian|atk|1\n|turn|27\n|\n|switch|p2a: Ditto|Ditto|100\/100\n|-damage|p2a: Ditto|88\/100|[from] Stealth Rock\n|-transform|p2a: Ditto|p1a: Yveltal|[from] ability: Imposter\n|-ability|p2a: Ditto|Dark Aura\n|move|p1a: Yveltal|Max Flare|p2a: Ditto\n|-damage|p2a: Ditto|20\/100\n|-weather|SunnyDay\n|-damage|p1a: Yveltal|4\/100|[from] item: Life Orb\n|\n|-weather|SunnyDay|[upkeep]\n|upkeep\n|turn|28\n|\n|-start|p2a: Ditto|Dynamax\n|-heal|p2a: Ditto|20\/100|[silent]\n|move|p2a: Ditto|Max Airstream|p1a: Yveltal\n|-damage|p1a: Yveltal|0 fnt\n|-boost|p2a: Ditto|spe|1\n|faint|p1a: Yveltal\n|\n|-weather|SunnyDay|[upkeep]\n|upkeep\n|\n|switch|p1a: Eternatus|Eternatus|100\/100\n|-damage|p1a: Eternatus|88\/100|[from] Stealth Rock\n|-ability|p1a: Eternatus|Pressure\n|turn|29\n|\n|move|p2a: Ditto|Max Darkness|p1a: Eternatus\n|-damage|p1a: Eternatus|15\/100\n|-unboost|p1a: Eternatus|spd|1\n|move|p1a: Eternatus|Toxic Spikes|p2a: Ditto\n|-sidestart|p2: 85792195wwww|move: Toxic Spikes\n|\n|-weather|SunnyDay|[upkeep]\n|-heal|p1a: Eternatus|21\/100|[from] item: Black Sludge\n|upkeep\n|turn|30\n|\n|move|p2a: Ditto|Max Darkness|p1a: Eternatus\n|-damage|p1a: Eternatus|0 fnt\n|faint|p1a: Eternatus\n|\n|-weather|SunnyDay|[upkeep]\n|-end|p2a: Ditto|Dynamax\n|-heal|p2a: Ditto|20\/100|[silent]\n|upkeep\n|\n|switch|p1a: Zygarde|Zygarde|100\/100\n|-damage|p1a: Zygarde|94\/100|[from] Stealth Rock\n|turn|31\n|\n|move|p2a: Ditto|Dark Pulse|p1a: Zygarde\n|-damage|p1a: Zygarde|37\/100\n|move|p1a: Zygarde|Dragon Dance|p1a: Zygarde\n|-boost|p1a: Zygarde|atk|1\n|-boost|p1a: Zygarde|spe|1\n|\n|-weather|none\n|-heal|p1a: Zygarde|43\/100|[from] item: Leftovers\n|-activate|p1a: Zygarde|ability: Power Construct\n|detailschange|p1a: Zygarde|Zygarde-Complete\n|-heal|p1a: Zygarde|64\/100|[silent]\n|upkeep\n|turn|32\n|\n|move|p2a: Ditto|Dark Pulse|p1a: Zygarde\n|-damage|p1a: Zygarde|32\/100\n|move|p1a: Zygarde|Thousand Arrows|p2a: Ditto\n|-damage|p2a: Ditto|0 fnt\n|faint|p2a: Ditto\n|\n|-heal|p1a: Zygarde|38\/100|[from] item: Leftovers\n|upkeep\n|\n|switch|p2a: Zacian|Zacian-Crowned|88\/100\n|-damage|p2a: Zacian|82\/100|[from] Stealth Rock\n|-ability|p2a: Zacian|Intrepid Sword|boost\n|-boost|p2a: Zacian|atk|1\n|turn|33\n|\n|move|p1a: Zygarde|Thousand Arrows|p2a: Zacian\n|-supereffective|p2a: Zacian\n|-damage|p2a: Zacian|0 fnt\n|faint|p2a: Zacian\n|\n|-heal|p1a: Zygarde|45\/100|[from] item: Leftovers\n|upkeep\n|\n|switch|p2a: Kyogre|Kyogre|100\/100\n|-status|p2a: Kyogre|psn\n|-damage|p2a: Kyogre|88\/100 psn|[from] Stealth Rock\n|detailschange|p2a: Kyogre|Kyogre-Primal\n|-primal|p2a: Kyogre\n|-weather|PrimordialSea|[from] ability: Primordial Sea|[of] p2a: Kyogre\n|turn|34\n|\n|move|p1a: Zygarde|Substitute|p1a: Zygarde\n|-start|p1a: Zygarde|Substitute\n|-damage|p1a: Zygarde|20\/100\n|move|p2a: Kyogre|Ice Beam|p1a: Zygarde\n|-supereffective|p1a: Zygarde\n|-end|p1a: Zygarde|Substitute\n|\n|-weather|PrimordialSea|[upkeep]\n|-heal|p1a: Zygarde|26\/100|[from] item: Leftovers\n|-damage|p2a: Kyogre|76\/100 psn|[from] psn\n|upkeep\n|turn|35\n|\n|move|p1a: Zygarde|Substitute|p1a: Zygarde\n|-start|p1a: Zygarde|Substitute\n|-damage|p1a: Zygarde|1\/100\n|move|p2a: Kyogre|Ice Beam|p1a: Zygarde\n|-supereffective|p1a: Zygarde\n|-end|p1a: Zygarde|Substitute\n|\n|-weather|PrimordialSea|[upkeep]\n|-heal|p1a: Zygarde|7\/100|[from] item: Leftovers\n|-damage|p2a: Kyogre|63\/100 psn|[from] psn\n|upkeep\n|turn|36\n|\n|move|p1a: Zygarde|Thousand Arrows|p2a: Kyogre\n|-damage|p2a: Kyogre|12\/100 psn\n|move|p2a: Kyogre|Ice Beam|p1a: Zygarde\n|-supereffective|p1a: Zygarde\n|-damage|p1a: Zygarde|0 fnt\n|faint|p1a: Zygarde\n|\n|win|85792195wwww\n|raw|willcoxw's rating: 1648 &rarr; <strong>1632<\/strong><br \/>(-16 for losing)\n|raw|85792195wwww's rating: 1718 &rarr; <strong>1734<\/strong><br \/>(+16 for winning)\n|l|\u2606willcoxw\n","uploadtime":1588925304,"views":16,"p1id":"willcoxw","p2id":"85792195wwww","formatid":"gen8nationaldexag","rating":1632,"private":0,"password":null}