{"id":"gen8nationaldex-1474820016","p1":"beluganinja","p2":"Kikoobuster","format":"gen8nationaldex","log":"|j|\u203dbeluganinja\n|j|\u2606Kikoobuster\n|t:|1639703332\n|gametype|singles\n|player|p1|beluganinja|170|1540\n|player|p2|Kikoobuster|n|1516\n|teamsize|p1|6\n|teamsize|p2|6\n|gen|8\n|tier|[Gen 8] National Dex\n|rated|\n|rule|HP Percentage Mod: HP is shown in percentages\n|rule|Endless Battle Clause: Forcing endless battles is banned\n|rule|OHKO Clause: OHKO moves are banned\n|rule|Evasion Moves Clause: Evasion moves are banned\n|rule|Species Clause: Limit one of each Pok\u00e9mon\n|rule|Dynamax Clause: You cannot dynamax\n|rule|Sleep Clause Mod: Limit one foe put to sleep\n|clearpoke\n|poke|p1|Togekiss, M|\n|poke|p1|Landorus-Therian, M|\n|poke|p1|Jirachi|\n|poke|p1|Tangrowth, M|\n|poke|p1|Slowking-Galar, F|\n|poke|p1|Absol, M|\n|poke|p2|Meloetta|\n|poke|p2|Empoleon, M|\n|poke|p2|Bisharp, F|\n|poke|p2|Infernape, F|\n|poke|p2|Altaria, F|\n|poke|p2|Landorus-Therian, M|\n|teampreview\n|\n|t:|1639703336\n|start\n|switch|p1a: Landorus|Landorus-Therian, M|100\/100\n|switch|p2a: Empoleon|Empoleon, M|100\/100\n|-ability|p1a: Landorus|Intimidate|boost\n|-unboost|p2a: Empoleon|atk|1\n|turn|1\n|inactive|Battle timer is ON: inactive players will automatically lose when time's up. (requested by Kikoobuster)\n|\n|t:|1639703343\n|switch|p2a: Landorus|Landorus-Therian, M|100\/100\n|-ability|p2a: Landorus|Intimidate|boost\n|-unboost|p1a: Landorus|atk|1\n|move|p1a: Landorus|Stealth Rock|p2a: Landorus\n|-sidestart|p2: Kikoobuster|move: Stealth Rock\n|\n|upkeep\n|turn|2\n|\n|t:|1639703346\n|move|p2a: Landorus|Defog|p1a: Landorus\n|-unboost|p1a: Landorus|evasion|1\n|-sideend|p2: Kikoobuster|Stealth Rock|[from] move: Defog|[of] p2a: Landorus\n|move|p1a: Landorus|U-turn|p2a: Landorus\n|-resisted|p2a: Landorus\n|-damage|p2a: Landorus|90\/100\n|\n|t:|1639703357\n|switch|p1a: Tangrowth|Tangrowth, M|100\/100|[from]move: U-turn\n|\n|upkeep\n|turn|3\n|\n|t:|1639703369\n|switch|p2a: Empoleon|Empoleon, M|100\/100\n|move|p1a: Tangrowth|Sleep Powder|p2a: Empoleon\n|-status|p2a: Empoleon|slp|[from] move: Sleep Powder\n|\n|upkeep\n|turn|4\n|\n|t:|1639703372\n|switch|p2a: Infernape|Infernape, F|100\/100\n|move|p1a: Tangrowth|Leech Seed|p2a: Infernape\n|-start|p2a: Infernape|move: Leech Seed\n|\n|-damage|p2a: Infernape|88\/100|[from] Leech Seed|[of] p1a: Tangrowth\n|upkeep\n|turn|5\n|\n|t:|1639703380\n|switch|p1a: Landorus|Landorus-Therian, M|100\/100\n|-ability|p1a: Landorus|Intimidate|boost\n|-unboost|p2a: Infernape|atk|1\n|move|p2a: Infernape|U-turn|p1a: Landorus\n|-resisted|p1a: Landorus\n|-damage|p1a: Landorus|92\/100\n|-damage|p2a: Infernape|72\/100|[from] item: Rocky Helmet|[of] p1a: Landorus\n|\n|t:|1639703388\n|switch|p2a: Altaria|Altaria, F|100\/100|[from]move: U-turn\n|-ability|p2a: Altaria|Cloud Nine\n|\n|upkeep\n|turn|6\n|\n|t:|1639703392\n|detailschange|p2a: Altaria|Altaria-Mega, F\n|-mega|p2a: Altaria|Altaria|Altarianite\n|move|p1a: Landorus|U-turn|p2a: Altaria\n|-resisted|p2a: Altaria\n|-damage|p2a: Altaria|85\/100\n|\n|t:|1639703397\n|switch|p1a: Slowking|Slowking-Galar, F|100\/100|[from]move: U-turn\n|move|p2a: Altaria|Dragon Dance|p2a: Altaria\n|-boost|p2a: Altaria|atk|1\n|-boost|p2a: Altaria|spe|1\n|\n|upkeep\n|turn|7\n|\n|t:|1639703402\n|move|p2a: Altaria|Earthquake|p1a: Slowking\n|-supereffective|p1a: Slowking\n|-damage|p1a: Slowking|0 fnt\n|faint|p1a: Slowking\n|\n|upkeep\n|\n|t:|1639703413\n|switch|p1a: Tangrowth|Tangrowth, M|100\/100\n|turn|8\n|\n|t:|1639703421\n|move|p2a: Altaria|Fire Blast|p1a: Tangrowth\n|-supereffective|p1a: Tangrowth\n|-damage|p1a: Tangrowth|23\/100\n|move|p1a: Tangrowth|Leech Seed|p2a: Altaria\n|-start|p2a: Altaria|move: Leech Seed\n|\n|-damage|p2a: Altaria|73\/100|[from] Leech Seed|[of] p1a: Tangrowth\n|-heal|p1a: Tangrowth|32\/100|[silent]\n|upkeep\n|turn|9\n|\n|t:|1639703432\n|switch|p1a: Togekiss|Togekiss, M|100\/100\n|move|p2a: Altaria|Return|p1a: Togekiss\n|-damage|p1a: Togekiss|0 fnt\n|faint|p1a: Togekiss\n|\n|upkeep\n|\n|t:|1639703439\n|switch|p1a: Tangrowth|Tangrowth, M|65\/100\n|turn|10\n|\n|t:|1639703445\n|switch|p1a: Landorus|Landorus-Therian, M|92\/100\n|-ability|p1a: Landorus|Intimidate|boost\n|-unboost|p2a: Altaria|atk|1\n|move|p2a: Altaria|Fire Blast|p1a: Landorus\n|-damage|p1a: Landorus|54\/100\n|\n|-damage|p2a: Altaria|60\/100|[from] Leech Seed|[of] p1a: Landorus\n|-heal|p1a: Landorus|65\/100|[silent]\n|upkeep\n|turn|11\n|\n|t:|1639703449\n|switch|p2a: Empoleon|Empoleon, M|100\/100 slp\n|switch|p1a: Tangrowth|Tangrowth, M|99\/100\n|\n|upkeep\n|turn|12\n|\n|t:|1639703453\n|cant|p2a: Empoleon|slp\n|move|p1a: Tangrowth|Leech Seed|p2a: Empoleon\n|-start|p2a: Empoleon|move: Leech Seed\n|\n|-damage|p2a: Empoleon|88\/100 slp|[from] Leech Seed|[of] p1a: Tangrowth\n|-heal|p1a: Tangrowth|100\/100|[silent]\n|upkeep\n|turn|13\n|\n|t:|1639703458\n|cant|p2a: Empoleon|slp\n|move|p1a: Tangrowth|Knock Off|p2a: Empoleon\n|-damage|p2a: Empoleon|66\/100 slp\n|-enditem|p2a: Empoleon|Leftovers|[from] move: Knock Off|[of] p1a: Tangrowth\n|\n|-damage|p2a: Empoleon|54\/100 slp|[from] Leech Seed|[of] p1a: Tangrowth\n|upkeep\n|turn|14\n|\n|t:|1639703465\n|switch|p1a: Landorus|Landorus-Therian, M|65\/100\n|-ability|p1a: Landorus|Intimidate|boost\n|-unboost|p2a: Empoleon|atk|1\n|-curestatus|p2a: Empoleon|slp|[msg]\n|move|p2a: Empoleon|Toxic|p1a: Landorus\n|-status|p1a: Landorus|tox\n|\n|-damage|p2a: Empoleon|41\/100|[from] Leech Seed|[of] p1a: Landorus\n|-heal|p1a: Landorus|80\/100 tox|[silent]\n|-damage|p1a: Landorus|74\/100 tox|[from] psn\n|upkeep\n|turn|15\n|\n|t:|1639703472\n|move|p1a: Landorus|Stealth Rock|p2a: Empoleon\n|-sidestart|p2: Kikoobuster|move: Stealth Rock\n|move|p2a: Empoleon|Stealth Rock|p1a: Landorus\n|-sidestart|p1: beluganinja|move: Stealth Rock\n|\n|-damage|p2a: Empoleon|29\/100|[from] Leech Seed|[of] p1a: Landorus\n|-heal|p1a: Landorus|88\/100 tox|[silent]\n|-damage|p1a: Landorus|76\/100 tox|[from] psn\n|upkeep\n|turn|16\n|\n|t:|1639703476\n|move|p1a: Landorus|Defog|p2a: Empoleon\n|-unboost|p2a: Empoleon|evasion|1\n|-sideend|p2: Kikoobuster|Stealth Rock|[from] move: Defog|[of] p1a: Landorus\n|-sideend|p1: beluganinja|Stealth Rock|[from] move: Defog|[of] p1a: Landorus\n|move|p2a: Empoleon|Scald|p1a: Landorus\n|-supereffective|p1a: Landorus\n|-crit|p1a: Landorus\n|-damage|p1a: Landorus|0 fnt\n|faint|p1a: Landorus\n|\n|upkeep\n|\n|t:|1639703486\n|switch|p1a: Absol|Absol, M|100\/100\n|turn|17\n|\n|t:|1639703490\n|switch|p2a: Infernape|Infernape, F|72\/100\n|detailschange|p1a: Absol|Absol-Mega, M\n|-mega|p1a: Absol|Absol|Absolite\n|move|p1a: Absol|Swords Dance|p1a: Absol\n|-boost|p1a: Absol|atk|2\n|\n|upkeep\n|turn|18\n|\n|t:|1639703497\n|move|p1a: Absol|Sucker Punch|p2a: Infernape\n|-resisted|p2a: Infernape\n|-damage|p2a: Infernape|6\/100\n|move|p2a: Infernape|Close Combat|p1a: Absol\n|-supereffective|p1a: Absol\n|-damage|p1a: Absol|0 fnt\n|-unboost|p2a: Infernape|def|1\n|-unboost|p2a: Infernape|spd|1\n|faint|p1a: Absol\n|\n|upkeep\n|\n|t:|1639703505\n|switch|p1a: Tangrowth|Tangrowth, M|100\/100\n|turn|19\n|\n|t:|1639703514\n|switch|p2a: Bisharp|Bisharp, F|100\/100\n|move|p1a: Tangrowth|Leech Seed|p2a: Bisharp\n|-start|p2a: Bisharp|move: Leech Seed\n|\n|-damage|p2a: Bisharp|88\/100|[from] Leech Seed|[of] p1a: Tangrowth\n|upkeep\n|turn|20\n|\n|t:|1639703518\n|move|p2a: Bisharp|Knock Off|p1a: Tangrowth\n|-damage|p1a: Tangrowth|64\/100\n|-damage|p2a: Bisharp|72\/100|[from] item: Rocky Helmet|[of] p1a: Tangrowth\n|-enditem|p1a: Tangrowth|Rocky Helmet|[from] move: Knock Off|[of] p2a: Bisharp\n|-damage|p2a: Bisharp|62\/100|[from] item: Life Orb\n|move|p1a: Tangrowth|Sleep Powder|p2a: Bisharp|[miss]\n|-miss|p1a: Tangrowth|p2a: Bisharp\n|\n|-damage|p2a: Bisharp|50\/100|[from] Leech Seed|[of] p1a: Tangrowth\n|-heal|p1a: Tangrowth|73\/100|[silent]\n|upkeep\n|turn|21\n|\n|t:|1639703522\n|move|p2a: Bisharp|Iron Head|p1a: Tangrowth\n|-damage|p1a: Tangrowth|43\/100\n|-damage|p2a: Bisharp|40\/100|[from] item: Life Orb\n|cant|p1a: Tangrowth|flinch\n|\n|-damage|p2a: Bisharp|27\/100|[from] Leech Seed|[of] p1a: Tangrowth\n|-heal|p1a: Tangrowth|51\/100|[silent]\n|upkeep\n|turn|22\n|\n|t:|1639703526\n|switch|p2a: Infernape|Infernape, F|6\/100\n|move|p1a: Tangrowth|Sleep Powder|p2a: Infernape\n|-status|p2a: Infernape|slp|[from] move: Sleep Powder\n|\n|upkeep\n|turn|23\n|\n|t:|1639703531\n|switch|p2a: Altaria|Altaria-Mega, F|60\/100\n|switch|p1a: Jirachi|Jirachi|100\/100\n|\n|upkeep\n|turn|24\n|\n|t:|1639703535\n|move|p1a: Jirachi|Substitute|p1a: Jirachi\n|-start|p1a: Jirachi|Substitute\n|-damage|p1a: Jirachi|76\/100\n|move|p2a: Altaria|Fire Blast|p1a: Jirachi\n|-supereffective|p1a: Jirachi\n|-end|p1a: Jirachi|Substitute\n|\n|-heal|p1a: Jirachi|82\/100|[from] item: Leftovers\n|upkeep\n|turn|25\n|\n|t:|1639703539\n|switch|p2a: Landorus|Landorus-Therian, M|90\/100\n|-ability|p2a: Landorus|Intimidate|boost\n|-unboost|p1a: Jirachi|atk|1\n|move|p1a: Jirachi|Iron Head|p2a: Landorus\n|-damage|p2a: Landorus|62\/100\n|\n|-heal|p1a: Jirachi|88\/100|[from] item: Leftovers\n|upkeep\n|turn|26\n|\n|t:|1639703542\n|switch|p1a: Tangrowth|Tangrowth, M|85\/100\n|move|p2a: Landorus|U-turn|p1a: Tangrowth\n|-supereffective|p1a: Tangrowth\n|-damage|p1a: Tangrowth|58\/100\n|\n|t:|1639703548\n|switch|p2a: Meloetta|Meloetta|100\/100|[from]move: U-turn\n|\n|upkeep\n|turn|27\n|\n|t:|1639703550\n|-zpower|p2a: Meloetta\n|move|p2a: Meloetta|Z-Celebrate|p2a: Meloetta|[anim]Celebrate\n|-boost|p2a: Meloetta|atk|1|[zeffect]\n|-boost|p2a: Meloetta|def|1|[zeffect]\n|-boost|p2a: Meloetta|spa|1|[zeffect]\n|-boost|p2a: Meloetta|spd|1|[zeffect]\n|-boost|p2a: Meloetta|spe|1|[zeffect]\n|-activate|p2a: Meloetta|move: Celebrate\n|move|p1a: Tangrowth|Leech Seed|p2a: Meloetta\n|-start|p2a: Meloetta|move: Leech Seed\n|\n|-damage|p2a: Meloetta|88\/100|[from] Leech Seed|[of] p1a: Tangrowth\n|-heal|p1a: Tangrowth|68\/100|[silent]\n|upkeep\n|turn|28\n|\n|t:|1639703559\n|move|p2a: Meloetta|Psychic|p1a: Tangrowth\n|-crit|p1a: Tangrowth\n|-damage|p1a: Tangrowth|0 fnt\n|faint|p1a: Tangrowth\n|\n|upkeep\n|\n|t:|1639703562\n|switch|p1a: Jirachi|Jirachi|88\/100\n|turn|29\n|\n|t:|1639703566\n|move|p2a: Meloetta|Focus Blast|p1a: Jirachi|[miss]\n|-miss|p2a: Meloetta|p1a: Jirachi\n|move|p1a: Jirachi|Wish|p1a: Jirachi\n|\n|-heal|p1a: Jirachi|94\/100|[from] item: Leftovers\n|-damage|p2a: Meloetta|76\/100|[from] Leech Seed|[of] p1a: Jirachi\n|-heal|p1a: Jirachi|100\/100|[silent]\n|upkeep\n|turn|30\n|\n|t:|1639703568\n|move|p2a: Meloetta|Focus Blast|p1a: Jirachi\n|-damage|p1a: Jirachi|39\/100\n|move|p1a: Jirachi|Substitute|p1a: Jirachi\n|-start|p1a: Jirachi|Substitute\n|-damage|p1a: Jirachi|14\/100\n|\n|-heal|p1a: Jirachi|64\/100|[from] move: Wish|[wisher] Jirachi\n|-heal|p1a: Jirachi|70\/100|[from] item: Leftovers\n|-damage|p2a: Meloetta|64\/100|[from] Leech Seed|[of] p1a: Jirachi\n|-heal|p1a: Jirachi|83\/100|[silent]\n|upkeep\n|turn|31\n|\n|t:|1639703574\n|switch|p2a: Landorus|Landorus-Therian, M|62\/100\n|-ability|p2a: Landorus|Intimidate|boost\n|-immune|p1a: Jirachi\n|move|p1a: Jirachi|Wish|p1a: Jirachi\n|\n|-heal|p1a: Jirachi|89\/100|[from] item: Leftovers\n|upkeep\n|turn|32\n|\n|t:|1639703576\n|move|p2a: Landorus|Earthquake|p1a: Jirachi\n|-supereffective|p1a: Jirachi\n|-end|p1a: Jirachi|Substitute\n|move|p1a: Jirachi|Ancient Power|p2a: Landorus\n|-damage|p2a: Landorus|46\/100\n|\n|-heal|p1a: Jirachi|100\/100|[from] move: Wish|[wisher] Jirachi\n|upkeep\n|turn|33\n|\n|t:|1639703583\n|move|p2a: Landorus|Earthquake|p1a: Jirachi\n|-supereffective|p1a: Jirachi\n|-crit|p1a: Jirachi\n|-damage|p1a: Jirachi|0 fnt\n|faint|p1a: Jirachi\n|\n|win|Kikoobuster\n|raw|beluganinja's rating: 1540 &rarr; <strong>1519<\/strong><br \/>(-21 for losing)\n|raw|Kikoobuster's rating: 1516 &rarr; <strong>1537<\/strong><br \/>(+21 for winning)\n|j| casdt\n|l|\u203dbeluganinja\n|c|\u2606Kikoobuster|gg\n","uploadtime":1639703602,"views":13,"p1id":"beluganinja","p2id":"kikoobuster","formatid":"gen8nationaldex","rating":1519,"private":0,"password":null}