{"id":"gen8bdspou-1459427327","p1":"damorush","p2":"Amino_Trap_Pkmn","format":"gen8bdspou","log":"|j|\u2606damorush\n|j|\u2606Amino_Trap_Pkmn\n|t:|1637662905\n|gametype|singles\n|player|p1|damorush|266|1033\n|player|p2|Amino_Trap_Pkmn|waiter-gen4|1022\n|teamsize|p1|6\n|teamsize|p2|6\n|gen|8\n|tier|[Gen 8 BDSP] OU\n|rated|\n|rule|Sleep Clause Mod: Limit one foe put to sleep\n|rule|Species Clause: Limit one of each Pok\u00e9mon\n|rule|OHKO Clause: OHKO moves are banned\n|rule|Evasion Moves Clause: Evasion moves are banned\n|rule|Endless Battle Clause: Forcing endless battles is banned\n|rule|HP Percentage Mod: HP is shown in percentages\n|clearpoke\n|poke|p1|Shuckle, F|\n|poke|p1|Azumarill, M|\n|poke|p1|Infernape, M|\n|poke|p1|Gengar, M|\n|poke|p1|Staraptor, F|\n|poke|p1|Starmie|\n|poke|p2|Pachirisu, F|\n|poke|p2|Azelf|\n|poke|p2|Crawdaunt, F|\n|poke|p2|Claydol|\n|poke|p2|Heracross, F|\n|poke|p2|Yanmega, M|\n|teampreview\n|\n|t:|1637662912\n|start\n|switch|p1a: Starmie|Starmie|100\/100\n|switch|p2a: Azelf|Azelf|100\/100\n|turn|1\n|\n|t:|1637662922\n|move|p1a: Starmie|Scald|p2a: Azelf\n|-damage|p2a: Azelf|54\/100\n|move|p2a: Azelf|Thunder Wave|p1a: Starmie\n|-status|p1a: Starmie|par\n|\n|upkeep\n|turn|2\n|\n|t:|1637662930\n|move|p2a: Azelf|Stealth Rock|p1a: Starmie\n|-sidestart|p1: damorush|move: Stealth Rock\n|move|p1a: Starmie|Scald|p2a: Azelf\n|-damage|p2a: Azelf|12\/100\n|\n|upkeep\n|turn|3\n|\n|t:|1637662937\n|move|p2a: Azelf|Explosion|p1a: Starmie\n|-damage|p1a: Starmie|6\/100 par\n|faint|p2a: Azelf\n|move|p1a: Starmie|Rapid Spin|p2: Azelf|[notarget]\n|-fail|p1a: Starmie\n|\n|-heal|p1a: Starmie|12\/100 par|[from] item: Leftovers\n|upkeep\n|\n|t:|1637662958\n|switch|p2a: Pachirisu|Pachirisu, F, shiny|100\/100\n|turn|4\n|\n|t:|1637662963\n|move|p2a: Pachirisu|U-turn|p1a: Starmie\n|-supereffective|p1a: Starmie\n|-damage|p1a: Starmie|0 fnt\n|faint|p1a: Starmie\n|\n|t:|1637662975\n|switch|p2a: Yanmega|Yanmega, M|100\/100|[from]move: U-turn\n|\n|upkeep\n|\n|t:|1637662981\n|switch|p1a: Shuckle|Shuckle, F|100\/100\n|-damage|p1a: Shuckle|76\/100|[from] Stealth Rock\n|turn|5\n|\n|t:|1637662990\n|move|p2a: Yanmega|Air Slash|p1a: Shuckle\n|-damage|p1a: Shuckle|38\/100\n|move|p1a: Shuckle|Stealth Rock|p2a: Yanmega\n|-sidestart|p2: Amino_Trap_Pkmn|move: Stealth Rock\n|\n|upkeep\n|turn|6\n|\n|t:|1637662996\n|move|p2a: Yanmega|Air Slash|p1a: Shuckle\n|-damage|p1a: Shuckle|0 fnt\n|faint|p1a: Shuckle\n|\n|upkeep\n|\n|t:|1637663002\n|switch|p1a: Staraptor|Staraptor, F|100\/100\n|-damage|p1a: Staraptor|76\/100|[from] Stealth Rock\n|turn|7\n|\n|t:|1637663014\n|move|p1a: Staraptor|Double-Edge|p2a: Yanmega\n|-damage|p2a: Yanmega|0 fnt\n|faint|p2a: Yanmega\n|-damage|p1a: Staraptor|43\/100|[from] Recoil\n|\n|upkeep\n|\n|t:|1637663018\n|switch|p2a: Claydol|Claydol|100\/100\n|-damage|p2a: Claydol|94\/100|[from] Stealth Rock\n|turn|8\n|\n|t:|1637663024\n|move|p1a: Staraptor|Double-Edge|p2a: Claydol\n|-damage|p2a: Claydol|17\/100\n|-damage|p1a: Staraptor|16\/100|[from] Recoil\n|move|p2a: Claydol|Rapid Spin|p1a: Staraptor\n|-damage|p1a: Staraptor|5\/100\n|-boost|p2a: Claydol|spe|1\n|-sideend|p2: Amino_Trap_Pkmn|Stealth Rock|[from] move: Rapid Spin|[of] p2a: Claydol\n|\n|-heal|p2a: Claydol|23\/100|[from] item: Leftovers\n|upkeep\n|turn|9\n|\n|t:|1637663034\n|move|p1a: Staraptor|Double-Edge|p2a: Claydol\n|-damage|p2a: Claydol|0 fnt\n|faint|p2a: Claydol\n|-damage|p1a: Staraptor|0 fnt|[from] Recoil\n|faint|p1a: Staraptor\n|\n|upkeep\n|\n|t:|1637663047\n|switch|p1a: Infernape|Infernape, M|100\/100\n|switch|p2a: Pachirisu|Pachirisu, F, shiny|100\/100\n|-damage|p1a: Infernape|88\/100|[from] Stealth Rock\n|turn|10\n|\n|t:|1637663054\n|move|p1a: Infernape|Close Combat|p2a: Pachirisu\n|-damage|p2a: Pachirisu|15\/100\n|-unboost|p1a: Infernape|def|1\n|-unboost|p1a: Infernape|spd|1\n|-damage|p1a: Infernape|78\/100|[from] item: Life Orb\n|move|p2a: Pachirisu|Nuzzle|p1a: Infernape\n|-damage|p1a: Infernape|70\/100\n|-status|p1a: Infernape|par\n|\n|-heal|p2a: Pachirisu|21\/100|[from] item: Leftovers\n|upkeep\n|turn|11\n|\n|t:|1637663066\n|move|p1a: Infernape|Mach Punch|p2a: Pachirisu\n|-damage|p2a: Pachirisu|0 fnt\n|faint|p2a: Pachirisu\n|-damage|p1a: Infernape|60\/100 par|[from] item: Life Orb\n|\n|upkeep\n|\n|t:|1637663079\n|switch|p2a: Crawdaunt|Crawdaunt, F|100\/100\n|turn|12\n|\n|t:|1637663083\n|move|p2a: Crawdaunt|Aqua Jet|p1a: Infernape\n|-supereffective|p1a: Infernape\n|-damage|p1a: Infernape|0 fnt\n|faint|p1a: Infernape\n|\n|upkeep\n|\n|t:|1637663088\n|switch|p1a: Azumarill|Azumarill, M|100\/100\n|-damage|p1a: Azumarill|88\/100|[from] Stealth Rock\n|turn|13\n|\n|t:|1637663093\n|move|p2a: Crawdaunt|Knock Off|p1a: Azumarill\n|-resisted|p1a: Azumarill\n|-damage|p1a: Azumarill|44\/100\n|-enditem|p1a: Azumarill|Choice Band|[from] move: Knock Off|[of] p2a: Crawdaunt\n|move|p1a: Azumarill|Play Rough|p2a: Crawdaunt\n|-supereffective|p2a: Crawdaunt\n|-enditem|p2a: Crawdaunt|Focus Sash\n|-damage|p2a: Crawdaunt|1\/100\n|\n|upkeep\n|turn|14\n|\n|t:|1637663102\n|move|p2a: Crawdaunt|Aqua Jet|p1a: Azumarill\n|-resisted|p1a: Azumarill\n|-damage|p1a: Azumarill|26\/100\n|move|p1a: Azumarill|Aqua Jet|p2a: Crawdaunt\n|-resisted|p2a: Crawdaunt\n|-damage|p2a: Crawdaunt|0 fnt\n|faint|p2a: Crawdaunt\n|\n|upkeep\n|\n|t:|1637663107\n|switch|p2a: Heracross|Heracross, F|100\/100\n|turn|15\n|\n|t:|1637663113\n|move|p1a: Azumarill|Aqua Jet|p2a: Heracross\n|-damage|p2a: Heracross|66\/100\n|move|p2a: Heracross|Earthquake|p1a: Azumarill\n|-damage|p1a: Azumarill|0 fnt\n|faint|p1a: Azumarill\n|\n|upkeep\n|\n|t:|1637663120\n|switch|p1a: Gengar|Gengar, M|100\/100\n|-damage|p1a: Gengar|88\/100|[from] Stealth Rock\n|turn|16\n|\n|t:|1637663125\n|move|p2a: Heracross|Earthquake|p1a: Gengar\n|-supereffective|p1a: Gengar\n|-damage|p1a: Gengar|0 fnt\n|-start|p2a: Heracross|Disable|Earthquake|[from] ability: Cursed Body|[of] p1a: Gengar\n|faint|p1a: Gengar\n|\n|win|Amino_Trap_Pkmn\n|raw|damorush's rating: 1033 &rarr; <strong>1018<\/strong><br \/>(-15 for losing)\n|raw|Amino_Trap_Pkmn's rating: 1022 &rarr; <strong>1060<\/strong><br \/>(+38 for winning)\n|c|\u2606Amino_Trap_Pkmn|gg\n|l|\u2606damorush\n","uploadtime":1637663138,"views":17,"p1id":"damorush","p2id":"aminotrappkmn","formatid":"gen8bdspou","rating":1018,"private":0,"password":null}