{"id":"gen8uu-1114699044","p1":"Eternaaa","p2":"Redemption","format":"gen8uu","log":"|j|\u2606Eternaaa\n|j|\u2606Redemption\n|inactive|Battle timer is ON: inactive players will automatically lose when time's up.\n|player|p1|Eternaaa|roxanne|\n|player|p2|Redemption|flint|\n|teamsize|p1|6\n|teamsize|p2|6\n|gametype|singles\n|gen|8\n|tier|[Gen 8] UU\n|rated|Tournament battle\n|clearpoke\n|poke|p1|Dugtrio-Alola, M|\n|poke|p1|Espeon, F|\n|poke|p1|Barbaracle, M|\n|poke|p1|Haxorus, M|\n|poke|p1|Linoone, M|\n|poke|p1|Toxtricity, F|\n|poke|p2|Cobalion|\n|poke|p2|Slurpuff, F|\n|poke|p2|Chandelure, F|\n|poke|p2|Noivern, F|\n|poke|p2|Barbaracle, M|\n|poke|p2|Tsareena, F|\n|rule|Sleep Clause Mod: Limit one foe put to sleep\n|rule|Species Clause: Limit one of each Pok\u00e9mon\n|rule|OHKO Clause: OHKO moves are banned\n|rule|Evasion Moves Clause: Evasion moves are banned\n|rule|Endless Battle Clause: Forcing endless battles is banned\n|rule|HP Percentage Mod: HP is shown in percentages\n|rule|Dynamax Clause: You cannot dynamax\n|teampreview\n|j| Cousiin \u2665\u2665\n|c|\u2606Eternaaa|bonne chance\n|j| Starfire06\n|j| Grimbert\n|\n|start\n|switch|p1a: Dugtrio|Dugtrio-Alola, M|100\/100\n|switch|p2a: Gourdigole|Noivern, F|100\/100\n|turn|1\n|l| Starfire06\n|j| I'm hate hats\n|\n|move|p2a: Gourdigole|Flamethrower|p1a: Dugtrio\n|-supereffective|p1a: Dugtrio\n|-enditem|p1a: Dugtrio|Focus Sash\n|-damage|p1a: Dugtrio|1\/100\n|move|p1a: Dugtrio|Stealth Rock|p2a: Gourdigole\n|-sidestart|p2: Redemption|move: Stealth Rock\n|\n|upkeep\n|turn|2\n|j| Tangent\u00b2Phi\u00b3 \u00bf?\n|j| liiw\n|j| Chocobrioche\n|j| Hydriod\n|\n|switch|p2a: Roustiblox|Cobalion|100\/100\n|-damage|p2a: Roustiblox|97\/100|[from] Stealth Rock\n|move|p1a: Dugtrio|Stealth Rock||[still]\n|-fail|p1a: Dugtrio\n|\n|upkeep\n|turn|3\n|j| Ayouko\n|j| Tim#lol\n|j| Reegychodon_64\n|\n|switch|p1a: Espeon|Espeon, F|100\/100\n|move|p2a: Roustiblox|Stealth Rock|p1a: Espeon\n|move|p1a: Espeon|Stealth Rock||[from]Magic Bounce|[still]\n|-fail|p1a: Espeon\n|\n|upkeep\n|turn|4\n|c| Tim#lol|yo\n|\n|move|p1a: Espeon|Reflect|p1a: Espeon\n|-sidestart|p1: Eternaaa|Reflect\n|move|p2a: Roustiblox|Close Combat|p1a: Espeon\n|-resisted|p1a: Espeon\n|-damage|p1a: Espeon|81\/100\n|-unboost|p2a: Roustiblox|def|1\n|-unboost|p2a: Roustiblox|spd|1\n|\n|upkeep\n|turn|5\n|l| Hydriod\n|j| Alternatif\n|\n|switch|p2a: Bloupistouf|Tsareena, F|100\/100\n|-damage|p2a: Bloupistouf|88\/100|[from] Stealth Rock\n|move|p1a: Espeon|Psychic|p2a: Bloupistouf\n|-damage|p2a: Bloupistouf|44\/100\n|\n|upkeep\n|turn|6\n|n| Joijoos|imhatehats\n|\n|move|p1a: Espeon|Psychic|p2a: Bloupistouf\n|-damage|p2a: Bloupistouf|0 fnt\n|faint|p2a: Bloupistouf\n|\n|upkeep\n|\n|switch|p2a: Chtibulix|Chandelure, F|100\/100\n|-damage|p2a: Chtibulix|76\/100|[from] Stealth Rock\n|turn|7\n|j|+iMeridian\n|\n|switch|p1a: Dugtrio|Dugtrio-Alola, M|1\/100\n|move|p2a: Chtibulix|Trick|p1a: Dugtrio\n|-activate|p2a: Chtibulix|move: Trick|[of] p1a: Dugtrio\n|-item|p1a: Dugtrio|Choice Scarf|[from] move: Trick\n|-enditem|p2a: Chtibulix|Choice Scarf|[silent]|[from] move: Trick\n|\n|upkeep\n|turn|8\n|\n|move|p1a: Dugtrio|Memento|p2a: Chtibulix\n|-unboost|p2a: Chtibulix|atk|2\n|-unboost|p2a: Chtibulix|spa|2\n|faint|p1a: Dugtrio\n|move|p2a: Chtibulix|Energy Ball|p1: Dugtrio|[notarget]\n|-fail|p2a: Chtibulix\n|\n|upkeep\n|n| I'm hate hats|joijoos\n|\n|switch|p1a: Haxorus|Haxorus, M|100\/100\n|-ability|p1a: Haxorus|Mold Breaker\n|turn|9\n|\n|move|p1a: Haxorus|Dragon Dance|p1a: Haxorus\n|-boost|p1a: Haxorus|atk|1\n|-boost|p1a: Haxorus|spe|1\n|move|p2a: Chtibulix|Trick|p1a: Haxorus\n|-activate|p2a: Chtibulix|move: Trick|[of] p1a: Haxorus\n|-enditem|p1a: Haxorus|Life Orb|[silent]|[from] move: Trick\n|-item|p2a: Chtibulix|Life Orb|[from] move: Trick\n|\n|upkeep\n|turn|10\n|\n|switch|p2a: Roustiblox|Cobalion|97\/100\n|-damage|p2a: Roustiblox|94\/100|[from] Stealth Rock\n|move|p1a: Haxorus|Dragon Dance|p1a: Haxorus\n|-boost|p1a: Haxorus|atk|1\n|-boost|p1a: Haxorus|spe|1\n|\n|upkeep\n|turn|11\n|\n|move|p1a: Haxorus|Earthquake|p2a: Roustiblox\n|-supereffective|p2a: Roustiblox\n|-damage|p2a: Roustiblox|0 fnt\n|faint|p2a: Roustiblox\n|\n|-sideend|p1: Eternaaa|Reflect\n|upkeep\n|\n|switch|p2a: Frontibouarf|Slurpuff, F|100\/100\n|-damage|p2a: Frontibouarf|88\/100|[from] Stealth Rock\n|turn|12\n|\n|move|p1a: Haxorus|Poison Jab|p2a: Frontibouarf\n|-supereffective|p2a: Frontibouarf\n|-damage|p2a: Frontibouarf|0 fnt\n|faint|p2a: Frontibouarf\n|\n|upkeep\n|-message|Redemption forfeited.\n|\n|win|Eternaaa\n|l| Cousiin \u2665\u2665\n|l| iMeridian\n|l| I'm hate hats\n|l| Tim#lol\n|l| Alternatif\n|l| Chocobrioche\n|l|\u2606Redemption\n|l| liiw\n|l| Reegychodon_64\n|j| Quartos\n|j| Fabulousious\n|j| fabs91\n|j| basaninho\n|j| Alternatif\n|j| StardustSpeedwayCD\n|l| StardustSpeedwayCD\n|j| StardustSpeedwayCD\n|l| basaninho\n|l| Quartos\n","uploadtime":1589486452,"views":163,"p1id":"eternaaa","p2id":"redemption","formatid":"gen8uu","rating":0,"private":0,"password":null}