{"id":"gen8ou-1475835087","p1":"Bug Catcher nohope","p2":"Diameter\u272fXtreme","format":"gen8ou","log":"|j|\u2606Bug Catcher nohope\n|j|\u2606Diameter\u272fXtreme\n|t:|1639853917\n|gametype|singles\n|player|p1|Bug Catcher nohope|bugcatcher-gen1|1529\n|player|p2|Diameter\u272fXtreme|jasmine-gen2|1559\n|teamsize|p1|6\n|teamsize|p2|6\n|gen|8\n|tier|[Gen 8] OU\n|rated|\n|rule|Sleep Clause Mod: Limit one foe put to sleep\n|rule|Species Clause: Limit one of each Pok\u00e9mon\n|rule|OHKO Clause: OHKO moves are banned\n|rule|Evasion Moves Clause: Evasion moves are banned\n|rule|Endless Battle Clause: Forcing endless battles is banned\n|rule|HP Percentage Mod: HP is shown in percentages\n|rule|Dynamax Clause: You cannot dynamax\n|clearpoke\n|poke|p1|Pelipper, M|\n|poke|p1|Seismitoad, F|\n|poke|p1|Crawdaunt, F|\n|poke|p1|Blissey, F|\n|poke|p1|Amoonguss, M|\n|poke|p1|Kartana|\n|poke|p2|Blacephalon|\n|poke|p2|Tapu Fini|\n|poke|p2|Corviknight, M|\n|poke|p2|Zapdos|\n|poke|p2|Tyranitar, F|\n|poke|p2|Garchomp, F|\n|teampreview\n|\n|t:|1639853925\n|start\n|switch|p1a: Kartana|Kartana|100\/100\n|switch|p2a: Blacephalon|Blacephalon|100\/100\n|turn|1\n|\n|t:|1639853932\n|switch|p2a: Zapdos|Zapdos|100\/100\n|switch|p1a: Blissey|Blissey, F|100\/100\n|\n|upkeep\n|turn|2\n|\n|t:|1639853935\n|move|p2a: Zapdos|Volt Switch|p1a: Blissey\n|-damage|p1a: Blissey|91\/100\n|\n|t:|1639853937\n|switch|p2a: Corviknight|Corviknight, M|100\/100|[from]move: Volt Switch\n|-ability|p2a: Corviknight|Pressure\n|move|p1a: Blissey|Teleport|p1a: Blissey\n|\n|t:|1639853940\n|switch|p1a: Pelipper|Pelipper, M|100\/100|[from]move: Teleport\n|-weather|RainDance|[from] ability: Drizzle|[of] p1a: Pelipper\n|\n|-weather|RainDance|[upkeep]\n|upkeep\n|turn|3\n|\n|t:|1639853944\n|move|p2a: Corviknight|Substitute|p2a: Corviknight\n|-start|p2a: Corviknight|Substitute\n|-damage|p2a: Corviknight|75\/100\n|move|p1a: Pelipper|U-turn|p2a: Corviknight\n|-resisted|p2a: Corviknight\n|-activate|p2a: Corviknight|move: Substitute|[damage]\n|\n|t:|1639853965\n|switch|p1a: Crawdaunt|Crawdaunt, F|100\/100|[from]move: U-turn\n|\n|-weather|RainDance|[upkeep]\n|-heal|p2a: Corviknight|82\/100|[from] item: Leftovers\n|upkeep\n|turn|4\n|\n|t:|1639853974\n|move|p1a: Crawdaunt|Knock Off|p2a: Corviknight\n|-end|p2a: Corviknight|Substitute\n|move|p2a: Corviknight|Bulk Up|p2a: Corviknight\n|-boost|p2a: Corviknight|atk|1\n|-boost|p2a: Corviknight|def|1\n|\n|-weather|RainDance|[upkeep]\n|-heal|p2a: Corviknight|88\/100|[from] item: Leftovers\n|upkeep\n|turn|5\n|\n|t:|1639853979\n|move|p1a: Crawdaunt|Knock Off|p2a: Corviknight\n|-damage|p2a: Corviknight|33\/100\n|-enditem|p2a: Corviknight|Leftovers|[from] move: Knock Off|[of] p1a: Crawdaunt\n|move|p2a: Corviknight|Roost|p2a: Corviknight\n|-heal|p2a: Corviknight|83\/100\n|-singleturn|p2a: Corviknight|move: Roost\n|\n|-weather|RainDance|[upkeep]\n|upkeep\n|turn|6\n|\n|t:|1639853983\n|switch|p1a: Seismitoad|Seismitoad, F|100\/100\n|move|p2a: Corviknight|Bulk Up|p2a: Corviknight\n|-boost|p2a: Corviknight|atk|1\n|-boost|p2a: Corviknight|def|1\n|\n|-weather|RainDance|[upkeep]\n|upkeep\n|turn|7\n|\n|t:|1639853986\n|move|p1a: Seismitoad|Hydro Pump|p2a: Corviknight\n|-damage|p2a: Corviknight|11\/100\n|move|p2a: Corviknight|Brave Bird|p1a: Seismitoad\n|-damage|p1a: Seismitoad|10\/100\n|-damage|p2a: Corviknight|0 fnt|[from] Recoil\n|faint|p2a: Corviknight\n|\n|-weather|RainDance|[upkeep]\n|upkeep\n|\n|t:|1639853989\n|switch|p2a: Blacephalon|Blacephalon|100\/100\n|turn|8\n|\n|t:|1639853992\n|switch|p2a: Tapu Fini|Tapu Fini|100\/100\n|-fieldstart|move: Misty Terrain|[from] ability: Misty Surge|[of] p2a: Tapu Fini\n|move|p1a: Seismitoad|Hydro Pump|p2a: Tapu Fini\n|-resisted|p2a: Tapu Fini\n|-damage|p2a: Tapu Fini|63\/100\n|\n|-weather|RainDance|[upkeep]\n|-heal|p2a: Tapu Fini|69\/100|[from] item: Leftovers\n|upkeep\n|turn|9\n|\n|t:|1639853998\n|switch|p1a: Blissey|Blissey, F|91\/100\n|move|p2a: Tapu Fini|Moonblast|p1a: Blissey\n|-damage|p1a: Blissey|81\/100\n|-unboost|p1a: Blissey|spa|1\n|\n|-weather|none\n|-heal|p2a: Tapu Fini|75\/100|[from] item: Leftovers\n|upkeep\n|turn|10\n|\n|t:|1639854002\n|move|p2a: Tapu Fini|Taunt|p1a: Blissey\n|-start|p1a: Blissey|move: Taunt\n|cant|p1a: Blissey|move: Taunt|Teleport\n|\n|-heal|p2a: Tapu Fini|81\/100|[from] item: Leftovers\n|upkeep\n|turn|11\n|\n|t:|1639854005\n|switch|p1a: Pelipper|Pelipper, M|100\/100\n|-weather|RainDance|[from] ability: Drizzle|[of] p1a: Pelipper\n|move|p2a: Tapu Fini|Whirlpool|p1a: Pelipper\n|-resisted|p1a: Pelipper\n|-crit|p1a: Pelipper\n|-damage|p1a: Pelipper|81\/100\n|-activate|p1a: Pelipper|move: Whirlpool|[of] p2a: Tapu Fini\n|\n|-weather|RainDance|[upkeep]\n|-heal|p2a: Tapu Fini|87\/100|[from] item: Leftovers\n|-damage|p1a: Pelipper|69\/100|[from] move: Whirlpool|[partiallytrapped]\n|upkeep\n|turn|12\n|\n|t:|1639854007\n|move|p2a: Tapu Fini|Nature's Madness|p1a: Pelipper\n|-damage|p1a: Pelipper|35\/100\n|move|p1a: Pelipper|U-turn|p2a: Tapu Fini\n|-resisted|p2a: Tapu Fini\n|-damage|p2a: Tapu Fini|85\/100\n|\n|t:|1639854010\n|switch|p1a: Kartana|Kartana|100\/100|[from]move: U-turn\n|\n|-weather|RainDance|[upkeep]\n|-heal|p2a: Tapu Fini|91\/100|[from] item: Leftovers\n|-fieldend|Misty Terrain\n|upkeep\n|turn|13\n|\n|t:|1639854019\n|switch|p1a: Seismitoad|Seismitoad, F|10\/100\n|switch|p2a: Zapdos|Zapdos|100\/100\n|\n|-weather|RainDance|[upkeep]\n|upkeep\n|turn|14\n|\n|t:|1639854022\n|move|p1a: Seismitoad|Hydro Pump|p2a: Zapdos\n|-damage|p2a: Zapdos|0 fnt\n|faint|p2a: Zapdos\n|\n|-weather|RainDance|[upkeep]\n|upkeep\n|\n|t:|1639854027\n|switch|p2a: Blacephalon|Blacephalon|100\/100\n|turn|15\n|\n|t:|1639854029\n|move|p1a: Seismitoad|Hydro Pump|p2a: Blacephalon\n|-supereffective|p2a: Blacephalon\n|-damage|p2a: Blacephalon|0 fnt\n|faint|p2a: Blacephalon\n|\n|-weather|RainDance|[upkeep]\n|upkeep\n|-message|Diameter\u272fXtreme forfeited.\n|\n|win|Bug Catcher nohope\n|raw|Bug Catcher nohope's rating: 1529 &rarr; <strong>1551<\/strong><br \/>(+22 for winning)\n|raw|Diameter\u272fXtreme's rating: 1559 &rarr; <strong>1537<\/strong><br \/>(-22 for losing)\n|l|\u2606Diameter\u272fXtreme\n","uploadtime":1639854033,"views":19,"p1id":"bugcatchernohope","p2id":"diameterxtreme","formatid":"gen8ou","rating":1537,"private":0,"password":null}