{"id":"gen8ou-1682766214","p1":"Libski","p2":"andrewm0n","format":"gen8ou","log":"|j|\u2606Libski\n|j|\u2606andrewm0n\n|t:|1665455828\n|gametype|singles\n|player|p1|Libski|bede|1742\n|player|p2|andrewm0n|265|1739\n|teamsize|p1|6\n|teamsize|p2|6\n|gen|8\n|tier|[Gen 8] OU\n|rated|\n|rule|Sleep Clause Mod: Limit one foe put to sleep\n|rule|Species Clause: Limit one of each Pok\u00e9mon\n|rule|OHKO Clause: OHKO moves are banned\n|rule|Evasion Items Clause: Evasion items are banned\n|rule|Evasion Moves Clause: Evasion moves are banned\n|rule|Endless Battle Clause: Forcing endless battles is banned\n|rule|HP Percentage Mod: HP is shown in percentages\n|rule|Dynamax Clause: You cannot dynamax\n|clearpoke\n|poke|p1|Hatterene, F|\n|poke|p1|Volcanion|\n|poke|p1|Landorus-Therian, M|\n|poke|p1|Ferrothorn, M|\n|poke|p1|Toxapex, F|\n|poke|p1|Dragapult, F|\n|poke|p2|Blaziken, M|\n|poke|p2|Clefable, F|\n|poke|p2|Corviknight, M|\n|poke|p2|Seismitoad, M|\n|poke|p2|Slowbro-Galar, M|\n|poke|p2|Gengar, M|\n|teampreview\n|inactive|Battle timer is ON: inactive players will automatically lose when time's up. (requested by andrewm0n)\n|\n|t:|1665455866\n|start\n|switch|p1a: Literally OU|Landorus-Therian, M|100\/100\n|switch|p2a: Gengar|Gengar, M|100\/100\n|-ability|p1a: Literally OU|Intimidate|boost\n|-unboost|p2a: Gengar|atk|1\n|turn|1\n|\n|t:|1665455871\n|move|p2a: Gengar|Trick|p1a: Literally OU\n|-activate|p2a: Gengar|move: Trick|[of] p1a: Literally OU\n|-item|p1a: Literally OU|Choice Specs|[from] move: Trick\n|-item|p2a: Gengar|Leftovers|[from] move: Trick\n|move|p1a: Literally OU|Earthquake|p2a: Gengar\n|-supereffective|p2a: Gengar\n|-damage|p2a: Gengar|0 fnt\n|faint|p2a: Gengar\n|\n|upkeep\n|\n|t:|1665455877\n|switch|p2a: Corviknight|Corviknight, M|100\/100\n|turn|2\n|\n|t:|1665455883\n|switch|p1a: Ur mom|Toxapex, F|100\/100\n|move|p2a: Corviknight|U-turn|p1a: Ur mom\n|-resisted|p1a: Ur mom\n|-damage|p1a: Ur mom|97\/100\n|-damage|p2a: Corviknight|84\/100|[from] item: Rocky Helmet|[of] p1a: Ur mom\n|\n|t:|1665455887\n|switch|p2a: Seismitoad|Seismitoad, M|100\/100|[from]move: U-turn\n|\n|upkeep\n|turn|3\n|\n|t:|1665455890\n|switch|p1a: Femboy Libra|Hatterene, F|100\/100\n|move|p2a: Seismitoad|Stealth Rock|p1a: Femboy Libra\n|move|p1a: Femboy Libra|Stealth Rock|p2a: Seismitoad|[from]ability: Magic Bounce\n|-sidestart|p2: andrewm0n|move: Stealth Rock\n|\n|upkeep\n|turn|4\n|\n|t:|1665455892\n|move|p2a: Seismitoad|Knock Off|p1a: Femboy Libra\n|-crit|p1a: Femboy Libra\n|-damage|p1a: Femboy Libra|70\/100\n|-enditem|p1a: Femboy Libra|Leftovers|[from] move: Knock Off|[of] p2a: Seismitoad\n|move|p1a: Femboy Libra|Calm Mind|p1a: Femboy Libra\n|-boost|p1a: Femboy Libra|spa|1\n|-boost|p1a: Femboy Libra|spd|1\n|\n|upkeep\n|turn|5\n|\n|t:|1665455895\n|switch|p2a: Slowbro|Slowbro-Galar, M|100\/100\n|-damage|p2a: Slowbro|88\/100|[from] Stealth Rock\n|move|p1a: Femboy Libra|Draining Kiss|p2a: Slowbro\n|-resisted|p2a: Slowbro\n|-damage|p2a: Slowbro|77\/100\n|-heal|p1a: Femboy Libra|81\/100|[from] drain|[of] p2a: Slowbro\n|\n|upkeep\n|turn|6\n|\n|t:|1665455897\n|move|p1a: Femboy Libra|Psyshock|p2a: Slowbro\n|-damage|p2a: Slowbro|31\/100\n|move|p2a: Slowbro|Shell Side Arm|p1a: Femboy Libra|[anim] Shell Side Arm Physical\n|-supereffective|p1a: Femboy Libra\n|-damage|p1a: Femboy Libra|19\/100\n|-hint|Physical Shell Side Arm\n|\n|upkeep\n|turn|7\n|j| Ctannn\n|\n|t:|1665455900\n|switch|p2a: Corviknight|Corviknight, M|84\/100\n|-damage|p2a: Corviknight|71\/100|[from] Stealth Rock\n|move|p1a: Femboy Libra|Psyshock|p2a: Corviknight\n|-resisted|p2a: Corviknight\n|-damage|p2a: Corviknight|54\/100\n|\n|upkeep\n|turn|8\n|\n|t:|1665455902\n|move|p2a: Corviknight|Brave Bird|p1a: Femboy Libra\n|-crit|p1a: Femboy Libra\n|-damage|p1a: Femboy Libra|0 fnt\n|faint|p1a: Femboy Libra\n|-damage|p2a: Corviknight|49\/100|[from] Recoil\n|\n|upkeep\n|\n|t:|1665455904\n|switch|p1a: Ring of Death|Volcanion|100\/100\n|turn|9\n|\n|t:|1665455909\n|switch|p2a: Seismitoad|Seismitoad, M|100\/100\n|-damage|p2a: Seismitoad|94\/100|[from] Stealth Rock\n|move|p1a: Ring of Death|Earth Power|p2a: Seismitoad\n|-damage|p2a: Seismitoad|51\/100\n|-unboost|p2a: Seismitoad|spd|1\n|\n|-heal|p2a: Seismitoad|57\/100|[from] item: Leftovers\n|upkeep\n|turn|10\n|\n|t:|1665455914\n|switch|p1a: Sp\u00e6rm kanon|Dragapult, F|100\/100\n|switch|p2a: Corviknight|Corviknight, M|49\/100\n|-damage|p2a: Corviknight|36\/100|[from] Stealth Rock\n|\n|upkeep\n|turn|11\n|\n|t:|1665455927\n|move|p1a: Sp\u00e6rm kanon|Shadow Ball|p2a: Corviknight\n|-damage|p2a: Corviknight|0 fnt\n|faint|p2a: Corviknight\n|\n|upkeep\n|-message|andrewm0n forfeited.\n|\n|win|Libski\n|raw|Libski's rating: 1742 &rarr; <strong>1762<\/strong><br \/>(+20 for winning)\n|raw|andrewm0n's rating: 1739 &rarr; <strong>1719<\/strong><br \/>(-20 for losing)\n|l|\u2606andrewm0n\n|j| 10 million voices\n","uploadtime":1665455934,"views":19,"p1id":"libski","p2id":"andrewm0n","formatid":"gen8ou","rating":1719,"private":0,"password":null}