{"id":"gen8nationaldex-1547808833","p1":"fishy8995","p2":"Scorching Seas","format":"gen8nationaldex","log":"|html|<div class=\"broadcast-blue\"><strong>[Gen 8] National Dex is currently suspecting Mega Blaziken! For information on how to participate check out the <a href=\"https:\/\/www.smogon.com\/forums\/threads\/national-dex-suspect-test-15-harder-better-faster-stronger.3699700\/\">suspect thread<\/a>.<\/strong><\/div>\n|j|\u2606fishy8995\n|j|\u2606Scorching Seas\n|t:|1649299193\n|gametype|singles\n|player|p1|fishy8995|101|1791\n|player|p2|Scorching Seas|medium|1646\n|teamsize|p1|6\n|teamsize|p2|6\n|gen|8\n|tier|[Gen 8] National Dex\n|rated|\n|rule|HP Percentage Mod: HP is shown in percentages\n|rule|Endless Battle Clause: Forcing endless battles is banned\n|rule|OHKO Clause: OHKO moves are banned\n|rule|Evasion Moves Clause: Evasion moves are banned\n|rule|Species Clause: Limit one of each Pok\u00e9mon\n|rule|Dynamax Clause: You cannot dynamax\n|rule|Sleep Clause Mod: Limit one foe put to sleep\n|clearpoke\n|poke|p1|Hippowdon, F|\n|poke|p1|Tyranitar, M|\n|poke|p1|Excadrill, M|\n|poke|p1|Yanmega, F|\n|poke|p1|Toxapex, F|\n|poke|p1|Dracozolt|\n|poke|p2|Pinsir, M|\n|poke|p2|Magnezone|\n|poke|p2|Greninja, M|\n|poke|p2|Kartana|\n|poke|p2|Rillaboom, M|\n|poke|p2|Clefable, F|\n|teampreview\n|j| salmonelephant\n|\n|t:|1649299198\n|start\n|switch|p1a: Yanmega|Yanmega, F|100\/100\n|switch|p2a: Greninja|Greninja, M|100\/100\n|turn|1\n|\n|t:|1649299204\n|move|p1a: Yanmega|Detect|p1a: Yanmega\n|-singleturn|p1a: Yanmega|Protect\n|move|p2a: Greninja|Water Shuriken|p1a: Yanmega\n|-activate|p1a: Yanmega|move: Protect\n|\n|-ability|p1a: Yanmega|Speed Boost|boost\n|-boost|p1a: Yanmega|spe|1\n|upkeep\n|turn|2\n|\n|t:|1649299208\n|move|p2a: Greninja|Water Shuriken|p1a: Yanmega\n|-damage|p1a: Yanmega|84\/100\n|-damage|p1a: Yanmega|65\/100\n|-hitcount|p1a: Yanmega|2\n|move|p1a: Yanmega|Bug Buzz|p2a: Greninja\n|-supereffective|p2a: Greninja\n|-damage|p2a: Greninja|0 fnt\n|faint|p2a: Greninja\n|\n|-ability|p1a: Yanmega|Speed Boost|boost\n|-boost|p1a: Yanmega|spe|1\n|upkeep\n|\n|t:|1649299213\n|switch|p2a: \ufffd|Pinsir, M|100\/100\n|turn|3\n|j| ItsNMS is an idiot\n|j| bhybht\n|\n|t:|1649299275\n|switch|p1a: Hippowdon|Hippowdon, F|100\/100\n|-weather|Sandstorm|[from] ability: Sand Stream|[of] p1a: Hippowdon\n|detailschange|p2a: \ufffd|Pinsir-Mega, M\n|-mega|p2a: \ufffd|Pinsir|Pinsirite\n|move|p2a: \ufffd|Quick Attack|p1a: Hippowdon\n|-damage|p1a: Hippowdon|86\/100\n|\n|-weather|Sandstorm|[upkeep]\n|-damage|p2a: \ufffd|95\/100|[from] Sandstorm\n|upkeep\n|turn|4\n|\n|t:|1649299313\n|move|p2a: \ufffd|Swords Dance|p2a: \ufffd\n|-boost|p2a: \ufffd|atk|2\n|move|p1a: Hippowdon|Roar|p2a: \ufffd\n|drag|p2a: Rillaboom|Rillaboom, M|100\/100\n|-fieldstart|move: Grassy Terrain|[from] ability: Grassy Surge|[of] p2a: Rillaboom\n|\n|-weather|Sandstorm|[upkeep]\n|-damage|p2a: Rillaboom|94\/100|[from] Sandstorm\n|-heal|p2a: Rillaboom|100\/100|[from] Grassy Terrain\n|-heal|p1a: Hippowdon|92\/100|[from] Grassy Terrain\n|upkeep\n|turn|5\n|\n|t:|1649299322\n|switch|p1a: Yanmega|Yanmega, F|65\/100\n|move|p2a: Rillaboom|Swords Dance|p2a: Rillaboom\n|-boost|p2a: Rillaboom|atk|2\n|\n|-weather|Sandstorm|[upkeep]\n|-damage|p1a: Yanmega|59\/100|[from] Sandstorm\n|-damage|p2a: Rillaboom|94\/100|[from] Sandstorm\n|-heal|p2a: Rillaboom|100\/100|[from] Grassy Terrain\n|upkeep\n|turn|6\n|l| ItsNMS is an idiot\n|\n|t:|1649299332\n|move|p1a: Yanmega|Detect|p1a: Yanmega\n|-singleturn|p1a: Yanmega|Protect\n|move|p2a: Rillaboom|Swords Dance|p2a: Rillaboom\n|-boost|p2a: Rillaboom|atk|2\n|\n|-weather|Sandstorm|[upkeep]\n|-damage|p1a: Yanmega|53\/100|[from] Sandstorm\n|-damage|p2a: Rillaboom|94\/100|[from] Sandstorm\n|-heal|p2a: Rillaboom|100\/100|[from] Grassy Terrain\n|-ability|p1a: Yanmega|Speed Boost|boost\n|-boost|p1a: Yanmega|spe|1\n|upkeep\n|turn|7\n|\n|t:|1649299336\n|move|p2a: Rillaboom|Grassy Glide|p1a: Yanmega\n|-resisted|p1a: Yanmega\n|-damage|p1a: Yanmega|0 fnt\n|faint|p1a: Yanmega\n|-damage|p2a: Rillaboom|91\/100|[from] item: Life Orb\n|\n|-weather|Sandstorm|[upkeep]\n|-damage|p2a: Rillaboom|84\/100|[from] Sandstorm\n|-heal|p2a: Rillaboom|91\/100|[from] Grassy Terrain\n|upkeep\n|\n|t:|1649299342\n|switch|p1a: Dracozolt|Dracozolt|100\/100\n|turn|8\n|\n|t:|1649299349\n|move|p2a: Rillaboom|Grassy Glide|p1a: Dracozolt\n|-resisted|p1a: Dracozolt\n|-damage|p1a: Dracozolt|0 fnt\n|faint|p1a: Dracozolt\n|-damage|p2a: Rillaboom|81\/100|[from] item: Life Orb\n|\n|-weather|Sandstorm|[upkeep]\n|-damage|p2a: Rillaboom|74\/100|[from] Sandstorm\n|-heal|p2a: Rillaboom|81\/100|[from] Grassy Terrain\n|-fieldend|move: Grassy Terrain\n|upkeep\n|\n|t:|1649299353\n|switch|p1a: Excadrill|Excadrill, M|100\/100\n|turn|9\n|\n|t:|1649299357\n|switch|p2a: Clefable|Clefable, F|100\/100\n|-zpower|p1a: Excadrill\n|move|p1a: Excadrill|Corkscrew Crash|p2a: Clefable|[zeffect]\n|-supereffective|p2a: Clefable\n|-damage|p2a: Clefable|0 fnt\n|faint|p2a: Clefable\n|\n|-weather|Sandstorm|[upkeep]\n|upkeep\n|\n|t:|1649299361\n|switch|p2a: Rillaboom|Rillaboom, M|81\/100\n|-fieldstart|move: Grassy Terrain|[from] ability: Grassy Surge|[of] p2a: Rillaboom\n|turn|10\n|\n|t:|1649299364\n|move|p2a: Rillaboom|Grassy Glide|p1a: Excadrill\n|-damage|p1a: Excadrill|6\/100\n|-damage|p2a: Rillaboom|71\/100|[from] item: Life Orb\n|move|p1a: Excadrill|Iron Head|p2a: Rillaboom\n|-damage|p2a: Rillaboom|18\/100\n|\n|-weather|none\n|-heal|p1a: Excadrill|12\/100|[from] Grassy Terrain\n|-heal|p2a: Rillaboom|24\/100|[from] Grassy Terrain\n|upkeep\n|turn|11\n|\n|t:|1649299373\n|move|p2a: Rillaboom|Grassy Glide|p1a: Excadrill\n|-damage|p1a: Excadrill|0 fnt\n|faint|p1a: Excadrill\n|-damage|p2a: Rillaboom|14\/100|[from] item: Life Orb\n|\n|-heal|p2a: Rillaboom|20\/100|[from] Grassy Terrain\n|upkeep\n|\n|t:|1649299379\n|switch|p1a: Tyranitar|Tyranitar, M|100\/100\n|-weather|Sandstorm|[from] ability: Sand Stream|[of] p1a: Tyranitar\n|turn|12\n|\n|t:|1649299385\n|detailschange|p1a: Tyranitar|Tyranitar-Mega, M\n|-mega|p1a: Tyranitar|Tyranitar|Tyranitarite\n|move|p2a: Rillaboom|Swords Dance|p2a: Rillaboom\n|-boost|p2a: Rillaboom|atk|2\n|move|p1a: Tyranitar|Fire Punch|p2a: Rillaboom\n|-supereffective|p2a: Rillaboom\n|-damage|p2a: Rillaboom|0 fnt\n|faint|p2a: Rillaboom\n|\n|-weather|Sandstorm|[upkeep]\n|upkeep\n|\n|t:|1649299389\n|switch|p2a: Magnezone|Magnezone|100\/100\n|turn|13\n|\n|t:|1649299391\n|switch|p1a: Hippowdon|Hippowdon, F|92\/100\n|move|p2a: Magnezone|Steel Beam|p1a: Hippowdon\n|-damage|p1a: Hippowdon|5\/100\n|-damage|p2a: Magnezone|50\/100|[from] mindblown\n|\n|-weather|Sandstorm|[upkeep]\n|-heal|p2a: Magnezone|57\/100|[from] Grassy Terrain\n|-heal|p1a: Hippowdon|11\/100|[from] Grassy Terrain\n|upkeep\n|turn|14\n|\n|t:|1649299396\n|move|p2a: Magnezone|Thunderbolt|p1a: Hippowdon\n|-immune|p1a: Hippowdon\n|move|p1a: Hippowdon|Slack Off|p1a: Hippowdon\n|-heal|p1a: Hippowdon|61\/100\n|\n|-weather|Sandstorm|[upkeep]\n|-heal|p2a: Magnezone|63\/100|[from] Grassy Terrain\n|-heal|p1a: Hippowdon|68\/100|[from] Grassy Terrain\n|-fieldend|move: Grassy Terrain\n|upkeep\n|turn|15\n|\n|t:|1649299398\n|move|p2a: Magnezone|Steel Beam|p1a: Hippowdon\n|-damage|p1a: Hippowdon|0 fnt\n|-damage|p2a: Magnezone|13\/100|[from] mindblown\n|faint|p1a: Hippowdon\n|\n|-weather|Sandstorm|[upkeep]\n|upkeep\n|\n|t:|1649299400\n|switch|p1a: Tyranitar|Tyranitar-Mega, M|100\/100\n|turn|16\n|\n|t:|1649299403\n|move|p1a: Tyranitar|Dragon Dance|p1a: Tyranitar\n|-boost|p1a: Tyranitar|atk|1\n|-boost|p1a: Tyranitar|spe|1\n|move|p2a: Magnezone|Steel Beam|p1a: Tyranitar\n|-supereffective|p1a: Tyranitar\n|-damage|p1a: Tyranitar|16\/100\n|-damage|p2a: Magnezone|0 fnt|[from] mindblown\n|faint|p2a: Magnezone\n|\n|-weather|none\n|upkeep\n|\n|t:|1649299406\n|switch|p2a: Kartana|Kartana|100\/100\n|turn|17\n|\n|t:|1649299409\n|move|p2a: Kartana|Leaf Blade|p1a: Tyranitar\n|-supereffective|p1a: Tyranitar\n|-damage|p1a: Tyranitar|0 fnt\n|faint|p1a: Tyranitar\n|-ability|p2a: Kartana|Beast Boost|boost\n|-boost|p2a: Kartana|atk|1\n|\n|upkeep\n|\n|t:|1649299411\n|switch|p1a: Toxapex|Toxapex, F|100\/100\n|turn|18\n|\n|t:|1649299412\n|move|p2a: Kartana|Leaf Blade|p1a: Toxapex\n|-damage|p1a: Toxapex|31\/100\n|move|p1a: Toxapex|Recover|p1a: Toxapex\n|-heal|p1a: Toxapex|81\/100\n|\n|-heal|p1a: Toxapex|87\/100|[from] item: Black Sludge\n|upkeep\n|turn|19\n|\n|t:|1649299414\n|move|p2a: Kartana|Leaf Blade|p1a: Toxapex\n|-damage|p1a: Toxapex|12\/100\n|move|p1a: Toxapex|Recover|p1a: Toxapex\n|-heal|p1a: Toxapex|62\/100\n|\n|-heal|p1a: Toxapex|68\/100|[from] item: Black Sludge\n|upkeep\n|turn|20\n|\n|t:|1649299416\n|move|p2a: Kartana|Leaf Blade|p1a: Toxapex\n|-damage|p1a: Toxapex|0 fnt\n|faint|p1a: Toxapex\n|\n|win|Scorching Seas\n|raw|fishy8995's rating: 1761 &rarr; <strong>1735<\/strong><br \/>(-26 for losing)\n|raw|Scorching Seas's rating: 1646 &rarr; <strong>1672<\/strong><br \/>(+26 for winning)\n|l|\u2606fishy8995\n|c|\u2606Scorching Seas|gg wp\n||Ladder isn't responding, score probably updated but might not have (Request timeout).\n|l| bhybht\n","uploadtime":1649299499,"views":18,"p1id":"fishy8995","p2id":"scorchingseas","formatid":"gen8nationaldex","rating":1672,"private":0,"password":null}