{"id":"gen8ou-1666446015","p1":"Dallyranks","p2":"jeandonis02","format":"gen8ou","log":"|j|\u2606Dallyranks\n|j|\u2606jeandonis02\n|t:|1663410740\n|gametype|singles\n|player|p1|Dallyranks|ltsurge|1794\n|player|p2|jeandonis02|lucas|1845\n|teamsize|p1|6\n|teamsize|p2|6\n|gen|8\n|tier|[Gen 8] OU\n|rated|\n|rule|Sleep Clause Mod: Limit one foe put to sleep\n|rule|Species Clause: Limit one of each Pok\u00e9mon\n|rule|OHKO Clause: OHKO moves are banned\n|rule|Evasion Items Clause: Evasion items are banned\n|rule|Evasion Moves Clause: Evasion moves are banned\n|rule|Endless Battle Clause: Forcing endless battles is banned\n|rule|HP Percentage Mod: HP is shown in percentages\n|rule|Dynamax Clause: You cannot dynamax\n|clearpoke\n|poke|p1|Tornadus-Therian, M|\n|poke|p1|Umbreon, M|\n|poke|p1|Melmetal|\n|poke|p1|Marowak-Alola, M|\n|poke|p1|Swampert, M|\n|poke|p1|Slowbro, F|\n|poke|p2|Zeraora|\n|poke|p2|Toxapex, M|\n|poke|p2|Garchomp, M|\n|poke|p2|Rotom-Wash|\n|poke|p2|Ferrothorn, F|\n|poke|p2|Charizard, M|\n|teampreview\n|inactive|Battle timer is ON: inactive players will automatically lose when time's up. (requested by Dallyranks)\n|j| wdz999\n|inactive|jeandonis02 has 120 seconds left.\n|inactive|jeandonis02 has 90 seconds left.\n|j| wiiimicks\n|\n|t:|1663410837\n|start\n|switch|p1a: Swampert|Swampert, M|100\/100\n|switch|p2a: Garchomp|Garchomp, M|100\/100\n|turn|1\n|\n|t:|1663410846\n|move|p2a: Garchomp|Outrage|p1a: Swampert\n|-damage|p1a: Swampert|15\/100\n|move|p1a: Swampert|Toxic|p2a: Garchomp\n|-status|p2a: Garchomp|tox\n|\n|-heal|p1a: Swampert|21\/100|[from] item: Leftovers\n|-damage|p2a: Garchomp|94\/100 tox|[from] psn\n|upkeep\n|turn|2\n|\n|t:|1663410856\n|switch|p1a: One punch man|Melmetal|100\/100\n|move|p2a: Garchomp|Outrage|p1a: One punch man|[from]lockedmove\n|-resisted|p1a: One punch man\n|-damage|p1a: One punch man|74\/100\n|\n|-heal|p1a: One punch man|80\/100|[from] item: Leftovers\n|-damage|p2a: Garchomp|82\/100 tox|[from] psn\n|upkeep\n|turn|3\n|\n|t:|1663410875\n|move|p2a: Garchomp|Outrage|p1a: One punch man|[from]lockedmove\n|-resisted|p1a: One punch man\n|-damage|p1a: One punch man|57\/100\n|-start|p2a: Garchomp|confusion|[fatigue]\n|move|p1a: One punch man|Earthquake|p2a: Garchomp\n|-damage|p2a: Garchomp|47\/100 tox\n|\n|-heal|p1a: One punch man|63\/100|[from] item: Leftovers\n|-damage|p2a: Garchomp|29\/100 tox|[from] psn\n|upkeep\n|turn|4\n|\n|t:|1663410889\n|switch|p2a: Ferrothorn|Ferrothorn, F|100\/100\n|move|p1a: One punch man|Protect||[still]\n|-fail|p1a: One punch man\n|\n|-heal|p1a: One punch man|69\/100|[from] item: Leftovers\n|upkeep\n|turn|5\n|\n|t:|1663410899\n|switch|p1a: I\u2019m back!|Tornadus-Therian, M|100\/100\n|switch|p2a: Garchomp|Garchomp, M|29\/100 tox\n|\n|-damage|p2a: Garchomp|23\/100 tox|[from] psn\n|upkeep\n|turn|6\n|\n|t:|1663410909\n|move|p1a: I\u2019m back!|Hurricane|p2a: Garchomp\n|-damage|p2a: Garchomp|0 fnt\n|faint|p2a: Garchomp\n|\n|upkeep\n|\n|t:|1663410912\n|switch|p2a: Zeraora|Zeraora|100\/100\n|turn|7\n|\n|t:|1663410926\n|move|p2a: Zeraora|Knock Off|p1a: I\u2019m back!\n|-damage|p1a: I\u2019m back!|70\/100\n|-enditem|p1a: I\u2019m back!|Heavy-Duty Boots|[from] move: Knock Off|[of] p2a: Zeraora\n|move|p1a: I\u2019m back!|U-turn|p2a: Zeraora\n|-damage|p2a: Zeraora|80\/100\n|\n|t:|1663410932\n|switch|p1a: Swampert|Swampert, M|21\/100|[from]move: U-turn\n|\n|-heal|p1a: Swampert|27\/100|[from] item: Leftovers\n|upkeep\n|turn|8\n|\n|t:|1663410942\n|switch|p1a: I\u2019m back!|Tornadus-Therian, M|100\/100\n|move|p2a: Zeraora|Close Combat|p1a: I\u2019m back!\n|-resisted|p1a: I\u2019m back!\n|-damage|p1a: I\u2019m back!|82\/100\n|-unboost|p2a: Zeraora|def|1\n|-unboost|p2a: Zeraora|spd|1\n|\n|upkeep\n|turn|9\n|\n|t:|1663410951\n|switch|p1a: Swampert|Swampert, M|27\/100\n|move|p2a: Zeraora|Knock Off|p1a: Swampert\n|-damage|p1a: Swampert|0 fnt\n|-enditem|p1a: Swampert|Leftovers|[from] move: Knock Off|[of] p2a: Zeraora\n|faint|p1a: Swampert\n|\n|upkeep\n|\n|t:|1663410960\n|switch|p1a: Dark knight|Umbreon, M|100\/100\n|turn|10\n|\n|t:|1663410968\n|switch|p2a: Ferrothorn|Ferrothorn, F|100\/100\n|move|p1a: Dark knight|Wish|p1a: Dark knight\n|\n|upkeep\n|turn|11\n|\n|t:|1663410977\n|switch|p1a: Wtf Is biting Me!|Slowbro, F|100\/100\n|move|p2a: Ferrothorn|Stealth Rock|p1a: Wtf Is biting Me!\n|-sidestart|p1: Dallyranks|move: Stealth Rock\n|\n|upkeep\n|turn|12\n|j| i-TigEr4\n|\n|t:|1663410989\n|switch|p2a: Rotom|Rotom-Wash|100\/100\n|move|p1a: Wtf Is biting Me!|Teleport|p1a: Wtf Is biting Me!\n|\n|t:|1663410993\n|switch|p1a: I\u2019m back!|Tornadus-Therian, M|100\/100|[from]move: Teleport\n|-damage|p1a: I\u2019m back!|76\/100|[from] Stealth Rock\n|\n|upkeep\n|turn|13\n|\n|t:|1663410999\n|move|p1a: I\u2019m back!|Defog|p2a: Rotom\n|-unboost|p2a: Rotom|evasion|1\n|-sideend|p1: Dallyranks|Stealth Rock|[from] move: Defog|[of] p1a: I\u2019m back!\n|move|p2a: Rotom|Volt Switch|p1a: I\u2019m back!\n|-supereffective|p1a: I\u2019m back!\n|-damage|p1a: I\u2019m back!|26\/100\n|\n|t:|1663411001\n|switch|p2a: Zeraora|Zeraora|80\/100|[from]move: Volt Switch\n|\n|upkeep\n|turn|14\n|\n|t:|1663411010\n|switch|p1a: Switch or Die|Marowak-Alola, M|100\/100\n|move|p2a: Zeraora|Plasma Fists|p1a: Switch or Die\n|-damage|p1a: Switch or Die|45\/100\n|-fieldactivate|move: Ion Deluge\n|-hint|Normal-type moves become Electric-type after using Plasma Fists.\n|\n|upkeep\n|turn|15\n|-message|Dallyranks forfeited.\n|\n|win|jeandonis02\n|raw|Dallyranks's rating: 1794 &rarr; <strong>1777<\/strong><br \/>(-17 for losing)\n|raw|jeandonis02's rating: 1845 &rarr; <strong>1862<\/strong><br \/>(+17 for winning)\n|l|\u2606Dallyranks\n","uploadtime":1663411067,"views":24,"p1id":"dallyranks","p2id":"jeandonis02","formatid":"gen8ou","rating":1777,"private":0,"password":null}