{"id":"gen8lc-1466404858","p1":"Afrozriju","p2":"RipReckful","format":"gen8lc","log":"|j|\u2606Afrozriju\n|j|\u2606RipReckful\n|inactive|Battle timer is ON: inactive players will automatically lose when time's up.\n|t:|1638617417\n|gametype|singles\n|player|p1|Afrozriju|plumeria|\n|player|p2|RipReckful|clerk|\n|teamsize|p1|6\n|teamsize|p2|6\n|gen|8\n|tier|[Gen 8] LC\n|rated|Tournament battle\n|rule|Sleep Clause Mod: Limit one foe put to sleep\n|rule|Species Clause: Limit one of each Pok\u00e9mon\n|rule|OHKO Clause: OHKO moves are banned\n|rule|Evasion Moves Clause: Evasion moves are banned\n|rule|Endless Battle Clause: Forcing endless battles is banned\n|rule|HP Percentage Mod: HP is shown in percentages\n|rule|Dynamax Clause: You cannot dynamax\n|clearpoke\n|poke|p1|Mienfoo, L5, M|\n|poke|p1|Dwebble, L5, M|\n|poke|p1|Ponyta, L5, M|\n|poke|p1|Grookey, L5, M|\n|poke|p1|Abra, L5, F|\n|poke|p1|Diglett, L5, F|\n|poke|p2|Mienfoo, L5, F|\n|poke|p2|Koffing, L5, F|\n|poke|p2|Diglett, L5, F|\n|poke|p2|Abra, L5, M|\n|poke|p2|Staryu, L5|\n|poke|p2|Ferroseed, L5, M|\n|teampreview\n|inactive|RipReckful also wants the timer to be on.\n|inactive|Afrozriju also wants the timer to be on.\n|\n|t:|1638617426\n|start\n|switch|p1a: Diglett|Diglett, L5, F, shiny|100\/100\n|switch|p2a: Abra|Abra, L5, M|100\/100\n|turn|1\n|\n|t:|1638617440\n|move|p1a: Diglett|Earthquake|p2a: Abra\n|-damage|p2a: Abra|0 fnt\n|faint|p2a: Abra\n|\n|upkeep\n|\n|t:|1638617444\n|switch|p2a: Diglett|Diglett, L5, F|100\/100\n|-item|p2a: Diglett|Air Balloon\n|turn|2\n|\n|t:|1638617456\n|move|p1a: Diglett|Sucker Punch|p2a: Diglett\n|-damage|p2a: Diglett|45\/100\n|-enditem|p2a: Diglett|Air Balloon\n|move|p2a: Diglett|Earthquake|p1a: Diglett\n|-enditem|p1a: Diglett|Focus Sash\n|-damage|p1a: Diglett|6\/100\n|\n|upkeep\n|turn|3\n|\n|t:|1638617459\n|move|p1a: Diglett|Sucker Punch|p2a: Diglett\n|-damage|p2a: Diglett|0 fnt\n|faint|p2a: Diglett\n|\n|upkeep\n|c|\u2606RipReckful|u win it every time\n|\n|t:|1638617467\n|switch|p2a: Mienfoo|Mienfoo, L5, F|100\/100\n|turn|4\n|\n|t:|1638617472\n|move|p2a: Mienfoo|Fake Out|p1a: Diglett\n|-damage|p1a: Diglett|0 fnt\n|faint|p1a: Diglett\n|\n|upkeep\n|\n|t:|1638617477\n|switch|p1a: Mienfoo|Mienfoo, L5, M, shiny|100\/100\n|turn|5\n|\n|t:|1638617479\n|move|p1a: Mienfoo|Fake Out|p2a: Mienfoo\n|-damage|p2a: Mienfoo|86\/100\n|cant|p2a: Mienfoo|flinch\n|\n|upkeep\n|turn|6\n|\n|t:|1638617482\n|move|p2a: Mienfoo|Knock Off|p1a: Mienfoo\n|-resisted|p1a: Mienfoo\n|-damage|p1a: Mienfoo|77\/100\n|-enditem|p1a: Mienfoo|Wide Lens|[from] move: Knock Off|[of] p2a: Mienfoo\n|move|p1a: Mienfoo|High Jump Kick|p2a: Mienfoo\n|-damage|p2a: Mienfoo|10\/100\n|\n|upkeep\n|turn|7\n|\n|t:|1638617486\n|move|p1a: Mienfoo|U-turn|p2a: Mienfoo\n|-resisted|p2a: Mienfoo\n|-crit|p2a: Mienfoo\n|-damage|p2a: Mienfoo|0 fnt\n|faint|p2a: Mienfoo\n|\n|t:|1638617495\n|switch|p1a: Abra|Abra, L5, F|100\/100|[from]move: U-turn\n|\n|upkeep\n|\n|t:|1638617501\n|switch|p2a: Staryu|Staryu, L5|100\/100\n|turn|8\n|\n|t:|1638617517\n|move|p2a: Staryu|Ice Beam|p1a: Abra\n|-damage|p1a: Abra|53\/100\n|move|p1a: Abra|Energy Ball|p2a: Staryu\n|-supereffective|p2a: Staryu\n|-damage|p2a: Staryu|16\/100\n|\n|upkeep\n|turn|9\n|\n|t:|1638617520\n|move|p1a: Abra|Energy Ball|p2a: Staryu\n|-supereffective|p2a: Staryu\n|-damage|p2a: Staryu|0 fnt\n|faint|p2a: Staryu\n|\n|upkeep\n|-message|RipReckful forfeited.\n|\n|win|Afrozriju\n|n|\u2606Afrozriju|afrozriju\n|n|\u2606RipReckful|ripreckful\n","uploadtime":1638617523,"views":17,"p1id":"afrozriju","p2id":"ripreckful","formatid":"gen8lc","rating":0,"private":0,"password":null}