{"id":"gen8ou-1580405794","p1":"amimec","p2":"reionatro","format":"gen8ou","log":"|j|\u2606amimec\n|j|\u2606reionatro\n|t:|1653237253\n|gametype|singles\n|player|p1|amimec|eusine|1747\n|player|p2|reionatro|whitney|1757\n|teamsize|p1|6\n|teamsize|p2|6\n|gen|8\n|tier|[Gen 8] OU\n|rated|\n|rule|Sleep Clause Mod: Limit one foe put to sleep\n|rule|Species Clause: Limit one of each Pok\u00e9mon\n|rule|OHKO Clause: OHKO moves are banned\n|rule|Evasion Moves Clause: Evasion moves are banned\n|rule|Endless Battle Clause: Forcing endless battles is banned\n|rule|HP Percentage Mod: HP is shown in percentages\n|rule|Dynamax Clause: You cannot dynamax\n|clearpoke\n|poke|p1|Tyranitar, F|\n|poke|p1|Excadrill, F|\n|poke|p1|Toxapex, M|\n|poke|p1|Heatran, M|\n|poke|p1|Skarmory, F|\n|poke|p1|Dragapult, M|\n|poke|p2|Nihilego|\n|poke|p2|Zapdos-Galar|\n|poke|p2|Kartana|\n|poke|p2|Celesteela|\n|poke|p2|Garchomp, F|\n|poke|p2|Tapu Fini|\n|teampreview\n|c|\u2606reionatro|hf\n|j| Greg Coupet\n|\n|t:|1653237272\n|start\n|switch|p1a: Toxapex|Toxapex, M|100\/100\n|switch|p2a: Tapu Fini|Tapu Fini|100\/100\n|-fieldstart|move: Misty Terrain|[from] ability: Misty Surge|[of] p2a: Tapu Fini\n|turn|1\n|\n|t:|1653237284\n|move|p2a: Tapu Fini|Taunt|p1a: Toxapex\n|-start|p1a: Toxapex|move: Taunt\n|move|p1a: Toxapex|Knock Off|p2a: Tapu Fini\n|-resisted|p2a: Tapu Fini\n|-damage|p2a: Tapu Fini|96\/100\n|-enditem|p2a: Tapu Fini|Leftovers|[from] move: Knock Off|[of] p1a: Toxapex\n|\n|upkeep\n|turn|2\n|\n|t:|1653237302\n|switch|p1a: Dragapult|Dragapult, M|100\/100\n|move|p2a: Tapu Fini|Calm Mind|p2a: Tapu Fini\n|-boost|p2a: Tapu Fini|spa|1\n|-boost|p2a: Tapu Fini|spd|1\n|\n|upkeep\n|turn|3\n|\n|t:|1653237318\n|move|p1a: Dragapult|U-turn|p2a: Tapu Fini\n|-resisted|p2a: Tapu Fini\n|-damage|p2a: Tapu Fini|89\/100\n|\n|t:|1653237322\n|switch|p1a: Tyranitar|Tyranitar, F|100\/100|[from]move: U-turn\n|-weather|Sandstorm|[from] ability: Sand Stream|[of] p1a: Tyranitar\n|move|p2a: Tapu Fini|Draining Kiss|p1a: Tyranitar\n|-supereffective|p1a: Tyranitar\n|-damage|p1a: Tyranitar|81\/100\n|-heal|p2a: Tapu Fini|100\/100|[from] drain|[of] p1a: Tyranitar\n|\n|-weather|Sandstorm|[upkeep]\n|-damage|p2a: Tapu Fini|94\/100|[from] Sandstorm\n|upkeep\n|turn|4\n|inactive|Battle timer is ON: inactive players will automatically lose when time's up. (requested by amimec)\n|\n|t:|1653237345\n|switch|p2a: Garchomp|Garchomp, F|100\/100\n|move|p1a: Tyranitar|Rock Blast|p2a: Garchomp\n|-resisted|p2a: Garchomp\n|-damage|p2a: Garchomp|95\/100\n|-resisted|p2a: Garchomp\n|-damage|p2a: Garchomp|91\/100\n|-resisted|p2a: Garchomp\n|-damage|p2a: Garchomp|87\/100\n|-resisted|p2a: Garchomp\n|-damage|p2a: Garchomp|82\/100\n|-resisted|p2a: Garchomp\n|-damage|p2a: Garchomp|77\/100\n|-hitcount|p2a: Garchomp|5\n|\n|-weather|Sandstorm|[upkeep]\n|upkeep\n|turn|5\n|\n|t:|1653237354\n|switch|p1a: Toxapex|Toxapex, M|100\/100\n|move|p2a: Garchomp|Stealth Rock|p1a: Toxapex\n|-sidestart|p1: amimec|move: Stealth Rock\n|\n|-weather|Sandstorm|[upkeep]\n|-damage|p1a: Toxapex|95\/100|[from] Sandstorm\n|-fieldend|Misty Terrain\n|upkeep\n|turn|6\n|\n|t:|1653237364\n|switch|p2a: Tapu Fini|Tapu Fini|94\/100\n|-fieldstart|move: Misty Terrain|[from] ability: Misty Surge|[of] p2a: Tapu Fini\n|move|p1a: Toxapex|Toxic Spikes|p2a: Tapu Fini\n|-sidestart|p2: reionatro|move: Toxic Spikes\n|\n|-weather|Sandstorm|[upkeep]\n|-damage|p2a: Tapu Fini|88\/100|[from] Sandstorm\n|-damage|p1a: Toxapex|89\/100|[from] Sandstorm\n|upkeep\n|turn|7\n|inactive|amimec has 120 seconds left.\n|\n|t:|1653237395\n|switch|p1a: Heatran|Heatran, M|100\/100\n|-damage|p1a: Heatran|88\/100|[from] Stealth Rock\n|move|p2a: Tapu Fini|Taunt|p1a: Heatran\n|-start|p1a: Heatran|move: Taunt\n|\n|-weather|none\n|-heal|p1a: Heatran|94\/100|[from] item: Leftovers\n|upkeep\n|turn|8\n|\n|t:|1653237403\n|move|p2a: Tapu Fini|Calm Mind|p2a: Tapu Fini\n|-boost|p2a: Tapu Fini|spa|1\n|-boost|p2a: Tapu Fini|spd|1\n|move|p1a: Heatran|Magma Storm|p2a: Tapu Fini|[miss]\n|-miss|p1a: Heatran|p2a: Tapu Fini\n|\n|-heal|p1a: Heatran|100\/100|[from] item: Leftovers\n|upkeep\n|turn|9\n|\n|t:|1653237426\n|move|p2a: Tapu Fini|Scald|p1a: Heatran\n|-supereffective|p1a: Heatran\n|-damage|p1a: Heatran|46\/100\n|move|p1a: Heatran|Magma Storm|p2a: Tapu Fini\n|-resisted|p2a: Tapu Fini\n|-damage|p2a: Tapu Fini|78\/100\n|-activate|p2a: Tapu Fini|move: Magma Storm|[of] p1a: Heatran\n|\n|-heal|p1a: Heatran|52\/100|[from] item: Leftovers\n|-damage|p2a: Tapu Fini|66\/100|[from] move: Magma Storm|[partiallytrapped]\n|-end|p1a: Heatran|move: Taunt\n|upkeep\n|turn|10\n|\n|t:|1653237433\n|move|p1a: Heatran|Protect|p1a: Heatran\n|-singleturn|p1a: Heatran|Protect\n|move|p2a: Tapu Fini|Scald|p1a: Heatran\n|-activate|p1a: Heatran|move: Protect\n|\n|-heal|p1a: Heatran|59\/100|[from] item: Leftovers\n|-damage|p2a: Tapu Fini|53\/100|[from] move: Magma Storm|[partiallytrapped]\n|-fieldend|Misty Terrain\n|upkeep\n|turn|11\n|\n|t:|1653237439\n|move|p2a: Tapu Fini|Calm Mind|p2a: Tapu Fini\n|-boost|p2a: Tapu Fini|spa|1\n|-boost|p2a: Tapu Fini|spd|1\n|move|p1a: Heatran|Toxic|p2a: Tapu Fini\n|-status|p2a: Tapu Fini|tox\n|\n|-heal|p1a: Heatran|65\/100|[from] item: Leftovers\n|-damage|p2a: Tapu Fini|47\/100 tox|[from] psn\n|-damage|p2a: Tapu Fini|35\/100 tox|[from] move: Magma Storm|[partiallytrapped]\n|upkeep\n|turn|12\n|\n|t:|1653237443\n|move|p2a: Tapu Fini|Scald|p1a: Heatran\n|-supereffective|p1a: Heatran\n|-crit|p1a: Heatran\n|-damage|p1a: Heatran|0 fnt\n|faint|p1a: Heatran\n|\n|-damage|p2a: Tapu Fini|23\/100 tox|[from] psn\n|-end|p2a: Tapu Fini|Magma Storm|[partiallytrapped]|[silent]\n|upkeep\n|\n|t:|1653237446\n|switch|p1a: Excadrill|Excadrill, F|100\/100\n|-damage|p1a: Excadrill|97\/100|[from] Stealth Rock\n|turn|13\n|\n|t:|1653237471\n|switch|p2a: Celesteela|Celesteela|100\/100\n|move|p1a: Excadrill|Iron Head|p2a: Celesteela\n|-resisted|p2a: Celesteela\n|-damage|p2a: Celesteela|80\/100\n|\n|-heal|p1a: Excadrill|100\/100|[from] item: Leftovers\n|upkeep\n|turn|14\n|j| Sleepsetr\n|\n|t:|1653237482\n|switch|p1a: Tyranitar|Tyranitar, F|81\/100\n|-weather|Sandstorm|[from] ability: Sand Stream|[of] p1a: Tyranitar\n|switch|p2a: Tapu Fini|Tapu Fini|23\/100 tox\n|-fieldstart|move: Misty Terrain|[from] ability: Misty Surge|[of] p2a: Tapu Fini\n|\n|-weather|Sandstorm|[upkeep]\n|-damage|p2a: Tapu Fini|17\/100 tox|[from] Sandstorm\n|-damage|p2a: Tapu Fini|10\/100 tox|[from] psn\n|upkeep\n|turn|15\n|\n|t:|1653237487\n|move|p2a: Tapu Fini|Scald|p1a: Tyranitar\n|-supereffective|p1a: Tyranitar\n|-damage|p1a: Tyranitar|58\/100\n|move|p1a: Tyranitar|Stealth Rock|p2a: Tapu Fini\n|-sidestart|p2: reionatro|move: Stealth Rock\n|\n|-weather|Sandstorm|[upkeep]\n|-damage|p2a: Tapu Fini|4\/100 tox|[from] Sandstorm\n|-damage|p2a: Tapu Fini|0 fnt|[from] psn\n|faint|p2a: Tapu Fini\n|upkeep\n|\n|t:|1653237500\n|switch|p2a: Nihilego|Nihilego|100\/100\n|-sideend|p2: reionatro|move: Toxic Spikes|[of] p2a: Nihilego\n|-damage|p2a: Nihilego|88\/100|[from] Stealth Rock\n|turn|16\n|\n|t:|1653237507\n|switch|p2a: Garchomp|Garchomp, F|77\/100\n|-damage|p2a: Garchomp|71\/100|[from] Stealth Rock\n|move|p1a: Tyranitar|Rock Blast|p2a: Garchomp\n|-resisted|p2a: Garchomp\n|-damage|p2a: Garchomp|66\/100\n|-resisted|p2a: Garchomp\n|-damage|p2a: Garchomp|61\/100\n|-resisted|p2a: Garchomp\n|-damage|p2a: Garchomp|57\/100\n|-hitcount|p2a: Garchomp|3\n|\n|-weather|Sandstorm|[upkeep]\n|upkeep\n|turn|17\n|\n|t:|1653237513\n|switch|p1a: Skarmory|Skarmory, F|100\/100\n|-damage|p1a: Skarmory|88\/100|[from] Stealth Rock\n|move|p2a: Garchomp|Earthquake|p1a: Skarmory\n|-immune|p1a: Skarmory\n|\n|-weather|Sandstorm|[upkeep]\n|upkeep\n|turn|18\n|\n|t:|1653237517\n|move|p2a: Garchomp|Fire Blast|p1a: Skarmory\n|-supereffective|p1a: Skarmory\n|-damage|p1a: Skarmory|36\/100\n|move|p1a: Skarmory|Spikes|p2a: Garchomp\n|-sidestart|p2: reionatro|Spikes\n|\n|-weather|none\n|-fieldend|Misty Terrain\n|upkeep\n|turn|19\n|\n|t:|1653237530\n|move|p2a: Garchomp|Earthquake|p1a: Skarmory\n|-immune|p1a: Skarmory\n|move|p1a: Skarmory|Roost|p1a: Skarmory\n|-heal|p1a: Skarmory|86\/100\n|-singleturn|p1a: Skarmory|move: Roost\n|\n|upkeep\n|turn|20\n|\n|t:|1653237534\n|move|p2a: Garchomp|Fire Blast|p1a: Skarmory\n|-supereffective|p1a: Skarmory\n|-damage|p1a: Skarmory|32\/100\n|move|p1a: Skarmory|Roost|p1a: Skarmory\n|-heal|p1a: Skarmory|82\/100\n|-singleturn|p1a: Skarmory|move: Roost\n|\n|upkeep\n|turn|21\n|\n|t:|1653237545\n|move|p2a: Garchomp|Fire Blast|p1a: Skarmory\n|-supereffective|p1a: Skarmory\n|-damage|p1a: Skarmory|29\/100\n|move|p1a: Skarmory|Roost|p1a: Skarmory\n|-heal|p1a: Skarmory|79\/100\n|-singleturn|p1a: Skarmory|move: Roost\n|\n|upkeep\n|turn|22\n|j| Blop_Le_Slime\n|l| Blop_Le_Slime\n|\n|t:|1653237570\n|switch|p2a: Celesteela|Celesteela|80\/100\n|-damage|p2a: Celesteela|67\/100|[from] Stealth Rock\n|move|p1a: Skarmory|Roost|p1a: Skarmory\n|-heal|p1a: Skarmory|100\/100\n|-singleturn|p1a: Skarmory|move: Roost\n|\n|upkeep\n|turn|23\n|\n|t:|1653237582\n|move|p2a: Celesteela|Flamethrower|p1a: Skarmory\n|-supereffective|p1a: Skarmory\n|-damage|p1a: Skarmory|21\/100\n|move|p1a: Skarmory|Roar|p2a: Celesteela\n|drag|p2a: Nihilego|Nihilego|88\/100\n|-damage|p2a: Nihilego|76\/100|[from] Stealth Rock\n|-damage|p2a: Nihilego|64\/100|[from] Spikes\n|\n|upkeep\n|turn|24\n|\n|t:|1653237596\n|switch|p1a: Tyranitar|Tyranitar, F|58\/100\n|-weather|Sandstorm|[from] ability: Sand Stream|[of] p1a: Tyranitar\n|move|p2a: Nihilego|Power Gem|p1a: Tyranitar\n|-damage|p1a: Tyranitar|41\/100\n|\n|-weather|Sandstorm|[upkeep]\n|upkeep\n|turn|25\n|\n|t:|1653237614\n|switch|p2a: Kartana|Kartana|100\/100\n|-damage|p2a: Kartana|94\/100|[from] Stealth Rock\n|-damage|p2a: Kartana|82\/100|[from] Spikes\n|move|p1a: Tyranitar|Thunder Wave|p2a: Kartana\n|-status|p2a: Kartana|par\n|\n|-weather|Sandstorm|[upkeep]\n|upkeep\n|turn|26\n|\n|t:|1653237625\n|switch|p1a: Toxapex|Toxapex, M|100\/100\n|-damage|p1a: Toxapex|88\/100|[from] Stealth Rock\n|move|p2a: Kartana|Knock Off|p1a: Toxapex\n|-damage|p1a: Toxapex|64\/100\n|-damage|p2a: Kartana|65\/100 par|[from] item: Rocky Helmet|[of] p1a: Toxapex\n|-enditem|p1a: Toxapex|Rocky Helmet|[from] move: Knock Off|[of] p2a: Kartana\n|\n|-weather|Sandstorm|[upkeep]\n|-damage|p1a: Toxapex|58\/100|[from] Sandstorm\n|upkeep\n|turn|27\n|j| Fourthstar\n|\n|t:|1653237638\n|switch|p2a: Garchomp|Garchomp, F|57\/100\n|-damage|p2a: Garchomp|51\/100|[from] Stealth Rock\n|-damage|p2a: Garchomp|38\/100|[from] Spikes\n|move|p1a: Toxapex|Scald|p2a: Garchomp\n|-damage|p2a: Garchomp|22\/100\n|-status|p2a: Garchomp|brn\n|\n|-weather|Sandstorm|[upkeep]\n|-damage|p1a: Toxapex|52\/100|[from] Sandstorm\n|-damage|p2a: Garchomp|16\/100 brn|[from] brn\n|upkeep\n|turn|28\n|\n|t:|1653237661\n|switch|p1a: Skarmory|Skarmory, F|21\/100\n|-damage|p1a: Skarmory|9\/100|[from] Stealth Rock\n|move|p2a: Garchomp|Earthquake|p1a: Skarmory\n|-immune|p1a: Skarmory\n|\n|-weather|none\n|-damage|p2a: Garchomp|10\/100 brn|[from] brn\n|upkeep\n|turn|29\n|\n|t:|1653237664\n|move|p2a: Garchomp|Fire Blast|p1a: Skarmory\n|-supereffective|p1a: Skarmory\n|-damage|p1a: Skarmory|0 fnt\n|faint|p1a: Skarmory\n|\n|-damage|p2a: Garchomp|3\/100 brn|[from] brn\n|upkeep\n|\n|t:|1653237669\n|switch|p1a: Dragapult|Dragapult, M|100\/100\n|turn|30\n|\n|t:|1653237679\n|move|p1a: Dragapult|Hex|p2a: Garchomp\n|-crit|p2a: Garchomp\n|-damage|p2a: Garchomp|0 fnt\n|faint|p2a: Garchomp\n|\n|upkeep\n|l| Sleepsetr\n|j| Kratosurtur\n|\n|t:|1653237701\n|switch|p2a: Zapdos|Zapdos-Galar|100\/100\n|-damage|p2a: Zapdos|88\/100|[from] Stealth Rock\n|turn|31\n|j| GoldenStateIdiots\n|\n|t:|1653237707\n|move|p1a: Dragapult|Will-O-Wisp|p2a: Zapdos|[miss]\n|-miss|p1a: Dragapult|p2a: Zapdos\n|move|p2a: Zapdos|Brave Bird|p1a: Dragapult\n|-damage|p1a: Dragapult|0 fnt\n|faint|p1a: Dragapult\n|-damage|p2a: Zapdos|55\/100|[from] Recoil\n|\n|upkeep\n|j| RandomNublet\n|j| idgasab\n|\n|t:|1653237725\n|switch|p1a: Tyranitar|Tyranitar, F|41\/100\n|-weather|Sandstorm|[from] ability: Sand Stream|[of] p1a: Tyranitar\n|turn|32\n|\n|t:|1653237736\n|move|p2a: Zapdos|Brave Bird|p1a: Tyranitar\n|-resisted|p1a: Tyranitar\n|-damage|p1a: Tyranitar|8\/100\n|-damage|p2a: Zapdos|42\/100|[from] Recoil\n|move|p1a: Tyranitar|Rest|p1a: Tyranitar\n|-status|p1a: Tyranitar|slp|[from] move: Rest\n|-heal|p1a: Tyranitar|100\/100 slp|[silent]\n|\n|-weather|Sandstorm|[upkeep]\n|-damage|p2a: Zapdos|35\/100|[from] Sandstorm\n|upkeep\n|turn|33\n|\n|t:|1653237749\n|switch|p2a: Kartana|Kartana|65\/100 par\n|-damage|p2a: Kartana|59\/100 par|[from] Stealth Rock\n|-damage|p2a: Kartana|47\/100 par|[from] Spikes\n|cant|p1a: Tyranitar|slp\n|\n|-weather|Sandstorm|[upkeep]\n|upkeep\n|turn|34\n|\n|t:|1653237755\n|switch|p1a: Toxapex|Toxapex, M|86\/100\n|-damage|p1a: Toxapex|73\/100|[from] Stealth Rock\n|move|p2a: Kartana|Sacred Sword|p1a: Toxapex\n|-resisted|p1a: Toxapex\n|-crit|p1a: Toxapex\n|-damage|p1a: Toxapex|57\/100\n|\n|-weather|Sandstorm|[upkeep]\n|-damage|p1a: Toxapex|51\/100|[from] Sandstorm\n|upkeep\n|turn|35\n|\n|t:|1653237770\n|switch|p2a: Celesteela|Celesteela|67\/100\n|-damage|p2a: Celesteela|55\/100|[from] Stealth Rock\n|move|p1a: Toxapex|Scald|p2a: Celesteela\n|-damage|p2a: Celesteela|37\/100\n|\n|-weather|Sandstorm|[upkeep]\n|-damage|p1a: Toxapex|45\/100|[from] Sandstorm\n|upkeep\n|turn|36\n|\n|t:|1653237779\n|move|p2a: Celesteela|Autotomize|p2a: Celesteela\n|-boost|p2a: Celesteela|spe|2\n|-start|p2a: Celesteela|Autotomize\n|move|p1a: Toxapex|Scald|p2a: Celesteela\n|-damage|p2a: Celesteela|22\/100\n|\n|-weather|none\n|upkeep\n|turn|37\n|\n|t:|1653237789\n|move|p2a: Celesteela|Autotomize|p2a: Celesteela\n|-boost|p2a: Celesteela|spe|2\n|-start|p2a: Celesteela|Autotomize\n|move|p1a: Toxapex|Scald|p2a: Celesteela\n|-damage|p2a: Celesteela|6\/100\n|\n|upkeep\n|turn|38\n|\n|t:|1653237804\n|switch|p1a: Tyranitar|Tyranitar, F|100\/100 slp\n|-weather|Sandstorm|[from] ability: Sand Stream|[of] p1a: Tyranitar\n|move|p2a: Celesteela|Meteor Beam||[still]\n|-prepare|p2a: Celesteela|Meteor Beam\n|-boost|p2a: Celesteela|spa|1\n|-enditem|p2a: Celesteela|Power Herb\n|-anim|p2a: Celesteela|Meteor Beam|p1a: Tyranitar\n|-damage|p1a: Tyranitar|75\/100 slp\n|\n|-weather|Sandstorm|[upkeep]\n|upkeep\n|turn|39\n|\n|t:|1653237814\n|switch|p1a: Excadrill|Excadrill, F|100\/100\n|-damage|p1a: Excadrill|97\/100|[from] Stealth Rock\n|move|p2a: Celesteela|Meteor Beam||[still]\n|-prepare|p2a: Celesteela|Meteor Beam\n|-boost|p2a: Celesteela|spa|1\n|\n|-weather|Sandstorm|[upkeep]\n|-heal|p1a: Excadrill|100\/100|[from] item: Leftovers\n|upkeep\n|turn|40\n|\n|t:|1653237820\n|move|p2a: Celesteela|Meteor Beam|p1a: Excadrill|[from]lockedmove\n|-resisted|p1a: Excadrill\n|-damage|p1a: Excadrill|73\/100\n|move|p1a: Excadrill|Rapid Spin|p2a: Celesteela\n|-resisted|p2a: Celesteela\n|-damage|p2a: Celesteela|0 fnt\n|-boost|p1a: Excadrill|spe|1\n|-sideend|p1: amimec|Stealth Rock|[from] move: Rapid Spin|[of] p1a: Excadrill\n|faint|p2a: Celesteela\n|\n|-weather|Sandstorm|[upkeep]\n|-heal|p1a: Excadrill|79\/100|[from] item: Leftovers\n|upkeep\n|\n|t:|1653237828\n|switch|p2a: Zapdos|Zapdos-Galar|35\/100\n|-damage|p2a: Zapdos|23\/100|[from] Stealth Rock\n|turn|41\n|c|\u2606reionatro|gg\n|l| GoldenStateIdiots\n|\n|t:|1653237840\n|move|p1a: Excadrill|Iron Head|p2a: Zapdos\n|-damage|p2a: Zapdos|0 fnt\n|faint|p2a: Zapdos\n|\n|-weather|Sandstorm|[upkeep]\n|-heal|p1a: Excadrill|85\/100|[from] item: Leftovers\n|upkeep\n|\n|t:|1653237847\n|switch|p2a: Nihilego|Nihilego|64\/100\n|-damage|p2a: Nihilego|51\/100|[from] Stealth Rock\n|-damage|p2a: Nihilego|39\/100|[from] Spikes\n|turn|42\n|\n|t:|1653237852\n|move|p1a: Excadrill|Earthquake|p2a: Nihilego\n|-supereffective|p2a: Nihilego\n|-damage|p2a: Nihilego|0 fnt\n|faint|p2a: Nihilego\n|\n|-weather|none\n|-heal|p1a: Excadrill|91\/100|[from] item: Leftovers\n|upkeep\n|l| RandomNublet\n|-message|reionatro forfeited.\n|\n|win|amimec\n|raw|amimec's rating: 1747 &rarr; <strong>1768<\/strong><br \/>(+21 for winning)\n|raw|reionatro's rating: 1757 &rarr; <strong>1736<\/strong><br \/>(-21 for losing)\n|l|\u2606reionatro\n|l| Fourthstar\n","uploadtime":1653237878,"views":70,"p1id":"amimec","p2id":"reionatro","formatid":"gen8ou","rating":1736,"private":0,"password":null}