{"id":"gen8bdspou-1490581227","p1":"MonkeKING69","p2":"Alu9204","format":"gen8bdspou","log":"|html|<div class=\"broadcast-blue\"><strong>[Gen 8 BDSP] OU is currently suspecting Manaphy! For information on how to participate check out the <a href=\"https:\/\/www.smogon.com\/forums\/threads\/np-bdsp-ou-suspect-process-round-2-afterglow.3696052\/\">suspect thread<\/a>.<\/strong><\/div>\n|j|\u2606MonkeKING69\n|j|\u2606Alu9204\n|t:|1642058154\n|gametype|singles\n|player|p1|MonkeKING69|waiter|1574\n|player|p2|Alu9204|burglar|1513\n|teamsize|p1|6\n|teamsize|p2|6\n|gen|8\n|tier|[Gen 8 BDSP] OU\n|rated|\n|rule|Sleep Clause Mod: Limit one foe put to sleep\n|rule|Species Clause: Limit one of each Pok\u00e9mon\n|rule|OHKO Clause: OHKO moves are banned\n|rule|Evasion Moves Clause: Evasion moves are banned\n|rule|Endless Battle Clause: Forcing endless battles is banned\n|rule|HP Percentage Mod: HP is shown in percentages\n|clearpoke\n|poke|p1|Nidoking, M|\n|poke|p1|Scizor, F|\n|poke|p1|Gliscor, M|\n|poke|p1|Starmie|\n|poke|p1|Tyranitar, M|\n|poke|p1|Raikou|\n|poke|p2|Latias, F|\n|poke|p2|Breloom, M|\n|poke|p2|Rotom-Wash|\n|poke|p2|Scizor, M|\n|poke|p2|Feraligatr, F|\n|poke|p2|Gengar, M|\n|teampreview\n|\n|t:|1642058175\n|start\n|switch|p1a: Raikou|Raikou|100\/100\n|switch|p2a: Breloom|Breloom, M|100\/100\n|turn|1\n|\n|t:|1642058183\n|move|p1a: Raikou|Volt Switch|p2a: Breloom\n|-resisted|p2a: Breloom\n|-damage|p2a: Breloom|47\/100\n|\n|t:|1642058191\n|switch|p1a: Starmie|Starmie|100\/100|[from]move: Volt Switch\n|move|p2a: Breloom|Spore|p1a: Starmie\n|-status|p1a: Starmie|slp|[from] move: Spore\n|\n|upkeep\n|turn|2\n|\n|t:|1642058199\n|-curestatus|p1a: Starmie|slp|[from] ability: Natural Cure\n|switch|p1a: Scizor|Scizor, F|100\/100\n|move|p2a: Breloom|Swords Dance|p2a: Breloom\n|-boost|p2a: Breloom|atk|2\n|\n|upkeep\n|turn|3\n|\n|t:|1642058205\n|switch|p2a: Rotom|Rotom-Wash|100\/100\n|switch|p1a: Starmie|Starmie|100\/100\n|\n|upkeep\n|turn|4\n|\n|t:|1642058212\n|switch|p1a: Gliscor|Gliscor, M|100\/100\n|move|p2a: Rotom|Thunderbolt|p1a: Gliscor\n|-immune|p1a: Gliscor\n|\n|-status|p1a: Gliscor|tox|[from] item: Toxic Orb\n|upkeep\n|turn|5\n|\n|t:|1642058214\n|move|p2a: Rotom|Hydro Pump|p1a: Gliscor|[miss]\n|-miss|p2a: Rotom|p1a: Gliscor\n|move|p1a: Gliscor|Stealth Rock|p2a: Rotom\n|-sidestart|p2: Alu9204|move: Stealth Rock\n|\n|upkeep\n|turn|6\n|\n|t:|1642058221\n|move|p2a: Rotom|Hydro Pump|p1a: Gliscor\n|-supereffective|p1a: Gliscor\n|-crit|p1a: Gliscor\n|-damage|p1a: Gliscor|0 fnt\n|faint|p1a: Gliscor\n|\n|upkeep\n|\n|t:|1642058225\n|switch|p1a: Raikou|Raikou|100\/100\n|turn|7\n|\n|t:|1642058239\n|switch|p2a: Breloom|Breloom, M|47\/100\n|-damage|p2a: Breloom|41\/100|[from] Stealth Rock\n|move|p1a: Raikou|Volt Switch|p2a: Breloom\n|-resisted|p2a: Breloom\n|-damage|p2a: Breloom|0 fnt\n|faint|p2a: Breloom\n|\n|t:|1642058247\n|switch|p1a: Tyranitar|Tyranitar, M|100\/100|[from]move: Volt Switch\n|-weather|Sandstorm|[from] ability: Sand Stream|[of] p1a: Tyranitar\n|\n|-weather|Sandstorm|[upkeep]\n|upkeep\n|\n|t:|1642058266\n|switch|p2a: Latias|Latias, F|100\/100\n|-damage|p2a: Latias|88\/100|[from] Stealth Rock\n|turn|8\n|\n|t:|1642058294\n|move|p2a: Latias|Reflect|p2a: Latias\n|-sidestart|p2: Alu9204|Reflect\n|move|p1a: Tyranitar|Assurance|p2a: Latias\n|-supereffective|p2a: Latias\n|-damage|p2a: Latias|39\/100\n|\n|-weather|Sandstorm|[upkeep]\n|-damage|p2a: Latias|33\/100|[from] Sandstorm\n|upkeep\n|turn|9\n|\n|t:|1642058303\n|move|p2a: Latias|Light Screen|p2a: Latias\n|-sidestart|p2: Alu9204|move: Light Screen\n|move|p1a: Tyranitar|Assurance|p2a: Latias\n|-supereffective|p2a: Latias\n|-damage|p2a: Latias|0 fnt\n|faint|p2a: Latias\n|\n|-weather|Sandstorm|[upkeep]\n|upkeep\n|\n|t:|1642058313\n|switch|p2a: Scizor|Scizor, M|100\/100\n|-damage|p2a: Scizor|88\/100|[from] Stealth Rock\n|turn|10\n|\n|t:|1642058318\n|switch|p1a: Scizor|Scizor, F|100\/100\n|move|p2a: Scizor|Swords Dance|p2a: Scizor\n|-boost|p2a: Scizor|atk|2\n|\n|-weather|Sandstorm|[upkeep]\n|upkeep\n|turn|11\n|\n|t:|1642058321\n|move|p2a: Scizor|Brick Break|p1a: Scizor\n|-damage|p1a: Scizor|27\/100\n|-damage|p2a: Scizor|78\/100|[from] item: Life Orb\n|move|p1a: Scizor|Defog|p2a: Scizor\n|-unboost|p2a: Scizor|evasion|1\n|-sideend|p2: Alu9204|Reflect\n|-sideend|p2: Alu9204|move: Light Screen\n|-sideend|p2: Alu9204|Stealth Rock|[from] move: Defog|[of] p1a: Scizor\n|\n|-weather|none\n|-heal|p1a: Scizor|33\/100|[from] item: Leftovers\n|upkeep\n|turn|12\n|\n|t:|1642058327\n|move|p2a: Scizor|Brick Break|p1a: Scizor\n|-damage|p1a: Scizor|0 fnt\n|faint|p1a: Scizor\n|-damage|p2a: Scizor|68\/100|[from] item: Life Orb\n|\n|upkeep\n|\n|t:|1642058331\n|switch|p1a: Raikou|Raikou|100\/100\n|turn|13\n|\n|t:|1642058341\n|move|p2a: Scizor|Quick Attack|p1a: Raikou\n|-damage|p1a: Raikou|22\/100\n|-damage|p2a: Scizor|58\/100|[from] item: Life Orb\n|move|p1a: Raikou|Thunderbolt|p2a: Scizor\n|-damage|p2a: Scizor|0 fnt\n|faint|p2a: Scizor\n|\n|upkeep\n|\n|t:|1642058347\n|switch|p2a: Rotom|Rotom-Wash|100\/100\n|turn|14\n|\n|t:|1642058372\n|move|p1a: Raikou|Thunderbolt|p2a: Rotom\n|-crit|p2a: Rotom\n|-damage|p2a: Rotom|0 fnt\n|faint|p2a: Rotom\n|\n|upkeep\n|\n|t:|1642058378\n|switch|p2a: Gengar|Gengar, M|100\/100\n|turn|15\n|\n|t:|1642058381\n|move|p1a: Raikou|Thunderbolt|p2a: Gengar\n|-damage|p2a: Gengar|0 fnt\n|faint|p2a: Gengar\n|\n|upkeep\n|\n|t:|1642058384\n|switch|p2a: Feraligatr|Feraligatr, F|100\/100\n|turn|16\n|\n|t:|1642058387\n|move|p1a: Raikou|Thunderbolt|p2a: Feraligatr\n|-supereffective|p2a: Feraligatr\n|-damage|p2a: Feraligatr|0 fnt\n|faint|p2a: Feraligatr\n|\n|win|MonkeKING69\n|raw|MonkeKING69's rating: 1574 &rarr; <strong>1591<\/strong><br \/>(+17 for winning)\n|raw|Alu9204's rating: 1513 &rarr; <strong>1496<\/strong><br \/>(-17 for losing)\n","uploadtime":1642058392,"views":16,"p1id":"monkeking69","p2id":"alu9204","formatid":"gen8bdspou","rating":1496,"private":0,"password":null}