{"id":"gen8almostanyability-1608232909","p1":"zioziotrip","p2":"Unviabriel","format":"gen8almostanyability","log":"|j|\u2606zioziotrip\n|j|\u2606Unviabriel\n|t:|1656697361\n|gametype|singles\n|player|p1|zioziotrip|#wcop2022usmidwest|\n|player|p2|Unviabriel|shauntal|\n|teamsize|p1|6\n|teamsize|p2|6\n|gen|8\n|tier|[Gen 8] Almost Any Ability\n|rule|Species Clause: Limit one of each Pok\u00e9mon\n|rule|OHKO Clause: OHKO moves are banned\n|rule|Evasion Moves Clause: Evasion moves are banned\n|rule|Endless Battle Clause: Forcing endless battles is banned\n|rule|HP Percentage Mod: HP is shown in percentages\n|rule|2 Ability Clause: Limit two of each ability\n|rule|Dynamax Clause: You cannot dynamax\n|rule|Sleep Clause: Sleep-inducing moves are banned\n|clearpoke\n|poke|p1|Mew|\n|poke|p1|Heatran, F|\n|poke|p1|Tapu Fini|\n|poke|p1|Landorus-Therian, M|\n|poke|p1|Genesect|\n|poke|p1|Blissey, F|\n|poke|p2|Tapu Koko|\n|poke|p2|Garchomp, F|\n|poke|p2|Corviknight, M|\n|poke|p2|Mew|\n|poke|p2|Tapu Lele|\n|poke|p2|Ferrothorn, M|\n|teampreview\n|inactive|Battle timer is ON: inactive players will automatically lose when time's up. (requested by zioziotrip)\n|c|\u2606zioziotrip|hf\n|c|\u2606Unviabriel|glhf\n|inactive|Unviabriel has 270 seconds left.\n|\n|t:|1656697398\n|start\n|switch|p1a: Genesect|Genesect, shiny|100\/100\n|switch|p2a: Garchomp|Garchomp, F|100\/100\n|turn|1\n|\n|t:|1656697417\n|switch|p2a: Ferrothorn|Ferrothorn, M|100\/100\n|move|p1a: Genesect|Ice Beam|p2a: Ferrothorn\n|-damage|p2a: Ferrothorn|77\/100\n|\n|upkeep\n|turn|2\n|\n|t:|1656697430\n|move|p1a: Genesect|Blaze Kick|p2a: Ferrothorn\n|-supereffective|p2a: Ferrothorn\n|-crit|p2a: Ferrothorn\n|-damage|p2a: Ferrothorn|0 fnt\n|faint|p2a: Ferrothorn\n|\n|upkeep\n|\n|t:|1656697447\n|switch|p2a: Mew|Mew|100\/100\n|-ability|p2a: Mew|Dauntless Shield|boost\n|-boost|p2a: Mew|def|1\n|turn|3\n|j| STABLEPRINCE \u8056\n|\n|t:|1656697470\n|switch|p1a: Landorus|Landorus-Therian, M|100\/100\n|move|p2a: Mew|Will-O-Wisp|p1a: Landorus\n|-status|p1a: Landorus|brn\n|\n|-damage|p1a: Landorus|94\/100 brn|[from] brn\n|upkeep\n|turn|4\n|j| zioziofanboy\n|\n|t:|1656697479\n|move|p1a: Landorus|Knock Off|p2a: Mew\n|-supereffective|p2a: Mew\n|-damage|p2a: Mew|89\/100\n|-enditem|p2a: Mew|Heavy-Duty Boots|[from] move: Knock Off|[of] p1a: Landorus\n|move|p2a: Mew|Ice Beam|p1a: Landorus\n|-supereffective|p1a: Landorus\n|-damage|p1a: Landorus|12\/100 brn\n|\n|-damage|p1a: Landorus|6\/100 brn|[from] brn\n|upkeep\n|turn|5\n|n| zioziofanboy|zioziofanboy\n|\n|t:|1656697487\n|switch|p1a: Blissey|Blissey, F|100\/100\n|move|p2a: Mew|Roost|p2a: Mew\n|-heal|p2a: Mew|100\/100\n|-singleturn|p2a: Mew|move: Roost\n|\n|upkeep\n|turn|6\n|j| tenzhii \u5929\u7adc\n|c| zioziofanboy|Go zio\n|\n|t:|1656697502\n|switch|p2a: Corviknight|Corviknight, M|100\/100\n|move|p1a: Blissey|Teleport|p1a: Blissey\n|c| zioziofanboy|WOOOOOOOO\n|l|zioziofanboy\n|\n|t:|1656697510\n|switch|p1a: Heatran|Heatran, F|100\/100|[from]move: Teleport\n|\n|upkeep\n|turn|7\n|c| STABLEPRINCE \u8056|zioziofanboy: WOOOOOOOO\n|c| STABLEPRINCE \u8056|zioziofanboy left\n|c| STABLEPRINCE \u8056|fake fan\n|l| tenzhii \u5929\u7adc\n|\n|t:|1656697529\n|switch|p2a: Garchomp|Garchomp, F|100\/100\n|move|p1a: Heatran|Stealth Rock|p2a: Garchomp\n|-sidestart|p2: Unviabriel|move: Stealth Rock\n|\n|upkeep\n|turn|8\n|inactive|Unviabriel has 270 seconds left.\n|j| Supa big ballert\n|\n|t:|1656697578\n|move|p2a: Garchomp|Stealth Rock|p1a: Heatran\n|-sidestart|p1: zioziotrip|move: Stealth Rock\n|move|p1a: Heatran|Toxic|p2a: Garchomp\n|-status|p2a: Garchomp|tox\n|\n|-damage|p2a: Garchomp|94\/100 tox|[from] psn\n|upkeep\n|turn|9\n|c| Supa big ballert|Let\u2019s go zuo\n|c| Supa big ballert|si\n|c| Supa big ballert|zio\n|\n|t:|1656697596\n|move|p2a: Garchomp|Earthquake|p1a: Heatran\n|-immune|p1a: Heatran|[from] ability: Levitate\n|move|p1a: Heatran|Magma Storm|p2a: Garchomp|[miss]\n|-miss|p1a: Heatran|p2a: Garchomp\n|\n|-damage|p2a: Garchomp|82\/100 tox|[from] psn\n|upkeep\n|turn|10\n|c| Supa big ballert|I click chomper heere\n|j|+PA\n|j| Potatochan789\n|c| Supa big ballert|Wtf\n|inactive|Unviabriel has 240 seconds left.\n|c| Supa big ballert|How levitate\n|c|\u2606Unviabriel|of course\n|c| Supa big ballert|wtf\n|c|\u2606Unviabriel|well this was over at team preview\n|c| Supa big ballert|Hacker!!\n|c| Supa big ballert|Hacks!!!\n|\n|t:|1656697646\n|move|p2a: Garchomp|Stone Edge|p1a: Heatran\n|-damage|p1a: Heatran|81\/100\n|move|p1a: Heatran|Magma Storm|p2a: Garchomp\n|-resisted|p2a: Garchomp\n|-damage|p2a: Garchomp|64\/100 tox\n|-activate|p2a: Garchomp|move: Magma Storm|[of] p1a: Heatran\n|\n|-heal|p1a: Heatran|87\/100|[from] item: Leftovers\n|-damage|p2a: Garchomp|46\/100 tox|[from] psn\n|-damage|p2a: Garchomp|33\/100 tox|[from] move: Magma Storm|[partiallytrapped]\n|upkeep\n|turn|11\n|j| tenzhii \u5929\u7adc\n|c| Supa big ballert|Unviabriel yea cuz u suck\n|l|+PA\n|inactive|Unviabriel has 210 seconds left.\n|\n|t:|1656697666\n|move|p1a: Heatran|Protect|p1a: Heatran\n|-singleturn|p1a: Heatran|Protect\n|move|p2a: Garchomp|Swords Dance|p2a: Garchomp\n|-boost|p2a: Garchomp|atk|2\n|\n|-heal|p1a: Heatran|93\/100|[from] item: Leftovers\n|-damage|p2a: Garchomp|9\/100 tox|[from] psn\n|-damage|p2a: Garchomp|0 fnt|[from] move: Magma Storm|[partiallytrapped]\n|faint|p2a: Garchomp\n|upkeep\n|c| Supa big ballert|So ofc u lost at tp\n|l| Potatochan789\n|j| Potatochan789\n|inactive|Unviabriel has 210 seconds left.\n|c| Supa big ballert|Stupid ass\n|c|\u2606zioziotrip|stfu Supa big ballery\n|l| tenzhii \u5929\u7adc\n|c| Supa big ballert|who\u2019s that\n|\n|t:|1656697686\n|switch|p2a: Tapu Lele|Tapu Lele|100\/100\n|-damage|p2a: Tapu Lele|88\/100|[from] Stealth Rock\n|turn|12\n|\n|t:|1656697693\n|move|p2a: Tapu Lele|Calm Mind|p2a: Tapu Lele\n|-boost|p2a: Tapu Lele|spa|1\n|-boost|p2a: Tapu Lele|spd|1\n|move|p1a: Heatran|Toxic|p2a: Tapu Lele\n|-status|p2a: Tapu Lele|tox\n|\n|-heal|p1a: Heatran|99\/100|[from] item: Leftovers\n|-damage|p2a: Tapu Lele|82\/100 tox|[from] psn\n|upkeep\n|turn|13\n|\n|t:|1656697699\n|move|p1a: Heatran|Protect|p1a: Heatran\n|-singleturn|p1a: Heatran|Protect\n|move|p2a: Tapu Lele|Calm Mind|p2a: Tapu Lele\n|-boost|p2a: Tapu Lele|spa|1\n|-boost|p2a: Tapu Lele|spd|1\n|\n|-heal|p1a: Heatran|100\/100|[from] item: Leftovers\n|-damage|p2a: Tapu Lele|70\/100 tox|[from] psn\n|upkeep\n|turn|14\n|c| Supa big ballert|Ok gn\n|inactive|Unviabriel has 210 seconds left.\n|l| Supa big ballert\n|\n|t:|1656697709\n|switch|p1a: Mew|Mew|100\/100\n|-ability|p1a: Mew|Dauntless Shield|boost\n|-boost|p1a: Mew|def|1\n|move|p2a: Tapu Lele|Focus Blast|p1a: Mew\n|-resisted|p1a: Mew\n|-damage|p1a: Mew|54\/100\n|-damage|p2a: Tapu Lele|60\/100 tox|[from] item: Life Orb\n|\n|-damage|p2a: Tapu Lele|42\/100 tox|[from] psn\n|upkeep\n|turn|15\n|\n|t:|1656697717\n|switch|p1a: Landorus|Landorus-Therian, M|39\/100 brn\n|-damage|p1a: Landorus|27\/100 brn|[from] Stealth Rock\n|move|p2a: Tapu Lele|Draining Kiss|p1a: Landorus\n|-damage|p1a: Landorus|0 fnt\n|-heal|p2a: Tapu Lele|66\/100 tox|[from] drain|[of] p1a: Landorus\n|faint|p1a: Landorus\n|-damage|p2a: Tapu Lele|56\/100 tox|[from] item: Life Orb\n|\n|-damage|p2a: Tapu Lele|32\/100 tox|[from] psn\n|upkeep\n|\n|t:|1656697729\n|switch|p1a: Genesect|Genesect, shiny|100\/100\n|turn|16\n|\n|t:|1656697745\n|switch|p2a: Corviknight|Corviknight, M|100\/100\n|-damage|p2a: Corviknight|88\/100|[from] Stealth Rock\n|move|p1a: Genesect|U-turn|p2a: Corviknight\n|-resisted|p2a: Corviknight\n|-damage|p2a: Corviknight|82\/100\n|-activate|p2a: Corviknight|ability: Wandering Spirit|Magic Guard|Wandering Spirit|[of] p1a: Genesect\n|-damage|p1a: Genesect|91\/100|[from] item: Life Orb\n|j| beautifications\n|\n|t:|1656697752\n|switch|p1a: Heatran|Heatran, F|100\/100|[from]move: U-turn\n|-damage|p1a: Heatran|88\/100|[from] Stealth Rock\n|\n|-heal|p1a: Heatran|94\/100|[from] item: Leftovers\n|upkeep\n|turn|17\n|inactive|Unviabriel has 210 seconds left.\n|j| Sakayume\u2665\n|c| Sakayume\u2665|zioziotrip marry me\n|\n|t:|1656697787\n|switch|p2a: Mew|Mew|100\/100\n|-damage|p2a: Mew|88\/100|[from] Stealth Rock\n|-ability|p2a: Mew|Dauntless Shield|boost\n|-boost|p2a: Mew|def|1\n|move|p1a: Heatran|Magma Storm|p2a: Mew\n|-damage|p2a: Mew|52\/100\n|-activate|p2a: Mew|move: Magma Storm|[of] p1a: Heatran\n|\n|-heal|p1a: Heatran|100\/100|[from] item: Leftovers\n|-damage|p2a: Mew|40\/100|[from] move: Magma Storm|[partiallytrapped]\n|upkeep\n|turn|18\n|\n|t:|1656697797\n|move|p2a: Mew|Roost|p2a: Mew\n|-heal|p2a: Mew|90\/100\n|-singleturn|p2a: Mew|move: Roost\n|move|p1a: Heatran|Toxic|p2a: Mew\n|-status|p2a: Mew|tox\n|\n|-damage|p2a: Mew|84\/100 tox|[from] psn\n|-damage|p2a: Mew|72\/100 tox|[from] move: Magma Storm|[partiallytrapped]\n|upkeep\n|turn|19\n|inactive|Unviabriel has 210 seconds left.\n|j| tenzhii \u5929\u7adc\n|\n|t:|1656697810\n|move|p2a: Mew|Roost|p2a: Mew\n|-heal|p2a: Mew|100\/100 tox\n|-singleturn|p2a: Mew|move: Roost\n|move|p1a: Heatran|Magma Storm|p2a: Mew\n|-damage|p2a: Mew|67\/100 tox\n|\n|-damage|p2a: Mew|54\/100 tox|[from] psn\n|-damage|p2a: Mew|42\/100 tox|[from] move: Magma Storm|[partiallytrapped]\n|upkeep\n|turn|20\n|\n|t:|1656697820\n|move|p1a: Heatran|Protect|p1a: Heatran\n|-singleturn|p1a: Heatran|Protect\n|move|p2a: Mew|Volt Switch|p1a: Heatran\n|-activate|p1a: Heatran|move: Protect\n|\n|-damage|p2a: Mew|24\/100 tox|[from] psn\n|-damage|p2a: Mew|11\/100 tox|[from] move: Magma Storm|[partiallytrapped]\n|upkeep\n|turn|21\n|\n|t:|1656697832\n|move|p2a: Mew|Ice Beam|p1a: Heatran\n|-resisted|p1a: Heatran\n|-damage|p1a: Heatran|96\/100\n|move|p1a: Heatran|Toxic|p2a: Mew|[miss]\n|-miss|p1a: Heatran|p2a: Mew\n|\n|-heal|p1a: Heatran|100\/100|[from] item: Leftovers\n|-damage|p2a: Mew|0 fnt|[from] psn\n|faint|p2a: Mew\n|upkeep\n|l| tenzhii \u5929\u7adc\n|inactive|Unviabriel has 210 seconds left.\n|\n|t:|1656697866\n|switch|p2a: Tapu Lele|Tapu Lele|32\/100 tox\n|-damage|p2a: Tapu Lele|19\/100 tox|[from] Stealth Rock\n|turn|22\n|\n|t:|1656697889\n|switch|p1a: Mew|Mew|54\/100\n|-ability|p1a: Mew|Dauntless Shield|boost\n|-boost|p1a: Mew|def|1\n|move|p2a: Tapu Lele|Focus Blast|p1a: Mew\n|-resisted|p1a: Mew\n|-damage|p1a: Mew|31\/100\n|-damage|p2a: Tapu Lele|10\/100 tox|[from] item: Life Orb\n|\n|-damage|p2a: Tapu Lele|3\/100 tox|[from] psn\n|upkeep\n|turn|23\n|inactive|Unviabriel has 180 seconds left.\n|\n|t:|1656697917\n|move|p2a: Tapu Lele|Draining Kiss|p1a: Mew\n|-damage|p1a: Mew|1\/100\n|-heal|p2a: Tapu Lele|33\/100 tox|[from] drain|[of] p1a: Mew\n|-damage|p2a: Tapu Lele|23\/100 tox|[from] item: Life Orb\n|move|p1a: Mew|Roost|p1a: Mew\n|-heal|p1a: Mew|51\/100\n|-singleturn|p1a: Mew|move: Roost\n|\n|-damage|p2a: Tapu Lele|11\/100 tox|[from] psn\n|upkeep\n|turn|24\n|inactive|Unviabriel has 180 seconds left.\n|\n|t:|1656697930\n|move|p2a: Tapu Lele|Draining Kiss|p1a: Mew\n|-damage|p1a: Mew|16\/100\n|-heal|p2a: Tapu Lele|45\/100 tox|[from] drain|[of] p1a: Mew\n|-damage|p2a: Tapu Lele|35\/100 tox|[from] item: Life Orb\n|move|p1a: Mew|Roost|p1a: Mew\n|-heal|p1a: Mew|66\/100\n|-singleturn|p1a: Mew|move: Roost\n|\n|-damage|p2a: Tapu Lele|17\/100 tox|[from] psn\n|upkeep\n|turn|25\n|inactive|Unviabriel has 180 seconds left.\n|\n|t:|1656697940\n|move|p2a: Tapu Lele|Draining Kiss|p1a: Mew\n|-damage|p1a: Mew|31\/100\n|-heal|p2a: Tapu Lele|51\/100 tox|[from] drain|[of] p1a: Mew\n|-damage|p2a: Tapu Lele|41\/100 tox|[from] item: Life Orb\n|move|p1a: Mew|Volt Switch|p2a: Tapu Lele\n|-crit|p2a: Tapu Lele\n|-damage|p2a: Tapu Lele|15\/100 tox\n|\n|t:|1656697953\n|switch|p1a: Blissey|Blissey, F|100\/100|[from]move: Volt Switch\n|\n|-damage|p2a: Tapu Lele|0 fnt|[from] psn\n|faint|p2a: Tapu Lele\n|upkeep\n|inactive|Unviabriel has 180 seconds left.\n|\n|t:|1656697963\n|switch|p2a: Tapu Koko|Tapu Koko|100\/100\n|-damage|p2a: Tapu Koko|88\/100|[from] Stealth Rock\n|turn|26\n|\n|t:|1656697972\n|move|p2a: Tapu Koko|Nature's Madness|p1a: Blissey\n|-damage|p1a: Blissey|51\/100\n|move|p1a: Blissey|Toxic|p2a: Tapu Koko\n|-status|p2a: Tapu Koko|tox\n|\n|-heal|p1a: Blissey|57\/100|[from] item: Leftovers\n|-damage|p2a: Tapu Koko|82\/100 tox|[from] psn\n|upkeep\n|turn|27\n|j| tenzhii \u5929\u7adc\n|inactive|Unviabriel has 180 seconds left.\n|-message|Unviabriel forfeited.\n|\n|win|zioziotrip\n|c| Sakayume\u2665|gg\n|c|\u2606zioziotrip|gg\n","uploadtime":1656698000,"views":265,"p1id":"zioziotrip","p2id":"unviabriel","formatid":"gen8almostanyability","rating":0,"private":0,"password":null}