{"id":"gen8nationaldexag-1100703220","p1":"Patricick V3","p2":"willcoxw","format":"gen8nationaldexag","log":"|j|\u2606Patricick V3\n|j|\u2606willcoxw\n|player|p1|Patricick V3|170|1597\n|player|p2|willcoxw|clair|1634\n|teamsize|p1|6\n|teamsize|p2|6\n|gametype|singles\n|gen|8\n|tier|[Gen 8] National Dex AG\n|rated|\n|clearpoke\n|poke|p1|Kyogre|\n|poke|p1|Yveltal|\n|poke|p1|Groudon|\n|poke|p1|Ho-Oh|\n|poke|p1|Rayquaza|\n|poke|p1|Necrozma-Dusk-Mane|\n|poke|p2|Zygarde|\n|poke|p2|Zygarde|\n|poke|p2|Necrozma-Dusk-Mane|\n|poke|p2|Necrozma-Dawn-Wings|\n|poke|p2|Eternatus|\n|poke|p2|Yveltal|\n|rule|HP Percentage Mod: HP is shown in percentages\n|rule|Endless Battle Clause: Forcing endless battles is banned\n|teampreview\n|\n|start\n|switch|p1a: Groudown syndrome|Groudon, shiny|100\/100\n|switch|p2a: Eternatus|Eternatus|100\/100\n|-ability|p2a: Eternatus|Pressure\n|detailschange|p1a: Groudown syndrome|Groudon-Primal, shiny\n|-primal|p1a: Groudown syndrome\n|-weather|DesolateLand|[from] ability: Desolate Land|[of] p1a: Groudown syndrome\n|turn|1\n|\n|switch|p2a: Zygarde|Zygarde|100\/100\n|move|p1a: Groudown syndrome|Thunder Wave|p2a: Zygarde\n|-immune|p2a: Zygarde\n|\n|-weather|DesolateLand|[upkeep]\n|upkeep\n|turn|2\n|\n|move|p2a: Zygarde|Glare|p1a: Groudown syndrome\n|-status|p1a: Groudown syndrome|par\n|move|p1a: Groudown syndrome|Stealth Rock|p2a: Zygarde\n|-sidestart|p2: willcoxw|move: Stealth Rock\n|\n|-weather|DesolateLand|[upkeep]\n|upkeep\n|turn|3\n|\n|move|p2a: Zygarde|Substitute|p2a: Zygarde\n|-start|p2a: Zygarde|Substitute\n|-damage|p2a: Zygarde|76\/100\n|move|p1a: Groudown syndrome|Precipice Blades|p2a: Zygarde\n|-end|p2a: Zygarde|Substitute\n|\n|-weather|DesolateLand|[upkeep]\n|-heal|p2a: Zygarde|82\/100|[from] item: Leftovers\n|upkeep\n|turn|4\n|\n|move|p2a: Zygarde|Thousand Arrows|p1a: Groudown syndrome\n|-supereffective|p1a: Groudown syndrome\n|-damage|p1a: Groudown syndrome|65\/100 par\n|move|p1a: Groudown syndrome|Roar|p2a: Zygarde\n|drag|p2a: Eternatus|Eternatus|100\/100\n|-damage|p2a: Eternatus|88\/100|[from] Stealth Rock\n|-ability|p2a: Eternatus|Pressure\n|\n|-weather|DesolateLand|[upkeep]\n|-heal|p2a: Eternatus|94\/100|[from] item: Black Sludge\n|upkeep\n|turn|5\n|\n|move|p2a: Eternatus|Substitute|p2a: Eternatus\n|-start|p2a: Eternatus|Substitute\n|-damage|p2a: Eternatus|69\/100\n|move|p1a: Groudown syndrome|Precipice Blades|p2a: Eternatus|[miss]\n|-miss|p1a: Groudown syndrome|p2a: Eternatus\n|\n|-weather|DesolateLand|[upkeep]\n|-heal|p2a: Eternatus|76\/100|[from] item: Black Sludge\n|upkeep\n|turn|6\n|\n|move|p2a: Eternatus|Toxic Spikes|p1a: Groudown syndrome\n|-sidestart|p1: Patricick V3|move: Toxic Spikes\n|move|p1a: Groudown syndrome|Roar|p2a: Eternatus\n|drag|p2a: Zygarde|Zygarde|100\/100\n|-damage|p2a: Zygarde|94\/100|[from] Stealth Rock\n|\n|-weather|DesolateLand|[upkeep]\n|-heal|p2a: Zygarde|100\/100|[from] item: Leftovers\n|upkeep\n|turn|7\n|\n|move|p2a: Zygarde|Substitute|p2a: Zygarde\n|-start|p2a: Zygarde|Substitute\n|-damage|p2a: Zygarde|76\/100\n|move|p1a: Groudown syndrome|Precipice Blades|p2a: Zygarde\n|-end|p2a: Zygarde|Substitute\n|\n|-weather|DesolateLand|[upkeep]\n|-heal|p2a: Zygarde|82\/100|[from] item: Leftovers\n|upkeep\n|turn|8\n|\n|move|p2a: Zygarde|Dragon Dance|p2a: Zygarde\n|-boost|p2a: Zygarde|atk|1\n|-boost|p2a: Zygarde|spe|1\n|move|p1a: Groudown syndrome|Precipice Blades|p2a: Zygarde\n|-damage|p2a: Zygarde|5\/100\n|\n|-weather|DesolateLand|[upkeep]\n|-heal|p2a: Zygarde|11\/100|[from] item: Leftovers\n|-activate|p2a: Zygarde|ability: Power Construct\n|detailschange|p2a: Zygarde|Zygarde-Complete\n|-heal|p2a: Zygarde|45\/100|[silent]\n|upkeep\n|turn|9\n|\n|move|p2a: Zygarde|Thousand Arrows|p1a: Groudown syndrome\n|-supereffective|p1a: Groudown syndrome\n|-damage|p1a: Groudown syndrome|0 fnt\n|faint|p1a: Groudown syndrome\n|-weather|none\n|\n|-heal|p2a: Zygarde|51\/100|[from] item: Leftovers\n|upkeep\n|\n|switch|p1a: Kyogre|Kyogre|100\/100\n|-status|p1a: Kyogre|psn\n|-weather|RainDance|[from] ability: Drizzle|[of] p1a: Kyogre\n|turn|10\n|\n|-start|p2a: Zygarde|Dynamax\n|-heal|p2a: Zygarde|51\/100|[silent]\n|move|p1a: Kyogre|Ice Beam|p2a: Zygarde\n|-supereffective|p2a: Zygarde\n|-damage|p2a: Zygarde|10\/100\n|move|p2a: Zygarde|Max Quake|p1a: Kyogre\n|-damage|p1a: Kyogre|5\/100 psn\n|-boost|p2a: Zygarde|spd|1\n|\n|-weather|RainDance|[upkeep]\n|-heal|p2a: Zygarde|13\/100|[from] item: Leftovers\n|-damage|p1a: Kyogre|0 fnt|[from] psn\n|faint|p1a: Kyogre\n|upkeep\n|inactive|Battle timer is ON: inactive players will automatically lose when time's up. (requested by willcoxw)\n|inactive|Patricick V3 has 120 seconds left.\n|\n|switch|p1a: Flying bacon|Yveltal, shiny|100\/100\n|-ability|p1a: Flying bacon|Dark Aura\n|turn|11\n|\n|move|p1a: Flying bacon|Sucker Punch|p2a: Zygarde\n|-damage|p2a: Zygarde|0 fnt\n|-damage|p1a: Flying bacon|91\/100|[from] item: Life Orb\n|faint|p2a: Zygarde\n|\n|-weather|RainDance|[upkeep]\n|upkeep\n|\n|switch|p2a: Eternatus|Eternatus|76\/100\n|-damage|p2a: Eternatus|63\/100|[from] Stealth Rock\n|-ability|p2a: Eternatus|Pressure\n|turn|12\n|\n|move|p2a: Eternatus|Dynamax Cannon|p1a: Flying bacon\n|-damage|p1a: Flying bacon|32\/100\n|move|p1a: Flying bacon|Dark Pulse|p2a: Eternatus\n|-damage|p2a: Eternatus|6\/100\n|-damage|p1a: Flying bacon|22\/100|[from] item: Life Orb\n|\n|-weather|RainDance|[upkeep]\n|-heal|p2a: Eternatus|12\/100|[from] item: Black Sludge\n|upkeep\n|turn|13\n|\n|move|p2a: Eternatus|Toxic Spikes|p1a: Flying bacon\n|-sidestart|p1: Patricick V3|move: Toxic Spikes\n|move|p1a: Flying bacon|Oblivion Wing|p2a: Eternatus\n|-damage|p2a: Eternatus|0 fnt\n|-heal|p1a: Flying bacon|31\/100|[from] drain|[of] p2a: Eternatus\n|-damage|p1a: Flying bacon|21\/100|[from] item: Life Orb\n|faint|p2a: Eternatus\n|\n|-weather|RainDance|[upkeep]\n|upkeep\n|c|\u2606Patricick V3|knew it\n|\n|switch|p2a: Yveltal|Yveltal|100\/100\n|-damage|p2a: Yveltal|76\/100|[from] Stealth Rock\n|-ability|p2a: Yveltal|Dark Aura\n|turn|14\n|\n|move|p2a: Yveltal|Oblivion Wing|p1a: Flying bacon\n|-damage|p1a: Flying bacon|0 fnt\n|-heal|p2a: Yveltal|91\/100|[from] drain|[of] p1a: Flying bacon\n|-damage|p2a: Yveltal|81\/100|[from] item: Life Orb\n|faint|p1a: Flying bacon\n|\n|-weather|none\n|upkeep\n|\n|switch|p1a: Finger licken good|Ho-Oh, shiny|100\/100\n|turn|15\n|\n|move|p2a: Yveltal|Knock Off|p1a: Finger licken good\n|-damage|p1a: Finger licken good|41\/100\n|-enditem|p1a: Finger licken good|Heavy-Duty Boots|[from] move: Knock Off|[of] p2a: Yveltal\n|-damage|p2a: Yveltal|71\/100|[from] item: Life Orb\n|move|p1a: Finger licken good|Defog|p2a: Yveltal\n|-unboost|p2a: Yveltal|evasion|1\n|-sideend|p2: willcoxw|Stealth Rock|[from] move: Defog|[of] p1a: Finger licken good\n|-sideend|p1: Patricick V3|Toxic Spikes|[from] move: Defog|[of] p1a: Finger licken good\n|\n|upkeep\n|turn|16\n|inactive|Patricick V3 has 120 seconds left.\n|\n|-start|p1a: Finger licken good|Dynamax\n|-heal|p1a: Finger licken good|41\/100|[silent]\n|move|p2a: Yveltal|Dark Pulse|p1a: Finger licken good\n|-damage|p1a: Finger licken good|20\/100\n|-damage|p2a: Yveltal|61\/100|[from] item: Life Orb\n|move|p1a: Finger licken good|Max Airstream|p2a: Yveltal\n|-damage|p2a: Yveltal|0 fnt\n|-boost|p1a: Finger licken good|spe|1\n|faint|p2a: Yveltal\n|\n|upkeep\n|\n|switch|p2a: Zygarde|Zygarde|82\/100\n|turn|17\n|\n|move|p1a: Finger licken good|Max Airstream|p2a: Zygarde\n|-damage|p2a: Zygarde|42\/100\n|-boost|p1a: Finger licken good|spe|1\n|move|p2a: Zygarde|Glare|p1a: Finger licken good\n|-status|p1a: Finger licken good|par\n|\n|-heal|p2a: Zygarde|48\/100|[from] item: Leftovers\n|-activate|p2a: Zygarde|ability: Power Construct\n|detailschange|p2a: Zygarde|Zygarde-Complete\n|-heal|p2a: Zygarde|66\/100|[silent]\n|upkeep\n|turn|18\n|\n|move|p1a: Finger licken good|Max Airstream|p2a: Zygarde\n|-crit|p2a: Zygarde\n|-damage|p2a: Zygarde|30\/100\n|-boost|p1a: Finger licken good|spe|1\n|move|p2a: Zygarde|Haze|p2a: Zygarde\n|-clearallboost\n|\n|-heal|p2a: Zygarde|36\/100|[from] item: Leftovers\n|-end|p1a: Finger licken good|Dynamax\n|-heal|p1a: Finger licken good|20\/100 par|[silent]\n|upkeep\n|turn|19\n|\n|move|p2a: Zygarde|Substitute|p2a: Zygarde\n|-start|p2a: Zygarde|Substitute\n|-damage|p2a: Zygarde|11\/100\n|cant|p1a: Finger licken good|par\n|\n|-heal|p2a: Zygarde|17\/100|[from] item: Leftovers\n|upkeep\n|turn|20\n|\n|move|p2a: Zygarde|Thousand Arrows|p1a: Finger licken good\n|-damage|p1a: Finger licken good|0 fnt\n|faint|p1a: Finger licken good\n|\n|-heal|p2a: Zygarde|23\/100|[from] item: Leftovers\n|upkeep\n|\n|switch|p1a: Rayquaza|Rayquaza|100\/100\n|-ability|p1a: Rayquaza|Air Lock\n|turn|21\n|\n|detailschange|p1a: Rayquaza|Rayquaza-Mega\n|-mega|p1a: Rayquaza|Rayquaza|\n|-weather|DeltaStream|[from] ability: Delta Stream|[of] p1a: Rayquaza\n|move|p1a: Rayquaza|Extreme Speed|p2a: Zygarde\n|-activate|p2a: Zygarde|move: Substitute|[damage]\n|-damage|p1a: Rayquaza|91\/100|[from] item: Life Orb\n|move|p2a: Zygarde|Glare|p1a: Rayquaza\n|-status|p1a: Rayquaza|par\n|\n|-weather|DeltaStream|[upkeep]\n|-heal|p2a: Zygarde|29\/100|[from] item: Leftovers\n|upkeep\n|turn|22\n|\n|cant|p1a: Rayquaza|par\n|move|p2a: Zygarde|Thousand Arrows|p1a: Rayquaza\n|-damage|p1a: Rayquaza|60\/100 par\n|-start|p1a: Rayquaza|Smack Down\n|\n|-weather|DeltaStream|[upkeep]\n|-heal|p2a: Zygarde|36\/100|[from] item: Leftovers\n|upkeep\n|turn|23\n|\n|move|p1a: Rayquaza|Extreme Speed|p2a: Zygarde\n|-end|p2a: Zygarde|Substitute\n|-damage|p1a: Rayquaza|50\/100 par|[from] item: Life Orb\n|move|p2a: Zygarde|Substitute|p2a: Zygarde\n|-start|p2a: Zygarde|Substitute\n|-damage|p2a: Zygarde|11\/100\n|\n|-weather|DeltaStream|[upkeep]\n|-heal|p2a: Zygarde|17\/100|[from] item: Leftovers\n|upkeep\n|turn|24\n|\n|move|p2a: Zygarde|Thousand Arrows|p1a: Rayquaza\n|-damage|p1a: Rayquaza|22\/100 par\n|move|p1a: Rayquaza|Dragon Ascent|p2a: Zygarde\n|-end|p2a: Zygarde|Substitute\n|-unboost|p1a: Rayquaza|def|1\n|-unboost|p1a: Rayquaza|spd|1\n|-damage|p1a: Rayquaza|12\/100 par|[from] item: Life Orb\n|\n|-weather|DeltaStream|[upkeep]\n|-heal|p2a: Zygarde|23\/100|[from] item: Leftovers\n|upkeep\n|turn|25\n|\n|cant|p1a: Rayquaza|par\n|move|p2a: Zygarde|Thousand Arrows|p1a: Rayquaza\n|-damage|p1a: Rayquaza|0 fnt\n|faint|p1a: Rayquaza\n|-weather|none\n|\n|-heal|p2a: Zygarde|29\/100|[from] item: Leftovers\n|upkeep\n|\n|switch|p1a: Necrozma|Necrozma-Dusk-Mane|100\/100\n|turn|26\n|\n|move|p1a: Necrozma|Sunsteel Strike|p2a: Zygarde\n|-damage|p2a: Zygarde|5\/100\n|move|p2a: Zygarde|Glare|p1a: Necrozma\n|-status|p1a: Necrozma|par\n|\n|-heal|p2a: Zygarde|12\/100|[from] item: Leftovers\n|upkeep\n|turn|27\n|\n|move|p2a: Zygarde|Haze|p2a: Zygarde\n|-clearallboost\n|cant|p1a: Necrozma|par\n|\n|-heal|p2a: Zygarde|18\/100|[from] item: Leftovers\n|upkeep\n|turn|28\n|\n|move|p2a: Zygarde|Thousand Arrows|p1a: Necrozma\n|-supereffective|p1a: Necrozma\n|-damage|p1a: Necrozma|63\/100 par\n|cant|p1a: Necrozma|par\n|\n|-heal|p2a: Zygarde|24\/100|[from] item: Leftovers\n|-heal|p1a: Necrozma|69\/100 par|[from] item: Leftovers\n|upkeep\n|turn|29\n|\n|move|p2a: Zygarde|Thousand Arrows|p1a: Necrozma\n|-supereffective|p1a: Necrozma\n|-damage|p1a: Necrozma|31\/100 par\n|move|p1a: Necrozma|Sunsteel Strike|p2a: Zygarde\n|-damage|p2a: Zygarde|2\/100\n|\n|-heal|p2a: Zygarde|8\/100|[from] item: Leftovers\n|-heal|p1a: Necrozma|37\/100 par|[from] item: Leftovers\n|upkeep\n|turn|30\n|\n|move|p2a: Zygarde|Thousand Arrows|p1a: Necrozma\n|-supereffective|p1a: Necrozma\n|-damage|p1a: Necrozma|0 fnt\n|faint|p1a: Necrozma\n|\n|win|willcoxw\n","uploadtime":1587481660,"views":6,"p1id":"patricickv3","p2id":"willcoxw","formatid":"gen8nationaldexag","rating":0,"private":0,"password":null}