{"id":"gen8ou-1208227436","p1":"early_human","p2":"egalvanc","format":"gen8ou","log":"|j|\u2606early_human\n|j|\u2606egalvanc\n|t:|1603492114\n|player|p1|early_human|169|1754\n|player|p2|egalvanc|nate|1693\n|teamsize|p1|6\n|teamsize|p2|6\n|gametype|singles\n|gen|8\n|tier|[Gen 8] OU\n|rated|\n|clearpoke\n|poke|p1|Regieleki|\n|poke|p1|Manectric, F|\n|poke|p1|Buzzwole|\n|poke|p1|Heatran, M|\n|poke|p1|Toxapex, F|\n|poke|p1|Latios, M|\n|poke|p2|Garchomp, F|\n|poke|p2|Kyurem-Black|\n|poke|p2|Latias, F|\n|poke|p2|Clefable, M|\n|poke|p2|Swampert, F|\n|poke|p2|Jirachi|\n|rule|Sleep Clause Mod: Limit one foe put to sleep\n|rule|Species Clause: Limit one of each Pok\u00e9mon\n|rule|OHKO Clause: OHKO moves are banned\n|rule|Evasion Moves Clause: Evasion moves are banned\n|rule|Endless Battle Clause: Forcing endless battles is banned\n|rule|HP Percentage Mod: HP is shown in percentages\n|rule|Dynamax Clause: You cannot dynamax\n|teampreview\n|j| adanhoost\n|l| adanhoost\n|j| bp~\n|c| bp~|Nice ORAS team\n|\n|t:|1603492172\n|start\n|switch|p1a: Latios|Latios, M|100\/100\n|switch|p2a: Garchomp|Garchomp, F|100\/100\n|turn|1\n|inactive|Battle timer is ON: inactive players will automatically lose when time's up. (requested by early_human)\n|j| Kyotoshi\n|inactive|egalvanc has 120 seconds left.\n|\n|t:|1603492208\n|switch|p2a: Jirachi|Jirachi|100\/100\n|move|p1a: Latios|Trick|p2a: Jirachi\n|-activate|p1a: Latios|move: Trick|[of] p2a: Jirachi\n|-item|p2a: Jirachi|Choice Specs|[from] move: Trick\n|-item|p1a: Latios|Choice Scarf|[from] move: Trick\n|\n|upkeep\n|turn|2\n|\n|t:|1603492221\n|switch|p1a: Toxapex|Toxapex, F|100\/100\n|move|p2a: Jirachi|Trick|p1a: Toxapex\n|-activate|p2a: Jirachi|move: Trick|[of] p1a: Toxapex\n|-item|p1a: Toxapex|Choice Specs|[from] move: Trick\n|-item|p2a: Jirachi|Rocky Helmet|[from] move: Trick\n|\n|upkeep\n|turn|3\n|\n|t:|1603492227\n|move|p2a: Jirachi|U-turn|p1a: Toxapex\n|-resisted|p1a: Toxapex\n|-damage|p1a: Toxapex|95\/100\n|\n|t:|1603492230\n|switch|p2a: Clefable|Clefable, M|100\/100|[from]move: U-turn\n|move|p1a: Toxapex|Toxic Spikes|p2a: Clefable\n|-sidestart|p2: egalvanc|move: Toxic Spikes\n|\n|upkeep\n|turn|4\n|\n|t:|1603492241\n|switch|p1a: Latios|Latios, M|100\/100\n|move|p2a: Clefable|Teleport|p2a: Clefable\n|\n|t:|1603492243\n|switch|p2a: Jirachi|Jirachi|100\/100|[from]move: Teleport\n|\n|upkeep\n|turn|5\n|\n|t:|1603492247\n|switch|p1a: Toxapex|Toxapex, F|100\/100\n|move|p2a: Jirachi|U-turn|p1a: Toxapex\n|-resisted|p1a: Toxapex\n|-damage|p1a: Toxapex|96\/100\n|\n|t:|1603492249\n|switch|p2a: Latias|Latias, F|100\/100|[from]move: U-turn\n|\n|upkeep\n|turn|6\n|\n|t:|1603492262\n|switch|p1a: Heatran|Heatran, M|100\/100\n|move|p2a: Latias|Defog|p1a: Heatran\n|-unboost|p1a: Heatran|evasion|1\n|-sideend|p2: egalvanc|Toxic Spikes|[from] move: Defog|[of] p2a: Latias\n|\n|upkeep\n|turn|7\n|\n|t:|1603492266\n|switch|p2a: Swampert|Swampert, F|100\/100\n|move|p1a: Heatran|Toxic|p2a: Swampert\n|-status|p2a: Swampert|tox\n|\n|-damage|p2a: Swampert|94\/100 tox|[from] psn\n|upkeep\n|turn|8\n|\n|t:|1603492271\n|switch|p1a: Buzzwole|Buzzwole|100\/100\n|move|p2a: Swampert|Stealth Rock|p1a: Buzzwole\n|-sidestart|p1: early_human|move: Stealth Rock\n|\n|-heal|p2a: Swampert|100\/100 tox|[from] item: Leftovers\n|-damage|p2a: Swampert|88\/100 tox|[from] psn\n|upkeep\n|turn|9\n|\n|t:|1603492278\n|switch|p1a: Toxapex|Toxapex, F|100\/100\n|-damage|p1a: Toxapex|88\/100|[from] Stealth Rock\n|switch|p2a: Clefable|Clefable, M|100\/100\n|\n|upkeep\n|turn|10\n|\n|t:|1603492283\n|switch|p2a: Kyurem|Kyurem-Black|100\/100\n|-ability|p2a: Kyurem|Teravolt\n|move|p1a: Toxapex|Toxic Spikes|p2a: Kyurem\n|-sidestart|p2: egalvanc|move: Toxic Spikes\n|\n|upkeep\n|turn|11\n|\n|t:|1603492285\n|switch|p1a: Buzzwole|Buzzwole|100\/100\n|-damage|p1a: Buzzwole|88\/100|[from] Stealth Rock\n|move|p2a: Kyurem|Dragon Dance|p2a: Kyurem\n|-boost|p2a: Kyurem|atk|1\n|-boost|p2a: Kyurem|spe|1\n|\n|-heal|p1a: Buzzwole|94\/100|[from] item: Leftovers\n|upkeep\n|turn|12\n|\n|t:|1603492288\n|move|p2a: Kyurem|Icicle Spear|p1a: Buzzwole\n|-damage|p1a: Buzzwole|83\/100\n|-damage|p1a: Buzzwole|70\/100\n|-hitcount|p1a: Buzzwole|2\n|move|p1a: Buzzwole|Drain Punch|p2a: Kyurem\n|-supereffective|p2a: Kyurem\n|-damage|p2a: Kyurem|47\/100\n|-heal|p1a: Buzzwole|96\/100|[from] drain|[of] p2a: Kyurem\n|\n|-heal|p2a: Kyurem|53\/100|[from] item: Leftovers\n|-heal|p1a: Buzzwole|100\/100|[from] item: Leftovers\n|upkeep\n|turn|13\n|\n|t:|1603492294\n|switch|p2a: Clefable|Clefable, M|100\/100\n|-status|p2a: Clefable|psn\n|move|p1a: Buzzwole|Drain Punch|p2a: Clefable\n|-resisted|p2a: Clefable\n|-damage|p2a: Clefable|86\/100 psn\n|\n|-heal|p2a: Clefable|92\/100 psn|[from] item: Leftovers\n|upkeep\n|turn|14\n|\n|t:|1603492297\n|switch|p1a: Heatran|Heatran, M|100\/100\n|-damage|p1a: Heatran|88\/100|[from] Stealth Rock\n|move|p2a: Clefable|Teleport|p2a: Clefable\n|\n|t:|1603492306\n|switch|p2a: Swampert|Swampert, F|88\/100 tox|[from]move: Teleport\n|\n|-heal|p1a: Heatran|94\/100|[from] item: Leftovers\n|-heal|p2a: Swampert|94\/100 tox|[from] item: Leftovers\n|-damage|p2a: Swampert|88\/100 tox|[from] psn\n|upkeep\n|turn|15\n|\n|t:|1603492309\n|switch|p1a: Latios|Latios, M|100\/100\n|-damage|p1a: Latios|88\/100|[from] Stealth Rock\n|move|p2a: Swampert|Scald|p1a: Latios\n|-resisted|p1a: Latios\n|-damage|p1a: Latios|76\/100\n|\n|-heal|p2a: Swampert|94\/100 tox|[from] item: Leftovers\n|-damage|p2a: Swampert|82\/100 tox|[from] psn\n|upkeep\n|turn|16\n|\n|t:|1603492314\n|switch|p2a: Jirachi|Jirachi|100\/100\n|move|p1a: Latios|Psychic|p2a: Jirachi\n|-resisted|p2a: Jirachi\n|-damage|p2a: Jirachi|91\/100\n|\n|upkeep\n|turn|17\n|\n|t:|1603492324\n|switch|p1a: Regieleki|Regieleki|100\/100\n|-damage|p1a: Regieleki|88\/100|[from] Stealth Rock\n|move|p2a: Jirachi|Trick|p1a: Regieleki\n|-activate|p2a: Jirachi|move: Trick|[of] p1a: Regieleki\n|-item|p1a: Regieleki|Rocky Helmet|[from] move: Trick\n|-item|p2a: Jirachi|Leftovers|[from] move: Trick\n|\n|-heal|p2a: Jirachi|97\/100|[from] item: Leftovers\n|upkeep\n|turn|18\n|\n|t:|1603492335\n|switch|p2a: Swampert|Swampert, F|82\/100 tox\n|move|p1a: Regieleki|Rapid Spin|p2a: Swampert\n|-damage|p2a: Swampert|76\/100 tox\n|-boost|p1a: Regieleki|spe|1\n|-sideend|p1: early_human|Stealth Rock|[from] move: Rapid Spin|[of] p1a: Regieleki\n|\n|-heal|p2a: Swampert|82\/100 tox|[from] item: Leftovers\n|-damage|p2a: Swampert|76\/100 tox|[from] psn\n|upkeep\n|turn|19\n|\n|t:|1603492347\n|switch|p1a: Latios|Latios, M|76\/100\n|move|p2a: Swampert|Stealth Rock|p1a: Latios\n|-sidestart|p1: early_human|move: Stealth Rock\n|\n|-heal|p2a: Swampert|82\/100 tox|[from] item: Leftovers\n|-damage|p2a: Swampert|70\/100 tox|[from] psn\n|upkeep\n|turn|20\n|\n|t:|1603492353\n|switch|p2a: Jirachi|Jirachi|97\/100\n|move|p1a: Latios|Trick|p2a: Jirachi\n|-activate|p1a: Latios|move: Trick|[of] p2a: Jirachi\n|-item|p2a: Jirachi|Choice Scarf|[from] move: Trick\n|-item|p1a: Latios|Leftovers|[from] move: Trick\n|\n|-heal|p1a: Latios|82\/100|[from] item: Leftovers\n|upkeep\n|turn|21\n|\n|t:|1603492358\n|switch|p1a: Toxapex|Toxapex, F|100\/100\n|-damage|p1a: Toxapex|88\/100|[from] Stealth Rock\n|move|p2a: Jirachi|U-turn|p1a: Toxapex\n|-resisted|p1a: Toxapex\n|-damage|p1a: Toxapex|84\/100\n|\n|t:|1603492361\n|switch|p2a: Latias|Latias, F|100\/100|[from]move: U-turn\n|\n|upkeep\n|turn|22\n|\n|t:|1603492364\n|switch|p1a: Heatran|Heatran, M|94\/100\n|-damage|p1a: Heatran|82\/100|[from] Stealth Rock\n|move|p2a: Latias|Defog|p1a: Heatran\n|-unboost|p1a: Heatran|evasion|1\n|-sideend|p1: early_human|Stealth Rock|[from] move: Defog|[of] p2a: Latias\n|-sideend|p2: egalvanc|Toxic Spikes|[from] move: Defog|[of] p2a: Latias\n|\n|-heal|p1a: Heatran|88\/100|[from] item: Leftovers\n|upkeep\n|turn|23\n|\n|t:|1603492368\n|switch|p2a: Garchomp|Garchomp, F|100\/100\n|move|p1a: Heatran|Stealth Rock|p2a: Garchomp\n|-sidestart|p2: egalvanc|move: Stealth Rock\n|\n|-heal|p1a: Heatran|94\/100|[from] item: Leftovers\n|upkeep\n|turn|24\n|\n|t:|1603492373\n|switch|p1a: Buzzwole|Buzzwole|100\/100\n|move|p2a: Garchomp|Swords Dance|p2a: Garchomp\n|-boost|p2a: Garchomp|atk|2\n|\n|upkeep\n|turn|25\n|\n|t:|1603492378\n|move|p2a: Garchomp|Outrage|p1a: Buzzwole\n|-damage|p1a: Buzzwole|12\/100\n|-damage|p2a: Garchomp|91\/100|[from] item: Life Orb\n|move|p1a: Buzzwole|Ice Punch|p2a: Garchomp\n|-supereffective|p2a: Garchomp\n|-damage|p2a: Garchomp|1\/100\n|-damage|p1a: Buzzwole|0 fnt|[from] ability: Rough Skin|[of] p2a: Garchomp\n|faint|p1a: Buzzwole\n|\n|upkeep\n|\n|t:|1603492394\n|switch|p1a: Manectric|Manectric, F|100\/100\n|turn|26\n|\n|t:|1603492396\n|move|p1a: Manectric|Flamethrower|p2a: Garchomp\n|-resisted|p2a: Garchomp\n|-damage|p2a: Garchomp|0 fnt\n|faint|p2a: Garchomp\n|\n|upkeep\n|\n|t:|1603492399\n|switch|p2a: Swampert|Swampert, F|70\/100 tox\n|-damage|p2a: Swampert|64\/100 tox|[from] Stealth Rock\n|turn|27\n|\n|t:|1603492400\n|move|p1a: Manectric|Switcheroo|p2a: Swampert\n|-activate|p1a: Manectric|move: Trick|[of] p2a: Swampert\n|-item|p2a: Swampert|Ring Target|[from] move: Switcheroo\n|-item|p1a: Manectric|Leftovers|[from] move: Switcheroo\n|move|p2a: Swampert|Stealth Rock|p1a: Manectric\n|-sidestart|p1: early_human|move: Stealth Rock\n|\n|-damage|p2a: Swampert|57\/100 tox|[from] psn\n|upkeep\n|turn|28\n|\n|t:|1603492405\n|switch|p2a: Latias|Latias, F|100\/100\n|-damage|p2a: Latias|88\/100|[from] Stealth Rock\n|move|p1a: Manectric|Volt Switch|p2a: Latias\n|-resisted|p2a: Latias\n|-damage|p2a: Latias|76\/100\n|\n|t:|1603492412\n|switch|p1a: Heatran|Heatran, M|94\/100|[from]move: Volt Switch\n|-damage|p1a: Heatran|82\/100|[from] Stealth Rock\n|\n|-heal|p2a: Latias|82\/100|[from] item: Leftovers\n|-heal|p1a: Heatran|88\/100|[from] item: Leftovers\n|upkeep\n|turn|29\n|\n|t:|1603492416\n|switch|p2a: Clefable|Clefable, M|92\/100 psn\n|move|p1a: Heatran|Toxic||[still]\n|-fail|p1a: Heatran\n|\n|-heal|p1a: Heatran|94\/100|[from] item: Leftovers\n|-heal|p2a: Clefable|98\/100 psn|[from] item: Leftovers\n|upkeep\n|turn|30\n|\n|t:|1603492422\n|move|p1a: Heatran|Lava Plume|p2a: Clefable\n|-damage|p2a: Clefable|69\/100 psn\n|move|p2a: Clefable|Wish|p2a: Clefable\n|\n|-heal|p1a: Heatran|100\/100|[from] item: Leftovers\n|-heal|p2a: Clefable|75\/100 psn|[from] item: Leftovers\n|upkeep\n|turn|31\n|\n|t:|1603492427\n|move|p1a: Heatran|Lava Plume|p2a: Clefable\n|-damage|p2a: Clefable|44\/100 psn\n|move|p2a: Clefable|Teleport|p2a: Clefable\n|\n|t:|1603492429\n|switch|p2a: Kyurem|Kyurem-Black|53\/100|[from]move: Teleport\n|-damage|p2a: Kyurem|28\/100|[from] Stealth Rock\n|-ability|p2a: Kyurem|Teravolt\n|\n|-heal|p2a: Kyurem|77\/100|[from] move: Wish|[wisher] Clefable\n|-heal|p2a: Kyurem|83\/100|[from] item: Leftovers\n|upkeep\n|turn|32\n|\n|t:|1603492439\n|move|p2a: Kyurem|Earth Power|p1a: Heatran\n|-supereffective|p1a: Heatran\n|-damage|p1a: Heatran|51\/100\n|-unboost|p1a: Heatran|spd|1\n|move|p1a: Heatran|Lava Plume|p2a: Kyurem\n|-damage|p2a: Kyurem|56\/100\n|\n|-heal|p2a: Kyurem|62\/100|[from] item: Leftovers\n|-heal|p1a: Heatran|57\/100|[from] item: Leftovers\n|upkeep\n|turn|33\n|\n|t:|1603492451\n|move|p2a: Kyurem|Dragon Dance|p2a: Kyurem\n|-boost|p2a: Kyurem|atk|1\n|-boost|p2a: Kyurem|spe|1\n|move|p1a: Heatran|Toxic|p2a: Kyurem\n|-status|p2a: Kyurem|tox\n|\n|-heal|p2a: Kyurem|68\/100 tox|[from] item: Leftovers\n|-heal|p1a: Heatran|63\/100|[from] item: Leftovers\n|-damage|p2a: Kyurem|62\/100 tox|[from] psn\n|upkeep\n|turn|34\n|\n|t:|1603492455\n|switch|p1a: Latios|Latios, M|82\/100\n|-damage|p1a: Latios|69\/100|[from] Stealth Rock\n|move|p2a: Kyurem|Earth Power|p1a: Latios\n|-damage|p1a: Latios|48\/100\n|\n|-heal|p2a: Kyurem|68\/100 tox|[from] item: Leftovers\n|-heal|p1a: Latios|54\/100|[from] item: Leftovers\n|-damage|p2a: Kyurem|56\/100 tox|[from] psn\n|upkeep\n|turn|35\n|\n|t:|1603492460\n|switch|p1a: Toxapex|Toxapex, F|100\/100\n|-damage|p1a: Toxapex|88\/100|[from] Stealth Rock\n|move|p2a: Kyurem|Icicle Spear|p1a: Toxapex\n|-resisted|p1a: Toxapex\n|-damage|p1a: Toxapex|82\/100\n|-resisted|p1a: Toxapex\n|-damage|p1a: Toxapex|75\/100\n|-resisted|p1a: Toxapex\n|-damage|p1a: Toxapex|67\/100\n|-hitcount|p1a: Toxapex|3\n|\n|-heal|p2a: Kyurem|62\/100 tox|[from] item: Leftovers\n|-damage|p2a: Kyurem|43\/100 tox|[from] psn\n|upkeep\n|turn|36\n|l| bp~\n|\n|t:|1603492467\n|move|p2a: Kyurem|Fusion Bolt|p1a: Toxapex\n|-supereffective|p1a: Toxapex\n|-damage|p1a: Toxapex|0 fnt\n|faint|p1a: Toxapex\n|\n|-heal|p2a: Kyurem|50\/100 tox|[from] item: Leftovers\n|-damage|p2a: Kyurem|25\/100 tox|[from] psn\n|upkeep\n|\n|t:|1603492472\n|switch|p1a: Regieleki|Regieleki|88\/100\n|-damage|p1a: Regieleki|76\/100|[from] Stealth Rock\n|turn|37\n|\n|t:|1603492481\n|move|p1a: Regieleki|Protect|p1a: Regieleki\n|-singleturn|p1a: Regieleki|Protect\n|move|p2a: Kyurem|Icicle Spear|p1a: Regieleki\n|-activate|p1a: Regieleki|move: Protect\n|\n|-heal|p2a: Kyurem|31\/100 tox|[from] item: Leftovers\n|-damage|p2a: Kyurem|0 fnt|[from] psn\n|faint|p2a: Kyurem\n|upkeep\n|\n|t:|1603492491\n|switch|p2a: Latias|Latias, F|82\/100\n|-damage|p2a: Latias|70\/100|[from] Stealth Rock\n|turn|38\n|\n|t:|1603492496\n|move|p1a: Regieleki|Volt Switch|p2a: Latias\n|-resisted|p2a: Latias\n|-damage|p2a: Latias|54\/100\n|\n|t:|1603492500\n|switch|p1a: Heatran|Heatran, M|63\/100|[from]move: Volt Switch\n|-damage|p1a: Heatran|51\/100|[from] Stealth Rock\n|move|p2a: Latias|Draco Meteor|p1a: Heatran|[miss]\n|-miss|p2a: Latias|p1a: Heatran\n|\n|-heal|p2a: Latias|60\/100|[from] item: Leftovers\n|-heal|p1a: Heatran|57\/100|[from] item: Leftovers\n|upkeep\n|turn|39\n|\n|t:|1603492505\n|switch|p2a: Swampert|Swampert, F|57\/100 tox\n|-damage|p2a: Swampert|51\/100 tox|[from] Stealth Rock\n|move|p1a: Heatran|Lava Plume|p2a: Swampert\n|-resisted|p2a: Swampert\n|-damage|p2a: Swampert|35\/100 tox\n|\n|-heal|p1a: Heatran|63\/100|[from] item: Leftovers\n|-damage|p2a: Swampert|28\/100 tox|[from] psn\n|upkeep\n|turn|40\n|\n|t:|1603492509\n|switch|p1a: Latios|Latios, M|54\/100\n|-damage|p1a: Latios|42\/100|[from] Stealth Rock\n|move|p2a: Swampert|Scald|p1a: Latios\n|-resisted|p1a: Latios\n|-damage|p1a: Latios|24\/100\n|-status|p1a: Latios|brn\n|\n|-heal|p1a: Latios|30\/100 brn|[from] item: Leftovers\n|-damage|p1a: Latios|24\/100 brn|[from] brn\n|-damage|p2a: Swampert|16\/100 tox|[from] psn\n|upkeep\n|turn|41\n|\n|t:|1603492518\n|switch|p2a: Jirachi|Jirachi|97\/100\n|-damage|p2a: Jirachi|91\/100|[from] Stealth Rock\n|move|p1a: Latios|Aura Sphere|p2a: Jirachi\n|-damage|p2a: Jirachi|68\/100\n|\n|-heal|p1a: Latios|30\/100 brn|[from] item: Leftovers\n|-damage|p1a: Latios|24\/100 brn|[from] brn\n|upkeep\n|turn|42\n|\n|t:|1603492530\n|switch|p1a: Manectric|Manectric, F|100\/100\n|-damage|p1a: Manectric|88\/100|[from] Stealth Rock\n|move|p2a: Jirachi|U-turn|p1a: Manectric\n|-damage|p1a: Manectric|58\/100\n|\n|t:|1603492534\n|switch|p2a: Clefable|Clefable, M|44\/100 psn|[from]move: U-turn\n|\n|-heal|p1a: Manectric|64\/100|[from] item: Leftovers\n|-heal|p2a: Clefable|50\/100 psn|[from] item: Leftovers\n|upkeep\n|turn|43\n|\n|t:|1603492539\n|move|p2a: Clefable|Protect|p2a: Clefable\n|-singleturn|p2a: Clefable|Protect\n|move|p1a: Manectric|Volt Switch|p2a: Clefable\n|-activate|p2a: Clefable|move: Protect\n|\n|-heal|p1a: Manectric|70\/100|[from] item: Leftovers\n|-heal|p2a: Clefable|56\/100 psn|[from] item: Leftovers\n|upkeep\n|turn|44\n|\n|t:|1603492541\n|move|p1a: Manectric|Volt Switch|p2a: Clefable\n|-damage|p2a: Clefable|26\/100 psn\n|\n|t:|1603492552\n|switch|p1a: Regieleki|Regieleki|76\/100|[from]move: Volt Switch\n|-damage|p1a: Regieleki|63\/100|[from] Stealth Rock\n|move|p2a: Clefable|Wish|p2a: Clefable\n|\n|-heal|p2a: Clefable|32\/100 psn|[from] item: Leftovers\n|upkeep\n|turn|45\n|\n|t:|1603492556\n|move|p2a: Clefable|Protect|p2a: Clefable\n|-singleturn|p2a: Clefable|Protect\n|move|p1a: Regieleki|Thunder Cage|p2a: Clefable\n|-activate|p2a: Clefable|move: Protect\n|\n|-heal|p2a: Clefable|82\/100 psn|[from] move: Wish|[wisher] Clefable\n|-heal|p2a: Clefable|88\/100 psn|[from] item: Leftovers\n|upkeep\n|turn|46\n|\n|t:|1603492559\n|move|p1a: Regieleki|Thunder Cage|p2a: Clefable\n|-damage|p2a: Clefable|38\/100 psn\n|-activate|p2a: Clefable|move: Thunder Cage|[of] p1a: Regieleki\n|move|p2a: Clefable|Wish|p2a: Clefable\n|\n|-heal|p2a: Clefable|44\/100 psn|[from] item: Leftovers\n|upkeep\n|turn|47\n|\n|t:|1603492566\n|move|p2a: Clefable|Protect|p2a: Clefable\n|-singleturn|p2a: Clefable|Protect\n|move|p1a: Regieleki|Thunder Cage|p2a: Clefable\n|-activate|p2a: Clefable|move: Protect\n|\n|-heal|p2a: Clefable|94\/100 psn|[from] move: Wish|[wisher] Clefable\n|-heal|p2a: Clefable|99\/100 psn|[from] item: Leftovers\n|upkeep\n|turn|48\n|\n|t:|1603492568\n|move|p1a: Regieleki|Thunder Cage|p2a: Clefable\n|-damage|p2a: Clefable|56\/100 psn\n|move|p2a: Clefable|Wish|p2a: Clefable\n|\n|-heal|p2a: Clefable|62\/100 psn|[from] item: Leftovers\n|upkeep\n|turn|49\n|\n|t:|1603492576\n|move|p1a: Regieleki|Protect|p1a: Regieleki\n|-singleturn|p1a: Regieleki|Protect\n|move|p2a: Clefable|Moonblast|p1a: Regieleki\n|-activate|p1a: Regieleki|move: Protect\n|\n|-heal|p2a: Clefable|100\/100 psn|[from] move: Wish|[wisher] Clefable\n|upkeep\n|turn|50\n|l| Kyotoshi\n|\n|t:|1603492605\n|move|p2a: Clefable|Protect|p2a: Clefable\n|-singleturn|p2a: Clefable|Protect\n|move|p1a: Regieleki|Volt Switch|p2a: Clefable\n|-activate|p2a: Clefable|move: Protect\n|\n|-end|p2a: Clefable|Thunder Cage|[partiallytrapped]\n|upkeep\n|turn|51\n|\n|t:|1603492610\n|move|p1a: Regieleki|Rapid Spin|p2a: Clefable\n|-damage|p2a: Clefable|94\/100 psn\n|-boost|p1a: Regieleki|spe|1\n|-sideend|p1: early_human|Stealth Rock|[from] move: Rapid Spin|[of] p1a: Regieleki\n|move|p2a: Clefable|Wish|p2a: Clefable\n|\n|-heal|p2a: Clefable|99\/100 psn|[from] item: Leftovers\n|upkeep\n|turn|52\n|\n|t:|1603492615\n|move|p1a: Regieleki|Volt Switch|p2a: Clefable\n|-damage|p2a: Clefable|58\/100 psn\n|\n|t:|1603492617\n|switch|p1a: Heatran|Heatran, M|63\/100|[from]move: Volt Switch\n|move|p2a: Clefable|Teleport|p2a: Clefable\n|\n|t:|1603492622\n|switch|p2a: Swampert|Swampert, F|16\/100 tox|[from]move: Teleport\n|-damage|p2a: Swampert|10\/100 tox|[from] Stealth Rock\n|\n|-heal|p2a: Swampert|59\/100 tox|[from] move: Wish|[wisher] Clefable\n|-heal|p1a: Heatran|69\/100|[from] item: Leftovers\n|-damage|p2a: Swampert|52\/100 tox|[from] psn\n|upkeep\n|turn|53\n|\n|t:|1603492628\n|switch|p1a: Latios|Latios, M|24\/100 brn\n|move|p2a: Swampert|Scald|p1a: Latios\n|-resisted|p1a: Latios\n|-damage|p1a: Latios|11\/100 brn\n|\n|-heal|p1a: Latios|17\/100 brn|[from] item: Leftovers\n|-damage|p1a: Latios|11\/100 brn|[from] brn\n|-damage|p2a: Swampert|40\/100 tox|[from] psn\n|upkeep\n|turn|54\n|\n|t:|1603492631\n|switch|p1a: Regieleki|Regieleki|63\/100\n|switch|p2a: Jirachi|Jirachi|68\/100\n|-damage|p2a: Jirachi|62\/100|[from] Stealth Rock\n|\n|upkeep\n|turn|55\n|\n|t:|1603492635\n|switch|p2a: Swampert|Swampert, F|40\/100 tox\n|-damage|p2a: Swampert|34\/100 tox|[from] Stealth Rock\n|move|p1a: Regieleki|Thunder Cage|p2a: Swampert\n|-supereffective|p2a: Swampert\n|-damage|p2a: Swampert|0 fnt\n|faint|p2a: Swampert\n|\n|upkeep\n|\n|t:|1603492637\n|switch|p2a: Latias|Latias, F|60\/100\n|-damage|p2a: Latias|48\/100|[from] Stealth Rock\n|turn|56\n|\n|t:|1603492639\n|move|p1a: Regieleki|Volt Switch|p2a: Latias\n|-resisted|p2a: Latias\n|-damage|p2a: Latias|30\/100\n|\n|t:|1603492642\n|switch|p1a: Heatran|Heatran, M|69\/100|[from]move: Volt Switch\n|move|p2a: Latias|Roost|p2a: Latias\n|-heal|p2a: Latias|80\/100\n|-singleturn|p2a: Latias|move: Roost\n|\n|-heal|p2a: Latias|86\/100|[from] item: Leftovers\n|-heal|p1a: Heatran|76\/100|[from] item: Leftovers\n|upkeep\n|turn|57\n|\n|t:|1603492648\n|switch|p1a: Regieleki|Regieleki|63\/100\n|move|p2a: Latias|Defog|p1a: Regieleki\n|-unboost|p1a: Regieleki|evasion|1\n|-sideend|p2: egalvanc|Stealth Rock|[from] move: Defog|[of] p2a: Latias\n|\n|-heal|p2a: Latias|92\/100|[from] item: Leftovers\n|upkeep\n|turn|58\n|\n|t:|1603492652\n|move|p1a: Regieleki|Volt Switch|p2a: Latias\n|-resisted|p2a: Latias\n|-damage|p2a: Latias|75\/100\n|\n|t:|1603492655\n|switch|p1a: Heatran|Heatran, M|76\/100|[from]move: Volt Switch\n|move|p2a: Latias|Draco Meteor|p1a: Heatran\n|-resisted|p1a: Heatran\n|-damage|p1a: Heatran|61\/100\n|-unboost|p2a: Latias|spa|2\n|\n|-heal|p2a: Latias|81\/100|[from] item: Leftovers\n|-heal|p1a: Heatran|67\/100|[from] item: Leftovers\n|upkeep\n|turn|59\n|\n|t:|1603492658\n|switch|p2a: Clefable|Clefable, M|58\/100 psn\n|move|p1a: Heatran|Stealth Rock|p2a: Clefable\n|-sidestart|p2: egalvanc|move: Stealth Rock\n|\n|-heal|p1a: Heatran|74\/100|[from] item: Leftovers\n|-heal|p2a: Clefable|64\/100 psn|[from] item: Leftovers\n|upkeep\n|turn|60\n|\n|t:|1603492662\n|move|p1a: Heatran|Lava Plume|p2a: Clefable\n|-damage|p2a: Clefable|31\/100 psn\n|move|p2a: Clefable|Wish|p2a: Clefable\n|\n|-heal|p1a: Heatran|80\/100|[from] item: Leftovers\n|-heal|p2a: Clefable|37\/100 psn|[from] item: Leftovers\n|upkeep\n|turn|61\n|\n|t:|1603492666\n|move|p2a: Clefable|Protect|p2a: Clefable\n|-singleturn|p2a: Clefable|Protect\n|move|p1a: Heatran|Earth Power|p2a: Clefable\n|-activate|p2a: Clefable|move: Protect\n|\n|-heal|p2a: Clefable|87\/100 psn|[from] move: Wish|[wisher] Clefable\n|-heal|p1a: Heatran|86\/100|[from] item: Leftovers\n|-heal|p2a: Clefable|93\/100 psn|[from] item: Leftovers\n|upkeep\n|turn|62\n|\n|t:|1603492668\n|move|p1a: Heatran|Lava Plume|p2a: Clefable\n|-damage|p2a: Clefable|60\/100 psn\n|move|p2a: Clefable|Wish|p2a: Clefable\n|\n|-heal|p1a: Heatran|92\/100|[from] item: Leftovers\n|-heal|p2a: Clefable|66\/100 psn|[from] item: Leftovers\n|upkeep\n|turn|63\n|\n|t:|1603492671\n|move|p1a: Heatran|Lava Plume|p2a: Clefable\n|-damage|p2a: Clefable|32\/100 psn\n|move|p2a: Clefable|Moonblast|p1a: Heatran\n|-resisted|p1a: Heatran\n|-damage|p1a: Heatran|87\/100\n|\n|-heal|p2a: Clefable|82\/100 psn|[from] move: Wish|[wisher] Clefable\n|-heal|p1a: Heatran|94\/100|[from] item: Leftovers\n|-heal|p2a: Clefable|89\/100 psn|[from] item: Leftovers\n|upkeep\n|turn|64\n|\n|t:|1603492674\n|move|p2a: Clefable|Protect|p2a: Clefable\n|-singleturn|p2a: Clefable|Protect\n|move|p1a: Heatran|Earth Power|p2a: Clefable\n|-activate|p2a: Clefable|move: Protect\n|\n|-heal|p1a: Heatran|99\/100|[from] item: Leftovers\n|-heal|p2a: Clefable|95\/100 psn|[from] item: Leftovers\n|upkeep\n|turn|65\n|\n|t:|1603492676\n|move|p1a: Heatran|Lava Plume|p2a: Clefable\n|-damage|p2a: Clefable|66\/100 psn\n|move|p2a: Clefable|Wish|p2a: Clefable\n|\n|-heal|p1a: Heatran|100\/100|[from] item: Leftovers\n|-heal|p2a: Clefable|72\/100 psn|[from] item: Leftovers\n|upkeep\n|turn|66\n|\n|t:|1603492679\n|move|p1a: Heatran|Stealth Rock||[still]\n|-fail|p1a: Heatran\n|move|p2a: Clefable|Moonblast|p1a: Heatran\n|-resisted|p1a: Heatran\n|-damage|p1a: Heatran|96\/100\n|-unboost|p1a: Heatran|spa|1\n|\n|-heal|p2a: Clefable|100\/100 psn|[from] move: Wish|[wisher] Clefable\n|-heal|p1a: Heatran|100\/100|[from] item: Leftovers\n|upkeep\n|turn|67\n|\n|t:|1603492684\n|move|p1a: Heatran|Earth Power|p2a: Clefable\n|-damage|p2a: Clefable|86\/100 psn\n|move|p2a: Clefable|Moonblast|p1a: Heatran\n|-resisted|p1a: Heatran\n|-damage|p1a: Heatran|96\/100\n|\n|-heal|p1a: Heatran|100\/100|[from] item: Leftovers\n|-heal|p2a: Clefable|92\/100 psn|[from] item: Leftovers\n|upkeep\n|turn|68\n|\n|t:|1603492690\n|move|p1a: Heatran|Stealth Rock||[still]\n|-fail|p1a: Heatran\n|move|p2a: Clefable|Moonblast|p1a: Heatran\n|-resisted|p1a: Heatran\n|-damage|p1a: Heatran|96\/100\n|\n|-heal|p1a: Heatran|100\/100|[from] item: Leftovers\n|-heal|p2a: Clefable|98\/100 psn|[from] item: Leftovers\n|upkeep\n|turn|69\n|\n|t:|1603492693\n|move|p1a: Heatran|Earth Power|p2a: Clefable\n|-damage|p2a: Clefable|84\/100 psn\n|move|p2a: Clefable|Teleport|p2a: Clefable\n|\n|t:|1603492694\n|switch|p2a: Latias|Latias, F|81\/100|[from]move: Teleport\n|-damage|p2a: Latias|68\/100|[from] Stealth Rock\n|\n|-heal|p2a: Latias|75\/100|[from] item: Leftovers\n|upkeep\n|turn|70\n|c|\u2606early_human|just give up\n|\n|t:|1603492696\n|switch|p2a: Clefable|Clefable, M|84\/100 psn\n|move|p1a: Heatran|Toxic||[still]\n|-fail|p1a: Heatran\n|\n|-heal|p2a: Clefable|90\/100 psn|[from] item: Leftovers\n|upkeep\n|turn|71\n|\n|t:|1603492698\n|move|p1a: Heatran|Stealth Rock||[still]\n|-fail|p1a: Heatran\n|move|p2a: Clefable|Teleport|p2a: Clefable\n|\n|t:|1603492699\n|switch|p2a: Latias|Latias, F|75\/100|[from]move: Teleport\n|-damage|p2a: Latias|62\/100|[from] Stealth Rock\n|\n|-heal|p2a: Latias|68\/100|[from] item: Leftovers\n|upkeep\n|turn|72\n|\n|t:|1603492701\n|switch|p2a: Clefable|Clefable, M|90\/100 psn\n|move|p1a: Heatran|Toxic||[still]\n|-fail|p1a: Heatran\n|\n|-heal|p2a: Clefable|96\/100 psn|[from] item: Leftovers\n|upkeep\n|turn|73\n|c|\u2606early_human|you know i deserve this\n|\n|t:|1603492705\n|move|p1a: Heatran|Stealth Rock||[still]\n|-fail|p1a: Heatran\n|move|p2a: Clefable|Teleport|p2a: Clefable\n|\n|t:|1603492707\n|switch|p2a: Latias|Latias, F|68\/100|[from]move: Teleport\n|-damage|p2a: Latias|56\/100|[from] Stealth Rock\n|\n|-heal|p2a: Latias|62\/100|[from] item: Leftovers\n|upkeep\n|turn|74\n|\n|t:|1603492713\n|switch|p2a: Clefable|Clefable, M|96\/100 psn\n|move|p1a: Heatran|Toxic||[still]\n|-fail|p1a: Heatran\n|\n|-heal|p2a: Clefable|100\/100 psn|[from] item: Leftovers\n|upkeep\n|turn|75\n|\n|t:|1603492715\n|move|p1a: Heatran|Stealth Rock||[still]\n|-fail|p1a: Heatran\n|move|p2a: Clefable|Wish|p2a: Clefable\n|\n|upkeep\n|turn|76\n|c|\u2606early_human|you have to give up\n|\n|t:|1603492717\n|move|p1a: Heatran|Stealth Rock||[still]\n|-fail|p1a: Heatran\n|move|p2a: Clefable|Teleport|p2a: Clefable\n|\n|t:|1603492719\n|switch|p2a: Latias|Latias, F|62\/100|[from]move: Teleport\n|-damage|p2a: Latias|50\/100|[from] Stealth Rock\n|\n|-heal|p2a: Latias|100\/100|[from] move: Wish|[wisher] Clefable\n|upkeep\n|turn|77\n|\n|t:|1603492722\n|switch|p2a: Clefable|Clefable, M|100\/100 psn\n|move|p1a: Heatran|Stealth Rock||[still]\n|-fail|p1a: Heatran\n|\n|upkeep\n|turn|78\n|\n|t:|1603492726\n|move|p1a: Heatran|Stealth Rock||[still]\n|-fail|p1a: Heatran\n|move|p2a: Clefable|Teleport|p2a: Clefable\n|\n|t:|1603492730\n|switch|p2a: Latias|Latias, F|100\/100|[from]move: Teleport\n|-damage|p2a: Latias|88\/100|[from] Stealth Rock\n|\n|-heal|p2a: Latias|94\/100|[from] item: Leftovers\n|upkeep\n|turn|79\n|\n|t:|1603492736\n|switch|p2a: Clefable|Clefable, M|100\/100 psn\n|move|p1a: Heatran|Toxic||[still]\n|-fail|p1a: Heatran\n|\n|upkeep\n|turn|80\n|\n|t:|1603492739\n|switch|p1a: Manectric|Manectric, F|70\/100\n|move|p2a: Clefable|Moonblast|p1a: Manectric\n|-damage|p1a: Manectric|14\/100\n|-unboost|p1a: Manectric|spa|1\n|\n|-heal|p1a: Manectric|20\/100|[from] item: Leftovers\n|upkeep\n|turn|81\n|\n|t:|1603492744\n|move|p1a: Manectric|Volt Switch|p2a: Clefable\n|-damage|p2a: Clefable|82\/100 psn\n|\n|t:|1603492746\n|switch|p1a: Heatran|Heatran, M|100\/100|[from]move: Volt Switch\n|move|p2a: Clefable|Moonblast|p1a: Heatran\n|-resisted|p1a: Heatran\n|-damage|p1a: Heatran|96\/100\n|\n|-heal|p1a: Heatran|100\/100|[from] item: Leftovers\n|-heal|p2a: Clefable|88\/100 psn|[from] item: Leftovers\n|upkeep\n|turn|82\n|\n|t:|1603492750\n|move|p2a: Clefable|Protect|p2a: Clefable\n|-singleturn|p2a: Clefable|Protect\n|move|p1a: Heatran|Earth Power|p2a: Clefable\n|-activate|p2a: Clefable|move: Protect\n|\n|-heal|p2a: Clefable|94\/100 psn|[from] item: Leftovers\n|upkeep\n|turn|83\n|\n|t:|1603492754\n|move|p1a: Heatran|Earth Power|p2a: Clefable\n|-damage|p2a: Clefable|73\/100 psn\n|move|p2a: Clefable|Wish|p2a: Clefable\n|\n|-heal|p2a: Clefable|79\/100 psn|[from] item: Leftovers\n|upkeep\n|turn|84\n|\n|t:|1603492758\n|move|p1a: Heatran|Stealth Rock||[still]\n|-fail|p1a: Heatran\n|move|p2a: Clefable|Moonblast|p1a: Heatran\n|-resisted|p1a: Heatran\n|-damage|p1a: Heatran|96\/100\n|\n|-heal|p2a: Clefable|100\/100 psn|[from] move: Wish|[wisher] Clefable\n|-heal|p1a: Heatran|100\/100|[from] item: Leftovers\n|upkeep\n|turn|85\n|\n|t:|1603492776\n|move|p1a: Heatran|Earth Power|p2a: Clefable\n|-damage|p2a: Clefable|76\/100 psn\n|move|p2a: Clefable|Moonblast|p1a: Heatran\n|-resisted|p1a: Heatran\n|-damage|p1a: Heatran|96\/100\n|-unboost|p1a: Heatran|spa|1\n|\n|-heal|p1a: Heatran|100\/100|[from] item: Leftovers\n|-heal|p2a: Clefable|82\/100 psn|[from] item: Leftovers\n|upkeep\n|turn|86\n|\n|t:|1603492783\n|move|p1a: Heatran|Earth Power|p2a: Clefable\n|-damage|p2a: Clefable|66\/100 psn\n|move|p2a: Clefable|Moonblast|p1a: Heatran\n|-resisted|p1a: Heatran\n|-damage|p1a: Heatran|96\/100\n|-unboost|p1a: Heatran|spa|1\n|\n|-heal|p1a: Heatran|100\/100|[from] item: Leftovers\n|-heal|p2a: Clefable|72\/100 psn|[from] item: Leftovers\n|upkeep\n|turn|87\n|\n|t:|1603492786\n|move|p1a: Heatran|Stealth Rock||[still]\n|-fail|p1a: Heatran\n|move|p2a: Clefable|Moonblast|p1a: Heatran\n|-resisted|p1a: Heatran\n|-crit|p1a: Heatran\n|-damage|p1a: Heatran|94\/100\n|-unboost|p1a: Heatran|spa|1\n|\n|-heal|p1a: Heatran|99\/100|[from] item: Leftovers\n|-heal|p2a: Clefable|78\/100 psn|[from] item: Leftovers\n|upkeep\n|turn|88\n|\n|t:|1603492788\n|move|p1a: Heatran|Stealth Rock||[still]\n|-fail|p1a: Heatran\n|move|p2a: Clefable|Moonblast|p1a: Heatran\n|-resisted|p1a: Heatran\n|-damage|p1a: Heatran|96\/100\n|\n|-heal|p1a: Heatran|100\/100|[from] item: Leftovers\n|-heal|p2a: Clefable|85\/100 psn|[from] item: Leftovers\n|upkeep\n|turn|89\n|\n|t:|1603492791\n|move|p1a: Heatran|Stealth Rock||[still]\n|-fail|p1a: Heatran\n|move|p2a: Clefable|Wish|p2a: Clefable\n|\n|-heal|p2a: Clefable|91\/100 psn|[from] item: Leftovers\n|upkeep\n|turn|90\n|j| G00N Spike\n|\n|t:|1603492795\n|switch|p2a: Jirachi|Jirachi|62\/100\n|-damage|p2a: Jirachi|56\/100|[from] Stealth Rock\n|move|p1a: Heatran|Earth Power|p2a: Jirachi\n|-supereffective|p2a: Jirachi\n|-damage|p2a: Jirachi|39\/100\n|\n|-heal|p2a: Jirachi|88\/100|[from] move: Wish|[wisher] Clefable\n|upkeep\n|turn|91\n|\n|t:|1603492803\n|switch|p1a: Manectric|Manectric, F|20\/100\n|move|p2a: Jirachi|Trick|p1a: Manectric\n|-activate|p2a: Jirachi|move: Trick|[of] p1a: Manectric\n|-item|p1a: Manectric|Choice Scarf|[from] move: Trick\n|-item|p2a: Jirachi|Leftovers|[from] move: Trick\n|\n|-heal|p2a: Jirachi|94\/100|[from] item: Leftovers\n|upkeep\n|turn|92\n|\n|t:|1603492810\n|move|p1a: Manectric|Volt Switch|p2a: Jirachi\n|-damage|p2a: Jirachi|66\/100\n|\n|t:|1603492812\n|switch|p1a: Heatran|Heatran, M|100\/100|[from]move: Volt Switch\n|move|p2a: Jirachi|U-turn|p1a: Heatran\n|-resisted|p1a: Heatran\n|-damage|p1a: Heatran|97\/100\n|c| G00N Spike|just give up\n|\n|t:|1603492816\n|switch|p2a: Latias|Latias, F|94\/100|[from]move: U-turn\n|-damage|p2a: Latias|82\/100|[from] Stealth Rock\n|\n|-heal|p2a: Latias|88\/100|[from] item: Leftovers\n|-heal|p1a: Heatran|100\/100|[from] item: Leftovers\n|upkeep\n|turn|93\n|\n|t:|1603492819\n|switch|p2a: Clefable|Clefable, M|91\/100 psn\n|switch|p1a: Regieleki|Regieleki|63\/100\n|\n|-heal|p2a: Clefable|97\/100 psn|[from] item: Leftovers\n|upkeep\n|turn|94\n|\n|t:|1603492824\n|move|p1a: Regieleki|Protect|p1a: Regieleki\n|-singleturn|p1a: Regieleki|Protect\n|move|p2a: Clefable|Teleport|p2a: Clefable\n|\n|t:|1603492831\n|switch|p2a: Latias|Latias, F|88\/100|[from]move: Teleport\n|-damage|p2a: Latias|76\/100|[from] Stealth Rock\n|\n|-heal|p2a: Latias|82\/100|[from] item: Leftovers\n|upkeep\n|turn|95\n|\n|t:|1603492836\n|move|p1a: Regieleki|Protect|p1a: Regieleki\n|-singleturn|p1a: Regieleki|Protect\n|move|p2a: Latias|Defog|p1a: Regieleki\n|-activate|p1a: Regieleki|move: Protect\n|\n|-heal|p2a: Latias|88\/100|[from] item: Leftovers\n|upkeep\n|turn|96\n|\n|t:|1603492839\n|move|p1a: Regieleki|Volt Switch|p2a: Latias\n|-resisted|p2a: Latias\n|-damage|p2a: Latias|72\/100\n|\n|t:|1603492841\n|switch|p1a: Heatran|Heatran, M|100\/100|[from]move: Volt Switch\n|move|p2a: Latias|Defog|p1a: Heatran\n|-unboost|p1a: Heatran|evasion|1\n|-sideend|p2: egalvanc|Stealth Rock|[from] move: Defog|[of] p2a: Latias\n|\n|-heal|p2a: Latias|78\/100|[from] item: Leftovers\n|upkeep\n|turn|97\n|\n|t:|1603492844\n|switch|p2a: Clefable|Clefable, M|97\/100 psn\n|move|p1a: Heatran|Stealth Rock|p2a: Clefable\n|-sidestart|p2: egalvanc|move: Stealth Rock\n|\n|-heal|p2a: Clefable|100\/100 psn|[from] item: Leftovers\n|upkeep\n|turn|98\n|\n|t:|1603492847\n|move|p1a: Heatran|Lava Plume|p2a: Clefable\n|-damage|p2a: Clefable|68\/100 psn\n|move|p2a: Clefable|Moonblast|p1a: Heatran\n|-resisted|p1a: Heatran\n|-damage|p1a: Heatran|96\/100\n|-unboost|p1a: Heatran|spa|1\n|\n|-heal|p1a: Heatran|100\/100|[from] item: Leftovers\n|-heal|p2a: Clefable|74\/100 psn|[from] item: Leftovers\n|upkeep\n|turn|99\n|\n|t:|1603492856\n|switch|p1a: Regieleki|Regieleki|63\/100\n|switch|p2a: Latias|Latias, F|78\/100\n|-damage|p2a: Latias|66\/100|[from] Stealth Rock\n|\n|-heal|p2a: Latias|72\/100|[from] item: Leftovers\n|upkeep\n|turn|100\n|\n|t:|1603492864\n|move|p1a: Regieleki|Volt Switch|p2a: Latias\n|-resisted|p2a: Latias\n|-damage|p2a: Latias|56\/100\n|\n|t:|1603492867\n|switch|p1a: Heatran|Heatran, M|100\/100|[from]move: Volt Switch\n|move|p2a: Latias|Defog|p1a: Heatran\n|-unboost|p1a: Heatran|evasion|1\n|-sideend|p2: egalvanc|Stealth Rock|[from] move: Defog|[of] p2a: Latias\n|\n|-heal|p2a: Latias|62\/100|[from] item: Leftovers\n|upkeep\n|turn|101\n|\n|t:|1603492869\n|move|p2a: Latias|Roost|p2a: Latias\n|-heal|p2a: Latias|100\/100\n|-singleturn|p2a: Latias|move: Roost\n|move|p1a: Heatran|Lava Plume|p2a: Latias\n|-resisted|p2a: Latias\n|-damage|p2a: Latias|88\/100\n|\n|-heal|p2a: Latias|94\/100|[from] item: Leftovers\n|upkeep\n|turn|102\n|\n|t:|1603492874\n|switch|p2a: Clefable|Clefable, M|74\/100 psn\n|move|p1a: Heatran|Stealth Rock|p2a: Clefable\n|-sidestart|p2: egalvanc|move: Stealth Rock\n|\n|-heal|p2a: Clefable|80\/100 psn|[from] item: Leftovers\n|upkeep\n|turn|103\n|\n|t:|1603492877\n|move|p1a: Heatran|Lava Plume|p2a: Clefable\n|-damage|p2a: Clefable|49\/100 psn\n|move|p2a: Clefable|Teleport|p2a: Clefable\n|\n|t:|1603492881\n|switch|p2a: Latias|Latias, F|94\/100|[from]move: Teleport\n|-damage|p2a: Latias|82\/100|[from] Stealth Rock\n|\n|-heal|p2a: Latias|88\/100|[from] item: Leftovers\n|upkeep\n|turn|104\n|j| Gaylarian\n|\n|t:|1603492884\n|switch|p2a: Clefable|Clefable, M|49\/100 psn\n|move|p1a: Heatran|Toxic||[still]\n|-fail|p1a: Heatran\n|\n|-heal|p2a: Clefable|56\/100 psn|[from] item: Leftovers\n|upkeep\n|turn|105\n|\n|t:|1603492888\n|move|p2a: Clefable|Protect|p2a: Clefable\n|-singleturn|p2a: Clefable|Protect\n|move|p1a: Heatran|Lava Plume|p2a: Clefable\n|-activate|p2a: Clefable|move: Protect\n|\n|-heal|p2a: Clefable|62\/100 psn|[from] item: Leftovers\n|upkeep\n|turn|106\n|\n|t:|1603492890\n|move|p1a: Heatran|Lava Plume|p2a: Clefable\n|-damage|p2a: Clefable|29\/100 psn\n|move|p2a: Clefable|Wish|p2a: Clefable\n|\n|-heal|p2a: Clefable|35\/100 psn|[from] item: Leftovers\n|upkeep\n|turn|107\n|\n|t:|1603492894\n|switch|p1a: Regieleki|Regieleki|63\/100\n|move|p2a: Clefable|Protect||[still]\n|-fail|p2a: Clefable\n|\n|-heal|p2a: Clefable|85\/100 psn|[from] move: Wish|[wisher] Clefable\n|-heal|p2a: Clefable|91\/100 psn|[from] item: Leftovers\n|upkeep\n|turn|108\n|\n|t:|1603492899\n|switch|p2a: Latias|Latias, F|88\/100\n|-damage|p2a: Latias|76\/100|[from] Stealth Rock\n|move|p1a: Regieleki|Volt Switch|p2a: Latias\n|-resisted|p2a: Latias\n|-damage|p2a: Latias|60\/100\n|\n|t:|1603492902\n|switch|p1a: Heatran|Heatran, M|100\/100|[from]move: Volt Switch\n|\n|-heal|p2a: Latias|66\/100|[from] item: Leftovers\n|upkeep\n|turn|109\n|\n|t:|1603492906\n|switch|p2a: Clefable|Clefable, M|91\/100 psn\n|move|p1a: Heatran|Earth Power|p2a: Clefable\n|-damage|p2a: Clefable|67\/100 psn\n|\n|-heal|p2a: Clefable|73\/100 psn|[from] item: Leftovers\n|upkeep\n|turn|110\n|\n|t:|1603492909\n|move|p1a: Heatran|Lava Plume|p2a: Clefable\n|-damage|p2a: Clefable|43\/100 psn\n|move|p2a: Clefable|Moonblast|p1a: Heatran\n|-resisted|p1a: Heatran\n|-damage|p1a: Heatran|96\/100\n|-unboost|p1a: Heatran|spa|1\n|\n|-heal|p1a: Heatran|100\/100|[from] item: Leftovers\n|-heal|p2a: Clefable|49\/100 psn|[from] item: Leftovers\n|upkeep\n|turn|111\n|\n|t:|1603492914\n|move|p1a: Heatran|Lava Plume|p2a: Clefable\n|-damage|p2a: Clefable|29\/100 psn\n|move|p2a: Clefable|Moonblast|p1a: Heatran\n|-resisted|p1a: Heatran\n|-damage|p1a: Heatran|96\/100\n|-unboost|p1a: Heatran|spa|1\n|\n|-heal|p1a: Heatran|100\/100|[from] item: Leftovers\n|-heal|p2a: Clefable|35\/100 psn|[from] item: Leftovers\n|upkeep\n|turn|112\n|\n|t:|1603492920\n|move|p1a: Heatran|Lava Plume|p2a: Clefable\n|-damage|p2a: Clefable|19\/100 psn\n|move|p2a: Clefable|Moonblast|p1a: Heatran\n|-resisted|p1a: Heatran\n|-damage|p1a: Heatran|96\/100\n|\n|-heal|p1a: Heatran|100\/100|[from] item: Leftovers\n|-heal|p2a: Clefable|25\/100 psn|[from] item: Leftovers\n|upkeep\n|turn|113\n|\n|t:|1603492926\n|move|p1a: Heatran|Lava Plume|p2a: Clefable\n|-damage|p2a: Clefable|9\/100 psn\n|move|p2a: Clefable|Wish|p2a: Clefable\n|\n|-heal|p2a: Clefable|15\/100 psn|[from] item: Leftovers\n|upkeep\n|turn|114\n|\n|t:|1603492933\n|move|p2a: Clefable|Protect|p2a: Clefable\n|-singleturn|p2a: Clefable|Protect\n|move|p1a: Heatran|Lava Plume|p2a: Clefable\n|-activate|p2a: Clefable|move: Protect\n|\n|-heal|p2a: Clefable|65\/100 psn|[from] move: Wish|[wisher] Clefable\n|-heal|p2a: Clefable|71\/100 psn|[from] item: Leftovers\n|upkeep\n|turn|115\n|\n|t:|1603492936\n|move|p1a: Heatran|Stealth Rock||[still]\n|-fail|p1a: Heatran\n|move|p2a: Clefable|Moonblast|p1a: Heatran\n|-resisted|p1a: Heatran\n|-damage|p1a: Heatran|96\/100\n|\n|-heal|p1a: Heatran|100\/100|[from] item: Leftovers\n|-heal|p2a: Clefable|77\/100 psn|[from] item: Leftovers\n|upkeep\n|turn|116\n|\n|t:|1603492941\n|move|p1a: Heatran|Stealth Rock||[still]\n|-fail|p1a: Heatran\n|move|p2a: Clefable|Wish|p2a: Clefable\n|\n|-heal|p2a: Clefable|83\/100 psn|[from] item: Leftovers\n|upkeep\n|turn|117\n|\n|t:|1603492945\n|move|p1a: Heatran|Stealth Rock||[still]\n|-fail|p1a: Heatran\n|move|p2a: Clefable|Teleport|p2a: Clefable\n|\n|t:|1603492948\n|switch|p2a: Latias|Latias, F|66\/100|[from]move: Teleport\n|-damage|p2a: Latias|54\/100|[from] Stealth Rock\n|\n|-heal|p2a: Latias|100\/100|[from] move: Wish|[wisher] Clefable\n|upkeep\n|turn|118\n|\n|t:|1603492951\n|switch|p2a: Clefable|Clefable, M|83\/100 psn\n|move|p1a: Heatran|Earth Power|p2a: Clefable\n|-damage|p2a: Clefable|72\/100 psn\n|\n|-heal|p2a: Clefable|78\/100 psn|[from] item: Leftovers\n|upkeep\n|turn|119\n|\n|t:|1603492955\n|move|p1a: Heatran|Stealth Rock||[still]\n|-fail|p1a: Heatran\n|move|p2a: Clefable|Moonblast|p1a: Heatran\n|-resisted|p1a: Heatran\n|-damage|p1a: Heatran|95\/100\n|\n|-heal|p1a: Heatran|100\/100|[from] item: Leftovers\n|-heal|p2a: Clefable|84\/100 psn|[from] item: Leftovers\n|upkeep\n|turn|120\n|\n|t:|1603492958\n|move|p1a: Heatran|Stealth Rock||[still]\n|-fail|p1a: Heatran\n|move|p2a: Clefable|Moonblast|p1a: Heatran\n|-resisted|p1a: Heatran\n|-crit|p1a: Heatran\n|-damage|p1a: Heatran|94\/100\n|\n|-heal|p1a: Heatran|99\/100|[from] item: Leftovers\n|-heal|p2a: Clefable|90\/100 psn|[from] item: Leftovers\n|upkeep\n|turn|121\n|\n|t:|1603492961\n|move|p1a: Heatran|Stealth Rock||[still]\n|-fail|p1a: Heatran\n|move|p2a: Clefable|Teleport|p2a: Clefable\n|\n|t:|1603492963\n|switch|p2a: Latias|Latias, F|100\/100|[from]move: Teleport\n|-damage|p2a: Latias|88\/100|[from] Stealth Rock\n|\n|-heal|p2a: Latias|94\/100|[from] item: Leftovers\n|-heal|p1a: Heatran|100\/100|[from] item: Leftovers\n|upkeep\n|turn|122\n|\n|t:|1603492966\n|switch|p2a: Clefable|Clefable, M|90\/100 psn\n|switch|p1a: Latios|Latios, M|11\/100 brn\n|\n|-heal|p1a: Latios|17\/100 brn|[from] item: Leftovers\n|-heal|p2a: Clefable|96\/100 psn|[from] item: Leftovers\n|-damage|p1a: Latios|11\/100 brn|[from] brn\n|upkeep\n|turn|123\n|\n|t:|1603492969\n|switch|p1a: Heatran|Heatran, M|100\/100\n|move|p2a: Clefable|Teleport|p2a: Clefable\n|\n|t:|1603492971\n|switch|p2a: Latias|Latias, F|94\/100|[from]move: Teleport\n|-damage|p2a: Latias|82\/100|[from] Stealth Rock\n|\n|-heal|p2a: Latias|88\/100|[from] item: Leftovers\n|upkeep\n|turn|124\n|\n|t:|1603492978\n|move|p2a: Latias|Draco Meteor|p1a: Heatran\n|-resisted|p1a: Heatran\n|-damage|p1a: Heatran|85\/100\n|-unboost|p2a: Latias|spa|2\n|move|p1a: Heatran|Stealth Rock||[still]\n|-fail|p1a: Heatran\n|\n|-heal|p2a: Latias|94\/100|[from] item: Leftovers\n|-heal|p1a: Heatran|91\/100|[from] item: Leftovers\n|upkeep\n|turn|125\n|\n|t:|1603492982\n|move|p2a: Latias|Draco Meteor|p1a: Heatran\n|-resisted|p1a: Heatran\n|-damage|p1a: Heatran|84\/100\n|-unboost|p2a: Latias|spa|2\n|move|p1a: Heatran|Stealth Rock||[still]\n|-fail|p1a: Heatran\n|\n|-heal|p2a: Latias|100\/100|[from] item: Leftovers\n|-heal|p1a: Heatran|90\/100|[from] item: Leftovers\n|upkeep\n|turn|126\n|\n|t:|1603492985\n|switch|p2a: Clefable|Clefable, M|96\/100 psn\n|move|p1a: Heatran|Toxic||[still]\n|-fail|p1a: Heatran\n|\n|-heal|p1a: Heatran|96\/100|[from] item: Leftovers\n|-heal|p2a: Clefable|100\/100 psn|[from] item: Leftovers\n|upkeep\n|turn|127\n|\n|t:|1603492988\n|move|p1a: Heatran|Earth Power|p2a: Clefable\n|-damage|p2a: Clefable|77\/100 psn\n|move|p2a: Clefable|Teleport|p2a: Clefable\n|\n|t:|1603492990\n|switch|p2a: Latias|Latias, F|100\/100|[from]move: Teleport\n|-damage|p2a: Latias|88\/100|[from] Stealth Rock\n|\n|-heal|p2a: Latias|94\/100|[from] item: Leftovers\n|-heal|p1a: Heatran|100\/100|[from] item: Leftovers\n|upkeep\n|turn|128\n|\n|t:|1603492992\n|switch|p2a: Clefable|Clefable, M|77\/100 psn\n|move|p1a: Heatran|Stealth Rock||[still]\n|-fail|p1a: Heatran\n|\n|-heal|p2a: Clefable|83\/100 psn|[from] item: Leftovers\n|upkeep\n|turn|129\n|\n|t:|1603492996\n|move|p1a: Heatran|Toxic||[still]\n|-fail|p1a: Heatran\n|move|p2a: Clefable|Moonblast|p1a: Heatran\n|-resisted|p1a: Heatran\n|-damage|p1a: Heatran|96\/100\n|\n|-heal|p1a: Heatran|100\/100|[from] item: Leftovers\n|-heal|p2a: Clefable|89\/100 psn|[from] item: Leftovers\n|upkeep\n|turn|130\n|\n|t:|1603493000\n|switch|p2a: Latias|Latias, F|94\/100\n|-damage|p2a: Latias|82\/100|[from] Stealth Rock\n|move|p1a: Heatran|Lava Plume|p2a: Latias\n|-resisted|p2a: Latias\n|-damage|p2a: Latias|68\/100\n|\n|-heal|p2a: Latias|74\/100|[from] item: Leftovers\n|upkeep\n|turn|131\n|\n|t:|1603493008\n|switch|p2a: Clefable|Clefable, M|89\/100 psn\n|move|p1a: Heatran|Toxic||[still]\n|-fail|p1a: Heatran\n|\n|-heal|p2a: Clefable|95\/100 psn|[from] item: Leftovers\n|upkeep\n|turn|132\n|\n|t:|1603493012\n|move|p1a: Heatran|Lava Plume|p2a: Clefable\n|-damage|p2a: Clefable|65\/100 psn\n|move|p2a: Clefable|Teleport|p2a: Clefable\n|\n|t:|1603493015\n|switch|p2a: Latias|Latias, F|74\/100|[from]move: Teleport\n|-damage|p2a: Latias|62\/100|[from] Stealth Rock\n|\n|-heal|p2a: Latias|68\/100|[from] item: Leftovers\n|upkeep\n|turn|133\n|\n|t:|1603493017\n|switch|p2a: Clefable|Clefable, M|65\/100 psn\n|switch|p1a: Regieleki|Regieleki|63\/100\n|\n|-heal|p2a: Clefable|71\/100 psn|[from] item: Leftovers\n|upkeep\n|turn|134\n|\n|t:|1603493034\n|move|p2a: Clefable|Protect|p2a: Clefable\n|-singleturn|p2a: Clefable|Protect\n|move|p1a: Regieleki|Thunder Cage|p2a: Clefable\n|-activate|p2a: Clefable|move: Protect\n|\n|-heal|p2a: Clefable|77\/100 psn|[from] item: Leftovers\n|upkeep\n|turn|135\n|\n|t:|1603493037\n|switch|p2a: Latias|Latias, F|68\/100\n|-damage|p2a: Latias|56\/100|[from] Stealth Rock\n|move|p1a: Regieleki|Thunder Cage|p2a: Latias\n|-resisted|p2a: Latias\n|-damage|p2a: Latias|34\/100\n|-activate|p2a: Latias|move: Thunder Cage|[of] p1a: Regieleki\n|\n|-heal|p2a: Latias|41\/100|[from] item: Leftovers\n|-damage|p2a: Latias|28\/100|[from] move: Thunder Cage|[partiallytrapped]\n|upkeep\n|turn|136\n|\n|t:|1603493050\n|move|p1a: Regieleki|Thunder Cage|p2a: Latias\n|-resisted|p2a: Latias\n|-damage|p2a: Latias|7\/100\n|move|p2a: Latias|Roost|p2a: Latias\n|-heal|p2a: Latias|57\/100\n|-singleturn|p2a: Latias|move: Roost\n|\n|-heal|p2a: Latias|63\/100|[from] item: Leftovers\n|-damage|p2a: Latias|51\/100|[from] move: Thunder Cage|[partiallytrapped]\n|upkeep\n|turn|137\n|\n|t:|1603493056\n|move|p1a: Regieleki|Volt Switch|p2a: Latias\n|-resisted|p2a: Latias\n|-damage|p2a: Latias|33\/100\n|\n|t:|1603493061\n|switch|p1a: Heatran|Heatran, M|100\/100|[from]move: Volt Switch\n|move|p2a: Latias|Roost|p2a: Latias\n|-heal|p2a: Latias|83\/100\n|-singleturn|p2a: Latias|move: Roost\n|\n|-heal|p2a: Latias|89\/100|[from] item: Leftovers\n|-end|p2a: Latias|Thunder Cage|[partiallytrapped]|[silent]\n|upkeep\n|turn|138\n|\n|t:|1603493067\n|switch|p2a: Clefable|Clefable, M|77\/100 psn\n|switch|p1a: Latios|Latios, M|11\/100 brn\n|\n|-heal|p1a: Latios|17\/100 brn|[from] item: Leftovers\n|-heal|p2a: Clefable|83\/100 psn|[from] item: Leftovers\n|-damage|p1a: Latios|11\/100 brn|[from] brn\n|upkeep\n|turn|139\n|\n|t:|1603493076\n|switch|p1a: Heatran|Heatran, M|100\/100\n|move|p2a: Clefable|Moonblast|p1a: Heatran\n|-resisted|p1a: Heatran\n|-damage|p1a: Heatran|96\/100\n|\n|-heal|p1a: Heatran|100\/100|[from] item: Leftovers\n|-heal|p2a: Clefable|90\/100 psn|[from] item: Leftovers\n|upkeep\n|turn|140\n|\n|t:|1603493081\n|move|p1a: Heatran|Stealth Rock||[still]\n|-fail|p1a: Heatran\n|move|p2a: Clefable|Moonblast|p1a: Heatran\n|-resisted|p1a: Heatran\n|-crit|p1a: Heatran\n|-damage|p1a: Heatran|93\/100\n|\n|-heal|p1a: Heatran|99\/100|[from] item: Leftovers\n|-heal|p2a: Clefable|96\/100 psn|[from] item: Leftovers\n|upkeep\n|turn|141\n|\n|t:|1603493085\n|switch|p2a: Latias|Latias, F|89\/100\n|-damage|p2a: Latias|77\/100|[from] Stealth Rock\n|move|p1a: Heatran|Earth Power|p2a: Latias\n|-immune|p2a: Latias|[from] ability: Levitate\n|\n|-heal|p2a: Latias|83\/100|[from] item: Leftovers\n|-heal|p1a: Heatran|100\/100|[from] item: Leftovers\n|upkeep\n|turn|142\n|\n|t:|1603493091\n|switch|p1a: Latios|Latios, M|11\/100 brn\n|move|p2a: Latias|Mystical Fire|p1a: Latios\n|-resisted|p1a: Latios\n|-crit|p1a: Latios\n|-damage|p1a: Latios|0 fnt\n|faint|p1a: Latios\n|\n|-heal|p2a: Latias|89\/100|[from] item: Leftovers\n|upkeep\n|\n|t:|1603493097\n|switch|p1a: Manectric|Manectric, F|20\/100\n|turn|143\n|\n|t:|1603493103\n|move|p1a: Manectric|Toxic|p2a: Latias\n|-status|p2a: Latias|tox\n|move|p2a: Latias|Defog|p1a: Manectric\n|-unboost|p1a: Manectric|evasion|1\n|-sideend|p2: egalvanc|Stealth Rock|[from] move: Defog|[of] p2a: Latias\n|\n|-heal|p2a: Latias|95\/100 tox|[from] item: Leftovers\n|-damage|p2a: Latias|89\/100 tox|[from] psn\n|upkeep\n|turn|144\n|\n|t:|1603493109\n|switch|p1a: Heatran|Heatran, M|100\/100\n|move|p2a: Latias|Mystical Fire|p1a: Heatran\n|-start|p1a: Heatran|ability: Flash Fire\n|\n|-heal|p2a: Latias|95\/100 tox|[from] item: Leftovers\n|-damage|p2a: Latias|83\/100 tox|[from] psn\n|upkeep\n|turn|145\n|\n|t:|1603493114\n|move|p2a: Latias|Roost|p2a: Latias\n|-heal|p2a: Latias|100\/100 tox\n|-singleturn|p2a: Latias|move: Roost\n|move|p1a: Heatran|Stealth Rock|p2a: Latias\n|-sidestart|p2: egalvanc|move: Stealth Rock\n|\n|-damage|p2a: Latias|82\/100 tox|[from] psn\n|upkeep\n|turn|146\n|\n|t:|1603493118\n|move|p2a: Latias|Defog|p1a: Heatran\n|-unboost|p1a: Heatran|evasion|1\n|-sideend|p2: egalvanc|Stealth Rock|[from] move: Defog|[of] p2a: Latias\n|move|p1a: Heatran|Stealth Rock|p2a: Latias\n|-sidestart|p2: egalvanc|move: Stealth Rock\n|\n|-heal|p2a: Latias|88\/100 tox|[from] item: Leftovers\n|-damage|p2a: Latias|64\/100 tox|[from] psn\n|upkeep\n|turn|147\n|\n|t:|1603493122\n|move|p2a: Latias|Roost|p2a: Latias\n|-heal|p2a: Latias|100\/100 tox\n|-singleturn|p2a: Latias|move: Roost\n|move|p1a: Heatran|Lava Plume|p2a: Latias\n|-resisted|p2a: Latias\n|-damage|p2a: Latias|80\/100 tox\n|\n|-heal|p2a: Latias|87\/100 tox|[from] item: Leftovers\n|-damage|p2a: Latias|56\/100 tox|[from] psn\n|upkeep\n|turn|148\n|\n|t:|1603493132\n|switch|p2a: Clefable|Clefable, M|96\/100 psn\n|-end|p1a: Heatran|ability: Flash Fire|[silent]\n|switch|p1a: Regieleki|Regieleki|63\/100\n|\n|-heal|p2a: Clefable|100\/100 psn|[from] item: Leftovers\n|upkeep\n|turn|149\n|\n|t:|1603493136\n|move|p1a: Regieleki|Protect|p1a: Regieleki\n|-singleturn|p1a: Regieleki|Protect\n|move|p2a: Clefable|Protect||[still]\n|-fail|p2a: Clefable\n|\n|upkeep\n|turn|150\n|\n|t:|1603493144\n|move|p1a: Regieleki|Volt Switch|p2a: Clefable\n|-damage|p2a: Clefable|56\/100 psn\n|\n|t:|1603493146\n|switch|p1a: Heatran|Heatran, M|100\/100|[from]move: Volt Switch\n|move|p2a: Clefable|Wish|p2a: Clefable\n|\n|-heal|p2a: Clefable|62\/100 psn|[from] item: Leftovers\n|upkeep\n|turn|151\n|\n|t:|1603493153\n|switch|p2a: Latias|Latias, F|56\/100 tox\n|-damage|p2a: Latias|44\/100 tox|[from] Stealth Rock\n|move|p1a: Heatran|Stealth Rock||[still]\n|-fail|p1a: Heatran\n|\n|-heal|p2a: Latias|99\/100 tox|[from] move: Wish|[wisher] Clefable\n|-heal|p2a: Latias|100\/100 tox|[from] item: Leftovers\n|-damage|p2a: Latias|94\/100 tox|[from] psn\n|upkeep\n|turn|152\n|\n|t:|1603493159\n|move|p2a: Latias|Mystical Fire|p1a: Heatran\n|-start|p1a: Heatran|ability: Flash Fire\n|move|p1a: Heatran|Toxic|p2a: Latias\n|-fail|p2a: Latias|tox\n|\n|-heal|p2a: Latias|100\/100 tox|[from] item: Leftovers\n|-damage|p2a: Latias|88\/100 tox|[from] psn\n|upkeep\n|turn|153\n|\n|t:|1603493162\n|move|p2a: Latias|Mystical Fire|p1a: Heatran\n|-immune|p1a: Heatran|[from] ability: Flash Fire\n|move|p1a: Heatran|Stealth Rock||[still]\n|-fail|p1a: Heatran\n|\n|-heal|p2a: Latias|94\/100 tox|[from] item: Leftovers\n|-damage|p2a: Latias|76\/100 tox|[from] psn\n|upkeep\n|turn|154\n|\n|t:|1603493167\n|move|p2a: Latias|Defog|p1a: Heatran\n|-unboost|p1a: Heatran|evasion|1\n|-sideend|p2: egalvanc|Stealth Rock|[from] move: Defog|[of] p2a: Latias\n|move|p1a: Heatran|Lava Plume|p2a: Latias\n|-resisted|p2a: Latias\n|-damage|p2a: Latias|58\/100 tox\n|\n|-heal|p2a: Latias|64\/100 tox|[from] item: Leftovers\n|-damage|p2a: Latias|40\/100 tox|[from] psn\n|upkeep\n|turn|155\n|\n|t:|1603493175\n|-end|p1a: Heatran|ability: Flash Fire|[silent]\n|switch|p1a: Regieleki|Regieleki|63\/100\n|move|p2a: Latias|Draco Meteor|p1a: Regieleki\n|-damage|p1a: Regieleki|0 fnt\n|-unboost|p2a: Latias|spa|2\n|faint|p1a: Regieleki\n|\n|-heal|p2a: Latias|46\/100 tox|[from] item: Leftovers\n|-damage|p2a: Latias|15\/100 tox|[from] psn\n|upkeep\n|\n|t:|1603493180\n|switch|p1a: Manectric|Manectric, F|20\/100\n|turn|156\n|\n|t:|1603493188\n|move|p1a: Manectric|Volt Switch|p2a: Latias\n|-resisted|p2a: Latias\n|-damage|p2a: Latias|3\/100 tox\n|\n|t:|1603493190\n|switch|p1a: Heatran|Heatran, M|100\/100|[from]move: Volt Switch\n|move|p2a: Latias|Roost|p2a: Latias\n|-heal|p2a: Latias|53\/100 tox\n|-singleturn|p2a: Latias|move: Roost\n|\n|-heal|p2a: Latias|59\/100 tox|[from] item: Leftovers\n|-damage|p2a: Latias|22\/100 tox|[from] psn\n|upkeep\n|turn|157\n|\n|t:|1603493197\n|switch|p1a: Manectric|Manectric, F|20\/100\n|move|p2a: Latias|Roost|p2a: Latias\n|-heal|p2a: Latias|72\/100 tox\n|-singleturn|p2a: Latias|move: Roost\n|\n|-heal|p2a: Latias|78\/100 tox|[from] item: Leftovers\n|-damage|p2a: Latias|36\/100 tox|[from] psn\n|upkeep\n|turn|158\n|\n|t:|1603493201\n|switch|p2a: Clefable|Clefable, M|62\/100 psn\n|move|p1a: Manectric|Volt Switch|p2a: Clefable\n|-damage|p2a: Clefable|32\/100 psn\n|\n|t:|1603493203\n|switch|p1a: Heatran|Heatran, M|100\/100|[from]move: Volt Switch\n|\n|-heal|p2a: Clefable|39\/100 psn|[from] item: Leftovers\n|upkeep\n|turn|159\n|\n|t:|1603493206\n|switch|p1a: Manectric|Manectric, F|20\/100\n|switch|p2a: Latias|Latias, F|36\/100 tox\n|\n|-heal|p2a: Latias|42\/100 tox|[from] item: Leftovers\n|-damage|p2a: Latias|36\/100 tox|[from] psn\n|upkeep\n|turn|160\n|\n|t:|1603493211\n|switch|p1a: Heatran|Heatran, M|100\/100\n|move|p2a: Latias|Draco Meteor|p1a: Heatran\n|-resisted|p1a: Heatran\n|-damage|p1a: Heatran|84\/100\n|-unboost|p2a: Latias|spa|2\n|\n|-heal|p2a: Latias|42\/100 tox|[from] item: Leftovers\n|-heal|p1a: Heatran|90\/100|[from] item: Leftovers\n|-damage|p2a: Latias|29\/100 tox|[from] psn\n|upkeep\n|turn|161\n|\n|t:|1603493217\n|move|p2a: Latias|Roost|p2a: Latias\n|-heal|p2a: Latias|80\/100 tox\n|-singleturn|p2a: Latias|move: Roost\n|move|p1a: Heatran|Stealth Rock|p2a: Latias\n|-sidestart|p2: egalvanc|move: Stealth Rock\n|\n|-heal|p2a: Latias|86\/100 tox|[from] item: Leftovers\n|-heal|p1a: Heatran|97\/100|[from] item: Leftovers\n|-damage|p2a: Latias|67\/100 tox|[from] psn\n|upkeep\n|turn|162\n|\n|t:|1603493223\n|move|p2a: Latias|Defog|p1a: Heatran\n|-unboost|p1a: Heatran|evasion|1\n|-sideend|p2: egalvanc|Stealth Rock|[from] move: Defog|[of] p2a: Latias\n|move|p1a: Heatran|Toxic|p2a: Latias\n|-fail|p2a: Latias|tox\n|\n|-heal|p2a: Latias|73\/100 tox|[from] item: Leftovers\n|-heal|p1a: Heatran|100\/100|[from] item: Leftovers\n|-damage|p2a: Latias|49\/100 tox|[from] psn\n|upkeep\n|turn|163\n|\n|t:|1603493228\n|switch|p2a: Clefable|Clefable, M|39\/100 psn\n|move|p1a: Heatran|Toxic||[still]\n|-fail|p1a: Heatran\n|\n|-heal|p2a: Clefable|45\/100 psn|[from] item: Leftovers\n|upkeep\n|turn|164\n|\n|t:|1603493233\n|switch|p1a: Manectric|Manectric, F|20\/100\n|move|p2a: Clefable|Protect||[still]\n|-fail|p2a: Clefable\n|\n|-heal|p2a: Clefable|51\/100 psn|[from] item: Leftovers\n|upkeep\n|turn|165\n|\n|t:|1603493241\n|move|p2a: Clefable|Protect|p2a: Clefable\n|-singleturn|p2a: Clefable|Protect\n|move|p1a: Manectric|Switcheroo|p2a: Clefable\n|-activate|p2a: Clefable|move: Protect\n|\n|-heal|p2a: Clefable|57\/100 psn|[from] item: Leftovers\n|upkeep\n|turn|166\n|\n|t:|1603493247\n|switch|p1a: Heatran|Heatran, M|100\/100\n|move|p2a: Clefable|Moonblast|p1a: Heatran\n|-resisted|p1a: Heatran\n|-damage|p1a: Heatran|96\/100\n|\n|-heal|p1a: Heatran|100\/100|[from] item: Leftovers\n|-heal|p2a: Clefable|63\/100 psn|[from] item: Leftovers\n|upkeep\n|turn|167\n|\n|t:|1603493250\n|switch|p1a: Manectric|Manectric, F|20\/100\n|switch|p2a: Latias|Latias, F|49\/100 tox\n|\n|-heal|p2a: Latias|55\/100 tox|[from] item: Leftovers\n|-damage|p2a: Latias|49\/100 tox|[from] psn\n|upkeep\n|turn|168\n|c| G00N Spike|give up\n|\n|t:|1603493254\n|move|p1a: Manectric|Switcheroo|p2a: Latias\n|-activate|p1a: Manectric|move: Trick|[of] p2a: Latias\n|-item|p2a: Latias|Choice Scarf|[from] move: Switcheroo\n|-item|p1a: Manectric|Leftovers|[from] move: Switcheroo\n|move|p2a: Latias|Roost|p2a: Latias\n|-heal|p2a: Latias|99\/100 tox\n|-singleturn|p2a: Latias|move: Roost\n|\n|-heal|p1a: Manectric|26\/100|[from] item: Leftovers\n|-damage|p2a: Latias|87\/100 tox|[from] psn\n|upkeep\n|turn|169\n|\n|t:|1603493260\n|switch|p2a: Clefable|Clefable, M|63\/100 psn\n|switch|p1a: Heatran|Heatran, M|100\/100\n|\n|-heal|p2a: Clefable|69\/100 psn|[from] item: Leftovers\n|upkeep\n|turn|170\n|\n|t:|1603493269\n|switch|p1a: Manectric|Manectric, F|26\/100\n|move|p2a: Clefable|Teleport|p2a: Clefable\n|\n|t:|1603493274\n|switch|p2a: Latias|Latias, F|87\/100 tox|[from]move: Teleport\n|\n|-heal|p1a: Manectric|33\/100|[from] item: Leftovers\n|-damage|p2a: Latias|81\/100 tox|[from] psn\n|upkeep\n|turn|171\n|\n|t:|1603493278\n|switch|p2a: Jirachi|Jirachi|66\/100\n|switch|p1a: Heatran|Heatran, M|100\/100\n|\n|-heal|p2a: Jirachi|72\/100|[from] item: Leftovers\n|upkeep\n|turn|172\n|\n|t:|1603493285\n|move|p2a: Jirachi|U-turn|p1a: Heatran\n|-resisted|p1a: Heatran\n|-damage|p1a: Heatran|97\/100\n|\n|t:|1603493289\n|switch|p2a: Latias|Latias, F|81\/100 tox|[from]move: U-turn\n|move|p1a: Heatran|Toxic|p2a: Latias\n|-fail|p2a: Latias|tox\n|\n|-heal|p1a: Heatran|100\/100|[from] item: Leftovers\n|-damage|p2a: Latias|75\/100 tox|[from] psn\n|upkeep\n|turn|173\n|\n|t:|1603493299\n|move|p2a: Latias|Draco Meteor|p1a: Heatran\n|-resisted|p1a: Heatran\n|-damage|p1a: Heatran|85\/100\n|-unboost|p2a: Latias|spa|2\n|move|p1a: Heatran|Toxic|p2a: Latias\n|-fail|p2a: Latias|tox\n|\n|-heal|p1a: Heatran|91\/100|[from] item: Leftovers\n|-damage|p2a: Latias|62\/100 tox|[from] psn\n|upkeep\n|turn|174\n|\n|t:|1603493308\n|switch|p1a: Manectric|Manectric, F|33\/100\n|move|p2a: Latias|Draco Meteor|p1a: Manectric|[miss]\n|-miss|p2a: Latias|p1a: Manectric\n|\n|-heal|p1a: Manectric|39\/100|[from] item: Leftovers\n|-damage|p2a: Latias|44\/100 tox|[from] psn\n|upkeep\n|turn|175\n|\n|t:|1603493312\n|switch|p2a: Clefable|Clefable, M|69\/100 psn\n|move|p1a: Manectric|Volt Switch|p2a: Clefable\n|-damage|p2a: Clefable|40\/100 psn\n|\n|t:|1603493319\n|switch|p1a: Heatran|Heatran, M|91\/100|[from]move: Volt Switch\n|\n|-heal|p1a: Heatran|97\/100|[from] item: Leftovers\n|-heal|p2a: Clefable|46\/100 psn|[from] item: Leftovers\n|upkeep\n|turn|176\n|\n|t:|1603493324\n|switch|p1a: Manectric|Manectric, F|39\/100\n|switch|p2a: Latias|Latias, F|44\/100 tox\n|\n|-heal|p1a: Manectric|45\/100|[from] item: Leftovers\n|-damage|p2a: Latias|38\/100 tox|[from] psn\n|upkeep\n|turn|177\n|\n|t:|1603493328\n|switch|p1a: Heatran|Heatran, M|97\/100\n|move|p2a: Latias|Roost|p2a: Latias\n|-heal|p2a: Latias|88\/100 tox\n|-singleturn|p2a: Latias|move: Roost\n|\n|-heal|p1a: Heatran|100\/100|[from] item: Leftovers\n|-damage|p2a: Latias|76\/100 tox|[from] psn\n|upkeep\n|turn|178\n|\n|t:|1603493332\n|switch|p2a: Jirachi|Jirachi|72\/100\n|switch|p1a: Manectric|Manectric, F|45\/100\n|\n|-heal|p1a: Manectric|51\/100|[from] item: Leftovers\n|-heal|p2a: Jirachi|79\/100|[from] item: Leftovers\n|upkeep\n|turn|179\n|\n|t:|1603493338\n|move|p1a: Manectric|Flamethrower|p2a: Jirachi\n|-supereffective|p2a: Jirachi\n|-damage|p2a: Jirachi|35\/100\n|move|p2a: Jirachi|U-turn|p1a: Manectric\n|-damage|p1a: Manectric|23\/100\n|\n|t:|1603493341\n|switch|p2a: Latias|Latias, F|76\/100 tox|[from]move: U-turn\n|\n|-heal|p1a: Manectric|29\/100|[from] item: Leftovers\n|-damage|p2a: Latias|70\/100 tox|[from] psn\n|upkeep\n|turn|180\n|j| OUT IM TRASH\n|\n|t:|1603493345\n|switch|p2a: Clefable|Clefable, M|46\/100 psn\n|switch|p1a: Heatran|Heatran, M|100\/100\n|\n|-heal|p2a: Clefable|52\/100 psn|[from] item: Leftovers\n|upkeep\n|turn|181\n|\n|t:|1603493370\n|move|p1a: Heatran|Stealth Rock|p2a: Clefable\n|-sidestart|p2: egalvanc|move: Stealth Rock\n|move|p2a: Clefable|Wish|p2a: Clefable\n|\n|-heal|p2a: Clefable|58\/100 psn|[from] item: Leftovers\n|upkeep\n|turn|182\n|\n|t:|1603493387\n|move|p1a: Heatran|Lava Plume|p2a: Clefable\n|-damage|p2a: Clefable|25\/100 psn\n|move|p2a: Clefable|Moonblast|p1a: Heatran\n|-resisted|p1a: Heatran\n|-damage|p1a: Heatran|96\/100\n|-unboost|p1a: Heatran|spa|1\n|\n|-heal|p2a: Clefable|75\/100 psn|[from] move: Wish|[wisher] Clefable\n|-heal|p1a: Heatran|100\/100|[from] item: Leftovers\n|-heal|p2a: Clefable|81\/100 psn|[from] item: Leftovers\n|upkeep\n|turn|183\n|\n|t:|1603493392\n|switch|p1a: Manectric|Manectric, F|29\/100\n|move|p2a: Clefable|Teleport|p2a: Clefable\n|\n|t:|1603493393\n|switch|p2a: Latias|Latias, F|70\/100 tox|[from]move: Teleport\n|-damage|p2a: Latias|57\/100 tox|[from] Stealth Rock\n|\n|-heal|p1a: Manectric|35\/100|[from] item: Leftovers\n|-damage|p2a: Latias|51\/100 tox|[from] psn\n|upkeep\n|turn|184\n|\n|t:|1603493398\n|switch|p1a: Heatran|Heatran, M|100\/100\n|move|p2a: Latias|Defog|p1a: Heatran\n|-unboost|p1a: Heatran|evasion|1\n|-sideend|p2: egalvanc|Stealth Rock|[from] move: Defog|[of] p2a: Latias\n|\n|-damage|p2a: Latias|39\/100 tox|[from] psn\n|upkeep\n|turn|185\n|\n|t:|1603493400\n|switch|p2a: Clefable|Clefable, M|81\/100 psn\n|switch|p1a: Manectric|Manectric, F|35\/100\n|\n|-heal|p1a: Manectric|41\/100|[from] item: Leftovers\n|-heal|p2a: Clefable|87\/100 psn|[from] item: Leftovers\n|upkeep\n|turn|186\n|\n|t:|1603493407\n|move|p1a: Manectric|Flamethrower|p2a: Clefable\n|-damage|p2a: Clefable|62\/100 psn\n|move|p2a: Clefable|Teleport|p2a: Clefable\n|\n|t:|1603493412\n|switch|p2a: Jirachi|Jirachi|35\/100|[from]move: Teleport\n|\n|-heal|p1a: Manectric|47\/100|[from] item: Leftovers\n|-heal|p2a: Jirachi|42\/100|[from] item: Leftovers\n|upkeep\n|turn|187\n|\n|t:|1603493415\n|switch|p2a: Latias|Latias, F|39\/100 tox\n|move|p1a: Manectric|Flamethrower|p2a: Latias\n|-resisted|p2a: Latias\n|-damage|p2a: Latias|29\/100 tox\n|\n|-heal|p1a: Manectric|54\/100|[from] item: Leftovers\n|-damage|p2a: Latias|23\/100 tox|[from] psn\n|upkeep\n|turn|188\n|\n|t:|1603493417\n|switch|p1a: Heatran|Heatran, M|100\/100\n|move|p2a: Latias|Roost|p2a: Latias\n|-heal|p2a: Latias|73\/100 tox\n|-singleturn|p2a: Latias|move: Roost\n|\n|-damage|p2a: Latias|61\/100 tox|[from] psn\n|upkeep\n|turn|189\n|\n|t:|1603493421\n|switch|p2a: Clefable|Clefable, M|62\/100 psn\n|switch|p1a: Manectric|Manectric, F|54\/100\n|\n|-heal|p1a: Manectric|60\/100|[from] item: Leftovers\n|-heal|p2a: Clefable|68\/100 psn|[from] item: Leftovers\n|upkeep\n|turn|190\n|\n|t:|1603493423\n|switch|p2a: Latias|Latias, F|61\/100 tox\n|move|p1a: Manectric|Flamethrower|p2a: Latias\n|-resisted|p2a: Latias\n|-damage|p2a: Latias|50\/100 tox\n|\n|-heal|p1a: Manectric|66\/100|[from] item: Leftovers\n|-damage|p2a: Latias|44\/100 tox|[from] psn\n|upkeep\n|turn|191\n|\n|t:|1603493436\n|move|p2a: Latias|Roost|p2a: Latias\n|-heal|p2a: Latias|94\/100 tox\n|-singleturn|p2a: Latias|move: Roost\n|move|p1a: Manectric|Volt Switch|p2a: Latias\n|-resisted|p2a: Latias\n|-damage|p2a: Latias|82\/100 tox\n|\n|t:|1603493439\n|switch|p1a: Heatran|Heatran, M|100\/100|[from]move: Volt Switch\n|\n|-damage|p2a: Latias|70\/100 tox|[from] psn\n|upkeep\n|turn|192\n|\n|t:|1603493443\n|switch|p2a: Clefable|Clefable, M|68\/100 psn\n|switch|p1a: Manectric|Manectric, F|66\/100\n|\n|-heal|p1a: Manectric|72\/100|[from] item: Leftovers\n|-heal|p2a: Clefable|74\/100 psn|[from] item: Leftovers\n|upkeep\n|turn|193\n|\n|t:|1603493449\n|move|p1a: Manectric|Flamethrower|p2a: Clefable\n|-damage|p2a: Clefable|48\/100 psn\n|move|p2a: Clefable|Teleport|p2a: Clefable\n|\n|t:|1603493451\n|switch|p2a: Latias|Latias, F|70\/100 tox|[from]move: Teleport\n|\n|-heal|p1a: Manectric|78\/100|[from] item: Leftovers\n|-damage|p2a: Latias|63\/100 tox|[from] psn\n|upkeep\n|turn|194\n|\n|t:|1603493453\n|switch|p1a: Heatran|Heatran, M|100\/100\n|move|p2a: Latias|Mystical Fire|p1a: Heatran\n|-start|p1a: Heatran|ability: Flash Fire\n|\n|-damage|p2a: Latias|51\/100 tox|[from] psn\n|upkeep\n|turn|195\n|\n|t:|1603493465\n|move|p2a: Latias|Mystical Fire|p1a: Heatran\n|-immune|p1a: Heatran|[from] ability: Flash Fire\n|move|p1a: Heatran|Earth Power|p2a: Latias\n|-immune|p2a: Latias|[from] ability: Levitate\n|\n|-damage|p2a: Latias|33\/100 tox|[from] psn\n|upkeep\n|turn|196\n|\n|t:|1603493478\n|move|p2a: Latias|Mystical Fire|p1a: Heatran\n|-immune|p1a: Heatran|[from] ability: Flash Fire\n|move|p1a: Heatran|Earth Power|p2a: Latias\n|-immune|p2a: Latias|[from] ability: Levitate\n|\n|-damage|p2a: Latias|8\/100 tox|[from] psn\n|upkeep\n|turn|197\n|\n|t:|1603493486\n|switch|p2a: Clefable|Clefable, M|48\/100 psn\n|move|p1a: Heatran|Lava Plume|p2a: Clefable\n|-damage|p2a: Clefable|6\/100 psn\n|\n|-heal|p2a: Clefable|12\/100 psn|[from] item: Leftovers\n|upkeep\n|turn|198\n|\n|t:|1603493494\n|-end|p1a: Heatran|ability: Flash Fire|[silent]\n|switch|p1a: Manectric|Manectric, F|78\/100\n|switch|p2a: Latias|Latias, F|8\/100 tox\n|\n|-heal|p1a: Manectric|84\/100|[from] item: Leftovers\n|-damage|p2a: Latias|2\/100 tox|[from] psn\n|upkeep\n|turn|199\n|\n|t:|1603493504\n|move|p2a: Latias|Mystical Fire|p1a: Manectric\n|-damage|p1a: Manectric|46\/100\n|-unboost|p1a: Manectric|spa|1\n|move|p1a: Manectric|Flamethrower|p2a: Latias\n|-resisted|p2a: Latias\n|-damage|p2a: Latias|0 fnt\n|faint|p2a: Latias\n|\n|-heal|p1a: Manectric|52\/100|[from] item: Leftovers\n|upkeep\n|c|\u2606early_human|gg\n|\n|t:|1603493510\n|switch|p2a: Jirachi|Jirachi|42\/100\n|turn|200\n|\n|t:|1603493513\n|move|p1a: Manectric|Volt Switch|p2a: Jirachi\n|-damage|p2a: Jirachi|23\/100\n|\n|t:|1603493515\n|switch|p1a: Heatran|Heatran, M|100\/100|[from]move: Volt Switch\n|move|p2a: Jirachi|Fire Punch|p1a: Heatran\n|-start|p1a: Heatran|ability: Flash Fire\n|\n|-heal|p2a: Jirachi|29\/100|[from] item: Leftovers\n|upkeep\n|turn|201\n|c|\u2606early_human|ur trash bro\n|\n|t:|1603493521\n|move|p2a: Jirachi|U-turn|p1a: Heatran\n|-resisted|p1a: Heatran\n|-damage|p1a: Heatran|97\/100\n|\n|t:|1603493522\n|switch|p2a: Clefable|Clefable, M|12\/100 psn|[from]move: U-turn\n|move|p1a: Heatran|Earth Power|p2a: Clefable\n|-damage|p2a: Clefable|0 fnt\n|faint|p2a: Clefable\n|\n|-heal|p1a: Heatran|100\/100|[from] item: Leftovers\n|upkeep\n|\n|t:|1603493523\n|switch|p2a: Jirachi|Jirachi|29\/100\n|turn|202\n|\n|t:|1603493528\n|move|p2a: Jirachi|Fire Punch|p1a: Heatran\n|-immune|p1a: Heatran|[from] ability: Flash Fire\n|-activate|p1a: Heatran|move: Struggle\n|move|p1a: Heatran|Struggle|p2a: Jirachi\n|-damage|p2a: Jirachi|22\/100\n|-damage|p1a: Heatran|75\/100|[from] recoil\n|\n|-heal|p2a: Jirachi|29\/100|[from] item: Leftovers\n|-heal|p1a: Heatran|82\/100|[from] item: Leftovers\n|upkeep\n|turn|203\n|\n|t:|1603493535\n|move|p2a: Jirachi|Fire Punch|p1a: Heatran\n|-immune|p1a: Heatran|[from] ability: Flash Fire\n|-activate|p1a: Heatran|move: Struggle\n|move|p1a: Heatran|Struggle|p2a: Jirachi\n|-damage|p2a: Jirachi|21\/100\n|-damage|p1a: Heatran|56\/100|[from] recoil\n|\n|-heal|p2a: Jirachi|28\/100|[from] item: Leftovers\n|-heal|p1a: Heatran|63\/100|[from] item: Leftovers\n|upkeep\n|turn|204\n|\n|t:|1603493538\n|move|p2a: Jirachi|Fire Punch|p1a: Heatran\n|-immune|p1a: Heatran|[from] ability: Flash Fire\n|-activate|p1a: Heatran|move: Struggle\n|move|p1a: Heatran|Struggle|p2a: Jirachi\n|-damage|p2a: Jirachi|20\/100\n|-damage|p1a: Heatran|38\/100|[from] recoil\n|\n|-heal|p2a: Jirachi|26\/100|[from] item: Leftovers\n|-heal|p1a: Heatran|44\/100|[from] item: Leftovers\n|upkeep\n|turn|205\n|\n|t:|1603493544\n|move|p2a: Jirachi|Fire Punch|p1a: Heatran\n|-immune|p1a: Heatran|[from] ability: Flash Fire\n|-activate|p1a: Heatran|move: Struggle\n|move|p1a: Heatran|Struggle|p2a: Jirachi\n|-damage|p2a: Jirachi|19\/100\n|-damage|p1a: Heatran|19\/100|[from] recoil\n|\n|-heal|p2a: Jirachi|25\/100|[from] item: Leftovers\n|-heal|p1a: Heatran|25\/100|[from] item: Leftovers\n|upkeep\n|turn|206\n|c| G00N Spike|give up\n|\n|t:|1603493550\n|move|p2a: Jirachi|Fire Punch|p1a: Heatran\n|-immune|p1a: Heatran|[from] ability: Flash Fire\n|-activate|p1a: Heatran|move: Struggle\n|move|p1a: Heatran|Struggle|p2a: Jirachi\n|-damage|p2a: Jirachi|18\/100\n|-damage|p1a: Heatran|0 fnt|[from] recoil\n|faint|p1a: Heatran\n|\n|-heal|p2a: Jirachi|25\/100|[from] item: Leftovers\n|upkeep\n|c|\u2606early_human|you have to givre up\n|\n|t:|1603493552\n|switch|p1a: Manectric|Manectric, F|52\/100\n|turn|207\n|\n|t:|1603493555\n|move|p1a: Manectric|Flamethrower|p2a: Jirachi\n|-supereffective|p2a: Jirachi\n|-damage|p2a: Jirachi|0 fnt\n|faint|p2a: Jirachi\n|\n|win|early_human\n|c|\u2606early_human|you know i deserve this brother\n||Ladder (probably) updated, but score could not be retrieved (Request timeout).\n","uploadtime":1603493565,"views":233,"p1id":"earlyhuman","p2id":"egalvanc","formatid":"gen8ou","rating":0,"private":0,"password":null}