{"id":"gen8ubers-1324438832","p1":"Daizoko","p2":"damorush","format":"gen8ubers","log":"|j|\u2606Daizoko\n|j|\u2606damorush\n|t:|1618820861\n|gametype|singles\n|player|p1|Daizoko|n|1080\n|player|p2|damorush|steven|1073\n|teamsize|p1|6\n|teamsize|p2|6\n|gen|8\n|tier|[Gen 8] Ubers\n|rated|\n|clearpoke\n|poke|p1|Ferrothorn, F|\n|poke|p1|Toxapex, F|\n|poke|p1|Regieleki|\n|poke|p1|Bellossom, M|\n|poke|p1|Darmanitan-Galar, F|\n|poke|p1|Urshifu-*, F|\n|poke|p2|Shuckle, M|\n|poke|p2|Calyrex-Shadow|\n|poke|p2|Urshifu-*, F|\n|poke|p2|Kyurem-Black|\n|poke|p2|Kyogre|\n|poke|p2|Necrozma-Dusk-Mane|\n|rule|Sleep Clause Mod: Limit one foe put to sleep\n|rule|Species Clause: Limit one of each Pok\u00e9mon\n|rule|OHKO Clause: OHKO moves are banned\n|rule|Evasion Moves Clause: Evasion moves are banned\n|rule|Endless Battle Clause: Forcing endless battles is banned\n|rule|HP Percentage Mod: HP is shown in percentages\n|rule|Dynamax Clause: You cannot dynamax\n|teampreview\n|c|\u2606Daizoko|why only shuckle scare me in this team\n|\n|t:|1618820887\n|start\n|switch|p1a: Spiky boi|Ferrothorn, F|100\/100\n|switch|p2a: Shuckle|Shuckle, M|100\/100\n|turn|1\n|\n|t:|1618820903\n|move|p2a: Shuckle|Sticky Web|p1a: Spiky boi\n|-sidestart|p1: Daizoko|move: Sticky Web\n|move|p1a: Spiky boi|Stealth Rock|p2a: Shuckle\n|-sidestart|p2: damorush|move: Stealth Rock\n|\n|upkeep\n|turn|2\n|\n|t:|1618820909\n|move|p2a: Shuckle|Stealth Rock|p1a: Spiky boi\n|-sidestart|p1: Daizoko|move: Stealth Rock\n|move|p1a: Spiky boi|Leech Seed|p2a: Shuckle\n|-start|p2a: Shuckle|move: Leech Seed\n|\n|-damage|p2a: Shuckle|88\/100|[from] Leech Seed|[of] p1a: Spiky boi\n|upkeep\n|turn|3\n|\n|t:|1618820916\n|move|p2a: Shuckle|Final Gambit|p1a: Spiky boi\n|-damage|p1a: Spiky boi|40\/100\n|faint|p2a: Shuckle\n|move|p1a: Spiky boi|Thunder Wave|p2: Shuckle|[notarget]\n|-fail|p1a: Spiky boi\n|\n|-heal|p1a: Spiky boi|46\/100|[from] item: Leftovers\n|upkeep\n|\n|t:|1618820929\n|switch|p2a: Urshifu|Urshifu, F|100\/100\n|-damage|p2a: Urshifu|94\/100|[from] Stealth Rock\n|turn|4\n|c|\u2606damorush|it is the uber lol\n|\n|t:|1618820946\n|move|p2a: Urshifu|Wicked Blow|p1a: Spiky boi\n|-crit|p1a: Spiky boi\n|-damage|p1a: Spiky boi|1\/100\n|-damage|p2a: Urshifu|82\/100|[from] ability: Iron Barbs|[of] p1a: Spiky boi\n|move|p1a: Spiky boi|Thunder Wave|p2a: Urshifu\n|-status|p2a: Urshifu|par\n|\n|-heal|p1a: Spiky boi|7\/100|[from] item: Leftovers\n|upkeep\n|turn|5\n|\n|t:|1618820961\n|cant|p2a: Urshifu|par\n|move|p1a: Spiky boi|Leech Seed|p2a: Urshifu\n|-start|p2a: Urshifu|move: Leech Seed\n|\n|-heal|p1a: Spiky boi|13\/100|[from] item: Leftovers\n|-damage|p2a: Urshifu|70\/100 par|[from] Leech Seed|[of] p1a: Spiky boi\n|-heal|p1a: Spiky boi|25\/100|[silent]\n|upkeep\n|turn|6\n|c|\u2606damorush|i love that\n|\n|t:|1618820970\n|move|p2a: Urshifu|Wicked Blow|p1a: Spiky boi\n|-crit|p1a: Spiky boi\n|-damage|p1a: Spiky boi|0 fnt\n|-damage|p2a: Urshifu|57\/100 par|[from] ability: Iron Barbs|[of] p1a: Spiky boi\n|faint|p1a: Spiky boi\n|\n|upkeep\n|\n|t:|1618820977\n|switch|p1a: Cute boi (wait)|Bellossom, M|100\/100\n|-damage|p1a: Cute boi (wait)|88\/100|[from] Stealth Rock\n|-activate|p1a: Cute boi (wait)|move: Sticky Web\n|-unboost|p1a: Cute boi (wait)|spe|1\n|turn|7\n|\n|t:|1618820986\n|cant|p2a: Urshifu|par\n|move|p1a: Cute boi (wait)|Quiver Dance|p1a: Cute boi (wait)\n|-boost|p1a: Cute boi (wait)|spa|1\n|-boost|p1a: Cute boi (wait)|spd|1\n|-boost|p1a: Cute boi (wait)|spe|1\n|\n|-heal|p1a: Cute boi (wait)|94\/100|[from] item: Leftovers\n|-damage|p2a: Urshifu|45\/100 par|[from] Leech Seed|[of] p1a: Cute boi (wait)\n|-heal|p1a: Cute boi (wait)|100\/100|[silent]\n|upkeep\n|turn|8\n|\n|t:|1618820997\n|cant|p2a: Urshifu|par\n|move|p1a: Cute boi (wait)|Quiver Dance|p1a: Cute boi (wait)\n|-boost|p1a: Cute boi (wait)|spa|1\n|-boost|p1a: Cute boi (wait)|spd|1\n|-boost|p1a: Cute boi (wait)|spe|1\n|\n|-damage|p2a: Urshifu|33\/100 par|[from] Leech Seed|[of] p1a: Cute boi (wait)\n|upkeep\n|turn|9\n|\n|t:|1618821005\n|move|p1a: Cute boi (wait)|Giga Drain|p2a: Urshifu\n|-damage|p2a: Urshifu|0 fnt\n|faint|p2a: Urshifu\n|\n|upkeep\n|\n|t:|1618821011\n|switch|p2a: Kyogre|Kyogre|100\/100\n|-damage|p2a: Kyogre|88\/100|[from] Stealth Rock\n|-weather|RainDance|[from] ability: Drizzle|[of] p2a: Kyogre\n|turn|10\n|\n|t:|1618821018\n|move|p2a: Kyogre|Ice Beam|p1a: Cute boi (wait)\n|-supereffective|p1a: Cute boi (wait)\n|-damage|p1a: Cute boi (wait)|57\/100\n|move|p1a: Cute boi (wait)|Sleep Powder|p2a: Kyogre\n|-status|p2a: Kyogre|slp|[from] move: Sleep Powder\n|\n|-weather|RainDance|[upkeep]\n|-heal|p1a: Cute boi (wait)|63\/100|[from] item: Leftovers\n|upkeep\n|turn|11\n|\n|t:|1618821028\n|switch|p2a: Necrozma|Necrozma-Dusk-Mane|100\/100\n|-damage|p2a: Necrozma|95\/100|[from] Stealth Rock\n|move|p1a: Cute boi (wait)|Quiver Dance|p1a: Cute boi (wait)\n|-boost|p1a: Cute boi (wait)|spa|1\n|-boost|p1a: Cute boi (wait)|spd|1\n|-boost|p1a: Cute boi (wait)|spe|1\n|\n|-weather|RainDance|[upkeep]\n|-heal|p1a: Cute boi (wait)|69\/100|[from] item: Leftovers\n|upkeep\n|turn|12\n|\n|t:|1618821038\n|move|p1a: Cute boi (wait)|Giga Drain|p2a: Necrozma\n|-resisted|p2a: Necrozma\n|-damage|p2a: Necrozma|54\/100\n|-heal|p1a: Cute boi (wait)|93\/100|[from] drain|[of] p2a: Necrozma\n|move|p2a: Necrozma|Sunsteel Strike|p1a: Cute boi (wait)\n|-damage|p1a: Cute boi (wait)|6\/100\n|\n|-weather|RainDance|[upkeep]\n|-heal|p1a: Cute boi (wait)|12\/100|[from] item: Leftovers\n|upkeep\n|turn|13\n|\n|t:|1618821048\n|move|p1a: Cute boi (wait)|Strength Sap|p2a: Necrozma\n|-unboost|p2a: Necrozma|atk|1\n|-heal|p1a: Cute boi (wait)|100\/100\n|move|p2a: Necrozma|Sunsteel Strike|p1a: Cute boi (wait)\n|-damage|p1a: Cute boi (wait)|42\/100\n|\n|-weather|RainDance|[upkeep]\n|-heal|p1a: Cute boi (wait)|48\/100|[from] item: Leftovers\n|upkeep\n|turn|14\n|\n|t:|1618821064\n|move|p1a: Cute boi (wait)|Strength Sap|p2a: Necrozma\n|-unboost|p2a: Necrozma|atk|1\n|-heal|p1a: Cute boi (wait)|100\/100\n|move|p2a: Necrozma|Sunsteel Strike|p1a: Cute boi (wait)\n|-damage|p1a: Cute boi (wait)|60\/100\n|\n|-weather|none\n|-heal|p1a: Cute boi (wait)|66\/100|[from] item: Leftovers\n|upkeep\n|turn|15\n|-message|damorush forfeited.\n|\n|win|Daizoko\n|raw|Daizoko's rating: 1080 &rarr; <strong>1107<\/strong><br \/>(+27 for winning)\n|raw|damorush's rating: 1073 &rarr; <strong>1052<\/strong><br \/>(-21 for losing)\n|l|\u2606damorush\n|c|\u2606Daizoko|gg\n","uploadtime":1618821078,"views":10,"p1id":"daizoko","p2id":"damorush","formatid":"gen8ubers","rating":1052,"private":0,"password":null}