{"id":"gen8uu-1326534469","p1":"lolorigolo","p2":"damorush","format":"gen8uu","log":"|j|\u2606lolorigolo\n|j|\u2606damorush\n|t:|1619083837\n|gametype|singles\n|player|p1|lolorigolo|marshal|1432\n|player|p2|damorush|steven|1307\n|teamsize|p1|6\n|teamsize|p2|6\n|gen|8\n|tier|[Gen 8] UU\n|rated|\n|clearpoke\n|poke|p1|Tapu Bulu|\n|poke|p1|Reuniclus, F|\n|poke|p1|Ditto|\n|poke|p1|Registeel|\n|poke|p1|Rotom-Heat|\n|poke|p1|Keldeo-Resolute|\n|poke|p2|Shuckle, M|\n|poke|p2|Thundurus, M|\n|poke|p2|Diggersby, M|\n|poke|p2|Aegislash, M|\n|poke|p2|Conkeldurr, M|\n|poke|p2|Haxorus, M|\n|rule|Sleep Clause Mod: Limit one foe put to sleep\n|rule|Species Clause: Limit one of each Pok\u00e9mon\n|rule|OHKO Clause: OHKO moves are banned\n|rule|Evasion Moves Clause: Evasion moves are banned\n|rule|Endless Battle Clause: Forcing endless battles is banned\n|rule|HP Percentage Mod: HP is shown in percentages\n|rule|Dynamax Clause: You cannot dynamax\n|teampreview\n|\n|t:|1619083866\n|start\n|switch|p1a: ton r\u00eave|Ditto|100\/100\n|switch|p2a: Shuckle|Shuckle, M|100\/100\n|-transform|p1a: ton r\u00eave|p2a: Shuckle|[from] ability: Imposter\n|turn|1\n|\n|t:|1619083874\n|move|p1a: ton r\u00eave|Sticky Web|p2a: Shuckle\n|-sidestart|p2: damorush|move: Sticky Web\n|move|p2a: Shuckle|Sticky Web|p1a: ton r\u00eave\n|-sidestart|p1: lolorigolo|move: Sticky Web\n|\n|upkeep\n|turn|2\n|\n|t:|1619083879\n|switch|p1a: ton voyage|Keldeo-Resolute|100\/100\n|-activate|p1a: ton voyage|move: Sticky Web\n|-unboost|p1a: ton voyage|spe|1\n|move|p2a: Shuckle|Stealth Rock|p1a: ton voyage\n|-sidestart|p1: lolorigolo|move: Stealth Rock\n|\n|upkeep\n|turn|3\n|\n|t:|1619083887\n|move|p1a: ton voyage|Hydro Pump|p2a: Shuckle\n|-supereffective|p2a: Shuckle\n|-ability|p2a: Shuckle|Sturdy\n|-damage|p2a: Shuckle|1\/100\n|-enditem|p2a: Shuckle|Red Card|[of] p1a: ton voyage\n|drag|p1a: ton enfer|Rotom-Heat|100\/100\n|move|p2a: Shuckle|Final Gambit|p1a: ton enfer\n|-damage|p1a: ton enfer|99\/100\n|faint|p2a: Shuckle\n|\n|upkeep\n|\n|t:|1619083896\n|switch|p2a: Haxorus|Haxorus, M|100\/100\n|-activate|p2a: Haxorus|move: Sticky Web\n|-unboost|p2a: Haxorus|spe|1\n|-ability|p2a: Haxorus|Mold Breaker\n|turn|4\n|inactive|Battle timer is ON: inactive players will automatically lose when time's up. (requested by lolorigolo)\n|inactive|damorush has 120 seconds left.\n|\n|t:|1619083984\n|move|p1a: ton enfer|Defog|p2a: Haxorus\n|-unboost|p2a: Haxorus|evasion|1\n|-sideend|p2: damorush|Sticky Web|[from] move: Defog|[of] p1a: ton enfer\n|-sideend|p1: lolorigolo|Stealth Rock|[from] move: Defog|[of] p1a: ton enfer\n|-sideend|p1: lolorigolo|Sticky Web|[from] move: Defog|[of] p1a: ton enfer\n|move|p2a: Haxorus|Outrage|p1a: ton enfer\n|-damage|p1a: ton enfer|9\/100\n|-damage|p2a: Haxorus|91\/100|[from] item: Life Orb\n|\n|upkeep\n|turn|5\n|\n|t:|1619083993\n|move|p1a: ton enfer|Volt Switch|p2a: Haxorus\n|-resisted|p2a: Haxorus\n|-damage|p2a: Haxorus|71\/100\n|\n|t:|1619083997\n|switch|p1a: ton esprit|Tapu Bulu|100\/100|[from]move: Volt Switch\n|-fieldstart|move: Grassy Terrain|[from] ability: Grassy Surge|[of] p1a: ton esprit\n|move|p2a: Haxorus|Outrage|p1a: ton esprit|[from]lockedmove\n|-immune|p1a: ton esprit\n|\n|-heal|p2a: Haxorus|77\/100|[from] Grassy Terrain\n|upkeep\n|turn|6\n|\n|t:|1619084008\n|move|p1a: ton esprit|Darkest Lariat|p2a: Haxorus\n|-damage|p2a: Haxorus|16\/100\n|move|p2a: Haxorus|Poison Jab|p1a: ton esprit\n|-supereffective|p1a: ton esprit\n|-damage|p1a: ton esprit|0 fnt\n|-damage|p2a: Haxorus|6\/100|[from] item: Life Orb\n|faint|p1a: ton esprit\n|\n|-heal|p2a: Haxorus|12\/100|[from] Grassy Terrain\n|upkeep\n|\n|t:|1619084024\n|switch|p1a: ton r\u00eave|Ditto|100\/100\n|-transform|p1a: ton r\u00eave|p2a: Haxorus|[from] ability: Imposter\n|-ability|p1a: ton r\u00eave|Mold Breaker\n|turn|7\n|\n|t:|1619084035\n|move|p1a: ton r\u00eave|Poison Jab|p2a: Haxorus\n|-damage|p2a: Haxorus|0 fnt\n|faint|p2a: Haxorus\n|\n|upkeep\n|\n|t:|1619084039\n|switch|p2a: Aegislash|Aegislash, M|100\/100\n|turn|8\n|\n|t:|1619084046\n|switch|p1a: ton enfer|Rotom-Heat|9\/100\n|-formechange|p2a: Aegislash|Aegislash-Blade||[from] ability: Stance Change\n|move|p2a: Aegislash|Shadow Ball|p1a: ton enfer\n|-damage|p1a: ton enfer|0 fnt\n|faint|p1a: ton enfer\n|\n|upkeep\n|\n|t:|1619084054\n|switch|p1a: ton voyage|Keldeo-Resolute|100\/100\n|turn|9\n|\n|t:|1619084061\n|switch|p2a: Thundurus|Thundurus, M|100\/100\n|move|p1a: ton voyage|Hydro Pump|p2a: Thundurus\n|-damage|p2a: Thundurus|0 fnt\n|faint|p2a: Thundurus\n|\n|-fieldend|move: Grassy Terrain\n|upkeep\n|\n|t:|1619084070\n|switch|p2a: Conkeldurr|Conkeldurr, M|100\/100\n|turn|10\n|\n|t:|1619084074\n|move|p1a: ton voyage|Hydro Pump|p2a: Conkeldurr\n|-damage|p2a: Conkeldurr|0 fnt\n|faint|p2a: Conkeldurr\n|\n|upkeep\n|-message|damorush forfeited.\n|\n|win|lolorigolo\n|raw|lolorigolo's rating: 1432 &rarr; <strong>1445<\/strong><br \/>(+13 for winning)\n|raw|damorush's rating: 1307 &rarr; <strong>1294<\/strong><br \/>(-13 for losing)\n|l|\u2606damorush\n","uploadtime":1619084086,"views":24,"p1id":"lolorigolo","p2id":"damorush","formatid":"gen8uu","rating":1294,"private":0,"password":null}