{"id":"gen8ou-1690789801","p1":"cows123p","p2":"minimax_ai","format":"gen8ou","log":"|html|<div class=\"broadcast-blue\"><strong>[Gen 8] OU is currently suspecting Melmetal! For information on how to participate check out the <a href=\"https:\/\/www.smogon.com\/forums\/threads\/np-ss-ou-suspect-process-round-12-monster-mash.3709234\/\">suspect thread<\/a>.<\/strong><\/div>\n|j|\u2606cows123p\n|j|\u2606minimax_ai\n|t:|1666303878\n|gametype|singles\n|player|p1|cows123p|twins-gen4dp|1496\n|player|p2|minimax_ai|lusamine-nihilego|1520\n|teamsize|p1|6\n|teamsize|p2|6\n|gen|8\n|tier|[Gen 8] OU\n|rated|\n|rule|Sleep Clause Mod: Limit one foe put to sleep\n|rule|Species Clause: Limit one of each Pok\u00e9mon\n|rule|OHKO Clause: OHKO moves are banned\n|rule|Evasion Items Clause: Evasion items are banned\n|rule|Evasion Moves Clause: Evasion moves are banned\n|rule|Endless Battle Clause: Forcing endless battles is banned\n|rule|HP Percentage Mod: HP is shown in percentages\n|rule|Dynamax Clause: You cannot dynamax\n|clearpoke\n|poke|p1|Diggersby, F|\n|poke|p1|Tapu Lele|\n|poke|p1|Ribombee, F|\n|poke|p1|Urshifu-*, M|\n|poke|p1|Heatran, M|\n|poke|p1|Kartana|\n|poke|p2|Rotom-Wash|\n|poke|p2|Weavile, F|\n|poke|p2|Landorus-Therian, M|\n|poke|p2|Heatran, M|\n|poke|p2|Tangrowth, F|\n|poke|p2|Melmetal|\n|teampreview\n|c|\u2606minimax_ai|hf\n|inactive|Battle timer is ON: inactive players will automatically lose when time's up. (requested by minimax_ai)\n|\n|t:|1666303884\n|start\n|switch|p1a: Ribombee|Ribombee, F|100\/100\n|switch|p2a: landorustherian|Landorus-Therian, M|100\/100\n|-ability|p2a: landorustherian|Intimidate|boost\n|-unboost|p1a: Ribombee|atk|1\n|turn|1\n|\n|t:|1666303906\n|move|p1a: Ribombee|Stun Spore|p2a: landorustherian|[miss]\n|-miss|p1a: Ribombee|p2a: landorustherian\n|move|p2a: landorustherian|Earthquake|p1a: Ribombee\n|-resisted|p1a: Ribombee\n|-damage|p1a: Ribombee|66\/100\n|\n|upkeep\n|turn|2\n|\n|t:|1666303913\n|move|p1a: Ribombee|Sticky Web|p2a: landorustherian\n|-sidestart|p2: minimax_ai|move: Sticky Web\n|move|p2a: landorustherian|Earthquake|p1a: Ribombee\n|-resisted|p1a: Ribombee\n|-damage|p1a: Ribombee|26\/100\n|\n|upkeep\n|turn|3\n|\n|t:|1666303938\n|move|p1a: Ribombee|Stun Spore|p2a: landorustherian\n|-status|p2a: landorustherian|par\n|move|p2a: landorustherian|Defog|p1a: Ribombee\n|-unboost|p1a: Ribombee|evasion|1\n|-sideend|p2: minimax_ai|Sticky Web|[from] move: Defog|[of] p2a: landorustherian\n|\n|upkeep\n|turn|4\n|\n|t:|1666303944\n|move|p1a: Ribombee|Sticky Web|p2a: landorustherian\n|-sidestart|p2: minimax_ai|move: Sticky Web\n|move|p2a: landorustherian|Earthquake|p1a: Ribombee\n|-resisted|p1a: Ribombee\n|-damage|p1a: Ribombee|0 fnt\n|faint|p1a: Ribombee\n|\n|upkeep\n|\n|t:|1666303951\n|switch|p1a: Urshifu|Urshifu-Rapid-Strike, M|100\/100\n|turn|5\n|\n|t:|1666303954\n|switch|p2a: Tangrowth|Tangrowth, F|100\/100\n|-activate|p2a: Tangrowth|move: Sticky Web\n|-unboost|p2a: Tangrowth|spe|1\n|move|p1a: Urshifu|U-turn|p2a: Tangrowth\n|-supereffective|p2a: Tangrowth\n|-damage|p2a: Tangrowth|61\/100\n|-damage|p1a: Urshifu|84\/100|[from] item: Rocky Helmet|[of] p2a: Tangrowth\n|\n|t:|1666303963\n|switch|p1a: Heatran|Heatran, M|100\/100|[from]move: U-turn\n|\n|upkeep\n|turn|6\n|\n|t:|1666303967\n|switch|p2a: Heatran|Heatran, M|100\/100\n|-item|p2a: Heatran|Air Balloon\n|move|p1a: Heatran|Stealth Rock|p2a: Heatran\n|-sidestart|p2: minimax_ai|move: Stealth Rock\n|\n|upkeep\n|turn|7\n|\n|t:|1666303974\n|switch|p1a: Urshifu|Urshifu-Rapid-Strike, M|84\/100\n|move|p2a: Heatran|Eruption|p1a: Urshifu\n|-resisted|p1a: Urshifu\n|-damage|p1a: Urshifu|27\/100\n|\n|upkeep\n|turn|8\n|\n|t:|1666303980\n|switch|p2a: Tangrowth|Tangrowth, F|94\/100\n|-activate|p2a: Tangrowth|move: Sticky Web\n|-unboost|p2a: Tangrowth|spe|1\n|-damage|p2a: Tangrowth|82\/100|[from] Stealth Rock\n|move|p1a: Urshifu|U-turn|p2a: Tangrowth\n|-supereffective|p2a: Tangrowth\n|-damage|p2a: Tangrowth|43\/100\n|-damage|p1a: Urshifu|11\/100|[from] item: Rocky Helmet|[of] p2a: Tangrowth\n|\n|t:|1666303992\n|switch|p1a: Tapu Lele|Tapu Lele|100\/100|[from]move: U-turn\n|-fieldstart|move: Psychic Terrain|[from] ability: Psychic Surge|[of] p1a: Tapu Lele\n|\n|upkeep\n|turn|9\n|\n|t:|1666304010\n|switch|p2a: Melmetal|Melmetal|100\/100\n|-activate|p2a: Melmetal|move: Sticky Web\n|-unboost|p2a: Melmetal|spe|1\n|-damage|p2a: Melmetal|94\/100|[from] Stealth Rock\n|move|p1a: Tapu Lele|Focus Blast|p2a: Melmetal\n|-supereffective|p2a: Melmetal\n|-damage|p2a: Melmetal|29\/100\n|\n|upkeep\n|turn|10\n|\n|t:|1666304019\n|switch|p1a: Heatran|Heatran, M|100\/100\n|move|p2a: Melmetal|Double Iron Bash|p1a: Heatran\n|-resisted|p1a: Heatran\n|-damage|p1a: Heatran|91\/100\n|-resisted|p1a: Heatran\n|-damage|p1a: Heatran|80\/100\n|-hitcount|p1a: Heatran|2\n|\n|upkeep\n|turn|11\n|\n|t:|1666304032\n|switch|p1a: Tapu Lele|Tapu Lele|100\/100\n|switch|p2a: landorustherian|Landorus-Therian, M|100\/100 par\n|-damage|p2a: landorustherian|88\/100 par|[from] Stealth Rock\n|-ability|p2a: landorustherian|Intimidate|boost\n|-unboost|p1a: Tapu Lele|atk|1\n|\n|-heal|p2a: landorustherian|94\/100 par|[from] item: Leftovers\n|upkeep\n|turn|12\n|\n|t:|1666304041\n|move|p1a: Tapu Lele|Psychic|p2a: landorustherian\n|-damage|p2a: landorustherian|22\/100 par\n|cant|p2a: landorustherian|par\n|\n|-heal|p2a: landorustherian|28\/100 par|[from] item: Leftovers\n|-fieldend|move: Psychic Terrain\n|upkeep\n|turn|13\n|\n|t:|1666304047\n|switch|p2a: Heatran|Heatran, M|100\/100\n|-damage|p2a: Heatran|88\/100|[from] Stealth Rock\n|-item|p2a: Heatran|Air Balloon\n|move|p1a: Tapu Lele|Psychic|p2a: Heatran\n|-resisted|p2a: Heatran\n|-damage|p2a: Heatran|53\/100\n|-enditem|p2a: Heatran|Air Balloon\n|\n|upkeep\n|turn|14\n|\n|t:|1666304056\n|switch|p1a: Heatran|Heatran, M|80\/100\n|move|p2a: Heatran|Magma Storm|p1a: Heatran\n|-start|p1a: Heatran|ability: Flash Fire\n|\n|upkeep\n|turn|15\n|\n|t:|1666304062\n|move|p1a: Heatran|Earth Power|p2a: Heatran\n|-supereffective|p2a: Heatran\n|-damage|p2a: Heatran|0 fnt\n|faint|p2a: Heatran\n|\n|upkeep\n|\n|t:|1666304063\n|switch|p2a: rotomwash|Rotom-Wash|100\/100\n|-damage|p2a: rotomwash|88\/100|[from] Stealth Rock\n|turn|16\n|\n|t:|1666304070\n|move|p1a: Heatran|Eruption|p2a: rotomwash\n|-resisted|p2a: rotomwash\n|-damage|p2a: rotomwash|34\/100\n|move|p2a: rotomwash|Thunderbolt|p1a: Heatran\n|-damage|p1a: Heatran|43\/100\n|\n|-heal|p2a: rotomwash|40\/100|[from] item: Leftovers\n|upkeep\n|turn|17\n|\n|t:|1666304077\n|move|p1a: Heatran|Fire Blast|p2a: rotomwash|[miss]\n|-miss|p1a: Heatran|p2a: rotomwash\n|move|p2a: rotomwash|Hydro Pump|p1a: Heatran\n|-supereffective|p1a: Heatran\n|-damage|p1a: Heatran|0 fnt\n|faint|p1a: Heatran\n|\n|-heal|p2a: rotomwash|47\/100|[from] item: Leftovers\n|upkeep\n|\n|t:|1666304088\n|switch|p1a: Diggersby|Diggersby, F|100\/100\n|turn|18\n|\n|t:|1666304091\n|switch|p2a: landorustherian|Landorus-Therian, M|28\/100 par\n|-damage|p2a: landorustherian|15\/100 par|[from] Stealth Rock\n|-ability|p2a: landorustherian|Intimidate|boost\n|-unboost|p1a: Diggersby|atk|1\n|move|p1a: Diggersby|Body Slam|p2a: landorustherian\n|-damage|p2a: landorustherian|0 fnt\n|faint|p2a: landorustherian\n|\n|upkeep\n|\n|t:|1666304091\n|switch|p2a: rotomwash|Rotom-Wash|47\/100\n|-damage|p2a: rotomwash|34\/100|[from] Stealth Rock\n|turn|19\n|\n|t:|1666304101\n|move|p1a: Diggersby|Body Slam|p2a: rotomwash\n|-damage|p2a: rotomwash|0 fnt\n|faint|p2a: rotomwash\n|\n|upkeep\n|\n|t:|1666304101\n|switch|p2a: Melmetal|Melmetal|29\/100\n|-activate|p2a: Melmetal|move: Sticky Web\n|-unboost|p2a: Melmetal|spe|1\n|-damage|p2a: Melmetal|23\/100|[from] Stealth Rock\n|turn|20\n|\n|t:|1666304110\n|switch|p1a: Urshifu|Urshifu-Rapid-Strike, M|11\/100\n|move|p2a: Melmetal|Double Iron Bash|p1a: Urshifu\n|-resisted|p1a: Urshifu\n|-damage|p1a: Urshifu|0 fnt\n|faint|p1a: Urshifu\n|-hitcount|p1: Urshifu|1\n|\n|upkeep\n|\n|t:|1666304119\n|switch|p1a: Diggersby|Diggersby, F|100\/100\n|turn|21\n|\n|t:|1666304122\n|move|p1a: Diggersby|Body Slam|p2a: Melmetal\n|-resisted|p2a: Melmetal\n|-damage|p2a: Melmetal|0 fnt\n|faint|p2a: Melmetal\n|\n|upkeep\n|\n|t:|1666304122\n|switch|p2a: Tangrowth|Tangrowth, F|76\/100\n|-activate|p2a: Tangrowth|move: Sticky Web\n|-unboost|p2a: Tangrowth|spe|1\n|-damage|p2a: Tangrowth|63\/100|[from] Stealth Rock\n|turn|22\n|\n|t:|1666304131\n|switch|p1a: Tapu Lele|Tapu Lele|100\/100\n|-fieldstart|move: Psychic Terrain|[from] ability: Psychic Surge|[of] p1a: Tapu Lele\n|move|p2a: Tangrowth|Sleep Powder|p1a: Tapu Lele\n|-status|p1a: Tapu Lele|slp|[from] move: Sleep Powder\n|\n|upkeep\n|turn|23\n|\n|t:|1666304139\n|switch|p2a: Weavile|Weavile, F|100\/100\n|-activate|p2a: Weavile|move: Sticky Web\n|-unboost|p2a: Weavile|spe|1\n|-damage|p2a: Weavile|76\/100|[from] Stealth Rock\n|-ability|p2a: Weavile|Pressure\n|cant|p1a: Tapu Lele|slp\n|\n|upkeep\n|turn|24\n|\n|t:|1666304147\n|cant|p1a: Tapu Lele|slp\n|move|p2a: Weavile|Knock Off|p1a: Tapu Lele\n|-damage|p1a: Tapu Lele|0 fnt\n|-enditem|p1a: Tapu Lele|Choice Specs|[from] move: Knock Off|[of] p2a: Weavile\n|faint|p1a: Tapu Lele\n|\n|upkeep\n|\n|t:|1666304153\n|switch|p1a: Diggersby|Diggersby, F|100\/100\n|turn|25\n|\n|t:|1666304156\n|switch|p2a: Tangrowth|Tangrowth, F|97\/100\n|-activate|p2a: Tangrowth|move: Sticky Web\n|-unboost|p2a: Tangrowth|spe|1\n|-damage|p2a: Tangrowth|84\/100|[from] Stealth Rock\n|move|p1a: Diggersby|Fire Punch|p2a: Tangrowth\n|-supereffective|p2a: Tangrowth\n|-damage|p2a: Tangrowth|36\/100\n|-damage|p1a: Diggersby|84\/100|[from] item: Rocky Helmet|[of] p2a: Tangrowth\n|\n|upkeep\n|turn|26\n|\n|t:|1666304165\n|move|p1a: Diggersby|Fire Punch|p2a: Tangrowth\n|-supereffective|p2a: Tangrowth\n|-damage|p2a: Tangrowth|0 fnt\n|-damage|p1a: Diggersby|68\/100|[from] item: Rocky Helmet|[of] p2a: Tangrowth\n|faint|p2a: Tangrowth\n|\n|-fieldend|move: Psychic Terrain\n|upkeep\n|\n|t:|1666304165\n|switch|p2a: Weavile|Weavile, F|76\/100\n|-activate|p2a: Weavile|move: Sticky Web\n|-unboost|p2a: Weavile|spe|1\n|-damage|p2a: Weavile|51\/100|[from] Stealth Rock\n|-ability|p2a: Weavile|Pressure\n|turn|27\n|\n|t:|1666304176\n|move|p2a: Weavile|Ice Shard|p1a: Diggersby\n|-supereffective|p1a: Diggersby\n|-damage|p1a: Diggersby|0 fnt\n|faint|p1a: Diggersby\n|\n|upkeep\n|\n|t:|1666304180\n|switch|p1a: Kartana|Kartana|100\/100\n|turn|28\n|\n|t:|1666304183\n|move|p2a: Weavile|Ice Shard|p1a: Kartana\n|-damage|p1a: Kartana|70\/100\n|move|p1a: Kartana|Sacred Sword|p2a: Weavile\n|-supereffective|p2a: Weavile\n|-damage|p2a: Weavile|0 fnt\n|faint|p2a: Weavile\n|\n|win|cows123p\n|raw|cows123p's rating: 1496 &rarr; <strong>1517<\/strong><br \/>(+21 for winning)\n|raw|minimax_ai's rating: 1520 &rarr; <strong>1499<\/strong><br \/>(-21 for losing)\n|c|\u2606minimax_ai|gg\n","uploadtime":1666304185,"views":3,"p1id":"cows123p","p2id":"minimaxai","formatid":"gen8ou","rating":1499,"private":0,"password":null}