{"id":"gen8randombattle-1700203057","p1":"Dumb dude","p2":"BigWes95","format":"gen8randombattle","log":"|j|\u2606Dumb dude\n|j|\u2606BigWes95\n|inactive|Battle timer is ON: inactive players will automatically lose when time's up.\n|t:|1667321352\n|gametype|singles\n|player|p1|Dumb dude|lucas|\n|player|p2|BigWes95|101|\n|teamsize|p1|24\n|teamsize|p2|24\n|gen|8\n|tier|[Gen 8] Random Battle\n|rated|Tournament battle\n|rule|Species Clause: Limit one of each Pok\u00e9mon\n|rule|HP Percentage Mod: HP is shown in percentages\n|rule|Sleep Clause Mod: Limit one foe put to sleep\n|rule|Dynamax Clause: You cannot dynamax\n|rule|Camomons Mod: Pok\u00e9mon have their types set to match their first two moves.\n|rule|Inverse Mod: Weaknesses become resistances, while resistances and immunities become weaknesses.\n|rule|Scalemons Mod: Every Pokemon's stats, barring HP, are scaled to come as close to a BST of 600 as possible\n|clearpoke\n|poke|p1|Hatterene, L82, F|\n|poke|p1|Coalossal, L88, M|\n|poke|p1|Blastoise, L85, F|\n|poke|p1|Zapdos, L80|\n|poke|p1|Cradily, L88, F|\n|poke|p1|Regieleki, L82|\n|poke|p1|Thundurus-Therian, L82, M|\n|poke|p1|Incineroar, L84, M|\n|poke|p1|Glastrier, L88|\n|poke|p1|Claydol, L88|\n|poke|p1|Leafeon, L88, F|\n|poke|p1|Eiscue, L88, M|\n|poke|p1|Zacian-*, L72|\n|poke|p1|Alcremie, L88, F|\n|poke|p1|Umbreon, L84, M|\n|poke|p1|Noivern, L85, F|\n|poke|p1|Araquanid, L87, M|\n|poke|p1|Nidoking, L82, M|\n|poke|p1|Golisopod, L84, M|\n|poke|p1|Dialga, L76|\n|poke|p1|Comfey, L88, M|\n|poke|p1|Heliolisk, L86, F|\n|poke|p1|Sandaconda, L88, F|\n|poke|p1|Kingdra, L87, M|\n|poke|p2|Pelipper, L80, F|\n|poke|p2|Togedemaru, L88, M|\n|poke|p2|Urshifu-*, L80, F|\n|poke|p2|Celebi, L84|\n|poke|p2|Vanilluxe, L87, F|\n|poke|p2|Ribombee, L88, M|\n|poke|p2|Golurk, L86|\n|poke|p2|Hippowdon, L82, M|\n|poke|p2|Gastrodon, L86, M|\n|poke|p2|Whimsicott, L88, M|\n|poke|p2|Altaria, L88, F|\n|poke|p2|Articuno, L88|\n|poke|p2|Reshiram, L76|\n|poke|p2|Ludicolo, L88, F|\n|poke|p2|Unfezant, L88, F|\n|poke|p2|Mr. Mime-Galar, L88, M|\n|poke|p2|Blacephalon, L80|\n|poke|p2|Wishiwashi, L88, M|\n|poke|p2|Nihilego, L82|\n|poke|p2|Vileplume, L86, F|\n|poke|p2|Golisopod, L84, F|\n|poke|p2|Slowbro-Galar, L83, M|\n|poke|p2|Tapu Bulu, L82|\n|poke|p2|Azelf, L82|\n|teampreview|11\n|inactive|BigWes95 also wants the timer to be on.\n|j|%htcl\n|inactive|Dumb dude has 120 seconds left.\n|inactive|BigWes95 has 120 seconds left.\n|j| knexhawk2\n|j| someidiot19\n|j|@SetsuStsna\n|j| laughokenisis\\\n|j| LuGuya\n|inactive|Dumb dude has 90 seconds left.\n|inactive|BigWes95 has 90 seconds left.\n|j| HarryBW247\n|j| zaung\n|j|+Coolcodename\n|c| knexhawk2|bro has 3 weathers\n|\n|t:|1667321435\n|start\n|switch|p1a: Incineroar|Incineroar, L84, M|297\/297\n|switch|p2a: Blacephalon|Blacephalon, L80|215\/215\n|-start|p2a: Blacephalon|typechange|Psychic\/Fire|[silent]\n|-start|p1a: Incineroar|typechange|Bug\/Dark|[silent]\n|-ability|p1a: Incineroar|Intimidate|boost\n|-unboost|p2a: Blacephalon|atk|1\n|-start|p1a: Incineroar|typechange|Bug\/Dark|[silent]\n|-start|p2a: Blacephalon|typechange|Psychic\/Fire|[silent]\n|turn|1\n|c| zaung|trick room team\n|c|\u2606BigWes95|GL\n|j| Faceblue\n|\n|t:|1667321451\n|move|p2a: Blacephalon|Shadow Ball|p1a: Incineroar\n|-supereffective|p1a: Incineroar\n|-damage|p1a: Incineroar|159\/297\n|move|p1a: Incineroar|Flare Blitz|p2a: Blacephalon\n|-supereffective|p2a: Blacephalon\n|-damage|p2a: Blacephalon|0 fnt\n|faint|p2a: Blacephalon\n|-damage|p1a: Incineroar|88\/297|[from] Recoil\n|\n|upkeep\n|c| zaung|do a trick room team\n|\n|t:|1667321464\n|switch|p2a: Celebi|Celebi, L84|305\/305\n|-start|p2a: Celebi|typechange|Psychic\/Normal|[silent]\n|-start|p2a: Celebi|typechange|Psychic\/Normal|[silent]\n|turn|2\n|l|+Coolcodename\n|inactive|Dumb dude has 120 seconds left.\n|\n|t:|1667321487\n|switch|p1a: Araquanid|Araquanid, L87, M|259\/259\n|-ability|p1a: Araquanid|Intimidate|boost\n|-unboost|p2a: Celebi|atk|1\n|-start|p1a: Araquanid|typechange|Psychic\/Water|[silent]\n|move|p2a: Celebi|Psychic|p1a: Araquanid\n|-supereffective|p1a: Araquanid\n|-damage|p1a: Araquanid|155\/259\n|\n|-heal|p1a: Araquanid|171\/259|[from] item: Leftovers\n|upkeep\n|-start|p1a: Araquanid|typechange|Psychic\/Water|[silent]\n|turn|3\n|j| KZDKRJ\n|l| KZDKRJ\n|inactive|Dumb dude has 120 seconds left.\n|l| HarryBW247\n|\n|t:|1667321499\n|move|p2a: Celebi|Nasty Plot|p2a: Celebi\n|-boost|p2a: Celebi|spa|2\n|move|p1a: Araquanid|Sticky Web|p2a: Celebi\n|-sidestart|p2: BigWes95|move: Sticky Web\n|\n|-heal|p1a: Araquanid|187\/259|[from] item: Leftovers\n|upkeep\n|turn|4\n|\n|t:|1667321508\n|switch|p1a: Incineroar|Incineroar, L84, M|88\/297\n|-start|p1a: Incineroar|typechange|Bug\/Dark|[silent]\n|-ability|p1a: Incineroar|Intimidate|boost\n|-unboost|p2a: Celebi|atk|1\n|move|p2a: Celebi|Psychic|p1a: Incineroar\n|-supereffective|p1a: Incineroar\n|-damage|p1a: Incineroar|0 fnt\n|faint|p1a: Incineroar\n|-ability|p2a: Celebi|Beast Boost|boost\n|-boost|p2a: Celebi|def|1\n|\n|upkeep\n|inactive|Dumb dude has 120 seconds left.\n|c| zaung|bro has perfect setup for a trickroom team\n|c| zaung|did he take it?\n|\n|t:|1667321538\n|switch|p1a: Zacian|Zacian, L72|251\/251\n|-ability|p1a: Zacian|Intimidate|boost\n|-unboost|p2a: Celebi|atk|1\n|-start|p1a: Zacian|typechange|Fighting\/Normal|[silent]\n|-ability|p1a: Zacian|Intrepid Sword|boost\n|-boost|p1a: Zacian|atk|1\n|-start|p1a: Zacian|typechange|Fighting\/Normal|[silent]\n|turn|5\n|c| zaung|oh.\n|\n|t:|1667321548\n|move|p2a: Celebi|Leaf Storm|p1a: Zacian\n|-damage|p1a: Zacian|42\/251\n|-unboost|p2a: Celebi|spa|2\n|move|p1a: Zacian|Swords Dance|p1a: Zacian\n|-boost|p1a: Zacian|atk|2\n|\n|upkeep\n|turn|6\n|\n|t:|1667321564\n|switch|p1a: Cradily|Cradily, L88, F|295\/295\n|-ability|p1a: Cradily|Intrepid Sword|boost\n|-boost|p1a: Cradily|atk|1\n|-ability|p1a: Cradily|Intimidate|boost\n|-unboost|p2a: Celebi|atk|1\n|-start|p1a: Cradily|typechange|Rock\/Grass|[silent]\n|move|p2a: Celebi|Leaf Storm|p1a: Cradily\n|-damage|p1a: Cradily|231\/295\n|-unboost|p2a: Celebi|spa|2\n|\n|-heal|p1a: Cradily|249\/295|[from] item: Leftovers\n|upkeep\n|turn|7\n|\n|t:|1667321573\n|move|p2a: Celebi|Nasty Plot|p2a: Celebi\n|-boost|p2a: Celebi|spa|2\n|move|p1a: Cradily|Power Whip|p2a: Celebi\n|-damage|p2a: Celebi|185\/305\n|\n|-heal|p2a: Celebi|204\/305|[from] item: Leftovers\n|-heal|p1a: Cradily|267\/295|[from] item: Leftovers\n|upkeep\n|turn|8\n|\n|t:|1667321581\n|move|p2a: Celebi|Nasty Plot|p2a: Celebi\n|-boost|p2a: Celebi|spa|2\n|move|p1a: Cradily|Swords Dance|p1a: Cradily\n|-boost|p1a: Cradily|atk|2\n|\n|-heal|p2a: Celebi|223\/305|[from] item: Leftovers\n|-heal|p1a: Cradily|285\/295|[from] item: Leftovers\n|upkeep\n|turn|9\n|\n|t:|1667321597\n|move|p2a: Celebi|Leaf Storm|p1a: Cradily\n|-damage|p1a: Cradily|146\/295\n|-unboost|p2a: Celebi|spa|2\n|move|p1a: Cradily|Power Whip|p2a: Celebi\n|-damage|p2a: Celebi|18\/305\n|\n|-heal|p2a: Celebi|37\/305|[from] item: Leftovers\n|-heal|p1a: Cradily|164\/295|[from] item: Leftovers\n|upkeep\n|turn|10\n|inactive|Dumb dude has 120 seconds left.\n|\n|t:|1667321616\n|move|p2a: Celebi|Psychic|p1a: Cradily\n|-damage|p1a: Cradily|92\/295\n|-unboost|p1a: Cradily|spd|1\n|move|p1a: Cradily|Recover|p1a: Cradily\n|-heal|p1a: Cradily|240\/295\n|\n|-heal|p2a: Celebi|56\/305|[from] item: Leftovers\n|-heal|p1a: Cradily|258\/295|[from] item: Leftovers\n|upkeep\n|turn|11\n|\n|t:|1667321620\n|move|p2a: Celebi|Recover|p2a: Celebi\n|-heal|p2a: Celebi|209\/305\n|move|p1a: Cradily|Power Whip|p2a: Celebi|[miss]\n|-miss|p1a: Cradily|p2a: Celebi\n|\n|-heal|p2a: Celebi|228\/305|[from] item: Leftovers\n|-heal|p1a: Cradily|276\/295|[from] item: Leftovers\n|upkeep\n|turn|12\n|\n|t:|1667321626\n|move|p2a: Celebi|Psychic|p1a: Cradily\n|-damage|p1a: Cradily|183\/295\n|move|p1a: Cradily|Power Whip|p2a: Celebi\n|-damage|p2a: Celebi|0 fnt\n|faint|p2a: Celebi\n|\n|-heal|p1a: Cradily|201\/295|[from] item: Leftovers\n|upkeep\n|l|@SetsuStsna\n|c| laughokenisis\\|lmfao\n|c| laughokenisis\\|31\n|\n|t:|1667321646\n|switch|p2a: Nihilego|Nihilego, L82|313\/313\n|-start|p2a: Nihilego|typechange|Electric\/Poison|[silent]\n|-activate|p2a: Nihilego|move: Sticky Web\n|-unboost|p2a: Nihilego|spe|1\n|-start|p2a: Nihilego|typechange|Electric\/Poison|[silent]\n|turn|13\n|j| Suuicunee\n|j| cypherstest\n|inactive|Dumb dude has 120 seconds left.\n|\n|t:|1667321672\n|switch|p1a: Thundurus|Thundurus-Therian, L82, M|263\/263\n|-ability|p1a: Thundurus|Intrepid Sword|boost\n|-boost|p1a: Thundurus|atk|1\n|-ability|p1a: Thundurus|Intimidate|boost\n|-unboost|p2a: Nihilego|atk|1\n|-start|p1a: Thundurus|typechange|Dark\/Fighting|[silent]\n|move|p2a: Nihilego|Thunderbolt|p1a: Thundurus\n|-immune|p1a: Thundurus|[from] ability: Volt Absorb\n|\n|upkeep\n|-start|p1a: Thundurus|typechange|Dark\/Fighting|[silent]\n|turn|14\n|\n|t:|1667321686\n|move|p1a: Thundurus|Thunderbolt|p2a: Nihilego\n|-supereffective|p2a: Nihilego\n|-damage|p2a: Nihilego|136\/313\n|-damage|p1a: Thundurus|237\/263|[from] item: Life Orb\n|move|p2a: Nihilego|Grass Knot|p1a: Thundurus\n|-damage|p1a: Thundurus|159\/263\n|\n|-heal|p2a: Nihilego|155\/313|[from] item: Black Sludge\n|upkeep\n|turn|15\n|\n|t:|1667321701\n|switch|p2a: Unfezant|Unfezant, L88, F|283\/283\n|-start|p2a: Unfezant|typechange|Bug\/Flying|[silent]\n|move|p1a: Thundurus|Thunderbolt|p2a: Unfezant\n|-resisted|p2a: Unfezant\n|-damage|p2a: Unfezant|223\/283\n|-damage|p1a: Thundurus|133\/263|[from] item: Life Orb\n|\n|upkeep\n|-start|p2a: Unfezant|typechange|Bug\/Flying|[silent]\n|turn|16\n|\n|t:|1667321710\n|move|p2a: Unfezant|Night Slash|p1a: Thundurus\n|-supereffective|p1a: Thundurus\n|-crit|p1a: Thundurus\n|-damage|p1a: Thundurus|0 fnt\n|faint|p1a: Thundurus\n|-ability|p2a: Unfezant|Beast Boost|boost\n|-boost|p2a: Unfezant|atk|1\n|\n|upkeep\n|\n|t:|1667321728\n|switch|p1a: Leafeon|Leafeon, L88, F|258\/258\n|-ability|p1a: Leafeon|Intrepid Sword|boost\n|-boost|p1a: Leafeon|atk|1\n|-ability|p1a: Leafeon|Intimidate|boost\n|-unboost|p2a: Unfezant|atk|1\n|-start|p1a: Leafeon|typechange|Bug\/Grass|[silent]\n|-start|p1a: Leafeon|typechange|Bug\/Grass|[silent]\n|turn|17\n|\n|t:|1667321739\n|move|p2a: Unfezant|Night Slash|p1a: Leafeon\n|-crit|p1a: Leafeon\n|-damage|p1a: Leafeon|188\/258\n|move|p1a: Leafeon|Leaf Blade|p2a: Unfezant\n|-supereffective|p2a: Unfezant\n|-damage|p2a: Unfezant|0 fnt\n|faint|p2a: Unfezant\n|-damage|p1a: Leafeon|163\/258|[from] item: Life Orb\n|\n|upkeep\n|\n|t:|1667321746\n|switch|p2a: Golurk|Golurk, L86|293\/293\n|-start|p2a: Golurk|typechange|Ghost\/Ground|[silent]\n|-activate|p2a: Golurk|move: Sticky Web\n|-unboost|p2a: Golurk|spe|1\n|-start|p2a: Golurk|typechange|Ghost\/Ground|[silent]\n|turn|18\n|\n|t:|1667321766\n|move|p1a: Leafeon|X-Scissor|p2a: Golurk\n|-supereffective|p2a: Golurk\n|-damage|p2a: Golurk|0 fnt\n|faint|p2a: Golurk\n|-damage|p1a: Leafeon|138\/258|[from] item: Life Orb\n|\n|upkeep\n|\n|t:|1667321781\n|switch|p2a: Gastrodon|Gastrodon, L86, M|331\/331\n|-start|p2a: Gastrodon|typechange|Poison\/Normal|[silent]\n|-activate|p2a: Gastrodon|move: Sticky Web\n|-unboost|p2a: Gastrodon|spe|1\n|-start|p2a: Gastrodon|typechange|Poison\/Normal|[silent]\n|turn|19\n|\n|t:|1667321791\n|move|p1a: Leafeon|Leaf Blade|p2a: Gastrodon\n|-supereffective|p2a: Gastrodon\n|-damage|p2a: Gastrodon|0 fnt\n|faint|p2a: Gastrodon\n|-damage|p1a: Leafeon|113\/258|[from] item: Life Orb\n|\n|upkeep\n|\n|t:|1667321802\n|switch|p2a: Urshifu|Urshifu-Rapid-Strike, L80, F|291\/291\n|-start|p2a: Urshifu|typechange|Fighting|[silent]\n|-activate|p2a: Urshifu|move: Sticky Web\n|-unboost|p2a: Urshifu|spe|1\n|-start|p2a: Urshifu|typechange|Fighting|[silent]\n|turn|20\n|\n|t:|1667321825\n|move|p1a: Leafeon|X-Scissor|p2a: Urshifu\n|-supereffective|p2a: Urshifu\n|-damage|p2a: Urshifu|0 fnt\n|faint|p2a: Urshifu\n|-damage|p1a: Leafeon|88\/258|[from] item: Life Orb\n|\n|upkeep\n|c| zaung|wohs winning\n|\n|t:|1667321840\n|switch|p2a: Hippowdon|Hippowdon, L82, M|311\/311\n|-start|p2a: Hippowdon|typechange|Normal\/Rock|[silent]\n|-activate|p2a: Hippowdon|move: Sticky Web\n|-unboost|p2a: Hippowdon|spe|1\n|-weather|Sandstorm|[from] ability: Sand Stream|[of] p2a: Hippowdon\n|-start|p2a: Hippowdon|typechange|Normal\/Rock|[silent]\n|turn|21\n|c| zaung|whos\n|\n|t:|1667321849\n|move|p1a: Leafeon|Double-Edge|p2a: Hippowdon\n|-supereffective|p2a: Hippowdon\n|-damage|p2a: Hippowdon|0 fnt\n|faint|p2a: Hippowdon\n|-damage|p1a: Leafeon|0 fnt|[from] Recoil\n|faint|p1a: Leafeon\n|\n|-weather|Sandstorm|[upkeep]\n|upkeep\n|j| SigHighGamers\n|c|\u2606BigWes95|How tf is a leafeon killing half my team\n|c|\u2606BigWes95|I couldn't do anything\n|c| LuGuya|lol\n|\n|t:|1667321875\n|switch|p1a: Kingdra|Kingdra, L87, M|272\/272\n|switch|p2a: Reshiram|Reshiram, L76|277\/277\n|-ability|p1a: Kingdra|Intrepid Sword|boost\n|-boost|p1a: Kingdra|atk|1\n|-ability|p1a: Kingdra|Intimidate|boost\n|-unboost|p2a: Reshiram|atk|1\n|-start|p1a: Kingdra|typechange|Water\/Dragon|[silent]\n|-start|p2a: Reshiram|typechange|Fire\/Poison|[silent]\n|-activate|p2a: Reshiram|move: Sticky Web\n|-unboost|p2a: Reshiram|spe|1\n|-ability|p2a: Reshiram|Turboblaze\n|-start|p2a: Reshiram|typechange|Fire\/Poison|[silent]\n|turn|22\n|c|%htcl|leafeon broken\n|c| zaung|lmao\n|l| SigHighGamers\n|\n|t:|1667321902\n|switch|p1a: Nidoking|Nidoking, L82, M|267\/267\n|-ability|p1a: Nidoking|Intrepid Sword|boost\n|-boost|p1a: Nidoking|atk|1\n|-ability|p1a: Nidoking|Intimidate|boost\n|-unboost|p2a: Reshiram|atk|1\n|-start|p1a: Nidoking|typechange|Normal\/Ice|[silent]\n|move|p2a: Reshiram|Blue Flare|p1a: Nidoking\n|-resisted|p1a: Nidoking\n|-damage|p1a: Nidoking|195\/267\n|-status|p1a: Nidoking|brn\n|-activate|p1a: Nidoking|ability: Water Bubble\n|-curestatus|p1a: Nidoking|brn|[msg]\n|\n|-weather|Sandstorm|[upkeep]\n|-damage|p1a: Nidoking|179\/267|[from] Sandstorm\n|-damage|p2a: Reshiram|260\/277|[from] Sandstorm\n|-heal|p2a: Reshiram|277\/277|[from] item: Leftovers\n|upkeep\n|-start|p1a: Nidoking|typechange|Normal\/Ice|[silent]\n|turn|23\n|j| hnlt non\n|l| LuGuya\n|\n|t:|1667321918\n|move|p1a: Nidoking|Ice Beam|p2a: Reshiram\n|-supereffective|p2a: Reshiram\n|-damage|p2a: Reshiram|0 fnt\n|faint|p2a: Reshiram\n|\n|-weather|Sandstorm|[upkeep]\n|-damage|p1a: Nidoking|163\/267|[from] Sandstorm\n|upkeep\n|\n|t:|1667321925\n|switch|p2a: Slowbro|Slowbro-Galar, L83, M|293\/293\n|-ability|p2a: Slowbro|Turboblaze\n|-start|p2a: Slowbro|typechange|Poison\/Psychic|[silent]\n|-activate|p2a: Slowbro|move: Sticky Web\n|-unboost|p2a: Slowbro|spe|1\n|turn|24\n|\n|t:|1667321931\n|move|p1a: Nidoking|Sludge Wave|p2a: Slowbro\n|-supereffective|p2a: Slowbro\n|-damage|p2a: Slowbro|56\/293\n|move|p2a: Slowbro|Trick Room|p2a: Slowbro\n|-fieldstart|move: Trick Room|[of] p2a: Slowbro\n|\n|-weather|Sandstorm|[upkeep]\n|-damage|p2a: Slowbro|38\/293|[from] Sandstorm\n|-damage|p1a: Nidoking|147\/267|[from] Sandstorm\n|upkeep\n|turn|25\n|\n|t:|1667321947\n|move|p2a: Slowbro|Shell Side Arm|p1a: Nidoking|[anim] Shell Side Arm Special\n|-damage|p1a: Nidoking|0 fnt\n|-hint|Special Shell Side Arm\n|faint|p1a: Nidoking\n|-ability|p2a: Slowbro|Beast Boost|boost\n|-boost|p2a: Slowbro|atk|1\n|-damage|p2a: Slowbro|9\/293|[from] item: Life Orb\n|\n|-weather|none\n|upkeep\n|\n|t:|1667321961\n|switch|p1a: Cradily|Cradily, L88, F|201\/295\n|-ability|p1a: Cradily|Intrepid Sword|boost\n|-boost|p1a: Cradily|atk|1\n|-ability|p1a: Cradily|Intimidate|boost\n|-unboost|p2a: Slowbro|atk|1\n|-start|p1a: Cradily|typechange|Rock\/Grass|[silent]\n|turn|26\n|\n|t:|1667321968\n|move|p2a: Slowbro|Shell Side Arm|p1a: Cradily|[anim] Shell Side Arm Physical\n|-damage|p1a: Cradily|91\/295\n|-hint|Physical Shell Side Arm\n|-damage|p2a: Slowbro|0 fnt|[from] item: Life Orb\n|faint|p2a: Slowbro\n|move|p1a: Cradily|Recover|p1a: Cradily\n|-heal|p1a: Cradily|239\/295\n|\n|-heal|p1a: Cradily|257\/295|[from] item: Leftovers\n|upkeep\n|\n|t:|1667321980\n|switch|p2a: Ribombee|Ribombee, L88, M|249\/249\n|-weather|Sandstorm|[from] ability: Sand Stream|[of] p2a: Ribombee\n|-ability|p2a: Ribombee|Turboblaze\n|-start|p2a: Ribombee|typechange|Bug\/Psychic|[silent]\n|-start|p2a: Ribombee|typechange|Bug\/Psychic|[silent]\n|turn|27\n|\n|t:|1667321985\n|move|p1a: Cradily|Power Whip|p2a: Ribombee\n|-supereffective|p2a: Ribombee\n|-damage|p2a: Ribombee|0 fnt\n|faint|p2a: Ribombee\n|\n|-weather|Sandstorm|[upkeep]\n|-heal|p1a: Cradily|275\/295|[from] item: Leftovers\n|upkeep\n|\n|t:|1667321989\n|switch|p2a: Nihilego|Nihilego, L82|155\/313\n|-ability|p2a: Nihilego|Turboblaze\n|-start|p2a: Nihilego|typechange|Electric\/Poison|[silent]\n|-activate|p2a: Nihilego|move: Sticky Web\n|-unboost|p2a: Nihilego|spe|1\n|-start|p2a: Nihilego|typechange|Electric\/Poison|[silent]\n|turn|28\n|\n|t:|1667321996\n|move|p1a: Cradily|Power Whip|p2a: Nihilego\n|-supereffective|p2a: Nihilego\n|-damage|p2a: Nihilego|0 fnt\n|faint|p2a: Nihilego\n|\n|win|Dumb dude\n|n|\u2606Dumb dude|dumbdude\n|n|\u2606BigWes95|bigwes95\n|n| htcl|htcl\n|n| knexhawk2|knexhawk2\n|n| someidiot19|someidiot19\n|n| laughokenisis\\|laughokenisis\n|n| zaung|zaung\n|n| Faceblue|faceblue\n|n| Suuicunee|suuicunee\n|n| cypherstest|cypherstest\n|n| hnlt non|hnltnon\n","inputlog":">version f476352dc29ed5929b7549badb4aeb273fa50fa2\n>start {\"formatid\":\"gen8randombattle@@@max team size = 24,picked team size = 11,team preview,mayhem\",\"seed\":[17544,2418,23278,31645],\"rated\":\"Tournament battle\"}\n>player p1 {\"name\":\"Dumb dude\",\"avatar\":\"lucas\",\"rating\":0,\"seed\":[6032,47412,35981,7422]}\n>player p2 {\"name\":\"BigWes95\",\"avatar\":\"101\",\"rating\":0,\"seed\":[62808,54501,21456,30449]}\n>chat  knexhawk2|bro has 3 weathers\n>p1 team 8, 7, 17, 24, 1, 5, 13, 19, 11, 10, 18\n>p2 team 17, 13, 7, 4, 6, 22, 19, 15, 3, 8, 9\n>chat  zaung|trick room team\n>chat \u2606BigWes95|GL\n>p1 move flareblitz\n>p2 move shadowball\n>chat  zaung|do a trick room team\n>p2 switch 4\n>p1 switch 3\n>p2 move psychic\n>p1 move stickyweb\n>p2 move nastyplot\n>p1 switch 3\n>p2 move psychic\n>chat  zaung|bro has perfect setup for a trickroom team\n>chat  zaung|did he take it?\n>p1 switch 7\n>chat  zaung|oh.\n>p1 move swordsdance\n>p2 move leafstorm\n>p1 switch 6\n>p2 move leafstorm\n>p1 move powerwhip\n>p2 move nastyplot\n>p1 move swordsdance\n>p2 move nastyplot\n>p1 move powerwhip\n>p2 move leafstorm\n>p1 move recover\n>p2 move psychic\n>p1 move powerwhip\n>p2 move recover\n>p1 move powerwhip\n>p2 move psychic\n>chat  laughokenisis\\|lmfao\n>chat  laughokenisis\\|31\n>p2 switch 7\n>p1 switch 2\n>p2 move thunderbolt\n>p1 move thunderbolt\n>p2 move grassknot\n>p1 move thunderbolt\n>p2 switch 8\n>p1 move focusblast\n>p2 move nightslash\n>p1 switch 9\n>p1 move leafblade\n>p2 move nightslash\n>p2 switch 3\n>p1 move xscissor\n>p2 move earthquake\n>p2 switch 11\n>p1 move leafblade\n>p2 move earthquake\n>p2 switch 9\n>p1 move xscissor\n>p2 move surgingstrikes\n>chat  zaung|wohs winning\n>p2 switch 10\n>chat  zaung|whos\n>p1 move doubleedge\n>p2 move earthquake\n>chat \u2606BigWes95|How tf is a leafeon killing half my team \n>chat \u2606BigWes95|I couldn't do anything\n>chat  LuGuya|lol\n>p1 switch 4\n>p2 switch 2\n>chat %htcl|leafeon broken\n>chat  zaung|lmao\n>p1 switch 11\n>p2 move blueflare\n>p1 move icebeam\n>p2 move blueflare\n>p2 switch 6\n>p1 move sludgewave\n>p2 move trickroom\n>p1 move sludgewave\n>p2 move shellsidearm\n>p1 switch 2\n>p1 move recover\n>p2 move shellsidearm\n>p2 switch 5\n>p1 move powerwhip\n>p2 move moonblast\n>p2 switch 8\n>p1 move powerwhip\n>p2 move sludgewave","uploadtime":1667321997,"views":7,"p1id":"dumbdude","p2id":"bigwes95","formatid":"gen8randombattle","rating":0,"private":0,"password":null}