{"id":"gen8ou-1252594440","p1":"Vodyne","p2":"JokerKing2398","format":"gen8ou","log":"|html|<div class=\"broadcast-blue\"><strong>[Gen 8] OU is currently suspecting Urshifu-S! For information on how to participate check out the <a href=\"https:\/\/www.smogon.com\/forums\/threads\/np-ss-ou-suspect-process-round-8-aint-no-rest-for-the-wicked.3675310\/\">suspect thread<\/a>.<\/strong><\/div>\n|j|\u2606Vodyne\n|j|\u2606JokerKing2398\n|t:|1609293198\n|player|p1|Vodyne|102|1406\n|player|p2|JokerKing2398|160|1379\n|teamsize|p1|6\n|teamsize|p2|6\n|gametype|singles\n|gen|8\n|tier|[Gen 8] OU\n|rated|\n|clearpoke\n|poke|p1|Snorlax, M|\n|poke|p1|Suicune|\n|poke|p1|Melmetal|\n|poke|p1|Victini|\n|poke|p1|Landorus-Therian, M|\n|poke|p1|Altaria, M|\n|poke|p2|Magearna|\n|poke|p2|Stakataka|\n|poke|p2|Slowbro, F|\n|poke|p2|Heatran, M|\n|poke|p2|Volcanion|\n|poke|p2|Melmetal|\n|rule|Sleep Clause Mod: Limit one foe put to sleep\n|rule|Species Clause: Limit one of each Pok\u00e9mon\n|rule|OHKO Clause: OHKO moves are banned\n|rule|Evasion Moves Clause: Evasion moves are banned\n|rule|Endless Battle Clause: Forcing endless battles is banned\n|rule|HP Percentage Mod: HP is shown in percentages\n|rule|Dynamax Clause: You cannot dynamax\n|teampreview\n|\n|t:|1609293230\n|start\n|switch|p1a: Suicune|Suicune|100\/100\n|switch|p2a: Slowbro|Slowbro, F|100\/100\n|-ability|p1a: Suicune|Pressure\n|turn|1\n|\n|t:|1609293237\n|move|p1a: Suicune|Calm Mind|p1a: Suicune\n|-boost|p1a: Suicune|spa|1\n|-boost|p1a: Suicune|spd|1\n|move|p2a: Slowbro|Future Sight|p1a: Suicune\n|-start|p2a: Slowbro|move: Future Sight\n|\n|upkeep\n|turn|2\n|\n|t:|1609293241\n|move|p1a: Suicune|Calm Mind|p1a: Suicune\n|-boost|p1a: Suicune|spa|1\n|-boost|p1a: Suicune|spd|1\n|move|p2a: Slowbro|Trick Room|p2a: Slowbro\n|-fieldstart|move: Trick Room|[of] p2a: Slowbro\n|\n|upkeep\n|turn|3\n|\n|t:|1609293244\n|move|p1a: Suicune|Calm Mind|p1a: Suicune\n|-boost|p1a: Suicune|spa|1\n|-boost|p1a: Suicune|spd|1\n|move|p2a: Slowbro|Teleport|p2a: Slowbro\n|\n|t:|1609293262\n|switch|p2a: Melmetal|Melmetal|100\/100|[from]move: Teleport\n|\n|-end|p1a: Suicune|move: Future Sight\n|-damage|p1a: Suicune|87\/100\n|-heal|p1a: Suicune|93\/100|[from] item: Leftovers\n|upkeep\n|turn|4\n|\n|t:|1609293282\n|move|p2a: Melmetal|Thunder Punch|p1a: Suicune\n|-supereffective|p1a: Suicune\n|-damage|p1a: Suicune|31\/100\n|move|p1a: Suicune|Scald|p2a: Melmetal\n|-damage|p2a: Melmetal|41\/100\n|-status|p2a: Melmetal|brn\n|\n|-heal|p1a: Suicune|37\/100|[from] item: Leftovers\n|-damage|p2a: Melmetal|35\/100 brn|[from] brn\n|upkeep\n|turn|5\n|\n|t:|1609293293\n|move|p2a: Melmetal|Thunder Punch|p1a: Suicune\n|-supereffective|p1a: Suicune\n|-damage|p1a: Suicune|5\/100\n|move|p1a: Suicune|Rest|p1a: Suicune\n|-status|p1a: Suicune|slp|[from] move: Rest\n|-heal|p1a: Suicune|100\/100 slp|[silent]\n|\n|-damage|p2a: Melmetal|29\/100 brn|[from] brn\n|upkeep\n|turn|6\n|\n|t:|1609293307\n|switch|p1a: Landorus|Landorus-Therian, M|100\/100\n|-ability|p1a: Landorus|Intimidate|boost\n|-unboost|p2a: Melmetal|atk|1\n|move|p2a: Melmetal|Thunder Punch|p1a: Landorus\n|-immune|p1a: Landorus\n|\n|-damage|p2a: Melmetal|23\/100 brn|[from] brn\n|-fieldend|move: Trick Room\n|upkeep\n|turn|7\n|\n|t:|1609293316\n|switch|p2a: Slowbro|Slowbro, F|100\/100\n|move|p1a: Landorus|Earthquake|p2a: Slowbro\n|-damage|p2a: Slowbro|64\/100\n|\n|-heal|p2a: Slowbro|71\/100|[from] item: Leftovers\n|upkeep\n|turn|8\n|\n|t:|1609293323\n|switch|p1a: Suicune|Suicune|100\/100 slp\n|-ability|p1a: Suicune|Pressure\n|move|p2a: Slowbro|Teleport|p2a: Slowbro\n|\n|t:|1609293328\n|switch|p2a: Magearna|Magearna|100\/100|[from]move: Teleport\n|\n|upkeep\n|turn|9\n|\n|t:|1609293350\n|switch|p1a: Victini|Victini|100\/100\n|move|p2a: Magearna|Trick Room|p2a: Magearna\n|-fieldstart|move: Trick Room|[of] p2a: Magearna\n|\n|upkeep\n|turn|10\n|\n|t:|1609293355\n|move|p2a: Magearna|Volt Switch|p1a: Victini\n|-damage|p1a: Victini|74\/100\n|\n|t:|1609293358\n|switch|p2a: Melmetal|Melmetal|23\/100 brn|[from]move: Volt Switch\n|move|p1a: Victini|V-create|p2a: Melmetal\n|-supereffective|p2a: Melmetal\n|-damage|p2a: Melmetal|0 fnt\n|-unboost|p1a: Victini|spe|1\n|-unboost|p1a: Victini|def|1\n|-unboost|p1a: Victini|spd|1\n|faint|p2a: Melmetal\n|\n|upkeep\n|\n|t:|1609293367\n|switch|p2a: Stakataka|Stakataka|100\/100\n|turn|11\n|\n|t:|1609293396\n|switch|p1a: Landorus|Landorus-Therian, M|100\/100\n|-ability|p1a: Landorus|Intimidate|boost\n|-unboost|p2a: Stakataka|atk|1\n|move|p2a: Stakataka|Stone Edge|p1a: Landorus\n|-damage|p1a: Landorus|31\/100\n|\n|upkeep\n|turn|12\n|\n|t:|1609293406\n|switch|p1a: Melmetal|Melmetal|100\/100\n|move|p2a: Stakataka|Stone Edge|p1a: Melmetal\n|-resisted|p1a: Melmetal\n|-damage|p1a: Melmetal|82\/100\n|\n|upkeep\n|turn|13\n|\n|t:|1609293413\n|switch|p2a: Volcanion|Volcanion|100\/100\n|switch|p1a: Landorus|Landorus-Therian, M|31\/100\n|-ability|p1a: Landorus|Intimidate|boost\n|-unboost|p2a: Volcanion|atk|1\n|\n|-fieldend|move: Trick Room\n|upkeep\n|turn|14\n|\n|t:|1609293418\n|switch|p2a: Slowbro|Slowbro, F|100\/100\n|move|p1a: Landorus|Knock Off|p2a: Slowbro\n|-supereffective|p2a: Slowbro\n|-damage|p2a: Slowbro|54\/100\n|-enditem|p2a: Slowbro|Leftovers|[from] move: Knock Off|[of] p1a: Landorus\n|\n|upkeep\n|turn|15\n|\n|t:|1609293424\n|move|p1a: Landorus|Knock Off|p2a: Slowbro\n|-supereffective|p2a: Slowbro\n|-damage|p2a: Slowbro|23\/100\n|move|p2a: Slowbro|Trick Room|p2a: Slowbro\n|-fieldstart|move: Trick Room|[of] p2a: Slowbro\n|\n|upkeep\n|turn|16\n|\n|t:|1609293433\n|switch|p1a: Suicune|Suicune|100\/100 slp\n|-ability|p1a: Suicune|Pressure\n|move|p2a: Slowbro|Future Sight|p1a: Suicune\n|-start|p2a: Slowbro|move: Future Sight\n|\n|upkeep\n|turn|17\n|\n|t:|1609293440\n|cant|p1a: Suicune|slp\n|move|p2a: Slowbro|Teleport|p2a: Slowbro\n|\n|t:|1609293452\n|switch|p2a: Magearna|Magearna|100\/100|[from]move: Teleport\n|\n|upkeep\n|turn|18\n|\n|t:|1609293470\n|switch|p1a: Landorus|Landorus-Therian, M|31\/100\n|-ability|p1a: Landorus|Intimidate|boost\n|-unboost|p2a: Magearna|atk|1\n|move|p2a: Magearna|Fleur Cannon|p1a: Landorus\n|-damage|p1a: Landorus|0 fnt\n|-unboost|p2a: Magearna|spa|2\n|faint|p1a: Landorus\n|-ability|p2a: Magearna|Soul-Heart|boost\n|-boost|p2a: Magearna|spa|1\n|\n|-hint|Future Sight did not hit because the target is fainted.\n|upkeep\n|\n|t:|1609293481\n|switch|p1a: Melmetal|Melmetal|82\/100\n|turn|19\n|\n|t:|1609293484\n|move|p1a: Melmetal|Double Iron Bash|p2a: Magearna\n|-damage|p2a: Magearna|62\/100\n|-damage|p2a: Magearna|24\/100\n|-hitcount|p2a: Magearna|2\n|move|p2a: Magearna|Volt Switch|p1a: Melmetal\n|-damage|p1a: Melmetal|70\/100\n|\n|t:|1609293492\n|switch|p2a: Heatran|Heatran, M|100\/100|[from]move: Volt Switch\n|\n|-fieldend|move: Trick Room\n|upkeep\n|turn|20\n|\n|t:|1609293502\n|switch|p1a: Snorlax|Snorlax, M|100\/100\n|move|p2a: Heatran|Eruption|p1a: Snorlax\n|-crit|p1a: Snorlax\n|-damage|p1a: Snorlax|59\/100\n|\n|-heal|p1a: Snorlax|65\/100|[from] item: Leftovers\n|upkeep\n|turn|21\n|\n|t:|1609293508\n|switch|p2a: Slowbro|Slowbro, F|57\/100\n|move|p1a: Snorlax|Darkest Lariat|p2a: Slowbro\n|-supereffective|p2a: Slowbro\n|-damage|p2a: Slowbro|31\/100\n|\n|-heal|p1a: Snorlax|71\/100|[from] item: Leftovers\n|upkeep\n|turn|22\n|\n|t:|1609293519\n|switch|p2a: Magearna|Magearna|24\/100\n|move|p1a: Snorlax|Curse|p1a: Snorlax\n|-unboost|p1a: Snorlax|spe|1\n|-boost|p1a: Snorlax|atk|1\n|-boost|p1a: Snorlax|def|1\n|\n|-heal|p2a: Magearna|30\/100|[from] item: Leftovers\n|-heal|p1a: Snorlax|77\/100|[from] item: Leftovers\n|upkeep\n|turn|23\n|\n|t:|1609293524\n|move|p2a: Magearna|Volt Switch|p1a: Snorlax\n|-damage|p1a: Snorlax|66\/100\n|\n|t:|1609293526\n|switch|p2a: Stakataka|Stakataka|100\/100|[from]move: Volt Switch\n|move|p1a: Snorlax|Curse|p1a: Snorlax\n|-unboost|p1a: Snorlax|spe|1\n|-boost|p1a: Snorlax|atk|1\n|-boost|p1a: Snorlax|def|1\n|\n|-heal|p1a: Snorlax|72\/100|[from] item: Leftovers\n|upkeep\n|turn|24\n|\n|t:|1609293532\n|move|p1a: Snorlax|Curse|p1a: Snorlax\n|-unboost|p1a: Snorlax|spe|1\n|-boost|p1a: Snorlax|atk|1\n|-boost|p1a: Snorlax|def|1\n|move|p2a: Stakataka|Stone Edge|p1a: Snorlax\n|-damage|p1a: Snorlax|37\/100\n|\n|-heal|p1a: Snorlax|43\/100|[from] item: Leftovers\n|upkeep\n|turn|25\n|\n|t:|1609293539\n|move|p1a: Snorlax|Rest|p1a: Snorlax\n|-status|p1a: Snorlax|slp|[from] move: Rest\n|-heal|p1a: Snorlax|100\/100 slp|[silent]\n|move|p2a: Stakataka|Stone Edge|p1a: Snorlax\n|-damage|p1a: Snorlax|71\/100 slp\n|\n|-heal|p1a: Snorlax|77\/100 slp|[from] item: Leftovers\n|upkeep\n|turn|26\n|\n|t:|1609293544\n|cant|p1a: Snorlax|slp\n|move|p2a: Stakataka|Stone Edge|p1a: Snorlax\n|-crit|p1a: Snorlax\n|-damage|p1a: Snorlax|0 fnt\n|faint|p1a: Snorlax\n|-ability|p2a: Stakataka|Beast Boost|boost\n|-boost|p2a: Stakataka|def|1\n|\n|upkeep\n|c|\u2606Vodyne|ah nice crit\n|\n|t:|1609293576\n|switch|p1a: Suicune|Suicune|100\/100 slp\n|-ability|p1a: Suicune|Pressure\n|turn|27\n|\n|t:|1609293579\n|cant|p1a: Suicune|slp\n|move|p2a: Stakataka|Stone Edge|p1a: Suicune\n|-damage|p1a: Suicune|52\/100 slp\n|\n|-heal|p1a: Suicune|58\/100 slp|[from] item: Leftovers\n|upkeep\n|turn|28\n|\n|t:|1609293596\n|-curestatus|p1a: Suicune|slp|[msg]\n|move|p1a: Suicune|Rest|p1a: Suicune\n|-status|p1a: Suicune|slp|[from] move: Rest\n|-heal|p1a: Suicune|100\/100 slp|[silent]\n|move|p2a: Stakataka|Stone Edge|p1a: Suicune|[miss]\n|-miss|p2a: Stakataka|p1a: Suicune\n|\n|upkeep\n|turn|29\n|\n|t:|1609293607\n|switch|p2a: Magearna|Magearna|30\/100\n|cant|p1a: Suicune|slp\n|\n|-heal|p2a: Magearna|36\/100|[from] item: Leftovers\n|upkeep\n|turn|30\n|\n|t:|1609293613\n|switch|p1a: Melmetal|Melmetal|70\/100\n|move|p2a: Magearna|Volt Switch|p1a: Melmetal\n|-damage|p1a: Melmetal|54\/100\n|\n|t:|1609293620\n|switch|p2a: Heatran|Heatran, M|100\/100|[from]move: Volt Switch\n|\n|upkeep\n|turn|31\n|\n|t:|1609293625\n|switch|p1a: Altaria|Altaria, M|100\/100\n|-ability|p1a: Altaria|Cloud Nine\n|move|p2a: Heatran|Eruption|p1a: Altaria\n|-resisted|p1a: Altaria\n|-damage|p1a: Altaria|42\/100\n|\n|upkeep\n|turn|32\n|\n|t:|1609293635\n|switch|p2a: Magearna|Magearna|36\/100\n|move|p1a: Altaria|Roost|p1a: Altaria\n|-heal|p1a: Altaria|92\/100\n|-singleturn|p1a: Altaria|move: Roost\n|\n|-heal|p2a: Magearna|43\/100|[from] item: Leftovers\n|upkeep\n|turn|33\n|\n|t:|1609293641\n|switch|p1a: Melmetal|Melmetal|54\/100\n|move|p2a: Magearna|Fleur Cannon|p1a: Melmetal\n|-resisted|p1a: Melmetal\n|-damage|p1a: Melmetal|29\/100\n|-unboost|p2a: Magearna|spa|2\n|\n|-heal|p2a: Magearna|49\/100|[from] item: Leftovers\n|upkeep\n|turn|34\n|\n|t:|1609293647\n|move|p2a: Magearna|Volt Switch|p1a: Melmetal\n|-damage|p1a: Melmetal|20\/100\n|\n|t:|1609293651\n|switch|p2a: Slowbro|Slowbro, F|64\/100|[from]move: Volt Switch\n|move|p1a: Melmetal|Superpower|p2a: Slowbro\n|-resisted|p2a: Slowbro\n|-damage|p2a: Slowbro|50\/100\n|-unboost|p1a: Melmetal|atk|1\n|-unboost|p1a: Melmetal|def|1\n|\n|upkeep\n|turn|35\n|\n|t:|1609293656\n|switch|p1a: Suicune|Suicune|100\/100 slp\n|-ability|p1a: Suicune|Pressure\n|move|p2a: Slowbro|Teleport|p2a: Slowbro\n|\n|t:|1609293662\n|switch|p2a: Stakataka|Stakataka|100\/100|[from]move: Teleport\n|\n|upkeep\n|turn|36\n|\n|t:|1609293697\n|cant|p1a: Suicune|slp\n|move|p2a: Stakataka|Earthquake|p1a: Suicune\n|-damage|p1a: Suicune|67\/100 slp\n|\n|-heal|p1a: Suicune|74\/100 slp|[from] item: Leftovers\n|upkeep\n|turn|37\n|\n|t:|1609293701\n|switch|p2a: Magearna|Magearna|49\/100\n|-curestatus|p1a: Suicune|slp|[msg]\n|move|p1a: Suicune|Scald|p2a: Magearna\n|-damage|p2a: Magearna|25\/100\n|\n|-heal|p1a: Suicune|80\/100|[from] item: Leftovers\n|-heal|p2a: Magearna|32\/100|[from] item: Leftovers\n|upkeep\n|turn|38\n|\n|t:|1609293708\n|move|p1a: Suicune|Calm Mind|p1a: Suicune\n|-boost|p1a: Suicune|spa|1\n|-boost|p1a: Suicune|spd|1\n|move|p2a: Magearna|Volt Switch|p1a: Suicune\n|-supereffective|p1a: Suicune\n|-damage|p1a: Suicune|53\/100\n|\n|t:|1609293722\n|switch|p2a: Slowbro|Slowbro, F|83\/100|[from]move: Volt Switch\n|\n|-heal|p1a: Suicune|59\/100|[from] item: Leftovers\n|upkeep\n|turn|39\n|j| Nesnot\n|\n|t:|1609293744\n|move|p1a: Suicune|Calm Mind|p1a: Suicune\n|-boost|p1a: Suicune|spa|1\n|-boost|p1a: Suicune|spd|1\n|move|p2a: Slowbro|Future Sight|p1a: Suicune\n|-start|p2a: Slowbro|move: Future Sight\n|\n|-heal|p1a: Suicune|65\/100|[from] item: Leftovers\n|upkeep\n|turn|40\n|\n|t:|1609293748\n|move|p1a: Suicune|Calm Mind|p1a: Suicune\n|-boost|p1a: Suicune|spa|1\n|-boost|p1a: Suicune|spd|1\n|move|p2a: Slowbro|Teleport|p2a: Slowbro\n|\n|t:|1609293752\n|switch|p2a: Volcanion|Volcanion|100\/100|[from]move: Teleport\n|\n|-heal|p1a: Suicune|72\/100|[from] item: Leftovers\n|upkeep\n|turn|41\n|\n|t:|1609293756\n|move|p1a: Suicune|Calm Mind|p1a: Suicune\n|-boost|p1a: Suicune|spa|1\n|-boost|p1a: Suicune|spd|1\n|move|p2a: Volcanion|Sludge Wave|p1a: Suicune\n|-damage|p1a: Suicune|57\/100\n|\n|-end|p1a: Suicune|move: Future Sight\n|-damage|p1a: Suicune|45\/100\n|-heal|p1a: Suicune|52\/100|[from] item: Leftovers\n|upkeep\n|turn|42\n|\n|t:|1609293763\n|move|p1a: Suicune|Calm Mind|p1a: Suicune\n|-boost|p1a: Suicune|spa|1\n|-boost|p1a: Suicune|spd|1\n|move|p2a: Volcanion|Sludge Wave|p1a: Suicune\n|-damage|p1a: Suicune|40\/100\n|\n|-heal|p1a: Suicune|46\/100|[from] item: Leftovers\n|upkeep\n|turn|43\n|\n|t:|1609293766\n|move|p1a: Suicune|Calm Mind|p1a: Suicune\n|-boost|p1a: Suicune|spa|1\n|-boost|p1a: Suicune|spd|1\n|move|p2a: Volcanion|Sludge Wave|p1a: Suicune\n|-damage|p1a: Suicune|36\/100\n|-status|p1a: Suicune|psn\n|\n|-heal|p1a: Suicune|43\/100 psn|[from] item: Leftovers\n|-damage|p1a: Suicune|30\/100 psn|[from] psn\n|upkeep\n|turn|44\n|\n|t:|1609293776\n|move|p1a: Suicune|Rest|p1a: Suicune\n|-status|p1a: Suicune|slp|[from] move: Rest\n|-heal|p1a: Suicune|100\/100 slp|[silent]\n|move|p2a: Volcanion|Sludge Wave|p1a: Suicune\n|-damage|p1a: Suicune|91\/100 slp\n|\n|-heal|p1a: Suicune|97\/100 slp|[from] item: Leftovers\n|upkeep\n|turn|45\n|\n|t:|1609293780\n|cant|p1a: Suicune|slp\n|move|p2a: Volcanion|Sludge Wave|p1a: Suicune\n|-damage|p1a: Suicune|86\/100 slp\n|\n|-heal|p1a: Suicune|92\/100 slp|[from] item: Leftovers\n|upkeep\n|turn|46\n|\n|t:|1609293785\n|switch|p2a: Stakataka|Stakataka|100\/100\n|cant|p1a: Suicune|slp\n|\n|-heal|p1a: Suicune|98\/100 slp|[from] item: Leftovers\n|upkeep\n|turn|47\n|\n|t:|1609293790\n|switch|p2a: Volcanion|Volcanion|100\/100\n|-curestatus|p1a: Suicune|slp|[msg]\n|move|p1a: Suicune|Ice Beam|p2a: Volcanion\n|-resisted|p2a: Volcanion\n|-damage|p2a: Volcanion|82\/100\n|\n|-heal|p1a: Suicune|100\/100|[from] item: Leftovers\n|upkeep\n|turn|48\n|\n|t:|1609293801\n|move|p1a: Suicune|Calm Mind|p1a: Suicune\n|-boost|p1a: Suicune|spa|0\n|-boost|p1a: Suicune|spd|0\n|move|p2a: Volcanion|Steam Eruption|p1a: Suicune\n|-resisted|p1a: Suicune\n|-damage|p1a: Suicune|92\/100\n|-status|p1a: Suicune|brn\n|\n|-heal|p1a: Suicune|98\/100 brn|[from] item: Leftovers\n|-damage|p1a: Suicune|92\/100 brn|[from] brn\n|upkeep\n|turn|49\n|\n|t:|1609293810\n|switch|p2a: Magearna|Magearna|32\/100\n|move|p1a: Suicune|Rest|p1a: Suicune\n|-status|p1a: Suicune|slp|[from] move: Rest\n|-heal|p1a: Suicune|100\/100 slp|[silent]\n|\n|-heal|p2a: Magearna|38\/100|[from] item: Leftovers\n|upkeep\n|turn|50\n|\n|t:|1609293813\n|cant|p1a: Suicune|slp\n|move|p2a: Magearna|Volt Switch|p1a: Suicune\n|-supereffective|p1a: Suicune\n|-damage|p1a: Suicune|90\/100 slp\n|\n|t:|1609293820\n|switch|p2a: Volcanion|Volcanion|82\/100|[from]move: Volt Switch\n|\n|-heal|p1a: Suicune|96\/100 slp|[from] item: Leftovers\n|upkeep\n|turn|51\n|\n|t:|1609293827\n|switch|p2a: Slowbro|Slowbro, F|100\/100\n|cant|p1a: Suicune|slp\n|\n|-heal|p1a: Suicune|100\/100 slp|[from] item: Leftovers\n|upkeep\n|turn|52\n|\n|t:|1609293831\n|-curestatus|p1a: Suicune|slp|[msg]\n|move|p1a: Suicune|Scald|p2a: Slowbro\n|-resisted|p2a: Slowbro\n|-damage|p2a: Slowbro|53\/100\n|move|p2a: Slowbro|Future Sight|p1a: Suicune\n|-start|p2a: Slowbro|move: Future Sight\n|\n|upkeep\n|turn|53\n|\n|t:|1609293838\n|move|p1a: Suicune|Ice Beam|p2a: Slowbro\n|-resisted|p2a: Slowbro\n|-damage|p2a: Slowbro|15\/100\n|move|p2a: Slowbro|Teleport|p2a: Slowbro\n|\n|t:|1609293841\n|switch|p2a: Magearna|Magearna|38\/100|[from]move: Teleport\n|\n|-heal|p2a: Magearna|44\/100|[from] item: Leftovers\n|upkeep\n|turn|54\n|\n|t:|1609293844\n|move|p1a: Suicune|Ice Beam|p2a: Magearna\n|-resisted|p2a: Magearna\n|-damage|p2a: Magearna|12\/100\n|move|p2a: Magearna|Volt Switch|p1a: Suicune\n|-supereffective|p1a: Suicune\n|-crit|p1a: Suicune\n|-damage|p1a: Suicune|36\/100\n|\n|t:|1609293854\n|switch|p2a: Volcanion|Volcanion|82\/100|[from]move: Volt Switch\n|\n|-end|p1a: Suicune|move: Future Sight\n|-damage|p1a: Suicune|28\/100\n|-heal|p1a: Suicune|34\/100|[from] item: Leftovers\n|upkeep\n|turn|55\n|\n|t:|1609293859\n|move|p1a: Suicune|Rest|p1a: Suicune\n|-status|p1a: Suicune|slp|[from] move: Rest\n|-heal|p1a: Suicune|100\/100 slp|[silent]\n|move|p2a: Volcanion|Sludge Wave|p1a: Suicune\n|-damage|p1a: Suicune|90\/100 slp\n|\n|-heal|p1a: Suicune|96\/100 slp|[from] item: Leftovers\n|upkeep\n|turn|56\n|\n|t:|1609293862\n|switch|p2a: Stakataka|Stakataka|100\/100\n|cant|p1a: Suicune|slp\n|\n|-heal|p1a: Suicune|100\/100 slp|[from] item: Leftovers\n|upkeep\n|turn|57\n|\n|t:|1609293865\n|cant|p1a: Suicune|slp\n|move|p2a: Stakataka|Earthquake|p1a: Suicune\n|-damage|p1a: Suicune|66\/100 slp\n|\n|-heal|p1a: Suicune|72\/100 slp|[from] item: Leftovers\n|upkeep\n|turn|58\n|\n|t:|1609293869\n|switch|p2a: Slowbro|Slowbro, F|48\/100\n|-curestatus|p1a: Suicune|slp|[msg]\n|move|p1a: Suicune|Ice Beam|p2a: Slowbro\n|-resisted|p2a: Slowbro\n|-damage|p2a: Slowbro|8\/100\n|\n|-heal|p1a: Suicune|79\/100|[from] item: Leftovers\n|upkeep\n|turn|59\n|\n|t:|1609293873\n|switch|p2a: Volcanion|Volcanion|82\/100\n|move|p1a: Suicune|Ice Beam|p2a: Volcanion\n|-resisted|p2a: Volcanion\n|-damage|p2a: Volcanion|62\/100\n|\n|-heal|p1a: Suicune|85\/100|[from] item: Leftovers\n|upkeep\n|turn|60\n|\n|t:|1609293882\n|move|p1a: Suicune|Calm Mind|p1a: Suicune\n|-boost|p1a: Suicune|spa|0\n|-boost|p1a: Suicune|spd|0\n|move|p2a: Volcanion|Focus Blast|p1a: Suicune|[miss]\n|-miss|p2a: Volcanion|p1a: Suicune\n|\n|-heal|p1a: Suicune|91\/100|[from] item: Leftovers\n|upkeep\n|turn|61\n|\n|t:|1609293888\n|move|p1a: Suicune|Ice Beam|p2a: Volcanion\n|-resisted|p2a: Volcanion\n|-damage|p2a: Volcanion|42\/100\n|-status|p2a: Volcanion|frz\n|cant|p2a: Volcanion|frz\n|\n|-heal|p1a: Suicune|97\/100|[from] item: Leftovers\n|upkeep\n|turn|62\n|\n|t:|1609293895\n|move|p1a: Suicune|Ice Beam|p2a: Volcanion\n|-resisted|p2a: Volcanion\n|-damage|p2a: Volcanion|21\/100 frz\n|cant|p2a: Volcanion|frz\n|\n|-heal|p1a: Suicune|100\/100|[from] item: Leftovers\n|upkeep\n|turn|63\n|\n|t:|1609293901\n|switch|p2a: Magearna|Magearna|12\/100\n|move|p1a: Suicune|Ice Beam|p2a: Magearna\n|-resisted|p2a: Magearna\n|-damage|p2a: Magearna|0 fnt\n|faint|p2a: Magearna\n|\n|upkeep\n|\n|t:|1609293904\n|switch|p2a: Slowbro|Slowbro, F|41\/100\n|turn|64\n|\n|t:|1609293907\n|move|p1a: Suicune|Ice Beam|p2a: Slowbro\n|-resisted|p2a: Slowbro\n|-damage|p2a: Slowbro|1\/100\n|move|p2a: Slowbro|Trick Room|p2a: Slowbro\n|-fieldstart|move: Trick Room|[of] p2a: Slowbro\n|\n|upkeep\n|turn|65\n|\n|t:|1609293915\n|move|p2a: Slowbro|Future Sight|p1a: Suicune\n|-start|p2a: Slowbro|move: Future Sight\n|move|p1a: Suicune|Ice Beam|p2a: Slowbro\n|-resisted|p2a: Slowbro\n|-damage|p2a: Slowbro|0 fnt\n|faint|p2a: Slowbro\n|\n|upkeep\n|\n|t:|1609293924\n|switch|p2a: Stakataka|Stakataka|100\/100\n|turn|66\n|\n|t:|1609293927\n|move|p2a: Stakataka|Earthquake|p1a: Suicune\n|-damage|p1a: Suicune|69\/100\n|move|p1a: Suicune|Scald|p2a: Stakataka\n|-supereffective|p2a: Stakataka\n|-damage|p2a: Stakataka|0 fnt\n|faint|p2a: Stakataka\n|\n|-heal|p1a: Suicune|75\/100|[from] item: Leftovers\n|upkeep\n|\n|t:|1609293930\n|switch|p2a: Volcanion|Volcanion|21\/100 frz\n|turn|67\n|\n|t:|1609293933\n|-curestatus|p2a: Volcanion|frz|[from] move: Steam Eruption\n|move|p2a: Volcanion|Steam Eruption|p1a: Suicune\n|-resisted|p1a: Suicune\n|-damage|p1a: Suicune|66\/100\n|-status|p1a: Suicune|brn\n|move|p1a: Suicune|Ice Beam|p2a: Volcanion\n|-resisted|p2a: Volcanion\n|-damage|p2a: Volcanion|2\/100\n|-status|p2a: Volcanion|frz\n|\n|-end|p1a: Suicune|move: Future Sight\n|-damage|p1a: Suicune|58\/100 brn\n|-heal|p1a: Suicune|64\/100 brn|[from] item: Leftovers\n|-damage|p1a: Suicune|58\/100 brn|[from] brn\n|upkeep\n|turn|68\n|\n|t:|1609293938\n|-curestatus|p2a: Volcanion|frz|[from] move: Steam Eruption\n|move|p2a: Volcanion|Steam Eruption|p1a: Suicune\n|-resisted|p1a: Suicune\n|-damage|p1a: Suicune|49\/100 brn\n|move|p1a: Suicune|Ice Beam|p2a: Volcanion\n|-resisted|p2a: Volcanion\n|-damage|p2a: Volcanion|0 fnt\n|faint|p2a: Volcanion\n|\n|-heal|p1a: Suicune|55\/100 brn|[from] item: Leftovers\n|-damage|p1a: Suicune|49\/100 brn|[from] brn\n|-fieldend|move: Trick Room\n|upkeep\n|\n|t:|1609293945\n|switch|p2a: Heatran|Heatran, M|100\/100\n|turn|69\n|\n|t:|1609293949\n|move|p1a: Suicune|Scald|p2a: Heatran\n|-supereffective|p2a: Heatran\n|-damage|p2a: Heatran|0 fnt\n|faint|p2a: Heatran\n|\n|win|Vodyne\n|c|\u2606Vodyne|gtfo\n|l|\u2606JokerKing2398\n|raw|Vodyne's rating: 1407 &rarr; <strong>1426<\/strong><br \/>(+19 for winning)\n|raw|JokerKing2398's rating: 1396 &rarr; <strong>1376<\/strong><br \/>(-20 for losing)\n|l| Nesnot\n","uploadtime":1609294318,"views":4,"p1id":"vodyne","p2id":"jokerking2398","formatid":"gen8ou","rating":1376,"private":0,"password":null}