{"id":"gen8ou-1669160437","p1":"LT94JE Allistair","p2":"shas2349","format":"gen8ou","log":"|j|\u2606LT94JE Allistair\n|j|\u2606shas2349\n|t:|1664024992\n|gametype|singles\n|player|p1|LT94JE Allistair|101|1769\n|player|p2|shas2349|1|1703\n|teamsize|p1|6\n|teamsize|p2|6\n|gen|8\n|tier|[Gen 8] OU\n|rated|\n|rule|Sleep Clause Mod: Limit one foe put to sleep\n|rule|Species Clause: Limit one of each Pok\u00e9mon\n|rule|OHKO Clause: OHKO moves are banned\n|rule|Evasion Items Clause: Evasion items are banned\n|rule|Evasion Moves Clause: Evasion moves are banned\n|rule|Endless Battle Clause: Forcing endless battles is banned\n|rule|HP Percentage Mod: HP is shown in percentages\n|rule|Dynamax Clause: You cannot dynamax\n|clearpoke\n|poke|p1|Mew|\n|poke|p1|Slurpuff, F|\n|poke|p1|Jirachi|\n|poke|p1|Zeraora|\n|poke|p1|Vanilluxe, M|\n|poke|p1|Espeon, M|\n|poke|p2|Rillaboom, F|\n|poke|p2|Tapu Lele|\n|poke|p2|Landorus-Therian, M|\n|poke|p2|Volcanion|\n|poke|p2|Melmetal|\n|poke|p2|Zapdos-Galar|\n|teampreview\n|inactive|Battle timer is ON: inactive players will automatically lose when time's up. (requested by shas2349)\n|\n|t:|1664025015\n|start\n|switch|p1a: Slurpuff|Slurpuff, F|100\/100\n|switch|p2a: Zapdos|Zapdos-Galar|100\/100\n|turn|1\n|\n|t:|1664025019\n|move|p2a: Zapdos|U-turn|p1a: Slurpuff\n|-resisted|p1a: Slurpuff\n|-damage|p1a: Slurpuff|83\/100\n|\n|t:|1664025021\n|switch|p2a: Rillaboom|Rillaboom, F|100\/100|[from]move: U-turn\n|-fieldstart|move: Grassy Terrain|[from] ability: Grassy Surge|[of] p2a: Rillaboom\n|move|p1a: Slurpuff|Sticky Web|p2a: Rillaboom\n|-sidestart|p2: shas2349|move: Sticky Web\n|\n|-heal|p1a: Slurpuff|89\/100|[from] Grassy Terrain\n|upkeep\n|turn|2\n|\n|t:|1664025028\n|move|p2a: Rillaboom|Grassy Glide|p1a: Slurpuff\n|-damage|p1a: Slurpuff|18\/100\n|move|p1a: Slurpuff|Yawn|p2a: Rillaboom\n|-start|p2a: Rillaboom|move: Yawn|[of] p1a: Slurpuff\n|\n|-heal|p1a: Slurpuff|24\/100|[from] Grassy Terrain\n|upkeep\n|turn|3\n|\n|t:|1664025036\n|move|p2a: Rillaboom|Grassy Glide|p1a: Slurpuff\n|-damage|p1a: Slurpuff|0 fnt\n|faint|p1a: Slurpuff\n|\n|-end|p2a: Rillaboom|move: Yawn|[silent]\n|-status|p2a: Rillaboom|slp\n|upkeep\n|\n|t:|1664025040\n|switch|p1a: Vanilluxe|Vanilluxe, M|100\/100\n|-weather|Hail|[from] ability: Snow Warning|[of] p1a: Vanilluxe\n|turn|4\n|\n|t:|1664025044\n|switch|p2a: Volcanion|Volcanion|100\/100\n|-activate|p2a: Volcanion|move: Sticky Web\n|-unboost|p2a: Volcanion|spe|1\n|move|p1a: Vanilluxe|Aurora Veil|p1a: Vanilluxe\n|-sidestart|p1: LT94JE Allistair|move: Aurora Veil\n|\n|-weather|Hail|[upkeep]\n|-damage|p2a: Volcanion|95\/100|[from] Hail\n|-heal|p2a: Volcanion|100\/100|[from] Grassy Terrain\n|upkeep\n|turn|5\n|\n|t:|1664025049\n|move|p1a: Vanilluxe|Taunt|p2a: Volcanion\n|-start|p2a: Volcanion|move: Taunt\n|move|p2a: Volcanion|Overheat|p1a: Vanilluxe\n|-supereffective|p1a: Vanilluxe\n|-damage|p1a: Vanilluxe|0 fnt\n|-unboost|p2a: Volcanion|spa|2\n|faint|p1a: Vanilluxe\n|\n|-weather|Hail|[upkeep]\n|-damage|p2a: Volcanion|95\/100|[from] Hail\n|-heal|p2a: Volcanion|100\/100|[from] Grassy Terrain\n|-fieldend|move: Grassy Terrain\n|upkeep\n|\n|t:|1664025056\n|switch|p1a: Jirachi|Jirachi|100\/100\n|turn|6\n|\n|t:|1664025060\n|switch|p2a: Landorus|Landorus-Therian, M|100\/100\n|-ability|p2a: Landorus|Intimidate|boost\n|-unboost|p1a: Jirachi|atk|1\n|move|p1a: Jirachi|Cosmic Power|p1a: Jirachi\n|-boost|p1a: Jirachi|def|1\n|-boost|p1a: Jirachi|spd|1\n|\n|-weather|Hail|[upkeep]\n|-damage|p1a: Jirachi|94\/100|[from] Hail\n|-damage|p2a: Landorus|94\/100|[from] Hail\n|upkeep\n|turn|7\n|\n|t:|1664025070\n|move|p1a: Jirachi|Cosmic Power|p1a: Jirachi\n|-boost|p1a: Jirachi|def|1\n|-boost|p1a: Jirachi|spd|1\n|move|p2a: Landorus|Earthquake|p1a: Jirachi\n|-supereffective|p1a: Jirachi\n|-damage|p1a: Jirachi|73\/100\n|-enditem|p1a: Jirachi|Weakness Policy\n|-boost|p1a: Jirachi|atk|2|[from] item: Weakness Policy\n|-boost|p1a: Jirachi|spa|2|[from] item: Weakness Policy\n|\n|-weather|Hail|[upkeep]\n|-damage|p1a: Jirachi|67\/100|[from] Hail\n|-damage|p2a: Landorus|88\/100|[from] Hail\n|upkeep\n|turn|8\n|\n|t:|1664025076\n|move|p1a: Jirachi|Wish|p1a: Jirachi\n|move|p2a: Landorus|Rock Tomb|p1a: Jirachi\n|-resisted|p1a: Jirachi\n|-damage|p1a: Jirachi|65\/100\n|-unboost|p1a: Jirachi|spe|1\n|\n|-weather|none\n|upkeep\n|turn|9\n|\n|t:|1664025083\n|move|p1a: Jirachi|Cosmic Power|p1a: Jirachi\n|-boost|p1a: Jirachi|def|1\n|-boost|p1a: Jirachi|spd|1\n|move|p2a: Landorus|Stealth Rock|p1a: Jirachi\n|-sidestart|p1: LT94JE Allistair|move: Stealth Rock\n|\n|-heal|p1a: Jirachi|100\/100|[from] move: Wish|[wisher] Jirachi\n|upkeep\n|turn|10\n|\n|t:|1664025090\n|move|p2a: Landorus|Rock Tomb|p1a: Jirachi\n|-resisted|p1a: Jirachi\n|-damage|p1a: Jirachi|99\/100\n|-unboost|p1a: Jirachi|spe|1\n|move|p1a: Jirachi|Cosmic Power|p1a: Jirachi\n|-boost|p1a: Jirachi|def|1\n|-boost|p1a: Jirachi|spd|1\n|\n|upkeep\n|turn|11\n|\n|t:|1664025097\n|switch|p2a: Volcanion|Volcanion|100\/100\n|-activate|p2a: Volcanion|move: Sticky Web\n|-unboost|p2a: Volcanion|spe|1\n|move|p1a: Jirachi|Cosmic Power|p1a: Jirachi\n|-boost|p1a: Jirachi|def|1\n|-boost|p1a: Jirachi|spd|1\n|\n|-sideend|p1: LT94JE Allistair|move: Aurora Veil\n|upkeep\n|turn|12\n|\n|t:|1664025102\n|move|p2a: Volcanion|Overheat|p1a: Jirachi\n|-supereffective|p1a: Jirachi\n|-damage|p1a: Jirachi|37\/100\n|-unboost|p2a: Volcanion|spa|2\n|move|p1a: Jirachi|Stored Power|p2a: Volcanion\n|-damage|p2a: Volcanion|0 fnt\n|faint|p2a: Volcanion\n|\n|upkeep\n|\n|t:|1664025108\n|switch|p2a: Zapdos|Zapdos-Galar|100\/100\n|turn|13\n|\n|t:|1664025111\n|move|p2a: Zapdos|Close Combat|p1a: Jirachi\n|-damage|p1a: Jirachi|13\/100\n|-unboost|p2a: Zapdos|def|1\n|-unboost|p2a: Zapdos|spd|1\n|move|p1a: Jirachi|Wish|p1a: Jirachi\n|\n|upkeep\n|turn|14\n|c|\u2606shas2349|gotcha\n|c|\u2606LT94JE Allistair|hmm ye that is as lot of damage you still do\n|\n|t:|1664025136\n|switch|p1a: Mew|Mew|100\/100\n|-damage|p1a: Mew|88\/100|[from] Stealth Rock\n|move|p2a: Zapdos|Close Combat|p1a: Mew\n|-resisted|p1a: Mew\n|-damage|p1a: Mew|47\/100\n|-unboost|p2a: Zapdos|def|1\n|-unboost|p2a: Zapdos|spd|1\n|\n|-heal|p1a: Mew|97\/100|[from] move: Wish|[wisher] Jirachi\n|upkeep\n|turn|15\n|\n|t:|1664025150\n|switch|p2a: Melmetal|Melmetal|100\/100\n|-activate|p2a: Melmetal|move: Sticky Web\n|-unboost|p2a: Melmetal|spe|1\n|move|p1a: Mew|Cosmic Power|p1a: Mew\n|-boost|p1a: Mew|def|1\n|-boost|p1a: Mew|spd|1\n|\n|upkeep\n|turn|16\n|\n|t:|1664025154\n|move|p1a: Mew|Taunt|p2a: Melmetal\n|-start|p2a: Melmetal|move: Taunt\n|move|p2a: Melmetal|Double Iron Bash|p1a: Mew\n|-damage|p1a: Mew|71\/100\n|-damage|p1a: Mew|46\/100\n|-hitcount|p1a: Mew|2\n|\n|upkeep\n|turn|17\n|\n|t:|1664025164\n|move|p1a: Mew|Roost|p1a: Mew\n|-heal|p1a: Mew|96\/100\n|-singleturn|p1a: Mew|move: Roost\n|move|p2a: Melmetal|Double Iron Bash|p1a: Mew\n|-damage|p1a: Mew|68\/100\n|-damage|p1a: Mew|44\/100\n|-hitcount|p1a: Mew|2\n|\n|upkeep\n|turn|18\n|j| NDHB\n|\n|t:|1664025168\n|move|p1a: Mew|Roost|p1a: Mew\n|-heal|p1a: Mew|94\/100\n|-singleturn|p1a: Mew|move: Roost\n|move|p2a: Melmetal|Double Iron Bash|p1a: Mew\n|-damage|p1a: Mew|68\/100\n|-damage|p1a: Mew|42\/100\n|-hitcount|p1a: Mew|2\n|\n|-end|p2a: Melmetal|move: Taunt\n|upkeep\n|turn|19\n|\n|t:|1664025171\n|move|p1a: Mew|Roost|p1a: Mew\n|-heal|p1a: Mew|92\/100\n|-singleturn|p1a: Mew|move: Roost\n|move|p2a: Melmetal|Double Iron Bash|p1a: Mew\n|-damage|p1a: Mew|65\/100\n|-damage|p1a: Mew|40\/100\n|-hitcount|p1a: Mew|2\n|\n|upkeep\n|turn|20\n|\n|t:|1664025176\n|switch|p2a: Landorus|Landorus-Therian, M|88\/100\n|-ability|p2a: Landorus|Intimidate|boost\n|-unboost|p1a: Mew|atk|1\n|move|p1a: Mew|Roost|p1a: Mew\n|-heal|p1a: Mew|90\/100\n|-singleturn|p1a: Mew|move: Roost\n|\n|upkeep\n|turn|21\n|\n|t:|1664025181\n|move|p1a: Mew|Cosmic Power|p1a: Mew\n|-boost|p1a: Mew|def|1\n|-boost|p1a: Mew|spd|1\n|move|p2a: Landorus|Rock Tomb|p1a: Mew\n|-damage|p1a: Mew|81\/100\n|-unboost|p1a: Mew|spe|1\n|\n|upkeep\n|turn|22\n|\n|t:|1664025185\n|switch|p2a: Zapdos|Zapdos-Galar|100\/100\n|move|p1a: Mew|Cosmic Power|p1a: Mew\n|-boost|p1a: Mew|def|1\n|-boost|p1a: Mew|spd|1\n|\n|upkeep\n|turn|23\n|\n|t:|1664025190\n|move|p2a: Zapdos|Brave Bird|p1a: Mew\n|-damage|p1a: Mew|47\/100\n|-damage|p2a: Zapdos|89\/100|[from] Recoil\n|move|p1a: Mew|Roost|p1a: Mew\n|-heal|p1a: Mew|98\/100\n|-singleturn|p1a: Mew|move: Roost\n|\n|upkeep\n|turn|24\n|c|\u2606shas2349|gg bro nice team\n|c|\u2606LT94JE Allistair|haha g\n|-message|shas2349 forfeited.\n|\n|win|LT94JE Allistair\n|raw|LT94JE Allistair's rating: 1769 &rarr; <strong>1785<\/strong><br \/>(+16 for winning)\n|raw|shas2349's rating: 1703 &rarr; <strong>1687<\/strong><br \/>(-16 for losing)\n|l|\u2606shas2349\n|c|\u2606LT94JE Allistair|g\n|l|\u2606LT94JE Allistair\n","uploadtime":1664025219,"views":16,"p1id":"lt94jeallistair","p2id":"shas2349","formatid":"gen8ou","rating":1687,"private":0,"password":null}