{"id":"gen8ou-1671209203","p1":"MTH0612","p2":"Capital Cruiser","format":"gen8ou","log":"|j|\u2606MTH0612\n|j|\u203dCapital Cruiser\n|t:|1664239182\n|gametype|singles\n|player|p1|MTH0612|170|1549\n|player|p2|Capital Cruiser|cheren-gen5bw2|1543\n|teamsize|p1|6\n|teamsize|p2|6\n|gen|8\n|tier|[Gen 8] OU\n|rated|\n|rule|Sleep Clause Mod: Limit one foe put to sleep\n|rule|Species Clause: Limit one of each Pok\u00e9mon\n|rule|OHKO Clause: OHKO moves are banned\n|rule|Evasion Items Clause: Evasion items are banned\n|rule|Evasion Moves Clause: Evasion moves are banned\n|rule|Endless Battle Clause: Forcing endless battles is banned\n|rule|HP Percentage Mod: HP is shown in percentages\n|rule|Dynamax Clause: You cannot dynamax\n|clearpoke\n|poke|p1|Aegislash, F|\n|poke|p1|Heatran, F|\n|poke|p1|Swampert, M|\n|poke|p1|Urshifu-*, F|\n|poke|p1|Tornadus-Therian, M|\n|poke|p1|Kartana|\n|poke|p2|Terrakion|\n|poke|p2|Latios, M|\n|poke|p2|Scizor, M|\n|poke|p2|Heatran, M|\n|poke|p2|Tapu Fini|\n|poke|p2|Zapdos|\n|teampreview\n|inactive|Battle timer is ON: inactive players will automatically lose when time's up. (requested by Capital Cruiser)\n|\n|t:|1664239196\n|start\n|switch|p1a: Kartana|Kartana|100\/100\n|switch|p2a: Latios|Latios, M, shiny|100\/100\n|turn|1\n|\n|t:|1664239208\n|switch|p1a: Heatran|Heatran, F|100\/100\n|move|p2a: Latios|Thunderbolt|p1a: Heatran\n|-damage|p1a: Heatran|70\/100\n|\n|-heal|p1a: Heatran|76\/100|[from] item: Leftovers\n|upkeep\n|turn|2\n|\n|t:|1664239225\n|switch|p1a: Swampert|Swampert, M|100\/100\n|move|p2a: Latios|Thunderbolt|p1a: Swampert\n|-immune|p1a: Swampert\n|\n|upkeep\n|turn|3\n|\n|t:|1664239232\n|switch|p2a: Tapu Fini|Tapu Fini, shiny|100\/100\n|-fieldstart|move: Misty Terrain|[from] ability: Misty Surge|[of] p2a: Tapu Fini\n|move|p1a: Swampert|Stealth Rock|p2a: Tapu Fini\n|-sidestart|p2: Capital Cruiser|move: Stealth Rock\n|\n|upkeep\n|turn|4\n|\n|t:|1664239245\n|switch|p1a: Tornadus|Tornadus-Therian, M|100\/100\n|move|p2a: Tapu Fini|Nature's Madness|p1a: Tornadus\n|-damage|p1a: Tornadus|50\/100\n|\n|upkeep\n|turn|5\n|\n|t:|1664239260\n|switch|p2a: Heatran|Heatran, M, shiny|100\/100\n|-damage|p2a: Heatran|88\/100|[from] Stealth Rock\n|move|p1a: Tornadus|Knock Off|p2a: Heatran\n|-crit|p2a: Heatran\n|-damage|p2a: Heatran|65\/100\n|-enditem|p2a: Heatran|Iapapa Berry|[from] move: Knock Off|[of] p1a: Tornadus\n|\n|upkeep\n|turn|6\n|\n|t:|1664239269\n|move|p1a: Tornadus|U-turn|p2a: Heatran\n|-resisted|p2a: Heatran\n|-damage|p2a: Heatran|62\/100\n|\n|t:|1664239272\n|switch|p1a: Swampert|Swampert, M|100\/100|[from]move: U-turn\n|move|p2a: Heatran|Stealth Rock|p1a: Swampert\n|-sidestart|p1: MTH0612|move: Stealth Rock\n|\n|upkeep\n|turn|7\n|\n|t:|1664239298\n|switch|p2a: Latios|Latios, M, shiny|100\/100\n|-damage|p2a: Latios|88\/100|[from] Stealth Rock\n|move|p1a: Swampert|Flip Turn|p2a: Latios\n|-resisted|p2a: Latios\n|-damage|p2a: Latios|74\/100\n|\n|t:|1664239306\n|switch|p1a: Tornadus|Tornadus-Therian, M|84\/100|[from]move: Flip Turn\n|\n|-fieldend|Misty Terrain\n|upkeep\n|turn|8\n|\n|t:|1664239313\n|move|p1a: Tornadus|U-turn|p2a: Latios\n|-supereffective|p2a: Latios\n|-damage|p2a: Latios|35\/100\n|\n|t:|1664239315\n|switch|p1a: Heatran|Heatran, F|76\/100|[from]move: U-turn\n|-damage|p1a: Heatran|63\/100|[from] Stealth Rock\n|move|p2a: Latios|Psyshock|p1a: Heatran\n|-resisted|p1a: Heatran\n|-damage|p1a: Heatran|35\/100\n|\n|-heal|p1a: Heatran|42\/100|[from] item: Leftovers\n|upkeep\n|turn|9\n|\n|t:|1664239323\n|move|p2a: Latios|Psyshock|p1a: Heatran\n|-resisted|p1a: Heatran\n|-damage|p1a: Heatran|18\/100\n|move|p1a: Heatran|Dark Pulse|p2a: Latios\n|-supereffective|p2a: Latios\n|-damage|p2a: Latios|0 fnt\n|faint|p2a: Latios\n|\n|-heal|p1a: Heatran|24\/100|[from] item: Leftovers\n|upkeep\n|\n|t:|1664239344\n|switch|p2a: Terrakion|Terrakion|100\/100\n|-damage|p2a: Terrakion|94\/100|[from] Stealth Rock\n|turn|10\n|\n|t:|1664239353\n|move|p2a: Terrakion|Stone Edge|p1a: Heatran|[miss]\n|-miss|p2a: Terrakion|p1a: Heatran\n|move|p1a: Heatran|Lava Plume|p2a: Terrakion\n|-resisted|p2a: Terrakion\n|-damage|p2a: Terrakion|76\/100\n|\n|-heal|p1a: Heatran|30\/100|[from] item: Leftovers\n|upkeep\n|turn|11\n|\n|t:|1664239362\n|move|p2a: Terrakion|Stone Edge|p1a: Heatran\n|-damage|p1a: Heatran|0 fnt\n|faint|p1a: Heatran\n|\n|upkeep\n|\n|t:|1664239369\n|switch|p1a: Kartana|Kartana|100\/100\n|-damage|p1a: Kartana|94\/100|[from] Stealth Rock\n|turn|12\n|\n|t:|1664239375\n|switch|p2a: Scizor|Scizor, M, shiny|100\/100\n|move|p1a: Kartana|Leaf Blade|p2a: Scizor\n|-resisted|p2a: Scizor\n|-damage|p2a: Scizor|85\/100\n|\n|upkeep\n|turn|13\n|\n|t:|1664239381\n|switch|p1a: Tornadus|Tornadus-Therian, M|100\/100\n|move|p2a: Scizor|Knock Off|p1a: Tornadus\n|-crit|p1a: Tornadus\n|-damage|p1a: Tornadus|52\/100\n|-enditem|p1a: Tornadus|Heavy-Duty Boots|[from] move: Knock Off|[of] p2a: Scizor\n|\n|upkeep\n|turn|14\n|\n|t:|1664239387\n|switch|p2a: Heatran|Heatran, M, shiny|62\/100\n|-damage|p2a: Heatran|49\/100|[from] Stealth Rock\n|move|p1a: Tornadus|Knock Off|p2a: Heatran\n|-damage|p2a: Heatran|38\/100\n|\n|upkeep\n|turn|15\n|\n|t:|1664239390\n|move|p1a: Tornadus|U-turn|p2a: Heatran\n|-resisted|p2a: Heatran\n|-damage|p2a: Heatran|35\/100\n|\n|t:|1664239395\n|switch|p1a: Swampert|Swampert, M|100\/100|[from]move: U-turn\n|-damage|p1a: Swampert|94\/100|[from] Stealth Rock\n|move|p2a: Heatran|Lava Plume|p1a: Swampert\n|-resisted|p1a: Swampert\n|-damage|p1a: Swampert|84\/100\n|-status|p1a: Swampert|brn\n|\n|-heal|p1a: Swampert|90\/100 brn|[from] item: Leftovers\n|-damage|p1a: Swampert|84\/100 brn|[from] brn\n|upkeep\n|turn|16\n|\n|t:|1664239403\n|move|p2a: Heatran|Lava Plume|p1a: Swampert\n|-resisted|p1a: Swampert\n|-damage|p1a: Swampert|73\/100 brn\n|move|p1a: Swampert|Flip Turn|p2a: Heatran\n|-supereffective|p2a: Heatran\n|-damage|p2a: Heatran|17\/100\n|\n|t:|1664239407\n|switch|p1a: Kartana|Kartana|94\/100|[from]move: Flip Turn\n|-damage|p1a: Kartana|88\/100|[from] Stealth Rock\n|\n|upkeep\n|turn|17\n|\n|t:|1664239416\n|move|p1a: Kartana|Knock Off|p2a: Heatran\n|-damage|p2a: Heatran|0 fnt\n|faint|p2a: Heatran\n|-ability|p1a: Kartana|Beast Boost|boost\n|-boost|p1a: Kartana|atk|1\n|\n|upkeep\n|\n|t:|1664239425\n|switch|p2a: Terrakion|Terrakion|76\/100\n|-damage|p2a: Terrakion|70\/100|[from] Stealth Rock\n|turn|18\n|\n|t:|1664239430\n|move|p1a: Kartana|Leaf Blade|p2a: Terrakion\n|-supereffective|p2a: Terrakion\n|-damage|p2a: Terrakion|0 fnt\n|faint|p2a: Terrakion\n|-ability|p1a: Kartana|Beast Boost|boost\n|-boost|p1a: Kartana|atk|1\n|\n|upkeep\n|\n|t:|1664239436\n|switch|p2a: Zapdos|Zapdos, shiny|100\/100\n|-damage|p2a: Zapdos|76\/100|[from] Stealth Rock\n|turn|19\n|\n|t:|1664239450\n|switch|p1a: Swampert|Swampert, M|73\/100 brn\n|-damage|p1a: Swampert|67\/100 brn|[from] Stealth Rock\n|move|p2a: Zapdos|Hurricane|p1a: Swampert\n|-damage|p1a: Swampert|29\/100 brn\n|\n|-heal|p1a: Swampert|35\/100 brn|[from] item: Leftovers\n|-damage|p1a: Swampert|29\/100 brn|[from] brn\n|upkeep\n|turn|20\n|\n|t:|1664239458\n|move|p2a: Zapdos|Hurricane|p1a: Swampert\n|-damage|p1a: Swampert|0 fnt\n|faint|p1a: Swampert\n|\n|upkeep\n|\n|t:|1664239462\n|switch|p1a: Aegislash|Aegislash, F|100\/100\n|-damage|p1a: Aegislash|95\/100|[from] Stealth Rock\n|turn|21\n|\n|t:|1664239467\n|switch|p2a: Scizor|Scizor, M, shiny|85\/100\n|-formechange|p1a: Aegislash|Aegislash-Blade||[from] ability: Stance Change\n|move|p1a: Aegislash|Shadow Ball|p2a: Scizor\n|-damage|p2a: Scizor|40\/100\n|\n|-heal|p1a: Aegislash|100\/100|[from] item: Leftovers\n|upkeep\n|turn|22\n|\n|t:|1664239475\n|-formechange|p1a: Aegislash|Aegislash||[from] ability: Stance Change\n|move|p1a: Aegislash|King's Shield|p1a: Aegislash\n|-singleturn|p1a: Aegislash|Protect\n|move|p2a: Scizor|Roost|p2a: Scizor\n|-heal|p2a: Scizor|90\/100\n|-singleturn|p2a: Scizor|move: Roost\n|\n|upkeep\n|turn|23\n|\n|t:|1664239487\n|switch|p1a: Tornadus|Tornadus-Therian, M|85\/100\n|-damage|p1a: Tornadus|60\/100|[from] Stealth Rock\n|move|p2a: Scizor|Knock Off|p1a: Tornadus\n|-damage|p1a: Tornadus|39\/100\n|\n|upkeep\n|turn|24\n|\n|t:|1664239491\n|move|p1a: Tornadus|Knock Off|p2a: Scizor\n|-damage|p2a: Scizor|69\/100\n|-enditem|p2a: Scizor|Heavy-Duty Boots|[from] move: Knock Off|[of] p1a: Tornadus\n|move|p2a: Scizor|Iron Head|p1a: Tornadus\n|-damage|p1a: Tornadus|0 fnt\n|faint|p1a: Tornadus\n|\n|upkeep\n|\n|t:|1664239504\n|switch|p1a: Urshifu|Urshifu-Rapid-Strike, F|100\/100\n|-damage|p1a: Urshifu|94\/100|[from] Stealth Rock\n|turn|25\n|\n|t:|1664239510\n|switch|p2a: Tapu Fini|Tapu Fini, shiny|100\/100\n|-damage|p2a: Tapu Fini|88\/100|[from] Stealth Rock\n|-fieldstart|move: Misty Terrain|[from] ability: Misty Surge|[of] p2a: Tapu Fini\n|move|p1a: Urshifu|Surging Strikes|p2a: Tapu Fini\n|-resisted|p2a: Tapu Fini\n|-crit|p2a: Tapu Fini\n|-damage|p2a: Tapu Fini|82\/100\n|-resisted|p2a: Tapu Fini\n|-crit|p2a: Tapu Fini\n|-damage|p2a: Tapu Fini|75\/100\n|-resisted|p2a: Tapu Fini\n|-crit|p2a: Tapu Fini\n|-damage|p2a: Tapu Fini|69\/100\n|-hitcount|p2a: Tapu Fini|3\n|\n|-heal|p2a: Tapu Fini|75\/100|[from] item: Leftovers\n|upkeep\n|turn|26\n|\n|t:|1664239517\n|switch|p1a: Aegislash|Aegislash, F|100\/100\n|-damage|p1a: Aegislash|95\/100|[from] Stealth Rock\n|move|p2a: Tapu Fini|Moonblast|p1a: Aegislash\n|-resisted|p1a: Aegislash\n|-damage|p1a: Aegislash|81\/100\n|\n|-heal|p2a: Tapu Fini|81\/100|[from] item: Leftovers\n|-heal|p1a: Aegislash|87\/100|[from] item: Leftovers\n|upkeep\n|turn|27\n|\n|t:|1664239527\n|switch|p2a: Scizor|Scizor, M, shiny|69\/100\n|-damage|p2a: Scizor|57\/100|[from] Stealth Rock\n|switch|p1a: Kartana|Kartana|88\/100\n|-damage|p1a: Kartana|82\/100|[from] Stealth Rock\n|\n|upkeep\n|turn|28\n|\n|t:|1664239533\n|move|p1a: Kartana|Swords Dance|p1a: Kartana\n|-boost|p1a: Kartana|atk|2\n|move|p2a: Scizor|Roost|p2a: Scizor\n|-heal|p2a: Scizor|100\/100\n|-singleturn|p2a: Scizor|move: Roost\n|\n|upkeep\n|turn|29\n|\n|t:|1664239539\n|switch|p2a: Zapdos|Zapdos, shiny|76\/100\n|-damage|p2a: Zapdos|51\/100|[from] Stealth Rock\n|move|p1a: Kartana|Sacred Sword|p2a: Zapdos\n|-resisted|p2a: Zapdos\n|-damage|p2a: Zapdos|0 fnt\n|faint|p2a: Zapdos\n|-ability|p1a: Kartana|Beast Boost|boost\n|-boost|p1a: Kartana|atk|1\n|\n|-fieldend|Misty Terrain\n|upkeep\n|-message|Capital Cruiser forfeited.\n|\n|win|MTH0612\n|raw|MTH0612's rating: 1549 &rarr; <strong>1569<\/strong><br \/>(+20 for winning)\n|raw|Capital Cruiser's rating: 1543 &rarr; <strong>1523<\/strong><br \/>(-20 for losing)\n|l|\u203dCapital Cruiser\n","uploadtime":1664239548,"views":7,"p1id":"mth0612","p2id":"capitalcruiser","formatid":"gen8ou","rating":1523,"private":0,"password":null}