{"id":"gen8randombattle-1630807714","p1":"Charroger","p2":"Arcangel666","format":"gen8randombattle","log":"|j|\u2606Charroger\n|j|\u2606Arcangel666\n|t:|1659466892\n|gametype|singles\n|player|p1|Charroger|rocketgruntf|1837\n|player|p2|Arcangel666|piers|1886\n|teamsize|p1|6\n|teamsize|p2|6\n|gen|8\n|tier|[Gen 8] Random Battle\n|rated|\n|rule|Species Clause: Limit one of each Pok\u00e9mon\n|rule|HP Percentage Mod: HP is shown in percentages\n|rule|Sleep Clause Mod: Limit one foe put to sleep\n|\n|t:|1659466892\n|start\n|switch|p1a: Flareon|Flareon, L86, M|251\/251\n|switch|p2a: Dragonite|Dragonite, L75, F|260\/260\n|turn|1\n|\n|t:|1659466902\n|switch|p1a: Klefki|Klefki, L82, M|228\/228\n|move|p2a: Dragonite|Dragon Dance|p2a: Dragonite\n|-boost|p2a: Dragonite|atk|1\n|-boost|p2a: Dragonite|spe|1\n|\n|upkeep\n|turn|2\n|\n|t:|1659466908\n|switch|p2a: Carbink|Carbink, L86|226\/226\n|move|p1a: Klefki|Magnet Rise|p1a: Klefki\n|-start|p1a: Klefki|Magnet Rise\n|\n|upkeep\n|turn|3\n|\n|t:|1659466913\n|move|p1a: Klefki|Toxic|p2a: Carbink\n|-status|p2a: Carbink|tox\n|move|p2a: Carbink|Reflect|p2a: Carbink\n|-sidestart|p2: Arcangel666|Reflect\n|\n|-damage|p2a: Carbink|212\/226 tox|[from] psn\n|upkeep\n|turn|4\n|\n|t:|1659466919\n|move|p1a: Klefki|Spikes|p2a: Carbink\n|-sidestart|p2: Arcangel666|Spikes\n|move|p2a: Carbink|Light Screen|p2a: Carbink\n|-sidestart|p2: Arcangel666|move: Light Screen\n|\n|-damage|p2a: Carbink|184\/226 tox|[from] psn\n|upkeep\n|turn|5\n|\n|t:|1659466922\n|switch|p2a: Necrozma|Necrozma-Dusk-Mane, L68|245\/245\n|-damage|p2a: Necrozma|215\/245|[from] Spikes\n|move|p1a: Klefki|Spikes|p2a: Necrozma\n|-sidestart|p2: Arcangel666|Spikes\n|\n|upkeep\n|turn|6\n|\n|t:|1659466934\n|move|p1a: Klefki|Spikes|p2a: Necrozma\n|-sidestart|p2: Arcangel666|Spikes\n|move|p2a: Necrozma|Dragon Dance|p2a: Necrozma\n|-boost|p2a: Necrozma|atk|1\n|-boost|p2a: Necrozma|spe|1\n|\n|-end|p1a: Klefki|Magnet Rise\n|upkeep\n|turn|7\n|\n|t:|1659466939\n|switch|p1a: Moltres|Moltres, L80|275\/275\n|-ability|p1a: Moltres|Pressure\n|move|p2a: Necrozma|Dragon Dance|p2a: Necrozma\n|-boost|p2a: Necrozma|atk|1\n|-boost|p2a: Necrozma|spe|1\n|\n|upkeep\n|turn|8\n|\n|t:|1659466950\n|move|p2a: Necrozma|Sunsteel Strike|p1a: Moltres\n|-resisted|p1a: Moltres\n|-damage|p1a: Moltres|174\/275\n|move|p1a: Moltres|Roost|p1a: Moltres\n|-heal|p1a: Moltres|275\/275\n|-singleturn|p1a: Moltres|move: Roost\n|\n|upkeep\n|turn|9\n|\n|t:|1659466956\n|move|p2a: Necrozma|Dragon Dance|p2a: Necrozma\n|-boost|p2a: Necrozma|atk|1\n|-boost|p2a: Necrozma|spe|1\n|move|p1a: Moltres|Defog|p2a: Necrozma\n|-unboost|p2a: Necrozma|evasion|1\n|-sideend|p2: Arcangel666|Reflect\n|-sideend|p2: Arcangel666|move: Light Screen\n|-sideend|p2: Arcangel666|Spikes|[from] move: Defog|[of] p1a: Moltres\n|\n|upkeep\n|turn|10\n|\n|t:|1659466968\n|-start|p2a: Necrozma|Dynamax|\n|-heal|p2a: Necrozma|430\/490|[silent]\n|move|p2a: Necrozma|Max Steelspike|p1a: Moltres\n|-resisted|p1a: Moltres\n|-damage|p1a: Moltres|104\/275\n|-boost|p2a: Necrozma|def|1\n|move|p1a: Moltres|Roost|p1a: Moltres\n|-heal|p1a: Moltres|242\/275\n|-singleturn|p1a: Moltres|move: Roost\n|\n|upkeep\n|turn|11\n|\n|t:|1659466975\n|move|p2a: Necrozma|Max Steelspike|p1a: Moltres\n|-resisted|p1a: Moltres\n|-damage|p1a: Moltres|59\/275\n|-boost|p2a: Necrozma|def|1\n|move|p1a: Moltres|Roost|p1a: Moltres\n|-heal|p1a: Moltres|197\/275\n|-singleturn|p1a: Moltres|move: Roost\n|\n|upkeep\n|turn|12\n|\n|t:|1659466978\n|move|p2a: Necrozma|Max Steelspike|p1a: Moltres\n|-resisted|p1a: Moltres\n|-damage|p1a: Moltres|17\/275\n|-boost|p2a: Necrozma|def|1\n|move|p1a: Moltres|Roost|p1a: Moltres\n|-heal|p1a: Moltres|155\/275\n|-singleturn|p1a: Moltres|move: Roost\n|\n|upkeep\n|-end|p2a: Necrozma|Dynamax\n|-heal|p2a: Necrozma|215\/245|[silent]\n|turn|13\n|\n|t:|1659466982\n|move|p2a: Necrozma|Dragon Dance|p2a: Necrozma\n|-boost|p2a: Necrozma|atk|1\n|-boost|p2a: Necrozma|spe|1\n|move|p1a: Moltres|Roost|p1a: Moltres\n|-heal|p1a: Moltres|275\/275\n|-singleturn|p1a: Moltres|move: Roost\n|\n|upkeep\n|turn|14\n|\n|t:|1659466988\n|-start|p1a: Moltres|Dynamax|\n|-heal|p1a: Moltres|550\/550|[silent]\n|move|p2a: Necrozma|Dragon Dance|p2a: Necrozma\n|-boost|p2a: Necrozma|atk|1\n|-boost|p2a: Necrozma|spe|1\n|move|p1a: Moltres|Max Flare|p2a: Necrozma\n|-supereffective|p2a: Necrozma\n|-damage|p2a: Necrozma|0 fnt\n|-weather|SunnyDay\n|faint|p2a: Necrozma\n|\n|-weather|SunnyDay|[upkeep]\n|upkeep\n|\n|t:|1659466995\n|switch|p2a: Carbink|Carbink, L86|184\/226 tox\n|turn|15\n|\n|t:|1659466998\n|-end|p1a: Moltres|Dynamax\n|-heal|p1a: Moltres|275\/275|[silent]\n|switch|p1a: Klefki|Klefki, L82, M|228\/228\n|move|p2a: Carbink|Light Screen|p2a: Carbink\n|-sidestart|p2: Arcangel666|move: Light Screen\n|\n|-weather|SunnyDay|[upkeep]\n|-damage|p2a: Carbink|170\/226 tox|[from] psn\n|upkeep\n|turn|16\n|\n|t:|1659467003\n|move|p1a: Klefki|Spikes|p2a: Carbink\n|-sidestart|p2: Arcangel666|Spikes\n|move|p2a: Carbink|Reflect|p2a: Carbink\n|-sidestart|p2: Arcangel666|Reflect\n|\n|-weather|SunnyDay|[upkeep]\n|-damage|p2a: Carbink|142\/226 tox|[from] psn\n|upkeep\n|turn|17\n|\n|t:|1659467011\n|switch|p2a: Dragonite|Dragonite, L75, F|260\/260\n|move|p1a: Klefki|Spikes|p2a: Dragonite\n|-sidestart|p2: Arcangel666|Spikes\n|\n|-weather|SunnyDay|[upkeep]\n|upkeep\n|turn|18\n|\n|t:|1659467016\n|move|p1a: Klefki|Toxic|p2a: Dragonite\n|-status|p2a: Dragonite|tox\n|move|p2a: Dragonite|Dragon Dance|p2a: Dragonite\n|-boost|p2a: Dragonite|atk|1\n|-boost|p2a: Dragonite|spe|1\n|\n|-weather|none\n|-damage|p2a: Dragonite|244\/260 tox|[from] psn\n|upkeep\n|turn|19\n|\n|t:|1659467019\n|move|p1a: Klefki|Magnet Rise|p1a: Klefki\n|-start|p1a: Klefki|Magnet Rise\n|move|p2a: Dragonite|Dragon Dance|p2a: Dragonite\n|-boost|p2a: Dragonite|atk|1\n|-boost|p2a: Dragonite|spe|1\n|\n|-damage|p2a: Dragonite|212\/260 tox|[from] psn\n|upkeep\n|turn|20\n|\n|t:|1659467023\n|move|p1a: Klefki|Spikes|p2a: Dragonite\n|-sidestart|p2: Arcangel666|Spikes\n|move|p2a: Dragonite|Dual Wingbeat|p1a: Klefki\n|-resisted|p1a: Klefki\n|-crit|p1a: Klefki\n|-damage|p1a: Klefki|163\/228\n|-resisted|p1a: Klefki\n|-damage|p1a: Klefki|118\/228\n|-hitcount|p1a: Klefki|2\n|\n|-heal|p1a: Klefki|132\/228|[from] item: Leftovers\n|-damage|p2a: Dragonite|164\/260 tox|[from] psn\n|upkeep\n|turn|21\n|\n|t:|1659467028\n|move|p2a: Dragonite|Dual Wingbeat|p1a: Klefki\n|-resisted|p1a: Klefki\n|-damage|p1a: Klefki|88\/228\n|-resisted|p1a: Klefki\n|-damage|p1a: Klefki|46\/228\n|-hitcount|p1a: Klefki|2\n|move|p1a: Klefki|Play Rough|p2a: Dragonite\n|-supereffective|p2a: Dragonite\n|-damage|p2a: Dragonite|80\/260 tox\n|\n|-heal|p1a: Klefki|60\/228|[from] item: Leftovers\n|-damage|p2a: Dragonite|16\/260 tox|[from] psn\n|upkeep\n|turn|22\n|\n|t:|1659467032\n|move|p2a: Dragonite|Dual Wingbeat|p1a: Klefki\n|-resisted|p1a: Klefki\n|-damage|p1a: Klefki|15\/228\n|-resisted|p1a: Klefki\n|-crit|p1a: Klefki\n|-damage|p1a: Klefki|0 fnt\n|faint|p1a: Klefki\n|-hitcount|p1: Klefki|2\n|\n|-damage|p2a: Dragonite|0 fnt|[from] psn\n|faint|p2a: Dragonite\n|-sideend|p2: Arcangel666|move: Light Screen\n|upkeep\n|\n|t:|1659467039\n|switch|p1a: Sandslash|Sandslash, L86, F|269\/269\n|switch|p2a: Mewtwo|Mewtwo, L72|272\/272\n|-ability|p2a: Mewtwo|Unnerve\n|-damage|p2a: Mewtwo|204\/272|[from] Spikes\n|turn|23\n|\n|t:|1659467044\n|move|p2a: Mewtwo|Nasty Plot|p2a: Mewtwo\n|-boost|p2a: Mewtwo|spa|2\n|move|p1a: Sandslash|Toxic|p2a: Mewtwo\n|-status|p2a: Mewtwo|tox\n|\n|-damage|p2a: Mewtwo|187\/272 tox|[from] psn\n|-sideend|p2: Arcangel666|Reflect\n|upkeep\n|turn|24\n|\n|t:|1659467048\n|move|p2a: Mewtwo|Psystrike|p1a: Sandslash\n|-damage|p1a: Sandslash|31\/269\n|-damage|p2a: Mewtwo|160\/272 tox|[from] item: Life Orb\n|move|p1a: Sandslash|Stealth Rock|p2a: Mewtwo\n|-sidestart|p2: Arcangel666|move: Stealth Rock\n|\n|-heal|p1a: Sandslash|47\/269|[from] item: Leftovers\n|-damage|p2a: Mewtwo|126\/272 tox|[from] psn\n|upkeep\n|turn|25\n|\n|t:|1659467052\n|move|p2a: Mewtwo|Shadow Ball|p1a: Sandslash\n|-damage|p1a: Sandslash|0 fnt\n|faint|p1a: Sandslash\n|-damage|p2a: Mewtwo|99\/272 tox|[from] item: Life Orb\n|\n|-damage|p2a: Mewtwo|48\/272 tox|[from] psn\n|upkeep\n|\n|t:|1659467055\n|switch|p1a: Flareon|Flareon, L86, M|251\/251\n|turn|26\n|\n|t:|1659467058\n|move|p1a: Flareon|Quick Attack|p2a: Mewtwo\n|-damage|p2a: Mewtwo|6\/272 tox\n|move|p2a: Mewtwo|Psystrike|p1a: Flareon\n|-damage|p1a: Flareon|0 fnt\n|faint|p1a: Flareon\n|-damage|p2a: Mewtwo|0 fnt|[from] item: Life Orb\n|faint|p2a: Mewtwo\n|\n|upkeep\n|\n|t:|1659467064\n|switch|p2a: Carbink|Carbink, L86|142\/226 tox\n|switch|p1a: Dracozolt|Dracozolt, L78|268\/268\n|-damage|p2a: Carbink|86\/226 tox|[from] Spikes\n|-damage|p2a: Carbink|58\/226 tox|[from] Stealth Rock\n|turn|27\n|\n|t:|1659467066\n|move|p1a: Dracozolt|Bolt Beak|p2a: Carbink\n|-damage|p2a: Carbink|0 fnt\n|faint|p2a: Carbink\n|\n|upkeep\n|\n|t:|1659467068\n|switch|p2a: Haxorus|Haxorus, L77, F|244\/244\n|-damage|p2a: Haxorus|183\/244|[from] Spikes\n|-damage|p2a: Haxorus|153\/244|[from] Stealth Rock\n|-ability|p2a: Haxorus|Mold Breaker\n|turn|28\n|\n|t:|1659467074\n|move|p1a: Dracozolt|Bolt Beak|p2a: Haxorus\n|-resisted|p2a: Haxorus\n|-damage|p2a: Haxorus|20\/244\n|move|p2a: Haxorus|Dragon Dance|p2a: Haxorus\n|-boost|p2a: Haxorus|atk|1\n|-boost|p2a: Haxorus|spe|1\n|\n|upkeep\n|turn|29\n|\n|t:|1659467077\n|switch|p1a: Moltres|Moltres, L80|275\/275\n|-ability|p1a: Moltres|Pressure\n|move|p2a: Haxorus|Earthquake|p1a: Moltres\n|-immune|p1a: Moltres\n|\n|upkeep\n|turn|30\n|\n|t:|1659467083\n|move|p2a: Haxorus|Outrage|p1a: Moltres\n|-damage|p1a: Moltres|0 fnt\n|faint|p1a: Moltres\n|-damage|p2a: Haxorus|0 fnt|[from] item: Life Orb\n|faint|p2a: Haxorus\n|\n|upkeep\n|\n|t:|1659467087\n|switch|p2a: Absol|Absol, L84, M|246\/246\n|switch|p1a: Dracozolt|Dracozolt, L78|268\/268\n|-damage|p2a: Absol|185\/246|[from] Spikes\n|-damage|p2a: Absol|155\/246|[from] Stealth Rock\n|turn|31\n|\n|t:|1659467092\n|move|p2a: Absol|Sucker Punch|p1a: Dracozolt\n|-damage|p1a: Dracozolt|134\/268\n|-damage|p2a: Absol|131\/246|[from] item: Life Orb\n|move|p1a: Dracozolt|Bolt Beak|p2a: Absol\n|-damage|p2a: Absol|0 fnt\n|faint|p2a: Absol\n|\n|win|Charroger\n|raw|Charroger's rating: 1837 &rarr; <strong>1860<\/strong><br \/>(+23 for winning)\n|raw|Arcangel666's rating: 1886 &rarr; <strong>1863<\/strong><br \/>(-23 for losing)\n|c|\u2606Charroger|Gg\n|l|\u2606Arcangel666\n||Ladder isn't responding, score probably updated but might not have (Request timeout).\n","inputlog":">version 982d75eaa703b632a30dca381ab50d6ad4461e86\n>start {\"formatid\":\"gen8randombattle\",\"seed\":[27496,9666,25534,56719],\"rated\":\"Rated battle\"}\n>player p1 {\"name\":\"Charroger\",\"avatar\":\"rocketgruntf\",\"rating\":1837,\"seed\":[7275,50486,36833,4680]}\n>player p2 {\"name\":\"Arcangel666\",\"avatar\":\"piers\",\"rating\":1886,\"seed\":[36048,11870,62507,485]}\n>p1 switch 2\n>p2 move dragondance\n>p1 move magnetrise\n>p2 switch 3\n>p1 move toxic\n>p2 move reflect\n>p1 move spikes\n>p2 move lightscreen\n>p1 move spikes\n>p2 switch 2\n>p1 move spikes\n>p2 move dragondance\n>p1 switch 4\n>p2 move dragondance\n>p1 move roost\n>p2 move sunsteelstrike\n>p1 move defog\n>p2 move dragondance\n>p1 move roost\n>p2 move sunsteelstrike dynamax\n>p1 move roost\n>p2 move sunsteelstrike dynamax\n>p1 move roost\n>p2 move sunsteelstrike dynamax\n>p1 move roost\n>p2 move dragondance\n>p1 move fireblast dynamax\n>p2 move dragondance\n>p2 switch 2\n>p1 switch 4\n>p2 move lightscreen\n>p1 move spikes\n>p2 move reflect\n>p1 move spikes\n>p2 switch 3\n>p1 move toxic\n>p2 move dragondance\n>p1 move magnetrise\n>p2 move dragondance\n>p1 move spikes\n>p2 move dualwingbeat\n>p1 move playrough\n>p2 move dualwingbeat\n>p1 move playrough\n>p2 move dualwingbeat\n>p1 switch 5\n>p2 switch 6\n>p1 move toxic\n>p2 move nastyplot\n>p1 move stealthrock\n>p2 move psystrike\n>p1 move earthquake\n>p2 move shadowball\n>p1 switch 2\n>p1 move quickattack\n>p2 move psystrike\n>p1 switch 6\n>p2 switch 3\n>p1 move boltbeak\n>p2 move reflect\n>p2 switch 4\n>p1 move boltbeak\n>p2 move dragondance\n>p1 switch 4\n>p2 move earthquake\n>p1 move roost\n>p2 move outrage\n>p1 switch 4\n>p2 switch 5\n>p1 move boltbeak\n>p2 move suckerpunch","uploadtime":1659467106,"views":13,"p1id":"charroger","p2id":"arcangel666","formatid":"gen8randombattle","rating":1860,"private":0,"password":null}