{"id":"gen8bdspou-1467923680","p1":"ZamNeZia","p2":"Foolish Players","format":"gen8bdspou","log":"|html|<div class=\"broadcast-blue\"><strong>[Gen 8 BDSP] OU is currently suspecting Latios! For information on how to participate check out the <a href=\"https:\/\/www.smogon.com\/forums\/threads\/np-bdsp-ou-suspect-process-round-1-mr-blue-sky.3694109\/\">suspect thread<\/a>.<\/strong><\/div>\n|j|\u2606ZamNeZia\n|j|\u2606Foolish Players\n|t:|1638822679\n|gametype|singles\n|player|p1|ZamNeZia|170|1059\n|player|p2|Foolish Players|swimmer-gen1rb|1000\n|teamsize|p1|6\n|teamsize|p2|6\n|gen|8\n|tier|[Gen 8 BDSP] OU\n|rated|\n|rule|Sleep Clause Mod: Limit one foe put to sleep\n|rule|Species Clause: Limit one of each Pok\u00e9mon\n|rule|OHKO Clause: OHKO moves are banned\n|rule|Evasion Moves Clause: Evasion moves are banned\n|rule|Endless Battle Clause: Forcing endless battles is banned\n|rule|HP Percentage Mod: HP is shown in percentages\n|clearpoke\n|poke|p1|Clefable, M|\n|poke|p1|Gliscor, M|\n|poke|p1|Skarmory, M|\n|poke|p1|Milotic, F|\n|poke|p1|Rotom-Heat|\n|poke|p1|Tyranitar, M|\n|poke|p2|Mantine, M|\n|poke|p2|Tyranitar, F|\n|poke|p2|Hippowdon, M|\n|poke|p2|Latios, M|\n|poke|p2|Heatran, F|\n|poke|p2|Garchomp, F|\n|teampreview\n|inactive|Battle timer is ON: inactive players will automatically lose when time's up. (requested by Foolish Players)\n|inactive|Foolish Players has 120 seconds left.\n|inactive|ZamNeZia has 120 seconds left.\n|inactive|Foolish Players has 90 seconds left.\n|\n|t:|1638822763\n|start\n|switch|p1a: Milotic|Milotic, F|100\/100\n|switch|p2a: Heatran|Heatran, F, shiny|100\/100\n|turn|1\n|inactive|Foolish Players has 120 seconds left.\n|\n|t:|1638822805\n|switch|p2a: Latios|Latios, M|100\/100\n|move|p1a: Milotic|Scald|p2a: Latios\n|-resisted|p2a: Latios\n|-damage|p2a: Latios|80\/100\n|\n|upkeep\n|turn|2\n|inactive|Foolish Players has 90 seconds left.\n|\n|t:|1638822829\n|move|p2a: Latios|Thunder|p1a: Milotic|[miss]\n|-miss|p2a: Latios|p1a: Milotic\n|move|p1a: Milotic|Ice Beam|p2a: Latios\n|-supereffective|p2a: Latios\n|-damage|p2a: Latios|22\/100\n|\n|upkeep\n|turn|3\n|inactive|Foolish Players has 90 seconds left.\n|\n|t:|1638822853\n|switch|p1a: Tyranitar|Tyranitar, M|100\/100\n|-weather|Sandstorm|[from] ability: Sand Stream|[of] p1a: Tyranitar\n|move|p2a: Latios|Thunder|p1a: Tyranitar\n|-damage|p1a: Tyranitar|78\/100\n|\n|-weather|Sandstorm|[upkeep]\n|-damage|p2a: Latios|16\/100|[from] Sandstorm\n|upkeep\n|turn|4\n|inactive|Foolish Players has 90 seconds left.\n|inactive|ZamNeZia has 120 seconds left.\n|\n|t:|1638822889\n|switch|p2a: Garchomp|Garchomp, F, shiny|100\/100\n|move|p1a: Tyranitar|Outrage|p2a: Garchomp\n|-supereffective|p2a: Garchomp\n|-damage|p2a: Garchomp|0 fnt\n|faint|p2a: Garchomp\n|\n|-weather|Sandstorm|[upkeep]\n|upkeep\n|inactive|Foolish Players has 60 seconds left.\n|\n|t:|1638822911\n|switch|p2a: Hippowdon|Hippowdon, M|100\/100\n|turn|5\n|\n|t:|1638822915\n|move|p1a: Tyranitar|Outrage|p2a: Hippowdon|[from]lockedmove\n|-damage|p2a: Hippowdon|63\/100\n|move|p2a: Hippowdon|Earthquake|p1a: Tyranitar\n|-supereffective|p1a: Tyranitar\n|-damage|p1a: Tyranitar|20\/100\n|\n|-weather|Sandstorm|[upkeep]\n|-heal|p2a: Hippowdon|69\/100|[from] item: Leftovers\n|upkeep\n|turn|6\n|\n|t:|1638822929\n|move|p1a: Tyranitar|Outrage|p2a: Hippowdon|[from]lockedmove\n|-damage|p2a: Hippowdon|31\/100\n|-start|p1a: Tyranitar|confusion|[fatigue]\n|move|p2a: Hippowdon|Slack Off|p2a: Hippowdon\n|-heal|p2a: Hippowdon|81\/100\n|\n|-weather|Sandstorm|[upkeep]\n|-heal|p2a: Hippowdon|87\/100|[from] item: Leftovers\n|upkeep\n|turn|7\n|\n|t:|1638822949\n|switch|p1a: Gliscor|Gliscor, M|100\/100\n|move|p2a: Hippowdon|Stealth Rock|p1a: Gliscor\n|-sidestart|p1: ZamNeZia|move: Stealth Rock\n|\n|-weather|none\n|-heal|p2a: Hippowdon|93\/100|[from] item: Leftovers\n|-status|p1a: Gliscor|tox|[from] item: Toxic Orb\n|upkeep\n|turn|8\n|\n|t:|1638822954\n|move|p1a: Gliscor|Swords Dance|p1a: Gliscor\n|-boost|p1a: Gliscor|atk|2\n|move|p2a: Hippowdon|Ice Fang|p1a: Gliscor\n|-supereffective|p1a: Gliscor\n|-damage|p1a: Gliscor|35\/100 tox\n|\n|-heal|p2a: Hippowdon|99\/100|[from] item: Leftovers\n|-heal|p1a: Gliscor|47\/100 tox|[from] ability: Poison Heal\n|upkeep\n|turn|9\n|\n|t:|1638822959\n|move|p1a: Gliscor|Facade|p2a: Hippowdon\n|-damage|p2a: Hippowdon|57\/100\n|move|p2a: Hippowdon|Ice Fang|p1a: Gliscor\n|-supereffective|p1a: Gliscor\n|-damage|p1a: Gliscor|0 fnt\n|faint|p1a: Gliscor\n|\n|-heal|p2a: Hippowdon|63\/100|[from] item: Leftovers\n|upkeep\n|\n|t:|1638822965\n|switch|p1a: Milotic|Milotic, F|100\/100\n|-damage|p1a: Milotic|88\/100|[from] Stealth Rock\n|turn|10\n|\n|t:|1638822984\n|switch|p2a: Mantine|Mantine, M|100\/100\n|move|p1a: Milotic|Scald|p2a: Mantine\n|-immune|p2a: Mantine|[from] ability: Water Absorb\n|\n|-heal|p1a: Milotic|94\/100|[from] item: Leftovers\n|upkeep\n|turn|11\n|inactive|Foolish Players has 90 seconds left.\n|\n|t:|1638823000\n|switch|p1a: Clefable|Clefable, M|100\/100\n|-damage|p1a: Clefable|88\/100|[from] Stealth Rock\n|move|p2a: Mantine|Ice Beam|p1a: Clefable\n|-crit|p1a: Clefable\n|-damage|p1a: Clefable|58\/100\n|-damage|p2a: Mantine|91\/100|[from] item: Life Orb\n|\n|upkeep\n|turn|12\n|inactive|ZamNeZia has 120 seconds left.\n|\n|t:|1638823033\n|switch|p2a: Heatran|Heatran, F, shiny|100\/100\n|move|p1a: Clefable|Thunderbolt|p2a: Heatran\n|-damage|p2a: Heatran|64\/100\n|-status|p2a: Heatran|par\n|-damage|p1a: Clefable|48\/100|[from] item: Life Orb\n|\n|upkeep\n|turn|13\n|-message|ZamNeZia forfeited.\n|\n|win|Foolish Players\n|raw|ZamNeZia's rating: 1059 &rarr; <strong>1037<\/strong><br \/>(-22 for losing)\n|raw|Foolish Players's rating: 1000 &rarr; <strong>1047<\/strong><br \/>(+47 for winning)\n|l|\u2606ZamNeZia\n|c|\u2606Foolish Players|bye\n","uploadtime":1638823051,"views":18,"p1id":"zamnezia","p2id":"foolishplayers","formatid":"gen8bdspou","rating":1037,"private":0,"password":null}