{"id":"gen8pu-1690370261","p1":"EnderLord88","p2":"Forwards","format":"gen8pu","log":"|j|\u2606EnderLord88\n|j|\u2606Forwards\n|t:|1666270988\n|gametype|singles\n|player|p1|EnderLord88|benga|1364\n|player|p2|Forwards|266|1314\n|teamsize|p1|6\n|teamsize|p2|6\n|gen|8\n|tier|[Gen 8] PU\n|rated|\n|rule|Sleep Clause Mod: Limit one foe put to sleep\n|rule|Species Clause: Limit one of each Pok\u00e9mon\n|rule|OHKO Clause: OHKO moves are banned\n|rule|Evasion Items Clause: Evasion items are banned\n|rule|Evasion Moves Clause: Evasion moves are banned\n|rule|Endless Battle Clause: Forcing endless battles is banned\n|rule|HP Percentage Mod: HP is shown in percentages\n|rule|Dynamax Clause: You cannot dynamax\n|clearpoke\n|poke|p1|Charizard, M|\n|poke|p1|Jolteon, F|\n|poke|p1|Weezing, F|\n|poke|p1|Persian, M|\n|poke|p1|Tangela, M|\n|poke|p1|Ditto|\n|poke|p2|Charizard, M|\n|poke|p2|Whimsicott, M|\n|poke|p2|Swirlix, F|\n|poke|p2|Silvally-*|\n|poke|p2|Aurorus, F|\n|poke|p2|Sandslash, F|\n|teampreview\n|inactive|Battle timer is ON: inactive players will automatically lose when time's up. (requested by Forwards)\n|\n|t:|1666271000\n|start\n|switch|p1a: Charizard|Charizard, M, shiny|100\/100\n|switch|p2a: Swirlix|Swirlix, F|100\/100\n|turn|1\n|\n|t:|1666271017\n|move|p1a: Charizard|Flamethrower|p2a: Swirlix\n|-enditem|p2a: Swirlix|Focus Sash\n|-damage|p2a: Swirlix|1\/100\n|move|p2a: Swirlix|Sticky Web|p1a: Charizard\n|-sidestart|p1: EnderLord88|move: Sticky Web\n|\n|upkeep\n|turn|2\n|\n|t:|1666271027\n|move|p2a: Swirlix|Endeavor|p1a: Charizard\n|-damage|p1a: Charizard|1\/100\n|move|p1a: Charizard|Flamethrower|p2a: Swirlix\n|-damage|p2a: Swirlix|0 fnt\n|faint|p2a: Swirlix\n|\n|upkeep\n|\n|t:|1666271036\n|switch|p2a: Aurorus|Aurorus, F|100\/100\n|turn|3\n|\n|t:|1666271044\n|move|p1a: Charizard|Flamethrower|p2a: Aurorus\n|-damage|p2a: Aurorus|46\/100\n|move|p2a: Aurorus|Freeze-Dry|p1a: Charizard\n|-damage|p1a: Charizard|0 fnt\n|faint|p1a: Charizard\n|\n|upkeep\n|\n|t:|1666271052\n|switch|p1a: Jolteon|Jolteon, F, shiny|100\/100\n|-activate|p1a: Jolteon|move: Sticky Web\n|-unboost|p1a: Jolteon|spe|1\n|turn|4\n|\n|t:|1666271057\n|move|p1a: Jolteon|Shadow Ball|p2a: Aurorus\n|-damage|p2a: Aurorus|8\/100\n|-unboost|p2a: Aurorus|spd|1\n|move|p2a: Aurorus|Meteor Beam||[still]\n|-prepare|p2a: Aurorus|Meteor Beam\n|-boost|p2a: Aurorus|spa|1\n|-enditem|p2a: Aurorus|Power Herb\n|-anim|p2a: Aurorus|Meteor Beam|p1a: Jolteon|[miss]\n|-miss|p2a: Aurorus|p1a: Jolteon\n|\n|upkeep\n|turn|5\n|\n|t:|1666271067\n|move|p1a: Jolteon|Shadow Ball|p2a: Aurorus\n|-damage|p2a: Aurorus|0 fnt\n|faint|p2a: Aurorus\n|\n|upkeep\n|\n|t:|1666271070\n|switch|p2a: Sandslash|Sandslash, F|100\/100\n|turn|6\n|\n|t:|1666271077\n|move|p2a: Sandslash|Knock Off|p1a: Jolteon\n|-damage|p1a: Jolteon|32\/100\n|-enditem|p1a: Jolteon|Choice Specs|[from] move: Knock Off|[of] p2a: Sandslash\n|-damage|p2a: Sandslash|91\/100|[from] item: Life Orb\n|move|p1a: Jolteon|Shadow Ball|p2a: Sandslash\n|-damage|p2a: Sandslash|37\/100\n|\n|upkeep\n|turn|7\n|\n|t:|1666271086\n|move|p2a: Sandslash|Rapid Spin|p1a: Jolteon\n|-damage|p1a: Jolteon|0 fnt\n|-boost|p2a: Sandslash|spe|1\n|faint|p1a: Jolteon\n|-damage|p2a: Sandslash|27\/100|[from] item: Life Orb\n|\n|upkeep\n|\n|t:|1666271100\n|switch|p1a: Ditto|Ditto, shiny|100\/100\n|-activate|p1a: Ditto|move: Sticky Web\n|-unboost|p1a: Ditto|spe|1\n|-transform|p1a: Ditto|p2a: Sandslash|[from] ability: Imposter\n|turn|8\n|\n|t:|1666271109\n|move|p1a: Ditto|Knock Off|p2a: Sandslash\n|-damage|p2a: Sandslash|0 fnt\n|-enditem|p2a: Sandslash|Life Orb|[from] move: Knock Off|[of] p1a: Ditto\n|faint|p2a: Sandslash\n|\n|upkeep\n|\n|t:|1666271113\n|switch|p2a: Whimsicott|Whimsicott, M|100\/100\n|turn|9\n|\n|t:|1666271118\n|switch|p1a: Weezing|Weezing, F|100\/100\n|move|p2a: Whimsicott|Sunny Day|p2a: Whimsicott\n|-weather|SunnyDay\n|\n|-weather|SunnyDay|[upkeep]\n|upkeep\n|turn|10\n|\n|t:|1666271125\n|move|p2a: Whimsicott|U-turn|p1a: Weezing\n|-resisted|p1a: Weezing\n|-damage|p1a: Weezing|97\/100\n|\n|t:|1666271127\n|switch|p2a: Charizard|Charizard, M|100\/100|[from]move: U-turn\n|move|p1a: Weezing|Sludge Wave|p2a: Charizard\n|-damage|p2a: Charizard|64\/100\n|\n|-weather|SunnyDay|[upkeep]\n|-damage|p2a: Charizard|52\/100|[from] ability: Solar Power|[of] p2a: Charizard\n|-heal|p1a: Weezing|100\/100|[from] item: Black Sludge\n|upkeep\n|turn|11\n|\n|t:|1666271138\n|move|p1a: Weezing|Protect|p1a: Weezing\n|-singleturn|p1a: Weezing|Protect\n|move|p2a: Charizard|Overheat|p1a: Weezing\n|-activate|p1a: Weezing|move: Protect\n|\n|-weather|SunnyDay|[upkeep]\n|-damage|p2a: Charizard|39\/100|[from] ability: Solar Power|[of] p2a: Charizard\n|upkeep\n|turn|12\n|\n|t:|1666271156\n|switch|p1a: Persian|Persian, M, shiny|100\/100\n|-activate|p1a: Persian|move: Sticky Web\n|-unboost|p1a: Persian|spe|1\n|move|p2a: Charizard|Overheat|p1a: Persian\n|-damage|p1a: Persian|0 fnt\n|-unboost|p2a: Charizard|spa|2\n|faint|p1a: Persian\n|\n|-weather|SunnyDay|[upkeep]\n|-damage|p2a: Charizard|27\/100|[from] ability: Solar Power|[of] p2a: Charizard\n|upkeep\n|\n|t:|1666271170\n|switch|p1a: Ditto|Ditto, shiny|100\/100\n|-activate|p1a: Ditto|move: Sticky Web\n|-unboost|p1a: Ditto|spe|1\n|-transform|p1a: Ditto|p2a: Charizard|[from] ability: Imposter\n|turn|13\n|\n|t:|1666271180\n|switch|p2a: Silvally|Silvally-Ghost|100\/100\n|move|p1a: Ditto|Overheat|p2a: Silvally|[miss]\n|-miss|p1a: Ditto|p2a: Silvally\n|\n|-weather|SunnyDay|[upkeep]\n|-damage|p1a: Ditto|88\/100|[from] ability: Solar Power|[of] p1a: Ditto\n|upkeep\n|turn|14\n|\n|t:|1666271188\n|switch|p2a: Charizard|Charizard, M|27\/100\n|move|p1a: Ditto|Overheat|p2a: Charizard\n|-resisted|p2a: Charizard\n|-damage|p2a: Charizard|0 fnt\n|-unboost|p1a: Ditto|spa|2\n|faint|p2a: Charizard\n|\n|-weather|SunnyDay|[upkeep]\n|-damage|p1a: Ditto|76\/100|[from] ability: Solar Power|[of] p1a: Ditto\n|upkeep\n|\n|t:|1666271194\n|switch|p2a: Silvally|Silvally-Ghost|100\/100\n|turn|15\n|\n|t:|1666271202\n|switch|p1a: Tangela|Tangela, M, shiny|100\/100\n|-activate|p1a: Tangela|move: Sticky Web\n|-unboost|p1a: Tangela|spe|1\n|move|p2a: Silvally|Swords Dance|p2a: Silvally\n|-boost|p2a: Silvally|atk|2\n|\n|-weather|SunnyDay|[upkeep]\n|upkeep\n|turn|16\n|\n|t:|1666271212\n|move|p2a: Silvally|Multi-Attack|p1a: Tangela\n|-damage|p1a: Tangela|56\/100\n|move|p1a: Tangela|Sleep Powder|p2a: Silvally\n|-status|p2a: Silvally|slp|[from] move: Sleep Powder\n|\n|-weather|none\n|upkeep\n|turn|17\n|\n|t:|1666271220\n|switch|p1a: Weezing|Weezing, F|100\/100\n|cant|p2a: Silvally|slp\n|\n|upkeep\n|turn|18\n|\n|t:|1666271226\n|-curestatus|p2a: Silvally|slp|[msg]\n|move|p2a: Silvally|Multi-Attack|p1a: Weezing\n|-damage|p1a: Weezing|38\/100\n|move|p1a: Weezing|Haze|p1a: Weezing\n|-clearallboost\n|\n|-heal|p1a: Weezing|44\/100|[from] item: Black Sludge\n|upkeep\n|turn|19\n|\n|t:|1666271237\n|move|p2a: Silvally|Swords Dance|p2a: Silvally\n|-boost|p2a: Silvally|atk|2\n|move|p1a: Weezing|Will-O-Wisp|p2a: Silvally|[miss]\n|-miss|p1a: Weezing|p2a: Silvally\n|\n|-heal|p1a: Weezing|50\/100|[from] item: Black Sludge\n|upkeep\n|turn|20\n|\n|t:|1666271246\n|move|p1a: Weezing|Protect|p1a: Weezing\n|-singleturn|p1a: Weezing|Protect\n|move|p2a: Silvally|Multi-Attack|p1a: Weezing\n|-activate|p1a: Weezing|move: Protect\n|\n|-heal|p1a: Weezing|56\/100|[from] item: Black Sludge\n|upkeep\n|turn|21\n|\n|t:|1666271255\n|move|p2a: Silvally|Multi-Attack|p1a: Weezing\n|-damage|p1a: Weezing|0 fnt\n|faint|p1a: Weezing\n|\n|upkeep\n|\n|t:|1666271260\n|switch|p1a: Ditto|Ditto, shiny|76\/100\n|-activate|p1a: Ditto|move: Sticky Web\n|-unboost|p1a: Ditto|spe|1\n|-transform|p1a: Ditto|p2a: Silvally|[from] ability: Imposter\n|turn|22\n|\n|t:|1666271267\n|move|p1a: Ditto|Multi-Attack|p2a: Silvally\n|-immune|p2a: Silvally\n|move|p2a: Silvally|Multi-Attack|p1a: Ditto\n|-supereffective|p1a: Ditto\n|-damage|p1a: Ditto|0 fnt\n|faint|p1a: Ditto\n|\n|upkeep\n|\n|t:|1666271277\n|switch|p1a: Tangela|Tangela, M, shiny|89\/100\n|-activate|p1a: Tangela|move: Sticky Web\n|-unboost|p1a: Tangela|spe|1\n|turn|23\n|c|\u2606Forwards|you know why?\n|-message|EnderLord88 forfeited.\n|\n|win|Forwards\n|raw|EnderLord88's rating: 1364 &rarr; <strong>1341<\/strong><br \/>(-23 for losing)\n|raw|Forwards's rating: 1314 &rarr; <strong>1337<\/strong><br \/>(+23 for winning)\n|l|\u2606EnderLord88\n","uploadtime":1666271285,"views":9,"p1id":"enderlord88","p2id":"forwards","formatid":"gen8pu","rating":1337,"private":0,"password":null}