{"id":"gen8nationaldex-1511443766","p1":"mongwong","p2":"HikaruMaxwell_004","format":"gen8nationaldex","log":"|j|\u2606mongwong\n|j|\u2606HikaruMaxwell_004\n|t:|1644931939\n|gametype|singles\n|player|p1|mongwong|silver|1521\n|player|p2|HikaruMaxwell_004|hilbert|1497\n|teamsize|p1|6\n|teamsize|p2|6\n|gen|8\n|tier|[Gen 8] National Dex\n|rated|\n|rule|HP Percentage Mod: HP is shown in percentages\n|rule|Endless Battle Clause: Forcing endless battles is banned\n|rule|OHKO Clause: OHKO moves are banned\n|rule|Evasion Moves Clause: Evasion moves are banned\n|rule|Species Clause: Limit one of each Pok\u00e9mon\n|rule|Dynamax Clause: You cannot dynamax\n|rule|Sleep Clause Mod: Limit one foe put to sleep\n|clearpoke\n|poke|p1|Pelipper, F|\n|poke|p1|Swampert, F|\n|poke|p1|Barraskewda, M|\n|poke|p1|Ferrothorn, F|\n|poke|p1|Magnezone|\n|poke|p1|Zapdos|\n|poke|p2|Landorus-Therian, M|\n|poke|p2|Garchomp, F|\n|poke|p2|Greninja, F|\n|poke|p2|Rillaboom, M|\n|poke|p2|Silvally-*|\n|poke|p2|Gengar, M|\n|teampreview\n|\n|t:|1644931954\n|start\n|switch|p1a: Barraskewda|Barraskewda, M, shiny|100\/100\n|switch|p2a: Landorus|Landorus-Therian, M|100\/100\n|-ability|p2a: Landorus|Intimidate|boost\n|-unboost|p1a: Barraskewda|atk|1\n|turn|1\n|\n|t:|1644931962\n|move|p1a: Barraskewda|Flip Turn|p2a: Landorus\n|-supereffective|p2a: Landorus\n|-damage|p2a: Landorus|27\/100\n|\n|t:|1644931964\n|switch|p1a: Pelipper|Pelipper, F|100\/100|[from]move: Flip Turn\n|-weather|RainDance|[from] ability: Drizzle|[of] p1a: Pelipper\n|move|p2a: Landorus|Stealth Rock|p1a: Pelipper\n|-sidestart|p1: mongwong|move: Stealth Rock\n|\n|-weather|RainDance|[upkeep]\n|upkeep\n|turn|2\n|\n|t:|1644931968\n|move|p2a: Landorus|Explosion|p1a: Pelipper\n|-damage|p1a: Pelipper|23\/100\n|faint|p2a: Landorus\n|move|p1a: Pelipper|Defog|p2: Landorus|[notarget]\n|-fail|p1a: Pelipper\n|\n|-weather|RainDance|[upkeep]\n|upkeep\n|\n|t:|1644931979\n|switch|p2a: Greninja|Greninja, F|100\/100\n|turn|3\n|\n|t:|1644931983\n|switch|p1a: Ferrothorn|Ferrothorn, F|100\/100\n|-damage|p1a: Ferrothorn|94\/100|[from] Stealth Rock\n|move|p2a: Greninja|Night Slash|p1a: Ferrothorn\n|-start|p2a: Greninja|typechange|Dark|[from] ability: Protean\n|-damage|p1a: Ferrothorn|76\/100\n|-damage|p2a: Greninja|88\/100|[from] ability: Iron Barbs|[of] p1a: Ferrothorn\n|\n|-weather|RainDance|[upkeep]\n|-heal|p1a: Ferrothorn|82\/100|[from] item: Leftovers\n|upkeep\n|turn|4\n|\n|t:|1644931987\n|move|p2a: Greninja|U-turn|p1a: Ferrothorn\n|-start|p2a: Greninja|typechange|Bug|[from] ability: Protean\n|-damage|p1a: Ferrothorn|65\/100\n|-damage|p2a: Greninja|76\/100|[from] ability: Iron Barbs|[of] p1a: Ferrothorn\n|\n|t:|1644931991\n|switch|p2a: Silvally|Silvally-Steel|100\/100|[from]move: U-turn\n|move|p1a: Ferrothorn|Stealth Rock|p2a: Silvally\n|-sidestart|p2: HikaruMaxwell_004|move: Stealth Rock\n|\n|-weather|RainDance|[upkeep]\n|-heal|p1a: Ferrothorn|71\/100|[from] item: Leftovers\n|upkeep\n|turn|5\n|\n|t:|1644931998\n|move|p2a: Silvally|Flamethrower|p1a: Ferrothorn\n|-supereffective|p1a: Ferrothorn\n|-damage|p1a: Ferrothorn|34\/100\n|move|p1a: Ferrothorn|Leech Seed|p2a: Silvally\n|-start|p2a: Silvally|move: Leech Seed\n|\n|-weather|RainDance|[upkeep]\n|-heal|p1a: Ferrothorn|40\/100|[from] item: Leftovers\n|-damage|p2a: Silvally|88\/100|[from] Leech Seed|[of] p1a: Ferrothorn\n|-heal|p1a: Ferrothorn|52\/100|[silent]\n|upkeep\n|turn|6\n|\n|t:|1644932007\n|move|p2a: Silvally|U-turn|p1a: Ferrothorn\n|-crit|p1a: Ferrothorn\n|-damage|p1a: Ferrothorn|35\/100\n|-damage|p2a: Silvally|76\/100|[from] ability: Iron Barbs|[of] p1a: Ferrothorn\n|\n|t:|1644932012\n|switch|p2a: Gengar|Gengar, M|100\/100|[from]move: U-turn\n|-damage|p2a: Gengar|88\/100|[from] Stealth Rock\n|move|p1a: Ferrothorn|Gyro Ball|p2a: Gengar\n|-damage|p2a: Gengar|0 fnt\n|-start|p1a: Ferrothorn|Disable|Gyro Ball|[from] ability: Cursed Body|[of] p2a: Gengar\n|faint|p2a: Gengar\n|\n|-weather|RainDance|[upkeep]\n|-heal|p1a: Ferrothorn|41\/100|[from] item: Leftovers\n|upkeep\n|\n|t:|1644932023\n|switch|p2a: Garchomp|Garchomp, F|100\/100\n|-damage|p2a: Garchomp|94\/100|[from] Stealth Rock\n|turn|7\n|\n|t:|1644932032\n|detailschange|p2a: Garchomp|Garchomp-Mega, F\n|-mega|p2a: Garchomp|Garchomp|Garchompite\n|move|p2a: Garchomp|Fire Fang|p1a: Ferrothorn\n|-supereffective|p1a: Ferrothorn\n|-damage|p1a: Ferrothorn|11\/100\n|-damage|p2a: Garchomp|82\/100|[from] ability: Iron Barbs|[of] p1a: Ferrothorn\n|move|p1a: Ferrothorn|Leech Seed|p2a: Garchomp\n|-start|p2a: Garchomp|move: Leech Seed\n|\n|-weather|RainDance|[upkeep]\n|-heal|p1a: Ferrothorn|18\/100|[from] item: Leftovers\n|-damage|p2a: Garchomp|70\/100|[from] Leech Seed|[of] p1a: Ferrothorn\n|-heal|p1a: Ferrothorn|30\/100|[silent]\n|upkeep\n|turn|8\n|\n|t:|1644932040\n|switch|p1a: Zapdos|Zapdos|100\/100\n|-damage|p1a: Zapdos|76\/100|[from] Stealth Rock\n|move|p2a: Garchomp|Fire Fang|p1a: Zapdos\n|-damage|p1a: Zapdos|58\/100\n|\n|-weather|none\n|-damage|p2a: Garchomp|57\/100|[from] Leech Seed|[of] p1a: Zapdos\n|-heal|p1a: Zapdos|71\/100|[silent]\n|upkeep\n|turn|9\n|\n|t:|1644932049\n|switch|p2a: Silvally|Silvally-Steel|76\/100\n|-damage|p2a: Silvally|70\/100|[from] Stealth Rock\n|move|p1a: Zapdos|Hurricane|p2a: Silvally\n|-resisted|p2a: Silvally\n|-damage|p2a: Silvally|23\/100\n|\n|upkeep\n|turn|10\n|\n|t:|1644932053\n|move|p1a: Zapdos|Hurricane|p2a: Silvally|[miss]\n|-miss|p1a: Zapdos|p2a: Silvally\n|move|p2a: Silvally|Flamethrower|p1a: Zapdos\n|-damage|p1a: Zapdos|47\/100\n|-status|p1a: Zapdos|brn\n|\n|-damage|p1a: Zapdos|41\/100 brn|[from] brn\n|upkeep\n|turn|11\n|\n|t:|1644932059\n|move|p1a: Zapdos|Hurricane|p2a: Silvally\n|-resisted|p2a: Silvally\n|-damage|p2a: Silvally|0 fnt\n|faint|p2a: Silvally\n|\n|-damage|p1a: Zapdos|35\/100 brn|[from] brn\n|upkeep\n|\n|t:|1644932061\n|switch|p2a: Greninja|Greninja, F|76\/100\n|-damage|p2a: Greninja|64\/100|[from] Stealth Rock\n|turn|12\n|\n|t:|1644932065\n|switch|p1a: Pelipper|Pelipper, F|23\/100\n|-damage|p1a: Pelipper|0 fnt|[from] Stealth Rock\n|faint|p1a: Pelipper\n|move|p2a: Greninja|Night Slash|p1: Pelipper|[notarget]\n|-fail|p2a: Greninja\n|\n|upkeep\n|\n|t:|1644932077\n|switch|p1a: Swampert|Swampert, F|100\/100\n|-damage|p1a: Swampert|94\/100|[from] Stealth Rock\n|turn|13\n|\n|t:|1644932080\n|detailschange|p1a: Swampert|Swampert-Mega, F\n|-mega|p1a: Swampert|Swampert|Swampertite\n|move|p2a: Greninja|U-turn|p1a: Swampert\n|-start|p2a: Greninja|typechange|Bug|[from] ability: Protean\n|-damage|p1a: Swampert|69\/100\n|\n|t:|1644932084\n|switch|p2a: Rillaboom|Rillaboom, M|100\/100|[from]move: U-turn\n|-damage|p2a: Rillaboom|88\/100|[from] Stealth Rock\n|-fieldstart|move: Grassy Terrain|[from] ability: Grassy Surge|[of] p2a: Rillaboom\n|-enditem|p2a: Rillaboom|Grassy Seed\n|-boost|p2a: Rillaboom|def|1|[from] item: Grassy Seed\n|move|p1a: Swampert|Earthquake|p2a: Rillaboom\n|-resisted|p2a: Rillaboom\n|-damage|p2a: Rillaboom|76\/100\n|\n|-heal|p2a: Rillaboom|82\/100|[from] Grassy Terrain\n|-heal|p1a: Swampert|75\/100|[from] Grassy Terrain\n|upkeep\n|turn|14\n|\n|t:|1644932092\n|switch|p1a: Zapdos|Zapdos|35\/100 brn\n|-damage|p1a: Zapdos|10\/100 brn|[from] Stealth Rock\n|move|p2a: Rillaboom|U-turn|p1a: Zapdos\n|-resisted|p1a: Zapdos\n|-damage|p1a: Zapdos|0 fnt\n|faint|p1a: Zapdos\n|\n|t:|1644932096\n|switch|p2a: Greninja|Greninja, F|64\/100|[from]move: U-turn\n|-damage|p2a: Greninja|51\/100|[from] Stealth Rock\n|\n|-heal|p2a: Greninja|57\/100|[from] Grassy Terrain\n|upkeep\n|\n|t:|1644932100\n|switch|p1a: Swampert|Swampert-Mega, F|75\/100\n|-damage|p1a: Swampert|69\/100|[from] Stealth Rock\n|turn|15\n|\n|t:|1644932106\n|move|p2a: Greninja|Waterfall|p1a: Swampert\n|-start|p2a: Greninja|typechange|Water|[from] ability: Protean\n|-damage|p1a: Swampert|37\/100\n|move|p1a: Swampert|Flip Turn|p2a: Greninja\n|-resisted|p2a: Greninja\n|-damage|p2a: Greninja|28\/100\n|\n|t:|1644932113\n|switch|p1a: Ferrothorn|Ferrothorn, F|30\/100|[from]move: Flip Turn\n|-damage|p1a: Ferrothorn|24\/100|[from] Stealth Rock\n|\n|-heal|p2a: Greninja|34\/100|[from] Grassy Terrain\n|-heal|p1a: Ferrothorn|30\/100|[from] Grassy Terrain\n|-heal|p1a: Ferrothorn|36\/100|[from] item: Leftovers\n|upkeep\n|turn|16\n|\n|t:|1644932119\n|move|p2a: Greninja|U-turn|p1a: Ferrothorn\n|-start|p2a: Greninja|typechange|Bug|[from] ability: Protean\n|-damage|p1a: Ferrothorn|19\/100\n|-damage|p2a: Greninja|22\/100|[from] ability: Iron Barbs|[of] p1a: Ferrothorn\n|\n|t:|1644932123\n|switch|p2a: Garchomp|Garchomp-Mega, F|57\/100|[from]move: U-turn\n|-damage|p2a: Garchomp|51\/100|[from] Stealth Rock\n|move|p1a: Ferrothorn|Leech Seed|p2a: Garchomp|[miss]\n|-miss|p1a: Ferrothorn|p2a: Garchomp\n|\n|-heal|p2a: Garchomp|57\/100|[from] Grassy Terrain\n|-heal|p1a: Ferrothorn|25\/100|[from] Grassy Terrain\n|-heal|p1a: Ferrothorn|31\/100|[from] item: Leftovers\n|upkeep\n|turn|17\n|\n|t:|1644932127\n|move|p2a: Garchomp|Fire Fang|p1a: Ferrothorn\n|-supereffective|p1a: Ferrothorn\n|-damage|p1a: Ferrothorn|0 fnt\n|-damage|p2a: Garchomp|45\/100|[from] ability: Iron Barbs|[of] p1a: Ferrothorn\n|faint|p1a: Ferrothorn\n|\n|-heal|p2a: Garchomp|51\/100|[from] Grassy Terrain\n|-fieldend|move: Grassy Terrain\n|upkeep\n|\n|t:|1644932131\n|switch|p1a: Barraskewda|Barraskewda, M, shiny|100\/100\n|-damage|p1a: Barraskewda|88\/100|[from] Stealth Rock\n|turn|18\n|\n|t:|1644932136\n|move|p1a: Barraskewda|Liquidation|p2a: Garchomp\n|-damage|p2a: Garchomp|0 fnt\n|faint|p2a: Garchomp\n|\n|upkeep\n|\n|t:|1644932138\n|switch|p2a: Rillaboom|Rillaboom, M|82\/100\n|-damage|p2a: Rillaboom|70\/100|[from] Stealth Rock\n|-fieldstart|move: Grassy Terrain|[from] ability: Grassy Surge|[of] p2a: Rillaboom\n|turn|19\n|\n|t:|1644932142\n|switch|p1a: Swampert|Swampert-Mega, F|37\/100\n|-damage|p1a: Swampert|30\/100|[from] Stealth Rock\n|move|p2a: Rillaboom|Grassy Glide|p1a: Swampert\n|-supereffective|p1a: Swampert\n|-damage|p1a: Swampert|0 fnt\n|faint|p1a: Swampert\n|\n|-heal|p2a: Rillaboom|76\/100|[from] Grassy Terrain\n|upkeep\n|\n|t:|1644932145\n|switch|p1a: Magnezone|Magnezone|100\/100\n|-damage|p1a: Magnezone|94\/100|[from] Stealth Rock\n|turn|20\n|\n|t:|1644932149\n|move|p2a: Rillaboom|High Horsepower|p1a: Magnezone\n|-supereffective|p1a: Magnezone\n|-damage|p1a: Magnezone|0 fnt\n|faint|p1a: Magnezone\n|\n|-heal|p2a: Rillaboom|82\/100|[from] Grassy Terrain\n|upkeep\n|\n|t:|1644932151\n|switch|p1a: Barraskewda|Barraskewda, M, shiny|88\/100\n|-damage|p1a: Barraskewda|76\/100|[from] Stealth Rock\n|turn|21\n|\n|t:|1644932157\n|move|p2a: Rillaboom|Grassy Glide|p1a: Barraskewda\n|-supereffective|p1a: Barraskewda\n|-damage|p1a: Barraskewda|0 fnt\n|faint|p1a: Barraskewda\n|\n|win|HikaruMaxwell_004\n|raw|mongwong's rating: 1521 &rarr; <strong>1500<\/strong><br \/>(-21 for losing)\n|raw|HikaruMaxwell_004's rating: 1497 &rarr; <strong>1518<\/strong><br \/>(+21 for winning)\n|l|\u2606mongwong\n","uploadtime":1644932160,"views":8,"p1id":"mongwong","p2id":"hikarumaxwell004","formatid":"gen8nationaldex","rating":1500,"private":0,"password":null}