{"id":"gen8nationaldexag-1568625050","p1":"Sir Fresh","p2":"REN_IG_VGC","format":"gen8nationaldexag","log":"|j|\u2606Sir Fresh\n|j|\u2606REN_IG_VGC\n|t:|1651795775\n|gametype|singles\n|player|p1|Sir Fresh|palmer|\n|player|p2|REN_IG_VGC|169|\n|teamsize|p1|6\n|teamsize|p2|6\n|gen|8\n|tier|[Gen 8] National Dex AG\n|rule|HP Percentage Mod: HP is shown in percentages\n|rule|Endless Battle Clause: Forcing endless battles is banned\n|clearpoke\n|poke|p1|Kyogre|\n|poke|p1|Kartana|\n|poke|p1|Gliscor, M|\n|poke|p1|Gardevoir, F|\n|poke|p1|Porygon2|\n|poke|p1|Tapu Koko|\n|poke|p2|Groudon|\n|poke|p2|Greninja, M|\n|poke|p2|Rillaboom, F|\n|poke|p2|Kyurem|\n|poke|p2|Clefable, M|\n|poke|p2|Aerodactyl, M|\n|teampreview\n|c|\u2606Sir Fresh|Glhf\n|c|\u2606REN_IG_VGC|glhf\n|\n|t:|1651795793\n|start\n|switch|p1a: Tapu Koko|Tapu Koko|100\/100\n|switch|p2a: Greninja|Greninja, M|100\/100\n|-fieldstart|move: Electric Terrain|[from] ability: Electric Surge|[of] p1a: Tapu Koko\n|turn|1\n|\n|t:|1651795801\n|move|p2a: Greninja|Gunk Shot|p1a: Tapu Koko|[miss]\n|-start|p2a: Greninja|typechange|Poison|[from] ability: Protean\n|-miss|p2a: Greninja|p1a: Tapu Koko\n|move|p1a: Tapu Koko|U-turn|p2a: Greninja\n|-resisted|p2a: Greninja\n|-damage|p2a: Greninja|83\/100\n|c|\u2606REN_IG_VGC|damn\n|c|\u2606Sir Fresh|Rip\n|\n|t:|1651795820\n|switch|p1a: Gliscor|Gliscor, M|100\/100|[from]move: U-turn\n|\n|-status|p1a: Gliscor|tox|[from] item: Toxic Orb\n|upkeep\n|turn|2\n|\n|t:|1651795830\n|switch|p2a: Kyurem|Kyurem|100\/100\n|-ability|p2a: Kyurem|Pressure\n|move|p1a: Gliscor|U-turn|p2a: Kyurem\n|-damage|p2a: Kyurem|86\/100\n|\n|t:|1651795838\n|switch|p1a: Gardevoir|Gardevoir, F|100\/100|[from]move: U-turn\n|-ability|p1a: Gardevoir|Pressure|[from] ability: Trace|[of] p2a: Kyurem\n|-ability|p1a: Gardevoir|Pressure\n|\n|upkeep\n|turn|3\n|\n|t:|1651795848\n|switch|p2a: Groudon|Groudon|100\/100\n|detailschange|p2a: Groudon|Groudon-Primal\n|-primal|p2a: Groudon\n|-weather|DesolateLand|[from] ability: Desolate Land|[of] p2a: Groudon\n|detailschange|p1a: Gardevoir|Gardevoir-Mega, F\n|-mega|p1a: Gardevoir|Gardevoir|Gardevoirite\n|move|p1a: Gardevoir|Hyper Voice|p2a: Groudon\n|-resisted|p2a: Groudon\n|-crit|p2a: Groudon\n|-damage|p2a: Groudon|45\/100\n|\n|-weather|DesolateLand|[upkeep]\n|upkeep\n|turn|4\n|c|\u2606REN_IG_VGC|bruh\n|\n|t:|1651795856\n|move|p1a: Gardevoir|Psyshock|p2a: Groudon\n|-damage|p2a: Groudon|12\/100\n|move|p2a: Groudon|Precipice Blades|p1a: Gardevoir\n|-damage|p1a: Gardevoir|0 fnt\n|faint|p1a: Gardevoir\n|\n|-weather|DesolateLand|[upkeep]\n|upkeep\n|c|\u2606Sir Fresh|Sorry\n|c|\u2606REN_IG_VGC|alg\n|\n|t:|1651795877\n|switch|p1a: Kartana|Kartana|100\/100\n|turn|5\n|c|\u2606REN_IG_VGC|this is why we BO3\n|\n|t:|1651795889\n|move|p1a: Kartana|Leaf Blade|p2a: Groudon\n|-damage|p2a: Groudon|0 fnt\n|faint|p2a: Groudon\n|-weather|none\n|-ability|p1a: Kartana|Beast Boost|boost\n|-boost|p1a: Kartana|atk|1\n|\n|-fieldend|move: Electric Terrain\n|upkeep\n|\n|t:|1651795893\n|switch|p2a: Greninja|Greninja, M|83\/100\n|turn|6\n|\n|t:|1651795897\n|switch|p1a: Porygon2|Porygon2|100\/100\n|-ability|p1a: Porygon2|Protean|[from] ability: Trace|[of] p2a: Greninja\n|move|p2a: Greninja|Ice Beam|p1a: Porygon2\n|-start|p2a: Greninja|typechange|Ice|[from] ability: Protean\n|-damage|p1a: Porygon2|83\/100\n|\n|upkeep\n|turn|7\n|\n|t:|1651795911\n|switch|p2a: Rillaboom|Rillaboom, F|100\/100\n|-fieldstart|move: Grassy Terrain|[from] ability: Grassy Surge|[of] p2a: Rillaboom\n|move|p1a: Porygon2|Tri Attack|p2a: Rillaboom\n|-damage|p2a: Rillaboom|80\/100\n|-status|p2a: Rillaboom|brn\n|\n|-heal|p2a: Rillaboom|86\/100 brn|[from] Grassy Terrain\n|-heal|p1a: Porygon2|89\/100|[from] Grassy Terrain\n|-damage|p2a: Rillaboom|80\/100 brn|[from] brn\n|upkeep\n|turn|8\n|c|\u2606REN_IG_VGC|bruh\n|c|\u2606REN_IG_VGC|kill me now\n|c|\u2606Sir Fresh|I dont know why this is happening\n|\n|t:|1651795928\n|switch|p1a: Tapu Koko|Tapu Koko|100\/100\n|-fieldstart|move: Electric Terrain|[from] ability: Electric Surge|[of] p1a: Tapu Koko\n|move|p2a: Rillaboom|Knock Off|p1a: Tapu Koko\n|-resisted|p1a: Tapu Koko\n|-damage|p1a: Tapu Koko|93\/100\n|\n|-damage|p2a: Rillaboom|74\/100 brn|[from] brn\n|upkeep\n|turn|9\n|c|\u2606REN_IG_VGC|oh Zmoe\n|\n|t:|1651795939\n|move|p1a: Tapu Koko|U-turn|p2a: Rillaboom\n|-supereffective|p2a: Rillaboom\n|-damage|p2a: Rillaboom|31\/100 brn\n|\n|t:|1651795943\n|switch|p1a: Gliscor|Gliscor, M|100\/100 tox|[from]move: U-turn\n|move|p2a: Rillaboom|High Horsepower|p1a: Gliscor\n|-immune|p1a: Gliscor\n|\n|-damage|p2a: Rillaboom|25\/100 brn|[from] brn\n|upkeep\n|turn|10\n|\n|t:|1651795948\n|switch|p2a: Kyurem|Kyurem|86\/100\n|-ability|p2a: Kyurem|Pressure\n|move|p1a: Gliscor|U-turn|p2a: Kyurem\n|-crit|p2a: Kyurem\n|-damage|p2a: Kyurem|64\/100\n|\n|t:|1651795957\n|switch|p1a: Kartana|Kartana|100\/100|[from]move: U-turn\n|\n|upkeep\n|turn|11\n|\n|t:|1651795963\n|switch|p2a: Rillaboom|Rillaboom, F|25\/100 brn\n|-fieldstart|move: Grassy Terrain|[from] ability: Grassy Surge|[of] p2a: Rillaboom\n|move|p1a: Kartana|Smart Strike|p2a: Rillaboom\n|-damage|p2a: Rillaboom|0 fnt\n|faint|p2a: Rillaboom\n|-ability|p1a: Kartana|Beast Boost|boost\n|-boost|p1a: Kartana|atk|1\n|\n|upkeep\n|\n|t:|1651795966\n|switch|p2a: Greninja|Greninja, M|83\/100\n|turn|12\n|\n|t:|1651795971\n|switch|p1a: Porygon2|Porygon2|89\/100\n|-ability|p1a: Porygon2|Protean|[from] ability: Trace|[of] p2a: Greninja\n|move|p2a: Greninja|U-turn|p1a: Porygon2\n|-start|p2a: Greninja|typechange|Bug|[from] ability: Protean\n|-damage|p1a: Porygon2|75\/100\n|\n|t:|1651795987\n|switch|p2a: Kyurem|Kyurem|64\/100|[from]move: U-turn\n|-ability|p2a: Kyurem|Pressure\n|\n|-heal|p2a: Kyurem|70\/100|[from] Grassy Terrain\n|-heal|p1a: Porygon2|82\/100|[from] Grassy Terrain\n|upkeep\n|turn|13\n|\n|t:|1651795994\n|move|p2a: Kyurem|Substitute|p2a: Kyurem\n|-start|p2a: Kyurem|Substitute\n|-damage|p2a: Kyurem|45\/100\n|move|p1a: Porygon2|Tri Attack|p2a: Kyurem\n|-end|p2a: Kyurem|Substitute\n|\n|-heal|p2a: Kyurem|51\/100|[from] Grassy Terrain\n|-heal|p1a: Porygon2|88\/100|[from] Grassy Terrain\n|upkeep\n|turn|14\n|\n|t:|1651796003\n|switch|p1a: Tapu Koko|Tapu Koko|93\/100\n|-fieldstart|move: Electric Terrain|[from] ability: Electric Surge|[of] p1a: Tapu Koko\n|move|p2a: Kyurem|Toxic|p1a: Tapu Koko\n|-status|p1a: Tapu Koko|tox\n|\n|-damage|p1a: Tapu Koko|87\/100 tox|[from] psn\n|upkeep\n|turn|15\n|\n|t:|1651796014\n|switch|p2a: Clefable|Clefable, M|100\/100\n|move|p1a: Tapu Koko|Brave Bird|p2a: Clefable\n|-crit|p2a: Clefable\n|-damage|p2a: Clefable|48\/100\n|-damage|p1a: Tapu Koko|62\/100 tox|[from] Recoil\n|\n|-heal|p2a: Clefable|54\/100|[from] item: Leftovers\n|-damage|p1a: Tapu Koko|50\/100 tox|[from] psn\n|upkeep\n|turn|16\n|c|\u2606REN_IG_VGC|please\n|c|\u2606REN_IG_VGC|just end it\n|\n|t:|1651796024\n|move|p1a: Tapu Koko|U-turn|p2a: Clefable\n|-resisted|p2a: Clefable\n|-damage|p2a: Clefable|44\/100\n|\n|t:|1651796027\n|switch|p1a: Kyogre|Kyogre|100\/100|[from]move: U-turn\n|detailschange|p1a: Kyogre|Kyogre-Primal\n|-primal|p1a: Kyogre\n|-weather|PrimordialSea|[from] ability: Primordial Sea|[of] p1a: Kyogre\n|move|p2a: Clefable|Soft-Boiled|p2a: Clefable\n|-heal|p2a: Clefable|94\/100\n|\n|-weather|PrimordialSea|[upkeep]\n|-heal|p2a: Clefable|99\/100|[from] item: Leftovers\n|upkeep\n|turn|17\n|\n|t:|1651796035\n|move|p1a: Kyogre|Water Spout|p2a: Clefable\n|-damage|p2a: Clefable|0 fnt\n|faint|p2a: Clefable\n|\n|-weather|PrimordialSea|[upkeep]\n|upkeep\n|\n|t:|1651796040\n|switch|p2a: Kyurem|Kyurem|51\/100\n|-ability|p2a: Kyurem|Pressure\n|turn|18\n|\n|t:|1651796047\n|-weather|none\n|switch|p1a: Porygon2|Porygon2|88\/100\n|-ability|p1a: Porygon2|Pressure|[from] ability: Trace|[of] p2a: Kyurem\n|-ability|p1a: Porygon2|Pressure\n|move|p2a: Kyurem|Freeze-Dry|p1a: Porygon2\n|-crit|p1a: Porygon2\n|-damage|p1a: Porygon2|58\/100\n|\n|-fieldend|move: Electric Terrain\n|upkeep\n|turn|19\n|\n|t:|1651796055\n|switch|p1a: Tapu Koko|Tapu Koko|50\/100 tox\n|-fieldstart|move: Electric Terrain|[from] ability: Electric Surge|[of] p1a: Tapu Koko\n|move|p2a: Kyurem|Roost|p2a: Kyurem\n|-heal|p2a: Kyurem|100\/100\n|-singleturn|p2a: Kyurem|move: Roost\n|\n|-damage|p1a: Tapu Koko|44\/100 tox|[from] psn\n|upkeep\n|turn|20\n|\n|t:|1651796074\n|switch|p2a: Aerodactyl|Aerodactyl, M|100\/100\n|-zpower|p1a: Tapu Koko\n|move|p1a: Tapu Koko|Guardian of Alola|p2a: Aerodactyl|[zeffect]\n|-damage|p2a: Aerodactyl|26\/100\n|\n|-damage|p1a: Tapu Koko|32\/100 tox|[from] psn\n|upkeep\n|turn|21\n|\n|t:|1651796095\n|detailschange|p2a: Aerodactyl|Aerodactyl-Mega, M\n|-mega|p2a: Aerodactyl|Aerodactyl|Aerodactylite\n|move|p2a: Aerodactyl|Dual Wingbeat|p1a: Tapu Koko|[miss]\n|-miss|p2a: Aerodactyl|p1a: Tapu Koko\n|move|p1a: Tapu Koko|U-turn|p2a: Aerodactyl\n|-resisted|p2a: Aerodactyl\n|-crit|p2a: Aerodactyl\n|-damage|p2a: Aerodactyl|4\/100\n|c|\u2606REN_IG_VGC|why\n|\n|t:|1651796102\n|switch|p1a: Kartana|Kartana|100\/100|[from]move: U-turn\n|\n|upkeep\n|turn|22\n|c|\u2606REN_IG_VGC|does this game do me so\n|c|\u2606Sir Fresh|I am truely sorry\n|c|\u2606Sir Fresh|I have never ever been this lucky\n|\n|t:|1651796131\n|move|p1a: Kartana|Sacred Sword|p2a: Aerodactyl\n|-damage|p2a: Aerodactyl|0 fnt\n|faint|p2a: Aerodactyl\n|-ability|p1a: Kartana|Beast Boost|boost\n|-boost|p1a: Kartana|atk|1\n|\n|upkeep\n|\n|t:|1651796136\n|switch|p2a: Greninja|Greninja, M|83\/100\n|turn|23\n|\n|t:|1651796142\n|switch|p1a: Porygon2|Porygon2|58\/100\n|-ability|p1a: Porygon2|Protean|[from] ability: Trace|[of] p2a: Greninja\n|move|p2a: Greninja|Ice Beam|p1a: Porygon2\n|-start|p2a: Greninja|typechange|Ice|[from] ability: Protean\n|-damage|p1a: Porygon2|40\/100\n|\n|-fieldend|move: Electric Terrain\n|upkeep\n|turn|24\n|\n|t:|1651796146\n|switch|p2a: Kyurem|Kyurem|100\/100\n|-ability|p2a: Kyurem|Pressure\n|move|p1a: Porygon2|Thunder Wave|p2a: Kyurem|[miss]\n|-start|p1a: Porygon2|typechange|Electric|[from] ability: Protean\n|-miss|p1a: Porygon2|p2a: Kyurem\n|\n|upkeep\n|turn|25\n|\n|t:|1651796156\n|move|p2a: Kyurem|Toxic|p1a: Porygon2\n|-status|p1a: Porygon2|tox\n|move|p1a: Porygon2|Tri Attack|p2a: Kyurem\n|-start|p1a: Porygon2|typechange|Normal|[from] ability: Protean\n|-damage|p2a: Kyurem|73\/100\n|\n|-damage|p1a: Porygon2|34\/100 tox|[from] psn\n|upkeep\n|turn|26\n|\n|t:|1651796162\n|move|p2a: Kyurem|Substitute|p2a: Kyurem\n|-start|p2a: Kyurem|Substitute\n|-damage|p2a: Kyurem|48\/100\n|move|p1a: Porygon2|Tri Attack|p2a: Kyurem\n|-end|p2a: Kyurem|Substitute\n|\n|-damage|p1a: Porygon2|22\/100 tox|[from] psn\n|upkeep\n|turn|27\n|\n|t:|1651796169\n|move|p2a: Kyurem|Roost|p2a: Kyurem\n|-heal|p2a: Kyurem|98\/100\n|-singleturn|p2a: Kyurem|move: Roost\n|move|p1a: Porygon2|Thunder Wave|p2a: Kyurem\n|-start|p1a: Porygon2|typechange|Electric|[from] ability: Protean\n|-status|p2a: Kyurem|par\n|\n|-damage|p1a: Porygon2|3\/100 tox|[from] psn\n|upkeep\n|turn|28\n|\n|t:|1651796180\n|move|p2a: Kyurem|Substitute|p2a: Kyurem\n|-start|p2a: Kyurem|Substitute\n|-damage|p2a: Kyurem|73\/100 par\n|move|p1a: Porygon2|Tri Attack|p2a: Kyurem\n|-start|p1a: Porygon2|typechange|Normal|[from] ability: Protean\n|-end|p2a: Kyurem|Substitute\n|\n|-damage|p1a: Porygon2|0 fnt|[from] psn\n|faint|p1a: Porygon2\n|upkeep\n|\n|t:|1651796195\n|switch|p1a: Kartana|Kartana|100\/100\n|turn|29\n|\n|t:|1651796204\n|move|p1a: Kartana|Smart Strike|p2a: Kyurem\n|-supereffective|p2a: Kyurem\n|-damage|p2a: Kyurem|0 fnt\n|faint|p2a: Kyurem\n|-ability|p1a: Kartana|Beast Boost|boost\n|-boost|p1a: Kartana|atk|1\n|\n|upkeep\n|\n|t:|1651796207\n|switch|p2a: Greninja|Greninja, M|83\/100\n|turn|30\n|c|\u2606REN_IG_VGC|gg\n|\n|t:|1651796212\n|move|p2a: Greninja|Grass Knot|p1a: Kartana\n|-start|p2a: Greninja|typechange|Grass|[from] ability: Protean\n|-resisted|p1a: Kartana\n|-damage|p1a: Kartana|94\/100\n|move|p1a: Kartana|Smart Strike|p2a: Greninja\n|-damage|p2a: Greninja|0 fnt\n|faint|p2a: Greninja\n|\n|win|Sir Fresh\n|l|\u2606REN_IG_VGC\n|c|\u2606Sir Fresh|Gg\n","uploadtime":1651796230,"views":12,"p1id":"sirfresh","p2id":"renigvgc","formatid":"gen8nationaldexag","rating":0,"private":0,"password":null}