{"id":"gen8ru-1387971465","p1":"xasahbae","p2":"LemonSqueezy45","format":"gen8ru","log":"|html|<div class=\"broadcast-blue\"><strong>[Gen 8] RU is currently suspecting Mienshao! For information on how to participate check out the <a href=\"https:\/\/www.smogon.com\/forums\/threads\/np-ru-stage-8-nocturne-mienshao-suspect-test.3688330\/\">suspect thread<\/a>.<\/strong><\/div>\n|j|\u2606xasahbae\n|j|\u2606LemonSqueezy45\n|inactive|Battle timer is ON: inactive players will automatically lose when time's up.\n|t:|1627801373\n|gametype|singles\n|player|p1|xasahbae|lass-gen4dp|\n|player|p2|LemonSqueezy45|xerosic|\n|teamsize|p1|6\n|teamsize|p2|6\n|gen|8\n|tier|[Gen 8] RU\n|rated|Tournament battle\n|rule|Sleep Clause Mod: Limit one foe put to sleep\n|rule|Species Clause: Limit one of each Pok\u00e9mon\n|rule|OHKO Clause: OHKO moves are banned\n|rule|Evasion Moves Clause: Evasion moves are banned\n|rule|Endless Battle Clause: Forcing endless battles is banned\n|rule|HP Percentage Mod: HP is shown in percentages\n|rule|Dynamax Clause: You cannot dynamax\n|clearpoke\n|poke|p1|Mienshao, F|\n|poke|p1|Xurkitree|\n|poke|p1|Weezing-Galar, M|\n|poke|p1|Reuniclus, M|\n|poke|p1|Golisopod, M|\n|poke|p1|Chandelure, M|\n|poke|p2|Sylveon, M|\n|poke|p2|Roserade, F|\n|poke|p2|Incineroar, M|\n|poke|p2|Flygon, M|\n|poke|p2|Stakataka|\n|poke|p2|Xurkitree|\n|teampreview\n|j|*Lady Monita\n|c|\u2606LemonSqueezy45|glhf\n|c|\u2606xasahbae|u2\n|\n|t:|1627801383\n|start\n|switch|p1a: Mienshao|Mienshao, F|100\/100\n|switch|p2a: Taka Taka|Stakataka, shiny|100\/100\n|turn|1\n|j| uwotmte\n|\n|t:|1627801397\n|switch|p2a: Sylveon|Sylveon, M|100\/100\n|move|p1a: Mienshao|Knock Off|p2a: Sylveon\n|-resisted|p2a: Sylveon\n|-damage|p2a: Sylveon|82\/100\n|-enditem|p2a: Sylveon|Leftovers|[from] move: Knock Off|[of] p1a: Mienshao\n|-damage|p1a: Mienshao|91\/100|[from] item: Life Orb\n|\n|upkeep\n|turn|2\n|\n|t:|1627801407\n|switch|p1a: Reuniclus|Reuniclus, M, shiny|100\/100\n|switch|p2a: XURK|Xurkitree|100\/100\n|\n|upkeep\n|turn|3\n|j| Jr64870\n|\n|t:|1627801412\n|move|p2a: XURK|Thunderbolt|p1a: Reuniclus\n|-damage|p1a: Reuniclus|74\/100\n|move|p1a: Reuniclus|Future Sight|p2a: XURK\n|-start|p1a: Reuniclus|move: Future Sight\n|\n|upkeep\n|turn|4\n|\n|t:|1627801419\n|switch|p2a: TIGER|Incineroar, M|100\/100\n|-ability|p2a: TIGER|Intimidate|boost\n|-unboost|p1a: Reuniclus|atk|1\n|move|p1a: Reuniclus|Focus Blast|p2a: TIGER\n|-supereffective|p2a: TIGER\n|-damage|p2a: TIGER|47\/100\n|\n|upkeep\n|turn|5\n|l| Jr64870\n|\n|t:|1627801426\n|switch|p1a: Weezing|Weezing-Galar, M|100\/100\n|move|p2a: TIGER|Knock Off|p1a: Weezing\n|-resisted|p1a: Weezing\n|-damage|p1a: Weezing|87\/100\n|-enditem|p1a: Weezing|Black Sludge|[from] move: Knock Off|[of] p2a: TIGER\n|\n|-end|p2a: TIGER|move: Future Sight\n|-immune|p2a: TIGER\n|upkeep\n|turn|6\n|\n|t:|1627801445\n|move|p1a: Weezing|Will-O-Wisp|p2a: TIGER\n|-immune|p2a: TIGER\n|move|p2a: TIGER|Parting Shot|p1a: Weezing\n|-unboost|p1a: Weezing|atk|1\n|-unboost|p1a: Weezing|spa|1\n|\n|t:|1627801449\n|switch|p2a: XURK|Xurkitree|100\/100|[from]move: Parting Shot\n|\n|upkeep\n|turn|7\n|\n|t:|1627801451\n|switch|p1a: Reuniclus|Reuniclus, M, shiny|100\/100\n|move|p2a: XURK|Volt Switch|p1a: Reuniclus\n|-damage|p1a: Reuniclus|78\/100\n|\n|t:|1627801464\n|switch|p2a: TIGER|Incineroar, M|47\/100|[from]move: Volt Switch\n|-ability|p2a: TIGER|Intimidate|boost\n|-unboost|p1a: Reuniclus|atk|1\n|\n|upkeep\n|turn|8\n|\n|t:|1627801468\n|switch|p1a: Weezing|Weezing-Galar, M|87\/100\n|move|p2a: TIGER|Parting Shot|p1a: Weezing\n|-unboost|p1a: Weezing|atk|1\n|-unboost|p1a: Weezing|spa|1\n|\n|t:|1627801472\n|switch|p2a: XURK|Xurkitree|100\/100|[from]move: Parting Shot\n|\n|upkeep\n|turn|9\n|\n|t:|1627801474\n|switch|p1a: Reuniclus|Reuniclus, M, shiny|100\/100\n|move|p2a: XURK|Volt Switch|p1a: Reuniclus\n|-damage|p1a: Reuniclus|80\/100\n|\n|t:|1627801480\n|switch|p2a: TIGER|Incineroar, M|47\/100|[from]move: Volt Switch\n|-ability|p2a: TIGER|Intimidate|boost\n|-unboost|p1a: Reuniclus|atk|1\n|\n|upkeep\n|turn|10\n|\n|t:|1627801483\n|switch|p1a: Weezing|Weezing-Galar, M|87\/100\n|move|p2a: TIGER|Knock Off|p1a: Weezing\n|-resisted|p1a: Weezing\n|-damage|p1a: Weezing|79\/100\n|\n|upkeep\n|turn|11\n|\n|t:|1627801493\n|move|p1a: Weezing|Sludge Bomb|p2a: TIGER\n|-damage|p2a: TIGER|29\/100\n|-status|p2a: TIGER|psn\n|move|p2a: TIGER|Parting Shot|p1a: Weezing\n|-unboost|p1a: Weezing|atk|1\n|-unboost|p1a: Weezing|spa|1\n|\n|t:|1627801496\n|switch|p2a: Taka Taka|Stakataka, shiny|100\/100|[from]move: Parting Shot\n|\n|upkeep\n|turn|12\n|\n|t:|1627801499\n|move|p1a: Weezing|Will-O-Wisp|p2a: Taka Taka\n|-status|p2a: Taka Taka|brn\n|move|p2a: Taka Taka|Stealth Rock|p1a: Weezing\n|-sidestart|p1: xasahbae|move: Stealth Rock\n|\n|-damage|p2a: Taka Taka|94\/100 brn|[from] brn\n|upkeep\n|turn|13\n|\n|t:|1627801501\n|move|p1a: Weezing|Defog|p2a: Taka Taka\n|-unboost|p2a: Taka Taka|evasion|1\n|-sideend|p1: xasahbae|Stealth Rock|[from] move: Defog|[of] p1a: Weezing\n|move|p2a: Taka Taka|Gyro Ball|p1a: Weezing\n|-supereffective|p1a: Weezing\n|-damage|p1a: Weezing|35\/100\n|\n|-heal|p2a: Taka Taka|100\/100 brn|[from] item: Leftovers\n|-damage|p2a: Taka Taka|94\/100 brn|[from] brn\n|upkeep\n|turn|14\n|\n|t:|1627801523\n|switch|p1a: Xurkitree|Xurkitree|100\/100\n|move|p2a: Taka Taka|Stealth Rock|p1a: Xurkitree\n|-sidestart|p1: xasahbae|move: Stealth Rock\n|\n|-heal|p2a: Taka Taka|100\/100 brn|[from] item: Leftovers\n|-damage|p2a: Taka Taka|94\/100 brn|[from] brn\n|upkeep\n|turn|15\n|j| Luiw\n|\n|t:|1627801528\n|switch|p2a: Rose|Roserade, F, shiny|100\/100\n|move|p1a: Xurkitree|Volt Switch|p2a: Rose\n|-resisted|p2a: Rose\n|-damage|p2a: Rose|72\/100\n|l| Luiw\n|\n|t:|1627801541\n|switch|p1a: Reuniclus|Reuniclus, M, shiny|100\/100|[from]move: Volt Switch\n|-damage|p1a: Reuniclus|88\/100|[from] Stealth Rock\n|\n|upkeep\n|turn|16\n|\n|t:|1627801544\n|move|p2a: Rose|Sludge Bomb|p1a: Reuniclus\n|-damage|p1a: Reuniclus|65\/100\n|move|p1a: Reuniclus|Future Sight|p2a: Rose\n|-start|p1a: Reuniclus|move: Future Sight\n|\n|upkeep\n|turn|17\n|\n|t:|1627801551\n|move|p2a: Rose|Sludge Bomb|p1a: Reuniclus\n|-damage|p1a: Reuniclus|43\/100\n|move|p1a: Reuniclus|Knock Off|p2a: Rose\n|-damage|p2a: Rose|47\/100\n|-enditem|p2a: Rose|Heavy-Duty Boots|[from] move: Knock Off|[of] p1a: Reuniclus\n|\n|upkeep\n|turn|18\n|\n|t:|1627801575\n|switch|p2a: TIGER|Incineroar, M|29\/100 psn\n|-ability|p2a: TIGER|Intimidate|boost\n|-unboost|p1a: Reuniclus|atk|1\n|switch|p1a: Weezing|Weezing-Galar, M|35\/100\n|-damage|p1a: Weezing|22\/100|[from] Stealth Rock\n|\n|-end|p2a: TIGER|move: Future Sight\n|-immune|p2a: TIGER\n|-damage|p2a: TIGER|16\/100 psn|[from] psn\n|upkeep\n|turn|19\n|\n|t:|1627801582\n|move|p1a: Weezing|Sludge Bomb|p2a: TIGER\n|-damage|p2a: TIGER|0 fnt\n|faint|p2a: TIGER\n|\n|upkeep\n|\n|t:|1627801585\n|switch|p2a: XURK|Xurkitree|100\/100\n|turn|20\n|\n|t:|1627801590\n|switch|p1a: Reuniclus|Reuniclus, M, shiny|76\/100\n|-damage|p1a: Reuniclus|64\/100|[from] Stealth Rock\n|move|p2a: XURK|Volt Switch|p1a: Reuniclus\n|-damage|p1a: Reuniclus|43\/100\n|\n|t:|1627801595\n|switch|p2a: Fly Please|Flygon, M|100\/100|[from]move: Volt Switch\n|\n|upkeep\n|turn|21\n|\n|t:|1627801599\n|switch|p1a: Weezing|Weezing-Galar, M|22\/100\n|-damage|p1a: Weezing|10\/100|[from] Stealth Rock\n|move|p2a: Fly Please|Earthquake|p1a: Weezing\n|-immune|p1a: Weezing|[from] ability: Levitate\n|\n|upkeep\n|turn|22\n|\n|t:|1627801606\n|move|p2a: Fly Please|U-turn|p1a: Weezing\n|-resisted|p1a: Weezing\n|-damage|p1a: Weezing|8\/100\n|\n|t:|1627801608\n|switch|p2a: Taka Taka|Stakataka, shiny|94\/100 brn|[from]move: U-turn\n|move|p1a: Weezing|Defog|p2a: Taka Taka\n|-unboost|p2a: Taka Taka|evasion|1\n|-sideend|p1: xasahbae|Stealth Rock|[from] move: Defog|[of] p1a: Weezing\n|\n|-heal|p2a: Taka Taka|100\/100 brn|[from] item: Leftovers\n|-damage|p2a: Taka Taka|94\/100 brn|[from] brn\n|upkeep\n|turn|23\n|\n|t:|1627801612\n|move|p1a: Weezing|Strange Steam|p2a: Taka Taka\n|-resisted|p2a: Taka Taka\n|-damage|p2a: Taka Taka|85\/100 brn\n|move|p2a: Taka Taka|Stealth Rock|p1a: Weezing\n|-sidestart|p1: xasahbae|move: Stealth Rock\n|\n|-heal|p2a: Taka Taka|91\/100 brn|[from] item: Leftovers\n|-damage|p2a: Taka Taka|85\/100 brn|[from] brn\n|upkeep\n|turn|24\n|\n|t:|1627801618\n|move|p1a: Weezing|Defog|p2a: Taka Taka\n|-unboost|p2a: Taka Taka|evasion|1\n|-sideend|p1: xasahbae|Stealth Rock|[from] move: Defog|[of] p1a: Weezing\n|move|p2a: Taka Taka|Gyro Ball|p1a: Weezing\n|-supereffective|p1a: Weezing\n|-crit|p1a: Weezing\n|-damage|p1a: Weezing|0 fnt\n|faint|p1a: Weezing\n|-ability|p2a: Taka Taka|Beast Boost|boost\n|-boost|p2a: Taka Taka|def|1\n|\n|-heal|p2a: Taka Taka|91\/100 brn|[from] item: Leftovers\n|-damage|p2a: Taka Taka|85\/100 brn|[from] brn\n|upkeep\n|inactive|xasahbae has 120 seconds left.\n|\n|t:|1627801666\n|switch|p1a: Chandelure|Chandelure, M|100\/100\n|turn|25\n|j| Luiw\n|j| kyunya\n|\n|t:|1627801681\n|switch|p2a: Fly Please|Flygon, M|100\/100\n|move|p1a: Chandelure|Fire Blast|p2a: Fly Please\n|-resisted|p2a: Fly Please\n|-damage|p2a: Fly Please|44\/100\n|\n|upkeep\n|turn|26\n|inactive|xasahbae has 120 seconds left.\n|\n|t:|1627801695\n|switch|p1a: Golisopod|Golisopod, M|100\/100\n|move|p2a: Fly Please|Roost|p2a: Fly Please\n|-heal|p2a: Fly Please|94\/100\n|-singleturn|p2a: Fly Please|move: Roost\n|\n|upkeep\n|turn|27\n|\n|t:|1627801704\n|switch|p2a: Rose|Roserade, F, shiny|47\/100\n|move|p1a: Golisopod|Liquidation|p2a: Rose\n|-resisted|p2a: Rose\n|-damage|p2a: Rose|0 fnt\n|faint|p2a: Rose\n|\n|upkeep\n|j| A damm loser\n|\n|t:|1627801707\n|switch|p2a: XURK|Xurkitree|100\/100\n|turn|28\n|\n|t:|1627801713\n|switch|p1a: Reuniclus|Reuniclus, M, shiny|76\/100\n|move|p2a: XURK|Volt Switch|p1a: Reuniclus\n|-damage|p1a: Reuniclus|53\/100\n|\n|t:|1627801717\n|switch|p2a: Fly Please|Flygon, M|94\/100|[from]move: Volt Switch\n|\n|upkeep\n|turn|29\n|\n|t:|1627801721\n|switch|p1a: Golisopod|Golisopod, M|100\/100\n|move|p2a: Fly Please|Earthquake|p1a: Golisopod\n|-resisted|p1a: Golisopod\n|-damage|p1a: Golisopod|87\/100\n|\n|upkeep\n|turn|30\n|\n|t:|1627801726\n|move|p2a: Fly Please|U-turn|p1a: Golisopod\n|-damage|p1a: Golisopod|75\/100\n|j| Power uynsnP\n|\n|t:|1627801729\n|switch|p2a: Sylveon|Sylveon, M|82\/100|[from]move: U-turn\n|move|p1a: Golisopod|Liquidation|p2a: Sylveon\n|-damage|p2a: Sylveon|47\/100\n|\n|upkeep\n|turn|31\n|\n|t:|1627801737\n|move|p2a: Sylveon|Wish|p2a: Sylveon\n|move|p1a: Golisopod|Liquidation|p2a: Sylveon\n|-damage|p2a: Sylveon|11\/100\n|-unboost|p2a: Sylveon|def|1\n|\n|upkeep\n|turn|32\n|\n|t:|1627801745\n|switch|p1a: Reuniclus|Reuniclus, M, shiny|86\/100\n|move|p2a: Sylveon|Protect||[still]\n|-fail|p2a: Sylveon\n|\n|-heal|p2a: Sylveon|61\/100|[from] move: Wish|[wisher] Sylveon\n|upkeep\n|turn|33\n|\n|t:|1627801750\n|switch|p2a: Taka Taka|Stakataka, shiny|85\/100 brn\n|move|p1a: Reuniclus|Future Sight|p2a: Taka Taka\n|-start|p1a: Reuniclus|move: Future Sight\n|\n|-heal|p2a: Taka Taka|91\/100 brn|[from] item: Leftovers\n|-damage|p2a: Taka Taka|85\/100 brn|[from] brn\n|upkeep\n|turn|34\n|\n|t:|1627801752\n|move|p1a: Reuniclus|Focus Blast|p2a: Taka Taka\n|-supereffective|p2a: Taka Taka\n|-damage|p2a: Taka Taka|0 fnt\n|faint|p2a: Taka Taka\n|\n|upkeep\n|\n|t:|1627801756\n|switch|p2a: Fly Please|Flygon, M|94\/100\n|turn|35\n|\n|t:|1627801762\n|move|p2a: Fly Please|U-turn|p1a: Reuniclus\n|-supereffective|p1a: Reuniclus\n|-damage|p1a: Reuniclus|52\/100\n|\n|t:|1627801765\n|switch|p2a: Sylveon|Sylveon, M|61\/100|[from]move: U-turn\n|move|p1a: Reuniclus|Knock Off|p2a: Sylveon\n|-resisted|p2a: Sylveon\n|-damage|p2a: Sylveon|58\/100\n|\n|-end|p2a: Sylveon|move: Future Sight\n|-damage|p2a: Sylveon|19\/100\n|upkeep\n|turn|36\n|\n|t:|1627801768\n|move|p2a: Sylveon|Wish|p2a: Sylveon\n|move|p1a: Reuniclus|Psyshock|p2a: Sylveon\n|-damage|p2a: Sylveon|0 fnt\n|faint|p2a: Sylveon\n|\n|upkeep\n|\n|t:|1627801772\n|switch|p2a: Fly Please|Flygon, M|94\/100\n|turn|37\n|j| Can'tFight\n|c| Can'tFight|nice aim team\n|c| Can'tFight|really does do some work\n|inactive|xasahbae has 120 seconds left.\n|\n|t:|1627801806\n|switch|p1a: Xurkitree|Xurkitree|100\/100\n|move|p2a: Fly Please|U-turn|p1a: Xurkitree\n|-damage|p1a: Xurkitree|79\/100\n|l| Power uynsnP\n|\n|t:|1627801817\n|switch|p2a: XURK|Xurkitree|100\/100|[from]move: U-turn\n|\n|upkeep\n|turn|38\n|\n|t:|1627801822\n|move|p2a: XURK|Volt Switch|p1a: Xurkitree\n|-resisted|p1a: Xurkitree\n|-damage|p1a: Xurkitree|43\/100\n|\n|t:|1627801825\n|switch|p2a: Fly Please|Flygon, M|94\/100|[from]move: Volt Switch\n|move|p1a: Xurkitree|Toxic|p2a: Fly Please|[miss]\n|-miss|p1a: Xurkitree|p2a: Fly Please\n|\n|upkeep\n|turn|39\n|\n|t:|1627801832\n|move|p2a: Fly Please|Earthquake|p1a: Xurkitree\n|-supereffective|p1a: Xurkitree\n|-damage|p1a: Xurkitree|0 fnt\n|faint|p1a: Xurkitree\n|\n|upkeep\n|\n|t:|1627801834\n|switch|p1a: Golisopod|Golisopod, M|75\/100\n|turn|40\n|\n|t:|1627801837\n|move|p2a: Fly Please|Earthquake|p1a: Golisopod\n|-resisted|p1a: Golisopod\n|-damage|p1a: Golisopod|61\/100\n|move|p1a: Golisopod|Liquidation|p2a: Fly Please\n|-damage|p2a: Fly Please|48\/100\n|-damage|p1a: Golisopod|45\/100|[from] item: Rocky Helmet|[of] p2a: Fly Please\n|-activate|p1a: Golisopod|ability: Emergency Exit\n|\n|t:|1627801847\n|switch|p1a: Mienshao|Mienshao, F|100\/100\n|\n|upkeep\n|turn|41\n|\n|t:|1627801851\n|move|p1a: Mienshao|Swords Dance|p1a: Mienshao\n|-boost|p1a: Mienshao|atk|2\n|move|p2a: Fly Please|Roost|p2a: Fly Please\n|-heal|p2a: Fly Please|98\/100\n|-singleturn|p2a: Fly Please|move: Roost\n|\n|upkeep\n|turn|42\n|l| A damm loser\n|\n|t:|1627801857\n|move|p1a: Mienshao|Knock Off|p2a: Fly Please\n|-damage|p2a: Fly Please|8\/100\n|-damage|p1a: Mienshao|84\/100|[from] item: Rocky Helmet|[of] p2a: Fly Please\n|-enditem|p2a: Fly Please|Rocky Helmet|[from] move: Knock Off|[of] p1a: Mienshao\n|-damage|p1a: Mienshao|74\/100|[from] item: Life Orb\n|move|p2a: Fly Please|Earthquake|p1a: Mienshao\n|-damage|p1a: Mienshao|5\/100\n|\n|upkeep\n|turn|43\n|\n|t:|1627801862\n|move|p1a: Mienshao|Knock Off|p2a: Fly Please\n|-damage|p2a: Fly Please|0 fnt\n|faint|p2a: Fly Please\n|-damage|p1a: Mienshao|0 fnt|[from] item: Life Orb\n|faint|p1a: Mienshao\n|\n|upkeep\n|\n|t:|1627801870\n|switch|p1a: Golisopod|Golisopod, M|45\/100\n|switch|p2a: XURK|Xurkitree|100\/100\n|turn|44\n|\n|t:|1627801873\n|move|p1a: Golisopod|First Impression|p2a: XURK\n|-damage|p2a: XURK|21\/100\n|move|p2a: XURK|Thunderbolt|p1a: Golisopod\n|-supereffective|p1a: Golisopod\n|-damage|p1a: Golisopod|0 fnt\n|faint|p1a: Golisopod\n|-ability|p2a: XURK|Beast Boost|boost\n|-boost|p2a: XURK|spa|1\n|\n|upkeep\n|\n|t:|1627801876\n|switch|p1a: Reuniclus|Reuniclus, M, shiny|85\/100\n|turn|45\n|c|\u2606xasahbae|gg\n|\n|t:|1627801880\n|move|p2a: XURK|Thunderbolt|p1a: Reuniclus\n|-damage|p1a: Reuniclus|45\/100\n|-status|p1a: Reuniclus|par\n|cant|p1a: Reuniclus|par\n|\n|upkeep\n|turn|46\n|c|\u2606LemonSqueezy45|gg\n|\n|t:|1627801885\n|move|p2a: XURK|Thunderbolt|p1a: Reuniclus\n|-crit|p1a: Reuniclus\n|-damage|p1a: Reuniclus|0 fnt\n|faint|p1a: Reuniclus\n|-ability|p2a: XURK|Beast Boost|boost\n|-boost|p2a: XURK|spa|1\n|\n|upkeep\n|c|\u2606xasahbae|ahah\n|c|\u2606LemonSqueezy45|o baby\n|\n|t:|1627801893\n|switch|p1a: Chandelure|Chandelure, M|100\/100\n|turn|47\n|\n|t:|1627801897\n|move|p2a: XURK|Thunderbolt|p1a: Chandelure\n|-damage|p1a: Chandelure|0 fnt\n|faint|p1a: Chandelure\n|\n|win|LemonSqueezy45\n|n|\u2606xasahbae|xasahbae\n|n|\u2606LemonSqueezy45|lemonsqueezy45\n|n|*Lady Monita|ladymonita\n|n| uwotmte|uwotmte\n|n| Luiw|luiw\n|n| kyunya|kyunya\n|n| Can'tFight|cantfight\n|l|*Lady Monita\n|l| kyunya\n|c|\u2606LemonSqueezy45|lol soz\n|j| A damm loser\n|l| Luiw\n|c|\u2606xasahbae|yeah ok\n|l|\u2606xasahbae\n","uploadtime":1627801910,"views":50,"p1id":"xasahbae","p2id":"lemonsqueezy45","formatid":"gen8ru","rating":0,"private":0,"password":null}