{"id":"gen8ou-1699619700","p1":"Vince1314","p2":"Raimei Hakkei 2","format":"gen8ou","log":"|j|\u2606Vince1314\n|j|\u2606Raimei Hakkei 2\n|t:|1667251245\n|gametype|singles\n|player|p1|Vince1314|102|1694\n|player|p2|Raimei Hakkei 2|2|1731\n|teamsize|p1|6\n|teamsize|p2|6\n|gen|8\n|tier|[Gen 8] OU\n|rated|\n|rule|Sleep Clause Mod: Limit one foe put to sleep\n|rule|Species Clause: Limit one of each Pok\u00e9mon\n|rule|OHKO Clause: OHKO moves are banned\n|rule|Evasion Items Clause: Evasion items are banned\n|rule|Evasion Moves Clause: Evasion moves are banned\n|rule|Endless Battle Clause: Forcing endless battles is banned\n|rule|HP Percentage Mod: HP is shown in percentages\n|rule|Dynamax Clause: You cannot dynamax\n|clearpoke\n|poke|p1|Ferrothorn, F|\n|poke|p1|Scizor, F|\n|poke|p1|Landorus-Therian, M|\n|poke|p1|Garchomp, F|\n|poke|p1|Tapu Fini|\n|poke|p1|Urshifu-*, F|\n|poke|p2|Landorus-Therian, M|\n|poke|p2|Magnezone|\n|poke|p2|Dragapult, M|\n|poke|p2|Garchomp, M|\n|poke|p2|Tapu Lele|\n|poke|p2|Kartana|\n|teampreview\n|inactive|Battle timer is ON: inactive players will automatically lose when time's up. (requested by Raimei Hakkei 2)\n|j| TieclothesbyBibin\n|j| tigers jaw\n|inactive|Raimei Hakkei 2 has 120 seconds left.\n|j| Jongruenwald\n|inactive|Raimei Hakkei 2 has 90 seconds left.\n|\n|t:|1667251322\n|start\n|switch|p1a: Urshifu|Urshifu-Rapid-Strike, F|100\/100\n|switch|p2a: Kartana|Kartana|100\/100\n|turn|1\n|j| OmegaTroll\n|\n|t:|1667251327\n|switch|p1a: Scizor|Scizor, F|100\/100\n|move|p2a: Kartana|Leaf Blade|p1a: Scizor\n|-resisted|p1a: Scizor\n|-damage|p1a: Scizor|87\/100\n|-damage|p2a: Kartana|91\/100|[from] item: Life Orb\n|\n|-heal|p1a: Scizor|93\/100|[from] item: Leftovers\n|upkeep\n|turn|2\n|\n|t:|1667251335\n|move|p2a: Kartana|Knock Off|p1a: Scizor\n|-damage|p1a: Scizor|50\/100\n|-enditem|p1a: Scizor|Leftovers|[from] move: Knock Off|[of] p2a: Kartana\n|-damage|p2a: Kartana|81\/100|[from] item: Life Orb\n|move|p1a: Scizor|U-turn|p2a: Kartana\n|-damage|p2a: Kartana|48\/100\n|\n|t:|1667251342\n|switch|p1a: Tapu Fini|Tapu Fini|100\/100|[from]move: U-turn\n|-fieldstart|move: Misty Terrain|[from] ability: Misty Surge|[of] p1a: Tapu Fini\n|\n|upkeep\n|turn|3\n|\n|t:|1667251346\n|switch|p2a: Magnezone|Magnezone|100\/100\n|move|p1a: Tapu Fini|Moonblast|p2a: Magnezone\n|-resisted|p2a: Magnezone\n|-damage|p2a: Magnezone|73\/100\n|\n|upkeep\n|turn|4\n|\n|t:|1667251353\n|switch|p1a: Landorus|Landorus-Therian, M|100\/100\n|-ability|p1a: Landorus|Intimidate|boost\n|-unboost|p2a: Magnezone|atk|1\n|switch|p2a: Dragapult|Dragapult, M|100\/100\n|\n|upkeep\n|turn|5\n|\n|t:|1667251360\n|move|p2a: Dragapult|U-turn|p1a: Landorus\n|-resisted|p1a: Landorus\n|-damage|p1a: Landorus|92\/100\n|\n|t:|1667251363\n|switch|p2a: Landorus|Landorus-Therian, M|100\/100|[from]move: U-turn\n|-ability|p2a: Landorus|Intimidate|boost\n|-unboost|p1a: Landorus|atk|1\n|move|p1a: Landorus|Knock Off|p2a: Landorus\n|-damage|p2a: Landorus|77\/100\n|-enditem|p2a: Landorus|Power Herb|[from] move: Knock Off|[of] p1a: Landorus\n|\n|-heal|p1a: Landorus|98\/100|[from] item: Leftovers\n|upkeep\n|turn|6\n|\n|t:|1667251374\n|move|p2a: Landorus|Rock Polish|p2a: Landorus\n|-boost|p2a: Landorus|spe|2\n|move|p1a: Landorus|Stealth Rock|p2a: Landorus\n|-sidestart|p2: Raimei Hakkei 2|move: Stealth Rock\n|\n|-heal|p1a: Landorus|100\/100|[from] item: Leftovers\n|-fieldend|Misty Terrain\n|upkeep\n|turn|7\n|\n|t:|1667251381\n|move|p2a: Landorus|Substitute|p2a: Landorus\n|-start|p2a: Landorus|Substitute\n|-damage|p2a: Landorus|52\/100\n|move|p1a: Landorus|U-turn|p2a: Landorus\n|-resisted|p2a: Landorus\n|-activate|p2a: Landorus|move: Substitute|[damage]\n|\n|t:|1667251389\n|switch|p1a: Urshifu|Urshifu-Rapid-Strike, F|100\/100|[from]move: U-turn\n|\n|upkeep\n|turn|8\n|\n|t:|1667251393\n|move|p2a: Landorus|Fly||[still]\n|-prepare|p2a: Landorus|Fly\n|move|p1a: Urshifu|Surging Strikes|p2a: Landorus|[miss]\n|-miss|p1a: Urshifu|p2a: Landorus\n|\n|upkeep\n|turn|9\n|\n|t:|1667251399\n|switch|p1a: Ferrothorn|Ferrothorn, F|100\/100\n|move|p2a: Landorus|Fly|p1a: Ferrothorn|[from]lockedmove\n|-damage|p1a: Ferrothorn|63\/100\n|-damage|p2a: Landorus|40\/100|[from] ability: Iron Barbs|[of] p1a: Ferrothorn\n|\n|-heal|p1a: Ferrothorn|69\/100|[from] item: Leftovers\n|upkeep\n|turn|10\n|\n|t:|1667251408\n|switch|p1a: Landorus|Landorus-Therian, M|100\/100\n|-ability|p1a: Landorus|Intimidate|boost\n|-immune|p2a: Landorus\n|move|p2a: Landorus|Earthquake|p1a: Landorus\n|-immune|p1a: Landorus\n|\n|upkeep\n|turn|11\n|\n|t:|1667251415\n|move|p2a: Landorus|Fly||[still]\n|-prepare|p2a: Landorus|Fly\n|move|p1a: Landorus|Knock Off|p2a: Landorus|[miss]\n|-miss|p1a: Landorus|p2a: Landorus\n|\n|upkeep\n|turn|12\n|\n|t:|1667251420\n|switch|p1a: Ferrothorn|Ferrothorn, F|69\/100\n|move|p2a: Landorus|Fly|p1a: Ferrothorn|[from]lockedmove\n|-damage|p1a: Ferrothorn|31\/100\n|-damage|p2a: Landorus|28\/100|[from] ability: Iron Barbs|[of] p1a: Ferrothorn\n|\n|-heal|p1a: Ferrothorn|37\/100|[from] item: Leftovers\n|upkeep\n|turn|13\n|\n|t:|1667251428\n|move|p2a: Landorus|Earthquake|p1a: Ferrothorn\n|-damage|p1a: Ferrothorn|0 fnt\n|faint|p1a: Ferrothorn\n|\n|upkeep\n|\n|t:|1667251438\n|switch|p1a: Scizor|Scizor, F|50\/100\n|turn|14\n|\n|t:|1667251442\n|move|p1a: Scizor|Bullet Punch|p2a: Landorus\n|-end|p2a: Landorus|Substitute\n|move|p2a: Landorus|Earthquake|p1a: Scizor\n|-damage|p1a: Scizor|10\/100\n|\n|upkeep\n|turn|15\n|\n|t:|1667251447\n|move|p2a: Landorus|Earthquake|p1a: Scizor\n|-damage|p1a: Scizor|0 fnt\n|faint|p1a: Scizor\n|\n|upkeep\n|\n|t:|1667251451\n|switch|p1a: Urshifu|Urshifu-Rapid-Strike, F|100\/100\n|turn|16\n|\n|t:|1667251454\n|switch|p2a: Garchomp|Garchomp, M|100\/100\n|-damage|p2a: Garchomp|94\/100|[from] Stealth Rock\n|move|p1a: Urshifu|Aqua Jet|p2a: Garchomp\n|-damage|p2a: Garchomp|70\/100\n|-damage|p1a: Urshifu|88\/100|[from] ability: Rough Skin|[of] p2a: Garchomp\n|-damage|p1a: Urshifu|72\/100|[from] item: Rocky Helmet|[of] p2a: Garchomp\n|\n|upkeep\n|turn|17\n|\n|t:|1667251464\n|switch|p1a: Tapu Fini|Tapu Fini|100\/100\n|-fieldstart|move: Misty Terrain|[from] ability: Misty Surge|[of] p1a: Tapu Fini\n|move|p2a: Garchomp|Stealth Rock|p1a: Tapu Fini\n|-sidestart|p1: Vince1314|move: Stealth Rock\n|\n|upkeep\n|turn|18\n|\n|t:|1667251470\n|move|p2a: Garchomp|Protect|p2a: Garchomp\n|-singleturn|p2a: Garchomp|Protect\n|move|p1a: Tapu Fini|Moonblast|p2a: Garchomp\n|-activate|p2a: Garchomp|move: Protect\n|\n|upkeep\n|turn|19\n|\n|t:|1667251484\n|switch|p2a: Landorus|Landorus-Therian, M|28\/100\n|-damage|p2a: Landorus|16\/100|[from] Stealth Rock\n|-ability|p2a: Landorus|Intimidate|boost\n|-unboost|p1a: Tapu Fini|atk|1\n|move|p1a: Tapu Fini|Moonblast|p2a: Landorus\n|-damage|p2a: Landorus|0 fnt\n|faint|p2a: Landorus\n|\n|upkeep\n|\n|t:|1667251489\n|switch|p2a: Tapu Lele|Tapu Lele|100\/100\n|-damage|p2a: Tapu Lele|88\/100|[from] Stealth Rock\n|-fieldstart|move: Psychic Terrain|[from] ability: Psychic Surge|[of] p2a: Tapu Lele\n|turn|20\n|\n|t:|1667251496\n|move|p2a: Tapu Lele|Moonblast|p1a: Tapu Fini\n|-damage|p1a: Tapu Fini|50\/100\n|move|p1a: Tapu Fini|Moonblast|p2a: Tapu Lele\n|-damage|p2a: Tapu Lele|47\/100\n|-unboost|p2a: Tapu Lele|spa|1\n|\n|upkeep\n|turn|21\n|\n|t:|1667251514\n|switch|p2a: Garchomp|Garchomp, M|70\/100\n|-damage|p2a: Garchomp|64\/100|[from] Stealth Rock\n|move|p1a: Tapu Fini|Moonblast|p2a: Garchomp\n|-supereffective|p2a: Garchomp\n|-damage|p2a: Garchomp|0 fnt\n|faint|p2a: Garchomp\n|\n|upkeep\n|\n|t:|1667251516\n|switch|p2a: Tapu Lele|Tapu Lele|47\/100\n|-damage|p2a: Tapu Lele|35\/100|[from] Stealth Rock\n|turn|22\n|\n|t:|1667251524\n|move|p2a: Tapu Lele|Moonblast|p1a: Tapu Fini\n|-damage|p1a: Tapu Fini|2\/100\n|move|p1a: Tapu Fini|Moonblast|p2a: Tapu Lele\n|-damage|p2a: Tapu Lele|0 fnt\n|faint|p2a: Tapu Lele\n|\n|upkeep\n|l| tigers jaw\n|\n|t:|1667251529\n|switch|p2a: Magnezone|Magnezone|73\/100\n|-damage|p2a: Magnezone|67\/100|[from] Stealth Rock\n|turn|23\n|\n|t:|1667251533\n|move|p2a: Magnezone|Magic Coat|p2a: Magnezone\n|-singleturn|p2a: Magnezone|move: Magic Coat\n|move|p1a: Tapu Fini|Moonblast|p2a: Magnezone\n|-resisted|p2a: Magnezone\n|-damage|p2a: Magnezone|42\/100\n|\n|upkeep\n|turn|24\n|\n|t:|1667251538\n|move|p1a: Tapu Fini|Moonblast|p2a: Magnezone\n|-resisted|p2a: Magnezone\n|-damage|p2a: Magnezone|15\/100\n|move|p2a: Magnezone|Thunderbolt|p1a: Tapu Fini\n|-supereffective|p1a: Tapu Fini\n|-damage|p1a: Tapu Fini|0 fnt\n|faint|p1a: Tapu Fini\n|\n|-fieldend|move: Psychic Terrain\n|upkeep\n|\n|t:|1667251546\n|switch|p1a: Garchomp|Garchomp, F|100\/100\n|-damage|p1a: Garchomp|94\/100|[from] Stealth Rock\n|turn|25\n|\n|t:|1667251550\n|switch|p2a: Dragapult|Dragapult, M|100\/100\n|-damage|p2a: Dragapult|88\/100|[from] Stealth Rock\n|move|p1a: Garchomp|Scale Shot|p2a: Dragapult\n|-supereffective|p2a: Dragapult\n|-damage|p2a: Dragapult|39\/100\n|-supereffective|p2a: Dragapult\n|-damage|p2a: Dragapult|0 fnt\n|faint|p2a: Dragapult\n|-hitcount|p2: Dragapult|2\n|-unboost|p1a: Garchomp|def|1\n|-boost|p1a: Garchomp|spe|1\n|-damage|p1a: Garchomp|85\/100|[from] item: Life Orb\n|\n|upkeep\n|\n|t:|1667251553\n|switch|p2a: Kartana|Kartana|48\/100\n|-damage|p2a: Kartana|42\/100|[from] Stealth Rock\n|turn|26\n|-message|Raimei Hakkei 2 forfeited.\n|\n|win|Vince1314\n|raw|Vince1314's rating: 1694 &rarr; <strong>1716<\/strong><br \/>(+22 for winning)\n|raw|Raimei Hakkei 2's rating: 1731 &rarr; <strong>1709<\/strong><br \/>(-22 for losing)\n|l|\u2606Raimei Hakkei 2\n|c|\u2606Vince1314|gg\n","uploadtime":1667251569,"views":6,"p1id":"vince1314","p2id":"raimeihakkei2","formatid":"gen8ou","rating":1709,"private":0,"password":null}