{"id":"gen8ou-1612669096","p1":"phyviocow","p2":"fishy8995","format":"gen8ou","log":"|j|\u2606phyviocow\n|j|\u2606fishy8995\n|t:|1657246474\n|gametype|singles\n|player|p1|phyviocow|unknown|1644\n|player|p2|fishy8995|101|1624\n|teamsize|p1|6\n|teamsize|p2|6\n|gen|8\n|tier|[Gen 8] OU\n|rated|\n|rule|Sleep Clause Mod: Limit one foe put to sleep\n|rule|Species Clause: Limit one of each Pok\u00e9mon\n|rule|OHKO Clause: OHKO moves are banned\n|rule|Evasion Moves Clause: Evasion moves are banned\n|rule|Endless Battle Clause: Forcing endless battles is banned\n|rule|HP Percentage Mod: HP is shown in percentages\n|rule|Dynamax Clause: You cannot dynamax\n|clearpoke\n|poke|p1|Eldegoss, M|\n|poke|p1|Corsola, F|\n|poke|p1|Ditto|\n|poke|p1|Audino, M|\n|poke|p1|Tangrowth, M|\n|poke|p1|Shedinja|\n|poke|p2|Hippowdon, F|\n|poke|p2|Tyranitar, F|\n|poke|p2|Excadrill, F|\n|poke|p2|Latias, F|\n|poke|p2|Toxapex, M|\n|poke|p2|Dracozolt|\n|teampreview\n|inactive|Battle timer is ON: inactive players will automatically lose when time's up. (requested by phyviocow)\n|\n|t:|1657246480\n|start\n|switch|p1a: Audino|Audino, M|100\/100\n|switch|p2a: Tyranitar|Tyranitar, F|100\/100\n|-weather|Sandstorm|[from] ability: Sand Stream|[of] p2a: Tyranitar\n|turn|1\n|\n|t:|1657246489\n|move|p1a: Audino|Magic Coat|p1a: Audino\n|-singleturn|p1a: Audino|move: Magic Coat\n|move|p2a: Tyranitar|Heavy Slam|p1a: Audino\n|-damage|p1a: Audino|77\/100\n|\n|-weather|Sandstorm|[upkeep]\n|-damage|p1a: Audino|71\/100|[from] Sandstorm\n|upkeep\n|turn|2\n|j| XuanR\n|j| BrothaOptions\n|\n|t:|1657246497\n|move|p2a: Tyranitar|Thunderbolt|p1a: Audino\n|-damage|p1a: Audino|45\/100\n|move|p1a: Audino|Knock Off|p2a: Tyranitar\n|-resisted|p2a: Tyranitar\n|-damage|p2a: Tyranitar|95\/100\n|-enditem|p2a: Tyranitar|Expert Belt|[from] move: Knock Off|[of] p1a: Audino\n|\n|-weather|Sandstorm|[upkeep]\n|-damage|p1a: Audino|39\/100|[from] Sandstorm\n|upkeep\n|turn|3\n|\n|t:|1657246508\n|switch|p1a: Tangrowth|Tangrowth, M|100\/100\n|move|p2a: Tyranitar|Thunderbolt|p1a: Tangrowth\n|-resisted|p1a: Tangrowth\n|-damage|p1a: Tangrowth|83\/100\n|\n|-weather|Sandstorm|[upkeep]\n|-damage|p1a: Tangrowth|77\/100|[from] Sandstorm\n|upkeep\n|turn|4\n|\n|t:|1657246513\n|switch|p1a: Audino|Audino, M|72\/100\n|move|p2a: Tyranitar|Ice Beam|p1a: Audino\n|-damage|p1a: Audino|48\/100\n|\n|-weather|Sandstorm|[upkeep]\n|-damage|p1a: Audino|41\/100|[from] Sandstorm\n|upkeep\n|turn|5\n|\n|t:|1657246519\n|move|p2a: Tyranitar|Ice Beam|p1a: Audino\n|-damage|p1a: Audino|17\/100\n|move|p1a: Audino|Low Kick|p2a: Tyranitar\n|-supereffective|p2a: Tyranitar\n|-damage|p2a: Tyranitar|45\/100\n|\n|-weather|none\n|upkeep\n|turn|6\n|\n|t:|1657246534\n|switch|p1a: Ditto|Ditto|100\/100\n|-transform|p1a: Ditto|p2a: Tyranitar|[from] ability: Imposter\n|-weather|Sandstorm|[from] ability: Sand Stream|[of] p1a: Ditto\n|move|p2a: Tyranitar|Flamethrower|p1a: Ditto\n|-resisted|p1a: Ditto\n|-damage|p1a: Ditto|91\/100\n|\n|-weather|Sandstorm|[upkeep]\n|upkeep\n|turn|7\n|\n|t:|1657246551\n|switch|p1a: Eldegoss|Eldegoss, M|100\/100\n|move|p2a: Tyranitar|Flamethrower|p1a: Eldegoss\n|-supereffective|p1a: Eldegoss\n|-damage|p1a: Eldegoss|63\/100\n|\n|-weather|Sandstorm|[upkeep]\n|-damage|p1a: Eldegoss|57\/100|[from] Sandstorm\n|upkeep\n|turn|8\n|j| TJ Too Smooth\n|\n|t:|1657246561\n|move|p2a: Tyranitar|Flamethrower|p1a: Eldegoss\n|-supereffective|p1a: Eldegoss\n|-damage|p1a: Eldegoss|20\/100\n|move|p1a: Eldegoss|Leech Seed|p2a: Tyranitar\n|-start|p2a: Tyranitar|move: Leech Seed\n|\n|-weather|Sandstorm|[upkeep]\n|-damage|p1a: Eldegoss|14\/100|[from] Sandstorm\n|-damage|p2a: Tyranitar|32\/100|[from] Leech Seed|[of] p1a: Eldegoss\n|-heal|p1a: Eldegoss|30\/100|[silent]\n|upkeep\n|turn|9\n|\n|t:|1657246567\n|switch|p2a: Excadrill|Excadrill, F, shiny|100\/100\n|switch|p1a: Corsola|Corsola, F|100\/100\n|\n|-weather|Sandstorm|[upkeep]\n|upkeep\n|turn|10\n|\n|t:|1657246575\n|switch|p2a: Tyranitar|Tyranitar, F|32\/100\n|switch|p1a: Tangrowth|Tangrowth, M|100\/100\n|\n|-weather|none\n|upkeep\n|turn|11\n|\n|t:|1657246583\n|switch|p1a: Audino|Audino, M|50\/100\n|move|p2a: Tyranitar|Flamethrower|p1a: Audino\n|-damage|p1a: Audino|24\/100\n|\n|upkeep\n|turn|12\n|\n|t:|1657246589\n|switch|p1a: Corsola|Corsola, F|100\/100\n|move|p2a: Tyranitar|Thunderbolt|p1a: Corsola\n|-supereffective|p1a: Corsola\n|-damage|p1a: Corsola|75\/100\n|\n|upkeep\n|turn|13\n|\n|t:|1657246596\n|switch|p2a: Latias|Latias, F, shiny|100\/100\n|switch|p1a: Audino|Audino, M|57\/100\n|\n|upkeep\n|turn|14\n|\n|t:|1657246600\n|move|p2a: Latias|Aura Sphere|p1a: Audino\n|-supereffective|p1a: Audino\n|-damage|p1a: Audino|18\/100\n|move|p1a: Audino|Knock Off|p2a: Latias\n|-supereffective|p2a: Latias\n|-damage|p2a: Latias|72\/100\n|-enditem|p2a: Latias|Ring Target|[from] move: Knock Off|[of] p1a: Audino\n|\n|upkeep\n|turn|15\n|\n|t:|1657246609\n|switch|p1a: Eldegoss|Eldegoss, M|63\/100\n|move|p2a: Latias|Aura Sphere|p1a: Eldegoss\n|-damage|p1a: Eldegoss|50\/100\n|\n|upkeep\n|turn|16\n|\n|t:|1657246615\n|move|p2a: Latias|Trick|p1a: Eldegoss\n|-activate|p2a: Latias|move: Trick|[of] p1a: Eldegoss\n|-enditem|p1a: Eldegoss|Heavy-Duty Boots|[silent]|[from] move: Trick\n|-item|p2a: Latias|Heavy-Duty Boots|[from] move: Trick\n|move|p1a: Eldegoss|Leech Seed|p2a: Latias\n|-start|p2a: Latias|move: Leech Seed\n|\n|-damage|p2a: Latias|60\/100|[from] Leech Seed|[of] p1a: Eldegoss\n|-heal|p1a: Eldegoss|64\/100|[silent]\n|upkeep\n|turn|17\n|j| HeyJimmy\n|\n|t:|1657246622\n|switch|p2a: Tyranitar|Tyranitar, F|32\/100\n|-weather|Sandstorm|[from] ability: Sand Stream|[of] p2a: Tyranitar\n|move|p1a: Eldegoss|Leech Seed|p2a: Tyranitar\n|-start|p2a: Tyranitar|move: Leech Seed\n|\n|-weather|Sandstorm|[upkeep]\n|-damage|p1a: Eldegoss|58\/100|[from] Sandstorm\n|-damage|p2a: Tyranitar|20\/100|[from] Leech Seed|[of] p1a: Eldegoss\n|-heal|p1a: Eldegoss|73\/100|[silent]\n|upkeep\n|turn|18\n|\n|t:|1657246628\n|switch|p2a: Latias|Latias, F, shiny|60\/100\n|move|p1a: Eldegoss|Leech Seed|p2a: Latias\n|-start|p2a: Latias|move: Leech Seed\n|\n|-weather|Sandstorm|[upkeep]\n|-damage|p2a: Latias|54\/100|[from] Sandstorm\n|-damage|p1a: Eldegoss|67\/100|[from] Sandstorm\n|-damage|p2a: Latias|42\/100|[from] Leech Seed|[of] p1a: Eldegoss\n|-heal|p1a: Eldegoss|81\/100|[silent]\n|upkeep\n|turn|19\n|\n|t:|1657246631\n|move|p2a: Latias|Healing Wish|p2a: Latias\n|faint|p2a: Latias\n|move|p1a: Eldegoss|Rapid Spin|p2: Latias|[notarget]\n|-fail|p1a: Eldegoss\n|\n|-weather|Sandstorm|[upkeep]\n|-damage|p1a: Eldegoss|75\/100|[from] Sandstorm\n|upkeep\n|l| XuanR\n|\n|t:|1657246646\n|switch|p2a: Excadrill|Excadrill, F, shiny|100\/100\n|turn|20\n|\n|t:|1657246651\n|switch|p1a: Tangrowth|Tangrowth, M|100\/100\n|move|p2a: Excadrill|Swords Dance|p2a: Excadrill\n|-boost|p2a: Excadrill|atk|2\n|\n|-weather|Sandstorm|[upkeep]\n|-damage|p1a: Tangrowth|94\/100|[from] Sandstorm\n|upkeep\n|turn|21\n|\n|t:|1657246658\n|switch|p1a: Shedinja|Shedinja|100\/100\n|move|p2a: Excadrill|Rock Slide|p1a: Shedinja\n|-supereffective|p1a: Shedinja\n|-damage|p1a: Shedinja|0 fnt\n|faint|p1a: Shedinja\n|\n|-weather|none\n|upkeep\n|\n|t:|1657246662\n|switch|p1a: Ditto|Ditto|91\/100\n|-transform|p1a: Ditto|p2a: Excadrill|[from] ability: Imposter\n|turn|22\n|\n|t:|1657246666\n|move|p1a: Ditto|Earthquake|p2a: Excadrill\n|-supereffective|p2a: Excadrill\n|-enditem|p2a: Excadrill|Focus Sash\n|-damage|p2a: Excadrill|1\/100\n|move|p2a: Excadrill|Earthquake|p1a: Ditto\n|-supereffective|p1a: Ditto\n|-damage|p1a: Ditto|0 fnt\n|faint|p1a: Ditto\n|\n|upkeep\n|\n|t:|1657246670\n|switch|p1a: Tangrowth|Tangrowth, M|100\/100\n|turn|23\n|\n|t:|1657246674\n|move|p2a: Excadrill|Iron Head|p1a: Tangrowth\n|-damage|p1a: Tangrowth|51\/100\n|-damage|p2a: Excadrill|0 fnt|[from] item: Rocky Helmet|[of] p1a: Tangrowth\n|faint|p2a: Excadrill\n|cant|p1a: Tangrowth|flinch\n|\n|upkeep\n|\n|t:|1657246681\n|switch|p2a: Dracozolt|Dracozolt|100\/100\n|turn|24\n|j| Guessst Acct\n|\n|t:|1657246690\n|switch|p1a: Corsola|Corsola, F|100\/100\n|move|p2a: Dracozolt|Flamethrower|p1a: Corsola\n|-resisted|p1a: Corsola\n|-damage|p1a: Corsola|98\/100\n|-damage|p2a: Dracozolt|91\/100|[from] item: Life Orb\n|\n|upkeep\n|turn|25\n|\n|t:|1657246696\n|switch|p1a: Eldegoss|Eldegoss, M|100\/100\n|move|p2a: Dracozolt|Flamethrower|p1a: Eldegoss\n|-supereffective|p1a: Eldegoss\n|-damage|p1a: Eldegoss|71\/100\n|-damage|p2a: Dracozolt|81\/100|[from] item: Life Orb\n|\n|upkeep\n|turn|26\n|\n|t:|1657246703\n|switch|p2a: Tyranitar|Tyranitar, F|20\/100\n|-heal|p2a: Tyranitar|100\/100|[from] move: Healing Wish\n|-weather|Sandstorm|[from] ability: Sand Stream|[of] p2a: Tyranitar\n|move|p1a: Eldegoss|Leech Seed|p2a: Tyranitar\n|-start|p2a: Tyranitar|move: Leech Seed\n|\n|-weather|Sandstorm|[upkeep]\n|-damage|p1a: Eldegoss|65\/100|[from] Sandstorm\n|-damage|p2a: Tyranitar|88\/100|[from] Leech Seed|[of] p1a: Eldegoss\n|-heal|p1a: Eldegoss|81\/100|[silent]\n|upkeep\n|turn|27\n|\n|t:|1657246712\n|switch|p2a: Toxapex|Toxapex, M|100\/100\n|move|p1a: Eldegoss|Leech Seed|p2a: Toxapex\n|-start|p2a: Toxapex|move: Leech Seed\n|\n|-weather|Sandstorm|[upkeep]\n|-damage|p1a: Eldegoss|75\/100|[from] Sandstorm\n|-damage|p2a: Toxapex|94\/100|[from] Sandstorm\n|-heal|p2a: Toxapex|100\/100|[from] item: Black Sludge\n|-damage|p2a: Toxapex|88\/100|[from] Leech Seed|[of] p1a: Eldegoss\n|-heal|p1a: Eldegoss|84\/100|[silent]\n|upkeep\n|turn|28\n|\n|t:|1657246715\n|move|p1a: Eldegoss|Rapid Spin|p2a: Toxapex\n|-damage|p2a: Toxapex|83\/100\n|-boost|p1a: Eldegoss|spe|1\n|move|p2a: Toxapex|Toxic|p1a: Eldegoss\n|-status|p1a: Eldegoss|tox\n|\n|-weather|Sandstorm|[upkeep]\n|-damage|p1a: Eldegoss|78\/100 tox|[from] Sandstorm\n|-damage|p2a: Toxapex|77\/100|[from] Sandstorm\n|-heal|p2a: Toxapex|83\/100|[from] item: Black Sludge\n|-damage|p2a: Toxapex|70\/100|[from] Leech Seed|[of] p1a: Eldegoss\n|-heal|p1a: Eldegoss|87\/100 tox|[silent]\n|-damage|p1a: Eldegoss|81\/100 tox|[from] psn\n|upkeep\n|turn|29\n|\n|t:|1657246722\n|switch|p1a: Tangrowth|Tangrowth, M|84\/100\n|move|p2a: Toxapex|Toxic|p1a: Tangrowth\n|-status|p1a: Tangrowth|tox\n|\n|-weather|Sandstorm|[upkeep]\n|-damage|p1a: Tangrowth|78\/100 tox|[from] Sandstorm\n|-damage|p2a: Toxapex|64\/100|[from] Sandstorm\n|-heal|p2a: Toxapex|70\/100|[from] item: Black Sludge\n|-damage|p2a: Toxapex|58\/100|[from] Leech Seed|[of] p1a: Tangrowth\n|-heal|p1a: Tangrowth|86\/100 tox|[silent]\n|-damage|p1a: Tangrowth|79\/100 tox|[from] psn\n|upkeep\n|turn|30\n|\n|t:|1657246726\n|switch|p1a: Eldegoss|Eldegoss, M|100\/100 tox\n|move|p2a: Toxapex|Recover|p2a: Toxapex\n|-heal|p2a: Toxapex|100\/100\n|\n|-weather|none\n|-damage|p2a: Toxapex|88\/100|[from] Leech Seed|[of] p1a: Eldegoss\n|-damage|p1a: Eldegoss|94\/100 tox|[from] psn\n|upkeep\n|turn|31\n|\n|t:|1657246732\n|switch|p2a: Hippowdon|Hippowdon, F|100\/100\n|-weather|Sandstorm|[from] ability: Sand Stream|[of] p2a: Hippowdon\n|move|p1a: Eldegoss|Aromatherapy|p1a: Eldegoss\n|-activate|p1a: Eldegoss|move: Aromatherapy\n|-curestatus|p1a: Eldegoss|tox|[msg]\n|-curestatus|p1: Tangrowth|tox|[msg]\n|\n|-weather|Sandstorm|[upkeep]\n|-damage|p1a: Eldegoss|88\/100|[from] Sandstorm\n|upkeep\n|turn|32\n|\n|t:|1657246737\n|switch|p1a: Tangrowth|Tangrowth, M|100\/100\n|move|p2a: Hippowdon|Yawn|p1a: Tangrowth\n|-start|p1a: Tangrowth|move: Yawn|[of] p2a: Hippowdon\n|\n|-weather|Sandstorm|[upkeep]\n|-damage|p1a: Tangrowth|94\/100|[from] Sandstorm\n|upkeep\n|turn|33\n|\n|t:|1657246743\n|switch|p1a: Audino|Audino, M|51\/100\n|move|p2a: Hippowdon|Toxic|p1a: Audino\n|-status|p1a: Audino|tox\n|\n|-weather|Sandstorm|[upkeep]\n|-damage|p1a: Audino|45\/100 tox|[from] Sandstorm\n|-damage|p1a: Audino|39\/100 tox|[from] psn\n|upkeep\n|turn|34\n|\n|t:|1657246751\n|switch|p1a: Tangrowth|Tangrowth, M|100\/100\n|move|p2a: Hippowdon|Yawn|p1a: Tangrowth\n|-start|p1a: Tangrowth|move: Yawn|[of] p2a: Hippowdon\n|\n|-weather|Sandstorm|[upkeep]\n|-damage|p1a: Tangrowth|94\/100|[from] Sandstorm\n|upkeep\n|turn|35\n|\n|t:|1657246763\n|switch|p1a: Audino|Audino, M|72\/100 tox\n|move|p2a: Hippowdon|Yawn||[still]\n|-fail|p2a: Hippowdon\n|\n|-weather|Sandstorm|[upkeep]\n|-damage|p1a: Audino|66\/100 tox|[from] Sandstorm\n|-damage|p1a: Audino|60\/100 tox|[from] psn\n|upkeep\n|turn|36\n|\n|t:|1657246768\n|move|p2a: Hippowdon|Yawn||[still]\n|-fail|p2a: Hippowdon\n|move|p1a: Audino|Knock Off|p2a: Hippowdon\n|-damage|p2a: Hippowdon|92\/100\n|-enditem|p2a: Hippowdon|Smooth Rock|[from] move: Knock Off|[of] p1a: Audino\n|\n|-weather|Sandstorm|[upkeep]\n|-damage|p1a: Audino|54\/100 tox|[from] Sandstorm\n|-damage|p1a: Audino|41\/100 tox|[from] psn\n|upkeep\n|turn|37\n|\n|t:|1657246775\n|switch|p1a: Tangrowth|Tangrowth, M|100\/100\n|move|p2a: Hippowdon|Yawn|p1a: Tangrowth\n|-start|p1a: Tangrowth|move: Yawn|[of] p2a: Hippowdon\n|\n|-weather|Sandstorm|[upkeep]\n|-damage|p1a: Tangrowth|94\/100|[from] Sandstorm\n|upkeep\n|turn|38\n|\n|t:|1657246780\n|switch|p1a: Audino|Audino, M|75\/100 tox\n|move|p2a: Hippowdon|Yawn||[still]\n|-fail|p2a: Hippowdon\n|\n|-weather|none\n|-damage|p1a: Audino|69\/100 tox|[from] psn\n|upkeep\n|turn|39\n|\n|t:|1657246788\n|move|p1a: Audino|Magic Coat|p1a: Audino\n|-singleturn|p1a: Audino|move: Magic Coat\n|move|p2a: Hippowdon|Yawn|p1a: Audino\n|move|p1a: Audino|Yawn|p2a: Hippowdon|[from]Magic Coat\n|-start|p2a: Hippowdon|move: Yawn|[of] p1a: Audino\n|\n|-damage|p1a: Audino|56\/100 tox|[from] psn\n|upkeep\n|turn|40\n|l| TJ Too Smooth\n|\n|t:|1657246794\n|switch|p2a: Toxapex|Toxapex, M|100\/100\n|switch|p1a: Tangrowth|Tangrowth, M|100\/100\n|\n|upkeep\n|turn|41\n|\n|t:|1657246802\n|move|p1a: Tangrowth|Substitute|p1a: Tangrowth\n|-start|p1a: Tangrowth|Substitute\n|-damage|p1a: Tangrowth|75\/100\n|move|p2a: Toxapex|Toxic||[still]\n|-fail|p2a: Toxapex\n|\n|upkeep\n|turn|42\n|\n|t:|1657246808\n|switch|p2a: Hippowdon|Hippowdon, F|92\/100\n|-weather|Sandstorm|[from] ability: Sand Stream|[of] p2a: Hippowdon\n|move|p1a: Tangrowth|Infestation|p2a: Hippowdon\n|-damage|p2a: Hippowdon|87\/100\n|-activate|p2a: Hippowdon|move: Infestation|[of] p1a: Tangrowth\n|\n|-weather|Sandstorm|[upkeep]\n|-damage|p1a: Tangrowth|69\/100|[from] Sandstorm\n|-damage|p2a: Hippowdon|75\/100|[from] move: Infestation|[partiallytrapped]\n|upkeep\n|turn|43\n|\n|t:|1657246813\n|move|p1a: Tangrowth|Toxic|p2a: Hippowdon\n|-status|p2a: Hippowdon|tox\n|move|p2a: Hippowdon|Whirlwind|p1a: Tangrowth\n|drag|p1a: Corsola|Corsola, F|100\/100\n|\n|-weather|Sandstorm|[upkeep]\n|-damage|p2a: Hippowdon|69\/100 tox|[from] psn\n|-end|p2a: Hippowdon|Infestation|[partiallytrapped]|[silent]\n|upkeep\n|turn|44\n|c| Guessst Acct|Wtf are those sets?\n|\n|t:|1657246821\n|switch|p2a: Dracozolt|Dracozolt|81\/100\n|switch|p1a: Audino|Audino, M|90\/100 tox\n|\n|-weather|Sandstorm|[upkeep]\n|-damage|p1a: Audino|83\/100 tox|[from] Sandstorm\n|-damage|p1a: Audino|77\/100 tox|[from] psn\n|upkeep\n|turn|45\n|\n|t:|1657246830\n|move|p2a: Dracozolt|Bolt Beak|p1a: Audino\n|-damage|p1a: Audino|13\/100 tox\n|-damage|p2a: Dracozolt|71\/100|[from] item: Life Orb\n|move|p1a: Audino|Encore|p2a: Dracozolt\n|-start|p2a: Dracozolt|Encore\n|\n|-weather|Sandstorm|[upkeep]\n|-damage|p1a: Audino|7\/100 tox|[from] Sandstorm\n|-damage|p1a: Audino|0 fnt|[from] psn\n|faint|p1a: Audino\n|upkeep\n|\n|t:|1657246834\n|switch|p1a: Tangrowth|Tangrowth, M|100\/100\n|turn|46\n|\n|t:|1657246839\n|switch|p2a: Hippowdon|Hippowdon, F|69\/100 tox\n|move|p1a: Tangrowth|Substitute|p1a: Tangrowth\n|-start|p1a: Tangrowth|Substitute\n|-damage|p1a: Tangrowth|75\/100\n|\n|-weather|none\n|-damage|p2a: Hippowdon|62\/100 tox|[from] psn\n|upkeep\n|turn|47\n|\n|t:|1657246843\n|move|p1a: Tangrowth|Infestation|p2a: Hippowdon\n|-damage|p2a: Hippowdon|57\/100 tox\n|-activate|p2a: Hippowdon|move: Infestation|[of] p1a: Tangrowth\n|move|p2a: Hippowdon|Whirlwind|p1a: Tangrowth\n|drag|p1a: Corsola|Corsola, F|100\/100\n|\n|-damage|p2a: Hippowdon|45\/100 tox|[from] psn\n|-end|p2a: Hippowdon|Infestation|[partiallytrapped]|[silent]\n|upkeep\n|turn|48\n|\n|t:|1657246849\n|move|p2a: Hippowdon|Slack Off|p2a: Hippowdon\n|-heal|p2a: Hippowdon|95\/100 tox\n|move|p1a: Corsola|Scald|p2a: Hippowdon\n|-supereffective|p2a: Hippowdon\n|-damage|p2a: Hippowdon|54\/100 tox\n|\n|-damage|p2a: Hippowdon|36\/100 tox|[from] psn\n|upkeep\n|turn|49\n|\n|t:|1657246853\n|switch|p2a: Toxapex|Toxapex, M|100\/100\n|move|p1a: Corsola|Scald|p2a: Toxapex\n|-resisted|p2a: Toxapex\n|-damage|p2a: Toxapex|93\/100\n|-status|p2a: Toxapex|brn\n|\n|-heal|p2a: Toxapex|99\/100 brn|[from] item: Black Sludge\n|-damage|p2a: Toxapex|93\/100 brn|[from] brn\n|upkeep\n|turn|50\n|\n|t:|1657246862\n|switch|p1a: Eldegoss|Eldegoss, M|100\/100\n|move|p2a: Toxapex|Toxic|p1a: Eldegoss\n|-status|p1a: Eldegoss|tox\n|\n|-heal|p2a: Toxapex|99\/100 brn|[from] item: Black Sludge\n|-damage|p1a: Eldegoss|94\/100 tox|[from] psn\n|-damage|p2a: Toxapex|93\/100 brn|[from] brn\n|upkeep\n|turn|51\n|\n|t:|1657246871\n|move|p1a: Eldegoss|Leech Seed|p2a: Toxapex\n|-start|p2a: Toxapex|move: Leech Seed\n|move|p2a: Toxapex|Toxic|p1a: Eldegoss\n|-fail|p1a: Eldegoss|tox\n|\n|-heal|p2a: Toxapex|99\/100 brn|[from] item: Black Sludge\n|-damage|p2a: Toxapex|87\/100 brn|[from] Leech Seed|[of] p1a: Eldegoss\n|-heal|p1a: Eldegoss|100\/100 tox|[silent]\n|-damage|p1a: Eldegoss|88\/100 tox|[from] psn\n|-damage|p2a: Toxapex|81\/100 brn|[from] brn\n|upkeep\n|turn|52\n|\n|t:|1657246880\n|switch|p1a: Tangrowth|Tangrowth, M|100\/100\n|switch|p2a: Hippowdon|Hippowdon, F|36\/100 tox\n|-weather|Sandstorm|[from] ability: Sand Stream|[of] p2a: Hippowdon\n|\n|-weather|Sandstorm|[upkeep]\n|-damage|p1a: Tangrowth|94\/100|[from] Sandstorm\n|-damage|p2a: Hippowdon|30\/100 tox|[from] psn\n|upkeep\n|turn|53\n|\n|t:|1657246888\n|move|p1a: Tangrowth|Substitute|p1a: Tangrowth\n|-start|p1a: Tangrowth|Substitute\n|-damage|p1a: Tangrowth|69\/100\n|move|p2a: Hippowdon|Slack Off|p2a: Hippowdon\n|-heal|p2a: Hippowdon|80\/100 tox\n|\n|-weather|Sandstorm|[upkeep]\n|-damage|p1a: Tangrowth|63\/100|[from] Sandstorm\n|-damage|p2a: Hippowdon|67\/100 tox|[from] psn\n|upkeep\n|turn|54\n|\n|t:|1657246894\n|move|p1a: Tangrowth|Infestation|p2a: Hippowdon\n|-damage|p2a: Hippowdon|62\/100 tox\n|-activate|p2a: Hippowdon|move: Infestation|[of] p1a: Tangrowth\n|move|p2a: Hippowdon|Whirlwind|p1a: Tangrowth\n|drag|p1a: Corsola|Corsola, F|100\/100\n|\n|-weather|Sandstorm|[upkeep]\n|-damage|p2a: Hippowdon|43\/100 tox|[from] psn\n|-end|p2a: Hippowdon|Infestation|[partiallytrapped]|[silent]\n|upkeep\n|turn|55\n|\n|t:|1657246902\n|switch|p2a: Toxapex|Toxapex, M|100\/100 brn\n|move|p1a: Corsola|Scald|p2a: Toxapex\n|-resisted|p2a: Toxapex\n|-damage|p2a: Toxapex|92\/100 brn\n|\n|-weather|Sandstorm|[upkeep]\n|-damage|p2a: Toxapex|86\/100 brn|[from] Sandstorm\n|-heal|p2a: Toxapex|92\/100 brn|[from] item: Black Sludge\n|-damage|p2a: Toxapex|86\/100 brn|[from] brn\n|upkeep\n|turn|56\n|\n|t:|1657246907\n|switch|p2a: Tyranitar|Tyranitar, F|88\/100\n|switch|p1a: Eldegoss|Eldegoss, M|100\/100 tox\n|\n|-weather|none\n|-damage|p1a: Eldegoss|94\/100 tox|[from] psn\n|upkeep\n|turn|57\n|\n|t:|1657246913\n|move|p2a: Tyranitar|Ice Beam|p1a: Eldegoss\n|-supereffective|p1a: Eldegoss\n|-damage|p1a: Eldegoss|59\/100 tox\n|move|p1a: Eldegoss|Leech Seed|p2a: Tyranitar\n|-start|p2a: Tyranitar|move: Leech Seed\n|\n|-damage|p2a: Tyranitar|76\/100|[from] Leech Seed|[of] p1a: Eldegoss\n|-heal|p1a: Eldegoss|75\/100 tox|[silent]\n|-damage|p1a: Eldegoss|62\/100 tox|[from] psn\n|upkeep\n|turn|58\n|\n|t:|1657246917\n|switch|p2a: Dracozolt|Dracozolt|71\/100\n|switch|p1a: Corsola|Corsola, F|100\/100\n|\n|upkeep\n|turn|59\n|\n|t:|1657246922\n|move|p2a: Dracozolt|Bolt Beak|p1a: Corsola\n|-supereffective|p1a: Corsola\n|-damage|p1a: Corsola|0 fnt\n|faint|p1a: Corsola\n|-damage|p2a: Dracozolt|61\/100|[from] item: Life Orb\n|\n|upkeep\n|-message|phyviocow forfeited.\n|\n|win|fishy8995\n|raw|phyviocow's rating: 1644 &rarr; <strong>1623<\/strong><br \/>(-21 for losing)\n|raw|fishy8995's rating: 1624 &rarr; <strong>1645<\/strong><br \/>(+21 for winning)\n|l|\u2606phyviocow\n","uploadtime":1657246935,"views":18,"p1id":"phyviocow","p2id":"fishy8995","formatid":"gen8ou","rating":1623,"private":0,"password":null}