{"id":"gen8nationaldex-1397300927","p1":"painstendo.","p2":"Benjamin Gilbert","format":"gen8nationaldex","log":"|j|\u2606painstendo.\n|j|\u2606Benjamin Gilbert\n|t:|1629071992\n|gametype|singles\n|player|p1|painstendo.|lass-gen7|\n|player|p2|Benjamin Gilbert|170|\n|teamsize|p1|6\n|teamsize|p2|6\n|gen|8\n|tier|[Gen 8] National Dex\n|rule|HP Percentage Mod: HP is shown in percentages\n|rule|Endless Battle Clause: Forcing endless battles is banned\n|rule|OHKO Clause: OHKO moves are banned\n|rule|Evasion Moves Clause: Evasion moves are banned\n|rule|Species Clause: Limit one of each Pok\u00e9mon\n|rule|Dynamax Clause: You cannot dynamax\n|rule|Sleep Clause Mod: Limit one foe put to sleep\n|clearpoke\n|poke|p1|Diancie|\n|poke|p1|Tapu Lele|\n|poke|p1|Blaziken, M|\n|poke|p1|Tapu Fini|\n|poke|p1|Urshifu-*, M|\n|poke|p1|Landorus-Therian, M|\n|poke|p2|Buzzwole|\n|poke|p2|Tapu Fini|\n|poke|p2|Aegislash, F|\n|poke|p2|Moltres|\n|poke|p2|Lopunny, F|\n|poke|p2|Garchomp, F|\n|teampreview\n|inactive|Battle timer is ON: inactive players will automatically lose when time's up. (requested by painstendo.)\n|j| rzorSHELL\n|inactive|Benjamin Gilbert has 270 seconds left.\n|\n|t:|1629072023\n|start\n|switch|p1a: <333|Landorus-Therian, M|100\/100\n|switch|p2a: Lopunny|Lopunny, F|100\/100\n|-ability|p1a: <333|Intimidate|boost\n|-unboost|p2a: Lopunny|atk|1\n|turn|1\n|j| 2020 idm boomer\n|\n|t:|1629072030\n|detailschange|p2a: Lopunny|Lopunny-Mega, F\n|-mega|p2a: Lopunny|Lopunny|Lopunnite\n|move|p1a: <333|U-turn|p2a: Lopunny\n|-resisted|p2a: Lopunny\n|-damage|p2a: Lopunny|83\/100\n|\n|t:|1629072032\n|switch|p1a: nights like this|Tapu Fini|100\/100|[from]move: U-turn\n|-fieldstart|move: Misty Terrain|[from] ability: Misty Surge|[of] p1a: nights like this\n|move|p2a: Lopunny|U-turn|p1a: nights like this\n|-resisted|p1a: nights like this\n|-damage|p1a: nights like this|93\/100\n|inactive|Benjamin Gilbert has 270 seconds left.\n|inactive|Benjamin Gilbert has 240 seconds left.\n|\n|t:|1629072107\n|switch|p2a: Tapu Fini|Tapu Fini, shiny|100\/100|[from]move: U-turn\n|\n|-heal|p1a: nights like this|99\/100|[from] item: Leftovers\n|upkeep\n|turn|2\n|\n|t:|1629072114\n|move|p1a: nights like this|Knock Off|p2a: Tapu Fini\n|-resisted|p2a: Tapu Fini\n|-damage|p2a: Tapu Fini|96\/100\n|-enditem|p2a: Tapu Fini|Leftovers|[from] move: Knock Off|[of] p1a: nights like this\n|move|p2a: Tapu Fini|Taunt|p1a: nights like this\n|-start|p1a: nights like this|move: Taunt\n|\n|-heal|p1a: nights like this|100\/100|[from] item: Leftovers\n|upkeep\n|turn|3\n|\n|t:|1629072122\n|move|p1a: nights like this|Moonblast|p2a: Tapu Fini\n|-damage|p2a: Tapu Fini|68\/100\n|-unboost|p2a: Tapu Fini|spa|1\n|move|p2a: Tapu Fini|Calm Mind|p2a: Tapu Fini\n|-boost|p2a: Tapu Fini|spa|1\n|-boost|p2a: Tapu Fini|spd|1\n|\n|upkeep\n|turn|4\n|\n|t:|1629072129\n|switch|p2a: Aegislash|Aegislash, F, shiny|100\/100\n|move|p1a: nights like this|Moonblast|p2a: Aegislash\n|-resisted|p2a: Aegislash\n|-damage|p2a: Aegislash|89\/100\n|\n|-heal|p2a: Aegislash|95\/100|[from] item: Leftovers\n|upkeep\n|turn|5\n|\n|t:|1629072133\n|move|p1a: nights like this|Knock Off|p2a: Aegislash\n|-supereffective|p2a: Aegislash\n|-damage|p2a: Aegislash|71\/100\n|-enditem|p2a: Aegislash|Leftovers|[from] move: Knock Off|[of] p1a: nights like this\n|-formechange|p2a: Aegislash|Aegislash-Blade||[from] ability: Stance Change\n|move|p2a: Aegislash|Shadow Ball|p1a: nights like this\n|-damage|p1a: nights like this|68\/100\n|\n|-heal|p1a: nights like this|74\/100|[from] item: Leftovers\n|-end|p1a: nights like this|move: Taunt\n|-fieldend|Misty Terrain\n|upkeep\n|turn|6\n|inactive|Benjamin Gilbert has 270 seconds left.\n|j| ItsMrGlitch3r\n|\n|t:|1629072147\n|move|p1a: nights like this|Scald|p2a: Aegislash\n|-damage|p2a: Aegislash|27\/100\n|move|p2a: Aegislash|Shadow Ball|p1a: nights like this\n|-damage|p1a: nights like this|44\/100\n|\n|-heal|p1a: nights like this|50\/100|[from] item: Leftovers\n|upkeep\n|turn|7\n|inactive|Benjamin Gilbert has 270 seconds left.\n|\n|t:|1629072158\n|switch|p2a: Tapu Fini|Tapu Fini, shiny|68\/100\n|-fieldstart|move: Misty Terrain|[from] ability: Misty Surge|[of] p2a: Tapu Fini\n|move|p1a: nights like this|Scald|p2a: Tapu Fini\n|-resisted|p2a: Tapu Fini\n|-damage|p2a: Tapu Fini|58\/100\n|\n|-heal|p1a: nights like this|56\/100|[from] item: Leftovers\n|upkeep\n|turn|8\n|\n|t:|1629072160\n|move|p1a: nights like this|Moonblast|p2a: Tapu Fini\n|-damage|p2a: Tapu Fini|34\/100\n|-unboost|p2a: Tapu Fini|spa|1\n|move|p2a: Tapu Fini|Taunt|p1a: nights like this\n|-start|p1a: nights like this|move: Taunt\n|\n|-heal|p1a: nights like this|63\/100|[from] item: Leftovers\n|upkeep\n|turn|9\n|inactive|Benjamin Gilbert has 270 seconds left.\n|\n|t:|1629072184\n|switch|p2a: Aegislash|Aegislash, F, shiny|27\/100\n|move|p1a: nights like this|Moonblast|p2a: Aegislash\n|-resisted|p2a: Aegislash\n|-damage|p2a: Aegislash|15\/100\n|-unboost|p2a: Aegislash|spa|1\n|\n|-heal|p1a: nights like this|69\/100|[from] item: Leftovers\n|upkeep\n|turn|10\n|\n|t:|1629072187\n|-formechange|p2a: Aegislash|Aegislash-Blade||[from] ability: Stance Change\n|move|p2a: Aegislash|Shadow Sneak|p1a: nights like this\n|-damage|p1a: nights like this|54\/100\n|move|p1a: nights like this|Scald|p2a: Aegislash\n|-damage|p2a: Aegislash|0 fnt\n|faint|p2a: Aegislash\n|\n|-heal|p1a: nights like this|60\/100|[from] item: Leftovers\n|upkeep\n|\n|t:|1629072189\n|switch|p2a: Garchomp|Garchomp, F|100\/100\n|turn|11\n|\n|t:|1629072202\n|switch|p1a: nina!|Tapu Lele|100\/100\n|-fieldstart|move: Psychic Terrain|[from] ability: Psychic Surge|[of] p1a: nina!\n|move|p2a: Garchomp|Swords Dance|p2a: Garchomp\n|-boost|p2a: Garchomp|atk|2\n|\n|upkeep\n|turn|12\n|inactive|Benjamin Gilbert has 270 seconds left.\n|\n|t:|1629072246\n|move|p1a: nina!|Moonblast|p2a: Garchomp\n|-supereffective|p2a: Garchomp\n|-crit|p2a: Garchomp\n|-damage|p2a: Garchomp|0 fnt\n|faint|p2a: Garchomp\n|\n|upkeep\n|\n|t:|1629072253\n|switch|p2a: Moltres|Moltres|100\/100\n|turn|13\n|inactive|Benjamin Gilbert has 240 seconds left.\n|\n|t:|1629072293\n|switch|p1a: autumn!|Diancie|100\/100\n|move|p2a: Moltres|Scorching Sands|p1a: autumn!\n|-supereffective|p1a: autumn!\n|-damage|p1a: autumn!|63\/100\n|\n|upkeep\n|turn|14\n|\n|t:|1629072300\n|switch|p2a: Lopunny|Lopunny-Mega, F|83\/100\n|detailschange|p1a: autumn!|Diancie-Mega\n|-mega|p1a: autumn!|Diancie|Diancite\n|move|p1a: autumn!|Diamond Storm|p2a: Lopunny\n|-resisted|p2a: Lopunny\n|-damage|p2a: Lopunny|52\/100\n|\n|upkeep\n|turn|15\n|j| MagikRoom\n|\n|t:|1629072311\n|switch|p1a: still the same|Blaziken, M|100\/100\n|move|p2a: Lopunny|Close Combat|p1a: still the same\n|-damage|p1a: still the same|7\/100\n|-unboost|p2a: Lopunny|def|1\n|-unboost|p2a: Lopunny|spd|1\n|\n|-fieldend|move: Psychic Terrain\n|upkeep\n|turn|16\n|\n|t:|1629072326\n|switch|p2a: Moltres|Moltres|100\/100\n|move|p1a: still the same|Protect||[still]\n|-fail|p1a: still the same\n|\n|-ability|p1a: still the same|Speed Boost|boost\n|-boost|p1a: still the same|spe|1\n|upkeep\n|turn|17\n|\n|t:|1629072330\n|-zpower|p1a: still the same\n|move|p1a: still the same|Inferno Overdrive|p2a: Moltres|[zeffect]\n|-resisted|p2a: Moltres\n|-damage|p2a: Moltres|63\/100\n|move|p2a: Moltres|Scorching Sands|p1a: still the same\n|-supereffective|p1a: still the same\n|-crit|p1a: still the same\n|-damage|p1a: still the same|0 fnt\n|faint|p1a: still the same\n|\n|upkeep\n|\n|t:|1629072338\n|switch|p1a: raindrop|Urshifu-Rapid-Strike, M|100\/100\n|turn|18\n|inactive|Benjamin Gilbert has 240 seconds left.\n|\n|t:|1629072358\n|switch|p2a: Arnold|Buzzwole|100\/100\n|move|p1a: raindrop|Surging Strikes|p2a: Arnold\n|-crit|p2a: Arnold\n|-damage|p2a: Arnold|82\/100\n|-crit|p2a: Arnold\n|-damage|p2a: Arnold|64\/100\n|-crit|p2a: Arnold\n|-damage|p2a: Arnold|47\/100\n|-hitcount|p2a: Arnold|3\n|\n|upkeep\n|turn|19\n|inactive|Benjamin Gilbert has 240 seconds left.\n|\n|t:|1629072372\n|switch|p2a: Moltres|Moltres|63\/100\n|move|p1a: raindrop|Surging Strikes|p2a: Moltres\n|-supereffective|p2a: Moltres\n|-crit|p2a: Moltres\n|-damage|p2a: Moltres|11\/100\n|-supereffective|p2a: Moltres\n|-crit|p2a: Moltres\n|-damage|p2a: Moltres|0 fnt\n|-status|p1a: raindrop|brn|[from] ability: Flame Body|[of] p2a: Moltres\n|faint|p2a: Moltres\n|-hitcount|p2: Moltres|2\n|\n|-damage|p1a: raindrop|94\/100 brn|[from] brn\n|upkeep\n|\n|t:|1629072380\n|switch|p2a: Arnold|Buzzwole|47\/100\n|turn|20\n|\n|t:|1629072383\n|move|p1a: raindrop|Surging Strikes|p2a: Arnold\n|-crit|p2a: Arnold\n|-damage|p2a: Arnold|37\/100\n|-crit|p2a: Arnold\n|-damage|p2a: Arnold|29\/100\n|-crit|p2a: Arnold\n|-damage|p2a: Arnold|20\/100\n|-hitcount|p2a: Arnold|3\n|move|p2a: Arnold|Substitute|p2a: Arnold\n|-fail|p2a: Arnold|move: Substitute|[weak]\n|\n|-damage|p1a: raindrop|88\/100 brn|[from] brn\n|upkeep\n|turn|21\n|inactive|Benjamin Gilbert has 240 seconds left.\n|c| ItsMrGlitch3r|brh\n|\n|t:|1629072405\n|move|p1a: raindrop|Surging Strikes|p2a: Arnold\n|-crit|p2a: Arnold\n|-damage|p2a: Arnold|10\/100\n|-crit|p2a: Arnold\n|-damage|p2a: Arnold|0 fnt\n|faint|p2a: Arnold\n|-hitcount|p2: Arnold|2\n|\n|-damage|p1a: raindrop|82\/100 brn|[from] brn\n|upkeep\n|c|\u2606painstendo.|Yea\n|\n|t:|1629072409\n|switch|p2a: Tapu Fini|Tapu Fini, shiny|34\/100\n|-fieldstart|move: Misty Terrain|[from] ability: Misty Surge|[of] p2a: Tapu Fini\n|turn|22\n|\n|t:|1629072415\n|switch|p1a: nina!|Tapu Lele|100\/100\n|-fieldstart|move: Psychic Terrain|[from] ability: Psychic Surge|[of] p1a: nina!\n|move|p2a: Tapu Fini|Draining Kiss|p1a: nina!\n|-damage|p1a: nina!|82\/100\n|-heal|p2a: Tapu Fini|45\/100|[from] drain|[of] p1a: nina!\n|\n|upkeep\n|turn|23\n|\n|t:|1629072424\n|move|p1a: nina!|Psychic|p2a: Tapu Fini\n|-damage|p2a: Tapu Fini|0 fnt\n|faint|p2a: Tapu Fini\n|\n|upkeep\n|\n|t:|1629072426\n|switch|p2a: Lopunny|Lopunny-Mega, F|52\/100\n|turn|24\n|\n|t:|1629072429\n|move|p2a: Lopunny|Fake Out|p1a: nina!\n|-activate|p1a: nina!|move: Psychic Terrain\n|move|p1a: nina!|Psychic|p2a: Lopunny\n|-supereffective|p2a: Lopunny\n|-damage|p2a: Lopunny|0 fnt\n|faint|p2a: Lopunny\n|\n|win|painstendo.\n|l|\u2606Benjamin Gilbert\n","uploadtime":1629072435,"views":10,"p1id":"painstendo","p2id":"benjamingilbert","formatid":"gen8nationaldex","rating":0,"private":0,"password":null}