{"id":"gen8ou-1678362314","p1":"dracaufeu shiny","p2":"STOKELESS","format":"gen8ou","log":"|j|\u2606dracaufeu shiny\n|j|\u2606STOKELESS\n|t:|1664986779\n|gametype|singles\n|player|p1|dracaufeu shiny|red|1607\n|player|p2|STOKELESS|veteran|1589\n|teamsize|p1|6\n|teamsize|p2|6\n|gen|8\n|tier|[Gen 8] OU\n|rated|\n|rule|Sleep Clause Mod: Limit one foe put to sleep\n|rule|Species Clause: Limit one of each Pok\u00e9mon\n|rule|OHKO Clause: OHKO moves are banned\n|rule|Evasion Items Clause: Evasion items are banned\n|rule|Evasion Moves Clause: Evasion moves are banned\n|rule|Endless Battle Clause: Forcing endless battles is banned\n|rule|HP Percentage Mod: HP is shown in percentages\n|rule|Dynamax Clause: You cannot dynamax\n|clearpoke\n|poke|p1|Tyranitar, M|\n|poke|p1|Excadrill, F|\n|poke|p1|Pelipper, M|\n|poke|p1|Urshifu-*, F|\n|poke|p1|Zapdos|\n|poke|p1|Ferrothorn, F|\n|poke|p2|Weavile, M|\n|poke|p2|Volcanion|\n|poke|p2|Landorus-Therian, M|\n|poke|p2|Zygarde-10%|\n|poke|p2|Zapdos|\n|poke|p2|Chansey, F|\n|teampreview\n|inactive|Battle timer is ON: inactive players will automatically lose when time's up. (requested by STOKELESS)\n|j| Malanaki\n|\n|t:|1664986790\n|start\n|switch|p1a: Zapdos|Zapdos, shiny|100\/100\n|switch|p2a: Zygarde|Zygarde-10%|100\/100\n|-ability|p2a: Zygarde|Aura Break\n|turn|1\n|\n|t:|1664986799\n|switch|p2a: Chansey|Chansey, F|100\/100\n|move|p1a: Zapdos|Hurricane|p2a: Chansey\n|-damage|p2a: Chansey|85\/100\n|-start|p2a: Chansey|confusion\n|\n|upkeep\n|turn|2\n|\n|t:|1664986804\n|move|p1a: Zapdos|Volt Switch|p2a: Chansey\n|-damage|p2a: Chansey|77\/100\n|\n|t:|1664986806\n|switch|p1a: Ferrothorn|Ferrothorn, F, shiny|100\/100|[from]move: Volt Switch\n|-activate|p2a: Chansey|confusion\n|move|p2a: Chansey|Stealth Rock|p1a: Ferrothorn\n|-sidestart|p1: dracaufeu shiny|move: Stealth Rock\n|\n|upkeep\n|turn|3\n|\n|t:|1664986810\n|switch|p2a: Volcanion|Volcanion|100\/100\n|move|p1a: Ferrothorn|Stealth Rock|p2a: Volcanion\n|-sidestart|p2: STOKELESS|move: Stealth Rock\n|\n|upkeep\n|turn|4\n|\n|t:|1664986817\n|move|p2a: Volcanion|Steam Eruption|p1a: Ferrothorn\n|-resisted|p1a: Ferrothorn\n|-damage|p1a: Ferrothorn|65\/100\n|move|p1a: Ferrothorn|Knock Off|p2a: Volcanion\n|-damage|p2a: Volcanion|80\/100\n|-enditem|p2a: Volcanion|Choice Specs|[from] move: Knock Off|[of] p1a: Ferrothorn\n|\n|-heal|p1a: Ferrothorn|71\/100|[from] item: Leftovers\n|upkeep\n|turn|5\n|\n|t:|1664986832\n|switch|p1a: Tyranitar|Tyranitar, M, shiny|100\/100\n|-damage|p1a: Tyranitar|88\/100|[from] Stealth Rock\n|-weather|Sandstorm|[from] ability: Sand Stream|[of] p1a: Tyranitar\n|move|p2a: Volcanion|Flamethrower|p1a: Tyranitar\n|-resisted|p1a: Tyranitar\n|-crit|p1a: Tyranitar\n|-damage|p1a: Tyranitar|63\/100\n|\n|-weather|Sandstorm|[upkeep]\n|-damage|p2a: Volcanion|74\/100|[from] Sandstorm\n|upkeep\n|turn|6\n|\n|t:|1664986839\n|move|p2a: Volcanion|Steam Eruption|p1a: Tyranitar\n|-supereffective|p1a: Tyranitar\n|-damage|p1a: Tyranitar|0 fnt\n|faint|p1a: Tyranitar\n|\n|-weather|Sandstorm|[upkeep]\n|-damage|p2a: Volcanion|68\/100|[from] Sandstorm\n|upkeep\n|\n|t:|1664986843\n|switch|p1a: Excadrill|Excadrill, F, shiny|100\/100\n|-damage|p1a: Excadrill|97\/100|[from] Stealth Rock\n|turn|7\n|\n|t:|1664986845\n|switch|p2a: Landorus|Landorus-Therian, M|100\/100\n|-damage|p2a: Landorus|88\/100|[from] Stealth Rock\n|-ability|p2a: Landorus|Intimidate|boost\n|-unboost|p1a: Excadrill|atk|1\n|move|p1a: Excadrill|Rapid Spin|p2a: Landorus\n|-damage|p2a: Landorus|79\/100\n|-boost|p1a: Excadrill|spe|1\n|-sideend|p1: dracaufeu shiny|Stealth Rock|[from] move: Rapid Spin|[of] p1a: Excadrill\n|\n|-weather|Sandstorm|[upkeep]\n|-heal|p1a: Excadrill|100\/100|[from] item: Leftovers\n|-heal|p2a: Landorus|85\/100|[from] item: Leftovers\n|upkeep\n|turn|8\n|\n|t:|1664986850\n|switch|p1a: Pelipper|Pelipper, M, shiny|100\/100\n|-weather|RainDance|[from] ability: Drizzle|[of] p1a: Pelipper\n|move|p2a: Landorus|Knock Off|p1a: Pelipper\n|-damage|p1a: Pelipper|58\/100\n|-enditem|p1a: Pelipper|Choice Specs|[from] move: Knock Off|[of] p2a: Landorus\n|\n|-weather|RainDance|[upkeep]\n|-heal|p2a: Landorus|91\/100|[from] item: Leftovers\n|upkeep\n|turn|9\n|\n|t:|1664986861\n|switch|p2a: Chansey|Chansey, F|77\/100\n|-damage|p2a: Chansey|64\/100|[from] Stealth Rock\n|move|p1a: Pelipper|U-turn|p2a: Chansey\n|-damage|p2a: Chansey|59\/100\n|\n|t:|1664986869\n|switch|p1a: Urshifu|Urshifu-Rapid-Strike, F|100\/100|[from]move: U-turn\n|\n|-weather|RainDance|[upkeep]\n|upkeep\n|turn|10\n|\n|t:|1664986871\n|switch|p2a: Zapdos|Zapdos, shiny|100\/100\n|move|p1a: Urshifu|Close Combat|p2a: Zapdos\n|-resisted|p2a: Zapdos\n|-damage|p2a: Zapdos|77\/100\n|-unboost|p1a: Urshifu|def|1\n|-unboost|p1a: Urshifu|spd|1\n|\n|-weather|RainDance|[upkeep]\n|upkeep\n|turn|11\n|\n|t:|1664986877\n|switch|p1a: Excadrill|Excadrill, F, shiny|100\/100\n|move|p2a: Zapdos|Defog|p1a: Excadrill\n|-unboost|p1a: Excadrill|evasion|1\n|-sideend|p2: STOKELESS|Stealth Rock|[from] move: Defog|[of] p2a: Zapdos\n|\n|-weather|RainDance|[upkeep]\n|upkeep\n|turn|12\n|\n|t:|1664986881\n|switch|p2a: Landorus|Landorus-Therian, M|91\/100\n|-ability|p2a: Landorus|Intimidate|boost\n|-unboost|p1a: Excadrill|atk|1\n|move|p1a: Excadrill|Iron Head|p2a: Landorus\n|-damage|p2a: Landorus|70\/100\n|\n|-weather|none\n|-heal|p2a: Landorus|76\/100|[from] item: Leftovers\n|upkeep\n|turn|13\n|l| Malanaki\n|\n|t:|1664986885\n|switch|p1a: Ferrothorn|Ferrothorn, F, shiny|71\/100\n|move|p2a: Landorus|U-turn|p1a: Ferrothorn\n|-damage|p1a: Ferrothorn|56\/100\n|-damage|p2a: Landorus|64\/100|[from] ability: Iron Barbs|[of] p1a: Ferrothorn\n|\n|t:|1664986888\n|switch|p2a: Volcanion|Volcanion|68\/100|[from]move: U-turn\n|\n|-heal|p1a: Ferrothorn|63\/100|[from] item: Leftovers\n|upkeep\n|turn|14\n|\n|t:|1664986893\n|move|p2a: Volcanion|Flamethrower|p1a: Ferrothorn\n|-supereffective|p1a: Ferrothorn\n|-damage|p1a: Ferrothorn|0 fnt\n|faint|p1a: Ferrothorn\n|\n|upkeep\n|\n|t:|1664986896\n|switch|p1a: Zapdos|Zapdos, shiny|100\/100\n|turn|15\n|\n|t:|1664986901\n|switch|p2a: Chansey|Chansey, F|59\/100\n|move|p1a: Zapdos|Volt Switch|p2a: Chansey\n|-damage|p2a: Chansey|49\/100\n|\n|t:|1664986906\n|switch|p1a: Urshifu|Urshifu-Rapid-Strike, F|100\/100|[from]move: Volt Switch\n|\n|upkeep\n|turn|16\n|\n|t:|1664986910\n|switch|p2a: Volcanion|Volcanion|68\/100\n|move|p1a: Urshifu|U-turn|p2a: Volcanion\n|-resisted|p2a: Volcanion\n|-damage|p2a: Volcanion|56\/100\n|\n|t:|1664986915\n|switch|p1a: Zapdos|Zapdos, shiny|100\/100|[from]move: U-turn\n|\n|upkeep\n|turn|17\n|\n|t:|1664986919\n|switch|p2a: Chansey|Chansey, F|49\/100\n|move|p1a: Zapdos|Hurricane|p2a: Chansey\n|-damage|p2a: Chansey|36\/100\n|\n|upkeep\n|turn|18\n|\n|t:|1664986922\n|move|p1a: Zapdos|Volt Switch|p2a: Chansey\n|-damage|p2a: Chansey|26\/100\n|\n|t:|1664986927\n|switch|p1a: Urshifu|Urshifu-Rapid-Strike, F|100\/100|[from]move: Volt Switch\n|move|p2a: Chansey|Soft-Boiled|p2a: Chansey\n|-heal|p2a: Chansey|76\/100\n|\n|upkeep\n|turn|19\n|\n|t:|1664986932\n|switch|p2a: Zapdos|Zapdos, shiny|77\/100\n|move|p1a: Urshifu|Surging Strikes|p2a: Zapdos\n|-crit|p2a: Zapdos\n|-damage|p2a: Zapdos|63\/100\n|-crit|p2a: Zapdos\n|-damage|p2a: Zapdos|48\/100\n|-crit|p2a: Zapdos\n|-damage|p2a: Zapdos|32\/100\n|-hitcount|p2a: Zapdos|3\n|\n|upkeep\n|turn|20\n|\n|t:|1664986951\n|switch|p1a: Zapdos|Zapdos, shiny|100\/100\n|move|p2a: Zapdos|Roost|p2a: Zapdos\n|-heal|p2a: Zapdos|82\/100\n|-singleturn|p2a: Zapdos|move: Roost\n|\n|upkeep\n|turn|21\n|\n|t:|1664986959\n|move|p1a: Zapdos|Discharge|p2a: Zapdos\n|-damage|p2a: Zapdos|53\/100\n|move|p2a: Zapdos|Heat Wave|p1a: Zapdos\n|-damage|p1a: Zapdos|75\/100\n|\n|upkeep\n|turn|22\n|\n|t:|1664986964\n|move|p1a: Zapdos|Volt Switch|p2a: Zapdos\n|-crit|p2a: Zapdos\n|-damage|p2a: Zapdos|8\/100\n|\n|t:|1664986991\n|switch|p1a: Excadrill|Excadrill, F, shiny|100\/100|[from]move: Volt Switch\n|move|p2a: Zapdos|Roost|p2a: Zapdos\n|-heal|p2a: Zapdos|58\/100\n|-singleturn|p2a: Zapdos|move: Roost\n|\n|upkeep\n|turn|23\n|\n|t:|1664986998\n|move|p1a: Excadrill|Swords Dance|p1a: Excadrill\n|-boost|p1a: Excadrill|atk|2\n|move|p2a: Zapdos|Roost|p2a: Zapdos\n|-heal|p2a: Zapdos|100\/100\n|-singleturn|p2a: Zapdos|move: Roost\n|\n|upkeep\n|turn|24\n|\n|t:|1664987002\n|switch|p2a: Landorus|Landorus-Therian, M|64\/100\n|-ability|p2a: Landorus|Intimidate|boost\n|-unboost|p1a: Excadrill|atk|1\n|move|p1a: Excadrill|Iron Head|p2a: Landorus\n|-crit|p2a: Landorus\n|-damage|p2a: Landorus|0 fnt\n|faint|p2a: Landorus\n|\n|upkeep\n|\n|t:|1664987010\n|switch|p2a: Zygarde|Zygarde-10%|100\/100\n|-ability|p2a: Zygarde|Aura Break\n|turn|25\n|\n|t:|1664987016\n|switch|p1a: Pelipper|Pelipper, M, shiny|58\/100\n|-weather|RainDance|[from] ability: Drizzle|[of] p1a: Pelipper\n|move|p2a: Zygarde|Thousand Arrows|p1a: Pelipper\n|-damage|p1a: Pelipper|0 fnt\n|faint|p1a: Pelipper\n|\n|-weather|RainDance|[upkeep]\n|upkeep\n|\n|t:|1664987019\n|switch|p1a: Urshifu|Urshifu-Rapid-Strike, F|100\/100\n|turn|26\n|\n|t:|1664987021\n|switch|p2a: Zapdos|Zapdos, shiny|100\/100\n|move|p1a: Urshifu|U-turn|p2a: Zapdos\n|-resisted|p2a: Zapdos\n|-damage|p2a: Zapdos|92\/100\n|\n|t:|1664987025\n|switch|p1a: Excadrill|Excadrill, F, shiny|100\/100|[from]move: U-turn\n|\n|-weather|RainDance|[upkeep]\n|upkeep\n|turn|27\n|\n|t:|1664987029\n|move|p1a: Excadrill|Rapid Spin|p2a: Zapdos\n|-damage|p2a: Zapdos|79\/100\n|-boost|p1a: Excadrill|spe|1\n|-status|p1a: Excadrill|par|[from] ability: Static|[of] p2a: Zapdos\n|move|p2a: Zapdos|Heat Wave|p1a: Excadrill\n|-supereffective|p1a: Excadrill\n|-damage|p1a: Excadrill|65\/100 par\n|\n|-weather|RainDance|[upkeep]\n|-heal|p1a: Excadrill|71\/100 par|[from] item: Leftovers\n|upkeep\n|turn|28\n|\n|t:|1664987038\n|move|p2a: Zapdos|Heat Wave|p1a: Excadrill\n|-supereffective|p1a: Excadrill\n|-damage|p1a: Excadrill|33\/100 par\n|move|p1a: Excadrill|Rapid Spin|p2a: Zapdos\n|-damage|p2a: Zapdos|66\/100\n|-boost|p1a: Excadrill|spe|1\n|\n|-weather|RainDance|[upkeep]\n|-heal|p1a: Excadrill|40\/100 par|[from] item: Leftovers\n|upkeep\n|turn|29\n|\n|t:|1664987041\n|move|p1a: Excadrill|Iron Head|p2a: Zapdos\n|-resisted|p2a: Zapdos\n|-damage|p2a: Zapdos|51\/100\n|move|p2a: Zapdos|Heat Wave|p1a: Excadrill\n|-supereffective|p1a: Excadrill\n|-damage|p1a: Excadrill|7\/100 par\n|\n|-weather|none\n|-heal|p1a: Excadrill|13\/100 par|[from] item: Leftovers\n|upkeep\n|turn|30\n|\n|t:|1664987044\n|move|p1a: Excadrill|Iron Head|p2a: Zapdos\n|-resisted|p2a: Zapdos\n|-damage|p2a: Zapdos|37\/100\n|move|p2a: Zapdos|Roost|p2a: Zapdos\n|-heal|p2a: Zapdos|87\/100\n|-singleturn|p2a: Zapdos|move: Roost\n|\n|-heal|p1a: Excadrill|19\/100 par|[from] item: Leftovers\n|upkeep\n|turn|31\n|\n|t:|1664987048\n|move|p1a: Excadrill|Iron Head|p2a: Zapdos\n|-resisted|p2a: Zapdos\n|-damage|p2a: Zapdos|72\/100\n|cant|p2a: Zapdos|flinch\n|\n|-heal|p1a: Excadrill|25\/100 par|[from] item: Leftovers\n|upkeep\n|turn|32\n|\n|t:|1664987050\n|move|p1a: Excadrill|Iron Head|p2a: Zapdos\n|-resisted|p2a: Zapdos\n|-damage|p2a: Zapdos|57\/100\n|move|p2a: Zapdos|Roost|p2a: Zapdos\n|-heal|p2a: Zapdos|100\/100\n|-singleturn|p2a: Zapdos|move: Roost\n|\n|-heal|p1a: Excadrill|31\/100 par|[from] item: Leftovers\n|upkeep\n|turn|33\n|\n|t:|1664987054\n|cant|p1a: Excadrill|par\n|move|p2a: Zapdos|Heat Wave|p1a: Excadrill\n|-supereffective|p1a: Excadrill\n|-damage|p1a: Excadrill|0 fnt\n|faint|p1a: Excadrill\n|\n|upkeep\n|\n|t:|1664987057\n|switch|p1a: Urshifu|Urshifu-Rapid-Strike, F|100\/100\n|turn|34\n|-message|dracaufeu shiny forfeited.\n|\n|win|STOKELESS\n|raw|dracaufeu shiny's rating: 1607 &rarr; <strong>1586<\/strong><br \/>(-21 for losing)\n|raw|STOKELESS's rating: 1589 &rarr; <strong>1610<\/strong><br \/>(+21 for winning)\n|l|\u2606dracaufeu shiny\n","uploadtime":1664987064,"views":14,"p1id":"dracaufeushiny","p2id":"stokeless","formatid":"gen8ou","rating":1586,"private":0,"password":null}