{"id":"gen8ou-1611235020","p1":"dracaufeu shiny","p2":"Starfire Scarlet","format":"gen8ou","log":"|j|\u2606dracaufeu shiny\n|j|\u2606Starfire Scarlet\n|t:|1657075241\n|gametype|singles\n|player|p1|dracaufeu shiny|red|1677\n|player|p2|Starfire Scarlet|winona-gen6|1762\n|teamsize|p1|6\n|teamsize|p2|6\n|gen|8\n|tier|[Gen 8] OU\n|rated|\n|rule|Sleep Clause Mod: Limit one foe put to sleep\n|rule|Species Clause: Limit one of each Pok\u00e9mon\n|rule|OHKO Clause: OHKO moves are banned\n|rule|Evasion Moves Clause: Evasion moves are banned\n|rule|Endless Battle Clause: Forcing endless battles is banned\n|rule|HP Percentage Mod: HP is shown in percentages\n|rule|Dynamax Clause: You cannot dynamax\n|clearpoke\n|poke|p1|Mandibuzz, F|\n|poke|p1|Toxapex, F|\n|poke|p1|Landorus-Therian, M|\n|poke|p1|Melmetal|\n|poke|p1|Zapdos-Galar|\n|poke|p1|Regieleki|\n|poke|p2|Tyranitar, M|\n|poke|p2|Excadrill, M|\n|poke|p2|Ferrothorn, M|\n|poke|p2|Rotom-Wash|\n|poke|p2|Tapu Lele|\n|poke|p2|Hawlucha, M|\n|teampreview\n|j| BobbySweetASL\n|\n|t:|1657075257\n|start\n|switch|p1a: Melmetal|Melmetal|100\/100\n|switch|p2a: Tapu Lele|Tapu Lele|100\/100\n|-fieldstart|move: Psychic Terrain|[from] ability: Psychic Surge|[of] p2a: Tapu Lele\n|turn|1\n|\n|t:|1657075265\n|switch|p2a: Ferrothorn|Ferrothorn, M|100\/100\n|move|p1a: Melmetal|Double Iron Bash|p2a: Ferrothorn\n|-resisted|p2a: Ferrothorn\n|-damage|p2a: Ferrothorn|88\/100\n|-activate|p2a: Ferrothorn|ability: Iron Barbs\n|-activate|p1a: Melmetal|item: Protective Pads\n|-resisted|p2a: Ferrothorn\n|-damage|p2a: Ferrothorn|75\/100\n|-activate|p2a: Ferrothorn|ability: Iron Barbs\n|-activate|p1a: Melmetal|item: Protective Pads\n|-hitcount|p2a: Ferrothorn|2\n|\n|upkeep\n|turn|2\n|\n|t:|1657075276\n|move|p1a: Melmetal|Double Iron Bash|p2a: Ferrothorn\n|-resisted|p2a: Ferrothorn\n|-damage|p2a: Ferrothorn|62\/100\n|-activate|p2a: Ferrothorn|ability: Iron Barbs\n|-activate|p1a: Melmetal|item: Protective Pads\n|-resisted|p2a: Ferrothorn\n|-damage|p2a: Ferrothorn|50\/100\n|-activate|p2a: Ferrothorn|ability: Iron Barbs\n|-activate|p1a: Melmetal|item: Protective Pads\n|-hitcount|p2a: Ferrothorn|2\n|cant|p2a: Ferrothorn|flinch\n|\n|upkeep\n|turn|3\n|\n|t:|1657075286\n|switch|p2a: Rotom|Rotom-Wash|100\/100\n|move|p1a: Melmetal|Double Iron Bash|p2a: Rotom\n|-resisted|p2a: Rotom\n|-damage|p2a: Rotom|92\/100\n|-resisted|p2a: Rotom\n|-damage|p2a: Rotom|83\/100\n|-hitcount|p2a: Rotom|2\n|\n|-heal|p2a: Rotom|89\/100|[from] item: Leftovers\n|upkeep\n|turn|4\n|\n|t:|1657075297\n|move|p2a: Rotom|Will-O-Wisp|p1a: Melmetal\n|-status|p1a: Melmetal|brn\n|move|p1a: Melmetal|Toxic|p2a: Rotom\n|-status|p2a: Rotom|tox\n|\n|-heal|p2a: Rotom|96\/100 tox|[from] item: Leftovers\n|-damage|p2a: Rotom|89\/100 tox|[from] psn\n|-damage|p1a: Melmetal|94\/100 brn|[from] brn\n|upkeep\n|turn|5\n|\n|t:|1657075308\n|switch|p1a: Landorus|Landorus-Therian, M|100\/100\n|-ability|p1a: Landorus|Intimidate|boost\n|-unboost|p2a: Rotom|atk|1\n|move|p2a: Rotom|Volt Switch|p1a: Landorus\n|-immune|p1a: Landorus\n|\n|-heal|p2a: Rotom|96\/100 tox|[from] item: Leftovers\n|-damage|p2a: Rotom|83\/100 tox|[from] psn\n|-fieldend|move: Psychic Terrain\n|upkeep\n|turn|6\n|\n|t:|1657075320\n|move|p2a: Rotom|Hydro Pump|p1a: Landorus|[miss]\n|-miss|p2a: Rotom|p1a: Landorus\n|move|p1a: Landorus|Stealth Rock|p2a: Rotom\n|-sidestart|p2: Starfire Scarlet|move: Stealth Rock\n|\n|-heal|p2a: Rotom|89\/100 tox|[from] item: Leftovers\n|-damage|p2a: Rotom|71\/100 tox|[from] psn\n|upkeep\n|turn|7\n|\n|t:|1657075329\n|move|p2a: Rotom|Hydro Pump|p1a: Landorus\n|-supereffective|p1a: Landorus\n|-damage|p1a: Landorus|38\/100\n|move|p1a: Landorus|U-turn|p2a: Rotom\n|-damage|p2a: Rotom|52\/100 tox\n|\n|t:|1657075336\n|switch|p1a: Zapdos|Zapdos-Galar|100\/100|[from]move: U-turn\n|\n|-heal|p2a: Rotom|58\/100 tox|[from] item: Leftovers\n|-damage|p2a: Rotom|33\/100 tox|[from] psn\n|upkeep\n|turn|8\n|\n|t:|1657075343\n|switch|p2a: Ferrothorn|Ferrothorn, M|50\/100\n|-damage|p2a: Ferrothorn|44\/100|[from] Stealth Rock\n|move|p1a: Zapdos|Close Combat|p2a: Ferrothorn\n|-supereffective|p2a: Ferrothorn\n|-damage|p2a: Ferrothorn|0 fnt\n|-unboost|p1a: Zapdos|def|1\n|-unboost|p1a: Zapdos|spd|1\n|-damage|p1a: Zapdos|88\/100|[from] ability: Iron Barbs|[of] p2a: Ferrothorn\n|-damage|p1a: Zapdos|72\/100|[from] item: Rocky Helmet|[of] p2a: Ferrothorn\n|faint|p2a: Ferrothorn\n|\n|upkeep\n|j|+Wildfiree \u2764\n|\n|t:|1657075346\n|switch|p2a: Tapu Lele|Tapu Lele|100\/100\n|-damage|p2a: Tapu Lele|88\/100|[from] Stealth Rock\n|-fieldstart|move: Psychic Terrain|[from] ability: Psychic Surge|[of] p2a: Tapu Lele\n|turn|9\n|\n|t:|1657075362\n|switch|p1a: Melmetal|Melmetal|94\/100 brn\n|move|p2a: Tapu Lele|Focus Blast|p1a: Melmetal\n|-supereffective|p1a: Melmetal\n|-damage|p1a: Melmetal|0 fnt\n|faint|p1a: Melmetal\n|\n|upkeep\n|\n|t:|1657075376\n|switch|p1a: Regieleki|Regieleki|100\/100\n|turn|10\n|\n|t:|1657075382\n|switch|p1a: Zapdos|Zapdos-Galar|72\/100\n|switch|p2a: Rotom|Rotom-Wash|33\/100 tox\n|-damage|p2a: Rotom|21\/100 tox|[from] Stealth Rock\n|\n|-heal|p2a: Rotom|27\/100 tox|[from] item: Leftovers\n|-damage|p2a: Rotom|21\/100 tox|[from] psn\n|upkeep\n|turn|11\n|\n|t:|1657075394\n|move|p1a: Zapdos|Close Combat|p2a: Rotom\n|-damage|p2a: Rotom|0 fnt\n|-unboost|p1a: Zapdos|def|1\n|-unboost|p1a: Zapdos|spd|1\n|faint|p2a: Rotom\n|\n|upkeep\n|\n|t:|1657075396\n|switch|p2a: Tapu Lele|Tapu Lele|88\/100\n|-damage|p2a: Tapu Lele|76\/100|[from] Stealth Rock\n|turn|12\n|\n|t:|1657075409\n|switch|p1a: Toxapex|Toxapex, F|100\/100\n|move|p2a: Tapu Lele|Thunderbolt|p1a: Toxapex\n|-supereffective|p1a: Toxapex\n|-damage|p1a: Toxapex|14\/100\n|\n|-heal|p1a: Toxapex|20\/100|[from] item: Black Sludge\n|upkeep\n|turn|13\n|\n|t:|1657075419\n|switch|p2a: Tyranitar|Tyranitar, M|100\/100\n|-damage|p2a: Tyranitar|88\/100|[from] Stealth Rock\n|-weather|Sandstorm|[from] ability: Sand Stream|[of] p2a: Tyranitar\n|switch|p1a: Landorus|Landorus-Therian, M|38\/100\n|-ability|p1a: Landorus|Intimidate|boost\n|-unboost|p2a: Tyranitar|atk|1\n|\n|-weather|Sandstorm|[upkeep]\n|-heal|p1a: Landorus|44\/100|[from] item: Leftovers\n|-fieldend|move: Psychic Terrain\n|upkeep\n|turn|14\n|\n|t:|1657075433\n|move|p2a: Tyranitar|Ice Punch|p1a: Landorus\n|-supereffective|p1a: Landorus\n|-damage|p1a: Landorus|0 fnt\n|faint|p1a: Landorus\n|\n|-weather|Sandstorm|[upkeep]\n|upkeep\n|\n|t:|1657075440\n|switch|p1a: Zapdos|Zapdos-Galar|72\/100\n|turn|15\n|\n|t:|1657075445\n|switch|p2a: Tapu Lele|Tapu Lele|76\/100\n|-damage|p2a: Tapu Lele|63\/100|[from] Stealth Rock\n|-fieldstart|move: Psychic Terrain|[from] ability: Psychic Surge|[of] p2a: Tapu Lele\n|move|p1a: Zapdos|Thunderous Kick|p2a: Tapu Lele\n|-resisted|p2a: Tapu Lele\n|-damage|p2a: Tapu Lele|38\/100\n|-unboost|p2a: Tapu Lele|def|1\n|\n|-weather|Sandstorm|[upkeep]\n|-damage|p1a: Zapdos|65\/100|[from] Sandstorm\n|-damage|p2a: Tapu Lele|32\/100|[from] Sandstorm\n|upkeep\n|turn|16\n|\n|t:|1657075458\n|move|p1a: Zapdos|Thunderous Kick|p2a: Tapu Lele\n|-resisted|p2a: Tapu Lele\n|-damage|p2a: Tapu Lele|0 fnt\n|faint|p2a: Tapu Lele\n|\n|-weather|Sandstorm|[upkeep]\n|-damage|p1a: Zapdos|59\/100|[from] Sandstorm\n|upkeep\n|\n|t:|1657075460\n|switch|p2a: Hawlucha|Hawlucha, M|100\/100\n|-damage|p2a: Hawlucha|88\/100|[from] Stealth Rock\n|-enditem|p2a: Hawlucha|Psychic Seed\n|-boost|p2a: Hawlucha|spd|1|[from] item: Psychic Seed\n|turn|17\n|\n|t:|1657075471\n|switch|p1a: Mandibuzz|Mandibuzz, F|100\/100\n|move|p2a: Hawlucha|Swords Dance|p2a: Hawlucha\n|-boost|p2a: Hawlucha|atk|2\n|\n|-weather|none\n|upkeep\n|turn|18\n|\n|t:|1657075497\n|move|p2a: Hawlucha|Stone Edge|p1a: Mandibuzz\n|-supereffective|p1a: Mandibuzz\n|-damage|p1a: Mandibuzz|30\/100\n|move|p1a: Mandibuzz|Foul Play|p2a: Hawlucha\n|-resisted|p2a: Hawlucha\n|-damage|p2a: Hawlucha|25\/100\n|\n|upkeep\n|turn|19\n|\n|t:|1657075505\n|move|p2a: Hawlucha|Acrobatics|p1a: Mandibuzz\n|-damage|p1a: Mandibuzz|0 fnt\n|faint|p1a: Mandibuzz\n|\n|-fieldend|move: Psychic Terrain\n|upkeep\n|\n|t:|1657075517\n|switch|p1a: Regieleki|Regieleki|100\/100\n|turn|20\n|\n|t:|1657075522\n|move|p2a: Hawlucha|Close Combat|p1a: Regieleki\n|-damage|p1a: Regieleki|0 fnt\n|-unboost|p2a: Hawlucha|def|1\n|-unboost|p2a: Hawlucha|spd|1\n|faint|p1a: Regieleki\n|\n|upkeep\n|\n|t:|1657075528\n|switch|p1a: Toxapex|Toxapex, F|53\/100\n|turn|21\n|\n|t:|1657075540\n|move|p2a: Hawlucha|Acrobatics|p1a: Toxapex\n|-damage|p1a: Toxapex|0 fnt\n|faint|p1a: Toxapex\n|\n|upkeep\n|-message|dracaufeu shiny forfeited.\n|\n|win|Starfire Scarlet\n|raw|dracaufeu shiny's rating: 1677 &rarr; <strong>1662<\/strong><br \/>(-15 for losing)\n|raw|Starfire Scarlet's rating: 1762 &rarr; <strong>1777<\/strong><br \/>(+15 for winning)\n|l|\u2606dracaufeu shiny\n","uploadtime":1657075548,"views":19,"p1id":"dracaufeushiny","p2id":"starfirescarlet","formatid":"gen8ou","rating":1662,"private":0,"password":null}