{"id":"gen8randomdoublesbattle-1124891760","p1":"GameBoyFan","p2":"BaddyGames","format":"gen8randomdoublesbattle","log":"|j|\u2606GameBoyFan\n|j|\u2606BaddyGames\n|player|p1|GameBoyFan|ninjaboy|\n|player|p2|BaddyGames|275|\n|teamsize|p1|6\n|teamsize|p2|6\n|gametype|doubles\n|gen|8\n|tier|[Gen 8] Random Doubles Battle\n|rule|Species Clause: Limit one of each Pok\u00e9mon\n|rule|HP Percentage Mod: HP is shown in percentages\n|\n|start\n|switch|p1a: Milotic|Milotic, L79, M|280\/280\n|switch|p1b: Crustle|Crustle, L85, F|258\/258\n|switch|p2a: Rapidash|Rapidash, L83, F|243\/243\n|switch|p2b: Jirachi|Jirachi, L73|266\/266\n|turn|1\n|j| cutechem\n|j| ziggithzagoon\n|\n|move|p1b: Crustle|Protect|p1b: Crustle\n|-singleturn|p1b: Crustle|Protect\n|move|p2a: Rapidash|Wild Charge|p1a: Milotic\n|-supereffective|p1a: Milotic\n|-damage|p1a: Milotic|136\/280\n|-enditem|p1a: Milotic|Sitrus Berry|[eat]\n|-heal|p1a: Milotic|206\/280|[from] item: Sitrus Berry\n|-damage|p2a: Rapidash|207\/243|[from] Recoil\n|move|p2b: Jirachi|Iron Head|p1b: Crustle\n|-activate|p1b: Crustle|move: Protect\n|move|p1a: Milotic|Coil|p1a: Milotic\n|-boost|p1a: Milotic|atk|1\n|-boost|p1a: Milotic|def|1\n|-boost|p1a: Milotic|accuracy|1\n|\n|upkeep\n|turn|2\n|\n|switch|p2a: Magnezone|Magnezone, L80|243\/243\n|-item|p2a: Magnezone|Air Balloon\n|switch|p1b: Kommo-o|Kommo-o, L73, F|230\/230\n|move|p2b: Jirachi|Iron Head|p1b: Kommo-o\n|-damage|p1b: Kommo-o|172\/230\n|move|p1a: Milotic|Recover|p1a: Milotic\n|-heal|p1a: Milotic|280\/280\n|\n|upkeep\n|turn|3\n|\n|move|p1b: Kommo-o|Protect|p1b: Kommo-o\n|-singleturn|p1b: Kommo-o|Protect\n|move|p2b: Jirachi|Iron Head|p1b: Kommo-o\n|-activate|p1b: Kommo-o|move: Protect\n|move|p1a: Milotic|Hypnosis|p2a: Magnezone\n|-status|p2a: Magnezone|slp|[from] move: Hypnosis\n|cant|p2a: Magnezone|slp\n|\n|upkeep\n|turn|4\n|\n|move|p2b: Jirachi|Fire Punch|p1b: Kommo-o\n|-resisted|p1b: Kommo-o\n|-damage|p1b: Kommo-o|155\/230\n|-status|p1b: Kommo-o|brn\n|move|p1a: Milotic|Hypnosis|p2b: Jirachi\n|-status|p2b: Jirachi|slp|[from] move: Hypnosis\n|move|p1b: Kommo-o|Body Press|p2b: Jirachi\n|-damage|p2b: Jirachi|221\/266 slp\n|cant|p2a: Magnezone|slp\n|\n|-damage|p1b: Kommo-o|141\/230 brn|[from] brn\n|upkeep\n|turn|5\n|\n|cant|p2b: Jirachi|slp\n|move|p1a: Milotic|Muddy Water|p2b: Jirachi|[spread] p2a,p2b\n|-damage|p2a: Magnezone|171\/243 slp\n|-damage|p2b: Jirachi|158\/266 slp\n|-enditem|p2a: Magnezone|Air Balloon\n|move|p1b: Kommo-o|Iron Defense|p1b: Kommo-o\n|-boost|p1b: Kommo-o|def|2\n|-curestatus|p2a: Magnezone|slp|[msg]\n|move|p2a: Magnezone|Volt Switch|p1a: Milotic\n|-supereffective|p1a: Milotic\n|-damage|p1a: Milotic|148\/280\n|\n|switch|p2a: Espeon|Espeon, L81, F|238\/238\n|\n|-damage|p1b: Kommo-o|127\/230 brn|[from] brn\n|upkeep\n|turn|6\n|\n|move|p2a: Espeon|Calm Mind|p2a: Espeon\n|-boost|p2a: Espeon|spa|1\n|-boost|p2a: Espeon|spd|1\n|-curestatus|p2b: Jirachi|slp|[msg]\n|move|p2b: Jirachi|Iron Head|p1a: Milotic\n|-resisted|p1a: Milotic\n|-damage|p1a: Milotic|123\/280\n|move|p1a: Milotic|Recover|p1a: Milotic\n|-heal|p1a: Milotic|263\/280\n|move|p1b: Kommo-o|Draco Meteor|p2a: Espeon\n|-damage|p2a: Espeon|160\/238\n|-unboost|p1b: Kommo-o|spa|2\n|\n|-damage|p1b: Kommo-o|113\/230 brn|[from] brn\n|upkeep\n|-enditem|p1b: Kommo-o|Sitrus Berry|[eat]\n|-heal|p1b: Kommo-o|170\/230 brn|[from] item: Sitrus Berry\n|turn|7\n|\n|move|p2a: Espeon|Dazzling Gleam|p1b: Kommo-o|[spread] p1a,p1b\n|-supereffective|p1b: Kommo-o\n|-damage|p1a: Milotic|201\/280\n|-damage|p1b: Kommo-o|0 fnt\n|faint|p1b: Kommo-o\n|move|p2b: Jirachi|Life Dew|p2b: Jirachi|[spread] p2a,p2b\n|-heal|p2a: Espeon|220\/238\n|-heal|p2b: Jirachi|225\/266\n|move|p1a: Milotic|Hypnosis|p2a: Espeon\n|move|p2a: Espeon|Hypnosis|p1a: Milotic|[from]Magic Bounce|[miss]\n|-miss|p2a: Espeon|p1a: Milotic\n|\n|upkeep\n|\n|switch|p1b: Crustle|Crustle, L85, F|258\/258\n|turn|8\n|\n|move|p2a: Espeon|Psychic|p1a: Milotic\n|-damage|p1a: Milotic|71\/280\n|move|p2b: Jirachi|Iron Head|p1b: Crustle\n|-supereffective|p1b: Crustle\n|-damage|p1b: Crustle|160\/258\n|move|p1a: Milotic|Muddy Water|p2a: Espeon|[spread] p2a,p2b\n|-damage|p2a: Espeon|178\/238\n|-damage|p2b: Jirachi|158\/266\n|-unboost|p2b: Jirachi|accuracy|1\n|cant|p1b: Crustle|flinch\n|\n|upkeep\n|turn|9\n|\n|move|p2a: Espeon|Dazzling Gleam|p1a: Milotic|[spread] p1a,p1b\n|-damage|p1a: Milotic|6\/280\n|-damage|p1b: Crustle|70\/258\n|move|p2b: Jirachi|Life Dew|p2b: Jirachi|[spread] p2a,p2b\n|-heal|p2a: Espeon|238\/238\n|-heal|p2b: Jirachi|225\/266\n|move|p1a: Milotic|Recover|p1a: Milotic\n|-heal|p1a: Milotic|146\/280\n|move|p1b: Crustle|X-Scissor|p2a: Espeon\n|-supereffective|p2a: Espeon\n|-damage|p2a: Espeon|0 fnt\n|faint|p2a: Espeon\n|\n|upkeep\n|\n|switch|p2a: Rapidash|Rapidash, L83, F|207\/243\n|turn|10\n|\n|move|p1b: Crustle|Protect|p1b: Crustle\n|-singleturn|p1b: Crustle|Protect\n|move|p2a: Rapidash|Swords Dance|p2a: Rapidash\n|-boost|p2a: Rapidash|atk|2\n|move|p2b: Jirachi|Iron Head|p1b: Crustle\n|-activate|p1b: Crustle|move: Protect\n|move|p1a: Milotic|Recover|p1a: Milotic\n|-heal|p1a: Milotic|280\/280\n|\n|upkeep\n|turn|11\n|\n|switch|p2b: Magnezone|Magnezone, L80|171\/243\n|switch|p1b: Golurk|Golurk, L85|290\/290\n|-start|p2a: Rapidash|Dynamax\n|-heal|p2a: Rapidash|414\/486|[silent]\n|move|p2a: Rapidash|Max Lightning|p1a: Milotic\n|-supereffective|p1a: Milotic\n|-damage|p1a: Milotic|16\/280\n|-fieldstart|move: Electric Terrain\n|move|p1a: Milotic|Muddy Water|p2a: Rapidash|[spread] p2a,p2b\n|-supereffective|p2a: Rapidash\n|-damage|p2a: Rapidash|274\/486\n|-damage|p2b: Magnezone|102\/243\n|-unboost|p2b: Magnezone|accuracy|1\n|\n|upkeep\n|turn|12\n|c| cutechem|RIGGED!!111!1!\n|\n|switch|p1a: Zekrom|Zekrom, L70|256\/256\n|-ability|p1a: Zekrom|Teravolt\n|move|p2a: Rapidash|Max Flare|p1b: Golurk\n|-damage|p1b: Golurk|0 fnt\n|-weather|SunnyDay\n|faint|p1b: Golurk\n|move|p2b: Magnezone|Volt Switch|p1a: Zekrom\n|-resisted|p1a: Zekrom\n|-damage|p1a: Zekrom|227\/256\n|\n|switch|p2b: Jirachi|Jirachi, L73|225\/266\n|\n|-weather|SunnyDay|[upkeep]\n|upkeep\n|\n|switch|p1b: Aurorus|Aurorus, L81, M|331\/331\n|turn|13\n|c| cutechem|oof\n|\n|-start|p1a: Zekrom|Dynamax\n|-heal|p1a: Zekrom|454\/512|[silent]\n|move|p2a: Rapidash|Max Flare|p1a: Zekrom\n|-resisted|p1a: Zekrom\n|-damage|p1a: Zekrom|246\/512\n|-enditem|p1a: Zekrom|Sitrus Berry|[eat]\n|-heal|p1a: Zekrom|310\/512|[from] item: Sitrus Berry\n|move|p2b: Jirachi|Iron Head|p1b: Aurorus\n|-supereffective|p1b: Aurorus\n|-damage|p1b: Aurorus|7\/331\n|-enditem|p1b: Aurorus|Sitrus Berry|[eat]\n|-heal|p1b: Aurorus|89\/331|[from] item: Sitrus Berry\n|move|p1a: Zekrom|Max Lightning|p2a: Rapidash\n|-damage|p2a: Rapidash|21\/486\n|-enditem|p2a: Rapidash|Sitrus Berry|[eat]\n|-heal|p2a: Rapidash|81\/486|[from] item: Sitrus Berry\n|cant|p1b: Aurorus|flinch\n|\n|-weather|SunnyDay|[upkeep]\n|-end|p2a: Rapidash|Dynamax\n|-heal|p2a: Rapidash|41\/243|[silent]\n|upkeep\n|turn|14\n|c|\u2606GameBoyFan|i have milotic and min speed zekrom, and then the worst kommoo set and also 3 bad mons feelsbadman\n|\n|move|p2a: Rapidash|Morning Sun|p2a: Rapidash\n|-heal|p2a: Rapidash|203\/243\n|move|p2b: Jirachi|Iron Head|p1b: Aurorus\n|-supereffective|p1b: Aurorus\n|-damage|p1b: Aurorus|0 fnt\n|faint|p1b: Aurorus\n|move|p1a: Zekrom|Max Wyrmwind|p2a: Rapidash\n|-damage|p2a: Rapidash|47\/243\n|-unboost|p2a: Rapidash|atk|1\n|-unboost|p2b: Jirachi|atk|1\n|\n|-weather|SunnyDay|[upkeep]\n|upkeep\n|\n|switch|p1b: Milotic|Milotic, L79, M|16\/280\n|turn|15\n|\n|move|p2a: Rapidash|Morning Sun|p2a: Rapidash\n|-heal|p2a: Rapidash|209\/243\n|move|p2b: Jirachi|Iron Head|p1b: Milotic\n|-resisted|p1b: Milotic\n|-damage|p1b: Milotic|0 fnt\n|faint|p1b: Milotic\n|move|p1a: Zekrom|Max Wyrmwind|p2a: Rapidash\n|-damage|p2a: Rapidash|35\/243\n|-unboost|p2a: Rapidash|atk|1\n|-unboost|p2b: Jirachi|atk|1\n|\n|-weather|SunnyDay|[upkeep]\n|-fieldend|move: Electric Terrain\n|-end|p1a: Zekrom|Dynamax\n|-heal|p1a: Zekrom|155\/256|[silent]\n|upkeep\n|\n|switch|p1b: Crustle|Crustle, L85, F|70\/258\n|turn|16\n|\n|switch|p2b: Magnezone|Magnezone, L80|102\/243\n|move|p1b: Crustle|Protect|p1b: Crustle\n|-singleturn|p1b: Crustle|Protect\n|move|p2a: Rapidash|Morning Sun|p2a: Rapidash\n|-heal|p2a: Rapidash|197\/243\n|move|p1a: Zekrom|Roost|p1a: Zekrom\n|-heal|p1a: Zekrom|256\/256\n|-singleturn|p1a: Zekrom|move: Roost\n|\n|-weather|none\n|upkeep\n|turn|17\n|\n|move|p2a: Rapidash|Swords Dance|p2a: Rapidash\n|-boost|p2a: Rapidash|atk|2\n|move|p1a: Zekrom|Bolt Strike|p2a: Rapidash\n|-damage|p2a: Rapidash|23\/243\n|move|p2b: Magnezone|Flash Cannon|p1b: Crustle\n|-supereffective|p1b: Crustle\n|-damage|p1b: Crustle|0 fnt\n|faint|p1b: Crustle\n|\n|upkeep\n|turn|18\n|\n|move|p2a: Rapidash|Flare Blitz|p1a: Zekrom\n|-resisted|p1a: Zekrom\n|-damage|p1a: Zekrom|145\/256\n|-damage|p2a: Rapidash|0 fnt|[from] Recoil\n|faint|p2a: Rapidash\n|move|p1a: Zekrom|Dragon Claw|p2b: Magnezone\n|-resisted|p2b: Magnezone\n|-damage|p2b: Magnezone|63\/243\n|move|p2b: Magnezone|Flash Cannon|p1a: Zekrom\n|-resisted|p1a: Zekrom\n|-damage|p1a: Zekrom|88\/256\n|\n|upkeep\n|\n|switch|p2a: Jirachi|Jirachi, L73|225\/266\n|turn|19\n|\n|move|p2a: Jirachi|Iron Head|p1a: Zekrom\n|-resisted|p1a: Zekrom\n|-damage|p1a: Zekrom|59\/256\n|move|p1a: Zekrom|Roost|p1a: Zekrom\n|-heal|p1a: Zekrom|187\/256\n|-singleturn|p1a: Zekrom|move: Roost\n|move|p2b: Magnezone|Flash Cannon|p1a: Zekrom\n|-resisted|p1a: Zekrom\n|-damage|p1a: Zekrom|134\/256\n|\n|upkeep\n|turn|20\n|\n|move|p2a: Jirachi|Iron Head|p1a: Zekrom\n|-resisted|p1a: Zekrom\n|-damage|p1a: Zekrom|101\/256\n|move|p1a: Zekrom|Roost|p1a: Zekrom\n|-heal|p1a: Zekrom|229\/256\n|-singleturn|p1a: Zekrom|move: Roost\n|move|p2b: Magnezone|Flash Cannon|p1a: Zekrom\n|-resisted|p1a: Zekrom\n|-damage|p1a: Zekrom|178\/256\n|\n|upkeep\n|turn|21\n|\n|move|p2b: Magnezone|Protect|p2b: Magnezone\n|-singleturn|p2b: Magnezone|Protect\n|move|p2a: Jirachi|Fire Punch|p1a: Zekrom\n|-resisted|p1a: Zekrom\n|-damage|p1a: Zekrom|158\/256\n|move|p1a: Zekrom|Dragon Dance|p1a: Zekrom\n|-boost|p1a: Zekrom|atk|1\n|-boost|p1a: Zekrom|spe|1\n|\n|upkeep\n|turn|22\n|\n|move|p1a: Zekrom|Dragon Claw|p2b: Magnezone\n|-resisted|p2b: Magnezone\n|-damage|p2b: Magnezone|3\/243\n|move|p2a: Jirachi|Fire Punch|p1a: Zekrom\n|-resisted|p1a: Zekrom\n|-damage|p1a: Zekrom|138\/256\n|-status|p1a: Zekrom|brn\n|move|p2b: Magnezone|Flash Cannon|p1a: Zekrom\n|-resisted|p1a: Zekrom\n|-crit|p1a: Zekrom\n|-damage|p1a: Zekrom|58\/256 brn\n|\n|-damage|p1a: Zekrom|42\/256 brn|[from] brn\n|upkeep\n|turn|23\n|\n|move|p1a: Zekrom|Roost|p1a: Zekrom\n|-heal|p1a: Zekrom|170\/256 brn\n|-singleturn|p1a: Zekrom|move: Roost\n|move|p2a: Jirachi|Iron Head|p1a: Zekrom\n|-resisted|p1a: Zekrom\n|-damage|p1a: Zekrom|140\/256 brn\n|move|p2b: Magnezone|Flash Cannon|p1a: Zekrom\n|-resisted|p1a: Zekrom\n|-damage|p1a: Zekrom|86\/256 brn\n|\n|-damage|p1a: Zekrom|70\/256 brn|[from] brn\n|upkeep\n|turn|24\n|\n|move|p1a: Zekrom|Roost|p1a: Zekrom\n|-heal|p1a: Zekrom|198\/256 brn\n|-singleturn|p1a: Zekrom|move: Roost\n|move|p2a: Jirachi|Iron Head|p1a: Zekrom\n|-resisted|p1a: Zekrom\n|-damage|p1a: Zekrom|166\/256 brn\n|move|p2b: Magnezone|Flash Cannon|p1a: Zekrom\n|-resisted|p1a: Zekrom\n|-damage|p1a: Zekrom|108\/256 brn\n|-unboost|p1a: Zekrom|spd|1\n|\n|-damage|p1a: Zekrom|92\/256 brn|[from] brn\n|upkeep\n|turn|25\n|\n|move|p1a: Zekrom|Dragon Claw|p2b: Magnezone\n|-resisted|p2b: Magnezone\n|-damage|p2b: Magnezone|0 fnt\n|faint|p2b: Magnezone\n|move|p2a: Jirachi|Iron Head|p1a: Zekrom\n|-resisted|p1a: Zekrom\n|-damage|p1a: Zekrom|61\/256 brn\n|\n|-damage|p1a: Zekrom|45\/256 brn|[from] brn\n|upkeep\n|\n|switch|p2b: Basculin|Basculin, L87, F|264\/264\n|turn|26\n|\n|move|p1a: Zekrom|Roost|p1a: Zekrom\n|-heal|p1a: Zekrom|173\/256 brn\n|-singleturn|p1a: Zekrom|move: Roost\n|move|p2b: Basculin|Ice Beam|p1a: Zekrom\n|-supereffective|p1a: Zekrom\n|-damage|p1a: Zekrom|0 fnt\n|-damage|p2b: Basculin|238\/264|[from] item: Life Orb\n|faint|p1a: Zekrom\n|\n|win|BaddyGames\n|c|\u2606BaddyGames|gg\n|c| cutechem|gg\n","inputlog":">version 4db979a313dca7129cbbdcb669a854498304a08c\n>start {\"formatid\":\"gen8randomdoublesbattle\",\"seed\":[47161,44518,32475,2303]}\n>player p1 {\"name\":\"GameBoyFan\",\"avatar\":\"ninjaboy\",\"team\":\"\",\"rating\":0,\"seed\":[30282,41913,46303,23899]}\n>player p2 {\"name\":\"BaddyGames\",\"avatar\":\"275\",\"team\":\"\",\"rating\":0,\"seed\":[25231,15098,31195,31002]}\n>p1 move coil, move protect\n>p2 move wildcharge +1, move ironhead +2\n>p1 move recover, switch 3\n>p2 switch 3, move ironhead +2\n>p1 move hypnosis +1, move protect\n>p2 move voltswitch +1, move ironhead +2\n>p1 move hypnosis +2, move bodypress +2\n>p2 move voltswitch +1, move firepunch +2\n>p1 move muddywater, move irondefense\n>p2 move voltswitch +1, move lifedew\n>p2 switch 4, pass\n>p1 move recover, move dracometeor +1\n>p2 move calmmind, move ironhead +1\n>p1 move hypnosis +1, move bodypress +2\n>p2 move dazzlinggleam, move lifedew\n>p1 pass, switch 3\n>p1 move muddywater, move xscissor +1\n>p2 move psychic +1, move ironhead +2\n>p1 move recover, move xscissor +1\n>p2 move dazzlinggleam, move lifedew\n>p2 switch 3, pass\n>p1 move recover, move protect\n>p2 move swordsdance, move ironhead +2\n>p1 move muddywater, switch 5\n>p2 move wildcharge +1 dynamax, switch 4\n>p1 switch 4, move highhorsepower +1\n>p2 move flareblitz +2 dynamax, move voltswitch +1\n>p2 pass, switch 4\n>p1 pass, switch 6\n>p1 move boltstrike +1 dynamax, move earthpower +1\n>p2 move flareblitz +1 dynamax, move ironhead +2\n>p1 move dragonclaw +1 dynamax, move thunderwave +2\n>p2 move morningsun, move ironhead +2\n>p1 pass, switch 4\n>p1 move dragonclaw +1 dynamax, move recover\n>p2 move morningsun, move ironhead +2\n>p1 pass, switch 5\n>p1 move roost, move protect\n>p2 move morningsun, switch 4\n>p1 move boltstrike +1, move shellsmash\n>p2 move swordsdance, move flashcannon +2\n>p1 move dragonclaw +1, pass\n>p2 move flareblitz +1, move flashcannon +1\n>p2 switch 4, pass\n>p1 move roost, pass\n>p2 move ironhead +1, move flashcannon +1\n>p1 move roost, pass\n>p2 move ironhead +1, move flashcannon +1\n>p1 move dragondance, pass\n>p2 move firepunch +1, move protect\n>p1 move dragonclaw +2, pass\n>p2 move firepunch +1, move flashcannon +1\n>p1 move roost, pass\n>p2 move ironhead +1, move flashcannon +1\n>p1 move roost, pass\n>p2 move ironhead +1, move flashcannon +1\n>p1 move dragonclaw +2, pass\n>p2 move ironhead +1, move flashcannon +1\n>p2 pass, switch 6\n>p1 move roost, pass\n>p2 move ironhead +1, move icebeam +1","uploadtime":1591027632,"views":5,"p1id":"gameboyfan","p2id":"baddygames","formatid":"gen8randomdoublesbattle","rating":0,"private":0,"password":null}