{"id":"gen8uu-1563443616","p1":"Pee9ines","p2":"xskelly34","format":"gen8uu","log":"|html|<div class=\"broadcast-blue\"><strong>[Gen 8] UU is currently suspecting Moltres-Galar! For information on how to participate check out the <a href=\"https:\/\/www.smogon.com\/forums\/threads\/np-ss-uu-stage-12-get-lucky.3700621\/\">suspect thread<\/a>.<\/strong><\/div>\n|j|\u2606Pee9ines\n|j|\u2606xskelly34\n|inactive|Battle timer is ON: inactive players will automatically lose when time's up.\n|t:|1651171915\n|gametype|singles\n|player|p1|Pee9ines|cyrus|\n|player|p2|xskelly34|bugsy|\n|teamsize|p1|6\n|teamsize|p2|6\n|gen|8\n|tier|[Gen 8] UU\n|rated|Tournament battle\n|rule|Sleep Clause Mod: Limit one foe put to sleep\n|rule|Species Clause: Limit one of each Pok\u00e9mon\n|rule|OHKO Clause: OHKO moves are banned\n|rule|Evasion Moves Clause: Evasion moves are banned\n|rule|Endless Battle Clause: Forcing endless battles is banned\n|rule|HP Percentage Mod: HP is shown in percentages\n|rule|Dynamax Clause: You cannot dynamax\n|clearpoke\n|poke|p1|Krookodile, F|\n|poke|p1|Azelf|\n|poke|p1|Gyarados, M|\n|poke|p1|Grimmsnarl, M|\n|poke|p1|Moltres-Galar|\n|poke|p1|Arcanine, M|\n|poke|p2|Hippowdon, F|\n|poke|p2|Skarmory, M|\n|poke|p2|Zarude-Dada|\n|poke|p2|Slowking, M|\n|poke|p2|Thundurus-Therian, M|\n|poke|p2|Noivern, F|\n|teampreview\n|j|*Lady Monita \u273f\n|j| Saba1111\n|j|+heroictobias\n|j| Blitzburgh\n|j| racialslursayer\n|\n|t:|1651171926\n|start\n|switch|p1a: Arcanine|Arcanine, M|100\/100\n|switch|p2a: Noivern|Noivern, F|100\/100\n|-ability|p1a: Arcanine|Intimidate|boost\n|-unboost|p2a: Noivern|atk|1\n|turn|1\n|\n|t:|1651171937\n|switch|p1a: Azelf|Azelf|100\/100\n|move|p2a: Noivern|U-turn|p1a: Azelf\n|-supereffective|p1a: Azelf\n|-damage|p1a: Azelf|82\/100\n|\n|t:|1651171941\n|switch|p2a: Zarude|Zarude-Dada|100\/100|[from]move: U-turn\n|\n|upkeep\n|turn|2\n|j| white ceiling\n|j|+ChaosLucaro\n|n| superwholesome|racialslursayer\n|\n|t:|1651171950\n|switch|p2a: Skarmory|Skarmory, M|100\/100\n|move|p1a: Azelf|Reflect|p1a: Azelf\n|-sidestart|p1: Pee9ines|Reflect\n|\n|upkeep\n|turn|3\n|\n|t:|1651171961\n|switch|p2a: Slowking|Slowking, M|100\/100\n|move|p1a: Azelf|U-turn|p2a: Slowking\n|-supereffective|p2a: Slowking\n|-damage|p2a: Slowking|53\/100\n|\n|t:|1651171972\n|switch|p1a: Krookodile|Krookodile, F|100\/100|[from]move: U-turn\n|\n|upkeep\n|turn|4\n|\n|t:|1651171976\n|switch|p2a: Hippowdon|Hippowdon, F|100\/100\n|-weather|Sandstorm|[from] ability: Sand Stream|[of] p2a: Hippowdon\n|move|p1a: Krookodile|Crunch|p2a: Hippowdon\n|-damage|p2a: Hippowdon|72\/100\n|-damage|p1a: Krookodile|84\/100|[from] item: Rocky Helmet|[of] p2a: Hippowdon\n|\n|-weather|Sandstorm|[upkeep]\n|upkeep\n|turn|5\n|j| mike-r11\n|l| Saba1111\n|j| JA M0RANT\n|\n|t:|1651171993\n|switch|p1a: Azelf|Azelf|82\/100\n|move|p2a: Hippowdon|Stealth Rock|p1a: Azelf\n|-sidestart|p1: Pee9ines|move: Stealth Rock\n|\n|-weather|Sandstorm|[upkeep]\n|-damage|p1a: Azelf|76\/100|[from] Sandstorm\n|upkeep\n|turn|6\n|\n|t:|1651172011\n|move|p1a: Azelf|Stealth Rock|p2a: Hippowdon\n|-sidestart|p2: xskelly34|move: Stealth Rock\n|move|p2a: Hippowdon|Slack Off|p2a: Hippowdon\n|-heal|p2a: Hippowdon|100\/100\n|\n|-weather|Sandstorm|[upkeep]\n|-damage|p1a: Azelf|70\/100|[from] Sandstorm\n|-sideend|p1: Pee9ines|Reflect\n|upkeep\n|turn|7\n|j| piplupno1fan\n|l| piplupno1fan\n|\n|t:|1651172020\n|move|p1a: Azelf|Reflect|p1a: Azelf\n|-sidestart|p1: Pee9ines|Reflect\n|move|p2a: Hippowdon|Toxic|p1a: Azelf\n|-status|p1a: Azelf|tox\n|\n|-weather|Sandstorm|[upkeep]\n|-damage|p1a: Azelf|63\/100 tox|[from] Sandstorm\n|-damage|p1a: Azelf|57\/100 tox|[from] psn\n|upkeep\n|turn|8\n|\n|t:|1651172025\n|move|p1a: Azelf|Explosion|p2a: Hippowdon\n|-enditem|p1a: Azelf|Normal Gem|[from] gem\n|-damage|p2a: Hippowdon|13\/100\n|faint|p1a: Azelf\n|move|p2a: Hippowdon|Toxic|p1: Azelf|[notarget]\n|-fail|p2a: Hippowdon\n|\n|-weather|none\n|upkeep\n|j| McFanOfFun1\n|\n|t:|1651172034\n|switch|p1a: Grimmsnarl|Grimmsnarl, M|100\/100\n|-damage|p1a: Grimmsnarl|88\/100|[from] Stealth Rock\n|turn|9\n|j| Unexpected Winner\n|\n|t:|1651172040\n|move|p1a: Grimmsnarl|Fake Out|p2a: Hippowdon\n|-damage|p2a: Hippowdon|4\/100\n|-damage|p1a: Grimmsnarl|72\/100|[from] item: Rocky Helmet|[of] p2a: Hippowdon\n|cant|p2a: Hippowdon|flinch\n|\n|-heal|p1a: Grimmsnarl|78\/100|[from] item: Leftovers\n|upkeep\n|turn|10\n|l| Unexpected Winner\n|\n|t:|1651172045\n|switch|p2a: Skarmory|Skarmory, M|100\/100\n|-damage|p2a: Skarmory|88\/100|[from] Stealth Rock\n|move|p1a: Grimmsnarl|Sucker Punch||[still]\n|-fail|p1a: Grimmsnarl\n|\n|-heal|p1a: Grimmsnarl|84\/100|[from] item: Leftovers\n|upkeep\n|turn|11\n|\n|t:|1651172057\n|switch|p1a: Arcanine|Arcanine, M|100\/100\n|-damage|p1a: Arcanine|75\/100|[from] Stealth Rock\n|-ability|p1a: Arcanine|Intimidate|boost\n|-unboost|p2a: Skarmory|atk|1\n|move|p2a: Skarmory|Spikes|p1a: Arcanine\n|-sidestart|p1: Pee9ines|Spikes\n|\n|-heal|p1a: Arcanine|82\/100|[from] item: Leftovers\n|-sideend|p1: Pee9ines|Reflect\n|upkeep\n|turn|12\n|\n|t:|1651172070\n|switch|p2a: Hippowdon|Hippowdon, F|4\/100\n|-damage|p2a: Hippowdon|0 fnt|[from] Stealth Rock\n|faint|p2a: Hippowdon\n|move|p1a: Arcanine|Will-O-Wisp|p2: Hippowdon|[notarget]\n|-fail|p1a: Arcanine\n|\n|-heal|p1a: Arcanine|88\/100|[from] item: Leftovers\n|upkeep\n|j| LilUri\n|\n|t:|1651172081\n|switch|p2a: Noivern|Noivern, F|100\/100\n|turn|13\n|j| Vitoran\n|l| LilUri\n|inactive|Pee9ines has 120 seconds left.\n|\n|t:|1651172111\n|move|p2a: Noivern|Draco Meteor|p1a: Arcanine\n|-damage|p1a: Arcanine|24\/100\n|-unboost|p2a: Noivern|spa|2\n|move|p1a: Arcanine|Will-O-Wisp|p2a: Noivern|[miss]\n|-miss|p1a: Arcanine|p2a: Noivern\n|\n|-heal|p1a: Arcanine|31\/100|[from] item: Leftovers\n|upkeep\n|turn|14\n|\n|t:|1651172117\n|switch|p1a: Grimmsnarl|Grimmsnarl, M|84\/100\n|-damage|p1a: Grimmsnarl|72\/100|[from] Spikes\n|-damage|p1a: Grimmsnarl|59\/100|[from] Stealth Rock\n|move|p2a: Noivern|Draco Meteor|p1a: Grimmsnarl\n|-immune|p1a: Grimmsnarl\n|\n|-heal|p1a: Grimmsnarl|65\/100|[from] item: Leftovers\n|upkeep\n|turn|15\n|j| Wubben\n|l| Wubben\n|l|+ChaosLucaro\n|\n|t:|1651172131\n|switch|p2a: Skarmory|Skarmory, M|88\/100\n|-damage|p2a: Skarmory|76\/100|[from] Stealth Rock\n|move|p1a: Grimmsnarl|Bulk Up|p1a: Grimmsnarl\n|-boost|p1a: Grimmsnarl|atk|1\n|-boost|p1a: Grimmsnarl|def|1\n|\n|-heal|p1a: Grimmsnarl|72\/100|[from] item: Leftovers\n|upkeep\n|turn|16\n|inactive|Pee9ines has 120 seconds left.\n|j| gg i guess lmao\n|\n|t:|1651172158\n|switch|p1a: Arcanine|Arcanine, M|31\/100\n|-damage|p1a: Arcanine|18\/100|[from] Spikes\n|-damage|p1a: Arcanine|0 fnt|[from] Stealth Rock\n|faint|p1a: Arcanine\n|move|p2a: Skarmory|Iron Defense|p2a: Skarmory\n|-boost|p2a: Skarmory|def|2\n|\n|upkeep\n|\n|t:|1651172169\n|switch|p1a: Gyarados|Gyarados, M|100\/100\n|-damage|p1a: Gyarados|76\/100|[from] Stealth Rock\n|turn|17\n|\n|t:|1651172174\n|move|p1a: Gyarados|Dragon Dance|p1a: Gyarados\n|-boost|p1a: Gyarados|atk|1\n|-boost|p1a: Gyarados|spe|1\n|move|p2a: Skarmory|Iron Defense|p2a: Skarmory\n|-boost|p2a: Skarmory|def|2\n|\n|upkeep\n|turn|18\n|inactive|Pee9ines has 120 seconds left.\n|\n|t:|1651172180\n|move|p1a: Gyarados|Waterfall|p2a: Skarmory\n|-damage|p2a: Skarmory|61\/100\n|-damage|p1a: Gyarados|59\/100|[from] item: Rocky Helmet|[of] p2a: Skarmory\n|-damage|p1a: Gyarados|49\/100|[from] item: Life Orb\n|move|p2a: Skarmory|Iron Defense|p2a: Skarmory\n|-boost|p2a: Skarmory|def|2\n|\n|upkeep\n|turn|19\n|\n|t:|1651172187\n|move|p1a: Gyarados|Dragon Dance|p1a: Gyarados\n|-boost|p1a: Gyarados|atk|1\n|-boost|p1a: Gyarados|spe|1\n|move|p2a: Skarmory|Roost|p2a: Skarmory\n|-heal|p2a: Skarmory|100\/100\n|-singleturn|p2a: Skarmory|move: Roost\n|\n|upkeep\n|turn|20\n|\n|t:|1651172189\n|move|p1a: Gyarados|Dragon Dance|p1a: Gyarados\n|-boost|p1a: Gyarados|atk|1\n|-boost|p1a: Gyarados|spe|1\n|move|p2a: Skarmory|Body Press|p1a: Gyarados\n|-resisted|p1a: Gyarados\n|-damage|p1a: Gyarados|0 fnt\n|faint|p1a: Gyarados\n|\n|upkeep\n|c|\u2606Pee9ines|Gg bro\n|\n|t:|1651172206\n|switch|p1a: Moltres|Moltres-Galar|100\/100\n|-damage|p1a: Moltres|75\/100|[from] Stealth Rock\n|turn|21\n|\n|t:|1651172213\n|move|p1a: Moltres|Agility|p1a: Moltres\n|-boost|p1a: Moltres|spe|2\n|move|p2a: Skarmory|Body Press|p1a: Moltres\n|-damage|p1a: Moltres|0 fnt\n|faint|p1a: Moltres\n|\n|upkeep\n|c|\u2606xskelly34|gg\n|\n|t:|1651172224\n|switch|p1a: Grimmsnarl|Grimmsnarl, M|72\/100\n|-damage|p1a: Grimmsnarl|59\/100|[from] Spikes\n|-damage|p1a: Grimmsnarl|47\/100|[from] Stealth Rock\n|turn|22\n|l| mike-r11\n|\n|t:|1651172227\n|move|p1a: Grimmsnarl|Fake Out|p2a: Skarmory\n|-resisted|p2a: Skarmory\n|-damage|p2a: Skarmory|99\/100\n|-damage|p1a: Grimmsnarl|30\/100|[from] item: Rocky Helmet|[of] p2a: Skarmory\n|cant|p2a: Skarmory|flinch\n|\n|-heal|p1a: Grimmsnarl|36\/100|[from] item: Leftovers\n|upkeep\n|turn|23\n|j| elit3bc\n|\n|t:|1651172237\n|move|p1a: Grimmsnarl|Sucker Punch|p2a: Skarmory\n|-damage|p2a: Skarmory|94\/100\n|-damage|p1a: Grimmsnarl|20\/100|[from] item: Rocky Helmet|[of] p2a: Skarmory\n|move|p2a: Skarmory|Body Press|p1a: Grimmsnarl\n|-damage|p1a: Grimmsnarl|0 fnt\n|faint|p1a: Grimmsnarl\n|\n|upkeep\n|\n|t:|1651172243\n|switch|p1a: Krookodile|Krookodile, F|84\/100\n|-damage|p1a: Krookodile|78\/100|[from] Stealth Rock\n|-damage|p1a: Krookodile|66\/100|[from] Spikes\n|turn|24\n|j| Maric28\n|\n|t:|1651172251\n|move|p1a: Krookodile|Crunch|p2a: Skarmory\n|-damage|p2a: Skarmory|88\/100\n|-damage|p1a: Krookodile|49\/100|[from] item: Rocky Helmet|[of] p2a: Skarmory\n|move|p2a: Skarmory|Body Press|p1a: Krookodile\n|-supereffective|p1a: Krookodile\n|-damage|p1a: Krookodile|0 fnt\n|faint|p1a: Krookodile\n|\n|win|xskelly34\n|n|\u2606Pee9ines|pee9ines\n|n|\u2606xskelly34|xskelly34\n|n|*Lady Monita \u273f|ladymonita\n|n|+heroictobias|heroictobias\n|n| Blitzburgh|blitzburgh\n|n| white ceiling|whiteceiling\n|n| superwholesome|superwholesome\n|n| JA M0RANT|jam0rant\n|n| McFanOfFun1|mcfanoffun1\n|n| Vitoran|vitoran\n|n| gg i guess lmao|ggiguesslmao\n|n| elit3bc|elit3bc\n|n| Maric28|maric28\n","uploadtime":1651172252,"views":6,"p1id":"pee9ines","p2id":"xskelly34","formatid":"gen8uu","rating":0,"private":0,"password":null}