{"id":"gen8ou-1632243151","p1":"Daevank5","p2":"mega lucario 78","format":"gen8ou","log":"|j|\u2606Daevank5\n|j|\u2606mega lucario 78\n|t:|1659636239\n|gametype|singles\n|player|p1|Daevank5|266|1659\n|player|p2|mega lucario 78|korrina-masters|1707\n|teamsize|p1|6\n|teamsize|p2|6\n|gen|8\n|tier|[Gen 8] OU\n|rated|\n|rule|Sleep Clause Mod: Limit one foe put to sleep\n|rule|Species Clause: Limit one of each Pok\u00e9mon\n|rule|OHKO Clause: OHKO moves are banned\n|rule|Evasion Items Clause: Evasion items are banned\n|rule|Evasion Moves Clause: Evasion moves are banned\n|rule|Endless Battle Clause: Forcing endless battles is banned\n|rule|HP Percentage Mod: HP is shown in percentages\n|rule|Dynamax Clause: You cannot dynamax\n|clearpoke\n|poke|p1|Glastrier|\n|poke|p1|Mudsdale, F|\n|poke|p1|Keldeo-Resolute|\n|poke|p1|Calyrex|\n|poke|p1|Cobalion|\n|poke|p1|Terrakion|\n|poke|p2|Durant, M|\n|poke|p2|Magnezone|\n|poke|p2|Blissey, F|\n|poke|p2|Tornadus-Therian, M|\n|poke|p2|Tapu Fini|\n|poke|p2|Tapu Lele|\n|teampreview\n|inactive|Battle timer is ON: inactive players will automatically lose when time's up. (requested by Daevank5)\n|inactive|mega lucario 78 has 120 seconds left.\n|\n|t:|1659636297\n|start\n|switch|p1a: Cobalion|Cobalion|100\/100\n|switch|p2a: Tornadus|Tornadus-Therian, M|100\/100\n|turn|1\n|j| ThisIsntHilarious\n|\n|t:|1659636309\n|move|p2a: Tornadus|Hurricane|p1a: Cobalion\n|-damage|p1a: Cobalion|74\/100\n|move|p1a: Cobalion|Stone Edge|p2a: Tornadus|[miss]\n|-miss|p1a: Cobalion|p2a: Tornadus\n|\n|upkeep\n|turn|2\n|j| dieMoldau\n|\n|t:|1659636319\n|move|p2a: Tornadus|Hurricane|p1a: Cobalion\n|-damage|p1a: Cobalion|46\/100\n|move|p1a: Cobalion|Stone Edge|p2a: Tornadus\n|-supereffective|p2a: Tornadus\n|-damage|p2a: Tornadus|54\/100\n|\n|upkeep\n|turn|3\n|\n|t:|1659636324\n|move|p2a: Tornadus|Hurricane|p1a: Cobalion\n|-damage|p1a: Cobalion|17\/100\n|-start|p1a: Cobalion|confusion\n|-activate|p1a: Cobalion|confusion\n|-damage|p1a: Cobalion|9\/100|[from] confusion\n|\n|upkeep\n|turn|4\n|\n|t:|1659636336\n|move|p2a: Tornadus|Hurricane|p1a: Cobalion\n|-damage|p1a: Cobalion|0 fnt\n|faint|p1a: Cobalion\n|\n|upkeep\n|\n|t:|1659636355\n|switch|p1a: Glastrier|Glastrier|100\/100\n|turn|5\n|\n|t:|1659636362\n|move|p2a: Tornadus|U-turn|p1a: Glastrier\n|-damage|p1a: Glastrier|88\/100\n|\n|t:|1659636364\n|switch|p2a: Tapu Fini|Tapu Fini|100\/100|[from]move: U-turn\n|-fieldstart|move: Misty Terrain|[from] ability: Misty Surge|[of] p2a: Tapu Fini\n|move|p1a: Glastrier|Swords Dance|p1a: Glastrier\n|-boost|p1a: Glastrier|atk|2\n|\n|upkeep\n|turn|6\n|\n|t:|1659636366\n|move|p2a: Tapu Fini|Moonblast|p1a: Glastrier\n|-damage|p1a: Glastrier|50\/100\n|move|p1a: Glastrier|High Horsepower|p2a: Tapu Fini|[miss]\n|-miss|p1a: Glastrier|p2a: Tapu Fini\n|\n|upkeep\n|turn|7\n|\n|t:|1659636388\n|switch|p2a: Blissey|Blissey, F|100\/100\n|move|p1a: Glastrier|High Horsepower|p2a: Blissey\n|-damage|p2a: Blissey|37\/100\n|\n|upkeep\n|turn|8\n|\n|t:|1659636392\n|move|p1a: Glastrier|Icicle Crash|p2a: Blissey\n|-damage|p2a: Blissey|0 fnt\n|faint|p2a: Blissey\n|-ability|p1a: Glastrier|Chilling Neigh|boost\n|-boost|p1a: Glastrier|atk|1\n|\n|upkeep\n|\n|t:|1659636396\n|switch|p2a: Tapu Lele|Tapu Lele|100\/100\n|-fieldstart|move: Psychic Terrain|[from] ability: Psychic Surge|[of] p2a: Tapu Lele\n|turn|9\n|\n|t:|1659636408\n|switch|p1a: Calyrex|Calyrex|100\/100\n|-ability|p1a: Calyrex|Unnerve\n|move|p2a: Tapu Lele|Psychic|p1a: Calyrex\n|-resisted|p1a: Calyrex\n|-damage|p1a: Calyrex|69\/100\n|\n|-heal|p1a: Calyrex|75\/100|[from] item: Leftovers\n|upkeep\n|turn|10\n|\n|t:|1659636417\n|switch|p2a: Kevin|Durant, M|100\/100\n|switch|p1a: Terrakion|Terrakion|100\/100\n|\n|upkeep\n|turn|11\n|\n|t:|1659636422\n|move|p1a: Terrakion|Stone Edge|p2a: Kevin\n|-damage|p2a: Kevin|42\/100\n|move|p2a: Kevin|Iron Head|p1a: Terrakion|[miss]\n|-miss|p2a: Kevin|p1a: Terrakion\n|\n|upkeep\n|turn|12\n|\n|t:|1659636426\n|switch|p2a: Magnezone|Magnezone|100\/100\n|move|p1a: Terrakion|Stone Edge|p2a: Magnezone\n|-resisted|p2a: Magnezone\n|-damage|p2a: Magnezone|76\/100\n|\n|-heal|p2a: Magnezone|82\/100|[from] item: Leftovers\n|upkeep\n|turn|13\n|\n|t:|1659636431\n|switch|p1a: Mudsdale|Mudsdale, F|100\/100\n|move|p2a: Magnezone|Toxic|p1a: Mudsdale\n|-status|p1a: Mudsdale|tox\n|\n|-heal|p2a: Magnezone|88\/100|[from] item: Leftovers\n|-damage|p1a: Mudsdale|94\/100 tox|[from] psn\n|-fieldend|move: Psychic Terrain\n|upkeep\n|turn|14\n|\n|t:|1659636441\n|switch|p2a: Kevin|Durant, M|42\/100\n|move|p1a: Mudsdale|Stealth Rock|p2a: Kevin\n|-sidestart|p2: mega lucario 78|move: Stealth Rock\n|\n|-heal|p1a: Mudsdale|100\/100 tox|[from] item: Leftovers\n|-damage|p1a: Mudsdale|88\/100 tox|[from] psn\n|upkeep\n|turn|15\n|\n|t:|1659636445\n|move|p2a: Kevin|Hone Claws|p2a: Kevin\n|-boost|p2a: Kevin|atk|1\n|-boost|p2a: Kevin|accuracy|1\n|move|p1a: Mudsdale|Earthquake|p2a: Kevin\n|-crit|p2a: Kevin\n|-damage|p2a: Kevin|0 fnt\n|faint|p2a: Kevin\n|\n|-heal|p1a: Mudsdale|94\/100 tox|[from] item: Leftovers\n|-damage|p1a: Mudsdale|76\/100 tox|[from] psn\n|upkeep\n|\n|t:|1659636450\n|switch|p2a: Tapu Lele|Tapu Lele|100\/100\n|-damage|p2a: Tapu Lele|88\/100|[from] Stealth Rock\n|-fieldstart|move: Psychic Terrain|[from] ability: Psychic Surge|[of] p2a: Tapu Lele\n|turn|16\n|\n|t:|1659636459\n|move|p2a: Tapu Lele|Moonblast|p1a: Mudsdale\n|-damage|p1a: Mudsdale|10\/100 tox\n|-ability|p1a: Mudsdale|Stamina|boost\n|-boost|p1a: Mudsdale|def|1\n|move|p1a: Mudsdale|Earthquake|p2a: Tapu Lele\n|-damage|p2a: Tapu Lele|29\/100\n|\n|-heal|p1a: Mudsdale|16\/100 tox|[from] item: Leftovers\n|-damage|p1a: Mudsdale|0 fnt|[from] psn\n|faint|p1a: Mudsdale\n|upkeep\n|\n|t:|1659636470\n|switch|p1a: Terrakion|Terrakion|100\/100\n|turn|17\n|\n|t:|1659636481\n|switch|p2a: Tornadus|Tornadus-Therian, M|87\/100\n|move|p1a: Terrakion|Earthquake|p2a: Tornadus\n|-immune|p2a: Tornadus\n|\n|upkeep\n|turn|18\n|\n|t:|1659636488\n|switch|p1a: Calyrex|Calyrex|75\/100\n|-ability|p1a: Calyrex|Unnerve\n|move|p2a: Tornadus|Hurricane|p1a: Calyrex|[miss]\n|-miss|p2a: Tornadus|p1a: Calyrex\n|\n|-heal|p1a: Calyrex|81\/100|[from] item: Leftovers\n|upkeep\n|turn|19\n|\n|t:|1659636494\n|switch|p1a: Terrakion|Terrakion|100\/100\n|move|p2a: Tornadus|U-turn|p1a: Terrakion\n|-resisted|p1a: Terrakion\n|-damage|p1a: Terrakion|93\/100\n|\n|t:|1659636504\n|switch|p2a: Tapu Lele|Tapu Lele|29\/100|[from]move: U-turn\n|-damage|p2a: Tapu Lele|17\/100|[from] Stealth Rock\n|\n|upkeep\n|turn|20\n|\n|t:|1659636510\n|move|p1a: Terrakion|Stone Edge|p2a: Tapu Lele\n|-damage|p2a: Tapu Lele|0 fnt\n|faint|p2a: Tapu Lele\n|\n|-fieldend|move: Psychic Terrain\n|upkeep\n|\n|t:|1659636513\n|switch|p2a: Magnezone|Magnezone|88\/100\n|-damage|p2a: Magnezone|82\/100|[from] Stealth Rock\n|turn|21\n|\n|t:|1659636520\n|switch|p1a: Calyrex|Calyrex|81\/100\n|-ability|p1a: Calyrex|Unnerve\n|move|p2a: Magnezone|Thunderbolt|p1a: Calyrex\n|-resisted|p1a: Calyrex\n|-damage|p1a: Calyrex|68\/100\n|\n|-heal|p2a: Magnezone|88\/100|[from] item: Leftovers\n|-heal|p1a: Calyrex|74\/100|[from] item: Leftovers\n|upkeep\n|turn|22\n|\n|t:|1659636536\n|move|p2a: Magnezone|Body Press|p1a: Calyrex\n|-resisted|p1a: Calyrex\n|-damage|p1a: Calyrex|62\/100\n|move|p1a: Calyrex|Leech Seed|p2a: Magnezone\n|-start|p2a: Magnezone|move: Leech Seed\n|\n|-heal|p2a: Magnezone|94\/100|[from] item: Leftovers\n|-heal|p1a: Calyrex|68\/100|[from] item: Leftovers\n|-damage|p2a: Magnezone|82\/100|[from] Leech Seed|[of] p1a: Calyrex\n|-heal|p1a: Calyrex|76\/100|[silent]\n|upkeep\n|turn|23\n|\n|t:|1659636539\n|move|p2a: Magnezone|Toxic|p1a: Calyrex|[miss]\n|-miss|p2a: Magnezone|p1a: Calyrex\n|move|p1a: Calyrex|Leech Seed||[still]\n|-fail|p1a: Calyrex\n|\n|-heal|p2a: Magnezone|88\/100|[from] item: Leftovers\n|-heal|p1a: Calyrex|83\/100|[from] item: Leftovers\n|-damage|p2a: Magnezone|76\/100|[from] Leech Seed|[of] p1a: Calyrex\n|-heal|p1a: Calyrex|91\/100|[silent]\n|upkeep\n|turn|24\n|\n|t:|1659636560\n|switch|p1a: Glastrier|Glastrier|50\/100\n|move|p2a: Magnezone|Toxic|p1a: Glastrier\n|-status|p1a: Glastrier|tox\n|\n|-heal|p2a: Magnezone|82\/100|[from] item: Leftovers\n|-damage|p2a: Magnezone|69\/100|[from] Leech Seed|[of] p1a: Glastrier\n|-heal|p1a: Glastrier|60\/100 tox|[silent]\n|-damage|p1a: Glastrier|54\/100 tox|[from] psn\n|upkeep\n|turn|25\n|\n|t:|1659636568\n|switch|p2a: Tapu Fini|Tapu Fini|100\/100\n|-damage|p2a: Tapu Fini|88\/100|[from] Stealth Rock\n|-fieldstart|move: Misty Terrain|[from] ability: Misty Surge|[of] p2a: Tapu Fini\n|move|p1a: Glastrier|High Horsepower|p2a: Tapu Fini\n|-damage|p2a: Tapu Fini|51\/100\n|\n|-damage|p1a: Glastrier|42\/100 tox|[from] psn\n|upkeep\n|turn|26\n|\n|t:|1659636574\n|switch|p2a: Magnezone|Magnezone|69\/100\n|-damage|p2a: Magnezone|63\/100|[from] Stealth Rock\n|move|p1a: Glastrier|High Horsepower|p2a: Magnezone\n|-supereffective|p2a: Magnezone\n|-damage|p2a: Magnezone|0 fnt\n|faint|p2a: Magnezone\n|-ability|p1a: Glastrier|Chilling Neigh|boost\n|-boost|p1a: Glastrier|atk|1\n|\n|-damage|p1a: Glastrier|23\/100 tox|[from] psn\n|upkeep\n|\n|t:|1659636578\n|switch|p2a: Tapu Fini|Tapu Fini|51\/100\n|-damage|p2a: Tapu Fini|39\/100|[from] Stealth Rock\n|turn|27\n|\n|t:|1659636580\n|move|p2a: Tapu Fini|Moonblast|p1a: Glastrier\n|-damage|p1a: Glastrier|0 fnt\n|faint|p1a: Glastrier\n|\n|upkeep\n|\n|t:|1659636588\n|switch|p1a: Calyrex|Calyrex|91\/100\n|-ability|p1a: Calyrex|Unnerve\n|turn|28\n|\n|t:|1659636599\n|switch|p2a: Tornadus|Tornadus-Therian, M|100\/100\n|move|p1a: Calyrex|Psyshock|p2a: Tornadus\n|-damage|p2a: Tornadus|76\/100\n|\n|-heal|p1a: Calyrex|98\/100|[from] item: Leftovers\n|upkeep\n|turn|29\n|\n|t:|1659636601\n|move|p2a: Tornadus|Hurricane|p1a: Calyrex\n|-supereffective|p1a: Calyrex\n|-damage|p1a: Calyrex|40\/100\n|move|p1a: Calyrex|Psyshock|p2a: Tornadus\n|-damage|p2a: Tornadus|49\/100\n|\n|-heal|p1a: Calyrex|46\/100|[from] item: Leftovers\n|-fieldend|Misty Terrain\n|upkeep\n|turn|30\n|\n|t:|1659636604\n|move|p2a: Tornadus|Hurricane|p1a: Calyrex\n|-supereffective|p1a: Calyrex\n|-damage|p1a: Calyrex|0 fnt\n|faint|p1a: Calyrex\n|\n|upkeep\n|\n|t:|1659636606\n|switch|p1a: Terrakion|Terrakion|93\/100\n|turn|31\n|\n|t:|1659636609\n|move|p1a: Terrakion|Stone Edge|p2a: Tornadus\n|-supereffective|p2a: Tornadus\n|-damage|p2a: Tornadus|0 fnt\n|faint|p2a: Tornadus\n|\n|upkeep\n|\n|t:|1659636610\n|switch|p2a: Tapu Fini|Tapu Fini|39\/100\n|-damage|p2a: Tapu Fini|26\/100|[from] Stealth Rock\n|-fieldstart|move: Misty Terrain|[from] ability: Misty Surge|[of] p2a: Tapu Fini\n|turn|32\n|\n|t:|1659636615\n|switch|p1a: Keldeo|Keldeo-Resolute|100\/100\n|move|p2a: Tapu Fini|Moonblast|p1a: Keldeo\n|-supereffective|p1a: Keldeo\n|-damage|p1a: Keldeo|13\/100\n|\n|upkeep\n|turn|33\n|\n|t:|1659636617\n|move|p2a: Tapu Fini|Moonblast|p1a: Keldeo\n|-supereffective|p1a: Keldeo\n|-damage|p1a: Keldeo|0 fnt\n|faint|p1a: Keldeo\n|\n|upkeep\n|\n|t:|1659636619\n|switch|p1a: Terrakion|Terrakion|93\/100\n|turn|34\n|\n|t:|1659636621\n|move|p1a: Terrakion|Earthquake|p2a: Tapu Fini\n|-damage|p2a: Tapu Fini|0 fnt\n|faint|p2a: Tapu Fini\n|\n|win|Daevank5\n|raw|Daevank5's rating: 1659 &rarr; <strong>1682<\/strong><br \/>(+23 for winning)\n|raw|mega lucario 78's rating: 1707 &rarr; <strong>1684<\/strong><br \/>(-23 for losing)\n|l|\u2606mega lucario 78\n|l| ThisIsntHilarious\n||Ladder isn't responding, score probably updated but might not have (Request timeout).\n","uploadtime":1659636629,"views":41,"p1id":"daevank5","p2id":"megalucario78","formatid":"gen8ou","rating":1682,"private":0,"password":null}