{"id":"gen8ou-1446947502","p1":"Not Sarcasm","p2":"VSing a moron","format":"gen8ou","log":"|j|\u2606Not Sarcasm\n|j|\u2606VSing a moron\n|t:|1635810971\n|gametype|singles\n|player|p1|Not Sarcasm|170|1711\n|player|p2|VSing a moron|lucas|1806\n|teamsize|p1|6\n|teamsize|p2|6\n|gen|8\n|tier|[Gen 8] OU\n|rated|\n|rule|Sleep Clause Mod: Limit one foe put to sleep\n|rule|Species Clause: Limit one of each Pok\u00e9mon\n|rule|OHKO Clause: OHKO moves are banned\n|rule|Evasion Moves Clause: Evasion moves are banned\n|rule|Endless Battle Clause: Forcing endless battles is banned\n|rule|HP Percentage Mod: HP is shown in percentages\n|rule|Dynamax Clause: You cannot dynamax\n|clearpoke\n|poke|p1|Weavile, M|\n|poke|p1|Blacephalon|\n|poke|p1|Ferrothorn, F|\n|poke|p1|Landorus-Therian, M|\n|poke|p1|Heatran, M|\n|poke|p1|Dragapult, F|\n|poke|p2|Dragapult, M|\n|poke|p2|Blissey, F|\n|poke|p2|Magnezone|\n|poke|p2|Landorus-Therian, M|\n|poke|p2|Tapu Fini|\n|poke|p2|Melmetal|\n|teampreview\n|inactive|Battle timer is ON: inactive players will automatically lose when time's up. (requested by Not Sarcasm)\n|j| vepp\n|inactive|VSing a moron has 120 seconds left.\n|j| Ugugugur\n|inactive|VSing a moron has 90 seconds left.\n|j| mahomes sbmvp\n|\n|t:|1635811061\n|start\n|switch|p1a: Enten|Landorus-Therian, M, shiny|100\/100\n|switch|p2a: Landorus|Landorus-Therian, M|100\/100\n|-ability|p1a: Enten|Intimidate|boost\n|-unboost|p2a: Landorus|atk|1\n|-ability|p2a: Landorus|Intimidate|boost\n|-unboost|p1a: Enten|atk|1\n|turn|1\n|j| Volc is for pssys\n|j| t-yeu\n|\n|t:|1635811082\n|switch|p2a: Tapu Fini|Tapu Fini|100\/100\n|-fieldstart|move: Misty Terrain|[from] ability: Misty Surge|[of] p2a: Tapu Fini\n|move|p1a: Enten|U-turn|p2a: Tapu Fini\n|-resisted|p2a: Tapu Fini\n|-damage|p2a: Tapu Fini|95\/100\n|\n|t:|1635811088\n|switch|p1a: Ferrothorn|Ferrothorn, F|100\/100|[from]move: U-turn\n|\n|-heal|p2a: Tapu Fini|100\/100|[from] item: Leftovers\n|upkeep\n|turn|2\n|\n|t:|1635811095\n|switch|p2a: Magnezone|Magnezone|100\/100\n|move|p1a: Ferrothorn|Power Whip|p2a: Magnezone\n|-resisted|p2a: Magnezone\n|-damage|p2a: Magnezone|84\/100\n|-damage|p1a: Ferrothorn|84\/100|[from] item: Rocky Helmet|[of] p2a: Magnezone\n|\n|-heal|p1a: Ferrothorn|90\/100|[from] item: Leftovers\n|upkeep\n|turn|3\n|\n|t:|1635811103\n|move|p2a: Magnezone|Iron Defense|p2a: Magnezone\n|-boost|p2a: Magnezone|def|2\n|move|p1a: Ferrothorn|Leech Seed|p2a: Magnezone\n|-start|p2a: Magnezone|move: Leech Seed\n|\n|-heal|p1a: Ferrothorn|97\/100|[from] item: Leftovers\n|-damage|p2a: Magnezone|72\/100|[from] Leech Seed|[of] p1a: Ferrothorn\n|-heal|p1a: Ferrothorn|100\/100|[silent]\n|upkeep\n|turn|4\n|\n|t:|1635811110\n|move|p2a: Magnezone|Iron Defense|p2a: Magnezone\n|-boost|p2a: Magnezone|def|2\n|move|p1a: Ferrothorn|Spikes|p2a: Magnezone\n|-sidestart|p2: VSing a moron|Spikes\n|\n|-damage|p2a: Magnezone|59\/100|[from] Leech Seed|[of] p1a: Ferrothorn\n|upkeep\n|turn|5\n|\n|t:|1635811115\n|move|p2a: Magnezone|Body Press|p1a: Ferrothorn\n|-supereffective|p1a: Ferrothorn\n|-damage|p1a: Ferrothorn|10\/100\n|-damage|p2a: Magnezone|47\/100|[from] ability: Iron Barbs|[of] p1a: Ferrothorn\n|move|p1a: Ferrothorn|Spikes|p2a: Magnezone\n|-sidestart|p2: VSing a moron|Spikes\n|\n|-heal|p1a: Ferrothorn|16\/100|[from] item: Leftovers\n|-damage|p2a: Magnezone|34\/100|[from] Leech Seed|[of] p1a: Ferrothorn\n|-heal|p1a: Ferrothorn|26\/100|[silent]\n|-fieldend|Misty Terrain\n|upkeep\n|turn|6\n|\n|t:|1635811124\n|move|p2a: Magnezone|Body Press|p1a: Ferrothorn\n|-supereffective|p1a: Ferrothorn\n|-damage|p1a: Ferrothorn|0 fnt\n|-damage|p2a: Magnezone|22\/100|[from] ability: Iron Barbs|[of] p1a: Ferrothorn\n|faint|p1a: Ferrothorn\n|\n|upkeep\n|\n|t:|1635811130\n|switch|p1a: Blacephalon|Blacephalon|100\/100\n|turn|7\n|\n|t:|1635811135\n|switch|p2a: Blissey|Blissey, F|100\/100\n|move|p1a: Blacephalon|Trick|p2a: Blissey\n|-activate|p1a: Blacephalon|move: Trick|[of] p2a: Blissey\n|-item|p2a: Blissey|Choice Specs|[from] move: Trick\n|-item|p1a: Blacephalon|Heavy-Duty Boots|[from] move: Trick\n|\n|upkeep\n|turn|8\n|\n|t:|1635811141\n|move|p1a: Blacephalon|Shadow Ball|p2a: Blissey\n|-immune|p2a: Blissey\n|move|p2a: Blissey|Teleport|p2a: Blissey\n|\n|t:|1635811143\n|switch|p2a: Landorus|Landorus-Therian, M|100\/100|[from]move: Teleport\n|-ability|p2a: Landorus|Intimidate|boost\n|-unboost|p1a: Blacephalon|atk|1\n|\n|upkeep\n|turn|9\n|\n|t:|1635811151\n|switch|p1a: Enten|Landorus-Therian, M, shiny|100\/100\n|-ability|p1a: Enten|Intimidate|boost\n|-unboost|p2a: Landorus|atk|1\n|move|p2a: Landorus|Defog|p1a: Enten\n|-unboost|p1a: Enten|evasion|1\n|-sideend|p2: VSing a moron|Spikes|[from] move: Defog|[of] p2a: Landorus\n|\n|upkeep\n|turn|10\n|\n|t:|1635811161\n|move|p1a: Enten|Knock Off|p2a: Landorus\n|-damage|p2a: Landorus|66\/100\n|-enditem|p2a: Landorus|Leftovers|[from] move: Knock Off|[of] p1a: Enten\n|move|p2a: Landorus|Knock Off|p1a: Enten\n|-damage|p1a: Enten|76\/100\n|-enditem|p1a: Enten|Choice Scarf|[from] move: Knock Off|[of] p2a: Landorus\n|\n|upkeep\n|turn|11\n|\n|t:|1635811168\n|move|p2a: Landorus|U-turn|p1a: Enten\n|-resisted|p1a: Enten\n|-damage|p1a: Enten|66\/100\n|\n|t:|1635811174\n|switch|p2a: Tapu Fini|Tapu Fini|100\/100|[from]move: U-turn\n|-fieldstart|move: Misty Terrain|[from] ability: Misty Surge|[of] p2a: Tapu Fini\n|move|p1a: Enten|U-turn|p2a: Tapu Fini\n|-resisted|p2a: Tapu Fini\n|-damage|p2a: Tapu Fini|92\/100\n|\n|t:|1635811185\n|switch|p1a: Chaos|Heatran, M, shiny|100\/100|[from]move: U-turn\n|-item|p1a: Chaos|Air Balloon\n|\n|-heal|p2a: Tapu Fini|98\/100|[from] item: Leftovers\n|upkeep\n|turn|12\n|\n|t:|1635811201\n|move|p2a: Tapu Fini|Calm Mind|p2a: Tapu Fini\n|-boost|p2a: Tapu Fini|spa|1\n|-boost|p2a: Tapu Fini|spd|1\n|move|p1a: Chaos|Magma Storm|p2a: Tapu Fini|[miss]\n|-miss|p1a: Chaos|p2a: Tapu Fini\n|\n|-heal|p2a: Tapu Fini|100\/100|[from] item: Leftovers\n|upkeep\n|turn|13\n|-message|Not Sarcasm forfeited.\n|\n|win|VSing a moron\n|raw|Not Sarcasm's rating: 1711 &rarr; <strong>1696<\/strong><br \/>(-15 for losing)\n|raw|VSing a moron's rating: 1806 &rarr; <strong>1821<\/strong><br \/>(+15 for winning)\n|l|\u2606Not Sarcasm\n|c|\u2606VSing a moron|U went to tran\n|c|\u2606VSing a moron|on fini\n|l| Volc is for pssys\n|c|\u2606VSing a moron|to magma?\n|c|\u2606VSing a moron|dont use storm teams again\n|c| mahomes sbmvp|lol\n|l|\u2606VSing a moron\n|j|\u2606VSing a moron\n|player|p2|VSing a moron|lucas\n|c| mahomes sbmvp|second ferro died fini 6-0 anyway\n||Ladder isn't responding, score probably updated but might not have (Request timeout).\n","uploadtime":1635811240,"views":23,"p1id":"notsarcasm","p2id":"vsingamoron","formatid":"gen8ou","rating":1696,"private":0,"password":null}