{"id":"gen8ou-1596929997","p1":"xyz anxiety","p2":"zozb","format":"gen8ou","log":"|j|\u2606xyz anxiety\n|j|\u2606zozb\n|inactive|Battle timer is ON: inactive players will automatically lose when time's up.\n|t:|1655309299\n|gametype|singles\n|player|p1|xyz anxiety|gambler-gen1|\n|player|p2|zozb|preschooler|\n|teamsize|p1|6\n|teamsize|p2|6\n|gen|8\n|tier|[Gen 8] OU\n|rated|Tournament battle\n|rule|Sleep Clause Mod: Limit one foe put to sleep\n|rule|Species Clause: Limit one of each Pok\u00e9mon\n|rule|OHKO Clause: OHKO moves are banned\n|rule|Evasion Moves Clause: Evasion moves are banned\n|rule|Endless Battle Clause: Forcing endless battles is banned\n|rule|HP Percentage Mod: HP is shown in percentages\n|rule|Dynamax Clause: You cannot dynamax\n|clearpoke\n|poke|p1|Zeraora|\n|poke|p1|Ursaluna, M|\n|poke|p1|Jirachi|\n|poke|p1|Toxapex, M|\n|poke|p1|Landorus-Therian, M|\n|poke|p1|Tornadus-Therian, M|\n|poke|p2|Landorus-Therian, M|\n|poke|p2|Slowbro, F|\n|poke|p2|Ursaluna, M|\n|poke|p2|Tapu Koko|\n|poke|p2|Tornadus-Therian, M|\n|poke|p2|Umbreon, F|\n|teampreview\n|j| jrdog\n|j| Trailblazer324\n|j| L'chonk2\n|c| L'chonk2|umbreon\n|c|\u2606zozb|hf\n|c|\u2606xyz anxiety|u2\n|c| jrdog|wow would you cheat?\n|inactive|xyz anxiety has 120 seconds left.\n|inactive|zozb has 120 seconds left.\n|c| jrdog|how*\n|\n|t:|1655309339\n|start\n|switch|p1a: Tornadus|Tornadus-Therian, M|100\/100\n|switch|p2a: Tornadus|Tornadus-Therian, M|100\/100\n|turn|1\n|c|\u2606zozb|u just give ursaluna some good moves i guess\n|\n|t:|1655309355\n|move|p2a: Tornadus|U-turn|p1a: Tornadus\n|-resisted|p1a: Tornadus\n|-damage|p1a: Tornadus|93\/100\n|\n|t:|1655309358\n|switch|p2a: Slowbro|Slowbro, F|100\/100|[from]move: U-turn\n|move|p1a: Tornadus|Knock Off|p2a: Slowbro\n|-supereffective|p2a: Slowbro\n|-crit|p2a: Slowbro\n|-damage|p2a: Slowbro|51\/100\n|-enditem|p2a: Slowbro|Heavy-Duty Boots|[from] move: Knock Off|[of] p1a: Tornadus\n|\n|upkeep\n|turn|2\n|\n|t:|1655309363\n|move|p1a: Tornadus|Toxic|p2a: Slowbro\n|-status|p2a: Slowbro|tox\n|move|p2a: Slowbro|Slack Off|p2a: Slowbro\n|-heal|p2a: Slowbro|100\/100 tox\n|\n|-damage|p2a: Slowbro|94\/100 tox|[from] psn\n|upkeep\n|turn|3\n|\n|t:|1655309366\n|move|p1a: Tornadus|U-turn|p2a: Slowbro\n|-supereffective|p2a: Slowbro\n|-damage|p2a: Slowbro|71\/100 tox\n|\n|t:|1655309376\n|switch|p1a: Ursaluna|Ursaluna, M|100\/100|[from]move: U-turn\n|move|p2a: Slowbro|Trick Room|p2a: Slowbro\n|-fieldstart|move: Trick Room|[of] p2a: Slowbro\n|\n|-damage|p2a: Slowbro|58\/100 tox|[from] psn\n|-status|p1a: Ursaluna|brn|[from] item: Flame Orb\n|upkeep\n|turn|4\n|j| ty-tyui\u21bb\n|\n|t:|1655309383\n|switch|p2a: Ursaluna|Ursaluna, M|100\/100\n|move|p1a: Ursaluna|Facade|p2a: Ursaluna\n|-damage|p2a: Ursaluna|11\/100\n|\n|-damage|p1a: Ursaluna|94\/100 brn|[from] brn\n|-status|p2a: Ursaluna|brn|[from] item: Flame Orb\n|upkeep\n|turn|5\n|j|%htcl (>\u25e1<)\n|\n|t:|1655309391\n|switch|p1a: Toxapex|Toxapex, M|100\/100\n|move|p2a: Ursaluna|Close Combat|p1a: Toxapex\n|-resisted|p1a: Toxapex\n|-damage|p1a: Toxapex|75\/100\n|-unboost|p2a: Ursaluna|def|1\n|-unboost|p2a: Ursaluna|spd|1\n|\n|-damage|p2a: Ursaluna|5\/100 brn|[from] brn\n|upkeep\n|turn|6\n|\n|t:|1655309397\n|move|p1a: Toxapex|Scald|p2a: Ursaluna\n|-supereffective|p2a: Ursaluna\n|-damage|p2a: Ursaluna|0 fnt\n|faint|p2a: Ursaluna\n|\n|upkeep\n|\n|t:|1655309412\n|switch|p2a: Landorus|Landorus-Therian, M|100\/100\n|-ability|p2a: Landorus|Intimidate|boost\n|-unboost|p1a: Toxapex|atk|1\n|turn|7\n|c| jrdog|whats zera for\n|\n|t:|1655309423\n|move|p1a: Toxapex|Scald|p2a: Landorus\n|-supereffective|p2a: Landorus\n|-damage|p2a: Landorus|76\/100\n|-status|p2a: Landorus|brn\n|move|p2a: Landorus|Toxic|p1a: Toxapex\n|-immune|p1a: Toxapex\n|\n|-heal|p2a: Landorus|82\/100 brn|[from] item: Leftovers\n|-damage|p2a: Landorus|76\/100 brn|[from] brn\n|-fieldend|move: Trick Room\n|upkeep\n|turn|8\n|c|%htcl (>\u25e1<)|NP torn and stuff\n|c|%htcl (>\u25e1<)|i would assume\n|c| jrdog|oh\n|c| jrdog|yeah probably\n|j|%ian_yo\n|j| Stunfisk2140\n|c| Stunfisk2140|ursaluna\n|inactive|xyz anxiety has 120 seconds left.\n|c| Stunfisk2140|O_O\n|\n|t:|1655309468\n|move|p2a: Landorus|U-turn|p1a: Toxapex\n|-resisted|p1a: Toxapex\n|-damage|p1a: Toxapex|72\/100\n|\n|t:|1655309471\n|switch|p2a: Slowbro|Slowbro, F|92\/100 tox|[from]move: U-turn\n|move|p1a: Toxapex|Scald|p2a: Slowbro\n|-resisted|p2a: Slowbro\n|-damage|p2a: Slowbro|85\/100 tox\n|\n|-damage|p2a: Slowbro|79\/100 tox|[from] psn\n|upkeep\n|turn|9\n|\n|t:|1655309476\n|switch|p1a: Jirachi|Jirachi|100\/100\n|move|p2a: Slowbro|Teleport|p2a: Slowbro\n|l|%ian_yo\n|\n|t:|1655309483\n|switch|p2a: Tornadus|Tornadus-Therian, M|100\/100|[from]move: Teleport\n|\n|upkeep\n|turn|10\n|\n|t:|1655309489\n|switch|p1a: Toxapex|Toxapex, M|100\/100\n|move|p2a: Tornadus|Taunt|p1a: Toxapex\n|-start|p1a: Toxapex|move: Taunt\n|\n|upkeep\n|turn|11\n|l| Stunfisk2140\n|\n|t:|1655309496\n|move|p2a: Tornadus|Nasty Plot|p2a: Tornadus\n|-boost|p2a: Tornadus|spa|2\n|move|p1a: Toxapex|Knock Off|p2a: Tornadus\n|-damage|p2a: Tornadus|86\/100\n|-enditem|p2a: Tornadus|Heavy-Duty Boots|[from] move: Knock Off|[of] p1a: Toxapex\n|\n|upkeep\n|turn|12\n|j| ciol\n|c|\u2606xyz anxiety|interesting set\n|\n|t:|1655309506\n|switch|p1a: Jirachi|Jirachi|100\/100\n|move|p2a: Tornadus|Hurricane|p1a: Jirachi|[miss]\n|-miss|p2a: Tornadus|p1a: Jirachi\n|\n|upkeep\n|turn|13\n|c| jrdog|oof\n|j| SceptiledUP\n|j| yeshahR\n|\n|t:|1655309515\n|move|p2a: Tornadus|Taunt|p1a: Jirachi\n|-start|p1a: Jirachi|move: Taunt\n|cant|p1a: Jirachi|move: Taunt|Stealth Rock\n|\n|upkeep\n|turn|14\n|\n|t:|1655309519\n|move|p2a: Tornadus|Hurricane|p1a: Jirachi\n|-resisted|p1a: Jirachi\n|-damage|p1a: Jirachi|71\/100\n|move|p1a: Jirachi|U-turn|p2a: Tornadus\n|-resisted|p2a: Tornadus\n|-damage|p2a: Tornadus|78\/100\n|\n|t:|1655309522\n|switch|p1a: Zeraora|Zeraora|100\/100|[from]move: U-turn\n|\n|upkeep\n|turn|15\n|\n|t:|1655309528\n|move|p1a: Zeraora|Plasma Fists|p2a: Tornadus\n|-supereffective|p2a: Tornadus\n|-damage|p2a: Tornadus|0 fnt\n|-fieldactivate|move: Ion Deluge\n|-hint|Normal-type moves become Electric-type after using Plasma Fists.\n|faint|p2a: Tornadus\n|\n|upkeep\n|c|\u2606zozb|yh gg\n|c|\u2606xyz anxiety|gg\n|-message|zozb forfeited.\n|\n|win|xyz anxiety\n|n|\u2606xyz anxiety|xyzanxiety\n|n|\u2606zozb|zozb\n|n| jrdog|jrdog\n|n| Trailblazer324|trailblazer324\n|n| L'chonk2|lchonk2\n|n| ty-tyui\u21bb|tytyui\n|n| htcl (>\u25e1<)|htcl\n|n| ciol|ciol\n|n| SceptiledUP|sceptiledup\n|n| yeshahR|yeshahr\n","uploadtime":1655309541,"views":162,"p1id":"xyzanxiety","p2id":"zozb","formatid":"gen8ou","rating":0,"private":0,"password":null}