{"id":"gen8ou-1252718194","p1":"Vodyne","p2":"Thortep","format":"gen8ou","log":"|html|<div class=\"broadcast-blue\"><strong>[Gen 8] OU is currently suspecting Urshifu-S! For information on how to participate check out the <a href=\"https:\/\/www.smogon.com\/forums\/threads\/np-ss-ou-suspect-process-round-8-aint-no-rest-for-the-wicked.3675310\/\">suspect thread<\/a>.<\/strong><\/div>\n|j|\u2606Vodyne\n|j|\u2606Thortep\n|t:|1609312331\n|player|p1|Vodyne|2|1340\n|player|p2|Thortep|veteran|1364\n|teamsize|p1|6\n|teamsize|p2|6\n|gametype|singles\n|gen|8\n|tier|[Gen 8] OU\n|rated|\n|clearpoke\n|poke|p1|Snorlax, F|\n|poke|p1|Suicune|\n|poke|p1|Melmetal|\n|poke|p1|Victini|\n|poke|p1|Landorus-Therian, M|\n|poke|p1|Altaria, M|\n|poke|p2|Charizard, F|\n|poke|p2|Torkoal, F|\n|poke|p2|Victini|\n|poke|p2|Porygon2|\n|poke|p2|Zapdos|\n|poke|p2|Urshifu-*, F|\n|rule|Sleep Clause Mod: Limit one foe put to sleep\n|rule|Species Clause: Limit one of each Pok\u00e9mon\n|rule|OHKO Clause: OHKO moves are banned\n|rule|Evasion Moves Clause: Evasion moves are banned\n|rule|Endless Battle Clause: Forcing endless battles is banned\n|rule|HP Percentage Mod: HP is shown in percentages\n|rule|Dynamax Clause: You cannot dynamax\n|teampreview\n|inactive|Battle timer is ON: inactive players will automatically lose when time's up. (requested by Thortep)\n|\n|t:|1609312342\n|start\n|switch|p1a: Landorus|Landorus-Therian, M|100\/100\n|switch|p2a: Porygon2|Porygon2|100\/100\n|-ability|p1a: Landorus|Intimidate|boost\n|-unboost|p2a: Porygon2|atk|1\n|-ability|p2a: Porygon2|Download|boost\n|-boost|p2a: Porygon2|spa|1\n|turn|1\n|\n|t:|1609312349\n|move|p1a: Landorus|U-turn|p2a: Porygon2\n|-damage|p2a: Porygon2|84\/100\n|\n|t:|1609312357\n|switch|p1a: Snorlax|Snorlax, F|100\/100|[from]move: U-turn\n|move|p2a: Porygon2|Ice Beam|p1a: Snorlax\n|-damage|p1a: Snorlax|93\/100\n|\n|-heal|p1a: Snorlax|99\/100|[from] item: Leftovers\n|upkeep\n|turn|2\n|\n|t:|1609312364\n|move|p1a: Snorlax|Body Slam|p2a: Porygon2\n|-damage|p2a: Porygon2|63\/100\n|-status|p2a: Porygon2|par\n|move|p2a: Porygon2|Teleport|p2a: Porygon2\n|\n|t:|1609312371\n|switch|p2a: Torkoal|Torkoal, F|100\/100|[from]move: Teleport\n|-weather|SunnyDay|[from] ability: Drought|[of] p2a: Torkoal\n|\n|-weather|SunnyDay|[upkeep]\n|-heal|p1a: Snorlax|100\/100|[from] item: Leftovers\n|upkeep\n|turn|3\n|\n|t:|1609312376\n|switch|p1a: Altaria|Altaria, M|100\/100\n|-ability|p1a: Altaria|Cloud Nine\n|move|p2a: Torkoal|Stealth Rock|p1a: Altaria\n|-sidestart|p1: Vodyne|move: Stealth Rock\n|\n|-weather|SunnyDay|[upkeep]\n|upkeep\n|turn|4\n|\n|t:|1609312383\n|switch|p2a: Porygon2|Porygon2|63\/100 par\n|-ability|p2a: Porygon2|Download|boost\n|-boost|p2a: Porygon2|spa|1\n|move|p1a: Altaria|Defog|p2a: Porygon2\n|-unboost|p2a: Porygon2|evasion|1\n|-sideend|p1: Vodyne|Stealth Rock|[from] move: Defog|[of] p1a: Altaria\n|\n|-weather|SunnyDay|[upkeep]\n|upkeep\n|turn|5\n|\n|t:|1609312391\n|switch|p1a: Victini|Victini|100\/100\n|switch|p2a: Charizard|Charizard, F|100\/100\n|\n|-weather|SunnyDay|[upkeep]\n|-damage|p2a: Charizard|88\/100|[from] ability: Solar Power|[of] p2a: Charizard\n|upkeep\n|turn|6\n|\n|t:|1609312397\n|move|p1a: Victini|Bolt Strike|p2a: Charizard\n|-supereffective|p2a: Charizard\n|-damage|p2a: Charizard|0 fnt\n|faint|p2a: Charizard\n|\n|-weather|SunnyDay|[upkeep]\n|upkeep\n|\n|t:|1609312400\n|switch|p2a: Victini|Victini|100\/100\n|turn|7\n|\n|t:|1609312405\n|switch|p1a: Suicune|Suicune|100\/100\n|-ability|p1a: Suicune|Pressure\n|move|p2a: Victini|V-create|p1a: Suicune\n|-resisted|p1a: Suicune\n|-damage|p1a: Suicune|72\/100\n|-unboost|p2a: Victini|spe|1\n|-unboost|p2a: Victini|def|1\n|-unboost|p2a: Victini|spd|1\n|\n|-weather|SunnyDay|[upkeep]\n|-heal|p1a: Suicune|78\/100|[from] item: Leftovers\n|upkeep\n|turn|8\n|\n|t:|1609312413\n|switch|p2a: Zapdos|Zapdos|100\/100\n|switch|p1a: Altaria|Altaria, M|100\/100\n|-ability|p1a: Altaria|Cloud Nine\n|\n|-weather|SunnyDay|[upkeep]\n|upkeep\n|turn|9\n|\n|t:|1609312419\n|switch|p1a: Landorus|Landorus-Therian, M|100\/100\n|-ability|p1a: Landorus|Intimidate|boost\n|-unboost|p2a: Zapdos|atk|1\n|move|p2a: Zapdos|Discharge|p1a: Landorus\n|-immune|p1a: Landorus\n|\n|-weather|none\n|upkeep\n|turn|10\n|\n|t:|1609312426\n|switch|p2a: Urshifu|Urshifu, F|100\/100\n|move|p1a: Landorus|Stone Edge|p2a: Urshifu\n|-resisted|p2a: Urshifu\n|-damage|p2a: Urshifu|83\/100\n|\n|upkeep\n|turn|11\n|\n|t:|1609312431\n|switch|p1a: Suicune|Suicune|78\/100\n|-ability|p1a: Suicune|Pressure\n|move|p2a: Urshifu|Wicked Blow|p1a: Suicune\n|-crit|p1a: Suicune\n|-damage|p1a: Suicune|41\/100\n|\n|-heal|p1a: Suicune|48\/100|[from] item: Leftovers\n|upkeep\n|turn|12\n|\n|t:|1609312437\n|move|p2a: Urshifu|Wicked Blow|p1a: Suicune\n|-crit|p1a: Suicune\n|-damage|p1a: Suicune|15\/100\n|move|p1a: Suicune|Scald|p2a: Urshifu\n|-damage|p2a: Urshifu|42\/100\n|\n|-heal|p1a: Suicune|21\/100|[from] item: Leftovers\n|upkeep\n|turn|13\n|\n|t:|1609312453\n|switch|p1a: Melmetal|Melmetal|100\/100\n|move|p2a: Urshifu|Wicked Blow|p1a: Melmetal\n|-crit|p1a: Melmetal\n|-damage|p1a: Melmetal|62\/100\n|\n|upkeep\n|turn|14\n|\n|t:|1609312459\n|switch|p2a: Porygon2|Porygon2|63\/100 par\n|-ability|p2a: Porygon2|Download|boost\n|-boost|p2a: Porygon2|spa|1\n|move|p1a: Melmetal|Ice Punch|p2a: Porygon2\n|-damage|p2a: Porygon2|39\/100 par\n|\n|upkeep\n|turn|15\n|\n|t:|1609312465\n|move|p1a: Melmetal|Double Iron Bash|p2a: Porygon2\n|-damage|p2a: Porygon2|11\/100 par\n|-crit|p2a: Porygon2\n|-damage|p2a: Porygon2|0 fnt\n|-hitcount|p2a: Porygon2|2\n|faint|p2a: Porygon2\n|\n|upkeep\n|\n|t:|1609312468\n|switch|p2a: Victini|Victini|100\/100\n|turn|16\n|\n|t:|1609312473\n|move|p2a: Victini|U-turn|p1a: Melmetal\n|-resisted|p1a: Melmetal\n|-damage|p1a: Melmetal|56\/100\n|\n|t:|1609312476\n|switch|p2a: Zapdos|Zapdos|100\/100|[from]move: U-turn\n|move|p1a: Melmetal|Double Iron Bash|p2a: Zapdos\n|-resisted|p2a: Zapdos\n|-damage|p2a: Zapdos|80\/100\n|-status|p1a: Melmetal|par|[from] ability: Static|[of] p2a: Zapdos\n|-resisted|p2a: Zapdos\n|-damage|p2a: Zapdos|56\/100\n|-hitcount|p2a: Zapdos|2\n|\n|upkeep\n|turn|17\n|\n|t:|1609312480\n|move|p2a: Zapdos|Heat Wave|p1a: Melmetal\n|-supereffective|p1a: Melmetal\n|-damage|p1a: Melmetal|12\/100 par\n|move|p1a: Melmetal|Ice Punch|p2a: Zapdos\n|-supereffective|p2a: Zapdos\n|-damage|p2a: Zapdos|0 fnt\n|faint|p2a: Zapdos\n|\n|upkeep\n|\n|t:|1609312485\n|switch|p2a: Urshifu|Urshifu, F|42\/100\n|turn|18\n|\n|t:|1609312488\n|move|p2a: Urshifu|Wicked Blow|p1a: Melmetal\n|-crit|p1a: Melmetal\n|-damage|p1a: Melmetal|0 fnt\n|faint|p1a: Melmetal\n|\n|upkeep\n|\n|t:|1609312491\n|switch|p1a: Altaria|Altaria, M|100\/100\n|-ability|p1a: Altaria|Cloud Nine\n|turn|19\n|\n|t:|1609312493\n|move|p2a: Urshifu|Wicked Blow|p1a: Altaria\n|-crit|p1a: Altaria\n|-damage|p1a: Altaria|46\/100\n|move|p1a: Altaria|Moonblast|p2a: Urshifu\n|-supereffective|p2a: Urshifu\n|-damage|p2a: Urshifu|0 fnt\n|faint|p2a: Urshifu\n|\n|upkeep\n|\n|t:|1609312496\n|switch|p2a: Victini|Victini|100\/100\n|turn|20\n|\n|t:|1609312499\n|move|p2a: Victini|U-turn|p1a: Altaria\n|-resisted|p1a: Altaria\n|-damage|p1a: Altaria|40\/100\n|\n|t:|1609312501\n|switch|p2a: Torkoal|Torkoal, F|100\/100|[from]move: U-turn\n|-weather|SunnyDay|[from] ability: Drought|[of] p2a: Torkoal\n|move|p1a: Altaria|Roost|p1a: Altaria\n|-heal|p1a: Altaria|90\/100\n|-singleturn|p1a: Altaria|move: Roost\n|\n|-weather|SunnyDay|[upkeep]\n|upkeep\n|turn|21\n|\n|t:|1609312504\n|move|p1a: Altaria|Flamethrower|p2a: Torkoal\n|-resisted|p2a: Torkoal\n|-damage|p2a: Torkoal|89\/100\n|move|p2a: Torkoal|Stealth Rock|p1a: Altaria\n|-sidestart|p1: Vodyne|move: Stealth Rock\n|\n|-weather|SunnyDay|[upkeep]\n|upkeep\n|turn|22\n|\n|t:|1609312509\n|switch|p2a: Victini|Victini|100\/100\n|move|p1a: Altaria|Defog|p2a: Victini\n|-unboost|p2a: Victini|evasion|1\n|-sideend|p1: Vodyne|Stealth Rock|[from] move: Defog|[of] p1a: Altaria\n|\n|-weather|SunnyDay|[upkeep]\n|upkeep\n|turn|23\n|\n|t:|1609312518\n|move|p2a: Victini|V-create|p1a: Altaria\n|-resisted|p1a: Altaria\n|-damage|p1a: Altaria|59\/100\n|-unboost|p2a: Victini|spe|1\n|-unboost|p2a: Victini|def|1\n|-unboost|p2a: Victini|spd|1\n|move|p1a: Altaria|Roost|p1a: Altaria\n|-heal|p1a: Altaria|100\/100\n|-singleturn|p1a: Altaria|move: Roost\n|\n|-weather|SunnyDay|[upkeep]\n|upkeep\n|turn|24\n|\n|t:|1609312523\n|move|p2a: Victini|V-create|p1a: Altaria\n|-resisted|p1a: Altaria\n|-damage|p1a: Altaria|72\/100\n|-unboost|p2a: Victini|spe|1\n|-unboost|p2a: Victini|def|1\n|-unboost|p2a: Victini|spd|1\n|move|p1a: Altaria|Flamethrower|p2a: Victini\n|-resisted|p2a: Victini\n|-damage|p2a: Victini|84\/100\n|\n|-weather|SunnyDay|[upkeep]\n|upkeep\n|turn|25\n|-message|Thortep forfeited.\n|\n|win|Vodyne\n|l|\u2606Thortep\n|raw|Vodyne's rating: 1340 &rarr; <strong>1362<\/strong><br \/>(+22 for winning)\n|raw|Thortep's rating: 1364 &rarr; <strong>1343<\/strong><br \/>(-21 for losing)\n","uploadtime":1609312532,"views":12,"p1id":"vodyne","p2id":"thortep","formatid":"gen8ou","rating":1343,"private":0,"password":null}