{"id":"gen8ou-1681219800","p1":"minimax_ai","p2":"HQSTest","format":"gen8ou","log":"|j|\u2606minimax_ai\n|j|\u2606HQSTest\n|t:|1665283264\n|gametype|singles\n|player|p1|minimax_ai|lusamine-nihilego|1575\n|player|p2|HQSTest|veteranf|1601\n|teamsize|p1|6\n|teamsize|p2|6\n|gen|8\n|tier|[Gen 8] OU\n|rated|\n|rule|Sleep Clause Mod: Limit one foe put to sleep\n|rule|Species Clause: Limit one of each Pok\u00e9mon\n|rule|OHKO Clause: OHKO moves are banned\n|rule|Evasion Items Clause: Evasion items are banned\n|rule|Evasion Moves Clause: Evasion moves are banned\n|rule|Endless Battle Clause: Forcing endless battles is banned\n|rule|HP Percentage Mod: HP is shown in percentages\n|rule|Dynamax Clause: You cannot dynamax\n|clearpoke\n|poke|p1|Rotom-Wash|\n|poke|p1|Weavile, M|\n|poke|p1|Landorus-Therian, M|\n|poke|p1|Heatran, M|\n|poke|p1|Tangrowth, M|\n|poke|p1|Melmetal|\n|poke|p2|Aegislash, F|\n|poke|p2|Rillaboom, F|\n|poke|p2|Blaziken, M|\n|poke|p2|Moltres-Galar|\n|poke|p2|Crawdaunt, F|\n|poke|p2|Heatran, M|\n|teampreview\n|c|\u2606minimax_ai|hf\n|inactive|Battle timer is ON: inactive players will automatically lose when time's up. (requested by minimax_ai)\n|\n|t:|1665283268\n|start\n|switch|p1a: rotomwash|Rotom-Wash|100\/100\n|switch|p2a: Heatran|Heatran, M|100\/100\n|turn|1\n|\n|t:|1665283271\n|move|p2a: Heatran|Stealth Rock|p1a: rotomwash\n|-sidestart|p1: minimax_ai|move: Stealth Rock\n|move|p1a: rotomwash|Hydro Pump|p2a: Heatran\n|-supereffective|p2a: Heatran\n|-damage|p2a: Heatran|21\/100\n|\n|upkeep\n|turn|2\n|\n|t:|1665283277\n|move|p2a: Heatran|Steel Beam|p1a: rotomwash\n|-resisted|p1a: rotomwash\n|-damage|p1a: rotomwash|82\/100\n|-damage|p2a: Heatran|0 fnt|[from] mindblown\n|faint|p2a: Heatran\n|move|p1a: rotomwash|Hydro Pump|p2: Heatran|[notarget]\n|-fail|p1a: rotomwash\n|\n|-heal|p1a: rotomwash|88\/100|[from] item: Leftovers\n|upkeep\n|\n|t:|1665283283\n|switch|p2a: Rillaboom|Rillaboom, F|100\/100\n|-fieldstart|move: Grassy Terrain|[from] ability: Grassy Surge|[of] p2a: Rillaboom\n|turn|3\n|\n|t:|1665283287\n|switch|p1a: Tangrowth|Tangrowth, M|100\/100\n|-damage|p1a: Tangrowth|88\/100|[from] Stealth Rock\n|move|p2a: Rillaboom|Swords Dance|p2a: Rillaboom\n|-boost|p2a: Rillaboom|atk|2\n|\n|-heal|p1a: Tangrowth|94\/100|[from] Grassy Terrain\n|upkeep\n|turn|4\n|\n|t:|1665283290\n|move|p2a: Rillaboom|Swords Dance|p2a: Rillaboom\n|-boost|p2a: Rillaboom|atk|2\n|move|p1a: Tangrowth|Knock Off|p2a: Rillaboom\n|-damage|p2a: Rillaboom|76\/100\n|-enditem|p2a: Rillaboom|Life Orb|[from] move: Knock Off|[of] p1a: Tangrowth\n|\n|-heal|p2a: Rillaboom|82\/100|[from] Grassy Terrain\n|-heal|p1a: Tangrowth|100\/100|[from] Grassy Terrain\n|upkeep\n|turn|5\n|\n|t:|1665283292\n|move|p2a: Rillaboom|Swords Dance|p2a: Rillaboom\n|-boost|p2a: Rillaboom|atk|2\n|move|p1a: Tangrowth|Giga Drain|p2a: Rillaboom\n|-resisted|p2a: Rillaboom\n|-damage|p2a: Rillaboom|58\/100\n|\n|-heal|p2a: Rillaboom|64\/100|[from] Grassy Terrain\n|upkeep\n|turn|6\n|\n|t:|1665283295\n|move|p2a: Rillaboom|Knock Off|p1a: Tangrowth\n|-damage|p1a: Tangrowth|25\/100\n|-damage|p2a: Rillaboom|47\/100|[from] item: Rocky Helmet|[of] p1a: Tangrowth\n|-enditem|p1a: Tangrowth|Rocky Helmet|[from] move: Knock Off|[of] p2a: Rillaboom\n|move|p1a: Tangrowth|Giga Drain|p2a: Rillaboom\n|-resisted|p2a: Rillaboom\n|-damage|p2a: Rillaboom|22\/100\n|-heal|p1a: Tangrowth|35\/100|[from] drain|[of] p2a: Rillaboom\n|\n|-heal|p2a: Rillaboom|28\/100|[from] Grassy Terrain\n|-heal|p1a: Tangrowth|42\/100|[from] Grassy Terrain\n|upkeep\n|turn|7\n|\n|t:|1665283297\n|move|p2a: Rillaboom|Knock Off|p1a: Tangrowth\n|-damage|p1a: Tangrowth|0 fnt\n|faint|p1a: Tangrowth\n|\n|-heal|p2a: Rillaboom|34\/100|[from] Grassy Terrain\n|-fieldend|move: Grassy Terrain\n|upkeep\n|\n|t:|1665283297\n|switch|p1a: Heatran|Heatran, M|100\/100\n|-damage|p1a: Heatran|88\/100|[from] Stealth Rock\n|-item|p1a: Heatran|Air Balloon\n|turn|8\n|\n|t:|1665283300\n|move|p1a: Heatran|Eruption|p2a: Rillaboom\n|-supereffective|p2a: Rillaboom\n|-damage|p2a: Rillaboom|0 fnt\n|faint|p2a: Rillaboom\n|\n|upkeep\n|\n|t:|1665283313\n|switch|p2a: Blaziken|Blaziken, M|100\/100\n|turn|9\n|\n|t:|1665283315\n|move|p1a: Heatran|Earth Power|p2a: Blaziken\n|-supereffective|p2a: Blaziken\n|-damage|p2a: Blaziken|13\/100\n|move|p2a: Blaziken|Swords Dance|p2a: Blaziken\n|-boost|p2a: Blaziken|atk|2\n|\n|-heal|p2a: Blaziken|19\/100|[from] item: Leftovers\n|-ability|p2a: Blaziken|Speed Boost|boost\n|-boost|p2a: Blaziken|spe|1\n|upkeep\n|turn|10\n|\n|t:|1665283319\n|move|p2a: Blaziken|Close Combat|p1a: Heatran\n|-supereffective|p1a: Heatran\n|-damage|p1a: Heatran|0 fnt\n|-unboost|p2a: Blaziken|def|1\n|-unboost|p2a: Blaziken|spd|1\n|-enditem|p1a: Heatran|Air Balloon\n|faint|p1a: Heatran\n|\n|-heal|p2a: Blaziken|25\/100|[from] item: Leftovers\n|-ability|p2a: Blaziken|Speed Boost|boost\n|-boost|p2a: Blaziken|spe|1\n|upkeep\n|\n|t:|1665283319\n|switch|p1a: Weavile|Weavile, M|100\/100\n|-damage|p1a: Weavile|76\/100|[from] Stealth Rock\n|-ability|p1a: Weavile|Pressure\n|turn|11\n|\n|t:|1665283321\n|move|p2a: Blaziken|Protect|p2a: Blaziken\n|-singleturn|p2a: Blaziken|Protect\n|move|p1a: Weavile|Ice Shard|p2a: Blaziken\n|-activate|p2a: Blaziken|move: Protect\n|\n|-heal|p2a: Blaziken|31\/100|[from] item: Leftovers\n|-ability|p2a: Blaziken|Speed Boost|boost\n|-boost|p2a: Blaziken|spe|1\n|upkeep\n|turn|12\n|\n|t:|1665283324\n|switch|p2a: Crawdaunt|Crawdaunt, F|100\/100\n|move|p1a: Weavile|Ice Shard|p2a: Crawdaunt\n|-resisted|p2a: Crawdaunt\n|-damage|p2a: Crawdaunt|78\/100\n|\n|upkeep\n|turn|13\n|\n|t:|1665283327\n|move|p1a: Weavile|Ice Shard|p2a: Crawdaunt\n|-resisted|p2a: Crawdaunt\n|-damage|p2a: Crawdaunt|58\/100\n|move|p2a: Crawdaunt|Knock Off|p1a: Weavile\n|-resisted|p1a: Weavile\n|-damage|p1a: Weavile|1\/100\n|-enditem|p1a: Weavile|Choice Band|[from] move: Knock Off|[of] p2a: Crawdaunt\n|-damage|p2a: Crawdaunt|48\/100|[from] item: Life Orb\n|\n|upkeep\n|turn|14\n|\n|t:|1665283332\n|move|p2a: Crawdaunt|Aqua Jet|p1a: Weavile\n|-damage|p1a: Weavile|0 fnt\n|faint|p1a: Weavile\n|-damage|p2a: Crawdaunt|38\/100|[from] item: Life Orb\n|\n|upkeep\n|\n|t:|1665283332\n|switch|p1a: Melmetal|Melmetal|100\/100\n|-damage|p1a: Melmetal|94\/100|[from] Stealth Rock\n|turn|15\n|\n|t:|1665283334\n|move|p2a: Crawdaunt|Knock Off|p1a: Melmetal\n|-damage|p1a: Melmetal|45\/100\n|-enditem|p1a: Melmetal|Assault Vest|[from] move: Knock Off|[of] p2a: Crawdaunt\n|-damage|p2a: Crawdaunt|29\/100|[from] item: Life Orb\n|move|p1a: Melmetal|Double Iron Bash|p2a: Crawdaunt\n|-resisted|p2a: Crawdaunt\n|-damage|p2a: Crawdaunt|0 fnt\n|faint|p2a: Crawdaunt\n|-hitcount|p2: Crawdaunt|1\n|\n|upkeep\n|\n|t:|1665283346\n|switch|p2a: Blaziken|Blaziken, M|31\/100\n|turn|16\n|\n|t:|1665283347\n|move|p2a: Blaziken|Close Combat|p1a: Melmetal\n|-supereffective|p1a: Melmetal\n|-crit|p1a: Melmetal\n|-damage|p1a: Melmetal|0 fnt\n|-unboost|p2a: Blaziken|def|1\n|-unboost|p2a: Blaziken|spd|1\n|faint|p1a: Melmetal\n|\n|-heal|p2a: Blaziken|38\/100|[from] item: Leftovers\n|-ability|p2a: Blaziken|Speed Boost|boost\n|-boost|p2a: Blaziken|spe|1\n|upkeep\n|\n|t:|1665283347\n|switch|p1a: landorustherian|Landorus-Therian, M|100\/100\n|-damage|p1a: landorustherian|88\/100|[from] Stealth Rock\n|-ability|p1a: landorustherian|Intimidate|boost\n|-unboost|p2a: Blaziken|atk|1\n|turn|17\n|\n|t:|1665283351\n|move|p2a: Blaziken|Flare Blitz|p1a: landorustherian\n|-damage|p1a: landorustherian|45\/100\n|-damage|p2a: Blaziken|22\/100|[from] Recoil\n|move|p1a: landorustherian|Defog|p2a: Blaziken\n|-unboost|p2a: Blaziken|evasion|1\n|-sideend|p1: minimax_ai|Stealth Rock|[from] move: Defog|[of] p1a: landorustherian\n|\n|-heal|p2a: Blaziken|28\/100|[from] item: Leftovers\n|-heal|p1a: landorustherian|51\/100|[from] item: Leftovers\n|-ability|p2a: Blaziken|Speed Boost|boost\n|-boost|p2a: Blaziken|spe|1\n|upkeep\n|turn|18\n|\n|t:|1665283354\n|move|p2a: Blaziken|Flare Blitz|p1a: landorustherian\n|-damage|p1a: landorustherian|11\/100\n|-damage|p2a: Blaziken|13\/100|[from] Recoil\n|move|p1a: landorustherian|Defog|p2a: Blaziken\n|-unboost|p2a: Blaziken|evasion|1\n|\n|-heal|p2a: Blaziken|19\/100|[from] item: Leftovers\n|-heal|p1a: landorustherian|17\/100|[from] item: Leftovers\n|-ability|p2a: Blaziken|Speed Boost|boost\n|-boost|p2a: Blaziken|spe|1\n|upkeep\n|turn|19\n|\n|t:|1665283359\n|move|p2a: Blaziken|Flare Blitz|p1a: landorustherian\n|-damage|p1a: landorustherian|0 fnt\n|faint|p1a: landorustherian\n|-damage|p2a: Blaziken|13\/100|[from] Recoil\n|\n|-heal|p2a: Blaziken|19\/100|[from] item: Leftovers\n|-ability|p2a: Blaziken|Speed Boost|boost\n|-boost|p2a: Blaziken|spe|1\n|upkeep\n|\n|t:|1665283359\n|switch|p1a: rotomwash|Rotom-Wash|88\/100\n|turn|20\n|\n|t:|1665283363\n|move|p2a: Blaziken|Close Combat|p1a: rotomwash\n|-damage|p1a: rotomwash|45\/100\n|-unboost|p2a: Blaziken|def|1\n|-unboost|p2a: Blaziken|spd|1\n|move|p1a: rotomwash|Thunderbolt|p2a: Blaziken\n|-damage|p2a: Blaziken|0 fnt\n|faint|p2a: Blaziken\n|\n|-heal|p1a: rotomwash|51\/100|[from] item: Leftovers\n|upkeep\n|\n|t:|1665283368\n|switch|p2a: Moltres|Moltres-Galar|100\/100\n|turn|21\n|\n|t:|1665283378\n|move|p2a: Moltres|Nasty Plot|p2a: Moltres\n|-boost|p2a: Moltres|spa|2\n|move|p1a: rotomwash|Thunderbolt|p2a: Moltres\n|-supereffective|p2a: Moltres\n|-damage|p2a: Moltres|43\/100\n|-ability|p2a: Moltres|Berserk|boost\n|-boost|p2a: Moltres|spa|1\n|\n|-heal|p1a: rotomwash|58\/100|[from] item: Leftovers\n|upkeep\n|turn|22\n|\n|t:|1665283381\n|move|p2a: Moltres|Fiery Wrath|p1a: rotomwash\n|-damage|p1a: rotomwash|0 fnt\n|faint|p1a: rotomwash\n|\n|win|HQSTest\n|raw|minimax_ai's rating: 1575 &rarr; <strong>1556<\/strong><br \/>(-19 for losing)\n|raw|HQSTest's rating: 1601 &rarr; <strong>1620<\/strong><br \/>(+19 for winning)\n|c|\u2606minimax_ai|gg\n","uploadtime":1665283383,"views":14,"p1id":"minimaxai","p2id":"hqstest","formatid":"gen8ou","rating":1556,"private":0,"password":null}