{"id":"gen8ou-1618292938","p1":"illimited","p2":"fishy8995","format":"gen8ou","log":"|j|\u2606illimited\n|j|\u2606fishy8995\n|t:|1657942189\n|gametype|singles\n|player|p1|illimited|170|\n|player|p2|fishy8995|2|\n|teamsize|p1|6\n|teamsize|p2|6\n|gen|8\n|tier|[Gen 8] OU\n|rule|Sleep Clause Mod: Limit one foe put to sleep\n|rule|Species Clause: Limit one of each Pok\u00e9mon\n|rule|OHKO Clause: OHKO moves are banned\n|rule|Evasion Moves Clause: Evasion moves are banned\n|rule|Endless Battle Clause: Forcing endless battles is banned\n|rule|HP Percentage Mod: HP is shown in percentages\n|rule|Dynamax Clause: You cannot dynamax\n|clearpoke\n|poke|p1|Tapu Fini|\n|poke|p1|Landorus-Therian, M|\n|poke|p1|Ferrothorn, M|\n|poke|p1|Rotom-Heat|\n|poke|p1|Bisharp, M|\n|poke|p1|Dragapult, F|\n|poke|p2|Hippowdon, M|\n|poke|p2|Tyranitar, F|\n|poke|p2|Excadrill, F|\n|poke|p2|Latias, F|\n|poke|p2|Toxapex, F|\n|poke|p2|Dracozolt|\n|teampreview\n|c|\u2606illimited|hf\n|c|\u2606fishy8995|!showteam\n|c| fishy8995|\/raw <div class=\"infobox\"><details><summary>View team<\/summary>Hippowdon @ Smooth Rock  <br \/>Ability: Sand Stream  <br \/>EVs: 252 HP &#x2f; 252 Def &#x2f; 4 SpD  <br \/>Impish Nature  <br \/>IVs: 0 Atk  <br \/>- Whirlwind  <br \/>- Stealth Rock  <br \/>- Slack Off  <br \/>- Toxic  <br \/><br \/>Tyranitar @ Expert Belt  <br \/>Ability: Sand Stream  <br \/>EVs: 252 HP &#x2f; 76 Def &#x2f; 180 SpA  <br \/>Quiet Nature  <br \/>- Heavy Slam  <br \/>- Flamethrower  <br \/>- Ice Beam  <br \/>- Thunderbolt  <br \/><br \/>Excadrill @ Focus Sash  <br \/>Ability: Sand Rush  <br \/>Shiny: Yes  <br \/>EVs: 4 HP &#x2f; 252 Atk &#x2f; 252 Spe  <br \/>Adamant Nature  <br \/>- Earthquake  <br \/>- Swords Dance  <br \/>- Iron Head  <br \/>- Rock Slide  <br \/><br \/>Latias (F) @ Ring Target  <br \/>Ability: Levitate  <br \/>EVs: 252 HP &#x2f; 4 Def &#x2f; 252 Spe  <br \/>Timid Nature  <br \/>IVs: 0 Atk  <br \/>- Aura Sphere  <br \/>- Healing Wish  <br \/>- Trick  <br \/>- Defog  <br \/><br \/>Toxapex @ Black Sludge  <br \/>Ability: Regenerator  <br \/>EVs: 252 HP &#x2f; 124 Def &#x2f; 132 SpD  <br \/>Calm Nature  <br \/>IVs: 0 Atk  <br \/>- Scald  <br \/>- Toxic  <br \/>- Recover  <br \/>- Stockpile  <br \/><br \/>Dracozolt @ Life Orb  <br \/>Ability: Sand Rush  <br \/>EVs: 252 Atk &#x2f; 4 SpA &#x2f; 252 Spe  <br \/>Naughty Nature  <br \/>- Bolt Beak  <br \/>- Earthquake  <br \/>- Flamethrower  <br \/>- Dragon Claw  <br \/><br \/><\/details><\/div>\n|c|\u2606illimited|oh rn?\n|c|\u2606illimited|lol\n|c|\u2606fishy8995|oops\n|c|\u2606illimited|dw I won't look\n|\n|t:|1657942224\n|start\n|switch|p1a: Landorus|Landorus-Therian, M|100\/100\n|switch|p2a: Tyranitar|Tyranitar, F|100\/100\n|-ability|p1a: Landorus|Intimidate|boost\n|-unboost|p2a: Tyranitar|atk|1\n|-weather|Sandstorm|[from] ability: Sand Stream|[of] p2a: Tyranitar\n|turn|1\n|c|\u2606fishy8995|oki\n|\n|t:|1657942232\n|move|p1a: Landorus|U-turn|p2a: Tyranitar\n|-supereffective|p2a: Tyranitar\n|-damage|p2a: Tyranitar|59\/100\n|\n|t:|1657942237\n|switch|p1a: Rotom|Rotom-Heat|100\/100|[from]move: U-turn\n|move|p2a: Tyranitar|Ice Beam|p1a: Rotom\n|-resisted|p1a: Rotom\n|-damage|p1a: Rotom|88\/100\n|\n|-weather|Sandstorm|[upkeep]\n|-damage|p1a: Rotom|82\/100|[from] Sandstorm\n|upkeep\n|turn|2\n|\n|t:|1657942246\n|move|p1a: Rotom|Will-O-Wisp|p2a: Tyranitar\n|-status|p2a: Tyranitar|brn\n|move|p2a: Tyranitar|Flamethrower|p1a: Rotom\n|-resisted|p1a: Rotom\n|-damage|p1a: Rotom|71\/100\n|\n|-weather|Sandstorm|[upkeep]\n|-damage|p1a: Rotom|65\/100|[from] Sandstorm\n|-damage|p2a: Tyranitar|53\/100 brn|[from] brn\n|upkeep\n|turn|3\n|\n|t:|1657942255\n|move|p1a: Rotom|Volt Switch|p2a: Tyranitar\n|-damage|p2a: Tyranitar|39\/100 brn\n|\n|t:|1657942258\n|switch|p1a: Landorus|Landorus-Therian, M|100\/100|[from]move: Volt Switch\n|-ability|p1a: Landorus|Intimidate|boost\n|-unboost|p2a: Tyranitar|atk|1\n|move|p2a: Tyranitar|Thunderbolt|p1a: Landorus\n|-immune|p1a: Landorus\n|\n|-weather|Sandstorm|[upkeep]\n|-damage|p2a: Tyranitar|33\/100 brn|[from] brn\n|upkeep\n|turn|4\n|\n|t:|1657942268\n|switch|p2a: Latias|Latias, F|100\/100\n|move|p1a: Landorus|U-turn|p2a: Latias\n|-supereffective|p2a: Latias\n|-damage|p2a: Latias|42\/100\n|c|\u2606illimited|cool ttar\n|\n|t:|1657942274\n|switch|p1a: Bisharp|Bisharp, M|100\/100|[from]move: U-turn\n|\n|-weather|Sandstorm|[upkeep]\n|-damage|p2a: Latias|36\/100|[from] Sandstorm\n|upkeep\n|turn|5\n|c|\u2606fishy8995|yus\n|\n|t:|1657942281\n|move|p2a: Latias|Healing Wish|p2a: Latias\n|faint|p2a: Latias\n|move|p1a: Bisharp|Knock Off|p2: Latias|[notarget]\n|-fail|p1a: Bisharp\n|\n|-weather|none\n|upkeep\n|\n|t:|1657942286\n|switch|p2a: Tyranitar|Tyranitar, F|33\/100 brn\n|-heal|p2a: Tyranitar|100\/100|[from] move: Healing Wish\n|-weather|Sandstorm|[from] ability: Sand Stream|[of] p2a: Tyranitar\n|turn|6\n|\n|t:|1657942293\n|switch|p1a: Landorus|Landorus-Therian, M|100\/100\n|-ability|p1a: Landorus|Intimidate|boost\n|-unboost|p2a: Tyranitar|atk|1\n|move|p2a: Tyranitar|Flamethrower|p1a: Landorus\n|-damage|p1a: Landorus|66\/100\n|\n|-weather|Sandstorm|[upkeep]\n|upkeep\n|turn|7\n|\n|t:|1657942309\n|switch|p2a: Hippowdon|Hippowdon, M|100\/100\n|move|p1a: Landorus|Earthquake|p2a: Hippowdon\n|-damage|p2a: Hippowdon|72\/100\n|\n|-weather|Sandstorm|[upkeep]\n|upkeep\n|turn|8\n|\n|t:|1657942316\n|switch|p1a: Tapu Fini|Tapu Fini|100\/100\n|-fieldstart|move: Misty Terrain|[from] ability: Misty Surge|[of] p1a: Tapu Fini\n|move|p2a: Hippowdon|Stealth Rock|p1a: Tapu Fini\n|-sidestart|p1: illimited|move: Stealth Rock\n|\n|-weather|Sandstorm|[upkeep]\n|-damage|p1a: Tapu Fini|94\/100|[from] Sandstorm\n|-heal|p1a: Tapu Fini|100\/100|[from] item: Leftovers\n|upkeep\n|turn|9\n|\n|t:|1657942326\n|move|p1a: Tapu Fini|Scald|p2a: Hippowdon\n|-supereffective|p2a: Hippowdon\n|-damage|p2a: Hippowdon|20\/100\n|move|p2a: Hippowdon|Whirlwind|p1a: Tapu Fini\n|drag|p1a: Rotom|Rotom-Heat|65\/100\n|\n|-weather|Sandstorm|[upkeep]\n|-damage|p1a: Rotom|59\/100|[from] Sandstorm\n|upkeep\n|turn|10\n|\n|t:|1657942337\n|switch|p2a: Toxapex|Toxapex, F|100\/100\n|move|p1a: Rotom|Overheat|p2a: Toxapex\n|-resisted|p2a: Toxapex\n|-damage|p2a: Toxapex|85\/100\n|-unboost|p1a: Rotom|spa|2\n|\n|-weather|none\n|-heal|p2a: Toxapex|91\/100|[from] item: Black Sludge\n|upkeep\n|turn|11\n|\n|t:|1657942346\n|switch|p2a: Excadrill|Excadrill, F, shiny|100\/100\n|move|p1a: Rotom|Pain Split|p2a: Excadrill\n|-sethp|p2a: Excadrill|75\/100|[from] move: Pain Split|[silent]\n|-sethp|p1a: Rotom|90\/100|[from] move: Pain Split\n|\n|upkeep\n|turn|12\n|\n|t:|1657942354\n|switch|p1a: Ferrothorn|Ferrothorn, M|100\/100\n|-damage|p1a: Ferrothorn|94\/100|[from] Stealth Rock\n|move|p2a: Excadrill|Swords Dance|p2a: Excadrill\n|-boost|p2a: Excadrill|atk|2\n|\n|-heal|p1a: Ferrothorn|100\/100|[from] item: Leftovers\n|-fieldend|Misty Terrain\n|upkeep\n|turn|13\n|\n|t:|1657942364\n|switch|p1a: Landorus|Landorus-Therian, M|66\/100\n|-damage|p1a: Landorus|53\/100|[from] Stealth Rock\n|-ability|p1a: Landorus|Intimidate|boost\n|-unboost|p2a: Excadrill|atk|1\n|move|p2a: Excadrill|Iron Head|p1a: Landorus\n|-damage|p1a: Landorus|0 fnt\n|faint|p1a: Landorus\n|\n|upkeep\n|c|\u2606illimited|ahh\n|c|\u2606illimited|a bit too obvious\n|\n|t:|1657942380\n|switch|p1a: Rotom|Rotom-Heat|90\/100\n|turn|14\n|\n|t:|1657942393\n|move|p2a: Excadrill|Rock Slide|p1a: Rotom\n|-supereffective|p1a: Rotom\n|-damage|p1a: Rotom|0 fnt\n|faint|p1a: Rotom\n|\n|upkeep\n|\n|t:|1657942398\n|switch|p1a: Ferrothorn|Ferrothorn, M|100\/100\n|-damage|p1a: Ferrothorn|94\/100|[from] Stealth Rock\n|turn|15\n|\n|t:|1657942404\n|move|p2a: Excadrill|Earthquake|p1a: Ferrothorn\n|-damage|p1a: Ferrothorn|28\/100\n|move|p1a: Ferrothorn|Power Whip|p2a: Excadrill\n|-damage|p2a: Excadrill|22\/100\n|\n|-heal|p1a: Ferrothorn|34\/100|[from] item: Leftovers\n|upkeep\n|turn|16\n|\n|t:|1657942411\n|move|p2a: Excadrill|Earthquake|p1a: Ferrothorn\n|-damage|p1a: Ferrothorn|0 fnt\n|faint|p1a: Ferrothorn\n|\n|upkeep\n|\n|t:|1657942415\n|switch|p1a: Bisharp|Bisharp, M|100\/100\n|-damage|p1a: Bisharp|95\/100|[from] Stealth Rock\n|turn|17\n|\n|t:|1657942421\n|move|p1a: Bisharp|Sucker Punch|p2a: Excadrill\n|-damage|p2a: Excadrill|0 fnt\n|faint|p2a: Excadrill\n|\n|upkeep\n|\n|t:|1657942423\n|switch|p2a: Hippowdon|Hippowdon, M|20\/100\n|-weather|Sandstorm|[from] ability: Sand Stream|[of] p2a: Hippowdon\n|turn|18\n|\n|t:|1657942428\n|move|p1a: Bisharp|Knock Off|p2a: Hippowdon\n|-damage|p2a: Hippowdon|0 fnt\n|-enditem|p2a: Hippowdon|Smooth Rock|[from] move: Knock Off|[of] p1a: Bisharp\n|faint|p2a: Hippowdon\n|\n|-weather|Sandstorm|[upkeep]\n|upkeep\n|\n|t:|1657942431\n|switch|p2a: Dracozolt|Dracozolt|100\/100\n|turn|19\n|\n|t:|1657942440\n|move|p1a: Bisharp|Sucker Punch|p2a: Dracozolt\n|-damage|p2a: Dracozolt|47\/100\n|move|p2a: Dracozolt|Flamethrower|p1a: Bisharp\n|-supereffective|p1a: Bisharp\n|-damage|p1a: Bisharp|13\/100\n|-damage|p2a: Dracozolt|37\/100|[from] item: Life Orb\n|\n|-weather|Sandstorm|[upkeep]\n|upkeep\n|turn|20\n|\n|t:|1657942452\n|switch|p2a: Toxapex|Toxapex, F|100\/100\n|move|p1a: Bisharp|Knock Off|p2a: Toxapex\n|-damage|p2a: Toxapex|52\/100\n|-enditem|p2a: Toxapex|Black Sludge|[from] move: Knock Off|[of] p1a: Bisharp\n|\n|-weather|Sandstorm|[upkeep]\n|-damage|p2a: Toxapex|46\/100|[from] Sandstorm\n|upkeep\n|turn|21\n|\n|t:|1657942460\n|switch|p1a: Tapu Fini|Tapu Fini|100\/100\n|-damage|p1a: Tapu Fini|88\/100|[from] Stealth Rock\n|-fieldstart|move: Misty Terrain|[from] ability: Misty Surge|[of] p1a: Tapu Fini\n|move|p2a: Toxapex|Scald|p1a: Tapu Fini\n|-resisted|p1a: Tapu Fini\n|-damage|p1a: Tapu Fini|81\/100\n|\n|-weather|Sandstorm|[upkeep]\n|-damage|p1a: Tapu Fini|75\/100|[from] Sandstorm\n|-damage|p2a: Toxapex|39\/100|[from] Sandstorm\n|-heal|p1a: Tapu Fini|81\/100|[from] item: Leftovers\n|upkeep\n|turn|22\n|\n|t:|1657942472\n|move|p1a: Tapu Fini|Calm Mind|p1a: Tapu Fini\n|-boost|p1a: Tapu Fini|spa|1\n|-boost|p1a: Tapu Fini|spd|1\n|move|p2a: Toxapex|Recover|p2a: Toxapex\n|-heal|p2a: Toxapex|89\/100\n|\n|-weather|Sandstorm|[upkeep]\n|-damage|p1a: Tapu Fini|75\/100|[from] Sandstorm\n|-damage|p2a: Toxapex|83\/100|[from] Sandstorm\n|-heal|p1a: Tapu Fini|81\/100|[from] item: Leftovers\n|upkeep\n|turn|23\n|\n|t:|1657942484\n|move|p1a: Tapu Fini|Draining Kiss|p2a: Toxapex\n|-resisted|p2a: Toxapex\n|-crit|p2a: Toxapex\n|-damage|p2a: Toxapex|69\/100\n|-heal|p1a: Tapu Fini|90\/100|[from] drain|[of] p2a: Toxapex\n|move|p2a: Toxapex|Stockpile|p2a: Toxapex\n|-start|p2a: Toxapex|stockpile1\n|-boost|p2a: Toxapex|def|1\n|-boost|p2a: Toxapex|spd|1\n|\n|-weather|Sandstorm|[upkeep]\n|-damage|p1a: Tapu Fini|84\/100|[from] Sandstorm\n|-damage|p2a: Toxapex|63\/100|[from] Sandstorm\n|-heal|p1a: Tapu Fini|90\/100|[from] item: Leftovers\n|upkeep\n|turn|24\n|\n|t:|1657942495\n|move|p1a: Tapu Fini|Taunt|p2a: Toxapex\n|-start|p2a: Toxapex|move: Taunt\n|cant|p2a: Toxapex|move: Taunt|Stockpile\n|\n|-weather|Sandstorm|[upkeep]\n|-damage|p1a: Tapu Fini|84\/100|[from] Sandstorm\n|-damage|p2a: Toxapex|57\/100|[from] Sandstorm\n|-heal|p1a: Tapu Fini|90\/100|[from] item: Leftovers\n|upkeep\n|turn|25\n|\n|t:|1657942502\n|move|p1a: Tapu Fini|Calm Mind|p1a: Tapu Fini\n|-boost|p1a: Tapu Fini|spa|1\n|-boost|p1a: Tapu Fini|spd|1\n|move|p2a: Toxapex|Scald|p1a: Tapu Fini\n|-resisted|p1a: Tapu Fini\n|-damage|p1a: Tapu Fini|87\/100\n|\n|-weather|none\n|-heal|p1a: Tapu Fini|93\/100|[from] item: Leftovers\n|-fieldend|Misty Terrain\n|upkeep\n|turn|26\n|\n|t:|1657942510\n|move|p1a: Tapu Fini|Calm Mind|p1a: Tapu Fini\n|-boost|p1a: Tapu Fini|spa|1\n|-boost|p1a: Tapu Fini|spd|1\n|move|p2a: Toxapex|Scald|p1a: Tapu Fini\n|-resisted|p1a: Tapu Fini\n|-crit|p1a: Tapu Fini\n|-damage|p1a: Tapu Fini|82\/100\n|\n|-heal|p1a: Tapu Fini|89\/100|[from] item: Leftovers\n|-end|p2a: Toxapex|move: Taunt\n|upkeep\n|turn|27\n|\n|t:|1657942521\n|move|p1a: Tapu Fini|Draining Kiss|p2a: Toxapex\n|-resisted|p2a: Toxapex\n|-damage|p2a: Toxapex|47\/100\n|-heal|p1a: Tapu Fini|95\/100|[from] drain|[of] p2a: Toxapex\n|move|p2a: Toxapex|Toxic|p1a: Tapu Fini\n|-status|p1a: Tapu Fini|tox\n|\n|-heal|p1a: Tapu Fini|100\/100 tox|[from] item: Leftovers\n|-damage|p1a: Tapu Fini|94\/100 tox|[from] psn\n|upkeep\n|turn|28\n|c|\u2606illimited|tough\n|\n|t:|1657942531\n|move|p1a: Tapu Fini|Scald|p2a: Toxapex\n|-resisted|p2a: Toxapex\n|-damage|p2a: Toxapex|31\/100\n|move|p2a: Toxapex|Recover|p2a: Toxapex\n|-heal|p2a: Toxapex|81\/100\n|\n|-heal|p1a: Tapu Fini|100\/100 tox|[from] item: Leftovers\n|-damage|p1a: Tapu Fini|88\/100 tox|[from] psn\n|upkeep\n|turn|29\n|\n|t:|1657942540\n|move|p1a: Tapu Fini|Taunt|p2a: Toxapex\n|-start|p2a: Toxapex|move: Taunt\n|cant|p2a: Toxapex|move: Taunt|Stockpile\n|\n|-heal|p1a: Tapu Fini|94\/100 tox|[from] item: Leftovers\n|-damage|p1a: Tapu Fini|76\/100 tox|[from] psn\n|upkeep\n|turn|30\n|\n|t:|1657942547\n|move|p1a: Tapu Fini|Scald|p2a: Toxapex\n|-resisted|p2a: Toxapex\n|-damage|p2a: Toxapex|66\/100\n|move|p2a: Toxapex|Scald|p1a: Tapu Fini\n|-resisted|p1a: Tapu Fini\n|-damage|p1a: Tapu Fini|73\/100 tox\n|\n|-heal|p1a: Tapu Fini|80\/100 tox|[from] item: Leftovers\n|-damage|p1a: Tapu Fini|55\/100 tox|[from] psn\n|upkeep\n|turn|31\n|\n|t:|1657942556\n|move|p1a: Tapu Fini|Scald|p2a: Toxapex\n|-resisted|p2a: Toxapex\n|-damage|p2a: Toxapex|50\/100\n|-status|p2a: Toxapex|brn\n|move|p2a: Toxapex|Scald|p1a: Tapu Fini\n|-resisted|p1a: Tapu Fini\n|-damage|p1a: Tapu Fini|53\/100 tox\n|\n|-heal|p1a: Tapu Fini|59\/100 tox|[from] item: Leftovers\n|-damage|p1a: Tapu Fini|28\/100 tox|[from] psn\n|-damage|p2a: Toxapex|44\/100 brn|[from] brn\n|-end|p2a: Toxapex|move: Taunt\n|upkeep\n|turn|32\n|c|\u2606fishy8995|sand is my favorite\n|\n|t:|1657942568\n|move|p1a: Tapu Fini|Taunt|p2a: Toxapex\n|-start|p2a: Toxapex|move: Taunt\n|cant|p2a: Toxapex|move: Taunt|Recover\n|\n|-heal|p1a: Tapu Fini|35\/100 tox|[from] item: Leftovers\n|-damage|p1a: Tapu Fini|0 fnt|[from] psn\n|faint|p1a: Tapu Fini\n|-damage|p2a: Toxapex|38\/100 brn|[from] brn\n|upkeep\n|\n|t:|1657942578\n|switch|p1a: Dragapult|Dragapult, F|100\/100\n|-damage|p1a: Dragapult|88\/100|[from] Stealth Rock\n|turn|33\n|\n|t:|1657942593\n|switch|p2a: Tyranitar|Tyranitar, F|100\/100\n|-weather|Sandstorm|[from] ability: Sand Stream|[of] p2a: Tyranitar\n|move|p1a: Dragapult|Thunder|p2a: Tyranitar|[miss]\n|-miss|p1a: Dragapult|p2a: Tyranitar\n|\n|-weather|Sandstorm|[upkeep]\n|-damage|p1a: Dragapult|82\/100|[from] Sandstorm\n|upkeep\n|turn|34\n|\n|t:|1657942602\n|move|p1a: Dragapult|Thunder|p2a: Tyranitar\n|-damage|p2a: Tyranitar|76\/100\n|move|p2a: Tyranitar|Ice Beam|p1a: Dragapult\n|-supereffective|p1a: Dragapult\n|-damage|p1a: Dragapult|0 fnt\n|faint|p1a: Dragapult\n|\n|-weather|Sandstorm|[upkeep]\n|upkeep\n|\n|t:|1657942609\n|switch|p1a: Bisharp|Bisharp, M|13\/100\n|-damage|p1a: Bisharp|7\/100|[from] Stealth Rock\n|turn|35\n|\n|t:|1657942615\n|move|p1a: Bisharp|Iron Head|p2a: Tyranitar\n|-supereffective|p2a: Tyranitar\n|-damage|p2a: Tyranitar|15\/100\n|cant|p2a: Tyranitar|flinch\n|\n|-weather|Sandstorm|[upkeep]\n|upkeep\n|turn|36\n|c|\u2606illimited|sorry\n|\n|t:|1657942622\n|move|p1a: Bisharp|Knock Off|p2a: Tyranitar\n|-resisted|p2a: Tyranitar\n|-damage|p2a: Tyranitar|0 fnt\n|-enditem|p2a: Tyranitar|Expert Belt|[from] move: Knock Off|[of] p1a: Bisharp\n|faint|p2a: Tyranitar\n|\n|-weather|Sandstorm|[upkeep]\n|upkeep\n|\n|t:|1657942624\n|switch|p2a: Toxapex|Toxapex, F|71\/100 brn\n|turn|37\n|c|\u2606illimited|gg wp\n|\n|t:|1657942631\n|move|p1a: Bisharp|Knock Off|p2a: Toxapex\n|-crit|p2a: Toxapex\n|-damage|p2a: Toxapex|25\/100 brn\n|move|p2a: Toxapex|Scald|p1a: Bisharp\n|-damage|p1a: Bisharp|0 fnt\n|faint|p1a: Bisharp\n|\n|win|fishy8995\n|c|\u2606fishy8995|yus\n|c|\u2606fishy8995|gg\n|c|\u2606illimited|bo3?\n|c|\u2606fishy8995|whats that\n","uploadtime":1657942662,"views":17,"p1id":"illimited","p2id":"fishy8995","formatid":"gen8ou","rating":0,"private":0,"password":null}