{"id":"gen8ou-1452621471","p1":"bakaboure","p2":"Obak","format":"gen8ou","log":"|j|\u2606bakaboure\n|j|\u2606Obak\n|t:|1636574021\n|gametype|singles\n|player|p1|bakaboure|102|1549\n|player|p2|Obak|blue|1553\n|teamsize|p1|6\n|teamsize|p2|6\n|gen|8\n|tier|[Gen 8] OU\n|rated|\n|rule|Sleep Clause Mod: Limit one foe put to sleep\n|rule|Species Clause: Limit one of each Pok\u00e9mon\n|rule|OHKO Clause: OHKO moves are banned\n|rule|Evasion Moves Clause: Evasion moves are banned\n|rule|Endless Battle Clause: Forcing endless battles is banned\n|rule|HP Percentage Mod: HP is shown in percentages\n|rule|Dynamax Clause: You cannot dynamax\n|clearpoke\n|poke|p1|Hatterene, F|\n|poke|p1|Crawdaunt, M|\n|poke|p1|Melmetal|\n|poke|p1|Marowak-Alola, M|\n|poke|p1|Cresselia, F|\n|poke|p1|Porygon2|\n|poke|p2|Aegislash, F|\n|poke|p2|Landorus-Therian, M|\n|poke|p2|Mandibuzz, F|\n|poke|p2|Slowbro, M|\n|poke|p2|Heatran, M|\n|poke|p2|Zeraora|\n|teampreview\n|inactive|Battle timer is ON: inactive players will automatically lose when time's up. (requested by bakaboure)\n|j| Hairein\n|\n|t:|1636574035\n|start\n|switch|p1a: Hatterene|Hatterene, F|100\/100\n|switch|p2a: Slowbro|Slowbro, M|100\/100\n|turn|1\n|l| Hairein\n|\n|t:|1636574041\n|move|p2a: Slowbro|Future Sight|p1a: Hatterene\n|-start|p2a: Slowbro|move: Future Sight\n|move|p1a: Hatterene|Trick Room|p1a: Hatterene\n|-fieldstart|move: Trick Room|[of] p1a: Hatterene\n|\n|upkeep\n|turn|2\n|\n|t:|1636574044\n|move|p1a: Hatterene|Healing Wish|p1a: Hatterene\n|faint|p1a: Hatterene\n|move|p2a: Slowbro|Scald|p1: Hatterene|[notarget]\n|-fail|p2a: Slowbro\n|\n|upkeep\n|\n|t:|1636574048\n|switch|p1a: Crawdaunt|Crawdaunt, M|100\/100\n|turn|3\n|\n|t:|1636574053\n|switch|p2a: Landorus|Landorus-Therian, M|100\/100\n|-ability|p2a: Landorus|Intimidate|boost\n|-unboost|p1a: Crawdaunt|atk|1\n|move|p1a: Crawdaunt|Knock Off|p2a: Landorus\n|-damage|p2a: Landorus|55\/100\n|-enditem|p2a: Landorus|Leftovers|[from] move: Knock Off|[of] p1a: Crawdaunt\n|-damage|p1a: Crawdaunt|90\/100|[from] item: Life Orb\n|\n|-end|p1a: Crawdaunt|move: Future Sight\n|-immune|p1a: Crawdaunt\n|upkeep\n|turn|4\n|\n|t:|1636574063\n|switch|p2a: Slowbro|Slowbro, M|100\/100\n|move|p1a: Crawdaunt|Crabhammer|p2a: Slowbro|[miss]\n|-miss|p1a: Crawdaunt|p2a: Slowbro\n|\n|upkeep\n|turn|5\n|\n|t:|1636574070\n|move|p2a: Slowbro|Body Press|p1a: Crawdaunt\n|-supereffective|p1a: Crawdaunt\n|-damage|p1a: Crawdaunt|26\/100\n|move|p1a: Crawdaunt|Knock Off|p2a: Slowbro\n|-supereffective|p2a: Slowbro\n|-damage|p2a: Slowbro|23\/100\n|-damage|p1a: Crawdaunt|10\/100|[from] item: Rocky Helmet|[of] p2a: Slowbro\n|-enditem|p2a: Slowbro|Rocky Helmet|[from] move: Knock Off|[of] p1a: Crawdaunt\n|-damage|p1a: Crawdaunt|0 fnt|[from] item: Life Orb\n|faint|p1a: Crawdaunt\n|\n|-fieldend|move: Trick Room\n|upkeep\n|\n|t:|1636574081\n|switch|p1a: Porygon2|Porygon2|100\/100\n|-ability|p1a: Porygon2|Regenerator|[from] ability: Trace|[of] p2a: Slowbro\n|turn|6\n|\n|t:|1636574086\n|move|p2a: Slowbro|Future Sight|p1a: Porygon2\n|-start|p2a: Slowbro|move: Future Sight\n|move|p1a: Porygon2|Trick Room|p1a: Porygon2\n|-fieldstart|move: Trick Room|[of] p1a: Porygon2\n|\n|upkeep\n|turn|7\n|\n|t:|1636574089\n|switch|p2a: Landorus|Landorus-Therian, M|55\/100\n|-ability|p2a: Landorus|Intimidate|boost\n|-unboost|p1a: Porygon2|atk|1\n|move|p1a: Porygon2|Teleport|p1a: Porygon2\n|\n|t:|1636574096\n|switch|p1a: Marowak|Marowak-Alola, M|100\/100|[from]move: Teleport\n|\n|upkeep\n|turn|8\n|\n|t:|1636574103\n|switch|p2a: Mandibuzz|Mandibuzz, F|100\/100\n|move|p1a: Marowak|Poltergeist|p2a: Mandibuzz\n|-activate|p2a: Mandibuzz|move: Poltergeist|Heavy-Duty Boots\n|-resisted|p2a: Mandibuzz\n|-damage|p2a: Mandibuzz|71\/100\n|\n|-end|p1a: Marowak|move: Future Sight\n|-damage|p1a: Marowak|45\/100\n|upkeep\n|turn|9\n|\n|t:|1636574113\n|switch|p2a: Slowbro|Slowbro, M|56\/100\n|move|p1a: Marowak|Earthquake|p2a: Slowbro\n|-damage|p2a: Slowbro|25\/100\n|\n|upkeep\n|turn|10\n|\n|t:|1636574118\n|switch|p2a: Landorus|Landorus-Therian, M|55\/100\n|-ability|p2a: Landorus|Intimidate|boost\n|-unboost|p1a: Marowak|atk|1\n|move|p1a: Marowak|Poltergeist||[still]\n|-fail|p1a: Marowak\n|\n|-fieldend|move: Trick Room\n|upkeep\n|turn|11\n|\n|t:|1636574126\n|switch|p1a: Porygon2|Porygon2|100\/100\n|-ability|p1a: Porygon2|Intimidate|[from] ability: Trace|[of] p2a: Landorus\n|-ability|p1a: Porygon2|Intimidate|boost\n|-unboost|p2a: Landorus|atk|1\n|move|p2a: Landorus|Toxic|p1a: Porygon2\n|-status|p1a: Porygon2|tox\n|\n|-damage|p1a: Porygon2|94\/100 tox|[from] psn\n|upkeep\n|turn|12\n|\n|t:|1636574134\n|move|p2a: Landorus|Stealth Rock|p1a: Porygon2\n|-sidestart|p1: bakaboure|move: Stealth Rock\n|move|p1a: Porygon2|Trick Room|p1a: Porygon2\n|-fieldstart|move: Trick Room|[of] p1a: Porygon2\n|\n|-damage|p1a: Porygon2|82\/100 tox|[from] psn\n|upkeep\n|turn|13\n|\n|t:|1636574140\n|switch|p2a: Slowbro|Slowbro, M|59\/100\n|move|p1a: Porygon2|Ice Beam|p2a: Slowbro\n|-resisted|p2a: Slowbro\n|-damage|p2a: Slowbro|46\/100\n|-status|p2a: Slowbro|frz\n|\n|-damage|p1a: Porygon2|64\/100 tox|[from] psn\n|upkeep\n|turn|14\n|\n|t:|1636574147\n|-curestatus|p2a: Slowbro|frz|[from] move: Scald\n|move|p2a: Slowbro|Scald|p1a: Porygon2\n|-damage|p1a: Porygon2|52\/100 tox\n|move|p1a: Porygon2|Teleport|p1a: Porygon2\n|\n|t:|1636574156\n|switch|p1a: Marowak|Marowak-Alola, M|45\/100|[from]move: Teleport\n|-heal|p1a: Marowak|100\/100|[from] move: Healing Wish\n|-damage|p1a: Marowak|75\/100|[from] Stealth Rock\n|\n|upkeep\n|turn|15\n|\n|t:|1636574164\n|switch|p2a: Landorus|Landorus-Therian, M|55\/100\n|-ability|p2a: Landorus|Intimidate|boost\n|-unboost|p1a: Marowak|atk|1\n|move|p1a: Marowak|Swords Dance|p1a: Marowak\n|-boost|p1a: Marowak|atk|2\n|\n|upkeep\n|turn|16\n|\n|t:|1636574174\n|switch|p2a: Slowbro|Slowbro, M|80\/100\n|move|p1a: Marowak|Flare Blitz|p2a: Slowbro\n|-resisted|p2a: Slowbro\n|-damage|p2a: Slowbro|39\/100\n|\n|-fieldend|move: Trick Room\n|upkeep\n|turn|17\n|\n|t:|1636574181\n|switch|p2a: Landorus|Landorus-Therian, M|55\/100\n|-ability|p2a: Landorus|Intimidate|boost\n|-unboost|p1a: Marowak|atk|1\n|move|p1a: Marowak|Flare Blitz|p2a: Landorus\n|-damage|p2a: Landorus|0 fnt\n|faint|p2a: Landorus\n|\n|upkeep\n|\n|t:|1636574187\n|switch|p2a: Zeraora|Zeraora|100\/100\n|turn|18\n|\n|t:|1636574192\n|switch|p1a: Porygon2|Porygon2|52\/100 tox\n|-damage|p1a: Porygon2|39\/100 tox|[from] Stealth Rock\n|-ability|p1a: Porygon2|Volt Absorb|[from] ability: Trace|[of] p2a: Zeraora\n|move|p2a: Zeraora|Knock Off|p1a: Porygon2\n|-damage|p1a: Porygon2|18\/100 tox\n|-enditem|p1a: Porygon2|Eviolite|[from] move: Knock Off|[of] p2a: Zeraora\n|\n|-damage|p1a: Porygon2|12\/100 tox|[from] psn\n|upkeep\n|turn|19\n|\n|t:|1636574203\n|move|p2a: Zeraora|Volt Switch|p1a: Porygon2\n|-heal|p1a: Porygon2|37\/100 tox|[from] ability: Volt Absorb|[of] p2a: Zeraora\n|move|p1a: Porygon2|Trick Room|p1a: Porygon2\n|-fieldstart|move: Trick Room|[of] p1a: Porygon2\n|\n|-damage|p1a: Porygon2|25\/100 tox|[from] psn\n|upkeep\n|turn|20\n|\n|t:|1636574213\n|move|p2a: Zeraora|Knock Off|p1a: Porygon2\n|-damage|p1a: Porygon2|3\/100 tox\n|move|p1a: Porygon2|Teleport|p1a: Porygon2\n|\n|t:|1636574222\n|switch|p1a: Marowak|Marowak-Alola, M|75\/100|[from]move: Teleport\n|-damage|p1a: Marowak|50\/100|[from] Stealth Rock\n|\n|upkeep\n|turn|21\n|\n|t:|1636574229\n|move|p1a: Marowak|Flare Blitz|p2a: Zeraora\n|-damage|p2a: Zeraora|0 fnt\n|faint|p2a: Zeraora\n|\n|upkeep\n|\n|t:|1636574234\n|switch|p2a: Slowbro|Slowbro, M|72\/100\n|turn|22\n|\n|t:|1636574237\n|switch|p2a: Mandibuzz|Mandibuzz, F|71\/100\n|move|p1a: Marowak|Poltergeist|p2a: Mandibuzz\n|-activate|p2a: Mandibuzz|move: Poltergeist|Heavy-Duty Boots\n|-resisted|p2a: Mandibuzz\n|-damage|p2a: Mandibuzz|44\/100\n|\n|upkeep\n|turn|23\n|\n|t:|1636574247\n|move|p1a: Marowak|Poltergeist|p2a: Mandibuzz\n|-activate|p2a: Mandibuzz|move: Poltergeist|Heavy-Duty Boots\n|-resisted|p2a: Mandibuzz\n|-damage|p2a: Mandibuzz|15\/100\n|move|p2a: Mandibuzz|Foul Play|p1a: Marowak\n|-supereffective|p1a: Marowak\n|-damage|p1a: Marowak|0 fnt\n|faint|p1a: Marowak\n|\n|-fieldend|move: Trick Room\n|upkeep\n|\n|t:|1636574258\n|switch|p1a: Cresselia|Cresselia, F|100\/100\n|-damage|p1a: Cresselia|88\/100|[from] Stealth Rock\n|turn|24\n|\n|t:|1636574271\n|move|p1a: Cresselia|Ice Beam|p2a: Mandibuzz\n|-supereffective|p2a: Mandibuzz\n|-damage|p2a: Mandibuzz|0 fnt\n|faint|p2a: Mandibuzz\n|\n|upkeep\n|\n|t:|1636574275\n|switch|p2a: Aegislash|Aegislash, F|100\/100\n|turn|25\n|\n|t:|1636574279\n|-formechange|p2a: Aegislash|Aegislash-Blade||[from] ability: Stance Change\n|move|p2a: Aegislash|Iron Head|p1a: Cresselia\n|-damage|p1a: Cresselia|63\/100\n|move|p1a: Cresselia|Trick Room|p1a: Cresselia\n|-fieldstart|move: Trick Room|[of] p1a: Cresselia\n|\n|upkeep\n|turn|26\n|\n|t:|1636574285\n|move|p2a: Aegislash|Iron Head|p1a: Cresselia\n|-crit|p1a: Cresselia\n|-damage|p1a: Cresselia|23\/100\n|cant|p1a: Cresselia|flinch\n|\n|upkeep\n|turn|27\n|\n|t:|1636574294\n|move|p2a: Aegislash|Iron Head|p1a: Cresselia\n|-damage|p1a: Cresselia|0 fnt\n|faint|p1a: Cresselia\n|\n|upkeep\n|\n|t:|1636574298\n|switch|p1a: Melmetal|Melmetal|100\/100\n|-damage|p1a: Melmetal|94\/100|[from] Stealth Rock\n|turn|28\n|\n|t:|1636574303\n|-formechange|p2a: Aegislash|Aegislash||[from] ability: Stance Change\n|move|p2a: Aegislash|King's Shield|p2a: Aegislash\n|-singleturn|p2a: Aegislash|Protect\n|move|p1a: Melmetal|Earthquake|p2a: Aegislash\n|-activate|p2a: Aegislash|move: Protect\n|\n|upkeep\n|turn|29\n|\n|t:|1636574310\n|switch|p2a: Slowbro|Slowbro, M|100\/100\n|move|p1a: Melmetal|Earthquake|p2a: Slowbro\n|-damage|p2a: Slowbro|65\/100\n|\n|-fieldend|move: Trick Room\n|upkeep\n|turn|30\n|\n|t:|1636574315\n|move|p1a: Melmetal|Earthquake|p2a: Slowbro\n|-damage|p2a: Slowbro|30\/100\n|move|p2a: Slowbro|Scald|p1a: Melmetal\n|-damage|p1a: Melmetal|66\/100\n|-status|p1a: Melmetal|brn\n|\n|-damage|p1a: Melmetal|60\/100 brn|[from] brn\n|upkeep\n|turn|31\n|j| AquaVanilla\n|\n|t:|1636574324\n|move|p1a: Melmetal|Earthquake|p2a: Slowbro\n|-damage|p2a: Slowbro|10\/100\n|move|p2a: Slowbro|Teleport|p2a: Slowbro\n|\n|t:|1636574326\n|switch|p2a: Heatran|Heatran, M|100\/100|[from]move: Teleport\n|\n|-damage|p1a: Melmetal|54\/100 brn|[from] brn\n|upkeep\n|turn|32\n|\n|t:|1636574331\n|move|p2a: Heatran|Eruption|p1a: Melmetal\n|-supereffective|p1a: Melmetal\n|-damage|p1a: Melmetal|0 fnt\n|faint|p1a: Melmetal\n|\n|upkeep\n|-message|bakaboure forfeited.\n|\n|win|Obak\n|raw|bakaboure's rating: 1549 &rarr; <strong>1529<\/strong><br \/>(-20 for losing)\n|raw|Obak's rating: 1553 &rarr; <strong>1573<\/strong><br \/>(+20 for winning)\n|l|\u2606bakaboure\n|l| AquaVanilla\n||Ladder isn't responding, score probably updated but might not have (Request timeout).\n","uploadtime":1636574347,"views":21,"p1id":"bakaboure","p2id":"obak","formatid":"gen8ou","rating":1529,"private":0,"password":null}