{"id":"gen8nationaldex-1525856190","p1":"Hikari-miyako","p2":"NDPULT WhereHow","format":"gen8nationaldex","log":"|j|\u2606Hikari-miyako\n|j|\u2606NDPULT WhereHow\n|t:|1646702063\n|gametype|singles\n|player|p1|Hikari-miyako|ariana|1635\n|player|p2|NDPULT WhereHow|marnie|1554\n|teamsize|p1|6\n|teamsize|p2|6\n|gen|8\n|tier|[Gen 8] National Dex\n|rated|\n|rule|HP Percentage Mod: HP is shown in percentages\n|rule|Endless Battle Clause: Forcing endless battles is banned\n|rule|OHKO Clause: OHKO moves are banned\n|rule|Evasion Moves Clause: Evasion moves are banned\n|rule|Species Clause: Limit one of each Pok\u00e9mon\n|rule|Dynamax Clause: You cannot dynamax\n|rule|Sleep Clause Mod: Limit one foe put to sleep\n|clearpoke\n|poke|p1|Aegislash, M|\n|poke|p1|Diancie|\n|poke|p1|Thundurus, M|\n|poke|p1|Bisharp, F|\n|poke|p1|Serperior, F|\n|poke|p1|Greninja, M|\n|poke|p2|Torkoal, F|\n|poke|p2|Venusaur, M|\n|poke|p2|Charizard, M|\n|poke|p2|Heatran, F|\n|poke|p2|Tapu Fini|\n|poke|p2|Landorus-Therian, M|\n|teampreview\n|\n|t:|1646702068\n|start\n|switch|p1a: Diancie|Diancie|100\/100\n|switch|p2a: Torkoal|Torkoal, F|100\/100\n|-weather|SunnyDay|[from] ability: Drought|[of] p2a: Torkoal\n|turn|1\n|\n|t:|1646702071\n|switch|p2a: Landorus|Landorus-Therian, M|100\/100\n|-ability|p2a: Landorus|Intimidate|boost\n|-fail|p1a: Diancie|unboost|[from] ability: Clear Body|[of] p1a: Diancie\n|detailschange|p1a: Diancie|Diancie-Mega\n|-mega|p1a: Diancie|Diancie|Diancite\n|move|p1a: Diancie|Diamond Storm|p2a: Landorus\n|-damage|p2a: Landorus|49\/100\n|-boost|p1a: Diancie|def|2\n|\n|-weather|SunnyDay|[upkeep]\n|upkeep\n|turn|2\n|\n|t:|1646702085\n|move|p1a: Diancie|Moonblast|p2a: Landorus\n|-damage|p2a: Landorus|9\/100\n|move|p2a: Landorus|Earthquake|p1a: Diancie\n|-supereffective|p1a: Diancie\n|-damage|p1a: Diancie|31\/100\n|\n|-weather|SunnyDay|[upkeep]\n|upkeep\n|turn|3\n|\n|t:|1646702092\n|move|p1a: Diancie|Moonblast|p2a: Landorus\n|-damage|p2a: Landorus|0 fnt\n|faint|p2a: Landorus\n|\n|-weather|SunnyDay|[upkeep]\n|upkeep\n|\n|t:|1646702096\n|switch|p2a: Venusaur|Venusaur, M|100\/100\n|turn|4\n|j| Watercell\n|\n|t:|1646702105\n|switch|p1a: Thundurus|Thundurus, M|100\/100\n|move|p2a: Venusaur|Weather Ball|p1a: Thundurus\n|-damage|p1a: Thundurus|11\/100\n|-damage|p2a: Venusaur|91\/100|[from] item: Life Orb\n|\n|-weather|SunnyDay|[upkeep]\n|upkeep\n|turn|5\n|\n|t:|1646702109\n|move|p1a: Thundurus|Thunder Wave|p2a: Venusaur\n|-status|p2a: Venusaur|par\n|move|p2a: Venusaur|Giga Drain|p1a: Thundurus\n|-resisted|p1a: Thundurus\n|-damage|p1a: Thundurus|0 fnt\n|-heal|p2a: Venusaur|96\/100 par|[from] drain|[of] p1a: Thundurus\n|faint|p1a: Thundurus\n|-damage|p2a: Venusaur|86\/100 par|[from] item: Life Orb\n|\n|-weather|SunnyDay|[upkeep]\n|upkeep\n|l| Watercell\n|\n|t:|1646702123\n|switch|p1a: Bisharp|Bisharp, F|100\/100\n|turn|6\n|l|\u2606Hikari-miyako\n|player|p1|\n|j|\u2606Hikari-miyako\n|player|p1|Hikari-miyako|ariana\n|\n|t:|1646702147\n|cant|p2a: Venusaur|par\n|move|p1a: Bisharp|Stealth Rock|p2a: Venusaur\n|-sidestart|p2: NDPULT WhereHow|move: Stealth Rock\n|\n|-weather|SunnyDay|[upkeep]\n|upkeep\n|turn|7\n|\n|t:|1646702153\n|move|p2a: Venusaur|Weather Ball|p1a: Bisharp\n|-supereffective|p1a: Bisharp\n|-enditem|p1a: Bisharp|Focus Sash\n|-damage|p1a: Bisharp|1\/100\n|-damage|p2a: Venusaur|76\/100 par|[from] item: Life Orb\n|move|p1a: Bisharp|Knock Off|p2a: Venusaur\n|-damage|p2a: Venusaur|2\/100 par\n|-enditem|p2a: Venusaur|Life Orb|[from] move: Knock Off|[of] p1a: Bisharp\n|\n|-weather|SunnyDay|[upkeep]\n|upkeep\n|turn|8\n|\n|t:|1646702164\n|move|p1a: Bisharp|Sucker Punch||[still]\n|-fail|p1a: Bisharp\n|move|p2a: Venusaur|Growth|p2a: Venusaur\n|-boost|p2a: Venusaur|atk|2\n|-boost|p2a: Venusaur|spa|2\n|\n|-weather|none\n|upkeep\n|turn|9\n|\n|t:|1646702169\n|move|p1a: Bisharp|Knock Off|p2a: Venusaur\n|-crit|p2a: Venusaur\n|-damage|p2a: Venusaur|0 fnt\n|faint|p2a: Venusaur\n|\n|upkeep\n|\n|t:|1646702172\n|switch|p2a: Torkoal|Torkoal, F|100\/100\n|-damage|p2a: Torkoal|76\/100|[from] Stealth Rock\n|-weather|SunnyDay|[from] ability: Drought|[of] p2a: Torkoal\n|turn|10\n|\n|t:|1646702181\n|switch|p1a: Aegislash|Aegislash, M|100\/100\n|move|p2a: Torkoal|Rapid Spin|p1a: Aegislash\n|-immune|p1a: Aegislash\n|\n|-weather|SunnyDay|[upkeep]\n|upkeep\n|turn|11\n|\n|t:|1646702183\n|-formechange|p1a: Aegislash|Aegislash-Blade||[from] ability: Stance Change\n|move|p1a: Aegislash|Shadow Ball|p2a: Torkoal\n|-damage|p2a: Torkoal|10\/100\n|move|p2a: Torkoal|Lava Plume|p1a: Aegislash\n|-supereffective|p1a: Aegislash\n|-damage|p1a: Aegislash|0 fnt\n|faint|p1a: Aegislash\n|\n|-weather|SunnyDay|[upkeep]\n|upkeep\n|\n|t:|1646702187\n|switch|p1a: Greninja|Greninja, M|100\/100\n|turn|12\n|\n|t:|1646702201\n|move|p1a: Greninja|Dark Pulse|p2a: Torkoal\n|-damage|p2a: Torkoal|0 fnt\n|faint|p2a: Torkoal\n|-activate|p1a: Greninja|ability: Battle Bond\n|detailschange|p1a: Greninja|Greninja-Ash, M\n|-damage|p1a: Greninja|91\/100|[from] item: Life Orb\n|\n|-weather|SunnyDay|[upkeep]\n|upkeep\n|\n|t:|1646702205\n|switch|p2a: Tapu Fini|Tapu Fini|100\/100\n|-damage|p2a: Tapu Fini|88\/100|[from] Stealth Rock\n|-fieldstart|move: Misty Terrain|[from] ability: Misty Surge|[of] p2a: Tapu Fini\n|turn|13\n|\n|t:|1646702221\n|move|p2a: Tapu Fini|Moonblast|p1a: Greninja\n|-supereffective|p1a: Greninja\n|-damage|p1a: Greninja|0 fnt\n|faint|p1a: Greninja\n|\n|-weather|SunnyDay|[upkeep]\n|upkeep\n|c|\u2606NDPULT WhereHow|Sometimes\n|c|\u2606NDPULT WhereHow|You either cum in the sink\n|c|\u2606NDPULT WhereHow|Or sink in the cum\n|\n|t:|1646702229\n|switch|p1a: Serperior|Serperior, F|100\/100\n|turn|14\n|c|\u2606NDPULT WhereHow|LOL\n|c|\u2606NDPULT WhereHow|what\n|c|\u2606NDPULT WhereHow|who said that\n|\n|t:|1646702234\n|switch|p2a: Charizard|Charizard, M|100\/100\n|-damage|p2a: Charizard|51\/100|[from] Stealth Rock\n|move|p1a: Serperior|Leaf Storm|p2a: Charizard\n|-resisted|p2a: Charizard\n|-damage|p2a: Charizard|35\/100\n|-boost|p1a: Serperior|spa|2\n|\n|-weather|SunnyDay|[upkeep]\n|-damage|p2a: Charizard|23\/100|[from] ability: Solar Power|[of] p2a: Charizard\n|upkeep\n|turn|15\n|\n|t:|1646702238\n|move|p1a: Serperior|Leaf Storm|p2a: Charizard\n|-resisted|p2a: Charizard\n|-damage|p2a: Charizard|0 fnt\n|-boost|p1a: Serperior|spa|2\n|faint|p2a: Charizard\n|\n|-weather|SunnyDay|[upkeep]\n|upkeep\n|c|\u2606NDPULT WhereHow|Pupu\n|c|\u2606NDPULT WhereHow|I'm sorry\n|\n|t:|1646702241\n|switch|p2a: Heatran|Heatran, F|100\/100\n|-damage|p2a: Heatran|88\/100|[from] Stealth Rock\n|turn|16\n|c|\u2606NDPULT WhereHow|who said that\n|c|\u2606NDPULT WhereHow|?????\n|\n|t:|1646702248\n|switch|p1a: Bisharp|Bisharp, F|1\/100\n|move|p2a: Heatran|Flame Charge|p1a: Bisharp\n|-supereffective|p1a: Bisharp\n|-damage|p1a: Bisharp|0 fnt\n|-boost|p2a: Heatran|spe|1\n|faint|p1a: Bisharp\n|\n|-weather|SunnyDay|[upkeep]\n|upkeep\n|\n|t:|1646702250\n|switch|p1a: Diancie|Diancie-Mega|31\/100\n|turn|17\n|\n|t:|1646702253\n|move|p2a: Heatran|Earth Power|p1a: Diancie\n|-supereffective|p1a: Diancie\n|-damage|p1a: Diancie|0 fnt\n|faint|p1a: Diancie\n|\n|-weather|none\n|-fieldend|Misty Terrain\n|upkeep\n|-message|Hikari-miyako forfeited.\n|\n|win|NDPULT WhereHow\n|raw|Hikari-miyako's rating: 1653 &rarr; <strong>1627<\/strong><br \/>(-26 for losing)\n|raw|NDPULT WhereHow's rating: 1554 &rarr; <strong>1580<\/strong><br \/>(+26 for winning)\n|l|\u2606Hikari-miyako\n|c|\u2606NDPULT WhereHow|ez\n||Ladder isn't responding, score probably updated but might not have (Request timeout).\n","uploadtime":1646702300,"views":19,"p1id":"hikarimiyako","p2id":"ndpultwherehow","formatid":"gen8nationaldex","rating":1580,"private":0,"password":null}