{"id":"gen8randombattle-1395263987","p1":"COVID-19191919","p2":"brifye","format":"gen8randombattle","log":"|j|\u2606COVID-19191919\n|j|\u2606brifye\n|t:|1628787379\n|gametype|singles\n|player|p1|COVID-19191919|1|1470\n|player|p2|brifye|266|1459\n|teamsize|p1|6\n|teamsize|p2|6\n|gen|8\n|tier|[Gen 8] Random Battle\n|rated|\n|rule|Species Clause: Limit one of each Pok\u00e9mon\n|rule|HP Percentage Mod: HP is shown in percentages\n|rule|Sleep Clause Mod: Limit one foe put to sleep\n|\n|t:|1628787379\n|start\n|switch|p1a: Braviary|Braviary, L82, M|298\/298\n|switch|p2a: Marowak|Marowak, L86, M|243\/243\n|turn|1\n|inactive|Battle timer is ON: inactive players will automatically lose when time's up. (requested by COVID-19191919)\n|\n|t:|1628787398\n|switch|p2a: Bronzong|Bronzong, L82|244\/244\n|move|p1a: Braviary|Bulk Up|p1a: Braviary\n|-boost|p1a: Braviary|atk|1\n|-boost|p1a: Braviary|def|1\n|\n|upkeep\n|turn|2\n|\n|t:|1628787410\n|switch|p1a: Copperajah|Copperajah, L84, M|342\/342\n|move|p2a: Bronzong|Toxic|p1a: Copperajah\n|-immune|p1a: Copperajah\n|\n|upkeep\n|turn|3\n|\n|t:|1628787417\n|move|p2a: Bronzong|Stealth Rock|p1a: Copperajah\n|-sidestart|p1: COVID-19191919|move: Stealth Rock\n|move|p1a: Copperajah|Heat Crash|p2a: Bronzong\n|-supereffective|p2a: Bronzong\n|-damage|p2a: Bronzong|0 fnt\n|faint|p2a: Bronzong\n|\n|upkeep\n|\n|t:|1628787428\n|switch|p2a: Rotom|Rotom-Heat, L82|216\/216\n|turn|4\n|\n|t:|1628787438\n|switch|p1a: Lanturn|Lanturn, L86, F|355\/355\n|-damage|p1a: Lanturn|311\/355|[from] Stealth Rock\n|move|p2a: Rotom|Will-O-Wisp|p1a: Lanturn\n|-status|p1a: Lanturn|brn\n|\n|-heal|p1a: Lanturn|333\/355 brn|[from] item: Leftovers\n|-damage|p1a: Lanturn|311\/355 brn|[from] brn\n|upkeep\n|turn|5\n|\n|t:|1628787449\n|move|p2a: Rotom|Thunderbolt|p1a: Lanturn\n|-heal|p1a: Lanturn|355\/355 brn|[from] ability: Volt Absorb|[of] p2a: Rotom\n|move|p1a: Lanturn|Toxic|p2a: Rotom\n|-status|p2a: Rotom|tox\n|\n|-damage|p2a: Rotom|203\/216 tox|[from] psn\n|-damage|p1a: Lanturn|333\/355 brn|[from] brn\n|upkeep\n|turn|6\n|\n|t:|1628787478\n|switch|p2a: Indeedee|Indeedee-F, L84, F|255\/255\n|-fieldstart|move: Psychic Terrain|[from] ability: Psychic Surge|[of] p2a: Indeedee\n|move|p1a: Lanturn|Toxic|p2a: Indeedee\n|-status|p2a: Indeedee|tox\n|\n|-heal|p1a: Lanturn|355\/355 brn|[from] item: Leftovers\n|-damage|p2a: Indeedee|240\/255 tox|[from] psn\n|-damage|p1a: Lanturn|333\/355 brn|[from] brn\n|upkeep\n|turn|7\n|\n|t:|1628787493\n|move|p2a: Indeedee|Calm Mind|p2a: Indeedee\n|-boost|p2a: Indeedee|spa|1\n|-boost|p2a: Indeedee|spd|1\n|move|p1a: Lanturn|Volt Switch|p2a: Indeedee\n|-damage|p2a: Indeedee|201\/255 tox\n|\n|t:|1628787510\n|switch|p1a: Golduck|Golduck, L86, F|278\/278\n|-damage|p1a: Golduck|244\/278|[from] Stealth Rock\n|\n|-heal|p1a: Golduck|261\/278|[from] item: Leftovers\n|-damage|p2a: Indeedee|171\/255 tox|[from] psn\n|upkeep\n|turn|8\n|\n|t:|1628787518\n|move|p1a: Golduck|Substitute|p1a: Golduck\n|-start|p1a: Golduck|Substitute\n|-damage|p1a: Golduck|192\/278\n|move|p2a: Indeedee|Expanding Force|p1a: Golduck\n|-end|p1a: Golduck|Substitute\n|-damage|p2a: Indeedee|146\/255 tox|[from] item: Life Orb\n|\n|-heal|p1a: Golduck|209\/278|[from] item: Leftovers\n|-damage|p2a: Indeedee|101\/255 tox|[from] psn\n|upkeep\n|turn|9\n|\n|t:|1628787526\n|move|p1a: Golduck|Substitute|p1a: Golduck\n|-start|p1a: Golduck|Substitute\n|-damage|p1a: Golduck|140\/278\n|move|p2a: Indeedee|Expanding Force|p1a: Golduck\n|-end|p1a: Golduck|Substitute\n|-damage|p2a: Indeedee|76\/255 tox|[from] item: Life Orb\n|\n|-heal|p1a: Golduck|157\/278|[from] item: Leftovers\n|-damage|p2a: Indeedee|16\/255 tox|[from] psn\n|upkeep\n|turn|10\n|\n|t:|1628787535\n|move|p1a: Golduck|Scald|p2a: Indeedee\n|-crit|p2a: Indeedee\n|-damage|p2a: Indeedee|0 fnt\n|faint|p2a: Indeedee\n|\n|-heal|p1a: Golduck|174\/278|[from] item: Leftovers\n|-fieldend|move: Psychic Terrain\n|upkeep\n|\n|t:|1628787544\n|switch|p2a: Zeraora|Zeraora, L76|259\/259\n|turn|11\n|\n|t:|1628787552\n|move|p2a: Zeraora|Bulk Up|p2a: Zeraora\n|-boost|p2a: Zeraora|atk|1\n|-boost|p2a: Zeraora|def|1\n|move|p1a: Golduck|Scald|p2a: Zeraora\n|-damage|p2a: Zeraora|165\/259\n|-status|p2a: Zeraora|brn\n|\n|-heal|p1a: Golduck|191\/278|[from] item: Leftovers\n|-damage|p2a: Zeraora|149\/259 brn|[from] brn\n|upkeep\n|turn|12\n|\n|t:|1628787564\n|move|p2a: Zeraora|Bulk Up|p2a: Zeraora\n|-boost|p2a: Zeraora|atk|1\n|-boost|p2a: Zeraora|def|1\n|move|p1a: Golduck|Scald|p2a: Zeraora\n|-damage|p2a: Zeraora|50\/259 brn\n|\n|-heal|p1a: Golduck|208\/278|[from] item: Leftovers\n|-damage|p2a: Zeraora|34\/259 brn|[from] brn\n|upkeep\n|turn|13\n|\n|t:|1628787573\n|switch|p1a: Lanturn|Lanturn, L86, F|333\/355 brn\n|-damage|p1a: Lanturn|289\/355 brn|[from] Stealth Rock\n|move|p2a: Zeraora|Plasma Fists|p1a: Lanturn\n|-heal|p1a: Lanturn|355\/355 brn|[from] ability: Volt Absorb|[of] p2a: Zeraora\n|\n|-damage|p2a: Zeraora|18\/259 brn|[from] brn\n|-damage|p1a: Lanturn|333\/355 brn|[from] brn\n|upkeep\n|turn|14\n|\n|t:|1628787582\n|move|p2a: Zeraora|Knock Off|p1a: Lanturn\n|-damage|p1a: Lanturn|220\/355 brn\n|-enditem|p1a: Lanturn|Leftovers|[from] move: Knock Off|[of] p2a: Zeraora\n|-damage|p2a: Zeraora|0 fnt|[from] item: Life Orb\n|faint|p2a: Zeraora\n|move|p1a: Lanturn|Heal Bell|p1a: Lanturn\n|-activate|p1a: Lanturn|move: Heal Bell\n|-curestatus|p1a: Lanturn|brn|[msg]\n|\n|upkeep\n|\n|t:|1628787603\n|switch|p2a: Marowak|Marowak, L86, M|243\/243\n|turn|15\n|\n|t:|1628787608\n|move|p1a: Lanturn|Scald|p2a: Marowak\n|-supereffective|p2a: Marowak\n|-damage|p2a: Marowak|81\/243\n|-status|p2a: Marowak|brn\n|move|p2a: Marowak|Earthquake|p1a: Lanturn\n|-supereffective|p1a: Lanturn\n|-damage|p1a: Lanturn|0 fnt\n|faint|p1a: Lanturn\n|\n|-damage|p2a: Marowak|66\/243 brn|[from] brn\n|upkeep\n|\n|t:|1628787623\n|switch|p1a: Golduck|Golduck, L86, F|208\/278\n|-damage|p1a: Golduck|174\/278|[from] Stealth Rock\n|turn|16\n|\n|t:|1628787628\n|-start|p1a: Golduck|Dynamax\n|-heal|p1a: Golduck|348\/556|[silent]\n|move|p1a: Golduck|Max Geyser|p2a: Marowak\n|-supereffective|p2a: Marowak\n|-damage|p2a: Marowak|0 fnt\n|-weather|RainDance\n|faint|p2a: Marowak\n|\n|-weather|RainDance|[upkeep]\n|-heal|p1a: Golduck|365\/556|[from] item: Leftovers\n|upkeep\n|\n|t:|1628787641\n|switch|p2a: Walrein|Walrein, L86, M|329\/329\n|turn|17\n|\n|t:|1628787648\n|move|p1a: Golduck|Max Knuckle|p2a: Walrein\n|-supereffective|p2a: Walrein\n|-damage|p2a: Walrein|199\/329\n|-boost|p1a: Golduck|atk|1\n|move|p2a: Walrein|Toxic|p1a: Golduck|[miss]\n|-miss|p2a: Walrein|p1a: Golduck\n|\n|-weather|RainDance|[upkeep]\n|-heal|p1a: Golduck|382\/556|[from] item: Leftovers\n|-heal|p2a: Walrein|219\/329|[from] item: Leftovers\n|upkeep\n|turn|18\n|\n|t:|1628787659\n|move|p2a: Walrein|Protect|p2a: Walrein\n|-singleturn|p2a: Walrein|Protect\n|move|p1a: Golduck|Max Knuckle|p2a: Walrein\n|-supereffective|p2a: Walrein\n|-zbroken|p2a: Walrein\n|-damage|p2a: Walrein|188\/329\n|-boost|p1a: Golduck|atk|1\n|\n|-weather|RainDance|[upkeep]\n|-heal|p1a: Golduck|399\/556|[from] item: Leftovers\n|-heal|p2a: Walrein|208\/329|[from] item: Leftovers\n|-end|p1a: Golduck|Dynamax\n|-heal|p1a: Golduck|200\/278|[silent]\n|upkeep\n|turn|19\n|\n|t:|1628787674\n|move|p1a: Golduck|Substitute|p1a: Golduck\n|-start|p1a: Golduck|Substitute\n|-damage|p1a: Golduck|131\/278\n|move|p2a: Walrein|Surf|p1a: Golduck\n|-resisted|p1a: Golduck\n|-end|p1a: Golduck|Substitute\n|\n|-weather|RainDance|[upkeep]\n|-heal|p1a: Golduck|148\/278|[from] item: Leftovers\n|-heal|p2a: Walrein|228\/329|[from] item: Leftovers\n|upkeep\n|turn|20\n|\n|t:|1628787682\n|move|p1a: Golduck|Substitute|p1a: Golduck\n|-start|p1a: Golduck|Substitute\n|-damage|p1a: Golduck|79\/278\n|move|p2a: Walrein|Surf|p1a: Golduck\n|-resisted|p1a: Golduck\n|-end|p1a: Golduck|Substitute\n|\n|-weather|none\n|-heal|p1a: Golduck|96\/278|[from] item: Leftovers\n|-heal|p2a: Walrein|248\/329|[from] item: Leftovers\n|upkeep\n|turn|21\n|\n|t:|1628787690\n|move|p1a: Golduck|Substitute|p1a: Golduck\n|-start|p1a: Golduck|Substitute\n|-damage|p1a: Golduck|27\/278\n|move|p2a: Walrein|Surf|p1a: Golduck\n|-resisted|p1a: Golduck\n|-activate|p1a: Golduck|move: Substitute|[damage]\n|\n|-heal|p1a: Golduck|44\/278|[from] item: Leftovers\n|-heal|p2a: Walrein|268\/329|[from] item: Leftovers\n|upkeep\n|turn|22\n|\n|t:|1628787698\n|move|p1a: Golduck|Calm Mind|p1a: Golduck\n|-boost|p1a: Golduck|spa|1\n|-boost|p1a: Golduck|spd|1\n|move|p2a: Walrein|Surf|p1a: Golduck\n|-resisted|p1a: Golduck\n|-end|p1a: Golduck|Substitute\n|\n|-heal|p1a: Golduck|61\/278|[from] item: Leftovers\n|-heal|p2a: Walrein|288\/329|[from] item: Leftovers\n|upkeep\n|turn|23\n|\n|t:|1628787708\n|-start|p2a: Walrein|Dynamax\n|-heal|p2a: Walrein|576\/658|[silent]\n|move|p1a: Golduck|Focus Blast|p2a: Walrein\n|-supereffective|p2a: Walrein\n|-damage|p2a: Walrein|302\/658\n|move|p2a: Walrein|Max Geyser|p1a: Golduck\n|-resisted|p1a: Golduck\n|-damage|p1a: Golduck|9\/278\n|-weather|RainDance\n|\n|-weather|RainDance|[upkeep]\n|-heal|p1a: Golduck|26\/278|[from] item: Leftovers\n|-heal|p2a: Walrein|322\/658|[from] item: Leftovers\n|upkeep\n|turn|24\n|\n|t:|1628787720\n|move|p1a: Golduck|Focus Blast|p2a: Walrein|[miss]\n|-miss|p1a: Golduck|p2a: Walrein\n|move|p2a: Walrein|Max Geyser|p1a: Golduck\n|-resisted|p1a: Golduck\n|-damage|p1a: Golduck|0 fnt\n|faint|p1a: Golduck\n|\n|-weather|RainDance|[upkeep]\n|-heal|p2a: Walrein|342\/658|[from] item: Leftovers\n|upkeep\n|\n|t:|1628787739\n|switch|p1a: Porygon2|Porygon2, L82|274\/274\n|-damage|p1a: Porygon2|240\/274|[from] Stealth Rock\n|-ability|p1a: Porygon2|Download|boost\n|-boost|p1a: Porygon2|spa|1\n|turn|25\n|\n|t:|1628787744\n|move|p2a: Walrein|Max Geyser|p1a: Porygon2\n|-crit|p1a: Porygon2\n|-damage|p1a: Porygon2|24\/274\n|move|p1a: Porygon2|Discharge|p2a: Walrein\n|-supereffective|p2a: Walrein\n|-damage|p2a: Walrein|178\/658\n|-status|p2a: Walrein|par\n|\n|-weather|RainDance|[upkeep]\n|-heal|p2a: Walrein|198\/658 par|[from] item: Leftovers\n|-end|p2a: Walrein|Dynamax\n|-heal|p2a: Walrein|99\/329 par|[silent]\n|upkeep\n|turn|26\n|\n|t:|1628787760\n|move|p1a: Porygon2|Discharge|p2a: Walrein\n|-supereffective|p2a: Walrein\n|-damage|p2a: Walrein|0 fnt\n|faint|p2a: Walrein\n|\n|-weather|RainDance|[upkeep]\n|upkeep\n|\n|t:|1628787765\n|switch|p2a: Rotom|Rotom-Heat, L82|203\/216 tox\n|turn|27\n|\n|t:|1628787778\n|move|p2a: Rotom|Thunderbolt|p1a: Porygon2\n|-damage|p1a: Porygon2|0 fnt\n|faint|p1a: Porygon2\n|\n|-weather|none\n|-damage|p2a: Rotom|190\/216 tox|[from] psn\n|upkeep\n|\n|t:|1628787788\n|switch|p1a: Regirock|Regirock, L85|275\/275\n|-damage|p1a: Regirock|241\/275|[from] Stealth Rock\n|turn|28\n|\n|t:|1628787793\n|move|p2a: Rotom|Will-O-Wisp|p1a: Regirock\n|-status|p1a: Regirock|brn\n|move|p1a: Regirock|Rock Slide|p2a: Rotom\n|-supereffective|p2a: Rotom\n|-damage|p2a: Rotom|115\/216 tox\n|\n|-heal|p1a: Regirock|258\/275 brn|[from] item: Leftovers\n|-damage|p2a: Rotom|89\/216 tox|[from] psn\n|-damage|p1a: Regirock|241\/275 brn|[from] brn\n|upkeep\n|turn|29\n|\n|t:|1628787803\n|move|p2a: Rotom|Nasty Plot|p2a: Rotom\n|-boost|p2a: Rotom|spa|2\n|move|p1a: Regirock|Rock Slide|p2a: Rotom|[miss]\n|-miss|p1a: Regirock|p2a: Rotom\n|\n|-heal|p1a: Regirock|258\/275 brn|[from] item: Leftovers\n|-damage|p2a: Rotom|50\/216 tox|[from] psn\n|-damage|p1a: Regirock|241\/275 brn|[from] brn\n|upkeep\n|turn|30\n|\n|t:|1628787813\n|move|p2a: Rotom|Thunderbolt|p1a: Regirock\n|-damage|p1a: Regirock|58\/275 brn\n|move|p1a: Regirock|Body Press|p2a: Rotom\n|-damage|p2a: Rotom|7\/216 tox\n|\n|-heal|p1a: Regirock|75\/275 brn|[from] item: Leftovers\n|-damage|p2a: Rotom|0 fnt|[from] psn\n|faint|p2a: Rotom\n|\n|win|COVID-19191919\n|upkeep\n|raw|COVID-19191919's rating: 1470 &rarr; <strong>1489<\/strong><br \/>(+19 for winning)\n|raw|brifye's rating: 1459 &rarr; <strong>1440<\/strong><br \/>(-19 for losing)\n","inputlog":">version 21a297c45f97162f5f89849dadd0772730f2dfbc\n>start {\"formatid\":\"gen8randombattle\",\"seed\":[48730,36052,47680,8780],\"rated\":\"Rated battle\"}\n>player p1 {\"name\":\"COVID-19191919\",\"avatar\":\"1\",\"rating\":1470,\"seed\":[64990,43406,21587,51960]}\n>player p2 {\"name\":\"brifye\",\"avatar\":\"266\",\"rating\":1459,\"seed\":[22329,37490,17893,46074]}\n>p1 move bulkup\n>p2 switch 4\n>p1 switch 3\n>p2 move toxic\n>p1 move heatcrash\n>p2 move stealthrock\n>p2 switch 3\n>p1 switch 6\n>p2 move willowisp\n>p1 move toxic\n>p2 move thunderbolt\n>p1 move toxic\n>p2 switch 2\n>p1 move voltswitch\n>p2 move calmmind\n>p1 switch 2\n>p1 move substitute\n>p2 move expandingforce\n>p1 move substitute\n>p2 move expandingforce\n>p1 move scald\n>p2 move expandingforce\n>p2 switch 5\n>p1 move scald\n>p2 move bulkup\n>p1 move scald\n>p2 move bulkup\n>p1 switch 2\n>p2 move plasmafists\n>p1 move healbell\n>p2 move knockoff\n>p2 switch 4\n>p1 move scald\n>p2 move earthquake\n>p1 switch 2\n>p1 move scald dynamax\n>p2 move knockoff\n>p2 switch 6\n>p1 move focusblast dynamax\n>p2 move toxic\n>p1 move focusblast dynamax\n>p2 move protect\n>p1 move substitute\n>p2 move surf\n>p1 move substitute\n>p2 move surf\n>p1 move substitute\n>p2 move surf\n>p1 move calmmind\n>p2 move surf\n>p1 move focusblast\n>p2 move surf dynamax\n>p1 move focusblast\n>p2 move surf dynamax\n>p1 switch 4\n>p1 move discharge\n>p2 move surf dynamax\n>p1 move discharge\n>p2 move surf\n>p2 switch 2\n>p1 move triattack\n>p2 move thunderbolt\n>p1 switch 5\n>p1 move rockslide\n>p2 move willowisp\n>p1 move rockslide\n>p2 move nastyplot\n>p1 move bodypress\n>p2 move thunderbolt","uploadtime":1628787819,"views":3,"p1id":"covid19191919","p2id":"brifye","formatid":"gen8randombattle","rating":1440,"private":0,"password":null}