{"id":"gen8ou-1168788067","p1":"lt72ms leo","p2":"ranitidine","format":"gen8ou","log":"|raw|<div class=\"broadcast-blue\"><strong>This battle is required to be public due to a player having a name prefixed by 'LT72MS'.<\/div>\n|j|\u2606lt72ms leo\n|j|\u2606ranitidine\n|t:|1597413827\n|player|p1|lt72ms leo|morty|1817\n|player|p2|ranitidine|102|1710\n|teamsize|p1|6\n|teamsize|p2|6\n|gametype|singles\n|gen|8\n|tier|[Gen 8] OU\n|rated|\n|clearpoke\n|poke|p1|Skarmory, M|\n|poke|p1|Toxapex, F|\n|poke|p1|Rotom-Heat|\n|poke|p1|Hippowdon, F|\n|poke|p1|Dragapult, M|\n|poke|p1|Clefable, M|\n|poke|p2|Scizor, M|\n|poke|p2|Rillaboom, F|\n|poke|p2|Crawdaunt, F|\n|poke|p2|Togekiss, F|\n|poke|p2|Zeraora|\n|poke|p2|Necrozma|\n|rule|Sleep Clause Mod: Limit one foe put to sleep\n|rule|Species Clause: Limit one of each Pok\u00e9mon\n|rule|OHKO Clause: OHKO moves are banned\n|rule|Evasion Moves Clause: Evasion moves are banned\n|rule|Endless Battle Clause: Forcing endless battles is banned\n|rule|HP Percentage Mod: HP is shown in percentages\n|rule|Dynamax Clause: You cannot dynamax\n|teampreview\n|c|\u2606lt72ms leo|hf\n|c|\u2606ranitidine|u2\n|\n|t:|1597413840\n|start\n|switch|p1a: Hippowdon|Hippowdon, F|100\/100\n|switch|p2a: Necrozma|Necrozma|100\/100\n|-weather|Sandstorm|[from] ability: Sand Stream|[of] p1a: Hippowdon\n|turn|1\n|\n|t:|1597413851\n|move|p2a: Necrozma|Stealth Rock|p1a: Hippowdon\n|-sidestart|p1: lt72ms leo|move: Stealth Rock\n|move|p1a: Hippowdon|Stealth Rock|p2a: Necrozma\n|-sidestart|p2: ranitidine|move: Stealth Rock\n|\n|-weather|Sandstorm|[upkeep]\n|-damage|p2a: Necrozma|94\/100|[from] Sandstorm\n|upkeep\n|turn|2\n|\n|t:|1597413855\n|move|p2a: Necrozma|Meteor Beam||[still]\n|-prepare|p2a: Necrozma|Meteor Beam\n|-boost|p2a: Necrozma|spa|1\n|-enditem|p2a: Necrozma|Power Herb\n|-anim|p2a: Necrozma|Meteor Beam|p1a: Hippowdon\n|-resisted|p1a: Hippowdon\n|-damage|p1a: Hippowdon|74\/100\n|move|p1a: Hippowdon|Earthquake|p2a: Necrozma\n|-damage|p2a: Necrozma|55\/100\n|\n|-weather|Sandstorm|[upkeep]\n|-damage|p2a: Necrozma|49\/100|[from] Sandstorm\n|-heal|p1a: Hippowdon|80\/100|[from] item: Leftovers\n|upkeep\n|turn|3\n|j| CreditKarma\n|\n|t:|1597413863\n|move|p2a: Necrozma|Photon Geyser|p1a: Hippowdon\n|-damage|p1a: Hippowdon|20\/100\n|move|p1a: Hippowdon|Slack Off|p1a: Hippowdon\n|-heal|p1a: Hippowdon|70\/100\n|\n|-weather|Sandstorm|[upkeep]\n|-damage|p2a: Necrozma|43\/100|[from] Sandstorm\n|-heal|p1a: Hippowdon|76\/100|[from] item: Leftovers\n|upkeep\n|turn|4\n|j| Sonic112233\n|\n|t:|1597413876\n|move|p2a: Necrozma|Photon Geyser|p1a: Hippowdon\n|-damage|p1a: Hippowdon|19\/100\n|move|p1a: Hippowdon|Earthquake|p2a: Necrozma\n|-damage|p2a: Necrozma|8\/100\n|\n|-weather|Sandstorm|[upkeep]\n|-damage|p2a: Necrozma|2\/100|[from] Sandstorm\n|-heal|p1a: Hippowdon|25\/100|[from] item: Leftovers\n|upkeep\n|turn|5\n|\n|t:|1597413882\n|move|p2a: Necrozma|Photon Geyser|p1a: Hippowdon\n|-crit|p1a: Hippowdon\n|-damage|p1a: Hippowdon|0 fnt\n|faint|p1a: Hippowdon\n|\n|-weather|none\n|upkeep\n|\n|t:|1597413895\n|switch|p1a: Dragapult|Dragapult, M|100\/100\n|-damage|p1a: Dragapult|88\/100|[from] Stealth Rock\n|turn|6\n|\n|t:|1597413897\n|move|p1a: Dragapult|Shadow Ball|p2a: Necrozma\n|-supereffective|p2a: Necrozma\n|-damage|p2a: Necrozma|0 fnt\n|faint|p2a: Necrozma\n|\n|upkeep\n|\n|t:|1597413900\n|switch|p2a: Crawdaunt|Crawdaunt, F|100\/100\n|-damage|p2a: Crawdaunt|88\/100|[from] Stealth Rock\n|turn|7\n|\n|t:|1597413907\n|switch|p1a: Toxapex|Toxapex, F|100\/100\n|-damage|p1a: Toxapex|88\/100|[from] Stealth Rock\n|move|p2a: Crawdaunt|Swords Dance|p2a: Crawdaunt\n|-boost|p2a: Crawdaunt|atk|2\n|\n|upkeep\n|turn|8\n|\n|t:|1597413915\n|move|p2a: Crawdaunt|Knock Off|p1a: Toxapex\n|-damage|p1a: Toxapex|0 fnt\n|-damage|p2a: Crawdaunt|72\/100|[from] item: Rocky Helmet|[of] p1a: Toxapex\n|-enditem|p1a: Toxapex|Rocky Helmet|[from] move: Knock Off|[of] p2a: Crawdaunt\n|-damage|p2a: Crawdaunt|62\/100|[from] item: Life Orb\n|faint|p1a: Toxapex\n|\n|upkeep\n|\n|t:|1597413917\n|switch|p1a: Dragapult|Dragapult, M|88\/100\n|-damage|p1a: Dragapult|76\/100|[from] Stealth Rock\n|turn|9\n|\n|t:|1597413943\n|switch|p2a: Togekiss|Togekiss, F|100\/100\n|-damage|p2a: Togekiss|76\/100|[from] Stealth Rock\n|move|p1a: Dragapult|Shadow Ball|p2a: Togekiss\n|-damage|p2a: Togekiss|24\/100\n|-unboost|p2a: Togekiss|spd|1\n|\n|upkeep\n|turn|10\n|\n|t:|1597413953\n|switch|p1a: Rotom|Rotom-Heat|100\/100\n|move|p2a: Togekiss|Air Slash|p1a: Rotom\n|-resisted|p1a: Rotom\n|-damage|p1a: Rotom|79\/100\n|\n|upkeep\n|turn|11\n|\n|t:|1597413957\n|move|p2a: Togekiss|Air Slash|p1a: Rotom\n|-resisted|p1a: Rotom\n|-damage|p1a: Rotom|61\/100\n|cant|p1a: Rotom|flinch\n|\n|upkeep\n|turn|12\n|\n|t:|1597413963\n|move|p2a: Togekiss|Air Slash|p1a: Rotom|[miss]\n|-miss|p2a: Togekiss|p1a: Rotom\n|move|p1a: Rotom|Discharge|p2a: Togekiss\n|-supereffective|p2a: Togekiss\n|-damage|p2a: Togekiss|0 fnt\n|faint|p2a: Togekiss\n|\n|upkeep\n|\n|t:|1597413971\n|switch|p2a: Crawdaunt|Crawdaunt, F|62\/100\n|-damage|p2a: Crawdaunt|50\/100|[from] Stealth Rock\n|turn|13\n|\n|t:|1597413974\n|switch|p1a: Dragapult|Dragapult, M|76\/100\n|-damage|p1a: Dragapult|64\/100|[from] Stealth Rock\n|move|p2a: Crawdaunt|Aqua Jet|p1a: Dragapult\n|-resisted|p1a: Dragapult\n|-damage|p1a: Dragapult|36\/100\n|-damage|p2a: Crawdaunt|40\/100|[from] item: Life Orb\n|\n|upkeep\n|turn|14\n|\n|t:|1597413990\n|move|p2a: Crawdaunt|Aqua Jet|p1a: Dragapult\n|-resisted|p1a: Dragapult\n|-damage|p1a: Dragapult|8\/100\n|-damage|p2a: Crawdaunt|30\/100|[from] item: Life Orb\n|move|p1a: Dragapult|Shadow Ball|p2a: Crawdaunt\n|-resisted|p2a: Crawdaunt\n|-damage|p2a: Crawdaunt|0 fnt\n|faint|p2a: Crawdaunt\n|\n|upkeep\n|\n|t:|1597413993\n|switch|p2a: Zeraora|Zeraora|100\/100\n|-damage|p2a: Zeraora|88\/100|[from] Stealth Rock\n|turn|15\n|\n|t:|1597413998\n|move|p2a: Zeraora|Plasma Fists|p1a: Dragapult\n|-resisted|p1a: Dragapult\n|-damage|p1a: Dragapult|0 fnt\n|-fieldactivate|move: Ion Deluge\n|-damage|p2a: Zeraora|78\/100|[from] item: Life Orb\n|faint|p1a: Dragapult\n|\n|upkeep\n|\n|t:|1597413999\n|switch|p1a: Clefable|Clefable, M|100\/100\n|turn|16\n|\n|t:|1597414007\n|switch|p2a: Rillaboom|Rillaboom, F|100\/100\n|-damage|p2a: Rillaboom|88\/100|[from] Stealth Rock\n|-fieldstart|move: Grassy Terrain|[from] ability: Grassy Surge|[of] p2a: Rillaboom\n|move|p1a: Clefable|Moonblast|p2a: Rillaboom\n|-damage|p2a: Rillaboom|30\/100\n|-unboost|p2a: Rillaboom|spa|1\n|\n|-heal|p2a: Rillaboom|36\/100|[from] Grassy Terrain\n|upkeep\n|turn|17\n|\n|t:|1597414015\n|move|p2a: Rillaboom|Wood Hammer|p1a: Clefable\n|-damage|p1a: Clefable|0 fnt\n|-damage|p2a: Rillaboom|0 fnt|[from] Recoil\n|faint|p1a: Clefable\n|faint|p2a: Rillaboom\n|\n|upkeep\n|\n|t:|1597414026\n|switch|p2a: Zeraora|Zeraora|78\/100\n|switch|p1a: Skarmory|Skarmory, M|100\/100\n|-damage|p2a: Zeraora|66\/100|[from] Stealth Rock\n|-damage|p1a: Skarmory|88\/100|[from] Stealth Rock\n|turn|18\n|\n|t:|1597414036\n|move|p2a: Zeraora|Plasma Fists|p1a: Skarmory\n|-supereffective|p1a: Skarmory\n|-damage|p1a: Skarmory|10\/100\n|-fieldactivate|move: Ion Deluge\n|-damage|p2a: Zeraora|50\/100|[from] item: Rocky Helmet|[of] p1a: Skarmory\n|-damage|p2a: Zeraora|40\/100|[from] item: Life Orb\n|move|p1a: Skarmory|Body Press|p2a: Zeraora\n|-damage|p2a: Zeraora|0 fnt\n|faint|p2a: Zeraora\n|\n|upkeep\n|\n|t:|1597414044\n|switch|p2a: Scizor|Scizor, M|100\/100\n|-damage|p2a: Scizor|88\/100|[from] Stealth Rock\n|turn|19\n|\n|t:|1597414048\n|move|p2a: Scizor|Swords Dance|p2a: Scizor\n|-boost|p2a: Scizor|atk|2\n|move|p1a: Skarmory|Body Press|p2a: Scizor\n|-damage|p2a: Scizor|51\/100\n|\n|-heal|p2a: Scizor|57\/100|[from] Grassy Terrain\n|upkeep\n|turn|20\n|\n|t:|1597414074\n|move|p2a: Scizor|Knock Off|p1a: Skarmory\n|-damage|p1a: Skarmory|0 fnt\n|-damage|p2a: Scizor|40\/100|[from] item: Rocky Helmet|[of] p1a: Skarmory\n|-enditem|p1a: Skarmory|Rocky Helmet|[from] move: Knock Off|[of] p2a: Scizor\n|-damage|p2a: Scizor|30\/100|[from] item: Life Orb\n|faint|p1a: Skarmory\n|\n|-heal|p2a: Scizor|37\/100|[from] Grassy Terrain\n|-fieldend|move: Grassy Terrain\n|upkeep\n|\n|t:|1597414075\n|switch|p1a: Rotom|Rotom-Heat|61\/100\n|turn|21\n|\n|t:|1597414085\n|move|p2a: Scizor|Quick Attack|p1a: Rotom\n|-crit|p1a: Rotom\n|-damage|p1a: Rotom|0 fnt\n|-damage|p2a: Scizor|27\/100|[from] item: Life Orb\n|faint|p1a: Rotom\n|\n|win|ranitidine\n|l|\u2606lt72ms leo\n|c|\u2606ranitidine|did that matter?\n|raw|lt72ms leo's rating: 1817 &rarr; <strong>1791<\/strong><br \/>(-26 for losing)\n|raw|ranitidine's rating: 1710 &rarr; <strong>1736<\/strong><br \/>(+26 for winning)\n","uploadtime":1597414104,"views":63,"p1id":"lt72msleo","p2id":"ranitidine","formatid":"gen8ou","rating":1736,"private":0,"password":null}