{"id":"gen8ou-1230801114","p1":"glaed13","p2":"poke_rizz","format":"gen8ou","log":"|j|\u2606glaed13\n|j|\u2606poke_rizz\n|t:|1606262655\n|player|p1|glaed13|cheren-gen5bw2|1762\n|player|p2|poke_rizz|170|1823\n|teamsize|p1|6\n|teamsize|p2|6\n|gametype|singles\n|gen|8\n|tier|[Gen 8] OU\n|rated|\n|clearpoke\n|poke|p1|Blaziken, M|\n|poke|p1|Klefki, F|\n|poke|p1|Ninetales, M|\n|poke|p1|Zapdos-Galar|\n|poke|p1|Cinderace, F|\n|poke|p1|Garchomp, F|\n|poke|p2|Marowak-Alola, F|\n|poke|p2|Stakataka|\n|poke|p2|Tapu Lele|\n|poke|p2|Crawdaunt, F|\n|poke|p2|Cofagrigus, F|\n|poke|p2|Magearna|\n|rule|Sleep Clause Mod: Limit one foe put to sleep\n|rule|Species Clause: Limit one of each Pok\u00e9mon\n|rule|OHKO Clause: OHKO moves are banned\n|rule|Evasion Moves Clause: Evasion moves are banned\n|rule|Endless Battle Clause: Forcing endless battles is banned\n|rule|HP Percentage Mod: HP is shown in percentages\n|rule|Dynamax Clause: You cannot dynamax\n|teampreview\n|inactive|Battle timer is ON: inactive players will automatically lose when time's up. (requested by glaed13)\n|\n|t:|1606262669\n|start\n|switch|p1a: Klefki|Klefki, F, shiny|100\/100\n|switch|p2a: Cofagrigus|Cofagrigus, F|100\/100\n|turn|1\n|\n|t:|1606262676\n|move|p2a: Cofagrigus|Magic Coat|p2a: Cofagrigus\n|-singleturn|p2a: Cofagrigus|move: Magic Coat\n|move|p1a: Klefki|Thunder Wave|p2a: Cofagrigus\n|move|p2a: Cofagrigus|Thunder Wave|p1a: Klefki|[from]Magic Coat\n|-status|p1a: Klefki|par\n|\n|upkeep\n|turn|2\n|\n|t:|1606262686\n|move|p1a: Klefki|Thunder Wave|p2a: Cofagrigus\n|-status|p2a: Cofagrigus|par\n|move|p2a: Cofagrigus|Toxic Spikes|p1a: Klefki\n|-sidestart|p1: glaed13|move: Toxic Spikes\n|\n|upkeep\n|turn|3\n|\n|t:|1606262696\n|move|p2a: Cofagrigus|Magic Coat|p2a: Cofagrigus\n|-singleturn|p2a: Cofagrigus|move: Magic Coat\n|cant|p1a: Klefki|par\n|\n|upkeep\n|turn|4\n|j| blessed days\n|\n|t:|1606262702\n|cant|p2a: Cofagrigus|par\n|cant|p1a: Klefki|par\n|\n|upkeep\n|turn|5\n|j| vip10086\n|\n|t:|1606262708\n|move|p2a: Cofagrigus|Magic Coat|p2a: Cofagrigus\n|-singleturn|p2a: Cofagrigus|move: Magic Coat\n|move|p1a: Klefki|Light Screen|p1a: Klefki\n|-sidestart|p1: glaed13|move: Light Screen\n|\n|upkeep\n|turn|6\n|\n|t:|1606262714\n|move|p1a: Klefki|Reflect|p1a: Klefki\n|-sidestart|p1: glaed13|Reflect\n|move|p2a: Cofagrigus|Curse|p1a: Klefki\n|-start|p1a: Klefki|Curse|[of] p2a: Cofagrigus\n|-damage|p2a: Cofagrigus|51\/100 par\n|\n|-damage|p1a: Klefki|76\/100 par|[from] Curse\n|upkeep\n|turn|7\n|\n|t:|1606262722\n|switch|p1a: Zapdos|Zapdos-Galar|100\/100\n|move|p2a: Cofagrigus|Trick Room|p2a: Cofagrigus\n|-fieldstart|move: Trick Room|[of] p2a: Cofagrigus\n|\n|upkeep\n|turn|8\n|\n|t:|1606262729\n|move|p2a: Cofagrigus|Curse|p1a: Zapdos\n|-start|p1a: Zapdos|Curse|[of] p2a: Cofagrigus\n|-damage|p2a: Cofagrigus|1\/100 par\n|move|p1a: Zapdos|Acrobatics|p2a: Cofagrigus\n|-damage|p2a: Cofagrigus|0 fnt\n|-activate|p2a: Cofagrigus|ability: Mummy|Defiant|[of] p1a: Zapdos\n|faint|p2a: Cofagrigus\n|\n|-damage|p1a: Zapdos|76\/100|[from] Curse\n|upkeep\n|\n|t:|1606262737\n|switch|p2a: Magearna|Magearna|100\/100\n|turn|9\n|\n|t:|1606262751\n|switch|p1a: Klefki|Klefki, F, shiny|76\/100 par\n|move|p2a: Magearna|Thunderbolt|p1a: Klefki\n|-damage|p1a: Klefki|58\/100 par\n|\n|upkeep\n|turn|10\n|j| Danuine\n|\n|t:|1606262759\n|switch|p2a: Marowak|Marowak-Alola, F|100\/100\n|move|p1a: Klefki|Defog|p2a: Marowak\n|-unboost|p2a: Marowak|evasion|1\n|-sideend|p1: glaed13|Toxic Spikes|[from] move: Defog|[of] p1a: Klefki\n|\n|upkeep\n|turn|11\n|\n|t:|1606262769\n|move|p1a: Klefki|Thunder Wave|p2a: Marowak\n|-ability|p2a: Marowak|Lightning Rod|boost\n|-boost|p2a: Marowak|spa|1\n|move|p2a: Marowak|Stealth Rock|p1a: Klefki\n|-sidestart|p1: glaed13|move: Stealth Rock\n|\n|-fieldend|move: Trick Room\n|upkeep\n|turn|12\n|\n|t:|1606262776\n|move|p1a: Klefki|Defog|p2a: Marowak\n|-unboost|p2a: Marowak|evasion|1\n|-sideend|p1: glaed13|Stealth Rock|[from] move: Defog|[of] p1a: Klefki\n|move|p2a: Marowak|Shadow Bone|p1a: Klefki\n|-damage|p1a: Klefki|19\/100 par\n|\n|-sideend|p1: glaed13|move: Light Screen\n|upkeep\n|turn|13\n|\n|t:|1606262791\n|switch|p1a: Garchomp|Garchomp, F|100\/100\n|move|p2a: Marowak|Stealth Rock|p1a: Garchomp\n|-sidestart|p1: glaed13|move: Stealth Rock\n|\n|-sideend|p1: glaed13|Reflect\n|upkeep\n|turn|14\n|\n|t:|1606262799\n|switch|p2a: Stakataka|Stakataka|100\/100\n|-item|p2a: Stakataka|Air Balloon\n|move|p1a: Garchomp|Swords Dance|p1a: Garchomp\n|-boost|p1a: Garchomp|atk|2\n|\n|upkeep\n|turn|15\n|j| Vessev\n|\n|t:|1606262808\n|move|p1a: Garchomp|Fire Fang|p2a: Stakataka\n|-damage|p2a: Stakataka|69\/100\n|-enditem|p2a: Stakataka|Air Balloon\n|move|p2a: Stakataka|Trick Room|p2a: Stakataka\n|-fieldstart|move: Trick Room|[of] p2a: Stakataka\n|\n|upkeep\n|turn|16\n|\n|t:|1606262833\n|switch|p1a: Blaziken|Blaziken, M|100\/100\n|-damage|p1a: Blaziken|88\/100|[from] Stealth Rock\n|move|p2a: Stakataka|Gyro Ball|p1a: Blaziken\n|-resisted|p1a: Blaziken\n|-damage|p1a: Blaziken|20\/100\n|\n|upkeep\n|turn|17\n|\n|t:|1606262842\n|move|p2a: Stakataka|Gyro Ball|p1a: Blaziken\n|-resisted|p1a: Blaziken\n|-damage|p1a: Blaziken|0 fnt\n|faint|p1a: Blaziken\n|-ability|p2a: Stakataka|Beast Boost|boost\n|-boost|p2a: Stakataka|atk|1\n|\n|upkeep\n|\n|t:|1606262848\n|switch|p1a: Klefki|Klefki, F, shiny|19\/100 par\n|-damage|p1a: Klefki|13\/100 par|[from] Stealth Rock\n|turn|18\n|\n|t:|1606262851\n|move|p1a: Klefki|Defog|p2a: Stakataka\n|-unboost|p2a: Stakataka|evasion|1\n|-sideend|p1: glaed13|Stealth Rock|[from] move: Defog|[of] p1a: Klefki\n|move|p2a: Stakataka|Gyro Ball|p1a: Klefki\n|-damage|p1a: Klefki|0 fnt\n|faint|p1a: Klefki\n|-ability|p2a: Stakataka|Beast Boost|boost\n|-boost|p2a: Stakataka|atk|1\n|\n|upkeep\n|j| Kyphoon\n|l| Kyphoon\n|inactive|glaed13 has 120 seconds left.\n|\n|t:|1606262884\n|switch|p1a: Cinderace|Cinderace, F|100\/100\n|turn|19\n|\n|t:|1606262889\n|move|p2a: Stakataka|Gyro Ball|p1a: Cinderace\n|-resisted|p1a: Cinderace\n|-damage|p1a: Cinderace|0 fnt\n|faint|p1a: Cinderace\n|-ability|p2a: Stakataka|Beast Boost|boost\n|-boost|p2a: Stakataka|atk|1\n|\n|-fieldend|move: Trick Room\n|upkeep\n|\n|t:|1606262901\n|switch|p1a: Zapdos|Zapdos-Galar|76\/100\n|turn|20\n|\n|t:|1606262905\n|switch|p2a: Tapu Lele|Tapu Lele|100\/100\n|-fieldstart|move: Psychic Terrain|[from] ability: Psychic Surge|[of] p2a: Tapu Lele\n|move|p1a: Zapdos|Thunderous Kick|p2a: Tapu Lele\n|-resisted|p2a: Tapu Lele\n|-damage|p2a: Tapu Lele|84\/100\n|-unboost|p2a: Tapu Lele|def|1\n|\n|upkeep\n|turn|21\n|\n|t:|1606262911\n|move|p2a: Tapu Lele|Psychic|p1a: Zapdos\n|-supereffective|p1a: Zapdos\n|-damage|p1a: Zapdos|0 fnt\n|faint|p1a: Zapdos\n|\n|upkeep\n|\n|t:|1606262914\n|switch|p1a: Ninetales|Ninetales, M, shiny|100\/100\n|-weather|SunnyDay|[from] ability: Drought|[of] p1a: Ninetales\n|turn|22\n|j| SebusWebus\n|l| SebusWebus\n|\n|t:|1606262930\n|move|p2a: Tapu Lele|Psychic|p1a: Ninetales\n|-damage|p1a: Ninetales|22\/100\n|move|p1a: Ninetales|Flamethrower|p2a: Tapu Lele\n|-damage|p2a: Tapu Lele|27\/100\n|-status|p2a: Tapu Lele|brn\n|\n|-weather|SunnyDay|[upkeep]\n|-damage|p2a: Tapu Lele|21\/100 brn|[from] brn\n|upkeep\n|turn|23\n|\n|t:|1606262943\n|move|p2a: Tapu Lele|Psychic|p1a: Ninetales\n|-damage|p1a: Ninetales|0 fnt\n|faint|p1a: Ninetales\n|\n|-weather|SunnyDay|[upkeep]\n|-damage|p2a: Tapu Lele|15\/100 brn|[from] brn\n|upkeep\n|\n|t:|1606262946\n|switch|p1a: Garchomp|Garchomp, F|100\/100\n|turn|24\n|\n|t:|1606262952\n|switch|p2a: Stakataka|Stakataka|69\/100\n|move|p1a: Garchomp|Earthquake|p2a: Stakataka\n|-supereffective|p2a: Stakataka\n|-damage|p2a: Stakataka|0 fnt\n|faint|p2a: Stakataka\n|\n|-weather|SunnyDay|[upkeep]\n|-fieldend|move: Psychic Terrain\n|upkeep\n|\n|t:|1606262957\n|switch|p2a: Marowak|Marowak-Alola, F|100\/100\n|turn|25\n|\n|t:|1606262965\n|move|p1a: Garchomp|Swords Dance|p1a: Garchomp\n|-boost|p1a: Garchomp|atk|2\n|move|p2a: Marowak|Shadow Bone|p1a: Garchomp\n|-damage|p1a: Garchomp|36\/100\n|\n|-weather|SunnyDay|[upkeep]\n|upkeep\n|turn|26\n|\n|t:|1606262974\n|move|p1a: Garchomp|Scale Shot|p2a: Marowak\n|-damage|p2a: Marowak|70\/100\n|-damage|p2a: Marowak|43\/100\n|-damage|p2a: Marowak|16\/100\n|-crit|p2a: Marowak\n|-damage|p2a: Marowak|0 fnt\n|-hitcount|p2a: Marowak|4\n|-unboost|p1a: Garchomp|def|1\n|-boost|p1a: Garchomp|spe|1\n|faint|p2a: Marowak\n|\n|-weather|none\n|upkeep\n|\n|t:|1606262980\n|switch|p2a: Crawdaunt|Crawdaunt, F|100\/100\n|turn|27\n|\n|t:|1606262990\n|move|p2a: Crawdaunt|Aqua Jet|p1a: Garchomp\n|-damage|p1a: Garchomp|0 fnt\n|-damage|p2a: Crawdaunt|88\/100|[from] ability: Rough Skin|[of] p1a: Garchomp\n|-damage|p2a: Crawdaunt|78\/100|[from] item: Life Orb\n|faint|p1a: Garchomp\n|\n|win|poke_rizz\n|l| Vessev\n|l| blessed days\n|l|\u2606glaed13\n|l| Danuine\n||Ladder (probably) updated, but score could not be retrieved (Request timeout).\n","uploadtime":1606262997,"views":22,"p1id":"glaed13","p2id":"pokerizz","formatid":"gen8ou","rating":0,"private":0,"password":null}