{"id":"gen8nationaldex-1703533563","p1":"Elon Musk Rusk","p2":"love Sosaaa \u2764","format":"gen8nationaldex","log":"|j|\u2606Elon Musk Rusk\n|j|\u2606love Sosaaa \u2764\n|inactive|Battle timer is ON: inactive players will automatically lose when time's up.\n|t:|1667672250\n|gametype|singles\n|player|p1|Elon Musk Rusk|266|\n|player|p2|love Sosaaa \u2764|lucas|\n|teamsize|p1|6\n|teamsize|p2|6\n|gen|8\n|tier|[Gen 8] National Dex\n|rated|Tournament battle\n|rule|HP Percentage Mod: HP is shown in percentages\n|rule|Endless Battle Clause: Forcing endless battles is banned\n|rule|OHKO Clause: OHKO moves are banned\n|rule|Evasion Moves Clause: Evasion moves are banned\n|rule|Species Clause: Limit one of each Pok\u00e9mon\n|rule|Dynamax Clause: You cannot dynamax\n|rule|Sleep Clause Mod: Limit one foe put to sleep\n|clearpoke\n|poke|p1|Pelipper, F|\n|poke|p1|Swampert, F|\n|poke|p1|Weavile, F|\n|poke|p1|Manaphy|\n|poke|p1|Zapdos|\n|poke|p1|Ferrothorn, F|\n|poke|p2|Charizard, F|\n|poke|p2|Rotom-Wash|\n|poke|p2|Landorus-Therian, M|\n|poke|p2|Kartana|\n|poke|p2|Tapu Fini|\n|poke|p2|Weavile, F|\n|teampreview\n|\n|t:|1667672267\n|start\n|switch|p1a: Weavile|Weavile, F|100\/100\n|switch|p2a: Rotom|Rotom-Wash|100\/100\n|-ability|p1a: Weavile|Pressure\n|turn|1\n|\n|t:|1667672286\n|switch|p1a: Ferrothorn|Ferrothorn, F|100\/100\n|switch|p2a: Charizard|Charizard, F|100\/100\n|\n|upkeep\n|turn|2\n|\n|t:|1667672310\n|switch|p1a: Pelipper|Pelipper, F|100\/100\n|-weather|RainDance|[from] ability: Drizzle|[of] p1a: Pelipper\n|detailschange|p2a: Charizard|Charizard-Mega-Y, F\n|-mega|p2a: Charizard|Charizard|Charizardite Y\n|-weather|SunnyDay|[from] ability: Drought|[of] p2a: Charizard\n|move|p2a: Charizard|Weather Ball|p1a: Pelipper\n|-resisted|p1a: Pelipper\n|-damage|p1a: Pelipper|38\/100\n|\n|-weather|SunnyDay|[upkeep]\n|upkeep\n|turn|3\n|\n|t:|1667672316\n|switch|p1a: Manaphy|Manaphy|100\/100\n|move|p2a: Charizard|Weather Ball|p1a: Manaphy\n|-resisted|p1a: Manaphy\n|-damage|p1a: Manaphy|61\/100\n|\n|-weather|SunnyDay|[upkeep]\n|upkeep\n|turn|4\n|\n|t:|1667672321\n|switch|p2a: Rotom|Rotom-Wash|100\/100\n|-zpower|p1a: Manaphy\n|move|p1a: Manaphy|Hydro Vortex|p2a: Rotom|[zeffect]\n|-resisted|p2a: Rotom\n|-damage|p2a: Rotom|78\/100\n|\n|-weather|SunnyDay|[upkeep]\n|-heal|p2a: Rotom|84\/100|[from] item: Leftovers\n|upkeep\n|turn|5\n|\n|t:|1667672329\n|move|p1a: Manaphy|Energy Ball|p2a: Rotom\n|-supereffective|p2a: Rotom\n|-damage|p2a: Rotom|28\/100\n|move|p2a: Rotom|Will-O-Wisp|p1a: Manaphy\n|-status|p1a: Manaphy|brn\n|\n|-weather|SunnyDay|[upkeep]\n|-heal|p2a: Rotom|35\/100|[from] item: Leftovers\n|-damage|p1a: Manaphy|55\/100 brn|[from] brn\n|upkeep\n|turn|6\n|\n|t:|1667672338\n|switch|p2a: Kartana|Kartana|100\/100\n|move|p1a: Manaphy|Surf|p2a: Kartana\n|-resisted|p2a: Kartana\n|-damage|p2a: Kartana|67\/100\n|\n|-weather|none\n|-damage|p1a: Manaphy|49\/100 brn|[from] brn\n|upkeep\n|turn|7\n|\n|t:|1667672350\n|move|p2a: Kartana|Leaf Blade|p1a: Manaphy\n|-supereffective|p1a: Manaphy\n|-damage|p1a: Manaphy|0 fnt\n|faint|p1a: Manaphy\n|-ability|p2a: Kartana|Beast Boost|boost\n|-boost|p2a: Kartana|atk|1\n|\n|upkeep\n|\n|t:|1667672354\n|switch|p1a: Zapdos|Zapdos|100\/100\n|turn|8\n|\n|t:|1667672360\n|switch|p2a: Rotom|Rotom-Wash|35\/100\n|move|p1a: Zapdos|Hurricane|p2a: Rotom|[miss]\n|-miss|p1a: Zapdos|p2a: Rotom\n|\n|-heal|p2a: Rotom|41\/100|[from] item: Leftovers\n|upkeep\n|turn|9\n|\n|t:|1667672365\n|move|p1a: Zapdos|Thunder|p2a: Rotom\n|-damage|p2a: Rotom|0 fnt\n|faint|p2a: Rotom\n|\n|upkeep\n|\n|t:|1667672371\n|switch|p2a: Weavile|Weavile, F|100\/100\n|-ability|p2a: Weavile|Pressure\n|turn|10\n|j|+diegoblu~\n|j| Lazy#4341 on cord\n|\n|t:|1667672390\n|switch|p1a: Ferrothorn|Ferrothorn, F|100\/100\n|move|p2a: Weavile|Triple Axel|p1a: Ferrothorn\n|-damage|p1a: Ferrothorn|89\/100\n|-damage|p2a: Weavile|88\/100|[from] ability: Iron Barbs|[of] p1a: Ferrothorn\n|-damage|p1a: Ferrothorn|67\/100\n|-damage|p2a: Weavile|76\/100|[from] ability: Iron Barbs|[of] p1a: Ferrothorn\n|-crit|p1a: Ferrothorn\n|-damage|p1a: Ferrothorn|18\/100\n|-damage|p2a: Weavile|63\/100|[from] ability: Iron Barbs|[of] p1a: Ferrothorn\n|-hitcount|p1a: Ferrothorn|3\n|\n|upkeep\n|turn|11\n|\n|t:|1667672403\n|move|p2a: Weavile|Triple Axel|p1a: Ferrothorn\n|-damage|p1a: Ferrothorn|8\/100\n|-damage|p2a: Weavile|51\/100|[from] ability: Iron Barbs|[of] p1a: Ferrothorn\n|-damage|p1a: Ferrothorn|0 fnt\n|-damage|p2a: Weavile|38\/100|[from] ability: Iron Barbs|[of] p1a: Ferrothorn\n|faint|p1a: Ferrothorn\n|-hitcount|p1: Ferrothorn|2\n|\n|upkeep\n|\n|t:|1667672411\n|switch|p1a: Weavile|Weavile, F|100\/100\n|-ability|p1a: Weavile|Pressure\n|turn|12\n|\n|t:|1667672419\n|switch|p2a: Tapu Fini|Tapu Fini|100\/100\n|-fieldstart|move: Misty Terrain|[from] ability: Misty Surge|[of] p2a: Tapu Fini\n|move|p1a: Weavile|Knock Off|p2a: Tapu Fini\n|-resisted|p2a: Tapu Fini\n|-damage|p2a: Tapu Fini|65\/100\n|-enditem|p2a: Tapu Fini|Choice Scarf|[from] move: Knock Off|[of] p1a: Weavile\n|\n|upkeep\n|turn|13\n|\n|t:|1667672426\n|switch|p1a: Zapdos|Zapdos|100\/100\n|move|p2a: Tapu Fini|Moonblast|p1a: Zapdos\n|-damage|p1a: Zapdos|61\/100\n|\n|upkeep\n|turn|14\n|\n|t:|1667672433\n|move|p1a: Zapdos|Hurricane|p2a: Tapu Fini\n|-crit|p2a: Tapu Fini\n|-damage|p2a: Tapu Fini|0 fnt\n|faint|p2a: Tapu Fini\n|\n|upkeep\n|\n|t:|1667672436\n|switch|p2a: Weavile|Weavile, F|38\/100\n|-ability|p2a: Weavile|Pressure\n|turn|15\n|\n|t:|1667672448\n|-activate|p1a: Zapdos|move: Pursuit\n|move|p2a: Weavile|Pursuit|p1a: Zapdos|[from]Pursuit\n|-damage|p1a: Zapdos|0 fnt\n|faint|p1a: Zapdos\n|-hint|A Pokemon can't switch between when it runs out of HP and when it faints\n|\n|upkeep\n|\n|t:|1667672456\n|switch|p1a: Pelipper|Pelipper, F|38\/100\n|-weather|RainDance|[from] ability: Drizzle|[of] p1a: Pelipper\n|turn|16\n|j| Ash-Lucario579\n|\n|t:|1667672459\n|move|p2a: Weavile|Pursuit|p1a: Pelipper\n|-damage|p1a: Pelipper|14\/100\n|move|p1a: Pelipper|Roost|p1a: Pelipper\n|-heal|p1a: Pelipper|64\/100\n|-singleturn|p1a: Pelipper|move: Roost\n|\n|-weather|RainDance|[upkeep]\n|-fieldend|Misty Terrain\n|upkeep\n|turn|17\n|\n|t:|1667672471\n|switch|p2a: Charizard|Charizard-Mega-Y, F|100\/100\n|-weather|SunnyDay|[from] ability: Drought|[of] p2a: Charizard\n|move|p1a: Pelipper|Scald|p2a: Charizard\n|-supereffective|p2a: Charizard\n|-damage|p2a: Charizard|74\/100\n|\n|-weather|SunnyDay|[upkeep]\n|upkeep\n|turn|18\n|\n|t:|1667672480\n|move|p2a: Charizard|Solar Beam||[still]\n|-prepare|p2a: Charizard|Solar Beam\n|-anim|p2a: Charizard|Solar Beam|p1a: Pelipper\n|-damage|p1a: Pelipper|0 fnt\n|faint|p1a: Pelipper\n|\n|-weather|SunnyDay|[upkeep]\n|upkeep\n|\n|t:|1667672484\n|switch|p1a: Weavile|Weavile, F|100\/100\n|-ability|p1a: Weavile|Pressure\n|turn|19\n|l| Ash-Lucario579\n|\n|t:|1667672490\n|switch|p2a: Landorus|Landorus-Therian, M|100\/100\n|-ability|p2a: Landorus|Intimidate|boost\n|-unboost|p1a: Weavile|atk|1\n|move|p1a: Weavile|Triple Axel|p2a: Landorus\n|-supereffective|p2a: Landorus\n|-damage|p2a: Landorus|71\/100\n|-damage|p1a: Weavile|84\/100|[from] item: Rocky Helmet|[of] p2a: Landorus\n|-supereffective|p2a: Landorus\n|-damage|p2a: Landorus|14\/100\n|-damage|p1a: Weavile|68\/100|[from] item: Rocky Helmet|[of] p2a: Landorus\n|-supereffective|p2a: Landorus\n|-damage|p2a: Landorus|0 fnt\n|-damage|p1a: Weavile|51\/100|[from] item: Rocky Helmet|[of] p2a: Landorus\n|faint|p2a: Landorus\n|-hitcount|p2: Landorus|3\n|\n|-weather|SunnyDay|[upkeep]\n|upkeep\n|\n|t:|1667672495\n|switch|p2a: Charizard|Charizard-Mega-Y, F|74\/100\n|turn|20\n|\n|t:|1667672500\n|move|p1a: Weavile|Triple Axel|p2a: Charizard\n|-damage|p2a: Charizard|61\/100\n|-damage|p2a: Charizard|36\/100\n|-hitcount|p2a: Charizard|2\n|move|p2a: Charizard|Weather Ball|p1a: Weavile\n|-supereffective|p1a: Weavile\n|-damage|p1a: Weavile|0 fnt\n|faint|p1a: Weavile\n|\n|-weather|SunnyDay|[upkeep]\n|upkeep\n|j| thehollo1\n|\n|t:|1667672506\n|switch|p1a: Swampert|Swampert, F|100\/100\n|turn|21\n|l|+diegoblu~\n|-message|Elon Musk Rusk forfeited.\n|\n|win|love Sosaaa \u2764\n|n|\u2606Elon Musk Rusk|elonmuskrusk\n|n|\u2606love Sosaaa \u2764|lovesosaaa\n|n| Lazy#4341 on cord|lazy4341oncord\n|n| thehollo1|thehollo1\n","uploadtime":1667672516,"views":5,"p1id":"elonmuskrusk","p2id":"lovesosaaa","formatid":"gen8nationaldex","rating":0,"private":0,"password":null}