{"id":"gen8vgc2022-1537731795","p1":"lothlorien2000","p2":"PokeDa","format":"gen8vgc2022","log":"|j|\u2606lothlorien2000\n|j|\u2606PokeDa\n|t:|1648132650\n|gametype|doubles\n|player|p1|lothlorien2000|steven|\n|player|p2|PokeDa|266|\n|teamsize|p1|6\n|teamsize|p2|6\n|gen|8\n|tier|[Gen 8] VGC 2022\n|rule|Species Clause: Limit one of each Pok\u00e9mon\n|rule|Item Clause: Limit one of each item\n|clearpoke\n|poke|p1|Regieleki, L50|\n|poke|p1|Whimsicott, L50, F|\n|poke|p1|Indeedee-F, L50, F|\n|poke|p1|Kyogre, L50|\n|poke|p1|Urshifu-*, L50, M|\n|poke|p1|Landorus-Therian, L50, M|\n|poke|p2|Xerneas-*, L50|\n|poke|p2|Landorus-Therian, L50, M|\n|poke|p2|Amoonguss, L50, M|\n|poke|p2|Lapras, L50, F|\n|poke|p2|Incineroar, L50, M|\n|poke|p2|Rotom-Heat, L50|\n|teampreview|4\n|\n|t:|1648132708\n|start\n|switch|p1a: Urshifu|Urshifu-Rapid-Strike, L50, M|100\/100\n|switch|p1b: Kyogre|Kyogre, L50, shiny|100\/100\n|switch|p2a: Amoonguss|Amoonguss, L50, M|100\/100\n|switch|p2b: Lapras|Lapras, L50, F|100\/100\n|-weather|RainDance|[from] ability: Drizzle|[of] p1b: Kyogre\n|turn|1\n|\n|t:|1648132753\n|-start|p1b: Kyogre|Dynamax\n|-heal|p1b: Kyogre|100\/100|[silent]\n|-start|p2b: Lapras|Dynamax\n|-formechange|p2b: Lapras|Lapras-Gmax\n|-heal|p2b: Lapras|100\/100|[silent]\n|move|p2a: Amoonguss|Rage Powder|p2a: Amoonguss\n|-singleturn|p2a: Amoonguss|move: Rage Powder\n|move|p1b: Kyogre|Max Lightning|p2a: Amoonguss\n|-resisted|p2a: Amoonguss\n|-damage|p2a: Amoonguss|79\/100\n|-fieldstart|move: Electric Terrain\n|move|p1a: Urshifu|U-turn|p2a: Amoonguss\n|-damage|p2a: Amoonguss|44\/100\n|\n|t:|1648132768\n|switch|p1a: Indeedee|Indeedee-F, L50, F|100\/100|[from]move: U-turn\n|-fieldstart|move: Psychic Terrain|[from] ability: Psychic Surge|[of] p1a: Indeedee\n|-enditem|p1a: Indeedee|Psychic Seed\n|-boost|p1a: Indeedee|spd|1|[from] item: Psychic Seed\n|move|p2b: Lapras|G-Max Resonance|p1a: Indeedee\n|-damage|p1a: Indeedee|72\/100\n|-sidestart|p2: PokeDa|move: Aurora Veil\n|\n|-weather|RainDance|[upkeep]\n|upkeep\n|turn|2\n|\n|t:|1648132786\n|-end|p2b: Lapras|Dynamax\n|-formechange|p2b: Lapras|Lapras\n|-heal|p2b: Lapras|100\/100|[silent]\n|switch|p2b: Incineroar|Incineroar, L50, M|100\/100\n|-ability|p2b: Incineroar|Intimidate|boost\n|-unboost|p1a: Indeedee|atk|1\n|-unboost|p1b: Kyogre|atk|1\n|move|p1a: Indeedee|Helping Hand|p1b: Kyogre\n|-singleturn|p1b: Kyogre|Helping Hand|[of] p1a: Indeedee\n|move|p2a: Amoonguss|Protect|p2a: Amoonguss\n|-singleturn|p2a: Amoonguss|Protect\n|move|p1b: Kyogre|Max Geyser|p2a: Amoonguss\n|-resisted|p2a: Amoonguss\n|-zbroken|p2a: Amoonguss\n|-damage|p2a: Amoonguss|30\/100\n|\n|-weather|RainDance|[upkeep]\n|upkeep\n|turn|3\n|\n|t:|1648132836\n|switch|p2a: Lapras|Lapras, L50, F|100\/100\n|move|p1a: Indeedee|Follow Me|p1a: Indeedee\n|-singleturn|p1a: Indeedee|move: Follow Me\n|move|p1b: Kyogre|Max Geyser|p2a: Lapras\n|-immune|p2a: Lapras|[from] ability: Water Absorb\n|move|p2b: Incineroar|U-turn|p1a: Indeedee\n|-supereffective|p1a: Indeedee\n|-damage|p1a: Indeedee|39\/100\n|\n|t:|1648132844\n|switch|p2b: Amoonguss|Amoonguss, L50, M|63\/100|[from]move: U-turn\n|\n|-weather|RainDance|[upkeep]\n|-end|p1b: Kyogre|Dynamax\n|-heal|p1b: Kyogre|100\/100|[silent]\n|upkeep\n|turn|4\n|\n|t:|1648132867\n|move|p1a: Indeedee|Helping Hand|p1b: Kyogre\n|-singleturn|p1b: Kyogre|Helping Hand|[of] p1a: Indeedee\n|move|p2b: Amoonguss|Protect|p2b: Amoonguss\n|-singleturn|p2b: Amoonguss|Protect\n|move|p1b: Kyogre|Water Spout|p2b: Amoonguss|[spread] \n|-activate|p2b: Amoonguss|move: Protect\n|-immune|p2a: Lapras|[from] ability: Water Absorb\n|move|p2a: Lapras|Freeze-Dry|p1b: Kyogre\n|-supereffective|p1b: Kyogre\n|-damage|p1b: Kyogre|57\/100\n|\n|-weather|RainDance|[upkeep]\n|upkeep\n|turn|5\n|\n|t:|1648132898\n|switch|p2a: Incineroar|Incineroar, L50, M|100\/100\n|-ability|p2a: Incineroar|Intimidate|boost\n|-unboost|p1a: Indeedee|atk|1\n|-unboost|p1b: Kyogre|atk|1\n|move|p1a: Indeedee|Helping Hand|p1b: Kyogre\n|-singleturn|p1b: Kyogre|Helping Hand|[of] p1a: Indeedee\n|move|p1b: Kyogre|Thunder|p2a: Incineroar\n|-damage|p2a: Incineroar|76\/100\n|move|p2b: Amoonguss|Spore|p1a: Indeedee\n|-status|p1a: Indeedee|slp|[from] move: Spore\n|\n|-weather|none\n|-fieldend|move: Psychic Terrain\n|upkeep\n|turn|6\n|\n|t:|1648132919\n|switch|p1a: Regieleki|Regieleki, L50|100\/100\n|move|p1b: Kyogre|Protect|p1b: Kyogre\n|-singleturn|p1b: Kyogre|Protect\n|move|p2b: Amoonguss|Protect|p2b: Amoonguss\n|-singleturn|p2b: Amoonguss|Protect\n|move|p2a: Incineroar|U-turn|p1b: Kyogre\n|-activate|p1b: Kyogre|move: Protect\n|\n|upkeep\n|turn|7\n|\n|t:|1648132939\n|switch|p1b: Indeedee|Indeedee-F, L50, F|39\/100 slp\n|-fieldstart|move: Psychic Terrain|[from] ability: Psychic Surge|[of] p1b: Indeedee\n|move|p1a: Regieleki|Volt Switch|p2a: Incineroar\n|-damage|p2a: Incineroar|55\/100\n|-damage|p1a: Regieleki|91\/100|[from] item: Life Orb\n|\n|t:|1648132948\n|switch|p1a: Kyogre|Kyogre, L50, shiny|57\/100|[from]move: Volt Switch\n|-weather|RainDance|[from] ability: Drizzle|[of] p1a: Kyogre\n|move|p2a: Incineroar|U-turn|p1b: Indeedee\n|-supereffective|p1b: Indeedee\n|-damage|p1b: Indeedee|2\/100 slp\n|\n|t:|1648132955\n|switch|p2a: Xerneas|Xerneas, L50|100\/100|[from]move: U-turn\n|-ability|p2a: Xerneas|Fairy Aura\n|move|p2b: Amoonguss|Spore|p1a: Kyogre\n|-status|p1a: Kyogre|slp|[from] move: Spore\n|\n|-weather|RainDance|[upkeep]\n|upkeep\n|turn|8\n|\n|t:|1648132962\n|cant|p1b: Indeedee|slp\n|move|p2b: Amoonguss|Protect|p2b: Amoonguss\n|-singleturn|p2b: Amoonguss|Protect\n|cant|p1a: Kyogre|slp\n|move|p2a: Xerneas|Geomancy||[still]\n|-prepare|p2a: Xerneas|Geomancy\n|-enditem|p2a: Xerneas|Power Herb\n|-anim|p2a: Xerneas|Geomancy|p2a: Xerneas\n|-boost|p2a: Xerneas|spa|2\n|-boost|p2a: Xerneas|spd|2\n|-boost|p2a: Xerneas|spe|2\n|\n|-weather|RainDance|[upkeep]\n|-sideend|p2: PokeDa|move: Aurora Veil\n|upkeep\n|turn|9\n|-message|lothlorien2000 forfeited.\n|\n|win|PokeDa\n","uploadtime":1648132981,"views":37,"p1id":"lothlorien2000","p2id":"pokeda","formatid":"gen8vgc2022","rating":0,"private":0,"password":null}