{"id":"gen8monotype-1574971754","p1":"tommylu123","p2":"xSkelly34","format":"gen8monotype","log":"|j|\u2606tommylu123\n|j|\u2606xSkelly34\n|inactive|Battle timer is ON: inactive players will automatically lose when time's up.\n|t:|1652568301\n|gametype|singles\n|player|p1|tommylu123|2|\n|player|p2|xSkelly34|bugsy|\n|teamsize|p1|6\n|teamsize|p2|6\n|gen|8\n|tier|[Gen 8] Monotype\n|rated|Tournament battle\n|rule|Same Type Clause: Pok\u00e9mon in a team must share a type\n|rule|Sleep Clause Mod: Limit one foe put to sleep\n|rule|Species Clause: Limit one of each Pok\u00e9mon\n|rule|OHKO Clause: OHKO moves are banned\n|rule|Evasion Moves Clause: Evasion moves are banned\n|rule|Endless Battle Clause: Forcing endless battles is banned\n|rule|HP Percentage Mod: HP is shown in percentages\n|rule|Dynamax Clause: You cannot dynamax\n|clearpoke\n|poke|p1|Pelipper, M|\n|poke|p1|Urshifu-*, F|\n|poke|p1|Seismitoad, M|\n|poke|p1|Barraskewda, F|\n|poke|p1|Slowking, F|\n|poke|p1|Kingdra, M|\n|poke|p2|Urshifu-*, F|\n|poke|p2|Toxapex, F|\n|poke|p2|Swampert, M|\n|poke|p2|Crawdaunt, M|\n|poke|p2|Tapu Fini|\n|poke|p2|Rotom-Wash|\n|teampreview\n|j|*Lady Monita \u273f\n|j| UnzipsCrogre\n|j| impulse control\n|j| BB-8-NU\n|j| FruitDogs\n|l| impulse control\n|j| ihavebestsandteam\n|j| Big Bang Girl\n|j| JakeGoesOnline\n|j| No_Name69420\n|l| ihavebestsandteam\n|j| Sn0opy\n|j| SeenTHroughCracks\n|l| No_Name69420\n|j| Deyvsson3000\n|\n|t:|1652568326\n|start\n|switch|p1a: Seismitoad|Seismitoad, M|100\/100\n|switch|p2a: Swampert|Swampert, M|100\/100\n|turn|1\n|j| fearlessgod\n|l| SeenTHroughCracks\n|c| Deyvsson3000|The best water wins\n|j| Timm168\n|j| Just Kaito\n|j| icouldmaxgroudon\n|\n|t:|1652568350\n|switch|p2a: Toxapex|Toxapex, F|100\/100\n|move|p1a: Seismitoad|Stealth Rock|p2a: Toxapex\n|-sidestart|p2: xSkelly34|move: Stealth Rock\n|\n|upkeep\n|turn|2\n|l| Just Kaito\n|\n|t:|1652568367\n|switch|p2a: Rotom|Rotom-Wash|100\/100\n|-damage|p2a: Rotom|88\/100|[from] Stealth Rock\n|move|p1a: Seismitoad|Earth Power|p2a: Rotom\n|-immune|p2a: Rotom|[from] ability: Levitate\n|\n|-heal|p2a: Rotom|94\/100|[from] item: Leftovers\n|upkeep\n|turn|3\n|\n|t:|1652568375\n|switch|p1a: Kingdra|Kingdra, M|100\/100\n|move|p2a: Rotom|Defog|p1a: Kingdra\n|-unboost|p1a: Kingdra|evasion|1\n|-sideend|p2: xSkelly34|Stealth Rock|[from] move: Defog|[of] p2a: Rotom\n|\n|-heal|p2a: Rotom|100\/100|[from] item: Leftovers\n|upkeep\n|turn|4\n|\n|t:|1652568388\n|switch|p2a: Tapu Fini|Tapu Fini|100\/100\n|-fieldstart|move: Misty Terrain|[from] ability: Misty Surge|[of] p2a: Tapu Fini\n|move|p1a: Kingdra|Dragon Pulse|p2a: Tapu Fini\n|-immune|p2a: Tapu Fini\n|\n|upkeep\n|turn|5\n|\n|t:|1652568394\n|switch|p1a: Slowking|Slowking, F|100\/100\n|move|p2a: Tapu Fini|Whirlpool|p1a: Slowking\n|-resisted|p1a: Slowking\n|-damage|p1a: Slowking|97\/100\n|-activate|p1a: Slowking|move: Whirlpool|[of] p2a: Tapu Fini\n|\n|-damage|p1a: Slowking|85\/100|[from] move: Whirlpool|[partiallytrapped]\n|upkeep\n|turn|6\n|\n|t:|1652568398\n|move|p2a: Tapu Fini|Taunt|p1a: Slowking\n|-start|p1a: Slowking|move: Taunt\n|cant|p1a: Slowking|move: Taunt|Teleport\n|\n|-damage|p1a: Slowking|72\/100|[from] move: Whirlpool|[partiallytrapped]\n|upkeep\n|turn|7\n|j| DaddyWilliamTheDad\n|\n|t:|1652568402\n|move|p2a: Tapu Fini|Nature's Madness|p1a: Slowking\n|-damage|p1a: Slowking|36\/100\n|move|p1a: Slowking|Future Sight|p2a: Tapu Fini\n|-start|p1a: Slowking|move: Future Sight\n|\n|-damage|p1a: Slowking|24\/100|[from] move: Whirlpool|[partiallytrapped]\n|upkeep\n|turn|8\n|\n|t:|1652568405\n|move|p2a: Tapu Fini|Moonblast|p1a: Slowking\n|-damage|p1a: Slowking|4\/100\n|move|p1a: Slowking|Scald|p2a: Tapu Fini\n|-resisted|p2a: Tapu Fini\n|-damage|p2a: Tapu Fini|89\/100\n|\n|-heal|p2a: Tapu Fini|95\/100|[from] item: Leftovers\n|-damage|p1a: Slowking|0 fnt|[from] move: Whirlpool|[partiallytrapped]\n|faint|p1a: Slowking\n|-fieldend|Misty Terrain\n|upkeep\n|\n|t:|1652568410\n|switch|p1a: Barraskewda|Barraskewda, F|100\/100\n|turn|9\n|j|+Fragments\n|\n|t:|1652568430\n|switch|p2a: Toxapex|Toxapex, F|100\/100\n|move|p1a: Barraskewda|Flip Turn|p2a: Toxapex\n|-resisted|p2a: Toxapex\n|-damage|p2a: Toxapex|86\/100\n|-enditem|p2a: Toxapex|Eject Button\n|c| fearlessgod|of course whirlpool in 5 turns\n|\n|t:|1652568434\n|switch|p2a: Crawdaunt|Crawdaunt, M|100\/100\n|\n|-end|p2a: Crawdaunt|move: Future Sight\n|-immune|p2a: Crawdaunt\n|upkeep\n|turn|10\n|l| DaddyWilliamTheDad\n|\n|t:|1652568440\n|move|p1a: Barraskewda|Flip Turn|p2a: Crawdaunt\n|-resisted|p2a: Crawdaunt\n|-damage|p2a: Crawdaunt|65\/100\n|\n|t:|1652568453\n|switch|p1a: Pelipper|Pelipper, M|100\/100|[from]move: Flip Turn\n|-weather|RainDance|[from] ability: Drizzle|[of] p1a: Pelipper\n|move|p2a: Crawdaunt|Knock Off|p1a: Pelipper\n|-damage|p1a: Pelipper|48\/100\n|-enditem|p1a: Pelipper|Heavy-Duty Boots|[from] move: Knock Off|[of] p2a: Crawdaunt\n|\n|-weather|RainDance|[upkeep]\n|upkeep\n|turn|11\n|\n|t:|1652568468\n|move|p2a: Crawdaunt|Crabhammer|p1a: Pelipper\n|-resisted|p1a: Pelipper\n|-damage|p1a: Pelipper|2\/100\n|move|p1a: Pelipper|U-turn|p2a: Crawdaunt\n|-supereffective|p2a: Crawdaunt\n|-damage|p2a: Crawdaunt|42\/100\n|\n|t:|1652568471\n|switch|p1a: Urshifu|Urshifu-Rapid-Strike, F|100\/100|[from]move: U-turn\n|\n|-weather|RainDance|[upkeep]\n|upkeep\n|turn|12\n|\n|t:|1652568474\n|switch|p2a: Toxapex|Toxapex, F|100\/100\n|move|p1a: Urshifu|Close Combat|p2a: Toxapex\n|-resisted|p2a: Toxapex\n|-damage|p2a: Toxapex|73\/100\n|-unboost|p1a: Urshifu|def|1\n|-unboost|p1a: Urshifu|spd|1\n|\n|-weather|RainDance|[upkeep]\n|upkeep\n|turn|13\n|\n|t:|1652568480\n|switch|p1a: Seismitoad|Seismitoad, M|100\/100\n|move|p2a: Toxapex|Sludge Bomb|p1a: Seismitoad\n|-resisted|p1a: Seismitoad\n|-damage|p1a: Seismitoad|90\/100\n|-status|p1a: Seismitoad|psn\n|\n|-weather|RainDance|[upkeep]\n|-damage|p1a: Seismitoad|77\/100 psn|[from] psn\n|upkeep\n|turn|14\n|\n|t:|1652568486\n|switch|p2a: Rotom|Rotom-Wash|100\/100\n|move|p1a: Seismitoad|Stealth Rock|p2a: Rotom\n|-sidestart|p2: xSkelly34|move: Stealth Rock\n|\n|-weather|none\n|-damage|p1a: Seismitoad|65\/100 psn|[from] psn\n|upkeep\n|turn|15\n|\n|t:|1652568490\n|move|p1a: Seismitoad|Sludge Wave|p2a: Rotom\n|-damage|p2a: Rotom|61\/100\n|-damage|p1a: Seismitoad|55\/100 psn|[from] item: Life Orb\n|move|p2a: Rotom|Defog|p1a: Seismitoad\n|-unboost|p1a: Seismitoad|evasion|1\n|-sideend|p2: xSkelly34|Stealth Rock|[from] move: Defog|[of] p2a: Rotom\n|\n|-heal|p2a: Rotom|67\/100|[from] item: Leftovers\n|-damage|p1a: Seismitoad|43\/100 psn|[from] psn\n|upkeep\n|turn|16\n|l| UnzipsCrogre\n|l|+Fragments\n|\n|t:|1652568505\n|move|p1a: Seismitoad|Sludge Wave|p2a: Rotom\n|-damage|p2a: Rotom|26\/100\n|-damage|p1a: Seismitoad|33\/100 psn|[from] item: Life Orb\n|move|p2a: Rotom|Hydro Pump|p1a: Seismitoad\n|-damage|p1a: Seismitoad|0 fnt\n|faint|p1a: Seismitoad\n|\n|-heal|p2a: Rotom|33\/100|[from] item: Leftovers\n|upkeep\n|\n|t:|1652568508\n|switch|p1a: Urshifu|Urshifu-Rapid-Strike, F|100\/100\n|turn|17\n|j| jambo de cuarzo\n|\n|t:|1652568511\n|switch|p2a: Toxapex|Toxapex, F|100\/100\n|move|p1a: Urshifu|U-turn|p2a: Toxapex\n|-resisted|p2a: Toxapex\n|-damage|p2a: Toxapex|90\/100\n|\n|t:|1652568519\n|switch|p1a: Barraskewda|Barraskewda, F|100\/100|[from]move: U-turn\n|\n|upkeep\n|turn|18\n|\n|t:|1652568531\n|switch|p2a: Crawdaunt|Crawdaunt, M|42\/100\n|move|p1a: Barraskewda|Psychic Fangs|p2a: Crawdaunt\n|-immune|p2a: Crawdaunt\n|\n|upkeep\n|turn|19\n|j| UnzipsCrogre\n|\n|t:|1652568536\n|switch|p1a: Pelipper|Pelipper, M|2\/100\n|-weather|RainDance|[from] ability: Drizzle|[of] p1a: Pelipper\n|move|p2a: Crawdaunt|Knock Off|p1a: Pelipper\n|-damage|p1a: Pelipper|0 fnt\n|faint|p1a: Pelipper\n|\n|-weather|RainDance|[upkeep]\n|upkeep\n|\n|t:|1652568538\n|switch|p1a: Urshifu|Urshifu-Rapid-Strike, F|100\/100\n|turn|20\n|\n|t:|1652568541\n|switch|p2a: Toxapex|Toxapex, F|100\/100\n|move|p1a: Urshifu|Surging Strikes|p2a: Toxapex\n|-resisted|p2a: Toxapex\n|-crit|p2a: Toxapex\n|-damage|p2a: Toxapex|87\/100\n|-resisted|p2a: Toxapex\n|-crit|p2a: Toxapex\n|-damage|p2a: Toxapex|73\/100\n|-resisted|p2a: Toxapex\n|-crit|p2a: Toxapex\n|-damage|p2a: Toxapex|61\/100\n|-hitcount|p2a: Toxapex|3\n|\n|-weather|RainDance|[upkeep]\n|upkeep\n|turn|21\n|\n|t:|1652568544\n|move|p1a: Urshifu|Surging Strikes|p2a: Toxapex\n|-resisted|p2a: Toxapex\n|-crit|p2a: Toxapex\n|-damage|p2a: Toxapex|48\/100\n|-resisted|p2a: Toxapex\n|-crit|p2a: Toxapex\n|-damage|p2a: Toxapex|34\/100\n|-resisted|p2a: Toxapex\n|-crit|p2a: Toxapex\n|-damage|p2a: Toxapex|21\/100\n|-hitcount|p2a: Toxapex|3\n|move|p2a: Toxapex|Recover|p2a: Toxapex\n|-heal|p2a: Toxapex|71\/100\n|\n|-weather|RainDance|[upkeep]\n|upkeep\n|turn|22\n|l| UnzipsCrogre\n|\n|t:|1652568549\n|switch|p1a: Kingdra|Kingdra, M|100\/100\n|move|p2a: Toxapex|Recover|p2a: Toxapex\n|-heal|p2a: Toxapex|100\/100\n|\n|-weather|RainDance|[upkeep]\n|upkeep\n|turn|23\n|\n|t:|1652568554\n|switch|p2a: Rotom|Rotom-Wash|33\/100\n|move|p1a: Kingdra|Hurricane|p2a: Rotom\n|-resisted|p2a: Rotom\n|-damage|p2a: Rotom|6\/100\n|-start|p2a: Rotom|confusion\n|\n|-weather|none\n|-heal|p2a: Rotom|12\/100|[from] item: Leftovers\n|upkeep\n|turn|24\n|\n|t:|1652568559\n|move|p1a: Kingdra|Hurricane|p2a: Rotom\n|-resisted|p2a: Rotom\n|-damage|p2a: Rotom|0 fnt\n|faint|p2a: Rotom\n|\n|upkeep\n|\n|t:|1652568565\n|switch|p2a: Swampert|Swampert, M|100\/100\n|turn|25\n|\n|t:|1652568570\n|switch|p1a: Barraskewda|Barraskewda, F|100\/100\n|move|p2a: Swampert|Earthquake|p1a: Barraskewda\n|-damage|p1a: Barraskewda|31\/100\n|\n|upkeep\n|turn|26\n|\n|t:|1652568575\n|switch|p2a: Toxapex|Toxapex, F|100\/100\n|move|p1a: Barraskewda|Close Combat|p2a: Toxapex\n|-resisted|p2a: Toxapex\n|-damage|p2a: Toxapex|81\/100\n|-unboost|p1a: Barraskewda|def|1\n|-unboost|p1a: Barraskewda|spd|1\n|\n|upkeep\n|turn|27\n|\n|t:|1652568580\n|switch|p1a: Kingdra|Kingdra, M|100\/100\n|move|p2a: Toxapex|Sludge Bomb|p1a: Kingdra\n|-damage|p1a: Kingdra|77\/100\n|\n|upkeep\n|turn|28\n|\n|t:|1652568584\n|switch|p2a: Swampert|Swampert, M|100\/100\n|move|p1a: Kingdra|Dragon Pulse|p2a: Swampert\n|-damage|p2a: Swampert|65\/100\n|\n|-heal|p2a: Swampert|71\/100|[from] item: Leftovers\n|upkeep\n|turn|29\n|\n|t:|1652568588\n|move|p1a: Kingdra|Dragon Pulse|p2a: Swampert\n|-damage|p2a: Swampert|32\/100\n|move|p2a: Swampert|Earthquake|p1a: Kingdra\n|-damage|p1a: Kingdra|31\/100\n|\n|-heal|p2a: Swampert|38\/100|[from] item: Leftovers\n|upkeep\n|turn|30\n|\n|t:|1652568591\n|switch|p2a: Tapu Fini|Tapu Fini|95\/100\n|-fieldstart|move: Misty Terrain|[from] ability: Misty Surge|[of] p2a: Tapu Fini\n|move|p1a: Kingdra|Dragon Pulse|p2a: Tapu Fini\n|-immune|p2a: Tapu Fini\n|\n|-heal|p2a: Tapu Fini|100\/100|[from] item: Leftovers\n|upkeep\n|turn|31\n|\n|t:|1652568595\n|switch|p1a: Barraskewda|Barraskewda, F|31\/100\n|move|p2a: Tapu Fini|Moonblast|p1a: Barraskewda\n|-damage|p1a: Barraskewda|0 fnt\n|faint|p1a: Barraskewda\n|\n|upkeep\n|\n|t:|1652568597\n|switch|p1a: Urshifu|Urshifu-Rapid-Strike, F|100\/100\n|turn|32\n|\n|t:|1652568599\n|switch|p2a: Toxapex|Toxapex, F|100\/100\n|move|p1a: Urshifu|Surging Strikes|p2a: Toxapex\n|-resisted|p2a: Toxapex\n|-crit|p2a: Toxapex\n|-damage|p2a: Toxapex|92\/100\n|-resisted|p2a: Toxapex\n|-crit|p2a: Toxapex\n|-damage|p2a: Toxapex|83\/100\n|-resisted|p2a: Toxapex\n|-crit|p2a: Toxapex\n|-damage|p2a: Toxapex|74\/100\n|-hitcount|p2a: Toxapex|3\n|\n|upkeep\n|turn|33\n|\n|t:|1652568610\n|move|p1a: Urshifu|Surging Strikes|p2a: Toxapex\n|-resisted|p2a: Toxapex\n|-crit|p2a: Toxapex\n|-damage|p2a: Toxapex|65\/100\n|-resisted|p2a: Toxapex\n|-crit|p2a: Toxapex\n|-damage|p2a: Toxapex|57\/100\n|-resisted|p2a: Toxapex\n|-crit|p2a: Toxapex\n|-damage|p2a: Toxapex|48\/100\n|-hitcount|p2a: Toxapex|3\n|move|p2a: Toxapex|Sludge Bomb|p1a: Urshifu\n|-damage|p1a: Urshifu|73\/100\n|\n|upkeep\n|turn|34\n|\n|t:|1652568613\n|move|p1a: Urshifu|Surging Strikes|p2a: Toxapex\n|-resisted|p2a: Toxapex\n|-crit|p2a: Toxapex\n|-damage|p2a: Toxapex|39\/100\n|-resisted|p2a: Toxapex\n|-crit|p2a: Toxapex\n|-damage|p2a: Toxapex|30\/100\n|-resisted|p2a: Toxapex\n|-crit|p2a: Toxapex\n|-damage|p2a: Toxapex|22\/100\n|-hitcount|p2a: Toxapex|3\n|move|p2a: Toxapex|Recover|p2a: Toxapex\n|-heal|p2a: Toxapex|72\/100\n|\n|-fieldend|Misty Terrain\n|upkeep\n|turn|35\n|\n|t:|1652568616\n|move|p1a: Urshifu|Surging Strikes|p2a: Toxapex\n|-resisted|p2a: Toxapex\n|-crit|p2a: Toxapex\n|-damage|p2a: Toxapex|63\/100\n|-resisted|p2a: Toxapex\n|-crit|p2a: Toxapex\n|-damage|p2a: Toxapex|54\/100\n|-resisted|p2a: Toxapex\n|-crit|p2a: Toxapex\n|-damage|p2a: Toxapex|45\/100\n|-hitcount|p2a: Toxapex|3\n|move|p2a: Toxapex|Recover|p2a: Toxapex\n|-heal|p2a: Toxapex|95\/100\n|\n|upkeep\n|turn|36\n|-message|tommylu123 forfeited.\n|\n|win|xSkelly34\n|n|\u2606tommylu123|tommylu123\n|n|\u2606xSkelly34|xskelly34\n|n|*Lady Monita \u273f|ladymonita\n|n| BB-8-NU|bb8nu\n|n| FruitDogs|fruitdogs\n|n| Big Bang Girl|bigbanggirl\n|n| JakeGoesOnline|jakegoesonline\n|n| Sn0opy|sn0opy\n|n| Deyvsson3000|deyvsson3000\n|n| fearlessgod|fearlessgod\n|n| Timm168|timm168\n|n| icouldmaxgroudon|icouldmaxgroudon\n|n| jambo de cuarzo|jambodecuarzo\n","uploadtime":1652568620,"views":6,"p1id":"tommylu123","p2id":"xskelly34","formatid":"gen8monotype","rating":0,"private":0,"password":null}