{"id":"gen8ou-1678988312","p1":"dracaufeu shiny","p2":"minimax_ai","format":"gen8ou","log":"|j|\u2606dracaufeu shiny\n|j|\u2606minimax_ai\n|t:|1665051840\n|gametype|singles\n|player|p1|dracaufeu shiny|red|1514\n|player|p2|minimax_ai|lusamine-nihilego|1536\n|teamsize|p1|6\n|teamsize|p2|6\n|gen|8\n|tier|[Gen 8] OU\n|rated|\n|rule|Sleep Clause Mod: Limit one foe put to sleep\n|rule|Species Clause: Limit one of each Pok\u00e9mon\n|rule|OHKO Clause: OHKO moves are banned\n|rule|Evasion Items Clause: Evasion items are banned\n|rule|Evasion Moves Clause: Evasion moves are banned\n|rule|Endless Battle Clause: Forcing endless battles is banned\n|rule|HP Percentage Mod: HP is shown in percentages\n|rule|Dynamax Clause: You cannot dynamax\n|clearpoke\n|poke|p1|Tyranitar, M|\n|poke|p1|Excadrill, F|\n|poke|p1|Pelipper, M|\n|poke|p1|Urshifu-*, F|\n|poke|p1|Zapdos|\n|poke|p1|Ferrothorn, F|\n|poke|p2|Rotom-Wash|\n|poke|p2|Weavile, M|\n|poke|p2|Landorus-Therian, M|\n|poke|p2|Heatran, M|\n|poke|p2|Tangrowth, F|\n|poke|p2|Melmetal|\n|teampreview\n|c|\u2606minimax_ai|hf\n|inactive|Battle timer is ON: inactive players will automatically lose when time's up. (requested by minimax_ai)\n|\n|t:|1665051852\n|start\n|switch|p1a: Ferrothorn|Ferrothorn, F, shiny|100\/100\n|switch|p2a: Tangrowth|Tangrowth, F|100\/100\n|turn|1\n|j| hardik27\n|\n|t:|1665051854\n|move|p2a: Tangrowth|Focus Blast|p1a: Ferrothorn\n|-supereffective|p1a: Ferrothorn\n|-damage|p1a: Ferrothorn|53\/100\n|move|p1a: Ferrothorn|Knock Off|p2a: Tangrowth\n|-damage|p2a: Tangrowth|89\/100\n|-damage|p1a: Ferrothorn|37\/100|[from] item: Rocky Helmet|[of] p2a: Tangrowth\n|-enditem|p2a: Tangrowth|Rocky Helmet|[from] move: Knock Off|[of] p1a: Ferrothorn\n|\n|-heal|p1a: Ferrothorn|43\/100|[from] item: Leftovers\n|upkeep\n|turn|2\n|\n|t:|1665051859\n|switch|p1a: Zapdos|Zapdos, shiny|100\/100\n|move|p2a: Tangrowth|Focus Blast|p1a: Zapdos\n|-resisted|p1a: Zapdos\n|-crit|p1a: Zapdos\n|-damage|p1a: Zapdos|79\/100\n|-unboost|p1a: Zapdos|spd|1\n|\n|upkeep\n|turn|3\n|\n|t:|1665051863\n|switch|p2a: landorustherian|Landorus-Therian, M|100\/100\n|-ability|p2a: landorustherian|Intimidate|boost\n|-unboost|p1a: Zapdos|atk|1\n|move|p1a: Zapdos|Hurricane|p2a: landorustherian\n|-damage|p2a: landorustherian|68\/100\n|\n|-heal|p2a: landorustherian|74\/100|[from] item: Leftovers\n|upkeep\n|turn|4\n|\n|t:|1665051867\n|switch|p1a: Pelipper|Pelipper, M, shiny|100\/100\n|-weather|RainDance|[from] ability: Drizzle|[of] p1a: Pelipper\n|move|p2a: landorustherian|Toxic|p1a: Pelipper|[miss]\n|-miss|p2a: landorustherian|p1a: Pelipper\n|\n|-weather|RainDance|[upkeep]\n|-heal|p2a: landorustherian|80\/100|[from] item: Leftovers\n|upkeep\n|turn|5\n|\n|t:|1665051873\n|move|p1a: Pelipper|Weather Ball|p2a: landorustherian\n|-supereffective|p2a: landorustherian\n|-damage|p2a: landorustherian|0 fnt\n|faint|p2a: landorustherian\n|\n|-weather|RainDance|[upkeep]\n|upkeep\n|\n|t:|1665051873\n|switch|p2a: Weavile|Weavile, M|100\/100\n|-ability|p2a: Weavile|Pressure\n|turn|6\n|\n|t:|1665051875\n|switch|p1a: Ferrothorn|Ferrothorn, F, shiny|43\/100\n|move|p2a: Weavile|Knock Off|p1a: Ferrothorn\n|-damage|p1a: Ferrothorn|0 fnt\n|-damage|p2a: Weavile|88\/100|[from] ability: Iron Barbs|[of] p1a: Ferrothorn\n|-enditem|p1a: Ferrothorn|Leftovers|[from] move: Knock Off|[of] p2a: Weavile\n|faint|p1a: Ferrothorn\n|\n|-weather|RainDance|[upkeep]\n|upkeep\n|\n|t:|1665051878\n|switch|p1a: Urshifu|Urshifu-Rapid-Strike, F|100\/100\n|turn|7\n|\n|t:|1665051879\n|switch|p2a: Tangrowth|Tangrowth, F|100\/100\n|move|p1a: Urshifu|U-turn|p2a: Tangrowth\n|-supereffective|p2a: Tangrowth\n|-damage|p2a: Tangrowth|73\/100\n|\n|t:|1665051883\n|switch|p1a: Pelipper|Pelipper, M, shiny|100\/100|[from]move: U-turn\n|\n|-weather|RainDance|[upkeep]\n|upkeep\n|turn|8\n|\n|t:|1665051885\n|switch|p2a: rotomwash|Rotom-Wash|100\/100\n|move|p1a: Pelipper|Hurricane|p2a: rotomwash\n|-resisted|p2a: rotomwash\n|-damage|p2a: rotomwash|57\/100\n|-start|p2a: rotomwash|confusion\n|\n|-weather|none\n|-heal|p2a: rotomwash|63\/100|[from] item: Leftovers\n|upkeep\n|turn|9\n|\n|t:|1665051888\n|switch|p1a: Zapdos|Zapdos, shiny|79\/100\n|-activate|p2a: rotomwash|confusion\n|move|p2a: rotomwash|Nasty Plot|p2a: rotomwash\n|-boost|p2a: rotomwash|spa|2\n|\n|-heal|p2a: rotomwash|70\/100|[from] item: Leftovers\n|upkeep\n|turn|10\n|\n|t:|1665051892\n|-activate|p2a: rotomwash|confusion\n|move|p2a: rotomwash|Hydro Pump|p1a: Zapdos|[miss]\n|-miss|p2a: rotomwash|p1a: Zapdos\n|move|p1a: Zapdos|Hurricane|p2a: rotomwash|[miss]\n|-miss|p1a: Zapdos|p2a: rotomwash\n|\n|-heal|p2a: rotomwash|76\/100|[from] item: Leftovers\n|upkeep\n|turn|11\n|\n|t:|1665051898\n|-activate|p2a: rotomwash|confusion\n|move|p2a: rotomwash|Hydro Pump|p1a: Zapdos\n|-damage|p1a: Zapdos|0 fnt\n|faint|p1a: Zapdos\n|\n|-heal|p2a: rotomwash|82\/100|[from] item: Leftovers\n|upkeep\n|\n|t:|1665051901\n|switch|p1a: Urshifu|Urshifu-Rapid-Strike, F|100\/100\n|turn|12\n|\n|t:|1665051903\n|move|p1a: Urshifu|Close Combat|p2a: rotomwash\n|-damage|p2a: rotomwash|21\/100\n|-unboost|p1a: Urshifu|def|1\n|-unboost|p1a: Urshifu|spd|1\n|-activate|p2a: rotomwash|confusion\n|move|p2a: rotomwash|Pain Split|p1a: Urshifu\n|-sethp|p1a: Urshifu|59\/100|[from] move: Pain Split|[silent]\n|-sethp|p2a: rotomwash|67\/100|[from] move: Pain Split\n|\n|-heal|p2a: rotomwash|73\/100|[from] item: Leftovers\n|upkeep\n|turn|13\n|\n|t:|1665051906\n|move|p1a: Urshifu|Close Combat|p2a: rotomwash\n|-damage|p2a: rotomwash|8\/100\n|-unboost|p1a: Urshifu|def|1\n|-unboost|p1a: Urshifu|spd|1\n|-end|p2a: rotomwash|confusion\n|move|p2a: rotomwash|Thunderbolt|p1a: Urshifu\n|-supereffective|p1a: Urshifu\n|-damage|p1a: Urshifu|0 fnt\n|faint|p1a: Urshifu\n|\n|-heal|p2a: rotomwash|14\/100|[from] item: Leftovers\n|upkeep\n|\n|t:|1665051913\n|switch|p1a: Excadrill|Excadrill, F, shiny|100\/100\n|turn|14\n|\n|t:|1665051914\n|switch|p2a: Tangrowth|Tangrowth, F|100\/100\n|move|p1a: Excadrill|Iron Head|p2a: Tangrowth\n|-damage|p2a: Tangrowth|79\/100\n|\n|upkeep\n|turn|15\n|\n|t:|1665051917\n|switch|p1a: Pelipper|Pelipper, M, shiny|100\/100\n|-weather|RainDance|[from] ability: Drizzle|[of] p1a: Pelipper\n|move|p2a: Tangrowth|Giga Drain|p1a: Pelipper\n|-damage|p1a: Pelipper|50\/100\n|-heal|p2a: Tangrowth|96\/100|[from] drain|[of] p1a: Pelipper\n|\n|-weather|RainDance|[upkeep]\n|upkeep\n|turn|16\n|\n|t:|1665051922\n|switch|p2a: rotomwash|Rotom-Wash|14\/100\n|move|p1a: Pelipper|Hurricane|p2a: rotomwash\n|-resisted|p2a: rotomwash\n|-crit|p2a: rotomwash\n|-damage|p2a: rotomwash|0 fnt\n|faint|p2a: rotomwash\n|\n|-weather|RainDance|[upkeep]\n|upkeep\n|\n|t:|1665051922\n|switch|p2a: Weavile|Weavile, M|88\/100\n|-ability|p2a: Weavile|Pressure\n|turn|17\n|\n|t:|1665051925\n|switch|p1a: Tyranitar|Tyranitar, M, shiny|100\/100\n|-weather|Sandstorm|[from] ability: Sand Stream|[of] p1a: Tyranitar\n|move|p2a: Weavile|Triple Axel|p1a: Tyranitar\n|-damage|p1a: Tyranitar|86\/100\n|-damage|p1a: Tyranitar|60\/100\n|-damage|p1a: Tyranitar|15\/100\n|-hitcount|p1a: Tyranitar|3\n|\n|-weather|Sandstorm|[upkeep]\n|-damage|p2a: Weavile|82\/100|[from] Sandstorm\n|upkeep\n|turn|18\n|\n|t:|1665051930\n|move|p2a: Weavile|Triple Axel|p1a: Tyranitar\n|-damage|p1a: Tyranitar|2\/100\n|-crit|p1a: Tyranitar\n|-damage|p1a: Tyranitar|0 fnt\n|faint|p1a: Tyranitar\n|-hitcount|p1: Tyranitar|2\n|\n|-weather|Sandstorm|[upkeep]\n|-damage|p2a: Weavile|76\/100|[from] Sandstorm\n|upkeep\n|\n|t:|1665051932\n|switch|p1a: Excadrill|Excadrill, F, shiny|100\/100\n|turn|19\n|\n|t:|1665051938\n|switch|p2a: Tangrowth|Tangrowth, F|100\/100\n|move|p1a: Excadrill|Iron Head|p2a: Tangrowth\n|-damage|p2a: Tangrowth|77\/100\n|\n|-weather|Sandstorm|[upkeep]\n|-damage|p2a: Tangrowth|71\/100|[from] Sandstorm\n|upkeep\n|turn|20\n|\n|t:|1665051941\n|switch|p1a: Pelipper|Pelipper, M, shiny|50\/100\n|-weather|RainDance|[from] ability: Drizzle|[of] p1a: Pelipper\n|move|p2a: Tangrowth|Giga Drain|p1a: Pelipper\n|-damage|p1a: Pelipper|0 fnt\n|-heal|p2a: Tangrowth|87\/100|[from] drain|[of] p1a: Pelipper\n|faint|p1a: Pelipper\n|\n|-weather|RainDance|[upkeep]\n|upkeep\n|\n|t:|1665051944\n|switch|p1a: Excadrill|Excadrill, F, shiny|100\/100\n|turn|21\n|\n|t:|1665051945\n|move|p1a: Excadrill|Swords Dance|p1a: Excadrill\n|-boost|p1a: Excadrill|atk|2\n|move|p2a: Tangrowth|Focus Blast|p1a: Excadrill\n|-supereffective|p1a: Excadrill\n|-damage|p1a: Excadrill|19\/100\n|\n|-weather|RainDance|[upkeep]\n|-heal|p1a: Excadrill|25\/100|[from] item: Leftovers\n|upkeep\n|turn|22\n|\n|t:|1665051947\n|move|p1a: Excadrill|Iron Head|p2a: Tangrowth\n|-damage|p2a: Tangrowth|40\/100\n|move|p2a: Tangrowth|Giga Drain|p1a: Excadrill\n|-damage|p1a: Excadrill|0 fnt\n|-heal|p2a: Tangrowth|51\/100|[from] drain|[of] p1a: Excadrill\n|faint|p1a: Excadrill\n|\n|win|minimax_ai\n|raw|dracaufeu shiny's rating: 1514 &rarr; <strong>1495<\/strong><br \/>(-19 for losing)\n|raw|minimax_ai's rating: 1536 &rarr; <strong>1555<\/strong><br \/>(+19 for winning)\n|c|\u2606minimax_ai|gg\n","uploadtime":1665051949,"views":12,"p1id":"dracaufeushiny","p2id":"minimaxai","formatid":"gen8ou","rating":1495,"private":0,"password":null}