{"id":"gen8balancedhackmons-1665220377","p1":"Redflix","p2":"Swordsman505","format":"gen8balancedhackmons","log":"|j|\u2606Redflix\n|j|\u2606Swordsman505\n|t:|1663274484\n|gametype|singles\n|player|p1|Redflix|erika|1692\n|player|p2|Swordsman505|koga|1645\n|teamsize|p1|6\n|teamsize|p2|6\n|gen|8\n|tier|[Gen 8] Balanced Hackmons\n|rated|\n|rule|OHKO Clause: OHKO moves are banned\n|rule|Evasion Moves Clause: Evasion moves are banned\n|rule|Forme Clause: Limit one of each forme of a Pok\u00e9mon\n|rule|HP Percentage Mod: HP is shown in percentages\n|rule|Dynamax Clause: You cannot dynamax\n|rule|Sleep Clause: Sleep-inducing moves are banned\n|rule|Endless Battle Clause: Forcing endless battles is banned\n|clearpoke\n|poke|p1|Chansey, F|\n|poke|p1|Kyogre|\n|poke|p1|Xerneas-*|\n|poke|p1|Zamazenta-Crowned|\n|poke|p1|Snorlax, M|\n|poke|p1|Eternatus|\n|poke|p2|Calyrex-Ice|\n|poke|p2|Zamazenta-Crowned|\n|poke|p2|Zygarde-Complete|\n|poke|p2|Lunala|\n|poke|p2|Xerneas-*|\n|poke|p2|Chansey, F|\n|teampreview\n|inactive|Battle timer is ON: inactive players will automatically lose when time's up. (requested by Swordsman505)\n|\n|t:|1663274519\n|start\n|switch|p1a: Eternatus|Eternatus|100\/100\n|switch|p2a: Zygarde|Zygarde-Complete|100\/100\n|turn|1\n|\n|t:|1663274524\n|move|p2a: Zygarde|Substitute|p2a: Zygarde\n|-start|p2a: Zygarde|Substitute\n|-damage|p2a: Zygarde|75\/100\n|move|p1a: Eternatus|Sludge Bomb|p2a: Zygarde\n|-resisted|p2a: Zygarde\n|-activate|p2a: Zygarde|move: Substitute|[damage]\n|\n|-heal|p2a: Zygarde|82\/100|[from] item: Leftovers\n|upkeep\n|turn|2\n|\n|t:|1663274544\n|switch|p1a: Snorlax|Snorlax, M|100\/100\n|move|p2a: Zygarde|Baton Pass|p2a: Zygarde\n|\n|t:|1663274554\n|switch|p2a: Zamazenta|Zamazenta-Crowned|100\/100|[from]move: Baton Pass\n|\n|-status|p1a: Snorlax|tox|[from] item: Toxic Orb\n|upkeep\n|turn|3\n|\n|t:|1663274572\n|move|p1a: Snorlax|King's Shield|p1a: Snorlax\n|-singleturn|p1a: Snorlax|Protect\n|move|p2a: Zamazenta|Shift Gear|p2a: Zamazenta\n|-boost|p2a: Zamazenta|spe|2\n|-boost|p2a: Zamazenta|atk|1\n|\n|upkeep\n|turn|4\n|\n|t:|1663274580\n|switch|p1a: Eternatus|Eternatus|100\/100\n|move|p2a: Zamazenta|High Jump Kick|p1a: Eternatus\n|-resisted|p1a: Eternatus\n|-damage|p1a: Eternatus|61\/100\n|\n|-heal|p1a: Eternatus|67\/100|[from] item: Black Sludge\n|upkeep\n|turn|5\n|inactive|Swordsman505 has 120 seconds left.\n|inactive|Swordsman505 has 90 seconds left.\n|inactive|Swordsman505 has 60 seconds left.\n|\n|t:|1663274685\n|move|p2a: Zamazenta|Anchor Shot|p1a: Eternatus\n|-damage|p1a: Eternatus|19\/100\n|-activate|p1a: Eternatus|trapped\n|move|p1a: Eternatus|Spectral Thief||[still]\n|-clearpositiveboost|p2a: Zamazenta|p1a: Eternatus|move: Spectral Thief\n|-boost|p1a: Eternatus|atk|1\n|-boost|p1a: Eternatus|spe|2\n|-anim|p1a: Eternatus|Spectral Thief|p2a: Zamazenta\n|-crit|p2a: Zamazenta\n|-damage|p2a: Zamazenta|82\/100\n|\n|-heal|p1a: Eternatus|25\/100|[from] item: Black Sludge\n|upkeep\n|turn|6\n|\n|t:|1663274705\n|move|p1a: Eternatus|Roost|p1a: Eternatus\n|-heal|p1a: Eternatus|75\/100\n|-singleturn|p1a: Eternatus|move: Roost\n|move|p2a: Zamazenta|Spectral Thief||[still]\n|-clearpositiveboost|p1a: Eternatus|p2a: Zamazenta|move: Spectral Thief\n|-boost|p2a: Zamazenta|atk|1\n|-boost|p2a: Zamazenta|spe|2\n|-anim|p2a: Zamazenta|Spectral Thief|p1a: Eternatus\n|-damage|p1a: Eternatus|38\/100\n|\n|-heal|p1a: Eternatus|44\/100|[from] item: Black Sludge\n|upkeep\n|turn|7\n|\n|t:|1663274720\n|move|p2a: Zamazenta|Anchor Shot|p1a: Eternatus\n|-damage|p1a: Eternatus|0 fnt\n|faint|p1a: Eternatus\n|\n|upkeep\n|\n|t:|1663274732\n|switch|p1a: Zamazenta|Zamazenta-Crowned|100\/100\n|turn|8\n|\n|t:|1663274734\n|move|p2a: Zamazenta|High Jump Kick|p1a: Zamazenta\n|-supereffective|p1a: Zamazenta\n|-damage|p1a: Zamazenta|31\/100\n|move|p1a: Zamazenta|Low Kick|p2a: Zamazenta\n|-supereffective|p2a: Zamazenta\n|-end|p2a: Zamazenta|Substitute\n|\n|upkeep\n|turn|9\n|\n|t:|1663274749\n|switch|p1a: Kyogre|Kyogre|100\/100\n|move|p2a: Zamazenta|High Jump Kick|p1a: Kyogre\n|-damage|p1a: Kyogre|0 fnt\n|faint|p1a: Kyogre\n|\n|upkeep\n|\n|t:|1663274751\n|switch|p1a: Chansey|Chansey, F|100\/100\n|-transform|p1a: Chansey|p2a: Zamazenta|[from] ability: Imposter\n|turn|10\n|\n|t:|1663274761\n|switch|p2a: Zygarde|Zygarde-Complete|82\/100\n|move|p1a: Chansey|High Jump Kick|p2a: Zygarde\n|-damage|p2a: Zygarde|45\/100\n|\n|-heal|p2a: Zygarde|51\/100|[from] item: Leftovers\n|upkeep\n|turn|11\n|\n|t:|1663274769\n|move|p2a: Zygarde|Topsy-Turvy|p1a: Chansey\n|-invertboost|p1a: Chansey|[from] move: Topsy-Turvy\n|move|p1a: Chansey|Anchor Shot|p2a: Zygarde\n|-damage|p2a: Zygarde|40\/100\n|-activate|p2a: Zygarde|trapped\n|\n|-heal|p2a: Zygarde|47\/100|[from] item: Leftovers\n|upkeep\n|turn|12\n|\n|t:|1663274777\n|switch|p1a: Xerneas|Xerneas|100\/100\n|move|p2a: Zygarde|Wish|p2a: Zygarde\n|\n|-heal|p2a: Zygarde|53\/100|[from] item: Leftovers\n|upkeep\n|turn|13\n|\n|t:|1663274791\n|move|p2a: Zygarde|Substitute|p2a: Zygarde\n|-start|p2a: Zygarde|Substitute\n|-damage|p2a: Zygarde|28\/100\n|move|p1a: Xerneas|Boomburst|p2a: Zygarde\n|-supereffective|p2a: Zygarde\n|-damage|p2a: Zygarde|0 fnt\n|faint|p2a: Zygarde\n|\n|upkeep\n|\n|t:|1663274799\n|switch|p2a: Zamazenta|Zamazenta-Crowned|82\/100\n|turn|14\n|\n|t:|1663274804\n|switch|p1a: Zamazenta|Zamazenta-Crowned|31\/100\n|move|p2a: Zamazenta|Anchor Shot|p1a: Zamazenta\n|-resisted|p1a: Zamazenta\n|-damage|p1a: Zamazenta|24\/100\n|-activate|p1a: Zamazenta|trapped\n|\n|upkeep\n|turn|15\n|inactive|Swordsman505 has 90 seconds left.\n|\n|t:|1663274811\n|move|p2a: Zamazenta|High Jump Kick|p1a: Zamazenta\n|-supereffective|p1a: Zamazenta\n|-damage|p1a: Zamazenta|0 fnt\n|faint|p1a: Zamazenta\n|\n|upkeep\n|\n|t:|1663274813\n|switch|p1a: Chansey|Chansey, F|100\/100\n|-transform|p1a: Chansey|p2a: Zamazenta|[from] ability: Imposter\n|turn|16\n|\n|t:|1663274825\n|move|p2a: Zamazenta|Shift Gear|p2a: Zamazenta\n|-boost|p2a: Zamazenta|spe|2\n|-boost|p2a: Zamazenta|atk|1\n|move|p1a: Chansey|Shift Gear|p1a: Chansey\n|-boost|p1a: Chansey|spe|2\n|-boost|p1a: Chansey|atk|1\n|\n|upkeep\n|turn|17\n|\n|t:|1663274834\n|move|p1a: Chansey|High Jump Kick|p2a: Zamazenta\n|-supereffective|p2a: Zamazenta\n|-damage|p2a: Zamazenta|0 fnt\n|faint|p2a: Zamazenta\n|\n|upkeep\n|\n|t:|1663274846\n|switch|p2a: Lunala|Lunala|100\/100\n|turn|18\n|\n|t:|1663274855\n|move|p1a: Chansey|Spectral Thief|p2a: Lunala\n|-supereffective|p2a: Lunala\n|-enditem|p2a: Lunala|Focus Sash\n|-damage|p2a: Lunala|1\/100\n|move|p2a: Lunala|No Retreat|p2a: Lunala\n|-boost|p2a: Lunala|atk|2\n|-boost|p2a: Lunala|def|2\n|-boost|p2a: Lunala|spa|2\n|-boost|p2a: Lunala|spd|2\n|-boost|p2a: Lunala|spe|2\n|-start|p2a: Lunala|move: No Retreat\n|\n|upkeep\n|turn|19\n|c|\u2606Redflix|why\n|\n|t:|1663274868\n|switch|p2a: Chansey|Chansey, F|100\/100\n|move|p1a: Chansey|Spectral Thief|p2a: Chansey\n|-immune|p2a: Chansey\n|\n|upkeep\n|turn|20\n|inactive|Swordsman505 has 90 seconds left.\n|\n|t:|1663274903\n|switch|p2a: Lunala|Lunala|1\/100\n|move|p1a: Chansey|High Jump Kick|p2a: Lunala\n|-immune|p2a: Lunala\n|\n|upkeep\n|turn|21\n|-message|Swordsman505 forfeited.\n|\n|win|Redflix\n|raw|Redflix's rating: 1692 &rarr; <strong>1709<\/strong><br \/>(+17 for winning)\n|raw|Swordsman505's rating: 1645 &rarr; <strong>1628<\/strong><br \/>(-17 for losing)\n|l|\u2606Swordsman505\n|l|\u2606Redflix\n||Ladder isn't responding, score probably updated but might not have (Request timeout).\n|j|\u2606Redflix\n|player|p1|Redflix|erika\n","uploadtime":1663274956,"views":28,"p1id":"redflix","p2id":"swordsman505","formatid":"gen8balancedhackmons","rating":1628,"private":0,"password":null}