{"id":"gen8ou-1665613743","p1":"ollaanparhaita","p2":"broked on bricks","format":"gen8ou","log":"|j|\u2606ollaanparhaita\n|j|\u2606broked on bricks\n|t:|1663322250\n|gametype|singles\n|player|p1|ollaanparhaita|grimsley|1544\n|player|p2|broked on bricks|psychic-gen2|1509\n|teamsize|p1|6\n|teamsize|p2|6\n|gen|8\n|tier|[Gen 8] OU\n|rated|\n|rule|Sleep Clause Mod: Limit one foe put to sleep\n|rule|Species Clause: Limit one of each Pok\u00e9mon\n|rule|OHKO Clause: OHKO moves are banned\n|rule|Evasion Items Clause: Evasion items are banned\n|rule|Evasion Moves Clause: Evasion moves are banned\n|rule|Endless Battle Clause: Forcing endless battles is banned\n|rule|HP Percentage Mod: HP is shown in percentages\n|rule|Dynamax Clause: You cannot dynamax\n|clearpoke\n|poke|p1|Tapu Koko|\n|poke|p1|Victini|\n|poke|p1|Ferrothorn, M|\n|poke|p1|Landorus-Therian, M|\n|poke|p1|Slowbro, M|\n|poke|p1|Bisharp, M|\n|poke|p2|Pelipper, M|\n|poke|p2|Keldeo-Resolute|\n|poke|p2|Dragapult, M|\n|poke|p2|Tapu Lele|\n|poke|p2|Melmetal|\n|poke|p2|Landorus-Therian, M|\n|teampreview\n|c|\u2606broked on bricks|glhf\n|\n|t:|1663322270\n|start\n|switch|p1a: Ferrothorn|Ferrothorn, M|100\/100\n|switch|p2a: Landorus|Landorus-Therian, M|100\/100\n|-ability|p2a: Landorus|Intimidate|boost\n|-unboost|p1a: Ferrothorn|atk|1\n|turn|1\n|\n|t:|1663322274\n|move|p2a: Landorus|Knock Off|p1a: Ferrothorn\n|-damage|p1a: Ferrothorn|84\/100\n|-damage|p2a: Landorus|88\/100|[from] ability: Iron Barbs|[of] p1a: Ferrothorn\n|-damage|p2a: Landorus|72\/100|[from] item: Rocky Helmet|[of] p1a: Ferrothorn\n|-enditem|p1a: Ferrothorn|Rocky Helmet|[from] move: Knock Off|[of] p2a: Landorus\n|move|p1a: Ferrothorn|Leech Seed|p2a: Landorus\n|-start|p2a: Landorus|move: Leech Seed\n|\n|-damage|p2a: Landorus|59\/100|[from] Leech Seed|[of] p1a: Ferrothorn\n|-heal|p1a: Ferrothorn|97\/100|[silent]\n|upkeep\n|turn|2\n|\n|t:|1663322287\n|switch|p2a: Pelipper|Pelipper, M|100\/100\n|-weather|RainDance|[from] ability: Drizzle|[of] p2a: Pelipper\n|move|p1a: Ferrothorn|Spikes|p2a: Pelipper\n|-sidestart|p2: broked on bricks|Spikes\n|\n|-weather|RainDance|[upkeep]\n|upkeep\n|turn|3\n|\n|t:|1663322292\n|move|p2a: Pelipper|Hurricane|p1a: Ferrothorn\n|-damage|p1a: Ferrothorn|30\/100\n|move|p1a: Ferrothorn|Leech Seed|p2a: Pelipper\n|-start|p2a: Pelipper|move: Leech Seed\n|\n|-weather|RainDance|[upkeep]\n|-damage|p2a: Pelipper|88\/100|[from] Leech Seed|[of] p1a: Ferrothorn\n|-heal|p1a: Ferrothorn|39\/100|[silent]\n|upkeep\n|turn|4\n|\n|t:|1663322307\n|switch|p2a: Landorus|Landorus-Therian, M|59\/100\n|-ability|p2a: Landorus|Intimidate|boost\n|-unboost|p1a: Ferrothorn|atk|1\n|switch|p1a: Slowbro|Slowbro, M|100\/100\n|\n|-weather|RainDance|[upkeep]\n|upkeep\n|turn|5\n|\n|t:|1663322312\n|move|p2a: Landorus|Knock Off|p1a: Slowbro\n|-supereffective|p1a: Slowbro\n|-damage|p1a: Slowbro|49\/100\n|-enditem|p1a: Slowbro|Heavy-Duty Boots|[from] move: Knock Off|[of] p2a: Landorus\n|move|p1a: Slowbro|Scald|p2a: Landorus\n|-supereffective|p2a: Landorus\n|-damage|p2a: Landorus|0 fnt\n|faint|p2a: Landorus\n|\n|-weather|RainDance|[upkeep]\n|upkeep\n|\n|t:|1663322318\n|switch|p2a: Pelipper|Pelipper, M|88\/100\n|turn|6\n|\n|t:|1663322330\n|switch|p1a: Ferrothorn|Ferrothorn, M|39\/100\n|move|p2a: Pelipper|Weather Ball|p1a: Ferrothorn\n|-resisted|p1a: Ferrothorn\n|-damage|p1a: Ferrothorn|0 fnt\n|faint|p1a: Ferrothorn\n|\n|-weather|none\n|upkeep\n|\n|t:|1663322335\n|switch|p1a: Tapu Koko|Tapu Koko|100\/100\n|-fieldstart|move: Electric Terrain|[from] ability: Electric Surge|[of] p1a: Tapu Koko\n|turn|7\n|\n|t:|1663322347\n|switch|p2a: Melmetal|Melmetal|100\/100\n|-damage|p2a: Melmetal|88\/100|[from] Spikes\n|move|p1a: Tapu Koko|Thunderbolt|p2a: Melmetal\n|-damage|p2a: Melmetal|44\/100\n|\n|-heal|p2a: Melmetal|50\/100|[from] item: Leftovers\n|upkeep\n|turn|8\n|\n|t:|1663322359\n|move|p1a: Tapu Koko|U-turn|p2a: Melmetal\n|-resisted|p2a: Melmetal\n|-damage|p2a: Melmetal|45\/100\n|\n|t:|1663322367\n|switch|p1a: Landorus|Landorus-Therian, M|100\/100|[from]move: U-turn\n|-ability|p1a: Landorus|Intimidate|boost\n|-unboost|p2a: Melmetal|atk|1\n|move|p2a: Melmetal|Toxic|p1a: Landorus\n|-status|p1a: Landorus|tox\n|\n|-heal|p2a: Melmetal|51\/100|[from] item: Leftovers\n|-damage|p1a: Landorus|94\/100 tox|[from] psn\n|upkeep\n|turn|9\n|\n|t:|1663322378\n|move|p1a: Landorus|Stealth Rock|p2a: Melmetal\n|-sidestart|p2: broked on bricks|move: Stealth Rock\n|move|p2a: Melmetal|Double Iron Bash|p1a: Landorus\n|-damage|p1a: Landorus|67\/100 tox\n|-damage|p1a: Landorus|42\/100 tox\n|-hitcount|p1a: Landorus|2\n|\n|-heal|p1a: Landorus|48\/100 tox|[from] item: Leftovers\n|-heal|p2a: Melmetal|57\/100|[from] item: Leftovers\n|-damage|p1a: Landorus|36\/100 tox|[from] psn\n|upkeep\n|turn|10\n|\n|t:|1663322384\n|move|p2a: Melmetal|Protect|p2a: Melmetal\n|-singleturn|p2a: Melmetal|Protect\n|move|p1a: Landorus|U-turn|p2a: Melmetal\n|-activate|p2a: Melmetal|move: Protect\n|\n|-heal|p1a: Landorus|42\/100 tox|[from] item: Leftovers\n|-heal|p2a: Melmetal|63\/100|[from] item: Leftovers\n|-damage|p1a: Landorus|24\/100 tox|[from] psn\n|upkeep\n|turn|11\n|\n|t:|1663322389\n|move|p1a: Landorus|Earthquake|p2a: Melmetal\n|-supereffective|p2a: Melmetal\n|-damage|p2a: Melmetal|1\/100\n|move|p2a: Melmetal|Earthquake|p1a: Landorus\n|-immune|p1a: Landorus\n|\n|-heal|p1a: Landorus|30\/100 tox|[from] item: Leftovers\n|-heal|p2a: Melmetal|8\/100|[from] item: Leftovers\n|-damage|p1a: Landorus|6\/100 tox|[from] psn\n|-fieldend|move: Electric Terrain\n|upkeep\n|turn|12\n|\n|t:|1663322394\n|move|p2a: Melmetal|Protect|p2a: Melmetal\n|-singleturn|p2a: Melmetal|Protect\n|move|p1a: Landorus|Earthquake|p2a: Melmetal\n|-activate|p2a: Melmetal|move: Protect\n|\n|-heal|p1a: Landorus|12\/100 tox|[from] item: Leftovers\n|-heal|p2a: Melmetal|14\/100|[from] item: Leftovers\n|-damage|p1a: Landorus|0 fnt|[from] psn\n|faint|p1a: Landorus\n|upkeep\n|\n|t:|1663322400\n|switch|p1a: Tapu Koko|Tapu Koko|100\/100\n|-fieldstart|move: Electric Terrain|[from] ability: Electric Surge|[of] p1a: Tapu Koko\n|turn|13\n|\n|t:|1663322404\n|move|p2a: Melmetal|Protect||[still]\n|-fail|p2a: Melmetal\n|move|p1a: Tapu Koko|Thunderbolt|p2a: Melmetal\n|-damage|p2a: Melmetal|0 fnt\n|faint|p2a: Melmetal\n|\n|upkeep\n|\n|t:|1663322408\n|switch|p2a: Tapu Lele|Tapu Lele|100\/100\n|-damage|p2a: Tapu Lele|88\/100|[from] Spikes\n|-damage|p2a: Tapu Lele|76\/100|[from] Stealth Rock\n|-fieldstart|move: Psychic Terrain|[from] ability: Psychic Surge|[of] p2a: Tapu Lele\n|turn|14\n|\n|t:|1663322417\n|move|p2a: Tapu Lele|Moonblast|p1a: Tapu Koko\n|-damage|p1a: Tapu Koko|16\/100\n|move|p1a: Tapu Koko|Thunderbolt|p2a: Tapu Lele\n|-damage|p2a: Tapu Lele|38\/100\n|\n|upkeep\n|turn|15\n|\n|t:|1663322428\n|switch|p1a: Victini|Victini|100\/100\n|move|p2a: Tapu Lele|Moonblast|p1a: Victini\n|-resisted|p1a: Victini\n|-damage|p1a: Victini|74\/100\n|\n|upkeep\n|turn|16\n|\n|t:|1663322435\n|move|p2a: Tapu Lele|Moonblast|p1a: Victini\n|-resisted|p1a: Victini\n|-damage|p1a: Victini|46\/100\n|move|p1a: Victini|U-turn|p2a: Tapu Lele\n|-damage|p2a: Tapu Lele|8\/100\n|\n|t:|1663322444\n|switch|p1a: Tapu Koko|Tapu Koko|16\/100|[from]move: U-turn\n|-fieldstart|move: Electric Terrain|[from] ability: Electric Surge|[of] p1a: Tapu Koko\n|\n|upkeep\n|turn|17\n|\n|t:|1663322448\n|switch|p1a: Victini|Victini|46\/100\n|move|p2a: Tapu Lele|Moonblast|p1a: Victini\n|-resisted|p1a: Victini\n|-damage|p1a: Victini|18\/100\n|\n|upkeep\n|turn|18\n|\n|t:|1663322455\n|move|p2a: Tapu Lele|Moonblast|p1a: Victini\n|-resisted|p1a: Victini\n|-crit|p1a: Victini\n|-damage|p1a: Victini|0 fnt\n|faint|p1a: Victini\n|\n|upkeep\n|\n|t:|1663322458\n|switch|p1a: Bisharp|Bisharp, M|100\/100\n|turn|19\n|\n|t:|1663322463\n|switch|p2a: Keldeo|Keldeo-Resolute|100\/100\n|-damage|p2a: Keldeo|88\/100|[from] Spikes\n|-damage|p2a: Keldeo|82\/100|[from] Stealth Rock\n|move|p1a: Bisharp|Sucker Punch||[still]\n|-fail|p1a: Bisharp\n|\n|upkeep\n|turn|20\n|\n|t:|1663322469\n|switch|p1a: Slowbro|Slowbro, M|82\/100\n|move|p2a: Keldeo|Surf|p1a: Slowbro\n|-resisted|p1a: Slowbro\n|-damage|p1a: Slowbro|58\/100\n|\n|-fieldend|move: Electric Terrain\n|upkeep\n|turn|21\n|\n|t:|1663322474\n|switch|p2a: Tapu Lele|Tapu Lele|8\/100\n|-damage|p2a: Tapu Lele|0 fnt|[from] Spikes\n|faint|p2a: Tapu Lele\n|move|p1a: Slowbro|Future Sight|p2: Tapu Lele\n|-start|p1a: Slowbro|move: Future Sight\n|\n|upkeep\n|\n|t:|1663322480\n|switch|p2a: Pelipper|Pelipper, M|88\/100\n|-damage|p2a: Pelipper|63\/100|[from] Stealth Rock\n|-weather|RainDance|[from] ability: Drizzle|[of] p2a: Pelipper\n|turn|22\n|\n|t:|1663322492\n|move|p2a: Pelipper|Hurricane|p1a: Slowbro\n|-damage|p1a: Slowbro|0 fnt\n|faint|p1a: Slowbro\n|\n|-weather|RainDance|[upkeep]\n|upkeep\n|\n|t:|1663322496\n|switch|p1a: Tapu Koko|Tapu Koko|16\/100\n|-fieldstart|move: Electric Terrain|[from] ability: Electric Surge|[of] p1a: Tapu Koko\n|turn|23\n|\n|t:|1663322499\n|move|p1a: Tapu Koko|Thunderbolt|p2a: Pelipper\n|-supereffective|p2a: Pelipper\n|-damage|p2a: Pelipper|0 fnt\n|faint|p2a: Pelipper\n|\n|-weather|RainDance|[upkeep]\n|-hint|Future Sight did not hit because the target is fainted.\n|upkeep\n|\n|t:|1663322501\n|switch|p2a: Dragapult|Dragapult, M|100\/100\n|-damage|p2a: Dragapult|88\/100|[from] Spikes\n|-damage|p2a: Dragapult|76\/100|[from] Stealth Rock\n|turn|24\n|\n|t:|1663322512\n|move|p2a: Dragapult|Thunder|p1a: Tapu Koko\n|-resisted|p1a: Tapu Koko\n|-damage|p1a: Tapu Koko|0 fnt\n|faint|p1a: Tapu Koko\n|\n|-weather|RainDance|[upkeep]\n|upkeep\n|\n|t:|1663322515\n|switch|p1a: Bisharp|Bisharp, M|100\/100\n|turn|25\n|\n|t:|1663322518\n|move|p2a: Dragapult|Thunder|p1a: Bisharp\n|-damage|p1a: Bisharp|0 fnt\n|faint|p1a: Bisharp\n|\n|win|broked on bricks\n|raw|ollaanparhaita's rating: 1544 &rarr; <strong>1522<\/strong><br \/>(-22 for losing)\n|raw|broked on bricks's rating: 1509 &rarr; <strong>1531<\/strong><br \/>(+22 for winning)\n|c|\u2606broked on bricks|gg\n|l|\u2606ollaanparhaita\n","uploadtime":1663322525,"views":16,"p1id":"ollaanparhaita","p2id":"brokedonbricks","formatid":"gen8ou","rating":1522,"private":0,"password":null}