{"id":"gen8ou-1638960318","p1":"Boltreaver","p2":"LT93OQ Manner","format":"gen8ou","log":"|raw|<div class=\"broadcast-blue\"><strong>This battle is required to be public due to a player having a name starting with 'lt93oq'.<\/div>\n|j|\u2606Boltreaver\n|j|\u2606LT93OQ Manner\n|t:|1660417191\n|gametype|singles\n|player|p1|Boltreaver|unknown|1648\n|player|p2|LT93OQ Manner|unknown|1671\n|teamsize|p1|6\n|teamsize|p2|6\n|gen|8\n|tier|[Gen 8] OU\n|rated|\n|rule|Sleep Clause Mod: Limit one foe put to sleep\n|rule|Species Clause: Limit one of each Pok\u00e9mon\n|rule|OHKO Clause: OHKO moves are banned\n|rule|Evasion Items Clause: Evasion items are banned\n|rule|Evasion Moves Clause: Evasion moves are banned\n|rule|Endless Battle Clause: Forcing endless battles is banned\n|rule|HP Percentage Mod: HP is shown in percentages\n|rule|Dynamax Clause: You cannot dynamax\n|clearpoke\n|poke|p1|Kartana|\n|poke|p1|Melmetal|\n|poke|p1|Regieleki|\n|poke|p1|Blacephalon|\n|poke|p1|Landorus-Therian, M|\n|poke|p1|Tapu Fini|\n|poke|p2|Dragapult, M|\n|poke|p2|Magnezone|\n|poke|p2|Blacephalon|\n|poke|p2|Tapu Lele|\n|poke|p2|Landorus-Therian, M|\n|poke|p2|Ditto|\n|teampreview\n|inactive|Battle timer is ON: inactive players will automatically lose when time's up. (requested by Boltreaver)\n|\n|t:|1660417201\n|start\n|switch|p1a: Tapu Fini|Tapu Fini, shiny|100\/100\n|switch|p2a: Landorus|Landorus-Therian, M|100\/100\n|-fieldstart|move: Misty Terrain|[from] ability: Misty Surge|[of] p1a: Tapu Fini\n|-ability|p2a: Landorus|Intimidate|boost\n|-unboost|p1a: Tapu Fini|atk|1\n|turn|1\n|\n|t:|1660417210\n|move|p1a: Tapu Fini|Surf|p2a: Landorus\n|-supereffective|p2a: Landorus\n|-damage|p2a: Landorus|53\/100\n|move|p2a: Landorus|Knock Off|p1a: Tapu Fini\n|-resisted|p1a: Tapu Fini\n|-damage|p1a: Tapu Fini|89\/100\n|-enditem|p1a: Tapu Fini|Leftovers|[from] move: Knock Off|[of] p2a: Landorus\n|\n|-heal|p2a: Landorus|59\/100|[from] item: Leftovers\n|upkeep\n|turn|2\n|\n|t:|1660417224\n|switch|p2a: Magnezone|Magnezone|100\/100\n|move|p1a: Tapu Fini|Moonblast|p2a: Magnezone\n|-resisted|p2a: Magnezone\n|-damage|p2a: Magnezone|83\/100\n|\n|-heal|p2a: Magnezone|89\/100|[from] item: Leftovers\n|upkeep\n|turn|3\n|\n|t:|1660417230\n|move|p1a: Tapu Fini|Surf|p2a: Magnezone\n|-damage|p2a: Magnezone|54\/100\n|move|p2a: Magnezone|Thunderbolt|p1a: Tapu Fini\n|-supereffective|p1a: Tapu Fini\n|-damage|p1a: Tapu Fini|29\/100\n|\n|-heal|p2a: Magnezone|60\/100|[from] item: Leftovers\n|upkeep\n|turn|4\n|\n|t:|1660417239\n|switch|p1a: Blacephalon|Blacephalon, shiny|100\/100\n|move|p2a: Magnezone|Thunderbolt|p1a: Blacephalon\n|-damage|p1a: Blacephalon|40\/100\n|\n|-heal|p2a: Magnezone|66\/100|[from] item: Leftovers\n|upkeep\n|turn|5\n|j| LT93OQ Black Lotus\n|\n|t:|1660417252\n|move|p1a: Blacephalon|Shadow Ball|p2a: Magnezone\n|-damage|p2a: Magnezone|0 fnt\n|faint|p2a: Magnezone\n|-ability|p1a: Blacephalon|Beast Boost|boost\n|-boost|p1a: Blacephalon|spa|1\n|\n|-fieldend|Misty Terrain\n|upkeep\n|\n|t:|1660417259\n|switch|p2a: Ditto|Ditto|100\/100\n|-transform|p2a: Ditto|p1a: Blacephalon|[from] ability: Imposter\n|turn|6\n|\n|t:|1660417265\n|switch|p1a: Tapu Fini|Tapu Fini, shiny|29\/100\n|-fieldstart|move: Misty Terrain|[from] ability: Misty Surge|[of] p1a: Tapu Fini\n|move|p2a: Ditto|Shadow Ball|p1a: Tapu Fini\n|-damage|p1a: Tapu Fini|0 fnt\n|faint|p1a: Tapu Fini\n|-ability|p2a: Ditto|Beast Boost|boost\n|-boost|p2a: Ditto|spa|1\n|\n|upkeep\n|\n|t:|1660417267\n|switch|p1a: Kartana|Kartana, shiny|100\/100\n|turn|7\n|\n|t:|1660417280\n|switch|p2a: Landorus|Landorus-Therian, M|59\/100\n|-ability|p2a: Landorus|Intimidate|boost\n|-unboost|p1a: Kartana|atk|1\n|move|p1a: Kartana|Knock Off|p2a: Landorus\n|-damage|p2a: Landorus|33\/100\n|-enditem|p2a: Landorus|Leftovers|[from] move: Knock Off|[of] p1a: Kartana\n|\n|upkeep\n|turn|8\n|\n|t:|1660417289\n|switch|p1a: Landorus|Landorus-Therian, M|100\/100\n|-ability|p1a: Landorus|Intimidate|boost\n|-unboost|p2a: Landorus|atk|1\n|move|p2a: Landorus|Knock Off|p1a: Landorus\n|-damage|p1a: Landorus|84\/100\n|-enditem|p1a: Landorus|Leftovers|[from] move: Knock Off|[of] p2a: Landorus\n|\n|upkeep\n|turn|9\n|\n|t:|1660417295\n|switch|p2a: Ditto|Ditto|100\/100\n|-transform|p2a: Ditto|p1a: Landorus|[from] ability: Imposter\n|-ability|p2a: Ditto|Intimidate|boost\n|-unboost|p1a: Landorus|atk|1\n|move|p1a: Landorus|Stealth Rock|p2a: Ditto\n|-sidestart|p2: LT93OQ Manner|move: Stealth Rock\n|\n|upkeep\n|turn|10\n|\n|t:|1660417301\n|move|p2a: Ditto|U-turn|p1a: Landorus\n|-resisted|p1a: Landorus\n|-damage|p1a: Landorus|74\/100\n|\n|t:|1660417311\n|switch|p2a: Dragapult|Dragapult, M|100\/100|[from]move: U-turn\n|-damage|p2a: Dragapult|88\/100|[from] Stealth Rock\n|move|p1a: Landorus|Knock Off|p2a: Dragapult\n|-supereffective|p2a: Dragapult\n|-damage|p2a: Dragapult|32\/100\n|-enditem|p2a: Dragapult|Choice Band|[from] move: Knock Off|[of] p1a: Landorus\n|\n|-fieldend|Misty Terrain\n|upkeep\n|turn|11\n|\n|t:|1660417316\n|switch|p1a: Melmetal|Melmetal|100\/100\n|move|p2a: Dragapult|Dragon Darts|p1a: Melmetal\n|-resisted|p1a: Melmetal\n|-damage|p1a: Melmetal|93\/100\n|-anim|p2a: Dragapult|Dragon Darts|p1a: Melmetal\n|-resisted|p1a: Melmetal\n|-damage|p1a: Melmetal|85\/100\n|\n|upkeep\n|turn|12\n|\n|t:|1660417324\n|move|p2a: Dragapult|Phantom Force||[still]\n|-prepare|p2a: Dragapult|Phantom Force\n|move|p1a: Melmetal|Double Iron Bash|p2a: Dragapult|[miss]\n|-miss|p1a: Melmetal|p2a: Dragapult\n|\n|upkeep\n|turn|13\n|\n|t:|1660417326\n|move|p2a: Dragapult|Phantom Force|p1a: Melmetal|[from]lockedmove\n|-damage|p1a: Melmetal|58\/100\n|move|p1a: Melmetal|Double Iron Bash|p2a: Dragapult\n|-damage|p2a: Dragapult|0 fnt\n|faint|p2a: Dragapult\n|-hitcount|p2: Dragapult|1\n|\n|upkeep\n|\n|t:|1660417332\n|switch|p2a: Blacephalon|Blacephalon, shiny|100\/100\n|-damage|p2a: Blacephalon|76\/100|[from] Stealth Rock\n|turn|14\n|\n|t:|1660417336\n|move|p2a: Blacephalon|Flamethrower|p1a: Melmetal\n|-supereffective|p1a: Melmetal\n|-damage|p1a: Melmetal|0 fnt\n|faint|p1a: Melmetal\n|-ability|p2a: Blacephalon|Beast Boost|boost\n|-boost|p2a: Blacephalon|spa|1\n|\n|upkeep\n|\n|t:|1660417339\n|switch|p1a: Kartana|Kartana, shiny|100\/100\n|turn|15\n|\n|t:|1660417344\n|move|p1a: Kartana|Knock Off|p2a: Blacephalon\n|-supereffective|p2a: Blacephalon\n|-damage|p2a: Blacephalon|0 fnt\n|-enditem|p2a: Blacephalon|Choice Specs|[from] move: Knock Off|[of] p1a: Kartana\n|faint|p2a: Blacephalon\n|-ability|p1a: Kartana|Beast Boost|boost\n|-boost|p1a: Kartana|atk|1\n|\n|upkeep\n|\n|t:|1660417347\n|switch|p2a: Ditto|Ditto|100\/100\n|-damage|p2a: Ditto|88\/100|[from] Stealth Rock\n|-transform|p2a: Ditto|p1a: Kartana|[from] ability: Imposter\n|turn|16\n|\n|t:|1660417357\n|move|p2a: Ditto|Knock Off|p1a: Kartana\n|-damage|p1a: Kartana|32\/100\n|-enditem|p1a: Kartana|Choice Scarf|[from] move: Knock Off|[of] p2a: Ditto\n|move|p1a: Kartana|Knock Off|p2a: Ditto\n|-damage|p2a: Ditto|26\/100\n|-enditem|p2a: Ditto|Choice Scarf|[from] move: Knock Off|[of] p1a: Kartana\n|\n|upkeep\n|turn|17\n|\n|t:|1660417365\n|switch|p1a: Landorus|Landorus-Therian, M|74\/100\n|-ability|p1a: Landorus|Intimidate|boost\n|-unboost|p2a: Ditto|atk|1\n|move|p2a: Ditto|Knock Off|p1a: Landorus\n|-damage|p1a: Landorus|49\/100\n|\n|upkeep\n|turn|18\n|\n|t:|1660417371\n|move|p2a: Ditto|Leaf Blade|p1a: Landorus\n|-damage|p1a: Landorus|1\/100\n|move|p1a: Landorus|U-turn|p2a: Ditto\n|-damage|p2a: Ditto|6\/100\n|\n|t:|1660417375\n|switch|p1a: Regieleki|Regieleki|100\/100|[from]move: U-turn\n|\n|upkeep\n|turn|19\n|\n|t:|1660417381\n|move|p1a: Regieleki|Volt Switch|p2a: Ditto\n|-resisted|p2a: Ditto\n|-damage|p2a: Ditto|0 fnt\n|faint|p2a: Ditto\n|j| Momentary Life\n|\n|t:|1660417385\n|switch|p1a: Blacephalon|Blacephalon, shiny|40\/100|[from]move: Volt Switch\n|\n|upkeep\n|\n|t:|1660417389\n|switch|p2a: Tapu Lele|Tapu Lele|100\/100\n|-damage|p2a: Tapu Lele|88\/100|[from] Stealth Rock\n|-fieldstart|move: Psychic Terrain|[from] ability: Psychic Surge|[of] p2a: Tapu Lele\n|turn|20\n|\n|t:|1660417393\n|move|p1a: Blacephalon|Shadow Ball|p2a: Tapu Lele\n|-supereffective|p2a: Tapu Lele\n|-damage|p2a: Tapu Lele|0 fnt\n|faint|p2a: Tapu Lele\n|-ability|p1a: Blacephalon|Beast Boost|boost\n|-boost|p1a: Blacephalon|spa|1\n|\n|upkeep\n|\n|t:|1660417398\n|switch|p2a: Landorus|Landorus-Therian, M|33\/100\n|-damage|p2a: Landorus|21\/100|[from] Stealth Rock\n|-ability|p2a: Landorus|Intimidate|boost\n|-unboost|p1a: Blacephalon|atk|1\n|turn|21\n|-message|LT93OQ Manner forfeited.\n|\n|win|Boltreaver\n|raw|Boltreaver's rating: 1648 &rarr; <strong>1669<\/strong><br \/>(+21 for winning)\n|raw|LT93OQ Manner's rating: 1671 &rarr; <strong>1650<\/strong><br \/>(-21 for losing)\n|l|\u2606LT93OQ Manner\n","uploadtime":1660417408,"views":10,"p1id":"boltreaver","p2id":"lt93oqmanner","formatid":"gen8ou","rating":1650,"private":0,"password":null}