{"id":"gen8randombattle-1305776885","p1":"SexyJungkook","p2":"wolfwarrior","format":"gen8randombattle","log":"|j|\u2606SexyJungkook\n|j|\u2606wolfwarrior\n|t:|1616314356\n|player|p1|SexyJungkook|169|1423\n|player|p2|wolfwarrior|265|1448\n|teamsize|p1|6\n|teamsize|p2|6\n|gametype|singles\n|gen|8\n|tier|[Gen 8] Random Battle\n|rated|\n|rule|Species Clause: Limit one of each Pok\u00e9mon\n|rule|HP Percentage Mod: HP is shown in percentages\n|rule|Sleep Clause Mod: Limit one foe put to sleep\n|\n|t:|1616314356\n|start\n|switch|p1a: Unfezant|Unfezant, L84, F|271\/271\n|switch|p2a: Kabutops|Kabutops, L82, F|233\/233\n|turn|1\n|inactive|Battle timer is ON: inactive players will automatically lose when time's up. (requested by SexyJungkook)\n|\n|t:|1616314362\n|move|p1a: Unfezant|U-turn|p2a: Kabutops\n|-crit|p2a: Kabutops\n|-damage|p2a: Kabutops|151\/233\n|\n|t:|1616314367\n|switch|p1a: Hitmontop|Hitmontop, L84, M|221\/221\n|-ability|p1a: Hitmontop|Intimidate|boost\n|-unboost|p2a: Kabutops|atk|1\n|move|p2a: Kabutops|Stone Edge|p1a: Hitmontop\n|-resisted|p1a: Hitmontop\n|-damage|p1a: Hitmontop|171\/221\n|\n|upkeep\n|turn|2\n|\n|t:|1616314375\n|switch|p2a: Tapu Bulu|Tapu Bulu, L82|249\/249\n|-fieldstart|move: Grassy Terrain|[from] ability: Grassy Surge|[of] p2a: Tapu Bulu\n|move|p1a: Hitmontop|Close Combat|p2a: Tapu Bulu\n|-resisted|p2a: Tapu Bulu\n|-damage|p2a: Tapu Bulu|178\/249\n|-unboost|p1a: Hitmontop|def|1\n|-unboost|p1a: Hitmontop|spd|1\n|-damage|p1a: Hitmontop|149\/221|[from] item: Life Orb\n|\n|-heal|p2a: Tapu Bulu|193\/249|[from] Grassy Terrain\n|-heal|p1a: Hitmontop|162\/221|[from] Grassy Terrain\n|upkeep\n|turn|3\n|\n|t:|1616314382\n|move|p2a: Tapu Bulu|Close Combat|p1a: Hitmontop\n|-damage|p1a: Hitmontop|0 fnt\n|-unboost|p2a: Tapu Bulu|def|1\n|-unboost|p2a: Tapu Bulu|spd|1\n|-damage|p2a: Tapu Bulu|169\/249|[from] item: Life Orb\n|faint|p1a: Hitmontop\n|\n|-heal|p2a: Tapu Bulu|184\/249|[from] Grassy Terrain\n|upkeep\n|\n|t:|1616314390\n|switch|p1a: Magearna|Magearna-Original, L74|240\/240\n|turn|4\n|\n|t:|1616314398\n|switch|p2a: Golisopod|Golisopod, L84, F|263\/263\n|move|p1a: Magearna|Agility|p1a: Magearna\n|-boost|p1a: Magearna|spe|2\n|\n|upkeep\n|turn|5\n|\n|t:|1616314402\n|move|p1a: Magearna|Calm Mind|p1a: Magearna\n|-boost|p1a: Magearna|spa|1\n|-boost|p1a: Magearna|spd|1\n|move|p2a: Golisopod|Liquidation|p1a: Magearna\n|-damage|p1a: Magearna|137\/240\n|-unboost|p1a: Magearna|def|1\n|\n|-heal|p1a: Magearna|152\/240|[from] Grassy Terrain\n|-heal|p1a: Magearna|167\/240|[from] item: Leftovers\n|upkeep\n|turn|6\n|\n|t:|1616314408\n|-start|p1a: Magearna|Dynamax\n|-heal|p1a: Magearna|334\/480|[silent]\n|move|p1a: Magearna|Max Steelspike|p2a: Golisopod\n|-resisted|p2a: Golisopod\n|-damage|p2a: Golisopod|171\/263\n|-boost|p1a: Magearna|def|1\n|move|p2a: Golisopod|Liquidation|p1a: Magearna\n|-damage|p1a: Magearna|240\/480\n|\n|-heal|p1a: Magearna|255\/480|[from] Grassy Terrain\n|-heal|p1a: Magearna|270\/480|[from] item: Leftovers\n|-heal|p2a: Golisopod|187\/263|[from] Grassy Terrain\n|-fieldend|move: Grassy Terrain\n|upkeep\n|turn|7\n|\n|t:|1616314413\n|move|p1a: Magearna|Max Starfall|p2a: Golisopod\n|-damage|p2a: Golisopod|0 fnt\n|-fieldstart|move: Misty Terrain\n|faint|p2a: Golisopod\n|-ability|p1a: Magearna|Soul-Heart|boost\n|-boost|p1a: Magearna|spa|1\n|\n|-heal|p1a: Magearna|285\/480|[from] item: Leftovers\n|upkeep\n|\n|t:|1616314420\n|switch|p2a: Aggron|Aggron, L84, F|255\/255\n|-item|p2a: Aggron|Air Balloon\n|turn|8\n|\n|t:|1616314430\n|move|p1a: Magearna|Max Steelspike|p2a: Aggron\n|-damage|p2a: Aggron|0 fnt\n|-boost|p1a: Magearna|def|1\n|-enditem|p2a: Aggron|Air Balloon\n|faint|p2a: Aggron\n|-ability|p1a: Magearna|Soul-Heart|boost\n|-boost|p1a: Magearna|spa|1\n|\n|-heal|p1a: Magearna|300\/480|[from] item: Leftovers\n|-end|p1a: Magearna|Dynamax\n|-heal|p1a: Magearna|150\/240|[silent]\n|upkeep\n|-message|wolfwarrior forfeited.\n|\n|win|SexyJungkook\n|raw|SexyJungkook's rating: 1442 &rarr; <strong>1462<\/strong><br \/>(+20 for winning)\n|raw|wolfwarrior's rating: 1448 &rarr; <strong>1428<\/strong><br \/>(-20 for losing)\n|l|\u2606wolfwarrior\n","inputlog":">version 1a8e65bbd99ef745cb48e34e6e3579b2a31a87f2\n>start {\"formatid\":\"gen8randombattle\",\"seed\":[3186,56718,63001,23696],\"rated\":\"Rated battle\"}\n>player p1 {\"name\":\"SexyJungkook\",\"avatar\":\"169\",\"team\":\"\",\"rating\":1423,\"seed\":[41570,51813,16394,39023]}\n>player p2 {\"name\":\"wolfwarrior\",\"avatar\":\"265\",\"team\":\"\",\"rating\":1448,\"seed\":[12231,43312,26145,36506]}\n>p1 move uturn\n>p2 move stoneedge\n>p1 switch 6\n>p1 move closecombat\n>p2 switch 4\n>p1 move toxic\n>p2 move closecombat\n>p1 switch 5\n>p1 move agility\n>p2 switch 3\n>p1 move calmmind\n>p2 move liquidation\n>p1 move flashcannon dynamax\n>p2 move liquidation\n>p1 move fleurcannon dynamax\n>p2 move liquidation\n>p2 switch 2\n>p1 move flashcannon dynamax\n>p2 move bodypress","uploadtime":1616314439,"views":2,"p1id":"sexyjungkook","p2id":"wolfwarrior","formatid":"gen8randombattle","rating":1428,"private":0,"password":null}