{"id":"gen8vgc2022-1635700385","p1":"Bristojohn","p2":"brifye","format":"gen8vgc2022","log":"|j|\u2606Bristojohn\n|j|\u2606brifye\n|t:|1660046031\n|gametype|doubles\n|player|p1|Bristojohn|ghetsis|1454\n|player|p2|brifye|petrel|1554\n|teamsize|p1|6\n|teamsize|p2|6\n|gen|8\n|tier|[Gen 8] VGC 2022\n|rated|\n|rule|Species Clause: Limit one of each Pok\u00e9mon\n|rule|Item Clause: Limit one of each item\n|clearpoke\n|poke|p1|Zacian-*, L50|\n|poke|p1|Kyogre, L50|\n|poke|p1|Charizard, L50, M|\n|poke|p1|Whimsicott, L50, M|\n|poke|p1|Mamoswine, L50, M|\n|poke|p1|Zapdos, L50|\n|poke|p2|Kyogre, L50|\n|poke|p2|Zacian-*, L50|\n|poke|p2|Tornadus, L50, M|\n|poke|p2|Kartana, L50|\n|poke|p2|Landorus-Therian, L50, M|\n|poke|p2|Amoonguss, L50, M|\n|teampreview|4\n|\n|t:|1660046073\n|start\n|switch|p1a: Whimsicott|Whimsicott, L50, M, shiny|100\/100\n|switch|p1b: Mamoswine|Mamoswine, L50, M|100\/100\n|switch|p2a: Kyogre|Kyogre, L50|100\/100\n|switch|p2b: Tornadus|Tornadus, L50, M|100\/100\n|-weather|RainDance|[from] ability: Drizzle|[of] p2a: Kyogre\n|turn|1\n|inactive|Battle timer is ON: inactive players will automatically lose when time's up. (requested by Bristojohn)\n|\n|t:|1660046090\n|-start|p1b: Mamoswine|Dynamax|\n|-heal|p1b: Mamoswine|100\/100|[silent]\n|move|p1a: Whimsicott|Sunny Day|p1a: Whimsicott\n|-weather|SunnyDay\n|move|p2b: Tornadus|Icy Wind|p1b: Mamoswine|[spread] p1a,p1b\n|-supereffective|p1a: Whimsicott\n|-damage|p1a: Whimsicott|60\/100\n|-damage|p1b: Mamoswine|89\/100\n|-unboost|p1a: Whimsicott|spe|1\n|-unboost|p1b: Mamoswine|spe|1\n|move|p2a: Kyogre|Water Spout|p1b: Mamoswine|[spread] p1a,p1b\n|-resisted|p1a: Whimsicott\n|-supereffective|p1b: Mamoswine\n|-damage|p1a: Whimsicott|36\/100\n|-damage|p1b: Mamoswine|35\/100\n|move|p1b: Mamoswine|Max Quake|p2a: Kyogre\n|-damage|p2a: Kyogre|30\/100\n|-boost|p1a: Whimsicott|spd|1\n|-boost|p1b: Mamoswine|spd|1\n|\n|-weather|SunnyDay|[upkeep]\n|upkeep\n|turn|2\n|inactive|brifye has 30 seconds left.\n|\n|t:|1660046123\n|move|p1b: Mamoswine|Max Guard|p1b: Mamoswine\n|-singleturn|p1b: Mamoswine|Max Guard\n|move|p1a: Whimsicott|Cotton Spore|p2b: Tornadus|[spread] p2a,p2b\n|-unboost|p2a: Kyogre|spe|2\n|-unboost|p2b: Tornadus|spe|2\n|move|p2b: Tornadus|Icy Wind|p1b: Mamoswine|[spread] p1a\n|-activate|p1b: Mamoswine|move: Max Guard\n|-supereffective|p1a: Whimsicott\n|-damage|p1a: Whimsicott|14\/100\n|-unboost|p1a: Whimsicott|spe|1\n|move|p2a: Kyogre|Origin Pulse|p1a: Whimsicott|[spread] \n|-activate|p1b: Mamoswine|move: Max Guard\n|-miss|p2a: Kyogre|p1a: Whimsicott\n|\n|-weather|SunnyDay|[upkeep]\n|upkeep\n|turn|3\n|inactive|brifye has 30 seconds left.\n|\n|t:|1660046157\n|move|p2b: Tornadus|Protect|p2b: Tornadus\n|-singleturn|p2b: Tornadus|Protect\n|move|p1a: Whimsicott|Tailwind|p1a: Whimsicott\n|-sidestart|p1: Bristojohn|move: Tailwind\n|move|p1b: Mamoswine|Max Quake|p2a: Kyogre\n|-damage|p2a: Kyogre|0 fnt\n|-boost|p1a: Whimsicott|spd|1\n|-boost|p1b: Mamoswine|spd|1\n|faint|p2a: Kyogre\n|\n|-weather|SunnyDay|[upkeep]\n|upkeep\n|\n|t:|1660046170\n|switch|p2a: Zacian|Zacian-Crowned, L50|100\/100\n|-ability|p2a: Zacian|Intrepid Sword|boost\n|-boost|p2a: Zacian|atk|1\n|-end|p1b: Mamoswine|Dynamax\n|-heal|p1b: Mamoswine|35\/100|[silent]\n|turn|4\n|\n|t:|1660046180\n|move|p2a: Zacian|Protect|p2a: Zacian\n|-singleturn|p2a: Zacian|Protect\n|move|p1a: Whimsicott|Encore|p2b: Tornadus\n|-start|p2b: Tornadus|Encore\n|move|p1b: Mamoswine|Earthquake|p2b: Tornadus|[spread] p1a\n|-activate|p2a: Zacian|move: Protect\n|-immune|p2b: Tornadus\n|-resisted|p1a: Whimsicott\n|-damage|p1a: Whimsicott|0 fnt\n|faint|p1a: Whimsicott\n|move|p2b: Tornadus|Protect||[still]\n|-fail|p2b: Tornadus\n|\n|-weather|SunnyDay|[upkeep]\n|upkeep\n|\n|t:|1660046193\n|switch|p1a: Charizard|Charizard, L50, M, shiny|100\/100\n|turn|5\n|inactive|brifye has 30 seconds left.\n|inactive|brifye has 20 seconds left.\n|inactive|brifye has 15 seconds left.\n|inactive|brifye has 10 seconds left.\n|inactive|brifye has 5 seconds left.\n|\n|t:|1660046244\n|switch|p2b: Kartana|Kartana, L50|100\/100\n|move|p2a: Zacian|Protect||[still]\n|-fail|p2a: Zacian\n|move|p1a: Charizard|Heat Wave|p2b: Kartana|[spread] p2a,p2b\n|-supereffective|p2a: Zacian\n|-supereffective|p2b: Kartana\n|-damage|p2a: Zacian|0 fnt\n|-damage|p2b: Kartana|0 fnt\n|faint|p2a: Zacian\n|faint|p2b: Kartana\n|-damage|p1a: Charizard|91\/100|[from] item: Life Orb\n|move|p1b: Mamoswine|Icicle Crash|p2: Zacian|[notarget]\n|-fail|p1b: Mamoswine\n|\n|-weather|none\n|upkeep\n|\n|t:|1660046259\n|switch|p2b: Tornadus|Tornadus, L50, M|100\/100\n|turn|6\n|\n|t:|1660046270\n|-start|p2b: Tornadus|Dynamax|\n|-heal|p2b: Tornadus|100\/100|[silent]\n|move|p1a: Charizard|Ancient Power|p2b: Tornadus\n|-supereffective|p2b: Tornadus\n|-damage|p2b: Tornadus|66\/100\n|-boost|p1a: Charizard|atk|1\n|-boost|p1a: Charizard|def|1\n|-boost|p1a: Charizard|spa|1\n|-boost|p1a: Charizard|spd|1\n|-boost|p1a: Charizard|spe|1\n|-damage|p1a: Charizard|81\/100|[from] item: Life Orb\n|move|p2b: Tornadus|Max Airstream|p1b: Mamoswine\n|-damage|p1b: Mamoswine|0 fnt\n|-boost|p2b: Tornadus|spe|1\n|faint|p1b: Mamoswine\n|\n|-sideend|p1: Bristojohn|move: Tailwind\n|upkeep\n|\n|t:|1660046286\n|switch|p1b: Zacian|Zacian-Crowned, L50, shiny|100\/100\n|-ability|p1b: Zacian|Intrepid Sword|boost\n|-boost|p1b: Zacian|atk|1\n|turn|7\n|-message|brifye forfeited.\n|\n|win|Bristojohn\n|raw|Bristojohn's rating: 1454 &rarr; <strong>1480<\/strong><br \/>(+26 for winning)\n|raw|brifye's rating: 1554 &rarr; <strong>1528<\/strong><br \/>(-26 for losing)\n|l|\u2606brifye\n||Ladder isn't responding, score probably updated but might not have (Request timeout).\n","uploadtime":1660047044,"views":6,"p1id":"bristojohn","p2id":"brifye","formatid":"gen8vgc2022","rating":1480,"private":0,"password":null}