{"id":"gen8doublesou-1681987793","p1":"Darkman64","p2":"Dragon246","format":"gen8doublesou","log":"|j|\u2606Darkman64\n|j|\u2606Dragon246\n|inactive|Battle timer is ON: inactive players will automatically lose when time's up.\n|t:|1665373513\n|gametype|doubles\n|player|p1|Darkman64|juan|\n|player|p2|Dragon246|gladion|\n|teamsize|p1|6\n|teamsize|p2|6\n|gen|8\n|tier|[Gen 8] Doubles OU\n|rated|Tournament battle\n|rule|Species Clause: Limit one of each Pok\u00e9mon\n|rule|OHKO Clause: OHKO moves are banned\n|rule|Evasion Moves Clause: Evasion moves are banned\n|rule|Gravity Sleep Clause: The combination of sleep-inducing moves with imperfect accuracy and Gravity or Gigantamax Orbeetle are banned\n|rule|Endless Battle Clause: Forcing endless battles is banned\n|rule|HP Percentage Mod: HP is shown in percentages\n|rule|Dynamax Clause: You cannot dynamax\n|rule|Swagger Clause: Swagger is banned\n|clearpoke\n|poke|p1|Genesect|\n|poke|p1|Naganadel|\n|poke|p1|Rillaboom, M|\n|poke|p1|Zygarde|\n|poke|p1|Urshifu-*, M|\n|poke|p1|Heatran, F|\n|poke|p2|Grimmsnarl, M|\n|poke|p2|Rillaboom, M|\n|poke|p2|Kyurem-Black|\n|poke|p2|Dragapult, M|\n|poke|p2|Ninetales-Alola, M|\n|poke|p2|Sandslash-Alola, M|\n|teampreview\n|j|*Lady Monita \u263d\n|\n|t:|1665373525\n|start\n|switch|p1a: Genesect|Genesect, shiny|100\/100\n|switch|p1b: Rillaboom|Rillaboom, M|100\/100\n|switch|p2a: Dragapult|Dragapult, M|100\/100\n|switch|p2b: Grimmsnarl|Grimmsnarl, M|100\/100\n|-ability|p1a: Genesect|Download|boost\n|-boost|p1a: Genesect|atk|1\n|-fieldstart|move: Grassy Terrain|[from] ability: Grassy Surge|[of] p1b: Rillaboom\n|turn|1\n|\n|t:|1665373536\n|move|p1b: Rillaboom|Fake Out|p2b: Grimmsnarl\n|-damage|p2b: Grimmsnarl|86\/100\n|cant|p2b: Grimmsnarl|flinch\n|move|p1a: Genesect|Ice Beam|p2a: Dragapult\n|-supereffective|p2a: Dragapult\n|-damage|p2a: Dragapult|31\/100\n|move|p2a: Dragapult|Flamethrower|p1a: Genesect\n|-supereffective|p1a: Genesect\n|-damage|p1a: Genesect|0 fnt\n|faint|p1a: Genesect\n|\n|-heal|p2a: Dragapult|37\/100|[from] Grassy Terrain\n|-heal|p2b: Grimmsnarl|92\/100|[from] Grassy Terrain\n|upkeep\n|\n|t:|1665373544\n|switch|p1a: Heatran|Heatran, F|100\/100\n|turn|2\n|\n|t:|1665373551\n|move|p2b: Grimmsnarl|Light Screen|p2b: Grimmsnarl\n|-sidestart|p2: Dragon246|move: Light Screen\n|move|p2a: Dragapult|Flamethrower|p1b: Rillaboom\n|-supereffective|p1b: Rillaboom\n|-damage|p1b: Rillaboom|35\/100\n|move|p1b: Rillaboom|U-turn|p2b: Grimmsnarl\n|-damage|p2b: Grimmsnarl|69\/100\n|\n|t:|1665373558\n|switch|p1b: Urshifu|Urshifu-Rapid-Strike, M|100\/100|[from]move: U-turn\n|move|p1a: Heatran|Stealth Rock|p2a: Dragapult\n|-sidestart|p2: Dragon246|move: Stealth Rock\n|\n|-heal|p2a: Dragapult|43\/100|[from] Grassy Terrain\n|-heal|p2b: Grimmsnarl|75\/100|[from] Grassy Terrain\n|upkeep\n|turn|3\n|\n|t:|1665373575\n|switch|p2a: Rillaboom|Rillaboom, M|100\/100\n|-damage|p2a: Rillaboom|88\/100|[from] Stealth Rock\n|-enditem|p2a: Rillaboom|Grassy Seed\n|-boost|p2a: Rillaboom|def|1|[from] item: Grassy Seed\n|move|p2b: Grimmsnarl|Reflect|p2b: Grimmsnarl\n|-sidestart|p2: Dragon246|Reflect\n|move|p1b: Urshifu|Surging Strikes|p2b: Grimmsnarl\n|-crit|p2b: Grimmsnarl\n|-damage|p2b: Grimmsnarl|49\/100\n|-crit|p2b: Grimmsnarl\n|-damage|p2b: Grimmsnarl|24\/100\n|-crit|p2b: Grimmsnarl\n|-damage|p2b: Grimmsnarl|0 fnt\n|faint|p2b: Grimmsnarl\n|-hitcount|p2: Grimmsnarl|3\n|-damage|p1b: Urshifu|91\/100|[from] item: Life Orb\n|move|p1a: Heatran|Heat Wave|p2a: Rillaboom\n|-supereffective|p2a: Rillaboom\n|-damage|p2a: Rillaboom|10\/100\n|\n|-heal|p1b: Urshifu|97\/100|[from] Grassy Terrain\n|-heal|p2a: Rillaboom|17\/100|[from] Grassy Terrain\n|upkeep\n|\n|t:|1665373592\n|switch|p2b: Kyurem|Kyurem-Black|100\/100\n|-damage|p2b: Kyurem|76\/100|[from] Stealth Rock\n|-ability|p2b: Kyurem|Teravolt\n|turn|4\n|\n|t:|1665373602\n|move|p1b: Urshifu|Protect|p1b: Urshifu\n|-singleturn|p1b: Urshifu|Protect\n|move|p2a: Rillaboom|Fake Out|p1b: Urshifu\n|-activate|p1b: Urshifu|move: Protect\n|move|p2b: Kyurem|Dragon Dance|p2b: Kyurem\n|-boost|p2b: Kyurem|atk|1\n|-boost|p2b: Kyurem|spe|1\n|move|p1a: Heatran|Heat Wave|p2a: Rillaboom|[spread] p2a,p2b\n|-supereffective|p2a: Rillaboom\n|-damage|p2a: Rillaboom|0 fnt\n|-damage|p2b: Kyurem|52\/100\n|faint|p2a: Rillaboom\n|\n|-heal|p2b: Kyurem|58\/100|[from] Grassy Terrain\n|-heal|p1b: Urshifu|100\/100|[from] Grassy Terrain\n|upkeep\n|\n|t:|1665373610\n|switch|p2a: Dragapult|Dragapult, M|43\/100\n|-damage|p2a: Dragapult|31\/100|[from] Stealth Rock\n|turn|5\n|\n|t:|1665373617\n|move|p2b: Kyurem|Fusion Bolt|p1a: Heatran\n|-damage|p1a: Heatran|25\/100\n|-damage|p2b: Kyurem|48\/100|[from] item: Life Orb\n|move|p2a: Dragapult|Draco Meteor|p1b: Urshifu\n|-damage|p1b: Urshifu|0 fnt\n|-unboost|p2a: Dragapult|spa|2\n|faint|p1b: Urshifu\n|move|p1a: Heatran|Heat Wave|p2a: Dragapult|[spread] p2a,p2b\n|-resisted|p2a: Dragapult\n|-damage|p2a: Dragapult|16\/100\n|-damage|p2b: Kyurem|25\/100\n|\n|-heal|p2b: Kyurem|31\/100|[from] Grassy Terrain\n|-heal|p2a: Dragapult|22\/100|[from] Grassy Terrain\n|-heal|p1a: Heatran|32\/100|[from] Grassy Terrain\n|-fieldend|move: Grassy Terrain\n|upkeep\n|\n|t:|1665373625\n|switch|p1b: Rillaboom|Rillaboom, M|35\/100\n|-fieldstart|move: Grassy Terrain|[from] ability: Grassy Surge|[of] p1b: Rillaboom\n|turn|6\n|\n|t:|1665373640\n|move|p1b: Rillaboom|Fake Out|p2b: Kyurem\n|-damage|p2b: Kyurem|24\/100\n|cant|p2b: Kyurem|flinch\n|move|p2a: Dragapult|Draco Meteor|p1b: Rillaboom\n|-damage|p1b: Rillaboom|4\/100\n|-unboost|p2a: Dragapult|spa|2\n|move|p1a: Heatran|Heat Wave|p2b: Kyurem|[spread] p2a,p2b\n|-resisted|p2a: Dragapult\n|-damage|p2a: Dragapult|6\/100\n|-damage|p2b: Kyurem|0 fnt\n|faint|p2b: Kyurem\n|\n|-heal|p2a: Dragapult|12\/100|[from] Grassy Terrain\n|-heal|p1b: Rillaboom|11\/100|[from] Grassy Terrain\n|-heal|p1a: Heatran|38\/100|[from] Grassy Terrain\n|upkeep\n|\n|t:|1665373647\n|switch|p2b: Ninetales|Ninetales-Alola, M|100\/100\n|-damage|p2b: Ninetales|76\/100|[from] Stealth Rock\n|-weather|Hail|[from] ability: Snow Warning|[of] p2b: Ninetales\n|turn|7\n|\n|t:|1665373658\n|move|p2b: Ninetales|Protect|p2b: Ninetales\n|-singleturn|p2b: Ninetales|Protect\n|move|p1b: Rillaboom|Grassy Glide|p2a: Dragapult\n|-resisted|p2a: Dragapult\n|-damage|p2a: Dragapult|0 fnt\n|faint|p2a: Dragapult\n|move|p1a: Heatran|Heat Wave|p2b: Ninetales\n|-activate|p2b: Ninetales|move: Protect\n|\n|-weather|Hail|[upkeep]\n|-damage|p1b: Rillaboom|4\/100|[from] Hail\n|-heal|p2b: Ninetales|82\/100|[from] Grassy Terrain\n|-heal|p1b: Rillaboom|11\/100|[from] Grassy Terrain\n|-heal|p1a: Heatran|44\/100|[from] Grassy Terrain\n|upkeep\n|\n|t:|1665373662\n|switch|p2a: Sandslash|Sandslash-Alola, M|100\/100\n|-damage|p2a: Sandslash|88\/100|[from] Stealth Rock\n|turn|8\n|\n|t:|1665373672\n|switch|p1b: Zygarde|Zygarde|100\/100\n|-ability|p1b: Zygarde|Aura Break\n|switch|p1a: Naganadel|Naganadel|100\/100\n|move|p2a: Sandslash|Earthquake|p1a: Naganadel|[spread] p2b,p1a,p1b\n|-supereffective|p1a: Naganadel\n|-damage|p2b: Ninetales|67\/100\n|-damage|p1a: Naganadel|54\/100\n|-damage|p1b: Zygarde|88\/100\n|-damage|p2a: Sandslash|78\/100|[from] item: Life Orb\n|move|p2b: Ninetales|Blizzard|p1b: Zygarde|[spread] p1a,p1b\n|-supereffective|p1a: Naganadel\n|-supereffective|p1b: Zygarde\n|-damage|p1a: Naganadel|0 fnt\n|-damage|p1b: Zygarde|0 fnt\n|faint|p1a: Naganadel\n|faint|p1b: Zygarde\n|-damage|p2b: Ninetales|57\/100|[from] item: Life Orb\n|\n|-weather|Hail|[upkeep]\n|-heal|p2a: Sandslash|84\/100|[from] Grassy Terrain\n|-heal|p2b: Ninetales|63\/100|[from] Grassy Terrain\n|upkeep\n|\n|t:|1665373678\n|switch|p1a: Heatran|Heatran, F|44\/100\n|switch|p1b: Rillaboom|Rillaboom, M|11\/100\n|turn|9\n|\n|t:|1665373682\n|move|p1b: Rillaboom|Fake Out|p2a: Sandslash\n|-resisted|p2a: Sandslash\n|-damage|p2a: Sandslash|80\/100\n|cant|p2a: Sandslash|flinch\n|move|p2b: Ninetales|Blizzard|p1b: Rillaboom|[spread] p1a,p1b\n|-resisted|p1a: Heatran\n|-supereffective|p1b: Rillaboom\n|-damage|p1a: Heatran|35\/100\n|-damage|p1b: Rillaboom|0 fnt\n|faint|p1b: Rillaboom\n|-damage|p2b: Ninetales|53\/100|[from] item: Life Orb\n|move|p1a: Heatran|Heat Wave|p2a: Sandslash|[spread] p2a,p2b\n|-supereffective|p2a: Sandslash\n|-supereffective|p2b: Ninetales\n|-crit|p2b: Ninetales\n|-damage|p2a: Sandslash|0 fnt\n|-damage|p2b: Ninetales|0 fnt\n|faint|p2a: Sandslash\n|faint|p2b: Ninetales\n|\n|win|Darkman64\n|n|\u2606Darkman64|darkman64\n|n|\u2606Dragon246|dragon246\n|n|*Lady Monita \u263d|ladymonita\n|l|*Lady Monita \u263d\n|c|\u2606Dragon246|Gg\n|c|\u2606Darkman64|gg\n|l|\u2606Darkman64\n|l|\u2606Dragon246\n|j|\u2606Darkman64\n|player|p1|Darkman64|juan\n","uploadtime":1665373722,"views":2,"p1id":"darkman64","p2id":"dragon246","formatid":"gen8doublesou","rating":0,"private":0,"password":null}