{"id":"gen8nationaldex-1576304304","p1":"TestingTesting1","p2":"FIRE LORD AESON!","format":"gen8nationaldex","log":"|j|\u2606TestingTesting1\n|j|\u2606FIRE LORD AESON!\n|t:|1652735478\n|gametype|singles\n|player|p1|TestingTesting1|169|1846\n|player|p2|FIRE LORD AESON!|red-gen1|1774\n|teamsize|p1|6\n|teamsize|p2|6\n|gen|8\n|tier|[Gen 8] National Dex\n|rated|\n|rule|HP Percentage Mod: HP is shown in percentages\n|rule|Endless Battle Clause: Forcing endless battles is banned\n|rule|OHKO Clause: OHKO moves are banned\n|rule|Evasion Moves Clause: Evasion moves are banned\n|rule|Species Clause: Limit one of each Pok\u00e9mon\n|rule|Dynamax Clause: You cannot dynamax\n|rule|Sleep Clause Mod: Limit one foe put to sleep\n|clearpoke\n|poke|p1|Pelipper, F|\n|poke|p1|Urshifu-*, M|\n|poke|p1|Charizard, M|\n|poke|p1|Darmanitan, M|\n|poke|p1|Hippowdon, F|\n|poke|p1|Excadrill, M|\n|poke|p2|Hippowdon, F|\n|poke|p2|Dracozolt|\n|poke|p2|Stoutland, F|\n|poke|p2|Altaria, F|\n|poke|p2|Slowking, F|\n|poke|p2|Skarmory, M|\n|teampreview\n|c|\u2606FIRE LORD AESON!|Heh....nice team\n|c|\u2606TestingTesting1|thanks\n|\n|t:|1652735511\n|start\n|switch|p1a: Pelipper|Pelipper, F|100\/100\n|switch|p2a: Altaria|Altaria, F|100\/100\n|-weather|RainDance|[from] ability: Drizzle|[of] p1a: Pelipper\n|turn|1\n|\n|t:|1652735517\n|detailschange|p2a: Altaria|Altaria-Mega, F\n|-mega|p2a: Altaria|Altaria|Altarianite\n|move|p1a: Pelipper|Hurricane|p2a: Altaria\n|-damage|p2a: Altaria|29\/100\n|move|p2a: Altaria|Hyper Voice|p1a: Pelipper\n|-damage|p1a: Pelipper|11\/100\n|\n|-weather|RainDance|[upkeep]\n|upkeep\n|turn|2\n|\n|t:|1652735528\n|switch|p2a: Hippowdon|Hippowdon, F|100\/100\n|-weather|Sandstorm|[from] ability: Sand Stream|[of] p2a: Hippowdon\n|move|p1a: Pelipper|Hurricane|p2a: Hippowdon|[miss]\n|-miss|p1a: Pelipper|p2a: Hippowdon\n|\n|-weather|Sandstorm|[upkeep]\n|-damage|p1a: Pelipper|5\/100|[from] Sandstorm\n|upkeep\n|turn|3\n|\n|t:|1652735541\n|switch|p1a: Hippowdon|Hippowdon, F|100\/100\n|move|p2a: Hippowdon|Stealth Rock|p1a: Hippowdon\n|-sidestart|p1: TestingTesting1|move: Stealth Rock\n|\n|-weather|Sandstorm|[upkeep]\n|upkeep\n|turn|4\n|\n|t:|1652735547\n|move|p1a: Hippowdon|Toxic|p2a: Hippowdon\n|-status|p2a: Hippowdon|tox\n|move|p2a: Hippowdon|Toxic|p1a: Hippowdon|[miss]\n|-miss|p2a: Hippowdon|p1a: Hippowdon\n|\n|-weather|Sandstorm|[upkeep]\n|-damage|p2a: Hippowdon|94\/100 tox|[from] psn\n|upkeep\n|turn|5\n|\n|t:|1652735556\n|switch|p1a: Excadrill|Excadrill, M|100\/100\n|-damage|p1a: Excadrill|97\/100|[from] Stealth Rock\n|switch|p2a: Altaria|Altaria-Mega, F|29\/100\n|\n|-weather|Sandstorm|[upkeep]\n|-damage|p2a: Altaria|23\/100|[from] Sandstorm\n|upkeep\n|turn|6\n|\n|t:|1652735566\n|switch|p2a: Skarmory|Skarmory, M|100\/100\n|move|p1a: Excadrill|Rapid Spin|p2a: Skarmory\n|-resisted|p2a: Skarmory\n|-damage|p2a: Skarmory|96\/100\n|-boost|p1a: Excadrill|spe|1\n|-damage|p1a: Excadrill|81\/100|[from] item: Rocky Helmet|[of] p2a: Skarmory\n|-sideend|p1: TestingTesting1|Stealth Rock|[from] move: Rapid Spin|[of] p1a: Excadrill\n|\n|-weather|Sandstorm|[upkeep]\n|upkeep\n|turn|7\n|j| addarmournk1o90k\n|\n|t:|1652735577\n|switch|p1a: Pelipper|Pelipper, F|5\/100\n|-weather|RainDance|[from] ability: Drizzle|[of] p1a: Pelipper\n|move|p2a: Skarmory|Whirlwind|p1a: Pelipper\n|drag|p1a: Charizard|Charizard, M|100\/100\n|\n|-weather|RainDance|[upkeep]\n|upkeep\n|turn|8\n|\n|t:|1652735588\n|detailschange|p1a: Charizard|Charizard-Mega-Y, M\n|-mega|p1a: Charizard|Charizard|Charizardite Y\n|-weather|SunnyDay|[from] ability: Drought|[of] p1a: Charizard\n|move|p1a: Charizard|Weather Ball|p2a: Skarmory\n|-supereffective|p2a: Skarmory\n|-damage|p2a: Skarmory|0 fnt\n|faint|p2a: Skarmory\n|\n|-weather|SunnyDay|[upkeep]\n|upkeep\n|\n|t:|1652735593\n|switch|p2a: Hippowdon|Hippowdon, F|94\/100 tox\n|-weather|Sandstorm|[from] ability: Sand Stream|[of] p2a: Hippowdon\n|turn|9\n|\n|t:|1652735599\n|switch|p1a: Pelipper|Pelipper, F|5\/100\n|-weather|RainDance|[from] ability: Drizzle|[of] p1a: Pelipper\n|move|p2a: Hippowdon|Toxic|p1a: Pelipper\n|-status|p1a: Pelipper|tox\n|\n|-weather|RainDance|[upkeep]\n|-damage|p1a: Pelipper|0 fnt|[from] psn\n|faint|p1a: Pelipper\n|-damage|p2a: Hippowdon|88\/100 tox|[from] psn\n|upkeep\n|l| addarmournk1o90k\n|\n|t:|1652735609\n|switch|p1a: Urshifu|Urshifu-Rapid-Strike, M|100\/100\n|turn|10\n|\n|t:|1652735617\n|switch|p2a: Slowking|Slowking, F|100\/100\n|move|p1a: Urshifu|Surging Strikes|p2a: Slowking\n|-resisted|p2a: Slowking\n|-crit|p2a: Slowking\n|-damage|p2a: Slowking|86\/100\n|-resisted|p2a: Slowking\n|-crit|p2a: Slowking\n|-damage|p2a: Slowking|72\/100\n|-resisted|p2a: Slowking\n|-crit|p2a: Slowking\n|-damage|p2a: Slowking|58\/100\n|-hitcount|p2a: Slowking|3\n|\n|-weather|RainDance|[upkeep]\n|upkeep\n|turn|11\n|\n|t:|1652735628\n|move|p1a: Urshifu|Surging Strikes|p2a: Slowking\n|-resisted|p2a: Slowking\n|-crit|p2a: Slowking\n|-damage|p2a: Slowking|44\/100\n|-resisted|p2a: Slowking\n|-crit|p2a: Slowking\n|-damage|p2a: Slowking|28\/100\n|-resisted|p2a: Slowking\n|-crit|p2a: Slowking\n|-damage|p2a: Slowking|13\/100\n|-hitcount|p2a: Slowking|3\n|move|p2a: Slowking|Scald|p1a: Urshifu\n|-resisted|p1a: Urshifu\n|-damage|p1a: Urshifu|71\/100\n|-status|p1a: Urshifu|brn\n|\n|-weather|RainDance|[upkeep]\n|-damage|p1a: Urshifu|64\/100 brn|[from] brn\n|upkeep\n|turn|12\n|\n|t:|1652735651\n|switch|p1a: Hippowdon|Hippowdon, F|100\/100\n|-weather|Sandstorm|[from] ability: Sand Stream|[of] p1a: Hippowdon\n|move|p2a: Slowking|Slack Off|p2a: Slowking\n|-heal|p2a: Slowking|63\/100\n|\n|-weather|Sandstorm|[upkeep]\n|-damage|p2a: Slowking|57\/100|[from] Sandstorm\n|upkeep\n|turn|13\n|\n|t:|1652735659\n|move|p1a: Hippowdon|Toxic|p2a: Slowking\n|-status|p2a: Slowking|tox\n|move|p2a: Slowking|Scald|p1a: Hippowdon\n|-supereffective|p1a: Hippowdon\n|-damage|p1a: Hippowdon|61\/100\n|-status|p1a: Hippowdon|brn\n|\n|-weather|Sandstorm|[upkeep]\n|-damage|p2a: Slowking|51\/100 tox|[from] Sandstorm\n|-heal|p1a: Hippowdon|68\/100 brn|[from] item: Leftovers\n|-damage|p2a: Slowking|45\/100 tox|[from] psn\n|-damage|p1a: Hippowdon|61\/100 brn|[from] brn\n|upkeep\n|turn|14\n|\n|t:|1652735670\n|move|p1a: Hippowdon|Stealth Rock|p2a: Slowking\n|-sidestart|p2: FIRE LORD AESON!|move: Stealth Rock\n|move|p2a: Slowking|Teleport|p2a: Slowking\n|\n|t:|1652735680\n|switch|p2a: Altaria|Altaria-Mega, F|23\/100|[from]move: Teleport\n|-damage|p2a: Altaria|10\/100|[from] Stealth Rock\n|\n|-weather|Sandstorm|[upkeep]\n|-damage|p2a: Altaria|4\/100|[from] Sandstorm\n|-heal|p1a: Hippowdon|68\/100 brn|[from] item: Leftovers\n|-damage|p1a: Hippowdon|61\/100 brn|[from] brn\n|upkeep\n|turn|15\n|\n|t:|1652735702\n|switch|p1a: Excadrill|Excadrill, M|81\/100\n|move|p2a: Altaria|Roost|p2a: Altaria\n|-heal|p2a: Altaria|54\/100\n|-singleturn|p2a: Altaria|move: Roost\n|\n|-weather|Sandstorm|[upkeep]\n|-damage|p2a: Altaria|48\/100|[from] Sandstorm\n|upkeep\n|turn|16\n|\n|t:|1652735721\n|move|p1a: Excadrill|Swords Dance|p1a: Excadrill\n|-boost|p1a: Excadrill|atk|2\n|move|p2a: Altaria|Fire Blast|p1a: Excadrill\n|-supereffective|p1a: Excadrill\n|-damage|p1a: Excadrill|0 fnt\n|faint|p1a: Excadrill\n|\n|-weather|none\n|upkeep\n|\n|t:|1652735733\n|switch|p1a: Charizard|Charizard-Mega-Y, M|100\/100\n|-weather|SunnyDay|[from] ability: Drought|[of] p1a: Charizard\n|turn|17\n|j| ewic\n|\n|t:|1652735748\n|move|p1a: Charizard|Weather Ball|p2a: Altaria\n|-resisted|p2a: Altaria\n|-damage|p2a: Altaria|8\/100\n|move|p2a: Altaria|Roost|p2a: Altaria\n|-heal|p2a: Altaria|58\/100\n|-singleturn|p2a: Altaria|move: Roost\n|\n|-weather|SunnyDay|[upkeep]\n|upkeep\n|turn|18\n|\n|t:|1652735757\n|switch|p1a: Hippowdon|Hippowdon, F|61\/100 brn\n|-weather|Sandstorm|[from] ability: Sand Stream|[of] p1a: Hippowdon\n|move|p2a: Altaria|Roost|p2a: Altaria\n|-heal|p2a: Altaria|100\/100\n|-singleturn|p2a: Altaria|move: Roost\n|\n|-weather|Sandstorm|[upkeep]\n|-damage|p2a: Altaria|94\/100|[from] Sandstorm\n|-heal|p1a: Hippowdon|68\/100 brn|[from] item: Leftovers\n|-damage|p1a: Hippowdon|61\/100 brn|[from] brn\n|upkeep\n|turn|19\n|\n|t:|1652735767\n|move|p2a: Altaria|Heal Bell|p2a: Altaria\n|-activate|p2a: Altaria|move: Heal Bell\n|-curestatus|p2: Hippowdon|tox|[msg]\n|-curestatus|p2: Slowking|tox|[msg]\n|move|p1a: Hippowdon|Toxic|p2a: Altaria\n|-status|p2a: Altaria|tox\n|\n|-weather|Sandstorm|[upkeep]\n|-damage|p2a: Altaria|88\/100 tox|[from] Sandstorm\n|-heal|p1a: Hippowdon|68\/100 brn|[from] item: Leftovers\n|-damage|p2a: Altaria|82\/100 tox|[from] psn\n|-damage|p1a: Hippowdon|61\/100 brn|[from] brn\n|upkeep\n|turn|20\n|\n|t:|1652735778\n|move|p2a: Altaria|Hyper Voice|p1a: Hippowdon\n|-damage|p1a: Hippowdon|23\/100 brn\n|move|p1a: Hippowdon|Slack Off|p1a: Hippowdon\n|-heal|p1a: Hippowdon|73\/100 brn\n|\n|-weather|Sandstorm|[upkeep]\n|-damage|p2a: Altaria|76\/100 tox|[from] Sandstorm\n|-heal|p1a: Hippowdon|79\/100 brn|[from] item: Leftovers\n|-damage|p2a: Altaria|63\/100 tox|[from] psn\n|-damage|p1a: Hippowdon|73\/100 brn|[from] brn\n|upkeep\n|turn|21\n|\n|t:|1652735789\n|move|p2a: Altaria|Heal Bell|p2a: Altaria\n|-activate|p2a: Altaria|move: Heal Bell\n|-curestatus|p2a: Altaria|tox|[msg]\n|move|p1a: Hippowdon|Slack Off|p1a: Hippowdon\n|-heal|p1a: Hippowdon|100\/100 brn\n|\n|-weather|Sandstorm|[upkeep]\n|-damage|p2a: Altaria|57\/100|[from] Sandstorm\n|-damage|p1a: Hippowdon|94\/100 brn|[from] brn\n|upkeep\n|turn|22\n|\n|t:|1652735798\n|move|p2a: Altaria|Roost|p2a: Altaria\n|-heal|p2a: Altaria|100\/100\n|-singleturn|p2a: Altaria|move: Roost\n|move|p1a: Hippowdon|Toxic|p2a: Altaria\n|-status|p2a: Altaria|tox\n|\n|-weather|none\n|-heal|p1a: Hippowdon|100\/100 brn|[from] item: Leftovers\n|-damage|p2a: Altaria|94\/100 tox|[from] psn\n|-damage|p1a: Hippowdon|94\/100 brn|[from] brn\n|upkeep\n|turn|23\n|\n|t:|1652735807\n|move|p2a: Altaria|Hyper Voice|p1a: Hippowdon\n|-damage|p1a: Hippowdon|57\/100 brn\n|move|p1a: Hippowdon|Toxic|p2a: Altaria|[miss]\n|-miss|p1a: Hippowdon|p2a: Altaria\n|\n|-heal|p1a: Hippowdon|63\/100 brn|[from] item: Leftovers\n|-damage|p2a: Altaria|82\/100 tox|[from] psn\n|-damage|p1a: Hippowdon|57\/100 brn|[from] brn\n|upkeep\n|turn|24\n|\n|t:|1652735815\n|switch|p2a: Hippowdon|Hippowdon, F|88\/100\n|-damage|p2a: Hippowdon|82\/100|[from] Stealth Rock\n|-weather|Sandstorm|[from] ability: Sand Stream|[of] p2a: Hippowdon\n|move|p1a: Hippowdon|Slack Off|p1a: Hippowdon\n|-heal|p1a: Hippowdon|100\/100 brn\n|\n|-weather|Sandstorm|[upkeep]\n|-damage|p1a: Hippowdon|94\/100 brn|[from] brn\n|upkeep\n|turn|25\n|\n|t:|1652735825\n|switch|p1a: Charizard|Charizard-Mega-Y, M|100\/100\n|-weather|SunnyDay|[from] ability: Drought|[of] p1a: Charizard\n|move|p2a: Hippowdon|Stealth Rock|p1a: Charizard\n|-sidestart|p1: TestingTesting1|move: Stealth Rock\n|\n|-weather|SunnyDay|[upkeep]\n|upkeep\n|turn|26\n|\n|t:|1652735835\n|switch|p2a: Slowking|Slowking, F|78\/100\n|-damage|p2a: Slowking|65\/100|[from] Stealth Rock\n|move|p1a: Charizard|Weather Ball|p2a: Slowking\n|-resisted|p2a: Slowking\n|-damage|p2a: Slowking|38\/100\n|\n|-weather|SunnyDay|[upkeep]\n|upkeep\n|turn|27\n|\n|t:|1652735843\n|switch|p2a: Hippowdon|Hippowdon, F|82\/100\n|-damage|p2a: Hippowdon|76\/100|[from] Stealth Rock\n|-weather|Sandstorm|[from] ability: Sand Stream|[of] p2a: Hippowdon\n|move|p1a: Charizard|Solar Beam||[still]\n|-prepare|p1a: Charizard|Solar Beam\n|\n|-weather|Sandstorm|[upkeep]\n|-damage|p1a: Charizard|94\/100|[from] Sandstorm\n|upkeep\n|turn|28\n|\n|t:|1652735853\n|switch|p2a: Altaria|Altaria-Mega, F|82\/100 tox\n|-damage|p2a: Altaria|69\/100 tox|[from] Stealth Rock\n|move|p1a: Charizard|Solar Beam|p2a: Altaria|[from]lockedmove\n|-resisted|p2a: Altaria\n|-damage|p2a: Altaria|58\/100 tox\n|\n|-weather|Sandstorm|[upkeep]\n|-damage|p1a: Charizard|88\/100|[from] Sandstorm\n|-damage|p2a: Altaria|52\/100 tox|[from] Sandstorm\n|-damage|p2a: Altaria|46\/100 tox|[from] psn\n|upkeep\n|turn|29\n|\n|t:|1652735863\n|move|p1a: Charizard|Weather Ball|p2a: Altaria\n|-damage|p2a: Altaria|9\/100 tox\n|move|p2a: Altaria|Roost|p2a: Altaria\n|-heal|p2a: Altaria|59\/100 tox\n|-singleturn|p2a: Altaria|move: Roost\n|\n|-weather|Sandstorm|[upkeep]\n|-damage|p1a: Charizard|82\/100|[from] Sandstorm\n|-damage|p2a: Altaria|53\/100 tox|[from] Sandstorm\n|-damage|p2a: Altaria|40\/100 tox|[from] psn\n|upkeep\n|turn|30\n|\n|t:|1652735883\n|switch|p2a: Slowking|Slowking, F|72\/100\n|-damage|p2a: Slowking|59\/100|[from] Stealth Rock\n|move|p1a: Charizard|Roost|p1a: Charizard\n|-heal|p1a: Charizard|100\/100\n|-singleturn|p1a: Charizard|move: Roost\n|\n|-weather|Sandstorm|[upkeep]\n|-damage|p1a: Charizard|94\/100|[from] Sandstorm\n|-damage|p2a: Slowking|53\/100|[from] Sandstorm\n|upkeep\n|turn|31\n|\n|t:|1652735894\n|switch|p1a: Urshifu|Urshifu-Rapid-Strike, M|64\/100 brn\n|-damage|p1a: Urshifu|58\/100 brn|[from] Stealth Rock\n|move|p2a: Slowking|Slack Off|p2a: Slowking\n|-heal|p2a: Slowking|100\/100\n|\n|-weather|Sandstorm|[upkeep]\n|-damage|p1a: Urshifu|52\/100 brn|[from] Sandstorm\n|-damage|p2a: Slowking|94\/100|[from] Sandstorm\n|-damage|p1a: Urshifu|46\/100 brn|[from] brn\n|upkeep\n|turn|32\n|\n|t:|1652735911\n|move|p1a: Urshifu|Surging Strikes|p2a: Slowking\n|-resisted|p2a: Slowking\n|-crit|p2a: Slowking\n|-damage|p2a: Slowking|89\/100\n|-resisted|p2a: Slowking\n|-crit|p2a: Slowking\n|-damage|p2a: Slowking|84\/100\n|-resisted|p2a: Slowking\n|-crit|p2a: Slowking\n|-damage|p2a: Slowking|79\/100\n|-hitcount|p2a: Slowking|3\n|move|p2a: Slowking|Teleport|p2a: Slowking\n|\n|t:|1652735915\n|switch|p2a: Dracozolt|Dracozolt|100\/100|[from]move: Teleport\n|-damage|p2a: Dracozolt|88\/100|[from] Stealth Rock\n|\n|-weather|Sandstorm|[upkeep]\n|-damage|p1a: Urshifu|40\/100 brn|[from] Sandstorm\n|-damage|p1a: Urshifu|34\/100 brn|[from] brn\n|upkeep\n|turn|33\n|\n|t:|1652735926\n|move|p2a: Dracozolt|Substitute|p2a: Dracozolt\n|-start|p2a: Dracozolt|Substitute\n|-damage|p2a: Dracozolt|63\/100\n|move|p1a: Urshifu|Surging Strikes|p2a: Dracozolt\n|-resisted|p2a: Dracozolt\n|-crit|p2a: Dracozolt\n|-activate|p2a: Dracozolt|move: Substitute|[damage]\n|-resisted|p2a: Dracozolt\n|-crit|p2a: Dracozolt\n|-activate|p2a: Dracozolt|move: Substitute|[damage]\n|-resisted|p2a: Dracozolt\n|-crit|p2a: Dracozolt\n|-activate|p2a: Dracozolt|move: Substitute|[damage]\n|-hitcount|p2a: Dracozolt|3\n|\n|-weather|Sandstorm|[upkeep]\n|-damage|p1a: Urshifu|27\/100 brn|[from] Sandstorm\n|-damage|p1a: Urshifu|21\/100 brn|[from] brn\n|upkeep\n|turn|34\n|\n|t:|1652735939\n|move|p2a: Dracozolt|Bolt Beak|p1a: Urshifu\n|-supereffective|p1a: Urshifu\n|-damage|p1a: Urshifu|0 fnt\n|faint|p1a: Urshifu\n|\n|-weather|none\n|upkeep\n|\n|t:|1652735944\n|switch|p1a: Hippowdon|Hippowdon, F|94\/100 brn\n|-damage|p1a: Hippowdon|88\/100 brn|[from] Stealth Rock\n|-weather|Sandstorm|[from] ability: Sand Stream|[of] p1a: Hippowdon\n|turn|35\n|\n|t:|1652735957\n|-zpower|p2a: Dracozolt\n|move|p2a: Dracozolt|Devastating Drake|p1a: Hippowdon|[zeffect]\n|-damage|p1a: Hippowdon|27\/100 brn\n|move|p1a: Hippowdon|Earthquake|p2a: Dracozolt\n|-supereffective|p2a: Dracozolt\n|-end|p2a: Dracozolt|Substitute\n|\n|-weather|Sandstorm|[upkeep]\n|-heal|p1a: Hippowdon|33\/100 brn|[from] item: Leftovers\n|-damage|p1a: Hippowdon|27\/100 brn|[from] brn\n|upkeep\n|turn|36\n|\n|t:|1652735969\n|switch|p1a: Darmanitan|Darmanitan, M|100\/100\n|-damage|p1a: Darmanitan|76\/100|[from] Stealth Rock\n|move|p2a: Dracozolt|Outrage|p1a: Darmanitan\n|-damage|p1a: Darmanitan|0 fnt\n|faint|p1a: Darmanitan\n|\n|-weather|Sandstorm|[upkeep]\n|upkeep\n|\n|t:|1652735977\n|switch|p1a: Charizard|Charizard-Mega-Y, M|94\/100\n|-damage|p1a: Charizard|45\/100|[from] Stealth Rock\n|-weather|SunnyDay|[from] ability: Drought|[of] p1a: Charizard\n|turn|37\n|\n|t:|1652735982\n|move|p1a: Charizard|Focus Blast|p2a: Dracozolt\n|-damage|p2a: Dracozolt|0 fnt\n|faint|p2a: Dracozolt\n|\n|-weather|SunnyDay|[upkeep]\n|upkeep\n|\n|t:|1652735997\n|switch|p2a: Hippowdon|Hippowdon, F|76\/100\n|-damage|p2a: Hippowdon|70\/100|[from] Stealth Rock\n|-weather|Sandstorm|[from] ability: Sand Stream|[of] p2a: Hippowdon\n|turn|38\n|\n|t:|1652736011\n|move|p1a: Charizard|Focus Blast|p2a: Hippowdon\n|-damage|p2a: Hippowdon|35\/100\n|move|p2a: Hippowdon|Earthquake|p1a: Charizard\n|-immune|p1a: Charizard\n|\n|-weather|Sandstorm|[upkeep]\n|-damage|p1a: Charizard|39\/100|[from] Sandstorm\n|upkeep\n|turn|39\n|\n|t:|1652736018\n|move|p1a: Charizard|Focus Blast|p2a: Hippowdon\n|-damage|p2a: Hippowdon|1\/100\n|move|p2a: Hippowdon|Toxic|p1a: Charizard\n|-status|p1a: Charizard|tox\n|\n|-weather|Sandstorm|[upkeep]\n|-damage|p1a: Charizard|32\/100 tox|[from] Sandstorm\n|-damage|p1a: Charizard|26\/100 tox|[from] psn\n|upkeep\n|turn|40\n|\n|t:|1652736026\n|move|p1a: Charizard|Weather Ball|p2a: Hippowdon\n|-resisted|p2a: Hippowdon\n|-damage|p2a: Hippowdon|0 fnt\n|faint|p2a: Hippowdon\n|\n|-weather|Sandstorm|[upkeep]\n|-damage|p1a: Charizard|20\/100 tox|[from] Sandstorm\n|-damage|p1a: Charizard|8\/100 tox|[from] psn\n|upkeep\n|\n|t:|1652736028\n|switch|p2a: Stoutland|Stoutland, F|100\/100\n|-damage|p2a: Stoutland|88\/100|[from] Stealth Rock\n|turn|41\n|\n|t:|1652736036\n|move|p2a: Stoutland|Return|p1a: Charizard\n|-damage|p1a: Charizard|0 fnt\n|faint|p1a: Charizard\n|\n|-weather|Sandstorm|[upkeep]\n|upkeep\n|-message|TestingTesting1 forfeited.\n|\n|win|FIRE LORD AESON!\n|raw|TestingTesting1's rating: 1846 &rarr; <strong>1822<\/strong><br \/>(-24 for losing)\n|raw|FIRE LORD AESON!'s rating: 1774 &rarr; <strong>1798<\/strong><br \/>(+24 for winning)\n|l|\u2606TestingTesting1\n|l| ewic\n||Ladder isn't responding, score probably updated but might not have (Request timeout).\n|j| ewic\n|l| ewic\n","uploadtime":1652736092,"views":29,"p1id":"testingtesting1","p2id":"firelordaeson","formatid":"gen8nationaldex","rating":1798,"private":0,"password":null}