{"id":"gen8nationaldex-1691889808","p1":"TryHonesty","p2":"CodieneJoe","format":"gen8nationaldex","log":"|j|\u2606TryHonesty\n|j|\u2606CodieneJoe\n|t:|1666422755\n|gametype|singles\n|player|p1|TryHonesty|265|1371\n|player|p2|CodieneJoe|blaine|1325\n|teamsize|p1|6\n|teamsize|p2|6\n|gen|8\n|tier|[Gen 8] National Dex\n|rated|\n|rule|HP Percentage Mod: HP is shown in percentages\n|rule|Endless Battle Clause: Forcing endless battles is banned\n|rule|OHKO Clause: OHKO moves are banned\n|rule|Evasion Moves Clause: Evasion moves are banned\n|rule|Species Clause: Limit one of each Pok\u00e9mon\n|rule|Dynamax Clause: You cannot dynamax\n|rule|Sleep Clause Mod: Limit one foe put to sleep\n|clearpoke\n|poke|p1|Houndoom, M|\n|poke|p1|Zapdos|\n|poke|p1|Torkoal, M|\n|poke|p1|Kartana|\n|poke|p1|Venusaur, M|\n|poke|p1|Exeggutor-Alola, M|\n|poke|p2|Cloyster, F|\n|poke|p2|Dragonite, F|\n|poke|p2|Heatran, M|\n|poke|p2|Thundurus-Therian, M|\n|poke|p2|Grimmsnarl, M|\n|poke|p2|Durant, M|\n|teampreview\n|inactive|Battle timer is ON: inactive players will automatically lose when time's up. (requested by CodieneJoe)\n|\n|t:|1666422764\n|start\n|switch|p1a: Torkoal|Torkoal, M|100\/100\n|switch|p2a: Grimmsnarl|Grimmsnarl, M|100\/100\n|-weather|SunnyDay|[from] ability: Drought|[of] p1a: Torkoal\n|turn|1\n|\n|t:|1666422771\n|switch|p1a: Houndoom|Houndoom, M|100\/100\n|move|p2a: Grimmsnarl|Taunt|p1a: Houndoom\n|-hint|Since gen 7, Dark is immune to Prankster moves.\n|-immune|p1a: Houndoom\n|\n|-weather|SunnyDay|[upkeep]\n|upkeep\n|turn|2\n|\n|t:|1666422785\n|detailschange|p1a: Houndoom|Houndoom-Mega, M\n|-mega|p1a: Houndoom|Houndoom|Houndoominite\n|move|p2a: Grimmsnarl|Light Screen|p2a: Grimmsnarl\n|-sidestart|p2: CodieneJoe|move: Light Screen\n|move|p1a: Houndoom|Flamethrower|p2a: Grimmsnarl\n|-damage|p2a: Grimmsnarl|59\/100\n|\n|-weather|SunnyDay|[upkeep]\n|-damage|p1a: Houndoom|88\/100|[from] ability: Solar Power|[of] p1a: Houndoom\n|upkeep\n|turn|3\n|\n|t:|1666422800\n|switch|p1a: Zapdos|Zapdos|100\/100\n|move|p2a: Grimmsnarl|Spirit Break|p1a: Zapdos\n|-damage|p1a: Zapdos|78\/100\n|-unboost|p1a: Zapdos|spa|1\n|\n|-weather|SunnyDay|[upkeep]\n|upkeep\n|turn|4\n|\n|t:|1666422808\n|move|p2a: Grimmsnarl|Taunt|p1a: Zapdos\n|-start|p1a: Zapdos|move: Taunt\n|cant|p1a: Zapdos|move: Taunt|Defog\n|\n|-weather|SunnyDay|[upkeep]\n|upkeep\n|turn|5\n|\n|t:|1666422816\n|move|p1a: Zapdos|Volt Switch|p2a: Grimmsnarl\n|-damage|p2a: Grimmsnarl|52\/100\n|\n|t:|1666422820\n|switch|p1a: Kartana|Kartana|100\/100|[from]move: Volt Switch\n|move|p2a: Grimmsnarl|Spirit Break|p1a: Kartana\n|-resisted|p1a: Kartana\n|-damage|p1a: Kartana|86\/100\n|-unboost|p1a: Kartana|spa|1\n|\n|-weather|SunnyDay|[upkeep]\n|upkeep\n|turn|6\n|\n|t:|1666422833\n|move|p2a: Grimmsnarl|Reflect|p2a: Grimmsnarl\n|-sidestart|p2: CodieneJoe|Reflect\n|move|p1a: Kartana|Smart Strike|p2a: Grimmsnarl\n|-supereffective|p2a: Grimmsnarl\n|-damage|p2a: Grimmsnarl|0 fnt\n|faint|p2a: Grimmsnarl\n|-ability|p1a: Kartana|Beast Boost|boost\n|-boost|p1a: Kartana|atk|1\n|\n|-weather|SunnyDay|[upkeep]\n|upkeep\n|\n|t:|1666422844\n|switch|p2a: Heatran|Heatran, M|100\/100\n|-item|p2a: Heatran|Air Balloon\n|turn|7\n|\n|t:|1666422850\n|move|p1a: Kartana|Smart Strike|p2a: Heatran\n|-resisted|p2a: Heatran\n|-damage|p2a: Heatran|93\/100\n|-enditem|p2a: Heatran|Air Balloon\n|move|p2a: Heatran|Flame Charge|p1a: Kartana\n|-supereffective|p1a: Kartana\n|-damage|p1a: Kartana|0 fnt\n|-boost|p2a: Heatran|spe|1\n|faint|p1a: Kartana\n|\n|-weather|SunnyDay|[upkeep]\n|upkeep\n|\n|t:|1666422859\n|switch|p1a: Venusaur|Venusaur, M|100\/100\n|turn|8\n|\n|t:|1666422866\n|move|p1a: Venusaur|Earth Power|p2a: Heatran\n|-supereffective|p2a: Heatran\n|-damage|p2a: Heatran|30\/100\n|-damage|p1a: Venusaur|91\/100|[from] item: Life Orb\n|move|p2a: Heatran|Flame Charge|p1a: Venusaur\n|-supereffective|p1a: Venusaur\n|-damage|p1a: Venusaur|0 fnt\n|-boost|p2a: Heatran|spe|1\n|faint|p1a: Venusaur\n|\n|-weather|none\n|upkeep\n|\n|t:|1666422885\n|switch|p1a: Torkoal|Torkoal, M|100\/100\n|-weather|SunnyDay|[from] ability: Drought|[of] p1a: Torkoal\n|turn|9\n|\n|t:|1666422889\n|move|p2a: Heatran|Earthquake|p1a: Torkoal\n|-supereffective|p1a: Torkoal\n|-damage|p1a: Torkoal|67\/100\n|move|p1a: Torkoal|Stealth Rock|p2a: Heatran\n|-sidestart|p2: CodieneJoe|move: Stealth Rock\n|\n|-weather|SunnyDay|[upkeep]\n|-sideend|p2: CodieneJoe|move: Light Screen\n|upkeep\n|turn|10\n|\n|t:|1666422900\n|switch|p1a: Exeggutor|Exeggutor-Alola, M|100\/100\n|move|p2a: Heatran|Stealth Rock|p1a: Exeggutor\n|-sidestart|p1: TryHonesty|move: Stealth Rock\n|\n|-weather|SunnyDay|[upkeep]\n|upkeep\n|turn|11\n|\n|t:|1666422908\n|move|p2a: Heatran|Flame Charge|p1a: Exeggutor\n|-damage|p1a: Exeggutor|64\/100\n|-boost|p2a: Heatran|spe|1\n|move|p1a: Exeggutor|Draco Meteor|p2a: Heatran\n|-resisted|p2a: Heatran\n|-damage|p2a: Heatran|0 fnt\n|-unboost|p1a: Exeggutor|spa|2\n|faint|p2a: Heatran\n|\n|-weather|SunnyDay|[upkeep]\n|upkeep\n|\n|t:|1666422916\n|switch|p2a: Durant|Durant, M|100\/100\n|-damage|p2a: Durant|88\/100|[from] Stealth Rock\n|turn|12\n|\n|t:|1666422920\n|move|p2a: Durant|Entrainment|p1a: Exeggutor\n|-endability|p1a: Exeggutor|Harvest|[from] move: Entrainment\n|-ability|p1a: Exeggutor|Truant|[from] move: Entrainment\n|move|p1a: Exeggutor|Flamethrower|p2a: Durant\n|-supereffective|p2a: Durant\n|-damage|p2a: Durant|0 fnt\n|faint|p2a: Durant\n|\n|-weather|SunnyDay|[upkeep]\n|upkeep\n|\n|t:|1666422926\n|switch|p2a: Cloyster|Cloyster, F|100\/100\n|turn|13\n|\n|t:|1666422935\n|move|p2a: Cloyster|Shell Smash|p2a: Cloyster\n|-unboost|p2a: Cloyster|def|1\n|-unboost|p2a: Cloyster|spd|1\n|-boost|p2a: Cloyster|atk|2\n|-boost|p2a: Cloyster|spa|2\n|-boost|p2a: Cloyster|spe|2\n|cant|p1a: Exeggutor|ability: Truant\n|\n|-weather|SunnyDay|[upkeep]\n|-sideend|p2: CodieneJoe|Reflect\n|upkeep\n|turn|14\n|\n|t:|1666422943\n|move|p2a: Cloyster|Protect|p2a: Cloyster\n|-singleturn|p2a: Cloyster|Protect\n|move|p1a: Exeggutor|Flamethrower|p2a: Cloyster\n|-activate|p2a: Cloyster|move: Protect\n|\n|-weather|SunnyDay|[upkeep]\n|upkeep\n|turn|15\n|\n|t:|1666422948\n|move|p2a: Cloyster|Shell Smash|p2a: Cloyster\n|-unboost|p2a: Cloyster|def|1\n|-unboost|p2a: Cloyster|spd|1\n|-boost|p2a: Cloyster|atk|2\n|-boost|p2a: Cloyster|spa|2\n|-boost|p2a: Cloyster|spe|2\n|cant|p1a: Exeggutor|ability: Truant\n|\n|-weather|SunnyDay|[upkeep]\n|upkeep\n|turn|16\n|\n|t:|1666422956\n|switch|p1a: Zapdos|Zapdos|78\/100\n|move|p2a: Cloyster|Protect||[still]\n|-fail|p2a: Cloyster\n|\n|-weather|none\n|upkeep\n|turn|17\n|\n|t:|1666422961\n|move|p2a: Cloyster|Rock Blast|p1a: Zapdos\n|-supereffective|p1a: Zapdos\n|-damage|p1a: Zapdos|45\/100\n|-supereffective|p1a: Zapdos\n|-damage|p1a: Zapdos|14\/100\n|-supereffective|p1a: Zapdos\n|-damage|p1a: Zapdos|0 fnt\n|faint|p1a: Zapdos\n|-hitcount|p1: Zapdos|3\n|\n|upkeep\n|l|\u2606TryHonesty\n|inactive|TryHonesty disconnected and has a minute to reconnect!\n|player|p1|\n|inactive|TryHonesty has 30 seconds to reconnect!\n|l|\u2606CodieneJoe\n|inactive|CodieneJoe disconnected and has a minute to reconnect!\n|player|p2|\n|inactive|TryHonesty has 20 seconds to reconnect!\n|inactive|TryHonesty has 15 seconds to reconnect!\n|j|\u2606CodieneJoe\n|inactive|CodieneJoe reconnected.\n|player|p2|CodieneJoe|blaine\n|inactive|TryHonesty has 10 seconds to reconnect!\n|inactive|TryHonesty has 5 seconds to reconnect!\n|-message|TryHonesty lost due to inactivity.\n|\n|win|CodieneJoe\n|raw|TryHonesty's rating: 1371 &rarr; <strong>1348<\/strong><br \/>(-23 for losing)\n|raw|CodieneJoe's rating: 1325 &rarr; <strong>1348<\/strong><br \/>(+23 for winning)\n","uploadtime":1666423030,"views":7,"p1id":"tryhonesty","p2id":"codienejoe","formatid":"gen8nationaldex","rating":1348,"private":0,"password":null}