{"id":"gen8ou-1698631166","p1":"Yoink 0","p2":"Shinjou Akane","format":"gen8ou","log":"|j|\u2606Yoink 0\n|j|\u2606Shinjou Akane\n|t:|1667146922\n|gametype|singles\n|player|p1|Yoink 0|kukui|1660\n|player|p2|Shinjou Akane|nurse|1629\n|teamsize|p1|6\n|teamsize|p2|6\n|gen|8\n|tier|[Gen 8] OU\n|rated|\n|rule|Sleep Clause Mod: Limit one foe put to sleep\n|rule|Species Clause: Limit one of each Pok\u00e9mon\n|rule|OHKO Clause: OHKO moves are banned\n|rule|Evasion Items Clause: Evasion items are banned\n|rule|Evasion Moves Clause: Evasion moves are banned\n|rule|Endless Battle Clause: Forcing endless battles is banned\n|rule|HP Percentage Mod: HP is shown in percentages\n|rule|Dynamax Clause: You cannot dynamax\n|clearpoke\n|poke|p1|Garchomp, F|\n|poke|p1|Magnezone|\n|poke|p1|Heatran, F|\n|poke|p1|Tapu Koko|\n|poke|p1|Slowbro, M|\n|poke|p1|Landorus-Therian, M|\n|poke|p2|Klefki, M|\n|poke|p2|Nidoking, M|\n|poke|p2|Urshifu-*, M|\n|poke|p2|Kartana|\n|poke|p2|Tapu Fini|\n|poke|p2|Landorus-Therian, M|\n|teampreview\n|\n|t:|1667146928\n|start\n|switch|p1a: Duckworth|Slowbro, M|100\/100\n|switch|p2a: Nidoking|Nidoking, M|100\/100\n|turn|1\n|\n|t:|1667146931\n|move|p2a: Nidoking|Sludge Wave|p1a: Duckworth\n|-damage|p1a: Duckworth|26\/100\n|move|p1a: Duckworth|Scald|p2a: Nidoking\n|-supereffective|p2a: Nidoking\n|-damage|p2a: Nidoking|17\/100\n|\n|upkeep\n|turn|2\n|c|\u2606Yoink 0|i get put in the biggest spilf know to man by this\n|\n|t:|1667146957\n|switch|p1a: Lazarus|Tapu Koko|100\/100\n|-fieldstart|move: Electric Terrain|[from] ability: Electric Surge|[of] p1a: Lazarus\n|move|p2a: Nidoking|Earth Power|p1a: Lazarus\n|-supereffective|p1a: Lazarus\n|-damage|p1a: Lazarus|0 fnt\n|faint|p1a: Lazarus\n|\n|upkeep\n|\n|t:|1667146967\n|switch|p1a: Through The Wire|Heatran, F|100\/100\n|-item|p1a: Through The Wire|Air Balloon\n|turn|3\n|\n|t:|1667146973\n|switch|p2a: Urshifu|Urshifu-Rapid-Strike, M|100\/100\n|move|p1a: Through The Wire|Earth Power|p2a: Urshifu\n|-damage|p2a: Urshifu|49\/100\n|\n|upkeep\n|turn|4\n|\n|t:|1667146978\n|switch|p1a: Duckworth|Slowbro, M|59\/100\n|move|p2a: Urshifu|U-turn|p1a: Duckworth\n|-supereffective|p1a: Duckworth\n|-damage|p1a: Duckworth|16\/100\n|-damage|p2a: Urshifu|33\/100|[from] item: Rocky Helmet|[of] p1a: Duckworth\n|\n|t:|1667146982\n|switch|p2a: Nidoking|Nidoking, M|17\/100|[from]move: U-turn\n|\n|upkeep\n|turn|5\n|\n|t:|1667146987\n|switch|p1a: Through The Wire|Heatran, F|100\/100\n|-item|p1a: Through The Wire|Air Balloon\n|move|p2a: Nidoking|Ice Beam|p1a: Through The Wire\n|-resisted|p1a: Through The Wire\n|-damage|p1a: Through The Wire|89\/100\n|-enditem|p1a: Through The Wire|Air Balloon\n|\n|upkeep\n|turn|6\n|\n|t:|1667147008\n|switch|p1a: Mr Rager|Garchomp, F|100\/100\n|move|p2a: Nidoking|Earth Power|p1a: Mr Rager\n|-damage|p1a: Mr Rager|28\/100\n|\n|-heal|p1a: Mr Rager|34\/100|[from] item: Leftovers\n|-fieldend|move: Electric Terrain\n|upkeep\n|turn|7\n|\n|t:|1667147016\n|switch|p2a: Landorus|Landorus-Therian, M|100\/100\n|-ability|p2a: Landorus|Intimidate|boost\n|-unboost|p1a: Mr Rager|atk|1\n|move|p1a: Mr Rager|Stone Edge|p2a: Landorus|[miss]\n|-miss|p1a: Mr Rager|p2a: Landorus\n|\n|-heal|p1a: Mr Rager|40\/100|[from] item: Leftovers\n|upkeep\n|turn|8\n|\n|t:|1667147020\n|switch|p1a: Solo Dolo|Landorus-Therian, M|100\/100\n|-ability|p1a: Solo Dolo|Intimidate|boost\n|-unboost|p2a: Landorus|atk|1\n|move|p2a: Landorus|Stealth Rock|p1a: Solo Dolo\n|-sidestart|p1: Yoink 0|move: Stealth Rock\n|\n|upkeep\n|turn|9\n|\n|t:|1667147024\n|move|p1a: Solo Dolo|Defog|p2a: Landorus\n|-unboost|p2a: Landorus|evasion|1\n|-sideend|p1: Yoink 0|Stealth Rock|[from] move: Defog|[of] p1a: Solo Dolo\n|move|p2a: Landorus|U-turn|p1a: Solo Dolo\n|-resisted|p1a: Solo Dolo\n|-damage|p1a: Solo Dolo|93\/100\n|\n|t:|1667147026\n|switch|p2a: Urshifu|Urshifu-Rapid-Strike, M|33\/100|[from]move: U-turn\n|\n|-heal|p1a: Solo Dolo|99\/100|[from] item: Leftovers\n|upkeep\n|turn|10\n|\n|t:|1667147028\n|move|p2a: Urshifu|Surging Strikes|p1a: Solo Dolo\n|-supereffective|p1a: Solo Dolo\n|-crit|p1a: Solo Dolo\n|-damage|p1a: Solo Dolo|36\/100\n|-supereffective|p1a: Solo Dolo\n|-crit|p1a: Solo Dolo\n|-damage|p1a: Solo Dolo|0 fnt\n|faint|p1a: Solo Dolo\n|-hitcount|p1: Solo Dolo|2\n|\n|upkeep\n|-message|Yoink 0 forfeited.\n|\n|win|Shinjou Akane\n|raw|Yoink 0's rating: 1660 &rarr; <strong>1638<\/strong><br \/>(-22 for losing)\n|raw|Shinjou Akane's rating: 1629 &rarr; <strong>1651<\/strong><br \/>(+22 for winning)\n|l|\u2606Yoink 0\n","uploadtime":1667147035,"views":13,"p1id":"yoink0","p2id":"shinjouakane","formatid":"gen8ou","rating":1638,"private":0,"password":null}