{"id":"gen8waterparadise-1371123662","p1":"lebanesestinker","p2":"Kindofkitty","format":"gen8waterparadise","log":"|j|\u2606lebanesestinker\n|j|\u2606Kindofkitty\n|t:|1625509329\n|gametype|singles\n|player|p1|lebanesestinker|policeman|1000\n|player|p2|Kindofkitty|janitor|1000\n|teamsize|p1|6\n|teamsize|p2|6\n|gen|8\n|tier|[Gen 8] Water Paradise\n|rated|\n|rule|Species Clause: Limit one of each Pok\u00e9mon\n|rule|Item Clause: Limit one of each item\n|clearpoke\n|poke|p1|Barbaracle, L50, F|\n|poke|p1|Ludicolo, L50, F|\n|poke|p1|Starmie, L50|\n|poke|p1|Lanturn, L50, M|\n|poke|p1|Sharpedo, L50, F|\n|poke|p1|Primarina, L50, M|\n|poke|p2|Dracovish, L50|\n|poke|p2|Pelipper, L50, F|\n|poke|p2|Lapras, L50, F|\n|poke|p2|Ludicolo, L50, F|\n|poke|p2|Rotom-Wash, L50|\n|poke|p2|Swampert, L50, F|\n|teampreview|3\n|inactive|Battle timer is ON: inactive players will automatically lose when time's up. (requested by Kindofkitty)\n|inactive|lebanesestinker has 120 seconds left.\n|\n|t:|1625509375\n|start\n|switch|p1a: Lanturn|Lanturn, L50, M|100\/100\n|switch|p2a: Pelipper|Pelipper, L50, F|100\/100\n|-weather|RainDance|[from] ability: Drizzle|[of] p2a: Pelipper\n|turn|1\n|\n|t:|1625509386\n|move|p2a: Pelipper|Tailwind|p2a: Pelipper\n|-sidestart|p2: Kindofkitty|move: Tailwind\n|move|p1a: Lanturn|Scald|p2a: Pelipper\n|-resisted|p2a: Pelipper\n|-damage|p2a: Pelipper|77\/100\n|-status|p2a: Pelipper|brn\n|\n|-weather|RainDance|[upkeep]\n|-damage|p2a: Pelipper|71\/100 brn|[from] brn\n|upkeep\n|turn|2\n|\n|t:|1625509397\n|move|p2a: Pelipper|Hurricane|p1a: Lanturn\n|-resisted|p1a: Lanturn\n|-damage|p1a: Lanturn|82\/100\n|move|p1a: Lanturn|Scald|p2a: Pelipper\n|-resisted|p2a: Pelipper\n|-damage|p2a: Pelipper|47\/100 brn\n|\n|-weather|RainDance|[upkeep]\n|-damage|p2a: Pelipper|41\/100 brn|[from] brn\n|upkeep\n|turn|3\n|\n|t:|1625509403\n|move|p2a: Pelipper|Roost|p2a: Pelipper\n|-heal|p2a: Pelipper|92\/100 brn\n|-singleturn|p2a: Pelipper|move: Roost\n|move|p1a: Lanturn|Scald|p2a: Pelipper\n|-resisted|p2a: Pelipper\n|-damage|p2a: Pelipper|68\/100 brn\n|\n|-weather|RainDance|[upkeep]\n|-damage|p2a: Pelipper|62\/100 brn|[from] brn\n|upkeep\n|turn|4\n|\n|t:|1625509412\n|move|p2a: Pelipper|U-turn|p1a: Lanturn\n|-damage|p1a: Lanturn|79\/100\n|-damage|p2a: Pelipper|46\/100 brn|[from] item: Rocky Helmet|[of] p1a: Lanturn\n|\n|t:|1625509425\n|switch|p2a: Ludicolo|Ludicolo, L50, F|100\/100|[from]move: U-turn\n|move|p1a: Lanturn|Scald|p2a: Ludicolo\n|-resisted|p2a: Ludicolo\n|-damage|p2a: Ludicolo|90\/100\n|\n|-weather|RainDance|[upkeep]\n|-sideend|p2: Kindofkitty|move: Tailwind\n|upkeep\n|turn|5\n|\n|t:|1625509434\n|move|p2a: Ludicolo|Energy Ball|p1a: Lanturn\n|-supereffective|p1a: Lanturn\n|-damage|p1a: Lanturn|0 fnt\n|faint|p1a: Lanturn\n|\n|-weather|none\n|upkeep\n|\n|t:|1625509440\n|switch|p1a: Ludicolo|Ludicolo, L50, F|100\/100\n|turn|6\n|\n|t:|1625509447\n|switch|p2a: Pelipper|Pelipper, L50, F|46\/100 brn\n|-weather|RainDance|[from] ability: Drizzle|[of] p2a: Pelipper\n|move|p1a: Ludicolo|Scald|p2a: Pelipper\n|-resisted|p2a: Pelipper\n|-damage|p2a: Pelipper|0 fnt\n|faint|p2a: Pelipper\n|-damage|p1a: Ludicolo|91\/100|[from] item: Life Orb\n|\n|-weather|RainDance|[upkeep]\n|upkeep\n|\n|t:|1625509459\n|switch|p2a: Lapras|Lapras, L50, F|100\/100\n|turn|7\n|\n|t:|1625509462\n|move|p1a: Ludicolo|Focus Blast|p2a: Lapras\n|-supereffective|p2a: Lapras\n|-damage|p2a: Lapras|31\/100\n|-damage|p1a: Ludicolo|81\/100|[from] item: Life Orb\n|move|p2a: Lapras|Freeze-Dry|p1a: Ludicolo\n|-supereffective|p1a: Ludicolo\n|-damage|p1a: Ludicolo|0 fnt\n|faint|p1a: Ludicolo\n|\n|-weather|RainDance|[upkeep]\n|-heal|p2a: Lapras|37\/100|[from] item: Leftovers\n|upkeep\n|\n|t:|1625509466\n|switch|p1a: Sharpedo|Sharpedo, L50, F|100\/100\n|turn|8\n|\n|t:|1625509475\n|move|p1a: Sharpedo|Crunch|p2a: Lapras\n|-damage|p2a: Lapras|0 fnt\n|faint|p2a: Lapras\n|\n|-weather|RainDance|[upkeep]\n|-ability|p1a: Sharpedo|Speed Boost|boost\n|-boost|p1a: Sharpedo|spe|1\n|upkeep\n|\n|t:|1625509478\n|switch|p2a: Ludicolo|Ludicolo, L50, F|90\/100\n|turn|9\n|\n|t:|1625509485\n|-start|p1a: Sharpedo|Dynamax\n|-heal|p1a: Sharpedo|100\/100|[silent]\n|move|p2a: Ludicolo|Energy Ball|p1a: Sharpedo\n|-supereffective|p1a: Sharpedo\n|-damage|p1a: Sharpedo|0 fnt\n|faint|p1a: Sharpedo\n|\n|win|Kindofkitty\n|raw|lebanesestinker's rating: 1000 &rarr; <strong>1000<\/strong><br \/>(+0 for losing)\n|raw|Kindofkitty's rating: 1000 &rarr; <strong>1040<\/strong><br \/>(+40 for winning)\n|l|\u2606lebanesestinker\n|l|\u2606Kindofkitty\n||Ladder isn't responding, score probably updated but might not have (Request timeout).\n","uploadtime":1625509535,"views":2,"p1id":"lebanesestinker","p2id":"kindofkitty","formatid":"gen8waterparadise","rating":1000,"private":0,"password":null}