{"id":"gen8ou-1557204603","p1":"superweeb63","p2":"Infernoss","format":"gen8ou","log":"|j|\u203dsuperweeb63\n|j|\u2606Infernoss\n|t:|1650424403\n|gametype|singles\n|player|p1|superweeb63|dancer|1717\n|player|p2|Infernoss|blue|1739\n|teamsize|p1|6\n|teamsize|p2|6\n|gen|8\n|tier|[Gen 8] OU\n|rated|\n|rule|Sleep Clause Mod: Limit one foe put to sleep\n|rule|Species Clause: Limit one of each Pok\u00e9mon\n|rule|OHKO Clause: OHKO moves are banned\n|rule|Evasion Moves Clause: Evasion moves are banned\n|rule|Endless Battle Clause: Forcing endless battles is banned\n|rule|HP Percentage Mod: HP is shown in percentages\n|rule|Dynamax Clause: You cannot dynamax\n|clearpoke\n|poke|p1|Moltres-Galar|\n|poke|p1|Aegislash, F|\n|poke|p1|Buzzwole|\n|poke|p1|Latios, M|\n|poke|p1|Landorus-Therian, M|\n|poke|p1|Bisharp, M|\n|poke|p2|Marowak-Alola, M|\n|poke|p2|Slowbro, M|\n|poke|p2|Hatterene, F|\n|poke|p2|Garchomp, M|\n|poke|p2|Ferrothorn, M|\n|poke|p2|Drampa, M|\n|teampreview\n|\n|t:|1650424409\n|start\n|switch|p1a: Bisharp|Bisharp, M|100\/100\n|switch|p2a: Sonso|Slowbro, M|100\/100\n|turn|1\n|\n|t:|1650424413\n|move|p1a: Bisharp|Knock Off|p2a: Sonso\n|-supereffective|p2a: Sonso\n|-enditem|p2a: Sonso|Colbur Berry|[eat]\n|-enditem|p2a: Sonso|Colbur Berry|[weaken]\n|-damage|p2a: Sonso|69\/100\n|move|p2a: Sonso|Body Press|p1a: Bisharp\n|-supereffective|p1a: Bisharp\n|-damage|p1a: Bisharp|0 fnt\n|faint|p1a: Bisharp\n|\n|upkeep\n|\n|t:|1650424419\n|switch|p1a: Moltres|Moltres-Galar|100\/100\n|turn|2\n|j| salmonelephant\n|j| xiaoyi11\n|\n|t:|1650424436\n|switch|p2a: Thorns|Ferrothorn, M|100\/100\n|move|p1a: Moltres|Fiery Wrath|p2a: Thorns\n|-damage|p2a: Thorns|73\/100\n|\n|-heal|p2a: Thorns|79\/100|[from] item: Leftovers\n|upkeep\n|turn|3\n|\n|t:|1650424443\n|switch|p1a: Landorus|Landorus-Therian, M|100\/100\n|-ability|p1a: Landorus|Intimidate|boost\n|-unboost|p2a: Thorns|atk|1\n|move|p2a: Thorns|Gyro Ball|p1a: Landorus\n|-damage|p1a: Landorus|64\/100\n|\n|-heal|p2a: Thorns|86\/100|[from] item: Leftovers\n|upkeep\n|turn|4\n|\n|t:|1650424451\n|move|p1a: Landorus|Earthquake|p2a: Thorns\n|-damage|p2a: Thorns|39\/100\n|move|p2a: Thorns|Leech Seed|p1a: Landorus\n|-start|p1a: Landorus|move: Leech Seed\n|\n|-heal|p2a: Thorns|45\/100|[from] item: Leftovers\n|-damage|p1a: Landorus|52\/100|[from] Leech Seed|[of] p2a: Thorns\n|-heal|p2a: Thorns|56\/100|[silent]\n|upkeep\n|turn|5\n|j| funny mud pee\n|\n|t:|1650424460\n|switch|p2a: Sonso|Slowbro, M|100\/100\n|move|p1a: Landorus|Earthquake|p2a: Sonso\n|-damage|p2a: Sonso|66\/100\n|\n|-damage|p1a: Landorus|40\/100|[from] Leech Seed|[of] p2a: Sonso\n|-heal|p2a: Sonso|76\/100|[silent]\n|upkeep\n|turn|6\n|\n|t:|1650424467\n|switch|p1a: Aegislash|Aegislash, F|100\/100\n|move|p2a: Sonso|Trick Room|p2a: Sonso\n|-fieldstart|move: Trick Room|[of] p2a: Sonso\n|\n|upkeep\n|turn|7\n|\n|t:|1650424477\n|switch|p2a: Falkor|Drampa, M|100\/100\n|-formechange|p1a: Aegislash|Aegislash-Blade||[from] ability: Stance Change\n|move|p1a: Aegislash|Close Combat|p2a: Falkor\n|-supereffective|p2a: Falkor\n|-damage|p2a: Falkor|15\/100\n|-unboost|p1a: Aegislash|def|1\n|-unboost|p1a: Aegislash|spd|1\n|-ability|p2a: Falkor|Berserk|boost\n|-boost|p2a: Falkor|spa|1\n|\n|upkeep\n|turn|8\n|\n|t:|1650424495\n|-formechange|p1a: Aegislash|Aegislash||[from] ability: Stance Change\n|move|p1a: Aegislash|King's Shield|p1a: Aegislash\n|-singleturn|p1a: Aegislash|Protect\n|move|p2a: Falkor|Thunderbolt|p1a: Aegislash\n|-activate|p1a: Aegislash|move: Protect\n|\n|upkeep\n|turn|9\n|\n|t:|1650424504\n|move|p2a: Falkor|Thunderbolt|p1a: Aegislash\n|-damage|p1a: Aegislash|41\/100\n|-formechange|p1a: Aegislash|Aegislash-Blade||[from] ability: Stance Change\n|move|p1a: Aegislash|Close Combat|p2a: Falkor\n|-supereffective|p2a: Falkor\n|-damage|p2a: Falkor|0 fnt\n|-unboost|p1a: Aegislash|def|1\n|-unboost|p1a: Aegislash|spd|1\n|faint|p2a: Falkor\n|\n|upkeep\n|\n|t:|1650424514\n|switch|p2a: Thorns|Ferrothorn, M|56\/100\n|turn|10\n|\n|t:|1650424530\n|switch|p1a: Buzzwole|Buzzwole|100\/100\n|move|p2a: Thorns|Stealth Rock|p1a: Buzzwole\n|-sidestart|p1: superweeb63|move: Stealth Rock\n|\n|-heal|p2a: Thorns|62\/100|[from] item: Leftovers\n|-fieldend|move: Trick Room\n|upkeep\n|turn|11\n|\n|t:|1650424537\n|switch|p2a: Sonso|Slowbro, M|100\/100\n|move|p1a: Buzzwole|Leech Life|p2a: Sonso\n|-supereffective|p2a: Sonso\n|-damage|p2a: Sonso|27\/100\n|\n|upkeep\n|turn|12\n|\n|t:|1650424543\n|switch|p1a: Aegislash|Aegislash, F|41\/100\n|-damage|p1a: Aegislash|35\/100|[from] Stealth Rock\n|switch|p2a: Billy B.|Marowak-Alola, M, shiny|100\/100\n|\n|upkeep\n|turn|13\n|\n|t:|1650424554\n|switch|p2a: Thorns|Ferrothorn, M|62\/100\n|-formechange|p1a: Aegislash|Aegislash-Blade||[from] ability: Stance Change\n|move|p1a: Aegislash|Shadow Ball|p2a: Thorns\n|-damage|p2a: Thorns|33\/100\n|\n|-heal|p2a: Thorns|39\/100|[from] item: Leftovers\n|upkeep\n|turn|14\n|\n|t:|1650424563\n|switch|p2a: Sharko|Garchomp, M|100\/100\n|move|p1a: Aegislash|Close Combat|p2a: Sharko\n|-damage|p2a: Sharko|64\/100\n|-unboost|p1a: Aegislash|def|1\n|-unboost|p1a: Aegislash|spd|1\n|-damage|p1a: Aegislash|22\/100|[from] ability: Rough Skin|[of] p2a: Sharko\n|\n|-heal|p2a: Sharko|70\/100|[from] item: Leftovers\n|upkeep\n|turn|15\n|\n|t:|1650424586\n|switch|p1a: Latios|Latios, M|100\/100\n|-damage|p1a: Latios|88\/100|[from] Stealth Rock\n|move|p2a: Sharko|Scale Shot|p1a: Latios\n|-supereffective|p1a: Latios\n|-damage|p1a: Latios|50\/100\n|-supereffective|p1a: Latios\n|-damage|p1a: Latios|14\/100\n|-supereffective|p1a: Latios\n|-damage|p1a: Latios|0 fnt\n|faint|p1a: Latios\n|-hitcount|p1: Latios|3\n|-unboost|p2a: Sharko|def|1\n|-boost|p2a: Sharko|spe|1\n|\n|-heal|p2a: Sharko|76\/100|[from] item: Leftovers\n|upkeep\n|\n|t:|1650424590\n|switch|p1a: Buzzwole|Buzzwole|100\/100\n|-damage|p1a: Buzzwole|88\/100|[from] Stealth Rock\n|turn|16\n|\n|t:|1650424614\n|switch|p2a: Sonso|Slowbro, M|61\/100\n|move|p1a: Buzzwole|Stone Edge|p2a: Sonso|[miss]\n|-miss|p1a: Buzzwole|p2a: Sonso\n|\n|upkeep\n|turn|17\n|\n|t:|1650424634\n|switch|p1a: Moltres|Moltres-Galar|100\/100\n|move|p2a: Sonso|Scald|p1a: Moltres\n|-damage|p1a: Moltres|78\/100\n|\n|upkeep\n|turn|18\n|\n|t:|1650424640\n|switch|p2a: Gorra|Hatterene, F, shiny|100\/100\n|move|p1a: Moltres|Fiery Wrath|p2a: Gorra\n|-damage|p2a: Gorra|67\/100\n|\n|upkeep\n|turn|19\n|\n|t:|1650424646\n|move|p1a: Moltres|Fiery Wrath|p2a: Gorra\n|-damage|p2a: Gorra|38\/100\n|move|p2a: Gorra|Trick Room|p2a: Gorra\n|-fieldstart|move: Trick Room|[of] p2a: Gorra\n|\n|upkeep\n|turn|20\n|\n|t:|1650424653\n|switch|p1a: Aegislash|Aegislash, F|22\/100\n|-damage|p1a: Aegislash|16\/100|[from] Stealth Rock\n|move|p2a: Gorra|Draining Kiss|p1a: Aegislash\n|-resisted|p1a: Aegislash\n|-damage|p1a: Aegislash|8\/100\n|-heal|p2a: Gorra|44\/100|[from] drain|[of] p1a: Aegislash\n|\n|upkeep\n|turn|21\n|\n|t:|1650424663\n|move|p1a: Aegislash|King's Shield|p1a: Aegislash\n|-singleturn|p1a: Aegislash|Protect\n|move|p2a: Gorra|Mystical Fire|p1a: Aegislash\n|-activate|p1a: Aegislash|move: Protect\n|\n|upkeep\n|turn|22\n|\n|t:|1650424672\n|-formechange|p1a: Aegislash|Aegislash-Blade||[from] ability: Stance Change\n|move|p1a: Aegislash|Shadow Sneak|p2a: Gorra\n|-supereffective|p2a: Gorra\n|-enditem|p2a: Gorra|Kasib Berry|[eat]\n|-enditem|p2a: Gorra|Kasib Berry|[weaken]\n|-damage|p2a: Gorra|23\/100\n|move|p2a: Gorra|Mystical Fire|p1a: Aegislash\n|-supereffective|p1a: Aegislash\n|-damage|p1a: Aegislash|0 fnt\n|faint|p1a: Aegislash\n|\n|upkeep\n|\n|t:|1650424679\n|switch|p1a: Landorus|Landorus-Therian, M|40\/100\n|-damage|p1a: Landorus|28\/100|[from] Stealth Rock\n|-ability|p1a: Landorus|Intimidate|boost\n|-unboost|p2a: Gorra|atk|1\n|turn|23\n|\n|t:|1650424692\n|move|p2a: Gorra|Healing Wish|p2a: Gorra\n|faint|p2a: Gorra\n|move|p1a: Landorus|Earthquake|p2: Gorra|[notarget]\n|-fail|p1a: Landorus\n|\n|-fieldend|move: Trick Room\n|upkeep\n|\n|t:|1650424698\n|switch|p2a: Sharko|Garchomp, M|76\/100\n|-heal|p2a: Sharko|100\/100|[from] move: Healing Wish\n|turn|24\n|\n|t:|1650424704\n|move|p2a: Sharko|Scale Shot|p1a: Landorus\n|-damage|p1a: Landorus|13\/100\n|-damage|p1a: Landorus|0 fnt\n|faint|p1a: Landorus\n|-hitcount|p1: Landorus|2\n|-unboost|p2a: Sharko|def|1\n|-boost|p2a: Sharko|spe|1\n|\n|upkeep\n|\n|t:|1650424705\n|switch|p1a: Buzzwole|Buzzwole|88\/100\n|-damage|p1a: Buzzwole|76\/100|[from] Stealth Rock\n|turn|25\n|j| gitt rektt\n|\n|t:|1650424720\n|switch|p2a: Thorns|Ferrothorn, M|39\/100\n|move|p1a: Buzzwole|Leech Life|p2a: Thorns\n|-damage|p2a: Thorns|0 fnt\n|-heal|p1a: Buzzwole|95\/100|[from] drain|[of] p2a: Thorns\n|-damage|p1a: Buzzwole|82\/100|[from] ability: Iron Barbs|[of] p2a: Thorns\n|faint|p2a: Thorns\n|-ability|p1a: Buzzwole|Beast Boost|boost\n|-boost|p1a: Buzzwole|atk|1\n|\n|upkeep\n|\n|t:|1650424730\n|switch|p2a: Billy B.|Marowak-Alola, M, shiny|100\/100\n|turn|26\n|\n|t:|1650424734\n|move|p1a: Buzzwole|Leech Life|p2a: Billy B.\n|-resisted|p2a: Billy B.\n|-damage|p2a: Billy B.|79\/100\n|-heal|p1a: Buzzwole|93\/100|[from] drain|[of] p2a: Billy B.\n|move|p2a: Billy B.|Flare Blitz|p1a: Buzzwole\n|-supereffective|p1a: Buzzwole\n|-crit|p1a: Buzzwole\n|-damage|p1a: Buzzwole|0 fnt\n|faint|p1a: Buzzwole\n|\n|upkeep\n|\n|t:|1650424737\n|switch|p1a: Moltres|Moltres-Galar|78\/100\n|turn|27\n|\n|t:|1650424746\n|move|p1a: Moltres|Fiery Wrath|p2a: Billy B.\n|-supereffective|p2a: Billy B.\n|-damage|p2a: Billy B.|0 fnt\n|faint|p2a: Billy B.\n|\n|upkeep\n|\n|t:|1650424751\n|switch|p2a: Sharko|Garchomp, M|100\/100\n|turn|28\n|\n|t:|1650424758\n|move|p2a: Sharko|Stone Edge|p1a: Moltres\n|-supereffective|p1a: Moltres\n|-damage|p1a: Moltres|4\/100\n|-ability|p1a: Moltres|Berserk|boost\n|-boost|p1a: Moltres|spa|1\n|move|p1a: Moltres|Agility|p1a: Moltres\n|-boost|p1a: Moltres|spe|2\n|\n|upkeep\n|turn|29\n|\n|t:|1650424766\n|move|p1a: Moltres|Fiery Wrath|p2a: Sharko\n|-damage|p2a: Sharko|37\/100\n|move|p2a: Sharko|Scale Shot|p1a: Moltres\n|-damage|p1a: Moltres|0 fnt\n|faint|p1a: Moltres\n|-hitcount|p1: Moltres|1\n|\n|win|Infernoss\n|raw|superweeb63's rating: 1717 &rarr; <strong>1698<\/strong><br \/>(-19 for losing)\n|raw|Infernoss's rating: 1739 &rarr; <strong>1758<\/strong><br \/>(+19 for winning)\n|l| salmonelephant\n|l|\u203dsuperweeb63\n|l| gitt rektt\n|l| xiaoyi11\n","uploadtime":1650424800,"views":102,"p1id":"superweeb63","p2id":"infernoss","formatid":"gen8ou","rating":1698,"private":0,"password":null}