{"id":"gen8ou-1594338811","p1":"fishy8995","p2":"alvar03","format":"gen8ou","log":"|j|\u2606fishy8995\n|j|\u2606alvar03\n|t:|1654989592\n|gametype|singles\n|player|p1|fishy8995|101|1759\n|player|p2|alvar03|alder|1876\n|teamsize|p1|6\n|teamsize|p2|6\n|gen|8\n|tier|[Gen 8] OU\n|rated|\n|rule|Sleep Clause Mod: Limit one foe put to sleep\n|rule|Species Clause: Limit one of each Pok\u00e9mon\n|rule|OHKO Clause: OHKO moves are banned\n|rule|Evasion Moves Clause: Evasion moves are banned\n|rule|Endless Battle Clause: Forcing endless battles is banned\n|rule|HP Percentage Mod: HP is shown in percentages\n|rule|Dynamax Clause: You cannot dynamax\n|clearpoke\n|poke|p1|Hippowdon, M|\n|poke|p1|Tyranitar, M|\n|poke|p1|Excadrill, M|\n|poke|p1|Rotom-Heat|\n|poke|p1|Toxapex, F|\n|poke|p1|Dracozolt|\n|poke|p2|Rotom-Wash|\n|poke|p2|Kartana|\n|poke|p2|Rillaboom, F|\n|poke|p2|Mandibuzz, F|\n|poke|p2|Heatran, M|\n|poke|p2|Dragapult, F|\n|teampreview\n|\n|t:|1654989619\n|start\n|switch|p1a: Tyranitar|Tyranitar, M|100\/100\n|switch|p2a: Rillaboom|Rillaboom, F|100\/100\n|-fieldstart|move: Grassy Terrain|[from] ability: Grassy Surge|[of] p2a: Rillaboom\n|-weather|Sandstorm|[from] ability: Sand Stream|[of] p1a: Tyranitar\n|turn|1\n|inactive|Battle timer is ON: inactive players will automatically lose when time's up. (requested by alvar03)\n|inactive|fishy8995 has 120 seconds left.\n|\n|t:|1654989669\n|move|p2a: Rillaboom|U-turn|p1a: Tyranitar\n|-supereffective|p1a: Tyranitar\n|-damage|p1a: Tyranitar|66\/100\n|\n|t:|1654989675\n|switch|p2a: Kartana|Kartana|100\/100|[from]move: U-turn\n|move|p1a: Tyranitar|Ice Beam|p2a: Kartana\n|-crit|p2a: Kartana\n|-damage|p2a: Kartana|0 fnt\n|faint|p2a: Kartana\n|\n|-weather|Sandstorm|[upkeep]\n|-heal|p1a: Tyranitar|73\/100|[from] Grassy Terrain\n|upkeep\n|c|\u2606alvar03|come on dude\n|\n|t:|1654989688\n|switch|p2a: Rillaboom|Rillaboom, F|100\/100\n|turn|2\n|\n|t:|1654989693\n|move|p2a: Rillaboom|Grassy Glide|p1a: Tyranitar\n|-supereffective|p1a: Tyranitar\n|-damage|p1a: Tyranitar|3\/100\n|move|p1a: Tyranitar|Flamethrower|p2a: Rillaboom\n|-supereffective|p2a: Rillaboom\n|-damage|p2a: Rillaboom|20\/100\n|-status|p2a: Rillaboom|brn\n|\n|-weather|Sandstorm|[upkeep]\n|-damage|p2a: Rillaboom|14\/100 brn|[from] Sandstorm\n|-heal|p2a: Rillaboom|20\/100 brn|[from] Grassy Terrain\n|-heal|p1a: Tyranitar|9\/100|[from] Grassy Terrain\n|-damage|p2a: Rillaboom|14\/100 brn|[from] brn\n|upkeep\n|turn|3\n|\n|t:|1654989706\n|switch|p1a: Toxapex|Toxapex, F|100\/100\n|move|p2a: Rillaboom|U-turn|p1a: Toxapex\n|-resisted|p1a: Toxapex\n|-damage|p1a: Toxapex|96\/100\n|\n|t:|1654989712\n|switch|p2a: Rotom|Rotom-Wash|100\/100|[from]move: U-turn\n|\n|-weather|Sandstorm|[upkeep]\n|-damage|p2a: Rotom|94\/100|[from] Sandstorm\n|-damage|p1a: Toxapex|90\/100|[from] Sandstorm\n|-heal|p2a: Rotom|100\/100|[from] item: Leftovers\n|-heal|p1a: Toxapex|96\/100|[from] Grassy Terrain\n|-heal|p1a: Toxapex|100\/100|[from] item: Black Sludge\n|upkeep\n|turn|4\n|\n|t:|1654989722\n|switch|p1a: Rotom|Rotom-Heat|100\/100\n|move|p2a: Rotom|Will-O-Wisp|p1a: Rotom\n|-immune|p1a: Rotom\n|\n|-weather|Sandstorm|[upkeep]\n|-damage|p1a: Rotom|94\/100|[from] Sandstorm\n|-damage|p2a: Rotom|94\/100|[from] Sandstorm\n|-heal|p2a: Rotom|100\/100|[from] item: Leftovers\n|upkeep\n|turn|5\n|\n|t:|1654989728\n|move|p1a: Rotom|Volt Switch|p2a: Rotom\n|-damage|p2a: Rotom|78\/100\n|\n|t:|1654989733\n|switch|p1a: Toxapex|Toxapex, F|100\/100|[from]move: Volt Switch\n|move|p2a: Rotom|Hydro Pump|p1a: Toxapex\n|-resisted|p1a: Toxapex\n|-damage|p1a: Toxapex|85\/100\n|\n|-weather|none\n|-heal|p2a: Rotom|85\/100|[from] item: Leftovers\n|-heal|p1a: Toxapex|91\/100|[from] Grassy Terrain\n|-heal|p1a: Toxapex|98\/100|[from] item: Black Sludge\n|-fieldend|move: Grassy Terrain\n|upkeep\n|turn|6\n|\n|t:|1654989738\n|move|p2a: Rotom|Will-O-Wisp|p1a: Toxapex\n|-status|p1a: Toxapex|brn\n|move|p1a: Toxapex|Stockpile|p1a: Toxapex\n|-start|p1a: Toxapex|stockpile1\n|-boost|p1a: Toxapex|def|1\n|-boost|p1a: Toxapex|spd|1\n|\n|-heal|p2a: Rotom|91\/100|[from] item: Leftovers\n|-heal|p1a: Toxapex|100\/100 brn|[from] item: Black Sludge\n|-damage|p1a: Toxapex|94\/100 brn|[from] brn\n|upkeep\n|turn|7\n|\n|t:|1654989743\n|move|p2a: Rotom|Volt Switch|p1a: Toxapex\n|-supereffective|p1a: Toxapex\n|-damage|p1a: Toxapex|66\/100 brn\n|\n|t:|1654989746\n|switch|p2a: Mandibuzz|Mandibuzz, F|100\/100|[from]move: Volt Switch\n|move|p1a: Toxapex|Stockpile|p1a: Toxapex\n|-start|p1a: Toxapex|stockpile2\n|-boost|p1a: Toxapex|def|1\n|-boost|p1a: Toxapex|spd|1\n|\n|-heal|p1a: Toxapex|72\/100 brn|[from] item: Black Sludge\n|-damage|p1a: Toxapex|66\/100 brn|[from] brn\n|upkeep\n|turn|8\n|\n|t:|1654989752\n|move|p2a: Mandibuzz|U-turn|p1a: Toxapex\n|-resisted|p1a: Toxapex\n|-damage|p1a: Toxapex|64\/100 brn\n|\n|t:|1654989754\n|switch|p2a: Heatran|Heatran, M|100\/100|[from]move: U-turn\n|-item|p2a: Heatran|Air Balloon\n|move|p1a: Toxapex|Toxic|p2a: Heatran\n|-immune|p2a: Heatran\n|\n|-heal|p1a: Toxapex|70\/100 brn|[from] item: Black Sludge\n|-damage|p1a: Toxapex|64\/100 brn|[from] brn\n|upkeep\n|turn|9\n|\n|t:|1654989760\n|move|p2a: Heatran|Stealth Rock|p1a: Toxapex\n|-sidestart|p1: fishy8995|move: Stealth Rock\n|move|p1a: Toxapex|Scald|p2a: Heatran\n|-supereffective|p2a: Heatran\n|-damage|p2a: Heatran|67\/100\n|-enditem|p2a: Heatran|Air Balloon\n|\n|-heal|p1a: Toxapex|70\/100 brn|[from] item: Black Sludge\n|-damage|p1a: Toxapex|64\/100 brn|[from] brn\n|upkeep\n|turn|10\n|\n|t:|1654989763\n|move|p2a: Heatran|Earth Power|p1a: Toxapex\n|-supereffective|p1a: Toxapex\n|-damage|p1a: Toxapex|36\/100 brn\n|move|p1a: Toxapex|Scald|p2a: Heatran\n|-supereffective|p2a: Heatran\n|-crit|p2a: Heatran\n|-damage|p2a: Heatran|13\/100\n|\n|-heal|p1a: Toxapex|42\/100 brn|[from] item: Black Sludge\n|-damage|p1a: Toxapex|36\/100 brn|[from] brn\n|upkeep\n|turn|11\n|\n|t:|1654989766\n|move|p2a: Heatran|Earth Power|p1a: Toxapex\n|-supereffective|p1a: Toxapex\n|-damage|p1a: Toxapex|7\/100 brn\n|move|p1a: Toxapex|Recover|p1a: Toxapex\n|-heal|p1a: Toxapex|57\/100 brn\n|\n|-heal|p1a: Toxapex|63\/100 brn|[from] item: Black Sludge\n|-damage|p1a: Toxapex|57\/100 brn|[from] brn\n|upkeep\n|turn|12\n|\n|t:|1654989768\n|move|p2a: Heatran|Earth Power|p1a: Toxapex\n|-supereffective|p1a: Toxapex\n|-crit|p1a: Toxapex\n|-damage|p1a: Toxapex|0 fnt\n|faint|p1a: Toxapex\n|\n|upkeep\n|\n|t:|1654989775\n|switch|p1a: Rotom|Rotom-Heat|94\/100\n|-damage|p1a: Rotom|69\/100|[from] Stealth Rock\n|turn|13\n|\n|t:|1654989781\n|move|p1a: Rotom|Defog|p2a: Heatran\n|-unboost|p2a: Heatran|evasion|1\n|-sideend|p1: fishy8995|Stealth Rock|[from] move: Defog|[of] p1a: Rotom\n|move|p2a: Heatran|Magma Storm|p1a: Rotom\n|-resisted|p1a: Rotom\n|-damage|p1a: Rotom|41\/100\n|-activate|p1a: Rotom|move: Magma Storm|[of] p2a: Heatran\n|\n|-damage|p1a: Rotom|28\/100|[from] move: Magma Storm|[partiallytrapped]\n|upkeep\n|turn|14\n|\n|t:|1654989788\n|switch|p2a: Rotom|Rotom-Wash|91\/100\n|move|p1a: Rotom|Volt Switch|p2a: Rotom\n|-damage|p2a: Rotom|70\/100\n|\n|t:|1654989795\n|switch|p1a: Dracozolt|Dracozolt|100\/100|[from]move: Volt Switch\n|\n|-heal|p2a: Rotom|76\/100|[from] item: Leftovers\n|upkeep\n|turn|15\n|\n|t:|1654989807\n|switch|p1a: Tyranitar|Tyranitar, M|9\/100\n|-weather|Sandstorm|[from] ability: Sand Stream|[of] p1a: Tyranitar\n|move|p2a: Rotom|Will-O-Wisp|p1a: Tyranitar|[miss]\n|-miss|p2a: Rotom|p1a: Tyranitar\n|\n|-weather|Sandstorm|[upkeep]\n|-damage|p2a: Rotom|70\/100|[from] Sandstorm\n|-heal|p2a: Rotom|76\/100|[from] item: Leftovers\n|upkeep\n|turn|16\n|\n|t:|1654989814\n|move|p2a: Rotom|Volt Switch|p1a: Tyranitar\n|-damage|p1a: Tyranitar|0 fnt\n|faint|p1a: Tyranitar\n|\n|t:|1654989821\n|switch|p2a: Rillaboom|Rillaboom, F|14\/100 brn|[from]move: Volt Switch\n|-fieldstart|move: Grassy Terrain|[from] ability: Grassy Surge|[of] p2a: Rillaboom\n|\n|-weather|Sandstorm|[upkeep]\n|-damage|p2a: Rillaboom|8\/100 brn|[from] Sandstorm\n|-heal|p2a: Rillaboom|14\/100 brn|[from] Grassy Terrain\n|-damage|p2a: Rillaboom|8\/100 brn|[from] brn\n|upkeep\n|\n|t:|1654989825\n|switch|p1a: Dracozolt|Dracozolt|100\/100\n|turn|17\n|\n|t:|1654989828\n|move|p2a: Rillaboom|Grassy Glide|p1a: Dracozolt\n|-resisted|p1a: Dracozolt\n|-damage|p1a: Dracozolt|87\/100\n|move|p1a: Dracozolt|Bolt Beak|p2a: Rillaboom\n|-resisted|p2a: Rillaboom\n|-damage|p2a: Rillaboom|0 fnt\n|faint|p2a: Rillaboom\n|-damage|p1a: Dracozolt|77\/100|[from] item: Life Orb\n|\n|-weather|Sandstorm|[upkeep]\n|-heal|p1a: Dracozolt|83\/100|[from] Grassy Terrain\n|upkeep\n|\n|t:|1654989839\n|switch|p2a: Rotom|Rotom-Wash|76\/100\n|turn|18\n|\n|t:|1654989842\n|move|p1a: Dracozolt|Bolt Beak|p2a: Rotom\n|-damage|p2a: Rotom|0 fnt\n|faint|p2a: Rotom\n|-damage|p1a: Dracozolt|73\/100|[from] item: Life Orb\n|\n|-weather|Sandstorm|[upkeep]\n|-heal|p1a: Dracozolt|80\/100|[from] Grassy Terrain\n|upkeep\n|\n|t:|1654989847\n|switch|p2a: Mandibuzz|Mandibuzz, F|100\/100\n|turn|19\n|\n|t:|1654989848\n|move|p1a: Dracozolt|Bolt Beak|p2a: Mandibuzz\n|-supereffective|p2a: Mandibuzz\n|-damage|p2a: Mandibuzz|0 fnt\n|faint|p2a: Mandibuzz\n|-damage|p1a: Dracozolt|70\/100|[from] item: Life Orb\n|\n|-weather|none\n|-heal|p1a: Dracozolt|76\/100|[from] Grassy Terrain\n|upkeep\n|j| BabyPigsAreLaughin\n|\n|t:|1654989851\n|switch|p2a: Dragapult|Dragapult, F|100\/100\n|turn|20\n|\n|t:|1654989854\n|switch|p1a: Hippowdon|Hippowdon, M|100\/100\n|-weather|Sandstorm|[from] ability: Sand Stream|[of] p1a: Hippowdon\n|move|p2a: Dragapult|Shadow Ball|p1a: Hippowdon\n|-damage|p1a: Hippowdon|43\/100\n|-unboost|p1a: Hippowdon|spd|1\n|\n|-weather|Sandstorm|[upkeep]\n|-damage|p2a: Dragapult|95\/100|[from] Sandstorm\n|-heal|p2a: Dragapult|100\/100|[from] Grassy Terrain\n|-heal|p1a: Hippowdon|49\/100|[from] Grassy Terrain\n|-fieldend|move: Grassy Terrain\n|upkeep\n|turn|21\n|\n|t:|1654989861\n|move|p2a: Dragapult|Shadow Ball|p1a: Hippowdon\n|-damage|p1a: Hippowdon|0 fnt\n|faint|p1a: Hippowdon\n|\n|-weather|Sandstorm|[upkeep]\n|-damage|p2a: Dragapult|95\/100|[from] Sandstorm\n|upkeep\n|\n|t:|1654989866\n|switch|p1a: Dracozolt|Dracozolt|76\/100\n|turn|22\n|\n|t:|1654989869\n|switch|p2a: Heatran|Heatran, M|13\/100\n|move|p1a: Dracozolt|Dragon Claw|p2a: Heatran\n|-resisted|p2a: Heatran\n|-damage|p2a: Heatran|0 fnt\n|faint|p2a: Heatran\n|-damage|p1a: Dracozolt|66\/100|[from] item: Life Orb\n|\n|-weather|Sandstorm|[upkeep]\n|upkeep\n|\n|t:|1654989871\n|switch|p2a: Dragapult|Dragapult, F|95\/100\n|turn|23\n|\n|t:|1654989876\n|move|p1a: Dracozolt|Dragon Claw|p2a: Dragapult\n|-supereffective|p2a: Dragapult\n|-damage|p2a: Dragapult|0 fnt\n|faint|p2a: Dragapult\n|-damage|p1a: Dracozolt|56\/100|[from] item: Life Orb\n|\n|win|fishy8995\n|raw|fishy8995's rating: 1731 &rarr; <strong>1759<\/strong><br \/>(+28 for winning)\n|raw|alvar03's rating: 1876 &rarr; <strong>1848<\/strong><br \/>(-28 for losing)\n|c|\u2606alvar03|stupid game\n|c|\u2606alvar03|since turn 1\n|c|\u2606fishy8995|hi\n|c| BabyPigsAreLaughin|That salt, though.\n|c|\u2606alvar03|crit on kart\n||Ladder isn't responding, score probably updated but might not have (Request timeout).\n","uploadtime":1654989897,"views":37,"p1id":"fishy8995","p2id":"alvar03","formatid":"gen8ou","rating":1759,"private":0,"password":null}