{"id":"gen8nationaldexag-1070975144","p1":"a bread sandwich","p2":"yhdrslb","format":"gen8nationaldexag","log":"|j|\u2606a bread sandwich\n|j|\u2606yhdrslb\n|player|p1|a bread sandwich|wattson|1855\n|player|p2|yhdrslb|30|1468\n|teamsize|p1|6\n|teamsize|p2|6\n|gametype|singles\n|gen|8\n|tier|[Gen 8] National Dex AG\n|rated|\n|clearpoke\n|poke|p1|Arceus-*|\n|poke|p1|Excadrill, M|\n|poke|p1|Smeargle, M|\n|poke|p1|Smeargle, F|\n|poke|p1|Xerneas|\n|poke|p1|Rayquaza|\n|poke|p2|Espeon, F|\n|poke|p2|Whimsicott, M|\n|poke|p2|Lugia|\n|poke|p2|Smeargle, M|\n|poke|p2|Rayquaza|\n|poke|p2|Giratina|\n|rule|HP Percentage Mod: HP is shown in percentages\n|rule|Endless Battle Clause: Forcing endless battles is banned\n|teampreview\n|inactive|Battle timer is ON: inactive players will automatically lose when time's up. (requested by yhdrslb)\n|\n|start\n|switch|p1a: Excadrill|Excadrill, M|100\/100\n|switch|p2a: Smeargle|Smeargle, M|100\/100\n|-ability|p1a: Excadrill|Mold Breaker\n|turn|1\n|\n|switch|p2a: Giratina|Giratina|100\/100\n|-ability|p2a: Giratina|Pressure\n|move|p1a: Excadrill|Rock Tomb|p2a: Giratina\n|-damage|p2a: Giratina|90\/100\n|-unboost|p2a: Giratina|spe|1\n|\n|-heal|p2a: Giratina|96\/100|[from] item: Leftovers\n|upkeep\n|turn|2\n|\n|move|p1a: Excadrill|Stealth Rock|p2a: Giratina\n|-sidestart|p2: yhdrslb|move: Stealth Rock\n|move|p2a: Giratina|Will-O-Wisp|p1a: Excadrill\n|-status|p1a: Excadrill|brn\n|\n|-heal|p2a: Giratina|100\/100|[from] item: Leftovers\n|-damage|p1a: Excadrill|94\/100 brn|[from] brn\n|upkeep\n|turn|3\n|\n|switch|p1a: Xerneas|Xerneas|100\/100\n|-ability|p1a: Xerneas|Fairy Aura\n|switch|p2a: Whimsicott|Whimsicott, M|100\/100\n|-damage|p2a: Whimsicott|88\/100|[from] Stealth Rock\n|\n|upkeep\n|turn|4\n|\n|move|p2a: Whimsicott|Leech Seed|p1a: Xerneas\n|-start|p1a: Xerneas|move: Leech Seed\n|move|p1a: Xerneas|Geomancy||[still]\n|-prepare|p1a: Xerneas|Geomancy|p1a: Xerneas\n|-enditem|p1a: Xerneas|Power Herb\n|-anim|p1a: Xerneas|Geomancy|p1a: Xerneas\n|-boost|p1a: Xerneas|spa|2\n|-boost|p1a: Xerneas|spd|2\n|-boost|p1a: Xerneas|spe|2\n|\n|-damage|p1a: Xerneas|88\/100|[from] Leech Seed|[of] p2a: Whimsicott\n|-heal|p2a: Whimsicott|100\/100|[silent]\n|upkeep\n|turn|5\n|\n|move|p2a: Whimsicott|Substitute|p2a: Whimsicott\n|-start|p2a: Whimsicott|Substitute\n|-damage|p2a: Whimsicott|76\/100\n|move|p1a: Xerneas|Moonblast|p2a: Whimsicott\n|-end|p2a: Whimsicott|Substitute\n|\n|-damage|p1a: Xerneas|76\/100|[from] Leech Seed|[of] p2a: Whimsicott\n|-heal|p2a: Whimsicott|91\/100|[silent]\n|upkeep\n|turn|6\n|\n|switch|p1a: Rayquaza|Rayquaza|100\/100\n|-ability|p1a: Rayquaza|Air Lock\n|move|p2a: Whimsicott|Substitute|p2a: Whimsicott\n|-start|p2a: Whimsicott|Substitute\n|-damage|p2a: Whimsicott|66\/100\n|\n|upkeep\n|turn|7\n|j| DVoidZeta\n|inactive|yhdrslb has 120 seconds left.\n|\n|detailschange|p1a: Rayquaza|Rayquaza-Mega\n|-mega|p1a: Rayquaza|Rayquaza|\n|-weather|DeltaStream|[from] ability: Delta Stream|[of] p1a: Rayquaza\n|move|p2a: Whimsicott|Leech Seed|p1a: Rayquaza\n|-start|p1a: Rayquaza|move: Leech Seed\n|move|p1a: Rayquaza|Dragon Ascent|p2a: Whimsicott\n|-supereffective|p2a: Whimsicott\n|-end|p2a: Whimsicott|Substitute\n|-unboost|p1a: Rayquaza|def|1\n|-unboost|p1a: Rayquaza|spd|1\n|-damage|p1a: Rayquaza|91\/100|[from] item: Life Orb\n|\n|-weather|DeltaStream|[upkeep]\n|-damage|p1a: Rayquaza|78\/100|[from] Leech Seed|[of] p2a: Whimsicott\n|-heal|p2a: Whimsicott|79\/100|[silent]\n|upkeep\n|turn|8\n|inactive|yhdrslb has 120 seconds left.\n|\n|move|p1a: Rayquaza|Extreme Speed|p2a: Whimsicott\n|-damage|p2a: Whimsicott|41\/100\n|-damage|p1a: Rayquaza|68\/100|[from] item: Life Orb\n|move|p2a: Whimsicott|Substitute|p2a: Whimsicott\n|-start|p2a: Whimsicott|Substitute\n|-damage|p2a: Whimsicott|16\/100\n|\n|-weather|DeltaStream|[upkeep]\n|-damage|p1a: Rayquaza|56\/100|[from] Leech Seed|[of] p2a: Whimsicott\n|-heal|p2a: Whimsicott|29\/100|[silent]\n|upkeep\n|turn|9\n|l| DVoidZeta\n|\n|move|p2a: Whimsicott|Defog|p1a: Rayquaza\n|-unboost|p1a: Rayquaza|evasion|1\n|-sideend|p2: yhdrslb|Stealth Rock|[from] move: Defog|[of] p2a: Whimsicott\n|move|p1a: Rayquaza|Dragon Ascent|p2a: Whimsicott\n|-supereffective|p2a: Whimsicott\n|-end|p2a: Whimsicott|Substitute\n|-unboost|p1a: Rayquaza|def|1\n|-unboost|p1a: Rayquaza|spd|1\n|-damage|p1a: Rayquaza|46\/100|[from] item: Life Orb\n|\n|-weather|DeltaStream|[upkeep]\n|-damage|p1a: Rayquaza|34\/100|[from] Leech Seed|[of] p2a: Whimsicott\n|-heal|p2a: Whimsicott|43\/100|[silent]\n|upkeep\n|turn|10\n|\n|switch|p2a: Lugia|Lugia|100\/100\n|move|p1a: Rayquaza|Extreme Speed|p2a: Lugia\n|-crit|p2a: Lugia\n|-damage|p2a: Lugia|82\/100\n|-damage|p1a: Rayquaza|24\/100|[from] item: Life Orb\n|\n|-weather|DeltaStream|[upkeep]\n|-heal|p2a: Lugia|88\/100|[from] item: Leftovers\n|-damage|p1a: Rayquaza|12\/100|[from] Leech Seed|[of] p2a: Lugia\n|-heal|p2a: Lugia|99\/100|[silent]\n|upkeep\n|turn|11\n|\n|-weather|none\n|switch|p1a: Smeargle|Smeargle, F|100\/100\n|move|p2a: Lugia|Roost|p2a: Lugia\n|-heal|p2a: Lugia|100\/100\n|-singleturn|p2a: Lugia|move: Roost\n|\n|-ability|p1a: Smeargle|Moody|boost\n|-boost|p1a: Smeargle|spa|2\n|-unboost|p1a: Smeargle|spd|1\n|upkeep\n|turn|12\n|\n|switch|p2a: Espeon|Espeon, F|100\/100\n|move|p1a: Smeargle|Baton Pass|p1a: Smeargle\n|\n|switch|p1a: Xerneas|Xerneas|76\/100|[from]move: Baton Pass\n|-ability|p1a: Xerneas|Fairy Aura\n|\n|upkeep\n|turn|13\n|\n|switch|p2a: Lugia|Lugia|100\/100\n|move|p1a: Xerneas|Moonblast|p2a: Lugia\n|-damage|p2a: Lugia|64\/100\n|\n|-heal|p2a: Lugia|70\/100|[from] item: Leftovers\n|upkeep\n|turn|14\n|\n|switch|p2a: Smeargle|Smeargle, M|100\/100\n|move|p1a: Xerneas|Moonblast|p2a: Smeargle\n|-enditem|p2a: Smeargle|Focus Sash\n|-damage|p2a: Smeargle|1\/100\n|\n|-ability|p2a: Smeargle|Moody|boost\n|-boost|p2a: Smeargle|def|2\n|-unboost|p2a: Smeargle|spe|1\n|upkeep\n|turn|15\n|\n|move|p1a: Xerneas|Moonblast|p2a: Smeargle\n|-damage|p2a: Smeargle|0 fnt\n|faint|p2a: Smeargle\n|\n|upkeep\n|\n|switch|p2a: Rayquaza|Rayquaza|100\/100\n|-ability|p2a: Rayquaza|Air Lock\n|turn|16\n|\n|detailschange|p2a: Rayquaza|Rayquaza-Mega\n|-mega|p2a: Rayquaza|Rayquaza|\n|-weather|DeltaStream|[from] ability: Delta Stream|[of] p2a: Rayquaza\n|move|p2a: Rayquaza|Dragon Ascent|p1a: Xerneas\n|-damage|p1a: Xerneas|0 fnt\n|-unboost|p2a: Rayquaza|def|1\n|-unboost|p2a: Rayquaza|spd|1\n|-damage|p2a: Rayquaza|91\/100|[from] item: Life Orb\n|faint|p1a: Xerneas\n|\n|-weather|DeltaStream|[upkeep]\n|upkeep\n|\n|switch|p1a: Arceus|Arceus-Ghost|100\/100\n|turn|17\n|\n|-weather|none\n|switch|p2a: Giratina|Giratina|100\/100\n|-ability|p2a: Giratina|Pressure\n|move|p1a: Arceus|Swords Dance|p1a: Arceus\n|-boost|p1a: Arceus|atk|2\n|\n|upkeep\n|turn|18\n|\n|-start|p1a: Arceus|Dynamax\n|-heal|p1a: Arceus|100\/100|[silent]\n|-start|p2a: Giratina|Dynamax\n|-heal|p2a: Giratina|100\/100|[silent]\n|move|p2a: Giratina|Max Guard|p2a: Giratina\n|-singleturn|p2a: Giratina|Max Guard\n|move|p1a: Arceus|Max Phantasm|p2a: Giratina\n|-activate|p2a: Giratina|move: Max Guard\n|\n|upkeep\n|turn|19\n|\n|move|p1a: Arceus|Max Phantasm|p2a: Giratina\n|-supereffective|p2a: Giratina\n|-damage|p2a: Giratina|12\/100\n|-unboost|p2a: Giratina|def|1\n|move|p2a: Giratina|Max Wyrmwind|p1a: Arceus\n|-damage|p1a: Arceus|89\/100\n|-unboost|p1a: Arceus|atk|1\n|\n|-heal|p2a: Giratina|15\/100|[from] item: Leftovers\n|upkeep\n|turn|20\n|\n|move|p1a: Arceus|Max Phantasm|p2a: Giratina\n|-supereffective|p2a: Giratina\n|-damage|p2a: Giratina|0 fnt\n|faint|p2a: Giratina\n|\n|-end|p1a: Arceus|Dynamax\n|-heal|p1a: Arceus|89\/100|[silent]\n|upkeep\n|j| Niyousha\n|\n|switch|p2a: Espeon|Espeon, F|100\/100\n|turn|21\n|\n|move|p2a: Espeon|Reflect|p2a: Espeon\n|-sidestart|p2: yhdrslb|Reflect\n|move|p1a: Arceus|Swords Dance|p1a: Arceus\n|-boost|p1a: Arceus|atk|2\n|\n|upkeep\n|turn|22\n|\n|switch|p2a: Lugia|Lugia|70\/100\n|move|p1a: Arceus|Shadow Force||[still]\n|-prepare|p1a: Arceus|Shadow Force|p2a: Lugia\n|\n|-heal|p2a: Lugia|76\/100|[from] item: Leftovers\n|upkeep\n|turn|23\n|\n|move|p1a: Arceus|Shadow Force|p2a: Lugia|[from]lockedmove\n|-supereffective|p2a: Lugia\n|-damage|p2a: Lugia|0 fnt\n|faint|p2a: Lugia\n|\n|upkeep\n|\n|switch|p2a: Rayquaza|Rayquaza-Mega|91\/100\n|-weather|DeltaStream|[from] ability: Delta Stream|[of] p2a: Rayquaza\n|turn|24\n|\n|move|p1a: Arceus|Shadow Force||[still]\n|-prepare|p1a: Arceus|Shadow Force|p2a: Rayquaza\n|move|p2a: Rayquaza|Dragon Dance|p2a: Rayquaza\n|-boost|p2a: Rayquaza|atk|1\n|-boost|p2a: Rayquaza|spe|1\n|\n|-weather|DeltaStream|[upkeep]\n|upkeep\n|turn|25\n|\n|move|p2a: Rayquaza|Dragon Dance|p2a: Rayquaza\n|-boost|p2a: Rayquaza|atk|1\n|-boost|p2a: Rayquaza|spe|1\n|move|p1a: Arceus|Shadow Force|p2a: Rayquaza|[from]lockedmove\n|-damage|p2a: Rayquaza|0 fnt\n|faint|p2a: Rayquaza\n|-weather|none\n|\n|-sideend|p2: yhdrslb|Reflect\n|upkeep\n|-message|yhdrslb forfeited.\n|\n|win|a bread sandwich\n|l|\u2606yhdrslb\n|raw|a bread sandwich's rating: 1855 &rarr; <strong>1859<\/strong><br \/>(+4 for winning)\n|raw|yhdrslb's rating: 1468 &rarr; <strong>1464<\/strong><br \/>(-4 for losing)\n|l|\u2606a bread sandwich\n","uploadtime":1582935671,"views":34,"p1id":"abreadsandwich","p2id":"yhdrslb","formatid":"gen8nationaldexag","rating":1464,"private":0,"password":null}