{"id":"gen8almostanyability-1692750704","p1":"Jpalma9","p2":"MurderousMantyke","format":"gen8almostanyability","log":"|j|\u2606Jpalma9\n|j|\u2606MurderousMantyke\n|t:|1666530481\n|gametype|singles\n|player|p1|Jpalma9|volkner|1337\n|player|p2|MurderousMantyke|#helpstaffxmas|1460\n|teamsize|p1|6\n|teamsize|p2|6\n|gen|8\n|tier|[Gen 8] Almost Any Ability\n|rated|\n|rule|Species Clause: Limit one of each Pok\u00e9mon\n|rule|OHKO Clause: OHKO moves are banned\n|rule|Evasion Moves Clause: Evasion moves are banned\n|rule|Endless Battle Clause: Forcing endless battles is banned\n|rule|Dynamax Clause: You cannot dynamax\n|rule|HP Percentage Mod: HP is shown in percentages\n|rule|2 Ability Clause: Limit two of each ability\n|rule|Sleep Clause: Sleep-inducing moves are banned\n|clearpoke\n|poke|p1|Chandelure, F|\n|poke|p1|Blissey, F|\n|poke|p1|Swampert, M|\n|poke|p1|Barraskewda, M|\n|poke|p1|Corviknight, F|\n|poke|p1|Azelf|\n|poke|p2|Zapdos|\n|poke|p2|Zarude|\n|poke|p2|Latias, F|\n|poke|p2|Landorus-Therian, M|\n|poke|p2|Heatran, M|\n|poke|p2|Corviknight, F|\n|teampreview\n|c|\u2606MurderousMantyke|hf\n|c|\u2606Jpalma9|glhf\n|\n|t:|1666530522\n|start\n|switch|p1a: SHARK BAIT|Barraskewda, M|100\/100\n|switch|p2a: Latias|Latias, F|100\/100\n|-weather|PrimordialSea|[from] ability: Primordial Sea|[of] p1a: SHARK BAIT\n|turn|1\n|\n|t:|1666530530\n|move|p2a: Latias|Trick|p1a: SHARK BAIT\n|-activate|p2a: Latias|move: Trick|[of] p1a: SHARK BAIT\n|-item|p1a: SHARK BAIT|Choice Scarf|[from] move: Trick\n|-item|p2a: Latias|Choice Band|[from] move: Trick\n|move|p1a: SHARK BAIT|Liquidation|p2a: Latias\n|-resisted|p2a: Latias\n|-damage|p2a: Latias|69\/100\n|-unboost|p2a: Latias|def|1\n|\n|-weather|PrimordialSea|[upkeep]\n|upkeep\n|turn|2\n|\n|t:|1666530540\n|move|p1a: SHARK BAIT|Liquidation|p2a: Latias\n|-resisted|p2a: Latias\n|-damage|p2a: Latias|21\/100\n|move|p2a: Latias|Future Sight|p1a: SHARK BAIT\n|-start|p2a: Latias|move: Future Sight\n|\n|-weather|PrimordialSea|[upkeep]\n|upkeep\n|turn|3\n|\n|t:|1666530545\n|switch|p2a: Corviknight|Corviknight, F|100\/100\n|-ability|p2a: Corviknight|Intimidate|boost\n|-unboost|p1a: SHARK BAIT|atk|1\n|move|p1a: SHARK BAIT|Liquidation|p2a: Corviknight\n|-damage|p2a: Corviknight|75\/100\n|-damage|p1a: SHARK BAIT|84\/100|[from] item: Rocky Helmet|[of] p2a: Corviknight\n|\n|-weather|PrimordialSea|[upkeep]\n|upkeep\n|turn|4\n|\n|t:|1666530553\n|-weather|none\n|switch|p1a: BETTER BITCHES|Corviknight, F|100\/100\n|-ability|p1a: BETTER BITCHES|Intimidate|boost\n|-unboost|p2a: Corviknight|atk|1\n|move|p2a: Corviknight|U-turn|p1a: BETTER BITCHES\n|-resisted|p1a: BETTER BITCHES\n|-damage|p1a: BETTER BITCHES|99\/100\n|\n|t:|1666530567\n|switch|p2a: Latias|Latias, F|55\/100|[from]move: U-turn\n|\n|-end|p1a: BETTER BITCHES|move: Future Sight\n|-resisted|p1a: BETTER BITCHES\n|-damage|p1a: BETTER BITCHES|78\/100\n|-heal|p1a: BETTER BITCHES|84\/100|[from] item: Leftovers\n|upkeep\n|turn|5\n|\n|t:|1666530573\n|move|p2a: Latias|Trick|p1a: BETTER BITCHES\n|-activate|p2a: Latias|move: Trick|[of] p1a: BETTER BITCHES\n|-item|p1a: BETTER BITCHES|Choice Band|[from] move: Trick\n|-item|p2a: Latias|Leftovers|[from] move: Trick\n|move|p1a: BETTER BITCHES|U-turn|p2a: Latias\n|-supereffective|p2a: Latias\n|-damage|p2a: Latias|17\/100\n|\n|t:|1666530582\n|switch|p1a: SHARK BAIT|Barraskewda, M|84\/100|[from]move: U-turn\n|-weather|PrimordialSea|[from] ability: Primordial Sea|[of] p1a: SHARK BAIT\n|\n|-weather|PrimordialSea|[upkeep]\n|-heal|p2a: Latias|23\/100|[from] item: Leftovers\n|upkeep\n|turn|6\n|\n|t:|1666530586\n|switch|p2a: Corviknight|Corviknight, F|75\/100\n|-ability|p2a: Corviknight|Intimidate|boost\n|-unboost|p1a: SHARK BAIT|atk|1\n|move|p1a: SHARK BAIT|Liquidation|p2a: Corviknight\n|-damage|p2a: Corviknight|50\/100\n|-damage|p1a: SHARK BAIT|68\/100|[from] item: Rocky Helmet|[of] p2a: Corviknight\n|\n|-weather|PrimordialSea|[upkeep]\n|upkeep\n|turn|7\n|\n|t:|1666530595\n|-weather|none\n|switch|p1a: PAPA JOHN|Swampert, M|100\/100\n|move|p2a: Corviknight|Roost|p2a: Corviknight\n|-heal|p2a: Corviknight|99\/100\n|-singleturn|p2a: Corviknight|move: Roost\n|\n|upkeep\n|turn|8\n|j| Kjarlo\n|\n|t:|1666530608\n|switch|p2a: Landorus|Landorus-Therian, M|100\/100\n|move|p1a: PAPA JOHN|Flip Turn|p2a: Landorus\n|-supereffective|p2a: Landorus\n|-damage|p2a: Landorus|58\/100\n|l| Kjarlo\n|\n|t:|1666530617\n|switch|p1a: SHARK BAIT|Barraskewda, M|68\/100|[from]move: Flip Turn\n|-weather|PrimordialSea|[from] ability: Primordial Sea|[of] p1a: SHARK BAIT\n|\n|-weather|PrimordialSea|[upkeep]\n|upkeep\n|turn|9\n|\n|t:|1666530651\n|switch|p2a: Corviknight|Corviknight, F|99\/100\n|-ability|p2a: Corviknight|Intimidate|boost\n|-unboost|p1a: SHARK BAIT|atk|1\n|move|p1a: SHARK BAIT|Flip Turn|p2a: Corviknight\n|-damage|p2a: Corviknight|82\/100\n|-damage|p1a: SHARK BAIT|51\/100|[from] item: Rocky Helmet|[of] p2a: Corviknight\n|\n|t:|1666530655\n|-weather|none\n|switch|p1a: I WANNA SWING|Chandelure, F|100\/100|[from]move: Flip Turn\n|\n|upkeep\n|turn|10\n|\n|t:|1666530665\n|switch|p2a: Landorus|Landorus-Therian, M|91\/100\n|move|p1a: I WANNA SWING|Substitute|p1a: I WANNA SWING\n|-start|p1a: I WANNA SWING|Substitute\n|-damage|p1a: I WANNA SWING|76\/100\n|\n|upkeep\n|turn|11\n|\n|t:|1666530702\n|move|p1a: I WANNA SWING|Shadow Ball|p2a: Landorus\n|-damage|p2a: Landorus|46\/100\n|move|p2a: Landorus|Knock Off|p1a: I WANNA SWING\n|-supereffective|p1a: I WANNA SWING\n|-end|p1a: I WANNA SWING|Substitute\n|\n|upkeep\n|turn|12\n|\n|t:|1666530718\n|switch|p1a: PAPA JOHN|Swampert, M|100\/100\n|move|p2a: Landorus|Earthquake|p1a: PAPA JOHN\n|-damage|p1a: PAPA JOHN|71\/100\n|\n|upkeep\n|turn|13\n|\n|t:|1666530728\n|move|p2a: Landorus|U-turn|p1a: PAPA JOHN\n|-damage|p1a: PAPA JOHN|57\/100\n|-damage|p2a: Landorus|29\/100|[from] item: Rocky Helmet|[of] p1a: PAPA JOHN\n|\n|t:|1666530733\n|switch|p2a: Latias|Latias, F|56\/100|[from]move: U-turn\n|move|p1a: PAPA JOHN|Flip Turn|p2a: Latias\n|-resisted|p2a: Latias\n|-damage|p2a: Latias|45\/100\n|\n|t:|1666530738\n|switch|p1a: I WANNA SWING|Chandelure, F|76\/100|[from]move: Flip Turn\n|\n|-heal|p2a: Latias|51\/100|[from] item: Leftovers\n|upkeep\n|turn|14\n|\n|t:|1666530743\n|move|p2a: Latias|Draco Meteor|p1a: I WANNA SWING\n|-damage|p1a: I WANNA SWING|7\/100\n|-unboost|p2a: Latias|spa|2\n|move|p1a: I WANNA SWING|Shadow Ball|p2a: Latias\n|-supereffective|p2a: Latias\n|-damage|p2a: Latias|0 fnt\n|faint|p2a: Latias\n|\n|upkeep\n|\n|t:|1666530748\n|switch|p2a: Zarude|Zarude|100\/100\n|turn|15\n|\n|t:|1666530753\n|move|p2a: Zarude|Darkest Lariat|p1a: I WANNA SWING\n|-supereffective|p1a: I WANNA SWING\n|-damage|p1a: I WANNA SWING|0 fnt\n|faint|p1a: I WANNA SWING\n|\n|upkeep\n|\n|t:|1666530759\n|switch|p1a: SHARK BAIT|Barraskewda, M|51\/100\n|-weather|PrimordialSea|[from] ability: Primordial Sea|[of] p1a: SHARK BAIT\n|turn|16\n|\n|t:|1666530764\n|move|p1a: SHARK BAIT|Flip Turn|p2a: Zarude\n|-resisted|p2a: Zarude\n|-damage|p2a: Zarude|80\/100\n|\n|t:|1666530766\n|-weather|none\n|switch|p1a: BETTER BITCHES|Corviknight, F|84\/100|[from]move: Flip Turn\n|-ability|p1a: BETTER BITCHES|Intimidate|boost\n|-unboost|p2a: Zarude|atk|1\n|move|p2a: Zarude|Darkest Lariat|p1a: BETTER BITCHES\n|-damage|p1a: BETTER BITCHES|54\/100\n|\n|upkeep\n|turn|17\n|\n|t:|1666530773\n|switch|p2a: Zapdos|Zapdos|100\/100\n|-weather|PrimordialSea|[from] ability: Primordial Sea|[of] p2a: Zapdos\n|move|p1a: BETTER BITCHES|U-turn|p2a: Zapdos\n|-resisted|p2a: Zapdos\n|-damage|p2a: Zapdos|90\/100\n|\n|t:|1666530779\n|switch|p1a: SHARK BAIT|Barraskewda, M|51\/100|[from]move: U-turn\n|\n|-weather|PrimordialSea|[upkeep]\n|upkeep\n|turn|18\n|\n|t:|1666530786\n|switch|p2a: Corviknight|Corviknight, F|82\/100\n|-ability|p2a: Corviknight|Intimidate|boost\n|-unboost|p1a: SHARK BAIT|atk|1\n|move|p1a: SHARK BAIT|Flip Turn|p2a: Corviknight\n|-damage|p2a: Corviknight|64\/100\n|-damage|p1a: SHARK BAIT|35\/100|[from] item: Rocky Helmet|[of] p2a: Corviknight\n|\n|t:|1666530794\n|-weather|none\n|switch|p1a: LIZZO|Blissey, F|100\/100|[from]move: Flip Turn\n|\n|upkeep\n|turn|19\n|\n|t:|1666530799\n|move|p2a: Corviknight|U-turn|p1a: LIZZO\n|-damage|p1a: LIZZO|86\/100\n|\n|t:|1666530803\n|switch|p2a: Zarude|Zarude|80\/100|[from]move: U-turn\n|move|p1a: LIZZO|Teleport|p1a: LIZZO\n|\n|t:|1666530806\n|switch|p1a: TWINKERBELL|Azelf|100\/100|[from]move: Teleport\n|-fieldstart|move: Psychic Terrain|[from] ability: Psychic Surge|[of] p1a: TWINKERBELL\n|\n|upkeep\n|turn|20\n|\n|t:|1666530810\n|switch|p2a: Corviknight|Corviknight, F|64\/100\n|-ability|p2a: Corviknight|Intimidate|boost\n|-unboost|p1a: TWINKERBELL|atk|1\n|move|p1a: TWINKERBELL|U-turn|p2a: Corviknight\n|-resisted|p2a: Corviknight\n|-damage|p2a: Corviknight|63\/100\n|-damage|p1a: TWINKERBELL|84\/100|[from] item: Rocky Helmet|[of] p2a: Corviknight\n|\n|t:|1666530814\n|switch|p1a: LIZZO|Blissey, F|100\/100|[from]move: U-turn\n|\n|upkeep\n|turn|21\n|\n|t:|1666530822\n|move|p2a: Corviknight|Roost|p2a: Corviknight\n|-heal|p2a: Corviknight|100\/100\n|-singleturn|p2a: Corviknight|move: Roost\n|move|p1a: LIZZO|Teleport|p1a: LIZZO\n|\n|t:|1666530825\n|switch|p1a: TWINKERBELL|Azelf|84\/100|[from]move: Teleport\n|\n|upkeep\n|turn|22\n|\n|t:|1666530831\n|move|p1a: TWINKERBELL|Trick|p2a: Corviknight\n|-activate|p1a: TWINKERBELL|move: Trick|[of] p2a: Corviknight\n|-item|p2a: Corviknight|Choice Scarf|[from] move: Trick\n|-item|p1a: TWINKERBELL|Rocky Helmet|[from] move: Trick\n|move|p2a: Corviknight|U-turn|p1a: TWINKERBELL\n|-supereffective|p1a: TWINKERBELL\n|-damage|p1a: TWINKERBELL|42\/100\n|-damage|p2a: Corviknight|84\/100|[from] item: Rocky Helmet|[of] p1a: TWINKERBELL\n|\n|t:|1666530839\n|switch|p2a: Landorus|Landorus-Therian, M|63\/100|[from]move: U-turn\n|\n|upkeep\n|turn|23\n|\n|t:|1666530846\n|move|p1a: TWINKERBELL|U-turn|p2a: Landorus\n|-resisted|p2a: Landorus\n|-damage|p2a: Landorus|54\/100\n|\n|t:|1666530848\n|switch|p1a: BETTER BITCHES|Corviknight, F|54\/100|[from]move: U-turn\n|-ability|p1a: BETTER BITCHES|Intimidate|boost\n|-unboost|p2a: Landorus|atk|1\n|move|p2a: Landorus|U-turn|p1a: BETTER BITCHES\n|-resisted|p1a: BETTER BITCHES\n|-damage|p1a: BETTER BITCHES|52\/100\n|\n|t:|1666530857\n|switch|p2a: Zapdos|Zapdos|90\/100|[from]move: U-turn\n|-weather|PrimordialSea|[from] ability: Primordial Sea|[of] p2a: Zapdos\n|\n|-weather|PrimordialSea|[upkeep]\n|-fieldend|move: Psychic Terrain\n|upkeep\n|turn|24\n|\n|t:|1666530861\n|switch|p1a: LIZZO|Blissey, F|100\/100\n|move|p2a: Zapdos|Volt Switch|p1a: LIZZO\n|-crit|p1a: LIZZO\n|-damage|p1a: LIZZO|80\/100\n|\n|t:|1666530864\n|-weather|none\n|switch|p2a: Zarude|Zarude|80\/100|[from]move: Volt Switch\n|\n|upkeep\n|turn|25\n|\n|t:|1666530872\n|switch|p1a: BETTER BITCHES|Corviknight, F|52\/100\n|-ability|p1a: BETTER BITCHES|Intimidate|boost\n|-unboost|p2a: Zarude|atk|1\n|move|p2a: Zarude|Darkest Lariat|p1a: BETTER BITCHES\n|-damage|p1a: BETTER BITCHES|18\/100\n|\n|upkeep\n|turn|26\n|\n|t:|1666530876\n|move|p2a: Zarude|Darkest Lariat|p1a: BETTER BITCHES\n|-damage|p1a: BETTER BITCHES|0 fnt\n|faint|p1a: BETTER BITCHES\n|\n|upkeep\n|\n|t:|1666530879\n|switch|p1a: TWINKERBELL|Azelf|42\/100\n|-fieldstart|move: Psychic Terrain|[from] ability: Psychic Surge|[of] p1a: TWINKERBELL\n|turn|27\n|\n|t:|1666530886\n|switch|p2a: Corviknight|Corviknight, F|84\/100\n|-ability|p2a: Corviknight|Intimidate|boost\n|-unboost|p1a: TWINKERBELL|atk|1\n|move|p1a: TWINKERBELL|U-turn|p2a: Corviknight\n|-resisted|p2a: Corviknight\n|-damage|p2a: Corviknight|82\/100\n|\n|t:|1666530892\n|switch|p1a: SHARK BAIT|Barraskewda, M|35\/100|[from]move: U-turn\n|-weather|PrimordialSea|[from] ability: Primordial Sea|[of] p1a: SHARK BAIT\n|\n|-weather|PrimordialSea|[upkeep]\n|upkeep\n|turn|28\n|\n|t:|1666530899\n|move|p1a: SHARK BAIT|Liquidation|p2a: Corviknight\n|-damage|p2a: Corviknight|44\/100\n|move|p2a: Corviknight|U-turn|p1a: SHARK BAIT\n|-damage|p1a: SHARK BAIT|5\/100\n|\n|t:|1666530906\n|switch|p2a: Zarude|Zarude|80\/100|[from]move: U-turn\n|\n|-weather|PrimordialSea|[upkeep]\n|upkeep\n|turn|29\n|\n|t:|1666530909\n|move|p1a: SHARK BAIT|Liquidation|p2a: Zarude\n|-resisted|p2a: Zarude\n|-damage|p2a: Zarude|51\/100\n|-unboost|p2a: Zarude|def|1\n|move|p2a: Zarude|Power Whip|p1a: SHARK BAIT|[miss]\n|-miss|p2a: Zarude|p1a: SHARK BAIT\n|\n|-weather|PrimordialSea|[upkeep]\n|upkeep\n|turn|30\n|\n|t:|1666530921\n|switch|p2a: Corviknight|Corviknight, F|44\/100\n|-ability|p2a: Corviknight|Intimidate|boost\n|-unboost|p1a: SHARK BAIT|atk|1\n|move|p1a: SHARK BAIT|Liquidation|p2a: Corviknight\n|-damage|p2a: Corviknight|20\/100\n|\n|-weather|PrimordialSea|[upkeep]\n|upkeep\n|turn|31\n|\n|t:|1666530925\n|move|p1a: SHARK BAIT|Liquidation|p2a: Corviknight\n|-damage|p2a: Corviknight|0 fnt\n|faint|p2a: Corviknight\n|\n|-weather|PrimordialSea|[upkeep]\n|-fieldend|move: Psychic Terrain\n|upkeep\n|\n|t:|1666530931\n|switch|p2a: Zapdos|Zapdos|90\/100\n|turn|32\n|\n|t:|1666530935\n|switch|p1a: PAPA JOHN|Swampert, M|90\/100\n|move|p2a: Zapdos|Volt Switch|p1a: PAPA JOHN\n|-immune|p1a: PAPA JOHN\n|\n|-weather|PrimordialSea|[upkeep]\n|upkeep\n|turn|33\n|\n|t:|1666530938\n|move|p2a: Zapdos|Weather Ball|p1a: PAPA JOHN\n|-damage|p1a: PAPA JOHN|36\/100\n|move|p1a: PAPA JOHN|Flip Turn|p2a: Zapdos\n|-damage|p2a: Zapdos|56\/100\n|\n|t:|1666530943\n|switch|p1a: SHARK BAIT|Barraskewda, M|5\/100|[from]move: Flip Turn\n|\n|-weather|PrimordialSea|[upkeep]\n|upkeep\n|turn|34\n|\n|t:|1666530948\n|move|p1a: SHARK BAIT|Liquidation|p2a: Zapdos\n|-damage|p2a: Zapdos|0 fnt\n|faint|p2a: Zapdos\n|\n|-weather|PrimordialSea|[upkeep]\n|upkeep\n|\n|t:|1666530952\n|switch|p2a: Zarude|Zarude|51\/100\n|turn|35\n|\n|t:|1666530956\n|-weather|none\n|switch|p1a: PAPA JOHN|Swampert, M|69\/100\n|move|p2a: Zarude|Power Whip|p1a: PAPA JOHN\n|-supereffective|p1a: PAPA JOHN\n|-damage|p1a: PAPA JOHN|0 fnt\n|-damage|p2a: Zarude|34\/100|[from] item: Rocky Helmet|[of] p1a: PAPA JOHN\n|faint|p1a: PAPA JOHN\n|\n|upkeep\n|\n|t:|1666530958\n|switch|p1a: TWINKERBELL|Azelf|42\/100\n|-fieldstart|move: Psychic Terrain|[from] ability: Psychic Surge|[of] p1a: TWINKERBELL\n|turn|36\n|\n|t:|1666530964\n|switch|p2a: Landorus|Landorus-Therian, M|88\/100\n|move|p1a: TWINKERBELL|U-turn|p2a: Landorus\n|-resisted|p2a: Landorus\n|-damage|p2a: Landorus|79\/100\n|\n|t:|1666530968\n|switch|p1a: SHARK BAIT|Barraskewda, M|5\/100|[from]move: U-turn\n|-weather|PrimordialSea|[from] ability: Primordial Sea|[of] p1a: SHARK BAIT\n|\n|-weather|PrimordialSea|[upkeep]\n|upkeep\n|turn|37\n|\n|t:|1666530972\n|switch|p2a: Heatran|Heatran, M|100\/100\n|move|p1a: SHARK BAIT|Liquidation|p2a: Heatran\n|-supereffective|p2a: Heatran\n|-damage|p2a: Heatran|0 fnt\n|faint|p2a: Heatran\n|\n|-weather|PrimordialSea|[upkeep]\n|upkeep\n|\n|t:|1666530977\n|switch|p2a: Zarude|Zarude|34\/100\n|turn|38\n|\n|t:|1666530984\n|-weather|none\n|switch|p1a: LIZZO|Blissey, F|100\/100\n|move|p2a: Zarude|U-turn|p1a: LIZZO\n|-damage|p1a: LIZZO|55\/100\n|\n|t:|1666530990\n|switch|p2a: Landorus|Landorus-Therian, M|100\/100|[from]move: U-turn\n|\n|upkeep\n|turn|39\n|\n|t:|1666530994\n|move|p2a: Landorus|Knock Off|p1a: LIZZO\n|-damage|p1a: LIZZO|27\/100\n|-enditem|p1a: LIZZO|Heavy-Duty Boots|[from] move: Knock Off|[of] p2a: Landorus\n|move|p1a: LIZZO|Seismic Toss|p2a: Landorus\n|-damage|p2a: Landorus|74\/100\n|\n|upkeep\n|turn|40\n|\n|t:|1666531000\n|move|p2a: Landorus|Earthquake|p1a: LIZZO\n|-damage|p1a: LIZZO|0 fnt\n|faint|p1a: LIZZO\n|\n|-fieldend|move: Psychic Terrain\n|upkeep\n|\n|t:|1666531002\n|switch|p1a: SHARK BAIT|Barraskewda, M|5\/100\n|-weather|PrimordialSea|[from] ability: Primordial Sea|[of] p1a: SHARK BAIT\n|turn|41\n|\n|t:|1666531007\n|move|p1a: SHARK BAIT|Liquidation|p2a: Landorus\n|-supereffective|p2a: Landorus\n|-damage|p2a: Landorus|0 fnt\n|faint|p2a: Landorus\n|\n|-weather|PrimordialSea|[upkeep]\n|upkeep\n|\n|t:|1666531015\n|switch|p2a: Zarude|Zarude|34\/100\n|turn|42\n|\n|t:|1666531021\n|move|p1a: SHARK BAIT|Liquidation|p2a: Zarude\n|-resisted|p2a: Zarude\n|-damage|p2a: Zarude|3\/100\n|move|p2a: Zarude|Darkest Lariat|p1a: SHARK BAIT\n|-damage|p1a: SHARK BAIT|0 fnt\n|faint|p1a: SHARK BAIT\n|-weather|none\n|\n|upkeep\n|\n|t:|1666531025\n|switch|p1a: TWINKERBELL|Azelf|42\/100\n|-fieldstart|move: Psychic Terrain|[from] ability: Psychic Surge|[of] p1a: TWINKERBELL\n|turn|43\n|c|\u2606Jpalma9|in no way shape or form i should have won this\n|\n|t:|1666531035\n|move|p1a: TWINKERBELL|U-turn|p2a: Zarude\n|-supereffective|p2a: Zarude\n|-damage|p2a: Zarude|0 fnt\n|faint|p2a: Zarude\n|\n|win|Jpalma9\n|raw|Jpalma9's rating: 1337 &rarr; <strong>1364<\/strong><br \/>(+27 for winning)\n|raw|MurderousMantyke's rating: 1460 &rarr; <strong>1433<\/strong><br \/>(-27 for losing)\n|c|\u2606MurderousMantyke|gg\n|c|\u2606Jpalma9|gg\n|c|\u2606MurderousMantyke|ye lol\n|c|\u2606Jpalma9|i played shit\n|c|\u2606MurderousMantyke|same\n|l|\u2606MurderousMantyke\n|c|\u2606Jpalma9|have a nice day mate\n|l|\u2606Jpalma9\n|j|\u2606Jpalma9\n|player|p1|Jpalma9|volkner\n||Ladder isn't responding, score probably updated but might not have (Request timeout).\n","uploadtime":1666531068,"views":12,"p1id":"jpalma9","p2id":"murderousmantyke","formatid":"gen8almostanyability","rating":1364,"private":0,"password":null}