{"id":"gen8battlefactory-1700821409","p1":"jianzhang106\u8230\u957f","p2":"yokobaby","format":"gen8battlefactory","log":"|j|\u2606jianzhang106\u8230\u957f\n|j|\u2606yokobaby\n|t:|1667389993\n|gametype|singles\n|player|p1|jianzhang106\u8230\u957f|101|\n|player|p2|yokobaby|cynthia-masters|\n|teamsize|p1|6\n|teamsize|p2|6\n|gen|8\n|tier|[Gen 8] Battle Factory\n|rated|Tournament battle\n|rule|Sleep Clause Mod: Limit one foe put to sleep\n|rule|Species Clause: Limit one of each Pok\u00e9mon\n|rule|OHKO Clause: OHKO moves are banned\n|rule|Evasion Items Clause: Evasion items are banned\n|rule|Evasion Moves Clause: Evasion moves are banned\n|rule|Endless Battle Clause: Forcing endless battles is banned\n|rule|HP Percentage Mod: HP is shown in percentages\n|rule|Dynamax Clause: You cannot dynamax\n|clearpoke\n|poke|p1|Articuno-Galar|\n|poke|p1|Vikavolt, M|\n|poke|p1|Lurantis, F|\n|poke|p1|Cinccino, F|\n|poke|p1|Lanturn, F|\n|poke|p1|Gigalith, F|\n|poke|p2|Rotom|\n|poke|p2|Magneton|\n|poke|p2|Sandaconda, F|\n|poke|p2|Jellicent, F|\n|poke|p2|Clefairy, M|\n|poke|p2|Lurantis, F|\n|teampreview\n|j| abingzxcvb\n|j| OF YOUR BUSINESS\n|\n|t:|1667390018\n|start\n|switch|p1a: Cinccino|Cinccino, F|291\/291\n|switch|p2a: Clefairy|Clefairy, M|344\/344\n|turn|1\n|\n|t:|1667390023\n|move|p1a: Cinccino|Tail Slap|p2a: Clefairy\n|-damage|p2a: Clefairy|304\/344\n|-damage|p2a: Clefairy|268\/344\n|-crit|p2a: Clefairy\n|-damage|p2a: Clefairy|210\/344\n|-damage|p2a: Clefairy|171\/344\n|-damage|p2a: Clefairy|129\/344\n|-hitcount|p2a: Clefairy|5\n|move|p2a: Clefairy|Stealth Rock|p1a: Cinccino\n|-sidestart|p1: jianzhang106\u8230\u957f|move: Stealth Rock\n|\n|upkeep\n|turn|2\n|\n|t:|1667390055\n|switch|p2a: Jellicent|Jellicent, F|404\/404\n|move|p1a: Cinccino|Knock Off|p2a: Jellicent\n|-supereffective|p2a: Jellicent\n|-damage|p2a: Jellicent|292\/404\n|\n|upkeep\n|turn|3\n|\n|t:|1667390065\n|switch|p1a: Lanturn|Lanturn, F|413\/413\n|-damage|p1a: Lanturn|362\/413|[from] Stealth Rock\n|move|p2a: Jellicent|Toxic|p1a: Lanturn\n|-status|p1a: Lanturn|tox\n|\n|-heal|p1a: Lanturn|387\/413 tox|[from] item: Leftovers\n|-damage|p1a: Lanturn|362\/413 tox|[from] psn\n|upkeep\n|turn|4\n|\n|t:|1667390075\n|switch|p2a: Sandaconda|Sandaconda, F|348\/348\n|move|p1a: Lanturn|Toxic|p2a: Sandaconda\n|-status|p2a: Sandaconda|tox\n|\n|-heal|p1a: Lanturn|387\/413 tox|[from] item: Leftovers\n|-damage|p2a: Sandaconda|327\/348 tox|[from] psn\n|-damage|p1a: Lanturn|337\/413 tox|[from] psn\n|upkeep\n|turn|5\n|\n|t:|1667390082\n|switch|p2a: Lurantis|Lurantis, F|344\/344\n|switch|p1a: Lurantis|Lurantis, F|344\/344\n|-damage|p1a: Lurantis|301\/344|[from] Stealth Rock\n|\n|upkeep\n|turn|6\n|\n|t:|1667390094\n|switch|p2a: Rotom|Rotom|241\/241\n|move|p1a: Lurantis|Leaf Storm|p2a: Rotom\n|-damage|p2a: Rotom|69\/241\n|-boost|p1a: Lurantis|spa|2\n|\n|upkeep\n|turn|7\n|j|^a456\n|\n|t:|1667390112\n|move|p2a: Rotom|Volt Switch|p1a: Lurantis\n|-resisted|p1a: Lurantis\n|-damage|p1a: Lurantis|250\/344\n|\n|t:|1667390114\n|switch|p2a: Lurantis|Lurantis, F|344\/344\n|move|p1a: Lurantis|Leaf Storm|p2a: Lurantis\n|-resisted|p2a: Lurantis\n|-damage|p2a: Lurantis|212\/344\n|-boost|p1a: Lurantis|spa|2\n|\n|upkeep\n|turn|8\n|\n|t:|1667390135\n|move|p1a: Lurantis|Leaf Storm|p2a: Lurantis\n|-resisted|p2a: Lurantis\n|-damage|p2a: Lurantis|0 fnt\n|-boost|p1a: Lurantis|spa|2\n|faint|p2a: Lurantis\n|\n|upkeep\n|\n|t:|1667390141\n|switch|p2a: Magneton|Magneton|241\/241\n|turn|9\n|\n|t:|1667390145\n|move|p2a: Magneton|Flash Cannon|p1a: Lurantis\n|-damage|p1a: Lurantis|1\/344\n|-boost|p1a: Lurantis|spd|1\n|move|p1a: Lurantis|Superpower|p2a: Magneton\n|-supereffective|p2a: Magneton\n|-damage|p2a: Magneton|47\/241\n|-boost|p1a: Lurantis|atk|1\n|-boost|p1a: Lurantis|def|1\n|\n|upkeep\n|turn|10\n|\n|t:|1667390152\n|move|p2a: Magneton|Flash Cannon|p1a: Lurantis\n|-damage|p1a: Lurantis|0 fnt\n|faint|p1a: Lurantis\n|\n|upkeep\n|\n|t:|1667390161\n|switch|p1a: Lanturn|Lanturn, F|337\/413 tox\n|-damage|p1a: Lanturn|286\/413 tox|[from] Stealth Rock\n|turn|11\n|\n|t:|1667390167\n|switch|p2a: Sandaconda|Sandaconda, F|327\/348 tox\n|move|p1a: Lanturn|Scald|p2a: Sandaconda\n|-supereffective|p2a: Sandaconda\n|-damage|p2a: Sandaconda|139\/348 tox\n|\n|-heal|p1a: Lanturn|311\/413 tox|[from] item: Leftovers\n|-damage|p2a: Sandaconda|118\/348 tox|[from] psn\n|-damage|p1a: Lanturn|286\/413 tox|[from] psn\n|upkeep\n|turn|12\n|\n|t:|1667390188\n|move|p2a: Sandaconda|Earthquake|p1a: Lanturn\n|-supereffective|p1a: Lanturn\n|-crit|p1a: Lanturn\n|-damage|p1a: Lanturn|0 fnt\n|faint|p1a: Lanturn\n|\n|-damage|p2a: Sandaconda|76\/348 tox|[from] psn\n|upkeep\n|\n|t:|1667390192\n|switch|p1a: Cinccino|Cinccino, F|291\/291\n|turn|13\n|\n|t:|1667390196\n|switch|p2a: Jellicent|Jellicent, F|292\/404\n|move|p1a: Cinccino|Tail Slap|p2a: Jellicent\n|-immune|p2a: Jellicent\n|\n|upkeep\n|turn|14\n|\n|t:|1667390200\n|move|p1a: Cinccino|U-turn|p2a: Jellicent\n|-resisted|p2a: Jellicent\n|-damage|p2a: Jellicent|263\/404\n|\n|t:|1667390213\n|switch|p1a: Gigalith|Gigalith, F|374\/374\n|-damage|p1a: Gigalith|328\/374|[from] Stealth Rock\n|-weather|Sandstorm|[from] ability: Sand Stream|[of] p1a: Gigalith\n|move|p2a: Jellicent|Toxic|p1a: Gigalith\n|-status|p1a: Gigalith|tox\n|\n|-weather|Sandstorm|[upkeep]\n|-damage|p2a: Jellicent|238\/404|[from] Sandstorm\n|-heal|p1a: Gigalith|351\/374 tox|[from] item: Leftovers\n|-damage|p1a: Gigalith|328\/374 tox|[from] psn\n|upkeep\n|turn|15\n|\n|t:|1667390220\n|move|p2a: Jellicent|Taunt|p1a: Gigalith\n|-start|p1a: Gigalith|move: Taunt\n|cant|p1a: Gigalith|move: Taunt|Stealth Rock\n|\n|-weather|Sandstorm|[upkeep]\n|-damage|p2a: Jellicent|213\/404|[from] Sandstorm\n|-heal|p1a: Gigalith|351\/374 tox|[from] item: Leftovers\n|-damage|p1a: Gigalith|305\/374 tox|[from] psn\n|upkeep\n|turn|16\n|\n|t:|1667390223\n|move|p2a: Jellicent|Recover|p2a: Jellicent\n|-heal|p2a: Jellicent|404\/404\n|move|p1a: Gigalith|Rock Blast|p2a: Jellicent\n|-damage|p2a: Jellicent|368\/404\n|-start|p1a: Gigalith|Disable|Rock Blast|[from] ability: Cursed Body|[of] p2a: Jellicent\n|-damage|p2a: Jellicent|334\/404\n|-damage|p2a: Jellicent|300\/404\n|-hitcount|p2a: Jellicent|3\n|\n|-weather|Sandstorm|[upkeep]\n|-damage|p2a: Jellicent|275\/404|[from] Sandstorm\n|-heal|p1a: Gigalith|328\/374 tox|[from] item: Leftovers\n|-damage|p1a: Gigalith|259\/374 tox|[from] psn\n|upkeep\n|turn|17\n|\n|t:|1667390232\n|move|p2a: Jellicent|Recover|p2a: Jellicent\n|-heal|p2a: Jellicent|404\/404\n|move|p1a: Gigalith|Earthquake|p2a: Jellicent\n|-damage|p2a: Jellicent|310\/404\n|\n|-weather|Sandstorm|[upkeep]\n|-damage|p2a: Jellicent|285\/404|[from] Sandstorm\n|-heal|p1a: Gigalith|282\/374 tox|[from] item: Leftovers\n|-damage|p1a: Gigalith|190\/374 tox|[from] psn\n|-end|p1a: Gigalith|move: Taunt\n|upkeep\n|turn|18\n|\n|t:|1667390236\n|switch|p1a: Vikavolt|Vikavolt, M|295\/295\n|-damage|p1a: Vikavolt|222\/295|[from] Stealth Rock\n|move|p2a: Jellicent|Hex|p1a: Vikavolt\n|-damage|p1a: Vikavolt|135\/295\n|\n|-weather|none\n|upkeep\n|turn|19\n|\n|t:|1667390241\n|switch|p2a: Sandaconda|Sandaconda, F|76\/348 tox\n|move|p1a: Vikavolt|Agility|p1a: Vikavolt\n|-boost|p1a: Vikavolt|spe|2\n|\n|-damage|p2a: Sandaconda|55\/348 tox|[from] psn\n|upkeep\n|turn|20\n|j| mazhua\n|l| mazhua\n|\n|t:|1667390249\n|move|p1a: Vikavolt|Bug Buzz|p2a: Sandaconda\n|-damage|p2a: Sandaconda|0 fnt\n|faint|p2a: Sandaconda\n|-enditem|p1a: Vikavolt|Throat Spray\n|-boost|p1a: Vikavolt|spa|1|[from] item: Throat Spray\n|\n|upkeep\n|\n|t:|1667390257\n|switch|p2a: Clefairy|Clefairy, M|129\/344\n|turn|21\n|\n|t:|1667390260\n|move|p1a: Vikavolt|Thunderbolt|p2a: Clefairy\n|-damage|p2a: Clefairy|0 fnt\n|faint|p2a: Clefairy\n|\n|upkeep\n|j| mazhua\n|\n|t:|1667390268\n|switch|p2a: Rotom|Rotom|69\/241\n|turn|22\n|l| mazhua\n|\n|t:|1667390275\n|move|p1a: Vikavolt|Thunderbolt|p2a: Rotom\n|-resisted|p2a: Rotom\n|-damage|p2a: Rotom|0 fnt\n|faint|p2a: Rotom\n|\n|upkeep\n|\n|t:|1667390277\n|switch|p2a: Jellicent|Jellicent, F|285\/404\n|turn|23\n|\n|t:|1667390290\n|move|p1a: Vikavolt|Thunderbolt|p2a: Jellicent\n|-supereffective|p2a: Jellicent\n|-damage|p2a: Jellicent|0 fnt\n|faint|p2a: Jellicent\n|\n|upkeep\n|\n|t:|1667390292\n|switch|p2a: Magneton|Magneton|47\/241\n|turn|24\n|\n|t:|1667390296\n|move|p1a: Vikavolt|Thunderbolt|p2a: Magneton\n|-resisted|p2a: Magneton\n|-damage|p2a: Magneton|0 fnt\n|faint|p2a: Magneton\n|\n|win|jianzhang106\u8230\u957f\n|n|\u2606jianzhang106\u8230\u957f|jianzhang106\n|n|\u2606yokobaby|yokobaby\n|n| abingzxcvb|abingzxcvb\n|n| OF YOUR BUSINESS|ofyourbusiness\n|n| a456|a456\n","uploadtime":1667390297,"views":9,"p1id":"jianzhang106","p2id":"yokobaby","formatid":"gen8battlefactory","rating":0,"private":0,"password":null}