{"id":"gen8ou-1676284261","p1":"Ur Cousins Ex","p2":"Machugen","format":"gen8ou","log":"|j|\u2606Ur Cousins Ex\n|j|\u2606Machugen\n|t:|1664772556\n|gametype|singles\n|player|p1|Ur Cousins Ex|101|1763\n|player|p2|Machugen|zinnia|1798\n|teamsize|p1|6\n|teamsize|p2|6\n|gen|8\n|tier|[Gen 8] OU\n|rated|\n|rule|Sleep Clause Mod: Limit one foe put to sleep\n|rule|Species Clause: Limit one of each Pok\u00e9mon\n|rule|OHKO Clause: OHKO moves are banned\n|rule|Evasion Items Clause: Evasion items are banned\n|rule|Evasion Moves Clause: Evasion moves are banned\n|rule|Endless Battle Clause: Forcing endless battles is banned\n|rule|HP Percentage Mod: HP is shown in percentages\n|rule|Dynamax Clause: You cannot dynamax\n|clearpoke\n|poke|p1|Talonflame, F|\n|poke|p1|Tornadus-Therian, M|\n|poke|p1|Slowking-Galar, M|\n|poke|p1|Toxapex, F|\n|poke|p1|Hydreigon, M|\n|poke|p1|Rhyperior, M|\n|poke|p2|Weavile, M|\n|poke|p2|Dragonite, M|\n|poke|p2|Melmetal|\n|poke|p2|Volcanion|\n|poke|p2|Zapdos|\n|poke|p2|Landorus-Therian, M|\n|teampreview\n|j| trisew\n|\n|t:|1664772574\n|start\n|switch|p1a: Hydreigon|Hydreigon, M|100\/100\n|switch|p2a: Zapdos|Zapdos|100\/100\n|turn|1\n|\n|t:|1664772579\n|move|p1a: Hydreigon|Draco Meteor|p2a: Zapdos\n|-damage|p2a: Zapdos|21\/100\n|-unboost|p1a: Hydreigon|spa|2\n|move|p2a: Zapdos|Volt Switch|p1a: Hydreigon\n|-resisted|p1a: Hydreigon\n|-damage|p1a: Hydreigon|82\/100\n|\n|t:|1664772590\n|switch|p2a: Landorus|Landorus-Therian, M|100\/100|[from]move: Volt Switch\n|-ability|p2a: Landorus|Intimidate|boost\n|-unboost|p1a: Hydreigon|atk|1\n|\n|upkeep\n|turn|2\n|\n|t:|1664772595\n|switch|p1a: Toxapex|Toxapex, F|100\/100\n|move|p2a: Landorus|U-turn|p1a: Toxapex\n|-resisted|p1a: Toxapex\n|-damage|p1a: Toxapex|94\/100\n|-damage|p2a: Landorus|84\/100|[from] item: Rocky Helmet|[of] p1a: Toxapex\n|\n|t:|1664772598\n|switch|p2a: Zapdos|Zapdos|21\/100|[from]move: U-turn\n|\n|upkeep\n|turn|3\n|\n|t:|1664772601\n|switch|p2a: Volcanion|Volcanion|100\/100\n|move|p1a: Toxapex|Toxic|p2a: Volcanion\n|-status|p2a: Volcanion|tox\n|\n|-damage|p2a: Volcanion|95\/100 tox|[from] psn\n|upkeep\n|turn|4\n|\n|t:|1664772605\n|switch|p1a: Slowking|Slowking-Galar, M|100\/100\n|move|p2a: Volcanion|Earth Power|p1a: Slowking\n|-supereffective|p1a: Slowking\n|-crit|p1a: Slowking\n|-damage|p1a: Slowking|38\/100\n|\n|-damage|p2a: Volcanion|83\/100 tox|[from] psn\n|upkeep\n|turn|5\n|\n|t:|1664772613\n|switch|p2a: Weavile|Weavile, M|100\/100\n|-ability|p2a: Weavile|Pressure\n|switch|p1a: Tornadus|Tornadus-Therian, M|100\/100\n|\n|upkeep\n|turn|6\n|\n|t:|1664772616\n|switch|p1a: Toxapex|Toxapex, F|100\/100\n|move|p2a: Weavile|Beat Up|p1a: Toxapex\n|-damage|p1a: Toxapex|91\/100\n|-damage|p1a: Toxapex|83\/100\n|-damage|p1a: Toxapex|74\/100\n|-damage|p1a: Toxapex|67\/100\n|-damage|p1a: Toxapex|57\/100\n|-hitcount|p1a: Toxapex|5\n|\n|upkeep\n|turn|7\n|\n|t:|1664772624\n|switch|p2a: Landorus|Landorus-Therian, M|84\/100\n|-ability|p2a: Landorus|Intimidate|boost\n|-unboost|p1a: Toxapex|atk|1\n|move|p1a: Toxapex|Toxic|p2a: Landorus\n|-status|p2a: Landorus|tox\n|\n|-heal|p2a: Landorus|90\/100 tox|[from] item: Leftovers\n|-damage|p2a: Landorus|84\/100 tox|[from] psn\n|upkeep\n|turn|8\n|\n|t:|1664772628\n|switch|p1a: Tornadus|Tornadus-Therian, M|100\/100\n|move|p2a: Landorus|Toxic|p1a: Tornadus\n|-status|p1a: Tornadus|tox\n|\n|-heal|p2a: Landorus|90\/100 tox|[from] item: Leftovers\n|-damage|p1a: Tornadus|94\/100 tox|[from] psn\n|-damage|p2a: Landorus|78\/100 tox|[from] psn\n|upkeep\n|turn|9\n|\n|t:|1664772630\n|move|p1a: Tornadus|Knock Off|p2a: Landorus\n|-damage|p2a: Landorus|58\/100 tox\n|-enditem|p2a: Landorus|Leftovers|[from] move: Knock Off|[of] p1a: Tornadus\n|move|p2a: Landorus|U-turn|p1a: Tornadus\n|-resisted|p1a: Tornadus\n|-crit|p1a: Tornadus\n|-damage|p1a: Tornadus|79\/100 tox\n|\n|t:|1664772632\n|switch|p2a: Weavile|Weavile, M|100\/100|[from]move: U-turn\n|-ability|p2a: Weavile|Pressure\n|\n|-damage|p1a: Tornadus|67\/100 tox|[from] psn\n|upkeep\n|turn|10\n|\n|t:|1664772635\n|switch|p1a: Toxapex|Toxapex, F|91\/100\n|move|p2a: Weavile|Knock Off|p1a: Toxapex\n|-damage|p1a: Toxapex|44\/100\n|-damage|p2a: Weavile|84\/100|[from] item: Rocky Helmet|[of] p1a: Toxapex\n|-enditem|p1a: Toxapex|Rocky Helmet|[from] move: Knock Off|[of] p2a: Weavile\n|\n|upkeep\n|turn|11\n|\n|t:|1664772641\n|switch|p2a: Zapdos|Zapdos|21\/100\n|switch|p1a: Rhyperior|Rhyperior, M|100\/100\n|\n|upkeep\n|turn|12\n|\n|t:|1664772648\n|switch|p2a: Melmetal|Melmetal|100\/100\n|move|p1a: Rhyperior|Stealth Rock|p2a: Melmetal\n|-sidestart|p2: Machugen|move: Stealth Rock\n|\n|upkeep\n|turn|13\n|\n|t:|1664772651\n|switch|p1a: Talonflame|Talonflame, F|100\/100\n|move|p2a: Melmetal|Thunder Punch|p1a: Talonflame\n|-supereffective|p1a: Talonflame\n|-damage|p1a: Talonflame|0 fnt\n|faint|p1a: Talonflame\n|\n|upkeep\n|\n|t:|1664772662\n|switch|p1a: Rhyperior|Rhyperior, M|100\/100\n|turn|14\n|\n|t:|1664772666\n|switch|p2a: Landorus|Landorus-Therian, M|58\/100 tox\n|-damage|p2a: Landorus|46\/100 tox|[from] Stealth Rock\n|-ability|p2a: Landorus|Intimidate|boost\n|-unboost|p1a: Rhyperior|atk|1\n|move|p1a: Rhyperior|Earthquake|p2a: Landorus\n|-immune|p2a: Landorus\n|\n|-damage|p2a: Landorus|40\/100 tox|[from] psn\n|upkeep\n|turn|15\n|j| Cra3k\n|\n|t:|1664772669\n|switch|p1a: Tornadus|Tornadus-Therian, M|99\/100 tox\n|move|p2a: Landorus|Defog|p1a: Tornadus\n|-unboost|p1a: Tornadus|evasion|1\n|-sideend|p2: Machugen|Stealth Rock|[from] move: Defog|[of] p2a: Landorus\n|\n|-damage|p1a: Tornadus|94\/100 tox|[from] psn\n|-damage|p2a: Landorus|28\/100 tox|[from] psn\n|upkeep\n|turn|16\n|\n|t:|1664772675\n|move|p1a: Tornadus|Hurricane|p2a: Landorus\n|-damage|p2a: Landorus|0 fnt\n|faint|p2a: Landorus\n|\n|-damage|p1a: Tornadus|82\/100 tox|[from] psn\n|upkeep\n|j| Loijman\n|\n|t:|1664772678\n|switch|p2a: Zapdos|Zapdos|21\/100\n|turn|17\n|\n|t:|1664772682\n|switch|p1a: Rhyperior|Rhyperior, M|100\/100\n|move|p2a: Zapdos|Hurricane|p1a: Rhyperior\n|-resisted|p1a: Rhyperior\n|-damage|p1a: Rhyperior|76\/100\n|-start|p1a: Rhyperior|confusion\n|\n|-heal|p1a: Rhyperior|82\/100|[from] item: Leftovers\n|upkeep\n|turn|18\n|\n|t:|1664772686\n|switch|p2a: Volcanion|Volcanion|83\/100 tox\n|-activate|p1a: Rhyperior|confusion\n|move|p1a: Rhyperior|Stealth Rock|p2a: Volcanion\n|-sidestart|p2: Machugen|move: Stealth Rock\n|\n|-heal|p1a: Rhyperior|88\/100|[from] item: Leftovers\n|-damage|p2a: Volcanion|77\/100 tox|[from] psn\n|upkeep\n|turn|19\n|\n|t:|1664772690\n|switch|p1a: Slowking|Slowking-Galar, M|71\/100\n|move|p2a: Volcanion|Steam Eruption|p1a: Slowking\n|-damage|p1a: Slowking|29\/100\n|-status|p1a: Slowking|brn\n|\n|-damage|p2a: Volcanion|65\/100 tox|[from] psn\n|-damage|p1a: Slowking|23\/100 brn|[from] brn\n|upkeep\n|turn|20\n|\n|t:|1664772698\n|switch|p1a: Toxapex|Toxapex, F|77\/100\n|move|p2a: Volcanion|Steam Eruption|p1a: Toxapex\n|-resisted|p1a: Toxapex\n|-damage|p1a: Toxapex|41\/100\n|-status|p1a: Toxapex|brn\n|\n|-damage|p2a: Volcanion|47\/100 tox|[from] psn\n|-damage|p1a: Toxapex|35\/100 brn|[from] brn\n|upkeep\n|turn|21\n|\n|t:|1664772704\n|switch|p1a: Slowking|Slowking-Galar, M|56\/100 brn\n|move|p2a: Volcanion|Steam Eruption|p1a: Slowking\n|-damage|p1a: Slowking|20\/100 brn\n|\n|-damage|p2a: Volcanion|23\/100 tox|[from] psn\n|-damage|p1a: Slowking|14\/100 brn|[from] brn\n|upkeep\n|turn|22\n|\n|t:|1664772708\n|switch|p2a: Zapdos|Zapdos|21\/100\n|move|p1a: Slowking|Future Sight|p2a: Zapdos\n|-start|p1a: Slowking|move: Future Sight\n|\n|-damage|p1a: Slowking|8\/100 brn|[from] brn\n|upkeep\n|turn|23\n|\n|t:|1664772711\n|move|p2a: Zapdos|Defog|p1a: Slowking\n|-unboost|p1a: Slowking|evasion|1\n|-sideend|p2: Machugen|Stealth Rock|[from] move: Defog|[of] p2a: Zapdos\n|move|p1a: Slowking|Sludge Bomb|p2a: Zapdos\n|-damage|p2a: Zapdos|0 fnt\n|faint|p2a: Zapdos\n|\n|-damage|p1a: Slowking|2\/100 brn|[from] brn\n|upkeep\n|\n|t:|1664772714\n|switch|p2a: Weavile|Weavile, M|84\/100\n|-ability|p2a: Weavile|Pressure\n|turn|24\n|\n|t:|1664772720\n|switch|p1a: Toxapex|Toxapex, F|68\/100 brn\n|move|p2a: Weavile|Knock Off|p1a: Toxapex\n|-damage|p1a: Toxapex|35\/100 brn\n|\n|-end|p2a: Weavile|move: Future Sight\n|-immune|p2a: Weavile\n|-damage|p1a: Toxapex|30\/100 brn|[from] brn\n|upkeep\n|turn|25\n|\n|t:|1664772726\n|switch|p1a: Slowking|Slowking-Galar, M|35\/100 brn\n|move|p2a: Weavile|Knock Off|p1a: Slowking\n|-supereffective|p1a: Slowking\n|-damage|p1a: Slowking|0 fnt\n|-enditem|p1a: Slowking|Assault Vest|[from] move: Knock Off|[of] p2a: Weavile\n|faint|p1a: Slowking\n|\n|upkeep\n|\n|t:|1664772729\n|switch|p1a: Rhyperior|Rhyperior, M|88\/100\n|turn|26\n|\n|t:|1664772732\n|switch|p2a: Melmetal|Melmetal|100\/100\n|move|p1a: Rhyperior|Earthquake|p2a: Melmetal\n|-supereffective|p2a: Melmetal\n|-damage|p2a: Melmetal|46\/100\n|\n|-heal|p1a: Rhyperior|94\/100|[from] item: Leftovers\n|upkeep\n|turn|27\n|\n|t:|1664772737\n|move|p2a: Melmetal|Double Iron Bash|p1a: Rhyperior\n|-supereffective|p1a: Rhyperior\n|-damage|p1a: Rhyperior|33\/100\n|-supereffective|p1a: Rhyperior\n|-damage|p1a: Rhyperior|0 fnt\n|faint|p1a: Rhyperior\n|-hitcount|p1: Rhyperior|2\n|\n|upkeep\n|\n|t:|1664772747\n|switch|p1a: Hydreigon|Hydreigon, M|82\/100\n|turn|28\n|\n|t:|1664772757\n|switch|p2a: Volcanion|Volcanion|23\/100 tox\n|move|p1a: Hydreigon|Flamethrower|p2a: Volcanion\n|-resisted|p2a: Volcanion\n|-damage|p2a: Volcanion|13\/100 tox\n|\n|-damage|p2a: Volcanion|7\/100 tox|[from] psn\n|upkeep\n|turn|29\n|\n|t:|1664772764\n|switch|p1a: Tornadus|Tornadus-Therian, M|100\/100 tox\n|move|p2a: Volcanion|Steam Eruption|p1a: Tornadus\n|-damage|p1a: Tornadus|4\/100 tox\n|\n|-damage|p1a: Tornadus|0 fnt|[from] psn\n|faint|p1a: Tornadus\n|-damage|p2a: Volcanion|0 fnt|[from] psn\n|faint|p2a: Volcanion\n|upkeep\n|\n|t:|1664772773\n|switch|p1a: Hydreigon|Hydreigon, M|82\/100\n|switch|p2a: Weavile|Weavile, M|84\/100\n|-ability|p2a: Weavile|Pressure\n|turn|30\n|\n|t:|1664772782\n|move|p2a: Weavile|Ice Shard|p1a: Hydreigon\n|-supereffective|p1a: Hydreigon\n|-damage|p1a: Hydreigon|8\/100\n|move|p1a: Hydreigon|Flamethrower|p2a: Weavile\n|-supereffective|p2a: Weavile\n|-damage|p2a: Weavile|3\/100\n|\n|upkeep\n|turn|31\n|j| pocus pocus\n|\n|t:|1664772786\n|switch|p2a: Melmetal|Melmetal|46\/100\n|move|p1a: Hydreigon|Flamethrower|p2a: Melmetal\n|-supereffective|p2a: Melmetal\n|-damage|p2a: Melmetal|0 fnt\n|faint|p2a: Melmetal\n|\n|upkeep\n|\n|t:|1664772788\n|switch|p2a: Dragonite|Dragonite, M|100\/100\n|turn|32\n|\n|t:|1664772791\n|switch|p1a: Toxapex|Toxapex, F|63\/100 brn\n|move|p2a: Dragonite|Extreme Speed|p1a: Toxapex\n|-damage|p1a: Toxapex|33\/100 brn\n|\n|-damage|p1a: Toxapex|27\/100 brn|[from] brn\n|upkeep\n|turn|33\n|\n|t:|1664772794\n|switch|p1a: Hydreigon|Hydreigon, M|8\/100\n|move|p2a: Dragonite|Extreme Speed|p1a: Hydreigon\n|-damage|p1a: Hydreigon|0 fnt\n|faint|p1a: Hydreigon\n|\n|upkeep\n|\n|t:|1664772796\n|switch|p1a: Toxapex|Toxapex, F|61\/100 brn\n|turn|34\n|\n|t:|1664772798\n|switch|p2a: Weavile|Weavile, M|3\/100\n|-ability|p2a: Weavile|Pressure\n|move|p1a: Toxapex|Recover|p1a: Toxapex\n|-heal|p1a: Toxapex|100\/100 brn\n|\n|-damage|p1a: Toxapex|95\/100 brn|[from] brn\n|upkeep\n|turn|35\n|\n|t:|1664772804\n|move|p2a: Weavile|Knock Off|p1a: Toxapex\n|-damage|p1a: Toxapex|65\/100 brn\n|move|p1a: Toxapex|Scald|p2a: Weavile\n|-damage|p2a: Weavile|0 fnt\n|faint|p2a: Weavile\n|\n|-damage|p1a: Toxapex|59\/100 brn|[from] brn\n|upkeep\n|\n|t:|1664772806\n|switch|p2a: Dragonite|Dragonite, M|100\/100\n|turn|36\n|\n|t:|1664772808\n|move|p2a: Dragonite|Earthquake|p1a: Toxapex\n|-supereffective|p1a: Toxapex\n|-damage|p1a: Toxapex|0 fnt\n|faint|p1a: Toxapex\n|\n|win|Machugen\n|raw|Ur Cousins Ex's rating: 1763 &rarr; <strong>1745<\/strong><br \/>(-18 for losing)\n|raw|Machugen's rating: 1798 &rarr; <strong>1816<\/strong><br \/>(+18 for winning)\n","uploadtime":1664772811,"views":19,"p1id":"urcousinsex","p2id":"machugen","formatid":"gen8ou","rating":1745,"private":0,"password":null}