{"id":"gen8nationaldex-1183046797","p1":"Daunzu","p2":"I Eat Snoms","format":"gen8nationaldex","log":"|j|\u2606Daunzu\n|j|\u2606I Eat Snoms\n|t:|1599526252\n|player|p1|Daunzu|ingo|1384\n|player|p2|I Eat Snoms|erika-gen2|1392\n|teamsize|p1|6\n|teamsize|p2|6\n|gametype|singles\n|gen|8\n|tier|[Gen 8] National Dex\n|rated|\n|clearpoke\n|poke|p1|Hatterene, F|\n|poke|p1|Excadrill, F|\n|poke|p1|Slowbro, F|\n|poke|p1|Medicham, F|\n|poke|p1|Heatran, F|\n|poke|p1|Corviknight, M|\n|poke|p2|Excadrill, F|\n|poke|p2|Lopunny, F|\n|poke|p2|Garchomp, M|\n|poke|p2|Greninja, M|\n|poke|p2|Cinderace, M|\n|poke|p2|Rillaboom, F|\n|rule|HP Percentage Mod: HP is shown in percentages\n|rule|Endless Battle Clause: Forcing endless battles is banned\n|rule|OHKO Clause: OHKO moves are banned\n|rule|Evasion Moves Clause: Evasion moves are banned\n|rule|Species Clause: Limit one of each Pok\u00e9mon\n|rule|Dynamax Clause: You cannot dynamax\n|rule|Sleep Clause Mod: Limit one foe put to sleep\n|teampreview\n|\n|t:|1599526259\n|start\n|switch|p1a: Medicham|Medicham, F|100\/100\n|switch|p2a: you spin me|Excadrill, F|100\/100\n|-ability|p2a: you spin me|Mold Breaker\n|turn|1\n|\n|t:|1599526271\n|switch|p2a: Finch|Garchomp, M|100\/100\n|detailschange|p1a: Medicham|Medicham-Mega, F\n|-mega|p1a: Medicham|Medicham|Medichamite\n|move|p1a: Medicham|Fake Out|p2a: Finch\n|-crit|p2a: Finch\n|-damage|p2a: Finch|65\/100\n|-damage|p1a: Medicham|88\/100|[from] ability: Rough Skin|[of] p2a: Finch\n|\n|upkeep\n|turn|2\n|\n|t:|1599526280\n|switch|p1a: Slowbro|Slowbro, F|100\/100\n|move|p2a: Finch|Earthquake|p1a: Slowbro\n|-damage|p1a: Slowbro|72\/100\n|\n|upkeep\n|turn|3\n|\n|t:|1599526287\n|switch|p2a: wait this isnt ru|Rillaboom, F|100\/100\n|-fieldstart|move: Grassy Terrain|[from] ability: Grassy Surge|[of] p2a: wait this isnt ru\n|move|p1a: Slowbro|Teleport|p1a: Slowbro\n|\n|t:|1599526292\n|switch|p1a: Heatran|Heatran, F|100\/100|[from]move: Teleport\n|\n|upkeep\n|turn|4\n|\n|t:|1599526297\n|move|p2a: wait this isnt ru|Superpower|p1a: Heatran\n|-supereffective|p1a: Heatran\n|-damage|p1a: Heatran|4\/100\n|-unboost|p2a: wait this isnt ru|atk|1\n|-unboost|p2a: wait this isnt ru|def|1\n|-damage|p2a: wait this isnt ru|91\/100|[from] item: Life Orb\n|move|p1a: Heatran|Lava Plume|p2a: wait this isnt ru\n|-supereffective|p2a: wait this isnt ru\n|-damage|p2a: wait this isnt ru|0 fnt\n|faint|p2a: wait this isnt ru\n|\n|-heal|p1a: Heatran|10\/100|[from] item: Leftovers\n|-heal|p1a: Heatran|17\/100|[from] Grassy Terrain\n|upkeep\n|\n|t:|1599526300\n|switch|p2a: you spin me|Excadrill, F|100\/100\n|-ability|p2a: you spin me|Mold Breaker\n|turn|5\n|\n|t:|1599526312\n|switch|p1a: Corviknight|Corviknight, M|100\/100\n|move|p2a: you spin me|Stealth Rock|p1a: Corviknight\n|-sidestart|p1: Daunzu|move: Stealth Rock\n|\n|upkeep\n|turn|6\n|\n|t:|1599526316\n|move|p2a: you spin me|Rock Tomb|p1a: Corviknight\n|-damage|p1a: Corviknight|89\/100\n|-unboost|p1a: Corviknight|spe|1\n|move|p1a: Corviknight|Defog|p2a: you spin me\n|-unboost|p2a: you spin me|evasion|1\n|-sideend|p1: Daunzu|Stealth Rock|[from] move: Defog|[of] p1a: Corviknight\n|-fieldend|move: Grassy Terrain\n|\n|-heal|p1a: Corviknight|95\/100|[from] item: Leftovers\n|upkeep\n|turn|7\n|\n|t:|1599526326\n|move|p2a: you spin me|Stealth Rock|p1a: Corviknight\n|-sidestart|p1: Daunzu|move: Stealth Rock\n|move|p1a: Corviknight|U-turn|p2a: you spin me\n|-resisted|p2a: you spin me\n|-damage|p2a: you spin me|89\/100\n|j| Unicorn *Heart*\n|\n|t:|1599526328\n|switch|p1a: Medicham|Medicham-Mega, F|88\/100|[from]move: U-turn\n|-damage|p1a: Medicham|82\/100|[from] Stealth Rock\n|\n|upkeep\n|turn|8\n|\n|t:|1599526333\n|move|p1a: Medicham|High Jump Kick|p2a: you spin me\n|-supereffective|p2a: you spin me\n|-damage|p2a: you spin me|0 fnt\n|faint|p2a: you spin me\n|\n|upkeep\n|\n|t:|1599526339\n|switch|p2a: Happy Easter|Lopunny, F|100\/100\n|turn|9\n|\n|t:|1599526342\n|switch|p1a: Corviknight|Corviknight, M|95\/100\n|-damage|p1a: Corviknight|82\/100|[from] Stealth Rock\n|detailschange|p2a: Happy Easter|Lopunny-Mega, F\n|-mega|p2a: Happy Easter|Lopunny|Lopunnite\n|move|p2a: Happy Easter|Fake Out|p1a: Corviknight\n|-resisted|p1a: Corviknight\n|-damage|p1a: Corviknight|76\/100\n|\n|-heal|p1a: Corviknight|82\/100|[from] item: Leftovers\n|upkeep\n|turn|10\n|\n|t:|1599526351\n|move|p2a: Happy Easter|High Jump Kick|p1a: Corviknight\n|-damage|p1a: Corviknight|40\/100\n|move|p1a: Corviknight|Defog|p2a: Happy Easter\n|-unboost|p2a: Happy Easter|evasion|1\n|-sideend|p1: Daunzu|Stealth Rock|[from] move: Defog|[of] p1a: Corviknight\n|\n|-heal|p1a: Corviknight|47\/100|[from] item: Leftovers\n|upkeep\n|turn|11\n|\n|t:|1599526374\n|move|p2a: Happy Easter|High Jump Kick|p1a: Corviknight\n|-damage|p1a: Corviknight|7\/100\n|move|p1a: Corviknight|Roost|p1a: Corviknight\n|-heal|p1a: Corviknight|57\/100\n|-singleturn|p1a: Corviknight|move: Roost\n|\n|-heal|p1a: Corviknight|63\/100|[from] item: Leftovers\n|upkeep\n|turn|12\n|\n|t:|1599526386\n|switch|p2a: wait im back too|Cinderace, M|100\/100\n|move|p1a: Corviknight|U-turn|p2a: wait im back too\n|-resisted|p2a: wait im back too\n|-damage|p2a: wait im back too|90\/100\n|\n|t:|1599526391\n|switch|p1a: Slowbro|Slowbro, F|100\/100|[from]move: U-turn\n|\n|upkeep\n|turn|13\n|\n|t:|1599526395\n|move|p2a: wait im back too|U-turn|p1a: Slowbro\n|-start|p2a: wait im back too|typechange|Bug|[from] ability: Libero\n|-supereffective|p1a: Slowbro\n|-damage|p1a: Slowbro|63\/100\n|-damage|p2a: wait im back too|74\/100|[from] item: Rocky Helmet|[of] p1a: Slowbro\n|\n|t:|1599526398\n|switch|p2a: wait im back?|Greninja, M|100\/100|[from]move: U-turn\n|move|p1a: Slowbro|Thunder Wave|p2a: wait im back?\n|-status|p2a: wait im back?|par\n|\n|upkeep\n|turn|14\n|\n|t:|1599526409\n|move|p2a: wait im back?|Dark Pulse|p1a: Slowbro\n|-supereffective|p1a: Slowbro\n|-damage|p1a: Slowbro|0 fnt\n|faint|p1a: Slowbro\n|-activate|p2a: wait im back?|ability: Battle Bond\n|detailschange|p2a: wait im back?|Greninja-Ash, M\n|\n|upkeep\n|\n|t:|1599526418\n|switch|p1a: Hatterene|Hatterene, F|100\/100\n|turn|15\n|\n|t:|1599526422\n|cant|p2a: wait im back?|par\n|move|p1a: Hatterene|Calm Mind|p1a: Hatterene\n|-boost|p1a: Hatterene|spa|1\n|-boost|p1a: Hatterene|spd|1\n|\n|upkeep\n|turn|16\n|\n|t:|1599526429\n|cant|p2a: wait im back?|par\n|move|p1a: Hatterene|Calm Mind|p1a: Hatterene\n|-boost|p1a: Hatterene|spa|1\n|-boost|p1a: Hatterene|spd|1\n|\n|upkeep\n|turn|17\n|\n|t:|1599526434\n|move|p2a: wait im back?|Dark Pulse|p1a: Hatterene\n|-damage|p1a: Hatterene|64\/100\n|move|p1a: Hatterene|Draining Kiss|p2a: wait im back?\n|-supereffective|p2a: wait im back?\n|-damage|p2a: wait im back?|0 fnt\n|-heal|p1a: Hatterene|100\/100|[from] drain|[of] p2a: wait im back?\n|-damage|p1a: Hatterene|91\/100|[from] item: Life Orb\n|faint|p2a: wait im back?\n|\n|upkeep\n|\n|t:|1599526438\n|switch|p2a: wait im back too|Cinderace, M|74\/100\n|turn|18\n|\n|t:|1599526444\n|move|p2a: wait im back too|Pyro Ball|p1a: Hatterene\n|-damage|p1a: Hatterene|28\/100\n|move|p1a: Hatterene|Draining Kiss|p2a: wait im back too\n|-resisted|p2a: wait im back too\n|-damage|p2a: wait im back too|20\/100\n|-heal|p1a: Hatterene|66\/100|[from] drain|[of] p2a: wait im back too\n|-damage|p1a: Hatterene|56\/100|[from] item: Life Orb\n|\n|upkeep\n|turn|19\n|\n|t:|1599526454\n|switch|p1a: Heatran|Heatran, F|17\/100\n|move|p2a: wait im back too|Pyro Ball|p1a: Heatran\n|-start|p1a: Heatran|ability: Flash Fire\n|\n|-heal|p1a: Heatran|23\/100|[from] item: Leftovers\n|upkeep\n|turn|20\n|\n|t:|1599526462\n|move|p2a: wait im back too|U-turn|p1a: Heatran\n|-start|p2a: wait im back too|typechange|Bug|[from] ability: Libero\n|-resisted|p1a: Heatran\n|-damage|p1a: Heatran|16\/100\n|\n|t:|1599526467\n|switch|p2a: Finch|Garchomp, M|65\/100|[from]move: U-turn\n|move|p1a: Heatran|Toxic|p2a: Finch\n|-status|p2a: Finch|tox\n|\n|-heal|p1a: Heatran|22\/100|[from] item: Leftovers\n|-damage|p2a: Finch|58\/100 tox|[from] psn\n|upkeep\n|turn|21\n|\n|t:|1599526479\n|-end|p1a: Heatran|ability: Flash Fire|[silent]\n|switch|p1a: Corviknight|Corviknight, M|63\/100\n|move|p2a: Finch|Swords Dance|p2a: Finch\n|-boost|p2a: Finch|atk|2\n|\n|-heal|p1a: Corviknight|69\/100|[from] item: Leftovers\n|-damage|p2a: Finch|46\/100 tox|[from] psn\n|upkeep\n|turn|22\n|\n|t:|1599526487\n|-zpower|p2a: Finch\n|move|p2a: Finch|Continental Crush|p1a: Corviknight|[zeffect]\n|-damage|p1a: Corviknight|0 fnt\n|faint|p1a: Corviknight\n|\n|-damage|p2a: Finch|28\/100 tox|[from] psn\n|upkeep\n|\n|t:|1599526497\n|switch|p1a: Medicham|Medicham-Mega, F|82\/100\n|turn|23\n|\n|t:|1599526503\n|move|p1a: Medicham|Fake Out|p2a: Finch\n|-damage|p2a: Finch|3\/100 tox\n|-damage|p1a: Medicham|70\/100|[from] ability: Rough Skin|[of] p2a: Finch\n|cant|p2a: Finch|flinch\n|\n|-damage|p2a: Finch|0 fnt|[from] psn\n|faint|p2a: Finch\n|upkeep\n|\n|t:|1599526508\n|switch|p2a: Happy Easter|Lopunny-Mega, F|100\/100\n|turn|24\n|\n|t:|1599526513\n|switch|p1a: Heatran|Heatran, F|22\/100\n|move|p2a: Happy Easter|Fake Out|p1a: Heatran\n|-resisted|p1a: Heatran\n|-damage|p1a: Heatran|13\/100\n|\n|-heal|p1a: Heatran|19\/100|[from] item: Leftovers\n|upkeep\n|turn|25\n|\n|t:|1599526520\n|move|p2a: Happy Easter|Return|p1a: Heatran\n|-resisted|p1a: Heatran\n|-damage|p1a: Heatran|0 fnt\n|faint|p1a: Heatran\n|\n|upkeep\n|\n|t:|1599526529\n|switch|p1a: Excadrill|Excadrill, F|100\/100\n|-ability|p1a: Excadrill|Mold Breaker\n|turn|26\n|\n|t:|1599526533\n|move|p2a: Happy Easter|High Jump Kick|p1a: Excadrill\n|-supereffective|p1a: Excadrill\n|-damage|p1a: Excadrill|0 fnt\n|faint|p1a: Excadrill\n|\n|upkeep\n|\n|t:|1599526538\n|switch|p1a: Hatterene|Hatterene, F|56\/100\n|turn|27\n|\n|t:|1599526541\n|move|p2a: Happy Easter|Return|p1a: Hatterene\n|-damage|p1a: Hatterene|0 fnt\n|faint|p1a: Hatterene\n|\n|upkeep\n|\n|t:|1599526546\n|switch|p1a: Medicham|Medicham-Mega, F|70\/100\n|turn|28\n|\n|t:|1599526550\n|move|p2a: Happy Easter|Return|p1a: Medicham\n|-damage|p1a: Medicham|0 fnt\n|faint|p1a: Medicham\n|\n|win|I Eat Snoms\n|l|\u2606Daunzu\n|raw|Daunzu's rating: 1384 &rarr; <strong>1365<\/strong><br \/>(-19 for losing)\n|raw|I Eat Snoms's rating: 1392 &rarr; <strong>1412<\/strong><br \/>(+20 for winning)\n|c| Unicorn *Heart*|Why isn't he clicking Fake out?\n","uploadtime":1599526562,"views":5,"p1id":"daunzu","p2id":"ieatsnoms","formatid":"gen8nationaldex","rating":1365,"private":0,"password":null}