{"id":"gen8ou-1699052257","p1":"jimola","p2":"machugen","format":"gen8ou","log":"|j|\u2606jimola\n|j|\u2606machugen\n|t:|1667190667\n|gametype|singles\n|player|p1|jimola|101|1650\n|player|p2|machugen|brock-gen1rb|1740\n|teamsize|p1|6\n|teamsize|p2|6\n|gen|8\n|tier|[Gen 8] OU\n|rated|\n|rule|Sleep Clause Mod: Limit one foe put to sleep\n|rule|Species Clause: Limit one of each Pok\u00e9mon\n|rule|OHKO Clause: OHKO moves are banned\n|rule|Evasion Items Clause: Evasion items are banned\n|rule|Evasion Moves Clause: Evasion moves are banned\n|rule|Endless Battle Clause: Forcing endless battles is banned\n|rule|HP Percentage Mod: HP is shown in percentages\n|rule|Dynamax Clause: You cannot dynamax\n|clearpoke\n|poke|p1|Garchomp, M|\n|poke|p1|Vanilluxe, M|\n|poke|p1|Magnezone|\n|poke|p1|Tapu Fini|\n|poke|p1|Victini|\n|poke|p1|Kartana|\n|poke|p2|Tapu Lele|\n|poke|p2|Urshifu-*, M|\n|poke|p2|Aegislash, M|\n|poke|p2|Umbreon, M|\n|poke|p2|Garchomp, M|\n|poke|p2|Tornadus-Therian, M|\n|teampreview\n|\n|t:|1667190694\n|start\n|switch|p1a: Garchomp|Garchomp, M|100\/100\n|switch|p2a: Urshifu|Urshifu-Rapid-Strike, M|100\/100\n|turn|1\n|\n|t:|1667190715\n|move|p2a: Urshifu|Ice Punch|p1a: Garchomp\n|-supereffective|p1a: Garchomp\n|-damage|p1a: Garchomp|0 fnt\n|-damage|p2a: Urshifu|88\/100|[from] ability: Rough Skin|[of] p1a: Garchomp\n|faint|p1a: Garchomp\n|\n|upkeep\n|\n|t:|1667190721\n|switch|p1a: Vanilluxe|Vanilluxe, M|100\/100\n|-weather|Hail|[from] ability: Snow Warning|[of] p1a: Vanilluxe\n|turn|2\n|\n|t:|1667190725\n|switch|p2a: Aegislash|Aegislash, M|100\/100\n|move|p1a: Vanilluxe|Blizzard|p2a: Aegislash\n|-resisted|p2a: Aegislash\n|-damage|p2a: Aegislash|74\/100\n|\n|-weather|Hail|[upkeep]\n|-damage|p2a: Aegislash|67\/100|[from] Hail\n|-heal|p2a: Aegislash|74\/100|[from] item: Leftovers\n|upkeep\n|turn|3\n|\n|t:|1667190730\n|switch|p1a: Magnezone|Magnezone|100\/100\n|-formechange|p2a: Aegislash|Aegislash-Blade||[from] ability: Stance Change\n|move|p2a: Aegislash|Shadow Ball|p1a: Magnezone\n|-damage|p1a: Magnezone|76\/100\n|\n|-weather|Hail|[upkeep]\n|-damage|p1a: Magnezone|70\/100|[from] Hail\n|-damage|p2a: Aegislash|67\/100|[from] Hail\n|-heal|p2a: Aegislash|74\/100|[from] item: Leftovers\n|upkeep\n|turn|4\n|\n|t:|1667190737\n|switch|p1a: Vanilluxe|Vanilluxe, M|100\/100\n|switch|p2a: Garchomp|Garchomp, M|100\/100\n|\n|-weather|Hail|[upkeep]\n|-damage|p2a: Garchomp|94\/100|[from] Hail\n|-heal|p2a: Garchomp|100\/100|[from] item: Leftovers\n|upkeep\n|turn|5\n|\n|t:|1667190740\n|move|p2a: Garchomp|Protect|p2a: Garchomp\n|-singleturn|p2a: Garchomp|Protect\n|move|p1a: Vanilluxe|Blizzard|p2a: Garchomp\n|-activate|p2a: Garchomp|move: Protect\n|\n|-weather|Hail|[upkeep]\n|-damage|p2a: Garchomp|94\/100|[from] Hail\n|-heal|p2a: Garchomp|100\/100|[from] item: Leftovers\n|upkeep\n|turn|6\n|\n|t:|1667190744\n|switch|p2a: Aegislash|Aegislash, M|74\/100\n|move|p1a: Vanilluxe|Blizzard|p2a: Aegislash\n|-resisted|p2a: Aegislash\n|-damage|p2a: Aegislash|48\/100\n|\n|-weather|none\n|-heal|p2a: Aegislash|54\/100|[from] item: Leftovers\n|upkeep\n|turn|7\n|\n|t:|1667190752\n|switch|p1a: Tapu Fini|Tapu Fini|100\/100\n|-fieldstart|move: Misty Terrain|[from] ability: Misty Surge|[of] p1a: Tapu Fini\n|-formechange|p2a: Aegislash|Aegislash-Blade||[from] ability: Stance Change\n|move|p2a: Aegislash|Shadow Ball|p1a: Tapu Fini\n|-damage|p1a: Tapu Fini|73\/100\n|\n|-heal|p1a: Tapu Fini|80\/100|[from] item: Leftovers\n|-heal|p2a: Aegislash|61\/100|[from] item: Leftovers\n|upkeep\n|turn|8\n|\n|t:|1667190765\n|switch|p2a: Tapu Lele|Tapu Lele, shiny|100\/100\n|-fieldstart|move: Psychic Terrain|[from] ability: Psychic Surge|[of] p2a: Tapu Lele\n|move|p1a: Tapu Fini|Nature's Madness|p2a: Tapu Lele\n|-damage|p2a: Tapu Lele|51\/100\n|\n|-heal|p1a: Tapu Fini|86\/100|[from] item: Leftovers\n|upkeep\n|turn|9\n|\n|t:|1667190772\n|switch|p1a: Magnezone|Magnezone|70\/100\n|move|p2a: Tapu Lele|Psyshock|p1a: Magnezone\n|-resisted|p1a: Magnezone\n|-damage|p1a: Magnezone|32\/100\n|\n|upkeep\n|turn|10\n|\n|t:|1667190779\n|move|p2a: Tapu Lele|Psyshock|p1a: Magnezone\n|-resisted|p1a: Magnezone\n|-damage|p1a: Magnezone|0 fnt\n|faint|p1a: Magnezone\n|\n|upkeep\n|\n|t:|1667190782\n|switch|p1a: Victini|Victini|100\/100\n|turn|11\n|\n|t:|1667190787\n|switch|p2a: Umbreon|Umbreon, M|100\/100\n|move|p1a: Victini|Glaciate|p2a: Umbreon\n|-damage|p2a: Umbreon|91\/100\n|-unboost|p2a: Umbreon|spe|1\n|\n|-heal|p2a: Umbreon|97\/100|[from] item: Leftovers\n|upkeep\n|turn|12\n|\n|t:|1667190793\n|move|p1a: Victini|U-turn|p2a: Umbreon\n|-supereffective|p2a: Umbreon\n|-damage|p2a: Umbreon|71\/100\n|\n|t:|1667190795\n|switch|p1a: Tapu Fini|Tapu Fini|86\/100|[from]move: U-turn\n|-fieldstart|move: Misty Terrain|[from] ability: Misty Surge|[of] p1a: Tapu Fini\n|move|p2a: Umbreon|Wish|p2a: Umbreon\n|\n|-heal|p1a: Tapu Fini|92\/100|[from] item: Leftovers\n|-heal|p2a: Umbreon|78\/100|[from] item: Leftovers\n|upkeep\n|turn|13\n|\n|t:|1667190804\n|switch|p2a: Tapu Lele|Tapu Lele, shiny|51\/100\n|-fieldstart|move: Psychic Terrain|[from] ability: Psychic Surge|[of] p2a: Tapu Lele\n|move|p1a: Tapu Fini|Nature's Madness|p2a: Tapu Lele\n|-damage|p2a: Tapu Lele|26\/100\n|\n|-heal|p2a: Tapu Lele|96\/100|[from] move: Wish|[wisher] Umbreon\n|-heal|p1a: Tapu Fini|98\/100|[from] item: Leftovers\n|upkeep\n|turn|14\n|\n|t:|1667190813\n|move|p2a: Tapu Lele|Psyshock|p1a: Tapu Fini\n|-damage|p1a: Tapu Fini|25\/100\n|move|p1a: Tapu Fini|Nature's Madness|p2a: Tapu Lele\n|-damage|p2a: Tapu Lele|48\/100\n|\n|-heal|p1a: Tapu Fini|31\/100|[from] item: Leftovers\n|upkeep\n|turn|15\n|\n|t:|1667190818\n|switch|p1a: Victini|Victini|100\/100\n|move|p2a: Tapu Lele|Psyshock|p1a: Victini\n|-resisted|p1a: Victini\n|-damage|p1a: Victini|59\/100\n|\n|upkeep\n|turn|16\n|\n|t:|1667190831\n|switch|p2a: Garchomp|Garchomp, M|100\/100\n|move|p1a: Victini|U-turn|p2a: Garchomp\n|-damage|p2a: Garchomp|83\/100\n|-damage|p1a: Victini|46\/100|[from] ability: Rough Skin|[of] p2a: Garchomp\n|\n|t:|1667190834\n|switch|p1a: Vanilluxe|Vanilluxe, M|100\/100|[from]move: U-turn\n|-weather|Hail|[from] ability: Snow Warning|[of] p1a: Vanilluxe\n|\n|-weather|Hail|[upkeep]\n|-damage|p2a: Garchomp|76\/100|[from] Hail\n|-heal|p2a: Garchomp|83\/100|[from] item: Leftovers\n|upkeep\n|turn|17\n|\n|t:|1667190837\n|move|p2a: Garchomp|Protect|p2a: Garchomp\n|-singleturn|p2a: Garchomp|Protect\n|move|p1a: Vanilluxe|Blizzard|p2a: Garchomp\n|-activate|p2a: Garchomp|move: Protect\n|\n|-weather|Hail|[upkeep]\n|-damage|p2a: Garchomp|76\/100|[from] Hail\n|-heal|p2a: Garchomp|83\/100|[from] item: Leftovers\n|-fieldend|move: Psychic Terrain\n|upkeep\n|turn|18\n|\n|t:|1667190841\n|switch|p2a: Aegislash|Aegislash, M|61\/100\n|move|p1a: Vanilluxe|Blizzard|p2a: Aegislash\n|-resisted|p2a: Aegislash\n|-damage|p2a: Aegislash|37\/100\n|\n|-weather|Hail|[upkeep]\n|-damage|p2a: Aegislash|31\/100|[from] Hail\n|-heal|p2a: Aegislash|37\/100|[from] item: Leftovers\n|upkeep\n|turn|19\n|\n|t:|1667190847\n|move|p2a: Aegislash|King's Shield|p2a: Aegislash\n|-singleturn|p2a: Aegislash|Protect\n|move|p1a: Vanilluxe|Blizzard|p2a: Aegislash\n|-activate|p2a: Aegislash|move: Protect\n|\n|-weather|Hail|[upkeep]\n|-damage|p2a: Aegislash|31\/100|[from] Hail\n|-heal|p2a: Aegislash|37\/100|[from] item: Leftovers\n|upkeep\n|turn|20\n|\n|t:|1667190851\n|move|p1a: Vanilluxe|Blizzard|p2a: Aegislash\n|-resisted|p2a: Aegislash\n|-damage|p2a: Aegislash|10\/100\n|-formechange|p2a: Aegislash|Aegislash-Blade||[from] ability: Stance Change\n|move|p2a: Aegislash|Shadow Ball|p1a: Vanilluxe\n|-damage|p1a: Vanilluxe|56\/100\n|\n|-weather|none\n|-heal|p2a: Aegislash|17\/100|[from] item: Leftovers\n|upkeep\n|turn|21\n|\n|t:|1667190856\n|switch|p1a: Victini|Victini|46\/100\n|-formechange|p2a: Aegislash|Aegislash||[from] ability: Stance Change\n|move|p2a: Aegislash|King's Shield||[still]\n|-fail|p2a: Aegislash\n|\n|-heal|p2a: Aegislash|23\/100|[from] item: Leftovers\n|upkeep\n|turn|22\n|\n|t:|1667190864\n|move|p2a: Aegislash|King's Shield|p2a: Aegislash\n|-singleturn|p2a: Aegislash|Protect\n|move|p1a: Victini|V-create|p2a: Aegislash\n|-activate|p2a: Aegislash|move: Protect\n|-unboost|p1a: Victini|atk|1\n|\n|-heal|p2a: Aegislash|29\/100|[from] item: Leftovers\n|upkeep\n|turn|23\n|\n|t:|1667190868\n|switch|p2a: Umbreon|Umbreon, M|78\/100\n|move|p1a: Victini|Glaciate|p2a: Umbreon\n|-damage|p2a: Umbreon|68\/100\n|-unboost|p2a: Umbreon|spe|1\n|\n|-heal|p2a: Umbreon|74\/100|[from] item: Leftovers\n|upkeep\n|turn|24\n|\n|t:|1667190870\n|move|p1a: Victini|U-turn|p2a: Umbreon\n|-supereffective|p2a: Umbreon\n|-damage|p2a: Umbreon|59\/100\n|\n|t:|1667190872\n|switch|p1a: Vanilluxe|Vanilluxe, M|56\/100|[from]move: U-turn\n|-weather|Hail|[from] ability: Snow Warning|[of] p1a: Vanilluxe\n|move|p2a: Umbreon|Wish|p2a: Umbreon\n|\n|-weather|Hail|[upkeep]\n|-damage|p2a: Umbreon|53\/100|[from] Hail\n|-heal|p2a: Umbreon|59\/100|[from] item: Leftovers\n|upkeep\n|turn|25\n|\n|t:|1667190877\n|move|p2a: Umbreon|Protect|p2a: Umbreon\n|-singleturn|p2a: Umbreon|Protect\n|move|p1a: Vanilluxe|Blizzard|p2a: Umbreon\n|-activate|p2a: Umbreon|move: Protect\n|\n|-weather|Hail|[upkeep]\n|-damage|p2a: Umbreon|53\/100|[from] Hail\n|-heal|p2a: Umbreon|100\/100|[from] move: Wish|[wisher] Umbreon\n|upkeep\n|turn|26\n|-message|jimola forfeited.\n|\n|win|machugen\n|raw|jimola's rating: 1650 &rarr; <strong>1635<\/strong><br \/>(-15 for losing)\n|raw|machugen's rating: 1740 &rarr; <strong>1755<\/strong><br \/>(+15 for winning)\n|l|\u2606jimola\n","uploadtime":1667190883,"views":4,"p1id":"jimola","p2id":"machugen","formatid":"gen8ou","rating":1635,"private":0,"password":null}