{"id":"gen8ou-1545375688","p1":"Skip The Drip","p2":"Baldissera","format":"gen8ou","log":"|j|\u2606Skip The Drip\n|j|\u2606Baldissera\n|t:|1649028257\n|gametype|singles\n|player|p1|Skip The Drip|victor-dojo|1848\n|player|p2|Baldissera|leon|1838\n|teamsize|p1|6\n|teamsize|p2|6\n|gen|8\n|tier|[Gen 8] OU\n|rated|\n|rule|Sleep Clause Mod: Limit one foe put to sleep\n|rule|Species Clause: Limit one of each Pok\u00e9mon\n|rule|OHKO Clause: OHKO moves are banned\n|rule|Evasion Moves Clause: Evasion moves are banned\n|rule|Endless Battle Clause: Forcing endless battles is banned\n|rule|HP Percentage Mod: HP is shown in percentages\n|rule|Dynamax Clause: You cannot dynamax\n|clearpoke\n|poke|p1|Blissey, F|\n|poke|p1|Victini|\n|poke|p1|Mew|\n|poke|p1|Vaporeon, M|\n|poke|p1|Accelgor, F|\n|poke|p1|Clefable, F|\n|poke|p2|Volcarona, F|\n|poke|p2|Heatran, M|\n|poke|p2|Corviknight, F|\n|poke|p2|Gastrodon-East, F|\n|poke|p2|Amoonguss, M|\n|poke|p2|Tornadus-Therian, M|\n|teampreview\n|inactive|Battle timer is ON: inactive players will automatically lose when time's up. (requested by Skip The Drip)\n|j| Frank Lopez\n|\n|t:|1649028274\n|start\n|switch|p1a: Accelgor|Accelgor, F|100\/100\n|switch|p2a: Tornadus|Tornadus-Therian, M|100\/100\n|turn|1\n|j| zelduxe\n|\n|t:|1649028280\n|move|p1a: Accelgor|Final Gambit|p2a: Tornadus\n|-damage|p2a: Tornadus|0 fnt\n|faint|p1a: Accelgor\n|faint|p2a: Tornadus\n|\n|upkeep\n|j| korok376\n|\n|t:|1649028296\n|switch|p1a: Vaporeon|Vaporeon, M|100\/100\n|switch|p2a: Heatran|Heatran, M|100\/100\n|turn|2\n|\n|t:|1649028299\n|move|p1a: Vaporeon|Copycat|p1a: Vaporeon\n|move|p1a: Vaporeon|Final Gambit|p2a: Heatran|[from]move: Copycat\n|-damage|p2a: Heatran|0 fnt\n|faint|p1a: Vaporeon\n|faint|p2a: Heatran\n|\n|upkeep\n|\n|t:|1649028305\n|switch|p1a: Blissey|Blissey, F|100\/100\n|switch|p2a: Corviknight|Corviknight, F|100\/100\n|-ability|p2a: Corviknight|Pressure\n|turn|3\n|\n|t:|1649028310\n|move|p1a: Blissey|Copycat|p1a: Blissey\n|move|p1a: Blissey|Final Gambit|p2a: Corviknight|[from]move: Copycat\n|-damage|p2a: Corviknight|0 fnt\n|faint|p1a: Blissey\n|faint|p2a: Corviknight\n|\n|upkeep\n|j| Pinochet a God\n|\n|t:|1649028322\n|switch|p1a: Mew|Mew|100\/100\n|switch|p2a: Gastrodon|Gastrodon-East, F|100\/100\n|turn|4\n|\n|t:|1649028325\n|move|p1a: Mew|Taunt|p2a: Gastrodon\n|-start|p2a: Gastrodon|move: Taunt\n|cant|p2a: Gastrodon|move: Taunt|Recover\n|\n|upkeep\n|turn|5\n|\n|t:|1649028329\n|move|p1a: Mew|Cosmic Power|p1a: Mew\n|-boost|p1a: Mew|def|1\n|-boost|p1a: Mew|spd|1\n|move|p2a: Gastrodon|Scald|p1a: Mew\n|-damage|p1a: Mew|87\/100\n|-status|p1a: Mew|brn\n|-activate|p1a: Mew|ability: Synchronize\n|-status|p2a: Gastrodon|brn\n|\n|-damage|p1a: Mew|81\/100 brn|[from] brn\n|-damage|p2a: Gastrodon|94\/100 brn|[from] brn\n|upkeep\n|turn|6\n|\n|t:|1649028331\n|move|p1a: Mew|Cosmic Power|p1a: Mew\n|-boost|p1a: Mew|def|1\n|-boost|p1a: Mew|spd|1\n|move|p2a: Gastrodon|Earthquake|p1a: Mew\n|-damage|p1a: Mew|75\/100 brn\n|\n|-heal|p2a: Gastrodon|100\/100 brn|[from] item: Leftovers\n|-damage|p1a: Mew|69\/100 brn|[from] brn\n|-damage|p2a: Gastrodon|94\/100 brn|[from] brn\n|-end|p2a: Gastrodon|move: Taunt\n|upkeep\n|turn|7\n|\n|t:|1649028335\n|move|p1a: Mew|Cosmic Power|p1a: Mew\n|-boost|p1a: Mew|def|1\n|-boost|p1a: Mew|spd|1\n|move|p2a: Gastrodon|Clear Smog|p1a: Mew\n|-damage|p1a: Mew|65\/100 brn\n|-clearboost|p1a: Mew\n|\n|-heal|p2a: Gastrodon|100\/100 brn|[from] item: Leftovers\n|-damage|p1a: Mew|59\/100 brn|[from] brn\n|-damage|p2a: Gastrodon|94\/100 brn|[from] brn\n|upkeep\n|turn|8\n|\n|t:|1649028338\n|move|p1a: Mew|Soft-Boiled|p1a: Mew\n|-heal|p1a: Mew|100\/100 brn\n|move|p2a: Gastrodon|Earthquake|p1a: Mew\n|-damage|p1a: Mew|89\/100 brn\n|\n|-heal|p2a: Gastrodon|100\/100 brn|[from] item: Leftovers\n|-damage|p1a: Mew|83\/100 brn|[from] brn\n|-damage|p2a: Gastrodon|94\/100 brn|[from] brn\n|upkeep\n|turn|9\n|\n|t:|1649028347\n|switch|p2a: Volcarona|Volcarona, F|100\/100\n|move|p1a: Mew|Cosmic Power|p1a: Mew\n|-boost|p1a: Mew|def|1\n|-boost|p1a: Mew|spd|1\n|\n|-damage|p1a: Mew|77\/100 brn|[from] brn\n|upkeep\n|turn|10\n|\n|t:|1649028352\n|switch|p2a: Gastrodon|Gastrodon-East, F|94\/100 brn\n|move|p1a: Mew|Taunt|p2a: Gastrodon\n|-start|p2a: Gastrodon|move: Taunt\n|\n|-heal|p2a: Gastrodon|100\/100 brn|[from] item: Leftovers\n|-damage|p1a: Mew|71\/100 brn|[from] brn\n|-damage|p2a: Gastrodon|94\/100 brn|[from] brn\n|upkeep\n|turn|11\n|\n|t:|1649028356\n|switch|p1a: Victini|Victini|100\/100\n|move|p2a: Gastrodon|Clear Smog|p1a: Victini\n|-damage|p1a: Victini|91\/100\n|-clearboost|p1a: Victini\n|\n|-heal|p2a: Gastrodon|100\/100 brn|[from] item: Leftovers\n|-damage|p2a: Gastrodon|94\/100 brn|[from] brn\n|upkeep\n|turn|12\n|\n|t:|1649028364\n|move|p1a: Victini|Trick|p2a: Gastrodon\n|-activate|p1a: Victini|move: Trick|[of] p2a: Gastrodon\n|-item|p2a: Gastrodon|Choice Scarf|[from] move: Trick\n|-item|p1a: Victini|Leftovers|[from] move: Trick\n|move|p2a: Gastrodon|Scald|p1a: Victini\n|-supereffective|p1a: Victini\n|-damage|p1a: Victini|47\/100\n|\n|-heal|p1a: Victini|53\/100|[from] item: Leftovers\n|-damage|p2a: Gastrodon|88\/100 brn|[from] brn\n|-end|p2a: Gastrodon|move: Taunt\n|upkeep\n|turn|13\n|\n|t:|1649028371\n|move|p1a: Victini|U-turn|p2a: Gastrodon\n|-damage|p2a: Gastrodon|69\/100 brn\n|\n|t:|1649028374\n|switch|p1a: Mew|Mew|71\/100 brn|[from]move: U-turn\n|move|p2a: Gastrodon|Scald|p1a: Mew\n|-damage|p1a: Mew|50\/100 brn\n|\n|-damage|p1a: Mew|44\/100 brn|[from] brn\n|-damage|p2a: Gastrodon|63\/100 brn|[from] brn\n|upkeep\n|turn|14\n|\n|t:|1649028378\n|switch|p2a: Volcarona|Volcarona, F|100\/100\n|move|p1a: Mew|Cosmic Power|p1a: Mew\n|-boost|p1a: Mew|def|1\n|-boost|p1a: Mew|spd|1\n|\n|-damage|p1a: Mew|37\/100 brn|[from] brn\n|upkeep\n|turn|15\n|\n|t:|1649028382\n|move|p1a: Mew|Taunt|p2a: Volcarona\n|-start|p2a: Volcarona|move: Taunt\n|move|p2a: Volcarona|Flamethrower|p1a: Mew\n|-damage|p1a: Mew|16\/100 brn\n|\n|-damage|p1a: Mew|10\/100 brn|[from] brn\n|upkeep\n|turn|16\n|\n|t:|1649028386\n|switch|p2a: Gastrodon|Gastrodon-East, F|63\/100 brn\n|move|p1a: Mew|Soft-Boiled|p1a: Mew\n|-heal|p1a: Mew|60\/100 brn\n|\n|-damage|p1a: Mew|54\/100 brn|[from] brn\n|-damage|p2a: Gastrodon|57\/100 brn|[from] brn\n|upkeep\n|turn|17\n|\n|t:|1649028390\n|move|p1a: Mew|Soft-Boiled|p1a: Mew\n|-heal|p1a: Mew|100\/100 brn\n|move|p2a: Gastrodon|Clear Smog|p1a: Mew\n|-damage|p1a: Mew|95\/100 brn\n|-clearboost|p1a: Mew\n|\n|-damage|p1a: Mew|88\/100 brn|[from] brn\n|-damage|p2a: Gastrodon|51\/100 brn|[from] brn\n|upkeep\n|turn|18\n|\n|t:|1649028395\n|switch|p2a: Amoonguss|Amoonguss, M|100\/100\n|move|p1a: Mew|Cosmic Power|p1a: Mew\n|-boost|p1a: Mew|def|1\n|-boost|p1a: Mew|spd|1\n|\n|-damage|p1a: Mew|82\/100 brn|[from] brn\n|upkeep\n|turn|19\n|\n|t:|1649028400\n|switch|p2a: Gastrodon|Gastrodon-East, F|51\/100 brn\n|move|p1a: Mew|Taunt|p2a: Gastrodon\n|-start|p2a: Gastrodon|move: Taunt\n|\n|-damage|p1a: Mew|76\/100 brn|[from] brn\n|-damage|p2a: Gastrodon|45\/100 brn|[from] brn\n|upkeep\n|turn|20\n|\n|t:|1649028402\n|move|p1a: Mew|Stored Power|p2a: Gastrodon\n|-damage|p2a: Gastrodon|31\/100 brn\n|move|p2a: Gastrodon|Clear Smog|p1a: Mew\n|-damage|p1a: Mew|70\/100 brn\n|-clearboost|p1a: Mew\n|\n|-damage|p1a: Mew|64\/100 brn|[from] brn\n|-damage|p2a: Gastrodon|25\/100 brn|[from] brn\n|upkeep\n|turn|21\n|\n|t:|1649028407\n|switch|p2a: Volcarona|Volcarona, F|100\/100\n|move|p1a: Mew|Soft-Boiled|p1a: Mew\n|-heal|p1a: Mew|100\/100 brn\n|\n|-damage|p1a: Mew|94\/100 brn|[from] brn\n|upkeep\n|turn|22\n|\n|t:|1649028410\n|move|p1a: Mew|Taunt|p2a: Volcarona\n|-start|p2a: Volcarona|move: Taunt\n|move|p2a: Volcarona|Flamethrower|p1a: Mew\n|-damage|p1a: Mew|57\/100 brn\n|\n|-damage|p1a: Mew|51\/100 brn|[from] brn\n|upkeep\n|turn|23\n|\n|t:|1649028412\n|move|p1a: Mew|Cosmic Power|p1a: Mew\n|-boost|p1a: Mew|def|1\n|-boost|p1a: Mew|spd|1\n|move|p2a: Volcarona|Flamethrower|p1a: Mew\n|-damage|p1a: Mew|26\/100 brn\n|\n|-damage|p1a: Mew|20\/100 brn|[from] brn\n|upkeep\n|turn|24\n|\n|t:|1649028417\n|move|p1a: Mew|Soft-Boiled|p1a: Mew\n|-heal|p1a: Mew|70\/100 brn\n|move|p2a: Volcarona|Flamethrower|p1a: Mew\n|-damage|p1a: Mew|49\/100 brn\n|\n|-damage|p1a: Mew|43\/100 brn|[from] brn\n|-end|p2a: Volcarona|move: Taunt\n|upkeep\n|turn|25\n|\n|t:|1649028420\n|move|p1a: Mew|Taunt|p2a: Volcarona\n|-start|p2a: Volcarona|move: Taunt\n|move|p2a: Volcarona|Flamethrower|p1a: Mew\n|-damage|p1a: Mew|21\/100 brn\n|\n|-damage|p1a: Mew|15\/100 brn|[from] brn\n|upkeep\n|turn|26\n|\n|t:|1649028422\n|move|p1a: Mew|Soft-Boiled|p1a: Mew\n|-heal|p1a: Mew|65\/100 brn\n|move|p2a: Volcarona|Flamethrower|p1a: Mew\n|-damage|p1a: Mew|44\/100 brn\n|\n|-damage|p1a: Mew|37\/100 brn|[from] brn\n|upkeep\n|turn|27\n|\n|t:|1649028424\n|move|p1a: Mew|Cosmic Power|p1a: Mew\n|-boost|p1a: Mew|def|1\n|-boost|p1a: Mew|spd|1\n|move|p2a: Volcarona|Flamethrower|p1a: Mew\n|-damage|p1a: Mew|21\/100 brn\n|\n|-damage|p1a: Mew|15\/100 brn|[from] brn\n|-end|p2a: Volcarona|move: Taunt\n|upkeep\n|turn|28\n|\n|t:|1649028431\n|move|p1a: Mew|Soft-Boiled|p1a: Mew\n|-heal|p1a: Mew|65\/100 brn\n|move|p2a: Volcarona|Quiver Dance|p2a: Volcarona\n|-boost|p2a: Volcarona|spa|1\n|-boost|p2a: Volcarona|spd|1\n|-boost|p2a: Volcarona|spe|1\n|\n|-damage|p1a: Mew|59\/100 brn|[from] brn\n|upkeep\n|turn|29\n|\n|t:|1649028435\n|move|p2a: Volcarona|Quiver Dance|p2a: Volcarona\n|-boost|p2a: Volcarona|spa|1\n|-boost|p2a: Volcarona|spd|1\n|-boost|p2a: Volcarona|spe|1\n|move|p1a: Mew|Taunt|p2a: Volcarona\n|-start|p2a: Volcarona|move: Taunt\n|\n|-damage|p1a: Mew|52\/100 brn|[from] brn\n|upkeep\n|turn|30\n|\n|t:|1649028437\n|move|p2a: Volcarona|Flamethrower|p1a: Mew\n|-damage|p1a: Mew|17\/100 brn\n|move|p1a: Mew|Soft-Boiled|p1a: Mew\n|-heal|p1a: Mew|67\/100 brn\n|\n|-damage|p1a: Mew|60\/100 brn|[from] brn\n|upkeep\n|turn|31\n|j| BigSexyNik93\n|\n|t:|1649028439\n|move|p2a: Volcarona|Flamethrower|p1a: Mew\n|-damage|p1a: Mew|27\/100 brn\n|move|p1a: Mew|Soft-Boiled|p1a: Mew\n|-heal|p1a: Mew|77\/100 brn\n|\n|-damage|p1a: Mew|71\/100 brn|[from] brn\n|upkeep\n|turn|32\n|\n|t:|1649028442\n|move|p2a: Volcarona|Flamethrower|p1a: Mew\n|-damage|p1a: Mew|39\/100 brn\n|move|p1a: Mew|Cosmic Power|p1a: Mew\n|-boost|p1a: Mew|def|1\n|-boost|p1a: Mew|spd|1\n|\n|-damage|p1a: Mew|33\/100 brn|[from] brn\n|-end|p2a: Volcarona|move: Taunt\n|upkeep\n|turn|33\n|\n|t:|1649028446\n|move|p2a: Volcarona|Flamethrower|p1a: Mew\n|-damage|p1a: Mew|6\/100 brn\n|move|p1a: Mew|Soft-Boiled|p1a: Mew\n|-heal|p1a: Mew|56\/100 brn\n|\n|-damage|p1a: Mew|50\/100 brn|[from] brn\n|upkeep\n|turn|34\n|\n|t:|1649028449\n|move|p2a: Volcarona|Quiver Dance|p2a: Volcarona\n|-boost|p2a: Volcarona|spa|1\n|-boost|p2a: Volcarona|spd|1\n|-boost|p2a: Volcarona|spe|1\n|move|p1a: Mew|Cosmic Power|p1a: Mew\n|-boost|p1a: Mew|def|1\n|-boost|p1a: Mew|spd|1\n|\n|-damage|p1a: Mew|43\/100 brn|[from] brn\n|upkeep\n|turn|35\n|\n|t:|1649028451\n|move|p2a: Volcarona|Quiver Dance|p2a: Volcarona\n|-boost|p2a: Volcarona|spa|1\n|-boost|p2a: Volcarona|spd|1\n|-boost|p2a: Volcarona|spe|1\n|move|p1a: Mew|Soft-Boiled|p1a: Mew\n|-heal|p1a: Mew|93\/100 brn\n|\n|-damage|p1a: Mew|87\/100 brn|[from] brn\n|upkeep\n|turn|36\n|\n|t:|1649028453\n|move|p2a: Volcarona|Flamethrower|p1a: Mew\n|-damage|p1a: Mew|53\/100 brn\n|move|p1a: Mew|Cosmic Power|p1a: Mew\n|-boost|p1a: Mew|def|1\n|-boost|p1a: Mew|spd|1\n|\n|-damage|p1a: Mew|47\/100 brn|[from] brn\n|upkeep\n|turn|37\n|\n|t:|1649028456\n|move|p2a: Volcarona|Flamethrower|p1a: Mew\n|-damage|p1a: Mew|17\/100 brn\n|move|p1a: Mew|Soft-Boiled|p1a: Mew\n|-heal|p1a: Mew|67\/100 brn\n|\n|-damage|p1a: Mew|61\/100 brn|[from] brn\n|upkeep\n|turn|38\n|\n|t:|1649028460\n|move|p2a: Volcarona|Quiver Dance|p2a: Volcarona\n|-boost|p2a: Volcarona|spa|1\n|-boost|p2a: Volcarona|spd|1\n|-boost|p2a: Volcarona|spe|1\n|move|p1a: Mew|Stored Power|p2a: Volcarona\n|-damage|p2a: Volcarona|81\/100\n|\n|-damage|p1a: Mew|55\/100 brn|[from] brn\n|upkeep\n|turn|39\n|-message|Skip The Drip forfeited.\n|\n|win|Baldissera\n|raw|Skip The Drip's rating: 1848 &rarr; <strong>1827<\/strong><br \/>(-21 for losing)\n|raw|Baldissera's rating: 1838 &rarr; <strong>1859<\/strong><br \/>(+21 for winning)\n|l|\u2606Skip The Drip\n|l|\u2606Baldissera\n|l| BigSexyNik93\n||Ladder isn't responding, score probably updated but might not have (Request timeout).\n|l| Frank Lopez\n|l| korok376\n|l| zelduxe\n|j|\u2606Baldissera\n|player|p2|Baldissera|leon\n","uploadtime":1649028479,"views":58,"p1id":"skipthedrip","p2id":"baldissera","formatid":"gen8ou","rating":1827,"private":0,"password":null}