{"id":"gen8ou-1649859065","p1":"minimax_ai","p2":"Not Sarcasm","format":"gen8ou","log":"|j|\u2606minimax_ai\n|j|\u2606Not Sarcasm\n|t:|1661642230\n|gametype|singles\n|player|p1|minimax_ai|lusamine-nihilego|1595\n|player|p2|Not Sarcasm|169|1544\n|teamsize|p1|6\n|teamsize|p2|6\n|gen|8\n|tier|[Gen 8] OU\n|rated|\n|rule|Sleep Clause Mod: Limit one foe put to sleep\n|rule|Species Clause: Limit one of each Pok\u00e9mon\n|rule|OHKO Clause: OHKO moves are banned\n|rule|Evasion Items Clause: Evasion items are banned\n|rule|Evasion Moves Clause: Evasion moves are banned\n|rule|Endless Battle Clause: Forcing endless battles is banned\n|rule|HP Percentage Mod: HP is shown in percentages\n|rule|Dynamax Clause: You cannot dynamax\n|clearpoke\n|poke|p1|Rotom-Wash|\n|poke|p1|Weavile, M|\n|poke|p1|Landorus-Therian, M|\n|poke|p1|Heatran, M|\n|poke|p1|Tangrowth, M|\n|poke|p1|Melmetal|\n|poke|p2|Tapu Koko|\n|poke|p2|Zapdos-Galar|\n|poke|p2|Slowking-Galar, F|\n|poke|p2|Corviknight, F|\n|poke|p2|Landorus-Therian, M|\n|poke|p2|Weavile, M|\n|teampreview\n|inactive|Battle timer is ON: inactive players will automatically lose when time's up. (requested by Not Sarcasm)\n|c|\u2606minimax_ai|hf\n|inactive|minimax_ai also wants the timer to be on.\n|\n|t:|1661642239\n|start\n|switch|p1a: rotomwash|Rotom-Wash|100\/100\n|switch|p2a: Tapu Koko|Tapu Koko|100\/100\n|-fieldstart|move: Electric Terrain|[from] ability: Electric Surge|[of] p2a: Tapu Koko\n|turn|1\n|\n|t:|1661642245\n|move|p2a: Tapu Koko|Thunderbolt|p1a: rotomwash\n|-damage|p1a: rotomwash|50\/100\n|move|p1a: rotomwash|Pain Split|p2a: Tapu Koko\n|-sethp|p2a: Tapu Koko|77\/100|[from] move: Pain Split|[silent]\n|-sethp|p1a: rotomwash|72\/100|[from] move: Pain Split\n|\n|-heal|p1a: rotomwash|78\/100|[from] item: Leftovers\n|upkeep\n|turn|2\n|\n|t:|1661642252\n|move|p2a: Tapu Koko|Thunderbolt|p1a: rotomwash\n|-damage|p1a: rotomwash|25\/100\n|move|p1a: rotomwash|Pain Split|p2a: Tapu Koko\n|-sethp|p2a: Tapu Koko|52\/100|[from] move: Pain Split|[silent]\n|-sethp|p1a: rotomwash|49\/100|[from] move: Pain Split\n|\n|-heal|p1a: rotomwash|55\/100|[from] item: Leftovers\n|upkeep\n|turn|3\n|\n|t:|1661642259\n|move|p2a: Tapu Koko|Thunderbolt|p1a: rotomwash\n|-damage|p1a: rotomwash|1\/100\n|move|p1a: rotomwash|Pain Split|p2a: Tapu Koko\n|-sethp|p2a: Tapu Koko|27\/100|[from] move: Pain Split|[silent]\n|-sethp|p1a: rotomwash|25\/100|[from] move: Pain Split\n|\n|-heal|p1a: rotomwash|31\/100|[from] item: Leftovers\n|upkeep\n|turn|4\n|\n|t:|1661642266\n|switch|p1a: Tangrowth|Tangrowth, M|100\/100\n|move|p2a: Tapu Koko|U-turn|p1a: Tangrowth\n|-supereffective|p1a: Tangrowth\n|-damage|p1a: Tangrowth|84\/100\n|-damage|p2a: Tapu Koko|10\/100|[from] item: Rocky Helmet|[of] p1a: Tangrowth\n|\n|t:|1661642274\n|switch|p2a: Zapdos|Zapdos-Galar|100\/100|[from]move: U-turn\n|\n|upkeep\n|turn|5\n|\n|t:|1661642279\n|switch|p1a: rotomwash|Rotom-Wash|31\/100\n|move|p2a: Zapdos|Close Combat|p1a: rotomwash\n|-damage|p1a: rotomwash|0 fnt\n|-unboost|p2a: Zapdos|def|1\n|-unboost|p2a: Zapdos|spd|1\n|faint|p1a: rotomwash\n|\n|-fieldend|move: Electric Terrain\n|upkeep\n|\n|t:|1661642279\n|switch|p1a: Weavile|Weavile, M|100\/100\n|-ability|p1a: Weavile|Pressure\n|turn|6\n|\n|t:|1661642289\n|switch|p2a: Corviknight|Corviknight, F|100\/100\n|-ability|p2a: Corviknight|Pressure\n|move|p1a: Weavile|Ice Shard|p2a: Corviknight\n|-damage|p2a: Corviknight|83\/100\n|\n|upkeep\n|turn|7\n|\n|t:|1661642296\n|switch|p1a: Tangrowth|Tangrowth, M|100\/100\n|move|p2a: Corviknight|U-turn|p1a: Tangrowth\n|-supereffective|p1a: Tangrowth\n|-damage|p1a: Tangrowth|86\/100\n|-damage|p2a: Corviknight|67\/100|[from] item: Rocky Helmet|[of] p1a: Tangrowth\n|\n|t:|1661642305\n|switch|p2a: Zapdos|Zapdos-Galar|100\/100|[from]move: U-turn\n|\n|upkeep\n|turn|8\n|\n|t:|1661642308\n|move|p2a: Zapdos|Close Combat|p1a: Tangrowth\n|-damage|p1a: Tangrowth|38\/100\n|-unboost|p2a: Zapdos|def|1\n|-unboost|p2a: Zapdos|spd|1\n|-damage|p2a: Zapdos|84\/100|[from] item: Rocky Helmet|[of] p1a: Tangrowth\n|move|p1a: Tangrowth|Giga Drain|p2a: Zapdos\n|-resisted|p2a: Zapdos\n|-damage|p2a: Zapdos|62\/100\n|-heal|p1a: Tangrowth|47\/100|[from] drain|[of] p2a: Zapdos\n|\n|upkeep\n|turn|9\n|\n|t:|1661642317\n|switch|p1a: landorustherian|Landorus-Therian, M|100\/100\n|-ability|p1a: landorustherian|Intimidate|boost\n|-unboost|p2a: Zapdos|atk|1\n|-ability|p2a: Zapdos|Defiant\n|-boost|p2a: Zapdos|atk|2\n|move|p2a: Zapdos|Close Combat|p1a: landorustherian\n|-resisted|p1a: landorustherian\n|-damage|p1a: landorustherian|33\/100\n|-unboost|p2a: Zapdos|def|1\n|-unboost|p2a: Zapdos|spd|1\n|\n|-heal|p1a: landorustherian|39\/100|[from] item: Leftovers\n|upkeep\n|turn|10\n|\n|t:|1661642329\n|move|p2a: Zapdos|Close Combat|p1a: landorustherian\n|-resisted|p1a: landorustherian\n|-damage|p1a: landorustherian|0 fnt\n|-unboost|p2a: Zapdos|def|1\n|-unboost|p2a: Zapdos|spd|1\n|faint|p1a: landorustherian\n|\n|upkeep\n|\n|t:|1661642329\n|switch|p1a: Weavile|Weavile, M|100\/100\n|-ability|p1a: Weavile|Pressure\n|turn|11\n|\n|t:|1661642337\n|switch|p2a: Corviknight|Corviknight, F|67\/100\n|-ability|p2a: Corviknight|Pressure\n|move|p1a: Weavile|Triple Axel|p2a: Corviknight\n|-damage|p2a: Corviknight|58\/100\n|-damage|p1a: Weavile|84\/100|[from] item: Rocky Helmet|[of] p2a: Corviknight\n|-damage|p2a: Corviknight|40\/100\n|-damage|p1a: Weavile|68\/100|[from] item: Rocky Helmet|[of] p2a: Corviknight\n|-hitcount|p2a: Corviknight|2\n|\n|upkeep\n|turn|12\n|\n|t:|1661642348\n|move|p1a: Weavile|Triple Axel|p2a: Corviknight\n|-damage|p2a: Corviknight|31\/100\n|-damage|p1a: Weavile|51\/100|[from] item: Rocky Helmet|[of] p2a: Corviknight\n|-damage|p2a: Corviknight|13\/100\n|-damage|p1a: Weavile|35\/100|[from] item: Rocky Helmet|[of] p2a: Corviknight\n|-damage|p2a: Corviknight|0 fnt\n|-damage|p1a: Weavile|19\/100|[from] item: Rocky Helmet|[of] p2a: Corviknight\n|faint|p2a: Corviknight\n|-hitcount|p2: Corviknight|3\n|\n|upkeep\n|\n|t:|1661642360\n|switch|p2a: Weavile|Weavile, M|100\/100\n|-ability|p2a: Weavile|Pressure\n|turn|13\n|\n|t:|1661642364\n|move|p1a: Weavile|Triple Axel|p2a: Weavile\n|-resisted|p2a: Weavile\n|-damage|p2a: Weavile|87\/100\n|-hitcount|p2a: Weavile|1\n|move|p2a: Weavile|Knock Off|p1a: Weavile\n|-resisted|p1a: Weavile\n|-damage|p1a: Weavile|0 fnt\n|-enditem|p1a: Weavile|Choice Band|[from] move: Knock Off|[of] p2a: Weavile\n|faint|p1a: Weavile\n|\n|upkeep\n|\n|t:|1661642365\n|switch|p1a: Heatran|Heatran, M|100\/100\n|-item|p1a: Heatran|Air Balloon\n|turn|14\n|\n|t:|1661642378\n|switch|p2a: Slowking|Slowking-Galar, F|100\/100\n|move|p1a: Heatran|Magma Storm|p2a: Slowking\n|-damage|p2a: Slowking|78\/100\n|-activate|p2a: Slowking|move: Magma Storm|[of] p1a: Heatran\n|\n|-damage|p2a: Slowking|65\/100|[from] move: Magma Storm|[partiallytrapped]\n|upkeep\n|turn|15\n|\n|t:|1661642384\n|move|p1a: Heatran|Magma Storm|p2a: Slowking\n|-damage|p2a: Slowking|43\/100\n|move|p2a: Slowking|Future Sight|p1a: Heatran\n|-start|p2a: Slowking|move: Future Sight\n|\n|-damage|p2a: Slowking|30\/100|[from] move: Magma Storm|[partiallytrapped]\n|upkeep\n|turn|16\n|\n|t:|1661642391\n|move|p1a: Heatran|Eruption|p2a: Slowking\n|-damage|p2a: Slowking|0 fnt\n|faint|p2a: Slowking\n|\n|upkeep\n|\n|t:|1661642396\n|switch|p2a: Zapdos|Zapdos-Galar|62\/100\n|turn|17\n|\n|t:|1661642399\n|switch|p1a: Tangrowth|Tangrowth, M|80\/100\n|move|p2a: Zapdos|Close Combat|p1a: Tangrowth\n|-damage|p1a: Tangrowth|30\/100\n|-unboost|p2a: Zapdos|def|1\n|-unboost|p2a: Zapdos|spd|1\n|-damage|p2a: Zapdos|45\/100|[from] item: Rocky Helmet|[of] p1a: Tangrowth\n|\n|-end|p1a: Tangrowth|move: Future Sight\n|-damage|p1a: Tangrowth|0 fnt\n|faint|p1a: Tangrowth\n|upkeep\n|\n|t:|1661642399\n|switch|p1a: Heatran|Heatran, M|100\/100\n|-item|p1a: Heatran|Air Balloon\n|turn|18\n|\n|t:|1661642411\n|move|p2a: Zapdos|Close Combat|p1a: Heatran\n|-supereffective|p1a: Heatran\n|-damage|p1a: Heatran|0 fnt\n|-unboost|p2a: Zapdos|def|1\n|-unboost|p2a: Zapdos|spd|1\n|-enditem|p1a: Heatran|Air Balloon\n|faint|p1a: Heatran\n|\n|upkeep\n|\n|t:|1661642411\n|switch|p1a: Melmetal|Melmetal|100\/100\n|turn|19\n|\n|t:|1661642419\n|move|p2a: Zapdos|Close Combat|p1a: Melmetal\n|-supereffective|p1a: Melmetal\n|-damage|p1a: Melmetal|0 fnt\n|-unboost|p2a: Zapdos|def|1\n|-unboost|p2a: Zapdos|spd|1\n|faint|p1a: Melmetal\n|\n|win|Not Sarcasm\n|raw|minimax_ai's rating: 1595 &rarr; <strong>1572<\/strong><br \/>(-23 for losing)\n|raw|Not Sarcasm's rating: 1544 &rarr; <strong>1567<\/strong><br \/>(+23 for winning)\n|c|\u2606minimax_ai|gg\n","uploadtime":1661642421,"views":8,"p1id":"minimaxai","p2id":"notsarcasm","formatid":"gen8ou","rating":1567,"private":0,"password":null}