{"id":"gen8nationaldex-1492936771","p1":"Jim Latifpour","p2":"Blacksponge","format":"gen8nationaldex","log":"|j|\u2606Jim Latifpour\n|j|\u2606Blacksponge\n|t:|1642393583\n|gametype|singles\n|player|p1|Jim Latifpour|veteran-gen4|1567\n|player|p2|Blacksponge|101|1564\n|teamsize|p1|6\n|teamsize|p2|6\n|gen|8\n|tier|[Gen 8] National Dex\n|rated|\n|rule|HP Percentage Mod: HP is shown in percentages\n|rule|Endless Battle Clause: Forcing endless battles is banned\n|rule|OHKO Clause: OHKO moves are banned\n|rule|Evasion Moves Clause: Evasion moves are banned\n|rule|Species Clause: Limit one of each Pok\u00e9mon\n|rule|Dynamax Clause: You cannot dynamax\n|rule|Sleep Clause Mod: Limit one foe put to sleep\n|clearpoke\n|poke|p1|Rillaboom, F|\n|poke|p1|Stakataka|\n|poke|p1|Slowking-Galar, M|\n|poke|p1|Marowak-Alola, F|\n|poke|p1|Hatterene, F|\n|poke|p1|Porygon2|\n|poke|p2|Kyurem|\n|poke|p2|Lopunny, M|\n|poke|p2|Corviknight, M|\n|poke|p2|Blissey, F|\n|poke|p2|Serperior, F|\n|poke|p2|Victini|\n|teampreview\n|\n|t:|1642393601\n|start\n|switch|p1a: Porygon2|Porygon2|100\/100\n|switch|p2a: Victini|Victini|100\/100\n|-ability|p1a: Porygon2|Download|boost\n|-boost|p1a: Porygon2|atk|1\n|turn|1\n|\n|t:|1642393605\n|move|p2a: Victini|V-create|p1a: Porygon2\n|-damage|p1a: Porygon2|28\/100\n|-unboost|p2a: Victini|spe|1\n|-unboost|p2a: Victini|def|1\n|-unboost|p2a: Victini|spd|1\n|move|p1a: Porygon2|Trick Room|p1a: Porygon2\n|-fieldstart|move: Trick Room|[of] p1a: Porygon2\n|\n|upkeep\n|turn|2\n|\n|t:|1642393609\n|move|p1a: Porygon2|Recover|p1a: Porygon2\n|-heal|p1a: Porygon2|78\/100\n|move|p2a: Victini|V-create|p1a: Porygon2\n|-damage|p1a: Porygon2|0 fnt\n|-unboost|p2a: Victini|spe|1\n|-unboost|p2a: Victini|def|1\n|-unboost|p2a: Victini|spd|1\n|faint|p1a: Porygon2\n|\n|upkeep\n|\n|t:|1642393616\n|switch|p1a: Marowak|Marowak-Alola, F|100\/100\n|turn|3\n|\n|t:|1642393620\n|switch|p2a: Blissey|Blissey, F|100\/100\n|move|p1a: Marowak|Flare Blitz|p2a: Blissey\n|-damage|p2a: Blissey|13\/100\n|-damage|p1a: Marowak|36\/100|[from] Recoil\n|\n|upkeep\n|turn|4\n|\n|t:|1642393634\n|switch|p2a: Kyurem|Kyurem|100\/100\n|-ability|p2a: Kyurem|Pressure\n|move|p1a: Marowak|Knock Off|p2a: Kyurem\n|-damage|p2a: Kyurem|48\/100\n|-enditem|p2a: Kyurem|Choice Specs|[from] move: Knock Off|[of] p1a: Marowak\n|\n|upkeep\n|turn|5\n|\n|t:|1642393642\n|switch|p2a: Blissey|Blissey, F|13\/100\n|move|p1a: Marowak|Flare Blitz|p2a: Blissey\n|-damage|p2a: Blissey|0 fnt\n|faint|p2a: Blissey\n|-damage|p1a: Marowak|28\/100|[from] Recoil\n|\n|-fieldend|move: Trick Room\n|upkeep\n|\n|t:|1642393648\n|switch|p2a: Victini|Victini|100\/100\n|turn|6\n|\n|t:|1642393652\n|move|p2a: Victini|V-create|p1a: Marowak\n|-resisted|p1a: Marowak\n|-damage|p1a: Marowak|0 fnt\n|-unboost|p2a: Victini|spe|1\n|-unboost|p2a: Victini|def|1\n|-unboost|p2a: Victini|spd|1\n|faint|p1a: Marowak\n|\n|upkeep\n|\n|t:|1642393658\n|switch|p1a: Hatterene|Hatterene, F|100\/100\n|turn|7\n|\n|t:|1642393661\n|move|p2a: Victini|V-create|p1a: Hatterene\n|-damage|p1a: Hatterene|3\/100\n|-unboost|p2a: Victini|spe|1\n|-unboost|p2a: Victini|def|1\n|-unboost|p2a: Victini|spd|1\n|move|p1a: Hatterene|Trick Room|p1a: Hatterene\n|-fieldstart|move: Trick Room|[of] p1a: Hatterene\n|\n|-heal|p1a: Hatterene|9\/100|[from] item: Leftovers\n|upkeep\n|turn|8\n|\n|t:|1642393667\n|move|p1a: Hatterene|Misty Explosion|p2a: Victini\n|-resisted|p2a: Victini\n|-crit|p2a: Victini\n|-damage|p2a: Victini|30\/100\n|faint|p1a: Hatterene\n|move|p2a: Victini|V-create|p1: Hatterene|[notarget]\n|-fail|p2a: Victini\n|\n|upkeep\n|\n|t:|1642393671\n|switch|p1a: Stakataka|Stakataka|100\/100\n|turn|9\n|inactive|Battle timer is ON: inactive players will automatically lose when time's up. (requested by Jim Latifpour)\n|\n|t:|1642393763\n|switch|p2a: Corviknight|Corviknight, M|100\/100\n|-ability|p2a: Corviknight|Pressure\n|move|p1a: Stakataka|Heat Crash|p2a: Corviknight\n|-supereffective|p2a: Corviknight\n|-damage|p2a: Corviknight|49\/100\n|\n|upkeep\n|turn|10\n|\n|t:|1642393778\n|switch|p2a: Lopunny|Lopunny, M|100\/100\n|-zpower|p1a: Stakataka\n|move|p1a: Stakataka|Continental Crush|p2a: Lopunny|[zeffect]\n|-damage|p2a: Lopunny|0 fnt\n|faint|p2a: Lopunny\n|-ability|p1a: Stakataka|Beast Boost|boost\n|-boost|p1a: Stakataka|atk|1\n|\n|upkeep\n|\n|t:|1642393789\n|switch|p2a: Serperior|Serperior, F|100\/100\n|turn|11\n|\n|t:|1642393793\n|move|p1a: Stakataka|Heat Crash|p2a: Serperior\n|-supereffective|p2a: Serperior\n|-damage|p2a: Serperior|0 fnt\n|faint|p2a: Serperior\n|-ability|p1a: Stakataka|Beast Boost|boost\n|-boost|p1a: Stakataka|atk|1\n|\n|-fieldend|move: Trick Room\n|upkeep\n|\n|t:|1642393796\n|switch|p2a: Victini|Victini|30\/100\n|turn|12\n|\n|t:|1642393800\n|switch|p1a: Rillaboom|Rillaboom, F|100\/100\n|-fieldstart|move: Grassy Terrain|[from] ability: Grassy Surge|[of] p1a: Rillaboom\n|move|p2a: Victini|V-create|p1a: Rillaboom\n|-supereffective|p1a: Rillaboom\n|-damage|p1a: Rillaboom|0 fnt\n|-unboost|p2a: Victini|spe|1\n|-unboost|p2a: Victini|def|1\n|-unboost|p2a: Victini|spd|1\n|faint|p1a: Rillaboom\n|\n|-heal|p2a: Victini|36\/100|[from] Grassy Terrain\n|upkeep\n|\n|t:|1642393805\n|switch|p1a: Slowking|Slowking-Galar, M|100\/100\n|turn|13\n|\n|t:|1642393807\n|move|p2a: Victini|V-create|p1a: Slowking\n|-damage|p1a: Slowking|13\/100\n|-unboost|p2a: Victini|spe|1\n|-unboost|p2a: Victini|def|1\n|-unboost|p2a: Victini|spd|1\n|move|p1a: Slowking|Trick Room|p1a: Slowking\n|-fieldstart|move: Trick Room|[of] p1a: Slowking\n|\n|-heal|p1a: Slowking|19\/100|[from] Grassy Terrain\n|-heal|p2a: Victini|42\/100|[from] Grassy Terrain\n|upkeep\n|turn|14\n|\n|t:|1642393817\n|switch|p1a: Stakataka|Stakataka|100\/100\n|switch|p2a: Corviknight|Corviknight, M|49\/100\n|-ability|p2a: Corviknight|Pressure\n|\n|upkeep\n|turn|15\n|\n|t:|1642393823\n|move|p1a: Stakataka|Heat Crash|p2a: Corviknight\n|-supereffective|p2a: Corviknight\n|-damage|p2a: Corviknight|0 fnt\n|faint|p2a: Corviknight\n|-ability|p1a: Stakataka|Beast Boost|boost\n|-boost|p1a: Stakataka|atk|1\n|\n|upkeep\n|\n|t:|1642393827\n|switch|p2a: Kyurem|Kyurem|48\/100\n|-ability|p2a: Kyurem|Pressure\n|turn|16\n|\n|t:|1642393830\n|switch|p2a: Victini|Victini|42\/100\n|move|p1a: Stakataka|Gyro Ball|p2a: Victini\n|-resisted|p2a: Victini\n|-damage|p2a: Victini|0 fnt\n|faint|p2a: Victini\n|-ability|p1a: Stakataka|Beast Boost|boost\n|-boost|p1a: Stakataka|atk|1\n|\n|-fieldend|move: Grassy Terrain\n|upkeep\n|-message|Blacksponge forfeited.\n|\n|win|Jim Latifpour\n|raw|Jim Latifpour's rating: 1567 &rarr; <strong>1587<\/strong><br \/>(+20 for winning)\n|raw|Blacksponge's rating: 1564 &rarr; <strong>1544<\/strong><br \/>(-20 for losing)\n|l|\u2606Blacksponge\n","uploadtime":1642393840,"views":14,"p1id":"jimlatifpour","p2id":"blacksponge","formatid":"gen8nationaldex","rating":1544,"private":0,"password":null}