{"id":"gen8randombattle-1561432824","p1":"playeraccount","p2":"WretchedHorse","format":"gen8randombattle","log":"|j|\u2606playeraccount\n|j|\u2606WretchedHorse\n|t:|1650938986\n|gametype|singles\n|player|p1|playeraccount|169|1175\n|player|p2|WretchedHorse|preschooler|1125\n|teamsize|p1|6\n|teamsize|p2|6\n|gen|8\n|tier|[Gen 8] Random Battle\n|rated|\n|rule|Species Clause: Limit one of each Pok\u00e9mon\n|rule|HP Percentage Mod: HP is shown in percentages\n|rule|Sleep Clause Mod: Limit one foe put to sleep\n|\n|t:|1650938986\n|start\n|switch|p1a: Comfey|Comfey, L86, M|228\/228\n|switch|p2a: Naganadel|Naganadel, L74|230\/230\n|turn|1\n|inactive|Battle timer is ON: inactive players will automatically lose when time's up. (requested by WretchedHorse)\n|\n|t:|1650939016\n|-start|p2a: Naganadel|Dynamax|\n|-heal|p2a: Naganadel|460\/460|[silent]\n|move|p2a: Naganadel|Max Ooze|p1a: Comfey\n|-supereffective|p1a: Comfey\n|-damage|p1a: Comfey|23\/228\n|-boost|p2a: Naganadel|spa|1\n|-damage|p2a: Naganadel|437\/460|[from] item: Life Orb\n|move|p1a: Comfey|Calm Mind|p1a: Comfey\n|-boost|p1a: Comfey|spa|1\n|-boost|p1a: Comfey|spd|1\n|\n|upkeep\n|turn|2\n|\n|t:|1650939038\n|move|p1a: Comfey|Draining Kiss|p2a: Naganadel\n|-damage|p2a: Naganadel|323\/460\n|-heal|p1a: Comfey|109\/228|[from] drain|[of] p2a: Naganadel\n|-damage|p1a: Comfey|87\/228|[from] item: Life Orb\n|move|p2a: Naganadel|Max Ooze|p1a: Comfey\n|-supereffective|p1a: Comfey\n|-damage|p1a: Comfey|0 fnt\n|-boost|p2a: Naganadel|spa|1\n|faint|p1a: Comfey\n|-ability|p2a: Naganadel|Beast Boost|boost\n|-boost|p2a: Naganadel|spa|1\n|-damage|p2a: Naganadel|300\/460|[from] item: Life Orb\n|\n|upkeep\n|\n|t:|1650939057\n|switch|p1a: Golisopod|Golisopod, L84, F|263\/263\n|turn|3\n|\n|t:|1650939066\n|move|p1a: Golisopod|First Impression|p2a: Naganadel\n|-resisted|p2a: Naganadel\n|-damage|p2a: Naganadel|220\/460\n|move|p2a: Naganadel|Max Ooze|p1a: Golisopod\n|-damage|p1a: Golisopod|0 fnt\n|-boost|p2a: Naganadel|spa|1\n|faint|p1a: Golisopod\n|-ability|p2a: Naganadel|Beast Boost|boost\n|-boost|p2a: Naganadel|spa|1\n|-damage|p2a: Naganadel|197\/460|[from] item: Life Orb\n|\n|-end|p2a: Naganadel|Dynamax\n|-heal|p2a: Naganadel|99\/230|[silent]\n|upkeep\n|\n|t:|1650939081\n|switch|p1a: Glaceon|Glaceon, L88, M|258\/258\n|turn|4\n|\n|t:|1650939094\n|move|p1a: Glaceon|Protect|p1a: Glaceon\n|-singleturn|p1a: Glaceon|Protect\n|move|p2a: Naganadel|Fire Blast|p1a: Glaceon\n|-activate|p1a: Glaceon|move: Protect\n|\n|upkeep\n|turn|5\n|\n|t:|1650939106\n|move|p2a: Naganadel|Fire Blast|p1a: Glaceon\n|-supereffective|p1a: Glaceon\n|-damage|p1a: Glaceon|0 fnt\n|faint|p1a: Glaceon\n|-ability|p2a: Naganadel|Beast Boost|boost\n|-boost|p2a: Naganadel|spa|1\n|-damage|p2a: Naganadel|76\/230|[from] item: Life Orb\n|\n|upkeep\n|\n|t:|1650939115\n|switch|p1a: Duraludon|Duraludon, L84, M|255\/255\n|turn|6\n|-message|playeraccount forfeited.\n|\n|win|WretchedHorse\n|raw|playeraccount's rating: 1175 &rarr; <strong>1146<\/strong><br \/>(-29 for losing)\n|raw|WretchedHorse's rating: 1125 &rarr; <strong>1154<\/strong><br \/>(+29 for winning)\n|l|\u2606playeraccount\n","inputlog":">version 0162639e2be10fee1f1935f037788d778e37d0f7\n>start {\"formatid\":\"gen8randombattle\",\"seed\":[50885,33761,14415,55443],\"rated\":\"Rated battle\"}\n>player p1 {\"name\":\"playeraccount\",\"avatar\":\"169\",\"rating\":1175,\"seed\":[11080,35744,35601,47057]}\n>player p2 {\"name\":\"WretchedHorse\",\"avatar\":\"preschooler\",\"rating\":1125,\"seed\":[16918,12417,15806,3605]}\n>p1 move calmmind\n>p2 move sludgewave dynamax\n>p1 move drainingkiss\n>p2 move sludgewave dynamax\n>p1 switch 6\n>p1 move firstimpression\n>p2 move sludgewave dynamax\n>p1 switch 3\n>p1 move protect\n>p2 move fireblast\n>p1 move freezedry\n>p2 move fireblast\n>p1 switch 5\n>forcelose p1","uploadtime":1650939138,"views":2,"p1id":"playeraccount","p2id":"wretchedhorse","formatid":"gen8randombattle","rating":1146,"private":0,"password":null}