{"id":"gen8customgame-1231395640","p1":"I'M AT MY LIMIT!","p2":"BryboVelocity","format":"gen8customgame","log":"|j|\u2606I'M AT MY LIMIT!\n|j|\u2606BryboVelocity\n|t:|1606337228\n|player|p1|I'M AT MY LIMIT!|hilda|\n|player|p2|BryboVelocity|hau|\n|teamsize|p1|6\n|teamsize|p2|6\n|gametype|singles\n|gen|8\n|tier|[Gen 8] Custom Game\n|clearpoke\n|poke|p1|Blissey, L9999, F|\n|poke|p1|Urshifu-*, L9999, M|\n|poke|p1|Mewtwo-Mega-X, L9999|\n|poke|p1|Zygarde-Complete, L9999|\n|poke|p1|Calyrex-Shadow|\n|poke|p1|Rayquaza-Mega, L9999|\n|poke|p2|Komala, L9999, M|\n|poke|p2|Zeraora, L9999|\n|poke|p2|Tapu Lele, L9999|\n|poke|p2|Calyrex-Ice, L9999|\n|poke|p2|Calyrex-Shadow, L9999|\n|poke|p2|Zygarde, L9999|\n|teampreview|24\n|\n|t:|1606337292\n|start\n|switch|p1a: take two|Urshifu, L9999, M|39406\/39406\n|switch|p2a: Travis Scott 2|Komala, L9999, M, shiny|32406\/32406\n|turn|1\n|\n|t:|1606337304\n|switch|p2a: JJ 21|Tapu Lele, L9999, shiny|33406\/33406\n|move|p1a: take two|Wicked Blow|p2a: JJ 21\n|debug|Wonder Guard immunity: wickedblow\n|-immune|p2a: JJ 21|[from] ability: Wonder Guard\n|\n|upkeep\n|turn|2\n|\n|t:|1606337322\n|-start|p1a: take two|Dynamax\n|-heal|p1a: take two|78812\/78812|[silent]\n|move|p1a: take two|Max Ooze|p2a: JJ 21\n|debug|Wonder Guard immunity: maxooze\n|-supereffective|p2a: JJ 21\n|-damage|p2a: JJ 21|0 fnt\n|-boost|p1a: take two|spa|1\n|faint|p2a: JJ 21\n|\n|upkeep\n|\n|t:|1606337331\n|switch|p2a: FortniteGame12|Zeraora, L9999, shiny|37006\/37006\n|turn|3\n|\n|t:|1606337337\n|move|p1a: take two|Max Knuckle|p2a: FortniteGame12\n|debug|Wonder Guard immunity: maxknuckle\n|-immune|p2a: FortniteGame12|[from] ability: Wonder Guard\n|move|p2a: FortniteGame12|10,000,000 Volt Thunderbolt|p1a: take two\n|-damage|p1a: take two|39700\/78812\n|\n|upkeep\n|turn|4\n|\n|t:|1606337347\n|-end|p1a: take two|Dynamax\n|-heal|p1a: take two|19850\/39406|[silent]\n|switch|p1a: Light|Zygarde-Complete, L9999|62603\/62603\n|move|p2a: FortniteGame12|Plasma Fists|p1a: Light\n|-immune|p1a: Light\n|\n|upkeep\n|turn|5\n|\n|t:|1606337357\n|switch|p2a: Travis Scott 2|Komala, L9999, M, shiny|32406\/32406\n|move|p1a: Light|Substitute|p1a: Light\n|-start|p1a: Light|Substitute\n|-damage|p1a: Light|46953\/62603\n|\n|-heal|p1a: Light|50865\/62603|[from] item: Leftovers\n|upkeep\n|turn|6\n|\n|t:|1606337363\n|move|p1a: Light|Toxic|p2a: Travis Scott 2\n|-status|p2a: Travis Scott 2|tox\n|move|p2a: Travis Scott 2|Extreme Evoboost|p2a: Travis Scott 2\n|-boost|p2a: Travis Scott 2|atk|2\n|-boost|p2a: Travis Scott 2|def|2\n|-boost|p2a: Travis Scott 2|spa|2\n|-boost|p2a: Travis Scott 2|spd|2\n|-boost|p2a: Travis Scott 2|spe|2\n|\n|-heal|p1a: Light|54777\/62603|[from] item: Leftovers\n|-damage|p2a: Travis Scott 2|30381\/32406 tox|[from] psn\n|upkeep\n|turn|7\n|\n|t:|1606337369\n|move|p2a: Travis Scott 2|G-Max Chi Strike|p1a: Light\n|-activate|p1a: Light|move: Substitute|[damage]\n|-start|p2a: Travis Scott 2|move: G-Max Chi Strike\n|move|p1a: Light|Substitute|p1a: Light\n|-fail|p1a: Light|move: Substitute\n|\n|-heal|p1a: Light|58689\/62603|[from] item: Leftovers\n|-damage|p2a: Travis Scott 2|26331\/32406 tox|[from] psn\n|upkeep\n|turn|8\n|\n|t:|1606337377\n|move|p1a: Light|Coil|p1a: Light\n|-boost|p1a: Light|atk|1\n|-boost|p1a: Light|def|1\n|-boost|p1a: Light|accuracy|1\n|move|p2a: Travis Scott 2|Bulk Up|p2a: Travis Scott 2\n|-boost|p2a: Travis Scott 2|atk|1\n|-boost|p2a: Travis Scott 2|def|1\n|\n|-heal|p1a: Light|62601\/62603|[from] item: Leftovers\n|-damage|p2a: Travis Scott 2|20256\/32406 tox|[from] psn\n|upkeep\n|turn|9\n|\n|t:|1606337383\n|move|p1a: Light|Coil|p1a: Light\n|-boost|p1a: Light|atk|1\n|-boost|p1a: Light|def|1\n|-boost|p1a: Light|accuracy|1\n|move|p2a: Travis Scott 2|Bulk Up|p2a: Travis Scott 2\n|-boost|p2a: Travis Scott 2|atk|1\n|-boost|p2a: Travis Scott 2|def|1\n|\n|-heal|p1a: Light|62603\/62603|[from] item: Leftovers\n|-damage|p2a: Travis Scott 2|12156\/32406 tox|[from] psn\n|upkeep\n|turn|10\n|\n|t:|1606337388\n|move|p1a: Light|Coil|p1a: Light\n|-boost|p1a: Light|atk|1\n|-boost|p1a: Light|def|1\n|-boost|p1a: Light|accuracy|1\n|move|p2a: Travis Scott 2|Bulk Up|p2a: Travis Scott 2\n|-boost|p2a: Travis Scott 2|atk|1\n|-boost|p2a: Travis Scott 2|def|1\n|\n|-damage|p2a: Travis Scott 2|2031\/32406 tox|[from] psn\n|upkeep\n|turn|11\n|\n|t:|1606337397\n|move|p2a: Travis Scott 2|All-Out Pummeling|p1a: Light\n|-activate|p1a: Light|move: Substitute|[damage]\n|move|p1a: Light|Coil|p1a: Light\n|-boost|p1a: Light|atk|1\n|-boost|p1a: Light|def|1\n|-boost|p1a: Light|accuracy|1\n|\n|-damage|p2a: Travis Scott 2|0 fnt|[from] psn\n|faint|p2a: Travis Scott 2\n|upkeep\n|\n|t:|1606337407\n|switch|p2a: Slurp Juice|Zygarde, L9999, shiny|41005\/41005\n|turn|12\n|\n|t:|1606337411\n|move|p1a: Light|Toxic|p2a: Slurp Juice\n|-status|p2a: Slurp Juice|tox\n|move|p2a: Slurp Juice|G-Max Snooze|p1a: Light\n|-activate|p1a: Light|move: Substitute|[damage]\n|\n|-damage|p2a: Slurp Juice|38443\/41005 tox|[from] psn\n|upkeep\n|turn|13\n|\n|t:|1606337419\n|move|p2a: Slurp Juice|G-Max One Blow|p1a: Light\n|-activate|p1a: Light|move: Substitute|[damage]\n|move|p1a: Light|Thousand Arrows|p2a: Slurp Juice\n|debug|Wonder Guard immunity: thousandarrows\n|-immune|p2a: Slurp Juice|[from] ability: Wonder Guard\n|\n|-damage|p2a: Slurp Juice|33319\/41005 tox|[from] psn\n|upkeep\n|turn|14\n|\n|t:|1606337433\n|move|p1a: Light|Coil|p1a: Light\n|-boost|p1a: Light|atk|1\n|-boost|p1a: Light|def|1\n|-boost|p1a: Light|accuracy|1\n|move|p2a: Slurp Juice|Devastating Drake|p1a: Light\n|-supereffective|p1a: Light\n|-activate|p1a: Light|move: Substitute|[damage]\n|\n|-damage|p2a: Slurp Juice|25633\/41005 tox|[from] psn\n|upkeep\n|turn|15\n|\n|t:|1606337441\n|move|p1a: Light|Coil|p1a: Light\n|-boost|p1a: Light|atk|1\n|-boost|p1a: Light|def|1\n|-boost|p1a: Light|accuracy|1\n|move|p2a: Slurp Juice|Core Enforcer|p1a: Light\n|-supereffective|p1a: Light\n|-end|p1a: Light|Substitute\n|-endability|p1a: Light\n|\n|-damage|p2a: Slurp Juice|15385\/41005 tox|[from] psn\n|upkeep\n|turn|16\n|\n|t:|1606337450\n|move|p1a: Light|Substitute|p1a: Light\n|-start|p1a: Light|Substitute\n|-damage|p1a: Light|46953\/62603\n|move|p2a: Slurp Juice|Core Enforcer|p1a: Light\n|-supereffective|p1a: Light\n|-end|p1a: Light|Substitute\n|\n|-heal|p1a: Light|50865\/62603|[from] item: Leftovers\n|-damage|p2a: Slurp Juice|2575\/41005 tox|[from] psn\n|upkeep\n|turn|17\n|\n|t:|1606337456\n|move|p1a: Light|Substitute|p1a: Light\n|-start|p1a: Light|Substitute\n|-damage|p1a: Light|35215\/62603\n|move|p2a: Slurp Juice|Core Enforcer|p1a: Light\n|-supereffective|p1a: Light\n|-end|p1a: Light|Substitute\n|\n|-heal|p1a: Light|39127\/62603|[from] item: Leftovers\n|-damage|p2a: Slurp Juice|0 fnt|[from] psn\n|faint|p2a: Slurp Juice\n|upkeep\n|\n|t:|1606337464\n|switch|p2a: Vulpix (Alolan)|Calyrex-Ice, L9999, shiny|39406\/39406\n|turn|18\n|\n|t:|1606337470\n|move|p1a: Light|Substitute|p1a: Light\n|-start|p1a: Light|Substitute\n|-damage|p1a: Light|23477\/62603\n|move|p2a: Vulpix (Alolan)|G-Max Resonance|p1a: Light\n|-enditem|p2a: Vulpix (Alolan)|Ice Gem|[from] gem\n|debug|Gem Boost\n|-supereffective|p1a: Light\n|-activate|p1a: Light|move: Substitute|[damage]\n|-sidestart|p2: BryboVelocity|move: Aurora Veil\n|\n|-heal|p1a: Light|27389\/62603|[from] item: Leftovers\n|upkeep\n|turn|19\n|\n|t:|1606337480\n|-start|p2a: Vulpix (Alolan)|Dynamax\n|-heal|p2a: Vulpix (Alolan)|78812\/78812|[silent]\n|move|p1a: Light|Toxic|p2a: Vulpix (Alolan)\n|-status|p2a: Vulpix (Alolan)|tox\n|move|p2a: Vulpix (Alolan)|Max Hailstorm|p1a: Light\n|-supereffective|p1a: Light\n|-activate|p1a: Light|move: Substitute|[damage]\n|-weather|Hail\n|\n|-weather|Hail|[upkeep]\n|-damage|p1a: Light|23477\/62603|[from] Hail\n|debug|natural status immunity\n|debug|weather immunity\n|-heal|p1a: Light|27389\/62603|[from] item: Leftovers\n|-damage|p2a: Vulpix (Alolan)|76350\/78812 tox|[from] psn\n|upkeep\n|turn|20\n|\n|t:|1606337491\n|move|p1a: Light|Recover|p1a: Light\n|-heal|p1a: Light|58691\/62603\n|move|p2a: Vulpix (Alolan)|Max Flutterby|p1a: Light\n|debug|Negating (sp)def boost\/penalty.\n|-crit|p1a: Light\n|-activate|p1a: Light|move: Substitute|[damage]\n|-unboost|p1a: Light|spa|1\n|\n|-weather|Hail|[upkeep]\n|-damage|p1a: Light|54779\/62603|[from] Hail\n|debug|natural status immunity\n|debug|weather immunity\n|-heal|p1a: Light|58691\/62603|[from] item: Leftovers\n|-damage|p2a: Vulpix (Alolan)|71426\/78812 tox|[from] psn\n|upkeep\n|turn|21\n|\n|t:|1606337497\n|move|p2a: Vulpix (Alolan)|Max Flutterby|p1a: Light\n|-activate|p1a: Light|move: Substitute|[damage]\n|-unboost|p1a: Light|spa|1\n|move|p1a: Light|Thousand Arrows|p2a: Vulpix (Alolan)\n|debug|Wonder Guard immunity: thousandarrows\n|-immune|p2a: Vulpix (Alolan)|[from] ability: Wonder Guard\n|\n|-weather|Hail|[upkeep]\n|-damage|p1a: Light|54779\/62603|[from] Hail\n|debug|natural status immunity\n|debug|weather immunity\n|-heal|p1a: Light|58691\/62603|[from] item: Leftovers\n|-damage|p2a: Vulpix (Alolan)|64040\/78812 tox|[from] psn\n|-end|p2a: Vulpix (Alolan)|Dynamax\n|-heal|p2a: Vulpix (Alolan)|32020\/39406 tox|[silent]\n|upkeep\n|turn|22\n|\n|t:|1606337516\n|move|p1a: Light|Substitute|p1a: Light\n|-fail|p1a: Light|move: Substitute\n|move|p2a: Vulpix (Alolan)|Subzero Slammer|p1a: Light\n|-supereffective|p1a: Light\n|-activate|p1a: Light|move: Substitute|[damage]\n|\n|-weather|Hail|[upkeep]\n|debug|natural status immunity\n|debug|weather immunity\n|-damage|p1a: Light|54779\/62603|[from] Hail\n|-heal|p1a: Light|58691\/62603|[from] item: Leftovers\n|-damage|p2a: Vulpix (Alolan)|22172\/39406 tox|[from] psn\n|-sideend|p2: BryboVelocity|move: Aurora Veil\n|upkeep\n|turn|23\n|\n|t:|1606337524\n|move|p2a: Vulpix (Alolan)|Glacial Lance|p1a: Light\n|-supereffective|p1a: Light\n|-end|p1a: Light|Substitute\n|move|p1a: Light|Substitute|p1a: Light\n|-start|p1a: Light|Substitute\n|-damage|p1a: Light|43041\/62603\n|\n|-weather|none\n|-heal|p1a: Light|46953\/62603|[from] item: Leftovers\n|-damage|p2a: Vulpix (Alolan)|9862\/39406 tox|[from] psn\n|upkeep\n|turn|24\n|\n|t:|1606337529\n|move|p2a: Vulpix (Alolan)|Glacial Lance|p1a: Light\n|-supereffective|p1a: Light\n|-end|p1a: Light|Substitute\n|move|p1a: Light|Substitute|p1a: Light\n|-start|p1a: Light|Substitute\n|-damage|p1a: Light|31303\/62603\n|\n|-heal|p1a: Light|35215\/62603|[from] item: Leftovers\n|-damage|p2a: Vulpix (Alolan)|0 fnt|[from] psn\n|faint|p2a: Vulpix (Alolan)\n|upkeep\n|-message|BryboVelocity forfeited.\n|\n|win|I'M AT MY LIMIT!\n|l|\u2606BryboVelocity\n","uploadtime":1606337540,"views":3,"p1id":"imatmylimit","p2id":"brybovelocity","formatid":"gen8customgame","rating":0,"private":0,"password":null}