{"id":"gen8ou-1416709499","p1":"jptoroglass","p2":"Infernoss","format":"gen8ou","log":"|j|\u2606jptoroglass\n|j|\u2606Infernoss\n|t:|1631641876\n|gametype|singles\n|player|p1|jptoroglass|marley|1604\n|player|p2|Infernoss|chili|1784\n|teamsize|p1|6\n|teamsize|p2|6\n|gen|8\n|tier|[Gen 8] OU\n|rated|\n|rule|Sleep Clause Mod: Limit one foe put to sleep\n|rule|Species Clause: Limit one of each Pok\u00e9mon\n|rule|OHKO Clause: OHKO moves are banned\n|rule|Evasion Moves Clause: Evasion moves are banned\n|rule|Endless Battle Clause: Forcing endless battles is banned\n|rule|HP Percentage Mod: HP is shown in percentages\n|rule|Dynamax Clause: You cannot dynamax\n|clearpoke\n|poke|p1|Mew|\n|poke|p1|Cloyster, M|\n|poke|p1|Gengar, M|\n|poke|p1|Bisharp, F|\n|poke|p1|Rillaboom, M|\n|poke|p1|Hawlucha, M|\n|poke|p2|Slowbro, F|\n|poke|p2|Hatterene, F|\n|poke|p2|Marowak-Alola, M|\n|poke|p2|Ferrothorn, F|\n|poke|p2|Garchomp, F|\n|poke|p2|Drampa, M|\n|teampreview\n|\n|t:|1631641889\n|start\n|switch|p1a: Mew|Mew, shiny|100\/100\n|switch|p2a: Thorns|Ferrothorn, F|100\/100\n|turn|1\n|inactive|Battle timer is ON: inactive players will automatically lose when time's up. (requested by jptoroglass)\n|\n|t:|1631641897\n|switch|p2a: Hatterene|Hatterene, F|100\/100\n|move|p1a: Mew|Taunt|p2a: Hatterene\n|move|p2a: Hatterene|Taunt|p1a: Mew|[from]ability: Magic Bounce\n|-start|p1a: Mew|move: Taunt\n|\n|upkeep\n|turn|2\n|\n|t:|1631641907\n|switch|p1a: Zero|Bisharp, F|100\/100\n|move|p2a: Hatterene|Trick Room|p2a: Hatterene\n|-fieldstart|move: Trick Room|[of] p2a: Hatterene\n|\n|upkeep\n|turn|3\n|\n|t:|1631641921\n|switch|p2a: Sonso|Slowbro, F|100\/100\n|move|p1a: Zero|Iron Head|p2a: Sonso\n|-resisted|p2a: Sonso\n|-damage|p2a: Sonso|88\/100\n|\n|upkeep\n|turn|4\n|\n|t:|1631641927\n|switch|p1a: Mew|Mew, shiny|100\/100\n|move|p2a: Sonso|Body Press|p1a: Mew\n|-resisted|p1a: Mew\n|-damage|p1a: Mew|89\/100\n|-enditem|p1a: Mew|Red Card|[of] p2a: Sonso\n|drag|p2a: Falko|Drampa, M|100\/100\n|\n|upkeep\n|turn|5\n|\n|t:|1631641938\n|switch|p2a: Hatterene|Hatterene, F|100\/100\n|switch|p1a: Zero|Bisharp, F|100\/100\n|\n|upkeep\n|turn|6\n|\n|t:|1631641948\n|switch|p2a: Sonso|Slowbro, F|100\/100\n|move|p1a: Zero|Iron Head|p2a: Sonso\n|-resisted|p2a: Sonso\n|-damage|p2a: Sonso|87\/100\n|\n|-fieldend|move: Trick Room\n|upkeep\n|turn|7\n|\n|t:|1631641958\n|move|p1a: Zero|Swords Dance|p1a: Zero\n|-boost|p1a: Zero|atk|2\n|move|p2a: Sonso|Trick Room|p2a: Sonso\n|-fieldstart|move: Trick Room|[of] p2a: Sonso\n|\n|upkeep\n|turn|8\n|\n|t:|1631641963\n|move|p1a: Zero|Sucker Punch|p2a: Sonso\n|-supereffective|p2a: Sonso\n|-enditem|p2a: Sonso|Colbur Berry|[eat]\n|-enditem|p2a: Sonso|Colbur Berry|[weaken]\n|-damage|p2a: Sonso|27\/100\n|move|p2a: Sonso|Body Press|p1a: Zero\n|-supereffective|p1a: Zero\n|-damage|p1a: Zero|0 fnt\n|faint|p1a: Zero\n|\n|upkeep\n|\n|t:|1631641971\n|switch|p1a: Okage|Gengar, M|100\/100\n|turn|9\n|\n|t:|1631641976\n|switch|p2a: Falko|Drampa, M|100\/100\n|move|p1a: Okage|Shadow Ball|p2a: Falko\n|-immune|p2a: Falko\n|\n|upkeep\n|turn|10\n|\n|t:|1631641983\n|switch|p1a: Mew|Mew, shiny|89\/100\n|move|p2a: Falko|Thunderbolt|p1a: Mew\n|-damage|p1a: Mew|51\/100\n|-damage|p2a: Falko|91\/100|[from] item: Life Orb\n|\n|upkeep\n|turn|11\n|\n|t:|1631641990\n|move|p2a: Falko|Hyper Voice|p1a: Mew\n|-damage|p1a: Mew|0 fnt\n|faint|p1a: Mew\n|-damage|p2a: Falko|81\/100|[from] item: Life Orb\n|\n|-fieldend|move: Trick Room\n|upkeep\n|\n|t:|1631642008\n|switch|p1a: MagicConch|Cloyster, M|100\/100\n|turn|12\n|\n|t:|1631642019\n|switch|p2a: Sonso|Slowbro, F|60\/100\n|move|p1a: MagicConch|Shell Smash|p1a: MagicConch\n|-unboost|p1a: MagicConch|def|1\n|-unboost|p1a: MagicConch|spd|1\n|-boost|p1a: MagicConch|atk|2\n|-boost|p1a: MagicConch|spa|2\n|-boost|p1a: MagicConch|spe|2\n|-enditem|p1a: MagicConch|White Herb\n|-clearnegativeboost|p1a: MagicConch|[silent]\n|\n|upkeep\n|turn|13\n|\n|t:|1631642028\n|move|p1a: MagicConch|Rock Blast|p2a: Sonso\n|-damage|p2a: Sonso|50\/100\n|-damage|p2a: Sonso|41\/100\n|-crit|p2a: Sonso\n|-damage|p2a: Sonso|26\/100\n|-damage|p2a: Sonso|17\/100\n|-damage|p2a: Sonso|8\/100\n|-hitcount|p2a: Sonso|5\n|move|p2a: Sonso|Trick Room|p2a: Sonso\n|-fieldstart|move: Trick Room|[of] p2a: Sonso\n|\n|upkeep\n|turn|14\n|\n|t:|1631642041\n|switch|p2a: Thorns|Ferrothorn, F|100\/100\n|move|p1a: MagicConch|Ice Shard|p2a: Thorns\n|-damage|p2a: Thorns|73\/100\n|\n|-heal|p2a: Thorns|79\/100|[from] item: Leftovers\n|upkeep\n|turn|15\n|\n|t:|1631642048\n|move|p2a: Thorns|Power Whip|p1a: MagicConch\n|-supereffective|p1a: MagicConch\n|-damage|p1a: MagicConch|35\/100\n|move|p1a: MagicConch|Icicle Spear|p2a: Thorns\n|-damage|p2a: Thorns|62\/100\n|-damage|p2a: Thorns|44\/100\n|-damage|p2a: Thorns|25\/100\n|-damage|p2a: Thorns|8\/100\n|-damage|p2a: Thorns|0 fnt\n|faint|p2a: Thorns\n|-hitcount|p2: Thorns|5\n|\n|upkeep\n|\n|t:|1631642059\n|switch|p2a: Billy B.|Marowak-Alola, M|100\/100\n|turn|16\n|\n|t:|1631642064\n|move|p1a: MagicConch|Ice Shard|p2a: Billy B.\n|-resisted|p2a: Billy B.\n|-damage|p2a: Billy B.|83\/100\n|move|p2a: Billy B.|Flare Blitz|p1a: MagicConch\n|-damage|p1a: MagicConch|0 fnt\n|faint|p1a: MagicConch\n|\n|upkeep\n|\n|t:|1631642071\n|switch|p1a: Okage|Gengar, M|100\/100\n|turn|17\n|\n|t:|1631642079\n|move|p2a: Billy B.|Flare Blitz|p1a: Okage\n|-enditem|p1a: Okage|Focus Sash\n|-damage|p1a: Okage|1\/100\n|move|p1a: Okage|Nasty Plot|p1a: Okage\n|-boost|p1a: Okage|spa|2\n|\n|-fieldend|move: Trick Room\n|upkeep\n|turn|18\n|\n|t:|1631642101\n|switch|p2a: Sonso|Slowbro, F|41\/100\n|move|p1a: Okage|Shadow Ball|p2a: Sonso\n|-supereffective|p2a: Sonso\n|-damage|p2a: Sonso|0 fnt\n|faint|p2a: Sonso\n|\n|upkeep\n|inactive|Infernoss has 120 seconds left.\n|\n|t:|1631642135\n|switch|p2a: Sharpo|Garchomp, F|100\/100\n|turn|19\n|\n|t:|1631642144\n|move|p1a: Okage|Shadow Ball|p2a: Sharpo\n|-damage|p2a: Sharpo|11\/100\n|move|p2a: Sharpo|Earthquake|p1a: Okage\n|-supereffective|p1a: Okage\n|-damage|p1a: Okage|0 fnt\n|faint|p1a: Okage\n|\n|-heal|p2a: Sharpo|18\/100|[from] item: Leftovers\n|upkeep\n|\n|t:|1631642148\n|switch|p1a: DK did it first|Rillaboom, M|100\/100\n|-fieldstart|move: Grassy Terrain|[from] ability: Grassy Surge|[of] p1a: DK did it first\n|turn|20\n|inactive|Infernoss has 120 seconds left.\n|\n|t:|1631642154\n|move|p2a: Sharpo|Scale Shot|p1a: DK did it first\n|-damage|p1a: DK did it first|86\/100\n|-damage|p1a: DK did it first|72\/100\n|-damage|p1a: DK did it first|58\/100\n|-damage|p1a: DK did it first|44\/100\n|-hitcount|p1a: DK did it first|4\n|-unboost|p2a: Sharpo|def|1\n|-boost|p2a: Sharpo|spe|1\n|move|p1a: DK did it first|Swords Dance|p1a: DK did it first\n|-boost|p1a: DK did it first|atk|2\n|\n|-heal|p2a: Sharpo|24\/100|[from] Grassy Terrain\n|-heal|p2a: Sharpo|30\/100|[from] item: Leftovers\n|-heal|p1a: DK did it first|51\/100|[from] Grassy Terrain\n|upkeep\n|turn|21\n|inactive|Infernoss has 120 seconds left.\n|\n|t:|1631642169\n|switch|p2a: Falko|Drampa, M|81\/100\n|move|p1a: DK did it first|Grassy Glide|p2a: Falko\n|-resisted|p2a: Falko\n|-damage|p2a: Falko|10\/100\n|-ability|p2a: Falko|Berserk|boost\n|-boost|p2a: Falko|spa|1\n|-damage|p1a: DK did it first|41\/100|[from] item: Life Orb\n|\n|-heal|p1a: DK did it first|47\/100|[from] Grassy Terrain\n|-heal|p2a: Falko|16\/100|[from] Grassy Terrain\n|upkeep\n|turn|22\n|inactive|Infernoss has 120 seconds left.\n|\n|t:|1631642181\n|switch|p2a: Sharpo|Garchomp, F|30\/100\n|move|p1a: DK did it first|Drain Punch|p2a: Sharpo\n|-damage|p2a: Sharpo|0 fnt\n|-heal|p1a: DK did it first|62\/100|[from] drain|[of] p2a: Sharpo\n|-damage|p1a: DK did it first|50\/100|[from] ability: Rough Skin|[of] p2a: Sharpo\n|faint|p2a: Sharpo\n|-damage|p1a: DK did it first|40\/100|[from] item: Life Orb\n|\n|-heal|p1a: DK did it first|46\/100|[from] Grassy Terrain\n|upkeep\n|inactive|Infernoss has 120 seconds left.\n|\n|t:|1631642201\n|switch|p2a: Hatterene|Hatterene, F|100\/100\n|turn|23\n|\n|t:|1631642213\n|switch|p2a: Billy B.|Marowak-Alola, M|83\/100\n|move|p1a: DK did it first|Grassy Glide|p2a: Billy B.\n|-resisted|p2a: Billy B.\n|-damage|p2a: Billy B.|20\/100\n|-damage|p1a: DK did it first|36\/100|[from] item: Life Orb\n|\n|-heal|p1a: DK did it first|42\/100|[from] Grassy Terrain\n|-heal|p2a: Billy B.|26\/100|[from] Grassy Terrain\n|upkeep\n|turn|24\n|\n|t:|1631642225\n|switch|p2a: Falko|Drampa, M|16\/100\n|move|p1a: DK did it first|Grassy Glide|p2a: Falko\n|-resisted|p2a: Falko\n|-damage|p2a: Falko|0 fnt\n|faint|p2a: Falko\n|-damage|p1a: DK did it first|32\/100|[from] item: Life Orb\n|\n|-heal|p1a: DK did it first|39\/100|[from] Grassy Terrain\n|-fieldend|move: Grassy Terrain\n|upkeep\n|\n|t:|1631642235\n|switch|p2a: Hatterene|Hatterene, F|100\/100\n|turn|25\n|\n|t:|1631642242\n|move|p1a: DK did it first|Knock Off|p2a: Hatterene\n|-damage|p2a: Hatterene|4\/100\n|-enditem|p2a: Hatterene|Kasib Berry|[from] move: Knock Off|[of] p1a: DK did it first\n|-damage|p1a: DK did it first|29\/100|[from] item: Life Orb\n|move|p2a: Hatterene|Trick Room|p2a: Hatterene\n|-fieldstart|move: Trick Room|[of] p2a: Hatterene\n|\n|upkeep\n|turn|26\n|\n|t:|1631642249\n|switch|p1a: Adam West|Hawlucha, M|100\/100\n|move|p2a: Hatterene|Healing Wish|p2a: Hatterene\n|faint|p2a: Hatterene\n|\n|upkeep\n|\n|t:|1631642253\n|switch|p2a: Billy B.|Marowak-Alola, M|26\/100\n|-heal|p2a: Billy B.|100\/100|[from] move: Healing Wish\n|turn|27\n|\n|t:|1631642260\n|move|p2a: Billy B.|Flare Blitz|p1a: Adam West\n|-damage|p1a: Adam West|0 fnt\n|faint|p1a: Adam West\n|\n|upkeep\n|c|\u2606jptoroglass|gg\n|\n|t:|1631642266\n|switch|p1a: DK did it first|Rillaboom, M|29\/100\n|-fieldstart|move: Grassy Terrain|[from] ability: Grassy Surge|[of] p1a: DK did it first\n|turn|28\n|c|\u2606Infernoss|gg\n|\n|t:|1631642270\n|move|p2a: Billy B.|Flare Blitz|p1a: DK did it first\n|-supereffective|p1a: DK did it first\n|-damage|p1a: DK did it first|0 fnt\n|faint|p1a: DK did it first\n|\n|win|Infernoss\n|raw|jptoroglass's rating: 1604 &rarr; <strong>1594<\/strong><br \/>(-10 for losing)\n|raw|Infernoss's rating: 1784 &rarr; <strong>1794<\/strong><br \/>(+10 for winning)\n|l|\u2606Infernoss\n||Ladder isn't responding, score probably updated but might not have (Request timeout).\n","uploadtime":1631642418,"views":47,"p1id":"jptoroglass","p2id":"infernoss","formatid":"gen8ou","rating":1594,"private":0,"password":null}