{"id":"gen8metronomebattle-1704458039","p1":"what ever floats","p2":"IIIodyne","format":"gen8metronomebattle","log":"|j|\u2606what ever floats\n|j|\u2606IIIodyne\n|inactive|Battle timer is ON: inactive players will automatically lose when time's up.\n|t:|1667777311\n|gametype|doubles\n|player|p1|what ever floats|ltsurge|\n|player|p2|IIIodyne|266|\n|teamsize|p1|2\n|teamsize|p2|2\n|gen|8\n|tier|[Gen 8] Metronome Battle\n|rated|Tournament battle\n|rule|HP Percentage Mod: HP is shown in percentages\n|\n|t:|1667777311\n|start\n|switch|p1a: Azelf|Azelf|100\/100\n|switch|p1b: Calyrex|Calyrex|100\/100\n|switch|p2a: Shedinja|Shedinja|100\/100\n|switch|p2b: Diglett|Diglett, M|100\/100\n|-ability|p1b: Calyrex|Unnerve\n|turn|1\n|inactive|IIIodyne also wants the timer to be on.\n|j| not so punk rock\n|j|%htcl\n|\n|t:|1667777323\n|-start|p2a: Shedinja|Dynamax|\n|move|p2a: Shedinja|Max Guard|p2a: Shedinja\n|-singleturn|p2a: Shedinja|Max Guard\n|move|p1a: Azelf|Metronome|p1a: Azelf\n|move|p1a: Azelf|Healing Wish||[from]move: Metronome|[still]\n|-fail|p1a: Azelf\n|move|p2b: Diglett|Metronome|p2b: Diglett\n|move|p2b: Diglett|Land's Wrath|p1b: Calyrex|[from]move: Metronome|[spread] p1b\n|-immune|p1a: Azelf|[from] ability: Levitate\n|-resisted|p1b: Calyrex\n|-damage|p1b: Calyrex|93\/100\n|move|p1b: Calyrex|Metronome|p1b: Calyrex\n|move|p1b: Calyrex|Throat Chop|p2b: Diglett|[from]move: Metronome\n|-ability|p2b: Diglett|Sturdy\n|-damage|p2b: Diglett|1\/100\n|-start|p2b: Diglett|Throat Chop|[silent]\n|\n|-damage|p1b: Calyrex|80\/100|[from] item: Sticky Barb\n|upkeep\n|turn|2\n|c|\u2606what ever floats|shedinja is so smart\n|inactive|IIIodyne has 120 seconds left.\n|c|\u2606IIIodyne|fuck bro whyd you take my sticky barb\n|\n|t:|1667777365\n|move|p2a: Shedinja|Max Guard|p2a: Shedinja\n|-singleturn|p2a: Shedinja|Max Guard\n|move|p1a: Azelf|Metronome|p1a: Azelf\n|move|p1a: Azelf|Will-O-Wisp|p2a: Shedinja|[from]move: Metronome\n|-activate|p2a: Shedinja|move: Max Guard\n|move|p2b: Diglett|Metronome|p2b: Diglett\n|move|p2b: Diglett|Reflect Type|p1a: Azelf|[from]move: Metronome\n|-start|p2b: Diglett|typechange|[from] move: Reflect Type|[of] p1a: Azelf\n|move|p1b: Calyrex|Metronome|p1b: Calyrex\n|move|p1b: Calyrex|Cosmic Power|p1b: Calyrex|[from]move: Metronome\n|-boost|p1b: Calyrex|def|1\n|-boost|p1b: Calyrex|spd|1\n|\n|-end|p2b: Diglett|Throat Chop|[silent]\n|-damage|p1b: Calyrex|68\/100|[from] item: Sticky Barb\n|upkeep\n|turn|3\n|j| mantaray202\n|j| Reeynee\n|\n|t:|1667777379\n|move|p2a: Shedinja|Max Guard|p2a: Shedinja\n|-singleturn|p2a: Shedinja|Max Guard\n|move|p1a: Azelf|Metronome|p1a: Azelf\n|move|p1a: Azelf|Rising Voltage|p2a: Shedinja|[from]move: Metronome\n|-activate|p2a: Shedinja|move: Max Guard\n|move|p2b: Diglett|Metronome|p2b: Diglett\n|move|p2b: Diglett|Weather Ball|p1b: Calyrex|[from]move: Metronome\n|-damage|p1b: Calyrex|64\/100\n|move|p1b: Calyrex|Metronome|p1b: Calyrex\n|move|p1b: Calyrex|Seismic Toss|p2b: Diglett|[from]move: Metronome\n|-damage|p2b: Diglett|0 fnt\n|faint|p2b: Diglett\n|-ability|p2a: Shedinja|Sturdy|[from] ability: Power of Alchemy|[of] p2b: Diglett\n|\n|-damage|p1b: Calyrex|51\/100|[from] item: Sticky Barb\n|upkeep\n|-end|p2a: Shedinja|Dynamax\n|turn|4\n|c|\u2606IIIodyne|ah thank you\n|\n|t:|1667777400\n|move|p1a: Azelf|Metronome|p1a: Azelf\n|move|p1a: Azelf|Mach Punch|p2a: Shedinja|[from]move: Metronome\n|-immune|p2a: Shedinja\n|move|p1b: Calyrex|Metronome|p1b: Calyrex\n|move|p1b: Calyrex|Iron Head|p2a: Shedinja|[from]move: Metronome\n|-ability|p2a: Shedinja|Sturdy\n|-damage|p2a: Shedinja|100\/100\n|move|p2a: Shedinja|Metronome|p2a: Shedinja\n|move|p2a: Shedinja|Fire Blast|p1b: Calyrex|[from]move: Metronome|[miss]\n|-miss|p2a: Shedinja|p1b: Calyrex\n|\n|-damage|p1b: Calyrex|39\/100|[from] item: Sticky Barb\n|upkeep\n|turn|5\n|l| not so punk rock\n|\n|t:|1667777414\n|move|p1a: Azelf|Metronome|p1a: Azelf\n|move|p1a: Azelf|Pollen Puff|p2a: Shedinja|[from]move: Metronome\n|-resisted|p2a: Shedinja\n|-ability|p2a: Shedinja|Sturdy\n|-damage|p2a: Shedinja|100\/100\n|move|p1b: Calyrex|Metronome|p1b: Calyrex\n|move|p1b: Calyrex|Super Fang|p2a: Shedinja|[from]move: Metronome\n|-immune|p2a: Shedinja\n|move|p2a: Shedinja|Metronome|p2a: Shedinja\n|move|p2a: Shedinja|Stomping Tantrum|p1b: Calyrex|[from]move: Metronome\n|-resisted|p1b: Calyrex\n|-damage|p1b: Calyrex|28\/100\n|\n|-damage|p1b: Calyrex|15\/100|[from] item: Sticky Barb\n|upkeep\n|turn|6\n|c|\u2606what ever floats|i wish will o wisp connected\n|\n|t:|1667777428\n|move|p1a: Azelf|Metronome|p1a: Azelf\n|move|p1a: Azelf|Smokescreen|p2a: Shedinja|[from]move: Metronome\n|-unboost|p2a: Shedinja|accuracy|1\n|move|p1b: Calyrex|Metronome|p1b: Calyrex\n|move|p1b: Calyrex|Lash Out|p2a: Shedinja|[from]move: Metronome\n|-supereffective|p2a: Shedinja\n|-crit|p2a: Shedinja\n|-ability|p2a: Shedinja|Sturdy\n|-damage|p2a: Shedinja|100\/100\n|move|p2a: Shedinja|Metronome|p2a: Shedinja\n|move|p2a: Shedinja|Core Enforcer|p1a: Azelf|[from]move: Metronome|[spread] p1a\n|-miss|p2a: Shedinja|p1b: Calyrex\n|-damage|p1a: Azelf|89\/100\n|-endability|p1a: Azelf\n|\n|-damage|p1b: Calyrex|3\/100|[from] item: Sticky Barb\n|upkeep\n|turn|7\n|\n|t:|1667777449\n|move|p1a: Azelf|Metronome|p1a: Azelf\n|move|p1a: Azelf|Flash Cannon|p2a: Shedinja|[from]move: Metronome\n|-ability|p2a: Shedinja|Sturdy\n|-damage|p2a: Shedinja|100\/100\n|move|p1b: Calyrex|Metronome|p1b: Calyrex\n|move|p1b: Calyrex|Spirit Shackle|p2a: Shedinja|[from]move: Metronome\n|-supereffective|p2a: Shedinja\n|-ability|p2a: Shedinja|Sturdy\n|-damage|p2a: Shedinja|100\/100\n|move|p2a: Shedinja|Metronome|p2a: Shedinja\n|move|p2a: Shedinja|Guard Swap|p1a: Azelf|[from]move: Metronome\n|-swapboost|p2a: Shedinja|p1a: Azelf|def, spd|[from] move: Guard Swap\n|\n|-damage|p1b: Calyrex|0 fnt|[from] item: Sticky Barb\n|faint|p1b: Calyrex\n|upkeep\n|turn|8\n|c|\u2606IIIodyne|like my strats htcl?\n|\n|t:|1667777468\n|move|p1a: Azelf|Metronome|p1a: Azelf\n|move|p1a: Azelf|Soft-Boiled|p1a: Azelf|[from]move: Metronome\n|-heal|p1a: Azelf|100\/100\n|move|p2a: Shedinja|Metronome|p2a: Shedinja\n|move|p2a: Shedinja|Throat Chop|p1a: Azelf|[from]move: Metronome|[miss]\n|-miss|p2a: Shedinja|p1a: Azelf\n|\n|upkeep\n|turn|9\n|c|%htcl|yes\n|c|%htcl|5head\n|\n|t:|1667777477\n|move|p1a: Azelf|Metronome|p1a: Azelf\n|move|p1a: Azelf|Dragon Darts|p2a: Shedinja|[from]move: Metronome\n|-ability|p2a: Shedinja|Sturdy\n|-damage|p2a: Shedinja|100\/100\n|-anim|p1a: Azelf|Dragon Darts|p2a: Shedinja\n|-ability|p2a: Shedinja|Sturdy\n|-damage|p2a: Shedinja|100\/100\n|move|p2a: Shedinja|Metronome|p2a: Shedinja\n|move|p2a: Shedinja|Endeavor|p1a: Azelf|[from]move: Metronome\n|-damage|p1a: Azelf|1\/100\n|\n|upkeep\n|turn|10\n|c| mantaray202|LMAO\n|c|\u2606IIIodyne|LOL\n|\n|t:|1667777490\n|move|p1a: Azelf|Metronome|p1a: Azelf\n|move|p1a: Azelf|Sacred Sword|p2a: Shedinja|[from]move: Metronome\n|-immune|p2a: Shedinja\n|move|p2a: Shedinja|Metronome|p2a: Shedinja\n|move|p2a: Shedinja|Confide|p1a: Azelf|[from]move: Metronome\n|-unboost|p1a: Azelf|spa|1\n|\n|upkeep\n|turn|11\n|\n|t:|1667777500\n|move|p1a: Azelf|Metronome|p1a: Azelf\n|move|p1a: Azelf|Worry Seed|p2a: Shedinja|[from]move: Metronome\n|-endability|p2a: Shedinja|Sturdy|[from] move: Worry Seed\n|-ability|p2a: Shedinja|Insomnia|[from] move: Worry Seed\n|move|p2a: Shedinja|Metronome|p2a: Shedinja\n|move|p2a: Shedinja|Moonlight|p2a: Shedinja|[from]move: Metronome\n|-fail|p2a: Shedinja|heal\n|\n|upkeep\n|turn|12\n|c|%htcl|LOL\n|c|%htcl|sturdy gone\n|c|%htcl|its winnable\n|c|\u2606what ever floats|ye\n|c|\u2606IIIodyne|shit\n|c| mantaray202|LMAO\n|\n|t:|1667777513\n|move|p1a: Azelf|Metronome|p1a: Azelf\n|move|p1a: Azelf|Scale Shot|p2a: Shedinja|[from]move: Metronome\n|-damage|p2a: Shedinja|0 fnt\n|faint|p2a: Shedinja\n|-hitcount|p2: Shedinja|1\n|\n|win|what ever floats\n|n|\u2606what ever floats|whateverfloats\n|n|\u2606IIIodyne|iiiodyne\n|n| htcl|htcl\n|n| mantaray202|mantaray202\n|n| Reeynee|reeynee\n|c|\u2606what ever floats|gg\n|c|\u2606IIIodyne|FF\n|c| mantaray202|what a turn of events\n|c|\u2606IIIodyne|gg\n|l| htcl\n|l| mantaray202\n|c|\u2606IIIodyne|indeed\n","uploadtime":1667777573,"views":3,"p1id":"whateverfloats","p2id":"iiiodyne","formatid":"gen8metronomebattle","rating":0,"private":0,"password":null}