{"id":"gen8ru-1657789761","p1":"Noodleandbean","p2":"Pok et glace","format":"gen8ru","log":"|j|\u203dNoodleandbean\n|j|\u2606Pok et glace\n|t:|1662495838\n|gametype|singles\n|player|p1|Noodleandbean|harlequin|1278\n|player|p2|Pok et glace|cynthia-masters|1528\n|teamsize|p1|6\n|teamsize|p2|6\n|gen|8\n|tier|[Gen 8] RU\n|rated|\n|rule|Sleep Clause Mod: Limit one foe put to sleep\n|rule|Species Clause: Limit one of each Pok\u00e9mon\n|rule|OHKO Clause: OHKO moves are banned\n|rule|Evasion Items Clause: Evasion items are banned\n|rule|Evasion Moves Clause: Evasion moves are banned\n|rule|Endless Battle Clause: Forcing endless battles is banned\n|rule|HP Percentage Mod: HP is shown in percentages\n|rule|Dynamax Clause: You cannot dynamax\n|clearpoke\n|poke|p1|Bewear, M|\n|poke|p1|Whimsicott, F|\n|poke|p1|Xurkitree|\n|poke|p1|Sharpedo, M|\n|poke|p1|Registeel|\n|poke|p1|Cloyster, F|\n|poke|p2|Chandelure, M|\n|poke|p2|Roserade, F|\n|poke|p2|Registeel|\n|poke|p2|Flygon, M|\n|poke|p2|Reuniclus, F|\n|poke|p2|Togekiss, F|\n|teampreview\n|j| dahhtduude\n|inactive|Battle timer is ON: inactive players will automatically lose when time's up. (requested by Noodleandbean)\n|\n|t:|1662495871\n|start\n|switch|p1a: Bewear|Bewear, M|100\/100\n|switch|p2a: Flygon|Flygon, M|100\/100\n|turn|1\n|\n|t:|1662495885\n|move|p2a: Flygon|U-turn|p1a: Bewear\n|-resisted|p1a: Bewear\n|-damage|p1a: Bewear|96\/100\n|c| dahhtduude|beware lead go hard\n|\n|t:|1662495893\n|switch|p2a: Togekiss|Togekiss, F|100\/100|[from]move: U-turn\n|move|p1a: Bewear|Earthquake|p2a: Togekiss\n|-immune|p2a: Togekiss\n|\n|upkeep\n|turn|2\n|\n|t:|1662495901\n|move|p2a: Togekiss|Air Slash|p1a: Bewear\n|-supereffective|p1a: Bewear\n|-damage|p1a: Bewear|51\/100\n|move|p1a: Bewear|Ice Punch|p2a: Togekiss\n|-supereffective|p2a: Togekiss\n|-crit|p2a: Togekiss\n|-damage|p2a: Togekiss|43\/100\n|\n|upkeep\n|turn|3\n|\n|t:|1662495909\n|switch|p1a: Registeel|Registeel|100\/100\n|move|p2a: Togekiss|Roost|p2a: Togekiss\n|-heal|p2a: Togekiss|93\/100\n|-singleturn|p2a: Togekiss|move: Roost\n|\n|upkeep\n|turn|4\n|c| dahhtduude|that bulk\n|\n|t:|1662495914\n|move|p2a: Togekiss|Thunder Wave|p1a: Registeel\n|-status|p1a: Registeel|par\n|cant|p1a: Registeel|par\n|\n|upkeep\n|turn|5\n|c|\u2606Pok et glace|bro stop being cringe\n|\n|t:|1662495926\n|switch|p2a: Reuniclus|Reuniclus, F|100\/100\n|cant|p1a: Registeel|par\n|\n|upkeep\n|turn|6\n|\n|t:|1662495930\n|move|p2a: Reuniclus|Knock Off|p1a: Registeel\n|-damage|p1a: Registeel|92\/100 par\n|-enditem|p1a: Registeel|Leftovers|[from] move: Knock Off|[of] p2a: Reuniclus\n|move|p1a: Registeel|Toxic|p2a: Reuniclus\n|-status|p2a: Reuniclus|tox\n|\n|-damage|p2a: Reuniclus|94\/100 tox|[from] psn\n|upkeep\n|turn|7\n|c| dahhtduude|togekiss going hard\n|\n|t:|1662495937\n|switch|p2a: Chandelure|Chandelure, M|100\/100\n|move|p1a: Registeel|Iron Defense|p1a: Registeel\n|-boost|p1a: Registeel|def|2\n|\n|upkeep\n|turn|8\n|c|\u2606Pok et glace|what did i just say?\n|\n|t:|1662495944\n|move|p2a: Chandelure|Flamethrower|p1a: Registeel\n|-supereffective|p1a: Registeel\n|-damage|p1a: Registeel|19\/100 par\n|move|p1a: Registeel|Toxic|p2a: Chandelure\n|-status|p2a: Chandelure|tox\n|\n|-damage|p2a: Chandelure|94\/100 tox|[from] psn\n|upkeep\n|turn|9\n|\n|t:|1662495951\n|move|p2a: Chandelure|Flamethrower|p1a: Registeel\n|-supereffective|p1a: Registeel\n|-damage|p1a: Registeel|0 fnt\n|faint|p1a: Registeel\n|\n|-damage|p2a: Chandelure|82\/100 tox|[from] psn\n|upkeep\n|c| dahhtduude|stays in on the flamethrower to get another poison\n|\n|t:|1662495962\n|switch|p1a: Sharpedo|Sharpedo, M|100\/100\n|turn|10\n|c| dahhtduude|AND THE REGISTEEL IS DOWN\n|c| dahhtduude|SHARPEDO IS OUT WHAT WILL BE THE NEXT MOVE\n|\n|t:|1662495984\n|switch|p2a: Togekiss|Togekiss, F|93\/100\n|move|p1a: Sharpedo|Protect||[still]\n|-fail|p1a: Sharpedo\n|\n|-ability|p1a: Sharpedo|Speed Boost|boost\n|-boost|p1a: Sharpedo|spe|1\n|upkeep\n|turn|11\n|c| dahhtduude|AND ITS THAT FATASS BIRD AGAIN LETS GOOOO\n|inactive|Noodleandbean has 120 seconds left.\n|\n|t:|1662496017\n|move|p1a: Sharpedo|Liquidation|p2a: Togekiss\n|-damage|p2a: Togekiss|48\/100\n|-damage|p1a: Sharpedo|91\/100|[from] item: Life Orb\n|move|p2a: Togekiss|Air Slash|p1a: Sharpedo\n|-damage|p1a: Sharpedo|13\/100\n|\n|-ability|p1a: Sharpedo|Speed Boost|boost\n|-boost|p1a: Sharpedo|spe|1\n|upkeep\n|turn|12\n|\n|t:|1662496025\n|move|p1a: Sharpedo|Liquidation|p2a: Togekiss\n|-damage|p2a: Togekiss|7\/100\n|-damage|p1a: Sharpedo|3\/100|[from] item: Life Orb\n|move|p2a: Togekiss|Roost|p2a: Togekiss\n|-heal|p2a: Togekiss|57\/100\n|-singleturn|p2a: Togekiss|move: Roost\n|\n|-ability|p1a: Sharpedo|Speed Boost|boost\n|-boost|p1a: Sharpedo|spe|1\n|upkeep\n|turn|13\n|\n|t:|1662496029\n|move|p1a: Sharpedo|Liquidation|p2a: Togekiss\n|-damage|p2a: Togekiss|10\/100\n|-damage|p1a: Sharpedo|0 fnt|[from] item: Life Orb\n|faint|p1a: Sharpedo\n|move|p2a: Togekiss|Roost|p2a: Togekiss\n|-heal|p2a: Togekiss|60\/100\n|-singleturn|p2a: Togekiss|move: Roost\n|\n|upkeep\n|c| dahhtduude|very much worth\n|c| dahhtduude|good plays only\n|\n|t:|1662496048\n|switch|p1a: Whimsicott|Whimsicott, F|100\/100\n|turn|14\n|\n|t:|1662496052\n|move|p1a: Whimsicott|Encore|p2a: Togekiss\n|-start|p2a: Togekiss|Encore\n|move|p2a: Togekiss|Roost|p2a: Togekiss\n|-heal|p2a: Togekiss|100\/100\n|-singleturn|p2a: Togekiss|move: Roost\n|\n|upkeep\n|turn|15\n|\n|t:|1662496057\n|switch|p2a: Roserade|Roserade, F|100\/100\n|move|p1a: Whimsicott|U-turn|p2a: Roserade\n|-damage|p2a: Roserade|78\/100\n|\n|t:|1662496064\n|switch|p1a: Cloyster|Cloyster, F|100\/100|[from]move: U-turn\n|\n|-heal|p2a: Roserade|84\/100|[from] item: Black Sludge\n|upkeep\n|turn|16\n|c| dahhtduude|craziest u turn of the century\n|\n|t:|1662496070\n|move|p2a: Roserade|Toxic Spikes|p1a: Cloyster\n|-sidestart|p1: Noodleandbean|move: Toxic Spikes\n|move|p1a: Cloyster|Shell Smash|p1a: Cloyster\n|-unboost|p1a: Cloyster|def|1\n|-unboost|p1a: Cloyster|spd|1\n|-boost|p1a: Cloyster|atk|2\n|-boost|p1a: Cloyster|spa|2\n|-boost|p1a: Cloyster|spe|2\n|\n|-heal|p2a: Roserade|91\/100|[from] item: Black Sludge\n|upkeep\n|turn|17\n|c| dahhtduude|TOXIC SPIKES ITS OVER\n|c| dahhtduude|MORE POISON PLZ\n|c| dahhtduude|BOTH OF U\n|\n|t:|1662496099\n|switch|p2a: Chandelure|Chandelure, M|82\/100 tox\n|move|p1a: Cloyster|Icicle Spear|p2a: Chandelure\n|-resisted|p2a: Chandelure\n|-damage|p2a: Chandelure|64\/100 tox\n|-resisted|p2a: Chandelure\n|-damage|p2a: Chandelure|49\/100 tox\n|-resisted|p2a: Chandelure\n|-damage|p2a: Chandelure|32\/100 tox\n|-hitcount|p2a: Chandelure|3\n|\n|-damage|p2a: Chandelure|25\/100 tox|[from] psn\n|upkeep\n|turn|18\n|c| dahhtduude|mans let the cloyster smash bruh\n|\n|t:|1662496120\n|move|p1a: Cloyster|Liquidation|p2a: Chandelure\n|-supereffective|p2a: Chandelure\n|-damage|p2a: Chandelure|0 fnt\n|faint|p2a: Chandelure\n|\n|upkeep\n|\n|t:|1662496124\n|switch|p2a: Registeel|Registeel|100\/100\n|turn|19\n|c| dahhtduude|lol imagine getting smashed by cloyster\n|\n|t:|1662496128\n|move|p1a: Cloyster|Liquidation|p2a: Registeel\n|-damage|p2a: Registeel|46\/100\n|move|p2a: Registeel|Toxic|p1a: Cloyster|[miss]\n|-miss|p2a: Registeel|p1a: Cloyster\n|\n|-heal|p2a: Registeel|52\/100|[from] item: Leftovers\n|upkeep\n|turn|20\n|c|\u2606Pok et glace|oh my god shut the fuck up\n|c|\u2606Pok et glace|PLEASE\n|c| dahhtduude|best toxic ever\n|inactive|Pok et glace has 120 seconds left.\n|c| dahhtduude|use a move\n|c| dahhtduude|use another t spike lololol\n|c|\u2606Pok et glace|im betting hes not actually focus sash and won o,n the stupidest play ever\n|\n|t:|1662496182\n|move|p1a: Cloyster|Liquidation|p2a: Registeel\n|-damage|p2a: Registeel|0 fnt\n|faint|p2a: Registeel\n|\n|upkeep\n|c|\u2606Pok et glace|GET A FUCKING LIFE\n|\n|t:|1662496195\n|switch|p2a: Reuniclus|Reuniclus, F|100\/100 tox\n|turn|21\n|c| dahhtduude|mans is just better\n|\n|t:|1662496198\n|move|p1a: Cloyster|Pin Missile|p2a: Reuniclus\n|-supereffective|p2a: Reuniclus\n|-damage|p2a: Reuniclus|66\/100 tox\n|-supereffective|p2a: Reuniclus\n|-damage|p2a: Reuniclus|33\/100 tox\n|-supereffective|p2a: Reuniclus\n|-damage|p2a: Reuniclus|0 fnt\n|faint|p2a: Reuniclus\n|-hitcount|p2: Reuniclus|3\n|\n|upkeep\n|c| dahhtduude|WHOAAAAAA\n|\n|t:|1662496203\n|switch|p2a: Flygon|Flygon, M|100\/100\n|turn|22\n|c| dahhtduude|PIN MISSLE\n|\n|t:|1662496209\n|move|p2a: Flygon|U-turn|p1a: Cloyster\n|-damage|p1a: Cloyster|76\/100\n|\n|t:|1662496212\n|switch|p2a: Togekiss|Togekiss, F|100\/100|[from]move: U-turn\n|move|p1a: Cloyster|Icicle Spear|p2a: Togekiss\n|-supereffective|p2a: Togekiss\n|-damage|p2a: Togekiss|68\/100\n|-supereffective|p2a: Togekiss\n|-damage|p2a: Togekiss|35\/100\n|-supereffective|p2a: Togekiss\n|-damage|p2a: Togekiss|3\/100\n|-supereffective|p2a: Togekiss\n|-damage|p2a: Togekiss|0 fnt\n|faint|p2a: Togekiss\n|-hitcount|p2: Togekiss|4\n|\n|upkeep\n|\n|t:|1662496217\n|switch|p2a: Flygon|Flygon, M|100\/100\n|turn|23\n|c| dahhtduude|THIS BATTLE HAS DONE A 180 BUT THE GOOD GUY ALWAYS WINS IN THE END FOLKS\n|c| dahhtduude|THATS GG\n|inactive|Pok et glace has 120 seconds left.\n|inactive|Noodleandbean has 120 seconds left.\n|\n|t:|1662496258\n|move|p2a: Flygon|Stone Edge|p1a: Cloyster\n|-supereffective|p1a: Cloyster\n|-damage|p1a: Cloyster|5\/100\n|move|p1a: Cloyster|Icicle Spear|p2a: Flygon\n|-supereffective|p2a: Flygon\n|-damage|p2a: Flygon|0 fnt\n|faint|p2a: Flygon\n|-hitcount|p2: Flygon|1\n|\n|upkeep\n|\n|t:|1662496263\n|switch|p2a: Roserade|Roserade, F|91\/100\n|turn|24\n|c|\u2606Pok et glace|literally idiotic\n|c| dahhtduude|hes just the better player\n|c|\u2606Pok et glace|PLEASE FUCK OFF DAHHTDUUDE\n|inactive|Pok et glace has 120 seconds left.\n|c| dahhtduude|whoa that was mean man\n|c|\u2606Pok et glace|you're getting an ignore from me\n|\n|t:|1662496296\n|move|p1a: Cloyster|Icicle Spear|p2a: Roserade\n|-supereffective|p2a: Roserade\n|-damage|p2a: Roserade|5\/100\n|-supereffective|p2a: Roserade\n|-damage|p2a: Roserade|0 fnt\n|faint|p2a: Roserade\n|-hitcount|p2: Roserade|2\n|\n|win|Noodleandbean\n|raw|Noodleandbean's rating: 1278 &rarr; <strong>1319<\/strong><br \/>(+41 for winning)\n|raw|Pok et glace's rating: 1534 &rarr; <strong>1501<\/strong><br \/>(-33 for losing)\n|c| dahhtduude|not very kind at all\n|l|\u2606Pok et glace\n|l| dahhtduude\n||Ladder isn't responding, score probably updated but might not have (Request timeout).\n","uploadtime":1662496194,"views":5,"p1id":"noodleandbean","p2id":"poketglace","formatid":"gen8ru","rating":1319,"private":0,"password":null}