{"id":"gen8ou-1296310335","p1":"Brifye","p2":"WeAreMemang","format":"gen8ou","log":"|j|\u2606Brifye\n|j|\u2606WeAreMemang\n|t:|1615121063\n|player|p1|Brifye|blackbelt-gen4dp|1465\n|player|p2|WeAreMemang|riley|1451\n|teamsize|p1|6\n|teamsize|p2|6\n|gametype|singles\n|gen|8\n|tier|[Gen 8] OU\n|rated|\n|clearpoke\n|poke|p1|Blaziken, M|\n|poke|p1|Tapu Koko|\n|poke|p1|Zapdos|\n|poke|p1|Landorus-Therian, M|\n|poke|p1|Slowbro, F|\n|poke|p1|Urshifu-*, F|\n|poke|p2|Aurorus, M|\n|poke|p2|Scolipede, M|\n|poke|p2|Polteageist|\n|poke|p2|Latias, F|\n|poke|p2|Whimsicott, M|\n|poke|p2|Diggersby, M|\n|rule|Sleep Clause Mod: Limit one foe put to sleep\n|rule|Species Clause: Limit one of each Pok\u00e9mon\n|rule|OHKO Clause: OHKO moves are banned\n|rule|Evasion Moves Clause: Evasion moves are banned\n|rule|Endless Battle Clause: Forcing endless battles is banned\n|rule|HP Percentage Mod: HP is shown in percentages\n|rule|Dynamax Clause: You cannot dynamax\n|teampreview\n|\n|t:|1615121077\n|start\n|switch|p1a: Urshifu|Urshifu-Rapid-Strike, F|100\/100\n|switch|p2a: Whimsicott|Whimsicott, M, shiny|100\/100\n|turn|1\n|\n|t:|1615121104\n|switch|p1a: Zapdos|Zapdos|100\/100\n|move|p2a: Whimsicott|Tailwind|p2a: Whimsicott\n|-sidestart|p2: WeAreMemang|move: Tailwind\n|\n|upkeep\n|turn|2\n|\n|t:|1615121112\n|move|p2a: Whimsicott|Safeguard|p2a: Whimsicott\n|-sidestart|p2: WeAreMemang|Safeguard\n|move|p1a: Zapdos|Hurricane|p2a: Whimsicott|[miss]\n|-miss|p1a: Zapdos|p2a: Whimsicott\n|\n|upkeep\n|turn|3\n|\n|t:|1615121119\n|move|p2a: Whimsicott|Taunt|p1a: Zapdos\n|-start|p1a: Zapdos|move: Taunt\n|move|p1a: Zapdos|Hurricane|p2a: Whimsicott\n|-supereffective|p2a: Whimsicott\n|-damage|p2a: Whimsicott|0 fnt\n|faint|p2a: Whimsicott\n|\n|upkeep\n|\n|t:|1615121129\n|switch|p2a: Diggersby|Diggersby, M, shiny|100\/100\n|turn|4\n|\n|t:|1615121135\n|move|p2a: Diggersby|Swords Dance|p2a: Diggersby\n|-boost|p2a: Diggersby|atk|2\n|move|p1a: Zapdos|Hurricane|p2a: Diggersby|[miss]\n|-miss|p1a: Zapdos|p2a: Diggersby\n|\n|-sideend|p2: WeAreMemang|move: Tailwind\n|upkeep\n|turn|5\n|\n|t:|1615121142\n|move|p1a: Zapdos|Hurricane|p2a: Diggersby\n|-damage|p2a: Diggersby|34\/100\n|move|p2a: Diggersby|Mega Kick|p1a: Zapdos\n|-damage|p1a: Zapdos|0 fnt\n|-damage|p2a: Diggersby|24\/100|[from] item: Life Orb\n|faint|p1a: Zapdos\n|\n|upkeep\n|\n|t:|1615121172\n|switch|p1a: Urshifu|Urshifu-Rapid-Strike, F|100\/100\n|turn|6\n|\n|t:|1615121175\n|switch|p2a: Latias|Latias, F|100\/100\n|move|p1a: Urshifu|Aqua Jet|p2a: Latias\n|-resisted|p2a: Latias\n|-damage|p2a: Latias|86\/100\n|\n|-sideend|p2: WeAreMemang|Safeguard\n|upkeep\n|turn|7\n|\n|t:|1615121188\n|switch|p2a: Aurorus|Aurorus, M, shiny|100\/100\n|-weather|Hail|[from] ability: Snow Warning|[of] p2a: Aurorus\n|switch|p1a: Slowbro|Slowbro, F|100\/100\n|\n|-weather|Hail|[upkeep]\n|-damage|p1a: Slowbro|94\/100|[from] Hail\n|upkeep\n|turn|8\n|\n|t:|1615121197\n|move|p2a: Aurorus|Aurora Veil|p2a: Aurorus\n|-sidestart|p2: WeAreMemang|move: Aurora Veil\n|move|p1a: Slowbro|Future Sight|p2a: Aurorus\n|-start|p1a: Slowbro|move: Future Sight\n|\n|-weather|Hail|[upkeep]\n|-damage|p1a: Slowbro|88\/100|[from] Hail\n|upkeep\n|turn|9\n|\n|t:|1615121203\n|move|p2a: Aurorus|Stealth Rock|p1a: Slowbro\n|-sidestart|p1: Brifye|move: Stealth Rock\n|move|p1a: Slowbro|Teleport|p1a: Slowbro\n|\n|t:|1615121207\n|switch|p1a: Blaziken|Blaziken, M|100\/100|[from]move: Teleport\n|-damage|p1a: Blaziken|88\/100|[from] Stealth Rock\n|\n|-weather|Hail|[upkeep]\n|-damage|p1a: Blaziken|82\/100|[from] Hail\n|upkeep\n|turn|10\n|\n|t:|1615121214\n|switch|p2a: Latias|Latias, F|86\/100\n|move|p1a: Blaziken|Flare Blitz|p2a: Latias\n|-resisted|p2a: Latias\n|-damage|p2a: Latias|68\/100\n|-damage|p1a: Blaziken|75\/100|[from] Recoil\n|-damage|p1a: Blaziken|65\/100|[from] item: Life Orb\n|\n|-weather|Hail|[upkeep]\n|-damage|p2a: Latias|61\/100|[from] Hail\n|-damage|p1a: Blaziken|59\/100|[from] Hail\n|-end|p2a: Latias|move: Future Sight\n|-resisted|p2a: Latias\n|-damage|p2a: Latias|45\/100\n|-ability|p1a: Blaziken|Speed Boost|boost\n|-boost|p1a: Blaziken|spe|1\n|upkeep\n|turn|11\n|\n|t:|1615121233\n|switch|p1a: Slowbro|Slowbro, F|100\/100\n|-damage|p1a: Slowbro|88\/100|[from] Stealth Rock\n|move|p2a: Latias|Roost|p2a: Latias\n|-heal|p2a: Latias|95\/100\n|-singleturn|p2a: Latias|move: Roost\n|\n|-weather|none\n|upkeep\n|turn|12\n|\n|t:|1615121247\n|switch|p2a: Scolipede|Scolipede, M, shiny|100\/100\n|move|p1a: Slowbro|Future Sight|p2a: Scolipede\n|-start|p1a: Slowbro|move: Future Sight\n|\n|upkeep\n|turn|13\n|\n|t:|1615121255\n|move|p2a: Scolipede|Megahorn|p1a: Slowbro\n|-supereffective|p1a: Slowbro\n|-damage|p1a: Slowbro|27\/100\n|-damage|p2a: Scolipede|84\/100|[from] item: Rocky Helmet|[of] p1a: Slowbro\n|move|p1a: Slowbro|Teleport|p1a: Slowbro\n|\n|t:|1615121264\n|switch|p1a: Landorus|Landorus-Therian, M|100\/100|[from]move: Teleport\n|-damage|p1a: Landorus|88\/100|[from] Stealth Rock\n|-ability|p1a: Landorus|Intimidate|boost\n|-unboost|p2a: Scolipede|atk|1\n|\n|-heal|p1a: Landorus|94\/100|[from] item: Leftovers\n|-ability|p2a: Scolipede|Speed Boost|boost\n|-boost|p2a: Scolipede|spe|1\n|upkeep\n|turn|14\n|\n|t:|1615121273\n|move|p2a: Scolipede|Poison Jab|p1a: Landorus\n|-resisted|p1a: Landorus\n|-damage|p1a: Landorus|84\/100\n|-status|p1a: Landorus|psn\n|move|p1a: Landorus|Stone Edge|p2a: Scolipede\n|-supereffective|p2a: Scolipede\n|-damage|p2a: Scolipede|42\/100\n|\n|-end|p2a: Scolipede|move: Future Sight\n|-supereffective|p2a: Scolipede\n|-damage|p2a: Scolipede|0 fnt\n|-heal|p1a: Landorus|90\/100 psn|[from] item: Leftovers\n|faint|p2a: Scolipede\n|-damage|p1a: Landorus|77\/100 psn|[from] psn\n|upkeep\n|\n|t:|1615121283\n|switch|p2a: Polteageist|Polteageist|100\/100\n|turn|15\n|\n|t:|1615121289\n|move|p1a: Landorus|Toxic|p2a: Polteageist\n|-status|p2a: Polteageist|tox\n|move|p2a: Polteageist|Shell Smash|p2a: Polteageist\n|-unboost|p2a: Polteageist|def|1\n|-unboost|p2a: Polteageist|spd|1\n|-boost|p2a: Polteageist|atk|2\n|-boost|p2a: Polteageist|spa|2\n|-boost|p2a: Polteageist|spe|2\n|-enditem|p2a: Polteageist|White Herb\n|-clearnegativeboost|p2a: Polteageist|[silent]\n|\n|-heal|p1a: Landorus|83\/100 psn|[from] item: Leftovers\n|-damage|p2a: Polteageist|94\/100 tox|[from] psn\n|-damage|p1a: Landorus|71\/100 psn|[from] psn\n|-sideend|p2: WeAreMemang|move: Aurora Veil\n|upkeep\n|turn|16\n|\n|t:|1615121303\n|move|p2a: Polteageist|Shadow Ball|p1a: Landorus\n|-damage|p1a: Landorus|0 fnt\n|faint|p1a: Landorus\n|\n|-damage|p2a: Polteageist|82\/100 tox|[from] psn\n|upkeep\n|\n|t:|1615121316\n|switch|p1a: Tapu Koko|Tapu Koko|100\/100\n|-damage|p1a: Tapu Koko|88\/100|[from] Stealth Rock\n|-fieldstart|move: Electric Terrain|[from] ability: Electric Surge|[of] p1a: Tapu Koko\n|turn|17\n|\n|t:|1615121326\n|move|p2a: Polteageist|Shadow Ball|p1a: Tapu Koko\n|-damage|p1a: Tapu Koko|0 fnt\n|faint|p1a: Tapu Koko\n|\n|-damage|p2a: Polteageist|63\/100 tox|[from] psn\n|upkeep\n|\n|t:|1615121335\n|switch|p1a: Slowbro|Slowbro, F|60\/100\n|-damage|p1a: Slowbro|47\/100|[from] Stealth Rock\n|turn|18\n|\n|t:|1615121340\n|move|p2a: Polteageist|Shadow Ball|p1a: Slowbro\n|-supereffective|p1a: Slowbro\n|-damage|p1a: Slowbro|0 fnt\n|faint|p1a: Slowbro\n|\n|-damage|p2a: Polteageist|38\/100 tox|[from] psn\n|upkeep\n|\n|t:|1615121347\n|switch|p1a: Urshifu|Urshifu-Rapid-Strike, F|100\/100\n|-damage|p1a: Urshifu|94\/100|[from] Stealth Rock\n|turn|19\n|\n|t:|1615121351\n|move|p1a: Urshifu|Aqua Jet|p2a: Polteageist\n|-damage|p2a: Polteageist|0 fnt\n|faint|p2a: Polteageist\n|\n|upkeep\n|\n|t:|1615121355\n|switch|p2a: Latias|Latias, F|95\/100\n|turn|20\n|\n|t:|1615121364\n|switch|p1a: Blaziken|Blaziken, M|59\/100\n|-damage|p1a: Blaziken|47\/100|[from] Stealth Rock\n|move|p2a: Latias|Psychic|p1a: Blaziken\n|-supereffective|p1a: Blaziken\n|-damage|p1a: Blaziken|0 fnt\n|faint|p1a: Blaziken\n|\n|upkeep\n|\n|t:|1615121372\n|switch|p1a: Urshifu|Urshifu-Rapid-Strike, F|94\/100\n|-damage|p1a: Urshifu|88\/100|[from] Stealth Rock\n|turn|21\n|\n|t:|1615121377\n|move|p2a: Latias|Psychic|p1a: Urshifu\n|-supereffective|p1a: Urshifu\n|-damage|p1a: Urshifu|0 fnt\n|faint|p1a: Urshifu\n|\n|win|WeAreMemang\n|raw|Brifye's rating: 1466 &rarr; <strong>1445<\/strong><br \/>(-21 for losing)\n|raw|WeAreMemang's rating: 1451 &rarr; <strong>1472<\/strong><br \/>(+21 for winning)\n|c|\u2606WeAreMemang|Gg\n|c|\u2606Brifye|gg\n|l|\u2606Brifye\n","uploadtime":1615121385,"views":19,"p1id":"brifye","p2id":"wearememang","formatid":"gen8ou","rating":1445,"private":0,"password":null}