{"id":"gen8bdspuu-1516338761","p1":"VirginJimmy99","p2":"Yndeed","format":"gen8bdspuu","log":"|j|\u2606VirginJimmy99\n|j|\u2606Yndeed\n|t:|1645532417\n|gametype|singles\n|player|p1|VirginJimmy99|169|1356\n|player|p2|Yndeed|pokemonbreeder|1388\n|teamsize|p1|6\n|teamsize|p2|6\n|gen|8\n|tier|[Gen 8 BDSP] UU\n|rated|\n|rule|Sleep Clause Mod: Limit one foe put to sleep\n|rule|Species Clause: Limit one of each Pok\u00e9mon\n|rule|OHKO Clause: OHKO moves are banned\n|rule|Evasion Moves Clause: Evasion moves are banned\n|rule|Endless Battle Clause: Forcing endless battles is banned\n|rule|HP Percentage Mod: HP is shown in percentages\n|clearpoke\n|poke|p1|Shuckle, M|\n|poke|p1|Mismagius, F|\n|poke|p1|Primeape, F|\n|poke|p1|Sneasel, M|\n|poke|p1|Blastoise, F|\n|poke|p1|Ursaring, M|\n|poke|p2|Chansey, F|\n|poke|p2|Crobat, F|\n|poke|p2|Slowbro, M|\n|poke|p2|Hippowdon, M|\n|poke|p2|Arcanine, M|\n|poke|p2|Sableye, M|\n|teampreview\n|inactive|Battle timer is ON: inactive players will automatically lose when time's up. (requested by Yndeed)\n|\n|t:|1645532426\n|start\n|switch|p1a: Shuckle|Shuckle, M|100\/100\n|switch|p2a: Crobat|Crobat, F, shiny|100\/100\n|turn|1\n|\n|t:|1645532432\n|switch|p1a: Ursaring|Ursaring, M|100\/100\n|move|p2a: Crobat|Toxic|p1a: Ursaring\n|-status|p1a: Ursaring|tox\n|\n|-damage|p1a: Ursaring|94\/100 tox|[from] psn\n|upkeep\n|turn|2\n|\n|t:|1645532438\n|move|p2a: Crobat|Brave Bird|p1a: Ursaring\n|-damage|p1a: Ursaring|46\/100 tox\n|-damage|p2a: Crobat|87\/100|[from] Recoil\n|move|p1a: Ursaring|Facade|p2a: Crobat\n|-damage|p2a: Crobat|6\/100\n|\n|-heal|p2a: Crobat|13\/100|[from] item: Leftovers\n|-damage|p1a: Ursaring|33\/100 tox|[from] psn\n|upkeep\n|turn|3\n|\n|t:|1645532451\n|switch|p2a: Goldmember|Sableye, M, shiny|100\/100\n|move|p1a: Ursaring|Facade|p2a: Goldmember\n|-immune|p2a: Goldmember\n|\n|-damage|p1a: Ursaring|15\/100 tox|[from] psn\n|upkeep\n|turn|4\n|\n|t:|1645532459\n|switch|p1a: Sneasel|Sneasel, M|100\/100\n|switch|p2a: Slowbro|Slowbro, M, shiny|100\/100\n|\n|upkeep\n|turn|5\n|\n|t:|1645532469\n|switch|p1a: Mismagius|Mismagius, F|100\/100\n|move|p2a: Slowbro|Scald|p1a: Mismagius\n|-damage|p1a: Mismagius|60\/100\n|\n|-heal|p1a: Mismagius|66\/100|[from] item: Leftovers\n|upkeep\n|turn|6\n|\n|t:|1645532481\n|switch|p2a: Hippowdon|Hippowdon, M, shiny|100\/100\n|move|p1a: Mismagius|Nasty Plot|p1a: Mismagius\n|-boost|p1a: Mismagius|spa|2\n|\n|-heal|p1a: Mismagius|72\/100|[from] item: Leftovers\n|upkeep\n|turn|7\n|\n|t:|1645532486\n|move|p1a: Mismagius|Shadow Ball|p2a: Hippowdon\n|-damage|p2a: Hippowdon|30\/100\n|move|p2a: Hippowdon|Crunch|p1a: Mismagius\n|-supereffective|p1a: Mismagius\n|-damage|p1a: Mismagius|0 fnt\n|faint|p1a: Mismagius\n|\n|-heal|p2a: Hippowdon|36\/100|[from] item: Leftovers\n|upkeep\n|\n|t:|1645532492\n|switch|p1a: Ursaring|Ursaring, M|15\/100 tox\n|turn|8\n|\n|t:|1645532498\n|switch|p2a: Goldmember|Sableye, M, shiny|100\/100\n|move|p1a: Ursaring|Facade|p2a: Goldmember\n|-immune|p2a: Goldmember\n|\n|-damage|p1a: Ursaring|8\/100 tox|[from] psn\n|upkeep\n|turn|9\n|\n|t:|1645532504\n|move|p1a: Ursaring|Night Slash|p2a: Goldmember\n|-damage|p2a: Goldmember|70\/100\n|move|p2a: Goldmember|Knock Off|p1a: Ursaring\n|-damage|p1a: Ursaring|0 fnt\n|-enditem|p1a: Ursaring|Toxic Orb|[from] move: Knock Off|[of] p2a: Goldmember\n|faint|p1a: Ursaring\n|\n|-heal|p2a: Goldmember|76\/100|[from] item: Leftovers\n|upkeep\n|inactive|VirginJimmy99 has 120 seconds left.\n|\n|t:|1645532538\n|switch|p1a: Sneasel|Sneasel, M|100\/100\n|turn|10\n|\n|t:|1645532553\n|switch|p1a: Shuckle|Shuckle, M|100\/100\n|switch|p2a: Arcanine|Arcanine, M, shiny|100\/100\n|-ability|p2a: Arcanine|Intimidate|boost\n|-unboost|p1a: Shuckle|atk|1\n|\n|upkeep\n|turn|11\n|\n|t:|1645532558\n|switch|p2a: Crobat|Crobat, F, shiny|13\/100\n|move|p1a: Shuckle|Stealth Rock|p2a: Crobat\n|-sidestart|p2: Yndeed|move: Stealth Rock\n|\n|-heal|p2a: Crobat|19\/100|[from] item: Leftovers\n|upkeep\n|turn|12\n|\n|t:|1645532562\n|switch|p1a: Primeape|Primeape, F|100\/100\n|move|p2a: Crobat|Roost|p2a: Crobat\n|-heal|p2a: Crobat|69\/100\n|-singleturn|p2a: Crobat|move: Roost\n|\n|-heal|p2a: Crobat|75\/100|[from] item: Leftovers\n|upkeep\n|turn|13\n|\n|t:|1645532568\n|move|p1a: Primeape|Stone Edge|p2a: Crobat\n|-supereffective|p2a: Crobat\n|-damage|p2a: Crobat|7\/100\n|move|p2a: Crobat|Roost|p2a: Crobat\n|-heal|p2a: Crobat|57\/100\n|-singleturn|p2a: Crobat|move: Roost\n|\n|-heal|p2a: Crobat|63\/100|[from] item: Leftovers\n|upkeep\n|turn|14\n|\n|t:|1645532575\n|switch|p1a: Sneasel|Sneasel, M|100\/100\n|switch|p2a: Hippowdon|Hippowdon, M, shiny|36\/100\n|-damage|p2a: Hippowdon|30\/100|[from] Stealth Rock\n|\n|-heal|p2a: Hippowdon|36\/100|[from] item: Leftovers\n|upkeep\n|turn|15\n|\n|t:|1645532580\n|move|p1a: Sneasel|Icicle Crash|p2a: Hippowdon\n|-supereffective|p2a: Hippowdon\n|-damage|p2a: Hippowdon|0 fnt\n|faint|p2a: Hippowdon\n|-damage|p1a: Sneasel|91\/100|[from] item: Life Orb\n|\n|upkeep\n|\n|t:|1645532590\n|switch|p2a: Slowbro|Slowbro, M, shiny|100\/100\n|-damage|p2a: Slowbro|88\/100|[from] Stealth Rock\n|turn|16\n|\n|t:|1645532593\n|move|p1a: Sneasel|Swords Dance|p1a: Sneasel\n|-boost|p1a: Sneasel|atk|2\n|move|p2a: Slowbro|Scald|p1a: Sneasel\n|-crit|p1a: Sneasel\n|-damage|p1a: Sneasel|8\/100\n|\n|-heal|p2a: Slowbro|94\/100|[from] item: Leftovers\n|upkeep\n|turn|17\n|\n|t:|1645532602\n|switch|p2a: Arcanine|Arcanine, M, shiny|100\/100\n|-damage|p2a: Arcanine|75\/100|[from] Stealth Rock\n|-ability|p2a: Arcanine|Intimidate|boost\n|-fail|p1a: Sneasel|unboost|Attack|[from] ability: Inner Focus|[of] p1a: Sneasel\n|move|p1a: Sneasel|Throat Chop|p2a: Arcanine\n|-damage|p2a: Arcanine|0 fnt\n|faint|p2a: Arcanine\n|-damage|p1a: Sneasel|0 fnt|[from] item: Life Orb\n|faint|p1a: Sneasel\n|\n|upkeep\n|\n|t:|1645532620\n|switch|p1a: Primeape|Primeape, F|100\/100\n|switch|p2a: Goldmember|Sableye, M, shiny|76\/100\n|-damage|p2a: Goldmember|64\/100|[from] Stealth Rock\n|turn|18\n|\n|t:|1645532624\n|switch|p1a: Shuckle|Shuckle, M|100\/100\n|move|p2a: Goldmember|Will-O-Wisp|p1a: Shuckle\n|-status|p1a: Shuckle|brn\n|\n|-heal|p2a: Goldmember|70\/100|[from] item: Leftovers\n|-damage|p1a: Shuckle|94\/100 brn|[from] brn\n|upkeep\n|turn|19\n|\n|t:|1645532632\n|switch|p2a: Crobat|Crobat, F, shiny|63\/100\n|-damage|p2a: Crobat|38\/100|[from] Stealth Rock\n|move|p1a: Shuckle|Final Gambit|p2a: Crobat\n|-damage|p2a: Crobat|0 fnt\n|faint|p1a: Shuckle\n|faint|p2a: Crobat\n|\n|upkeep\n|\n|t:|1645532643\n|switch|p2a: Slowbro|Slowbro, M, shiny|100\/100\n|switch|p1a: Blastoise|Blastoise, F|100\/100\n|-damage|p2a: Slowbro|88\/100|[from] Stealth Rock\n|turn|20\n|\n|t:|1645532649\n|move|p1a: Blastoise|Shell Smash|p1a: Blastoise\n|-unboost|p1a: Blastoise|def|1\n|-unboost|p1a: Blastoise|spd|1\n|-boost|p1a: Blastoise|atk|2\n|-boost|p1a: Blastoise|spa|2\n|-boost|p1a: Blastoise|spe|2\n|-enditem|p1a: Blastoise|White Herb\n|-clearnegativeboost|p1a: Blastoise|[silent]\n|move|p2a: Slowbro|Calm Mind|p2a: Slowbro\n|-boost|p2a: Slowbro|spa|1\n|-boost|p2a: Slowbro|spd|1\n|\n|-heal|p2a: Slowbro|94\/100|[from] item: Leftovers\n|upkeep\n|turn|21\n|\n|t:|1645532658\n|move|p1a: Blastoise|Shell Smash|p1a: Blastoise\n|-unboost|p1a: Blastoise|def|1\n|-unboost|p1a: Blastoise|spd|1\n|-boost|p1a: Blastoise|atk|2\n|-boost|p1a: Blastoise|spa|2\n|-boost|p1a: Blastoise|spe|2\n|move|p2a: Slowbro|Calm Mind|p2a: Slowbro\n|-boost|p2a: Slowbro|spa|1\n|-boost|p2a: Slowbro|spd|1\n|\n|-heal|p2a: Slowbro|99\/100|[from] item: Leftovers\n|upkeep\n|turn|22\n|\n|t:|1645532660\n|move|p1a: Blastoise|Hydro Pump|p2a: Slowbro|[miss]\n|-miss|p1a: Blastoise|p2a: Slowbro\n|move|p2a: Slowbro|Future Sight|p1a: Blastoise\n|-start|p2a: Slowbro|move: Future Sight\n|\n|-heal|p2a: Slowbro|100\/100|[from] item: Leftovers\n|upkeep\n|turn|23\n|\n|t:|1645532664\n|move|p1a: Blastoise|Hydro Pump|p2a: Slowbro|[miss]\n|-miss|p1a: Blastoise|p2a: Slowbro\n|move|p2a: Slowbro|Slack Off||[still]\n|-fail|p2a: Slowbro|heal\n|\n|upkeep\n|turn|24\n|c|\u2606VirginJimmy99|gg\n|-message|VirginJimmy99 forfeited.\n|\n|win|Yndeed\n|raw|VirginJimmy99's rating: 1356 &rarr; <strong>1338<\/strong><br \/>(-18 for losing)\n|raw|Yndeed's rating: 1388 &rarr; <strong>1406<\/strong><br \/>(+18 for winning)\n|l|\u2606VirginJimmy99\n","uploadtime":1645532671,"views":118,"p1id":"virginjimmy99","p2id":"yndeed","formatid":"gen8bdspuu","rating":1338,"private":0,"password":null}