{"id":"gen8ou-1547675198","p1":"SKIP THE DRIP","p2":"SSBM Clefairy","format":"gen8ou","log":"|j|\u2606SKIP THE DRIP\n|j|\u2606SSBM Clefairy\n|t:|1649283853\n|gametype|singles\n|player|p1|SKIP THE DRIP|victor-dojo|1748\n|player|p2|SSBM Clefairy|170|1870\n|teamsize|p1|6\n|teamsize|p2|6\n|gen|8\n|tier|[Gen 8] OU\n|rated|\n|rule|Sleep Clause Mod: Limit one foe put to sleep\n|rule|Species Clause: Limit one of each Pok\u00e9mon\n|rule|OHKO Clause: OHKO moves are banned\n|rule|Evasion Moves Clause: Evasion moves are banned\n|rule|Endless Battle Clause: Forcing endless battles is banned\n|rule|HP Percentage Mod: HP is shown in percentages\n|rule|Dynamax Clause: You cannot dynamax\n|clearpoke\n|poke|p1|Tornadus-Therian, M|\n|poke|p1|Heatran, F|\n|poke|p1|Skarmory, F|\n|poke|p1|Clefable, M|\n|poke|p1|Gastrodon-East, F|\n|poke|p1|Weavile, F|\n|poke|p2|Tyranitar, M|\n|poke|p2|Excadrill, M|\n|poke|p2|Zapdos|\n|poke|p2|Ferrothorn, M|\n|poke|p2|Urshifu-*, F|\n|poke|p2|Tapu Lele|\n|teampreview\n|inactive|Battle timer is ON: inactive players will automatically lose when time's up. (requested by SKIP THE DRIP)\n|c|\u2606SSBM Clefairy|stg ive seen that in oras or smthn\n|\n|t:|1649283876\n|start\n|switch|p1a: Tornadus|Tornadus-Therian, M|100\/100\n|switch|p2a: Zapdos|Zapdos|100\/100\n|turn|1\n|c|\u2606SKIP THE DRIP|SFY\n|c|\u2606SKIP THE DRIP|STFU\n|c|\u2606SKIP THE DRIP|im mad\n|c|\u2606SSBM Clefairy|roger that\n|\n|t:|1649283886\n|move|p1a: Tornadus|Knock Off|p2a: Zapdos\n|-damage|p2a: Zapdos|86\/100\n|-status|p1a: Tornadus|par|[from] ability: Static|[of] p2a: Zapdos\n|-enditem|p2a: Zapdos|Heavy-Duty Boots|[from] move: Knock Off|[of] p1a: Tornadus\n|move|p2a: Zapdos|Volt Switch|p1a: Tornadus\n|-supereffective|p1a: Tornadus\n|-damage|p1a: Tornadus|42\/100 par\n|\n|t:|1649283888\n|switch|p2a: Tyranitar|Tyranitar, M|100\/100|[from]move: Volt Switch\n|-weather|Sandstorm|[from] ability: Sand Stream|[of] p2a: Tyranitar\n|\n|-weather|Sandstorm|[upkeep]\n|-damage|p1a: Tornadus|36\/100 par|[from] Sandstorm\n|upkeep\n|turn|2\n|\n|t:|1649283896\n|switch|p1a: Skarmory|Skarmory, F|100\/100\n|move|p2a: Tyranitar|Stone Edge|p1a: Skarmory\n|-damage|p1a: Skarmory|51\/100\n|\n|-weather|Sandstorm|[upkeep]\n|upkeep\n|turn|3\n|\n|t:|1649283901\n|switch|p2a: Ferrothorn|Ferrothorn, M|100\/100\n|move|p1a: Skarmory|Roost|p1a: Skarmory\n|-heal|p1a: Skarmory|100\/100\n|-singleturn|p1a: Skarmory|move: Roost\n|\n|-weather|Sandstorm|[upkeep]\n|upkeep\n|turn|4\n|\n|t:|1649283904\n|move|p1a: Skarmory|Spikes|p2a: Ferrothorn\n|-sidestart|p2: SSBM Clefairy|Spikes\n|move|p2a: Ferrothorn|Knock Off|p1a: Skarmory\n|-damage|p1a: Skarmory|88\/100\n|-damage|p2a: Ferrothorn|84\/100|[from] item: Rocky Helmet|[of] p1a: Skarmory\n|-enditem|p1a: Skarmory|Rocky Helmet|[from] move: Knock Off|[of] p2a: Ferrothorn\n|\n|-weather|Sandstorm|[upkeep]\n|-heal|p2a: Ferrothorn|90\/100|[from] item: Leftovers\n|upkeep\n|turn|5\n|\n|t:|1649283908\n|switch|p1a: Heatran|Heatran, F|100\/100\n|move|p2a: Ferrothorn|Stealth Rock|p1a: Heatran\n|-sidestart|p1: SKIP THE DRIP|move: Stealth Rock\n|\n|-weather|none\n|-heal|p2a: Ferrothorn|97\/100|[from] item: Leftovers\n|upkeep\n|turn|6\n|\n|t:|1649283910\n|switch|p2a: Urshifu|Urshifu-Rapid-Strike, F|100\/100\n|-damage|p2a: Urshifu|88\/100|[from] Spikes\n|move|p1a: Heatran|Lava Plume|p2a: Urshifu\n|-resisted|p2a: Urshifu\n|-crit|p2a: Urshifu\n|-damage|p2a: Urshifu|52\/100\n|\n|upkeep\n|turn|7\n|j| lrobthefreiburger\n|\n|t:|1649283919\n|switch|p1a: Tornadus|Tornadus-Therian, M|70\/100 par\n|move|p2a: Urshifu|Close Combat|p1a: Tornadus\n|-resisted|p1a: Tornadus\n|-damage|p1a: Tornadus|35\/100 par\n|-unboost|p2a: Urshifu|def|1\n|-unboost|p2a: Urshifu|spd|1\n|\n|upkeep\n|turn|8\n|\n|t:|1649283925\n|switch|p1a: Clefable|Clefable, M|100\/100\n|move|p2a: Urshifu|U-turn|p1a: Clefable\n|-resisted|p1a: Clefable\n|-damage|p1a: Clefable|90\/100\n|\n|t:|1649283928\n|switch|p2a: Excadrill|Excadrill, M|100\/100|[from]move: U-turn\n|-damage|p2a: Excadrill|88\/100|[from] Spikes\n|\n|upkeep\n|turn|9\n|\n|t:|1649283941\n|move|p2a: Excadrill|Rapid Spin|p1a: Clefable\n|-damage|p1a: Clefable|68\/100\n|-boost|p2a: Excadrill|spe|1\n|-sideend|p2: SSBM Clefairy|Spikes|[from] move: Rapid Spin|[of] p2a: Excadrill\n|move|p1a: Clefable|Moonblast|p2a: Excadrill\n|-resisted|p2a: Excadrill\n|-damage|p2a: Excadrill|60\/100\n|\n|upkeep\n|turn|10\n|\n|t:|1649283947\n|switch|p2a: Zapdos|Zapdos|86\/100\n|move|p1a: Clefable|Soft-Boiled|p1a: Clefable\n|-heal|p1a: Clefable|100\/100\n|\n|upkeep\n|turn|11\n|\n|t:|1649283951\n|move|p2a: Zapdos|Hurricane|p1a: Clefable\n|-damage|p1a: Clefable|55\/100\n|move|p1a: Clefable|Moonblast|p2a: Zapdos\n|-damage|p2a: Zapdos|49\/100\n|\n|upkeep\n|turn|12\n|\n|t:|1649283955\n|move|p2a: Zapdos|Roost|p2a: Zapdos\n|-heal|p2a: Zapdos|99\/100\n|-singleturn|p2a: Zapdos|move: Roost\n|move|p1a: Clefable|Soft-Boiled|p1a: Clefable\n|-heal|p1a: Clefable|100\/100\n|\n|upkeep\n|turn|13\n|\n|t:|1649283957\n|move|p2a: Zapdos|Volt Switch|p1a: Clefable\n|-crit|p1a: Clefable\n|-damage|p1a: Clefable|59\/100\n|\n|t:|1649283959\n|switch|p2a: Excadrill|Excadrill, M|60\/100|[from]move: Volt Switch\n|move|p1a: Clefable|Calm Mind|p1a: Clefable\n|-boost|p1a: Clefable|spa|1\n|-boost|p1a: Clefable|spd|1\n|\n|upkeep\n|turn|14\n|\n|t:|1649283966\n|switch|p1a: Heatran|Heatran, F|100\/100\n|-damage|p1a: Heatran|88\/100|[from] Stealth Rock\n|move|p2a: Excadrill|Rock Slide|p1a: Heatran\n|-damage|p1a: Heatran|51\/100\n|\n|-heal|p1a: Heatran|57\/100|[from] item: Leftovers\n|upkeep\n|turn|15\n|\n|t:|1649283977\n|move|p2a: Excadrill|Rock Slide|p1a: Heatran\n|-damage|p1a: Heatran|20\/100\n|move|p1a: Heatran|Stealth Rock|p2a: Excadrill\n|-sidestart|p2: SSBM Clefairy|move: Stealth Rock\n|\n|-heal|p1a: Heatran|26\/100|[from] item: Leftovers\n|upkeep\n|turn|16\n|\n|t:|1649283982\n|switch|p2a: Ferrothorn|Ferrothorn, M|97\/100\n|-damage|p2a: Ferrothorn|90\/100|[from] Stealth Rock\n|switch|p1a: Gastrodon|Gastrodon-East, F|100\/100\n|\n|-heal|p2a: Ferrothorn|97\/100|[from] item: Leftovers\n|upkeep\n|turn|17\n|\n|t:|1649283989\n|move|p1a: Gastrodon|Scald|p2a: Ferrothorn\n|-resisted|p2a: Ferrothorn\n|-damage|p2a: Ferrothorn|89\/100\n|move|p2a: Ferrothorn|Knock Off|p1a: Gastrodon\n|-damage|p1a: Gastrodon|77\/100\n|-activate|p1a: Gastrodon|ability: Sticky Hold\n|\n|-heal|p2a: Ferrothorn|95\/100|[from] item: Leftovers\n|upkeep\n|turn|18\n|\n|t:|1649283995\n|move|p1a: Gastrodon|Scald|p2a: Ferrothorn\n|-resisted|p2a: Ferrothorn\n|-damage|p2a: Ferrothorn|87\/100\n|move|p2a: Ferrothorn|Knock Off|p1a: Gastrodon\n|-damage|p1a: Gastrodon|55\/100\n|-activate|p1a: Gastrodon|ability: Sticky Hold\n|\n|-heal|p2a: Ferrothorn|93\/100|[from] item: Leftovers\n|upkeep\n|turn|19\n|\n|t:|1649284002\n|move|p1a: Gastrodon|Recover|p1a: Gastrodon\n|-heal|p1a: Gastrodon|100\/100\n|move|p2a: Ferrothorn|Leech Seed|p1a: Gastrodon\n|-start|p1a: Gastrodon|move: Leech Seed\n|\n|-heal|p2a: Ferrothorn|99\/100|[from] item: Leftovers\n|-damage|p1a: Gastrodon|88\/100|[from] Leech Seed|[of] p2a: Ferrothorn\n|-heal|p2a: Ferrothorn|100\/100|[silent]\n|upkeep\n|turn|20\n|\n|t:|1649284008\n|switch|p1a: Clefable|Clefable, M|59\/100\n|move|p2a: Ferrothorn|Body Press|p1a: Clefable\n|-resisted|p1a: Clefable\n|-damage|p1a: Clefable|50\/100\n|\n|upkeep\n|turn|21\n|\n|t:|1649284013\n|switch|p2a: Excadrill|Excadrill, M|60\/100\n|-damage|p2a: Excadrill|56\/100|[from] Stealth Rock\n|move|p1a: Clefable|Moonblast|p2a: Excadrill\n|-resisted|p2a: Excadrill\n|-damage|p2a: Excadrill|28\/100\n|\n|upkeep\n|turn|22\n|\n|t:|1649284024\n|switch|p1a: Skarmory|Skarmory, F|88\/100\n|-damage|p1a: Skarmory|75\/100|[from] Stealth Rock\n|move|p2a: Excadrill|Iron Head|p1a: Skarmory\n|-resisted|p1a: Skarmory\n|-damage|p1a: Skarmory|54\/100\n|\n|upkeep\n|turn|23\n|\n|t:|1649284029\n|switch|p2a: Zapdos|Zapdos|99\/100\n|-damage|p2a: Zapdos|74\/100|[from] Stealth Rock\n|move|p1a: Skarmory|Roost|p1a: Skarmory\n|-heal|p1a: Skarmory|100\/100\n|-singleturn|p1a: Skarmory|move: Roost\n|\n|upkeep\n|turn|24\n|\n|t:|1649284039\n|move|p2a: Zapdos|Hurricane|p1a: Skarmory\n|-resisted|p1a: Skarmory\n|-damage|p1a: Skarmory|72\/100\n|move|p1a: Skarmory|Spikes|p2a: Zapdos\n|-sidestart|p2: SSBM Clefairy|Spikes\n|\n|upkeep\n|turn|25\n|\n|t:|1649284043\n|switch|p1a: Gastrodon|Gastrodon-East, F|88\/100\n|move|p2a: Zapdos|Hurricane|p1a: Gastrodon\n|-damage|p1a: Gastrodon|57\/100\n|-start|p1a: Gastrodon|confusion\n|\n|upkeep\n|turn|26\n|\n|t:|1649284046\n|move|p2a: Zapdos|Hurricane|p1a: Gastrodon\n|-damage|p1a: Gastrodon|25\/100\n|-activate|p1a: Gastrodon|confusion\n|move|p1a: Gastrodon|Recover|p1a: Gastrodon\n|-heal|p1a: Gastrodon|75\/100\n|\n|upkeep\n|turn|27\n|\n|t:|1649284048\n|move|p2a: Zapdos|Hurricane|p1a: Gastrodon|[miss]\n|-miss|p2a: Zapdos|p1a: Gastrodon\n|-activate|p1a: Gastrodon|confusion\n|move|p1a: Gastrodon|Recover|p1a: Gastrodon\n|-heal|p1a: Gastrodon|100\/100\n|\n|upkeep\n|turn|28\n|\n|t:|1649284050\n|move|p2a: Zapdos|Hurricane|p1a: Gastrodon\n|-damage|p1a: Gastrodon|70\/100\n|-activate|p1a: Gastrodon|confusion\n|-damage|p1a: Gastrodon|63\/100|[from] confusion\n|\n|upkeep\n|turn|29\n|\n|t:|1649284053\n|move|p2a: Zapdos|Hurricane|p1a: Gastrodon|[miss]\n|-miss|p2a: Zapdos|p1a: Gastrodon\n|-end|p1a: Gastrodon|confusion\n|move|p1a: Gastrodon|Recover|p1a: Gastrodon\n|-heal|p1a: Gastrodon|100\/100\n|\n|upkeep\n|turn|30\n|\n|t:|1649284055\n|move|p2a: Zapdos|Hurricane|p1a: Gastrodon|[miss]\n|-miss|p2a: Zapdos|p1a: Gastrodon\n|move|p1a: Gastrodon|Scald|p2a: Zapdos\n|-damage|p2a: Zapdos|51\/100\n|\n|upkeep\n|turn|31\n|\n|t:|1649284057\n|move|p2a: Zapdos|Hurricane|p1a: Gastrodon\n|-damage|p1a: Gastrodon|69\/100\n|move|p1a: Gastrodon|Scald|p2a: Zapdos\n|-damage|p2a: Zapdos|27\/100\n|\n|upkeep\n|turn|32\n|\n|t:|1649284060\n|move|p2a: Zapdos|Roost|p2a: Zapdos\n|-heal|p2a: Zapdos|77\/100\n|-singleturn|p2a: Zapdos|move: Roost\n|move|p1a: Gastrodon|Scald|p2a: Zapdos\n|-crit|p2a: Zapdos\n|-damage|p2a: Zapdos|41\/100\n|-status|p2a: Zapdos|brn\n|\n|-damage|p2a: Zapdos|35\/100 brn|[from] brn\n|upkeep\n|turn|33\n|\n|t:|1649284062\n|move|p2a: Zapdos|Roost|p2a: Zapdos\n|-heal|p2a: Zapdos|85\/100 brn\n|-singleturn|p2a: Zapdos|move: Roost\n|move|p1a: Gastrodon|Recover|p1a: Gastrodon\n|-heal|p1a: Gastrodon|100\/100\n|\n|-damage|p2a: Zapdos|79\/100 brn|[from] brn\n|upkeep\n|turn|34\n|\n|t:|1649284065\n|move|p2a: Zapdos|Hurricane|p1a: Gastrodon\n|-damage|p1a: Gastrodon|70\/100\n|move|p1a: Gastrodon|Scald|p2a: Zapdos\n|-crit|p2a: Zapdos\n|-damage|p2a: Zapdos|39\/100 brn\n|\n|-damage|p2a: Zapdos|33\/100 brn|[from] brn\n|upkeep\n|turn|35\n|\n|t:|1649284068\n|move|p2a: Zapdos|Roost|p2a: Zapdos\n|-heal|p2a: Zapdos|83\/100 brn\n|-singleturn|p2a: Zapdos|move: Roost\n|move|p1a: Gastrodon|Earth Power|p2a: Zapdos\n|-supereffective|p2a: Zapdos\n|-damage|p2a: Zapdos|28\/100 brn\n|\n|-damage|p2a: Zapdos|22\/100 brn|[from] brn\n|upkeep\n|turn|36\n|\n|t:|1649284071\n|move|p2a: Zapdos|Roost|p2a: Zapdos\n|-heal|p2a: Zapdos|72\/100 brn\n|-singleturn|p2a: Zapdos|move: Roost\n|move|p1a: Gastrodon|Earth Power|p2a: Zapdos\n|-supereffective|p2a: Zapdos\n|-damage|p2a: Zapdos|14\/100 brn\n|\n|-damage|p2a: Zapdos|8\/100 brn|[from] brn\n|upkeep\n|turn|37\n|\n|t:|1649284073\n|move|p2a: Zapdos|Roost|p2a: Zapdos\n|-heal|p2a: Zapdos|58\/100 brn\n|-singleturn|p2a: Zapdos|move: Roost\n|move|p1a: Gastrodon|Recover|p1a: Gastrodon\n|-heal|p1a: Gastrodon|100\/100\n|\n|-damage|p2a: Zapdos|52\/100 brn|[from] brn\n|upkeep\n|turn|38\n|\n|t:|1649284077\n|switch|p2a: Ferrothorn|Ferrothorn, M|100\/100\n|-damage|p2a: Ferrothorn|94\/100|[from] Stealth Rock\n|-damage|p2a: Ferrothorn|82\/100|[from] Spikes\n|move|p1a: Gastrodon|Scald|p2a: Ferrothorn\n|-resisted|p2a: Ferrothorn\n|-damage|p2a: Ferrothorn|74\/100\n|\n|-heal|p2a: Ferrothorn|80\/100|[from] item: Leftovers\n|upkeep\n|turn|39\n|\n|t:|1649284080\n|move|p1a: Gastrodon|Scald|p2a: Ferrothorn\n|-resisted|p2a: Ferrothorn\n|-damage|p2a: Ferrothorn|71\/100\n|-status|p2a: Ferrothorn|brn\n|move|p2a: Ferrothorn|Leech Seed|p1a: Gastrodon\n|-start|p1a: Gastrodon|move: Leech Seed\n|\n|-heal|p2a: Ferrothorn|77\/100 brn|[from] item: Leftovers\n|-damage|p1a: Gastrodon|88\/100|[from] Leech Seed|[of] p2a: Ferrothorn\n|-heal|p2a: Ferrothorn|92\/100 brn|[silent]\n|-damage|p2a: Ferrothorn|86\/100 brn|[from] brn\n|upkeep\n|turn|40\n|\n|t:|1649284091\n|switch|p1a: Clefable|Clefable, M|50\/100\n|switch|p2a: Tyranitar|Tyranitar, M|100\/100\n|-damage|p2a: Tyranitar|88\/100|[from] Stealth Rock\n|-damage|p2a: Tyranitar|76\/100|[from] Spikes\n|-weather|Sandstorm|[from] ability: Sand Stream|[of] p2a: Tyranitar\n|\n|-weather|Sandstorm|[upkeep]\n|upkeep\n|turn|41\n|\n|t:|1649284096\n|switch|p1a: Heatran|Heatran, F|26\/100\n|-damage|p1a: Heatran|14\/100|[from] Stealth Rock\n|move|p2a: Tyranitar|Crunch|p1a: Heatran\n|-damage|p1a: Heatran|0 fnt\n|faint|p1a: Heatran\n|\n|-weather|Sandstorm|[upkeep]\n|upkeep\n|\n|t:|1649284107\n|switch|p1a: Clefable|Clefable, M|50\/100\n|turn|42\n|\n|t:|1649284110\n|switch|p2a: Excadrill|Excadrill, M|28\/100\n|-damage|p2a: Excadrill|16\/100|[from] Spikes\n|-damage|p2a: Excadrill|13\/100|[from] Stealth Rock\n|move|p1a: Clefable|Moonblast|p2a: Excadrill\n|-resisted|p2a: Excadrill\n|-damage|p2a: Excadrill|0 fnt\n|faint|p2a: Excadrill\n|\n|-weather|Sandstorm|[upkeep]\n|upkeep\n|\n|t:|1649284115\n|switch|p2a: Tyranitar|Tyranitar, M|76\/100\n|-damage|p2a: Tyranitar|64\/100|[from] Stealth Rock\n|-damage|p2a: Tyranitar|51\/100|[from] Spikes\n|turn|43\n|\n|t:|1649284119\n|switch|p1a: Tornadus|Tornadus-Therian, M|68\/100 par\n|move|p2a: Tyranitar|Crunch|p1a: Tornadus\n|-damage|p1a: Tornadus|0 fnt\n|faint|p1a: Tornadus\n|\n|-weather|Sandstorm|[upkeep]\n|upkeep\n|\n|t:|1649284121\n|switch|p1a: Clefable|Clefable, M|50\/100\n|turn|44\n|\n|t:|1649284127\n|switch|p2a: Zapdos|Zapdos|52\/100 brn\n|-damage|p2a: Zapdos|27\/100 brn|[from] Stealth Rock\n|move|p1a: Clefable|Soft-Boiled|p1a: Clefable\n|-heal|p1a: Clefable|99\/100\n|\n|-weather|none\n|-damage|p2a: Zapdos|21\/100 brn|[from] brn\n|upkeep\n|turn|45\n|\n|t:|1649284135\n|move|p2a: Zapdos|Hurricane|p1a: Clefable\n|-damage|p1a: Clefable|54\/100\n|move|p1a: Clefable|Calm Mind|p1a: Clefable\n|-boost|p1a: Clefable|spa|1\n|-boost|p1a: Clefable|spd|1\n|\n|-damage|p2a: Zapdos|15\/100 brn|[from] brn\n|upkeep\n|turn|46\n|\n|t:|1649284138\n|move|p2a: Zapdos|Hurricane|p1a: Clefable\n|-damage|p1a: Clefable|25\/100\n|-start|p1a: Clefable|confusion\n|-activate|p1a: Clefable|confusion\n|move|p1a: Clefable|Soft-Boiled|p1a: Clefable\n|-heal|p1a: Clefable|75\/100\n|\n|-damage|p2a: Zapdos|9\/100 brn|[from] brn\n|upkeep\n|turn|47\n|\n|t:|1649284140\n|move|p2a: Zapdos|Roost|p2a: Zapdos\n|-heal|p2a: Zapdos|59\/100 brn\n|-singleturn|p2a: Zapdos|move: Roost\n|-end|p1a: Clefable|confusion\n|move|p1a: Clefable|Soft-Boiled|p1a: Clefable\n|-heal|p1a: Clefable|100\/100\n|\n|-damage|p2a: Zapdos|53\/100 brn|[from] brn\n|upkeep\n|turn|48\n|\n|t:|1649284146\n|move|p2a: Zapdos|Hurricane|p1a: Clefable|[miss]\n|-miss|p2a: Zapdos|p1a: Clefable\n|move|p1a: Clefable|Calm Mind|p1a: Clefable\n|-boost|p1a: Clefable|spa|1\n|-boost|p1a: Clefable|spd|1\n|\n|-damage|p2a: Zapdos|47\/100 brn|[from] brn\n|upkeep\n|turn|49\n|\n|t:|1649284149\n|move|p2a: Zapdos|Hurricane|p1a: Clefable\n|-damage|p1a: Clefable|77\/100\n|move|p1a: Clefable|Soft-Boiled|p1a: Clefable\n|-heal|p1a: Clefable|100\/100\n|\n|-damage|p2a: Zapdos|41\/100 brn|[from] brn\n|upkeep\n|turn|50\n|\n|t:|1649284152\n|move|p2a: Zapdos|Hurricane|p1a: Clefable\n|-damage|p1a: Clefable|80\/100\n|move|p1a: Clefable|Soft-Boiled|p1a: Clefable\n|-heal|p1a: Clefable|100\/100\n|\n|-damage|p2a: Zapdos|35\/100 brn|[from] brn\n|upkeep\n|turn|51\n|\n|t:|1649284154\n|move|p2a: Zapdos|Heat Wave|p1a: Clefable\n|-damage|p1a: Clefable|87\/100\n|move|p1a: Clefable|Soft-Boiled|p1a: Clefable\n|-heal|p1a: Clefable|100\/100\n|\n|-damage|p2a: Zapdos|29\/100 brn|[from] brn\n|upkeep\n|turn|52\n|\n|t:|1649284157\n|move|p2a: Zapdos|Heat Wave|p1a: Clefable\n|-damage|p1a: Clefable|89\/100\n|move|p1a: Clefable|Moonblast|p2a: Zapdos\n|-damage|p2a: Zapdos|0 fnt\n|faint|p2a: Zapdos\n|\n|upkeep\n|\n|t:|1649284159\n|switch|p2a: Tyranitar|Tyranitar, M|51\/100\n|-damage|p2a: Tyranitar|39\/100|[from] Stealth Rock\n|-damage|p2a: Tyranitar|27\/100|[from] Spikes\n|-weather|Sandstorm|[from] ability: Sand Stream|[of] p2a: Tyranitar\n|turn|53\n|j| Saymymeme_lad\n|\n|t:|1649284168\n|move|p2a: Tyranitar|Stone Edge|p1a: Clefable\n|-damage|p1a: Clefable|25\/100\n|move|p1a: Clefable|Moonblast|p2a: Tyranitar\n|-supereffective|p2a: Tyranitar\n|-damage|p2a: Tyranitar|0 fnt\n|faint|p2a: Tyranitar\n|\n|-weather|Sandstorm|[upkeep]\n|upkeep\n|\n|t:|1649284175\n|switch|p2a: Urshifu|Urshifu-Rapid-Strike, F|52\/100\n|-damage|p2a: Urshifu|40\/100|[from] Spikes\n|-damage|p2a: Urshifu|33\/100|[from] Stealth Rock\n|turn|54\n|\n|t:|1649284181\n|move|p2a: Urshifu|Surging Strikes|p1a: Clefable\n|-crit|p1a: Clefable\n|-damage|p1a: Clefable|9\/100\n|-crit|p1a: Clefable\n|-damage|p1a: Clefable|0 fnt\n|faint|p1a: Clefable\n|-hitcount|p1: Clefable|2\n|\n|-weather|Sandstorm|[upkeep]\n|-damage|p2a: Urshifu|27\/100|[from] Sandstorm\n|upkeep\n|\n|t:|1649284190\n|switch|p1a: Skarmory|Skarmory, F|72\/100\n|-damage|p1a: Skarmory|59\/100|[from] Stealth Rock\n|turn|55\n|\n|t:|1649284194\n|move|p2a: Urshifu|Taunt|p1a: Skarmory\n|-start|p1a: Skarmory|move: Taunt\n|cant|p1a: Skarmory|move: Taunt|Roost\n|\n|-weather|Sandstorm|[upkeep]\n|-damage|p2a: Urshifu|21\/100|[from] Sandstorm\n|upkeep\n|turn|56\n|\n|t:|1649284201\n|move|p2a: Urshifu|Close Combat|p1a: Skarmory\n|-damage|p1a: Skarmory|20\/100\n|-unboost|p2a: Urshifu|def|1\n|-unboost|p2a: Urshifu|spd|1\n|move|p1a: Skarmory|Body Press|p2a: Urshifu\n|-damage|p2a: Urshifu|0 fnt\n|faint|p2a: Urshifu\n|\n|-weather|Sandstorm|[upkeep]\n|upkeep\n|\n|t:|1649284203\n|switch|p2a: Tapu Lele|Tapu Lele|100\/100\n|-damage|p2a: Tapu Lele|88\/100|[from] Spikes\n|-damage|p2a: Tapu Lele|76\/100|[from] Stealth Rock\n|-fieldstart|move: Psychic Terrain|[from] ability: Psychic Surge|[of] p2a: Tapu Lele\n|turn|57\n|\n|t:|1649284207\n|move|p2a: Tapu Lele|Moonblast|p1a: Skarmory\n|-resisted|p1a: Skarmory\n|-damage|p1a: Skarmory|0 fnt\n|faint|p1a: Skarmory\n|\n|-weather|none\n|upkeep\n|\n|t:|1649284208\n|switch|p1a: Gastrodon|Gastrodon-East, F|88\/100\n|turn|58\n|j| god multiface\n|\n|t:|1649284213\n|switch|p2a: Ferrothorn|Ferrothorn, M|86\/100 brn\n|-damage|p2a: Ferrothorn|74\/100 brn|[from] Spikes\n|-damage|p2a: Ferrothorn|67\/100 brn|[from] Stealth Rock\n|move|p1a: Gastrodon|Recover|p1a: Gastrodon\n|-heal|p1a: Gastrodon|100\/100\n|\n|-heal|p2a: Ferrothorn|74\/100 brn|[from] item: Leftovers\n|-damage|p2a: Ferrothorn|67\/100 brn|[from] brn\n|upkeep\n|turn|59\n|\n|t:|1649284224\n|switch|p1a: Weavile|Weavile, F|100\/100\n|-ability|p1a: Weavile|Pressure\n|move|p2a: Ferrothorn|Leech Seed|p1a: Weavile\n|-start|p1a: Weavile|move: Leech Seed\n|\n|-heal|p2a: Ferrothorn|74\/100 brn|[from] item: Leftovers\n|-damage|p1a: Weavile|88\/100|[from] Leech Seed|[of] p2a: Ferrothorn\n|-heal|p2a: Ferrothorn|83\/100 brn|[silent]\n|-damage|p2a: Ferrothorn|77\/100 brn|[from] brn\n|upkeep\n|turn|60\n|\n|t:|1649284227\n|move|p1a: Weavile|Knock Off|p2a: Ferrothorn\n|-damage|p2a: Ferrothorn|44\/100 brn\n|-damage|p1a: Weavile|76\/100|[from] ability: Iron Barbs|[of] p2a: Ferrothorn\n|-enditem|p2a: Ferrothorn|Leftovers|[from] move: Knock Off|[of] p1a: Weavile\n|move|p2a: Ferrothorn|Body Press|p1a: Weavile\n|-supereffective|p1a: Weavile\n|-damage|p1a: Weavile|0 fnt\n|faint|p1a: Weavile\n|\n|-damage|p2a: Ferrothorn|37\/100 brn|[from] brn\n|upkeep\n|\n|t:|1649284229\n|switch|p1a: Gastrodon|Gastrodon-East, F|100\/100\n|turn|61\n|\n|t:|1649284231\n|move|p1a: Gastrodon|Earth Power|p2a: Ferrothorn\n|-damage|p2a: Ferrothorn|18\/100 brn\n|move|p2a: Ferrothorn|Leech Seed|p1a: Gastrodon\n|-start|p1a: Gastrodon|move: Leech Seed\n|\n|-damage|p1a: Gastrodon|88\/100|[from] Leech Seed|[of] p2a: Ferrothorn\n|-heal|p2a: Ferrothorn|33\/100 brn|[silent]\n|-damage|p2a: Ferrothorn|26\/100 brn|[from] brn\n|-fieldend|move: Psychic Terrain\n|upkeep\n|turn|62\n|\n|t:|1649284235\n|move|p1a: Gastrodon|Earth Power|p2a: Ferrothorn\n|-crit|p2a: Ferrothorn\n|-damage|p2a: Ferrothorn|0 fnt\n|faint|p2a: Ferrothorn\n|\n|upkeep\n|\n|t:|1649284237\n|switch|p2a: Tapu Lele|Tapu Lele|76\/100\n|-damage|p2a: Tapu Lele|63\/100|[from] Stealth Rock\n|-damage|p2a: Tapu Lele|51\/100|[from] Spikes\n|-fieldstart|move: Psychic Terrain|[from] ability: Psychic Surge|[of] p2a: Tapu Lele\n|turn|63\n|\n|t:|1649284253\n|move|p2a: Tapu Lele|Psyshock|p1a: Gastrodon\n|-damage|p1a: Gastrodon|34\/100\n|move|p1a: Gastrodon|Recover|p1a: Gastrodon\n|-heal|p1a: Gastrodon|84\/100\n|\n|-damage|p1a: Gastrodon|71\/100|[from] Leech Seed|[of] p2a: Tapu Lele\n|-heal|p2a: Tapu Lele|70\/100|[silent]\n|upkeep\n|turn|64\n|\n|t:|1649284256\n|move|p2a: Tapu Lele|Psyshock|p1a: Gastrodon\n|-damage|p1a: Gastrodon|13\/100\n|move|p1a: Gastrodon|Recover|p1a: Gastrodon\n|-heal|p1a: Gastrodon|63\/100\n|\n|-damage|p1a: Gastrodon|50\/100|[from] Leech Seed|[of] p2a: Tapu Lele\n|-heal|p2a: Tapu Lele|88\/100|[silent]\n|upkeep\n|turn|65\n|-message|SKIP THE DRIP forfeited.\n|\n|win|SSBM Clefairy\n|raw|SKIP THE DRIP's rating: 1748 &rarr; <strong>1735<\/strong><br \/>(-13 for losing)\n|raw|SSBM Clefairy's rating: 1870 &rarr; <strong>1883<\/strong><br \/>(+13 for winning)\n|l|\u2606SKIP THE DRIP\n|j| wintrmint2\n||Ladder isn't responding, score probably updated but might not have (Request timeout).\n","uploadtime":1649284320,"views":160,"p1id":"skipthedrip","p2id":"ssbmclefairy","formatid":"gen8ou","rating":1735,"private":0,"password":null}