{"id":"gen8uu-1569225910","p1":"CoconutCrabs","p2":"Peggegg","format":"gen8uu","log":"|j|\u2606CoconutCrabs\n|j|\u2606Peggegg\n|t:|1651867098\n|gametype|singles\n|player|p1|CoconutCrabs|chuck|1343\n|player|p2|Peggegg|bertha|1256\n|teamsize|p1|6\n|teamsize|p2|6\n|gen|8\n|tier|[Gen 8] UU\n|rated|\n|rule|Sleep Clause Mod: Limit one foe put to sleep\n|rule|Species Clause: Limit one of each Pok\u00e9mon\n|rule|OHKO Clause: OHKO moves are banned\n|rule|Evasion Moves Clause: Evasion moves are banned\n|rule|Endless Battle Clause: Forcing endless battles is banned\n|rule|HP Percentage Mod: HP is shown in percentages\n|rule|Dynamax Clause: You cannot dynamax\n|clearpoke\n|poke|p1|Excadrill, F|\n|poke|p1|Aegislash, F|\n|poke|p1|Cloyster, M|\n|poke|p1|Celesteela|\n|poke|p1|Azelf|\n|poke|p1|Hydreigon, F|\n|poke|p2|Mamoswine, M|\n|poke|p2|Tapu Bulu|\n|poke|p2|Scizor, M|\n|poke|p2|Darmanitan, M|\n|poke|p2|Salamence, M|\n|poke|p2|Nihilego|\n|teampreview\n|\n|t:|1651867124\n|start\n|switch|p1a: Excadrill|Excadrill, F|100\/100\n|switch|p2a: Nihilego|Nihilego|100\/100\n|-ability|p1a: Excadrill|Mold Breaker\n|turn|1\n|\n|t:|1651867136\n|switch|p2a: Salamence|Salamence, M|100\/100\n|-ability|p2a: Salamence|Intimidate|boost\n|-unboost|p1a: Excadrill|atk|1\n|move|p1a: Excadrill|Stealth Rock|p2a: Salamence\n|-sidestart|p2: Peggegg|move: Stealth Rock\n|\n|upkeep\n|turn|2\n|inactive|Battle timer is ON: inactive players will automatically lose when time's up. (requested by CoconutCrabs)\n|\n|t:|1651867156\n|switch|p1a: Hydreigon|Hydreigon, F|100\/100\n|move|p2a: Salamence|Defog|p1a: Hydreigon\n|-unboost|p1a: Hydreigon|evasion|1\n|-sideend|p2: Peggegg|Stealth Rock|[from] move: Defog|[of] p2a: Salamence\n|\n|upkeep\n|turn|3\n|\n|t:|1651867172\n|move|p2a: Salamence|Draco Meteor|p1a: Hydreigon\n|-supereffective|p1a: Hydreigon\n|-damage|p1a: Hydreigon|0 fnt\n|-unboost|p2a: Salamence|spa|2\n|faint|p1a: Hydreigon\n|\n|upkeep\n|\n|t:|1651867178\n|switch|p1a: Cloyster|Cloyster, M|100\/100\n|turn|4\n|inactive|Peggegg has 120 seconds left.\n|\n|t:|1651867221\n|move|p2a: Salamence|Flamethrower|p1a: Cloyster\n|-damage|p1a: Cloyster|56\/100\n|move|p1a: Cloyster|Shell Smash|p1a: Cloyster\n|-unboost|p1a: Cloyster|def|1\n|-unboost|p1a: Cloyster|spd|1\n|-boost|p1a: Cloyster|atk|2\n|-boost|p1a: Cloyster|spa|2\n|-boost|p1a: Cloyster|spe|2\n|\n|upkeep\n|turn|5\n|\n|t:|1651867247\n|switch|p2a: Scizor|Scizor, M|100\/100\n|move|p1a: Cloyster|Rock Blast|p2a: Scizor\n|-damage|p2a: Scizor|86\/100\n|-damage|p2a: Scizor|71\/100\n|-damage|p2a: Scizor|57\/100\n|-damage|p2a: Scizor|42\/100\n|-damage|p2a: Scizor|28\/100\n|-hitcount|p2a: Scizor|5\n|-damage|p1a: Cloyster|46\/100|[from] item: Life Orb\n|\n|-heal|p2a: Scizor|34\/100|[from] item: Leftovers\n|upkeep\n|turn|6\n|inactive|CoconutCrabs has 120 seconds left.\n|inactive|Peggegg has 90 seconds left.\n|\n|t:|1651867288\n|move|p2a: Scizor|Bullet Punch|p1a: Cloyster\n|-damage|p1a: Cloyster|11\/100\n|move|p1a: Cloyster|Rock Blast|p2a: Scizor|[miss]\n|-miss|p1a: Cloyster|p2a: Scizor\n|\n|-heal|p2a: Scizor|40\/100|[from] item: Leftovers\n|upkeep\n|turn|7\n|\n|t:|1651867295\n|switch|p1a: Celesteela|Celesteela|100\/100\n|move|p2a: Scizor|Bullet Punch|p1a: Celesteela\n|-resisted|p1a: Celesteela\n|-damage|p1a: Celesteela|87\/100\n|\n|-heal|p2a: Scizor|46\/100|[from] item: Leftovers\n|upkeep\n|turn|8\n|\n|t:|1651867297\n|move|p1a: Celesteela|Air Slash|p2a: Scizor\n|-damage|p2a: Scizor|4\/100\n|move|p2a: Scizor|U-turn|p1a: Celesteela\n|-resisted|p1a: Celesteela\n|-damage|p1a: Celesteela|80\/100\n|\n|t:|1651867310\n|switch|p2a: Darmanitan|Darmanitan, M|100\/100|[from]move: U-turn\n|\n|upkeep\n|turn|9\n|\n|t:|1651867325\n|switch|p1a: Cloyster|Cloyster, M|11\/100\n|move|p2a: Darmanitan|U-turn|p1a: Cloyster\n|-damage|p1a: Cloyster|0 fnt\n|faint|p1a: Cloyster\n|inactive|Peggegg has 90 seconds left.\n|\n|t:|1651867366\n|switch|p2a: Mamoswine|Mamoswine, M|100\/100|[from]move: U-turn\n|\n|upkeep\n|inactive|CoconutCrabs has 120 seconds left.\n|\n|t:|1651867393\n|switch|p1a: Celesteela|Celesteela|80\/100\n|turn|10\n|\n|t:|1651867396\n|move|p2a: Mamoswine|Protect|p2a: Mamoswine\n|-singleturn|p2a: Mamoswine|Protect\n|move|p1a: Celesteela|Meteor Beam||[still]\n|-prepare|p1a: Celesteela|Meteor Beam\n|-boost|p1a: Celesteela|spa|1\n|-enditem|p1a: Celesteela|Power Herb\n|-anim|p1a: Celesteela|Meteor Beam|p2a: Mamoswine\n|-activate|p2a: Mamoswine|move: Protect\n|\n|upkeep\n|turn|11\n|inactive|Peggegg has 90 seconds left.\n|\n|t:|1651867413\n|switch|p2a: Darmanitan|Darmanitan, M|100\/100\n|move|p1a: Celesteela|Fire Blast|p2a: Darmanitan\n|-resisted|p2a: Darmanitan\n|-damage|p2a: Darmanitan|57\/100\n|\n|upkeep\n|turn|12\n|\n|t:|1651867418\n|move|p2a: Darmanitan|Flare Blitz|p1a: Celesteela\n|-supereffective|p1a: Celesteela\n|-damage|p1a: Celesteela|0 fnt\n|faint|p1a: Celesteela\n|-damage|p2a: Darmanitan|33\/100|[from] Recoil\n|\n|upkeep\n|-message|CoconutCrabs forfeited.\n|\n|win|Peggegg\n|raw|CoconutCrabs's rating: 1341 &rarr; <strong>1316<\/strong><br \/>(-25 for losing)\n|raw|Peggegg's rating: 1256 &rarr; <strong>1287<\/strong><br \/>(+31 for winning)\n|l|\u2606CoconutCrabs\n","uploadtime":1651867431,"views":15,"p1id":"coconutcrabs","p2id":"peggegg","formatid":"gen8uu","rating":1287,"private":0,"password":null}