{"id":"gen8ou-1666335704","p1":"minimax_ai","p2":"RggV_YT","format":"gen8ou","log":"|j|\u2606minimax_ai\n|j|\u2606RggV_YT\n|t:|1663392436\n|gametype|singles\n|player|p1|minimax_ai|lusamine-nihilego|1554\n|player|p2|RggV_YT|scientist-gen4|1684\n|teamsize|p1|6\n|teamsize|p2|6\n|gen|8\n|tier|[Gen 8] OU\n|rated|\n|rule|Sleep Clause Mod: Limit one foe put to sleep\n|rule|Species Clause: Limit one of each Pok\u00e9mon\n|rule|OHKO Clause: OHKO moves are banned\n|rule|Evasion Items Clause: Evasion items are banned\n|rule|Evasion Moves Clause: Evasion moves are banned\n|rule|Endless Battle Clause: Forcing endless battles is banned\n|rule|HP Percentage Mod: HP is shown in percentages\n|rule|Dynamax Clause: You cannot dynamax\n|clearpoke\n|poke|p1|Rotom-Wash|\n|poke|p1|Weavile, F|\n|poke|p1|Landorus-Therian, M|\n|poke|p1|Heatran, M|\n|poke|p1|Tangrowth, F|\n|poke|p1|Melmetal|\n|poke|p2|Politoed, M|\n|poke|p2|Heliolisk, M|\n|poke|p2|Kingdra, M|\n|poke|p2|Mudsdale, M|\n|poke|p2|Scizor, M|\n|poke|p2|Victini|\n|teampreview\n|inactive|Battle timer is ON: inactive players will automatically lose when time's up. (requested by RggV_YT)\n|c|\u2606minimax_ai|hf\n|inactive|minimax_ai also wants the timer to be on.\n|\n|t:|1663392452\n|start\n|switch|p1a: Melmetal|Melmetal|100\/100\n|switch|p2a: Victini|Victini|100\/100\n|turn|1\n|\n|t:|1663392455\n|switch|p1a: rotomwash|Rotom-Wash|100\/100\n|move|p2a: Victini|U-turn|p1a: rotomwash\n|-crit|p1a: rotomwash\n|-damage|p1a: rotomwash|50\/100\n|\n|t:|1663392458\n|switch|p2a: Heliolisk|Heliolisk, M|100\/100|[from]move: U-turn\n|\n|-heal|p1a: rotomwash|57\/100|[from] item: Leftovers\n|upkeep\n|turn|2\n|\n|t:|1663392461\n|switch|p1a: Melmetal|Melmetal|100\/100\n|move|p2a: Heliolisk|Volt Switch|p1a: Melmetal\n|-damage|p1a: Melmetal|77\/100\n|-damage|p2a: Heliolisk|91\/100|[from] item: Life Orb\n|\n|t:|1663392463\n|switch|p2a: Victini|Victini|100\/100|[from]move: Volt Switch\n|\n|upkeep\n|turn|3\n|\n|t:|1663392465\n|switch|p1a: Heatran|Heatran, M|100\/100\n|-item|p1a: Heatran|Air Balloon\n|move|p2a: Victini|V-create|p1a: Heatran\n|-start|p1a: Heatran|ability: Flash Fire\n|\n|upkeep\n|turn|4\n|\n|t:|1663392467\n|switch|p2a: Politoed|Politoed, M|100\/100\n|-weather|RainDance|[from] ability: Drizzle|[of] p2a: Politoed\n|move|p1a: Heatran|Stealth Rock|p2a: Politoed\n|-sidestart|p2: RggV_YT|move: Stealth Rock\n|\n|-weather|RainDance|[upkeep]\n|upkeep\n|turn|5\n|\n|t:|1663392469\n|-end|p1a: Heatran|ability: Flash Fire|[silent]\n|switch|p1a: rotomwash|Rotom-Wash|57\/100\n|switch|p2a: Kingdra|Kingdra, M|100\/100\n|-damage|p2a: Kingdra|88\/100|[from] Stealth Rock\n|\n|-weather|RainDance|[upkeep]\n|-heal|p1a: rotomwash|63\/100|[from] item: Leftovers\n|upkeep\n|turn|6\n|\n|t:|1663392473\n|move|p2a: Kingdra|Draco Meteor|p1a: rotomwash\n|-damage|p1a: rotomwash|0 fnt\n|-unboost|p2a: Kingdra|spa|2\n|faint|p1a: rotomwash\n|\n|-weather|RainDance|[upkeep]\n|upkeep\n|\n|t:|1663392474\n|switch|p1a: Weavile|Weavile, F|100\/100\n|-ability|p1a: Weavile|Pressure\n|turn|7\n|\n|t:|1663392476\n|switch|p2a: Mudsdale|Mudsdale, M, shiny|100\/100\n|-damage|p2a: Mudsdale|94\/100|[from] Stealth Rock\n|move|p1a: Weavile|Knock Off|p2a: Mudsdale\n|-crit|p2a: Mudsdale\n|-damage|p2a: Mudsdale|32\/100\n|-ability|p2a: Mudsdale|Stamina|boost\n|-boost|p2a: Mudsdale|def|1\n|-enditem|p2a: Mudsdale|Leftovers|[from] move: Knock Off|[of] p1a: Weavile\n|\n|-weather|RainDance|[upkeep]\n|upkeep\n|turn|8\n|\n|t:|1663392482\n|switch|p1a: Melmetal|Melmetal|77\/100\n|move|p2a: Mudsdale|Stealth Rock|p1a: Melmetal\n|-sidestart|p1: minimax_ai|move: Stealth Rock\n|\n|-weather|RainDance|[upkeep]\n|upkeep\n|turn|9\n|\n|t:|1663392484\n|move|p1a: Melmetal|Double Iron Bash|p2a: Mudsdale\n|-damage|p2a: Mudsdale|15\/100\n|-ability|p2a: Mudsdale|Stamina|boost\n|-boost|p2a: Mudsdale|def|1\n|-damage|p2a: Mudsdale|3\/100\n|-ability|p2a: Mudsdale|Stamina|boost\n|-boost|p2a: Mudsdale|def|1\n|-hitcount|p2a: Mudsdale|2\n|move|p2a: Mudsdale|Body Press|p1a: Melmetal\n|-supereffective|p1a: Melmetal\n|-damage|p1a: Melmetal|3\/100\n|\n|-weather|RainDance|[upkeep]\n|upkeep\n|turn|10\n|j| GaryStan\n|\n|t:|1663392487\n|move|p1a: Melmetal|Double Iron Bash|p2a: Mudsdale\n|-damage|p2a: Mudsdale|0 fnt\n|faint|p2a: Mudsdale\n|-hitcount|p2: Mudsdale|1\n|\n|-weather|RainDance|[upkeep]\n|upkeep\n|\n|t:|1663392495\n|switch|p2a: Kingdra|Kingdra, M|88\/100\n|-damage|p2a: Kingdra|76\/100|[from] Stealth Rock\n|turn|11\n|\n|t:|1663392497\n|move|p2a: Kingdra|Surf|p1a: Melmetal\n|-damage|p1a: Melmetal|0 fnt\n|faint|p1a: Melmetal\n|\n|-weather|none\n|upkeep\n|\n|t:|1663392497\n|switch|p1a: Weavile|Weavile, F|100\/100\n|-damage|p1a: Weavile|76\/100|[from] Stealth Rock\n|-ability|p1a: Weavile|Pressure\n|turn|12\n|\n|t:|1663392499\n|switch|p2a: Scizor|Scizor, M|100\/100\n|-damage|p2a: Scizor|88\/100|[from] Stealth Rock\n|move|p1a: Weavile|Knock Off|p2a: Scizor\n|-damage|p2a: Scizor|16\/100\n|-enditem|p2a: Scizor|Leftovers|[from] move: Knock Off|[of] p1a: Weavile\n|\n|upkeep\n|turn|13\n|\n|t:|1663392500\n|switch|p1a: Tangrowth|Tangrowth, F|100\/100\n|-damage|p1a: Tangrowth|88\/100|[from] Stealth Rock\n|move|p2a: Scizor|Bullet Punch|p1a: Tangrowth\n|-damage|p1a: Tangrowth|69\/100\n|-damage|p2a: Scizor|0 fnt|[from] item: Rocky Helmet|[of] p1a: Tangrowth\n|faint|p2a: Scizor\n|\n|upkeep\n|\n|t:|1663392505\n|switch|p2a: Victini|Victini|100\/100\n|-damage|p2a: Victini|76\/100|[from] Stealth Rock\n|turn|14\n|\n|t:|1663392506\n|move|p2a: Victini|U-turn|p1a: Tangrowth\n|-supereffective|p1a: Tangrowth\n|-damage|p1a: Tangrowth|37\/100\n|-damage|p2a: Victini|59\/100|[from] item: Rocky Helmet|[of] p1a: Tangrowth\n|\n|t:|1663392508\n|switch|p2a: Politoed|Politoed, M|100\/100|[from]move: U-turn\n|-damage|p2a: Politoed|88\/100|[from] Stealth Rock\n|-weather|RainDance|[from] ability: Drizzle|[of] p2a: Politoed\n|move|p1a: Tangrowth|Knock Off|p2a: Politoed\n|-damage|p2a: Politoed|72\/100\n|-enditem|p2a: Politoed|Damp Rock|[from] move: Knock Off|[of] p1a: Tangrowth\n|\n|-weather|RainDance|[upkeep]\n|upkeep\n|turn|15\n|\n|t:|1663392514\n|switch|p1a: landorustherian|Landorus-Therian, M|100\/100\n|-damage|p1a: landorustherian|88\/100|[from] Stealth Rock\n|-ability|p1a: landorustherian|Intimidate|boost\n|-unboost|p2a: Politoed|atk|1\n|move|p2a: Politoed|Encore||[still]\n|-fail|p2a: Politoed\n|\n|-weather|RainDance|[upkeep]\n|-heal|p1a: landorustherian|94\/100|[from] item: Leftovers\n|upkeep\n|turn|16\n|\n|t:|1663392516\n|move|p1a: landorustherian|Earthquake|p2a: Politoed\n|-damage|p2a: Politoed|38\/100\n|move|p2a: Politoed|Scald|p1a: landorustherian\n|-supereffective|p1a: landorustherian\n|-damage|p1a: landorustherian|41\/100\n|\n|-weather|RainDance|[upkeep]\n|-heal|p1a: landorustherian|47\/100|[from] item: Leftovers\n|upkeep\n|turn|17\n|\n|t:|1663392520\n|switch|p2a: Victini|Victini|59\/100\n|-damage|p2a: Victini|34\/100|[from] Stealth Rock\n|move|p1a: landorustherian|Earthquake|p2a: Victini\n|-supereffective|p2a: Victini\n|-damage|p2a: Victini|0 fnt\n|faint|p2a: Victini\n|\n|-weather|RainDance|[upkeep]\n|-heal|p1a: landorustherian|53\/100|[from] item: Leftovers\n|upkeep\n|\n|t:|1663392521\n|switch|p2a: Kingdra|Kingdra, M|76\/100\n|-damage|p2a: Kingdra|63\/100|[from] Stealth Rock\n|turn|18\n|\n|t:|1663392522\n|move|p2a: Kingdra|Surf|p1a: landorustherian\n|-supereffective|p1a: landorustherian\n|-damage|p1a: landorustherian|0 fnt\n|faint|p1a: landorustherian\n|\n|-weather|RainDance|[upkeep]\n|upkeep\n|\n|t:|1663392522\n|switch|p1a: Weavile|Weavile, F|76\/100\n|-damage|p1a: Weavile|51\/100|[from] Stealth Rock\n|-ability|p1a: Weavile|Pressure\n|turn|19\n|\n|t:|1663392525\n|move|p1a: Weavile|Ice Shard|p2a: Kingdra\n|-damage|p2a: Kingdra|27\/100\n|move|p2a: Kingdra|Surf|p1a: Weavile\n|-damage|p1a: Weavile|0 fnt\n|faint|p1a: Weavile\n|\n|-weather|RainDance|[upkeep]\n|upkeep\n|\n|t:|1663392525\n|switch|p1a: Tangrowth|Tangrowth, F|70\/100\n|-damage|p1a: Tangrowth|58\/100|[from] Stealth Rock\n|turn|20\n|\n|t:|1663392527\n|move|p2a: Kingdra|Surf|p1a: Tangrowth\n|-resisted|p1a: Tangrowth\n|-damage|p1a: Tangrowth|0 fnt\n|faint|p1a: Tangrowth\n|\n|-weather|RainDance|[upkeep]\n|upkeep\n|\n|t:|1663392527\n|switch|p1a: Heatran|Heatran, M|100\/100\n|-damage|p1a: Heatran|88\/100|[from] Stealth Rock\n|-item|p1a: Heatran|Air Balloon\n|turn|21\n|\n|t:|1663392529\n|move|p2a: Kingdra|Surf|p1a: Heatran\n|-supereffective|p1a: Heatran\n|-damage|p1a: Heatran|0 fnt\n|-enditem|p1a: Heatran|Air Balloon\n|faint|p1a: Heatran\n|\n|win|RggV_YT\n|raw|minimax_ai's rating: 1554 &rarr; <strong>1541<\/strong><br \/>(-13 for losing)\n|raw|RggV_YT's rating: 1684 &rarr; <strong>1697<\/strong><br \/>(+13 for winning)\n|c|\u2606minimax_ai|gg\n","uploadtime":1663392531,"views":45,"p1id":"minimaxai","p2id":"rggvyt","formatid":"gen8ou","rating":1541,"private":0,"password":null}