{"id":"gen8ou-1606143411","p1":"j_albacino023","p2":"Kakarotto Prime","format":"gen8ou","log":"|j|\u2606j_albacino023\n|j|\u2606Kakarotto Prime\n|t:|1656440022\n|gametype|singles\n|player|p1|j_albacino023|265|1777\n|player|p2|Kakarotto Prime|2|1805\n|teamsize|p1|6\n|teamsize|p2|6\n|gen|8\n|tier|[Gen 8] OU\n|rated|\n|rule|Sleep Clause Mod: Limit one foe put to sleep\n|rule|Species Clause: Limit one of each Pok\u00e9mon\n|rule|OHKO Clause: OHKO moves are banned\n|rule|Evasion Moves Clause: Evasion moves are banned\n|rule|Endless Battle Clause: Forcing endless battles is banned\n|rule|HP Percentage Mod: HP is shown in percentages\n|rule|Dynamax Clause: You cannot dynamax\n|clearpoke\n|poke|p1|Ferrothorn, M|\n|poke|p1|Rotom-Wash|\n|poke|p1|Tyranitar, M|\n|poke|p1|Excadrill, F|\n|poke|p1|Clefable, F|\n|poke|p1|Dragapult, F|\n|poke|p2|Rillaboom, M|\n|poke|p2|Latios, M|\n|poke|p2|Suicune|\n|poke|p2|Volcarona, M|\n|poke|p2|Zeraora|\n|poke|p2|Lycanroc-Dusk, F|\n|teampreview\n|\n|t:|1656440036\n|start\n|switch|p1a: Rotom|Rotom-Wash|100\/100\n|switch|p2a: Balto|Lycanroc-Dusk, F|100\/100\n|turn|1\n|\n|t:|1656440042\n|switch|p2a: Latios|Latios, M|100\/100\n|move|p1a: Rotom|Toxic|p2a: Latios\n|-status|p2a: Latios|tox\n|\n|-damage|p2a: Latios|95\/100 tox|[from] psn\n|upkeep\n|turn|2\n|\n|t:|1656440046\n|move|p2a: Latios|Agility|p2a: Latios\n|-boost|p2a: Latios|spe|2\n|move|p1a: Rotom|Volt Switch|p2a: Latios\n|-resisted|p2a: Latios\n|-damage|p2a: Latios|81\/100 tox\n|\n|t:|1656440055\n|switch|p1a: Tyranitar|Tyranitar, M|100\/100|[from]move: Volt Switch\n|-weather|Sandstorm|[from] ability: Sand Stream|[of] p1a: Tyranitar\n|\n|-weather|Sandstorm|[upkeep]\n|-damage|p2a: Latios|75\/100 tox|[from] Sandstorm\n|-damage|p2a: Latios|63\/100 tox|[from] psn\n|upkeep\n|turn|3\n|\n|t:|1656440059\n|move|p2a: Latios|Aura Sphere|p1a: Tyranitar\n|-supereffective|p1a: Tyranitar\n|-crit|p1a: Tyranitar\n|-damage|p1a: Tyranitar|0 fnt\n|faint|p1a: Tyranitar\n|\n|-weather|Sandstorm|[upkeep]\n|-damage|p2a: Latios|57\/100 tox|[from] Sandstorm\n|-damage|p2a: Latios|39\/100 tox|[from] psn\n|upkeep\n|c|\u2606j_albacino023|ok\n|c|\u2606j_albacino023|thats nonsense\n|\n|t:|1656440073\n|switch|p1a: Excadrill|Excadrill, F|100\/100\n|turn|4\n|c|\u2606Kakarotto Prime|Don't matter\n|c|\u2606j_albacino023|im sorry what\n|\n|t:|1656440084\n|move|p2a: Latios|Aura Sphere|p1a: Excadrill\n|-supereffective|p1a: Excadrill\n|-damage|p1a: Excadrill|19\/100\n|move|p1a: Excadrill|Iron Head|p2a: Latios\n|-damage|p2a: Latios|0 fnt\n|faint|p2a: Latios\n|\n|-weather|Sandstorm|[upkeep]\n|-heal|p1a: Excadrill|25\/100|[from] item: Leftovers\n|upkeep\n|j| aquavanilla\n|c|\u2606Kakarotto Prime|I have at least five ways to take you down homie\n|\n|t:|1656440109\n|switch|p2a: Balto|Lycanroc-Dusk, F|100\/100\n|turn|5\n|\n|t:|1656440114\n|move|p2a: Balto|Sucker Punch|p1a: Excadrill\n|-damage|p1a: Excadrill|0 fnt\n|faint|p1a: Excadrill\n|-damage|p2a: Balto|91\/100|[from] item: Life Orb\n|\n|-weather|Sandstorm|[upkeep]\n|upkeep\n|\n|t:|1656440118\n|switch|p1a: Rotom|Rotom-Wash|100\/100\n|turn|6\n|c|\u2606Kakarotto Prime|That number two\n|\n|t:|1656440126\n|switch|p2a: Thundercat|Zeraora|100\/100\n|move|p1a: Rotom|Hydro Pump|p2a: Thundercat\n|-damage|p2a: Thundercat|47\/100\n|\n|-weather|none\n|upkeep\n|turn|7\n|\n|t:|1656440132\n|switch|p1a: Ferrothorn|Ferrothorn, M|100\/100\n|move|p2a: Thundercat|Plasma Fists|p1a: Ferrothorn\n|-resisted|p1a: Ferrothorn\n|-damage|p1a: Ferrothorn|82\/100\n|-fieldactivate|move: Ion Deluge\n|-hint|Normal-type moves become Electric-type after using Plasma Fists.\n|-damage|p2a: Thundercat|35\/100|[from] ability: Iron Barbs|[of] p1a: Ferrothorn\n|\n|-heal|p1a: Ferrothorn|88\/100|[from] item: Leftovers\n|upkeep\n|turn|8\n|\n|t:|1656440137\n|switch|p2a: Mothra|Volcarona, M|100\/100\n|move|p1a: Ferrothorn|Leech Seed|p2a: Mothra\n|-start|p2a: Mothra|move: Leech Seed\n|\n|-heal|p1a: Ferrothorn|94\/100|[from] item: Leftovers\n|-damage|p2a: Mothra|88\/100|[from] Leech Seed|[of] p1a: Ferrothorn\n|-heal|p1a: Ferrothorn|100\/100|[silent]\n|upkeep\n|turn|9\n|\n|t:|1656440142\n|switch|p1a: Dragapult|Dragapult, F|100\/100\n|move|p2a: Mothra|Quiver Dance|p2a: Mothra\n|-boost|p2a: Mothra|spa|1\n|-boost|p2a: Mothra|spd|1\n|-boost|p2a: Mothra|spe|1\n|\n|-damage|p2a: Mothra|76\/100|[from] Leech Seed|[of] p1a: Dragapult\n|upkeep\n|turn|10\n|\n|t:|1656440146\n|move|p2a: Mothra|Psychic|p1a: Dragapult\n|-crit|p1a: Dragapult\n|-damage|p1a: Dragapult|7\/100\n|move|p1a: Dragapult|Shadow Ball|p2a: Mothra\n|-damage|p2a: Mothra|37\/100\n|\n|-damage|p2a: Mothra|24\/100|[from] Leech Seed|[of] p1a: Dragapult\n|-heal|p1a: Dragapult|19\/100|[silent]\n|upkeep\n|turn|11\n|\n|t:|1656440153\n|switch|p1a: Rotom|Rotom-Wash|100\/100\n|move|p2a: Mothra|Psychic|p1a: Rotom\n|-damage|p1a: Rotom|47\/100\n|\n|-heal|p1a: Rotom|53\/100|[from] item: Leftovers\n|-damage|p2a: Mothra|12\/100|[from] Leech Seed|[of] p1a: Rotom\n|-heal|p1a: Rotom|65\/100|[silent]\n|upkeep\n|turn|12\n|\n|t:|1656440160\n|switch|p1a: Ferrothorn|Ferrothorn, M|100\/100\n|move|p2a: Mothra|Bug Buzz|p1a: Ferrothorn\n|-damage|p1a: Ferrothorn|34\/100\n|\n|-heal|p1a: Ferrothorn|40\/100|[from] item: Leftovers\n|-damage|p2a: Mothra|0 fnt|[from] Leech Seed|[of] p1a: Ferrothorn\n|-heal|p1a: Ferrothorn|51\/100|[silent]\n|faint|p2a: Mothra\n|upkeep\n|\n|t:|1656440164\n|switch|p2a: Thundercat|Zeraora|35\/100\n|turn|13\n|l| aquavanilla\n|\n|t:|1656440167\n|switch|p1a: Clefable|Clefable, F|100\/100\n|move|p2a: Thundercat|Fire Punch|p1a: Clefable\n|-damage|p1a: Clefable|74\/100\n|-status|p1a: Clefable|brn\n|-damage|p2a: Thundercat|18\/100|[from] item: Rocky Helmet|[of] p1a: Clefable\n|\n|upkeep\n|turn|14\n|\n|t:|1656440182\n|switch|p2a: Panthro|Suicune|100\/100\n|-ability|p2a: Panthro|Pressure\n|move|p1a: Clefable|Soft-Boiled|p1a: Clefable\n|-heal|p1a: Clefable|100\/100 brn\n|\n|upkeep\n|turn|15\n|\n|t:|1656440187\n|switch|p1a: Rotom|Rotom-Wash|65\/100\n|move|p2a: Panthro|Substitute|p2a: Panthro\n|-start|p2a: Panthro|Substitute\n|-damage|p2a: Panthro|75\/100\n|\n|-heal|p1a: Rotom|72\/100|[from] item: Leftovers\n|-heal|p2a: Panthro|82\/100|[from] item: Leftovers\n|upkeep\n|turn|16\n|\n|t:|1656440189\n|move|p1a: Rotom|Volt Switch|p2a: Panthro\n|-supereffective|p2a: Panthro\n|-end|p2a: Panthro|Substitute\n|\n|t:|1656440191\n|switch|p1a: Dragapult|Dragapult, F|19\/100|[from]move: Volt Switch\n|move|p2a: Panthro|Calm Mind|p2a: Panthro\n|-boost|p2a: Panthro|spa|1\n|-boost|p2a: Panthro|spd|1\n|\n|-heal|p2a: Panthro|88\/100|[from] item: Leftovers\n|upkeep\n|turn|17\n|\n|t:|1656440195\n|switch|p1a: Rotom|Rotom-Wash|72\/100\n|move|p2a: Panthro|Ice Beam|p1a: Rotom\n|-resisted|p1a: Rotom\n|-damage|p1a: Rotom|49\/100\n|\n|-heal|p1a: Rotom|55\/100|[from] item: Leftovers\n|-heal|p2a: Panthro|94\/100|[from] item: Leftovers\n|upkeep\n|turn|18\n|j| Others will see\n|\n|t:|1656440199\n|switch|p2a: Thundercat|Zeraora|18\/100\n|move|p1a: Rotom|Toxic|p2a: Thundercat\n|-status|p2a: Thundercat|tox\n|\n|-heal|p1a: Rotom|62\/100|[from] item: Leftovers\n|-damage|p2a: Thundercat|12\/100 tox|[from] psn\n|upkeep\n|turn|19\n|\n|t:|1656440203\n|switch|p1a: Clefable|Clefable, F|100\/100 brn\n|move|p2a: Thundercat|Close Combat|p1a: Clefable\n|-resisted|p1a: Clefable\n|-damage|p1a: Clefable|79\/100 brn\n|-unboost|p2a: Thundercat|def|1\n|-unboost|p2a: Thundercat|spd|1\n|-damage|p2a: Thundercat|0 fnt|[from] item: Rocky Helmet|[of] p1a: Clefable\n|faint|p2a: Thundercat\n|\n|upkeep\n|\n|t:|1656440208\n|switch|p2a: Balto|Lycanroc-Dusk, F|91\/100\n|turn|20\n|\n|t:|1656440213\n|move|p2a: Balto|Swords Dance|p2a: Balto\n|-boost|p2a: Balto|atk|2\n|move|p1a: Clefable|Moonblast|p2a: Balto\n|-damage|p2a: Balto|36\/100\n|\n|upkeep\n|turn|21\n|\n|t:|1656440219\n|move|p2a: Balto|Psychic Fangs|p1a: Clefable\n|-damage|p1a: Clefable|13\/100 brn\n|-damage|p2a: Balto|19\/100|[from] item: Rocky Helmet|[of] p1a: Clefable\n|-damage|p2a: Balto|9\/100|[from] item: Life Orb\n|move|p1a: Clefable|Moonblast|p2a: Balto\n|-damage|p2a: Balto|0 fnt\n|faint|p2a: Balto\n|\n|upkeep\n|\n|t:|1656440222\n|switch|p2a: Kong|Rillaboom, M|100\/100\n|-fieldstart|move: Grassy Terrain|[from] ability: Grassy Surge|[of] p2a: Kong\n|-enditem|p2a: Kong|Grassy Seed\n|-boost|p2a: Kong|def|1|[from] item: Grassy Seed\n|turn|22\n|\n|t:|1656440229\n|move|p2a: Kong|Swords Dance|p2a: Kong\n|-boost|p2a: Kong|atk|2\n|move|p1a: Clefable|Moonblast|p2a: Kong\n|-damage|p2a: Kong|59\/100\n|\n|-heal|p2a: Kong|65\/100|[from] Grassy Terrain\n|-heal|p1a: Clefable|20\/100 brn|[from] Grassy Terrain\n|upkeep\n|turn|23\n|\n|t:|1656440236\n|switch|p1a: Ferrothorn|Ferrothorn, M|51\/100\n|move|p2a: Kong|Swords Dance|p2a: Kong\n|-boost|p2a: Kong|atk|2\n|\n|-heal|p2a: Kong|71\/100|[from] Grassy Terrain\n|-heal|p1a: Ferrothorn|57\/100|[from] Grassy Terrain\n|-heal|p1a: Ferrothorn|63\/100|[from] item: Leftovers\n|upkeep\n|turn|24\n|\n|t:|1656440241\n|switch|p1a: Clefable|Clefable, F|20\/100 brn\n|move|p2a: Kong|Drain Punch|p1a: Clefable\n|-resisted|p1a: Clefable\n|-damage|p1a: Clefable|0 fnt\n|-heal|p2a: Kong|83\/100|[from] drain|[of] p1a: Clefable\n|-damage|p2a: Kong|66\/100|[from] item: Rocky Helmet|[of] p1a: Clefable\n|faint|p1a: Clefable\n|\n|-heal|p2a: Kong|72\/100|[from] Grassy Terrain\n|upkeep\n|\n|t:|1656440247\n|switch|p1a: Ferrothorn|Ferrothorn, M|63\/100\n|turn|25\n|\n|t:|1656440252\n|switch|p1a: Dragapult|Dragapult, F|19\/100\n|move|p2a: Kong|Acrobatics|p1a: Dragapult\n|-damage|p1a: Dragapult|0 fnt\n|faint|p1a: Dragapult\n|\n|-heal|p2a: Kong|79\/100|[from] Grassy Terrain\n|upkeep\n|\n|t:|1656440256\n|switch|p1a: Ferrothorn|Ferrothorn, M|63\/100\n|turn|26\n|c|\u2606Kakarotto Prime|Gg\n|\n|t:|1656440262\n|move|p2a: Kong|Drain Punch|p1a: Ferrothorn\n|-supereffective|p1a: Ferrothorn\n|-damage|p1a: Ferrothorn|0 fnt\n|-heal|p2a: Kong|100\/100|[from] drain|[of] p1a: Ferrothorn\n|-damage|p2a: Kong|88\/100|[from] ability: Iron Barbs|[of] p1a: Ferrothorn\n|faint|p1a: Ferrothorn\n|\n|-heal|p2a: Kong|94\/100|[from] Grassy Terrain\n|-fieldend|move: Grassy Terrain\n|upkeep\n|c|\u2606j_albacino023|dont be toxic\n|c|\u2606Kakarotto Prime|Meh\n|-message|j_albacino023 forfeited.\n|\n|win|Kakarotto Prime\n|raw|j_albacino023's rating: 1777 &rarr; <strong>1759<\/strong><br \/>(-18 for losing)\n|raw|Kakarotto Prime's rating: 1805 &rarr; <strong>1823<\/strong><br \/>(+18 for winning)\n|l|\u2606j_albacino023\n||Ladder isn't responding, score probably updated but might not have (Request timeout).\n|l|\u2606Kakarotto Prime\n","uploadtime":1656440281,"views":112,"p1id":"jalbacino023","p2id":"kakarottoprime","formatid":"gen8ou","rating":1759,"private":0,"password":null}