{"id":"gen8monotype-1295391846","p1":"Unlucky95","p2":"DiameteR\u272fXtreme","format":"gen8monotype","log":"|j|\u2606Unlucky95\n|j|\u2606DiameteR\u272fXtreme\n|t:|1614984245\n|player|p1|Unlucky95|1|1280\n|player|p2|DiameteR\u272fXtreme|jasmine-gen2|1345\n|teamsize|p1|6\n|teamsize|p2|6\n|gametype|singles\n|gen|8\n|tier|[Gen 8] Monotype\n|rated|\n|rule|Same Type Clause: Pok\u00e9mon in a team must share a type\n|clearpoke\n|poke|p1|Melmetal|\n|poke|p1|Celesteela|\n|poke|p1|Klefki, F|\n|poke|p1|Metagross|\n|poke|p1|Heatran, F|\n|poke|p1|Excadrill, M|\n|poke|p2|Volcanion|\n|poke|p2|Cinderace, M|\n|poke|p2|Marowak-Alola, M|\n|poke|p2|Incineroar, M|\n|poke|p2|Charizard, M|\n|poke|p2|Torkoal, M|\n|rule|Sleep Clause Mod: Limit one foe put to sleep\n|rule|Species Clause: Limit one of each Pok\u00e9mon\n|rule|OHKO Clause: OHKO moves are banned\n|rule|Evasion Moves Clause: Evasion moves are banned\n|rule|Endless Battle Clause: Forcing endless battles is banned\n|rule|HP Percentage Mod: HP is shown in percentages\n|rule|Dynamax Clause: You cannot dynamax\n|teampreview\n|inactive|Battle timer is ON: inactive players will automatically lose when time's up. (requested by Unlucky95)\n|inactive|Unlucky95 has 120 seconds left.\n|\n|t:|1614984287\n|start\n|switch|p1a: Celesteela|Celesteela|100\/100\n|switch|p2a: Marowak|Marowak-Alola, M|100\/100\n|turn|1\n|\n|t:|1614984292\n|move|p1a: Celesteela|Meteor Beam||[still]\n|-prepare|p1a: Celesteela|Meteor Beam\n|-boost|p1a: Celesteela|spa|1\n|-enditem|p1a: Celesteela|Power Herb\n|-anim|p1a: Celesteela|Meteor Beam|p2a: Marowak\n|-supereffective|p2a: Marowak\n|-damage|p2a: Marowak|0 fnt\n|faint|p2a: Marowak\n|-ability|p1a: Celesteela|Beast Boost|boost\n|-boost|p1a: Celesteela|spa|1\n|\n|upkeep\n|\n|t:|1614984297\n|switch|p2a: Cinderace|Cinderace, M|100\/100\n|turn|2\n|\n|t:|1614984303\n|move|p2a: Cinderace|Pyro Ball|p1a: Celesteela\n|-supereffective|p1a: Celesteela\n|-damage|p1a: Celesteela|0 fnt\n|faint|p1a: Celesteela\n|\n|upkeep\n|\n|t:|1614984316\n|switch|p1a: Metagross|Metagross|100\/100\n|turn|3\n|\n|t:|1614984319\n|move|p2a: Cinderace|Pyro Ball|p1a: Metagross\n|-supereffective|p1a: Metagross\n|-damage|p1a: Metagross|0 fnt\n|faint|p1a: Metagross\n|\n|upkeep\n|\n|t:|1614984323\n|switch|p1a: Melmetal|Melmetal|100\/100\n|turn|4\n|\n|t:|1614984329\n|move|p2a: Cinderace|Bulk Up|p2a: Cinderace\n|-start|p2a: Cinderace|typechange|Fighting|[from] ability: Libero\n|-boost|p2a: Cinderace|atk|1\n|-boost|p2a: Cinderace|def|1\n|move|p1a: Melmetal|Double Iron Bash|p2a: Cinderace\n|-damage|p2a: Cinderace|55\/100\n|-damage|p2a: Cinderace|11\/100\n|-hitcount|p2a: Cinderace|2\n|\n|upkeep\n|turn|5\n|\n|t:|1614984340\n|move|p2a: Cinderace|High Jump Kick|p1a: Melmetal|[miss]\n|-miss|p2a: Cinderace|p1a: Melmetal\n|-damage|p2a: Cinderace|0 fnt|[from] highjumpkick\n|faint|p2a: Cinderace\n|move|p1a: Melmetal|Double Iron Bash|p2: Cinderace|[notarget]\n|-fail|p1a: Melmetal\n|\n|upkeep\n|\n|t:|1614984348\n|switch|p2a: Volcanion|Volcanion|100\/100\n|turn|6\n|\n|t:|1614984351\n|move|p2a: Volcanion|Flamethrower|p1a: Melmetal\n|-supereffective|p1a: Melmetal\n|-damage|p1a: Melmetal|27\/100\n|move|p1a: Melmetal|Earthquake|p2a: Volcanion\n|-supereffective|p2a: Volcanion\n|-damage|p2a: Volcanion|19\/100\n|\n|upkeep\n|turn|7\n|\n|t:|1614984358\n|move|p2a: Volcanion|Earth Power|p1a: Melmetal\n|-supereffective|p1a: Melmetal\n|-damage|p1a: Melmetal|0 fnt\n|faint|p1a: Melmetal\n|\n|upkeep\n|\n|t:|1614984366\n|switch|p1a: Excadrill|Excadrill, M|100\/100\n|-ability|p1a: Excadrill|Mold Breaker\n|turn|8\n|\n|t:|1614984371\n|move|p1a: Excadrill|Rock Slide|p2a: Volcanion\n|-supereffective|p2a: Volcanion\n|-damage|p2a: Volcanion|0 fnt\n|faint|p2a: Volcanion\n|\n|upkeep\n|\n|t:|1614984372\n|switch|p2a: Torkoal|Torkoal, M|100\/100\n|-weather|SunnyDay|[from] ability: Drought|[of] p2a: Torkoal\n|turn|9\n|\n|t:|1614984379\n|switch|p1a: Heatran|Heatran, F|100\/100\n|move|p2a: Torkoal|Lava Plume|p1a: Heatran\n|-start|p1a: Heatran|ability: Flash Fire\n|\n|-weather|SunnyDay|[upkeep]\n|upkeep\n|turn|10\n|\n|t:|1614984387\n|switch|p2a: Incineroar|Incineroar, M, shiny|100\/100\n|-ability|p2a: Incineroar|Intimidate|boost\n|-unboost|p1a: Heatran|atk|1\n|move|p1a: Heatran|Eruption|p2a: Incineroar\n|-resisted|p2a: Incineroar\n|-damage|p2a: Incineroar|59\/100\n|\n|-weather|SunnyDay|[upkeep]\n|upkeep\n|turn|11\n|\n|t:|1614984397\n|-end|p1a: Heatran|ability: Flash Fire|[silent]\n|switch|p1a: Klefki|Klefki, F, shiny|100\/100\n|move|p2a: Incineroar|U-turn|p1a: Klefki\n|-resisted|p1a: Klefki\n|-damage|p1a: Klefki|95\/100\n|\n|t:|1614984399\n|switch|p2a: Charizard|Charizard, M, shiny|100\/100|[from]move: U-turn\n|\n|-weather|SunnyDay|[upkeep]\n|-damage|p2a: Charizard|88\/100|[from] ability: Solar Power|[of] p2a: Charizard\n|upkeep\n|turn|12\n|\n|t:|1614984408\n|move|p1a: Klefki|Calm Mind|p1a: Klefki\n|-boost|p1a: Klefki|spa|1\n|-boost|p1a: Klefki|spd|1\n|move|p2a: Charizard|Flamethrower|p1a: Klefki\n|-supereffective|p1a: Klefki\n|-damage|p1a: Klefki|0 fnt\n|faint|p1a: Klefki\n|\n|-weather|SunnyDay|[upkeep]\n|-damage|p2a: Charizard|76\/100|[from] ability: Solar Power|[of] p2a: Charizard\n|upkeep\n|\n|t:|1614984417\n|switch|p1a: Excadrill|Excadrill, M|100\/100\n|-ability|p1a: Excadrill|Mold Breaker\n|turn|13\n|\n|t:|1614984432\n|move|p1a: Excadrill|Rock Slide|p2a: Charizard\n|-supereffective|p2a: Charizard\n|-damage|p2a: Charizard|0 fnt\n|faint|p2a: Charizard\n|\n|-weather|SunnyDay|[upkeep]\n|upkeep\n|\n|t:|1614984436\n|switch|p2a: Torkoal|Torkoal, M|100\/100\n|turn|14\n|\n|t:|1614984439\n|switch|p2a: Incineroar|Incineroar, M, shiny|59\/100\n|-ability|p2a: Incineroar|Intimidate|boost\n|-unboost|p1a: Excadrill|atk|1\n|move|p1a: Excadrill|Rock Slide|p2a: Incineroar\n|-supereffective|p2a: Incineroar\n|-damage|p2a: Incineroar|27\/100\n|\n|-weather|SunnyDay|[upkeep]\n|upkeep\n|turn|15\n|\n|t:|1614984449\n|move|p1a: Excadrill|Rock Slide|p2a: Incineroar\n|-supereffective|p2a: Incineroar\n|-damage|p2a: Incineroar|0 fnt\n|faint|p2a: Incineroar\n|\n|-weather|SunnyDay|[upkeep]\n|upkeep\n|-message|DiameteR\u272fXtreme forfeited.\n|\n|win|Unlucky95\n|c|\u2606DiameteR\u272fXtreme|well played\n|c|\u2606DiameteR\u272fXtreme|lol\n|l|\u2606DiameteR\u272fXtreme\n||Ladder (probably) updated, but score could not be retrieved (Request timeout).\n","uploadtime":1614984465,"views":26,"p1id":"unlucky95","p2id":"diameterxtreme","formatid":"gen8monotype","rating":0,"private":0,"password":null}