{"id":"gen8ou-1651168298","p1":"minimax_ai","p2":"cump5","format":"gen8ou","log":"|j|\u2606minimax_ai\n|j|\u2606cump5\n|t:|1661792768\n|gametype|singles\n|player|p1|minimax_ai|lusamine-nihilego|1642\n|player|p2|cump5|pilot|1625\n|teamsize|p1|6\n|teamsize|p2|6\n|gen|8\n|tier|[Gen 8] OU\n|rated|\n|rule|Sleep Clause Mod: Limit one foe put to sleep\n|rule|Species Clause: Limit one of each Pok\u00e9mon\n|rule|OHKO Clause: OHKO moves are banned\n|rule|Evasion Items Clause: Evasion items are banned\n|rule|Evasion Moves Clause: Evasion moves are banned\n|rule|Endless Battle Clause: Forcing endless battles is banned\n|rule|HP Percentage Mod: HP is shown in percentages\n|rule|Dynamax Clause: You cannot dynamax\n|clearpoke\n|poke|p1|Rotom-Wash|\n|poke|p1|Weavile, F|\n|poke|p1|Landorus-Therian, M|\n|poke|p1|Heatran, M|\n|poke|p1|Tangrowth, F|\n|poke|p1|Melmetal|\n|poke|p2|Heatran, M|\n|poke|p2|Silvally-*|\n|poke|p2|Umbreon, F|\n|poke|p2|Vaporeon, F|\n|poke|p2|Rillaboom, M|\n|poke|p2|Zapdos|\n|teampreview\n|\n|t:|1661792771\n|start\n|switch|p1a: Melmetal|Melmetal|100\/100\n|switch|p2a: Silvally|Silvally-Ground|100\/100\n|turn|1\n|c|\u2606minimax_ai|hf\n|inactive|Battle timer is ON: inactive players will automatically lose when time's up. (requested by minimax_ai)\n|c|\u2606cump5|hf\n|j| a little fish\n|\n|t:|1661792776\n|switch|p2a: Zapdos|Zapdos|100\/100\n|move|p1a: Melmetal|Double Iron Bash|p2a: Zapdos\n|-resisted|p2a: Zapdos\n|-damage|p2a: Zapdos|86\/100\n|-resisted|p2a: Zapdos\n|-crit|p2a: Zapdos\n|-damage|p2a: Zapdos|65\/100\n|-hitcount|p2a: Zapdos|2\n|\n|upkeep\n|turn|2\n|\n|t:|1661792778\n|move|p2a: Zapdos|Roost|p2a: Zapdos\n|-heal|p2a: Zapdos|100\/100\n|-singleturn|p2a: Zapdos|move: Roost\n|move|p1a: Melmetal|Ice Punch|p2a: Zapdos\n|-damage|p2a: Zapdos|77\/100\n|-status|p1a: Melmetal|par|[from] ability: Static|[of] p2a: Zapdos\n|\n|upkeep\n|turn|3\n|\n|t:|1661792781\n|move|p2a: Zapdos|Volt Switch|p1a: Melmetal\n|-damage|p1a: Melmetal|86\/100 par\n|\n|t:|1661792783\n|switch|p2a: Vaporeon|Vaporeon, F, shiny|100\/100|[from]move: Volt Switch\n|cant|p1a: Melmetal|par\n|\n|upkeep\n|turn|4\n|\n|t:|1661792786\n|move|p2a: Vaporeon|Wish|p2a: Vaporeon\n|move|p1a: Melmetal|Double Iron Bash|p2a: Vaporeon\n|-resisted|p2a: Vaporeon\n|-crit|p2a: Vaporeon\n|-damage|p2a: Vaporeon|69\/100\n|-resisted|p2a: Vaporeon\n|-damage|p2a: Vaporeon|48\/100\n|-hitcount|p2a: Vaporeon|2\n|\n|-heal|p2a: Vaporeon|54\/100|[from] item: Leftovers\n|upkeep\n|turn|5\n|\n|t:|1661792789\n|switch|p2a: Zapdos|Zapdos|77\/100\n|switch|p1a: rotomwash|Rotom-Wash|100\/100\n|\n|-heal|p2a: Zapdos|100\/100|[from] move: Wish|[wisher] Vaporeon\n|upkeep\n|turn|6\n|\n|t:|1661792794\n|move|p1a: rotomwash|Thunderbolt|p2a: Zapdos\n|-damage|p2a: Zapdos|66\/100\n|move|p2a: Zapdos|Toxic|p1a: rotomwash\n|-status|p1a: rotomwash|tox\n|\n|-damage|p1a: rotomwash|94\/100 tox|[from] psn\n|upkeep\n|turn|7\n|\n|t:|1661792795\n|switch|p1a: Heatran|Heatran, M|100\/100\n|-item|p1a: Heatran|Air Balloon\n|move|p2a: Zapdos|Roost|p2a: Zapdos\n|-heal|p2a: Zapdos|100\/100\n|-singleturn|p2a: Zapdos|move: Roost\n|\n|upkeep\n|turn|8\n|\n|t:|1661792798\n|move|p1a: Heatran|Stealth Rock|p2a: Zapdos\n|-sidestart|p2: cump5|move: Stealth Rock\n|move|p2a: Zapdos|Volt Switch|p1a: Heatran\n|-damage|p1a: Heatran|72\/100\n|-enditem|p1a: Heatran|Air Balloon\n|\n|t:|1661792800\n|switch|p2a: Vaporeon|Vaporeon, F, shiny|54\/100|[from]move: Volt Switch\n|-damage|p2a: Vaporeon|41\/100|[from] Stealth Rock\n|\n|-heal|p2a: Vaporeon|48\/100|[from] item: Leftovers\n|upkeep\n|turn|9\n|\n|t:|1661792801\n|switch|p1a: rotomwash|Rotom-Wash|94\/100 tox\n|move|p2a: Vaporeon|Scald|p1a: rotomwash\n|-resisted|p1a: rotomwash\n|-damage|p1a: rotomwash|78\/100 tox\n|\n|-heal|p1a: rotomwash|85\/100 tox|[from] item: Leftovers\n|-heal|p2a: Vaporeon|54\/100|[from] item: Leftovers\n|-damage|p1a: rotomwash|78\/100 tox|[from] psn\n|upkeep\n|turn|10\n|\n|t:|1661792803\n|move|p2a: Vaporeon|Protect|p2a: Vaporeon\n|-singleturn|p2a: Vaporeon|Protect\n|move|p1a: rotomwash|Nasty Plot|p1a: rotomwash\n|-boost|p1a: rotomwash|spa|2\n|\n|-heal|p1a: rotomwash|85\/100 tox|[from] item: Leftovers\n|-heal|p2a: Vaporeon|60\/100|[from] item: Leftovers\n|-damage|p1a: rotomwash|72\/100 tox|[from] psn\n|upkeep\n|turn|11\n|\n|t:|1661792814\n|switch|p2a: Rillaboom|Rillaboom, M, shiny|100\/100\n|-damage|p2a: Rillaboom|88\/100|[from] Stealth Rock\n|-fieldstart|move: Grassy Terrain|[from] ability: Grassy Surge|[of] p2a: Rillaboom\n|move|p1a: rotomwash|Thunderbolt|p2a: Rillaboom\n|-resisted|p2a: Rillaboom\n|-damage|p2a: Rillaboom|50\/100\n|\n|-heal|p1a: rotomwash|78\/100 tox|[from] item: Leftovers\n|-heal|p2a: Rillaboom|56\/100|[from] Grassy Terrain\n|-heal|p2a: Rillaboom|62\/100|[from] item: Leftovers\n|-damage|p1a: rotomwash|60\/100 tox|[from] psn\n|upkeep\n|turn|12\n|\n|t:|1661792818\n|switch|p1a: Tangrowth|Tangrowth, F|100\/100\n|move|p2a: Rillaboom|Knock Off|p1a: Tangrowth\n|-damage|p1a: Tangrowth|82\/100\n|-damage|p2a: Rillaboom|45\/100|[from] item: Rocky Helmet|[of] p1a: Tangrowth\n|-enditem|p1a: Tangrowth|Rocky Helmet|[from] move: Knock Off|[of] p2a: Rillaboom\n|\n|-heal|p2a: Rillaboom|52\/100|[from] Grassy Terrain\n|-heal|p2a: Rillaboom|58\/100|[from] item: Leftovers\n|-heal|p1a: Tangrowth|88\/100|[from] Grassy Terrain\n|upkeep\n|turn|13\n|\n|t:|1661792824\n|switch|p2a: Silvally|Silvally-Ground|100\/100\n|-damage|p2a: Silvally|94\/100|[from] Stealth Rock\n|move|p1a: Tangrowth|Giga Drain|p2a: Silvally\n|-supereffective|p2a: Silvally\n|-damage|p2a: Silvally|13\/100\n|-heal|p1a: Tangrowth|100\/100|[from] drain|[of] p2a: Silvally\n|\n|-heal|p2a: Silvally|19\/100|[from] Grassy Terrain\n|upkeep\n|turn|14\n|\n|t:|1661792827\n|move|p2a: Silvally|Defog|p1a: Tangrowth\n|-unboost|p1a: Tangrowth|evasion|1\n|-sideend|p2: cump5|Stealth Rock|[from] move: Defog|[of] p2a: Silvally\n|-fieldend|move: Grassy Terrain\n|move|p1a: Tangrowth|Giga Drain|p2a: Silvally\n|-supereffective|p2a: Silvally\n|-damage|p2a: Silvally|0 fnt\n|faint|p2a: Silvally\n|\n|upkeep\n|\n|t:|1661792831\n|switch|p2a: Zapdos|Zapdos|100\/100\n|turn|15\n|j| dpalacinr01\n|\n|t:|1661792834\n|switch|p1a: landorustherian|Landorus-Therian, M|100\/100\n|-ability|p1a: landorustherian|Intimidate|boost\n|-unboost|p2a: Zapdos|atk|1\n|move|p2a: Zapdos|Toxic|p1a: landorustherian\n|-status|p1a: landorustherian|tox\n|\n|-damage|p1a: landorustherian|94\/100 tox|[from] psn\n|upkeep\n|turn|16\n|\n|t:|1661792837\n|move|p2a: Zapdos|Hurricane|p1a: landorustherian|[miss]\n|-miss|p2a: Zapdos|p1a: landorustherian\n|move|p1a: landorustherian|Earthquake|p2a: Zapdos\n|-immune|p2a: Zapdos\n|\n|-heal|p1a: landorustherian|100\/100 tox|[from] item: Leftovers\n|-damage|p1a: landorustherian|88\/100 tox|[from] psn\n|upkeep\n|turn|17\n|\n|t:|1661792840\n|switch|p1a: Melmetal|Melmetal|86\/100 par\n|move|p2a: Zapdos|Hurricane|p1a: Melmetal\n|-resisted|p1a: Melmetal\n|-damage|p1a: Melmetal|74\/100 par\n|-start|p1a: Melmetal|confusion\n|\n|upkeep\n|turn|18\n|\n|t:|1661792842\n|move|p2a: Zapdos|Volt Switch|p1a: Melmetal\n|-damage|p1a: Melmetal|57\/100 par\n|\n|t:|1661792845\n|switch|p2a: Heatran|Heatran, M|100\/100|[from]move: Volt Switch\n|-activate|p1a: Melmetal|confusion\n|move|p1a: Melmetal|Thunder Punch|p2a: Heatran\n|-damage|p2a: Heatran|72\/100\n|\n|-heal|p2a: Heatran|78\/100|[from] item: Leftovers\n|upkeep\n|turn|19\n|\n|t:|1661792848\n|switch|p1a: rotomwash|Rotom-Wash|60\/100 tox\n|move|p2a: Heatran|Magma Storm|p1a: rotomwash|[miss]\n|-miss|p2a: Heatran|p1a: rotomwash\n|\n|-heal|p1a: rotomwash|66\/100 tox|[from] item: Leftovers\n|-heal|p2a: Heatran|85\/100|[from] item: Leftovers\n|-damage|p1a: rotomwash|60\/100 tox|[from] psn\n|upkeep\n|turn|20\n|\n|t:|1661792851\n|move|p1a: rotomwash|Pain Split|p2a: Heatran\n|-sethp|p2a: Heatran|66\/100|[from] move: Pain Split|[silent]\n|-sethp|p1a: rotomwash|83\/100 tox|[from] move: Pain Split\n|move|p2a: Heatran|Stealth Rock|p1a: rotomwash\n|-sidestart|p1: minimax_ai|move: Stealth Rock\n|\n|-heal|p1a: rotomwash|90\/100 tox|[from] item: Leftovers\n|-heal|p2a: Heatran|72\/100|[from] item: Leftovers\n|-damage|p1a: rotomwash|77\/100 tox|[from] psn\n|upkeep\n|turn|21\n|\n|t:|1661792854\n|switch|p2a: Vaporeon|Vaporeon, F, shiny|60\/100\n|move|p1a: rotomwash|Thunderbolt|p2a: Vaporeon\n|-supereffective|p2a: Vaporeon\n|-damage|p2a: Vaporeon|24\/100\n|\n|-heal|p1a: rotomwash|83\/100 tox|[from] item: Leftovers\n|-heal|p2a: Vaporeon|30\/100|[from] item: Leftovers\n|-damage|p1a: rotomwash|65\/100 tox|[from] psn\n|upkeep\n|turn|22\n|\n|t:|1661792857\n|move|p1a: rotomwash|Thunderbolt|p2a: Vaporeon\n|-supereffective|p2a: Vaporeon\n|-damage|p2a: Vaporeon|0 fnt\n|faint|p2a: Vaporeon\n|\n|-heal|p1a: rotomwash|71\/100 tox|[from] item: Leftovers\n|-damage|p1a: rotomwash|46\/100 tox|[from] psn\n|upkeep\n|\n|t:|1661792860\n|switch|p2a: Rillaboom|Rillaboom, M, shiny|58\/100\n|-fieldstart|move: Grassy Terrain|[from] ability: Grassy Surge|[of] p2a: Rillaboom\n|turn|23\n|\n|t:|1661792865\n|switch|p1a: Tangrowth|Tangrowth, F|100\/100\n|-damage|p1a: Tangrowth|88\/100|[from] Stealth Rock\n|move|p2a: Rillaboom|Swords Dance|p2a: Rillaboom\n|-boost|p2a: Rillaboom|atk|2\n|\n|-heal|p2a: Rillaboom|64\/100|[from] Grassy Terrain\n|-heal|p2a: Rillaboom|70\/100|[from] item: Leftovers\n|-heal|p1a: Tangrowth|94\/100|[from] Grassy Terrain\n|upkeep\n|turn|24\n|\n|t:|1661792866\n|move|p2a: Rillaboom|Swords Dance|p2a: Rillaboom\n|-boost|p2a: Rillaboom|atk|2\n|move|p1a: Tangrowth|Knock Off|p2a: Rillaboom\n|-damage|p2a: Rillaboom|49\/100\n|-enditem|p2a: Rillaboom|Leftovers|[from] move: Knock Off|[of] p1a: Tangrowth\n|\n|-heal|p2a: Rillaboom|55\/100|[from] Grassy Terrain\n|-heal|p1a: Tangrowth|100\/100|[from] Grassy Terrain\n|upkeep\n|turn|25\n|\n|t:|1661792868\n|move|p2a: Rillaboom|Swords Dance|p2a: Rillaboom\n|-boost|p2a: Rillaboom|atk|2\n|move|p1a: Tangrowth|Giga Drain|p2a: Rillaboom\n|-resisted|p2a: Rillaboom\n|-damage|p2a: Rillaboom|34\/100\n|\n|-heal|p2a: Rillaboom|40\/100|[from] Grassy Terrain\n|upkeep\n|turn|26\n|\n|t:|1661792869\n|switch|p1a: Melmetal|Melmetal|57\/100 par\n|-damage|p1a: Melmetal|51\/100 par|[from] Stealth Rock\n|move|p2a: Rillaboom|Drain Punch|p1a: Melmetal\n|-supereffective|p1a: Melmetal\n|-damage|p1a: Melmetal|0 fnt\n|-heal|p2a: Rillaboom|68\/100|[from] drain|[of] p1a: Melmetal\n|faint|p1a: Melmetal\n|\n|-heal|p2a: Rillaboom|75\/100|[from] Grassy Terrain\n|upkeep\n|\n|t:|1661792869\n|switch|p1a: Heatran|Heatran, M|72\/100\n|-damage|p1a: Heatran|59\/100|[from] Stealth Rock\n|turn|27\n|\n|t:|1661792878\n|switch|p2a: Heatran|Heatran, M|72\/100\n|move|p1a: Heatran|Magma Storm|p2a: Heatran\n|-start|p2a: Heatran|ability: Flash Fire\n|\n|-heal|p1a: Heatran|66\/100|[from] Grassy Terrain\n|-heal|p2a: Heatran|78\/100|[from] Grassy Terrain\n|-heal|p2a: Heatran|84\/100|[from] item: Leftovers\n|-fieldend|move: Grassy Terrain\n|upkeep\n|turn|28\n|\n|t:|1661792881\n|move|p1a: Heatran|Earth Power|p2a: Heatran\n|-supereffective|p2a: Heatran\n|-damage|p2a: Heatran|2\/100\n|move|p2a: Heatran|Earth Power|p1a: Heatran\n|-supereffective|p1a: Heatran\n|-damage|p1a: Heatran|0 fnt\n|faint|p1a: Heatran\n|\n|-heal|p2a: Heatran|8\/100|[from] item: Leftovers\n|upkeep\n|\n|t:|1661792881\n|switch|p1a: Weavile|Weavile, F|100\/100\n|-damage|p1a: Weavile|76\/100|[from] Stealth Rock\n|-ability|p1a: Weavile|Pressure\n|turn|29\n|\n|t:|1661792886\n|-end|p2a: Heatran|ability: Flash Fire|[silent]\n|switch|p2a: Umbreon|Umbreon, F, shiny|100\/100\n|move|p1a: Weavile|Triple Axel|p2a: Umbreon\n|-damage|p2a: Umbreon|92\/100\n|-damage|p2a: Umbreon|75\/100\n|-damage|p2a: Umbreon|50\/100\n|-hitcount|p2a: Umbreon|3\n|\n|-heal|p2a: Umbreon|56\/100|[from] item: Leftovers\n|upkeep\n|turn|30\n|\n|t:|1661792887\n|move|p1a: Weavile|Triple Axel|p2a: Umbreon\n|-damage|p2a: Umbreon|47\/100\n|-damage|p2a: Umbreon|29\/100\n|-damage|p2a: Umbreon|2\/100\n|-hitcount|p2a: Umbreon|3\n|move|p2a: Umbreon|Wish|p2a: Umbreon\n|\n|-heal|p2a: Umbreon|8\/100|[from] item: Leftovers\n|upkeep\n|turn|31\n|\n|t:|1661792889\n|move|p2a: Umbreon|Protect|p2a: Umbreon\n|-singleturn|p2a: Umbreon|Protect\n|move|p1a: Weavile|Triple Axel|p2a: Umbreon\n|-activate|p2a: Umbreon|move: Protect\n|\n|-heal|p2a: Umbreon|58\/100|[from] move: Wish|[wisher] Umbreon\n|-heal|p2a: Umbreon|64\/100|[from] item: Leftovers\n|upkeep\n|turn|32\n|\n|t:|1661792891\n|move|p1a: Weavile|Triple Axel|p2a: Umbreon\n|-damage|p2a: Umbreon|56\/100\n|-damage|p2a: Umbreon|37\/100\n|-damage|p2a: Umbreon|8\/100\n|-hitcount|p2a: Umbreon|3\n|move|p2a: Umbreon|Wish|p2a: Umbreon\n|\n|-heal|p2a: Umbreon|14\/100|[from] item: Leftovers\n|upkeep\n|turn|33\n|\n|t:|1661792892\n|move|p2a: Umbreon|Protect|p2a: Umbreon\n|-singleturn|p2a: Umbreon|Protect\n|move|p1a: Weavile|Triple Axel|p2a: Umbreon\n|-activate|p2a: Umbreon|move: Protect\n|\n|-heal|p2a: Umbreon|64\/100|[from] move: Wish|[wisher] Umbreon\n|-heal|p2a: Umbreon|71\/100|[from] item: Leftovers\n|upkeep\n|turn|34\n|\n|t:|1661792893\n|move|p1a: Weavile|Triple Axel|p2a: Umbreon\n|-damage|p2a: Umbreon|61\/100\n|-damage|p2a: Umbreon|43\/100\n|-damage|p2a: Umbreon|17\/100\n|-hitcount|p2a: Umbreon|3\n|move|p2a: Umbreon|Wish|p2a: Umbreon\n|\n|-heal|p2a: Umbreon|23\/100|[from] item: Leftovers\n|upkeep\n|turn|35\n|\n|t:|1661792895\n|move|p2a: Umbreon|Protect|p2a: Umbreon\n|-singleturn|p2a: Umbreon|Protect\n|move|p1a: Weavile|Triple Axel|p2a: Umbreon\n|-activate|p2a: Umbreon|move: Protect\n|\n|-heal|p2a: Umbreon|73\/100|[from] move: Wish|[wisher] Umbreon\n|-heal|p2a: Umbreon|79\/100|[from] item: Leftovers\n|upkeep\n|turn|36\n|\n|t:|1661792896\n|move|p1a: Weavile|Triple Axel|p2a: Umbreon\n|-damage|p2a: Umbreon|71\/100\n|-damage|p2a: Umbreon|52\/100\n|-damage|p2a: Umbreon|28\/100\n|-hitcount|p2a: Umbreon|3\n|move|p2a: Umbreon|Wish|p2a: Umbreon\n|\n|-heal|p2a: Umbreon|35\/100|[from] item: Leftovers\n|upkeep\n|turn|37\n|\n|t:|1661792897\n|move|p2a: Umbreon|Protect|p2a: Umbreon\n|-singleturn|p2a: Umbreon|Protect\n|move|p1a: Weavile|Triple Axel|p2a: Umbreon\n|-activate|p2a: Umbreon|move: Protect\n|\n|-heal|p2a: Umbreon|85\/100|[from] move: Wish|[wisher] Umbreon\n|-heal|p2a: Umbreon|91\/100|[from] item: Leftovers\n|upkeep\n|turn|38\n|j| Fumb Duck xD\n|\n|t:|1661792899\n|move|p1a: Weavile|Triple Axel|p2a: Umbreon\n|-damage|p2a: Umbreon|81\/100\n|-damage|p2a: Umbreon|64\/100\n|-damage|p2a: Umbreon|38\/100\n|-hitcount|p2a: Umbreon|3\n|move|p2a: Umbreon|Wish|p2a: Umbreon\n|\n|-heal|p2a: Umbreon|44\/100|[from] item: Leftovers\n|upkeep\n|turn|39\n|\n|t:|1661792901\n|move|p2a: Umbreon|Protect|p2a: Umbreon\n|-singleturn|p2a: Umbreon|Protect\n|move|p1a: Weavile|Triple Axel|p2a: Umbreon\n|-activate|p2a: Umbreon|move: Protect\n|\n|-heal|p2a: Umbreon|94\/100|[from] move: Wish|[wisher] Umbreon\n|-heal|p2a: Umbreon|99\/100|[from] item: Leftovers\n|upkeep\n|turn|40\n|\n|t:|1661792905\n|switch|p1a: Tangrowth|Tangrowth, F|100\/100\n|-damage|p1a: Tangrowth|88\/100|[from] Stealth Rock\n|move|p2a: Umbreon|Foul Play|p1a: Tangrowth\n|-damage|p1a: Tangrowth|72\/100\n|\n|-heal|p2a: Umbreon|100\/100|[from] item: Leftovers\n|upkeep\n|turn|41\n|\n|t:|1661792907\n|move|p2a: Umbreon|Wish|p2a: Umbreon\n|move|p1a: Tangrowth|Sleep Powder|p2a: Umbreon\n|-status|p2a: Umbreon|slp|[from] move: Sleep Powder\n|\n|upkeep\n|turn|42\n|\n|t:|1661792919\n|cant|p2a: Umbreon|slp\n|move|p1a: Tangrowth|Focus Blast|p2a: Umbreon\n|-supereffective|p2a: Umbreon\n|-damage|p2a: Umbreon|57\/100 slp\n|\n|-heal|p2a: Umbreon|100\/100 slp|[from] move: Wish|[wisher] Umbreon\n|upkeep\n|turn|43\n|\n|t:|1661792920\n|-curestatus|p2a: Umbreon|slp|[msg]\n|move|p2a: Umbreon|Wish|p2a: Umbreon\n|move|p1a: Tangrowth|Focus Blast|p2a: Umbreon\n|-supereffective|p2a: Umbreon\n|-damage|p2a: Umbreon|59\/100\n|\n|-heal|p2a: Umbreon|65\/100|[from] item: Leftovers\n|upkeep\n|turn|44\n|\n|t:|1661792923\n|switch|p2a: Heatran|Heatran, M|8\/100\n|move|p1a: Tangrowth|Sleep Powder|p2a: Heatran\n|-status|p2a: Heatran|slp|[from] move: Sleep Powder\n|\n|-heal|p2a: Heatran|59\/100 slp|[from] move: Wish|[wisher] Umbreon\n|-heal|p2a: Heatran|65\/100 slp|[from] item: Leftovers\n|upkeep\n|turn|45\n|\n|t:|1661792927\n|switch|p2a: Zapdos|Zapdos|100\/100\n|switch|p1a: landorustherian|Landorus-Therian, M|88\/100 tox\n|-damage|p1a: landorustherian|76\/100 tox|[from] Stealth Rock\n|-ability|p1a: landorustherian|Intimidate|boost\n|-unboost|p2a: Zapdos|atk|1\n|\n|-heal|p1a: landorustherian|82\/100 tox|[from] item: Leftovers\n|-damage|p1a: landorustherian|76\/100 tox|[from] psn\n|upkeep\n|turn|46\n|\n|t:|1661792929\n|move|p2a: Zapdos|Hurricane|p1a: landorustherian\n|-crit|p1a: landorustherian\n|-damage|p1a: landorustherian|21\/100 tox\n|move|p1a: landorustherian|Toxic|p2a: Zapdos\n|-status|p2a: Zapdos|tox\n|\n|-heal|p1a: landorustherian|27\/100 tox|[from] item: Leftovers\n|-damage|p2a: Zapdos|94\/100 tox|[from] psn\n|-damage|p1a: landorustherian|15\/100 tox|[from] psn\n|upkeep\n|turn|47\n|\n|t:|1661792931\n|move|p2a: Zapdos|Hurricane|p1a: landorustherian|[miss]\n|-miss|p2a: Zapdos|p1a: landorustherian\n|move|p1a: landorustherian|Defog|p2a: Zapdos\n|-unboost|p2a: Zapdos|evasion|1\n|-sideend|p1: minimax_ai|Stealth Rock|[from] move: Defog|[of] p1a: landorustherian\n|\n|-heal|p1a: landorustherian|21\/100 tox|[from] item: Leftovers\n|-damage|p2a: Zapdos|82\/100 tox|[from] psn\n|-damage|p1a: landorustherian|3\/100 tox|[from] psn\n|upkeep\n|turn|48\n|\n|t:|1661792933\n|move|p2a: Zapdos|Roost|p2a: Zapdos\n|-heal|p2a: Zapdos|100\/100 tox\n|-singleturn|p2a: Zapdos|move: Roost\n|move|p1a: landorustherian|U-turn|p2a: Zapdos\n|-damage|p2a: Zapdos|85\/100 tox\n|\n|t:|1661792933\n|switch|p1a: rotomwash|Rotom-Wash|46\/100 tox|[from]move: U-turn\n|\n|-heal|p1a: rotomwash|52\/100 tox|[from] item: Leftovers\n|-damage|p1a: rotomwash|46\/100 tox|[from] psn\n|-damage|p2a: Zapdos|66\/100 tox|[from] psn\n|upkeep\n|turn|49\n|\n|t:|1661792938\n|switch|p2a: Rillaboom|Rillaboom, M, shiny|75\/100\n|-fieldstart|move: Grassy Terrain|[from] ability: Grassy Surge|[of] p2a: Rillaboom\n|move|p1a: rotomwash|Hydro Pump|p2a: Rillaboom\n|-resisted|p2a: Rillaboom\n|-damage|p2a: Rillaboom|48\/100\n|\n|-heal|p1a: rotomwash|52\/100 tox|[from] item: Leftovers\n|-heal|p2a: Rillaboom|54\/100|[from] Grassy Terrain\n|-damage|p1a: rotomwash|40\/100 tox|[from] psn\n|upkeep\n|turn|50\n|\n|t:|1661792941\n|switch|p1a: Tangrowth|Tangrowth, F|100\/100\n|move|p2a: Rillaboom|Grassy Glide|p1a: Tangrowth\n|-resisted|p1a: Tangrowth\n|-damage|p1a: Tangrowth|88\/100\n|\n|-heal|p2a: Rillaboom|60\/100|[from] Grassy Terrain\n|-heal|p1a: Tangrowth|95\/100|[from] Grassy Terrain\n|upkeep\n|turn|51\n|\n|t:|1661792951\n|move|p2a: Rillaboom|Swords Dance|p2a: Rillaboom\n|-boost|p2a: Rillaboom|atk|2\n|move|p1a: Tangrowth|Focus Blast|p2a: Rillaboom\n|-damage|p2a: Rillaboom|28\/100\n|\n|-heal|p2a: Rillaboom|34\/100|[from] Grassy Terrain\n|-heal|p1a: Tangrowth|100\/100|[from] Grassy Terrain\n|upkeep\n|turn|52\n|\n|t:|1661792954\n|move|p2a: Rillaboom|Drain Punch|p1a: Tangrowth\n|-damage|p1a: Tangrowth|71\/100\n|-heal|p2a: Rillaboom|49\/100|[from] drain|[of] p1a: Tangrowth\n|move|p1a: Tangrowth|Focus Blast|p2a: Rillaboom\n|-damage|p2a: Rillaboom|16\/100\n|\n|-heal|p2a: Rillaboom|22\/100|[from] Grassy Terrain\n|-heal|p1a: Tangrowth|77\/100|[from] Grassy Terrain\n|upkeep\n|turn|53\n|\n|t:|1661792959\n|switch|p2a: Zapdos|Zapdos|66\/100 tox\n|move|p1a: Tangrowth|Focus Blast|p2a: Zapdos\n|-resisted|p2a: Zapdos\n|-damage|p2a: Zapdos|53\/100 tox\n|\n|-heal|p1a: Tangrowth|83\/100|[from] Grassy Terrain\n|-damage|p2a: Zapdos|47\/100 tox|[from] psn\n|-fieldend|move: Grassy Terrain\n|upkeep\n|turn|54\n|\n|t:|1661792963\n|switch|p1a: Weavile|Weavile, F|76\/100\n|-ability|p1a: Weavile|Pressure\n|move|p2a: Zapdos|Roost|p2a: Zapdos\n|-heal|p2a: Zapdos|97\/100 tox\n|-singleturn|p2a: Zapdos|move: Roost\n|\n|-damage|p2a: Zapdos|84\/100 tox|[from] psn\n|upkeep\n|turn|55\n|\n|t:|1661792969\n|move|p1a: Weavile|Triple Axel|p2a: Zapdos\n|-supereffective|p2a: Zapdos\n|-damage|p2a: Zapdos|61\/100 tox\n|-supereffective|p2a: Zapdos\n|-damage|p2a: Zapdos|16\/100 tox\n|-supereffective|p2a: Zapdos\n|-damage|p2a: Zapdos|0 fnt\n|faint|p2a: Zapdos\n|-hitcount|p2: Zapdos|3\n|\n|upkeep\n|\n|t:|1661792972\n|switch|p2a: Rillaboom|Rillaboom, M, shiny|22\/100\n|-fieldstart|move: Grassy Terrain|[from] ability: Grassy Surge|[of] p2a: Rillaboom\n|turn|56\n|\n|t:|1661792976\n|switch|p1a: Tangrowth|Tangrowth, F|100\/100\n|switch|p2a: Heatran|Heatran, M|65\/100 slp\n|\n|-heal|p2a: Heatran|71\/100 slp|[from] Grassy Terrain\n|-heal|p2a: Heatran|77\/100 slp|[from] item: Leftovers\n|upkeep\n|turn|57\n|\n|t:|1661792977\n|switch|p1a: landorustherian|Landorus-Therian, M|3\/100 tox\n|-ability|p1a: landorustherian|Intimidate|boost\n|-unboost|p2a: Heatran|atk|1\n|cant|p2a: Heatran|slp\n|\n|-heal|p1a: landorustherian|9\/100 tox|[from] item: Leftovers\n|-heal|p2a: Heatran|84\/100 slp|[from] Grassy Terrain\n|-heal|p2a: Heatran|90\/100 slp|[from] item: Leftovers\n|-damage|p1a: landorustherian|3\/100 tox|[from] psn\n|upkeep\n|turn|58\n|\n|t:|1661792980\n|switch|p2a: Umbreon|Umbreon, F, shiny|65\/100\n|move|p1a: landorustherian|U-turn|p2a: Umbreon\n|-supereffective|p2a: Umbreon\n|-damage|p2a: Umbreon|38\/100\n|\n|t:|1661792980\n|switch|p1a: Tangrowth|Tangrowth, F|100\/100|[from]move: U-turn\n|\n|-heal|p2a: Umbreon|44\/100|[from] Grassy Terrain\n|-heal|p2a: Umbreon|50\/100|[from] item: Leftovers\n|upkeep\n|turn|59\n|\n|t:|1661792982\n|move|p2a: Umbreon|Wish|p2a: Umbreon\n|move|p1a: Tangrowth|Focus Blast|p2a: Umbreon|[miss]\n|-miss|p1a: Tangrowth|p2a: Umbreon\n|\n|-heal|p2a: Umbreon|56\/100|[from] Grassy Terrain\n|-heal|p2a: Umbreon|62\/100|[from] item: Leftovers\n|upkeep\n|turn|60\n|\n|t:|1661792990\n|switch|p2a: Rillaboom|Rillaboom, M, shiny|22\/100\n|move|p1a: Tangrowth|Giga Drain|p2a: Rillaboom\n|-resisted|p2a: Rillaboom\n|-damage|p2a: Rillaboom|2\/100\n|\n|-heal|p2a: Rillaboom|52\/100|[from] move: Wish|[wisher] Umbreon\n|-heal|p2a: Rillaboom|58\/100|[from] Grassy Terrain\n|-fieldend|move: Grassy Terrain\n|upkeep\n|turn|61\n|\n|t:|1661792996\n|switch|p2a: Umbreon|Umbreon, F, shiny|62\/100\n|move|p1a: Tangrowth|Focus Blast|p2a: Umbreon\n|-supereffective|p2a: Umbreon\n|-damage|p2a: Umbreon|24\/100\n|\n|-heal|p2a: Umbreon|30\/100|[from] item: Leftovers\n|upkeep\n|turn|62\n|\n|t:|1661792999\n|move|p2a: Umbreon|Protect|p2a: Umbreon\n|-singleturn|p2a: Umbreon|Protect\n|move|p1a: Tangrowth|Focus Blast|p2a: Umbreon\n|-activate|p2a: Umbreon|move: Protect\n|\n|-heal|p2a: Umbreon|37\/100|[from] item: Leftovers\n|upkeep\n|turn|63\n|\n|t:|1661793001\n|move|p2a: Umbreon|Wish|p2a: Umbreon\n|move|p1a: Tangrowth|Knock Off|p2a: Umbreon\n|-resisted|p2a: Umbreon\n|-damage|p2a: Umbreon|29\/100\n|-enditem|p2a: Umbreon|Leftovers|[from] move: Knock Off|[of] p1a: Tangrowth\n|\n|upkeep\n|turn|64\n|\n|t:|1661793007\n|move|p2a: Umbreon|Foul Play|p1a: Tangrowth\n|-damage|p1a: Tangrowth|83\/100\n|move|p1a: Tangrowth|Giga Drain|p2a: Umbreon\n|-damage|p2a: Umbreon|8\/100\n|-heal|p1a: Tangrowth|94\/100|[from] drain|[of] p2a: Umbreon\n|\n|-heal|p2a: Umbreon|58\/100|[from] move: Wish|[wisher] Umbreon\n|upkeep\n|turn|65\n|\n|t:|1661793009\n|move|p2a: Umbreon|Wish|p2a: Umbreon\n|move|p1a: Tangrowth|Giga Drain|p2a: Umbreon\n|-damage|p2a: Umbreon|37\/100\n|-heal|p1a: Tangrowth|100\/100|[from] drain|[of] p2a: Umbreon\n|\n|upkeep\n|turn|66\n|\n|t:|1661793011\n|move|p2a: Umbreon|Foul Play|p1a: Tangrowth\n|-damage|p1a: Tangrowth|82\/100\n|move|p1a: Tangrowth|Giga Drain|p2a: Umbreon\n|-crit|p2a: Umbreon\n|-damage|p2a: Umbreon|9\/100\n|-heal|p1a: Tangrowth|95\/100|[from] drain|[of] p2a: Umbreon\n|\n|-heal|p2a: Umbreon|59\/100|[from] move: Wish|[wisher] Umbreon\n|upkeep\n|turn|67\n|\n|t:|1661793013\n|move|p2a: Umbreon|Wish|p2a: Umbreon\n|move|p1a: Tangrowth|Giga Drain|p2a: Umbreon\n|-damage|p2a: Umbreon|41\/100\n|-heal|p1a: Tangrowth|100\/100|[from] drain|[of] p2a: Umbreon\n|\n|upkeep\n|turn|68\n|\n|t:|1661793016\n|move|p2a: Umbreon|Protect|p2a: Umbreon\n|-singleturn|p2a: Umbreon|Protect\n|move|p1a: Tangrowth|Giga Drain|p2a: Umbreon\n|-activate|p2a: Umbreon|move: Protect\n|\n|-heal|p2a: Umbreon|91\/100|[from] move: Wish|[wisher] Umbreon\n|upkeep\n|turn|69\n|\n|t:|1661793017\n|move|p2a: Umbreon|Wish|p2a: Umbreon\n|move|p1a: Tangrowth|Giga Drain|p2a: Umbreon\n|-damage|p2a: Umbreon|72\/100\n|\n|upkeep\n|turn|70\n|\n|t:|1661793018\n|switch|p2a: Rillaboom|Rillaboom, M, shiny|58\/100\n|-fieldstart|move: Grassy Terrain|[from] ability: Grassy Surge|[of] p2a: Rillaboom\n|move|p1a: Tangrowth|Giga Drain|p2a: Rillaboom\n|-resisted|p2a: Rillaboom\n|-damage|p2a: Rillaboom|36\/100\n|\n|-heal|p2a: Rillaboom|86\/100|[from] move: Wish|[wisher] Umbreon\n|-heal|p2a: Rillaboom|93\/100|[from] Grassy Terrain\n|upkeep\n|turn|71\n|\n|t:|1661793025\n|move|p2a: Rillaboom|Swords Dance|p2a: Rillaboom\n|-boost|p2a: Rillaboom|atk|2\n|move|p1a: Tangrowth|Giga Drain|p2a: Rillaboom\n|-resisted|p2a: Rillaboom\n|-damage|p2a: Rillaboom|71\/100\n|\n|-heal|p2a: Rillaboom|77\/100|[from] Grassy Terrain\n|upkeep\n|turn|72\n|\n|t:|1661793026\n|move|p2a: Rillaboom|Swords Dance|p2a: Rillaboom\n|-boost|p2a: Rillaboom|atk|2\n|move|p1a: Tangrowth|Giga Drain|p2a: Rillaboom\n|-resisted|p2a: Rillaboom\n|-damage|p2a: Rillaboom|54\/100\n|\n|-heal|p2a: Rillaboom|60\/100|[from] Grassy Terrain\n|upkeep\n|turn|73\n|\n|t:|1661793031\n|move|p2a: Rillaboom|Swords Dance|p2a: Rillaboom\n|-boost|p2a: Rillaboom|atk|2\n|move|p1a: Tangrowth|Giga Drain|p2a: Rillaboom\n|-resisted|p2a: Rillaboom\n|-damage|p2a: Rillaboom|40\/100\n|\n|-heal|p2a: Rillaboom|47\/100|[from] Grassy Terrain\n|upkeep\n|turn|74\n|\n|t:|1661793032\n|switch|p1a: landorustherian|Landorus-Therian, M|3\/100 tox\n|-ability|p1a: landorustherian|Intimidate|boost\n|-unboost|p2a: Rillaboom|atk|1\n|move|p2a: Rillaboom|Drain Punch|p1a: landorustherian\n|-resisted|p1a: landorustherian\n|-damage|p1a: landorustherian|0 fnt\n|-heal|p2a: Rillaboom|48\/100|[from] drain|[of] p1a: landorustherian\n|faint|p1a: landorustherian\n|\n|-heal|p2a: Rillaboom|54\/100|[from] Grassy Terrain\n|-fieldend|move: Grassy Terrain\n|upkeep\n|\n|t:|1661793032\n|switch|p1a: Weavile|Weavile, F|76\/100\n|-ability|p1a: Weavile|Pressure\n|turn|75\n|\n|t:|1661793044\n|switch|p2a: Heatran|Heatran, M|90\/100 slp\n|move|p1a: Weavile|Triple Axel|p2a: Heatran\n|-resisted|p2a: Heatran\n|-damage|p2a: Heatran|87\/100 slp\n|-resisted|p2a: Heatran\n|-damage|p2a: Heatran|81\/100 slp\n|-resisted|p2a: Heatran\n|-damage|p2a: Heatran|72\/100 slp\n|-hitcount|p2a: Heatran|3\n|\n|-heal|p2a: Heatran|78\/100 slp|[from] item: Leftovers\n|upkeep\n|turn|76\n|\n|t:|1661793047\n|switch|p1a: rotomwash|Rotom-Wash|40\/100 tox\n|cant|p2a: Heatran|slp\n|\n|-heal|p1a: rotomwash|46\/100 tox|[from] item: Leftovers\n|-heal|p2a: Heatran|84\/100 slp|[from] item: Leftovers\n|-damage|p1a: rotomwash|40\/100 tox|[from] psn\n|upkeep\n|turn|77\n|\n|t:|1661793050\n|move|p1a: rotomwash|Hydro Pump|p2a: Heatran\n|-supereffective|p2a: Heatran\n|-damage|p2a: Heatran|30\/100 slp\n|-curestatus|p2a: Heatran|slp|[msg]\n|move|p2a: Heatran|Stealth Rock|p1a: rotomwash\n|-sidestart|p1: minimax_ai|move: Stealth Rock\n|\n|-heal|p1a: rotomwash|46\/100 tox|[from] item: Leftovers\n|-heal|p2a: Heatran|36\/100|[from] item: Leftovers\n|-damage|p1a: rotomwash|33\/100 tox|[from] psn\n|upkeep\n|turn|78\n|\n|t:|1661793059\n|move|p1a: rotomwash|Pain Split|p2a: Heatran\n|-sethp|p2a: Heatran|31\/100|[from] move: Pain Split|[silent]\n|-sethp|p1a: rotomwash|39\/100 tox|[from] move: Pain Split\n|move|p2a: Heatran|Magma Storm|p1a: rotomwash|[miss]\n|-miss|p2a: Heatran|p1a: rotomwash\n|\n|-heal|p1a: rotomwash|46\/100 tox|[from] item: Leftovers\n|-heal|p2a: Heatran|37\/100|[from] item: Leftovers\n|-damage|p1a: rotomwash|27\/100 tox|[from] psn\n|upkeep\n|turn|79\n|\n|t:|1661793068\n|switch|p2a: Umbreon|Umbreon, F, shiny|72\/100\n|move|p1a: rotomwash|Pain Split|p2a: Umbreon\n|-sethp|p2a: Umbreon|46\/100|[from] move: Pain Split|[silent]\n|-sethp|p1a: rotomwash|60\/100 tox|[from] move: Pain Split\n|\n|-heal|p1a: rotomwash|66\/100 tox|[from] item: Leftovers\n|-damage|p1a: rotomwash|41\/100 tox|[from] psn\n|upkeep\n|turn|80\n|\n|t:|1661793070\n|move|p1a: rotomwash|Pain Split|p2a: Umbreon\n|-sethp|p2a: Umbreon|39\/100|[from] move: Pain Split|[silent]\n|-sethp|p1a: rotomwash|50\/100 tox|[from] move: Pain Split\n|move|p2a: Umbreon|Wish|p2a: Umbreon\n|\n|-heal|p1a: rotomwash|57\/100 tox|[from] item: Leftovers\n|-damage|p1a: rotomwash|25\/100 tox|[from] psn\n|upkeep\n|turn|81\n|\n|t:|1661793072\n|move|p2a: Umbreon|Protect|p2a: Umbreon\n|-singleturn|p2a: Umbreon|Protect\n|move|p1a: rotomwash|Hydro Pump|p2a: Umbreon\n|-activate|p2a: Umbreon|move: Protect\n|\n|-heal|p2a: Umbreon|89\/100|[from] move: Wish|[wisher] Umbreon\n|-heal|p1a: rotomwash|32\/100 tox|[from] item: Leftovers\n|-damage|p1a: rotomwash|0 fnt|[from] psn\n|faint|p1a: rotomwash\n|upkeep\n|\n|t:|1661793072\n|switch|p1a: Tangrowth|Tangrowth, F|100\/100\n|-damage|p1a: Tangrowth|88\/100|[from] Stealth Rock\n|turn|82\n|\n|t:|1661793077\n|move|p2a: Umbreon|Wish|p2a: Umbreon\n|move|p1a: Tangrowth|Sleep Powder|p2a: Umbreon\n|-status|p2a: Umbreon|slp|[from] move: Sleep Powder\n|\n|upkeep\n|turn|83\n|\n|t:|1661793079\n|switch|p2a: Heatran|Heatran, M|37\/100\n|switch|p1a: Weavile|Weavile, F|76\/100\n|-damage|p1a: Weavile|51\/100|[from] Stealth Rock\n|-ability|p1a: Weavile|Pressure\n|\n|-heal|p2a: Heatran|88\/100|[from] move: Wish|[wisher] Umbreon\n|-heal|p2a: Heatran|95\/100|[from] item: Leftovers\n|upkeep\n|turn|84\n|\n|t:|1661793090\n|switch|p2a: Umbreon|Umbreon, F, shiny|89\/100 slp\n|move|p1a: Weavile|Low Kick|p2a: Umbreon\n|-supereffective|p2a: Umbreon\n|-damage|p2a: Umbreon|56\/100 slp\n|\n|upkeep\n|turn|85\n|\n|t:|1661793094\n|switch|p2a: Rillaboom|Rillaboom, M, shiny|54\/100\n|-fieldstart|move: Grassy Terrain|[from] ability: Grassy Surge|[of] p2a: Rillaboom\n|move|p1a: Weavile|Low Kick|p2a: Rillaboom\n|-damage|p2a: Rillaboom|14\/100\n|\n|-heal|p1a: Weavile|57\/100|[from] Grassy Terrain\n|-heal|p2a: Rillaboom|20\/100|[from] Grassy Terrain\n|upkeep\n|turn|86\n|\n|t:|1661793096\n|move|p2a: Rillaboom|Grassy Glide|p1a: Weavile\n|-damage|p1a: Weavile|0 fnt\n|faint|p1a: Weavile\n|\n|-heal|p2a: Rillaboom|26\/100|[from] Grassy Terrain\n|upkeep\n|\n|t:|1661793096\n|switch|p1a: Tangrowth|Tangrowth, F|100\/100\n|-damage|p1a: Tangrowth|88\/100|[from] Stealth Rock\n|turn|87\n|\n|t:|1661793101\n|switch|p2a: Heatran|Heatran, M|95\/100\n|move|p1a: Tangrowth|Knock Off|p2a: Heatran\n|-damage|p2a: Heatran|76\/100\n|-enditem|p2a: Heatran|Leftovers|[from] move: Knock Off|[of] p1a: Tangrowth\n|\n|-heal|p2a: Heatran|82\/100|[from] Grassy Terrain\n|-heal|p1a: Tangrowth|94\/100|[from] Grassy Terrain\n|upkeep\n|turn|88\n|\n|t:|1661793103\n|move|p2a: Heatran|Magma Storm|p1a: Tangrowth\n|-supereffective|p1a: Tangrowth\n|-damage|p1a: Tangrowth|0 fnt\n|faint|p1a: Tangrowth\n|\n|win|cump5\n|raw|minimax_ai's rating: 1642 &rarr; <strong>1621<\/strong><br \/>(-21 for losing)\n|raw|cump5's rating: 1625 &rarr; <strong>1646<\/strong><br \/>(+21 for winning)\n|c|\u2606minimax_ai|gg\n","uploadtime":1661793104,"views":42,"p1id":"minimaxai","p2id":"cump5","formatid":"gen8ou","rating":1621,"private":0,"password":null}