{"id":"gen8vgc2021-1220803539","p1":"bhkg","p2":"LTPZVGC","format":"gen8vgc2021","log":"|j|\u2606bhkg\n|j|\u2606LTPZVGC\n|t:|1605034933\n|player|p1|bhkg|266|1470\n|player|p2|LTPZVGC|169|1368\n|teamsize|p1|6\n|teamsize|p2|6\n|gametype|doubles\n|gen|8\n|tier|[Gen 8] VGC 2021\n|rated|\n|clearpoke\n|poke|p1|Buzzwole, L50|\n|poke|p1|Articuno-Galar, L50|\n|poke|p1|Raikou, L50|\n|poke|p1|Escavalier, L50, M|\n|poke|p1|Tapu Fini, L50|\n|poke|p1|Persian-Alola, L50, F|\n|poke|p2|Moltres-Galar, L50|\n|poke|p2|Heatran, L50, F|\n|poke|p2|Gyarados, L50, M|\n|poke|p2|Landorus-Therian, L50, M|\n|poke|p2|Raichu, L50, F|\n|poke|p2|Dusclops, L50, F|\n|rule|Species Clause: Limit one of each Pok\u00e9mon\n|rule|Item Clause: Limit one of each item\n|teampreview|4\n|\n|t:|1605034984\n|start\n|switch|p1a: Articuno|Articuno-Galar, L50|48\/48\n|switch|p1b: Raikou|Raikou, L50, shiny|48\/48\n|switch|p2a: Gyarados|Gyarados, L50, M, shiny|48\/48\n|switch|p2b: Raichu|Raichu, L50, F, shiny|48\/48\n|-item|p1b: Raikou|Air Balloon\n|turn|1\n|\n|t:|1605035017\n|-start|p1a: Articuno|Dynamax\n|-heal|p1a: Articuno|48\/48|[silent]\n|-start|p2a: Gyarados|Dynamax\n|-heal|p2a: Gyarados|48\/48|[silent]\n|move|p1b: Raikou|Reflect|p1b: Raikou\n|-sidestart|p1: bhkg|Reflect\n|move|p2b: Raichu|Nuzzle|p1a: Articuno\n|-supereffective|p1a: Articuno\n|-damage|p1a: Articuno|45\/48\n|-status|p1a: Articuno|par\n|-enditem|p1a: Articuno|Weakness Policy\n|-boost|p1a: Articuno|atk|2|[from] item: Weakness Policy\n|-boost|p1a: Articuno|spa|2|[from] item: Weakness Policy\n|move|p2a: Gyarados|Max Airstream|p1a: Articuno\n|-damage|p1a: Articuno|29\/48 par\n|-boost|p2a: Gyarados|spe|1\n|-boost|p2b: Raichu|spe|1\n|-damage|p2a: Gyarados|45\/48|[from] item: Life Orb\n|move|p1a: Articuno|Max Mindstorm|p2b: Raichu\n|-enditem|p2b: Raichu|Focus Sash\n|-damage|p2b: Raichu|1\/48\n|-fieldstart|move: Psychic Terrain\n|\n|upkeep\n|turn|2\n|\n|t:|1605035069\n|move|p2b: Raichu|Volt Tackle|p1a: Articuno\n|-supereffective|p1a: Articuno\n|-damage|p1a: Articuno|9\/48y par\n|-damage|p2b: Raichu|0 fnt|[from] Recoil\n|faint|p2b: Raichu\n|move|p2a: Gyarados|Max Airstream|p1a: Articuno\n|-damage|p1a: Articuno|0 fnt\n|-boost|p2a: Gyarados|spe|1\n|-damage|p2a: Gyarados|43\/48|[from] item: Life Orb\n|faint|p1a: Articuno\n|-ability|p2a: Gyarados|Moxie|boost\n|-boost|p2a: Gyarados|atk|1\n|move|p1b: Raikou|Snarl|p2a: Gyarados\n|-damage|p2a: Gyarados|39\/48\n|-unboost|p2a: Gyarados|spa|1\n|\n|upkeep\n|\n|t:|1605035105\n|switch|p2b: Landorus|Landorus-Therian, L50, M|48\/48\n|switch|p1a: Tapu Fini|Tapu Fini, L50|48\/48\n|-ability|p2b: Landorus|Intimidate|boost\n|-unboost|p1a: Tapu Fini|atk|1\n|-immune|p1b: Raikou|[from] ability: Inner Focus\n|-fieldstart|move: Misty Terrain|[from] ability: Misty Surge|[of] p1a: Tapu Fini\n|turn|3\n|\n|t:|1605035113\n|switch|p1b: Escavalier|Escavalier, L50, M|48\/48\n|move|p2a: Gyarados|Max Overgrowth|p1a: Tapu Fini\n|-supereffective|p1a: Tapu Fini\n|-damage|p1a: Tapu Fini|1\/48\n|-fieldstart|move: Grassy Terrain\n|-enditem|p1a: Tapu Fini|Mago Berry|[eat]\n|-heal|p1a: Tapu Fini|16\/48|[from] item: Mago Berry\n|-damage|p2a: Gyarados|36\/48|[from] item: Life Orb\n|move|p2b: Landorus|U-turn|p1b: Escavalier\n|-resisted|p1b: Escavalier\n|-damage|p1b: Escavalier|43\/48\n|\n|t:|1605035129\n|switch|p2b: Heatran|Heatran, L50, F|48\/48|[from]move: U-turn\n|-item|p2b: Heatran|Air Balloon\n|move|p1a: Tapu Fini|Ice Beam|p2b: Heatran\n|-resisted|p2b: Heatran\n|-damage|p2b: Heatran|45\/48\n|-enditem|p2b: Heatran|Air Balloon\n|\n|-heal|p1a: Tapu Fini|19\/48|[from] Grassy Terrain\n|-heal|p2b: Heatran|48\/48|[from] Grassy Terrain\n|-heal|p1b: Escavalier|46\/48|[from] Grassy Terrain\n|-end|p2a: Gyarados|Dynamax\n|-heal|p2a: Gyarados|36\/48|[silent]\n|upkeep\n|turn|4\n|\n|t:|1605035149\n|move|p2a: Gyarados|Power Whip|p1a: Tapu Fini|[miss]\n|-miss|p2a: Gyarados|p1a: Tapu Fini\n|move|p1a: Tapu Fini|Muddy Water|p2b: Heatran|[spread] p2a,p2b\n|-resisted|p2a: Gyarados\n|-supereffective|p2b: Heatran\n|-damage|p2a: Gyarados|30\/48\n|-damage|p2b: Heatran|27\/48\n|move|p2b: Heatran|Heat Wave|p1a: Tapu Fini|[spread] p1a\n|-miss|p2b: Heatran|p1b: Escavalier\n|-resisted|p1a: Tapu Fini\n|-damage|p1a: Tapu Fini|12\/48\n|move|p1b: Escavalier|Close Combat|p2b: Heatran\n|-supereffective|p2b: Heatran\n|-damage|p2b: Heatran|0 fnt\n|-unboost|p1b: Escavalier|def|1\n|-unboost|p1b: Escavalier|spd|1\n|-damage|p1b: Escavalier|41\/48|[from] item: Life Orb\n|faint|p2b: Heatran\n|\n|-heal|p1a: Tapu Fini|15\/48|[from] Grassy Terrain\n|-heal|p1b: Escavalier|44\/48|[from] Grassy Terrain\n|upkeep\n|c|\u2606LTPZVGC|My luck is the worst\n|\n|t:|1605035180\n|switch|p2b: Landorus|Landorus-Therian, L50, M|48\/48\n|-ability|p2b: Landorus|Intimidate|boost\n|-unboost|p1a: Tapu Fini|atk|1\n|-unboost|p1b: Escavalier|atk|1\n|turn|5\n|\n|t:|1605035201\n|move|p2a: Gyarados|Waterfall|p1b: Escavalier\n|-damage|p1b: Escavalier|1\/48\n|-damage|p2a: Gyarados|26\/48|[from] item: Life Orb\n|move|p2b: Landorus|Earthquake|p1a: Tapu Fini|[spread] p1a,p1b\n|-immune|p2a: Gyarados\n|-damage|p1a: Tapu Fini|9\/48y\n|-damage|p1b: Escavalier|0 fnt\n|faint|p1b: Escavalier\n|move|p1a: Tapu Fini|Ice Beam|p2b: Landorus\n|-supereffective|p2b: Landorus\n|-crit|p2b: Landorus\n|-damage|p2b: Landorus|0 fnt\n|faint|p2b: Landorus\n|\n|-heal|p1a: Tapu Fini|12\/48|[from] Grassy Terrain\n|-sideend|p1: bhkg|Reflect\n|upkeep\n|\n|t:|1605035213\n|switch|p1b: Raikou|Raikou, L50, shiny|48\/48\n|-item|p1b: Raikou|Air Balloon\n|turn|6\n|\n|t:|1605035242\n|move|p2a: Gyarados|Waterfall|p1b: Raikou\n|-damage|p1b: Raikou|1\/48\n|-enditem|p1b: Raikou|Air Balloon\n|-damage|p2a: Gyarados|21\/48|[from] item: Life Orb\n|move|p1b: Raikou|Thunderbolt|p2a: Gyarados\n|-supereffective|p2a: Gyarados\n|-damage|p2a: Gyarados|0 fnt\n|faint|p2a: Gyarados\n|\n|win|bhkg\n|c|\u2606LTPZVGC|Are you serious haha\n||Ladder (probably) updated, but score could not be retrieved (Request timeout).\n","uploadtime":1605035254,"views":25,"p1id":"bhkg","p2id":"ltpzvgc","formatid":"gen8vgc2021","rating":0,"private":0,"password":null}