{"id":"gen8ou-1257172989","p1":"Contorted Lies","p2":"StevePapa","format":"gen8ou","log":"|html|<div class=\"broadcast-blue\"><strong>[Gen 8] OU is currently suspecting Urshifu-S! For information on how to participate check out the <a href=\"https:\/\/www.smogon.com\/forums\/threads\/np-ss-ou-suspect-process-round-8-aint-no-rest-for-the-wicked.3675310\/\">suspect thread<\/a>.<\/strong><\/div>\n|j|\u2606Contorted Lies\n|j|\u2606StevePapa\n|t:|1609965661\n|player|p1|Contorted Lies|101|1793\n|player|p2|StevePapa|162|1720\n|teamsize|p1|6\n|teamsize|p2|6\n|gametype|singles\n|gen|8\n|tier|[Gen 8] OU\n|rated|\n|clearpoke\n|poke|p1|Pelipper, M|\n|poke|p1|Urshifu-*, M|\n|poke|p1|Omastar, F|\n|poke|p1|Ferrothorn, F|\n|poke|p1|Dragapult, F|\n|poke|p1|Krookodile, F|\n|poke|p2|Ferrothorn, M|\n|poke|p2|Rotom-Wash|\n|poke|p2|Hydreigon, M|\n|poke|p2|Dragapult, M|\n|poke|p2|Bisharp, M|\n|poke|p2|Hippowdon, M|\n|rule|Sleep Clause Mod: Limit one foe put to sleep\n|rule|Species Clause: Limit one of each Pok\u00e9mon\n|rule|OHKO Clause: OHKO moves are banned\n|rule|Evasion Moves Clause: Evasion moves are banned\n|rule|Endless Battle Clause: Forcing endless battles is banned\n|rule|HP Percentage Mod: HP is shown in percentages\n|rule|Dynamax Clause: You cannot dynamax\n|teampreview\n|j| tapu moxo\n|l| tapu moxo\n|\n|t:|1609965686\n|start\n|switch|p1a: Pelipper|Pelipper, M|100\/100\n|switch|p2a: Piped|Rotom-Wash, shiny|100\/100\n|-weather|RainDance|[from] ability: Drizzle|[of] p1a: Pelipper\n|turn|1\n|\n|t:|1609965695\n|switch|p1a: Ferrothorn|Ferrothorn, F|100\/100\n|move|p2a: Piped|Trick|p1a: Ferrothorn\n|-activate|p2a: Piped|move: Trick|[of] p1a: Ferrothorn\n|-item|p1a: Ferrothorn|Choice Scarf|[from] move: Trick\n|-item|p2a: Piped|Chople Berry|[from] move: Trick\n|\n|-weather|RainDance|[upkeep]\n|upkeep\n|turn|2\n|j| Congwuyu\n|\n|t:|1609965704\n|move|p2a: Piped|Hydro Pump|p1a: Ferrothorn\n|-resisted|p1a: Ferrothorn\n|-damage|p1a: Ferrothorn|77\/100\n|move|p1a: Ferrothorn|Stealth Rock|p2a: Piped\n|-sidestart|p2: StevePapa|move: Stealth Rock\n|\n|-weather|RainDance|[upkeep]\n|upkeep\n|turn|3\n|\n|t:|1609965722\n|switch|p1a: Dragapult|Dragapult, F|100\/100\n|move|p2a: Piped|Defog|p1a: Dragapult\n|-unboost|p1a: Dragapult|evasion|1\n|-sideend|p2: StevePapa|Stealth Rock|[from] move: Defog|[of] p2a: Piped\n|\n|-weather|RainDance|[upkeep]\n|upkeep\n|turn|4\n|j| Vessev\n|j| chrisnl1997\n|\n|t:|1609965731\n|move|p1a: Dragapult|Dragon Darts|p2a: Piped\n|-damage|p2a: Piped|63\/100\n|-anim|p1a: Dragapult|Dragon Darts|p2a: Piped\n|-damage|p2a: Piped|24\/100\n|-damage|p1a: Dragapult|91\/100|[from] item: Life Orb\n|move|p2a: Piped|Volt Switch|p1a: Dragapult\n|-resisted|p1a: Dragapult\n|-damage|p1a: Dragapult|73\/100\n|\n|t:|1609965740\n|switch|p2a: 69 Me!|Ferrothorn, M|100\/100|[from]move: Volt Switch\n|\n|-weather|RainDance|[upkeep]\n|upkeep\n|turn|5\n|\n|t:|1609965748\n|switch|p1a: Ferrothorn|Ferrothorn, F|77\/100\n|move|p2a: 69 Me!|Gyro Ball|p1a: Ferrothorn\n|-resisted|p1a: Ferrothorn\n|-damage|p1a: Ferrothorn|71\/100\n|-damage|p2a: 69 Me!|88\/100|[from] ability: Iron Barbs|[of] p1a: Ferrothorn\n|\n|-weather|none\n|-heal|p2a: 69 Me!|94\/100|[from] item: Leftovers\n|upkeep\n|turn|6\n|\n|t:|1609965757\n|switch|p2a: Piped|Rotom-Wash, shiny|24\/100\n|move|p1a: Ferrothorn|Body Press|p2a: Piped\n|-crit|p2a: Piped\n|-damage|p2a: Piped|0 fnt\n|faint|p2a: Piped\n|\n|upkeep\n|\n|t:|1609965763\n|switch|p2a: Hiroshima|Dragapult, M, shiny|100\/100\n|turn|7\n|\n|t:|1609965774\n|switch|p1a: Krookodile|Krookodile, F|100\/100\n|move|p2a: Hiroshima|Draco Meteor|p1a: Krookodile|[miss]\n|-miss|p2a: Hiroshima|p1a: Krookodile\n|\n|upkeep\n|turn|8\n|\n|t:|1609965781\n|move|p1a: Krookodile|Knock Off|p2a: Hiroshima\n|-supereffective|p2a: Hiroshima\n|-damage|p2a: Hiroshima|0 fnt\n|-enditem|p2a: Hiroshima|Choice Specs|[from] move: Knock Off|[of] p1a: Krookodile\n|faint|p2a: Hiroshima\n|-ability|p1a: Krookodile|Moxie|boost\n|-boost|p1a: Krookodile|atk|1\n|\n|upkeep\n|\n|t:|1609965790\n|switch|p2a: Inbred|Hydreigon, M|100\/100\n|turn|9\n|j| lark134\n|\n|t:|1609965795\n|switch|p1a: Ferrothorn|Ferrothorn, F|71\/100\n|move|p2a: Inbred|Draco Meteor|p1a: Ferrothorn\n|-resisted|p1a: Ferrothorn\n|-damage|p1a: Ferrothorn|42\/100\n|-unboost|p2a: Inbred|spa|2\n|\n|upkeep\n|turn|10\n|\n|t:|1609965806\n|switch|p2a: 69 Me!|Ferrothorn, M|94\/100\n|switch|p1a: Pelipper|Pelipper, M|100\/100\n|-weather|RainDance|[from] ability: Drizzle|[of] p1a: Pelipper\n|\n|-weather|RainDance|[upkeep]\n|-heal|p2a: 69 Me!|99\/100|[from] item: Leftovers\n|upkeep\n|turn|11\n|\n|t:|1609965814\n|switch|p2a: Jeff|Hippowdon, M|100\/100\n|-weather|Sandstorm|[from] ability: Sand Stream|[of] p2a: Jeff\n|move|p1a: Pelipper|Hurricane|p2a: Jeff\n|-damage|p2a: Jeff|31\/100\n|\n|-weather|Sandstorm|[upkeep]\n|-damage|p1a: Pelipper|94\/100|[from] Sandstorm\n|-heal|p2a: Jeff|37\/100|[from] item: Leftovers\n|upkeep\n|turn|12\n|\n|t:|1609965826\n|switch|p2a: 69 Me!|Ferrothorn, M|99\/100\n|move|p1a: Pelipper|Hurricane|p2a: 69 Me!\n|-damage|p2a: 69 Me!|42\/100\n|\n|-weather|Sandstorm|[upkeep]\n|-damage|p1a: Pelipper|88\/100|[from] Sandstorm\n|-heal|p2a: 69 Me!|48\/100|[from] item: Leftovers\n|upkeep\n|turn|13\n|\n|t:|1609965834\n|switch|p1a: Ferrothorn|Ferrothorn, F|42\/100\n|move|p2a: 69 Me!|Stealth Rock|p1a: Ferrothorn\n|-sidestart|p1: Contorted Lies|move: Stealth Rock\n|\n|-weather|Sandstorm|[upkeep]\n|-heal|p2a: 69 Me!|54\/100|[from] item: Leftovers\n|upkeep\n|turn|14\n|j| EbacPiS\n|\n|t:|1609965840\n|move|p2a: 69 Me!|Protect|p2a: 69 Me!\n|-singleturn|p2a: 69 Me!|Protect\n|move|p1a: Ferrothorn|Stealth Rock|p2a: 69 Me!\n|-sidestart|p2: StevePapa|move: Stealth Rock\n|\n|-weather|Sandstorm|[upkeep]\n|-heal|p2a: 69 Me!|60\/100|[from] item: Leftovers\n|upkeep\n|turn|15\n|\n|t:|1609965847\n|switch|p1a: Pelipper|Pelipper, M|88\/100\n|-damage|p1a: Pelipper|63\/100|[from] Stealth Rock\n|-weather|RainDance|[from] ability: Drizzle|[of] p1a: Pelipper\n|move|p2a: 69 Me!|Leech Seed|p1a: Pelipper\n|-start|p1a: Pelipper|move: Leech Seed\n|\n|-weather|RainDance|[upkeep]\n|-heal|p2a: 69 Me!|66\/100|[from] item: Leftovers\n|-damage|p1a: Pelipper|51\/100|[from] Leech Seed|[of] p2a: 69 Me!\n|-heal|p2a: 69 Me!|76\/100|[silent]\n|upkeep\n|turn|16\n|j| JJKidSkills\n|\n|t:|1609965857\n|switch|p1a: Urshifu|Urshifu-Rapid-Strike, M|100\/100\n|-damage|p1a: Urshifu|94\/100|[from] Stealth Rock\n|move|p2a: 69 Me!|Protect||[still]\n|-fail|p2a: 69 Me!\n|\n|-weather|RainDance|[upkeep]\n|-heal|p2a: 69 Me!|82\/100|[from] item: Leftovers\n|upkeep\n|turn|17\n|\n|t:|1609965864\n|switch|p2a: Jeff|Hippowdon, M|37\/100\n|-damage|p2a: Jeff|31\/100|[from] Stealth Rock\n|-weather|Sandstorm|[from] ability: Sand Stream|[of] p2a: Jeff\n|move|p1a: Urshifu|Close Combat|p2a: Jeff\n|-damage|p2a: Jeff|0 fnt\n|-unboost|p1a: Urshifu|def|1\n|-unboost|p1a: Urshifu|spd|1\n|faint|p2a: Jeff\n|\n|-weather|Sandstorm|[upkeep]\n|-damage|p1a: Urshifu|88\/100|[from] Sandstorm\n|upkeep\n|\n|t:|1609965878\n|switch|p2a: Inbred|Hydreigon, M|100\/100\n|-damage|p2a: Inbred|88\/100|[from] Stealth Rock\n|turn|18\n|\n|t:|1609965891\n|switch|p1a: Ferrothorn|Ferrothorn, F|42\/100\n|-damage|p1a: Ferrothorn|36\/100|[from] Stealth Rock\n|move|p2a: Inbred|Flamethrower|p1a: Ferrothorn\n|-supereffective|p1a: Ferrothorn\n|-damage|p1a: Ferrothorn|0 fnt\n|faint|p1a: Ferrothorn\n|\n|-weather|Sandstorm|[upkeep]\n|-damage|p2a: Inbred|82\/100|[from] Sandstorm\n|upkeep\n|\n|t:|1609965894\n|switch|p1a: Pelipper|Pelipper, M|51\/100\n|-damage|p1a: Pelipper|26\/100|[from] Stealth Rock\n|-weather|RainDance|[from] ability: Drizzle|[of] p1a: Pelipper\n|turn|19\n|\n|t:|1609965904\n|switch|p2a: 69 Me!|Ferrothorn, M|82\/100\n|-damage|p2a: 69 Me!|76\/100|[from] Stealth Rock\n|move|p1a: Pelipper|Hurricane|p2a: 69 Me!\n|-damage|p2a: 69 Me!|17\/100\n|\n|-weather|RainDance|[upkeep]\n|-heal|p2a: 69 Me!|23\/100|[from] item: Leftovers\n|upkeep\n|turn|20\n|\n|t:|1609965913\n|move|p1a: Pelipper|Hurricane|p2a: 69 Me!\n|-damage|p2a: 69 Me!|0 fnt\n|faint|p2a: 69 Me!\n|\n|-weather|RainDance|[upkeep]\n|upkeep\n|j| Flamaxim\n|\n|t:|1609965921\n|switch|p2a: Trunks|Bisharp, M, shiny|100\/100\n|-damage|p2a: Trunks|94\/100|[from] Stealth Rock\n|turn|21\n|\n|t:|1609965928\n|switch|p1a: Urshifu|Urshifu-Rapid-Strike, M|88\/100\n|-damage|p1a: Urshifu|82\/100|[from] Stealth Rock\n|move|p2a: Trunks|Knock Off|p1a: Urshifu\n|-resisted|p1a: Urshifu\n|-damage|p1a: Urshifu|44\/100\n|-enditem|p1a: Urshifu|Choice Band|[from] move: Knock Off|[of] p2a: Trunks\n|\n|-weather|RainDance|[upkeep]\n|upkeep\n|turn|22\n|\n|t:|1609965937\n|move|p1a: Urshifu|Close Combat|p2a: Trunks\n|-supereffective|p2a: Trunks\n|-damage|p2a: Trunks|0 fnt\n|-unboost|p1a: Urshifu|def|1\n|-unboost|p1a: Urshifu|spd|1\n|faint|p2a: Trunks\n|\n|-weather|RainDance|[upkeep]\n|upkeep\n|\n|t:|1609965943\n|switch|p2a: Inbred|Hydreigon, M|82\/100\n|-damage|p2a: Inbred|70\/100|[from] Stealth Rock\n|turn|23\n|\n|t:|1609965950\n|move|p2a: Inbred|Dark Pulse|p1a: Urshifu\n|-resisted|p1a: Urshifu\n|-damage|p1a: Urshifu|0 fnt\n|faint|p1a: Urshifu\n|\n|-weather|none\n|upkeep\n|\n|t:|1609965953\n|switch|p1a: Krookodile|Krookodile, F|100\/100\n|-damage|p1a: Krookodile|94\/100|[from] Stealth Rock\n|turn|24\n|\n|t:|1609965957\n|move|p1a: Krookodile|Close Combat|p2a: Inbred\n|-supereffective|p2a: Inbred\n|-damage|p2a: Inbred|0 fnt\n|-unboost|p1a: Krookodile|def|1\n|-unboost|p1a: Krookodile|spd|1\n|faint|p2a: Inbred\n|\n|win|Contorted Lies\n|l|\u2606StevePapa\n|l|\u2606Contorted Lies\n","uploadtime":1609965964,"views":45,"p1id":"contortedlies","p2id":"stevepapa","formatid":"gen8ou","rating":0,"private":0,"password":null}