{"id":"gen8ou-1668971293","p1":"Kwaga","p2":"uuuuiiii","format":"gen8ou","log":"|j|\u2606Kwaga\n|j|\u2606uuuuiiii\n|t:|1663996214\n|gametype|singles\n|player|p1|Kwaga|ginter|1696\n|player|p2|uuuuiiii|skyla|1624\n|teamsize|p1|6\n|teamsize|p2|6\n|gen|8\n|tier|[Gen 8] OU\n|rated|\n|rule|Sleep Clause Mod: Limit one foe put to sleep\n|rule|Species Clause: Limit one of each Pok\u00e9mon\n|rule|OHKO Clause: OHKO moves are banned\n|rule|Evasion Items Clause: Evasion items are banned\n|rule|Evasion Moves Clause: Evasion moves are banned\n|rule|Endless Battle Clause: Forcing endless battles is banned\n|rule|HP Percentage Mod: HP is shown in percentages\n|rule|Dynamax Clause: You cannot dynamax\n|clearpoke\n|poke|p1|Kartana|\n|poke|p1|Tapu Lele|\n|poke|p1|Tornadus-Therian, M|\n|poke|p1|Hippowdon, F|\n|poke|p1|Umbreon, F|\n|poke|p1|Toxapex, M|\n|poke|p2|Heatran, M|\n|poke|p2|Zeraora|\n|poke|p2|Rotom-Wash|\n|poke|p2|Slowking-Galar, M|\n|poke|p2|Landorus-Therian, M|\n|poke|p2|Tornadus-Therian, M|\n|teampreview\n|inactive|Battle timer is ON: inactive players will automatically lose when time's up. (requested by uuuuiiii)\n|\n|t:|1663996234\n|start\n|switch|p1a: Tapu Lele|Tapu Lele|100\/100\n|switch|p2a: Landorus|Landorus-Therian, M|100\/100\n|-fieldstart|move: Psychic Terrain|[from] ability: Psychic Surge|[of] p1a: Tapu Lele\n|-ability|p2a: Landorus|Intimidate|boost\n|-unboost|p1a: Tapu Lele|atk|1\n|turn|1\n|\n|t:|1663996242\n|move|p1a: Tapu Lele|Psyshock|p2a: Landorus\n|-damage|p2a: Landorus|37\/100\n|move|p2a: Landorus|Toxic|p1a: Tapu Lele\n|-status|p1a: Tapu Lele|tox\n|\n|-heal|p2a: Landorus|43\/100|[from] item: Leftovers\n|-damage|p1a: Tapu Lele|94\/100 tox|[from] psn\n|upkeep\n|turn|2\n|\n|t:|1663996254\n|move|p1a: Tapu Lele|Psyshock|p2a: Landorus\n|-damage|p2a: Landorus|0 fnt\n|faint|p2a: Landorus\n|\n|-damage|p1a: Tapu Lele|82\/100 tox|[from] psn\n|upkeep\n|\n|t:|1663996261\n|switch|p2a: Tornadus|Tornadus-Therian, M|100\/100\n|turn|3\n|\n|t:|1663996287\n|switch|p1a: Tornadus|Tornadus-Therian, M, shiny|100\/100\n|move|p2a: Tornadus|Knock Off|p1a: Tornadus\n|-damage|p1a: Tornadus|80\/100\n|-enditem|p1a: Tornadus|Heavy-Duty Boots|[from] move: Knock Off|[of] p2a: Tornadus\n|\n|upkeep\n|turn|4\n|\n|t:|1663996291\n|move|p2a: Tornadus|Hurricane|p1a: Tornadus|[miss]\n|-miss|p2a: Tornadus|p1a: Tornadus\n|move|p1a: Tornadus|Knock Off|p2a: Tornadus\n|-damage|p2a: Tornadus|76\/100\n|-enditem|p2a: Tornadus|Assault Vest|[from] move: Knock Off|[of] p1a: Tornadus\n|\n|upkeep\n|turn|5\n|\n|t:|1663996305\n|move|p2a: Tornadus|Hurricane|p1a: Tornadus\n|-damage|p1a: Tornadus|36\/100\n|move|p1a: Tornadus|Hurricane|p2a: Tornadus\n|-damage|p2a: Tornadus|37\/100\n|\n|-fieldend|move: Psychic Terrain\n|upkeep\n|turn|6\n|\n|t:|1663996308\n|switch|p1a: Hippowdon|Hippowdon, F|100\/100\n|-weather|Sandstorm|[from] ability: Sand Stream|[of] p1a: Hippowdon\n|move|p2a: Tornadus|U-turn|p1a: Hippowdon\n|-damage|p1a: Hippowdon|90\/100\n|\n|t:|1663996310\n|switch|p2a: Heatran|Heatran, M|100\/100|[from]move: U-turn\n|-item|p2a: Heatran|Air Balloon\n|\n|-weather|Sandstorm|[upkeep]\n|-heal|p1a: Hippowdon|96\/100|[from] item: Leftovers\n|upkeep\n|turn|7\n|\n|t:|1663996314\n|switch|p1a: Toxapex|Toxapex, M|100\/100\n|move|p2a: Heatran|Magma Storm|p1a: Toxapex\n|-resisted|p1a: Toxapex\n|-damage|p1a: Toxapex|78\/100\n|-activate|p1a: Toxapex|move: Magma Storm|[of] p2a: Heatran\n|\n|-weather|Sandstorm|[upkeep]\n|-damage|p1a: Toxapex|72\/100|[from] Sandstorm\n|-damage|p1a: Toxapex|60\/100|[from] move: Magma Storm|[partiallytrapped]\n|upkeep\n|turn|8\n|\n|t:|1663996325\n|switch|p2a: Rotom|Rotom-Wash|100\/100\n|move|p1a: Toxapex|Scald|p2a: Rotom\n|-resisted|p2a: Rotom\n|-damage|p2a: Rotom|92\/100\n|\n|-weather|Sandstorm|[upkeep]\n|-damage|p2a: Rotom|86\/100|[from] Sandstorm\n|-damage|p1a: Toxapex|54\/100|[from] Sandstorm\n|-heal|p2a: Rotom|92\/100|[from] item: Leftovers\n|-end|p1a: Toxapex|Magma Storm|[partiallytrapped]|[silent]\n|upkeep\n|turn|9\n|\n|t:|1663996330\n|move|p2a: Rotom|Volt Switch|p1a: Toxapex\n|-supereffective|p1a: Toxapex\n|-damage|p1a: Toxapex|15\/100\n|\n|t:|1663996332\n|switch|p2a: Zeraora|Zeraora|100\/100|[from]move: Volt Switch\n|move|p1a: Toxapex|Recover|p1a: Toxapex\n|-heal|p1a: Toxapex|65\/100\n|\n|-weather|Sandstorm|[upkeep]\n|-damage|p2a: Zeraora|95\/100|[from] Sandstorm\n|-damage|p1a: Toxapex|59\/100|[from] Sandstorm\n|upkeep\n|turn|10\n|\n|t:|1663996336\n|switch|p2a: Heatran|Heatran, M|100\/100\n|-item|p2a: Heatran|Air Balloon\n|switch|p1a: Hippowdon|Hippowdon, F|96\/100\n|\n|-weather|none\n|-heal|p1a: Hippowdon|100\/100|[from] item: Leftovers\n|upkeep\n|turn|11\n|\n|t:|1663996342\n|switch|p1a: Toxapex|Toxapex, M|92\/100\n|move|p2a: Heatran|Magma Storm|p1a: Toxapex|[miss]\n|-miss|p2a: Heatran|p1a: Toxapex\n|\n|upkeep\n|turn|12\n|\n|t:|1663996348\n|move|p2a: Heatran|Earth Power|p1a: Toxapex\n|-supereffective|p1a: Toxapex\n|-damage|p1a: Toxapex|36\/100\n|move|p1a: Toxapex|Knock Off|p2a: Heatran\n|-damage|p2a: Heatran|84\/100\n|-enditem|p2a: Heatran|Air Balloon\n|\n|upkeep\n|turn|13\n|\n|t:|1663996351\n|switch|p1a: Hippowdon|Hippowdon, F|100\/100\n|-weather|Sandstorm|[from] ability: Sand Stream|[of] p1a: Hippowdon\n|move|p2a: Heatran|Magma Storm|p1a: Hippowdon\n|-damage|p1a: Hippowdon|61\/100\n|-activate|p1a: Hippowdon|move: Magma Storm|[of] p2a: Heatran\n|\n|-weather|Sandstorm|[upkeep]\n|-heal|p1a: Hippowdon|67\/100|[from] item: Leftovers\n|-damage|p1a: Hippowdon|55\/100|[from] move: Magma Storm|[partiallytrapped]\n|upkeep\n|turn|14\n|\n|t:|1663996354\n|move|p2a: Heatran|Eruption|p1a: Hippowdon\n|-damage|p1a: Hippowdon|12\/100\n|move|p1a: Hippowdon|Slack Off|p1a: Hippowdon\n|-heal|p1a: Hippowdon|62\/100\n|\n|-weather|Sandstorm|[upkeep]\n|-heal|p1a: Hippowdon|68\/100|[from] item: Leftovers\n|-damage|p1a: Hippowdon|56\/100|[from] move: Magma Storm|[partiallytrapped]\n|upkeep\n|turn|15\n|\n|t:|1663996360\n|switch|p2a: Tornadus|Tornadus-Therian, M|70\/100\n|move|p1a: Hippowdon|Stealth Rock|p2a: Tornadus\n|-sidestart|p2: uuuuiiii|move: Stealth Rock\n|\n|-weather|Sandstorm|[upkeep]\n|-damage|p2a: Tornadus|64\/100|[from] Sandstorm\n|-heal|p1a: Hippowdon|62\/100|[from] item: Leftovers\n|-end|p1a: Hippowdon|Magma Storm|[partiallytrapped]|[silent]\n|upkeep\n|turn|16\n|\n|t:|1663996363\n|move|p2a: Tornadus|Knock Off|p1a: Hippowdon\n|-damage|p1a: Hippowdon|48\/100\n|-enditem|p1a: Hippowdon|Leftovers|[from] move: Knock Off|[of] p2a: Tornadus\n|move|p1a: Hippowdon|Slack Off|p1a: Hippowdon\n|-heal|p1a: Hippowdon|98\/100\n|\n|-weather|Sandstorm|[upkeep]\n|-damage|p2a: Tornadus|58\/100|[from] Sandstorm\n|upkeep\n|turn|17\n|\n|t:|1663996366\n|move|p2a: Tornadus|Hurricane|p1a: Hippowdon\n|-damage|p1a: Hippowdon|70\/100\n|move|p1a: Hippowdon|Toxic|p2a: Tornadus\n|-status|p2a: Tornadus|tox\n|\n|-weather|none\n|-damage|p2a: Tornadus|52\/100 tox|[from] psn\n|upkeep\n|turn|18\n|\n|t:|1663996368\n|move|p2a: Tornadus|U-turn|p1a: Hippowdon\n|-damage|p1a: Hippowdon|59\/100\n|\n|t:|1663996370\n|switch|p2a: Rotom|Rotom-Wash|92\/100|[from]move: U-turn\n|-damage|p2a: Rotom|80\/100|[from] Stealth Rock\n|move|p1a: Hippowdon|Slack Off|p1a: Hippowdon\n|-heal|p1a: Hippowdon|100\/100\n|\n|-heal|p2a: Rotom|86\/100|[from] item: Leftovers\n|upkeep\n|turn|19\n|\n|t:|1663996374\n|switch|p1a: Toxapex|Toxapex, M|69\/100\n|move|p2a: Rotom|Will-O-Wisp|p1a: Toxapex\n|-status|p1a: Toxapex|brn\n|\n|-heal|p2a: Rotom|92\/100|[from] item: Leftovers\n|-damage|p1a: Toxapex|64\/100 brn|[from] brn\n|upkeep\n|turn|20\n|\n|t:|1663996377\n|move|p2a: Rotom|Defog|p1a: Toxapex\n|-unboost|p1a: Toxapex|evasion|1\n|-sideend|p2: uuuuiiii|Stealth Rock|[from] move: Defog|[of] p2a: Rotom\n|move|p1a: Toxapex|Recover|p1a: Toxapex\n|-heal|p1a: Toxapex|100\/100 brn\n|\n|-heal|p2a: Rotom|98\/100|[from] item: Leftovers\n|-damage|p1a: Toxapex|95\/100 brn|[from] brn\n|upkeep\n|turn|21\n|\n|t:|1663996379\n|move|p2a: Rotom|Volt Switch|p1a: Toxapex\n|-supereffective|p1a: Toxapex\n|-damage|p1a: Toxapex|50\/100 brn\n|\n|t:|1663996381\n|switch|p2a: Heatran|Heatran, M|84\/100|[from]move: Volt Switch\n|move|p1a: Toxapex|Scald|p2a: Heatran\n|-supereffective|p2a: Heatran\n|-damage|p2a: Heatran|51\/100\n|\n|-damage|p1a: Toxapex|44\/100 brn|[from] brn\n|upkeep\n|turn|22\n|\n|t:|1663996386\n|switch|p1a: Hippowdon|Hippowdon, F|100\/100\n|-weather|Sandstorm|[from] ability: Sand Stream|[of] p1a: Hippowdon\n|move|p2a: Heatran|Magma Storm|p1a: Hippowdon\n|-damage|p1a: Hippowdon|62\/100\n|-activate|p1a: Hippowdon|move: Magma Storm|[of] p2a: Heatran\n|\n|-weather|Sandstorm|[upkeep]\n|-damage|p1a: Hippowdon|49\/100|[from] move: Magma Storm|[partiallytrapped]\n|upkeep\n|turn|23\n|\n|t:|1663996389\n|move|p2a: Heatran|Taunt|p1a: Hippowdon\n|-start|p1a: Hippowdon|move: Taunt\n|move|p1a: Hippowdon|Earthquake|p2a: Heatran\n|-supereffective|p2a: Heatran\n|-crit|p2a: Heatran\n|-damage|p2a: Heatran|0 fnt\n|faint|p2a: Heatran\n|\n|-weather|Sandstorm|[upkeep]\n|-end|p1a: Hippowdon|Magma Storm|[partiallytrapped]|[silent]\n|upkeep\n|\n|t:|1663996392\n|switch|p2a: Slowking|Slowking-Galar, M|100\/100\n|turn|24\n|\n|t:|1663996396\n|switch|p1a: Tornadus|Tornadus-Therian, M, shiny|69\/100\n|move|p2a: Slowking|Flamethrower|p1a: Tornadus\n|-damage|p1a: Tornadus|45\/100\n|\n|-weather|Sandstorm|[upkeep]\n|-damage|p1a: Tornadus|39\/100|[from] Sandstorm\n|-damage|p2a: Slowking|94\/100|[from] Sandstorm\n|upkeep\n|turn|25\n|-message|uuuuiiii forfeited.\n|\n|win|Kwaga\n|raw|Kwaga's rating: 1676 &rarr; <strong>1693<\/strong><br \/>(+17 for winning)\n|raw|uuuuiiii's rating: 1624 &rarr; <strong>1607<\/strong><br \/>(-17 for losing)\n|l|\u2606uuuuiiii\n","uploadtime":1663996400,"views":33,"p1id":"kwaga","p2id":"uuuuiiii","formatid":"gen8ou","rating":1607,"private":0,"password":null}