{"id":"gen8ubers-1674913292","p1":"Kikoobuster","p2":"LucarioisBestttt)","format":"gen8ubers","log":"|j|\u2606Kikoobuster\n|j|\u2606LucarioisBestttt)\n|t:|1664623282\n|gametype|singles\n|player|p1|Kikoobuster|265|1092\n|player|p2|LucarioisBestttt)|unknown|1195\n|teamsize|p1|6\n|teamsize|p2|6\n|gen|8\n|tier|[Gen 8] Ubers\n|rated|\n|rule|Sleep Clause Mod: Limit one foe put to sleep\n|rule|Species Clause: Limit one of each Pok\u00e9mon\n|rule|OHKO Clause: OHKO moves are banned\n|rule|Evasion Items Clause: Evasion items are banned\n|rule|Evasion Moves Clause: Evasion moves are banned\n|rule|Endless Battle Clause: Forcing endless battles is banned\n|rule|HP Percentage Mod: HP is shown in percentages\n|rule|Dynamax Clause: You cannot dynamax\n|clearpoke\n|poke|p1|Excadrill, F|\n|poke|p1|Lycanroc-Dusk, F|\n|poke|p1|Hawlucha, F|\n|poke|p1|Zeraora|\n|poke|p1|Cinderace, F|\n|poke|p1|Rillaboom, M|\n|poke|p2|Marshadow|\n|poke|p2|Groudon|\n|poke|p2|Ho-Oh|\n|poke|p2|Necrozma-Dusk-Mane|\n|poke|p2|Eternatus|\n|poke|p2|Yveltal|\n|teampreview\n|inactive|Battle timer is ON: inactive players will automatically lose when time's up. (requested by Kikoobuster)\n|\n|t:|1664623291\n|start\n|switch|p1a: Lycanroc|Lycanroc-Dusk, F|100\/100\n|switch|p2a: Groudon|Groudon, shiny|100\/100\n|-weather|SunnyDay|[from] ability: Drought|[of] p2a: Groudon\n|turn|1\n|\n|t:|1664623298\n|move|p1a: Lycanroc|Stealth Rock|p2a: Groudon\n|-sidestart|p2: LucarioisBestttt)|move: Stealth Rock\n|move|p2a: Groudon|Stealth Rock|p1a: Lycanroc\n|-sidestart|p1: Kikoobuster|move: Stealth Rock\n|\n|-weather|SunnyDay|[upkeep]\n|upkeep\n|turn|2\n|\n|t:|1664623305\n|move|p1a: Lycanroc|Taunt|p2a: Groudon\n|-start|p2a: Groudon|move: Taunt\n|move|p2a: Groudon|Precipice Blades|p1a: Lycanroc\n|-supereffective|p1a: Lycanroc\n|-enditem|p1a: Lycanroc|Focus Sash\n|-damage|p1a: Lycanroc|1\/100\n|\n|-weather|SunnyDay|[upkeep]\n|upkeep\n|turn|3\n|\n|t:|1664623313\n|move|p1a: Lycanroc|Endeavor|p2a: Groudon\n|-damage|p2a: Groudon|1\/100\n|move|p2a: Groudon|Precipice Blades|p1a: Lycanroc|[miss]\n|-miss|p2a: Groudon|p1a: Lycanroc\n|\n|-weather|SunnyDay|[upkeep]\n|-heal|p2a: Groudon|7\/100|[from] item: Leftovers\n|upkeep\n|turn|4\n|c|\u2606LucarioisBestttt)|Miss dude?\n|\n|t:|1664623323\n|move|p1a: Lycanroc|Accelerock|p2a: Groudon\n|-resisted|p2a: Groudon\n|-damage|p2a: Groudon|1\/100\n|move|p2a: Groudon|Precipice Blades|p1a: Lycanroc\n|-supereffective|p1a: Lycanroc\n|-damage|p1a: Lycanroc|0 fnt\n|faint|p1a: Lycanroc\n|\n|-weather|SunnyDay|[upkeep]\n|-heal|p2a: Groudon|7\/100|[from] item: Leftovers\n|-end|p2a: Groudon|move: Taunt\n|upkeep\n|c|\u2606LucarioisBestttt)|alr there\n|\n|t:|1664623336\n|switch|p1a: Excadrill|Excadrill, F, shiny|100\/100\n|-damage|p1a: Excadrill|97\/100|[from] Stealth Rock\n|-ability|p1a: Excadrill|Mold Breaker\n|turn|5\n|\n|t:|1664623341\n|move|p1a: Excadrill|Rapid Spin|p2a: Groudon\n|-damage|p2a: Groudon|0 fnt\n|-boost|p1a: Excadrill|spe|1\n|-sideend|p1: Kikoobuster|Stealth Rock|[from] move: Rapid Spin|[of] p1a: Excadrill\n|faint|p2a: Groudon\n|\n|-weather|none\n|upkeep\n|\n|t:|1664623347\n|switch|p2a: Marshadow|Marshadow|100\/100\n|-damage|p2a: Marshadow|94\/100|[from] Stealth Rock\n|turn|6\n|\n|t:|1664623355\n|move|p1a: Excadrill|Iron Head|p2a: Marshadow\n|-damage|p2a: Marshadow|42\/100\n|move|p2a: Marshadow|Low Kick|p1a: Excadrill\n|-supereffective|p1a: Excadrill\n|-damage|p1a: Excadrill|0 fnt\n|faint|p1a: Excadrill\n|-damage|p2a: Marshadow|32\/100|[from] item: Life Orb\n|\n|upkeep\n|\n|t:|1664623361\n|switch|p1a: Zeraora|Zeraora|100\/100\n|turn|7\n|\n|t:|1664623366\n|move|p1a: Zeraora|Plasma Fists|p2a: Marshadow\n|-damage|p2a: Marshadow|0 fnt\n|-fieldactivate|move: Ion Deluge\n|-hint|Normal-type moves become Electric-type after using Plasma Fists.\n|faint|p2a: Marshadow\n|\n|upkeep\n|\n|t:|1664623375\n|switch|p2a: Necrozma|Necrozma-Dusk-Mane, shiny|100\/100\n|-damage|p2a: Necrozma|94\/100|[from] Stealth Rock\n|turn|8\n|\n|t:|1664623387\n|move|p1a: Zeraora|Plasma Fists|p2a: Necrozma\n|-damage|p2a: Necrozma|61\/100\n|-fieldactivate|move: Ion Deluge\n|-hint|Normal-type moves become Electric-type after using Plasma Fists.\n|move|p2a: Necrozma|Dragon Dance|p2a: Necrozma\n|-boost|p2a: Necrozma|atk|1\n|-boost|p2a: Necrozma|spe|1\n|\n|-heal|p2a: Necrozma|67\/100|[from] item: Leftovers\n|upkeep\n|turn|9\n|c|\u2606LucarioisBestttt)|so how u feeling\n|\n|t:|1664623397\n|switch|p1a: Rillaboom|Rillaboom, M|100\/100\n|-fieldstart|move: Grassy Terrain|[from] ability: Grassy Surge|[of] p1a: Rillaboom\n|move|p2a: Necrozma|Dragon Dance|p2a: Necrozma\n|-boost|p2a: Necrozma|atk|1\n|-boost|p2a: Necrozma|spe|1\n|\n|-heal|p2a: Necrozma|73\/100|[from] Grassy Terrain\n|-heal|p2a: Necrozma|79\/100|[from] item: Leftovers\n|upkeep\n|turn|10\n|\n|t:|1664623409\n|move|p2a: Necrozma|Sunsteel Strike|p1a: Rillaboom\n|-damage|p1a: Rillaboom|0 fnt\n|faint|p1a: Rillaboom\n|\n|-heal|p2a: Necrozma|85\/100|[from] Grassy Terrain\n|-heal|p2a: Necrozma|91\/100|[from] item: Leftovers\n|upkeep\n|c|\u2606LucarioisBestttt)|how u feeling\n|\n|t:|1664623418\n|switch|p1a: Hawlucha|Hawlucha, F, shiny|100\/100\n|-enditem|p1a: Hawlucha|Grassy Seed\n|-boost|p1a: Hawlucha|def|1|[from] item: Grassy Seed\n|turn|11\n|\n|t:|1664623423\n|move|p1a: Hawlucha|Close Combat|p2a: Necrozma\n|-damage|p2a: Necrozma|55\/100\n|-unboost|p1a: Hawlucha|def|1\n|-unboost|p1a: Hawlucha|spd|1\n|move|p2a: Necrozma|Sunsteel Strike|p1a: Hawlucha\n|-damage|p1a: Hawlucha|0 fnt\n|faint|p1a: Hawlucha\n|\n|-heal|p2a: Necrozma|61\/100|[from] Grassy Terrain\n|-heal|p2a: Necrozma|67\/100|[from] item: Leftovers\n|upkeep\n|\n|t:|1664623427\n|switch|p1a: Cinderace|Cinderace, F|100\/100\n|turn|12\n|c|\u2606LucarioisBestttt)|how u feeling about this guy\n|\n|t:|1664623441\n|move|p1a: Cinderace|Sucker Punch|p2a: Necrozma\n|-start|p1a: Cinderace|typechange|Dark|[from] ability: Libero\n|-supereffective|p2a: Necrozma\n|-damage|p2a: Necrozma|22\/100\n|-damage|p1a: Cinderace|91\/100|[from] item: Life Orb\n|move|p2a: Necrozma|Knock Off|p1a: Cinderace\n|-resisted|p1a: Cinderace\n|-damage|p1a: Cinderace|41\/100\n|-enditem|p1a: Cinderace|Life Orb|[from] move: Knock Off|[of] p2a: Necrozma\n|\n|-heal|p2a: Necrozma|28\/100|[from] Grassy Terrain\n|-heal|p2a: Necrozma|34\/100|[from] item: Leftovers\n|-heal|p1a: Cinderace|47\/100|[from] Grassy Terrain\n|upkeep\n|turn|13\n|\n|t:|1664623454\n|move|p1a: Cinderace|Sucker Punch||[still]\n|-fail|p1a: Cinderace\n|move|p2a: Necrozma|Morning Sun|p2a: Necrozma\n|-heal|p2a: Necrozma|84\/100\n|\n|-heal|p2a: Necrozma|90\/100|[from] Grassy Terrain\n|-heal|p2a: Necrozma|96\/100|[from] item: Leftovers\n|-heal|p1a: Cinderace|53\/100|[from] Grassy Terrain\n|-fieldend|move: Grassy Terrain\n|upkeep\n|turn|14\n|\n|t:|1664623464\n|move|p1a: Cinderace|Sucker Punch|p2a: Necrozma\n|-supereffective|p2a: Necrozma\n|-damage|p2a: Necrozma|60\/100\n|move|p2a: Necrozma|Sunsteel Strike|p1a: Cinderace\n|-damage|p1a: Cinderace|0 fnt\n|faint|p1a: Cinderace\n|\n|-heal|p2a: Necrozma|66\/100|[from] item: Leftovers\n|upkeep\n|-message|Kikoobuster forfeited.\n|\n|win|LucarioisBestttt)\n|raw|Kikoobuster's rating: 1092 &rarr; <strong>1075<\/strong><br \/>(-17 for losing)\n|raw|LucarioisBestttt)'s rating: 1195 &rarr; <strong>1213<\/strong><br \/>(+18 for winning)\n|l|\u2606Kikoobuster\n","uploadtime":1664623480,"views":4,"p1id":"kikoobuster","p2id":"lucarioisbestttt","formatid":"gen8ubers","rating":1075,"private":0,"password":null}