{"id":"gen8monotype-1307078045","p1":"LuckyPiper","p2":"damorush","format":"gen8monotype","log":"|j|\u2606LuckyPiper\n|j|\u2606damorush\n|t:|1616490605\n|player|p1|LuckyPiper|clerkf|1308\n|player|p2|damorush|steven|1294\n|teamsize|p1|6\n|teamsize|p2|6\n|gametype|singles\n|gen|8\n|tier|[Gen 8] Monotype\n|rated|\n|rule|Same Type Clause: Pok\u00e9mon in a team must share a type\n|clearpoke\n|poke|p1|Clefable, F|\n|poke|p1|Clefairy, F|\n|poke|p1|Tapu Bulu|\n|poke|p1|Tapu Fini|\n|poke|p1|Hatterene, F|\n|poke|p1|Mimikyu, M|\n|poke|p2|Landorus-Therian, M|\n|poke|p2|Hawlucha, M|\n|poke|p2|Zapdos-Galar|\n|poke|p2|Mandibuzz, F|\n|poke|p2|Thundurus-Therian, M|\n|poke|p2|Salamence, F|\n|rule|Sleep Clause Mod: Limit one foe put to sleep\n|rule|Species Clause: Limit one of each Pok\u00e9mon\n|rule|OHKO Clause: OHKO moves are banned\n|rule|Evasion Moves Clause: Evasion moves are banned\n|rule|Endless Battle Clause: Forcing endless battles is banned\n|rule|HP Percentage Mod: HP is shown in percentages\n|rule|Dynamax Clause: You cannot dynamax\n|teampreview\n|\n|t:|1616490671\n|start\n|switch|p1a: Clefairy|Clefairy, F|100\/100\n|switch|p2a: Landorus|Landorus-Therian, M|100\/100\n|-ability|p2a: Landorus|Intimidate|boost\n|-unboost|p1a: Clefairy|atk|1\n|turn|1\n|\n|t:|1616490682\n|move|p2a: Landorus|Stealth Rock|p1a: Clefairy\n|-sidestart|p1: LuckyPiper|move: Stealth Rock\n|move|p1a: Clefairy|Trick|p2a: Landorus\n|-activate|p1a: Clefairy|move: Trick|[of] p2a: Landorus\n|-item|p2a: Landorus|Choice Scarf|[from] move: Trick\n|-item|p1a: Clefairy|Leftovers|[from] move: Trick\n|\n|upkeep\n|turn|2\n|\n|t:|1616490688\n|move|p2a: Landorus|Toxic|p1a: Clefairy\n|-status|p1a: Clefairy|tox\n|move|p1a: Clefairy|Stealth Rock|p2a: Landorus\n|-sidestart|p2: damorush|move: Stealth Rock\n|\n|upkeep\n|turn|3\n|\n|t:|1616490697\n|switch|p2a: Salamence|Salamence, F|100\/100\n|move|p1a: Clefairy|Moonblast|p2a: Salamence\n|-supereffective|p2a: Salamence\n|-damage|p2a: Salamence|42\/100\n|\n|upkeep\n|turn|4\n|\n|t:|1616490706\n|move|p2a: Salamence|Earthquake|p1a: Clefairy\n|-damage|p1a: Clefairy|39\/100 tox\n|move|p1a: Clefairy|Moonblast|p2a: Salamence\n|-supereffective|p2a: Salamence\n|-damage|p2a: Salamence|0 fnt\n|faint|p2a: Salamence\n|\n|-heal|p1a: Clefairy|45\/100 tox|[from] item: Leftovers\n|upkeep\n|\n|t:|1616490714\n|switch|p2a: Thundurus|Thundurus-Therian, M|100\/100\n|turn|5\n|\n|t:|1616490717\n|move|p2a: Thundurus|Nasty Plot|p2a: Thundurus\n|-boost|p2a: Thundurus|spa|2\n|move|p1a: Clefairy|Healing Wish|p1a: Clefairy\n|faint|p1a: Clefairy\n|\n|upkeep\n|\n|t:|1616490722\n|switch|p1a: Tapu Bulu|Tapu Bulu|100\/100\n|-damage|p1a: Tapu Bulu|88\/100|[from] Stealth Rock\n|-fieldstart|move: Grassy Terrain|[from] ability: Grassy Surge|[of] p1a: Tapu Bulu\n|turn|6\n|\n|t:|1616490728\n|move|p2a: Thundurus|Psychic|p1a: Tapu Bulu\n|-damage|p1a: Tapu Bulu|0 fnt\n|faint|p1a: Tapu Bulu\n|\n|upkeep\n|\n|t:|1616490731\n|switch|p1a: Hatterene|Hatterene, F|100\/100\n|-damage|p1a: Hatterene|88\/100|[from] Stealth Rock\n|turn|7\n|\n|t:|1616490735\n|move|p2a: Thundurus|Thunderbolt|p1a: Hatterene\n|-damage|p1a: Hatterene|0 fnt\n|faint|p1a: Hatterene\n|\n|upkeep\n|\n|t:|1616490737\n|switch|p1a: Mimikyu|Mimikyu, M|100\/100\n|-damage|p1a: Mimikyu|88\/100|[from] Stealth Rock\n|turn|8\n|\n|t:|1616490741\n|move|p2a: Thundurus|Thunderbolt|p1a: Mimikyu\n|-activate|p1a: Mimikyu|ability: Disguise\n|-damage|p1a: Mimikyu|88\/100\n|detailschange|p1a: Mimikyu|Mimikyu-Busted, M\n|-damage|p1a: Mimikyu|76\/100|[from] pokemon: Mimikyu-Busted\n|move|p1a: Mimikyu|Shadow Claw|p2a: Thundurus\n|-damage|p2a: Thundurus|56\/100\n|\n|-heal|p1a: Mimikyu|82\/100|[from] Grassy Terrain\n|upkeep\n|turn|9\n|\n|t:|1616490751\n|move|p1a: Mimikyu|Shadow Sneak|p2a: Thundurus\n|-damage|p2a: Thundurus|31\/100\n|move|p2a: Thundurus|Thunderbolt|p1a: Mimikyu\n|-damage|p1a: Mimikyu|0 fnt\n|faint|p1a: Mimikyu\n|\n|upkeep\n|\n|t:|1616490753\n|switch|p1a: Clefable|Clefable, F|100\/100\n|turn|10\n|\n|t:|1616490758\n|move|p2a: Thundurus|Thunderbolt|p1a: Clefable\n|-damage|p1a: Clefable|6\/100\n|move|p1a: Clefable|Moonblast|p2a: Thundurus\n|-damage|p2a: Thundurus|0 fnt\n|faint|p2a: Thundurus\n|\n|-heal|p1a: Clefable|12\/100|[from] Grassy Terrain\n|-fieldend|move: Grassy Terrain\n|upkeep\n|\n|t:|1616490766\n|switch|p2a: Zapdos|Zapdos-Galar|100\/100\n|-damage|p2a: Zapdos|88\/100|[from] Stealth Rock\n|turn|11\n|c|\u2606LuckyPiper|I have prepared for this\n|\n|t:|1616490775\n|move|p2a: Zapdos|Brave Bird|p1a: Clefable\n|-damage|p1a: Clefable|0 fnt\n|-damage|p2a: Zapdos|83\/100|[from] Recoil\n|faint|p1a: Clefable\n|\n|upkeep\n|\n|t:|1616490776\n|switch|p1a: Tapu Fini|Tapu Fini|100\/100\n|-damage|p1a: Tapu Fini|88\/100|[from] Stealth Rock\n|-fieldstart|move: Misty Terrain|[from] ability: Misty Surge|[of] p1a: Tapu Fini\n|turn|12\n|\n|t:|1616490784\n|switch|p2a: Mandibuzz|Mandibuzz, F|100\/100\n|move|p1a: Tapu Fini|Iron Defense|p1a: Tapu Fini\n|-boost|p1a: Tapu Fini|def|2\n|\n|-heal|p1a: Tapu Fini|94\/100|[from] item: Leftovers\n|upkeep\n|turn|13\n|\n|t:|1616490794\n|move|p1a: Tapu Fini|Calm Mind|p1a: Tapu Fini\n|-boost|p1a: Tapu Fini|spa|1\n|-boost|p1a: Tapu Fini|spd|1\n|move|p2a: Mandibuzz|U-turn|p1a: Tapu Fini\n|-resisted|p1a: Tapu Fini\n|-crit|p1a: Tapu Fini\n|-damage|p1a: Tapu Fini|87\/100\n|\n|t:|1616490800\n|switch|p2a: Landorus|Landorus-Therian, M|100\/100|[from]move: U-turn\n|-damage|p2a: Landorus|88\/100|[from] Stealth Rock\n|-ability|p2a: Landorus|Intimidate|boost\n|-unboost|p1a: Tapu Fini|atk|1\n|\n|-heal|p1a: Tapu Fini|93\/100|[from] item: Leftovers\n|upkeep\n|turn|14\n|\n|t:|1616490807\n|move|p2a: Landorus|Toxic|p1a: Tapu Fini\n|-activate|p1a: Tapu Fini|move: Misty Terrain\n|move|p1a: Tapu Fini|Iron Defense|p1a: Tapu Fini\n|-boost|p1a: Tapu Fini|def|2\n|\n|-heal|p1a: Tapu Fini|99\/100|[from] item: Leftovers\n|upkeep\n|turn|15\n|\n|t:|1616490815\n|switch|p2a: Mandibuzz|Mandibuzz, F|100\/100\n|move|p1a: Tapu Fini|Calm Mind|p1a: Tapu Fini\n|-boost|p1a: Tapu Fini|spa|1\n|-boost|p1a: Tapu Fini|spd|1\n|\n|-heal|p1a: Tapu Fini|100\/100|[from] item: Leftovers\n|upkeep\n|turn|16\n|\n|t:|1616490822\n|move|p1a: Tapu Fini|Calm Mind|p1a: Tapu Fini\n|-boost|p1a: Tapu Fini|spa|1\n|-boost|p1a: Tapu Fini|spd|1\n|move|p2a: Mandibuzz|Defog|p1a: Tapu Fini\n|-unboost|p1a: Tapu Fini|evasion|1\n|-sideend|p1: LuckyPiper|Stealth Rock|[from] move: Defog|[of] p2a: Mandibuzz\n|-sideend|p2: damorush|Stealth Rock|[from] move: Defog|[of] p2a: Mandibuzz\n|-fieldend|Misty Terrain\n|\n|upkeep\n|turn|17\n|\n|t:|1616490829\n|move|p1a: Tapu Fini|Calm Mind|p1a: Tapu Fini\n|-boost|p1a: Tapu Fini|spa|1\n|-boost|p1a: Tapu Fini|spd|1\n|move|p2a: Mandibuzz|Foul Play|p1a: Tapu Fini\n|-resisted|p1a: Tapu Fini\n|-damage|p1a: Tapu Fini|99\/100\n|\n|-heal|p1a: Tapu Fini|100\/100|[from] item: Leftovers\n|upkeep\n|turn|18\n|\n|t:|1616490839\n|move|p1a: Tapu Fini|Draining Kiss|p2a: Mandibuzz\n|-supereffective|p2a: Mandibuzz\n|-damage|p2a: Mandibuzz|33\/100\n|move|p2a: Mandibuzz|Foul Play|p1a: Tapu Fini\n|-resisted|p1a: Tapu Fini\n|-damage|p1a: Tapu Fini|99\/100\n|\n|-heal|p1a: Tapu Fini|100\/100|[from] item: Leftovers\n|upkeep\n|turn|19\n|\n|t:|1616490851\n|move|p1a: Tapu Fini|Iron Defense|p1a: Tapu Fini\n|-boost|p1a: Tapu Fini|def|2\n|move|p2a: Mandibuzz|U-turn|p1a: Tapu Fini\n|-resisted|p1a: Tapu Fini\n|-damage|p1a: Tapu Fini|99\/100\n|\n|t:|1616490856\n|switch|p2a: Landorus|Landorus-Therian, M|88\/100|[from]move: U-turn\n|-ability|p2a: Landorus|Intimidate|boost\n|-unboost|p1a: Tapu Fini|atk|1\n|\n|-heal|p1a: Tapu Fini|100\/100|[from] item: Leftovers\n|upkeep\n|turn|20\n|\n|t:|1616490862\n|move|p2a: Landorus|Toxic|p1a: Tapu Fini\n|-status|p1a: Tapu Fini|tox\n|move|p1a: Tapu Fini|Stored Power|p2a: Landorus\n|-crit|p2a: Landorus\n|-damage|p2a: Landorus|0 fnt\n|faint|p2a: Landorus\n|\n|-damage|p1a: Tapu Fini|94\/100 tox|[from] psn\n|upkeep\n|\n|t:|1616490871\n|switch|p2a: Hawlucha|Hawlucha, M|100\/100\n|turn|21\n|\n|t:|1616490875\n|switch|p2a: Mandibuzz|Mandibuzz, F|33\/100\n|move|p1a: Tapu Fini|Draining Kiss|p2a: Mandibuzz\n|-supereffective|p2a: Mandibuzz\n|-damage|p2a: Mandibuzz|0 fnt\n|-heal|p1a: Tapu Fini|100\/100 tox|[from] drain|[of] p2a: Mandibuzz\n|faint|p2a: Mandibuzz\n|\n|-damage|p1a: Tapu Fini|88\/100 tox|[from] psn\n|upkeep\n|\n|t:|1616490885\n|switch|p2a: Zapdos|Zapdos-Galar|83\/100\n|turn|22\n|c|\u2606damorush|seriously...\n|\n|t:|1616490892\n|move|p2a: Zapdos|Brave Bird|p1a: Tapu Fini\n|-damage|p1a: Tapu Fini|70\/100 tox\n|-damage|p2a: Zapdos|77\/100|[from] Recoil\n|move|p1a: Tapu Fini|Draining Kiss|p2a: Zapdos\n|-supereffective|p2a: Zapdos\n|-damage|p2a: Zapdos|0 fnt\n|-heal|p1a: Tapu Fini|100\/100 tox|[from] drain|[of] p2a: Zapdos\n|faint|p2a: Zapdos\n|\n|-damage|p1a: Tapu Fini|82\/100 tox|[from] psn\n|upkeep\n|\n|t:|1616490902\n|switch|p2a: Hawlucha|Hawlucha, M|100\/100\n|turn|23\n|c|\u2606LuckyPiper|\u2606LuckyPiper: I have prepared for this\n|c|\u2606damorush|gg\n|c|\u2606LuckyPiper|gg\n|-message|damorush forfeited.\n|\n|win|LuckyPiper\n|raw|LuckyPiper's rating: 1308 &rarr; <strong>1327<\/strong><br \/>(+19 for winning)\n|raw|damorush's rating: 1294 &rarr; <strong>1270<\/strong><br \/>(-24 for losing)\n|l|\u2606damorush\n","uploadtime":1616490923,"views":18,"p1id":"luckypiper","p2id":"damorush","formatid":"gen8monotype","rating":1270,"private":0,"password":null}