{"id":"gen8vgc2021-1243465640","p1":"BlackWu","p2":"bhkg","format":"gen8vgc2021","log":"|j|\u2606BlackWu\n|j|\u2606bhkg\n|t:|1607958731\n|player|p1|BlackWu|102|1423\n|player|p2|bhkg|2|1450\n|teamsize|p1|6\n|teamsize|p2|6\n|gametype|doubles\n|gen|8\n|tier|[Gen 8] VGC 2021\n|rated|\n|clearpoke\n|poke|p1|Sceptile, L50, M|\n|poke|p1|Primarina, L50, M|\n|poke|p1|Thundurus, L50, M|\n|poke|p1|Regirock, L50|\n|poke|p1|Indeedee-F, L50, F|\n|poke|p1|Marowak-Alola, L50, M|\n|poke|p2|Lycanroc-Dusk, L50, F|\n|poke|p2|Swampert, L50, F|\n|poke|p2|Slowking-Galar, L50, F|\n|poke|p2|Grimmsnarl, L50, M|\n|poke|p2|Zapdos-Galar, L50|\n|poke|p2|Rotom-Heat, L50|\n|rule|Species Clause: Limit one of each Pok\u00e9mon\n|rule|Item Clause: Limit one of each item\n|teampreview|4\n|j| Maranakid\n|\n|t:|1607958772\n|start\n|switch|p1a: Sceptile|Sceptile, L50, M|48\/48\n|switch|p1b: Primarina|Primarina, L50, M|48\/48\n|switch|p2a: Zapdos|Zapdos-Galar, L50|48\/48\n|switch|p2b: Grimmsnarl|Grimmsnarl, L50, M|48\/48\n|turn|1\n|\n|t:|1607958796\n|-start|p2a: Zapdos|Dynamax\n|-heal|p2a: Zapdos|48\/48|[silent]\n|move|p2b: Grimmsnarl|Light Screen|p2b: Grimmsnarl\n|-sidestart|p2: bhkg|move: Light Screen\n|move|p1a: Sceptile|Grass Pledge|p2b: Grimmsnarl\n|-waiting|p1a: Sceptile|p1b: Primarina\n|move|p1b: Primarina|Water Pledge|p2b: Grimmsnarl|[from]move: Grass Pledge\n|-combine\n|-damage|p2b: Grimmsnarl|25\/48\n|-sidestart|p2: bhkg|Grass Pledge\n|move|p2a: Zapdos|Max Airstream|p1b: Primarina\n|-damage|p1b: Primarina|0 fnt\n|-boost|p2a: Zapdos|spe|1\n|-boost|p2b: Grimmsnarl|spe|1\n|-damage|p2a: Zapdos|45\/48|[from] item: Life Orb\n|faint|p1b: Primarina\n|\n|upkeep\n|\n|t:|1607958812\n|switch|p1b: Thundurus|Thundurus, L50, M|48\/48\n|turn|2\n|\n|t:|1607958821\n|-start|p1b: Thundurus|Dynamax\n|-heal|p1b: Thundurus|48\/48|[silent]\n|move|p2b: Grimmsnarl|Reflect|p2b: Grimmsnarl\n|-sidestart|p2: bhkg|Reflect\n|move|p1a: Sceptile|Grass Pledge|p2b: Grimmsnarl\n|-damage|p2b: Grimmsnarl|14\/48\n|move|p1b: Thundurus|Max Knuckle|p2b: Grimmsnarl\n|-damage|p2b: Grimmsnarl|0 fnt\n|-boost|p1a: Sceptile|atk|1\n|-boost|p1b: Thundurus|atk|1\n|-damage|p1b: Thundurus|45\/48|[from] item: Life Orb\n|faint|p2b: Grimmsnarl\n|move|p2a: Zapdos|Max Flare|p1b: Thundurus\n|-damage|p1b: Thundurus|23\/48\n|-weather|SunnyDay\n|-damage|p2a: Zapdos|43\/48|[from] item: Life Orb\n|\n|-weather|SunnyDay|[upkeep]\n|upkeep\n|\n|t:|1607958824\n|switch|p2b: Lycanroc|Lycanroc-Dusk, L50, F|48\/48\n|turn|3\n|\n|t:|1607958836\n|move|p1a: Sceptile|Grass Pledge|p2b: Lycanroc\n|-supereffective|p2b: Lycanroc\n|-damage|p2b: Lycanroc|8\/48\n|move|p1b: Thundurus|Max Lightning|p2a: Zapdos\n|-supereffective|p2a: Zapdos\n|-damage|p2a: Zapdos|0 fnt\n|-fieldstart|move: Electric Terrain\n|-damage|p1b: Thundurus|20\/48|[from] item: Life Orb\n|faint|p2a: Zapdos\n|move|p2b: Lycanroc|Rock Slide|p1b: Thundurus|[spread] p1b\n|-miss|p2b: Lycanroc|p1a: Sceptile\n|-supereffective|p1b: Thundurus\n|-damage|p1b: Thundurus|0 fnt\n|faint|p1b: Thundurus\n|\n|-weather|SunnyDay|[upkeep]\n|upkeep\n|\n|t:|1607958850\n|switch|p1b: Marowak|Marowak-Alola, L50, M|48\/48\n|switch|p2a: Swampert|Swampert, L50, F|48\/48\n|turn|4\n|\n|t:|1607958857\n|move|p2b: Lycanroc|Accelerock|p1a: Sceptile\n|-damage|p1a: Sceptile|25\/48\n|move|p1a: Sceptile|Grass Pledge|p2b: Lycanroc\n|-supereffective|p2b: Lycanroc\n|-damage|p2b: Lycanroc|0 fnt\n|faint|p2b: Lycanroc\n|move|p1b: Marowak|Flare Blitz|p2a: Swampert\n|-resisted|p2a: Swampert\n|-damage|p2a: Swampert|23\/48\n|-damage|p1b: Marowak|37\/48|[from] Recoil\n|move|p2a: Swampert|Ice Punch|p1a: Sceptile\n|-supereffective|p1a: Sceptile\n|-damage|p1a: Sceptile|0 fnt\n|faint|p1a: Sceptile\n|\n|-weather|SunnyDay|[upkeep]\n|-sideend|p2: bhkg|Grass Pledge\n|upkeep\n|turn|5\n|\n|t:|1607958864\n|move|p2a: Swampert|High Horsepower|p1b: Marowak\n|-supereffective|p1b: Marowak\n|-crit|p1b: Marowak\n|-damage|p1b: Marowak|0 fnt\n|faint|p1b: Marowak\n|\n|win|bhkg\n","uploadtime":1607958868,"views":15,"p1id":"blackwu","p2id":"bhkg","formatid":"gen8vgc2021","rating":0,"private":0,"password":null}