{"id":"gen8ou-1649174977","p1":"Dwaw1","p2":"Kikoobuster","format":"gen8ou","log":"|j|\u2606Dwaw1\n|j|\u2606Kikoobuster\n|t:|1661561162\n|gametype|singles\n|player|p1|Dwaw1|steven|1315\n|player|p2|Kikoobuster|169|1299\n|teamsize|p1|6\n|teamsize|p2|6\n|gen|8\n|tier|[Gen 8] OU\n|rated|\n|rule|Sleep Clause Mod: Limit one foe put to sleep\n|rule|Species Clause: Limit one of each Pok\u00e9mon\n|rule|OHKO Clause: OHKO moves are banned\n|rule|Evasion Items Clause: Evasion items are banned\n|rule|Evasion Moves Clause: Evasion moves are banned\n|rule|Endless Battle Clause: Forcing endless battles is banned\n|rule|HP Percentage Mod: HP is shown in percentages\n|rule|Dynamax Clause: You cannot dynamax\n|clearpoke\n|poke|p1|Volcanion|\n|poke|p1|Ninetales-Alola, M|\n|poke|p1|Corviknight, M|\n|poke|p1|Arctozolt|\n|poke|p1|Landorus-Therian, M|\n|poke|p1|Tornadus-Therian, M|\n|poke|p2|Ninetales-Alola, F|\n|poke|p2|Thundurus-Therian, M|\n|poke|p2|Toxicroak, M|\n|poke|p2|Mandibuzz, F|\n|poke|p2|Slowking, M|\n|poke|p2|Cobalion|\n|teampreview\n|inactive|Battle timer is ON: inactive players will automatically lose when time's up. (requested by Dwaw1)\n|\n|t:|1661561178\n|start\n|switch|p1a: Volcanion|Volcanion|100\/100\n|switch|p2a: Ninetales|Ninetales-Alola, F|100\/100\n|-weather|Hail|[from] ability: Snow Warning|[of] p2a: Ninetales\n|turn|1\n|\n|t:|1661561182\n|move|p2a: Ninetales|Aurora Veil|p2a: Ninetales\n|-sidestart|p2: Kikoobuster|move: Aurora Veil\n|move|p1a: Volcanion|Flamethrower|p2a: Ninetales\n|-supereffective|p2a: Ninetales\n|-crit|p2a: Ninetales\n|-damage|p2a: Ninetales|0 fnt\n|faint|p2a: Ninetales\n|\n|-weather|Hail|[upkeep]\n|-damage|p1a: Volcanion|95\/100|[from] Hail\n|upkeep\n|\n|t:|1661561186\n|switch|p2a: Thundurus|Thundurus-Therian, M|100\/100\n|turn|2\n|\n|t:|1661561191\n|switch|p1a: Landorus|Landorus-Therian, M|100\/100\n|-ability|p1a: Landorus|Intimidate|boost\n|-unboost|p2a: Thundurus|atk|1\n|move|p2a: Thundurus|Nasty Plot|p2a: Thundurus\n|-boost|p2a: Thundurus|spa|2\n|\n|-weather|Hail|[upkeep]\n|-damage|p2a: Thundurus|94\/100|[from] Hail\n|-damage|p1a: Landorus|94\/100|[from] Hail\n|-heal|p1a: Landorus|100\/100|[from] item: Leftovers\n|upkeep\n|turn|3\n|\n|t:|1661561193\n|move|p2a: Thundurus|Weather Ball|p1a: Landorus\n|-supereffective|p1a: Landorus\n|-damage|p1a: Landorus|0 fnt\n|faint|p1a: Landorus\n|\n|-weather|Hail|[upkeep]\n|-damage|p2a: Thundurus|88\/100|[from] Hail\n|upkeep\n|\n|t:|1661561200\n|switch|p1a: Ninetales|Ninetales-Alola, M|100\/100\n|turn|4\n|\n|t:|1661561202\n|move|p1a: Ninetales|Aurora Veil|p1a: Ninetales\n|-sidestart|p1: Dwaw1|move: Aurora Veil\n|move|p2a: Thundurus|Thunderbolt|p1a: Ninetales\n|-damage|p1a: Ninetales|44\/100\n|\n|-weather|Hail|[upkeep]\n|-damage|p2a: Thundurus|82\/100|[from] Hail\n|upkeep\n|turn|5\n|\n|t:|1661561206\n|move|p1a: Ninetales|Freeze-Dry|p2a: Thundurus\n|-supereffective|p2a: Thundurus\n|-damage|p2a: Thundurus|54\/100\n|move|p2a: Thundurus|Thunderbolt|p1a: Ninetales\n|-damage|p1a: Ninetales|0 fnt\n|faint|p1a: Ninetales\n|\n|-weather|Hail|[upkeep]\n|-damage|p2a: Thundurus|48\/100|[from] Hail\n|-sideend|p2: Kikoobuster|move: Aurora Veil\n|upkeep\n|\n|t:|1661561210\n|switch|p1a: Arctozolt|Arctozolt|100\/100\n|turn|6\n|\n|t:|1661561214\n|move|p1a: Arctozolt|Blizzard|p2a: Thundurus\n|-supereffective|p2a: Thundurus\n|-damage|p2a: Thundurus|0 fnt\n|faint|p2a: Thundurus\n|\n|-weather|Hail|[upkeep]\n|upkeep\n|\n|t:|1661561218\n|switch|p2a: Cobalion|Cobalion|100\/100\n|turn|7\n|\n|t:|1661561223\n|move|p1a: Arctozolt|Low Kick|p2a: Cobalion\n|-supereffective|p2a: Cobalion\n|-damage|p2a: Cobalion|47\/100\n|-damage|p1a: Arctozolt|84\/100|[from] item: Rocky Helmet|[of] p2a: Cobalion\n|move|p2a: Cobalion|Close Combat|p1a: Arctozolt\n|-supereffective|p1a: Arctozolt\n|-damage|p1a: Arctozolt|26\/100\n|-unboost|p2a: Cobalion|def|1\n|-unboost|p2a: Cobalion|spd|1\n|\n|-weather|Hail|[upkeep]\n|-damage|p2a: Cobalion|40\/100|[from] Hail\n|-heal|p1a: Arctozolt|32\/100|[from] item: Leftovers\n|upkeep\n|turn|8\n|\n|t:|1661561233\n|move|p1a: Arctozolt|Bolt Beak|p2a: Cobalion\n|-damage|p2a: Cobalion|0 fnt\n|-damage|p1a: Arctozolt|16\/100|[from] item: Rocky Helmet|[of] p2a: Cobalion\n|faint|p2a: Cobalion\n|\n|-weather|none\n|-heal|p1a: Arctozolt|22\/100|[from] item: Leftovers\n|-sideend|p1: Dwaw1|move: Aurora Veil\n|upkeep\n|\n|t:|1661561236\n|switch|p2a: Mandibuzz|Mandibuzz, F|100\/100\n|turn|9\n|\n|t:|1661561238\n|move|p1a: Arctozolt|Bolt Beak|p2a: Mandibuzz\n|-supereffective|p2a: Mandibuzz\n|-damage|p2a: Mandibuzz|16\/100\n|move|p2a: Mandibuzz|Foul Play|p1a: Arctozolt\n|-damage|p1a: Arctozolt|0 fnt\n|faint|p1a: Arctozolt\n|\n|upkeep\n|\n|t:|1661561245\n|switch|p1a: Tornadus|Tornadus-Therian, M|100\/100\n|turn|10\n|\n|t:|1661561250\n|move|p1a: Tornadus|U-turn|p2a: Mandibuzz\n|-damage|p2a: Mandibuzz|9\/100\n|\n|t:|1661561253\n|switch|p1a: Corviknight|Corviknight, M|100\/100|[from]move: U-turn\n|-ability|p1a: Corviknight|Pressure\n|move|p2a: Mandibuzz|Roost|p2a: Mandibuzz\n|-heal|p2a: Mandibuzz|59\/100\n|-singleturn|p2a: Mandibuzz|move: Roost\n|\n|upkeep\n|turn|11\n|\n|t:|1661561256\n|move|p2a: Mandibuzz|Roost|p2a: Mandibuzz\n|-heal|p2a: Mandibuzz|100\/100\n|-singleturn|p2a: Mandibuzz|move: Roost\n|move|p1a: Corviknight|Body Press|p2a: Mandibuzz\n|-supereffective|p2a: Mandibuzz\n|-damage|p2a: Mandibuzz|73\/100\n|\n|upkeep\n|turn|12\n|\n|t:|1661561260\n|move|p2a: Mandibuzz|U-turn|p1a: Corviknight\n|-resisted|p1a: Corviknight\n|-damage|p1a: Corviknight|99\/100\n|-damage|p2a: Mandibuzz|57\/100|[from] item: Rocky Helmet|[of] p1a: Corviknight\n|\n|t:|1661561263\n|switch|p2a: Slowking|Slowking, M|100\/100|[from]move: U-turn\n|move|p1a: Corviknight|U-turn|p2a: Slowking\n|-supereffective|p2a: Slowking\n|-damage|p2a: Slowking|70\/100\n|-damage|p1a: Corviknight|82\/100|[from] item: Rocky Helmet|[of] p2a: Slowking\n|\n|t:|1661561266\n|switch|p1a: Tornadus|Tornadus-Therian, M|100\/100|[from]move: U-turn\n|\n|upkeep\n|turn|13\n|\n|t:|1661561270\n|move|p1a: Tornadus|Knock Off|p2a: Slowking\n|-supereffective|p2a: Slowking\n|-damage|p2a: Slowking|25\/100\n|-damage|p1a: Tornadus|84\/100|[from] item: Rocky Helmet|[of] p2a: Slowking\n|-enditem|p2a: Slowking|Rocky Helmet|[from] move: Knock Off|[of] p1a: Tornadus\n|move|p2a: Slowking|Future Sight|p1a: Tornadus\n|-start|p2a: Slowking|move: Future Sight\n|\n|upkeep\n|turn|14\n|\n|t:|1661561278\n|switch|p2a: Mandibuzz|Mandibuzz, F|57\/100\n|move|p1a: Tornadus|U-turn|p2a: Mandibuzz\n|-damage|p2a: Mandibuzz|49\/100\n|\n|t:|1661561281\n|switch|p1a: Volcanion|Volcanion|95\/100|[from]move: U-turn\n|\n|upkeep\n|turn|15\n|\n|t:|1661561284\n|move|p1a: Volcanion|Steam Eruption|p2a: Mandibuzz\n|-damage|p2a: Mandibuzz|0 fnt\n|faint|p2a: Mandibuzz\n|\n|-end|p1a: Volcanion|move: Future Sight\n|-damage|p1a: Volcanion|47\/100\n|upkeep\n|\n|t:|1661561287\n|switch|p2a: Toxicroak|Toxicroak, M|100\/100\n|-item|p2a: Toxicroak|Air Balloon\n|turn|16\n|\n|t:|1661561290\n|switch|p1a: Corviknight|Corviknight, M|82\/100\n|-ability|p1a: Corviknight|Pressure\n|move|p2a: Toxicroak|Swords Dance|p2a: Toxicroak\n|-boost|p2a: Toxicroak|atk|2\n|\n|upkeep\n|turn|17\n|\n|t:|1661561295\n|move|p2a: Toxicroak|Knock Off|p1a: Corviknight\n|-crit|p1a: Corviknight\n|-damage|p1a: Corviknight|28\/100\n|-damage|p2a: Toxicroak|84\/100|[from] item: Rocky Helmet|[of] p1a: Corviknight\n|-enditem|p1a: Corviknight|Rocky Helmet|[from] move: Knock Off|[of] p2a: Toxicroak\n|move|p1a: Corviknight|U-turn|p2a: Toxicroak\n|-resisted|p2a: Toxicroak\n|-damage|p2a: Toxicroak|79\/100\n|-enditem|p2a: Toxicroak|Air Balloon\n|\n|t:|1661561299\n|switch|p1a: Tornadus|Tornadus-Therian, M|100\/100|[from]move: U-turn\n|\n|upkeep\n|turn|18\n|\n|t:|1661561305\n|move|p1a: Tornadus|Weather Ball|p2a: Toxicroak\n|-crit|p2a: Toxicroak\n|-damage|p2a: Toxicroak|51\/100\n|move|p2a: Toxicroak|Poison Jab|p1a: Tornadus\n|-crit|p1a: Tornadus\n|-damage|p1a: Tornadus|0 fnt\n|faint|p1a: Tornadus\n|\n|upkeep\n|\n|t:|1661561308\n|switch|p1a: Volcanion|Volcanion|47\/100\n|turn|19\n|\n|t:|1661561314\n|move|p2a: Toxicroak|Drain Punch|p1a: Volcanion\n|-damage|p1a: Volcanion|0 fnt\n|-heal|p2a: Toxicroak|74\/100|[from] drain|[of] p1a: Volcanion\n|faint|p1a: Volcanion\n|\n|upkeep\n|-message|Dwaw1 forfeited.\n|\n|win|Kikoobuster\n|raw|Dwaw1's rating: 1315 &rarr; <strong>1294<\/strong><br \/>(-21 for losing)\n|raw|Kikoobuster's rating: 1299 &rarr; <strong>1325<\/strong><br \/>(+26 for winning)\n|l|\u2606Dwaw1\n||Ladder isn't responding, score probably updated but might not have (Request timeout).\n","uploadtime":1661561325,"views":9,"p1id":"dwaw1","p2id":"kikoobuster","formatid":"gen8ou","rating":1294,"private":0,"password":null}