{"id":"gen8monotype-1306826508","p1":"Diameter\u272fXtreme","p2":"mynfesto","format":"gen8monotype","log":"|j|\u2606Diameter\u272fXtreme\n|j|\u2606mynfesto\n|t:|1616451721\n|player|p1|Diameter\u272fXtreme|jasmine-gen2|1273\n|player|p2|mynfesto|hugh|1422\n|teamsize|p1|6\n|teamsize|p2|6\n|gametype|singles\n|gen|8\n|tier|[Gen 8] Monotype\n|rated|\n|rule|Same Type Clause: Pok\u00e9mon in a team must share a type\n|clearpoke\n|poke|p1|Tapu Koko|\n|poke|p1|Raichu-Alola, F|\n|poke|p1|Zapdos|\n|poke|p1|Rotom-Wash|\n|poke|p1|Zeraora|\n|poke|p1|Toxtricity, M|\n|poke|p2|Metagross|\n|poke|p2|Corviknight, F|\n|poke|p2|Excadrill, M|\n|poke|p2|Heatran, M|\n|poke|p2|Jirachi|\n|poke|p2|Scizor, F|\n|rule|Sleep Clause Mod: Limit one foe put to sleep\n|rule|Species Clause: Limit one of each Pok\u00e9mon\n|rule|OHKO Clause: OHKO moves are banned\n|rule|Evasion Moves Clause: Evasion moves are banned\n|rule|Endless Battle Clause: Forcing endless battles is banned\n|rule|HP Percentage Mod: HP is shown in percentages\n|rule|Dynamax Clause: You cannot dynamax\n|teampreview\n|c|\u2606mynfesto|have fun my guy\n|\n|t:|1616451734\n|start\n|switch|p1a: Toxtricity|Toxtricity, M|100\/100\n|switch|p2a: Excadrill|Excadrill, M|100\/100\n|-ability|p2a: Excadrill|Mold Breaker\n|turn|1\n|\n|t:|1616451742\n|move|p2a: Excadrill|Earthquake|p1a: Toxtricity\n|-supereffective|p1a: Toxtricity\n|-damage|p1a: Toxtricity|0 fnt\n|faint|p1a: Toxtricity\n|\n|upkeep\n|\n|t:|1616451745\n|switch|p1a: Rotom|Rotom-Wash|100\/100\n|turn|2\n|\n|t:|1616451748\n|move|p2a: Excadrill|Earthquake|p1a: Rotom\n|-supereffective|p1a: Rotom\n|-damage|p1a: Rotom|0 fnt\n|faint|p1a: Rotom\n|\n|upkeep\n|c|\u2606Diameter\u272fXtreme|oml\n|\n|t:|1616451756\n|switch|p1a: Zapdos|Zapdos|100\/100\n|-ability|p1a: Zapdos|Pressure\n|turn|3\n|\n|t:|1616451760\n|move|p1a: Zapdos|Heat Wave|p2a: Excadrill\n|-supereffective|p2a: Excadrill\n|-crit|p2a: Excadrill\n|-enditem|p2a: Excadrill|Focus Sash\n|-damage|p2a: Excadrill|1\/100\n|move|p2a: Excadrill|Stealth Rock|p1a: Zapdos\n|-sidestart|p1: Diameter\u272fXtreme|move: Stealth Rock\n|\n|upkeep\n|turn|4\n|\n|t:|1616451765\n|move|p1a: Zapdos|Defog|p2a: Excadrill\n|-unboost|p2a: Excadrill|evasion|1\n|-sideend|p1: Diameter\u272fXtreme|Stealth Rock|[from] move: Defog|[of] p1a: Zapdos\n|move|p2a: Excadrill|Iron Head|p1a: Zapdos\n|-resisted|p1a: Zapdos\n|-damage|p1a: Zapdos|80\/100\n|\n|upkeep\n|turn|5\n|\n|t:|1616451768\n|move|p1a: Zapdos|Heat Wave|p2a: Excadrill\n|-supereffective|p2a: Excadrill\n|-damage|p2a: Excadrill|0 fnt\n|faint|p2a: Excadrill\n|\n|upkeep\n|\n|t:|1616451775\n|switch|p2a: Metagross|Metagross|100\/100\n|turn|6\n|\n|t:|1616451780\n|move|p1a: Zapdos|Heat Wave|p2a: Metagross\n|-supereffective|p2a: Metagross\n|-damage|p2a: Metagross|33\/100\n|-enditem|p2a: Metagross|Weakness Policy\n|-boost|p2a: Metagross|atk|2|[from] item: Weakness Policy\n|-boost|p2a: Metagross|spa|2|[from] item: Weakness Policy\n|move|p2a: Metagross|Agility|p2a: Metagross\n|-boost|p2a: Metagross|spe|2\n|\n|upkeep\n|turn|7\n|\n|t:|1616451789\n|switch|p1a: Zeraora|Zeraora|100\/100\n|move|p2a: Metagross|Iron Head|p1a: Zeraora\n|-resisted|p1a: Zeraora\n|-crit|p1a: Zeraora\n|-damage|p1a: Zeraora|4\/100\n|\n|upkeep\n|turn|8\n|\n|t:|1616451795\n|move|p2a: Metagross|Iron Head|p1a: Zeraora\n|-resisted|p1a: Zeraora\n|-damage|p1a: Zeraora|0 fnt\n|faint|p1a: Zeraora\n|\n|upkeep\n|\n|t:|1616451809\n|switch|p1a: Tapu Koko|Tapu Koko|100\/100\n|-fieldstart|move: Electric Terrain|[from] ability: Electric Surge|[of] p1a: Tapu Koko\n|turn|9\n|\n|t:|1616451814\n|move|p2a: Metagross|Earthquake|p1a: Tapu Koko\n|-supereffective|p1a: Tapu Koko\n|-damage|p1a: Tapu Koko|0 fnt\n|faint|p1a: Tapu Koko\n|\n|upkeep\n|\n|t:|1616451818\n|switch|p1a: Raichu|Raichu-Alola, F|100\/100\n|turn|10\n|\n|t:|1616451822\n|move|p1a: Raichu|Rising Voltage|p2a: Metagross\n|-damage|p2a: Metagross|0 fnt\n|-damage|p1a: Raichu|91\/100|[from] item: Life Orb\n|faint|p2a: Metagross\n|\n|upkeep\n|\n|t:|1616451827\n|switch|p2a: Scizor|Scizor, F|100\/100\n|turn|11\n|\n|t:|1616451832\n|move|p1a: Raichu|Rising Voltage|p2a: Scizor\n|-damage|p2a: Scizor|0 fnt\n|-damage|p1a: Raichu|81\/100|[from] item: Life Orb\n|faint|p2a: Scizor\n|\n|upkeep\n|\n|t:|1616451837\n|switch|p2a: Corviknight|Corviknight, F|100\/100\n|turn|12\n|\n|t:|1616451841\n|move|p1a: Raichu|Rising Voltage|p2a: Corviknight\n|-supereffective|p2a: Corviknight\n|-damage|p2a: Corviknight|25\/100\n|-damage|p1a: Raichu|71\/100|[from] item: Life Orb\n|move|p2a: Corviknight|Body Press|p1a: Raichu\n|-resisted|p1a: Raichu\n|-damage|p1a: Raichu|47\/100\n|\n|-heal|p2a: Corviknight|31\/100|[from] item: Leftovers\n|upkeep\n|turn|13\n|\n|t:|1616451848\n|move|p1a: Raichu|Rising Voltage|p2a: Corviknight\n|-supereffective|p2a: Corviknight\n|-damage|p2a: Corviknight|0 fnt\n|-damage|p1a: Raichu|37\/100|[from] item: Life Orb\n|faint|p2a: Corviknight\n|\n|-fieldend|move: Electric Terrain\n|upkeep\n|\n|t:|1616451852\n|switch|p2a: Heatran|Heatran, M|100\/100\n|turn|14\n|\n|t:|1616451858\n|move|p2a: Heatran|Eruption|p1a: Raichu\n|-damage|p1a: Raichu|0 fnt\n|faint|p1a: Raichu\n|\n|upkeep\n|\n|t:|1616451861\n|switch|p1a: Zapdos|Zapdos|80\/100\n|-ability|p1a: Zapdos|Pressure\n|turn|15\n|\n|t:|1616451865\n|move|p2a: Heatran|Eruption|p1a: Zapdos\n|-damage|p1a: Zapdos|9\/100\n|move|p1a: Zapdos|Hurricane|p2a: Heatran\n|-resisted|p2a: Heatran\n|-damage|p2a: Heatran|78\/100\n|\n|upkeep\n|turn|16\n|\n|t:|1616451871\n|move|p2a: Heatran|Eruption|p1a: Zapdos\n|-damage|p1a: Zapdos|0 fnt\n|faint|p1a: Zapdos\n|\n|win|mynfesto\n|raw|Diameter\u272fXtreme's rating: 1273 &rarr; <strong>1258<\/strong><br \/>(-15 for losing)\n|raw|mynfesto's rating: 1422 &rarr; <strong>1434<\/strong><br \/>(+12 for winning)\n|c|\u2606mynfesto|gg\n|c|\u2606mynfesto|nice team dude\n|l|\u2606Diameter\u272fXtreme\n","uploadtime":1616451900,"views":11,"p1id":"diameterxtreme","p2id":"mynfesto","formatid":"gen8monotype","rating":1258,"private":0,"password":null}