{"id":"gen8ou-1615980813","p1":"fishy8995","p2":"z1x2c3","format":"gen8ou","log":"|j|\u2606fishy8995\n|j|\u203dz1x2c3\n|t:|1657663136\n|gametype|singles\n|player|p1|fishy8995|101|1614\n|player|p2|z1x2c3|265|1618\n|teamsize|p1|6\n|teamsize|p2|6\n|gen|8\n|tier|[Gen 8] OU\n|rated|\n|rule|Sleep Clause Mod: Limit one foe put to sleep\n|rule|Species Clause: Limit one of each Pok\u00e9mon\n|rule|OHKO Clause: OHKO moves are banned\n|rule|Evasion Moves Clause: Evasion moves are banned\n|rule|Endless Battle Clause: Forcing endless battles is banned\n|rule|HP Percentage Mod: HP is shown in percentages\n|rule|Dynamax Clause: You cannot dynamax\n|clearpoke\n|poke|p1|Hippowdon, F|\n|poke|p1|Tyranitar, F|\n|poke|p1|Excadrill, M|\n|poke|p1|Latias, F|\n|poke|p1|Toxapex, M|\n|poke|p1|Dracozolt|\n|poke|p2|Tapu Fini|\n|poke|p2|Magnezone|\n|poke|p2|Tapu Lele|\n|poke|p2|Kartana|\n|poke|p2|Hawlucha, M|\n|poke|p2|Landorus-Therian, M|\n|teampreview\n|\n|t:|1657663152\n|start\n|switch|p1a: Tyranitar|Tyranitar, F|100\/100\n|switch|p2a: Landorus|Landorus-Therian, M|100\/100\n|-ability|p2a: Landorus|Intimidate|boost\n|-unboost|p1a: Tyranitar|atk|1\n|-weather|Sandstorm|[from] ability: Sand Stream|[of] p1a: Tyranitar\n|turn|1\n|inactive|Battle timer is ON: inactive players will automatically lose when time's up. (requested by z1x2c3)\n|\n|t:|1657663155\n|move|p2a: Landorus|Earthquake|p1a: Tyranitar\n|-supereffective|p1a: Tyranitar\n|-damage|p1a: Tyranitar|36\/100\n|move|p1a: Tyranitar|Ice Beam|p2a: Landorus\n|-supereffective|p2a: Landorus\n|-damage|p2a: Landorus|4\/100\n|\n|-weather|Sandstorm|[upkeep]\n|-heal|p2a: Landorus|10\/100|[from] item: Leftovers\n|upkeep\n|turn|2\n|j| Paudx\n|\n|t:|1657663164\n|move|p2a: Landorus|Earthquake|p1a: Tyranitar\n|-supereffective|p1a: Tyranitar\n|-damage|p1a: Tyranitar|0 fnt\n|faint|p1a: Tyranitar\n|\n|-weather|Sandstorm|[upkeep]\n|-heal|p2a: Landorus|16\/100|[from] item: Leftovers\n|upkeep\n|\n|t:|1657663170\n|switch|p1a: Dracozolt|Dracozolt|100\/100\n|turn|3\n|c| Paudx|Arriba Espa\u00f1a\n|\n|t:|1657663180\n|move|p1a: Dracozolt|Dragon Claw|p2a: Landorus\n|-damage|p2a: Landorus|0 fnt\n|faint|p2a: Landorus\n|-damage|p1a: Dracozolt|91\/100|[from] item: Life Orb\n|\n|-weather|Sandstorm|[upkeep]\n|upkeep\n|\n|t:|1657663182\n|switch|p2a: Kartana|Kartana|100\/100\n|turn|4\n|\n|t:|1657663186\n|move|p2a: Kartana|Knock Off|p1a: Dracozolt\n|-damage|p1a: Dracozolt|43\/100\n|-enditem|p1a: Dracozolt|Life Orb|[from] move: Knock Off|[of] p2a: Kartana\n|move|p1a: Dracozolt|Flamethrower|p2a: Kartana\n|-supereffective|p2a: Kartana\n|-damage|p2a: Kartana|0 fnt\n|faint|p2a: Kartana\n|\n|-weather|Sandstorm|[upkeep]\n|upkeep\n|\n|t:|1657663187\n|switch|p2a: Magnezone|Magnezone|100\/100\n|turn|5\n|\n|t:|1657663191\n|move|p1a: Dracozolt|Earthquake|p2a: Magnezone\n|-supereffective|p2a: Magnezone\n|-damage|p2a: Magnezone|10\/100\n|move|p2a: Magnezone|Body Press|p1a: Dracozolt\n|-damage|p1a: Dracozolt|10\/100\n|\n|-weather|none\n|upkeep\n|turn|6\n|c| Paudx|Choice scarf\n|\n|t:|1657663195\n|switch|p1a: Latias|Latias, F|100\/100\n|move|p2a: Magnezone|Body Press|p1a: Latias\n|-resisted|p1a: Latias\n|-damage|p1a: Latias|86\/100\n|\n|upkeep\n|turn|7\n|\n|t:|1657663200\n|switch|p2a: Tapu Fini|Tapu Fini|100\/100\n|-fieldstart|move: Misty Terrain|[from] ability: Misty Surge|[of] p2a: Tapu Fini\n|move|p1a: Latias|Aura Sphere|p2a: Tapu Fini\n|-resisted|p2a: Tapu Fini\n|-damage|p2a: Tapu Fini|91\/100\n|\n|upkeep\n|turn|8\n|\n|t:|1657663205\n|switch|p2a: Hawlucha|Hawlucha, M|100\/100\n|-enditem|p2a: Hawlucha|Misty Seed\n|-boost|p2a: Hawlucha|spd|1|[from] item: Misty Seed\n|move|p1a: Latias|Healing Wish|p1a: Latias\n|faint|p1a: Latias\n|\n|upkeep\n|c|\u2606fishy8995|hi\n|\n|t:|1657663209\n|switch|p1a: Hippowdon|Hippowdon, F|100\/100\n|-weather|Sandstorm|[from] ability: Sand Stream|[of] p1a: Hippowdon\n|turn|9\n|\n|t:|1657663209\n|move|p2a: Hawlucha|Swords Dance|p2a: Hawlucha\n|-boost|p2a: Hawlucha|atk|2\n|move|p1a: Hippowdon|Whirlwind|p2a: Hawlucha\n|drag|p2a: Tapu Fini|Tapu Fini|91\/100\n|\n|-weather|Sandstorm|[upkeep]\n|-damage|p2a: Tapu Fini|85\/100|[from] Sandstorm\n|upkeep\n|turn|10\n|\n|t:|1657663213\n|move|p2a: Tapu Fini|Surf|p1a: Hippowdon\n|-supereffective|p1a: Hippowdon\n|-damage|p1a: Hippowdon|23\/100\n|move|p1a: Hippowdon|Stealth Rock|p2a: Tapu Fini\n|-sidestart|p2: z1x2c3|move: Stealth Rock\n|\n|-weather|Sandstorm|[upkeep]\n|-damage|p2a: Tapu Fini|79\/100|[from] Sandstorm\n|upkeep\n|turn|11\n|\n|t:|1657663216\n|switch|p1a: Dracozolt|Dracozolt|10\/100\n|-heal|p1a: Dracozolt|100\/100|[from] move: Healing Wish\n|move|p2a: Tapu Fini|Surf|p1a: Dracozolt\n|-resisted|p1a: Dracozolt\n|-damage|p1a: Dracozolt|68\/100\n|\n|-weather|Sandstorm|[upkeep]\n|-damage|p2a: Tapu Fini|73\/100|[from] Sandstorm\n|-fieldend|Misty Terrain\n|upkeep\n|turn|12\n|c| Paudx|Is better than marrana?\n|\n|t:|1657663218\n|switch|p2a: Magnezone|Magnezone|10\/100\n|-damage|p2a: Magnezone|3\/100|[from] Stealth Rock\n|move|p1a: Dracozolt|Bolt Beak|p2a: Magnezone\n|-resisted|p2a: Magnezone\n|-damage|p2a: Magnezone|0 fnt\n|-damage|p1a: Dracozolt|51\/100|[from] item: Rocky Helmet|[of] p2a: Magnezone\n|faint|p2a: Magnezone\n|\n|-weather|Sandstorm|[upkeep]\n|upkeep\n|\n|t:|1657663218\n|switch|p2a: Hawlucha|Hawlucha, M|100\/100\n|-damage|p2a: Hawlucha|88\/100|[from] Stealth Rock\n|turn|13\n|\n|t:|1657663221\n|move|p1a: Dracozolt|Bolt Beak|p2a: Hawlucha\n|-supereffective|p2a: Hawlucha\n|-damage|p2a: Hawlucha|0 fnt\n|faint|p2a: Hawlucha\n|\n|-weather|Sandstorm|[upkeep]\n|upkeep\n|\n|t:|1657663222\n|switch|p2a: Tapu Fini|Tapu Fini|73\/100\n|-damage|p2a: Tapu Fini|60\/100|[from] Stealth Rock\n|-fieldstart|move: Misty Terrain|[from] ability: Misty Surge|[of] p2a: Tapu Fini\n|turn|14\n|c| Paudx|Kartana\n|\n|t:|1657663224\n|move|p1a: Dracozolt|Bolt Beak|p2a: Tapu Fini\n|-supereffective|p2a: Tapu Fini\n|-damage|p2a: Tapu Fini|0 fnt\n|faint|p2a: Tapu Fini\n|\n|-weather|Sandstorm|[upkeep]\n|upkeep\n|\n|t:|1657663224\n|switch|p2a: Tapu Lele|Tapu Lele|100\/100\n|-damage|p2a: Tapu Lele|88\/100|[from] Stealth Rock\n|-fieldstart|move: Psychic Terrain|[from] ability: Psychic Surge|[of] p2a: Tapu Lele\n|turn|15\n|\n|t:|1657663225\n|move|p1a: Dracozolt|Bolt Beak|p2a: Tapu Lele\n|-damage|p2a: Tapu Lele|0 fnt\n|faint|p2a: Tapu Lele\n|\n|win|fishy8995\n|raw|fishy8995's rating: 1614 &rarr; <strong>1634<\/strong><br \/>(+20 for winning)\n|raw|z1x2c3's rating: 1618 &rarr; <strong>1598<\/strong><br \/>(-20 for losing)\n|l|\u203dz1x2c3\n||Ladder isn't responding, score probably updated but might not have (Request timeout).\n","uploadtime":1657663266,"views":15,"p1id":"fishy8995","p2id":"z1x2c3","formatid":"gen8ou","rating":1598,"private":0,"password":null}