{"id":"gen8randombattle-1114578404","p1":"Ban Lando t guy jk","p2":"hey2play","format":"gen8randombattle","log":"|j|\u2606Ban Lando t guy jk\n|j|\u2606hey2play\n|player|p1|Ban Lando t guy jk|164|1099\n|player|p2|hey2play|swimmerf-gen4|1062\n|teamsize|p1|6\n|teamsize|p2|6\n|gametype|singles\n|gen|8\n|tier|[Gen 8] Random Battle\n|rated|\n|rule|Species Clause: Limit one of each Pok\u00e9mon\n|rule|HP Percentage Mod: HP is shown in percentages\n|rule|Sleep Clause Mod: Limit one foe put to sleep\n|\n|start\n|switch|p1a: Ninetales|Ninetales-Alola, L82, F|254\/254\n|switch|p2a: Togedemaru|Togedemaru, L86, F|252\/252\n|-weather|Hail|[from] ability: Snow Warning|[of] p1a: Ninetales\n|turn|1\n|inactive|Battle timer is ON: inactive players will automatically lose when time's up. (requested by hey2play)\n|\n|move|p1a: Ninetales|Aurora Veil|p1a: Ninetales\n|-sidestart|p1: Ban Lando t guy jk|move: Aurora Veil\n|move|p2a: Togedemaru|Iron Head|p1a: Ninetales\n|-supereffective|p1a: Ninetales\n|-damage|p1a: Ninetales|0 fnt\n|faint|p1a: Ninetales\n|\n|-weather|Hail|[upkeep]\n|-damage|p2a: Togedemaru|237\/252|[from] Hail\n|upkeep\n|\n|switch|p1a: Eiscue|Eiscue, L88, F|272\/272\n|turn|2\n|\n|move|p2a: Togedemaru|Iron Head|p1a: Eiscue\n|-activate|p1a: Eiscue|ability: Ice Face\n|-damage|p1a: Eiscue|272\/272\n|detailschange|p1a: Eiscue|Eiscue-Noice, L88, F\n|move|p1a: Eiscue|Belly Drum|p1a: Eiscue\n|-damage|p1a: Eiscue|136\/272\n|-setboost|p1a: Eiscue|atk|6|[from] move: Belly Drum\n|\n|-weather|Hail|[upkeep]\n|-damage|p2a: Togedemaru|222\/252|[from] Hail\n|upkeep\n|turn|3\n|\n|move|p1a: Eiscue|Substitute|p1a: Eiscue\n|-start|p1a: Eiscue|Substitute\n|-damage|p1a: Eiscue|68\/272\n|-enditem|p1a: Eiscue|Salac Berry|[eat]\n|-boost|p1a: Eiscue|spe|1|[from] item: Salac Berry\n|move|p2a: Togedemaru|Iron Head|p1a: Eiscue\n|-supereffective|p1a: Eiscue\n|-crit|p1a: Eiscue\n|-end|p1a: Eiscue|Substitute\n|\n|-weather|Hail|[upkeep]\n|-damage|p2a: Togedemaru|207\/252|[from] Hail\n|upkeep\n|turn|4\n|\n|-start|p1a: Eiscue|Dynamax\n|-heal|p1a: Eiscue|136\/544|[silent]\n|move|p1a: Eiscue|Max Geyser|p2a: Togedemaru\n|-damage|p2a: Togedemaru|0 fnt\n|-weather|RainDance\n|faint|p2a: Togedemaru\n|\n|-weather|RainDance|[upkeep]\n|upkeep\n|\n|switch|p2a: Weavile|Weavile, L82, M|249\/249\n|turn|5\n|\n|move|p1a: Eiscue|Max Geyser|p2a: Weavile\n|-damage|p2a: Weavile|0 fnt\n|faint|p2a: Weavile\n|\n|-weather|RainDance|[upkeep]\n|upkeep\n|\n|switch|p2a: Terrakion|Terrakion, L80|277\/277\n|turn|6\n|\n|move|p1a: Eiscue|Max Geyser|p2a: Terrakion\n|-supereffective|p2a: Terrakion\n|-damage|p2a: Terrakion|0 fnt\n|faint|p2a: Terrakion\n|\n|-weather|RainDance|[upkeep]\n|-end|p1a: Eiscue|Dynamax\n|-heal|p1a: Eiscue|68\/272|[silent]\n|upkeep\n|\n|switch|p2a: Lunatone|Lunatone, L88|302\/302\n|turn|7\n|\n|move|p1a: Eiscue|Liquidation|p2a: Lunatone\n|-supereffective|p2a: Lunatone\n|-damage|p2a: Lunatone|0 fnt\n|faint|p2a: Lunatone\n|\n|-weather|RainDance|[upkeep]\n|upkeep\n|\n|switch|p2a: Incineroar|Incineroar, L82, M|290\/290\n|-ability|p2a: Incineroar|Intimidate|boost\n|-unboost|p1a: Eiscue|atk|1\n|turn|8\n|\n|move|p1a: Eiscue|Liquidation|p2a: Incineroar\n|-supereffective|p2a: Incineroar\n|-damage|p2a: Incineroar|0 fnt\n|faint|p2a: Incineroar\n|\n|-weather|none\n|-sideend|p1: Ban Lando t guy jk|move: Aurora Veil\n|upkeep\n|\n|switch|p2a: Vikavolt|Vikavolt, L84, M|267\/267\n|turn|9\n|\n|move|p1a: Eiscue|Liquidation|p2a: Vikavolt\n|-damage|p2a: Vikavolt|65\/267\n|move|p2a: Vikavolt|Thunderbolt|p1a: Eiscue\n|-damage|p1a: Eiscue|0 fnt\n|-damage|p2a: Vikavolt|39\/267|[from] item: Life Orb\n|faint|p1a: Eiscue\n|\n|upkeep\n|\n|switch|p1a: Dialga|Dialga, L72|263\/263\n|-ability|p1a: Dialga|Pressure\n|turn|10\n|\n|move|p1a: Dialga|Draco Meteor|p2a: Vikavolt|[miss]\n|-miss|p1a: Dialga|p2a: Vikavolt\n|move|p2a: Vikavolt|Bug Buzz|p1a: Dialga\n|-resisted|p1a: Dialga\n|-damage|p1a: Dialga|175\/263\n|-damage|p2a: Vikavolt|13\/267|[from] item: Life Orb\n|\n|-heal|p1a: Dialga|191\/263|[from] item: Leftovers\n|upkeep\n|turn|11\n|-message|hey2play forfeited.\n|\n|win|Ban Lando t guy jk\n|l|\u2606hey2play\n","inputlog":">version 8be031bb6d3fd16aefe3093e54c60824d550f856\n>start {\"formatid\":\"gen8randombattle\",\"seed\":[60418,56725,62171,59029],\"rated\":\"Rated battle\"}\n>player p1 {\"name\":\"Ban Lando t guy jk\",\"avatar\":\"164\",\"team\":\"\",\"rating\":1099,\"seed\":[18367,27147,58574,63082]}\n>player p2 {\"name\":\"hey2play\",\"avatar\":\"swimmerf-gen4\",\"team\":\"\",\"rating\":1062,\"seed\":[6557,61081,60874,36253]}\n>p1 move auroraveil\n>p2 move ironhead\n>p1 switch 4\n>p1 move bellydrum\n>p2 move ironhead\n>p1 move substitute\n>p2 move ironhead\n>p1 move liquidation dynamax\n>p2 move ironhead\n>p2 switch 5\n>p1 move liquidation dynamax\n>p2 move iciclecrash\n>p2 switch 6\n>p1 move liquidation dynamax\n>p2 move earthquake\n>p2 switch 3\n>p1 move liquidation\n>p2 move earthpower\n>p2 switch 2\n>p1 move liquidation\n>p2 move flareblitz\n>p2 switch 4\n>p1 move liquidation\n>p2 move thunderbolt\n>p1 switch 6\n>p1 move dracometeor\n>p2 move bugbuzz","uploadtime":1589472876,"views":0,"p1id":"banlandotguyjk","p2id":"hey2play","formatid":"gen8randombattle","rating":0,"private":0,"password":null}