{"id":"gen8randombattle-1265897071","p1":"MagicalXerneas","p2":"Chickpiee","format":"gen8randombattle","log":"|j|\u2606MagicalXerneas\n|j|\u2606Chickpiee\n|t:|1611140869\n|j|*PartBot\n|player|p1|MagicalXerneas|jasmine|\n|player|p2|Chickpiee|caitlin|\n|teamsize|p1|6\n|teamsize|p2|6\n|gametype|singles\n|gen|8\n|tier|[Gen 8] Random Battle\n|rated|Tournament battle\n|rule|Species Clause: Limit one of each Pok\u00e9mon\n|rule|HP Percentage Mod: HP is shown in percentages\n|rule|Sleep Clause Mod: Limit one foe put to sleep\n|\n|t:|1611140869\n|start\n|switch|p1a: Gurdurr|Gurdurr, L84, M|280\/280\n|switch|p2a: Goodra|Goodra, L84, M|288\/288\n|turn|1\n|inactive|Battle timer is ON: inactive players will automatically lose when time's up. (requested by MagicalXerneas)\n|c|*PartBot|G'luck, nerds.\n|l|*PartBot\n|c|\u2606Chickpiee|; ;\n|j|^YippieDreepy\n|c|\u2606MagicalXerneas|Hf\n|c|^YippieDreepy|_\/\\_\n|c|\u2606Chickpiee|_\/\\_\n|\n|t:|1611140885\n|switch|p2a: Weezing|Weezing, L88, M|258\/258\n|move|p1a: Gurdurr|Knock Off|p2a: Weezing\n|-damage|p2a: Weezing|204\/258\n|-enditem|p2a: Weezing|Black Sludge|[from] move: Knock Off|[of] p1a: Gurdurr\n|\n|upkeep\n|turn|2\n|c|^YippieDreepy|gl\n|j| Thegamingattack3\n|j| abhk\n|c| Thegamingattack3|Gl\n|\n|t:|1611140906\n|switch|p1a: Lucario|Lucario, L84, F|255\/255\n|move|p2a: Weezing|Fire Blast|p1a: Lucario\n|-supereffective|p1a: Lucario\n|-damage|p1a: Lucario|69\/255\n|\n|upkeep\n|turn|3\n|\n|t:|1611140917\n|switch|p2a: Tentacruel|Tentacruel, L86, F|278\/278\n|move|p1a: Lucario|Meteor Mash|p2a: Tentacruel\n|-resisted|p2a: Tentacruel\n|-damage|p2a: Tentacruel|200\/278\n|-boost|p1a: Lucario|atk|1\n|-damage|p1a: Lucario|44\/255|[from] item: Life Orb\n|\n|-heal|p2a: Tentacruel|217\/278|[from] item: Black Sludge\n|upkeep\n|turn|4\n|\n|t:|1611140927\n|move|p1a: Lucario|Extreme Speed|p2a: Tentacruel\n|-damage|p2a: Tentacruel|81\/278\n|-damage|p1a: Lucario|19\/255|[from] item: Life Orb\n|move|p2a: Tentacruel|Toxic Spikes|p1a: Lucario\n|-sidestart|p1: MagicalXerneas|move: Toxic Spikes\n|\n|-heal|p2a: Tentacruel|98\/278|[from] item: Black Sludge\n|upkeep\n|turn|5\n|\n|t:|1611140938\n|switch|p2a: Calyrex|Calyrex-Shadow, L68|249\/249\n|-ability|p2a: Calyrex|As One\n|-ability|p2a: Calyrex|Unnerve|p1: MagicalXerneas\n|move|p1a: Lucario|Meteor Mash|p2a: Calyrex\n|-damage|p2a: Calyrex|0 fnt\n|-damage|p1a: Lucario|0 fnt|[from] item: Life Orb\n|faint|p2a: Calyrex\n|faint|p1a: Lucario\n|\n|upkeep\n|c|\u2606Chickpiee|_\/\\_\n|j|@Crow Music\n|\n|t:|1611140954\n|switch|p2a: Weezing|Weezing, L88, M|204\/258\n|switch|p1a: Seismitoad|Seismitoad, L86, M|321\/321\n|-status|p1a: Seismitoad|psn\n|turn|6\n|\n|t:|1611140962\n|switch|p2a: Appletun|Appletun, L90, M|344\/344\n|move|p1a: Seismitoad|Rain Dance|p1a: Seismitoad\n|-weather|RainDance\n|\n|-weather|RainDance|[upkeep]\n|-damage|p1a: Seismitoad|281\/321 psn|[from] psn\n|upkeep\n|turn|7\n|c|^YippieDreepy|face owner's wrath\n|\n|t:|1611140970\n|switch|p1a: Arctozolt|Arctozolt, L86|295\/295\n|move|p2a: Appletun|Apple Acid|p1a: Arctozolt\n|-damage|p1a: Arctozolt|187\/295\n|-unboost|p1a: Arctozolt|spd|1\n|\n|-weather|RainDance|[upkeep]\n|upkeep\n|turn|8\n|\n|t:|1611140979\n|move|p1a: Arctozolt|Thunder Wave|p2a: Appletun\n|-status|p2a: Appletun|par\n|move|p2a: Appletun|Recover||[still]\n|-fail|p2a: Appletun|heal\n|\n|-weather|RainDance|[upkeep]\n|upkeep\n|turn|9\n|\n|t:|1611140986\n|move|p1a: Arctozolt|Icicle Crash|p2a: Appletun\n|-supereffective|p2a: Appletun\n|-damage|p2a: Appletun|148\/344 par\n|move|p2a: Appletun|Recover|p2a: Appletun\n|-heal|p2a: Appletun|320\/344 par\n|\n|-weather|RainDance|[upkeep]\n|-heal|p2a: Appletun|341\/344 par|[from] item: Leftovers\n|upkeep\n|turn|10\n|\n|t:|1611141001\n|switch|p2a: Weezing|Weezing, L88, M|204\/258\n|move|p1a: Arctozolt|Icicle Crash|p2a: Weezing\n|-damage|p2a: Weezing|126\/258\n|\n|-weather|none\n|upkeep\n|turn|11\n|\n|t:|1611141012\n|switch|p1a: Seismitoad|Seismitoad, L86, M|281\/321 psn\n|move|p2a: Weezing|Sludge Bomb|p1a: Seismitoad\n|-resisted|p1a: Seismitoad\n|-damage|p1a: Seismitoad|232\/321 psn\n|\n|-damage|p1a: Seismitoad|192\/321 psn|[from] psn\n|upkeep\n|turn|12\n|\n|t:|1611141022\n|switch|p2a: Appletun|Appletun, L90, M|341\/344 par\n|move|p1a: Seismitoad|Sludge Bomb|p2a: Appletun\n|-supereffective|p2a: Appletun\n|-damage|p2a: Appletun|175\/344 par\n|-damage|p1a: Seismitoad|160\/321 psn|[from] item: Life Orb\n|\n|-heal|p2a: Appletun|196\/344 par|[from] item: Leftovers\n|-damage|p1a: Seismitoad|120\/321 psn|[from] psn\n|upkeep\n|turn|13\n|\n|t:|1611141029\n|move|p1a: Seismitoad|Sludge Bomb|p2a: Appletun\n|-supereffective|p2a: Appletun\n|-damage|p2a: Appletun|30\/344 par\n|-damage|p1a: Seismitoad|88\/321 psn|[from] item: Life Orb\n|move|p2a: Appletun|Recover|p2a: Appletun\n|-heal|p2a: Appletun|202\/344 par\n|\n|-heal|p2a: Appletun|223\/344 par|[from] item: Leftovers\n|-damage|p1a: Seismitoad|48\/321 psn|[from] psn\n|upkeep\n|turn|14\n|\n|t:|1611141036\n|move|p1a: Seismitoad|Sludge Bomb|p2a: Appletun\n|-supereffective|p2a: Appletun\n|-damage|p2a: Appletun|57\/344 par\n|-damage|p1a: Seismitoad|16\/321 psn|[from] item: Life Orb\n|cant|p2a: Appletun|par\n|\n|-heal|p2a: Appletun|78\/344 par|[from] item: Leftovers\n|-damage|p1a: Seismitoad|0 fnt|[from] psn\n|faint|p1a: Seismitoad\n|upkeep\n|\n|t:|1611141044\n|switch|p1a: Calyrex|Calyrex-Shadow, L68|249\/249\n|-ability|p1a: Calyrex|As One\n|-ability|p1a: Calyrex|Unnerve|p2: Chickpiee\n|-status|p1a: Calyrex|psn\n|turn|15\n|\n|t:|1611141053\n|switch|p2a: Spiritomb|Spiritomb, L88, F|231\/231\n|-ability|p2a: Spiritomb|Pressure\n|move|p1a: Calyrex|Psyshock|p2a: Spiritomb\n|-immune|p2a: Spiritomb\n|\n|-damage|p1a: Calyrex|218\/249 psn|[from] psn\n|upkeep\n|turn|16\n|c|^YippieDreepy|_\/\\_\n|j| kunjhu -\n|\n|t:|1611141058\n|switch|p1a: Gurdurr|Gurdurr, L84, M|280\/280\n|-status|p1a: Gurdurr|psn\n|move|p2a: Spiritomb|Dark Pulse|p1a: Gurdurr\n|-resisted|p1a: Gurdurr\n|-damage|p1a: Gurdurr|236\/280 psn\n|\n|-damage|p1a: Gurdurr|201\/280 psn|[from] psn\n|upkeep\n|turn|17\n|\n|t:|1611141063\n|switch|p2a: Weezing|Weezing, L88, M|126\/258\n|move|p1a: Gurdurr|Knock Off|p2a: Weezing\n|-damage|p2a: Weezing|88\/258\n|\n|-damage|p1a: Gurdurr|166\/280 psn|[from] psn\n|upkeep\n|turn|18\n|\n|t:|1611141073\n|switch|p1a: Heliolisk|Heliolisk, L84, F|241\/241\n|-status|p1a: Heliolisk|psn\n|move|p2a: Weezing|Pain Split|p1a: Heliolisk\n|-sethp|p1a: Heliolisk|164\/241 psn|[from] move: Pain Split|[silent]\n|-sethp|p2a: Weezing|164\/258|[from] move: Pain Split\n|\n|-damage|p1a: Heliolisk|134\/241 psn|[from] psn\n|upkeep\n|turn|19\n|\n|t:|1611141080\n|switch|p2a: Goodra|Goodra, L84, M|288\/288\n|move|p1a: Heliolisk|Thunderbolt|p2a: Goodra\n|-resisted|p2a: Goodra\n|-damage|p2a: Goodra|255\/288\n|\n|-damage|p1a: Heliolisk|104\/241 psn|[from] psn\n|upkeep\n|turn|20\n|\n|t:|1611141089\n|switch|p1a: Gurdurr|Gurdurr, L84, M|166\/280 psn\n|move|p2a: Goodra|Earthquake|p1a: Gurdurr\n|-damage|p1a: Gurdurr|115\/280 psn\n|\n|-damage|p1a: Gurdurr|80\/280 psn|[from] psn\n|upkeep\n|turn|21\n|\n|t:|1611141101\n|move|p2a: Goodra|Draco Meteor|p1a: Gurdurr\n|-damage|p1a: Gurdurr|0 fnt\n|-unboost|p2a: Goodra|spa|2\n|faint|p1a: Gurdurr\n|\n|upkeep\n|\n|t:|1611141112\n|switch|p1a: Calyrex|Calyrex-Shadow, L68|218\/249 psn\n|-ability|p1a: Calyrex|As One\n|-ability|p1a: Calyrex|Unnerve|p2: Chickpiee\n|turn|22\n|\n|t:|1611141122\n|move|p1a: Calyrex|Nasty Plot|p1a: Calyrex\n|-boost|p1a: Calyrex|spa|2\n|move|p2a: Goodra|Power Whip|p1a: Calyrex|[miss]\n|-miss|p2a: Goodra|p1a: Calyrex\n|\n|-heal|p1a: Calyrex|233\/249 psn|[from] item: Leftovers\n|-damage|p1a: Calyrex|202\/249 psn|[from] psn\n|upkeep\n|turn|23\n|\n|t:|1611141133\n|switch|p2a: Appletun|Appletun, L90, M|78\/344 par\n|-start|p1a: Calyrex|Dynamax\n|-heal|p1a: Calyrex|404\/498 psn|[silent]\n|move|p1a: Calyrex|Max Phantasm|p2a: Appletun\n|-damage|p2a: Appletun|0 fnt\n|faint|p2a: Appletun\n|-ability|p1a: Calyrex|Grim Neigh|boost\n|-boost|p1a: Calyrex|spa|1\n|\n|-heal|p1a: Calyrex|419\/498 psn|[from] item: Leftovers\n|-damage|p1a: Calyrex|388\/498 psn|[from] psn\n|upkeep\n|\n|t:|1611141147\n|switch|p2a: Goodra|Goodra, L84, M|255\/288\n|turn|24\n|\n|t:|1611141153\n|-start|p2a: Goodra|Dynamax\n|-heal|p2a: Goodra|510\/576|[silent]\n|move|p1a: Calyrex|Max Phantasm|p2a: Goodra\n|-damage|p2a: Goodra|342\/576\n|-unboost|p2a: Goodra|def|1\n|move|p2a: Goodra|Max Quake|p1a: Calyrex\n|-damage|p1a: Calyrex|271\/498 psn\n|-boost|p2a: Goodra|spd|1\n|\n|-heal|p1a: Calyrex|286\/498 psn|[from] item: Leftovers\n|-damage|p1a: Calyrex|255\/498 psn|[from] psn\n|upkeep\n|turn|25\n|\n|t:|1611141166\n|move|p1a: Calyrex|Max Flutterby|p2a: Goodra\n|-damage|p2a: Goodra|271\/576\n|-unboost|p2a: Goodra|spa|1\n|move|p2a: Goodra|Max Quake|p1a: Calyrex\n|-damage|p1a: Calyrex|132\/498 psn\n|-boost|p2a: Goodra|spd|1\n|\n|-heal|p1a: Calyrex|147\/498 psn|[from] item: Leftovers\n|-damage|p1a: Calyrex|116\/498 psn|[from] psn\n|-end|p1a: Calyrex|Dynamax\n|-heal|p1a: Calyrex|58\/249 psn|[silent]\n|upkeep\n|turn|26\n|\n|t:|1611141175\n|-end|p2a: Goodra|Dynamax\n|-heal|p2a: Goodra|136\/288|[silent]\n|switch|p2a: Spiritomb|Spiritomb, L88, F|231\/231\n|-ability|p2a: Spiritomb|Pressure\n|move|p1a: Calyrex|Psyshock|p2a: Spiritomb\n|-immune|p2a: Spiritomb\n|\n|-heal|p1a: Calyrex|73\/249 psn|[from] item: Leftovers\n|-damage|p1a: Calyrex|42\/249 psn|[from] psn\n|upkeep\n|turn|27\n|\n|t:|1611141194\n|switch|p2a: Goodra|Goodra, L84, M|136\/288\n|move|p1a: Calyrex|Astral Barrage|p2a: Goodra\n|-damage|p2a: Goodra|0 fnt\n|faint|p2a: Goodra\n|-ability|p1a: Calyrex|Grim Neigh|boost\n|-boost|p1a: Calyrex|spa|1\n|\n|-heal|p1a: Calyrex|57\/249 psn|[from] item: Leftovers\n|-damage|p1a: Calyrex|26\/249 psn|[from] psn\n|upkeep\n|\n|t:|1611141207\n|switch|p2a: Tentacruel|Tentacruel, L86, F|98\/278\n|turn|28\n|\n|t:|1611141212\n|move|p1a: Calyrex|Astral Barrage|p2a: Tentacruel\n|-damage|p2a: Tentacruel|0 fnt\n|faint|p2a: Tentacruel\n|-ability|p1a: Calyrex|Grim Neigh|boost\n|-boost|p1a: Calyrex|spa|1\n|\n|-heal|p1a: Calyrex|41\/249 psn|[from] item: Leftovers\n|-damage|p1a: Calyrex|10\/249 psn|[from] psn\n|upkeep\n|\n|t:|1611141214\n|switch|p2a: Weezing|Weezing, L88, M|164\/258\n|turn|29\n|\n|t:|1611141217\n|move|p1a: Calyrex|Astral Barrage|p2a: Weezing\n|-damage|p2a: Weezing|0 fnt\n|faint|p2a: Weezing\n|-ability|p1a: Calyrex|Grim Neigh|boost\n|-boost|p1a: Calyrex|spa|1\n|\n|-heal|p1a: Calyrex|25\/249 psn|[from] item: Leftovers\n|-damage|p1a: Calyrex|0 fnt|[from] psn\n|faint|p1a: Calyrex\n|upkeep\n|\n|t:|1611141229\n|switch|p1a: Arctozolt|Arctozolt, L86|187\/295\n|switch|p2a: Spiritomb|Spiritomb, L88, F|231\/231\n|-ability|p2a: Spiritomb|Pressure\n|turn|30\n|j| Monarch.UV\n|\n|t:|1611141237\n|move|p1a: Arctozolt|Thunder Wave|p2a: Spiritomb\n|-status|p2a: Spiritomb|par\n|cant|p2a: Spiritomb|par\n|\n|upkeep\n|turn|31\n|\n|t:|1611141251\n|move|p1a: Arctozolt|Bolt Beak|p2a: Spiritomb\n|-damage|p2a: Spiritomb|80\/231 par\n|move|p2a: Spiritomb|Dark Pulse|p1a: Arctozolt\n|-crit|p1a: Arctozolt\n|-damage|p1a: Arctozolt|46\/295\n|\n|-heal|p2a: Spiritomb|94\/231 par|[from] item: Leftovers\n|upkeep\n|turn|32\n|c| Thegamingattack3|Para hacks\n|c|\u2606Chickpiee|Owner's Wrath _\/\\_\n|c|\u2606MagicalXerneas|Gg\n|c|\u2606Chickpiee|no\n|c|\u2606Chickpiee|no para hack\n|c|\u2606Chickpiee|gg\n|\n|t:|1611141271\n|move|p1a: Arctozolt|Bolt Beak|p2a: Spiritomb\n|-damage|p2a: Spiritomb|0 fnt\n|faint|p2a: Spiritomb\n|\n|win|MagicalXerneas\n|n|\u2606MagicalXerneas|magicalxerneas\n|n|\u2606Chickpiee|chickpiee\n|n| YippieDreepy|yippiedreepy\n|n| Thegamingattack3|thegamingattack3\n|n| abhk|abhk\n|n| Crow Music|crowmusic\n|n| kunjhu -|kunjhu\n|n| Monarch.UV|monarchuv\n","inputlog":">version 0e0386f5c76d5ca636358f5e94813c40af277ff8\n>start {\"formatid\":\"gen8randombattle\",\"seed\":[31257,55089,64507,997],\"rated\":\"Tournament battle\"}\n>player p1 {\"name\":\"MagicalXerneas\",\"avatar\":\"jasmine\",\"team\":\"\",\"rating\":0,\"seed\":[201,27118,24033,27874]}\n>player p2 {\"name\":\"Chickpiee\",\"avatar\":\"caitlin\",\"team\":\"\",\"rating\":0,\"seed\":[41600,52285,53980,8471]}\n>chat *PartBot|G'luck, nerds.\n>chat \u2606Chickpiee|; ;\n>chat \u2606MagicalXerneas|Hf\n>chat ^YippieDreepy|_\/\\_\n>chat \u2606Chickpiee|_\/\\_\n>p1 move knockoff\n>p2 switch 6\n>chat ^YippieDreepy|gl\n>chat  Thegamingattack3|Gl \n>p1 switch 6\n>p2 move fireblast\n>p1 move meteormash\n>p2 switch 5\n>p1 move extremespeed\n>p2 move toxicspikes\n>p1 move meteormash\n>p2 switch 4\n>chat \u2606Chickpiee|_\/\\_\n>p1 switch 3\n>p2 switch 5\n>p1 move raindance\n>p2 switch 3\n>chat ^YippieDreepy|face owner's wrath\n>p1 switch 5\n>p2 move appleacid\n>p1 move thunderwave\n>p2 move recover\n>p1 move iciclecrash\n>p2 move recover\n>p1 move iciclecrash\n>p2 switch 3\n>p1 switch 5\n>p2 move sludgebomb\n>p1 move sludgebomb\n>p2 switch 3\n>p1 move sludgebomb\n>p2 move recover\n>p1 move sludgebomb\n>p2 move recover\n>p1 switch 4\n>p1 move psyshock\n>p2 switch 2\n>chat ^YippieDreepy|_\/\\_\n>p1 switch 6\n>p2 move darkpulse\n>p1 move knockoff\n>p2 switch 3\n>p1 switch 2\n>p2 move painsplit\n>p1 move thunderbolt\n>p2 switch 6\n>p1 switch 2\n>p2 move earthquake\n>p1 move drainpunch\n>p2 move dracometeor\n>p1 switch 6\n>p1 move nastyplot\n>p2 move powerwhip\n>p1 move astralbarrage dynamax\n>p2 switch 2\n>p2 switch 2\n>p1 move astralbarrage dynamax\n>p2 move earthquake dynamax\n>p1 move pollenpuff dynamax\n>p2 move earthquake dynamax\n>p1 move psyshock\n>p2 switch 3\n>p1 move astralbarrage\n>p2 switch 3\n>p2 switch 4\n>p1 move astralbarrage\n>p2 move scald\n>p2 switch 6\n>p1 move astralbarrage\n>p2 move sludgebomb\n>p1 switch 5\n>p2 switch 3\n>p1 move thunderwave\n>p2 move darkpulse\n>p1 move boltbeak\n>p2 move darkpulse\n>chat  Thegamingattack3|Para hacks \n>chat \u2606Chickpiee|Owner's Wrath _\/\\_\n>chat \u2606MagicalXerneas|Gg\n>chat \u2606Chickpiee|no\n>chat \u2606Chickpiee|no para hack\n>chat \u2606Chickpiee|gg\n>p1 move boltbeak\n>p2 move rest","uploadtime":1611141273,"views":5,"p1id":"magicalxerneas","p2id":"chickpiee","formatid":"gen8randombattle","rating":0,"private":0,"password":null}