{"id":"gen8ou-1547930807","p1":"Manjack","p2":"Skip The Drip","format":"gen8ou","log":"|j|\u2606Manjack\n|j|\u2606Skip The Drip\n|inactive|Battle timer is ON: inactive players will automatically lose when time's up.\n|t:|1649318253\n|gametype|singles\n|player|p1|Manjack|101|\n|player|p2|Skip The Drip|victor-dojo|\n|teamsize|p1|6\n|teamsize|p2|6\n|gen|8\n|tier|[Gen 8] OU\n|rated|Tournament battle\n|rule|Sleep Clause Mod: Limit one foe put to sleep\n|rule|Species Clause: Limit one of each Pok\u00e9mon\n|rule|OHKO Clause: OHKO moves are banned\n|rule|Evasion Moves Clause: Evasion moves are banned\n|rule|Endless Battle Clause: Forcing endless battles is banned\n|rule|HP Percentage Mod: HP is shown in percentages\n|rule|Dynamax Clause: You cannot dynamax\n|clearpoke\n|poke|p1|Rapidash-Galar, F|\n|poke|p1|Blissey, F|\n|poke|p1|Zapdos|\n|poke|p1|Dragapult, F|\n|poke|p1|Magnezone|\n|poke|p1|Gastrodon, M|\n|poke|p2|Incineroar, F|\n|poke|p2|Mew|\n|poke|p2|Slurpuff, M|\n|poke|p2|Tapu Fini|\n|poke|p2|Vanilluxe, F|\n|poke|p2|Corviknight, F|\n|teampreview\n|j| deesnut\n|c|\u2606Manjack|Glhf\n|c|\u2606Skip The Drip|ur name sus bro\n|j| krbyptty\n|c|\u2606Manjack|It's supposed to be jackman, but that was taken\n|inactive|Manjack has 120 seconds left.\n|j| FR33Z3RM4N\n|c|\u2606Skip The Drip|like travis scott\n|c| deesnut|https:\/\/www.youtube.com\/watch?v=VFnAFVUJgwA\n|c|\u2606Skip The Drip|huncho jack\n|c|\u2606Skip The Drip|LOL\n|c| deesnut|trap\n|c|\u2606Skip The Drip|drake nightcore\n|j| wurtthesqurt\n|inactive|Manjack has 90 seconds left.\n|\n|t:|1649318314\n|start\n|switch|p1a: Dragapult|Dragapult, F|100\/100\n|switch|p2a: Slurpuff|Slurpuff, M, shiny|100\/100\n|turn|1\n|c|\u2606Skip The Drip|https:\/\/www.youtube.com\/watch?v=8RMYSobB14c\n|\n|t:|1649318324\n|move|p1a: Dragapult|Shadow Ball|p2a: Slurpuff\n|-damage|p2a: Slurpuff|25\/100\n|move|p2a: Slurpuff|Sticky Web|p1a: Dragapult\n|-sidestart|p1: Manjack|move: Sticky Web\n|\n|upkeep\n|turn|2\n|\n|t:|1649318329\n|move|p1a: Dragapult|Shadow Ball|p2a: Slurpuff\n|-damage|p2a: Slurpuff|0 fnt\n|faint|p2a: Slurpuff\n|\n|upkeep\n|\n|t:|1649318332\n|switch|p2a: Vanilluxe|Vanilluxe, F|100\/100\n|-weather|Hail|[from] ability: Snow Warning|[of] p2a: Vanilluxe\n|turn|3\n|\n|t:|1649318337\n|switch|p1a: Blissey|Blissey, F|100\/100\n|move|p2a: Vanilluxe|Aurora Veil|p2a: Vanilluxe\n|-sidestart|p2: Skip The Drip|move: Aurora Veil\n|\n|-weather|Hail|[upkeep]\n|-damage|p1a: Blissey|94\/100|[from] Hail\n|upkeep\n|turn|4\n|\n|t:|1649318341\n|move|p2a: Vanilluxe|Taunt|p1a: Blissey\n|-start|p1a: Blissey|move: Taunt\n|cant|p1a: Blissey|move: Taunt|Stealth Rock\n|\n|-weather|Hail|[upkeep]\n|-damage|p1a: Blissey|88\/100|[from] Hail\n|upkeep\n|turn|5\n|c| deesnut|LOL\n|\n|t:|1649318344\n|move|p2a: Vanilluxe|Explosion|p1a: Blissey\n|-damage|p1a: Blissey|43\/100\n|faint|p2a: Vanilluxe\n|move|p1a: Blissey|Seismic Toss|p2: Vanilluxe|[notarget]\n|-fail|p1a: Blissey\n|\n|-weather|Hail|[upkeep]\n|-damage|p1a: Blissey|37\/100|[from] Hail\n|upkeep\n|c|\u2606Manjack|Oh\n|c|\u2606Manjack|Interesting\n|c|\u2606Skip The Drip|im apart of\n|c|\u2606Skip The Drip|808 mafia\n|c| deesnut|https:\/\/www.youtube.com\/watch?v=fkPzqWSrz84\n|c|\u2606Skip The Drip|so of these are fire\n|\n|t:|1649318372\n|switch|p2a: Incineroar|Incineroar, F|100\/100\n|-ability|p2a: Incineroar|Intimidate|boost\n|-unboost|p1a: Blissey|atk|1\n|turn|6\n|\n|t:|1649318385\n|switch|p1a: Zapdos|Zapdos|100\/100\n|move|p2a: Incineroar|Flame Charge|p1a: Zapdos\n|-damage|p1a: Zapdos|86\/100\n|-boost|p2a: Incineroar|spe|1\n|\n|-weather|Hail|[upkeep]\n|-damage|p2a: Incineroar|94\/100|[from] Hail\n|-damage|p1a: Zapdos|80\/100|[from] Hail\n|upkeep\n|turn|7\n|\n|t:|1649318391\n|move|p2a: Incineroar|Taunt|p1a: Zapdos\n|-start|p1a: Zapdos|move: Taunt\n|move|p1a: Zapdos|Volt Switch|p2a: Incineroar\n|-damage|p2a: Incineroar|80\/100\n|\n|t:|1649318393\n|switch|p1a: Gastrodon|Gastrodon, M|100\/100|[from]move: Volt Switch\n|-activate|p1a: Gastrodon|move: Sticky Web\n|-unboost|p1a: Gastrodon|spe|1\n|\n|-weather|none\n|upkeep\n|turn|8\n|\n|t:|1649318397\n|move|p2a: Incineroar|Bulk Up|p2a: Incineroar\n|-boost|p2a: Incineroar|atk|1\n|-boost|p2a: Incineroar|def|1\n|move|p1a: Gastrodon|Earth Power|p2a: Incineroar\n|-supereffective|p2a: Incineroar\n|-damage|p2a: Incineroar|54\/100\n|-enditem|p2a: Incineroar|Weakness Policy\n|-boost|p2a: Incineroar|atk|2|[from] item: Weakness Policy\n|-boost|p2a: Incineroar|spa|2|[from] item: Weakness Policy\n|\n|upkeep\n|turn|9\n|c|\u2606Manjack|Oh no\n|c| deesnut|I'm ngl I been listening to hotline bling without a hint of irony or anything\n|c| deesnut|shit goes hard\n|c|\u2606Skip The Drip|bro\n|\n|t:|1649318422\n|move|p2a: Incineroar|Bulk Up|p2a: Incineroar\n|-boost|p2a: Incineroar|atk|1\n|-boost|p2a: Incineroar|def|1\n|move|p1a: Gastrodon|Toxic|p2a: Incineroar|[miss]\n|-miss|p1a: Gastrodon|p2a: Incineroar\n|\n|upkeep\n|turn|10\n|c| FR33Z3RM4N|It actually does tho\n|c|\u2606Skip The Drip|after the 5th meme listen\n|c|\u2606Manjack|Nooo\n|c|\u2606Skip The Drip|it goes\n|c|\u2606Skip The Drip|so hard\n|\n|t:|1649318430\n|move|p2a: Incineroar|Power Trip|p1a: Gastrodon\n|-damage|p1a: Gastrodon|0 fnt\n|faint|p1a: Gastrodon\n|\n|-sideend|p2: Skip The Drip|move: Aurora Veil\n|upkeep\n|j| Prince Zenaku\n|c| deesnut|I got a whole\n|c|\u2606Skip The Drip|i misclicked\n|c|\u2606Skip The Drip|bu\n|c| deesnut|drake playlist\n|\n|t:|1649318442\n|switch|p1a: Zapdos|Zapdos|80\/100\n|turn|11\n|c|\u2606Skip The Drip|so unlucky\n|c| deesnut|on spotify\n|\n|t:|1649318449\n|move|p2a: Incineroar|Power Trip|p1a: Zapdos\n|-damage|p1a: Zapdos|0 fnt\n|-status|p2a: Incineroar|par|[from] ability: Static|[of] p1a: Zapdos\n|faint|p1a: Zapdos\n|\n|upkeep\n|c| deesnut|but sending it would doxx me\n|c|\u2606Skip The Drip|drake nightcore\n|c|\u2606Skip The Drip|playlist\n|\n|t:|1649318468\n|switch|p1a: Dragapult|Dragapult, F|100\/100\n|-activate|p1a: Dragapult|move: Sticky Web\n|-unboost|p1a: Dragapult|spe|1\n|turn|12\n|c| deesnut|nah they don't have that shit on spotify\n|c| deesnut|surely\n|\n|t:|1649318478\n|move|p1a: Dragapult|Draco Meteor|p2a: Incineroar\n|-damage|p2a: Incineroar|0 fnt\n|-unboost|p1a: Dragapult|spa|2\n|faint|p2a: Incineroar\n|\n|upkeep\n|c|\u2606Skip The Drip|im on spotify\n|c| deesnut|no way\n|c|\u2606Skip The Drip|wit 100,000,000 of fans\n|\n|t:|1649318495\n|switch|p2a: Mew|Mew|100\/100\n|turn|13\n|c| deesnut|boutta make a drake nightmare Spotify playlist\n|c| deesnut|*nightcore\n|\n|t:|1649318521\n|switch|p1a: Blissey|Blissey, F|37\/100\n|move|p2a: Mew|Cosmic Power|p2a: Mew\n|-boost|p2a: Mew|def|1\n|-boost|p2a: Mew|spd|1\n|\n|upkeep\n|turn|14\n|c|\u2606Skip The Drip|3d is hatin\n|c|\u2606Skip The Drip|rn\n|\n|t:|1649318529\n|move|p2a: Mew|Taunt|p1a: Blissey\n|-start|p1a: Blissey|move: Taunt\n|cant|p1a: Blissey|move: Taunt|Teleport\n|\n|upkeep\n|turn|15\n|c| FR33Z3RM4N|swans > drake\n|\n|t:|1649318532\n|switch|p1a: Dragapult|Dragapult, F|100\/100\n|-activate|p1a: Dragapult|move: Sticky Web\n|-unboost|p1a: Dragapult|spe|1\n|move|p2a: Mew|Cosmic Power|p2a: Mew\n|-boost|p2a: Mew|def|1\n|-boost|p2a: Mew|spd|1\n|\n|upkeep\n|turn|16\n|c| FR33Z3RM4N|Hands down\n|c|\u2606Skip The Drip|typical 3d L\n|c| deesnut|he doesn't see the vision\n|\n|t:|1649318540\n|move|p2a: Mew|Cosmic Power|p2a: Mew\n|-boost|p2a: Mew|def|1\n|-boost|p2a: Mew|spd|1\n|move|p1a: Dragapult|Shadow Ball|p2a: Mew\n|-supereffective|p2a: Mew\n|-damage|p2a: Mew|66\/100\n|-enditem|p2a: Mew|Weakness Policy\n|-boost|p2a: Mew|atk|2|[from] item: Weakness Policy\n|-boost|p2a: Mew|spa|2|[from] item: Weakness Policy\n|\n|upkeep\n|turn|17\n|\n|t:|1649318543\n|move|p2a: Mew|Stored Power|p1a: Dragapult\n|-damage|p1a: Dragapult|0 fnt\n|faint|p1a: Dragapult\n|\n|upkeep\n|\n|t:|1649318549\n|switch|p1a: Rapidash|Rapidash-Galar, F|100\/100\n|-activate|p1a: Rapidash|move: Sticky Web\n|-unboost|p1a: Rapidash|spe|1\n|turn|18\n|j| 00x00x00\n|j| Echo2615\n|\n|t:|1649318554\n|move|p2a: Mew|Taunt|p1a: Rapidash\n|-start|p1a: Rapidash|move: Taunt\n|cant|p1a: Rapidash|move: Taunt|Agility\n|\n|upkeep\n|turn|19\n|c| FR33Z3RM4N|3d taking Ls what's new\n|\n|t:|1649318556\n|move|p2a: Mew|Cosmic Power|p2a: Mew\n|-boost|p2a: Mew|def|1\n|-boost|p2a: Mew|spd|1\n|move|p1a: Rapidash|Play Rough|p2a: Mew\n|-damage|p2a: Mew|50\/100\n|-unboost|p2a: Mew|atk|1\n|-damage|p1a: Rapidash|91\/100|[from] item: Life Orb\n|\n|upkeep\n|turn|20\n|c| FR33Z3RM4N|Lol\n|\n|t:|1649318560\n|move|p2a: Mew|Soft-Boiled|p2a: Mew\n|-heal|p2a: Mew|100\/100\n|move|p1a: Rapidash|Play Rough|p2a: Mew\n|-damage|p2a: Mew|86\/100\n|-damage|p1a: Rapidash|81\/100|[from] item: Life Orb\n|\n|-end|p1a: Rapidash|move: Taunt\n|upkeep\n|turn|21\n|\n|t:|1649318564\n|move|p2a: Mew|Stored Power|p1a: Rapidash\n|-resisted|p1a: Rapidash\n|-damage|p1a: Rapidash|0 fnt\n|faint|p1a: Rapidash\n|\n|upkeep\n|c|\u2606Skip The Drip|ikr\n|l| krbyptty\n|\n|t:|1649318568\n|switch|p1a: Magnezone|Magnezone|100\/100\n|-activate|p1a: Magnezone|move: Sticky Web\n|-unboost|p1a: Magnezone|spe|1\n|turn|22\n|j| HOF69\n|\n|t:|1649318573\n|move|p2a: Mew|Stored Power|p1a: Magnezone\n|-resisted|p1a: Magnezone\n|-damage|p1a: Magnezone|13\/100\n|move|p1a: Magnezone|Flash Cannon|p2a: Mew\n|-damage|p2a: Mew|76\/100\n|\n|-heal|p1a: Magnezone|19\/100|[from] item: Leftovers\n|upkeep\n|turn|23\n|c|\u2606Manjack|Gg\n|l| Echo2615\n|c|\u2606Skip The Drip|gg\n|-message|Manjack forfeited.\n|\n|win|Skip The Drip\n|n|\u2606Manjack|manjack\n|n|\u2606Skip The Drip|skipthedrip\n|n| deesnut|deesnut\n|n| FR33Z3RM4N|fr33z3rm4n\n|n| wurtthesqurt|wurtthesqurt\n|n| Prince Zenaku|princezenaku\n|n| 00x00x00|00x00x00\n|n| HOF69|hof69\n|l|\u2606Manjack\n|c| deesnut|if bhdb said he liked it he'd change his mind \ud83d\ude29\n|c|\u2606Skip The Drip|for real\n|c|\u2606Skip The Drip|meat rider\n|c| FR33Z3RM4N|3d the type of guy to lose to glastrier\n|l|\u2606Skip The Drip\n|l| FR33Z3RM4N\n|l| deesnut\n","uploadtime":1649318635,"views":65,"p1id":"manjack","p2id":"skipthedrip","formatid":"gen8ou","rating":0,"private":0,"password":null}