{"id":"gen8ou-1502381632","p1":"Igotthegat","p2":"Eto025","format":"gen8ou","log":"|j|\u2606Igotthegat\n|j|\u2606Eto025\n|t:|1643724922\n|gametype|singles\n|player|p1|Igotthegat|hilda|1382\n|player|p2|Eto025|2|1390\n|teamsize|p1|6\n|teamsize|p2|6\n|gen|8\n|tier|[Gen 8] OU\n|rated|\n|rule|Sleep Clause Mod: Limit one foe put to sleep\n|rule|Species Clause: Limit one of each Pok\u00e9mon\n|rule|OHKO Clause: OHKO moves are banned\n|rule|Evasion Moves Clause: Evasion moves are banned\n|rule|Endless Battle Clause: Forcing endless battles is banned\n|rule|HP Percentage Mod: HP is shown in percentages\n|rule|Dynamax Clause: You cannot dynamax\n|clearpoke\n|poke|p1|Landorus-Therian, M|\n|poke|p1|Slowking, M|\n|poke|p1|Volcarona, M|\n|poke|p1|Bisharp, M|\n|poke|p1|Kartana|\n|poke|p1|Rotom-Wash|\n|poke|p2|Garchomp, F|\n|poke|p2|Melmetal|\n|poke|p2|Tapu Lele|\n|poke|p2|Tornadus-Therian, M|\n|poke|p2|Ferrothorn, F|\n|poke|p2|Rotom-Wash|\n|teampreview\n|inactive|Battle timer is ON: inactive players will automatically lose when time's up. (requested by Eto025)\n|\n|t:|1643724934\n|start\n|switch|p1a: Rotom|Rotom-Wash|100\/100\n|switch|p2a: Rotom|Rotom-Wash|100\/100\n|turn|1\n|\n|t:|1643724942\n|switch|p2a: Ferrothorn|Ferrothorn, F|100\/100\n|move|p1a: Rotom|Volt Switch|p2a: Ferrothorn\n|-resisted|p2a: Ferrothorn\n|-crit|p2a: Ferrothorn\n|-damage|p2a: Ferrothorn|85\/100\n|\n|t:|1643724948\n|switch|p1a: Volcarona|Volcarona, M|100\/100|[from]move: Volt Switch\n|\n|-heal|p2a: Ferrothorn|91\/100|[from] item: Leftovers\n|upkeep\n|turn|2\n|\n|t:|1643724955\n|switch|p2a: Tornadus|Tornadus-Therian, M|100\/100\n|move|p1a: Volcarona|Fiery Dance|p2a: Tornadus\n|-damage|p2a: Tornadus|73\/100\n|-boost|p1a: Volcarona|spa|1\n|\n|upkeep\n|turn|3\n|\n|t:|1643724964\n|switch|p1a: Slowking|Slowking, M|100\/100\n|move|p2a: Tornadus|Hurricane|p1a: Slowking|[miss]\n|-miss|p2a: Tornadus|p1a: Slowking\n|\n|upkeep\n|turn|4\n|\n|t:|1643724971\n|move|p2a: Tornadus|Knock Off|p1a: Slowking\n|-supereffective|p1a: Slowking\n|-damage|p1a: Slowking|69\/100\n|-enditem|p1a: Slowking|Leftovers|[from] move: Knock Off|[of] p2a: Tornadus\n|move|p1a: Slowking|Teleport|p1a: Slowking\n|\n|t:|1643724977\n|switch|p1a: Rotom|Rotom-Wash|100\/100|[from]move: Teleport\n|\n|upkeep\n|turn|5\n|\n|t:|1643724990\n|switch|p2a: Ferrothorn|Ferrothorn, F|91\/100\n|move|p1a: Rotom|Hydro Pump|p2a: Ferrothorn\n|-resisted|p2a: Ferrothorn\n|-damage|p2a: Ferrothorn|74\/100\n|\n|-heal|p2a: Ferrothorn|80\/100|[from] item: Leftovers\n|upkeep\n|turn|6\n|\n|t:|1643725001\n|switch|p1a: Volcarona|Volcarona, M|100\/100\n|move|p2a: Ferrothorn|Knock Off|p1a: Volcarona\n|-damage|p1a: Volcarona|67\/100\n|-enditem|p1a: Volcarona|Heavy-Duty Boots|[from] move: Knock Off|[of] p2a: Ferrothorn\n|\n|-heal|p2a: Ferrothorn|86\/100|[from] item: Leftovers\n|upkeep\n|turn|7\n|\n|t:|1643725011\n|switch|p2a: Tornadus|Tornadus-Therian, M|100\/100\n|move|p1a: Volcarona|Quiver Dance|p1a: Volcarona\n|-boost|p1a: Volcarona|spa|1\n|-boost|p1a: Volcarona|spd|1\n|-boost|p1a: Volcarona|spe|1\n|\n|upkeep\n|turn|8\n|\n|t:|1643725019\n|move|p1a: Volcarona|Quiver Dance|p1a: Volcarona\n|-boost|p1a: Volcarona|spa|1\n|-boost|p1a: Volcarona|spd|1\n|-boost|p1a: Volcarona|spe|1\n|move|p2a: Tornadus|Hurricane|p1a: Volcarona\n|-supereffective|p1a: Volcarona\n|-damage|p1a: Volcarona|23\/100\n|\n|upkeep\n|turn|9\n|\n|t:|1643725028\n|move|p1a: Volcarona|Fiery Dance|p2a: Tornadus\n|-crit|p2a: Tornadus\n|-damage|p2a: Tornadus|15\/100\n|-boost|p1a: Volcarona|spa|1\n|move|p2a: Tornadus|Hurricane|p1a: Volcarona|[miss]\n|-miss|p2a: Tornadus|p1a: Volcarona\n|\n|upkeep\n|turn|10\n|\n|t:|1643725043\n|switch|p2a: Rotom|Rotom-Wash|100\/100\n|move|p1a: Volcarona|Fiery Dance|p2a: Rotom\n|-resisted|p2a: Rotom\n|-damage|p2a: Rotom|58\/100\n|\n|-heal|p2a: Rotom|64\/100|[from] item: Leftovers\n|upkeep\n|turn|11\n|\n|t:|1643725053\n|move|p1a: Volcarona|Bug Buzz|p2a: Rotom\n|-crit|p2a: Rotom\n|-damage|p2a: Rotom|0 fnt\n|faint|p2a: Rotom\n|\n|upkeep\n|inactive|Eto025 has 120 seconds left.\n|\n|t:|1643725081\n|switch|p2a: Tornadus|Tornadus-Therian, M|48\/100\n|turn|12\n|\n|t:|1643725086\n|switch|p2a: Ferrothorn|Ferrothorn, F|86\/100\n|move|p1a: Volcarona|Fiery Dance|p2a: Ferrothorn\n|-supereffective|p2a: Ferrothorn\n|-damage|p2a: Ferrothorn|0 fnt\n|faint|p2a: Ferrothorn\n|\n|upkeep\n|\n|t:|1643725094\n|switch|p2a: Tornadus|Tornadus-Therian, M|81\/100\n|turn|13\n|\n|t:|1643725105\n|move|p1a: Volcarona|Fiery Dance|p2a: Tornadus\n|-crit|p2a: Tornadus\n|-damage|p2a: Tornadus|0 fnt\n|faint|p2a: Tornadus\n|\n|upkeep\n|\n|t:|1643725111\n|switch|p2a: Tapu Lele|Tapu Lele|100\/100\n|-fieldstart|move: Psychic Terrain|[from] ability: Psychic Surge|[of] p2a: Tapu Lele\n|turn|14\n|\n|t:|1643725116\n|move|p1a: Volcarona|Bug Buzz|p2a: Tapu Lele\n|-damage|p2a: Tapu Lele|0 fnt\n|faint|p2a: Tapu Lele\n|\n|upkeep\n|-message|Eto025 forfeited.\n|\n|win|Igotthegat\n|raw|Igotthegat's rating: 1382 &rarr; <strong>1402<\/strong><br \/>(+20 for winning)\n|raw|Eto025's rating: 1390 &rarr; <strong>1370<\/strong><br \/>(-20 for losing)\n|l|\u2606Eto025\n||Ladder isn't responding, score probably updated but might not have (Request timeout).\n","uploadtime":1643725128,"views":15,"p1id":"igotthegat","p2id":"eto025","formatid":"gen8ou","rating":1370,"private":0,"password":null}