{"id":"gen8randombattle-1534655533","p1":"Swordsman.N","p2":"Sparroh","format":"gen8randombattle","log":"|j|\u2606Swordsman.N\n|j|\u2606Sparroh\n|t:|1647776489\n|gametype|singles\n|player|p1|Swordsman.N|caitlin|1870\n|player|p2|Sparroh|pokemonbreederf-gen4|1883\n|teamsize|p1|6\n|teamsize|p2|6\n|gen|8\n|tier|[Gen 8] Random Battle\n|rated|\n|rule|Species Clause: Limit one of each Pok\u00e9mon\n|rule|HP Percentage Mod: HP is shown in percentages\n|rule|Sleep Clause Mod: Limit one foe put to sleep\n|\n|t:|1647776489\n|start\n|switch|p1a: Gardevoir|Gardevoir, L82, F|246\/246\n|switch|p2a: Skarmory|Skarmory, L80, F|235\/235\n|-ability|p1a: Gardevoir|Sturdy|[from] ability: Trace|[of] p2a: Skarmory\n|turn|1\n|inactive|Battle timer is ON: inactive players will automatically lose when time's up. (requested by Swordsman.N)\n|\n|t:|1647776500\n|move|p1a: Gardevoir|Mystical Fire|p2a: Skarmory\n|-supereffective|p2a: Skarmory\n|-crit|p2a: Skarmory\n|-ability|p2a: Skarmory|Sturdy\n|-damage|p2a: Skarmory|1\/235\n|-unboost|p2a: Skarmory|spa|1\n|-damage|p1a: Gardevoir|222\/246|[from] item: Life Orb\n|move|p2a: Skarmory|Stealth Rock|p1a: Gardevoir\n|-sidestart|p1: Swordsman.N|move: Stealth Rock\n|\n|-heal|p2a: Skarmory|15\/235|[from] item: Leftovers\n|upkeep\n|turn|2\n|\n|t:|1647776511\n|switch|p2a: Lugia|Lugia, L74|279\/279\n|move|p1a: Gardevoir|Moonblast|p2a: Lugia\n|-damage|p2a: Lugia|221\/279\n|-unboost|p2a: Lugia|spa|1\n|-damage|p1a: Gardevoir|198\/246|[from] item: Life Orb\n|\n|upkeep\n|turn|3\n|\n|t:|1647776530\n|move|p2a: Lugia|Roost|p2a: Lugia\n|-heal|p2a: Lugia|279\/279\n|-singleturn|p2a: Lugia|move: Roost\n|move|p1a: Gardevoir|Calm Mind|p1a: Gardevoir\n|-boost|p1a: Gardevoir|spa|1\n|-boost|p1a: Gardevoir|spd|1\n|\n|upkeep\n|turn|4\n|inactive|Sparroh has 120 seconds left.\n|\n|t:|1647776561\n|move|p2a: Lugia|Toxic|p1a: Gardevoir\n|-status|p1a: Gardevoir|tox\n|move|p1a: Gardevoir|Moonblast|p2a: Lugia\n|-damage|p2a: Lugia|198\/279\n|-damage|p1a: Gardevoir|174\/246 tox|[from] item: Life Orb\n|\n|-damage|p1a: Gardevoir|159\/246 tox|[from] psn\n|upkeep\n|turn|5\n|\n|t:|1647776569\n|move|p2a: Lugia|Roost|p2a: Lugia\n|-heal|p2a: Lugia|279\/279\n|-singleturn|p2a: Lugia|move: Roost\n|move|p1a: Gardevoir|Moonblast|p2a: Lugia\n|-damage|p2a: Lugia|196\/279\n|-damage|p1a: Gardevoir|135\/246 tox|[from] item: Life Orb\n|\n|-damage|p1a: Gardevoir|105\/246 tox|[from] psn\n|upkeep\n|turn|6\n|\n|t:|1647776579\n|move|p2a: Lugia|Roost|p2a: Lugia\n|-heal|p2a: Lugia|279\/279\n|-singleturn|p2a: Lugia|move: Roost\n|move|p1a: Gardevoir|Moonblast|p2a: Lugia\n|-damage|p2a: Lugia|195\/279\n|-damage|p1a: Gardevoir|81\/246 tox|[from] item: Life Orb\n|\n|-damage|p1a: Gardevoir|36\/246 tox|[from] psn\n|upkeep\n|turn|7\n|\n|t:|1647776593\n|move|p2a: Lugia|Roost|p2a: Lugia\n|-heal|p2a: Lugia|279\/279\n|-singleturn|p2a: Lugia|move: Roost\n|move|p1a: Gardevoir|Moonblast|p2a: Lugia\n|-damage|p2a: Lugia|191\/279\n|-unboost|p2a: Lugia|spa|1\n|-damage|p1a: Gardevoir|12\/246 tox|[from] item: Life Orb\n|\n|-damage|p1a: Gardevoir|0 fnt|[from] psn\n|faint|p1a: Gardevoir\n|upkeep\n|\n|t:|1647776605\n|switch|p1a: Kyurem|Kyurem-White, L74|307\/307\n|-damage|p1a: Kyurem|231\/307|[from] Stealth Rock\n|-ability|p1a: Kyurem|Turboblaze\n|turn|8\n|\n|t:|1647776614\n|switch|p2a: Klefki|Klefki, L82, F|228\/228\n|move|p1a: Kyurem|Ice Beam|p2a: Klefki\n|-resisted|p2a: Klefki\n|-damage|p2a: Klefki|162\/228\n|\n|-heal|p2a: Klefki|176\/228|[from] item: Leftovers\n|upkeep\n|turn|9\n|\n|t:|1647776625\n|-start|p1a: Kyurem|Dynamax\n|-heal|p1a: Kyurem|462\/614|[silent]\n|move|p2a: Klefki|Spikes|p1a: Kyurem\n|-sidestart|p1: Swordsman.N|Spikes\n|move|p1a: Kyurem|Max Quake|p2a: Klefki\n|-supereffective|p2a: Klefki\n|-damage|p2a: Klefki|0 fnt\n|-boost|p1a: Kyurem|spd|1\n|faint|p2a: Klefki\n|\n|upkeep\n|\n|t:|1647776631\n|switch|p2a: Lugia|Lugia, L74|191\/279\n|turn|10\n|\n|t:|1647776638\n|move|p2a: Lugia|Roost|p2a: Lugia\n|-heal|p2a: Lugia|279\/279\n|-singleturn|p2a: Lugia|move: Roost\n|move|p1a: Kyurem|Max Hailstorm|p2a: Lugia\n|-damage|p2a: Lugia|152\/279\n|-weather|Hail\n|\n|-weather|Hail|[upkeep]\n|-damage|p2a: Lugia|135\/279|[from] Hail\n|upkeep\n|turn|11\n|\n|t:|1647776647\n|move|p2a: Lugia|Roost|p2a: Lugia\n|-heal|p2a: Lugia|275\/279\n|-singleturn|p2a: Lugia|move: Roost\n|move|p1a: Kyurem|Max Hailstorm|p2a: Lugia\n|-damage|p2a: Lugia|146\/279\n|\n|-weather|Hail|[upkeep]\n|-damage|p2a: Lugia|129\/279|[from] Hail\n|-end|p1a: Kyurem|Dynamax\n|-heal|p1a: Kyurem|231\/307|[silent]\n|upkeep\n|turn|12\n|\n|t:|1647776657\n|move|p1a: Kyurem|Ice Beam|p2a: Lugia\n|-supereffective|p2a: Lugia\n|-damage|p2a: Lugia|0 fnt\n|faint|p2a: Lugia\n|\n|-weather|Hail|[upkeep]\n|upkeep\n|\n|t:|1647776661\n|switch|p2a: Clawitzer|Clawitzer, L84, M|256\/256\n|turn|13\n|\n|t:|1647776671\n|switch|p1a: Mantine|Mantine, L86, F|286\/286\n|move|p2a: Clawitzer|Aura Sphere|p1a: Mantine\n|-resisted|p1a: Mantine\n|-damage|p1a: Mantine|237\/286\n|\n|-weather|Hail|[upkeep]\n|-damage|p1a: Mantine|220\/286|[from] Hail\n|-damage|p2a: Clawitzer|240\/256|[from] Hail\n|upkeep\n|turn|14\n|\n|t:|1647776691\n|switch|p2a: Skarmory|Skarmory, L80, F|15\/235\n|move|p1a: Mantine|Toxic|p2a: Skarmory\n|-immune|p2a: Skarmory\n|\n|-weather|none\n|-heal|p2a: Skarmory|29\/235|[from] item: Leftovers\n|upkeep\n|turn|15\n|\n|t:|1647776698\n|move|p1a: Mantine|Scald|p2a: Skarmory\n|-damage|p2a: Skarmory|0 fnt\n|faint|p2a: Skarmory\n|\n|upkeep\n|\n|t:|1647776723\n|switch|p2a: Abomasnow|Abomasnow, L82, F|282\/282\n|-weather|Hail|[from] ability: Snow Warning|[of] p2a: Abomasnow\n|turn|16\n|\n|t:|1647776728\n|move|p1a: Mantine|Hurricane|p2a: Abomasnow\n|-supereffective|p2a: Abomasnow\n|-damage|p2a: Abomasnow|124\/282\n|move|p2a: Abomasnow|Wood Hammer|p1a: Mantine\n|-damage|p1a: Mantine|87\/286\n|-damage|p2a: Abomasnow|80\/282|[from] Recoil\n|\n|-weather|Hail|[upkeep]\n|-damage|p1a: Mantine|70\/286|[from] Hail\n|upkeep\n|turn|17\n|\n|t:|1647776738\n|move|p2a: Abomasnow|Ice Shard|p1a: Mantine\n|-crit|p1a: Mantine\n|-damage|p1a: Mantine|0 fnt\n|faint|p1a: Mantine\n|\n|-weather|Hail|[upkeep]\n|upkeep\n|\n|t:|1647776744\n|switch|p1a: Audino|Audino, L91, F|335\/335\n|-damage|p1a: Audino|294\/335|[from] Spikes\n|-damage|p1a: Audino|253\/335|[from] Stealth Rock\n|turn|18\n|\n|t:|1647776767\n|move|p2a: Abomasnow|Blizzard|p1a: Audino\n|-damage|p1a: Audino|145\/335\n|move|p1a: Audino|Wish|p1a: Audino\n|\n|-weather|Hail|[upkeep]\n|-damage|p1a: Audino|125\/335|[from] Hail\n|-heal|p1a: Audino|145\/335|[from] item: Leftovers\n|upkeep\n|turn|19\n|\n|t:|1647776774\n|move|p2a: Abomasnow|Wood Hammer|p1a: Audino\n|-damage|p1a: Audino|42\/335\n|-damage|p2a: Abomasnow|46\/282|[from] Recoil\n|move|p1a: Audino|Toxic|p2a: Abomasnow\n|-status|p2a: Abomasnow|tox\n|\n|-weather|Hail|[upkeep]\n|-damage|p1a: Audino|22\/335|[from] Hail\n|-heal|p1a: Audino|189\/335|[from] move: Wish|[wisher] Audino\n|-heal|p1a: Audino|209\/335|[from] item: Leftovers\n|-damage|p2a: Abomasnow|29\/282 tox|[from] psn\n|upkeep\n|turn|20\n|\n|t:|1647776787\n|switch|p2a: Clawitzer|Clawitzer, L84, M|240\/256\n|move|p1a: Audino|Wish|p1a: Audino\n|\n|-weather|none\n|-heal|p1a: Audino|229\/335|[from] item: Leftovers\n|upkeep\n|turn|21\n|inactive|Sparroh has 120 seconds left.\n|inactive|Sparroh has 90 seconds left.\n|\n|t:|1647776874\n|switch|p1a: Venusaur|Venusaur, L82, M|265\/265\n|-damage|p1a: Venusaur|232\/265|[from] Stealth Rock\n|-damage|p1a: Venusaur|199\/265|[from] Spikes\n|move|p2a: Clawitzer|Aura Sphere|p1a: Venusaur\n|-resisted|p1a: Venusaur\n|-damage|p1a: Venusaur|126\/265\n|\n|-heal|p1a: Venusaur|265\/265|[from] move: Wish|[wisher] Audino\n|upkeep\n|turn|22\n|inactive|Sparroh has 60 seconds left.\n|\n|t:|1647776903\n|switch|p2a: Abomasnow|Abomasnow, L82, F|29\/282 tox\n|-weather|Hail|[from] ability: Snow Warning|[of] p2a: Abomasnow\n|move|p1a: Venusaur|Substitute|p1a: Venusaur\n|-start|p1a: Venusaur|Substitute\n|-damage|p1a: Venusaur|199\/265\n|\n|-weather|Hail|[upkeep]\n|-damage|p1a: Venusaur|183\/265|[from] Hail\n|-heal|p1a: Venusaur|199\/265|[from] item: Black Sludge\n|-damage|p2a: Abomasnow|12\/282 tox|[from] psn\n|upkeep\n|turn|23\n|\n|t:|1647776914\n|move|p1a: Venusaur|Substitute|p1a: Venusaur\n|-fail|p1a: Venusaur|move: Substitute\n|move|p2a: Abomasnow|Blizzard|p1a: Venusaur\n|-supereffective|p1a: Venusaur\n|-end|p1a: Venusaur|Substitute\n|\n|-weather|Hail|[upkeep]\n|-damage|p1a: Venusaur|183\/265|[from] Hail\n|-heal|p1a: Venusaur|199\/265|[from] item: Black Sludge\n|-damage|p2a: Abomasnow|0 fnt|[from] psn\n|faint|p2a: Abomasnow\n|upkeep\n|\n|t:|1647776918\n|switch|p2a: Flapple|Flapple, L84, M|255\/255\n|turn|24\n|\n|t:|1647776931\n|switch|p1a: Audino|Audino, L91, F|335\/335\n|-damage|p1a: Audino|294\/335|[from] Stealth Rock\n|-damage|p1a: Audino|253\/335|[from] Spikes\n|move|p2a: Flapple|Dragon Dance|p2a: Flapple\n|-boost|p2a: Flapple|atk|1\n|-boost|p2a: Flapple|spe|1\n|\n|-weather|Hail|[upkeep]\n|-damage|p2a: Flapple|240\/255|[from] Hail\n|-damage|p1a: Audino|233\/335|[from] Hail\n|-heal|p1a: Audino|253\/335|[from] item: Leftovers\n|upkeep\n|turn|25\n|\n|t:|1647776945\n|move|p2a: Flapple|Dragon Dance|p2a: Flapple\n|-boost|p2a: Flapple|atk|1\n|-boost|p2a: Flapple|spe|1\n|move|p1a: Audino|Toxic|p2a: Flapple\n|-status|p2a: Flapple|tox\n|\n|-weather|Hail|[upkeep]\n|-damage|p2a: Flapple|225\/255 tox|[from] Hail\n|-damage|p1a: Audino|233\/335|[from] Hail\n|-heal|p1a: Audino|253\/335|[from] item: Leftovers\n|-damage|p2a: Flapple|210\/255 tox|[from] psn\n|upkeep\n|turn|26\n|\n|t:|1647776955\n|-start|p2a: Flapple|Dynamax\n|-heal|p2a: Flapple|420\/510 tox|[silent]\n|move|p1a: Audino|Protect|p1a: Audino\n|-singleturn|p1a: Audino|Protect\n|move|p2a: Flapple|Max Overgrowth|p1a: Audino\n|-zbroken|p1a: Audino\n|-damage|p1a: Audino|124\/335\n|-fieldstart|move: Grassy Terrain\n|-damage|p2a: Flapple|395\/510 tox|[from] item: Life Orb\n|\n|-weather|none\n|-heal|p2a: Flapple|410\/510 tox|[from] Grassy Terrain\n|-heal|p1a: Audino|144\/335|[from] Grassy Terrain\n|-heal|p1a: Audino|164\/335|[from] item: Leftovers\n|-damage|p2a: Flapple|380\/510 tox|[from] psn\n|upkeep\n|turn|27\n|\n|t:|1647776981\n|switch|p1a: Kyurem|Kyurem-White, L74|231\/307\n|-damage|p1a: Kyurem|155\/307|[from] Stealth Rock\n|-damage|p1a: Kyurem|117\/307|[from] Spikes\n|-ability|p1a: Kyurem|Turboblaze\n|move|p2a: Flapple|Max Wyrmwind|p1a: Kyurem\n|-supereffective|p1a: Kyurem\n|-damage|p1a: Kyurem|0 fnt\n|faint|p1a: Kyurem\n|-damage|p2a: Flapple|355\/510 tox|[from] item: Life Orb\n|\n|-heal|p2a: Flapple|370\/510 tox|[from] Grassy Terrain\n|-damage|p2a: Flapple|325\/510 tox|[from] psn\n|upkeep\n|inactive|Swordsman.N has 120 seconds left.\n|\n|t:|1647776996\n|switch|p1a: Latias|Latias, L80, F|259\/259\n|-damage|p1a: Latias|227\/259|[from] Stealth Rock\n|turn|28\n|inactive|Sparroh has 90 seconds left.\n|\n|t:|1647777022\n|move|p1a: Latias|Draco Meteor|p2a: Flapple|[miss]\n|-miss|p1a: Latias|p2a: Flapple\n|move|p2a: Flapple|Max Wyrmwind|p1a: Latias\n|-supereffective|p1a: Latias\n|-damage|p1a: Latias|0 fnt\n|faint|p1a: Latias\n|-damage|p2a: Flapple|300\/510 tox|[from] item: Life Orb\n|\n|-heal|p2a: Flapple|315\/510 tox|[from] Grassy Terrain\n|-damage|p2a: Flapple|255\/510 tox|[from] psn\n|-end|p2a: Flapple|Dynamax\n|-heal|p2a: Flapple|128\/255 tox|[silent]\n|upkeep\n|\n|t:|1647777034\n|switch|p1a: Venusaur|Venusaur, L82, M|199\/265\n|-damage|p1a: Venusaur|166\/265|[from] Spikes\n|-damage|p1a: Venusaur|133\/265|[from] Stealth Rock\n|turn|29\n|inactive|Sparroh has 90 seconds left.\n|\n|t:|1647777045\n|move|p2a: Flapple|Outrage|p1a: Venusaur|[miss]\n|-miss|p2a: Flapple|p1a: Venusaur\n|move|p1a: Venusaur|Substitute|p1a: Venusaur\n|-start|p1a: Venusaur|Substitute\n|-damage|p1a: Venusaur|67\/265\n|\n|-heal|p2a: Flapple|143\/255 tox|[from] Grassy Terrain\n|-heal|p1a: Venusaur|83\/265|[from] Grassy Terrain\n|-heal|p1a: Venusaur|99\/265|[from] item: Black Sludge\n|-damage|p2a: Flapple|68\/255 tox|[from] psn\n|upkeep\n|turn|30\n|c|\u2606Swordsman.N|gg\n|\n|t:|1647777056\n|move|p2a: Flapple|Outrage|p1a: Venusaur\n|-end|p1a: Venusaur|Substitute\n|-damage|p2a: Flapple|43\/255 tox|[from] item: Life Orb\n|move|p1a: Venusaur|Substitute|p1a: Venusaur\n|-start|p1a: Venusaur|Substitute\n|-damage|p1a: Venusaur|33\/265\n|\n|-heal|p2a: Flapple|58\/255 tox|[from] Grassy Terrain\n|-heal|p1a: Venusaur|49\/265|[from] Grassy Terrain\n|-heal|p1a: Venusaur|65\/265|[from] item: Black Sludge\n|-damage|p2a: Flapple|0 fnt|[from] psn\n|faint|p2a: Flapple\n|-fieldend|move: Grassy Terrain\n|upkeep\n|\n|t:|1647777058\n|switch|p2a: Clawitzer|Clawitzer, L84, M|240\/256\n|turn|31\n|\n|t:|1647777071\n|move|p1a: Venusaur|Leech Seed|p2a: Clawitzer|[miss]\n|-miss|p1a: Venusaur|p2a: Clawitzer\n|move|p2a: Clawitzer|Aura Sphere|p1a: Venusaur\n|-resisted|p1a: Venusaur\n|-end|p1a: Venusaur|Substitute\n|\n|-heal|p1a: Venusaur|81\/265|[from] item: Black Sludge\n|upkeep\n|turn|32\n|\n|t:|1647777083\n|move|p1a: Venusaur|Sleep Powder|p2a: Clawitzer\n|-status|p2a: Clawitzer|slp|[from] move: Sleep Powder\n|cant|p2a: Clawitzer|slp\n|\n|-heal|p1a: Venusaur|97\/265|[from] item: Black Sludge\n|upkeep\n|turn|33\n|\n|t:|1647777089\n|move|p1a: Venusaur|Substitute|p1a: Venusaur\n|-start|p1a: Venusaur|Substitute\n|-damage|p1a: Venusaur|31\/265\n|-curestatus|p2a: Clawitzer|slp|[msg]\n|move|p2a: Clawitzer|Aura Sphere|p1a: Venusaur\n|-resisted|p1a: Venusaur\n|-end|p1a: Venusaur|Substitute\n|\n|-heal|p1a: Venusaur|47\/265|[from] item: Black Sludge\n|upkeep\n|turn|34\n|\n|t:|1647777098\n|move|p1a: Venusaur|Sleep Powder|p2a: Clawitzer\n|-status|p2a: Clawitzer|slp|[from] move: Sleep Powder\n|cant|p2a: Clawitzer|slp\n|\n|-heal|p1a: Venusaur|63\/265|[from] item: Black Sludge\n|upkeep\n|turn|35\n|\n|t:|1647777104\n|move|p1a: Venusaur|Leech Seed|p2a: Clawitzer\n|-start|p2a: Clawitzer|move: Leech Seed\n|-curestatus|p2a: Clawitzer|slp|[msg]\n|move|p2a: Clawitzer|Aura Sphere|p1a: Venusaur\n|-resisted|p1a: Venusaur\n|-damage|p1a: Venusaur|0 fnt\n|faint|p1a: Venusaur\n|\n|upkeep\n|\n|t:|1647777111\n|switch|p1a: Audino|Audino, L91, F|275\/335\n|-damage|p1a: Audino|234\/335|[from] Spikes\n|-damage|p1a: Audino|193\/335|[from] Stealth Rock\n|turn|36\n|\n|t:|1647777116\n|move|p1a: Audino|Protect|p1a: Audino\n|-singleturn|p1a: Audino|Protect\n|move|p2a: Clawitzer|Aura Sphere|p1a: Audino\n|-activate|p1a: Audino|move: Protect\n|\n|-heal|p1a: Audino|213\/335|[from] item: Leftovers\n|-damage|p2a: Clawitzer|208\/256|[from] Leech Seed|[of] p1a: Audino\n|-heal|p1a: Audino|245\/335|[silent]\n|upkeep\n|turn|37\n|\n|t:|1647777125\n|move|p1a: Audino|Protect|p1a: Audino\n|-singleturn|p1a: Audino|Protect\n|move|p2a: Clawitzer|Aura Sphere|p1a: Audino\n|-activate|p1a: Audino|move: Protect\n|\n|-heal|p1a: Audino|265\/335|[from] item: Leftovers\n|-damage|p2a: Clawitzer|176\/256|[from] Leech Seed|[of] p1a: Audino\n|-heal|p1a: Audino|297\/335|[silent]\n|upkeep\n|turn|38\n|\n|t:|1647777134\n|move|p2a: Clawitzer|Aura Sphere|p1a: Audino\n|-supereffective|p1a: Audino\n|-crit|p1a: Audino\n|-damage|p1a: Audino|0 fnt\n|faint|p1a: Audino\n|\n|win|Sparroh\n|raw|Swordsman.N's rating: 1870 &rarr; <strong>1851<\/strong><br \/>(-19 for losing)\n|raw|Sparroh's rating: 1883 &rarr; <strong>1902<\/strong><br \/>(+19 for winning)\n|l|\u2606Swordsman.N\n","inputlog":">version 0475b38ae8ad2cd1ea0b2849972a9c821bd6a1de\n>start {\"formatid\":\"gen8randombattle\",\"seed\":[44004,4774,61814,3153],\"rated\":\"Rated battle\"}\n>player p1 {\"name\":\"Swordsman.N\",\"avatar\":\"caitlin\",\"rating\":1870,\"seed\":[20,53605,37099,57029]}\n>player p2 {\"name\":\"Sparroh\",\"avatar\":\"pokemonbreederf-gen4\",\"rating\":1883,\"seed\":[26504,57069,13924,53926]}\n>p1 move mysticalfire\n>p2 move stealthrock\n>p1 move moonblast\n>p2 switch 6\n>p1 move calmmind\n>p2 move roost\n>p1 move moonblast\n>p2 move toxic\n>p1 move moonblast\n>p2 move roost\n>p1 move moonblast\n>p2 move roost\n>p1 move moonblast\n>p2 move roost\n>p1 switch 6\n>p1 move icebeam\n>p2 switch 3\n>p1 move earthpower dynamax\n>p2 move spikes\n>p2 switch 3\n>p1 move icebeam dynamax\n>p2 move roost\n>p1 move icebeam dynamax\n>p2 move roost\n>p1 move icebeam\n>p2 move roost\n>p2 switch 4\n>p1 switch 3\n>p2 move aurasphere\n>p1 move toxic\n>p2 switch 6\n>p1 move scald\n>p2 move roost\n>p2 switch 5\n>p1 move hurricane\n>p2 move woodhammer\n>p1 move roost\n>p2 move iceshard\n>p1 switch 5\n>p1 move wish\n>p2 move blizzard\n>p1 move toxic\n>p2 move woodhammer\n>p1 move wish\n>p2 switch 6\n>p1 switch 2\n>p2 move aurasphere\n>p1 move substitute\n>p2 switch 6\n>p1 move substitute\n>p2 move blizzard\n>p2 switch 2\n>p1 switch 2\n>p2 move dragondance\n>p1 move toxic\n>p2 move dragondance\n>p1 move protect\n>p2 move gravapple dynamax\n>p1 switch 3\n>p2 move outrage dynamax\n>p1 switch 4\n>p1 move dracometeor\n>p2 move outrage dynamax\n>p1 switch 2\n>p1 move substitute\n>p2 move outrage\n>chat \u2606Swordsman.N|gg\n>p1 move substitute\n>p2 move outrage\n>p2 switch 6\n>p1 move leechseed\n>p2 move aurasphere\n>p1 move sleeppowder\n>p2 move aurasphere\n>p1 move substitute\n>p2 move aurasphere\n>p1 move sleeppowder\n>p2 move aurasphere\n>p1 move leechseed\n>p2 move aurasphere\n>p1 switch 3\n>p1 move protect\n>p2 move aurasphere\n>p1 move protect\n>p2 move aurasphere\n>p1 move wish\n>p2 move aurasphere","uploadtime":1647777147,"views":11,"p1id":"swordsmann","p2id":"sparroh","formatid":"gen8randombattle","rating":1851,"private":0,"password":null}