{"id":"gen8ou-1698212727","p1":"machugen","p2":"Isaac_Gam3r","format":"gen8ou","log":"|j|\u2606machugen\n|j|\u2606Isaac_Gam3r\n|t:|1667087944\n|gametype|singles\n|player|p1|machugen|brock-gen1rb|1698\n|player|p2|Isaac_Gam3r|acetrainer-gen4dp|1777\n|teamsize|p1|6\n|teamsize|p2|6\n|gen|8\n|tier|[Gen 8] OU\n|rated|\n|rule|Sleep Clause Mod: Limit one foe put to sleep\n|rule|Species Clause: Limit one of each Pok\u00e9mon\n|rule|OHKO Clause: OHKO moves are banned\n|rule|Evasion Items Clause: Evasion items are banned\n|rule|Evasion Moves Clause: Evasion moves are banned\n|rule|Endless Battle Clause: Forcing endless battles is banned\n|rule|HP Percentage Mod: HP is shown in percentages\n|rule|Dynamax Clause: You cannot dynamax\n|clearpoke\n|poke|p1|Zeraora|\n|poke|p1|Heatran, M|\n|poke|p1|Nidoking, M|\n|poke|p1|Slowking, M|\n|poke|p1|Ferrothorn, M|\n|poke|p1|Mandibuzz, F|\n|poke|p2|Skarmory, M|\n|poke|p2|Latios, M|\n|poke|p2|Garchomp, M|\n|poke|p2|Tapu Fini|\n|poke|p2|Heatran, M|\n|poke|p2|Weavile, F|\n|teampreview\n|inactive|Battle timer is ON: inactive players will automatically lose when time's up. (requested by Isaac_Gam3r)\n|\n|t:|1667087952\n|start\n|switch|p1a: Ferrothorn|Ferrothorn, M|100\/100\n|switch|p2a: Garchomp|Garchomp, M|100\/100\n|turn|1\n|\n|t:|1667087960\n|switch|p1a: Slowking|Slowking, M|100\/100\n|move|p2a: Garchomp|Fire Blast|p1a: Slowking\n|-resisted|p1a: Slowking\n|-damage|p1a: Slowking|94\/100\n|-enditem|p1a: Slowking|Eject Button\n|\n|t:|1667087969\n|switch|p1a: Mandibuzz|Mandibuzz, F|100\/100\n|\n|upkeep\n|turn|2\n|\n|t:|1667087971\n|switch|p2a: Skarmory|Skarmory, M|100\/100\n|move|p1a: Mandibuzz|Foul Play|p2a: Skarmory\n|-damage|p2a: Skarmory|86\/100\n|-damage|p1a: Mandibuzz|84\/100|[from] item: Rocky Helmet|[of] p2a: Skarmory\n|\n|upkeep\n|turn|3\n|\n|t:|1667087974\n|move|p1a: Mandibuzz|U-turn|p2a: Skarmory\n|-resisted|p2a: Skarmory\n|-damage|p2a: Skarmory|84\/100\n|-damage|p1a: Mandibuzz|67\/100|[from] item: Rocky Helmet|[of] p2a: Skarmory\n|\n|t:|1667087975\n|switch|p1a: Ferrothorn|Ferrothorn, M|100\/100|[from]move: U-turn\n|move|p2a: Skarmory|Stealth Rock|p1a: Ferrothorn\n|-sidestart|p1: machugen|move: Stealth Rock\n|\n|upkeep\n|turn|4\n|\n|t:|1667087978\n|switch|p2a: Heatran|Heatran, M|100\/100\n|move|p1a: Ferrothorn|Stealth Rock|p2a: Heatran\n|-sidestart|p2: Isaac_Gam3r|move: Stealth Rock\n|\n|upkeep\n|turn|5\n|\n|t:|1667087980\n|switch|p1a: Slowking|Slowking, M|100\/100\n|-damage|p1a: Slowking|88\/100|[from] Stealth Rock\n|move|p2a: Heatran|Lava Plume|p1a: Slowking\n|-resisted|p1a: Slowking\n|-damage|p1a: Slowking|73\/100\n|\n|upkeep\n|turn|6\n|\n|t:|1667087984\n|move|p2a: Heatran|Lava Plume|p1a: Slowking\n|-resisted|p1a: Slowking\n|-damage|p1a: Slowking|58\/100\n|move|p1a: Slowking|Future Sight|p2a: Heatran\n|-start|p1a: Slowking|move: Future Sight\n|\n|upkeep\n|turn|7\n|\n|t:|1667087986\n|move|p2a: Heatran|Lava Plume|p1a: Slowking\n|-resisted|p1a: Slowking\n|-damage|p1a: Slowking|44\/100\n|move|p1a: Slowking|Teleport|p1a: Slowking\n|\n|t:|1667087988\n|switch|p1a: Nidoking|Nidoking, M|100\/100|[from]move: Teleport\n|-damage|p1a: Nidoking|95\/100|[from] Stealth Rock\n|\n|upkeep\n|turn|8\n|\n|t:|1667087994\n|move|p1a: Nidoking|Ice Beam|p2a: Heatran\n|-resisted|p2a: Heatran\n|-damage|p2a: Heatran|95\/100\n|move|p2a: Heatran|Earth Power|p1a: Nidoking\n|-supereffective|p1a: Nidoking\n|-damage|p1a: Nidoking|2\/100\n|\n|-end|p2a: Heatran|move: Future Sight\n|-resisted|p2a: Heatran\n|-damage|p2a: Heatran|83\/100\n|upkeep\n|turn|9\n|\n|t:|1667087997\n|switch|p2a: Latios|Latios, M|100\/100\n|-damage|p2a: Latios|88\/100|[from] Stealth Rock\n|move|p1a: Nidoking|Ice Beam|p2a: Latios\n|-supereffective|p2a: Latios\n|-damage|p2a: Latios|0 fnt\n|faint|p2a: Latios\n|\n|upkeep\n|\n|t:|1667088000\n|switch|p2a: Heatran|Heatran, M|83\/100\n|-damage|p2a: Heatran|71\/100|[from] Stealth Rock\n|turn|10\n|-message|Isaac_Gam3r forfeited.\n|\n|win|machugen\n|raw|machugen's rating: 1698 &rarr; <strong>1722<\/strong><br \/>(+24 for winning)\n|raw|Isaac_Gam3r's rating: 1777 &rarr; <strong>1753<\/strong><br \/>(-24 for losing)\n|l|\u2606Isaac_Gam3r\n","uploadtime":1667088006,"views":16,"p1id":"machugen","p2id":"isaacgam3r","formatid":"gen8ou","rating":1722,"private":0,"password":null}