{"id":"gen8waterparadise-1371160734","p1":"AlexSaysBruh123","p2":"lebanesestinker","format":"gen8waterparadise","log":"|j|\u2606AlexSaysBruh123\n|j|\u2606lebanesestinker\n|t:|1625513382\n|gametype|singles\n|player|p1|AlexSaysBruh123|preschooler|1063\n|player|p2|lebanesestinker|policeman|1155\n|teamsize|p1|6\n|teamsize|p2|6\n|gen|8\n|tier|[Gen 8] Water Paradise\n|rated|\n|rule|Species Clause: Limit one of each Pok\u00e9mon\n|rule|Item Clause: Limit one of each item\n|clearpoke\n|poke|p1|Lapras, L50, F|\n|poke|p1|Gyarados, L50, F|\n|poke|p1|Milotic, L50, F|\n|poke|p1|Poliwrath, L50, F|\n|poke|p1|Kingdra, L50, M|\n|poke|p1|Pelipper, L50, F|\n|poke|p2|Barbaracle, L50, F|\n|poke|p2|Ludicolo, L50, F|\n|poke|p2|Starmie, L50|\n|poke|p2|Lanturn, L50, F|\n|poke|p2|Sharpedo, L50, F|\n|poke|p2|Gyarados, L50, F|\n|teampreview|3\n|j| AzertyHappy\n|\n|t:|1625513397\n|start\n|switch|p1a: Pelipper|Pelipper, L50, F|100\/100\n|switch|p2a: Lanturn|Lanturn, L50, F|100\/100\n|-weather|RainDance|[from] ability: Drizzle|[of] p1a: Pelipper\n|turn|1\n|inactive|Battle timer is ON: inactive players will automatically lose when time's up. (requested by lebanesestinker)\n|\n|t:|1625513403\n|move|p1a: Pelipper|Knock Off|p2a: Lanturn\n|-damage|p2a: Lanturn|92\/100\n|-damage|p1a: Pelipper|84\/100|[from] item: Rocky Helmet|[of] p2a: Lanturn\n|-enditem|p2a: Lanturn|Rocky Helmet|[from] move: Knock Off|[of] p1a: Pelipper\n|move|p2a: Lanturn|Volt Switch|p1a: Pelipper\n|-supereffective|p1a: Pelipper\n|-damage|p1a: Pelipper|0 fnt\n|faint|p1a: Pelipper\n|\n|t:|1625513410\n|switch|p2a: Starmie|Starmie, L50|100\/100|[from]move: Volt Switch\n|\n|-weather|RainDance|[upkeep]\n|upkeep\n|\n|t:|1625513413\n|switch|p1a: Kingdra|Kingdra, L50, M|100\/100\n|turn|2\n|\n|t:|1625513430\n|move|p1a: Kingdra|Yawn|p2a: Starmie\n|-start|p2a: Starmie|move: Yawn|[of] p1a: Kingdra\n|move|p2a: Starmie|Psychic|p1a: Kingdra\n|-crit|p1a: Kingdra\n|-damage|p1a: Kingdra|4\/100\n|-enditem|p1a: Kingdra|Eject Button\n|\n|t:|1625513435\n|switch|p1a: Poliwrath|Poliwrath, L50, F|100\/100\n|\n|-weather|RainDance|[upkeep]\n|upkeep\n|turn|3\n|\n|t:|1625513439\n|move|p1a: Poliwrath|Substitute|p1a: Poliwrath\n|-start|p1a: Poliwrath|Substitute\n|-damage|p1a: Poliwrath|75\/100\n|move|p2a: Starmie|Psychic|p1a: Poliwrath\n|-supereffective|p1a: Poliwrath\n|-end|p1a: Poliwrath|Substitute\n|\n|-weather|RainDance|[upkeep]\n|-end|p2a: Starmie|move: Yawn|[silent]\n|-status|p2a: Starmie|slp\n|upkeep\n|turn|4\n|\n|t:|1625513445\n|switch|p2a: Lanturn|Lanturn, L50, F|92\/100\n|move|p1a: Poliwrath|Belly Drum|p1a: Poliwrath\n|-damage|p1a: Poliwrath|25\/100\n|-setboost|p1a: Poliwrath|atk|6|[from] move: Belly Drum\n|-enditem|p1a: Poliwrath|Salac Berry|[eat]\n|-boost|p1a: Poliwrath|spe|1|[from] item: Salac Berry\n|\n|-weather|RainDance|[upkeep]\n|upkeep\n|turn|5\n|\n|t:|1625513454\n|-start|p2a: Lanturn|Dynamax\n|-heal|p2a: Lanturn|92\/100|[silent]\n|move|p1a: Poliwrath|Drain Punch|p2a: Lanturn\n|-damage|p2a: Lanturn|44\/100\n|-heal|p1a: Poliwrath|91\/100|[from] drain|[of] p2a: Lanturn\n|move|p2a: Lanturn|Max Lightning|p1a: Poliwrath\n|-supereffective|p1a: Poliwrath\n|-damage|p1a: Poliwrath|0 fnt\n|-fieldstart|move: Electric Terrain\n|faint|p1a: Poliwrath\n|\n|-weather|RainDance|[upkeep]\n|upkeep\n|-message|AlexSaysBruh123 forfeited.\n|\n|win|lebanesestinker\n|raw|AlexSaysBruh123's rating: 1067 &rarr; <strong>1052<\/strong><br \/>(-15 for losing)\n|raw|lebanesestinker's rating: 1156 &rarr; <strong>1175<\/strong><br \/>(+19 for winning)\n|l|\u2606AlexSaysBruh123\n|l|\u2606lebanesestinker\n|l| AzertyHappy\n||Ladder isn't responding, score probably updated but might not have (Request timeout).\n","uploadtime":1625513627,"views":9,"p1id":"alexsaysbruh123","p2id":"lebanesestinker","formatid":"gen8waterparadise","rating":1052,"private":0,"password":null}