{"id":"gen8nationaldexag-1570444728","p1":"Flashybee","p2":"Morale Booster","format":"gen8nationaldexag","log":"|j|\u2606Flashybee\n|j|\u2606Morale Booster\n|t:|1652034201\n|gametype|singles\n|player|p1|Flashybee|266|1573\n|player|p2|Morale Booster|cynthia-gen4|1664\n|teamsize|p1|6\n|teamsize|p2|6\n|gen|8\n|tier|[Gen 8] National Dex AG\n|rated|\n|rule|HP Percentage Mod: HP is shown in percentages\n|rule|Endless Battle Clause: Forcing endless battles is banned\n|clearpoke\n|poke|p1|Mew|\n|poke|p1|Arceus-*|\n|poke|p1|Hawlucha, M|\n|poke|p1|Umbreon, F|\n|poke|p1|Sceptile, M|\n|poke|p1|Zacian-*|\n|poke|p2|Smeargle, F|\n|poke|p2|Marshadow|\n|poke|p2|Xerneas-*|\n|poke|p2|Groudon|\n|poke|p2|Lugia|\n|poke|p2|Diancie|\n|teampreview\n|\n|t:|1652034213\n|start\n|switch|p1a: Zacian|Zacian-Crowned|100\/100\n|switch|p2a: Groudon|Groudon|100\/100\n|-ability|p1a: Zacian|Intrepid Sword|boost\n|-boost|p1a: Zacian|atk|1\n|detailschange|p2a: Groudon|Groudon-Primal\n|-primal|p2a: Groudon\n|-weather|DesolateLand|[from] ability: Desolate Land|[of] p2a: Groudon\n|turn|1\n|\n|t:|1652034222\n|switch|p1a: Hawlucha|Hawlucha, M|100\/100\n|move|p2a: Groudon|Bulk Up|p2a: Groudon\n|-boost|p2a: Groudon|atk|1\n|-boost|p2a: Groudon|def|1\n|\n|-weather|DesolateLand|[upkeep]\n|upkeep\n|turn|2\n|\n|t:|1652034231\n|move|p1a: Hawlucha|Encore|p2a: Groudon\n|-start|p2a: Groudon|Encore\n|move|p2a: Groudon|Bulk Up|p2a: Groudon\n|-boost|p2a: Groudon|atk|1\n|-boost|p2a: Groudon|def|1\n|\n|-weather|DesolateLand|[upkeep]\n|upkeep\n|turn|3\n|\n|t:|1652034238\n|move|p1a: Hawlucha|Bulk Up|p1a: Hawlucha\n|-boost|p1a: Hawlucha|atk|1\n|-boost|p1a: Hawlucha|def|1\n|move|p2a: Groudon|Bulk Up|p2a: Groudon\n|-boost|p2a: Groudon|atk|1\n|-boost|p2a: Groudon|def|1\n|\n|-weather|DesolateLand|[upkeep]\n|upkeep\n|turn|4\n|\n|t:|1652034245\n|move|p1a: Hawlucha|Mean Look|p2a: Groudon\n|-activate|p2a: Groudon|trapped\n|move|p2a: Groudon|Bulk Up|p2a: Groudon\n|-boost|p2a: Groudon|atk|1\n|-boost|p2a: Groudon|def|1\n|\n|-weather|DesolateLand|[upkeep]\n|-end|p2a: Groudon|Encore\n|upkeep\n|turn|5\n|\n|t:|1652034252\n|move|p1a: Hawlucha|Encore|p2a: Groudon\n|-start|p2a: Groudon|Encore\n|move|p2a: Groudon|Bulk Up|p2a: Groudon\n|-boost|p2a: Groudon|atk|1\n|-boost|p2a: Groudon|def|1\n|\n|-weather|DesolateLand|[upkeep]\n|upkeep\n|turn|6\n|\n|t:|1652034258\n|move|p1a: Hawlucha|Bulk Up|p1a: Hawlucha\n|-boost|p1a: Hawlucha|atk|1\n|-boost|p1a: Hawlucha|def|1\n|move|p2a: Groudon|Bulk Up|p2a: Groudon\n|-boost|p2a: Groudon|atk|1\n|-boost|p2a: Groudon|def|1\n|\n|-weather|DesolateLand|[upkeep]\n|upkeep\n|turn|7\n|\n|t:|1652034266\n|move|p1a: Hawlucha|Bulk Up|p1a: Hawlucha\n|-boost|p1a: Hawlucha|atk|1\n|-boost|p1a: Hawlucha|def|1\n|move|p2a: Groudon|Bulk Up|p2a: Groudon\n|-boost|p2a: Groudon|atk|0\n|-boost|p2a: Groudon|def|0\n|\n|-weather|DesolateLand|[upkeep]\n|-end|p2a: Groudon|Encore\n|upkeep\n|turn|8\n|\n|t:|1652034275\n|move|p1a: Hawlucha|Encore|p2a: Groudon\n|-start|p2a: Groudon|Encore\n|move|p2a: Groudon|Bulk Up|p2a: Groudon\n|-boost|p2a: Groudon|atk|0\n|-boost|p2a: Groudon|def|0\n|\n|-weather|DesolateLand|[upkeep]\n|upkeep\n|turn|9\n|j| Chepamoi\n|\n|t:|1652034290\n|move|p1a: Hawlucha|Bulk Up|p1a: Hawlucha\n|-boost|p1a: Hawlucha|atk|1\n|-boost|p1a: Hawlucha|def|1\n|move|p2a: Groudon|Bulk Up|p2a: Groudon\n|-boost|p2a: Groudon|atk|0\n|-boost|p2a: Groudon|def|0\n|\n|-weather|DesolateLand|[upkeep]\n|upkeep\n|turn|10\n|\n|t:|1652034296\n|move|p1a: Hawlucha|Bulk Up|p1a: Hawlucha\n|-boost|p1a: Hawlucha|atk|1\n|-boost|p1a: Hawlucha|def|1\n|move|p2a: Groudon|Bulk Up|p2a: Groudon\n|-boost|p2a: Groudon|atk|0\n|-boost|p2a: Groudon|def|0\n|\n|-weather|DesolateLand|[upkeep]\n|-end|p2a: Groudon|Encore\n|upkeep\n|turn|11\n|\n|t:|1652034314\n|move|p1a: Hawlucha|Encore|p2a: Groudon\n|-start|p2a: Groudon|Encore\n|move|p2a: Groudon|Bulk Up|p2a: Groudon\n|-boost|p2a: Groudon|atk|0\n|-boost|p2a: Groudon|def|0\n|\n|-weather|DesolateLand|[upkeep]\n|upkeep\n|turn|12\n|\n|t:|1652034320\n|move|p1a: Hawlucha|Bulk Up|p1a: Hawlucha\n|-boost|p1a: Hawlucha|atk|1\n|-boost|p1a: Hawlucha|def|1\n|move|p2a: Groudon|Bulk Up|p2a: Groudon\n|-boost|p2a: Groudon|atk|0\n|-boost|p2a: Groudon|def|0\n|\n|-weather|DesolateLand|[upkeep]\n|upkeep\n|turn|13\n|\n|t:|1652034328\n|move|p1a: Hawlucha|Bulk Up|p1a: Hawlucha\n|-boost|p1a: Hawlucha|atk|0\n|-boost|p1a: Hawlucha|def|0\n|move|p2a: Groudon|Bulk Up|p2a: Groudon\n|-boost|p2a: Groudon|atk|0\n|-boost|p2a: Groudon|def|0\n|\n|-weather|DesolateLand|[upkeep]\n|-end|p2a: Groudon|Encore\n|upkeep\n|turn|14\n|\n|t:|1652034336\n|move|p1a: Hawlucha|Encore|p2a: Groudon\n|-start|p2a: Groudon|Encore\n|move|p2a: Groudon|Bulk Up|p2a: Groudon\n|-boost|p2a: Groudon|atk|0\n|-boost|p2a: Groudon|def|0\n|\n|-weather|DesolateLand|[upkeep]\n|upkeep\n|turn|15\n|\n|t:|1652034346\n|move|p1a: Hawlucha|Baton Pass|p1a: Hawlucha\n|\n|t:|1652034351\n|switch|p1a: Arceus|Arceus|100\/100|[from]move: Baton Pass\n|move|p2a: Groudon|Bulk Up|p2a: Groudon\n|-boost|p2a: Groudon|atk|0\n|-boost|p2a: Groudon|def|0\n|\n|-weather|DesolateLand|[upkeep]\n|upkeep\n|turn|16\n|\n|t:|1652034375\n|-start|p1a: Arceus|Dynamax|\n|-heal|p1a: Arceus|100\/100|[silent]\n|move|p2a: Groudon|Bulk Up|p2a: Groudon\n|-boost|p2a: Groudon|atk|0\n|-boost|p2a: Groudon|def|0\n|move|p1a: Arceus|Max Quake|p2a: Groudon\n|-supereffective|p2a: Groudon\n|-crit|p2a: Groudon\n|-damage|p2a: Groudon|0 fnt\n|-boost|p1a: Arceus|spd|1\n|faint|p2a: Groudon\n|-weather|none\n|\n|upkeep\n|\n|t:|1652034386\n|switch|p2a: Marshadow|Marshadow|100\/100\n|turn|17\n|\n|t:|1652034392\n|move|p2a: Marshadow|Spectral Thief|p1a: Arceus\n|-immune|p1a: Arceus\n|move|p1a: Arceus|Max Overgrowth|p2a: Marshadow\n|-enditem|p2a: Marshadow|Focus Sash\n|-damage|p2a: Marshadow|1\/100\n|-fieldstart|move: Grassy Terrain\n|\n|-heal|p2a: Marshadow|7\/100|[from] Grassy Terrain\n|upkeep\n|turn|18\n|-message|Morale Booster forfeited.\n|\n|win|Flashybee\n|raw|Flashybee's rating: 1573 &rarr; <strong>1598<\/strong><br \/>(+25 for winning)\n|raw|Morale Booster's rating: 1664 &rarr; <strong>1639<\/strong><br \/>(-25 for losing)\n|l|\u2606Morale Booster\n|l|\u2606Flashybee\n||Ladder isn't responding, score probably updated but might not have (Request timeout).\n","uploadtime":1652034488,"views":2,"p1id":"flashybee","p2id":"moralebooster","formatid":"gen8nationaldexag","rating":1598,"private":0,"password":null}