{"id":"gen8nationaldex-1351959895","p1":"RTSG tests","p2":"the teebag","format":"gen8nationaldex","log":"|j|\u2606RTSG tests\n|j|\u2606the teebag\n|inactive|Battle timer is ON: inactive players will automatically lose when time's up.\n|t:|1622659396\n|gametype|singles\n|player|p1|RTSG tests|hilbert-dueldisk|\n|player|p2|the teebag|youngn|\n|teamsize|p1|6\n|teamsize|p2|6\n|gen|8\n|tier|[Gen 8] National Dex\n|rated|Tournament battle\n|rule|HP Percentage Mod: HP is shown in percentages\n|rule|Endless Battle Clause: Forcing endless battles is banned\n|rule|OHKO Clause: OHKO moves are banned\n|rule|Evasion Moves Clause: Evasion moves are banned\n|rule|Species Clause: Limit one of each Pok\u00e9mon\n|rule|Dynamax Clause: You cannot dynamax\n|rule|Sleep Clause Mod: Limit one foe put to sleep\n|clearpoke\n|poke|p1|Excadrill, F|\n|poke|p1|Grimmsnarl, M|\n|poke|p1|Gyarados, M|\n|poke|p1|Zeraora|\n|poke|p1|Salamence, M|\n|poke|p1|Volcarona, M|\n|poke|p2|Shuckle, F|\n|poke|p2|Pinsir, F|\n|poke|p2|Serperior, M|\n|poke|p2|Kartana|\n|poke|p2|Kommo-o, M|\n|poke|p2|Bisharp, F|\n|teampreview\n|j|^Zobirisking\n|j| Suuicunee\n|j|@R8@!\n|j| diseased rodent\n|j| jospkmn mk\n|j| Fremzyx\n|j| squidy0525\n|j| Gucci Sand Man\u262c\n|\n|t:|1622659423\n|start\n|switch|p1a: San Siro|Excadrill, F|100\/100\n|switch|p2a: Shuckle|Shuckle, F|100\/100\n|-ability|p1a: San Siro|Mold Breaker\n|turn|1\n|c| Fremzyx|also nice job teebag for beating the stall team\n|c| Gucci Sand Man\u262c|the teebag\n|\n|t:|1622659429\n|move|p1a: San Siro|Stealth Rock|p2a: Shuckle\n|-sidestart|p2: the teebag|move: Stealth Rock\n|move|p2a: Shuckle|Sticky Web|p1a: San Siro\n|-sidestart|p1: RTSG tests|move: Sticky Web\n|\n|upkeep\n|turn|2\n|c| Gucci Sand Man\u262c|that a sample?\n|j| b4nnysub\n|c|\u2606the teebag|no\n|\n|t:|1622659438\n|move|p1a: San Siro|Rapid Spin|p2a: Shuckle\n|-resisted|p2a: Shuckle\n|-damage|p2a: Shuckle|96\/100\n|-boost|p1a: San Siro|spe|1\n|-sideend|p1: RTSG tests|Sticky Web|[from] move: Rapid Spin|[of] p1a: San Siro\n|-enditem|p2a: Shuckle|Red Card|[of] p1a: San Siro\n|drag|p1a: Parc des Princes|Zeraora|100\/100\n|move|p2a: Shuckle|Toxic|p1a: Parc des Princes\n|-status|p1a: Parc des Princes|tox\n|\n|-damage|p1a: Parc des Princes|95\/100 tox|[from] psn\n|upkeep\n|turn|3\n|c| Gucci Sand Man\u262c|da,mn\n|j| Dinosaur Derek\n|c| Fremzyx|doesnt look like a sample\n|c| Gucci Sand Man\u262c|looks cool\n|\n|t:|1622659446\n|switch|p1a: Wembley|Gyarados, M|100\/100\n|-ability|p1a: Wembley|Intimidate|boost\n|-unboost|p2a: Shuckle|atk|1\n|move|p2a: Shuckle|Sticky Web|p1a: Wembley\n|-sidestart|p1: RTSG tests|move: Sticky Web\n|\n|upkeep\n|turn|4\n|\n|t:|1622659450\n|move|p1a: Wembley|Substitute|p1a: Wembley\n|-start|p1a: Wembley|Substitute\n|-damage|p1a: Wembley|76\/100\n|move|p2a: Shuckle|Encore|p1a: Wembley\n|-start|p1a: Wembley|Encore\n|\n|upkeep\n|turn|5\n|c| Gucci Sand Man\u262c|actually yeah 2 grasses\n|c| Fremzyx|also\n|\n|t:|1622659462\n|switch|p1a: San Siro|Excadrill, F|100\/100\n|-activate|p1a: San Siro|move: Sticky Web\n|-unboost|p1a: San Siro|spe|1\n|-ability|p1a: San Siro|Mold Breaker\n|switch|p2a: Bisharp|Bisharp, F|100\/100\n|-damage|p2a: Bisharp|95\/100|[from] Stealth Rock\n|\n|upkeep\n|turn|6\n|j| Zed Thom\n|\n|t:|1622659467\n|move|p2a: Bisharp|Knock Off|p1a: San Siro\n|-damage|p1a: San Siro|18\/100\n|-enditem|p1a: San Siro|Focus Sash|[from] move: Knock Off|[of] p2a: Bisharp\n|move|p1a: San Siro|Rapid Spin|p2a: Bisharp\n|-resisted|p2a: Bisharp\n|-damage|p2a: Bisharp|84\/100\n|-boost|p1a: San Siro|spe|1\n|-sideend|p1: RTSG tests|Sticky Web|[from] move: Rapid Spin|[of] p1a: San Siro\n|\n|upkeep\n|turn|7\n|c| Fremzyx|nvm im not gonna say it rn\n|c| Gucci Sand Man\u262c|and no ground\n|\n|t:|1622659472\n|move|p1a: San Siro|Earthquake|p2a: Bisharp\n|-supereffective|p2a: Bisharp\n|-damage|p2a: Bisharp|0 fnt\n|faint|p2a: Bisharp\n|\n|upkeep\n|c| Fremzyx|during the battle\n|c| Gucci Sand Man\u262c|the teebag\n|c| Gucci Sand Man\u262c|hmu after this\n|j| Necromanic\n|\n|t:|1622659480\n|switch|p2a: Serperior|Serperior, M|100\/100\n|-damage|p2a: Serperior|88\/100|[from] Stealth Rock\n|turn|8\n|\n|t:|1622659483\n|move|p2a: Serperior|Substitute|p2a: Serperior\n|-start|p2a: Serperior|Substitute\n|-damage|p2a: Serperior|63\/100\n|move|p1a: San Siro|Rock Tomb|p2a: Serperior\n|-activate|p2a: Serperior|move: Substitute|[damage]\n|\n|-heal|p2a: Serperior|69\/100|[from] item: Leftovers\n|upkeep\n|turn|9\n|\n|t:|1622659487\n|move|p2a: Serperior|Leaf Storm|p1a: San Siro\n|-damage|p1a: San Siro|0 fnt\n|-boost|p2a: Serperior|spa|2\n|faint|p1a: San Siro\n|\n|-heal|p2a: Serperior|76\/100|[from] item: Leftovers\n|upkeep\n|\n|t:|1622659489\n|switch|p1a: Dragao|Volcarona, M|100\/100\n|turn|10\n|\n|t:|1622659491\n|move|p2a: Serperior|Glare|p1a: Dragao\n|-status|p1a: Dragao|par\n|move|p1a: Dragao|Bug Buzz|p2a: Serperior\n|-supereffective|p2a: Serperior\n|-damage|p2a: Serperior|0 fnt\n|faint|p2a: Serperior\n|\n|upkeep\n|\n|t:|1622659495\n|switch|p2a: Kommo-o|Kommo-o, M|100\/100\n|-damage|p2a: Kommo-o|94\/100|[from] Stealth Rock\n|turn|11\n|\n|t:|1622659499\n|move|p2a: Kommo-o|Substitute|p2a: Kommo-o\n|-start|p2a: Kommo-o|Substitute\n|-damage|p2a: Kommo-o|69\/100\n|move|p1a: Dragao|Psychic|p2a: Kommo-o\n|-supereffective|p2a: Kommo-o\n|-end|p2a: Kommo-o|Substitute\n|\n|upkeep\n|turn|12\n|c| squidy0525|how much health do subsuits have\n|\n|t:|1622659507\n|switch|p2a: Shuckle|Shuckle, F|96\/100\n|-damage|p2a: Shuckle|71\/100|[from] Stealth Rock\n|cant|p1a: Dragao|par\n|\n|upkeep\n|turn|13\n|c| Gucci Sand Man\u262c|25 hp\n|c| Fremzyx|25% of the users hp\n|\n|t:|1622659512\n|cant|p1a: Dragao|par\n|move|p2a: Shuckle|Sticky Web|p1a: Dragao\n|-sidestart|p1: RTSG tests|move: Sticky Web\n|\n|upkeep\n|turn|14\n|c| squidy0525|oh\n|\n|t:|1622659517\n|move|p1a: Dragao|Quiver Dance|p1a: Dragao\n|-boost|p1a: Dragao|spa|1\n|-boost|p1a: Dragao|spd|1\n|-boost|p1a: Dragao|spe|1\n|move|p2a: Shuckle|Stealth Rock|p1a: Dragao\n|-sidestart|p1: RTSG tests|move: Stealth Rock\n|\n|upkeep\n|turn|15\n|\n|t:|1622659519\n|move|p1a: Dragao|Fire Blast|p2a: Shuckle\n|-crit|p2a: Shuckle\n|-damage|p2a: Shuckle|0 fnt\n|faint|p2a: Shuckle\n|\n|upkeep\n|\n|t:|1622659523\n|switch|p2a: Pinsir|Pinsir, F|100\/100\n|-damage|p2a: Pinsir|76\/100|[from] Stealth Rock\n|turn|16\n|\n|t:|1622659528\n|detailschange|p2a: Pinsir|Pinsir-Mega, F\n|-mega|p2a: Pinsir|Pinsir|Pinsirite\n|move|p2a: Pinsir|Return|p1a: Dragao\n|-supereffective|p1a: Dragao\n|-damage|p1a: Dragao|0 fnt\n|faint|p1a: Dragao\n|\n|upkeep\n|c| Gucci Sand Man\u262c|does not block sound moves\n|c| Fremzyx|yep\n|\n|t:|1622659538\n|switch|p1a: Bernbeau|Grimmsnarl, M|100\/100\n|-damage|p1a: Bernbeau|88\/100|[from] Stealth Rock\n|-activate|p1a: Bernbeau|move: Sticky Web\n|-unboost|p1a: Bernbeau|spe|1\n|turn|17\n|\n|t:|1622659543\n|move|p1a: Bernbeau|Taunt|p2a: Pinsir\n|-start|p2a: Pinsir|move: Taunt\n|move|p2a: Pinsir|Return|p1a: Bernbeau\n|-damage|p1a: Bernbeau|1\/100\n|\n|upkeep\n|turn|18\n|c| Dinosaur Derek|Soundproof Does\n|\n|t:|1622659546\n|move|p2a: Pinsir|Quick Attack|p1a: Bernbeau\n|-damage|p1a: Bernbeau|0 fnt\n|faint|p1a: Bernbeau\n|\n|upkeep\n|c| squidy0525|true\n|\n|t:|1622659552\n|switch|p1a: Wembley|Gyarados, M|76\/100\n|-damage|p1a: Wembley|51\/100|[from] Stealth Rock\n|-ability|p1a: Wembley|Intimidate|boost\n|-unboost|p2a: Pinsir|atk|1\n|turn|19\n|j| DumPiplup\n|\n|t:|1622659558\n|detailschange|p1a: Wembley|Gyarados-Mega, M\n|-mega|p1a: Wembley|Gyarados|Gyaradosite\n|-ability|p1a: Wembley|Mold Breaker\n|move|p2a: Pinsir|Return|p1a: Wembley\n|-damage|p1a: Wembley|5\/100\n|move|p1a: Wembley|Dragon Dance|p1a: Wembley\n|-boost|p1a: Wembley|atk|1\n|-boost|p1a: Wembley|spe|1\n|\n|-end|p2a: Pinsir|move: Taunt\n|upkeep\n|turn|20\n|l|@R8\n|\n|t:|1622659561\n|move|p2a: Pinsir|Quick Attack|p1a: Wembley\n|-damage|p1a: Wembley|0 fnt\n|faint|p1a: Wembley\n|\n|upkeep\n|j| Showtime Lakers 24\n|\n|t:|1622659564\n|switch|p1a: Allianz Area|Salamence, M|100\/100\n|-damage|p1a: Allianz Area|76\/100|[from] Stealth Rock\n|turn|21\n|j| SaturnWinds\n|\n|t:|1622659567\n|move|p2a: Pinsir|Return|p1a: Allianz Area\n|-damage|p1a: Allianz Area|19\/100\n|move|p1a: Allianz Area|Dragon Dance|p1a: Allianz Area\n|-boost|p1a: Allianz Area|atk|1\n|-boost|p1a: Allianz Area|spe|1\n|\n|upkeep\n|turn|22\n|c|^Zobirisking|Wtf\n|\n|t:|1622659571\n|move|p2a: Pinsir|Quick Attack|p1a: Allianz Area\n|-damage|p1a: Allianz Area|0 fnt\n|faint|p1a: Allianz Area\n|\n|upkeep\n|c| Fremzyx|when i see mega pinsir being used\n|c| Fremzyx|its op\n|c| diseased rodent|pinsir clutch\n|-message|RTSG tests forfeited.\n|\n|win|the teebag\n|n|\u2606RTSG tests|rtsgtests\n|n|\u2606the teebag|theteebag\n|n| Zobirisking|zobirisking\n|n| Suuicunee|suuicunee\n|n| diseased rodent|diseasedrodent\n|n| jospkmn mk|jospkmnmk\n|n| Fremzyx|fremzyx\n|n| squidy0525|squidy0525\n|n| Gucci Sand Man\u262c|guccisandman\n|n| b4nnysub|b4nnysub\n|n| Dinosaur Derek|dinosaurderek\n|n| Zed Thom|zedthom\n|n| Necromanic|necromanic\n|n| DumPiplup|dumpiplup\n|n| Showtime Lakers 24|showtimelakers24\n|n| SaturnWinds|saturnwinds\n|l|\u2606RTSG tests\n|c| Fremzyx|but when i use it i die to rocks\n|c|\u2606the teebag|gg\n","uploadtime":1622659579,"views":24,"p1id":"rtsgtests","p2id":"theteebag","formatid":"gen8nationaldex","rating":0,"private":0,"password":null}