{"id":"gen8ru-1504446240","p1":"Ivyon","p2":"Giantmaster","format":"gen8ru","log":"|html|<div class=\"broadcast-blue\"><strong>[Gen 8] RU is currently suspecting Necrozma! For information on how to participate check out the <a href=\"https:\/\/www.smogon.com\/forums\/threads\/np-ru-stage-11-lights-necrozma-suspect-test.3696813\/\">suspect thread<\/a>.<\/strong><\/div>\n|j|\u2606Ivyon\n|j|\u2606Giantmaster\n|t:|1644000228\n|gametype|singles\n|player|p1|Ivyon|blue|1324\n|player|p2|Giantmaster|brycen|1236\n|teamsize|p1|6\n|teamsize|p2|6\n|gen|8\n|tier|[Gen 8] RU\n|rated|\n|rule|Sleep Clause Mod: Limit one foe put to sleep\n|rule|Species Clause: Limit one of each Pok\u00e9mon\n|rule|OHKO Clause: OHKO moves are banned\n|rule|Evasion Moves Clause: Evasion moves are banned\n|rule|Endless Battle Clause: Forcing endless battles is banned\n|rule|HP Percentage Mod: HP is shown in percentages\n|rule|Dynamax Clause: You cannot dynamax\n|clearpoke\n|poke|p1|Sharpedo, F|\n|poke|p1|Froslass, F|\n|poke|p1|Accelgor, F|\n|poke|p1|Lycanroc, M|\n|poke|p1|Cloyster, M|\n|poke|p1|Slurpuff, M|\n|poke|p2|Registeel|\n|poke|p2|Chandelure, M|\n|poke|p2|Raikou|\n|poke|p2|Suicune|\n|poke|p2|Crobat, F|\n|poke|p2|Gastrodon-East, M|\n|teampreview\n|\n|t:|1644000242\n|start\n|switch|p1a: Sharpedo|Sharpedo, F|100\/100\n|switch|p2a: Registeel|Registeel|100\/100\n|turn|1\n|\n|t:|1644000251\n|move|p1a: Sharpedo|Taunt|p2a: Registeel\n|-start|p2a: Registeel|move: Taunt\n|cant|p2a: Registeel|move: Taunt|Stealth Rock\n|\n|-ability|p1a: Sharpedo|Speed Boost|boost\n|-boost|p1a: Sharpedo|spe|1\n|upkeep\n|turn|2\n|\n|t:|1644000257\n|move|p1a: Sharpedo|Crunch|p2a: Registeel\n|-crit|p2a: Registeel\n|-damage|p2a: Registeel|71\/100\n|move|p2a: Registeel|Body Press|p1a: Sharpedo\n|-supereffective|p1a: Sharpedo\n|-enditem|p1a: Sharpedo|Focus Sash\n|-damage|p1a: Sharpedo|1\/100\n|\n|-heal|p2a: Registeel|77\/100|[from] item: Leftovers\n|-ability|p1a: Sharpedo|Speed Boost|boost\n|-boost|p1a: Sharpedo|spe|1\n|upkeep\n|turn|3\n|\n|t:|1644000269\n|move|p1a: Sharpedo|Destiny Bond|p1a: Sharpedo\n|-singlemove|p1a: Sharpedo|Destiny Bond\n|move|p2a: Registeel|Body Press|p1a: Sharpedo\n|-supereffective|p1a: Sharpedo\n|-damage|p1a: Sharpedo|0 fnt\n|faint|p1a: Sharpedo\n|-activate|p1a: Sharpedo|move: Destiny Bond\n|faint|p2a: Registeel\n|\n|upkeep\n|\n|t:|1644000277\n|switch|p1a: Froslass|Froslass, F, shiny|100\/100\n|switch|p2a: Chandelure|Chandelure, M|100\/100\n|turn|4\n|\n|t:|1644000281\n|move|p2a: Chandelure|Shadow Ball|p1a: Froslass\n|-supereffective|p1a: Froslass\n|-enditem|p1a: Froslass|Focus Sash\n|-damage|p1a: Froslass|1\/100\n|move|p1a: Froslass|Thunder Wave|p2a: Chandelure\n|-status|p2a: Chandelure|par\n|\n|upkeep\n|turn|5\n|\n|t:|1644000290\n|move|p1a: Froslass|Destiny Bond|p1a: Froslass\n|-singlemove|p1a: Froslass|Destiny Bond\n|move|p2a: Chandelure|Shadow Ball|p1a: Froslass\n|-supereffective|p1a: Froslass\n|-damage|p1a: Froslass|0 fnt\n|-start|p2a: Chandelure|Disable|Shadow Ball|[from] ability: Cursed Body|[of] p1a: Froslass\n|faint|p1a: Froslass\n|-activate|p1a: Froslass|move: Destiny Bond\n|faint|p2a: Chandelure\n|\n|upkeep\n|\n|t:|1644000302\n|switch|p1a: Slurpuff|Slurpuff, M|100\/100\n|switch|p2a: Crobat|Crobat, F|100\/100\n|turn|6\n|\n|t:|1644000308\n|move|p2a: Crobat|Brave Bird|p1a: Slurpuff\n|-damage|p1a: Slurpuff|30\/100\n|-damage|p2a: Crobat|81\/100|[from] Recoil\n|move|p1a: Slurpuff|Yawn|p2a: Crobat\n|-start|p2a: Crobat|move: Yawn|[of] p1a: Slurpuff\n|\n|upkeep\n|turn|7\n|\n|t:|1644000318\n|move|p2a: Crobat|U-turn|p1a: Slurpuff\n|-resisted|p1a: Slurpuff\n|-damage|p1a: Slurpuff|16\/100\n|\n|t:|1644000323\n|switch|p2a: Gastrodon|Gastrodon-East, M|100\/100|[from]move: U-turn\n|move|p1a: Slurpuff|Endeavor|p2a: Gastrodon\n|-damage|p2a: Gastrodon|11\/100\n|\n|-heal|p2a: Gastrodon|17\/100|[from] item: Leftovers\n|upkeep\n|turn|8\n|\n|t:|1644000332\n|move|p1a: Slurpuff|Play Rough|p2a: Gastrodon|[miss]\n|-miss|p1a: Slurpuff|p2a: Gastrodon\n|move|p2a: Gastrodon|Recover|p2a: Gastrodon\n|-heal|p2a: Gastrodon|67\/100\n|\n|-heal|p2a: Gastrodon|74\/100|[from] item: Leftovers\n|upkeep\n|turn|9\n|\n|t:|1644000339\n|move|p1a: Slurpuff|Endeavor|p2a: Gastrodon\n|-damage|p2a: Gastrodon|11\/100\n|move|p2a: Gastrodon|Toxic|p1a: Slurpuff\n|-status|p1a: Slurpuff|tox\n|\n|-heal|p2a: Gastrodon|17\/100|[from] item: Leftovers\n|-damage|p1a: Slurpuff|9\/100 tox|[from] psn\n|upkeep\n|turn|10\n|\n|t:|1644000349\n|switch|p2a: Crobat|Crobat, F|81\/100\n|move|p1a: Slurpuff|Play Rough|p2a: Crobat|[miss]\n|-miss|p1a: Slurpuff|p2a: Crobat\n|\n|-damage|p1a: Slurpuff|0 fnt|[from] psn\n|faint|p1a: Slurpuff\n|upkeep\n|\n|t:|1644000360\n|switch|p1a: Accelgor|Accelgor, F|100\/100\n|turn|11\n|\n|t:|1644000368\n|move|p1a: Accelgor|Final Gambit|p2a: Crobat\n|-damage|p2a: Crobat|0 fnt\n|faint|p1a: Accelgor\n|faint|p2a: Crobat\n|\n|upkeep\n|\n|t:|1644000379\n|switch|p1a: Lycanroc|Lycanroc, M, shiny|100\/100\n|switch|p2a: Gastrodon|Gastrodon-East, M|17\/100\n|turn|12\n|\n|t:|1644000383\n|move|p1a: Lycanroc|Stone Edge|p2a: Gastrodon\n|-resisted|p2a: Gastrodon\n|-damage|p2a: Gastrodon|0 fnt\n|faint|p2a: Gastrodon\n|\n|upkeep\n|\n|t:|1644000388\n|switch|p2a: Raikou|Raikou|100\/100\n|-ability|p2a: Raikou|Pressure\n|turn|13\n|\n|t:|1644000392\n|move|p2a: Raikou|Aura Sphere|p1a: Lycanroc\n|-supereffective|p1a: Lycanroc\n|-enditem|p1a: Lycanroc|Focus Sash\n|-damage|p1a: Lycanroc|1\/100\n|move|p1a: Lycanroc|Endeavor|p2a: Raikou\n|-damage|p2a: Raikou|1\/100\n|\n|upkeep\n|turn|14\n|\n|t:|1644000400\n|switch|p2a: Suicune|Suicune|100\/100\n|-ability|p2a: Suicune|Pressure\n|move|p1a: Lycanroc|Sucker Punch||[still]\n|-fail|p1a: Lycanroc\n|\n|upkeep\n|turn|15\n|\n|t:|1644000410\n|move|p1a: Lycanroc|Endeavor|p2a: Suicune\n|-damage|p2a: Suicune|1\/100\n|move|p2a: Suicune|Scald|p1a: Lycanroc\n|-supereffective|p1a: Lycanroc\n|-damage|p1a: Lycanroc|0 fnt\n|faint|p1a: Lycanroc\n|\n|-heal|p2a: Suicune|7\/100|[from] item: Leftovers\n|upkeep\n|\n|t:|1644000413\n|switch|p1a: Cloyster|Cloyster, M|100\/100\n|turn|16\n|c|\u2606Giantmaster|gg\n|\n|t:|1644000424\n|move|p1a: Cloyster|Shell Smash|p1a: Cloyster\n|-unboost|p1a: Cloyster|def|1\n|-unboost|p1a: Cloyster|spd|1\n|-boost|p1a: Cloyster|atk|2\n|-boost|p1a: Cloyster|spa|2\n|-boost|p1a: Cloyster|spe|2\n|move|p2a: Suicune|Rest|p2a: Suicune\n|-status|p2a: Suicune|slp|[from] move: Rest\n|-heal|p2a: Suicune|100\/100 slp|[silent]\n|\n|upkeep\n|turn|17\n|\n|t:|1644000433\n|move|p1a: Cloyster|Rock Blast|p2a: Suicune\n|-damage|p2a: Suicune|93\/100 slp\n|-damage|p2a: Suicune|85\/100 slp\n|-damage|p2a: Suicune|77\/100 slp\n|-damage|p2a: Suicune|70\/100 slp\n|-damage|p2a: Suicune|61\/100 slp\n|-hitcount|p2a: Suicune|5\n|cant|p2a: Suicune|slp\n|move|p2a: Suicune|Sleep Talk|p2a: Suicune\n|move|p2a: Suicune|Rest||[from]move: Sleep Talk|[still]\n|-fail|p2a: Suicune\n|\n|-heal|p2a: Suicune|67\/100 slp|[from] item: Leftovers\n|upkeep\n|turn|18\n|\n|t:|1644000447\n|move|p1a: Cloyster|Shell Smash|p1a: Cloyster\n|-unboost|p1a: Cloyster|def|1\n|-unboost|p1a: Cloyster|spd|1\n|-boost|p1a: Cloyster|atk|2\n|-boost|p1a: Cloyster|spa|2\n|-boost|p1a: Cloyster|spe|2\n|cant|p2a: Suicune|slp\n|move|p2a: Suicune|Sleep Talk|p2a: Suicune\n|move|p2a: Suicune|Rest||[from]move: Sleep Talk|[still]\n|-fail|p2a: Suicune\n|\n|-heal|p2a: Suicune|74\/100 slp|[from] item: Leftovers\n|upkeep\n|turn|19\n|\n|t:|1644000458\n|move|p1a: Cloyster|Rock Blast|p2a: Suicune\n|-damage|p2a: Suicune|61\/100 slp\n|-damage|p2a: Suicune|49\/100 slp\n|-damage|p2a: Suicune|36\/100 slp\n|-damage|p2a: Suicune|25\/100 slp\n|-damage|p2a: Suicune|12\/100 slp\n|-hitcount|p2a: Suicune|5\n|-curestatus|p2a: Suicune|slp|[msg]\n|move|p2a: Suicune|Scald|p1a: Cloyster\n|-resisted|p1a: Cloyster\n|-damage|p1a: Cloyster|39\/100\n|-status|p1a: Cloyster|brn\n|\n|-heal|p2a: Suicune|18\/100|[from] item: Leftovers\n|-damage|p1a: Cloyster|32\/100 brn|[from] brn\n|upkeep\n|turn|20\n|\n|t:|1644000485\n|switch|p2a: Raikou|Raikou|1\/100\n|-ability|p2a: Raikou|Pressure\n|move|p1a: Cloyster|Rock Blast|p2a: Raikou\n|-damage|p2a: Raikou|0 fnt\n|faint|p2a: Raikou\n|-hitcount|p2: Raikou|1\n|\n|-damage|p1a: Cloyster|26\/100 brn|[from] brn\n|upkeep\n|\n|t:|1644000494\n|switch|p2a: Suicune|Suicune|18\/100\n|-ability|p2a: Suicune|Pressure\n|turn|21\n|\n|t:|1644000498\n|move|p1a: Cloyster|Rock Blast|p2a: Suicune\n|-damage|p2a: Suicune|12\/100\n|-damage|p2a: Suicune|6\/100\n|-damage|p2a: Suicune|0 fnt\n|faint|p2a: Suicune\n|-hitcount|p2: Suicune|3\n|\n|win|Ivyon\n|raw|Ivyon's rating: 1324 &rarr; <strong>1339<\/strong><br \/>(+15 for winning)\n|raw|Giantmaster's rating: 1236 &rarr; <strong>1217<\/strong><br \/>(-19 for losing)\n|c|\u2606Ivyon|gg\n|l|\u2606Giantmaster\n","uploadtime":1644000516,"views":18,"p1id":"ivyon","p2id":"giantmaster","formatid":"gen8ru","rating":1217,"private":0,"password":null}