{"id":"gen8monotyperandombattle-1090105746","p1":"himom97","p2":"yhdrslb","format":"gen8monotyperandombattle","log":"|j|\u2606himom97\n|j|\u2606yhdrslb\n|player|p1|himom97|2|1434\n|player|p2|yhdrslb|30|1326\n|teamsize|p1|6\n|teamsize|p2|6\n|gametype|singles\n|gen|8\n|tier|[Gen 8] Monotype Random Battle\n|rated|\n|rule|Same Type Clause: Pok\u00e9mon in a team must share a type\n|rule|HP Percentage Mod: HP is shown in percentages\n|rule|Sleep Clause Mod: Limit one foe put to sleep\n|\n|start\n|switch|p1a: Terrakion|Terrakion, L80|277\/277\n|switch|p2a: Lanturn|Lanturn, L86, M|355\/355\n|turn|1\n|inactive|Battle timer is ON: inactive players will automatically lose when time's up. (requested by himom97)\n|\n|move|p1a: Terrakion|Swords Dance|p1a: Terrakion\n|-boost|p1a: Terrakion|atk|2\n|move|p2a: Lanturn|Scald|p1a: Terrakion\n|-supereffective|p1a: Terrakion\n|-damage|p1a: Terrakion|47\/277\n|-status|p1a: Terrakion|brn\n|\n|-damage|p1a: Terrakion|30\/277 brn|[from] brn\n|upkeep\n|turn|2\n|\n|move|p1a: Terrakion|Earthquake|p2a: Lanturn\n|-supereffective|p2a: Lanturn\n|-damage|p2a: Lanturn|94\/355\n|-damage|p1a: Terrakion|3\/277 brn|[from] item: Life Orb\n|move|p2a: Lanturn|Scald|p1a: Terrakion\n|-supereffective|p1a: Terrakion\n|-crit|p1a: Terrakion\n|-damage|p1a: Terrakion|0 fnt\n|faint|p1a: Terrakion\n|\n|upkeep\n|\n|switch|p1a: Barbaracle|Barbaracle, L84, F|258\/258\n|turn|3\n|\n|move|p1a: Barbaracle|Earthquake|p2a: Lanturn\n|-supereffective|p2a: Lanturn\n|-damage|p2a: Lanturn|0 fnt\n|faint|p2a: Lanturn\n|\n|upkeep\n|\n|switch|p2a: Galvantula|Galvantula, L84, F|255\/255\n|turn|4\n|\n|switch|p1a: Crustle|Crustle, L86, F|261\/261\n|move|p2a: Galvantula|Giga Drain|p1a: Crustle\n|-damage|p1a: Crustle|182\/261\n|-damage|p2a: Galvantula|230\/255|[from] item: Life Orb\n|\n|upkeep\n|turn|5\n|\n|move|p2a: Galvantula|Sticky Web|p1a: Crustle\n|-sidestart|p1: himom97|move: Sticky Web\n|move|p1a: Crustle|Shell Smash|p1a: Crustle\n|-unboost|p1a: Crustle|def|1\n|-unboost|p1a: Crustle|spd|1\n|-boost|p1a: Crustle|atk|2\n|-boost|p1a: Crustle|spa|2\n|-boost|p1a: Crustle|spe|2\n|\n|upkeep\n|turn|6\n|inactive|yhdrslb has 120 seconds left.\n|\n|-start|p1a: Crustle|Dynamax\n|-heal|p1a: Crustle|364\/522|[silent]\n|move|p1a: Crustle|Max Rockfall|p2a: Galvantula\n|-supereffective|p2a: Galvantula\n|-damage|p2a: Galvantula|0 fnt\n|-weather|Sandstorm\n|faint|p2a: Galvantula\n|\n|-weather|Sandstorm|[upkeep]\n|upkeep\n|\n|switch|p2a: Dracozolt|Dracozolt, L82|282\/282\n|turn|7\n|\n|move|p2a: Dracozolt|Bolt Beak|p1a: Crustle\n|-damage|p1a: Crustle|67\/522\n|move|p1a: Crustle|Max Quake|p2a: Dracozolt\n|-supereffective|p2a: Dracozolt\n|-damage|p2a: Dracozolt|0 fnt\n|-boost|p1a: Crustle|spd|1\n|faint|p2a: Dracozolt\n|\n|-weather|Sandstorm|[upkeep]\n|upkeep\n|\n|switch|p2a: Tapu Koko|Tapu Koko, L80|243\/243\n|-fieldstart|move: Electric Terrain|[from] ability: Electric Surge|[of] p2a: Tapu Koko\n|turn|8\n|inactive|yhdrslb has 120 seconds left.\n|\n|move|p1a: Crustle|Max Quake|p2a: Tapu Koko\n|-supereffective|p2a: Tapu Koko\n|-damage|p2a: Tapu Koko|0 fnt\n|-boost|p1a: Crustle|spd|1\n|faint|p2a: Tapu Koko\n|\n|-weather|Sandstorm|[upkeep]\n|-end|p1a: Crustle|Dynamax\n|-heal|p1a: Crustle|34\/261|[silent]\n|upkeep\n|-message|yhdrslb forfeited.\n|\n|win|himom97\n|l|\u2606yhdrslb\n|raw|himom97's rating: 1434 &rarr; <strong>1448<\/strong><br \/>(+14 for winning)\n|raw|yhdrslb's rating: 1327 &rarr; <strong>1313<\/strong><br \/>(-14 for losing)\n","inputlog":">version a70d53ce42b6d83fb10a48d26f6d3de98810a985\n>version-origin 71e5ff8dc9fd66c3d1c63106bc25b5992eeab8ee\n>start {\"formatid\":\"gen8monotyperandombattle\",\"seed\":[65066,12926,49118,61537],\"rated\":\"Rated battle\"}\n>player p1 {\"name\":\"himom97\",\"avatar\":\"2\",\"team\":\"\",\"rating\":1434,\"seed\":[49193,53581,25875,1281]}\n>player p2 {\"name\":\"yhdrslb\",\"avatar\":\"30\",\"team\":\"\",\"rating\":1326,\"seed\":[39949,28012,19770,9908]}\n>p1 move swordsdance\n>p2 move scald\n>p1 move earthquake\n>p2 move scald\n>p1 switch 3\n>p1 move earthquake\n>p2 move scald\n>p2 switch 5\n>p1 switch 4\n>p2 move gigadrain\n>p1 move shellsmash\n>p2 move stickyweb\n>p1 move stoneedge dynamax\n>p2 move bugbuzz\n>p2 switch 3\n>p1 move earthquake dynamax\n>p2 move boltbeak\n>p2 switch 4\n>p1 move earthquake dynamax\n>p2 move wildcharge","uploadtime":1585888468,"views":2,"p1id":"himom97","p2id":"yhdrslb","formatid":"gen8monotyperandombattle","rating":1313,"private":0,"password":null}