{"id":"gen8lc-1671426405","p1":"WucusINC","p2":"xasahbae","format":"gen8lc","log":"|j|\u2606WucusINC\n|j|\u2606xasahbae\n|inactive|Battle timer is ON: inactive players will automatically lose when time's up.\n|t:|1664267038\n|gametype|singles\n|player|p1|WucusINC|flint|\n|player|p2|xasahbae|clerkf|\n|teamsize|p1|6\n|teamsize|p2|6\n|gen|8\n|tier|[Gen 8] LC\n|rated|Tournament battle\n|rule|Sleep Clause Mod: Limit one foe put to sleep\n|rule|Species Clause: Limit one of each Pok\u00e9mon\n|rule|OHKO Clause: OHKO moves are banned\n|rule|Evasion Items Clause: Evasion items are banned\n|rule|Evasion Moves Clause: Evasion moves are banned\n|rule|Endless Battle Clause: Forcing endless battles is banned\n|rule|HP Percentage Mod: HP is shown in percentages\n|rule|Dynamax Clause: You cannot dynamax\n|clearpoke\n|poke|p1|Mienfoo, L5, M|\n|poke|p1|Pawniard, L5, F|\n|poke|p1|Mareanie, L5, F|\n|poke|p1|Abra, L5, F|\n|poke|p1|Natu, L5, F|\n|poke|p1|Porygon, L5|\n|poke|p2|Ponyta, L5, F|\n|poke|p2|Onix, L5, M|\n|poke|p2|Grookey, L5, M|\n|poke|p2|Pawniard, L5, M|\n|poke|p2|Tyrunt, L5, M|\n|poke|p2|Koffing, L5, F|\n|teampreview\n|j|*Lady Monita\n|inactive|WucusINC has 120 seconds left.\n|\n|t:|1664267082\n|start\n|switch|p1a: House of Balloons|Mienfoo, L5, M|100\/100\n|switch|p2a: Graphite|Onix, L5, M|100\/100\n|turn|1\n|\n|t:|1664267099\n|switch|p2a: Blaze|Ponyta, L5, F|100\/100\n|move|p1a: House of Balloons|Fake Out|p2a: Blaze\n|-damage|p2a: Blaze|86\/100\n|\n|upkeep\n|turn|2\n|\n|t:|1664267119\n|move|p2a: Blaze|Will-O-Wisp|p1a: House of Balloons\n|-status|p1a: House of Balloons|brn\n|move|p1a: House of Balloons|High Jump Kick|p2a: Blaze|[miss]\n|-miss|p1a: House of Balloons|p2a: Blaze\n|-damage|p1a: House of Balloons|53\/100 brn|[from] highjumpkick\n|\n|-damage|p1a: House of Balloons|48\/100 brn|[from] brn\n|upkeep\n|turn|3\n|\n|t:|1664267127\n|switch|p1a: Loft Music|Mareanie, L5, F|100\/100\n|move|p2a: Blaze|Flare Blitz|p1a: Loft Music\n|-resisted|p1a: Loft Music\n|-damage|p1a: Loft Music|79\/100\n|-status|p1a: Loft Music|brn\n|-damage|p2a: Blaze|77\/100|[from] Recoil\n|\n|-damage|p1a: Loft Music|74\/100 brn|[from] brn\n|upkeep\n|turn|4\n|inactive|WucusINC has 120 seconds left.\n|\n|t:|1664267167\n|switch|p2a: Kumicho Dragon|Koffing, L5, F, shiny|100\/100\n|-ability|p2a: Kumicho Dragon|Neutralizing Gas\n|move|p1a: Loft Music|Knock Off|p2a: Kumicho Dragon\n|-damage|p2a: Kumicho Dragon|96\/100\n|-enditem|p2a: Kumicho Dragon|Eviolite|[from] move: Knock Off|[of] p1a: Loft Music\n|\n|-damage|p1a: Loft Music|70\/100 brn|[from] brn\n|upkeep\n|turn|5\n|inactive|WucusINC has 120 seconds left.\n|\n|t:|1664267174\n|switch|p1a: Wicked Games|Pawniard, L5, F|100\/100\n|move|p2a: Kumicho Dragon|Thunderbolt|p1a: Wicked Games\n|-damage|p1a: Wicked Games|62\/100\n|\n|upkeep\n|turn|6\n|\n|t:|1664267178\n|move|p1a: Wicked Games|Stealth Rock|p2a: Kumicho Dragon\n|-sidestart|p2: xasahbae|move: Stealth Rock\n|move|p2a: Kumicho Dragon|Fire Blast|p1a: Wicked Games\n|-supereffective|p1a: Wicked Games\n|-damage|p1a: Wicked Games|0 fnt\n|faint|p1a: Wicked Games\n|\n|upkeep\n|\n|t:|1664267184\n|switch|p1a: High for This|Abra, L5, F|100\/100\n|turn|7\n|\n|t:|1664267192\n|move|p1a: High for This|Thunder Wave|p2a: Kumicho Dragon\n|-status|p2a: Kumicho Dragon|par\n|move|p2a: Kumicho Dragon|Sludge Bomb|p1a: High for This\n|-damage|p1a: High for This|32\/100\n|\n|upkeep\n|turn|8\n|\n|t:|1664267198\n|move|p1a: High for This|Psychic|p2a: Kumicho Dragon\n|-supereffective|p2a: Kumicho Dragon\n|-damage|p2a: Kumicho Dragon|0 fnt\n|faint|p2a: Kumicho Dragon\n|-end|p2a: Kumicho Dragon|ability: Neutralizing Gas\n|\n|upkeep\n|\n|t:|1664267210\n|switch|p2a: Jungle|Grookey, L5, M|100\/100\n|-damage|p2a: Jungle|91\/100|[from] Stealth Rock\n|-fieldstart|move: Grassy Terrain|[from] ability: Grassy Surge|[of] p2a: Jungle\n|turn|9\n|\n|t:|1664267216\n|move|p1a: High for This|Protect|p1a: High for This\n|-singleturn|p1a: High for This|Protect\n|move|p2a: Jungle|Grassy Glide|p1a: High for This\n|-activate|p1a: High for This|move: Protect\n|\n|-heal|p1a: High for This|37\/100|[from] Grassy Terrain\n|-heal|p2a: Jungle|96\/100|[from] Grassy Terrain\n|upkeep\n|turn|10\n|\n|t:|1664267221\n|switch|p1a: Loft Music|Mareanie, L5, F|70\/100 brn\n|move|p2a: Jungle|U-turn|p1a: Loft Music\n|-resisted|p1a: Loft Music\n|-damage|p1a: Loft Music|61\/100 brn\n|\n|t:|1664267236\n|switch|p2a: Graphite|Onix, L5, M|100\/100|[from]move: U-turn\n|-damage|p2a: Graphite|95\/100|[from] Stealth Rock\n|\n|-heal|p2a: Graphite|100\/100|[from] Grassy Terrain\n|-heal|p1a: Loft Music|66\/100 brn|[from] Grassy Terrain\n|-damage|p1a: Loft Music|61\/100 brn|[from] brn\n|upkeep\n|turn|11\n|\n|t:|1664267240\n|move|p2a: Graphite|Dragon Dance|p2a: Graphite\n|-boost|p2a: Graphite|atk|1\n|-boost|p2a: Graphite|spe|1\n|move|p1a: Loft Music|Scald|p2a: Graphite\n|-supereffective|p2a: Graphite\n|-damage|p2a: Graphite|0 fnt\n|faint|p2a: Graphite\n|\n|-heal|p1a: Loft Music|66\/100 brn|[from] Grassy Terrain\n|-damage|p1a: Loft Music|61\/100 brn|[from] brn\n|upkeep\n|\n|t:|1664267246\n|switch|p2a: Blue Laminate|Tyrunt, L5, M, shiny|100\/100\n|-damage|p2a: Blue Laminate|91\/100|[from] Stealth Rock\n|turn|12\n|\n|t:|1664267250\n|move|p2a: Blue Laminate|Dragon Dance|p2a: Blue Laminate\n|-boost|p2a: Blue Laminate|atk|1\n|-boost|p2a: Blue Laminate|spe|1\n|move|p1a: Loft Music|Scald|p2a: Blue Laminate\n|-damage|p2a: Blue Laminate|64\/100\n|\n|-heal|p2a: Blue Laminate|69\/100|[from] Grassy Terrain\n|-heal|p1a: Loft Music|66\/100 brn|[from] Grassy Terrain\n|-damage|p1a: Loft Music|61\/100 brn|[from] brn\n|upkeep\n|turn|13\n|\n|t:|1664267255\n|move|p2a: Blue Laminate|Psychic Fangs|p1a: Loft Music\n|-supereffective|p1a: Loft Music\n|-damage|p1a: Loft Music|0 fnt\n|faint|p1a: Loft Music\n|\n|-heal|p2a: Blue Laminate|73\/100|[from] Grassy Terrain\n|-fieldend|move: Grassy Terrain\n|upkeep\n|\n|t:|1664267257\n|switch|p1a: Glass Table Girls|Porygon, L5|100\/100\n|-ability|p1a: Glass Table Girls|Download|boost\n|-boost|p1a: Glass Table Girls|spa|1\n|turn|14\n|\n|t:|1664267259\n|move|p2a: Blue Laminate|Close Combat|p1a: Glass Table Girls\n|-supereffective|p1a: Glass Table Girls\n|-crit|p1a: Glass Table Girls\n|-damage|p1a: Glass Table Girls|0 fnt\n|-unboost|p2a: Blue Laminate|def|1\n|-unboost|p2a: Blue Laminate|spd|1\n|faint|p1a: Glass Table Girls\n|\n|upkeep\n|\n|t:|1664267262\n|switch|p1a: House of Balloons|Mienfoo, L5, M|81\/100 brn\n|turn|15\n|\n|t:|1664267267\n|move|p2a: Blue Laminate|Psychic Fangs|p1a: House of Balloons\n|-supereffective|p1a: House of Balloons\n|-damage|p1a: House of Balloons|0 fnt\n|faint|p1a: House of Balloons\n|\n|upkeep\n|-message|WucusINC forfeited.\n|\n|win|xasahbae\n|n|\u2606WucusINC|wucusinc\n|n|\u2606xasahbae|xasahbae\n|n|*Lady Monita|ladymonita\n|l|*Lady Monita\n|l|\u2606WucusINC\n","uploadtime":1664267272,"views":10,"p1id":"wucusinc","p2id":"xasahbae","formatid":"gen8lc","rating":0,"private":0,"password":null}