{"id":"gen8nationaldexmonotype-1640583109","p1":"Willis_Hescock","p2":"SirFresh","format":"gen8nationaldexmonotype","log":"|j|\u2606Willis_Hescock\n|j|\u2606SirFresh\n|t:|1660607322\n|gametype|singles\n|player|p1|Willis_Hescock|leon-masters|\n|player|p2|SirFresh|palmer|\n|teamsize|p1|6\n|teamsize|p2|6\n|gen|8\n|tier|[Gen 8] National Dex Monotype\n|rule|HP Percentage Mod: HP is shown in percentages\n|rule|Endless Battle Clause: Forcing endless battles is banned\n|rule|Same Type Clause: Pok\u00e9mon in a team must share a type\n|rule|Species Clause: Limit one of each Pok\u00e9mon\n|rule|OHKO Clause: OHKO moves are banned\n|rule|Evasion Moves Clause: Evasion moves are banned\n|rule|Dynamax Clause: You cannot dynamax\n|rule|Sleep Clause Mod: Limit one foe put to sleep\n|clearpoke\n|poke|p1|Orbeetle, F|\n|poke|p1|Deoxys-Speed|\n|poke|p1|Mew|\n|poke|p1|Victini|\n|poke|p1|Alakazam, M|\n|poke|p1|Latias, F|\n|poke|p2|Deoxys-Speed|\n|poke|p2|Espeon, F|\n|poke|p2|Gardevoir, F|\n|poke|p2|Meloetta|\n|poke|p2|Alakazam, M|\n|poke|p2|Necrozma|\n|teampreview\n|c|\u2606Willis_Hescock|Glhf\n|\n|t:|1660607339\n|start\n|switch|p1a: Orbeetle|Orbeetle, F|100\/100\n|switch|p2a: Espeon|Espeon, F|100\/100\n|-item|p2a: Espeon|Light Clay|[from] ability: Frisk|[of] p1a: Orbeetle|[identify]\n|turn|1\n|c|\u2606SirFresh|Glhf\n|\n|t:|1660607347\n|move|p2a: Espeon|Light Screen|p2a: Espeon\n|-sidestart|p2: SirFresh|move: Light Screen\n|move|p1a: Orbeetle|Light Screen|p1a: Orbeetle\n|-sidestart|p1: Willis_Hescock|move: Light Screen\n|\n|upkeep\n|turn|2\n|\n|t:|1660607352\n|move|p2a: Espeon|Reflect|p2a: Espeon\n|-sidestart|p2: SirFresh|Reflect\n|move|p1a: Orbeetle|Reflect|p1a: Orbeetle\n|-sidestart|p1: Willis_Hescock|Reflect\n|\n|upkeep\n|turn|3\n|\n|t:|1660607365\n|switch|p1a: Deoxys|Deoxys-Speed|100\/100\n|-ability|p1a: Deoxys|Pressure\n|move|p2a: Espeon|Shadow Ball|p1a: Deoxys\n|-supereffective|p1a: Deoxys\n|-damage|p1a: Deoxys|62\/100\n|\n|upkeep\n|turn|4\n|\n|t:|1660607372\n|move|p1a: Deoxys|Knock Off|p2a: Espeon\n|-supereffective|p2a: Espeon\n|-damage|p2a: Espeon|62\/100\n|-enditem|p2a: Espeon|Light Clay|[from] move: Knock Off|[of] p1a: Deoxys\n|move|p2a: Espeon|Shadow Ball|p1a: Deoxys\n|-supereffective|p1a: Deoxys\n|-damage|p1a: Deoxys|27\/100\n|-unboost|p1a: Deoxys|spd|1\n|\n|upkeep\n|turn|5\n|\n|t:|1660607379\n|move|p1a: Deoxys|Knock Off|p2a: Espeon\n|-supereffective|p2a: Espeon\n|-damage|p2a: Espeon|34\/100\n|move|p2a: Espeon|Shadow Ball|p1a: Deoxys\n|-supereffective|p1a: Deoxys\n|-damage|p1a: Deoxys|0 fnt\n|faint|p1a: Deoxys\n|\n|upkeep\n|\n|t:|1660607393\n|switch|p1a: Latias|Latias, F|100\/100\n|turn|6\n|\n|t:|1660607397\n|switch|p2a: Gardevoir|Gardevoir, F|100\/100\n|-ability|p2a: Gardevoir|Levitate|[from] ability: Trace|[of] p1a: Latias\n|move|p1a: Latias|Calm Mind|p1a: Latias\n|-boost|p1a: Latias|spa|1\n|-boost|p1a: Latias|spd|1\n|\n|upkeep\n|turn|7\n|\n|t:|1660607401\n|move|p2a: Gardevoir|Trick|p1a: Latias\n|-activate|p2a: Gardevoir|move: Trick|[of] p1a: Latias\n|-item|p1a: Latias|Choice Scarf|[from] move: Trick\n|-item|p2a: Gardevoir|Soul Dew|[from] move: Trick\n|move|p1a: Latias|Mystical Fire|p2a: Gardevoir\n|-damage|p2a: Gardevoir|81\/100\n|-unboost|p2a: Gardevoir|spa|1\n|\n|upkeep\n|turn|8\n|\n|t:|1660607427\n|switch|p1a: Orbeetle|Orbeetle, F|100\/100\n|-item|p2a: Gardevoir|Soul Dew|[from] ability: Frisk|[of] p1a: Orbeetle|[identify]\n|move|p2a: Gardevoir|Shadow Ball|p1a: Orbeetle\n|-supereffective|p1a: Orbeetle\n|-damage|p1a: Orbeetle|84\/100\n|\n|-sideend|p1: Willis_Hescock|move: Light Screen\n|-sideend|p2: SirFresh|move: Light Screen\n|upkeep\n|turn|9\n|\n|t:|1660607433\n|switch|p2a: Espeon|Espeon, F|34\/100\n|move|p1a: Orbeetle|Sticky Web|p2a: Espeon\n|move|p2a: Espeon|Sticky Web|p1a: Orbeetle|[from]ability: Magic Bounce\n|-sidestart|p1: Willis_Hescock|move: Sticky Web\n|\n|-sideend|p2: SirFresh|Reflect\n|-sideend|p1: Willis_Hescock|Reflect\n|upkeep\n|turn|10\n|\n|t:|1660607438\n|move|p2a: Espeon|Light Screen|p2a: Espeon\n|-sidestart|p2: SirFresh|move: Light Screen\n|move|p1a: Orbeetle|Light Screen|p1a: Orbeetle\n|-sidestart|p1: Willis_Hescock|move: Light Screen\n|\n|upkeep\n|turn|11\n|\n|t:|1660607442\n|move|p2a: Espeon|Wish|p2a: Espeon\n|move|p1a: Orbeetle|Reflect|p1a: Orbeetle\n|-sidestart|p1: Willis_Hescock|Reflect\n|\n|upkeep\n|turn|12\n|\n|t:|1660607447\n|switch|p1a: Mew|Mew|100\/100\n|-activate|p1a: Mew|move: Sticky Web\n|-unboost|p1a: Mew|spe|1\n|move|p2a: Espeon|Reflect|p2a: Espeon\n|-sidestart|p2: SirFresh|Reflect\n|\n|-heal|p2a: Espeon|84\/100|[from] move: Wish|[wisher] Espeon\n|upkeep\n|turn|13\n|\n|t:|1660607465\n|move|p2a: Espeon|Shadow Ball|p1a: Mew\n|-supereffective|p1a: Mew\n|-damage|p1a: Mew|79\/100\n|move|p1a: Mew|Agility|p1a: Mew\n|-boost|p1a: Mew|spe|2\n|\n|-heal|p1a: Mew|85\/100|[from] item: Leftovers\n|upkeep\n|turn|14\n|\n|t:|1660607477\n|switch|p2a: Deoxys|Deoxys-Speed|100\/100\n|-ability|p2a: Deoxys|Pressure\n|move|p1a: Mew|Agility|p1a: Mew\n|-boost|p1a: Mew|spe|2\n|\n|-heal|p1a: Mew|91\/100|[from] item: Leftovers\n|-sideend|p2: SirFresh|move: Light Screen\n|upkeep\n|turn|15\n|\n|t:|1660607484\n|move|p1a: Mew|Nasty Plot|p1a: Mew\n|-boost|p1a: Mew|spa|2\n|move|p2a: Deoxys|Thunder Wave|p1a: Mew\n|-status|p1a: Mew|par\n|-activate|p1a: Mew|ability: Synchronize\n|-status|p2a: Deoxys|par\n|\n|-heal|p1a: Mew|98\/100 par|[from] item: Leftovers\n|upkeep\n|turn|16\n|\n|t:|1660607503\n|cant|p1a: Mew|par\n|-zpower|p2a: Deoxys\n|move|p2a: Deoxys|Black Hole Eclipse|p1a: Mew|[zeffect]\n|-supereffective|p1a: Mew\n|-damage|p1a: Mew|54\/100 par\n|\n|-heal|p1a: Mew|60\/100 par|[from] item: Leftovers\n|-sideend|p2: SirFresh|Reflect\n|upkeep\n|turn|17\n|\n|t:|1660607508\n|move|p1a: Mew|Roost|p1a: Mew\n|-heal|p1a: Mew|100\/100 par\n|-singleturn|p1a: Mew|move: Roost\n|move|p2a: Deoxys|Dark Pulse|p1a: Mew\n|-supereffective|p1a: Mew\n|-damage|p1a: Mew|79\/100 par\n|\n|-heal|p1a: Mew|85\/100 par|[from] item: Leftovers\n|-sideend|p1: Willis_Hescock|move: Light Screen\n|upkeep\n|turn|18\n|\n|t:|1660607530\n|switch|p2a: Gardevoir|Gardevoir, F|81\/100\n|-ability|p2a: Gardevoir|Synchronize|[from] ability: Trace|[of] p1a: Mew\n|move|p1a: Mew|Agility|p1a: Mew\n|-boost|p1a: Mew|spe|2\n|\n|-heal|p1a: Mew|91\/100 par|[from] item: Leftovers\n|-sideend|p1: Willis_Hescock|Reflect\n|upkeep\n|turn|19\n|\n|t:|1660607537\n|cant|p1a: Mew|par\n|move|p2a: Gardevoir|Healing Wish|p2a: Gardevoir\n|faint|p2a: Gardevoir\n|\n|-heal|p1a: Mew|97\/100 par|[from] item: Leftovers\n|upkeep\n|\n|t:|1660607545\n|switch|p2a: Deoxys|Deoxys-Speed|100\/100 par\n|-heal|p2a: Deoxys|100\/100|[from] move: Healing Wish\n|-ability|p2a: Deoxys|Pressure\n|turn|20\n|\n|t:|1660607551\n|move|p1a: Mew|Dark Pulse|p2a: Deoxys\n|-supereffective|p2a: Deoxys\n|-damage|p2a: Deoxys|0 fnt\n|faint|p2a: Deoxys\n|\n|-heal|p1a: Mew|100\/100 par|[from] item: Leftovers\n|upkeep\n|\n|t:|1660607555\n|switch|p2a: Necrozma|Necrozma|100\/100\n|turn|21\n|\n|t:|1660607574\n|move|p1a: Mew|Nasty Plot|p1a: Mew\n|-boost|p1a: Mew|spa|2\n|move|p2a: Necrozma|Knock Off|p1a: Mew\n|-supereffective|p1a: Mew\n|-damage|p1a: Mew|41\/100 par\n|-enditem|p1a: Mew|Leftovers|[from] move: Knock Off|[of] p2a: Necrozma\n|\n|upkeep\n|turn|22\n|\n|t:|1660607581\n|move|p1a: Mew|Roost|p1a: Mew\n|-heal|p1a: Mew|91\/100 par\n|-singleturn|p1a: Mew|move: Roost\n|move|p2a: Necrozma|X-Scissor|p1a: Mew\n|-supereffective|p1a: Mew\n|-damage|p1a: Mew|35\/100 par\n|\n|upkeep\n|turn|23\n|\n|t:|1660607588\n|cant|p1a: Mew|par\n|move|p2a: Necrozma|X-Scissor|p1a: Mew\n|-supereffective|p1a: Mew\n|-damage|p1a: Mew|0 fnt\n|faint|p1a: Mew\n|\n|upkeep\n|\n|t:|1660607597\n|switch|p1a: Orbeetle|Orbeetle, F|84\/100\n|-activate|p1a: Orbeetle|move: Sticky Web\n|-unboost|p1a: Orbeetle|spe|1\n|-item|p2a: Necrozma|Weakness Policy|[from] ability: Frisk|[of] p1a: Orbeetle|[identify]\n|turn|24\n|\n|t:|1660607599\n|switch|p2a: Espeon|Espeon, F|84\/100\n|move|p1a: Orbeetle|Reflect|p1a: Orbeetle\n|-sidestart|p1: Willis_Hescock|Reflect\n|\n|upkeep\n|turn|25\n|\n|t:|1660607611\n|move|p2a: Espeon|Light Screen|p2a: Espeon\n|-sidestart|p2: SirFresh|move: Light Screen\n|move|p1a: Orbeetle|Light Screen|p1a: Orbeetle\n|-sidestart|p1: Willis_Hescock|move: Light Screen\n|\n|upkeep\n|turn|26\n|\n|t:|1660607615\n|switch|p1a: Latias|Latias, F|100\/100\n|move|p2a: Espeon|Reflect|p2a: Espeon\n|-sidestart|p2: SirFresh|Reflect\n|\n|upkeep\n|turn|27\n|\n|t:|1660607625\n|move|p1a: Latias|Mystical Fire|p2a: Espeon\n|-crit|p2a: Espeon\n|-damage|p2a: Espeon|48\/100\n|-unboost|p2a: Espeon|spa|1\n|move|p2a: Espeon|Wish|p2a: Espeon\n|\n|upkeep\n|turn|28\n|\n|t:|1660607632\n|switch|p2a: Necrozma|Necrozma|100\/100\n|move|p1a: Latias|Mystical Fire|p2a: Necrozma\n|-damage|p2a: Necrozma|87\/100\n|-unboost|p2a: Necrozma|spa|1\n|\n|-heal|p2a: Necrozma|100\/100|[from] move: Wish|[wisher] Espeon\n|upkeep\n|turn|29\n|\n|t:|1660607639\n|switch|p1a: Orbeetle|Orbeetle, F|84\/100\n|-activate|p1a: Orbeetle|move: Sticky Web\n|-unboost|p1a: Orbeetle|spe|1\n|-item|p2a: Necrozma|Weakness Policy|[from] ability: Frisk|[of] p1a: Orbeetle|[identify]\n|move|p2a: Necrozma|Dragon Dance|p2a: Necrozma\n|-boost|p2a: Necrozma|atk|1\n|-boost|p2a: Necrozma|spe|1\n|\n|-sideend|p2: SirFresh|move: Light Screen\n|upkeep\n|turn|30\n|\n|t:|1660607650\n|move|p2a: Necrozma|Knock Off|p1a: Orbeetle\n|-supereffective|p1a: Orbeetle\n|-damage|p1a: Orbeetle|33\/100\n|-enditem|p1a: Orbeetle|Light Clay|[from] move: Knock Off|[of] p2a: Necrozma\n|move|p1a: Orbeetle|Sticky Web|p2a: Necrozma\n|-sidestart|p2: SirFresh|move: Sticky Web\n|\n|-sideend|p2: SirFresh|Reflect\n|upkeep\n|turn|31\n|\n|t:|1660607657\n|move|p2a: Necrozma|Dragon Dance|p2a: Necrozma\n|-boost|p2a: Necrozma|atk|1\n|-boost|p2a: Necrozma|spe|1\n|move|p1a: Orbeetle|Reflect||[still]\n|-fail|p1a: Orbeetle\n|\n|-sideend|p1: Willis_Hescock|Reflect\n|upkeep\n|turn|32\n|\n|t:|1660607663\n|move|p2a: Necrozma|Knock Off|p1a: Orbeetle\n|-supereffective|p1a: Orbeetle\n|-damage|p1a: Orbeetle|0 fnt\n|faint|p1a: Orbeetle\n|\n|-sideend|p1: Willis_Hescock|move: Light Screen\n|upkeep\n|\n|t:|1660607666\n|switch|p1a: Victini|Victini|100\/100\n|-activate|p1a: Victini|move: Sticky Web\n|-unboost|p1a: Victini|spe|1\n|turn|33\n|\n|t:|1660607673\n|move|p2a: Necrozma|Earthquake|p1a: Victini\n|-supereffective|p1a: Victini\n|-damage|p1a: Victini|0 fnt\n|faint|p1a: Victini\n|\n|upkeep\n|\n|t:|1660607674\n|switch|p1a: Alakazam|Alakazam, M|100\/100\n|-activate|p1a: Alakazam|move: Sticky Web\n|-unboost|p1a: Alakazam|spe|1\n|turn|34\n|\n|t:|1660607679\n|detailschange|p1a: Alakazam|Alakazam-Mega, M\n|-mega|p1a: Alakazam|Alakazam|Alakazite\n|-ability|p1a: Alakazam|Prism Armor|[from] ability: Trace|[of] p2a: Necrozma\n|move|p2a: Necrozma|Knock Off|p1a: Alakazam\n|-supereffective|p1a: Alakazam\n|-damage|p1a: Alakazam|0 fnt\n|faint|p1a: Alakazam\n|\n|upkeep\n|\n|t:|1660607684\n|switch|p1a: Latias|Latias, F|100\/100\n|turn|35\n|\n|t:|1660607688\n|move|p1a: Latias|Shadow Ball|p2a: Necrozma\n|-supereffective|p2a: Necrozma\n|-damage|p2a: Necrozma|55\/100\n|-enditem|p2a: Necrozma|Weakness Policy\n|-boost|p2a: Necrozma|atk|2|[from] item: Weakness Policy\n|-boost|p2a: Necrozma|spa|2|[from] item: Weakness Policy\n|move|p2a: Necrozma|Knock Off|p1a: Latias\n|-supereffective|p1a: Latias\n|-crit|p1a: Latias\n|-damage|p1a: Latias|0 fnt\n|-enditem|p1a: Latias|Choice Scarf|[from] move: Knock Off|[of] p2a: Necrozma\n|faint|p1a: Latias\n|\n|win|SirFresh\n|l|\u2606Willis_Hescock\n|j|\u2606Willis_Hescock\n|player|p1|Willis_Hescock|leon-masters\n|l|\u2606Willis_Hescock\n|player|p1|\n|c|\u2606SirFresh|Gg\n","uploadtime":1660607703,"views":18,"p1id":"willishescock","p2id":"sirfresh","formatid":"gen8nationaldexmonotype","rating":0,"private":0,"password":null}