{"id":"gen8ou-1292428639","p1":"Burnt Bright","p2":"nnnbit7","format":"gen8ou","log":"|j|\u2606Burnt Bright\n|j|\u2606nnnbit7\n|t:|1614632884\n|player|p1|Burnt Bright|parasollady-gen4|1708\n|player|p2|nnnbit7|n|1730\n|teamsize|p1|6\n|teamsize|p2|6\n|gametype|singles\n|gen|8\n|tier|[Gen 8] OU\n|rated|\n|clearpoke\n|poke|p1|Corviknight, M|\n|poke|p1|Keldeo-Resolute|\n|poke|p1|Slowking-Galar, F|\n|poke|p1|Hippowdon, F|\n|poke|p1|Garchomp, F|\n|poke|p1|Tapu Lele|\n|poke|p2|Tyranitar, M|\n|poke|p2|Excadrill, M|\n|poke|p2|Dracozolt|\n|poke|p2|Toxapex, M|\n|poke|p2|Tornadus-Therian, M|\n|poke|p2|Tangrowth, F|\n|rule|Sleep Clause Mod: Limit one foe put to sleep\n|rule|Species Clause: Limit one of each Pok\u00e9mon\n|rule|OHKO Clause: OHKO moves are banned\n|rule|Evasion Moves Clause: Evasion moves are banned\n|rule|Endless Battle Clause: Forcing endless battles is banned\n|rule|HP Percentage Mod: HP is shown in percentages\n|rule|Dynamax Clause: You cannot dynamax\n|teampreview\n|j| AwesomeAdams\n|\n|t:|1614632914\n|start\n|switch|p1a: Tapu Lele|Tapu Lele|100\/100\n|switch|p2a: Medusa|Tangrowth, F|100\/100\n|-fieldstart|move: Psychic Terrain|[from] ability: Psychic Surge|[of] p1a: Tapu Lele\n|turn|1\n|j| California Chaos\n|\n|t:|1614632922\n|switch|p2a: Tatsumaki|Tornadus-Therian, M|100\/100\n|move|p1a: Tapu Lele|Moonblast|p2a: Tatsumaki\n|-damage|p2a: Tatsumaki|38\/100\n|-unboost|p2a: Tatsumaki|spa|1\n|\n|upkeep\n|turn|2\n|\n|t:|1614632927\n|switch|p2a: Underminer|Excadrill, M|100\/100\n|move|p1a: Tapu Lele|Moonblast|p2a: Underminer\n|-resisted|p2a: Underminer\n|-damage|p2a: Underminer|69\/100\n|\n|-heal|p2a: Underminer|75\/100|[from] item: Leftovers\n|upkeep\n|turn|3\n|\n|t:|1614632933\n|switch|p1a: Corviknight|Corviknight, M|100\/100\n|-ability|p1a: Corviknight|Pressure\n|switch|p2a: Medusa|Tangrowth, F|100\/100\n|\n|upkeep\n|turn|4\n|\n|t:|1614632937\n|move|p1a: Corviknight|U-turn|p2a: Medusa\n|-supereffective|p2a: Medusa\n|-damage|p2a: Medusa|85\/100\n|-damage|p1a: Corviknight|84\/100|[from] item: Rocky Helmet|[of] p2a: Medusa\n|j| buteko\n|\n|t:|1614632944\n|switch|p1a: Slowking|Slowking-Galar, F|100\/100|[from]move: U-turn\n|move|p2a: Medusa|Sleep Powder|p1a: Slowking\n|-status|p1a: Slowking|slp|[from] move: Sleep Powder\n|\n|upkeep\n|turn|5\n|\n|t:|1614632955\n|switch|p2a: Its Time|Tyranitar, M|100\/100\n|-weather|Sandstorm|[from] ability: Sand Stream|[of] p2a: Its Time\n|cant|p1a: Slowking|slp\n|\n|-weather|Sandstorm|[upkeep]\n|-damage|p1a: Slowking|94\/100 slp|[from] Sandstorm\n|-fieldend|move: Psychic Terrain\n|upkeep\n|turn|6\n|j| Ryu-Mad trainer\n|\n|t:|1614632967\n|switch|p1a: Corviknight|Corviknight, M|84\/100\n|-ability|p1a: Corviknight|Pressure\n|move|p2a: Its Time|Stealth Rock|p1a: Corviknight\n|-sidestart|p1: Burnt Bright|move: Stealth Rock\n|\n|-weather|Sandstorm|[upkeep]\n|-heal|p1a: Corviknight|90\/100|[from] item: Leftovers\n|upkeep\n|turn|7\n|\n|t:|1614632970\n|switch|p2a: Corrupt|Dracozolt|100\/100\n|move|p1a: Corviknight|Defog|p2a: Corrupt\n|-unboost|p2a: Corrupt|evasion|1\n|-sideend|p1: Burnt Bright|Stealth Rock|[from] move: Defog|[of] p1a: Corviknight\n|\n|-weather|Sandstorm|[upkeep]\n|-heal|p1a: Corviknight|96\/100|[from] item: Leftovers\n|upkeep\n|turn|8\n|\n|t:|1614632983\n|switch|p1a: Slowking|Slowking-Galar, F|100\/100 slp\n|move|p2a: Corrupt|Draco Meteor|p1a: Slowking\n|-damage|p1a: Slowking|75\/100 slp\n|-unboost|p2a: Corrupt|spa|2\n|-damage|p2a: Corrupt|91\/100|[from] item: Life Orb\n|\n|-weather|Sandstorm|[upkeep]\n|-damage|p1a: Slowking|69\/100 slp|[from] Sandstorm\n|upkeep\n|turn|9\n|\n|t:|1614632988\n|switch|p2a: Tatsumaki|Tornadus-Therian, M|71\/100\n|switch|p1a: Hippowdon|Hippowdon, F|100\/100\n|\n|-weather|Sandstorm|[upkeep]\n|-damage|p2a: Tatsumaki|65\/100|[from] Sandstorm\n|upkeep\n|turn|10\n|\n|t:|1614632992\n|move|p2a: Tatsumaki|Nasty Plot|p2a: Tatsumaki\n|-boost|p2a: Tatsumaki|spa|2\n|move|p1a: Hippowdon|Toxic|p2a: Tatsumaki|[miss]\n|-miss|p1a: Hippowdon|p2a: Tatsumaki\n|\n|-weather|Sandstorm|[upkeep]\n|-damage|p2a: Tatsumaki|59\/100|[from] Sandstorm\n|upkeep\n|turn|11\n|\n|t:|1614632997\n|switch|p1a: Slowking|Slowking-Galar, F|100\/100 slp\n|move|p2a: Tatsumaki|Hurricane|p1a: Slowking\n|-damage|p1a: Slowking|52\/100 slp\n|\n|-weather|Sandstorm|[upkeep]\n|-damage|p2a: Tatsumaki|53\/100|[from] Sandstorm\n|-damage|p1a: Slowking|45\/100 slp|[from] Sandstorm\n|upkeep\n|turn|12\n|l| AwesomeAdams\n|\n|t:|1614633009\n|move|p2a: Tatsumaki|Hurricane|p1a: Slowking|[miss]\n|-miss|p2a: Tatsumaki|p1a: Slowking\n|cant|p1a: Slowking|slp\n|\n|-weather|none\n|upkeep\n|turn|13\n|\n|t:|1614633013\n|move|p2a: Tatsumaki|Hurricane|p1a: Slowking|[miss]\n|-miss|p2a: Tatsumaki|p1a: Slowking\n|-curestatus|p1a: Slowking|slp|[msg]\n|move|p1a: Slowking|Sludge Bomb|p2a: Tatsumaki\n|-damage|p2a: Tatsumaki|7\/100\n|\n|upkeep\n|turn|14\n|\n|t:|1614633018\n|move|p2a: Tatsumaki|Hurricane|p1a: Slowking\n|-damage|p1a: Slowking|0 fnt\n|faint|p1a: Slowking\n|\n|upkeep\n|\n|t:|1614633026\n|switch|p1a: Tapu Lele|Tapu Lele|100\/100\n|-fieldstart|move: Psychic Terrain|[from] ability: Psychic Surge|[of] p1a: Tapu Lele\n|turn|15\n|c| Ryu-Mad trainer|go tasumaki\n|\n|t:|1614633055\n|switch|p2a: Underminer|Excadrill, M|75\/100\n|move|p1a: Tapu Lele|Psyshock|p2a: Underminer\n|-resisted|p2a: Underminer\n|-damage|p2a: Underminer|36\/100\n|\n|-heal|p2a: Underminer|42\/100|[from] item: Leftovers\n|upkeep\n|turn|16\n|\n|t:|1614633067\n|switch|p1a: Garchomp|Garchomp, F|100\/100\n|switch|p2a: Its Time|Tyranitar, M|100\/100\n|-weather|Sandstorm|[from] ability: Sand Stream|[of] p2a: Its Time\n|\n|-weather|Sandstorm|[upkeep]\n|upkeep\n|turn|17\n|\n|t:|1614633079\n|switch|p1a: Tapu Lele|Tapu Lele|100\/100\n|switch|p2a: Medusa|Tangrowth, F|100\/100\n|\n|-weather|Sandstorm|[upkeep]\n|-damage|p1a: Tapu Lele|94\/100|[from] Sandstorm\n|-damage|p2a: Medusa|94\/100|[from] Sandstorm\n|upkeep\n|turn|18\n|\n|t:|1614633103\n|switch|p2a: The pex|Toxapex, M|100\/100\n|move|p1a: Tapu Lele|Moonblast|p2a: The pex\n|-resisted|p2a: The pex\n|-damage|p2a: The pex|80\/100\n|\n|-weather|Sandstorm|[upkeep]\n|-damage|p1a: Tapu Lele|88\/100|[from] Sandstorm\n|-damage|p2a: The pex|74\/100|[from] Sandstorm\n|upkeep\n|turn|19\n|\n|t:|1614633116\n|switch|p1a: Keldeo|Keldeo-Resolute|100\/100\n|move|p2a: The pex|Toxic Spikes|p1a: Keldeo\n|-sidestart|p1: Burnt Bright|move: Toxic Spikes\n|\n|-weather|Sandstorm|[upkeep]\n|-damage|p1a: Keldeo|94\/100|[from] Sandstorm\n|-damage|p2a: The pex|68\/100|[from] Sandstorm\n|-heal|p1a: Keldeo|100\/100|[from] item: Leftovers\n|-fieldend|move: Psychic Terrain\n|upkeep\n|turn|20\n|\n|t:|1614633133\n|switch|p2a: Corrupt|Dracozolt|91\/100\n|move|p1a: Keldeo|Calm Mind|p1a: Keldeo\n|-boost|p1a: Keldeo|spa|1\n|-boost|p1a: Keldeo|spd|1\n|\n|-weather|Sandstorm|[upkeep]\n|-damage|p1a: Keldeo|94\/100|[from] Sandstorm\n|-heal|p1a: Keldeo|100\/100|[from] item: Leftovers\n|upkeep\n|turn|21\n|-message|Burnt Bright forfeited.\n|\n|win|nnnbit7\n|l|\u2606Burnt Bright\n|l| California Chaos\n||Ladder (probably) updated, but score could not be retrieved (Request timeout).\n|l|\u2606nnnbit7\n|l| buteko\n","uploadtime":1614633910,"views":15,"p1id":"burntbright","p2id":"nnnbit7","formatid":"gen8ou","rating":0,"private":0,"password":null}