{"id":"gen8ou-1701815010","p1":"fa kin nob tem","p2":"cump6","format":"gen8ou","log":"|j|\u2606fa kin nob tem\n|j|\u2606cump6\n|t:|1667489487\n|gametype|singles\n|player|p1|fa kin nob tem|101|1649\n|player|p2|cump6|veteran|1694\n|teamsize|p1|6\n|teamsize|p2|6\n|gen|8\n|tier|[Gen 8] OU\n|rated|\n|rule|Sleep Clause Mod: Limit one foe put to sleep\n|rule|Species Clause: Limit one of each Pok\u00e9mon\n|rule|OHKO Clause: OHKO moves are banned\n|rule|Evasion Items Clause: Evasion items are banned\n|rule|Evasion Moves Clause: Evasion moves are banned\n|rule|Endless Battle Clause: Forcing endless battles is banned\n|rule|HP Percentage Mod: HP is shown in percentages\n|rule|Dynamax Clause: You cannot dynamax\n|clearpoke\n|poke|p1|Moltres|\n|poke|p1|Latios, M|\n|poke|p1|Ninetales-Alola, F|\n|poke|p1|Garchomp, M|\n|poke|p1|Clefable, F|\n|poke|p1|Tentacruel, F|\n|poke|p2|Hippowdon, F|\n|poke|p2|Skarmory, F|\n|poke|p2|Toxapex, M|\n|poke|p2|Weavile, M|\n|poke|p2|Clefable, F|\n|poke|p2|Tapu Koko|\n|teampreview\n|inactive|Battle timer is ON: inactive players will automatically lose when time's up. (requested by fa kin nob tem)\n|j| fhaurbe\n|j| Fantominus83\n|\n|t:|1667489511\n|start\n|switch|p1a: Garchomp|Garchomp, M|100\/100\n|switch|p2a: Toxapex|Toxapex, M, shiny|100\/100\n|turn|1\n|\n|t:|1667489535\n|move|p1a: Garchomp|Stealth Rock|p2a: Toxapex\n|-sidestart|p2: cump6|move: Stealth Rock\n|move|p2a: Toxapex|Knock Off|p1a: Garchomp\n|-damage|p1a: Garchomp|85\/100\n|-damage|p2a: Toxapex|88\/100|[from] ability: Rough Skin|[of] p1a: Garchomp\n|-enditem|p1a: Garchomp|Eject Pack|[from] move: Knock Off|[of] p2a: Toxapex\n|\n|upkeep\n|turn|2\n|\n|t:|1667489540\n|move|p1a: Garchomp|Earthquake|p2a: Toxapex\n|-supereffective|p2a: Toxapex\n|-damage|p2a: Toxapex|26\/100\n|move|p2a: Toxapex|Toxic|p1a: Garchomp\n|-status|p1a: Garchomp|tox\n|\n|-damage|p1a: Garchomp|79\/100 tox|[from] psn\n|upkeep\n|turn|3\n|\n|t:|1667489545\n|switch|p2a: Hippowdon|Hippowdon, F|100\/100\n|-damage|p2a: Hippowdon|94\/100|[from] Stealth Rock\n|-weather|Sandstorm|[from] ability: Sand Stream|[of] p2a: Hippowdon\n|move|p1a: Garchomp|Draco Meteor|p2a: Hippowdon\n|-damage|p2a: Hippowdon|57\/100\n|-unboost|p1a: Garchomp|spa|2\n|\n|-weather|Sandstorm|[upkeep]\n|-heal|p2a: Hippowdon|63\/100|[from] item: Leftovers\n|-damage|p1a: Garchomp|67\/100 tox|[from] psn\n|upkeep\n|turn|4\n|\n|t:|1667489548\n|switch|p1a: Ninetales|Ninetales-Alola, F|100\/100\n|-weather|Hail|[from] ability: Snow Warning|[of] p1a: Ninetales\n|move|p2a: Hippowdon|Slack Off|p2a: Hippowdon\n|-heal|p2a: Hippowdon|100\/100\n|\n|-weather|Hail|[upkeep]\n|-damage|p2a: Hippowdon|94\/100|[from] Hail\n|-heal|p2a: Hippowdon|100\/100|[from] item: Leftovers\n|upkeep\n|turn|5\n|\n|t:|1667489550\n|move|p1a: Ninetales|Aurora Veil|p1a: Ninetales\n|-sidestart|p1: fa kin nob tem|move: Aurora Veil\n|move|p2a: Hippowdon|Stealth Rock|p1a: Ninetales\n|-sidestart|p1: fa kin nob tem|move: Stealth Rock\n|\n|-weather|Hail|[upkeep]\n|-damage|p2a: Hippowdon|94\/100|[from] Hail\n|-heal|p2a: Hippowdon|100\/100|[from] item: Leftovers\n|upkeep\n|turn|6\n|\n|t:|1667489553\n|move|p1a: Ninetales|Safeguard|p1a: Ninetales\n|-sidestart|p1: fa kin nob tem|Safeguard\n|move|p2a: Hippowdon|Whirlwind|p1a: Ninetales\n|drag|p1a: Garchomp|Garchomp, M|67\/100 tox\n|-damage|p1a: Garchomp|61\/100 tox|[from] Stealth Rock\n|\n|-weather|Hail|[upkeep]\n|-damage|p1a: Garchomp|55\/100 tox|[from] Hail\n|-damage|p2a: Hippowdon|94\/100|[from] Hail\n|-heal|p2a: Hippowdon|100\/100|[from] item: Leftovers\n|-damage|p1a: Garchomp|48\/100 tox|[from] psn\n|upkeep\n|turn|7\n|\n|t:|1667489559\n|move|p1a: Garchomp|Draco Meteor|p2a: Hippowdon\n|-damage|p2a: Hippowdon|62\/100\n|-unboost|p1a: Garchomp|spa|2\n|move|p2a: Hippowdon|Whirlwind|p1a: Garchomp\n|drag|p1a: Ninetales|Ninetales-Alola, F|100\/100\n|-damage|p1a: Ninetales|75\/100|[from] Stealth Rock\n|\n|-weather|Hail|[upkeep]\n|-damage|p2a: Hippowdon|56\/100|[from] Hail\n|-heal|p2a: Hippowdon|62\/100|[from] item: Leftovers\n|upkeep\n|turn|8\n|\n|t:|1667489563\n|move|p1a: Ninetales|Freeze-Dry|p2a: Hippowdon\n|-supereffective|p2a: Hippowdon\n|-crit|p2a: Hippowdon\n|-damage|p2a: Hippowdon|1\/100\n|move|p2a: Hippowdon|Slack Off|p2a: Hippowdon\n|-heal|p2a: Hippowdon|51\/100\n|\n|-weather|none\n|-heal|p2a: Hippowdon|57\/100|[from] item: Leftovers\n|upkeep\n|turn|9\n|\n|t:|1667489569\n|move|p1a: Ninetales|Hypnosis|p2a: Hippowdon|[miss]\n|-miss|p1a: Ninetales|p2a: Hippowdon\n|move|p2a: Hippowdon|Slack Off|p2a: Hippowdon\n|-heal|p2a: Hippowdon|100\/100\n|\n|upkeep\n|turn|10\n|\n|t:|1667489576\n|move|p1a: Ninetales|Hypnosis|p2a: Hippowdon\n|-status|p2a: Hippowdon|slp|[from] move: Hypnosis\n|cant|p2a: Hippowdon|slp\n|\n|-sideend|p1: fa kin nob tem|Safeguard\n|upkeep\n|turn|11\n|\n|t:|1667489581\n|move|p1a: Ninetales|Safeguard|p1a: Ninetales\n|-sidestart|p1: fa kin nob tem|Safeguard\n|cant|p2a: Hippowdon|slp\n|\n|upkeep\n|turn|12\n|\n|t:|1667489584\n|move|p1a: Ninetales|Freeze-Dry|p2a: Hippowdon\n|-supereffective|p2a: Hippowdon\n|-damage|p2a: Hippowdon|61\/100 slp\n|cant|p2a: Hippowdon|slp\n|\n|-heal|p2a: Hippowdon|68\/100 slp|[from] item: Leftovers\n|-sideend|p1: fa kin nob tem|move: Aurora Veil\n|upkeep\n|turn|13\n|\n|t:|1667489587\n|move|p1a: Ninetales|Freeze-Dry|p2a: Hippowdon\n|-supereffective|p2a: Hippowdon\n|-damage|p2a: Hippowdon|29\/100 slp\n|-curestatus|p2a: Hippowdon|slp|[msg]\n|move|p2a: Hippowdon|Slack Off|p2a: Hippowdon\n|-heal|p2a: Hippowdon|79\/100\n|\n|-heal|p2a: Hippowdon|85\/100|[from] item: Leftovers\n|upkeep\n|turn|14\n|\n|t:|1667489594\n|switch|p2a: Clefable|Clefable, F|100\/100\n|move|p1a: Ninetales|Hypnosis|p2a: Clefable\n|-status|p2a: Clefable|slp|[from] move: Hypnosis\n|\n|upkeep\n|turn|15\n|\n|t:|1667489600\n|switch|p1a: Garchomp|Garchomp, M|48\/100 tox\n|-damage|p1a: Garchomp|42\/100 tox|[from] Stealth Rock\n|switch|p2a: Skarmory|Skarmory, F, shiny|100\/100\n|-damage|p2a: Skarmory|88\/100|[from] Stealth Rock\n|\n|-damage|p1a: Garchomp|36\/100 tox|[from] psn\n|-sideend|p1: fa kin nob tem|Safeguard\n|upkeep\n|turn|16\n|\n|t:|1667489603\n|switch|p2a: Toxapex|Toxapex, M, shiny|59\/100\n|-damage|p2a: Toxapex|47\/100|[from] Stealth Rock\n|move|p1a: Garchomp|Fire Blast|p2a: Toxapex\n|-resisted|p2a: Toxapex\n|-damage|p2a: Toxapex|37\/100\n|\n|-damage|p1a: Garchomp|24\/100 tox|[from] psn\n|upkeep\n|turn|17\n|\n|t:|1667489608\n|switch|p2a: Hippowdon|Hippowdon, F|85\/100\n|-damage|p2a: Hippowdon|79\/100|[from] Stealth Rock\n|-weather|Sandstorm|[from] ability: Sand Stream|[of] p2a: Hippowdon\n|move|p1a: Garchomp|Earthquake|p2a: Hippowdon\n|-damage|p2a: Hippowdon|47\/100\n|\n|-weather|Sandstorm|[upkeep]\n|-heal|p2a: Hippowdon|53\/100|[from] item: Leftovers\n|-damage|p1a: Garchomp|5\/100 tox|[from] psn\n|upkeep\n|turn|18\n|\n|t:|1667489613\n|move|p1a: Garchomp|Draco Meteor|p2a: Hippowdon\n|-damage|p2a: Hippowdon|12\/100\n|-unboost|p1a: Garchomp|spa|2\n|move|p2a: Hippowdon|Slack Off|p2a: Hippowdon\n|-heal|p2a: Hippowdon|62\/100\n|\n|-weather|Sandstorm|[upkeep]\n|-heal|p2a: Hippowdon|68\/100|[from] item: Leftovers\n|-damage|p1a: Garchomp|0 fnt|[from] psn\n|faint|p1a: Garchomp\n|upkeep\n|\n|t:|1667489616\n|switch|p1a: Ninetales|Ninetales-Alola, F|75\/100\n|-damage|p1a: Ninetales|50\/100|[from] Stealth Rock\n|-weather|Hail|[from] ability: Snow Warning|[of] p1a: Ninetales\n|turn|19\n|\n|t:|1667489619\n|move|p1a: Ninetales|Aurora Veil|p1a: Ninetales\n|-sidestart|p1: fa kin nob tem|move: Aurora Veil\n|move|p2a: Hippowdon|Slack Off|p2a: Hippowdon\n|-heal|p2a: Hippowdon|100\/100\n|\n|-weather|Hail|[upkeep]\n|-damage|p2a: Hippowdon|94\/100|[from] Hail\n|-heal|p2a: Hippowdon|100\/100|[from] item: Leftovers\n|upkeep\n|turn|20\n|j| RandomWinnerDinner\n|\n|t:|1667489621\n|move|p1a: Ninetales|Hypnosis|p2a: Hippowdon|[miss]\n|-miss|p1a: Ninetales|p2a: Hippowdon\n|move|p2a: Hippowdon|Whirlwind|p1a: Ninetales\n|drag|p1a: Clefable|Clefable, F|100\/100\n|\n|-weather|Hail|[upkeep]\n|-damage|p2a: Hippowdon|94\/100|[from] Hail\n|-heal|p2a: Hippowdon|100\/100|[from] item: Leftovers\n|upkeep\n|turn|21\n|\n|t:|1667489626\n|switch|p1a: Tentacruel|Tentacruel, F, shiny|100\/100\n|-damage|p1a: Tentacruel|88\/100|[from] Stealth Rock\n|move|p2a: Hippowdon|Whirlwind|p1a: Tentacruel\n|drag|p1a: Ninetales|Ninetales-Alola, F|50\/100\n|-damage|p1a: Ninetales|25\/100|[from] Stealth Rock\n|\n|-weather|Hail|[upkeep]\n|-damage|p2a: Hippowdon|94\/100|[from] Hail\n|-heal|p2a: Hippowdon|100\/100|[from] item: Leftovers\n|upkeep\n|turn|22\n|\n|t:|1667489630\n|move|p1a: Ninetales|Freeze-Dry|p2a: Hippowdon\n|-supereffective|p2a: Hippowdon\n|-damage|p2a: Hippowdon|62\/100\n|-status|p2a: Hippowdon|frz\n|cant|p2a: Hippowdon|frz\n|\n|-weather|Hail|[upkeep]\n|-damage|p2a: Hippowdon|56\/100 frz|[from] Hail\n|-heal|p2a: Hippowdon|62\/100 frz|[from] item: Leftovers\n|upkeep\n|turn|23\n|\n|t:|1667489641\n|switch|p1a: Latios|Latios, M, shiny|100\/100\n|-damage|p1a: Latios|88\/100|[from] Stealth Rock\n|switch|p2a: Weavile|Weavile, M|100\/100\n|-ability|p2a: Weavile|Pressure\n|\n|-weather|none\n|upkeep\n|turn|24\n|\n|t:|1667489645\n|move|p2a: Weavile|Swords Dance|p2a: Weavile\n|-boost|p2a: Weavile|atk|2\n|move|p1a: Latios|Agility|p1a: Latios\n|-boost|p1a: Latios|spe|2\n|\n|upkeep\n|turn|25\n|\n|t:|1667489659\n|switch|p1a: Moltres|Moltres|100\/100\n|switch|p2a: Toxapex|Toxapex, M, shiny|71\/100\n|-damage|p2a: Toxapex|58\/100|[from] Stealth Rock\n|\n|upkeep\n|turn|26\n|\n|t:|1667489669\n|switch|p2a: Clefable|Clefable, F|100\/100 slp\n|move|p1a: Moltres|U-turn|p2a: Clefable\n|-resisted|p2a: Clefable\n|-damage|p2a: Clefable|95\/100 slp\n|\n|t:|1667489671\n|switch|p1a: Ninetales|Ninetales-Alola, F|25\/100|[from]move: U-turn\n|-damage|p1a: Ninetales|0 fnt|[from] Stealth Rock\n|faint|p1a: Ninetales\n|\n|-sideend|p1: fa kin nob tem|move: Aurora Veil\n|upkeep\n|\n|t:|1667489684\n|switch|p1a: Clefable|Clefable, F|100\/100\n|turn|27\n|\n|t:|1667489690\n|switch|p1a: Tentacruel|Tentacruel, F, shiny|88\/100\n|-damage|p1a: Tentacruel|76\/100|[from] Stealth Rock\n|cant|p2a: Clefable|slp\n|\n|-heal|p1a: Tentacruel|82\/100|[from] item: Black Sludge\n|upkeep\n|turn|28\n|\n|t:|1667489695\n|move|p1a: Tentacruel|Rapid Spin|p2a: Clefable\n|-damage|p2a: Clefable|90\/100 slp\n|-boost|p1a: Tentacruel|spe|1\n|-sideend|p1: fa kin nob tem|Stealth Rock|[from] move: Rapid Spin|[of] p1a: Tentacruel\n|cant|p2a: Clefable|slp\n|\n|-heal|p1a: Tentacruel|88\/100|[from] item: Black Sludge\n|upkeep\n|turn|29\n|\n|t:|1667489699\n|move|p1a: Tentacruel|Knock Off|p2a: Clefable\n|-resisted|p2a: Clefable\n|-damage|p2a: Clefable|84\/100 slp\n|-enditem|p2a: Clefable|Heavy-Duty Boots|[from] move: Knock Off|[of] p1a: Tentacruel\n|cant|p2a: Clefable|slp\n|\n|-heal|p1a: Tentacruel|94\/100|[from] item: Black Sludge\n|upkeep\n|turn|30\n|\n|t:|1667489702\n|move|p1a: Tentacruel|Toxic Spikes|p2a: Clefable\n|-sidestart|p2: cump6|move: Toxic Spikes\n|-curestatus|p2a: Clefable|slp|[msg]\n|move|p2a: Clefable|Aromatherapy|p2a: Clefable\n|-activate|p2a: Clefable|move: Aromatherapy\n|-curestatus|p2: Hippowdon|frz|[msg]\n|\n|-heal|p1a: Tentacruel|99\/100|[from] item: Black Sludge\n|upkeep\n|turn|31\n|\n|t:|1667489715\n|switch|p2a: Toxapex|Toxapex, M, shiny|91\/100\n|-damage|p2a: Toxapex|79\/100|[from] Stealth Rock\n|-sideend|p2: cump6|move: Toxic Spikes|[of] p2a: Toxapex\n|move|p1a: Tentacruel|Toxic Spikes|p2a: Toxapex\n|-sidestart|p2: cump6|move: Toxic Spikes\n|\n|-heal|p1a: Tentacruel|100\/100|[from] item: Black Sludge\n|upkeep\n|turn|32\n|\n|t:|1667489720\n|move|p1a: Tentacruel|Knock Off|p2a: Toxapex\n|-damage|p2a: Toxapex|67\/100\n|-enditem|p2a: Toxapex|Payapa Berry|[from] move: Knock Off|[of] p1a: Tentacruel\n|move|p2a: Toxapex|Knock Off|p1a: Tentacruel\n|-damage|p1a: Tentacruel|80\/100\n|-enditem|p1a: Tentacruel|Black Sludge|[from] move: Knock Off|[of] p2a: Toxapex\n|\n|upkeep\n|turn|33\n|\n|t:|1667489726\n|move|p1a: Tentacruel|Toxic Spikes|p2a: Toxapex\n|-sidestart|p2: cump6|move: Toxic Spikes\n|move|p2a: Toxapex|Knock Off|p1a: Tentacruel\n|-damage|p1a: Tentacruel|67\/100\n|\n|upkeep\n|turn|34\n|\n|t:|1667489735\n|switch|p1a: Moltres|Moltres|100\/100\n|move|p2a: Toxapex|Recover|p2a: Toxapex\n|-heal|p2a: Toxapex|100\/100\n|\n|upkeep\n|turn|35\n|\n|t:|1667489738\n|move|p1a: Moltres|Scorching Sands|p2a: Toxapex\n|-supereffective|p2a: Toxapex\n|-damage|p2a: Toxapex|75\/100\n|move|p2a: Toxapex|Knock Off|p1a: Moltres\n|-damage|p1a: Moltres|88\/100\n|-status|p2a: Toxapex|brn|[from] ability: Flame Body|[of] p1a: Moltres\n|-enditem|p1a: Moltres|Heavy-Duty Boots|[from] move: Knock Off|[of] p2a: Toxapex\n|\n|-damage|p2a: Toxapex|69\/100 brn|[from] brn\n|upkeep\n|turn|36\n|\n|t:|1667489741\n|move|p1a: Moltres|U-turn|p2a: Toxapex\n|-resisted|p2a: Toxapex\n|-damage|p2a: Toxapex|63\/100 brn\n|\n|t:|1667489747\n|switch|p1a: Tentacruel|Tentacruel, F, shiny|67\/100|[from]move: U-turn\n|move|p2a: Toxapex|Toxic|p1a: Tentacruel\n|-immune|p1a: Tentacruel\n|\n|-damage|p2a: Toxapex|57\/100 brn|[from] brn\n|upkeep\n|turn|37\n|\n|t:|1667489753\n|move|p1a: Tentacruel|Knock Off|p2a: Toxapex\n|-damage|p2a: Toxapex|49\/100 brn\n|move|p2a: Toxapex|Recover|p2a: Toxapex\n|-heal|p2a: Toxapex|99\/100 brn\n|\n|-damage|p2a: Toxapex|92\/100 brn|[from] brn\n|upkeep\n|turn|38\n|\n|t:|1667489760\n|switch|p1a: Clefable|Clefable, F|100\/100\n|move|p2a: Toxapex|Scald|p1a: Clefable\n|-damage|p1a: Clefable|85\/100\n|-status|p1a: Clefable|brn\n|\n|-heal|p1a: Clefable|91\/100 brn|[from] item: Leftovers\n|-damage|p2a: Toxapex|86\/100 brn|[from] brn\n|upkeep\n|turn|39\n|\n|t:|1667489763\n|move|p1a: Clefable|Charge Beam|p2a: Toxapex\n|-supereffective|p2a: Toxapex\n|-damage|p2a: Toxapex|71\/100 brn\n|-boost|p1a: Clefable|spa|1\n|move|p2a: Toxapex|Knock Off|p1a: Clefable\n|-resisted|p1a: Clefable\n|-damage|p1a: Clefable|88\/100 brn\n|-enditem|p1a: Clefable|Leftovers|[from] move: Knock Off|[of] p2a: Toxapex\n|\n|-damage|p2a: Toxapex|65\/100 brn|[from] brn\n|upkeep\n|turn|40\n|\n|t:|1667489774\n|switch|p2a: Tapu Koko|Tapu Koko, shiny|100\/100\n|-fieldstart|move: Electric Terrain|[from] ability: Electric Surge|[of] p2a: Tapu Koko\n|move|p1a: Clefable|Charge Beam|p2a: Tapu Koko\n|-resisted|p2a: Tapu Koko\n|-damage|p2a: Tapu Koko|84\/100\n|-boost|p1a: Clefable|spa|1\n|\n|upkeep\n|turn|41\n|\n|t:|1667489780\n|move|p2a: Tapu Koko|Thunderbolt|p1a: Clefable\n|-damage|p1a: Clefable|40\/100 brn\n|move|p1a: Clefable|Cosmic Power|p1a: Clefable\n|-boost|p1a: Clefable|def|1\n|-boost|p1a: Clefable|spd|1\n|\n|upkeep\n|turn|42\n|\n|t:|1667489783\n|move|p2a: Tapu Koko|Thunderbolt|p1a: Clefable\n|-damage|p1a: Clefable|7\/100 brn\n|move|p1a: Clefable|Soft-Boiled|p1a: Clefable\n|-heal|p1a: Clefable|57\/100 brn\n|\n|upkeep\n|turn|43\n|\n|t:|1667489794\n|move|p2a: Tapu Koko|U-turn|p1a: Clefable\n|-resisted|p1a: Clefable\n|-damage|p1a: Clefable|53\/100 brn\n|\n|t:|1667489796\n|switch|p2a: Clefable|Clefable, F|84\/100|[from]move: U-turn\n|-damage|p2a: Clefable|72\/100|[from] Stealth Rock\n|-status|p2a: Clefable|tox\n|move|p1a: Clefable|Stored Power|p2a: Clefable\n|-damage|p2a: Clefable|51\/100 tox\n|\n|-damage|p2a: Clefable|45\/100 tox|[from] psn\n|upkeep\n|turn|44\n|\n|t:|1667489808\n|switch|p2a: Toxapex|Toxapex, M, shiny|98\/100 brn\n|-damage|p2a: Toxapex|85\/100 brn|[from] Stealth Rock\n|-sideend|p2: cump6|move: Toxic Spikes|[of] p2a: Toxapex\n|move|p1a: Clefable|Cosmic Power|p1a: Clefable\n|-boost|p1a: Clefable|def|1\n|-boost|p1a: Clefable|spd|1\n|\n|-damage|p2a: Toxapex|79\/100 brn|[from] brn\n|-fieldend|move: Electric Terrain\n|upkeep\n|turn|45\n|\n|t:|1667489814\n|switch|p2a: Hippowdon|Hippowdon, F|62\/100\n|-damage|p2a: Hippowdon|56\/100|[from] Stealth Rock\n|-weather|Sandstorm|[from] ability: Sand Stream|[of] p2a: Hippowdon\n|move|p1a: Clefable|Stored Power|p2a: Hippowdon\n|-damage|p2a: Hippowdon|9\/100\n|\n|-weather|Sandstorm|[upkeep]\n|-heal|p2a: Hippowdon|15\/100|[from] item: Leftovers\n|upkeep\n|turn|46\n|\n|t:|1667489819\n|move|p1a: Clefable|Stored Power|p2a: Hippowdon\n|-damage|p2a: Hippowdon|0 fnt\n|faint|p2a: Hippowdon\n|\n|-weather|Sandstorm|[upkeep]\n|upkeep\n|j| luisYR_a\n|\n|t:|1667489831\n|switch|p2a: Weavile|Weavile, M|100\/100\n|-ability|p2a: Weavile|Pressure\n|turn|47\n|\n|t:|1667489837\n|move|p2a: Weavile|Triple Axel|p1a: Clefable|[miss]\n|-miss|p2a: Weavile|p1a: Clefable\n|move|p1a: Clefable|Soft-Boiled|p1a: Clefable\n|-heal|p1a: Clefable|100\/100 brn\n|\n|-weather|Sandstorm|[upkeep]\n|-damage|p2a: Weavile|94\/100|[from] Sandstorm\n|upkeep\n|turn|48\n|\n|t:|1667489842\n|move|p2a: Weavile|Triple Axel|p1a: Clefable\n|-damage|p1a: Clefable|96\/100 brn\n|-damage|p1a: Clefable|89\/100 brn\n|-damage|p1a: Clefable|76\/100 brn\n|-hitcount|p1a: Clefable|3\n|move|p1a: Clefable|Cosmic Power|p1a: Clefable\n|-boost|p1a: Clefable|def|1\n|-boost|p1a: Clefable|spd|1\n|\n|-weather|Sandstorm|[upkeep]\n|-damage|p2a: Weavile|88\/100|[from] Sandstorm\n|upkeep\n|turn|49\n|\n|t:|1667489846\n|move|p2a: Weavile|Triple Axel|p1a: Clefable\n|-damage|p1a: Clefable|73\/100 brn\n|-damage|p1a: Clefable|67\/100 brn\n|-hitcount|p1a: Clefable|2\n|move|p1a: Clefable|Charge Beam|p2a: Weavile\n|-damage|p2a: Weavile|56\/100\n|-boost|p1a: Clefable|spa|1\n|\n|-weather|none\n|upkeep\n|turn|50\n|\n|t:|1667489850\n|move|p2a: Weavile|Triple Axel|p1a: Clefable\n|-damage|p1a: Clefable|64\/100 brn\n|-hitcount|p1a: Clefable|1\n|move|p1a: Clefable|Soft-Boiled|p1a: Clefable\n|-heal|p1a: Clefable|100\/100 brn\n|\n|upkeep\n|turn|51\n|l| luisYR_a\n|c|\u2606cump6|gg\n|-message|cump6 forfeited.\n|\n|win|fa kin nob tem\n|raw|fa kin nob tem's rating: 1649 &rarr; <strong>1672<\/strong><br \/>(+23 for winning)\n|raw|cump6's rating: 1694 &rarr; <strong>1671<\/strong><br \/>(-23 for losing)\n|l|\u2606cump6\n|l| Fantominus83\n|c| RandomWinnerDinner|noobs\n||Ladder isn't responding, score probably updated but might not have (Request timeout).\n","uploadtime":1667489862,"views":7,"p1id":"fakinnobtem","p2id":"cump6","formatid":"gen8ou","rating":1671,"private":0,"password":null}