{"id":"gen8ou-1631188301","p1":"Kikoobuster","p2":"RainbowSword11","format":"gen8ou","log":"|j|\u2606Kikoobuster\n|j|\u2606RainbowSword11\n|t:|1659510296\n|gametype|singles\n|player|p1|Kikoobuster|2|1354\n|player|p2|RainbowSword11|1|1423\n|teamsize|p1|6\n|teamsize|p2|6\n|gen|8\n|tier|[Gen 8] OU\n|rated|\n|rule|Sleep Clause Mod: Limit one foe put to sleep\n|rule|Species Clause: Limit one of each Pok\u00e9mon\n|rule|OHKO Clause: OHKO moves are banned\n|rule|Evasion Moves Clause: Evasion moves are banned\n|rule|Endless Battle Clause: Forcing endless battles is banned\n|rule|HP Percentage Mod: HP is shown in percentages\n|rule|Dynamax Clause: You cannot dynamax\n|clearpoke\n|poke|p1|Ferrothorn, F|\n|poke|p1|Toxicroak, M|\n|poke|p1|Victini|\n|poke|p1|Tapu Lele|\n|poke|p1|Blacephalon|\n|poke|p1|Tornadus-Therian, M|\n|poke|p2|Toxapex, F|\n|poke|p2|Landorus-Therian, M|\n|poke|p2|Umbreon, F|\n|poke|p2|Mew|\n|poke|p2|Corviknight, M|\n|poke|p2|Tapu Lele|\n|teampreview\n|inactive|Battle timer is ON: inactive players will automatically lose when time's up. (requested by Kikoobuster)\n|\n|t:|1659510303\n|start\n|switch|p1a: Ferrothorn|Ferrothorn, F|100\/100\n|switch|p2a: Corviknight|Corviknight, M|100\/100\n|turn|1\n|\n|t:|1659510322\n|move|p2a: Corviknight|Bulk Up|p2a: Corviknight\n|-boost|p2a: Corviknight|atk|1\n|-boost|p2a: Corviknight|def|1\n|move|p1a: Ferrothorn|Stealth Rock|p2a: Corviknight\n|-sidestart|p2: RainbowSword11|move: Stealth Rock\n|\n|upkeep\n|turn|2\n|c|\u2606RainbowSword11|You know this team is unbeatable, right?\n|\n|t:|1659510348\n|move|p2a: Corviknight|Bulk Up|p2a: Corviknight\n|-boost|p2a: Corviknight|atk|1\n|-boost|p2a: Corviknight|def|1\n|move|p1a: Ferrothorn|Leech Seed|p2a: Corviknight|[miss]\n|-miss|p1a: Ferrothorn|p2a: Corviknight\n|\n|upkeep\n|turn|3\n|\n|t:|1659510353\n|move|p2a: Corviknight|Agility|p2a: Corviknight\n|-boost|p2a: Corviknight|spe|2\n|move|p1a: Ferrothorn|Leech Seed|p2a: Corviknight\n|-start|p2a: Corviknight|move: Leech Seed\n|\n|-damage|p2a: Corviknight|88\/100|[from] Leech Seed|[of] p1a: Ferrothorn\n|upkeep\n|turn|4\n|\n|t:|1659510364\n|move|p2a: Corviknight|Bulk Up|p2a: Corviknight\n|-boost|p2a: Corviknight|atk|1\n|-boost|p2a: Corviknight|def|1\n|move|p1a: Ferrothorn|Knock Off|p2a: Corviknight\n|-damage|p2a: Corviknight|80\/100\n|-enditem|p2a: Corviknight|Weakness Policy|[from] move: Knock Off|[of] p1a: Ferrothorn\n|\n|-damage|p2a: Corviknight|68\/100|[from] Leech Seed|[of] p1a: Ferrothorn\n|upkeep\n|turn|5\n|\n|t:|1659510384\n|move|p2a: Corviknight|Agility|p2a: Corviknight\n|-boost|p2a: Corviknight|spe|2\n|move|p1a: Ferrothorn|Gyro Ball|p2a: Corviknight\n|-resisted|p2a: Corviknight\n|-damage|p2a: Corviknight|61\/100\n|\n|-damage|p2a: Corviknight|48\/100|[from] Leech Seed|[of] p1a: Ferrothorn\n|upkeep\n|turn|6\n|\n|t:|1659510389\n|switch|p1a: Tapu Lele|Tapu Lele|100\/100\n|-fieldstart|move: Psychic Terrain|[from] ability: Psychic Surge|[of] p1a: Tapu Lele\n|move|p2a: Corviknight|Roost|p2a: Corviknight\n|-heal|p2a: Corviknight|98\/100\n|-singleturn|p2a: Corviknight|move: Roost\n|\n|-damage|p2a: Corviknight|86\/100|[from] Leech Seed|[of] p1a: Tapu Lele\n|upkeep\n|turn|7\n|\n|t:|1659510396\n|move|p2a: Corviknight|Power Trip|p1a: Tapu Lele\n|-damage|p1a: Tapu Lele|0 fnt\n|faint|p1a: Tapu Lele\n|\n|upkeep\n|\n|t:|1659510402\n|switch|p1a: Blacephalon|Blacephalon|100\/100\n|turn|8\n|\n|t:|1659510408\n|move|p1a: Blacephalon|Flamethrower|p2a: Corviknight\n|-supereffective|p2a: Corviknight\n|-crit|p2a: Corviknight\n|-damage|p2a: Corviknight|0 fnt\n|faint|p2a: Corviknight\n|-ability|p1a: Blacephalon|Beast Boost|boost\n|-boost|p1a: Blacephalon|spa|1\n|\n|upkeep\n|\n|t:|1659510413\n|switch|p2a: Toxapex|Toxapex, F|100\/100\n|-damage|p2a: Toxapex|88\/100|[from] Stealth Rock\n|turn|9\n|\n|t:|1659510442\n|switch|p1a: Victini|Victini|100\/100\n|move|p2a: Toxapex|Toxic Spikes|p1a: Victini\n|-sidestart|p1: Kikoobuster|move: Toxic Spikes\n|\n|-heal|p2a: Toxapex|94\/100|[from] item: Black Sludge\n|upkeep\n|turn|10\n|\n|t:|1659510448\n|switch|p2a: Umbreon|Umbreon, F|100\/100\n|-damage|p2a: Umbreon|88\/100|[from] Stealth Rock\n|move|p1a: Victini|Expanding Force|p2a: Umbreon\n|-immune|p2a: Umbreon\n|\n|-heal|p2a: Umbreon|94\/100|[from] item: Leftovers\n|upkeep\n|turn|11\n|\n|t:|1659510452\n|move|p1a: Victini|U-turn|p2a: Umbreon\n|-supereffective|p2a: Umbreon\n|-damage|p2a: Umbreon|73\/100\n|\n|t:|1659510459\n|switch|p1a: Toxicroak|Toxicroak, M|100\/100|[from]move: U-turn\n|-sideend|p1: Kikoobuster|move: Toxic Spikes|[of] p1a: Toxicroak\n|move|p2a: Umbreon|Wish|p2a: Umbreon\n|\n|-heal|p2a: Umbreon|79\/100|[from] item: Leftovers\n|upkeep\n|turn|12\n|\n|t:|1659510465\n|switch|p2a: Landorus|Landorus-Therian, M|100\/100\n|-damage|p2a: Landorus|88\/100|[from] Stealth Rock\n|-ability|p2a: Landorus|Intimidate|boost\n|-unboost|p1a: Toxicroak|atk|1\n|-enditem|p1a: Toxicroak|Adrenaline Orb\n|-boost|p1a: Toxicroak|spe|1|[from] item: Adrenaline Orb\n|move|p1a: Toxicroak|Swords Dance|p1a: Toxicroak\n|-boost|p1a: Toxicroak|atk|2\n|\n|-heal|p2a: Landorus|100\/100|[from] move: Wish|[wisher] Umbreon\n|upkeep\n|turn|13\n|\n|t:|1659510477\n|move|p1a: Toxicroak|Ice Punch|p2a: Landorus\n|-supereffective|p2a: Landorus\n|-damage|p2a: Landorus|0 fnt\n|faint|p2a: Landorus\n|\n|-fieldend|move: Psychic Terrain\n|upkeep\n|\n|t:|1659510484\n|switch|p2a: Tapu Lele|Tapu Lele|100\/100\n|-damage|p2a: Tapu Lele|88\/100|[from] Stealth Rock\n|-fieldstart|move: Psychic Terrain|[from] ability: Psychic Surge|[of] p2a: Tapu Lele\n|turn|14\n|\n|t:|1659510491\n|move|p1a: Toxicroak|Gunk Shot|p2a: Tapu Lele|[miss]\n|-miss|p1a: Toxicroak|p2a: Tapu Lele\n|move|p2a: Tapu Lele|Psychic|p1a: Toxicroak\n|-supereffective|p1a: Toxicroak\n|-damage|p1a: Toxicroak|0 fnt\n|faint|p1a: Toxicroak\n|\n|upkeep\n|\n|t:|1659510505\n|switch|p1a: Ferrothorn|Ferrothorn, F|100\/100\n|turn|15\n|\n|t:|1659510515\n|switch|p2a: Mew|Mew|100\/100\n|-damage|p2a: Mew|88\/100|[from] Stealth Rock\n|move|p1a: Ferrothorn|Gyro Ball|p2a: Mew\n|-damage|p2a: Mew|44\/100\n|\n|upkeep\n|turn|16\n|\n|t:|1659510520\n|move|p2a: Mew|Cosmic Power|p2a: Mew\n|-boost|p2a: Mew|def|1\n|-boost|p2a: Mew|spd|1\n|move|p1a: Ferrothorn|Knock Off|p2a: Mew\n|-supereffective|p2a: Mew\n|-damage|p2a: Mew|19\/100\n|-enditem|p2a: Mew|Weakness Policy\n|-boost|p2a: Mew|atk|2|[from] item: Weakness Policy\n|-boost|p2a: Mew|spa|2|[from] item: Weakness Policy\n|\n|upkeep\n|turn|17\n|\n|t:|1659510524\n|move|p2a: Mew|Roost|p2a: Mew\n|-heal|p2a: Mew|69\/100\n|-singleturn|p2a: Mew|move: Roost\n|move|p1a: Ferrothorn|Leech Seed|p2a: Mew\n|-start|p2a: Mew|move: Leech Seed\n|\n|-damage|p2a: Mew|56\/100|[from] Leech Seed|[of] p1a: Ferrothorn\n|upkeep\n|turn|18\n|\n|t:|1659510528\n|switch|p1a: Victini|Victini|100\/100\n|move|p2a: Mew|Roost|p2a: Mew\n|-heal|p2a: Mew|100\/100\n|-singleturn|p2a: Mew|move: Roost\n|\n|-damage|p2a: Mew|88\/100|[from] Leech Seed|[of] p1a: Victini\n|-fieldend|move: Psychic Terrain\n|upkeep\n|turn|19\n|\n|t:|1659510539\n|move|p1a: Victini|V-create|p2a: Mew\n|-damage|p2a: Mew|53\/100\n|-unboost|p1a: Victini|spe|1\n|-unboost|p1a: Victini|def|1\n|-unboost|p1a: Victini|spd|1\n|move|p2a: Mew|Cosmic Power|p2a: Mew\n|-boost|p2a: Mew|def|1\n|-boost|p2a: Mew|spd|1\n|\n|-damage|p2a: Mew|41\/100|[from] Leech Seed|[of] p1a: Victini\n|upkeep\n|turn|20\n|\n|t:|1659510542\n|move|p2a: Mew|Roost|p2a: Mew\n|-heal|p2a: Mew|91\/100\n|-singleturn|p2a: Mew|move: Roost\n|move|p1a: Victini|U-turn|p2a: Mew\n|-supereffective|p2a: Mew\n|-damage|p2a: Mew|78\/100\n|\n|t:|1659510550\n|switch|p1a: Blacephalon|Blacephalon|100\/100|[from]move: U-turn\n|\n|-damage|p2a: Mew|65\/100|[from] Leech Seed|[of] p1a: Blacephalon\n|upkeep\n|turn|21\n|\n|t:|1659510554\n|move|p1a: Blacephalon|Trick|p2a: Mew\n|-activate|p1a: Blacephalon|move: Trick|[of] p2a: Mew\n|-item|p2a: Mew|Choice Scarf|[from] move: Trick\n|-enditem|p1a: Blacephalon|Choice Scarf|[silent]|[from] move: Trick\n|move|p2a: Mew|Stored Power|p1a: Blacephalon\n|-damage|p1a: Blacephalon|0 fnt\n|faint|p1a: Blacephalon\n|\n|upkeep\n|\n|t:|1659510563\n|switch|p1a: Ferrothorn|Ferrothorn, F|100\/100\n|turn|22\n|\n|t:|1659510566\n|move|p2a: Mew|Stored Power|p1a: Ferrothorn\n|-resisted|p1a: Ferrothorn\n|-damage|p1a: Ferrothorn|51\/100\n|move|p1a: Ferrothorn|Gyro Ball|p2a: Mew\n|-damage|p2a: Mew|45\/100\n|\n|-damage|p2a: Mew|33\/100|[from] Leech Seed|[of] p1a: Ferrothorn\n|-heal|p1a: Ferrothorn|65\/100|[silent]\n|upkeep\n|turn|23\n|\n|t:|1659510573\n|switch|p2a: Umbreon|Umbreon, F|79\/100\n|-damage|p2a: Umbreon|67\/100|[from] Stealth Rock\n|move|p1a: Ferrothorn|Gyro Ball|p2a: Umbreon\n|-damage|p2a: Umbreon|50\/100\n|\n|-heal|p2a: Umbreon|56\/100|[from] item: Leftovers\n|upkeep\n|turn|24\n|\n|t:|1659510576\n|move|p2a: Umbreon|Wish|p2a: Umbreon\n|move|p1a: Ferrothorn|Leech Seed|p2a: Umbreon\n|-start|p2a: Umbreon|move: Leech Seed\n|\n|-heal|p2a: Umbreon|62\/100|[from] item: Leftovers\n|-damage|p2a: Umbreon|50\/100|[from] Leech Seed|[of] p1a: Ferrothorn\n|-heal|p1a: Ferrothorn|79\/100|[silent]\n|upkeep\n|turn|25\n|\n|t:|1659510580\n|move|p2a: Umbreon|Protect|p2a: Umbreon\n|-singleturn|p2a: Umbreon|Protect\n|move|p1a: Ferrothorn|Knock Off|p2a: Umbreon\n|-activate|p2a: Umbreon|move: Protect\n|\n|-heal|p2a: Umbreon|99\/100|[from] move: Wish|[wisher] Umbreon\n|-heal|p2a: Umbreon|100\/100|[from] item: Leftovers\n|-damage|p2a: Umbreon|88\/100|[from] Leech Seed|[of] p1a: Ferrothorn\n|-heal|p1a: Ferrothorn|93\/100|[silent]\n|upkeep\n|turn|26\n|\n|t:|1659510583\n|move|p2a: Umbreon|Foul Play|p1a: Ferrothorn\n|-damage|p1a: Ferrothorn|74\/100\n|-damage|p2a: Umbreon|76\/100|[from] ability: Iron Barbs|[of] p1a: Ferrothorn\n|-damage|p2a: Umbreon|59\/100|[from] item: Rocky Helmet|[of] p1a: Ferrothorn\n|move|p1a: Ferrothorn|Knock Off|p2a: Umbreon\n|-resisted|p2a: Umbreon\n|-damage|p2a: Umbreon|53\/100\n|-enditem|p2a: Umbreon|Leftovers|[from] move: Knock Off|[of] p1a: Ferrothorn\n|\n|-damage|p2a: Umbreon|40\/100|[from] Leech Seed|[of] p1a: Ferrothorn\n|-heal|p1a: Ferrothorn|88\/100|[silent]\n|upkeep\n|turn|27\n|\n|t:|1659510587\n|move|p2a: Umbreon|Wish|p2a: Umbreon\n|move|p1a: Ferrothorn|Gyro Ball|p2a: Umbreon\n|-damage|p2a: Umbreon|21\/100\n|\n|-damage|p2a: Umbreon|9\/100|[from] Leech Seed|[of] p1a: Ferrothorn\n|-heal|p1a: Ferrothorn|100\/100|[silent]\n|upkeep\n|turn|28\n|\n|t:|1659510593\n|move|p2a: Umbreon|Protect|p2a: Umbreon\n|-singleturn|p2a: Umbreon|Protect\n|move|p1a: Ferrothorn|Gyro Ball|p2a: Umbreon\n|-activate|p2a: Umbreon|move: Protect\n|\n|-heal|p2a: Umbreon|59\/100|[from] move: Wish|[wisher] Umbreon\n|-damage|p2a: Umbreon|46\/100|[from] Leech Seed|[of] p1a: Ferrothorn\n|upkeep\n|turn|29\n|\n|t:|1659510598\n|switch|p1a: Tornadus|Tornadus-Therian, M|100\/100\n|move|p2a: Umbreon|Wish|p2a: Umbreon\n|\n|-damage|p2a: Umbreon|34\/100|[from] Leech Seed|[of] p1a: Tornadus\n|upkeep\n|turn|30\n|\n|t:|1659510602\n|move|p2a: Umbreon|Protect|p2a: Umbreon\n|-singleturn|p2a: Umbreon|Protect\n|move|p1a: Tornadus|Heat Wave|p2a: Umbreon\n|-activate|p2a: Umbreon|move: Protect\n|\n|-heal|p2a: Umbreon|84\/100|[from] move: Wish|[wisher] Umbreon\n|-damage|p2a: Umbreon|72\/100|[from] Leech Seed|[of] p1a: Tornadus\n|upkeep\n|turn|31\n|\n|t:|1659510605\n|move|p1a: Tornadus|Heat Wave|p2a: Umbreon\n|-damage|p2a: Umbreon|57\/100\n|move|p2a: Umbreon|Wish|p2a: Umbreon\n|\n|-damage|p2a: Umbreon|44\/100|[from] Leech Seed|[of] p1a: Tornadus\n|upkeep\n|turn|32\n|\n|t:|1659510610\n|move|p2a: Umbreon|Protect|p2a: Umbreon\n|-singleturn|p2a: Umbreon|Protect\n|move|p1a: Tornadus|Heat Wave|p2a: Umbreon\n|-activate|p2a: Umbreon|move: Protect\n|\n|-heal|p2a: Umbreon|94\/100|[from] move: Wish|[wisher] Umbreon\n|-damage|p2a: Umbreon|82\/100|[from] Leech Seed|[of] p1a: Tornadus\n|upkeep\n|turn|33\n|\n|t:|1659510612\n|move|p1a: Tornadus|Heat Wave|p2a: Umbreon|[miss]\n|-miss|p1a: Tornadus|p2a: Umbreon\n|move|p2a: Umbreon|Wish|p2a: Umbreon\n|\n|-damage|p2a: Umbreon|69\/100|[from] Leech Seed|[of] p1a: Tornadus\n|upkeep\n|turn|34\n|\n|t:|1659510618\n|switch|p2a: Mew|Mew|33\/100\n|-damage|p2a: Mew|21\/100|[from] Stealth Rock\n|move|p1a: Tornadus|U-turn|p2a: Mew\n|-supereffective|p2a: Mew\n|-damage|p2a: Mew|0 fnt\n|faint|p2a: Mew\n|\n|t:|1659510628\n|switch|p1a: Victini|Victini|100\/100|[from]move: U-turn\n|\n|upkeep\n|\n|t:|1659510636\n|switch|p2a: Umbreon|Umbreon, F|69\/100\n|-damage|p2a: Umbreon|57\/100|[from] Stealth Rock\n|turn|35\n|\n|t:|1659510644\n|move|p1a: Victini|V-create|p2a: Umbreon\n|-damage|p2a: Umbreon|19\/100\n|-unboost|p1a: Victini|spe|1\n|-unboost|p1a: Victini|def|1\n|-unboost|p1a: Victini|spd|1\n|move|p2a: Umbreon|Wish|p2a: Umbreon\n|\n|upkeep\n|turn|36\n|\n|t:|1659510651\n|move|p2a: Umbreon|Protect|p2a: Umbreon\n|-singleturn|p2a: Umbreon|Protect\n|move|p1a: Victini|V-create|p2a: Umbreon\n|-activate|p2a: Umbreon|move: Protect\n|\n|-heal|p2a: Umbreon|69\/100|[from] move: Wish|[wisher] Umbreon\n|upkeep\n|turn|37\n|\n|t:|1659510659\n|switch|p1a: Ferrothorn|Ferrothorn, F|100\/100\n|move|p2a: Umbreon|Wish|p2a: Umbreon\n|\n|upkeep\n|turn|38\n|\n|t:|1659510666\n|switch|p2a: Toxapex|Toxapex, F|100\/100\n|-damage|p2a: Toxapex|88\/100|[from] Stealth Rock\n|move|p1a: Ferrothorn|Leech Seed|p2a: Toxapex\n|-start|p2a: Toxapex|move: Leech Seed\n|\n|-heal|p2a: Toxapex|100\/100|[from] move: Wish|[wisher] Umbreon\n|-damage|p2a: Toxapex|88\/100|[from] Leech Seed|[of] p1a: Ferrothorn\n|upkeep\n|turn|39\n|\n|t:|1659510677\n|switch|p1a: Tornadus|Tornadus-Therian, M|100\/100\n|move|p2a: Toxapex|Toxic Spikes|p1a: Tornadus\n|-sidestart|p1: Kikoobuster|move: Toxic Spikes\n|\n|-heal|p2a: Toxapex|94\/100|[from] item: Black Sludge\n|-damage|p2a: Toxapex|82\/100|[from] Leech Seed|[of] p1a: Tornadus\n|upkeep\n|turn|40\n|\n|t:|1659510681\n|move|p1a: Tornadus|Knock Off|p2a: Toxapex\n|-damage|p2a: Toxapex|69\/100\n|-enditem|p2a: Toxapex|Black Sludge|[from] move: Knock Off|[of] p1a: Tornadus\n|move|p2a: Toxapex|Scald|p1a: Tornadus\n|-damage|p1a: Tornadus|84\/100\n|\n|-damage|p2a: Toxapex|56\/100|[from] Leech Seed|[of] p1a: Tornadus\n|-heal|p1a: Tornadus|94\/100|[silent]\n|upkeep\n|turn|41\n|\n|t:|1659510690\n|move|p1a: Tornadus|Defog|p2a: Toxapex\n|-unboost|p2a: Toxapex|evasion|1\n|-sideend|p2: RainbowSword11|Stealth Rock|[from] move: Defog|[of] p1a: Tornadus\n|-sideend|p1: Kikoobuster|Toxic Spikes|[from] move: Defog|[of] p1a: Tornadus\n|move|p2a: Toxapex|Recover|p2a: Toxapex\n|-heal|p2a: Toxapex|100\/100\n|\n|-damage|p2a: Toxapex|88\/100|[from] Leech Seed|[of] p1a: Tornadus\n|-heal|p1a: Tornadus|100\/100|[silent]\n|upkeep\n|turn|42\n|\n|t:|1659510693\n|move|p1a: Tornadus|U-turn|p2a: Toxapex\n|-resisted|p2a: Toxapex\n|-damage|p2a: Toxapex|83\/100\n|\n|t:|1659510702\n|switch|p1a: Victini|Victini|100\/100|[from]move: U-turn\n|move|p2a: Toxapex|Scald|p1a: Victini\n|-supereffective|p1a: Victini\n|-damage|p1a: Victini|64\/100\n|\n|-damage|p2a: Toxapex|71\/100|[from] Leech Seed|[of] p1a: Victini\n|-heal|p1a: Victini|75\/100|[silent]\n|upkeep\n|turn|43\n|\n|t:|1659510708\n|switch|p2a: Umbreon|Umbreon, F|69\/100\n|move|p1a: Victini|Expanding Force|p2a: Umbreon\n|-immune|p2a: Umbreon\n|\n|upkeep\n|turn|44\n|\n|t:|1659510712\n|move|p1a: Victini|U-turn|p2a: Umbreon\n|-supereffective|p2a: Umbreon\n|-damage|p2a: Umbreon|48\/100\n|\n|t:|1659510715\n|switch|p1a: Ferrothorn|Ferrothorn, F|100\/100|[from]move: U-turn\n|move|p2a: Umbreon|Wish|p2a: Umbreon\n|\n|upkeep\n|turn|45\n|\n|t:|1659510719\n|move|p2a: Umbreon|Protect|p2a: Umbreon\n|-singleturn|p2a: Umbreon|Protect\n|move|p1a: Ferrothorn|Stealth Rock|p2a: Umbreon\n|-sidestart|p2: RainbowSword11|move: Stealth Rock\n|\n|-heal|p2a: Umbreon|98\/100|[from] move: Wish|[wisher] Umbreon\n|upkeep\n|turn|46\n|\n|t:|1659510730\n|switch|p2a: Toxapex|Toxapex, F|100\/100\n|-damage|p2a: Toxapex|88\/100|[from] Stealth Rock\n|move|p1a: Ferrothorn|Leech Seed|p2a: Toxapex\n|-start|p2a: Toxapex|move: Leech Seed\n|\n|-damage|p2a: Toxapex|75\/100|[from] Leech Seed|[of] p1a: Ferrothorn\n|upkeep\n|turn|47\n|\n|t:|1659510741\n|move|p2a: Toxapex|Scald|p1a: Ferrothorn\n|-resisted|p1a: Ferrothorn\n|-damage|p1a: Ferrothorn|93\/100\n|-status|p1a: Ferrothorn|brn\n|move|p1a: Ferrothorn|Knock Off|p2a: Toxapex\n|-damage|p2a: Toxapex|71\/100\n|\n|-damage|p2a: Toxapex|58\/100|[from] Leech Seed|[of] p1a: Ferrothorn\n|-heal|p1a: Ferrothorn|100\/100 brn|[silent]\n|-damage|p1a: Ferrothorn|94\/100 brn|[from] brn\n|upkeep\n|turn|48\n|\n|t:|1659510750\n|move|p2a: Toxapex|Toxic Spikes|p1a: Ferrothorn\n|-sidestart|p1: Kikoobuster|move: Toxic Spikes\n|move|p1a: Ferrothorn|Stealth Rock||[still]\n|-fail|p1a: Ferrothorn\n|\n|-damage|p2a: Toxapex|46\/100|[from] Leech Seed|[of] p1a: Ferrothorn\n|-heal|p1a: Ferrothorn|100\/100 brn|[silent]\n|-damage|p1a: Ferrothorn|94\/100 brn|[from] brn\n|upkeep\n|turn|49\n|\n|t:|1659510754\n|move|p2a: Toxapex|Recover|p2a: Toxapex\n|-heal|p2a: Toxapex|96\/100\n|move|p1a: Ferrothorn|Stealth Rock||[still]\n|-fail|p1a: Ferrothorn\n|\n|-damage|p2a: Toxapex|83\/100|[from] Leech Seed|[of] p1a: Ferrothorn\n|-heal|p1a: Ferrothorn|100\/100 brn|[silent]\n|-damage|p1a: Ferrothorn|94\/100 brn|[from] brn\n|upkeep\n|turn|50\n|\n|t:|1659510759\n|switch|p2a: Tapu Lele|Tapu Lele|88\/100\n|-damage|p2a: Tapu Lele|76\/100|[from] Stealth Rock\n|-fieldstart|move: Psychic Terrain|[from] ability: Psychic Surge|[of] p2a: Tapu Lele\n|move|p1a: Ferrothorn|Stealth Rock||[still]\n|-fail|p1a: Ferrothorn\n|\n|-damage|p1a: Ferrothorn|88\/100 brn|[from] brn\n|upkeep\n|turn|51\n|\n|t:|1659510764\n|move|p2a: Tapu Lele|Psychic|p1a: Ferrothorn\n|-resisted|p1a: Ferrothorn\n|-damage|p1a: Ferrothorn|62\/100 brn\n|move|p1a: Ferrothorn|Gyro Ball|p2a: Tapu Lele\n|-supereffective|p2a: Tapu Lele\n|-damage|p2a: Tapu Lele|0 fnt\n|faint|p2a: Tapu Lele\n|\n|-damage|p1a: Ferrothorn|56\/100 brn|[from] brn\n|upkeep\n|\n|t:|1659510770\n|switch|p2a: Umbreon|Umbreon, F|98\/100\n|-damage|p2a: Umbreon|85\/100|[from] Stealth Rock\n|turn|52\n|\n|t:|1659510776\n|move|p2a: Umbreon|Foul Play|p1a: Ferrothorn\n|-crit|p1a: Ferrothorn\n|-damage|p1a: Ferrothorn|27\/100 brn\n|-damage|p2a: Umbreon|73\/100|[from] ability: Iron Barbs|[of] p1a: Ferrothorn\n|-damage|p2a: Umbreon|56\/100|[from] item: Rocky Helmet|[of] p1a: Ferrothorn\n|move|p1a: Ferrothorn|Leech Seed|p2a: Umbreon\n|-start|p2a: Umbreon|move: Leech Seed\n|\n|-damage|p2a: Umbreon|44\/100|[from] Leech Seed|[of] p1a: Ferrothorn\n|-heal|p1a: Ferrothorn|41\/100 brn|[silent]\n|-damage|p1a: Ferrothorn|35\/100 brn|[from] brn\n|upkeep\n|turn|53\n|\n|t:|1659510781\n|move|p2a: Umbreon|Wish|p2a: Umbreon\n|move|p1a: Ferrothorn|Gyro Ball|p2a: Umbreon\n|-damage|p2a: Umbreon|35\/100\n|\n|-damage|p2a: Umbreon|23\/100|[from] Leech Seed|[of] p1a: Ferrothorn\n|-heal|p1a: Ferrothorn|49\/100 brn|[silent]\n|-damage|p1a: Ferrothorn|43\/100 brn|[from] brn\n|upkeep\n|turn|54\n|\n|t:|1659510792\n|move|p2a: Umbreon|Protect|p2a: Umbreon\n|-singleturn|p2a: Umbreon|Protect\n|move|p1a: Ferrothorn|Knock Off|p2a: Umbreon\n|-activate|p2a: Umbreon|move: Protect\n|\n|-heal|p2a: Umbreon|73\/100|[from] move: Wish|[wisher] Umbreon\n|-damage|p2a: Umbreon|60\/100|[from] Leech Seed|[of] p1a: Ferrothorn\n|-heal|p1a: Ferrothorn|57\/100 brn|[silent]\n|-damage|p1a: Ferrothorn|50\/100 brn|[from] brn\n|-fieldend|move: Psychic Terrain\n|upkeep\n|turn|55\n|\n|t:|1659510798\n|move|p2a: Umbreon|Wish|p2a: Umbreon\n|move|p1a: Ferrothorn|Knock Off|p2a: Umbreon\n|-resisted|p2a: Umbreon\n|-crit|p2a: Umbreon\n|-damage|p2a: Umbreon|57\/100\n|\n|-damage|p2a: Umbreon|45\/100|[from] Leech Seed|[of] p1a: Ferrothorn\n|-heal|p1a: Ferrothorn|64\/100 brn|[silent]\n|-damage|p1a: Ferrothorn|58\/100 brn|[from] brn\n|upkeep\n|turn|56\n|\n|t:|1659510803\n|move|p2a: Umbreon|Protect|p2a: Umbreon\n|-singleturn|p2a: Umbreon|Protect\n|move|p1a: Ferrothorn|Knock Off|p2a: Umbreon\n|-activate|p2a: Umbreon|move: Protect\n|\n|-heal|p2a: Umbreon|95\/100|[from] move: Wish|[wisher] Umbreon\n|-damage|p2a: Umbreon|82\/100|[from] Leech Seed|[of] p1a: Ferrothorn\n|-heal|p1a: Ferrothorn|72\/100 brn|[silent]\n|-damage|p1a: Ferrothorn|66\/100 brn|[from] brn\n|upkeep\n|turn|57\n|\n|t:|1659510808\n|switch|p2a: Toxapex|Toxapex, F|100\/100\n|-damage|p2a: Toxapex|88\/100|[from] Stealth Rock\n|move|p1a: Ferrothorn|Stealth Rock||[still]\n|-fail|p1a: Ferrothorn\n|\n|-damage|p1a: Ferrothorn|60\/100 brn|[from] brn\n|upkeep\n|turn|58\n|\n|t:|1659510812\n|move|p2a: Toxapex|Scald|p1a: Ferrothorn\n|-resisted|p1a: Ferrothorn\n|-damage|p1a: Ferrothorn|52\/100 brn\n|move|p1a: Ferrothorn|Leech Seed|p2a: Toxapex\n|-start|p2a: Toxapex|move: Leech Seed\n|\n|-damage|p2a: Toxapex|75\/100|[from] Leech Seed|[of] p1a: Ferrothorn\n|-heal|p1a: Ferrothorn|63\/100 brn|[silent]\n|-damage|p1a: Ferrothorn|57\/100 brn|[from] brn\n|upkeep\n|turn|59\n|\n|t:|1659510821\n|switch|p2a: Umbreon|Umbreon, F|82\/100\n|-damage|p2a: Umbreon|70\/100|[from] Stealth Rock\n|switch|p1a: Tornadus|Tornadus-Therian, M|100\/100\n|\n|upkeep\n|turn|60\n|\n|t:|1659510826\n|move|p1a: Tornadus|Heat Wave|p2a: Umbreon|[miss]\n|-miss|p1a: Tornadus|p2a: Umbreon\n|move|p2a: Umbreon|Foul Play|p1a: Tornadus\n|-damage|p1a: Tornadus|70\/100\n|\n|upkeep\n|turn|61\n|\n|t:|1659510837\n|move|p1a: Tornadus|U-turn|p2a: Umbreon\n|-supereffective|p2a: Umbreon\n|-damage|p2a: Umbreon|51\/100\n|\n|t:|1659510841\n|switch|p1a: Ferrothorn|Ferrothorn, F|57\/100 brn|[from]move: U-turn\n|move|p2a: Umbreon|Foul Play|p1a: Ferrothorn\n|-damage|p1a: Ferrothorn|38\/100 brn\n|-damage|p2a: Umbreon|39\/100|[from] ability: Iron Barbs|[of] p1a: Ferrothorn\n|-damage|p2a: Umbreon|22\/100|[from] item: Rocky Helmet|[of] p1a: Ferrothorn\n|\n|-damage|p1a: Ferrothorn|32\/100 brn|[from] brn\n|upkeep\n|turn|62\n|\n|t:|1659510844\n|move|p2a: Umbreon|Wish|p2a: Umbreon\n|move|p1a: Ferrothorn|Leech Seed|p2a: Umbreon\n|-start|p2a: Umbreon|move: Leech Seed\n|\n|-damage|p2a: Umbreon|10\/100|[from] Leech Seed|[of] p1a: Ferrothorn\n|-heal|p1a: Ferrothorn|46\/100 brn|[silent]\n|-damage|p1a: Ferrothorn|40\/100 brn|[from] brn\n|upkeep\n|turn|63\n|\n|t:|1659510856\n|switch|p1a: Tornadus|Tornadus-Therian, M|100\/100\n|move|p2a: Umbreon|Protect||[still]\n|-fail|p2a: Umbreon\n|\n|-heal|p2a: Umbreon|60\/100|[from] move: Wish|[wisher] Umbreon\n|-damage|p2a: Umbreon|47\/100|[from] Leech Seed|[of] p1a: Tornadus\n|upkeep\n|turn|64\n|\n|t:|1659510863\n|move|p1a: Tornadus|U-turn|p2a: Umbreon\n|-supereffective|p2a: Umbreon\n|-damage|p2a: Umbreon|30\/100\n|\n|t:|1659510866\n|switch|p1a: Ferrothorn|Ferrothorn, F|40\/100 brn|[from]move: U-turn\n|move|p2a: Umbreon|Wish|p2a: Umbreon\n|\n|-damage|p2a: Umbreon|18\/100|[from] Leech Seed|[of] p1a: Ferrothorn\n|-heal|p1a: Ferrothorn|54\/100 brn|[silent]\n|-damage|p1a: Ferrothorn|47\/100 brn|[from] brn\n|upkeep\n|turn|65\n|\n|t:|1659510869\n|move|p2a: Umbreon|Protect|p2a: Umbreon\n|-singleturn|p2a: Umbreon|Protect\n|move|p1a: Ferrothorn|Knock Off|p2a: Umbreon\n|-activate|p2a: Umbreon|move: Protect\n|\n|-heal|p2a: Umbreon|68\/100|[from] move: Wish|[wisher] Umbreon\n|-damage|p2a: Umbreon|55\/100|[from] Leech Seed|[of] p1a: Ferrothorn\n|-heal|p1a: Ferrothorn|61\/100 brn|[silent]\n|-damage|p1a: Ferrothorn|55\/100 brn|[from] brn\n|upkeep\n|turn|66\n|\n|t:|1659510876\n|switch|p1a: Tornadus|Tornadus-Therian, M|100\/100\n|move|p2a: Umbreon|Wish|p2a: Umbreon\n|\n|-damage|p2a: Umbreon|43\/100|[from] Leech Seed|[of] p1a: Tornadus\n|upkeep\n|turn|67\n|\n|t:|1659510880\n|move|p2a: Umbreon|Protect|p2a: Umbreon\n|-singleturn|p2a: Umbreon|Protect\n|move|p1a: Tornadus|U-turn|p2a: Umbreon\n|-activate|p2a: Umbreon|move: Protect\n|\n|-heal|p2a: Umbreon|93\/100|[from] move: Wish|[wisher] Umbreon\n|-damage|p2a: Umbreon|80\/100|[from] Leech Seed|[of] p1a: Tornadus\n|upkeep\n|turn|68\n|\n|t:|1659510883\n|switch|p2a: Toxapex|Toxapex, F|100\/100\n|-damage|p2a: Toxapex|88\/100|[from] Stealth Rock\n|move|p1a: Tornadus|U-turn|p2a: Toxapex\n|-resisted|p2a: Toxapex\n|-damage|p2a: Toxapex|83\/100\n|\n|t:|1659510886\n|switch|p1a: Ferrothorn|Ferrothorn, F|55\/100 brn|[from]move: U-turn\n|\n|-damage|p1a: Ferrothorn|49\/100 brn|[from] brn\n|upkeep\n|turn|69\n|\n|t:|1659510890\n|move|p2a: Toxapex|Scald|p1a: Ferrothorn\n|-resisted|p1a: Ferrothorn\n|-damage|p1a: Ferrothorn|42\/100 brn\n|move|p1a: Ferrothorn|Leech Seed|p2a: Toxapex\n|-start|p2a: Toxapex|move: Leech Seed\n|\n|-damage|p2a: Toxapex|71\/100|[from] Leech Seed|[of] p1a: Ferrothorn\n|-heal|p1a: Ferrothorn|53\/100 brn|[silent]\n|-damage|p1a: Ferrothorn|47\/100 brn|[from] brn\n|upkeep\n|turn|70\n|\n|t:|1659510898\n|switch|p2a: Umbreon|Umbreon, F|80\/100\n|-damage|p2a: Umbreon|68\/100|[from] Stealth Rock\n|switch|p1a: Tornadus|Tornadus-Therian, M|100\/100\n|\n|upkeep\n|turn|71\n|\n|t:|1659510903\n|move|p1a: Tornadus|U-turn|p2a: Umbreon\n|-supereffective|p2a: Umbreon\n|-damage|p2a: Umbreon|50\/100\n|\n|t:|1659510908\n|switch|p1a: Ferrothorn|Ferrothorn, F|47\/100 brn|[from]move: U-turn\n|move|p2a: Umbreon|Foul Play|p1a: Ferrothorn\n|-damage|p1a: Ferrothorn|27\/100 brn\n|-damage|p2a: Umbreon|38\/100|[from] ability: Iron Barbs|[of] p1a: Ferrothorn\n|-damage|p2a: Umbreon|21\/100|[from] item: Rocky Helmet|[of] p1a: Ferrothorn\n|\n|-damage|p1a: Ferrothorn|21\/100 brn|[from] brn\n|upkeep\n|turn|72\n|\n|t:|1659510915\n|move|p2a: Umbreon|Protect|p2a: Umbreon\n|-singleturn|p2a: Umbreon|Protect\n|move|p1a: Ferrothorn|Leech Seed|p2a: Umbreon\n|-activate|p2a: Umbreon|move: Protect\n|\n|-damage|p1a: Ferrothorn|15\/100 brn|[from] brn\n|upkeep\n|turn|73\n|\n|t:|1659510919\n|move|p2a: Umbreon|Foul Play|p1a: Ferrothorn\n|-damage|p1a: Ferrothorn|0 fnt\n|-damage|p2a: Umbreon|9\/100|[from] ability: Iron Barbs|[of] p1a: Ferrothorn\n|-damage|p2a: Umbreon|0 fnt|[from] item: Rocky Helmet|[of] p1a: Ferrothorn\n|faint|p1a: Ferrothorn\n|faint|p2a: Umbreon\n|\n|upkeep\n|\n|t:|1659510926\n|switch|p2a: Toxapex|Toxapex, F|100\/100\n|switch|p1a: Victini|Victini|75\/100\n|-damage|p2a: Toxapex|88\/100|[from] Stealth Rock\n|turn|74\n|\n|t:|1659510941\n|move|p1a: Victini|Expanding Force|p2a: Toxapex\n|-supereffective|p2a: Toxapex\n|-damage|p2a: Toxapex|26\/100\n|move|p2a: Toxapex|Recover|p2a: Toxapex\n|-heal|p2a: Toxapex|76\/100\n|\n|upkeep\n|turn|75\n|c|\u2606RainbowSword11|Lol nvm\n|c|\u2606RainbowSword11|Gg\n|c|\u2606Kikoobuster|Gg\n|\n|t:|1659510964\n|move|p1a: Victini|Expanding Force|p2a: Toxapex\n|-supereffective|p2a: Toxapex\n|-damage|p2a: Toxapex|24\/100\n|move|p2a: Toxapex|Scald|p1a: Victini\n|-supereffective|p1a: Victini\n|-damage|p1a: Victini|41\/100\n|\n|upkeep\n|turn|76\n|\n|t:|1659510972\n|move|p1a: Victini|Expanding Force|p2a: Toxapex\n|-supereffective|p2a: Toxapex\n|-damage|p2a: Toxapex|0 fnt\n|faint|p2a: Toxapex\n|\n|win|Kikoobuster\n|raw|Kikoobuster's rating: 1354 &rarr; <strong>1378<\/strong><br \/>(+24 for winning)\n|raw|RainbowSword11's rating: 1423 &rarr; <strong>1399<\/strong><br \/>(-24 for losing)\n|l|\u2606RainbowSword11\n","uploadtime":1659510992,"views":6,"p1id":"kikoobuster","p2id":"rainbowsword11","formatid":"gen8ou","rating":1378,"private":0,"password":null}