{"id":"gen8ubers-1098940416","p1":"Ropalme1914","p2":"willcoxw","format":"gen8ubers","log":"|j|\u2606Ropalme1914\n|j|\u2606willcoxw\n|player|p1|Ropalme1914|blackbelt|1676\n|player|p2|willcoxw|clair|1570\n|teamsize|p1|6\n|teamsize|p2|6\n|gametype|singles\n|gen|8\n|tier|[Gen 8] Ubers\n|rated|\n|clearpoke\n|poke|p1|Grimmsnarl, M|\n|poke|p1|Excadrill, M|\n|poke|p1|Necrozma-Dusk-Mane|\n|poke|p1|Lunala|\n|poke|p1|Gyarados, M|\n|poke|p1|Ditto|\n|poke|p2|Ferrothorn, M|\n|poke|p2|Eternatus|\n|poke|p2|Lunala|\n|poke|p2|Kommo-o, M|\n|poke|p2|Necrozma-Dusk-Mane|\n|poke|p2|Zacian-Crowned|\n|rule|Sleep Clause Mod: Limit one foe put to sleep\n|rule|Species Clause: Limit one of each Pok\u00e9mon\n|rule|OHKO Clause: OHKO moves are banned\n|rule|Evasion Moves Clause: Evasion moves are banned\n|rule|Endless Battle Clause: Forcing endless battles is banned\n|rule|HP Percentage Mod: HP is shown in percentages\n|html|Ubers Dynamax Clause: Pok\u00e9mon on the <a href=\"https:\/\/www.smogon.com\/dex\/ss\/formats\/uber\/\">Ubers Dynamax Banlist<\/a> cannot Dynamax.\n|teampreview\n|\n|start\n|switch|p1a: Excadrill|Excadrill, M|100\/100\n|switch|p2a: Ferrothorn|Ferrothorn, M|100\/100\n|-ability|p1a: Excadrill|Mold Breaker\n|turn|1\n|\n|move|p1a: Excadrill|Stealth Rock|p2a: Ferrothorn\n|-sidestart|p2: willcoxw|move: Stealth Rock\n|move|p2a: Ferrothorn|Stealth Rock|p1a: Excadrill\n|-sidestart|p1: Ropalme1914|move: Stealth Rock\n|\n|upkeep\n|turn|2\n|\n|move|p1a: Excadrill|Earthquake|p2a: Ferrothorn\n|-damage|p2a: Ferrothorn|68\/100\n|move|p2a: Ferrothorn|Leech Seed|p1a: Excadrill\n|-start|p1a: Excadrill|move: Leech Seed\n|\n|-heal|p2a: Ferrothorn|74\/100|[from] item: Leftovers\n|-damage|p1a: Excadrill|88\/100|[from] Leech Seed|[of] p2a: Ferrothorn\n|-heal|p2a: Ferrothorn|87\/100|[silent]\n|upkeep\n|turn|3\n|\n|move|p1a: Excadrill|Rapid Spin|p2a: Ferrothorn\n|-resisted|p2a: Ferrothorn\n|-damage|p2a: Ferrothorn|81\/100\n|-boost|p1a: Excadrill|spe|1\n|-damage|p1a: Excadrill|76\/100|[from] ability: Iron Barbs|[of] p2a: Ferrothorn\n|-end|p1a: Excadrill|Leech Seed|[from] move: Rapid Spin|[of] p1a: Excadrill\n|-sideend|p1: Ropalme1914|Stealth Rock|[from] move: Rapid Spin|[of] p1a: Excadrill\n|move|p2a: Ferrothorn|Spikes|p1a: Excadrill\n|-sidestart|p1: Ropalme1914|Spikes\n|\n|-heal|p2a: Ferrothorn|88\/100|[from] item: Leftovers\n|upkeep\n|turn|4\n|\n|move|p1a: Excadrill|Earthquake|p2a: Ferrothorn\n|-damage|p2a: Ferrothorn|54\/100\n|move|p2a: Ferrothorn|Stealth Rock|p1a: Excadrill\n|-sidestart|p1: Ropalme1914|move: Stealth Rock\n|\n|-heal|p2a: Ferrothorn|60\/100|[from] item: Leftovers\n|upkeep\n|turn|5\n|\n|move|p1a: Excadrill|Earthquake|p2a: Ferrothorn\n|-damage|p2a: Ferrothorn|27\/100\n|move|p2a: Ferrothorn|Leech Seed|p1a: Excadrill\n|-start|p1a: Excadrill|move: Leech Seed\n|\n|-heal|p2a: Ferrothorn|33\/100|[from] item: Leftovers\n|-damage|p1a: Excadrill|63\/100|[from] Leech Seed|[of] p2a: Ferrothorn\n|-heal|p2a: Ferrothorn|46\/100|[silent]\n|upkeep\n|turn|6\n|\n|switch|p2a: Lunala|Lunala|100\/100\n|move|p1a: Excadrill|Rapid Spin|p2a: Lunala\n|-immune|p2a: Lunala\n|\n|-damage|p1a: Excadrill|51\/100|[from] Leech Seed|[of] p2a: Lunala\n|upkeep\n|turn|7\n|\n|switch|p1a: Grimmsnarl|Grimmsnarl, M|100\/100\n|-damage|p1a: Grimmsnarl|88\/100|[from] Spikes\n|-damage|p1a: Grimmsnarl|76\/100|[from] Stealth Rock\n|move|p2a: Lunala|Moongeist Beam|p1a: Grimmsnarl\n|-resisted|p1a: Grimmsnarl\n|-damage|p1a: Grimmsnarl|42\/100\n|\n|upkeep\n|turn|8\n|\n|switch|p2a: Ferrothorn|Ferrothorn, M|46\/100\n|-damage|p2a: Ferrothorn|40\/100|[from] Stealth Rock\n|move|p1a: Grimmsnarl|Light Screen|p1a: Grimmsnarl\n|-sidestart|p1: Ropalme1914|move: Light Screen\n|\n|-heal|p2a: Ferrothorn|46\/100|[from] item: Leftovers\n|upkeep\n|turn|9\n|\n|move|p1a: Grimmsnarl|Taunt|p2a: Ferrothorn\n|-start|p2a: Ferrothorn|move: Taunt\n|move|p2a: Ferrothorn|Knock Off|p1a: Grimmsnarl\n|-resisted|p1a: Grimmsnarl\n|-damage|p1a: Grimmsnarl|34\/100\n|-enditem|p1a: Grimmsnarl|Light Clay|[from] move: Knock Off|[of] p2a: Ferrothorn\n|\n|-heal|p2a: Ferrothorn|52\/100|[from] item: Leftovers\n|upkeep\n|turn|10\n|j| nagisa6666\n|\n|move|p1a: Grimmsnarl|Reflect|p1a: Grimmsnarl\n|-sidestart|p1: Ropalme1914|Reflect\n|move|p2a: Ferrothorn|Knock Off|p1a: Grimmsnarl\n|-resisted|p1a: Grimmsnarl\n|-damage|p1a: Grimmsnarl|32\/100\n|\n|-heal|p2a: Ferrothorn|58\/100|[from] item: Leftovers\n|upkeep\n|turn|11\n|\n|switch|p1a: Excadrill|Excadrill, M|51\/100\n|-damage|p1a: Excadrill|38\/100|[from] Spikes\n|-damage|p1a: Excadrill|35\/100|[from] Stealth Rock\n|-ability|p1a: Excadrill|Mold Breaker\n|move|p2a: Ferrothorn|Knock Off|p1a: Excadrill\n|-damage|p1a: Excadrill|20\/100\n|-enditem|p1a: Excadrill|Focus Sash|[from] move: Knock Off|[of] p2a: Ferrothorn\n|\n|-heal|p2a: Ferrothorn|65\/100|[from] item: Leftovers\n|-end|p2a: Ferrothorn|move: Taunt\n|upkeep\n|turn|12\n|\n|move|p1a: Excadrill|Rapid Spin|p2a: Ferrothorn\n|-resisted|p2a: Ferrothorn\n|-damage|p2a: Ferrothorn|59\/100\n|-boost|p1a: Excadrill|spe|1\n|-damage|p1a: Excadrill|8\/100|[from] ability: Iron Barbs|[of] p2a: Ferrothorn\n|-sideend|p1: Ropalme1914|Spikes|[from] move: Rapid Spin|[of] p1a: Excadrill\n|-sideend|p1: Ropalme1914|Stealth Rock|[from] move: Rapid Spin|[of] p1a: Excadrill\n|move|p2a: Ferrothorn|Leech Seed|p1a: Excadrill\n|-start|p1a: Excadrill|move: Leech Seed\n|\n|-heal|p2a: Ferrothorn|65\/100|[from] item: Leftovers\n|-damage|p1a: Excadrill|0 fnt|[from] Leech Seed|[of] p2a: Ferrothorn\n|-heal|p2a: Ferrothorn|73\/100|[silent]\n|faint|p1a: Excadrill\n|upkeep\n|\n|switch|p1a: Gyarados|Gyarados, M|100\/100\n|turn|13\n|\n|move|p1a: Gyarados|Substitute|p1a: Gyarados\n|-start|p1a: Gyarados|Substitute\n|-damage|p1a: Gyarados|75\/100\n|move|p2a: Ferrothorn|Knock Off|p1a: Gyarados\n|-activate|p1a: Gyarados|move: Substitute|[damage]\n|\n|-heal|p2a: Ferrothorn|79\/100|[from] item: Leftovers\n|upkeep\n|turn|14\n|j| Askelli\n|\n|move|p1a: Gyarados|Dragon Dance|p1a: Gyarados\n|-boost|p1a: Gyarados|atk|1\n|-boost|p1a: Gyarados|spe|1\n|move|p2a: Ferrothorn|Stealth Rock|p1a: Gyarados\n|-sidestart|p1: Ropalme1914|move: Stealth Rock\n|\n|-heal|p2a: Ferrothorn|85\/100|[from] item: Leftovers\n|-sideend|p1: Ropalme1914|Reflect\n|upkeep\n|turn|15\n|\n|move|p1a: Gyarados|Dragon Dance|p1a: Gyarados\n|-boost|p1a: Gyarados|atk|1\n|-boost|p1a: Gyarados|spe|1\n|move|p2a: Ferrothorn|Knock Off|p1a: Gyarados\n|-crit|p1a: Gyarados\n|-end|p1a: Gyarados|Substitute\n|\n|-heal|p2a: Ferrothorn|91\/100|[from] item: Leftovers\n|-sideend|p1: Ropalme1914|move: Light Screen\n|upkeep\n|turn|16\n|\n|move|p1a: Gyarados|Substitute|p1a: Gyarados\n|-start|p1a: Gyarados|Substitute\n|-damage|p1a: Gyarados|50\/100\n|move|p2a: Ferrothorn|Knock Off|p1a: Gyarados\n|-activate|p1a: Gyarados|move: Substitute|[damage]\n|\n|-heal|p2a: Ferrothorn|98\/100|[from] item: Leftovers\n|upkeep\n|turn|17\n|\n|move|p1a: Gyarados|Dragon Dance|p1a: Gyarados\n|-boost|p1a: Gyarados|atk|1\n|-boost|p1a: Gyarados|spe|1\n|move|p2a: Ferrothorn|Knock Off|p1a: Gyarados\n|-end|p1a: Gyarados|Substitute\n|\n|-heal|p2a: Ferrothorn|100\/100|[from] item: Leftovers\n|upkeep\n|turn|18\n|\n|-start|p1a: Gyarados|Dynamax\n|-heal|p1a: Gyarados|50\/100|[silent]\n|-start|p2a: Ferrothorn|Dynamax\n|-heal|p2a: Ferrothorn|100\/100|[silent]\n|move|p1a: Gyarados|Max Airstream|p2a: Ferrothorn\n|-damage|p2a: Ferrothorn|53\/100\n|-boost|p1a: Gyarados|spe|1\n|move|p2a: Ferrothorn|Max Darkness|p1a: Gyarados\n|-damage|p1a: Gyarados|33\/100\n|-unboost|p1a: Gyarados|spd|1\n|\n|-heal|p2a: Ferrothorn|57\/100|[from] item: Leftovers\n|upkeep\n|turn|19\n|j| Marven Stormlight\n|\n|move|p2a: Ferrothorn|Max Guard|p2a: Ferrothorn\n|-singleturn|p2a: Ferrothorn|Max Guard\n|move|p1a: Gyarados|Max Geyser|p2a: Ferrothorn\n|-activate|p2a: Ferrothorn|move: Max Guard\n|\n|-heal|p2a: Ferrothorn|60\/100|[from] item: Leftovers\n|upkeep\n|turn|20\n|\n|move|p1a: Gyarados|Max Geyser|p2a: Ferrothorn\n|-resisted|p2a: Ferrothorn\n|-damage|p2a: Ferrothorn|36\/100\n|-weather|RainDance\n|move|p2a: Ferrothorn|Max Darkness|p1a: Gyarados\n|-damage|p1a: Gyarados|16\/100\n|-unboost|p1a: Gyarados|spd|1\n|\n|-weather|RainDance|[upkeep]\n|-heal|p2a: Ferrothorn|39\/100|[from] item: Leftovers\n|-end|p1a: Gyarados|Dynamax\n|-heal|p1a: Gyarados|16\/100|[silent]\n|-end|p2a: Ferrothorn|Dynamax\n|-heal|p2a: Ferrothorn|39\/100|[silent]\n|upkeep\n|turn|21\n|j| chichocruz\n|\n|move|p1a: Gyarados|Bounce||[still]\n|-prepare|p1a: Gyarados|Bounce|p2a: Ferrothorn\n|move|p2a: Ferrothorn|Knock Off|p1a: Gyarados|[miss]\n|-miss|p2a: Ferrothorn|p1a: Gyarados\n|\n|-weather|RainDance|[upkeep]\n|-heal|p2a: Ferrothorn|45\/100|[from] item: Leftovers\n|upkeep\n|turn|22\n|\n|move|p1a: Gyarados|Bounce|p2a: Ferrothorn|[from]lockedmove\n|-damage|p2a: Ferrothorn|0 fnt\n|-damage|p1a: Gyarados|4\/100|[from] ability: Iron Barbs|[of] p2a: Ferrothorn\n|faint|p2a: Ferrothorn\n|-ability|p1a: Gyarados|Moxie|boost\n|-boost|p1a: Gyarados|atk|1\n|\n|-weather|RainDance|[upkeep]\n|upkeep\n|\n|switch|p2a: Lunala|Lunala|100\/100\n|turn|23\n|\n|move|p1a: Gyarados|Waterfall|p2a: Lunala\n|-damage|p2a: Lunala|12\/100\n|move|p2a: Lunala|Moongeist Beam|p1a: Gyarados\n|-damage|p1a: Gyarados|0 fnt\n|faint|p1a: Gyarados\n|\n|-weather|RainDance|[upkeep]\n|upkeep\n|\n|switch|p1a: Grimmsnarl|Grimmsnarl, M|32\/100\n|-damage|p1a: Grimmsnarl|19\/100|[from] Stealth Rock\n|turn|24\n|\n|move|p1a: Grimmsnarl|Light Screen|p1a: Grimmsnarl\n|-sidestart|p1: Ropalme1914|move: Light Screen\n|move|p2a: Lunala|Thunder Wave|p1a: Grimmsnarl\n|-status|p1a: Grimmsnarl|par\n|\n|-weather|none\n|upkeep\n|turn|25\n|\n|move|p1a: Grimmsnarl|Taunt|p2a: Lunala\n|-start|p2a: Lunala|move: Taunt\n|move|p2a: Lunala|Hex|p1a: Grimmsnarl\n|-resisted|p1a: Grimmsnarl\n|-damage|p1a: Grimmsnarl|0 fnt\n|faint|p1a: Grimmsnarl\n|\n|upkeep\n|\n|switch|p1a: Lunala|Lunala|100\/100\n|turn|26\n|\n|move|p1a: Lunala|Moongeist Beam|p2a: Lunala\n|-supereffective|p2a: Lunala\n|-damage|p2a: Lunala|0 fnt\n|faint|p2a: Lunala\n|\n|upkeep\n|\n|switch|p2a: Eternatus|Eternatus|100\/100\n|-damage|p2a: Eternatus|88\/100|[from] Stealth Rock\n|-ability|p2a: Eternatus|Pressure\n|turn|27\n|\n|move|p2a: Eternatus|Substitute|p2a: Eternatus\n|-start|p2a: Eternatus|Substitute\n|-damage|p2a: Eternatus|63\/100\n|move|p1a: Lunala|Calm Mind|p1a: Lunala\n|-boost|p1a: Lunala|spa|1\n|-boost|p1a: Lunala|spd|1\n|\n|upkeep\n|turn|28\n|\n|move|p2a: Eternatus|Recover|p2a: Eternatus\n|-heal|p2a: Eternatus|100\/100\n|move|p1a: Lunala|Moonblast|p2a: Eternatus\n|-end|p2a: Eternatus|Substitute\n|\n|-sideend|p1: Ropalme1914|move: Light Screen\n|upkeep\n|turn|29\n|\n|move|p2a: Eternatus|Dynamax Cannon|p1a: Lunala\n|-damage|p1a: Lunala|80\/100\n|-damage|p2a: Eternatus|91\/100|[from] item: Life Orb\n|move|p1a: Lunala|Moongeist Beam|p2a: Eternatus\n|-damage|p2a: Eternatus|18\/100\n|\n|upkeep\n|turn|30\n|\n|move|p2a: Eternatus|Dynamax Cannon|p1a: Lunala\n|-damage|p1a: Lunala|44\/100\n|-damage|p2a: Eternatus|8\/100|[from] item: Life Orb\n|move|p1a: Lunala|Moonblast|p2a: Eternatus\n|-damage|p2a: Eternatus|0 fnt\n|faint|p2a: Eternatus\n|\n|upkeep\n|\n|switch|p2a: Zacian|Zacian-Crowned|100\/100\n|-damage|p2a: Zacian|94\/100|[from] Stealth Rock\n|-ability|p2a: Zacian|Intrepid Sword|boost\n|-boost|p2a: Zacian|atk|1\n|turn|31\n|\n|switch|p1a: Necrozma|Necrozma-Dusk-Mane|100\/100\n|-damage|p1a: Necrozma|94\/100|[from] Stealth Rock\n|move|p2a: Zacian|Behemoth Blade|p1a: Necrozma\n|-resisted|p1a: Necrozma\n|-damage|p1a: Necrozma|67\/100\n|\n|upkeep\n|turn|32\n|\n|move|p2a: Zacian|Close Combat|p1a: Necrozma\n|-damage|p1a: Necrozma|24\/100\n|-unboost|p2a: Zacian|def|1\n|-unboost|p2a: Zacian|spd|1\n|move|p1a: Necrozma|Morning Sun|p1a: Necrozma\n|-heal|p1a: Necrozma|74\/100\n|\n|upkeep\n|turn|33\n|\n|switch|p2a: Necrozma|Necrozma-Dusk-Mane|100\/100\n|-damage|p2a: Necrozma|94\/100|[from] Stealth Rock\n|move|p1a: Necrozma|Morning Sun|p1a: Necrozma\n|-heal|p1a: Necrozma|100\/100\n|\n|-heal|p2a: Necrozma|100\/100|[from] item: Leftovers\n|upkeep\n|turn|34\n|\n|move|p1a: Necrozma|Dragon Dance|p1a: Necrozma\n|-boost|p1a: Necrozma|atk|1\n|-boost|p1a: Necrozma|spe|1\n|move|p2a: Necrozma|Thunder Wave|p1a: Necrozma\n|-status|p1a: Necrozma|par\n|\n|upkeep\n|turn|35\n|\n|switch|p2a: Zacian|Zacian-Crowned|94\/100\n|-damage|p2a: Zacian|88\/100|[from] Stealth Rock\n|-ability|p2a: Zacian|Intrepid Sword|boost\n|-boost|p2a: Zacian|atk|1\n|move|p1a: Necrozma|Dragon Dance|p1a: Necrozma\n|-boost|p1a: Necrozma|atk|1\n|-boost|p1a: Necrozma|spe|1\n|\n|upkeep\n|turn|36\n|\n|move|p2a: Zacian|Close Combat|p1a: Necrozma\n|-damage|p1a: Necrozma|60\/100 par\n|-unboost|p2a: Zacian|def|1\n|-unboost|p2a: Zacian|spd|1\n|cant|p1a: Necrozma|par\n|\n|upkeep\n|turn|37\n|\n|move|p2a: Zacian|Imprison|p2a: Zacian\n|-start|p2a: Zacian|move: Imprison\n|move|p1a: Necrozma|Sunsteel Strike|p2a: Zacian\n|-damage|p2a: Zacian|0 fnt\n|faint|p2a: Zacian\n|\n|upkeep\n|\n|switch|p2a: Kommo-o|Kommo-o, M|100\/100\n|-damage|p2a: Kommo-o|94\/100|[from] Stealth Rock\n|turn|38\n|\n|move|p2a: Kommo-o|Flamethrower|p1a: Necrozma\n|-supereffective|p1a: Necrozma\n|-damage|p1a: Necrozma|28\/100 par\n|-enditem|p1a: Necrozma|Weakness Policy\n|-boost|p1a: Necrozma|atk|2|[from] item: Weakness Policy\n|-boost|p1a: Necrozma|spa|2|[from] item: Weakness Policy\n|move|p1a: Necrozma|Sunsteel Strike|p2a: Kommo-o\n|-damage|p2a: Kommo-o|0 fnt\n|faint|p2a: Kommo-o\n|\n|upkeep\n|\n|switch|p2a: Necrozma|Necrozma-Dusk-Mane|100\/100\n|-damage|p2a: Necrozma|94\/100|[from] Stealth Rock\n|turn|39\n|\n|move|p1a: Necrozma|Morning Sun|p1a: Necrozma\n|-heal|p1a: Necrozma|78\/100 par\n|move|p2a: Necrozma|Knock Off|p1a: Necrozma\n|-supereffective|p1a: Necrozma\n|-damage|p1a: Necrozma|60\/100 par\n|\n|-heal|p2a: Necrozma|100\/100|[from] item: Leftovers\n|upkeep\n|turn|40\n|\n|cant|p1a: Necrozma|par\n|move|p2a: Necrozma|Knock Off|p1a: Necrozma\n|-supereffective|p1a: Necrozma\n|-damage|p1a: Necrozma|43\/100 par\n|\n|upkeep\n|turn|41\n|\n|move|p1a: Necrozma|Knock Off|p2a: Necrozma\n|-supereffective|p2a: Necrozma\n|-damage|p2a: Necrozma|28\/100\n|-enditem|p2a: Necrozma|Leftovers|[from] move: Knock Off|[of] p1a: Necrozma\n|move|p2a: Necrozma|Knock Off|p1a: Necrozma\n|-supereffective|p1a: Necrozma\n|-damage|p1a: Necrozma|26\/100 par\n|\n|upkeep\n|turn|42\n|-message|willcoxw forfeited.\n|\n|win|Ropalme1914\n|l|\u2606willcoxw\n|l| Askelli\n|raw|Ropalme1914's rating: 1676 &rarr; <strong>1689<\/strong><br \/>(+13 for winning)\n|raw|willcoxw's rating: 1545 &rarr; <strong>1533<\/strong><br \/>(-12 for losing)\n","uploadtime":1587225923,"views":31,"p1id":"ropalme1914","p2id":"willcoxw","formatid":"gen8ubers","rating":1533,"private":0,"password":null}