{"id":"gen8randombattle-1706969554","p1":"Kumango","p2":"Aksoei","format":"gen8randombattle","log":"|j|\u2606Kumango\n|j|\u2606Aksoei\n|t:|1668037442\n|gametype|singles\n|player|p1|Kumango|bugcatcher-gen4dp|1433\n|player|p2|Aksoei|1|1441\n|teamsize|p1|6\n|teamsize|p2|6\n|gen|8\n|tier|[Gen 8] Random Battle\n|rated|\n|rule|Species Clause: Limit one of each Pok\u00e9mon\n|rule|HP Percentage Mod: HP is shown in percentages\n|rule|Sleep Clause Mod: Limit one foe put to sleep\n|\n|t:|1668037442\n|start\n|switch|p1a: Zapdos|Zapdos, L78|268\/268\n|switch|p2a: Heliolisk|Heliolisk, L82, M|236\/236\n|turn|1\n|\n|t:|1668037470\n|move|p2a: Heliolisk|Glare|p1a: Zapdos\n|-immune|p1a: Zapdos\n|move|p1a: Zapdos|Heat Wave|p2a: Heliolisk\n|-damage|p2a: Heliolisk|141\/236\n|\n|upkeep\n|turn|2\n|\n|t:|1668037479\n|move|p2a: Heliolisk|Hyper Voice|p1a: Zapdos\n|-damage|p1a: Zapdos|160\/268\n|move|p1a: Zapdos|Heat Wave|p2a: Heliolisk\n|-damage|p2a: Heliolisk|48\/236\n|\n|upkeep\n|turn|3\n|\n|t:|1668037489\n|move|p2a: Heliolisk|Hyper Voice|p1a: Zapdos\n|-damage|p1a: Zapdos|49\/268\n|move|p1a: Zapdos|Roost|p1a: Zapdos\n|-heal|p1a: Zapdos|183\/268\n|-singleturn|p1a: Zapdos|move: Roost\n|\n|upkeep\n|turn|4\n|\n|t:|1668037502\n|switch|p1a: Hitmontop|Hitmontop, L85, M|224\/224\n|move|p2a: Heliolisk|Hyper Voice|p1a: Hitmontop\n|-damage|p1a: Hitmontop|139\/224\n|\n|upkeep\n|turn|5\n|\n|t:|1668037528\n|move|p2a: Heliolisk|Thunderbolt|p1a: Hitmontop\n|-damage|p1a: Hitmontop|60\/224\n|move|p1a: Hitmontop|Earthquake|p2a: Heliolisk\n|-supereffective|p2a: Heliolisk\n|-damage|p2a: Heliolisk|0 fnt\n|faint|p2a: Heliolisk\n|-damage|p1a: Hitmontop|38\/224|[from] item: Life Orb\n|\n|upkeep\n|\n|t:|1668037543\n|switch|p2a: Politoed|Politoed, L86, F|295\/295\n|-weather|RainDance|[from] ability: Drizzle|[of] p2a: Politoed\n|turn|6\n|\n|t:|1668037554\n|move|p2a: Politoed|Ice Beam|p1a: Hitmontop\n|-damage|p1a: Hitmontop|0 fnt\n|faint|p1a: Hitmontop\n|\n|-weather|RainDance|[upkeep]\n|upkeep\n|\n|t:|1668037563\n|switch|p1a: Eldegoss|Eldegoss, L90, M|254\/254\n|turn|7\n|\n|t:|1668037569\n|move|p2a: Politoed|Ice Beam|p1a: Eldegoss\n|-supereffective|p1a: Eldegoss\n|-damage|p1a: Eldegoss|160\/254\n|move|p1a: Eldegoss|Leech Seed|p2a: Politoed\n|-start|p2a: Politoed|move: Leech Seed\n|\n|-weather|RainDance|[upkeep]\n|-heal|p1a: Eldegoss|175\/254|[from] item: Leftovers\n|-damage|p2a: Politoed|259\/295|[from] Leech Seed|[of] p1a: Eldegoss\n|-heal|p1a: Eldegoss|211\/254|[silent]\n|upkeep\n|turn|8\n|\n|t:|1668037585\n|move|p2a: Politoed|Encore|p1a: Eldegoss\n|-start|p1a: Eldegoss|Encore\n|move|p1a: Eldegoss|Leech Seed||[still]\n|-fail|p1a: Eldegoss\n|\n|-weather|RainDance|[upkeep]\n|-heal|p1a: Eldegoss|226\/254|[from] item: Leftovers\n|-damage|p2a: Politoed|223\/295|[from] Leech Seed|[of] p1a: Eldegoss\n|-heal|p1a: Eldegoss|254\/254|[silent]\n|upkeep\n|turn|9\n|\n|t:|1668037603\n|switch|p2a: Venusaur|Venusaur, L82, F|265\/265\n|switch|p1a: Mesprit|Mesprit, L84|272\/272\n|\n|-weather|RainDance|[upkeep]\n|upkeep\n|turn|10\n|\n|t:|1668037621\n|switch|p2a: Guzzlord|Guzzlord, L84|512\/512\n|move|p1a: Mesprit|Stealth Rock|p2a: Guzzlord\n|-sidestart|p2: Aksoei|move: Stealth Rock\n|\n|-weather|none\n|upkeep\n|turn|11\n|\n|t:|1668037632\n|move|p1a: Mesprit|U-turn|p2a: Guzzlord\n|-supereffective|p2a: Guzzlord\n|-damage|p2a: Guzzlord|368\/512\n|\n|t:|1668037635\n|switch|p1a: Eldegoss|Eldegoss, L90, M|254\/254\n|move|p2a: Guzzlord|Knock Off|p1a: Eldegoss\n|-damage|p1a: Eldegoss|152\/254\n|-enditem|p1a: Eldegoss|Leftovers|[from] move: Knock Off|[of] p2a: Guzzlord\n|\n|upkeep\n|turn|12\n|\n|t:|1668037645\n|move|p1a: Eldegoss|Pollen Puff|p2a: Guzzlord\n|-supereffective|p2a: Guzzlord\n|-damage|p2a: Guzzlord|256\/512\n|move|p2a: Guzzlord|Sludge Bomb|p1a: Eldegoss\n|-supereffective|p1a: Eldegoss\n|-damage|p1a: Eldegoss|64\/254\n|\n|upkeep\n|turn|13\n|\n|t:|1668037654\n|move|p1a: Eldegoss|Leech Seed|p2a: Guzzlord\n|-start|p2a: Guzzlord|move: Leech Seed\n|move|p2a: Guzzlord|Sludge Bomb|p1a: Eldegoss\n|-supereffective|p1a: Eldegoss\n|-damage|p1a: Eldegoss|0 fnt\n|faint|p1a: Eldegoss\n|-ability|p2a: Guzzlord|Beast Boost|boost\n|-boost|p2a: Guzzlord|atk|1\n|\n|upkeep\n|\n|t:|1668037671\n|switch|p1a: Zapdos|Zapdos, L78|183\/268\n|turn|14\n|\n|t:|1668037678\n|move|p1a: Zapdos|Discharge|p2a: Guzzlord\n|-resisted|p2a: Guzzlord\n|-damage|p2a: Guzzlord|210\/512\n|-status|p2a: Guzzlord|par\n|move|p2a: Guzzlord|Knock Off|p1a: Zapdos\n|-damage|p1a: Zapdos|3\/268\n|-enditem|p1a: Zapdos|Heavy-Duty Boots|[from] move: Knock Off|[of] p2a: Guzzlord\n|\n|-damage|p2a: Guzzlord|146\/512 par|[from] Leech Seed|[of] p1a: Zapdos\n|-heal|p1a: Zapdos|67\/268|[silent]\n|upkeep\n|turn|15\n|\n|t:|1668037695\n|move|p1a: Zapdos|Roost|p1a: Zapdos\n|-heal|p1a: Zapdos|201\/268\n|-singleturn|p1a: Zapdos|move: Roost\n|cant|p2a: Guzzlord|par\n|\n|-damage|p2a: Guzzlord|82\/512 par|[from] Leech Seed|[of] p1a: Zapdos\n|-heal|p1a: Zapdos|265\/268|[silent]\n|upkeep\n|turn|16\n|\n|t:|1668037707\n|move|p1a: Zapdos|Discharge|p2a: Guzzlord\n|-resisted|p2a: Guzzlord\n|-damage|p2a: Guzzlord|39\/512 par\n|cant|p2a: Guzzlord|par\n|\n|-damage|p2a: Guzzlord|0 fnt|[from] Leech Seed|[of] p1a: Zapdos\n|-heal|p1a: Zapdos|268\/268|[silent]\n|faint|p2a: Guzzlord\n|upkeep\n|\n|t:|1668037723\n|switch|p2a: Umbreon|Umbreon, L82, F|290\/290\n|-damage|p2a: Umbreon|254\/290|[from] Stealth Rock\n|turn|17\n|\n|t:|1668037738\n|switch|p1a: Mesprit|Mesprit, L84|272\/272\n|move|p2a: Umbreon|Toxic|p1a: Mesprit\n|-status|p1a: Mesprit|tox\n|\n|-heal|p2a: Umbreon|272\/290|[from] item: Leftovers\n|-damage|p1a: Mesprit|255\/272 tox|[from] psn\n|upkeep\n|turn|18\n|inactive|Battle timer is ON: inactive players will automatically lose when time's up. (requested by Aksoei)\n|\n|t:|1668037752\n|move|p2a: Umbreon|Protect|p2a: Umbreon\n|-singleturn|p2a: Umbreon|Protect\n|move|p1a: Mesprit|U-turn|p2a: Umbreon\n|-activate|p2a: Umbreon|move: Protect\n|\n|-heal|p1a: Mesprit|272\/272 tox|[from] item: Leftovers\n|-heal|p2a: Umbreon|290\/290|[from] item: Leftovers\n|-damage|p1a: Mesprit|238\/272 tox|[from] psn\n|upkeep\n|turn|19\n|\n|t:|1668037774\n|move|p1a: Mesprit|U-turn|p2a: Umbreon\n|-supereffective|p2a: Umbreon\n|-damage|p2a: Umbreon|204\/290\n|\n|t:|1668037789\n|switch|p1a: Slurpuff|Slurpuff, L80, M|262\/262\n|move|p2a: Umbreon|Wish|p2a: Umbreon\n|\n|-heal|p2a: Umbreon|222\/290|[from] item: Leftovers\n|upkeep\n|turn|20\n|\n|t:|1668037801\n|switch|p2a: Politoed|Politoed, L86, F|223\/295\n|-damage|p2a: Politoed|187\/295|[from] Stealth Rock\n|-weather|RainDance|[from] ability: Drizzle|[of] p2a: Politoed\n|move|p1a: Slurpuff|Belly Drum|p1a: Slurpuff\n|-damage|p1a: Slurpuff|131\/262\n|-setboost|p1a: Slurpuff|atk|6|[from] move: Belly Drum\n|-enditem|p1a: Slurpuff|Sitrus Berry|[eat]\n|-heal|p1a: Slurpuff|196\/262|[from] item: Sitrus Berry\n|\n|-weather|RainDance|[upkeep]\n|-heal|p2a: Politoed|295\/295|[from] move: Wish|[wisher] Umbreon\n|upkeep\n|turn|21\n|inactive|Aksoei has 120 seconds left.\n|\n|t:|1668037831\n|-start|p1a: Slurpuff|Dynamax|\n|-heal|p1a: Slurpuff|392\/524|[silent]\n|-start|p2a: Politoed|Dynamax|\n|-heal|p2a: Politoed|590\/590|[silent]\n|move|p1a: Slurpuff|Max Starfall|p2a: Politoed\n|-damage|p2a: Politoed|91\/590\n|-fieldstart|move: Misty Terrain\n|move|p2a: Politoed|Max Geyser|p1a: Slurpuff\n|-damage|p1a: Slurpuff|167\/524\n|\n|-weather|RainDance|[upkeep]\n|upkeep\n|turn|22\n|inactive|Aksoei has 120 seconds left.\n|\n|t:|1668037844\n|move|p2a: Politoed|Max Guard|p2a: Politoed\n|-singleturn|p2a: Politoed|Max Guard\n|move|p1a: Slurpuff|Max Starfall|p2a: Politoed\n|-activate|p2a: Politoed|move: Max Guard\n|\n|-weather|RainDance|[upkeep]\n|upkeep\n|turn|23\n|\n|t:|1668037859\n|move|p1a: Slurpuff|Max Starfall|p2a: Politoed\n|-crit|p2a: Politoed\n|-damage|p2a: Politoed|0 fnt\n|faint|p2a: Politoed\n|\n|-weather|RainDance|[upkeep]\n|upkeep\n|\n|t:|1668037868\n|switch|p2a: Venusaur|Venusaur, L82, F|265\/265\n|-damage|p2a: Venusaur|232\/265|[from] Stealth Rock\n|-end|p1a: Slurpuff|Dynamax\n|-heal|p1a: Slurpuff|84\/262|[silent]\n|turn|24\n|\n|t:|1668037876\n|move|p1a: Slurpuff|Play Rough|p2a: Venusaur\n|-resisted|p2a: Venusaur\n|-damage|p2a: Venusaur|61\/265\n|move|p2a: Venusaur|Sludge Bomb|p1a: Slurpuff\n|-supereffective|p1a: Slurpuff\n|-damage|p1a: Slurpuff|0 fnt\n|faint|p1a: Slurpuff\n|\n|-weather|none\n|-heal|p2a: Venusaur|77\/265|[from] item: Black Sludge\n|upkeep\n|\n|t:|1668037886\n|switch|p1a: Lunatone|Lunatone, L86|295\/295\n|turn|25\n|\n|t:|1668037893\n|move|p2a: Venusaur|Giga Drain|p1a: Lunatone\n|-supereffective|p1a: Lunatone\n|-damage|p1a: Lunatone|59\/295\n|-heal|p2a: Venusaur|195\/265|[from] drain|[of] p1a: Lunatone\n|move|p1a: Lunatone|Nasty Plot|p1a: Lunatone\n|-boost|p1a: Lunatone|spa|2\n|\n|-heal|p2a: Venusaur|211\/265|[from] item: Black Sludge\n|-fieldend|Misty Terrain\n|upkeep\n|turn|26\n|\n|t:|1668037903\n|switch|p1a: Mesprit|Mesprit, L84|238\/272 tox\n|move|p2a: Venusaur|Giga Drain|p1a: Mesprit\n|-damage|p1a: Mesprit|177\/272 tox\n|-heal|p2a: Venusaur|242\/265|[from] drain|[of] p1a: Mesprit\n|\n|-heal|p1a: Mesprit|194\/272 tox|[from] item: Leftovers\n|-heal|p2a: Venusaur|258\/265|[from] item: Black Sludge\n|-damage|p1a: Mesprit|177\/272 tox|[from] psn\n|upkeep\n|turn|27\n|c|\u2606Kumango|gg\n|\n|t:|1668037918\n|move|p1a: Mesprit|Ice Beam|p2a: Venusaur\n|-supereffective|p2a: Venusaur\n|-damage|p2a: Venusaur|124\/265\n|-status|p2a: Venusaur|frz\n|cant|p2a: Venusaur|frz\n|\n|-heal|p1a: Mesprit|194\/272 tox|[from] item: Leftovers\n|-heal|p2a: Venusaur|140\/265 frz|[from] item: Black Sludge\n|-damage|p1a: Mesprit|160\/272 tox|[from] psn\n|upkeep\n|turn|28\n|\n|t:|1668037934\n|move|p1a: Mesprit|U-turn|p2a: Venusaur\n|-damage|p2a: Venusaur|80\/265 frz\n|\n|t:|1668037936\n|switch|p1a: Lunatone|Lunatone, L86|59\/295\n|cant|p2a: Venusaur|frz\n|\n|-heal|p2a: Venusaur|96\/265 frz|[from] item: Black Sludge\n|upkeep\n|turn|29\n|\n|t:|1668037952\n|switch|p2a: Electivire|Electivire, L82, M|257\/257\n|-damage|p2a: Electivire|225\/257|[from] Stealth Rock\n|move|p1a: Lunatone|Psychic|p2a: Electivire\n|-damage|p2a: Electivire|103\/257\n|-damage|p1a: Lunatone|30\/295|[from] item: Life Orb\n|\n|upkeep\n|turn|30\n|\n|t:|1668037970\n|move|p2a: Electivire|Ice Punch|p1a: Lunatone\n|-damage|p1a: Lunatone|0 fnt\n|faint|p1a: Lunatone\n|-damage|p2a: Electivire|78\/257|[from] item: Life Orb\n|\n|upkeep\n|\n|t:|1668037981\n|switch|p1a: Zapdos|Zapdos, L78|268\/268\n|turn|31\n|\n|t:|1668037988\n|move|p2a: Electivire|Ice Punch|p1a: Zapdos\n|-supereffective|p1a: Zapdos\n|-damage|p1a: Zapdos|102\/268\n|-damage|p2a: Electivire|53\/257|[from] item: Life Orb\n|move|p1a: Zapdos|Heat Wave|p2a: Electivire\n|-damage|p2a: Electivire|0 fnt\n|faint|p2a: Electivire\n|\n|upkeep\n|\n|t:|1668037997\n|switch|p2a: Umbreon|Umbreon, L82, F|222\/290\n|-damage|p2a: Umbreon|186\/290|[from] Stealth Rock\n|turn|32\n|\n|t:|1668038011\n|move|p1a: Zapdos|Discharge|p2a: Umbreon\n|-damage|p2a: Umbreon|116\/290\n|move|p2a: Umbreon|Foul Play|p1a: Zapdos\n|-damage|p1a: Zapdos|30\/268\n|\n|-heal|p2a: Umbreon|134\/290|[from] item: Leftovers\n|upkeep\n|turn|33\n|\n|t:|1668038029\n|move|p1a: Zapdos|Hurricane|p2a: Umbreon\n|-damage|p2a: Umbreon|31\/290\n|move|p2a: Umbreon|Foul Play|p1a: Zapdos\n|-damage|p1a: Zapdos|0 fnt\n|-status|p2a: Umbreon|par|[from] ability: Static|[of] p1a: Zapdos\n|-activate|p2a: Umbreon|ability: Synchronize\n|faint|p1a: Zapdos\n|\n|-heal|p2a: Umbreon|49\/290 par|[from] item: Leftovers\n|upkeep\n|\n|t:|1668038048\n|switch|p1a: Mesprit|Mesprit, L84|160\/272 tox\n|turn|34\n|\n|t:|1668038053\n|cant|p2a: Umbreon|par\n|move|p1a: Mesprit|U-turn|p2a: Umbreon\n|-supereffective|p2a: Umbreon\n|-damage|p2a: Umbreon|0 fnt\n|faint|p2a: Umbreon\n|\n|-heal|p1a: Mesprit|177\/272 tox|[from] item: Leftovers\n|-damage|p1a: Mesprit|160\/272 tox|[from] psn\n|upkeep\n|\n|t:|1668038062\n|switch|p2a: Venusaur|Venusaur, L82, F|96\/265 frz\n|-damage|p2a: Venusaur|63\/265 frz|[from] Stealth Rock\n|turn|35\n|\n|t:|1668038069\n|move|p1a: Mesprit|Psychic|p2a: Venusaur\n|-supereffective|p2a: Venusaur\n|-damage|p2a: Venusaur|0 fnt\n|faint|p2a: Venusaur\n|\n|win|Kumango\n|raw|Kumango's rating: 1433 &rarr; <strong>1453<\/strong><br \/>(+20 for winning)\n|raw|Aksoei's rating: 1441 &rarr; <strong>1421<\/strong><br \/>(-20 for losing)\n|l|\u2606Aksoei\n","inputlog":">version 453a3ad56483cc6a5c08448f6577d394b68621b7\n>start {\"formatid\":\"gen8randombattle\",\"seed\":[10517,16837,47580,15758],\"rated\":\"Rated battle\"}\n>player p1 {\"name\":\"Kumango\",\"avatar\":\"bugcatcher-gen4dp\",\"rating\":1433,\"seed\":[14380,3088,40093,26279]}\n>player p2 {\"name\":\"Aksoei\",\"avatar\":\"1\",\"rating\":1441,\"seed\":[62618,24360,13057,63294]}\n>p1 move heatwave\n>p2 move glare\n>p1 move heatwave\n>p2 move hypervoice\n>p1 move roost\n>p2 move hypervoice\n>p1 switch 4\n>p2 move hypervoice\n>p1 move earthquake\n>p2 move thunderbolt\n>p2 switch 5\n>p1 move toxic\n>p2 move icebeam\n>p1 switch 2\n>p1 move leechseed\n>p2 move icebeam\n>p1 move energyball\n>p2 move encore\n>p1 switch 5\n>p2 switch 4\n>p1 move stealthrock\n>p2 switch 6\n>p1 move uturn\n>p2 move knockoff\n>p1 switch 5\n>p1 move pollenpuff\n>p2 move sludgebomb\n>p1 move leechseed\n>p2 move sludgebomb\n>p1 switch 4\n>p1 move discharge\n>p2 move knockoff\n>p1 move roost\n>p2 move knockoff\n>p1 move discharge\n>p2 move dracometeor\n>p2 switch 3\n>p1 switch 5\n>p2 move toxic\n>p1 move uturn\n>p2 move protect\n>p1 move uturn\n>p2 move wish\n>p1 switch 6\n>p1 move bellydrum\n>p2 switch 4\n>p1 move playrough dynamax\n>p2 move scald dynamax\n>p1 move playrough dynamax\n>p2 move rest dynamax\n>p1 move playrough dynamax\n>p2 move scald dynamax\n>p2 switch 6\n>p1 move playrough\n>p2 move sludgebomb\n>p1 switch 3\n>p1 move nastyplot\n>p2 move gigadrain\n>p1 switch 6\n>p2 move gigadrain\n>chat \u2606Kumango|gg\n>p1 move icebeam\n>p2 move leechseed\n>p1 move uturn\n>p2 move leechseed\n>p1 switch 6\n>p1 move psychic\n>p2 switch 2\n>p1 move earthpower\n>p2 move icepunch\n>p1 switch 5\n>p1 move heatwave\n>p2 move icepunch\n>p2 switch 4\n>p1 move discharge\n>p2 move foulplay\n>p1 move hurricane\n>p2 move foulplay\n>p1 switch 6\n>p1 move uturn\n>p2 move protect\n>p2 switch 2\n>p1 move psychic\n>p2 move gigadrain","uploadtime":1668038084,"views":6,"p1id":"kumango","p2id":"aksoei","formatid":"gen8randombattle","rating":1421,"private":0,"password":null}