{"id":"gen8nationaldex-1569800359","p1":"cump3","p2":"nnnbit7","format":"gen8nationaldex","log":"|j|\u2606cump3\n|j|\u2606nnnbit7\n|t:|1651946511\n|gametype|singles\n|player|p1|cump3|gentleman-gen4|1623\n|player|p2|nnnbit7|n|1633\n|teamsize|p1|6\n|teamsize|p2|6\n|gen|8\n|tier|[Gen 8] National Dex\n|rated|\n|rule|HP Percentage Mod: HP is shown in percentages\n|rule|Endless Battle Clause: Forcing endless battles is banned\n|rule|OHKO Clause: OHKO moves are banned\n|rule|Evasion Moves Clause: Evasion moves are banned\n|rule|Species Clause: Limit one of each Pok\u00e9mon\n|rule|Dynamax Clause: You cannot dynamax\n|rule|Sleep Clause Mod: Limit one foe put to sleep\n|clearpoke\n|poke|p1|Sableye, M|\n|poke|p1|Chansey, F|\n|poke|p1|Toxapex, M|\n|poke|p1|Quagsire, M|\n|poke|p1|Corviknight, F|\n|poke|p1|Clefable, F|\n|poke|p2|Weavile, F|\n|poke|p2|Toxapex, M|\n|poke|p2|Heatran, F|\n|poke|p2|Gliscor, M|\n|poke|p2|Zapdos|\n|poke|p2|Lopunny, M|\n|teampreview\n|\n|t:|1651946516\n|start\n|switch|p1a: Sableye|Sableye, M|100\/100\n|switch|p2a: Lopunny|Lopunny, M|100\/100\n|turn|1\n|\n|t:|1651946521\n|detailschange|p2a: Lopunny|Lopunny-Mega, M\n|-mega|p2a: Lopunny|Lopunny|Lopunnite\n|detailschange|p1a: Sableye|Sableye-Mega, M\n|-mega|p1a: Sableye|Sableye|Sablenite\n|move|p1a: Sableye|Protect|p1a: Sableye\n|-singleturn|p1a: Sableye|Protect\n|move|p2a: Lopunny|Fake Out|p1a: Sableye\n|-activate|p1a: Sableye|move: Protect\n|\n|upkeep\n|turn|2\n|\n|t:|1651946525\n|switch|p1a: Toxapex|Toxapex, M, shiny|100\/100\n|move|p2a: Lopunny|U-turn|p1a: Toxapex\n|-resisted|p1a: Toxapex\n|-damage|p1a: Toxapex|92\/100\n|-damage|p2a: Lopunny|84\/100|[from] item: Rocky Helmet|[of] p1a: Toxapex\n|\n|t:|1651946532\n|switch|p2a: Heatran|Heatran, F|100\/100|[from]move: U-turn\n|\n|upkeep\n|turn|3\n|\n|t:|1651946537\n|switch|p1a: Sableye|Sableye-Mega, M|100\/100\n|move|p2a: Heatran|Magma Storm|p1a: Sableye\n|-damage|p1a: Sableye|65\/100\n|-activate|p1a: Sableye|move: Magma Storm|[of] p2a: Heatran\n|\n|-damage|p1a: Sableye|53\/100|[from] move: Magma Storm|[partiallytrapped]\n|upkeep\n|turn|4\n|\n|t:|1651946542\n|move|p2a: Heatran|Earth Power|p1a: Sableye\n|-damage|p1a: Sableye|33\/100\n|move|p1a: Sableye|Recover|p1a: Sableye\n|-heal|p1a: Sableye|83\/100\n|\n|-damage|p1a: Sableye|71\/100|[from] move: Magma Storm|[partiallytrapped]\n|upkeep\n|turn|5\n|\n|t:|1651946550\n|switch|p2a: Zapdos|Zapdos|100\/100\n|move|p1a: Sableye|Recover|p1a: Sableye\n|-heal|p1a: Sableye|100\/100\n|\n|-end|p1a: Sableye|Magma Storm|[partiallytrapped]|[silent]\n|upkeep\n|turn|6\n|\n|t:|1651946554\n|move|p2a: Zapdos|Volt Switch|p1a: Sableye\n|-damage|p1a: Sableye|70\/100\n|\n|t:|1651946557\n|switch|p2a: Toxapex|Toxapex, M|100\/100|[from]move: Volt Switch\n|move|p1a: Sableye|Knock Off|p2a: Toxapex\n|-damage|p2a: Toxapex|81\/100\n|-enditem|p2a: Toxapex|Black Sludge|[from] move: Knock Off|[of] p1a: Sableye\n|\n|upkeep\n|turn|7\n|\n|t:|1651946561\n|move|p2a: Toxapex|Knock Off|p1a: Sableye\n|-damage|p1a: Sableye|62\/100\n|move|p1a: Sableye|Will-O-Wisp|p2a: Toxapex\n|-status|p2a: Toxapex|brn\n|\n|-damage|p2a: Toxapex|75\/100 brn|[from] brn\n|upkeep\n|turn|8\n|\n|t:|1651946568\n|move|p2a: Toxapex|Knock Off|p1a: Sableye\n|-damage|p1a: Sableye|58\/100\n|move|p1a: Sableye|Recover|p1a: Sableye\n|-heal|p1a: Sableye|100\/100\n|\n|-damage|p2a: Toxapex|69\/100 brn|[from] brn\n|upkeep\n|turn|9\n|\n|t:|1651946572\n|switch|p2a: Zapdos|Zapdos|100\/100\n|move|p1a: Sableye|Protect||[still]\n|-fail|p1a: Sableye\n|\n|upkeep\n|turn|10\n|\n|t:|1651946575\n|switch|p1a: Chansey|Chansey, F|100\/100\n|move|p2a: Zapdos|Thunderbolt|p1a: Chansey\n|-damage|p1a: Chansey|86\/100\n|\n|upkeep\n|turn|11\n|\n|t:|1651946576\n|move|p2a: Zapdos|Volt Switch|p1a: Chansey\n|-damage|p1a: Chansey|75\/100\n|\n|t:|1651946583\n|switch|p2a: Heatran|Heatran, F|100\/100|[from]move: Volt Switch\n|move|p1a: Chansey|Stealth Rock|p2a: Heatran\n|-sidestart|p2: nnnbit7|move: Stealth Rock\n|\n|upkeep\n|turn|12\n|\n|t:|1651946589\n|switch|p1a: Quagsire|Quagsire, M|100\/100\n|move|p2a: Heatran|Magma Storm|p1a: Quagsire\n|-resisted|p1a: Quagsire\n|-damage|p1a: Quagsire|75\/100\n|-activate|p1a: Quagsire|move: Magma Storm|[of] p2a: Heatran\n|\n|-heal|p1a: Quagsire|81\/100|[from] item: Leftovers\n|-damage|p1a: Quagsire|69\/100|[from] move: Magma Storm|[partiallytrapped]\n|upkeep\n|turn|13\n|\n|t:|1651946598\n|switch|p2a: Gliscor|Gliscor, M|100\/100\n|-damage|p2a: Gliscor|88\/100|[from] Stealth Rock\n|move|p1a: Quagsire|Recover|p1a: Quagsire\n|-heal|p1a: Quagsire|100\/100\n|\n|-end|p1a: Quagsire|Magma Storm|[partiallytrapped]|[silent]\n|-status|p2a: Gliscor|tox|[from] item: Toxic Orb\n|upkeep\n|turn|14\n|\n|t:|1651946601\n|move|p2a: Gliscor|Defog|p1a: Quagsire\n|-unboost|p1a: Quagsire|evasion|1\n|-sideend|p2: nnnbit7|Stealth Rock|[from] move: Defog|[of] p2a: Gliscor\n|move|p1a: Quagsire|Scald|p2a: Gliscor\n|-supereffective|p2a: Gliscor\n|-damage|p2a: Gliscor|50\/100 tox\n|\n|-heal|p2a: Gliscor|62\/100 tox|[from] ability: Poison Heal\n|upkeep\n|turn|15\n|\n|t:|1651946604\n|move|p2a: Gliscor|U-turn|p1a: Quagsire\n|-damage|p1a: Quagsire|89\/100\n|\n|t:|1651946606\n|switch|p2a: Toxapex|Toxapex, M|100\/100 brn|[from]move: U-turn\n|move|p1a: Quagsire|Scald|p2a: Toxapex\n|-resisted|p2a: Toxapex\n|-damage|p2a: Toxapex|93\/100 brn\n|\n|-heal|p1a: Quagsire|95\/100|[from] item: Leftovers\n|-damage|p2a: Toxapex|86\/100 brn|[from] brn\n|upkeep\n|turn|16\n|\n|t:|1651946614\n|switch|p2a: Zapdos|Zapdos|100\/100\n|switch|p1a: Sableye|Sableye-Mega, M|100\/100\n|\n|upkeep\n|turn|17\n|\n|t:|1651946618\n|move|p2a: Zapdos|Volt Switch|p1a: Sableye\n|-damage|p1a: Sableye|69\/100\n|\n|t:|1651946622\n|switch|p2a: Gliscor|Gliscor, M|62\/100 tox|[from]move: Volt Switch\n|move|p1a: Sableye|Knock Off|p2a: Gliscor\n|-damage|p2a: Gliscor|39\/100 tox\n|-enditem|p2a: Gliscor|Toxic Orb|[from] move: Knock Off|[of] p1a: Sableye\n|\n|-heal|p2a: Gliscor|52\/100 tox|[from] ability: Poison Heal\n|upkeep\n|turn|18\n|\n|t:|1651946626\n|move|p2a: Gliscor|U-turn|p1a: Sableye\n|-damage|p1a: Sableye|56\/100\n|\n|t:|1651946631\n|switch|p2a: Lopunny|Lopunny-Mega, M|84\/100|[from]move: U-turn\n|move|p1a: Sableye|Recover|p1a: Sableye\n|-heal|p1a: Sableye|100\/100\n|\n|upkeep\n|turn|19\n|\n|t:|1651946637\n|switch|p2a: Heatran|Heatran, F|100\/100\n|switch|p1a: Toxapex|Toxapex, M, shiny|100\/100\n|\n|upkeep\n|turn|20\n|\n|t:|1651946641\n|switch|p1a: Quagsire|Quagsire, M|95\/100\n|move|p2a: Heatran|Magma Storm|p1a: Quagsire|[miss]\n|-miss|p2a: Heatran|p1a: Quagsire\n|\n|-heal|p1a: Quagsire|100\/100|[from] item: Leftovers\n|upkeep\n|turn|21\n|\n|t:|1651946645\n|switch|p2a: Gliscor|Gliscor, M|52\/100 tox\n|move|p1a: Quagsire|Scald|p2a: Gliscor\n|-supereffective|p2a: Gliscor\n|-damage|p2a: Gliscor|14\/100 tox\n|\n|-heal|p2a: Gliscor|26\/100 tox|[from] ability: Poison Heal\n|upkeep\n|turn|22\n|\n|t:|1651946649\n|move|p2a: Gliscor|Roost|p2a: Gliscor\n|-heal|p2a: Gliscor|76\/100 tox\n|-singleturn|p2a: Gliscor|move: Roost\n|move|p1a: Quagsire|Scald|p2a: Gliscor\n|-supereffective|p2a: Gliscor\n|-damage|p2a: Gliscor|37\/100 tox\n|\n|-heal|p2a: Gliscor|49\/100 tox|[from] ability: Poison Heal\n|upkeep\n|turn|23\n|\n|t:|1651946655\n|switch|p1a: Chansey|Chansey, F|75\/100\n|move|p2a: Gliscor|Roost|p2a: Gliscor\n|-heal|p2a: Gliscor|99\/100 tox\n|-singleturn|p2a: Gliscor|move: Roost\n|\n|-heal|p2a: Gliscor|100\/100 tox|[from] ability: Poison Heal\n|upkeep\n|turn|24\n|\n|t:|1651946659\n|move|p2a: Gliscor|U-turn|p1a: Chansey\n|-damage|p1a: Chansey|64\/100\n|\n|t:|1651946661\n|switch|p2a: Weavile|Weavile, F|100\/100|[from]move: U-turn\n|-ability|p2a: Weavile|Pressure\n|move|p1a: Chansey|Stealth Rock|p2a: Weavile\n|-sidestart|p2: nnnbit7|move: Stealth Rock\n|\n|upkeep\n|turn|25\n|\n|t:|1651946664\n|move|p2a: Weavile|Knock Off|p1a: Chansey\n|-damage|p1a: Chansey|16\/100\n|-enditem|p1a: Chansey|Eviolite|[from] move: Knock Off|[of] p2a: Weavile\n|move|p1a: Chansey|Soft-Boiled|p1a: Chansey\n|-heal|p1a: Chansey|66\/100\n|\n|upkeep\n|turn|26\n|j| 1 em trach thu\n|\n|t:|1651946668\n|move|p2a: Weavile|Knock Off|p1a: Chansey\n|-damage|p1a: Chansey|21\/100\n|move|p1a: Chansey|Soft-Boiled|p1a: Chansey\n|-heal|p1a: Chansey|71\/100\n|\n|upkeep\n|turn|27\n|\n|t:|1651946678\n|switch|p2a: Gliscor|Gliscor, M|100\/100 tox\n|-damage|p2a: Gliscor|88\/100 tox|[from] Stealth Rock\n|switch|p1a: Sableye|Sableye-Mega, M|100\/100\n|\n|-heal|p2a: Gliscor|100\/100 tox|[from] ability: Poison Heal\n|upkeep\n|turn|28\n|\n|t:|1651946682\n|switch|p1a: Corviknight|Corviknight, F, shiny|100\/100\n|-ability|p1a: Corviknight|Pressure\n|move|p2a: Gliscor|Defog|p1a: Corviknight\n|-unboost|p1a: Corviknight|evasion|1\n|-sideend|p2: nnnbit7|Stealth Rock|[from] move: Defog|[of] p2a: Gliscor\n|\n|upkeep\n|turn|29\n|\n|t:|1651946687\n|switch|p1a: Chansey|Chansey, F|71\/100\n|move|p2a: Gliscor|U-turn|p1a: Chansey\n|-damage|p1a: Chansey|55\/100\n|\n|t:|1651946692\n|switch|p2a: Weavile|Weavile, F|100\/100|[from]move: U-turn\n|-ability|p2a: Weavile|Pressure\n|\n|upkeep\n|turn|30\n|\n|t:|1651946697\n|switch|p1a: Toxapex|Toxapex, M, shiny|100\/100\n|move|p2a: Weavile|Knock Off|p1a: Toxapex\n|-damage|p1a: Toxapex|57\/100\n|-damage|p2a: Weavile|84\/100|[from] item: Rocky Helmet|[of] p1a: Toxapex\n|-enditem|p1a: Toxapex|Rocky Helmet|[from] move: Knock Off|[of] p2a: Weavile\n|\n|upkeep\n|turn|31\n|\n|t:|1651946702\n|switch|p2a: Gliscor|Gliscor, M|100\/100 tox\n|move|p1a: Toxapex|Scald|p2a: Gliscor\n|-supereffective|p2a: Gliscor\n|-damage|p2a: Gliscor|72\/100 tox\n|\n|-heal|p2a: Gliscor|84\/100 tox|[from] ability: Poison Heal\n|upkeep\n|turn|32\n|\n|t:|1651946704\n|move|p2a: Gliscor|U-turn|p1a: Toxapex\n|-resisted|p1a: Toxapex\n|-crit|p1a: Toxapex\n|-damage|p1a: Toxapex|50\/100\n|\n|t:|1651946707\n|switch|p2a: Zapdos|Zapdos|100\/100|[from]move: U-turn\n|move|p1a: Toxapex|Recover|p1a: Toxapex\n|-heal|p1a: Toxapex|99\/100\n|\n|upkeep\n|turn|33\n|\n|t:|1651946710\n|switch|p1a: Quagsire|Quagsire, M|100\/100\n|move|p2a: Zapdos|Volt Switch|p1a: Quagsire\n|-immune|p1a: Quagsire\n|\n|upkeep\n|turn|34\n|\n|t:|1651946714\n|switch|p1a: Chansey|Chansey, F|55\/100\n|-zpower|p2a: Zapdos\n|move|p2a: Zapdos|Supersonic Skystrike|p1a: Chansey|[zeffect]\n|-damage|p1a: Chansey|7\/100\n|\n|upkeep\n|turn|35\n|\n|t:|1651946720\n|switch|p1a: Sableye|Sableye-Mega, M|100\/100\n|move|p2a: Zapdos|Thunderbolt|p1a: Sableye\n|-damage|p1a: Sableye|60\/100\n|\n|upkeep\n|turn|36\n|\n|t:|1651946725\n|move|p2a: Zapdos|Hurricane|p1a: Sableye\n|-damage|p1a: Sableye|8\/100\n|move|p1a: Sableye|Recover|p1a: Sableye\n|-heal|p1a: Sableye|58\/100\n|\n|upkeep\n|turn|37\n|\n|t:|1651946728\n|move|p1a: Sableye|Protect|p1a: Sableye\n|-singleturn|p1a: Sableye|Protect\n|move|p2a: Zapdos|Hurricane|p1a: Sableye\n|-activate|p1a: Sableye|move: Protect\n|\n|upkeep\n|turn|38\n|\n|t:|1651946730\n|switch|p1a: Corviknight|Corviknight, F, shiny|100\/100\n|-ability|p1a: Corviknight|Pressure\n|move|p2a: Zapdos|Hurricane|p1a: Corviknight|[miss]\n|-miss|p2a: Zapdos|p1a: Corviknight\n|\n|upkeep\n|turn|39\n|\n|t:|1651946734\n|switch|p1a: Quagsire|Quagsire, M|100\/100\n|move|p2a: Zapdos|Volt Switch|p1a: Quagsire\n|-immune|p1a: Quagsire\n|\n|upkeep\n|turn|40\n|\n|t:|1651946739\n|switch|p2a: Gliscor|Gliscor, M|84\/100 tox\n|switch|p1a: Chansey|Chansey, F|7\/100\n|\n|-heal|p2a: Gliscor|97\/100 tox|[from] ability: Poison Heal\n|upkeep\n|turn|41\n|\n|t:|1651946758\n|switch|p1a: Corviknight|Corviknight, F, shiny|100\/100\n|-ability|p1a: Corviknight|Pressure\n|move|p2a: Gliscor|U-turn|p1a: Corviknight\n|-resisted|p1a: Corviknight\n|-damage|p1a: Corviknight|98\/100\n|\n|t:|1651946760\n|switch|p2a: Zapdos|Zapdos|100\/100|[from]move: U-turn\n|\n|upkeep\n|turn|42\n|\n|t:|1651946765\n|switch|p1a: Chansey|Chansey, F|7\/100\n|move|p2a: Zapdos|Hurricane|p1a: Chansey\n|-damage|p1a: Chansey|0 fnt\n|faint|p1a: Chansey\n|\n|upkeep\n|\n|t:|1651946767\n|switch|p1a: Clefable|Clefable, F|100\/100\n|turn|43\n|\n|t:|1651946770\n|move|p2a: Zapdos|Volt Switch|p1a: Clefable\n|-damage|p1a: Clefable|74\/100\n|j| SalsaBlast\n|\n|t:|1651946773\n|switch|p2a: Heatran|Heatran, F|100\/100|[from]move: Volt Switch\n|move|p1a: Clefable|Calm Mind|p1a: Clefable\n|-boost|p1a: Clefable|spa|1\n|-boost|p1a: Clefable|spd|1\n|\n|upkeep\n|turn|44\n|\n|t:|1651946776\n|move|p2a: Heatran|Taunt|p1a: Clefable\n|-start|p1a: Clefable|move: Taunt\n|cant|p1a: Clefable|move: Taunt|Soft-Boiled\n|\n|upkeep\n|turn|45\n|\n|t:|1651946780\n|switch|p1a: Quagsire|Quagsire, M|100\/100\n|move|p2a: Heatran|Earth Power|p1a: Quagsire\n|-damage|p1a: Quagsire|70\/100\n|\n|-heal|p1a: Quagsire|76\/100|[from] item: Leftovers\n|upkeep\n|turn|46\n|\n|t:|1651946784\n|switch|p2a: Gliscor|Gliscor, M|97\/100 tox\n|move|p1a: Quagsire|Earthquake|p2a: Gliscor\n|-immune|p2a: Gliscor\n|\n|-heal|p1a: Quagsire|82\/100|[from] item: Leftovers\n|-heal|p2a: Gliscor|100\/100 tox|[from] ability: Poison Heal\n|upkeep\n|turn|47\n|\n|t:|1651946789\n|move|p2a: Gliscor|Earthquake|p1a: Quagsire\n|-damage|p1a: Quagsire|60\/100\n|move|p1a: Quagsire|Toxic|p2a: Gliscor\n|-fail|p2a: Gliscor|tox\n|\n|-heal|p1a: Quagsire|66\/100|[from] item: Leftovers\n|upkeep\n|turn|48\n|\n|t:|1651946791\n|move|p2a: Gliscor|U-turn|p1a: Quagsire\n|-damage|p1a: Quagsire|55\/100\n|\n|t:|1651946799\n|switch|p2a: Toxapex|Toxapex, M|100\/100 brn|[from]move: U-turn\n|move|p1a: Quagsire|Recover|p1a: Quagsire\n|-heal|p1a: Quagsire|100\/100\n|\n|-damage|p2a: Toxapex|94\/100 brn|[from] brn\n|upkeep\n|turn|49\n|\n|t:|1651946802\n|switch|p1a: Sableye|Sableye-Mega, M|58\/100\n|move|p2a: Toxapex|Knock Off|p1a: Sableye\n|-damage|p1a: Sableye|54\/100\n|\n|-damage|p2a: Toxapex|88\/100 brn|[from] brn\n|upkeep\n|turn|50\n|\n|t:|1651946813\n|switch|p2a: Gliscor|Gliscor, M|100\/100 tox\n|move|p1a: Sableye|Recover|p1a: Sableye\n|-heal|p1a: Sableye|100\/100\n|\n|upkeep\n|turn|51\n|\n|t:|1651946815\n|switch|p1a: Corviknight|Corviknight, F, shiny|98\/100\n|-ability|p1a: Corviknight|Pressure\n|move|p2a: Gliscor|Earthquake|p1a: Corviknight\n|-immune|p1a: Corviknight\n|\n|upkeep\n|turn|52\n|\n|t:|1651946821\n|switch|p1a: Toxapex|Toxapex, M, shiny|100\/100\n|move|p2a: Gliscor|U-turn|p1a: Toxapex\n|-resisted|p1a: Toxapex\n|-crit|p1a: Toxapex\n|-damage|p1a: Toxapex|94\/100\n|\n|t:|1651946824\n|switch|p2a: Heatran|Heatran, F|100\/100|[from]move: U-turn\n|\n|upkeep\n|turn|53\n|\n|t:|1651946828\n|switch|p1a: Quagsire|Quagsire, M|100\/100\n|move|p2a: Heatran|Magma Storm|p1a: Quagsire\n|-resisted|p1a: Quagsire\n|-damage|p1a: Quagsire|73\/100\n|-activate|p1a: Quagsire|move: Magma Storm|[of] p2a: Heatran\n|\n|-heal|p1a: Quagsire|79\/100|[from] item: Leftovers\n|-damage|p1a: Quagsire|66\/100|[from] move: Magma Storm|[partiallytrapped]\n|upkeep\n|turn|54\n|\n|t:|1651946834\n|switch|p2a: Gliscor|Gliscor, M|100\/100 tox\n|move|p1a: Quagsire|Earthquake|p2a: Gliscor\n|-immune|p2a: Gliscor\n|\n|-heal|p1a: Quagsire|73\/100|[from] item: Leftovers\n|-end|p1a: Quagsire|Magma Storm|[partiallytrapped]|[silent]\n|upkeep\n|turn|55\n|\n|t:|1651946840\n|move|p2a: Gliscor|U-turn|p1a: Quagsire\n|-damage|p1a: Quagsire|61\/100\n|\n|t:|1651946843\n|switch|p2a: Toxapex|Toxapex, M|100\/100 brn|[from]move: U-turn\n|move|p1a: Quagsire|Recover|p1a: Quagsire\n|-heal|p1a: Quagsire|100\/100\n|\n|-damage|p2a: Toxapex|94\/100 brn|[from] brn\n|upkeep\n|turn|56\n|\n|t:|1651946854\n|switch|p1a: Sableye|Sableye-Mega, M|100\/100\n|move|p2a: Toxapex|Knock Off|p1a: Sableye\n|-damage|p1a: Sableye|96\/100\n|\n|-damage|p2a: Toxapex|88\/100 brn|[from] brn\n|upkeep\n|turn|57\n|\n|t:|1651946858\n|switch|p1a: Corviknight|Corviknight, F, shiny|98\/100\n|-ability|p1a: Corviknight|Pressure\n|move|p2a: Toxapex|Knock Off|p1a: Corviknight\n|-crit|p1a: Corviknight\n|-damage|p1a: Corviknight|91\/100\n|-enditem|p1a: Corviknight|Shed Shell|[from] move: Knock Off|[of] p2a: Toxapex\n|\n|-damage|p2a: Toxapex|82\/100 brn|[from] brn\n|upkeep\n|turn|58\n|\n|t:|1651946865\n|switch|p1a: Sableye|Sableye-Mega, M|96\/100\n|move|p2a: Toxapex|Knock Off|p1a: Sableye\n|-damage|p1a: Sableye|92\/100\n|\n|-damage|p2a: Toxapex|75\/100 brn|[from] brn\n|upkeep\n|turn|59\n|\n|t:|1651946870\n|move|p2a: Toxapex|Knock Off|p1a: Sableye\n|-damage|p1a: Sableye|88\/100\n|move|p1a: Sableye|Knock Off|p2a: Toxapex\n|-damage|p2a: Toxapex|62\/100 brn\n|\n|-damage|p2a: Toxapex|56\/100 brn|[from] brn\n|upkeep\n|turn|60\n|\n|t:|1651946875\n|switch|p2a: Gliscor|Gliscor, M|100\/100 tox\n|switch|p1a: Toxapex|Toxapex, M, shiny|100\/100\n|\n|upkeep\n|turn|61\n|\n|t:|1651946880\n|move|p2a: Gliscor|U-turn|p1a: Toxapex\n|-resisted|p1a: Toxapex\n|-damage|p1a: Toxapex|96\/100\n|\n|t:|1651946882\n|switch|p2a: Heatran|Heatran, F|100\/100|[from]move: U-turn\n|move|p1a: Toxapex|Scald|p2a: Heatran\n|-supereffective|p2a: Heatran\n|-damage|p2a: Heatran|77\/100\n|\n|-heal|p2a: Heatran|83\/100|[from] item: Leftovers\n|upkeep\n|turn|62\n|\n|t:|1651946885\n|switch|p1a: Quagsire|Quagsire, M|100\/100\n|move|p2a: Heatran|Magma Storm|p1a: Quagsire\n|-resisted|p1a: Quagsire\n|-damage|p1a: Quagsire|72\/100\n|-activate|p1a: Quagsire|move: Magma Storm|[of] p2a: Heatran\n|\n|-heal|p2a: Heatran|90\/100|[from] item: Leftovers\n|-heal|p1a: Quagsire|78\/100|[from] item: Leftovers\n|-damage|p1a: Quagsire|65\/100|[from] move: Magma Storm|[partiallytrapped]\n|upkeep\n|turn|63\n|\n|t:|1651946893\n|switch|p2a: Toxapex|Toxapex, M|89\/100 brn\n|move|p1a: Quagsire|Scald|p2a: Toxapex\n|-resisted|p2a: Toxapex\n|-damage|p2a: Toxapex|82\/100 brn\n|\n|-heal|p1a: Quagsire|72\/100|[from] item: Leftovers\n|-damage|p2a: Toxapex|76\/100 brn|[from] brn\n|-end|p1a: Quagsire|Magma Storm|[partiallytrapped]|[silent]\n|upkeep\n|turn|64\n|\n|t:|1651946899\n|switch|p2a: Lopunny|Lopunny-Mega, M|84\/100\n|switch|p1a: Toxapex|Toxapex, M, shiny|100\/100\n|\n|upkeep\n|turn|65\n|\n|t:|1651946902\n|move|p2a: Lopunny|U-turn|p1a: Toxapex\n|-resisted|p1a: Toxapex\n|-damage|p1a: Toxapex|93\/100\n|\n|t:|1651946907\n|switch|p2a: Heatran|Heatran, F|90\/100|[from]move: U-turn\n|move|p1a: Toxapex|Poison Jab|p2a: Heatran\n|-immune|p2a: Heatran\n|\n|-heal|p2a: Heatran|96\/100|[from] item: Leftovers\n|upkeep\n|turn|66\n|\n|t:|1651946910\n|switch|p1a: Quagsire|Quagsire, M|72\/100\n|move|p2a: Heatran|Earth Power|p1a: Quagsire\n|-damage|p1a: Quagsire|42\/100\n|\n|-heal|p2a: Heatran|100\/100|[from] item: Leftovers\n|-heal|p1a: Quagsire|48\/100|[from] item: Leftovers\n|upkeep\n|turn|67\n|\n|t:|1651946915\n|switch|p2a: Toxapex|Toxapex, M|100\/100 brn\n|move|p1a: Quagsire|Recover|p1a: Quagsire\n|-heal|p1a: Quagsire|98\/100\n|\n|-heal|p1a: Quagsire|100\/100|[from] item: Leftovers\n|-damage|p2a: Toxapex|94\/100 brn|[from] brn\n|upkeep\n|turn|68\n|\n|t:|1651946919\n|switch|p1a: Corviknight|Corviknight, F, shiny|91\/100\n|-ability|p1a: Corviknight|Pressure\n|move|p2a: Toxapex|Knock Off|p1a: Corviknight\n|-damage|p1a: Corviknight|88\/100\n|\n|-damage|p2a: Toxapex|88\/100 brn|[from] brn\n|upkeep\n|turn|69\n|\n|t:|1651946930\n|switch|p1a: Clefable|Clefable, F|74\/100\n|switch|p2a: Zapdos|Zapdos|100\/100\n|\n|upkeep\n|turn|70\n|\n|t:|1651946933\n|move|p2a: Zapdos|Volt Switch|p1a: Clefable\n|-damage|p1a: Clefable|50\/100\n|\n|t:|1651946936\n|switch|p2a: Heatran|Heatran, F|100\/100|[from]move: Volt Switch\n|move|p1a: Clefable|Soft-Boiled|p1a: Clefable\n|-heal|p1a: Clefable|99\/100\n|\n|upkeep\n|turn|71\n|\n|t:|1651946939\n|switch|p1a: Quagsire|Quagsire, M|100\/100\n|move|p2a: Heatran|Stealth Rock|p1a: Quagsire\n|-sidestart|p1: cump3|move: Stealth Rock\n|\n|upkeep\n|turn|72\n|\n|t:|1651946945\n|switch|p2a: Gliscor|Gliscor, M|100\/100 tox\n|move|p1a: Quagsire|Toxic|p2a: Gliscor\n|-fail|p2a: Gliscor|tox\n|\n|upkeep\n|turn|73\n|\n|t:|1651946947\n|switch|p1a: Corviknight|Corviknight, F, shiny|88\/100\n|-damage|p1a: Corviknight|76\/100|[from] Stealth Rock\n|-ability|p1a: Corviknight|Pressure\n|move|p2a: Gliscor|U-turn|p1a: Corviknight\n|-resisted|p1a: Corviknight\n|-damage|p1a: Corviknight|73\/100\n|\n|t:|1651946949\n|switch|p2a: Zapdos|Zapdos|100\/100|[from]move: U-turn\n|\n|upkeep\n|turn|74\n|\n|t:|1651946953\n|switch|p1a: Clefable|Clefable, F|99\/100\n|move|p2a: Zapdos|Hurricane|p1a: Clefable|[miss]\n|-miss|p2a: Zapdos|p1a: Clefable\n|\n|upkeep\n|turn|75\n|\n|t:|1651946960\n|move|p2a: Zapdos|Volt Switch|p1a: Clefable\n|-damage|p1a: Clefable|76\/100\n|\n|t:|1651946962\n|switch|p2a: Heatran|Heatran, F|100\/100|[from]move: Volt Switch\n|move|p1a: Clefable|Calm Mind|p1a: Clefable\n|-boost|p1a: Clefable|spa|1\n|-boost|p1a: Clefable|spd|1\n|\n|upkeep\n|turn|76\n|\n|t:|1651946965\n|switch|p1a: Sableye|Sableye-Mega, M|88\/100\n|-damage|p1a: Sableye|76\/100|[from] Stealth Rock\n|move|p2a: Heatran|Taunt|p1a: Sableye\n|move|p1a: Sableye|Taunt|p2a: Heatran|[from]ability: Magic Bounce\n|-start|p2a: Heatran|move: Taunt\n|\n|upkeep\n|turn|77\n|\n|t:|1651946977\n|switch|p2a: Zapdos|Zapdos|100\/100\n|move|p1a: Sableye|Knock Off|p2a: Zapdos\n|-damage|p2a: Zapdos|77\/100\n|-status|p1a: Sableye|par|[from] ability: Static|[of] p2a: Zapdos\n|\n|upkeep\n|turn|78\n|\n|t:|1651946982\n|switch|p1a: Clefable|Clefable, F|76\/100\n|move|p2a: Zapdos|Volt Switch|p1a: Clefable\n|-damage|p1a: Clefable|48\/100\n|\n|t:|1651946985\n|switch|p2a: Weavile|Weavile, F|84\/100|[from]move: Volt Switch\n|-ability|p2a: Weavile|Pressure\n|\n|upkeep\n|turn|79\n|\n|t:|1651946993\n|move|p2a: Weavile|Triple Axel|p1a: Clefable\n|-damage|p1a: Clefable|30\/100\n|-damage|p1a: Clefable|0 fnt\n|faint|p1a: Clefable\n|-hitcount|p1: Clefable|2\n|\n|upkeep\n|\n|t:|1651946999\n|switch|p1a: Toxapex|Toxapex, M, shiny|100\/100\n|-damage|p1a: Toxapex|88\/100|[from] Stealth Rock\n|turn|80\n|-message|cump3 forfeited.\n|\n|win|nnnbit7\n|raw|cump3's rating: 1623 &rarr; <strong>1604<\/strong><br \/>(-19 for losing)\n|raw|nnnbit7's rating: 1633 &rarr; <strong>1652<\/strong><br \/>(+19 for winning)\n|l|\u2606cump3\n|c|\u2606nnnbit7|gg\n|c|\u2606nnnbit7|lmao\n|c| SalsaBlast|lmao\n|l|\u2606nnnbit7\n|j|\u2606nnnbit7\n|player|p2|nnnbit7|n\n|c| SalsaBlast|that was a very oddly fast paced game\n|c| SalsaBlast|gg\n|c|\u2606nnnbit7|thx\n|l| SalsaBlast\n||Ladder isn't responding, score probably updated but might not have (Request timeout).\n","uploadtime":1651947057,"views":17,"p1id":"cump3","p2id":"nnnbit7","formatid":"gen8nationaldex","rating":1604,"private":0,"password":null}