{"id":"gen8ou-1424816090","p1":"Vodyne","p2":"thewerehog88","format":"gen8ou","log":"|j|\u203dVodyne\n|j|\u2606thewerehog88\n|inactive|Battle timer is ON: inactive players will automatically lose when time's up.\n|t:|1632755871\n|gametype|singles\n|player|p1|Vodyne|266|\n|player|p2|thewerehog88|dawn|\n|teamsize|p1|6\n|teamsize|p2|6\n|gen|8\n|tier|[Gen 8] OU\n|rated|Tournament battle\n|rule|Sleep Clause Mod: Limit one foe put to sleep\n|rule|Species Clause: Limit one of each Pok\u00e9mon\n|rule|OHKO Clause: OHKO moves are banned\n|rule|Evasion Moves Clause: Evasion moves are banned\n|rule|Endless Battle Clause: Forcing endless battles is banned\n|rule|HP Percentage Mod: HP is shown in percentages\n|rule|Dynamax Clause: You cannot dynamax\n|clearpoke\n|poke|p1|Snorlax, M|\n|poke|p1|Suicune|\n|poke|p1|Melmetal|\n|poke|p1|Victini|\n|poke|p1|Landorus-Therian, M|\n|poke|p1|Zapdos|\n|poke|p2|Darmanitan, F|\n|poke|p2|Toxapex, M|\n|poke|p2|Magnezone|\n|poke|p2|Skarmory, F|\n|poke|p2|Kommo-o, F|\n|poke|p2|Clefable, F|\n|teampreview\n|j| Mimikyu Stardust\n|\n|t:|1632755878\n|start\n|switch|p1a: Landorus|Landorus-Therian, M|100\/100\n|switch|p2a: Clefable|Clefable, F|100\/100\n|-ability|p1a: Landorus|Intimidate|boost\n|-unboost|p2a: Clefable|atk|1\n|turn|1\n|\n|t:|1632755888\n|move|p1a: Landorus|U-turn|p2a: Clefable\n|-resisted|p2a: Clefable\n|-damage|p2a: Clefable|87\/100\n|\n|t:|1632755890\n|switch|p1a: Melmetal|Melmetal|100\/100|[from]move: U-turn\n|move|p2a: Clefable|Trick|p1a: Melmetal\n|-activate|p2a: Clefable|move: Trick|[of] p1a: Melmetal\n|-item|p1a: Melmetal|Toxic Orb|[from] move: Trick\n|-item|p2a: Clefable|Assault Vest|[from] move: Trick\n|\n|upkeep\n|turn|2\n|\n|t:|1632755901\n|move|p2a: Clefable|Flamethrower|p1a: Melmetal\n|-supereffective|p1a: Melmetal\n|-damage|p1a: Melmetal|49\/100\n|move|p1a: Melmetal|Earthquake|p2a: Clefable\n|-damage|p2a: Clefable|40\/100\n|\n|upkeep\n|turn|3\n|\n|t:|1632755909\n|switch|p1a: Snorlax|Snorlax, M|100\/100\n|move|p2a: Clefable|Flamethrower|p1a: Snorlax\n|-damage|p1a: Snorlax|94\/100\n|-status|p1a: Snorlax|brn\n|\n|-heal|p1a: Snorlax|100\/100 brn|[from] item: Leftovers\n|-damage|p1a: Snorlax|94\/100 brn|[from] brn\n|upkeep\n|turn|4\n|\n|t:|1632755922\n|move|p2a: Clefable|Dazzling Gleam|p1a: Snorlax\n|-crit|p1a: Snorlax\n|-damage|p1a: Snorlax|69\/100 brn\n|move|p1a: Snorlax|Body Slam|p2a: Clefable\n|-damage|p2a: Clefable|24\/100\n|\n|-heal|p1a: Snorlax|75\/100 brn|[from] item: Leftovers\n|-damage|p1a: Snorlax|69\/100 brn|[from] brn\n|upkeep\n|turn|5\n|\n|t:|1632755936\n|move|p2a: Clefable|Dazzling Gleam|p1a: Snorlax\n|-damage|p1a: Snorlax|53\/100 brn\n|move|p1a: Snorlax|Body Slam|p2a: Clefable\n|-damage|p2a: Clefable|7\/100\n|-status|p2a: Clefable|par\n|\n|-heal|p1a: Snorlax|59\/100 brn|[from] item: Leftovers\n|-damage|p1a: Snorlax|53\/100 brn|[from] brn\n|upkeep\n|turn|6\n|\n|t:|1632755946\n|move|p1a: Snorlax|Rest|p1a: Snorlax\n|-status|p1a: Snorlax|slp|[from] move: Rest\n|-heal|p1a: Snorlax|100\/100 slp|[silent]\n|move|p2a: Clefable|Dazzling Gleam|p1a: Snorlax\n|-damage|p1a: Snorlax|84\/100 slp\n|\n|-heal|p1a: Snorlax|90\/100 slp|[from] item: Leftovers\n|upkeep\n|turn|7\n|\n|t:|1632755970\n|cant|p1a: Snorlax|slp\n|move|p2a: Clefable|Dazzling Gleam|p1a: Snorlax\n|-damage|p1a: Snorlax|73\/100 slp\n|\n|-heal|p1a: Snorlax|79\/100 slp|[from] item: Leftovers\n|upkeep\n|turn|8\n|\n|t:|1632755976\n|cant|p1a: Snorlax|slp\n|cant|p2a: Clefable|par\n|\n|-heal|p1a: Snorlax|85\/100 slp|[from] item: Leftovers\n|upkeep\n|turn|9\n|\n|t:|1632755981\n|-curestatus|p1a: Snorlax|slp|[msg]\n|move|p1a: Snorlax|Body Slam|p2a: Clefable\n|-damage|p2a: Clefable|0 fnt\n|faint|p2a: Clefable\n|\n|-heal|p1a: Snorlax|91\/100|[from] item: Leftovers\n|upkeep\n|\n|t:|1632755991\n|switch|p2a: Skarmory|Skarmory, F|100\/100\n|turn|10\n|\n|t:|1632755996\n|switch|p1a: Zapdos|Zapdos|100\/100\n|move|p2a: Skarmory|Iron Defense|p2a: Skarmory\n|-boost|p2a: Skarmory|def|2\n|\n|upkeep\n|turn|11\n|\n|t:|1632756015\n|move|p1a: Zapdos|Discharge|p2a: Skarmory\n|-supereffective|p2a: Skarmory\n|-damage|p2a: Skarmory|12\/100\n|move|p2a: Skarmory|Stealth Rock|p1a: Zapdos\n|-sidestart|p1: Vodyne|move: Stealth Rock\n|\n|upkeep\n|turn|12\n|\n|t:|1632756021\n|move|p1a: Zapdos|Defog|p2a: Skarmory\n|-unboost|p2a: Skarmory|evasion|1\n|-sideend|p1: Vodyne|Stealth Rock|[from] move: Defog|[of] p1a: Zapdos\n|move|p2a: Skarmory|Night Slash|p1a: Zapdos\n|-damage|p1a: Zapdos|86\/100\n|\n|upkeep\n|turn|13\n|l| Mimikyu Stardust\n|\n|t:|1632756029\n|move|p1a: Zapdos|Heat Wave|p2a: Skarmory\n|-supereffective|p2a: Skarmory\n|-damage|p2a: Skarmory|0 fnt\n|faint|p2a: Skarmory\n|\n|upkeep\n|\n|t:|1632756038\n|switch|p2a: Magnezone|Magnezone|100\/100\n|-item|p2a: Magnezone|Air Balloon\n|turn|14\n|\n|t:|1632756047\n|move|p1a: Zapdos|Heat Wave|p2a: Magnezone\n|-supereffective|p2a: Magnezone\n|-damage|p2a: Magnezone|31\/100\n|-enditem|p2a: Magnezone|Air Balloon\n|move|p2a: Magnezone|Mirror Coat|p1a: Zapdos\n|-damage|p1a: Zapdos|0 fnt\n|faint|p1a: Zapdos\n|\n|upkeep\n|\n|t:|1632756054\n|switch|p1a: Victini|Victini|100\/100\n|turn|15\n|\n|t:|1632756060\n|move|p1a: Victini|V-create|p2a: Magnezone\n|-supereffective|p2a: Magnezone\n|-damage|p2a: Magnezone|0 fnt\n|-unboost|p1a: Victini|spe|1\n|-unboost|p1a: Victini|def|1\n|-unboost|p1a: Victini|spd|1\n|faint|p2a: Magnezone\n|\n|upkeep\n|\n|t:|1632756070\n|switch|p2a: Darmanitan|Darmanitan, F|100\/100\n|turn|16\n|\n|t:|1632756075\n|switch|p1a: Suicune|Suicune|100\/100\n|-ability|p1a: Suicune|Pressure\n|move|p2a: Darmanitan|Earthquake|p1a: Suicune\n|-damage|p1a: Suicune|72\/100\n|-damage|p2a: Darmanitan|91\/100|[from] item: Life Orb\n|\n|-heal|p1a: Suicune|79\/100|[from] item: Leftovers\n|upkeep\n|turn|17\n|\n|t:|1632756085\n|switch|p2a: Toxapex|Toxapex, M|100\/100\n|move|p1a: Suicune|Scald|p2a: Toxapex\n|-resisted|p2a: Toxapex\n|-damage|p2a: Toxapex|89\/100\n|\n|-heal|p1a: Suicune|85\/100|[from] item: Leftovers\n|-heal|p2a: Toxapex|96\/100|[from] item: Black Sludge\n|upkeep\n|turn|18\n|\n|t:|1632756100\n|switch|p1a: Melmetal|Melmetal|49\/100\n|move|p2a: Toxapex|Toxic|p1a: Melmetal\n|-immune|p1a: Melmetal\n|\n|-heal|p2a: Toxapex|100\/100|[from] item: Black Sludge\n|upkeep\n|turn|19\n|\n|t:|1632756108\n|move|p1a: Melmetal|Thunder Punch|p2a: Toxapex\n|-supereffective|p2a: Toxapex\n|-damage|p2a: Toxapex|56\/100\n|move|p2a: Toxapex|Scald|p1a: Melmetal\n|-damage|p1a: Melmetal|33\/100\n|\n|-heal|p2a: Toxapex|62\/100|[from] item: Black Sludge\n|upkeep\n|turn|20\n|\n|t:|1632756115\n|move|p1a: Melmetal|Thunder Punch|p2a: Toxapex\n|-supereffective|p2a: Toxapex\n|-crit|p2a: Toxapex\n|-damage|p2a: Toxapex|0 fnt\n|faint|p2a: Toxapex\n|\n|upkeep\n|\n|t:|1632756120\n|switch|p2a: Kommo-o|Kommo-o, F|100\/100\n|turn|21\n|\n|t:|1632756124\n|move|p2a: Kommo-o|Clangorous Soul|p2a: Kommo-o\n|-boost|p2a: Kommo-o|atk|1\n|-boost|p2a: Kommo-o|def|1\n|-boost|p2a: Kommo-o|spa|1\n|-boost|p2a: Kommo-o|spd|1\n|-boost|p2a: Kommo-o|spe|1\n|-damage|p2a: Kommo-o|68\/100\n|-enditem|p2a: Kommo-o|Throat Spray\n|-boost|p2a: Kommo-o|spa|1|[from] item: Throat Spray\n|move|p1a: Melmetal|Ice Punch|p2a: Kommo-o\n|-supereffective|p2a: Kommo-o\n|-damage|p2a: Kommo-o|17\/100\n|\n|upkeep\n|turn|22\n|\n|t:|1632756135\n|move|p2a: Kommo-o|Drain Punch|p1a: Melmetal\n|-supereffective|p1a: Melmetal\n|-damage|p1a: Melmetal|0 fnt\n|-heal|p2a: Kommo-o|39\/100|[from] drain|[of] p1a: Melmetal\n|faint|p1a: Melmetal\n|\n|upkeep\n|\n|t:|1632756138\n|switch|p1a: Landorus|Landorus-Therian, M|100\/100\n|-ability|p1a: Landorus|Intimidate|boost\n|-unboost|p2a: Kommo-o|atk|1\n|turn|23\n|\n|t:|1632756145\n|move|p1a: Landorus|Earthquake|p2a: Kommo-o\n|-damage|p2a: Kommo-o|4\/100\n|move|p2a: Kommo-o|Drain Punch|p1a: Landorus\n|-resisted|p1a: Landorus\n|-damage|p1a: Landorus|81\/100\n|-heal|p2a: Kommo-o|15\/100|[from] drain|[of] p1a: Landorus\n|\n|upkeep\n|turn|24\n|\n|t:|1632756153\n|move|p1a: Landorus|Earthquake|p2a: Kommo-o\n|-damage|p2a: Kommo-o|0 fnt\n|faint|p2a: Kommo-o\n|\n|upkeep\n|\n|t:|1632756157\n|switch|p2a: Darmanitan|Darmanitan, F|91\/100\n|turn|25\n|\n|t:|1632756160\n|move|p1a: Landorus|Earthquake|p2a: Darmanitan\n|-supereffective|p2a: Darmanitan\n|-damage|p2a: Darmanitan|0 fnt\n|faint|p2a: Darmanitan\n|\n|win|Vodyne\n|n|\u203dVodyne|vodyne\n|n|\u2606thewerehog88|thewerehog88\n|c|\u2606thewerehog88|gg\n","uploadtime":1632756169,"views":27,"p1id":"vodyne","p2id":"thewerehog88","formatid":"gen8ou","rating":0,"private":0,"password":null}