{"id":"gen8randombattle-1706964371","p1":"alephgalactus","p2":"ntohaha","format":"gen8randombattle","log":"|j|\u2606alephgalactus\n|j|\u2606ntohaha\n|t:|1668036929\n|gametype|singles\n|player|p1|alephgalactus|volo|1544\n|player|p2|ntohaha|wally|1565\n|teamsize|p1|6\n|teamsize|p2|6\n|gen|8\n|tier|[Gen 8] Random Battle\n|rated|\n|rule|Species Clause: Limit one of each Pok\u00e9mon\n|rule|HP Percentage Mod: HP is shown in percentages\n|rule|Sleep Clause Mod: Limit one foe put to sleep\n|\n|t:|1668036929\n|start\n|switch|p1a: Seaking|Seaking, L88, M|284\/284\n|switch|p2a: Roserade|Roserade, L84, F|238\/238\n|turn|1\n|inactive|Battle timer is ON: inactive players will automatically lose when time's up. (requested by alephgalactus)\n|\n|t:|1668036959\n|switch|p1a: Garbodor|Garbodor, L87, M|281\/281\n|move|p2a: Roserade|Toxic Spikes|p1a: Garbodor\n|-sidestart|p1: alephgalactus|move: Toxic Spikes\n|\n|upkeep\n|turn|2\n|\n|t:|1668036981\n|switch|p2a: Quagsire|Quagsire, L84, F|297\/297\n|move|p1a: Garbodor|Spikes|p2a: Quagsire\n|-sidestart|p2: ntohaha|Spikes\n|\n|upkeep\n|turn|3\n|\n|t:|1668036993\n|move|p1a: Garbodor|Spikes|p2a: Quagsire\n|-sidestart|p2: ntohaha|Spikes\n|move|p2a: Quagsire|Earthquake|p1a: Garbodor\n|-supereffective|p1a: Garbodor\n|-damage|p1a: Garbodor|93\/281\n|\n|-heal|p1a: Garbodor|110\/281|[from] item: Black Sludge\n|upkeep\n|turn|4\n|\n|t:|1668037007\n|switch|p1a: Kartana|Kartana, L74|209\/209\n|move|p2a: Quagsire|Earthquake|p1a: Kartana\n|-damage|p1a: Kartana|130\/209\n|\n|upkeep\n|turn|5\n|\n|t:|1668037017\n|switch|p2a: Centiskorch|Centiskorch, L84, F|305\/305\n|move|p1a: Kartana|Leaf Blade|p2a: Centiskorch\n|-resisted|p2a: Centiskorch\n|-damage|p2a: Centiskorch|253\/305\n|\n|upkeep\n|turn|6\n|\n|t:|1668037028\n|switch|p1a: Garbodor|Garbodor, L87, M|110\/281\n|-sideend|p1: alephgalactus|move: Toxic Spikes|[of] p1a: Garbodor\n|move|p2a: Centiskorch|Coil|p2a: Centiskorch\n|-boost|p2a: Centiskorch|atk|1\n|-boost|p2a: Centiskorch|def|1\n|-boost|p2a: Centiskorch|accuracy|1\n|\n|-heal|p1a: Garbodor|127\/281|[from] item: Black Sludge\n|upkeep\n|turn|7\n|\n|t:|1668037033\n|move|p1a: Garbodor|Spikes|p2a: Centiskorch\n|-sidestart|p2: ntohaha|Spikes\n|move|p2a: Centiskorch|Fire Lash|p1a: Garbodor\n|-damage|p1a: Garbodor|0 fnt\n|-damage|p2a: Centiskorch|177\/305|[from] ability: Aftermath|[of] p1a: Garbodor\n|faint|p1a: Garbodor\n|\n|upkeep\n|\n|t:|1668037051\n|switch|p1a: Seaking|Seaking, L88, M|284\/284\n|turn|8\n|\n|t:|1668037064\n|move|p1a: Seaking|Waterfall|p2a: Centiskorch\n|-supereffective|p2a: Centiskorch\n|-damage|p2a: Centiskorch|0 fnt\n|faint|p2a: Centiskorch\n|-damage|p1a: Seaking|256\/284|[from] item: Life Orb\n|\n|upkeep\n|\n|t:|1668037075\n|switch|p2a: Roserade|Roserade, L84, F|238\/238\n|-damage|p2a: Roserade|179\/238|[from] Spikes\n|turn|9\n|\n|t:|1668037090\n|switch|p1a: Kartana|Kartana, L74|130\/209\n|move|p2a: Roserade|Spikes|p1a: Kartana\n|-sidestart|p1: alephgalactus|Spikes\n|\n|upkeep\n|turn|10\n|\n|t:|1668037101\n|switch|p2a: Lunala|Lunala, L72|316\/316\n|-damage|p2a: Lunala|237\/316|[from] Spikes\n|move|p1a: Kartana|Smart Strike|p2a: Lunala\n|-damage|p2a: Lunala|74\/316\n|\n|-heal|p2a: Lunala|93\/316|[from] item: Leftovers\n|upkeep\n|turn|11\n|\n|t:|1668037125\n|move|p1a: Kartana|Smart Strike|p2a: Lunala\n|-damage|p2a: Lunala|0 fnt\n|faint|p2a: Lunala\n|-ability|p1a: Kartana|Beast Boost|boost\n|-boost|p1a: Kartana|atk|1\n|\n|upkeep\n|\n|t:|1668037127\n|switch|p2a: Tapu Bulu|Tapu Bulu, L82|249\/249\n|-damage|p2a: Tapu Bulu|187\/249|[from] Spikes\n|-fieldstart|move: Grassy Terrain|[from] ability: Grassy Surge|[of] p2a: Tapu Bulu\n|turn|12\n|c|\u2606alephgalactus|why the ass do they make lunala sets without boots\n|\n|t:|1668037142\n|move|p2a: Tapu Bulu|Close Combat|p1a: Kartana\n|-supereffective|p1a: Kartana\n|-damage|p1a: Kartana|0 fnt\n|-unboost|p2a: Tapu Bulu|def|1\n|-unboost|p2a: Tapu Bulu|spd|1\n|faint|p1a: Kartana\n|\n|-heal|p2a: Tapu Bulu|202\/249|[from] Grassy Terrain\n|upkeep\n|\n|t:|1668037155\n|switch|p1a: Klefki|Klefki, L82, M|228\/228\n|-damage|p1a: Klefki|200\/228|[from] Spikes\n|turn|13\n|c|\u2606ntohaha|idk lol\n|\n|t:|1668037169\n|switch|p2a: Roserade|Roserade, L84, F|179\/238\n|-damage|p2a: Roserade|120\/238|[from] Spikes\n|move|p1a: Klefki|Thunder Wave|p2a: Roserade\n|-status|p2a: Roserade|par\n|\n|-heal|p1a: Klefki|214\/228|[from] Grassy Terrain\n|-heal|p1a: Klefki|228\/228|[from] item: Leftovers\n|-heal|p2a: Roserade|134\/238 par|[from] Grassy Terrain\n|upkeep\n|turn|14\n|\n|t:|1668037177\n|switch|p1a: Sawk|Sawk, L86, M|269\/269\n|-damage|p1a: Sawk|236\/269|[from] Spikes\n|-ability|p1a: Sawk|Mold Breaker\n|move|p2a: Roserade|Spikes|p1a: Sawk\n|-sidestart|p1: alephgalactus|Spikes\n|\n|-heal|p1a: Sawk|252\/269|[from] Grassy Terrain\n|-heal|p2a: Roserade|148\/238 par|[from] Grassy Terrain\n|upkeep\n|turn|15\n|\n|t:|1668037185\n|move|p1a: Sawk|Knock Off|p2a: Roserade\n|-damage|p2a: Roserade|0 fnt\n|-enditem|p2a: Roserade|Focus Sash|[from] move: Knock Off|[of] p1a: Sawk\n|faint|p2a: Roserade\n|-damage|p1a: Sawk|226\/269|[from] item: Life Orb\n|\n|-heal|p1a: Sawk|242\/269|[from] Grassy Terrain\n|upkeep\n|\n|t:|1668037204\n|switch|p2a: Tapu Bulu|Tapu Bulu, L82|202\/249\n|-damage|p2a: Tapu Bulu|140\/249|[from] Spikes\n|turn|16\n|\n|t:|1668037210\n|switch|p1a: Klefki|Klefki, L82, M|228\/228\n|-damage|p1a: Klefki|190\/228|[from] Spikes\n|-start|p2a: Tapu Bulu|Dynamax|\n|-heal|p2a: Tapu Bulu|280\/498|[silent]\n|move|p2a: Tapu Bulu|Max Knuckle|p1a: Klefki\n|-damage|p1a: Klefki|105\/228\n|-boost|p2a: Tapu Bulu|atk|1\n|\n|-heal|p1a: Klefki|119\/228|[from] Grassy Terrain\n|-heal|p2a: Tapu Bulu|295\/498|[from] Grassy Terrain\n|-heal|p1a: Klefki|133\/228|[from] item: Leftovers\n|-fieldend|move: Grassy Terrain\n|upkeep\n|turn|17\n|\n|t:|1668037222\n|move|p1a: Klefki|Thunder Wave|p2a: Tapu Bulu\n|-status|p2a: Tapu Bulu|par\n|move|p2a: Tapu Bulu|Max Knuckle|p1a: Klefki\n|-damage|p1a: Klefki|10\/228\n|-boost|p2a: Tapu Bulu|atk|1\n|\n|-heal|p1a: Klefki|24\/228|[from] item: Leftovers\n|upkeep\n|turn|18\n|\n|t:|1668037225\n|move|p1a: Klefki|Play Rough|p2a: Tapu Bulu\n|-damage|p2a: Tapu Bulu|228\/498 par\n|-unboost|p2a: Tapu Bulu|atk|1\n|cant|p2a: Tapu Bulu|par\n|\n|-heal|p1a: Klefki|38\/228|[from] item: Leftovers\n|upkeep\n|-end|p2a: Tapu Bulu|Dynamax\n|-heal|p2a: Tapu Bulu|114\/249 par|[silent]\n|turn|19\n|\n|t:|1668037238\n|move|p1a: Klefki|Play Rough|p2a: Tapu Bulu\n|-damage|p2a: Tapu Bulu|47\/249 par\n|move|p2a: Tapu Bulu|Close Combat|p1a: Klefki\n|-damage|p1a: Klefki|0 fnt\n|-unboost|p2a: Tapu Bulu|def|1\n|-unboost|p2a: Tapu Bulu|spd|1\n|faint|p1a: Klefki\n|\n|upkeep\n|\n|t:|1668037249\n|switch|p1a: Sawk|Sawk, L86, M|242\/269\n|-damage|p1a: Sawk|198\/269|[from] Spikes\n|-ability|p1a: Sawk|Mold Breaker\n|turn|20\n|\n|t:|1668037253\n|move|p1a: Sawk|Knock Off|p2a: Tapu Bulu\n|-resisted|p2a: Tapu Bulu\n|-damage|p2a: Tapu Bulu|0 fnt\n|-enditem|p2a: Tapu Bulu|Choice Scarf|[from] move: Knock Off|[of] p1a: Sawk\n|faint|p2a: Tapu Bulu\n|-damage|p1a: Sawk|172\/269|[from] item: Life Orb\n|\n|upkeep\n|\n|t:|1668037255\n|switch|p2a: Quagsire|Quagsire, L84, F|297\/297\n|-damage|p2a: Quagsire|223\/297|[from] Spikes\n|turn|21\n|\n|t:|1668037264\n|switch|p1a: Gastrodon|Gastrodon-East, L84, F|324\/324\n|-damage|p1a: Gastrodon|270\/324|[from] Spikes\n|move|p2a: Quagsire|Recover|p2a: Quagsire\n|-heal|p2a: Quagsire|297\/297\n|\n|-heal|p1a: Gastrodon|290\/324|[from] item: Leftovers\n|upkeep\n|turn|22\n|\n|t:|1668037272\n|move|p1a: Gastrodon|Toxic|p2a: Quagsire|[miss]\n|-miss|p1a: Gastrodon|p2a: Quagsire\n|move|p2a: Quagsire|Ice Beam|p1a: Gastrodon\n|-damage|p1a: Gastrodon|237\/324\n|\n|-heal|p1a: Gastrodon|257\/324|[from] item: Leftovers\n|upkeep\n|turn|23\n|\n|t:|1668037282\n|move|p1a: Gastrodon|Toxic|p2a: Quagsire|[miss]\n|-miss|p1a: Gastrodon|p2a: Quagsire\n|move|p2a: Quagsire|Earthquake|p1a: Gastrodon\n|-damage|p1a: Gastrodon|139\/324\n|\n|-heal|p1a: Gastrodon|159\/324|[from] item: Leftovers\n|upkeep\n|turn|24\n|c|\u2606ntohaha|rip\n|\n|t:|1668037287\n|move|p1a: Gastrodon|Toxic|p2a: Quagsire\n|-status|p2a: Quagsire|tox\n|move|p2a: Quagsire|Earthquake|p1a: Gastrodon\n|-damage|p1a: Gastrodon|33\/324\n|\n|-heal|p1a: Gastrodon|53\/324|[from] item: Leftovers\n|-damage|p2a: Quagsire|279\/297 tox|[from] psn\n|upkeep\n|turn|25\n|\n|t:|1668037292\n|switch|p2a: Blastoise|Blastoise, L82, F|264\/264\n|-damage|p2a: Blastoise|198\/264|[from] Spikes\n|move|p1a: Gastrodon|Recover|p1a: Gastrodon\n|-heal|p1a: Gastrodon|215\/324\n|\n|-heal|p1a: Gastrodon|235\/324|[from] item: Leftovers\n|upkeep\n|turn|26\n|\n|t:|1668037296\n|move|p2a: Blastoise|Shell Smash|p2a: Blastoise\n|-unboost|p2a: Blastoise|def|1\n|-unboost|p2a: Blastoise|spd|1\n|-boost|p2a: Blastoise|atk|2\n|-boost|p2a: Blastoise|spa|2\n|-boost|p2a: Blastoise|spe|2\n|-enditem|p2a: Blastoise|White Herb\n|-clearnegativeboost|p2a: Blastoise|[silent]\n|move|p1a: Gastrodon|Toxic|p2a: Blastoise\n|-status|p2a: Blastoise|tox\n|\n|-heal|p1a: Gastrodon|255\/324|[from] item: Leftovers\n|-damage|p2a: Blastoise|182\/264 tox|[from] psn\n|upkeep\n|turn|27\n|c|\u2606ntohaha|!dt gastrodon\n|raw|<div class=\"message\"><ul class=\"utilichart\"><li class=\"result\"><span class=\"col numcol\">NU<\/span> <span class=\"col iconcol\"><psicon pokemon=\"gastrodon\"\/><\/span> <span class=\"col pokemonnamecol\" style=\"white-space:nowrap\"><a href=\"https:\/\/dex.pokemonshowdown.com\/pokemon\/gastrodon\" target=\"_blank\">Gastrodon<\/a><\/span> <span class=\"col typecol\"><img src=\"https:\/\/play.pokemonshowdown.com\/sprites\/types\/Water.png\" alt=\"Water\" height=\"14\" width=\"32\"><img src=\"https:\/\/play.pokemonshowdown.com\/sprites\/types\/Ground.png\" alt=\"Ground\" height=\"14\" width=\"32\"><\/span> <span style=\"float:left;min-height:26px\"><span class=\"col twoabilitycol\">Sticky Hold<br \/>Storm Drain<\/span><span class=\"col abilitycol\"><em>Sand Force<\/em><\/span><\/span><span style=\"float:left;min-height:26px\"><span class=\"col statcol\"><em>HP<\/em><br \/>111<\/span> <span class=\"col statcol\"><em>Atk<\/em><br \/>83<\/span> <span class=\"col statcol\"><em>Def<\/em><br \/>68<\/span> <span class=\"col statcol\"><em>SpA<\/em><br \/>92<\/span> <span class=\"col statcol\"><em>SpD<\/em><br \/>82<\/span> <span class=\"col statcol\"><em>Spe<\/em><br \/>39<\/span> <span class=\"col bstcol\"><em>BST<br \/>475<\/em><\/span> <\/span><\/li><li style=\"clear:both\"><\/li><\/ul><\/div>\n|raw|<font size=\"1\"><font color=\"#686868\">Dex#:<\/font> 423&nbsp;|&ThickSpace;<font color=\"#686868\">Gen:<\/font> 4&nbsp;|&ThickSpace;<font color=\"#686868\">Height:<\/font> 0.9 m&nbsp;|&ThickSpace;<font color=\"#686868\">Weight:<\/font> 29.9 kg <em>(60 BP)<\/em>&nbsp;|&ThickSpace;<font color=\"#686868\">Dex Colour:<\/font> Purple&nbsp;|&ThickSpace;<font color=\"#686868\">Egg Group(s):<\/font> Water 1, Amorphous&nbsp;|&ThickSpace;<font color=\"#686868\">Does Not Evolve<\/font><\/font>\n\n|\n|t:|1668037313\n|move|p2a: Blastoise|Earthquake|p1a: Gastrodon\n|-damage|p1a: Gastrodon|119\/324\n|move|p1a: Gastrodon|Recover|p1a: Gastrodon\n|-heal|p1a: Gastrodon|281\/324\n|\n|-heal|p1a: Gastrodon|301\/324|[from] item: Leftovers\n|-damage|p2a: Blastoise|150\/264 tox|[from] psn\n|upkeep\n|turn|28\n|-message|ntohaha forfeited.\n|\n|win|alephgalactus\n|raw|alephgalactus's rating: 1544 &rarr; <strong>1565<\/strong><br \/>(+21 for winning)\n|raw|ntohaha's rating: 1565 &rarr; <strong>1544<\/strong><br \/>(-21 for losing)\n|l|\u2606ntohaha\n","inputlog":">version 453a3ad56483cc6a5c08448f6577d394b68621b7\n>start {\"formatid\":\"gen8randombattle\",\"seed\":[34464,51591,3180,46518],\"rated\":\"Rated battle\"}\n>player p1 {\"name\":\"alephgalactus\",\"avatar\":\"volo\",\"rating\":1544,\"seed\":[62878,30047,14827,25694]}\n>player p2 {\"name\":\"ntohaha\",\"avatar\":\"wally\",\"rating\":1565,\"seed\":[6651,47496,60242,35717]}\n>p1 switch 2\n>p2 move toxicspikes\n>p1 move spikes\n>p2 switch 6\n>p1 move spikes\n>p2 move earthquake\n>p1 switch 3\n>p2 move earthquake\n>p1 move leafblade\n>p2 switch 3\n>p1 switch 3\n>p2 move coil\n>p1 move spikes\n>p2 move firelash\n>p1 switch 2\n>p1 move waterfall\n>p2 move leechlife\n>p2 switch 6\n>p1 switch 3\n>p2 move spikes\n>p1 move smartstrike\n>p2 switch 4\n>p1 move smartstrike\n>p2 move roost\n>p2 switch 5\n>chat \u2606alephgalactus|why the ass do they make lunala sets without boots\n>p1 move smartstrike\n>p2 move closecombat\n>p1 switch 4\n>chat \u2606ntohaha|idk lol\n>p1 move thunderwave\n>p2 switch 4\n>p1 switch 6\n>p2 move spikes\n>p1 move knockoff\n>p2 move spikes\n>p2 switch 4\n>p1 switch 6\n>p2 move closecombat dynamax\n>p1 move thunderwave\n>p2 move closecombat dynamax\n>p1 move playrough\n>p2 move woodhammer dynamax\n>p1 move playrough\n>p2 move closecombat\n>p1 switch 6\n>p1 move knockoff\n>p2 move closecombat\n>p2 switch 3\n>p1 switch 5\n>p2 move recover\n>p1 move toxic\n>p2 move icebeam\n>p1 move toxic\n>p2 move earthquake\n>chat \u2606ntohaha|rip\n>p1 move toxic\n>p2 move earthquake\n>p1 move recover\n>p2 switch 2\n>p1 move toxic\n>p2 move shellsmash\n>chat \u2606ntohaha|!dt gastrodon\n>p1 move recover\n>p2 move earthquake\n>forcelose p2","uploadtime":1668037327,"views":9,"p1id":"alephgalactus","p2id":"ntohaha","formatid":"gen8randombattle","rating":1544,"private":0,"password":null}