{"id":"gen8ou-1652355694","p1":"minimax_ai","p2":"Not Sarcasm","format":"gen8ou","log":"|j|\u2606minimax_ai\n|j|\u2606Not Sarcasm\n|t:|1661910827\n|gametype|singles\n|player|p1|minimax_ai|lusamine-nihilego|1571\n|player|p2|Not Sarcasm|1|1530\n|teamsize|p1|6\n|teamsize|p2|6\n|gen|8\n|tier|[Gen 8] OU\n|rated|\n|rule|Sleep Clause Mod: Limit one foe put to sleep\n|rule|Species Clause: Limit one of each Pok\u00e9mon\n|rule|OHKO Clause: OHKO moves are banned\n|rule|Evasion Items Clause: Evasion items are banned\n|rule|Evasion Moves Clause: Evasion moves are banned\n|rule|Endless Battle Clause: Forcing endless battles is banned\n|rule|HP Percentage Mod: HP is shown in percentages\n|rule|Dynamax Clause: You cannot dynamax\n|clearpoke\n|poke|p1|Rotom-Wash|\n|poke|p1|Weavile, F|\n|poke|p1|Landorus-Therian, M|\n|poke|p1|Heatran, M|\n|poke|p1|Tangrowth, F|\n|poke|p1|Melmetal|\n|poke|p2|Dragapult, F|\n|poke|p2|Melmetal|\n|poke|p2|Garchomp, F|\n|poke|p2|Slowbro, M|\n|poke|p2|Landorus-Therian, M|\n|poke|p2|Tapu Lele|\n|teampreview\n|c|\u2606minimax_ai|hf\n|inactive|Battle timer is ON: inactive players will automatically lose when time's up. (requested by minimax_ai)\n|inactive|Not Sarcasm has 120 seconds left.\n|inactive|Not Sarcasm has 90 seconds left.\n|\n|t:|1661910910\n|start\n|switch|p1a: Melmetal|Melmetal|100\/100\n|switch|p2a: Tapu Lele|Tapu Lele|100\/100\n|-fieldstart|move: Psychic Terrain|[from] ability: Psychic Surge|[of] p2a: Tapu Lele\n|turn|1\n|\n|t:|1661910915\n|move|p2a: Tapu Lele|Focus Blast|p1a: Melmetal\n|-supereffective|p1a: Melmetal\n|-damage|p1a: Melmetal|58\/100\n|move|p1a: Melmetal|Thunder Punch|p2a: Tapu Lele\n|-damage|p2a: Tapu Lele|44\/100\n|\n|upkeep\n|turn|2\n|\n|t:|1661910922\n|switch|p2a: Landorus|Landorus-Therian, M|100\/100\n|-ability|p2a: Landorus|Intimidate|boost\n|-unboost|p1a: Melmetal|atk|1\n|move|p1a: Melmetal|Ice Punch|p2a: Landorus\n|-supereffective|p2a: Landorus\n|-damage|p2a: Landorus|15\/100\n|\n|-heal|p2a: Landorus|21\/100|[from] item: Leftovers\n|upkeep\n|turn|3\n|\n|t:|1661910930\n|switch|p1a: landorustherian|Landorus-Therian, M|100\/100\n|-ability|p1a: landorustherian|Intimidate|boost\n|-unboost|p2a: Landorus|atk|1\n|move|p2a: Landorus|Stealth Rock|p1a: landorustherian\n|-sidestart|p1: minimax_ai|move: Stealth Rock\n|\n|-heal|p2a: Landorus|27\/100|[from] item: Leftovers\n|upkeep\n|turn|4\n|\n|t:|1661910939\n|move|p2a: Landorus|U-turn|p1a: landorustherian\n|-resisted|p1a: landorustherian\n|-damage|p1a: landorustherian|93\/100\n|\n|t:|1661910941\n|switch|p2a: Slowbro|Slowbro, M|100\/100|[from]move: U-turn\n|move|p1a: landorustherian|Defog|p2a: Slowbro\n|-unboost|p2a: Slowbro|evasion|1\n|-sideend|p1: minimax_ai|Stealth Rock|[from] move: Defog|[of] p1a: landorustherian\n|-fieldend|move: Psychic Terrain\n|\n|-heal|p1a: landorustherian|99\/100|[from] item: Leftovers\n|upkeep\n|turn|5\n|\n|t:|1661910950\n|move|p1a: landorustherian|U-turn|p2a: Slowbro\n|-supereffective|p2a: Slowbro\n|-damage|p2a: Slowbro|72\/100\n|\n|t:|1661910951\n|switch|p1a: Tangrowth|Tangrowth, F|100\/100|[from]move: U-turn\n|move|p2a: Slowbro|Future Sight|p1a: Tangrowth\n|-start|p2a: Slowbro|move: Future Sight\n|\n|upkeep\n|turn|6\n|\n|t:|1661910956\n|move|p1a: Tangrowth|Sleep Powder|p2a: Slowbro\n|-status|p2a: Slowbro|slp|[from] move: Sleep Powder\n|cant|p2a: Slowbro|slp\n|\n|upkeep\n|turn|7\n|\n|t:|1661910961\n|switch|p1a: Weavile|Weavile, F|100\/100\n|-ability|p1a: Weavile|Pressure\n|-curestatus|p2a: Slowbro|slp|[msg]\n|move|p2a: Slowbro|Teleport|p2a: Slowbro\n|\n|t:|1661910986\n|switch|p2a: Melmetal|Melmetal|100\/100|[from]move: Teleport\n|\n|-end|p1a: Weavile|move: Future Sight\n|-immune|p1a: Weavile\n|upkeep\n|turn|8\n|\n|t:|1661910992\n|switch|p1a: Tangrowth|Tangrowth, F|100\/100\n|move|p2a: Melmetal|Earthquake|p1a: Tangrowth\n|-resisted|p1a: Tangrowth\n|-damage|p1a: Tangrowth|90\/100\n|\n|upkeep\n|turn|9\n|inactive|Not Sarcasm has 120 seconds left.\n|\n|t:|1661911014\n|move|p1a: Tangrowth|Sleep Powder|p2a: Melmetal\n|-status|p2a: Melmetal|slp|[from] move: Sleep Powder\n|cant|p2a: Melmetal|slp\n|\n|upkeep\n|turn|10\n|\n|t:|1661911021\n|switch|p1a: Heatran|Heatran, M|100\/100\n|-item|p1a: Heatran|Air Balloon\n|cant|p2a: Melmetal|slp\n|\n|upkeep\n|turn|11\n|\n|t:|1661911028\n|switch|p2a: Garchomp|Garchomp, F|100\/100\n|move|p1a: Heatran|Eruption|p2a: Garchomp\n|-resisted|p2a: Garchomp\n|-damage|p2a: Garchomp|60\/100\n|\n|-heal|p2a: Garchomp|66\/100|[from] item: Leftovers\n|upkeep\n|turn|12\n|\n|t:|1661911036\n|move|p2a: Garchomp|Scale Shot|p1a: Heatran\n|-resisted|p1a: Heatran\n|-damage|p1a: Heatran|93\/100\n|-enditem|p1a: Heatran|Air Balloon\n|-resisted|p1a: Heatran\n|-damage|p1a: Heatran|86\/100\n|-resisted|p1a: Heatran\n|-damage|p1a: Heatran|80\/100\n|-hitcount|p1a: Heatran|3\n|-unboost|p2a: Garchomp|def|1\n|-boost|p2a: Garchomp|spe|1\n|move|p1a: Heatran|Magma Storm|p2a: Garchomp|[miss]\n|-miss|p1a: Heatran|p2a: Garchomp\n|\n|-heal|p2a: Garchomp|72\/100|[from] item: Leftovers\n|upkeep\n|turn|13\n|\n|t:|1661911050\n|switch|p1a: landorustherian|Landorus-Therian, M|99\/100\n|-ability|p1a: landorustherian|Intimidate|boost\n|-unboost|p2a: Garchomp|atk|1\n|move|p2a: Garchomp|Swords Dance|p2a: Garchomp\n|-boost|p2a: Garchomp|atk|2\n|\n|-heal|p2a: Garchomp|79\/100|[from] item: Leftovers\n|-heal|p1a: landorustherian|100\/100|[from] item: Leftovers\n|upkeep\n|turn|14\n|\n|t:|1661911059\n|move|p2a: Garchomp|Scale Shot|p1a: landorustherian\n|-damage|p1a: landorustherian|81\/100\n|-damage|p1a: landorustherian|64\/100\n|-damage|p1a: landorustherian|45\/100\n|-hitcount|p1a: landorustherian|3\n|-unboost|p2a: Garchomp|def|1\n|-boost|p2a: Garchomp|spe|1\n|move|p1a: landorustherian|U-turn|p2a: Garchomp\n|-damage|p2a: Garchomp|37\/100\n|-damage|p1a: landorustherian|33\/100|[from] ability: Rough Skin|[of] p2a: Garchomp\n|\n|t:|1661911060\n|switch|p1a: rotomwash|Rotom-Wash|100\/100|[from]move: U-turn\n|\n|-heal|p2a: Garchomp|44\/100|[from] item: Leftovers\n|upkeep\n|turn|15\n|\n|t:|1661911074\n|move|p2a: Garchomp|Scale Shot|p1a: rotomwash\n|-damage|p1a: rotomwash|78\/100\n|-damage|p1a: rotomwash|58\/100\n|-damage|p1a: rotomwash|36\/100\n|-hitcount|p1a: rotomwash|3\n|-unboost|p2a: Garchomp|def|1\n|-boost|p2a: Garchomp|spe|1\n|move|p1a: rotomwash|Hydro Pump|p2a: Garchomp\n|-damage|p2a: Garchomp|0 fnt\n|faint|p2a: Garchomp\n|\n|-heal|p1a: rotomwash|42\/100|[from] item: Leftovers\n|upkeep\n|\n|t:|1661911087\n|switch|p2a: Dragapult|Dragapult, F|100\/100\n|turn|16\n|\n|t:|1661911094\n|switch|p1a: Heatran|Heatran, M|80\/100\n|move|p2a: Dragapult|U-turn|p1a: Heatran\n|-resisted|p1a: Heatran\n|-damage|p1a: Heatran|72\/100\n|\n|t:|1661911100\n|switch|p2a: Landorus|Landorus-Therian, M|27\/100|[from]move: U-turn\n|-ability|p2a: Landorus|Intimidate|boost\n|-unboost|p1a: Heatran|atk|1\n|\n|-heal|p2a: Landorus|33\/100|[from] item: Leftovers\n|upkeep\n|turn|17\n|\n|t:|1661911106\n|switch|p2a: Dragapult|Dragapult, F|100\/100\n|move|p1a: Heatran|Magma Storm|p2a: Dragapult\n|-resisted|p2a: Dragapult\n|-damage|p2a: Dragapult|67\/100\n|-activate|p2a: Dragapult|move: Magma Storm|[of] p1a: Heatran\n|\n|-damage|p2a: Dragapult|54\/100|[from] move: Magma Storm|[partiallytrapped]\n|upkeep\n|turn|18\n|\n|t:|1661911115\n|move|p2a: Dragapult|U-turn|p1a: Heatran\n|-resisted|p1a: Heatran\n|-damage|p1a: Heatran|63\/100\n|\n|t:|1661911118\n|switch|p2a: Landorus|Landorus-Therian, M|33\/100|[from]move: U-turn\n|-ability|p2a: Landorus|Intimidate|boost\n|-unboost|p1a: Heatran|atk|1\n|move|p1a: Heatran|Magma Storm|p2a: Landorus|[miss]\n|-miss|p1a: Heatran|p2a: Landorus\n|\n|-heal|p2a: Landorus|39\/100|[from] item: Leftovers\n|upkeep\n|turn|19\n|\n|t:|1661911127\n|move|p1a: Heatran|Magma Storm|p2a: Landorus\n|-damage|p2a: Landorus|1\/100\n|-activate|p2a: Landorus|move: Magma Storm|[of] p1a: Heatran\n|move|p2a: Landorus|Earthquake|p1a: Heatran\n|-supereffective|p1a: Heatran\n|-damage|p1a: Heatran|0 fnt\n|faint|p1a: Heatran\n|\n|-heal|p2a: Landorus|7\/100|[from] item: Leftovers\n|-end|p2a: Landorus|Magma Storm|[partiallytrapped]|[silent]\n|upkeep\n|\n|t:|1661911127\n|switch|p1a: Weavile|Weavile, F|100\/100\n|-ability|p1a: Weavile|Pressure\n|turn|20\n|\n|t:|1661911145\n|move|p1a: Weavile|Knock Off|p2a: Landorus\n|-damage|p2a: Landorus|0 fnt\n|-enditem|p2a: Landorus|Leftovers|[from] move: Knock Off|[of] p1a: Weavile\n|faint|p2a: Landorus\n|\n|upkeep\n|\n|t:|1661911150\n|switch|p2a: Melmetal|Melmetal|100\/100 slp\n|turn|21\n|\n|t:|1661911152\n|switch|p1a: Melmetal|Melmetal|58\/100\n|cant|p2a: Melmetal|slp\n|\n|upkeep\n|turn|22\n|\n|t:|1661911157\n|move|p1a: Melmetal|Earthquake|p2a: Melmetal\n|-supereffective|p2a: Melmetal\n|-crit|p2a: Melmetal\n|-damage|p2a: Melmetal|28\/100 slp\n|-curestatus|p2a: Melmetal|slp|[msg]\n|move|p2a: Melmetal|Earthquake|p1a: Melmetal\n|-supereffective|p1a: Melmetal\n|-damage|p1a: Melmetal|8\/100\n|\n|-heal|p2a: Melmetal|35\/100|[from] item: Leftovers\n|upkeep\n|turn|23\n|\n|t:|1661911166\n|move|p2a: Melmetal|Protect|p2a: Melmetal\n|-singleturn|p2a: Melmetal|Protect\n|move|p1a: Melmetal|Earthquake|p2a: Melmetal\n|-activate|p2a: Melmetal|move: Protect\n|\n|-heal|p2a: Melmetal|41\/100|[from] item: Leftovers\n|upkeep\n|turn|24\n|\n|t:|1661911172\n|switch|p2a: Slowbro|Slowbro, M|100\/100\n|move|p1a: Melmetal|Earthquake|p2a: Slowbro\n|-damage|p2a: Slowbro|79\/100\n|\n|upkeep\n|turn|25\n|\n|t:|1661911196\n|move|p1a: Melmetal|Thunder Punch|p2a: Slowbro\n|-supereffective|p2a: Slowbro\n|-damage|p2a: Slowbro|36\/100\n|move|p2a: Slowbro|Scald|p1a: Melmetal\n|-damage|p1a: Melmetal|0 fnt\n|faint|p1a: Melmetal\n|\n|upkeep\n|\n|t:|1661911196\n|switch|p1a: Weavile|Weavile, F|100\/100\n|-ability|p1a: Weavile|Pressure\n|turn|26\n|\n|t:|1661911217\n|switch|p2a: Melmetal|Melmetal|41\/100\n|move|p1a: Weavile|Knock Off|p2a: Melmetal\n|-damage|p2a: Melmetal|0 fnt\n|-enditem|p2a: Melmetal|Leftovers|[from] move: Knock Off|[of] p1a: Weavile\n|faint|p2a: Melmetal\n|\n|upkeep\n|inactive|Not Sarcasm has 120 seconds left.\n|\n|t:|1661911237\n|switch|p2a: Tapu Lele|Tapu Lele|44\/100\n|-fieldstart|move: Psychic Terrain|[from] ability: Psychic Surge|[of] p2a: Tapu Lele\n|turn|27\n|\n|t:|1661911241\n|switch|p1a: landorustherian|Landorus-Therian, M|33\/100\n|-ability|p1a: landorustherian|Intimidate|boost\n|-unboost|p2a: Tapu Lele|atk|1\n|move|p2a: Tapu Lele|Moonblast|p1a: landorustherian\n|-damage|p1a: landorustherian|0 fnt\n|faint|p1a: landorustherian\n|\n|upkeep\n|\n|t:|1661911241\n|switch|p1a: Tangrowth|Tangrowth, F|100\/100\n|turn|28\n|inactive|Not Sarcasm has 120 seconds left.\n|\n|t:|1661911278\n|move|p2a: Tapu Lele|Moonblast|p1a: Tangrowth\n|-damage|p1a: Tangrowth|28\/100\n|-unboost|p1a: Tangrowth|spa|1\n|move|p1a: Tangrowth|Sleep Powder|p2a: Tapu Lele\n|-status|p2a: Tapu Lele|slp|[from] move: Sleep Powder\n|\n|upkeep\n|turn|29\n|\n|t:|1661911287\n|switch|p2a: Dragapult|Dragapult, F|54\/100\n|switch|p1a: rotomwash|Rotom-Wash|42\/100\n|\n|-heal|p1a: rotomwash|49\/100|[from] item: Leftovers\n|upkeep\n|turn|30\n|\n|t:|1661911300\n|move|p2a: Dragapult|Dragon Darts|p1a: rotomwash\n|-damage|p1a: rotomwash|8\/100\n|-anim|p2a: Dragapult|Dragon Darts|p1a: rotomwash\n|-damage|p1a: rotomwash|0 fnt\n|faint|p1a: rotomwash\n|\n|upkeep\n|\n|t:|1661911300\n|switch|p1a: Tangrowth|Tangrowth, F|62\/100\n|turn|31\n|\n|t:|1661911308\n|move|p2a: Dragapult|Dragon Darts|p1a: Tangrowth\n|-damage|p1a: Tangrowth|44\/100\n|-anim|p2a: Dragapult|Dragon Darts|p1a: Tangrowth\n|-damage|p1a: Tangrowth|25\/100\n|move|p1a: Tangrowth|Knock Off|p2a: Dragapult\n|-supereffective|p2a: Dragapult\n|-damage|p2a: Dragapult|0 fnt\n|-enditem|p2a: Dragapult|Choice Band|[from] move: Knock Off|[of] p1a: Tangrowth\n|faint|p2a: Dragapult\n|\n|-fieldend|move: Psychic Terrain\n|upkeep\n|\n|t:|1661911318\n|switch|p2a: Slowbro|Slowbro, M|69\/100\n|turn|32\n|\n|t:|1661911321\n|move|p1a: Tangrowth|Giga Drain|p2a: Slowbro\n|-supereffective|p2a: Slowbro\n|-damage|p2a: Slowbro|14\/100\n|-heal|p1a: Tangrowth|52\/100|[from] drain|[of] p2a: Slowbro\n|move|p2a: Slowbro|Scald|p1a: Tangrowth\n|-resisted|p1a: Tangrowth\n|-damage|p1a: Tangrowth|32\/100\n|\n|upkeep\n|turn|33\n|l|\u2606Not Sarcasm\n|inactive|Not Sarcasm disconnected and has a minute to reconnect!\n|player|p2|\n|inactive|Not Sarcasm has 30 seconds to reconnect!\n|inactive|Not Sarcasm has 20 seconds to reconnect!\n|inactive|Not Sarcasm has 15 seconds to reconnect!\n|inactive|Not Sarcasm has 10 seconds to reconnect!\n|inactive|Not Sarcasm has 5 seconds to reconnect!\n|-message|Not Sarcasm lost due to inactivity.\n|\n|win|minimax_ai\n|raw|minimax_ai's rating: 1571 &rarr; <strong>1589<\/strong><br \/>(+18 for winning)\n|raw|Not Sarcasm's rating: 1530 &rarr; <strong>1512<\/strong><br \/>(-18 for losing)\n|c|\u2606minimax_ai|gg\n","uploadtime":1661911383,"views":5,"p1id":"minimaxai","p2id":"notsarcasm","formatid":"gen8ou","rating":1512,"private":0,"password":null}