{"id":"gen8ubers-1101866626","p1":"Blue chen","p2":"Ballfire","format":"gen8ubers","log":"|j|\u2606Blue chen\n|j|\u2606Ballfire\n|player|p1|Blue chen|clair|1690\n|player|p2|Ballfire|aromalady|1663\n|teamsize|p1|6\n|teamsize|p2|6\n|gametype|singles\n|gen|8\n|tier|[Gen 8] Ubers\n|rated|\n|clearpoke\n|poke|p1|Eternatus|\n|poke|p1|Lunala|\n|poke|p1|Zamazenta|\n|poke|p1|Ferrothorn, M|\n|poke|p1|Necrozma-Dusk-Mane|\n|poke|p1|Zacian-Crowned|\n|poke|p2|Lunala|\n|poke|p2|Quagsire, F|\n|poke|p2|Umbreon, F|\n|poke|p2|Corviknight, M|\n|poke|p2|Hatterene, F|\n|poke|p2|Zacian-Crowned|\n|rule|Sleep Clause Mod: Limit one foe put to sleep\n|rule|Species Clause: Limit one of each Pok\u00e9mon\n|rule|OHKO Clause: OHKO moves are banned\n|rule|Evasion Moves Clause: Evasion moves are banned\n|rule|Endless Battle Clause: Forcing endless battles is banned\n|rule|HP Percentage Mod: HP is shown in percentages\n|html|Ubers Dynamax Clause: Pok\u00e9mon on the <a href=\"https:\/\/www.smogon.com\/dex\/ss\/formats\/uber\/\">Ubers Dynamax Banlist<\/a> cannot Dynamax.\n|teampreview\n|\n|start\n|switch|p1a: Necrozma|Necrozma-Dusk-Mane|100\/100\n|switch|p2a: Zacian|Zacian-Crowned|100\/100\n|-ability|p2a: Zacian|Intrepid Sword|boost\n|-boost|p2a: Zacian|atk|1\n|turn|1\n|\n|switch|p2a: Corviknight|Corviknight, M|100\/100\n|-ability|p2a: Corviknight|Pressure\n|move|p1a: Necrozma|Sunsteel Strike|p2a: Corviknight\n|-resisted|p2a: Corviknight\n|-damage|p2a: Corviknight|85\/100\n|\n|-heal|p2a: Corviknight|92\/100|[from] item: Leftovers\n|upkeep\n|turn|2\n|\n|move|p1a: Necrozma|Knock Off|p2a: Corviknight\n|-damage|p2a: Corviknight|72\/100\n|-enditem|p2a: Corviknight|Leftovers|[from] move: Knock Off|[of] p1a: Necrozma\n|move|p2a: Corviknight|Defog|p1a: Necrozma\n|-unboost|p1a: Necrozma|evasion|1\n|\n|upkeep\n|turn|3\n|\n|move|p1a: Necrozma|Thunder Wave|p2a: Corviknight\n|-status|p2a: Corviknight|par\n|move|p2a: Corviknight|Roost|p2a: Corviknight\n|-heal|p2a: Corviknight|100\/100 par\n|-singleturn|p2a: Corviknight|move: Roost\n|\n|upkeep\n|turn|4\n|\n|switch|p1a: Ferrothorn|Ferrothorn, M|100\/100\n|cant|p2a: Corviknight|par\n|\n|upkeep\n|turn|5\n|\n|switch|p2a: Hatterene|Hatterene, F|100\/100\n|move|p1a: Ferrothorn|Knock Off|p2a: Hatterene\n|-damage|p2a: Hatterene|77\/100\n|-enditem|p2a: Hatterene|Leftovers|[from] move: Knock Off|[of] p1a: Ferrothorn\n|\n|upkeep\n|turn|6\n|\n|switch|p1a: Eternatus|Eternatus|100\/100\n|-ability|p1a: Eternatus|Pressure\n|move|p2a: Hatterene|Mystical Fire|p1a: Eternatus\n|-resisted|p1a: Eternatus\n|-damage|p1a: Eternatus|87\/100\n|-unboost|p1a: Eternatus|spa|1\n|\n|upkeep\n|turn|7\n|\n|switch|p2a: Umbreon|Umbreon, F|100\/100\n|move|p1a: Eternatus|Substitute|p1a: Eternatus\n|-start|p1a: Eternatus|Substitute\n|-damage|p1a: Eternatus|63\/100\n|\n|upkeep\n|turn|8\n|\n|move|p1a: Eternatus|Recover|p1a: Eternatus\n|-heal|p1a: Eternatus|100\/100\n|move|p2a: Umbreon|Heal Bell|p2a: Umbreon\n|-activate|p2a: Umbreon|move: Heal Bell\n|-curestatus|p2: Corviknight|par|[msg]\n|\n|upkeep\n|turn|9\n|\n|switch|p1a: Ferrothorn|Ferrothorn, M|100\/100\n|move|p2a: Umbreon|Snarl|p1a: Ferrothorn\n|-damage|p1a: Ferrothorn|89\/100\n|-unboost|p1a: Ferrothorn|spa|1\n|\n|-heal|p1a: Ferrothorn|96\/100|[from] item: Leftovers\n|upkeep\n|turn|10\n|\n|switch|p2a: Hatterene|Hatterene, F|77\/100\n|-start|p1a: Ferrothorn|Dynamax\n|-heal|p1a: Ferrothorn|96\/100|[silent]\n|move|p1a: Ferrothorn|Max Darkness|p2a: Hatterene\n|-damage|p2a: Hatterene|50\/100\n|-unboost|p2a: Hatterene|spd|1\n|\n|-heal|p1a: Ferrothorn|99\/100|[from] item: Leftovers\n|upkeep\n|turn|11\n|\n|move|p2a: Hatterene|Mystical Fire|p1a: Ferrothorn\n|-supereffective|p1a: Ferrothorn\n|-damage|p1a: Ferrothorn|53\/100\n|-unboost|p1a: Ferrothorn|spa|1\n|move|p1a: Ferrothorn|Max Darkness|p2a: Hatterene\n|-damage|p2a: Hatterene|23\/100\n|-unboost|p2a: Hatterene|spd|1\n|\n|-heal|p1a: Ferrothorn|56\/100|[from] item: Leftovers\n|upkeep\n|turn|12\n|\n|switch|p2a: Umbreon|Umbreon, F|100\/100\n|move|p1a: Ferrothorn|Max Darkness|p2a: Umbreon\n|-resisted|p2a: Umbreon\n|-damage|p2a: Umbreon|91\/100\n|-unboost|p2a: Umbreon|spd|1\n|\n|-heal|p2a: Umbreon|97\/100|[from] item: Leftovers\n|-heal|p1a: Ferrothorn|60\/100|[from] item: Leftovers\n|-end|p1a: Ferrothorn|Dynamax\n|-heal|p1a: Ferrothorn|60\/100|[silent]\n|upkeep\n|turn|13\n|j| Ryu Fenrir\n|\n|move|p2a: Umbreon|Wish|p2a: Umbreon\n|move|p1a: Ferrothorn|Knock Off|p2a: Umbreon\n|-resisted|p2a: Umbreon\n|-damage|p2a: Umbreon|88\/100\n|-enditem|p2a: Umbreon|Leftovers|[from] move: Knock Off|[of] p1a: Ferrothorn\n|\n|-heal|p1a: Ferrothorn|66\/100|[from] item: Leftovers\n|upkeep\n|turn|14\n|\n|switch|p2a: Hatterene|Hatterene, F|23\/100\n|switch|p1a: Zacian|Zacian-Crowned|100\/100\n|-ability|p1a: Zacian|Intrepid Sword|boost\n|-boost|p1a: Zacian|atk|1\n|\n|-heal|p2a: Hatterene|85\/100|[from] move: Wish|[wisher] Umbreon\n|upkeep\n|turn|15\n|\n|switch|p1a: Eternatus|Eternatus|100\/100\n|-ability|p1a: Eternatus|Pressure\n|switch|p2a: Quagsire|Quagsire, F|100\/100\n|\n|upkeep\n|turn|16\n|\n|switch|p2a: Umbreon|Umbreon, F|88\/100\n|move|p1a: Eternatus|Substitute|p1a: Eternatus\n|-start|p1a: Eternatus|Substitute\n|-damage|p1a: Eternatus|76\/100\n|\n|upkeep\n|turn|17\n|\n|move|p1a: Eternatus|Flamethrower|p2a: Umbreon\n|-damage|p2a: Umbreon|66\/100\n|-status|p2a: Umbreon|brn\n|-activate|p2a: Umbreon|ability: Synchronize\n|-status|p1a: Eternatus|brn\n|-damage|p1a: Eternatus|66\/100 brn|[from] item: Life Orb\n|move|p2a: Umbreon|Wish|p2a: Umbreon\n|\n|-damage|p1a: Eternatus|60\/100 brn|[from] brn\n|-damage|p2a: Umbreon|60\/100 brn|[from] brn\n|upkeep\n|turn|18\n|\n|switch|p1a: Zamazenta|Zamazenta|100\/100\n|-ability|p1a: Zamazenta|Dauntless Shield|boost\n|-boost|p1a: Zamazenta|def|1\n|move|p2a: Umbreon|Heal Bell|p2a: Umbreon\n|-activate|p2a: Umbreon|move: Heal Bell\n|-curestatus|p2a: Umbreon|brn|[msg]\n|\n|-heal|p2a: Umbreon|100\/100|[from] move: Wish|[wisher] Umbreon\n|upkeep\n|turn|19\n|\n|move|p2a: Umbreon|Protect|p2a: Umbreon\n|-singleturn|p2a: Umbreon|Protect\n|move|p1a: Zamazenta|Substitute|p1a: Zamazenta\n|-start|p1a: Zamazenta|Substitute\n|-damage|p1a: Zamazenta|76\/100\n|\n|upkeep\n|turn|20\n|\n|switch|p2a: Quagsire|Quagsire, F|100\/100\n|move|p1a: Zamazenta|Crunch|p2a: Quagsire\n|-damage|p2a: Quagsire|80\/100\n|\n|-heal|p2a: Quagsire|87\/100|[from] item: Leftovers\n|upkeep\n|turn|21\n|\n|move|p1a: Zamazenta|Crunch|p2a: Quagsire\n|-damage|p2a: Quagsire|64\/100\n|-unboost|p2a: Quagsire|def|1\n|move|p2a: Quagsire|Recover|p2a: Quagsire\n|-heal|p2a: Quagsire|100\/100\n|\n|upkeep\n|turn|22\n|\n|switch|p2a: Lunala|Lunala|100\/100\n|move|p1a: Zamazenta|Crunch|p2a: Lunala\n|-supereffective|p2a: Lunala\n|-damage|p2a: Lunala|43\/100\n|-unboost|p2a: Lunala|def|1\n|\n|upkeep\n|turn|23\n|\n|switch|p2a: Quagsire|Quagsire, F|100\/100\n|move|p1a: Zamazenta|Crunch|p2a: Quagsire\n|-damage|p2a: Quagsire|67\/100\n|\n|-heal|p2a: Quagsire|73\/100|[from] item: Leftovers\n|upkeep\n|turn|24\n|\n|move|p1a: Zamazenta|Crunch|p2a: Quagsire\n|-crit|p2a: Quagsire\n|-damage|p2a: Quagsire|18\/100\n|move|p2a: Quagsire|Curse|p2a: Quagsire\n|-unboost|p2a: Quagsire|spe|1\n|-boost|p2a: Quagsire|atk|1\n|-boost|p2a: Quagsire|def|1\n|\n|-heal|p2a: Quagsire|24\/100|[from] item: Leftovers\n|upkeep\n|turn|25\n|\n|move|p1a: Zamazenta|Crunch|p2a: Quagsire\n|-damage|p2a: Quagsire|0 fnt\n|faint|p2a: Quagsire\n|\n|upkeep\n|\n|switch|p2a: Zacian|Zacian-Crowned|100\/100\n|-ability|p2a: Zacian|Intrepid Sword|boost\n|-boost|p2a: Zacian|atk|1\n|turn|26\n|\n|move|p1a: Zamazenta|Close Combat|p2a: Zacian\n|-damage|p2a: Zacian|37\/100\n|-unboost|p1a: Zamazenta|def|1\n|-unboost|p1a: Zamazenta|spd|1\n|move|p2a: Zacian|Behemoth Blade|p1a: Zamazenta\n|-end|p1a: Zamazenta|Substitute\n|\n|upkeep\n|turn|27\n|\n|move|p1a: Zamazenta|Close Combat|p2a: Zacian\n|-damage|p2a: Zacian|0 fnt\n|-unboost|p1a: Zamazenta|def|1\n|-unboost|p1a: Zamazenta|spd|1\n|faint|p2a: Zacian\n|\n|upkeep\n|\n|switch|p2a: Hatterene|Hatterene, F|85\/100\n|turn|28\n|\n|switch|p1a: Necrozma|Necrozma-Dusk-Mane|100\/100\n|move|p2a: Hatterene|Nuzzle|p1a: Necrozma\n|-damage|p1a: Necrozma|98\/100\n|-status|p1a: Necrozma|par\n|\n|-heal|p1a: Necrozma|100\/100 par|[from] item: Leftovers\n|upkeep\n|turn|29\n|\n|switch|p2a: Corviknight|Corviknight, M|100\/100\n|-ability|p2a: Corviknight|Pressure\n|move|p1a: Necrozma|Thunder Wave|p2a: Corviknight|[miss]\n|-miss|p1a: Necrozma|p2a: Corviknight\n|\n|upkeep\n|turn|30\n|\n|move|p2a: Corviknight|Body Press|p1a: Necrozma\n|-damage|p1a: Necrozma|87\/100 par\n|cant|p1a: Necrozma|par\n|\n|-heal|p1a: Necrozma|93\/100 par|[from] item: Leftovers\n|upkeep\n|turn|31\n|\n|move|p2a: Corviknight|U-turn|p1a: Necrozma\n|-crit|p1a: Necrozma\n|-damage|p1a: Necrozma|82\/100 par\n|\n|switch|p2a: Hatterene|Hatterene, F|85\/100|[from]move: U-turn\n|cant|p1a: Necrozma|par\n|\n|-heal|p1a: Necrozma|88\/100 par|[from] item: Leftovers\n|upkeep\n|turn|32\n|\n|switch|p2a: Corviknight|Corviknight, M|100\/100\n|-ability|p2a: Corviknight|Pressure\n|cant|p1a: Necrozma|par\n|\n|-heal|p1a: Necrozma|94\/100 par|[from] item: Leftovers\n|upkeep\n|turn|33\n|\n|move|p2a: Corviknight|Body Press|p1a: Necrozma\n|-damage|p1a: Necrozma|81\/100 par\n|move|p1a: Necrozma|Thunder Wave|p2a: Corviknight\n|-status|p2a: Corviknight|par\n|\n|-heal|p1a: Necrozma|87\/100 par|[from] item: Leftovers\n|upkeep\n|turn|34\n|\n|switch|p1a: Eternatus|Eternatus|60\/100 brn\n|-ability|p1a: Eternatus|Pressure\n|move|p2a: Corviknight|U-turn|p1a: Eternatus\n|-resisted|p1a: Eternatus\n|-damage|p1a: Eternatus|53\/100 brn\n|\n|switch|p2a: Hatterene|Hatterene, F|85\/100|[from]move: U-turn\n|\n|-damage|p1a: Eternatus|47\/100 brn|[from] brn\n|upkeep\n|turn|35\n|\n|move|p1a: Eternatus|Flamethrower|p2a: Hatterene\n|-damage|p2a: Hatterene|38\/100\n|-damage|p1a: Eternatus|37\/100 brn|[from] item: Life Orb\n|move|p2a: Hatterene|Psychic|p1a: Eternatus\n|-supereffective|p1a: Eternatus\n|-damage|p1a: Eternatus|0 fnt\n|faint|p1a: Eternatus\n|\n|upkeep\n|\n|switch|p1a: Zacian|Zacian-Crowned|100\/100\n|-ability|p1a: Zacian|Intrepid Sword|boost\n|-boost|p1a: Zacian|atk|1\n|turn|36\n|\n|move|p1a: Zacian|Substitute|p1a: Zacian\n|-start|p1a: Zacian|Substitute\n|-damage|p1a: Zacian|76\/100\n|move|p2a: Hatterene|Mystical Fire|p1a: Zacian\n|-supereffective|p1a: Zacian\n|-end|p1a: Zacian|Substitute\n|\n|upkeep\n|turn|37\n|\n|move|p1a: Zacian|Swords Dance|p1a: Zacian\n|-boost|p1a: Zacian|atk|2\n|move|p2a: Hatterene|Mystical Fire|p1a: Zacian\n|-supereffective|p1a: Zacian\n|-damage|p1a: Zacian|24\/100\n|-unboost|p1a: Zacian|spa|1\n|\n|upkeep\n|turn|38\n|\n|move|p1a: Zacian|Behemoth Blade|p2a: Hatterene\n|-supereffective|p2a: Hatterene\n|-damage|p2a: Hatterene|0 fnt\n|faint|p2a: Hatterene\n|\n|upkeep\n|\n|switch|p2a: Corviknight|Corviknight, M|100\/100 par\n|-ability|p2a: Corviknight|Pressure\n|turn|39\n|\n|-start|p2a: Corviknight|Dynamax\n|-heal|p2a: Corviknight|100\/100 par|[silent]\n|move|p1a: Zacian|Close Combat|p2a: Corviknight\n|-damage|p2a: Corviknight|59\/100 par\n|-unboost|p1a: Zacian|def|1\n|-unboost|p1a: Zacian|spd|1\n|move|p2a: Corviknight|Max Knuckle|p1a: Zacian\n|-damage|p1a: Zacian|0 fnt\n|-boost|p2a: Corviknight|atk|1\n|faint|p1a: Zacian\n|\n|upkeep\n|\n|switch|p1a: Ferrothorn|Ferrothorn, M|66\/100\n|turn|40\n|\n|cant|p2a: Corviknight|par\n|move|p1a: Ferrothorn|Leech Seed|p2a: Corviknight\n|-start|p2a: Corviknight|move: Leech Seed\n|\n|-heal|p1a: Ferrothorn|72\/100|[from] item: Leftovers\n|-damage|p2a: Corviknight|53\/100 par|[from] Leech Seed|[of] p1a: Ferrothorn\n|-heal|p1a: Ferrothorn|86\/100|[silent]\n|upkeep\n|turn|41\n|\n|move|p2a: Corviknight|Max Knuckle|p1a: Ferrothorn\n|-supereffective|p1a: Ferrothorn\n|-damage|p1a: Ferrothorn|55\/100\n|-boost|p2a: Corviknight|atk|1\n|move|p1a: Ferrothorn|Stealth Rock|p2a: Corviknight\n|-sidestart|p2: Ballfire|move: Stealth Rock\n|\n|-heal|p1a: Ferrothorn|61\/100|[from] item: Leftovers\n|-damage|p2a: Corviknight|47\/100 par|[from] Leech Seed|[of] p1a: Ferrothorn\n|-heal|p1a: Ferrothorn|75\/100|[silent]\n|-end|p2a: Corviknight|Dynamax\n|-heal|p2a: Corviknight|47\/100 par|[silent]\n|upkeep\n|turn|42\n|j|\u203dkae aek aek aek\n|\n|cant|p2a: Corviknight|par\n|move|p1a: Ferrothorn|Body Press|p2a: Corviknight\n|-damage|p2a: Corviknight|28\/100 par\n|\n|-heal|p1a: Ferrothorn|82\/100|[from] item: Leftovers\n|-damage|p2a: Corviknight|15\/100 par|[from] Leech Seed|[of] p1a: Ferrothorn\n|-heal|p1a: Ferrothorn|96\/100|[silent]\n|upkeep\n|turn|43\n|\n|switch|p1a: Zamazenta|Zamazenta|76\/100\n|-ability|p1a: Zamazenta|Dauntless Shield|boost\n|-boost|p1a: Zamazenta|def|1\n|cant|p2a: Corviknight|par\n|\n|-damage|p2a: Corviknight|3\/100 par|[from] Leech Seed|[of] p1a: Zamazenta\n|-heal|p1a: Zamazenta|91\/100|[silent]\n|upkeep\n|turn|44\n|-message|Ballfire forfeited.\n|\n|win|Blue chen\n|l|\u2606Ballfire\n|raw|Blue chen's rating: 1690 &rarr; <strong>1709<\/strong><br \/>(+19 for winning)\n|raw|Ballfire's rating: 1663 &rarr; <strong>1645<\/strong><br \/>(-18 for losing)\n","uploadtime":1587640743,"views":75,"p1id":"bluechen","p2id":"ballfire","formatid":"gen8ubers","rating":1645,"private":0,"password":null}