{"id":"gen8ou-1347833561","p1":"Airel Azuri","p2":"RTSG tests","format":"gen8ou","log":"|j|\u2606Airel Azuri\n|j|\u2606RTSG tests\n|t:|1622047741\n|gametype|singles\n|player|p1|Airel Azuri|dawn|1346\n|player|p2|RTSG tests|hilbert|1387\n|teamsize|p1|6\n|teamsize|p2|6\n|gen|8\n|tier|[Gen 8] OU\n|rated|\n|rule|Sleep Clause Mod: Limit one foe put to sleep\n|rule|Species Clause: Limit one of each Pok\u00e9mon\n|rule|OHKO Clause: OHKO moves are banned\n|rule|Evasion Moves Clause: Evasion moves are banned\n|rule|Endless Battle Clause: Forcing endless battles is banned\n|rule|HP Percentage Mod: HP is shown in percentages\n|rule|Dynamax Clause: You cannot dynamax\n|clearpoke\n|poke|p1|Weavile, M|\n|poke|p1|Salamence, M|\n|poke|p1|Swampert, M|\n|poke|p1|Gardevoir, F|\n|poke|p1|Ferrothorn, M|\n|poke|p1|Chandelure, F|\n|poke|p2|Sceptile, M|\n|poke|p2|Salamence, F|\n|poke|p2|Excadrill, F|\n|poke|p2|Tapu Koko|\n|poke|p2|Magnezone|\n|poke|p2|Weavile, F|\n|teampreview\n|inactive|Battle timer is ON: inactive players will automatically lose when time's up. (requested by RTSG tests)\n|\n|t:|1622047749\n|start\n|switch|p1a: Swampert|Swampert, M|100\/100\n|switch|p2a: Excadrill|Excadrill, F|100\/100\n|-ability|p2a: Excadrill|Mold Breaker\n|turn|1\n|\n|t:|1622047757\n|move|p2a: Excadrill|Stealth Rock|p1a: Swampert\n|-sidestart|p1: Airel Azuri|move: Stealth Rock\n|move|p1a: Swampert|Earthquake|p2a: Excadrill\n|-supereffective|p2a: Excadrill\n|-enditem|p2a: Excadrill|Focus Sash\n|-damage|p2a: Excadrill|1\/100\n|\n|upkeep\n|turn|2\n|\n|t:|1622047765\n|move|p2a: Excadrill|Earthquake|p1a: Swampert\n|-damage|p1a: Swampert|55\/100\n|move|p1a: Swampert|Flip Turn|p2a: Excadrill\n|-supereffective|p2a: Excadrill\n|-damage|p2a: Excadrill|0 fnt\n|faint|p2a: Excadrill\n|\n|t:|1622047773\n|switch|p1a: Chandelure|Chandelure, F|100\/100|[from]move: Flip Turn\n|-damage|p1a: Chandelure|76\/100|[from] Stealth Rock\n|\n|upkeep\n|\n|t:|1622047781\n|switch|p2a: Salamence|Salamence, F|100\/100\n|turn|3\n|\n|t:|1622047785\n|move|p1a: Chandelure|Trick|p2a: Salamence\n|-activate|p1a: Chandelure|move: Trick|[of] p2a: Salamence\n|-item|p2a: Salamence|Choice Scarf|[from] move: Trick\n|-item|p1a: Chandelure|Heavy-Duty Boots|[from] move: Trick\n|move|p2a: Salamence|Earthquake|p1a: Chandelure\n|-supereffective|p1a: Chandelure\n|-damage|p1a: Chandelure|0 fnt\n|faint|p1a: Chandelure\n|-ability|p2a: Salamence|Moxie|boost\n|-boost|p2a: Salamence|atk|1\n|\n|upkeep\n|\n|t:|1622047795\n|switch|p1a: Salamence|Salamence, M|100\/100\n|turn|4\n|\n|t:|1622047804\n|switch|p2a: Weavile|Weavile, F|100\/100\n|-ability|p2a: Weavile|Pressure\n|move|p1a: Salamence|Dragon Dance|p1a: Salamence\n|-boost|p1a: Salamence|atk|1\n|-boost|p1a: Salamence|spe|1\n|\n|upkeep\n|turn|5\n|\n|t:|1622047816\n|move|p2a: Weavile|Ice Shard|p1a: Salamence\n|-supereffective|p1a: Salamence\n|-damage|p1a: Salamence|0 fnt\n|faint|p1a: Salamence\n|\n|upkeep\n|\n|t:|1622047822\n|switch|p1a: Ferrothorn|Ferrothorn, M|100\/100\n|-damage|p1a: Ferrothorn|94\/100|[from] Stealth Rock\n|turn|6\n|\n|t:|1622047829\n|switch|p2a: Tapu Koko|Tapu Koko|100\/100\n|-fieldstart|move: Electric Terrain|[from] ability: Electric Surge|[of] p2a: Tapu Koko\n|switch|p1a: Swampert|Swampert, M|55\/100\n|-damage|p1a: Swampert|49\/100|[from] Stealth Rock\n|\n|-heal|p1a: Swampert|55\/100|[from] item: Leftovers\n|upkeep\n|turn|7\n|\n|t:|1622047840\n|move|p2a: Tapu Koko|Reflect|p2a: Tapu Koko\n|-sidestart|p2: RTSG tests|Reflect\n|move|p1a: Swampert|Yawn|p2a: Tapu Koko\n|-activate|p2a: Tapu Koko|move: Electric Terrain\n|\n|-heal|p1a: Swampert|61\/100|[from] item: Leftovers\n|upkeep\n|turn|8\n|\n|t:|1622047847\n|move|p2a: Tapu Koko|Taunt|p1a: Swampert\n|-start|p1a: Swampert|move: Taunt\n|move|p1a: Swampert|Earthquake|p2a: Tapu Koko\n|-supereffective|p2a: Tapu Koko\n|-damage|p2a: Tapu Koko|45\/100\n|\n|-heal|p1a: Swampert|67\/100|[from] item: Leftovers\n|upkeep\n|turn|9\n|\n|t:|1622047856\n|switch|p2a: Weavile|Weavile, F|100\/100\n|-ability|p2a: Weavile|Pressure\n|move|p1a: Swampert|Earthquake|p2a: Weavile\n|-damage|p2a: Weavile|57\/100\n|\n|-heal|p1a: Swampert|74\/100|[from] item: Leftovers\n|upkeep\n|turn|10\n|\n|t:|1622047867\n|move|p2a: Weavile|Knock Off|p1a: Swampert\n|-damage|p1a: Swampert|13\/100\n|-enditem|p1a: Swampert|Leftovers|[from] move: Knock Off|[of] p2a: Weavile\n|move|p1a: Swampert|Flip Turn|p2a: Weavile\n|-damage|p2a: Weavile|15\/100\n|\n|t:|1622047873\n|switch|p1a: Ferrothorn|Ferrothorn, M|94\/100|[from]move: Flip Turn\n|-damage|p1a: Ferrothorn|88\/100|[from] Stealth Rock\n|\n|-heal|p1a: Ferrothorn|94\/100|[from] item: Leftovers\n|-fieldend|move: Electric Terrain\n|upkeep\n|turn|11\n|\n|t:|1622047883\n|move|p2a: Weavile|Knock Off|p1a: Ferrothorn\n|-damage|p1a: Ferrothorn|56\/100\n|-damage|p2a: Weavile|3\/100|[from] ability: Iron Barbs|[of] p1a: Ferrothorn\n|-enditem|p1a: Ferrothorn|Leftovers|[from] move: Knock Off|[of] p2a: Weavile\n|move|p1a: Ferrothorn|Leech Seed|p2a: Weavile\n|-start|p2a: Weavile|move: Leech Seed\n|\n|-damage|p2a: Weavile|0 fnt|[from] Leech Seed|[of] p1a: Ferrothorn\n|-heal|p1a: Ferrothorn|57\/100|[silent]\n|faint|p2a: Weavile\n|upkeep\n|\n|t:|1622047890\n|switch|p2a: Tapu Koko|Tapu Koko|45\/100\n|-fieldstart|move: Electric Terrain|[from] ability: Electric Surge|[of] p2a: Tapu Koko\n|turn|12\n|\n|t:|1622047899\n|move|p2a: Tapu Koko|Taunt|p1a: Ferrothorn\n|-start|p1a: Ferrothorn|move: Taunt\n|cant|p1a: Ferrothorn|move: Taunt|Leech Seed\n|\n|upkeep\n|turn|13\n|\n|t:|1622047904\n|switch|p1a: Swampert|Swampert, M|13\/100\n|-damage|p1a: Swampert|6\/100|[from] Stealth Rock\n|move|p2a: Tapu Koko|Volt Switch|p1a: Swampert\n|-immune|p1a: Swampert\n|\n|upkeep\n|turn|14\n|\n|t:|1622047912\n|switch|p2a: Salamence|Salamence, F|100\/100\n|move|p1a: Swampert|Earthquake|p2a: Salamence\n|-immune|p2a: Salamence\n|\n|-sideend|p2: RTSG tests|Reflect\n|upkeep\n|turn|15\n|\n|t:|1622047921\n|move|p2a: Salamence|Earthquake|p1a: Swampert\n|-damage|p1a: Swampert|0 fnt\n|faint|p1a: Swampert\n|-ability|p2a: Salamence|Moxie|boost\n|-boost|p2a: Salamence|atk|1\n|\n|upkeep\n|\n|t:|1622047929\n|switch|p1a: Weavile|Weavile, M|100\/100\n|-damage|p1a: Weavile|76\/100|[from] Stealth Rock\n|-ability|p1a: Weavile|Pressure\n|turn|16\n|\n|t:|1622047935\n|switch|p2a: Magnezone|Magnezone|100\/100\n|move|p1a: Weavile|Fake Out|p2a: Magnezone\n|-resisted|p2a: Magnezone\n|-damage|p2a: Magnezone|94\/100\n|\n|-fieldend|move: Electric Terrain\n|upkeep\n|turn|17\n|\n|t:|1622047943\n|move|p1a: Weavile|Knock Off|p2a: Magnezone\n|-crit|p2a: Magnezone\n|-damage|p2a: Magnezone|20\/100\n|-enditem|p2a: Magnezone|Choice Specs|[from] move: Knock Off|[of] p1a: Weavile\n|move|p2a: Magnezone|Volt Switch|p1a: Weavile\n|-damage|p1a: Weavile|23\/100\n|\n|t:|1622047951\n|switch|p2a: Tapu Koko|Tapu Koko|45\/100|[from]move: Volt Switch\n|-fieldstart|move: Electric Terrain|[from] ability: Electric Surge|[of] p2a: Tapu Koko\n|\n|upkeep\n|turn|18\n|\n|t:|1622047958\n|switch|p1a: Ferrothorn|Ferrothorn, M|57\/100\n|-damage|p1a: Ferrothorn|51\/100|[from] Stealth Rock\n|move|p2a: Tapu Koko|Volt Switch|p1a: Ferrothorn\n|-resisted|p1a: Ferrothorn\n|-damage|p1a: Ferrothorn|39\/100\n|\n|t:|1622047968\n|switch|p2a: Sceptile|Sceptile, M|100\/100|[from]move: Volt Switch\n|-enditem|p2a: Sceptile|Electric Seed\n|-boost|p2a: Sceptile|def|1|[from] item: Electric Seed\n|\n|upkeep\n|turn|19\n|\n|t:|1622047975\n|move|p1a: Ferrothorn|Protect|p1a: Ferrothorn\n|-singleturn|p1a: Ferrothorn|Protect\n|move|p2a: Sceptile|Swords Dance|p2a: Sceptile\n|-boost|p2a: Sceptile|atk|2\n|\n|upkeep\n|turn|20\n|\n|t:|1622047981\n|move|p2a: Sceptile|Acrobatics|p1a: Ferrothorn\n|-damage|p1a: Ferrothorn|4\/100\n|-damage|p2a: Sceptile|88\/100|[from] ability: Iron Barbs|[of] p1a: Ferrothorn\n|move|p1a: Ferrothorn|Gyro Ball|p2a: Sceptile\n|-crit|p2a: Sceptile\n|-damage|p2a: Sceptile|0 fnt\n|faint|p2a: Sceptile\n|\n|upkeep\n|c|\u2606Airel Azuri|....\n|\n|t:|1622047993\n|switch|p2a: Tapu Koko|Tapu Koko|45\/100\n|turn|21\n|c|\u2606Airel Azuri|That was anti climatic\n|c|\u2606RTSG tests|lucky\n|\n|t:|1622048000\n|move|p2a: Tapu Koko|Volt Switch|p1a: Ferrothorn\n|-resisted|p1a: Ferrothorn\n|-damage|p1a: Ferrothorn|0 fnt\n|faint|p1a: Ferrothorn\n|\n|t:|1622048005\n|switch|p2a: Salamence|Salamence, F|100\/100|[from]move: Volt Switch\n|\n|-fieldend|move: Electric Terrain\n|upkeep\n|c|\u2606Airel Azuri|It wasn't even a roll tho\n|\n|t:|1622048011\n|switch|p1a: Weavile|Weavile, M|23\/100\n|-damage|p1a: Weavile|0 fnt|[from] Stealth Rock\n|faint|p1a: Weavile\n|c|\u2606Airel Azuri|And you win anyways\n|\n|t:|1622048021\n|switch|p1a: Gardevoir|Gardevoir, F|100\/100\n|-damage|p1a: Gardevoir|88\/100|[from] Stealth Rock\n|-ability|p1a: Gardevoir|Moxie|[from] ability: Trace|[of] p2a: Salamence\n|turn|22\n|\n|t:|1622048029\n|move|p2a: Salamence|Dual Wingbeat|p1a: Gardevoir\n|-crit|p1a: Gardevoir\n|-damage|p1a: Gardevoir|31\/100\n|-damage|p1a: Gardevoir|0 fnt\n|faint|p1a: Gardevoir\n|-hitcount|p1: Gardevoir|2\n|\n|win|RTSG tests\n|raw|Airel Azuri's rating: 1346 &rarr; <strong>1328<\/strong><br \/>(-18 for losing)\n|raw|RTSG tests's rating: 1387 &rarr; <strong>1405<\/strong><br \/>(+18 for winning)\n|c|\u2606Airel Azuri|gg\n|c|\u2606RTSG tests|gg\n","uploadtime":1622048041,"views":19,"p1id":"airelazuri","p2id":"rtsgtests","formatid":"gen8ou","rating":1328,"private":0,"password":null}