{"id":"gen8nationaldex-1495994299","p1":"Agent Chaka","p2":"beastyj157","format":"gen8nationaldex","log":"|j|\u2606Agent Chaka\n|j|\u2606beastyj157\n|inactive|Battle timer is ON: inactive players will automatically lose when time's up.\n|t:|1642806559\n|gametype|singles\n|player|p1|Agent Chaka|lucas-gen4pt|\n|player|p2|beastyj157|greta-gen3|\n|teamsize|p1|6\n|teamsize|p2|6\n|gen|8\n|tier|[Gen 8] National Dex\n|rated|Tournament battle\n|rule|HP Percentage Mod: HP is shown in percentages\n|rule|Endless Battle Clause: Forcing endless battles is banned\n|rule|OHKO Clause: OHKO moves are banned\n|rule|Evasion Moves Clause: Evasion moves are banned\n|rule|Species Clause: Limit one of each Pok\u00e9mon\n|rule|Dynamax Clause: You cannot dynamax\n|rule|Sleep Clause Mod: Limit one foe put to sleep\n|clearpoke\n|poke|p1|Garchomp, F|\n|poke|p1|Toxapex, M|\n|poke|p1|Diancie|\n|poke|p1|Corviknight, F|\n|poke|p1|Rillaboom, F|\n|poke|p1|Magnezone|\n|poke|p2|Pelipper, M|\n|poke|p2|Swampert, M|\n|poke|p2|Greninja, M|\n|poke|p2|Manaphy|\n|poke|p2|Zapdos|\n|poke|p2|Ferrothorn, F|\n|teampreview\n|inactive|beastyj157 also wants the timer to be on.\n|c|\u2606Agent Chaka|gl hf\n|c|\u2606beastyj157|u2\n|\n|t:|1642806575\n|start\n|switch|p1a: Diancie|Diancie, shiny|100\/100\n|switch|p2a: Pelipper|Pelipper, M|100\/100\n|-weather|RainDance|[from] ability: Drizzle|[of] p2a: Pelipper\n|turn|1\n|\n|t:|1642806583\n|switch|p2a: Swampert|Swampert, M|100\/100\n|detailschange|p1a: Diancie|Diancie-Mega, shiny\n|-mega|p1a: Diancie|Diancie|Diancite\n|move|p1a: Diancie|Protect||[still]\n|-fail|p1a: Diancie\n|\n|-weather|RainDance|[upkeep]\n|upkeep\n|turn|2\n|\n|t:|1642806603\n|detailschange|p2a: Swampert|Swampert-Mega, M\n|-mega|p2a: Swampert|Swampert|Swampertite\n|move|p1a: Diancie|Protect|p1a: Diancie\n|-singleturn|p1a: Diancie|Protect\n|move|p2a: Swampert|Ice Punch|p1a: Diancie\n|-activate|p1a: Diancie|move: Protect\n|\n|-weather|RainDance|[upkeep]\n|upkeep\n|turn|3\n|\n|t:|1642806615\n|switch|p1a: Toxapex|Toxapex, M, shiny|100\/100\n|move|p2a: Swampert|Flip Turn|p1a: Toxapex\n|-resisted|p1a: Toxapex\n|-damage|p1a: Toxapex|81\/100\n|\n|t:|1642806622\n|switch|p2a: Zapdos|Zapdos|100\/100|[from]move: Flip Turn\n|\n|-weather|RainDance|[upkeep]\n|-heal|p1a: Toxapex|87\/100|[from] item: Black Sludge\n|upkeep\n|turn|4\n|\n|t:|1642806626\n|move|p2a: Zapdos|Thunder|p1a: Toxapex\n|-supereffective|p1a: Toxapex\n|-damage|p1a: Toxapex|20\/100\n|-status|p1a: Toxapex|par\n|move|p1a: Toxapex|Toxic|p2a: Zapdos\n|-status|p2a: Zapdos|tox\n|\n|-weather|RainDance|[upkeep]\n|-heal|p1a: Toxapex|26\/100 par|[from] item: Black Sludge\n|-damage|p2a: Zapdos|94\/100 tox|[from] psn\n|upkeep\n|turn|5\n|\n|t:|1642806632\n|switch|p1a: Garchomp|Garchomp, F|100\/100\n|move|p2a: Zapdos|Hurricane|p1a: Garchomp\n|-crit|p1a: Garchomp\n|-damage|p1a: Garchomp|21\/100\n|\n|-weather|RainDance|[upkeep]\n|-damage|p2a: Zapdos|82\/100 tox|[from] psn\n|upkeep\n|turn|6\n|\n|t:|1642806638\n|-zpower|p1a: Garchomp\n|move|p1a: Garchomp|Devastating Drake|p2a: Zapdos|[zeffect]\n|-damage|p2a: Zapdos|0 fnt\n|faint|p2a: Zapdos\n|\n|-weather|RainDance|[upkeep]\n|upkeep\n|\n|t:|1642806644\n|switch|p2a: Greninja|Greninja, M|100\/100\n|turn|7\n|\n|t:|1642806648\n|switch|p1a: Rillaboom|Rillaboom, F|100\/100\n|-fieldstart|move: Grassy Terrain|[from] ability: Grassy Surge|[of] p1a: Rillaboom\n|move|p2a: Greninja|Surf|p1a: Rillaboom\n|-resisted|p1a: Rillaboom\n|-damage|p1a: Rillaboom|39\/100\n|\n|-weather|RainDance|[upkeep]\n|-heal|p1a: Rillaboom|45\/100|[from] Grassy Terrain\n|upkeep\n|turn|8\n|\n|t:|1642806653\n|switch|p2a: Ferrothorn|Ferrothorn, F|100\/100\n|move|p1a: Rillaboom|U-turn|p2a: Ferrothorn\n|-damage|p2a: Ferrothorn|70\/100\n|-damage|p1a: Rillaboom|33\/100|[from] ability: Iron Barbs|[of] p2a: Ferrothorn\n|\n|t:|1642806656\n|switch|p1a: Magnezone|Magnezone, shiny|100\/100|[from]move: U-turn\n|\n|-weather|none\n|-heal|p2a: Ferrothorn|77\/100|[from] Grassy Terrain\n|upkeep\n|turn|9\n|\n|t:|1642806659\n|move|p1a: Magnezone|Hidden Power|p2a: Ferrothorn\n|-supereffective|p2a: Ferrothorn\n|-damage|p2a: Ferrothorn|0 fnt\n|faint|p2a: Ferrothorn\n|\n|upkeep\n|\n|t:|1642806663\n|switch|p2a: Greninja|Greninja, M|100\/100\n|turn|10\n|\n|t:|1642806667\n|switch|p1a: Corviknight|Corviknight, F|100\/100\n|-ability|p1a: Corviknight|Pressure\n|move|p2a: Greninja|Surf|p1a: Corviknight\n|-damage|p1a: Corviknight|46\/100\n|\n|upkeep\n|turn|11\n|\n|t:|1642806671\n|switch|p1a: Toxapex|Toxapex, M, shiny|60\/100 par\n|move|p2a: Greninja|Surf|p1a: Toxapex\n|-resisted|p1a: Toxapex\n|-damage|p1a: Toxapex|41\/100 par\n|\n|-heal|p1a: Toxapex|47\/100 par|[from] Grassy Terrain\n|-heal|p1a: Toxapex|53\/100 par|[from] item: Black Sludge\n|-fieldend|move: Grassy Terrain\n|upkeep\n|turn|12\n|\n|t:|1642806675\n|switch|p2a: Pelipper|Pelipper, M|100\/100\n|-weather|RainDance|[from] ability: Drizzle|[of] p2a: Pelipper\n|cant|p1a: Toxapex|par\n|\n|-weather|RainDance|[upkeep]\n|-heal|p1a: Toxapex|60\/100 par|[from] item: Black Sludge\n|upkeep\n|turn|13\n|\n|t:|1642806678\n|move|p2a: Pelipper|U-turn|p1a: Toxapex\n|-resisted|p1a: Toxapex\n|-damage|p1a: Toxapex|57\/100 par\n|\n|t:|1642806683\n|switch|p2a: Swampert|Swampert-Mega, M|100\/100|[from]move: U-turn\n|move|p1a: Toxapex|Toxic|p2a: Swampert\n|-status|p2a: Swampert|tox\n|\n|-weather|RainDance|[upkeep]\n|-heal|p1a: Toxapex|63\/100 par|[from] item: Black Sludge\n|-damage|p2a: Swampert|94\/100 tox|[from] psn\n|upkeep\n|turn|14\n|\n|t:|1642806691\n|switch|p1a: Corviknight|Corviknight, F|46\/100\n|-ability|p1a: Corviknight|Pressure\n|move|p2a: Swampert|Flip Turn|p1a: Corviknight\n|-damage|p1a: Corviknight|11\/100\n|-damage|p2a: Swampert|78\/100 tox|[from] item: Rocky Helmet|[of] p1a: Corviknight\n|\n|t:|1642806700\n|switch|p2a: Greninja|Greninja, M|100\/100|[from]move: Flip Turn\n|\n|-weather|RainDance|[upkeep]\n|upkeep\n|turn|15\n|\n|t:|1642806703\n|move|p2a: Greninja|Dark Pulse|p1a: Corviknight\n|-damage|p1a: Corviknight|0 fnt\n|faint|p1a: Corviknight\n|-activate|p2a: Greninja|ability: Battle Bond\n|detailschange|p2a: Greninja|Greninja-Ash, M\n|\n|-weather|RainDance|[upkeep]\n|upkeep\n|\n|t:|1642806705\n|switch|p1a: Rillaboom|Rillaboom, F|33\/100\n|-fieldstart|move: Grassy Terrain|[from] ability: Grassy Surge|[of] p1a: Rillaboom\n|turn|16\n|\n|t:|1642806708\n|move|p1a: Rillaboom|Grassy Glide|p2a: Greninja\n|-supereffective|p2a: Greninja\n|-damage|p2a: Greninja|0 fnt\n|faint|p2a: Greninja\n|\n|-weather|RainDance|[upkeep]\n|-heal|p1a: Rillaboom|39\/100|[from] Grassy Terrain\n|upkeep\n|\n|t:|1642806710\n|switch|p2a: Swampert|Swampert-Mega, M|78\/100 tox\n|turn|17\n|\n|t:|1642806712\n|switch|p2a: Pelipper|Pelipper, M|100\/100\n|move|p1a: Rillaboom|Grassy Glide|p2a: Pelipper\n|-damage|p2a: Pelipper|48\/100\n|\n|-weather|RainDance|[upkeep]\n|-heal|p1a: Rillaboom|45\/100|[from] Grassy Terrain\n|upkeep\n|turn|18\n|\n|t:|1642806714\n|move|p1a: Rillaboom|Grassy Glide|p2a: Pelipper\n|-damage|p2a: Pelipper|0 fnt\n|faint|p2a: Pelipper\n|\n|-weather|RainDance|[upkeep]\n|-heal|p1a: Rillaboom|51\/100|[from] Grassy Terrain\n|upkeep\n|\n|t:|1642806717\n|switch|p2a: Manaphy|Manaphy|100\/100\n|turn|19\n|\n|t:|1642806720\n|move|p1a: Rillaboom|Grassy Glide|p2a: Manaphy\n|-supereffective|p2a: Manaphy\n|-damage|p2a: Manaphy|0 fnt\n|faint|p2a: Manaphy\n|\n|-weather|none\n|-heal|p1a: Rillaboom|57\/100|[from] Grassy Terrain\n|upkeep\n|c|\u2606beastyj157|dang gg\n|c|\u2606Agent Chaka|gg\n|c|\u2606beastyj157|missclicked in pert lol\n|-message|beastyj157 forfeited.\n|\n|win|Agent Chaka\n|n|\u2606Agent Chaka|agentchaka\n|n|\u2606beastyj157|beastyj157\n|l|\u2606beastyj157\n|c|\u2606Agent Chaka|happens to the best of us\n","uploadtime":1642806742,"views":13,"p1id":"agentchaka","p2id":"beastyj157","formatid":"gen8nationaldex","rating":0,"private":0,"password":null}