{"id":"gen8ou-1628436130","p1":"delchef","p2":"LT91BBYoruVelaNoxx","format":"gen8ou","log":"|raw|<div class=\"broadcast-blue\"><strong>This battle is required to be public due to a player having a name starting with 'lt91bb'.<\/div>\n|j|\u2606delchef\n|j|\u2606LT91BBYoruVelaNoxx\n|t:|1659176934\n|gametype|singles\n|player|p1|delchef|bugcatcher-gen1|1696\n|player|p2|LT91BBYoruVelaNoxx|gentleman-gen8|1680\n|teamsize|p1|6\n|teamsize|p2|6\n|gen|8\n|tier|[Gen 8] OU\n|rated|\n|rule|Sleep Clause Mod: Limit one foe put to sleep\n|rule|Species Clause: Limit one of each Pok\u00e9mon\n|rule|OHKO Clause: OHKO moves are banned\n|rule|Evasion Moves Clause: Evasion moves are banned\n|rule|Endless Battle Clause: Forcing endless battles is banned\n|rule|HP Percentage Mod: HP is shown in percentages\n|rule|Dynamax Clause: You cannot dynamax\n|clearpoke\n|poke|p1|Hatterene, F|\n|poke|p1|Zapdos|\n|poke|p1|Tangrowth, M|\n|poke|p1|Corviknight, F|\n|poke|p1|Latias, F|\n|poke|p1|Garchomp, M|\n|poke|p2|Moltres-Galar|\n|poke|p2|Garchomp, F|\n|poke|p2|Slowbro-Galar, M|\n|poke|p2|Pelipper, F|\n|poke|p2|Melmetal|\n|poke|p2|Urshifu-*, F|\n|teampreview\n|\n|t:|1659176950\n|start\n|switch|p1a: Zapdos|Zapdos|100\/100\n|switch|p2a: Neverland|Garchomp, F|100\/100\n|turn|1\n|\n|t:|1659176956\n|switch|p1a: Hatterene|Hatterene, F|100\/100\n|move|p2a: Neverland|Toxic|p1a: Hatterene\n|move|p1a: Hatterene|Toxic|p2a: Neverland|[from]ability: Magic Bounce|[miss]\n|-miss|p1a: Hatterene|p2a: Neverland\n|\n|upkeep\n|turn|2\n|\n|t:|1659176968\n|switch|p2a: Yoru ni Kakeru|Melmetal, shiny|100\/100\n|move|p1a: Hatterene|Mystical Fire|p2a: Yoru ni Kakeru\n|-supereffective|p2a: Yoru ni Kakeru\n|-damage|p2a: Yoru ni Kakeru|78\/100\n|-unboost|p2a: Yoru ni Kakeru|spa|1\n|\n|upkeep\n|turn|3\n|\n|t:|1659176984\n|switch|p1a: Tangrowth|Tangrowth, M|100\/100\n|switch|p2a: Sagi Sagi no Mi|Pelipper, F, shiny|100\/100\n|-weather|RainDance|[from] ability: Drizzle|[of] p2a: Sagi Sagi no Mi\n|\n|-weather|RainDance|[upkeep]\n|upkeep\n|turn|4\n|\n|t:|1659176994\n|switch|p1a: Corviknight|Corviknight, F|100\/100\n|-ability|p1a: Corviknight|Pressure\n|move|p2a: Sagi Sagi no Mi|Hurricane|p1a: Corviknight\n|-resisted|p1a: Corviknight\n|-damage|p1a: Corviknight|74\/100\n|-start|p1a: Corviknight|confusion\n|\n|-weather|RainDance|[upkeep]\n|upkeep\n|turn|5\n|\n|t:|1659177002\n|switch|p2a: Coinflip|Slowbro-Galar, M, shiny|100\/100\n|-activate|p1a: Corviknight|confusion\n|move|p1a: Corviknight|U-turn|p2a: Coinflip\n|-damage|p2a: Coinflip|86\/100\n|\n|t:|1659177007\n|switch|p1a: Zapdos|Zapdos|100\/100|[from]move: U-turn\n|\n|-weather|RainDance|[upkeep]\n|upkeep\n|turn|6\n|-activate|p2a: Coinflip|ability: Quick Draw\n|\n|t:|1659177023\n|move|p2a: Coinflip|Sludge Bomb|p1a: Zapdos\n|-damage|p1a: Zapdos|53\/100\n|move|p1a: Zapdos|Hurricane|p2a: Coinflip\n|-damage|p2a: Coinflip|0 fnt\n|faint|p2a: Coinflip\n|\n|-weather|RainDance|[upkeep]\n|upkeep\n|\n|t:|1659177038\n|switch|p2a: The Art of War|Urshifu-Rapid-Strike, F|100\/100\n|turn|7\n|\n|t:|1659177043\n|switch|p1a: Tangrowth|Tangrowth, M|100\/100\n|move|p2a: The Art of War|Surging Strikes|p1a: Tangrowth\n|-resisted|p1a: Tangrowth\n|-crit|p1a: Tangrowth\n|-damage|p1a: Tangrowth|93\/100\n|-damage|p2a: The Art of War|84\/100|[from] item: Rocky Helmet|[of] p1a: Tangrowth\n|-resisted|p1a: Tangrowth\n|-crit|p1a: Tangrowth\n|-damage|p1a: Tangrowth|85\/100\n|-damage|p2a: The Art of War|68\/100|[from] item: Rocky Helmet|[of] p1a: Tangrowth\n|-resisted|p1a: Tangrowth\n|-crit|p1a: Tangrowth\n|-damage|p1a: Tangrowth|78\/100\n|-damage|p2a: The Art of War|51\/100|[from] item: Rocky Helmet|[of] p1a: Tangrowth\n|-hitcount|p1a: Tangrowth|3\n|\n|-weather|none\n|upkeep\n|turn|8\n|\n|t:|1659177051\n|switch|p2a: Sagi Sagi no Mi|Pelipper, F, shiny|100\/100\n|-weather|RainDance|[from] ability: Drizzle|[of] p2a: Sagi Sagi no Mi\n|switch|p1a: Zapdos|Zapdos|53\/100\n|\n|-weather|RainDance|[upkeep]\n|upkeep\n|turn|9\n|\n|t:|1659177054\n|switch|p2a: Neverland|Garchomp, F|100\/100\n|move|p1a: Zapdos|Hurricane|p2a: Neverland\n|-damage|p2a: Neverland|28\/100\n|-start|p2a: Neverland|confusion\n|\n|-weather|RainDance|[upkeep]\n|upkeep\n|turn|10\n|\n|t:|1659177062\n|switch|p1a: Tangrowth|Tangrowth, M|100\/100\n|switch|p2a: Yoru ni Kakeru|Melmetal, shiny|78\/100\n|\n|-weather|RainDance|[upkeep]\n|upkeep\n|turn|11\n|\n|t:|1659177067\n|switch|p2a: Sagi Sagi no Mi|Pelipper, F, shiny|100\/100\n|move|p1a: Tangrowth|Sleep Powder|p2a: Sagi Sagi no Mi\n|-status|p2a: Sagi Sagi no Mi|slp|[from] move: Sleep Powder\n|\n|-weather|RainDance|[upkeep]\n|upkeep\n|turn|12\n|\n|t:|1659177072\n|switch|p1a: Zapdos|Zapdos|53\/100\n|cant|p2a: Sagi Sagi no Mi|slp\n|\n|-weather|none\n|upkeep\n|turn|13\n|\n|t:|1659177077\n|switch|p2a: Neverland|Garchomp, F|28\/100\n|move|p1a: Zapdos|Volt Switch|p2a: Neverland\n|-immune|p2a: Neverland\n|\n|upkeep\n|turn|14\n|\n|t:|1659177085\n|switch|p1a: Corviknight|Corviknight, F|74\/100\n|-ability|p1a: Corviknight|Pressure\n|switch|p2a: Yoru ni Kakeru|Melmetal, shiny|78\/100\n|\n|upkeep\n|turn|15\n|\n|t:|1659177091\n|switch|p2a: Sagi Sagi no Mi|Pelipper, F, shiny|100\/100 slp\n|-weather|RainDance|[from] ability: Drizzle|[of] p2a: Sagi Sagi no Mi\n|move|p1a: Corviknight|Roost|p1a: Corviknight\n|-heal|p1a: Corviknight|100\/100\n|-singleturn|p1a: Corviknight|move: Roost\n|\n|-weather|RainDance|[upkeep]\n|upkeep\n|turn|16\n|\n|t:|1659177095\n|-curestatus|p2a: Sagi Sagi no Mi|slp|[msg]\n|move|p2a: Sagi Sagi no Mi|Hydro Pump|p1a: Corviknight\n|-damage|p1a: Corviknight|22\/100\n|move|p1a: Corviknight|U-turn|p2a: Sagi Sagi no Mi\n|-resisted|p2a: Sagi Sagi no Mi\n|-damage|p2a: Sagi Sagi no Mi|91\/100\n|\n|t:|1659177101\n|switch|p1a: Zapdos|Zapdos|53\/100|[from]move: U-turn\n|\n|-weather|RainDance|[upkeep]\n|upkeep\n|turn|17\n|\n|t:|1659177105\n|switch|p2a: Yoru ni Kakeru|Melmetal, shiny|78\/100\n|move|p1a: Zapdos|Thunder|p2a: Yoru ni Kakeru\n|-damage|p2a: Yoru ni Kakeru|40\/100\n|-status|p2a: Yoru ni Kakeru|par\n|\n|-weather|RainDance|[upkeep]\n|upkeep\n|turn|18\n|\n|t:|1659177114\n|switch|p1a: Tangrowth|Tangrowth, M|100\/100\n|switch|p2a: Sagi Sagi no Mi|Pelipper, F, shiny|91\/100\n|\n|-weather|RainDance|[upkeep]\n|upkeep\n|turn|19\n|\n|t:|1659177132\n|switch|p1a: Corviknight|Corviknight, F|22\/100\n|-ability|p1a: Corviknight|Pressure\n|move|p2a: Sagi Sagi no Mi|Hurricane|p1a: Corviknight\n|-resisted|p1a: Corviknight\n|-damage|p1a: Corviknight|0 fnt\n|faint|p1a: Corviknight\n|\n|-weather|none\n|upkeep\n|\n|t:|1659177141\n|switch|p1a: Zapdos|Zapdos|53\/100\n|turn|20\n|\n|t:|1659177147\n|switch|p2a: Neverland|Garchomp, F|28\/100\n|move|p1a: Zapdos|Hurricane|p2a: Neverland\n|-damage|p2a: Neverland|0 fnt\n|faint|p2a: Neverland\n|\n|upkeep\n|\n|t:|1659177153\n|switch|p2a: The Art of War|Urshifu-Rapid-Strike, F|51\/100\n|turn|21\n|\n|t:|1659177156\n|switch|p1a: Garchomp|Garchomp, M|100\/100\n|move|p2a: The Art of War|Ice Punch|p1a: Garchomp\n|-supereffective|p1a: Garchomp\n|-damage|p1a: Garchomp|10\/100\n|-damage|p2a: The Art of War|39\/100|[from] ability: Rough Skin|[of] p1a: Garchomp\n|-damage|p2a: The Art of War|22\/100|[from] item: Rocky Helmet|[of] p1a: Garchomp\n|\n|upkeep\n|turn|22\n|\n|t:|1659177165\n|switch|p2a: Death Parade|Moltres-Galar|100\/100\n|move|p1a: Garchomp|Endure||[still]\n|-fail|p1a: Garchomp\n|\n|upkeep\n|turn|23\n|\n|t:|1659177180\n|move|p2a: Death Parade|Nasty Plot|p2a: Death Parade\n|-boost|p2a: Death Parade|spa|2\n|move|p1a: Garchomp|Toxic|p2a: Death Parade\n|-status|p2a: Death Parade|tox\n|\n|-damage|p2a: Death Parade|94\/100 tox|[from] psn\n|upkeep\n|turn|24\n|\n|t:|1659177192\n|move|p1a: Garchomp|Endure|p1a: Garchomp\n|-singleturn|p1a: Garchomp|move: Endure\n|move|p2a: Death Parade|Agility|p2a: Death Parade\n|-boost|p2a: Death Parade|spe|2\n|\n|-damage|p2a: Death Parade|82\/100 tox|[from] psn\n|upkeep\n|turn|25\n|\n|t:|1659177201\n|switch|p1a: Hatterene|Hatterene, F|100\/100\n|move|p2a: Death Parade|Fiery Wrath|p1a: Hatterene\n|-damage|p1a: Hatterene|5\/100\n|\n|-heal|p1a: Hatterene|11\/100|[from] item: Leftovers\n|-damage|p2a: Death Parade|64\/100 tox|[from] psn\n|upkeep\n|turn|26\n|\n|t:|1659177207\n|move|p2a: Death Parade|Fiery Wrath|p1a: Hatterene\n|-damage|p1a: Hatterene|0 fnt\n|faint|p1a: Hatterene\n|\n|-damage|p2a: Death Parade|40\/100 tox|[from] psn\n|upkeep\n|\n|t:|1659177210\n|switch|p1a: Garchomp|Garchomp, M|10\/100\n|turn|27\n|\n|t:|1659177224\n|switch|p2a: Sagi Sagi no Mi|Pelipper, F, shiny|91\/100\n|-weather|RainDance|[from] ability: Drizzle|[of] p2a: Sagi Sagi no Mi\n|move|p1a: Garchomp|Endure||[still]\n|-fail|p1a: Garchomp\n|\n|-weather|RainDance|[upkeep]\n|upkeep\n|turn|28\n|\n|t:|1659177231\n|switch|p1a: Latias|Latias, F|100\/100\n|move|p2a: Sagi Sagi no Mi|Hurricane|p1a: Latias\n|-damage|p1a: Latias|32\/100\n|\n|-weather|RainDance|[upkeep]\n|upkeep\n|turn|29\n|\n|t:|1659177238\n|move|p1a: Latias|Healing Wish|p1a: Latias\n|faint|p1a: Latias\n|move|p2a: Sagi Sagi no Mi|Hurricane|p1: Latias|[notarget]\n|-fail|p2a: Sagi Sagi no Mi\n|\n|-weather|RainDance|[upkeep]\n|upkeep\n|\n|t:|1659177257\n|switch|p1a: Zapdos|Zapdos|53\/100\n|-heal|p1a: Zapdos|100\/100|[from] move: Healing Wish\n|turn|30\n|\n|t:|1659177262\n|switch|p2a: Death Parade|Moltres-Galar|40\/100 tox\n|move|p1a: Zapdos|Volt Switch|p2a: Death Parade\n|-supereffective|p2a: Death Parade\n|-damage|p2a: Death Parade|0 fnt\n|faint|p2a: Death Parade\n|\n|t:|1659177268\n|switch|p1a: Garchomp|Garchomp, M|10\/100|[from]move: Volt Switch\n|\n|-weather|RainDance|[upkeep]\n|upkeep\n|\n|t:|1659177274\n|switch|p2a: Sagi Sagi no Mi|Pelipper, F, shiny|91\/100\n|turn|31\n|\n|t:|1659177277\n|move|p1a: Garchomp|Stealth Rock|p2a: Sagi Sagi no Mi\n|-sidestart|p2: LT91BBYoruVelaNoxx|move: Stealth Rock\n|move|p2a: Sagi Sagi no Mi|Hurricane|p1a: Garchomp\n|-damage|p1a: Garchomp|0 fnt\n|faint|p1a: Garchomp\n|\n|-weather|none\n|upkeep\n|\n|t:|1659177281\n|switch|p1a: Zapdos|Zapdos|100\/100\n|turn|32\n|\n|t:|1659177284\n|switch|p2a: Yoru ni Kakeru|Melmetal, shiny|40\/100 par\n|-damage|p2a: Yoru ni Kakeru|33\/100 par|[from] Stealth Rock\n|move|p1a: Zapdos|Volt Switch|p2a: Yoru ni Kakeru\n|-damage|p2a: Yoru ni Kakeru|7\/100 par\n|\n|t:|1659177286\n|switch|p1a: Tangrowth|Tangrowth, M|100\/100|[from]move: Volt Switch\n|\n|upkeep\n|turn|33\n|\n|t:|1659177307\n|switch|p1a: Zapdos|Zapdos|100\/100\n|move|p2a: Yoru ni Kakeru|Ice Punch|p1a: Zapdos\n|-supereffective|p1a: Zapdos\n|-damage|p1a: Zapdos|29\/100\n|\n|upkeep\n|turn|34\n|\n|t:|1659177332\n|move|p1a: Zapdos|Thunder|p2a: Yoru ni Kakeru\n|-damage|p2a: Yoru ni Kakeru|0 fnt\n|faint|p2a: Yoru ni Kakeru\n|\n|upkeep\n|\n|t:|1659177334\n|switch|p2a: The Art of War|Urshifu-Rapid-Strike, F|22\/100\n|-damage|p2a: The Art of War|16\/100|[from] Stealth Rock\n|turn|35\n|\n|t:|1659177347\n|switch|p2a: Sagi Sagi no Mi|Pelipper, F, shiny|91\/100\n|-damage|p2a: Sagi Sagi no Mi|66\/100|[from] Stealth Rock\n|-weather|RainDance|[from] ability: Drizzle|[of] p2a: Sagi Sagi no Mi\n|switch|p1a: Tangrowth|Tangrowth, M|100\/100\n|\n|-weather|RainDance|[upkeep]\n|upkeep\n|turn|36\n|\n|t:|1659177368\n|move|p2a: Sagi Sagi no Mi|Hurricane|p1a: Tangrowth\n|-supereffective|p1a: Tangrowth\n|-damage|p1a: Tangrowth|0 fnt\n|faint|p1a: Tangrowth\n|\n|-weather|RainDance|[upkeep]\n|upkeep\n|\n|t:|1659177371\n|switch|p1a: Zapdos|Zapdos|29\/100\n|turn|37\n|\n|t:|1659177373\n|move|p1a: Zapdos|Thunder|p2a: Sagi Sagi no Mi\n|-supereffective|p2a: Sagi Sagi no Mi\n|-damage|p2a: Sagi Sagi no Mi|0 fnt\n|faint|p2a: Sagi Sagi no Mi\n|\n|-weather|RainDance|[upkeep]\n|upkeep\n|\n|t:|1659177375\n|switch|p2a: The Art of War|Urshifu-Rapid-Strike, F|16\/100\n|-damage|p2a: The Art of War|10\/100|[from] Stealth Rock\n|turn|38\n|\n|t:|1659177377\n|move|p2a: The Art of War|Surging Strikes|p1a: Zapdos\n|-crit|p1a: Zapdos\n|-damage|p1a: Zapdos|0 fnt\n|faint|p1a: Zapdos\n|-hitcount|p1: Zapdos|1\n|\n|win|LT91BBYoruVelaNoxx\n|raw|delchef's rating: 1696 &rarr; <strong>1675<\/strong><br \/>(-21 for losing)\n|raw|LT91BBYoruVelaNoxx's rating: 1680 &rarr; <strong>1701<\/strong><br \/>(+21 for winning)\n|c|\u2606delchef|gg\n|l|\u2606delchef\n","uploadtime":1659177413,"views":24,"p1id":"delchef","p2id":"lt91bbyoruvelanoxx","formatid":"gen8ou","rating":1675,"private":0,"password":null}