{"id":"gen8ru-1633560151","p1":"Mohan_123","p2":"xasah\u2764bae","format":"gen8ru","log":"|j|\u2606Mohan_123\n|j|\u2606xasah\u2764bae\n|inactive|Battle timer is ON: inactive players will automatically lose when time's up.\n|t:|1659795262\n|gametype|singles\n|player|p1|Mohan_123|cynthia-gen4|\n|player|p2|xasah\u2764bae|clerkf|\n|teamsize|p1|6\n|teamsize|p2|6\n|gen|8\n|tier|[Gen 8] RU\n|rated|Tournament battle\n|rule|Sleep Clause Mod: Limit one foe put to sleep\n|rule|Species Clause: Limit one of each Pok\u00e9mon\n|rule|OHKO Clause: OHKO moves are banned\n|rule|Evasion Items Clause: Evasion items are banned\n|rule|Evasion Moves Clause: Evasion moves are banned\n|rule|Endless Battle Clause: Forcing endless battles is banned\n|rule|HP Percentage Mod: HP is shown in percentages\n|rule|Dynamax Clause: You cannot dynamax\n|clearpoke\n|poke|p1|Cloyster, M|\n|poke|p1|Chandelure, M|\n|poke|p1|Heracross, M|\n|poke|p1|Flygon, M|\n|poke|p1|Metagross|\n|poke|p1|Togekiss, F|\n|poke|p2|Aerodactyl, M|\n|poke|p2|Salazzle, F|\n|poke|p2|Lucario, M|\n|poke|p2|Flygon, M|\n|poke|p2|Polteageist|\n|poke|p2|Celebi|\n|teampreview\n|j|*Lady Monita\n|j| BB-8-NU\n|inactive|Mohan_123 also wants the timer to be on.\n|j|%sirDonovan\n|j| Commander Beta\n|c|\u2606xasah\u2764bae|rip i loaded the wrong team\n|c|\u2606Mohan_123|Sad\n|inactive|Mohan_123 has 120 seconds left.\n|c|\u2606xasah\u2764bae|oh well\n|c|\u2606xasah\u2764bae|hf\n|j| ugikuhikuh\n|l| ugikuhikuh\n|c|\u2606Mohan_123|Still decent\n|c|\u2606xasah\u2764bae|could be\n|\n|t:|1659795310\n|start\n|switch|p1a: Flygon|Flygon, M, shiny|100\/100\n|switch|p2a: Aerodactyl|Aerodactyl, M|100\/100\n|-ability|p2a: Aerodactyl|Pressure\n|turn|1\n|j| Panquesito rex\n|j| PixelMaster98146\n|l| Panquesito rex\n|\n|t:|1659795337\n|move|p2a: Aerodactyl|Taunt|p1a: Flygon\n|-start|p1a: Flygon|move: Taunt\n|cant|p1a: Flygon|move: Taunt|Dragon Dance\n|\n|upkeep\n|turn|2\n|\n|t:|1659795341\n|move|p2a: Aerodactyl|Stealth Rock|p1a: Flygon\n|-sidestart|p1: Mohan_123|move: Stealth Rock\n|move|p1a: Flygon|Stone Edge|p2a: Aerodactyl\n|-supereffective|p2a: Aerodactyl\n|-enditem|p2a: Aerodactyl|Focus Sash\n|-damage|p2a: Aerodactyl|1\/100\n|-damage|p1a: Flygon|91\/100|[from] item: Life Orb\n|\n|upkeep\n|turn|3\n|\n|t:|1659795347\n|move|p2a: Aerodactyl|Rock Blast|p1a: Flygon\n|-resisted|p1a: Flygon\n|-damage|p1a: Flygon|83\/100\n|-resisted|p1a: Flygon\n|-damage|p1a: Flygon|76\/100\n|-resisted|p1a: Flygon\n|-damage|p1a: Flygon|68\/100\n|-resisted|p1a: Flygon\n|-damage|p1a: Flygon|60\/100\n|-hitcount|p1a: Flygon|4\n|move|p1a: Flygon|Stone Edge|p2a: Aerodactyl\n|-supereffective|p2a: Aerodactyl\n|-damage|p2a: Aerodactyl|0 fnt\n|faint|p2a: Aerodactyl\n|-damage|p1a: Flygon|50\/100|[from] item: Life Orb\n|\n|-end|p1a: Flygon|move: Taunt\n|upkeep\n|j| ThatBoiRadDad\n|j| Cnry\n|\n|t:|1659795364\n|switch|p2a: Salazzle|Salazzle, F|100\/100\n|turn|4\n|j| DuckCody\n|\n|t:|1659795369\n|move|p2a: Salazzle|Dragon Pulse|p1a: Flygon\n|-supereffective|p1a: Flygon\n|-damage|p1a: Flygon|0 fnt\n|faint|p1a: Flygon\n|\n|upkeep\n|\n|t:|1659795374\n|switch|p1a: Metagross|Metagross, shiny|100\/100\n|-damage|p1a: Metagross|94\/100|[from] Stealth Rock\n|turn|5\n|\n|t:|1659795378\n|move|p2a: Salazzle|Fire Blast|p1a: Metagross\n|-supereffective|p1a: Metagross\n|-damage|p1a: Metagross|0 fnt\n|faint|p1a: Metagross\n|\n|upkeep\n|\n|t:|1659795388\n|switch|p1a: Chandelure|Chandelure, M, shiny|100\/100\n|turn|6\n|\n|t:|1659795414\n|move|p2a: Salazzle|Sludge Bomb|p1a: Chandelure\n|-resisted|p1a: Chandelure\n|-damage|p1a: Chandelure|74\/100\n|move|p1a: Chandelure|Hex|p2a: Salazzle\n|-damage|p2a: Salazzle|46\/100\n|\n|upkeep\n|turn|7\n|\n|t:|1659795423\n|move|p2a: Salazzle|Sludge Bomb|p1a: Chandelure\n|-resisted|p1a: Chandelure\n|-damage|p1a: Chandelure|52\/100\n|move|p1a: Chandelure|Hex|p2a: Salazzle\n|-damage|p2a: Salazzle|0 fnt\n|faint|p2a: Salazzle\n|\n|upkeep\n|\n|t:|1659795436\n|switch|p2a: Flygon|Flygon, M|100\/100\n|turn|8\n|\n|t:|1659795442\n|move|p2a: Flygon|Dragon Dance|p2a: Flygon\n|-boost|p2a: Flygon|atk|1\n|-boost|p2a: Flygon|spe|1\n|move|p1a: Chandelure|Toxic|p2a: Flygon\n|-status|p2a: Flygon|tox\n|-enditem|p2a: Flygon|Lum Berry|[eat]\n|-curestatus|p2a: Flygon|tox|[msg]\n|\n|upkeep\n|turn|9\n|\n|t:|1659795450\n|move|p1a: Chandelure|Protect|p1a: Chandelure\n|-singleturn|p1a: Chandelure|Protect\n|move|p2a: Flygon|Earthquake|p1a: Chandelure\n|-activate|p1a: Chandelure|move: Protect\n|\n|upkeep\n|turn|10\n|l| ThatBoiRadDad\n|\n|t:|1659795468\n|switch|p1a: Togekiss|Togekiss, F|100\/100\n|move|p2a: Flygon|Earthquake|p1a: Togekiss\n|-immune|p1a: Togekiss\n|\n|upkeep\n|turn|11\n|j| Cjaybirdy\n|\n|t:|1659795472\n|move|p2a: Flygon|Iron Tail|p1a: Togekiss|[miss]\n|-miss|p2a: Flygon|p1a: Togekiss\n|move|p1a: Togekiss|Flamethrower|p2a: Flygon\n|-resisted|p2a: Flygon\n|-damage|p2a: Flygon|80\/100\n|\n|upkeep\n|turn|12\n|\n|t:|1659795479\n|move|p2a: Flygon|Iron Tail|p1a: Togekiss\n|-supereffective|p1a: Togekiss\n|-damage|p1a: Togekiss|13\/100\n|move|p1a: Togekiss|Flamethrower|p2a: Flygon\n|-resisted|p2a: Flygon\n|-damage|p2a: Flygon|57\/100\n|\n|upkeep\n|turn|13\n|j| Bonx2\n|\n|t:|1659795487\n|move|p2a: Flygon|Iron Tail|p1a: Togekiss|[miss]\n|-miss|p2a: Flygon|p1a: Togekiss\n|move|p1a: Togekiss|Flamethrower|p2a: Flygon\n|-resisted|p2a: Flygon\n|-damage|p2a: Flygon|33\/100\n|\n|upkeep\n|turn|14\n|\n|t:|1659795497\n|switch|p1a: Chandelure|Chandelure, M, shiny|52\/100\n|move|p2a: Flygon|Iron Tail|p1a: Chandelure\n|-resisted|p1a: Chandelure\n|-damage|p1a: Chandelure|28\/100\n|\n|upkeep\n|turn|15\n|\n|t:|1659795501\n|move|p1a: Chandelure|Protect|p1a: Chandelure\n|-singleturn|p1a: Chandelure|Protect\n|move|p2a: Flygon|Earthquake|p1a: Chandelure\n|-activate|p1a: Chandelure|move: Protect\n|\n|upkeep\n|turn|16\n|\n|t:|1659795508\n|move|p2a: Flygon|Earthquake|p1a: Chandelure\n|-supereffective|p1a: Chandelure\n|-damage|p1a: Chandelure|0 fnt\n|faint|p1a: Chandelure\n|\n|upkeep\n|\n|t:|1659795514\n|switch|p1a: Togekiss|Togekiss, F|13\/100\n|turn|17\n|\n|t:|1659795519\n|move|p2a: Flygon|Iron Tail|p1a: Togekiss\n|-supereffective|p1a: Togekiss\n|-damage|p1a: Togekiss|0 fnt\n|faint|p1a: Togekiss\n|\n|upkeep\n|\n|t:|1659795522\n|switch|p1a: Heracross|Heracross, M, shiny|100\/100\n|-damage|p1a: Heracross|88\/100|[from] Stealth Rock\n|turn|18\n|\n|t:|1659795527\n|move|p2a: Flygon|Outrage|p1a: Heracross\n|-damage|p1a: Heracross|0 fnt\n|faint|p1a: Heracross\n|\n|upkeep\n|c|\u2606xasah\u2764bae|gg\n|\n|t:|1659795531\n|switch|p1a: Cloyster|Cloyster, M, shiny|100\/100\n|-damage|p1a: Cloyster|76\/100|[from] Stealth Rock\n|turn|19\n|\n|t:|1659795534\n|move|p2a: Flygon|Outrage|p1a: Cloyster|[from]lockedmove\n|-damage|p1a: Cloyster|10\/100\n|move|p1a: Cloyster|Shell Smash|p1a: Cloyster\n|-unboost|p1a: Cloyster|def|1\n|-unboost|p1a: Cloyster|spd|1\n|-boost|p1a: Cloyster|atk|2\n|-boost|p1a: Cloyster|spa|2\n|-boost|p1a: Cloyster|spe|2\n|\n|upkeep\n|turn|20\n|\n|t:|1659795541\n|move|p2a: Flygon|Outrage|p1a: Cloyster|[from]lockedmove\n|-damage|p1a: Cloyster|0 fnt\n|faint|p1a: Cloyster\n|-start|p2a: Flygon|confusion|[fatigue]\n|\n|win|xasah\u2764bae\n|n|\u2606Mohan_123|mohan123\n|n|\u2606xasah\u2764bae|xasahbae\n|n|*Lady Monita|ladymonita\n|n| BB-8-NU|bb8nu\n|n|+sirDonovan|sirdonovan\n|n| Commander Beta|commanderbeta\n|n| PixelMaster98146|pixelmaster98146\n|n| Cnry|cnry\n|n| DuckCody|duckcody\n|n| Cjaybirdy|cjaybirdy\n|n| Bonx2|bonx2\n|l|*Lady Monita\n|l| BB-8-NU\n|l|+sirDonovan\n|l|\u2606Mohan_123\n","uploadtime":1659795549,"views":6,"p1id":"mohan123","p2id":"xasahbae","formatid":"gen8ru","rating":0,"private":0,"password":null}