{"id":"gen8balancedhackmons-1605981012","p1":"Redflix","p2":"superSkylake","format":"gen8balancedhackmons","log":"|j|\u2606Redflix\n|j|\u2606superSkylake\n|t:|1656423926\n|gametype|singles\n|player|p1|Redflix|erika|1733\n|player|p2|superSkylake|1|1448\n|teamsize|p1|6\n|teamsize|p2|6\n|gen|8\n|tier|[Gen 8] Balanced Hackmons\n|rated|\n|rule|OHKO Clause: OHKO moves are banned\n|rule|Evasion Moves Clause: Evasion moves are banned\n|rule|Forme Clause: Limit one of each forme of a Pok\u00e9mon\n|rule|HP Percentage Mod: HP is shown in percentages\n|rule|Dynamax Clause: You cannot dynamax\n|rule|Sleep Clause: Sleep-inducing moves are banned\n|rule|Endless Battle Clause: Forcing endless battles is banned\n|clearpoke\n|poke|p1|Ho-Oh|\n|poke|p1|Yveltal|\n|poke|p1|Regigigas|\n|poke|p1|Giratina|\n|poke|p1|Kyogre|\n|poke|p1|Zamazenta-Crowned|\n|poke|p2|Eternatus|\n|poke|p2|Regigigas|\n|poke|p2|Dialga|\n|poke|p2|Zamazenta-Crowned|\n|poke|p2|Giratina|\n|poke|p2|Chansey, F|\n|teampreview\n|inactive|Battle timer is ON: inactive players will automatically lose when time's up. (requested by Redflix)\n|inactive|Redflix has 120 seconds left.\n|\n|t:|1656423973\n|start\n|switch|p1a: Kyogre|Kyogre|100\/100\n|switch|p2a: Arishem|Eternatus|100\/100\n|turn|1\n|\n|t:|1656423988\n|switch|p2a: party don't stop|Dialga|100\/100\n|move|p1a: Kyogre|Nuzzle|p2a: party don't stop\n|-resisted|p2a: party don't stop\n|-damage|p2a: party don't stop|99\/100\n|-status|p2a: party don't stop|par\n|\n|upkeep\n|turn|2\n|\n|t:|1656423996\n|move|p1a: Kyogre|Nuzzle|p2a: party don't stop\n|-resisted|p2a: party don't stop\n|-damage|p2a: party don't stop|97\/100 par\n|move|p2a: party don't stop|U-turn|p1a: Kyogre\n|-damage|p1a: Kyogre|84\/100\n|\n|t:|1656424006\n|switch|p2a: Read At 3:19 AM|Regigigas|100\/100|[from]move: U-turn\n|\n|-status|p2a: Read At 3:19 AM|tox|[from] item: Toxic Orb\n|upkeep\n|turn|3\n|\n|t:|1656424017\n|switch|p1a: Giratina|Giratina|100\/100\n|move|p2a: Read At 3:19 AM|Spikes|p1a: Giratina\n|-sidestart|p1: Redflix|Spikes\n|\n|upkeep\n|turn|4\n|\n|t:|1656424027\n|switch|p2a: ajushee|Giratina, shiny|100\/100\n|move|p1a: Giratina|Core Enforcer|p2a: ajushee\n|-supereffective|p2a: ajushee\n|-damage|p2a: ajushee|55\/100\n|\n|upkeep\n|turn|5\n|\n|t:|1656424039\n|switch|p1a: Regigigas|Regigigas|100\/100\n|-damage|p1a: Regigigas|88\/100|[from] Spikes\n|move|p2a: ajushee|Knock Off|p1a: Regigigas\n|-damage|p1a: Regigigas|73\/100\n|-enditem|p1a: Regigigas|Toxic Orb|[from] move: Knock Off|[of] p2a: ajushee\n|\n|upkeep\n|turn|6\n|\n|t:|1656424047\n|move|p1a: Regigigas|Spikes|p2a: ajushee\n|move|p2a: ajushee|Spikes|p1a: Regigigas|[from]ability: Magic Bounce\n|-sidestart|p1: Redflix|Spikes\n|move|p2a: ajushee|Recover|p2a: ajushee\n|-heal|p2a: ajushee|100\/100\n|\n|upkeep\n|turn|7\n|\n|t:|1656424052\n|switch|p1a: Ho-Oh|Ho-Oh|100\/100\n|move|p2a: ajushee|Teleport|p2a: ajushee\n|\n|t:|1656424059\n|switch|p2a: Buy My NFT|Chansey, F|100\/100|[from]move: Teleport\n|-transform|p2a: Buy My NFT|p1a: Ho-Oh|[from] ability: Imposter\n|\n|upkeep\n|turn|8\n|\n|t:|1656424064\n|move|p1a: Ho-Oh|Defog|p2a: Buy My NFT\n|-unboost|p2a: Buy My NFT|evasion|1\n|-sideend|p1: Redflix|Spikes|[from] move: Defog|[of] p1a: Ho-Oh\n|move|p2a: Buy My NFT|Fire Lash|p1a: Ho-Oh\n|-resisted|p1a: Ho-Oh\n|-damage|p1a: Ho-Oh|85\/100\n|-unboost|p1a: Ho-Oh|def|1\n|\n|upkeep\n|turn|9\n|\n|t:|1656424071\n|switch|p2a: Arishem|Eternatus|100\/100\n|switch|p1a: Kyogre|Kyogre|100\/100\n|\n|upkeep\n|turn|10\n|\n|t:|1656424092\n|switch|p2a: Read At 3:19 AM|Regigigas|100\/100 tox\n|move|p1a: Kyogre|U-turn|p2a: Read At 3:19 AM\n|-damage|p2a: Read At 3:19 AM|90\/100 tox\n|\n|t:|1656424097\n|switch|p1a: Zamazenta|Zamazenta-Crowned|100\/100|[from]move: U-turn\n|\n|-heal|p2a: Read At 3:19 AM|100\/100 tox|[from] ability: Poison Heal\n|upkeep\n|turn|11\n|\n|t:|1656424109\n|switch|p2a: ajushee|Giratina, shiny|100\/100\n|move|p1a: Zamazenta|Knock Off|p2a: ajushee\n|-supereffective|p2a: ajushee\n|-damage|p2a: ajushee|80\/100\n|\n|upkeep\n|turn|12\n|\n|t:|1656424116\n|switch|p1a: Regigigas|Regigigas|73\/100\n|move|p2a: ajushee|Knock Off|p1a: Regigigas\n|-damage|p1a: Regigigas|62\/100\n|\n|upkeep\n|turn|13\n|\n|t:|1656424127\n|switch|p2a: party don't stop|Dialga|100\/100 par\n|move|p1a: Regigigas|Dragon Dance|p1a: Regigigas\n|-boost|p1a: Regigigas|atk|1\n|-boost|p1a: Regigigas|spe|1\n|\n|upkeep\n|turn|14\n|\n|t:|1656424133\n|move|p1a: Regigigas|Precipice Blades|p2a: party don't stop|[miss]\n|-miss|p1a: Regigigas|p2a: party don't stop\n|move|p2a: party don't stop|Doom Desire|p1a: Regigigas\n|-start|p2a: party don't stop|Doom Desire\n|\n|upkeep\n|turn|15\n|c|\u2606Redflix|man\n|c|\u2606superSkylake|ouch\n|c|\u2606Redflix|that sucks a lot\n|\n|t:|1656424152\n|switch|p2a: Read At 3:19 AM|Regigigas|100\/100 tox\n|move|p1a: Regigigas|Spikes|p2a: Read At 3:19 AM\n|-sidestart|p2: superSkylake|Spikes\n|\n|upkeep\n|turn|16\n|\n|t:|1656424166\n|move|p1a: Regigigas|Facade|p2a: Read At 3:19 AM\n|-damage|p2a: Read At 3:19 AM|59\/100 tox\n|move|p2a: Read At 3:19 AM|Facade|p1a: Regigigas\n|-damage|p1a: Regigigas|12\/100\n|\n|-end|p1a: Regigigas|move: Doom Desire\n|-damage|p1a: Regigigas|0 fnt\n|faint|p1a: Regigigas\n|-heal|p2a: Read At 3:19 AM|72\/100 tox|[from] ability: Poison Heal\n|upkeep\n|\n|t:|1656424176\n|switch|p1a: Zamazenta|Zamazenta-Crowned|100\/100\n|turn|17\n|\n|t:|1656424187\n|switch|p1a: Ho-Oh|Ho-Oh|85\/100\n|switch|p2a: ajushee|Giratina, shiny|80\/100\n|-damage|p2a: ajushee|67\/100|[from] Spikes\n|\n|upkeep\n|turn|18\n|\n|t:|1656424191\n|move|p2a: ajushee|Knock Off|p1a: Ho-Oh\n|-damage|p1a: Ho-Oh|68\/100\n|-enditem|p1a: Ho-Oh|Life Orb|[from] move: Knock Off|[of] p2a: ajushee\n|move|p1a: Ho-Oh|Fire Lash|p2a: ajushee\n|-resisted|p2a: ajushee\n|-damage|p2a: ajushee|57\/100\n|-unboost|p2a: ajushee|def|1\n|\n|upkeep\n|turn|19\n|\n|t:|1656424199\n|move|p1a: Ho-Oh|Brave Bird|p2a: ajushee\n|-damage|p2a: ajushee|16\/100\n|move|p2a: ajushee|Worry Seed|p1a: Ho-Oh\n|-endability|p1a: Ho-Oh|Magic Guard|[from] move: Worry Seed\n|-ability|p1a: Ho-Oh|Insomnia|[from] move: Worry Seed\n|\n|upkeep\n|turn|20\n|\n|t:|1656424212\n|switch|p2a: Buy My NFT|Chansey, F|100\/100\n|-damage|p2a: Buy My NFT|88\/100|[from] Spikes\n|-transform|p2a: Buy My NFT|p1a: Ho-Oh|[from] ability: Imposter\n|move|p1a: Ho-Oh|Brave Bird|p2a: Buy My NFT\n|-damage|p2a: Buy My NFT|70\/100\n|-damage|p1a: Ho-Oh|58\/100|[from] Recoil\n|\n|upkeep\n|turn|21\n|\n|t:|1656424221\n|move|p1a: Ho-Oh|Shore Up|p1a: Ho-Oh\n|-heal|p1a: Ho-Oh|100\/100\n|move|p2a: Buy My NFT|Shore Up|p2a: Buy My NFT\n|-heal|p2a: Buy My NFT|100\/100\n|\n|upkeep\n|turn|22\n|\n|t:|1656424226\n|switch|p1a: Kyogre|Kyogre|100\/100\n|move|p2a: Buy My NFT|Defog|p1a: Kyogre\n|-unboost|p1a: Kyogre|evasion|1\n|-sideend|p2: superSkylake|Spikes|[from] move: Defog|[of] p2a: Buy My NFT\n|\n|upkeep\n|turn|23\n|\n|t:|1656424232\n|switch|p2a: party don't stop|Dialga|100\/100 par\n|move|p1a: Kyogre|U-turn|p2a: party don't stop\n|-resisted|p2a: party don't stop\n|-damage|p2a: party don't stop|95\/100 par\n|\n|t:|1656424234\n|switch|p1a: Zamazenta|Zamazenta-Crowned|100\/100|[from]move: U-turn\n|\n|upkeep\n|turn|24\n|\n|t:|1656424240\n|move|p1a: Zamazenta|Knock Off|p2a: party don't stop\n|-damage|p2a: party don't stop|76\/100 par\n|-enditem|p2a: party don't stop|Assault Vest|[from] move: Knock Off|[of] p1a: Zamazenta\n|move|p2a: party don't stop|U-turn|p1a: Zamazenta\n|-resisted|p1a: Zamazenta\n|-damage|p1a: Zamazenta|98\/100\n|\n|t:|1656424245\n|switch|p2a: ajushee|Giratina, shiny|16\/100|[from]move: U-turn\n|\n|-heal|p1a: Zamazenta|100\/100|[from] item: Leftovers\n|upkeep\n|turn|25\n|\n|t:|1656424248\n|move|p1a: Zamazenta|Knock Off|p2a: ajushee\n|-supereffective|p2a: ajushee\n|-damage|p2a: ajushee|0 fnt\n|faint|p2a: ajushee\n|\n|upkeep\n|\n|t:|1656424256\n|switch|p2a: Spec Ops: The Line|Zamazenta-Crowned|100\/100\n|-weather|PrimordialSea|[from] ability: Primordial Sea|[of] p2a: Spec Ops: The Line\n|turn|26\n|\n|t:|1656424265\n|switch|p1a: Giratina|Giratina|100\/100\n|move|p2a: Spec Ops: The Line|Flip Turn|p1a: Giratina\n|-resisted|p1a: Giratina\n|-damage|p1a: Giratina|93\/100\n|\n|t:|1656424271\n|-weather|none\n|switch|p2a: Read At 3:19 AM|Regigigas|72\/100 tox|[from]move: Flip Turn\n|\n|-heal|p1a: Giratina|99\/100|[from] item: Leftovers\n|-heal|p2a: Read At 3:19 AM|84\/100 tox|[from] ability: Poison Heal\n|upkeep\n|turn|27\n|\n|t:|1656424277\n|switch|p1a: Zamazenta|Zamazenta-Crowned|100\/100\n|move|p2a: Read At 3:19 AM|Spikes|p1a: Zamazenta\n|move|p1a: Zamazenta|Spikes|p2a: Read At 3:19 AM|[from]ability: Magic Bounce\n|-sidestart|p2: superSkylake|Spikes\n|\n|-heal|p2a: Read At 3:19 AM|97\/100 tox|[from] ability: Poison Heal\n|upkeep\n|turn|28\n|\n|t:|1656424282\n|move|p1a: Zamazenta|Thunderous Kick|p2a: Read At 3:19 AM\n|-supereffective|p2a: Read At 3:19 AM\n|-damage|p2a: Read At 3:19 AM|37\/100 tox\n|-unboost|p2a: Read At 3:19 AM|def|1\n|move|p2a: Read At 3:19 AM|Shift Gear|p2a: Read At 3:19 AM\n|-boost|p2a: Read At 3:19 AM|spe|2\n|-boost|p2a: Read At 3:19 AM|atk|1\n|\n|-heal|p2a: Read At 3:19 AM|50\/100 tox|[from] ability: Poison Heal\n|upkeep\n|turn|29\n|\n|t:|1656424287\n|switch|p1a: Giratina|Giratina|99\/100\n|move|p2a: Read At 3:19 AM|Precipice Blades|p1a: Giratina\n|-damage|p1a: Giratina|67\/100\n|\n|-heal|p1a: Giratina|73\/100|[from] item: Leftovers\n|-heal|p2a: Read At 3:19 AM|62\/100 tox|[from] ability: Poison Heal\n|upkeep\n|turn|30\n|\n|t:|1656424300\n|switch|p2a: party don't stop|Dialga|100\/100 par\n|-damage|p2a: party don't stop|88\/100 par|[from] Spikes\n|move|p1a: Giratina|Core Enforcer|p2a: party don't stop\n|-damage|p2a: party don't stop|63\/100 par\n|\n|-heal|p1a: Giratina|79\/100|[from] item: Leftovers\n|upkeep\n|turn|31\n|\n|t:|1656424308\n|switch|p1a: Zamazenta|Zamazenta-Crowned|100\/100\n|cant|p2a: party don't stop|par\n|\n|upkeep\n|turn|32\n|\n|t:|1656424314\n|move|p1a: Zamazenta|Thunderous Kick|p2a: party don't stop\n|-supereffective|p2a: party don't stop\n|-damage|p2a: party don't stop|8\/100 par\n|-unboost|p2a: party don't stop|def|1\n|cant|p2a: party don't stop|par\n|\n|upkeep\n|turn|33\n|\n|t:|1656424319\n|switch|p2a: Arishem|Eternatus|100\/100\n|-damage|p2a: Arishem|88\/100|[from] Spikes\n|move|p1a: Zamazenta|Thunderous Kick|p2a: Arishem\n|-resisted|p2a: Arishem\n|-crit|p2a: Arishem\n|-damage|p2a: Arishem|67\/100\n|-unboost|p2a: Arishem|def|1\n|\n|-heal|p2a: Arishem|74\/100|[from] item: Black Sludge\n|upkeep\n|turn|34\n|j| TW_Caster\n|\n|t:|1656424331\n|switch|p1a: Kyogre|Kyogre|100\/100\n|move|p2a: Arishem|Sludge Bomb|p1a: Kyogre\n|-damage|p1a: Kyogre|78\/100\n|-status|p1a: Kyogre|psn\n|\n|-heal|p2a: Arishem|80\/100|[from] item: Black Sludge\n|-damage|p1a: Kyogre|66\/100 psn|[from] psn\n|upkeep\n|turn|35\n|\n|t:|1656424341\n|switch|p2a: Read At 3:19 AM|Regigigas|62\/100 tox\n|-damage|p2a: Read At 3:19 AM|50\/100 tox|[from] Spikes\n|move|p1a: Kyogre|U-turn|p2a: Read At 3:19 AM\n|-damage|p2a: Read At 3:19 AM|39\/100 tox\n|\n|t:|1656424345\n|switch|p1a: Zamazenta|Zamazenta-Crowned|100\/100|[from]move: U-turn\n|\n|-heal|p2a: Read At 3:19 AM|52\/100 tox|[from] ability: Poison Heal\n|upkeep\n|turn|36\n|\n|t:|1656424358\n|switch|p2a: Arishem|Eternatus|80\/100\n|-damage|p2a: Arishem|67\/100|[from] Spikes\n|move|p1a: Zamazenta|Thunderous Kick|p2a: Arishem\n|-resisted|p2a: Arishem\n|-damage|p2a: Arishem|53\/100\n|-unboost|p2a: Arishem|def|1\n|\n|-heal|p2a: Arishem|59\/100|[from] item: Black Sludge\n|upkeep\n|turn|37\n|\n|t:|1656424367\n|move|p2a: Arishem|Core Enforcer|p1a: Zamazenta\n|-resisted|p1a: Zamazenta\n|-damage|p1a: Zamazenta|82\/100\n|move|p1a: Zamazenta|Knock Off|p2a: Arishem\n|-damage|p2a: Arishem|32\/100\n|-enditem|p2a: Arishem|Black Sludge|[from] move: Knock Off|[of] p1a: Zamazenta\n|\n|-heal|p1a: Zamazenta|88\/100|[from] item: Leftovers\n|upkeep\n|turn|38\n|\n|t:|1656424375\n|switch|p1a: Kyogre|Kyogre|99\/100 psn\n|move|p2a: Arishem|Sludge Bomb|p1a: Kyogre\n|-damage|p1a: Kyogre|75\/100 psn\n|\n|-damage|p1a: Kyogre|63\/100 psn|[from] psn\n|upkeep\n|turn|39\n|\n|t:|1656424384\n|switch|p2a: party don't stop|Dialga|41\/100 par\n|-damage|p2a: party don't stop|28\/100 par|[from] Spikes\n|move|p1a: Kyogre|U-turn|p2a: party don't stop\n|-resisted|p2a: party don't stop\n|-damage|p2a: party don't stop|23\/100 par\n|\n|t:|1656424388\n|switch|p1a: Yveltal|Yveltal|100\/100|[from]move: U-turn\n|\n|upkeep\n|turn|40\n|\n|t:|1656424394\n|move|p1a: Yveltal|Nasty Plot|p1a: Yveltal\n|-boost|p1a: Yveltal|spa|2\n|cant|p2a: party don't stop|par\n|\n|upkeep\n|turn|41\n|\n|t:|1656424404\n|switch|p2a: Spec Ops: The Line|Zamazenta-Crowned|100\/100\n|-damage|p2a: Spec Ops: The Line|88\/100|[from] Spikes\n|-weather|PrimordialSea|[from] ability: Primordial Sea|[of] p2a: Spec Ops: The Line\n|move|p1a: Yveltal|Imprison|p1a: Yveltal\n|-start|p1a: Yveltal|move: Imprison\n|\n|-weather|PrimordialSea|[upkeep]\n|-heal|p2a: Spec Ops: The Line|94\/100|[from] item: Leftovers\n|upkeep\n|turn|42\n|\n|t:|1656424413\n|move|p1a: Yveltal|Oblivion Wing|p2a: Spec Ops: The Line\n|-damage|p2a: Spec Ops: The Line|32\/100\n|move|p2a: Spec Ops: The Line|Heal Bell|p2a: Spec Ops: The Line\n|-activate|p2a: Spec Ops: The Line|move: Heal Bell\n|-curestatus|p2: party don't stop|par|[msg]\n|-curestatus|p2: Read At 3:19 AM|tox|[msg]\n|\n|-weather|PrimordialSea|[upkeep]\n|-heal|p2a: Spec Ops: The Line|38\/100|[from] item: Leftovers\n|upkeep\n|turn|43\n|\n|t:|1656424425\n|-weather|none\n|switch|p2a: Buy My NFT|Chansey, F|100\/100\n|-damage|p2a: Buy My NFT|88\/100|[from] Spikes\n|-transform|p2a: Buy My NFT|p1a: Yveltal|[from] ability: Imposter\n|move|p1a: Yveltal|Oblivion Wing|p2a: Buy My NFT\n|-damage|p2a: Buy My NFT|57\/100\n|\n|upkeep\n|turn|44\n|\n|t:|1656424431\n|-activate|p2a: Buy My NFT|move: Struggle\n|move|p2a: Buy My NFT|Struggle|p1a: Yveltal\n|-damage|p1a: Yveltal|94\/100\n|-damage|p2a: Buy My NFT|32\/100|[from] recoil\n|move|p1a: Yveltal|Nasty Plot|p1a: Yveltal\n|-boost|p1a: Yveltal|spa|2\n|\n|upkeep\n|turn|45\n|\n|t:|1656424436\n|move|p1a: Yveltal|Oblivion Wing|p2a: Buy My NFT\n|-damage|p2a: Buy My NFT|0 fnt\n|-heal|p1a: Yveltal|100\/100|[from] drain|[of] p2a: Buy My NFT\n|faint|p2a: Buy My NFT\n|\n|upkeep\n|\n|t:|1656424452\n|switch|p2a: party don't stop|Dialga|56\/100\n|-damage|p2a: party don't stop|44\/100|[from] Spikes\n|turn|46\n|\n|t:|1656424459\n|move|p1a: Yveltal|Magma Storm|p2a: party don't stop\n|-damage|p2a: party don't stop|0 fnt\n|faint|p2a: party don't stop\n|\n|upkeep\n|-message|superSkylake forfeited.\n|\n|win|Redflix\n|raw|Redflix's rating: 1733 &rarr; <strong>1739<\/strong><br \/>(+6 for winning)\n|raw|superSkylake's rating: 1448 &rarr; <strong>1442<\/strong><br \/>(-6 for losing)\n","uploadtime":1656424467,"views":33,"p1id":"redflix","p2id":"superskylake","formatid":"gen8balancedhackmons","rating":1442,"private":0,"password":null}