{"id":"gen8ou-1062923165","p1":"FIRE LORD AESON!","p2":"winter lanterns","format":"gen8ou","log":"|j|\u2606FIRE LORD AESON!\n|j|\u2606winter lanterns\n|player|p1|FIRE LORD AESON!|red-gen1|1691\n|player|p2|winter lanterns|169|1773\n|teamsize|p1|6\n|teamsize|p2|6\n|gametype|singles\n|gen|8\n|tier|[Gen 8] OU\n|rated|\n|clearpoke\n|poke|p1|Torkoal, F|\n|poke|p1|Hydreigon, F|\n|poke|p1|Hatterene, F|\n|poke|p1|Charizard, M|\n|poke|p1|Kommo-o, F|\n|poke|p1|Cinderace, M|\n|poke|p2|Zeraora|\n|poke|p2|Kyurem|\n|poke|p2|Melmetal|\n|poke|p2|Togekiss, M|\n|poke|p2|Cinderace, F|\n|poke|p2|Rotom-Heat|\n|rule|Sleep Clause Mod: Limit one foe put to sleep\n|rule|Species Clause: Limit one of each Pok\u00e9mon\n|rule|OHKO Clause: OHKO moves are banned\n|rule|Evasion Moves Clause: Evasion moves are banned\n|rule|Endless Battle Clause: Forcing endless battles is banned\n|rule|HP Percentage Mod: HP is shown in percentages\n|rule|Dynamax Clause: You cannot dynamax\n|teampreview\n|j| AAA8833\n|j| GyroLoss\n|\n|start\n|switch|p1a: AESON\u2600\ufe0fSCORSESE|Kommo-o, F|100\/100\n|switch|p2a: Togekiss|Togekiss, M|100\/100\n|turn|1\n|\n|switch|p1a: \u2600\ufe0fRESPECT THE SUN\u2600|Torkoal, F, shiny|100\/100\n|-weather|SunnyDay|[from] ability: Drought|[of] p1a: \u2600\ufe0fRESPECT THE SUN\u2600\n|move|p2a: Togekiss|Air Slash|p1a: \u2600\ufe0fRESPECT THE SUN\u2600\n|-damage|p1a: \u2600\ufe0fRESPECT THE SUN\u2600|54\/100\n|\n|-weather|SunnyDay|[upkeep]\n|upkeep\n|turn|2\n|\n|switch|p1a: NEW AESON VID???|Hydreigon, F|100\/100\n|move|p2a: Togekiss|Substitute|p2a: Togekiss\n|-start|p2a: Togekiss|Substitute\n|-damage|p2a: Togekiss|76\/100\n|\n|-weather|SunnyDay|[upkeep]\n|-heal|p2a: Togekiss|82\/100|[from] item: Leftovers\n|upkeep\n|turn|3\n|l| GyroLoss\n|\n|move|p1a: NEW AESON VID???|Iron Tail|p2a: Togekiss\n|-supereffective|p2a: Togekiss\n|-end|p2a: Togekiss|Substitute\n|move|p2a: Togekiss|Air Slash|p1a: NEW AESON VID???\n|-damage|p1a: NEW AESON VID???|56\/100\n|\n|-weather|SunnyDay|[upkeep]\n|-heal|p1a: NEW AESON VID???|62\/100|[from] item: Leftovers\n|-heal|p2a: Togekiss|88\/100|[from] item: Leftovers\n|upkeep\n|turn|4\n|\n|switch|p2a: Cinderace|Cinderace, F|100\/100\n|move|p1a: NEW AESON VID???|Dragon Dance|p1a: NEW AESON VID???\n|-boost|p1a: NEW AESON VID???|atk|1\n|-boost|p1a: NEW AESON VID???|spe|1\n|\n|-weather|SunnyDay|[upkeep]\n|-heal|p1a: NEW AESON VID???|68\/100|[from] item: Leftovers\n|upkeep\n|turn|5\n|\n|move|p1a: NEW AESON VID???|Crunch|p2a: Cinderace\n|-damage|p2a: Cinderace|21\/100\n|move|p2a: Cinderace|U-turn|p1a: NEW AESON VID???\n|-supereffective|p1a: NEW AESON VID???\n|-crit|p1a: NEW AESON VID???\n|-damage|p1a: NEW AESON VID???|0 fnt\n|faint|p1a: NEW AESON VID???\n|\n|switch|p2a: Rotom|Rotom-Heat|100\/100|[from]move: U-turn\n|\n|-weather|SunnyDay|[upkeep]\n|upkeep\n|\n|switch|p1a: AESON\u2600\ufe0fSCORSESE|Kommo-o, F|100\/100\n|turn|6\n|\n|move|p2a: Rotom|Toxic|p1a: AESON\u2600\ufe0fSCORSESE\n|-status|p1a: AESON\u2600\ufe0fSCORSESE|tox\n|move|p1a: AESON\u2600\ufe0fSCORSESE|Clangorous Soul|p1a: AESON\u2600\ufe0fSCORSESE\n|-boost|p1a: AESON\u2600\ufe0fSCORSESE|atk|1\n|-boost|p1a: AESON\u2600\ufe0fSCORSESE|def|1\n|-boost|p1a: AESON\u2600\ufe0fSCORSESE|spa|1\n|-boost|p1a: AESON\u2600\ufe0fSCORSESE|spd|1\n|-boost|p1a: AESON\u2600\ufe0fSCORSESE|spe|1\n|-damage|p1a: AESON\u2600\ufe0fSCORSESE|67\/100 tox\n|-enditem|p1a: AESON\u2600\ufe0fSCORSESE|Throat Spray\n|-boost|p1a: AESON\u2600\ufe0fSCORSESE|spa|1|[from] item: Throat Spray\n|\n|-weather|SunnyDay|[upkeep]\n|-damage|p1a: AESON\u2600\ufe0fSCORSESE|61\/100 tox|[from] psn\n|upkeep\n|turn|7\n|\n|move|p1a: AESON\u2600\ufe0fSCORSESE|Clanging Scales|p2a: Rotom\n|-damage|p2a: Rotom|0 fnt\n|-unboost|p1a: AESON\u2600\ufe0fSCORSESE|def|1\n|faint|p2a: Rotom\n|\n|-weather|SunnyDay|[upkeep]\n|-damage|p1a: AESON\u2600\ufe0fSCORSESE|49\/100 tox|[from] psn\n|upkeep\n|\n|switch|p2a: Togekiss|Togekiss, M|88\/100\n|turn|8\n|\n|switch|p2a: Melmetal|Melmetal|100\/100\n|move|p1a: AESON\u2600\ufe0fSCORSESE|Flash Cannon|p2a: Melmetal\n|-resisted|p2a: Melmetal\n|-damage|p2a: Melmetal|75\/100\n|\n|-weather|none\n|-damage|p1a: AESON\u2600\ufe0fSCORSESE|30\/100 tox|[from] psn\n|upkeep\n|turn|9\n|\n|move|p1a: AESON\u2600\ufe0fSCORSESE|Drain Punch|p2a: Melmetal\n|-supereffective|p2a: Melmetal\n|-crit|p2a: Melmetal\n|-damage|p2a: Melmetal|9\/100\n|-heal|p1a: AESON\u2600\ufe0fSCORSESE|84\/100 tox|[from] drain|[of] p2a: Melmetal\n|move|p2a: Melmetal|Double Iron Bash|p1a: AESON\u2600\ufe0fSCORSESE\n|-damage|p1a: AESON\u2600\ufe0fSCORSESE|22\/100 tox\n|-damage|p1a: AESON\u2600\ufe0fSCORSESE|0 fnt\n|-hitcount|p1a: AESON\u2600\ufe0fSCORSESE|2\n|faint|p1a: AESON\u2600\ufe0fSCORSESE\n|\n|upkeep\n|\n|switch|p1a: \u2600\ufe0fRESPECT THE SUN\u2600|Torkoal, F, shiny|54\/100\n|-weather|SunnyDay|[from] ability: Drought|[of] p1a: \u2600\ufe0fRESPECT THE SUN\u2600\n|turn|10\n|\n|move|p2a: Melmetal|Double Iron Bash|p1a: \u2600\ufe0fRESPECT THE SUN\u2600\n|-resisted|p1a: \u2600\ufe0fRESPECT THE SUN\u2600\n|-damage|p1a: \u2600\ufe0fRESPECT THE SUN\u2600|33\/100\n|-resisted|p1a: \u2600\ufe0fRESPECT THE SUN\u2600\n|-damage|p1a: \u2600\ufe0fRESPECT THE SUN\u2600|10\/100\n|-hitcount|p1a: \u2600\ufe0fRESPECT THE SUN\u2600|2\n|move|p1a: \u2600\ufe0fRESPECT THE SUN\u2600|Stealth Rock|p2a: Melmetal\n|-sidestart|p2: winter lanterns|move: Stealth Rock\n|\n|-weather|SunnyDay|[upkeep]\n|upkeep\n|turn|11\n|\n|move|p2a: Melmetal|Double Iron Bash|p1a: \u2600\ufe0fRESPECT THE SUN\u2600\n|-resisted|p1a: \u2600\ufe0fRESPECT THE SUN\u2600\n|-crit|p1a: \u2600\ufe0fRESPECT THE SUN\u2600\n|-damage|p1a: \u2600\ufe0fRESPECT THE SUN\u2600|0 fnt\n|-hitcount|p1a: \u2600\ufe0fRESPECT THE SUN\u2600|1\n|faint|p1a: \u2600\ufe0fRESPECT THE SUN\u2600\n|\n|-weather|SunnyDay|[upkeep]\n|upkeep\n|\n|switch|p1a: \ud83d\udd25SICK BURN BRO\ud83d\udd25|Charizard, M|100\/100\n|turn|12\n|\n|move|p1a: \ud83d\udd25SICK BURN BRO\ud83d\udd25|Fire Blast|p2a: Melmetal\n|-supereffective|p2a: Melmetal\n|-damage|p2a: Melmetal|0 fnt\n|faint|p2a: Melmetal\n|\n|-weather|SunnyDay|[upkeep]\n|-damage|p1a: \ud83d\udd25SICK BURN BRO\ud83d\udd25|88\/100|[from] ability: Solar Power|[of] p1a: \ud83d\udd25SICK BURN BRO\ud83d\udd25\n|upkeep\n|\n|switch|p2a: Cinderace|Cinderace, F|21\/100\n|turn|13\n|\n|move|p1a: \ud83d\udd25SICK BURN BRO\ud83d\udd25|Fire Blast|p2a: Cinderace\n|-resisted|p2a: Cinderace\n|-damage|p2a: Cinderace|0 fnt\n|faint|p2a: Cinderace\n|\n|-weather|SunnyDay|[upkeep]\n|-damage|p1a: \ud83d\udd25SICK BURN BRO\ud83d\udd25|76\/100|[from] ability: Solar Power|[of] p1a: \ud83d\udd25SICK BURN BRO\ud83d\udd25\n|upkeep\n|\n|switch|p2a: Zeraora|Zeraora|100\/100\n|-damage|p2a: Zeraora|88\/100|[from] Stealth Rock\n|turn|14\n|\n|move|p1a: \ud83d\udd25SICK BURN BRO\ud83d\udd25|Fire Blast|p2a: Zeraora\n|-damage|p2a: Zeraora|0 fnt\n|faint|p2a: Zeraora\n|\n|-weather|SunnyDay|[upkeep]\n|-damage|p1a: \ud83d\udd25SICK BURN BRO\ud83d\udd25|63\/100|[from] ability: Solar Power|[of] p1a: \ud83d\udd25SICK BURN BRO\ud83d\udd25\n|upkeep\n|j| PRO - THE IX\n|\n|switch|p2a: Togekiss|Togekiss, M|88\/100\n|-damage|p2a: Togekiss|63\/100|[from] Stealth Rock\n|turn|15\n|\n|move|p1a: \ud83d\udd25SICK BURN BRO\ud83d\udd25|Fire Blast|p2a: Togekiss\n|-damage|p2a: Togekiss|0 fnt\n|faint|p2a: Togekiss\n|\n|-weather|SunnyDay|[upkeep]\n|-damage|p1a: \ud83d\udd25SICK BURN BRO\ud83d\udd25|51\/100|[from] ability: Solar Power|[of] p1a: \ud83d\udd25SICK BURN BRO\ud83d\udd25\n|upkeep\n|l| PRO - THE IX\n|\n|switch|p2a: Kyurem|Kyurem|100\/100\n|-damage|p2a: Kyurem|76\/100|[from] Stealth Rock\n|-ability|p2a: Kyurem|Pressure\n|turn|16\n|\n|move|p1a: \ud83d\udd25SICK BURN BRO\ud83d\udd25|Fire Blast|p2a: Kyurem|[miss]\n|-miss|p1a: \ud83d\udd25SICK BURN BRO\ud83d\udd25|p2a: Kyurem\n|move|p2a: Kyurem|Ice Beam|p1a: \ud83d\udd25SICK BURN BRO\ud83d\udd25\n|-damage|p1a: \ud83d\udd25SICK BURN BRO\ud83d\udd25|0 fnt\n|faint|p1a: \ud83d\udd25SICK BURN BRO\ud83d\udd25\n|\n|-weather|SunnyDay|[upkeep]\n|upkeep\n|\n|switch|p1a: \ud83d\udd25R.I.P. KOBE\ud83d\udd25|Cinderace, M|100\/100\n|turn|17\n|\n|move|p1a: \ud83d\udd25R.I.P. KOBE\ud83d\udd25|Pyro Ball|p2a: Kyurem\n|-damage|p2a: Kyurem|0 fnt\n|-damage|p1a: \ud83d\udd25R.I.P. KOBE\ud83d\udd25|91\/100|[from] item: Life Orb\n|faint|p2a: Kyurem\n|\n|win|FIRE LORD AESON!\n|l|\u2606winter lanterns\n|raw|FIRE LORD AESON!'s rating: 1691 &rarr; <strong>1716<\/strong><br \/>(+25 for winning)\n|raw|winter lanterns's rating: 1773 &rarr; <strong>1748<\/strong><br \/>(-25 for losing)\n","uploadtime":1581643769,"views":42,"p1id":"firelordaeson","p2id":"winterlanterns","formatid":"gen8ou","rating":1716,"private":0,"password":null}