{"id":"gen8bdspou-1474360195","p1":"Colonel Rivai","p2":"garlic senior","format":"gen8bdspou","log":"|j|\u2606Colonel Rivai\n|j|\u2606garlic senior\n|t:|1639650301\n|gametype|singles\n|player|p1|Colonel Rivai|169|1411\n|player|p2|garlic senior|265|1590\n|teamsize|p1|6\n|teamsize|p2|6\n|gen|8\n|tier|[Gen 8 BDSP] OU\n|rated|\n|rule|Sleep Clause Mod: Limit one foe put to sleep\n|rule|Species Clause: Limit one of each Pok\u00e9mon\n|rule|OHKO Clause: OHKO moves are banned\n|rule|Evasion Moves Clause: Evasion moves are banned\n|rule|Endless Battle Clause: Forcing endless battles is banned\n|rule|HP Percentage Mod: HP is shown in percentages\n|clearpoke\n|poke|p1|Medicham, F|\n|poke|p1|Empoleon, M|\n|poke|p1|Donphan, F|\n|poke|p1|Gengar, M|\n|poke|p1|Infernape, M|\n|poke|p1|Dragonite, M|\n|poke|p2|Starmie|\n|poke|p2|Dragonite, F|\n|poke|p2|Weavile, M|\n|poke|p2|Azelf|\n|poke|p2|Lucario, M|\n|poke|p2|Scizor, F|\n|teampreview\n|inactive|Battle timer is ON: inactive players will automatically lose when time's up. (requested by garlic senior)\n|\n|t:|1639650324\n|start\n|switch|p1a: Donphan|Donphan, F|100\/100\n|switch|p2a: Starmie|Starmie|100\/100\n|turn|1\n|\n|t:|1639650329\n|move|p2a: Starmie|Surf|p1a: Donphan\n|-supereffective|p1a: Donphan\n|-ability|p1a: Donphan|Sturdy\n|-damage|p1a: Donphan|1\/100\n|-damage|p2a: Starmie|91\/100|[from] item: Life Orb\n|move|p1a: Donphan|Knock Off|p2a: Starmie\n|-supereffective|p2a: Starmie\n|-damage|p2a: Starmie|0 fnt\n|-enditem|p2a: Starmie|Life Orb|[from] move: Knock Off|[of] p1a: Donphan\n|faint|p2a: Starmie\n|\n|-heal|p1a: Donphan|7\/100|[from] item: Leftovers\n|upkeep\n|\n|t:|1639650335\n|switch|p2a: Scizor|Scizor, F|100\/100\n|turn|2\n|\n|t:|1639650343\n|move|p2a: Scizor|U-turn|p1a: Donphan\n|-damage|p1a: Donphan|0 fnt\n|faint|p1a: Donphan\n|\n|t:|1639650347\n|switch|p2a: Azelf|Azelf|100\/100|[from]move: U-turn\n|\n|upkeep\n|\n|t:|1639650353\n|switch|p1a: Dragonite|Dragonite, M|100\/100\n|turn|3\n|\n|t:|1639650357\n|move|p2a: Azelf|Stealth Rock|p1a: Dragonite\n|-sidestart|p1: Colonel Rivai|move: Stealth Rock\n|move|p1a: Dragonite|Fire Punch|p2a: Azelf\n|-damage|p2a: Azelf|35\/100\n|\n|upkeep\n|turn|4\n|\n|t:|1639650361\n|switch|p1a: Empoleon|Empoleon, M|100\/100\n|-damage|p1a: Empoleon|94\/100|[from] Stealth Rock\n|move|p2a: Azelf|Explosion|p1a: Empoleon\n|-resisted|p1a: Empoleon\n|-damage|p1a: Empoleon|57\/100\n|faint|p2a: Azelf\n|\n|-heal|p1a: Empoleon|63\/100|[from] item: Leftovers\n|upkeep\n|\n|t:|1639650366\n|switch|p2a: Lucario|Lucario, M|100\/100\n|turn|5\n|\n|t:|1639650378\n|move|p2a: Lucario|Close Combat|p1a: Empoleon\n|-supereffective|p1a: Empoleon\n|-damage|p1a: Empoleon|0 fnt\n|-unboost|p2a: Lucario|def|1\n|-unboost|p2a: Lucario|spd|1\n|faint|p1a: Empoleon\n|-damage|p2a: Lucario|91\/100|[from] item: Life Orb\n|\n|upkeep\n|\n|t:|1639650380\n|switch|p1a: Gengar|Gengar, M|100\/100\n|-damage|p1a: Gengar|88\/100|[from] Stealth Rock\n|turn|6\n|\n|t:|1639650383\n|switch|p2a: Scizor|Scizor, F|100\/100\n|move|p1a: Gengar|Focus Blast|p2a: Scizor\n|-damage|p2a: Scizor|24\/100\n|\n|upkeep\n|turn|7\n|\n|t:|1639650388\n|move|p2a: Scizor|Bullet Punch|p1a: Gengar\n|-damage|p1a: Gengar|0 fnt\n|-start|p2a: Scizor|Disable|Bullet Punch|[from] ability: Cursed Body|[of] p1a: Gengar\n|faint|p1a: Gengar\n|\n|upkeep\n|\n|t:|1639650393\n|switch|p1a: Infernape|Infernape, M|100\/100\n|-damage|p1a: Infernape|88\/100|[from] Stealth Rock\n|turn|8\n|\n|t:|1639650395\n|move|p1a: Infernape|U-turn|p2a: Scizor\n|-resisted|p2a: Scizor\n|-damage|p2a: Scizor|8\/100\n|\n|t:|1639650398\n|switch|p1a: Medicham|Medicham, F|100\/100|[from]move: U-turn\n|-damage|p1a: Medicham|94\/100|[from] Stealth Rock\n|-activate|p2a: Scizor|move: Struggle\n|move|p2a: Scizor|Struggle|p1a: Medicham\n|-damage|p1a: Medicham|22\/100\n|-damage|p2a: Scizor|0 fnt|[from] recoil\n|faint|p2a: Scizor\n|\n|upkeep\n|c|\u2606Colonel Rivai|wtf\n|c|\u2606Colonel Rivai|72% struggle ???\n|c|\u2606garlic senior|LMAO\n|\n|t:|1639650425\n|switch|p2a: Lucario|Lucario, M|91\/100\n|turn|9\n|\n|t:|1639650429\n|move|p2a: Lucario|Extreme Speed|p1a: Medicham\n|-damage|p1a: Medicham|0 fnt\n|faint|p1a: Medicham\n|-damage|p2a: Lucario|81\/100|[from] item: Life Orb\n|\n|upkeep\n|\n|t:|1639650431\n|switch|p1a: Infernape|Infernape, M|88\/100\n|-damage|p1a: Infernape|76\/100|[from] Stealth Rock\n|turn|10\n|\n|t:|1639650437\n|move|p2a: Lucario|Extreme Speed|p1a: Infernape\n|-damage|p1a: Infernape|24\/100\n|-damage|p2a: Lucario|71\/100|[from] item: Life Orb\n|move|p1a: Infernape|Mach Punch|p2a: Lucario\n|-supereffective|p2a: Lucario\n|-damage|p2a: Lucario|0 fnt\n|faint|p2a: Lucario\n|\n|upkeep\n|\n|t:|1639650448\n|switch|p2a: Dragonite|Dragonite, F|100\/100\n|turn|11\n|\n|t:|1639650449\n|move|p2a: Dragonite|Extreme Speed|p1a: Infernape\n|-damage|p1a: Infernape|0 fnt\n|faint|p1a: Infernape\n|\n|upkeep\n|\n|t:|1639650451\n|switch|p1a: Dragonite|Dragonite, M|100\/100\n|-damage|p1a: Dragonite|76\/100|[from] Stealth Rock\n|turn|12\n|\n|t:|1639650452\n|move|p2a: Dragonite|Extreme Speed|p1a: Dragonite\n|-damage|p1a: Dragonite|20\/100\n|move|p1a: Dragonite|Outrage|p2a: Dragonite\n|-supereffective|p2a: Dragonite\n|-damage|p2a: Dragonite|3\/100\n|\n|upkeep\n|turn|13\n|\n|t:|1639650455\n|move|p2a: Dragonite|Extreme Speed|p1a: Dragonite\n|-damage|p1a: Dragonite|0 fnt\n|faint|p1a: Dragonite\n|\n|win|garlic senior\n|raw|Colonel Rivai's rating: 1411 &rarr; <strong>1400<\/strong><br \/>(-11 for losing)\n|raw|garlic senior's rating: 1590 &rarr; <strong>1601<\/strong><br \/>(+11 for winning)\n|l|\u2606Colonel Rivai\n","uploadtime":1639650459,"views":14,"p1id":"colonelrivai","p2id":"garlicsenior","formatid":"gen8bdspou","rating":1400,"private":0,"password":null}