{"id":"gen8ou-1460825730","p1":"Diameter\u272fXtreme","p2":"Senzumii","format":"gen8ou","log":"|j|\u2606Diameter\u272fXtreme\n|j|\u2606Senzumii\n|t:|1637852792\n|gametype|singles\n|player|p1|Diameter\u272fXtreme|jasmine-gen2|1548\n|player|p2|Senzumii|psychicf-gen4|1696\n|teamsize|p1|6\n|teamsize|p2|6\n|gen|8\n|tier|[Gen 8] OU\n|rated|\n|rule|Sleep Clause Mod: Limit one foe put to sleep\n|rule|Species Clause: Limit one of each Pok\u00e9mon\n|rule|OHKO Clause: OHKO moves are banned\n|rule|Evasion Moves Clause: Evasion moves are banned\n|rule|Endless Battle Clause: Forcing endless battles is banned\n|rule|HP Percentage Mod: HP is shown in percentages\n|rule|Dynamax Clause: You cannot dynamax\n|clearpoke\n|poke|p1|Melmetal|\n|poke|p1|Dragapult, M|\n|poke|p1|Dragonite, F|\n|poke|p1|Sandaconda, F|\n|poke|p1|Rotom-Wash|\n|poke|p1|Blissey, F|\n|poke|p2|Zeraora|\n|poke|p2|Urshifu-*, F|\n|poke|p2|Kyurem|\n|poke|p2|Slowking-Galar, M|\n|poke|p2|Corviknight, F|\n|poke|p2|Hippowdon, F|\n|teampreview\n|inactive|Battle timer is ON: inactive players will automatically lose when time's up. (requested by Senzumii)\n|\n|t:|1637852822\n|start\n|switch|p1a: Rotom|Rotom-Wash|100\/100\n|switch|p2a: Kyurem|Kyurem|100\/100\n|-ability|p2a: Kyurem|Pressure\n|turn|1\n|\n|t:|1637852836\n|switch|p1a: Blissey|Blissey, F|100\/100\n|move|p2a: Kyurem|Focus Blast|p1a: Blissey|[miss]\n|-miss|p2a: Kyurem|p1a: Blissey\n|\n|upkeep\n|turn|2\n|\n|t:|1637852843\n|switch|p2a: Corviknight|Corviknight, F|100\/100\n|-ability|p2a: Corviknight|Pressure\n|move|p1a: Blissey|Thunder Wave|p2a: Corviknight\n|-status|p2a: Corviknight|par\n|\n|upkeep\n|turn|3\n|\n|t:|1637852847\n|switch|p1a: Sandaconda|Sandaconda, F|100\/100\n|cant|p2a: Corviknight|par\n|\n|upkeep\n|turn|4\n|\n|t:|1637852851\n|switch|p1a: Rotom|Rotom-Wash|100\/100\n|switch|p2a: Kyurem|Kyurem|100\/100\n|-ability|p2a: Kyurem|Pressure\n|\n|upkeep\n|turn|5\n|\n|t:|1637852858\n|switch|p1a: Blissey|Blissey, F|100\/100\n|move|p2a: Kyurem|Freeze-Dry|p1a: Blissey\n|-damage|p1a: Blissey|78\/100\n|\n|upkeep\n|turn|6\n|\n|t:|1637852863\n|switch|p2a: Hippowdon|Hippowdon, F|100\/100\n|-weather|Sandstorm|[from] ability: Sand Stream|[of] p2a: Hippowdon\n|move|p1a: Blissey|Seismic Toss|p2a: Hippowdon\n|-damage|p2a: Hippowdon|77\/100\n|\n|-weather|Sandstorm|[upkeep]\n|-damage|p1a: Blissey|72\/100|[from] Sandstorm\n|-heal|p2a: Hippowdon|83\/100|[from] item: Leftovers\n|upkeep\n|turn|7\n|\n|t:|1637852871\n|switch|p1a: Rotom|Rotom-Wash|100\/100\n|move|p2a: Hippowdon|Stealth Rock|p1a: Rotom\n|-sidestart|p1: Diameter\u272fXtreme|move: Stealth Rock\n|\n|-weather|Sandstorm|[upkeep]\n|-damage|p1a: Rotom|95\/100|[from] Sandstorm\n|-heal|p1a: Rotom|100\/100|[from] item: Leftovers\n|-heal|p2a: Hippowdon|89\/100|[from] item: Leftovers\n|upkeep\n|turn|8\n|\n|t:|1637852889\n|move|p1a: Rotom|Volt Switch|p2a: Hippowdon\n|-immune|p2a: Hippowdon\n|move|p2a: Hippowdon|Toxic|p1a: Rotom\n|-status|p1a: Rotom|tox\n|\n|-weather|Sandstorm|[upkeep]\n|-damage|p1a: Rotom|95\/100 tox|[from] Sandstorm\n|-heal|p1a: Rotom|100\/100 tox|[from] item: Leftovers\n|-heal|p2a: Hippowdon|95\/100|[from] item: Leftovers\n|-damage|p1a: Rotom|95\/100 tox|[from] psn\n|upkeep\n|turn|9\n|\n|t:|1637852896\n|switch|p2a: Kyurem|Kyurem|100\/100\n|-ability|p2a: Kyurem|Pressure\n|move|p1a: Rotom|Volt Switch|p2a: Kyurem\n|-resisted|p2a: Kyurem\n|-crit|p2a: Kyurem\n|-damage|p2a: Kyurem|83\/100\n|\n|t:|1637852900\n|switch|p1a: Blissey|Blissey, F|72\/100|[from]move: Volt Switch\n|\n|-weather|Sandstorm|[upkeep]\n|-damage|p2a: Kyurem|77\/100|[from] Sandstorm\n|-damage|p1a: Blissey|66\/100|[from] Sandstorm\n|upkeep\n|turn|10\n|\n|t:|1637852912\n|switch|p2a: Hippowdon|Hippowdon, F|95\/100\n|move|p1a: Blissey|Soft-Boiled|p1a: Blissey\n|-heal|p1a: Blissey|100\/100\n|\n|-weather|none\n|-heal|p2a: Hippowdon|100\/100|[from] item: Leftovers\n|upkeep\n|turn|11\n|\n|t:|1637852920\n|switch|p2a: Kyurem|Kyurem|77\/100\n|-ability|p2a: Kyurem|Pressure\n|move|p1a: Blissey|Seismic Toss|p2a: Kyurem\n|-damage|p2a: Kyurem|52\/100\n|\n|upkeep\n|turn|12\n|\n|t:|1637852923\n|switch|p2a: Hippowdon|Hippowdon, F|100\/100\n|-weather|Sandstorm|[from] ability: Sand Stream|[of] p2a: Hippowdon\n|move|p1a: Blissey|Seismic Toss|p2a: Hippowdon\n|-damage|p2a: Hippowdon|77\/100\n|\n|-weather|Sandstorm|[upkeep]\n|-damage|p1a: Blissey|94\/100|[from] Sandstorm\n|-heal|p2a: Hippowdon|83\/100|[from] item: Leftovers\n|upkeep\n|turn|13\n|\n|t:|1637852927\n|switch|p1a: Rotom|Rotom-Wash|95\/100 tox\n|-damage|p1a: Rotom|82\/100 tox|[from] Stealth Rock\n|move|p2a: Hippowdon|Earthquake|p1a: Rotom\n|-immune|p1a: Rotom|[from] ability: Levitate\n|\n|-weather|Sandstorm|[upkeep]\n|-damage|p1a: Rotom|76\/100 tox|[from] Sandstorm\n|-heal|p1a: Rotom|82\/100 tox|[from] item: Leftovers\n|-heal|p2a: Hippowdon|89\/100|[from] item: Leftovers\n|-damage|p1a: Rotom|76\/100 tox|[from] psn\n|upkeep\n|turn|14\n|\n|t:|1637852937\n|move|p1a: Rotom|Hydro Pump|p2a: Hippowdon\n|-supereffective|p2a: Hippowdon\n|-damage|p2a: Hippowdon|36\/100\n|move|p2a: Hippowdon|Stealth Rock||[still]\n|-fail|p2a: Hippowdon\n|\n|-weather|Sandstorm|[upkeep]\n|-damage|p1a: Rotom|70\/100 tox|[from] Sandstorm\n|-heal|p1a: Rotom|76\/100 tox|[from] item: Leftovers\n|-heal|p2a: Hippowdon|42\/100|[from] item: Leftovers\n|-damage|p1a: Rotom|64\/100 tox|[from] psn\n|upkeep\n|turn|15\n|\n|t:|1637852944\n|switch|p2a: Kyurem|Kyurem|52\/100\n|-ability|p2a: Kyurem|Pressure\n|move|p1a: Rotom|Volt Switch|p2a: Kyurem\n|-resisted|p2a: Kyurem\n|-damage|p2a: Kyurem|40\/100\n|\n|t:|1637852947\n|switch|p1a: Blissey|Blissey, F|94\/100|[from]move: Volt Switch\n|\n|-weather|Sandstorm|[upkeep]\n|-damage|p2a: Kyurem|34\/100|[from] Sandstorm\n|-damage|p1a: Blissey|88\/100|[from] Sandstorm\n|upkeep\n|turn|16\n|\n|t:|1637852956\n|move|p2a: Kyurem|Focus Blast|p1a: Blissey\n|-supereffective|p1a: Blissey\n|-damage|p1a: Blissey|41\/100\n|move|p1a: Blissey|Seismic Toss|p2a: Kyurem\n|-damage|p2a: Kyurem|8\/100\n|\n|-weather|none\n|upkeep\n|turn|17\n|\n|t:|1637852961\n|move|p2a: Kyurem|Focus Blast|p1a: Blissey|[miss]\n|-miss|p2a: Kyurem|p1a: Blissey\n|move|p1a: Blissey|Soft-Boiled|p1a: Blissey\n|-heal|p1a: Blissey|91\/100\n|\n|upkeep\n|turn|18\n|\n|t:|1637852965\n|switch|p2a: Hippowdon|Hippowdon, F|42\/100\n|-weather|Sandstorm|[from] ability: Sand Stream|[of] p2a: Hippowdon\n|move|p1a: Blissey|Seismic Toss|p2a: Hippowdon\n|-damage|p2a: Hippowdon|18\/100\n|\n|-weather|Sandstorm|[upkeep]\n|-damage|p1a: Blissey|85\/100|[from] Sandstorm\n|-heal|p2a: Hippowdon|24\/100|[from] item: Leftovers\n|upkeep\n|turn|19\n|\n|t:|1637852969\n|move|p1a: Blissey|Seismic Toss|p2a: Hippowdon\n|-damage|p2a: Hippowdon|0 fnt\n|faint|p2a: Hippowdon\n|\n|-weather|Sandstorm|[upkeep]\n|-damage|p1a: Blissey|79\/100|[from] Sandstorm\n|upkeep\n|\n|t:|1637852983\n|switch|p2a: Urshifu|Urshifu-Rapid-Strike, F|100\/100\n|turn|20\n|\n|t:|1637852986\n|switch|p1a: Dragonite|Dragonite, F|100\/100\n|move|p2a: Urshifu|Close Combat|p1a: Dragonite\n|-resisted|p1a: Dragonite\n|-damage|p1a: Dragonite|84\/100\n|-unboost|p2a: Urshifu|def|1\n|-unboost|p2a: Urshifu|spd|1\n|\n|-weather|Sandstorm|[upkeep]\n|-damage|p2a: Urshifu|94\/100|[from] Sandstorm\n|-damage|p1a: Dragonite|78\/100|[from] Sandstorm\n|upkeep\n|turn|21\n|\n|t:|1637852991\n|switch|p2a: Corviknight|Corviknight, F|100\/100 par\n|-ability|p2a: Corviknight|Pressure\n|move|p1a: Dragonite|Defog|p2a: Corviknight\n|-unboost|p2a: Corviknight|evasion|1\n|-sideend|p1: Diameter\u272fXtreme|Stealth Rock|[from] move: Defog|[of] p1a: Dragonite\n|\n|-weather|Sandstorm|[upkeep]\n|-damage|p1a: Dragonite|72\/100|[from] Sandstorm\n|upkeep\n|turn|22\n|\n|t:|1637852993\n|move|p1a: Dragonite|Roost|p1a: Dragonite\n|-heal|p1a: Dragonite|100\/100\n|-singleturn|p1a: Dragonite|move: Roost\n|move|p2a: Corviknight|U-turn|p1a: Dragonite\n|-damage|p1a: Dragonite|96\/100\n|\n|t:|1637852999\n|switch|p2a: Kyurem|Kyurem|8\/100|[from]move: U-turn\n|-ability|p2a: Kyurem|Pressure\n|\n|-weather|none\n|upkeep\n|turn|23\n|\n|t:|1637853002\n|switch|p1a: Blissey|Blissey, F|79\/100\n|move|p2a: Kyurem|Focus Blast|p1a: Blissey\n|-supereffective|p1a: Blissey\n|-damage|p1a: Blissey|30\/100\n|\n|upkeep\n|turn|24\n|\n|t:|1637853008\n|switch|p2a: Zeraora|Zeraora|100\/100\n|switch|p1a: Dragapult|Dragapult, M|100\/100\n|\n|upkeep\n|turn|25\n|\n|t:|1637853014\n|switch|p2a: Kyurem|Kyurem|8\/100\n|-ability|p2a: Kyurem|Pressure\n|switch|p1a: Sandaconda|Sandaconda, F|100\/100\n|\n|upkeep\n|turn|26\n|\n|t:|1637853017\n|switch|p1a: Blissey|Blissey, F|30\/100\n|move|p2a: Kyurem|Ice Beam|p1a: Blissey\n|-damage|p1a: Blissey|0 fnt\n|faint|p1a: Blissey\n|\n|upkeep\n|\n|t:|1637853021\n|switch|p1a: Dragapult|Dragapult, M|100\/100\n|turn|27\n|\n|t:|1637853024\n|switch|p2a: Corviknight|Corviknight, F|100\/100 par\n|-ability|p2a: Corviknight|Pressure\n|move|p1a: Dragapult|Hex|p2a: Corviknight\n|-damage|p2a: Corviknight|11\/100 par\n|\n|upkeep\n|turn|28\n|\n|t:|1637853033\n|move|p1a: Dragapult|Hex|p2a: Corviknight\n|-damage|p2a: Corviknight|0 fnt\n|faint|p2a: Corviknight\n|\n|upkeep\n|\n|t:|1637853039\n|switch|p2a: Zeraora|Zeraora|100\/100\n|turn|29\n|\n|t:|1637853042\n|switch|p1a: Sandaconda|Sandaconda, F|100\/100\n|move|p2a: Zeraora|Knock Off|p1a: Sandaconda\n|-damage|p1a: Sandaconda|61\/100\n|-enditem|p1a: Sandaconda|Leftovers|[from] move: Knock Off|[of] p2a: Zeraora\n|\n|upkeep\n|turn|30\n|\n|t:|1637853047\n|switch|p2a: Urshifu|Urshifu-Rapid-Strike, F|94\/100\n|move|p1a: Sandaconda|Earthquake|p2a: Urshifu\n|-damage|p2a: Urshifu|59\/100\n|\n|upkeep\n|turn|31\n|\n|t:|1637853052\n|switch|p1a: Rotom|Rotom-Wash|64\/100 tox\n|move|p2a: Urshifu|Surging Strikes|p1a: Rotom\n|-resisted|p1a: Rotom\n|-crit|p1a: Rotom\n|-damage|p1a: Rotom|52\/100 tox\n|-resisted|p1a: Rotom\n|-crit|p1a: Rotom\n|-damage|p1a: Rotom|40\/100 tox\n|-resisted|p1a: Rotom\n|-crit|p1a: Rotom\n|-damage|p1a: Rotom|28\/100 tox\n|-hitcount|p1a: Rotom|3\n|\n|-heal|p1a: Rotom|34\/100 tox|[from] item: Leftovers\n|-damage|p1a: Rotom|28\/100 tox|[from] psn\n|upkeep\n|turn|32\n|\n|t:|1637853054\n|switch|p1a: Dragonite|Dragonite, F|96\/100\n|move|p2a: Urshifu|Surging Strikes|p1a: Dragonite\n|-resisted|p1a: Dragonite\n|-crit|p1a: Dragonite\n|-damage|p1a: Dragonite|87\/100\n|-resisted|p1a: Dragonite\n|-crit|p1a: Dragonite\n|-damage|p1a: Dragonite|77\/100\n|-resisted|p1a: Dragonite\n|-crit|p1a: Dragonite\n|-damage|p1a: Dragonite|66\/100\n|-hitcount|p1a: Dragonite|3\n|\n|upkeep\n|turn|33\n|\n|t:|1637853068\n|switch|p2a: Kyurem|Kyurem|8\/100\n|-ability|p2a: Kyurem|Pressure\n|move|p1a: Dragonite|Roost|p1a: Dragonite\n|-heal|p1a: Dragonite|100\/100\n|-singleturn|p1a: Dragonite|move: Roost\n|\n|upkeep\n|turn|34\n|\n|t:|1637853074\n|switch|p1a: Rotom|Rotom-Wash|28\/100 tox\n|move|p2a: Kyurem|Ice Beam|p1a: Rotom\n|-resisted|p1a: Rotom\n|-damage|p1a: Rotom|0 fnt\n|faint|p1a: Rotom\n|\n|upkeep\n|\n|t:|1637853076\n|switch|p1a: Dragapult|Dragapult, M|100\/100\n|turn|35\n|\n|t:|1637853097\n|switch|p2a: Zeraora|Zeraora|100\/100\n|move|p1a: Dragapult|Shadow Ball|p2a: Zeraora\n|-damage|p2a: Zeraora|30\/100\n|-unboost|p2a: Zeraora|spd|1\n|\n|upkeep\n|turn|36\n|\n|t:|1637853109\n|switch|p2a: Kyurem|Kyurem|8\/100\n|-ability|p2a: Kyurem|Pressure\n|switch|p1a: Sandaconda|Sandaconda, F|61\/100\n|\n|upkeep\n|turn|37\n|\n|t:|1637853121\n|switch|p1a: Melmetal|Melmetal|100\/100\n|move|p2a: Kyurem|Focus Blast|p1a: Melmetal\n|-supereffective|p1a: Melmetal\n|-damage|p1a: Melmetal|0 fnt\n|faint|p1a: Melmetal\n|\n|upkeep\n|\n|t:|1637853123\n|switch|p1a: Dragapult|Dragapult, M|100\/100\n|turn|38\n|\n|t:|1637853134\n|switch|p2a: Urshifu|Urshifu-Rapid-Strike, F|59\/100\n|move|p1a: Dragapult|Shadow Ball|p2a: Urshifu\n|-damage|p2a: Urshifu|0 fnt\n|faint|p2a: Urshifu\n|\n|upkeep\n|\n|t:|1637853138\n|switch|p2a: Zeraora|Zeraora|30\/100\n|turn|39\n|\n|t:|1637853140\n|switch|p1a: Sandaconda|Sandaconda, F|61\/100\n|move|p2a: Zeraora|Play Rough|p1a: Sandaconda\n|-damage|p1a: Sandaconda|28\/100\n|-unboost|p1a: Sandaconda|atk|1\n|\n|upkeep\n|turn|40\n|\n|t:|1637853146\n|move|p2a: Zeraora|Play Rough|p1a: Sandaconda\n|-damage|p1a: Sandaconda|0 fnt\n|faint|p1a: Sandaconda\n|\n|upkeep\n|\n|t:|1637853148\n|switch|p1a: Dragonite|Dragonite, F|100\/100\n|turn|41\n|\n|t:|1637853151\n|switch|p2a: Slowking|Slowking-Galar, M|100\/100\n|move|p1a: Dragonite|Earthquake|p2a: Slowking\n|-supereffective|p2a: Slowking\n|-damage|p2a: Slowking|41\/100\n|\n|upkeep\n|turn|42\n|\n|t:|1637853154\n|move|p1a: Dragonite|Earthquake|p2a: Slowking\n|-supereffective|p2a: Slowking\n|-damage|p2a: Slowking|0 fnt\n|faint|p2a: Slowking\n|\n|upkeep\n|\n|t:|1637853155\n|switch|p2a: Kyurem|Kyurem|8\/100\n|-ability|p2a: Kyurem|Pressure\n|turn|43\n|\n|t:|1637853159\n|move|p2a: Kyurem|Ice Beam|p1a: Dragonite\n|-supereffective|p1a: Dragonite\n|-damage|p1a: Dragonite|0 fnt\n|faint|p1a: Dragonite\n|\n|upkeep\n|\n|t:|1637853161\n|switch|p1a: Dragapult|Dragapult, M|100\/100\n|turn|44\n|c|\u2606Senzumii|kyurem went off this game\n|c|\u2606Senzumii|holy shit\n|c|\u2606Diameter\u272fXtreme|yea wait 30 percent to blissey is mad\n|\n|t:|1637853173\n|move|p1a: Dragapult|Shadow Ball|p2a: Kyurem\n|-damage|p2a: Kyurem|0 fnt\n|faint|p2a: Kyurem\n|\n|upkeep\n|c|\u2606Senzumii|modest specs\n|c|\u2606Diameter\u272fXtreme|welp gg\n|c|\u2606Diameter\u272fXtreme|yea\n|\n|t:|1637853184\n|switch|p2a: Zeraora|Zeraora|30\/100\n|turn|45\n|\n|t:|1637853186\n|move|p2a: Zeraora|Knock Off|p1a: Dragapult\n|-supereffective|p1a: Dragapult\n|-damage|p1a: Dragapult|0 fnt\n|-enditem|p1a: Dragapult|Choice Specs|[from] move: Knock Off|[of] p2a: Zeraora\n|faint|p1a: Dragapult\n|\n|win|Senzumii\n|raw|Diameter\u272fXtreme's rating: 1548 &rarr; <strong>1536<\/strong><br \/>(-12 for losing)\n|raw|Senzumii's rating: 1696 &rarr; <strong>1708<\/strong><br \/>(+12 for winning)\n|c|\u2606Diameter\u272fXtreme|gls\n","uploadtime":1637853190,"views":15,"p1id":"diameterxtreme","p2id":"senzumii","formatid":"gen8ou","rating":1536,"private":0,"password":null}