{"id":"gen8ubers-1112043185","p1":"Blue chen","p2":"DestinyRoseHandley","format":"gen8ubers","log":"|j|\u2606Blue chen\n|j|\u2606DestinyRoseHandley\n|player|p1|Blue chen|karen|1725\n|player|p2|DestinyRoseHandley|giovanni|1538\n|teamsize|p1|6\n|teamsize|p2|6\n|gametype|singles\n|gen|8\n|tier|[Gen 8] Ubers\n|rated|\n|clearpoke\n|poke|p1|Pelipper, M|\n|poke|p1|Drednaw, M|\n|poke|p1|Runerigus, M|\n|poke|p1|Eternatus|\n|poke|p1|Necrozma-Dusk-Mane|\n|poke|p1|Zacian-Crowned|\n|poke|p2|Drednaw, M|\n|poke|p2|Pelipper, M|\n|poke|p2|Necrozma-Dusk-Mane|\n|poke|p2|Jirachi|\n|poke|p2|Dracovish|\n|poke|p2|Crawdaunt, F|\n|rule|Sleep Clause Mod: Limit one foe put to sleep\n|rule|Species Clause: Limit one of each Pok\u00e9mon\n|rule|OHKO Clause: OHKO moves are banned\n|rule|Evasion Moves Clause: Evasion moves are banned\n|rule|Endless Battle Clause: Forcing endless battles is banned\n|rule|HP Percentage Mod: HP is shown in percentages\n|html|Ubers Dynamax Clause: Pok\u00e9mon on the <a href=\"https:\/\/www.smogon.com\/dex\/ss\/formats\/uber\/\">Ubers Dynamax Banlist<\/a> cannot Dynamax.\n|teampreview\n|\n|start\n|switch|p1a: Eternatus|Eternatus|100\/100\n|switch|p2a: Lobster|Crawdaunt, F, shiny|100\/100\n|-ability|p1a: Eternatus|Pressure\n|turn|1\n|\n|move|p1a: Eternatus|Substitute|p1a: Eternatus\n|-start|p1a: Eternatus|Substitute\n|-damage|p1a: Eternatus|76\/100\n|move|p2a: Lobster|Knock Off|p1a: Eternatus\n|-end|p1a: Eternatus|Substitute\n|\n|-heal|p1a: Eternatus|82\/100|[from] item: Black Sludge\n|upkeep\n|turn|2\n|inactive|Battle timer is ON: inactive players will automatically lose when time's up. (requested by DestinyRoseHandley)\n|\n|move|p1a: Eternatus|Dynamax Cannon|p2a: Lobster\n|-damage|p2a: Lobster|5\/100\n|move|p2a: Lobster|Knock Off|p1a: Eternatus\n|-damage|p1a: Eternatus|0 fnt\n|-enditem|p1a: Eternatus|Black Sludge|[from] move: Knock Off|[of] p2a: Lobster\n|faint|p1a: Eternatus\n|\n|upkeep\n|\n|switch|p1a: Pelipper|Pelipper, M|100\/100\n|-weather|RainDance|[from] ability: Drizzle|[of] p1a: Pelipper\n|turn|3\n|\n|move|p1a: Pelipper|U-turn|p2a: Lobster\n|-supereffective|p2a: Lobster\n|-damage|p2a: Lobster|0 fnt\n|faint|p2a: Lobster\n|\n|switch|p1a: Drednaw|Drednaw, M|100\/100|[from]move: U-turn\n|\n|-weather|RainDance|[upkeep]\n|upkeep\n|\n|switch|p2a: KILL ME!!!|Necrozma-Dusk-Mane|100\/100\n|turn|4\n|\n|-start|p1a: Drednaw|Dynamax\n|-formechange|p1a: Drednaw|Drednaw-Gmax\n|-heal|p1a: Drednaw|100\/100|[silent]\n|move|p1a: Drednaw|G-Max Stonesurge|p2a: KILL ME!!!\n|-damage|p2a: KILL ME!!!|21\/100\n|-sidestart|p2: DestinyRoseHandley|move: Stealth Rock\n|-damage|p1a: Drednaw|96\/100|[from] item: Life Orb\n|move|p2a: KILL ME!!!|Trick Room|p2a: KILL ME!!!\n|-fieldstart|move: Trick Room|[of] p2a: KILL ME!!!\n|\n|-weather|RainDance|[upkeep]\n|upkeep\n|turn|5\n|\n|move|p2a: KILL ME!!!|Earthquake|p1a: Drednaw\n|-supereffective|p1a: Drednaw\n|-damage|p1a: Drednaw|47\/100\n|move|p1a: Drednaw|Max Quake|p2a: KILL ME!!!\n|-supereffective|p2a: KILL ME!!!\n|-damage|p2a: KILL ME!!!|0 fnt\n|-boost|p1a: Drednaw|spd|1\n|-damage|p1a: Drednaw|42\/100|[from] item: Life Orb\n|faint|p2a: KILL ME!!!\n|\n|-weather|RainDance|[upkeep]\n|upkeep\n|\n|switch|p2a: Ninja Turtle|Drednaw, M, shiny|100\/100\n|-damage|p2a: Ninja Turtle|88\/100|[from] Stealth Rock\n|turn|6\n|\n|switch|p2a: Rain Man|Pelipper, M, shiny|100\/100\n|-damage|p2a: Rain Man|76\/100|[from] Stealth Rock\n|-end|p1a: Drednaw|Dynamax\n|-formechange|p1a: Drednaw|Drednaw\n|-heal|p1a: Drednaw|42\/100|[silent]\n|switch|p1a: Pelipper|Pelipper, M|100\/100\n|\n|-weather|RainDance|[upkeep]\n|upkeep\n|turn|7\n|\n|move|p2a: Rain Man|U-turn|p1a: Pelipper\n|-resisted|p1a: Pelipper\n|-damage|p1a: Pelipper|97\/100\n|\n|switch|p2a: Mr. Fish|Dracovish, shiny|100\/100|[from]move: U-turn\n|-damage|p2a: Mr. Fish|88\/100|[from] Stealth Rock\n|move|p1a: Pelipper|U-turn|p2a: Mr. Fish\n|-damage|p2a: Mr. Fish|81\/100\n|\n|switch|p1a: Runerigus|Runerigus, M|100\/100|[from]move: U-turn\n|\n|-weather|RainDance|[upkeep]\n|upkeep\n|turn|8\n|\n|move|p1a: Runerigus|Will-O-Wisp|p2a: Mr. Fish|[miss]\n|-miss|p1a: Runerigus|p2a: Mr. Fish\n|move|p2a: Mr. Fish|Fishious Rend|p1a: Runerigus\n|-supereffective|p1a: Runerigus\n|-damage|p1a: Runerigus|0 fnt\n|-activate|p1a: Runerigus|ability: Wandering Spirit|Strong Jaw|Wandering Spirit|[of] p2a: Mr. Fish\n|faint|p1a: Runerigus\n|\n|-weather|RainDance|[upkeep]\n|-fieldend|move: Trick Room\n|upkeep\n|\n|switch|p1a: Drednaw|Drednaw, M|42\/100\n|turn|9\n|\n|switch|p2a: Wishmaker|Jirachi|100\/100\n|-damage|p2a: Wishmaker|94\/100|[from] Stealth Rock\n|move|p1a: Drednaw|Jaw Lock|p2a: Wishmaker\n|-supereffective|p2a: Wishmaker\n|-damage|p2a: Wishmaker|53\/100\n|-activate|p1a: Drednaw|trapped\n|-activate|p2a: Wishmaker|trapped\n|-damage|p1a: Drednaw|32\/100|[from] item: Life Orb\n|\n|-weather|RainDance|[upkeep]\n|upkeep\n|turn|10\n|\n|move|p1a: Drednaw|Earthquake|p2a: Wishmaker\n|-supereffective|p2a: Wishmaker\n|-damage|p2a: Wishmaker|5\/100\n|-enditem|p2a: Wishmaker|Sitrus Berry|[eat]\n|-heal|p2a: Wishmaker|30\/100|[from] item: Sitrus Berry\n|-damage|p1a: Drednaw|22\/100|[from] item: Life Orb\n|move|p2a: Wishmaker|Trick Room|p2a: Wishmaker\n|-fieldstart|move: Trick Room|[of] p2a: Wishmaker\n|\n|-weather|none\n|upkeep\n|turn|11\n|\n|move|p2a: Wishmaker|Healing Wish|p2a: Wishmaker\n|faint|p2a: Wishmaker\n|move|p1a: Drednaw|Liquidation|p2: Wishmaker|[notarget]\n|-fail|p1a: Drednaw\n|\n|upkeep\n|\n|switch|p2a: Mr. Fish|Dracovish, shiny|81\/100\n|-heal|p2a: Mr. Fish|100\/100|[from] move: Healing Wish\n|-damage|p2a: Mr. Fish|88\/100|[from] Stealth Rock\n|turn|12\n|\n|move|p2a: Mr. Fish|Fishious Rend|p1a: Drednaw\n|-damage|p1a: Drednaw|0 fnt\n|faint|p1a: Drednaw\n|\n|upkeep\n|\n|switch|p1a: Pelipper|Pelipper, M|97\/100\n|-weather|RainDance|[from] ability: Drizzle|[of] p1a: Pelipper\n|turn|13\n|\n|move|p2a: Mr. Fish|Fishious Rend|p1a: Pelipper\n|-resisted|p1a: Pelipper\n|-damage|p1a: Pelipper|0 fnt\n|faint|p1a: Pelipper\n|\n|-weather|RainDance|[upkeep]\n|upkeep\n|\n|switch|p1a: Necrozma|Necrozma-Dusk-Mane|100\/100\n|turn|14\n|\n|move|p2a: Mr. Fish|Fishious Rend|p1a: Necrozma\n|-damage|p1a: Necrozma|0 fnt\n|faint|p1a: Necrozma\n|\n|-weather|RainDance|[upkeep]\n|-fieldend|move: Trick Room\n|upkeep\n|\n|switch|p1a: Zacian|Zacian-Crowned|100\/100\n|-ability|p1a: Zacian|Intrepid Sword|boost\n|-boost|p1a: Zacian|atk|1\n|turn|15\n|c|\u2606DestinyRoseHandley|GG\n|\n|move|p1a: Zacian|Swords Dance|p1a: Zacian\n|-boost|p1a: Zacian|atk|2\n|move|p2a: Mr. Fish|Fishious Rend|p1a: Zacian\n|-damage|p1a: Zacian|0 fnt\n|faint|p1a: Zacian\n|\n|win|DestinyRoseHandley\n|l|\u2606Blue chen\n|raw|Blue chen's rating: 1725 &rarr; <strong>1696<\/strong><br \/>(-29 for losing)\n|raw|DestinyRoseHandley's rating: 1538 &rarr; <strong>1568<\/strong><br \/>(+30 for winning)\n","uploadtime":1589102535,"views":12,"p1id":"bluechen","p2id":"destinyrosehandley","formatid":"gen8ubers","rating":1568,"private":0,"password":null}