{"id":"gen8ou-1698661344","p1":"Shinjou Akane","p2":"Pomroz","format":"gen8ou","log":"|j|\u2606Shinjou Akane\n|j|\u2606Pomroz\n|t:|1667149835\n|gametype|singles\n|player|p1|Shinjou Akane|nurse|1648\n|player|p2|Pomroz|psychicf-gen4|1652\n|teamsize|p1|6\n|teamsize|p2|6\n|gen|8\n|tier|[Gen 8] OU\n|rated|\n|rule|Sleep Clause Mod: Limit one foe put to sleep\n|rule|Species Clause: Limit one of each Pok\u00e9mon\n|rule|OHKO Clause: OHKO moves are banned\n|rule|Evasion Items Clause: Evasion items are banned\n|rule|Evasion Moves Clause: Evasion moves are banned\n|rule|Endless Battle Clause: Forcing endless battles is banned\n|rule|HP Percentage Mod: HP is shown in percentages\n|rule|Dynamax Clause: You cannot dynamax\n|clearpoke\n|poke|p1|Klefki, F|\n|poke|p1|Nidoking, M|\n|poke|p1|Urshifu-*, M|\n|poke|p1|Kartana|\n|poke|p1|Tapu Fini|\n|poke|p1|Landorus-Therian, M|\n|poke|p2|Landorus-Therian, M|\n|poke|p2|Tornadus-Therian, M|\n|poke|p2|Toxapex, M|\n|poke|p2|Gigalith, F|\n|poke|p2|Excadrill, F|\n|poke|p2|Flapple, M|\n|teampreview\n|\n|t:|1667149842\n|start\n|switch|p1a: Tapu Fini|Tapu Fini, shiny|100\/100\n|switch|p2a: Landorus|Landorus-Therian, M|100\/100\n|-fieldstart|move: Misty Terrain|[from] ability: Misty Surge|[of] p1a: Tapu Fini\n|-ability|p2a: Landorus|Intimidate|boost\n|-unboost|p1a: Tapu Fini|atk|1\n|turn|1\n|\n|t:|1667149846\n|move|p1a: Tapu Fini|Surf|p2a: Landorus\n|-supereffective|p2a: Landorus\n|-damage|p2a: Landorus|6\/100\n|move|p2a: Landorus|U-turn|p1a: Tapu Fini\n|-resisted|p1a: Tapu Fini\n|-damage|p1a: Tapu Fini|85\/100\n|\n|t:|1667149853\n|switch|p2a: Flapple|Flapple, M|100\/100|[from]move: U-turn\n|\n|upkeep\n|turn|2\n|\n|t:|1667149867\n|switch|p1a: Klefki|Klefki, F|100\/100\n|move|p2a: Flapple|U-turn|p1a: Klefki\n|-resisted|p1a: Klefki\n|-damage|p1a: Klefki|89\/100\n|-enditem|p1a: Klefki|Eject Button\n|\n|t:|1667149873\n|switch|p1a: Nidoking|Nidoking, M|100\/100\n|\n|upkeep\n|turn|3\n|j| GalarianN00b3\n|j| Sigggggggg\n|\n|t:|1667149898\n|switch|p2a: Gigalith|Gigalith, F|100\/100\n|-weather|Sandstorm|[from] ability: Sand Stream|[of] p2a: Gigalith\n|move|p1a: Nidoking|Ice Beam|p2a: Gigalith\n|-damage|p2a: Gigalith|78\/100\n|\n|-weather|Sandstorm|[upkeep]\n|upkeep\n|turn|4\n|\n|t:|1667149904\n|switch|p2a: Landorus|Landorus-Therian, M|6\/100\n|-ability|p2a: Landorus|Intimidate|boost\n|-unboost|p1a: Nidoking|atk|1\n|move|p1a: Nidoking|Earth Power|p2a: Landorus\n|-immune|p2a: Landorus\n|\n|-weather|Sandstorm|[upkeep]\n|upkeep\n|turn|5\n|\n|t:|1667149907\n|switch|p1a: Landorus|Landorus-Therian, M|100\/100\n|-ability|p1a: Landorus|Intimidate|boost\n|-unboost|p2a: Landorus|atk|1\n|move|p2a: Landorus|Earthquake|p1a: Landorus\n|-immune|p1a: Landorus\n|\n|-weather|Sandstorm|[upkeep]\n|-fieldend|Misty Terrain\n|upkeep\n|turn|6\n|\n|t:|1667149909\n|move|p2a: Landorus|Gravity|p2a: Landorus\n|-fieldstart|move: Gravity\n|move|p1a: Landorus|Stealth Rock|p2a: Landorus\n|-sidestart|p2: Pomroz|move: Stealth Rock\n|\n|-weather|Sandstorm|[upkeep]\n|upkeep\n|turn|7\n|\n|t:|1667149913\n|move|p2a: Landorus|Earthquake|p1a: Landorus\n|-damage|p1a: Landorus|58\/100\n|move|p1a: Landorus|U-turn|p2a: Landorus\n|-resisted|p2a: Landorus\n|-damage|p2a: Landorus|0 fnt\n|faint|p2a: Landorus\n|\n|t:|1667149926\n|switch|p1a: Klefki|Klefki, F|89\/100|[from]move: U-turn\n|\n|-weather|Sandstorm|[upkeep]\n|upkeep\n|\n|t:|1667149928\n|switch|p2a: Excadrill|Excadrill, F|100\/100\n|-damage|p2a: Excadrill|97\/100|[from] Stealth Rock\n|turn|8\n|\n|t:|1667149935\n|move|p1a: Klefki|Fairy Lock|p1a: Klefki\n|-fieldactivate|move: Fairy Lock\n|move|p2a: Excadrill|Earthquake|p1a: Klefki\n|-supereffective|p1a: Klefki\n|-damage|p1a: Klefki|0 fnt\n|faint|p1a: Klefki\n|\n|-weather|Sandstorm|[upkeep]\n|upkeep\n|\n|t:|1667149937\n|switch|p1a: Urshifu|Urshifu-Rapid-Strike, M|100\/100\n|turn|9\n|\n|t:|1667149942\n|move|p2a: Excadrill|Earthquake|p1a: Urshifu\n|-damage|p1a: Urshifu|18\/100\n|move|p1a: Urshifu|Surging Strikes|p2a: Excadrill\n|-supereffective|p2a: Excadrill\n|-crit|p2a: Excadrill\n|-damage|p2a: Excadrill|5\/100\n|-supereffective|p2a: Excadrill\n|-crit|p2a: Excadrill\n|-damage|p2a: Excadrill|0 fnt\n|faint|p2a: Excadrill\n|-hitcount|p2: Excadrill|2\n|\n|-weather|Sandstorm|[upkeep]\n|-damage|p1a: Urshifu|12\/100|[from] Sandstorm\n|upkeep\n|\n|t:|1667149955\n|switch|p2a: Tornadus|Tornadus-Therian, M|100\/100\n|-damage|p2a: Tornadus|75\/100|[from] Stealth Rock\n|turn|10\n|\n|t:|1667149961\n|move|p2a: Tornadus|Hurricane|p1a: Urshifu\n|-supereffective|p1a: Urshifu\n|-damage|p1a: Urshifu|0 fnt\n|faint|p1a: Urshifu\n|\n|-weather|none\n|-fieldend|move: Gravity\n|upkeep\n|\n|t:|1667149967\n|switch|p1a: Tapu Fini|Tapu Fini, shiny|85\/100\n|-fieldstart|move: Misty Terrain|[from] ability: Misty Surge|[of] p1a: Tapu Fini\n|turn|11\n|\n|t:|1667149972\n|switch|p2a: Gigalith|Gigalith, F|78\/100\n|-damage|p2a: Gigalith|66\/100|[from] Stealth Rock\n|-weather|Sandstorm|[from] ability: Sand Stream|[of] p2a: Gigalith\n|move|p1a: Tapu Fini|Trick|p2a: Gigalith\n|-activate|p1a: Tapu Fini|move: Trick|[of] p2a: Gigalith\n|-item|p2a: Gigalith|Choice Scarf|[from] move: Trick\n|-item|p1a: Tapu Fini|Smooth Rock|[from] move: Trick\n|\n|-weather|Sandstorm|[upkeep]\n|-damage|p1a: Tapu Fini|79\/100|[from] Sandstorm\n|upkeep\n|turn|12\n|\n|t:|1667149982\n|switch|p2a: Toxapex|Toxapex, M|100\/100\n|-damage|p2a: Toxapex|88\/100|[from] Stealth Rock\n|move|p1a: Tapu Fini|Surf|p2a: Toxapex\n|-resisted|p2a: Toxapex\n|-damage|p2a: Toxapex|73\/100\n|\n|-weather|Sandstorm|[upkeep]\n|-damage|p1a: Tapu Fini|73\/100|[from] Sandstorm\n|-damage|p2a: Toxapex|67\/100|[from] Sandstorm\n|upkeep\n|turn|13\n|\n|t:|1667149986\n|move|p1a: Tapu Fini|Trick|p2a: Toxapex\n|-activate|p1a: Tapu Fini|move: Trick|[of] p2a: Toxapex\n|-item|p2a: Toxapex|Smooth Rock|[from] move: Trick\n|-item|p1a: Tapu Fini|Rocky Helmet|[from] move: Trick\n|move|p2a: Toxapex|Knock Off|p1a: Tapu Fini\n|-resisted|p1a: Tapu Fini\n|-damage|p1a: Tapu Fini|66\/100\n|-damage|p2a: Toxapex|50\/100|[from] item: Rocky Helmet|[of] p1a: Tapu Fini\n|-enditem|p1a: Tapu Fini|Rocky Helmet|[from] move: Knock Off|[of] p2a: Toxapex\n|\n|-weather|Sandstorm|[upkeep]\n|-damage|p1a: Tapu Fini|60\/100|[from] Sandstorm\n|-damage|p2a: Toxapex|44\/100|[from] Sandstorm\n|upkeep\n|turn|14\n|\n|t:|1667149994\n|switch|p1a: Nidoking|Nidoking, M|100\/100\n|move|p2a: Toxapex|Knock Off|p1a: Nidoking\n|-damage|p1a: Nidoking|79\/100\n|-enditem|p1a: Nidoking|Life Orb|[from] move: Knock Off|[of] p2a: Toxapex\n|\n|-weather|Sandstorm|[upkeep]\n|-damage|p2a: Toxapex|38\/100|[from] Sandstorm\n|upkeep\n|turn|15\n|\n|t:|1667150000\n|switch|p2a: Tornadus|Tornadus-Therian, M|100\/100\n|-damage|p2a: Tornadus|75\/100|[from] Stealth Rock\n|move|p1a: Nidoking|Ice Beam|p2a: Tornadus\n|-supereffective|p2a: Tornadus\n|-damage|p2a: Tornadus|0 fnt\n|faint|p2a: Tornadus\n|\n|-weather|Sandstorm|[upkeep]\n|-fieldend|Misty Terrain\n|upkeep\n|\n|t:|1667150005\n|switch|p2a: Flapple|Flapple, M|100\/100\n|-damage|p2a: Flapple|88\/100|[from] Stealth Rock\n|turn|16\n|\n|t:|1667150011\n|move|p2a: Flapple|Sucker Punch|p1a: Nidoking\n|-damage|p1a: Nidoking|7\/100\n|move|p1a: Nidoking|Ice Beam|p2a: Flapple\n|-supereffective|p2a: Flapple\n|-damage|p2a: Flapple|0 fnt\n|faint|p2a: Flapple\n|\n|-weather|Sandstorm|[upkeep]\n|upkeep\n|-message|Pomroz forfeited.\n|\n|win|Shinjou Akane\n|raw|Shinjou Akane's rating: 1648 &rarr; <strong>1668<\/strong><br \/>(+20 for winning)\n|raw|Pomroz's rating: 1652 &rarr; <strong>1632<\/strong><br \/>(-20 for losing)\n|l|\u2606Pomroz\n|l| Sigggggggg\n||Ladder isn't responding, score probably updated but might not have (Request timeout).\n","uploadtime":1667150019,"views":13,"p1id":"shinjouakane","p2id":"pomroz","formatid":"gen8ou","rating":1632,"private":0,"password":null}