{"id":"gen8uu-1423261759","p1":"Mutako Z","p2":"Poiani","format":"gen8uu","log":"|j|\u2606Mutako Z\n|j|\u2606Poiani\n|t:|1632513763\n|gametype|singles\n|player|p1|Mutako Z|28|1245\n|player|p2|Poiani|266|1109\n|teamsize|p1|6\n|teamsize|p2|6\n|gen|8\n|tier|[Gen 8] UU\n|rated|\n|rule|Sleep Clause Mod: Limit one foe put to sleep\n|rule|Species Clause: Limit one of each Pok\u00e9mon\n|rule|OHKO Clause: OHKO moves are banned\n|rule|Evasion Moves Clause: Evasion moves are banned\n|rule|Endless Battle Clause: Forcing endless battles is banned\n|rule|HP Percentage Mod: HP is shown in percentages\n|rule|Dynamax Clause: You cannot dynamax\n|clearpoke\n|poke|p1|Cresselia, F|\n|poke|p1|Stakataka|\n|poke|p1|Marowak-Alola, M|\n|poke|p1|Hatterene, F|\n|poke|p1|Uxie|\n|poke|p1|Glastrier|\n|poke|p2|Uxie|\n|poke|p2|Rhyperior, M|\n|poke|p2|Rotom-Heat|\n|poke|p2|Venusaur, M|\n|poke|p2|Salamence, M|\n|poke|p2|Crawdaunt, M|\n|teampreview\n|c|\u2606Poiani|Trick room?\n|c|\u2606Mutako Z|looks like it ^^\n|c|\u2606Poiani|Me too\n|c|\u2606Mutako Z|you too ?\n|\n|t:|1632513815\n|start\n|switch|p1a: Uxie|Uxie|100\/100\n|switch|p2a: Otis|Uxie|100\/100\n|turn|1\n|c|\u2606Poiani|Yes\n|\n|t:|1632513821\n|move|p1a: Uxie|Magic Coat|p1a: Uxie\n|-singleturn|p1a: Uxie|move: Magic Coat\n|move|p2a: Otis|Stealth Rock|p1a: Uxie\n|move|p1a: Uxie|Stealth Rock|p2a: Otis|[from]Magic Coat\n|-sidestart|p2: Poiani|move: Stealth Rock\n|\n|upkeep\n|turn|2\n|\n|t:|1632513834\n|switch|p1a: Marowak|Marowak-Alola, M|100\/100\n|move|p2a: Otis|Stealth Rock|p1a: Marowak\n|-sidestart|p1: Mutako Z|move: Stealth Rock\n|\n|upkeep\n|turn|3\n|\n|t:|1632513844\n|move|p1a: Marowak|Poltergeist|p2a: Otis\n|-activate|p2a: Otis|move: Poltergeist|Aguav Berry\n|-supereffective|p2a: Otis\n|-damage|p2a: Otis|0 fnt\n|faint|p2a: Otis\n|\n|upkeep\n|\n|t:|1632513851\n|switch|p2a: Eustachio|Crawdaunt, M|100\/100\n|-damage|p2a: Eustachio|88\/100|[from] Stealth Rock\n|turn|4\n|inactive|Battle timer is ON: inactive players will automatically lose when time's up. (requested by Poiani)\n|\n|t:|1632513885\n|switch|p1a: Uxie|Uxie|100\/100\n|-damage|p1a: Uxie|88\/100|[from] Stealth Rock\n|move|p2a: Eustachio|Dragon Dance|p2a: Eustachio\n|-boost|p2a: Eustachio|atk|1\n|-boost|p2a: Eustachio|spe|1\n|\n|upkeep\n|turn|5\n|\n|t:|1632513894\n|move|p2a: Eustachio|Knock Off|p1a: Uxie\n|-supereffective|p1a: Uxie\n|-damage|p1a: Uxie|0 fnt\n|-enditem|p1a: Uxie|Mental Herb|[from] move: Knock Off|[of] p2a: Eustachio\n|faint|p1a: Uxie\n|-damage|p2a: Eustachio|78\/100|[from] item: Life Orb\n|\n|upkeep\n|\n|t:|1632513900\n|switch|p1a: Glastrier|Glastrier|100\/100\n|turn|6\n|\n|t:|1632513906\n|move|p2a: Eustachio|Crabhammer|p1a: Glastrier\n|-damage|p1a: Glastrier|2\/100\n|-damage|p2a: Eustachio|68\/100|[from] item: Life Orb\n|move|p1a: Glastrier|Close Combat|p2a: Eustachio\n|-supereffective|p2a: Eustachio\n|-damage|p2a: Eustachio|0 fnt\n|-unboost|p1a: Glastrier|def|1\n|-unboost|p1a: Glastrier|spd|1\n|faint|p2a: Eustachio\n|-ability|p1a: Glastrier|Chilling Neigh|boost\n|-boost|p1a: Glastrier|atk|1\n|\n|upkeep\n|c|\u2606Mutako Z|ugh\n|\n|t:|1632513915\n|switch|p2a: Jack|Salamence, M|100\/100\n|-damage|p2a: Jack|76\/100|[from] Stealth Rock\n|turn|7\n|\n|t:|1632513927\n|switch|p1a: Cresselia|Cresselia, F, shiny|100\/100\n|-damage|p1a: Cresselia|88\/100|[from] Stealth Rock\n|move|p2a: Jack|Shadow Claw|p1a: Cresselia\n|-supereffective|p1a: Cresselia\n|-damage|p1a: Cresselia|46\/100\n|-damage|p2a: Jack|66\/100|[from] item: Life Orb\n|\n|upkeep\n|turn|8\n|\n|t:|1632513935\n|move|p2a: Jack|Shadow Claw|p1a: Cresselia\n|-supereffective|p1a: Cresselia\n|-damage|p1a: Cresselia|6\/100\n|-damage|p2a: Jack|56\/100|[from] item: Life Orb\n|move|p1a: Cresselia|Trick Room|p1a: Cresselia\n|-fieldstart|move: Trick Room|[of] p1a: Cresselia\n|\n|upkeep\n|turn|9\n|\n|t:|1632513942\n|move|p1a: Cresselia|Ice Beam|p2a: Jack\n|-supereffective|p2a: Jack\n|-damage|p2a: Jack|0 fnt\n|faint|p2a: Jack\n|\n|upkeep\n|\n|t:|1632513954\n|switch|p2a: Sam|Rhyperior, M|100\/100\n|-damage|p2a: Sam|94\/100|[from] Stealth Rock\n|turn|10\n|\n|t:|1632513963\n|move|p2a: Sam|Ice Punch|p1a: Cresselia\n|-damage|p1a: Cresselia|0 fnt\n|faint|p1a: Cresselia\n|\n|upkeep\n|\n|t:|1632513988\n|switch|p1a: Stakataka|Stakataka|100\/100\n|-damage|p1a: Stakataka|94\/100|[from] Stealth Rock\n|-item|p1a: Stakataka|Air Balloon\n|turn|11\n|\n|t:|1632513994\n|move|p1a: Stakataka|Earthquake|p2a: Sam\n|-supereffective|p2a: Sam\n|-damage|p2a: Sam|58\/100\n|-enditem|p2a: Sam|Weakness Policy\n|-boost|p2a: Sam|atk|2|[from] item: Weakness Policy\n|-boost|p2a: Sam|spa|2|[from] item: Weakness Policy\n|move|p2a: Sam|Earthquake|p1a: Stakataka\n|-immune|p1a: Stakataka\n|\n|upkeep\n|turn|12\n|\n|t:|1632514002\n|move|p1a: Stakataka|Earthquake|p2a: Sam\n|-supereffective|p2a: Sam\n|-damage|p2a: Sam|20\/100\n|move|p2a: Sam|Thunder Punch|p1a: Stakataka\n|-damage|p1a: Stakataka|57\/100\n|-status|p1a: Stakataka|par\n|-enditem|p1a: Stakataka|Air Balloon\n|\n|-fieldend|move: Trick Room\n|upkeep\n|turn|13\n|\n|t:|1632514013\n|move|p2a: Sam|Earthquake|p1a: Stakataka\n|-supereffective|p1a: Stakataka\n|-damage|p1a: Stakataka|0 fnt\n|faint|p1a: Stakataka\n|\n|upkeep\n|\n|t:|1632514019\n|switch|p1a: Hatterene|Hatterene, F|100\/100\n|-damage|p1a: Hatterene|88\/100|[from] Stealth Rock\n|turn|14\n|\n|t:|1632514025\n|move|p2a: Sam|Earthquake|p1a: Hatterene\n|-damage|p1a: Hatterene|0 fnt\n|faint|p1a: Hatterene\n|\n|upkeep\n|\n|t:|1632514030\n|switch|p1a: Glastrier|Glastrier|2\/100\n|turn|15\n|\n|t:|1632514035\n|move|p2a: Sam|Earthquake|p1a: Glastrier\n|-damage|p1a: Glastrier|0 fnt\n|faint|p1a: Glastrier\n|\n|upkeep\n|\n|t:|1632514039\n|switch|p1a: Marowak|Marowak-Alola, M|100\/100\n|-damage|p1a: Marowak|76\/100|[from] Stealth Rock\n|turn|16\n|\n|t:|1632514045\n|move|p1a: Marowak|Bonemerang|p2a: Sam\n|-supereffective|p2a: Sam\n|-damage|p2a: Sam|0 fnt\n|faint|p2a: Sam\n|-hitcount|p2: Sam|1\n|\n|upkeep\n|\n|t:|1632514063\n|switch|p2a: Motor-Taeh|Rotom-Heat|100\/100\n|-damage|p2a: Motor-Taeh|76\/100|[from] Stealth Rock\n|turn|17\n|\n|t:|1632514068\n|move|p2a: Motor-Taeh|Thunderbolt|p1a: Marowak\n|-ability|p1a: Marowak|Lightning Rod|boost\n|-boost|p1a: Marowak|spa|1\n|move|p1a: Marowak|Poltergeist|p2a: Motor-Taeh\n|-activate|p2a: Motor-Taeh|move: Poltergeist|Wise Glasses\n|-damage|p2a: Motor-Taeh|0 fnt\n|faint|p2a: Motor-Taeh\n|\n|upkeep\n|c|\u2606Poiani|WTF????\n|c|\u2606Poiani|OH NO.....\n|c|\u2606Mutako Z|earthquake on venusaur ?\n|c|\u2606Poiani|SAM(RHYPERIOR) HAS DOING AN AMAZING PERFOMANCS\n|inactive|Poiani has 120 seconds left.\n|c|\u2606Poiani|NO\n|c|\u2606Poiani|.....\n|\n|t:|1632514103\n|switch|p2a: Mr.Saur|Venusaur, M|100\/100\n|-damage|p2a: Mr.Saur|88\/100|[from] Stealth Rock\n|turn|18\n|c|\u2606Mutako Z|then gg\n|\n|t:|1632514107\n|move|p2a: Mr.Saur|Sludge Bomb|p1a: Marowak\n|-resisted|p1a: Marowak\n|-damage|p1a: Marowak|50\/100\n|-status|p1a: Marowak|psn\n|move|p1a: Marowak|Flare Blitz|p2a: Mr.Saur\n|-supereffective|p2a: Mr.Saur\n|-damage|p2a: Mr.Saur|0 fnt\n|faint|p2a: Mr.Saur\n|-damage|p1a: Marowak|23\/100 psn|[from] Recoil\n|\n|win|Mutako Z\n|raw|Mutako Z's rating: 1245 &rarr; <strong>1261<\/strong><br \/>(+16 for winning)\n|raw|Poiani's rating: 1109 &rarr; <strong>1093<\/strong><br \/>(-16 for losing)\n|c|\u2606Poiani|I want rematch bro\n|c|\u2606Poiani|I lose for an error\n","uploadtime":1632514129,"views":9,"p1id":"mutakoz","p2id":"poiani","formatid":"gen8uu","rating":1093,"private":0,"password":null}