{"id":"gen8bdspou-1478901135","p1":"BladeBlank","p2":"mongwong","format":"gen8bdspou","log":"|j|\u2606BladeBlank\n|j|\u2606mongwong\n|t:|1640300121\n|gametype|singles\n|player|p1|BladeBlank|101|1286\n|player|p2|mongwong|silver|1228\n|teamsize|p1|6\n|teamsize|p2|6\n|gen|8\n|tier|[Gen 8 BDSP] OU\n|rated|\n|rule|Sleep Clause Mod: Limit one foe put to sleep\n|rule|Species Clause: Limit one of each Pok\u00e9mon\n|rule|OHKO Clause: OHKO moves are banned\n|rule|Evasion Moves Clause: Evasion moves are banned\n|rule|Endless Battle Clause: Forcing endless battles is banned\n|rule|HP Percentage Mod: HP is shown in percentages\n|clearpoke\n|poke|p1|Donphan, F|\n|poke|p1|Gengar, M|\n|poke|p1|Infernape, M|\n|poke|p1|Dragonite, M|\n|poke|p1|Manaphy|\n|poke|p1|Jirachi|\n|poke|p2|Feraligatr, F|\n|poke|p2|Togekiss, M|\n|poke|p2|Gliscor, M|\n|poke|p2|Scizor, F|\n|poke|p2|Claydol|\n|poke|p2|Magnezone|\n|teampreview\n|\n|t:|1640300131\n|start\n|switch|p1a: Donphan|Donphan, F|100\/100\n|switch|p2a: Scizor|Scizor, F|100\/100\n|turn|1\n|\n|t:|1640300140\n|move|p2a: Scizor|U-turn|p1a: Donphan\n|-damage|p1a: Donphan|72\/100\n|\n|t:|1640300145\n|switch|p2a: Togekiss|Togekiss, M|100\/100|[from]move: U-turn\n|move|p1a: Donphan|Stealth Rock|p2a: Togekiss\n|-sidestart|p2: mongwong|move: Stealth Rock\n|\n|upkeep\n|turn|2\n|\n|t:|1640300152\n|move|p1a: Donphan|Ice Shard|p2a: Togekiss\n|-supereffective|p2a: Togekiss\n|-damage|p2a: Togekiss|64\/100\n|move|p2a: Togekiss|Air Slash|p1a: Donphan\n|-damage|p1a: Donphan|20\/100\n|\n|upkeep\n|turn|3\n|-enditem|p1a: Donphan|Custap Berry|[eat]\n|-activate|p1a: Donphan|item: Custap Berry|[consumed]\n|\n|t:|1640300159\n|move|p1a: Donphan|Ice Shard|p2a: Togekiss\n|-supereffective|p2a: Togekiss\n|-damage|p2a: Togekiss|29\/100\n|move|p2a: Togekiss|Air Slash|p1a: Donphan\n|-damage|p1a: Donphan|0 fnt\n|faint|p1a: Donphan\n|\n|upkeep\n|\n|t:|1640300168\n|switch|p1a: Jirachi|Jirachi|100\/100\n|turn|4\n|\n|t:|1640300172\n|switch|p2a: Claydol|Claydol|100\/100\n|-damage|p2a: Claydol|94\/100|[from] Stealth Rock\n|move|p1a: Jirachi|Meteor Mash|p2a: Claydol\n|-damage|p2a: Claydol|52\/100\n|\n|-heal|p2a: Claydol|59\/100|[from] item: Leftovers\n|upkeep\n|turn|5\n|\n|t:|1640300186\n|switch|p1a: Dragonite|Dragonite, M|100\/100\n|move|p2a: Claydol|Rapid Spin|p1a: Dragonite\n|-damage|p1a: Dragonite|96\/100\n|-boost|p2a: Claydol|spe|1\n|-sideend|p2: mongwong|Stealth Rock|[from] move: Rapid Spin|[of] p2a: Claydol\n|\n|-heal|p2a: Claydol|65\/100|[from] item: Leftovers\n|upkeep\n|turn|6\n|\n|t:|1640300195\n|move|p1a: Dragonite|Dragon Dance|p1a: Dragonite\n|-boost|p1a: Dragonite|atk|1\n|-boost|p1a: Dragonite|spe|1\n|move|p2a: Claydol|Teleport|p2a: Claydol\n|\n|t:|1640300202\n|switch|p2a: Feraligatr|Feraligatr, F|100\/100|[from]move: Teleport\n|\n|upkeep\n|turn|7\n|\n|t:|1640300208\n|move|p1a: Dragonite|Outrage|p2a: Feraligatr\n|-damage|p2a: Feraligatr|0 fnt\n|faint|p2a: Feraligatr\n|\n|upkeep\n|\n|t:|1640300212\n|switch|p2a: Togekiss|Togekiss, M|29\/100\n|turn|8\n|\n|t:|1640300215\n|move|p2a: Togekiss|Dazzling Gleam|p1a: Dragonite\n|-supereffective|p1a: Dragonite\n|-damage|p1a: Dragonite|5\/100\n|move|p1a: Dragonite|Outrage|p2a: Togekiss|[from]lockedmove\n|-immune|p2a: Togekiss\n|\n|upkeep\n|turn|9\n|\n|t:|1640300227\n|move|p1a: Dragonite|Extreme Speed|p2a: Togekiss\n|-damage|p2a: Togekiss|0 fnt\n|faint|p2a: Togekiss\n|\n|upkeep\n|\n|t:|1640300230\n|switch|p2a: Scizor|Scizor, F|100\/100\n|turn|10\n|\n|t:|1640300238\n|move|p1a: Dragonite|Extreme Speed|p2a: Scizor\n|-resisted|p2a: Scizor\n|-damage|p2a: Scizor|78\/100\n|move|p2a: Scizor|Bullet Punch|p1a: Dragonite\n|-damage|p1a: Dragonite|0 fnt\n|faint|p1a: Dragonite\n|\n|-heal|p2a: Scizor|84\/100|[from] item: Leftovers\n|upkeep\n|\n|t:|1640300252\n|switch|p1a: Manaphy|Manaphy|100\/100\n|turn|11\n|\n|t:|1640300265\n|move|p1a: Manaphy|Surf|p2a: Scizor\n|-damage|p2a: Scizor|41\/100\n|move|p2a: Scizor|U-turn|p1a: Manaphy\n|-damage|p1a: Manaphy|61\/100\n|\n|t:|1640300268\n|switch|p2a: Magnezone|Magnezone|100\/100|[from]move: U-turn\n|\n|upkeep\n|turn|12\n|\n|t:|1640300279\n|switch|p1a: Jirachi|Jirachi|100\/100\n|move|p2a: Magnezone|Volt Switch|p1a: Jirachi\n|-damage|p1a: Jirachi|38\/100\n|\n|t:|1640300283\n|switch|p2a: Gliscor|Gliscor, M|100\/100|[from]move: Volt Switch\n|\n|-status|p2a: Gliscor|tox|[from] item: Toxic Orb\n|upkeep\n|turn|13\n|\n|t:|1640300294\n|switch|p2a: Magnezone|Magnezone|100\/100\n|move|p1a: Jirachi|Healing Wish|p1a: Jirachi\n|faint|p1a: Jirachi\n|\n|upkeep\n|\n|t:|1640300306\n|switch|p1a: Infernape|Infernape, M|100\/100\n|turn|14\n|\n|t:|1640300315\n|switch|p2a: Claydol|Claydol|65\/100\n|move|p1a: Infernape|Flare Blitz|p2a: Claydol\n|-damage|p2a: Claydol|0 fnt\n|faint|p2a: Claydol\n|-damage|p1a: Infernape|77\/100|[from] Recoil\n|\n|upkeep\n|\n|t:|1640300320\n|switch|p2a: Gliscor|Gliscor, M|100\/100 tox\n|turn|15\n|\n|t:|1640300335\n|switch|p1a: Gengar|Gengar, M|100\/100\n|move|p2a: Gliscor|Earthquake|p1a: Gengar\n|-supereffective|p1a: Gengar\n|-damage|p1a: Gengar|0 fnt\n|faint|p1a: Gengar\n|\n|upkeep\n|\n|t:|1640300343\n|switch|p1a: Manaphy|Manaphy|61\/100\n|-heal|p1a: Manaphy|100\/100|[from] move: Healing Wish\n|turn|16\n|\n|t:|1640300350\n|switch|p2a: Scizor|Scizor, F|41\/100\n|move|p1a: Manaphy|Tail Glow|p1a: Manaphy\n|-boost|p1a: Manaphy|spa|3\n|\n|-heal|p2a: Scizor|47\/100|[from] item: Leftovers\n|upkeep\n|turn|17\n|c|\u2606BladeBlank|I\n|c|\u2606BladeBlank|Didn't think that worked like that\n|\n|t:|1640300363\n|move|p1a: Manaphy|Surf|p2a: Scizor\n|-damage|p2a: Scizor|0 fnt\n|faint|p2a: Scizor\n|\n|upkeep\n|\n|t:|1640300366\n|switch|p2a: Magnezone|Magnezone|100\/100\n|turn|18\n|\n|t:|1640300370\n|move|p1a: Manaphy|Surf|p2a: Magnezone\n|-damage|p2a: Magnezone|0 fnt\n|faint|p2a: Magnezone\n|\n|upkeep\n|\n|t:|1640300374\n|switch|p2a: Gliscor|Gliscor, M|100\/100 tox\n|turn|19\n|\n|t:|1640300378\n|move|p1a: Manaphy|Surf|p2a: Gliscor\n|-supereffective|p2a: Gliscor\n|-damage|p2a: Gliscor|0 fnt\n|faint|p2a: Gliscor\n|\n|win|BladeBlank\n|raw|BladeBlank's rating: 1286 &rarr; <strong>1307<\/strong><br \/>(+21 for winning)\n|raw|mongwong's rating: 1228 &rarr; <strong>1207<\/strong><br \/>(-21 for losing)\n|l|\u2606mongwong\n||Ladder isn't responding, score probably updated but might not have (Request timeout).\n","uploadtime":1640300409,"views":9,"p1id":"bladeblank","p2id":"mongwong","formatid":"gen8bdspou","rating":1207,"private":0,"password":null}