{"id":"gen8ou-1408223369","p1":"Homiedino","p2":"Infernoss","format":"gen8ou","log":"|j|\u2606Homiedino\n|j|\u2606Infernoss\n|t:|1630518141\n|gametype|singles\n|player|p1|Homiedino|benga|1737\n|player|p2|Infernoss|chili|1777\n|teamsize|p1|6\n|teamsize|p2|6\n|gen|8\n|tier|[Gen 8] OU\n|rated|\n|rule|Sleep Clause Mod: Limit one foe put to sleep\n|rule|Species Clause: Limit one of each Pok\u00e9mon\n|rule|OHKO Clause: OHKO moves are banned\n|rule|Evasion Moves Clause: Evasion moves are banned\n|rule|Endless Battle Clause: Forcing endless battles is banned\n|rule|HP Percentage Mod: HP is shown in percentages\n|rule|Dynamax Clause: You cannot dynamax\n|clearpoke\n|poke|p1|Araquanid, F|\n|poke|p1|Zapdos|\n|poke|p1|Umbreon, M|\n|poke|p1|Tangrowth, F|\n|poke|p1|Steelix, F|\n|poke|p1|Keldeo-Resolute|\n|poke|p2|Slowbro, F|\n|poke|p2|Hatterene, F|\n|poke|p2|Marowak-Alola, F|\n|poke|p2|Ferrothorn, F|\n|poke|p2|Garchomp, F|\n|poke|p2|Drampa, M|\n|teampreview\n|j| nitroljaw jew\n|j| Marquesa-10%\n|\n|t:|1630518187\n|start\n|switch|p1a: Steelix|Steelix, F|100\/100\n|switch|p2a: Falko|Drampa, M|100\/100\n|turn|1\n|\n|t:|1630518206\n|switch|p2a: Sonso|Slowbro, F|100\/100\n|move|p1a: Steelix|Stealth Rock|p2a: Sonso\n|-sidestart|p2: Infernoss|move: Stealth Rock\n|\n|upkeep\n|turn|2\n|j| guhooo\n|\n|t:|1630518244\n|switch|p1a: Araquanid|Araquanid, F|100\/100\n|move|p2a: Sonso|Scald|p1a: Araquanid\n|-resisted|p1a: Araquanid\n|-damage|p1a: Araquanid|93\/100\n|\n|upkeep\n|turn|3\n|\n|t:|1630518251\n|switch|p2a: Thorns|Ferrothorn, F|100\/100\n|-damage|p2a: Thorns|94\/100|[from] Stealth Rock\n|move|p1a: Araquanid|Infestation|p2a: Thorns\n|-damage|p2a: Thorns|92\/100\n|-activate|p2a: Thorns|move: Infestation|[of] p1a: Araquanid\n|-damage|p1a: Araquanid|81\/100|[from] ability: Iron Barbs|[of] p2a: Thorns\n|\n|-heal|p2a: Thorns|98\/100|[from] item: Leftovers\n|-damage|p2a: Thorns|85\/100|[from] move: Infestation|[partiallytrapped]\n|upkeep\n|turn|4\n|j| ErikGal\n|\n|t:|1630518281\n|switch|p1a: Keldeo|Keldeo-Resolute|100\/100\n|move|p2a: Thorns|Leech Seed|p1a: Keldeo\n|-start|p1a: Keldeo|move: Leech Seed\n|\n|-heal|p2a: Thorns|92\/100|[from] item: Leftovers\n|-damage|p1a: Keldeo|88\/100|[from] Leech Seed|[of] p2a: Thorns\n|-heal|p2a: Thorns|100\/100|[silent]\n|-end|p2a: Thorns|Infestation|[partiallytrapped]|[silent]\n|upkeep\n|turn|5\n|\n|t:|1630518290\n|move|p1a: Keldeo|Secret Sword|p2a: Thorns\n|-supereffective|p2a: Thorns\n|-damage|p2a: Thorns|0 fnt\n|faint|p2a: Thorns\n|\n|upkeep\n|\n|t:|1630518299\n|switch|p2a: Billy B.|Marowak-Alola, F|100\/100\n|-damage|p2a: Billy B.|76\/100|[from] Stealth Rock\n|turn|6\n|\n|t:|1630518306\n|switch|p1a: Umbreon|Umbreon, M|100\/100\n|move|p2a: Billy B.|Flare Blitz|p1a: Umbreon\n|-damage|p1a: Umbreon|37\/100\n|\n|-heal|p1a: Umbreon|43\/100|[from] item: Leftovers\n|upkeep\n|turn|7\n|\n|t:|1630518313\n|move|p1a: Umbreon|Foul Play|p2a: Billy B.\n|-supereffective|p2a: Billy B.\n|-damage|p2a: Billy B.|0 fnt\n|faint|p2a: Billy B.\n|\n|-heal|p1a: Umbreon|50\/100|[from] item: Leftovers\n|upkeep\n|\n|t:|1630518319\n|switch|p2a: Falko|Drampa, M|100\/100\n|-damage|p2a: Falko|88\/100|[from] Stealth Rock\n|turn|8\n|\n|t:|1630518328\n|switch|p1a: Araquanid|Araquanid, F|81\/100\n|move|p2a: Falko|Hyper Voice|p1a: Araquanid\n|-damage|p1a: Araquanid|50\/100\n|-damage|p2a: Falko|78\/100|[from] item: Life Orb\n|\n|upkeep\n|turn|9\n|j| Uranus is leaking\n|\n|t:|1630518335\n|move|p2a: Falko|Thunderbolt|p1a: Araquanid\n|-supereffective|p1a: Araquanid\n|-damage|p1a: Araquanid|7\/100\n|-damage|p2a: Falko|69\/100|[from] item: Life Orb\n|move|p1a: Araquanid|Mirror Coat|p2a: Falko\n|-damage|p2a: Falko|0 fnt\n|faint|p2a: Falko\n|\n|upkeep\n|\n|t:|1630518343\n|switch|p2a: Sharpo|Garchomp, F|100\/100\n|-damage|p2a: Sharpo|94\/100|[from] Stealth Rock\n|turn|10\n|\n|t:|1630518374\n|move|p2a: Sharpo|Swords Dance|p2a: Sharpo\n|-boost|p2a: Sharpo|atk|2\n|move|p1a: Araquanid|Liquidation|p2a: Sharpo\n|-damage|p2a: Sharpo|40\/100\n|-damage|p1a: Araquanid|0 fnt|[from] ability: Rough Skin|[of] p2a: Sharpo\n|faint|p1a: Araquanid\n|\n|-heal|p2a: Sharpo|46\/100|[from] item: Leftovers\n|upkeep\n|\n|t:|1630518377\n|switch|p1a: Keldeo|Keldeo-Resolute|88\/100\n|turn|11\n|\n|t:|1630518388\n|switch|p2a: Sonso|Slowbro, F|100\/100\n|-damage|p2a: Sonso|88\/100|[from] Stealth Rock\n|move|p1a: Keldeo|Surf|p2a: Sonso\n|-resisted|p2a: Sonso\n|-damage|p2a: Sonso|49\/100\n|\n|upkeep\n|turn|12\n|l| ErikGal\n|inactive|Battle timer is ON: inactive players will automatically lose when time's up. (requested by Infernoss)\n|inactive|Homiedino has 120 seconds left.\n|\n|t:|1630518433\n|switch|p1a: Tangrowth|Tangrowth, F|100\/100\n|move|p2a: Sonso|Slack Off|p2a: Sonso\n|-heal|p2a: Sonso|99\/100\n|\n|upkeep\n|turn|13\n|j| Sley044\n|\n|t:|1630518439\n|move|p1a: Tangrowth|Giga Drain|p2a: Sonso\n|-supereffective|p2a: Sonso\n|-damage|p2a: Sonso|40\/100\n|move|p2a: Sonso|Scald|p1a: Tangrowth\n|-resisted|p1a: Tangrowth\n|-damage|p1a: Tangrowth|80\/100\n|\n|upkeep\n|turn|14\n|l| Sley044\n|j| SilentTurb0\n|\n|t:|1630518461\n|switch|p2a: Hatterene|Hatterene, F|100\/100\n|-damage|p2a: Hatterene|88\/100|[from] Stealth Rock\n|move|p1a: Tangrowth|Giga Drain|p2a: Hatterene\n|-damage|p2a: Hatterene|67\/100\n|-heal|p1a: Tangrowth|89\/100|[from] drain|[of] p2a: Hatterene\n|\n|upkeep\n|turn|15\n|\n|t:|1630518469\n|switch|p1a: Steelix|Steelix, F|100\/100\n|move|p2a: Hatterene|Mystical Fire|p1a: Steelix\n|-supereffective|p1a: Steelix\n|-damage|p1a: Steelix|58\/100\n|-unboost|p1a: Steelix|spa|1\n|\n|-heal|p1a: Steelix|64\/100|[from] item: Leftovers\n|upkeep\n|turn|16\n|\n|t:|1630518478\n|switch|p2a: Sonso|Slowbro, F|74\/100\n|-damage|p2a: Sonso|61\/100|[from] Stealth Rock\n|move|p1a: Steelix|Taunt|p2a: Sonso\n|-start|p2a: Sonso|move: Taunt\n|\n|-heal|p1a: Steelix|70\/100|[from] item: Leftovers\n|upkeep\n|turn|17\n|j| Tuvaferkwazoulou5\n|\n|t:|1630518486\n|switch|p1a: Tangrowth|Tangrowth, F|100\/100\n|move|p2a: Sonso|Scald|p1a: Tangrowth\n|-resisted|p1a: Tangrowth\n|-damage|p1a: Tangrowth|82\/100\n|\n|upkeep\n|turn|18\n|\n|t:|1630518493\n|switch|p2a: Hatterene|Hatterene, F|67\/100\n|-damage|p2a: Hatterene|54\/100|[from] Stealth Rock\n|move|p1a: Tangrowth|Giga Drain|p2a: Hatterene\n|-damage|p2a: Hatterene|34\/100\n|-heal|p1a: Tangrowth|90\/100|[from] drain|[of] p2a: Hatterene\n|\n|upkeep\n|turn|19\n|\n|t:|1630518502\n|move|p1a: Tangrowth|Sludge Bomb|p2a: Hatterene\n|-supereffective|p2a: Hatterene\n|-damage|p2a: Hatterene|0 fnt\n|faint|p2a: Hatterene\n|\n|upkeep\n|-message|Infernoss forfeited.\n|\n|win|Homiedino\n|l|\u2606Infernoss\n|raw|Homiedino's rating: 1737 &rarr; <strong>1759<\/strong><br \/>(+22 for winning)\n|raw|Infernoss's rating: 1777 &rarr; <strong>1755<\/strong><br \/>(-22 for losing)\n|l|\u2606Homiedino\n|l| SilentTurb0\n||Ladder isn't responding, score probably updated but might not have (Request timeout).\n","uploadtime":1630518561,"views":38,"p1id":"homiedino","p2id":"infernoss","formatid":"gen8ou","rating":1755,"private":0,"password":null}