{"id":"gen8ou-1691679854","p1":"garbagetrashplayer","p2":"Kwaga","format":"gen8ou","log":"|html|<div class=\"broadcast-blue\"><strong>[Gen 8] OU is currently suspecting Melmetal! For information on how to participate check out the <a href=\"https:\/\/www.smogon.com\/forums\/threads\/np-ss-ou-suspect-process-round-12-monster-mash.3709234\/\">suspect thread<\/a>.<\/strong><\/div>\n|j|\u2606garbagetrashplayer\n|j|\u2606Kwaga\n|t:|1666395129\n|gametype|singles\n|player|p1|garbagetrashplayer|caitlin-masters|1600\n|player|p2|Kwaga|ninjaboy|1745\n|teamsize|p1|6\n|teamsize|p2|6\n|gen|8\n|tier|[Gen 8] OU\n|rated|\n|rule|Sleep Clause Mod: Limit one foe put to sleep\n|rule|Species Clause: Limit one of each Pok\u00e9mon\n|rule|OHKO Clause: OHKO moves are banned\n|rule|Evasion Items Clause: Evasion items are banned\n|rule|Evasion Moves Clause: Evasion moves are banned\n|rule|Endless Battle Clause: Forcing endless battles is banned\n|rule|HP Percentage Mod: HP is shown in percentages\n|rule|Dynamax Clause: You cannot dynamax\n|clearpoke\n|poke|p1|Melmetal|\n|poke|p1|Tapu Fini|\n|poke|p1|Magnezone|\n|poke|p1|Landorus-Therian, M|\n|poke|p1|Weavile, M|\n|poke|p1|Kartana|\n|poke|p2|Mew|\n|poke|p2|Weavile, M|\n|poke|p2|Crawdaunt, M|\n|poke|p2|Garchomp, M|\n|poke|p2|Blacephalon|\n|poke|p2|Celesteela|\n|teampreview\n|\n|t:|1666395175\n|start\n|switch|p1a: Landorus|Landorus-Therian, M|100\/100\n|switch|p2a: Mew|Mew, shiny|100\/100\n|-ability|p1a: Landorus|Intimidate|boost\n|-unboost|p2a: Mew|atk|1\n|turn|1\n|\n|t:|1666395180\n|move|p2a: Mew|Stealth Rock|p1a: Landorus\n|-sidestart|p1: garbagetrashplayer|move: Stealth Rock\n|move|p1a: Landorus|U-turn|p2a: Mew\n|-supereffective|p2a: Mew\n|-crit|p2a: Mew\n|-damage|p2a: Mew|48\/100\n|\n|t:|1666395193\n|switch|p1a: Weavile|Weavile, M|100\/100|[from]move: U-turn\n|-ability|p1a: Weavile|Pressure\n|\n|upkeep\n|turn|2\n|\n|t:|1666395198\n|move|p1a: Weavile|Triple Axel|p2a: Mew\n|-damage|p2a: Mew|39\/100\n|-damage|p2a: Mew|21\/100\n|-damage|p2a: Mew|0 fnt\n|faint|p2a: Mew\n|-hitcount|p2: Mew|3\n|\n|upkeep\n|inactive|Battle timer is ON: inactive players will automatically lose when time's up. (requested by garbagetrashplayer)\n|\n|t:|1666395206\n|switch|p2a: Blacephalon|Blacephalon, shiny|100\/100\n|turn|3\n|\n|t:|1666395231\n|switch|p2a: Crawdaunt|Crawdaunt, M, shiny|100\/100\n|switch|p1a: Landorus|Landorus-Therian, M|100\/100\n|-damage|p1a: Landorus|88\/100|[from] Stealth Rock\n|-ability|p1a: Landorus|Intimidate|boost\n|-unboost|p2a: Crawdaunt|atk|1\n|\n|-heal|p1a: Landorus|94\/100|[from] item: Leftovers\n|upkeep\n|turn|4\n|\n|t:|1666395241\n|move|p1a: Landorus|U-turn|p2a: Crawdaunt\n|-supereffective|p2a: Crawdaunt\n|-damage|p2a: Crawdaunt|40\/100\n|\n|t:|1666395246\n|switch|p1a: Tapu Fini|Tapu Fini, shiny|100\/100|[from]move: U-turn\n|-damage|p1a: Tapu Fini|88\/100|[from] Stealth Rock\n|-fieldstart|move: Misty Terrain|[from] ability: Misty Surge|[of] p1a: Tapu Fini\n|move|p2a: Crawdaunt|Knock Off|p1a: Tapu Fini\n|-resisted|p1a: Tapu Fini\n|-damage|p1a: Tapu Fini|64\/100\n|-enditem|p1a: Tapu Fini|Leftovers|[from] move: Knock Off|[of] p2a: Crawdaunt\n|-damage|p2a: Crawdaunt|30\/100|[from] item: Life Orb\n|\n|upkeep\n|turn|5\n|\n|t:|1666395273\n|move|p1a: Tapu Fini|Scald|p2a: Crawdaunt\n|-resisted|p2a: Crawdaunt\n|-damage|p2a: Crawdaunt|1\/100\n|move|p2a: Crawdaunt|Crabhammer|p1a: Tapu Fini\n|-resisted|p1a: Tapu Fini\n|-damage|p1a: Tapu Fini|40\/100\n|-damage|p2a: Crawdaunt|0 fnt|[from] item: Life Orb\n|faint|p2a: Crawdaunt\n|\n|upkeep\n|\n|t:|1666395283\n|switch|p2a: Blacephalon|Blacephalon, shiny|100\/100\n|turn|6\n|\n|t:|1666395295\n|move|p2a: Blacephalon|Shadow Ball|p1a: Tapu Fini\n|-damage|p1a: Tapu Fini|0 fnt\n|faint|p1a: Tapu Fini\n|-ability|p2a: Blacephalon|Beast Boost|boost\n|-boost|p2a: Blacephalon|spa|1\n|\n|upkeep\n|inactive|garbagetrashplayer has 120 seconds left.\n|j| Spyer2k\n|inactive|garbagetrashplayer has 90 seconds left.\n|\n|t:|1666395341\n|switch|p1a: Weavile|Weavile, M|100\/100\n|-ability|p1a: Weavile|Pressure\n|turn|7\n|\n|t:|1666395348\n|move|p2a: Blacephalon|Shadow Ball|p1a: Weavile\n|-resisted|p1a: Weavile\n|-damage|p1a: Weavile|44\/100\n|move|p1a: Weavile|Knock Off|p2a: Blacephalon\n|-supereffective|p2a: Blacephalon\n|-damage|p2a: Blacephalon|0 fnt\n|-enditem|p2a: Blacephalon|Choice Scarf|[from] move: Knock Off|[of] p1a: Weavile\n|faint|p2a: Blacephalon\n|\n|upkeep\n|\n|t:|1666395354\n|switch|p2a: Weavile|Weavile, M, shiny|100\/100\n|-ability|p2a: Weavile|Pressure\n|turn|8\n|\n|t:|1666395363\n|switch|p1a: Magnezone|Magnezone|100\/100\n|-damage|p1a: Magnezone|94\/100|[from] Stealth Rock\n|move|p2a: Weavile|Swords Dance|p2a: Weavile\n|-boost|p2a: Weavile|atk|2\n|\n|-fieldend|Misty Terrain\n|upkeep\n|turn|9\n|\n|t:|1666395367\n|move|p2a: Weavile|Knock Off|p1a: Magnezone\n|-damage|p1a: Magnezone|0 fnt\n|-damage|p2a: Weavile|84\/100|[from] item: Rocky Helmet|[of] p1a: Magnezone\n|-enditem|p1a: Magnezone|Rocky Helmet|[from] move: Knock Off|[of] p2a: Weavile\n|faint|p1a: Magnezone\n|-damage|p2a: Weavile|74\/100|[from] item: Life Orb\n|\n|upkeep\n|inactive|garbagetrashplayer has 120 seconds left.\n|\n|t:|1666395373\n|switch|p1a: Melmetal|Melmetal|100\/100\n|-damage|p1a: Melmetal|94\/100|[from] Stealth Rock\n|turn|10\n|\n|t:|1666395375\n|move|p2a: Weavile|Knock Off|p1a: Melmetal\n|-damage|p1a: Melmetal|7\/100\n|-enditem|p1a: Melmetal|Leftovers|[from] move: Knock Off|[of] p2a: Weavile\n|-damage|p2a: Weavile|64\/100|[from] item: Life Orb\n|move|p1a: Melmetal|Double Iron Bash|p2a: Weavile\n|-supereffective|p2a: Weavile\n|-damage|p2a: Weavile|0 fnt\n|faint|p2a: Weavile\n|-hitcount|p2: Weavile|1\n|\n|upkeep\n|\n|t:|1666395381\n|switch|p2a: Celesteela|Celesteela, shiny|100\/100\n|turn|11\n|\n|t:|1666395387\n|move|p2a: Celesteela|Meteor Beam||[still]\n|-prepare|p2a: Celesteela|Meteor Beam\n|-boost|p2a: Celesteela|spa|1\n|-enditem|p2a: Celesteela|Power Herb\n|-anim|p2a: Celesteela|Meteor Beam|p1a: Melmetal\n|-resisted|p1a: Melmetal\n|-damage|p1a: Melmetal|0 fnt\n|faint|p1a: Melmetal\n|-ability|p2a: Celesteela|Beast Boost|boost\n|-boost|p2a: Celesteela|spa|1\n|\n|upkeep\n|\n|t:|1666395397\n|switch|p1a: Weavile|Weavile, M|44\/100\n|-ability|p1a: Weavile|Pressure\n|turn|12\n|\n|t:|1666395403\n|move|p1a: Weavile|Triple Axel|p2a: Celesteela\n|-damage|p2a: Celesteela|91\/100\n|-damage|p2a: Celesteela|69\/100\n|-damage|p2a: Celesteela|38\/100\n|-hitcount|p2a: Celesteela|3\n|move|p2a: Celesteela|Autotomize|p2a: Celesteela\n|-boost|p2a: Celesteela|spe|2\n|-start|p2a: Celesteela|Autotomize\n|\n|upkeep\n|turn|13\n|\n|t:|1666395414\n|move|p1a: Weavile|Ice Shard|p2a: Celesteela\n|-damage|p2a: Celesteela|16\/100\n|move|p2a: Celesteela|Flamethrower|p1a: Weavile\n|-supereffective|p1a: Weavile\n|-damage|p1a: Weavile|0 fnt\n|faint|p1a: Weavile\n|-ability|p2a: Celesteela|Beast Boost|boost\n|-boost|p2a: Celesteela|spa|1\n|\n|upkeep\n|\n|t:|1666395418\n|switch|p1a: Landorus|Landorus-Therian, M|94\/100\n|-damage|p1a: Landorus|82\/100|[from] Stealth Rock\n|-ability|p1a: Landorus|Intimidate|boost\n|-unboost|p2a: Celesteela|atk|1\n|turn|14\n|\n|t:|1666395421\n|move|p2a: Celesteela|Air Slash|p1a: Landorus|[miss]\n|-miss|p2a: Celesteela|p1a: Landorus\n|move|p1a: Landorus|U-turn|p2a: Celesteela\n|-resisted|p2a: Celesteela\n|-damage|p2a: Celesteela|11\/100\n|\n|t:|1666395424\n|switch|p1a: Kartana|Kartana, shiny|100\/100|[from]move: U-turn\n|-damage|p1a: Kartana|94\/100|[from] Stealth Rock\n|\n|upkeep\n|turn|15\n|\n|t:|1666395426\n|move|p2a: Celesteela|Flamethrower|p1a: Kartana\n|-supereffective|p1a: Kartana\n|-damage|p1a: Kartana|0 fnt\n|faint|p1a: Kartana\n|-ability|p2a: Celesteela|Beast Boost|boost\n|-boost|p2a: Celesteela|spa|1\n|\n|upkeep\n|-message|garbagetrashplayer forfeited.\n|\n|win|Kwaga\n|raw|garbagetrashplayer's rating: 1600 &rarr; <strong>1588<\/strong><br \/>(-12 for losing)\n|raw|Kwaga's rating: 1745 &rarr; <strong>1757<\/strong><br \/>(+12 for winning)\n|l|\u2606garbagetrashplayer\n","uploadtime":1666395432,"views":8,"p1id":"garbagetrashplayer","p2id":"kwaga","formatid":"gen8ou","rating":1588,"private":0,"password":null}