{"id":"gen8ou-1141981175","p1":"ranitidine","p2":"ISTTM","format":"gen8ou","log":"|j|\u2606ranitidine\n|j|\u2606ISTTM\n|player|p1|ranitidine|265|1585\n|player|p2|ISTTM|boarder-gen2|1475\n|teamsize|p1|6\n|teamsize|p2|6\n|gametype|singles\n|gen|8\n|tier|[Gen 8] OU\n|rated|\n|clearpoke\n|poke|p1|Palossand, M|\n|poke|p1|Chansey, F|\n|poke|p1|Clefable, M|\n|poke|p1|Toxapex, M|\n|poke|p1|Mandibuzz, F|\n|poke|p1|Rotom-Heat|\n|poke|p2|Pincurchin, M|\n|poke|p2|Palossand, F|\n|poke|p2|Raichu-Alola, F|\n|poke|p2|Amoonguss, F|\n|poke|p2|Magearna|\n|poke|p2|Talonflame, F|\n|rule|Sleep Clause Mod: Limit one foe put to sleep\n|rule|Species Clause: Limit one of each Pok\u00e9mon\n|rule|OHKO Clause: OHKO moves are banned\n|rule|Evasion Moves Clause: Evasion moves are banned\n|rule|Endless Battle Clause: Forcing endless battles is banned\n|rule|HP Percentage Mod: HP is shown in percentages\n|rule|Dynamax Clause: You cannot dynamax\n|teampreview\n|j| Professeur arsene\n|inactive|Battle timer is ON: inactive players will automatically lose when time's up. (requested by ranitidine)\n|\n|start\n|switch|p1a: Palossand|Palossand, M|100\/100\n|switch|p2a: Pincurchin|Pincurchin, M|100\/100\n|-fieldstart|move: Electric Terrain|[from] ability: Electric Surge|[of] p2a: Pincurchin\n|turn|1\n|\n|switch|p2a: Amoonguss|Amoonguss, F|100\/100\n|move|p1a: Palossand|Stealth Rock|p2a: Amoonguss\n|-sidestart|p2: ISTTM|move: Stealth Rock\n|\n|upkeep\n|turn|2\n|\n|switch|p1a: Mandibuzz|Mandibuzz, F|100\/100\n|move|p2a: Amoonguss|Spore|p1a: Mandibuzz\n|-immune|p1a: Mandibuzz|[from] ability: Overcoat\n|\n|upkeep\n|turn|3\n|\n|move|p1a: Mandibuzz|Knock Off|p2a: Amoonguss\n|-damage|p2a: Amoonguss|83\/100\n|-damage|p1a: Mandibuzz|84\/100|[from] item: Rocky Helmet|[of] p2a: Amoonguss\n|-enditem|p2a: Amoonguss|Rocky Helmet|[from] move: Knock Off|[of] p1a: Mandibuzz\n|move|p2a: Amoonguss|Sludge Bomb|p1a: Mandibuzz\n|-damage|p1a: Mandibuzz|64\/100\n|\n|upkeep\n|turn|4\n|\n|move|p1a: Mandibuzz|Knock Off|p2a: Amoonguss\n|-damage|p2a: Amoonguss|72\/100\n|move|p2a: Amoonguss|Sludge Bomb|p1a: Mandibuzz\n|-damage|p1a: Mandibuzz|45\/100\n|-status|p1a: Mandibuzz|psn\n|\n|-damage|p1a: Mandibuzz|33\/100 psn|[from] psn\n|upkeep\n|turn|5\n|\n|move|p1a: Mandibuzz|Roost|p1a: Mandibuzz\n|-heal|p1a: Mandibuzz|83\/100 psn\n|-singleturn|p1a: Mandibuzz|move: Roost\n|move|p2a: Amoonguss|Sludge Bomb|p1a: Mandibuzz\n|-damage|p1a: Mandibuzz|63\/100 psn\n|\n|-damage|p1a: Mandibuzz|50\/100 psn|[from] psn\n|upkeep\n|turn|6\n|\n|move|p1a: Mandibuzz|Roost|p1a: Mandibuzz\n|-heal|p1a: Mandibuzz|99\/100 psn\n|-singleturn|p1a: Mandibuzz|move: Roost\n|move|p2a: Amoonguss|Sludge Bomb|p1a: Mandibuzz\n|-damage|p1a: Mandibuzz|82\/100 psn\n|\n|-damage|p1a: Mandibuzz|70\/100 psn|[from] psn\n|upkeep\n|turn|7\n|\n|move|p1a: Mandibuzz|Knock Off|p2a: Amoonguss\n|-damage|p2a: Amoonguss|61\/100\n|move|p2a: Amoonguss|Giga Drain|p1a: Mandibuzz\n|-resisted|p1a: Mandibuzz\n|-damage|p1a: Mandibuzz|62\/100 psn\n|-heal|p2a: Amoonguss|65\/100|[from] drain|[of] p1a: Mandibuzz\n|\n|-damage|p1a: Mandibuzz|50\/100 psn|[from] psn\n|upkeep\n|turn|8\n|\n|move|p1a: Mandibuzz|Roost|p1a: Mandibuzz\n|-heal|p1a: Mandibuzz|99\/100 psn\n|-singleturn|p1a: Mandibuzz|move: Roost\n|move|p2a: Amoonguss|Giga Drain|p1a: Mandibuzz\n|-damage|p1a: Mandibuzz|82\/100 psn\n|-heal|p2a: Amoonguss|74\/100|[from] drain|[of] p1a: Mandibuzz\n|\n|-damage|p1a: Mandibuzz|70\/100 psn|[from] psn\n|-fieldend|move: Electric Terrain\n|upkeep\n|turn|9\n|\n|switch|p1a: Rotom|Rotom-Heat|100\/100\n|move|p2a: Amoonguss|Sludge Bomb|p1a: Rotom\n|-damage|p1a: Rotom|73\/100\n|\n|upkeep\n|turn|10\n|\n|switch|p2a: Palossand|Palossand, F|100\/100\n|-damage|p2a: Palossand|94\/100|[from] Stealth Rock\n|move|p1a: Rotom|Overheat|p2a: Palossand\n|-damage|p2a: Palossand|43\/100\n|-unboost|p1a: Rotom|spa|2\n|\n|upkeep\n|turn|11\n|\n|move|p1a: Rotom|Nasty Plot|p1a: Rotom\n|-boost|p1a: Rotom|spa|2\n|move|p2a: Palossand|Shore Up|p2a: Palossand\n|-heal|p2a: Palossand|93\/100\n|\n|upkeep\n|turn|12\n|\n|switch|p1a: Toxapex|Toxapex, M|100\/100\n|move|p2a: Palossand|Stealth Rock|p1a: Toxapex\n|-sidestart|p1: ranitidine|move: Stealth Rock\n|\n|upkeep\n|turn|13\n|\n|move|p2a: Palossand|Scorching Sands|p1a: Toxapex\n|-supereffective|p1a: Toxapex\n|-damage|p1a: Toxapex|60\/100\n|move|p1a: Toxapex|Scald|p2a: Palossand\n|-supereffective|p2a: Palossand\n|-damage|p2a: Palossand|58\/100\n|-ability|p2a: Palossand|Water Compaction|boost\n|-boost|p2a: Palossand|def|2\n|\n|-heal|p1a: Toxapex|67\/100|[from] item: Black Sludge\n|upkeep\n|turn|14\n|\n|move|p2a: Palossand|Scorching Sands|p1a: Toxapex\n|-supereffective|p1a: Toxapex\n|-damage|p1a: Toxapex|23\/100\n|move|p1a: Toxapex|Recover|p1a: Toxapex\n|-heal|p1a: Toxapex|73\/100\n|\n|-heal|p1a: Toxapex|79\/100|[from] item: Black Sludge\n|upkeep\n|turn|15\n|\n|switch|p1a: Chansey|Chansey, F|100\/100\n|-damage|p1a: Chansey|88\/100|[from] Stealth Rock\n|move|p2a: Palossand|Scorching Sands|p1a: Chansey\n|-damage|p1a: Chansey|80\/100\n|\n|upkeep\n|turn|16\n|\n|switch|p2a: Amoonguss|Amoonguss, F|100\/100\n|-damage|p2a: Amoonguss|88\/100|[from] Stealth Rock\n|move|p1a: Chansey|Toxic|p2a: Amoonguss\n|-immune|p2a: Amoonguss\n|\n|upkeep\n|turn|17\n|\n|move|p2a: Amoonguss|Spore|p1a: Chansey\n|-status|p1a: Chansey|slp|[from] move: Spore\n|cant|p1a: Chansey|slp\n|\n|upkeep\n|turn|18\n|\n|switch|p2a: Talonflame|Talonflame, F|100\/100\n|cant|p1a: Chansey|slp\n|\n|upkeep\n|turn|19\n|\n|switch|p1a: Rotom|Rotom-Heat|73\/100\n|move|p2a: Talonflame|Swords Dance|p2a: Talonflame\n|-boost|p2a: Talonflame|atk|2\n|\n|upkeep\n|turn|20\n|\n|switch|p2a: Magearna|Magearna|100\/100\n|-damage|p2a: Magearna|94\/100|[from] Stealth Rock\n|move|p1a: Rotom|Pain Split|p2a: Magearna\n|-sethp|p2a: Magearna|78\/100|[from] move: Pain Split|[silent]\n|-sethp|p1a: Rotom|93\/100|[from] move: Pain Split\n|\n|upkeep\n|turn|21\n|\n|move|p1a: Rotom|Overheat|p2a: Magearna\n|-supereffective|p2a: Magearna\n|-damage|p2a: Magearna|37\/100\n|-unboost|p1a: Rotom|spa|2\n|move|p2a: Magearna|Aura Sphere|p1a: Rotom\n|-damage|p1a: Rotom|67\/100\n|\n|upkeep\n|turn|22\n|\n|move|p1a: Rotom|Nasty Plot|p1a: Rotom\n|-boost|p1a: Rotom|spa|2\n|move|p2a: Magearna|Dazzling Gleam|p1a: Rotom\n|-resisted|p1a: Rotom\n|-damage|p1a: Rotom|48\/100\n|\n|upkeep\n|turn|23\n|\n|move|p1a: Rotom|Overheat|p2a: Magearna\n|-supereffective|p2a: Magearna\n|-damage|p2a: Magearna|0 fnt\n|-unboost|p1a: Rotom|spa|2\n|faint|p2a: Magearna\n|\n|upkeep\n|\n|switch|p2a: Pincurchin|Pincurchin, M|100\/100\n|-damage|p2a: Pincurchin|88\/100|[from] Stealth Rock\n|-fieldstart|move: Electric Terrain|[from] ability: Electric Surge|[of] p2a: Pincurchin\n|turn|24\n|\n|move|p1a: Rotom|Pain Split|p2a: Pincurchin\n|-sethp|p2a: Pincurchin|68\/100|[from] move: Pain Split|[silent]\n|-sethp|p1a: Rotom|67\/100|[from] move: Pain Split\n|move|p2a: Pincurchin|Spikes|p1a: Rotom\n|-sidestart|p1: ranitidine|Spikes\n|\n|upkeep\n|turn|25\n|\n|switch|p1a: Mandibuzz|Mandibuzz, F|70\/100 psn\n|move|p2a: Pincurchin|Rising Voltage|p1a: Mandibuzz\n|-supereffective|p1a: Mandibuzz\n|-damage|p1a: Mandibuzz|16\/100 psn\n|\n|-damage|p1a: Mandibuzz|3\/100 psn|[from] psn\n|upkeep\n|turn|26\n|\n|move|p1a: Mandibuzz|Defog|p2a: Pincurchin\n|-unboost|p2a: Pincurchin|evasion|1\n|-sideend|p2: ISTTM|Stealth Rock|[from] move: Defog|[of] p1a: Mandibuzz\n|-sideend|p1: ranitidine|Spikes|[from] move: Defog|[of] p1a: Mandibuzz\n|-sideend|p1: ranitidine|Stealth Rock|[from] move: Defog|[of] p1a: Mandibuzz\n|-fieldend|move: Electric Terrain\n|move|p2a: Pincurchin|Rising Voltage|p1a: Mandibuzz\n|-supereffective|p1a: Mandibuzz\n|-damage|p1a: Mandibuzz|0 fnt\n|faint|p1a: Mandibuzz\n|\n|upkeep\n|\n|switch|p1a: Palossand|Palossand, M|100\/100\n|turn|27\n|\n|switch|p2a: Amoonguss|Amoonguss, F|100\/100\n|move|p1a: Palossand|Stealth Rock|p2a: Amoonguss\n|-sidestart|p2: ISTTM|move: Stealth Rock\n|\n|upkeep\n|turn|28\n|\n|move|p1a: Palossand|Scorching Sands|p2a: Amoonguss\n|-damage|p2a: Amoonguss|78\/100\n|-status|p2a: Amoonguss|brn\n|move|p2a: Amoonguss|Sludge Bomb|p1a: Palossand\n|-resisted|p1a: Palossand\n|-damage|p1a: Palossand|93\/100\n|\n|-damage|p2a: Amoonguss|71\/100 brn|[from] brn\n|upkeep\n|turn|29\n|\n|move|p1a: Palossand|Scorching Sands|p2a: Amoonguss\n|-damage|p2a: Amoonguss|50\/100 brn\n|move|p2a: Amoonguss|Sludge Bomb|p1a: Palossand\n|-resisted|p1a: Palossand\n|-damage|p1a: Palossand|86\/100\n|-status|p1a: Palossand|psn\n|\n|-damage|p1a: Palossand|74\/100 psn|[from] psn\n|-damage|p2a: Amoonguss|44\/100 brn|[from] brn\n|upkeep\n|turn|30\n|\n|switch|p1a: Rotom|Rotom-Heat|67\/100\n|move|p2a: Amoonguss|Giga Drain|p1a: Rotom\n|-resisted|p1a: Rotom\n|-damage|p1a: Rotom|55\/100\n|-heal|p2a: Amoonguss|48\/100 brn|[from] drain|[of] p1a: Rotom\n|\n|-damage|p2a: Amoonguss|42\/100 brn|[from] brn\n|upkeep\n|turn|31\n|\n|move|p1a: Rotom|Overheat|p2a: Amoonguss\n|-supereffective|p2a: Amoonguss\n|-damage|p2a: Amoonguss|0 fnt\n|-unboost|p1a: Rotom|spa|2\n|faint|p2a: Amoonguss\n|\n|upkeep\n|\n|switch|p2a: Palossand|Palossand, F|58\/100\n|-damage|p2a: Palossand|52\/100|[from] Stealth Rock\n|turn|32\n|\n|switch|p1a: Chansey|Chansey, F|80\/100\n|move|p2a: Palossand|Stealth Rock|p1a: Chansey\n|-sidestart|p1: ranitidine|move: Stealth Rock\n|\n|upkeep\n|turn|33\n|\n|move|p1a: Chansey|Toxic|p2a: Palossand\n|-status|p2a: Palossand|tox\n|move|p2a: Palossand|Shore Up|p2a: Palossand\n|-heal|p2a: Palossand|100\/100 tox\n|\n|-damage|p2a: Palossand|94\/100 tox|[from] psn\n|upkeep\n|turn|34\n|\n|switch|p2a: Talonflame|Talonflame, F|100\/100\n|move|p1a: Chansey|Toxic|p2a: Talonflame\n|-status|p2a: Talonflame|tox\n|\n|-damage|p2a: Talonflame|94\/100 tox|[from] psn\n|upkeep\n|turn|35\n|\n|switch|p1a: Toxapex|Toxapex, M|100\/100\n|-damage|p1a: Toxapex|88\/100|[from] Stealth Rock\n|move|p2a: Talonflame|Swords Dance|p2a: Talonflame\n|-boost|p2a: Talonflame|atk|2\n|\n|-heal|p1a: Toxapex|94\/100|[from] item: Black Sludge\n|-damage|p2a: Talonflame|82\/100 tox|[from] psn\n|upkeep\n|turn|36\n|\n|switch|p2a: Pincurchin|Pincurchin, M|68\/100\n|-damage|p2a: Pincurchin|56\/100|[from] Stealth Rock\n|-fieldstart|move: Electric Terrain|[from] ability: Electric Surge|[of] p2a: Pincurchin\n|move|p1a: Toxapex|Haze|p1a: Toxapex\n|-clearallboost\n|\n|-heal|p1a: Toxapex|100\/100|[from] item: Black Sludge\n|upkeep\n|turn|37\n|\n|switch|p1a: Rotom|Rotom-Heat|55\/100\n|move|p2a: Pincurchin|Spikes|p1a: Rotom\n|-sidestart|p1: ranitidine|Spikes\n|\n|upkeep\n|turn|38\n|\n|move|p1a: Rotom|Overheat|p2a: Pincurchin\n|-damage|p2a: Pincurchin|0 fnt\n|-unboost|p1a: Rotom|spa|2\n|faint|p2a: Pincurchin\n|\n|upkeep\n|\n|switch|p2a: Raichu|Raichu-Alola, F|100\/100\n|-damage|p2a: Raichu|88\/100|[from] Stealth Rock\n|turn|39\n|\n|move|p2a: Raichu|Nasty Plot|p2a: Raichu\n|-boost|p2a: Raichu|spa|2\n|move|p1a: Rotom|Overheat|p2a: Raichu\n|-damage|p2a: Raichu|53\/100\n|-unboost|p1a: Rotom|spa|2\n|\n|upkeep\n|turn|40\n|\n|switch|p1a: Toxapex|Toxapex, M|100\/100\n|-damage|p1a: Toxapex|88\/100|[from] Spikes\n|-damage|p1a: Toxapex|75\/100|[from] Stealth Rock\n|move|p2a: Raichu|Psyshock|p1a: Toxapex\n|-supereffective|p1a: Toxapex\n|-damage|p1a: Toxapex|0 fnt\n|-damage|p2a: Raichu|43\/100|[from] item: Life Orb\n|faint|p1a: Toxapex\n|\n|upkeep\n|\n|switch|p1a: Palossand|Palossand, M|74\/100 psn\n|-damage|p1a: Palossand|61\/100 psn|[from] Spikes\n|-damage|p1a: Palossand|55\/100 psn|[from] Stealth Rock\n|turn|41\n|\n|move|p2a: Raichu|Psyshock|p1a: Palossand\n|-damage|p1a: Palossand|0 fnt\n|-damage|p2a: Raichu|33\/100|[from] item: Life Orb\n|faint|p1a: Palossand\n|\n|upkeep\n|\n|switch|p1a: Clefable|Clefable, M|100\/100\n|-damage|p1a: Clefable|88\/100|[from] Spikes\n|-damage|p1a: Clefable|76\/100|[from] Stealth Rock\n|turn|42\n|\n|move|p1a: Clefable|Protect|p1a: Clefable\n|-singleturn|p1a: Clefable|Protect\n|move|p2a: Raichu|Rising Voltage|p1a: Clefable\n|-activate|p1a: Clefable|move: Protect\n|\n|-heal|p1a: Clefable|82\/100|[from] item: Leftovers\n|upkeep\n|turn|43\n|\n|move|p2a: Raichu|Rising Voltage|p1a: Clefable\n|-damage|p1a: Clefable|0 fnt\n|-damage|p2a: Raichu|23\/100|[from] item: Life Orb\n|faint|p1a: Clefable\n|\n|-fieldend|move: Electric Terrain\n|upkeep\n|\n|switch|p1a: Chansey|Chansey, F|80\/100\n|-damage|p1a: Chansey|67\/100|[from] Spikes\n|-damage|p1a: Chansey|55\/100|[from] Stealth Rock\n|turn|44\n|\n|move|p2a: Raichu|Psyshock|p1a: Chansey\n|-damage|p1a: Chansey|0 fnt\n|-damage|p2a: Raichu|14\/100|[from] item: Life Orb\n|faint|p1a: Chansey\n|\n|upkeep\n|c|\u2606ISTTM|damn bro\n|c|\u2606ISTTM|bad look\n|-message|ranitidine forfeited.\n|\n|win|ISTTM\n|l|\u2606ranitidine\n||Ladder (probably) updated, but score could not be retrieved (Request timeout).\n","uploadtime":1593446830,"views":53,"p1id":"ranitidine","p2id":"isttm","formatid":"gen8ou","rating":0,"private":0,"password":null}