{"id":"gen8ou-1681004766","p1":"minimax_ai","p2":"lebanesestinker","format":"gen8ou","log":"|j|\u2606minimax_ai\n|j|\u2606lebanesestinker\n|t:|1665260322\n|gametype|singles\n|player|p1|minimax_ai|lusamine-nihilego|1654\n|player|p2|lebanesestinker|li|1707\n|teamsize|p1|6\n|teamsize|p2|6\n|gen|8\n|tier|[Gen 8] OU\n|rated|\n|rule|Sleep Clause Mod: Limit one foe put to sleep\n|rule|Species Clause: Limit one of each Pok\u00e9mon\n|rule|OHKO Clause: OHKO moves are banned\n|rule|Evasion Items Clause: Evasion items are banned\n|rule|Evasion Moves Clause: Evasion moves are banned\n|rule|Endless Battle Clause: Forcing endless battles is banned\n|rule|HP Percentage Mod: HP is shown in percentages\n|rule|Dynamax Clause: You cannot dynamax\n|clearpoke\n|poke|p1|Rotom-Wash|\n|poke|p1|Weavile, M|\n|poke|p1|Landorus-Therian, M|\n|poke|p1|Heatran, M|\n|poke|p1|Tangrowth, M|\n|poke|p1|Melmetal|\n|poke|p2|Tapu Lele|\n|poke|p2|Tornadus-Therian, M|\n|poke|p2|Hippowdon, F|\n|poke|p2|Toxapex, F|\n|poke|p2|Heatran, F|\n|poke|p2|Buzzwole|\n|teampreview\n|c|\u2606minimax_ai|hf\n|inactive|Battle timer is ON: inactive players will automatically lose when time's up. (requested by minimax_ai)\n|\n|t:|1665260342\n|start\n|switch|p1a: Heatran|Heatran, M|100\/100\n|switch|p2a: Tapu Lele|Tapu Lele|100\/100\n|-fieldstart|move: Psychic Terrain|[from] ability: Psychic Surge|[of] p2a: Tapu Lele\n|-item|p1a: Heatran|Air Balloon\n|turn|1\n|\n|t:|1665260347\n|switch|p1a: Melmetal|Melmetal|100\/100\n|move|p2a: Tapu Lele|Focus Blast|p1a: Melmetal\n|-supereffective|p1a: Melmetal\n|-damage|p1a: Melmetal|22\/100\n|\n|upkeep\n|turn|2\n|\n|t:|1665260360\n|switch|p2a: Heatran|Heatran, F|100\/100\n|switch|p1a: landorustherian|Landorus-Therian, M|100\/100\n|-ability|p1a: landorustherian|Intimidate|boost\n|-unboost|p2a: Heatran|atk|1\n|\n|upkeep\n|turn|3\n|\n|t:|1665260368\n|switch|p1a: rotomwash|Rotom-Wash|100\/100\n|switch|p2a: Tornadus|Tornadus-Therian, M, shiny|100\/100\n|\n|upkeep\n|turn|4\n|\n|t:|1665260374\n|move|p2a: Tornadus|U-turn|p1a: rotomwash\n|-damage|p1a: rotomwash|86\/100\n|\n|t:|1665260382\n|switch|p2a: Hippowdon|Hippowdon, F|100\/100|[from]move: U-turn\n|-weather|Sandstorm|[from] ability: Sand Stream|[of] p2a: Hippowdon\n|move|p1a: rotomwash|Thunderbolt|p2a: Hippowdon\n|-immune|p2a: Hippowdon\n|\n|-weather|Sandstorm|[upkeep]\n|-damage|p1a: rotomwash|80\/100|[from] Sandstorm\n|-heal|p1a: rotomwash|86\/100|[from] item: Leftovers\n|upkeep\n|turn|5\n|\n|t:|1665260407\n|move|p1a: rotomwash|Hydro Pump|p2a: Hippowdon\n|-supereffective|p2a: Hippowdon\n|-damage|p2a: Hippowdon|34\/100\n|move|p2a: Hippowdon|Toxic|p1a: rotomwash\n|-status|p1a: rotomwash|tox\n|\n|-weather|Sandstorm|[upkeep]\n|-damage|p1a: rotomwash|80\/100 tox|[from] Sandstorm\n|-heal|p1a: rotomwash|86\/100 tox|[from] item: Leftovers\n|-heal|p2a: Hippowdon|40\/100|[from] item: Leftovers\n|-damage|p1a: rotomwash|80\/100 tox|[from] psn\n|-fieldend|move: Psychic Terrain\n|upkeep\n|turn|6\n|inactive|lebanesestinker has 120 seconds left.\n|\n|t:|1665260426\n|switch|p2a: Tornadus|Tornadus-Therian, M, shiny|100\/100\n|move|p1a: rotomwash|Hydro Pump|p2a: Tornadus\n|-damage|p2a: Tornadus|60\/100\n|\n|-weather|Sandstorm|[upkeep]\n|-damage|p2a: Tornadus|53\/100|[from] Sandstorm\n|-damage|p1a: rotomwash|74\/100 tox|[from] Sandstorm\n|-heal|p1a: rotomwash|80\/100 tox|[from] item: Leftovers\n|-damage|p1a: rotomwash|67\/100 tox|[from] psn\n|upkeep\n|turn|7\n|\n|t:|1665260431\n|switch|p1a: landorustherian|Landorus-Therian, M|100\/100\n|-ability|p1a: landorustherian|Intimidate|boost\n|-unboost|p2a: Tornadus|atk|1\n|move|p2a: Tornadus|U-turn|p1a: landorustherian\n|-resisted|p1a: landorustherian\n|-damage|p1a: landorustherian|96\/100\n|\n|t:|1665260437\n|switch|p2a: Tapu Lele|Tapu Lele|100\/100|[from]move: U-turn\n|-fieldstart|move: Psychic Terrain|[from] ability: Psychic Surge|[of] p2a: Tapu Lele\n|\n|-weather|Sandstorm|[upkeep]\n|-damage|p2a: Tapu Lele|94\/100|[from] Sandstorm\n|-heal|p1a: landorustherian|100\/100|[from] item: Leftovers\n|upkeep\n|turn|8\n|\n|t:|1665260441\n|move|p2a: Tapu Lele|Moonblast|p1a: landorustherian\n|-damage|p1a: landorustherian|43\/100\n|move|p1a: landorustherian|Earthquake|p2a: Tapu Lele\n|-damage|p2a: Tapu Lele|21\/100\n|\n|-weather|none\n|-heal|p1a: landorustherian|49\/100|[from] item: Leftovers\n|upkeep\n|turn|9\n|\n|t:|1665260446\n|switch|p1a: Heatran|Heatran, M|100\/100\n|-item|p1a: Heatran|Air Balloon\n|move|p2a: Tapu Lele|Moonblast|p1a: Heatran\n|-resisted|p1a: Heatran\n|-damage|p1a: Heatran|79\/100\n|-enditem|p1a: Heatran|Air Balloon\n|\n|upkeep\n|turn|10\n|\n|t:|1665260452\n|switch|p2a: Hippowdon|Hippowdon, F|40\/100\n|-weather|Sandstorm|[from] ability: Sand Stream|[of] p2a: Hippowdon\n|move|p1a: Heatran|Stealth Rock|p2a: Hippowdon\n|-sidestart|p2: lebanesestinker|move: Stealth Rock\n|\n|-weather|Sandstorm|[upkeep]\n|-heal|p2a: Hippowdon|47\/100|[from] item: Leftovers\n|upkeep\n|turn|11\n|\n|t:|1665260458\n|switch|p1a: landorustherian|Landorus-Therian, M|49\/100\n|-ability|p1a: landorustherian|Intimidate|boost\n|-unboost|p2a: Hippowdon|atk|1\n|move|p2a: Hippowdon|Stealth Rock|p1a: landorustherian\n|-sidestart|p1: minimax_ai|move: Stealth Rock\n|\n|-weather|Sandstorm|[upkeep]\n|-heal|p1a: landorustherian|55\/100|[from] item: Leftovers\n|-heal|p2a: Hippowdon|53\/100|[from] item: Leftovers\n|-fieldend|move: Psychic Terrain\n|upkeep\n|turn|12\n|\n|t:|1665260460\n|move|p1a: landorustherian|Earthquake|p2a: Hippowdon\n|-damage|p2a: Hippowdon|18\/100\n|move|p2a: Hippowdon|Slack Off|p2a: Hippowdon\n|-heal|p2a: Hippowdon|68\/100\n|\n|-weather|Sandstorm|[upkeep]\n|-heal|p1a: landorustherian|61\/100|[from] item: Leftovers\n|-heal|p2a: Hippowdon|75\/100|[from] item: Leftovers\n|upkeep\n|turn|13\n|\n|t:|1665260464\n|move|p1a: landorustherian|Earthquake|p2a: Hippowdon\n|-damage|p2a: Hippowdon|39\/100\n|move|p2a: Hippowdon|Toxic|p1a: landorustherian\n|-status|p1a: landorustherian|tox\n|\n|-weather|Sandstorm|[upkeep]\n|-heal|p1a: landorustherian|67\/100 tox|[from] item: Leftovers\n|-heal|p2a: Hippowdon|45\/100|[from] item: Leftovers\n|-damage|p1a: landorustherian|61\/100 tox|[from] psn\n|upkeep\n|turn|14\n|\n|t:|1665260466\n|move|p1a: landorustherian|Earthquake|p2a: Hippowdon\n|-damage|p2a: Hippowdon|10\/100\n|move|p2a: Hippowdon|Slack Off|p2a: Hippowdon\n|-heal|p2a: Hippowdon|60\/100\n|\n|-weather|none\n|-heal|p1a: landorustherian|67\/100 tox|[from] item: Leftovers\n|-heal|p2a: Hippowdon|67\/100|[from] item: Leftovers\n|-damage|p1a: landorustherian|55\/100 tox|[from] psn\n|upkeep\n|turn|15\n|\n|t:|1665260468\n|move|p1a: landorustherian|Toxic|p2a: Hippowdon|[miss]\n|-miss|p1a: landorustherian|p2a: Hippowdon\n|move|p2a: Hippowdon|Slack Off|p2a: Hippowdon\n|-heal|p2a: Hippowdon|100\/100\n|\n|-heal|p1a: landorustherian|61\/100 tox|[from] item: Leftovers\n|-damage|p1a: landorustherian|43\/100 tox|[from] psn\n|upkeep\n|turn|16\n|\n|t:|1665260474\n|switch|p2a: Tornadus|Tornadus-Therian, M, shiny|87\/100\n|move|p1a: landorustherian|Toxic|p2a: Tornadus\n|-status|p2a: Tornadus|tox\n|\n|-heal|p1a: landorustherian|49\/100 tox|[from] item: Leftovers\n|-damage|p2a: Tornadus|81\/100 tox|[from] psn\n|-damage|p1a: landorustherian|25\/100 tox|[from] psn\n|upkeep\n|turn|17\n|\n|t:|1665260477\n|move|p2a: Tornadus|Knock Off|p1a: landorustherian\n|-damage|p1a: landorustherian|6\/100 tox\n|-enditem|p1a: landorustherian|Leftovers|[from] move: Knock Off|[of] p2a: Tornadus\n|move|p1a: landorustherian|Earthquake|p2a: Tornadus\n|-immune|p2a: Tornadus\n|\n|-damage|p2a: Tornadus|68\/100 tox|[from] psn\n|-damage|p1a: landorustherian|0 fnt|[from] psn\n|faint|p1a: landorustherian\n|upkeep\n|\n|t:|1665260477\n|switch|p1a: Melmetal|Melmetal|22\/100\n|-damage|p1a: Melmetal|16\/100|[from] Stealth Rock\n|turn|18\n|\n|t:|1665260483\n|move|p2a: Tornadus|Knock Off|p1a: Melmetal\n|-damage|p1a: Melmetal|5\/100\n|-enditem|p1a: Melmetal|Assault Vest|[from] move: Knock Off|[of] p2a: Tornadus\n|move|p1a: Melmetal|Ice Punch|p2a: Tornadus\n|-supereffective|p2a: Tornadus\n|-damage|p2a: Tornadus|0 fnt\n|faint|p2a: Tornadus\n|\n|upkeep\n|\n|t:|1665260500\n|switch|p2a: Buzzwole|Buzzwole|100\/100\n|turn|19\n|\n|t:|1665260503\n|move|p2a: Buzzwole|Earthquake|p1a: Melmetal\n|-supereffective|p1a: Melmetal\n|-crit|p1a: Melmetal\n|-damage|p1a: Melmetal|0 fnt\n|faint|p1a: Melmetal\n|-ability|p2a: Buzzwole|Beast Boost|boost\n|-boost|p2a: Buzzwole|def|1\n|\n|upkeep\n|\n|t:|1665260503\n|switch|p1a: Heatran|Heatran, M|79\/100\n|-damage|p1a: Heatran|66\/100|[from] Stealth Rock\n|turn|20\n|\n|t:|1665260512\n|switch|p2a: Toxapex|Toxapex, F|100\/100\n|-damage|p2a: Toxapex|88\/100|[from] Stealth Rock\n|move|p1a: Heatran|Magma Storm|p2a: Toxapex\n|-resisted|p2a: Toxapex\n|-damage|p2a: Toxapex|65\/100\n|-activate|p2a: Toxapex|move: Magma Storm|[of] p1a: Heatran\n|\n|-damage|p2a: Toxapex|52\/100|[from] move: Magma Storm|[partiallytrapped]\n|upkeep\n|turn|21\n|\n|t:|1665260518\n|move|p1a: Heatran|Earth Power|p2a: Toxapex\n|-supereffective|p2a: Toxapex\n|-damage|p2a: Toxapex|2\/100\n|move|p2a: Toxapex|Recover|p2a: Toxapex\n|-heal|p2a: Toxapex|52\/100\n|\n|-damage|p2a: Toxapex|40\/100|[from] move: Magma Storm|[partiallytrapped]\n|upkeep\n|turn|22\n|\n|t:|1665260521\n|switch|p2a: Hippowdon|Hippowdon, F|100\/100\n|-damage|p2a: Hippowdon|94\/100|[from] Stealth Rock\n|-weather|Sandstorm|[from] ability: Sand Stream|[of] p2a: Hippowdon\n|move|p1a: Heatran|Earth Power|p2a: Hippowdon\n|-damage|p2a: Hippowdon|72\/100\n|\n|-weather|Sandstorm|[upkeep]\n|-heal|p2a: Hippowdon|78\/100|[from] item: Leftovers\n|upkeep\n|turn|23\n|\n|t:|1665260529\n|switch|p1a: Tangrowth|Tangrowth, M|100\/100\n|-damage|p1a: Tangrowth|88\/100|[from] Stealth Rock\n|move|p2a: Hippowdon|Slack Off|p2a: Hippowdon\n|-heal|p2a: Hippowdon|100\/100\n|\n|-weather|Sandstorm|[upkeep]\n|-damage|p1a: Tangrowth|82\/100|[from] Sandstorm\n|upkeep\n|turn|24\n|\n|t:|1665260530\n|move|p2a: Hippowdon|Toxic|p1a: Tangrowth\n|-status|p1a: Tangrowth|tox\n|move|p1a: Tangrowth|Giga Drain|p2a: Hippowdon\n|-supereffective|p2a: Hippowdon\n|-crit|p2a: Hippowdon\n|-damage|p2a: Hippowdon|40\/100\n|-heal|p1a: Tangrowth|100\/100 tox|[from] drain|[of] p2a: Hippowdon\n|\n|-weather|Sandstorm|[upkeep]\n|-damage|p1a: Tangrowth|94\/100 tox|[from] Sandstorm\n|-heal|p2a: Hippowdon|47\/100|[from] item: Leftovers\n|-damage|p1a: Tangrowth|88\/100 tox|[from] psn\n|upkeep\n|turn|25\n|\n|t:|1665260534\n|move|p2a: Hippowdon|Slack Off|p2a: Hippowdon\n|-heal|p2a: Hippowdon|97\/100\n|move|p1a: Tangrowth|Sleep Powder|p2a: Hippowdon\n|-status|p2a: Hippowdon|slp|[from] move: Sleep Powder\n|\n|-weather|Sandstorm|[upkeep]\n|-damage|p1a: Tangrowth|82\/100 tox|[from] Sandstorm\n|-heal|p2a: Hippowdon|100\/100 slp|[from] item: Leftovers\n|-damage|p1a: Tangrowth|70\/100 tox|[from] psn\n|upkeep\n|turn|26\n|\n|t:|1665260540\n|cant|p2a: Hippowdon|slp\n|move|p1a: Tangrowth|Giga Drain|p2a: Hippowdon\n|-supereffective|p2a: Hippowdon\n|-damage|p2a: Hippowdon|63\/100 slp\n|-heal|p1a: Tangrowth|89\/100 tox|[from] drain|[of] p2a: Hippowdon\n|\n|-weather|none\n|-heal|p2a: Hippowdon|69\/100 slp|[from] item: Leftovers\n|-damage|p1a: Tangrowth|71\/100 tox|[from] psn\n|upkeep\n|turn|27\n|\n|t:|1665260544\n|cant|p2a: Hippowdon|slp\n|move|p1a: Tangrowth|Giga Drain|p2a: Hippowdon\n|-supereffective|p2a: Hippowdon\n|-damage|p2a: Hippowdon|26\/100 slp\n|-heal|p1a: Tangrowth|93\/100 tox|[from] drain|[of] p2a: Hippowdon\n|\n|-heal|p2a: Hippowdon|32\/100 slp|[from] item: Leftovers\n|-damage|p1a: Tangrowth|68\/100 tox|[from] psn\n|upkeep\n|turn|28\n|\n|t:|1665260547\n|switch|p1a: Heatran|Heatran, M|66\/100\n|-damage|p1a: Heatran|54\/100|[from] Stealth Rock\n|-curestatus|p2a: Hippowdon|slp|[msg]\n|move|p2a: Hippowdon|Slack Off|p2a: Hippowdon\n|-heal|p2a: Hippowdon|82\/100\n|\n|-heal|p2a: Hippowdon|89\/100|[from] item: Leftovers\n|upkeep\n|turn|29\n|\n|t:|1665260552\n|move|p1a: Heatran|Magma Storm|p2a: Hippowdon|[miss]\n|-miss|p1a: Heatran|p2a: Hippowdon\n|move|p2a: Hippowdon|Earthquake|p1a: Heatran\n|-supereffective|p1a: Heatran\n|-crit|p1a: Heatran\n|-damage|p1a: Heatran|0 fnt\n|faint|p1a: Heatran\n|\n|-heal|p2a: Hippowdon|95\/100|[from] item: Leftovers\n|upkeep\n|\n|t:|1665260552\n|switch|p1a: rotomwash|Rotom-Wash|67\/100 tox\n|-damage|p1a: rotomwash|55\/100 tox|[from] Stealth Rock\n|turn|30\n|\n|t:|1665260556\n|move|p1a: rotomwash|Hydro Pump|p2a: Hippowdon\n|-supereffective|p2a: Hippowdon\n|-damage|p2a: Hippowdon|36\/100\n|move|p2a: Hippowdon|Slack Off|p2a: Hippowdon\n|-heal|p2a: Hippowdon|86\/100\n|\n|-heal|p1a: rotomwash|61\/100 tox|[from] item: Leftovers\n|-heal|p2a: Hippowdon|92\/100|[from] item: Leftovers\n|-damage|p1a: rotomwash|55\/100 tox|[from] psn\n|upkeep\n|turn|31\n|\n|t:|1665260558\n|move|p1a: rotomwash|Hydro Pump|p2a: Hippowdon\n|-supereffective|p2a: Hippowdon\n|-damage|p2a: Hippowdon|29\/100\n|move|p2a: Hippowdon|Slack Off|p2a: Hippowdon\n|-heal|p2a: Hippowdon|79\/100\n|\n|-heal|p1a: rotomwash|61\/100 tox|[from] item: Leftovers\n|-heal|p2a: Hippowdon|85\/100|[from] item: Leftovers\n|-damage|p1a: rotomwash|49\/100 tox|[from] psn\n|upkeep\n|turn|32\n|\n|t:|1665260560\n|move|p1a: rotomwash|Hydro Pump|p2a: Hippowdon\n|-supereffective|p2a: Hippowdon\n|-damage|p2a: Hippowdon|28\/100\n|move|p2a: Hippowdon|Slack Off|p2a: Hippowdon\n|-heal|p2a: Hippowdon|78\/100\n|\n|-heal|p1a: rotomwash|55\/100 tox|[from] item: Leftovers\n|-heal|p2a: Hippowdon|84\/100|[from] item: Leftovers\n|-damage|p1a: rotomwash|36\/100 tox|[from] psn\n|upkeep\n|turn|33\n|\n|t:|1665260562\n|move|p1a: rotomwash|Hydro Pump|p2a: Hippowdon\n|-supereffective|p2a: Hippowdon\n|-damage|p2a: Hippowdon|17\/100\n|move|p2a: Hippowdon|Slack Off|p2a: Hippowdon\n|-heal|p2a: Hippowdon|67\/100\n|\n|-heal|p1a: rotomwash|42\/100 tox|[from] item: Leftovers\n|-heal|p2a: Hippowdon|73\/100|[from] item: Leftovers\n|-damage|p1a: rotomwash|17\/100 tox|[from] psn\n|upkeep\n|turn|34\n|\n|t:|1665260565\n|move|p1a: rotomwash|Hydro Pump|p2a: Hippowdon\n|-supereffective|p2a: Hippowdon\n|-damage|p2a: Hippowdon|12\/100\n|move|p2a: Hippowdon|Slack Off|p2a: Hippowdon\n|-heal|p2a: Hippowdon|62\/100\n|\n|-heal|p1a: rotomwash|24\/100 tox|[from] item: Leftovers\n|-heal|p2a: Hippowdon|69\/100|[from] item: Leftovers\n|-damage|p1a: rotomwash|0 fnt|[from] psn\n|faint|p1a: rotomwash\n|upkeep\n|\n|t:|1665260565\n|switch|p1a: Tangrowth|Tangrowth, M|100\/100 tox\n|-damage|p1a: Tangrowth|88\/100 tox|[from] Stealth Rock\n|turn|35\n|j| Still a thing\n|\n|t:|1665260580\n|move|p2a: Hippowdon|Earthquake|p1a: Tangrowth\n|-resisted|p1a: Tangrowth\n|-damage|p1a: Tangrowth|78\/100 tox\n|move|p1a: Tangrowth|Sleep Powder|p2a: Hippowdon|[miss]\n|-miss|p1a: Tangrowth|p2a: Hippowdon\n|\n|-heal|p2a: Hippowdon|75\/100|[from] item: Leftovers\n|-damage|p1a: Tangrowth|72\/100 tox|[from] psn\n|upkeep\n|turn|36\n|\n|t:|1665260583\n|move|p2a: Hippowdon|Earthquake|p1a: Tangrowth\n|-resisted|p1a: Tangrowth\n|-damage|p1a: Tangrowth|62\/100 tox\n|move|p1a: Tangrowth|Sleep Powder|p2a: Hippowdon\n|-status|p2a: Hippowdon|slp|[from] move: Sleep Powder\n|\n|-heal|p2a: Hippowdon|81\/100 slp|[from] item: Leftovers\n|-damage|p1a: Tangrowth|50\/100 tox|[from] psn\n|upkeep\n|turn|37\n|\n|t:|1665260590\n|switch|p2a: Heatran|Heatran, F|100\/100\n|-damage|p2a: Heatran|88\/100|[from] Stealth Rock\n|move|p1a: Tangrowth|Knock Off|p2a: Heatran\n|-damage|p2a: Heatran|71\/100\n|-enditem|p2a: Heatran|Leftovers|[from] move: Knock Off|[of] p1a: Tangrowth\n|\n|-damage|p1a: Tangrowth|31\/100 tox|[from] psn\n|upkeep\n|turn|38\n|\n|t:|1665260597\n|move|p2a: Heatran|Protect|p2a: Heatran\n|-singleturn|p2a: Heatran|Protect\n|move|p1a: Tangrowth|Focus Blast|p2a: Heatran\n|-activate|p2a: Heatran|move: Protect\n|\n|-damage|p1a: Tangrowth|6\/100 tox|[from] psn\n|upkeep\n|turn|39\n|\n|t:|1665260601\n|move|p2a: Heatran|Earth Power|p1a: Tangrowth\n|-resisted|p1a: Tangrowth\n|-damage|p1a: Tangrowth|0 fnt\n|faint|p1a: Tangrowth\n|\n|upkeep\n|\n|t:|1665260601\n|switch|p1a: Weavile|Weavile, M|100\/100\n|-damage|p1a: Weavile|76\/100|[from] Stealth Rock\n|-ability|p1a: Weavile|Pressure\n|turn|40\n|l| Still a thing\n|\n|t:|1665260608\n|move|p1a: Weavile|Low Kick|p2a: Heatran\n|-supereffective|p2a: Heatran\n|-damage|p2a: Heatran|0 fnt\n|-status|p1a: Weavile|brn|[from] ability: Flame Body|[of] p2a: Heatran\n|faint|p2a: Heatran\n|\n|-damage|p1a: Weavile|70\/100 brn|[from] brn\n|upkeep\n|\n|t:|1665260613\n|switch|p2a: Buzzwole|Buzzwole|100\/100\n|turn|41\n|\n|t:|1665260615\n|move|p1a: Weavile|Low Kick|p2a: Buzzwole\n|-resisted|p2a: Buzzwole\n|-damage|p2a: Buzzwole|93\/100\n|move|p2a: Buzzwole|Close Combat|p1a: Weavile\n|-supereffective|p1a: Weavile\n|-damage|p1a: Weavile|0 fnt\n|-unboost|p2a: Buzzwole|def|1\n|-unboost|p2a: Buzzwole|spd|1\n|faint|p1a: Weavile\n|\n|win|lebanesestinker\n|raw|minimax_ai's rating: 1654 &rarr; <strong>1637<\/strong><br \/>(-17 for losing)\n|raw|lebanesestinker's rating: 1707 &rarr; <strong>1724<\/strong><br \/>(+17 for winning)\n|c|\u2606minimax_ai|gg\n","uploadtime":1665260616,"views":22,"p1id":"minimaxai","p2id":"lebanesestinker","formatid":"gen8ou","rating":1637,"private":0,"password":null}