{"id":"gen8ou-1606876019","p1":"bakuhatsu","p2":"broked on bricks","format":"gen8ou","log":"|j|\u2606bakuhatsu\n|j|\u2606broked on bricks\n|t:|1656527946\n|gametype|singles\n|player|p1|bakuhatsu|170|1209\n|player|p2|broked on bricks|will-gen2|1234\n|teamsize|p1|6\n|teamsize|p2|6\n|gen|8\n|tier|[Gen 8] OU\n|rated|\n|rule|Sleep Clause Mod: Limit one foe put to sleep\n|rule|Species Clause: Limit one of each Pok\u00e9mon\n|rule|OHKO Clause: OHKO moves are banned\n|rule|Evasion Moves Clause: Evasion moves are banned\n|rule|Endless Battle Clause: Forcing endless battles is banned\n|rule|HP Percentage Mod: HP is shown in percentages\n|rule|Dynamax Clause: You cannot dynamax\n|clearpoke\n|poke|p1|Slowking, F|\n|poke|p1|Toxapex, F|\n|poke|p1|Landorus-Therian, M|\n|poke|p1|Urshifu-*, F|\n|poke|p1|Jirachi|\n|poke|p1|Togekiss, F|\n|poke|p2|Pelipper, M|\n|poke|p2|Heliolisk, M|\n|poke|p2|Barraskewda, M|\n|poke|p2|Ferrothorn, M|\n|poke|p2|Tornadus-Therian, M|\n|poke|p2|Seismitoad, F|\n|teampreview\n|inactive|Battle timer is ON: inactive players will automatically lose when time's up. (requested by broked on bricks)\n|\n|t:|1656527958\n|start\n|switch|p1a: Toxapex|Toxapex, F|100\/100\n|switch|p2a: YNW Pelly|Pelipper, M|100\/100\n|-weather|RainDance|[from] ability: Drizzle|[of] p2a: YNW Pelly\n|turn|1\n|\n|t:|1656527961\n|move|p2a: YNW Pelly|U-turn|p1a: Toxapex\n|-resisted|p1a: Toxapex\n|-damage|p1a: Toxapex|98\/100\n|\n|t:|1656527967\n|switch|p2a: Foreskin Lizard|Heliolisk, M|100\/100|[from]move: U-turn\n|move|p1a: Toxapex|Knock Off|p2a: Foreskin Lizard\n|-damage|p2a: Foreskin Lizard|69\/100\n|-enditem|p2a: Foreskin Lizard|Life Orb|[from] move: Knock Off|[of] p1a: Toxapex\n|\n|-weather|RainDance|[upkeep]\n|-heal|p2a: Foreskin Lizard|81\/100|[from] ability: Dry Skin\n|-heal|p1a: Toxapex|100\/100|[from] item: Black Sludge\n|upkeep\n|turn|2\n|\n|t:|1656527976\n|switch|p1a: Landorus|Landorus-Therian, M|100\/100\n|-ability|p1a: Landorus|Intimidate|boost\n|-unboost|p2a: Foreskin Lizard|atk|1\n|move|p2a: Foreskin Lizard|Surf|p1a: Landorus\n|-supereffective|p1a: Landorus\n|-damage|p1a: Landorus|1\/100\n|\n|-weather|RainDance|[upkeep]\n|-heal|p2a: Foreskin Lizard|94\/100|[from] ability: Dry Skin\n|-heal|p1a: Landorus|7\/100|[from] item: Leftovers\n|upkeep\n|turn|3\n|\n|t:|1656527981\n|switch|p1a: Slowking|Slowking, F|100\/100\n|move|p2a: Foreskin Lizard|Surf|p1a: Slowking\n|-resisted|p1a: Slowking\n|-damage|p1a: Slowking|90\/100\n|\n|-weather|RainDance|[upkeep]\n|-heal|p2a: Foreskin Lizard|100\/100|[from] ability: Dry Skin\n|upkeep\n|turn|4\n|\n|t:|1656527984\n|move|p2a: Foreskin Lizard|Thunder|p1a: Slowking\n|-supereffective|p1a: Slowking\n|-crit|p1a: Slowking\n|-damage|p1a: Slowking|13\/100\n|move|p1a: Slowking|Focus Blast|p2a: Foreskin Lizard|[miss]\n|-miss|p1a: Slowking|p2a: Foreskin Lizard\n|\n|-weather|RainDance|[upkeep]\n|upkeep\n|turn|5\n|\n|t:|1656527995\n|switch|p1a: Landorus|Landorus-Therian, M|7\/100\n|-ability|p1a: Landorus|Intimidate|boost\n|-unboost|p2a: Foreskin Lizard|atk|1\n|move|p2a: Foreskin Lizard|Volt Switch|p1a: Landorus\n|-immune|p1a: Landorus\n|\n|-weather|RainDance|[upkeep]\n|-heal|p1a: Landorus|13\/100|[from] item: Leftovers\n|upkeep\n|turn|6\n|\n|t:|1656528001\n|move|p2a: Foreskin Lizard|Volt Switch|p1a: Landorus\n|-immune|p1a: Landorus\n|move|p1a: Landorus|Stealth Rock|p2a: Foreskin Lizard\n|-sidestart|p2: broked on bricks|move: Stealth Rock\n|\n|-weather|RainDance|[upkeep]\n|-heal|p1a: Landorus|19\/100|[from] item: Leftovers\n|upkeep\n|turn|7\n|\n|t:|1656528009\n|switch|p1a: Toxapex|Toxapex, F|100\/100\n|move|p2a: Foreskin Lizard|Surf|p1a: Toxapex\n|-resisted|p1a: Toxapex\n|-damage|p1a: Toxapex|84\/100\n|\n|-weather|RainDance|[upkeep]\n|-heal|p1a: Toxapex|90\/100|[from] item: Black Sludge\n|upkeep\n|turn|8\n|\n|t:|1656528016\n|move|p1a: Toxapex|Baneful Bunker|p1a: Toxapex\n|-singleturn|p1a: Toxapex|move: Protect\n|move|p2a: Foreskin Lizard|Volt Switch|p1a: Toxapex\n|-activate|p1a: Toxapex|move: Protect\n|\n|-weather|none\n|-heal|p1a: Toxapex|96\/100|[from] item: Black Sludge\n|upkeep\n|turn|9\n|\n|t:|1656528023\n|switch|p1a: Slowking|Slowking, F|46\/100\n|move|p2a: Foreskin Lizard|Volt Switch|p1a: Slowking\n|-supereffective|p1a: Slowking\n|-damage|p1a: Slowking|8\/100\n|\n|t:|1656528029\n|switch|p2a: FlipTurnInJobAppl|Barraskewda, M|100\/100|[from]move: Volt Switch\n|-damage|p2a: FlipTurnInJobAppl|88\/100|[from] Stealth Rock\n|\n|upkeep\n|turn|10\n|\n|t:|1656528033\n|switch|p1a: Toxapex|Toxapex, F|100\/100\n|move|p2a: FlipTurnInJobAppl|Flip Turn|p1a: Toxapex\n|-resisted|p1a: Toxapex\n|-damage|p1a: Toxapex|86\/100\n|\n|t:|1656528048\n|switch|p2a: The Word|Tornadus-Therian, M|100\/100|[from]move: Flip Turn\n|\n|-heal|p1a: Toxapex|92\/100|[from] item: Black Sludge\n|upkeep\n|turn|11\n|\n|t:|1656528050\n|move|p2a: The Word|Taunt|p1a: Toxapex\n|-start|p1a: Toxapex|move: Taunt\n|move|p1a: Toxapex|Knock Off|p2a: The Word\n|-damage|p2a: The Word|83\/100\n|-enditem|p2a: The Word|Heavy-Duty Boots|[from] move: Knock Off|[of] p1a: Toxapex\n|\n|-heal|p1a: Toxapex|98\/100|[from] item: Black Sludge\n|upkeep\n|turn|12\n|\n|t:|1656528055\n|switch|p1a: Slowking|Slowking, F|41\/100\n|move|p2a: The Word|Nasty Plot|p2a: The Word\n|-boost|p2a: The Word|spa|2\n|\n|upkeep\n|turn|13\n|\n|t:|1656528063\n|move|p2a: The Word|Hurricane|p1a: Slowking|[miss]\n|-miss|p2a: The Word|p1a: Slowking\n|move|p1a: Slowking|Future Sight|p2a: The Word\n|-start|p1a: Slowking|move: Future Sight\n|\n|upkeep\n|turn|14\n|\n|t:|1656528069\n|switch|p1a: Landorus|Landorus-Therian, M|19\/100\n|-ability|p1a: Landorus|Intimidate|boost\n|-unboost|p2a: The Word|atk|1\n|move|p2a: The Word|Hurricane|p1a: Landorus\n|-damage|p1a: Landorus|0 fnt\n|faint|p1a: Landorus\n|\n|upkeep\n|\n|t:|1656528071\n|switch|p1a: Toxapex|Toxapex, F|100\/100\n|turn|15\n|\n|t:|1656528077\n|move|p2a: The Word|Taunt|p1a: Toxapex\n|-start|p1a: Toxapex|move: Taunt\n|cant|p1a: Toxapex|move: Taunt|Haze\n|\n|-end|p2a: The Word|move: Future Sight\n|-damage|p2a: The Word|11\/100\n|upkeep\n|turn|16\n|\n|t:|1656528083\n|switch|p1a: Slowking|Slowking, F|74\/100\n|move|p2a: The Word|Hurricane|p1a: Slowking\n|-damage|p1a: Slowking|20\/100\n|\n|upkeep\n|turn|17\n|\n|t:|1656528087\n|switch|p1a: Toxapex|Toxapex, F|100\/100\n|move|p2a: The Word|Hurricane|p1a: Toxapex|[miss]\n|-miss|p2a: The Word|p1a: Toxapex\n|\n|upkeep\n|turn|18\n|\n|t:|1656528092\n|move|p2a: The Word|Hurricane|p1a: Toxapex\n|-damage|p1a: Toxapex|10\/100\n|move|p1a: Toxapex|Scald|p2a: The Word\n|-damage|p2a: The Word|0 fnt\n|faint|p2a: The Word\n|\n|-heal|p1a: Toxapex|16\/100|[from] item: Black Sludge\n|upkeep\n|\n|t:|1656528096\n|switch|p2a: Foreskin Lizard|Heliolisk, M|100\/100\n|-damage|p2a: Foreskin Lizard|88\/100|[from] Stealth Rock\n|turn|19\n|\n|t:|1656528102\n|switch|p1a: Slowking|Slowking, F|53\/100\n|move|p2a: Foreskin Lizard|Volt Switch|p1a: Slowking\n|-supereffective|p1a: Slowking\n|-damage|p1a: Slowking|21\/100\n|\n|t:|1656528113\n|switch|p2a: YNW Pelly|Pelipper, M|100\/100|[from]move: Volt Switch\n|-damage|p2a: YNW Pelly|76\/100|[from] Stealth Rock\n|-weather|RainDance|[from] ability: Drizzle|[of] p2a: YNW Pelly\n|\n|-weather|RainDance|[upkeep]\n|upkeep\n|turn|20\n|\n|t:|1656528117\n|move|p2a: YNW Pelly|Defog|p1a: Slowking\n|-unboost|p1a: Slowking|evasion|1\n|-sideend|p2: broked on bricks|Stealth Rock|[from] move: Defog|[of] p2a: YNW Pelly\n|move|p1a: Slowking|Future Sight|p2a: YNW Pelly\n|-start|p1a: Slowking|move: Future Sight\n|\n|-weather|RainDance|[upkeep]\n|upkeep\n|turn|21\n|\n|t:|1656528119\n|switch|p1a: Toxapex|Toxapex, F|50\/100\n|move|p2a: YNW Pelly|U-turn|p1a: Toxapex\n|-resisted|p1a: Toxapex\n|-damage|p1a: Toxapex|46\/100\n|\n|t:|1656528127\n|switch|p2a: Horse|Ferrothorn, M|100\/100|[from]move: U-turn\n|\n|-weather|RainDance|[upkeep]\n|-heal|p1a: Toxapex|52\/100|[from] item: Black Sludge\n|upkeep\n|turn|22\n|\n|t:|1656528130\n|move|p1a: Toxapex|Knock Off|p2a: Horse\n|-damage|p2a: Horse|92\/100\n|-damage|p1a: Toxapex|40\/100|[from] ability: Iron Barbs|[of] p2a: Horse\n|-damage|p1a: Toxapex|24\/100|[from] item: Rocky Helmet|[of] p2a: Horse\n|-enditem|p2a: Horse|Rocky Helmet|[from] move: Knock Off|[of] p1a: Toxapex\n|move|p2a: Horse|Stealth Rock|p1a: Toxapex\n|-sidestart|p1: bakuhatsu|move: Stealth Rock\n|\n|-weather|RainDance|[upkeep]\n|-end|p2a: Horse|move: Future Sight\n|-resisted|p2a: Horse\n|-damage|p2a: Horse|69\/100\n|-heal|p1a: Toxapex|30\/100|[from] item: Black Sludge\n|upkeep\n|turn|23\n|\n|t:|1656528136\n|move|p1a: Toxapex|Scald|p2a: Horse\n|-resisted|p2a: Horse\n|-damage|p2a: Horse|58\/100\n|move|p2a: Horse|Leech Seed|p1a: Toxapex\n|-start|p1a: Toxapex|move: Leech Seed\n|\n|-weather|RainDance|[upkeep]\n|-heal|p1a: Toxapex|35\/100|[from] item: Black Sludge\n|-damage|p1a: Toxapex|23\/100|[from] Leech Seed|[of] p2a: Horse\n|-heal|p2a: Horse|68\/100|[silent]\n|upkeep\n|turn|24\n|\n|t:|1656528139\n|switch|p1a: Slowking|Slowking, F|54\/100\n|-damage|p1a: Slowking|42\/100|[from] Stealth Rock\n|switch|p2a: Foreskin Lizard|Heliolisk, M|88\/100\n|\n|-weather|RainDance|[upkeep]\n|-heal|p2a: Foreskin Lizard|100\/100|[from] ability: Dry Skin\n|upkeep\n|turn|25\n|\n|t:|1656528142\n|switch|p1a: Toxapex|Toxapex, F|57\/100\n|-damage|p1a: Toxapex|44\/100|[from] Stealth Rock\n|move|p2a: Foreskin Lizard|Thunder|p1a: Toxapex\n|-supereffective|p1a: Toxapex\n|-damage|p1a: Toxapex|0 fnt\n|faint|p1a: Toxapex\n|\n|-weather|RainDance|[upkeep]\n|upkeep\n|\n|t:|1656528146\n|switch|p1a: Jirachi|Jirachi|100\/100\n|-damage|p1a: Jirachi|94\/100|[from] Stealth Rock\n|turn|26\n|\n|t:|1656528150\n|move|p1a: Jirachi|Trick|p2a: Foreskin Lizard\n|-activate|p1a: Jirachi|move: Trick|[of] p2a: Foreskin Lizard\n|-item|p2a: Foreskin Lizard|Choice Scarf|[from] move: Trick\n|-enditem|p1a: Jirachi|Choice Scarf|[silent]|[from] move: Trick\n|move|p2a: Foreskin Lizard|Thunder|p1a: Jirachi\n|-damage|p1a: Jirachi|42\/100\n|\n|-weather|none\n|upkeep\n|turn|27\n|\n|t:|1656528161\n|move|p2a: Foreskin Lizard|Thunder|p1a: Jirachi|[miss]\n|-miss|p2a: Foreskin Lizard|p1a: Jirachi\n|move|p1a: Jirachi|Wish|p1a: Jirachi\n|\n|upkeep\n|turn|28\n|\n|t:|1656528166\n|switch|p2a: YNW Pelly|Pelipper, M|76\/100\n|-weather|RainDance|[from] ability: Drizzle|[of] p2a: YNW Pelly\n|move|p1a: Jirachi|Iron Head|p2a: YNW Pelly\n|-resisted|p2a: YNW Pelly\n|-damage|p2a: YNW Pelly|57\/100\n|\n|-weather|RainDance|[upkeep]\n|-heal|p1a: Jirachi|91\/100|[from] move: Wish|[wisher] Jirachi\n|upkeep\n|turn|29\n|\n|t:|1656528173\n|move|p1a: Jirachi|Trick|p2a: YNW Pelly\n|-activate|p1a: Jirachi|move: Trick|[of] p2a: YNW Pelly\n|-enditem|p2a: YNW Pelly|Damp Rock|[silent]|[from] move: Trick\n|-item|p1a: Jirachi|Damp Rock|[from] move: Trick\n|move|p2a: YNW Pelly|U-turn|p1a: Jirachi\n|-damage|p1a: Jirachi|81\/100\n|\n|t:|1656528184\n|switch|p2a: FlipTurnInJobAppl|Barraskewda, M|88\/100|[from]move: U-turn\n|\n|-weather|RainDance|[upkeep]\n|upkeep\n|turn|30\n|\n|t:|1656528190\n|move|p2a: FlipTurnInJobAppl|Liquidation|p1a: Jirachi\n|-damage|p1a: Jirachi|0 fnt\n|faint|p1a: Jirachi\n|\n|-weather|RainDance|[upkeep]\n|upkeep\n|\n|t:|1656528193\n|switch|p1a: Urshifu|Urshifu-Rapid-Strike, F|100\/100\n|-damage|p1a: Urshifu|94\/100|[from] Stealth Rock\n|turn|31\n|-message|bakuhatsu forfeited.\n|\n|win|broked on bricks\n|raw|bakuhatsu's rating: 1209 &rarr; <strong>1186<\/strong><br \/>(-23 for losing)\n|raw|broked on bricks's rating: 1234 &rarr; <strong>1257<\/strong><br \/>(+23 for winning)\n|l|\u2606bakuhatsu\n|c|\u2606broked on bricks|ggs\n||Ladder isn't responding, score probably updated but might not have (Request timeout).\n","uploadtime":1656528200,"views":7,"p1id":"bakuhatsu","p2id":"brokedonbricks","formatid":"gen8ou","rating":1186,"private":0,"password":null}