{"id":"gen8ou-1670792364","p1":"LaDoudou'sPatate","p2":"machugen","format":"gen8ou","log":"|j|\u2606LaDoudou'sPatate\n|j|\u2606machugen\n|t:|1664205313\n|gametype|singles\n|player|p1|LaDoudou'sPatate|102|1642\n|player|p2|machugen|byron|1704\n|teamsize|p1|6\n|teamsize|p2|6\n|gen|8\n|tier|[Gen 8] OU\n|rated|\n|rule|Sleep Clause Mod: Limit one foe put to sleep\n|rule|Species Clause: Limit one of each Pok\u00e9mon\n|rule|OHKO Clause: OHKO moves are banned\n|rule|Evasion Items Clause: Evasion items are banned\n|rule|Evasion Moves Clause: Evasion moves are banned\n|rule|Endless Battle Clause: Forcing endless battles is banned\n|rule|HP Percentage Mod: HP is shown in percentages\n|rule|Dynamax Clause: You cannot dynamax\n|clearpoke\n|poke|p1|Clefable, M|\n|poke|p1|Hawlucha, M|\n|poke|p1|Rillaboom, M|\n|poke|p1|Landorus-Therian, M|\n|poke|p1|Melmetal|\n|poke|p1|Latias, F|\n|poke|p2|Nihilego|\n|poke|p2|Kartana|\n|poke|p2|Magnezone|\n|poke|p2|Slowbro, M|\n|poke|p2|Tornadus-Therian, M|\n|poke|p2|Hippowdon, F|\n|teampreview\n|\n|t:|1664205322\n|start\n|switch|p1a: Clefable|Clefable, M|100\/100\n|switch|p2a: Tornadus|Tornadus-Therian, M|100\/100\n|turn|1\n|inactive|Battle timer is ON: inactive players will automatically lose when time's up. (requested by LaDoudou'sPatate)\n|\n|t:|1664205328\n|switch|p1a: Landorus|Landorus-Therian, M|100\/100\n|-ability|p1a: Landorus|Intimidate|boost\n|-unboost|p2a: Tornadus|atk|1\n|move|p2a: Tornadus|Knock Off|p1a: Landorus\n|-damage|p1a: Landorus|88\/100\n|-enditem|p1a: Landorus|Leftovers|[from] move: Knock Off|[of] p2a: Tornadus\n|\n|upkeep\n|turn|2\n|\n|t:|1664205335\n|move|p2a: Tornadus|Hurricane|p1a: Landorus\n|-damage|p1a: Landorus|43\/100\n|move|p1a: Landorus|Swords Dance|p1a: Landorus\n|-boost|p1a: Landorus|atk|2\n|\n|upkeep\n|turn|3\n|\n|t:|1664205344\n|move|p2a: Tornadus|Hurricane|p1a: Landorus\n|-damage|p1a: Landorus|0 fnt\n|faint|p1a: Landorus\n|\n|upkeep\n|\n|t:|1664205352\n|switch|p1a: Melmetal|Melmetal|100\/100\n|turn|4\n|\n|t:|1664205357\n|switch|p1a: Clefable|Clefable, M|100\/100\n|move|p2a: Tornadus|U-turn|p1a: Clefable\n|-resisted|p1a: Clefable\n|-damage|p1a: Clefable|95\/100\n|\n|t:|1664205360\n|switch|p2a: Nihilego|Nihilego|100\/100|[from]move: U-turn\n|\n|upkeep\n|turn|5\n|\n|t:|1664205367\n|switch|p1a: Melmetal|Melmetal|100\/100\n|move|p2a: Nihilego|Sludge Wave|p1a: Melmetal\n|-immune|p1a: Melmetal\n|\n|upkeep\n|turn|6\n|\n|t:|1664205375\n|switch|p2a: Slowbro|Slowbro, M|100\/100\n|switch|p1a: Latias|Latias, F|100\/100\n|\n|upkeep\n|turn|7\n|\n|t:|1664205383\n|switch|p2a: Hippowdon|Hippowdon, F|100\/100\n|-weather|Sandstorm|[from] ability: Sand Stream|[of] p2a: Hippowdon\n|move|p1a: Latias|Trick|p2a: Hippowdon\n|-activate|p1a: Latias|move: Trick|[of] p2a: Hippowdon\n|-item|p2a: Hippowdon|Choice Scarf|[from] move: Trick\n|-item|p1a: Latias|Leftovers|[from] move: Trick\n|\n|-weather|Sandstorm|[upkeep]\n|-damage|p1a: Latias|95\/100|[from] Sandstorm\n|-heal|p1a: Latias|100\/100|[from] item: Leftovers\n|upkeep\n|turn|8\n|\n|t:|1664205402\n|switch|p1a: Rillaboom|Rillaboom, M|100\/100\n|-fieldstart|move: Grassy Terrain|[from] ability: Grassy Surge|[of] p1a: Rillaboom\n|move|p2a: Hippowdon|Stealth Rock|p1a: Rillaboom\n|-sidestart|p1: LaDoudou'sPatate|move: Stealth Rock\n|\n|-weather|Sandstorm|[upkeep]\n|-damage|p1a: Rillaboom|94\/100|[from] Sandstorm\n|-heal|p1a: Rillaboom|100\/100|[from] Grassy Terrain\n|upkeep\n|turn|9\n|\n|t:|1664205419\n|switch|p2a: Tornadus|Tornadus-Therian, M|100\/100\n|move|p1a: Rillaboom|Knock Off|p2a: Tornadus\n|-damage|p2a: Tornadus|46\/100\n|-enditem|p2a: Tornadus|Heavy-Duty Boots|[from] move: Knock Off|[of] p1a: Rillaboom\n|\n|-weather|Sandstorm|[upkeep]\n|-damage|p2a: Tornadus|40\/100|[from] Sandstorm\n|-damage|p1a: Rillaboom|94\/100|[from] Sandstorm\n|-heal|p1a: Rillaboom|100\/100|[from] Grassy Terrain\n|upkeep\n|turn|10\n|\n|t:|1664205428\n|move|p2a: Tornadus|U-turn|p1a: Rillaboom\n|-supereffective|p1a: Rillaboom\n|-damage|p1a: Rillaboom|66\/100\n|\n|t:|1664205432\n|switch|p2a: Hippowdon|Hippowdon, F|100\/100|[from]move: U-turn\n|move|p1a: Rillaboom|Knock Off|p2a: Hippowdon\n|-damage|p2a: Hippowdon|69\/100\n|-enditem|p2a: Hippowdon|Choice Scarf|[from] move: Knock Off|[of] p1a: Rillaboom\n|\n|-weather|Sandstorm|[upkeep]\n|-damage|p1a: Rillaboom|60\/100|[from] Sandstorm\n|-heal|p1a: Rillaboom|66\/100|[from] Grassy Terrain\n|-heal|p2a: Hippowdon|75\/100|[from] Grassy Terrain\n|upkeep\n|turn|11\n|\n|t:|1664205443\n|switch|p1a: Clefable|Clefable, M|95\/100\n|switch|p2a: Tornadus|Tornadus-Therian, M|73\/100\n|\n|-weather|none\n|-heal|p1a: Clefable|100\/100|[from] Grassy Terrain\n|upkeep\n|turn|12\n|\n|t:|1664205450\n|move|p2a: Tornadus|Knock Off|p1a: Clefable\n|-resisted|p1a: Clefable\n|-damage|p1a: Clefable|88\/100\n|-enditem|p1a: Clefable|Life Orb|[from] move: Knock Off|[of] p2a: Tornadus\n|move|p1a: Clefable|Ice Beam|p2a: Tornadus\n|-supereffective|p2a: Tornadus\n|-damage|p2a: Tornadus|17\/100\n|\n|-heal|p1a: Clefable|94\/100|[from] Grassy Terrain\n|-fieldend|move: Grassy Terrain\n|upkeep\n|turn|13\n|\n|t:|1664205462\n|switch|p1a: Melmetal|Melmetal|100\/100\n|-damage|p1a: Melmetal|94\/100|[from] Stealth Rock\n|move|p2a: Tornadus|U-turn|p1a: Melmetal\n|-resisted|p1a: Melmetal\n|-damage|p1a: Melmetal|91\/100\n|\n|t:|1664205464\n|switch|p2a: Magnezone|Magnezone|100\/100|[from]move: U-turn\n|-item|p2a: Magnezone|Air Balloon\n|\n|upkeep\n|turn|14\n|\n|t:|1664205481\n|move|p2a: Magnezone|Iron Defense|p2a: Magnezone\n|-boost|p2a: Magnezone|def|2\n|move|p1a: Melmetal|Ice Punch|p2a: Magnezone\n|-resisted|p2a: Magnezone\n|-damage|p2a: Magnezone|94\/100\n|-enditem|p2a: Magnezone|Air Balloon\n|\n|upkeep\n|turn|15\n|\n|t:|1664205489\n|move|p2a: Magnezone|Magnet Rise|p2a: Magnezone\n|-start|p2a: Magnezone|Magnet Rise\n|move|p1a: Melmetal|Earthquake|p2a: Magnezone\n|-immune|p2a: Magnezone\n|\n|upkeep\n|turn|16\n|-message|LaDoudou'sPatate forfeited.\n|\n|win|machugen\n|raw|LaDoudou&apos;sPatate's rating: 1642 &rarr; <strong>1626<\/strong><br \/>(-16 for losing)\n|raw|machugen's rating: 1704 &rarr; <strong>1720<\/strong><br \/>(+16 for winning)\n|l|\u2606LaDoudou'sPatate\n","uploadtime":1664205495,"views":23,"p1id":"ladoudouspatate","p2id":"machugen","formatid":"gen8ou","rating":1626,"private":0,"password":null}