{"id":"gen8ou-1627099679","p1":"LT91BB rrm","p2":"Boltreaver","format":"gen8ou","log":"|raw|<div class=\"broadcast-blue\"><strong>This battle is required to be public due to a player having a name starting with 'lt91bb'.<\/div>\n|j|\u2606LT91BB rrm\n|j|\u2606Boltreaver\n|t:|1659018132\n|gametype|singles\n|player|p1|LT91BB rrm|lady|1740\n|player|p2|Boltreaver|unknown|1750\n|teamsize|p1|6\n|teamsize|p2|6\n|gen|8\n|tier|[Gen 8] OU\n|rated|\n|rule|Sleep Clause Mod: Limit one foe put to sleep\n|rule|Species Clause: Limit one of each Pok\u00e9mon\n|rule|OHKO Clause: OHKO moves are banned\n|rule|Evasion Moves Clause: Evasion moves are banned\n|rule|Endless Battle Clause: Forcing endless battles is banned\n|rule|HP Percentage Mod: HP is shown in percentages\n|rule|Dynamax Clause: You cannot dynamax\n|clearpoke\n|poke|p1|Tapu Lele|\n|poke|p1|Blissey, F|\n|poke|p1|Urshifu-*, M|\n|poke|p1|Landorus-Therian, M|\n|poke|p1|Heatran, M|\n|poke|p1|Slowbro, M|\n|poke|p2|Kartana|\n|poke|p2|Melmetal|\n|poke|p2|Regieleki|\n|poke|p2|Blacephalon|\n|poke|p2|Landorus-Therian, M|\n|poke|p2|Tapu Fini|\n|teampreview\n|inactive|Battle timer is ON: inactive players will automatically lose when time's up. (requested by Boltreaver)\n|j| AKWQE\n|inactive|Boltreaver has 120 seconds left.\n|l| AKWQE\n|inactive|Boltreaver has 90 seconds left.\n|\n|t:|1659018212\n|start\n|switch|p1a: Tapu Lele|Tapu Lele|100\/100\n|switch|p2a: Blacephalon|Blacephalon, shiny|100\/100\n|-fieldstart|move: Psychic Terrain|[from] ability: Psychic Surge|[of] p1a: Tapu Lele\n|turn|1\n|\n|t:|1659018231\n|switch|p2a: Melmetal|Melmetal|100\/100\n|switch|p1a: Blissey|Blissey, F|100\/100\n|\n|upkeep\n|turn|2\n|\n|t:|1659018239\n|switch|p1a: Slowbro|Slowbro, M|100\/100\n|move|p2a: Melmetal|Double Iron Bash|p1a: Slowbro\n|-resisted|p1a: Slowbro\n|-damage|p1a: Slowbro|87\/100\n|-damage|p2a: Melmetal|84\/100|[from] item: Rocky Helmet|[of] p1a: Slowbro\n|-resisted|p1a: Slowbro\n|-crit|p1a: Slowbro\n|-damage|p1a: Slowbro|68\/100\n|-damage|p2a: Melmetal|67\/100|[from] item: Rocky Helmet|[of] p1a: Slowbro\n|-hitcount|p1a: Slowbro|2\n|\n|upkeep\n|turn|3\n|\n|t:|1659018247\n|switch|p2a: Landorus|Landorus-Therian, M|100\/100\n|-ability|p2a: Landorus|Intimidate|boost\n|-unboost|p1a: Slowbro|atk|1\n|move|p1a: Slowbro|Teleport|p1a: Slowbro\n|\n|t:|1659018250\n|switch|p1a: Urshifu|Urshifu-Rapid-Strike, M|100\/100|[from]move: Teleport\n|\n|upkeep\n|turn|4\n|\n|t:|1659018254\n|switch|p2a: Tapu Fini|Tapu Fini, shiny|100\/100\n|-fieldstart|move: Misty Terrain|[from] ability: Misty Surge|[of] p2a: Tapu Fini\n|move|p1a: Urshifu|U-turn|p2a: Tapu Fini\n|-resisted|p2a: Tapu Fini\n|-damage|p2a: Tapu Fini|91\/100\n|\n|t:|1659018256\n|switch|p1a: Tapu Lele|Tapu Lele|100\/100|[from]move: U-turn\n|-fieldstart|move: Psychic Terrain|[from] ability: Psychic Surge|[of] p1a: Tapu Lele\n|\n|-heal|p2a: Tapu Fini|97\/100|[from] item: Leftovers\n|upkeep\n|turn|5\n|\n|t:|1659018259\n|switch|p2a: Melmetal|Melmetal|67\/100\n|move|p1a: Tapu Lele|Psychic|p2a: Melmetal\n|-resisted|p2a: Melmetal\n|-damage|p2a: Melmetal|39\/100\n|\n|upkeep\n|turn|6\n|\n|t:|1659018270\n|switch|p1a: Slowbro|Slowbro, M|100\/100\n|switch|p2a: Landorus|Landorus-Therian, M|100\/100\n|-ability|p2a: Landorus|Intimidate|boost\n|-unboost|p1a: Slowbro|atk|1\n|\n|upkeep\n|turn|7\n|\n|t:|1659018273\n|move|p2a: Landorus|Knock Off|p1a: Slowbro\n|-supereffective|p1a: Slowbro\n|-damage|p1a: Slowbro|63\/100\n|-damage|p2a: Landorus|84\/100|[from] item: Rocky Helmet|[of] p1a: Slowbro\n|-enditem|p1a: Slowbro|Rocky Helmet|[from] move: Knock Off|[of] p2a: Landorus\n|move|p1a: Slowbro|Ice Beam|p2a: Landorus\n|-supereffective|p2a: Landorus\n|-damage|p2a: Landorus|0 fnt\n|faint|p2a: Landorus\n|\n|upkeep\n|\n|t:|1659018276\n|switch|p2a: Blacephalon|Blacephalon, shiny|100\/100\n|turn|8\n|\n|t:|1659018278\n|switch|p1a: Blissey|Blissey, F|100\/100\n|move|p2a: Blacephalon|Trick|p1a: Blissey\n|-activate|p2a: Blacephalon|move: Trick|[of] p1a: Blissey\n|-item|p1a: Blissey|Choice Specs|[from] move: Trick\n|-item|p2a: Blacephalon|Heavy-Duty Boots|[from] move: Trick\n|\n|-fieldend|move: Psychic Terrain\n|upkeep\n|turn|9\n|\n|t:|1659018281\n|switch|p2a: Tapu Fini|Tapu Fini, shiny|97\/100\n|-fieldstart|move: Misty Terrain|[from] ability: Misty Surge|[of] p2a: Tapu Fini\n|move|p1a: Blissey|Teleport|p1a: Blissey\n|\n|t:|1659018283\n|switch|p1a: Tapu Lele|Tapu Lele|100\/100|[from]move: Teleport\n|-fieldstart|move: Psychic Terrain|[from] ability: Psychic Surge|[of] p1a: Tapu Lele\n|\n|-heal|p2a: Tapu Fini|100\/100|[from] item: Leftovers\n|upkeep\n|turn|10\n|\n|t:|1659018286\n|move|p1a: Tapu Lele|Psychic|p2a: Tapu Fini\n|-damage|p2a: Tapu Fini|37\/100\n|move|p2a: Tapu Fini|Moonblast|p1a: Tapu Lele\n|-damage|p1a: Tapu Lele|68\/100\n|-unboost|p1a: Tapu Lele|spa|1\n|\n|-heal|p2a: Tapu Fini|44\/100|[from] item: Leftovers\n|upkeep\n|turn|11\n|\n|t:|1659018290\n|switch|p2a: Melmetal|Melmetal|39\/100\n|move|p1a: Tapu Lele|Psychic|p2a: Melmetal\n|-resisted|p2a: Melmetal\n|-damage|p2a: Melmetal|21\/100\n|\n|upkeep\n|turn|12\n|\n|t:|1659018294\n|switch|p1a: Slowbro|Slowbro, M|97\/100\n|switch|p2a: Blacephalon|Blacephalon, shiny|100\/100\n|\n|upkeep\n|turn|13\n|\n|t:|1659018296\n|switch|p1a: Blissey|Blissey, F|100\/100\n|move|p2a: Blacephalon|Flamethrower|p1a: Blissey\n|-damage|p1a: Blissey|81\/100\n|\n|-fieldend|move: Psychic Terrain\n|upkeep\n|turn|14\n|\n|t:|1659018299\n|move|p2a: Blacephalon|Flamethrower|p1a: Blissey\n|-damage|p1a: Blissey|60\/100\n|move|p1a: Blissey|Teleport|p1a: Blissey\n|\n|t:|1659018301\n|switch|p1a: Urshifu|Urshifu-Rapid-Strike, M|100\/100|[from]move: Teleport\n|\n|upkeep\n|turn|15\n|\n|t:|1659018305\n|move|p1a: Urshifu|Surging Strikes|p2a: Blacephalon\n|-supereffective|p2a: Blacephalon\n|-crit|p2a: Blacephalon\n|-damage|p2a: Blacephalon|13\/100\n|-supereffective|p2a: Blacephalon\n|-crit|p2a: Blacephalon\n|-damage|p2a: Blacephalon|0 fnt\n|faint|p2a: Blacephalon\n|-hitcount|p2: Blacephalon|2\n|\n|upkeep\n|\n|t:|1659018308\n|switch|p2a: Kartana|Kartana, shiny|100\/100\n|turn|16\n|\n|t:|1659018310\n|switch|p1a: Landorus|Landorus-Therian, M|100\/100\n|-ability|p1a: Landorus|Intimidate|boost\n|-unboost|p2a: Kartana|atk|1\n|move|p2a: Kartana|Sacred Sword|p1a: Landorus\n|-resisted|p1a: Landorus\n|-damage|p1a: Landorus|91\/100\n|\n|-heal|p1a: Landorus|97\/100|[from] item: Leftovers\n|upkeep\n|turn|17\n|-message|Boltreaver forfeited.\n|\n|win|LT91BB rrm\n|raw|LT91BB rrm's rating: 1762 &rarr; <strong>1781<\/strong><br \/>(+19 for winning)\n|raw|Boltreaver's rating: 1750 &rarr; <strong>1731<\/strong><br \/>(-19 for losing)\n|l|\u2606Boltreaver\n||Ladder isn't responding, score probably updated but might not have (Request timeout).\n","uploadtime":1659018317,"views":23,"p1id":"lt91bbrrm","p2id":"boltreaver","formatid":"gen8ou","rating":1731,"private":0,"password":null}