{"id":"gen8nationaldex-1314100308","p1":"Diameter\u272fXtreme","p2":"FL Studio 20","format":"gen8nationaldex","log":"|html|<div class=\"broadcast-blue\"><strong>[Gen 8] National Dex is currently suspecting Magearna! For information on how to participate check out the <a href=\"https:\/\/www.smogon.com\/forums\/threads\/national-dex-suspect-test-11-robot-rock.3681382\/\">suspect thread<\/a>.<\/strong><\/div>\n|j|\u2606Diameter\u272fXtreme\n|j|\u2606FL Studio 20\n|t:|1617402892\n|gametype|singles\n|player|p1|Diameter\u272fXtreme|jasmine-gen2|1480\n|player|p2|FL Studio 20|erika-gen1rb|1369\n|teamsize|p1|6\n|teamsize|p2|6\n|gen|8\n|tier|[Gen 8] National Dex\n|rated|\n|clearpoke\n|poke|p1|Sableye, F|\n|poke|p1|Corviknight, F|\n|poke|p1|Clefable, F|\n|poke|p1|Gastrodon, M|\n|poke|p1|Chansey, F|\n|poke|p1|Alomomola, M|\n|poke|p2|Medicham, M|\n|poke|p2|Garchomp, F|\n|poke|p2|Bisharp, M|\n|poke|p2|Greninja, F|\n|poke|p2|Melmetal|\n|poke|p2|Tapu Koko|\n|rule|HP Percentage Mod: HP is shown in percentages\n|rule|Endless Battle Clause: Forcing endless battles is banned\n|rule|OHKO Clause: OHKO moves are banned\n|rule|Evasion Moves Clause: Evasion moves are banned\n|rule|Species Clause: Limit one of each Pok\u00e9mon\n|rule|Dynamax Clause: You cannot dynamax\n|rule|Sleep Clause Mod: Limit one foe put to sleep\n|teampreview\n|inactive|Battle timer is ON: inactive players will automatically lose when time's up. (requested by FL Studio 20)\n|\n|t:|1617402911\n|start\n|switch|p1a: Sableye|Sableye, F|100\/100\n|switch|p2a: versace|Garchomp, F|100\/100\n|turn|1\n|\n|t:|1617402915\n|move|p1a: Sableye|Will-O-Wisp|p2a: versace\n|-status|p2a: versace|brn\n|-zpower|p2a: versace\n|move|p2a: versace|Continental Crush|p1a: Sableye|[zeffect]\n|-damage|p1a: Sableye|70\/100\n|\n|-damage|p2a: versace|94\/100 brn|[from] brn\n|upkeep\n|turn|2\n|\n|t:|1617402925\n|switch|p2a: \ud83e\udd8b|Tapu Koko|100\/100\n|-fieldstart|move: Electric Terrain|[from] ability: Electric Surge|[of] p2a: \ud83e\udd8b\n|detailschange|p1a: Sableye|Sableye-Mega, F\n|-mega|p1a: Sableye|Sableye|Sablenite\n|move|p1a: Sableye|Knock Off|p2a: \ud83e\udd8b\n|-resisted|p2a: \ud83e\udd8b\n|-damage|p2a: \ud83e\udd8b|79\/100\n|-enditem|p2a: \ud83e\udd8b|Choice Specs|[from] move: Knock Off|[of] p1a: Sableye\n|\n|upkeep\n|turn|3\n|\n|t:|1617402929\n|move|p1a: Sableye|Protect|p1a: Sableye\n|-singleturn|p1a: Sableye|Protect\n|move|p2a: \ud83e\udd8b|Dazzling Gleam|p1a: Sableye\n|-activate|p1a: Sableye|move: Protect\n|\n|upkeep\n|turn|4\n|\n|t:|1617402933\n|switch|p1a: Chansey|Chansey, F|100\/100\n|move|p2a: \ud83e\udd8b|Grass Knot|p1a: Chansey\n|-damage|p1a: Chansey|96\/100\n|\n|upkeep\n|turn|5\n|\n|t:|1617402935\n|move|p2a: \ud83e\udd8b|Volt Switch|p1a: Chansey\n|-damage|p1a: Chansey|83\/100\n|\n|t:|1617402937\n|switch|p2a: McKnight|Bisharp, M|100\/100|[from]move: Volt Switch\n|move|p1a: Chansey|Stealth Rock|p2a: McKnight\n|-sidestart|p2: FL Studio 20|move: Stealth Rock\n|\n|upkeep\n|turn|6\n|\n|t:|1617402945\n|switch|p1a: Sableye|Sableye-Mega, F|70\/100\n|move|p2a: McKnight|Swords Dance|p2a: McKnight\n|-boost|p2a: McKnight|atk|2\n|\n|-fieldend|move: Electric Terrain\n|upkeep\n|turn|7\n|\n|t:|1617402953\n|move|p2a: McKnight|Iron Head|p1a: Sableye\n|-damage|p1a: Sableye|8\/100\n|move|p1a: Sableye|Will-O-Wisp|p2a: McKnight|[miss]\n|-miss|p1a: Sableye|p2a: McKnight\n|\n|upkeep\n|turn|8\n|\n|t:|1617402965\n|move|p2a: McKnight|Knock Off|p1a: Sableye\n|-damage|p1a: Sableye|0 fnt\n|faint|p1a: Sableye\n|\n|upkeep\n|\n|t:|1617402971\n|switch|p1a: Gastrodon|Gastrodon, M|100\/100\n|turn|9\n|\n|t:|1617402974\n|move|p2a: McKnight|Knock Off|p1a: Gastrodon\n|-damage|p1a: Gastrodon|0 fnt\n|-enditem|p1a: Gastrodon|Leftovers|[from] move: Knock Off|[of] p2a: McKnight\n|faint|p1a: Gastrodon\n|\n|upkeep\n|\n|t:|1617402979\n|switch|p1a: Alomomola|Alomomola, M|100\/100\n|turn|10\n|\n|t:|1617402982\n|move|p2a: McKnight|Knock Off|p1a: Alomomola\n|-damage|p1a: Alomomola|21\/100\n|-damage|p2a: McKnight|84\/100|[from] item: Rocky Helmet|[of] p1a: Alomomola\n|-enditem|p1a: Alomomola|Rocky Helmet|[from] move: Knock Off|[of] p2a: McKnight\n|move|p1a: Alomomola|Scald|p2a: McKnight\n|-damage|p2a: McKnight|59\/100\n|\n|upkeep\n|turn|11\n|\n|t:|1617402986\n|move|p1a: Alomomola|Protect|p1a: Alomomola\n|-singleturn|p1a: Alomomola|Protect\n|move|p2a: McKnight|Knock Off|p1a: Alomomola\n|-activate|p1a: Alomomola|move: Protect\n|\n|upkeep\n|turn|12\n|\n|t:|1617402989\n|move|p2a: McKnight|Knock Off|p1a: Alomomola\n|-damage|p1a: Alomomola|0 fnt\n|faint|p1a: Alomomola\n|\n|upkeep\n|\n|t:|1617402991\n|switch|p1a: Corviknight|Corviknight, F|100\/100\n|-ability|p1a: Corviknight|Pressure\n|turn|13\n|\n|t:|1617402993\n|move|p2a: McKnight|Knock Off|p1a: Corviknight\n|-damage|p1a: Corviknight|15\/100\n|-enditem|p1a: Corviknight|Leftovers|[from] move: Knock Off|[of] p2a: McKnight\n|move|p1a: Corviknight|Brave Bird|p2a: McKnight\n|-resisted|p2a: McKnight\n|-damage|p2a: McKnight|35\/100\n|-damage|p1a: Corviknight|9\/100|[from] Recoil\n|\n|upkeep\n|turn|14\n|-message|Diameter\u272fXtreme forfeited.\n|\n|win|FL Studio 20\n|raw|Diameter\u272fXtreme's rating: 1480 &rarr; <strong>1454<\/strong><br \/>(-26 for losing)\n|raw|FL Studio 20's rating: 1369 &rarr; <strong>1395<\/strong><br \/>(+26 for winning)\n|l|\u2606Diameter\u272fXtreme\n|c|\u2606FL Studio 20|BAOW\n|n| painstendo.|flstudio20\n","uploadtime":1617403005,"views":35,"p1id":"diameterxtreme","p2id":"flstudio20","formatid":"gen8nationaldex","rating":1395,"private":0,"password":null}