{"id":"gen8nationaldex-1445055152","p1":"Ava<3","p2":"Hikari-miyako","format":"gen8nationaldex","log":"|j|\u2606Ava<3\n|j|\u2606Hikari-miyako\n|t:|1635547343\n|gametype|singles\n|player|p1|Ava<3|shauntal|1716\n|player|p2|Hikari-miyako|ariana|1662\n|teamsize|p1|6\n|teamsize|p2|6\n|gen|8\n|tier|[Gen 8] National Dex\n|rated|\n|rule|HP Percentage Mod: HP is shown in percentages\n|rule|Endless Battle Clause: Forcing endless battles is banned\n|rule|OHKO Clause: OHKO moves are banned\n|rule|Evasion Moves Clause: Evasion moves are banned\n|rule|Species Clause: Limit one of each Pok\u00e9mon\n|rule|Dynamax Clause: You cannot dynamax\n|rule|Sleep Clause Mod: Limit one foe put to sleep\n|clearpoke\n|poke|p1|Weavile, M|\n|poke|p1|Corviknight, M|\n|poke|p1|Tapu Fini|\n|poke|p1|Latias, F|\n|poke|p1|Landorus-Therian, M|\n|poke|p1|Simisear, M|\n|poke|p2|Aegislash, M|\n|poke|p2|Diancie|\n|poke|p2|Thundurus, M|\n|poke|p2|Greninja, M|\n|poke|p2|Bisharp, F|\n|poke|p2|Serperior, F|\n|teampreview\n|inactive|Battle timer is ON: inactive players will automatically lose when time's up. (requested by Hikari-miyako)\n|c|\u2606Ava<3|hf\n|\n|t:|1635547360\n|start\n|switch|p1a: Landorus|Landorus-Therian, M|100\/100\n|switch|p2a: Bisharp|Bisharp, F|100\/100\n|-ability|p1a: Landorus|Intimidate|boost\n|-unboost|p2a: Bisharp|atk|1\n|-ability|p2a: Bisharp|Defiant\n|-boost|p2a: Bisharp|atk|2\n|turn|1\n|c|\u2606Hikari-miyako|you too\n|\n|t:|1635547364\n|move|p1a: Landorus|Earthquake|p2a: Bisharp\n|-supereffective|p2a: Bisharp\n|-enditem|p2a: Bisharp|Focus Sash\n|-damage|p2a: Bisharp|1\/100\n|move|p2a: Bisharp|Knock Off|p1a: Landorus\n|-damage|p1a: Landorus|19\/100\n|-enditem|p1a: Landorus|Leftovers|[from] move: Knock Off|[of] p2a: Bisharp\n|\n|upkeep\n|turn|2\n|\n|t:|1635547367\n|switch|p1a: Corviknight|Corviknight, M|100\/100\n|-ability|p1a: Corviknight|Pressure\n|move|p2a: Bisharp|Stealth Rock|p1a: Corviknight\n|-sidestart|p1: Ava<3|move: Stealth Rock\n|\n|upkeep\n|turn|3\n|\n|t:|1635547371\n|move|p2a: Bisharp|Knock Off|p1a: Corviknight\n|-damage|p1a: Corviknight|49\/100\n|-damage|p2a: Bisharp|0 fnt|[from] item: Rocky Helmet|[of] p1a: Corviknight\n|faint|p2a: Bisharp\n|move|p1a: Corviknight|Roost|p1a: Corviknight\n|-heal|p1a: Corviknight|99\/100\n|-singleturn|p1a: Corviknight|move: Roost\n|\n|upkeep\n|\n|t:|1635547373\n|switch|p2a: Thundurus|Thundurus, M|100\/100\n|turn|4\n|\n|t:|1635547376\n|move|p2a: Thundurus|Thunderbolt|p1a: Corviknight\n|-supereffective|p1a: Corviknight\n|-damage|p1a: Corviknight|0 fnt\n|faint|p1a: Corviknight\n|-damage|p2a: Thundurus|91\/100|[from] item: Life Orb\n|\n|upkeep\n|\n|t:|1635547383\n|switch|p1a: Weavile|Weavile, M|100\/100\n|-damage|p1a: Weavile|76\/100|[from] Stealth Rock\n|-ability|p1a: Weavile|Pressure\n|turn|5\n|\n|t:|1635547386\n|switch|p2a: Aegislash|Aegislash, M|100\/100\n|move|p1a: Weavile|Triple Axel|p2a: Aegislash\n|-resisted|p2a: Aegislash\n|-damage|p2a: Aegislash|95\/100\n|-resisted|p2a: Aegislash\n|-damage|p2a: Aegislash|82\/100\n|-resisted|p2a: Aegislash\n|-damage|p2a: Aegislash|63\/100\n|-hitcount|p2a: Aegislash|3\n|\n|upkeep\n|turn|6\n|\n|t:|1635547389\n|switch|p1a: Tapu Fini|Tapu Fini|100\/100\n|-damage|p1a: Tapu Fini|88\/100|[from] Stealth Rock\n|-fieldstart|move: Misty Terrain|[from] ability: Misty Surge|[of] p1a: Tapu Fini\n|move|p2a: Aegislash|King's Shield||[still]\n|-fail|p2a: Aegislash\n|\n|-heal|p1a: Tapu Fini|94\/100|[from] item: Leftovers\n|upkeep\n|turn|7\n|\n|t:|1635547393\n|move|p1a: Tapu Fini|Taunt|p2a: Aegislash\n|-start|p2a: Aegislash|move: Taunt\n|-formechange|p2a: Aegislash|Aegislash-Blade||[from] ability: Stance Change\n|move|p2a: Aegislash|Shadow Ball|p1a: Tapu Fini\n|-damage|p1a: Tapu Fini|56\/100\n|\n|-heal|p1a: Tapu Fini|62\/100|[from] item: Leftovers\n|upkeep\n|turn|8\n|\n|t:|1635547396\n|switch|p2a: Thundurus|Thundurus, M|91\/100\n|move|p1a: Tapu Fini|Whirlpool|p2a: Thundurus\n|-damage|p2a: Thundurus|74\/100\n|-activate|p2a: Thundurus|move: Whirlpool|[of] p1a: Tapu Fini\n|\n|-heal|p1a: Tapu Fini|69\/100|[from] item: Leftovers\n|-damage|p2a: Thundurus|62\/100|[from] move: Whirlpool|[partiallytrapped]\n|upkeep\n|turn|9\n|\n|t:|1635547399\n|switch|p1a: Landorus|Landorus-Therian, M|19\/100\n|-damage|p1a: Landorus|6\/100|[from] Stealth Rock\n|-ability|p1a: Landorus|Intimidate|boost\n|-unboost|p2a: Thundurus|atk|1\n|move|p2a: Thundurus|Thunderbolt|p1a: Landorus\n|-immune|p1a: Landorus\n|\n|-end|p2a: Thundurus|Whirlpool|[partiallytrapped]|[silent]\n|upkeep\n|turn|10\n|\n|t:|1635547402\n|move|p2a: Thundurus|Hidden Power|p1a: Landorus\n|-supereffective|p1a: Landorus\n|-damage|p1a: Landorus|0 fnt\n|faint|p1a: Landorus\n|-damage|p2a: Thundurus|52\/100|[from] item: Life Orb\n|\n|-fieldend|Misty Terrain\n|upkeep\n|\n|t:|1635547406\n|switch|p1a: Weavile|Weavile, M|76\/100\n|-damage|p1a: Weavile|51\/100|[from] Stealth Rock\n|-ability|p1a: Weavile|Pressure\n|turn|11\n|\n|t:|1635547409\n|-activate|p2a: Thundurus|move: Pursuit\n|move|p1a: Weavile|Pursuit|p2a: Thundurus|[from]Pursuit\n|-damage|p2a: Thundurus|0 fnt\n|faint|p2a: Thundurus\n|-hint|A Pokemon can't switch between when it runs out of HP and when it faints\n|\n|upkeep\n|\n|t:|1635547413\n|switch|p2a: Serperior|Serperior, F|100\/100\n|turn|12\n|\n|t:|1635547416\n|switch|p1a: Latias|Latias, F|100\/100\n|-damage|p1a: Latias|88\/100|[from] Stealth Rock\n|move|p2a: Serperior|Leaf Storm|p1a: Latias\n|-resisted|p1a: Latias\n|-damage|p1a: Latias|70\/100\n|-boost|p2a: Serperior|spa|2\n|\n|upkeep\n|turn|13\n|\n|t:|1635547419\n|detailschange|p1a: Latias|Latias-Mega, F\n|-mega|p1a: Latias|Latias|Latiasite\n|move|p2a: Serperior|Leaf Storm|p1a: Latias\n|-resisted|p1a: Latias\n|-damage|p1a: Latias|35\/100\n|-boost|p2a: Serperior|spa|2\n|move|p1a: Latias|Calm Mind|p1a: Latias\n|-boost|p1a: Latias|spa|1\n|-boost|p1a: Latias|spd|1\n|\n|upkeep\n|turn|14\n|\n|t:|1635547421\n|move|p2a: Serperior|Leaf Storm|p1a: Latias\n|-resisted|p1a: Latias\n|-damage|p1a: Latias|1\/100\n|-boost|p2a: Serperior|spa|2\n|move|p1a: Latias|Roost|p1a: Latias\n|-heal|p1a: Latias|51\/100\n|-singleturn|p1a: Latias|move: Roost\n|\n|upkeep\n|turn|15\n|\n|t:|1635547424\n|move|p2a: Serperior|Leaf Storm|p1a: Latias\n|-resisted|p1a: Latias\n|-damage|p1a: Latias|8\/100\n|move|p1a: Latias|Roost|p1a: Latias\n|-heal|p1a: Latias|58\/100\n|-singleturn|p1a: Latias|move: Roost\n|\n|upkeep\n|turn|16\n|\n|t:|1635547428\n|switch|p2a: Diancie|Diancie|100\/100\n|move|p1a: Latias|Roost|p1a: Latias\n|-heal|p1a: Latias|100\/100\n|-singleturn|p1a: Latias|move: Roost\n|\n|upkeep\n|turn|17\n|\n|t:|1635547430\n|detailschange|p2a: Diancie|Diancie-Mega\n|-mega|p2a: Diancie|Diancie|Diancite\n|move|p2a: Diancie|Moonblast|p1a: Latias\n|-supereffective|p1a: Latias\n|-damage|p1a: Latias|47\/100\n|move|p1a: Latias|Calm Mind|p1a: Latias\n|-boost|p1a: Latias|spa|1\n|-boost|p1a: Latias|spd|1\n|\n|upkeep\n|turn|18\n|\n|t:|1635547433\n|move|p2a: Diancie|Moonblast|p1a: Latias\n|-supereffective|p1a: Latias\n|-damage|p1a: Latias|12\/100\n|move|p1a: Latias|Roost|p1a: Latias\n|-heal|p1a: Latias|62\/100\n|-singleturn|p1a: Latias|move: Roost\n|\n|upkeep\n|turn|19\n|\n|t:|1635547436\n|move|p2a: Diancie|Diamond Storm|p1a: Latias\n|-damage|p1a: Latias|20\/100\n|move|p1a: Latias|Roost|p1a: Latias\n|-heal|p1a: Latias|70\/100\n|-singleturn|p1a: Latias|move: Roost\n|\n|upkeep\n|turn|20\n|\n|t:|1635547439\n|switch|p2a: Aegislash|Aegislash, M|63\/100\n|move|p1a: Latias|Roost|p1a: Latias\n|-heal|p1a: Latias|100\/100\n|-singleturn|p1a: Latias|move: Roost\n|\n|upkeep\n|turn|21\n|\n|t:|1635547442\n|move|p1a: Latias|Calm Mind|p1a: Latias\n|-boost|p1a: Latias|spa|1\n|-boost|p1a: Latias|spd|1\n|-formechange|p2a: Aegislash|Aegislash-Blade||[from] ability: Stance Change\n|move|p2a: Aegislash|Shadow Ball|p1a: Latias\n|-supereffective|p1a: Latias\n|-damage|p1a: Latias|74\/100\n|\n|upkeep\n|turn|22\n|\n|t:|1635547444\n|move|p1a: Latias|Calm Mind|p1a: Latias\n|-boost|p1a: Latias|spa|1\n|-boost|p1a: Latias|spd|1\n|move|p2a: Aegislash|Shadow Ball|p1a: Latias\n|-supereffective|p1a: Latias\n|-damage|p1a: Latias|50\/100\n|\n|upkeep\n|turn|23\n|\n|t:|1635547446\n|move|p1a: Latias|Roost|p1a: Latias\n|-heal|p1a: Latias|100\/100\n|-singleturn|p1a: Latias|move: Roost\n|move|p2a: Aegislash|Shadow Ball|p1a: Latias\n|-supereffective|p1a: Latias\n|-damage|p1a: Latias|80\/100\n|-unboost|p1a: Latias|spd|1\n|\n|upkeep\n|turn|24\n|\n|t:|1635547448\n|move|p1a: Latias|Psyshock|p2a: Aegislash\n|-resisted|p2a: Aegislash\n|-damage|p2a: Aegislash|0 fnt\n|faint|p2a: Aegislash\n|\n|upkeep\n|\n|t:|1635547451\n|switch|p2a: Greninja|Greninja, M|100\/100\n|turn|25\n|\n|t:|1635547453\n|move|p2a: Greninja|Dark Pulse|p1a: Latias\n|-supereffective|p1a: Latias\n|-damage|p1a: Latias|52\/100\n|cant|p1a: Latias|flinch\n|\n|upkeep\n|turn|26\n|\n|t:|1635547455\n|move|p2a: Greninja|Dark Pulse|p1a: Latias\n|-supereffective|p1a: Latias\n|-damage|p1a: Latias|24\/100\n|move|p1a: Latias|Roost|p1a: Latias\n|-heal|p1a: Latias|74\/100\n|-singleturn|p1a: Latias|move: Roost\n|\n|upkeep\n|turn|27\n|\n|t:|1635547458\n|move|p2a: Greninja|Dark Pulse|p1a: Latias\n|-supereffective|p1a: Latias\n|-damage|p1a: Latias|44\/100\n|move|p1a: Latias|Roost|p1a: Latias\n|-heal|p1a: Latias|94\/100\n|-singleturn|p1a: Latias|move: Roost\n|\n|upkeep\n|turn|28\n|\n|t:|1635547460\n|move|p2a: Greninja|Dark Pulse|p1a: Latias\n|-supereffective|p1a: Latias\n|-damage|p1a: Latias|66\/100\n|cant|p1a: Latias|flinch\n|\n|upkeep\n|turn|29\n|\n|t:|1635547462\n|move|p2a: Greninja|Dark Pulse|p1a: Latias\n|-supereffective|p1a: Latias\n|-damage|p1a: Latias|38\/100\n|move|p1a: Latias|Roost|p1a: Latias\n|-heal|p1a: Latias|88\/100\n|-singleturn|p1a: Latias|move: Roost\n|\n|upkeep\n|turn|30\n|\n|t:|1635547464\n|move|p2a: Greninja|Dark Pulse|p1a: Latias\n|-supereffective|p1a: Latias\n|-damage|p1a: Latias|61\/100\n|move|p1a: Latias|Aura Sphere|p2a: Greninja\n|-supereffective|p2a: Greninja\n|-damage|p2a: Greninja|0 fnt\n|faint|p2a: Greninja\n|\n|upkeep\n|\n|t:|1635547467\n|switch|p2a: Diancie|Diancie-Mega|100\/100\n|turn|31\n|\n|t:|1635547470\n|move|p1a: Latias|Roost|p1a: Latias\n|-heal|p1a: Latias|100\/100\n|-singleturn|p1a: Latias|move: Roost\n|move|p2a: Diancie|Moonblast|p1a: Latias\n|-supereffective|p1a: Latias\n|-damage|p1a: Latias|72\/100\n|\n|upkeep\n|turn|32\n|\n|t:|1635547473\n|move|p1a: Latias|Psyshock|p2a: Diancie\n|-damage|p2a: Diancie|0 fnt\n|faint|p2a: Diancie\n|\n|upkeep\n|-message|Hikari-miyako forfeited.\n|\n|win|Ava<3\n|raw|Ava&lt;3's rating: 1716 &rarr; <strong>1733<\/strong><br \/>(+17 for winning)\n|raw|Hikari-miyako's rating: 1662 &rarr; <strong>1645<\/strong><br \/>(-17 for losing)\n|c|\u2606Ava<3|gg\n|l|\u2606Hikari-miyako\n||Ladder isn't responding, score probably updated but might not have (Request timeout).\n","uploadtime":1635547481,"views":23,"p1id":"ava3","p2id":"hikarimiyako","formatid":"gen8nationaldex","rating":1645,"private":0,"password":null}