{"id":"gen8randombattlemayhem-1706969443","p1":"Paopao1705","p2":"RO Niamh","format":"gen8randombattlemayhem","log":"|j|\u2606Paopao1705\n|j|\u2606RO Niamh\n|t:|1668037432\n|gametype|singles\n|player|p1|Paopao1705|101|\n|player|p2|RO Niamh|scientistf|\n|teamsize|p1|6\n|teamsize|p2|6\n|gen|8\n|tier|[Gen 8] Random Battle Mayhem\n|rule|Species Clause: Limit one of each Pok\u00e9mon\n|rule|HP Percentage Mod: HP is shown in percentages\n|rule|Sleep Clause Mod: Limit one foe put to sleep\n|rule|Dynamax Clause: You cannot dynamax\n|rule|Camomons Mod: Pok\u00e9mon have their types set to match their first two moves.\n|rule|Inverse Mod: Weaknesses become resistances, while resistances and immunities become weaknesses.\n|rule|Scalemons Mod: Every Pokemon's stats, barring HP, are scaled to come as close to a BST of 600 as possible\n|clearpoke\n|poke|p1|Malamar, L88, F|\n|poke|p1|Gigalith, L88, F|\n|poke|p1|Tyranitar, L80, M|\n|poke|p1|Weezing-Galar, L84, M|\n|poke|p1|Pheromosa, L76|\n|poke|p1|Blaziken, L81, M|\n|poke|p2|Audino, L88, F|\n|poke|p2|Pincurchin, L88, M|\n|poke|p2|Bronzong, L84|\n|poke|p2|Buzzwole, L80|\n|poke|p2|Torkoal, L82, M|\n|poke|p2|Heliolisk, L86, F|\n|teampreview\n|\n|t:|1668037461\n|start\n|switch|p1a: Pheromosa|Pheromosa, L76|233\/233\n|switch|p2a: Audino|Audino, L88, F|325\/325\n|-start|p1a: Pheromosa|typechange|Bug\/Poison|[silent]\n|-start|p2a: Audino|typechange|Poison\/Normal|[silent]\n|-start|p1a: Pheromosa|typechange|Bug\/Poison|[silent]\n|-start|p2a: Audino|typechange|Poison\/Normal|[silent]\n|turn|1\n|\n|t:|1668037473\n|move|p1a: Pheromosa|U-turn|p2a: Audino\n|-supereffective|p2a: Audino\n|-damage|p2a: Audino|145\/325\n|\n|t:|1668037487\n|switch|p1a: Gigalith|Gigalith, L88, F|293\/293\n|-start|p1a: Gigalith|typechange|Rock\/Normal|[silent]\n|-weather|Sandstorm|[from] ability: Sand Stream|[of] p1a: Gigalith\n|move|p2a: Audino|Knock Off|p1a: Gigalith\n|-damage|p1a: Gigalith|246\/293\n|-enditem|p1a: Gigalith|Leftovers|[from] move: Knock Off|[of] p2a: Audino\n|\n|-weather|Sandstorm|[upkeep]\n|-damage|p2a: Audino|125\/325|[from] Sandstorm\n|-heal|p2a: Audino|145\/325|[from] item: Leftovers\n|upkeep\n|-start|p1a: Gigalith|typechange|Rock\/Normal|[silent]\n|turn|2\n|\n|t:|1668037504\n|switch|p2a: Torkoal|Torkoal, L82, M|249\/249\n|-start|p2a: Torkoal|typechange|Normal\/Grass|[silent]\n|-weather|SunnyDay|[from] ability: Drought|[of] p2a: Torkoal\n|move|p1a: Gigalith|Stealth Rock|p2a: Torkoal\n|-sidestart|p2: RO Niamh|move: Stealth Rock\n|\n|-weather|SunnyDay|[upkeep]\n|upkeep\n|-start|p2a: Torkoal|typechange|Normal\/Grass|[silent]\n|turn|3\n|\n|t:|1668037518\n|move|p1a: Gigalith|Stone Edge|p2a: Torkoal|[miss]\n|-miss|p1a: Gigalith|p2a: Torkoal\n|move|p2a: Torkoal|Rapid Spin|p1a: Gigalith\n|-supereffective|p1a: Gigalith\n|-damage|p1a: Gigalith|180\/293\n|-boost|p2a: Torkoal|spe|1\n|-sideend|p2: RO Niamh|Stealth Rock|[from] move: Rapid Spin|[of] p2a: Torkoal\n|\n|-weather|SunnyDay|[upkeep]\n|upkeep\n|turn|4\n|\n|t:|1668037533\n|move|p2a: Torkoal|Lava Plume|p1a: Gigalith\n|-supereffective|p1a: Gigalith\n|-damage|p1a: Gigalith|4\/293\n|move|p1a: Gigalith|Stone Edge|p2a: Torkoal\n|-damage|p2a: Torkoal|158\/249\n|\n|-weather|SunnyDay|[upkeep]\n|upkeep\n|turn|5\n|\n|t:|1668037547\n|move|p2a: Torkoal|Earthquake|p1a: Gigalith\n|-resisted|p1a: Gigalith\n|-damage|p1a: Gigalith|0 fnt\n|faint|p1a: Gigalith\n|\n|-weather|SunnyDay|[upkeep]\n|upkeep\n|\n|t:|1668037562\n|switch|p1a: Weezing|Weezing-Galar, L84, M|246\/246\n|-weather|Sandstorm|[from] ability: Sand Stream|[of] p1a: Weezing\n|-start|p1a: Weezing|typechange|Poison\/Fire|[silent]\n|-start|p1a: Weezing|typechange|Poison\/Fire|[silent]\n|turn|6\n|\n|t:|1668037593\n|switch|p1a: Pheromosa|Pheromosa, L76|233\/233\n|-start|p1a: Pheromosa|typechange|Bug\/Poison|[silent]\n|move|p2a: Torkoal|Solar Beam||[still]\n|-prepare|p2a: Torkoal|Solar Beam\n|\n|-weather|Sandstorm|[upkeep]\n|-damage|p1a: Pheromosa|219\/233|[from] Sandstorm\n|-damage|p2a: Torkoal|143\/249|[from] Sandstorm\n|upkeep\n|-start|p1a: Pheromosa|typechange|Bug\/Poison|[silent]\n|turn|7\n|\n|t:|1668037609\n|move|p1a: Pheromosa|U-turn|p2a: Torkoal\n|-resisted|p2a: Torkoal\n|-damage|p2a: Torkoal|106\/249\n|\n|t:|1668037611\n|switch|p1a: Tyranitar|Tyranitar, L80, M|291\/291\n|-start|p1a: Tyranitar|typechange|Dark\/Rock|[silent]\n|move|p2a: Torkoal|Solar Beam|p1a: Tyranitar|[from]lockedmove\n|-resisted|p1a: Tyranitar\n|-damage|p1a: Tyranitar|270\/291\n|\n|-weather|Sandstorm|[upkeep]\n|-damage|p2a: Torkoal|91\/249|[from] Sandstorm\n|upkeep\n|-start|p1a: Tyranitar|typechange|Dark\/Rock|[silent]\n|turn|8\n|\n|t:|1668037622\n|move|p1a: Tyranitar|Earthquake|p2a: Torkoal\n|-supereffective|p2a: Torkoal\n|-crit|p2a: Torkoal\n|-damage|p2a: Torkoal|0 fnt\n|faint|p2a: Torkoal\n|-ability|p1a: Tyranitar|Beast Boost|boost\n|-boost|p1a: Tyranitar|atk|1\n|\n|-weather|Sandstorm|[upkeep]\n|upkeep\n|\n|t:|1668037644\n|switch|p2a: Bronzong|Bronzong, L84|250\/250\n|-weather|SunnyDay|[from] ability: Drought|[of] p2a: Bronzong\n|-start|p2a: Bronzong|typechange|Ground\/Rock|[silent]\n|-start|p2a: Bronzong|typechange|Ground\/Rock|[silent]\n|turn|9\n|\n|t:|1668037665\n|switch|p1a: Blaziken|Blaziken, L81, M|262\/262\n|-weather|Sandstorm|[from] ability: Sand Stream|[of] p1a: Blaziken\n|-start|p1a: Blaziken|typechange|Rock\/Normal|[silent]\n|move|p2a: Bronzong|Toxic|p1a: Blaziken\n|-status|p1a: Blaziken|tox\n|\n|-weather|Sandstorm|[upkeep]\n|-damage|p1a: Blaziken|246\/262 tox|[from] psn\n|upkeep\n|-start|p1a: Blaziken|typechange|Rock\/Normal|[silent]\n|turn|10\n|\n|t:|1668037699\n|switch|p2a: Pincurchin|Pincurchin, L88, M|228\/228\n|-weather|SunnyDay|[from] ability: Drought|[of] p2a: Pincurchin\n|-start|p2a: Pincurchin|typechange|Electric\/Ground|[silent]\n|-fieldstart|move: Electric Terrain|[from] ability: Electric Surge|[of] p2a: Pincurchin\n|move|p1a: Blaziken|Flare Blitz|p2a: Pincurchin\n|-damage|p2a: Pincurchin|97\/228\n|-damage|p1a: Blaziken|203\/262 tox|[from] Recoil\n|-damage|p1a: Blaziken|177\/262 tox|[from] item: Life Orb\n|\n|-weather|SunnyDay|[upkeep]\n|-damage|p1a: Blaziken|145\/262 tox|[from] psn\n|-ability|p1a: Blaziken|Speed Boost|boost\n|-boost|p1a: Blaziken|spe|1\n|upkeep\n|-start|p2a: Pincurchin|typechange|Electric\/Ground|[silent]\n|turn|11\n|\n|t:|1668037723\n|move|p1a: Blaziken|Flare Blitz|p2a: Pincurchin\n|-damage|p2a: Pincurchin|0 fnt\n|faint|p2a: Pincurchin\n|-ability|p1a: Blaziken|Beast Boost|boost\n|-boost|p1a: Blaziken|atk|1\n|-damage|p1a: Blaziken|113\/262 tox|[from] Recoil\n|-damage|p1a: Blaziken|87\/262 tox|[from] item: Life Orb\n|\n|-weather|SunnyDay|[upkeep]\n|-damage|p1a: Blaziken|39\/262 tox|[from] psn\n|-ability|p1a: Blaziken|Speed Boost|boost\n|-boost|p1a: Blaziken|spe|1\n|upkeep\n|\n|t:|1668037736\n|switch|p2a: Audino|Audino, L88, F|253\/325\n|-start|p2a: Audino|typechange|Poison\/Normal|[silent]\n|-start|p2a: Audino|typechange|Poison\/Normal|[silent]\n|turn|12\n|\n|t:|1668037752\n|switch|p1a: Pheromosa|Pheromosa, L76|219\/233\n|-weather|Sandstorm|[from] ability: Sand Stream|[of] p1a: Pheromosa\n|-start|p1a: Pheromosa|typechange|Bug\/Poison|[silent]\n|move|p2a: Audino|Protect||[still]\n|-fail|p2a: Audino\n|\n|-weather|Sandstorm|[upkeep]\n|-damage|p1a: Pheromosa|205\/233|[from] Sandstorm\n|-damage|p2a: Audino|233\/325|[from] Sandstorm\n|-heal|p2a: Audino|253\/325|[from] item: Leftovers\n|upkeep\n|-start|p1a: Pheromosa|typechange|Bug\/Poison|[silent]\n|turn|13\n|\n|t:|1668037764\n|move|p1a: Pheromosa|Poison Jab|p2a: Audino\n|-supereffective|p2a: Audino\n|-damage|p2a: Audino|35\/325\n|move|p2a: Audino|Knock Off|p1a: Pheromosa\n|-damage|p1a: Pheromosa|68\/233\n|-enditem|p1a: Pheromosa|Choice Band|[from] move: Knock Off|[of] p2a: Audino\n|\n|-weather|Sandstorm|[upkeep]\n|-damage|p1a: Pheromosa|54\/233|[from] Sandstorm\n|-damage|p2a: Audino|15\/325|[from] Sandstorm\n|-heal|p2a: Audino|35\/325|[from] item: Leftovers\n|-ability|p1a: Pheromosa|Speed Boost|boost\n|-boost|p1a: Pheromosa|spe|1\n|upkeep\n|turn|14\n|\n|t:|1668037779\n|move|p2a: Audino|Protect|p2a: Audino\n|-singleturn|p2a: Audino|Protect\n|move|p1a: Pheromosa|Poison Jab|p2a: Audino\n|-activate|p2a: Audino|move: Protect\n|\n|-weather|Sandstorm|[upkeep]\n|-damage|p1a: Pheromosa|40\/233|[from] Sandstorm\n|-damage|p2a: Audino|15\/325|[from] Sandstorm\n|-heal|p2a: Audino|35\/325|[from] item: Leftovers\n|-fieldend|move: Electric Terrain\n|-ability|p1a: Pheromosa|Speed Boost|boost\n|-boost|p1a: Pheromosa|spe|1\n|upkeep\n|turn|15\n|\n|t:|1668037797\n|move|p2a: Audino|Protect||[still]\n|-fail|p2a: Audino\n|move|p1a: Pheromosa|Poison Jab|p2a: Audino\n|-supereffective|p2a: Audino\n|-damage|p2a: Audino|0 fnt\n|faint|p2a: Audino\n|-ability|p1a: Pheromosa|Beast Boost|boost\n|-boost|p1a: Pheromosa|spe|1\n|\n|-weather|Sandstorm|[upkeep]\n|-damage|p1a: Pheromosa|26\/233|[from] Sandstorm\n|-ability|p1a: Pheromosa|Speed Boost|boost\n|-boost|p1a: Pheromosa|spe|1\n|upkeep\n|\n|t:|1668037809\n|switch|p2a: Buzzwole|Buzzwole, L80|302\/302\n|-weather|SunnyDay|[from] ability: Drought|[of] p2a: Buzzwole\n|-fieldstart|move: Electric Terrain|[from] ability: Electric Surge|[of] p2a: Buzzwole\n|-start|p2a: Buzzwole|typechange|Dark\/Fighting|[silent]\n|-start|p2a: Buzzwole|typechange|Dark\/Fighting|[silent]\n|turn|16\n|\n|t:|1668037819\n|move|p1a: Pheromosa|Throat Chop|p2a: Buzzwole\n|-supereffective|p2a: Buzzwole\n|-damage|p2a: Buzzwole|122\/302\n|-start|p2a: Buzzwole|Throat Chop|[silent]\n|move|p2a: Buzzwole|Poison Jab|p1a: Pheromosa\n|-supereffective|p1a: Pheromosa\n|-damage|p1a: Pheromosa|0 fnt\n|faint|p1a: Pheromosa\n|-ability|p2a: Buzzwole|Beast Boost|boost\n|-boost|p2a: Buzzwole|atk|1\n|\n|-weather|SunnyDay|[upkeep]\n|-heal|p2a: Buzzwole|140\/302|[from] item: Leftovers\n|upkeep\n|\n|t:|1668037841\n|switch|p1a: Weezing|Weezing-Galar, L84, M|246\/246\n|-weather|Sandstorm|[from] ability: Sand Stream|[of] p1a: Weezing\n|-start|p1a: Weezing|typechange|Poison\/Fire|[silent]\n|-start|p1a: Weezing|typechange|Poison\/Fire|[silent]\n|turn|17\n|\n|t:|1668037854\n|switch|p2a: Bronzong|Bronzong, L84|250\/250\n|-weather|SunnyDay|[from] ability: Drought|[of] p2a: Bronzong\n|-start|p2a: Bronzong|typechange|Ground\/Rock|[silent]\n|move|p1a: Weezing|Sludge Bomb|p2a: Bronzong\n|-supereffective|p2a: Bronzong\n|-damage|p2a: Bronzong|0 fnt\n|faint|p2a: Bronzong\n|-ability|p1a: Weezing|Beast Boost|boost\n|-boost|p1a: Weezing|def|1\n|\n|-weather|SunnyDay|[upkeep]\n|-ability|p1a: Weezing|Speed Boost|boost\n|-boost|p1a: Weezing|spe|1\n|upkeep\n|\n|t:|1668037869\n|switch|p2a: Heliolisk|Heliolisk, L86, F|247\/247\n|-start|p2a: Heliolisk|typechange|Electric\/Water|[silent]\n|-start|p2a: Heliolisk|typechange|Electric\/Water|[silent]\n|turn|18\n|\n|t:|1668037879\n|move|p2a: Heliolisk|Thunderbolt|p1a: Weezing\n|-damage|p1a: Weezing|62\/246\n|move|p1a: Weezing|Strange Steam|p2a: Heliolisk\n|-damage|p2a: Heliolisk|191\/247\n|-start|p2a: Heliolisk|confusion\n|\n|-weather|SunnyDay|[upkeep]\n|-damage|p2a: Heliolisk|161\/247|[from] ability: Dry Skin|[of] p2a: Heliolisk\n|-heal|p1a: Weezing|77\/246|[from] item: Black Sludge\n|-ability|p1a: Weezing|Speed Boost|boost\n|-boost|p1a: Weezing|spe|1\n|upkeep\n|turn|19\n|\n|t:|1668037895\n|move|p1a: Weezing|Sludge Bomb|p2a: Heliolisk\n|-damage|p2a: Heliolisk|77\/247\n|-status|p2a: Heliolisk|psn\n|-activate|p2a: Heliolisk|confusion\n|-damage|p2a: Heliolisk|56\/247 psn|[from] confusion\n|\n|-weather|SunnyDay|[upkeep]\n|-damage|p2a: Heliolisk|26\/247 psn|[from] ability: Dry Skin|[of] p2a: Heliolisk\n|-heal|p1a: Weezing|92\/246|[from] item: Black Sludge\n|-damage|p2a: Heliolisk|0 fnt|[from] psn\n|faint|p2a: Heliolisk\n|-ability|p1a: Weezing|Speed Boost|boost\n|-boost|p1a: Weezing|spe|1\n|upkeep\n|\n|t:|1668037908\n|switch|p2a: Buzzwole|Buzzwole, L80|240\/302\n|-start|p2a: Buzzwole|typechange|Dark\/Fighting|[silent]\n|-start|p2a: Buzzwole|typechange|Dark\/Fighting|[silent]\n|turn|20\n|\n|t:|1668037913\n|move|p1a: Weezing|Will-O-Wisp|p2a: Buzzwole|[miss]\n|-miss|p1a: Weezing|p2a: Buzzwole\n|move|p2a: Buzzwole|Poison Jab|p1a: Weezing\n|-supereffective|p1a: Weezing\n|-damage|p1a: Weezing|24\/246\n|\n|-weather|SunnyDay|[upkeep]\n|-damage|p2a: Buzzwole|203\/302|[from] ability: Dry Skin|[of] p2a: Buzzwole\n|-heal|p1a: Weezing|39\/246|[from] item: Black Sludge\n|-heal|p2a: Buzzwole|221\/302|[from] item: Leftovers\n|-fieldend|move: Electric Terrain\n|-ability|p1a: Weezing|Speed Boost|boost\n|-boost|p1a: Weezing|spe|1\n|upkeep\n|turn|21\n|\n|t:|1668037928\n|move|p1a: Weezing|Will-O-Wisp|p2a: Buzzwole\n|-status|p2a: Buzzwole|brn\n|move|p2a: Buzzwole|Darkest Lariat|p1a: Weezing\n|-damage|p1a: Weezing|0 fnt\n|faint|p1a: Weezing\n|-ability|p2a: Buzzwole|Beast Boost|boost\n|-boost|p2a: Buzzwole|atk|1\n|\n|-weather|none\n|-heal|p2a: Buzzwole|239\/302 brn|[from] item: Leftovers\n|-damage|p2a: Buzzwole|221\/302 brn|[from] brn\n|upkeep\n|\n|t:|1668037944\n|switch|p1a: Blaziken|Blaziken, L81, M|39\/262 tox\n|-weather|Sandstorm|[from] ability: Sand Stream|[of] p1a: Blaziken\n|-start|p1a: Blaziken|typechange|Rock\/Normal|[silent]\n|-start|p1a: Blaziken|typechange|Rock\/Normal|[silent]\n|turn|22\n|\n|t:|1668037954\n|move|p1a: Blaziken|Flare Blitz|p2a: Buzzwole\n|-damage|p2a: Buzzwole|101\/302 brn\n|-damage|p1a: Blaziken|0 fnt|[from] Recoil\n|faint|p1a: Blaziken\n|move|p2a: Buzzwole|Poison Jab|p1: Blaziken|[notarget]\n|-fail|p2a: Buzzwole\n|\n|-weather|Sandstorm|[upkeep]\n|-damage|p2a: Buzzwole|83\/302 brn|[from] Sandstorm\n|-heal|p2a: Buzzwole|101\/302 brn|[from] item: Leftovers\n|-damage|p2a: Buzzwole|83\/302 brn|[from] brn\n|upkeep\n|\n|t:|1668037968\n|switch|p1a: Malamar|Malamar, L88, F|295\/295\n|-start|p1a: Malamar|typechange|Psychic\/Fighting|[silent]\n|-start|p1a: Malamar|typechange|Psychic\/Fighting|[silent]\n|turn|23\n|\n|t:|1668037974\n|move|p1a: Malamar|Knock Off|p2a: Buzzwole\n|-supereffective|p2a: Buzzwole\n|-damage|p2a: Buzzwole|0 fnt\n|-enditem|p2a: Buzzwole|Leftovers|[from] move: Knock Off|[of] p1a: Malamar\n|faint|p2a: Buzzwole\n|\n|win|Paopao1705\n|l|\u2606RO Niamh\n","uploadtime":1668037981,"views":5,"p1id":"paopao1705","p2id":"roniamh","formatid":"gen8randombattlemayhem","rating":0,"private":0,"password":null}