{"id":"gen8nationaldexag-1651336572","p1":"Meracx","p2":"Kyussey","format":"gen8nationaldexag","log":"|j|\u2606Meracx\n|j|\u2606Kyussey\n|t:|1661806561\n|gametype|singles\n|player|p1|Meracx|thorton|\n|player|p2|Kyussey|buck|\n|teamsize|p1|6\n|teamsize|p2|6\n|gen|8\n|tier|[Gen 8] National Dex AG\n|rule|HP Percentage Mod: HP is shown in percentages\n|rule|Endless Battle Clause: Forcing endless battles is banned\n|clearpoke\n|poke|p1|Manaphy|\n|poke|p1|Emboar, M|\n|poke|p1|Nidoqueen, F|\n|poke|p1|Sceptile, F|\n|poke|p1|Sylveon, M|\n|poke|p1|Vikavolt, M|\n|poke|p2|Abomasnow, F|\n|poke|p2|Arctovish|\n|poke|p2|Weavile, M|\n|poke|p2|Haunter, F|\n|poke|p2|Gardevoir, F|\n|poke|p2|Silvally-*|\n|teampreview\n|c|\u2606Kyussey|hf\n|c|\u2606Meracx|Putain Hail contre HO\n|c|\u2606Meracx|Gg\n|c|\u2606Kyussey|tout de suite\n|\n|t:|1661806592\n|start\n|switch|p1a: Dolotor|Nidoqueen, F|100\/100\n|switch|p2a: Weavile|Weavile, M|100\/100\n|-ability|p2a: Weavile|Pressure\n|turn|1\n|\n|t:|1661806605\n|move|p2a: Weavile|Triple Axel|p1a: Dolotor\n|-supereffective|p1a: Dolotor\n|-damage|p1a: Dolotor|70\/100\n|-supereffective|p1a: Dolotor\n|-damage|p1a: Dolotor|12\/100\n|-supereffective|p1a: Dolotor\n|-damage|p1a: Dolotor|0 fnt\n|faint|p1a: Dolotor\n|-hitcount|p1: Dolotor|3\n|\n|upkeep\n|\n|t:|1661806611\n|switch|p1a: Minoth|Emboar, M|100\/100\n|turn|2\n|\n|t:|1661806639\n|switch|p2a: Gardevoir|Gardevoir, F|100\/100\n|-ability|p2a: Gardevoir|Reckless|[from] ability: Trace|[of] p1a: Minoth\n|move|p1a: Minoth|Flame Charge|p2a: Gardevoir\n|-damage|p2a: Gardevoir|67\/100\n|-boost|p1a: Minoth|spe|1\n|\n|upkeep\n|turn|3\n|\n|t:|1661806656\n|move|p1a: Minoth|Wild Charge|p2a: Gardevoir\n|-damage|p2a: Gardevoir|25\/100\n|-damage|p1a: Minoth|92\/100|[from] Recoil\n|move|p2a: Gardevoir|Trick|p1a: Minoth\n|-activate|p2a: Gardevoir|move: Trick|[of] p1a: Minoth\n|-item|p1a: Minoth|Lagging Tail|[from] move: Trick\n|-item|p2a: Gardevoir|Shuca Berry|[from] move: Trick\n|\n|upkeep\n|turn|4\n|c|\u2606Meracx|Putain c'\u00e9tait pour qui \u00e7a ?\n|\n|t:|1661806677\n|move|p2a: Gardevoir|Psychic|p1a: Minoth\n|-supereffective|p1a: Minoth\n|-damage|p1a: Minoth|0 fnt\n|faint|p1a: Minoth\n|\n|upkeep\n|\n|t:|1661806681\n|switch|p1a: H\u00e9ly|Sylveon, M|100\/100\n|turn|5\n|c|\u2606Kyussey|au cas ou slurpuff fasse belly drum\n|\n|t:|1661806692\n|move|p2a: Gardevoir|Trick|p1a: H\u00e9ly\n|-activate|p2a: Gardevoir|move: Trick|[of] p1a: H\u00e9ly\n|-item|p1a: H\u00e9ly|Shuca Berry|[from] move: Trick\n|-item|p2a: Gardevoir|Light Clay|[from] move: Trick\n|move|p1a: H\u00e9ly|Light Screen|p1a: H\u00e9ly\n|-sidestart|p1: Meracx|move: Light Screen\n|\n|upkeep\n|turn|6\n|\n|t:|1661806704\n|move|p2a: Gardevoir|Moonblast|p1a: H\u00e9ly\n|-damage|p1a: H\u00e9ly|87\/100\n|move|p1a: H\u00e9ly|Baton Pass|p1a: H\u00e9ly\n|\n|t:|1661806707\n|switch|p1a: Ad\u00e9mise|Manaphy|100\/100|[from]move: Baton Pass\n|\n|upkeep\n|turn|7\n|\n|t:|1661806720\n|switch|p2a: Silvally|Silvally-Steel|100\/100\n|move|p1a: Ad\u00e9mise|Tail Glow|p1a: Ad\u00e9mise\n|-boost|p1a: Ad\u00e9mise|spa|3\n|\n|upkeep\n|turn|8\n|\n|t:|1661806725\n|move|p1a: Ad\u00e9mise|Surf|p2a: Silvally\n|-damage|p2a: Silvally|39\/100\n|move|p2a: Silvally|Parting Shot|p1a: Ad\u00e9mise\n|-unboost|p1a: Ad\u00e9mise|atk|1\n|-unboost|p1a: Ad\u00e9mise|spa|1\n|\n|t:|1661806729\n|switch|p2a: Abomasnow|Abomasnow, F|100\/100|[from]move: Parting Shot\n|-weather|Hail|[from] ability: Snow Warning|[of] p2a: Abomasnow\n|\n|-weather|Hail|[upkeep]\n|-damage|p1a: Ad\u00e9mise|94\/100|[from] Hail\n|upkeep\n|turn|9\n|\n|t:|1661806735\n|-zpower|p1a: Ad\u00e9mise\n|move|p1a: Ad\u00e9mise|Z-Rain Dance|p1a: Ad\u00e9mise|[anim]Rain Dance\n|-boost|p1a: Ad\u00e9mise|spe|1|[zeffect]\n|-weather|RainDance\n|move|p2a: Abomasnow|Wood Hammer|p1a: Ad\u00e9mise\n|-supereffective|p1a: Ad\u00e9mise\n|-damage|p1a: Ad\u00e9mise|0 fnt\n|faint|p1a: Ad\u00e9mise\n|-damage|p2a: Abomasnow|73\/100|[from] Recoil\n|\n|-weather|RainDance|[upkeep]\n|-sideend|p1: Meracx|move: Light Screen\n|upkeep\n|\n|t:|1661806743\n|switch|p1a: Saloro|Vikavolt, M|100\/100\n|turn|10\n|\n|t:|1661806774\n|switch|p2a: Haunter|Haunter, F|100\/100\n|move|p1a: Saloro|Agility|p1a: Saloro\n|-boost|p1a: Saloro|spe|2\n|\n|-weather|RainDance|[upkeep]\n|upkeep\n|turn|11\n|c|\u2606Meracx|Le bulk de Silvally putain\n|\n|t:|1661806781\n|move|p2a: Haunter|Shadow Ball|p1a: Saloro\n|-damage|p1a: Saloro|45\/100\n|move|p1a: Saloro|Charge Beam|p2a: Haunter\n|-damage|p2a: Haunter|32\/100\n|-boost|p1a: Saloro|spa|1\n|\n|-weather|RainDance|[upkeep]\n|upkeep\n|turn|12\n|c|\u2606Kyussey|full def\n|\n|t:|1661806796\n|switch|p1a: H\u00e9ly|Sylveon, M|87\/100\n|move|p2a: Haunter|Shadow Ball|p1a: H\u00e9ly\n|-damage|p1a: H\u00e9ly|66\/100\n|\n|-weather|RainDance|[upkeep]\n|upkeep\n|turn|13\n|\n|t:|1661806802\n|switch|p2a: Abomasnow|Abomasnow, F|73\/100\n|-weather|Hail|[from] ability: Snow Warning|[of] p2a: Abomasnow\n|move|p1a: H\u00e9ly|Light Screen|p1a: H\u00e9ly\n|-sidestart|p1: Meracx|move: Light Screen\n|\n|-weather|Hail|[upkeep]\n|-damage|p1a: H\u00e9ly|60\/100|[from] Hail\n|upkeep\n|turn|14\n|\n|t:|1661806806\n|move|p1a: H\u00e9ly|Reflect|p1a: H\u00e9ly\n|-sidestart|p1: Meracx|Reflect\n|move|p2a: Abomasnow|Icicle Spear|p1a: H\u00e9ly\n|-damage|p1a: H\u00e9ly|53\/100\n|-damage|p1a: H\u00e9ly|46\/100\n|-damage|p1a: H\u00e9ly|39\/100\n|-damage|p1a: H\u00e9ly|32\/100\n|-damage|p1a: H\u00e9ly|25\/100\n|-hitcount|p1a: H\u00e9ly|5\n|\n|-weather|Hail|[upkeep]\n|-damage|p1a: H\u00e9ly|19\/100|[from] Hail\n|upkeep\n|turn|15\n|\n|t:|1661806814\n|move|p1a: H\u00e9ly|Hyper Voice|p2a: Abomasnow\n|-damage|p2a: Abomasnow|32\/100\n|move|p2a: Abomasnow|Icicle Spear|p1a: H\u00e9ly\n|-damage|p1a: H\u00e9ly|12\/100\n|-damage|p1a: H\u00e9ly|5\/100\n|-damage|p1a: H\u00e9ly|0 fnt\n|faint|p1a: H\u00e9ly\n|-hitcount|p1: H\u00e9ly|3\n|\n|-weather|Hail|[upkeep]\n|upkeep\n|\n|t:|1661806826\n|switch|p1a: Othar|Sceptile, F|100\/100\n|turn|16\n|\n|t:|1661806832\n|detailschange|p1a: Othar|Sceptile-Mega, F\n|-mega|p1a: Othar|Sceptile|Sceptilite\n|move|p1a: Othar|Dragon Claw|p2a: Abomasnow\n|-damage|p2a: Abomasnow|0 fnt\n|faint|p2a: Abomasnow\n|\n|-weather|Hail|[upkeep]\n|-damage|p1a: Othar|94\/100|[from] Hail\n|upkeep\n|\n|t:|1661806838\n|switch|p2a: Arctovish|Arctovish|100\/100\n|turn|17\n|\n|t:|1661806840\n|move|p2a: Arctovish|Icicle Crash|p1a: Othar\n|-supereffective|p1a: Othar\n|-damage|p1a: Othar|0 fnt\n|faint|p1a: Othar\n|-damage|p2a: Arctovish|91\/100|[from] item: Life Orb\n|\n|-weather|Hail|[upkeep]\n|-sideend|p1: Meracx|move: Light Screen\n|upkeep\n|\n|t:|1661806842\n|switch|p1a: Saloro|Vikavolt, M|45\/100\n|turn|18\n|c|\u2606Kyussey|c'est mieux avec le bon talent et la bonne vitesse \u00e9_\u00e8\n|\n|t:|1661806855\n|move|p2a: Arctovish|Fishious Rend|p1a: Saloro\n|-damage|p1a: Saloro|0 fnt\n|faint|p1a: Saloro\n|-damage|p2a: Arctovish|81\/100|[from] item: Life Orb\n|\n|win|Kyussey\n|c|\u2606Kyussey|gg\n|c|\u2606Meracx|J'aurais fais un kill au moins\n|c|\u2606Meracx|gg\n","uploadtime":1661806859,"views":23,"p1id":"meracx","p2id":"kyussey","formatid":"gen8nationaldexag","rating":0,"private":0,"password":null}