{"id":"gen8ou-1641480892","p1":"RTSG tests","p2":"LT93OQ Fa","format":"gen8ou","log":"|raw|<div class=\"broadcast-blue\"><strong>This battle is required to be public due to a player having a name starting with 'lt93oq'.<\/div>\n|j|\u2606RTSG tests\n|j|\u2606LT93OQ Fa\n|t:|1660710085\n|gametype|singles\n|player|p1|RTSG tests|birdkeeper|1660\n|player|p2|LT93OQ Fa|skyla-masters2|1806\n|teamsize|p1|6\n|teamsize|p2|6\n|gen|8\n|tier|[Gen 8] OU\n|rated|\n|rule|Sleep Clause Mod: Limit one foe put to sleep\n|rule|Species Clause: Limit one of each Pok\u00e9mon\n|rule|OHKO Clause: OHKO moves are banned\n|rule|Evasion Items Clause: Evasion items are banned\n|rule|Evasion Moves Clause: Evasion moves are banned\n|rule|Endless Battle Clause: Forcing endless battles is banned\n|rule|HP Percentage Mod: HP is shown in percentages\n|rule|Dynamax Clause: You cannot dynamax\n|clearpoke\n|poke|p1|Sceptile, M|\n|poke|p1|Salamence, F|\n|poke|p1|Excadrill, F|\n|poke|p1|Tapu Koko|\n|poke|p1|Magnezone|\n|poke|p1|Weavile, M|\n|poke|p2|Landorus-Therian, M|\n|poke|p2|Corviknight, F|\n|poke|p2|Volcanion|\n|poke|p2|Ninetales-Alola, M|\n|poke|p2|Arctozolt|\n|poke|p2|Tornadus-Therian, M|\n|teampreview\n|\n|t:|1660710091\n|start\n|switch|p1a: Excadrill|Excadrill, F|100\/100\n|switch|p2a: Tornadus|Tornadus-Therian, M|100\/100\n|-ability|p1a: Excadrill|Mold Breaker\n|turn|1\n|inactive|Battle timer is ON: inactive players will automatically lose when time's up. (requested by RTSG tests)\n|\n|t:|1660710095\n|move|p2a: Tornadus|Heat Wave|p1a: Excadrill|[miss]\n|-miss|p2a: Tornadus|p1a: Excadrill\n|move|p1a: Excadrill|Rapid Spin|p2a: Tornadus\n|-damage|p2a: Tornadus|79\/100\n|-boost|p1a: Excadrill|spe|1\n|\n|upkeep\n|turn|2\n|\n|t:|1660710099\n|switch|p2a: Corviknight|Corviknight, F|100\/100\n|-ability|p2a: Corviknight|Pressure\n|move|p1a: Excadrill|Toxic|p2a: Corviknight\n|-immune|p2a: Corviknight\n|\n|upkeep\n|turn|3\n|\n|t:|1660710102\n|move|p1a: Excadrill|Stealth Rock|p2a: Corviknight\n|-sidestart|p2: LT93OQ Fa|move: Stealth Rock\n|move|p2a: Corviknight|U-turn|p1a: Excadrill\n|-resisted|p1a: Excadrill\n|-damage|p1a: Excadrill|91\/100\n|\n|t:|1660710105\n|switch|p2a: Landorus|Landorus-Therian, M|100\/100|[from]move: U-turn\n|-damage|p2a: Landorus|88\/100|[from] Stealth Rock\n|-ability|p2a: Landorus|Intimidate|boost\n|-unboost|p1a: Excadrill|atk|1\n|\n|-heal|p2a: Landorus|94\/100|[from] item: Leftovers\n|upkeep\n|turn|4\n|\n|t:|1660710108\n|move|p1a: Excadrill|Toxic|p2a: Landorus\n|-status|p2a: Landorus|tox\n|move|p2a: Landorus|Earthquake|p1a: Excadrill\n|-supereffective|p1a: Excadrill\n|-crit|p1a: Excadrill\n|-damage|p1a: Excadrill|0 fnt\n|faint|p1a: Excadrill\n|\n|-heal|p2a: Landorus|99\/100 tox|[from] item: Leftovers\n|-damage|p2a: Landorus|94\/100 tox|[from] psn\n|upkeep\n|\n|t:|1660710114\n|switch|p1a: Weavile|Weavile, M|100\/100\n|-ability|p1a: Weavile|Pressure\n|turn|5\n|\n|t:|1660710124\n|move|p1a: Weavile|Swords Dance|p1a: Weavile\n|-boost|p1a: Weavile|atk|2\n|move|p2a: Landorus|U-turn|p1a: Weavile\n|-supereffective|p1a: Weavile\n|-damage|p1a: Weavile|26\/100\n|\n|t:|1660710130\n|switch|p2a: Corviknight|Corviknight, F|100\/100|[from]move: U-turn\n|-damage|p2a: Corviknight|88\/100|[from] Stealth Rock\n|-ability|p2a: Corviknight|Pressure\n|\n|upkeep\n|turn|6\n|\n|t:|1660710134\n|move|p1a: Weavile|Triple Axel|p2a: Corviknight\n|-damage|p2a: Corviknight|73\/100\n|-damage|p1a: Weavile|9\/100|[from] item: Rocky Helmet|[of] p2a: Corviknight\n|-damage|p2a: Corviknight|40\/100\n|-damage|p1a: Weavile|0 fnt|[from] item: Rocky Helmet|[of] p2a: Corviknight\n|faint|p1a: Weavile\n|-hitcount|p2a: Corviknight|2\n|move|p2a: Corviknight|Defog|p1: Weavile|[notarget]\n|-fail|p2a: Corviknight\n|\n|upkeep\n|\n|t:|1660710142\n|switch|p1a: Magnezone|Magnezone|100\/100\n|turn|7\n|\n|t:|1660710145\n|move|p1a: Magnezone|Volt Switch|p2a: Corviknight\n|-supereffective|p2a: Corviknight\n|-crit|p2a: Corviknight\n|-damage|p2a: Corviknight|0 fnt\n|faint|p2a: Corviknight\n|\n|t:|1660710150\n|switch|p1a: Tapu Koko|Tapu Koko|100\/100|[from]move: Volt Switch\n|-fieldstart|move: Electric Terrain|[from] ability: Electric Surge|[of] p1a: Tapu Koko\n|\n|upkeep\n|j| LT93OQ Nick\n|\n|t:|1660710153\n|switch|p2a: Landorus|Landorus-Therian, M|94\/100 tox\n|-damage|p2a: Landorus|82\/100 tox|[from] Stealth Rock\n|-ability|p2a: Landorus|Intimidate|boost\n|-unboost|p1a: Tapu Koko|atk|1\n|turn|8\n|\n|t:|1660710157\n|move|p1a: Tapu Koko|Taunt|p2a: Landorus\n|-start|p2a: Landorus|move: Taunt\n|cant|p2a: Landorus|move: Taunt|Defog\n|\n|-heal|p2a: Landorus|88\/100 tox|[from] item: Leftovers\n|-damage|p2a: Landorus|82\/100 tox|[from] psn\n|upkeep\n|turn|9\n|\n|t:|1660710159\n|move|p1a: Tapu Koko|Reflect|p1a: Tapu Koko\n|-sidestart|p1: RTSG tests|Reflect\n|move|p2a: Landorus|U-turn|p1a: Tapu Koko\n|-resisted|p1a: Tapu Koko\n|-crit|p1a: Tapu Koko\n|-damage|p1a: Tapu Koko|80\/100\n|\n|t:|1660710161\n|switch|p2a: Ninetales|Ninetales-Alola, M|100\/100|[from]move: U-turn\n|-damage|p2a: Ninetales|76\/100|[from] Stealth Rock\n|-weather|Hail|[from] ability: Snow Warning|[of] p2a: Ninetales\n|\n|-weather|Hail|[upkeep]\n|-damage|p1a: Tapu Koko|74\/100|[from] Hail\n|upkeep\n|turn|10\n|\n|t:|1660710166\n|switch|p2a: Arctozolt|Arctozolt|100\/100\n|-damage|p2a: Arctozolt|76\/100|[from] Stealth Rock\n|move|p1a: Tapu Koko|Taunt|p2a: Arctozolt\n|-start|p2a: Arctozolt|move: Taunt\n|\n|-weather|Hail|[upkeep]\n|-damage|p1a: Tapu Koko|68\/100|[from] Hail\n|-heal|p2a: Arctozolt|82\/100|[from] item: Leftovers\n|upkeep\n|turn|11\n|\n|t:|1660710169\n|move|p2a: Arctozolt|Blizzard|p1a: Tapu Koko\n|-damage|p1a: Tapu Koko|21\/100\n|move|p1a: Tapu Koko|Volt Switch|p2a: Arctozolt\n|-resisted|p2a: Arctozolt\n|-damage|p2a: Arctozolt|62\/100\n|\n|t:|1660710172\n|switch|p1a: Magnezone|Magnezone|100\/100|[from]move: Volt Switch\n|\n|-weather|Hail|[upkeep]\n|-damage|p1a: Magnezone|94\/100|[from] Hail\n|-heal|p2a: Arctozolt|68\/100|[from] item: Leftovers\n|-fieldend|move: Electric Terrain\n|upkeep\n|turn|12\n|\n|t:|1660710176\n|switch|p2a: Landorus|Landorus-Therian, M|82\/100 tox\n|-damage|p2a: Landorus|70\/100 tox|[from] Stealth Rock\n|-ability|p2a: Landorus|Intimidate|boost\n|-unboost|p1a: Magnezone|atk|1\n|move|p1a: Magnezone|Flash Cannon|p2a: Landorus\n|-damage|p2a: Landorus|17\/100 tox\n|\n|-weather|Hail|[upkeep]\n|-damage|p1a: Magnezone|88\/100|[from] Hail\n|-damage|p2a: Landorus|11\/100 tox|[from] Hail\n|-heal|p2a: Landorus|17\/100 tox|[from] item: Leftovers\n|-damage|p2a: Landorus|11\/100 tox|[from] psn\n|upkeep\n|turn|13\n|\n|t:|1660710178\n|move|p1a: Magnezone|Flash Cannon|p2a: Landorus\n|-damage|p2a: Landorus|0 fnt\n|faint|p2a: Landorus\n|\n|-weather|Hail|[upkeep]\n|-damage|p1a: Magnezone|82\/100|[from] Hail\n|upkeep\n|\n|t:|1660710182\n|switch|p2a: Volcanion|Volcanion|100\/100\n|-damage|p2a: Volcanion|76\/100|[from] Stealth Rock\n|turn|14\n|\n|t:|1660710186\n|move|p2a: Volcanion|Flamethrower|p1a: Magnezone\n|-supereffective|p1a: Magnezone\n|-damage|p1a: Magnezone|0 fnt\n|faint|p1a: Magnezone\n|\n|-weather|Hail|[upkeep]\n|-damage|p2a: Volcanion|70\/100|[from] Hail\n|upkeep\n|\n|t:|1660710192\n|switch|p1a: Salamence|Salamence, F|100\/100\n|turn|15\n|\n|t:|1660710197\n|move|p1a: Salamence|Dragon Dance|p1a: Salamence\n|-boost|p1a: Salamence|atk|1\n|-boost|p1a: Salamence|spe|1\n|move|p2a: Volcanion|Flamethrower|p1a: Salamence\n|-resisted|p1a: Salamence\n|-damage|p1a: Salamence|55\/100\n|\n|-weather|Hail|[upkeep]\n|-damage|p1a: Salamence|49\/100|[from] Hail\n|-damage|p2a: Volcanion|64\/100|[from] Hail\n|upkeep\n|turn|16\n|\n|t:|1660710202\n|move|p1a: Salamence|Earthquake|p2a: Volcanion\n|-supereffective|p2a: Volcanion\n|-damage|p2a: Volcanion|0 fnt\n|faint|p2a: Volcanion\n|-ability|p1a: Salamence|Moxie|boost\n|-boost|p1a: Salamence|atk|1\n|\n|-weather|none\n|-sideend|p1: RTSG tests|Reflect\n|upkeep\n|\n|t:|1660710206\n|switch|p2a: Ninetales|Ninetales-Alola, M|76\/100\n|-damage|p2a: Ninetales|51\/100|[from] Stealth Rock\n|-weather|Hail|[from] ability: Snow Warning|[of] p2a: Ninetales\n|turn|17\n|\n|t:|1660710209\n|move|p1a: Salamence|Earthquake|p2a: Ninetales\n|-damage|p2a: Ninetales|0 fnt\n|faint|p2a: Ninetales\n|-ability|p1a: Salamence|Moxie|boost\n|-boost|p1a: Salamence|atk|1\n|\n|-weather|Hail|[upkeep]\n|-damage|p1a: Salamence|42\/100|[from] Hail\n|upkeep\n|\n|t:|1660710210\n|switch|p2a: Arctozolt|Arctozolt|68\/100\n|-damage|p2a: Arctozolt|43\/100|[from] Stealth Rock\n|turn|18\n|\n|t:|1660710213\n|move|p1a: Salamence|Earthquake|p2a: Arctozolt\n|-supereffective|p2a: Arctozolt\n|-damage|p2a: Arctozolt|0 fnt\n|faint|p2a: Arctozolt\n|-ability|p1a: Salamence|Moxie|boost\n|-boost|p1a: Salamence|atk|1\n|\n|-weather|Hail|[upkeep]\n|-damage|p1a: Salamence|36\/100|[from] Hail\n|upkeep\n|-message|LT93OQ Fa forfeited.\n|\n|win|RTSG tests\n|raw|RTSG tests's rating: 1660 &rarr; <strong>1688<\/strong><br \/>(+28 for winning)\n|raw|LT93OQ Fa's rating: 1806 &rarr; <strong>1778<\/strong><br \/>(-28 for losing)\n|l|\u2606LT93OQ Fa\n|j| Tzeitzki + Plasma\n||Ladder isn't responding, score probably updated but might not have (Request timeout).\n","uploadtime":1660710219,"views":7,"p1id":"rtsgtests","p2id":"lt93oqfa","formatid":"gen8ou","rating":1688,"private":0,"password":null}