{"id":"gen8bdspou-1516767289","p1":"Hedeki","p2":"wolfwarrior","format":"gen8bdspou","log":"|j|\u2606Hedeki\n|j|\u2606wolfwarrior\n|t:|1645575101\n|gametype|singles\n|player|p1|Hedeki|pokemaniac|1254\n|player|p2|wolfwarrior|265|1309\n|teamsize|p1|6\n|teamsize|p2|6\n|gen|8\n|tier|[Gen 8 BDSP] OU\n|rated|\n|rule|Sleep Clause Mod: Limit one foe put to sleep\n|rule|Species Clause: Limit one of each Pok\u00e9mon\n|rule|OHKO Clause: OHKO moves are banned\n|rule|Evasion Moves Clause: Evasion moves are banned\n|rule|Endless Battle Clause: Forcing endless battles is banned\n|rule|HP Percentage Mod: HP is shown in percentages\n|clearpoke\n|poke|p1|Abomasnow, M|\n|poke|p1|Dragonite, F|\n|poke|p1|Breloom, M|\n|poke|p1|Drapion, F|\n|poke|p1|Heatran, F|\n|poke|p1|Azumarill, M|\n|poke|p2|Infernape, F|\n|poke|p2|Tyranitar, M|\n|poke|p2|Starmie|\n|poke|p2|Azelf|\n|poke|p2|Rotom-Wash|\n|poke|p2|Scizor, M|\n|teampreview\n|inactive|Battle timer is ON: inactive players will automatically lose when time's up. (requested by wolfwarrior)\n|\n|t:|1645575106\n|start\n|switch|p1a: Jeong Jeong|Heatran, F|100\/100\n|switch|p2a: Infernape|Infernape, F|100\/100\n|turn|1\n|\n|t:|1645575109\n|move|p2a: Infernape|U-turn|p1a: Jeong Jeong\n|-resisted|p1a: Jeong Jeong\n|-damage|p1a: Jeong Jeong|96\/100\n|\n|t:|1645575113\n|switch|p2a: Rotom|Rotom-Wash|100\/100|[from]move: U-turn\n|move|p1a: Jeong Jeong|Taunt|p2a: Rotom\n|-start|p2a: Rotom|move: Taunt\n|\n|-heal|p1a: Jeong Jeong|100\/100|[from] item: Leftovers\n|upkeep\n|turn|2\n|\n|t:|1645575117\n|move|p2a: Rotom|Hydro Pump|p1a: Jeong Jeong\n|-supereffective|p1a: Jeong Jeong\n|-damage|p1a: Jeong Jeong|35\/100\n|move|p1a: Jeong Jeong|Stealth Rock|p2a: Rotom\n|-sidestart|p2: wolfwarrior|move: Stealth Rock\n|\n|-heal|p1a: Jeong Jeong|41\/100|[from] item: Leftovers\n|upkeep\n|turn|3\n|\n|t:|1645575126\n|switch|p2a: Infernape|Infernape, F|100\/100\n|-damage|p2a: Infernape|88\/100|[from] Stealth Rock\n|move|p1a: Jeong Jeong|Magma Storm|p2a: Infernape\n|-resisted|p2a: Infernape\n|-damage|p2a: Infernape|56\/100\n|-activate|p2a: Infernape|move: Magma Storm|[of] p1a: Jeong Jeong\n|\n|-heal|p1a: Jeong Jeong|48\/100|[from] item: Leftovers\n|-damage|p2a: Infernape|44\/100|[from] move: Magma Storm|[partiallytrapped]\n|upkeep\n|turn|4\n|\n|t:|1645575137\n|switch|p1a: Uncle Iroh|Dragonite, F|100\/100\n|move|p2a: Infernape|U-turn|p1a: Uncle Iroh\n|-resisted|p1a: Uncle Iroh\n|-damage|p1a: Uncle Iroh|95\/100\n|\n|t:|1645575148\n|switch|p2a: Starmie|Starmie|100\/100|[from]move: U-turn\n|-damage|p2a: Starmie|88\/100|[from] Stealth Rock\n|\n|upkeep\n|turn|5\n|\n|t:|1645575152\n|switch|p1a: Fung|Abomasnow, M|100\/100\n|-weather|Hail|[from] ability: Snow Warning|[of] p1a: Fung\n|move|p2a: Starmie|Ice Beam|p1a: Fung\n|-damage|p1a: Fung|65\/100\n|\n|-weather|Hail|[upkeep]\n|-damage|p2a: Starmie|82\/100|[from] Hail\n|upkeep\n|turn|6\n|\n|t:|1645575159\n|switch|p2a: Scizor|Scizor, M|100\/100\n|-damage|p2a: Scizor|88\/100|[from] Stealth Rock\n|move|p1a: Fung|Aurora Veil|p1a: Fung\n|-sidestart|p1: Hedeki|move: Aurora Veil\n|\n|-weather|Hail|[upkeep]\n|-damage|p2a: Scizor|82\/100|[from] Hail\n|-heal|p2a: Scizor|88\/100|[from] item: Leftovers\n|upkeep\n|turn|7\n|\n|t:|1645575168\n|switch|p1a: Jeong Jeong|Heatran, F|48\/100\n|move|p2a: Scizor|U-turn|p1a: Jeong Jeong\n|-resisted|p1a: Jeong Jeong\n|-damage|p1a: Jeong Jeong|43\/100\n|\n|t:|1645575176\n|switch|p2a: Starmie|Starmie|82\/100|[from]move: U-turn\n|-damage|p2a: Starmie|70\/100|[from] Stealth Rock\n|\n|-weather|Hail|[upkeep]\n|-damage|p2a: Starmie|64\/100|[from] Hail\n|-damage|p1a: Jeong Jeong|37\/100|[from] Hail\n|-heal|p1a: Jeong Jeong|43\/100|[from] item: Leftovers\n|upkeep\n|turn|8\n|\n|t:|1645575191\n|switch|p1a: Piandao|Drapion, F|100\/100\n|move|p2a: Starmie|Hydro Pump|p1a: Piandao\n|-damage|p1a: Piandao|50\/100\n|\n|-weather|Hail|[upkeep]\n|-damage|p2a: Starmie|58\/100|[from] Hail\n|-damage|p1a: Piandao|44\/100|[from] Hail\n|-heal|p1a: Piandao|50\/100|[from] item: Leftovers\n|upkeep\n|turn|9\n|inactive|wolfwarrior has 120 seconds left.\n|\n|t:|1645575246\n|switch|p1a: Fung|Abomasnow, M|65\/100\n|move|p2a: Starmie|Hydro Pump|p1a: Fung|[miss]\n|-miss|p2a: Starmie|p1a: Fung\n|\n|-weather|none\n|upkeep\n|turn|10\n|inactive|Hedeki has 120 seconds left.\n|\n|t:|1645575286\n|switch|p2a: Scizor|Scizor, M|88\/100\n|-damage|p2a: Scizor|76\/100|[from] Stealth Rock\n|move|p1a: Fung|Giga Drain|p2a: Scizor\n|-resisted|p2a: Scizor\n|-damage|p2a: Scizor|70\/100\n|-heal|p1a: Fung|68\/100|[from] drain|[of] p2a: Scizor\n|\n|-heal|p2a: Scizor|76\/100|[from] item: Leftovers\n|upkeep\n|turn|11\n|inactive|Hedeki has 120 seconds left.\n|\n|t:|1645575294\n|move|p2a: Scizor|U-turn|p1a: Fung\n|-supereffective|p1a: Fung\n|-damage|p1a: Fung|37\/100\n|\n|t:|1645575303\n|switch|p2a: Tyranitar|Tyranitar, M|100\/100|[from]move: U-turn\n|-damage|p2a: Tyranitar|88\/100|[from] Stealth Rock\n|-weather|Sandstorm|[from] ability: Sand Stream|[of] p2a: Tyranitar\n|move|p1a: Fung|Leech Seed|p2a: Tyranitar\n|-start|p2a: Tyranitar|move: Leech Seed\n|\n|-weather|Sandstorm|[upkeep]\n|-damage|p1a: Fung|31\/100|[from] Sandstorm\n|-damage|p2a: Tyranitar|76\/100|[from] Leech Seed|[of] p1a: Fung\n|-heal|p1a: Fung|42\/100|[silent]\n|upkeep\n|turn|12\n|inactive|wolfwarrior has 90 seconds left.\n|inactive|wolfwarrior has 60 seconds left.\n|inactive|wolfwarrior has 30 seconds left.\n|inactive|wolfwarrior has 20 seconds left.\n|inactive|wolfwarrior has 15 seconds left.\n|\n|t:|1645575403\n|switch|p1a: Jeong Jeong|Heatran, F|43\/100\n|move|p2a: Tyranitar|Stone Edge|p1a: Jeong Jeong\n|-crit|p1a: Jeong Jeong\n|-damage|p1a: Jeong Jeong|0 fnt\n|faint|p1a: Jeong Jeong\n|-damage|p2a: Tyranitar|66\/100|[from] item: Life Orb\n|\n|-weather|Sandstorm|[upkeep]\n|upkeep\n|inactive|wolfwarrior has 20 seconds left this turn.\n|inactive|Hedeki has 120 seconds left.\n|\n|t:|1645575431\n|switch|p1a: King Bumi|Breloom, M|100\/100\n|turn|13\n|inactive|wolfwarrior has 30 seconds left this turn.\n|\n|t:|1645575434\n|move|p2a: Tyranitar|Ice Beam|p1a: King Bumi\n|-supereffective|p1a: King Bumi\n|-damage|p1a: King Bumi|57\/100\n|-damage|p2a: Tyranitar|56\/100|[from] item: Life Orb\n|move|p1a: King Bumi|Spore|p2a: Tyranitar\n|-status|p2a: Tyranitar|slp|[from] move: Spore\n|\n|-weather|Sandstorm|[upkeep]\n|-damage|p1a: King Bumi|50\/100|[from] Sandstorm\n|-damage|p2a: Tyranitar|44\/100 slp|[from] Leech Seed|[of] p1a: King Bumi\n|-heal|p1a: King Bumi|65\/100|[silent]\n|-sideend|p1: Hedeki|move: Aurora Veil\n|-status|p1a: King Bumi|tox|[from] item: Toxic Orb\n|upkeep\n|turn|14\n|inactive|Hedeki has 120 seconds left.\n|\n|t:|1645575443\n|switch|p2a: Scizor|Scizor, M|76\/100\n|-damage|p2a: Scizor|63\/100|[from] Stealth Rock\n|move|p1a: King Bumi|Substitute|p1a: King Bumi\n|-start|p1a: King Bumi|Substitute\n|-damage|p1a: King Bumi|40\/100 tox\n|\n|-weather|Sandstorm|[upkeep]\n|-damage|p1a: King Bumi|34\/100 tox|[from] Sandstorm\n|-heal|p2a: Scizor|69\/100|[from] item: Leftovers\n|-heal|p1a: King Bumi|46\/100 tox|[from] ability: Poison Heal\n|upkeep\n|turn|15\n|\n|t:|1645575446\n|-singleturn|p1a: King Bumi|move: Focus Punch\n|move|p2a: Scizor|U-turn|p1a: King Bumi\n|-end|p1a: King Bumi|Substitute\n|\n|t:|1645575452\n|switch|p2a: Tyranitar|Tyranitar, M|44\/100 slp|[from]move: U-turn\n|-damage|p2a: Tyranitar|31\/100 slp|[from] Stealth Rock\n|move|p1a: King Bumi|Focus Punch|p2a: Tyranitar\n|-supereffective|p2a: Tyranitar\n|-damage|p2a: Tyranitar|0 fnt\n|faint|p2a: Tyranitar\n|\n|-weather|none\n|-heal|p1a: King Bumi|59\/100 tox|[from] ability: Poison Heal\n|upkeep\n|\n|t:|1645575459\n|switch|p2a: Starmie|Starmie|58\/100\n|-damage|p2a: Starmie|46\/100|[from] Stealth Rock\n|turn|16\n|\n|t:|1645575471\n|move|p2a: Starmie|Ice Beam|p1a: King Bumi\n|-supereffective|p1a: King Bumi\n|-damage|p1a: King Bumi|0 fnt\n|faint|p1a: King Bumi\n|\n|upkeep\n|\n|t:|1645575476\n|switch|p1a: Fung|Abomasnow, M|42\/100\n|-weather|Hail|[from] ability: Snow Warning|[of] p1a: Fung\n|turn|17\n|inactive|wolfwarrior has 60 seconds left.\n|\n|t:|1645575492\n|move|p2a: Starmie|Psychic|p1a: Fung\n|-damage|p1a: Fung|4\/100\n|move|p1a: Fung|Aurora Veil|p1a: Fung\n|-sidestart|p1: Hedeki|move: Aurora Veil\n|\n|-weather|Hail|[upkeep]\n|-damage|p2a: Starmie|39\/100|[from] Hail\n|upkeep\n|turn|18\n|\n|t:|1645575503\n|move|p2a: Starmie|Ice Beam|p1a: Fung\n|-damage|p1a: Fung|0 fnt\n|faint|p1a: Fung\n|\n|-weather|Hail|[upkeep]\n|-damage|p2a: Starmie|33\/100|[from] Hail\n|upkeep\n|\n|t:|1645575515\n|switch|p1a: Uncle Iroh|Dragonite, F|95\/100\n|turn|19\n|\n|t:|1645575518\n|move|p1a: Uncle Iroh|Extreme Speed|p2a: Starmie\n|-damage|p2a: Starmie|0 fnt\n|faint|p2a: Starmie\n|\n|-weather|Hail|[upkeep]\n|-damage|p1a: Uncle Iroh|89\/100|[from] Hail\n|upkeep\n|\n|t:|1645575531\n|switch|p2a: Rotom|Rotom-Wash|100\/100\n|-damage|p2a: Rotom|88\/100|[from] Stealth Rock\n|turn|20\n|\n|t:|1645575537\n|move|p2a: Rotom|Will-O-Wisp|p1a: Uncle Iroh\n|-status|p1a: Uncle Iroh|brn\n|-enditem|p1a: Uncle Iroh|Lum Berry|[eat]\n|-curestatus|p1a: Uncle Iroh|brn|[msg]\n|move|p1a: Uncle Iroh|Dragon Dance|p1a: Uncle Iroh\n|-boost|p1a: Uncle Iroh|atk|1\n|-boost|p1a: Uncle Iroh|spe|1\n|\n|-weather|Hail|[upkeep]\n|-damage|p2a: Rotom|82\/100|[from] Hail\n|-damage|p1a: Uncle Iroh|83\/100|[from] Hail\n|upkeep\n|turn|21\n|\n|t:|1645575548\n|move|p2a: Rotom|Will-O-Wisp|p1a: Uncle Iroh\n|-status|p1a: Uncle Iroh|brn\n|move|p1a: Uncle Iroh|Outrage|p2a: Rotom\n|-damage|p2a: Rotom|6\/100\n|\n|-weather|none\n|-damage|p1a: Uncle Iroh|77\/100 brn|[from] brn\n|upkeep\n|turn|22\n|\n|t:|1645575557\n|move|p2a: Rotom|Will-O-Wisp|p1a: Uncle Iroh\n|-fail|p1a: Uncle Iroh|brn\n|move|p1a: Uncle Iroh|Outrage|p2a: Rotom|[from]lockedmove\n|-damage|p2a: Rotom|0 fnt\n|faint|p2a: Rotom\n|\n|-damage|p1a: Uncle Iroh|70\/100 brn|[from] brn\n|upkeep\n|\n|t:|1645575563\n|switch|p2a: Scizor|Scizor, M|69\/100\n|-damage|p2a: Scizor|57\/100|[from] Stealth Rock\n|turn|23\n|\n|t:|1645575566\n|move|p1a: Uncle Iroh|Outrage|p2a: Scizor|[from]lockedmove\n|-resisted|p2a: Scizor\n|-damage|p2a: Scizor|24\/100\n|-start|p1a: Uncle Iroh|confusion|[fatigue]\n|move|p2a: Scizor|Swords Dance|p2a: Scizor\n|-boost|p2a: Scizor|atk|2\n|\n|-heal|p2a: Scizor|30\/100|[from] item: Leftovers\n|-damage|p1a: Uncle Iroh|64\/100 brn|[from] brn\n|upkeep\n|turn|24\n|\n|t:|1645575575\n|move|p2a: Scizor|Bullet Punch|p1a: Uncle Iroh\n|-damage|p1a: Uncle Iroh|25\/100 brn\n|-activate|p1a: Uncle Iroh|confusion\n|move|p1a: Uncle Iroh|Outrage|p2a: Scizor\n|-resisted|p2a: Scizor\n|-damage|p2a: Scizor|0 fnt\n|faint|p2a: Scizor\n|\n|-damage|p1a: Uncle Iroh|19\/100 brn|[from] brn\n|-sideend|p1: Hedeki|move: Aurora Veil\n|upkeep\n|inactive|wolfwarrior has 90 seconds left.\n|\n|t:|1645575603\n|switch|p2a: Azelf|Azelf|100\/100\n|-damage|p2a: Azelf|88\/100|[from] Stealth Rock\n|turn|25\n|\n|t:|1645575609\n|-activate|p1a: Uncle Iroh|confusion\n|-damage|p1a: Uncle Iroh|0 fnt|[from] confusion\n|faint|p1a: Uncle Iroh\n|move|p2a: Azelf|Thunderbolt|p1: Uncle Iroh|[notarget]\n|-fail|p2a: Azelf\n|\n|upkeep\n|\n|t:|1645575619\n|switch|p1a: Piandao|Drapion, F|50\/100\n|turn|26\n|\n|t:|1645575626\n|move|p2a: Azelf|Flamethrower|p1a: Piandao\n|-damage|p1a: Piandao|5\/100\n|move|p1a: Piandao|Knock Off|p2a: Azelf\n|-supereffective|p2a: Azelf\n|-damage|p2a: Azelf|0 fnt\n|-enditem|p2a: Azelf|Expert Belt|[from] move: Knock Off|[of] p1a: Piandao\n|faint|p2a: Azelf\n|\n|-heal|p1a: Piandao|11\/100|[from] item: Leftovers\n|upkeep\n|-message|wolfwarrior forfeited.\n|\n|win|Hedeki\n|raw|Hedeki's rating: 1254 &rarr; <strong>1283<\/strong><br \/>(+29 for winning)\n|raw|wolfwarrior's rating: 1309 &rarr; <strong>1286<\/strong><br \/>(-23 for losing)\n|l|\u2606wolfwarrior\n||Ladder isn't responding, score probably updated but might not have (Request timeout).\n","uploadtime":1645575640,"views":13,"p1id":"hedeki","p2id":"wolfwarrior","formatid":"gen8bdspou","rating":1283,"private":0,"password":null}