{"id":"gen8ru-1679518162","p1":"quinlanding","p2":"MurderousMantyke","format":"gen8ru","log":"|j|\u2606quinlanding\n|j|\u2606MurderousMantyke\n|t:|1665096490\n|gametype|singles\n|player|p1|quinlanding|101|1340\n|player|p2|MurderousMantyke|#helpstaffxmas|1347\n|teamsize|p1|6\n|teamsize|p2|6\n|gen|8\n|tier|[Gen 8] RU\n|rated|\n|rule|Sleep Clause Mod: Limit one foe put to sleep\n|rule|Species Clause: Limit one of each Pok\u00e9mon\n|rule|OHKO Clause: OHKO moves are banned\n|rule|Evasion Items Clause: Evasion items are banned\n|rule|Evasion Moves Clause: Evasion moves are banned\n|rule|Endless Battle Clause: Forcing endless battles is banned\n|rule|HP Percentage Mod: HP is shown in percentages\n|rule|Dynamax Clause: You cannot dynamax\n|clearpoke\n|poke|p1|Suicune|\n|poke|p1|Metagross|\n|poke|p1|Rhyperior, M|\n|poke|p1|Golisopod, M|\n|poke|p1|Jolteon, F|\n|poke|p1|Porygon2|\n|poke|p2|Golisopod, M|\n|poke|p2|Sneasel, F|\n|poke|p2|Steelix, F|\n|poke|p2|Roserade, M|\n|poke|p2|Crobat, F|\n|poke|p2|Incineroar, F|\n|teampreview\n|c|\u2606MurderousMantyke|hf\n|\n|t:|1665096517\n|start\n|switch|p1a: Hairy Podder|Golisopod, M|100\/100\n|switch|p2a: Incineroar|Incineroar, F|100\/100\n|-ability|p2a: Incineroar|Intimidate|boost\n|-unboost|p1a: Hairy Podder|atk|1\n|turn|1\n|\n|t:|1665096525\n|switch|p2a: Crobat|Crobat, F|100\/100\n|move|p1a: Hairy Podder|Knock Off|p2a: Crobat\n|-damage|p2a: Crobat|81\/100\n|-enditem|p2a: Crobat|Heavy-Duty Boots|[from] move: Knock Off|[of] p1a: Hairy Podder\n|\n|upkeep\n|turn|2\n|\n|t:|1665096539\n|switch|p1a: Nick's Cannons|Rhyperior, M|100\/100\n|move|p2a: Crobat|U-turn|p1a: Nick's Cannons\n|-damage|p1a: Nick's Cannons|93\/100\n|\n|t:|1665096543\n|switch|p2a: Roserade|Roserade, M|100\/100|[from]move: U-turn\n|\n|upkeep\n|turn|3\n|\n|t:|1665096549\n|move|p2a: Roserade|Spikes|p1a: Nick's Cannons\n|-sidestart|p1: quinlanding|Spikes\n|move|p1a: Nick's Cannons|Earthquake|p2a: Roserade\n|-damage|p2a: Roserade|46\/100\n|\n|upkeep\n|turn|4\n|\n|t:|1665096567\n|switch|p1a: Got the Download|Porygon2|100\/100\n|-damage|p1a: Got the Download|88\/100|[from] Spikes\n|-ability|p1a: Got the Download|Download|boost\n|-boost|p1a: Got the Download|atk|1\n|move|p2a: Roserade|Grass Knot|p1a: Got the Download\n|-damage|p1a: Got the Download|71\/100\n|\n|upkeep\n|turn|5\n|\n|t:|1665096578\n|move|p2a: Roserade|Synthesis|p2a: Roserade\n|-heal|p2a: Roserade|96\/100\n|move|p1a: Got the Download|Tri Attack|p2a: Roserade\n|-damage|p2a: Roserade|54\/100\n|\n|upkeep\n|turn|6\n|\n|t:|1665096583\n|switch|p2a: Incineroar|Incineroar, F|100\/100\n|-ability|p2a: Incineroar|Intimidate|boost\n|-unboost|p1a: Got the Download|atk|1\n|move|p1a: Got the Download|Ice Beam|p2a: Incineroar\n|-resisted|p2a: Incineroar\n|-damage|p2a: Incineroar|90\/100\n|\n|upkeep\n|turn|7\n|\n|t:|1665096588\n|switch|p1a: Hairy Podder|Golisopod, M|100\/100\n|-damage|p1a: Hairy Podder|88\/100|[from] Spikes\n|move|p2a: Incineroar|Knock Off|p1a: Hairy Podder\n|-damage|p1a: Hairy Podder|65\/100\n|-damage|p2a: Incineroar|74\/100|[from] item: Rocky Helmet|[of] p1a: Hairy Podder\n|-enditem|p1a: Hairy Podder|Rocky Helmet|[from] move: Knock Off|[of] p2a: Incineroar\n|\n|upkeep\n|turn|8\n|\n|t:|1665096613\n|switch|p1a: Bass Boosted|Suicune|100\/100\n|-damage|p1a: Bass Boosted|88\/100|[from] Spikes\n|move|p2a: Incineroar|U-turn|p1a: Bass Boosted\n|-damage|p1a: Bass Boosted|74\/100\n|\n|t:|1665096617\n|switch|p2a: Roserade|Roserade, M|54\/100|[from]move: U-turn\n|\n|upkeep\n|turn|9\n|\n|t:|1665096631\n|move|p2a: Roserade|Spikes|p1a: Bass Boosted\n|-sidestart|p1: quinlanding|Spikes\n|move|p1a: Bass Boosted|Mirror Coat||[still]\n|-fail|p1a: Bass Boosted\n|\n|upkeep\n|turn|10\n|\n|t:|1665096636\n|switch|p1a: King Kunta|Metagross|100\/100\n|-damage|p1a: King Kunta|84\/100|[from] Spikes\n|move|p2a: Roserade|Synthesis|p2a: Roserade\n|-heal|p2a: Roserade|100\/100\n|\n|-heal|p1a: King Kunta|90\/100|[from] item: Leftovers\n|upkeep\n|turn|11\n|\n|t:|1665096640\n|switch|p2a: Incineroar|Incineroar, F|74\/100\n|-ability|p2a: Incineroar|Intimidate|boost\n|-fail|p1a: King Kunta|unboost|[from] ability: Clear Body|[of] p1a: King Kunta\n|move|p1a: King Kunta|Cosmic Power|p1a: King Kunta\n|-boost|p1a: King Kunta|def|1\n|-boost|p1a: King Kunta|spd|1\n|\n|-heal|p1a: King Kunta|96\/100|[from] item: Leftovers\n|upkeep\n|turn|12\n|\n|t:|1665096643\n|move|p1a: King Kunta|Cosmic Power|p1a: King Kunta\n|-boost|p1a: King Kunta|def|1\n|-boost|p1a: King Kunta|spd|1\n|move|p2a: Incineroar|Knock Off|p1a: King Kunta\n|-supereffective|p1a: King Kunta\n|-damage|p1a: King Kunta|68\/100\n|-enditem|p1a: King Kunta|Leftovers|[from] move: Knock Off|[of] p2a: Incineroar\n|\n|upkeep\n|turn|13\n|\n|t:|1665096646\n|move|p1a: King Kunta|Body Press|p2a: Incineroar\n|-supereffective|p2a: Incineroar\n|-damage|p2a: Incineroar|0 fnt\n|faint|p2a: Incineroar\n|\n|upkeep\n|\n|t:|1665096652\n|switch|p2a: Golisopod|Golisopod, M|100\/100\n|turn|14\n|\n|t:|1665096656\n|move|p1a: King Kunta|Cosmic Power|p1a: King Kunta\n|-boost|p1a: King Kunta|def|1\n|-boost|p1a: King Kunta|spd|1\n|move|p2a: Golisopod|Leech Life|p1a: King Kunta\n|-damage|p1a: King Kunta|55\/100\n|\n|upkeep\n|turn|15\n|\n|t:|1665096660\n|move|p1a: King Kunta|Psycho Cut|p2a: Golisopod\n|-damage|p2a: Golisopod|78\/100\n|move|p2a: Golisopod|Swords Dance|p2a: Golisopod\n|-boost|p2a: Golisopod|atk|2\n|\n|upkeep\n|turn|16\n|\n|t:|1665096665\n|move|p1a: King Kunta|Body Press|p2a: Golisopod\n|-resisted|p2a: Golisopod\n|-damage|p2a: Golisopod|54\/100\n|move|p2a: Golisopod|Leech Life|p1a: King Kunta\n|-damage|p1a: King Kunta|30\/100\n|-heal|p2a: Golisopod|69\/100|[from] drain|[of] p1a: King Kunta\n|\n|upkeep\n|turn|17\n|\n|t:|1665096670\n|move|p1a: King Kunta|Psycho Cut|p2a: Golisopod\n|-crit|p2a: Golisopod\n|-damage|p2a: Golisopod|31\/100\n|-activate|p2a: Golisopod|ability: Emergency Exit\n|\n|t:|1665096677\n|switch|p2a: Sneasel|Sneasel, F|100\/100\n|\n|upkeep\n|turn|18\n|\n|t:|1665096681\n|move|p2a: Sneasel|Knock Off|p1a: King Kunta\n|-supereffective|p1a: King Kunta\n|-damage|p1a: King Kunta|10\/100\n|move|p1a: King Kunta|Body Press|p2a: Sneasel\n|-supereffective|p2a: Sneasel\n|-damage|p2a: Sneasel|0 fnt\n|faint|p2a: Sneasel\n|\n|upkeep\n|\n|t:|1665096688\n|switch|p2a: Roserade|Roserade, M|100\/100\n|turn|19\n|\n|t:|1665096691\n|move|p2a: Roserade|Grass Knot|p1a: King Kunta\n|-resisted|p1a: King Kunta\n|-damage|p1a: King Kunta|4\/100\n|move|p1a: King Kunta|Psycho Cut|p2a: Roserade\n|-supereffective|p2a: Roserade\n|-damage|p2a: Roserade|41\/100\n|\n|upkeep\n|turn|20\n|\n|t:|1665096698\n|move|p2a: Roserade|Grass Knot|p1a: King Kunta\n|-resisted|p1a: King Kunta\n|-damage|p1a: King Kunta|0 fnt\n|faint|p1a: King Kunta\n|\n|upkeep\n|\n|t:|1665096717\n|switch|p1a: Got the Download|Porygon2|71\/100\n|-damage|p1a: Got the Download|55\/100|[from] Spikes\n|-ability|p1a: Got the Download|Download|boost\n|-boost|p1a: Got the Download|atk|1\n|turn|21\n|\n|t:|1665096725\n|move|p2a: Roserade|Synthesis|p2a: Roserade\n|-heal|p2a: Roserade|91\/100\n|move|p1a: Got the Download|Recover|p1a: Got the Download\n|-heal|p1a: Got the Download|100\/100\n|\n|upkeep\n|turn|22\n|\n|t:|1665096728\n|move|p2a: Roserade|Sludge Bomb|p1a: Got the Download\n|-damage|p1a: Got the Download|77\/100\n|move|p1a: Got the Download|Tri Attack|p2a: Roserade\n|-damage|p2a: Roserade|51\/100\n|\n|upkeep\n|turn|23\n|\n|t:|1665096731\n|move|p2a: Roserade|Sludge Bomb|p1a: Got the Download\n|-damage|p1a: Got the Download|52\/100\n|-status|p1a: Got the Download|psn\n|move|p1a: Got the Download|Ice Beam|p2a: Roserade\n|-supereffective|p2a: Roserade\n|-damage|p2a: Roserade|0 fnt\n|faint|p2a: Roserade\n|\n|-damage|p1a: Got the Download|40\/100 psn|[from] psn\n|upkeep\n|\n|t:|1665096739\n|switch|p2a: Crobat|Crobat, F|81\/100\n|turn|24\n|\n|t:|1665096742\n|move|p2a: Crobat|Taunt|p1a: Got the Download\n|-start|p1a: Got the Download|move: Taunt\n|move|p1a: Got the Download|Thunderbolt|p2a: Crobat\n|-supereffective|p2a: Crobat\n|-damage|p2a: Crobat|18\/100\n|\n|-damage|p1a: Got the Download|28\/100 psn|[from] psn\n|upkeep\n|turn|25\n|\n|t:|1665096749\n|move|p2a: Crobat|Roost|p2a: Crobat\n|-heal|p2a: Crobat|68\/100\n|-singleturn|p2a: Crobat|move: Roost\n|move|p1a: Got the Download|Tri Attack|p2a: Crobat\n|-damage|p2a: Crobat|23\/100\n|\n|-damage|p1a: Got the Download|15\/100 psn|[from] psn\n|upkeep\n|turn|26\n|\n|t:|1665096753\n|move|p2a: Crobat|Roost|p2a: Crobat\n|-heal|p2a: Crobat|73\/100\n|-singleturn|p2a: Crobat|move: Roost\n|move|p1a: Got the Download|Tri Attack|p2a: Crobat\n|-damage|p2a: Crobat|25\/100\n|\n|-damage|p1a: Got the Download|3\/100 psn|[from] psn\n|-end|p1a: Got the Download|move: Taunt\n|upkeep\n|turn|27\n|\n|t:|1665096757\n|move|p2a: Crobat|Brave Bird|p1a: Got the Download\n|-damage|p1a: Got the Download|0 fnt\n|faint|p1a: Got the Download\n|-damage|p2a: Crobat|24\/100|[from] Recoil\n|\n|upkeep\n|\n|t:|1665096761\n|switch|p1a: Pin Missle|Jolteon, F|100\/100\n|-damage|p1a: Pin Missle|84\/100|[from] Spikes\n|turn|28\n|\n|t:|1665096766\n|switch|p2a: Steelix|Steelix, F|100\/100\n|move|p1a: Pin Missle|Hyper Voice|p2a: Steelix\n|-resisted|p2a: Steelix\n|-damage|p2a: Steelix|88\/100\n|\n|-heal|p2a: Steelix|94\/100|[from] item: Leftovers\n|upkeep\n|turn|29\n|\n|t:|1665096770\n|switch|p1a: Hairy Podder|Golisopod, M|65\/100\n|-damage|p1a: Hairy Podder|49\/100|[from] Spikes\n|-activate|p1a: Hairy Podder|ability: Emergency Exit\n|\n|t:|1665096774\n|switch|p1a: Nick's Cannons|Rhyperior, M|93\/100\n|-damage|p1a: Nick's Cannons|77\/100|[from] Spikes\n|move|p2a: Steelix|Toxic|p1a: Nick's Cannons\n|-status|p1a: Nick's Cannons|tox\n|\n|-heal|p2a: Steelix|100\/100|[from] item: Leftovers\n|-damage|p1a: Nick's Cannons|70\/100 tox|[from] psn\n|upkeep\n|turn|30\n|\n|t:|1665096781\n|switch|p2a: Crobat|Crobat, F|24\/100\n|move|p1a: Nick's Cannons|Rock Blast|p2a: Crobat\n|-supereffective|p2a: Crobat\n|-damage|p2a: Crobat|0 fnt\n|faint|p2a: Crobat\n|-hitcount|p2: Crobat|1\n|\n|-damage|p1a: Nick's Cannons|58\/100 tox|[from] psn\n|upkeep\n|\n|t:|1665096784\n|switch|p2a: Golisopod|Golisopod, M|31\/100\n|turn|31\n|\n|t:|1665096787\n|move|p2a: Golisopod|Liquidation|p1a: Nick's Cannons\n|-supereffective|p1a: Nick's Cannons\n|-damage|p1a: Nick's Cannons|0 fnt\n|faint|p1a: Nick's Cannons\n|\n|upkeep\n|\n|t:|1665096792\n|switch|p1a: Pin Missle|Jolteon, F|84\/100\n|-damage|p1a: Pin Missle|67\/100|[from] Spikes\n|turn|32\n|\n|t:|1665096794\n|switch|p2a: Steelix|Steelix, F|100\/100\n|move|p1a: Pin Missle|Hyper Voice|p2a: Steelix\n|-resisted|p2a: Steelix\n|-damage|p2a: Steelix|87\/100\n|\n|-heal|p2a: Steelix|93\/100|[from] item: Leftovers\n|upkeep\n|turn|33\n|\n|t:|1665096804\n|switch|p1a: Hairy Podder|Golisopod, M|49\/100\n|-damage|p1a: Hairy Podder|32\/100|[from] Spikes\n|move|p2a: Steelix|Stealth Rock|p1a: Hairy Podder\n|-sidestart|p1: quinlanding|move: Stealth Rock\n|\n|-heal|p2a: Steelix|99\/100|[from] item: Leftovers\n|upkeep\n|turn|34\n|\n|t:|1665096808\n|switch|p2a: Golisopod|Golisopod, M|31\/100\n|move|p1a: Hairy Podder|Knock Off|p2a: Golisopod\n|-damage|p2a: Golisopod|7\/100\n|-enditem|p2a: Golisopod|Heavy-Duty Boots|[from] move: Knock Off|[of] p1a: Hairy Podder\n|\n|upkeep\n|turn|35\n|\n|t:|1665096811\n|move|p2a: Golisopod|First Impression|p1a: Hairy Podder\n|-damage|p1a: Hairy Podder|7\/100\n|move|p1a: Hairy Podder|Aqua Jet|p2a: Golisopod\n|-resisted|p2a: Golisopod\n|-damage|p2a: Golisopod|1\/100\n|\n|upkeep\n|turn|36\n|\n|t:|1665096815\n|move|p1a: Hairy Podder|Aqua Jet|p2a: Golisopod\n|-resisted|p2a: Golisopod\n|-crit|p2a: Golisopod\n|-damage|p2a: Golisopod|0 fnt\n|faint|p2a: Golisopod\n|\n|upkeep\n|\n|t:|1665096817\n|switch|p2a: Steelix|Steelix, F|99\/100\n|turn|37\n|\n|t:|1665096819\n|move|p1a: Hairy Podder|Endeavor|p2a: Steelix\n|-damage|p2a: Steelix|7\/100\n|move|p2a: Steelix|Earthquake|p1a: Hairy Podder\n|-resisted|p1a: Hairy Podder\n|-damage|p1a: Hairy Podder|0 fnt\n|faint|p1a: Hairy Podder\n|\n|-heal|p2a: Steelix|13\/100|[from] item: Leftovers\n|upkeep\n|\n|t:|1665096828\n|switch|p1a: Bass Boosted|Suicune|74\/100\n|-damage|p1a: Bass Boosted|58\/100|[from] Spikes\n|-damage|p1a: Bass Boosted|45\/100|[from] Stealth Rock\n|turn|38\n|\n|t:|1665096836\n|move|p1a: Bass Boosted|Ice Beam|p2a: Steelix\n|-damage|p2a: Steelix|0 fnt\n|faint|p2a: Steelix\n|\n|win|quinlanding\n|raw|quinlanding's rating: 1340 &rarr; <strong>1360<\/strong><br \/>(+20 for winning)\n|raw|MurderousMantyke's rating: 1347 &rarr; <strong>1327<\/strong><br \/>(-20 for losing)\n|c|\u2606quinlanding|gg\n|c|\u2606quinlanding|wp\n|c|\u2606MurderousMantyke|gg\n|l|\u2606MurderousMantyke\n|c|\u2606quinlanding|made me earn it for sure xD\n||Ladder isn't responding, score probably updated but might not have (Request timeout).\n","uploadtime":1665096850,"views":12,"p1id":"quinlanding","p2id":"murderousmantyke","formatid":"gen8ru","rating":1327,"private":0,"password":null}