{"id":"gen8ou-1232726472","p1":"Burnt Bright","p2":"Galarian_chansey","format":"gen8ou","log":"|j|\u2606Burnt Bright\n|j|\u2606Galarian_chansey\n|t:|1606516831\n|player|p1|Burnt Bright|parasollady-gen4|1836\n|player|p2|Galarian_chansey|132|1790\n|teamsize|p1|6\n|teamsize|p2|6\n|gametype|singles\n|gen|8\n|tier|[Gen 8] OU\n|rated|\n|clearpoke\n|poke|p1|Rillaboom, F|\n|poke|p1|Magearna|\n|poke|p1|Salamence, M|\n|poke|p1|Swampert, M|\n|poke|p1|Zeraora|\n|poke|p1|Cinderace, F|\n|poke|p2|Melmetal|\n|poke|p2|Landorus-Therian, M|\n|poke|p2|Urshifu-*, F|\n|poke|p2|Toxapex, M|\n|poke|p2|Clefable, F|\n|poke|p2|Tornadus-Therian, M|\n|rule|Sleep Clause Mod: Limit one foe put to sleep\n|rule|Species Clause: Limit one of each Pok\u00e9mon\n|rule|OHKO Clause: OHKO moves are banned\n|rule|Evasion Moves Clause: Evasion moves are banned\n|rule|Endless Battle Clause: Forcing endless battles is banned\n|rule|HP Percentage Mod: HP is shown in percentages\n|rule|Dynamax Clause: You cannot dynamax\n|teampreview\n|j| Defeat Antifa\n|inactive|Battle timer is ON: inactive players will automatically lose when time's up. (requested by Galarian_chansey)\n|\n|t:|1606516845\n|start\n|switch|p1a: Swampert|Swampert, M|100\/100\n|switch|p2a: Tornadus|Tornadus-Therian, M|100\/100\n|turn|1\n|j| biklad\n|\n|t:|1606516852\n|move|p2a: Tornadus|Nasty Plot|p2a: Tornadus\n|-boost|p2a: Tornadus|spa|2\n|move|p1a: Swampert|Flip Turn|p2a: Tornadus\n|-damage|p2a: Tornadus|74\/100\n|\n|t:|1606516855\n|switch|p1a: Zeraora|Zeraora|100\/100|[from]move: Flip Turn\n|\n|upkeep\n|turn|2\n|j| 0zorcNecropHADES\n|\n|t:|1606516863\n|move|p1a: Zeraora|Plasma Fists|p2a: Tornadus\n|-supereffective|p2a: Tornadus\n|-damage|p2a: Tornadus|0 fnt\n|-fieldactivate|move: Ion Deluge\n|faint|p2a: Tornadus\n|\n|upkeep\n|\n|t:|1606516868\n|switch|p2a: Toxapex|Toxapex, M|100\/100\n|turn|3\n|\n|t:|1606516871\n|move|p1a: Zeraora|Volt Switch|p2a: Toxapex\n|-supereffective|p2a: Toxapex\n|-damage|p2a: Toxapex|56\/100\n|\n|t:|1606516880\n|switch|p1a: Rillaboom|Rillaboom, F|100\/100|[from]move: Volt Switch\n|-fieldstart|move: Grassy Terrain|[from] ability: Grassy Surge|[of] p1a: Rillaboom\n|move|p2a: Toxapex|Toxic Spikes|p1a: Rillaboom\n|-sidestart|p1: Burnt Bright|move: Toxic Spikes\n|\n|-heal|p2a: Toxapex|63\/100|[from] item: Black Sludge\n|-heal|p2a: Toxapex|69\/100|[from] Grassy Terrain\n|upkeep\n|turn|4\n|\n|t:|1606516885\n|move|p1a: Rillaboom|U-turn|p2a: Toxapex\n|-resisted|p2a: Toxapex\n|-damage|p2a: Toxapex|58\/100\n|\n|t:|1606516888\n|switch|p1a: Magearna|Magearna|100\/100|[from]move: U-turn\n|move|p2a: Toxapex|Recover|p2a: Toxapex\n|-heal|p2a: Toxapex|100\/100\n|\n|upkeep\n|turn|5\n|\n|t:|1606516891\n|move|p1a: Magearna|Calm Mind|p1a: Magearna\n|-boost|p1a: Magearna|spa|1\n|-boost|p1a: Magearna|spd|1\n|move|p2a: Toxapex|Scald|p1a: Magearna\n|-damage|p1a: Magearna|91\/100\n|\n|-heal|p1a: Magearna|97\/100|[from] item: Leftovers\n|-heal|p1a: Magearna|100\/100|[from] Grassy Terrain\n|upkeep\n|turn|6\n|\n|t:|1606516894\n|switch|p2a: Clefable|Clefable, F|100\/100\n|move|p1a: Magearna|Calm Mind|p1a: Magearna\n|-boost|p1a: Magearna|spa|1\n|-boost|p1a: Magearna|spd|1\n|\n|upkeep\n|turn|7\n|\n|t:|1606516899\n|move|p1a: Magearna|Thunderbolt|p2a: Clefable\n|-damage|p2a: Clefable|76\/100\n|move|p2a: Clefable|Thunder Wave|p1a: Magearna\n|-status|p1a: Magearna|par\n|\n|-heal|p2a: Clefable|82\/100|[from] item: Leftovers\n|-heal|p2a: Clefable|88\/100|[from] Grassy Terrain\n|-fieldend|move: Grassy Terrain\n|upkeep\n|turn|8\n|\n|t:|1606516904\n|move|p2a: Clefable|Psych Up|p1a: Magearna\n|-copyboost|p2a: Clefable|p1a: Magearna|[from] move: Psych Up\n|move|p1a: Magearna|Calm Mind|p1a: Magearna\n|-boost|p1a: Magearna|spa|1\n|-boost|p1a: Magearna|spd|1\n|\n|-heal|p2a: Clefable|94\/100|[from] item: Leftovers\n|upkeep\n|turn|9\n|\n|t:|1606516919\n|switch|p1a: Cinderace|Cinderace, F|100\/100\n|move|p2a: Clefable|Moonblast|p1a: Cinderace\n|-resisted|p1a: Cinderace\n|-damage|p1a: Cinderace|57\/100\n|-unboost|p1a: Cinderace|spa|1\n|\n|-heal|p2a: Clefable|99\/100|[from] item: Leftovers\n|upkeep\n|turn|10\n|c| biklad|yoooo\n|\n|t:|1606516925\n|move|p1a: Cinderace|Pyro Ball|p2a: Clefable\n|-damage|p2a: Clefable|35\/100\n|move|p2a: Clefable|Thunder Wave|p1a: Cinderace\n|-status|p1a: Cinderace|par\n|\n|-heal|p2a: Clefable|41\/100|[from] item: Leftovers\n|upkeep\n|turn|11\n|j| Vessev\n|\n|t:|1606516933\n|switch|p2a: Toxapex|Toxapex, M|100\/100\n|move|p1a: Cinderace|Pyro Ball|p2a: Toxapex\n|-resisted|p2a: Toxapex\n|-crit|p2a: Toxapex\n|-damage|p2a: Toxapex|75\/100\n|\n|-heal|p2a: Toxapex|81\/100|[from] item: Black Sludge\n|upkeep\n|turn|12\n|\n|t:|1606516938\n|move|p1a: Cinderace|Zen Headbutt|p2a: Toxapex\n|-start|p1a: Cinderace|typechange|Psychic|[from] ability: Libero\n|-supereffective|p2a: Toxapex\n|-damage|p2a: Toxapex|36\/100\n|move|p2a: Toxapex|Scald|p1a: Cinderace\n|-damage|p1a: Cinderace|32\/100 par\n|\n|-heal|p2a: Toxapex|42\/100|[from] item: Black Sludge\n|upkeep\n|turn|13\n|\n|t:|1606516943\n|switch|p2a: Urshifu|Urshifu, F|100\/100\n|move|p1a: Cinderace|Zen Headbutt|p2a: Urshifu\n|-immune|p2a: Urshifu\n|\n|upkeep\n|turn|14\n|\n|t:|1606516950\n|switch|p1a: Magearna|Magearna|100\/100 par\n|move|p2a: Urshifu|Wicked Blow|p1a: Magearna\n|-resisted|p1a: Magearna\n|-crit|p1a: Magearna\n|-damage|p1a: Magearna|78\/100 par\n|\n|-heal|p1a: Magearna|84\/100 par|[from] item: Leftovers\n|upkeep\n|turn|15\n|\n|t:|1606516955\n|switch|p1a: Cinderace|Cinderace, F|32\/100 par\n|move|p2a: Urshifu|U-turn|p1a: Cinderace\n|-resisted|p1a: Cinderace\n|-damage|p1a: Cinderace|17\/100 par\n|\n|t:|1606516959\n|switch|p2a: Landorus|Landorus-Therian, M|100\/100|[from]move: U-turn\n|-ability|p2a: Landorus|Intimidate|boost\n|-unboost|p1a: Cinderace|atk|1\n|\n|upkeep\n|turn|16\n|l| Defeat Antifa\n|\n|t:|1606516963\n|switch|p2a: Toxapex|Toxapex, M|75\/100\n|cant|p1a: Cinderace|par\n|\n|-heal|p2a: Toxapex|82\/100|[from] item: Black Sludge\n|upkeep\n|turn|17\n|l| 0zorcNecropHADES\n|\n|t:|1606516968\n|switch|p2a: Urshifu|Urshifu, F|100\/100\n|move|p1a: Cinderace|Pyro Ball|p2a: Urshifu|[miss]\n|-miss|p1a: Cinderace|p2a: Urshifu\n|\n|upkeep\n|turn|18\n|\n|t:|1606516971\n|move|p1a: Cinderace|Sucker Punch|p2a: Urshifu\n|-start|p1a: Cinderace|typechange|Dark|[from] ability: Libero\n|-resisted|p2a: Urshifu\n|-damage|p2a: Urshifu|96\/100\n|move|p2a: Urshifu|Wicked Blow|p1a: Cinderace\n|-resisted|p1a: Cinderace\n|-crit|p1a: Cinderace\n|-damage|p1a: Cinderace|0 fnt\n|faint|p1a: Cinderace\n|\n|-heal|p2a: Urshifu|100\/100|[from] item: Leftovers\n|upkeep\n|\n|t:|1606516985\n|switch|p1a: Salamence|Salamence, M|100\/100\n|-ability|p1a: Salamence|Intimidate|boost\n|-unboost|p2a: Urshifu|atk|1\n|turn|19\n|\n|t:|1606516989\n|switch|p2a: Landorus|Landorus-Therian, M|100\/100\n|-ability|p2a: Landorus|Intimidate|boost\n|-unboost|p1a: Salamence|atk|1\n|move|p1a: Salamence|Defog|p2a: Landorus\n|-unboost|p2a: Landorus|evasion|1\n|-sideend|p1: Burnt Bright|Toxic Spikes|[from] move: Defog|[of] p1a: Salamence\n|\n|upkeep\n|turn|20\n|\n|t:|1606516994\n|switch|p1a: Swampert|Swampert, M|100\/100\n|move|p2a: Landorus|Rock Tomb|p1a: Swampert\n|-resisted|p1a: Swampert\n|-damage|p1a: Swampert|92\/100\n|-unboost|p1a: Swampert|spe|1\n|\n|-heal|p1a: Swampert|98\/100|[from] item: Leftovers\n|upkeep\n|turn|21\n|\n|t:|1606517001\n|move|p2a: Landorus|Knock Off|p1a: Swampert\n|-damage|p1a: Swampert|70\/100\n|-enditem|p1a: Swampert|Leftovers|[from] move: Knock Off|[of] p2a: Landorus\n|move|p1a: Swampert|Flip Turn|p2a: Landorus\n|-supereffective|p2a: Landorus\n|-damage|p2a: Landorus|57\/100\n|\n|t:|1606517008\n|switch|p1a: Rillaboom|Rillaboom, F|100\/100|[from]move: Flip Turn\n|-fieldstart|move: Grassy Terrain|[from] ability: Grassy Surge|[of] p1a: Rillaboom\n|\n|-heal|p2a: Landorus|63\/100|[from] item: Leftovers\n|upkeep\n|turn|22\n|j| ReqBlockerHeHe\n|\n|t:|1606517012\n|switch|p2a: Toxapex|Toxapex, M|100\/100\n|move|p1a: Rillaboom|U-turn|p2a: Toxapex\n|-resisted|p2a: Toxapex\n|-damage|p2a: Toxapex|88\/100\n|\n|t:|1606517017\n|switch|p1a: Swampert|Swampert, M|70\/100|[from]move: U-turn\n|\n|-heal|p1a: Swampert|76\/100|[from] Grassy Terrain\n|-heal|p2a: Toxapex|95\/100|[from] item: Black Sludge\n|-heal|p2a: Toxapex|100\/100|[from] Grassy Terrain\n|upkeep\n|turn|23\n|\n|t:|1606517021\n|move|p1a: Swampert|Stealth Rock|p2a: Toxapex\n|-sidestart|p2: Galarian_chansey|move: Stealth Rock\n|move|p2a: Toxapex|Toxic Spikes|p1a: Swampert\n|-sidestart|p1: Burnt Bright|move: Toxic Spikes\n|\n|-heal|p1a: Swampert|83\/100|[from] Grassy Terrain\n|upkeep\n|turn|24\n|\n|t:|1606517027\n|switch|p1a: Magearna|Magearna|84\/100 par\n|move|p2a: Toxapex|Scald|p1a: Magearna\n|-damage|p1a: Magearna|71\/100 par\n|\n|-heal|p1a: Magearna|77\/100 par|[from] item: Leftovers\n|-heal|p1a: Magearna|83\/100 par|[from] Grassy Terrain\n|upkeep\n|turn|25\n|\n|t:|1606517032\n|switch|p2a: Clefable|Clefable, F|41\/100\n|-damage|p2a: Clefable|28\/100|[from] Stealth Rock\n|cant|p1a: Magearna|par\n|\n|-heal|p2a: Clefable|35\/100|[from] item: Leftovers\n|-heal|p2a: Clefable|41\/100|[from] Grassy Terrain\n|-heal|p1a: Magearna|89\/100 par|[from] item: Leftovers\n|-heal|p1a: Magearna|95\/100 par|[from] Grassy Terrain\n|-fieldend|move: Grassy Terrain\n|upkeep\n|turn|26\n|\n|t:|1606517039\n|switch|p1a: Zeraora|Zeraora|100\/100\n|move|p2a: Clefable|Soft-Boiled|p2a: Clefable\n|-heal|p2a: Clefable|91\/100\n|\n|-heal|p2a: Clefable|97\/100|[from] item: Leftovers\n|upkeep\n|turn|27\n|\n|t:|1606517049\n|switch|p2a: Landorus|Landorus-Therian, M|63\/100\n|-damage|p2a: Landorus|50\/100|[from] Stealth Rock\n|-ability|p2a: Landorus|Intimidate|boost\n|-unboost|p1a: Zeraora|atk|1\n|move|p1a: Zeraora|Plasma Fists|p2a: Landorus\n|-immune|p2a: Landorus\n|\n|-heal|p2a: Landorus|56\/100|[from] item: Leftovers\n|upkeep\n|turn|28\n|\n|t:|1606517055\n|switch|p1a: Salamence|Salamence, M|100\/100\n|-ability|p1a: Salamence|Intimidate|boost\n|-unboost|p2a: Landorus|atk|1\n|move|p2a: Landorus|Knock Off|p1a: Salamence\n|-damage|p1a: Salamence|84\/100\n|-enditem|p1a: Salamence|Heavy-Duty Boots|[from] move: Knock Off|[of] p2a: Landorus\n|\n|-heal|p2a: Landorus|62\/100|[from] item: Leftovers\n|upkeep\n|turn|29\n|-message|Burnt Bright forfeited.\n|\n|win|Galarian_chansey\n|l|\u2606Burnt Bright\n|l| biklad\n||Ladder (probably) updated, but score could not be retrieved (Request timeout).\n|l| Vessev\n|l| ReqBlockerHeHe\n|j| Vessev\n|l| Vessev\n|j| Vessev\n","uploadtime":1606517696,"views":22,"p1id":"burntbright","p2id":"galarianchansey","formatid":"gen8ou","rating":0,"private":0,"password":null}