{"id":"gen8oublitz-1132876292","p1":"Ban Lando t guy jk","p2":"cheesemanr","format":"gen8oublitz","log":"|inactive|Battle timer is ON: inactive players will automatically lose when time's up.\n|j|\u2606Ban Lando t guy jk\n|j|\u2606cheesemanr\n|player|p1|Ban Lando t guy jk|164|1122\n|player|p2|cheesemanr|169|1095\n|teamsize|p1|6\n|teamsize|p2|6\n|gametype|singles\n|gen|8\n|tier|[Gen 8] OU (Blitz)\n|rated|\n|clearpoke\n|poke|p1|Cinderace, F|\n|poke|p1|Corviknight, M|\n|poke|p1|Kommo-o, M|\n|poke|p1|Hydreigon, M|\n|poke|p1|Zeraora|\n|poke|p1|Clefable, M|\n|poke|p2|Gyarados, M|\n|poke|p2|Cinderace, F|\n|poke|p2|Toxapex, M|\n|poke|p2|Gallade, M|\n|poke|p2|Liepard, M|\n|poke|p2|Silvally-*|\n|rule|Sleep Clause Mod: Limit one foe put to sleep\n|rule|Species Clause: Limit one of each Pok\u00e9mon\n|rule|OHKO Clause: OHKO moves are banned\n|rule|Evasion Moves Clause: Evasion moves are banned\n|rule|Endless Battle Clause: Forcing endless battles is banned\n|rule|HP Percentage Mod: HP is shown in percentages\n|rule|Dynamax Clause: You cannot dynamax\n|rule|Blitz: Super-fast timer\n|teampreview\n|\n|start\n|switch|p1a: Kommo-o|Kommo-o, M|100\/100\n|switch|p2a: Liepard|Liepard, M|100\/100\n|turn|1\n|\n|move|p2a: Liepard|U-turn|p1a: Kommo-o\n|-resisted|p1a: Kommo-o\n|-damage|p1a: Kommo-o|94\/100\n|\n|switch|p2a: Toxapex|Toxapex, M|100\/100|[from]move: U-turn\n|move|p1a: Kommo-o|Stealth Rock|p2a: Toxapex\n|-sidestart|p2: cheesemanr|move: Stealth Rock\n|\n|-heal|p1a: Kommo-o|100\/100|[from] item: Leftovers\n|upkeep\n|turn|2\n|\n|move|p1a: Kommo-o|Earthquake|p2a: Toxapex\n|-supereffective|p2a: Toxapex\n|-damage|p2a: Toxapex|72\/100\n|move|p2a: Toxapex|Toxic|p1a: Kommo-o\n|-status|p1a: Kommo-o|tox\n|\n|-heal|p2a: Toxapex|78\/100|[from] item: Black Sludge\n|-damage|p1a: Kommo-o|94\/100 tox|[from] psn\n|upkeep\n|turn|3\n|\n|move|p1a: Kommo-o|Earthquake|p2a: Toxapex\n|-supereffective|p2a: Toxapex\n|-damage|p2a: Toxapex|48\/100\n|move|p2a: Toxapex|Scald|p1a: Kommo-o\n|-resisted|p1a: Kommo-o\n|-damage|p1a: Kommo-o|87\/100 tox\n|\n|-heal|p1a: Kommo-o|93\/100 tox|[from] item: Leftovers\n|-heal|p2a: Toxapex|54\/100|[from] item: Black Sludge\n|-damage|p1a: Kommo-o|81\/100 tox|[from] psn\n|upkeep\n|turn|4\n|inactive|Ban Lando t guy jk has 10 seconds left.\n|\n|move|p1a: Kommo-o|Earthquake|p2a: Toxapex\n|-supereffective|p2a: Toxapex\n|-crit|p2a: Toxapex\n|-damage|p2a: Toxapex|12\/100\n|move|p2a: Toxapex|Recover|p2a: Toxapex\n|-heal|p2a: Toxapex|62\/100\n|\n|-heal|p1a: Kommo-o|87\/100 tox|[from] item: Leftovers\n|-heal|p2a: Toxapex|69\/100|[from] item: Black Sludge\n|-damage|p1a: Kommo-o|68\/100 tox|[from] psn\n|upkeep\n|turn|5\n|inactive|cheesemanr has 10 seconds left.\n|\n|move|p1a: Kommo-o|Earthquake|p2a: Toxapex\n|-supereffective|p2a: Toxapex\n|-damage|p2a: Toxapex|40\/100\n|move|p2a: Toxapex|Scald|p1a: Kommo-o\n|-resisted|p1a: Kommo-o\n|-damage|p1a: Kommo-o|61\/100 tox\n|\n|-heal|p1a: Kommo-o|67\/100 tox|[from] item: Leftovers\n|-heal|p2a: Toxapex|47\/100|[from] item: Black Sludge\n|-damage|p1a: Kommo-o|42\/100 tox|[from] psn\n|upkeep\n|turn|6\n|inactive|Ban Lando t guy jk has 10 seconds left.\n|\n|move|p1a: Kommo-o|Earthquake|p2a: Toxapex\n|-supereffective|p2a: Toxapex\n|-damage|p2a: Toxapex|17\/100\n|move|p2a: Toxapex|Recover|p2a: Toxapex\n|-heal|p2a: Toxapex|67\/100\n|\n|-heal|p1a: Kommo-o|48\/100 tox|[from] item: Leftovers\n|-heal|p2a: Toxapex|73\/100|[from] item: Black Sludge\n|-damage|p1a: Kommo-o|17\/100 tox|[from] psn\n|upkeep\n|turn|7\n|inactive|Ban Lando t guy jk has 10 seconds left.\n|\n|switch|p1a: Zeraora|Zeraora|100\/100\n|switch|p2a: Gyarados|Gyarados, M|100\/100\n|-damage|p2a: Gyarados|76\/100|[from] Stealth Rock\n|\n|-heal|p2a: Gyarados|82\/100|[from] item: Leftovers\n|upkeep\n|turn|8\n|inactive|Ban Lando t guy jk has 10 seconds left.\n|inactive|cheesemanr has 10 seconds left.\n|\n|switch|p2a: Gallade|Gallade, M|100\/100\n|-damage|p2a: Gallade|94\/100|[from] Stealth Rock\n|move|p1a: Zeraora|Plasma Fists|p2a: Gallade\n|-damage|p2a: Gallade|13\/100\n|-fieldactivate|move: Ion Deluge\n|\n|upkeep\n|turn|9\n|\n|move|p1a: Zeraora|Plasma Fists|p2a: Gallade\n|-damage|p2a: Gallade|0 fnt\n|-fieldactivate|move: Ion Deluge\n|faint|p2a: Gallade\n|\n|upkeep\n|inactive|cheesemanr has 10 seconds left.\n|\n|switch|p2a: Liepard|Liepard, M|100\/100\n|-damage|p2a: Liepard|88\/100|[from] Stealth Rock\n|turn|10\n|\n|move|p1a: Zeraora|Close Combat|p2a: Liepard\n|-supereffective|p2a: Liepard\n|-damage|p2a: Liepard|0 fnt\n|-unboost|p1a: Zeraora|def|1\n|-unboost|p1a: Zeraora|spd|1\n|faint|p2a: Liepard\n|\n|upkeep\n|\n|switch|p2a: Silvally|Silvally-Fire|100\/100\n|-damage|p2a: Silvally|76\/100|[from] Stealth Rock\n|turn|11\n|\n|switch|p1a: Kommo-o|Kommo-o, M|17\/100 tox\n|move|p2a: Silvally|Flame Charge|p1a: Kommo-o\n|-resisted|p1a: Kommo-o\n|-damage|p1a: Kommo-o|10\/100 tox\n|-boost|p2a: Silvally|spe|1\n|\n|-heal|p1a: Kommo-o|16\/100 tox|[from] item: Leftovers\n|-damage|p1a: Kommo-o|10\/100 tox|[from] psn\n|upkeep\n|turn|12\n|inactive|Ban Lando t guy jk has 10 seconds left.\n|inactive|cheesemanr has 10 seconds left.\n|\n|move|p2a: Silvally|Multi-Attack|p1a: Kommo-o\n|-resisted|p1a: Kommo-o\n|-damage|p1a: Kommo-o|0 fnt\n|faint|p1a: Kommo-o\n|\n|upkeep\n|inactive|Ban Lando t guy jk has 10 seconds left.\n|\n|switch|p1a: Hydreigon|Hydreigon, M|100\/100\n|turn|13\n|\n|move|p2a: Silvally|Dragon Claw|p1a: Hydreigon\n|-supereffective|p1a: Hydreigon\n|-damage|p1a: Hydreigon|49\/100\n|move|p1a: Hydreigon|Draco Meteor|p2a: Silvally\n|-damage|p2a: Silvally|0 fnt\n|-unboost|p1a: Hydreigon|spa|2\n|-damage|p1a: Hydreigon|40\/100|[from] item: Life Orb\n|faint|p2a: Silvally\n|\n|upkeep\n|inactive|cheesemanr has 10 seconds left.\n|\n|switch|p2a: Cinderace|Cinderace, F|100\/100\n|turn|14\n|inactive|Ban Lando t guy jk has 10 seconds left.\n|\n|move|p2a: Cinderace|U-turn|p1a: Hydreigon\n|-start|p2a: Cinderace|typechange|Bug|[from] ability: Libero\n|-supereffective|p1a: Hydreigon\n|-damage|p1a: Hydreigon|0 fnt\n|faint|p1a: Hydreigon\n|inactive|cheesemanr has 10 seconds left.\n|\n|switch|p2a: Gyarados|Gyarados, M|82\/100|[from]move: U-turn\n|-damage|p2a: Gyarados|57\/100|[from] Stealth Rock\n|\n|-heal|p2a: Gyarados|63\/100|[from] item: Leftovers\n|upkeep\n|\n|switch|p1a: Zeraora|Zeraora|100\/100\n|turn|15\n|inactive|cheesemanr has 10 seconds left.\n|\n|move|p1a: Zeraora|Plasma Fists|p2a: Gyarados\n|-supereffective|p2a: Gyarados\n|-damage|p2a: Gyarados|0 fnt\n|-fieldactivate|move: Ion Deluge\n|faint|p2a: Gyarados\n|\n|upkeep\n|l|\u2606cheesemanr\n|inactive|cheesemanr disconnected and has a minute to reconnect!\n|player|p2|\n|inactive|cheesemanr has 10 seconds left.\n|inactive|cheesemanr has 5 seconds left.\n|-message|cheesemanr lost due to inactivity.\n|\n|win|Ban Lando t guy jk\n|raw|Ban Lando t guy jk's rating: 1122 &rarr; <strong>1145<\/strong><br \/>(+23 for winning)\n|raw|cheesemanr's rating: 1096 &rarr; <strong>1073<\/strong><br \/>(-23 for losing)\n","uploadtime":1592193525,"views":10,"p1id":"banlandotguyjk","p2id":"cheesemanr","formatid":"gen8oublitz","rating":1073,"private":0,"password":null}