{"id":"gen8ou-1689584525","p1":"minimax_ai","p2":"Scoots Mgee","format":"gen8ou","log":"|html|<div class=\"broadcast-blue\"><strong>[Gen 8] OU is currently suspecting Melmetal! For information on how to participate check out the <a href=\"https:\/\/www.smogon.com\/forums\/threads\/np-ss-ou-suspect-process-round-12-monster-mash.3709234\/\">suspect thread<\/a>.<\/strong><\/div>\n|j|\u2606minimax_ai\n|j|\u2606Scoots Mgee\n|t:|1666189594\n|gametype|singles\n|player|p1|minimax_ai|lusamine-nihilego|1564\n|player|p2|Scoots Mgee|acetrainerf|1590\n|teamsize|p1|6\n|teamsize|p2|6\n|gen|8\n|tier|[Gen 8] OU\n|rated|\n|rule|Sleep Clause Mod: Limit one foe put to sleep\n|rule|Species Clause: Limit one of each Pok\u00e9mon\n|rule|OHKO Clause: OHKO moves are banned\n|rule|Evasion Items Clause: Evasion items are banned\n|rule|Evasion Moves Clause: Evasion moves are banned\n|rule|Endless Battle Clause: Forcing endless battles is banned\n|rule|HP Percentage Mod: HP is shown in percentages\n|rule|Dynamax Clause: You cannot dynamax\n|clearpoke\n|poke|p1|Rotom-Wash|\n|poke|p1|Weavile, M|\n|poke|p1|Landorus-Therian, M|\n|poke|p1|Heatran, M|\n|poke|p1|Tangrowth, M|\n|poke|p1|Melmetal|\n|poke|p2|Gastrodon, F|\n|poke|p2|Ferrothorn, M|\n|poke|p2|Urshifu-*, M|\n|poke|p2|Hippowdon, F|\n|poke|p2|Heatran, M|\n|poke|p2|Zapdos|\n|teampreview\n|inactive|Battle timer is ON: inactive players will automatically lose when time's up. (requested by Scoots Mgee)\n|c|\u2606minimax_ai|hf\n|inactive|minimax_ai also wants the timer to be on.\n|\n|t:|1666189601\n|start\n|switch|p1a: landorustherian|Landorus-Therian, M|100\/100\n|switch|p2a: Urshifu|Urshifu-Rapid-Strike, M|100\/100\n|-ability|p1a: landorustherian|Intimidate|boost\n|-unboost|p2a: Urshifu|atk|1\n|turn|1\n|\n|t:|1666189603\n|switch|p1a: Tangrowth|Tangrowth, M|100\/100\n|move|p2a: Urshifu|U-turn|p1a: Tangrowth\n|-supereffective|p1a: Tangrowth\n|-damage|p1a: Tangrowth|82\/100\n|-damage|p2a: Urshifu|84\/100|[from] item: Rocky Helmet|[of] p1a: Tangrowth\n|\n|t:|1666189608\n|switch|p2a: Heatran|Heatran, M|100\/100|[from]move: U-turn\n|\n|upkeep\n|turn|2\n|\n|t:|1666189611\n|switch|p1a: Heatran|Heatran, M|100\/100\n|-item|p1a: Heatran|Air Balloon\n|move|p2a: Heatran|Earth Power|p1a: Heatran\n|-immune|p1a: Heatran\n|\n|upkeep\n|turn|3\n|\n|t:|1666189615\n|switch|p2a: Gastrodon|Gastrodon, F|100\/100\n|move|p1a: Heatran|Stealth Rock|p2a: Gastrodon\n|-sidestart|p2: Scoots Mgee|move: Stealth Rock\n|\n|upkeep\n|turn|4\n|\n|t:|1666189617\n|switch|p1a: rotomwash|Rotom-Wash|100\/100\n|move|p2a: Gastrodon|Scald|p1a: rotomwash\n|-resisted|p1a: rotomwash\n|-damage|p1a: rotomwash|87\/100\n|\n|-heal|p1a: rotomwash|93\/100|[from] item: Leftovers\n|upkeep\n|turn|5\n|\n|t:|1666189619\n|move|p1a: rotomwash|Nasty Plot|p1a: rotomwash\n|-boost|p1a: rotomwash|spa|2\n|move|p2a: Gastrodon|Toxic|p1a: rotomwash|[miss]\n|-miss|p2a: Gastrodon|p1a: rotomwash\n|\n|-heal|p1a: rotomwash|99\/100|[from] item: Leftovers\n|upkeep\n|turn|6\n|\n|t:|1666189621\n|move|p1a: rotomwash|Nasty Plot|p1a: rotomwash\n|-boost|p1a: rotomwash|spa|2\n|move|p2a: Gastrodon|Scald|p1a: rotomwash\n|-resisted|p1a: rotomwash\n|-damage|p1a: rotomwash|87\/100\n|-status|p1a: rotomwash|brn\n|\n|-heal|p1a: rotomwash|93\/100 brn|[from] item: Leftovers\n|-damage|p1a: rotomwash|87\/100 brn|[from] brn\n|upkeep\n|turn|7\n|\n|t:|1666189625\n|move|p1a: rotomwash|Thunderbolt|p2a: Gastrodon\n|-immune|p2a: Gastrodon\n|move|p2a: Gastrodon|Scald|p1a: rotomwash\n|-resisted|p1a: rotomwash\n|-damage|p1a: rotomwash|74\/100 brn\n|\n|-heal|p1a: rotomwash|80\/100 brn|[from] item: Leftovers\n|-damage|p1a: rotomwash|74\/100 brn|[from] brn\n|upkeep\n|turn|8\n|\n|t:|1666189627\n|move|p1a: rotomwash|Thunderbolt|p2a: Gastrodon\n|-immune|p2a: Gastrodon\n|move|p2a: Gastrodon|Scald|p1a: rotomwash\n|-resisted|p1a: rotomwash\n|-damage|p1a: rotomwash|59\/100 brn\n|\n|-heal|p1a: rotomwash|65\/100 brn|[from] item: Leftovers\n|-damage|p1a: rotomwash|59\/100 brn|[from] brn\n|upkeep\n|turn|9\n|\n|t:|1666189629\n|move|p1a: rotomwash|Thunderbolt|p2a: Gastrodon\n|-immune|p2a: Gastrodon\n|move|p2a: Gastrodon|Scald|p1a: rotomwash\n|-resisted|p1a: rotomwash\n|-damage|p1a: rotomwash|46\/100 brn\n|\n|-heal|p1a: rotomwash|52\/100 brn|[from] item: Leftovers\n|-damage|p1a: rotomwash|46\/100 brn|[from] brn\n|upkeep\n|turn|10\n|\n|t:|1666189630\n|move|p1a: rotomwash|Thunderbolt|p2a: Gastrodon\n|-immune|p2a: Gastrodon\n|move|p2a: Gastrodon|Scald|p1a: rotomwash\n|-resisted|p1a: rotomwash\n|-damage|p1a: rotomwash|31\/100 brn\n|\n|-heal|p1a: rotomwash|38\/100 brn|[from] item: Leftovers\n|-damage|p1a: rotomwash|31\/100 brn|[from] brn\n|upkeep\n|turn|11\n|\n|t:|1666189631\n|move|p1a: rotomwash|Thunderbolt|p2a: Gastrodon\n|-immune|p2a: Gastrodon\n|move|p2a: Gastrodon|Scald|p1a: rotomwash\n|-resisted|p1a: rotomwash\n|-damage|p1a: rotomwash|17\/100 brn\n|\n|-heal|p1a: rotomwash|24\/100 brn|[from] item: Leftovers\n|-damage|p1a: rotomwash|17\/100 brn|[from] brn\n|upkeep\n|turn|12\n|\n|t:|1666189633\n|move|p1a: rotomwash|Thunderbolt|p2a: Gastrodon\n|-immune|p2a: Gastrodon\n|move|p2a: Gastrodon|Scald|p1a: rotomwash\n|-resisted|p1a: rotomwash\n|-damage|p1a: rotomwash|4\/100 brn\n|\n|-heal|p1a: rotomwash|11\/100 brn|[from] item: Leftovers\n|-damage|p1a: rotomwash|4\/100 brn|[from] brn\n|upkeep\n|turn|13\n|\n|t:|1666189634\n|move|p1a: rotomwash|Pain Split|p2a: Gastrodon\n|-sethp|p2a: Gastrodon|52\/100|[from] move: Pain Split|[silent]\n|-sethp|p1a: rotomwash|73\/100 brn|[from] move: Pain Split\n|move|p2a: Gastrodon|Scald|p1a: rotomwash\n|-resisted|p1a: rotomwash\n|-damage|p1a: rotomwash|60\/100 brn\n|\n|-heal|p1a: rotomwash|66\/100 brn|[from] item: Leftovers\n|-damage|p1a: rotomwash|60\/100 brn|[from] brn\n|upkeep\n|turn|14\n|\n|t:|1666189635\n|move|p1a: rotomwash|Thunderbolt|p2a: Gastrodon\n|-immune|p2a: Gastrodon\n|move|p2a: Gastrodon|Scald|p1a: rotomwash\n|-resisted|p1a: rotomwash\n|-damage|p1a: rotomwash|45\/100 brn\n|\n|-heal|p1a: rotomwash|51\/100 brn|[from] item: Leftovers\n|-damage|p1a: rotomwash|45\/100 brn|[from] brn\n|upkeep\n|turn|15\n|\n|t:|1666189637\n|move|p1a: rotomwash|Thunderbolt|p2a: Gastrodon\n|-immune|p2a: Gastrodon\n|move|p2a: Gastrodon|Scald|p1a: rotomwash\n|-resisted|p1a: rotomwash\n|-damage|p1a: rotomwash|31\/100 brn\n|\n|-heal|p1a: rotomwash|37\/100 brn|[from] item: Leftovers\n|-damage|p1a: rotomwash|31\/100 brn|[from] brn\n|upkeep\n|turn|16\n|\n|t:|1666189638\n|move|p1a: rotomwash|Thunderbolt|p2a: Gastrodon\n|-immune|p2a: Gastrodon\n|move|p2a: Gastrodon|Scald|p1a: rotomwash\n|-resisted|p1a: rotomwash\n|-damage|p1a: rotomwash|17\/100 brn\n|\n|-heal|p1a: rotomwash|24\/100 brn|[from] item: Leftovers\n|-damage|p1a: rotomwash|17\/100 brn|[from] brn\n|upkeep\n|turn|17\n|\n|t:|1666189639\n|move|p1a: rotomwash|Thunderbolt|p2a: Gastrodon\n|-immune|p2a: Gastrodon\n|move|p2a: Gastrodon|Scald|p1a: rotomwash\n|-resisted|p1a: rotomwash\n|-damage|p1a: rotomwash|2\/100 brn\n|\n|-heal|p1a: rotomwash|9\/100 brn|[from] item: Leftovers\n|-damage|p1a: rotomwash|2\/100 brn|[from] brn\n|upkeep\n|turn|18\n|\n|t:|1666189641\n|move|p1a: rotomwash|Pain Split|p2a: Gastrodon\n|-sethp|p2a: Gastrodon|27\/100|[from] move: Pain Split|[silent]\n|-sethp|p1a: rotomwash|37\/100 brn|[from] move: Pain Split\n|move|p2a: Gastrodon|Scald|p1a: rotomwash\n|-resisted|p1a: rotomwash\n|-damage|p1a: rotomwash|24\/100 brn\n|\n|-heal|p1a: rotomwash|30\/100 brn|[from] item: Leftovers\n|-damage|p1a: rotomwash|24\/100 brn|[from] brn\n|upkeep\n|turn|19\n|\n|t:|1666189642\n|move|p1a: rotomwash|Thunderbolt|p2a: Gastrodon\n|-immune|p2a: Gastrodon\n|move|p2a: Gastrodon|Scald|p1a: rotomwash\n|-resisted|p1a: rotomwash\n|-damage|p1a: rotomwash|11\/100 brn\n|\n|-heal|p1a: rotomwash|17\/100 brn|[from] item: Leftovers\n|-damage|p1a: rotomwash|11\/100 brn|[from] brn\n|upkeep\n|turn|20\n|\n|t:|1666189643\n|move|p1a: rotomwash|Pain Split|p2a: Gastrodon\n|-sethp|p2a: Gastrodon|17\/100|[from] move: Pain Split|[silent]\n|-sethp|p1a: rotomwash|24\/100 brn|[from] move: Pain Split\n|move|p2a: Gastrodon|Scald|p1a: rotomwash\n|-resisted|p1a: rotomwash\n|-damage|p1a: rotomwash|10\/100 brn\n|\n|-heal|p1a: rotomwash|16\/100 brn|[from] item: Leftovers\n|-damage|p1a: rotomwash|10\/100 brn|[from] brn\n|upkeep\n|turn|21\n|\n|t:|1666189644\n|move|p1a: rotomwash|Pain Split|p2a: Gastrodon\n|-sethp|p2a: Gastrodon|12\/100|[from] move: Pain Split|[silent]\n|-sethp|p1a: rotomwash|17\/100 brn|[from] move: Pain Split\n|move|p2a: Gastrodon|Scald|p1a: rotomwash\n|-resisted|p1a: rotomwash\n|-damage|p1a: rotomwash|4\/100 brn\n|\n|-heal|p1a: rotomwash|10\/100 brn|[from] item: Leftovers\n|-damage|p1a: rotomwash|4\/100 brn|[from] brn\n|upkeep\n|turn|22\n|\n|t:|1666189646\n|move|p1a: rotomwash|Pain Split|p2a: Gastrodon\n|-sethp|p2a: Gastrodon|8\/100|[from] move: Pain Split|[silent]\n|-sethp|p1a: rotomwash|10\/100 brn|[from] move: Pain Split\n|move|p2a: Gastrodon|Recover|p2a: Gastrodon\n|-heal|p2a: Gastrodon|58\/100\n|\n|-heal|p1a: rotomwash|17\/100 brn|[from] item: Leftovers\n|-damage|p1a: rotomwash|10\/100 brn|[from] brn\n|upkeep\n|turn|23\n|\n|t:|1666189649\n|move|p1a: rotomwash|Pain Split|p2a: Gastrodon\n|-sethp|p2a: Gastrodon|32\/100|[from] move: Pain Split|[silent]\n|-sethp|p1a: rotomwash|45\/100 brn|[from] move: Pain Split\n|move|p2a: Gastrodon|Scald|p1a: rotomwash\n|-resisted|p1a: rotomwash\n|-crit|p1a: rotomwash\n|-damage|p1a: rotomwash|25\/100 brn\n|\n|-heal|p1a: rotomwash|32\/100 brn|[from] item: Leftovers\n|-damage|p1a: rotomwash|25\/100 brn|[from] brn\n|upkeep\n|turn|24\n|\n|t:|1666189650\n|move|p1a: rotomwash|Thunderbolt|p2a: Gastrodon\n|-immune|p2a: Gastrodon\n|move|p2a: Gastrodon|Scald|p1a: rotomwash\n|-resisted|p1a: rotomwash\n|-damage|p1a: rotomwash|11\/100 brn\n|\n|-heal|p1a: rotomwash|17\/100 brn|[from] item: Leftovers\n|-damage|p1a: rotomwash|11\/100 brn|[from] brn\n|upkeep\n|turn|25\n|\n|t:|1666189654\n|switch|p2a: Hippowdon|Hippowdon, F|100\/100\n|-damage|p2a: Hippowdon|94\/100|[from] Stealth Rock\n|-weather|Sandstorm|[from] ability: Sand Stream|[of] p2a: Hippowdon\n|move|p1a: rotomwash|Pain Split|p2a: Hippowdon\n|-sethp|p2a: Hippowdon|51\/100|[from] move: Pain Split|[silent]\n|-sethp|p1a: rotomwash|71\/100 brn|[from] move: Pain Split\n|\n|-weather|Sandstorm|[upkeep]\n|-damage|p1a: rotomwash|64\/100 brn|[from] Sandstorm\n|-heal|p1a: rotomwash|71\/100 brn|[from] item: Leftovers\n|-heal|p2a: Hippowdon|57\/100|[from] item: Leftovers\n|-damage|p1a: rotomwash|64\/100 brn|[from] brn\n|upkeep\n|turn|26\n|-message|Scoots Mgee forfeited.\n|\n|win|minimax_ai\n|raw|minimax_ai's rating: 1564 &rarr; <strong>1585<\/strong><br \/>(+21 for winning)\n|raw|Scoots Mgee's rating: 1590 &rarr; <strong>1569<\/strong><br \/>(-21 for losing)\n|c|\u2606minimax_ai|gg\n|l|\u2606Scoots Mgee\n","uploadtime":1666189661,"views":9,"p1id":"minimaxai","p2id":"scootsmgee","formatid":"gen8ou","rating":1569,"private":0,"password":null}