{"id":"gen8randombattle-1607952313","p1":"george malone","p2":"luka146","format":"gen8randombattle","log":"|j|\u2606george malone\n|j|\u2606luka146\n|t:|1656660021\n|gametype|singles\n|player|p1|george malone|170|1255\n|player|p2|luka146|101|1292\n|teamsize|p1|6\n|teamsize|p2|6\n|gen|8\n|tier|[Gen 8] Random Battle\n|rated|\n|rule|Species Clause: Limit one of each Pok\u00e9mon\n|rule|HP Percentage Mod: HP is shown in percentages\n|rule|Sleep Clause Mod: Limit one foe put to sleep\n|\n|t:|1656660021\n|start\n|switch|p1a: Hippowdon|Hippowdon, L80, F|304\/304\n|switch|p2a: Porygon2|Porygon2, L82|274\/274\n|-ability|p2a: Porygon2|Sand Stream|[from] ability: Trace|[of] p1a: Hippowdon\n|-weather|Sandstorm|[from] ability: Sand Stream|[of] p2a: Porygon2\n|turn|1\n|inactive|Battle timer is ON: inactive players will automatically lose when time's up. (requested by george malone)\n|\n|t:|1656660041\n|move|p2a: Porygon2|Toxic|p1a: Hippowdon\n|-status|p1a: Hippowdon|tox\n|move|p1a: Hippowdon|Toxic|p2a: Porygon2\n|-status|p2a: Porygon2|tox\n|\n|-weather|Sandstorm|[upkeep]\n|-damage|p2a: Porygon2|257\/274 tox|[from] Sandstorm\n|-damage|p2a: Porygon2|240\/274 tox|[from] psn\n|-damage|p1a: Hippowdon|285\/304 tox|[from] psn\n|upkeep\n|turn|2\n|\n|t:|1656660066\n|move|p2a: Porygon2|Tri Attack|p1a: Hippowdon\n|-damage|p1a: Hippowdon|177\/304 tox\n|move|p1a: Hippowdon|Stealth Rock|p2a: Porygon2\n|-sidestart|p2: luka146|move: Stealth Rock\n|\n|-weather|Sandstorm|[upkeep]\n|-damage|p2a: Porygon2|223\/274 tox|[from] Sandstorm\n|-heal|p1a: Hippowdon|196\/304 tox|[from] item: Leftovers\n|-damage|p2a: Porygon2|189\/274 tox|[from] psn\n|-damage|p1a: Hippowdon|158\/304 tox|[from] psn\n|upkeep\n|turn|3\n|\n|t:|1656660091\n|switch|p1a: Mimikyu|Mimikyu, L76, F|209\/209\n|move|p2a: Porygon2|Tri Attack|p1a: Mimikyu\n|-immune|p1a: Mimikyu\n|\n|-weather|Sandstorm|[upkeep]\n|-damage|p1a: Mimikyu|196\/209|[from] Sandstorm\n|-damage|p2a: Porygon2|172\/274 tox|[from] Sandstorm\n|-damage|p2a: Porygon2|121\/274 tox|[from] psn\n|upkeep\n|turn|4\n|inactive|luka146 has 120 seconds left.\n|\n|t:|1656660114\n|switch|p1a: Hippowdon|Hippowdon, L80, F|158\/304 tox\n|move|p2a: Porygon2|Discharge|p1a: Hippowdon\n|-immune|p1a: Hippowdon\n|\n|-weather|Sandstorm|[upkeep]\n|-damage|p2a: Porygon2|104\/274 tox|[from] Sandstorm\n|-heal|p1a: Hippowdon|177\/304 tox|[from] item: Leftovers\n|-damage|p2a: Porygon2|36\/274 tox|[from] psn\n|-damage|p1a: Hippowdon|158\/304 tox|[from] psn\n|upkeep\n|turn|5\n|inactive|luka146 has 120 seconds left.\n|\n|t:|1656660125\n|move|p2a: Porygon2|Recover|p2a: Porygon2\n|-heal|p2a: Porygon2|173\/274 tox\n|move|p1a: Hippowdon|Slack Off|p1a: Hippowdon\n|-heal|p1a: Hippowdon|304\/304 tox\n|\n|-weather|none\n|-damage|p2a: Porygon2|88\/274 tox|[from] psn\n|-damage|p1a: Hippowdon|266\/304 tox|[from] psn\n|upkeep\n|turn|6\n|\n|t:|1656660136\n|switch|p2a: Beartic|Beartic, L86, M|304\/304\n|switch|p1a: Solrock|Solrock, L88|302\/302\n|\n|upkeep\n|turn|7\n|inactive|luka146 has 120 seconds left.\n|\n|t:|1656660161\n|switch|p2a: Durant|Durant, L78, F|219\/219\n|-damage|p2a: Durant|192\/219|[from] Stealth Rock\n|move|p1a: Solrock|Will-O-Wisp|p2a: Durant|[miss]\n|-miss|p1a: Solrock|p2a: Durant\n|\n|upkeep\n|turn|8\n|\n|t:|1656660179\n|move|p2a: Durant|Iron Head|p1a: Solrock\n|-supereffective|p1a: Solrock\n|-damage|p1a: Solrock|13\/302\n|-damage|p2a: Durant|171\/219|[from] item: Life Orb\n|cant|p1a: Solrock|flinch\n|\n|-heal|p1a: Solrock|31\/302|[from] item: Leftovers\n|upkeep\n|turn|9\n|\n|t:|1656660191\n|move|p2a: Durant|Iron Head|p1a: Solrock\n|-supereffective|p1a: Solrock\n|-damage|p1a: Solrock|0 fnt\n|faint|p1a: Solrock\n|-damage|p2a: Durant|150\/219|[from] item: Life Orb\n|\n|upkeep\n|\n|t:|1656660195\n|switch|p1a: Hippowdon|Hippowdon, L80, F|266\/304 tox\n|-weather|Sandstorm|[from] ability: Sand Stream|[of] p1a: Hippowdon\n|turn|10\n|inactive|luka146 has 120 seconds left.\n|\n|t:|1656660206\n|switch|p2a: Porygon2|Porygon2, L82|88\/274 tox\n|-damage|p2a: Porygon2|54\/274 tox|[from] Stealth Rock\n|-ability|p2a: Porygon2|Sand Stream|[from] ability: Trace|[of] p1a: Hippowdon\n|move|p1a: Hippowdon|Earthquake|p2a: Porygon2\n|-damage|p2a: Porygon2|0 fnt\n|faint|p2a: Porygon2\n|\n|-weather|Sandstorm|[upkeep]\n|-heal|p1a: Hippowdon|285\/304 tox|[from] item: Leftovers\n|-damage|p1a: Hippowdon|266\/304 tox|[from] psn\n|upkeep\n|\n|t:|1656660219\n|switch|p2a: Beartic|Beartic, L86, M|304\/304\n|turn|11\n|\n|t:|1656660226\n|move|p2a: Beartic|Swords Dance|p2a: Beartic\n|-boost|p2a: Beartic|atk|2\n|move|p1a: Hippowdon|Toxic|p2a: Beartic|[miss]\n|-miss|p1a: Hippowdon|p2a: Beartic\n|\n|-weather|Sandstorm|[upkeep]\n|-damage|p2a: Beartic|285\/304|[from] Sandstorm\n|-heal|p1a: Hippowdon|285\/304 tox|[from] item: Leftovers\n|-damage|p1a: Hippowdon|247\/304 tox|[from] psn\n|upkeep\n|turn|12\n|inactive|luka146 has 120 seconds left.\n|\n|t:|1656660238\n|move|p2a: Beartic|Icicle Crash|p1a: Hippowdon\n|-supereffective|p1a: Hippowdon\n|-damage|p1a: Hippowdon|0 fnt\n|faint|p1a: Hippowdon\n|\n|-weather|Sandstorm|[upkeep]\n|-damage|p2a: Beartic|266\/304|[from] Sandstorm\n|upkeep\n|\n|t:|1656660248\n|switch|p1a: Clefable|Clefable, L82, F|290\/290\n|turn|13\n|\n|t:|1656660255\n|move|p1a: Clefable|Fire Blast|p2a: Beartic\n|-supereffective|p2a: Beartic\n|-damage|p2a: Beartic|68\/304\n|move|p2a: Beartic|Icicle Crash|p1a: Clefable\n|-damage|p1a: Clefable|0 fnt\n|faint|p1a: Clefable\n|\n|-weather|Sandstorm|[upkeep]\n|-damage|p2a: Beartic|49\/304|[from] Sandstorm\n|upkeep\n|\n|t:|1656660258\n|switch|p1a: Zarude|Zarude-Dada, L78|292\/292\n|turn|14\n|\n|t:|1656660269\n|move|p2a: Beartic|Aqua Jet|p1a: Zarude\n|-resisted|p1a: Zarude\n|-damage|p1a: Zarude|256\/292\n|move|p1a: Zarude|Darkest Lariat|p2a: Beartic\n|-damage|p2a: Beartic|0 fnt\n|faint|p2a: Beartic\n|\n|-weather|none\n|-heal|p1a: Zarude|274\/292|[from] item: Leftovers\n|upkeep\n|\n|t:|1656660278\n|switch|p2a: Torkoal|Torkoal, L86, M|261\/261\n|-weather|SunnyDay|[from] ability: Drought|[of] p2a: Torkoal\n|turn|15\n|\n|t:|1656660284\n|switch|p1a: Tyrantrum|Tyrantrum, L82, M|269\/269\n|move|p2a: Torkoal|Rapid Spin|p1a: Tyrantrum\n|-resisted|p1a: Tyrantrum\n|-damage|p1a: Tyrantrum|256\/269\n|-boost|p2a: Torkoal|spe|1\n|-sideend|p2: luka146|Stealth Rock|[from] move: Rapid Spin|[of] p2a: Torkoal\n|\n|-weather|SunnyDay|[upkeep]\n|upkeep\n|turn|16\n|\n|t:|1656660306\n|-start|p2a: Torkoal|Dynamax|\n|-heal|p2a: Torkoal|522\/522|[silent]\n|move|p1a: Tyrantrum|Head Smash|p2a: Torkoal\n|-supereffective|p2a: Torkoal\n|-crit|p2a: Torkoal\n|-damage|p2a: Torkoal|23\/522\n|-damage|p1a: Tyrantrum|230\/269|[from] item: Life Orb\n|move|p2a: Torkoal|Max Overgrowth|p1a: Tyrantrum\n|-damage|p1a: Tyrantrum|94\/269\n|-fieldstart|move: Grassy Terrain\n|\n|-weather|SunnyDay|[upkeep]\n|-heal|p1a: Tyrantrum|110\/269|[from] Grassy Terrain\n|-heal|p2a: Torkoal|39\/522|[from] Grassy Terrain\n|upkeep\n|turn|17\n|inactive|luka146 has 120 seconds left.\n|\n|t:|1656660328\n|move|p1a: Tyrantrum|Head Smash|p2a: Torkoal\n|-supereffective|p2a: Torkoal\n|-damage|p2a: Torkoal|0 fnt\n|faint|p2a: Torkoal\n|-damage|p1a: Tyrantrum|84\/269|[from] item: Life Orb\n|\n|-weather|SunnyDay|[upkeep]\n|-heal|p1a: Tyrantrum|100\/269|[from] Grassy Terrain\n|upkeep\n|\n|t:|1656660344\n|switch|p2a: Ribombee|Ribombee, L82, F|233\/233\n|turn|18\n|\n|t:|1656660347\n|move|p2a: Ribombee|Sticky Web|p1a: Tyrantrum\n|-sidestart|p1: george malone|move: Sticky Web\n|move|p1a: Tyrantrum|Head Smash|p2a: Ribombee|[miss]\n|-miss|p1a: Tyrantrum|p2a: Ribombee\n|\n|-weather|SunnyDay|[upkeep]\n|-heal|p1a: Tyrantrum|116\/269|[from] Grassy Terrain\n|upkeep\n|turn|19\n|inactive|luka146 has 120 seconds left.\n|\n|t:|1656660356\n|move|p2a: Ribombee|Moonblast|p1a: Tyrantrum\n|-supereffective|p1a: Tyrantrum\n|-damage|p1a: Tyrantrum|0 fnt\n|faint|p1a: Tyrantrum\n|\n|-weather|none\n|upkeep\n|\n|t:|1656660361\n|switch|p1a: Mimikyu|Mimikyu, L76, F|196\/209\n|-activate|p1a: Mimikyu|move: Sticky Web\n|-unboost|p1a: Mimikyu|spe|1\n|turn|20\n|\n|t:|1656660368\n|move|p2a: Ribombee|Stun Spore|p1a: Mimikyu\n|-status|p1a: Mimikyu|par\n|move|p1a: Mimikyu|Swords Dance|p1a: Mimikyu\n|-boost|p1a: Mimikyu|atk|2\n|\n|-heal|p1a: Mimikyu|209\/209 par|[from] Grassy Terrain\n|-fieldend|move: Grassy Terrain\n|upkeep\n|turn|21\n|\n|t:|1656660379\n|move|p2a: Ribombee|U-turn|p1a: Mimikyu\n|-activate|p1a: Mimikyu|ability: Disguise\n|-damage|p1a: Mimikyu|209\/209 par\n|detailschange|p1a: Mimikyu|Mimikyu-Busted, L76, F\n|-damage|p1a: Mimikyu|183\/209 par|[from] pokemon: Mimikyu-Busted\n|\n|t:|1656660386\n|switch|p2a: Durant|Durant, L78, F|150\/219\n|move|p1a: Mimikyu|Swords Dance|p1a: Mimikyu\n|-boost|p1a: Mimikyu|atk|2\n|\n|upkeep\n|turn|22\n|\n|t:|1656660392\n|cant|p1a: Mimikyu|par\n|move|p2a: Durant|Iron Head|p1a: Mimikyu\n|-supereffective|p1a: Mimikyu\n|-damage|p1a: Mimikyu|0 fnt\n|faint|p1a: Mimikyu\n|-damage|p2a: Durant|129\/219|[from] item: Life Orb\n|\n|upkeep\n|-message|george malone forfeited.\n|\n|win|luka146\n|raw|george malone's rating: 1278 &rarr; <strong>1254<\/strong><br \/>(-24 for losing)\n|raw|luka146's rating: 1292 &rarr; <strong>1316<\/strong><br \/>(+24 for winning)\n|l|\u2606george malone\n|j|\u2606george malone\n|player|p1|george malone|170\n","inputlog":">version c9deb73427a02ee53e9833674507ea444b3b3624\n>start {\"formatid\":\"gen8randombattle\",\"seed\":[62871,22790,44061,51674],\"rated\":\"Rated battle\"}\n>player p1 {\"name\":\"george malone\",\"avatar\":\"170\",\"rating\":1255,\"seed\":[47994,1993,52168,16560]}\n>player p2 {\"name\":\"luka146\",\"avatar\":\"101\",\"rating\":1292,\"seed\":[20239,20649,44494,37914]}\n>p1 move toxic\n>p2 move toxic\n>p1 move stealthrock\n>p2 move triattack\n>p1 switch 2\n>p2 move triattack\n>p1 switch 2\n>p2 move discharge\n>p1 move slackoff\n>p2 move recover\n>p1 switch 3\n>p2 switch 3\n>p1 move willowisp\n>p2 switch 6\n>p1 move willowisp\n>p2 move ironhead\n>p1 move willowisp\n>p2 move ironhead\n>p1 switch 3\n>p1 move earthquake\n>p2 switch 3\n>p2 switch 6\n>p1 move toxic\n>p2 move swordsdance\n>p1 move toxic\n>p2 move iciclecrash\n>p1 switch 4\n>p1 move fireblast\n>p2 move iciclecrash\n>p1 switch 5\n>p1 move darkestlariat\n>p2 move aquajet\n>p2 switch 5\n>p1 switch 6\n>p2 move rapidspin\n>p1 move headsmash\n>p2 move solarbeam dynamax\n>p1 move headsmash\n>p2 move solarbeam dynamax\n>p2 switch 4\n>p1 move headsmash\n>p2 move stickyweb\n>p1 move headsmash\n>p2 move moonblast\n>p1 switch 2\n>p1 move swordsdance\n>p2 move stunspore\n>p1 move swordsdance\n>p2 move uturn\n>p2 switch 3\n>p1 move shadowsneak\n>p2 move ironhead\n>forcelose p1","uploadtime":1656660400,"views":8,"p1id":"georgemalone","p2id":"luka146","formatid":"gen8randombattle","rating":1254,"private":0,"password":null}