{"id":"gen8ubers-1085202074","p1":"Hooper69","p2":"Blue chen","format":"gen8ubers","log":"|j|\u2606Hooper69\n|j|\u2606Blue chen\n|player|p1|Hooper69|279|1501\n|player|p2|Blue chen|clair|1563\n|teamsize|p1|6\n|teamsize|p2|6\n|gametype|singles\n|gen|8\n|tier|[Gen 8] Ubers\n|rated|\n|clearpoke\n|poke|p1|Ninjask, F|\n|poke|p1|Bellossom, F|\n|poke|p1|Mew|\n|poke|p1|Indeedee-F, F|\n|poke|p1|Jirachi|\n|poke|p1|Dubwool, M|\n|poke|p2|Ferrothorn, M|\n|poke|p2|Lunala|\n|poke|p2|Mandibuzz, F|\n|poke|p2|Necrozma-Dusk-Mane|\n|poke|p2|Kyurem-Black|\n|poke|p2|Zacian-Crowned|\n|rule|Sleep Clause Mod: Limit one foe put to sleep\n|rule|Species Clause: Limit one of each Pok\u00e9mon\n|rule|OHKO Clause: OHKO moves are banned\n|rule|Evasion Moves Clause: Evasion moves are banned\n|rule|Endless Battle Clause: Forcing endless battles is banned\n|rule|HP Percentage Mod: HP is shown in percentages\n|teampreview\n|\n|start\n|switch|p1a: Big Dub|Dubwool, M, shiny|100\/100\n|switch|p2a: Kyurem|Kyurem-Black|100\/100\n|-ability|p2a: Kyurem|Teravolt\n|turn|1\n|\n|switch|p2a: Lunala|Lunala|100\/100\n|move|p1a: Big Dub|Cotton Guard|p1a: Big Dub\n|-boost|p1a: Big Dub|def|3\n|\n|upkeep\n|turn|2\n|\n|move|p2a: Lunala|Thunder Wave|p1a: Big Dub|[miss]\n|-miss|p2a: Lunala|p1a: Big Dub\n|move|p1a: Big Dub|Baton Pass|p1a: Big Dub\n|\n|switch|p1a: Ninjask|Ninjask, F|100\/100|[from]move: Baton Pass\n|\n|upkeep\n|turn|3\n|\n|move|p1a: Ninjask|Substitute|p1a: Ninjask\n|-start|p1a: Ninjask|Substitute\n|-damage|p1a: Ninjask|76\/100\n|move|p2a: Lunala|Moongeist Beam|p1a: Ninjask\n|-end|p1a: Ninjask|Substitute\n|\n|-ability|p1a: Ninjask|Speed Boost|boost\n|-boost|p1a: Ninjask|spe|1\n|upkeep\n|turn|4\n|\n|switch|p2a: Mandibuzz|Mandibuzz, F|100\/100\n|move|p1a: Ninjask|Substitute|p1a: Ninjask\n|-start|p1a: Ninjask|Substitute\n|-damage|p1a: Ninjask|51\/100\n|\n|-ability|p1a: Ninjask|Speed Boost|boost\n|-boost|p1a: Ninjask|spe|1\n|upkeep\n|turn|5\n|\n|move|p1a: Ninjask|Protect|p1a: Ninjask\n|-singleturn|p1a: Ninjask|Protect\n|move|p2a: Mandibuzz|Taunt|p1a: Ninjask\n|-activate|p1a: Ninjask|move: Protect\n|\n|-ability|p1a: Ninjask|Speed Boost|boost\n|-boost|p1a: Ninjask|spe|1\n|upkeep\n|turn|6\n|\n|move|p1a: Ninjask|Baton Pass|p1a: Ninjask\n|\n|switch|p1a: Jirachi|Jirachi|100\/100|[from]move: Baton Pass\n|move|p2a: Mandibuzz|Knock Off|p1a: Jirachi\n|-supereffective|p1a: Jirachi\n|-activate|p1a: Jirachi|move: Substitute|[damage]\n|\n|upkeep\n|turn|7\n|\n|switch|p2a: Ferrothorn|Ferrothorn, M|100\/100\n|move|p1a: Jirachi|Amnesia|p1a: Jirachi\n|-boost|p1a: Jirachi|spd|2\n|\n|upkeep\n|turn|8\n|\n|move|p1a: Jirachi|Baton Pass|p1a: Jirachi\n|\n|switch|p1a: Bellossom|Bellossom, F|100\/100|[from]move: Baton Pass\n|move|p2a: Ferrothorn|Spikes|p1a: Bellossom\n|-sidestart|p1: Hooper69|Spikes\n|\n|upkeep\n|turn|9\n|\n|switch|p2a: Kyurem|Kyurem-Black|100\/100\n|-ability|p2a: Kyurem|Teravolt\n|move|p1a: Bellossom|Quiver Dance|p1a: Bellossom\n|-boost|p1a: Bellossom|spa|1\n|-boost|p1a: Bellossom|spd|1\n|-boost|p1a: Bellossom|spe|1\n|\n|upkeep\n|turn|10\n|\n|move|p1a: Bellossom|Baton Pass|p1a: Bellossom\n|\n|switch|p1a: Mew|Mew|100\/100|[from]move: Baton Pass\n|-damage|p1a: Mew|88\/100|[from] Spikes\n|move|p2a: Kyurem|Dragon Dance|p2a: Kyurem\n|-boost|p2a: Kyurem|atk|1\n|-boost|p2a: Kyurem|spe|1\n|\n|-heal|p1a: Mew|94\/100|[from] item: Leftovers\n|upkeep\n|turn|11\n|\n|switch|p2a: Mandibuzz|Mandibuzz, F|100\/100\n|move|p1a: Mew|Will-O-Wisp|p2a: Mandibuzz\n|-status|p2a: Mandibuzz|brn\n|\n|-heal|p1a: Mew|100\/100|[from] item: Leftovers\n|-damage|p2a: Mandibuzz|94\/100 brn|[from] brn\n|upkeep\n|turn|12\n|\n|move|p1a: Mew|Taunt|p2a: Mandibuzz\n|-start|p2a: Mandibuzz|move: Taunt\n|cant|p2a: Mandibuzz|move: Taunt|Taunt\n|\n|-damage|p2a: Mandibuzz|88\/100 brn|[from] brn\n|upkeep\n|turn|13\n|\n|move|p1a: Mew|Calm Mind|p1a: Mew\n|-boost|p1a: Mew|spa|1\n|-boost|p1a: Mew|spd|1\n|move|p2a: Mandibuzz|U-turn|p1a: Mew\n|-supereffective|p1a: Mew\n|-end|p1a: Mew|Substitute\n|\n|switch|p2a: Lunala|Lunala|100\/100|[from]move: U-turn\n|\n|upkeep\n|turn|14\n|\n|move|p1a: Mew|Taunt|p2a: Lunala\n|-start|p2a: Lunala|move: Taunt\n|move|p2a: Lunala|Moongeist Beam|p1a: Mew\n|-supereffective|p1a: Mew\n|-damage|p1a: Mew|73\/100\n|\n|-heal|p1a: Mew|79\/100|[from] item: Leftovers\n|upkeep\n|turn|15\n|\n|-start|p2a: Lunala|Dynamax\n|-heal|p2a: Lunala|100\/100|[silent]\n|move|p1a: Mew|Baton Pass|p1a: Mew\n|\n|switch|p1a: Bellossom|Bellossom, F|100\/100|[from]move: Baton Pass\n|-damage|p1a: Bellossom|88\/100|[from] Spikes\n|move|p2a: Lunala|Max Phantasm|p1a: Bellossom\n|-damage|p1a: Bellossom|72\/100\n|-unboost|p1a: Bellossom|def|1\n|\n|-heal|p1a: Bellossom|78\/100|[from] item: Leftovers\n|upkeep\n|turn|16\n|\n|move|p1a: Bellossom|Quiver Dance|p1a: Bellossom\n|-boost|p1a: Bellossom|spa|1\n|-boost|p1a: Bellossom|spd|1\n|-boost|p1a: Bellossom|spe|1\n|move|p2a: Lunala|Max Phantasm|p1a: Bellossom\n|-damage|p1a: Bellossom|64\/100\n|-unboost|p1a: Bellossom|def|1\n|\n|-heal|p1a: Bellossom|70\/100|[from] item: Leftovers\n|-end|p2a: Lunala|move: Taunt\n|upkeep\n|turn|17\n|\n|move|p1a: Bellossom|Quiver Dance|p1a: Bellossom\n|-boost|p1a: Bellossom|spa|1\n|-boost|p1a: Bellossom|spd|1\n|-boost|p1a: Bellossom|spe|1\n|move|p2a: Lunala|Max Phantasm|p1a: Bellossom\n|-damage|p1a: Bellossom|57\/100\n|-unboost|p1a: Bellossom|def|1\n|\n|-heal|p1a: Bellossom|63\/100|[from] item: Leftovers\n|-end|p2a: Lunala|Dynamax\n|-heal|p2a: Lunala|100\/100|[silent]\n|upkeep\n|turn|18\n|\n|switch|p2a: Mandibuzz|Mandibuzz, F|88\/100 brn\n|move|p1a: Bellossom|Substitute|p1a: Bellossom\n|-start|p1a: Bellossom|Substitute\n|-damage|p1a: Bellossom|38\/100\n|\n|-heal|p1a: Bellossom|44\/100|[from] item: Leftovers\n|-damage|p2a: Mandibuzz|82\/100 brn|[from] brn\n|upkeep\n|turn|19\n|\n|move|p1a: Bellossom|Baton Pass|p1a: Bellossom\n|\n|switch|p1a: Indeedee|Indeedee-F, F|100\/100|[from]move: Baton Pass\n|-damage|p1a: Indeedee|88\/100|[from] Spikes\n|-fieldstart|move: Psychic Terrain|[from] ability: Psychic Surge|[of] p1a: Indeedee\n|move|p2a: Mandibuzz|Taunt|p1a: Indeedee\n|-start|p1a: Indeedee|move: Taunt\n|\n|-damage|p2a: Mandibuzz|76\/100 brn|[from] brn\n|upkeep\n|turn|20\n|\n|switch|p2a: Ferrothorn|Ferrothorn, M|100\/100\n|move|p1a: Indeedee|Dazzling Gleam|p2a: Ferrothorn\n|-resisted|p2a: Ferrothorn\n|-damage|p2a: Ferrothorn|73\/100\n|\n|-heal|p2a: Ferrothorn|79\/100|[from] item: Leftovers\n|upkeep\n|turn|21\n|\n|switch|p2a: Mandibuzz|Mandibuzz, F|76\/100 brn\n|move|p1a: Indeedee|Stored Power|p2a: Mandibuzz\n|-immune|p2a: Mandibuzz\n|\n|-damage|p2a: Mandibuzz|70\/100 brn|[from] brn\n|-end|p1a: Indeedee|move: Taunt\n|upkeep\n|turn|22\n|-message|Blue chen forfeited.\n|\n|win|Hooper69\n|l|\u2606Blue chen\n||Ladder (probably) updated, but score could not be retrieved (Response not received).\n","uploadtime":1585160335,"views":25,"p1id":"hooper69","p2id":"bluechen","formatid":"gen8ubers","rating":0,"private":0,"password":null}