{"id":"gen8ou-1237464724","p1":"glaed13","p2":"gen1pikapower","format":"gen8ou","log":"|j|\u2606glaed13\n|j|\u2606gen1pikapower\n|t:|1607140919\n|player|p1|glaed13|cheren-gen5bw2|1437\n|player|p2|gen1pikapower|fisherman-gen4|1395\n|teamsize|p1|6\n|teamsize|p2|6\n|gametype|singles\n|gen|8\n|tier|[Gen 8] OU\n|rated|\n|clearpoke\n|poke|p1|Blaziken, M|\n|poke|p1|Klefki, F|\n|poke|p1|Zapdos-Galar|\n|poke|p1|Scizor, M|\n|poke|p1|Garchomp, F|\n|poke|p1|Ninetales, M|\n|poke|p2|Clefable, M|\n|poke|p2|Druddigon, M|\n|poke|p2|Jirachi|\n|poke|p2|Slowking-Galar, F|\n|poke|p2|Regieleki|\n|poke|p2|Landorus-Therian, M|\n|rule|Sleep Clause Mod: Limit one foe put to sleep\n|rule|Species Clause: Limit one of each Pok\u00e9mon\n|rule|OHKO Clause: OHKO moves are banned\n|rule|Evasion Moves Clause: Evasion moves are banned\n|rule|Endless Battle Clause: Forcing endless battles is banned\n|rule|HP Percentage Mod: HP is shown in percentages\n|rule|Dynamax Clause: You cannot dynamax\n|teampreview\n|inactive|Battle timer is ON: inactive players will automatically lose when time's up. (requested by glaed13)\n|j| Im_fromThailand\n|\n|t:|1607140941\n|start\n|switch|p1a: Zapdos|Zapdos-Galar|100\/100\n|switch|p2a: Druddigon|Druddigon, M|100\/100\n|turn|1\n|\n|t:|1607140961\n|move|p1a: Zapdos|Taunt|p2a: Druddigon\n|-start|p2a: Druddigon|move: Taunt\n|cant|p2a: Druddigon|move: Taunt|Glare\n|\n|upkeep\n|turn|2\n|\n|t:|1607140968\n|move|p1a: Zapdos|Thunderous Kick|p2a: Druddigon\n|-damage|p2a: Druddigon|45\/100\n|-unboost|p2a: Druddigon|def|1\n|move|p2a: Druddigon|Fire Punch|p1a: Zapdos\n|-damage|p1a: Zapdos|50\/100\n|\n|upkeep\n|turn|3\n|\n|t:|1607140987\n|switch|p2a: Landorus|Landorus-Therian, M|100\/100\n|-ability|p2a: Landorus|Intimidate|boost\n|-unboost|p1a: Zapdos|atk|1\n|-ability|p1a: Zapdos|Defiant\n|-boost|p1a: Zapdos|atk|2\n|move|p1a: Zapdos|Thunderous Kick|p2a: Landorus\n|-resisted|p2a: Landorus\n|-damage|p2a: Landorus|71\/100\n|-unboost|p2a: Landorus|def|1\n|\n|-heal|p2a: Landorus|77\/100|[from] item: Leftovers\n|upkeep\n|turn|4\n|\n|t:|1607140995\n|move|p1a: Zapdos|Acrobatics|p2a: Landorus\n|-damage|p2a: Landorus|0 fnt\n|faint|p2a: Landorus\n|\n|upkeep\n|\n|t:|1607141009\n|switch|p2a: Jirachi|Jirachi|100\/100\n|turn|5\n|\n|t:|1607141013\n|switch|p1a: Klefki|Klefki, F, shiny|100\/100\n|move|p2a: Jirachi|Iron Head|p1a: Klefki\n|-damage|p1a: Klefki|66\/100\n|\n|upkeep\n|turn|6\n|\n|t:|1607141024\n|switch|p2a: Druddigon|Druddigon, M|45\/100\n|move|p1a: Klefki|Thunder Wave|p2a: Druddigon|[miss]\n|-miss|p1a: Klefki|p2a: Druddigon\n|\n|upkeep\n|turn|7\n|\n|t:|1607141039\n|move|p1a: Klefki|Thunder Wave|p2a: Druddigon\n|-status|p2a: Druddigon|par\n|move|p2a: Druddigon|Fire Punch|p1a: Klefki\n|-supereffective|p1a: Klefki\n|-damage|p1a: Klefki|0 fnt\n|faint|p1a: Klefki\n|\n|upkeep\n|\n|t:|1607141061\n|switch|p1a: Garchomp|Garchomp, F|100\/100\n|turn|8\n|inactive|gen1pikapower has 120 seconds left.\n|\n|t:|1607141092\n|switch|p2a: Clefable|Clefable, M|100\/100\n|move|p1a: Garchomp|Scale Shot|p2a: Clefable\n|-immune|p2a: Clefable\n|\n|upkeep\n|turn|9\n|inactive|glaed13 has 120 seconds left.\n|\n|t:|1607141124\n|move|p1a: Garchomp|Swords Dance|p1a: Garchomp\n|-boost|p1a: Garchomp|atk|2\n|move|p2a: Clefable|Stealth Rock|p1a: Garchomp\n|-sidestart|p1: glaed13|move: Stealth Rock\n|\n|upkeep\n|turn|10\n|inactive|glaed13 has 120 seconds left.\n|\n|t:|1607141130\n|move|p1a: Garchomp|Earthquake|p2a: Clefable\n|-damage|p2a: Clefable|5\/100\n|move|p2a: Clefable|Moonblast|p1a: Garchomp\n|-supereffective|p1a: Garchomp\n|-damage|p1a: Garchomp|33\/100\n|\n|-heal|p2a: Clefable|11\/100|[from] item: Leftovers\n|upkeep\n|turn|11\n|\n|t:|1607141136\n|move|p1a: Garchomp|Earthquake|p2a: Clefable\n|-damage|p2a: Clefable|0 fnt\n|faint|p2a: Clefable\n|\n|upkeep\n|\n|t:|1607141141\n|switch|p2a: Jirachi|Jirachi|100\/100\n|turn|12\n|\n|t:|1607141156\n|switch|p1a: Blaziken|Blaziken, M|100\/100\n|-damage|p1a: Blaziken|88\/100|[from] Stealth Rock\n|move|p2a: Jirachi|Iron Head|p1a: Blaziken\n|-resisted|p1a: Blaziken\n|-damage|p1a: Blaziken|59\/100\n|\n|upkeep\n|turn|13\n|\n|t:|1607141166\n|move|p2a: Jirachi|Iron Head|p1a: Blaziken\n|-resisted|p1a: Blaziken\n|-damage|p1a: Blaziken|32\/100\n|cant|p1a: Blaziken|flinch\n|\n|-ability|p1a: Blaziken|Speed Boost|boost\n|-boost|p1a: Blaziken|spe|1\n|upkeep\n|turn|14\n|\n|t:|1607141176\n|move|p2a: Jirachi|Iron Head|p1a: Blaziken\n|-resisted|p1a: Blaziken\n|-damage|p1a: Blaziken|4\/100\n|move|p1a: Blaziken|Earthquake|p2a: Jirachi\n|-supereffective|p2a: Jirachi\n|-damage|p2a: Jirachi|30\/100\n|\n|-ability|p1a: Blaziken|Speed Boost|boost\n|-boost|p1a: Blaziken|spe|1\n|upkeep\n|turn|15\n|\n|t:|1607141192\n|switch|p2a: Druddigon|Druddigon, M|45\/100 par\n|move|p1a: Blaziken|Earthquake|p2a: Druddigon\n|-damage|p2a: Druddigon|0 fnt\n|faint|p2a: Druddigon\n|\n|-ability|p1a: Blaziken|Speed Boost|boost\n|-boost|p1a: Blaziken|spe|1\n|upkeep\n|\n|t:|1607141195\n|switch|p2a: Slowking|Slowking-Galar, F|100\/100\n|turn|16\n|\n|t:|1607141204\n|move|p1a: Blaziken|Earthquake|p2a: Slowking\n|-supereffective|p2a: Slowking\n|-damage|p2a: Slowking|29\/100\n|move|p2a: Slowking|Scald|p1a: Blaziken\n|-supereffective|p1a: Blaziken\n|-damage|p1a: Blaziken|0 fnt\n|faint|p1a: Blaziken\n|\n|upkeep\n|\n|t:|1607141215\n|switch|p1a: Garchomp|Garchomp, F|33\/100\n|-damage|p1a: Garchomp|27\/100|[from] Stealth Rock\n|turn|17\n|\n|t:|1607141219\n|move|p1a: Garchomp|Scale Shot|p2a: Slowking\n|-damage|p2a: Slowking|15\/100\n|-damage|p2a: Slowking|0 fnt\n|-hitcount|p2a: Slowking|2\n|-unboost|p1a: Garchomp|def|1\n|-boost|p1a: Garchomp|spe|1\n|faint|p2a: Slowking\n|\n|upkeep\n|\n|t:|1607141236\n|switch|p2a: Regieleki|Regieleki|100\/100\n|turn|18\n|\n|t:|1607141254\n|move|p2a: Regieleki|Swift|p1a: Garchomp\n|-damage|p1a: Garchomp|0 fnt\n|faint|p1a: Garchomp\n|\n|upkeep\n|\n|t:|1607141263\n|switch|p1a: Scizor|Scizor, M|100\/100\n|-damage|p1a: Scizor|88\/100|[from] Stealth Rock\n|turn|19\n|\n|t:|1607141266\n|switch|p2a: Jirachi|Jirachi|30\/100\n|move|p1a: Scizor|Bullet Punch|p2a: Jirachi\n|-resisted|p2a: Jirachi\n|-crit|p2a: Jirachi\n|-damage|p2a: Jirachi|1\/100\n|\n|upkeep\n|turn|20\n|\n|t:|1607141290\n|move|p1a: Scizor|Bullet Punch|p2a: Jirachi\n|-resisted|p2a: Jirachi\n|-damage|p2a: Jirachi|0 fnt\n|faint|p2a: Jirachi\n|\n|upkeep\n|\n|t:|1607141292\n|switch|p2a: Regieleki|Regieleki|100\/100\n|turn|21\n|\n|t:|1607141300\n|move|p1a: Scizor|Bullet Punch|p2a: Regieleki\n|-resisted|p2a: Regieleki\n|-damage|p2a: Regieleki|58\/100\n|move|p2a: Regieleki|Thunderbolt|p1a: Scizor\n|-damage|p1a: Scizor|0 fnt\n|faint|p1a: Scizor\n|\n|upkeep\n|\n|t:|1607141305\n|switch|p1a: Ninetales|Ninetales, M|100\/100\n|-damage|p1a: Ninetales|75\/100|[from] Stealth Rock\n|-weather|SunnyDay|[from] ability: Drought|[of] p1a: Ninetales\n|turn|22\n|\n|t:|1607141307\n|move|p2a: Regieleki|Thunderbolt|p1a: Ninetales\n|-damage|p1a: Ninetales|0 fnt\n|faint|p1a: Ninetales\n|\n|-weather|SunnyDay|[upkeep]\n|upkeep\n|\n|t:|1607141309\n|switch|p1a: Zapdos|Zapdos-Galar|50\/100\n|-damage|p1a: Zapdos|38\/100|[from] Stealth Rock\n|turn|23\n|\n|t:|1607141311\n|move|p2a: Regieleki|Thunderbolt|p1a: Zapdos\n|-supereffective|p1a: Zapdos\n|-damage|p1a: Zapdos|0 fnt\n|faint|p1a: Zapdos\n|\n|win|gen1pikapower\n|l|\u2606glaed13\n|raw|glaed13's rating: 1437 &rarr; <strong>1415<\/strong><br \/>(-22 for losing)\n|raw|gen1pikapower's rating: 1395 &rarr; <strong>1417<\/strong><br \/>(+22 for winning)\n","uploadtime":1607141331,"views":10,"p1id":"glaed13","p2id":"gen1pikapower","formatid":"gen8ou","rating":1415,"private":0,"password":null}