{"id":"gen8ou-1428342991","p1":"BRIFYE","p2":"GGeorgie","format":"gen8ou","log":"|j|\u2606BRIFYE\n|j|\u2606GGeorgie\n|t:|1633250523\n|gametype|singles\n|player|p1|BRIFYE|266|1665\n|player|p2|GGeorgie|hiker-gen2|1756\n|teamsize|p1|6\n|teamsize|p2|6\n|gen|8\n|tier|[Gen 8] OU\n|rated|\n|rule|Sleep Clause Mod: Limit one foe put to sleep\n|rule|Species Clause: Limit one of each Pok\u00e9mon\n|rule|OHKO Clause: OHKO moves are banned\n|rule|Evasion Moves Clause: Evasion moves are banned\n|rule|Endless Battle Clause: Forcing endless battles is banned\n|rule|HP Percentage Mod: HP is shown in percentages\n|rule|Dynamax Clause: You cannot dynamax\n|clearpoke\n|poke|p1|Tapu Lele|\n|poke|p1|Volcarona, M|\n|poke|p1|Slowbro, M|\n|poke|p1|Tapu Koko|\n|poke|p1|Landorus-Therian, M|\n|poke|p1|Clefable, F|\n|poke|p2|Zeraora|\n|poke|p2|Urshifu-*, F|\n|poke|p2|Kyurem|\n|poke|p2|Slowking-Galar, M|\n|poke|p2|Corviknight, F|\n|poke|p2|Hippowdon, F|\n|teampreview\n|j| assweasswecan\n|inactive|Battle timer is ON: inactive players will automatically lose when time's up. (requested by GGeorgie)\n|j| guhoo\n|j| OutScald\n|\n|t:|1633250539\n|start\n|switch|p1a: Tapu Lele|Tapu Lele|100\/100\n|switch|p2a: Kyurem|Kyurem|100\/100\n|-fieldstart|move: Psychic Terrain|[from] ability: Psychic Surge|[of] p1a: Tapu Lele\n|-ability|p2a: Kyurem|Pressure\n|turn|1\n|\n|t:|1633250548\n|move|p1a: Tapu Lele|Psychic|p2a: Kyurem\n|-damage|p2a: Kyurem|6\/100\n|-unboost|p2a: Kyurem|spd|1\n|move|p2a: Kyurem|Ice Beam|p1a: Tapu Lele\n|-damage|p1a: Tapu Lele|14\/100\n|\n|upkeep\n|turn|2\n|\n|t:|1633250558\n|switch|p2a: Corviknight|Corviknight, F|100\/100\n|-ability|p2a: Corviknight|Pressure\n|move|p1a: Tapu Lele|Psychic|p2a: Corviknight\n|-resisted|p2a: Corviknight\n|-damage|p2a: Corviknight|57\/100\n|\n|upkeep\n|turn|3\n|\n|t:|1633250565\n|move|p1a: Tapu Lele|Psychic|p2a: Corviknight\n|-resisted|p2a: Corviknight\n|-damage|p2a: Corviknight|11\/100\n|move|p2a: Corviknight|Roost|p2a: Corviknight\n|-heal|p2a: Corviknight|61\/100\n|-singleturn|p2a: Corviknight|move: Roost\n|\n|upkeep\n|turn|4\n|\n|t:|1633250571\n|move|p1a: Tapu Lele|Psychic|p2a: Corviknight\n|-resisted|p2a: Corviknight\n|-damage|p2a: Corviknight|17\/100\n|-unboost|p2a: Corviknight|spd|1\n|move|p2a: Corviknight|Roost|p2a: Corviknight\n|-heal|p2a: Corviknight|67\/100\n|-singleturn|p2a: Corviknight|move: Roost\n|\n|upkeep\n|turn|5\n|\n|t:|1633250578\n|switch|p2a: Slowking|Slowking-Galar, M, shiny|100\/100\n|move|p1a: Tapu Lele|Psychic|p2a: Slowking\n|-damage|p2a: Slowking|55\/100\n|\n|-fieldend|move: Psychic Terrain\n|upkeep\n|turn|6\n|\n|t:|1633250608\n|switch|p1a: Slowbro|Slowbro, M|100\/100\n|move|p2a: Slowking|Ice Beam|p1a: Slowbro\n|-resisted|p1a: Slowbro\n|-damage|p1a: Slowbro|86\/100\n|-status|p1a: Slowbro|frz\n|\n|upkeep\n|turn|7\n|\n|t:|1633250618\n|move|p2a: Slowking|Future Sight|p1a: Slowbro\n|-start|p2a: Slowking|move: Future Sight\n|-curestatus|p1a: Slowbro|frz|[from] move: Scald\n|move|p1a: Slowbro|Scald|p2a: Slowking\n|-damage|p2a: Slowking|40\/100\n|\n|upkeep\n|turn|8\n|\n|t:|1633250639\n|move|p2a: Slowking|Sludge Bomb|p1a: Slowbro\n|-damage|p1a: Slowbro|43\/100\n|move|p1a: Slowbro|Future Sight|p2a: Slowking\n|-start|p1a: Slowbro|move: Future Sight\n|\n|upkeep\n|turn|9\n|\n|t:|1633250644\n|move|p2a: Slowking|Ice Beam|p1a: Slowbro\n|-resisted|p1a: Slowbro\n|-damage|p1a: Slowbro|28\/100\n|move|p1a: Slowbro|Slack Off|p1a: Slowbro\n|-heal|p1a: Slowbro|78\/100\n|\n|-end|p1a: Slowbro|move: Future Sight\n|-resisted|p1a: Slowbro\n|-damage|p1a: Slowbro|50\/100\n|upkeep\n|turn|10\n|\n|t:|1633250657\n|move|p2a: Slowking|Sludge Bomb|p1a: Slowbro\n|-damage|p1a: Slowbro|5\/100\n|move|p1a: Slowbro|Teleport|p1a: Slowbro\n|\n|t:|1633250663\n|switch|p1a: Clefable|Clefable, F|100\/100|[from]move: Teleport\n|\n|-end|p2a: Slowking|move: Future Sight\n|-damage|p2a: Slowking|20\/100\n|upkeep\n|turn|11\n|\n|t:|1633250668\n|move|p1a: Clefable|Knock Off|p2a: Slowking\n|-supereffective|p2a: Slowking\n|-damage|p2a: Slowking|0 fnt\n|-enditem|p2a: Slowking|Assault Vest|[from] move: Knock Off|[of] p1a: Clefable\n|faint|p2a: Slowking\n|\n|upkeep\n|\n|t:|1633250682\n|switch|p2a: Zeraora|Zeraora|100\/100\n|turn|12\n|\n|t:|1633250686\n|switch|p1a: Landorus|Landorus-Therian, M|100\/100\n|-ability|p1a: Landorus|Intimidate|boost\n|-unboost|p2a: Zeraora|atk|1\n|move|p2a: Zeraora|Plasma Fists|p1a: Landorus\n|-immune|p1a: Landorus\n|\n|upkeep\n|turn|13\n|\n|t:|1633250694\n|switch|p2a: Corviknight|Corviknight, F|67\/100\n|-ability|p2a: Corviknight|Pressure\n|move|p1a: Landorus|Swords Dance|p1a: Landorus\n|-boost|p1a: Landorus|atk|2\n|\n|upkeep\n|turn|14\n|\n|t:|1633250700\n|move|p1a: Landorus|Stone Edge|p2a: Corviknight\n|-damage|p2a: Corviknight|20\/100\n|move|p2a: Corviknight|U-turn|p1a: Landorus\n|-resisted|p1a: Landorus\n|-damage|p1a: Landorus|92\/100\n|\n|t:|1633250702\n|switch|p2a: Urshifu|Urshifu-Rapid-Strike, F|100\/100|[from]move: U-turn\n|\n|-heal|p1a: Landorus|98\/100|[from] item: Leftovers\n|upkeep\n|turn|15\n|\n|t:|1633250718\n|move|p2a: Urshifu|U-turn|p1a: Landorus\n|-resisted|p1a: Landorus\n|-damage|p1a: Landorus|78\/100\n|\n|t:|1633250728\n|switch|p2a: Corviknight|Corviknight, F|20\/100|[from]move: U-turn\n|-ability|p2a: Corviknight|Pressure\n|move|p1a: Landorus|Substitute|p1a: Landorus\n|-start|p1a: Landorus|Substitute\n|-damage|p1a: Landorus|53\/100\n|\n|-heal|p1a: Landorus|59\/100|[from] item: Leftovers\n|upkeep\n|turn|16\n|\n|t:|1633250736\n|switch|p2a: Urshifu|Urshifu-Rapid-Strike, F|100\/100\n|move|p1a: Landorus|Stone Edge|p2a: Urshifu\n|-resisted|p2a: Urshifu\n|-damage|p2a: Urshifu|61\/100\n|\n|-heal|p1a: Landorus|65\/100|[from] item: Leftovers\n|upkeep\n|turn|17\n|\n|t:|1633250745\n|switch|p1a: Slowbro|Slowbro, M|38\/100\n|move|p2a: Urshifu|Surging Strikes|p1a: Slowbro\n|-resisted|p1a: Slowbro\n|-crit|p1a: Slowbro\n|-damage|p1a: Slowbro|29\/100\n|-resisted|p1a: Slowbro\n|-crit|p1a: Slowbro\n|-damage|p1a: Slowbro|21\/100\n|-resisted|p1a: Slowbro\n|-crit|p1a: Slowbro\n|-damage|p1a: Slowbro|12\/100\n|-hitcount|p1a: Slowbro|3\n|\n|upkeep\n|turn|18\n|\n|t:|1633250755\n|move|p2a: Urshifu|Surging Strikes|p1a: Slowbro\n|-resisted|p1a: Slowbro\n|-crit|p1a: Slowbro\n|-damage|p1a: Slowbro|2\/100\n|-resisted|p1a: Slowbro\n|-crit|p1a: Slowbro\n|-damage|p1a: Slowbro|0 fnt\n|faint|p1a: Slowbro\n|-hitcount|p1: Slowbro|2\n|\n|upkeep\n|j| Etienne Sanglier\n|\n|t:|1633250765\n|switch|p1a: Tapu Koko|Tapu Koko|100\/100\n|-fieldstart|move: Electric Terrain|[from] ability: Electric Surge|[of] p1a: Tapu Koko\n|turn|19\n|\n|t:|1633250773\n|switch|p1a: Tapu Lele|Tapu Lele|14\/100\n|-fieldstart|move: Psychic Terrain|[from] ability: Psychic Surge|[of] p1a: Tapu Lele\n|switch|p2a: Hippowdon|Hippowdon, F|100\/100\n|-weather|Sandstorm|[from] ability: Sand Stream|[of] p2a: Hippowdon\n|\n|-weather|Sandstorm|[upkeep]\n|-damage|p1a: Tapu Lele|8\/100|[from] Sandstorm\n|upkeep\n|turn|20\n|\n|t:|1633250787\n|switch|p2a: Kyurem|Kyurem|6\/100\n|-ability|p2a: Kyurem|Pressure\n|move|p1a: Tapu Lele|Psychic|p2a: Kyurem\n|-damage|p2a: Kyurem|0 fnt\n|faint|p2a: Kyurem\n|\n|-weather|Sandstorm|[upkeep]\n|-damage|p1a: Tapu Lele|2\/100|[from] Sandstorm\n|upkeep\n|\n|t:|1633250789\n|switch|p2a: Zeraora|Zeraora|100\/100\n|turn|21\n|\n|t:|1633250806\n|move|p2a: Zeraora|Knock Off|p1a: Tapu Lele\n|-damage|p1a: Tapu Lele|0 fnt\n|-enditem|p1a: Tapu Lele|Choice Specs|[from] move: Knock Off|[of] p2a: Zeraora\n|faint|p1a: Tapu Lele\n|\n|-weather|Sandstorm|[upkeep]\n|-damage|p2a: Zeraora|95\/100|[from] Sandstorm\n|upkeep\n|\n|t:|1633250812\n|switch|p1a: Landorus|Landorus-Therian, M|65\/100\n|-ability|p1a: Landorus|Intimidate|boost\n|-unboost|p2a: Zeraora|atk|1\n|turn|22\n|\n|t:|1633250818\n|switch|p2a: Corviknight|Corviknight, F|20\/100\n|-ability|p2a: Corviknight|Pressure\n|move|p1a: Landorus|Earthquake|p2a: Corviknight\n|-immune|p2a: Corviknight\n|\n|-weather|Sandstorm|[upkeep]\n|-heal|p1a: Landorus|71\/100|[from] item: Leftovers\n|upkeep\n|turn|23\n|\n|t:|1633250826\n|switch|p2a: Urshifu|Urshifu-Rapid-Strike, F|61\/100\n|move|p1a: Landorus|Stone Edge|p2a: Urshifu\n|-resisted|p2a: Urshifu\n|-damage|p2a: Urshifu|42\/100\n|\n|-weather|none\n|-heal|p1a: Landorus|77\/100|[from] item: Leftovers\n|-fieldend|move: Psychic Terrain\n|upkeep\n|turn|24\n|\n|t:|1633250853\n|switch|p1a: Tapu Koko|Tapu Koko|100\/100\n|-fieldstart|move: Electric Terrain|[from] ability: Electric Surge|[of] p1a: Tapu Koko\n|move|p2a: Urshifu|Surging Strikes|p1a: Tapu Koko\n|-crit|p1a: Tapu Koko\n|-damage|p1a: Tapu Koko|69\/100\n|-crit|p1a: Tapu Koko\n|-damage|p1a: Tapu Koko|33\/100\n|-crit|p1a: Tapu Koko\n|-damage|p1a: Tapu Koko|0 fnt\n|faint|p1a: Tapu Koko\n|-hitcount|p1: Tapu Koko|3\n|\n|upkeep\n|inactive|BRIFYE has 120 seconds left.\n|\n|t:|1633250867\n|switch|p1a: Volcarona|Volcarona, M|100\/100\n|turn|25\n|inactive|BRIFYE has 120 seconds left.\n|\n|t:|1633250879\n|switch|p2a: Hippowdon|Hippowdon, F|100\/100\n|-weather|Sandstorm|[from] ability: Sand Stream|[of] p2a: Hippowdon\n|move|p1a: Volcarona|Quiver Dance|p1a: Volcarona\n|-boost|p1a: Volcarona|spa|1\n|-boost|p1a: Volcarona|spd|1\n|-boost|p1a: Volcarona|spe|1\n|\n|-weather|Sandstorm|[upkeep]\n|-damage|p1a: Volcarona|94\/100|[from] Sandstorm\n|upkeep\n|turn|26\n|l| Etienne Sanglier\n|j| BTTisBTT\n|\n|t:|1633250888\n|move|p1a: Volcarona|Fiery Dance|p2a: Hippowdon\n|-damage|p2a: Hippowdon|50\/100\n|-boost|p1a: Volcarona|spa|1\n|move|p2a: Hippowdon|Toxic|p1a: Volcarona\n|-status|p1a: Volcarona|tox\n|\n|-weather|Sandstorm|[upkeep]\n|-damage|p1a: Volcarona|88\/100 tox|[from] Sandstorm\n|-heal|p2a: Hippowdon|56\/100|[from] item: Leftovers\n|-damage|p1a: Volcarona|82\/100 tox|[from] psn\n|upkeep\n|turn|27\n|\n|t:|1633250898\n|switch|p2a: Corviknight|Corviknight, F|20\/100\n|-ability|p2a: Corviknight|Pressure\n|move|p1a: Volcarona|Fiery Dance|p2a: Corviknight\n|-supereffective|p2a: Corviknight\n|-damage|p2a: Corviknight|0 fnt\n|-boost|p1a: Volcarona|spa|1\n|faint|p2a: Corviknight\n|\n|-weather|Sandstorm|[upkeep]\n|-damage|p1a: Volcarona|76\/100 tox|[from] Sandstorm\n|-damage|p1a: Volcarona|64\/100 tox|[from] psn\n|upkeep\n|\n|t:|1633250900\n|switch|p2a: Urshifu|Urshifu-Rapid-Strike, F|42\/100\n|turn|28\n|\n|t:|1633250912\n|move|p2a: Urshifu|Aqua Jet|p1a: Volcarona\n|-supereffective|p1a: Volcarona\n|-damage|p1a: Volcarona|0 fnt\n|faint|p1a: Volcarona\n|\n|-weather|Sandstorm|[upkeep]\n|-damage|p2a: Urshifu|35\/100|[from] Sandstorm\n|-fieldend|move: Electric Terrain\n|upkeep\n|c| BTTisBTT|dont\n|\n|t:|1633250921\n|switch|p1a: Landorus|Landorus-Therian, M|77\/100\n|-ability|p1a: Landorus|Intimidate|boost\n|-unboost|p2a: Urshifu|atk|1\n|turn|29\n|c| BTTisBTT|stop\n|c| BTTisBTT|me\n|c| BTTisBTT|now\n|c| BTTisBTT|bye\n|c|\u2606GGeorgie|thanks gamer\n|\n|t:|1633250938\n|switch|p2a: Hippowdon|Hippowdon, F|56\/100\n|move|p1a: Landorus|Earthquake|p2a: Hippowdon\n|-damage|p2a: Hippowdon|19\/100\n|\n|-weather|none\n|-heal|p1a: Landorus|83\/100|[from] item: Leftovers\n|-heal|p2a: Hippowdon|25\/100|[from] item: Leftovers\n|upkeep\n|turn|30\n|c| BTTisBTT|thanks georgie\n|c| BTTisBTT|nice to meet you\n|\n|t:|1633250951\n|move|p1a: Landorus|Earthquake|p2a: Hippowdon\n|-damage|p2a: Hippowdon|0 fnt\n|faint|p2a: Hippowdon\n|\n|-heal|p1a: Landorus|89\/100|[from] item: Leftovers\n|upkeep\n|\n|t:|1633250953\n|switch|p2a: Urshifu|Urshifu-Rapid-Strike, F|35\/100\n|turn|31\n|\n|t:|1633250961\n|move|p2a: Urshifu|Surging Strikes|p1a: Landorus\n|-supereffective|p1a: Landorus\n|-crit|p1a: Landorus\n|-damage|p1a: Landorus|20\/100\n|-supereffective|p1a: Landorus\n|-crit|p1a: Landorus\n|-damage|p1a: Landorus|0 fnt\n|faint|p1a: Landorus\n|-hitcount|p1: Landorus|2\n|\n|upkeep\n|\n|t:|1633250967\n|switch|p1a: Clefable|Clefable, F|100\/100\n|turn|32\n|\n|t:|1633250973\n|move|p2a: Urshifu|Surging Strikes|p1a: Clefable\n|-crit|p1a: Clefable\n|-damage|p1a: Clefable|68\/100\n|-crit|p1a: Clefable\n|-damage|p1a: Clefable|37\/100\n|-crit|p1a: Clefable\n|-damage|p1a: Clefable|7\/100\n|-hitcount|p1a: Clefable|3\n|move|p1a: Clefable|Moonblast|p2a: Urshifu\n|-supereffective|p2a: Urshifu\n|-damage|p2a: Urshifu|0 fnt\n|faint|p2a: Urshifu\n|\n|-heal|p1a: Clefable|13\/100|[from] item: Leftovers\n|upkeep\n|\n|t:|1633250975\n|switch|p2a: Zeraora|Zeraora|95\/100\n|turn|33\n|c| BTTisBTT|gg\n|c|\u2606GGeorgie|gg\n|c|\u2606BRIFYE|gg\n|\n|t:|1633250987\n|move|p2a: Zeraora|Plasma Fists|p1a: Clefable\n|-damage|p1a: Clefable|0 fnt\n|faint|p1a: Clefable\n|\n|win|GGeorgie\n|raw|BRIFYE's rating: 1665 &rarr; <strong>1650<\/strong><br \/>(-15 for losing)\n|raw|GGeorgie's rating: 1756 &rarr; <strong>1771<\/strong><br \/>(+15 for winning)\n|l|\u2606BRIFYE\n","uploadtime":1633250990,"views":51,"p1id":"brifye","p2id":"ggeorgie","formatid":"gen8ou","rating":1650,"private":0,"password":null}