{"id":"gen8ou-1177320626","p1":"LT73IU Mannat1","p2":"relic stone","format":"gen8ou","log":"|raw|<div class=\"broadcast-blue\"><strong>This battle is required to be public due to a player having a name starting with 'LT73IU'.<\/div>\n|j|\u2606LT73IU Mannat1\n|j|\u2606relic stone\n|t:|1598667404\n|player|p1|LT73IU Mannat1|ninjaboy|2029\n|player|p2|relic stone|lusamine-nihilego|1927\n|teamsize|p1|6\n|teamsize|p2|6\n|gametype|singles\n|gen|8\n|tier|[Gen 8] OU\n|rated|\n|clearpoke\n|poke|p1|Hatterene, F|\n|poke|p1|Tyranitar, M|\n|poke|p1|Excadrill, M|\n|poke|p1|Amoonguss, M|\n|poke|p1|Corviknight, M|\n|poke|p1|Kyurem|\n|poke|p2|Zeraora|\n|poke|p2|Pelipper, M|\n|poke|p2|Urshifu-*, M|\n|poke|p2|Tangrowth, M|\n|poke|p2|Excadrill, M|\n|poke|p2|Clefable, M|\n|rule|Sleep Clause Mod: Limit one foe put to sleep\n|rule|Species Clause: Limit one of each Pok\u00e9mon\n|rule|OHKO Clause: OHKO moves are banned\n|rule|Evasion Moves Clause: Evasion moves are banned\n|rule|Endless Battle Clause: Forcing endless battles is banned\n|rule|HP Percentage Mod: HP is shown in percentages\n|rule|Dynamax Clause: You cannot dynamax\n|teampreview\n|j| lt73iu luca fan\n|c| lt73iu luca fan|ank\n|j| LT73IU TDNT\n|j| egalvanc\n|inactive|Battle timer is ON: inactive players will automatically lose when time's up. (requested by LT73IU Mannat1)\n|c|\u2606relic stone|hf john\n|\n|t:|1598667421\n|start\n|switch|p1a: Kyurem|Kyurem|100\/100\n|switch|p2a: Impaler|Excadrill, M|100\/100\n|-ability|p1a: Kyurem|Pressure\n|-ability|p2a: Impaler|Mold Breaker\n|turn|1\n|l| LT73IU TDNT\n|j| Livio ElTito\n|inactive|LT73IU Mannat1 has 120 seconds left.\n|j| Gurkaii\n|j| LT73IU Cora\n|\n|t:|1598667468\n|switch|p1a: Corviknight|Corviknight, M|100\/100\n|-ability|p1a: Corviknight|Pressure\n|move|p2a: Impaler|Stealth Rock|p1a: Corviknight\n|-sidestart|p1: LT73IU Mannat1|move: Stealth Rock\n|\n|upkeep\n|turn|2\n|l| Gurkaii\n|\n|t:|1598667477\n|switch|p2a: Messenger|Pelipper, M|100\/100\n|-weather|RainDance|[from] ability: Drizzle|[of] p2a: Messenger\n|move|p1a: Corviknight|Defog|p2a: Messenger\n|-unboost|p2a: Messenger|evasion|1\n|-sideend|p1: LT73IU Mannat1|Stealth Rock|[from] move: Defog|[of] p1a: Corviknight\n|\n|-weather|RainDance|[upkeep]\n|upkeep\n|turn|3\n|inactive|LT73IU Mannat1 has 120 seconds left.\n|j| Charl Dunois\n|\n|t:|1598667503\n|switch|p1a: Tyranitar|Tyranitar, M|100\/100\n|-weather|Sandstorm|[from] ability: Sand Stream|[of] p1a: Tyranitar\n|move|p2a: Messenger|Hydro Pump|p1a: Tyranitar|[miss]\n|-miss|p2a: Messenger|p1a: Tyranitar\n|\n|-weather|Sandstorm|[upkeep]\n|-damage|p2a: Messenger|94\/100|[from] Sandstorm\n|upkeep\n|turn|4\n|j| Edgar Allan Poem\n|\n|t:|1598667511\n|switch|p2a: Impaler|Excadrill, M|100\/100\n|-ability|p2a: Impaler|Mold Breaker\n|move|p1a: Tyranitar|Crunch|p2a: Impaler\n|-damage|p2a: Impaler|59\/100\n|-unboost|p2a: Impaler|def|1\n|\n|-weather|Sandstorm|[upkeep]\n|-heal|p2a: Impaler|66\/100|[from] item: Leftovers\n|upkeep\n|turn|5\n|\n|t:|1598667516\n|move|p2a: Impaler|Stealth Rock|p1a: Tyranitar\n|-sidestart|p1: LT73IU Mannat1|move: Stealth Rock\n|move|p1a: Tyranitar|Crunch|p2a: Impaler\n|-damage|p2a: Impaler|0 fnt\n|faint|p2a: Impaler\n|\n|-weather|Sandstorm|[upkeep]\n|upkeep\n|\n|t:|1598667518\n|switch|p2a: Top Striker|Urshifu-Rapid-Strike, M, shiny|100\/100\n|turn|6\n|\n|t:|1598667522\n|switch|p1a: Amoonguss|Amoonguss, M|100\/100\n|-damage|p1a: Amoonguss|88\/100|[from] Stealth Rock\n|move|p2a: Top Striker|U-turn|p1a: Amoonguss\n|-damage|p1a: Amoonguss|59\/100\n|-damage|p2a: Top Striker|84\/100|[from] item: Rocky Helmet|[of] p1a: Amoonguss\n|j| spikematoi\n|\n|t:|1598667525\n|switch|p2a: Messenger|Pelipper, M|94\/100|[from]move: U-turn\n|-weather|RainDance|[from] ability: Drizzle|[of] p2a: Messenger\n|\n|-weather|RainDance|[upkeep]\n|upkeep\n|turn|7\n|\n|t:|1598667532\n|switch|p1a: Tyranitar|Tyranitar, M|100\/100\n|-damage|p1a: Tyranitar|88\/100|[from] Stealth Rock\n|-weather|Sandstorm|[from] ability: Sand Stream|[of] p1a: Tyranitar\n|move|p2a: Messenger|Hydro Pump|p1a: Tyranitar\n|-supereffective|p1a: Tyranitar\n|-damage|p1a: Tyranitar|15\/100\n|\n|-weather|Sandstorm|[upkeep]\n|-damage|p2a: Messenger|88\/100|[from] Sandstorm\n|-heal|p1a: Tyranitar|21\/100|[from] item: Leftovers\n|upkeep\n|turn|8\n|\n|t:|1598667543\n|move|p2a: Messenger|Hydro Pump|p1a: Tyranitar\n|-supereffective|p1a: Tyranitar\n|-damage|p1a: Tyranitar|0 fnt\n|faint|p1a: Tyranitar\n|\n|-weather|Sandstorm|[upkeep]\n|-damage|p2a: Messenger|82\/100|[from] Sandstorm\n|upkeep\n|\n|t:|1598667548\n|switch|p1a: Kyurem|Kyurem|100\/100\n|-damage|p1a: Kyurem|76\/100|[from] Stealth Rock\n|-ability|p1a: Kyurem|Pressure\n|turn|9\n|j| LT73IU Dallyranks\n|\n|t:|1598667554\n|switch|p1a: Excadrill|Excadrill, M|100\/100\n|-damage|p1a: Excadrill|97\/100|[from] Stealth Rock\n|switch|p2a: Ramen|Tangrowth, M|100\/100\n|\n|-weather|Sandstorm|[upkeep]\n|-damage|p2a: Ramen|94\/100|[from] Sandstorm\n|-heal|p1a: Excadrill|100\/100|[from] item: Leftovers\n|upkeep\n|turn|10\n|\n|t:|1598667561\n|move|p1a: Excadrill|Rapid Spin|p2a: Ramen\n|-damage|p2a: Ramen|85\/100\n|-boost|p1a: Excadrill|spe|1\n|-damage|p1a: Excadrill|84\/100|[from] item: Rocky Helmet|[of] p2a: Ramen\n|-sideend|p1: LT73IU Mannat1|Stealth Rock|[from] move: Rapid Spin|[of] p1a: Excadrill\n|move|p2a: Ramen|Sleep Powder|p1a: Excadrill|[miss]\n|-miss|p2a: Ramen|p1a: Excadrill\n|\n|-weather|Sandstorm|[upkeep]\n|-damage|p2a: Ramen|79\/100|[from] Sandstorm\n|-heal|p1a: Excadrill|90\/100|[from] item: Leftovers\n|upkeep\n|turn|11\n|j| kkjgkjh\n|j| LT73IU Skype\n|\n|t:|1598667569\n|switch|p1a: Amoonguss|Amoonguss, M|93\/100\n|switch|p2a: Messenger|Pelipper, M|82\/100\n|-weather|RainDance|[from] ability: Drizzle|[of] p2a: Messenger\n|\n|-weather|RainDance|[upkeep]\n|upkeep\n|turn|12\n|\n|t:|1598667574\n|switch|p1a: Corviknight|Corviknight, M|100\/100\n|-ability|p1a: Corviknight|Pressure\n|move|p2a: Messenger|Hurricane|p1a: Corviknight\n|-resisted|p1a: Corviknight\n|-damage|p1a: Corviknight|64\/100\n|\n|-weather|RainDance|[upkeep]\n|upkeep\n|turn|13\n|j| BagelJohn\n|\n|t:|1598667581\n|switch|p2a: Top Striker|Urshifu-Rapid-Strike, M, shiny|84\/100\n|move|p1a: Corviknight|Roost|p1a: Corviknight\n|-heal|p1a: Corviknight|100\/100\n|-singleturn|p1a: Corviknight|move: Roost\n|\n|-weather|RainDance|[upkeep]\n|upkeep\n|turn|14\n|\n|t:|1598667588\n|switch|p1a: Amoonguss|Amoonguss, M|100\/100\n|move|p2a: Top Striker|Surging Strikes|p1a: Amoonguss\n|-resisted|p1a: Amoonguss\n|-crit|p1a: Amoonguss\n|-damage|p1a: Amoonguss|82\/100\n|-damage|p2a: Top Striker|67\/100|[from] item: Rocky Helmet|[of] p1a: Amoonguss\n|-resisted|p1a: Amoonguss\n|-crit|p1a: Amoonguss\n|-damage|p1a: Amoonguss|67\/100\n|-damage|p2a: Top Striker|50\/100|[from] item: Rocky Helmet|[of] p1a: Amoonguss\n|-resisted|p1a: Amoonguss\n|-crit|p1a: Amoonguss\n|-damage|p1a: Amoonguss|51\/100\n|-damage|p2a: Top Striker|34\/100|[from] item: Rocky Helmet|[of] p1a: Amoonguss\n|-hitcount|p1a: Amoonguss|3\n|\n|-weather|RainDance|[upkeep]\n|upkeep\n|turn|15\n|j| LT73IU vso\n|\n|t:|1598667596\n|move|p2a: Top Striker|Surging Strikes|p1a: Amoonguss\n|-resisted|p1a: Amoonguss\n|-crit|p1a: Amoonguss\n|-damage|p1a: Amoonguss|35\/100\n|-damage|p2a: Top Striker|17\/100|[from] item: Rocky Helmet|[of] p1a: Amoonguss\n|-resisted|p1a: Amoonguss\n|-crit|p1a: Amoonguss\n|-damage|p1a: Amoonguss|17\/100\n|-damage|p2a: Top Striker|0 fnt|[from] item: Rocky Helmet|[of] p1a: Amoonguss\n|-hitcount|p1a: Amoonguss|2\n|faint|p2a: Top Striker\n|move|p1a: Amoonguss|Sludge Bomb|p2: Top Striker|[notarget]\n|-fail|p1a: Amoonguss\n|\n|-weather|none\n|upkeep\n|\n|t:|1598667600\n|switch|p2a: Zephyr|Zeraora|100\/100\n|turn|16\n|\n|t:|1598667618\n|switch|p1a: Excadrill|Excadrill, M|90\/100\n|move|p2a: Zephyr|Calm Mind|p2a: Zephyr\n|-boost|p2a: Zephyr|spa|1\n|-boost|p2a: Zephyr|spd|1\n|\n|-heal|p1a: Excadrill|96\/100|[from] item: Leftovers\n|upkeep\n|turn|17\n|\n|t:|1598667626\n|move|p2a: Zephyr|Focus Blast|p1a: Excadrill\n|-supereffective|p1a: Excadrill\n|-damage|p1a: Excadrill|0 fnt\n|faint|p1a: Excadrill\n|\n|upkeep\n|\n|t:|1598667628\n|switch|p1a: Amoonguss|Amoonguss, M|50\/100\n|turn|18\n|\n|t:|1598667633\n|move|p2a: Zephyr|Calm Mind|p2a: Zephyr\n|-boost|p2a: Zephyr|spa|1\n|-boost|p2a: Zephyr|spd|1\n|move|p1a: Amoonguss|Spore|p2a: Zephyr\n|-status|p2a: Zephyr|slp|[from] move: Spore\n|\n|upkeep\n|turn|19\n|\n|t:|1598667638\n|switch|p1a: Hatterene|Hatterene, F|100\/100\n|cant|p2a: Zephyr|slp\n|\n|upkeep\n|turn|20\n|\n|t:|1598667640\n|-curestatus|p2a: Zephyr|slp|[msg]\n|move|p2a: Zephyr|Thunderbolt|p1a: Hatterene\n|-damage|p1a: Hatterene|21\/100\n|move|p1a: Hatterene|Calm Mind|p1a: Hatterene\n|-boost|p1a: Hatterene|spa|1\n|-boost|p1a: Hatterene|spd|1\n|\n|-heal|p1a: Hatterene|27\/100|[from] item: Leftovers\n|upkeep\n|turn|21\n|l| LT73IU Skype\n|\n|t:|1598667642\n|move|p2a: Zephyr|Thunderbolt|p1a: Hatterene\n|-damage|p1a: Hatterene|0 fnt\n|faint|p1a: Hatterene\n|\n|upkeep\n|\n|t:|1598667645\n|switch|p1a: Kyurem|Kyurem|76\/100\n|-ability|p1a: Kyurem|Pressure\n|turn|22\n|\n|t:|1598667647\n|move|p2a: Zephyr|Focus Blast|p1a: Kyurem\n|-supereffective|p1a: Kyurem\n|-damage|p1a: Kyurem|0 fnt\n|faint|p1a: Kyurem\n|\n|upkeep\n|-message|LT73IU Mannat1 forfeited.\n|\n|win|relic stone\n|l|\u2606LT73IU Mannat1\n|raw|LT73IU Mannat1's rating: 2043 &rarr; <strong>2016<\/strong><br \/>(-27 for losing)\n|raw|relic stone's rating: 1910 &rarr; <strong>1937<\/strong><br \/>(+27 for winning)\n","uploadtime":1598667654,"views":225,"p1id":"lt73iumannat1","p2id":"relicstone","formatid":"gen8ou","rating":1937,"private":0,"password":null}