{"id":"gen8nationaldex-1328933589","p1":"Mydaybefine","p2":"mongwong","format":"gen8nationaldex","log":"|j|\u2606Mydaybefine\n|j|\u2606mongwong\n|t:|1619408860\n|gametype|singles\n|player|p1|Mydaybefine|lass-gen4dp|1560\n|player|p2|mongwong|silver|1646\n|teamsize|p1|6\n|teamsize|p2|6\n|gen|8\n|tier|[Gen 8] National Dex\n|rated|\n|clearpoke\n|poke|p1|Landorus-Therian, M|\n|poke|p1|Celesteela|\n|poke|p1|Lopunny, F|\n|poke|p1|Rillaboom, M|\n|poke|p1|Victini|\n|poke|p1|Hydreigon, F|\n|poke|p2|Pelipper, F|\n|poke|p2|Swampert, F|\n|poke|p2|Barraskewda, F|\n|poke|p2|Kommo-o, F|\n|poke|p2|Magnezone|\n|poke|p2|Zapdos|\n|rule|HP Percentage Mod: HP is shown in percentages\n|rule|Endless Battle Clause: Forcing endless battles is banned\n|rule|OHKO Clause: OHKO moves are banned\n|rule|Evasion Moves Clause: Evasion moves are banned\n|rule|Species Clause: Limit one of each Pok\u00e9mon\n|rule|Dynamax Clause: You cannot dynamax\n|rule|Sleep Clause Mod: Limit one foe put to sleep\n|teampreview\n|\n|t:|1619408870\n|start\n|switch|p1a: Victini|Victini|100\/100\n|switch|p2a: Barraskewda|Barraskewda, F|100\/100\n|turn|1\n|j| JonPlayz\n|c| JonPlayz|hi\n|inactive|Battle timer is ON: inactive players will automatically lose when time's up. (requested by mongwong)\n|\n|t:|1619408885\n|switch|p2a: Pelipper|Pelipper, F|100\/100\n|-weather|RainDance|[from] ability: Drizzle|[of] p2a: Pelipper\n|switch|p1a: Hydreigon|Hydreigon, F|100\/100\n|\n|-weather|RainDance|[upkeep]\n|upkeep\n|turn|2\n|\n|t:|1619408890\n|-zpower|p1a: Hydreigon\n|move|p1a: Hydreigon|Black Hole Eclipse|p2a: Pelipper|[zeffect]\n|-damage|p2a: Pelipper|0 fnt\n|faint|p2a: Pelipper\n|\n|-weather|RainDance|[upkeep]\n|upkeep\n|\n|t:|1619408898\n|switch|p2a: Kommo-o|Kommo-o, F|100\/100\n|turn|3\n|\n|t:|1619408909\n|switch|p1a: Celesteela|Celesteela|100\/100\n|move|p2a: Kommo-o|Clangorous Soul|p2a: Kommo-o\n|-boost|p2a: Kommo-o|atk|1\n|-boost|p2a: Kommo-o|def|1\n|-boost|p2a: Kommo-o|spa|1\n|-boost|p2a: Kommo-o|spd|1\n|-boost|p2a: Kommo-o|spe|1\n|-damage|p2a: Kommo-o|68\/100\n|\n|-weather|RainDance|[upkeep]\n|upkeep\n|turn|4\n|\n|t:|1619408912\n|-zpower|p2a: Kommo-o\n|move|p2a: Kommo-o|Clangorous Soulblaze|p1a: Celesteela|[zeffect]\n|-resisted|p1a: Celesteela\n|-damage|p1a: Celesteela|65\/100\n|-boost|p2a: Kommo-o|atk|1\n|-boost|p2a: Kommo-o|def|1\n|-boost|p2a: Kommo-o|spa|1\n|-boost|p2a: Kommo-o|spd|1\n|-boost|p2a: Kommo-o|spe|1\n|move|p1a: Celesteela|Leech Seed|p2a: Kommo-o\n|-start|p2a: Kommo-o|move: Leech Seed\n|\n|-weather|RainDance|[upkeep]\n|-heal|p1a: Celesteela|71\/100|[from] item: Leftovers\n|-damage|p2a: Kommo-o|55\/100|[from] Leech Seed|[of] p1a: Celesteela\n|-heal|p1a: Celesteela|80\/100|[silent]\n|upkeep\n|turn|5\n|\n|t:|1619408916\n|move|p2a: Kommo-o|Close Combat|p1a: Celesteela\n|-damage|p1a: Celesteela|5\/100\n|-unboost|p2a: Kommo-o|def|1\n|-unboost|p2a: Kommo-o|spd|1\n|move|p1a: Celesteela|Heavy Slam|p2a: Kommo-o\n|-damage|p2a: Kommo-o|28\/100\n|\n|-weather|RainDance|[upkeep]\n|-heal|p1a: Celesteela|11\/100|[from] item: Leftovers\n|-damage|p2a: Kommo-o|16\/100|[from] Leech Seed|[of] p1a: Celesteela\n|-heal|p1a: Celesteela|20\/100|[silent]\n|upkeep\n|turn|6\n|\n|t:|1619408921\n|move|p1a: Celesteela|Protect|p1a: Celesteela\n|-singleturn|p1a: Celesteela|Protect\n|move|p2a: Kommo-o|Clanging Scales|p1a: Celesteela\n|-activate|p1a: Celesteela|move: Protect\n|\n|-weather|RainDance|[upkeep]\n|-heal|p1a: Celesteela|26\/100|[from] item: Leftovers\n|-damage|p2a: Kommo-o|4\/100|[from] Leech Seed|[of] p1a: Celesteela\n|-heal|p1a: Celesteela|35\/100|[silent]\n|upkeep\n|turn|7\n|\n|t:|1619408926\n|move|p1a: Celesteela|Protect|p1a: Celesteela\n|-singleturn|p1a: Celesteela|Protect\n|move|p2a: Kommo-o|Close Combat|p1a: Celesteela\n|-activate|p1a: Celesteela|move: Protect\n|\n|-weather|RainDance|[upkeep]\n|-heal|p1a: Celesteela|41\/100|[from] item: Leftovers\n|-damage|p2a: Kommo-o|0 fnt|[from] Leech Seed|[of] p1a: Celesteela\n|-heal|p1a: Celesteela|43\/100|[silent]\n|faint|p2a: Kommo-o\n|upkeep\n|\n|t:|1619408931\n|switch|p2a: Magnezone|Magnezone|100\/100\n|turn|8\n|\n|t:|1619408934\n|move|p2a: Magnezone|Volt Switch|p1a: Celesteela\n|-supereffective|p1a: Celesteela\n|-damage|p1a: Celesteela|0 fnt\n|faint|p1a: Celesteela\n|\n|t:|1619408941\n|switch|p2a: Zapdos|Zapdos|100\/100|[from]move: Volt Switch\n|\n|-weather|none\n|upkeep\n|\n|t:|1619408944\n|switch|p1a: Victini|Victini|100\/100\n|turn|9\n|\n|t:|1619408963\n|move|p2a: Zapdos|Thunder|p1a: Victini\n|-damage|p1a: Victini|45\/100\n|move|p1a: Victini|Blue Flare|p2a: Zapdos\n|-damage|p2a: Zapdos|0 fnt\n|faint|p2a: Zapdos\n|\n|upkeep\n|\n|t:|1619408968\n|switch|p2a: Barraskewda|Barraskewda, F|100\/100\n|turn|10\n|\n|t:|1619408987\n|move|p2a: Barraskewda|Flip Turn|p1a: Victini\n|-supereffective|p1a: Victini\n|-damage|p1a: Victini|0 fnt\n|-damage|p2a: Barraskewda|91\/100|[from] item: Life Orb\n|faint|p1a: Victini\n|\n|t:|1619408991\n|switch|p2a: Swampert|Swampert, F|100\/100|[from]move: Flip Turn\n|\n|upkeep\n|\n|t:|1619408994\n|switch|p1a: Rillaboom|Rillaboom, M|100\/100\n|-fieldstart|move: Grassy Terrain|[from] ability: Grassy Surge|[of] p1a: Rillaboom\n|turn|11\n|\n|t:|1619409003\n|detailschange|p2a: Swampert|Swampert-Mega, F\n|-mega|p2a: Swampert|Swampert|Swampertite\n|move|p1a: Rillaboom|Grassy Glide|p2a: Swampert\n|-supereffective|p2a: Swampert\n|-damage|p2a: Swampert|0 fnt\n|-damage|p1a: Rillaboom|91\/100|[from] item: Life Orb\n|faint|p2a: Swampert\n|\n|-heal|p1a: Rillaboom|97\/100|[from] Grassy Terrain\n|upkeep\n|\n|t:|1619409005\n|switch|p2a: Magnezone|Magnezone|100\/100\n|turn|12\n|\n|t:|1619409010\n|switch|p1a: Hydreigon|Hydreigon, F|100\/100\n|move|p2a: Magnezone|Hidden Power|p1a: Hydreigon\n|-resisted|p1a: Hydreigon\n|-damage|p1a: Hydreigon|80\/100\n|\n|upkeep\n|turn|13\n|\n|t:|1619409016\n|switch|p2a: Barraskewda|Barraskewda, F|91\/100\n|move|p1a: Hydreigon|Dark Pulse|p2a: Barraskewda\n|-damage|p2a: Barraskewda|0 fnt\n|faint|p2a: Barraskewda\n|\n|upkeep\n|\n|t:|1619409018\n|switch|p2a: Magnezone|Magnezone|100\/100\n|turn|14\n|\n|t:|1619409020\n|move|p1a: Hydreigon|Dark Pulse|p2a: Magnezone\n|-damage|p2a: Magnezone|57\/100\n|move|p2a: Magnezone|Flash Cannon|p1a: Hydreigon\n|-crit|p1a: Hydreigon\n|-damage|p1a: Hydreigon|0 fnt\n|faint|p1a: Hydreigon\n|\n|-heal|p2a: Magnezone|63\/100|[from] Grassy Terrain\n|upkeep\n|\n|t:|1619409023\n|switch|p1a: Landorus|Landorus-Therian, M|100\/100\n|-ability|p1a: Landorus|Intimidate|boost\n|-unboost|p2a: Magnezone|atk|1\n|turn|15\n|\n|t:|1619409028\n|move|p1a: Landorus|Earthquake|p2a: Magnezone\n|-supereffective|p2a: Magnezone\n|-damage|p2a: Magnezone|0 fnt\n|faint|p2a: Magnezone\n|\n|win|Mydaybefine\n|raw|Mydaybefine's rating: 1560 &rarr; <strong>1585<\/strong><br \/>(+25 for winning)\n|raw|mongwong's rating: 1646 &rarr; <strong>1621<\/strong><br \/>(-25 for losing)\n|l|\u2606Mydaybefine\n|l|\u2606mongwong\n","uploadtime":1619409132,"views":9,"p1id":"mydaybefine","p2id":"mongwong","formatid":"gen8nationaldex","rating":1585,"private":0,"password":null}