{"id":"gen8ou-1686444009","p1":"sleepshiting","p2":"Scoots Mgee","format":"gen8ou","log":"|html|<div class=\"broadcast-blue\"><strong>[Gen 8] OU is currently suspecting Melmetal! For information on how to participate check out the <a href=\"https:\/\/www.smogon.com\/forums\/threads\/np-ss-ou-suspect-process-round-12-monster-mash.3709234\/\">suspect thread<\/a>.<\/strong><\/div>\n|j|\u2606sleepshiting\n|j|\u2606Scoots Mgee\n|t:|1665848405\n|gametype|singles\n|player|p1|sleepshiting|1|1486\n|player|p2|Scoots Mgee|acetrainerf|1517\n|teamsize|p1|6\n|teamsize|p2|6\n|gen|8\n|tier|[Gen 8] OU\n|rated|\n|rule|Sleep Clause Mod: Limit one foe put to sleep\n|rule|Species Clause: Limit one of each Pok\u00e9mon\n|rule|OHKO Clause: OHKO moves are banned\n|rule|Evasion Items Clause: Evasion items are banned\n|rule|Evasion Moves Clause: Evasion moves are banned\n|rule|Endless Battle Clause: Forcing endless battles is banned\n|rule|HP Percentage Mod: HP is shown in percentages\n|rule|Dynamax Clause: You cannot dynamax\n|clearpoke\n|poke|p1|Tyranitar, F|\n|poke|p1|Xatu, F|\n|poke|p1|Buzzwole|\n|poke|p1|Toxapex, F|\n|poke|p1|Volcanion|\n|poke|p1|Excadrill, F|\n|poke|p2|Toxapex, F|\n|poke|p2|Umbreon, F|\n|poke|p2|Corviknight, M|\n|poke|p2|Hippowdon, F|\n|poke|p2|Dragapult, M|\n|poke|p2|Zapdos|\n|teampreview\n|inactive|Battle timer is ON: inactive players will automatically lose when time's up. (requested by Scoots Mgee)\n|\n|t:|1665848413\n|start\n|switch|p1a: Xatu|Xatu, F|100\/100\n|switch|p2a: Dragapult|Dragapult, M|100\/100\n|turn|1\n|\n|t:|1665848421\n|switch|p1a: Toxapex|Toxapex, F|100\/100\n|move|p2a: Dragapult|Dragon Darts|p1a: Toxapex\n|-damage|p1a: Toxapex|67\/100\n|-anim|p2a: Dragapult|Dragon Darts|p1a: Toxapex\n|-damage|p1a: Toxapex|33\/100\n|-enditem|p1a: Toxapex|Eject Button\n|\n|t:|1665848433\n|switch|p1a: Tyranitar|Tyranitar, F|100\/100\n|-weather|Sandstorm|[from] ability: Sand Stream|[of] p1a: Tyranitar\n|\n|-weather|Sandstorm|[upkeep]\n|-damage|p2a: Dragapult|95\/100|[from] Sandstorm\n|upkeep\n|turn|2\n|\n|t:|1665848442\n|switch|p2a: Umbreon|Umbreon, F|100\/100\n|move|p1a: Tyranitar|Stealth Rock|p2a: Umbreon\n|-sidestart|p2: Scoots Mgee|move: Stealth Rock\n|\n|-weather|Sandstorm|[upkeep]\n|-damage|p2a: Umbreon|94\/100|[from] Sandstorm\n|-heal|p2a: Umbreon|100\/100|[from] item: Leftovers\n|upkeep\n|turn|3\n|\n|t:|1665848461\n|switch|p1a: Xatu|Xatu, F|100\/100\n|move|p2a: Umbreon|Wish|p2a: Umbreon\n|\n|-weather|Sandstorm|[upkeep]\n|-damage|p1a: Xatu|95\/100|[from] Sandstorm\n|-damage|p2a: Umbreon|94\/100|[from] Sandstorm\n|-heal|p2a: Umbreon|100\/100|[from] item: Leftovers\n|upkeep\n|turn|4\n|\n|t:|1665848471\n|move|p1a: Xatu|Future Sight|p2a: Umbreon\n|-start|p1a: Xatu|move: Future Sight\n|move|p2a: Umbreon|Foul Play|p1a: Xatu\n|-supereffective|p1a: Xatu\n|-damage|p1a: Xatu|62\/100\n|\n|-weather|Sandstorm|[upkeep]\n|-damage|p1a: Xatu|56\/100|[from] Sandstorm\n|-damage|p2a: Umbreon|94\/100|[from] Sandstorm\n|-heal|p2a: Umbreon|100\/100|[from] move: Wish|[wisher] Umbreon\n|upkeep\n|turn|5\n|\n|t:|1665848479\n|move|p1a: Xatu|Roost|p1a: Xatu\n|-heal|p1a: Xatu|100\/100\n|-singleturn|p1a: Xatu|move: Roost\n|move|p2a: Umbreon|Wish|p2a: Umbreon\n|\n|-weather|none\n|upkeep\n|turn|6\n|\n|t:|1665848486\n|move|p2a: Umbreon|Foul Play|p1a: Xatu\n|-supereffective|p1a: Xatu\n|-damage|p1a: Xatu|66\/100\n|move|p1a: Xatu|Teleport|p1a: Xatu\n|\n|t:|1665848492\n|switch|p1a: Buzzwole|Buzzwole|100\/100|[from]move: Teleport\n|\n|-end|p2a: Umbreon|move: Future Sight\n|-immune|p2a: Umbreon\n|upkeep\n|turn|7\n|\n|t:|1665848509\n|switch|p1a: Volcanion|Volcanion|100\/100\n|move|p2a: Umbreon|Protect||[still]\n|-fail|p2a: Umbreon\n|\n|upkeep\n|turn|8\n|\n|t:|1665848522\n|switch|p1a: Toxapex|Toxapex, F|67\/100\n|switch|p2a: Toxapex|Toxapex, F|100\/100\n|-damage|p2a: Toxapex|88\/100|[from] Stealth Rock\n|\n|-heal|p2a: Toxapex|94\/100|[from] item: Black Sludge\n|upkeep\n|turn|9\n|\n|t:|1665848530\n|switch|p2a: Corviknight|Corviknight, M|100\/100\n|-damage|p2a: Corviknight|88\/100|[from] Stealth Rock\n|-ability|p2a: Corviknight|Pressure\n|move|p1a: Toxapex|Toxic Spikes|p2a: Corviknight\n|-sidestart|p2: Scoots Mgee|move: Toxic Spikes\n|\n|upkeep\n|turn|10\n|\n|t:|1665848532\n|move|p2a: Corviknight|Defog|p1a: Toxapex\n|-unboost|p1a: Toxapex|evasion|1\n|-sideend|p2: Scoots Mgee|Toxic Spikes|[from] move: Defog|[of] p2a: Corviknight\n|-sideend|p2: Scoots Mgee|Stealth Rock|[from] move: Defog|[of] p2a: Corviknight\n|move|p1a: Toxapex|Scald|p2a: Corviknight\n|-damage|p2a: Corviknight|75\/100\n|\n|upkeep\n|turn|11\n|\n|t:|1665848539\n|move|p2a: Corviknight|U-turn|p1a: Toxapex\n|-resisted|p1a: Toxapex\n|-damage|p1a: Toxapex|60\/100\n|\n|t:|1665848541\n|switch|p2a: Dragapult|Dragapult, M|95\/100|[from]move: U-turn\n|move|p1a: Toxapex|Scald|p2a: Dragapult\n|-resisted|p2a: Dragapult\n|-damage|p2a: Dragapult|82\/100\n|\n|upkeep\n|turn|12\n|\n|t:|1665848556\n|switch|p1a: Tyranitar|Tyranitar, F|100\/100\n|-weather|Sandstorm|[from] ability: Sand Stream|[of] p1a: Tyranitar\n|move|p2a: Dragapult|Dragon Darts|p1a: Tyranitar\n|-damage|p1a: Tyranitar|71\/100\n|-anim|p2a: Dragapult|Dragon Darts|p1a: Tyranitar\n|-damage|p1a: Tyranitar|40\/100\n|-enditem|p1a: Tyranitar|Eject Button\n|\n|t:|1665848562\n|switch|p1a: Excadrill|Excadrill, F|100\/100\n|\n|-weather|Sandstorm|[upkeep]\n|-damage|p2a: Dragapult|76\/100|[from] Sandstorm\n|upkeep\n|turn|13\n|\n|t:|1665848566\n|switch|p2a: Corviknight|Corviknight, M|75\/100\n|-ability|p2a: Corviknight|Pressure\n|move|p1a: Excadrill|Swords Dance|p1a: Excadrill\n|-boost|p1a: Excadrill|atk|2\n|\n|-weather|Sandstorm|[upkeep]\n|upkeep\n|turn|14\n|\n|t:|1665848568\n|move|p1a: Excadrill|Rock Slide|p2a: Corviknight\n|-damage|p2a: Corviknight|36\/100\n|-damage|p1a: Excadrill|91\/100|[from] item: Life Orb\n|cant|p2a: Corviknight|flinch\n|\n|-weather|Sandstorm|[upkeep]\n|upkeep\n|turn|15\n|\n|t:|1665848585\n|move|p1a: Excadrill|Swords Dance|p1a: Excadrill\n|-boost|p1a: Excadrill|atk|2\n|move|p2a: Corviknight|Roost|p2a: Corviknight\n|-heal|p2a: Corviknight|86\/100\n|-singleturn|p2a: Corviknight|move: Roost\n|\n|-weather|Sandstorm|[upkeep]\n|upkeep\n|turn|16\n|\n|t:|1665848599\n|move|p1a: Excadrill|Rock Slide|p2a: Corviknight\n|-damage|p2a: Corviknight|28\/100\n|-damage|p1a: Excadrill|81\/100|[from] item: Life Orb\n|cant|p2a: Corviknight|flinch\n|\n|-weather|none\n|upkeep\n|turn|17\n|c|\u2606Scoots Mgee|For real\n|c|\u2606Scoots Mgee|wrf dude\n|\n|t:|1665848615\n|switch|p2a: Toxapex|Toxapex, F|100\/100\n|move|p1a: Excadrill|Rock Slide|p2a: Toxapex\n|-damage|p2a: Toxapex|21\/100\n|-damage|p1a: Excadrill|71\/100|[from] item: Life Orb\n|\n|-heal|p2a: Toxapex|27\/100|[from] item: Black Sludge\n|upkeep\n|turn|18\n|\n|t:|1665848625\n|switch|p2a: Zapdos|Zapdos|100\/100\n|move|p1a: Excadrill|Rapid Spin|p2a: Zapdos\n|-damage|p2a: Zapdos|13\/100\n|-boost|p1a: Excadrill|spe|1\n|-damage|p1a: Excadrill|61\/100|[from] item: Life Orb\n|\n|upkeep\n|turn|19\n|\n|t:|1665848633\n|move|p1a: Excadrill|Rock Slide|p2a: Zapdos\n|-supereffective|p2a: Zapdos\n|-damage|p2a: Zapdos|0 fnt\n|faint|p2a: Zapdos\n|-damage|p1a: Excadrill|51\/100|[from] item: Life Orb\n|\n|upkeep\n|-message|Scoots Mgee forfeited.\n|\n|win|sleepshiting\n|raw|sleepshiting's rating: 1486 &rarr; <strong>1508<\/strong><br \/>(+22 for winning)\n|raw|Scoots Mgee's rating: 1517 &rarr; <strong>1495<\/strong><br \/>(-22 for losing)\n|l|\u2606Scoots Mgee\n|l|\u2606sleepshiting\n|j|\u2606sleepshiting\n|player|p1|sleepshiting|1\n||Ladder isn't responding, score probably updated but might not have (Request timeout).\n","uploadtime":1665848650,"views":10,"p1id":"sleepshiting","p2id":"scootsmgee","formatid":"gen8ou","rating":1495,"private":0,"password":null}