{"id":"gen8battlefactory-1680657717","p1":"Leche Fresca","p2":"Redflix","format":"gen8battlefactory","log":"|j|\u2606Leche Fresca\n|j|\u2606Redflix\n|t:|1665222255\n|gametype|singles\n|player|p1|Leche Fresca|valerie|1347\n|player|p2|Redflix|erika|1345\n|teamsize|p1|6\n|teamsize|p2|6\n|gen|8\n|tier|[Gen 8] Battle Factory\n|rated|\n|rule|Sleep Clause Mod: Limit one foe put to sleep\n|rule|Species Clause: Limit one of each Pok\u00e9mon\n|rule|OHKO Clause: OHKO moves are banned\n|rule|Evasion Items Clause: Evasion items are banned\n|rule|Evasion Moves Clause: Evasion moves are banned\n|rule|Endless Battle Clause: Forcing endless battles is banned\n|rule|HP Percentage Mod: HP is shown in percentages\n|rule|Dynamax Clause: You cannot dynamax\n|clearpoke\n|poke|p1|Kyurem-Black|\n|poke|p1|Zarude|\n|poke|p1|Tyranitar, F|\n|poke|p1|Marshadow|\n|poke|p1|Necrozma-Dusk-Mane|\n|poke|p1|Lunala|\n|poke|p2|Ho-Oh|\n|poke|p2|Calyrex-Shadow|\n|poke|p2|Giratina-Origin|\n|poke|p2|Groudon|\n|poke|p2|Magearna|\n|poke|p2|Eternatus|\n|teampreview\n|inactive|Battle timer is ON: inactive players will automatically lose when time's up. (requested by Redflix)\n|\n|t:|1665222291\n|start\n|switch|p1a: Zarude|Zarude|414\/414\n|switch|p2a: Groudon|Groudon|404\/404\n|-weather|SunnyDay|[from] ability: Drought|[of] p2a: Groudon\n|turn|1\n|\n|t:|1665222304\n|switch|p2a: Ho-Oh|Ho-Oh|415\/415\n|move|p1a: Zarude|Power Whip|p2a: Ho-Oh\n|-resisted|p2a: Ho-Oh\n|-damage|p2a: Ho-Oh|368\/415\n|\n|-weather|SunnyDay|[upkeep]\n|upkeep\n|turn|2\n|\n|t:|1665222313\n|switch|p1a: Tyranitar|Tyranitar, F|404\/404\n|-weather|Sandstorm|[from] ability: Sand Stream|[of] p1a: Tyranitar\n|switch|p2a: Magearna|Magearna|364\/364\n|\n|-weather|Sandstorm|[upkeep]\n|upkeep\n|turn|3\n|\n|t:|1665222317\n|switch|p2a: Groudon|Groudon|404\/404\n|-weather|SunnyDay|[from] ability: Drought|[of] p2a: Groudon\n|move|p1a: Tyranitar|Stealth Rock|p2a: Groudon\n|-sidestart|p2: Redflix|move: Stealth Rock\n|\n|-weather|SunnyDay|[upkeep]\n|upkeep\n|turn|4\n|\n|t:|1665222326\n|switch|p1a: Lunala|Lunala|478\/478\n|move|p2a: Groudon|Stealth Rock|p1a: Lunala\n|-sidestart|p1: Leche Fresca|move: Stealth Rock\n|\n|-weather|SunnyDay|[upkeep]\n|upkeep\n|turn|5\n|\n|t:|1665222334\n|switch|p2a: Magearna|Magearna|364\/364\n|-damage|p2a: Magearna|342\/364|[from] Stealth Rock\n|move|p1a: Lunala|Ice Beam|p2a: Magearna\n|-resisted|p2a: Magearna\n|-damage|p2a: Magearna|304\/364\n|\n|-weather|SunnyDay|[upkeep]\n|-heal|p2a: Magearna|326\/364|[from] item: Leftovers\n|upkeep\n|turn|6\n|\n|t:|1665222339\n|switch|p2a: Ho-Oh|Ho-Oh|415\/415\n|move|p1a: Lunala|Thunder Wave|p2a: Ho-Oh\n|-status|p2a: Ho-Oh|par\n|\n|-weather|SunnyDay|[upkeep]\n|upkeep\n|turn|7\n|\n|t:|1665222345\n|switch|p1a: Tyranitar|Tyranitar, F|404\/404\n|-weather|Sandstorm|[from] ability: Sand Stream|[of] p1a: Tyranitar\n|cant|p2a: Ho-Oh|par\n|\n|-weather|Sandstorm|[upkeep]\n|-damage|p2a: Ho-Oh|390\/415 par|[from] Sandstorm\n|upkeep\n|turn|8\n|\n|t:|1665222350\n|switch|p2a: Groudon|Groudon|404\/404\n|-damage|p2a: Groudon|379\/404|[from] Stealth Rock\n|-weather|SunnyDay|[from] ability: Drought|[of] p2a: Groudon\n|move|p1a: Tyranitar|Rock Blast|p2a: Groudon\n|-resisted|p2a: Groudon\n|-damage|p2a: Groudon|367\/404\n|-resisted|p2a: Groudon\n|-damage|p2a: Groudon|356\/404\n|-hitcount|p2a: Groudon|2\n|\n|-weather|SunnyDay|[upkeep]\n|-heal|p2a: Groudon|381\/404|[from] item: Leftovers\n|upkeep\n|turn|9\n|\n|t:|1665222354\n|switch|p1a: Zarude|Zarude|414\/414\n|-damage|p1a: Zarude|363\/414|[from] Stealth Rock\n|move|p2a: Groudon|Thunder Wave|p1a: Zarude\n|-immune|p1a: Zarude|[from] ability: Leaf Guard\n|\n|-weather|SunnyDay|[upkeep]\n|-heal|p1a: Zarude|388\/414|[from] item: Leftovers\n|-heal|p2a: Groudon|404\/404|[from] item: Leftovers\n|upkeep\n|turn|10\n|\n|t:|1665222360\n|switch|p2a: Ho-Oh|Ho-Oh|415\/415 par\n|move|p1a: Zarude|Darkest Lariat|p2a: Ho-Oh\n|-damage|p2a: Ho-Oh|288\/415 par\n|\n|-weather|SunnyDay|[upkeep]\n|-heal|p1a: Zarude|413\/414|[from] item: Leftovers\n|upkeep\n|turn|11\n|\n|t:|1665222371\n|switch|p1a: Lunala|Lunala|478\/478\n|cant|p2a: Ho-Oh|par\n|\n|-weather|SunnyDay|[upkeep]\n|upkeep\n|turn|12\n|\n|t:|1665222376\n|move|p1a: Lunala|Hex|p2a: Ho-Oh\n|-damage|p2a: Ho-Oh|167\/415 par\n|cant|p2a: Ho-Oh|par\n|\n|-weather|none\n|upkeep\n|turn|13\n|\n|t:|1665222381\n|move|p1a: Lunala|Ice Beam|p2a: Ho-Oh\n|-damage|p2a: Ho-Oh|107\/415 par\n|cant|p2a: Ho-Oh|par\n|\n|upkeep\n|turn|14\n|c|\u2606Redflix|bro\n|\n|t:|1665222395\n|switch|p2a: Magearna|Magearna|326\/364\n|-damage|p2a: Magearna|304\/364|[from] Stealth Rock\n|move|p1a: Lunala|Ice Beam|p2a: Magearna\n|-resisted|p2a: Magearna\n|-damage|p2a: Magearna|263\/364\n|-status|p2a: Magearna|frz\n|\n|-heal|p2a: Magearna|285\/364 frz|[from] item: Leftovers\n|upkeep\n|turn|15\n|c|\u2606Leche Fresca|holy shit\n|c|\u2606Redflix|amazing\n|\n|t:|1665222418\n|move|p1a: Lunala|Hex|p2a: Magearna\n|-damage|p2a: Magearna|117\/364 frz\n|-curestatus|p2a: Magearna|frz|[msg]\n|move|p2a: Magearna|Pain Split|p1a: Lunala\n|-sethp|p1a: Lunala|297\/478|[from] move: Pain Split|[silent]\n|-sethp|p2a: Magearna|297\/364|[from] move: Pain Split\n|\n|-heal|p2a: Magearna|319\/364|[from] item: Leftovers\n|upkeep\n|turn|16\n|\n|t:|1665222426\n|switch|p2a: Ho-Oh|Ho-Oh|245\/415 par\n|move|p1a: Lunala|Roost|p1a: Lunala\n|-heal|p1a: Lunala|478\/478\n|-singleturn|p1a: Lunala|move: Roost\n|\n|upkeep\n|turn|17\n|\n|t:|1665222429\n|move|p1a: Lunala|Hex|p2a: Ho-Oh\n|-crit|p2a: Ho-Oh\n|-damage|p2a: Ho-Oh|49\/415 par\n|cant|p2a: Ho-Oh|par\n|\n|upkeep\n|turn|18\n|c|\u2606Redflix|5x\n|c|\u2606Redflix|and a crit\n|\n|t:|1665222444\n|switch|p2a: Magearna|Magearna|319\/364\n|-damage|p2a: Magearna|297\/364|[from] Stealth Rock\n|move|p1a: Lunala|Hex|p2a: Magearna\n|-damage|p2a: Magearna|203\/364\n|\n|-heal|p2a: Magearna|225\/364|[from] item: Leftovers\n|upkeep\n|turn|19\n|\n|t:|1665222449\n|move|p1a: Lunala|Thunder Wave|p2a: Magearna\n|-status|p2a: Magearna|par\n|move|p2a: Magearna|Pain Split|p1a: Lunala\n|-sethp|p1a: Lunala|351\/478|[from] move: Pain Split|[silent]\n|-sethp|p2a: Magearna|351\/364 par|[from] move: Pain Split\n|\n|-heal|p2a: Magearna|364\/364 par|[from] item: Leftovers\n|upkeep\n|turn|20\n|\n|t:|1665222453\n|move|p1a: Lunala|Hex|p2a: Magearna\n|-damage|p2a: Magearna|172\/364 par\n|cant|p2a: Magearna|par\n|\n|-heal|p2a: Magearna|194\/364 par|[from] item: Leftovers\n|upkeep\n|turn|21\n|\n|t:|1665222458\n|move|p1a: Lunala|Roost|p1a: Lunala\n|-heal|p1a: Lunala|478\/478\n|-singleturn|p1a: Lunala|move: Roost\n|move|p2a: Magearna|Pain Split|p1a: Lunala\n|-sethp|p1a: Lunala|336\/478|[from] move: Pain Split|[silent]\n|-sethp|p2a: Magearna|336\/364 par|[from] move: Pain Split\n|\n|-heal|p2a: Magearna|358\/364 par|[from] item: Leftovers\n|upkeep\n|turn|22\n|\n|t:|1665222462\n|move|p1a: Lunala|Hex|p2a: Magearna\n|-damage|p2a: Magearna|180\/364 par\n|move|p2a: Magearna|Heal Bell|p2a: Magearna\n|-activate|p2a: Magearna|move: Heal Bell\n|-curestatus|p2a: Magearna|par|[msg]\n|-curestatus|p2: Ho-Oh|par|[msg]\n|\n|-heal|p2a: Magearna|202\/364|[from] item: Leftovers\n|upkeep\n|turn|23\n|\n|t:|1665222467\n|move|p1a: Lunala|Thunder Wave|p2a: Magearna\n|-status|p2a: Magearna|par\n|move|p2a: Magearna|Volt Switch|p1a: Lunala\n|-damage|p1a: Lunala|270\/478\n|\n|t:|1665222469\n|switch|p2a: Ho-Oh|Ho-Oh|187\/415\n|\n|upkeep\n|turn|24\n|\n|t:|1665222474\n|move|p1a: Lunala|Roost|p1a: Lunala\n|-heal|p1a: Lunala|478\/478\n|-singleturn|p1a: Lunala|move: Roost\n|move|p2a: Ho-Oh|Thunder Wave|p1a: Lunala|[miss]\n|-miss|p2a: Ho-Oh|p1a: Lunala\n|\n|upkeep\n|turn|25\n|\n|t:|1665222487\n|switch|p1a: Tyranitar|Tyranitar, F|404\/404\n|-weather|Sandstorm|[from] ability: Sand Stream|[of] p1a: Tyranitar\n|move|p2a: Ho-Oh|Thunder Wave|p1a: Tyranitar|[miss]\n|-miss|p2a: Ho-Oh|p1a: Tyranitar\n|\n|-weather|Sandstorm|[upkeep]\n|-damage|p2a: Ho-Oh|162\/415|[from] Sandstorm\n|upkeep\n|turn|26\n|j| SiriCelebi\n|l| SiriCelebi\n|\n|t:|1665222503\n|switch|p2a: Groudon|Groudon|404\/404\n|-damage|p2a: Groudon|379\/404|[from] Stealth Rock\n|-weather|SunnyDay|[from] ability: Drought|[of] p2a: Groudon\n|move|p1a: Tyranitar|Rock Blast|p2a: Groudon|[miss]\n|-miss|p1a: Tyranitar|p2a: Groudon\n|\n|-weather|SunnyDay|[upkeep]\n|-heal|p2a: Groudon|404\/404|[from] item: Leftovers\n|upkeep\n|turn|27\n|\n|t:|1665222511\n|switch|p2a: Ho-Oh|Ho-Oh|300\/415\n|switch|p1a: Zarude|Zarude|413\/414\n|-damage|p1a: Zarude|362\/414|[from] Stealth Rock\n|\n|-weather|SunnyDay|[upkeep]\n|-heal|p1a: Zarude|387\/414|[from] item: Leftovers\n|upkeep\n|turn|28\n|\n|t:|1665222514\n|switch|p1a: Tyranitar|Tyranitar, F|404\/404\n|-weather|Sandstorm|[from] ability: Sand Stream|[of] p1a: Tyranitar\n|move|p2a: Ho-Oh|Sacred Fire|p1a: Tyranitar\n|-resisted|p1a: Tyranitar\n|-crit|p1a: Tyranitar\n|-damage|p1a: Tyranitar|273\/404\n|\n|-weather|Sandstorm|[upkeep]\n|-damage|p2a: Ho-Oh|275\/415|[from] Sandstorm\n|upkeep\n|turn|29\n|\n|t:|1665222520\n|switch|p2a: Groudon|Groudon|404\/404\n|-damage|p2a: Groudon|379\/404|[from] Stealth Rock\n|-weather|SunnyDay|[from] ability: Drought|[of] p2a: Groudon\n|switch|p1a: Zarude|Zarude|387\/414\n|-damage|p1a: Zarude|336\/414|[from] Stealth Rock\n|\n|-weather|SunnyDay|[upkeep]\n|-heal|p1a: Zarude|361\/414|[from] item: Leftovers\n|-heal|p2a: Groudon|404\/404|[from] item: Leftovers\n|upkeep\n|turn|30\n|\n|t:|1665222533\n|switch|p2a: Ho-Oh|Ho-Oh|413\/415\n|move|p1a: Zarude|Darkest Lariat|p2a: Ho-Oh\n|-damage|p2a: Ho-Oh|277\/415\n|\n|-weather|SunnyDay|[upkeep]\n|-heal|p1a: Zarude|386\/414|[from] item: Leftovers\n|upkeep\n|turn|31\n|\n|t:|1665222540\n|move|p1a: Zarude|Bulk Up|p1a: Zarude\n|-boost|p1a: Zarude|atk|1\n|-boost|p1a: Zarude|def|1\n|move|p2a: Ho-Oh|Sacred Fire|p1a: Zarude\n|-supereffective|p1a: Zarude\n|-crit|p1a: Zarude\n|-damage|p1a: Zarude|0 fnt\n|faint|p1a: Zarude\n|\n|-weather|SunnyDay|[upkeep]\n|upkeep\n|\n|t:|1665222542\n|switch|p1a: Kyurem|Kyurem-Black|391\/391\n|-damage|p1a: Kyurem|294\/391|[from] Stealth Rock\n|-ability|p1a: Kyurem|Teravolt\n|turn|32\n|\n|t:|1665222556\n|switch|p2a: Groudon|Groudon|404\/404\n|-damage|p2a: Groudon|379\/404|[from] Stealth Rock\n|move|p1a: Kyurem|Substitute|p1a: Kyurem\n|-start|p1a: Kyurem|Substitute\n|-damage|p1a: Kyurem|197\/391\n|\n|-weather|SunnyDay|[upkeep]\n|-heal|p2a: Groudon|404\/404|[from] item: Leftovers\n|upkeep\n|turn|33\n|\n|t:|1665222560\n|switch|p2a: Magearna|Magearna|202\/364 par\n|-damage|p2a: Magearna|180\/364 par|[from] Stealth Rock\n|move|p1a: Kyurem|Dragon Dance|p1a: Kyurem\n|-boost|p1a: Kyurem|atk|1\n|-boost|p1a: Kyurem|spe|1\n|\n|-weather|none\n|-heal|p2a: Magearna|202\/364 par|[from] item: Leftovers\n|upkeep\n|turn|34\n|\n|t:|1665222568\n|move|p1a: Kyurem|Dragon Dance|p1a: Kyurem\n|-boost|p1a: Kyurem|atk|1\n|-boost|p1a: Kyurem|spe|1\n|move|p2a: Magearna|Fleur Cannon|p1a: Kyurem\n|-supereffective|p1a: Kyurem\n|-end|p1a: Kyurem|Substitute\n|-unboost|p2a: Magearna|spa|2\n|\n|-heal|p2a: Magearna|224\/364 par|[from] item: Leftovers\n|upkeep\n|turn|35\n|\n|t:|1665222576\n|move|p1a: Kyurem|Substitute|p1a: Kyurem\n|-start|p1a: Kyurem|Substitute\n|-damage|p1a: Kyurem|100\/391\n|move|p2a: Magearna|Fleur Cannon|p1a: Kyurem\n|-supereffective|p1a: Kyurem\n|-end|p1a: Kyurem|Substitute\n|-unboost|p2a: Magearna|spa|2\n|\n|-heal|p2a: Magearna|246\/364 par|[from] item: Leftovers\n|upkeep\n|turn|36\n|\n|t:|1665222585\n|move|p1a: Kyurem|Substitute|p1a: Kyurem\n|-start|p1a: Kyurem|Substitute\n|-damage|p1a: Kyurem|3\/391\n|move|p2a: Magearna|Fleur Cannon|p1a: Kyurem|[miss]\n|-miss|p2a: Magearna|p1a: Kyurem\n|\n|-heal|p2a: Magearna|268\/364 par|[from] item: Leftovers\n|upkeep\n|turn|37\n|\n|t:|1665222589\n|move|p1a: Kyurem|Dragon Dance|p1a: Kyurem\n|-boost|p1a: Kyurem|atk|1\n|-boost|p1a: Kyurem|spe|1\n|move|p2a: Magearna|Fleur Cannon|p1a: Kyurem\n|-supereffective|p1a: Kyurem\n|-end|p1a: Kyurem|Substitute\n|-unboost|p2a: Magearna|spa|2\n|\n|-heal|p2a: Magearna|290\/364 par|[from] item: Leftovers\n|upkeep\n|turn|38\n|\n|t:|1665222606\n|move|p1a: Kyurem|Fusion Bolt|p2a: Magearna\n|-damage|p2a: Magearna|0 fnt\n|faint|p2a: Magearna\n|-damage|p1a: Kyurem|0 fnt|[from] item: Life Orb\n|faint|p1a: Kyurem\n|\n|upkeep\n|\n|t:|1665222617\n|switch|p1a: Lunala|Lunala|478\/478\n|switch|p2a: Groudon|Groudon|404\/404\n|-damage|p2a: Groudon|379\/404|[from] Stealth Rock\n|-weather|SunnyDay|[from] ability: Drought|[of] p2a: Groudon\n|turn|39\n|\n|t:|1665222621\n|switch|p2a: Ho-Oh|Ho-Oh|415\/415\n|move|p1a: Lunala|Ice Beam|p2a: Ho-Oh\n|-damage|p2a: Ho-Oh|356\/415\n|\n|-weather|SunnyDay|[upkeep]\n|upkeep\n|turn|40\n|\n|t:|1665222624\n|move|p1a: Lunala|Thunder Wave|p2a: Ho-Oh\n|-status|p2a: Ho-Oh|par\n|move|p2a: Ho-Oh|Thunder Wave|p1a: Lunala\n|-status|p1a: Lunala|par\n|\n|-weather|SunnyDay|[upkeep]\n|upkeep\n|turn|41\n|\n|t:|1665222634\n|cant|p1a: Lunala|par\n|cant|p2a: Ho-Oh|par\n|\n|-weather|SunnyDay|[upkeep]\n|upkeep\n|turn|42\n|\n|t:|1665222637\n|move|p1a: Lunala|Hex|p2a: Ho-Oh\n|-damage|p2a: Ho-Oh|233\/415 par\n|move|p2a: Ho-Oh|Brave Bird|p1a: Lunala\n|-damage|p1a: Lunala|365\/478 par\n|-damage|p2a: Ho-Oh|196\/415 par|[from] Recoil\n|\n|-weather|SunnyDay|[upkeep]\n|upkeep\n|turn|43\n|\n|t:|1665222653\n|move|p1a: Lunala|Roost|p1a: Lunala\n|-heal|p1a: Lunala|478\/478 par\n|-singleturn|p1a: Lunala|move: Roost\n|cant|p2a: Ho-Oh|par\n|\n|-weather|none\n|upkeep\n|turn|44\n|\n|t:|1665222658\n|move|p1a: Lunala|Hex|p2a: Ho-Oh\n|-damage|p2a: Ho-Oh|52\/415 par\n|move|p2a: Ho-Oh|Sacred Fire|p1a: Lunala\n|-damage|p1a: Lunala|370\/478 par\n|\n|upkeep\n|turn|45\n|\n|t:|1665222673\n|cant|p1a: Lunala|par\n|cant|p2a: Ho-Oh|par\n|\n|upkeep\n|turn|46\n|\n|t:|1665222676\n|cant|p1a: Lunala|par\n|cant|p2a: Ho-Oh|par\n|\n|upkeep\n|turn|47\n|\n|t:|1665222679\n|move|p1a: Lunala|Roost|p1a: Lunala\n|-heal|p1a: Lunala|478\/478 par\n|-singleturn|p1a: Lunala|move: Roost\n|move|p2a: Ho-Oh|Sacred Fire|p1a: Lunala\n|-damage|p1a: Lunala|375\/478 par\n|\n|upkeep\n|turn|48\n|\n|t:|1665222683\n|move|p1a: Lunala|Roost|p1a: Lunala\n|-heal|p1a: Lunala|478\/478 par\n|-singleturn|p1a: Lunala|move: Roost\n|move|p2a: Ho-Oh|Sacred Fire|p1a: Lunala\n|-damage|p1a: Lunala|370\/478 par\n|\n|upkeep\n|turn|49\n|\n|t:|1665222686\n|cant|p1a: Lunala|par\n|move|p2a: Ho-Oh|Sacred Fire|p1a: Lunala\n|-damage|p1a: Lunala|184\/478 par\n|\n|upkeep\n|turn|50\n|\n|t:|1665222689\n|switch|p2a: Calyrex|Calyrex-Shadow|342\/342\n|-ability|p2a: Calyrex|As One\n|-ability|p2a: Calyrex|Unnerve\n|-damage|p2a: Calyrex|300\/342|[from] Stealth Rock\n|move|p1a: Lunala|Roost|p1a: Lunala\n|-heal|p1a: Lunala|423\/478 par\n|-singleturn|p1a: Lunala|move: Roost\n|\n|upkeep\n|turn|51\n|\n|t:|1665222693\n|switch|p1a: Tyranitar|Tyranitar, F|273\/404\n|-weather|Sandstorm|[from] ability: Sand Stream|[of] p1a: Tyranitar\n|move|p2a: Calyrex|Astral Barrage|p1a: Tyranitar\n|-resisted|p1a: Tyranitar\n|-damage|p1a: Tyranitar|214\/404\n|\n|-weather|Sandstorm|[upkeep]\n|-damage|p2a: Calyrex|279\/342|[from] Sandstorm\n|upkeep\n|turn|52\n|\n|t:|1665222698\n|switch|p2a: Groudon|Groudon|379\/404\n|-damage|p2a: Groudon|354\/404|[from] Stealth Rock\n|-weather|SunnyDay|[from] ability: Drought|[of] p2a: Groudon\n|move|p1a: Tyranitar|Foul Play|p2a: Groudon\n|-damage|p2a: Groudon|264\/404\n|\n|-weather|SunnyDay|[upkeep]\n|-heal|p2a: Groudon|289\/404|[from] item: Leftovers\n|upkeep\n|turn|53\n|\n|t:|1665222701\n|move|p2a: Groudon|Precipice Blades|p1a: Tyranitar\n|-supereffective|p1a: Tyranitar\n|-damage|p1a: Tyranitar|0 fnt\n|faint|p1a: Tyranitar\n|\n|-weather|SunnyDay|[upkeep]\n|-heal|p2a: Groudon|314\/404|[from] item: Leftovers\n|upkeep\n|\n|t:|1665222704\n|switch|p1a: Lunala|Lunala|423\/478 par\n|turn|54\n|\n|t:|1665222713\n|switch|p2a: Ho-Oh|Ho-Oh|190\/415 par\n|move|p1a: Lunala|Hex|p2a: Ho-Oh\n|-damage|p2a: Ho-Oh|67\/415 par\n|\n|-weather|SunnyDay|[upkeep]\n|upkeep\n|turn|55\n|\n|t:|1665222716\n|move|p1a: Lunala|Hex|p2a: Ho-Oh\n|-damage|p2a: Ho-Oh|0 fnt\n|faint|p2a: Ho-Oh\n|\n|-weather|SunnyDay|[upkeep]\n|upkeep\n|\n|t:|1665222718\n|switch|p2a: Calyrex|Calyrex-Shadow|279\/342\n|-ability|p2a: Calyrex|As One\n|-ability|p2a: Calyrex|Unnerve\n|-damage|p2a: Calyrex|237\/342|[from] Stealth Rock\n|turn|56\n|\n|t:|1665222722\n|move|p2a: Calyrex|Astral Barrage|p1a: Lunala\n|-supereffective|p1a: Lunala\n|-damage|p1a: Lunala|0 fnt\n|faint|p1a: Lunala\n|-ability|p2a: Calyrex|Grim Neigh|boost\n|-boost|p2a: Calyrex|spa|1\n|\n|-weather|none\n|upkeep\n|\n|t:|1665222726\n|switch|p1a: Marshadow|Marshadow|321\/321\n|-damage|p1a: Marshadow|301\/321|[from] Stealth Rock\n|turn|57\n|\n|t:|1665222729\n|switch|p2a: Eternatus|Eternatus|433\/433\n|-ability|p2a: Eternatus|Pressure\n|move|p1a: Marshadow|Shadow Sneak|p2a: Eternatus\n|-damage|p2a: Eternatus|309\/433\n|\n|upkeep\n|turn|58\n|\n|t:|1665222731\n|switch|p1a: Necrozma|Necrozma-Dusk-Mane|369\/369\n|-damage|p1a: Necrozma|346\/369|[from] Stealth Rock\n|move|p2a: Eternatus|Dynamax Cannon|p1a: Necrozma\n|-resisted|p1a: Necrozma\n|-damage|p1a: Necrozma|270\/369\n|\n|upkeep\n|turn|59\n|\n|t:|1665222739\n|switch|p2a: Giratina|Giratina-Origin|441\/441\n|-damage|p2a: Giratina|386\/441|[from] Stealth Rock\n|move|p1a: Necrozma|Photon Geyser|p2a: Giratina\n|-damage|p2a: Giratina|130\/441\n|\n|upkeep\n|turn|60\n|\n|t:|1665222744\n|move|p1a: Necrozma|Photon Geyser|p2a: Giratina\n|-damage|p2a: Giratina|0 fnt\n|faint|p2a: Giratina\n|\n|upkeep\n|\n|t:|1665222748\n|switch|p2a: Calyrex|Calyrex-Shadow|237\/342\n|-ability|p2a: Calyrex|As One\n|-ability|p2a: Calyrex|Unnerve\n|-damage|p2a: Calyrex|195\/342|[from] Stealth Rock\n|turn|61\n|\n|t:|1665222752\n|move|p2a: Calyrex|Astral Barrage|p1a: Necrozma\n|-supereffective|p1a: Necrozma\n|-damage|p1a: Necrozma|0 fnt\n|faint|p1a: Necrozma\n|-ability|p2a: Calyrex|Grim Neigh|boost\n|-boost|p2a: Calyrex|spa|1\n|\n|upkeep\n|\n|t:|1665222755\n|switch|p1a: Marshadow|Marshadow|301\/321\n|-damage|p1a: Marshadow|281\/321|[from] Stealth Rock\n|turn|62\n|\n|t:|1665222760\n|move|p1a: Marshadow|Shadow Sneak|p2a: Calyrex\n|-supereffective|p2a: Calyrex\n|-damage|p2a: Calyrex|0 fnt\n|faint|p2a: Calyrex\n|\n|upkeep\n|\n|t:|1665222762\n|switch|p2a: Eternatus|Eternatus|309\/433\n|-ability|p2a: Eternatus|Pressure\n|turn|63\n|\n|t:|1665222765\n|move|p1a: Marshadow|Shadow Sneak|p2a: Eternatus\n|-damage|p2a: Eternatus|183\/433\n|move|p2a: Eternatus|Dynamax Cannon|p1a: Marshadow\n|-damage|p1a: Marshadow|115\/321\n|\n|upkeep\n|turn|64\n|\n|t:|1665222767\n|move|p1a: Marshadow|Shadow Sneak|p2a: Eternatus\n|-damage|p2a: Eternatus|62\/433\n|move|p2a: Eternatus|Recover|p2a: Eternatus\n|-heal|p2a: Eternatus|279\/433\n|\n|upkeep\n|turn|65\n|\n|t:|1665222769\n|move|p1a: Marshadow|Shadow Sneak|p2a: Eternatus\n|-damage|p2a: Eternatus|162\/433\n|move|p2a: Eternatus|Dynamax Cannon|p1a: Marshadow\n|-crit|p1a: Marshadow\n|-damage|p1a: Marshadow|0 fnt\n|faint|p1a: Marshadow\n|\n|win|Redflix\n|raw|Leche Fresca's rating: 1347 &rarr; <strong>1327<\/strong><br \/>(-20 for losing)\n|raw|Redflix's rating: 1345 &rarr; <strong>1365<\/strong><br \/>(+20 for winning)\n","uploadtime":1665222773,"views":13,"p1id":"lechefresca","p2id":"redflix","formatid":"gen8battlefactory","rating":1327,"private":0,"password":null}