{"id":"gen8randombattle-1513522639","p1":"wolfwarrior","p2":"oregassj","format":"gen8randombattle","log":"|j|\u2606wolfwarrior\n|j|\u2606oregassj\n|t:|1645168606\n|gametype|singles\n|player|p1|wolfwarrior|169|1442\n|player|p2|oregassj|265|1470\n|teamsize|p1|6\n|teamsize|p2|6\n|gen|8\n|tier|[Gen 8] Random Battle\n|rated|\n|rule|Species Clause: Limit one of each Pok\u00e9mon\n|rule|HP Percentage Mod: HP is shown in percentages\n|rule|Sleep Clause Mod: Limit one foe put to sleep\n|\n|t:|1645168606\n|start\n|switch|p1a: Stonjourner|Stonjourner, L88, F|319\/319\n|switch|p2a: Diggersby|Diggersby, L80, F|267\/267\n|turn|1\n|inactive|Battle timer is ON: inactive players will automatically lose when time's up. (requested by wolfwarrior)\n|\n|t:|1645168616\n|switch|p1a: Milotic|Milotic, L82, M|290\/290\n|move|p2a: Diggersby|Swords Dance|p2a: Diggersby\n|-boost|p2a: Diggersby|atk|2\n|\n|upkeep\n|turn|2\n|\n|t:|1645168627\n|move|p1a: Milotic|Scald|p2a: Diggersby\n|-supereffective|p2a: Diggersby\n|-damage|p2a: Diggersby|75\/267\n|-status|p2a: Diggersby|brn\n|move|p2a: Diggersby|Earthquake|p1a: Milotic\n|-damage|p1a: Milotic|86\/290\n|-damage|p2a: Diggersby|49\/267 brn|[from] item: Life Orb\n|\n|-heal|p1a: Milotic|104\/290|[from] item: Leftovers\n|-damage|p2a: Diggersby|33\/267 brn|[from] brn\n|upkeep\n|turn|3\n|\n|t:|1645168638\n|move|p1a: Milotic|Recover|p1a: Milotic\n|-heal|p1a: Milotic|249\/290\n|move|p2a: Diggersby|Knock Off|p1a: Milotic\n|-damage|p1a: Milotic|132\/290\n|-enditem|p1a: Milotic|Leftovers|[from] move: Knock Off|[of] p2a: Diggersby\n|-damage|p2a: Diggersby|7\/267 brn|[from] item: Life Orb\n|\n|-damage|p2a: Diggersby|0 fnt|[from] brn\n|faint|p2a: Diggersby\n|upkeep\n|\n|t:|1645168656\n|switch|p2a: Espeon|Espeon, L82, F|241\/241\n|turn|4\n|\n|t:|1645168663\n|switch|p1a: Rhydon|Rhydon, L87, F|324\/324\n|move|p2a: Espeon|Calm Mind|p2a: Espeon\n|-boost|p2a: Espeon|spa|1\n|-boost|p2a: Espeon|spd|1\n|\n|upkeep\n|turn|5\n|\n|t:|1645168670\n|move|p2a: Espeon|Calm Mind|p2a: Espeon\n|-boost|p2a: Espeon|spa|1\n|-boost|p2a: Espeon|spd|1\n|move|p1a: Rhydon|Earthquake|p2a: Espeon\n|-crit|p2a: Espeon\n|-damage|p2a: Espeon|0 fnt\n|faint|p2a: Espeon\n|\n|upkeep\n|\n|t:|1645168678\n|switch|p2a: Golurk|Golurk, L82|280\/280\n|turn|6\n|\n|t:|1645168684\n|move|p2a: Golurk|Rock Polish|p2a: Golurk\n|-boost|p2a: Golurk|spe|2\n|move|p1a: Rhydon|Toxic|p2a: Golurk\n|-status|p2a: Golurk|tox\n|\n|-damage|p2a: Golurk|263\/280 tox|[from] psn\n|upkeep\n|turn|7\n|\n|t:|1645168692\n|move|p2a: Golurk|Earthquake|p1a: Rhydon\n|-supereffective|p1a: Rhydon\n|-damage|p1a: Rhydon|160\/324\n|-damage|p2a: Golurk|235\/280 tox|[from] item: Life Orb\n|move|p1a: Rhydon|Earthquake|p2a: Golurk\n|-damage|p2a: Golurk|78\/280 tox\n|\n|-damage|p2a: Golurk|44\/280 tox|[from] psn\n|upkeep\n|turn|8\n|\n|t:|1645168701\n|move|p2a: Golurk|Earthquake|p1a: Rhydon\n|-supereffective|p1a: Rhydon\n|-damage|p1a: Rhydon|0 fnt\n|faint|p1a: Rhydon\n|-damage|p2a: Golurk|16\/280 tox|[from] item: Life Orb\n|\n|-damage|p2a: Golurk|0 fnt|[from] psn\n|faint|p2a: Golurk\n|upkeep\n|\n|t:|1645168714\n|switch|p2a: Umbreon|Umbreon, L82, F|290\/290\n|switch|p1a: Bouffalant|Bouffalant, L84, M|297\/297\n|turn|9\n|\n|t:|1645168723\n|move|p2a: Umbreon|Toxic|p1a: Bouffalant\n|-status|p1a: Bouffalant|tox\n|move|p1a: Bouffalant|Megahorn|p2a: Umbreon\n|-supereffective|p2a: Umbreon\n|-damage|p2a: Umbreon|140\/290\n|\n|-heal|p2a: Umbreon|158\/290|[from] item: Leftovers\n|-damage|p1a: Bouffalant|279\/297 tox|[from] psn\n|upkeep\n|turn|10\n|\n|t:|1645168738\n|move|p2a: Umbreon|Protect|p2a: Umbreon\n|-singleturn|p2a: Umbreon|Protect\n|move|p1a: Bouffalant|Swords Dance|p1a: Bouffalant\n|-boost|p1a: Bouffalant|atk|2\n|\n|-heal|p2a: Umbreon|176\/290|[from] item: Leftovers\n|-heal|p1a: Bouffalant|297\/297 tox|[from] item: Leftovers\n|-damage|p1a: Bouffalant|261\/297 tox|[from] psn\n|upkeep\n|turn|11\n|\n|t:|1645168747\n|move|p2a: Umbreon|Wish|p2a: Umbreon\n|move|p1a: Bouffalant|Megahorn|p2a: Umbreon\n|-supereffective|p2a: Umbreon\n|-damage|p2a: Umbreon|0 fnt\n|faint|p2a: Umbreon\n|\n|-heal|p1a: Bouffalant|279\/297 tox|[from] item: Leftovers\n|-damage|p1a: Bouffalant|225\/297 tox|[from] psn\n|upkeep\n|\n|t:|1645168755\n|switch|p2a: Marshadow|Marshadow, L70|242\/242\n|turn|12\n|\n|t:|1645168760\n|switch|p1a: Milotic|Milotic, L82, M|132\/290\n|move|p2a: Marshadow|Bulk Up|p2a: Marshadow\n|-boost|p2a: Marshadow|atk|1\n|-boost|p2a: Marshadow|def|1\n|\n|upkeep\n|turn|13\n|\n|t:|1645168772\n|move|p2a: Marshadow|Spectral Thief|p1a: Milotic\n|-damage|p1a: Milotic|0 fnt\n|faint|p1a: Milotic\n|-damage|p2a: Marshadow|218\/242|[from] item: Life Orb\n|\n|upkeep\n|inactive|wolfwarrior has 120 seconds left.\n|\n|t:|1645168806\n|switch|p1a: Bouffalant|Bouffalant, L84, M|225\/297 tox\n|turn|14\n|\n|t:|1645168810\n|move|p2a: Marshadow|Bulk Up|p2a: Marshadow\n|-boost|p2a: Marshadow|atk|1\n|-boost|p2a: Marshadow|def|1\n|move|p1a: Bouffalant|Head Charge|p2a: Marshadow\n|-immune|p2a: Marshadow\n|\n|-heal|p1a: Bouffalant|243\/297 tox|[from] item: Leftovers\n|-damage|p1a: Bouffalant|225\/297 tox|[from] psn\n|upkeep\n|turn|15\n|\n|t:|1645168818\n|move|p2a: Marshadow|Bulk Up|p2a: Marshadow\n|-boost|p2a: Marshadow|atk|1\n|-boost|p2a: Marshadow|def|1\n|move|p1a: Bouffalant|Earthquake|p2a: Marshadow\n|-damage|p2a: Marshadow|177\/242\n|\n|-heal|p1a: Bouffalant|243\/297 tox|[from] item: Leftovers\n|-damage|p1a: Bouffalant|207\/297 tox|[from] psn\n|upkeep\n|turn|16\n|\n|t:|1645168827\n|move|p2a: Marshadow|Bulk Up|p2a: Marshadow\n|-boost|p2a: Marshadow|atk|1\n|-boost|p2a: Marshadow|def|1\n|move|p1a: Bouffalant|Earthquake|p2a: Marshadow\n|-damage|p2a: Marshadow|143\/242\n|\n|-heal|p1a: Bouffalant|225\/297 tox|[from] item: Leftovers\n|-damage|p1a: Bouffalant|171\/297 tox|[from] psn\n|upkeep\n|turn|17\n|\n|t:|1645168838\n|move|p2a: Marshadow|Bulk Up|p2a: Marshadow\n|-boost|p2a: Marshadow|atk|1\n|-boost|p2a: Marshadow|def|1\n|move|p1a: Bouffalant|Earthquake|p2a: Marshadow\n|-damage|p2a: Marshadow|116\/242\n|\n|-heal|p1a: Bouffalant|189\/297 tox|[from] item: Leftovers\n|-damage|p1a: Bouffalant|117\/297 tox|[from] psn\n|upkeep\n|turn|18\n|\n|t:|1645168852\n|move|p2a: Marshadow|Close Combat|p1a: Bouffalant\n|-supereffective|p1a: Bouffalant\n|-damage|p1a: Bouffalant|0 fnt\n|-unboost|p2a: Marshadow|def|1\n|-unboost|p2a: Marshadow|spd|1\n|faint|p1a: Bouffalant\n|-damage|p2a: Marshadow|92\/242|[from] item: Life Orb\n|\n|upkeep\n|\n|t:|1645168864\n|switch|p1a: Scolipede|Scolipede, L80, F|227\/227\n|turn|19\n|\n|t:|1645168868\n|-start|p2a: Marshadow|Dynamax\n|-heal|p2a: Marshadow|184\/484|[silent]\n|move|p1a: Scolipede|Poison Jab|p2a: Marshadow\n|-resisted|p2a: Marshadow\n|-damage|p2a: Marshadow|162\/484\n|-damage|p1a: Scolipede|205\/227|[from] item: Life Orb\n|move|p2a: Marshadow|Max Phantasm|p1a: Scolipede\n|-damage|p1a: Scolipede|0 fnt\n|faint|p1a: Scolipede\n|-damage|p2a: Marshadow|138\/484|[from] item: Life Orb\n|\n|upkeep\n|\n|t:|1645168876\n|switch|p1a: Zamazenta|Zamazenta, L73|255\/255\n|-ability|p1a: Zamazenta|Dauntless Shield|boost\n|-boost|p1a: Zamazenta|def|1\n|turn|20\n|\n|t:|1645168885\n|move|p1a: Zamazenta|Psychic Fangs|p2a: Marshadow\n|-supereffective|p2a: Marshadow\n|-damage|p2a: Marshadow|68\/484\n|move|p2a: Marshadow|Max Knuckle|p1a: Zamazenta\n|-damage|p1a: Zamazenta|0 fnt\n|-boost|p2a: Marshadow|atk|1\n|faint|p1a: Zamazenta\n|-damage|p2a: Marshadow|44\/484|[from] item: Life Orb\n|\n|upkeep\n|-message|wolfwarrior forfeited.\n|\n|win|oregassj\n|raw|wolfwarrior's rating: 1442 &rarr; <strong>1424<\/strong><br \/>(-18 for losing)\n|raw|oregassj's rating: 1470 &rarr; <strong>1488<\/strong><br \/>(+18 for winning)\n|l|\u2606wolfwarrior\n","inputlog":">version f291f14f081bb9ee352032843cedfcc44c96f7fe\n>start {\"formatid\":\"gen8randombattle\",\"seed\":[24992,11271,55787,23266],\"rated\":\"Rated battle\"}\n>player p1 {\"name\":\"wolfwarrior\",\"avatar\":\"169\",\"rating\":1442,\"seed\":[39253,1700,23280,49959]}\n>player p2 {\"name\":\"oregassj\",\"avatar\":\"265\",\"rating\":1470,\"seed\":[10240,58977,23911,4020]}\n>p1 switch 4\n>p2 move swordsdance\n>p1 move scald\n>p2 move earthquake\n>p1 move recover\n>p2 move knockoff\n>p2 switch 4\n>p1 switch 6\n>p2 move calmmind\n>p1 move earthquake\n>p2 move calmmind\n>p2 switch 3\n>p1 move toxic\n>p2 move rockpolish\n>p1 move earthquake\n>p2 move earthquake\n>p1 move earthquake\n>p2 move earthquake\n>p1 switch 2\n>p2 switch 6\n>p1 move megahorn\n>p2 move toxic\n>p1 move swordsdance\n>p2 move protect\n>p1 move megahorn\n>p2 move wish\n>p2 switch 5\n>p1 switch 6\n>p2 move bulkup\n>p1 move scald\n>p2 move spectralthief\n>p1 switch 6\n>p1 move headcharge\n>p2 move bulkup\n>p1 move earthquake\n>p2 move bulkup\n>p1 move earthquake\n>p2 move bulkup\n>p1 move earthquake\n>p2 move bulkup\n>p1 move earthquake\n>p2 move closecombat\n>p1 switch 3\n>p1 move poisonjab\n>p2 move spectralthief dynamax\n>p1 switch 5\n>p1 move psychicfangs\n>p2 move closecombat dynamax\n>forcelose p1","uploadtime":1645168898,"views":8,"p1id":"wolfwarrior","p2id":"oregassj","formatid":"gen8randombattle","rating":1424,"private":0,"password":null}