{"id":"gen8ou-1679051709","p1":"gold bottle","p2":"superrouchuan","format":"gen8ou","log":"|j|\u2606gold bottle\n|j|\u2606superrouchuan\n|t:|1665059036\n|gametype|singles\n|player|p1|gold bottle|bellelba|1585\n|player|p2|superrouchuan|juan|1587\n|teamsize|p1|6\n|teamsize|p2|6\n|gen|8\n|tier|[Gen 8] OU\n|rated|\n|rule|Sleep Clause Mod: Limit one foe put to sleep\n|rule|Species Clause: Limit one of each Pok\u00e9mon\n|rule|OHKO Clause: OHKO moves are banned\n|rule|Evasion Items Clause: Evasion items are banned\n|rule|Evasion Moves Clause: Evasion moves are banned\n|rule|Endless Battle Clause: Forcing endless battles is banned\n|rule|HP Percentage Mod: HP is shown in percentages\n|rule|Dynamax Clause: You cannot dynamax\n|clearpoke\n|poke|p1|Regieleki|\n|poke|p1|Landorus-Therian, M|\n|poke|p1|Rillaboom, F|\n|poke|p1|Urshifu-*, M|\n|poke|p1|Heatran, M|\n|poke|p1|Dragonite, M|\n|poke|p2|Snorlax, M|\n|poke|p2|Tapu Lele|\n|poke|p2|Tyranitar, M|\n|poke|p2|Zapdos|\n|poke|p2|Garchomp, F|\n|poke|p2|Buzzwole|\n|teampreview\n|c|\u2606gold bottle|\u8089\u4e32\u54e5\n|c|\u2606superrouchuan|\uff1f\n|c|\u2606superrouchuan|why\n|j| Youressi\n|c|\u2606superrouchuan|\u81ea\u4ece\n|c|\u2606superrouchuan|\u6211\u7a0d\u5fae\u72d9\u4e86\n|c|\u2606superrouchuan|\u4e00\u4e0b\u8001\u5427\n|c|\u2606gold bottle|\u54c8\u54c8\n|c|\u2606superrouchuan|\u5c31\u7a81\u7136\u53d1\u73b0\u5929\u68af\n|c|\u2606superrouchuan|\u4e00\u5927\u534a\u56fd\u4eba\n|c|\u2606superrouchuan|\u5168\u8ba4\u8bc6\u6211\u4e86\n|inactive|Battle timer is ON: inactive players will automatically lose when time's up. (requested by superrouchuan)\n|inactive|gold bottle also wants the timer to be on.\n|\n|t:|1665059099\n|start\n|switch|p1a: Rillaboom|Rillaboom, F, shiny|100\/100\n|switch|p2a: \u868a\u7237\u7237|Buzzwole|100\/100\n|-fieldstart|move: Grassy Terrain|[from] ability: Grassy Surge|[of] p1a: Rillaboom\n|turn|1\n|\n|t:|1665059115\n|switch|p1a: KINZIE KENSINGTON|Landorus-Therian, M|100\/100\n|-ability|p1a: KINZIE KENSINGTON|Intimidate|boost\n|-unboost|p2a: \u868a\u7237\u7237|atk|1\n|move|p2a: \u868a\u7237\u7237|Ice Punch|p1a: KINZIE KENSINGTON\n|-supereffective|p1a: KINZIE KENSINGTON\n|-damage|p1a: KINZIE KENSINGTON|39\/100\n|\n|-heal|p1a: KINZIE KENSINGTON|45\/100|[from] item: Leftovers\n|upkeep\n|turn|2\n|j| lolka8971\n|c|\u2606superrouchuan|\u8bfb\u5230\u4e86\n|\n|t:|1665059130\n|switch|p1a: SHAUNDI|Urshifu-Rapid-Strike, M|100\/100\n|move|p2a: \u868a\u7237\u7237|Ice Punch|p1a: SHAUNDI\n|-resisted|p1a: SHAUNDI\n|-damage|p1a: SHAUNDI|91\/100\n|\n|-heal|p1a: SHAUNDI|97\/100|[from] Grassy Terrain\n|upkeep\n|turn|3\n|c|\u2606superrouchuan|\u4f46\u662f\u771f\u4ed6\u5a18\u8089\n|\n|t:|1665059145\n|switch|p2a: \u6253\u4e86\u4e94\u5c40\u4e00\u4e2a\u6280\u80fd\u6ca1\u653e|Garchomp, F|100\/100\n|move|p1a: SHAUNDI|Surging Strikes|p2a: \u6253\u4e86\u4e94\u5c40\u4e00\u4e2a\u6280\u80fd\u6ca1\u653e\n|-crit|p2a: \u6253\u4e86\u4e94\u5c40\u4e00\u4e2a\u6280\u80fd\u6ca1\u653e\n|-damage|p2a: \u6253\u4e86\u4e94\u5c40\u4e00\u4e2a\u6280\u80fd\u6ca1\u653e|81\/100\n|-damage|p1a: SHAUNDI|85\/100|[from] ability: Rough Skin|[of] p2a: \u6253\u4e86\u4e94\u5c40\u4e00\u4e2a\u6280\u80fd\u6ca1\u653e\n|-crit|p2a: \u6253\u4e86\u4e94\u5c40\u4e00\u4e2a\u6280\u80fd\u6ca1\u653e\n|-damage|p2a: \u6253\u4e86\u4e94\u5c40\u4e00\u4e2a\u6280\u80fd\u6ca1\u653e|62\/100\n|-damage|p1a: SHAUNDI|72\/100|[from] ability: Rough Skin|[of] p2a: \u6253\u4e86\u4e94\u5c40\u4e00\u4e2a\u6280\u80fd\u6ca1\u653e\n|-crit|p2a: \u6253\u4e86\u4e94\u5c40\u4e00\u4e2a\u6280\u80fd\u6ca1\u653e\n|-damage|p2a: \u6253\u4e86\u4e94\u5c40\u4e00\u4e2a\u6280\u80fd\u6ca1\u653e|41\/100\n|-damage|p1a: SHAUNDI|60\/100|[from] ability: Rough Skin|[of] p2a: \u6253\u4e86\u4e94\u5c40\u4e00\u4e2a\u6280\u80fd\u6ca1\u653e\n|-hitcount|p2a: \u6253\u4e86\u4e94\u5c40\u4e00\u4e2a\u6280\u80fd\u6ca1\u653e|3\n|\n|-heal|p1a: SHAUNDI|66\/100|[from] Grassy Terrain\n|-heal|p2a: \u6253\u4e86\u4e94\u5c40\u4e00\u4e2a\u6280\u80fd\u6ca1\u653e|47\/100|[from] Grassy Terrain\n|upkeep\n|turn|4\n|\n|t:|1665059162\n|switch|p1a: KINZIE KENSINGTON|Landorus-Therian, M|45\/100\n|-ability|p1a: KINZIE KENSINGTON|Intimidate|boost\n|-unboost|p2a: \u6253\u4e86\u4e94\u5c40\u4e00\u4e2a\u6280\u80fd\u6ca1\u653e|atk|1\n|move|p2a: \u6253\u4e86\u4e94\u5c40\u4e00\u4e2a\u6280\u80fd\u6ca1\u653e|Dragon Claw|p1a: KINZIE KENSINGTON\n|-damage|p1a: KINZIE KENSINGTON|7\/100\n|\n|-heal|p2a: \u6253\u4e86\u4e94\u5c40\u4e00\u4e2a\u6280\u80fd\u6ca1\u653e|53\/100|[from] Grassy Terrain\n|-heal|p1a: KINZIE KENSINGTON|13\/100|[from] item: Leftovers\n|upkeep\n|turn|5\n|\n|t:|1665059175\n|move|p2a: \u6253\u4e86\u4e94\u5c40\u4e00\u4e2a\u6280\u80fd\u6ca1\u653e|Dragon Claw|p1a: KINZIE KENSINGTON\n|-damage|p1a: KINZIE KENSINGTON|0 fnt\n|faint|p1a: KINZIE KENSINGTON\n|\n|-heal|p2a: \u6253\u4e86\u4e94\u5c40\u4e00\u4e2a\u6280\u80fd\u6ca1\u653e|59\/100|[from] Grassy Terrain\n|-fieldend|move: Grassy Terrain\n|upkeep\n|\n|t:|1665059179\n|switch|p1a: SHAUNDI|Urshifu-Rapid-Strike, M|66\/100\n|turn|6\n|\n|t:|1665059183\n|move|p1a: SHAUNDI|U-turn|p2a: \u6253\u4e86\u4e94\u5c40\u4e00\u4e2a\u6280\u80fd\u6ca1\u653e\n|-damage|p2a: \u6253\u4e86\u4e94\u5c40\u4e00\u4e2a\u6280\u80fd\u6ca1\u653e|33\/100\n|-damage|p1a: SHAUNDI|54\/100|[from] ability: Rough Skin|[of] p2a: \u6253\u4e86\u4e94\u5c40\u4e00\u4e2a\u6280\u80fd\u6ca1\u653e\n|\n|t:|1665059188\n|switch|p1a: Heatran|Heatran, M|100\/100|[from]move: U-turn\n|move|p2a: \u6253\u4e86\u4e94\u5c40\u4e00\u4e2a\u6280\u80fd\u6ca1\u653e|Dragon Claw|p1a: Heatran\n|-resisted|p1a: Heatran\n|-damage|p1a: Heatran|82\/100\n|\n|-heal|p1a: Heatran|88\/100|[from] item: Leftovers\n|upkeep\n|turn|7\n|\n|t:|1665059196\n|switch|p2a: \u9e1f\u54e5\u4e0d\u4ec5\u6709\u7a33\u91cd\u7684\u4e00\u9762|Zapdos, shiny|100\/100\n|switch|p1a: Dragonite|Dragonite, M, shiny|100\/100\n|\n|upkeep\n|turn|8\n|\n|t:|1665059205\n|switch|p1a: Heatran|Heatran, M|88\/100\n|move|p2a: \u9e1f\u54e5\u4e0d\u4ec5\u6709\u7a33\u91cd\u7684\u4e00\u9762|Volt Switch|p1a: Heatran\n|-crit|p1a: Heatran\n|-damage|p1a: Heatran|33\/100\n|\n|t:|1665059217\n|switch|p2a: \u868a\u7237\u7237|Buzzwole|100\/100|[from]move: Volt Switch\n|\n|-heal|p1a: Heatran|39\/100|[from] item: Leftovers\n|upkeep\n|turn|9\n|\n|t:|1665059238\n|move|p2a: \u868a\u7237\u7237|Close Combat|p1a: Heatran\n|-supereffective|p1a: Heatran\n|-crit|p1a: Heatran\n|-damage|p1a: Heatran|0 fnt\n|-unboost|p2a: \u868a\u7237\u7237|def|1\n|-unboost|p2a: \u868a\u7237\u7237|spd|1\n|faint|p1a: Heatran\n|-ability|p2a: \u868a\u7237\u7237|Beast Boost|boost\n|-boost|p2a: \u868a\u7237\u7237|atk|1\n|\n|upkeep\n|\n|t:|1665059240\n|switch|p1a: Regieleki|Regieleki|100\/100\n|turn|10\n|\n|t:|1665059250\n|switch|p1a: SHAUNDI|Urshifu-Rapid-Strike, M|54\/100\n|switch|p2a: \u6253\u4e86\u4e94\u5c40\u4e00\u4e2a\u6280\u80fd\u6ca1\u653e|Garchomp, F|33\/100\n|\n|upkeep\n|turn|11\n|\n|t:|1665059260\n|move|p1a: SHAUNDI|Surging Strikes|p2a: \u6253\u4e86\u4e94\u5c40\u4e00\u4e2a\u6280\u80fd\u6ca1\u653e\n|-crit|p2a: \u6253\u4e86\u4e94\u5c40\u4e00\u4e2a\u6280\u80fd\u6ca1\u653e\n|-damage|p2a: \u6253\u4e86\u4e94\u5c40\u4e00\u4e2a\u6280\u80fd\u6ca1\u653e|14\/100\n|-damage|p1a: SHAUNDI|42\/100|[from] ability: Rough Skin|[of] p2a: \u6253\u4e86\u4e94\u5c40\u4e00\u4e2a\u6280\u80fd\u6ca1\u653e\n|-crit|p2a: \u6253\u4e86\u4e94\u5c40\u4e00\u4e2a\u6280\u80fd\u6ca1\u653e\n|-damage|p2a: \u6253\u4e86\u4e94\u5c40\u4e00\u4e2a\u6280\u80fd\u6ca1\u653e|0 fnt\n|-damage|p1a: SHAUNDI|29\/100|[from] ability: Rough Skin|[of] p2a: \u6253\u4e86\u4e94\u5c40\u4e00\u4e2a\u6280\u80fd\u6ca1\u653e\n|faint|p2a: \u6253\u4e86\u4e94\u5c40\u4e00\u4e2a\u6280\u80fd\u6ca1\u653e\n|-hitcount|p2: \u6253\u4e86\u4e94\u5c40\u4e00\u4e2a\u6280\u80fd\u6ca1\u653e|2\n|\n|upkeep\n|\n|t:|1665059276\n|switch|p2a: \u5e26\u6076\u4eba|Tyranitar, M, shiny|100\/100\n|-weather|Sandstorm|[from] ability: Sand Stream|[of] p2a: \u5e26\u6076\u4eba\n|turn|12\n|\n|t:|1665059281\n|move|p1a: SHAUNDI|Surging Strikes|p2a: \u5e26\u6076\u4eba\n|-supereffective|p2a: \u5e26\u6076\u4eba\n|-crit|p2a: \u5e26\u6076\u4eba\n|-damage|p2a: \u5e26\u6076\u4eba|79\/100\n|-supereffective|p2a: \u5e26\u6076\u4eba\n|-crit|p2a: \u5e26\u6076\u4eba\n|-damage|p2a: \u5e26\u6076\u4eba|56\/100\n|-supereffective|p2a: \u5e26\u6076\u4eba\n|-crit|p2a: \u5e26\u6076\u4eba\n|-damage|p2a: \u5e26\u6076\u4eba|34\/100\n|-hitcount|p2a: \u5e26\u6076\u4eba|3\n|move|p2a: \u5e26\u6076\u4eba|Counter|p1a: SHAUNDI\n|-damage|p1a: SHAUNDI|0 fnt\n|faint|p1a: SHAUNDI\n|\n|-weather|Sandstorm|[upkeep]\n|upkeep\n|c|\u2606gold bottle|\u6211\u8bf4\u5462\n|c|\u2606superrouchuan|\u53ef\u60dc\u4e86\n|c|\u2606superrouchuan|\u4e0d\u7136\n|c|\u2606gold bottle|\u7269\u8010\u73ed\u57fa\u62c9\u65af\uff1f\n|c|\u2606superrouchuan|\u5bc4\u4e86\u3001\u3001\n|\n|t:|1665059309\n|switch|p1a: Rillaboom|Rillaboom, F, shiny|100\/100\n|-fieldstart|move: Grassy Terrain|[from] ability: Grassy Surge|[of] p1a: Rillaboom\n|turn|13\n|\n|t:|1665059320\n|switch|p1a: Dragonite|Dragonite, M, shiny|100\/100\n|move|p2a: \u5e26\u6076\u4eba|Dragon Tail|p1a: Dragonite\n|-supereffective|p1a: Dragonite\n|-damage|p1a: Dragonite|84\/100\n|drag|p1a: Rillaboom|Rillaboom, F, shiny|100\/100\n|\n|-weather|Sandstorm|[upkeep]\n|-damage|p1a: Rillaboom|94\/100|[from] Sandstorm\n|-heal|p1a: Rillaboom|100\/100|[from] Grassy Terrain\n|-heal|p2a: \u5e26\u6076\u4eba|40\/100|[from] Grassy Terrain\n|upkeep\n|turn|14\n|c|\u2606superrouchuan|hhhh\n|\n|t:|1665059332\n|move|p1a: Rillaboom|Grassy Glide|p2a: \u5e26\u6076\u4eba\n|-supereffective|p2a: \u5e26\u6076\u4eba\n|-damage|p2a: \u5e26\u6076\u4eba|0 fnt\n|faint|p2a: \u5e26\u6076\u4eba\n|\n|-weather|Sandstorm|[upkeep]\n|-damage|p1a: Rillaboom|94\/100|[from] Sandstorm\n|-heal|p1a: Rillaboom|100\/100|[from] Grassy Terrain\n|upkeep\n|c|\u2606superrouchuan|\u6c42\u4f60\u6740\u6211\n|\n|t:|1665059345\n|switch|p2a: \u8776\u8776|Tapu Lele|100\/100\n|-fieldstart|move: Psychic Terrain|[from] ability: Psychic Surge|[of] p2a: \u8776\u8776\n|turn|15\n|inactive|gold bottle has 120 seconds left.\n|c|\u2606superrouchuan|\u9f99\u5c3e\u73ed\u592a\u635f\u4e86\n|\n|t:|1665059367\n|switch|p1a: Dragonite|Dragonite, M, shiny|84\/100\n|move|p2a: \u8776\u8776|Psychic|p1a: Dragonite\n|-damage|p1a: Dragonite|21\/100\n|\n|-weather|Sandstorm|[upkeep]\n|-damage|p2a: \u8776\u8776|94\/100|[from] Sandstorm\n|-damage|p1a: Dragonite|15\/100|[from] Sandstorm\n|upkeep\n|turn|16\n|c|\u2606superrouchuan|\u6211\u4ee5\u524d\u548b\u5c31\u6ca1\u53d1\u73b0\u5462\n|\n|t:|1665059375\n|move|p2a: \u8776\u8776|Psychic|p1a: Dragonite\n|-damage|p1a: Dragonite|0 fnt\n|faint|p1a: Dragonite\n|\n|-weather|none\n|upkeep\n|\n|t:|1665059380\n|switch|p1a: Rillaboom|Rillaboom, F, shiny|100\/100\n|-fieldstart|move: Grassy Terrain|[from] ability: Grassy Surge|[of] p1a: Rillaboom\n|turn|17\n|\n|t:|1665059386\n|switch|p2a: \u868a\u7237\u7237|Buzzwole|100\/100\n|move|p1a: Rillaboom|Knock Off|p2a: \u868a\u7237\u7237\n|-resisted|p2a: \u868a\u7237\u7237\n|-damage|p2a: \u868a\u7237\u7237|87\/100\n|-enditem|p2a: \u868a\u7237\u7237|Choice Scarf|[from] move: Knock Off|[of] p1a: Rillaboom\n|\n|-heal|p2a: \u868a\u7237\u7237|93\/100|[from] Grassy Terrain\n|upkeep\n|turn|18\n|\n|t:|1665059396\n|move|p2a: \u868a\u7237\u7237|Poison Jab|p1a: Rillaboom\n|-supereffective|p1a: Rillaboom\n|-damage|p1a: Rillaboom|46\/100\n|move|p1a: Rillaboom|Swords Dance|p1a: Rillaboom\n|-boost|p1a: Rillaboom|atk|2\n|\n|-heal|p2a: \u868a\u7237\u7237|99\/100|[from] Grassy Terrain\n|-heal|p1a: Rillaboom|53\/100|[from] Grassy Terrain\n|-heal|p1a: Rillaboom|59\/100|[from] item: Leftovers\n|upkeep\n|turn|19\n|\n|t:|1665059411\n|move|p2a: \u868a\u7237\u7237|Poison Jab|p1a: Rillaboom\n|-supereffective|p1a: Rillaboom\n|-crit|p1a: Rillaboom\n|-damage|p1a: Rillaboom|0 fnt\n|faint|p1a: Rillaboom\n|-ability|p2a: \u868a\u7237\u7237|Beast Boost|boost\n|-boost|p2a: \u868a\u7237\u7237|atk|1\n|\n|-heal|p2a: \u868a\u7237\u7237|100\/100|[from] Grassy Terrain\n|upkeep\n|c|\u2606superrouchuan|?\n|\n|t:|1665059417\n|switch|p1a: Regieleki|Regieleki|100\/100\n|turn|20\n|c|\u2606superrouchuan|\u79bb\u8c31\n|c|\u2606gold bottle|\u3002\u3002\n|c|\u2606gold bottle|\u8fd9\u628act\u6709\u70b9\u591a\u4e86\n|c|\u2606superrouchuan|\u867d\u8bf4\u662f\u7a33\u8d62\u5c40\u5427\n|\n|t:|1665059435\n|move|p1a: Regieleki|Rapid Spin|p2a: \u868a\u7237\u7237\n|-damage|p2a: \u868a\u7237\u7237|92\/100\n|-boost|p1a: Regieleki|spe|1\n|move|p2a: \u868a\u7237\u7237|Earthquake|p1a: Regieleki\n|-supereffective|p1a: Regieleki\n|-damage|p1a: Regieleki|0 fnt\n|faint|p1a: Regieleki\n|\n|win|superrouchuan\n|raw|gold bottle's rating: 1585 &rarr; <strong>1565<\/strong><br \/>(-20 for losing)\n|raw|superrouchuan's rating: 1587 &rarr; <strong>1607<\/strong><br \/>(+20 for winning)\n|c|\u2606superrouchuan|\u4f46\u65e0\u4f24\u5927\u96c5\n|c|\u2606superrouchuan|\u8017\u81ea\u5df1\u7684\u8fd0\u6c14\n|c|\u2606superrouchuan|\u54ce\n|l| Youressi\n|l|\u2606superrouchuan\n||Ladder isn't responding, score probably updated but might not have (Request timeout).\n","uploadtime":1665059510,"views":22,"p1id":"goldbottle","p2id":"superrouchuan","formatid":"gen8ou","rating":1565,"private":0,"password":null}