{"id":"gen8cap-1681474382","p1":"Highv0ltag3","p2":"Chuggachuggachooo","format":"gen8cap","log":"|j|\u2606Highv0ltag3\n|j|\u2606Chuggachuggachooo\n|t:|1665321829\n|gametype|singles\n|player|p1|Highv0ltag3|volo|1437\n|player|p2|Chuggachuggachooo|ghetsis-gen5bw|1289\n|teamsize|p1|6\n|teamsize|p2|6\n|gen|8\n|tier|[Gen 8] CAP\n|rated|\n|rule|Sleep Clause Mod: Limit one foe put to sleep\n|rule|Species Clause: Limit one of each Pok\u00e9mon\n|rule|OHKO Clause: OHKO moves are banned\n|rule|Evasion Items Clause: Evasion items are banned\n|rule|Evasion Moves Clause: Evasion moves are banned\n|rule|Endless Battle Clause: Forcing endless battles is banned\n|rule|HP Percentage Mod: HP is shown in percentages\n|rule|Dynamax Clause: You cannot dynamax\n|clearpoke\n|poke|p1|Aegislash, M|\n|poke|p1|Saharaja, M|\n|poke|p1|Tornadus-Therian, M|\n|poke|p1|Corviknight, F|\n|poke|p1|Tapu Lele|\n|poke|p1|Aurumoth, F|\n|poke|p2|Ferrothorn, F|\n|poke|p2|Urshifu-*, F|\n|poke|p2|Venomicon|\n|poke|p2|Saharaja, F|\n|poke|p2|Zapdos|\n|poke|p2|Blacephalon|\n|teampreview\n|l|\u2606Chuggachuggachooo\n|player|p2|\n|j| ACDCfire\n|inactive|Battle timer is ON: inactive players will automatically lose when time's up. (requested by Highv0ltag3)\n|j|\u2606Chuggachuggachooo\n|inactive|Chuggachuggachooo reconnected and has 150 seconds left.\n|player|p2|Chuggachuggachooo|ghetsis-gen5bw\n|l| ACDCfire\n|\n|t:|1665321843\n|start\n|switch|p1a: Tornadus|Tornadus-Therian, M|100\/100\n|switch|p2a: Urshifu|Urshifu-Rapid-Strike, F|100\/100\n|turn|1\n|l|\u2606Chuggachuggachooo\n|inactive|Chuggachuggachooo disconnected and has a minute to reconnect!\n|player|p2|\n|j|\u2606Chuggachuggachooo\n|inactive|Chuggachuggachooo reconnected and has 115 seconds left.\n|player|p2|Chuggachuggachooo|ghetsis-gen5bw\n|\n|t:|1665321886\n|switch|p2a: Zapdos|Zapdos|100\/100\n|move|p1a: Tornadus|Knock Off|p2a: Zapdos\n|-damage|p2a: Zapdos|85\/100\n|-status|p1a: Tornadus|par|[from] ability: Static|[of] p2a: Zapdos\n|-enditem|p2a: Zapdos|Heavy-Duty Boots|[from] move: Knock Off|[of] p1a: Tornadus\n|\n|upkeep\n|turn|2\n|\n|t:|1665321891\n|move|p2a: Zapdos|Hurricane|p1a: Tornadus\n|-damage|p1a: Tornadus|69\/100 par\n|-start|p1a: Tornadus|confusion\n|-activate|p1a: Tornadus|confusion\n|move|p1a: Tornadus|U-turn|p2a: Zapdos\n|-resisted|p2a: Zapdos\n|-damage|p2a: Zapdos|80\/100\n|\n|t:|1665321897\n|switch|p1a: Aegislash|Aegislash, M|100\/100|[from]move: U-turn\n|\n|upkeep\n|turn|3\n|\n|t:|1665321908\n|switch|p1a: Tornadus|Tornadus-Therian, M|100\/100 par\n|move|p2a: Zapdos|Heat Wave|p1a: Tornadus\n|-damage|p1a: Tornadus|83\/100 par\n|\n|upkeep\n|turn|4\n|\n|t:|1665321913\n|switch|p1a: Saharaja|Saharaja, M|100\/100\n|move|p2a: Zapdos|Discharge|p1a: Saharaja\n|-immune|p1a: Saharaja\n|\n|upkeep\n|turn|5\n|\n|t:|1665321918\n|switch|p2a: Saharaja|Saharaja, F|100\/100\n|switch|p1a: Aegislash|Aegislash, M|100\/100\n|\n|upkeep\n|turn|6\n|\n|t:|1665321923\n|move|p2a: Saharaja|Earthquake|p1a: Aegislash\n|-supereffective|p1a: Aegislash\n|-damage|p1a: Aegislash|23\/100\n|move|p1a: Aegislash|Toxic|p2a: Saharaja\n|-status|p2a: Saharaja|tox\n|\n|-heal|p1a: Aegislash|29\/100|[from] item: Leftovers\n|-damage|p2a: Saharaja|94\/100 tox|[from] psn\n|upkeep\n|turn|7\n|\n|t:|1665321928\n|switch|p1a: Corviknight|Corviknight, F|100\/100\n|-ability|p1a: Corviknight|Pressure\n|move|p2a: Saharaja|Earthquake|p1a: Corviknight\n|-immune|p1a: Corviknight\n|\n|-heal|p2a: Saharaja|100\/100 tox|[from] item: Leftovers\n|-damage|p2a: Saharaja|88\/100 tox|[from] psn\n|upkeep\n|turn|8\n|\n|t:|1665321933\n|switch|p2a: Venomicon|Venomicon|100\/100\n|move|p1a: Corviknight|U-turn|p2a: Venomicon\n|-resisted|p2a: Venomicon\n|-damage|p2a: Venomicon|98\/100\n|-ability|p2a: Venomicon|Stamina|boost\n|-boost|p2a: Venomicon|def|1\n|\n|t:|1665321940\n|switch|p1a: Tapu Lele|Tapu Lele|100\/100|[from]move: U-turn\n|-fieldstart|move: Psychic Terrain|[from] ability: Psychic Surge|[of] p1a: Tapu Lele\n|\n|upkeep\n|turn|9\n|\n|t:|1665321947\n|switch|p2a: Ferrothorn|Ferrothorn, F|100\/100\n|move|p1a: Tapu Lele|Focus Blast|p2a: Ferrothorn|[miss]\n|-miss|p1a: Tapu Lele|p2a: Ferrothorn\n|\n|upkeep\n|turn|10\n|\n|t:|1665321951\n|switch|p1a: Aurumoth|Aurumoth, F|100\/100\n|switch|p2a: Blacephalon|Blacephalon|100\/100\n|\n|upkeep\n|turn|11\n|\n|t:|1665321955\n|switch|p1a: Tornadus|Tornadus-Therian, M|100\/100 par\n|move|p2a: Blacephalon|Flamethrower|p1a: Tornadus\n|-damage|p1a: Tornadus|63\/100 par\n|\n|upkeep\n|turn|12\n|\n|t:|1665321961\n|switch|p2a: Ferrothorn|Ferrothorn, F|100\/100\n|move|p1a: Tornadus|Knock Off|p2a: Ferrothorn\n|-damage|p2a: Ferrothorn|89\/100\n|-damage|p1a: Tornadus|51\/100 par|[from] ability: Iron Barbs|[of] p2a: Ferrothorn\n|-enditem|p2a: Ferrothorn|Leftovers|[from] move: Knock Off|[of] p1a: Tornadus\n|\n|-fieldend|move: Psychic Terrain\n|upkeep\n|turn|13\n|\n|t:|1665321964\n|move|p1a: Tornadus|Heat Wave|p2a: Ferrothorn\n|-supereffective|p2a: Ferrothorn\n|-damage|p2a: Ferrothorn|8\/100\n|move|p2a: Ferrothorn|Leech Seed|p1a: Tornadus\n|-start|p1a: Tornadus|move: Leech Seed\n|\n|-damage|p1a: Tornadus|38\/100 par|[from] Leech Seed|[of] p2a: Ferrothorn\n|-heal|p2a: Ferrothorn|21\/100|[silent]\n|upkeep\n|turn|14\n|\n|t:|1665321969\n|switch|p1a: Aegislash|Aegislash, M|29\/100\n|switch|p2a: Venomicon|Venomicon|98\/100\n|\n|-heal|p1a: Aegislash|35\/100|[from] item: Leftovers\n|upkeep\n|turn|15\n|\n|t:|1665321974\n|move|p2a: Venomicon|Earth Power|p1a: Aegislash\n|-supereffective|p1a: Aegislash\n|-damage|p1a: Aegislash|0 fnt\n|faint|p1a: Aegislash\n|\n|upkeep\n|\n|t:|1665321977\n|switch|p1a: Tapu Lele|Tapu Lele|100\/100\n|-fieldstart|move: Psychic Terrain|[from] ability: Psychic Surge|[of] p1a: Tapu Lele\n|turn|16\n|\n|t:|1665321986\n|switch|p2a: Zapdos|Zapdos|80\/100\n|move|p1a: Tapu Lele|Psychic|p2a: Zapdos\n|-damage|p2a: Zapdos|22\/100\n|\n|upkeep\n|turn|17\n|\n|t:|1665321991\n|switch|p2a: Ferrothorn|Ferrothorn, F|21\/100\n|move|p1a: Tapu Lele|Psychic|p2a: Ferrothorn\n|-resisted|p2a: Ferrothorn\n|-damage|p2a: Ferrothorn|0 fnt\n|faint|p2a: Ferrothorn\n|\n|upkeep\n|\n|t:|1665321993\n|switch|p2a: Blacephalon|Blacephalon|100\/100\n|turn|18\n|\n|t:|1665322006\n|switch|p1a: Corviknight|Corviknight, F|100\/100\n|-ability|p1a: Corviknight|Pressure\n|move|p2a: Blacephalon|Shadow Ball|p1a: Corviknight\n|-damage|p1a: Corviknight|56\/100\n|\n|-heal|p1a: Corviknight|62\/100|[from] item: Leftovers\n|upkeep\n|turn|19\n|\n|t:|1665322012\n|switch|p2a: Venomicon|Venomicon|98\/100\n|move|p1a: Corviknight|Roost|p1a: Corviknight\n|-heal|p1a: Corviknight|100\/100\n|-singleturn|p1a: Corviknight|move: Roost\n|\n|upkeep\n|turn|20\n|\n|t:|1665322015\n|move|p1a: Corviknight|U-turn|p2a: Venomicon\n|-resisted|p2a: Venomicon\n|-damage|p2a: Venomicon|95\/100\n|-ability|p2a: Venomicon|Stamina|boost\n|-boost|p2a: Venomicon|def|1\n|\n|t:|1665322021\n|switch|p1a: Tapu Lele|Tapu Lele|100\/100|[from]move: U-turn\n|move|p2a: Venomicon|Nasty Plot|p2a: Venomicon\n|-boost|p2a: Venomicon|spa|2\n|\n|-fieldend|move: Psychic Terrain\n|upkeep\n|turn|21\n|\n|t:|1665322036\n|switch|p1a: Aurumoth|Aurumoth, F|100\/100\n|switch|p2a: Saharaja|Saharaja, F|88\/100 tox\n|\n|-heal|p2a: Saharaja|94\/100 tox|[from] item: Leftovers\n|-damage|p2a: Saharaja|88\/100 tox|[from] psn\n|upkeep\n|turn|22\n|\n|t:|1665322043\n|move|p1a: Aurumoth|Psyshock|p2a: Saharaja\n|-damage|p2a: Saharaja|18\/100 tox\n|move|p2a: Saharaja|Rapid Spin|p1a: Aurumoth\n|-damage|p1a: Aurumoth|84\/100\n|-boost|p2a: Saharaja|spe|1\n|-ability|p1a: Aurumoth|Weak Armor|boost\n|-unboost|p1a: Aurumoth|def|1\n|-boost|p1a: Aurumoth|spe|2\n|\n|-heal|p2a: Saharaja|24\/100 tox|[from] item: Leftovers\n|-damage|p2a: Saharaja|12\/100 tox|[from] psn\n|upkeep\n|turn|23\n|\n|t:|1665322046\n|move|p1a: Aurumoth|Psyshock|p2a: Saharaja\n|-damage|p2a: Saharaja|0 fnt\n|faint|p2a: Saharaja\n|\n|upkeep\n|\n|t:|1665322054\n|switch|p2a: Blacephalon|Blacephalon|100\/100\n|turn|24\n|\n|t:|1665322060\n|move|p1a: Aurumoth|Psyshock|p2a: Blacephalon\n|-crit|p2a: Blacephalon\n|-damage|p2a: Blacephalon|0 fnt\n|faint|p2a: Blacephalon\n|\n|upkeep\n|\n|t:|1665322063\n|switch|p2a: Urshifu|Urshifu-Rapid-Strike, F|100\/100\n|turn|25\n|c|\u2606Highv0ltag3|Gg\n|\n|t:|1665322066\n|move|p1a: Aurumoth|Psyshock|p2a: Urshifu\n|-supereffective|p2a: Urshifu\n|-damage|p2a: Urshifu|0 fnt\n|faint|p2a: Urshifu\n|\n|upkeep\n|\n|t:|1665322069\n|switch|p2a: Zapdos|Zapdos|22\/100\n|turn|26\n|c|\u2606Chuggachuggachooo|gg nice crit\n|-message|Chuggachuggachooo forfeited.\n|\n|win|Highv0ltag3\n|raw|Highv0ltag3's rating: 1437 &rarr; <strong>1449<\/strong><br \/>(+12 for winning)\n|raw|Chuggachuggachooo's rating: 1289 &rarr; <strong>1274<\/strong><br \/>(-15 for losing)\n|l|\u2606Chuggachuggachooo\n||Ladder isn't responding, score probably updated but might not have (Request timeout).\n","uploadtime":1665322099,"views":8,"p1id":"highv0ltag3","p2id":"chuggachuggachooo","formatid":"gen8cap","rating":1274,"private":0,"password":null}