{"id":"gen8ou-1083703099","p1":"sidzekrom","p2":"Burnt Bright","format":"gen8ou","log":"|j|\u2606sidzekrom\n|j|\u2606Burnt Bright\n|player|p1|sidzekrom|290|1733\n|player|p2|Burnt Bright|226|1621\n|teamsize|p1|6\n|teamsize|p2|6\n|gametype|singles\n|gen|8\n|tier|[Gen 8] OU\n|rated|\n|html|<div class=\"broadcast-red\"><strong>OU is currently suspecting Arena Trap! For information on how to participate check out the <a href=\"https:\/\/www.smogon.com\/forums\/threads\/3661134\/\">suspect thread<\/a>.<\/strong><\/div>\n|clearpoke\n|poke|p1|Keldeo-Resolute|\n|poke|p1|Lucario, M|\n|poke|p1|Aegislash, M|\n|poke|p1|Dragapult, F|\n|poke|p1|Crawdaunt, F|\n|poke|p1|Excadrill, F|\n|poke|p2|Seismitoad, F|\n|poke|p2|Zeraora|\n|poke|p2|Mandibuzz, F|\n|poke|p2|Conkeldurr, F|\n|poke|p2|Rotom-Heat|\n|poke|p2|Primarina, F|\n|rule|Sleep Clause Mod: Limit one foe put to sleep\n|rule|Species Clause: Limit one of each Pok\u00e9mon\n|rule|OHKO Clause: OHKO moves are banned\n|rule|Evasion Moves Clause: Evasion moves are banned\n|rule|Endless Battle Clause: Forcing endless battles is banned\n|rule|HP Percentage Mod: HP is shown in percentages\n|rule|Dynamax Clause: You cannot dynamax\n|teampreview\n|\n|start\n|switch|p1a: Crawdaunt|Crawdaunt, F|100\/100\n|switch|p2a: Mandibuzz|Mandibuzz, F|100\/100\n|turn|1\n|\n|move|p1a: Crawdaunt|Toxic|p2a: Mandibuzz\n|-status|p2a: Mandibuzz|tox\n|move|p2a: Mandibuzz|U-turn|p1a: Crawdaunt\n|-supereffective|p1a: Crawdaunt\n|-damage|p1a: Crawdaunt|68\/100\n|\n|switch|p2a: Zeraora|Zeraora|100\/100|[from]move: U-turn\n|\n|upkeep\n|turn|2\n|\n|switch|p1a: Dragapult|Dragapult, F|100\/100\n|move|p2a: Zeraora|Play Rough|p1a: Dragapult\n|-supereffective|p1a: Dragapult\n|-damage|p1a: Dragapult|7\/100\n|-damage|p2a: Zeraora|91\/100|[from] item: Life Orb\n|\n|upkeep\n|turn|3\n|\n|move|p1a: Dragapult|Sucker Punch|p2a: Zeraora\n|-damage|p2a: Zeraora|42\/100\n|-damage|p1a: Dragapult|0 fnt|[from] item: Life Orb\n|faint|p1a: Dragapult\n|move|p2a: Zeraora|Grass Knot|p1: Dragapult|[notarget]\n|-fail|p2a: Zeraora\n|\n|upkeep\n|\n|switch|p1a: Aegislash|Aegislash, M|100\/100\n|turn|4\n|\n|switch|p2a: Rotom|Rotom-Heat|100\/100\n|move|p1a: Aegislash|Swords Dance|p1a: Aegislash\n|-boost|p1a: Aegislash|atk|2\n|\n|upkeep\n|turn|5\n|\n|move|p2a: Rotom|Volt Switch|p1a: Aegislash\n|-damage|p1a: Aegislash|79\/100\n|\n|switch|p2a: Primarina|Primarina, F|100\/100|[from]move: Volt Switch\n|-formechange|p1a: Aegislash|Aegislash-Blade||[from] ability: Stance Change\n|move|p1a: Aegislash|Sacred Sword|p2a: Primarina\n|-resisted|p2a: Primarina\n|-damage|p2a: Primarina|52\/100\n|\n|-heal|p1a: Aegislash|85\/100|[from] item: Leftovers\n|upkeep\n|turn|6\n|\n|move|p1a: Aegislash|Shadow Sneak|p2a: Primarina\n|-damage|p2a: Primarina|0 fnt\n|faint|p2a: Primarina\n|\n|-heal|p1a: Aegislash|91\/100|[from] item: Leftovers\n|upkeep\n|\n|switch|p2a: Rotom|Rotom-Heat|100\/100\n|turn|7\n|\n|-formechange|p1a: Aegislash|Aegislash||[from] ability: Stance Change\n|move|p1a: Aegislash|King's Shield|p1a: Aegislash\n|-singleturn|p1a: Aegislash|Protect\n|move|p2a: Rotom|Overheat|p1a: Aegislash\n|-activate|p1a: Aegislash|move: Protect\n|\n|-heal|p1a: Aegislash|97\/100|[from] item: Leftovers\n|upkeep\n|turn|8\n|\n|move|p2a: Rotom|Nasty Plot|p2a: Rotom\n|-boost|p2a: Rotom|spa|2\n|-formechange|p1a: Aegislash|Aegislash-Blade||[from] ability: Stance Change\n|move|p1a: Aegislash|Sacred Sword|p2a: Rotom\n|-damage|p2a: Rotom|30\/100\n|\n|-heal|p1a: Aegislash|100\/100|[from] item: Leftovers\n|upkeep\n|turn|9\n|\n|move|p1a: Aegislash|Shadow Sneak|p2a: Rotom\n|-damage|p2a: Rotom|0 fnt\n|faint|p2a: Rotom\n|\n|upkeep\n|-message|Burnt Bright forfeited.\n|\n|win|sidzekrom\n|l|\u2606Burnt Bright\n|raw|sidzekrom's rating: 1733 &rarr; <strong>1747<\/strong><br \/>(+14 for winning)\n|raw|Burnt Bright's rating: 1621 &rarr; <strong>1608<\/strong><br \/>(-13 for losing)\n","uploadtime":1584928198,"views":31,"p1id":"sidzekrom","p2id":"burntbright","formatid":"gen8ou","rating":1608,"private":0,"password":null}