{"id":"gen8balancedhackmons-1617266123","p1":"flowre","p2":"Redflix","format":"gen8balancedhackmons","log":"|j|\u2606flowre\n|j|\u2606Redflix\n|t:|1657820758\n|gametype|singles\n|player|p1|flowre|waitress-gen4|1434\n|player|p2|Redflix|erika|1732\n|teamsize|p1|6\n|teamsize|p2|6\n|gen|8\n|tier|[Gen 8] Balanced Hackmons\n|rated|\n|rule|OHKO Clause: OHKO moves are banned\n|rule|Evasion Moves Clause: Evasion moves are banned\n|rule|Forme Clause: Limit one of each forme of a Pok\u00e9mon\n|rule|HP Percentage Mod: HP is shown in percentages\n|rule|Dynamax Clause: You cannot dynamax\n|rule|Sleep Clause: Sleep-inducing moves are banned\n|rule|Endless Battle Clause: Forcing endless battles is banned\n|clearpoke\n|poke|p1|Kartana|\n|poke|p1|Giratina|\n|poke|p1|Eternatus|\n|poke|p1|Lunala|\n|poke|p1|Pheromosa|\n|poke|p1|Regigigas|\n|poke|p2|Zamazenta-Crowned|\n|poke|p2|Palkia|\n|poke|p2|Regigigas|\n|poke|p2|Ho-Oh|\n|poke|p2|Groudon|\n|poke|p2|Tapu Fini|\n|teampreview\n|inactive|Battle timer is ON: inactive players will automatically lose when time's up. (requested by Redflix)\n|\n|t:|1657820764\n|start\n|switch|p1a: Kartana|Kartana, shiny|100\/100\n|switch|p2a: Tapu Fini|Tapu Fini|100\/100\n|turn|1\n|\n|t:|1657820771\n|move|p2a: Tapu Fini|King's Shield|p2a: Tapu Fini\n|-singleturn|p2a: Tapu Fini|Protect\n|move|p1a: Kartana|Wood Hammer|p2a: Tapu Fini\n|-activate|p2a: Tapu Fini|move: Protect\n|-unboost|p1a: Kartana|atk|1\n|\n|-status|p2a: Tapu Fini|tox|[from] item: Toxic Orb\n|upkeep\n|turn|2\n|\n|t:|1657820795\n|switch|p2a: Zamazenta|Zamazenta-Crowned|100\/100\n|move|p1a: Kartana|Wood Hammer|p2a: Zamazenta\n|-resisted|p2a: Zamazenta\n|-damage|p2a: Zamazenta|60\/100\n|-damage|p1a: Kartana|84\/100|[from] Recoil\n|\n|-heal|p2a: Zamazenta|66\/100|[from] item: Leftovers\n|upkeep\n|turn|3\n|\n|t:|1657820812\n|switch|p1a: Giratina|Giratina, shiny|100\/100\n|move|p2a: Zamazenta|Nuzzle|p1a: Giratina\n|-resisted|p1a: Giratina\n|-damage|p1a: Giratina|99\/100\n|-status|p1a: Giratina|par\n|\n|-heal|p2a: Zamazenta|72\/100|[from] item: Leftovers\n|-heal|p1a: Giratina|100\/100 par|[from] item: Leftovers\n|upkeep\n|turn|4\n|\n|t:|1657820824\n|switch|p2a: Tapu Fini|Tapu Fini|100\/100 tox\n|cant|p1a: Giratina|par\n|\n|upkeep\n|turn|5\n|j| TW_Caster\n|\n|t:|1657820835\n|switch|p1a: Kartana|Kartana, shiny|84\/100\n|move|p2a: Tapu Fini|Moonblast|p1a: Kartana\n|-resisted|p1a: Kartana\n|-damage|p1a: Kartana|51\/100\n|\n|upkeep\n|turn|6\n|\n|t:|1657820839\n|move|p2a: Tapu Fini|King's Shield|p2a: Tapu Fini\n|-singleturn|p2a: Tapu Fini|Protect\n|move|p1a: Kartana|U-turn|p2a: Tapu Fini\n|-activate|p2a: Tapu Fini|move: Protect\n|-unboost|p1a: Kartana|atk|1\n|\n|upkeep\n|turn|7\n|\n|t:|1657820844\n|move|p1a: Kartana|U-turn|p2a: Tapu Fini\n|-resisted|p2a: Tapu Fini\n|-damage|p2a: Tapu Fini|80\/100 tox\n|\n|t:|1657820868\n|switch|p1a: Regigigas|Regigigas, shiny|100\/100|[from]move: U-turn\n|move|p2a: Tapu Fini|Flip Turn|p1a: Regigigas\n|-damage|p1a: Regigigas|88\/100\n|\n|t:|1657820872\n|switch|p2a: Regigigas|Regigigas|100\/100|[from]move: Flip Turn\n|\n|-status|p2a: Regigigas|tox|[from] item: Toxic Orb\n|-status|p1a: Regigigas|tox|[from] item: Toxic Orb\n|upkeep\n|turn|8\n|\n|t:|1657820884\n|move|p2a: Regigigas|Facade|p1a: Regigigas\n|-damage|p1a: Regigigas|32\/100 tox\n|move|p1a: Regigigas|Stealth Rock|p2a: Regigigas\n|-sidestart|p2: Redflix|move: Stealth Rock\n|\n|-heal|p1a: Regigigas|44\/100 tox|[from] ability: Poison Heal\n|upkeep\n|turn|9\n|\n|t:|1657820889\n|switch|p1a: Giratina|Giratina, shiny|100\/100 par\n|move|p2a: Regigigas|Spikes|p1a: Giratina\n|move|p1a: Giratina|Spikes|p2a: Regigigas|[from]ability: Magic Bounce\n|-sidestart|p2: Redflix|Spikes\n|\n|upkeep\n|turn|10\n|\n|t:|1657820894\n|switch|p2a: Tapu Fini|Tapu Fini|80\/100 tox\n|-damage|p2a: Tapu Fini|67\/100 tox|[from] Stealth Rock\n|-damage|p2a: Tapu Fini|55\/100 tox|[from] Spikes\n|cant|p1a: Giratina|par\n|\n|-heal|p2a: Tapu Fini|67\/100 tox|[from] ability: Poison Heal\n|upkeep\n|turn|11\n|\n|t:|1657820898\n|switch|p1a: Regigigas|Regigigas, shiny|44\/100 tox\n|move|p2a: Tapu Fini|Defog|p1a: Regigigas\n|-unboost|p1a: Regigigas|evasion|1\n|-sideend|p2: Redflix|Spikes|[from] move: Defog|[of] p2a: Tapu Fini\n|-sideend|p2: Redflix|Stealth Rock|[from] move: Defog|[of] p2a: Tapu Fini\n|\n|-heal|p1a: Regigigas|57\/100 tox|[from] ability: Poison Heal\n|-heal|p2a: Tapu Fini|80\/100 tox|[from] ability: Poison Heal\n|upkeep\n|turn|12\n|\n|t:|1657820902\n|switch|p2a: Zamazenta|Zamazenta-Crowned|72\/100\n|move|p1a: Regigigas|Stealth Rock|p2a: Zamazenta\n|move|p2a: Zamazenta|Stealth Rock|p1a: Regigigas|[from]ability: Magic Bounce\n|-sidestart|p1: flowre|move: Stealth Rock\n|\n|-heal|p2a: Zamazenta|78\/100|[from] item: Leftovers\n|-heal|p1a: Regigigas|69\/100 tox|[from] ability: Poison Heal\n|upkeep\n|turn|13\n|\n|t:|1657820907\n|move|p2a: Zamazenta|Thunderous Kick|p1a: Regigigas\n|-supereffective|p1a: Regigigas\n|-damage|p1a: Regigigas|8\/100 tox\n|-unboost|p1a: Regigigas|def|1\n|move|p1a: Regigigas|Knock Off|p2a: Zamazenta\n|-resisted|p2a: Zamazenta\n|-damage|p2a: Zamazenta|66\/100\n|-enditem|p2a: Zamazenta|Leftovers|[from] move: Knock Off|[of] p1a: Regigigas\n|\n|-heal|p1a: Regigigas|21\/100 tox|[from] ability: Poison Heal\n|upkeep\n|turn|14\n|\n|t:|1657820917\n|switch|p2a: Palkia|Palkia|100\/100\n|switch|p1a: Giratina|Giratina, shiny|100\/100 par\n|-damage|p1a: Giratina|88\/100 par|[from] Stealth Rock\n|\n|-heal|p1a: Giratina|94\/100 par|[from] item: Leftovers\n|upkeep\n|turn|15\n|\n|t:|1657820920\n|move|p2a: Palkia|Dragon Energy|p1a: Giratina\n|-supereffective|p1a: Giratina\n|-damage|p1a: Giratina|0 fnt\n|faint|p1a: Giratina\n|\n|upkeep\n|\n|t:|1657820932\n|switch|p1a: Regigigas|Regigigas, shiny|21\/100 tox\n|-damage|p1a: Regigigas|8\/100 tox|[from] Stealth Rock\n|turn|16\n|\n|t:|1657820936\n|move|p1a: Regigigas|Extreme Speed|p2a: Palkia\n|-damage|p2a: Palkia|62\/100\n|move|p2a: Palkia|Fishious Rend|p1a: Regigigas\n|-damage|p1a: Regigigas|0 fnt\n|faint|p1a: Regigigas\n|\n|upkeep\n|inactive|flowre has 120 seconds left.\n|\n|t:|1657820974\n|switch|p1a: Lunala|Lunala, shiny|100\/100\n|-damage|p1a: Lunala|88\/100|[from] Stealth Rock\n|turn|17\n|\n|t:|1657820981\n|switch|p2a: Ho-Oh|Ho-Oh|100\/100\n|move|p1a: Lunala|Quiver Dance|p1a: Lunala\n|-boost|p1a: Lunala|spa|1\n|-boost|p1a: Lunala|spd|1\n|-boost|p1a: Lunala|spe|1\n|\n|upkeep\n|turn|18\n|inactive|flowre has 120 seconds left.\n|\n|t:|1657821013\n|move|p2a: Ho-Oh|Topsy-Turvy||[still]\n|cant|p1a: Lunala|ability: Queenly Majesty|Topsy-Turvy|[of] p2a: Ho-Oh\n|move|p1a: Lunala|Cotton Guard|p1a: Lunala\n|-boost|p1a: Lunala|def|3\n|\n|upkeep\n|turn|19\n|\n|t:|1657821017\n|move|p1a: Lunala|Quiver Dance|p1a: Lunala\n|-boost|p1a: Lunala|spa|1\n|-boost|p1a: Lunala|spd|1\n|-boost|p1a: Lunala|spe|1\n|move|p2a: Ho-Oh|Nuzzle|p1a: Lunala\n|-damage|p1a: Lunala|86\/100\n|-status|p1a: Lunala|par\n|\n|upkeep\n|turn|20\n|\n|t:|1657821027\n|switch|p2a: Groudon|Groudon|100\/100\n|move|p1a: Lunala|Quiver Dance|p1a: Lunala\n|-boost|p1a: Lunala|spa|1\n|-boost|p1a: Lunala|spd|1\n|-boost|p1a: Lunala|spe|1\n|\n|upkeep\n|turn|21\n|\n|t:|1657821033\n|move|p1a: Lunala|Stored Power|p2a: Groudon\n|-damage|p2a: Groudon|0 fnt\n|faint|p2a: Groudon\n|\n|upkeep\n|\n|t:|1657821041\n|switch|p2a: Regigigas|Regigigas|100\/100 tox\n|turn|22\n|inactive|flowre has 120 seconds left.\n|\n|t:|1657821066\n|move|p1a: Lunala|Stored Power|p2a: Regigigas\n|-damage|p2a: Regigigas|0 fnt\n|faint|p2a: Regigigas\n|\n|upkeep\n|\n|t:|1657821077\n|switch|p2a: Ho-Oh|Ho-Oh|100\/100\n|turn|23\n|\n|t:|1657821086\n|move|p1a: Lunala|Stored Power|p2a: Ho-Oh\n|-damage|p2a: Ho-Oh|0 fnt\n|faint|p2a: Ho-Oh\n|\n|upkeep\n|\n|t:|1657821092\n|switch|p2a: Palkia|Palkia|62\/100\n|turn|24\n|\n|t:|1657821099\n|move|p1a: Lunala|Stored Power|p2a: Palkia\n|-damage|p2a: Palkia|0 fnt\n|faint|p2a: Palkia\n|\n|upkeep\n|\n|t:|1657821102\n|switch|p2a: Zamazenta|Zamazenta-Crowned|66\/100\n|turn|25\n|\n|t:|1657821104\n|move|p1a: Lunala|Stored Power|p2a: Zamazenta\n|-damage|p2a: Zamazenta|0 fnt\n|faint|p2a: Zamazenta\n|\n|upkeep\n|\n|t:|1657821106\n|switch|p2a: Tapu Fini|Tapu Fini|80\/100 tox\n|turn|26\n|\n|t:|1657821108\n|move|p1a: Lunala|Stored Power|p2a: Tapu Fini\n|-damage|p2a: Tapu Fini|0 fnt\n|faint|p2a: Tapu Fini\n|\n|win|flowre\n|raw|flowre's rating: 1450 &rarr; <strong>1483<\/strong><br \/>(+33 for winning)\n|raw|Redflix's rating: 1732 &rarr; <strong>1699<\/strong><br \/>(-33 for losing)\n|l|\u2606Redflix\n||Ladder isn't responding, score probably updated but might not have (Request timeout).\n","uploadtime":1657821184,"views":63,"p1id":"flowre","p2id":"redflix","formatid":"gen8balancedhackmons","rating":1483,"private":0,"password":null}