{"id":"gen8ubers-1095846406","p1":"New ladder hero","p2":"Blue chen","format":"gen8ubers","log":"|j|\u2606New ladder hero\n|j|\u2606Blue chen\n|player|p1|New ladder hero|twins-gen4dp|1750\n|player|p2|Blue chen|clair|1562\n|teamsize|p1|6\n|teamsize|p2|6\n|gametype|singles\n|gen|8\n|tier|[Gen 8] Ubers\n|rated|\n|clearpoke\n|poke|p1|Gyarados, F|\n|poke|p1|Necrozma-Dusk-Mane|\n|poke|p1|Tyranitar, F|\n|poke|p1|Lunala|\n|poke|p1|Reshiram|\n|poke|p1|Darmanitan-Galar, F|\n|poke|p2|Ferrothorn, M|\n|poke|p2|Eternatus|\n|poke|p2|Lunala|\n|poke|p2|Dragapult, M|\n|poke|p2|Necrozma-Dusk-Mane|\n|poke|p2|Zacian-Crowned|\n|rule|Sleep Clause Mod: Limit one foe put to sleep\n|rule|Species Clause: Limit one of each Pok\u00e9mon\n|rule|OHKO Clause: OHKO moves are banned\n|rule|Evasion Moves Clause: Evasion moves are banned\n|rule|Endless Battle Clause: Forcing endless battles is banned\n|rule|HP Percentage Mod: HP is shown in percentages\n|html|Ubers Dynamax Clause: Pok\u00e9mon on the <a href=\"https:\/\/www.smogon.com\/dex\/ss\/formats\/uber\/\">Ubers Dynamax Banlist<\/a> cannot Dynamax.\n|teampreview\n|\n|start\n|switch|p1a: Reshiram|Reshiram|100\/100\n|switch|p2a: Eternatus|Eternatus|100\/100\n|-ability|p2a: Eternatus|Pressure\n|-ability|p1a: Reshiram|Turboblaze\n|turn|1\n|\n|move|p2a: Eternatus|Toxic Spikes|p1a: Reshiram\n|-sidestart|p1: New ladder hero|move: Toxic Spikes\n|move|p1a: Reshiram|Draco Meteor|p2a: Eternatus\n|-supereffective|p2a: Eternatus\n|-damage|p2a: Eternatus|0 fnt\n|-unboost|p1a: Reshiram|spa|2\n|faint|p2a: Eternatus\n|\n|upkeep\n|\n|switch|p2a: Zacian|Zacian-Crowned|100\/100\n|-ability|p2a: Zacian|Intrepid Sword|boost\n|-boost|p2a: Zacian|atk|1\n|turn|2\n|\n|switch|p1a: Necrozma|Necrozma-Dusk-Mane|100\/100\n|move|p2a: Zacian|Swords Dance|p2a: Zacian\n|-boost|p2a: Zacian|atk|2\n|\n|upkeep\n|turn|3\n|\n|move|p2a: Zacian|Close Combat|p1a: Necrozma\n|-damage|p1a: Necrozma|27\/100\n|-unboost|p2a: Zacian|def|1\n|-unboost|p2a: Zacian|spd|1\n|move|p1a: Necrozma|Sunsteel Strike|p2a: Zacian\n|-damage|p2a: Zacian|36\/100\n|\n|upkeep\n|turn|4\n|\n|move|p2a: Zacian|Behemoth Blade|p1a: Necrozma\n|-resisted|p1a: Necrozma\n|-damage|p1a: Necrozma|0 fnt\n|faint|p1a: Necrozma\n|\n|upkeep\n|\n|switch|p1a: Darmanitan|Darmanitan-Galar, F|100\/100\n|-status|p1a: Darmanitan|psn\n|turn|5\n|\n|move|p1a: Darmanitan|U-turn|p2a: Zacian\n|-resisted|p2a: Zacian\n|-damage|p2a: Zacian|23\/100\n|\n|switch|p1a: Reshiram|Reshiram|100\/100|[from]move: U-turn\n|-status|p1a: Reshiram|psn\n|-ability|p1a: Reshiram|Turboblaze\n|move|p2a: Zacian|Behemoth Blade|p1a: Reshiram\n|-resisted|p1a: Reshiram\n|-damage|p1a: Reshiram|22\/100 psn\n|\n|-damage|p1a: Reshiram|10\/100 psn|[from] psn\n|upkeep\n|turn|6\n|\n|move|p2a: Zacian|Behemoth Blade|p1a: Reshiram\n|-resisted|p1a: Reshiram\n|-damage|p1a: Reshiram|0 fnt\n|faint|p1a: Reshiram\n|\n|upkeep\n|\n|switch|p1a: Darmanitan|Darmanitan-Galar, F|100\/100 psn\n|turn|7\n|\n|switch|p2a: Ferrothorn|Ferrothorn, M|100\/100\n|move|p1a: Darmanitan|Earthquake|p2a: Ferrothorn\n|-damage|p2a: Ferrothorn|69\/100\n|\n|-heal|p2a: Ferrothorn|75\/100|[from] item: Leftovers\n|-damage|p1a: Darmanitan|88\/100 psn|[from] psn\n|upkeep\n|turn|8\n|\n|switch|p1a: Lunala|Lunala|100\/100\n|move|p2a: Ferrothorn|Knock Off|p1a: Lunala\n|-supereffective|p1a: Lunala\n|-damage|p1a: Lunala|59\/100\n|-enditem|p1a: Lunala|Heavy-Duty Boots|[from] move: Knock Off|[of] p2a: Ferrothorn\n|\n|-heal|p2a: Ferrothorn|81\/100|[from] item: Leftovers\n|upkeep\n|turn|9\n|\n|move|p1a: Lunala|Roost|p1a: Lunala\n|-heal|p1a: Lunala|100\/100\n|-singleturn|p1a: Lunala|move: Roost\n|move|p2a: Ferrothorn|Leech Seed|p1a: Lunala\n|-start|p1a: Lunala|move: Leech Seed\n|\n|-heal|p2a: Ferrothorn|88\/100|[from] item: Leftovers\n|-damage|p1a: Lunala|88\/100|[from] Leech Seed|[of] p2a: Ferrothorn\n|-heal|p2a: Ferrothorn|100\/100|[silent]\n|upkeep\n|turn|10\n|\n|switch|p1a: Tyranitar|Tyranitar, F|100\/100\n|-status|p1a: Tyranitar|psn\n|-weather|Sandstorm|[from] ability: Sand Stream|[of] p1a: Tyranitar\n|move|p2a: Ferrothorn|Stealth Rock|p1a: Tyranitar\n|-sidestart|p1: New ladder hero|move: Stealth Rock\n|\n|-weather|Sandstorm|[upkeep]\n|-damage|p1a: Tyranitar|88\/100 psn|[from] psn\n|upkeep\n|turn|11\n|\n|move|p1a: Tyranitar|Stealth Rock|p2a: Ferrothorn\n|-sidestart|p2: Blue chen|move: Stealth Rock\n|move|p2a: Ferrothorn|Leech Seed|p1a: Tyranitar\n|-start|p1a: Tyranitar|move: Leech Seed\n|\n|-weather|Sandstorm|[upkeep]\n|-heal|p1a: Tyranitar|94\/100 psn|[from] item: Leftovers\n|-damage|p1a: Tyranitar|82\/100 psn|[from] Leech Seed|[of] p2a: Ferrothorn\n|-damage|p1a: Tyranitar|69\/100 psn|[from] psn\n|upkeep\n|turn|12\n|\n|switch|p1a: Darmanitan|Darmanitan-Galar, F|88\/100 psn\n|-damage|p1a: Darmanitan|63\/100 psn|[from] Stealth Rock\n|move|p2a: Ferrothorn|Knock Off|p1a: Darmanitan\n|-damage|p1a: Darmanitan|29\/100 psn\n|-enditem|p1a: Darmanitan|Choice Scarf|[from] move: Knock Off|[of] p2a: Ferrothorn\n|\n|-weather|Sandstorm|[upkeep]\n|-damage|p1a: Darmanitan|23\/100 psn|[from] Sandstorm\n|-damage|p1a: Darmanitan|11\/100 psn|[from] psn\n|upkeep\n|turn|13\n|\n|move|p1a: Darmanitan|Flare Blitz|p2a: Ferrothorn\n|-supereffective|p2a: Ferrothorn\n|-damage|p2a: Ferrothorn|0 fnt\n|-damage|p1a: Darmanitan|0 fnt|[from] ability: Iron Barbs|[of] p2a: Ferrothorn\n|faint|p2a: Ferrothorn\n|faint|p1a: Darmanitan\n|\n|-weather|Sandstorm|[upkeep]\n|upkeep\n|j| Dimitri Serafim\n|\n|switch|p1a: Gyarados|Gyarados, F|100\/100\n|switch|p2a: Zacian|Zacian-Crowned|23\/100\n|-damage|p2a: Zacian|17\/100|[from] Stealth Rock\n|-ability|p2a: Zacian|Intrepid Sword|boost\n|-boost|p2a: Zacian|atk|1\n|turn|14\n|c| Dimitri Serafim|gg\n|c|\u2606New ladder hero|wild charger ?\n|\n|switch|p1a: Tyranitar|Tyranitar, F|69\/100 psn\n|-damage|p1a: Tyranitar|57\/100 psn|[from] Stealth Rock\n|move|p2a: Zacian|Behemoth Blade|p1a: Tyranitar\n|-supereffective|p1a: Tyranitar\n|-damage|p1a: Tyranitar|0 fnt\n|faint|p1a: Tyranitar\n|\n|-weather|none\n|upkeep\n|\n|switch|p1a: Gyarados|Gyarados, F|100\/100\n|turn|15\n|\n|-start|p1a: Gyarados|Dynamax\n|-heal|p1a: Gyarados|100\/100|[silent]\n|move|p2a: Zacian|Behemoth Blade|p1a: Gyarados\n|-resisted|p1a: Gyarados\n|-damage|p1a: Gyarados|41\/100\n|move|p1a: Gyarados|Max Airstream|p2a: Zacian\n|-resisted|p2a: Zacian\n|-damage|p2a: Zacian|0 fnt\n|-boost|p1a: Gyarados|spe|1\n|faint|p2a: Zacian\n|-ability|p1a: Gyarados|Moxie|boost\n|-boost|p1a: Gyarados|atk|1\n|\n|upkeep\n|\n|switch|p2a: Necrozma|Necrozma-Dusk-Mane|100\/100\n|-damage|p2a: Necrozma|94\/100|[from] Stealth Rock\n|turn|16\n|\n|move|p1a: Gyarados|Max Geyser|p2a: Necrozma\n|-damage|p2a: Necrozma|41\/100\n|-weather|RainDance\n|move|p2a: Necrozma|Thunder Wave|p1a: Gyarados|[miss]\n|-miss|p2a: Necrozma|p1a: Gyarados\n|\n|-weather|RainDance|[upkeep]\n|-heal|p2a: Necrozma|47\/100|[from] item: Leftovers\n|upkeep\n|turn|17\n|c| Dimitri Serafim|bruh\n|\n|move|p1a: Gyarados|Max Geyser|p2a: Necrozma\n|-damage|p2a: Necrozma|0 fnt\n|faint|p2a: Necrozma\n|-ability|p1a: Gyarados|Moxie|boost\n|-boost|p1a: Gyarados|atk|1\n|\n|-weather|RainDance|[upkeep]\n|-end|p1a: Gyarados|Dynamax\n|-heal|p1a: Gyarados|41\/100|[silent]\n|upkeep\n|\n|switch|p2a: Lunala|Lunala|100\/100\n|turn|18\n|\n|move|p1a: Gyarados|Waterfall|p2a: Lunala\n|-damage|p2a: Lunala|42\/100\n|cant|p2a: Lunala|flinch\n|\n|-weather|RainDance|[upkeep]\n|upkeep\n|turn|19\n|c|\u2606Blue chen|lol\n|\n|move|p1a: Gyarados|Waterfall|p2a: Lunala\n|-damage|p2a: Lunala|0 fnt\n|faint|p2a: Lunala\n|-ability|p1a: Gyarados|Moxie|boost\n|-boost|p1a: Gyarados|atk|1\n|\n|-weather|RainDance|[upkeep]\n|upkeep\n|\n|switch|p2a: Dragapult|Dragapult, M|100\/100\n|-damage|p2a: Dragapult|88\/100|[from] Stealth Rock\n|turn|20\n|c| Dimitri Serafim|just forfeit lol\n|\n|-start|p2a: Dragapult|Dynamax\n|-heal|p2a: Dragapult|88\/100|[silent]\n|move|p1a: Gyarados|Earthquake|p2a: Dragapult\n|-damage|p2a: Dragapult|27\/100\n|move|p2a: Dragapult|Max Wyrmwind|p1a: Gyarados\n|-damage|p1a: Gyarados|0 fnt\n|faint|p1a: Gyarados\n|\n|-weather|none\n|upkeep\n|c|\u2606New ladder hero|gg\n|\n|switch|p1a: Lunala|Lunala|88\/100\n|-damage|p1a: Lunala|76\/100|[from] Stealth Rock\n|-status|p1a: Lunala|psn\n|turn|21\n|c|\u2606Blue chen|luck\n|\n|move|p2a: Dragapult|Max Phantasm|p1a: Lunala\n|-supereffective|p1a: Lunala\n|-damage|p1a: Lunala|0 fnt\n|faint|p1a: Lunala\n|\n|win|Blue chen\n|raw|New ladder hero's rating: 1750 &rarr; <strong>1719<\/strong><br \/>(-31 for losing)\n|raw|Blue chen's rating: 1533 &rarr; <strong>1564<\/strong><br \/>(+31 for winning)\n","uploadtime":1586773291,"views":27,"p1id":"newladderhero","p2id":"bluechen","formatid":"gen8ubers","rating":1564,"private":0,"password":null}