{"id":"gen8ou-1665523015","p1":"broked on bricks","p2":"Ultramanball1","format":"gen8ou","log":"|j|\u2606broked on bricks\n|j|\u2606Ultramanball1\n|t:|1663308079\n|gametype|singles\n|player|p1|broked on bricks|265|1482\n|player|p2|Ultramanball1|whitney|1469\n|teamsize|p1|6\n|teamsize|p2|6\n|gen|8\n|tier|[Gen 8] OU\n|rated|\n|rule|Sleep Clause Mod: Limit one foe put to sleep\n|rule|Species Clause: Limit one of each Pok\u00e9mon\n|rule|OHKO Clause: OHKO moves are banned\n|rule|Evasion Items Clause: Evasion items are banned\n|rule|Evasion Moves Clause: Evasion moves are banned\n|rule|Endless Battle Clause: Forcing endless battles is banned\n|rule|HP Percentage Mod: HP is shown in percentages\n|rule|Dynamax Clause: You cannot dynamax\n|clearpoke\n|poke|p1|Venusaur, M|\n|poke|p1|Heatran, M|\n|poke|p1|Darmanitan, F|\n|poke|p1|Torkoal, F|\n|poke|p1|Mandibuzz, F|\n|poke|p1|Garchomp, F|\n|poke|p2|Sigilyph, F|\n|poke|p2|Tyranitar, M|\n|poke|p2|Excadrill, M|\n|poke|p2|Urshifu-*, F|\n|poke|p2|Toxapex, F|\n|poke|p2|Zapdos|\n|teampreview\n|inactive|Battle timer is ON: inactive players will automatically lose when time's up. (requested by Ultramanball1)\n|c|\u2606broked on bricks|ooh sigilyph glhf\n|\n|t:|1663308100\n|start\n|switch|p1a: RIP Omari frfr|Mandibuzz, F, shiny|100\/100\n|switch|p2a: Urshifu|Urshifu-Rapid-Strike, F|100\/100\n|turn|1\n|\n|t:|1663308111\n|move|p2a: Urshifu|Taunt|p1a: RIP Omari frfr\n|-start|p1a: RIP Omari frfr|move: Taunt\n|cant|p1a: RIP Omari frfr|move: Taunt|Toxic\n|\n|upkeep\n|turn|2\n|\n|t:|1663308119\n|move|p2a: Urshifu|U-turn|p1a: RIP Omari frfr\n|-damage|p1a: RIP Omari frfr|84\/100\n|\n|t:|1663308121\n|switch|p2a: Zapdos|Zapdos|100\/100|[from]move: U-turn\n|move|p1a: RIP Omari frfr|Foul Play|p2a: Zapdos\n|-damage|p2a: Zapdos|82\/100\n|\n|upkeep\n|turn|3\n|\n|t:|1663308144\n|switch|p1a: Virgin Sharpedo|Garchomp, F|100\/100\n|move|p2a: Zapdos|Volt Switch|p1a: Virgin Sharpedo\n|-immune|p1a: Virgin Sharpedo\n|\n|upkeep\n|turn|4\n|\n|t:|1663308152\n|move|p1a: Virgin Sharpedo|Swords Dance|p1a: Virgin Sharpedo\n|-boost|p1a: Virgin Sharpedo|atk|2\n|move|p2a: Zapdos|Hurricane|p1a: Virgin Sharpedo\n|-damage|p1a: Virgin Sharpedo|46\/100\n|\n|upkeep\n|turn|5\n|\n|t:|1663308155\n|move|p1a: Virgin Sharpedo|Stone Edge|p2a: Zapdos\n|-supereffective|p2a: Zapdos\n|-damage|p2a: Zapdos|0 fnt\n|faint|p2a: Zapdos\n|-damage|p1a: Virgin Sharpedo|36\/100|[from] item: Life Orb\n|\n|upkeep\n|\n|t:|1663308163\n|switch|p2a: Tyranitar|Tyranitar, M|100\/100\n|-weather|Sandstorm|[from] ability: Sand Stream|[of] p2a: Tyranitar\n|turn|6\n|\n|t:|1663308173\n|move|p1a: Virgin Sharpedo|Earthquake|p2a: Tyranitar\n|-supereffective|p2a: Tyranitar\n|-damage|p2a: Tyranitar|0 fnt\n|faint|p2a: Tyranitar\n|-damage|p1a: Virgin Sharpedo|26\/100|[from] item: Life Orb\n|\n|-weather|Sandstorm|[upkeep]\n|upkeep\n|\n|t:|1663308175\n|switch|p2a: Excadrill|Excadrill, M|100\/100\n|turn|7\n|\n|t:|1663308181\n|move|p2a: Excadrill|Swords Dance|p2a: Excadrill\n|-boost|p2a: Excadrill|atk|2\n|move|p1a: Virgin Sharpedo|Earthquake|p2a: Excadrill\n|-supereffective|p2a: Excadrill\n|-damage|p2a: Excadrill|0 fnt\n|faint|p2a: Excadrill\n|-damage|p1a: Virgin Sharpedo|16\/100|[from] item: Life Orb\n|\n|-weather|Sandstorm|[upkeep]\n|upkeep\n|\n|t:|1663308186\n|switch|p2a: Sigilyph|Sigilyph, F|100\/100\n|turn|8\n|\n|t:|1663308189\n|move|p1a: Virgin Sharpedo|Scale Shot|p2a: Sigilyph\n|-crit|p2a: Sigilyph\n|-damage|p2a: Sigilyph|28\/100\n|-damage|p2a: Sigilyph|0 fnt\n|faint|p2a: Sigilyph\n|-hitcount|p2: Sigilyph|2\n|-unboost|p1a: Virgin Sharpedo|def|1\n|-boost|p1a: Virgin Sharpedo|spe|1\n|-damage|p1a: Virgin Sharpedo|6\/100|[from] item: Life Orb\n|\n|-weather|Sandstorm|[upkeep]\n|upkeep\n|\n|t:|1663308192\n|switch|p2a: Toxapex|Toxapex, F|100\/100\n|turn|9\n|\n|t:|1663308196\n|move|p1a: Virgin Sharpedo|Earthquake|p2a: Toxapex\n|-supereffective|p2a: Toxapex\n|-damage|p2a: Toxapex|0 fnt\n|faint|p2a: Toxapex\n|-damage|p1a: Virgin Sharpedo|0 fnt|[from] item: Life Orb\n|faint|p1a: Virgin Sharpedo\n|\n|-weather|Sandstorm|[upkeep]\n|upkeep\n|\n|t:|1663308199\n|switch|p1a: Beans Saranghae|Torkoal, F|100\/100\n|switch|p2a: Urshifu|Urshifu-Rapid-Strike, F|100\/100\n|-weather|SunnyDay|[from] ability: Drought|[of] p1a: Beans Saranghae\n|turn|10\n|\n|t:|1663308203\n|move|p2a: Urshifu|Close Combat|p1a: Beans Saranghae\n|-damage|p1a: Beans Saranghae|62\/100\n|-unboost|p2a: Urshifu|def|1\n|-unboost|p2a: Urshifu|spd|1\n|move|p1a: Beans Saranghae|Lava Plume|p2a: Urshifu\n|-resisted|p2a: Urshifu\n|-damage|p2a: Urshifu|57\/100\n|\n|-weather|SunnyDay|[upkeep]\n|upkeep\n|turn|11\n|\n|t:|1663308206\n|move|p2a: Urshifu|Surging Strikes|p1a: Beans Saranghae\n|-supereffective|p1a: Beans Saranghae\n|-crit|p1a: Beans Saranghae\n|-damage|p1a: Beans Saranghae|51\/100\n|-supereffective|p1a: Beans Saranghae\n|-crit|p1a: Beans Saranghae\n|-damage|p1a: Beans Saranghae|40\/100\n|-supereffective|p1a: Beans Saranghae\n|-crit|p1a: Beans Saranghae\n|-damage|p1a: Beans Saranghae|28\/100\n|-hitcount|p1a: Beans Saranghae|3\n|move|p1a: Beans Saranghae|Lava Plume|p2a: Urshifu\n|-resisted|p2a: Urshifu\n|-damage|p2a: Urshifu|16\/100\n|\n|-weather|SunnyDay|[upkeep]\n|upkeep\n|turn|12\n|\n|t:|1663308211\n|move|p2a: Urshifu|Close Combat|p1a: Beans Saranghae\n|-damage|p1a: Beans Saranghae|0 fnt\n|-unboost|p2a: Urshifu|def|1\n|-unboost|p2a: Urshifu|spd|1\n|faint|p1a: Beans Saranghae\n|\n|-weather|SunnyDay|[upkeep]\n|upkeep\n|\n|t:|1663308215\n|switch|p1a: Greenusaur|Venusaur, M, shiny|100\/100\n|turn|13\n|c|\u2606broked on bricks|gg\n|\n|t:|1663308219\n|move|p1a: Greenusaur|Giga Drain|p2a: Urshifu\n|-supereffective|p2a: Urshifu\n|-damage|p2a: Urshifu|0 fnt\n|faint|p2a: Urshifu\n|-damage|p1a: Greenusaur|91\/100|[from] item: Life Orb\n|\n|win|broked on bricks\n|raw|broked on bricks's rating: 1482 &rarr; <strong>1501<\/strong><br \/>(+19 for winning)\n|raw|Ultramanball1's rating: 1469 &rarr; <strong>1450<\/strong><br \/>(-19 for losing)\n","uploadtime":1663308222,"views":6,"p1id":"brokedonbricks","p2id":"ultramanball1","formatid":"gen8ou","rating":1450,"private":0,"password":null}