{"id":"gen8uu-1394136195","p1":"Neutralist","p2":"Free Wifi Hotspot","format":"gen8uu","log":"|j|\u2606Neutralist\n|j|\u2606Free Wifi Hotspot\n|t:|1628635588\n|gametype|singles\n|player|p1|Neutralist|169|1431\n|player|p2|Free Wifi Hotspot|265|1438\n|teamsize|p1|6\n|teamsize|p2|6\n|gen|8\n|tier|[Gen 8] UU\n|rated|\n|rule|Sleep Clause Mod: Limit one foe put to sleep\n|rule|Species Clause: Limit one of each Pok\u00e9mon\n|rule|OHKO Clause: OHKO moves are banned\n|rule|Evasion Moves Clause: Evasion moves are banned\n|rule|Endless Battle Clause: Forcing endless battles is banned\n|rule|HP Percentage Mod: HP is shown in percentages\n|rule|Dynamax Clause: You cannot dynamax\n|clearpoke\n|poke|p1|Politoed, F|\n|poke|p1|Kingdra, M|\n|poke|p1|Celesteela|\n|poke|p1|Moltres-Galar|\n|poke|p1|Azumarill, F|\n|poke|p1|Seismitoad, M|\n|poke|p2|Jirachi|\n|poke|p2|Regidrago|\n|poke|p2|Lycanroc-Dusk, F|\n|poke|p2|Kommo-o, F|\n|poke|p2|Keldeo-Resolute|\n|poke|p2|Nidoking, M|\n|teampreview\n|inactive|Battle timer is ON: inactive players will automatically lose when time's up. (requested by Free Wifi Hotspot)\n|\n|t:|1628635598\n|start\n|switch|p1a: Pepe|Politoed, F|100\/100\n|switch|p2a: Nidoking|Nidoking, M|100\/100\n|-weather|RainDance|[from] ability: Drizzle|[of] p1a: Pepe\n|turn|1\n|\n|t:|1628635603\n|switch|p1a: Celesteela|Celesteela|100\/100\n|move|p2a: Nidoking|Thunderbolt|p1a: Celesteela\n|-supereffective|p1a: Celesteela\n|-damage|p1a: Celesteela|54\/100\n|\n|-weather|RainDance|[upkeep]\n|-heal|p1a: Celesteela|60\/100|[from] item: Leftovers\n|upkeep\n|turn|2\n|\n|t:|1628635612\n|switch|p1a: Pepega|Seismitoad, M|100\/100\n|move|p2a: Nidoking|Thunderbolt|p1a: Pepega\n|-immune|p1a: Pepega\n|\n|-weather|RainDance|[upkeep]\n|upkeep\n|turn|3\n|\n|t:|1628635615\n|switch|p2a: Kommo-o|Kommo-o, F|100\/100\n|move|p1a: Pepega|Liquidation|p2a: Kommo-o\n|-resisted|p2a: Kommo-o\n|-damage|p2a: Kommo-o|78\/100\n|-unboost|p2a: Kommo-o|def|1\n|-damage|p1a: Pepega|91\/100|[from] item: Life Orb\n|\n|-weather|RainDance|[upkeep]\n|-heal|p2a: Kommo-o|85\/100|[from] item: Leftovers\n|upkeep\n|turn|4\n|c|\u2606Neutralist|Sorry\n|\n|t:|1628635622\n|move|p1a: Pepega|Ice Punch|p2a: Kommo-o\n|-supereffective|p2a: Kommo-o\n|-damage|p2a: Kommo-o|31\/100\n|-damage|p1a: Pepega|81\/100|[from] item: Life Orb\n|move|p2a: Kommo-o|Stealth Rock|p1a: Pepega\n|-sidestart|p1: Neutralist|move: Stealth Rock\n|\n|-weather|RainDance|[upkeep]\n|-heal|p2a: Kommo-o|37\/100|[from] item: Leftovers\n|upkeep\n|turn|5\n|\n|t:|1628635626\n|switch|p2a: Keldeo|Keldeo-Resolute|100\/100\n|move|p1a: Pepega|Earthquake|p2a: Keldeo\n|-damage|p2a: Keldeo|34\/100\n|-damage|p1a: Pepega|71\/100|[from] item: Life Orb\n|\n|-weather|RainDance|[upkeep]\n|upkeep\n|turn|6\n|\n|t:|1628635638\n|move|p1a: Pepega|Earthquake|p2a: Keldeo\n|-damage|p2a: Keldeo|0 fnt\n|faint|p2a: Keldeo\n|-damage|p1a: Pepega|61\/100|[from] item: Life Orb\n|\n|-weather|RainDance|[upkeep]\n|upkeep\n|\n|t:|1628635651\n|switch|p2a: Lycanroc|Lycanroc-Dusk, F|100\/100\n|turn|7\n|j| ra v3nd an\n|\n|t:|1628635656\n|move|p1a: Pepega|Liquidation|p2a: Lycanroc\n|-supereffective|p2a: Lycanroc\n|-enditem|p2a: Lycanroc|Focus Sash\n|-damage|p2a: Lycanroc|1\/100\n|-unboost|p2a: Lycanroc|def|1\n|-damage|p1a: Pepega|51\/100|[from] item: Life Orb\n|move|p2a: Lycanroc|Endeavor|p1a: Pepega\n|-damage|p1a: Pepega|1\/100\n|\n|-weather|RainDance|[upkeep]\n|upkeep\n|turn|8\n|\n|t:|1628635664\n|switch|p1a: Pepe|Politoed, F|100\/100\n|-damage|p1a: Pepe|88\/100|[from] Stealth Rock\n|move|p2a: Lycanroc|Accelerock|p1a: Pepe\n|-damage|p1a: Pepe|61\/100\n|\n|-weather|none\n|upkeep\n|turn|9\n|\n|t:|1628635674\n|move|p2a: Lycanroc|Endeavor|p1a: Pepe\n|-damage|p1a: Pepe|1\/100\n|move|p1a: Pepe|Scald|p2a: Lycanroc\n|-supereffective|p2a: Lycanroc\n|-damage|p2a: Lycanroc|0 fnt\n|faint|p2a: Lycanroc\n|\n|upkeep\n|\n|t:|1628635688\n|switch|p2a: Nidoking|Nidoking, M|100\/100\n|turn|10\n|\n|t:|1628635691\n|move|p2a: Nidoking|Ice Beam|p1a: Pepe\n|-resisted|p1a: Pepe\n|-damage|p1a: Pepe|0 fnt\n|faint|p1a: Pepe\n|\n|upkeep\n|\n|t:|1628635703\n|switch|p1a: Kingdra|Kingdra, M|100\/100\n|-damage|p1a: Kingdra|88\/100|[from] Stealth Rock\n|turn|11\n|\n|t:|1628635710\n|move|p2a: Nidoking|Sludge Wave|p1a: Kingdra\n|-damage|p1a: Kingdra|14\/100\n|move|p1a: Kingdra|Surf|p2a: Nidoking\n|-supereffective|p2a: Nidoking\n|-damage|p2a: Nidoking|0 fnt\n|faint|p2a: Nidoking\n|-damage|p1a: Kingdra|4\/100|[from] item: Life Orb\n|\n|upkeep\n|\n|t:|1628635716\n|switch|p2a: Jirachi|Jirachi|100\/100\n|turn|12\n|\n|t:|1628635720\n|move|p1a: Kingdra|Surf|p2a: Jirachi\n|-damage|p2a: Jirachi|67\/100\n|-damage|p1a: Kingdra|0 fnt|[from] item: Life Orb\n|faint|p1a: Kingdra\n|move|p2a: Jirachi|Wish|p2a: Jirachi\n|\n|-heal|p2a: Jirachi|74\/100|[from] item: Leftovers\n|upkeep\n|\n|t:|1628635740\n|switch|p1a: Gun|Azumarill, F|100\/100\n|-damage|p1a: Gun|88\/100|[from] Stealth Rock\n|turn|13\n|\n|t:|1628635744\n|move|p2a: Jirachi|Iron Head|p1a: Gun\n|-damage|p1a: Gun|59\/100\n|cant|p1a: Gun|flinch\n|\n|-heal|p2a: Jirachi|100\/100|[from] move: Wish|[wisher] Jirachi\n|upkeep\n|turn|14\n|\n|t:|1628635747\n|move|p2a: Jirachi|Iron Head|p1a: Gun\n|-damage|p1a: Gun|32\/100\n|-enditem|p1a: Gun|Sitrus Berry|[eat]\n|-heal|p1a: Gun|57\/100|[from] item: Sitrus Berry\n|cant|p1a: Gun|flinch\n|\n|upkeep\n|turn|15\n|\n|t:|1628635752\n|move|p2a: Jirachi|Iron Head|p1a: Gun\n|-damage|p1a: Gun|31\/100\n|cant|p1a: Gun|flinch\n|\n|upkeep\n|turn|16\n|\n|t:|1628635757\n|move|p2a: Jirachi|Iron Head|p1a: Gun\n|-damage|p1a: Gun|5\/100\n|move|p1a: Gun|Knock Off|p2a: Jirachi\n|-supereffective|p2a: Jirachi\n|-damage|p2a: Jirachi|31\/100\n|-enditem|p2a: Jirachi|Leftovers|[from] move: Knock Off|[of] p1a: Gun\n|\n|upkeep\n|turn|17\n|l| ra v3nd an\n|\n|t:|1628635761\n|move|p1a: Gun|Aqua Jet|p2a: Jirachi\n|-damage|p2a: Jirachi|8\/100\n|move|p2a: Jirachi|Iron Head|p1a: Gun\n|-damage|p1a: Gun|0 fnt\n|faint|p1a: Gun\n|\n|upkeep\n|\n|t:|1628635765\n|switch|p1a: Ibushi|Moltres-Galar|100\/100\n|-damage|p1a: Ibushi|76\/100|[from] Stealth Rock\n|turn|18\n|\n|t:|1628635774\n|move|p1a: Ibushi|Agility|p1a: Ibushi\n|-boost|p1a: Ibushi|spe|2\n|move|p2a: Jirachi|Iron Head|p1a: Ibushi\n|-damage|p1a: Ibushi|43\/100\n|-ability|p1a: Ibushi|Berserk|boost\n|-boost|p1a: Ibushi|spa|1\n|\n|-heal|p1a: Ibushi|50\/100|[from] item: Leftovers\n|upkeep\n|turn|19\n|\n|t:|1628635780\n|move|p1a: Ibushi|Fiery Wrath|p2a: Jirachi\n|-supereffective|p2a: Jirachi\n|-damage|p2a: Jirachi|0 fnt\n|faint|p2a: Jirachi\n|\n|-heal|p1a: Ibushi|56\/100|[from] item: Leftovers\n|upkeep\n|\n|t:|1628635782\n|switch|p2a: Regidrago|Regidrago|100\/100\n|turn|20\n|\n|t:|1628635784\n|move|p1a: Ibushi|Hurricane|p2a: Regidrago\n|-damage|p2a: Regidrago|9\/100\n|move|p2a: Regidrago|Dragon Pulse|p1a: Ibushi\n|-damage|p1a: Ibushi|6\/100\n|-ability|p1a: Ibushi|Berserk|boost\n|-boost|p1a: Ibushi|spa|1\n|\n|-heal|p1a: Ibushi|13\/100|[from] item: Leftovers\n|upkeep\n|turn|21\n|\n|t:|1628635793\n|move|p1a: Ibushi|Fiery Wrath|p2a: Regidrago\n|-damage|p2a: Regidrago|0 fnt\n|faint|p2a: Regidrago\n|\n|-heal|p1a: Ibushi|19\/100|[from] item: Leftovers\n|upkeep\n|\n|t:|1628635794\n|switch|p2a: Kommo-o|Kommo-o, F|37\/100\n|turn|22\n|\n|t:|1628635798\n|move|p1a: Ibushi|Fiery Wrath|p2a: Kommo-o\n|-resisted|p2a: Kommo-o\n|-damage|p2a: Kommo-o|0 fnt\n|faint|p2a: Kommo-o\n|\n|win|Neutralist\n|raw|Neutralist's rating: 1431 &rarr; <strong>1451<\/strong><br \/>(+20 for winning)\n|raw|Free Wifi Hotspot's rating: 1438 &rarr; <strong>1418<\/strong><br \/>(-20 for losing)\n|c|\u2606Free Wifi Hotspot|gg\n|l|\u2606Free Wifi Hotspot\n|c|\u2606Neutralist|gg\n","uploadtime":1628635824,"views":10,"p1id":"neutralist","p2id":"freewifihotspot","formatid":"gen8uu","rating":1418,"private":0,"password":null}