{"id":"gen8vgc2021-1214343342","p1":"bhkg","p2":"Scorbonnie","format":"gen8vgc2021","log":"|j|\u2606bhkg\n|j|\u2606Scorbonnie\n|t:|1604253184\n|player|p1|bhkg|169|1148\n|player|p2|Scorbonnie|kris-gen2|1077\n|teamsize|p1|6\n|teamsize|p2|6\n|gametype|doubles\n|gen|8\n|tier|[Gen 8] VGC 2021\n|rated|\n|clearpoke\n|poke|p1|Chandelure, L50, M|\n|poke|p1|Escavalier, L50, F|\n|poke|p1|Persian-Alola, L50, M|\n|poke|p1|Salamence, L50, F|\n|poke|p1|Milotic, L50, M|\n|poke|p1|Mamoswine, L50, F|\n|poke|p2|Raichu, L50, F|\n|poke|p2|Politoed, L50, M|\n|poke|p2|Metagross, L50|\n|poke|p2|Dracovish, L50|\n|poke|p2|Tornadus, L50, M|\n|poke|p2|Tapu Fini, L50|\n|rule|Species Clause: Limit one of each Pok\u00e9mon\n|rule|Item Clause: Limit one of each item\n|teampreview|4\n|\n|t:|1604253213\n|start\n|switch|p1a: Persian|Persian-Alola, L50, M|48\/48\n|switch|p1b: Salamence|Salamence, L50, F|48\/48\n|switch|p2a: Metagross|Metagross, L50|48\/48\n|switch|p2b: Tornadus|Tornadus, L50, M|48\/48\n|turn|1\n|\n|t:|1604253230\n|switch|p2b: Politoed|Politoed, L50, M|48\/48\n|-weather|RainDance|[from] ability: Drizzle|[of] p2b: Politoed\n|-start|p2a: Metagross|Dynamax\n|-heal|p2a: Metagross|48\/48|[silent]\n|move|p1a: Persian|Fake Out|p2b: Politoed\n|-damage|p2b: Politoed|44\/48\n|move|p1b: Salamence|Dual Wingbeat|p2b: Politoed\n|-crit|p2b: Politoed\n|-damage|p2b: Politoed|29\/48\n|-damage|p2b: Politoed|19\/48\n|-hitcount|p2b: Politoed|2\n|move|p2a: Metagross|Max Hailstorm|p1b: Salamence\n|-supereffective|p1b: Salamence\n|-enditem|p1b: Salamence|Yache Berry|[eat]\n|-enditem|p1b: Salamence|Yache Berry|[weaken]\n|-damage|p1b: Salamence|0 fnt\n|-weather|Hail\n|faint|p1b: Salamence\n|\n|-weather|Hail|[upkeep]\n|-damage|p1a: Persian|45\/48|[from] Hail\n|-damage|p2a: Metagross|46\/48|[from] Hail\n|-damage|p2b: Politoed|16\/48|[from] Hail\n|upkeep\n|\n|t:|1604253250\n|switch|p1b: Milotic|Milotic, L50, M, shiny|48\/48\n|turn|2\n|\n|t:|1604253268\n|switch|p2b: Tapu Fini|Tapu Fini, L50|48\/48\n|-fieldstart|move: Misty Terrain|[from] ability: Misty Surge|[of] p2b: Tapu Fini\n|-start|p1b: Milotic|Dynamax\n|-heal|p1b: Milotic|48\/48|[silent]\n|move|p1a: Persian|Foul Play|p2b: Tapu Fini\n|-resisted|p2b: Tapu Fini\n|-damage|p2b: Tapu Fini|44\/48\n|move|p2a: Metagross|Max Quake|p1b: Milotic\n|-damage|p1b: Milotic|36\/48\n|-boost|p2a: Metagross|spd|1\n|-boost|p2b: Tapu Fini|spd|1\n|move|p1b: Milotic|Max Geyser|p2b: Tapu Fini\n|-resisted|p2b: Tapu Fini\n|-damage|p2b: Tapu Fini|36\/48\n|-weather|RainDance\n|\n|-weather|RainDance|[upkeep]\n|upkeep\n|turn|3\n|\n|t:|1604253301\n|move|p1a: Persian|Taunt|p2b: Tapu Fini\n|-start|p2b: Tapu Fini|move: Taunt\n|move|p2b: Tapu Fini|Moonblast|p1a: Persian\n|-supereffective|p1a: Persian\n|-enditem|p1a: Persian|Roseli Berry|[eat]\n|-enditem|p1a: Persian|Roseli Berry|[weaken]\n|-damage|p1a: Persian|18\/48\n|move|p2a: Metagross|Max Quake|p1b: Milotic\n|-damage|p1b: Milotic|26\/48\n|-boost|p2a: Metagross|spd|1\n|-boost|p2b: Tapu Fini|spd|1\n|move|p1b: Milotic|Max Geyser|p2a: Metagross\n|-damage|p2a: Metagross|36\/48\n|\n|-weather|RainDance|[upkeep]\n|-end|p2a: Metagross|Dynamax\n|-heal|p2a: Metagross|36\/48|[silent]\n|upkeep\n|turn|4\n|\n|t:|1604253330\n|move|p1a: Persian|Parting Shot|p2b: Tapu Fini\n|-unboost|p2b: Tapu Fini|atk|1\n|-unboost|p2b: Tapu Fini|spa|1\n|\n|t:|1604253333\n|switch|p1a: Mamoswine|Mamoswine, L50, F|48\/48|[from]move: Parting Shot\n|move|p2b: Tapu Fini|Muddy Water|p1a: Mamoswine|[spread] p1a,p1b\n|-supereffective|p1a: Mamoswine\n|-resisted|p1b: Milotic\n|-damage|p1a: Mamoswine|8\/48\n|-damage|p1b: Milotic|25\/48\n|move|p2a: Metagross|Ice Punch|p1a: Mamoswine\n|-damage|p1a: Mamoswine|0 fnt\n|faint|p1a: Mamoswine\n|move|p1b: Milotic|Max Geyser|p2a: Metagross\n|-damage|p2a: Metagross|17\/48\n|\n|-weather|RainDance|[upkeep]\n|-end|p1b: Milotic|Dynamax\n|-heal|p1b: Milotic|25\/48|[silent]\n|upkeep\n|\n|t:|1604253347\n|switch|p1a: Persian|Persian-Alola, L50, M|18\/48\n|turn|5\n|\n|t:|1604253360\n|switch|p2a: Politoed|Politoed, L50, M|16\/48\n|move|p1a: Persian|Foul Play|p2a: Politoed\n|-damage|p2a: Politoed|6\/48\n|-enditem|p2a: Politoed|Aguav Berry|[eat]\n|-heal|p2a: Politoed|22\/48|[from] item: Aguav Berry\n|move|p2b: Tapu Fini|Muddy Water|p1b: Milotic|[spread] p1a,p1b\n|-resisted|p1b: Milotic\n|-damage|p1a: Persian|0 fnt\n|-damage|p1b: Milotic|21\/48\n|faint|p1a: Persian\n|move|p1b: Milotic|Muddy Water|p2b: Tapu Fini|[spread] p2b\n|-miss|p1b: Milotic|p2a: Politoed\n|-resisted|p2b: Tapu Fini\n|-damage|p2b: Tapu Fini|32\/48\n|\n|-weather|RainDance|[upkeep]\n|-end|p2b: Tapu Fini|move: Taunt\n|upkeep\n|turn|6\n|-message|bhkg forfeited.\n|\n|win|Scorbonnie\n|l|\u2606bhkg\n||Ladder (probably) updated, but score could not be retrieved (Request timeout).\n","uploadtime":1604253380,"views":10,"p1id":"bhkg","p2id":"scorbonnie","formatid":"gen8vgc2021","rating":0,"private":0,"password":null}