{"id":"gen8ou-1602637440","p1":"Bloody Busybody","p2":"mkyn","format":"gen8ou","log":"|j|\u2606Bloody Busybody\n|j|\u2606mkyn\n|t:|1656002398\n|gametype|singles\n|player|p1|Bloody Busybody|bugcatcher|1614\n|player|p2|mkyn|morty|1664\n|teamsize|p1|6\n|teamsize|p2|6\n|gen|8\n|tier|[Gen 8] OU\n|rated|\n|rule|Sleep Clause Mod: Limit one foe put to sleep\n|rule|Species Clause: Limit one of each Pok\u00e9mon\n|rule|OHKO Clause: OHKO moves are banned\n|rule|Evasion Moves Clause: Evasion moves are banned\n|rule|Endless Battle Clause: Forcing endless battles is banned\n|rule|HP Percentage Mod: HP is shown in percentages\n|rule|Dynamax Clause: You cannot dynamax\n|clearpoke\n|poke|p1|Volcanion|\n|poke|p1|Zapdos|\n|poke|p1|Landorus-Therian, M|\n|poke|p1|Blissey, F|\n|poke|p1|Weavile, F|\n|poke|p1|Kartana|\n|poke|p2|Sigilyph, M|\n|poke|p2|Krookodile, M|\n|poke|p2|Buzzwole|\n|poke|p2|Blissey, F|\n|poke|p2|Heatran, M|\n|poke|p2|Toxapex, F|\n|teampreview\n|inactive|Battle timer is ON: inactive players will automatically lose when time's up. (requested by Bloody Busybody)\n|\n|t:|1656002420\n|start\n|switch|p1a: Landorus|Landorus-Therian, M|100\/100\n|switch|p2a: Sigilyph|Sigilyph, M|100\/100\n|-ability|p1a: Landorus|Intimidate|boost\n|-unboost|p2a: Sigilyph|atk|1\n|turn|1\n|\n|t:|1656002426\n|switch|p1a: Blissey|Blissey, F|100\/100\n|move|p2a: Sigilyph|Ice Beam|p1a: Blissey\n|-damage|p1a: Blissey|87\/100\n|\n|upkeep\n|turn|2\n|\n|t:|1656002431\n|switch|p2a: Heatran|Heatran, M|100\/100\n|move|p1a: Blissey|Teleport|p1a: Blissey\n|\n|t:|1656002438\n|switch|p1a: Volcanion|Volcanion|100\/100|[from]move: Teleport\n|\n|upkeep\n|turn|3\n|\n|t:|1656002442\n|switch|p2a: Blissey|Blissey, F|100\/100\n|move|p1a: Volcanion|Steam Eruption|p2a: Blissey\n|-damage|p2a: Blissey|68\/100\n|\n|upkeep\n|turn|4\n|\n|t:|1656002446\n|move|p1a: Volcanion|Steam Eruption|p2a: Blissey\n|-damage|p2a: Blissey|34\/100\n|-status|p2a: Blissey|brn\n|move|p2a: Blissey|Soft-Boiled|p2a: Blissey\n|-heal|p2a: Blissey|84\/100 brn\n|\n|-damage|p2a: Blissey|78\/100 brn|[from] brn\n|upkeep\n|turn|5\n|\n|t:|1656002451\n|switch|p1a: Weavile|Weavile, F|100\/100\n|-ability|p1a: Weavile|Pressure\n|move|p2a: Blissey|Thunder Wave|p1a: Weavile\n|-status|p1a: Weavile|par\n|\n|-damage|p2a: Blissey|72\/100 brn|[from] brn\n|upkeep\n|turn|6\n|\n|t:|1656002454\n|-curestatus|p2a: Blissey|brn|[from] ability: Natural Cure\n|switch|p2a: Buzzwole|Buzzwole|100\/100\n|move|p1a: Weavile|Knock Off|p2a: Buzzwole\n|-resisted|p2a: Buzzwole\n|-damage|p2a: Buzzwole|87\/100\n|-damage|p1a: Weavile|84\/100 par|[from] item: Rocky Helmet|[of] p2a: Buzzwole\n|-enditem|p2a: Buzzwole|Rocky Helmet|[from] move: Knock Off|[of] p1a: Weavile\n|-damage|p1a: Weavile|74\/100 par|[from] item: Life Orb\n|\n|upkeep\n|turn|7\n|\n|t:|1656002459\n|switch|p1a: Zapdos|Zapdos|100\/100\n|move|p2a: Buzzwole|Toxic|p1a: Zapdos\n|-status|p1a: Zapdos|tox\n|\n|-damage|p1a: Zapdos|94\/100 tox|[from] psn\n|upkeep\n|turn|8\n|\n|t:|1656002462\n|switch|p2a: Krookodile|Krookodile, M|100\/100\n|move|p1a: Zapdos|Volt Switch|p2a: Krookodile\n|-immune|p2a: Krookodile\n|\n|-damage|p1a: Zapdos|82\/100 tox|[from] psn\n|upkeep\n|turn|9\n|\n|t:|1656002467\n|switch|p2a: Blissey|Blissey, F|72\/100\n|switch|p1a: Landorus|Landorus-Therian, M|100\/100\n|-ability|p1a: Landorus|Intimidate|boost\n|-unboost|p2a: Blissey|atk|1\n|\n|upkeep\n|turn|10\n|\n|t:|1656002470\n|switch|p2a: Sigilyph|Sigilyph, M|100\/100\n|move|p1a: Landorus|U-turn|p2a: Sigilyph\n|-damage|p2a: Sigilyph|69\/100\n|\n|t:|1656002473\n|switch|p1a: Kartana|Kartana|100\/100|[from]move: U-turn\n|\n|upkeep\n|turn|11\n|\n|t:|1656002476\n|switch|p2a: Buzzwole|Buzzwole|87\/100\n|move|p1a: Kartana|Knock Off|p2a: Buzzwole\n|-resisted|p2a: Buzzwole\n|-damage|p2a: Buzzwole|80\/100\n|\n|upkeep\n|turn|12\n|\n|t:|1656002484\n|switch|p1a: Zapdos|Zapdos|82\/100 tox\n|move|p2a: Buzzwole|Ice Punch|p1a: Zapdos\n|-supereffective|p1a: Zapdos\n|-damage|p1a: Zapdos|47\/100 tox\n|-status|p2a: Buzzwole|par|[from] ability: Static|[of] p1a: Zapdos\n|\n|-damage|p1a: Zapdos|41\/100 tox|[from] psn\n|upkeep\n|turn|13\n|\n|t:|1656002492\n|switch|p2a: Blissey|Blissey, F|72\/100\n|move|p1a: Zapdos|Roost|p1a: Zapdos\n|-heal|p1a: Zapdos|91\/100 tox\n|-singleturn|p1a: Zapdos|move: Roost\n|\n|-damage|p1a: Zapdos|79\/100 tox|[from] psn\n|upkeep\n|turn|14\n|\n|t:|1656002494\n|move|p1a: Zapdos|Volt Switch|p2a: Blissey\n|-damage|p2a: Blissey|62\/100\n|\n|t:|1656002499\n|switch|p1a: Landorus|Landorus-Therian, M|100\/100|[from]move: Volt Switch\n|-ability|p1a: Landorus|Intimidate|boost\n|-unboost|p2a: Blissey|atk|1\n|move|p2a: Blissey|Teleport|p2a: Blissey\n|\n|t:|1656002505\n|switch|p2a: Sigilyph|Sigilyph, M|69\/100|[from]move: Teleport\n|\n|upkeep\n|turn|15\n|\n|t:|1656002510\n|switch|p1a: Blissey|Blissey, F|87\/100\n|move|p2a: Sigilyph|Ice Beam|p1a: Blissey\n|-damage|p1a: Blissey|73\/100\n|\n|upkeep\n|turn|16\n|\n|t:|1656002511\n|move|p2a: Sigilyph|Psyshock|p1a: Blissey\n|-damage|p1a: Blissey|31\/100\n|move|p1a: Blissey|Teleport|p1a: Blissey\n|\n|t:|1656002516\n|switch|p1a: Kartana|Kartana|100\/100|[from]move: Teleport\n|\n|upkeep\n|turn|17\n|\n|t:|1656002520\n|switch|p1a: Volcanion|Volcanion|100\/100\n|switch|p2a: Buzzwole|Buzzwole|80\/100 par\n|\n|upkeep\n|turn|18\n|\n|t:|1656002524\n|switch|p1a: Weavile|Weavile, F|74\/100 par\n|-ability|p1a: Weavile|Pressure\n|switch|p2a: Toxapex|Toxapex, F|100\/100\n|\n|upkeep\n|turn|19\n|\n|t:|1656002528\n|switch|p2a: Buzzwole|Buzzwole|80\/100 par\n|move|p1a: Weavile|Swords Dance|p1a: Weavile\n|-boost|p1a: Weavile|atk|2\n|\n|upkeep\n|turn|20\n|\n|t:|1656002531\n|move|p1a: Weavile|Triple Axel|p2a: Buzzwole\n|-damage|p2a: Buzzwole|67\/100 par\n|-hitcount|p2a: Buzzwole|1\n|-damage|p1a: Weavile|64\/100 par|[from] item: Life Orb\n|cant|p2a: Buzzwole|par\n|\n|upkeep\n|turn|21\n|\n|t:|1656002537\n|move|p1a: Weavile|Triple Axel|p2a: Buzzwole\n|-damage|p2a: Buzzwole|54\/100 par\n|-damage|p2a: Buzzwole|29\/100 par\n|-damage|p2a: Buzzwole|0 fnt\n|faint|p2a: Buzzwole\n|-hitcount|p2: Buzzwole|3\n|-damage|p1a: Weavile|54\/100 par|[from] item: Life Orb\n|\n|upkeep\n|\n|t:|1656002543\n|switch|p2a: Heatran|Heatran, M|100\/100\n|turn|22\n|\n|t:|1656002547\n|switch|p1a: Volcanion|Volcanion|100\/100\n|move|p2a: Heatran|Earth Power|p1a: Volcanion\n|-supereffective|p1a: Volcanion\n|-damage|p1a: Volcanion|38\/100\n|\n|upkeep\n|turn|23\n|\n|t:|1656002554\n|move|p2a: Heatran|Earth Power|p1a: Volcanion\n|-supereffective|p1a: Volcanion\n|-damage|p1a: Volcanion|0 fnt\n|faint|p1a: Volcanion\n|\n|upkeep\n|\n|t:|1656002560\n|switch|p1a: Landorus|Landorus-Therian, M|100\/100\n|-ability|p1a: Landorus|Intimidate|boost\n|-unboost|p2a: Heatran|atk|1\n|turn|24\n|\n|t:|1656002563\n|switch|p2a: Blissey|Blissey, F|62\/100\n|move|p1a: Landorus|Toxic|p2a: Blissey\n|-status|p2a: Blissey|tox\n|\n|-damage|p2a: Blissey|55\/100 tox|[from] psn\n|upkeep\n|turn|25\n|\n|t:|1656002567\n|move|p1a: Landorus|Earthquake|p2a: Blissey\n|-damage|p2a: Blissey|12\/100 tox\n|move|p2a: Blissey|Thunder Wave|p1a: Landorus\n|-immune|p1a: Landorus\n|\n|-damage|p2a: Blissey|0 fnt|[from] psn\n|faint|p2a: Blissey\n|upkeep\n|\n|t:|1656002569\n|switch|p2a: Sigilyph|Sigilyph, M|69\/100\n|turn|26\n|\n|t:|1656002582\n|switch|p1a: Blissey|Blissey, F|31\/100\n|move|p2a: Sigilyph|Ice Beam|p1a: Blissey\n|-damage|p1a: Blissey|17\/100\n|\n|upkeep\n|turn|27\n|inactive|mkyn has 120 seconds left.\n|\n|t:|1656002612\n|move|p2a: Sigilyph|Psyshock|p1a: Blissey\n|-damage|p1a: Blissey|0 fnt\n|faint|p1a: Blissey\n|\n|upkeep\n|\n|t:|1656002615\n|switch|p1a: Kartana|Kartana|100\/100\n|turn|28\n|\n|t:|1656002626\n|switch|p2a: Heatran|Heatran, M|100\/100\n|move|p1a: Kartana|Knock Off|p2a: Heatran\n|-damage|p2a: Heatran|57\/100\n|-enditem|p2a: Heatran|Leftovers|[from] move: Knock Off|[of] p1a: Kartana\n|\n|upkeep\n|turn|29\n|\n|t:|1656002632\n|switch|p1a: Landorus|Landorus-Therian, M|100\/100\n|-ability|p1a: Landorus|Intimidate|boost\n|-unboost|p2a: Heatran|atk|1\n|switch|p2a: Sigilyph|Sigilyph, M|69\/100\n|\n|upkeep\n|turn|30\n|\n|t:|1656002640\n|move|p2a: Sigilyph|Ice Beam|p1a: Landorus\n|-supereffective|p1a: Landorus\n|-damage|p1a: Landorus|0 fnt\n|faint|p1a: Landorus\n|\n|upkeep\n|\n|t:|1656002643\n|switch|p1a: Weavile|Weavile, F|54\/100 par\n|-ability|p1a: Weavile|Pressure\n|turn|31\n|\n|t:|1656002647\n|cant|p1a: Weavile|par\n|move|p2a: Sigilyph|Heat Wave|p1a: Weavile\n|-supereffective|p1a: Weavile\n|-damage|p1a: Weavile|0 fnt\n|faint|p1a: Weavile\n|\n|upkeep\n|\n|t:|1656002653\n|switch|p1a: Kartana|Kartana|100\/100\n|turn|32\n|\n|t:|1656002657\n|move|p1a: Kartana|Sacred Sword|p2a: Sigilyph\n|-resisted|p2a: Sigilyph\n|-damage|p2a: Sigilyph|55\/100\n|move|p2a: Sigilyph|Heat Wave|p1a: Kartana\n|-supereffective|p1a: Kartana\n|-damage|p1a: Kartana|0 fnt\n|faint|p1a: Kartana\n|\n|upkeep\n|-message|Bloody Busybody forfeited.\n|\n|win|mkyn\n|raw|Bloody Busybody's rating: 1614 &rarr; <strong>1597<\/strong><br \/>(-17 for losing)\n|raw|mkyn's rating: 1664 &rarr; <strong>1681<\/strong><br \/>(+17 for winning)\n|l|\u2606Bloody Busybody\n","uploadtime":1656002664,"views":20,"p1id":"bloodybusybody","p2id":"mkyn","formatid":"gen8ou","rating":1597,"private":0,"password":null}