{"id":"gen8ou-1594461942","p1":"ff shore","p2":"fishy8995","format":"gen8ou","log":"|j|\u2606ff shore\n|j|\u2606fishy8995\n|t:|1655005377\n|gametype|singles\n|player|p1|ff shore|skierf|1763\n|player|p2|fishy8995|101|1809\n|teamsize|p1|6\n|teamsize|p2|6\n|gen|8\n|tier|[Gen 8] OU\n|rated|\n|rule|Sleep Clause Mod: Limit one foe put to sleep\n|rule|Species Clause: Limit one of each Pok\u00e9mon\n|rule|OHKO Clause: OHKO moves are banned\n|rule|Evasion Moves Clause: Evasion moves are banned\n|rule|Endless Battle Clause: Forcing endless battles is banned\n|rule|HP Percentage Mod: HP is shown in percentages\n|rule|Dynamax Clause: You cannot dynamax\n|clearpoke\n|poke|p1|Melmetal|\n|poke|p1|Rotom-Wash|\n|poke|p1|Landorus-Therian, M|\n|poke|p1|Kartana|\n|poke|p1|Tapu Lele|\n|poke|p1|Dragonite, M|\n|poke|p2|Hippowdon, M|\n|poke|p2|Tyranitar, M|\n|poke|p2|Excadrill, M|\n|poke|p2|Rotom-Heat|\n|poke|p2|Toxapex, F|\n|poke|p2|Dracozolt|\n|teampreview\n|inactive|Battle timer is ON: inactive players will automatically lose when time's up. (requested by ff shore)\n|j| GROSS SAMPLE TEAM\n|inactive|ff shore has 120 seconds left.\n|j| 7lock\n|inactive|ff shore has 90 seconds left.\n|j| Adriana_Sen\n|inactive|ff shore has 60 seconds left.\n|l| Adriana_Sen\n|inactive|ff shore has 30 seconds left.\n|\n|t:|1655005499\n|start\n|switch|p1a: Shlapu Vjayjay|Tapu Lele|100\/100\n|switch|p2a: Tyranitar|Tyranitar, M|100\/100\n|-fieldstart|move: Psychic Terrain|[from] ability: Psychic Surge|[of] p1a: Shlapu Vjayjay\n|-weather|Sandstorm|[from] ability: Sand Stream|[of] p2a: Tyranitar\n|turn|1\n|\n|t:|1655005507\n|move|p1a: Shlapu Vjayjay|Moonblast|p2a: Tyranitar\n|-supereffective|p2a: Tyranitar\n|-damage|p2a: Tyranitar|23\/100\n|-unboost|p2a: Tyranitar|spa|1\n|move|p2a: Tyranitar|Earthquake|p1a: Shlapu Vjayjay\n|-damage|p1a: Shlapu Vjayjay|58\/100\n|\n|-weather|Sandstorm|[upkeep]\n|-damage|p1a: Shlapu Vjayjay|52\/100|[from] Sandstorm\n|upkeep\n|turn|2\n|j| pika2333\n|\n|t:|1655005515\n|switch|p1a: 42Dogg|Landorus-Therian, M|100\/100\n|-ability|p1a: 42Dogg|Intimidate|boost\n|-unboost|p2a: Tyranitar|atk|1\n|switch|p2a: Toxapex|Toxapex, F|100\/100\n|\n|-weather|Sandstorm|[upkeep]\n|-damage|p2a: Toxapex|94\/100|[from] Sandstorm\n|-heal|p2a: Toxapex|100\/100|[from] item: Black Sludge\n|upkeep\n|turn|3\n|\n|t:|1655005520\n|move|p1a: 42Dogg|Knock Off|p2a: Toxapex\n|-damage|p2a: Toxapex|75\/100\n|-enditem|p2a: Toxapex|Black Sludge|[from] move: Knock Off|[of] p1a: 42Dogg\n|move|p2a: Toxapex|Toxic|p1a: 42Dogg\n|-status|p1a: 42Dogg|tox\n|\n|-weather|Sandstorm|[upkeep]\n|-damage|p2a: Toxapex|69\/100|[from] Sandstorm\n|-damage|p1a: 42Dogg|94\/100 tox|[from] psn\n|upkeep\n|turn|4\n|\n|t:|1655005525\n|switch|p2a: Rotom|Rotom-Heat|100\/100\n|move|p1a: 42Dogg|Stealth Rock|p2a: Rotom\n|-sidestart|p2: fishy8995|move: Stealth Rock\n|\n|-weather|Sandstorm|[upkeep]\n|-damage|p2a: Rotom|94\/100|[from] Sandstorm\n|-damage|p1a: 42Dogg|82\/100 tox|[from] psn\n|upkeep\n|turn|5\n|\n|t:|1655005529\n|move|p2a: Rotom|Trick|p1a: 42Dogg\n|-activate|p2a: Rotom|move: Trick|[of] p1a: 42Dogg\n|-item|p1a: 42Dogg|Ring Target|[from] move: Trick\n|-item|p2a: Rotom|Eject Button|[from] move: Trick\n|move|p1a: 42Dogg|U-turn|p2a: Rotom\n|-resisted|p2a: Rotom\n|-damage|p2a: Rotom|82\/100\n|-enditem|p2a: Rotom|Eject Button\n|\n|t:|1655005541\n|switch|p2a: Toxapex|Toxapex, F|100\/100\n|-damage|p2a: Toxapex|88\/100|[from] Stealth Rock\n|\n|-weather|none\n|-damage|p1a: 42Dogg|64\/100 tox|[from] psn\n|-fieldend|move: Psychic Terrain\n|upkeep\n|turn|6\n|\n|t:|1655005549\n|move|p1a: 42Dogg|Earthquake|p2a: Toxapex\n|-supereffective|p2a: Toxapex\n|-damage|p2a: Toxapex|3\/100\n|move|p2a: Toxapex|Recover|p2a: Toxapex\n|-heal|p2a: Toxapex|53\/100\n|\n|-damage|p1a: 42Dogg|40\/100 tox|[from] psn\n|upkeep\n|turn|7\n|\n|t:|1655005554\n|switch|p2a: Rotom|Rotom-Heat|82\/100\n|-damage|p2a: Rotom|57\/100|[from] Stealth Rock\n|move|p1a: 42Dogg|U-turn|p2a: Rotom\n|-resisted|p2a: Rotom\n|-damage|p2a: Rotom|45\/100\n|\n|t:|1655005572\n|switch|p1a: Shlapu Vjayjay|Tapu Lele|52\/100|[from]move: U-turn\n|-fieldstart|move: Psychic Terrain|[from] ability: Psychic Surge|[of] p1a: Shlapu Vjayjay\n|\n|upkeep\n|turn|8\n|\n|t:|1655005585\n|move|p1a: Shlapu Vjayjay|Psychic|p2a: Rotom\n|-damage|p2a: Rotom|0 fnt\n|faint|p2a: Rotom\n|\n|upkeep\n|\n|t:|1655005587\n|switch|p2a: Tyranitar|Tyranitar, M|23\/100\n|-damage|p2a: Tyranitar|10\/100|[from] Stealth Rock\n|-weather|Sandstorm|[from] ability: Sand Stream|[of] p2a: Tyranitar\n|turn|9\n|\n|t:|1655005598\n|switch|p1a: 42Dogg|Landorus-Therian, M|40\/100 tox\n|-ability|p1a: 42Dogg|Intimidate|boost\n|-unboost|p2a: Tyranitar|atk|1\n|move|p2a: Tyranitar|Flamethrower|p1a: 42Dogg\n|-damage|p1a: 42Dogg|20\/100 tox\n|\n|-weather|Sandstorm|[upkeep]\n|-damage|p1a: 42Dogg|14\/100 tox|[from] psn\n|upkeep\n|turn|10\n|\n|t:|1655005602\n|move|p1a: 42Dogg|U-turn|p2a: Tyranitar\n|-supereffective|p2a: Tyranitar\n|-damage|p2a: Tyranitar|0 fnt\n|faint|p2a: Tyranitar\n|\n|t:|1655005630\n|switch|p1a: Slayboi Karti|Kartana|100\/100|[from]move: U-turn\n|\n|-weather|Sandstorm|[upkeep]\n|upkeep\n|\n|t:|1655005645\n|switch|p2a: Dracozolt|Dracozolt|100\/100\n|-damage|p2a: Dracozolt|88\/100|[from] Stealth Rock\n|turn|11\n|\n|t:|1655005653\n|switch|p1a: Rotom|Rotom-Wash|100\/100\n|move|p2a: Dracozolt|Flamethrower|p1a: Rotom\n|-resisted|p1a: Rotom\n|-damage|p1a: Rotom|88\/100\n|-damage|p2a: Dracozolt|78\/100|[from] item: Life Orb\n|\n|-weather|Sandstorm|[upkeep]\n|-damage|p1a: Rotom|81\/100|[from] Sandstorm\n|-heal|p1a: Rotom|88\/100|[from] item: Leftovers\n|-fieldend|move: Psychic Terrain\n|upkeep\n|turn|12\n|\n|t:|1655005661\n|move|p2a: Dracozolt|Bolt Beak|p1a: Rotom\n|-damage|p1a: Rotom|9\/100\n|-damage|p2a: Dracozolt|68\/100|[from] item: Life Orb\n|move|p1a: Rotom|Will-O-Wisp|p2a: Dracozolt\n|-status|p2a: Dracozolt|brn\n|\n|-weather|Sandstorm|[upkeep]\n|-damage|p1a: Rotom|3\/100|[from] Sandstorm\n|-heal|p1a: Rotom|9\/100|[from] item: Leftovers\n|-damage|p2a: Dracozolt|62\/100 brn|[from] brn\n|upkeep\n|turn|13\n|\n|t:|1655005672\n|switch|p1a: 42Dogg|Landorus-Therian, M|14\/100 tox\n|-ability|p1a: 42Dogg|Intimidate|boost\n|-unboost|p2a: Dracozolt|atk|1\n|move|p2a: Dracozolt|Bolt Beak|p1a: 42Dogg\n|-supereffective|p1a: 42Dogg\n|-damage|p1a: 42Dogg|0 fnt\n|faint|p1a: 42Dogg\n|-damage|p2a: Dracozolt|52\/100 brn|[from] item: Life Orb\n|\n|-weather|none\n|-damage|p2a: Dracozolt|46\/100 brn|[from] brn\n|upkeep\n|\n|t:|1655005689\n|switch|p1a: Shlapu Vjayjay|Tapu Lele|52\/100\n|-fieldstart|move: Psychic Terrain|[from] ability: Psychic Surge|[of] p1a: Shlapu Vjayjay\n|turn|14\n|\n|t:|1655005695\n|switch|p2a: Hippowdon|Hippowdon, M|100\/100\n|-damage|p2a: Hippowdon|94\/100|[from] Stealth Rock\n|-weather|Sandstorm|[from] ability: Sand Stream|[of] p2a: Hippowdon\n|move|p1a: Shlapu Vjayjay|Psychic|p2a: Hippowdon\n|-damage|p2a: Hippowdon|0 fnt\n|faint|p2a: Hippowdon\n|\n|-weather|Sandstorm|[upkeep]\n|-damage|p1a: Shlapu Vjayjay|46\/100|[from] Sandstorm\n|upkeep\n|\n|t:|1655005697\n|switch|p2a: Excadrill|Excadrill, M, shiny|100\/100\n|-damage|p2a: Excadrill|97\/100|[from] Stealth Rock\n|turn|15\n|\n|t:|1655005721\n|switch|p1a: Rotom|Rotom-Wash|9\/100\n|move|p2a: Excadrill|Swords Dance|p2a: Excadrill\n|-boost|p2a: Excadrill|atk|2\n|\n|-weather|Sandstorm|[upkeep]\n|-damage|p1a: Rotom|3\/100|[from] Sandstorm\n|-heal|p1a: Rotom|9\/100|[from] item: Leftovers\n|upkeep\n|turn|16\n|\n|t:|1655005727\n|move|p2a: Excadrill|Iron Head|p1a: Rotom\n|-resisted|p1a: Rotom\n|-damage|p1a: Rotom|0 fnt\n|faint|p1a: Rotom\n|\n|-weather|Sandstorm|[upkeep]\n|upkeep\n|j| Ran Kob\n|inactive|ff shore has 120 seconds left.\n|\n|t:|1655005762\n|switch|p1a: EST GEEnite|Dragonite, M|100\/100\n|turn|17\n|\n|t:|1655005769\n|move|p2a: Excadrill|Iron Head|p1a: EST GEEnite\n|-damage|p1a: EST GEEnite|48\/100\n|cant|p1a: EST GEEnite|flinch\n|\n|-weather|Sandstorm|[upkeep]\n|-damage|p1a: EST GEEnite|42\/100|[from] Sandstorm\n|upkeep\n|turn|18\n|inactive|ff shore has 120 seconds left.\n|\n|t:|1655005781\n|switch|p1a: Slayboi Karti|Kartana|100\/100\n|move|p2a: Excadrill|Earthquake|p1a: Slayboi Karti\n|-damage|p1a: Slayboi Karti|0 fnt\n|faint|p1a: Slayboi Karti\n|\n|-weather|Sandstorm|[upkeep]\n|-fieldend|move: Psychic Terrain\n|upkeep\n|\n|t:|1655005785\n|switch|p1a: EST GEEnite|Dragonite, M|42\/100\n|turn|19\n|\n|t:|1655005791\n|switch|p1a: \ud83d\udc43Metal|Melmetal|100\/100\n|move|p2a: Excadrill|Earthquake|p1a: \ud83d\udc43Metal\n|-supereffective|p1a: \ud83d\udc43Metal\n|-damage|p1a: \ud83d\udc43Metal|0 fnt\n|faint|p1a: \ud83d\udc43Metal\n|\n|-weather|Sandstorm|[upkeep]\n|upkeep\n|\n|t:|1655005796\n|switch|p1a: EST GEEnite|Dragonite, M|42\/100\n|turn|20\n|\n|t:|1655005799\n|move|p2a: Excadrill|Iron Head|p1a: EST GEEnite\n|-damage|p1a: EST GEEnite|0 fnt\n|faint|p1a: EST GEEnite\n|\n|-weather|Sandstorm|[upkeep]\n|upkeep\n|\n|t:|1655005801\n|switch|p1a: Shlapu Vjayjay|Tapu Lele|46\/100\n|-fieldstart|move: Psychic Terrain|[from] ability: Psychic Surge|[of] p1a: Shlapu Vjayjay\n|turn|21\n|\n|t:|1655005812\n|move|p2a: Excadrill|Iron Head|p1a: Shlapu Vjayjay\n|-supereffective|p1a: Shlapu Vjayjay\n|-damage|p1a: Shlapu Vjayjay|0 fnt\n|faint|p1a: Shlapu Vjayjay\n|\n|win|fishy8995\n|raw|ff shore's rating: 1763 &rarr; <strong>1746<\/strong><br \/>(-17 for losing)\n|raw|fishy8995's rating: 1809 &rarr; <strong>1826<\/strong><br \/>(+17 for winning)\n","uploadtime":1655005818,"views":30,"p1id":"ffshore","p2id":"fishy8995","formatid":"gen8ou","rating":1746,"private":0,"password":null}