{"id":"gen8randombattle-1046642338","p1":"lrnz","p2":"comp233","format":"gen8randombattle","log":"|j|\u2606lrnz\n|j|\u2606comp233\n|player|p1|lrnz|bugcatcher|1835\n|player|p2|comp233|115|1915\n|teamsize|p1|6\n|teamsize|p2|6\n|gametype|singles\n|gen|8\n|tier|[Gen 8] Random Battle\n|rated|\n|rule|Species Clause: Limit one of each Pok\u00e9mon\n|rule|HP Percentage Mod: HP is shown in percentages\n|rule|Sleep Clause Mod: Limit one foe put to sleep\n|\n|start\n|switch|p1a: Barraskewda|Barraskewda, L82, M|234\/234\n|switch|p2a: Reuniclus|Reuniclus, L82, M|315\/315\n|turn|1\n|\n|move|p1a: Barraskewda|Liquidation|p2a: Reuniclus\n|-damage|p2a: Reuniclus|129\/315\n|move|p2a: Reuniclus|Psychic|p1a: Barraskewda\n|-damage|p1a: Barraskewda|14\/234\n|\n|upkeep\n|turn|2\n|\n|switch|p2a: Vaporeon|Vaporeon, L84, M|356\/356\n|move|p1a: Barraskewda|Liquidation|p2a: Vaporeon\n|-immune|p2a: Vaporeon|[from] ability: Water Absorb\n|\n|upkeep\n|turn|3\n|inactive|Battle timer is ON: inactive players will automatically lose when time's up. (requested by comp233)\n|\n|switch|p1a: Pikachu|Pikachu, L90, F|209\/209\n|move|p2a: Vaporeon|Scald|p1a: Pikachu\n|-damage|p1a: Pikachu|79\/209\n|-status|p1a: Pikachu|brn\n|\n|-damage|p1a: Pikachu|66\/209 brn|[from] brn\n|upkeep\n|turn|4\n|\n|move|p2a: Vaporeon|Protect|p2a: Vaporeon\n|-singleturn|p2a: Vaporeon|Protect\n|move|p1a: Pikachu|Volt Tackle|p2a: Vaporeon\n|-activate|p2a: Vaporeon|move: Protect\n|\n|-damage|p1a: Pikachu|53\/209 brn|[from] brn\n|upkeep\n|turn|5\n|inactive|lrnz has 120 seconds left.\n|inactive|comp233 has 120 seconds left.\n|\n|switch|p2a: Gourgeist|Gourgeist, L84, M|246\/246\n|-item|p1a: Pikachu|Light Ball|[from] ability: Frisk|[of] p2a: Gourgeist|[identify]\n|move|p1a: Pikachu|Volt Tackle|p2a: Gourgeist\n|-resisted|p2a: Gourgeist\n|-damage|p2a: Gourgeist|209\/246\n|-damage|p1a: Pikachu|41\/209 brn|[from] Recoil\n|\n|-heal|p2a: Gourgeist|224\/246|[from] item: Leftovers\n|-damage|p1a: Pikachu|28\/209 brn|[from] brn\n|upkeep\n|turn|6\n|inactive|comp233 has 120 seconds left.\n|inactive|lrnz has 120 seconds left.\n|\n|move|p2a: Gourgeist|Shadow Sneak|p1a: Pikachu\n|-damage|p1a: Pikachu|0 fnt\n|faint|p1a: Pikachu\n|\n|-heal|p2a: Gourgeist|239\/246|[from] item: Leftovers\n|upkeep\n|\n|switch|p1a: Ninetales|Ninetales, L84, M|259\/259\n|-weather|SunnyDay|[from] ability: Drought|[of] p1a: Ninetales\n|turn|7\n|\n|switch|p2a: Vaporeon|Vaporeon, L84, M|356\/356\n|move|p1a: Ninetales|Nasty Plot|p1a: Ninetales\n|-boost|p1a: Ninetales|spa|2\n|\n|-weather|SunnyDay|[upkeep]\n|upkeep\n|turn|8\n|\n|move|p1a: Ninetales|Solar Beam||[still]\n|-prepare|p1a: Ninetales|Solar Beam|p2a: Vaporeon\n|-anim|p1a: Ninetales|Solar Beam|p2a: Vaporeon\n|-supereffective|p2a: Vaporeon\n|-damage|p2a: Vaporeon|90\/356\n|move|p2a: Vaporeon|Wish|p2a: Vaporeon\n|\n|-weather|SunnyDay|[upkeep]\n|-heal|p2a: Vaporeon|112\/356|[from] item: Leftovers\n|upkeep\n|turn|9\n|\n|move|p2a: Vaporeon|Protect|p2a: Vaporeon\n|-singleturn|p2a: Vaporeon|Protect\n|move|p1a: Ninetales|Nasty Plot|p1a: Ninetales\n|-boost|p1a: Ninetales|spa|2\n|\n|-weather|SunnyDay|[upkeep]\n|-heal|p2a: Vaporeon|290\/356|[from] move: Wish|[wisher] Vaporeon\n|-heal|p2a: Vaporeon|312\/356|[from] item: Leftovers\n|upkeep\n|turn|10\n|\n|switch|p2a: Gourgeist|Gourgeist, L84, M|239\/246\n|-item|p1a: Ninetales|Leftovers|[from] ability: Frisk|[of] p2a: Gourgeist|[identify]\n|move|p1a: Ninetales|Nasty Plot|p1a: Ninetales\n|-boost|p1a: Ninetales|spa|2\n|\n|-weather|SunnyDay|[upkeep]\n|-heal|p2a: Gourgeist|246\/246|[from] item: Leftovers\n|upkeep\n|turn|11\n|\n|switch|p2a: Vaporeon|Vaporeon, L84, M|312\/356\n|move|p1a: Ninetales|Fire Blast|p2a: Vaporeon\n|-resisted|p2a: Vaporeon\n|-damage|p2a: Vaporeon|23\/356\n|\n|-weather|none\n|-heal|p2a: Vaporeon|45\/356|[from] item: Leftovers\n|upkeep\n|turn|12\n|\n|move|p2a: Vaporeon|Protect|p2a: Vaporeon\n|-singleturn|p2a: Vaporeon|Protect\n|move|p1a: Ninetales|Fire Blast|p2a: Vaporeon\n|-activate|p2a: Vaporeon|move: Protect\n|\n|-heal|p2a: Vaporeon|67\/356|[from] item: Leftovers\n|upkeep\n|turn|13\n|\n|switch|p2a: Reuniclus|Reuniclus, L82, M|129\/315\n|move|p1a: Ninetales|Fire Blast|p2a: Reuniclus\n|-damage|p2a: Reuniclus|0 fnt\n|faint|p2a: Reuniclus\n|\n|upkeep\n|\n|switch|p2a: Vaporeon|Vaporeon, L84, M|67\/356\n|turn|14\n|\n|-start|p1a: Ninetales|Dynamax\n|-heal|p1a: Ninetales|518\/518|[silent]\n|move|p1a: Ninetales|Max Overgrowth|p2a: Vaporeon\n|-supereffective|p2a: Vaporeon\n|-damage|p2a: Vaporeon|0 fnt\n|-fieldstart|move: Grassy Terrain\n|faint|p2a: Vaporeon\n|\n|upkeep\n|inactive|comp233 has 120 seconds left.\n|inactive|comp233 has 90 seconds left.\n|\n|switch|p2a: Gourgeist|Gourgeist, L84, M|246\/246\n|-item|p1a: Ninetales|Leftovers|[from] ability: Frisk|[of] p2a: Gourgeist|[identify]\n|turn|15\n|\n|move|p2a: Gourgeist|Shadow Sneak|p1a: Ninetales\n|-damage|p1a: Ninetales|470\/518\n|move|p1a: Ninetales|Max Flare|p2a: Gourgeist\n|-supereffective|p2a: Gourgeist\n|-damage|p2a: Gourgeist|0 fnt\n|-weather|SunnyDay\n|faint|p2a: Gourgeist\n|\n|-weather|SunnyDay|[upkeep]\n|-heal|p1a: Ninetales|486\/518|[from] item: Leftovers\n|-heal|p1a: Ninetales|502\/518|[from] Grassy Terrain\n|upkeep\n|\n|switch|p2a: Alcremie|Alcremie, L84, F|246\/246\n|turn|16\n|\n|move|p1a: Ninetales|Max Flare|p2a: Alcremie\n|-damage|p2a: Alcremie|0 fnt\n|faint|p2a: Alcremie\n|\n|-weather|SunnyDay|[upkeep]\n|-heal|p1a: Ninetales|518\/518|[from] item: Leftovers\n|-end|p1a: Ninetales|Dynamax\n|-heal|p1a: Ninetales|259\/259|[silent]\n|upkeep\n|\n|switch|p2a: Diggersby|Diggersby, L82, F|274\/274\n|turn|17\n|\n|-start|p2a: Diggersby|Dynamax\n|-heal|p2a: Diggersby|548\/548|[silent]\n|move|p1a: Ninetales|Solar Beam||[still]\n|-prepare|p1a: Ninetales|Solar Beam|p2a: Diggersby\n|-anim|p1a: Ninetales|Solar Beam|p2a: Diggersby\n|-supereffective|p2a: Diggersby\n|-damage|p2a: Diggersby|0 fnt\n|faint|p2a: Diggersby\n|\n|-weather|SunnyDay|[upkeep]\n|upkeep\n|inactive|comp233 has 60 seconds left.\n|-message|comp233 forfeited.\n|\n|win|lrnz\n|l|\u2606comp233\n|raw|lrnz's rating: 1851 &rarr; <strong>1874<\/strong><br \/>(+23 for winning)\n|raw|comp233's rating: 1915 &rarr; <strong>1891<\/strong><br \/>(-24 for losing)\n","inputlog":">version 6714e14fc59dadd8d459f52b27c62cecdf9d07f8\n>start {\"formatid\":\"gen8randombattle\",\"seed\":[18246,49619,42943,57370],\"rated\":\"Rated battle\"}\n>player p1 {\"name\":\"lrnz\",\"avatar\":\"bugcatcher\",\"team\":\"\",\"rating\":1835,\"seed\":[45613,13137,18521,54481]}\n>player p2 {\"name\":\"comp233\",\"avatar\":\"115\",\"team\":\"\",\"rating\":1915,\"seed\":[41975,27904,578,26466]}\n>p1 move liquidation\n>p2 move psychic\n>p1 move liquidation\n>p2 switch 4\n>p1 switch 6\n>p2 move scald\n>p1 move volttackle\n>p2 move protect\n>p1 move volttackle\n>p2 switch 5\n>p1 move irontail\n>p2 move shadowsneak\n>p1 switch 4\n>p1 move nastyplot\n>p2 switch 5\n>p1 move solarbeam\n>p2 move wish\n>p1 move nastyplot\n>p2 move protect\n>p1 move nastyplot\n>p2 switch 5\n>p1 move fireblast\n>p2 switch 5\n>p1 move fireblast\n>p2 move protect\n>p1 move fireblast\n>p2 switch 4\n>p2 switch 4\n>p1 move solarbeam dynamax\n>p2 move scald\n>p2 switch 5\n>p1 move fireblast dynamax\n>p2 move shadowsneak\n>p2 switch 6\n>p1 move fireblast dynamax\n>p2 move recover\n>p2 switch 3\n>p1 move solarbeam\n>p2 move earthquake dynamax","uploadtime":1579072447,"views":0,"p1id":"lrnz","p2id":"comp233","formatid":"gen8randombattle","rating":1874,"private":0,"password":null}