{"id":"gen8ou-1665516174","p1":"himynametay","p2":"baigu3","format":"gen8ou","log":"|j|\u203dhimynametay\n|j|\u2606baigu3\n|t:|1663306919\n|gametype|singles\n|player|p1|himynametay|elesa-masters|1563\n|player|p2|baigu3|266|1634\n|teamsize|p1|6\n|teamsize|p2|6\n|gen|8\n|tier|[Gen 8] OU\n|rated|\n|rule|Sleep Clause Mod: Limit one foe put to sleep\n|rule|Species Clause: Limit one of each Pok\u00e9mon\n|rule|OHKO Clause: OHKO moves are banned\n|rule|Evasion Items Clause: Evasion items are banned\n|rule|Evasion Moves Clause: Evasion moves are banned\n|rule|Endless Battle Clause: Forcing endless battles is banned\n|rule|HP Percentage Mod: HP is shown in percentages\n|rule|Dynamax Clause: You cannot dynamax\n|clearpoke\n|poke|p1|Slowking-Galar, F|\n|poke|p1|Urshifu-*, M|\n|poke|p1|Garchomp, F|\n|poke|p1|Weavile, F|\n|poke|p1|Corviknight, M|\n|poke|p1|Rillaboom, F|\n|poke|p2|Pelipper, M|\n|poke|p2|Ferrothorn, F|\n|poke|p2|Zapdos|\n|poke|p2|Barraskewda, M|\n|poke|p2|Volcanion|\n|poke|p2|Seismitoad, F|\n|teampreview\n|inactive|Battle timer is ON: inactive players will automatically lose when time's up. (requested by baigu3)\n|\n|t:|1663306928\n|start\n|switch|p1a: Urshifu|Urshifu-Rapid-Strike, M|100\/100\n|switch|p2a: Pelipper|Pelipper, M|100\/100\n|-weather|RainDance|[from] ability: Drizzle|[of] p2a: Pelipper\n|turn|1\n|\n|t:|1663306933\n|switch|p2a: Zapdos|Zapdos|100\/100\n|move|p1a: Urshifu|Surging Strikes|p2a: Zapdos\n|-crit|p2a: Zapdos\n|-damage|p2a: Zapdos|67\/100\n|-crit|p2a: Zapdos\n|-damage|p2a: Zapdos|37\/100\n|-crit|p2a: Zapdos\n|-damage|p2a: Zapdos|2\/100\n|-hitcount|p2a: Zapdos|3\n|\n|-weather|RainDance|[upkeep]\n|upkeep\n|turn|2\n|\n|t:|1663306944\n|switch|p1a: Slowking|Slowking-Galar, F|100\/100\n|move|p2a: Zapdos|Hurricane|p1a: Slowking\n|-damage|p1a: Slowking|80\/100\n|-start|p1a: Slowking|confusion\n|\n|-weather|RainDance|[upkeep]\n|upkeep\n|turn|3\n|\n|t:|1663306951\n|move|p2a: Zapdos|Roost|p2a: Zapdos\n|-heal|p2a: Zapdos|52\/100\n|-singleturn|p2a: Zapdos|move: Roost\n|-activate|p1a: Slowking|confusion\n|-damage|p1a: Slowking|75\/100|[from] confusion\n|\n|-weather|RainDance|[upkeep]\n|upkeep\n|turn|4\n|\n|t:|1663306954\n|move|p2a: Zapdos|Roost|p2a: Zapdos\n|-heal|p2a: Zapdos|100\/100\n|-singleturn|p2a: Zapdos|move: Roost\n|-activate|p1a: Slowking|confusion\n|-damage|p1a: Slowking|69\/100|[from] confusion\n|\n|-weather|RainDance|[upkeep]\n|upkeep\n|turn|5\n|\n|t:|1663306958\n|switch|p2a: Volcanion|Volcanion|100\/100\n|-activate|p1a: Slowking|confusion\n|move|p1a: Slowking|Future Sight|p2a: Volcanion\n|-start|p1a: Slowking|move: Future Sight\n|\n|-weather|RainDance|[upkeep]\n|upkeep\n|turn|6\n|\n|t:|1663306963\n|move|p2a: Volcanion|Steam Eruption|p1a: Slowking|[miss]\n|-miss|p2a: Volcanion|p1a: Slowking\n|-end|p1a: Slowking|confusion\n|move|p1a: Slowking|Sludge Bomb|p2a: Volcanion\n|-damage|p2a: Volcanion|56\/100\n|-status|p2a: Volcanion|psn\n|\n|-weather|RainDance|[upkeep]\n|-damage|p2a: Volcanion|44\/100 psn|[from] psn\n|upkeep\n|turn|7\n|\n|t:|1663306967\n|move|p2a: Volcanion|Steam Eruption|p1a: Slowking\n|-crit|p1a: Slowking\n|-damage|p1a: Slowking|0 fnt\n|faint|p1a: Slowking\n|\n|-weather|RainDance|[upkeep]\n|-end|p2a: Volcanion|move: Future Sight\n|-damage|p2a: Volcanion|0 fnt\n|faint|p2a: Volcanion\n|upkeep\n|\n|t:|1663306976\n|switch|p2a: Barraskewda|Barraskewda, M, shiny|100\/100\n|switch|p1a: Weavile|Weavile, F|100\/100\n|-ability|p1a: Weavile|Pressure\n|turn|8\n|\n|t:|1663306979\n|switch|p1a: Corviknight|Corviknight, M|100\/100\n|-ability|p1a: Corviknight|Pressure\n|move|p2a: Barraskewda|Waterfall|p1a: Corviknight\n|-damage|p1a: Corviknight|40\/100\n|-damage|p2a: Barraskewda|84\/100|[from] item: Rocky Helmet|[of] p1a: Corviknight\n|\n|-weather|none\n|upkeep\n|turn|9\n|\n|t:|1663306987\n|move|p2a: Barraskewda|Waterfall|p1a: Corviknight\n|-damage|p1a: Corviknight|0 fnt\n|-damage|p2a: Barraskewda|68\/100|[from] item: Rocky Helmet|[of] p1a: Corviknight\n|faint|p1a: Corviknight\n|\n|upkeep\n|\n|t:|1663306994\n|switch|p1a: Urshifu|Urshifu-Rapid-Strike, M|100\/100\n|turn|10\n|\n|t:|1663306999\n|switch|p2a: Pelipper|Pelipper, M|100\/100\n|-weather|RainDance|[from] ability: Drizzle|[of] p2a: Pelipper\n|move|p1a: Urshifu|Surging Strikes|p2a: Pelipper\n|-resisted|p2a: Pelipper\n|-crit|p2a: Pelipper\n|-damage|p2a: Pelipper|83\/100\n|-resisted|p2a: Pelipper\n|-crit|p2a: Pelipper\n|-damage|p2a: Pelipper|65\/100\n|-resisted|p2a: Pelipper\n|-crit|p2a: Pelipper\n|-damage|p2a: Pelipper|49\/100\n|-hitcount|p2a: Pelipper|3\n|\n|-weather|RainDance|[upkeep]\n|upkeep\n|turn|11\n|\n|t:|1663307008\n|switch|p1a: Garchomp|Garchomp, F|100\/100\n|switch|p2a: Ferrothorn|Ferrothorn, F|100\/100\n|\n|-weather|RainDance|[upkeep]\n|upkeep\n|turn|12\n|\n|t:|1663307014\n|move|p1a: Garchomp|Stealth Rock|p2a: Ferrothorn\n|-sidestart|p2: baigu3|move: Stealth Rock\n|move|p2a: Ferrothorn|Stealth Rock|p1a: Garchomp\n|-sidestart|p1: himynametay|move: Stealth Rock\n|\n|-weather|RainDance|[upkeep]\n|upkeep\n|turn|13\n|\n|t:|1663307017\n|move|p2a: Ferrothorn|Spikes|p1a: Garchomp\n|-sidestart|p1: himynametay|Spikes\n|move|p1a: Garchomp|Dragon Tail|p2a: Ferrothorn\n|-resisted|p2a: Ferrothorn\n|-damage|p2a: Ferrothorn|90\/100\n|-damage|p1a: Garchomp|88\/100|[from] ability: Iron Barbs|[of] p2a: Ferrothorn\n|drag|p2a: Zapdos|Zapdos|100\/100\n|\n|-weather|RainDance|[upkeep]\n|-heal|p1a: Garchomp|94\/100|[from] item: Leftovers\n|upkeep\n|turn|14\n|\n|t:|1663307019\n|move|p1a: Garchomp|Toxic|p2a: Zapdos\n|-status|p2a: Zapdos|tox\n|move|p2a: Zapdos|U-turn|p1a: Garchomp\n|-damage|p1a: Garchomp|81\/100\n|-damage|p2a: Zapdos|88\/100 tox|[from] ability: Rough Skin|[of] p1a: Garchomp\n|\n|t:|1663307022\n|switch|p2a: Barraskewda|Barraskewda, M, shiny|68\/100|[from]move: U-turn\n|-damage|p2a: Barraskewda|56\/100|[from] Stealth Rock\n|\n|-weather|RainDance|[upkeep]\n|-heal|p1a: Garchomp|87\/100|[from] item: Leftovers\n|upkeep\n|turn|15\n|\n|t:|1663307025\n|move|p2a: Barraskewda|Waterfall|p1a: Garchomp\n|-damage|p1a: Garchomp|2\/100\n|-damage|p2a: Barraskewda|43\/100|[from] ability: Rough Skin|[of] p1a: Garchomp\n|move|p1a: Garchomp|Earthquake|p2a: Barraskewda\n|-damage|p2a: Barraskewda|0 fnt\n|faint|p2a: Barraskewda\n|\n|-weather|RainDance|[upkeep]\n|-heal|p1a: Garchomp|8\/100|[from] item: Leftovers\n|upkeep\n|\n|t:|1663307029\n|switch|p2a: Seismitoad|Seismitoad, F|100\/100\n|-damage|p2a: Seismitoad|94\/100|[from] Stealth Rock\n|turn|16\n|\n|t:|1663307036\n|move|p2a: Seismitoad|Ice Punch|p1a: Garchomp\n|-supereffective|p1a: Garchomp\n|-damage|p1a: Garchomp|0 fnt\n|-damage|p2a: Seismitoad|82\/100|[from] ability: Rough Skin|[of] p1a: Garchomp\n|faint|p1a: Garchomp\n|-damage|p2a: Seismitoad|72\/100|[from] item: Life Orb\n|\n|-weather|RainDance|[upkeep]\n|upkeep\n|\n|t:|1663307040\n|switch|p1a: Urshifu|Urshifu-Rapid-Strike, M|100\/100\n|-damage|p1a: Urshifu|94\/100|[from] Stealth Rock\n|-damage|p1a: Urshifu|82\/100|[from] Spikes\n|turn|17\n|\n|t:|1663307051\n|move|p2a: Seismitoad|Power Whip|p1a: Urshifu\n|-supereffective|p1a: Urshifu\n|-damage|p1a: Urshifu|0 fnt\n|faint|p1a: Urshifu\n|-damage|p2a: Seismitoad|62\/100|[from] item: Life Orb\n|\n|-weather|none\n|upkeep\n|\n|t:|1663307054\n|switch|p1a: Rillaboom|Rillaboom, F|100\/100\n|-damage|p1a: Rillaboom|88\/100|[from] Stealth Rock\n|-damage|p1a: Rillaboom|76\/100|[from] Spikes\n|-fieldstart|move: Grassy Terrain|[from] ability: Grassy Surge|[of] p1a: Rillaboom\n|turn|18\n|\n|t:|1663307059\n|switch|p2a: Zapdos|Zapdos|88\/100 tox\n|move|p1a: Rillaboom|Swords Dance|p1a: Rillaboom\n|-boost|p1a: Rillaboom|atk|2\n|\n|-heal|p1a: Rillaboom|82\/100|[from] Grassy Terrain\n|-heal|p1a: Rillaboom|88\/100|[from] item: Leftovers\n|-damage|p2a: Zapdos|82\/100 tox|[from] psn\n|upkeep\n|turn|19\n|\n|t:|1663307068\n|switch|p2a: Pelipper|Pelipper, M|49\/100\n|-damage|p2a: Pelipper|24\/100|[from] Stealth Rock\n|-weather|RainDance|[from] ability: Drizzle|[of] p2a: Pelipper\n|move|p1a: Rillaboom|Knock Off|p2a: Pelipper\n|-damage|p2a: Pelipper|0 fnt\n|-enditem|p2a: Pelipper|Damp Rock|[from] move: Knock Off|[of] p1a: Rillaboom\n|faint|p2a: Pelipper\n|\n|-weather|RainDance|[upkeep]\n|-heal|p1a: Rillaboom|94\/100|[from] Grassy Terrain\n|-heal|p1a: Rillaboom|99\/100|[from] item: Leftovers\n|upkeep\n|\n|t:|1663307070\n|switch|p2a: Zapdos|Zapdos|82\/100 tox\n|turn|20\n|\n|t:|1663307076\n|switch|p1a: Weavile|Weavile, F|100\/100\n|-ability|p1a: Weavile|Pressure\n|move|p2a: Zapdos|Hurricane|p1a: Weavile\n|-damage|p1a: Weavile|39\/100\n|-start|p1a: Weavile|confusion\n|\n|-weather|RainDance|[upkeep]\n|-heal|p1a: Weavile|45\/100|[from] Grassy Terrain\n|-damage|p2a: Zapdos|75\/100 tox|[from] psn\n|upkeep\n|turn|21\n|\n|t:|1663307079\n|switch|p2a: Ferrothorn|Ferrothorn, F|90\/100\n|-damage|p2a: Ferrothorn|84\/100|[from] Stealth Rock\n|-activate|p1a: Weavile|confusion\n|-damage|p1a: Weavile|21\/100|[from] confusion\n|\n|-weather|RainDance|[upkeep]\n|-heal|p1a: Weavile|28\/100|[from] Grassy Terrain\n|-heal|p2a: Ferrothorn|90\/100|[from] Grassy Terrain\n|-heal|p2a: Ferrothorn|97\/100|[from] item: Leftovers\n|upkeep\n|turn|22\n|\n|t:|1663307094\n|-activate|p1a: Weavile|confusion\n|-damage|p1a: Weavile|6\/100|[from] confusion\n|move|p2a: Ferrothorn|Gyro Ball|p1a: Weavile\n|-supereffective|p1a: Weavile\n|-damage|p1a: Weavile|0 fnt\n|faint|p1a: Weavile\n|\n|-weather|RainDance|[upkeep]\n|-heal|p2a: Ferrothorn|100\/100|[from] Grassy Terrain\n|-fieldend|move: Grassy Terrain\n|upkeep\n|\n|t:|1663307099\n|switch|p1a: Rillaboom|Rillaboom, F|99\/100\n|-damage|p1a: Rillaboom|88\/100|[from] Stealth Rock\n|-damage|p1a: Rillaboom|75\/100|[from] Spikes\n|-fieldstart|move: Grassy Terrain|[from] ability: Grassy Surge|[of] p1a: Rillaboom\n|turn|23\n|\n|t:|1663307101\n|switch|p2a: Zapdos|Zapdos|75\/100 tox\n|move|p1a: Rillaboom|Swords Dance|p1a: Rillaboom\n|-boost|p1a: Rillaboom|atk|2\n|\n|-weather|RainDance|[upkeep]\n|-heal|p1a: Rillaboom|81\/100|[from] Grassy Terrain\n|-heal|p1a: Rillaboom|87\/100|[from] item: Leftovers\n|-damage|p2a: Zapdos|69\/100 tox|[from] psn\n|upkeep\n|turn|24\n|\n|t:|1663307104\n|move|p2a: Zapdos|Hurricane|p1a: Rillaboom\n|-supereffective|p1a: Rillaboom\n|-damage|p1a: Rillaboom|0 fnt\n|faint|p1a: Rillaboom\n|\n|win|baigu3\n|raw|himynametay's rating: 1586 &rarr; <strong>1569<\/strong><br \/>(-17 for losing)\n|raw|baigu3's rating: 1634 &rarr; <strong>1651<\/strong><br \/>(+17 for winning)\n","uploadtime":1663307107,"views":7,"p1id":"himynametay","p2id":"baigu3","formatid":"gen8ou","rating":1569,"private":0,"password":null}