{"id":"gen8ou-1681680096","p1":"Free Wifi Hotspot","p2":"minimax_ai","format":"gen8ou","log":"|j|\u2606Free Wifi Hotspot\n|j|\u2606minimax_ai\n|t:|1665341746\n|gametype|singles\n|player|p1|Free Wifi Hotspot|101|1634\n|player|p2|minimax_ai|lusamine-nihilego|1640\n|teamsize|p1|6\n|teamsize|p2|6\n|gen|8\n|tier|[Gen 8] OU\n|rated|\n|rule|Sleep Clause Mod: Limit one foe put to sleep\n|rule|Species Clause: Limit one of each Pok\u00e9mon\n|rule|OHKO Clause: OHKO moves are banned\n|rule|Evasion Items Clause: Evasion items are banned\n|rule|Evasion Moves Clause: Evasion moves are banned\n|rule|Endless Battle Clause: Forcing endless battles is banned\n|rule|HP Percentage Mod: HP is shown in percentages\n|rule|Dynamax Clause: You cannot dynamax\n|clearpoke\n|poke|p1|Slowking-Galar, M|\n|poke|p1|Keldeo-Resolute|\n|poke|p1|Weavile, F|\n|poke|p1|Garchomp, M|\n|poke|p1|Rillaboom, F|\n|poke|p1|Blacephalon|\n|poke|p2|Rotom-Wash|\n|poke|p2|Weavile, F|\n|poke|p2|Landorus-Therian, M|\n|poke|p2|Heatran, M|\n|poke|p2|Tangrowth, M|\n|poke|p2|Melmetal|\n|teampreview\n|inactive|Battle timer is ON: inactive players will automatically lose when time's up. (requested by Free Wifi Hotspot)\n|c|\u2606minimax_ai|hf\n|inactive|minimax_ai also wants the timer to be on.\n|\n|t:|1665341752\n|start\n|switch|p1a: Keldeo|Keldeo-Resolute|100\/100\n|switch|p2a: Melmetal|Melmetal|100\/100\n|turn|1\n|\n|t:|1665341758\n|move|p1a: Keldeo|Secret Sword|p2a: Melmetal\n|-supereffective|p2a: Melmetal\n|-damage|p2a: Melmetal|21\/100\n|move|p2a: Melmetal|Thunder Punch|p1a: Keldeo\n|-supereffective|p1a: Keldeo\n|-damage|p1a: Keldeo|24\/100\n|\n|upkeep\n|turn|2\n|\n|t:|1665341763\n|switch|p2a: landorustherian|Landorus-Therian, M|100\/100\n|-ability|p2a: landorustherian|Intimidate|boost\n|-unboost|p1a: Keldeo|atk|1\n|move|p1a: Keldeo|Secret Sword|p2a: landorustherian\n|-resisted|p2a: landorustherian\n|-damage|p2a: landorustherian|71\/100\n|\n|-heal|p2a: landorustherian|77\/100|[from] item: Leftovers\n|upkeep\n|turn|3\n|\n|t:|1665341766\n|switch|p1a: Garchomp|Garchomp, M|100\/100\n|move|p2a: landorustherian|Toxic|p1a: Garchomp\n|-status|p1a: Garchomp|tox\n|\n|-heal|p2a: landorustherian|83\/100|[from] item: Leftovers\n|-damage|p1a: Garchomp|94\/100 tox|[from] psn\n|upkeep\n|turn|4\n|\n|t:|1665341768\n|move|p1a: Garchomp|Stealth Rock|p2a: landorustherian\n|-sidestart|p2: minimax_ai|move: Stealth Rock\n|move|p2a: landorustherian|Earthquake|p1a: Garchomp\n|-damage|p1a: Garchomp|66\/100 tox\n|\n|-heal|p2a: landorustherian|89\/100|[from] item: Leftovers\n|-damage|p1a: Garchomp|54\/100 tox|[from] psn\n|upkeep\n|turn|5\n|\n|t:|1665341771\n|move|p1a: Garchomp|Toxic|p2a: landorustherian\n|-status|p2a: landorustherian|tox\n|move|p2a: landorustherian|Defog|p1a: Garchomp\n|-unboost|p1a: Garchomp|evasion|1\n|-sideend|p2: minimax_ai|Stealth Rock|[from] move: Defog|[of] p2a: landorustherian\n|\n|-heal|p2a: landorustherian|95\/100 tox|[from] item: Leftovers\n|-damage|p1a: Garchomp|35\/100 tox|[from] psn\n|-damage|p2a: landorustherian|89\/100 tox|[from] psn\n|upkeep\n|turn|6\n|\n|t:|1665341774\n|move|p1a: Garchomp|Stealth Rock|p2a: landorustherian\n|-sidestart|p2: minimax_ai|move: Stealth Rock\n|move|p2a: landorustherian|U-turn|p1a: Garchomp\n|-damage|p1a: Garchomp|21\/100 tox\n|-damage|p2a: landorustherian|76\/100 tox|[from] ability: Rough Skin|[of] p1a: Garchomp\n|-damage|p2a: landorustherian|60\/100 tox|[from] item: Rocky Helmet|[of] p1a: Garchomp\n|\n|t:|1665341774\n|switch|p2a: Weavile|Weavile, F|100\/100|[from]move: U-turn\n|-damage|p2a: Weavile|76\/100|[from] Stealth Rock\n|-ability|p2a: Weavile|Pressure\n|\n|-damage|p1a: Garchomp|0 fnt|[from] psn\n|faint|p1a: Garchomp\n|upkeep\n|\n|t:|1665341782\n|switch|p1a: Blacephalon|Blacephalon|100\/100\n|turn|7\n|j| Serena Propaganda\n|\n|t:|1665341786\n|switch|p2a: Melmetal|Melmetal|21\/100\n|-damage|p2a: Melmetal|15\/100|[from] Stealth Rock\n|move|p1a: Blacephalon|Shadow Ball|p2a: Melmetal\n|-damage|p2a: Melmetal|0 fnt\n|faint|p2a: Melmetal\n|-ability|p1a: Blacephalon|Beast Boost|boost\n|-boost|p1a: Blacephalon|spa|1\n|\n|upkeep\n|\n|t:|1665341786\n|switch|p2a: Weavile|Weavile, F|76\/100\n|-damage|p2a: Weavile|51\/100|[from] Stealth Rock\n|-ability|p2a: Weavile|Pressure\n|turn|8\n|\n|t:|1665341790\n|switch|p1a: Keldeo|Keldeo-Resolute|24\/100\n|move|p2a: Weavile|Knock Off|p1a: Keldeo\n|-resisted|p1a: Keldeo\n|-damage|p1a: Keldeo|0 fnt\n|-enditem|p1a: Keldeo|Choice Specs|[from] move: Knock Off|[of] p2a: Weavile\n|faint|p1a: Keldeo\n|\n|upkeep\n|\n|t:|1665341808\n|switch|p1a: Weavile|Weavile, F|100\/100\n|-ability|p1a: Weavile|Pressure\n|turn|9\n|\n|t:|1665341809\n|move|p1a: Weavile|Swords Dance|p1a: Weavile\n|-boost|p1a: Weavile|atk|2\n|move|p2a: Weavile|Knock Off|p1a: Weavile\n|-resisted|p1a: Weavile\n|-damage|p1a: Weavile|43\/100\n|-enditem|p1a: Weavile|Heavy-Duty Boots|[from] move: Knock Off|[of] p2a: Weavile\n|\n|upkeep\n|turn|10\n|\n|t:|1665341817\n|move|p2a: Weavile|Knock Off|p1a: Weavile\n|-resisted|p1a: Weavile\n|-damage|p1a: Weavile|0 fnt\n|faint|p1a: Weavile\n|\n|upkeep\n|j| JoeyIreland11\n|\n|t:|1665341823\n|switch|p1a: Rillaboom|Rillaboom, F|100\/100\n|-fieldstart|move: Grassy Terrain|[from] ability: Grassy Surge|[of] p1a: Rillaboom\n|turn|11\n|\n|t:|1665341824\n|switch|p2a: Tangrowth|Tangrowth, M|100\/100\n|-damage|p2a: Tangrowth|88\/100|[from] Stealth Rock\n|move|p1a: Rillaboom|Grassy Glide|p2a: Tangrowth\n|-resisted|p2a: Tangrowth\n|-damage|p2a: Tangrowth|71\/100\n|-damage|p1a: Rillaboom|84\/100|[from] item: Rocky Helmet|[of] p2a: Tangrowth\n|-damage|p1a: Rillaboom|74\/100|[from] item: Life Orb\n|\n|-heal|p1a: Rillaboom|80\/100|[from] Grassy Terrain\n|-heal|p2a: Tangrowth|77\/100|[from] Grassy Terrain\n|upkeep\n|turn|12\n|\n|t:|1665341829\n|switch|p1a: Slowking|Slowking-Galar, M|100\/100\n|move|p2a: Tangrowth|Knock Off|p1a: Slowking\n|-supereffective|p1a: Slowking\n|-crit|p1a: Slowking\n|-damage|p1a: Slowking|33\/100\n|-enditem|p1a: Slowking|Assault Vest|[from] move: Knock Off|[of] p2a: Tangrowth\n|\n|-heal|p2a: Tangrowth|83\/100|[from] Grassy Terrain\n|-heal|p1a: Slowking|40\/100|[from] Grassy Terrain\n|upkeep\n|turn|13\n|\n|t:|1665341831\n|switch|p2a: Heatran|Heatran, M|100\/100\n|-damage|p2a: Heatran|88\/100|[from] Stealth Rock\n|-item|p2a: Heatran|Air Balloon\n|move|p1a: Slowking|Sludge Bomb|p2a: Heatran\n|-immune|p2a: Heatran\n|\n|-heal|p1a: Slowking|46\/100|[from] Grassy Terrain\n|upkeep\n|turn|14\n|\n|t:|1665341833\n|move|p2a: Heatran|Eruption|p1a: Slowking\n|-damage|p1a: Slowking|0 fnt\n|faint|p1a: Slowking\n|\n|upkeep\n|\n|t:|1665341842\n|switch|p1a: Blacephalon|Blacephalon|100\/100\n|turn|15\n|\n|t:|1665341844\n|move|p1a: Blacephalon|Shadow Ball|p2a: Heatran\n|-damage|p2a: Heatran|41\/100\n|-enditem|p2a: Heatran|Air Balloon\n|move|p2a: Heatran|Earth Power|p1a: Blacephalon\n|-supereffective|p1a: Blacephalon\n|-damage|p1a: Blacephalon|4\/100\n|\n|-heal|p1a: Blacephalon|10\/100|[from] Grassy Terrain\n|-heal|p2a: Heatran|47\/100|[from] Grassy Terrain\n|-fieldend|move: Grassy Terrain\n|upkeep\n|turn|16\n|\n|t:|1665341852\n|switch|p2a: Tangrowth|Tangrowth, M|100\/100\n|-damage|p2a: Tangrowth|88\/100|[from] Stealth Rock\n|move|p1a: Blacephalon|Shadow Ball|p2a: Tangrowth\n|-damage|p2a: Tangrowth|23\/100\n|\n|upkeep\n|turn|17\n|\n|t:|1665341858\n|switch|p2a: rotomwash|Rotom-Wash|100\/100\n|-damage|p2a: rotomwash|88\/100|[from] Stealth Rock\n|move|p1a: Blacephalon|Shadow Ball|p2a: rotomwash\n|-damage|p2a: rotomwash|40\/100\n|\n|-heal|p2a: rotomwash|47\/100|[from] item: Leftovers\n|upkeep\n|turn|18\n|\n|t:|1665341864\n|switch|p2a: landorustherian|Landorus-Therian, M|60\/100 tox\n|-damage|p2a: landorustherian|47\/100 tox|[from] Stealth Rock\n|-ability|p2a: landorustherian|Intimidate|boost\n|-unboost|p1a: Blacephalon|atk|1\n|move|p1a: Blacephalon|Shadow Ball|p2a: landorustherian\n|-damage|p2a: landorustherian|12\/100 tox\n|\n|-heal|p2a: landorustherian|18\/100 tox|[from] item: Leftovers\n|-damage|p2a: landorustherian|12\/100 tox|[from] psn\n|upkeep\n|turn|19\n|\n|t:|1665341870\n|move|p1a: Blacephalon|Shadow Ball|p2a: landorustherian\n|-damage|p2a: landorustherian|0 fnt\n|faint|p2a: landorustherian\n|-ability|p1a: Blacephalon|Beast Boost|boost\n|-boost|p1a: Blacephalon|spa|1\n|\n|upkeep\n|\n|t:|1665341870\n|switch|p2a: Weavile|Weavile, F|51\/100\n|-damage|p2a: Weavile|26\/100|[from] Stealth Rock\n|-ability|p2a: Weavile|Pressure\n|turn|20\n|\n|t:|1665341878\n|move|p2a: Weavile|Ice Shard|p1a: Blacephalon\n|-resisted|p1a: Blacephalon\n|-damage|p1a: Blacephalon|0 fnt\n|faint|p1a: Blacephalon\n|\n|upkeep\n|\n|t:|1665341880\n|switch|p1a: Rillaboom|Rillaboom, F|80\/100\n|-fieldstart|move: Grassy Terrain|[from] ability: Grassy Surge|[of] p1a: Rillaboom\n|turn|21\n|\n|t:|1665341887\n|move|p2a: Weavile|Ice Shard|p1a: Rillaboom\n|-supereffective|p1a: Rillaboom\n|-damage|p1a: Rillaboom|13\/100\n|move|p1a: Rillaboom|Knock Off|p2a: Weavile\n|-resisted|p2a: Weavile\n|-damage|p2a: Weavile|0 fnt\n|-enditem|p2a: Weavile|Choice Band|[from] move: Knock Off|[of] p1a: Rillaboom\n|faint|p2a: Weavile\n|-damage|p1a: Rillaboom|3\/100|[from] item: Life Orb\n|\n|-heal|p1a: Rillaboom|10\/100|[from] Grassy Terrain\n|upkeep\n|\n|t:|1665341887\n|switch|p2a: Heatran|Heatran, M|47\/100\n|-damage|p2a: Heatran|35\/100|[from] Stealth Rock\n|turn|22\n|\n|t:|1665341893\n|move|p2a: Heatran|Eruption|p1a: Rillaboom\n|-supereffective|p1a: Rillaboom\n|-damage|p1a: Rillaboom|0 fnt\n|faint|p1a: Rillaboom\n|\n|win|minimax_ai\n|raw|Free Wifi Hotspot's rating: 1634 &rarr; <strong>1614<\/strong><br \/>(-20 for losing)\n|raw|minimax_ai's rating: 1640 &rarr; <strong>1660<\/strong><br \/>(+20 for winning)\n|c|\u2606minimax_ai|gg\n","uploadtime":1665341895,"views":8,"p1id":"freewifihotspot","p2id":"minimaxai","formatid":"gen8ou","rating":1614,"private":0,"password":null}