{"id":"gen8ou-1661308649","p1":"shyiin","p2":"Not Sarcasm","format":"gen8ou","log":"|j|\u2606shyiin\n|j|\u2606Not Sarcasm\n|t:|1662865044\n|gametype|singles\n|player|p1|shyiin|lillie-z|1665\n|player|p2|Not Sarcasm|170|1746\n|teamsize|p1|6\n|teamsize|p2|6\n|gen|8\n|tier|[Gen 8] OU\n|rated|\n|rule|Sleep Clause Mod: Limit one foe put to sleep\n|rule|Species Clause: Limit one of each Pok\u00e9mon\n|rule|OHKO Clause: OHKO moves are banned\n|rule|Evasion Items Clause: Evasion items are banned\n|rule|Evasion Moves Clause: Evasion moves are banned\n|rule|Endless Battle Clause: Forcing endless battles is banned\n|rule|HP Percentage Mod: HP is shown in percentages\n|rule|Dynamax Clause: You cannot dynamax\n|clearpoke\n|poke|p1|Urshifu-*, F|\n|poke|p1|Heatran, M|\n|poke|p1|Rotom-Wash|\n|poke|p1|Landorus-Therian, M|\n|poke|p1|Tapu Lele|\n|poke|p1|Kartana|\n|poke|p2|Pelipper, M|\n|poke|p2|Seismitoad, F|\n|poke|p2|Zapdos|\n|poke|p2|Ferrothorn, F|\n|poke|p2|Barraskewda, M|\n|poke|p2|Crawdaunt, F|\n|teampreview\n|inactive|Battle timer is ON: inactive players will automatically lose when time's up. (requested by Not Sarcasm)\n|\n|t:|1662865057\n|start\n|switch|p1a: Rotom|Rotom-Wash, shiny|100\/100\n|switch|p2a: Let's in the rain|Pelipper, M|100\/100\n|-weather|RainDance|[from] ability: Drizzle|[of] p2a: Let's in the rain\n|turn|1\n|\n|t:|1662865066\n|switch|p2a: Zapdos|Zapdos|100\/100\n|move|p1a: Rotom|Hydro Pump|p2a: Zapdos\n|-damage|p2a: Zapdos|32\/100\n|\n|-weather|RainDance|[upkeep]\n|upkeep\n|turn|2\n|inactive|shyiin has 120 seconds left.\n|\n|t:|1662865116\n|switch|p1a: Heatran|Heatran, M|100\/100\n|-item|p1a: Heatran|Air Balloon\n|move|p2a: Zapdos|Thunder|p1a: Heatran\n|-damage|p1a: Heatran|41\/100\n|-enditem|p1a: Heatran|Air Balloon\n|\n|-weather|RainDance|[upkeep]\n|upkeep\n|turn|3\n|\n|t:|1662865124\n|move|p2a: Zapdos|Thunder|p1a: Heatran\n|-damage|p1a: Heatran|0 fnt\n|faint|p1a: Heatran\n|\n|-weather|RainDance|[upkeep]\n|upkeep\n|\n|t:|1662865130\n|switch|p1a: Tapu Lele|Tapu Lele|100\/100\n|-fieldstart|move: Psychic Terrain|[from] ability: Psychic Surge|[of] p1a: Tapu Lele\n|turn|4\n|\n|t:|1662865135\n|switch|p2a: Ferrothorn|Ferrothorn, F|100\/100\n|move|p1a: Tapu Lele|Moonblast|p2a: Ferrothorn\n|-resisted|p2a: Ferrothorn\n|-damage|p2a: Ferrothorn|79\/100\n|\n|-weather|RainDance|[upkeep]\n|-heal|p2a: Ferrothorn|85\/100|[from] item: Leftovers\n|upkeep\n|turn|5\n|\n|t:|1662865143\n|switch|p1a: Urshifu|Urshifu-Rapid-Strike, F|100\/100\n|move|p2a: Ferrothorn|Stealth Rock|p1a: Urshifu\n|-sidestart|p1: shyiin|move: Stealth Rock\n|\n|-weather|RainDance|[upkeep]\n|-heal|p2a: Ferrothorn|91\/100|[from] item: Leftovers\n|upkeep\n|turn|6\n|\n|t:|1662865151\n|move|p1a: Urshifu|Close Combat|p2a: Ferrothorn\n|-supereffective|p2a: Ferrothorn\n|-damage|p2a: Ferrothorn|0 fnt\n|-unboost|p1a: Urshifu|def|1\n|-unboost|p1a: Urshifu|spd|1\n|-damage|p1a: Urshifu|88\/100|[from] ability: Iron Barbs|[of] p2a: Ferrothorn\n|faint|p2a: Ferrothorn\n|\n|-weather|RainDance|[upkeep]\n|upkeep\n|\n|t:|1662865159\n|switch|p2a: Barraskewda|Barraskewda, M|100\/100\n|turn|7\n|\n|t:|1662865163\n|switch|p1a: Landorus|Landorus-Therian, M|100\/100\n|-damage|p1a: Landorus|88\/100|[from] Stealth Rock\n|-ability|p1a: Landorus|Intimidate|boost\n|-unboost|p2a: Barraskewda|atk|1\n|move|p2a: Barraskewda|Liquidation|p1a: Landorus\n|-supereffective|p1a: Landorus\n|-damage|p1a: Landorus|0 fnt\n|faint|p1a: Landorus\n|\n|-weather|RainDance|[upkeep]\n|upkeep\n|\n|t:|1662865180\n|switch|p1a: Kartana|Kartana, shiny|100\/100\n|-damage|p1a: Kartana|94\/100|[from] Stealth Rock\n|turn|8\n|\n|t:|1662865186\n|switch|p2a: Zapdos|Zapdos|32\/100\n|move|p1a: Kartana|Leaf Blade|p2a: Zapdos\n|-resisted|p2a: Zapdos\n|-crit|p2a: Zapdos\n|-damage|p2a: Zapdos|0 fnt\n|faint|p2a: Zapdos\n|-ability|p1a: Kartana|Beast Boost|boost\n|-boost|p1a: Kartana|atk|1\n|\n|-weather|none\n|-fieldend|move: Psychic Terrain\n|upkeep\n|\n|t:|1662865195\n|switch|p2a: Let's in the rain|Pelipper, M|100\/100\n|-weather|RainDance|[from] ability: Drizzle|[of] p2a: Let's in the rain\n|turn|9\n|\n|t:|1662865202\n|move|p1a: Kartana|Leaf Blade|p2a: Let's in the rain\n|-damage|p2a: Let's in the rain|5\/100\n|move|p2a: Let's in the rain|U-turn|p1a: Kartana\n|-damage|p1a: Kartana|85\/100\n|\n|t:|1662865207\n|switch|p2a: Seismitoad|Seismitoad, F|100\/100|[from]move: U-turn\n|\n|-weather|RainDance|[upkeep]\n|upkeep\n|turn|10\n|\n|t:|1662865214\n|switch|p1a: Rotom|Rotom-Wash, shiny|100\/100\n|-damage|p1a: Rotom|88\/100|[from] Stealth Rock\n|move|p2a: Seismitoad|Weather Ball|p1a: Rotom\n|-resisted|p1a: Rotom\n|-damage|p1a: Rotom|58\/100\n|-damage|p2a: Seismitoad|91\/100|[from] item: Life Orb\n|\n|-weather|RainDance|[upkeep]\n|-heal|p1a: Rotom|64\/100|[from] item: Leftovers\n|upkeep\n|turn|11\n|j| BabyPigsAreLaughin\n|\n|t:|1662865230\n|move|p2a: Seismitoad|Weather Ball|p1a: Rotom\n|-resisted|p1a: Rotom\n|-damage|p1a: Rotom|31\/100\n|-damage|p2a: Seismitoad|81\/100|[from] item: Life Orb\n|move|p1a: Rotom|Pain Split|p2a: Seismitoad\n|-sethp|p2a: Seismitoad|54\/100|[from] move: Pain Split|[silent]\n|-sethp|p1a: Rotom|62\/100|[from] move: Pain Split\n|\n|-weather|RainDance|[upkeep]\n|-heal|p1a: Rotom|68\/100|[from] item: Leftovers\n|upkeep\n|turn|12\n|\n|t:|1662865239\n|move|p2a: Seismitoad|Weather Ball|p1a: Rotom\n|-resisted|p1a: Rotom\n|-damage|p1a: Rotom|37\/100\n|-damage|p2a: Seismitoad|44\/100|[from] item: Life Orb\n|move|p1a: Rotom|Hydro Pump|p2a: Seismitoad\n|-damage|p2a: Seismitoad|0 fnt\n|faint|p2a: Seismitoad\n|\n|-weather|RainDance|[upkeep]\n|-heal|p1a: Rotom|43\/100|[from] item: Leftovers\n|upkeep\n|\n|t:|1662865250\n|switch|p2a: Barraskewda|Barraskewda, M|100\/100\n|turn|13\n|\n|t:|1662865256\n|move|p2a: Barraskewda|Flip Turn|p1a: Rotom\n|-resisted|p1a: Rotom\n|-damage|p1a: Rotom|4\/100\n|\n|t:|1662865258\n|switch|p2a: Crawdaunt|Crawdaunt, F|100\/100|[from]move: Flip Turn\n|move|p1a: Rotom|Volt Switch|p2a: Crawdaunt\n|-supereffective|p2a: Crawdaunt\n|-damage|p2a: Crawdaunt|0 fnt\n|faint|p2a: Crawdaunt\n|\n|t:|1662865281\n|switch|p1a: Kartana|Kartana, shiny|85\/100|[from]move: Volt Switch\n|-damage|p1a: Kartana|79\/100|[from] Stealth Rock\n|\n|-weather|RainDance|[upkeep]\n|upkeep\n|\n|t:|1662865287\n|switch|p2a: Barraskewda|Barraskewda, M|100\/100\n|turn|14\n|\n|t:|1662865289\n|switch|p1a: Rotom|Rotom-Wash, shiny|4\/100\n|-damage|p1a: Rotom|0 fnt|[from] Stealth Rock\n|faint|p1a: Rotom\n|move|p2a: Barraskewda|Close Combat|p1: Rotom|[notarget]\n|-fail|p2a: Barraskewda\n|\n|-weather|RainDance|[upkeep]\n|upkeep\n|\n|t:|1662865292\n|switch|p1a: Tapu Lele|Tapu Lele|100\/100\n|-damage|p1a: Tapu Lele|88\/100|[from] Stealth Rock\n|-fieldstart|move: Psychic Terrain|[from] ability: Psychic Surge|[of] p1a: Tapu Lele\n|turn|15\n|-message|Not Sarcasm forfeited.\n|\n|win|shyiin\n|raw|shyiin's rating: 1665 &rarr; <strong>1690<\/strong><br \/>(+25 for winning)\n|raw|Not Sarcasm's rating: 1746 &rarr; <strong>1721<\/strong><br \/>(-25 for losing)\n|l|\u2606Not Sarcasm\n|c|\u2606shyiin|ggs\n","uploadtime":1662865309,"views":13,"p1id":"shyiin","p2id":"notsarcasm","formatid":"gen8ou","rating":1690,"private":0,"password":null}