{"id":"gen8nationaldex-1560568773","p1":"Pks who dis","p2":"cump7","format":"gen8nationaldex","log":"|j|\u2606Pks who dis\n|j|\u2606cump7\n|t:|1650837759\n|gametype|singles\n|player|p1|Pks who dis|crasherwake|1642\n|player|p2|cump7|102|1611\n|teamsize|p1|6\n|teamsize|p2|6\n|gen|8\n|tier|[Gen 8] National Dex\n|rated|\n|rule|HP Percentage Mod: HP is shown in percentages\n|rule|Endless Battle Clause: Forcing endless battles is banned\n|rule|OHKO Clause: OHKO moves are banned\n|rule|Evasion Moves Clause: Evasion moves are banned\n|rule|Species Clause: Limit one of each Pok\u00e9mon\n|rule|Dynamax Clause: You cannot dynamax\n|rule|Sleep Clause Mod: Limit one foe put to sleep\n|clearpoke\n|poke|p1|Greninja, M|\n|poke|p1|Tapu Fini|\n|poke|p1|Landorus-Therian, M|\n|poke|p1|Garchomp, M|\n|poke|p1|Zapdos|\n|poke|p1|Mawile, F|\n|poke|p2|Landorus-Therian, M|\n|poke|p2|Ferrothorn, F|\n|poke|p2|Tapu Fini|\n|poke|p2|Magnezone|\n|poke|p2|Latias, F|\n|poke|p2|Kartana|\n|teampreview\n|\n|t:|1650837774\n|start\n|switch|p1a: Greninja|Greninja, M|100\/100\n|switch|p2a: Landorus|Landorus-Therian, M|100\/100\n|-ability|p2a: Landorus|Intimidate|boost\n|-unboost|p1a: Greninja|atk|1\n|turn|1\n|\n|t:|1650837782\n|switch|p1a: Zapdos|Zapdos, shiny|100\/100\n|switch|p2a: Tapu Fini|Tapu Fini, shiny|100\/100\n|-fieldstart|move: Misty Terrain|[from] ability: Misty Surge|[of] p2a: Tapu Fini\n|\n|upkeep\n|turn|2\n|\n|t:|1650837790\n|switch|p2a: Latias|Latias, F|100\/100\n|move|p1a: Zapdos|Hurricane|p2a: Latias\n|-damage|p2a: Latias|62\/100\n|-start|p2a: Latias|confusion\n|\n|upkeep\n|turn|3\n|\n|t:|1650837799\n|-activate|p2a: Latias|confusion\n|move|p2a: Latias|Calm Mind|p2a: Latias\n|-boost|p2a: Latias|spa|1\n|-boost|p2a: Latias|spd|1\n|move|p1a: Zapdos|Discharge|p2a: Latias\n|-resisted|p2a: Latias\n|-damage|p2a: Latias|53\/100\n|\n|upkeep\n|turn|4\n|\n|t:|1650837811\n|switch|p1a: Tapu Fini|Tapu Fini, shiny|100\/100\n|detailschange|p2a: Latias|Latias-Mega, F\n|-mega|p2a: Latias|Latias|Latiasite\n|-end|p2a: Latias|confusion\n|move|p2a: Latias|Recover|p2a: Latias\n|-heal|p2a: Latias|100\/100\n|\n|upkeep\n|turn|5\n|\n|t:|1650837820\n|move|p2a: Latias|Calm Mind|p2a: Latias\n|-boost|p2a: Latias|spa|1\n|-boost|p2a: Latias|spd|1\n|move|p1a: Tapu Fini|Taunt|p2a: Latias\n|-start|p2a: Latias|move: Taunt\n|\n|-fieldend|Misty Terrain\n|upkeep\n|turn|6\n|\n|t:|1650837829\n|switch|p2a: Tapu Fini|Tapu Fini, shiny|100\/100\n|-fieldstart|move: Misty Terrain|[from] ability: Misty Surge|[of] p2a: Tapu Fini\n|move|p1a: Tapu Fini|Whirlpool|p2a: Tapu Fini\n|-resisted|p2a: Tapu Fini\n|-damage|p2a: Tapu Fini|96\/100\n|-activate|p2a: Tapu Fini|move: Whirlpool|[of] p1a: Tapu Fini\n|\n|-heal|p2a: Tapu Fini|100\/100|[from] item: Leftovers\n|-damage|p2a: Tapu Fini|88\/100|[from] move: Whirlpool|[partiallytrapped]\n|upkeep\n|turn|7\n|\n|t:|1650837842\n|move|p2a: Tapu Fini|Moonblast|p1a: Tapu Fini\n|-damage|p1a: Tapu Fini|78\/100\n|-unboost|p1a: Tapu Fini|spa|1\n|move|p1a: Tapu Fini|Taunt|p2a: Tapu Fini\n|-start|p2a: Tapu Fini|move: Taunt\n|\n|-heal|p2a: Tapu Fini|94\/100|[from] item: Leftovers\n|-heal|p1a: Tapu Fini|85\/100|[from] item: Leftovers\n|-damage|p2a: Tapu Fini|82\/100|[from] move: Whirlpool|[partiallytrapped]\n|upkeep\n|turn|8\n|\n|t:|1650837854\n|move|p2a: Tapu Fini|Moonblast|p1a: Tapu Fini\n|-damage|p1a: Tapu Fini|63\/100\n|move|p1a: Tapu Fini|Nature's Madness|p2a: Tapu Fini\n|-damage|p2a: Tapu Fini|41\/100\n|\n|-heal|p2a: Tapu Fini|47\/100|[from] item: Leftovers\n|-heal|p1a: Tapu Fini|70\/100|[from] item: Leftovers\n|-damage|p2a: Tapu Fini|35\/100|[from] move: Whirlpool|[partiallytrapped]\n|upkeep\n|turn|9\n|\n|t:|1650837866\n|move|p2a: Tapu Fini|Moonblast|p1a: Tapu Fini\n|-damage|p1a: Tapu Fini|48\/100\n|move|p1a: Tapu Fini|Nature's Madness|p2a: Tapu Fini\n|-damage|p2a: Tapu Fini|18\/100\n|\n|-heal|p2a: Tapu Fini|24\/100|[from] item: Leftovers\n|-heal|p1a: Tapu Fini|54\/100|[from] item: Leftovers\n|-damage|p2a: Tapu Fini|12\/100|[from] move: Whirlpool|[partiallytrapped]\n|upkeep\n|turn|10\n|\n|t:|1650837877\n|move|p2a: Tapu Fini|Moonblast|p1a: Tapu Fini\n|-damage|p1a: Tapu Fini|33\/100\n|move|p1a: Tapu Fini|Moonblast|p2a: Tapu Fini\n|-damage|p2a: Tapu Fini|0 fnt\n|faint|p2a: Tapu Fini\n|\n|-heal|p1a: Tapu Fini|39\/100|[from] item: Leftovers\n|-fieldend|Misty Terrain\n|upkeep\n|\n|t:|1650837886\n|switch|p2a: Magnezone|Magnezone, shiny|100\/100\n|turn|11\n|\n|t:|1650837890\n|switch|p1a: Zapdos|Zapdos, shiny|100\/100\n|move|p2a: Magnezone|Flash Cannon|p1a: Zapdos\n|-resisted|p1a: Zapdos\n|-damage|p1a: Zapdos|64\/100\n|\n|upkeep\n|turn|12\n|\n|t:|1650837898\n|switch|p2a: Ferrothorn|Ferrothorn, F|100\/100\n|move|p1a: Zapdos|Roost|p1a: Zapdos\n|-heal|p1a: Zapdos|100\/100\n|-singleturn|p1a: Zapdos|move: Roost\n|\n|upkeep\n|turn|13\n|\n|t:|1650837909\n|move|p1a: Zapdos|Hurricane|p2a: Ferrothorn\n|-damage|p2a: Ferrothorn|56\/100\n|move|p2a: Ferrothorn|Leech Seed|p1a: Zapdos\n|-start|p1a: Zapdos|move: Leech Seed\n|\n|-heal|p2a: Ferrothorn|62\/100|[from] item: Leftovers\n|-damage|p1a: Zapdos|88\/100|[from] Leech Seed|[of] p2a: Ferrothorn\n|-heal|p2a: Ferrothorn|75\/100|[silent]\n|upkeep\n|turn|14\n|\n|t:|1650837926\n|switch|p1a: Mawile|Mawile, F|100\/100\n|-ability|p1a: Mawile|Intimidate|boost\n|-unboost|p2a: Ferrothorn|atk|1\n|switch|p2a: Latias|Latias-Mega, F|100\/100\n|\n|upkeep\n|turn|15\n|\n|t:|1650837934\n|switch|p2a: Landorus|Landorus-Therian, M|100\/100\n|-ability|p2a: Landorus|Intimidate|boost\n|-unboost|p1a: Mawile|atk|1\n|detailschange|p1a: Mawile|Mawile-Mega, F\n|-mega|p1a: Mawile|Mawile|Mawilite\n|move|p1a: Mawile|Swords Dance|p1a: Mawile\n|-boost|p1a: Mawile|atk|2\n|\n|upkeep\n|turn|16\n|\n|t:|1650837945\n|switch|p1a: Zapdos|Zapdos, shiny|88\/100\n|move|p2a: Landorus|Earthquake|p1a: Zapdos\n|-immune|p1a: Zapdos\n|\n|upkeep\n|turn|17\n|\n|t:|1650837953\n|move|p2a: Landorus|Swords Dance|p2a: Landorus\n|-boost|p2a: Landorus|atk|2\n|move|p1a: Zapdos|Hurricane|p2a: Landorus\n|-damage|p2a: Landorus|38\/100\n|-start|p2a: Landorus|confusion\n|\n|upkeep\n|turn|18\n|\n|t:|1650837967\n|switch|p1a: Landorus|Landorus-Therian, M, shiny|100\/100\n|-ability|p1a: Landorus|Intimidate|boost\n|-unboost|p2a: Landorus|atk|1\n|-activate|p2a: Landorus|confusion\n|-zpower|p2a: Landorus\n|move|p2a: Landorus|Supersonic Skystrike|p1a: Landorus|[zeffect]\n|-damage|p1a: Landorus|0 fnt\n|faint|p1a: Landorus\n|\n|upkeep\n|\n|t:|1650837981\n|switch|p1a: Garchomp|Garchomp, M, shiny|100\/100\n|turn|19\n|\n|t:|1650837990\n|switch|p2a: Ferrothorn|Ferrothorn, F|75\/100\n|move|p1a: Garchomp|Swords Dance|p1a: Garchomp\n|-boost|p1a: Garchomp|atk|2\n|\n|-heal|p2a: Ferrothorn|82\/100|[from] item: Leftovers\n|upkeep\n|turn|20\n|\n|t:|1650837999\n|move|p1a: Garchomp|Earthquake|p2a: Ferrothorn\n|-damage|p2a: Ferrothorn|24\/100\n|move|p2a: Ferrothorn|Leech Seed|p1a: Garchomp\n|-start|p1a: Garchomp|move: Leech Seed\n|\n|-heal|p2a: Ferrothorn|30\/100|[from] item: Leftovers\n|-damage|p1a: Garchomp|88\/100|[from] Leech Seed|[of] p2a: Ferrothorn\n|-heal|p2a: Ferrothorn|42\/100|[silent]\n|upkeep\n|turn|21\n|\n|t:|1650838010\n|switch|p2a: Landorus|Landorus-Therian, M|38\/100\n|-ability|p2a: Landorus|Intimidate|boost\n|-unboost|p1a: Garchomp|atk|1\n|-zpower|p1a: Garchomp\n|move|p1a: Garchomp|Continental Crush|p2a: Landorus|[zeffect]\n|-damage|p2a: Landorus|0 fnt\n|faint|p2a: Landorus\n|\n|upkeep\n|\n|t:|1650838015\n|switch|p2a: Latias|Latias-Mega, F|100\/100\n|turn|22\n|\n|t:|1650838025\n|move|p2a: Latias|Calm Mind|p2a: Latias\n|-boost|p2a: Latias|spa|1\n|-boost|p2a: Latias|spd|1\n|move|p1a: Garchomp|Scale Shot|p2a: Latias\n|-supereffective|p2a: Latias\n|-damage|p2a: Latias|69\/100\n|-supereffective|p2a: Latias\n|-damage|p2a: Latias|36\/100\n|-hitcount|p2a: Latias|2\n|-unboost|p1a: Garchomp|def|1\n|-boost|p1a: Garchomp|spe|1\n|\n|-damage|p1a: Garchomp|76\/100|[from] Leech Seed|[of] p2a: Latias\n|-heal|p2a: Latias|48\/100|[silent]\n|upkeep\n|turn|23\n|-message|cump7 forfeited.\n|\n|win|Pks who dis\n|raw|Pks who dis's rating: 1642 &rarr; <strong>1660<\/strong><br \/>(+18 for winning)\n|raw|cump7's rating: 1611 &rarr; <strong>1593<\/strong><br \/>(-18 for losing)\n|l|\u2606cump7\n||Ladder isn't responding, score probably updated but might not have (Request timeout).\n","uploadtime":1650838046,"views":12,"p1id":"pkswhodis","p2id":"cump7","formatid":"gen8nationaldex","rating":1593,"private":0,"password":null}