{"id":"gen8ou-1695319874","p1":"superrouchuan","p2":"minimax_ai","format":"gen8ou","log":"|html|<div class=\"broadcast-blue\"><strong>[Gen 8] OU is currently suspecting Melmetal! For information on how to participate check out the <a href=\"https:\/\/www.smogon.com\/forums\/threads\/np-ss-ou-suspect-process-round-12-monster-mash.3709234\/\">suspect thread<\/a>.<\/strong><\/div>\n|j|\u2606superrouchuan\n|j|\u2606minimax_ai\n|t:|1666791602\n|gametype|singles\n|player|p1|superrouchuan|clown|1587\n|player|p2|minimax_ai|266|1582\n|teamsize|p1|6\n|teamsize|p2|6\n|gen|8\n|tier|[Gen 8] OU\n|rated|\n|rule|Sleep Clause Mod: Limit one foe put to sleep\n|rule|Species Clause: Limit one of each Pok\u00e9mon\n|rule|OHKO Clause: OHKO moves are banned\n|rule|Evasion Items Clause: Evasion items are banned\n|rule|Evasion Moves Clause: Evasion moves are banned\n|rule|Endless Battle Clause: Forcing endless battles is banned\n|rule|HP Percentage Mod: HP is shown in percentages\n|rule|Dynamax Clause: You cannot dynamax\n|clearpoke\n|poke|p1|Snorlax, M|\n|poke|p1|Tapu Lele|\n|poke|p1|Tyranitar, F|\n|poke|p1|Zapdos|\n|poke|p1|Garchomp, F|\n|poke|p1|Buzzwole|\n|poke|p2|Rotom-Wash|\n|poke|p2|Weavile, M|\n|poke|p2|Landorus-Therian, M|\n|poke|p2|Heatran, M|\n|poke|p2|Tangrowth, F|\n|poke|p2|Melmetal|\n|teampreview\n|j| ackjh38\n|c|\u2606minimax_ai|hf\n|inactive|Battle timer is ON: inactive players will automatically lose when time's up. (requested by minimax_ai)\n|\n|t:|1666791608\n|start\n|switch|p1a: \u868a\u7237|Buzzwole|100\/100\n|switch|p2a: landorustherian|Landorus-Therian, M|100\/100\n|-ability|p2a: landorustherian|Intimidate|boost\n|-unboost|p1a: \u868a\u7237|atk|1\n|turn|1\n|\n|t:|1666791610\n|switch|p2a: Tangrowth|Tangrowth, F|100\/100\n|move|p1a: \u868a\u7237|Ice Punch|p2a: Tangrowth\n|-supereffective|p2a: Tangrowth\n|-damage|p2a: Tangrowth|83\/100\n|-damage|p1a: \u868a\u7237|84\/100|[from] item: Rocky Helmet|[of] p2a: Tangrowth\n|\n|upkeep\n|turn|2\n|\n|t:|1666791619\n|switch|p1a: \u7838\u5657\u591a\u65af|Zapdos, shiny|100\/100\n|move|p2a: Tangrowth|Giga Drain|p1a: \u7838\u5657\u591a\u65af\n|-resisted|p1a: \u7838\u5657\u591a\u65af\n|-damage|p1a: \u7838\u5657\u591a\u65af|84\/100\n|-heal|p2a: Tangrowth|89\/100|[from] drain|[of] p1a: \u7838\u5657\u591a\u65af\n|\n|upkeep\n|turn|3\n|\n|t:|1666791631\n|switch|p2a: landorustherian|Landorus-Therian, M|100\/100\n|-ability|p2a: landorustherian|Intimidate|boost\n|-unboost|p1a: \u7838\u5657\u591a\u65af|atk|1\n|move|p1a: \u7838\u5657\u591a\u65af|Hurricane|p2a: landorustherian\n|-damage|p2a: landorustherian|28\/100\n|-start|p2a: landorustherian|confusion\n|\n|-heal|p2a: landorustherian|34\/100|[from] item: Leftovers\n|upkeep\n|turn|4\n|\n|t:|1666791647\n|switch|p2a: Melmetal|Melmetal|100\/100\n|move|p1a: \u7838\u5657\u591a\u65af|Hurricane|p2a: Melmetal|[miss]\n|-miss|p1a: \u7838\u5657\u591a\u65af|p2a: Melmetal\n|\n|upkeep\n|turn|5\n|\n|t:|1666791655\n|switch|p1a: \u868a\u7237|Buzzwole|84\/100\n|move|p2a: Melmetal|Ice Punch|p1a: \u868a\u7237\n|-damage|p1a: \u868a\u7237|60\/100\n|\n|upkeep\n|turn|6\n|\n|t:|1666791662\n|move|p1a: \u868a\u7237|Close Combat|p2a: Melmetal\n|-supereffective|p2a: Melmetal\n|-damage|p2a: Melmetal|19\/100\n|-unboost|p1a: \u868a\u7237|def|1\n|-unboost|p1a: \u868a\u7237|spd|1\n|move|p2a: Melmetal|Double Iron Bash|p1a: \u868a\u7237\n|-damage|p1a: \u868a\u7237|16\/100\n|-damage|p1a: \u868a\u7237|0 fnt\n|faint|p1a: \u868a\u7237\n|-hitcount|p1: \u868a\u7237|2\n|\n|upkeep\n|\n|t:|1666791673\n|switch|p1a: \u7838\u5657\u591a\u65af|Zapdos, shiny|84\/100\n|turn|7\n|\n|t:|1666791679\n|switch|p2a: rotomwash|Rotom-Wash|100\/100\n|move|p1a: \u7838\u5657\u591a\u65af|Heat Wave|p2a: rotomwash\n|-resisted|p2a: rotomwash\n|-damage|p2a: rotomwash|72\/100\n|\n|-heal|p2a: rotomwash|78\/100|[from] item: Leftovers\n|upkeep\n|turn|8\n|\n|t:|1666791687\n|switch|p1a: \u8001\u73ed|Tyranitar, F, shiny|100\/100\n|-weather|Sandstorm|[from] ability: Sand Stream|[of] p1a: \u8001\u73ed\n|move|p2a: rotomwash|Nasty Plot|p2a: rotomwash\n|-boost|p2a: rotomwash|spa|2\n|\n|-weather|Sandstorm|[upkeep]\n|-damage|p2a: rotomwash|72\/100|[from] Sandstorm\n|-heal|p2a: rotomwash|78\/100|[from] item: Leftovers\n|upkeep\n|turn|9\n|\n|t:|1666791690\n|move|p2a: rotomwash|Hydro Pump|p1a: \u8001\u73ed\n|-supereffective|p1a: \u8001\u73ed\n|-damage|p1a: \u8001\u73ed|10\/100\n|move|p1a: \u8001\u73ed|Stealth Rock|p2a: rotomwash\n|-sidestart|p2: minimax_ai|move: Stealth Rock\n|\n|-weather|Sandstorm|[upkeep]\n|-damage|p2a: rotomwash|72\/100|[from] Sandstorm\n|-heal|p2a: rotomwash|78\/100|[from] item: Leftovers\n|-heal|p1a: \u8001\u73ed|16\/100|[from] item: Leftovers\n|upkeep\n|turn|10\n|\n|t:|1666791696\n|move|p2a: rotomwash|Hydro Pump|p1a: \u8001\u73ed\n|-supereffective|p1a: \u8001\u73ed\n|-damage|p1a: \u8001\u73ed|0 fnt\n|faint|p1a: \u8001\u73ed\n|\n|-weather|Sandstorm|[upkeep]\n|-damage|p2a: rotomwash|72\/100|[from] Sandstorm\n|-heal|p2a: rotomwash|78\/100|[from] item: Leftovers\n|upkeep\n|\n|t:|1666791699\n|switch|p1a: \u7838\u5657\u591a\u65af|Zapdos, shiny|84\/100\n|turn|11\n|\n|t:|1666791726\n|move|p1a: \u7838\u5657\u591a\u65af|Hurricane|p2a: rotomwash\n|-resisted|p2a: rotomwash\n|-damage|p2a: rotomwash|26\/100\n|move|p2a: rotomwash|Hydro Pump|p1a: \u7838\u5657\u591a\u65af\n|-damage|p1a: \u7838\u5657\u591a\u65af|0 fnt\n|faint|p1a: \u7838\u5657\u591a\u65af\n|\n|-weather|Sandstorm|[upkeep]\n|-damage|p2a: rotomwash|20\/100|[from] Sandstorm\n|-heal|p2a: rotomwash|26\/100|[from] item: Leftovers\n|upkeep\n|-message|superrouchuan forfeited.\n|\n|win|minimax_ai\n|raw|superrouchuan's rating: 1587 &rarr; <strong>1567<\/strong><br \/>(-20 for losing)\n|raw|minimax_ai's rating: 1582 &rarr; <strong>1602<\/strong><br \/>(+20 for winning)\n|c|\u2606minimax_ai|gg\n|l|\u2606superrouchuan\n","uploadtime":1666791731,"views":5,"p1id":"superrouchuan","p2id":"minimaxai","formatid":"gen8ou","rating":1567,"private":0,"password":null}