{"id":"gen8ou-1443101924","p1":"Not Sarcasm","p2":"777true777","format":"gen8ou","log":"|j|\u2606Not Sarcasm\n|j|\u2606777true777\n|t:|1635301246\n|gametype|singles\n|player|p1|Not Sarcasm|170|1785\n|player|p2|777true777|twins-gen4|1812\n|teamsize|p1|6\n|teamsize|p2|6\n|gen|8\n|tier|[Gen 8] OU\n|rated|\n|rule|Sleep Clause Mod: Limit one foe put to sleep\n|rule|Species Clause: Limit one of each Pok\u00e9mon\n|rule|OHKO Clause: OHKO moves are banned\n|rule|Evasion Moves Clause: Evasion moves are banned\n|rule|Endless Battle Clause: Forcing endless battles is banned\n|rule|HP Percentage Mod: HP is shown in percentages\n|rule|Dynamax Clause: You cannot dynamax\n|clearpoke\n|poke|p1|Weavile, M|\n|poke|p1|Blacephalon|\n|poke|p1|Ferrothorn, F|\n|poke|p1|Landorus-Therian, M|\n|poke|p1|Heatran, M|\n|poke|p1|Dragapult, F|\n|poke|p2|Silvally-*|\n|poke|p2|Tapu Bulu|\n|poke|p2|Heatran, M|\n|poke|p2|Urshifu-*, M|\n|poke|p2|Nidoking, M|\n|poke|p2|Corviknight, M|\n|teampreview\n|inactive|Battle timer is ON: inactive players will automatically lose when time's up. (requested by Not Sarcasm)\n|j| TheShadowSin\n|\n|t:|1635301259\n|start\n|switch|p1a: Dragapult|Dragapult, F|100\/100\n|switch|p2a: Urshifu|Urshifu-Rapid-Strike, M|100\/100\n|turn|1\n|l| TheShadowSin\n|\n|t:|1635301266\n|switch|p2a: Tapu Bulu|Tapu Bulu|100\/100\n|-fieldstart|move: Grassy Terrain|[from] ability: Grassy Surge|[of] p2a: Tapu Bulu\n|move|p1a: Dragapult|U-turn|p2a: Tapu Bulu\n|-damage|p2a: Tapu Bulu|70\/100\n|\n|t:|1635301271\n|switch|p1a: Blacephalon|Blacephalon|100\/100|[from]move: U-turn\n|\n|-heal|p2a: Tapu Bulu|76\/100|[from] Grassy Terrain\n|-heal|p2a: Tapu Bulu|82\/100|[from] item: Leftovers\n|upkeep\n|turn|2\n|c|\u2606777true777|So much banded lately\n|\n|t:|1635301281\n|move|p2a: Tapu Bulu|Protect|p2a: Tapu Bulu\n|-singleturn|p2a: Tapu Bulu|Protect\n|move|p1a: Blacephalon|Shadow Ball|p2a: Tapu Bulu\n|-activate|p2a: Tapu Bulu|move: Protect\n|\n|-heal|p2a: Tapu Bulu|88\/100|[from] Grassy Terrain\n|-heal|p2a: Tapu Bulu|94\/100|[from] item: Leftovers\n|upkeep\n|turn|3\n|\n|t:|1635301288\n|move|p1a: Blacephalon|Shadow Ball|p2a: Tapu Bulu\n|-damage|p2a: Tapu Bulu|37\/100\n|move|p2a: Tapu Bulu|Toxic|p1a: Blacephalon\n|-status|p1a: Blacephalon|tox\n|\n|-heal|p2a: Tapu Bulu|43\/100|[from] Grassy Terrain\n|-heal|p2a: Tapu Bulu|49\/100|[from] item: Leftovers\n|-damage|p1a: Blacephalon|94\/100 tox|[from] psn\n|upkeep\n|turn|4\n|\n|t:|1635301298\n|switch|p1a: Weavile|Weavile, M|100\/100\n|-ability|p1a: Weavile|Pressure\n|move|p2a: Tapu Bulu|Protect||[still]\n|-fail|p2a: Tapu Bulu\n|\n|-heal|p2a: Tapu Bulu|55\/100|[from] Grassy Terrain\n|-heal|p2a: Tapu Bulu|61\/100|[from] item: Leftovers\n|upkeep\n|turn|5\n|\n|t:|1635301306\n|move|p2a: Tapu Bulu|Protect|p2a: Tapu Bulu\n|-singleturn|p2a: Tapu Bulu|Protect\n|move|p1a: Weavile|Swords Dance|p1a: Weavile\n|-boost|p1a: Weavile|atk|2\n|\n|-heal|p2a: Tapu Bulu|67\/100|[from] Grassy Terrain\n|-heal|p2a: Tapu Bulu|73\/100|[from] item: Leftovers\n|-fieldend|move: Grassy Terrain\n|upkeep\n|turn|6\n|\n|t:|1635301315\n|switch|p2a: Silvally|Silvally-Electric|100\/100\n|move|p1a: Weavile|Knock Off|p2a: Silvally\n|-damage|p2a: Silvally|33\/100\n|\n|upkeep\n|turn|7\n|\n|t:|1635301320\n|move|p1a: Weavile|Knock Off|p2a: Silvally\n|-damage|p2a: Silvally|0 fnt\n|faint|p2a: Silvally\n|\n|upkeep\n|\n|t:|1635301326\n|switch|p2a: Urshifu|Urshifu-Rapid-Strike, M|100\/100\n|turn|8\n|\n|t:|1635301329\n|move|p1a: Weavile|Triple Axel|p2a: Urshifu\n|-resisted|p2a: Urshifu\n|-damage|p2a: Urshifu|91\/100\n|-resisted|p2a: Urshifu\n|-damage|p2a: Urshifu|72\/100\n|-resisted|p2a: Urshifu\n|-damage|p2a: Urshifu|45\/100\n|-hitcount|p2a: Urshifu|3\n|move|p2a: Urshifu|U-turn|p1a: Weavile\n|-supereffective|p1a: Weavile\n|-damage|p1a: Weavile|0 fnt\n|faint|p1a: Weavile\n|\n|t:|1635301337\n|switch|p2a: Tapu Bulu|Tapu Bulu|73\/100|[from]move: U-turn\n|-fieldstart|move: Grassy Terrain|[from] ability: Grassy Surge|[of] p2a: Tapu Bulu\n|\n|-heal|p2a: Tapu Bulu|80\/100|[from] Grassy Terrain\n|-heal|p2a: Tapu Bulu|86\/100|[from] item: Leftovers\n|upkeep\n|\n|t:|1635301351\n|switch|p1a: Ferrothorn|Ferrothorn, F|100\/100\n|turn|9\n|\n|t:|1635301357\n|switch|p2a: Nidoking|Nidoking, M|100\/100\n|move|p1a: Ferrothorn|Spikes|p2a: Nidoking\n|-sidestart|p2: 777true777|Spikes\n|\n|upkeep\n|turn|10\n|\n|t:|1635301365\n|switch|p1a: Chaos|Heatran, M, shiny|100\/100\n|-item|p1a: Chaos|Air Balloon\n|move|p2a: Nidoking|Stealth Rock|p1a: Chaos\n|-sidestart|p1: Not Sarcasm|move: Stealth Rock\n|\n|upkeep\n|turn|11\n|inactive|Not Sarcasm has 120 seconds left.\n|\n|t:|1635301400\n|switch|p1a: Blacephalon|Blacephalon|94\/100 tox\n|-damage|p1a: Blacephalon|70\/100 tox|[from] Stealth Rock\n|move|p2a: Nidoking|Ice Beam|p1a: Blacephalon\n|-resisted|p1a: Blacephalon\n|-damage|p1a: Blacephalon|37\/100 tox\n|\n|-heal|p1a: Blacephalon|43\/100 tox|[from] Grassy Terrain\n|-damage|p1a: Blacephalon|37\/100 tox|[from] psn\n|upkeep\n|turn|12\n|inactive|Not Sarcasm has 120 seconds left.\n|\n|t:|1635301409\n|switch|p2a: Heatran|Heatran, M|100\/100\n|-damage|p2a: Heatran|88\/100|[from] Spikes\n|move|p1a: Blacephalon|Shadow Ball|p2a: Heatran\n|-damage|p2a: Heatran|44\/100\n|\n|-heal|p1a: Blacephalon|43\/100 tox|[from] Grassy Terrain\n|-heal|p2a: Heatran|50\/100|[from] Grassy Terrain\n|-heal|p2a: Heatran|57\/100|[from] item: Leftovers\n|-damage|p1a: Blacephalon|30\/100 tox|[from] psn\n|-fieldend|move: Grassy Terrain\n|upkeep\n|turn|13\n|inactive|Not Sarcasm has 120 seconds left.\n|\n|t:|1635301421\n|move|p1a: Blacephalon|Shadow Ball|p2a: Heatran\n|-damage|p2a: Heatran|15\/100\n|move|p2a: Heatran|Heavy Slam|p1a: Blacephalon\n|-resisted|p1a: Blacephalon\n|-damage|p1a: Blacephalon|0 fnt\n|faint|p1a: Blacephalon\n|\n|-heal|p2a: Heatran|21\/100|[from] item: Leftovers\n|upkeep\n|inactive|Not Sarcasm has 120 seconds left.\n|\n|t:|1635301431\n|switch|p1a: Enten|Landorus-Therian, M, shiny|100\/100\n|-damage|p1a: Enten|88\/100|[from] Stealth Rock\n|-ability|p1a: Enten|Intimidate|boost\n|-unboost|p2a: Heatran|atk|1\n|turn|14\n|inactive|Not Sarcasm has 120 seconds left.\n|\n|t:|1635301444\n|switch|p2a: Corviknight|Corviknight, M|100\/100\n|-ability|p2a: Corviknight|Pressure\n|move|p1a: Enten|Earthquake|p2a: Corviknight\n|-immune|p2a: Corviknight\n|\n|upkeep\n|turn|15\n|j| Wiimicks\n|j| asbadaba\n|\n|t:|1635301457\n|switch|p1a: Ferrothorn|Ferrothorn, F|100\/100\n|-damage|p1a: Ferrothorn|94\/100|[from] Stealth Rock\n|move|p2a: Corviknight|U-turn|p1a: Ferrothorn\n|-damage|p1a: Ferrothorn|85\/100\n|-damage|p2a: Corviknight|88\/100|[from] ability: Iron Barbs|[of] p1a: Ferrothorn\n|\n|t:|1635301469\n|switch|p2a: Nidoking|Nidoking, M|100\/100|[from]move: U-turn\n|-damage|p2a: Nidoking|88\/100|[from] Spikes\n|\n|-heal|p1a: Ferrothorn|91\/100|[from] item: Leftovers\n|upkeep\n|turn|16\n|\n|t:|1635301477\n|move|p2a: Nidoking|Flamethrower|p1a: Ferrothorn\n|-supereffective|p1a: Ferrothorn\n|-damage|p1a: Ferrothorn|0 fnt\n|faint|p1a: Ferrothorn\n|\n|upkeep\n|\n|t:|1635301483\n|switch|p1a: Enten|Landorus-Therian, M, shiny|88\/100\n|-damage|p1a: Enten|76\/100|[from] Stealth Rock\n|-ability|p1a: Enten|Intimidate|boost\n|-unboost|p2a: Nidoking|atk|1\n|turn|17\n|\n|t:|1635301487\n|move|p1a: Enten|Earthquake|p2a: Nidoking\n|-supereffective|p2a: Nidoking\n|-damage|p2a: Nidoking|0 fnt\n|faint|p2a: Nidoking\n|\n|upkeep\n|j| DA COME UP\n|\n|t:|1635301493\n|switch|p2a: Urshifu|Urshifu-Rapid-Strike, M|45\/100\n|-damage|p2a: Urshifu|32\/100|[from] Spikes\n|turn|18\n|\n|t:|1635301496\n|move|p1a: Enten|Earthquake|p2a: Urshifu\n|-damage|p2a: Urshifu|0 fnt\n|faint|p2a: Urshifu\n|\n|upkeep\n|\n|t:|1635301504\n|switch|p2a: Corviknight|Corviknight, M|88\/100\n|-ability|p2a: Corviknight|Pressure\n|turn|19\n|c|\u2606777true777|Why is that shit scarfed?\n|j| Scale Shit\n|inactive|777true777 has 120 seconds left.\n|-message|777true777 forfeited.\n|\n|win|Not Sarcasm\n|raw|Not Sarcasm's rating: 1785 &rarr; <strong>1807<\/strong><br \/>(+22 for winning)\n|raw|777true777's rating: 1812 &rarr; <strong>1790<\/strong><br \/>(-22 for losing)\n|c|\u2606Not Sarcasm|idk maybe because it's my only scarf?\n|l|\u2606777true777\n|l|\u2606Not Sarcasm\n","uploadtime":1635301632,"views":13,"p1id":"notsarcasm","p2id":"777true777","formatid":"gen8ou","rating":1790,"private":0,"password":null}