{"id":"gen8nationaldexag-1157075723","p1":"BugCatcherWeevil","p2":"Tullstoy","format":"gen8nationaldexag","log":"|j|\u2606BugCatcherWeevil\n|j|\u2606Tullstoy\n|t:|1595620663\n|player|p1|BugCatcherWeevil|7|\n|player|p2|Tullstoy|volkner|\n|teamsize|p1|6\n|teamsize|p2|6\n|gametype|singles\n|gen|8\n|tier|[Gen 8] National Dex AG\n|clearpoke\n|poke|p1|Abomasnow, M|\n|poke|p1|Tornadus-Therian, M|\n|poke|p1|Garchomp, F|\n|poke|p1|Silvally-*|\n|poke|p1|Victini|\n|poke|p1|Primarina, M|\n|poke|p2|Heliolisk, F|\n|poke|p2|Pelipper, F|\n|poke|p2|Swampert, M|\n|poke|p2|Scolipede, F|\n|poke|p2|Whimsicott, F|\n|poke|p2|Mawile, M|\n|rule|HP Percentage Mod: HP is shown in percentages\n|rule|Endless Battle Clause: Forcing endless battles is banned\n|teampreview\n|c|\u2606BugCatcherWeevil|gl hf!\n|c|\u2606Tullstoy|GL dude!\n|j| Aligax\n|j| Truetryhard\n|\n|t:|1595620828\n|start\n|switch|p1a: Victini|Victini|100\/100\n|switch|p2a: Mawile|Mawile, M, shiny|100\/100\n|-ability|p2a: Mawile|Intimidate|boost\n|-unboost|p1a: Victini|atk|1\n|turn|1\n|j| YesNinja\n|j| The Lucky Luxray's\n|j| TwatManPrime\n|\n|t:|1595620870\n|move|p1a: Victini|Blue Flare|p2a: Mawile\n|-supereffective|p2a: Mawile\n|-damage|p2a: Mawile|0 fnt\n|faint|p2a: Mawile\n|\n|upkeep\n|j| CZ~Admin Flo\n|\n|t:|1595620888\n|switch|p2a: Cottonwee|Whimsicott, F, shiny|100\/100\n|turn|2\n|\n|t:|1595620925\n|move|p2a: Cottonwee|Stun Spore|p1a: Victini|[miss]\n|-miss|p2a: Cottonwee|p1a: Victini\n|move|p1a: Victini|Blue Flare|p2a: Cottonwee\n|-supereffective|p2a: Cottonwee\n|-enditem|p2a: Cottonwee|Focus Sash\n|-damage|p2a: Cottonwee|1\/100\n|\n|upkeep\n|turn|3\n|c|\u2606BugCatcherWeevil|damn\n|c|\u2606BugCatcherWeevil|im so sorry\n|c| The Lucky Luxray's|oof\n|c|\u2606Tullstoy|My own fault. Debated on the wide lens in team building and opted not to\n|\n|t:|1595620950\n|switch|p1a: Abomasnow|Abomasnow, M|100\/100\n|switch|p2a: Bill|Pelipper, F, shiny|100\/100\n|-weather|RainDance|[from] ability: Drizzle|[of] p2a: Bill\n|\n|-weather|RainDance|[upkeep]\n|upkeep\n|turn|4\n|n| Flowerpowered|czadminflo\n|\n|t:|1595620964\n|detailschange|p1a: Abomasnow|Abomasnow-Mega, M\n|-mega|p1a: Abomasnow|Abomasnow|Abomasite\n|-weather|Hail|[from] ability: Snow Warning|[of] p1a: Abomasnow\n|move|p1a: Abomasnow|Protect|p1a: Abomasnow\n|-singleturn|p1a: Abomasnow|Protect\n|move|p2a: Bill|U-turn|p1a: Abomasnow\n|-activate|p1a: Abomasnow|move: Protect\n|\n|-weather|Hail|[upkeep]\n|-damage|p2a: Bill|94\/100|[from] Hail\n|upkeep\n|turn|5\n|\n|t:|1595620993\n|move|p2a: Bill|U-turn|p1a: Abomasnow\n|-supereffective|p1a: Abomasnow\n|-damage|p1a: Abomasnow|86\/100\n|\n|t:|1595621021\n|switch|p2a: Rolipede|Scolipede, F, shiny|100\/100|[from]move: U-turn\n|move|p1a: Abomasnow|Blizzard|p2a: Rolipede\n|-damage|p2a: Rolipede|4\/100\n|\n|-weather|Hail|[upkeep]\n|-damage|p2a: Rolipede|0 fnt|[from] Hail\n|faint|p2a: Rolipede\n|upkeep\n|\n|t:|1595621057\n|switch|p2a: Bill|Pelipper, F, shiny|94\/100\n|-weather|RainDance|[from] ability: Drizzle|[of] p2a: Bill\n|turn|6\n|\n|t:|1595621075\n|switch|p1a: Primarina|Primarina, M|100\/100\n|move|p2a: Bill|Knock Off|p1a: Primarina\n|-resisted|p1a: Primarina\n|-damage|p1a: Primarina|94\/100\n|-enditem|p1a: Primarina|Leftovers|[from] move: Knock Off|[of] p2a: Bill\n|\n|-weather|RainDance|[upkeep]\n|upkeep\n|turn|7\n|\n|t:|1595621089\n|switch|p2a: Cottonwee|Whimsicott, F, shiny|1\/100\n|move|p1a: Primarina|Moonblast|p2a: Cottonwee\n|-damage|p2a: Cottonwee|0 fnt\n|faint|p2a: Cottonwee\n|\n|-weather|RainDance|[upkeep]\n|upkeep\n|\n|t:|1595621096\n|switch|p2a: Lady In Red|Heliolisk, F, shiny|100\/100\n|turn|8\n|\n|t:|1595621110\n|move|p1a: Primarina|Protect|p1a: Primarina\n|-singleturn|p1a: Primarina|Protect\n|move|p2a: Lady In Red|Weather Ball|p1a: Primarina\n|-activate|p1a: Primarina|move: Protect\n|\n|-weather|RainDance|[upkeep]\n|upkeep\n|turn|9\n|l| TwatManPrime\n|\n|t:|1595621154\n|switch|p1a: Silvally|Silvally-Dark|100\/100\n|move|p2a: Lady In Red|Weather Ball|p1a: Silvally\n|-damage|p1a: Silvally|58\/100\n|\n|-weather|RainDance|[upkeep]\n|upkeep\n|turn|10\n|\n|t:|1595621217\n|switch|p2a: Bill|Pelipper, F, shiny|94\/100\n|move|p1a: Silvally|U-turn|p2a: Bill\n|-resisted|p2a: Bill\n|-damage|p2a: Bill|84\/100\n|\n|t:|1595621230\n|switch|p1a: Abomasnow|Abomasnow-Mega, M|86\/100|[from]move: U-turn\n|-weather|Hail|[from] ability: Snow Warning|[of] p1a: Abomasnow\n|\n|-weather|Hail|[upkeep]\n|-damage|p2a: Bill|78\/100|[from] Hail\n|upkeep\n|turn|11\n|\n|t:|1595621237\n|move|p2a: Bill|U-turn|p1a: Abomasnow\n|-supereffective|p1a: Abomasnow\n|-damage|p1a: Abomasnow|70\/100\n|\n|t:|1595621250\n|switch|p2a: Lady In Red|Heliolisk, F, shiny|100\/100|[from]move: U-turn\n|move|p1a: Abomasnow|Giga Drain|p2a: Lady In Red\n|-damage|p2a: Lady In Red|45\/100\n|-heal|p1a: Abomasnow|90\/100|[from] drain|[of] p2a: Lady In Red\n|\n|-weather|Hail|[upkeep]\n|-damage|p2a: Lady In Red|39\/100|[from] Hail\n|upkeep\n|turn|12\n|\n|t:|1595621269\n|move|p1a: Abomasnow|Protect|p1a: Abomasnow\n|-singleturn|p1a: Abomasnow|Protect\n|move|p2a: Lady In Red|Hidden Power|p1a: Abomasnow\n|-activate|p1a: Abomasnow|move: Protect\n|\n|-weather|Hail|[upkeep]\n|-damage|p2a: Lady In Red|33\/100|[from] Hail\n|upkeep\n|turn|13\n|\n|t:|1595621304\n|switch|p2a: Bill|Pelipper, F, shiny|78\/100\n|-weather|RainDance|[from] ability: Drizzle|[of] p2a: Bill\n|move|p1a: Abomasnow|Ice Shard|p2a: Bill\n|-damage|p2a: Bill|59\/100\n|\n|-weather|RainDance|[upkeep]\n|upkeep\n|turn|14\n|\n|t:|1595621315\n|move|p1a: Abomasnow|Protect|p1a: Abomasnow\n|-singleturn|p1a: Abomasnow|Protect\n|move|p2a: Bill|Roost|p2a: Bill\n|-heal|p2a: Bill|100\/100\n|-singleturn|p2a: Bill|move: Roost\n|\n|-weather|RainDance|[upkeep]\n|upkeep\n|turn|15\n|\n|t:|1595621341\n|move|p2a: Bill|U-turn|p1a: Abomasnow\n|-supereffective|p1a: Abomasnow\n|-damage|p1a: Abomasnow|73\/100\n|\n|t:|1595621350\n|switch|p2a: Lady In Red|Heliolisk, F, shiny|33\/100|[from]move: U-turn\n|move|p1a: Abomasnow|Giga Drain|p2a: Lady In Red\n|-damage|p2a: Lady In Red|0 fnt\n|-heal|p1a: Abomasnow|84\/100|[from] drain|[of] p2a: Lady In Red\n|faint|p2a: Lady In Red\n|\n|-weather|RainDance|[upkeep]\n|upkeep\n|\n|t:|1595621357\n|switch|p2a: Swolepert|Swampert, M|100\/100\n|turn|16\n|\n|t:|1595621408\n|switch|p1a: Garchomp|Garchomp, F|100\/100\n|detailschange|p2a: Swolepert|Swampert-Mega, M\n|-mega|p2a: Swolepert|Swampert|Swampertite\n|move|p2a: Swolepert|Ice Punch|p1a: Garchomp\n|-supereffective|p1a: Garchomp\n|-enditem|p1a: Garchomp|Yache Berry|[eat]\n|-enditem|p1a: Garchomp|Yache Berry|[weaken]\n|-damage|p1a: Garchomp|52\/100\n|-damage|p2a: Swolepert|88\/100|[from] ability: Rough Skin|[of] p1a: Garchomp\n|\n|-weather|RainDance|[upkeep]\n|upkeep\n|turn|17\n|\n|t:|1595621484\n|move|p2a: Swolepert|Earthquake|p1a: Garchomp\n|-damage|p1a: Garchomp|6\/100\n|move|p1a: Garchomp|Outrage|p2a: Swolepert\n|-damage|p2a: Swolepert|33\/100\n|\n|-weather|none\n|upkeep\n|turn|18\n|\n|t:|1595621496\n|switch|p2a: Bill|Pelipper, F, shiny|100\/100\n|-weather|RainDance|[from] ability: Drizzle|[of] p2a: Bill\n|move|p1a: Garchomp|Outrage|p2a: Bill|[from]lockedmove\n|-damage|p2a: Bill|38\/100\n|-start|p1a: Garchomp|confusion|[fatigue]\n|\n|-weather|RainDance|[upkeep]\n|upkeep\n|turn|19\n|\n|t:|1595621506\n|-activate|p1a: Garchomp|confusion\n|move|p1a: Garchomp|Outrage|p2a: Bill\n|-damage|p2a: Bill|0 fnt\n|faint|p2a: Bill\n|\n|-weather|RainDance|[upkeep]\n|upkeep\n|\n|t:|1595621516\n|switch|p2a: Swolepert|Swampert-Mega, M|33\/100\n|turn|20\n|\n|t:|1595621524\n|move|p2a: Swolepert|Waterfall|p1a: Garchomp\n|-damage|p1a: Garchomp|0 fnt\n|-damage|p2a: Swolepert|21\/100|[from] ability: Rough Skin|[of] p1a: Garchomp\n|faint|p1a: Garchomp\n|\n|-weather|RainDance|[upkeep]\n|upkeep\n|\n|t:|1595621530\n|switch|p1a: Abomasnow|Abomasnow-Mega, M|84\/100\n|-weather|Hail|[from] ability: Snow Warning|[of] p1a: Abomasnow\n|turn|21\n|c|\u2606Tullstoy|GG friend\n|c| The Lucky Luxray's|gg\n|\n|t:|1595621544\n|move|p1a: Abomasnow|Protect|p1a: Abomasnow\n|-singleturn|p1a: Abomasnow|Protect\n|move|p2a: Swolepert|Ice Punch|p1a: Abomasnow\n|-activate|p1a: Abomasnow|move: Protect\n|\n|-weather|Hail|[upkeep]\n|-damage|p2a: Swolepert|15\/100|[from] Hail\n|upkeep\n|turn|22\n|c|\u2606BugCatcherWeevil|gg! thought ud have superpower maybe\n|\n|t:|1595621557\n|move|p1a: Abomasnow|Ice Shard|p2a: Swolepert\n|-damage|p2a: Swolepert|0 fnt\n|faint|p2a: Swolepert\n|\n|win|BugCatcherWeevil\n|l| Truetryhard\n|c| Aligax|gg\n|l| The Lucky Luxray's\n|c|\u2606Tullstoy|I screwed up hard with the Mawile sac. Thought for sure you'd be prepping something to handle a water switch\n|c|\u2606BugCatcherWeevil|i completely scrwed up with the silvally bring, i thought ud bring silvally ghost xD\n|c|\u2606Tullstoy|That's a hard mon to play around as a lead lmao\n|c|\u2606BugCatcherWeevil|yeah thats true\n|c|\u2606BugCatcherWeevil|i was actually pretty afraid of sth like specs hurricane pelipper^^\n|l| Flowerpowered\n|c|\u2606Tullstoy|I didn't really trust the speed control to bring something that ballsy haha. I debated on a tailwind bring for Whimsicott which would have helped that set but opted to go for something more defensive\n|c|\u2606Tullstoy|The stun spore miss hurt in the moment but obviously doesn't change a thing in hindsight. Should have just stuck with my gut instead of trying to play a slow game with status\n|l| Aligax\n|c|\u2606Tullstoy|Ahh well. Live and learn\n|c|\u2606Tullstoy|Hopefully I get the chance at a mulligan in playoffs\n|c|\u2606BugCatcherWeevil|yeah oftentimes one makes achange\n|c|\u2606Tullstoy|Anyway gg! Have a nice weekend, Jonas!\n|c|\u2606BugCatcherWeevil|and it doesnt pay off :\n|c|\u2606BugCatcherWeevil|gg, you too!\n|c|\u2606Tullstoy|Know that feel haha\n|c|\u2606BugCatcherWeevil|gl for the rest of the season\n|c|\u2606Tullstoy|Same to you, not that you need it hahaha\n|c|\u2606BugCatcherWeevil|luck is always helpful haha\n|c|\u2606Tullstoy|That it is\n|l|\u2606Tullstoy\n|c|\u2606BugCatcherWeevil|see ya!\n|l|\u2606BugCatcherWeevil\n|j| TwatManPrime\n|j| Aligax\n","uploadtime":1595622089,"views":68,"p1id":"bugcatcherweevil","p2id":"tullstoy","formatid":"gen8nationaldexag","rating":0,"private":0,"password":null}