{"id":"gen8ou-1590588806","p1":"thodoras edition","p2":"andrewm0n","format":"gen8ou","log":"|j|\u2606thodoras edition\n|j|\u2606andrewm0n\n|t:|1654540524\n|gametype|singles\n|player|p1|thodoras edition|lucas|1601\n|player|p2|andrewm0n|swimmerf|1669\n|teamsize|p1|6\n|teamsize|p2|6\n|gen|8\n|tier|[Gen 8] OU\n|rated|\n|rule|Sleep Clause Mod: Limit one foe put to sleep\n|rule|Species Clause: Limit one of each Pok\u00e9mon\n|rule|OHKO Clause: OHKO moves are banned\n|rule|Evasion Moves Clause: Evasion moves are banned\n|rule|Endless Battle Clause: Forcing endless battles is banned\n|rule|HP Percentage Mod: HP is shown in percentages\n|rule|Dynamax Clause: You cannot dynamax\n|clearpoke\n|poke|p1|Volcanion|\n|poke|p1|Tornadus-Therian, M|\n|poke|p1|Landorus-Therian, M|\n|poke|p1|Heatran, F|\n|poke|p1|Tapu Fini|\n|poke|p1|Weavile, F|\n|poke|p2|Blaziken, M|\n|poke|p2|Clefable, F|\n|poke|p2|Slowbro-Galar, M|\n|poke|p2|Corviknight, M|\n|poke|p2|Seismitoad, M|\n|poke|p2|Tyranitar, M|\n|teampreview\n|inactive|Battle timer is ON: inactive players will automatically lose when time's up. (requested by thodoras edition)\n|\n|t:|1654540536\n|start\n|switch|p1a: Tornadus|Tornadus-Therian, M|100\/100\n|switch|p2a: Slowbro|Slowbro-Galar, M|100\/100\n|turn|1\n|\n|t:|1654540559\n|move|p1a: Tornadus|Knock Off|p2a: Slowbro\n|-supereffective|p2a: Slowbro\n|-damage|p2a: Slowbro|69\/100\n|-enditem|p2a: Slowbro|Assault Vest|[from] move: Knock Off|[of] p1a: Tornadus\n|move|p2a: Slowbro|Shell Side Arm|p1a: Tornadus|[anim] Shell Side Arm Physical\n|-damage|p1a: Tornadus|61\/100\n|-hint|Physical Shell Side Arm\n|\n|upkeep\n|turn|2\n|inactive|andrewm0n has 120 seconds left.\n|\n|t:|1654540602\n|move|p1a: Tornadus|Hurricane|p2a: Slowbro\n|-damage|p2a: Slowbro|23\/100\n|-start|p2a: Slowbro|confusion\n|-activate|p2a: Slowbro|confusion\n|-damage|p2a: Slowbro|15\/100|[from] confusion\n|\n|upkeep\n|turn|3\n|\n|t:|1654540607\n|switch|p2a: Corviknight|Corviknight, M|100\/100\n|-ability|p2a: Corviknight|Pressure\n|move|p1a: Tornadus|Knock Off|p2a: Corviknight\n|-damage|p2a: Corviknight|86\/100\n|-damage|p1a: Tornadus|45\/100|[from] item: Rocky Helmet|[of] p2a: Corviknight\n|-enditem|p2a: Corviknight|Rocky Helmet|[from] move: Knock Off|[of] p1a: Tornadus\n|\n|upkeep\n|turn|4\n|\n|t:|1654540610\n|move|p1a: Tornadus|U-turn|p2a: Corviknight\n|-resisted|p2a: Corviknight\n|-damage|p2a: Corviknight|83\/100\n|\n|t:|1654540613\n|switch|p1a: Landorus|Landorus-Therian, M|100\/100|[from]move: U-turn\n|-ability|p1a: Landorus|Intimidate|boost\n|-unboost|p2a: Corviknight|atk|1\n|move|p2a: Corviknight|U-turn|p1a: Landorus\n|-resisted|p1a: Landorus\n|-damage|p1a: Landorus|95\/100\n|\n|t:|1654540616\n|switch|p2a: Slowbro|Slowbro-Galar, M|48\/100|[from]move: U-turn\n|\n|-heal|p1a: Landorus|100\/100|[from] item: Leftovers\n|upkeep\n|turn|5\n|\n|t:|1654540619\n|switch|p2a: Corviknight|Corviknight, M|83\/100\n|-ability|p2a: Corviknight|Pressure\n|move|p1a: Landorus|U-turn|p2a: Corviknight\n|-resisted|p2a: Corviknight\n|-damage|p2a: Corviknight|79\/100\n|\n|t:|1654540622\n|switch|p1a: Heatran|Heatran, F|100\/100|[from]move: U-turn\n|-item|p1a: Heatran|Air Balloon\n|\n|upkeep\n|turn|6\n|\n|t:|1654540625\n|move|p1a: Heatran|Eruption|p2a: Corviknight\n|-supereffective|p2a: Corviknight\n|-damage|p2a: Corviknight|0 fnt\n|faint|p2a: Corviknight\n|\n|upkeep\n|\n|t:|1654540627\n|switch|p2a: Blaziken|Blaziken, M|100\/100\n|turn|7\n|\n|t:|1654540651\n|move|p2a: Blaziken|Close Combat|p1a: Heatran\n|-supereffective|p1a: Heatran\n|-damage|p1a: Heatran|0 fnt\n|-unboost|p2a: Blaziken|def|1\n|-unboost|p2a: Blaziken|spd|1\n|-enditem|p1a: Heatran|Air Balloon\n|faint|p1a: Heatran\n|\n|-ability|p2a: Blaziken|Speed Boost|boost\n|-boost|p2a: Blaziken|spe|1\n|upkeep\n|\n|t:|1654540654\n|switch|p1a: Landorus|Landorus-Therian, M|100\/100\n|-ability|p1a: Landorus|Intimidate|boost\n|-unboost|p2a: Blaziken|atk|1\n|turn|8\n|inactive|andrewm0n has 120 seconds left.\n|\n|t:|1654540696\n|switch|p2a: Clefable|Clefable, F|100\/100\n|move|p1a: Landorus|Earthquake|p2a: Clefable\n|-damage|p2a: Clefable|63\/100\n|\n|-heal|p2a: Clefable|69\/100|[from] item: Leftovers\n|upkeep\n|turn|9\n|\n|t:|1654540720\n|move|p1a: Landorus|Earthquake|p2a: Clefable\n|-damage|p2a: Clefable|36\/100\n|move|p2a: Clefable|Wish|p2a: Clefable\n|\n|-heal|p2a: Clefable|42\/100|[from] item: Leftovers\n|upkeep\n|turn|10\n|inactive|andrewm0n has 120 seconds left.\n|\n|t:|1654540735\n|move|p1a: Landorus|Stealth Rock|p2a: Clefable\n|-sidestart|p2: andrewm0n|move: Stealth Rock\n|move|p2a: Clefable|Moonblast|p1a: Landorus\n|-damage|p1a: Landorus|69\/100\n|\n|-heal|p2a: Clefable|92\/100|[from] move: Wish|[wisher] Clefable\n|-heal|p1a: Landorus|75\/100|[from] item: Leftovers\n|-heal|p2a: Clefable|98\/100|[from] item: Leftovers\n|upkeep\n|turn|11\n|\n|t:|1654540739\n|move|p1a: Landorus|U-turn|p2a: Clefable\n|-resisted|p2a: Clefable\n|-damage|p2a: Clefable|90\/100\n|\n|t:|1654540741\n|switch|p1a: Tornadus|Tornadus-Therian, M|78\/100|[from]move: U-turn\n|move|p2a: Clefable|Moonblast|p1a: Tornadus\n|-damage|p1a: Tornadus|55\/100\n|-unboost|p1a: Tornadus|spa|1\n|\n|-heal|p2a: Clefable|96\/100|[from] item: Leftovers\n|upkeep\n|turn|12\n|\n|t:|1654540751\n|move|p1a: Tornadus|U-turn|p2a: Clefable\n|-resisted|p2a: Clefable\n|-damage|p2a: Clefable|91\/100\n|\n|t:|1654540753\n|switch|p1a: Volcanion|Volcanion|100\/100|[from]move: U-turn\n|move|p2a: Clefable|Moonblast|p1a: Volcanion\n|-resisted|p1a: Volcanion\n|-damage|p1a: Volcanion|80\/100\n|\n|-heal|p2a: Clefable|97\/100|[from] item: Leftovers\n|upkeep\n|turn|13\n|\n|t:|1654540756\n|move|p2a: Clefable|Protect|p2a: Clefable\n|-singleturn|p2a: Clefable|Protect\n|move|p1a: Volcanion|Sludge Wave|p2a: Clefable\n|-activate|p2a: Clefable|move: Protect\n|\n|-heal|p2a: Clefable|100\/100|[from] item: Leftovers\n|upkeep\n|turn|14\n|\n|t:|1654540760\n|switch|p1a: Landorus|Landorus-Therian, M|75\/100\n|-ability|p1a: Landorus|Intimidate|boost\n|-unboost|p2a: Clefable|atk|1\n|switch|p2a: Slowbro|Slowbro-Galar, M|81\/100\n|-damage|p2a: Slowbro|69\/100|[from] Stealth Rock\n|\n|-heal|p1a: Landorus|81\/100|[from] item: Leftovers\n|upkeep\n|turn|15\n|\n|t:|1654540764\n|switch|p2a: Clefable|Clefable, F|100\/100\n|-damage|p2a: Clefable|88\/100|[from] Stealth Rock\n|move|p1a: Landorus|Earthquake|p2a: Clefable\n|-damage|p2a: Clefable|55\/100\n|\n|-heal|p1a: Landorus|87\/100|[from] item: Leftovers\n|-heal|p2a: Clefable|61\/100|[from] item: Leftovers\n|upkeep\n|turn|16\n|\n|t:|1654540767\n|move|p1a: Landorus|U-turn|p2a: Clefable\n|-resisted|p2a: Clefable\n|-damage|p2a: Clefable|53\/100\n|\n|t:|1654540771\n|switch|p1a: Tapu Fini|Tapu Fini|100\/100|[from]move: U-turn\n|-fieldstart|move: Misty Terrain|[from] ability: Misty Surge|[of] p1a: Tapu Fini\n|move|p2a: Clefable|Wish|p2a: Clefable\n|\n|-heal|p2a: Clefable|59\/100|[from] item: Leftovers\n|upkeep\n|turn|17\n|inactive|andrewm0n has 120 seconds left.\n|\n|t:|1654540802\n|move|p2a: Clefable|Protect|p2a: Clefable\n|-singleturn|p2a: Clefable|Protect\n|move|p1a: Tapu Fini|Taunt|p2a: Clefable\n|-activate|p2a: Clefable|move: Protect\n|\n|-heal|p2a: Clefable|100\/100|[from] move: Wish|[wisher] Clefable\n|upkeep\n|turn|18\n|\n|t:|1654540807\n|switch|p2a: Slowbro|Slowbro-Galar, M|100\/100\n|-damage|p2a: Slowbro|88\/100|[from] Stealth Rock\n|move|p1a: Tapu Fini|Whirlpool|p2a: Slowbro\n|-damage|p2a: Slowbro|77\/100\n|-activate|p2a: Slowbro|move: Whirlpool|[of] p1a: Tapu Fini\n|\n|-damage|p2a: Slowbro|64\/100|[from] move: Whirlpool|[partiallytrapped]\n|upkeep\n|turn|19\n|\n|t:|1654540816\n|switch|p1a: Weavile|Weavile, F|100\/100\n|-ability|p1a: Weavile|Pressure\n|move|p2a: Slowbro|Shell Side Arm|p1a: Weavile|[anim] Shell Side Arm Physical\n|-damage|p1a: Weavile|35\/100\n|-hint|Physical Shell Side Arm\n|\n|-end|p2a: Slowbro|Whirlpool|[partiallytrapped]|[silent]\n|upkeep\n|turn|20\n|\n|t:|1654540822\n|move|p1a: Weavile|Knock Off|p2a: Slowbro\n|-supereffective|p2a: Slowbro\n|-damage|p2a: Slowbro|0 fnt\n|faint|p2a: Slowbro\n|\n|-fieldend|Misty Terrain\n|upkeep\n|\n|t:|1654540825\n|switch|p2a: Blaziken|Blaziken, M|100\/100\n|-damage|p2a: Blaziken|88\/100|[from] Stealth Rock\n|turn|21\n|\n|t:|1654540832\n|switch|p1a: Tornadus|Tornadus-Therian, M|88\/100\n|move|p2a: Blaziken|Swords Dance|p2a: Blaziken\n|-boost|p2a: Blaziken|atk|2\n|\n|-heal|p2a: Blaziken|94\/100|[from] item: Leftovers\n|-ability|p2a: Blaziken|Speed Boost|boost\n|-boost|p2a: Blaziken|spe|1\n|upkeep\n|turn|22\n|\n|t:|1654540840\n|move|p2a: Blaziken|Flare Blitz|p1a: Tornadus\n|-damage|p1a: Tornadus|0 fnt\n|faint|p1a: Tornadus\n|-damage|p2a: Blaziken|60\/100|[from] Recoil\n|\n|-heal|p2a: Blaziken|66\/100|[from] item: Leftovers\n|-ability|p2a: Blaziken|Speed Boost|boost\n|-boost|p2a: Blaziken|spe|1\n|upkeep\n|\n|t:|1654540844\n|switch|p1a: Landorus|Landorus-Therian, M|87\/100\n|-ability|p1a: Landorus|Intimidate|boost\n|-unboost|p2a: Blaziken|atk|1\n|turn|23\n|\n|t:|1654540845\n|move|p2a: Blaziken|Flare Blitz|p1a: Landorus\n|-damage|p1a: Landorus|0 fnt\n|faint|p1a: Landorus\n|-damage|p2a: Blaziken|35\/100|[from] Recoil\n|\n|-heal|p2a: Blaziken|41\/100|[from] item: Leftovers\n|-ability|p2a: Blaziken|Speed Boost|boost\n|-boost|p2a: Blaziken|spe|1\n|upkeep\n|\n|t:|1654540848\n|switch|p1a: Tapu Fini|Tapu Fini|100\/100\n|-fieldstart|move: Misty Terrain|[from] ability: Misty Surge|[of] p1a: Tapu Fini\n|turn|24\n|\n|t:|1654540852\n|switch|p2a: Seismitoad|Seismitoad, M|100\/100\n|-damage|p2a: Seismitoad|94\/100|[from] Stealth Rock\n|move|p1a: Tapu Fini|Moonblast|p2a: Seismitoad\n|-damage|p2a: Seismitoad|67\/100\n|\n|-heal|p2a: Seismitoad|73\/100|[from] item: Leftovers\n|upkeep\n|turn|25\n|\n|t:|1654540855\n|move|p1a: Tapu Fini|Taunt|p2a: Seismitoad\n|-start|p2a: Seismitoad|move: Taunt\n|move|p2a: Seismitoad|Knock Off|p1a: Tapu Fini\n|-resisted|p1a: Tapu Fini\n|-damage|p1a: Tapu Fini|93\/100\n|-damage|p2a: Seismitoad|57\/100|[from] item: Rocky Helmet|[of] p1a: Tapu Fini\n|-enditem|p1a: Tapu Fini|Rocky Helmet|[from] move: Knock Off|[of] p2a: Seismitoad\n|\n|-heal|p2a: Seismitoad|63\/100|[from] item: Leftovers\n|upkeep\n|turn|26\n|\n|t:|1654540861\n|move|p1a: Tapu Fini|Whirlpool|p2a: Seismitoad\n|-heal|p2a: Seismitoad|88\/100|[from] ability: Water Absorb|[of] p1a: Tapu Fini\n|move|p2a: Seismitoad|Earth Power|p1a: Tapu Fini\n|-damage|p1a: Tapu Fini|73\/100\n|\n|-heal|p2a: Seismitoad|94\/100|[from] item: Leftovers\n|upkeep\n|turn|27\n|\n|t:|1654540866\n|switch|p2a: Clefable|Clefable, F|100\/100\n|-damage|p2a: Clefable|88\/100|[from] Stealth Rock\n|move|p1a: Tapu Fini|Moonblast|p2a: Clefable\n|-damage|p2a: Clefable|57\/100\n|\n|-heal|p2a: Clefable|63\/100|[from] item: Leftovers\n|upkeep\n|turn|28\n|\n|t:|1654540869\n|move|p1a: Tapu Fini|Taunt|p2a: Clefable\n|-start|p2a: Clefable|move: Taunt\n|move|p2a: Clefable|Moonblast|p1a: Tapu Fini\n|-damage|p1a: Tapu Fini|52\/100\n|-unboost|p1a: Tapu Fini|spa|1\n|\n|-heal|p2a: Clefable|69\/100|[from] item: Leftovers\n|-fieldend|Misty Terrain\n|upkeep\n|turn|29\n|\n|t:|1654540872\n|move|p1a: Tapu Fini|Whirlpool|p2a: Clefable|[miss]\n|-miss|p1a: Tapu Fini|p2a: Clefable\n|move|p2a: Clefable|Moonblast|p1a: Tapu Fini\n|-damage|p1a: Tapu Fini|28\/100\n|-unboost|p1a: Tapu Fini|spa|1\n|\n|-heal|p2a: Clefable|75\/100|[from] item: Leftovers\n|upkeep\n|turn|30\n|\n|t:|1654540874\n|move|p1a: Tapu Fini|Moonblast|p2a: Clefable\n|-damage|p2a: Clefable|46\/100\n|move|p2a: Clefable|Moonblast|p1a: Tapu Fini\n|-damage|p1a: Tapu Fini|6\/100\n|\n|-heal|p2a: Clefable|53\/100|[from] item: Leftovers\n|-end|p2a: Clefable|move: Taunt\n|upkeep\n|turn|31\n|\n|t:|1654540878\n|move|p2a: Clefable|Protect|p2a: Clefable\n|-singleturn|p2a: Clefable|Protect\n|move|p1a: Tapu Fini|Nature's Madness|p2a: Clefable\n|-activate|p2a: Clefable|move: Protect\n|\n|-heal|p2a: Clefable|59\/100|[from] item: Leftovers\n|upkeep\n|turn|32\n|\n|t:|1654540880\n|move|p1a: Tapu Fini|Nature's Madness|p2a: Clefable\n|-damage|p2a: Clefable|30\/100\n|move|p2a: Clefable|Wish|p2a: Clefable\n|\n|-heal|p2a: Clefable|36\/100|[from] item: Leftovers\n|upkeep\n|turn|33\n|\n|t:|1654540885\n|switch|p1a: Volcanion|Volcanion|80\/100\n|move|p2a: Clefable|Moonblast|p1a: Volcanion\n|-resisted|p1a: Volcanion\n|-damage|p1a: Volcanion|60\/100\n|\n|-heal|p2a: Clefable|86\/100|[from] move: Wish|[wisher] Clefable\n|-heal|p2a: Clefable|92\/100|[from] item: Leftovers\n|upkeep\n|turn|34\n|\n|t:|1654540887\n|move|p2a: Clefable|Protect|p2a: Clefable\n|-singleturn|p2a: Clefable|Protect\n|move|p1a: Volcanion|Steam Eruption|p2a: Clefable\n|-activate|p2a: Clefable|move: Protect\n|\n|-heal|p2a: Clefable|98\/100|[from] item: Leftovers\n|upkeep\n|turn|35\n|\n|t:|1654540889\n|switch|p1a: Weavile|Weavile, F|35\/100\n|-ability|p1a: Weavile|Pressure\n|switch|p2a: Seismitoad|Seismitoad, M|94\/100\n|-damage|p2a: Seismitoad|88\/100|[from] Stealth Rock\n|\n|-heal|p2a: Seismitoad|94\/100|[from] item: Leftovers\n|upkeep\n|turn|36\n|\n|t:|1654540893\n|move|p1a: Weavile|Icicle Crash|p2a: Seismitoad\n|-damage|p2a: Seismitoad|34\/100\n|move|p2a: Seismitoad|Earth Power|p1a: Weavile\n|-damage|p1a: Weavile|0 fnt\n|faint|p1a: Weavile\n|\n|-heal|p2a: Seismitoad|40\/100|[from] item: Leftovers\n|upkeep\n|-message|thodoras edition forfeited.\n|\n|win|andrewm0n\n|raw|thodoras edition's rating: 1601 &rarr; <strong>1585<\/strong><br \/>(-16 for losing)\n|raw|andrewm0n's rating: 1669 &rarr; <strong>1685<\/strong><br \/>(+16 for winning)\n|l|\u2606thodoras edition\n|l|\u2606andrewm0n\n||Ladder isn't responding, score probably updated but might not have (Request timeout).\n","uploadtime":1654540961,"views":48,"p1id":"thodorasedition","p2id":"andrewm0n","formatid":"gen8ou","rating":1585,"private":0,"password":null}