{"id":"gen8ou-1664174442","p1":"minimax_ai","p2":"Diameter\u272fXtreme","format":"gen8ou","log":"|j|\u2606minimax_ai\n|j|\u2606Diameter\u272fXtreme\n|t:|1663172070\n|gametype|singles\n|player|p1|minimax_ai|lusamine-nihilego|1374\n|player|p2|Diameter\u272fXtreme|twins-gen4|1451\n|teamsize|p1|6\n|teamsize|p2|6\n|gen|8\n|tier|[Gen 8] OU\n|rated|\n|rule|Sleep Clause Mod: Limit one foe put to sleep\n|rule|Species Clause: Limit one of each Pok\u00e9mon\n|rule|OHKO Clause: OHKO moves are banned\n|rule|Evasion Items Clause: Evasion items are banned\n|rule|Evasion Moves Clause: Evasion moves are banned\n|rule|Endless Battle Clause: Forcing endless battles is banned\n|rule|HP Percentage Mod: HP is shown in percentages\n|rule|Dynamax Clause: You cannot dynamax\n|clearpoke\n|poke|p1|Rotom-Wash|\n|poke|p1|Weavile, F|\n|poke|p1|Landorus-Therian, M|\n|poke|p1|Heatran, M|\n|poke|p1|Tangrowth, M|\n|poke|p1|Melmetal|\n|poke|p2|Celesteela|\n|poke|p2|Tapu Koko|\n|poke|p2|Garchomp, M|\n|poke|p2|Tornadus-Therian, M|\n|poke|p2|Buzzwole|\n|poke|p2|Blissey, F|\n|teampreview\n|c|\u2606minimax_ai|hf\n|inactive|Battle timer is ON: inactive players will automatically lose when time's up. (requested by minimax_ai)\n|\n|t:|1663172079\n|start\n|switch|p1a: Melmetal|Melmetal|100\/100\n|switch|p2a: Celesteela|Celesteela|100\/100\n|turn|1\n|\n|t:|1663172083\n|move|p2a: Celesteela|Leech Seed|p1a: Melmetal\n|-start|p1a: Melmetal|move: Leech Seed\n|move|p1a: Melmetal|Thunder Punch|p2a: Celesteela\n|-supereffective|p2a: Celesteela\n|-damage|p2a: Celesteela|41\/100\n|\n|-heal|p2a: Celesteela|47\/100|[from] item: Leftovers\n|-damage|p1a: Melmetal|88\/100|[from] Leech Seed|[of] p2a: Celesteela\n|-heal|p2a: Celesteela|61\/100|[silent]\n|upkeep\n|turn|2\n|\n|t:|1663172087\n|switch|p1a: Heatran|Heatran, M|100\/100\n|-item|p1a: Heatran|Air Balloon\n|move|p2a: Celesteela|Protect||[still]\n|-fail|p2a: Celesteela\n|\n|-heal|p2a: Celesteela|67\/100|[from] item: Leftovers\n|upkeep\n|turn|3\n|\n|t:|1663172097\n|switch|p2a: Blissey|Blissey, F|100\/100\n|move|p1a: Heatran|Eruption|p2a: Blissey\n|-damage|p2a: Blissey|73\/100\n|\n|upkeep\n|turn|4\n|\n|t:|1663172100\n|move|p1a: Heatran|Magma Storm|p2a: Blissey\n|-damage|p2a: Blissey|53\/100\n|-activate|p2a: Blissey|move: Magma Storm|[of] p1a: Heatran\n|move|p2a: Blissey|Thunder Wave|p1a: Heatran\n|-status|p1a: Heatran|par\n|\n|-damage|p2a: Blissey|41\/100|[from] move: Magma Storm|[partiallytrapped]\n|upkeep\n|turn|5\n|\n|t:|1663172102\n|move|p2a: Blissey|Soft-Boiled|p2a: Blissey\n|-heal|p2a: Blissey|91\/100\n|move|p1a: Heatran|Stealth Rock|p2a: Blissey\n|-sidestart|p2: Diameter\u272fXtreme|move: Stealth Rock\n|\n|-damage|p2a: Blissey|78\/100|[from] move: Magma Storm|[partiallytrapped]\n|upkeep\n|turn|6\n|\n|t:|1663172104\n|switch|p1a: Melmetal|Melmetal|88\/100\n|move|p2a: Blissey|Seismic Toss|p1a: Melmetal\n|-damage|p1a: Melmetal|65\/100\n|\n|-end|p2a: Blissey|Magma Storm|[partiallytrapped]|[silent]\n|upkeep\n|turn|7\n|\n|t:|1663172108\n|switch|p2a: Buzzwole|Buzzwole|100\/100\n|-damage|p2a: Buzzwole|88\/100|[from] Stealth Rock\n|move|p1a: Melmetal|Double Iron Bash|p2a: Buzzwole\n|-damage|p2a: Buzzwole|60\/100\n|-damage|p1a: Melmetal|49\/100|[from] item: Rocky Helmet|[of] p2a: Buzzwole\n|-damage|p2a: Buzzwole|31\/100\n|-damage|p1a: Melmetal|32\/100|[from] item: Rocky Helmet|[of] p2a: Buzzwole\n|-hitcount|p2a: Buzzwole|2\n|\n|upkeep\n|turn|8\n|\n|t:|1663172111\n|switch|p1a: Tangrowth|Tangrowth, M|100\/100\n|move|p2a: Buzzwole|Roost|p2a: Buzzwole\n|-heal|p2a: Buzzwole|81\/100\n|-singleturn|p2a: Buzzwole|move: Roost\n|\n|upkeep\n|turn|9\n|\n|t:|1663172114\n|switch|p2a: Tornadus|Tornadus-Therian, M|100\/100\n|move|p1a: Tangrowth|Sleep Powder|p2a: Tornadus\n|-status|p2a: Tornadus|slp|[from] move: Sleep Powder\n|\n|upkeep\n|turn|10\n|\n|t:|1663172118\n|switch|p1a: rotomwash|Rotom-Wash|100\/100\n|cant|p2a: Tornadus|slp\n|\n|upkeep\n|turn|11\n|\n|t:|1663172120\n|switch|p2a: Garchomp|Garchomp, M|100\/100\n|-damage|p2a: Garchomp|94\/100|[from] Stealth Rock\n|move|p1a: rotomwash|Nasty Plot|p1a: rotomwash\n|-boost|p1a: rotomwash|spa|2\n|\n|-heal|p2a: Garchomp|100\/100|[from] item: Leftovers\n|upkeep\n|turn|12\n|\n|t:|1663172131\n|switch|p2a: Blissey|Blissey, F|78\/100\n|move|p1a: rotomwash|Hydro Pump|p2a: Blissey\n|-damage|p2a: Blissey|49\/100\n|\n|upkeep\n|turn|13\n|\n|t:|1663172133\n|move|p1a: rotomwash|Thunderbolt|p2a: Blissey\n|-damage|p2a: Blissey|23\/100\n|move|p2a: Blissey|Soft-Boiled|p2a: Blissey\n|-heal|p2a: Blissey|73\/100\n|\n|upkeep\n|turn|14\n|\n|t:|1663172136\n|move|p1a: rotomwash|Nasty Plot|p1a: rotomwash\n|-boost|p1a: rotomwash|spa|2\n|move|p2a: Blissey|Soft-Boiled|p2a: Blissey\n|-heal|p2a: Blissey|100\/100\n|\n|upkeep\n|turn|15\n|\n|t:|1663172140\n|move|p1a: rotomwash|Thunderbolt|p2a: Blissey\n|-damage|p2a: Blissey|61\/100\n|move|p2a: Blissey|Seismic Toss|p1a: rotomwash\n|-damage|p1a: rotomwash|68\/100\n|\n|-heal|p1a: rotomwash|74\/100|[from] item: Leftovers\n|upkeep\n|turn|16\n|\n|t:|1663172143\n|move|p1a: rotomwash|Thunderbolt|p2a: Blissey\n|-crit|p2a: Blissey\n|-damage|p2a: Blissey|0 fnt\n|faint|p2a: Blissey\n|\n|-heal|p1a: rotomwash|80\/100|[from] item: Leftovers\n|upkeep\n|c|\u2606Diameter\u272fXtreme|nice\n|\n|t:|1663172148\n|switch|p2a: Tapu Koko|Tapu Koko|100\/100\n|-fieldstart|move: Electric Terrain|[from] ability: Electric Surge|[of] p2a: Tapu Koko\n|turn|17\n|\n|t:|1663172150\n|move|p2a: Tapu Koko|U-turn|p1a: rotomwash\n|-damage|p1a: rotomwash|63\/100\n|\n|t:|1663172153\n|switch|p2a: Garchomp|Garchomp, M|100\/100|[from]move: U-turn\n|-damage|p2a: Garchomp|94\/100|[from] Stealth Rock\n|move|p1a: rotomwash|Hydro Pump|p2a: Garchomp\n|-damage|p2a: Garchomp|0 fnt\n|faint|p2a: Garchomp\n|\n|-heal|p1a: rotomwash|69\/100|[from] item: Leftovers\n|upkeep\n|-message|Diameter\u272fXtreme forfeited.\n|\n|win|minimax_ai\n|raw|minimax_ai's rating: 1374 &rarr; <strong>1398<\/strong><br \/>(+24 for winning)\n|raw|Diameter\u272fXtreme's rating: 1451 &rarr; <strong>1427<\/strong><br \/>(-24 for losing)\n|c|\u2606minimax_ai|gg\n|l|\u2606Diameter\u272fXtreme\n","uploadtime":1663172156,"views":3,"p1id":"minimaxai","p2id":"diameterxtreme","formatid":"gen8ou","rating":1398,"private":0,"password":null}