{"id":"gen8randombattle-1355757568","p1":"react daga","p2":"DjezzeMwoan","format":"gen8randombattle","log":"|j|\u203dreact daga\n|j|\u2606DjezzeMwoan\n|t:|1623237192\n|gametype|singles\n|player|p1|react daga|102|1833\n|player|p2|DjezzeMwoan|52|1984\n|teamsize|p1|6\n|teamsize|p2|6\n|gen|8\n|tier|[Gen 8] Random Battle\n|rated|\n|rule|Species Clause: Limit one of each Pok\u00e9mon\n|rule|HP Percentage Mod: HP is shown in percentages\n|rule|Sleep Clause Mod: Limit one foe put to sleep\n|\n|t:|1623237192\n|start\n|switch|p1a: Gastrodon|Gastrodon-East, L84, F|324\/324\n|switch|p2a: Hitmontop|Hitmontop, L85, M|224\/224\n|turn|1\n|inactive|Battle timer is ON: inactive players will automatically lose when time's up. (requested by react daga)\n|\n|t:|1623237199\n|move|p2a: Hitmontop|Toxic|p1a: Gastrodon\n|-status|p1a: Gastrodon|tox\n|move|p1a: Gastrodon|Toxic|p2a: Hitmontop\n|-status|p2a: Hitmontop|tox\n|\n|-damage|p2a: Hitmontop|210\/224 tox|[from] psn\n|-damage|p1a: Gastrodon|304\/324 tox|[from] psn\n|upkeep\n|turn|2\n|inactive|react daga has 120 seconds left.\n|\n|t:|1623237259\n|switch|p2a: Reuniclus|Reuniclus, L84, M|322\/322\n|move|p1a: Gastrodon|Toxic|p2a: Reuniclus\n|-status|p2a: Reuniclus|tox\n|\n|-heal|p1a: Gastrodon|324\/324 tox|[from] item: Leftovers\n|-damage|p1a: Gastrodon|284\/324 tox|[from] psn\n|upkeep\n|turn|3\n|\n|t:|1623237274\n|switch|p1a: Genesect|Genesect, L74|227\/227\n|-ability|p1a: Genesect|Download|boost\n|-boost|p1a: Genesect|atk|1\n|move|p2a: Reuniclus|Focus Blast|p1a: Genesect|[miss]\n|-miss|p2a: Reuniclus|p1a: Genesect\n|\n|upkeep\n|turn|4\n|\n|t:|1623237281\n|switch|p2a: Corviknight|Corviknight, L78, F|281\/281\n|move|p1a: Genesect|Iron Head|p2a: Corviknight\n|-resisted|p2a: Corviknight\n|-damage|p2a: Corviknight|229\/281\n|\n|-heal|p2a: Corviknight|246\/281|[from] item: Leftovers\n|upkeep\n|turn|5\n|\n|t:|1623237284\n|move|p1a: Genesect|Thunderbolt|p2a: Corviknight\n|-supereffective|p2a: Corviknight\n|-damage|p2a: Corviknight|110\/281\n|move|p2a: Corviknight|Body Press|p1a: Genesect\n|-damage|p1a: Genesect|170\/227\n|\n|-heal|p2a: Corviknight|127\/281|[from] item: Leftovers\n|upkeep\n|turn|6\n|\n|t:|1623237291\n|switch|p2a: Cofagrigus|Cofagrigus, L86, F|240\/240\n|move|p1a: Genesect|Thunderbolt|p2a: Cofagrigus\n|-damage|p2a: Cofagrigus|194\/240\n|\n|-heal|p2a: Cofagrigus|209\/240|[from] item: Leftovers\n|upkeep\n|turn|7\n|\n|t:|1623237297\n|switch|p1a: Gastrodon|Gastrodon-East, L84, F|284\/324 tox\n|move|p2a: Cofagrigus|Will-O-Wisp||[still]\n|-fail|p2a: Cofagrigus\n|\n|-heal|p1a: Gastrodon|304\/324 tox|[from] item: Leftovers\n|-heal|p2a: Cofagrigus|224\/240|[from] item: Leftovers\n|-damage|p1a: Gastrodon|284\/324 tox|[from] psn\n|upkeep\n|turn|8\n|\n|t:|1623237300\n|switch|p2a: Reuniclus|Reuniclus, L84, M|322\/322 tox\n|move|p1a: Gastrodon|Scald|p2a: Reuniclus\n|-damage|p2a: Reuniclus|243\/322 tox\n|\n|-heal|p1a: Gastrodon|304\/324 tox|[from] item: Leftovers\n|-damage|p1a: Gastrodon|264\/324 tox|[from] psn\n|upkeep\n|turn|9\n|\n|t:|1623237306\n|switch|p1a: Gengar|Gengar, L80, F|227\/227\n|move|p2a: Reuniclus|Psychic|p1a: Gengar\n|-supereffective|p1a: Gengar\n|-damage|p1a: Gengar|0 fnt\n|faint|p1a: Gengar\n|\n|upkeep\n|\n|t:|1623237309\n|switch|p1a: Genesect|Genesect, L74|170\/227\n|-ability|p1a: Genesect|Download|boost\n|-boost|p1a: Genesect|atk|1\n|turn|10\n|\n|t:|1623237312\n|switch|p2a: Cofagrigus|Cofagrigus, L86, F|224\/240\n|move|p1a: Genesect|Leech Life|p2a: Cofagrigus\n|-resisted|p2a: Cofagrigus\n|-damage|p2a: Cofagrigus|188\/240\n|-heal|p1a: Genesect|188\/227|[from] drain|[of] p2a: Cofagrigus\n|-activate|p2a: Cofagrigus|ability: Mummy|Download|[of] p1a: Genesect\n|\n|-heal|p2a: Cofagrigus|203\/240|[from] item: Leftovers\n|upkeep\n|turn|11\n|\n|t:|1623237316\n|switch|p1a: Miltank|Miltank, L84, F|297\/297\n|move|p2a: Cofagrigus|Toxic Spikes|p1a: Miltank\n|-sidestart|p1: react daga|move: Toxic Spikes\n|\n|-heal|p2a: Cofagrigus|218\/240|[from] item: Leftovers\n|upkeep\n|turn|12\n|\n|t:|1623237323\n|switch|p2a: Hitmontop|Hitmontop, L85, M|210\/224 tox\n|move|p1a: Miltank|Stealth Rock|p2a: Hitmontop\n|-sidestart|p2: DjezzeMwoan|move: Stealth Rock\n|\n|-damage|p2a: Hitmontop|196\/224 tox|[from] psn\n|upkeep\n|turn|13\n|\n|t:|1623237328\n|move|p1a: Miltank|Body Slam|p2a: Hitmontop\n|-damage|p2a: Hitmontop|126\/224 tox\n|move|p2a: Hitmontop|Triple Axel|p1a: Miltank\n|-damage|p1a: Miltank|272\/297\n|-damage|p1a: Miltank|224\/297\n|-damage|p1a: Miltank|155\/297\n|-hitcount|p1a: Miltank|3\n|-damage|p2a: Hitmontop|104\/224 tox|[from] item: Life Orb\n|\n|-heal|p1a: Miltank|173\/297|[from] item: Leftovers\n|-damage|p2a: Hitmontop|76\/224 tox|[from] psn\n|upkeep\n|turn|14\n|\n|t:|1623237331\n|move|p1a: Miltank|Body Slam|p2a: Hitmontop\n|-damage|p2a: Hitmontop|3\/224 tox\n|move|p2a: Hitmontop|Close Combat|p1a: Miltank\n|-supereffective|p1a: Miltank\n|-damage|p1a: Miltank|0 fnt\n|-unboost|p2a: Hitmontop|def|1\n|-unboost|p2a: Hitmontop|spd|1\n|faint|p1a: Miltank\n|-damage|p2a: Hitmontop|0 fnt|[from] item: Life Orb\n|faint|p2a: Hitmontop\n|\n|upkeep\n|\n|t:|1623237337\n|switch|p1a: Gastrodon|Gastrodon-East, L84, F|264\/324 tox\n|switch|p2a: Vaporeon|Vaporeon, L84, F|356\/356\n|-damage|p2a: Vaporeon|312\/356|[from] Stealth Rock\n|turn|15\n|\n|t:|1623237339\n|move|p2a: Vaporeon|Protect|p2a: Vaporeon\n|-singleturn|p2a: Vaporeon|Protect\n|move|p1a: Gastrodon|Toxic|p2a: Vaporeon\n|-activate|p2a: Vaporeon|move: Protect\n|\n|-heal|p2a: Vaporeon|334\/356|[from] item: Leftovers\n|-heal|p1a: Gastrodon|284\/324 tox|[from] item: Leftovers\n|-damage|p1a: Gastrodon|264\/324 tox|[from] psn\n|upkeep\n|turn|16\n|\n|t:|1623237342\n|switch|p2a: Reuniclus|Reuniclus, L84, M|243\/322 tox\n|switch|p1a: Genesect|Genesect, L74|188\/227\n|-ability|p1a: Genesect|Download|boost\n|-boost|p1a: Genesect|atk|1\n|\n|upkeep\n|turn|17\n|\n|t:|1623237347\n|switch|p2a: Cofagrigus|Cofagrigus, L86, F|218\/240\n|-damage|p2a: Cofagrigus|188\/240|[from] Stealth Rock\n|move|p1a: Genesect|Iron Head|p2a: Cofagrigus\n|-damage|p2a: Cofagrigus|115\/240\n|-activate|p2a: Cofagrigus|ability: Mummy|Download|[of] p1a: Genesect\n|\n|-heal|p2a: Cofagrigus|130\/240|[from] item: Leftovers\n|upkeep\n|turn|18\n|\n|t:|1623237351\n|move|p1a: Genesect|Iron Head|p2a: Cofagrigus\n|-damage|p2a: Cofagrigus|52\/240\n|cant|p2a: Cofagrigus|flinch\n|\n|-heal|p2a: Cofagrigus|67\/240|[from] item: Leftovers\n|upkeep\n|turn|19\n|\n|t:|1623237355\n|move|p1a: Genesect|Iron Head|p2a: Cofagrigus\n|-damage|p2a: Cofagrigus|0 fnt\n|faint|p2a: Cofagrigus\n|\n|upkeep\n|\n|t:|1623237360\n|switch|p2a: Zapdos|Zapdos-Galar, L76|262\/262\n|-damage|p2a: Zapdos|230\/262|[from] Stealth Rock\n|turn|20\n|\n|t:|1623237364\n|-start|p2a: Zapdos|Dynamax\n|-heal|p2a: Zapdos|460\/524|[silent]\n|-start|p1a: Genesect|Dynamax\n|-heal|p1a: Genesect|376\/454|[silent]\n|move|p2a: Zapdos|Max Airstream|p1a: Genesect\n|-damage|p1a: Genesect|152\/454\n|-boost|p2a: Zapdos|spe|1\n|-damage|p2a: Zapdos|434\/524|[from] item: Life Orb\n|move|p1a: Genesect|Max Steelspike|p2a: Zapdos\n|-damage|p2a: Zapdos|224\/524\n|-boost|p1a: Genesect|def|1\n|\n|upkeep\n|turn|21\n|\n|t:|1623237374\n|move|p2a: Zapdos|Max Guard|p2a: Zapdos\n|-singleturn|p2a: Zapdos|Max Guard\n|move|p1a: Genesect|Max Strike|p2a: Zapdos\n|-activate|p2a: Zapdos|move: Max Guard\n|\n|upkeep\n|turn|22\n|\n|t:|1623237379\n|move|p2a: Zapdos|Max Airstream|p1a: Genesect\n|-damage|p1a: Genesect|23\/454\n|-boost|p2a: Zapdos|spe|1\n|-damage|p2a: Zapdos|198\/524|[from] item: Life Orb\n|move|p1a: Genesect|Max Steelspike|p2a: Zapdos\n|-damage|p2a: Zapdos|0 fnt\n|-boost|p1a: Genesect|def|1\n|faint|p2a: Zapdos\n|\n|-end|p1a: Genesect|Dynamax\n|-heal|p1a: Genesect|12\/227|[silent]\n|upkeep\n|\n|t:|1623237382\n|switch|p2a: Vaporeon|Vaporeon, L84, F|334\/356\n|-damage|p2a: Vaporeon|290\/356|[from] Stealth Rock\n|turn|23\n|\n|t:|1623237385\n|move|p2a: Vaporeon|Protect|p2a: Vaporeon\n|-singleturn|p2a: Vaporeon|Protect\n|move|p1a: Genesect|Iron Head|p2a: Vaporeon\n|-activate|p2a: Vaporeon|move: Protect\n|\n|-heal|p2a: Vaporeon|312\/356|[from] item: Leftovers\n|upkeep\n|turn|24\n|\n|t:|1623237387\n|move|p1a: Genesect|Leech Life|p2a: Vaporeon\n|-damage|p2a: Vaporeon|155\/356\n|-heal|p1a: Genesect|91\/227|[from] drain|[of] p2a: Vaporeon\n|move|p2a: Vaporeon|Scald|p1a: Genesect\n|-damage|p1a: Genesect|25\/227\n|\n|-heal|p2a: Vaporeon|177\/356|[from] item: Leftovers\n|upkeep\n|turn|25\n|\n|t:|1623237391\n|move|p1a: Genesect|Leech Life|p2a: Vaporeon\n|-damage|p2a: Vaporeon|15\/356\n|-heal|p1a: Genesect|106\/227|[from] drain|[of] p2a: Vaporeon\n|move|p2a: Vaporeon|Scald|p1a: Genesect\n|-damage|p1a: Genesect|34\/227\n|\n|-heal|p2a: Vaporeon|37\/356|[from] item: Leftovers\n|upkeep\n|turn|26\n|\n|t:|1623237395\n|move|p1a: Genesect|Leech Life|p2a: Vaporeon\n|-damage|p2a: Vaporeon|0 fnt\n|-heal|p1a: Genesect|53\/227|[from] drain|[of] p2a: Vaporeon\n|faint|p2a: Vaporeon\n|\n|upkeep\n|\n|t:|1623237399\n|switch|p2a: Corviknight|Corviknight, L78, F|127\/281\n|-damage|p2a: Corviknight|92\/281|[from] Stealth Rock\n|turn|27\n|\n|t:|1623237401\n|move|p1a: Genesect|Thunderbolt|p2a: Corviknight\n|-supereffective|p2a: Corviknight\n|-damage|p2a: Corviknight|0 fnt\n|faint|p2a: Corviknight\n|\n|upkeep\n|c|\u2606DjezzeMwoan|now wouldve been a nice time for the focus blast hit\n|-message|DjezzeMwoan forfeited.\n|\n|win|react daga\n|raw|react daga's rating: 1833 &rarr; <strong>1861<\/strong><br \/>(+28 for winning)\n|raw|DjezzeMwoan's rating: 1984 &rarr; <strong>1956<\/strong><br \/>(-28 for losing)\n|l|\u2606DjezzeMwoan\n","inputlog":">version 0d96865c693845089aa50d8e1abafee3e9a2257b\n>start {\"formatid\":\"gen8randombattle\",\"seed\":[46965,12289,12635,33431],\"rated\":\"Rated battle\"}\n>player p1 {\"name\":\"react daga\",\"avatar\":\"102\",\"rating\":1833,\"seed\":[11735,49165,59375,30991]}\n>player p2 {\"name\":\"DjezzeMwoan\",\"avatar\":\"52\",\"rating\":1984,\"seed\":[60637,17573,64824,28398]}\n>p1 move toxic\n>p2 move toxic\n>p1 move toxic\n>p2 switch 2\n>p1 switch 5\n>p2 move focusblast\n>p1 move ironhead\n>p2 switch 4\n>p1 move thunderbolt\n>p2 move bodypress\n>p1 move thunderbolt\n>p2 switch 5\n>p1 switch 5\n>p2 move willowisp\n>p1 move scald\n>p2 switch 4\n>p1 switch 3\n>p2 move psychic\n>p1 switch 5\n>p1 move leechlife\n>p2 switch 4\n>p1 switch 2\n>p2 move toxicspikes\n>p1 move stealthrock\n>p2 switch 2\n>p1 move bodyslam\n>p2 move tripleaxel\n>p1 move bodyslam\n>p2 move closecombat\n>p1 switch 3\n>p2 switch 6\n>p1 move toxic\n>p2 move protect\n>p1 switch 2\n>p2 switch 4\n>p1 move ironhead\n>p2 switch 2\n>p1 move ironhead\n>p2 move shadowball\n>p1 move ironhead\n>p2 move shadowball\n>p2 switch 3\n>p1 move ironhead dynamax\n>p2 move bravebird dynamax\n>p1 move extremespeed dynamax\n>p2 move bulkup dynamax\n>p1 move ironhead dynamax\n>p2 move bravebird dynamax\n>p2 switch 4\n>p1 move ironhead\n>p2 move protect\n>p1 move leechlife\n>p2 move scald\n>p1 move leechlife\n>p2 move scald\n>p1 move leechlife\n>p2 move scald\n>p2 switch 5\n>p1 move thunderbolt\n>p2 move roost\n>chat \u2606DjezzeMwoan|now wouldve been a nice time for the focus blast hit\n>forcelose p2","uploadtime":1623237425,"views":11,"p1id":"reactdaga","p2id":"djezzemwoan","formatid":"gen8randombattle","rating":1861,"private":0,"password":null}