{"id":"gen8customgame-1598319360","p1":"Jayden312","p2":"AlphaTherai","format":"gen8customgame","log":"|j|\u2606Jayden312\n|j|\u2606AlphaTherai\n|t:|1655476385\n|gametype|singles\n|player|p1|Jayden312|lucas|\n|player|p2|AlphaTherai|n|\n|teamsize|p1|6\n|teamsize|p2|6\n|gen|8\n|tier|[Gen 8] Custom Game\n|clearpoke\n|poke|p1|Togekiss, F|\n|poke|p1|Cinderace, M|\n|poke|p1|Calyrex-Shadow|\n|poke|p1|Regieleki|\n|poke|p1|Marshadow|\n|poke|p1|Tsareena, F|\n|poke|p2|Shuckle, F|\n|poke|p2|Zacian-Crowned|\n|poke|p2|Dracovish|\n|poke|p2|Yveltal|\n|poke|p2|Clefable, M|\n|poke|p2|Rayquaza-Mega|\n|teampreview\n|c|\u2606Jayden312|>:)\n|\n|t:|1655476400\n|start\n|switch|p1a: Togekiss|Togekiss, F|311\/311\n|switch|p2a: Shuckle|Shuckle, F, shiny|244\/244\n|turn|1\n|\n|t:|1655476409\n|move|p1a: Togekiss|Dual Wingbeat|p2a: Shuckle\n|-damage|p2a: Shuckle|231\/244\n|-damage|p2a: Shuckle|218\/244\n|-hitcount|p2a: Shuckle|2\n|move|p2a: Shuckle|Toxic|p1a: Togekiss\n|-status|p1a: Togekiss|tox\n|\n|-heal|p2a: Shuckle|233\/244|[from] item: Leftovers\n|-damage|p1a: Togekiss|292\/311 tox|[from] psn\n|upkeep\n|turn|2\n|\n|t:|1655476414\n|debug|doubling secondary chance\n|move|p1a: Togekiss|Ancient Power|p2a: Shuckle\n|-supereffective|p2a: Shuckle\n|-damage|p2a: Shuckle|177\/244\n|move|p2a: Shuckle|Infestation|p1a: Togekiss\n|-resisted|p1a: Togekiss\n|-damage|p1a: Togekiss|291\/311 tox\n|-activate|p1a: Togekiss|move: Infestation|[of] p2a: Shuckle\n|\n|-heal|p1a: Togekiss|310\/311 tox|[from] item: Leftovers\n|-heal|p2a: Shuckle|192\/244|[from] item: Leftovers\n|-damage|p1a: Togekiss|272\/311 tox|[from] psn\n|-damage|p1a: Togekiss|234\/311 tox|[from] move: Infestation|[partiallytrapped]\n|upkeep\n|turn|3\n|\n|t:|1655476420\n|move|p2a: Shuckle|Protect|p2a: Shuckle\n|-singleturn|p2a: Shuckle|Protect\n|debug|doubling secondary chance\n|move|p1a: Togekiss|Ancient Power|p2a: Shuckle\n|-activate|p2a: Shuckle|move: Protect\n|\n|-heal|p1a: Togekiss|253\/311 tox|[from] item: Leftovers\n|-heal|p2a: Shuckle|207\/244|[from] item: Leftovers\n|-damage|p1a: Togekiss|196\/311 tox|[from] psn\n|-damage|p1a: Togekiss|158\/311 tox|[from] move: Infestation|[partiallytrapped]\n|upkeep\n|turn|4\n|c|\u2606AlphaTherai|Gl on getting pass the shuckle\n|\n|t:|1655476442\n|debug|doubling secondary chance\n|move|p1a: Togekiss|Ancient Power|p2a: Shuckle\n|-supereffective|p2a: Shuckle\n|-damage|p2a: Shuckle|153\/244\n|move|p2a: Shuckle|Infestation|p1a: Togekiss\n|-resisted|p1a: Togekiss\n|-damage|p1a: Togekiss|157\/311 tox\n|\n|-heal|p1a: Togekiss|176\/311 tox|[from] item: Leftovers\n|-heal|p2a: Shuckle|168\/244|[from] item: Leftovers\n|-damage|p1a: Togekiss|100\/311 tox|[from] psn\n|-damage|p1a: Togekiss|62\/311 tox|[from] move: Infestation|[partiallytrapped]\n|upkeep\n|turn|5\n|\n|t:|1655476448\n|move|p2a: Shuckle|Protect|p2a: Shuckle\n|-singleturn|p2a: Shuckle|Protect\n|debug|doubling secondary chance\n|move|p1a: Togekiss|Ancient Power|p2a: Shuckle\n|-activate|p2a: Shuckle|move: Protect\n|\n|-heal|p1a: Togekiss|81\/311 tox|[from] item: Leftovers\n|-heal|p2a: Shuckle|183\/244|[from] item: Leftovers\n|-damage|p1a: Togekiss|0 fnt|[from] psn\n|faint|p1a: Togekiss\n|upkeep\n|c|\u2606Jayden312|>:)\n|\n|t:|1655476456\n|switch|p1a: Leaf Queen|Tsareena, F|285\/285\n|turn|6\n|\n|t:|1655476459\n|move|p1a: Leaf Queen|High Jump Kick|p2a: Shuckle\n|-damage|p2a: Shuckle|137\/244\n|move|p2a: Shuckle|Sticky Web|p1a: Leaf Queen\n|-sidestart|p1: Jayden312|move: Sticky Web\n|\n|-heal|p2a: Shuckle|152\/244|[from] item: Leftovers\n|upkeep\n|turn|7\n|\n|t:|1655476465\n|move|p1a: Leaf Queen|Triple Axel|p2a: Shuckle\n|-damage|p2a: Shuckle|143\/244\n|-damage|p2a: Shuckle|128\/244\n|-hitcount|p2a: Shuckle|2\n|move|p2a: Shuckle|Toxic|p1a: Leaf Queen\n|-status|p1a: Leaf Queen|tox\n|\n|-heal|p2a: Shuckle|143\/244|[from] item: Leftovers\n|-damage|p1a: Leaf Queen|268\/285 tox|[from] psn\n|upkeep\n|turn|8\n|\n|t:|1655476473\n|move|p1a: Leaf Queen|High Jump Kick|p2a: Shuckle\n|-damage|p2a: Shuckle|95\/244\n|move|p2a: Shuckle|Infestation|p1a: Leaf Queen\n|-supereffective|p1a: Leaf Queen\n|-damage|p1a: Leaf Queen|256\/285 tox\n|-activate|p1a: Leaf Queen|move: Infestation|[of] p2a: Shuckle\n|\n|-heal|p1a: Leaf Queen|273\/285 tox|[from] item: Leftovers\n|-heal|p2a: Shuckle|110\/244|[from] item: Leftovers\n|-damage|p1a: Leaf Queen|239\/285 tox|[from] psn\n|-damage|p1a: Leaf Queen|204\/285 tox|[from] move: Infestation|[partiallytrapped]\n|upkeep\n|turn|9\n|c|\u2606Jayden312|hehe\n|c|\u2606AlphaTherai|I remember 6-0ing someone with shuckle\n|\n|t:|1655476492\n|move|p2a: Shuckle|Protect|p2a: Shuckle\n|-singleturn|p2a: Shuckle|Protect\n|move|p1a: Leaf Queen|High Jump Kick|p2a: Shuckle\n|-activate|p2a: Shuckle|move: Protect\n|-damage|p1a: Leaf Queen|62\/285 tox|[from] highjumpkick\n|\n|-heal|p1a: Leaf Queen|79\/285 tox|[from] item: Leftovers\n|-heal|p2a: Shuckle|125\/244|[from] item: Leftovers\n|-damage|p1a: Leaf Queen|28\/285 tox|[from] psn\n|-damage|p1a: Leaf Queen|0 fnt|[from] move: Infestation|[partiallytrapped]\n|faint|p1a: Leaf Queen\n|upkeep\n|c|\u2606Jayden312|...\n|\n|t:|1655476522\n|switch|p1a: Calyrex|Calyrex-Shadow|342\/342\n|-ability|p1a: Calyrex|As One\n|-ability|p1a: Calyrex|Unnerve\n|-activate|p1a: Calyrex|move: Sticky Web\n|-unboost|p1a: Calyrex|spe|1\n|turn|10\n|\n|t:|1655476527\n|move|p1a: Calyrex|Leech Seed|p2a: Shuckle\n|-start|p2a: Shuckle|move: Leech Seed\n|move|p2a: Shuckle|Toxic|p1a: Calyrex\n|-status|p1a: Calyrex|tox\n|\n|-heal|p2a: Shuckle|140\/244|[from] item: Leftovers\n|-damage|p2a: Shuckle|110\/244|[from] Leech Seed|[of] p1a: Calyrex\n|-damage|p1a: Calyrex|321\/342 tox|[from] psn\n|upkeep\n|turn|11\n|\n|t:|1655476531\n|move|p1a: Calyrex|Astral Barrage|p2a: Shuckle\n|-damage|p2a: Shuckle|11\/244\n|move|p2a: Shuckle|Infestation|p1a: Calyrex\n|-damage|p1a: Calyrex|315\/342 tox\n|-activate|p1a: Calyrex|move: Infestation|[of] p2a: Shuckle\n|\n|-heal|p1a: Calyrex|336\/342 tox|[from] item: Leftovers\n|-heal|p2a: Shuckle|26\/244|[from] item: Leftovers\n|-damage|p2a: Shuckle|0 fnt|[from] Leech Seed|[of] p1a: Calyrex\n|-heal|p1a: Calyrex|342\/342 tox|[silent]\n|faint|p2a: Shuckle\n|-damage|p1a: Calyrex|300\/342 tox|[from] psn\n|-end|p1a: Calyrex|Infestation|[partiallytrapped]|[silent]\n|upkeep\n|\n|t:|1655476536\n|switch|p2a: Mr Fish|Dracovish, shiny|322\/322\n|turn|12\n|\n|t:|1655476541\n|move|p2a: Mr Fish|Fishious Rend|p1a: Calyrex\n|debug|Fishious Rend damage boost\n|-damage|p1a: Calyrex|0 fnt\n|faint|p1a: Calyrex\n|\n|upkeep\n|c|\u2606AlphaTherai|GG\n|\n|t:|1655476551\n|switch|p1a: Bomb|Regieleki|301\/301\n|-activate|p1a: Bomb|move: Sticky Web\n|-unboost|p1a: Bomb|spe|1\n|turn|13\n|\n|t:|1655476555\n|move|p1a: Bomb|Thunder Cage|p2a: Mr Fish\n|debug|Transistor boost\n|-damage|p2a: Mr Fish|132\/322\n|-activate|p2a: Mr Fish|move: Thunder Cage|[of] p1a: Bomb\n|move|p2a: Mr Fish|Fishious Rend|p1a: Bomb\n|debug|Fishious Rend NOT boosted\n|-damage|p1a: Bomb|7\/301\n|\n|-damage|p2a: Mr Fish|92\/322|[from] move: Thunder Cage|[partiallytrapped]\n|upkeep\n|turn|14\n|c|\u2606Jayden312|really?\n|c|\u2606AlphaTherai|IT LIVED\n|\n|t:|1655476564\n|move|p1a: Bomb|Thunder Cage|p2a: Mr Fish\n|debug|Transistor boost\n|-damage|p2a: Mr Fish|0 fnt\n|faint|p2a: Mr Fish\n|\n|upkeep\n|c|\u2606Jayden312|yeah\n|\n|t:|1655476571\n|switch|p2a: Rayquaza|Rayquaza-Mega|351\/351\n|-weather|DeltaStream|[from] ability: Delta Stream|[of] p2a: Rayquaza\n|turn|15\n|c|\u2606Jayden312|what did you expect\n|c|\u2606AlphaTherai|Impressive\n|\n|t:|1655476591\n|move|p2a: Rayquaza|Extreme Speed|p1a: Bomb\n|-damage|p1a: Bomb|0 fnt\n|faint|p1a: Bomb\n|\n|-weather|DeltaStream|[upkeep]\n|upkeep\n|\n|t:|1655476596\n|switch|p1a: Marshadow|Marshadow|321\/321\n|-activate|p1a: Marshadow|move: Sticky Web\n|-unboost|p1a: Marshadow|spe|1\n|turn|16\n|\n|t:|1655476605\n|move|p2a: Rayquaza|Tailwind|p2a: Rayquaza\n|-sidestart|p2: AlphaTherai|move: Tailwind\n|move|p1a: Marshadow|Rock Tomb|p2a: Rayquaza\n|debug|Base Power: 60\n|debug|Technician boost\n|-activate||deltastream\n|-damage|p2a: Rayquaza|238\/351\n|-unboost|p2a: Rayquaza|spe|1\n|\n|-weather|DeltaStream|[upkeep]\n|-heal|p2a: Rayquaza|259\/351|[from] item: Leftovers\n|upkeep\n|turn|17\n|c|\u2606Jayden312|rock tomb\n|\n|t:|1655476612\n|move|p2a: Rayquaza|Dragon Ascent|p1a: Marshadow\n|-supereffective|p1a: Marshadow\n|-damage|p1a: Marshadow|0 fnt\n|-unboost|p2a: Rayquaza|def|1\n|-unboost|p2a: Rayquaza|spd|1\n|faint|p1a: Marshadow\n|\n|-weather|DeltaStream|[upkeep]\n|-heal|p2a: Rayquaza|280\/351|[from] item: Leftovers\n|upkeep\n|c|\u2606AlphaTherai|GG\n|c|\u2606Jayden312|dang it\n|\n|t:|1655476618\n|switch|p1a: Cinderace|Cinderace, M|301\/301\n|-activate|p1a: Cinderace|move: Sticky Web\n|-unboost|p1a: Cinderace|spe|1\n|turn|18\n|\n|t:|1655476626\n|move|p2a: Rayquaza|Earthquake|p1a: Cinderace\n|-supereffective|p1a: Cinderace\n|-damage|p1a: Cinderace|0 fnt\n|faint|p1a: Cinderace\n|\n|win|AlphaTherai\n|c|\u2606AlphaTherai|Didnt get to use clef\n|c|\u2606AlphaTherai|or zacian\n|c|\u2606Jayden312|clef msgic gusrd\n|c|\u2606Jayden312|nice try\n|c|\u2606AlphaTherai|nope\n|c|\u2606AlphaTherai|Unaware\n|c|\u2606Jayden312|...\n|l|\u2606Jayden312\n","uploadtime":1655476662,"views":2,"p1id":"jayden312","p2id":"alphatherai","formatid":"gen8customgame","rating":0,"private":0,"password":null}