{"id":"gen8nationaldexag-1315020258","p1":"Diameter\u272fXtreme","p2":"inertialinitiative","format":"gen8nationaldexag","log":"|j|\u2606Diameter\u272fXtreme\n|j|\u2606inertialinitiative\n|t:|1617553012\n|gametype|singles\n|player|p1|Diameter\u272fXtreme|jasmine-gen2|\n|player|p2|inertialinitiative|pokemonranger-gen4|\n|teamsize|p1|6\n|teamsize|p2|6\n|gen|8\n|tier|[Gen 8] National Dex AG\n|rated|Tournament battle\n|clearpoke\n|poke|p1|Lugia|\n|poke|p1|Calyrex-Shadow|\n|poke|p1|Necrozma-Dusk-Mane|\n|poke|p1|Rayquaza|\n|poke|p1|Arceus-*|\n|poke|p1|Groudon|\n|poke|p2|Rayquaza|\n|poke|p2|Greninja, M|\n|poke|p2|Groudon|\n|poke|p2|Eternatus|\n|poke|p2|Landorus-Therian, M|\n|poke|p2|Regieleki|\n|rule|HP Percentage Mod: HP is shown in percentages\n|rule|Endless Battle Clause: Forcing endless battles is banned\n|teampreview\n|j|*Lady Monita\n|j| Nout\n|c|\u2606inertialinitiative|hf\n|j| Zoaw\n|c|\u2606Diameter\u272fXtreme|u2\n|j| Ceoh\n|j| ThrohValencia\n|\n|t:|1617553021\n|start\n|switch|p1a: Groudon|Groudon|100\/100\n|switch|p2a: Landorus|Landorus-Therian, M|100\/100\n|-ability|p2a: Landorus|Intimidate|boost\n|-unboost|p1a: Groudon|atk|1\n|detailschange|p1a: Groudon|Groudon-Primal\n|-primal|p1a: Groudon\n|-weather|DesolateLand|[from] ability: Desolate Land|[of] p1a: Groudon\n|turn|1\n|j| default0\n|j| Silversquatch\n|j| Sinister3000\n|\n|t:|1617553045\n|-weather|none\n|switch|p1a: Lugia|Lugia|100\/100\n|move|p2a: Landorus|Stealth Rock|p1a: Lugia\n|-sidestart|p1: Diameter\u272fXtreme|move: Stealth Rock\n|\n|upkeep\n|turn|2\n|\n|t:|1617553049\n|move|p1a: Lugia|Ice Beam|p2a: Landorus\n|-supereffective|p2a: Landorus\n|-damage|p2a: Landorus|20\/100\n|move|p2a: Landorus|U-turn|p1a: Lugia\n|-damage|p1a: Lugia|94\/100\n|\n|t:|1617553055\n|switch|p2a: Regieleki|Regieleki|100\/100|[from]move: U-turn\n|\n|upkeep\n|turn|3\n|\n|t:|1617553060\n|switch|p1a: Groudon|Groudon-Primal|100\/100\n|-damage|p1a: Groudon|88\/100|[from] Stealth Rock\n|-weather|DesolateLand|[from] ability: Desolate Land|[of] p1a: Groudon\n|move|p2a: Regieleki|Volt Switch|p1a: Groudon\n|-immune|p1a: Groudon\n|\n|-weather|DesolateLand|[upkeep]\n|upkeep\n|turn|4\n|\n|t:|1617553064\n|switch|p2a: Landorus|Landorus-Therian, M|20\/100\n|-ability|p2a: Landorus|Intimidate|boost\n|-unboost|p1a: Groudon|atk|1\n|move|p1a: Groudon|Stealth Rock|p2a: Landorus\n|-sidestart|p2: inertialinitiative|move: Stealth Rock\n|\n|-weather|DesolateLand|[upkeep]\n|upkeep\n|turn|5\n|j| Dxnny_Bxiii\n|\n|t:|1617553067\n|move|p1a: Groudon|Rock Tomb|p2a: Landorus\n|-damage|p2a: Landorus|8\/100\n|-unboost|p2a: Landorus|spe|1\n|move|p2a: Landorus|Earthquake|p1a: Groudon\n|-supereffective|p1a: Groudon\n|-damage|p1a: Groudon|35\/100\n|\n|-weather|DesolateLand|[upkeep]\n|upkeep\n|turn|6\n|c| Sinister3000|avenge me inertial\n|\n|t:|1617553070\n|move|p1a: Groudon|Rock Tomb|p2a: Landorus\n|-damage|p2a: Landorus|0 fnt\n|faint|p2a: Landorus\n|\n|-weather|DesolateLand|[upkeep]\n|upkeep\n|c| Sinister3000|that boi diameter hoed me\n|\n|t:|1617553080\n|switch|p2a: Greninja|Greninja, M|100\/100\n|-damage|p2a: Greninja|88\/100|[from] Stealth Rock\n|turn|7\n|\n|t:|1617553084\n|move|p2a: Greninja|Dark Pulse|p1a: Groudon\n|-damage|p1a: Groudon|0 fnt\n|faint|p1a: Groudon\n|-weather|none\n|-activate|p2a: Greninja|ability: Battle Bond\n|detailschange|p2a: Greninja|Greninja-Ash, M\n|\n|upkeep\n|\n|t:|1617553093\n|switch|p1a: Arceus|Arceus|100\/100\n|-damage|p1a: Arceus|88\/100|[from] Stealth Rock\n|turn|8\n|\n|t:|1617553106\n|-start|p2a: Greninja|Dynamax\n|-heal|p2a: Greninja|88\/100|[silent]\n|move|p1a: Arceus|Extreme Speed|p2a: Greninja\n|-damage|p2a: Greninja|49\/100\n|-damage|p1a: Arceus|78\/100|[from] item: Life Orb\n|move|p2a: Greninja|Max Geyser|p1a: Arceus\n|-damage|p1a: Arceus|18\/100\n|-weather|RainDance\n|\n|-weather|RainDance|[upkeep]\n|upkeep\n|turn|9\n|\n|t:|1617553114\n|move|p1a: Arceus|Extreme Speed|p2a: Greninja\n|-damage|p2a: Greninja|6\/100\n|-damage|p1a: Arceus|8\/100|[from] item: Life Orb\n|move|p2a: Greninja|Max Geyser|p1a: Arceus\n|-damage|p1a: Arceus|0 fnt\n|faint|p1a: Arceus\n|\n|-weather|RainDance|[upkeep]\n|upkeep\n|\n|t:|1617553117\n|switch|p1a: Calyrex|Calyrex-Shadow|100\/100\n|-ability|p1a: Calyrex|As One\n|-ability|p1a: Calyrex|Unnerve\n|-damage|p1a: Calyrex|88\/100|[from] Stealth Rock\n|turn|10\n|j| 0_0 Tmm2\n|\n|t:|1617553121\n|move|p1a: Calyrex|Astral Barrage|p2a: Greninja\n|-resisted|p2a: Greninja\n|-damage|p2a: Greninja|0 fnt\n|faint|p2a: Greninja\n|-ability|p1a: Calyrex|Grim Neigh|boost\n|-boost|p1a: Calyrex|spa|1\n|\n|-weather|RainDance|[upkeep]\n|upkeep\n|\n|t:|1617553133\n|switch|p2a: Regieleki|Regieleki|100\/100\n|-damage|p2a: Regieleki|88\/100|[from] Stealth Rock\n|turn|11\n|\n|t:|1617553136\n|-start|p1a: Calyrex|Dynamax\n|-heal|p1a: Calyrex|88\/100|[silent]\n|move|p2a: Regieleki|Volt Switch|p1a: Calyrex\n|-damage|p1a: Calyrex|54\/100\n|\n|t:|1617553138\n|switch|p2a: Eternatus|Eternatus|100\/100|[from]move: Volt Switch\n|-damage|p2a: Eternatus|88\/100|[from] Stealth Rock\n|-ability|p2a: Eternatus|Pressure\n|move|p1a: Calyrex|Max Phantasm|p2a: Eternatus\n|-damage|p2a: Eternatus|0 fnt\n|faint|p2a: Eternatus\n|-ability|p1a: Calyrex|Grim Neigh|boost\n|-boost|p1a: Calyrex|spa|1\n|\n|-weather|RainDance|[upkeep]\n|upkeep\n|\n|t:|1617553140\n|switch|p2a: Regieleki|Regieleki|88\/100\n|-damage|p2a: Regieleki|76\/100|[from] Stealth Rock\n|turn|12\n|\n|t:|1617553145\n|move|p2a: Regieleki|Volt Switch|p1a: Calyrex\n|-damage|p1a: Calyrex|17\/100\n|\n|t:|1617553148\n|switch|p2a: Groudon|Groudon|100\/100|[from]move: Volt Switch\n|-damage|p2a: Groudon|94\/100|[from] Stealth Rock\n|detailschange|p2a: Groudon|Groudon-Primal\n|-primal|p2a: Groudon\n|-weather|DesolateLand|[from] ability: Desolate Land|[of] p2a: Groudon\n|move|p1a: Calyrex|Max Phantasm|p2a: Groudon\n|-damage|p2a: Groudon|0 fnt\n|faint|p2a: Groudon\n|-weather|none\n|-ability|p1a: Calyrex|Grim Neigh|boost\n|-boost|p1a: Calyrex|spa|1\n|\n|upkeep\n|\n|t:|1617553150\n|switch|p2a: Regieleki|Regieleki|76\/100\n|-damage|p2a: Regieleki|64\/100|[from] Stealth Rock\n|turn|13\n|\n|t:|1617553154\n|move|p2a: Regieleki|Volt Switch|p1a: Calyrex\n|-damage|p1a: Calyrex|0 fnt\n|faint|p1a: Calyrex\n|\n|t:|1617553156\n|switch|p2a: Rayquaza|Rayquaza|100\/100|[from]move: Volt Switch\n|-damage|p2a: Rayquaza|76\/100|[from] Stealth Rock\n|-ability|p2a: Rayquaza|Air Lock\n|\n|upkeep\n|\n|t:|1617553160\n|switch|p1a: Necrozma|Necrozma-Dusk-Mane|100\/100\n|-damage|p1a: Necrozma|95\/100|[from] Stealth Rock\n|turn|14\n|\n|t:|1617553164\n|detailschange|p2a: Rayquaza|Rayquaza-Mega\n|-mega|p2a: Rayquaza|Rayquaza|\n|-weather|DeltaStream|[from] ability: Delta Stream|[of] p2a: Rayquaza\n|detailschange|p1a: Necrozma|Necrozma-Ultra\n|-burst|p1a: Necrozma|Necrozma|Ultranecrozium Z\n|move|p1a: Necrozma|Stone Edge|p2a: Rayquaza\n|-activate||deltastream\n|-damage|p2a: Rayquaza|32\/100\n|move|p2a: Rayquaza|Dragon Dance|p2a: Rayquaza\n|-boost|p2a: Rayquaza|atk|1\n|-boost|p2a: Rayquaza|spe|1\n|\n|-weather|DeltaStream|[upkeep]\n|upkeep\n|turn|15\n|c| Sinister3000|ggs\n|\n|t:|1617553173\n|move|p2a: Rayquaza|Dragon Ascent|p1a: Necrozma\n|-damage|p1a: Necrozma|0 fnt\n|-unboost|p2a: Rayquaza|def|1\n|-unboost|p2a: Rayquaza|spd|1\n|faint|p1a: Necrozma\n|\n|-weather|DeltaStream|[upkeep]\n|upkeep\n|j| Beatboxing is\n|\n|t:|1617553177\n|switch|p1a: Rayquaza|Rayquaza|100\/100\n|-damage|p1a: Rayquaza|76\/100|[from] Stealth Rock\n|-ability|p1a: Rayquaza|Air Lock\n|turn|16\n|\n|t:|1617553180\n|detailschange|p1a: Rayquaza|Rayquaza-Mega\n|-mega|p1a: Rayquaza|Rayquaza|\n|move|p2a: Rayquaza|Extreme Speed|p1a: Rayquaza\n|-damage|p1a: Rayquaza|17\/100\n|move|p1a: Rayquaza|Extreme Speed|p2a: Rayquaza\n|-damage|p2a: Rayquaza|0 fnt\n|faint|p2a: Rayquaza\n|\n|-weather|DeltaStream|[upkeep]\n|upkeep\n|\n|t:|1617553185\n|switch|p2a: Regieleki|Regieleki|64\/100\n|-damage|p2a: Regieleki|51\/100|[from] Stealth Rock\n|turn|17\n|c|\u2606Diameter\u272fXtreme|gg\n|c|\u2606inertialinitiative|gg\n|\n|t:|1617553193\n|move|p2a: Regieleki|Extreme Speed|p1a: Rayquaza\n|-damage|p1a: Rayquaza|0 fnt\n|faint|p1a: Rayquaza\n|-weather|none\n|\n|upkeep\n|c| Sinister3000|or not yet\n|c| Sinister3000|maybe\n|\n|t:|1617553199\n|switch|p1a: Lugia|Lugia|94\/100\n|turn|18\n|c| Sinister3000|damn\n|c| Sinister3000|gg\n|c|\u2606inertialinitiative|nah I'm specs i lose\n|c|\u2606inertialinitiative|unfortunately\n|\n|t:|1617553212\n|move|p2a: Regieleki|Extreme Speed|p1a: Lugia\n|-damage|p1a: Lugia|83\/100\n|move|p1a: Lugia|Ice Beam|p2a: Regieleki\n|-crit|p2a: Regieleki\n|-damage|p2a: Regieleki|0 fnt\n|faint|p2a: Regieleki\n|\n|win|Diameter\u272fXtreme\n|n|\u2606Diameter\u272fXtreme|diameterxtreme\n|n|\u2606inertialinitiative|inertialinitiative\n|n|*Lady Monita|ladymonita\n|n| Nout|nout\n|n| Zoaw|zoaw\n|n| Ceoh|ceoh\n|n| ThrohValencia|throhvalencia\n|n| default0|default0\n|n| Silversquatch|silversquatch\n|n| Sinister3000|sinister3000\n|n| Dxnny_Bxiii|dxnnybxiii\n|n| 0_0 Tmm2|00tmm2\n|n| Beatboxing is|beatboxingis\n|l|*Lady Monita\n|c| Sinister3000|lol\n|c| Ceoh|Gg\n|l| Nout\n|l| 0_0 Tmm2\n|l|\u2606Diameter\u272fXtreme\n","uploadtime":1617553222,"views":27,"p1id":"diameterxtreme","p2id":"inertialinitiative","formatid":"gen8nationaldexag","rating":0,"private":0,"password":null}