{"id":"gen8bdspru-1512333953","p1":"Ill Leave","p2":"BreathOfFreshErr","format":"gen8bdspru","log":"|j|\u2606Ill Leave\n|j|\u2606BreathOfFreshErr\n|t:|1645031512\n|gametype|singles\n|player|p1|Ill Leave|janine|1431\n|player|p2|BreathOfFreshErr|emmet|1449\n|teamsize|p1|6\n|teamsize|p2|6\n|gen|8\n|tier|[Gen 8 BDSP] RU\n|rated|\n|rule|Sleep Clause Mod: Limit one foe put to sleep\n|rule|Species Clause: Limit one of each Pok\u00e9mon\n|rule|OHKO Clause: OHKO moves are banned\n|rule|Evasion Moves Clause: Evasion moves are banned\n|rule|Endless Battle Clause: Forcing endless battles is banned\n|rule|HP Percentage Mod: HP is shown in percentages\n|clearpoke\n|poke|p1|Aerodactyl, F|\n|poke|p1|Nidoqueen, F|\n|poke|p1|Hariyama, F|\n|poke|p1|Mawile, F|\n|poke|p1|Rotom|\n|poke|p1|Mesprit|\n|poke|p2|Machamp, M|\n|poke|p2|Claydol|\n|poke|p2|Chansey, F|\n|poke|p2|Sableye, M|\n|poke|p2|Tangela, M|\n|poke|p2|Aggron, M|\n|teampreview\n|inactive|Battle timer is ON: inactive players will automatically lose when time's up. (requested by BreathOfFreshErr)\n|c|\u2606Ill Leave|idk if i can win this\n|inactive|Ill Leave has 120 seconds left.\n|c|\u2606BreathOfFreshErr|A long awaited match.\n|c|\u2606BreathOfFreshErr|Do your best. This will be one of the highest rated replays.\n|c|\u2606Ill Leave|? really\n|c|\u2606Ill Leave|gl\n|inactive|Ill Leave has 90 seconds left.\n|inactive|BreathOfFreshErr has 120 seconds left.\n|c|\u2606BreathOfFreshErr|If you lose it gets rated 1418 just about.\n|c|\u2606BreathOfFreshErr|If I lose it's 1420.\n|\n|t:|1645031593\n|start\n|switch|p1a: Nidoqueen|Nidoqueen, F|100\/100\n|switch|p2a: Benoit|Machamp, M, shiny|100\/100\n|turn|1\n|\n|t:|1645031602\n|move|p1a: Nidoqueen|Toxic Spikes|p2a: Benoit\n|-sidestart|p2: BreathOfFreshErr|move: Toxic Spikes\n|move|p2a: Benoit|Knock Off|p1a: Nidoqueen\n|-damage|p1a: Nidoqueen|56\/100\n|-enditem|p1a: Nidoqueen|Black Sludge|[from] move: Knock Off|[of] p2a: Benoit\n|-damage|p2a: Benoit|91\/100|[from] item: Life Orb\n|\n|upkeep\n|turn|2\n|\n|t:|1645031620\n|switch|p1a: Mawile|Mawile, F|100\/100\n|-ability|p1a: Mawile|Intimidate|boost\n|-unboost|p2a: Benoit|atk|1\n|switch|p2a: Agartha|Claydol, shiny|100\/100\n|\n|upkeep\n|turn|3\n|\n|t:|1645031643\n|move|p2a: Agartha|Stealth Rock|p1a: Mawile\n|-sidestart|p1: Ill Leave|move: Stealth Rock\n|move|p1a: Mawile|Iron Head|p2a: Agartha\n|-damage|p2a: Agartha|78\/100\n|\n|-heal|p2a: Agartha|84\/100|[from] item: Leftovers\n|upkeep\n|turn|4\n|\n|t:|1645031650\n|switch|p1a: Rotom|Rotom|100\/100\n|-damage|p1a: Rotom|88\/100|[from] Stealth Rock\n|move|p2a: Agartha|Psychic|p1a: Rotom\n|-damage|p1a: Rotom|38\/100\n|\n|-heal|p2a: Agartha|91\/100|[from] item: Leftovers\n|upkeep\n|turn|5\n|\n|t:|1645031661\n|move|p1a: Rotom|Volt Switch|p2a: Agartha\n|-immune|p2a: Agartha\n|move|p2a: Agartha|Psychic|p1a: Rotom\n|-damage|p1a: Rotom|0 fnt\n|faint|p1a: Rotom\n|\n|-heal|p2a: Agartha|97\/100|[from] item: Leftovers\n|upkeep\n|\n|t:|1645031669\n|switch|p1a: Mesprit|Mesprit|100\/100\n|-damage|p1a: Mesprit|88\/100|[from] Stealth Rock\n|turn|6\n|\n|t:|1645031680\n|switch|p2a: Spoiled Rotten|Chansey, F, shiny|100\/100\n|-status|p2a: Spoiled Rotten|psn\n|move|p1a: Mesprit|Ice Beam|p2a: Spoiled Rotten\n|-damage|p2a: Spoiled Rotten|91\/100 psn\n|\n|-heal|p2a: Spoiled Rotten|97\/100 psn|[from] item: Leftovers\n|-damage|p2a: Spoiled Rotten|85\/100 psn|[from] psn\n|upkeep\n|turn|7\n|\n|t:|1645031692\n|switch|p1a: Hariyama|Hariyama, F|100\/100\n|-damage|p1a: Hariyama|94\/100|[from] Stealth Rock\n|switch|p2a: Agartha|Claydol, shiny|97\/100\n|\n|-heal|p2a: Agartha|100\/100|[from] item: Leftovers\n|-heal|p1a: Hariyama|100\/100|[from] item: Leftovers\n|upkeep\n|turn|8\n|\n|t:|1645031699\n|move|p2a: Agartha|Rapid Spin|p1a: Hariyama\n|-damage|p1a: Hariyama|92\/100\n|-boost|p2a: Agartha|spe|1\n|-sideend|p2: BreathOfFreshErr|Toxic Spikes|[from] move: Rapid Spin|[of] p2a: Agartha\n|move|p1a: Hariyama|Knock Off|p2a: Agartha\n|-supereffective|p2a: Agartha\n|-damage|p2a: Agartha|50\/100\n|-enditem|p2a: Agartha|Leftovers|[from] move: Knock Off|[of] p1a: Hariyama\n|\n|-heal|p1a: Hariyama|98\/100|[from] item: Leftovers\n|upkeep\n|turn|9\n|\n|t:|1645031715\n|switch|p1a: Mesprit|Mesprit|88\/100\n|-damage|p1a: Mesprit|76\/100|[from] Stealth Rock\n|move|p2a: Agartha|Psychic|p1a: Mesprit\n|-resisted|p1a: Mesprit\n|-damage|p1a: Mesprit|60\/100\n|\n|upkeep\n|turn|10\n|\n|t:|1645031723\n|switch|p1a: Mawile|Mawile, F|100\/100\n|-damage|p1a: Mawile|94\/100|[from] Stealth Rock\n|-ability|p1a: Mawile|Intimidate|boost\n|-unboost|p2a: Agartha|atk|1\n|switch|p2a: Spoiled Rotten|Chansey, F, shiny|85\/100 psn\n|\n|-heal|p2a: Spoiled Rotten|91\/100 psn|[from] item: Leftovers\n|-heal|p1a: Mawile|100\/100|[from] item: Leftovers\n|-damage|p2a: Spoiled Rotten|78\/100 psn|[from] psn\n|upkeep\n|turn|11\n|\n|t:|1645031732\n|switch|p2a: Dzhokhar|Tangela, M, shiny|100\/100\n|move|p1a: Mawile|Stealth Rock|p2a: Dzhokhar\n|-sidestart|p2: BreathOfFreshErr|move: Stealth Rock\n|\n|upkeep\n|turn|12\n|\n|t:|1645031741\n|switch|p1a: Hariyama|Hariyama, F|98\/100\n|-damage|p1a: Hariyama|92\/100|[from] Stealth Rock\n|move|p2a: Dzhokhar|Sleep Powder|p1a: Hariyama\n|-status|p1a: Hariyama|slp|[from] move: Sleep Powder\n|\n|-heal|p1a: Hariyama|98\/100 slp|[from] item: Leftovers\n|upkeep\n|turn|13\n|\n|t:|1645031757\n|switch|p1a: Aerodactyl|Aerodactyl, F|100\/100\n|-damage|p1a: Aerodactyl|76\/100|[from] Stealth Rock\n|-ability|p1a: Aerodactyl|Pressure\n|move|p2a: Dzhokhar|Leech Seed|p1a: Aerodactyl\n|-start|p1a: Aerodactyl|move: Leech Seed\n|\n|-damage|p1a: Aerodactyl|63\/100|[from] Leech Seed|[of] p2a: Dzhokhar\n|upkeep\n|turn|14\n|\n|t:|1645031765\n|move|p1a: Aerodactyl|Roost|p1a: Aerodactyl\n|-heal|p1a: Aerodactyl|100\/100\n|-singleturn|p1a: Aerodactyl|move: Roost\n|move|p2a: Dzhokhar|Giga Drain|p1a: Aerodactyl\n|-supereffective|p1a: Aerodactyl\n|-damage|p1a: Aerodactyl|22\/100\n|\n|-damage|p1a: Aerodactyl|10\/100|[from] Leech Seed|[of] p2a: Dzhokhar\n|upkeep\n|turn|15\n|\n|t:|1645031768\n|switch|p1a: Mawile|Mawile, F|100\/100\n|-damage|p1a: Mawile|94\/100|[from] Stealth Rock\n|-ability|p1a: Mawile|Intimidate|boost\n|-unboost|p2a: Dzhokhar|atk|1\n|move|p2a: Dzhokhar|Giga Drain|p1a: Mawile\n|-resisted|p1a: Mawile\n|-damage|p1a: Mawile|72\/100\n|\n|-heal|p1a: Mawile|78\/100|[from] item: Leftovers\n|upkeep\n|turn|16\n|\n|t:|1645031781\n|switch|p2a: Bastille Day|Aggron, M, shiny|100\/100\n|-damage|p2a: Bastille Day|94\/100|[from] Stealth Rock\n|switch|p1a: Nidoqueen|Nidoqueen, F|56\/100\n|-damage|p1a: Nidoqueen|50\/100|[from] Stealth Rock\n|\n|upkeep\n|turn|17\n|\n|t:|1645031791\n|switch|p2a: Spoiled Rotten|Chansey, F, shiny|78\/100 psn\n|-damage|p2a: Spoiled Rotten|66\/100 psn|[from] Stealth Rock\n|move|p1a: Nidoqueen|Earth Power|p2a: Spoiled Rotten\n|-damage|p2a: Spoiled Rotten|51\/100 psn\n|\n|-heal|p2a: Spoiled Rotten|57\/100 psn|[from] item: Leftovers\n|-damage|p2a: Spoiled Rotten|45\/100 psn|[from] psn\n|upkeep\n|turn|18\n|\n|t:|1645031796\n|move|p1a: Nidoqueen|Toxic Spikes|p2a: Spoiled Rotten\n|-sidestart|p2: BreathOfFreshErr|move: Toxic Spikes\n|move|p2a: Spoiled Rotten|Soft-Boiled|p2a: Spoiled Rotten\n|-heal|p2a: Spoiled Rotten|95\/100 psn\n|\n|-heal|p2a: Spoiled Rotten|100\/100 psn|[from] item: Leftovers\n|-damage|p2a: Spoiled Rotten|88\/100 psn|[from] psn\n|upkeep\n|turn|19\n|\n|t:|1645031803\n|switch|p1a: Hariyama|Hariyama, F|98\/100 slp\n|-damage|p1a: Hariyama|92\/100 slp|[from] Stealth Rock\n|move|p2a: Spoiled Rotten|Seismic Toss|p1a: Hariyama\n|-damage|p1a: Hariyama|72\/100 slp\n|\n|-heal|p2a: Spoiled Rotten|94\/100 psn|[from] item: Leftovers\n|-heal|p1a: Hariyama|78\/100 slp|[from] item: Leftovers\n|-damage|p2a: Spoiled Rotten|82\/100 psn|[from] psn\n|upkeep\n|turn|20\n|\n|t:|1645031811\n|switch|p2a: Agartha|Claydol, shiny|50\/100\n|-damage|p2a: Agartha|44\/100|[from] Stealth Rock\n|cant|p1a: Hariyama|slp\n|\n|-heal|p1a: Hariyama|84\/100 slp|[from] item: Leftovers\n|upkeep\n|turn|21\n|\n|t:|1645031816\n|switch|p1a: Aerodactyl|Aerodactyl, F|10\/100\n|-damage|p1a: Aerodactyl|0 fnt|[from] Stealth Rock\n|faint|p1a: Aerodactyl\n|move|p2a: Agartha|Rapid Spin|p1: Aerodactyl|[notarget]\n|-fail|p2a: Agartha\n|\n|upkeep\n|\n|t:|1645031818\n|switch|p1a: Mesprit|Mesprit|60\/100\n|-damage|p1a: Mesprit|48\/100|[from] Stealth Rock\n|turn|22\n|\n|t:|1645031834\n|switch|p2a: Benoit|Machamp, M, shiny|91\/100\n|-status|p2a: Benoit|psn\n|-damage|p2a: Benoit|84\/100 psn|[from] Stealth Rock\n|move|p1a: Mesprit|Ice Beam|p2a: Benoit\n|-damage|p2a: Benoit|58\/100 psn\n|\n|-damage|p2a: Benoit|45\/100 psn|[from] psn\n|upkeep\n|turn|23\n|\n|t:|1645031841\n|move|p1a: Mesprit|Psychic|p2a: Benoit\n|-supereffective|p2a: Benoit\n|-damage|p2a: Benoit|0 fnt\n|faint|p2a: Benoit\n|\n|upkeep\n|\n|t:|1645031845\n|switch|p2a: Spoiled Rotten|Chansey, F, shiny|82\/100 psn\n|-damage|p2a: Spoiled Rotten|69\/100 psn|[from] Stealth Rock\n|turn|24\n|\n|t:|1645031851\n|switch|p1a: Hariyama|Hariyama, F|84\/100 slp\n|-damage|p1a: Hariyama|78\/100 slp|[from] Stealth Rock\n|move|p2a: Spoiled Rotten|Seismic Toss|p1a: Hariyama\n|-damage|p1a: Hariyama|58\/100 slp\n|\n|-heal|p2a: Spoiled Rotten|75\/100 psn|[from] item: Leftovers\n|-heal|p1a: Hariyama|64\/100 slp|[from] item: Leftovers\n|-damage|p2a: Spoiled Rotten|63\/100 psn|[from] psn\n|upkeep\n|turn|25\n|\n|t:|1645031857\n|switch|p2a: Agartha|Claydol, shiny|44\/100\n|-damage|p2a: Agartha|38\/100|[from] Stealth Rock\n|-curestatus|p1a: Hariyama|slp|[msg]\n|move|p1a: Hariyama|Whirlwind|p2a: Agartha\n|drag|p2a: Dzhokhar|Tangela, M, shiny|100\/100\n|-damage|p2a: Dzhokhar|88\/100|[from] Stealth Rock\n|-status|p2a: Dzhokhar|psn\n|\n|-heal|p2a: Dzhokhar|94\/100 psn|[from] item: Leftovers\n|-heal|p1a: Hariyama|70\/100|[from] item: Leftovers\n|-damage|p2a: Dzhokhar|82\/100 psn|[from] psn\n|upkeep\n|turn|26\n|\n|t:|1645031870\n|move|p2a: Dzhokhar|Sleep Powder|p1a: Hariyama\n|-status|p1a: Hariyama|slp|[from] move: Sleep Powder\n|cant|p1a: Hariyama|slp\n|\n|-heal|p2a: Dzhokhar|88\/100 psn|[from] item: Leftovers\n|-heal|p1a: Hariyama|76\/100 slp|[from] item: Leftovers\n|-damage|p2a: Dzhokhar|76\/100 psn|[from] psn\n|upkeep\n|turn|27\n|\n|t:|1645031878\n|move|p2a: Dzhokhar|Leech Seed|p1a: Hariyama|[miss]\n|-miss|p2a: Dzhokhar|p1a: Hariyama\n|cant|p1a: Hariyama|slp\n|\n|-heal|p2a: Dzhokhar|82\/100 psn|[from] item: Leftovers\n|-heal|p1a: Hariyama|82\/100 slp|[from] item: Leftovers\n|-damage|p2a: Dzhokhar|69\/100 psn|[from] psn\n|upkeep\n|turn|28\n|\n|t:|1645031881\n|move|p2a: Dzhokhar|Leech Seed|p1a: Hariyama\n|-start|p1a: Hariyama|move: Leech Seed\n|-curestatus|p1a: Hariyama|slp|[msg]\n|move|p1a: Hariyama|Knock Off|p2a: Dzhokhar\n|-damage|p2a: Dzhokhar|48\/100 psn\n|-enditem|p2a: Dzhokhar|Leftovers|[from] move: Knock Off|[of] p1a: Hariyama\n|\n|-heal|p1a: Hariyama|88\/100|[from] item: Leftovers\n|-damage|p1a: Hariyama|76\/100|[from] Leech Seed|[of] p2a: Dzhokhar\n|-heal|p2a: Dzhokhar|66\/100 psn|[silent]\n|-damage|p2a: Dzhokhar|53\/100 psn|[from] psn\n|upkeep\n|turn|29\n|\n|t:|1645031890\n|switch|p1a: Mawile|Mawile, F|78\/100\n|-damage|p1a: Mawile|72\/100|[from] Stealth Rock\n|-ability|p1a: Mawile|Intimidate|boost\n|-unboost|p2a: Dzhokhar|atk|1\n|move|p2a: Dzhokhar|Sleep Powder|p1a: Mawile\n|-status|p1a: Mawile|slp|[from] move: Sleep Powder\n|\n|-heal|p1a: Mawile|78\/100 slp|[from] item: Leftovers\n|-damage|p2a: Dzhokhar|41\/100 psn|[from] psn\n|upkeep\n|turn|30\n|\n|t:|1645031903\n|move|p2a: Dzhokhar|Leech Seed|p1a: Mawile\n|-start|p1a: Mawile|move: Leech Seed\n|cant|p1a: Mawile|slp\n|\n|-heal|p1a: Mawile|84\/100 slp|[from] item: Leftovers\n|-damage|p1a: Mawile|72\/100 slp|[from] Leech Seed|[of] p2a: Dzhokhar\n|-heal|p2a: Dzhokhar|53\/100 psn|[silent]\n|-damage|p2a: Dzhokhar|40\/100 psn|[from] psn\n|upkeep\n|turn|31\n|\n|t:|1645031912\n|switch|p2a: Bastille Day|Aggron, M, shiny|94\/100\n|-damage|p2a: Bastille Day|88\/100|[from] Stealth Rock\n|-curestatus|p1a: Mawile|slp|[msg]\n|move|p1a: Mawile|Iron Head|p2a: Bastille Day\n|-damage|p2a: Bastille Day|70\/100\n|\n|-heal|p1a: Mawile|78\/100|[from] item: Leftovers\n|-damage|p1a: Mawile|66\/100|[from] Leech Seed|[of] p2a: Bastille Day\n|-heal|p2a: Bastille Day|83\/100|[silent]\n|upkeep\n|turn|32\n|\n|t:|1645031922\n|switch|p1a: Hariyama|Hariyama, F|76\/100\n|-damage|p1a: Hariyama|70\/100|[from] Stealth Rock\n|move|p2a: Bastille Day|Iron Head|p1a: Hariyama\n|-damage|p1a: Hariyama|3\/100\n|\n|-heal|p1a: Hariyama|9\/100|[from] item: Leftovers\n|upkeep\n|turn|33\n|\n|t:|1645031941\n|switch|p2a: Dzhokhar|Tangela, M, shiny|74\/100 psn\n|-damage|p2a: Dzhokhar|61\/100 psn|[from] Stealth Rock\n|move|p1a: Hariyama|Close Combat|p2a: Dzhokhar\n|-damage|p2a: Dzhokhar|24\/100 psn\n|-unboost|p1a: Hariyama|def|1\n|-unboost|p1a: Hariyama|spd|1\n|\n|-heal|p1a: Hariyama|15\/100|[from] item: Leftovers\n|-damage|p2a: Dzhokhar|12\/100 psn|[from] psn\n|upkeep\n|turn|34\n|\n|t:|1645031951\n|switch|p2a: Goldmember|Sableye, M, shiny|100\/100\n|-status|p2a: Goldmember|psn\n|-damage|p2a: Goldmember|88\/100 psn|[from] Stealth Rock\n|move|p1a: Hariyama|Knock Off|p2a: Goldmember\n|-damage|p2a: Goldmember|53\/100 psn\n|-enditem|p2a: Goldmember|Leftovers|[from] move: Knock Off|[of] p1a: Hariyama\n|\n|-heal|p1a: Hariyama|21\/100|[from] item: Leftovers\n|-damage|p2a: Goldmember|41\/100 psn|[from] psn\n|upkeep\n|turn|35\n|\n|t:|1645031969\n|switch|p1a: Nidoqueen|Nidoqueen, F|50\/100\n|-damage|p1a: Nidoqueen|44\/100|[from] Stealth Rock\n|move|p2a: Goldmember|Recover|p2a: Goldmember\n|-heal|p2a: Goldmember|91\/100 psn\n|\n|-damage|p2a: Goldmember|78\/100 psn|[from] psn\n|upkeep\n|turn|36\n|\n|t:|1645031989\n|switch|p2a: Spoiled Rotten|Chansey, F, shiny|63\/100 psn\n|-damage|p2a: Spoiled Rotten|50\/100 psn|[from] Stealth Rock\n|move|p1a: Nidoqueen|Sludge Wave|p2a: Spoiled Rotten\n|-damage|p2a: Spoiled Rotten|35\/100 psn\n|\n|-heal|p2a: Spoiled Rotten|41\/100 psn|[from] item: Leftovers\n|-damage|p2a: Spoiled Rotten|29\/100 psn|[from] psn\n|upkeep\n|turn|37\n|\n|t:|1645031995\n|switch|p1a: Hariyama|Hariyama, F|21\/100\n|-damage|p1a: Hariyama|15\/100|[from] Stealth Rock\n|move|p2a: Spoiled Rotten|Soft-Boiled|p2a: Spoiled Rotten\n|-heal|p2a: Spoiled Rotten|79\/100 psn\n|\n|-heal|p2a: Spoiled Rotten|85\/100 psn|[from] item: Leftovers\n|-heal|p1a: Hariyama|21\/100|[from] item: Leftovers\n|-damage|p2a: Spoiled Rotten|73\/100 psn|[from] psn\n|upkeep\n|turn|38\n|\n|t:|1645032005\n|switch|p2a: Goldmember|Sableye, M, shiny|78\/100 psn\n|-damage|p2a: Goldmember|66\/100 psn|[from] Stealth Rock\n|move|p1a: Hariyama|Knock Off|p2a: Goldmember\n|-damage|p2a: Goldmember|43\/100 psn\n|\n|-heal|p1a: Hariyama|28\/100|[from] item: Leftovers\n|-damage|p2a: Goldmember|30\/100 psn|[from] psn\n|upkeep\n|turn|39\n|\n|t:|1645032011\n|move|p2a: Goldmember|Recover|p2a: Goldmember\n|-heal|p2a: Goldmember|80\/100 psn\n|move|p1a: Hariyama|Whirlwind|p2a: Goldmember\n|drag|p2a: Dzhokhar|Tangela, M, shiny|45\/100 psn\n|-damage|p2a: Dzhokhar|33\/100 psn|[from] Stealth Rock\n|\n|-heal|p1a: Hariyama|34\/100|[from] item: Leftovers\n|-damage|p2a: Dzhokhar|21\/100 psn|[from] psn\n|upkeep\n|turn|40\n|\n|t:|1645032018\n|switch|p2a: Goldmember|Sableye, M, shiny|80\/100 psn\n|-damage|p2a: Goldmember|68\/100 psn|[from] Stealth Rock\n|move|p1a: Hariyama|Close Combat|p2a: Goldmember\n|-immune|p2a: Goldmember\n|\n|-heal|p1a: Hariyama|40\/100|[from] item: Leftovers\n|-damage|p2a: Goldmember|55\/100 psn|[from] psn\n|upkeep\n|turn|41\n|\n|t:|1645032025\n|switch|p1a: Nidoqueen|Nidoqueen, F|44\/100\n|-damage|p1a: Nidoqueen|38\/100|[from] Stealth Rock\n|move|p2a: Goldmember|Recover|p2a: Goldmember\n|-heal|p2a: Goldmember|100\/100 psn\n|\n|-damage|p2a: Goldmember|88\/100 psn|[from] psn\n|upkeep\n|turn|42\n|\n|t:|1645032030\n|switch|p2a: Spoiled Rotten|Chansey, F, shiny|73\/100 psn\n|-damage|p2a: Spoiled Rotten|60\/100 psn|[from] Stealth Rock\n|move|p1a: Nidoqueen|Earth Power|p2a: Spoiled Rotten\n|-damage|p2a: Spoiled Rotten|46\/100 psn\n|\n|-heal|p2a: Spoiled Rotten|52\/100 psn|[from] item: Leftovers\n|-damage|p2a: Spoiled Rotten|40\/100 psn|[from] psn\n|upkeep\n|turn|43\n|\n|t:|1645032036\n|switch|p1a: Hariyama|Hariyama, F|40\/100\n|-damage|p1a: Hariyama|34\/100|[from] Stealth Rock\n|move|p2a: Spoiled Rotten|Soft-Boiled|p2a: Spoiled Rotten\n|-heal|p2a: Spoiled Rotten|90\/100 psn\n|\n|-heal|p2a: Spoiled Rotten|96\/100 psn|[from] item: Leftovers\n|-heal|p1a: Hariyama|40\/100|[from] item: Leftovers\n|-damage|p2a: Spoiled Rotten|83\/100 psn|[from] psn\n|upkeep\n|turn|44\n|\n|t:|1645032043\n|switch|p2a: Goldmember|Sableye, M, shiny|88\/100 psn\n|-damage|p2a: Goldmember|75\/100 psn|[from] Stealth Rock\n|move|p1a: Hariyama|Knock Off|p2a: Goldmember\n|-damage|p2a: Goldmember|52\/100 psn\n|\n|-heal|p1a: Hariyama|46\/100|[from] item: Leftovers\n|-damage|p2a: Goldmember|40\/100 psn|[from] psn\n|upkeep\n|turn|45\n|\n|t:|1645032051\n|switch|p1a: Mawile|Mawile, F|66\/100\n|-damage|p1a: Mawile|59\/100|[from] Stealth Rock\n|-ability|p1a: Mawile|Intimidate|boost\n|-unboost|p2a: Goldmember|atk|1\n|move|p2a: Goldmember|Recover|p2a: Goldmember\n|-heal|p2a: Goldmember|90\/100 psn\n|\n|-heal|p1a: Mawile|66\/100|[from] item: Leftovers\n|-damage|p2a: Goldmember|77\/100 psn|[from] psn\n|upkeep\n|turn|46\n|\n|t:|1645032058\n|switch|p2a: Bastille Day|Aggron, M, shiny|83\/100\n|-damage|p2a: Bastille Day|77\/100|[from] Stealth Rock\n|move|p1a: Mawile|Play Rough|p2a: Bastille Day\n|-resisted|p2a: Bastille Day\n|-damage|p2a: Bastille Day|66\/100\n|\n|-heal|p1a: Mawile|72\/100|[from] item: Leftovers\n|upkeep\n|turn|47\n|\n|t:|1645032065\n|move|p2a: Bastille Day|Iron Head|p1a: Mawile\n|-damage|p1a: Mawile|12\/100\n|cant|p1a: Mawile|flinch\n|\n|-heal|p1a: Mawile|18\/100|[from] item: Leftovers\n|upkeep\n|turn|48\n|\n|t:|1645032082\n|move|p1a: Mawile|Sucker Punch|p2a: Bastille Day\n|-damage|p2a: Bastille Day|53\/100\n|move|p2a: Bastille Day|Iron Head|p1a: Mawile\n|-damage|p1a: Mawile|0 fnt\n|faint|p1a: Mawile\n|\n|upkeep\n|\n|t:|1645032088\n|switch|p1a: Nidoqueen|Nidoqueen, F|38\/100\n|-damage|p1a: Nidoqueen|32\/100|[from] Stealth Rock\n|turn|49\n|\n|t:|1645032093\n|switch|p2a: Spoiled Rotten|Chansey, F, shiny|83\/100 psn\n|-damage|p2a: Spoiled Rotten|71\/100 psn|[from] Stealth Rock\n|move|p1a: Nidoqueen|Earth Power|p2a: Spoiled Rotten\n|-damage|p2a: Spoiled Rotten|56\/100 psn\n|\n|-heal|p2a: Spoiled Rotten|63\/100 psn|[from] item: Leftovers\n|-damage|p2a: Spoiled Rotten|50\/100 psn|[from] psn\n|upkeep\n|turn|50\n|\n|t:|1645032098\n|switch|p1a: Hariyama|Hariyama, F|46\/100\n|-damage|p1a: Hariyama|40\/100|[from] Stealth Rock\n|move|p2a: Spoiled Rotten|Soft-Boiled|p2a: Spoiled Rotten\n|-heal|p2a: Spoiled Rotten|99\/100 psn\n|\n|-heal|p2a: Spoiled Rotten|100\/100 psn|[from] item: Leftovers\n|-heal|p1a: Hariyama|46\/100|[from] item: Leftovers\n|-damage|p2a: Spoiled Rotten|88\/100 psn|[from] psn\n|upkeep\n|turn|51\n|\n|t:|1645032105\n|switch|p2a: Goldmember|Sableye, M, shiny|77\/100 psn\n|-damage|p2a: Goldmember|65\/100 psn|[from] Stealth Rock\n|move|p1a: Hariyama|Knock Off|p2a: Goldmember\n|-damage|p2a: Goldmember|38\/100 psn\n|\n|-heal|p1a: Hariyama|52\/100|[from] item: Leftovers\n|-damage|p2a: Goldmember|25\/100 psn|[from] psn\n|upkeep\n|turn|52\n|\n|t:|1645032110\n|move|p2a: Goldmember|Recover|p2a: Goldmember\n|-heal|p2a: Goldmember|75\/100 psn\n|move|p1a: Hariyama|Knock Off|p2a: Goldmember\n|-damage|p2a: Goldmember|51\/100 psn\n|\n|-heal|p1a: Hariyama|58\/100|[from] item: Leftovers\n|-damage|p2a: Goldmember|39\/100 psn|[from] psn\n|upkeep\n|turn|53\n|\n|t:|1645032114\n|move|p2a: Goldmember|Recover|p2a: Goldmember\n|-heal|p2a: Goldmember|89\/100 psn\n|move|p1a: Hariyama|Knock Off|p2a: Goldmember\n|-damage|p2a: Goldmember|65\/100 psn\n|\n|-heal|p1a: Hariyama|64\/100|[from] item: Leftovers\n|-damage|p2a: Goldmember|52\/100 psn|[from] psn\n|upkeep\n|turn|54\n|\n|t:|1645032120\n|switch|p1a: Nidoqueen|Nidoqueen, F|32\/100\n|-damage|p1a: Nidoqueen|26\/100|[from] Stealth Rock\n|move|p2a: Goldmember|Will-O-Wisp|p1a: Nidoqueen|[miss]\n|-miss|p2a: Goldmember|p1a: Nidoqueen\n|\n|-damage|p2a: Goldmember|40\/100 psn|[from] psn\n|upkeep\n|turn|55\n|\n|t:|1645032126\n|switch|p2a: Spoiled Rotten|Chansey, F, shiny|88\/100 psn\n|-damage|p2a: Spoiled Rotten|75\/100 psn|[from] Stealth Rock\n|move|p1a: Nidoqueen|Earth Power|p2a: Spoiled Rotten\n|-damage|p2a: Spoiled Rotten|63\/100 psn\n|\n|-heal|p2a: Spoiled Rotten|69\/100 psn|[from] item: Leftovers\n|-damage|p2a: Spoiled Rotten|56\/100 psn|[from] psn\n|upkeep\n|turn|56\n|\n|t:|1645032134\n|switch|p1a: Hariyama|Hariyama, F|64\/100\n|-damage|p1a: Hariyama|58\/100|[from] Stealth Rock\n|move|p2a: Spoiled Rotten|Soft-Boiled|p2a: Spoiled Rotten\n|-heal|p2a: Spoiled Rotten|100\/100 psn\n|\n|-heal|p1a: Hariyama|64\/100|[from] item: Leftovers\n|-damage|p2a: Spoiled Rotten|88\/100 psn|[from] psn\n|upkeep\n|turn|57\n|\n|t:|1645032142\n|switch|p2a: Dzhokhar|Tangela, M, shiny|54\/100 psn\n|-damage|p2a: Dzhokhar|42\/100 psn|[from] Stealth Rock\n|move|p1a: Hariyama|Close Combat|p2a: Dzhokhar\n|-damage|p2a: Dzhokhar|0 fnt\n|-unboost|p1a: Hariyama|def|1\n|-unboost|p1a: Hariyama|spd|1\n|faint|p2a: Dzhokhar\n|\n|-heal|p1a: Hariyama|70\/100|[from] item: Leftovers\n|upkeep\n|\n|t:|1645032152\n|switch|p2a: Goldmember|Sableye, M, shiny|40\/100 psn\n|-damage|p2a: Goldmember|27\/100 psn|[from] Stealth Rock\n|turn|58\n|\n|t:|1645032159\n|move|p2a: Goldmember|Recover|p2a: Goldmember\n|-heal|p2a: Goldmember|77\/100 psn\n|move|p1a: Hariyama|Whirlwind|p2a: Goldmember\n|drag|p2a: Bastille Day|Aggron, M, shiny|53\/100\n|-damage|p2a: Bastille Day|47\/100|[from] Stealth Rock\n|\n|-heal|p1a: Hariyama|76\/100|[from] item: Leftovers\n|upkeep\n|turn|59\n|\n|t:|1645032166\n|switch|p2a: Goldmember|Sableye, M, shiny|77\/100 psn\n|-damage|p2a: Goldmember|65\/100 psn|[from] Stealth Rock\n|move|p1a: Hariyama|Close Combat|p2a: Goldmember\n|-immune|p2a: Goldmember\n|\n|-heal|p1a: Hariyama|82\/100|[from] item: Leftovers\n|-damage|p2a: Goldmember|52\/100 psn|[from] psn\n|upkeep\n|turn|60\n|\n|t:|1645032172\n|switch|p1a: Nidoqueen|Nidoqueen, F|26\/100\n|-damage|p1a: Nidoqueen|20\/100|[from] Stealth Rock\n|move|p2a: Goldmember|Recover|p2a: Goldmember\n|-heal|p2a: Goldmember|100\/100 psn\n|\n|-damage|p2a: Goldmember|88\/100 psn|[from] psn\n|upkeep\n|turn|61\n|\n|t:|1645032189\n|switch|p1a: Hariyama|Hariyama, F|82\/100\n|-damage|p1a: Hariyama|76\/100|[from] Stealth Rock\n|switch|p2a: Spoiled Rotten|Chansey, F, shiny|88\/100 psn\n|-damage|p2a: Spoiled Rotten|75\/100 psn|[from] Stealth Rock\n|\n|-heal|p2a: Spoiled Rotten|82\/100 psn|[from] item: Leftovers\n|-heal|p1a: Hariyama|82\/100|[from] item: Leftovers\n|-damage|p2a: Spoiled Rotten|69\/100 psn|[from] psn\n|upkeep\n|turn|62\n|\n|t:|1645032195\n|switch|p2a: Goldmember|Sableye, M, shiny|88\/100 psn\n|-damage|p2a: Goldmember|75\/100 psn|[from] Stealth Rock\n|move|p1a: Hariyama|Knock Off|p2a: Goldmember\n|-damage|p2a: Goldmember|51\/100 psn\n|\n|-heal|p1a: Hariyama|89\/100|[from] item: Leftovers\n|-damage|p2a: Goldmember|39\/100 psn|[from] psn\n|upkeep\n|turn|63\n|\n|t:|1645032201\n|move|p2a: Goldmember|Recover|p2a: Goldmember\n|-heal|p2a: Goldmember|89\/100 psn\n|move|p1a: Hariyama|Knock Off|p2a: Goldmember\n|-damage|p2a: Goldmember|62\/100 psn\n|\n|-heal|p1a: Hariyama|95\/100|[from] item: Leftovers\n|-damage|p2a: Goldmember|50\/100 psn|[from] psn\n|upkeep\n|turn|64\n|\n|t:|1645032205\n|move|p2a: Goldmember|Recover|p2a: Goldmember\n|-heal|p2a: Goldmember|99\/100 psn\n|move|p1a: Hariyama|Knock Off|p2a: Goldmember\n|-crit|p2a: Goldmember\n|-damage|p2a: Goldmember|63\/100 psn\n|\n|-heal|p1a: Hariyama|100\/100|[from] item: Leftovers\n|-damage|p2a: Goldmember|50\/100 psn|[from] psn\n|upkeep\n|turn|65\n|\n|t:|1645032219\n|move|p2a: Goldmember|Recover|p2a: Goldmember\n|-heal|p2a: Goldmember|100\/100 psn\n|move|p1a: Hariyama|Knock Off|p2a: Goldmember\n|-damage|p2a: Goldmember|74\/100 psn\n|\n|-damage|p2a: Goldmember|61\/100 psn|[from] psn\n|upkeep\n|turn|66\n|\n|t:|1645032222\n|move|p2a: Goldmember|Will-O-Wisp|p1a: Hariyama|[miss]\n|-miss|p2a: Goldmember|p1a: Hariyama\n|move|p1a: Hariyama|Knock Off|p2a: Goldmember\n|-crit|p2a: Goldmember\n|-damage|p2a: Goldmember|24\/100 psn\n|\n|-damage|p2a: Goldmember|11\/100 psn|[from] psn\n|upkeep\n|turn|67\n|\n|t:|1645032227\n|move|p2a: Goldmember|Recover|p2a: Goldmember\n|-heal|p2a: Goldmember|61\/100 psn\n|move|p1a: Hariyama|Knock Off|p2a: Goldmember\n|-damage|p2a: Goldmember|38\/100 psn\n|\n|-damage|p2a: Goldmember|25\/100 psn|[from] psn\n|upkeep\n|turn|68\n|\n|t:|1645032231\n|move|p2a: Goldmember|Recover|p2a: Goldmember\n|-heal|p2a: Goldmember|75\/100 psn\n|move|p1a: Hariyama|Knock Off|p2a: Goldmember\n|-damage|p2a: Goldmember|50\/100 psn\n|\n|-damage|p2a: Goldmember|37\/100 psn|[from] psn\n|upkeep\n|turn|69\n|\n|t:|1645032242\n|move|p2a: Goldmember|Recover|p2a: Goldmember\n|-heal|p2a: Goldmember|87\/100 psn\n|move|p1a: Hariyama|Knock Off|p2a: Goldmember\n|-damage|p2a: Goldmember|62\/100 psn\n|\n|-damage|p2a: Goldmember|49\/100 psn|[from] psn\n|upkeep\n|turn|70\n|\n|t:|1645032245\n|move|p2a: Goldmember|Will-O-Wisp|p1a: Hariyama\n|-status|p1a: Hariyama|brn\n|move|p1a: Hariyama|Knock Off|p2a: Goldmember\n|-damage|p2a: Goldmember|36\/100 psn\n|\n|-damage|p2a: Goldmember|24\/100 psn|[from] psn\n|-damage|p1a: Hariyama|94\/100 brn|[from] brn\n|upkeep\n|turn|71\n|\n|t:|1645032250\n|move|p2a: Goldmember|Recover|p2a: Goldmember\n|-heal|p2a: Goldmember|74\/100 psn\n|move|p1a: Hariyama|Knock Off|p2a: Goldmember\n|-damage|p2a: Goldmember|61\/100 psn\n|\n|-heal|p1a: Hariyama|100\/100 brn|[from] item: Leftovers\n|-damage|p2a: Goldmember|48\/100 psn|[from] psn\n|-damage|p1a: Hariyama|94\/100 brn|[from] brn\n|upkeep\n|turn|72\n|\n|t:|1645032255\n|move|p1a: Hariyama|Knock Off|p2a: Goldmember\n|-damage|p2a: Goldmember|36\/100 psn\n|move|p2a: Goldmember|Knock Off|p1a: Hariyama\n|-resisted|p1a: Hariyama\n|-damage|p1a: Hariyama|80\/100 brn\n|-enditem|p1a: Hariyama|Leftovers|[from] move: Knock Off|[of] p2a: Goldmember\n|\n|-damage|p2a: Goldmember|23\/100 psn|[from] psn\n|-damage|p1a: Hariyama|74\/100 brn|[from] brn\n|upkeep\n|turn|73\n|\n|t:|1645032261\n|move|p2a: Goldmember|Recover|p2a: Goldmember\n|-heal|p2a: Goldmember|73\/100 psn\n|move|p1a: Hariyama|Knock Off|p2a: Goldmember\n|-damage|p2a: Goldmember|61\/100 psn\n|\n|-damage|p2a: Goldmember|49\/100 psn|[from] psn\n|-damage|p1a: Hariyama|68\/100 brn|[from] brn\n|upkeep\n|turn|74\n|\n|t:|1645032267\n|move|p2a: Goldmember|Knock Off|p1a: Hariyama\n|-resisted|p1a: Hariyama\n|-damage|p1a: Hariyama|59\/100 brn\n|move|p1a: Hariyama|Knock Off|p2a: Goldmember\n|-damage|p2a: Goldmember|37\/100 psn\n|\n|-damage|p2a: Goldmember|24\/100 psn|[from] psn\n|-damage|p1a: Hariyama|53\/100 brn|[from] brn\n|upkeep\n|turn|75\n|\n|t:|1645032273\n|move|p2a: Goldmember|Taunt|p1a: Hariyama\n|-start|p1a: Hariyama|move: Taunt\n|move|p1a: Hariyama|Knock Off|p2a: Goldmember\n|-damage|p2a: Goldmember|11\/100 psn\n|\n|-damage|p2a: Goldmember|0 fnt|[from] psn\n|faint|p2a: Goldmember\n|-damage|p1a: Hariyama|47\/100 brn|[from] brn\n|upkeep\n|\n|t:|1645032278\n|switch|p2a: Agartha|Claydol, shiny|38\/100\n|-damage|p2a: Agartha|31\/100|[from] Stealth Rock\n|turn|76\n|\n|t:|1645032283\n|switch|p1a: Mesprit|Mesprit|48\/100\n|-damage|p1a: Mesprit|35\/100|[from] Stealth Rock\n|move|p2a: Agartha|Rapid Spin|p1a: Mesprit\n|-damage|p1a: Mesprit|27\/100\n|-boost|p2a: Agartha|spe|1\n|-sideend|p2: BreathOfFreshErr|Toxic Spikes|[from] move: Rapid Spin|[of] p2a: Agartha\n|-sideend|p2: BreathOfFreshErr|Stealth Rock|[from] move: Rapid Spin|[of] p2a: Agartha\n|\n|upkeep\n|turn|77\n|\n|t:|1645032292\n|switch|p1a: Hariyama|Hariyama, F|47\/100 brn\n|-damage|p1a: Hariyama|41\/100 brn|[from] Stealth Rock\n|switch|p2a: Spoiled Rotten|Chansey, F, shiny|69\/100 psn\n|\n|-heal|p2a: Spoiled Rotten|75\/100 psn|[from] item: Leftovers\n|-damage|p2a: Spoiled Rotten|63\/100 psn|[from] psn\n|-damage|p1a: Hariyama|35\/100 brn|[from] brn\n|upkeep\n|turn|78\n|\n|t:|1645032302\n|switch|p2a: Bastille Day|Aggron, M, shiny|47\/100\n|move|p1a: Hariyama|Knock Off|p2a: Bastille Day\n|-damage|p2a: Bastille Day|35\/100\n|-enditem|p2a: Bastille Day|Choice Band|[from] move: Knock Off|[of] p1a: Hariyama\n|\n|-damage|p1a: Hariyama|29\/100 brn|[from] brn\n|upkeep\n|turn|79\n|\n|t:|1645032308\n|move|p2a: Bastille Day|Iron Head|p1a: Hariyama\n|-damage|p1a: Hariyama|0 fnt\n|faint|p1a: Hariyama\n|\n|upkeep\n|\n|t:|1645032313\n|switch|p1a: Mesprit|Mesprit|27\/100\n|-damage|p1a: Mesprit|15\/100|[from] Stealth Rock\n|turn|80\n|\n|t:|1645032315\n|move|p1a: Mesprit|Thunderbolt|p2a: Bastille Day\n|-damage|p2a: Bastille Day|0 fnt\n|faint|p2a: Bastille Day\n|\n|upkeep\n|\n|t:|1645032318\n|switch|p2a: Spoiled Rotten|Chansey, F, shiny|63\/100 psn\n|turn|81\n|\n|t:|1645032323\n|move|p1a: Mesprit|Psychic|p2a: Spoiled Rotten\n|-damage|p2a: Spoiled Rotten|48\/100 psn\n|move|p2a: Spoiled Rotten|Aromatherapy|p2a: Spoiled Rotten\n|-activate|p2a: Spoiled Rotten|move: Aromatherapy\n|-curestatus|p2a: Spoiled Rotten|psn|[msg]\n|\n|-heal|p2a: Spoiled Rotten|54\/100|[from] item: Leftovers\n|upkeep\n|turn|82\n|\n|t:|1645032328\n|move|p1a: Mesprit|Ice Beam|p2a: Spoiled Rotten\n|-damage|p2a: Spoiled Rotten|45\/100\n|move|p2a: Spoiled Rotten|Soft-Boiled|p2a: Spoiled Rotten\n|-heal|p2a: Spoiled Rotten|95\/100\n|\n|-heal|p2a: Spoiled Rotten|100\/100|[from] item: Leftovers\n|upkeep\n|turn|83\n|\n|t:|1645032331\n|move|p1a: Mesprit|Ice Beam|p2a: Spoiled Rotten\n|-damage|p2a: Spoiled Rotten|91\/100\n|move|p2a: Spoiled Rotten|Seismic Toss|p1a: Mesprit\n|-damage|p1a: Mesprit|0 fnt\n|faint|p1a: Mesprit\n|\n|-heal|p2a: Spoiled Rotten|98\/100|[from] item: Leftovers\n|upkeep\n|\n|t:|1645032336\n|switch|p1a: Nidoqueen|Nidoqueen, F|20\/100\n|-damage|p1a: Nidoqueen|14\/100|[from] Stealth Rock\n|turn|84\n|\n|t:|1645032340\n|move|p1a: Nidoqueen|Toxic Spikes|p2a: Spoiled Rotten\n|-sidestart|p2: BreathOfFreshErr|move: Toxic Spikes\n|move|p2a: Spoiled Rotten|Seismic Toss|p1a: Nidoqueen\n|-damage|p1a: Nidoqueen|0 fnt\n|faint|p1a: Nidoqueen\n|\n|win|BreathOfFreshErr\n|raw|Ill Leave's rating: 1431 &rarr; <strong>1412<\/strong><br \/>(-19 for losing)\n|raw|BreathOfFreshErr's rating: 1449 &rarr; <strong>1468<\/strong><br \/>(+19 for winning)\n|c|\u2606Ill Leave|gg\n|c|\u2606BreathOfFreshErr|gg\n","uploadtime":1645032345,"views":110,"p1id":"illleave","p2id":"breathoffresherr","formatid":"gen8bdspru","rating":1412,"private":0,"password":null}