{"id":"gen8nationaldex-1525555537","p1":"zenaku23","p2":"Hikari-miyako","format":"gen8nationaldex","log":"|html|<div class=\"broadcast-blue\"><strong>[Gen 8] National Dex is currently suspecting Dragapult! For information on how to participate check out the <a href=\"https:\/\/www.smogon.com\/forums\/threads\/national-dex-suspect-test-14-ghost-girl.3697927\/\">suspect thread<\/a>.<\/strong><\/div>\n|j|\u2606zenaku23\n|j|\u2606Hikari-miyako\n|t:|1646673054\n|gametype|singles\n|player|p1|zenaku23|acetrainer-gen4dp|1732\n|player|p2|Hikari-miyako|ariana|1815\n|teamsize|p1|6\n|teamsize|p2|6\n|gen|8\n|tier|[Gen 8] National Dex\n|rated|\n|rule|HP Percentage Mod: HP is shown in percentages\n|rule|Endless Battle Clause: Forcing endless battles is banned\n|rule|OHKO Clause: OHKO moves are banned\n|rule|Evasion Moves Clause: Evasion moves are banned\n|rule|Species Clause: Limit one of each Pok\u00e9mon\n|rule|Dynamax Clause: You cannot dynamax\n|rule|Sleep Clause Mod: Limit one foe put to sleep\n|clearpoke\n|poke|p1|Scizor, M|\n|poke|p1|Ditto|\n|poke|p1|Tapu Koko|\n|poke|p1|Slowbro, M|\n|poke|p1|Mantine, F|\n|poke|p1|Nidoking, M|\n|poke|p2|Aegislash, F|\n|poke|p2|Diancie|\n|poke|p2|Thundurus, M|\n|poke|p2|Bisharp, F|\n|poke|p2|Serperior, M|\n|poke|p2|Dragapult, M|\n|teampreview\n|inactive|Battle timer is ON: inactive players will automatically lose when time's up. (requested by Hikari-miyako)\n|\n|t:|1646673061\n|start\n|switch|p1a: Svelto|Scizor, M, shiny|100\/100\n|switch|p2a: Bisharp|Bisharp, F|100\/100\n|turn|1\n|\n|t:|1646673066\n|detailschange|p1a: Svelto|Scizor-Mega, M, shiny\n|-mega|p1a: Svelto|Scizor|Scizorite\n|move|p1a: Svelto|Knock Off|p2a: Bisharp\n|-resisted|p2a: Bisharp\n|-damage|p2a: Bisharp|84\/100\n|-enditem|p2a: Bisharp|Focus Sash|[from] move: Knock Off|[of] p1a: Svelto\n|move|p2a: Bisharp|Stealth Rock|p1a: Svelto\n|-sidestart|p1: zenaku23|move: Stealth Rock\n|\n|upkeep\n|turn|2\n|\n|t:|1646673075\n|move|p1a: Svelto|Swords Dance|p1a: Svelto\n|-boost|p1a: Svelto|atk|2\n|move|p2a: Bisharp|Knock Off|p1a: Svelto\n|-damage|p1a: Svelto|80\/100\n|\n|upkeep\n|turn|3\n|\n|t:|1646673083\n|switch|p2a: Aegislash|Aegislash, F|100\/100\n|move|p1a: Svelto|Knock Off|p2a: Aegislash\n|-supereffective|p2a: Aegislash\n|-damage|p2a: Aegislash|0 fnt\n|-enditem|p2a: Aegislash|Weakness Policy|[from] move: Knock Off|[of] p1a: Svelto\n|faint|p2a: Aegislash\n|\n|upkeep\n|\n|t:|1646673087\n|switch|p2a: Serperior|Serperior, M|100\/100\n|turn|4\n|\n|t:|1646673096\n|move|p2a: Serperior|Hidden Power|p1a: Svelto\n|-supereffective|p1a: Svelto\n|-damage|p1a: Svelto|22\/100\n|move|p1a: Svelto|Knock Off|p2a: Serperior\n|-damage|p2a: Serperior|20\/100\n|-enditem|p2a: Serperior|Choice Scarf|[from] move: Knock Off|[of] p1a: Svelto\n|\n|upkeep\n|turn|5\n|\n|t:|1646673109\n|move|p1a: Svelto|Bullet Punch|p2a: Serperior\n|-damage|p2a: Serperior|0 fnt\n|faint|p2a: Serperior\n|\n|upkeep\n|\n|t:|1646673111\n|switch|p2a: Dragapult|Dragapult, M|100\/100\n|turn|6\n|\n|t:|1646673119\n|move|p2a: Dragapult|Sucker Punch|p1a: Svelto\n|-damage|p1a: Svelto|4\/100\n|-damage|p2a: Dragapult|91\/100|[from] item: Life Orb\n|move|p1a: Svelto|Bullet Punch|p2a: Dragapult\n|-damage|p2a: Dragapult|0 fnt\n|faint|p2a: Dragapult\n|\n|upkeep\n|\n|t:|1646673124\n|switch|p2a: Bisharp|Bisharp, F|84\/100\n|turn|7\n|\n|t:|1646673127\n|move|p1a: Svelto|Roost|p1a: Svelto\n|-heal|p1a: Svelto|54\/100\n|-singleturn|p1a: Svelto|move: Roost\n|move|p2a: Bisharp|Knock Off|p1a: Svelto\n|-damage|p1a: Svelto|32\/100\n|\n|upkeep\n|turn|8\n|\n|t:|1646673132\n|switch|p2a: Thundurus|Thundurus, M|100\/100\n|move|p1a: Svelto|Roost|p1a: Svelto\n|-heal|p1a: Svelto|82\/100\n|-singleturn|p1a: Svelto|move: Roost\n|\n|upkeep\n|turn|9\n|\n|t:|1646673135\n|move|p2a: Thundurus|Thunderbolt|p1a: Svelto\n|-damage|p1a: Svelto|28\/100\n|-damage|p2a: Thundurus|91\/100|[from] item: Life Orb\n|move|p1a: Svelto|Knock Off|p2a: Thundurus\n|-damage|p2a: Thundurus|0 fnt\n|-enditem|p2a: Thundurus|Life Orb|[from] move: Knock Off|[of] p1a: Svelto\n|faint|p2a: Thundurus\n|\n|upkeep\n|\n|t:|1646673140\n|switch|p2a: Bisharp|Bisharp, F|84\/100\n|turn|10\n|-message|Hikari-miyako forfeited.\n|\n|win|zenaku23\n|raw|zenaku23's rating: 1732 &rarr; <strong>1757<\/strong><br \/>(+25 for winning)\n|raw|Hikari-miyako's rating: 1815 &rarr; <strong>1790<\/strong><br \/>(-25 for losing)\n|l|\u2606Hikari-miyako\n||Ladder isn't responding, score probably updated but might not have (Request timeout).\n","uploadtime":1646673234,"views":54,"p1id":"zenaku23","p2id":"hikarimiyako","formatid":"gen8nationaldex","rating":1757,"private":0,"password":null}