{"id":"gen8ou-1121284220","p1":"Burnt Bright","p2":"LeBarBURR","format":"gen8ou","log":"|j|\u2606Burnt Bright\n|j|\u2606LeBarBURR\n|player|p1|Burnt Bright|169|1690\n|player|p2|LeBarBURR|rancher|1507\n|teamsize|p1|6\n|teamsize|p2|6\n|gametype|singles\n|gen|8\n|tier|[Gen 8] OU\n|rated|\n|html|<div class=\"broadcast-blue\"><strong>OU is currently suspecting Dracovish! For information on how to participate check out the <a href=\"https:\/\/www.smogon.com\/forums\/threads\/3664521\/\">suspect thread<\/a>.<\/strong><\/div>\n|clearpoke\n|poke|p1|Zeraora|\n|poke|p1|Aegislash, F|\n|poke|p1|Seismitoad, M|\n|poke|p1|Mandibuzz, F|\n|poke|p1|Kyurem|\n|poke|p1|Conkeldurr, F|\n|poke|p2|Slurpuff, M|\n|poke|p2|Excadrill, M|\n|poke|p2|Bisharp, F|\n|poke|p2|Kommo-o, M|\n|poke|p2|Dragapult, F|\n|poke|p2|Cloyster, M|\n|rule|Sleep Clause Mod: Limit one foe put to sleep\n|rule|Species Clause: Limit one of each Pok\u00e9mon\n|rule|OHKO Clause: OHKO moves are banned\n|rule|Evasion Moves Clause: Evasion moves are banned\n|rule|Endless Battle Clause: Forcing endless battles is banned\n|rule|HP Percentage Mod: HP is shown in percentages\n|rule|Dynamax Clause: You cannot dynamax\n|teampreview\n|j| Vessev\n|j| leona4\n|l| leona4\n|\n|start\n|switch|p1a: Kyurem|Kyurem|100\/100\n|switch|p2a: Slurpuff|Slurpuff, M|100\/100\n|-ability|p1a: Kyurem|Pressure\n|turn|1\n|inactive|Battle timer is ON: inactive players will automatically lose when time's up. (requested by Burnt Bright)\n|\n|move|p1a: Kyurem|Ice Beam|p2a: Slurpuff\n|-crit|p2a: Slurpuff\n|-enditem|p2a: Slurpuff|Focus Sash\n|-damage|p2a: Slurpuff|1\/100\n|move|p2a: Slurpuff|Sticky Web|p1a: Kyurem\n|-sidestart|p1: Burnt Bright|move: Sticky Web\n|\n|upkeep\n|turn|2\n|\n|move|p2a: Slurpuff|Endeavor|p1a: Kyurem\n|-damage|p1a: Kyurem|1\/100\n|move|p1a: Kyurem|Ice Beam|p2a: Slurpuff\n|-damage|p2a: Slurpuff|0 fnt\n|faint|p2a: Slurpuff\n|\n|upkeep\n|\n|switch|p2a: Excadrill|Excadrill, M|100\/100\n|-ability|p2a: Excadrill|Mold Breaker\n|turn|3\n|\n|move|p1a: Kyurem|Ice Beam|p2a: Excadrill\n|-damage|p2a: Excadrill|11\/100\n|move|p2a: Excadrill|Rapid Spin|p1a: Kyurem\n|-damage|p1a: Kyurem|0 fnt\n|-boost|p2a: Excadrill|spe|1\n|faint|p1a: Kyurem\n|\n|upkeep\n|\n|switch|p1a: Conkeldurr|Conkeldurr, F|100\/100\n|-activate|p1a: Conkeldurr|move: Sticky Web\n|-unboost|p1a: Conkeldurr|spe|1\n|turn|4\n|l| Vessev\n|\n|switch|p2a: Dragapult|Dragapult, F|100\/100\n|move|p1a: Conkeldurr|Mach Punch|p2a: Dragapult\n|-immune|p2a: Dragapult\n|\n|-status|p1a: Conkeldurr|brn|[from] item: Flame Orb\n|upkeep\n|turn|5\n|\n|switch|p1a: Mandibuzz|Mandibuzz, F|100\/100\n|move|p2a: Dragapult|Dragon Darts|p1a: Mandibuzz\n|-damage|p1a: Mandibuzz|75\/100\n|-anim|p2a: Dragapult|Dragon Darts|p1a: Mandibuzz\n|-damage|p1a: Mandibuzz|49\/100\n|-damage|p2a: Dragapult|91\/100|[from] item: Life Orb\n|\n|upkeep\n|turn|6\n|\n|switch|p1a: Aegislash|Aegislash, F|100\/100\n|-activate|p1a: Aegislash|move: Sticky Web\n|-unboost|p1a: Aegislash|spe|1\n|move|p2a: Dragapult|Dragon Darts|p1a: Aegislash\n|-resisted|p1a: Aegislash\n|-damage|p1a: Aegislash|85\/100\n|-anim|p2a: Dragapult|Dragon Darts|p1a: Aegislash\n|-resisted|p1a: Aegislash\n|-damage|p1a: Aegislash|68\/100\n|-damage|p2a: Dragapult|81\/100|[from] item: Life Orb\n|\n|upkeep\n|turn|7\n|\n|switch|p2a: Bisharp|Bisharp, F|100\/100\n|-formechange|p1a: Aegislash|Aegislash-Blade||[from] ability: Stance Change\n|move|p1a: Aegislash|Flash Cannon|p2a: Bisharp\n|-resisted|p2a: Bisharp\n|-damage|p2a: Bisharp|63\/100\n|\n|upkeep\n|turn|8\n|\n|switch|p1a: Conkeldurr|Conkeldurr, F|100\/100 brn\n|-activate|p1a: Conkeldurr|move: Sticky Web\n|-unboost|p1a: Conkeldurr|spe|1\n|move|p2a: Bisharp|Iron Head|p1a: Conkeldurr\n|-damage|p1a: Conkeldurr|62\/100 brn\n|\n|-damage|p1a: Conkeldurr|56\/100 brn|[from] brn\n|upkeep\n|turn|9\n|\n|move|p2a: Bisharp|Iron Head|p1a: Conkeldurr\n|-damage|p1a: Conkeldurr|17\/100 brn\n|move|p1a: Conkeldurr|Drain Punch|p2a: Bisharp\n|-supereffective|p2a: Bisharp\n|-damage|p2a: Bisharp|0 fnt\n|-heal|p1a: Conkeldurr|42\/100 brn|[from] drain|[of] p2a: Bisharp\n|faint|p2a: Bisharp\n|\n|-damage|p1a: Conkeldurr|36\/100 brn|[from] brn\n|upkeep\n|\n|switch|p2a: Cloyster|Cloyster, M|100\/100\n|turn|10\n|\n|move|p2a: Cloyster|Ice Shard|p1a: Conkeldurr\n|-damage|p1a: Conkeldurr|16\/100 brn\n|move|p1a: Conkeldurr|Drain Punch|p2a: Cloyster\n|-supereffective|p2a: Cloyster\n|-damage|p2a: Cloyster|0 fnt\n|-heal|p1a: Conkeldurr|50\/100 brn|[from] drain|[of] p2a: Cloyster\n|faint|p2a: Cloyster\n|\n|-damage|p1a: Conkeldurr|44\/100 brn|[from] brn\n|upkeep\n|\n|switch|p2a: Dragapult|Dragapult, F|81\/100\n|turn|11\n|\n|switch|p1a: Mandibuzz|Mandibuzz, F|49\/100\n|move|p2a: Dragapult|Dragon Darts|p1a: Mandibuzz\n|-damage|p1a: Mandibuzz|23\/100\n|-anim|p2a: Dragapult|Dragon Darts|p1a: Mandibuzz\n|-damage|p1a: Mandibuzz|0 fnt\n|-damage|p2a: Dragapult|71\/100|[from] item: Life Orb\n|faint|p1a: Mandibuzz\n|\n|upkeep\n|\n|switch|p1a: Aegislash|Aegislash, F|68\/100\n|-activate|p1a: Aegislash|move: Sticky Web\n|-unboost|p1a: Aegislash|spe|1\n|turn|12\n|\n|move|p2a: Dragapult|Phantom Force||[still]\n|-prepare|p2a: Dragapult|Phantom Force|p1a: Aegislash\n|-formechange|p1a: Aegislash|Aegislash-Blade||[from] ability: Stance Change\n|move|p1a: Aegislash|Flash Cannon|p2a: Dragapult|[miss]\n|-miss|p1a: Aegislash|p2a: Dragapult\n|\n|upkeep\n|turn|13\n|\n|switch|p1a: Seismitoad|Seismitoad, M|100\/100\n|-activate|p1a: Seismitoad|move: Sticky Web\n|-unboost|p1a: Seismitoad|spe|1\n|move|p2a: Dragapult|Phantom Force|p1a: Seismitoad|[from]lockedmove\n|-crit|p1a: Seismitoad\n|-damage|p1a: Seismitoad|31\/100\n|-damage|p2a: Dragapult|61\/100|[from] item: Life Orb\n|\n|-heal|p1a: Seismitoad|37\/100|[from] item: Leftovers\n|upkeep\n|turn|14\n|\n|move|p2a: Dragapult|Dragon Darts|p1a: Seismitoad\n|-damage|p1a: Seismitoad|10\/100\n|-anim|p2a: Dragapult|Dragon Darts|p1a: Seismitoad\n|-damage|p1a: Seismitoad|0 fnt\n|-damage|p2a: Dragapult|52\/100|[from] item: Life Orb\n|faint|p1a: Seismitoad\n|\n|upkeep\n|\n|switch|p1a: Aegislash|Aegislash, F|68\/100\n|-activate|p1a: Aegislash|move: Sticky Web\n|-unboost|p1a: Aegislash|spe|1\n|turn|15\n|\n|switch|p2a: Excadrill|Excadrill, M|11\/100\n|-ability|p2a: Excadrill|Mold Breaker\n|-formechange|p1a: Aegislash|Aegislash-Blade||[from] ability: Stance Change\n|move|p1a: Aegislash|Shadow Sneak|p2a: Excadrill\n|-damage|p2a: Excadrill|0 fnt\n|faint|p2a: Excadrill\n|\n|upkeep\n|\n|switch|p2a: Kommo-o|Kommo-o, M|100\/100\n|turn|16\n|\n|move|p2a: Kommo-o|Clangorous Soul|p2a: Kommo-o\n|-boost|p2a: Kommo-o|atk|1\n|-boost|p2a: Kommo-o|def|1\n|-boost|p2a: Kommo-o|spa|1\n|-boost|p2a: Kommo-o|spd|1\n|-boost|p2a: Kommo-o|spe|1\n|-damage|p2a: Kommo-o|68\/100\n|-enditem|p2a: Kommo-o|Throat Spray\n|-boost|p2a: Kommo-o|spa|1|[from] item: Throat Spray\n|move|p1a: Aegislash|Flash Cannon|p2a: Kommo-o\n|-damage|p2a: Kommo-o|30\/100\n|\n|upkeep\n|turn|17\n|\n|move|p1a: Aegislash|Shadow Sneak|p2a: Kommo-o\n|-damage|p2a: Kommo-o|17\/100\n|move|p2a: Kommo-o|Flamethrower|p1a: Aegislash\n|-supereffective|p1a: Aegislash\n|-damage|p1a: Aegislash|0 fnt\n|faint|p1a: Aegislash\n|\n|upkeep\n|\n|switch|p1a: Conkeldurr|Conkeldurr, F|44\/100 brn\n|-activate|p1a: Conkeldurr|move: Sticky Web\n|-unboost|p1a: Conkeldurr|spe|1\n|turn|18\n|\n|switch|p2a: Dragapult|Dragapult, F|52\/100\n|move|p1a: Conkeldurr|Mach Punch|p2a: Dragapult\n|-immune|p2a: Dragapult\n|\n|-damage|p1a: Conkeldurr|38\/100 brn|[from] brn\n|upkeep\n|turn|19\n|\n|move|p2a: Dragapult|Dragon Darts|p1a: Conkeldurr\n|-damage|p1a: Conkeldurr|4\/100 brn\n|-anim|p2a: Dragapult|Dragon Darts|p1a: Conkeldurr\n|-damage|p1a: Conkeldurr|0 fnt\n|-damage|p2a: Dragapult|42\/100|[from] item: Life Orb\n|faint|p1a: Conkeldurr\n|\n|upkeep\n|\n|switch|p1a: Zeraora|Zeraora|100\/100\n|-activate|p1a: Zeraora|move: Sticky Web\n|-unboost|p1a: Zeraora|spe|1\n|turn|20\n|\n|move|p2a: Dragapult|Dragon Darts|p1a: Zeraora\n|-damage|p1a: Zeraora|50\/100\n|-anim|p2a: Dragapult|Dragon Darts|p1a: Zeraora\n|-damage|p1a: Zeraora|0 fnt\n|-damage|p2a: Dragapult|32\/100|[from] item: Life Orb\n|faint|p1a: Zeraora\n|\n|win|LeBarBURR\n","uploadtime":1590454670,"views":41,"p1id":"burntbright","p2id":"lebarburr","formatid":"gen8ou","rating":0,"private":0,"password":null}