{"id":"gen8ou-1695380349","p1":"JojoOui","p2":"alvar03","format":"gen8ou","log":"|html|<div class=\"broadcast-blue\"><strong>[Gen 8] OU is currently suspecting Melmetal! For information on how to participate check out the <a href=\"https:\/\/www.smogon.com\/forums\/threads\/np-ss-ou-suspect-process-round-12-monster-mash.3709234\/\">suspect thread<\/a>.<\/strong><\/div>\n|j|\u2606JojoOui\n|j|\u2606alvar03\n|t:|1666796055\n|gametype|singles\n|player|p1|JojoOui|erika|1658\n|player|p2|alvar03|alder|1614\n|teamsize|p1|6\n|teamsize|p2|6\n|gen|8\n|tier|[Gen 8] OU\n|rated|\n|rule|Sleep Clause Mod: Limit one foe put to sleep\n|rule|Species Clause: Limit one of each Pok\u00e9mon\n|rule|OHKO Clause: OHKO moves are banned\n|rule|Evasion Items Clause: Evasion items are banned\n|rule|Evasion Moves Clause: Evasion moves are banned\n|rule|Endless Battle Clause: Forcing endless battles is banned\n|rule|HP Percentage Mod: HP is shown in percentages\n|rule|Dynamax Clause: You cannot dynamax\n|clearpoke\n|poke|p1|Weavile, M|\n|poke|p1|Rillaboom, F|\n|poke|p1|Volcanion|\n|poke|p1|Dragapult, F|\n|poke|p1|Urshifu-*, M|\n|poke|p1|Landorus-Therian, M|\n|poke|p2|Zarude|\n|poke|p2|Tapu Koko|\n|poke|p2|Heatran, M|\n|poke|p2|Landorus-Therian, M|\n|poke|p2|Keldeo-Resolute|\n|poke|p2|Toxapex, F|\n|teampreview\n|inactive|Battle timer is ON: inactive players will automatically lose when time's up. (requested by JojoOui)\n|\n|t:|1666796068\n|start\n|switch|p1a: Landorus|Landorus-Therian, M|100\/100\n|switch|p2a: Landorus|Landorus-Therian, M|100\/100\n|-ability|p1a: Landorus|Intimidate|boost\n|-unboost|p2a: Landorus|atk|1\n|-ability|p2a: Landorus|Intimidate|boost\n|-unboost|p1a: Landorus|atk|1\n|turn|1\n|\n|t:|1666796074\n|move|p1a: Landorus|Stealth Rock|p2a: Landorus\n|-sidestart|p2: alvar03|move: Stealth Rock\n|move|p2a: Landorus|Knock Off|p1a: Landorus\n|-damage|p1a: Landorus|75\/100\n|-enditem|p1a: Landorus|Focus Sash|[from] move: Knock Off|[of] p2a: Landorus\n|\n|upkeep\n|turn|2\n|\n|t:|1666796077\n|move|p1a: Landorus|Swords Dance|p1a: Landorus\n|-boost|p1a: Landorus|atk|2\n|move|p2a: Landorus|Stealth Rock|p1a: Landorus\n|-sidestart|p1: JojoOui|move: Stealth Rock\n|\n|upkeep\n|turn|3\n|\n|t:|1666796083\n|move|p1a: Landorus|Earthquake|p2a: Landorus\n|-immune|p2a: Landorus\n|move|p2a: Landorus|U-turn|p1a: Landorus\n|-resisted|p1a: Landorus\n|-damage|p1a: Landorus|66\/100\n|\n|t:|1666796086\n|switch|p2a: Keldeo|Keldeo-Resolute|100\/100|[from]move: U-turn\n|-damage|p2a: Keldeo|94\/100|[from] Stealth Rock\n|\n|-heal|p2a: Keldeo|100\/100|[from] item: Leftovers\n|upkeep\n|turn|4\n|\n|t:|1666796091\n|move|p2a: Keldeo|Scald|p1a: Landorus\n|-supereffective|p1a: Landorus\n|-damage|p1a: Landorus|0 fnt\n|faint|p1a: Landorus\n|\n|upkeep\n|\n|t:|1666796102\n|switch|p1a: Rillaboom|Rillaboom, F|100\/100\n|-damage|p1a: Rillaboom|88\/100|[from] Stealth Rock\n|-fieldstart|move: Grassy Terrain|[from] ability: Grassy Surge|[of] p1a: Rillaboom\n|turn|5\n|\n|t:|1666796110\n|switch|p2a: Toxapex|Toxapex, F|100\/100\n|-damage|p2a: Toxapex|88\/100|[from] Stealth Rock\n|move|p1a: Rillaboom|Grassy Glide|p2a: Toxapex\n|-damage|p2a: Toxapex|57\/100\n|-damage|p1a: Rillaboom|72\/100|[from] item: Rocky Helmet|[of] p2a: Toxapex\n|\n|-heal|p1a: Rillaboom|78\/100|[from] Grassy Terrain\n|-heal|p1a: Rillaboom|84\/100|[from] item: Leftovers\n|-heal|p2a: Toxapex|63\/100|[from] Grassy Terrain\n|upkeep\n|turn|6\n|\n|t:|1666796120\n|switch|p2a: Tapu Koko|Tapu Koko|100\/100\n|-fieldstart|move: Electric Terrain|[from] ability: Electric Surge|[of] p2a: Tapu Koko\n|move|p1a: Rillaboom|Swords Dance|p1a: Rillaboom\n|-boost|p1a: Rillaboom|atk|2\n|\n|-heal|p1a: Rillaboom|90\/100|[from] item: Leftovers\n|upkeep\n|turn|7\n|\n|t:|1666796123\n|move|p2a: Tapu Koko|U-turn|p1a: Rillaboom\n|-supereffective|p1a: Rillaboom\n|-damage|p1a: Rillaboom|60\/100\n|\n|t:|1666796125\n|switch|p2a: Landorus|Landorus-Therian, M|100\/100|[from]move: U-turn\n|-damage|p2a: Landorus|88\/100|[from] Stealth Rock\n|-ability|p2a: Landorus|Intimidate|boost\n|-unboost|p1a: Rillaboom|atk|1\n|move|p1a: Rillaboom|Grassy Glide|p2a: Landorus\n|-damage|p2a: Landorus|35\/100\n|\n|-heal|p2a: Landorus|41\/100|[from] item: Leftovers\n|-heal|p1a: Rillaboom|66\/100|[from] item: Leftovers\n|upkeep\n|turn|8\n|\n|t:|1666796132\n|switch|p2a: Zarude|Zarude|100\/100\n|-damage|p2a: Zarude|88\/100|[from] Stealth Rock\n|move|p1a: Rillaboom|Grassy Glide|p2a: Zarude\n|-resisted|p2a: Zarude\n|-damage|p2a: Zarude|60\/100\n|\n|-heal|p2a: Zarude|66\/100|[from] item: Leftovers\n|-heal|p1a: Rillaboom|72\/100|[from] item: Leftovers\n|upkeep\n|turn|9\n|\n|t:|1666796139\n|move|p2a: Zarude|U-turn|p1a: Rillaboom\n|-supereffective|p1a: Rillaboom\n|-damage|p1a: Rillaboom|30\/100\n|\n|t:|1666796141\n|switch|p2a: Landorus|Landorus-Therian, M|41\/100|[from]move: U-turn\n|-damage|p2a: Landorus|29\/100|[from] Stealth Rock\n|-ability|p2a: Landorus|Intimidate|boost\n|-unboost|p1a: Rillaboom|atk|1\n|move|p1a: Rillaboom|Superpower|p2a: Landorus\n|-resisted|p2a: Landorus\n|-damage|p2a: Landorus|9\/100\n|-unboost|p1a: Rillaboom|atk|1\n|-unboost|p1a: Rillaboom|def|1\n|\n|-heal|p2a: Landorus|15\/100|[from] item: Leftovers\n|-heal|p1a: Rillaboom|36\/100|[from] item: Leftovers\n|upkeep\n|turn|10\n|\n|t:|1666796144\n|switch|p2a: Tapu Koko|Tapu Koko|100\/100\n|move|p1a: Rillaboom|Grassy Glide|p2a: Tapu Koko\n|-damage|p2a: Tapu Koko|64\/100\n|\n|-heal|p1a: Rillaboom|42\/100|[from] item: Leftovers\n|-fieldend|move: Electric Terrain\n|upkeep\n|turn|11\n|\n|t:|1666796152\n|switch|p1a: Volcanion|Volcanion|100\/100\n|move|p2a: Tapu Koko|Roost|p2a: Tapu Koko\n|-heal|p2a: Tapu Koko|100\/100\n|-singleturn|p2a: Tapu Koko|move: Roost\n|\n|upkeep\n|turn|12\n|j| lammkotlett\n|j| Linkerrr\n|\n|t:|1666796159\n|move|p2a: Tapu Koko|Thunderbolt|p1a: Volcanion\n|-supereffective|p1a: Volcanion\n|-damage|p1a: Volcanion|11\/100\n|move|p1a: Volcanion|Earth Power|p2a: Tapu Koko\n|-supereffective|p2a: Tapu Koko\n|-damage|p2a: Tapu Koko|4\/100\n|\n|upkeep\n|turn|13\n|\n|t:|1666796170\n|move|p2a: Tapu Koko|Dazzling Gleam|p1a: Volcanion\n|-resisted|p1a: Volcanion\n|-damage|p1a: Volcanion|0 fnt\n|faint|p1a: Volcanion\n|\n|upkeep\n|\n|t:|1666796175\n|switch|p1a: Dragapult|Dragapult, F|100\/100\n|-damage|p1a: Dragapult|88\/100|[from] Stealth Rock\n|turn|14\n|\n|t:|1666796179\n|move|p1a: Dragapult|U-turn|p2a: Tapu Koko\n|-resisted|p2a: Tapu Koko\n|-damage|p2a: Tapu Koko|0 fnt\n|faint|p2a: Tapu Koko\n|\n|t:|1666796182\n|switch|p1a: Rillaboom|Rillaboom, F|42\/100|[from]move: U-turn\n|-damage|p1a: Rillaboom|30\/100|[from] Stealth Rock\n|-fieldstart|move: Grassy Terrain|[from] ability: Grassy Surge|[of] p1a: Rillaboom\n|\n|-heal|p1a: Rillaboom|36\/100|[from] Grassy Terrain\n|-heal|p1a: Rillaboom|42\/100|[from] item: Leftovers\n|upkeep\n|l| Linkerrr\n|\n|t:|1666796185\n|switch|p2a: Zarude|Zarude|66\/100\n|-damage|p2a: Zarude|54\/100|[from] Stealth Rock\n|turn|15\n|\n|t:|1666796194\n|switch|p1a: Dragapult|Dragapult, F|88\/100\n|-damage|p1a: Dragapult|76\/100|[from] Stealth Rock\n|move|p2a: Zarude|Darkest Lariat|p1a: Dragapult\n|-supereffective|p1a: Dragapult\n|-damage|p1a: Dragapult|0 fnt\n|faint|p1a: Dragapult\n|\n|-heal|p2a: Zarude|60\/100|[from] Grassy Terrain\n|-heal|p2a: Zarude|66\/100|[from] item: Leftovers\n|upkeep\n|\n|t:|1666796201\n|switch|p1a: Pouil|Weavile, M|100\/100\n|-damage|p1a: Pouil|76\/100|[from] Stealth Rock\n|-ability|p1a: Pouil|Pressure\n|turn|16\n|\n|t:|1666796206\n|switch|p2a: Landorus|Landorus-Therian, M|15\/100\n|-damage|p2a: Landorus|2\/100|[from] Stealth Rock\n|-ability|p2a: Landorus|Intimidate|boost\n|-unboost|p1a: Pouil|atk|1\n|move|p1a: Pouil|Knock Off|p2a: Landorus\n|-damage|p2a: Landorus|0 fnt\n|-enditem|p2a: Landorus|Leftovers|[from] move: Knock Off|[of] p1a: Pouil\n|faint|p2a: Landorus\n|\n|-heal|p1a: Pouil|82\/100|[from] Grassy Terrain\n|upkeep\n|\n|t:|1666796209\n|switch|p2a: Keldeo|Keldeo-Resolute|100\/100\n|-damage|p2a: Keldeo|94\/100|[from] Stealth Rock\n|turn|17\n|\n|t:|1666796233\n|switch|p1a: Rillaboom|Rillaboom, F|42\/100\n|-damage|p1a: Rillaboom|30\/100|[from] Stealth Rock\n|move|p2a: Keldeo|Substitute|p2a: Keldeo\n|-start|p2a: Keldeo|Substitute\n|-damage|p2a: Keldeo|70\/100\n|\n|-heal|p2a: Keldeo|76\/100|[from] Grassy Terrain\n|-heal|p2a: Keldeo|82\/100|[from] item: Leftovers\n|-heal|p1a: Rillaboom|36\/100|[from] Grassy Terrain\n|-heal|p1a: Rillaboom|42\/100|[from] item: Leftovers\n|upkeep\n|turn|18\n|\n|t:|1666796236\n|move|p1a: Rillaboom|Grassy Glide|p2a: Keldeo\n|-supereffective|p2a: Keldeo\n|-end|p2a: Keldeo|Substitute\n|move|p2a: Keldeo|Secret Sword|p1a: Rillaboom\n|-damage|p1a: Rillaboom|5\/100\n|\n|-heal|p2a: Keldeo|88\/100|[from] Grassy Terrain\n|-heal|p2a: Keldeo|94\/100|[from] item: Leftovers\n|-heal|p1a: Rillaboom|11\/100|[from] Grassy Terrain\n|-heal|p1a: Rillaboom|17\/100|[from] item: Leftovers\n|-fieldend|move: Grassy Terrain\n|upkeep\n|turn|19\n|\n|t:|1666796244\n|switch|p1a: Urshifu|Urshifu-Rapid-Strike, M|100\/100\n|-damage|p1a: Urshifu|94\/100|[from] Stealth Rock\n|move|p2a: Keldeo|Secret Sword|p1a: Urshifu\n|-damage|p1a: Urshifu|52\/100\n|\n|-heal|p2a: Keldeo|100\/100|[from] item: Leftovers\n|upkeep\n|turn|20\n|\n|t:|1666796250\n|switch|p2a: Toxapex|Toxapex, F|96\/100\n|-damage|p2a: Toxapex|84\/100|[from] Stealth Rock\n|move|p1a: Urshifu|U-turn|p2a: Toxapex\n|-resisted|p2a: Toxapex\n|-damage|p2a: Toxapex|77\/100\n|-damage|p1a: Urshifu|35\/100|[from] item: Rocky Helmet|[of] p2a: Toxapex\n|\n|t:|1666796253\n|switch|p1a: Rillaboom|Rillaboom, F|17\/100|[from]move: U-turn\n|-damage|p1a: Rillaboom|5\/100|[from] Stealth Rock\n|-fieldstart|move: Grassy Terrain|[from] ability: Grassy Surge|[of] p1a: Rillaboom\n|\n|-heal|p1a: Rillaboom|11\/100|[from] Grassy Terrain\n|-heal|p1a: Rillaboom|17\/100|[from] item: Leftovers\n|-heal|p2a: Toxapex|83\/100|[from] Grassy Terrain\n|upkeep\n|turn|21\n|\n|t:|1666796262\n|move|p1a: Rillaboom|Swords Dance|p1a: Rillaboom\n|-boost|p1a: Rillaboom|atk|2\n|move|p2a: Toxapex|Scald|p1a: Rillaboom\n|-resisted|p1a: Rillaboom\n|-damage|p1a: Rillaboom|7\/100\n|-status|p1a: Rillaboom|brn\n|\n|-heal|p1a: Rillaboom|13\/100 brn|[from] Grassy Terrain\n|-heal|p1a: Rillaboom|19\/100 brn|[from] item: Leftovers\n|-heal|p2a: Toxapex|89\/100|[from] Grassy Terrain\n|-damage|p1a: Rillaboom|13\/100 brn|[from] brn\n|upkeep\n|turn|22\n|-message|JojoOui forfeited.\n|\n|win|alvar03\n|raw|JojoOui's rating: 1658 &rarr; <strong>1635<\/strong><br \/>(-23 for losing)\n|raw|alvar03's rating: 1614 &rarr; <strong>1637<\/strong><br \/>(+23 for winning)\n|l|\u2606JojoOui\n|l|\u2606alvar03\n","uploadtime":1666796281,"views":16,"p1id":"jojooui","p2id":"alvar03","formatid":"gen8ou","rating":1635,"private":0,"password":null}