{"id":"gen8nationaldex-1595184385","p1":"SirFresh","p2":"Monkemaniac323","format":"gen8nationaldex","log":"|j|\u2606SirFresh\n|j|\u2606Monkemaniac323\n|t:|1655099326\n|gametype|singles\n|player|p1|SirFresh|palmer|\n|player|p2|Monkemaniac323|rancher|\n|teamsize|p1|6\n|teamsize|p2|6\n|gen|8\n|tier|[Gen 8] National Dex\n|rule|HP Percentage Mod: HP is shown in percentages\n|rule|Endless Battle Clause: Forcing endless battles is banned\n|rule|OHKO Clause: OHKO moves are banned\n|rule|Evasion Moves Clause: Evasion moves are banned\n|rule|Species Clause: Limit one of each Pok\u00e9mon\n|rule|Dynamax Clause: You cannot dynamax\n|rule|Sleep Clause Mod: Limit one foe put to sleep\n|clearpoke\n|poke|p1|Infernape, M|\n|poke|p1|Staraptor, M|\n|poke|p1|Gliscor, M|\n|poke|p1|Bronzong|\n|poke|p1|Manaphy|\n|poke|p1|Gallade, M|\n|poke|p2|Weavile, F|\n|poke|p2|Lopunny, F|\n|poke|p2|Rotom-Wash|\n|poke|p2|Togekiss, F|\n|poke|p2|Garchomp, F|\n|poke|p2|Bastiodon, M|\n|teampreview\n|c|\u2606Monkemaniac323|Glhf\n|\n|t:|1655099340\n|start\n|switch|p1a: Bronzong|Bronzong|100\/100\n|switch|p2a: Togekiss|Togekiss, F|100\/100\n|turn|1\n|c|\u2606SirFresh|Same\n|\n|t:|1655099355\n|move|p2a: Togekiss|Air Slash|p1a: Bronzong\n|-resisted|p1a: Bronzong\n|-crit|p1a: Bronzong\n|-damage|p1a: Bronzong|79\/100\n|move|p1a: Bronzong|Light Screen|p1a: Bronzong\n|-sidestart|p1: SirFresh|move: Light Screen\n|\n|upkeep\n|turn|2\n|\n|t:|1655099363\n|switch|p2a: Rotom|Rotom-Wash|100\/100\n|move|p1a: Bronzong|Reflect|p1a: Bronzong\n|-sidestart|p1: SirFresh|Reflect\n|\n|upkeep\n|turn|3\n|\n|t:|1655099367\n|switch|p1a: Gliscor|Gliscor, M|100\/100\n|move|p2a: Rotom|Defog|p1a: Gliscor\n|-unboost|p1a: Gliscor|evasion|1\n|-sideend|p1: SirFresh|Reflect\n|-sideend|p1: SirFresh|move: Light Screen\n|\n|-status|p1a: Gliscor|tox|[from] item: Toxic Orb\n|upkeep\n|turn|4\n|\n|t:|1655099373\n|switch|p2a: Weavile|Weavile, F|100\/100\n|-ability|p2a: Weavile|Pressure\n|move|p1a: Gliscor|Stealth Rock|p2a: Weavile\n|-sidestart|p2: Monkemaniac323|move: Stealth Rock\n|\n|upkeep\n|turn|5\n|\n|t:|1655099377\n|switch|p1a: Infernape|Infernape, M|100\/100\n|move|p2a: Weavile|Knock Off|p1a: Infernape\n|-resisted|p1a: Infernape\n|-damage|p1a: Infernape|66\/100\n|-enditem|p1a: Infernape|Choice Band|[from] move: Knock Off|[of] p2a: Weavile\n|\n|upkeep\n|turn|6\n|\n|t:|1655099385\n|move|p2a: Weavile|Low Kick|p1a: Infernape\n|-damage|p1a: Infernape|28\/100\n|move|p1a: Infernape|U-turn|p2a: Weavile\n|-supereffective|p2a: Weavile\n|-damage|p2a: Weavile|30\/100\n|\n|t:|1655099392\n|switch|p1a: Gallade|Gallade, M|100\/100|[from]move: U-turn\n|\n|upkeep\n|turn|7\n|\n|t:|1655099398\n|detailschange|p1a: Gallade|Gallade-Mega, M\n|-mega|p1a: Gallade|Gallade|Galladite\n|move|p2a: Weavile|Knock Off|p1a: Gallade\n|-damage|p1a: Gallade|63\/100\n|move|p1a: Gallade|Drain Punch|p2a: Weavile\n|-supereffective|p2a: Weavile\n|-damage|p2a: Weavile|0 fnt\n|-heal|p1a: Gallade|78\/100|[from] drain|[of] p2a: Weavile\n|faint|p2a: Weavile\n|\n|upkeep\n|\n|t:|1655099406\n|switch|p2a: Lopunny|Lopunny, F|100\/100\n|-damage|p2a: Lopunny|88\/100|[from] Stealth Rock\n|turn|8\n|\n|t:|1655099411\n|switch|p1a: Bronzong|Bronzong|79\/100\n|detailschange|p2a: Lopunny|Lopunny-Mega, F\n|-mega|p2a: Lopunny|Lopunny|Lopunnite\n|move|p2a: Lopunny|Play Rough|p1a: Bronzong\n|-resisted|p1a: Bronzong\n|-crit|p1a: Bronzong\n|-damage|p1a: Bronzong|56\/100\n|-unboost|p1a: Bronzong|atk|1\n|\n|upkeep\n|turn|9\n|\n|t:|1655099422\n|move|p2a: Lopunny|High Jump Kick|p1a: Bronzong\n|-damage|p1a: Bronzong|0 fnt\n|faint|p1a: Bronzong\n|\n|upkeep\n|\n|t:|1655099426\n|switch|p1a: Staraptor|Staraptor, M|100\/100\n|turn|10\n|\n|t:|1655099430\n|switch|p2a: Bastiodon|Bastiodon, M|100\/100\n|-damage|p2a: Bastiodon|94\/100|[from] Stealth Rock\n|move|p1a: Staraptor|Double-Edge|p2a: Bastiodon\n|-resisted|p2a: Bastiodon\n|-damage|p2a: Bastiodon|83\/100\n|-damage|p1a: Staraptor|97\/100|[from] Recoil\n|\n|-heal|p2a: Bastiodon|89\/100|[from] item: Leftovers\n|upkeep\n|turn|11\n|\n|t:|1655099441\n|switch|p1a: Manaphy|Manaphy|100\/100\n|move|p2a: Bastiodon|Taunt|p1a: Manaphy\n|-start|p1a: Manaphy|move: Taunt\n|\n|-heal|p2a: Bastiodon|96\/100|[from] item: Leftovers\n|upkeep\n|turn|12\n|\n|t:|1655099449\n|move|p1a: Manaphy|Surf|p2a: Bastiodon\n|-supereffective|p2a: Bastiodon\n|-damage|p2a: Bastiodon|23\/100\n|move|p2a: Bastiodon|Toxic|p1a: Manaphy\n|-status|p1a: Manaphy|tox\n|\n|-heal|p2a: Bastiodon|29\/100|[from] item: Leftovers\n|-damage|p1a: Manaphy|94\/100 tox|[from] psn\n|upkeep\n|turn|13\n|\n|t:|1655099456\n|switch|p2a: Rotom|Rotom-Wash|100\/100\n|-damage|p2a: Rotom|88\/100|[from] Stealth Rock\n|move|p1a: Manaphy|Surf|p2a: Rotom\n|-resisted|p2a: Rotom\n|-damage|p2a: Rotom|61\/100\n|\n|-damage|p1a: Manaphy|82\/100 tox|[from] psn\n|-end|p1a: Manaphy|move: Taunt\n|upkeep\n|turn|14\n|\n|t:|1655099462\n|move|p2a: Rotom|Defog|p1a: Manaphy\n|-unboost|p1a: Manaphy|evasion|1\n|-sideend|p2: Monkemaniac323|Stealth Rock|[from] move: Defog|[of] p2a: Rotom\n|move|p1a: Manaphy|Energy Ball|p2a: Rotom\n|-supereffective|p2a: Rotom\n|-damage|p2a: Rotom|0 fnt\n|faint|p2a: Rotom\n|\n|-damage|p1a: Manaphy|63\/100 tox|[from] psn\n|upkeep\n|\n|t:|1655099470\n|switch|p2a: Lopunny|Lopunny-Mega, F|88\/100\n|turn|15\n|\n|t:|1655099480\n|switch|p1a: Infernape|Infernape, M|28\/100\n|move|p2a: Lopunny|High Jump Kick|p1a: Infernape\n|-damage|p1a: Infernape|0 fnt\n|faint|p1a: Infernape\n|\n|upkeep\n|\n|t:|1655099488\n|switch|p1a: Gliscor|Gliscor, M|100\/100 tox\n|turn|16\n|\n|t:|1655099494\n|move|p2a: Lopunny|Ice Punch|p1a: Gliscor\n|-supereffective|p1a: Gliscor\n|-damage|p1a: Gliscor|32\/100 tox\n|move|p1a: Gliscor|Stealth Rock|p2a: Lopunny\n|-sidestart|p2: Monkemaniac323|move: Stealth Rock\n|\n|-heal|p1a: Gliscor|44\/100 tox|[from] ability: Poison Heal\n|upkeep\n|turn|17\n|\n|t:|1655099503\n|switch|p1a: Manaphy|Manaphy|63\/100 tox\n|move|p2a: Lopunny|Ice Punch|p1a: Manaphy\n|-resisted|p1a: Manaphy\n|-damage|p1a: Manaphy|52\/100 tox\n|\n|-damage|p1a: Manaphy|46\/100 tox|[from] psn\n|upkeep\n|turn|18\n|\n|t:|1655099510\n|move|p2a: Lopunny|High Jump Kick|p1a: Manaphy\n|-damage|p1a: Manaphy|0 fnt\n|faint|p1a: Manaphy\n|\n|upkeep\n|\n|t:|1655099514\n|switch|p1a: Staraptor|Staraptor, M|97\/100\n|turn|19\n|\n|t:|1655099523\n|switch|p2a: Bastiodon|Bastiodon, M|29\/100\n|-damage|p2a: Bastiodon|23\/100|[from] Stealth Rock\n|move|p1a: Staraptor|U-turn|p2a: Bastiodon\n|-resisted|p2a: Bastiodon\n|-damage|p2a: Bastiodon|16\/100\n|\n|t:|1655099526\n|switch|p1a: Gallade|Gallade-Mega, M|78\/100|[from]move: U-turn\n|\n|-heal|p2a: Bastiodon|22\/100|[from] item: Leftovers\n|upkeep\n|turn|20\n|\n|t:|1655099532\n|move|p1a: Gallade|Substitute|p1a: Gallade\n|-start|p1a: Gallade|Substitute\n|-damage|p1a: Gallade|53\/100\n|move|p2a: Bastiodon|Heavy Slam|p1a: Gallade\n|-end|p1a: Gallade|Substitute\n|\n|-heal|p2a: Bastiodon|28\/100|[from] item: Leftovers\n|upkeep\n|turn|21\n|\n|t:|1655099542\n|move|p1a: Gallade|Bulk Up|p1a: Gallade\n|-boost|p1a: Gallade|atk|1\n|-boost|p1a: Gallade|def|1\n|move|p2a: Bastiodon|Heavy Slam|p1a: Gallade\n|-damage|p1a: Gallade|35\/100\n|\n|-heal|p2a: Bastiodon|34\/100|[from] item: Leftovers\n|upkeep\n|turn|22\n|\n|t:|1655099545\n|move|p1a: Gallade|Drain Punch|p2a: Bastiodon\n|-supereffective|p2a: Bastiodon\n|-damage|p2a: Bastiodon|0 fnt\n|-heal|p1a: Gallade|55\/100|[from] drain|[of] p2a: Bastiodon\n|faint|p2a: Bastiodon\n|\n|upkeep\n|\n|t:|1655099550\n|switch|p2a: Togekiss|Togekiss, F|100\/100\n|-damage|p2a: Togekiss|75\/100|[from] Stealth Rock\n|turn|23\n|\n|t:|1655099570\n|switch|p1a: Gliscor|Gliscor, M|44\/100 tox\n|move|p2a: Togekiss|Air Slash|p1a: Gliscor\n|-damage|p1a: Gliscor|0 fnt\n|faint|p1a: Gliscor\n|\n|upkeep\n|\n|t:|1655099574\n|switch|p1a: Staraptor|Staraptor, M|97\/100\n|turn|24\n|\n|t:|1655099580\n|move|p1a: Staraptor|Double-Edge|p2a: Togekiss\n|-damage|p2a: Togekiss|0 fnt\n|faint|p2a: Togekiss\n|-damage|p1a: Staraptor|72\/100|[from] Recoil\n|\n|upkeep\n|\n|t:|1655099583\n|switch|p2a: Garchomp|Garchomp, F|100\/100\n|-damage|p2a: Garchomp|94\/100|[from] Stealth Rock\n|turn|25\n|\n|t:|1655099592\n|move|p1a: Staraptor|Double-Edge|p2a: Garchomp\n|-damage|p2a: Garchomp|30\/100\n|-damage|p1a: Staraptor|60\/100|[from] ability: Rough Skin|[of] p2a: Garchomp\n|-damage|p1a: Staraptor|35\/100|[from] Recoil\n|move|p2a: Garchomp|Scale Shot|p1a: Staraptor\n|-damage|p1a: Staraptor|16\/100\n|-damage|p1a: Staraptor|0 fnt\n|faint|p1a: Staraptor\n|-hitcount|p1: Staraptor|2\n|-unboost|p2a: Garchomp|def|1\n|-boost|p2a: Garchomp|spe|1\n|\n|upkeep\n|\n|t:|1655099596\n|switch|p1a: Gallade|Gallade-Mega, M|55\/100\n|turn|26\n|c|\u2606SirFresh|I lose tip\n|c|\u2606SirFresh|Rip\n|c|\u2606Monkemaniac323|Gg\n|\n|t:|1655099609\n|move|p2a: Garchomp|Outrage|p1a: Gallade\n|-damage|p1a: Gallade|0 fnt\n|faint|p1a: Gallade\n|\n|win|Monkemaniac323\n|c|\u2606Monkemaniac323|How did i win\n|c|\u2606SirFresh|I Misplayed\n","uploadtime":1655099615,"views":26,"p1id":"sirfresh","p2id":"monkemaniac323","formatid":"gen8nationaldex","rating":0,"private":0,"password":null}