{"id":"gen8spikemuthcup-1706966831","p1":"septicjewel67","p2":"Chowdah","format":"gen8spikemuthcup","log":"|j|\u2606septicjewel67\n|j|\u2606Chowdah\n|t:|1668037174\n|gametype|doubles\n|player|p1|septicjewel67|265|\n|player|p2|Chowdah|rancher|\n|teamsize|p1|6\n|teamsize|p2|6\n|gen|8\n|tier|[Gen 8] Spikemuth Cup\n|rule|Species Clause: Limit one of each Pok\u00e9mon\n|rule|Item Clause: Limit one of each item\n|rule|Dynamax Clause: You cannot dynamax\n|clearpoke\n|poke|p1|Ninetales-Alola, L50, F|\n|poke|p1|Incineroar, L50, F|\n|poke|p1|Regieleki, L50|\n|poke|p1|Tsareena, L50, F|\n|poke|p1|Urshifu-*, L50, M|\n|poke|p1|Clefairy, L50, M|\n|poke|p2|Gyarados, L50, F|\n|poke|p2|Crobat, L50, F|\n|poke|p2|Togedemaru, L50, M|\n|poke|p2|Weezing-Galar, L50, M|\n|poke|p2|Excadrill, L50, F|\n|poke|p2|Tapu Lele, L50|\n|teampreview|4\n|\n|t:|1668037206\n|start\n|switch|p1a: Urshifu|Urshifu-Rapid-Strike, L50, M|100\/100\n|switch|p1b: Clefairy|Clefairy, L50, M|100\/100\n|switch|p2a: Voter Fraud|Gyarados, L50, F|100\/100\n|switch|p2b: He's Alright|Crobat, L50, F|100\/100\n|-ability|p2a: Voter Fraud|Intimidate|boost\n|-unboost|p1a: Urshifu|atk|1\n|-unboost|p1b: Clefairy|atk|1\n|turn|1\n|\n|t:|1668037249\n|move|p1b: Clefairy|Helping Hand|p1a: Urshifu\n|-singleturn|p1a: Urshifu|Helping Hand|[of] p1b: Clefairy\n|move|p1a: Urshifu|Rock Slide|p2b: He's Alright|[spread] p2a,p2b\n|-supereffective|p2a: Voter Fraud\n|-supereffective|p2b: He's Alright\n|-damage|p2a: Voter Fraud|45\/100\n|-damage|p2b: He's Alright|45\/100\n|move|p2b: He's Alright|Cross Poison|p1b: Clefairy\n|-supereffective|p1b: Clefairy\n|-damage|p1b: Clefairy|29\/100\n|cant|p2a: Voter Fraud|flinch\n|\n|upkeep\n|turn|2\n|\n|t:|1668037294\n|switch|p2b: Very Hot Soup|Excadrill, L50, F|100\/100\n|-ability|p2b: Very Hot Soup|Mold Breaker\n|switch|p2a: Lil Fella|Togedemaru, L50, M|100\/100\n|move|p1b: Clefairy|Helping Hand|p1a: Urshifu\n|-singleturn|p1a: Urshifu|Helping Hand|[of] p1b: Clefairy\n|move|p1a: Urshifu|Rock Slide|p2a: Lil Fella|[spread] p2a,p2b\n|-resisted|p2a: Lil Fella\n|-resisted|p2b: Very Hot Soup\n|-damage|p2a: Lil Fella|87\/100\n|-damage|p2b: Very Hot Soup|92\/100\n|\n|upkeep\n|turn|3\n|\n|t:|1668037332\n|switch|p1a: Tsareena|Tsareena, L50, F|100\/100\n|move|p2a: Lil Fella|Fake Out||[still]\n|cant|p1a: Tsareena|ability: Queenly Majesty|Fake Out|[of] p2a: Lil Fella\n|move|p1b: Clefairy|Follow Me|p1b: Clefairy\n|-singleturn|p1b: Clefairy|move: Follow Me\n|move|p2b: Very Hot Soup|Iron Head|p1b: Clefairy\n|-supereffective|p1b: Clefairy\n|-damage|p1b: Clefairy|0 fnt\n|faint|p1b: Clefairy\n|\n|upkeep\n|\n|t:|1668037335\n|switch|p1b: Urshifu|Urshifu-Rapid-Strike, L50, M|100\/100\n|turn|4\n|\n|t:|1668037374\n|switch|p2b: Voter Fraud|Gyarados, L50, F|45\/100\n|-ability|p2b: Voter Fraud|Intimidate|boost\n|-unboost|p1a: Tsareena|atk|1\n|-unboost|p1b: Urshifu|atk|1\n|move|p2a: Lil Fella|Spiky Shield|p2a: Lil Fella\n|-singleturn|p2a: Lil Fella|move: Protect\n|move|p1b: Urshifu|Close Combat|p2a: Lil Fella\n|-supereffective|p2a: Lil Fella\n|-damage|p2a: Lil Fella|0 fnt\n|-unboost|p1b: Urshifu|def|1\n|-unboost|p1b: Urshifu|spd|1\n|faint|p2a: Lil Fella\n|move|p1a: Tsareena|Triple Axel|p2b: Voter Fraud\n|-damage|p2b: Voter Fraud|37\/100\n|-damage|p2b: Voter Fraud|19\/100\n|-damage|p2b: Voter Fraud|0 fnt\n|faint|p2b: Voter Fraud\n|-hitcount|p2: Voter Fraud|3\n|-damage|p1a: Tsareena|91\/100|[from] item: Life Orb\n|\n|upkeep\n|\n|t:|1668037392\n|switch|p2a: Very Hot Soup|Excadrill, L50, F|92\/100\n|switch|p2b: He's Alright|Crobat, L50, F|45\/100\n|-ability|p2a: Very Hot Soup|Mold Breaker\n|turn|5\n|\n|t:|1668037458\n|switch|p1b: Incineroar|Incineroar, L50, F|100\/100\n|-ability|p1b: Incineroar|Intimidate|boost\n|-unboost|p2a: Very Hot Soup|atk|1\n|-fail|p2b: He's Alright|unboost|Attack|[from] ability: Inner Focus|[of] p2b: He's Alright\n|move|p2a: Very Hot Soup|Earthquake|p1a: Tsareena|[spread] p1a,p1b\n|-immune|p2b: He's Alright\n|-resisted|p1a: Tsareena\n|-supereffective|p1b: Incineroar\n|-damage|p1a: Tsareena|75\/100\n|-damage|p1b: Incineroar|49\/100\n|-enditem|p1b: Incineroar|Sitrus Berry|[eat]\n|-heal|p1b: Incineroar|74\/100|[from] item: Sitrus Berry\n|move|p2b: He's Alright|Brave Bird|p1b: Incineroar\n|-damage|p1b: Incineroar|23\/100\n|-damage|p2b: He's Alright|23\/100|[from] Recoil\n|move|p1a: Tsareena|Triple Axel|p2a: Very Hot Soup\n|-damage|p2a: Very Hot Soup|84\/100\n|-damage|p2a: Very Hot Soup|67\/100\n|-damage|p2a: Very Hot Soup|40\/100\n|-hitcount|p2a: Very Hot Soup|3\n|-damage|p1a: Tsareena|66\/100|[from] item: Life Orb\n|\n|upkeep\n|turn|6\n|\n|t:|1668037499\n|move|p1b: Incineroar|Fake Out|p2a: Very Hot Soup\n|-resisted|p2a: Very Hot Soup\n|-damage|p2a: Very Hot Soup|30\/100\n|cant|p2a: Very Hot Soup|flinch\n|move|p2b: He's Alright|Cross Poison|p1a: Tsareena\n|-supereffective|p1a: Tsareena\n|-damage|p1a: Tsareena|0 fnt\n|faint|p1a: Tsareena\n|\n|upkeep\n|\n|t:|1668037503\n|switch|p1a: Urshifu|Urshifu-Rapid-Strike, L50, M|100\/100\n|turn|7\n|\n|t:|1668037516\n|move|p2a: Very Hot Soup|Earthquake|p1a: Urshifu|[spread] p1a,p1b\n|-immune|p2b: He's Alright\n|-supereffective|p1b: Incineroar\n|-damage|p1a: Urshifu|74\/100\n|-damage|p1b: Incineroar|0 fnt\n|faint|p1b: Incineroar\n|move|p1a: Urshifu|Surging Strikes|p2a: Very Hot Soup\n|-supereffective|p2a: Very Hot Soup\n|-crit|p2a: Very Hot Soup\n|-damage|p2a: Very Hot Soup|0 fnt\n|faint|p2a: Very Hot Soup\n|-hitcount|p2: Very Hot Soup|1\n|move|p2b: He's Alright|Brave Bird|p1a: Urshifu\n|-supereffective|p1a: Urshifu\n|-damage|p1a: Urshifu|0 fnt\n|faint|p1a: Urshifu\n|-damage|p2b: He's Alright|0 fnt|[from] Recoil\n|faint|p2b: He's Alright\n|\n|win|Chowdah\n","uploadtime":1668037535,"views":4,"p1id":"septicjewel67","p2id":"chowdah","formatid":"gen8spikemuthcup","rating":0,"private":0,"password":null}