{"id":"gen8doublesou-1569785375","p1":"LoSconosciuto","p2":"xSkelly34","format":"gen8doublesou","log":"|j|\u2606LoSconosciuto\n|j|\u2606xSkelly34\n|inactive|Battle timer is ON: inactive players will automatically lose when time's up.\n|t:|1651944901\n|gametype|doubles\n|player|p1|LoSconosciuto|#teamgapdos|\n|player|p2|xSkelly34|bugsy|\n|teamsize|p1|6\n|teamsize|p2|6\n|gen|8\n|tier|[Gen 8] Doubles OU\n|rated|Tournament battle\n|rule|Species Clause: Limit one of each Pok\u00e9mon\n|rule|OHKO Clause: OHKO moves are banned\n|rule|Evasion Moves Clause: Evasion moves are banned\n|rule|Gravity Sleep Clause: The combination of sleep-inducing moves with imperfect accuracy and Gravity or Gigantamax Orbeetle are banned\n|rule|Endless Battle Clause: Forcing endless battles is banned\n|rule|HP Percentage Mod: HP is shown in percentages\n|rule|Dynamax Clause: You cannot dynamax\n|rule|Swagger Clause: Swagger is banned\n|clearpoke\n|poke|p1|Ribombee, F|\n|poke|p1|Zygarde|\n|poke|p1|Heatran, M|\n|poke|p1|Zapdos-Galar|\n|poke|p1|Rillaboom, M|\n|poke|p1|Tsareena, F|\n|poke|p2|Lurantis, F|\n|poke|p2|Porygon2|\n|poke|p2|Volcanion|\n|poke|p2|Diancie|\n|poke|p2|Dragapult, M|\n|poke|p2|Rillaboom, M|\n|teampreview\n|j|*Lady Monita \u273f\n|j| BB-8-NU\n|j| paolode99\n|j| Ayeitsparker\n|j|%goldtodd1\n|j|+mammalu\n|inactive|LoSconosciuto has 120 seconds left.\n|j| ChrisRockSlap\n|j| AndraKinG\n|j| Danyx0013\n|\n|t:|1651944957\n|start\n|switch|p1a: pretty gorila|Ribombee, F|100\/100\n|switch|p1b: Tsareena|Tsareena, F|100\/100\n|switch|p2a: Jawn|Diancie|100\/100\n|switch|p2b: Cello|Rillaboom, M|100\/100\n|-fieldstart|move: Grassy Terrain|[from] ability: Grassy Surge|[of] p2b: Cello\n|turn|1\n|j| dx gummy\n|j| Dddddsf\n|l| Dddddsf\n|inactive|LoSconosciuto has 120 seconds left.\n|\n|t:|1651944988\n|switch|p2a: Cap|Porygon2|100\/100\n|-ability|p2a: Cap|Download|boost\n|-boost|p2a: Cap|atk|1\n|move|p1b: Tsareena|Grassy Glide|p2a: Cap\n|-damage|p2a: Cap|54\/100\n|move|p1a: pretty gorila|Pollen Puff|p2b: Cello\n|-supereffective|p2b: Cello\n|-damage|p2b: Cello|43\/100\n|move|p2b: Cello|U-turn|p1b: Tsareena\n|-supereffective|p1b: Tsareena\n|-damage|p1b: Tsareena|53\/100\n|inactive|xSkelly34 has 120 seconds left.\n|\n|t:|1651945001\n|switch|p2b: Fleece|Volcanion|100\/100|[from]move: U-turn\n|\n|-heal|p1b: Tsareena|59\/100|[from] Grassy Terrain\n|-heal|p2a: Cap|61\/100|[from] Grassy Terrain\n|upkeep\n|turn|2\n|j| forsh \u2740\n|c| forsh \u2740|this team also gives me problems loscon\n|c|+mammalu|you give us problems\n|c| forsh \u2740|sorry\n|inactive|LoSconosciuto has 120 seconds left.\n|c| forsh \u2740|how do i say sorry in italiano\n|c|+mammalu|I mean\n|j| clean cuts\n|c| Ayeitsparker|lo siento\n|c| paolode99|scusa forsh\n|l|+mammalu\n|\n|t:|1651945044\n|move|p1b: Tsareena|Grassy Glide|p2a: Cap\n|-damage|p2a: Cap|11\/100\n|move|p1a: pretty gorila|Moonblast|p2a: Cap\n|-damage|p2a: Cap|0 fnt\n|faint|p2a: Cap\n|move|p2b: Fleece|Heat Wave|p1b: Tsareena|[spread] p1a,p1b\n|-supereffective|p1a: pretty gorila\n|-supereffective|p1b: Tsareena\n|-enditem|p1a: pretty gorila|Focus Sash\n|-damage|p1a: pretty gorila|1\/100\n|-damage|p1b: Tsareena|0 fnt\n|faint|p1b: Tsareena\n|\n|-heal|p1a: pretty gorila|7\/100|[from] Grassy Terrain\n|upkeep\n|c| Ayeitsparker|wait thats spanish\n|j|+mammalu\n|c| ChrisRockSlap|is tsareena in ou common?\n|c| forsh \u2740|scusa mammalu\n|c| forsh \u2740|its ability is good chrisrock\n|inactive|LoSconosciuto has 120 seconds left.\n|c|+mammalu|no ChrisRockSlap\n|c|\u2606xSkelly34|in dou it is\n|c| forsh \u2740|*slap*\n|j| Spitfire arcanine\n|inactive|xSkelly34 has 120 seconds left.\n|l| Spitfire arcanine\n|\n|t:|1651945078\n|switch|p1b: Zapdos|Zapdos-Galar|100\/100\n|switch|p2a: Beef|Lurantis, F|100\/100\n|-enditem|p1b: Zapdos|Grassy Seed\n|-boost|p1b: Zapdos|def|1|[from] item: Grassy Seed\n|turn|3\n|j| Hum Ding\n|c|+mammalu|you are a beautiful problem\n|inactive|LoSconosciuto has 120 seconds left.\n|l| Hum Ding\n|inactive|xSkelly34 has 120 seconds left.\n|\n|t:|1651945103\n|switch|p1a: Hot gorila|Heatran, M|100\/100\n|switch|p2a: Jawn|Diancie|100\/100\n|move|p1b: Zapdos|Acrobatics|p2a: Jawn\n|-resisted|p2a: Jawn\n|-damage|p2a: Jawn|82\/100\n|move|p2b: Fleece|Steam Eruption|p1b: Zapdos\n|-damage|p1b: Zapdos|34\/100\n|\n|-heal|p2a: Jawn|88\/100|[from] Grassy Terrain\n|upkeep\n|turn|4\n|inactive|LoSconosciuto has 120 seconds left.\n|j| draghi in trip\n|j| QuinnXD\n|\n|t:|1651945147\n|move|p1b: Zapdos|Close Combat|p2a: Jawn\n|-damage|p2a: Jawn|39\/100\n|-unboost|p1b: Zapdos|def|1\n|-unboost|p1b: Zapdos|spd|1\n|move|p1a: Hot gorila|Earth Power|p2a: Jawn\n|-supereffective|p2a: Jawn\n|-damage|p2a: Jawn|0 fnt\n|faint|p2a: Jawn\n|move|p2b: Fleece|Steam Eruption|p1b: Zapdos\n|-damage|p1b: Zapdos|0 fnt\n|faint|p1b: Zapdos\n|\n|upkeep\n|\n|t:|1651945163\n|switch|p1b: pretty gorila|Ribombee, F|7\/100\n|switch|p2a: Cello|Rillaboom, M|43\/100\n|turn|5\n|inactive|LoSconosciuto has 120 seconds left.\n|j| bdov\n|l| bdov\n|\n|t:|1651945187\n|switch|p1b: long boi|Zygarde|100\/100\n|-ability|p1b: long boi|Aura Break\n|move|p1a: Hot gorila|Protect|p1a: Hot gorila\n|-singleturn|p1a: Hot gorila|Protect\n|move|p2a: Cello|Fake Out|p1b: long boi\n|-damage|p1b: long boi|89\/100\n|move|p2b: Fleece|Steam Eruption|p1a: Hot gorila\n|-activate|p1a: Hot gorila|move: Protect\n|\n|-heal|p1b: long boi|95\/100|[from] Grassy Terrain\n|-heal|p2a: Cello|49\/100|[from] Grassy Terrain\n|-fieldend|move: Grassy Terrain\n|upkeep\n|turn|6\n|\n|t:|1651945204\n|switch|p2a: Beef|Lurantis, F|100\/100\n|move|p2b: Fleece|Protect|p2b: Fleece\n|-singleturn|p2b: Fleece|Protect\n|move|p1b: long boi|Thousand Arrows|p2a: Beef|[spread] p2a\n|-activate|p2b: Fleece|move: Protect\n|-resisted|p2a: Beef\n|-damage|p2a: Beef|76\/100\n|move|p1a: Hot gorila|Earth Power|p2b: Fleece\n|-activate|p2b: Fleece|move: Protect\n|\n|upkeep\n|turn|7\n|l| paolode99\n|j| Floatzelnite\n|j| Ashspokemon\n|j| EliteCaptainScizor\n|\n|t:|1651945227\n|move|p1b: long boi|Thousand Arrows|p2b: Fleece|[spread] p2a,p2b\n|-resisted|p2a: Beef\n|-supereffective|p2b: Fleece\n|-damage|p2a: Beef|51\/100\n|-damage|p2b: Fleece|27\/100\n|move|p1a: Hot gorila|Eruption|p2a: Beef|[spread] p2a,p2b\n|-supereffective|p2a: Beef\n|-resisted|p2b: Fleece\n|-damage|p2a: Beef|0 fnt\n|-damage|p2b: Fleece|10\/100\n|faint|p2a: Beef\n|move|p2b: Fleece|Earth Power|p1a: Hot gorila\n|-supereffective|p1a: Hot gorila\n|-damage|p1a: Hot gorila|0 fnt\n|faint|p1a: Hot gorila\n|\n|upkeep\n|\n|t:|1651945242\n|switch|p1a: pretty gorila|Ribombee, F|7\/100\n|switch|p2a: Cello|Rillaboom, M|49\/100\n|-fieldstart|move: Grassy Terrain|[from] ability: Grassy Surge|[of] p2a: Cello\n|turn|8\n|j| DLTW129\n|\n|t:|1651945260\n|move|p2a: Cello|Fake Out|p1b: long boi\n|-damage|p1b: long boi|86\/100\n|move|p1a: pretty gorila|Tailwind|p1a: pretty gorila\n|-sidestart|p1: LoSconosciuto|move: Tailwind\n|cant|p1b: long boi|flinch\n|move|p2b: Fleece|Heat Wave|p1a: pretty gorila|[spread] p1a,p1b\n|-supereffective|p1a: pretty gorila\n|-resisted|p1b: long boi\n|-damage|p1a: pretty gorila|0 fnt\n|-damage|p1b: long boi|66\/100\n|faint|p1a: pretty gorila\n|\n|-heal|p1b: long boi|72\/100|[from] Grassy Terrain\n|-heal|p2a: Cello|55\/100|[from] Grassy Terrain\n|-heal|p2b: Fleece|16\/100|[from] Grassy Terrain\n|upkeep\n|\n|t:|1651945265\n|switch|p1a: Rillaboom|Rillaboom, M|100\/100\n|turn|9\n|\n|t:|1651945272\n|move|p2b: Fleece|Protect|p2b: Fleece\n|-singleturn|p2b: Fleece|Protect\n|move|p2a: Cello|Grassy Glide|p1b: long boi\n|-damage|p1b: long boi|39\/100\n|move|p1b: long boi|Thousand Arrows|p2a: Cello|[spread] p2a\n|-activate|p2b: Fleece|move: Protect\n|-resisted|p2a: Cello\n|-damage|p2a: Cello|31\/100\n|move|p1a: Rillaboom|U-turn|p2a: Cello\n|-supereffective|p2a: Cello\n|-damage|p2a: Cello|0 fnt\n|faint|p2a: Cello\n|\n|-heal|p1b: long boi|45\/100|[from] Grassy Terrain\n|-heal|p2b: Fleece|22\/100|[from] Grassy Terrain\n|upkeep\n|j| paolode99\n|\n|t:|1651945282\n|switch|p2a: Yuh|Dragapult, M|100\/100\n|turn|10\n|\n|t:|1651945296\n|move|p1a: Rillaboom|Grassy Glide|p2a: Yuh\n|-resisted|p2a: Yuh\n|-damage|p2a: Yuh|67\/100\n|move|p1b: long boi|Thousand Arrows|p2a: Yuh|[spread] p2a,p2b\n|-supereffective|p2b: Fleece\n|-damage|p2a: Yuh|0 fnt\n|-damage|p2b: Fleece|0 fnt\n|faint|p2a: Yuh\n|faint|p2b: Fleece\n|\n|win|LoSconosciuto\n|n|\u2606LoSconosciuto|losconosciuto\n|n|\u2606xSkelly34|xskelly34\n|n|*Lady Monita \u273f|ladymonita\n|n| BB-8-NU|bb8nu\n|n| Ayeitsparker|ayeitsparker\n|n| goldtodd1|goldtodd1\n|n| ChrisRockSlap|chrisrockslap\n|n| AndraKinG|andraking\n|n| Danyx0013|danyx0013\n|n| dx gummy|dxgummy\n|n| forsh \u2740|forsh\n|n| clean cuts|cleancuts\n|n|+mammalu|mammalu\n|n| draghi in trip|draghiintrip\n|n| QuinnXD|quinnxd\n|n| Floatzelnite|floatzelnite\n|n| Ashspokemon|ashspokemon\n|n| EliteCaptainScizor|elitecaptainscizor\n|n| DLTW129|dltw129\n|n| paolode99|paolode99\n","uploadtime":1651945297,"views":11,"p1id":"losconosciuto","p2id":"xskelly34","formatid":"gen8doublesou","rating":0,"private":0,"password":null}