{"id":"gen8ou-1622690503","p1":"d18l","p2":"Skip the drip","format":"gen8ou","log":"|j|\u2606d18l\n|j|\u2606Skip the drip\n|t:|1658478994\n|gametype|singles\n|player|p1|d18l|backpacker|\n|player|p2|Skip the drip|camper|\n|teamsize|p1|6\n|teamsize|p2|2\n|gen|8\n|tier|[Gen 8] OU\n|rule|Sleep Clause Mod: Limit one foe put to sleep\n|rule|Species Clause: Limit one of each Pok\u00e9mon\n|rule|OHKO Clause: OHKO moves are banned\n|rule|Evasion Moves Clause: Evasion moves are banned\n|rule|Endless Battle Clause: Forcing endless battles is banned\n|rule|HP Percentage Mod: HP is shown in percentages\n|rule|Dynamax Clause: You cannot dynamax\n|clearpoke\n|poke|p1|Tapu Koko|\n|poke|p1|Victini|\n|poke|p1|Landorus-Therian, M|\n|poke|p1|Tornadus-Therian, M|\n|poke|p1|Rotom-Wash|\n|poke|p1|Ferrothorn, M|\n|poke|p2|Victini|\n|poke|p2|Clefable, M|\n|teampreview\n|c|\u2606d18l|maybe i should just lead tornt uturn on clef\n|c|\u2606d18l|then you soft boiled\n|c|\u2606Skip the drip|Ye\n|c|\u2606d18l|or else bolt strike just para\n|\n|t:|1658479011\n|start\n|switch|p1a: Tornadus|Tornadus-Therian, M|100\/100\n|switch|p2a: Clefable|Clefable, M|100\/100\n|turn|1\n|c|\u2606Skip the drip|uturn\n|\n|t:|1658479017\n|move|p1a: Tornadus|U-turn|p2a: Clefable\n|-resisted|p2a: Clefable\n|-damage|p2a: Clefable|95\/100\n|j| CT Steve\n|j| GGeorgie\n|\n|t:|1658479025\n|switch|p1a: Victini|Victini|100\/100|[from]move: U-turn\n|move|p2a: Clefable|Soft-Boiled|p2a: Clefable\n|-heal|p2a: Clefable|100\/100\n|\n|upkeep\n|turn|2\n|\n|t:|1658479028\n|move|p1a: Victini|Encore|p2a: Clefable\n|-start|p2a: Clefable|Encore\n|move|p2a: Clefable|Soft-Boiled||[still]\n|-fail|p2a: Clefable|heal\n|\n|upkeep\n|turn|3\n|\n|t:|1658479030\n|move|p1a: Victini|V-create|p2a: Clefable\n|-damage|p2a: Clefable|38\/100\n|-unboost|p1a: Victini|spe|1\n|-unboost|p1a: Victini|def|1\n|-unboost|p1a: Victini|spd|1\n|move|p2a: Clefable|Soft-Boiled|p2a: Clefable\n|-heal|p2a: Clefable|88\/100\n|\n|-heal|p2a: Clefable|94\/100|[from] item: Leftovers\n|upkeep\n|turn|4\n|c| CT Steve|doesnt 2hit ko i think\n|\n|t:|1658479034\n|move|p1a: Victini|V-create|p2a: Clefable\n|-damage|p2a: Clefable|31\/100\n|-unboost|p1a: Victini|spe|1\n|-unboost|p1a: Victini|def|1\n|-unboost|p1a: Victini|spd|1\n|move|p2a: Clefable|Soft-Boiled|p2a: Clefable\n|-heal|p2a: Clefable|81\/100\n|\n|-heal|p2a: Clefable|87\/100|[from] item: Leftovers\n|-end|p2a: Clefable|Encore\n|upkeep\n|turn|5\n|c| GGeorgie|you thought\n|\n|t:|1658479039\n|move|p1a: Victini|V-create|p2a: Clefable\n|-damage|p2a: Clefable|31\/100\n|-unboost|p1a: Victini|spe|1\n|-unboost|p1a: Victini|def|1\n|-unboost|p1a: Victini|spd|1\n|move|p2a: Clefable|Soft-Boiled|p2a: Clefable\n|-heal|p2a: Clefable|81\/100\n|\n|-heal|p2a: Clefable|88\/100|[from] item: Leftovers\n|upkeep\n|turn|6\n|c| GGeorgie|wrong\n|c|\u2606d18l|yea.\n|c|\u2606d18l|now im 131\n|c|\u2606d18l|im slower\n|c| CT Steve|yeah doesnt 2h ko\n|c| GGeorgie|keep it going\n|\n|t:|1658479058\n|move|p2a: Clefable|Soft-Boiled|p2a: Clefable\n|-heal|p2a: Clefable|100\/100\n|move|p1a: Victini|Encore|p2a: Clefable\n|-start|p2a: Clefable|Encore\n|\n|upkeep\n|turn|7\n|\n|t:|1658479062\n|move|p2a: Clefable|Soft-Boiled||[still]\n|-fail|p2a: Clefable|heal\n|move|p1a: Victini|V-create|p2a: Clefable\n|-damage|p2a: Clefable|36\/100\n|-unboost|p1a: Victini|spe|1\n|-unboost|p1a: Victini|def|1\n|-unboost|p1a: Victini|spd|1\n|\n|-heal|p2a: Clefable|42\/100|[from] item: Leftovers\n|upkeep\n|turn|8\n|\n|t:|1658479065\n|move|p2a: Clefable|Soft-Boiled|p2a: Clefable\n|-heal|p2a: Clefable|92\/100\n|move|p1a: Victini|V-create|p2a: Clefable\n|-damage|p2a: Clefable|31\/100\n|-unboost|p1a: Victini|spe|1\n|-unboost|p1a: Victini|def|1\n|-unboost|p1a: Victini|spd|1\n|\n|-heal|p2a: Clefable|37\/100|[from] item: Leftovers\n|upkeep\n|turn|9\n|\n|t:|1658479070\n|move|p2a: Clefable|Soft-Boiled|p2a: Clefable\n|-heal|p2a: Clefable|87\/100\n|move|p1a: Victini|V-create|p2a: Clefable\n|-damage|p2a: Clefable|31\/100\n|-unboost|p1a: Victini|spe|1\n|-unboost|p1a: Victini|def|1\n|-unboost|p1a: Victini|spd|1\n|\n|-heal|p2a: Clefable|37\/100|[from] item: Leftovers\n|-end|p2a: Clefable|Encore\n|upkeep\n|turn|10\n|\n|t:|1658479073\n|move|p2a: Clefable|Soft-Boiled|p2a: Clefable\n|-heal|p2a: Clefable|87\/100\n|move|p1a: Victini|Encore|p2a: Clefable\n|-start|p2a: Clefable|Encore\n|\n|-heal|p2a: Clefable|93\/100|[from] item: Leftovers\n|upkeep\n|turn|11\n|\n|t:|1658479075\n|move|p2a: Clefable|Soft-Boiled|p2a: Clefable\n|-heal|p2a: Clefable|100\/100\n|move|p1a: Victini|V-create|p2a: Clefable\n|-damage|p2a: Clefable|45\/100\n|\n|-heal|p2a: Clefable|51\/100|[from] item: Leftovers\n|upkeep\n|turn|12\n|c| GGeorgie|I also wonder what clef is staying in\n|\n|t:|1658479078\n|move|p2a: Clefable|Soft-Boiled|p2a: Clefable\n|-heal|p2a: Clefable|100\/100\n|move|p1a: Victini|V-create|p2a: Clefable\n|-damage|p2a: Clefable|39\/100\n|\n|-heal|p2a: Clefable|45\/100|[from] item: Leftovers\n|upkeep\n|turn|13\n|c| GGeorgie|against this\n|c|\u2606d18l|max pdef clef.\n|c|\u2606d18l|._.\n|\n|t:|1658479087\n|move|p2a: Clefable|Soft-Boiled|p2a: Clefable\n|-heal|p2a: Clefable|95\/100\n|move|p1a: Victini|Bolt Strike|p2a: Clefable\n|-damage|p2a: Clefable|64\/100\n|\n|-heal|p2a: Clefable|70\/100|[from] item: Leftovers\n|-end|p2a: Clefable|Encore\n|upkeep\n|turn|14\n|c|\u2606Skip the drip|Ye\n|c| GGeorgie|no like\n|c|\u2606d18l|i need taunt then\n|c| GGeorgie|they soft\n|c|\u2606Skip the drip|this is assuming\n|c| GGeorgie|then switch\n|c|\u2606Skip the drip|max defense\n|c|\u2606Skip the drip|i say encore better\n|c| GGeorgie|you always assume max physdef\n|c| GGeorgie|imo\n|-message|d18l forfeited.\n|\n|win|Skip the drip\n|c|\u2606Skip the drip|but do u king\n|l| GGeorgie\n|c|\u2606d18l|ok king\n|l|\u2606Skip the drip\n|l|\u2606d18l\n|j| BALOOR\n|c| CT Steve|yeah its not gonna kill\n|l| CT Steve\n|l| BALOOR\n|j| 1200 hell\n|j|\u2606Skip the drip\n|player|p2|Skip the drip|camper\n|l|\u2606Skip the drip\n|player|p2|\n|c| 1200 hell|wow that is super interesting\n","uploadtime":1658479316,"views":18,"p1id":"d18l","p2id":"skipthedrip","formatid":"gen8ou","rating":0,"private":0,"password":null}