{"id":"gen8nationaldexag-1543467862","p1":"ManderTries","p2":"fishy8995","format":"gen8nationaldexag","log":"|j|\u2606ManderTries\n|j|\u2606fishy8995\n|t:|1648791368\n|gametype|singles\n|player|p1|ManderTries|ingo|1045\n|player|p2|fishy8995|102|1136\n|teamsize|p1|6\n|teamsize|p2|6\n|gen|8\n|tier|[Gen 8] National Dex AG\n|rated|\n|rule|HP Percentage Mod: HP is shown in percentages\n|rule|Endless Battle Clause: Forcing endless battles is banned\n|clearpoke\n|poke|p1|Galvantula, F|\n|poke|p1|Eelektross, F|\n|poke|p1|Durant, F|\n|poke|p1|Excadrill, M|\n|poke|p1|Haxorus, M|\n|poke|p1|Crustle, M|\n|poke|p2|Hippowdon, M|\n|poke|p2|Tyranitar, M|\n|poke|p2|Excadrill, F|\n|poke|p2|Yanmega, M|\n|poke|p2|Toxapex, M|\n|poke|p2|Dracozolt|\n|teampreview\n|\n|t:|1648791380\n|start\n|switch|p1a: Crustle|Crustle, M|100\/100\n|switch|p2a: Hippowdon|Hippowdon, M|100\/100\n|-weather|Sandstorm|[from] ability: Sand Stream|[of] p2a: Hippowdon\n|turn|1\n|inactive|Battle timer is ON: inactive players will automatically lose when time's up. (requested by ManderTries)\n|\n|t:|1648791387\n|move|p2a: Hippowdon|Toxic|p1a: Crustle\n|-status|p1a: Crustle|tox\n|move|p1a: Crustle|Toxic|p2a: Hippowdon\n|-status|p2a: Hippowdon|tox\n|\n|-weather|Sandstorm|[upkeep]\n|-damage|p2a: Hippowdon|94\/100 tox|[from] psn\n|-damage|p1a: Crustle|94\/100 tox|[from] psn\n|upkeep\n|turn|2\n|\n|t:|1648791394\n|move|p2a: Hippowdon|Stealth Rock|p1a: Crustle\n|-sidestart|p1: ManderTries|move: Stealth Rock\n|move|p1a: Crustle|Spikes|p2a: Hippowdon\n|-sidestart|p2: fishy8995|Spikes\n|\n|-weather|Sandstorm|[upkeep]\n|-damage|p2a: Hippowdon|82\/100 tox|[from] psn\n|-damage|p1a: Crustle|82\/100 tox|[from] psn\n|upkeep\n|turn|3\n|\n|t:|1648791400\n|switch|p2a: Yanmega|Yanmega, M|100\/100\n|move|p1a: Crustle|Spikes|p2a: Yanmega\n|-sidestart|p2: fishy8995|Spikes\n|\n|-weather|Sandstorm|[upkeep]\n|-damage|p2a: Yanmega|94\/100|[from] Sandstorm\n|-damage|p1a: Crustle|64\/100 tox|[from] psn\n|upkeep\n|turn|4\n|\n|t:|1648791407\n|move|p2a: Yanmega|Detect|p2a: Yanmega\n|-singleturn|p2a: Yanmega|Protect\n|move|p1a: Crustle|Spikes|p2a: Yanmega\n|-sidestart|p2: fishy8995|Spikes\n|\n|-weather|Sandstorm|[upkeep]\n|-damage|p2a: Yanmega|88\/100|[from] Sandstorm\n|-damage|p1a: Crustle|39\/100 tox|[from] psn\n|-ability|p2a: Yanmega|Speed Boost|boost\n|-boost|p2a: Yanmega|spe|1\n|upkeep\n|turn|5\n|\n|t:|1648791416\n|move|p2a: Yanmega|Defog|p1a: Crustle\n|-unboost|p1a: Crustle|evasion|1\n|-sideend|p1: ManderTries|Stealth Rock|[from] move: Defog|[of] p2a: Yanmega\n|-sideend|p2: fishy8995|Spikes|[from] move: Defog|[of] p2a: Yanmega\n|move|p1a: Crustle|Rock Blast|p2a: Yanmega\n|-supereffective|p2a: Yanmega\n|-damage|p2a: Yanmega|37\/100\n|-supereffective|p2a: Yanmega\n|-damage|p2a: Yanmega|0 fnt\n|faint|p2a: Yanmega\n|-hitcount|p2: Yanmega|2\n|\n|-weather|Sandstorm|[upkeep]\n|-damage|p1a: Crustle|9\/100 tox|[from] psn\n|upkeep\n|\n|t:|1648791425\n|switch|p2a: Excadrill|Excadrill, F|100\/100\n|turn|6\n|\n|t:|1648791432\n|move|p2a: Excadrill|Swords Dance|p2a: Excadrill\n|-boost|p2a: Excadrill|atk|2\n|move|p1a: Crustle|Spikes|p2a: Excadrill\n|-sidestart|p2: fishy8995|Spikes\n|\n|-weather|Sandstorm|[upkeep]\n|-damage|p1a: Crustle|0 fnt|[from] psn\n|faint|p1a: Crustle\n|upkeep\n|\n|t:|1648791442\n|switch|p1a: Durant|Durant, F|100\/100\n|turn|7\n|\n|t:|1648791447\n|move|p2a: Excadrill|Earthquake|p1a: Durant\n|-enditem|p1a: Durant|Focus Sash\n|-damage|p1a: Durant|1\/100\n|move|p1a: Durant|Entrainment|p2a: Excadrill\n|-endability|p2a: Excadrill|Sand Rush|[from] move: Entrainment\n|-ability|p2a: Excadrill|Truant|[from] move: Entrainment\n|\n|-weather|Sandstorm|[upkeep]\n|upkeep\n|turn|8\n|\n|t:|1648791462\n|switch|p1a: Haxorus|Haxorus, M|100\/100\n|-ability|p1a: Haxorus|Mold Breaker\n|cant|p2a: Excadrill|ability: Truant\n|\n|-weather|none\n|upkeep\n|turn|9\n|\n|t:|1648791471\n|move|p1a: Haxorus|Earthquake|p2a: Excadrill\n|-supereffective|p2a: Excadrill\n|-damage|p2a: Excadrill|0 fnt\n|faint|p2a: Excadrill\n|-damage|p1a: Haxorus|91\/100|[from] item: Life Orb\n|\n|upkeep\n|\n|t:|1648791476\n|switch|p2a: Hippowdon|Hippowdon, M|82\/100 tox\n|-damage|p2a: Hippowdon|70\/100 tox|[from] Spikes\n|-weather|Sandstorm|[from] ability: Sand Stream|[of] p2a: Hippowdon\n|turn|10\n|\n|t:|1648791484\n|move|p1a: Haxorus|Dragon Dance|p1a: Haxorus\n|-boost|p1a: Haxorus|atk|1\n|-boost|p1a: Haxorus|spe|1\n|move|p2a: Hippowdon|Toxic|p1a: Haxorus\n|-status|p1a: Haxorus|tox\n|\n|-weather|Sandstorm|[upkeep]\n|-damage|p1a: Haxorus|84\/100 tox|[from] Sandstorm\n|-damage|p1a: Haxorus|78\/100 tox|[from] psn\n|-damage|p2a: Hippowdon|63\/100 tox|[from] psn\n|upkeep\n|turn|11\n|inactive|fishy8995 has 120 seconds left.\n|\n|t:|1648791517\n|move|p1a: Haxorus|Dragon Claw|p2a: Hippowdon\n|-damage|p2a: Hippowdon|15\/100 tox\n|-damage|p1a: Haxorus|68\/100 tox|[from] item: Life Orb\n|move|p2a: Hippowdon|Roar|p1a: Haxorus\n|drag|p1a: Galvantula|Galvantula, F|100\/100\n|\n|-weather|Sandstorm|[upkeep]\n|-damage|p1a: Galvantula|94\/100|[from] Sandstorm\n|-damage|p2a: Hippowdon|2\/100 tox|[from] psn\n|upkeep\n|turn|12\n|\n|t:|1648791529\n|switch|p1a: Eelektross|Eelektross, F|100\/100\n|move|p2a: Hippowdon|Stealth Rock|p1a: Eelektross\n|-sidestart|p1: ManderTries|move: Stealth Rock\n|\n|-weather|Sandstorm|[upkeep]\n|-damage|p1a: Eelektross|94\/100|[from] Sandstorm\n|-damage|p2a: Hippowdon|0 fnt|[from] psn\n|faint|p2a: Hippowdon\n|upkeep\n|\n|t:|1648791536\n|switch|p2a: Dracozolt|Dracozolt|100\/100\n|-damage|p2a: Dracozolt|88\/100|[from] Spikes\n|turn|13\n|inactive|fishy8995 has 120 seconds left.\n|\n|t:|1648791552\n|-start|p2a: Dracozolt|Dynamax|\n|-heal|p2a: Dracozolt|88\/100|[silent]\n|move|p2a: Dracozolt|Max Wyrmwind|p1a: Eelektross\n|-damage|p1a: Eelektross|13\/100\n|-unboost|p1a: Eelektross|atk|1\n|-damage|p2a: Dracozolt|83\/100|[from] item: Life Orb\n|move|p1a: Eelektross|Volt Switch|p2a: Dracozolt\n|-resisted|p2a: Dracozolt\n|-damage|p2a: Dracozolt|73\/100\n|\n|t:|1648791563\n|switch|p1a: Excadrill|Excadrill, M|100\/100|[from]move: Volt Switch\n|-damage|p1a: Excadrill|97\/100|[from] Stealth Rock\n|-ability|p1a: Excadrill|Mold Breaker\n|\n|-weather|Sandstorm|[upkeep]\n|upkeep\n|turn|14\n|\n|t:|1648791573\n|-start|p1a: Excadrill|Dynamax|\n|-heal|p1a: Excadrill|97\/100|[silent]\n|move|p2a: Dracozolt|Max Quake|p1a: Excadrill\n|-supereffective|p1a: Excadrill\n|-damage|p1a: Excadrill|25\/100\n|-boost|p2a: Dracozolt|spd|1\n|-damage|p2a: Dracozolt|68\/100|[from] item: Life Orb\n|move|p1a: Excadrill|Max Quake|p2a: Dracozolt\n|-supereffective|p2a: Dracozolt\n|-damage|p2a: Dracozolt|0 fnt\n|-boost|p1a: Excadrill|spd|1\n|faint|p2a: Dracozolt\n|-damage|p1a: Excadrill|20\/100|[from] item: Life Orb\n|\n|-weather|Sandstorm|[upkeep]\n|upkeep\n|\n|t:|1648791587\n|switch|p2a: Tyranitar|Tyranitar, M|100\/100\n|-damage|p2a: Tyranitar|88\/100|[from] Spikes\n|turn|15\n|\n|t:|1648791593\n|detailschange|p2a: Tyranitar|Tyranitar-Mega, M\n|-mega|p2a: Tyranitar|Tyranitar|Tyranitarite\n|move|p1a: Excadrill|Max Quake|p2a: Tyranitar\n|-supereffective|p2a: Tyranitar\n|-damage|p2a: Tyranitar|0 fnt\n|-boost|p1a: Excadrill|spd|1\n|faint|p2a: Tyranitar\n|-damage|p1a: Excadrill|15\/100|[from] item: Life Orb\n|\n|-weather|Sandstorm|[upkeep]\n|upkeep\n|\n|t:|1648791597\n|switch|p2a: Toxapex|Toxapex, M|100\/100\n|-damage|p2a: Toxapex|88\/100|[from] Spikes\n|turn|16\n|\n|t:|1648791606\n|move|p1a: Excadrill|Max Steelspike|p2a: Toxapex\n|-resisted|p2a: Toxapex\n|-damage|p2a: Toxapex|53\/100\n|-boost|p1a: Excadrill|def|1\n|-damage|p1a: Excadrill|10\/100|[from] item: Life Orb\n|move|p2a: Toxapex|Recover|p2a: Toxapex\n|-heal|p2a: Toxapex|100\/100\n|\n|-weather|Sandstorm|[upkeep]\n|-damage|p2a: Toxapex|94\/100|[from] Sandstorm\n|-heal|p2a: Toxapex|100\/100|[from] item: Black Sludge\n|-end|p1a: Excadrill|Dynamax\n|-heal|p1a: Excadrill|10\/100|[silent]\n|upkeep\n|turn|17\n|\n|t:|1648791620\n|switch|p1a: Galvantula|Galvantula, F|94\/100\n|-damage|p1a: Galvantula|70\/100|[from] Stealth Rock\n|move|p2a: Toxapex|Scald|p1a: Galvantula\n|-damage|p1a: Galvantula|42\/100\n|-status|p1a: Galvantula|brn\n|\n|-weather|none\n|-damage|p1a: Galvantula|36\/100 brn|[from] brn\n|upkeep\n|turn|18\n|\n|t:|1648791629\n|move|p1a: Galvantula|Thunder Wave|p2a: Toxapex\n|-status|p2a: Toxapex|par\n|move|p2a: Toxapex|Stockpile|p2a: Toxapex\n|-start|p2a: Toxapex|stockpile1\n|-boost|p2a: Toxapex|def|1\n|-boost|p2a: Toxapex|spd|1\n|\n|-damage|p1a: Galvantula|30\/100 brn|[from] brn\n|upkeep\n|turn|19\n|\n|t:|1648791640\n|move|p1a: Galvantula|Bug Buzz|p2a: Toxapex\n|-resisted|p2a: Toxapex\n|-damage|p2a: Toxapex|94\/100 par\n|move|p2a: Toxapex|Stockpile|p2a: Toxapex\n|-start|p2a: Toxapex|stockpile2\n|-boost|p2a: Toxapex|def|1\n|-boost|p2a: Toxapex|spd|1\n|\n|-heal|p2a: Toxapex|99\/100 par|[from] item: Black Sludge\n|-damage|p1a: Galvantula|24\/100 brn|[from] brn\n|upkeep\n|turn|20\n|\n|t:|1648791663\n|move|p1a: Galvantula|Bug Buzz|p2a: Toxapex\n|-resisted|p2a: Toxapex\n|-damage|p2a: Toxapex|95\/100 par\n|move|p2a: Toxapex|Stockpile|p2a: Toxapex\n|-start|p2a: Toxapex|stockpile3\n|-boost|p2a: Toxapex|def|1\n|-boost|p2a: Toxapex|spd|1\n|\n|-heal|p2a: Toxapex|100\/100 par|[from] item: Black Sludge\n|-damage|p1a: Galvantula|18\/100 brn|[from] brn\n|upkeep\n|turn|21\n|\n|t:|1648791675\n|move|p1a: Galvantula|Bug Buzz|p2a: Toxapex\n|-resisted|p2a: Toxapex\n|-damage|p2a: Toxapex|97\/100 par\n|-unboost|p2a: Toxapex|spd|1\n|cant|p2a: Toxapex|par\n|\n|-heal|p2a: Toxapex|100\/100 par|[from] item: Black Sludge\n|-damage|p1a: Galvantula|12\/100 brn|[from] brn\n|upkeep\n|turn|22\n|\n|t:|1648791683\n|move|p1a: Galvantula|Sticky Web|p2a: Toxapex\n|-sidestart|p2: fishy8995|move: Sticky Web\n|move|p2a: Toxapex|Scald|p1a: Galvantula\n|-damage|p1a: Galvantula|0 fnt\n|faint|p1a: Galvantula\n|\n|upkeep\n|\n|t:|1648791689\n|switch|p1a: Excadrill|Excadrill, M|10\/100\n|-damage|p1a: Excadrill|7\/100|[from] Stealth Rock\n|-ability|p1a: Excadrill|Mold Breaker\n|turn|23\n|\n|t:|1648791694\n|move|p1a: Excadrill|Earthquake|p2a: Toxapex\n|-supereffective|p2a: Toxapex\n|-damage|p2a: Toxapex|56\/100 par\n|-damage|p1a: Excadrill|0 fnt|[from] item: Life Orb\n|faint|p1a: Excadrill\n|cant|p2a: Toxapex|par\n|\n|-heal|p2a: Toxapex|62\/100 par|[from] item: Black Sludge\n|upkeep\n|\n|t:|1648791702\n|switch|p1a: Durant|Durant, F|1\/100\n|-damage|p1a: Durant|0 fnt|[from] Stealth Rock\n|faint|p1a: Durant\n|\n|t:|1648791707\n|switch|p1a: Eelektross|Eelektross, F|13\/100\n|-damage|p1a: Eelektross|1\/100|[from] Stealth Rock\n|turn|24\n|\n|t:|1648791716\n|move|p1a: Eelektross|Thunderbolt|p2a: Toxapex\n|-supereffective|p2a: Toxapex\n|-damage|p2a: Toxapex|22\/100 par\n|move|p2a: Toxapex|Scald|p1a: Eelektross\n|-damage|p1a: Eelektross|0 fnt\n|faint|p1a: Eelektross\n|\n|-heal|p2a: Toxapex|28\/100 par|[from] item: Black Sludge\n|upkeep\n|\n|t:|1648791724\n|switch|p1a: Haxorus|Haxorus, M|68\/100 tox\n|-damage|p1a: Haxorus|56\/100 tox|[from] Stealth Rock\n|-ability|p1a: Haxorus|Mold Breaker\n|turn|25\n|\n|t:|1648791730\n|move|p1a: Haxorus|Earthquake|p2a: Toxapex\n|-supereffective|p2a: Toxapex\n|-damage|p2a: Toxapex|0 fnt\n|faint|p2a: Toxapex\n|-damage|p1a: Haxorus|46\/100 tox|[from] item: Life Orb\n|\n|win|ManderTries\n|raw|ManderTries's rating: 1045 &rarr; <strong>1087<\/strong><br \/>(+42 for winning)\n|raw|fishy8995's rating: 1136 &rarr; <strong>1105<\/strong><br \/>(-31 for losing)\n|l|\u2606fishy8995\n|c|\u2606ManderTries|gg and well played dude\n","uploadtime":1648791748,"views":17,"p1id":"mandertries","p2id":"fishy8995","formatid":"gen8nationaldexag","rating":1087,"private":0,"password":null}