{"id":"gen8monotyperandombattle-1272656917","p1":"SabrinaLouana","p2":"Pokefreak77","format":"gen8monotyperandombattle","log":"|j|\u2606SabrinaLouana\n|j|\u2606Pokefreak77\n|t:|1612032013\n|player|p1|SabrinaLouana|preschoolerf|1362\n|player|p2|Pokefreak77|223|1338\n|teamsize|p1|6\n|teamsize|p2|6\n|gametype|singles\n|gen|8\n|tier|[Gen 8] Monotype Random Battle\n|rated|\n|rule|Same Type Clause: Pok\u00e9mon in a team must share a type\n|rule|HP Percentage Mod: HP is shown in percentages\n|rule|Sleep Clause Mod: Limit one foe put to sleep\n|\n|t:|1612032013\n|start\n|switch|p1a: Sandslash|Sandslash-Alola, L88, M|275\/275\n|switch|p2a: Palkia|Palkia, L76|262\/262\n|-ability|p2a: Palkia|Pressure\n|turn|1\n|inactive|Battle timer is ON: inactive players will automatically lose when time's up. (requested by SabrinaLouana)\n|inactive|SabrinaLouana has 120 seconds left.\n|\n|t:|1612032047\n|switch|p1a: Walrein|Walrein, L88, M|337\/337\n|move|p2a: Palkia|Fire Blast|p1a: Walrein\n|-damage|p1a: Walrein|293\/337\n|\n|-heal|p1a: Walrein|314\/337|[from] item: Leftovers\n|upkeep\n|turn|2\n|\n|t:|1612032064\n|switch|p2a: Silvally|Silvally-Dragon, L86|304\/304\n|move|p1a: Walrein|Toxic|p2a: Silvally\n|-status|p2a: Silvally|tox\n|\n|-heal|p1a: Walrein|335\/337|[from] item: Leftovers\n|-damage|p2a: Silvally|285\/304 tox|[from] psn\n|upkeep\n|turn|3\n|\n|t:|1612032076\n|move|p2a: Silvally|Swords Dance|p2a: Silvally\n|-boost|p2a: Silvally|atk|2\n|move|p1a: Walrein|Ice Beam|p2a: Silvally\n|-supereffective|p2a: Silvally\n|-damage|p2a: Silvally|105\/304 tox\n|\n|-heal|p1a: Walrein|337\/337|[from] item: Leftovers\n|-damage|p2a: Silvally|67\/304 tox|[from] psn\n|upkeep\n|turn|4\n|\n|t:|1612032080\n|move|p1a: Walrein|Protect|p1a: Walrein\n|-singleturn|p1a: Walrein|Protect\n|move|p2a: Silvally|Multi-Attack|p1a: Walrein\n|-activate|p1a: Walrein|move: Protect\n|\n|-damage|p2a: Silvally|10\/304 tox|[from] psn\n|upkeep\n|turn|5\n|\n|t:|1612032090\n|move|p2a: Silvally|Multi-Attack|p1a: Walrein\n|-damage|p1a: Walrein|108\/337\n|move|p1a: Walrein|Ice Beam|p2a: Silvally\n|-supereffective|p2a: Silvally\n|-damage|p2a: Silvally|0 fnt\n|faint|p2a: Silvally\n|\n|-heal|p1a: Walrein|129\/337|[from] item: Leftovers\n|upkeep\n|\n|t:|1612032099\n|switch|p2a: Latios|Latios, L80, M|259\/259\n|turn|6\n|\n|t:|1612032111\n|move|p2a: Latios|Aura Sphere|p1a: Walrein\n|-supereffective|p1a: Walrein\n|-damage|p1a: Walrein|0 fnt\n|-damage|p2a: Latios|234\/259|[from] item: Life Orb\n|faint|p1a: Walrein\n|\n|upkeep\n|\n|t:|1612032115\n|switch|p1a: Froslass|Froslass, L86, F|261\/261\n|turn|7\n|\n|t:|1612032137\n|-start|p2a: Latios|Dynamax\n|-heal|p2a: Latios|468\/518|[silent]\n|move|p1a: Froslass|Poltergeist|p2a: Latios\n|-activate|p2a: Latios|move: Poltergeist|Life Orb\n|-supereffective|p2a: Latios\n|-damage|p2a: Latios|232\/518\n|move|p2a: Latios|Max Wyrmwind|p1a: Froslass\n|-damage|p1a: Froslass|2\/261\n|-unboost|p1a: Froslass|atk|1\n|-damage|p2a: Latios|207\/518|[from] item: Life Orb\n|\n|upkeep\n|turn|8\n|inactive|Pokefreak77 has 120 seconds left.\n|inactive|SabrinaLouana has 120 seconds left.\n|\n|t:|1612032180\n|-end|p2a: Latios|Dynamax\n|-heal|p2a: Latios|104\/259|[silent]\n|switch|p2a: Palkia|Palkia, L76|262\/262\n|-ability|p2a: Palkia|Pressure\n|move|p1a: Froslass|Poltergeist|p2a: Palkia\n|-activate|p2a: Palkia|move: Poltergeist|Choice Scarf\n|-damage|p2a: Palkia|192\/262\n|\n|upkeep\n|turn|9\n|inactive|Pokefreak77 has 120 seconds left.\n|\n|t:|1612032192\n|move|p2a: Palkia|Fire Blast|p1a: Froslass\n|-supereffective|p1a: Froslass\n|-damage|p1a: Froslass|0 fnt\n|faint|p1a: Froslass\n|\n|upkeep\n|inactive|SabrinaLouana has 120 seconds left.\n|\n|t:|1612032209\n|switch|p1a: Kyurem|Kyurem-White, L74|307\/307\n|-ability|p1a: Kyurem|Turboblaze\n|turn|10\n|inactive|Pokefreak77 has 120 seconds left.\n|\n|t:|1612032230\n|switch|p2a: Appletun|Appletun, L90, M|344\/344\n|move|p1a: Kyurem|Freeze-Dry|p2a: Appletun\n|-supereffective|p2a: Appletun\n|-damage|p2a: Appletun|0 fnt\n|faint|p2a: Appletun\n|\n|upkeep\n|\n|t:|1612032238\n|switch|p2a: Druddigon|Druddigon, L86, F|273\/273\n|-ability|p2a: Druddigon|Mold Breaker\n|turn|11\n|\n|t:|1612032242\n|switch|p1a: Arctozolt|Arctozolt, L86|295\/295\n|move|p2a: Druddigon|Glare|p1a: Arctozolt\n|-immune|p1a: Arctozolt\n|\n|upkeep\n|turn|12\n|\n|t:|1612032247\n|move|p1a: Arctozolt|Icicle Crash|p2a: Druddigon\n|-supereffective|p2a: Druddigon\n|-damage|p2a: Druddigon|39\/273\n|-damage|p1a: Arctozolt|266\/295|[from] item: Life Orb\n|move|p2a: Druddigon|Stealth Rock|p1a: Arctozolt\n|-sidestart|p1: SabrinaLouana|move: Stealth Rock\n|\n|-heal|p2a: Druddigon|56\/273|[from] item: Leftovers\n|upkeep\n|turn|13\n|\n|t:|1612032258\n|move|p1a: Arctozolt|Icicle Crash|p2a: Druddigon\n|-supereffective|p2a: Druddigon\n|-damage|p2a: Druddigon|0 fnt\n|-damage|p1a: Arctozolt|237\/295|[from] item: Life Orb\n|faint|p2a: Druddigon\n|\n|upkeep\n|\n|t:|1612032266\n|switch|p2a: Latios|Latios, L80, M|104\/259\n|turn|14\n|\n|t:|1612032273\n|move|p2a: Latios|Aura Sphere|p1a: Arctozolt\n|-supereffective|p1a: Arctozolt\n|-damage|p1a: Arctozolt|65\/295\n|-damage|p2a: Latios|79\/259|[from] item: Life Orb\n|move|p1a: Arctozolt|Icicle Crash|p2a: Latios\n|-supereffective|p2a: Latios\n|-damage|p2a: Latios|0 fnt\n|-damage|p1a: Arctozolt|36\/295|[from] item: Life Orb\n|faint|p2a: Latios\n|\n|upkeep\n|\n|t:|1612032280\n|switch|p2a: Garchomp|Garchomp, L78, F|297\/297\n|turn|15\n|\n|t:|1612032288\n|move|p2a: Garchomp|Earthquake|p1a: Arctozolt\n|-supereffective|p1a: Arctozolt\n|-damage|p1a: Arctozolt|0 fnt\n|faint|p1a: Arctozolt\n|\n|upkeep\n|inactive|SabrinaLouana has 120 seconds left.\n|\n|t:|1612032322\n|switch|p1a: Articuno|Articuno, L86|295\/295\n|-ability|p1a: Articuno|Pressure\n|turn|16\n|\n|t:|1612032327\n|move|p2a: Garchomp|Stone Edge|p1a: Articuno\n|-supereffective|p1a: Articuno\n|-damage|p1a: Articuno|31\/295\n|move|p1a: Articuno|Freeze-Dry|p2a: Garchomp\n|-supereffective|p2a: Garchomp\n|-damage|p2a: Garchomp|0 fnt\n|faint|p2a: Garchomp\n|\n|upkeep\n|\n|t:|1612032337\n|switch|p2a: Palkia|Palkia, L76|192\/262\n|-ability|p2a: Palkia|Pressure\n|turn|17\n|\n|t:|1612032341\n|move|p2a: Palkia|Fire Blast|p1a: Articuno\n|-supereffective|p1a: Articuno\n|-damage|p1a: Articuno|0 fnt\n|faint|p1a: Articuno\n|\n|upkeep\n|\n|t:|1612032345\n|switch|p1a: Kyurem|Kyurem-White, L74|307\/307\n|-damage|p1a: Kyurem|231\/307|[from] Stealth Rock\n|-ability|p1a: Kyurem|Turboblaze\n|turn|18\n|\n|t:|1612032351\n|move|p2a: Palkia|Fire Blast|p1a: Kyurem\n|-damage|p1a: Kyurem|143\/307\n|move|p1a: Kyurem|Freeze-Dry|p2a: Palkia\n|-supereffective|p2a: Palkia\n|-damage|p2a: Palkia|0 fnt\n|faint|p2a: Palkia\n|\n|win|SabrinaLouana\n","inputlog":">version 1e830158db8205b3fb0d791d45b70fb0605f0bc4\n>version-origin 3e4aa91e85b0f66d64c99a1eef33e44a85b94f15\n>start {\"formatid\":\"gen8monotyperandombattle\",\"seed\":[17836,63183,36510,10087],\"rated\":\"Rated battle\"}\n>player p1 {\"name\":\"SabrinaLouana\",\"avatar\":\"preschoolerf\",\"team\":\"\",\"rating\":1362,\"seed\":[23718,13384,24887,29328]}\n>player p2 {\"name\":\"Pokefreak77\",\"avatar\":\"223\",\"team\":\"\",\"rating\":1338,\"seed\":[60441,60127,43261,6517]}\n>p1 switch 6\n>p2 move fireblast\n>p1 move toxic\n>p2 switch 5\n>p1 move icebeam\n>p2 move swordsdance\n>p1 move protect\n>p2 move multiattack\n>p1 move icebeam\n>p2 move multiattack\n>p2 switch 2\n>p1 move icebeam\n>p2 move aurasphere\n>p1 switch 5\n>p1 move poltergeist\n>p2 move dracometeor dynamax\n>p1 move poltergeist\n>p2 switch 5\n>p1 move destinybond\n>p2 move fireblast\n>p1 switch 2\n>p1 move freezedry\n>p2 switch 3\n>p2 switch 6\n>p1 switch 4\n>p2 move glare\n>p1 move iciclecrash\n>p2 move stealthrock\n>p1 move iciclecrash\n>p2 move outrage\n>p2 switch 5\n>p1 move iciclecrash\n>p2 move aurasphere\n>p2 switch 4\n>p1 move iciclecrash\n>p2 move earthquake\n>p1 switch 3\n>p1 move freezedry\n>p2 move stoneedge\n>p2 switch 3\n>p1 move freezedry\n>p2 move fireblast\n>p1 switch 4\n>p1 move freezedry\n>p2 move fireblast","uploadtime":1612032356,"views":11,"p1id":"sabrinalouana","p2id":"pokefreak77","formatid":"gen8monotyperandombattle","rating":0,"private":0,"password":null}