{"id":"gen8ou-1664332445","p1":"minimax_ai","p2":"himynametay","format":"gen8ou","log":"|j|\u2606minimax_ai\n|j|\u203dhimynametay\n|t:|1663184190\n|gametype|singles\n|player|p1|minimax_ai|lusamine-nihilego|1421\n|player|p2|himynametay|elesa-masters|1493\n|teamsize|p1|6\n|teamsize|p2|6\n|gen|8\n|tier|[Gen 8] OU\n|rated|\n|rule|Sleep Clause Mod: Limit one foe put to sleep\n|rule|Species Clause: Limit one of each Pok\u00e9mon\n|rule|OHKO Clause: OHKO moves are banned\n|rule|Evasion Items Clause: Evasion items are banned\n|rule|Evasion Moves Clause: Evasion moves are banned\n|rule|Endless Battle Clause: Forcing endless battles is banned\n|rule|HP Percentage Mod: HP is shown in percentages\n|rule|Dynamax Clause: You cannot dynamax\n|clearpoke\n|poke|p1|Rotom-Wash|\n|poke|p1|Weavile, F|\n|poke|p1|Landorus-Therian, M|\n|poke|p1|Heatran, M|\n|poke|p1|Tangrowth, F|\n|poke|p1|Melmetal|\n|poke|p2|Victini|\n|poke|p2|Zapdos|\n|poke|p2|Tapu Fini|\n|poke|p2|Ferrothorn, M|\n|poke|p2|Dragapult, M|\n|poke|p2|Landorus-Therian, M|\n|teampreview\n|c|\u2606minimax_ai|hf\n|inactive|Battle timer is ON: inactive players will automatically lose when time's up. (requested by minimax_ai)\n|\n|t:|1663184202\n|start\n|switch|p1a: Heatran|Heatran, M|100\/100\n|switch|p2a: Tapu Fini|Tapu Fini|100\/100\n|-fieldstart|move: Misty Terrain|[from] ability: Misty Surge|[of] p2a: Tapu Fini\n|-item|p1a: Heatran|Air Balloon\n|turn|1\n|\n|t:|1663184219\n|move|p2a: Tapu Fini|Scald|p1a: Heatran\n|-supereffective|p1a: Heatran\n|-damage|p1a: Heatran|52\/100\n|-enditem|p1a: Heatran|Air Balloon\n|move|p1a: Heatran|Stealth Rock|p2a: Tapu Fini\n|-sidestart|p2: himynametay|move: Stealth Rock\n|\n|upkeep\n|turn|2\n|\n|t:|1663184223\n|switch|p1a: rotomwash|Rotom-Wash|100\/100\n|move|p2a: Tapu Fini|Scald|p1a: rotomwash\n|-resisted|p1a: rotomwash\n|-damage|p1a: rotomwash|87\/100\n|\n|-heal|p1a: rotomwash|93\/100|[from] item: Leftovers\n|upkeep\n|turn|3\n|\n|t:|1663184226\n|switch|p2a: Ferrothorn|Ferrothorn, M|100\/100\n|-damage|p2a: Ferrothorn|95\/100|[from] Stealth Rock\n|move|p1a: rotomwash|Nasty Plot|p1a: rotomwash\n|-boost|p1a: rotomwash|spa|2\n|\n|-heal|p1a: rotomwash|99\/100|[from] item: Leftovers\n|-heal|p2a: Ferrothorn|100\/100|[from] item: Leftovers\n|upkeep\n|turn|4\n|\n|t:|1663184230\n|switch|p1a: Tangrowth|Tangrowth, F|100\/100\n|move|p2a: Ferrothorn|Leech Seed|p1a: Tangrowth\n|-immune|p1a: Tangrowth\n|\n|upkeep\n|turn|5\n|\n|t:|1663184231\n|move|p1a: Tangrowth|Focus Blast|p2a: Ferrothorn\n|-supereffective|p2a: Ferrothorn\n|-damage|p2a: Ferrothorn|62\/100\n|move|p2a: Ferrothorn|Spikes|p1a: Tangrowth\n|-sidestart|p1: minimax_ai|Spikes\n|\n|-heal|p2a: Ferrothorn|68\/100|[from] item: Leftovers\n|-fieldend|Misty Terrain\n|upkeep\n|turn|6\n|\n|t:|1663184236\n|switch|p2a: Zapdos|Zapdos|100\/100\n|move|p1a: Tangrowth|Focus Blast|p2a: Zapdos\n|-resisted|p2a: Zapdos\n|-damage|p2a: Zapdos|87\/100\n|\n|upkeep\n|turn|7\n|\n|t:|1663184239\n|switch|p1a: landorustherian|Landorus-Therian, M|100\/100\n|-ability|p1a: landorustherian|Intimidate|boost\n|-unboost|p2a: Zapdos|atk|1\n|move|p2a: Zapdos|Hurricane|p1a: landorustherian\n|-damage|p1a: landorustherian|59\/100\n|-start|p1a: landorustherian|confusion\n|\n|-heal|p1a: landorustherian|65\/100|[from] item: Leftovers\n|upkeep\n|turn|8\n|\n|t:|1663184241\n|move|p2a: Zapdos|Toxic|p1a: landorustherian\n|-status|p1a: landorustherian|tox\n|-activate|p1a: landorustherian|confusion\n|-damage|p1a: landorustherian|53\/100 tox|[from] confusion\n|\n|-heal|p1a: landorustherian|59\/100 tox|[from] item: Leftovers\n|-damage|p1a: landorustherian|53\/100 tox|[from] psn\n|upkeep\n|turn|9\n|\n|t:|1663184245\n|move|p2a: Zapdos|Hurricane|p1a: landorustherian|[miss]\n|-miss|p2a: Zapdos|p1a: landorustherian\n|-activate|p1a: landorustherian|confusion\n|move|p1a: landorustherian|U-turn|p2a: Zapdos\n|-resisted|p2a: Zapdos\n|-damage|p2a: Zapdos|74\/100\n|\n|t:|1663184245\n|switch|p1a: Weavile|Weavile, F|100\/100|[from]move: U-turn\n|-damage|p1a: Weavile|88\/100|[from] Spikes\n|-ability|p1a: Weavile|Pressure\n|\n|upkeep\n|turn|10\n|\n|t:|1663184251\n|switch|p2a: Ferrothorn|Ferrothorn, M|68\/100\n|-damage|p2a: Ferrothorn|62\/100|[from] Stealth Rock\n|move|p1a: Weavile|Triple Axel|p2a: Ferrothorn\n|-damage|p2a: Ferrothorn|52\/100\n|-damage|p1a: Weavile|76\/100|[from] ability: Iron Barbs|[of] p2a: Ferrothorn\n|-damage|p2a: Ferrothorn|29\/100\n|-damage|p1a: Weavile|63\/100|[from] ability: Iron Barbs|[of] p2a: Ferrothorn\n|-damage|p2a: Ferrothorn|0 fnt\n|-damage|p1a: Weavile|51\/100|[from] ability: Iron Barbs|[of] p2a: Ferrothorn\n|faint|p2a: Ferrothorn\n|-hitcount|p2: Ferrothorn|3\n|\n|upkeep\n|\n|t:|1663184253\n|switch|p2a: Tapu Fini|Tapu Fini|100\/100\n|-damage|p2a: Tapu Fini|88\/100|[from] Stealth Rock\n|-fieldstart|move: Misty Terrain|[from] ability: Misty Surge|[of] p2a: Tapu Fini\n|turn|11\n|\n|t:|1663184256\n|switch|p1a: rotomwash|Rotom-Wash|99\/100\n|move|p2a: Tapu Fini|Scald|p1a: rotomwash\n|-resisted|p1a: rotomwash\n|-damage|p1a: rotomwash|86\/100\n|-status|p1a: rotomwash|brn\n|\n|-heal|p1a: rotomwash|92\/100 brn|[from] item: Leftovers\n|-damage|p1a: rotomwash|86\/100 brn|[from] brn\n|upkeep\n|turn|12\n|\n|t:|1663184261\n|switch|p2a: Landorus|Landorus-Therian, M|100\/100\n|-damage|p2a: Landorus|88\/100|[from] Stealth Rock\n|-ability|p2a: Landorus|Intimidate|boost\n|-unboost|p1a: rotomwash|atk|1\n|move|p1a: rotomwash|Hydro Pump|p2a: Landorus\n|-supereffective|p2a: Landorus\n|-damage|p2a: Landorus|17\/100\n|\n|-heal|p1a: rotomwash|92\/100 brn|[from] item: Leftovers\n|-heal|p2a: Landorus|23\/100|[from] item: Leftovers\n|-damage|p1a: rotomwash|86\/100 brn|[from] brn\n|upkeep\n|turn|13\n|\n|t:|1663184264\n|move|p1a: rotomwash|Hydro Pump|p2a: Landorus\n|-supereffective|p2a: Landorus\n|-damage|p2a: Landorus|0 fnt\n|faint|p2a: Landorus\n|\n|-heal|p1a: rotomwash|92\/100 brn|[from] item: Leftovers\n|-damage|p1a: rotomwash|86\/100 brn|[from] brn\n|upkeep\n|\n|t:|1663184267\n|switch|p2a: Dragapult|Dragapult, M|100\/100\n|-damage|p2a: Dragapult|88\/100|[from] Stealth Rock\n|turn|14\n|\n|t:|1663184271\n|switch|p1a: Melmetal|Melmetal|100\/100\n|-damage|p1a: Melmetal|88\/100|[from] Spikes\n|move|p2a: Dragapult|Shadow Ball|p1a: Melmetal\n|-damage|p1a: Melmetal|57\/100\n|-unboost|p1a: Melmetal|spd|1\n|\n|upkeep\n|turn|15\n|\n|t:|1663184280\n|switch|p2a: Zapdos|Zapdos|74\/100\n|move|p1a: Melmetal|Double Iron Bash|p2a: Zapdos\n|-resisted|p2a: Zapdos\n|-damage|p2a: Zapdos|56\/100\n|-resisted|p2a: Zapdos\n|-damage|p2a: Zapdos|35\/100\n|-hitcount|p2a: Zapdos|2\n|\n|-fieldend|Misty Terrain\n|upkeep\n|turn|16\n|\n|t:|1663184282\n|move|p2a: Zapdos|Roost|p2a: Zapdos\n|-heal|p2a: Zapdos|85\/100\n|-singleturn|p2a: Zapdos|move: Roost\n|move|p1a: Melmetal|Ice Punch|p2a: Zapdos\n|-damage|p2a: Zapdos|50\/100\n|\n|upkeep\n|turn|17\n|\n|t:|1663184286\n|move|p2a: Zapdos|Volt Switch|p1a: Melmetal\n|-damage|p1a: Melmetal|26\/100\n|\n|t:|1663184289\n|switch|p2a: Tapu Fini|Tapu Fini|88\/100|[from]move: Volt Switch\n|-damage|p2a: Tapu Fini|76\/100|[from] Stealth Rock\n|-fieldstart|move: Misty Terrain|[from] ability: Misty Surge|[of] p2a: Tapu Fini\n|move|p1a: Melmetal|Ice Punch|p2a: Tapu Fini\n|-resisted|p2a: Tapu Fini\n|-damage|p2a: Tapu Fini|62\/100\n|\n|upkeep\n|turn|18\n|\n|t:|1663184290\n|move|p2a: Tapu Fini|Scald|p1a: Melmetal\n|-damage|p1a: Melmetal|6\/100\n|move|p1a: Melmetal|Double Iron Bash|p2a: Tapu Fini\n|-damage|p2a: Tapu Fini|27\/100\n|-damage|p2a: Tapu Fini|0 fnt\n|faint|p2a: Tapu Fini\n|-hitcount|p2: Tapu Fini|2\n|\n|upkeep\n|\n|t:|1663184295\n|switch|p2a: Dragapult|Dragapult, M|88\/100\n|-damage|p2a: Dragapult|76\/100|[from] Stealth Rock\n|turn|19\n|\n|t:|1663184295\n|move|p2a: Dragapult|Shadow Ball|p1a: Melmetal\n|-damage|p1a: Melmetal|0 fnt\n|faint|p1a: Melmetal\n|\n|upkeep\n|\n|t:|1663184295\n|switch|p1a: Weavile|Weavile, F|51\/100\n|-damage|p1a: Weavile|38\/100|[from] Spikes\n|-ability|p1a: Weavile|Pressure\n|turn|20\n|\n|t:|1663184301\n|move|p2a: Dragapult|Shadow Ball|p1a: Weavile\n|-resisted|p1a: Weavile\n|-damage|p1a: Weavile|1\/100\n|move|p1a: Weavile|Knock Off|p2a: Dragapult\n|-supereffective|p2a: Dragapult\n|-damage|p2a: Dragapult|0 fnt\n|-enditem|p2a: Dragapult|Choice Specs|[from] move: Knock Off|[of] p1a: Weavile\n|faint|p2a: Dragapult\n|\n|upkeep\n|-message|himynametay forfeited.\n|\n|win|minimax_ai\n|raw|minimax_ai's rating: 1421 &rarr; <strong>1444<\/strong><br \/>(+23 for winning)\n|raw|himynametay's rating: 1473 &rarr; <strong>1450<\/strong><br \/>(-23 for losing)\n|c|\u2606minimax_ai|gg\n","uploadtime":1663184314,"views":7,"p1id":"minimaxai","p2id":"himynametay","formatid":"gen8ou","rating":1444,"private":0,"password":null}