{"id":"gen8mixandmega-1703793181","p1":"Eli","p2":"IIIodyne","format":"gen8mixandmega","log":"|j|\u2606Eli\n|j|\u2606IIIodyne\n|inactive|Battle timer is ON: inactive players will automatically lose when time's up.\n|t:|1667697038\n|gametype|singles\n|player|p1|Eli|#eli|\n|player|p2|IIIodyne|265|\n|teamsize|p1|6\n|teamsize|p2|6\n|gen|8\n|tier|[Gen 8] Mix and Mega\n|rated|Tournament battle\n|rule|Species Clause: Limit one of each Pok\u00e9mon\n|rule|OHKO Clause: OHKO moves are banned\n|rule|Evasion Moves Clause: Evasion moves are banned\n|rule|Endless Battle Clause: Forcing endless battles is banned\n|rule|Dynamax Clause: You cannot dynamax\n|rule|HP Percentage Mod: HP is shown in percentages\n|rule|Sleep Clause Mod: Limit one foe put to sleep\n|clearpoke\n|poke|p1|Slowking-Galar, M|\n|poke|p1|Regieleki|\n|poke|p1|Solgaleo|\n|poke|p1|Ho-Oh|\n|poke|p1|Kartana|\n|poke|p1|Slowbro, F|\n|poke|p2|Snorlax, M|\n|poke|p2|Suicune|\n|poke|p2|Victini|\n|poke|p2|Zapdos|\n|poke|p2|Diancie|\n|poke|p2|Kartana|\n|teampreview\n|inactive|Eli also wants the timer to be on.\n|inactive|IIIodyne also wants the timer to be on.\n|c|\u2606IIIodyne|hf\n|\n|t:|1667697050\n|start\n|switch|p1a: Slowbro|Slowbro, F|100\/100\n|switch|p2a: Victini|Victini|100\/100\n|turn|1\n|j| LOL lucked\n|\n|t:|1667697063\n|switch|p2a: Zapdos|Zapdos|100\/100\n|move|p1a: Slowbro|Teleport|p1a: Slowbro\n|inactive|Eli has 120 seconds left.\n|\n|t:|1667697118\n|switch|p1a: Regieleki|Regieleki|100\/100|[from]move: Teleport\n|\n|upkeep\n|turn|2\n|\n|t:|1667697125\n|switch|p2a: Snorlax|Snorlax, M|100\/100\n|move|p1a: Regieleki|Volt Switch|p2a: Snorlax\n|-damage|p2a: Snorlax|82\/100\n|\n|t:|1667697134\n|switch|p1a: Kartana|Kartana|100\/100|[from]move: Volt Switch\n|\n|upkeep\n|turn|3\n|\n|t:|1667697147\n|detailschange|p1a: Kartana|Kartana\n|-mega|p1a: Kartana|Kartana|Metagrossite\n|-start|p1a: Kartana|Metagrossite|[silent]\n|detailschange|p2a: Snorlax|Snorlax, M\n|-mega|p2a: Snorlax|Snorlax|Slowbronite\n|-start|p2a: Snorlax|Slowbronite|[silent]\n|move|p1a: Kartana|Sacred Sword|p2a: Snorlax\n|-supereffective|p2a: Snorlax\n|-damage|p2a: Snorlax|23\/100\n|move|p2a: Snorlax|Heat Crash|p1a: Kartana\n|-supereffective|p1a: Kartana\n|-damage|p1a: Kartana|67\/100\n|\n|upkeep\n|turn|4\n|inactive|IIIodyne has 120 seconds left.\n|\n|t:|1667697205\n|move|p1a: Kartana|Sacred Sword|p2a: Snorlax\n|-supereffective|p2a: Snorlax\n|-damage|p2a: Snorlax|0 fnt\n|faint|p2a: Snorlax\n|\n|upkeep\n|inactive|IIIodyne has 90 seconds left.\n|\n|t:|1667697215\n|switch|p2a: Victini|Victini|100\/100\n|turn|5\n|j| blastablasta\n|\n|t:|1667697236\n|-end|p1a: Kartana|Metagrossite|[silent]\n|switch|p1a: Slowbro|Slowbro, F|100\/100\n|detailschange|p2a: Victini|Victini\n|-mega|p2a: Victini|Victini|Banettite\n|-start|p2a: Victini|Banettite|[silent]\n|move|p2a: Victini|Will-O-Wisp|p1a: Slowbro|[miss]\n|-miss|p2a: Victini|p1a: Slowbro\n|\n|upkeep\n|turn|6\n|inactive|IIIodyne has 90 seconds left.\n|l| blastablasta\n|inactive|IIIodyne has 60 seconds left.\n|\n|t:|1667697296\n|-end|p2a: Victini|Banettite|[silent]\n|switch|p2a: Zapdos|Zapdos|100\/100\n|move|p1a: Slowbro|Teleport|p1a: Slowbro\n|\n|t:|1667697305\n|switch|p1a: Regieleki|Regieleki|100\/100|[from]move: Teleport\n|\n|upkeep\n|turn|7\n|inactive|IIIodyne has 60 seconds left.\n|inactive|IIIodyne has 30 seconds left.\n|\n|t:|1667697348\n|detailschange|p2a: Zapdos|Zapdos\n|-mega|p2a: Zapdos|Zapdos|Absolite\n|-start|p2a: Zapdos|Absolite|[silent]\n|move|p1a: Regieleki|Volt Switch|p2a: Zapdos\n|-damage|p2a: Zapdos|52\/100\n|inactive|IIIodyne has 30 seconds left this turn.\n|\n|t:|1667697357\n|switch|p1a: Slowking|Slowking-Galar, M|100\/100|[from]move: Volt Switch\n|move|p2a: Zapdos|Roost|p2a: Zapdos\n|-heal|p2a: Zapdos|100\/100\n|-singleturn|p2a: Zapdos|move: Roost\n|\n|upkeep\n|turn|8\n|inactive|IIIodyne has 30 seconds left.\n|\n|t:|1667697368\n|move|p2a: Zapdos|Discharge|p1a: Slowking\n|-damage|p1a: Slowking|56\/100\n|move|p1a: Slowking|Calm Mind|p1a: Slowking\n|-boost|p1a: Slowking|spa|1\n|-boost|p1a: Slowking|spd|1\n|\n|upkeep\n|turn|9\n|\n|t:|1667697374\n|move|p2a: Zapdos|Hurricane|p1a: Slowking|[miss]\n|-miss|p2a: Zapdos|p1a: Slowking\n|move|p1a: Slowking|Slack Off|p1a: Slowking\n|-heal|p1a: Slowking|100\/100\n|\n|upkeep\n|turn|10\n|inactive|IIIodyne has 30 seconds left.\n|\n|t:|1667697391\n|-end|p2a: Zapdos|Absolite|[silent]\n|switch|p2a: Kartana|Kartana|100\/100\n|move|p1a: Slowking|Calm Mind|p1a: Slowking\n|-boost|p1a: Slowking|spa|1\n|-boost|p1a: Slowking|spd|1\n|\n|upkeep\n|turn|11\n|\n|t:|1667697402\n|detailschange|p1a: Slowking|Slowking-Galar, M\n|-mega|p1a: Slowking|Slowking|Aggronite\n|-start|p1a: Slowking|Aggronite|[silent]\n|-start|p1a: Slowking|typechange|Poison|[silent]\n|move|p2a: Kartana|Knock Off|p1a: Slowking\n|-damage|p1a: Slowking|84\/100\n|move|p1a: Slowking|Scald|p2a: Kartana\n|-resisted|p2a: Kartana\n|-damage|p2a: Kartana|39\/100\n|\n|upkeep\n|turn|12\n|\n|t:|1667697417\n|switch|p2a: Suicune|Suicune|100\/100\n|-ability|p2a: Suicune|Pressure\n|move|p1a: Slowking|Scald|p2a: Suicune\n|-resisted|p2a: Suicune\n|-damage|p2a: Suicune|84\/100\n|\n|upkeep\n|turn|13\n|\n|t:|1667697422\n|move|p2a: Suicune|Calm Mind|p2a: Suicune\n|-boost|p2a: Suicune|spa|1\n|-boost|p2a: Suicune|spd|1\n|move|p1a: Slowking|Sludge Bomb|p2a: Suicune\n|-damage|p2a: Suicune|49\/100\n|\n|upkeep\n|turn|14\n|\n|t:|1667697430\n|move|p2a: Suicune|Calm Mind|p2a: Suicune\n|-boost|p2a: Suicune|spa|1\n|-boost|p2a: Suicune|spd|1\n|move|p1a: Slowking|Calm Mind|p1a: Slowking\n|-boost|p1a: Slowking|spa|1\n|-boost|p1a: Slowking|spd|1\n|\n|upkeep\n|turn|15\n|\n|t:|1667697437\n|move|p2a: Suicune|Calm Mind|p2a: Suicune\n|-boost|p2a: Suicune|spa|1\n|-boost|p2a: Suicune|spd|1\n|move|p1a: Slowking|Calm Mind|p1a: Slowking\n|-boost|p1a: Slowking|spa|1\n|-boost|p1a: Slowking|spd|1\n|\n|upkeep\n|turn|16\n|\n|t:|1667697452\n|move|p2a: Suicune|Calm Mind|p2a: Suicune\n|-boost|p2a: Suicune|spa|1\n|-boost|p2a: Suicune|spd|1\n|move|p1a: Slowking|Calm Mind|p1a: Slowking\n|-boost|p1a: Slowking|spa|1\n|-boost|p1a: Slowking|spd|1\n|\n|upkeep\n|turn|17\n|l| LOL lucked\n|inactive|IIIodyne has 60 seconds left.\n|\n|t:|1667697469\n|move|p2a: Suicune|Calm Mind|p2a: Suicune\n|-boost|p2a: Suicune|spa|1\n|-boost|p2a: Suicune|spd|1\n|move|p1a: Slowking|Calm Mind|p1a: Slowking\n|-boost|p1a: Slowking|spa|1\n|-boost|p1a: Slowking|spd|1\n|\n|upkeep\n|turn|18\n|\n|t:|1667697476\n|move|p2a: Suicune|Scald|p1a: Slowking\n|-damage|p1a: Slowking|69\/100\n|-status|p1a: Slowking|brn\n|move|p1a: Slowking|Sludge Bomb|p2a: Suicune\n|-damage|p2a: Suicune|22\/100\n|\n|-damage|p1a: Slowking|63\/100 brn|[from] brn\n|upkeep\n|turn|19\n|inactive|IIIodyne has 60 seconds left.\n|\n|t:|1667697481\n|move|p2a: Suicune|Rest|p2a: Suicune\n|-status|p2a: Suicune|slp|[from] move: Rest\n|-heal|p2a: Suicune|100\/100 slp|[silent]\n|move|p1a: Slowking|Sludge Bomb|p2a: Suicune\n|-crit|p2a: Suicune\n|-damage|p2a: Suicune|0 fnt\n|faint|p2a: Suicune\n|\n|-damage|p1a: Slowking|57\/100 brn|[from] brn\n|upkeep\n|inactive|IIIodyne has 60 seconds left.\n|c|\u2606IIIodyne|nice crit\n|\n|t:|1667697492\n|switch|p2a: Victini|Victini|100\/100\n|-start|p2a: Victini|Banettite|[silent]\n|turn|20\n|c|\u2606Eli|thanks\n|\n|t:|1667697495\n|move|p2a: Victini|V-create|p1a: Slowking\n|-damage|p1a: Slowking|2\/100 brn\n|-unboost|p2a: Victini|spe|1\n|-unboost|p2a: Victini|def|1\n|-unboost|p2a: Victini|spd|1\n|move|p1a: Slowking|Scald|p2a: Victini\n|-supereffective|p2a: Victini\n|-damage|p2a: Victini|0 fnt\n|faint|p2a: Victini\n|\n|-damage|p1a: Slowking|0 fnt|[from] brn\n|faint|p1a: Slowking\n|upkeep\n|inactive|IIIodyne has 60 seconds left.\n|\n|t:|1667697523\n|switch|p2a: Zapdos|Zapdos|100\/100\n|switch|p1a: Regieleki|Regieleki|100\/100\n|-start|p2a: Zapdos|Absolite|[silent]\n|turn|21\n|\n|t:|1667697527\n|move|p1a: Regieleki|Volt Switch|p2a: Zapdos\n|-damage|p2a: Zapdos|51\/100\n|\n|t:|1667697536\n|switch|p1a: Ho-Oh|Ho-Oh|100\/100|[from]move: Volt Switch\n|move|p2a: Zapdos|Heat Wave|p1a: Ho-Oh\n|-resisted|p1a: Ho-Oh\n|-damage|p1a: Ho-Oh|88\/100\n|\n|upkeep\n|turn|22\n|\n|t:|1667697540\n|move|p2a: Zapdos|Roost|p2a: Zapdos\n|-heal|p2a: Zapdos|100\/100\n|-singleturn|p2a: Zapdos|move: Roost\n|move|p1a: Ho-Oh|Sacred Fire|p2a: Zapdos\n|-damage|p2a: Zapdos|56\/100\n|\n|upkeep\n|turn|23\n|\n|t:|1667697546\n|move|p2a: Zapdos|Discharge|p1a: Ho-Oh\n|-supereffective|p1a: Ho-Oh\n|-damage|p1a: Ho-Oh|25\/100\n|move|p1a: Ho-Oh|Sacred Fire|p2a: Zapdos\n|-damage|p2a: Zapdos|9\/100\n|\n|upkeep\n|turn|24\n|j| laddrkiller\n|\n|t:|1667697559\n|switch|p1a: Regieleki|Regieleki|100\/100\n|move|p2a: Zapdos|Roost|p2a: Zapdos\n|-heal|p2a: Zapdos|59\/100\n|-singleturn|p2a: Zapdos|move: Roost\n|\n|upkeep\n|turn|25\n|\n|t:|1667697563\n|detailschange|p1a: Regieleki|Regieleki\n|-mega|p1a: Regieleki|Regieleki|Altarianite\n|-start|p1a: Regieleki|Altarianite|[silent]\n|-start|p1a: Regieleki|typechange|Electric\/Fairy|[silent]\n|move|p1a: Regieleki|Explosion|p2a: Zapdos\n|-damage|p2a: Zapdos|0 fnt\n|faint|p1a: Regieleki\n|faint|p2a: Zapdos\n|\n|upkeep\n|\n|t:|1667697575\n|switch|p1a: Solgaleo|Solgaleo|100\/100\n|switch|p2a: Kartana|Kartana|39\/100\n|turn|26\n|\n|t:|1667697579\n|detailschange|p1a: Solgaleo|Solgaleo\n|-mega|p1a: Solgaleo|Solgaleo|Venusaurite\n|-start|p1a: Solgaleo|Venusaurite|[silent]\n|move|p2a: Kartana|Knock Off|p1a: Solgaleo\n|-supereffective|p1a: Solgaleo\n|-damage|p1a: Solgaleo|75\/100\n|move|p1a: Solgaleo|Calm Mind|p1a: Solgaleo\n|-boost|p1a: Solgaleo|spa|1\n|-boost|p1a: Solgaleo|spd|1\n|\n|upkeep\n|turn|27\n|\n|t:|1667697586\n|detailschange|p2a: Kartana|Kartana\n|-mega|p2a: Kartana|Kartana|Diancite\n|-start|p2a: Kartana|Diancite|[silent]\n|move|p2a: Kartana|Sacred Sword|p1a: Solgaleo\n|-damage|p1a: Solgaleo|53\/100\n|move|p1a: Solgaleo|Flame Charge|p2a: Kartana\n|-supereffective|p2a: Kartana\n|-damage|p2a: Kartana|0 fnt\n|-boost|p1a: Solgaleo|spe|1\n|faint|p2a: Kartana\n|\n|upkeep\n|\n|t:|1667697592\n|switch|p2a: Diancie|Diancie|100\/100\n|turn|28\n|inactive|IIIodyne has 120 seconds left.\n|\n|t:|1667697605\n|detailschange|p2a: Diancie|Diancie\n|-mega|p2a: Diancie|Diancie|Tyranitarite\n|-weather|Sandstorm|[from] ability: Sand Stream|[of] p2a: Diancie\n|-start|p2a: Diancie|Tyranitarite|[silent]\n|move|p1a: Solgaleo|Psyshock|p2a: Diancie\n|-damage|p2a: Diancie|67\/100\n|move|p2a: Diancie|Mystical Fire|p1a: Solgaleo\n|-supereffective|p1a: Solgaleo\n|-damage|p1a: Solgaleo|44\/100\n|-unboost|p1a: Solgaleo|spa|1\n|\n|-weather|Sandstorm|[upkeep]\n|upkeep\n|turn|29\n|inactive|IIIodyne has 120 seconds left.\n|\n|t:|1667697611\n|move|p1a: Solgaleo|Calm Mind|p1a: Solgaleo\n|-boost|p1a: Solgaleo|spa|1\n|-boost|p1a: Solgaleo|spd|1\n|move|p2a: Diancie|Mystical Fire|p1a: Solgaleo\n|-supereffective|p1a: Solgaleo\n|-damage|p1a: Solgaleo|39\/100\n|-unboost|p1a: Solgaleo|spa|1\n|\n|-weather|Sandstorm|[upkeep]\n|upkeep\n|turn|30\n|\n|t:|1667697612\n|move|p1a: Solgaleo|Calm Mind|p1a: Solgaleo\n|-boost|p1a: Solgaleo|spa|1\n|-boost|p1a: Solgaleo|spd|1\n|move|p2a: Diancie|Mystical Fire|p1a: Solgaleo\n|-supereffective|p1a: Solgaleo\n|-damage|p1a: Solgaleo|34\/100\n|-unboost|p1a: Solgaleo|spa|1\n|\n|-weather|Sandstorm|[upkeep]\n|upkeep\n|turn|31\n|\n|t:|1667697614\n|move|p1a: Solgaleo|Calm Mind|p1a: Solgaleo\n|-boost|p1a: Solgaleo|spa|1\n|-boost|p1a: Solgaleo|spd|1\n|move|p2a: Diancie|Mystical Fire|p1a: Solgaleo\n|-supereffective|p1a: Solgaleo\n|-damage|p1a: Solgaleo|30\/100\n|-unboost|p1a: Solgaleo|spa|1\n|\n|-weather|Sandstorm|[upkeep]\n|upkeep\n|turn|32\n|\n|t:|1667697617\n|move|p1a: Solgaleo|Morning Sun|p1a: Solgaleo\n|-heal|p1a: Solgaleo|54\/100\n|move|p2a: Diancie|Mystical Fire|p1a: Solgaleo\n|-supereffective|p1a: Solgaleo\n|-damage|p1a: Solgaleo|51\/100\n|-unboost|p1a: Solgaleo|spa|1\n|\n|-weather|none\n|upkeep\n|turn|33\n|\n|t:|1667697621\n|move|p1a: Solgaleo|Calm Mind|p1a: Solgaleo\n|-boost|p1a: Solgaleo|spa|1\n|-boost|p1a: Solgaleo|spd|1\n|move|p2a: Diancie|Diamond Storm|p1a: Solgaleo\n|-resisted|p1a: Solgaleo\n|-damage|p1a: Solgaleo|39\/100\n|-boost|p2a: Diancie|def|2\n|\n|upkeep\n|turn|34\n|\n|t:|1667697623\n|move|p1a: Solgaleo|Morning Sun|p1a: Solgaleo\n|-heal|p1a: Solgaleo|89\/100\n|move|p2a: Diancie|Body Press|p1a: Solgaleo\n|-damage|p1a: Solgaleo|61\/100\n|\n|upkeep\n|turn|35\n|\n|t:|1667697629\n|move|p1a: Solgaleo|Calm Mind|p1a: Solgaleo\n|-boost|p1a: Solgaleo|spa|1\n|-boost|p1a: Solgaleo|spd|1\n|move|p2a: Diancie|Diamond Storm|p1a: Solgaleo\n|-resisted|p1a: Solgaleo\n|-damage|p1a: Solgaleo|50\/100\n|\n|upkeep\n|turn|36\n|\n|t:|1667697632\n|move|p1a: Solgaleo|Psyshock|p2a: Diancie\n|-damage|p2a: Diancie|49\/100\n|move|p2a: Diancie|Mystical Fire|p1a: Solgaleo\n|-supereffective|p1a: Solgaleo\n|-damage|p1a: Solgaleo|47\/100\n|-unboost|p1a: Solgaleo|spa|1\n|\n|upkeep\n|turn|37\n|\n|t:|1667697639\n|move|p1a: Solgaleo|Morning Sun|p1a: Solgaleo\n|-heal|p1a: Solgaleo|97\/100\n|move|p2a: Diancie|Diamond Storm|p1a: Solgaleo\n|-resisted|p1a: Solgaleo\n|-damage|p1a: Solgaleo|86\/100\n|-boost|p2a: Diancie|def|2\n|\n|upkeep\n|turn|38\n|\n|t:|1667697643\n|move|p1a: Solgaleo|Calm Mind|p1a: Solgaleo\n|-boost|p1a: Solgaleo|spa|1\n|-boost|p1a: Solgaleo|spd|0\n|move|p2a: Diancie|Diamond Storm|p1a: Solgaleo|[miss]\n|-miss|p2a: Diancie|p1a: Solgaleo\n|\n|upkeep\n|turn|39\n|\n|t:|1667697645\n|move|p1a: Solgaleo|Calm Mind|p1a: Solgaleo\n|-boost|p1a: Solgaleo|spa|1\n|-boost|p1a: Solgaleo|spd|0\n|move|p2a: Diancie|Diamond Storm|p1a: Solgaleo\n|-resisted|p1a: Solgaleo\n|-damage|p1a: Solgaleo|74\/100\n|-boost|p2a: Diancie|def|2\n|\n|upkeep\n|turn|40\n|\n|t:|1667697648\n|move|p1a: Solgaleo|Calm Mind|p1a: Solgaleo\n|-boost|p1a: Solgaleo|spa|1\n|-boost|p1a: Solgaleo|spd|0\n|move|p2a: Diancie|Body Press|p1a: Solgaleo\n|-damage|p1a: Solgaleo|20\/100\n|\n|upkeep\n|turn|41\n|\n|t:|1667697651\n|move|p1a: Solgaleo|Morning Sun|p1a: Solgaleo\n|-heal|p1a: Solgaleo|70\/100\n|move|p2a: Diancie|Body Press|p1a: Solgaleo\n|-damage|p1a: Solgaleo|13\/100\n|\n|upkeep\n|turn|42\n|\n|t:|1667697654\n|move|p1a: Solgaleo|Psyshock|p2a: Diancie\n|-damage|p2a: Diancie|34\/100\n|move|p2a: Diancie|Body Press|p1a: Solgaleo\n|-damage|p1a: Solgaleo|0 fnt\n|faint|p1a: Solgaleo\n|\n|upkeep\n|\n|t:|1667697658\n|switch|p1a: Kartana|Kartana|67\/100\n|-start|p1a: Kartana|Metagrossite|[silent]\n|turn|43\n|\n|t:|1667697659\n|move|p1a: Kartana|Leaf Blade|p2a: Diancie\n|-supereffective|p2a: Diancie\n|-damage|p2a: Diancie|6\/100\n|move|p2a: Diancie|Mystical Fire|p1a: Kartana\n|-supereffective|p1a: Kartana\n|-damage|p1a: Kartana|0 fnt\n|faint|p1a: Kartana\n|\n|upkeep\n|\n|t:|1667697663\n|switch|p1a: Slowbro|Slowbro, F|100\/100\n|turn|44\n|inactive|IIIodyne has 120 seconds left.\n|\n|t:|1667697716\n|detailschange|p1a: Slowbro|Slowbro, F\n|-mega|p1a: Slowbro|Slowbro|Manectite\n|-ability|p1a: Slowbro|Intimidate|boost\n|-unboost|p2a: Diancie|atk|1\n|-start|p1a: Slowbro|Manectite|[silent]\n|move|p1a: Slowbro|Scald|p2a: Diancie\n|-supereffective|p2a: Diancie\n|-damage|p2a: Diancie|0 fnt\n|faint|p2a: Diancie\n|\n|win|Eli\n|n|\u2606Eli|eli\n|n|\u2606IIIodyne|iiiodyne\n|n| laddrkiller|laddrkiller\n|j| cqx_z\n|c|\u2606IIIodyne|gg\n|l|\u2606IIIodyne\n|l| cqx_z\n|l|\u2606Eli\n|l| laddrkiller\n","uploadtime":1667697837,"views":3,"p1id":"eli","p2id":"iiiodyne","formatid":"gen8mixandmega","rating":0,"private":0,"password":null}