{"id":"gen8ou-1692454148","p1":"Kwaga","p2":"buni-chan","format":"gen8ou","log":"|html|<div class=\"broadcast-blue\"><strong>[Gen 8] OU is currently suspecting Melmetal! For information on how to participate check out the <a href=\"https:\/\/www.smogon.com\/forums\/threads\/np-ss-ou-suspect-process-round-12-monster-mash.3709234\/\">suspect thread<\/a>.<\/strong><\/div>\n|j|\u2606Kwaga\n|j|\u2606buni-chan\n|t:|1666486788\n|gametype|singles\n|player|p1|Kwaga|brock-gen1rb|1640\n|player|p2|buni-chan|clerkf|1663\n|teamsize|p1|6\n|teamsize|p2|6\n|gen|8\n|tier|[Gen 8] OU\n|rated|\n|rule|Sleep Clause Mod: Limit one foe put to sleep\n|rule|Species Clause: Limit one of each Pok\u00e9mon\n|rule|OHKO Clause: OHKO moves are banned\n|rule|Evasion Items Clause: Evasion items are banned\n|rule|Evasion Moves Clause: Evasion moves are banned\n|rule|Endless Battle Clause: Forcing endless battles is banned\n|rule|HP Percentage Mod: HP is shown in percentages\n|rule|Dynamax Clause: You cannot dynamax\n|clearpoke\n|poke|p1|Mew|\n|poke|p1|Weavile, M|\n|poke|p1|Crawdaunt, M|\n|poke|p1|Garchomp, M|\n|poke|p1|Celesteela|\n|poke|p1|Blacephalon|\n|poke|p2|Gengar, M|\n|poke|p2|Aegislash, F|\n|poke|p2|Incineroar, M|\n|poke|p2|Toxapex, F|\n|poke|p2|Rotom-Heat|\n|poke|p2|Inteleon, F|\n|teampreview\n|\n|t:|1666486797\n|start\n|switch|p1a: Mew|Mew|100\/100\n|switch|p2a: Inteleon|Inteleon, F, shiny|100\/100\n|turn|1\n|\n|t:|1666486802\n|move|p2a: Inteleon|U-turn|p1a: Mew\n|-supereffective|p1a: Mew\n|-damage|p1a: Mew|80\/100\n|inactive|Battle timer is ON: inactive players will automatically lose when time's up. (requested by buni-chan)\n|\n|t:|1666486804\n|switch|p2a: Rotom|Rotom-Heat|100\/100|[from]move: U-turn\n|move|p1a: Mew|Thunder Wave|p2a: Rotom\n|-immune|p2a: Rotom\n|\n|upkeep\n|turn|2\n|\n|t:|1666486809\n|move|p2a: Rotom|Trick|p1a: Mew\n|-activate|p2a: Rotom|move: Trick|[of] p1a: Mew\n|-item|p1a: Mew|Choice Scarf|[from] move: Trick\n|-item|p2a: Rotom|Colbur Berry|[from] move: Trick\n|move|p1a: Mew|Stealth Rock|p2a: Rotom\n|-sidestart|p2: buni-chan|move: Stealth Rock\n|\n|upkeep\n|turn|3\n|\n|t:|1666486814\n|switch|p1a: Garchomp|Garchomp, M|100\/100\n|move|p2a: Rotom|Defog|p1a: Garchomp\n|-unboost|p1a: Garchomp|evasion|1\n|-sideend|p2: buni-chan|Stealth Rock|[from] move: Defog|[of] p2a: Rotom\n|\n|upkeep\n|turn|4\n|j| Bit_Crafter\n|\n|t:|1666486825\n|switch|p2a: Incineroar|Incineroar, M|100\/100\n|-ability|p2a: Incineroar|Intimidate|boost\n|-unboost|p1a: Garchomp|atk|1\n|move|p1a: Garchomp|Swords Dance|p1a: Garchomp\n|-boost|p1a: Garchomp|atk|2\n|\n|upkeep\n|turn|5\n|\n|t:|1666486835\n|move|p1a: Garchomp|Earthquake|p2a: Incineroar\n|-supereffective|p2a: Incineroar\n|-damage|p2a: Incineroar|0 fnt\n|faint|p2a: Incineroar\n|\n|upkeep\n|\n|t:|1666486838\n|switch|p2a: Gengar|Gengar, M|100\/100\n|turn|6\n|\n|t:|1666486842\n|switch|p1a: Mew|Mew|80\/100\n|move|p2a: Gengar|Icy Wind|p1a: Mew|[miss]\n|-miss|p2a: Gengar|p1a: Mew\n|\n|upkeep\n|turn|7\n|\n|t:|1666486849\n|switch|p2a: Rotom|Rotom-Heat|100\/100\n|move|p1a: Mew|Stealth Rock|p2a: Rotom\n|-sidestart|p2: buni-chan|move: Stealth Rock\n|\n|upkeep\n|turn|8\n|\n|t:|1666486851\n|switch|p1a: Garchomp|Garchomp, M|100\/100\n|move|p2a: Rotom|Defog|p1a: Garchomp\n|-unboost|p1a: Garchomp|evasion|1\n|-sideend|p2: buni-chan|Stealth Rock|[from] move: Defog|[of] p2a: Rotom\n|\n|upkeep\n|turn|9\n|\n|t:|1666486857\n|switch|p2a: Inteleon|Inteleon, F, shiny|100\/100\n|move|p1a: Garchomp|Scale Shot|p2a: Inteleon\n|-damage|p2a: Inteleon|80\/100\n|-damage|p2a: Inteleon|57\/100\n|-damage|p2a: Inteleon|36\/100\n|-hitcount|p2a: Inteleon|3\n|-unboost|p1a: Garchomp|def|1\n|-boost|p1a: Garchomp|spe|1\n|\n|upkeep\n|turn|10\n|\n|t:|1666486863\n|move|p1a: Garchomp|Scale Shot|p2a: Inteleon\n|-damage|p2a: Inteleon|14\/100\n|-damage|p2a: Inteleon|0 fnt\n|faint|p2a: Inteleon\n|-hitcount|p2: Inteleon|2\n|-unboost|p1a: Garchomp|def|1\n|-boost|p1a: Garchomp|spe|1\n|\n|upkeep\n|\n|t:|1666486865\n|switch|p2a: Gengar|Gengar, M|100\/100\n|turn|11\n|\n|t:|1666486871\n|move|p1a: Garchomp|Earthquake|p2a: Gengar\n|-supereffective|p2a: Gengar\n|-enditem|p2a: Gengar|Focus Sash\n|-damage|p2a: Gengar|1\/100\n|move|p2a: Gengar|Icy Wind|p1a: Garchomp\n|-supereffective|p1a: Garchomp\n|-damage|p1a: Garchomp|20\/100\n|-unboost|p1a: Garchomp|spe|1\n|\n|upkeep\n|turn|12\n|-message|buni-chan forfeited.\n|\n|win|Kwaga\n|raw|Kwaga's rating: 1640 &rarr; <strong>1661<\/strong><br \/>(+21 for winning)\n|raw|buni-chan's rating: 1663 &rarr; <strong>1642<\/strong><br \/>(-21 for losing)\n|l|\u2606buni-chan\n","uploadtime":1666486878,"views":10,"p1id":"kwaga","p2id":"bunichan","formatid":"gen8ou","rating":1642,"private":0,"password":null}