{"id":"gen8ou-1150002204","p1":"Ayante","p2":"SMndez","format":"gen8ou","log":"|j|\u2606Ayante\n|j|\u2606SMndez\n|player|p1|Ayante|koga|\n|player|p2|SMndez|guitarist-gen4|\n|teamsize|p1|6\n|teamsize|p2|6\n|gametype|singles\n|gen|8\n|tier|[Gen 8] OU\n|rated|Tournament battle\n|clearpoke\n|poke|p1|Rillaboom, M|\n|poke|p1|Excadrill, M|\n|poke|p1|Hawlucha, M|\n|poke|p1|Toxtricity, M|\n|poke|p1|Slowbro, F|\n|poke|p1|Clefable, F|\n|poke|p2|Indeedee, M|\n|poke|p2|Alakazam, F|\n|poke|p2|Bisharp, F|\n|poke|p2|Corviknight, F|\n|poke|p2|Rotom-Heat|\n|poke|p2|Slowbro, F|\n|rule|Sleep Clause Mod: Limit one foe put to sleep\n|rule|Species Clause: Limit one of each Pok\u00e9mon\n|rule|OHKO Clause: OHKO moves are banned\n|rule|Evasion Moves Clause: Evasion moves are banned\n|rule|Endless Battle Clause: Forcing endless battles is banned\n|rule|HP Percentage Mod: HP is shown in percentages\n|rule|Dynamax Clause: You cannot dynamax\n|teampreview\n|j| LostMonkey\n|j| Aqua Dragneel uwu\n|j|+Davidoar15\n|j| AlexShyness\n|j| BlueFireA25\n|j|@Lorde\u5f61II\n|j| CaesarZeppelixd\n|j| WoolooTwinoodle\n|c| BlueFireA25|Gana el que tiene a slowbro\n|c| CaesarZeppelixd|buen monotype psiquico\n|j| francisco144\n|\n|start\n|switch|p1a: Slowbro|Slowbro, F|100\/100\n|switch|p2a: Indeedee|Indeedee, M|100\/100\n|-fieldstart|move: Psychic Terrain|[from] ability: Psychic Surge|[of] p2a: Indeedee\n|turn|1\n|j| Popinazo\n|j| AlexTrainer117\u2605\n|c| AlexTrainer117\u2605|Li mo\n|j| TheBallsmaSpace\n|j|+Damm u captcha\n|c|+Damm u captcha|oo\n|\n|move|p2a: Indeedee|Calm Mind|p2a: Indeedee\n|-boost|p2a: Indeedee|spa|1\n|-boost|p2a: Indeedee|spd|1\n|move|p1a: Slowbro|Scald|p2a: Indeedee\n|-damage|p2a: Indeedee|75\/100\n|\n|upkeep\n|turn|2\n|j| mr. crak\n|j| Joan20pokemon\n|\n|move|p2a: Indeedee|Hyper Voice|p1a: Slowbro\n|-damage|p1a: Slowbro|41\/100\n|move|p1a: Slowbro|Teleport|p1a: Slowbro\n|c|+Damm u captcha|esa clase de teams son bien op\n|\n|switch|p1a: Clefable|Clefable, F|100\/100|[from]move: Teleport\n|\n|upkeep\n|turn|3\n|c| TheBallsmaSpace|Gana el que tenga acero en su team\n|c|+Davidoar15|esperaba que fuera trick xd\n|c| AlexTrainer117\u2605|Y cualdo vuelvan los tapus mas op seran\n|l| mr. crak\n|j| grgzrg\n|\n|move|p2a: Indeedee|Expanding Force|p1a: Clefable\n|-damage|p1a: Clefable|55\/100\n|move|p1a: Clefable|Moonblast|p2a: Indeedee\n|-damage|p2a: Indeedee|32\/100\n|\n|-heal|p1a: Clefable|61\/100|[from] item: Leftovers\n|upkeep\n|turn|4\n|c| TheBallsmaSpace|Lo mejor es que deberian ser ubers con eso\n|c|+Davidoar15|damage, pinche clef\n|j| Ashleyyy uwu\n|l| Joan20pokemon\n|c| TheBallsmaSpace|Tapulele uber\n|j| Satania McDowell\n|\n|switch|p2a: Rotom|Rotom-Heat|100\/100\n|move|p1a: Clefable|Wish|p1a: Clefable\n|\n|-heal|p1a: Clefable|68\/100|[from] item: Leftovers\n|upkeep\n|turn|5\n|c| WoolooTwinoodle|>Tapus\n|c| WoolooTwinoodle|>Ubers\n|\n|move|p1a: Clefable|Protect|p1a: Clefable\n|-singleturn|p1a: Clefable|Protect\n|move|p2a: Rotom|Nasty Plot|p2a: Rotom\n|-boost|p2a: Rotom|spa|2\n|\n|-heal|p1a: Clefable|100\/100|[from] move: Wish|[wisher] Clefable\n|upkeep\n|turn|6\n|c| WoolooTwinoodle|jsjs\n|j| Anghult\n|\n|move|p2a: Rotom|Discharge|p1a: Clefable\n|-damage|p1a: Clefable|80\/100\n|move|p1a: Clefable|Moonblast|p2a: Rotom\n|-resisted|p2a: Rotom\n|-crit|p2a: Rotom\n|-damage|p2a: Rotom|77\/100\n|\n|-heal|p1a: Clefable|86\/100|[from] item: Leftovers\n|upkeep\n|turn|7\n|c|+Damm u captcha|xd\n|c|+Davidoar15|ah, vale\n|\n|move|p2a: Rotom|Discharge|p1a: Clefable\n|-damage|p1a: Clefable|67\/100\n|move|p1a: Clefable|Moonblast|p2a: Rotom\n|-resisted|p2a: Rotom\n|-damage|p2a: Rotom|61\/100\n|-unboost|p2a: Rotom|spa|1\n|\n|-heal|p1a: Clefable|73\/100|[from] item: Leftovers\n|upkeep\n|turn|8\n|c|+Damm u captcha|se notaba\n|j| miltores41\n|\n|move|p2a: Rotom|Discharge|p1a: Clefable\n|-damage|p1a: Clefable|53\/100\n|move|p1a: Clefable|Wish|p1a: Clefable\n|\n|-heal|p1a: Clefable|59\/100|[from] item: Leftovers\n|-fieldend|move: Psychic Terrain\n|upkeep\n|turn|9\n|c|+Damm u captcha|desde el expanding foirs\n|c| CaesarZeppelixd|smdez subete x4\n|\n|switch|p2a: Bisharp|Bisharp, F|100\/100\n|move|p1a: Clefable|Moonblast|p2a: Bisharp\n|-damage|p2a: Bisharp|45\/100\n|-unboost|p2a: Bisharp|spa|1\n|-ability|p2a: Bisharp|Defiant\n|-boost|p2a: Bisharp|atk|2\n|\n|-heal|p1a: Clefable|100\/100|[from] move: Wish|[wisher] Clefable\n|-heal|p2a: Bisharp|51\/100|[from] item: Leftovers\n|upkeep\n|turn|10\n|c| CaesarZeppelixd|el pueblo lo quiere\n|c| CaesarZeppelixd|lol\n|c| Satania McDowell|ojo\n|c|+Damm u captcha|oo\n|c|+Davidoar15|momento\n|c| CaesarZeppelixd|momento serene grace\n|n| AlexTrainer117\u2605|alextrainer117\n|\n|switch|p1a: Excadrill|Excadrill, M|100\/100\n|-ability|p1a: Excadrill|Mold Breaker\n|move|p2a: Bisharp|Iron Head|p1a: Excadrill\n|-resisted|p1a: Excadrill\n|-damage|p1a: Excadrill|38\/100\n|\n|-heal|p2a: Bisharp|57\/100|[from] item: Leftovers\n|upkeep\n|turn|11\n|j|+clorodulce (-__-)\n|c|+Damm u captcha|xd\n|c|+Davidoar15|F predict\n|\n|move|p2a: Bisharp|Sucker Punch|p1a: Excadrill\n|-crit|p1a: Excadrill\n|-damage|p1a: Excadrill|0 fnt\n|faint|p1a: Excadrill\n|\n|-heal|p2a: Bisharp|63\/100|[from] item: Leftovers\n|upkeep\n|c|+Damm u captcha|lefties\n|c| miltores41|F\n|c| Satania McDowell|Que bueno que es resisted\n|c| CaesarZeppelixd|gg (?\n|l| BlueFireA25\n|\n|switch|p1a: Hawlucha|Hawlucha, M|100\/100\n|turn|12\n|\n|switch|p2a: Slowbro|Slowbro, F|100\/100\n|move|p1a: Hawlucha|Close Combat|p2a: Slowbro\n|-resisted|p2a: Slowbro\n|-damage|p2a: Slowbro|80\/100\n|-unboost|p1a: Hawlucha|def|1\n|-unboost|p1a: Hawlucha|spd|1\n|\n|-heal|p2a: Slowbro|86\/100|[from] item: Leftovers\n|upkeep\n|turn|13\n|c| miltores41|eso fue intentar hacer predict\n|\n|switch|p1a: Toxtricity|Toxtricity, M|100\/100\n|move|p2a: Slowbro|Future Sight|p1a: Toxtricity\n|-start|p2a: Slowbro|move: Future Sight\n|\n|-heal|p2a: Slowbro|92\/100|[from] item: Leftovers\n|upkeep\n|turn|14\n|\n|switch|p2a: Rotom|Rotom-Heat|61\/100\n|move|p1a: Toxtricity|Sludge Wave|p2a: Rotom\n|-damage|p2a: Rotom|10\/100\n|\n|upkeep\n|turn|15\n|c|+Davidoar15|como cuando no hay darks\n|l|+Damm u captcha\n|\n|switch|p1a: Clefable|Clefable, F|100\/100\n|move|p2a: Rotom|Pain Split|p1a: Clefable\n|-sethp|p1a: Clefable|54\/100|[from] move: Pain Split|[silent]\n|-sethp|p2a: Rotom|70\/100|[from] move: Pain Split\n|\n|-end|p1a: Clefable|move: Future Sight\n|-damage|p1a: Clefable|16\/100\n|-heal|p1a: Clefable|22\/100|[from] item: Leftovers\n|upkeep\n|turn|16\n|c| AlexTrainer117\u2605|Le leyo el futuro\n|c|+Davidoar15|uff\n|c| CaesarZeppelixd|ese da\u00f1oo\n|c| Satania McDowell|overneat\n|j|+Damm u captcha\n|c| miltores41|divide dolor\n|\n|move|p2a: Rotom|Overheat|p1a: Clefable\n|-damage|p1a: Clefable|0 fnt\n|-unboost|p2a: Rotom|spa|2\n|faint|p1a: Clefable\n|\n|upkeep\n|c|+Davidoar15|momento ventaja\n|c|+Damm u captcha|4-6 gg\n|c| Satania McDowell|reveal\n|c| CaesarZeppelixd|cuidado, cesar es fuerte\n|c| WoolooTwinoodle|Momento pal\u00edndromo\n|c| WoolooTwinoodle|Momento pal\u00edndromo\n|\n|switch|p1a: Toxtricity|Toxtricity, M|100\/100\n|turn|17\n|c| Satania McDowell|sd tpunch crit hawlucha\n|\n|switch|p2a: Alakazam|Alakazam, F|100\/100\n|move|p1a: Toxtricity|Shift Gear|p1a: Toxtricity\n|-boost|p1a: Toxtricity|spe|2\n|-boost|p1a: Toxtricity|atk|1\n|\n|upkeep\n|turn|18\n|c|+Davidoar15|uff\n|l| WoolooTwinoodle\n|c| AlexTrainer117\u2605|Sash\n|c| Popinazo|choice band\n|c|+Davidoar15|set de diciembre\n|c| miltores41|como sabia que iba a cambiar se boosteo buena esa\n|\n|move|p1a: Toxtricity|Sludge Wave|p2a: Alakazam\n|-damage|p2a: Alakazam|37\/100\n|move|p2a: Alakazam|Psyshock|p1a: Toxtricity\n|-supereffective|p1a: Toxtricity\n|-damage|p1a: Toxtricity|0 fnt\n|faint|p1a: Toxtricity\n|\n|upkeep\n|c| Satania McDowell|casi\n|c|+Damm u captcha|alakazam momento\n|\n|switch|p1a: Cesar|Rillaboom, M|100\/100\n|-fieldstart|move: Grassy Terrain|[from] ability: Grassy Surge|[of] p1a: Cesar\n|turn|19\n|\n|switch|p2a: Corviknight|Corviknight, F, shiny|100\/100\n|-ability|p2a: Corviknight|Pressure\n|move|p1a: Cesar|Bulk Up|p1a: Cesar\n|-boost|p1a: Cesar|atk|1\n|-boost|p1a: Cesar|def|1\n|\n|upkeep\n|turn|20\n|\n|move|p1a: Cesar|Bulk Up|p1a: Cesar\n|-boost|p1a: Cesar|atk|1\n|-boost|p1a: Cesar|def|1\n|move|p2a: Corviknight|Iron Defense|p2a: Corviknight\n|-boost|p2a: Corviknight|def|2\n|\n|upkeep\n|turn|21\n|c|+Davidoar15|F\n|c| Satania McDowell|equisde\n|\n|move|p1a: Cesar|Bulk Up|p1a: Cesar\n|-boost|p1a: Cesar|atk|1\n|-boost|p1a: Cesar|def|1\n|move|p2a: Corviknight|Iron Defense|p2a: Corviknight\n|-boost|p2a: Corviknight|def|2\n|\n|upkeep\n|turn|22\n|j| Larmes D'Ange\n|c| CaesarZeppelixd|gg (?\n|\n|move|p1a: Cesar|Bulk Up|p1a: Cesar\n|-boost|p1a: Cesar|atk|1\n|-boost|p1a: Cesar|def|1\n|move|p2a: Corviknight|Iron Defense|p2a: Corviknight\n|-boost|p2a: Corviknight|def|2\n|\n|upkeep\n|turn|23\n|\n|move|p1a: Cesar|Bulk Up|p1a: Cesar\n|-boost|p1a: Cesar|atk|1\n|-boost|p1a: Cesar|def|1\n|move|p2a: Corviknight|Body Press|p1a: Cesar\n|-damage|p1a: Cesar|72\/100\n|\n|-heal|p1a: Cesar|78\/100|[from] item: Leftovers\n|-heal|p1a: Cesar|84\/100|[from] Grassy Terrain\n|-fieldend|move: Grassy Terrain\n|upkeep\n|turn|24\n|\n|move|p1a: Cesar|Bulk Up|p1a: Cesar\n|-boost|p1a: Cesar|atk|1\n|-boost|p1a: Cesar|def|1\n|move|p2a: Corviknight|Body Press|p1a: Cesar\n|-damage|p1a: Cesar|57\/100\n|\n|-heal|p1a: Cesar|63\/100|[from] item: Leftovers\n|upkeep\n|turn|25\n|c|+Davidoar15|Damm u captcha preparado para ver criticos?\n|c| AlexTrainer117\u2605|Cesar uso shadow tief\n|j| Joan20pokemon\n|\n|move|p1a: Cesar|Drain Punch|p2a: Corviknight\n|-crit|p2a: Corviknight\n|-damage|p2a: Corviknight|3\/100\n|-heal|p1a: Cesar|100\/100|[from] drain|[of] p2a: Corviknight\n|-damage|p1a: Cesar|84\/100|[from] item: Rocky Helmet|[of] p2a: Corviknight\n|move|p2a: Corviknight|Body Press|p1a: Cesar\n|-damage|p1a: Cesar|58\/100\n|\n|-heal|p1a: Cesar|64\/100|[from] item: Leftovers\n|upkeep\n|turn|26\n|l| Joan20pokemon\n|c|+Davidoar15|xd\n|c| LostMonkey|bufff\n|c| CaesarZeppelixd|advino\n|c| Satania McDowell|antes lo dices\n|\n|move|p1a: Cesar|Drain Punch|p2a: Corviknight\n|-damage|p2a: Corviknight|0 fnt\n|-heal|p1a: Cesar|66\/100|[from] drain|[of] p2a: Corviknight\n|-damage|p1a: Cesar|49\/100|[from] item: Rocky Helmet|[of] p2a: Corviknight\n|faint|p2a: Corviknight\n|\n|-heal|p1a: Cesar|55\/100|[from] item: Leftovers\n|upkeep\n|c| Satania McDowell|david mamon\n|\n|switch|p2a: Indeedee|Indeedee, M|32\/100\n|-fieldstart|move: Psychic Terrain|[from] ability: Psychic Surge|[of] p2a: Indeedee\n|turn|27\n|j| migumater\n|j| WoolooTwinoodle\n|j| Joan20pokemon\n|\n|switch|p1a: Slowbro|Slowbro, F|74\/100\n|move|p2a: Indeedee|Expanding Force|p1a: Slowbro\n|-resisted|p1a: Slowbro\n|-damage|p1a: Slowbro|36\/100\n|\n|upkeep\n|turn|28\n|c| miltores41|si usa un ataque de acero le va a hacer poco eficaz a todo su equipo\n|l| Larmes D'Ange\n|c|+Damm u captcha|xd\n|\n|move|p2a: Indeedee|Expanding Force|p1a: Slowbro\n|-resisted|p1a: Slowbro\n|-damage|p1a: Slowbro|0 fnt\n|faint|p1a: Slowbro\n|\n|upkeep\n|l| migumater\n|\n|switch|p1a: Cesar|Rillaboom, M|55\/100\n|-fieldstart|move: Grassy Terrain|[from] ability: Grassy Surge|[of] p1a: Cesar\n|turn|29\n|l| TheBallsmaSpace\n|\n|switch|p2a: Bisharp|Bisharp, F|63\/100\n|switch|p1a: Hawlucha|Hawlucha, M|100\/100\n|-enditem|p1a: Hawlucha|Grassy Seed\n|-boost|p1a: Hawlucha|def|1|[from] item: Grassy Seed\n|\n|-heal|p2a: Bisharp|69\/100|[from] item: Leftovers\n|-heal|p2a: Bisharp|75\/100|[from] Grassy Terrain\n|upkeep\n|turn|30\n|c| Popinazo|las plays\n|\n|move|p2a: Bisharp|Sucker Punch||[still]\n|-fail|p2a: Bisharp\n|move|p1a: Hawlucha|Swords Dance|p1a: Hawlucha\n|-boost|p1a: Hawlucha|atk|2\n|\n|-heal|p2a: Bisharp|81\/100|[from] item: Leftovers\n|-heal|p2a: Bisharp|86\/100|[from] Grassy Terrain\n|upkeep\n|turn|31\n|c| Popinazo|y las misplays\n|c| Satania McDowell|aiba\n|c| AlexTrainer117\u2605|A bailar espadas\n|c| AlexTrainer117\u2605|XD.\n|c| miltores41|ataca\n|c|+Damm u captcha|wtf\n|c|+Damm u captcha|gg\n|\n|move|p1a: Hawlucha|Swords Dance|p1a: Hawlucha\n|-boost|p1a: Hawlucha|atk|2\n|move|p2a: Bisharp|Iron Head|p1a: Hawlucha\n|-damage|p1a: Hawlucha|53\/100\n|\n|-heal|p2a: Bisharp|92\/100|[from] item: Leftovers\n|-heal|p2a: Bisharp|98\/100|[from] Grassy Terrain\n|upkeep\n|turn|32\n|c| Satania McDowell|ahora es donde sale\n|c| Popinazo|gg indeed\n|c| WoolooTwinoodle|Se viene el Sweep\n|\n|move|p2a: Bisharp|Sucker Punch|p1a: Hawlucha\n|-resisted|p1a: Hawlucha\n|-damage|p1a: Hawlucha|34\/100\n|move|p1a: Hawlucha|Close Combat|p2a: Bisharp\n|-supereffective|p2a: Bisharp\n|-damage|p2a: Bisharp|0 fnt\n|-unboost|p1a: Hawlucha|def|1\n|-unboost|p1a: Hawlucha|spd|1\n|faint|p2a: Bisharp\n|\n|upkeep\n|c|+Davidoar15|veremos\n|\n|switch|p2a: Slowbro|Slowbro, F|100\/100\n|turn|33\n|j| Larmes D'Ange\n|c| Popinazo|debiste ir stall\n|\n|move|p1a: Hawlucha|Acrobatics|p2a: Slowbro\n|-damage|p2a: Slowbro|0 fnt\n|faint|p2a: Slowbro\n|\n|-fieldend|move: Grassy Terrain\n|upkeep\n|c|+Davidoar15|y volo\n|c| miltores41|remontada?\n|c| AlexTrainer117\u2605|Gg\n|\n|switch|p2a: Rotom|Rotom-Heat|70\/100\n|turn|34\n|c| CaesarZeppelixd|sipi\n|\n|move|p1a: Hawlucha|Close Combat|p2a: Rotom\n|-damage|p2a: Rotom|0 fnt\n|-unboost|p1a: Hawlucha|def|1\n|-unboost|p1a: Hawlucha|spd|1\n|faint|p2a: Rotom\n|\n|upkeep\n|c| WoolooTwinoodle|Ya gan\u00f3.\n|\n|switch|p2a: Alakazam|Alakazam, F|37\/100\n|turn|35\n|c|+Damm u captcha|solitto\n|c| Popinazo|ya gano\n|c| CaesarZeppelixd|hawlucha salvando el dia\n|c| WoolooTwinoodle|Nada puede hacerle frente.\n|c| LostMonkey|mega remontada\n|\n|move|p1a: Hawlucha|Acrobatics|p2a: Alakazam\n|-damage|p2a: Alakazam|0 fnt\n|faint|p2a: Alakazam\n|\n|upkeep\n|c| Ashleyyy uwu|no entend\u00ed el sucker\n|\n|switch|p2a: Indeedee|Indeedee, M|32\/100\n|-fieldstart|move: Psychic Terrain|[from] ability: Psychic Surge|[of] p2a: Indeedee\n|turn|36\n|c| Ashleyyy uwu|jeje\n|l| Joan20pokemon\n|l|+Davidoar15\n|c| Popinazo|se viene el quick attack\n|c| AlexTrainer117\u2605|Viva mexico\n|c| Satania McDowell|nadie lo entendio\n|\n|move|p1a: Hawlucha|Acrobatics|p2a: Indeedee\n|-damage|p2a: Indeedee|0 fnt\n|faint|p2a: Indeedee\n|\n|win|Ayante\n|c| miltores41|GG\n|l| Damm u captcha\n|l| WoolooTwinoodle\n|l| Ashleyyy uwu\n|l| Satania McDowell\n|l| Larmes D'Ange\n|j| migumater\n|l| LostMonkey\n|l| CaesarZeppelixd\n|l|\u2606SMndez\n|c|\u2606Ayante|Oleee\n|c| Popinazo|lo que pasa por un sucker punch cuando no corresponde\n|l| Aqua Dragneel uwu\n|l| migumater\n|l| Popinazo\n|l| grgzrg\n|l| miltores41\n|l| Anghult\n|l| clorodulce (-__-)\n|c| AlexShyness|remontada\n|l| francisco144\n|l| AlexShyness\n|l|\u2606Ayante\n|l| Lorde\u5f61II\n|j| CaesarZeppelixd\n|j|\u2606Ayante\n|player|p1|Ayante|koga\n","uploadtime":1594589133,"views":55,"p1id":"ayante","p2id":"smndez","formatid":"gen8ou","rating":0,"private":0,"password":null}