{"id":"gen8ou-1664871766","p1":"Venositile","p2":"rooopos","format":"gen8ou","log":"|j|\u2606Venositile\n|j|\u2606rooopos\n|t:|1663247209\n|gametype|singles\n|player|p1|Venositile|rocketexecutive-gen2|1624\n|player|p2|rooopos|102|1633\n|teamsize|p1|6\n|teamsize|p2|6\n|gen|8\n|tier|[Gen 8] OU\n|rated|\n|rule|Sleep Clause Mod: Limit one foe put to sleep\n|rule|Species Clause: Limit one of each Pok\u00e9mon\n|rule|OHKO Clause: OHKO moves are banned\n|rule|Evasion Items Clause: Evasion items are banned\n|rule|Evasion Moves Clause: Evasion moves are banned\n|rule|Endless Battle Clause: Forcing endless battles is banned\n|rule|HP Percentage Mod: HP is shown in percentages\n|rule|Dynamax Clause: You cannot dynamax\n|clearpoke\n|poke|p1|Nidoking, M|\n|poke|p1|Toxapex, M|\n|poke|p1|Heatran, F|\n|poke|p1|Weavile, F|\n|poke|p1|Kartana|\n|poke|p1|Landorus-Therian, M|\n|poke|p2|Tapu Koko|\n|poke|p2|Buzzwole|\n|poke|p2|Landorus-Therian, M|\n|poke|p2|Heatran, M|\n|poke|p2|Tornadus-Therian, M|\n|poke|p2|Slowbro, M|\n|teampreview\n|inactive|Battle timer is ON: inactive players will automatically lose when time's up. (requested by rooopos)\n|\n|t:|1663247272\n|start\n|switch|p1a: Weavile|Weavile, F|100\/100\n|switch|p2a: Hugs Machine|Slowbro, M, shiny|100\/100\n|turn|1\n|j| p1ccolo\n|\n|t:|1663247276\n|move|p1a: Weavile|Beat Up|p2a: Hugs Machine\n|-supereffective|p2a: Hugs Machine\n|-enditem|p2a: Hugs Machine|Colbur Berry|[eat]\n|-enditem|p2a: Hugs Machine|Colbur Berry|[weaken]\n|-damage|p2a: Hugs Machine|92\/100\n|-supereffective|p2a: Hugs Machine\n|-damage|p2a: Hugs Machine|81\/100\n|-supereffective|p2a: Hugs Machine\n|-damage|p2a: Hugs Machine|66\/100\n|-supereffective|p2a: Hugs Machine\n|-damage|p2a: Hugs Machine|51\/100\n|-supereffective|p2a: Hugs Machine\n|-damage|p2a: Hugs Machine|27\/100\n|-supereffective|p2a: Hugs Machine\n|-damage|p2a: Hugs Machine|9\/100\n|-hitcount|p2a: Hugs Machine|6\n|move|p2a: Hugs Machine|Body Press|p1a: Weavile\n|-supereffective|p1a: Weavile\n|-damage|p1a: Weavile|0 fnt\n|faint|p1a: Weavile\n|\n|upkeep\n|\n|t:|1663247293\n|switch|p1a: Nidoking|Nidoking, M|100\/100\n|turn|2\n|\n|t:|1663247301\n|switch|p2a: Birb|Tornadus-Therian, M, shiny|100\/100\n|move|p1a: Nidoking|Ice Beam|p2a: Birb\n|-supereffective|p2a: Birb\n|-crit|p2a: Birb\n|-damage|p2a: Birb|7\/100\n|\n|upkeep\n|turn|3\n|\n|t:|1663247313\n|move|p2a: Birb|U-turn|p1a: Nidoking\n|-resisted|p1a: Nidoking\n|-damage|p1a: Nidoking|90\/100\n|\n|t:|1663247316\n|switch|p2a: War Birb|Tapu Koko, shiny|100\/100|[from]move: U-turn\n|-fieldstart|move: Electric Terrain|[from] ability: Electric Surge|[of] p2a: War Birb\n|move|p1a: Nidoking|Sludge Wave|p2a: War Birb\n|-supereffective|p2a: War Birb\n|-damage|p2a: War Birb|0 fnt\n|faint|p2a: War Birb\n|\n|upkeep\n|\n|t:|1663247320\n|switch|p2a: Birb|Tornadus-Therian, M, shiny|40\/100\n|turn|4\n|\n|t:|1663247323\n|move|p2a: Birb|Knock Off|p1a: Nidoking\n|-damage|p1a: Nidoking|60\/100\n|-enditem|p1a: Nidoking|Life Orb|[from] move: Knock Off|[of] p2a: Birb\n|move|p1a: Nidoking|Ice Beam|p2a: Birb\n|-supereffective|p2a: Birb\n|-crit|p2a: Birb\n|-damage|p2a: Birb|0 fnt\n|faint|p2a: Birb\n|\n|upkeep\n|\n|t:|1663247331\n|switch|p2a: Vilgax|Buzzwole|100\/100\n|turn|5\n|\n|t:|1663247338\n|switch|p1a: Toxapex|Toxapex, M|100\/100\n|move|p2a: Vilgax|Ice Punch|p1a: Toxapex\n|-resisted|p1a: Toxapex\n|-damage|p1a: Toxapex|88\/100\n|-enditem|p1a: Toxapex|Eject Button\n|\n|t:|1663247344\n|switch|p1a: Heatran|Heatran, F|100\/100\n|-item|p1a: Heatran|Air Balloon\n|\n|upkeep\n|turn|6\n|\n|t:|1663247350\n|switch|p2a: Dogo|Landorus-Therian, M|100\/100\n|-ability|p2a: Dogo|Intimidate|boost\n|-unboost|p1a: Heatran|atk|1\n|move|p1a: Heatran|Stealth Rock|p2a: Dogo\n|-sidestart|p2: rooopos|move: Stealth Rock\n|\n|upkeep\n|turn|7\n|\n|t:|1663247358\n|switch|p1a: Landorus|Landorus-Therian, M|100\/100\n|-ability|p1a: Landorus|Intimidate|boost\n|-unboost|p2a: Dogo|atk|1\n|move|p2a: Dogo|Knock Off|p1a: Landorus\n|-damage|p1a: Landorus|82\/100\n|-enditem|p1a: Landorus|Leftovers|[from] move: Knock Off|[of] p2a: Dogo\n|\n|-fieldend|move: Electric Terrain\n|upkeep\n|turn|8\n|l| p1ccolo\n|\n|t:|1663247360\n|move|p1a: Landorus|Toxic|p2a: Dogo\n|-status|p2a: Dogo|tox\n|move|p2a: Dogo|Defog|p1a: Landorus\n|-unboost|p1a: Landorus|evasion|1\n|-sideend|p2: rooopos|Stealth Rock|[from] move: Defog|[of] p2a: Dogo\n|\n|-damage|p2a: Dogo|94\/100 tox|[from] psn\n|upkeep\n|turn|9\n|\n|t:|1663247366\n|move|p1a: Landorus|U-turn|p2a: Dogo\n|-resisted|p2a: Dogo\n|-damage|p2a: Dogo|84\/100 tox\n|\n|t:|1663247368\n|switch|p1a: Toxapex|Toxapex, M|100\/100|[from]move: U-turn\n|move|p2a: Dogo|U-turn|p1a: Toxapex\n|-resisted|p1a: Toxapex\n|-damage|p1a: Toxapex|96\/100\n|\n|t:|1663247372\n|switch|p2a: Hot Chunk|Heatran, M|100\/100|[from]move: U-turn\n|\n|upkeep\n|turn|10\n|\n|t:|1663247376\n|move|p2a: Hot Chunk|Stealth Rock|p1a: Toxapex\n|-sidestart|p1: Venositile|move: Stealth Rock\n|move|p1a: Toxapex|Toxic Spikes|p2a: Hot Chunk\n|-sidestart|p2: rooopos|move: Toxic Spikes\n|\n|upkeep\n|turn|11\n|\n|t:|1663247379\n|move|p2a: Hot Chunk|Magma Storm|p1a: Toxapex\n|-resisted|p1a: Toxapex\n|-damage|p1a: Toxapex|77\/100\n|-activate|p1a: Toxapex|move: Magma Storm|[of] p2a: Hot Chunk\n|move|p1a: Toxapex|Knock Off|p2a: Hot Chunk\n|-damage|p2a: Hot Chunk|87\/100\n|-enditem|p2a: Hot Chunk|Leftovers|[from] move: Knock Off|[of] p1a: Toxapex\n|\n|-damage|p1a: Toxapex|65\/100|[from] move: Magma Storm|[partiallytrapped]\n|upkeep\n|turn|12\n|\n|t:|1663247383\n|move|p2a: Hot Chunk|Earth Power|p1a: Toxapex\n|-supereffective|p1a: Toxapex\n|-damage|p1a: Toxapex|25\/100\n|move|p1a: Toxapex|Recover|p1a: Toxapex\n|-heal|p1a: Toxapex|75\/100\n|\n|-damage|p1a: Toxapex|63\/100|[from] move: Magma Storm|[partiallytrapped]\n|upkeep\n|turn|13\n|\n|t:|1663247387\n|move|p2a: Hot Chunk|Earth Power|p1a: Toxapex\n|-supereffective|p1a: Toxapex\n|-damage|p1a: Toxapex|18\/100\n|move|p1a: Toxapex|Recover|p1a: Toxapex\n|-heal|p1a: Toxapex|68\/100\n|\n|-damage|p1a: Toxapex|56\/100|[from] move: Magma Storm|[partiallytrapped]\n|upkeep\n|turn|14\n|\n|t:|1663247390\n|move|p2a: Hot Chunk|Earth Power|p1a: Toxapex\n|-supereffective|p1a: Toxapex\n|-damage|p1a: Toxapex|10\/100\n|move|p1a: Toxapex|Recover|p1a: Toxapex\n|-heal|p1a: Toxapex|61\/100\n|\n|-damage|p1a: Toxapex|48\/100|[from] move: Magma Storm|[partiallytrapped]\n|upkeep\n|turn|15\n|\n|t:|1663247393\n|move|p2a: Hot Chunk|Earth Power|p1a: Toxapex\n|-supereffective|p1a: Toxapex\n|-damage|p1a: Toxapex|1\/100\n|move|p1a: Toxapex|Recover|p1a: Toxapex\n|-heal|p1a: Toxapex|52\/100\n|\n|-end|p1a: Toxapex|Magma Storm|[partiallytrapped]\n|upkeep\n|turn|16\n|\n|t:|1663247404\n|switch|p2a: Vilgax|Buzzwole|100\/100\n|-status|p2a: Vilgax|psn\n|switch|p1a: Heatran|Heatran, F|100\/100\n|-damage|p1a: Heatran|88\/100|[from] Stealth Rock\n|-item|p1a: Heatran|Air Balloon\n|\n|-damage|p2a: Vilgax|88\/100 psn|[from] psn\n|upkeep\n|turn|17\n|\n|t:|1663247408\n|switch|p1a: Toxapex|Toxapex, M|85\/100\n|-damage|p1a: Toxapex|73\/100|[from] Stealth Rock\n|move|p2a: Vilgax|Thunder Punch|p1a: Toxapex\n|-supereffective|p1a: Toxapex\n|-damage|p1a: Toxapex|24\/100\n|\n|-damage|p2a: Vilgax|76\/100 psn|[from] psn\n|upkeep\n|turn|18\n|\n|t:|1663247414\n|switch|p1a: Landorus|Landorus-Therian, M|82\/100\n|-damage|p1a: Landorus|69\/100|[from] Stealth Rock\n|-ability|p1a: Landorus|Intimidate|boost\n|-unboost|p2a: Vilgax|atk|1\n|move|p2a: Vilgax|Thunder Punch|p1a: Landorus\n|-immune|p1a: Landorus\n|\n|-damage|p2a: Vilgax|63\/100 psn|[from] psn\n|upkeep\n|turn|19\n|\n|t:|1663247419\n|switch|p2a: Hugs Machine|Slowbro, M, shiny|42\/100\n|-status|p2a: Hugs Machine|psn\n|move|p1a: Landorus|U-turn|p2a: Hugs Machine\n|-supereffective|p2a: Hugs Machine\n|-damage|p2a: Hugs Machine|20\/100 psn\n|\n|t:|1663247423\n|switch|p1a: Nidoking|Nidoking, M|60\/100|[from]move: U-turn\n|-damage|p1a: Nidoking|54\/100|[from] Stealth Rock\n|\n|-damage|p2a: Hugs Machine|7\/100 psn|[from] psn\n|upkeep\n|turn|20\n|-message|rooopos forfeited.\n|\n|win|Venositile\n|raw|Venositile's rating: 1624 &rarr; <strong>1645<\/strong><br \/>(+21 for winning)\n|raw|rooopos's rating: 1633 &rarr; <strong>1612<\/strong><br \/>(-21 for losing)\n|l|\u2606rooopos\n||Ladder isn't responding, score probably updated but might not have (Request timeout).\n","uploadtime":1663247443,"views":25,"p1id":"venositile","p2id":"rooopos","formatid":"gen8ou","rating":1612,"private":0,"password":null}