{"id":"gen8nationaldexag-1177994381","p1":"BugCatcherWeevil","p2":"actually god","format":"gen8nationaldexag","log":"|j|\u2606BugCatcherWeevil\n|j|\u2606actually god\n|t:|1598782222\n|player|p1|BugCatcherWeevil|7|\n|player|p2|actually god|167|\n|teamsize|p1|6\n|teamsize|p2|6\n|gametype|singles\n|gen|8\n|tier|[Gen 8] National Dex AG\n|clearpoke\n|poke|p1|Tornadus-Therian, M|\n|poke|p1|Primarina, M|\n|poke|p1|Victini|\n|poke|p1|Roserade, M|\n|poke|p1|Lickilicky, M|\n|poke|p1|Magnezone|\n|poke|p2|Tapu Koko|\n|poke|p2|Charizard, F|\n|poke|p2|Palossand, F|\n|poke|p2|Miltank, F|\n|poke|p2|Slowbro, M|\n|poke|p2|Tornadus, M|\n|rule|HP Percentage Mod: HP is shown in percentages\n|rule|Endless Battle Clause: Forcing endless battles is banned\n|teampreview\n|c|\u2606BugCatcherWeevil|gl hf!\n|c|\u2606actually god|hf dude\n|c|\u2606actually god|bruh\n|c|\u2606actually god|you didnt bring chomp\n|j| The Lucky Luxray's\n|c|\u2606actually god|what the fuck\n|c| The Lucky Luxray's|hah\n|j| Aligax@!\n|c|\u2606BugCatcherWeevil|this was what i meant by i may regret that lol\n|c|\u2606BugCatcherWeevil|last minute decision\n|c|\u2606actually god|LOLL\n|c| The Lucky Luxray's|I think I got this one in the bag guys\n|n| Aligax|aligax\n|c| Aligax|>tfw when no Specs Chomp\n|c| The Lucky Luxray's|^^^\n|c| Aligax|gl hf\n|\n|t:|1598782317\n|start\n|switch|p1a: Victini|Victini|100\/100\n|switch|p2a: Tapu Koko|Tapu Koko|100\/100\n|-fieldstart|move: Electric Terrain|[from] ability: Electric Surge|[of] p2a: Tapu Koko\n|turn|1\n|\n|t:|1598782326\n|switch|p2a: Slowbro|Slowbro, M|100\/100\n|move|p1a: Victini|Toxic|p2a: Slowbro\n|-status|p2a: Slowbro|tox\n|\n|-damage|p2a: Slowbro|94\/100 tox|[from] psn\n|upkeep\n|turn|2\n|c| Aligax|Not gonna say \"may the best one win\" because I'd be very biased\n|\n|t:|1598782335\n|move|p1a: Victini|Taunt|p2a: Slowbro\n|-start|p2a: Slowbro|move: Taunt\n|cant|p2a: Slowbro|move: Taunt|Teleport\n|\n|-damage|p2a: Slowbro|82\/100 tox|[from] psn\n|upkeep\n|turn|3\n|c| The Lucky Luxray's|THE TECH\n|c| The Lucky Luxray's|GET REKT\n|c|\u2606actually god|jonas is too savage for me\n|c|\u2606actually god|at least he remembered that i'm his opponent\n|c| The Lucky Luxray's|>tfw when no nsaty plot azelf\n|c| Aligax|lmao\n|\n|t:|1598782386\n|switch|p2a: Palossand|Palossand, F|100\/100\n|move|p1a: Victini|U-turn|p2a: Palossand\n|-resisted|p2a: Palossand\n|-damage|p2a: Palossand|96\/100\n|c|\u2606actually god|how can i win without np azelf\n|\n|t:|1598782404\n|switch|p1a: Primarina|Primarina, M|100\/100|[from]move: U-turn\n|\n|-heal|p2a: Palossand|100\/100|[from] item: Leftovers\n|upkeep\n|turn|4\n|\n|t:|1598782410\n|move|p1a: Primarina|Substitute|p1a: Primarina\n|-start|p1a: Primarina|Substitute\n|-damage|p1a: Primarina|76\/100\n|move|p2a: Palossand|Stealth Rock|p1a: Primarina\n|-sidestart|p1: BugCatcherWeevil|move: Stealth Rock\n|\n|-heal|p1a: Primarina|82\/100|[from] item: Leftovers\n|upkeep\n|turn|5\n|\n|t:|1598782419\n|switch|p2a: Miltank|Miltank, F|100\/100\n|move|p1a: Primarina|Calm Mind|p1a: Primarina\n|-boost|p1a: Primarina|spa|1\n|-boost|p1a: Primarina|spd|1\n|\n|-heal|p1a: Primarina|88\/100|[from] item: Leftovers\n|-fieldend|move: Electric Terrain\n|upkeep\n|turn|6\n|\n|t:|1598782427\n|move|p2a: Miltank|Body Slam|p1a: Primarina\n|-activate|p1a: Primarina|move: Substitute|[damage]\n|move|p1a: Primarina|Scald|p2a: Miltank\n|-damage|p2a: Miltank|61\/100\n|\n|-heal|p2a: Miltank|67\/100|[from] item: Leftovers\n|-heal|p1a: Primarina|94\/100|[from] item: Leftovers\n|upkeep\n|turn|7\n|c| The Lucky Luxray's|the ONLY thing this primarina does\n|c| The Lucky Luxray's|is sub CM\n|\n|t:|1598782437\n|move|p2a: Miltank|Curse|p2a: Miltank\n|-unboost|p2a: Miltank|spe|1\n|-boost|p2a: Miltank|atk|1\n|-boost|p2a: Miltank|def|1\n|move|p1a: Primarina|Substitute|p1a: Primarina\n|-fail|p1a: Primarina|move: Substitute\n|\n|-heal|p1a: Primarina|99\/100|[from] item: Leftovers\n|-heal|p2a: Miltank|73\/100|[from] item: Leftovers\n|upkeep\n|turn|8\n|\n|t:|1598782446\n|move|p1a: Primarina|Scald|p2a: Miltank\n|-damage|p2a: Miltank|37\/100\n|-status|p2a: Miltank|brn\n|move|p2a: Miltank|Body Slam|p1a: Primarina\n|-end|p1a: Primarina|Substitute\n|\n|-heal|p1a: Primarina|100\/100|[from] item: Leftovers\n|-heal|p2a: Miltank|43\/100 brn|[from] item: Leftovers\n|-damage|p2a: Miltank|37\/100 brn|[from] brn\n|upkeep\n|turn|9\n|c| The Lucky Luxray's|predicted\n|c| The Lucky Luxray's|predicted the burn too\n|\n|t:|1598782461\n|move|p1a: Primarina|Substitute|p1a: Primarina\n|-start|p1a: Primarina|Substitute\n|-damage|p1a: Primarina|76\/100\n|move|p2a: Miltank|Rest|p2a: Miltank\n|-status|p2a: Miltank|slp|[from] move: Rest\n|-heal|p2a: Miltank|100\/100 slp|[silent]\n|\n|-heal|p1a: Primarina|82\/100|[from] item: Leftovers\n|upkeep\n|turn|10\n|\n|t:|1598782470\n|move|p1a: Primarina|Calm Mind|p1a: Primarina\n|-boost|p1a: Primarina|spa|1\n|-boost|p1a: Primarina|spd|1\n|cant|p2a: Miltank|slp\n|move|p2a: Miltank|Sleep Talk|p2a: Miltank\n|move|p2a: Miltank|Body Slam|p1a: Primarina|[from]Sleep Talk\n|-end|p1a: Primarina|Substitute\n|\n|-heal|p1a: Primarina|88\/100|[from] item: Leftovers\n|upkeep\n|turn|11\n|\n|t:|1598782480\n|move|p1a: Primarina|Substitute|p1a: Primarina\n|-start|p1a: Primarina|Substitute\n|-damage|p1a: Primarina|63\/100\n|cant|p2a: Miltank|slp\n|move|p2a: Miltank|Sleep Talk|p2a: Miltank\n|move|p2a: Miltank|Rest|p2a: Miltank|[from]Sleep Talk\n|-fail|p2a: Miltank|heal\n|\n|-heal|p1a: Primarina|69\/100|[from] item: Leftovers\n|upkeep\n|turn|12\n|\n|t:|1598782497\n|move|p1a: Primarina|Scald|p2a: Miltank\n|-damage|p2a: Miltank|52\/100 slp\n|-curestatus|p2a: Miltank|slp|[msg]\n|move|p2a: Miltank|Body Slam|p1a: Primarina\n|-end|p1a: Primarina|Substitute\n|\n|-heal|p1a: Primarina|75\/100|[from] item: Leftovers\n|-heal|p2a: Miltank|58\/100|[from] item: Leftovers\n|upkeep\n|turn|13\n|\n|t:|1598782508\n|move|p1a: Primarina|Scald|p2a: Miltank\n|-damage|p2a: Miltank|1\/100\n|-status|p2a: Miltank|brn\n|move|p2a: Miltank|Body Slam|p1a: Primarina\n|-damage|p1a: Primarina|60\/100\n|\n|-heal|p1a: Primarina|66\/100|[from] item: Leftovers\n|-heal|p2a: Miltank|7\/100 brn|[from] item: Leftovers\n|-damage|p2a: Miltank|1\/100 brn|[from] brn\n|upkeep\n|turn|14\n|c|\u2606actually god|para\n|c|\u2606actually god|bruh\n|c| The Lucky Luxray's|wow\n|c| The Lucky Luxray's|gotta love it\n|c|\u2606BugCatcherWeevil|sorrs\n|\n|t:|1598782523\n|move|p1a: Primarina|Substitute|p1a: Primarina\n|-start|p1a: Primarina|Substitute\n|-damage|p1a: Primarina|41\/100\n|move|p2a: Miltank|Rest|p2a: Miltank\n|-status|p2a: Miltank|slp|[from] move: Rest\n|-heal|p2a: Miltank|100\/100 slp|[silent]\n|\n|-heal|p1a: Primarina|47\/100|[from] item: Leftovers\n|upkeep\n|turn|15\n|\n|t:|1598782531\n|move|p1a: Primarina|Calm Mind|p1a: Primarina\n|-boost|p1a: Primarina|spa|1\n|-boost|p1a: Primarina|spd|1\n|cant|p2a: Miltank|slp\n|move|p2a: Miltank|Sleep Talk|p2a: Miltank\n|move|p2a: Miltank|Curse|p2a: Miltank|[from]Sleep Talk\n|-unboost|p2a: Miltank|spe|1\n|-boost|p2a: Miltank|atk|1\n|-boost|p2a: Miltank|def|1\n|\n|-heal|p1a: Primarina|53\/100|[from] item: Leftovers\n|upkeep\n|turn|16\n|\n|t:|1598782542\n|move|p1a: Primarina|Scald|p2a: Miltank\n|-damage|p2a: Miltank|36\/100 slp\n|cant|p2a: Miltank|slp\n|move|p2a: Miltank|Sleep Talk|p2a: Miltank\n|move|p2a: Miltank|Rest|p2a: Miltank|[from]Sleep Talk\n|-fail|p2a: Miltank\n|\n|-heal|p1a: Primarina|59\/100|[from] item: Leftovers\n|-heal|p2a: Miltank|42\/100 slp|[from] item: Leftovers\n|upkeep\n|turn|17\n|c| The Lucky Luxray's|hope you get body slam\n|c| The Lucky Luxray's|f\n|c|\u2606actually god|F\n|c|\u2606BugCatcherWeevil|welp that is unfort\n|c| The Lucky Luxray's|WAIT\n|c|\u2606actually god|jonas cm here i dare you\n|n| ActualIy God|theluckyluxrays\n|c|\u2606BugCatcherWeevil|shame that tech is rewarded by hax\n|c| ActualIy God|Why does Jopnas bringing the same set always get rewarded\n|c|\u2606actually god|LOL\n|c| ActualIy God|Jonas*\n|c| Aligax|Just call him Jojo like Vik does at this point\n|c| Aligax|And play Roundabout through each of his matches\n|c| ActualIy God|Im gonna call him Jonie\n|c|\u2606actually god|jonas wheres the throw bro\n|c| ActualIy God|click your move already\n|c|\u2606actually god|you werent supposed to bring sub cm prim against me\n|c|\u2606BugCatcherWeevil|idk if i should abuse the hax\n|c| ActualIy God|ALWAYS\n|c| Aligax|>jonas thinking hard of a way to throw against Vik that isn't too obvious\n|c| ActualIy God|LOL\n|c| Aligax|>hard because Vik\n|\n|t:|1598782719\n|move|p1a: Primarina|Scald|p2a: Miltank\n|-damage|p2a: Miltank|0 fnt\n|faint|p2a: Miltank\n|\n|-heal|p1a: Primarina|65\/100|[from] item: Leftovers\n|upkeep\n|\n|t:|1598782727\n|switch|p2a: Tapu Koko|Tapu Koko|100\/100\n|-fieldstart|move: Electric Terrain|[from] ability: Electric Surge|[of] p2a: Tapu Koko\n|turn|18\n|c| ActualIy God|>Vik Clicks U-Turn\n|c|\u2606BugCatcherWeevil|im a bstard confirmed\n|c| ActualIy God|Nah, we would have done the same\n|c| ActualIy God|hax is hax\n|\n|t:|1598782761\n|move|p2a: Tapu Koko|Thunder Punch|p1a: Primarina\n|-supereffective|p1a: Primarina\n|-end|p1a: Primarina|Substitute\n|move|p1a: Primarina|Scald|p2a: Tapu Koko\n|-damage|p2a: Tapu Koko|0 fnt\n|faint|p2a: Tapu Koko\n|\n|-heal|p1a: Primarina|71\/100|[from] item: Leftovers\n|upkeep\n|\n|t:|1598782764\n|switch|p2a: Charizard|Charizard, F|100\/100\n|turn|19\n|c| ActualIy God|Love the OHKO there\n|c|\u2606BugCatcherWeevil|is this thunder punch oO\n|c|\u2606actually god|no\n|c| ActualIy God|LOL\n|c|\u2606actually god|im belly drumming\n|c| ActualIy God|Belly Drum, gluttony, salac, mega zardx\n|c|\u2606BugCatcherWeevil|why didnt i calc thunder punch in terrain :(\n|c| Aligax|sike, he's clicking Outrage\n|c|\u2606BugCatcherWeevil|it will kill\n|c|\u2606actually god|it doesnt matter i dont have tpunch\n|c|\u2606actually god|*in and aroung the lake*\n|c| ActualIy God|>aroung\n|c|\u2606actually god|>tfw english is my first language and i cant spell\n|c|\u2606BugCatcherWeevil|252 Atk Tough Claws Charizard-Mega-X Thunder Punch vs. 248 HP \/ 212+ Def Primarina in Electric Terrain: 252-298 (69.4 - 82%) -- guaranteed 2HKO after Leftovers recovery\n|c| ActualIy God|go for the roll, you wont\n|\n|t:|1598782901\n|detailschange|p2a: Charizard|Charizard-Mega-X, F\n|-mega|p2a: Charizard|Charizard|Charizardite X\n|move|p2a: Charizard|Thunder Punch|p1a: Primarina\n|-supereffective|p1a: Primarina\n|-damage|p1a: Primarina|0 fnt\n|faint|p1a: Primarina\n|\n|upkeep\n|c| ActualIy God|damn\n|c|\u2606actually god|oh thank god\n|c| Aligax|>The music dance and sing\n|\n|t:|1598782922\n|switch|p1a: Lickilicky|Lickilicky, M|100\/100\n|-damage|p1a: Lickilicky|88\/100|[from] Stealth Rock\n|turn|20\n|c|\u2606actually god|*roundabout plays*\n|\n|t:|1598782929\n|switch|p2a: Tornadus|Tornadus, M|100\/100\n|-enditem|p2a: Tornadus|Electric Seed\n|-boost|p2a: Tornadus|def|1|[from] item: Electric Seed\n|move|p1a: Lickilicky|Wish|p1a: Lickilicky\n|\n|-heal|p1a: Lickilicky|94\/100|[from] item: Leftovers\n|upkeep\n|turn|21\n|\n|t:|1598782937\n|move|p2a: Tornadus|Bulk Up|p2a: Tornadus\n|-boost|p2a: Tornadus|atk|1\n|-boost|p2a: Tornadus|def|1\n|move|p1a: Lickilicky|Dragon Tail|p2a: Tornadus\n|-damage|p2a: Tornadus|91\/100\n|drag|p2a: Palossand|Palossand, F|100\/100\n|\n|-heal|p1a: Lickilicky|100\/100|[from] move: Wish|[wisher] Lickilicky\n|upkeep\n|turn|22\n|c|\u2606actually god|NOOO\n|c| ActualIy God|AHAHAHAHAHA\n|\n|t:|1598782948\n|switch|p1a: Roserade|Roserade, M|100\/100\n|-damage|p1a: Roserade|88\/100|[from] Stealth Rock\n|move|p2a: Palossand|Toxic|p1a: Roserade|[miss]\n|-miss|p2a: Palossand|p1a: Roserade\n|\n|-heal|p1a: Roserade|94\/100|[from] item: Black Sludge\n|-fieldend|move: Electric Terrain\n|upkeep\n|turn|23\n|c|\u2606actually god|F\n|\n|t:|1598782955\n|switch|p2a: Tornadus|Tornadus, M|91\/100\n|move|p1a: Roserade|Toxic Spikes|p2a: Tornadus\n|-sidestart|p2: actually god|move: Toxic Spikes\n|\n|-heal|p1a: Roserade|100\/100|[from] item: Black Sludge\n|upkeep\n|turn|24\n|c| ActualIy God|that mattered\n|c| Aligax|big toxic miss\n|c|\u2606actually god|hax >:(\n|c| Aligax|unluckiest player award\n|\n|t:|1598783035\n|switch|p1a: Tornadus|Tornadus-Therian, M|100\/100\n|-damage|p1a: Tornadus|76\/100|[from] Stealth Rock\n|move|p2a: Tornadus|Acrobatics|p1a: Tornadus\n|-damage|p1a: Tornadus|23\/100\n|\n|upkeep\n|turn|25\n|c| ActualIy God|scarf electric seed here\n|c| Aligax|Who's the better Torn\n|c|\u2606actually god|i wonder\n|c|\u2606actually god|the one whos probably not even UU\n|c|\u2606actually god|or the literal uber\n|c| Aligax|yeah but one of them has a fire set :<\n|c| ActualIy God|and the other one got dragon tailed LMAO\n|\n|t:|1598783139\n|move|p1a: Tornadus|Sludge Bomb|p2a: Tornadus\n|-damage|p2a: Tornadus|60\/100\n|move|p2a: Tornadus|Acrobatics|p1a: Tornadus\n|-damage|p1a: Tornadus|0 fnt\n|faint|p1a: Tornadus\n|\n|upkeep\n|c|\u2606actually god|jonas\n|\n|t:|1598783145\n|switch|p1a: Victini|Victini|100\/100\n|-damage|p1a: Victini|76\/100|[from] Stealth Rock\n|turn|26\n|c|\u2606actually god|was that scarf?\n|c|\u2606BugCatcherWeevil|nope\n|c| Aligax|looks scarf to me\n|\n|t:|1598783158\n|move|p2a: Tornadus|Defog|p1a: Victini\n|-unboost|p1a: Victini|evasion|1\n|-sideend|p1: BugCatcherWeevil|Stealth Rock|[from] move: Defog|[of] p2a: Tornadus\n|-sideend|p2: actually god|Toxic Spikes|[from] move: Defog|[of] p2a: Tornadus\n|move|p1a: Victini|Blue Flare|p2a: Tornadus\n|-damage|p2a: Tornadus|0 fnt\n|faint|p2a: Tornadus\n|\n|-heal|p1a: Victini|82\/100|[from] item: Leftovers\n|upkeep\n|c|\u2606actually god|i think it was scaf\n|c| Aligax|I think Victini's scarf too\n|c|\u2606actually god|another day another special victini by jonas\n|c|\u2606BugCatcherWeevil|lol\n|c| ActualIy God|physical victini is overrated\n|c| ActualIy God|unless its PuP\n|\n|t:|1598783193\n|switch|p2a: Slowbro|Slowbro, M|100\/100 tox\n|turn|27\n|c|\u2606BugCatcherWeevil|yeah true, i have brought physical so rarely\n|c| ActualIy God|Fire set there\n|c| ActualIy God|yes, im memeing\n|\n|t:|1598783204\n|move|p1a: Victini|U-turn|p2a: Slowbro\n|-supereffective|p2a: Slowbro\n|-damage|p2a: Slowbro|82\/100 tox\n|c|\u2606actually god|>not abusing the best move in the game\n|\n|t:|1598783208\n|switch|p1a: Lickilicky|Lickilicky, M|100\/100|[from]move: U-turn\n|move|p2a: Slowbro|Scald|p1a: Lickilicky\n|-damage|p1a: Lickilicky|78\/100\n|\n|-heal|p1a: Lickilicky|84\/100|[from] item: Leftovers\n|-damage|p2a: Slowbro|76\/100 tox|[from] psn\n|upkeep\n|turn|28\n|\n|t:|1598783216\n|move|p1a: Lickilicky|Wish|p1a: Lickilicky\n|move|p2a: Slowbro|Teleport|p2a: Slowbro\n|\n|t:|1598783219\n|switch|p2a: Palossand|Palossand, F|100\/100|[from]move: Teleport\n|\n|-heal|p1a: Lickilicky|91\/100|[from] item: Leftovers\n|upkeep\n|turn|29\n|c| Aligax|>but he had Scald on Primarina, Vik\n|c|\u2606actually god|good point\n|\n|t:|1598783234\n|switch|p1a: Roserade|Roserade, M|100\/100\n|move|p2a: Palossand|Stealth Rock|p1a: Roserade\n|-sidestart|p1: BugCatcherWeevil|move: Stealth Rock\n|\n|upkeep\n|turn|30\n|\n|t:|1598783242\n|switch|p2a: Charizard|Charizard-Mega-X, F|100\/100\n|move|p1a: Roserade|Toxic Spikes|p2a: Charizard\n|-sidestart|p2: actually god|move: Toxic Spikes\n|\n|upkeep\n|turn|31\n|\n|t:|1598783250\n|switch|p1a: Lickilicky|Lickilicky, M|91\/100\n|-damage|p1a: Lickilicky|78\/100|[from] Stealth Rock\n|move|p2a: Charizard|Dragon Dance|p2a: Charizard\n|-boost|p2a: Charizard|atk|1\n|-boost|p2a: Charizard|spe|1\n|\n|-heal|p1a: Lickilicky|84\/100|[from] item: Leftovers\n|upkeep\n|turn|32\n|c| ActualIy God|Dont miss\n|c|\u2606BugCatcherWeevil|dragon tail tends to miss i hear\n|c| Aligax|don't worry he's licking U-turn\n|c|\u2606actually god|lets go\n|\n|t:|1598783276\n|move|p2a: Charizard|Dragon Claw|p1a: Lickilicky\n|-damage|p1a: Lickilicky|39\/100\n|move|p1a: Lickilicky|Dragon Tail|p2a: Charizard\n|-supereffective|p2a: Charizard\n|-damage|p2a: Charizard|76\/100\n|drag|p2a: Slowbro|Slowbro, M|100\/100 tox\n|\n|-heal|p1a: Lickilicky|46\/100|[from] item: Leftovers\n|-damage|p2a: Slowbro|94\/100 tox|[from] psn\n|upkeep\n|turn|33\n|c|\u2606actually god|shit\n|c| ActualIy God|damn\n|c|\u2606actually god|jonas you haxer\n|c|\u2606BugCatcherWeevil|i legitimiately would have lost if i missed\n|\n|t:|1598783296\n|move|p1a: Lickilicky|Wish|p1a: Lickilicky\n|move|p2a: Slowbro|Teleport|p2a: Slowbro\n|\n|t:|1598783308\n|switch|p2a: Palossand|Palossand, F|100\/100|[from]move: Teleport\n|-status|p2a: Palossand|psn\n|\n|-heal|p1a: Lickilicky|52\/100|[from] item: Leftovers\n|-damage|p2a: Palossand|88\/100 psn|[from] psn\n|upkeep\n|turn|34\n|c| ActualIy God|good thing you put EVs in accuracy\n|c|\u2606actually god|LMAO\n|c|\u2606actually god|what if that was a thing\n|c|\u2606actually god|i'd stop playing mons\n|c|\u2606BugCatcherWeevil|yeah all 512\n|\n|t:|1598783327\n|move|p1a: Lickilicky|Protect|p1a: Lickilicky\n|-singleturn|p1a: Lickilicky|Protect\n|move|p2a: Palossand|Toxic|p1a: Lickilicky\n|-activate|p1a: Lickilicky|move: Protect\n|\n|-heal|p1a: Lickilicky|100\/100|[from] move: Wish|[wisher] Lickilicky\n|-heal|p2a: Palossand|94\/100 psn|[from] item: Leftovers\n|-damage|p2a: Palossand|82\/100 psn|[from] psn\n|upkeep\n|turn|35\n|\n|t:|1598783343\n|switch|p1a: Roserade|Roserade, M|100\/100\n|-damage|p1a: Roserade|88\/100|[from] Stealth Rock\n|switch|p2a: Charizard|Charizard-Mega-X, F|76\/100\n|-status|p2a: Charizard|psn\n|\n|-heal|p1a: Roserade|94\/100|[from] item: Black Sludge\n|-damage|p2a: Charizard|64\/100 psn|[from] psn\n|upkeep\n|turn|36\n|\n|t:|1598783352\n|switch|p1a: Lickilicky|Lickilicky, M|100\/100\n|-damage|p1a: Lickilicky|88\/100|[from] Stealth Rock\n|move|p2a: Charizard|Fire Punch|p1a: Lickilicky\n|-damage|p1a: Lickilicky|57\/100\n|\n|-heal|p1a: Lickilicky|63\/100|[from] item: Leftovers\n|-damage|p2a: Charizard|51\/100 psn|[from] psn\n|upkeep\n|turn|37\n|c| ActualIy God|>no burn\n|c| ActualIy God|>hax\n|\n|t:|1598783366\n|move|p2a: Charizard|Fire Punch|p1a: Lickilicky\n|-damage|p1a: Lickilicky|34\/100\n|move|p1a: Lickilicky|Wish|p1a: Lickilicky\n|\n|-heal|p1a: Lickilicky|40\/100|[from] item: Leftovers\n|-damage|p2a: Charizard|39\/100 psn|[from] psn\n|upkeep\n|turn|38\n|c|\u2606actually god|i shoulda brought flare blitz\n|c|\u2606actually god|sigh\n|\n|t:|1598783385\n|move|p1a: Lickilicky|Protect|p1a: Lickilicky\n|-singleturn|p1a: Lickilicky|Protect\n|move|p2a: Charizard|Dragon Dance|p2a: Charizard\n|-boost|p2a: Charizard|atk|1\n|-boost|p2a: Charizard|spe|1\n|\n|-heal|p1a: Lickilicky|90\/100|[from] move: Wish|[wisher] Lickilicky\n|-heal|p1a: Lickilicky|96\/100|[from] item: Leftovers\n|-damage|p2a: Charizard|26\/100 psn|[from] psn\n|upkeep\n|turn|39\n|c| ActualIy God|VIK DD HERE to ASSERT DOMINANCE\n|c| ActualIy God|YES\n|c| ActualIy God|Super crit incoming\n|c|\u2606actually god|dominance asserted\n|c|\u2606actually god|jonas please click x\n|c|\u2606BugCatcherWeevil|yeah flare blitz has a 0.4 chance to 2ko this set even though its max max\n|\n|t:|1598783418\n|move|p2a: Charizard|Dragon Claw|p1a: Lickilicky\n|-damage|p1a: Lickilicky|47\/100\n|move|p1a: Lickilicky|Wish|p1a: Lickilicky\n|\n|-heal|p1a: Lickilicky|53\/100|[from] item: Leftovers\n|-damage|p2a: Charizard|14\/100 psn|[from] psn\n|upkeep\n|turn|40\n|c|\u2606actually god|i shoulda brought brick break lol\n|\n|t:|1598783437\n|move|p1a: Lickilicky|Protect|p1a: Lickilicky\n|-singleturn|p1a: Lickilicky|Protect\n|move|p2a: Charizard|Dragon Dance|p2a: Charizard\n|-boost|p2a: Charizard|atk|1\n|-boost|p2a: Charizard|spe|1\n|\n|-heal|p1a: Lickilicky|100\/100|[from] move: Wish|[wisher] Lickilicky\n|-damage|p2a: Charizard|2\/100 psn|[from] psn\n|upkeep\n|turn|41\n|c| ActualIy God|BOOM\n|c| ActualIy God|LETS GO\n|c|\u2606actually god|okay\n|c|\u2606actually god|i can crit\n|c| ActualIy God|DOMINANCE ASSERTED\n|c|\u2606actually god|lets go crit\n|\n|t:|1598783459\n|move|p2a: Charizard|Fire Punch|p1a: Lickilicky\n|-damage|p1a: Lickilicky|43\/100\n|move|p1a: Lickilicky|Wish|p1a: Lickilicky\n|\n|-heal|p1a: Lickilicky|49\/100|[from] item: Leftovers\n|-damage|p2a: Charizard|0 fnt|[from] psn\n|faint|p2a: Charizard\n|upkeep\n|c|\u2606actually god|>no crit\n|c| ActualIy God|why did you fire punch\n|c|\u2606actually god|why play this shitty game\n|c| ActualIy God|you scrub\n|c|\u2606actually god|i thought hell sacc zone lul\n|\n|t:|1598783477\n|switch|p2a: Slowbro|Slowbro, M|100\/100 tox\n|turn|42\n|c| ActualIy God|why tf would he do that\n|\n|t:|1598783486\n|switch|p1a: Magnezone|Magnezone|100\/100\n|-damage|p1a: Magnezone|94\/100|[from] Stealth Rock\n|move|p2a: Slowbro|Scald|p1a: Magnezone\n|-damage|p1a: Magnezone|76\/100\n|\n|-heal|p1a: Magnezone|100\/100|[from] move: Wish|[wisher] Lickilicky\n|-damage|p2a: Slowbro|94\/100 tox|[from] psn\n|upkeep\n|turn|43\n|\n|t:|1598783509\n|move|p1a: Magnezone|Flash Cannon|p2a: Slowbro\n|-resisted|p2a: Slowbro\n|-damage|p2a: Slowbro|71\/100 tox\n|move|p2a: Slowbro|Flamethrower|p1a: Magnezone\n|-supereffective|p1a: Magnezone\n|-damage|p1a: Magnezone|71\/100\n|-status|p1a: Magnezone|brn\n|\n|-damage|p1a: Magnezone|65\/100 brn|[from] brn\n|-damage|p2a: Slowbro|59\/100 tox|[from] psn\n|upkeep\n|turn|44\n|c|\u2606actually god|now i burn\n|c|\u2606actually god|guys im retiring mons after this tourney is over\n|\n|t:|1598783531\n|move|p1a: Magnezone|Flash Cannon|p2a: Slowbro\n|-resisted|p2a: Slowbro\n|-crit|p2a: Slowbro\n|-damage|p2a: Slowbro|20\/100 tox\n|move|p2a: Slowbro|Teleport|p2a: Slowbro\n|\n|t:|1598783534\n|switch|p2a: Palossand|Palossand, F|82\/100 psn|[from]move: Teleport\n|\n|-heal|p2a: Palossand|88\/100 psn|[from] item: Leftovers\n|-damage|p1a: Magnezone|59\/100 brn|[from] brn\n|-damage|p2a: Palossand|76\/100 psn|[from] psn\n|upkeep\n|turn|45\n|c| ActualIy God|as you should\n|\n|t:|1598783544\n|switch|p1a: Roserade|Roserade, M|94\/100\n|-damage|p1a: Roserade|82\/100|[from] Stealth Rock\n|move|p2a: Palossand|Scorching Sands|p1a: Roserade\n|-damage|p1a: Roserade|61\/100\n|\n|-heal|p1a: Roserade|67\/100|[from] item: Black Sludge\n|-heal|p2a: Palossand|82\/100 psn|[from] item: Leftovers\n|-damage|p2a: Palossand|70\/100 psn|[from] psn\n|upkeep\n|turn|46\n|c| Aligax|cool\n|c| Aligax|when you coming back ?\n|c| Aligax|two days later ?\n|\n|t:|1598783558\n|move|p1a: Roserade|Sludge Bomb|p2a: Palossand\n|-resisted|p2a: Palossand\n|-damage|p2a: Palossand|59\/100 psn\n|move|p2a: Palossand|Scorching Sands|p1a: Roserade\n|-damage|p1a: Roserade|45\/100\n|\n|-heal|p1a: Roserade|51\/100|[from] item: Black Sludge\n|-heal|p2a: Palossand|65\/100 psn|[from] item: Leftovers\n|-damage|p2a: Palossand|53\/100 psn|[from] psn\n|upkeep\n|turn|47\n|\n|t:|1598783568\n|move|p1a: Roserade|Synthesis|p1a: Roserade\n|-heal|p1a: Roserade|100\/100\n|move|p2a: Palossand|Shore Up|p2a: Palossand\n|-heal|p2a: Palossand|100\/100 psn\n|\n|-damage|p2a: Palossand|88\/100 psn|[from] psn\n|upkeep\n|turn|48\n|c| ActualIy God|>lets opponenet set up primarina\n|\n|t:|1598783576\n|move|p1a: Roserade|Hidden Power|p2a: Palossand\n|-damage|p2a: Palossand|61\/100 psn\n|move|p2a: Palossand|Scorching Sands|p1a: Roserade\n|-damage|p1a: Roserade|79\/100\n|-status|p1a: Roserade|brn\n|\n|-heal|p1a: Roserade|85\/100 brn|[from] item: Black Sludge\n|-heal|p2a: Palossand|67\/100 psn|[from] item: Leftovers\n|-damage|p1a: Roserade|79\/100 brn|[from] brn\n|-damage|p2a: Palossand|55\/100 psn|[from] psn\n|upkeep\n|turn|49\n|c|\u2606actually god|>lets\n|c| ActualIy God|>for no reason\n|\n|t:|1598783591\n|move|p1a: Roserade|Hidden Power|p2a: Palossand\n|-damage|p2a: Palossand|25\/100 psn\n|move|p2a: Palossand|Shore Up|p2a: Palossand\n|-heal|p2a: Palossand|75\/100 psn\n|\n|-heal|p1a: Roserade|85\/100 brn|[from] item: Black Sludge\n|-heal|p2a: Palossand|82\/100 psn|[from] item: Leftovers\n|-damage|p1a: Roserade|79\/100 brn|[from] brn\n|-damage|p2a: Palossand|69\/100 psn|[from] psn\n|upkeep\n|turn|50\n|\n|t:|1598783601\n|move|p1a: Roserade|Hidden Power|p2a: Palossand\n|-damage|p2a: Palossand|40\/100 psn\n|move|p2a: Palossand|Shore Up|p2a: Palossand\n|-heal|p2a: Palossand|90\/100 psn\n|\n|-heal|p1a: Roserade|85\/100 brn|[from] item: Black Sludge\n|-heal|p2a: Palossand|96\/100 psn|[from] item: Leftovers\n|-damage|p1a: Roserade|79\/100 brn|[from] brn\n|-damage|p2a: Palossand|84\/100 psn|[from] psn\n|upkeep\n|turn|51\n|\n|t:|1598783612\n|switch|p2a: Slowbro|Slowbro, M|53\/100 tox\n|move|p1a: Roserade|Sludge Bomb|p2a: Slowbro\n|-damage|p2a: Slowbro|12\/100 tox\n|\n|-heal|p1a: Roserade|85\/100 brn|[from] item: Black Sludge\n|-damage|p1a: Roserade|79\/100 brn|[from] brn\n|-damage|p2a: Slowbro|6\/100 tox|[from] psn\n|upkeep\n|turn|52\n|c| ActualIy God|predicted\n|c| ActualIy God|wow\n|c| ActualIy God|Vik\n|\n|t:|1598783626\n|switch|p2a: Palossand|Palossand, F|84\/100 psn\n|move|p1a: Roserade|Sludge Bomb|p2a: Palossand\n|-resisted|p2a: Palossand\n|-damage|p2a: Palossand|73\/100 psn\n|\n|-heal|p1a: Roserade|85\/100 brn|[from] item: Black Sludge\n|-heal|p2a: Palossand|79\/100 psn|[from] item: Leftovers\n|-damage|p1a: Roserade|79\/100 brn|[from] brn\n|-damage|p2a: Palossand|67\/100 psn|[from] psn\n|upkeep\n|turn|53\n|c|\u2606actually god|get EVd\n|\n|t:|1598783638\n|move|p1a: Roserade|Hidden Power|p2a: Palossand\n|-damage|p2a: Palossand|39\/100 psn\n|move|p2a: Palossand|Scorching Sands|p1a: Roserade\n|-damage|p1a: Roserade|57\/100 brn\n|\n|-heal|p1a: Roserade|64\/100 brn|[from] item: Black Sludge\n|-heal|p2a: Palossand|45\/100 psn|[from] item: Leftovers\n|-damage|p1a: Roserade|57\/100 brn|[from] brn\n|-damage|p2a: Palossand|33\/100 psn|[from] psn\n|upkeep\n|turn|54\n|\n|t:|1598783652\n|move|p1a: Roserade|Hidden Power|p2a: Palossand\n|-damage|p2a: Palossand|4\/100 psn\n|move|p2a: Palossand|Shore Up|p2a: Palossand\n|-heal|p2a: Palossand|54\/100 psn\n|\n|-heal|p1a: Roserade|64\/100 brn|[from] item: Black Sludge\n|-heal|p2a: Palossand|60\/100 psn|[from] item: Leftovers\n|-damage|p1a: Roserade|57\/100 brn|[from] brn\n|-damage|p2a: Palossand|48\/100 psn|[from] psn\n|upkeep\n|turn|55\n|\n|t:|1598783663\n|switch|p1a: Lickilicky|Lickilicky, M|49\/100\n|-damage|p1a: Lickilicky|37\/100|[from] Stealth Rock\n|move|p2a: Palossand|Shore Up|p2a: Palossand\n|-heal|p2a: Palossand|98\/100 psn\n|\n|-heal|p1a: Lickilicky|43\/100|[from] item: Leftovers\n|-heal|p2a: Palossand|100\/100 psn|[from] item: Leftovers\n|-damage|p2a: Palossand|88\/100 psn|[from] psn\n|upkeep\n|turn|56\n|\n|t:|1598783673\n|move|p1a: Lickilicky|Wish|p1a: Lickilicky\n|move|p2a: Palossand|Toxic|p1a: Lickilicky\n|-status|p1a: Lickilicky|tox\n|\n|-heal|p1a: Lickilicky|49\/100 tox|[from] item: Leftovers\n|-heal|p2a: Palossand|94\/100 psn|[from] item: Leftovers\n|-damage|p1a: Lickilicky|43\/100 tox|[from] psn\n|-damage|p2a: Palossand|82\/100 psn|[from] psn\n|upkeep\n|turn|57\n|\n|t:|1598783686\n|move|p1a: Lickilicky|Seismic Toss|p2a: Palossand\n|-immune|p2a: Palossand\n|move|p2a: Palossand|Scorching Sands|p1a: Lickilicky\n|-damage|p1a: Lickilicky|22\/100 tox\n|\n|-heal|p1a: Lickilicky|72\/100 tox|[from] move: Wish|[wisher] Lickilicky\n|-heal|p1a: Lickilicky|78\/100 tox|[from] item: Leftovers\n|-heal|p2a: Palossand|88\/100 psn|[from] item: Leftovers\n|-damage|p1a: Lickilicky|66\/100 tox|[from] psn\n|-damage|p2a: Palossand|76\/100 psn|[from] psn\n|upkeep\n|turn|58\n|\n|t:|1598783699\n|switch|p2a: Slowbro|Slowbro, M|39\/100 tox\n|move|p1a: Lickilicky|Wish|p1a: Lickilicky\n|\n|-heal|p1a: Lickilicky|72\/100 tox|[from] item: Leftovers\n|-damage|p1a: Lickilicky|54\/100 tox|[from] psn\n|-damage|p2a: Slowbro|33\/100 tox|[from] psn\n|upkeep\n|turn|59\n|\n|t:|1598783706\n|switch|p1a: Magnezone|Magnezone|59\/100 brn\n|-damage|p1a: Magnezone|53\/100 brn|[from] Stealth Rock\n|move|p2a: Slowbro|Slack Off|p2a: Slowbro\n|-heal|p2a: Slowbro|83\/100 tox\n|\n|-heal|p1a: Magnezone|100\/100 brn|[from] move: Wish|[wisher] Lickilicky\n|-damage|p1a: Magnezone|94\/100 brn|[from] brn\n|-damage|p2a: Slowbro|71\/100 tox|[from] psn\n|upkeep\n|turn|60\n|\n|t:|1598783718\n|move|p1a: Magnezone|Flash Cannon|p2a: Slowbro\n|-resisted|p2a: Slowbro\n|-damage|p2a: Slowbro|46\/100 tox\n|move|p2a: Slowbro|Flamethrower|p1a: Magnezone\n|-supereffective|p1a: Magnezone\n|-damage|p1a: Magnezone|65\/100 brn\n|\n|-damage|p1a: Magnezone|59\/100 brn|[from] brn\n|-damage|p2a: Slowbro|28\/100 tox|[from] psn\n|upkeep\n|turn|61\n|c|\u2606actually god|lmao\n|\n|t:|1598783727\n|move|p1a: Magnezone|Volt Switch|p2a: Slowbro\n|-supereffective|p2a: Slowbro\n|-damage|p2a: Slowbro|0 fnt\n|faint|p2a: Slowbro\n|c| ActualIy God|jonas is doing the absolute most to keep differential\n|\n|t:|1598783735\n|switch|p1a: Lickilicky|Lickilicky, M|54\/100 tox|[from]move: Volt Switch\n|-damage|p1a: Lickilicky|41\/100 tox|[from] Stealth Rock\n|\n|-heal|p1a: Lickilicky|47\/100 tox|[from] item: Leftovers\n|-damage|p1a: Lickilicky|41\/100 tox|[from] psn\n|upkeep\n|\n|t:|1598783739\n|switch|p2a: Palossand|Palossand, F|76\/100 psn\n|turn|62\n|c|\u2606actually god|ok palossand sweep lets go\n|\n|t:|1598783746\n|move|p1a: Lickilicky|Wish|p1a: Lickilicky\n|move|p2a: Palossand|Scorching Sands|p1a: Lickilicky\n|-damage|p1a: Lickilicky|21\/100 tox\n|\n|-heal|p1a: Lickilicky|27\/100 tox|[from] item: Leftovers\n|-heal|p2a: Palossand|82\/100 psn|[from] item: Leftovers\n|-damage|p1a: Lickilicky|15\/100 tox|[from] psn\n|-damage|p2a: Palossand|70\/100 psn|[from] psn\n|upkeep\n|turn|63\n|\n|t:|1598783761\n|move|p1a: Lickilicky|Protect|p1a: Lickilicky\n|-singleturn|p1a: Lickilicky|Protect\n|move|p2a: Palossand|Scorching Sands|p1a: Lickilicky\n|-activate|p1a: Lickilicky|move: Protect\n|\n|-heal|p1a: Lickilicky|65\/100 tox|[from] move: Wish|[wisher] Lickilicky\n|-heal|p1a: Lickilicky|71\/100 tox|[from] item: Leftovers\n|-heal|p2a: Palossand|76\/100 psn|[from] item: Leftovers\n|-damage|p1a: Lickilicky|53\/100 tox|[from] psn\n|-damage|p2a: Palossand|64\/100 psn|[from] psn\n|upkeep\n|turn|64\n|c| Aligax|>Palossand reveals Aromatherapy\n|\n|t:|1598783776\n|switch|p1a: Roserade|Roserade, M|57\/100 brn\n|-damage|p1a: Roserade|45\/100 brn|[from] Stealth Rock\n|move|p2a: Palossand|Stealth Rock||[still]\n|-fail|p2a: Palossand\n|\n|-heal|p1a: Roserade|51\/100 brn|[from] item: Black Sludge\n|-heal|p2a: Palossand|70\/100 psn|[from] item: Leftovers\n|-damage|p1a: Roserade|45\/100 brn|[from] brn\n|-damage|p2a: Palossand|57\/100 psn|[from] psn\n|upkeep\n|turn|65\n|\n|t:|1598783787\n|move|p1a: Roserade|Synthesis|p1a: Roserade\n|-heal|p1a: Roserade|95\/100 brn\n|move|p2a: Palossand|Shore Up|p2a: Palossand\n|-heal|p2a: Palossand|100\/100 psn\n|\n|-heal|p1a: Roserade|100\/100 brn|[from] item: Black Sludge\n|-damage|p1a: Roserade|94\/100 brn|[from] brn\n|-damage|p2a: Palossand|88\/100 psn|[from] psn\n|upkeep\n|turn|66\n|\n|t:|1598783798\n|move|p1a: Roserade|Hidden Power|p2a: Palossand\n|-damage|p2a: Palossand|60\/100 psn\n|move|p2a: Palossand|Scorching Sands|p1a: Roserade\n|-damage|p1a: Roserade|74\/100 brn\n|\n|-heal|p1a: Roserade|80\/100 brn|[from] item: Black Sludge\n|-heal|p2a: Palossand|66\/100 psn|[from] item: Leftovers\n|-damage|p1a: Roserade|74\/100 brn|[from] brn\n|-damage|p2a: Palossand|53\/100 psn|[from] psn\n|upkeep\n|turn|67\n|\n|t:|1598783816\n|move|p1a: Roserade|Hidden Power|p2a: Palossand\n|-damage|p2a: Palossand|27\/100 psn\n|move|p2a: Palossand|Scorching Sands|p1a: Roserade\n|-damage|p1a: Roserade|52\/100 brn\n|\n|-heal|p1a: Roserade|58\/100 brn|[from] item: Black Sludge\n|-heal|p2a: Palossand|33\/100 psn|[from] item: Leftovers\n|-damage|p1a: Roserade|52\/100 brn|[from] brn\n|-damage|p2a: Palossand|21\/100 psn|[from] psn\n|upkeep\n|turn|68\n|c|\u2606actually god|gg\n|c| Aligax|gg\n|\n|t:|1598783827\n|move|p1a: Roserade|Hidden Power|p2a: Palossand\n|-damage|p2a: Palossand|0 fnt\n|faint|p2a: Palossand\n|\n|win|BugCatcherWeevil\n|c| ActualIy God|gg guys\n|c|\u2606BugCatcherWeevil|gg\n|l| Aligax\n|c| ActualIy God|WAIT\n|c|\u2606BugCatcherWeevil|anticlimatic ending\n|c| ActualIy God|WHY DIDNT YOU GUYS LET IT GO TO TURN 69\n|c| ActualIy God|GOD DAMMIT\n|c|\u2606actually god|LOL\n|c|\u2606BugCatcherWeevil|shame lol\n|l|\u2606actually god\n|c|\u2606BugCatcherWeevil|it really was a shame the multank set didnt pay off\n|c| ActualIy God|I agree :(\n|c| ActualIy God|gg guys\n|l| ActualIy God\n","uploadtime":1598783874,"views":77,"p1id":"bugcatcherweevil","p2id":"actuallygod","formatid":"gen8nationaldexag","rating":0,"private":0,"password":null}