{"id":"gen8nationaldex-1584281814","p1":"TestingTesting1","p2":"FIRE LORD AESON!","format":"gen8nationaldex","log":"|j|\u2606TestingTesting1\n|j|\u2606FIRE LORD AESON!\n|t:|1653692601\n|gametype|singles\n|player|p1|TestingTesting1|101|1624\n|player|p2|FIRE LORD AESON!|red-gen1|1927\n|teamsize|p1|6\n|teamsize|p2|6\n|gen|8\n|tier|[Gen 8] National Dex\n|rated|\n|rule|HP Percentage Mod: HP is shown in percentages\n|rule|Endless Battle Clause: Forcing endless battles is banned\n|rule|OHKO Clause: OHKO moves are banned\n|rule|Evasion Moves Clause: Evasion moves are banned\n|rule|Species Clause: Limit one of each Pok\u00e9mon\n|rule|Dynamax Clause: You cannot dynamax\n|rule|Sleep Clause Mod: Limit one foe put to sleep\n|clearpoke\n|poke|p1|Blacephalon|\n|poke|p1|Sharpedo, M|\n|poke|p1|Tapu Lele|\n|poke|p1|Landorus-Therian, M|\n|poke|p1|Ferrothorn, M|\n|poke|p1|Rotom-Wash|\n|poke|p2|Infernape, M|\n|poke|p2|Torkoal, M|\n|poke|p2|Heatran, F|\n|poke|p2|Victini|\n|poke|p2|Volcanion|\n|poke|p2|Charizard, M|\n|teampreview\n|\n|t:|1653692631\n|start\n|switch|p1a: Tapu Lele|Tapu Lele|100\/100\n|switch|p2a: \u2600\ufe0fMASTER SENSEI\u2600\ufe0f|Torkoal, M|100\/100\n|-fieldstart|move: Psychic Terrain|[from] ability: Psychic Surge|[of] p1a: Tapu Lele\n|-weather|SunnyDay|[from] ability: Drought|[of] p2a: \u2600\ufe0fMASTER SENSEI\u2600\ufe0f\n|turn|1\n|\n|t:|1653692639\n|move|p1a: Tapu Lele|Psyshock|p2a: \u2600\ufe0fMASTER SENSEI\u2600\ufe0f\n|-damage|p2a: \u2600\ufe0fMASTER SENSEI\u2600\ufe0f|47\/100\n|move|p2a: \u2600\ufe0fMASTER SENSEI\u2600\ufe0f|Stealth Rock|p1a: Tapu Lele\n|-sidestart|p1: TestingTesting1|move: Stealth Rock\n|\n|-weather|SunnyDay|[upkeep]\n|upkeep\n|turn|2\n|\n|t:|1653692658\n|switch|p2a: \u2600\ufe0f SERENDIPITY \u2600\ufe0f|Victini|100\/100\n|move|p1a: Tapu Lele|Psyshock|p2a: \u2600\ufe0f SERENDIPITY \u2600\ufe0f\n|-resisted|p2a: \u2600\ufe0f SERENDIPITY \u2600\ufe0f\n|-damage|p2a: \u2600\ufe0f SERENDIPITY \u2600\ufe0f|64\/100\n|\n|-weather|SunnyDay|[upkeep]\n|upkeep\n|turn|3\n|\n|t:|1653692668\n|switch|p1a: Ferrothorn|Ferrothorn, M|100\/100\n|-damage|p1a: Ferrothorn|94\/100|[from] Stealth Rock\n|move|p2a: \u2600\ufe0f SERENDIPITY \u2600\ufe0f|Trick Room|p2a: \u2600\ufe0f SERENDIPITY \u2600\ufe0f\n|-fieldstart|move: Trick Room|[of] p2a: \u2600\ufe0f SERENDIPITY \u2600\ufe0f\n|\n|-weather|SunnyDay|[upkeep]\n|-heal|p1a: Ferrothorn|100\/100|[from] item: Leftovers\n|upkeep\n|turn|4\n|\n|t:|1653692675\n|move|p1a: Ferrothorn|Stealth Rock|p2a: \u2600\ufe0f SERENDIPITY \u2600\ufe0f\n|-sidestart|p2: FIRE LORD AESON!|move: Stealth Rock\n|move|p2a: \u2600\ufe0f SERENDIPITY \u2600\ufe0f|V-create|p1a: Ferrothorn\n|-supereffective|p1a: Ferrothorn\n|-damage|p1a: Ferrothorn|0 fnt\n|-unboost|p2a: \u2600\ufe0f SERENDIPITY \u2600\ufe0f|spe|1\n|-unboost|p2a: \u2600\ufe0f SERENDIPITY \u2600\ufe0f|def|1\n|-unboost|p2a: \u2600\ufe0f SERENDIPITY \u2600\ufe0f|spd|1\n|-damage|p2a: \u2600\ufe0f SERENDIPITY \u2600\ufe0f|52\/100|[from] ability: Iron Barbs|[of] p1a: Ferrothorn\n|faint|p1a: Ferrothorn\n|\n|-weather|SunnyDay|[upkeep]\n|upkeep\n|\n|t:|1653692687\n|switch|p1a: Landorus|Landorus-Therian, M|100\/100\n|-damage|p1a: Landorus|88\/100|[from] Stealth Rock\n|-ability|p1a: Landorus|Intimidate|boost\n|-unboost|p2a: \u2600\ufe0f SERENDIPITY \u2600\ufe0f|atk|1\n|turn|5\n|\n|t:|1653692692\n|switch|p1a: Rotom|Rotom-Wash|100\/100\n|-damage|p1a: Rotom|88\/100|[from] Stealth Rock\n|move|p2a: \u2600\ufe0f SERENDIPITY \u2600\ufe0f|V-create|p1a: Rotom\n|-resisted|p1a: Rotom\n|-damage|p1a: Rotom|54\/100\n|-unboost|p2a: \u2600\ufe0f SERENDIPITY \u2600\ufe0f|spe|1\n|-unboost|p2a: \u2600\ufe0f SERENDIPITY \u2600\ufe0f|def|1\n|-unboost|p2a: \u2600\ufe0f SERENDIPITY \u2600\ufe0f|spd|1\n|\n|-weather|SunnyDay|[upkeep]\n|-heal|p1a: Rotom|60\/100|[from] item: Leftovers\n|-fieldend|move: Psychic Terrain\n|upkeep\n|turn|6\n|\n|t:|1653692708\n|move|p2a: \u2600\ufe0f SERENDIPITY \u2600\ufe0f|Zen Headbutt|p1a: Rotom\n|-damage|p1a: Rotom|38\/100\n|move|p1a: Rotom|Volt Switch|p2a: \u2600\ufe0f SERENDIPITY \u2600\ufe0f\n|-damage|p2a: \u2600\ufe0f SERENDIPITY \u2600\ufe0f|7\/100\n|-enditem|p2a: \u2600\ufe0f SERENDIPITY \u2600\ufe0f|Aguav Berry|[eat]\n|-heal|p2a: \u2600\ufe0f SERENDIPITY \u2600\ufe0f|40\/100|[from] item: Aguav Berry\n|\n|t:|1653692718\n|switch|p1a: Landorus|Landorus-Therian, M|88\/100|[from]move: Volt Switch\n|-damage|p1a: Landorus|76\/100|[from] Stealth Rock\n|-ability|p1a: Landorus|Intimidate|boost\n|-unboost|p2a: \u2600\ufe0f SERENDIPITY \u2600\ufe0f|atk|1\n|\n|-weather|SunnyDay|[upkeep]\n|upkeep\n|turn|7\n|\n|t:|1653692727\n|switch|p1a: Rotom|Rotom-Wash|38\/100\n|-damage|p1a: Rotom|26\/100|[from] Stealth Rock\n|move|p2a: \u2600\ufe0f SERENDIPITY \u2600\ufe0f|V-create|p1a: Rotom\n|-resisted|p1a: Rotom\n|-damage|p1a: Rotom|0 fnt\n|-unboost|p2a: \u2600\ufe0f SERENDIPITY \u2600\ufe0f|spe|1\n|-unboost|p2a: \u2600\ufe0f SERENDIPITY \u2600\ufe0f|def|1\n|-unboost|p2a: \u2600\ufe0f SERENDIPITY \u2600\ufe0f|spd|1\n|faint|p1a: Rotom\n|\n|-weather|SunnyDay|[upkeep]\n|-fieldend|move: Trick Room\n|upkeep\n|\n|t:|1653692737\n|switch|p1a: Blacephalon|Blacephalon|100\/100\n|-damage|p1a: Blacephalon|76\/100|[from] Stealth Rock\n|turn|8\n|\n|t:|1653692742\n|switch|p2a: \ud83d\udd25BDSM > BDSP\ud83d\udd25|Heatran, F|100\/100\n|-damage|p2a: \ud83d\udd25BDSM > BDSP\ud83d\udd25|88\/100|[from] Stealth Rock\n|-item|p2a: \ud83d\udd25BDSM > BDSP\ud83d\udd25|Air Balloon\n|move|p1a: Blacephalon|Calm Mind|p1a: Blacephalon\n|-boost|p1a: Blacephalon|spa|1\n|-boost|p1a: Blacephalon|spd|1\n|\n|-weather|none\n|upkeep\n|turn|9\n|\n|t:|1653692752\n|move|p1a: Blacephalon|Calm Mind|p1a: Blacephalon\n|-boost|p1a: Blacephalon|spa|1\n|-boost|p1a: Blacephalon|spd|1\n|move|p2a: \ud83d\udd25BDSM > BDSP\ud83d\udd25|Earth Power|p1a: Blacephalon\n|-supereffective|p1a: Blacephalon\n|-damage|p1a: Blacephalon|32\/100\n|\n|upkeep\n|turn|10\n|\n|t:|1653692766\n|-zpower|p1a: Blacephalon\n|move|p1a: Blacephalon|Never-Ending Nightmare|p2a: \ud83d\udd25BDSM > BDSP\ud83d\udd25|[zeffect]\n|-damage|p2a: \ud83d\udd25BDSM > BDSP\ud83d\udd25|0 fnt\n|-enditem|p2a: \ud83d\udd25BDSM > BDSP\ud83d\udd25|Air Balloon\n|faint|p2a: \ud83d\udd25BDSM > BDSP\ud83d\udd25\n|-ability|p1a: Blacephalon|Beast Boost|boost\n|-boost|p1a: Blacephalon|spe|1\n|\n|upkeep\n|\n|t:|1653692800\n|switch|p2a: Infernape|Infernape, M|100\/100\n|-damage|p2a: Infernape|88\/100|[from] Stealth Rock\n|turn|11\n|\n|t:|1653692805\n|move|p2a: Infernape|Stone Edge|p1a: Blacephalon\n|-supereffective|p1a: Blacephalon\n|-damage|p1a: Blacephalon|0 fnt\n|faint|p1a: Blacephalon\n|\n|upkeep\n|\n|t:|1653692812\n|switch|p1a: Landorus|Landorus-Therian, M|76\/100\n|-damage|p1a: Landorus|64\/100|[from] Stealth Rock\n|-ability|p1a: Landorus|Intimidate|boost\n|-unboost|p2a: Infernape|atk|1\n|turn|12\n|\n|t:|1653692820\n|switch|p2a: \u2600\ufe0fMASTER SENSEI\u2600\ufe0f|Torkoal, M|47\/100\n|-damage|p2a: \u2600\ufe0fMASTER SENSEI\u2600\ufe0f|22\/100|[from] Stealth Rock\n|-weather|SunnyDay|[from] ability: Drought|[of] p2a: \u2600\ufe0fMASTER SENSEI\u2600\ufe0f\n|move|p1a: Landorus|Stone Edge|p2a: \u2600\ufe0fMASTER SENSEI\u2600\ufe0f\n|-supereffective|p2a: \u2600\ufe0fMASTER SENSEI\u2600\ufe0f\n|-crit|p2a: \u2600\ufe0fMASTER SENSEI\u2600\ufe0f\n|-damage|p2a: \u2600\ufe0fMASTER SENSEI\u2600\ufe0f|0 fnt\n|faint|p2a: \u2600\ufe0fMASTER SENSEI\u2600\ufe0f\n|\n|-weather|SunnyDay|[upkeep]\n|upkeep\n|\n|t:|1653692882\n|switch|p2a: Infernape|Infernape, M|88\/100\n|-damage|p2a: Infernape|76\/100|[from] Stealth Rock\n|turn|13\n|\n|t:|1653692887\n|switch|p1a: Tapu Lele|Tapu Lele|100\/100\n|-damage|p1a: Tapu Lele|88\/100|[from] Stealth Rock\n|-fieldstart|move: Psychic Terrain|[from] ability: Psychic Surge|[of] p1a: Tapu Lele\n|move|p2a: Infernape|Flare Blitz|p1a: Tapu Lele\n|-damage|p1a: Tapu Lele|0 fnt\n|faint|p1a: Tapu Lele\n|-damage|p2a: Infernape|48\/100|[from] Recoil\n|\n|-weather|SunnyDay|[upkeep]\n|upkeep\n|\n|t:|1653692896\n|switch|p1a: Landorus|Landorus-Therian, M|64\/100\n|-damage|p1a: Landorus|52\/100|[from] Stealth Rock\n|-ability|p1a: Landorus|Intimidate|boost\n|-unboost|p2a: Infernape|atk|1\n|turn|14\n|\n|t:|1653692902\n|switch|p2a: \ud83d\udd25JACUZZI\ud83d\udd25|Volcanion|100\/100\n|-damage|p2a: \ud83d\udd25JACUZZI\ud83d\udd25|76\/100|[from] Stealth Rock\n|-item|p2a: \ud83d\udd25JACUZZI\ud83d\udd25|Air Balloon\n|move|p1a: Landorus|U-turn|p2a: \ud83d\udd25JACUZZI\ud83d\udd25\n|-resisted|p2a: \ud83d\udd25JACUZZI\ud83d\udd25\n|-damage|p2a: \ud83d\udd25JACUZZI\ud83d\udd25|67\/100\n|-enditem|p2a: \ud83d\udd25JACUZZI\ud83d\udd25|Air Balloon\n|\n|t:|1653692910\n|switch|p1a: Sharpedo|Sharpedo, M|100\/100|[from]move: U-turn\n|-damage|p1a: Sharpedo|88\/100|[from] Stealth Rock\n|\n|-weather|SunnyDay|[upkeep]\n|upkeep\n|turn|15\n|\n|t:|1653692920\n|move|p1a: Sharpedo|Crunch|p2a: \ud83d\udd25JACUZZI\ud83d\udd25\n|-damage|p2a: \ud83d\udd25JACUZZI\ud83d\udd25|39\/100\n|move|p2a: \ud83d\udd25JACUZZI\ud83d\udd25|Flare Blitz|p1a: Sharpedo\n|-resisted|p1a: Sharpedo\n|-damage|p1a: Sharpedo|7\/100\n|-damage|p2a: \ud83d\udd25JACUZZI\ud83d\udd25|18\/100|[from] Recoil\n|\n|-weather|SunnyDay|[upkeep]\n|-ability|p1a: Sharpedo|Speed Boost|boost\n|-boost|p1a: Sharpedo|spe|1\n|upkeep\n|turn|16\n|\n|t:|1653692929\n|move|p1a: Sharpedo|Crunch|p2a: \ud83d\udd25JACUZZI\ud83d\udd25\n|-damage|p2a: \ud83d\udd25JACUZZI\ud83d\udd25|0 fnt\n|faint|p2a: \ud83d\udd25JACUZZI\ud83d\udd25\n|\n|-weather|SunnyDay|[upkeep]\n|-ability|p1a: Sharpedo|Speed Boost|boost\n|-boost|p1a: Sharpedo|spe|1\n|upkeep\n|\n|t:|1653692950\n|switch|p2a: Infernape|Infernape, M|48\/100\n|-damage|p2a: Infernape|36\/100|[from] Stealth Rock\n|turn|17\n|\n|t:|1653692955\n|move|p1a: Sharpedo|Protect|p1a: Sharpedo\n|-singleturn|p1a: Sharpedo|Protect\n|move|p2a: Infernape|Flare Blitz|p1a: Sharpedo\n|-activate|p1a: Sharpedo|move: Protect\n|\n|-weather|SunnyDay|[upkeep]\n|-fieldend|move: Psychic Terrain\n|-ability|p1a: Sharpedo|Speed Boost|boost\n|-boost|p1a: Sharpedo|spe|1\n|upkeep\n|turn|18\n|\n|t:|1653692963\n|detailschange|p1a: Sharpedo|Sharpedo-Mega, M\n|-mega|p1a: Sharpedo|Sharpedo|Sharpedonite\n|move|p1a: Sharpedo|Psychic Fangs|p2a: Infernape\n|-supereffective|p2a: Infernape\n|-damage|p2a: Infernape|0 fnt\n|faint|p2a: Infernape\n|\n|-weather|SunnyDay|[upkeep]\n|upkeep\n|\n|t:|1653692970\n|switch|p2a: \u2600\ufe0f SERENDIPITY \u2600\ufe0f|Victini|40\/100\n|-damage|p2a: \u2600\ufe0f SERENDIPITY \u2600\ufe0f|15\/100|[from] Stealth Rock\n|turn|19\n|\n|t:|1653692974\n|move|p1a: Sharpedo|Crunch|p2a: \u2600\ufe0f SERENDIPITY \u2600\ufe0f\n|-supereffective|p2a: \u2600\ufe0f SERENDIPITY \u2600\ufe0f\n|-damage|p2a: \u2600\ufe0f SERENDIPITY \u2600\ufe0f|0 fnt\n|faint|p2a: \u2600\ufe0f SERENDIPITY \u2600\ufe0f\n|\n|-weather|none\n|upkeep\n|\n|t:|1653692976\n|switch|p2a: Charizard|Charizard, M|100\/100\n|-damage|p2a: Charizard|51\/100|[from] Stealth Rock\n|turn|20\n|c|\u2606TestingTesting1|gg\n|\n|t:|1653692983\n|detailschange|p2a: Charizard|Charizard-Mega-X, M\n|-mega|p2a: Charizard|Charizard|Charizardite X\n|move|p1a: Sharpedo|Crunch|p2a: Charizard\n|-damage|p2a: Charizard|0 fnt\n|faint|p2a: Charizard\n|\n|win|TestingTesting1\n|raw|TestingTesting1's rating: 1624 &rarr; <strong>1658<\/strong><br \/>(+34 for winning)\n|raw|FIRE LORD AESON!'s rating: 1927 &rarr; <strong>1893<\/strong><br \/>(-34 for losing)\n|l|\u2606TestingTesting1\n|c|\u2606FIRE LORD AESON!|GG\n","uploadtime":1653692999,"views":28,"p1id":"testingtesting1","p2id":"firelordaeson","formatid":"gen8nationaldex","rating":1658,"private":0,"password":null}