{"id":"gen8ou-1586491880","p1":"MattSmith1","p2":"kokoukohiro","format":"gen8ou","log":"|j|\u2606MattSmith1\n|j|\u2606kokoukohiro\n|t:|1654010780\n|gametype|singles\n|player|p1|MattSmith1|169|1452\n|player|p2|kokoukohiro|dawn|1500\n|teamsize|p1|6\n|teamsize|p2|6\n|gen|8\n|tier|[Gen 8] OU\n|rated|\n|rule|Sleep Clause Mod: Limit one foe put to sleep\n|rule|Species Clause: Limit one of each Pok\u00e9mon\n|rule|OHKO Clause: OHKO moves are banned\n|rule|Evasion Moves Clause: Evasion moves are banned\n|rule|Endless Battle Clause: Forcing endless battles is banned\n|rule|HP Percentage Mod: HP is shown in percentages\n|rule|Dynamax Clause: You cannot dynamax\n|clearpoke\n|poke|p1|Kartana|\n|poke|p1|Landorus-Therian, M|\n|poke|p1|Dragapult, F|\n|poke|p1|Tapu Koko|\n|poke|p1|Blissey, F|\n|poke|p1|Buzzwole|\n|poke|p2|Shedinja|\n|poke|p2|Quagsire, F|\n|poke|p2|Clefable, M|\n|poke|p2|Blissey, F|\n|poke|p2|Toxapex, F|\n|poke|p2|Skarmory, M|\n|teampreview\n|inactive|Battle timer is ON: inactive players will automatically lose when time's up. (requested by kokoukohiro)\n|inactive|MattSmith1 has 120 seconds left.\n|\n|t:|1654010847\n|start\n|switch|p1a: Tapu Koko|Tapu Koko|100\/100\n|switch|p2a: Toxapex|Toxapex, F|100\/100\n|-fieldstart|move: Electric Terrain|[from] ability: Electric Surge|[of] p1a: Tapu Koko\n|turn|1\n|\n|t:|1654010852\n|switch|p2a: Shedinja|Shedinja|100\/100\n|move|p1a: Tapu Koko|Nature's Madness|p2a: Shedinja\n|-immune|p2a: Shedinja|[from] ability: Wonder Guard\n|\n|upkeep\n|turn|2\n|\n|t:|1654010860\n|switch|p1a: Blissey|Blissey, F|100\/100\n|move|p2a: Shedinja|Will-O-Wisp|p1a: Blissey\n|-status|p1a: Blissey|brn\n|\n|-damage|p1a: Blissey|94\/100 brn|[from] brn\n|upkeep\n|turn|3\n|\n|t:|1654010869\n|switch|p2a: Toxapex|Toxapex, F|100\/100\n|move|p1a: Blissey|Teleport|p1a: Blissey\n|\n|t:|1654010874\n|-curestatus|p1a: Blissey|brn|[from] ability: Natural Cure\n|switch|p1a: Tapu Koko|Tapu Koko|100\/100|[from]move: Teleport\n|\n|upkeep\n|turn|4\n|\n|t:|1654010877\n|switch|p2a: Shedinja|Shedinja|100\/100\n|move|p1a: Tapu Koko|Thunderbolt|p2a: Shedinja\n|-immune|p2a: Shedinja|[from] ability: Wonder Guard\n|\n|upkeep\n|turn|5\n|\n|t:|1654010885\n|switch|p1a: Blissey|Blissey, F|94\/100\n|switch|p2a: Toxapex|Toxapex, F|100\/100\n|\n|-fieldend|move: Electric Terrain\n|upkeep\n|turn|6\n|\n|t:|1654010891\n|move|p2a: Toxapex|Toxic Spikes|p1a: Blissey\n|-sidestart|p1: MattSmith1|move: Toxic Spikes\n|move|p1a: Blissey|Teleport|p1a: Blissey\n|\n|t:|1654010893\n|switch|p1a: Landorus|Landorus-Therian, M|100\/100|[from]move: Teleport\n|-ability|p1a: Landorus|Intimidate|boost\n|-unboost|p2a: Toxapex|atk|1\n|\n|upkeep\n|turn|7\n|\n|t:|1654010896\n|move|p1a: Landorus|Stealth Rock|p2a: Toxapex\n|-sidestart|p2: kokoukohiro|move: Stealth Rock\n|move|p2a: Toxapex|Toxic Spikes|p1a: Landorus\n|-sidestart|p1: MattSmith1|move: Toxic Spikes\n|\n|upkeep\n|turn|8\n|\n|t:|1654010898\n|move|p1a: Landorus|Earthquake|p2a: Toxapex\n|-supereffective|p2a: Toxapex\n|-damage|p2a: Toxapex|41\/100\n|move|p2a: Toxapex|Knock Off|p1a: Landorus\n|-damage|p1a: Landorus|91\/100\n|-enditem|p1a: Landorus|Leftovers|[from] move: Knock Off|[of] p2a: Toxapex\n|\n|-heal|p2a: Toxapex|48\/100|[from] item: Black Sludge\n|upkeep\n|turn|9\n|\n|t:|1654010911\n|switch|p2a: Skarmory|Skarmory, M|100\/100\n|-damage|p2a: Skarmory|88\/100|[from] Stealth Rock\n|move|p1a: Landorus|U-turn|p2a: Skarmory\n|-resisted|p2a: Skarmory\n|-damage|p2a: Skarmory|85\/100\n|\n|t:|1654010915\n|switch|p1a: Tapu Koko|Tapu Koko|100\/100|[from]move: U-turn\n|-fieldstart|move: Electric Terrain|[from] ability: Electric Surge|[of] p1a: Tapu Koko\n|\n|upkeep\n|turn|10\n|\n|t:|1654010936\n|switch|p1a: Landorus|Landorus-Therian, M|91\/100\n|-ability|p1a: Landorus|Intimidate|boost\n|-unboost|p2a: Skarmory|atk|1\n|switch|p2a: Shedinja|Shedinja|100\/100\n|\n|upkeep\n|turn|11\n|inactive|MattSmith1 has 120 seconds left.\n|\n|t:|1654010957\n|move|p2a: Shedinja|Protect|p2a: Shedinja\n|-singleturn|p2a: Shedinja|Protect\n|move|p1a: Landorus|U-turn|p2a: Shedinja\n|-activate|p2a: Shedinja|move: Protect\n|\n|upkeep\n|turn|12\n|\n|t:|1654010963\n|switch|p2a: Toxapex|Toxapex, F|81\/100\n|-damage|p2a: Toxapex|68\/100|[from] Stealth Rock\n|move|p1a: Landorus|Toxic|p2a: Toxapex\n|-immune|p2a: Toxapex\n|\n|-heal|p2a: Toxapex|75\/100|[from] item: Black Sludge\n|upkeep\n|turn|13\n|\n|t:|1654010973\n|switch|p2a: Skarmory|Skarmory, M|85\/100\n|-damage|p2a: Skarmory|73\/100|[from] Stealth Rock\n|move|p1a: Landorus|Earthquake|p2a: Skarmory\n|-immune|p2a: Skarmory\n|\n|-fieldend|move: Electric Terrain\n|upkeep\n|turn|14\n|\n|t:|1654010981\n|move|p1a: Landorus|U-turn|p2a: Skarmory\n|-resisted|p2a: Skarmory\n|-damage|p2a: Skarmory|69\/100\n|inactive|MattSmith1 has 120 seconds left.\n|\n|t:|1654011027\n|switch|p1a: Tapu Koko|Tapu Koko|100\/100|[from]move: U-turn\n|-fieldstart|move: Electric Terrain|[from] ability: Electric Surge|[of] p1a: Tapu Koko\n|move|p2a: Skarmory|Roost|p2a: Skarmory\n|-heal|p2a: Skarmory|100\/100\n|-singleturn|p2a: Skarmory|move: Roost\n|\n|upkeep\n|turn|15\n|inactive|MattSmith1 has 90 seconds left.\n|\n|t:|1654011076\n|switch|p2a: Shedinja|Shedinja|100\/100\n|move|p1a: Tapu Koko|Thunderbolt|p2a: Shedinja\n|-immune|p2a: Shedinja|[from] ability: Wonder Guard\n|\n|upkeep\n|turn|16\n|\n|t:|1654011088\n|switch|p1a: Blissey|Blissey, F|94\/100\n|switch|p2a: Toxapex|Toxapex, F|100\/100\n|-damage|p2a: Toxapex|88\/100|[from] Stealth Rock\n|\n|-heal|p2a: Toxapex|94\/100|[from] item: Black Sludge\n|upkeep\n|turn|17\n|\n|t:|1654011092\n|move|p2a: Toxapex|Knock Off|p1a: Blissey\n|-damage|p1a: Blissey|81\/100\n|-enditem|p1a: Blissey|Heavy-Duty Boots|[from] move: Knock Off|[of] p2a: Toxapex\n|move|p1a: Blissey|Teleport|p1a: Blissey\n|\n|t:|1654011096\n|switch|p1a: Landorus|Landorus-Therian, M|91\/100|[from]move: Teleport\n|-ability|p1a: Landorus|Intimidate|boost\n|-unboost|p2a: Toxapex|atk|1\n|\n|-heal|p2a: Toxapex|100\/100|[from] item: Black Sludge\n|upkeep\n|turn|18\n|\n|t:|1654011101\n|switch|p2a: Skarmory|Skarmory, M|100\/100\n|-damage|p2a: Skarmory|88\/100|[from] Stealth Rock\n|move|p1a: Landorus|U-turn|p2a: Skarmory\n|-resisted|p2a: Skarmory\n|-damage|p2a: Skarmory|85\/100\n|\n|t:|1654011110\n|switch|p1a: Tapu Koko|Tapu Koko|100\/100|[from]move: U-turn\n|\n|-fieldend|move: Electric Terrain\n|upkeep\n|turn|19\n|inactive|MattSmith1 has 90 seconds left.\n|inactive|MattSmith1 has 60 seconds left.\n|\n|t:|1654011172\n|switch|p2a: Shedinja|Shedinja|100\/100\n|move|p1a: Tapu Koko|Thunderbolt|p2a: Shedinja\n|-immune|p2a: Shedinja|[from] ability: Wonder Guard\n|\n|upkeep\n|turn|20\n|\n|t:|1654011180\n|move|p1a: Tapu Koko|Defog|p2a: Shedinja\n|-unboost|p2a: Shedinja|evasion|1\n|-sideend|p2: kokoukohiro|Stealth Rock|[from] move: Defog|[of] p1a: Tapu Koko\n|-sideend|p1: MattSmith1|Toxic Spikes|[from] move: Defog|[of] p1a: Tapu Koko\n|move|p2a: Shedinja|Will-O-Wisp|p1a: Tapu Koko\n|-status|p1a: Tapu Koko|brn\n|\n|-damage|p1a: Tapu Koko|94\/100 brn|[from] brn\n|upkeep\n|turn|21\n|\n|t:|1654011191\n|switch|p1a: Dragapult|Dragapult, F|100\/100\n|switch|p2a: Blissey|Blissey, F|100\/100\n|\n|upkeep\n|turn|22\n|\n|t:|1654011198\n|switch|p2a: Toxapex|Toxapex, F|100\/100\n|move|p1a: Dragapult|U-turn|p2a: Toxapex\n|-resisted|p2a: Toxapex\n|-damage|p2a: Toxapex|96\/100\n|\n|t:|1654011201\n|switch|p1a: Landorus|Landorus-Therian, M|91\/100|[from]move: U-turn\n|-ability|p1a: Landorus|Intimidate|boost\n|-unboost|p2a: Toxapex|atk|1\n|\n|-heal|p2a: Toxapex|100\/100|[from] item: Black Sludge\n|upkeep\n|turn|23\n|\n|t:|1654011204\n|move|p1a: Landorus|Earthquake|p2a: Toxapex\n|-supereffective|p2a: Toxapex\n|-damage|p2a: Toxapex|47\/100\n|move|p2a: Toxapex|Toxic Spikes|p1a: Landorus\n|-sidestart|p1: MattSmith1|move: Toxic Spikes\n|\n|-heal|p2a: Toxapex|53\/100|[from] item: Black Sludge\n|upkeep\n|turn|24\n|\n|t:|1654011208\n|switch|p2a: Skarmory|Skarmory, M|85\/100\n|move|p1a: Landorus|Earthquake|p2a: Skarmory\n|-immune|p2a: Skarmory\n|\n|upkeep\n|turn|25\n|\n|t:|1654011210\n|move|p1a: Landorus|U-turn|p2a: Skarmory\n|-resisted|p2a: Skarmory\n|-damage|p2a: Skarmory|82\/100\n|\n|t:|1654011212\n|switch|p1a: Tapu Koko|Tapu Koko|94\/100 brn|[from]move: U-turn\n|-fieldstart|move: Electric Terrain|[from] ability: Electric Surge|[of] p1a: Tapu Koko\n|move|p2a: Skarmory|Spikes|p1a: Tapu Koko\n|-sidestart|p1: MattSmith1|Spikes\n|\n|-damage|p1a: Tapu Koko|88\/100 brn|[from] brn\n|upkeep\n|turn|26\n|inactive|MattSmith1 has 120 seconds left.\n|\n|t:|1654011218\n|switch|p1a: Landorus|Landorus-Therian, M|91\/100\n|-ability|p1a: Landorus|Intimidate|boost\n|-unboost|p2a: Skarmory|atk|1\n|switch|p2a: Shedinja|Shedinja|100\/100\n|\n|upkeep\n|turn|27\n|\n|t:|1654011227\n|switch|p2a: Skarmory|Skarmory, M|82\/100\n|move|p1a: Landorus|Stealth Rock|p2a: Skarmory\n|-sidestart|p2: kokoukohiro|move: Stealth Rock\n|\n|upkeep\n|turn|28\n|\n|t:|1654011229\n|move|p1a: Landorus|U-turn|p2a: Skarmory\n|-resisted|p2a: Skarmory\n|-damage|p2a: Skarmory|79\/100\n|\n|t:|1654011230\n|switch|p1a: Tapu Koko|Tapu Koko|88\/100 brn|[from]move: U-turn\n|move|p2a: Skarmory|Spikes|p1a: Tapu Koko\n|-sidestart|p1: MattSmith1|Spikes\n|\n|-damage|p1a: Tapu Koko|82\/100 brn|[from] brn\n|upkeep\n|turn|29\n|\n|t:|1654011233\n|switch|p2a: Shedinja|Shedinja|100\/100\n|move|p1a: Tapu Koko|Defog|p2a: Shedinja\n|-unboost|p2a: Shedinja|evasion|1\n|-sideend|p2: kokoukohiro|Stealth Rock|[from] move: Defog|[of] p1a: Tapu Koko\n|-sideend|p1: MattSmith1|Spikes|[from] move: Defog|[of] p1a: Tapu Koko\n|-sideend|p1: MattSmith1|Toxic Spikes|[from] move: Defog|[of] p1a: Tapu Koko\n|-fieldend|move: Electric Terrain\n|\n|-damage|p1a: Tapu Koko|76\/100 brn|[from] brn\n|upkeep\n|turn|30\n|\n|t:|1654011245\n|switch|p1a: Blissey|Blissey, F|81\/100\n|switch|p2a: Toxapex|Toxapex, F|87\/100\n|\n|-heal|p2a: Toxapex|93\/100|[from] item: Black Sludge\n|upkeep\n|turn|31\n|\n|t:|1654011272\n|move|p1a: Blissey|Seismic Toss|p2a: Toxapex\n|-damage|p2a: Toxapex|60\/100\n|move|p2a: Toxapex|Toxic Spikes|p1a: Blissey\n|-sidestart|p1: MattSmith1|move: Toxic Spikes\n|\n|-heal|p2a: Toxapex|66\/100|[from] item: Black Sludge\n|upkeep\n|turn|32\n|\n|t:|1654011276\n|move|p2a: Toxapex|Toxic Spikes|p1a: Blissey\n|-sidestart|p1: MattSmith1|move: Toxic Spikes\n|move|p1a: Blissey|Teleport|p1a: Blissey\n|\n|t:|1654011280\n|switch|p1a: Tapu Koko|Tapu Koko|76\/100 brn|[from]move: Teleport\n|-fieldstart|move: Electric Terrain|[from] ability: Electric Surge|[of] p1a: Tapu Koko\n|\n|-heal|p2a: Toxapex|73\/100|[from] item: Black Sludge\n|-damage|p1a: Tapu Koko|70\/100 brn|[from] brn\n|upkeep\n|turn|33\n|\n|t:|1654011289\n|switch|p2a: Shedinja|Shedinja|100\/100\n|move|p1a: Tapu Koko|Thunderbolt|p2a: Shedinja\n|-immune|p2a: Shedinja|[from] ability: Wonder Guard\n|\n|-damage|p1a: Tapu Koko|64\/100 brn|[from] brn\n|upkeep\n|turn|34\n|\n|t:|1654011297\n|move|p2a: Shedinja|Protect|p2a: Shedinja\n|-singleturn|p2a: Shedinja|Protect\n|move|p1a: Tapu Koko|Roost|p1a: Tapu Koko\n|-heal|p1a: Tapu Koko|100\/100 brn\n|-singleturn|p1a: Tapu Koko|move: Roost\n|\n|-damage|p1a: Tapu Koko|94\/100 brn|[from] brn\n|upkeep\n|turn|35\n|\n|t:|1654011310\n|switch|p2a: Quagsire|Quagsire, F|100\/100\n|move|p1a: Tapu Koko|Defog|p2a: Quagsire\n|-unboost|p2a: Quagsire|evasion|1\n|-sideend|p1: MattSmith1|Toxic Spikes|[from] move: Defog|[of] p1a: Tapu Koko\n|-fieldend|move: Electric Terrain\n|\n|-damage|p1a: Tapu Koko|88\/100 brn|[from] brn\n|upkeep\n|turn|36\n|\n|t:|1654011313\n|switch|p1a: Blissey|Blissey, F|81\/100\n|move|p2a: Quagsire|Earthquake|p1a: Blissey\n|-damage|p1a: Blissey|54\/100\n|\n|upkeep\n|turn|37\n|\n|t:|1654011322\n|switch|p2a: Toxapex|Toxapex, F|100\/100\n|move|p1a: Blissey|Soft-Boiled|p1a: Blissey\n|-heal|p1a: Blissey|100\/100\n|\n|upkeep\n|turn|38\n|\n|t:|1654011326\n|move|p1a: Blissey|Seismic Toss|p2a: Toxapex\n|-damage|p2a: Toxapex|68\/100\n|move|p2a: Toxapex|Toxic Spikes|p1a: Blissey\n|-sidestart|p1: MattSmith1|move: Toxic Spikes\n|\n|-heal|p2a: Toxapex|74\/100|[from] item: Black Sludge\n|upkeep\n|turn|39\n|\n|t:|1654011329\n|move|p1a: Blissey|Seismic Toss|p2a: Toxapex\n|-damage|p2a: Toxapex|41\/100\n|move|p2a: Toxapex|Toxic Spikes|p1a: Blissey\n|-sidestart|p1: MattSmith1|move: Toxic Spikes\n|\n|-heal|p2a: Toxapex|47\/100|[from] item: Black Sludge\n|upkeep\n|turn|40\n|\n|t:|1654011335\n|switch|p2a: Shedinja|Shedinja|100\/100\n|move|p1a: Blissey|Seismic Toss|p2a: Shedinja\n|-immune|p2a: Shedinja|[from] ability: Wonder Guard\n|\n|upkeep\n|turn|41\n|\n|t:|1654011338\n|move|p2a: Shedinja|Protect|p2a: Shedinja\n|-singleturn|p2a: Shedinja|Protect\n|move|p1a: Blissey|Teleport|p1a: Blissey\n|inactive|MattSmith1 has 120 seconds left.\n|inactive|MattSmith1 has 90 seconds left.\n|\n|t:|1654011414\n|switch|p1a: Landorus|Landorus-Therian, M|91\/100|[from]move: Teleport\n|-ability|p1a: Landorus|Intimidate|boost\n|-unboost|p2a: Shedinja|atk|1\n|\n|upkeep\n|turn|42\n|\n|t:|1654011419\n|switch|p2a: Skarmory|Skarmory, M|79\/100\n|move|p1a: Landorus|Toxic|p2a: Skarmory\n|-immune|p2a: Skarmory\n|\n|upkeep\n|turn|43\n|inactive|MattSmith1 has 90 seconds left.\n|\n|t:|1654011448\n|move|p1a: Landorus|U-turn|p2a: Skarmory\n|-resisted|p2a: Skarmory\n|-damage|p2a: Skarmory|75\/100\n|\n|t:|1654011449\n|switch|p1a: Tapu Koko|Tapu Koko|88\/100 brn|[from]move: U-turn\n|-fieldstart|move: Electric Terrain|[from] ability: Electric Surge|[of] p1a: Tapu Koko\n|move|p2a: Skarmory|Roar|p1a: Tapu Koko\n|drag|p1a: Dragapult|Dragapult, F|100\/100\n|-status|p1a: Dragapult|tox\n|\n|-damage|p1a: Dragapult|95\/100 tox|[from] psn\n|upkeep\n|turn|44\n|\n|t:|1654011455\n|switch|p1a: Blissey|Blissey, F|100\/100\n|-status|p1a: Blissey|tox\n|switch|p2a: Toxapex|Toxapex, F|80\/100\n|\n|-heal|p2a: Toxapex|87\/100|[from] item: Black Sludge\n|-damage|p1a: Blissey|94\/100 tox|[from] psn\n|upkeep\n|turn|45\n|\n|t:|1654011473\n|switch|p2a: Skarmory|Skarmory, M|75\/100\n|move|p1a: Blissey|Aromatherapy|p1a: Blissey\n|-activate|p1a: Blissey|move: Aromatherapy\n|-curestatus|p1a: Blissey|tox|[msg]\n|-curestatus|p1: Tapu Koko|brn|[msg]\n|-curestatus|p1: Dragapult|tox|[msg]\n|\n|upkeep\n|turn|46\n|\n|t:|1654011476\n|move|p2a: Skarmory|Roar|p1a: Blissey\n|drag|p1a: Tapu Koko|Tapu Koko|88\/100\n|\n|upkeep\n|turn|47\n|\n|t:|1654011485\n|switch|p2a: Quagsire|Quagsire, F|100\/100\n|move|p1a: Tapu Koko|Defog|p2a: Quagsire\n|-unboost|p2a: Quagsire|evasion|1\n|-sideend|p1: MattSmith1|Toxic Spikes|[from] move: Defog|[of] p1a: Tapu Koko\n|-fieldend|move: Electric Terrain\n|\n|upkeep\n|turn|48\n|\n|t:|1654011489\n|switch|p1a: Blissey|Blissey, F|94\/100\n|move|p2a: Quagsire|Toxic|p1a: Blissey\n|-status|p1a: Blissey|tox\n|\n|-damage|p1a: Blissey|88\/100 tox|[from] psn\n|upkeep\n|turn|49\n|\n|t:|1654011494\n|switch|p2a: Toxapex|Toxapex, F|100\/100\n|move|p1a: Blissey|Teleport|p1a: Blissey\n|\n|t:|1654011503\n|-curestatus|p1a: Blissey|tox|[from] ability: Natural Cure\n|switch|p1a: Tapu Koko|Tapu Koko|88\/100|[from]move: Teleport\n|-fieldstart|move: Electric Terrain|[from] ability: Electric Surge|[of] p1a: Tapu Koko\n|\n|upkeep\n|turn|50\n|\n|t:|1654011507\n|switch|p1a: Blissey|Blissey, F|88\/100\n|switch|p2a: Shedinja|Shedinja|100\/100\n|\n|upkeep\n|turn|51\n|\n|t:|1654011514\n|switch|p2a: Skarmory|Skarmory, M|75\/100\n|move|p1a: Blissey|Teleport|p1a: Blissey\n|\n|t:|1654011517\n|switch|p1a: Tapu Koko|Tapu Koko|88\/100|[from]move: Teleport\n|\n|upkeep\n|turn|52\n|\n|t:|1654011523\n|switch|p2a: Shedinja|Shedinja|100\/100\n|move|p1a: Tapu Koko|Nature's Madness|p2a: Shedinja\n|-immune|p2a: Shedinja|[from] ability: Wonder Guard\n|\n|upkeep\n|turn|53\n|\n|t:|1654011526\n|switch|p1a: Blissey|Blissey, F|88\/100\n|move|p2a: Shedinja|Will-O-Wisp|p1a: Blissey|[miss]\n|-miss|p2a: Shedinja|p1a: Blissey\n|\n|-fieldend|move: Electric Terrain\n|upkeep\n|turn|54\n|\n|t:|1654011532\n|switch|p2a: Skarmory|Skarmory, M|75\/100\n|move|p1a: Blissey|Teleport|p1a: Blissey\n|\n|t:|1654011535\n|switch|p1a: Tapu Koko|Tapu Koko|88\/100|[from]move: Teleport\n|-fieldstart|move: Electric Terrain|[from] ability: Electric Surge|[of] p1a: Tapu Koko\n|\n|upkeep\n|turn|55\n|\n|t:|1654011539\n|switch|p2a: Quagsire|Quagsire, F|100\/100\n|move|p1a: Tapu Koko|Thunderbolt|p2a: Quagsire\n|-immune|p2a: Quagsire\n|\n|upkeep\n|turn|56\n|\n|t:|1654011542\n|switch|p1a: Blissey|Blissey, F|88\/100\n|move|p2a: Quagsire|Toxic|p1a: Blissey\n|-status|p1a: Blissey|tox\n|\n|-damage|p1a: Blissey|82\/100 tox|[from] psn\n|upkeep\n|turn|57\n|\n|t:|1654011547\n|switch|p2a: Toxapex|Toxapex, F|100\/100\n|move|p1a: Blissey|Teleport|p1a: Blissey\n|\n|t:|1654011549\n|-curestatus|p1a: Blissey|tox|[from] ability: Natural Cure\n|switch|p1a: Tapu Koko|Tapu Koko|88\/100|[from]move: Teleport\n|\n|upkeep\n|turn|58\n|\n|t:|1654011553\n|switch|p1a: Landorus|Landorus-Therian, M|91\/100\n|-ability|p1a: Landorus|Intimidate|boost\n|-unboost|p2a: Toxapex|atk|1\n|switch|p2a: Shedinja|Shedinja|100\/100\n|\n|-fieldend|move: Electric Terrain\n|upkeep\n|turn|59\n|\n|t:|1654011556\n|switch|p2a: Skarmory|Skarmory, M|75\/100\n|move|p1a: Landorus|Stealth Rock|p2a: Skarmory\n|-sidestart|p2: kokoukohiro|move: Stealth Rock\n|\n|upkeep\n|turn|60\n|\n|t:|1654011559\n|move|p1a: Landorus|U-turn|p2a: Skarmory\n|-resisted|p2a: Skarmory\n|-damage|p2a: Skarmory|72\/100\n|\n|t:|1654011561\n|switch|p1a: Tapu Koko|Tapu Koko|88\/100|[from]move: U-turn\n|-fieldstart|move: Electric Terrain|[from] ability: Electric Surge|[of] p1a: Tapu Koko\n|move|p2a: Skarmory|Defog|p1a: Tapu Koko\n|-unboost|p1a: Tapu Koko|evasion|1\n|-sideend|p2: kokoukohiro|Stealth Rock|[from] move: Defog|[of] p2a: Skarmory\n|-fieldend|move: Electric Terrain\n|\n|upkeep\n|turn|61\n|\n|t:|1654011568\n|switch|p2a: Shedinja|Shedinja|100\/100\n|move|p1a: Tapu Koko|Nature's Madness|p2a: Shedinja\n|-immune|p2a: Shedinja|[from] ability: Wonder Guard\n|\n|upkeep\n|turn|62\n|\n|t:|1654011572\n|switch|p1a: Blissey|Blissey, F|82\/100\n|move|p2a: Shedinja|Will-O-Wisp|p1a: Blissey\n|-status|p1a: Blissey|brn\n|\n|-damage|p1a: Blissey|76\/100 brn|[from] brn\n|upkeep\n|turn|63\n|\n|t:|1654011579\n|switch|p2a: Skarmory|Skarmory, M|72\/100\n|move|p1a: Blissey|Teleport|p1a: Blissey\n|\n|t:|1654011586\n|-curestatus|p1a: Blissey|brn|[from] ability: Natural Cure\n|switch|p1a: Dragapult|Dragapult, F|95\/100|[from]move: Teleport\n|\n|upkeep\n|turn|64\n|\n|t:|1654011592\n|switch|p2a: Toxapex|Toxapex, F|100\/100\n|move|p1a: Dragapult|U-turn|p2a: Toxapex\n|-resisted|p2a: Toxapex\n|-damage|p2a: Toxapex|96\/100\n|\n|t:|1654011599\n|switch|p1a: Landorus|Landorus-Therian, M|91\/100|[from]move: U-turn\n|-ability|p1a: Landorus|Intimidate|boost\n|-unboost|p2a: Toxapex|atk|1\n|\n|-heal|p2a: Toxapex|100\/100|[from] item: Black Sludge\n|upkeep\n|turn|65\n|\n|t:|1654011601\n|move|p1a: Landorus|Stealth Rock|p2a: Toxapex\n|-sidestart|p2: kokoukohiro|move: Stealth Rock\n|move|p2a: Toxapex|Toxic Spikes|p1a: Landorus\n|-sidestart|p1: MattSmith1|move: Toxic Spikes\n|\n|upkeep\n|turn|66\n|\n|t:|1654011604\n|move|p1a: Landorus|Earthquake|p2a: Toxapex\n|-supereffective|p2a: Toxapex\n|-damage|p2a: Toxapex|43\/100\n|move|p2a: Toxapex|Toxic Spikes|p1a: Landorus\n|-sidestart|p1: MattSmith1|move: Toxic Spikes\n|\n|-heal|p2a: Toxapex|50\/100|[from] item: Black Sludge\n|upkeep\n|turn|67\n|\n|t:|1654011608\n|switch|p2a: Skarmory|Skarmory, M|72\/100\n|-damage|p2a: Skarmory|60\/100|[from] Stealth Rock\n|move|p1a: Landorus|U-turn|p2a: Skarmory\n|-resisted|p2a: Skarmory\n|-damage|p2a: Skarmory|57\/100\n|\n|t:|1654011610\n|switch|p1a: Tapu Koko|Tapu Koko|88\/100|[from]move: U-turn\n|-fieldstart|move: Electric Terrain|[from] ability: Electric Surge|[of] p1a: Tapu Koko\n|\n|upkeep\n|turn|68\n|\n|t:|1654011616\n|switch|p2a: Shedinja|Shedinja|100\/100\n|move|p1a: Tapu Koko|Thunderbolt|p2a: Shedinja\n|-immune|p2a: Shedinja|[from] ability: Wonder Guard\n|\n|upkeep\n|turn|69\n|\n|t:|1654011620\n|switch|p1a: Blissey|Blissey, F|76\/100\n|-status|p1a: Blissey|tox\n|move|p2a: Shedinja|Will-O-Wisp||[still]\n|-fail|p2a: Shedinja\n|\n|-damage|p1a: Blissey|70\/100 tox|[from] psn\n|upkeep\n|turn|70\n|\n|t:|1654011626\n|switch|p2a: Skarmory|Skarmory, M|57\/100\n|-damage|p2a: Skarmory|45\/100|[from] Stealth Rock\n|move|p1a: Blissey|Teleport|p1a: Blissey\n|inactive|MattSmith1 has 120 seconds left.\n|\n|t:|1654011663\n|-curestatus|p1a: Blissey|tox|[from] ability: Natural Cure\n|switch|p1a: Tapu Koko|Tapu Koko|88\/100|[from]move: Teleport\n|\n|upkeep\n|turn|71\n|\n|t:|1654011671\n|switch|p2a: Shedinja|Shedinja|100\/100\n|move|p1a: Tapu Koko|Thunderbolt|p2a: Shedinja\n|-immune|p2a: Shedinja|[from] ability: Wonder Guard\n|\n|-fieldend|move: Electric Terrain\n|upkeep\n|turn|72\n|\n|t:|1654011677\n|move|p1a: Tapu Koko|Defog|p2a: Shedinja\n|-unboost|p2a: Shedinja|evasion|1\n|-sideend|p2: kokoukohiro|Stealth Rock|[from] move: Defog|[of] p1a: Tapu Koko\n|-sideend|p1: MattSmith1|Toxic Spikes|[from] move: Defog|[of] p1a: Tapu Koko\n|move|p2a: Shedinja|Will-O-Wisp|p1a: Tapu Koko\n|-status|p1a: Tapu Koko|brn\n|\n|-damage|p1a: Tapu Koko|82\/100 brn|[from] brn\n|upkeep\n|turn|73\n|\n|t:|1654011685\n|switch|p1a: Landorus|Landorus-Therian, M|91\/100\n|-ability|p1a: Landorus|Intimidate|boost\n|-unboost|p2a: Shedinja|atk|1\n|switch|p2a: Clefable|Clefable, M|100\/100\n|\n|upkeep\n|turn|74\n|\n|t:|1654011688\n|move|p1a: Landorus|Stealth Rock|p2a: Clefable\n|-sidestart|p2: kokoukohiro|move: Stealth Rock\n|move|p2a: Clefable|Stealth Rock|p1a: Landorus\n|-sidestart|p1: MattSmith1|move: Stealth Rock\n|\n|upkeep\n|turn|75\n|\n|t:|1654011694\n|switch|p2a: Toxapex|Toxapex, F|83\/100\n|-damage|p2a: Toxapex|70\/100|[from] Stealth Rock\n|move|p1a: Landorus|U-turn|p2a: Toxapex\n|-resisted|p2a: Toxapex\n|-damage|p2a: Toxapex|64\/100\n|\n|t:|1654011704\n|switch|p1a: Tapu Koko|Tapu Koko|82\/100 brn|[from]move: U-turn\n|-fieldstart|move: Electric Terrain|[from] ability: Electric Surge|[of] p1a: Tapu Koko\n|\n|-heal|p2a: Toxapex|70\/100|[from] item: Black Sludge\n|-damage|p1a: Tapu Koko|76\/100 brn|[from] brn\n|upkeep\n|turn|76\n|\n|t:|1654011708\n|switch|p2a: Shedinja|Shedinja|100\/100\n|move|p1a: Tapu Koko|Thunderbolt|p2a: Shedinja\n|-immune|p2a: Shedinja|[from] ability: Wonder Guard\n|\n|-damage|p1a: Tapu Koko|70\/100 brn|[from] brn\n|upkeep\n|turn|77\n|\n|t:|1654011728\n|move|p2a: Shedinja|Protect|p2a: Shedinja\n|-singleturn|p2a: Shedinja|Protect\n|move|p1a: Tapu Koko|Roost|p1a: Tapu Koko\n|-heal|p1a: Tapu Koko|100\/100 brn\n|-singleturn|p1a: Tapu Koko|move: Roost\n|\n|-damage|p1a: Tapu Koko|94\/100 brn|[from] brn\n|upkeep\n|turn|78\n|\n|t:|1654011736\n|switch|p1a: Blissey|Blissey, F|70\/100\n|-damage|p1a: Blissey|57\/100|[from] Stealth Rock\n|move|p2a: Shedinja|Protect||[still]\n|-fail|p2a: Shedinja\n|\n|upkeep\n|turn|79\n|\n|t:|1654011743\n|move|p2a: Shedinja|Protect|p2a: Shedinja\n|-singleturn|p2a: Shedinja|Protect\n|move|p1a: Blissey|Soft-Boiled|p1a: Blissey\n|-heal|p1a: Blissey|100\/100\n|\n|-fieldend|move: Electric Terrain\n|upkeep\n|turn|80\n|\n|t:|1654011753\n|switch|p2a: Toxapex|Toxapex, F|100\/100\n|-damage|p2a: Toxapex|88\/100|[from] Stealth Rock\n|move|p1a: Blissey|Teleport|p1a: Blissey\n|inactive|MattSmith1 has 120 seconds left.\n|\n|t:|1654011784\n|switch|p1a: Landorus|Landorus-Therian, M|91\/100|[from]move: Teleport\n|-damage|p1a: Landorus|79\/100|[from] Stealth Rock\n|-ability|p1a: Landorus|Intimidate|boost\n|-unboost|p2a: Toxapex|atk|1\n|\n|-heal|p2a: Toxapex|94\/100|[from] item: Black Sludge\n|upkeep\n|turn|81\n|\n|t:|1654011787\n|move|p1a: Landorus|Earthquake|p2a: Toxapex\n|-supereffective|p2a: Toxapex\n|-damage|p2a: Toxapex|38\/100\n|move|p2a: Toxapex|Toxic Spikes|p1a: Landorus\n|-sidestart|p1: MattSmith1|move: Toxic Spikes\n|\n|-heal|p2a: Toxapex|45\/100|[from] item: Black Sludge\n|upkeep\n|turn|82\n|\n|t:|1654011794\n|switch|p2a: Shedinja|Shedinja|100\/100\n|move|p1a: Landorus|U-turn|p2a: Shedinja\n|-immune|p2a: Shedinja|[from] ability: Wonder Guard\n|\n|upkeep\n|turn|83\n|\n|t:|1654011799\n|move|p2a: Shedinja|Protect|p2a: Shedinja\n|-singleturn|p2a: Shedinja|Protect\n|move|p1a: Landorus|U-turn|p2a: Shedinja\n|-activate|p2a: Shedinja|move: Protect\n|\n|upkeep\n|turn|84\n|\n|t:|1654011803\n|switch|p2a: Toxapex|Toxapex, F|78\/100\n|-damage|p2a: Toxapex|65\/100|[from] Stealth Rock\n|move|p1a: Landorus|U-turn|p2a: Toxapex\n|-resisted|p2a: Toxapex\n|-damage|p2a: Toxapex|58\/100\n|\n|t:|1654011806\n|switch|p1a: Tapu Koko|Tapu Koko|94\/100 brn|[from]move: U-turn\n|-fieldstart|move: Electric Terrain|[from] ability: Electric Surge|[of] p1a: Tapu Koko\n|\n|-heal|p2a: Toxapex|65\/100|[from] item: Black Sludge\n|-damage|p1a: Tapu Koko|88\/100 brn|[from] brn\n|upkeep\n|turn|85\n|\n|t:|1654011810\n|switch|p2a: Quagsire|Quagsire, F|100\/100\n|-damage|p2a: Quagsire|94\/100|[from] Stealth Rock\n|move|p1a: Tapu Koko|Thunderbolt|p2a: Quagsire\n|-immune|p2a: Quagsire\n|\n|-heal|p2a: Quagsire|100\/100|[from] item: Leftovers\n|-damage|p1a: Tapu Koko|82\/100 brn|[from] brn\n|upkeep\n|turn|86\n|\n|t:|1654011817\n|switch|p1a: Blissey|Blissey, F|100\/100\n|-damage|p1a: Blissey|88\/100|[from] Stealth Rock\n|-status|p1a: Blissey|psn\n|move|p2a: Quagsire|Earthquake|p1a: Blissey\n|-damage|p1a: Blissey|60\/100 psn\n|\n|-damage|p1a: Blissey|47\/100 psn|[from] psn\n|upkeep\n|turn|87\n|\n|t:|1654011827\n|switch|p2a: Skarmory|Skarmory, M|45\/100\n|-damage|p2a: Skarmory|32\/100|[from] Stealth Rock\n|move|p1a: Blissey|Soft-Boiled|p1a: Blissey\n|-heal|p1a: Blissey|97\/100 psn\n|\n|-damage|p1a: Blissey|85\/100 psn|[from] psn\n|upkeep\n|turn|88\n|\n|t:|1654011837\n|move|p2a: Skarmory|Roost|p2a: Skarmory\n|-heal|p2a: Skarmory|82\/100\n|-singleturn|p2a: Skarmory|move: Roost\n|move|p1a: Blissey|Seismic Toss|p2a: Skarmory\n|-damage|p2a: Skarmory|52\/100\n|\n|-damage|p1a: Blissey|72\/100 psn|[from] psn\n|-fieldend|move: Electric Terrain\n|upkeep\n|turn|89\n|\n|t:|1654011841\n|move|p2a: Skarmory|Roost|p2a: Skarmory\n|-heal|p2a: Skarmory|100\/100\n|-singleturn|p2a: Skarmory|move: Roost\n|move|p1a: Blissey|Soft-Boiled|p1a: Blissey\n|-heal|p1a: Blissey|100\/100 psn\n|\n|-damage|p1a: Blissey|88\/100 psn|[from] psn\n|upkeep\n|turn|90\n|\n|t:|1654011844\n|move|p2a: Skarmory|Spikes|p1a: Blissey\n|-sidestart|p1: MattSmith1|Spikes\n|move|p1a: Blissey|Teleport|p1a: Blissey\n|inactive|MattSmith1 has 120 seconds left.\n|\n|t:|1654011895\n|-curestatus|p1a: Blissey|psn|[from] ability: Natural Cure\n|switch|p1a: Tapu Koko|Tapu Koko|82\/100 brn|[from]move: Teleport\n|-fieldstart|move: Electric Terrain|[from] ability: Electric Surge|[of] p1a: Tapu Koko\n|\n|-damage|p1a: Tapu Koko|76\/100 brn|[from] brn\n|upkeep\n|turn|91\n|\n|t:|1654011903\n|switch|p2a: Quagsire|Quagsire, F|100\/100\n|-damage|p2a: Quagsire|94\/100|[from] Stealth Rock\n|move|p1a: Tapu Koko|Defog|p2a: Quagsire\n|-unboost|p2a: Quagsire|evasion|1\n|-sideend|p2: kokoukohiro|Stealth Rock|[from] move: Defog|[of] p1a: Tapu Koko\n|-sideend|p1: MattSmith1|Spikes|[from] move: Defog|[of] p1a: Tapu Koko\n|-sideend|p1: MattSmith1|Toxic Spikes|[from] move: Defog|[of] p1a: Tapu Koko\n|-sideend|p1: MattSmith1|Stealth Rock|[from] move: Defog|[of] p1a: Tapu Koko\n|-fieldend|move: Electric Terrain\n|\n|-heal|p2a: Quagsire|100\/100|[from] item: Leftovers\n|-damage|p1a: Tapu Koko|70\/100 brn|[from] brn\n|upkeep\n|turn|92\n|\n|t:|1654011911\n|switch|p1a: Blissey|Blissey, F|88\/100\n|move|p2a: Quagsire|Earthquake|p1a: Blissey\n|-damage|p1a: Blissey|63\/100\n|\n|upkeep\n|turn|93\n|\n|t:|1654011915\n|switch|p2a: Toxapex|Toxapex, F|98\/100\n|move|p1a: Blissey|Teleport|p1a: Blissey\n|\n|t:|1654011917\n|switch|p1a: Landorus|Landorus-Therian, M|79\/100|[from]move: Teleport\n|-ability|p1a: Landorus|Intimidate|boost\n|-unboost|p2a: Toxapex|atk|1\n|\n|-heal|p2a: Toxapex|100\/100|[from] item: Black Sludge\n|upkeep\n|turn|94\n|\n|t:|1654011919\n|move|p1a: Landorus|Earthquake|p2a: Toxapex\n|-supereffective|p2a: Toxapex\n|-damage|p2a: Toxapex|37\/100\n|move|p2a: Toxapex|Toxic Spikes|p1a: Landorus\n|-sidestart|p1: MattSmith1|move: Toxic Spikes\n|\n|-heal|p2a: Toxapex|44\/100|[from] item: Black Sludge\n|upkeep\n|turn|95\n|\n|t:|1654011927\n|switch|p2a: Skarmory|Skarmory, M|100\/100\n|move|p1a: Landorus|Stealth Rock|p2a: Skarmory\n|-sidestart|p2: kokoukohiro|move: Stealth Rock\n|\n|upkeep\n|turn|96\n|\n|t:|1654011932\n|move|p1a: Landorus|U-turn|p2a: Skarmory\n|-resisted|p2a: Skarmory\n|-damage|p2a: Skarmory|97\/100\n|\n|t:|1654011933\n|switch|p1a: Tapu Koko|Tapu Koko|70\/100 brn|[from]move: U-turn\n|-fieldstart|move: Electric Terrain|[from] ability: Electric Surge|[of] p1a: Tapu Koko\n|move|p2a: Skarmory|Spikes|p1a: Tapu Koko\n|-sidestart|p1: MattSmith1|Spikes\n|\n|-damage|p1a: Tapu Koko|64\/100 brn|[from] brn\n|upkeep\n|turn|97\n|\n|t:|1654011939\n|switch|p2a: Shedinja|Shedinja|100\/100\n|move|p1a: Tapu Koko|Roost|p1a: Tapu Koko\n|-heal|p1a: Tapu Koko|100\/100 brn\n|-singleturn|p1a: Tapu Koko|move: Roost\n|\n|-damage|p1a: Tapu Koko|94\/100 brn|[from] brn\n|upkeep\n|turn|98\n|\n|t:|1654011952\n|switch|p2a: Toxapex|Toxapex, F|77\/100\n|-damage|p2a: Toxapex|64\/100|[from] Stealth Rock\n|move|p1a: Tapu Koko|Defog|p2a: Toxapex\n|-unboost|p2a: Toxapex|evasion|1\n|-sideend|p2: kokoukohiro|Stealth Rock|[from] move: Defog|[of] p1a: Tapu Koko\n|-sideend|p1: MattSmith1|Spikes|[from] move: Defog|[of] p1a: Tapu Koko\n|-sideend|p1: MattSmith1|Toxic Spikes|[from] move: Defog|[of] p1a: Tapu Koko\n|-fieldend|move: Electric Terrain\n|\n|-heal|p2a: Toxapex|71\/100|[from] item: Black Sludge\n|-damage|p1a: Tapu Koko|88\/100 brn|[from] brn\n|upkeep\n|turn|99\n|\n|t:|1654011962\n|switch|p1a: Landorus|Landorus-Therian, M|79\/100\n|-ability|p1a: Landorus|Intimidate|boost\n|-unboost|p2a: Toxapex|atk|1\n|switch|p2a: Shedinja|Shedinja|100\/100\n|\n|upkeep\n|turn|100\n|\n|t:|1654011966\n|switch|p2a: Skarmory|Skarmory, M|97\/100\n|move|p1a: Landorus|Toxic|p2a: Skarmory\n|-immune|p2a: Skarmory\n|\n|upkeep\n|turn|101\n|\n|t:|1654011969\n|move|p1a: Landorus|Stealth Rock|p2a: Skarmory\n|-sidestart|p2: kokoukohiro|move: Stealth Rock\n|move|p2a: Skarmory|Spikes|p1a: Landorus\n|-sidestart|p1: MattSmith1|Spikes\n|\n|upkeep\n|turn|102\n|\n|t:|1654011972\n|move|p1a: Landorus|U-turn|p2a: Skarmory\n|-resisted|p2a: Skarmory\n|-damage|p2a: Skarmory|94\/100\n|\n|t:|1654011973\n|switch|p1a: Tapu Koko|Tapu Koko|88\/100 brn|[from]move: U-turn\n|-fieldstart|move: Electric Terrain|[from] ability: Electric Surge|[of] p1a: Tapu Koko\n|move|p2a: Skarmory|Spikes|p1a: Tapu Koko\n|-sidestart|p1: MattSmith1|Spikes\n|\n|-damage|p1a: Tapu Koko|82\/100 brn|[from] brn\n|upkeep\n|turn|103\n|\n|t:|1654011980\n|switch|p2a: Shedinja|Shedinja|100\/100\n|move|p1a: Tapu Koko|Nature's Madness|p2a: Shedinja\n|-immune|p2a: Shedinja|[from] ability: Wonder Guard\n|\n|-damage|p1a: Tapu Koko|76\/100 brn|[from] brn\n|upkeep\n|turn|104\n|\n|t:|1654011988\n|move|p2a: Shedinja|Protect|p2a: Shedinja\n|-singleturn|p2a: Shedinja|Protect\n|move|p1a: Tapu Koko|Roost|p1a: Tapu Koko\n|-heal|p1a: Tapu Koko|100\/100 brn\n|-singleturn|p1a: Tapu Koko|move: Roost\n|\n|-damage|p1a: Tapu Koko|94\/100 brn|[from] brn\n|upkeep\n|turn|105\n|\n|t:|1654011993\n|move|p2a: Shedinja|Protect||[still]\n|-fail|p2a: Shedinja\n|move|p1a: Tapu Koko|Defog|p2a: Shedinja\n|-unboost|p2a: Shedinja|evasion|1\n|-sideend|p2: kokoukohiro|Stealth Rock|[from] move: Defog|[of] p1a: Tapu Koko\n|-sideend|p1: MattSmith1|Spikes|[from] move: Defog|[of] p1a: Tapu Koko\n|-fieldend|move: Electric Terrain\n|\n|-damage|p1a: Tapu Koko|88\/100 brn|[from] brn\n|upkeep\n|turn|106\n|\n|t:|1654012001\n|switch|p1a: Blissey|Blissey, F|63\/100\n|switch|p2a: Toxapex|Toxapex, F|100\/100\n|\n|upkeep\n|turn|107\n|\n|t:|1654012005\n|move|p1a: Blissey|Aromatherapy|p1a: Blissey\n|-activate|p1a: Blissey|move: Aromatherapy\n|-curestatus|p1: Tapu Koko|brn|[msg]\n|move|p2a: Toxapex|Toxic Spikes|p1a: Blissey\n|-sidestart|p1: MattSmith1|move: Toxic Spikes\n|\n|upkeep\n|turn|108\n|\n|t:|1654012008\n|move|p2a: Toxapex|Toxic Spikes|p1a: Blissey\n|-sidestart|p1: MattSmith1|move: Toxic Spikes\n|move|p1a: Blissey|Teleport|p1a: Blissey\n|\n|t:|1654012011\n|switch|p1a: Tapu Koko|Tapu Koko|88\/100|[from]move: Teleport\n|-fieldstart|move: Electric Terrain|[from] ability: Electric Surge|[of] p1a: Tapu Koko\n|\n|upkeep\n|turn|109\n|\n|t:|1654012014\n|switch|p1a: Landorus|Landorus-Therian, M|79\/100\n|-ability|p1a: Landorus|Intimidate|boost\n|-unboost|p2a: Toxapex|atk|1\n|move|p2a: Toxapex|Knock Off|p1a: Landorus\n|-damage|p1a: Landorus|72\/100\n|\n|upkeep\n|turn|110\n|\n|t:|1654012020\n|switch|p2a: Skarmory|Skarmory, M|94\/100\n|move|p1a: Landorus|Stealth Rock|p2a: Skarmory\n|-sidestart|p2: kokoukohiro|move: Stealth Rock\n|\n|upkeep\n|turn|111\n|\n|t:|1654012023\n|move|p1a: Landorus|U-turn|p2a: Skarmory\n|-resisted|p2a: Skarmory\n|-damage|p2a: Skarmory|91\/100\n|\n|t:|1654012026\n|switch|p1a: Tapu Koko|Tapu Koko|88\/100|[from]move: U-turn\n|move|p2a: Skarmory|Roar|p1a: Tapu Koko\n|drag|p1a: Blissey|Blissey, F|63\/100\n|-status|p1a: Blissey|tox\n|\n|-damage|p1a: Blissey|57\/100 tox|[from] psn\n|upkeep\n|turn|112\n|\n|t:|1654012030\n|move|p1a: Blissey|Aromatherapy|p1a: Blissey\n|-activate|p1a: Blissey|move: Aromatherapy\n|-curestatus|p1a: Blissey|tox|[msg]\n|move|p2a: Skarmory|Roar|p1a: Blissey\n|drag|p1a: Tapu Koko|Tapu Koko|88\/100\n|\n|-fieldend|move: Electric Terrain\n|upkeep\n|turn|113\n|\n|t:|1654012037\n|switch|p2a: Shedinja|Shedinja|100\/100\n|move|p1a: Tapu Koko|Defog|p2a: Shedinja\n|-unboost|p2a: Shedinja|evasion|1\n|-sideend|p2: kokoukohiro|Stealth Rock|[from] move: Defog|[of] p1a: Tapu Koko\n|-sideend|p1: MattSmith1|Toxic Spikes|[from] move: Defog|[of] p1a: Tapu Koko\n|\n|upkeep\n|turn|114\n|\n|t:|1654012045\n|switch|p1a: Blissey|Blissey, F|57\/100\n|move|p2a: Shedinja|Will-O-Wisp|p1a: Blissey\n|-status|p1a: Blissey|brn\n|\n|-damage|p1a: Blissey|51\/100 brn|[from] brn\n|upkeep\n|turn|115\n|\n|t:|1654012050\n|switch|p2a: Skarmory|Skarmory, M|91\/100\n|move|p1a: Blissey|Soft-Boiled|p1a: Blissey\n|-heal|p1a: Blissey|100\/100 brn\n|\n|-damage|p1a: Blissey|94\/100 brn|[from] brn\n|upkeep\n|turn|116\n|\n|t:|1654012071\n|move|p2a: Skarmory|Spikes|p1a: Blissey\n|-sidestart|p1: MattSmith1|Spikes\n|move|p1a: Blissey|Teleport|p1a: Blissey\n|\n|t:|1654012076\n|-curestatus|p1a: Blissey|brn|[from] ability: Natural Cure\n|switch|p1a: Tapu Koko|Tapu Koko|88\/100|[from]move: Teleport\n|-fieldstart|move: Electric Terrain|[from] ability: Electric Surge|[of] p1a: Tapu Koko\n|\n|upkeep\n|turn|117\n|\n|t:|1654012080\n|switch|p1a: Buzzwole|Buzzwole|100\/100\n|switch|p2a: Shedinja|Shedinja|100\/100\n|\n|upkeep\n|turn|118\n|\n|t:|1654012085\n|move|p2a: Shedinja|Protect|p2a: Shedinja\n|-singleturn|p2a: Shedinja|Protect\n|move|p1a: Buzzwole|Toxic|p2a: Shedinja\n|-activate|p2a: Shedinja|move: Protect\n|\n|upkeep\n|turn|119\n|\n|t:|1654012088\n|switch|p2a: Toxapex|Toxapex, F|100\/100\n|move|p1a: Buzzwole|Close Combat|p2a: Toxapex\n|-resisted|p2a: Toxapex\n|-damage|p2a: Toxapex|83\/100\n|-unboost|p1a: Buzzwole|def|1\n|-unboost|p1a: Buzzwole|spd|1\n|\n|-heal|p2a: Toxapex|90\/100|[from] item: Black Sludge\n|upkeep\n|turn|120\n|\n|t:|1654012091\n|move|p1a: Buzzwole|Earthquake|p2a: Toxapex\n|-supereffective|p2a: Toxapex\n|-damage|p2a: Toxapex|55\/100\n|move|p2a: Toxapex|Toxic Spikes|p1a: Buzzwole\n|-sidestart|p1: MattSmith1|move: Toxic Spikes\n|\n|-heal|p2a: Toxapex|61\/100|[from] item: Black Sludge\n|-fieldend|move: Electric Terrain\n|upkeep\n|turn|121\n|\n|t:|1654012097\n|switch|p1a: Landorus|Landorus-Therian, M|72\/100\n|-ability|p1a: Landorus|Intimidate|boost\n|-unboost|p2a: Toxapex|atk|1\n|move|p2a: Toxapex|Toxic Spikes|p1a: Landorus\n|-sidestart|p1: MattSmith1|move: Toxic Spikes\n|\n|-heal|p2a: Toxapex|67\/100|[from] item: Black Sludge\n|upkeep\n|turn|122\n|\n|t:|1654012101\n|switch|p2a: Skarmory|Skarmory, M|91\/100\n|move|p1a: Landorus|U-turn|p2a: Skarmory\n|-resisted|p2a: Skarmory\n|-damage|p2a: Skarmory|88\/100\n|\n|t:|1654012105\n|switch|p1a: Tapu Koko|Tapu Koko|88\/100|[from]move: U-turn\n|-fieldstart|move: Electric Terrain|[from] ability: Electric Surge|[of] p1a: Tapu Koko\n|\n|upkeep\n|turn|123\n|\n|t:|1654012111\n|switch|p2a: Shedinja|Shedinja|100\/100\n|move|p1a: Tapu Koko|Defog|p2a: Shedinja\n|-unboost|p2a: Shedinja|evasion|1\n|-sideend|p1: MattSmith1|Spikes|[from] move: Defog|[of] p1a: Tapu Koko\n|-sideend|p1: MattSmith1|Toxic Spikes|[from] move: Defog|[of] p1a: Tapu Koko\n|-fieldend|move: Electric Terrain\n|\n|upkeep\n|turn|124\n|\n|t:|1654012137\n|switch|p1a: Blissey|Blissey, F|94\/100\n|move|p2a: Shedinja|Will-O-Wisp|p1a: Blissey\n|-status|p1a: Blissey|brn\n|\n|-damage|p1a: Blissey|88\/100 brn|[from] brn\n|upkeep\n|turn|125\n|\n|t:|1654012140\n|switch|p2a: Toxapex|Toxapex, F|100\/100\n|move|p1a: Blissey|Teleport|p1a: Blissey\n|\n|t:|1654012149\n|-curestatus|p1a: Blissey|brn|[from] ability: Natural Cure\n|switch|p1a: Landorus|Landorus-Therian, M|72\/100|[from]move: Teleport\n|-ability|p1a: Landorus|Intimidate|boost\n|-unboost|p2a: Toxapex|atk|1\n|\n|upkeep\n|turn|126\n|\n|t:|1654012152\n|move|p1a: Landorus|Earthquake|p2a: Toxapex\n|-supereffective|p2a: Toxapex\n|-damage|p2a: Toxapex|37\/100\n|move|p2a: Toxapex|Toxic Spikes|p1a: Landorus\n|-sidestart|p1: MattSmith1|move: Toxic Spikes\n|\n|-heal|p2a: Toxapex|44\/100|[from] item: Black Sludge\n|upkeep\n|turn|127\n|\n|t:|1654012156\n|switch|p2a: Skarmory|Skarmory, M|88\/100\n|move|p1a: Landorus|U-turn|p2a: Skarmory\n|-resisted|p2a: Skarmory\n|-damage|p2a: Skarmory|85\/100\n|\n|t:|1654012176\n|switch|p1a: Tapu Koko|Tapu Koko|88\/100|[from]move: U-turn\n|-fieldstart|move: Electric Terrain|[from] ability: Electric Surge|[of] p1a: Tapu Koko\n|\n|upkeep\n|turn|128\n|\n|t:|1654012180\n|switch|p2a: Shedinja|Shedinja|100\/100\n|move|p1a: Tapu Koko|Defog|p2a: Shedinja\n|-unboost|p2a: Shedinja|evasion|1\n|-sideend|p1: MattSmith1|Toxic Spikes|[from] move: Defog|[of] p1a: Tapu Koko\n|-fieldend|move: Electric Terrain\n|\n|upkeep\n|turn|129\n|inactive|MattSmith1 has 120 seconds left.\n|\n|t:|1654012197\n|switch|p1a: Dragapult|Dragapult, F|95\/100\n|move|p2a: Shedinja|Will-O-Wisp|p1a: Dragapult\n|-status|p1a: Dragapult|brn\n|\n|-damage|p1a: Dragapult|89\/100 brn|[from] brn\n|upkeep\n|turn|130\n|\n|t:|1654012206\n|switch|p2a: Clefable|Clefable, M|100\/100\n|move|p1a: Dragapult|Shadow Ball|p2a: Clefable\n|-damage|p2a: Clefable|62\/100\n|\n|-damage|p1a: Dragapult|83\/100 brn|[from] brn\n|upkeep\n|turn|131\n|\n|t:|1654012212\n|move|p1a: Dragapult|Shadow Ball|p2a: Clefable\n|-damage|p2a: Clefable|24\/100\n|-unboost|p2a: Clefable|spd|1\n|move|p2a: Clefable|Soft-Boiled|p2a: Clefable\n|-heal|p2a: Clefable|74\/100\n|\n|-damage|p1a: Dragapult|77\/100 brn|[from] brn\n|upkeep\n|turn|132\n|\n|t:|1654012216\n|switch|p1a: Blissey|Blissey, F|88\/100\n|switch|p2a: Blissey|Blissey, F|100\/100\n|\n|upkeep\n|turn|133\n|\n|t:|1654012222\n|switch|p2a: Toxapex|Toxapex, F|77\/100\n|move|p1a: Blissey|Seismic Toss|p2a: Toxapex\n|-damage|p2a: Toxapex|44\/100\n|\n|-heal|p2a: Toxapex|50\/100|[from] item: Black Sludge\n|upkeep\n|turn|134\n|\n|t:|1654012225\n|move|p1a: Blissey|Seismic Toss|p2a: Toxapex\n|-damage|p2a: Toxapex|17\/100\n|move|p2a: Toxapex|Toxic Spikes|p1a: Blissey\n|-sidestart|p1: MattSmith1|move: Toxic Spikes\n|\n|-heal|p2a: Toxapex|24\/100|[from] item: Black Sludge\n|upkeep\n|turn|135\n|\n|t:|1654012229\n|switch|p2a: Skarmory|Skarmory, M|85\/100\n|move|p1a: Blissey|Teleport|p1a: Blissey\n|\n|t:|1654012231\n|switch|p1a: Tapu Koko|Tapu Koko|88\/100|[from]move: Teleport\n|-fieldstart|move: Electric Terrain|[from] ability: Electric Surge|[of] p1a: Tapu Koko\n|\n|upkeep\n|turn|136\n|\n|t:|1654012241\n|switch|p2a: Quagsire|Quagsire, F|100\/100\n|move|p1a: Tapu Koko|Defog|p2a: Quagsire\n|-unboost|p2a: Quagsire|evasion|1\n|-sideend|p1: MattSmith1|Toxic Spikes|[from] move: Defog|[of] p1a: Tapu Koko\n|-fieldend|move: Electric Terrain\n|\n|upkeep\n|turn|137\n|\n|t:|1654012249\n|switch|p1a: Buzzwole|Buzzwole|100\/100\n|move|p2a: Quagsire|Toxic|p1a: Buzzwole\n|-status|p1a: Buzzwole|tox\n|\n|-damage|p1a: Buzzwole|94\/100 tox|[from] psn\n|upkeep\n|turn|138\n|\n|t:|1654012266\n|move|p1a: Buzzwole|Earthquake|p2a: Quagsire\n|-damage|p2a: Quagsire|80\/100\n|move|p2a: Quagsire|Scald|p1a: Buzzwole\n|-damage|p1a: Buzzwole|70\/100 tox\n|\n|-heal|p2a: Quagsire|86\/100|[from] item: Leftovers\n|-damage|p1a: Buzzwole|57\/100 tox|[from] psn\n|upkeep\n|turn|139\n|\n|t:|1654012271\n|switch|p1a: Blissey|Blissey, F|88\/100\n|move|p2a: Quagsire|Scald|p1a: Blissey\n|-damage|p1a: Blissey|81\/100\n|-status|p1a: Blissey|brn\n|\n|-heal|p2a: Quagsire|92\/100|[from] item: Leftovers\n|-damage|p1a: Blissey|74\/100 brn|[from] brn\n|upkeep\n|turn|140\n|\n|t:|1654012274\n|switch|p2a: Toxapex|Toxapex, F|57\/100\n|move|p1a: Blissey|Aromatherapy|p1a: Blissey\n|-activate|p1a: Blissey|move: Aromatherapy\n|-curestatus|p1a: Blissey|brn|[msg]\n|-curestatus|p1: Buzzwole|tox|[msg]\n|-curestatus|p1: Dragapult|brn|[msg]\n|\n|-heal|p2a: Toxapex|63\/100|[from] item: Black Sludge\n|upkeep\n|turn|141\n|\n|t:|1654012277\n|move|p2a: Toxapex|Toxic Spikes|p1a: Blissey\n|-sidestart|p1: MattSmith1|move: Toxic Spikes\n|move|p1a: Blissey|Teleport|p1a: Blissey\n|\n|t:|1654012279\n|switch|p1a: Landorus|Landorus-Therian, M|72\/100|[from]move: Teleport\n|-ability|p1a: Landorus|Intimidate|boost\n|-unboost|p2a: Toxapex|atk|1\n|\n|-heal|p2a: Toxapex|69\/100|[from] item: Black Sludge\n|upkeep\n|turn|142\n|\n|t:|1654012282\n|switch|p2a: Skarmory|Skarmory, M|85\/100\n|move|p1a: Landorus|Stealth Rock|p2a: Skarmory\n|-sidestart|p2: kokoukohiro|move: Stealth Rock\n|\n|upkeep\n|turn|143\n|\n|t:|1654012284\n|move|p1a: Landorus|U-turn|p2a: Skarmory\n|-resisted|p2a: Skarmory\n|-damage|p2a: Skarmory|82\/100\n|\n|t:|1654012287\n|switch|p1a: Tapu Koko|Tapu Koko|88\/100|[from]move: U-turn\n|-fieldstart|move: Electric Terrain|[from] ability: Electric Surge|[of] p1a: Tapu Koko\n|move|p2a: Skarmory|Spikes|p1a: Tapu Koko\n|-sidestart|p1: MattSmith1|Spikes\n|\n|upkeep\n|turn|144\n|\n|t:|1654012291\n|switch|p2a: Shedinja|Shedinja|100\/100\n|move|p1a: Tapu Koko|Defog|p2a: Shedinja\n|-unboost|p2a: Shedinja|evasion|1\n|-sideend|p2: kokoukohiro|Stealth Rock|[from] move: Defog|[of] p1a: Tapu Koko\n|-sideend|p1: MattSmith1|Spikes|[from] move: Defog|[of] p1a: Tapu Koko\n|-sideend|p1: MattSmith1|Toxic Spikes|[from] move: Defog|[of] p1a: Tapu Koko\n|-fieldend|move: Electric Terrain\n|\n|upkeep\n|turn|145\n|\n|t:|1654012295\n|switch|p1a: Landorus|Landorus-Therian, M|72\/100\n|-ability|p1a: Landorus|Intimidate|boost\n|-unboost|p2a: Shedinja|atk|1\n|move|p2a: Shedinja|Will-O-Wisp|p1a: Landorus\n|-status|p1a: Landorus|brn\n|\n|-damage|p1a: Landorus|66\/100 brn|[from] brn\n|upkeep\n|turn|146\n|\n|t:|1654012298\n|switch|p2a: Toxapex|Toxapex, F|100\/100\n|move|p1a: Landorus|Stealth Rock|p2a: Toxapex\n|-sidestart|p2: kokoukohiro|move: Stealth Rock\n|\n|-damage|p1a: Landorus|60\/100 brn|[from] brn\n|upkeep\n|turn|147\n|\n|t:|1654012305\n|switch|p1a: Blissey|Blissey, F|74\/100\n|move|p2a: Toxapex|Toxic Spikes|p1a: Blissey\n|-sidestart|p1: MattSmith1|move: Toxic Spikes\n|\n|upkeep\n|turn|148\n|\n|t:|1654012309\n|move|p1a: Blissey|Seismic Toss|p2a: Toxapex\n|-damage|p2a: Toxapex|68\/100\n|move|p2a: Toxapex|Toxic Spikes|p1a: Blissey\n|-sidestart|p1: MattSmith1|move: Toxic Spikes\n|\n|-heal|p2a: Toxapex|74\/100|[from] item: Black Sludge\n|upkeep\n|turn|149\n|\n|t:|1654012316\n|switch|p2a: Skarmory|Skarmory, M|82\/100\n|-damage|p2a: Skarmory|70\/100|[from] Stealth Rock\n|move|p1a: Blissey|Aromatherapy|p1a: Blissey\n|-activate|p1a: Blissey|move: Aromatherapy\n|-curestatus|p1: Landorus|brn|[msg]\n|\n|upkeep\n|turn|150\n|\n|t:|1654012320\n|move|p2a: Skarmory|Roar|p1a: Blissey\n|drag|p1a: Landorus|Landorus-Therian, M|60\/100\n|-ability|p1a: Landorus|Intimidate|boost\n|-unboost|p2a: Skarmory|atk|1\n|\n|upkeep\n|turn|151\n|\n|t:|1654012324\n|move|p1a: Landorus|U-turn|p2a: Skarmory\n|-resisted|p2a: Skarmory\n|-damage|p2a: Skarmory|66\/100\n|\n|t:|1654012326\n|switch|p1a: Tapu Koko|Tapu Koko|88\/100|[from]move: U-turn\n|-fieldstart|move: Electric Terrain|[from] ability: Electric Surge|[of] p1a: Tapu Koko\n|move|p2a: Skarmory|Roar|p1a: Tapu Koko\n|drag|p1a: Blissey|Blissey, F|74\/100\n|-status|p1a: Blissey|tox\n|\n|-damage|p1a: Blissey|68\/100 tox|[from] psn\n|upkeep\n|turn|152\n|\n|t:|1654012329\n|move|p2a: Skarmory|Roar|p1a: Blissey\n|-curestatus|p1a: Blissey|tox|[from] ability: Natural Cure\n|drag|p1a: Dragapult|Dragapult, F|77\/100\n|-status|p1a: Dragapult|tox\n|\n|-damage|p1a: Dragapult|71\/100 tox|[from] psn\n|upkeep\n|turn|153\n|\n|t:|1654012337\n|switch|p2a: Toxapex|Toxapex, F|100\/100\n|-damage|p2a: Toxapex|88\/100|[from] Stealth Rock\n|move|p1a: Dragapult|U-turn|p2a: Toxapex\n|-resisted|p2a: Toxapex\n|-crit|p2a: Toxapex\n|-damage|p2a: Toxapex|80\/100\n|\n|t:|1654012339\n|switch|p1a: Tapu Koko|Tapu Koko|88\/100|[from]move: U-turn\n|\n|-heal|p2a: Toxapex|87\/100|[from] item: Black Sludge\n|upkeep\n|turn|154\n|\n|t:|1654012344\n|switch|p2a: Shedinja|Shedinja|100\/100\n|move|p1a: Tapu Koko|Thunderbolt|p2a: Shedinja\n|-immune|p2a: Shedinja|[from] ability: Wonder Guard\n|\n|upkeep\n|turn|155\n|\n|t:|1654012358\n|move|p1a: Tapu Koko|Defog|p2a: Shedinja\n|-unboost|p2a: Shedinja|evasion|1\n|-sideend|p2: kokoukohiro|Stealth Rock|[from] move: Defog|[of] p1a: Tapu Koko\n|-sideend|p1: MattSmith1|Toxic Spikes|[from] move: Defog|[of] p1a: Tapu Koko\n|-fieldend|move: Electric Terrain\n|move|p2a: Shedinja|Will-O-Wisp|p1a: Tapu Koko\n|-status|p1a: Tapu Koko|brn\n|\n|-damage|p1a: Tapu Koko|82\/100 brn|[from] brn\n|upkeep\n|turn|156\n|\n|t:|1654012372\n|switch|p1a: Blissey|Blissey, F|68\/100\n|move|p2a: Shedinja|Poltergeist||[still]\n|-fail|p2a: Shedinja\n|\n|upkeep\n|turn|157\n|\n|t:|1654012384\n|switch|p2a: Toxapex|Toxapex, F|100\/100\n|move|p1a: Blissey|Teleport|p1a: Blissey\n|\n|t:|1654012396\n|switch|p1a: Landorus|Landorus-Therian, M|60\/100|[from]move: Teleport\n|-ability|p1a: Landorus|Intimidate|boost\n|-unboost|p2a: Toxapex|atk|1\n|\n|upkeep\n|turn|158\n|\n|t:|1654012399\n|move|p1a: Landorus|Earthquake|p2a: Toxapex\n|-supereffective|p2a: Toxapex\n|-damage|p2a: Toxapex|37\/100\n|move|p2a: Toxapex|Toxic Spikes|p1a: Landorus\n|-sidestart|p1: MattSmith1|move: Toxic Spikes\n|\n|-heal|p2a: Toxapex|44\/100|[from] item: Black Sludge\n|upkeep\n|turn|159\n|\n|t:|1654012401\n|switch|p2a: Skarmory|Skarmory, M|66\/100\n|move|p1a: Landorus|Stealth Rock|p2a: Skarmory\n|-sidestart|p2: kokoukohiro|move: Stealth Rock\n|\n|upkeep\n|turn|160\n|\n|t:|1654012406\n|move|p1a: Landorus|U-turn|p2a: Skarmory\n|-resisted|p2a: Skarmory\n|-damage|p2a: Skarmory|63\/100\n|\n|t:|1654012409\n|switch|p1a: Tapu Koko|Tapu Koko|82\/100 brn|[from]move: U-turn\n|-fieldstart|move: Electric Terrain|[from] ability: Electric Surge|[of] p1a: Tapu Koko\n|move|p2a: Skarmory|Spikes|p1a: Tapu Koko\n|-sidestart|p1: MattSmith1|Spikes\n|\n|-damage|p1a: Tapu Koko|76\/100 brn|[from] brn\n|upkeep\n|turn|161\n|\n|t:|1654012412\n|switch|p2a: Shedinja|Shedinja|100\/100\n|move|p1a: Tapu Koko|Thunderbolt|p2a: Shedinja\n|-immune|p2a: Shedinja|[from] ability: Wonder Guard\n|\n|-damage|p1a: Tapu Koko|70\/100 brn|[from] brn\n|upkeep\n|turn|162\n|\n|t:|1654012415\n|move|p1a: Tapu Koko|Defog|p2a: Shedinja\n|-unboost|p2a: Shedinja|evasion|1\n|-sideend|p2: kokoukohiro|Stealth Rock|[from] move: Defog|[of] p1a: Tapu Koko\n|-sideend|p1: MattSmith1|Spikes|[from] move: Defog|[of] p1a: Tapu Koko\n|-sideend|p1: MattSmith1|Toxic Spikes|[from] move: Defog|[of] p1a: Tapu Koko\n|-fieldend|move: Electric Terrain\n|move|p2a: Shedinja|Poltergeist|p1a: Tapu Koko\n|-activate|p1a: Tapu Koko|move: Poltergeist|Heavy-Duty Boots\n|-damage|p1a: Tapu Koko|10\/100 brn\n|\n|-damage|p1a: Tapu Koko|4\/100 brn|[from] brn\n|upkeep\n|turn|163\n|\n|t:|1654012434\n|switch|p1a: Blissey|Blissey, F|68\/100\n|move|p2a: Shedinja|Will-O-Wisp|p1a: Blissey\n|-status|p1a: Blissey|brn\n|\n|-damage|p1a: Blissey|62\/100 brn|[from] brn\n|upkeep\n|turn|164\n|\n|t:|1654012440\n|switch|p2a: Toxapex|Toxapex, F|77\/100\n|move|p1a: Blissey|Aromatherapy|p1a: Blissey\n|-activate|p1a: Blissey|move: Aromatherapy\n|-curestatus|p1a: Blissey|brn|[msg]\n|-curestatus|p1: Tapu Koko|brn|[msg]\n|-curestatus|p1: Dragapult|tox|[msg]\n|\n|-heal|p2a: Toxapex|83\/100|[from] item: Black Sludge\n|upkeep\n|turn|165\n|\n|t:|1654012443\n|move|p1a: Blissey|Seismic Toss|p2a: Toxapex\n|-damage|p2a: Toxapex|50\/100\n|move|p2a: Toxapex|Toxic Spikes|p1a: Blissey\n|-sidestart|p1: MattSmith1|move: Toxic Spikes\n|\n|-heal|p2a: Toxapex|56\/100|[from] item: Black Sludge\n|upkeep\n|turn|166\n|\n|t:|1654012445\n|move|p1a: Blissey|Seismic Toss|p2a: Toxapex\n|-damage|p2a: Toxapex|24\/100\n|move|p2a: Toxapex|Toxic Spikes|p1a: Blissey\n|-sidestart|p1: MattSmith1|move: Toxic Spikes\n|\n|-heal|p2a: Toxapex|30\/100|[from] item: Black Sludge\n|upkeep\n|turn|167\n|\n|t:|1654012449\n|switch|p2a: Skarmory|Skarmory, M|63\/100\n|move|p1a: Blissey|Teleport|p1a: Blissey\n|\n|t:|1654012450\n|switch|p1a: Tapu Koko|Tapu Koko|4\/100|[from]move: Teleport\n|-fieldstart|move: Electric Terrain|[from] ability: Electric Surge|[of] p1a: Tapu Koko\n|\n|upkeep\n|turn|168\n|\n|t:|1654012457\n|switch|p2a: Shedinja|Shedinja|100\/100\n|move|p1a: Tapu Koko|Roost|p1a: Tapu Koko\n|-heal|p1a: Tapu Koko|54\/100\n|-singleturn|p1a: Tapu Koko|move: Roost\n|\n|upkeep\n|turn|169\n|\n|t:|1654012461\n|switch|p1a: Blissey|Blissey, F|62\/100\n|-status|p1a: Blissey|tox\n|move|p2a: Shedinja|Poltergeist||[still]\n|-fail|p2a: Shedinja\n|\n|-damage|p1a: Blissey|56\/100 tox|[from] psn\n|upkeep\n|turn|170\n|\n|t:|1654012466\n|switch|p2a: Skarmory|Skarmory, M|63\/100\n|move|p1a: Blissey|Soft-Boiled|p1a: Blissey\n|-heal|p1a: Blissey|100\/100 tox\n|\n|-damage|p1a: Blissey|88\/100 tox|[from] psn\n|upkeep\n|turn|171\n|\n|t:|1654012469\n|move|p2a: Skarmory|Roar|p1a: Blissey\n|-curestatus|p1a: Blissey|tox|[from] ability: Natural Cure\n|drag|p1a: Tapu Koko|Tapu Koko|54\/100\n|\n|-fieldend|move: Electric Terrain\n|upkeep\n|turn|172\n|\n|t:|1654012473\n|switch|p2a: Shedinja|Shedinja|100\/100\n|move|p1a: Tapu Koko|Defog|p2a: Shedinja\n|-unboost|p2a: Shedinja|evasion|1\n|-sideend|p1: MattSmith1|Toxic Spikes|[from] move: Defog|[of] p1a: Tapu Koko\n|\n|upkeep\n|turn|173\n|\n|t:|1654012481\n|switch|p1a: Blissey|Blissey, F|88\/100\n|move|p2a: Shedinja|Will-O-Wisp|p1a: Blissey|[miss]\n|-miss|p2a: Shedinja|p1a: Blissey\n|\n|upkeep\n|turn|174\n|\n|t:|1654012486\n|switch|p2a: Toxapex|Toxapex, F|63\/100\n|move|p1a: Blissey|Teleport|p1a: Blissey\n|\n|t:|1654012488\n|switch|p1a: Landorus|Landorus-Therian, M|60\/100|[from]move: Teleport\n|-ability|p1a: Landorus|Intimidate|boost\n|-unboost|p2a: Toxapex|atk|1\n|\n|-heal|p2a: Toxapex|69\/100|[from] item: Black Sludge\n|upkeep\n|turn|175\n|\n|t:|1654012491\n|switch|p2a: Skarmory|Skarmory, M|63\/100\n|move|p1a: Landorus|Earthquake|p2a: Skarmory\n|-immune|p2a: Skarmory\n|\n|upkeep\n|turn|176\n|\n|t:|1654012494\n|move|p1a: Landorus|U-turn|p2a: Skarmory\n|-resisted|p2a: Skarmory\n|-damage|p2a: Skarmory|60\/100\n|\n|t:|1654012496\n|switch|p1a: Tapu Koko|Tapu Koko|54\/100|[from]move: U-turn\n|-fieldstart|move: Electric Terrain|[from] ability: Electric Surge|[of] p1a: Tapu Koko\n|move|p2a: Skarmory|Spikes|p1a: Tapu Koko\n|-sidestart|p1: MattSmith1|Spikes\n|\n|upkeep\n|turn|177\n|\n|t:|1654012500\n|switch|p1a: Landorus|Landorus-Therian, M|60\/100\n|-ability|p1a: Landorus|Intimidate|boost\n|-unboost|p2a: Skarmory|atk|1\n|switch|p2a: Shedinja|Shedinja|100\/100\n|\n|upkeep\n|turn|178\n|\n|t:|1654012506\n|switch|p2a: Skarmory|Skarmory, M|60\/100\n|move|p1a: Landorus|Stealth Rock|p2a: Skarmory\n|-sidestart|p2: kokoukohiro|move: Stealth Rock\n|\n|upkeep\n|turn|179\n|\n|t:|1654012510\n|move|p1a: Landorus|U-turn|p2a: Skarmory\n|-resisted|p2a: Skarmory\n|-damage|p2a: Skarmory|56\/100\n|\n|t:|1654012512\n|switch|p1a: Tapu Koko|Tapu Koko|54\/100|[from]move: U-turn\n|move|p2a: Skarmory|Spikes|p1a: Tapu Koko\n|-sidestart|p1: MattSmith1|Spikes\n|\n|upkeep\n|turn|180\n|\n|t:|1654012515\n|switch|p1a: Kartana|Kartana|100\/100\n|-damage|p1a: Kartana|84\/100|[from] Spikes\n|switch|p2a: Shedinja|Shedinja|100\/100\n|\n|-fieldend|move: Electric Terrain\n|upkeep\n|turn|181\n|\n|t:|1654012520\n|move|p2a: Shedinja|Protect|p2a: Shedinja\n|-singleturn|p2a: Shedinja|Protect\n|move|p1a: Kartana|Knock Off|p2a: Shedinja\n|-activate|p2a: Shedinja|move: Protect\n|\n|upkeep\n|turn|182\n|\n|t:|1654012528\n|switch|p2a: Toxapex|Toxapex, F|100\/100\n|-damage|p2a: Toxapex|88\/100|[from] Stealth Rock\n|move|p1a: Kartana|Knock Off|p2a: Toxapex\n|-damage|p2a: Toxapex|47\/100\n|-enditem|p2a: Toxapex|Black Sludge|[from] move: Knock Off|[of] p1a: Kartana\n|\n|upkeep\n|turn|183\n|\n|t:|1654012537\n|switch|p1a: Landorus|Landorus-Therian, M|60\/100\n|-ability|p1a: Landorus|Intimidate|boost\n|-unboost|p2a: Toxapex|atk|1\n|move|p2a: Toxapex|Recover|p2a: Toxapex\n|-heal|p2a: Toxapex|97\/100\n|\n|upkeep\n|turn|184\n|\n|t:|1654012543\n|switch|p2a: Skarmory|Skarmory, M|56\/100\n|-damage|p2a: Skarmory|44\/100|[from] Stealth Rock\n|move|p1a: Landorus|Earthquake|p2a: Skarmory\n|-immune|p2a: Skarmory\n|\n|upkeep\n|turn|185\n|\n|t:|1654012545\n|move|p1a: Landorus|U-turn|p2a: Skarmory\n|-resisted|p2a: Skarmory\n|-damage|p2a: Skarmory|41\/100\n|\n|t:|1654012547\n|switch|p1a: Tapu Koko|Tapu Koko|54\/100|[from]move: U-turn\n|-fieldstart|move: Electric Terrain|[from] ability: Electric Surge|[of] p1a: Tapu Koko\n|move|p2a: Skarmory|Roost|p2a: Skarmory\n|-heal|p2a: Skarmory|91\/100\n|-singleturn|p2a: Skarmory|move: Roost\n|\n|upkeep\n|turn|186\n|\n|t:|1654012551\n|switch|p2a: Shedinja|Shedinja|100\/100\n|move|p1a: Tapu Koko|Roost|p1a: Tapu Koko\n|-heal|p1a: Tapu Koko|100\/100\n|-singleturn|p1a: Tapu Koko|move: Roost\n|\n|upkeep\n|turn|187\n|\n|t:|1654012559\n|switch|p1a: Blissey|Blissey, F|88\/100\n|-damage|p1a: Blissey|72\/100|[from] Spikes\n|move|p2a: Shedinja|Will-O-Wisp|p1a: Blissey\n|-status|p1a: Blissey|brn\n|\n|-damage|p1a: Blissey|65\/100 brn|[from] brn\n|upkeep\n|turn|188\n|\n|t:|1654012563\n|switch|p2a: Toxapex|Toxapex, F|100\/100\n|-damage|p2a: Toxapex|88\/100|[from] Stealth Rock\n|move|p1a: Blissey|Teleport|p1a: Blissey\n|\n|t:|1654012566\n|-curestatus|p1a: Blissey|brn|[from] ability: Natural Cure\n|switch|p1a: Landorus|Landorus-Therian, M|60\/100|[from]move: Teleport\n|-ability|p1a: Landorus|Intimidate|boost\n|-unboost|p2a: Toxapex|atk|1\n|\n|upkeep\n|turn|189\n|\n|t:|1654012572\n|switch|p2a: Skarmory|Skarmory, M|91\/100\n|-damage|p2a: Skarmory|79\/100|[from] Stealth Rock\n|move|p1a: Landorus|Earthquake|p2a: Skarmory\n|-immune|p2a: Skarmory\n|\n|-fieldend|move: Electric Terrain\n|upkeep\n|turn|190\n|\n|t:|1654012578\n|move|p1a: Landorus|U-turn|p2a: Skarmory\n|-resisted|p2a: Skarmory\n|-damage|p2a: Skarmory|75\/100\n|\n|t:|1654012580\n|switch|p1a: Tapu Koko|Tapu Koko|100\/100|[from]move: U-turn\n|-fieldstart|move: Electric Terrain|[from] ability: Electric Surge|[of] p1a: Tapu Koko\n|move|p2a: Skarmory|Roar|p1a: Tapu Koko\n|drag|p1a: Buzzwole|Buzzwole|57\/100\n|\n|upkeep\n|turn|191\n|\n|t:|1654012588\n|move|p1a: Buzzwole|Roost|p1a: Buzzwole\n|-heal|p1a: Buzzwole|100\/100\n|-singleturn|p1a: Buzzwole|move: Roost\n|move|p2a: Skarmory|Roar|p1a: Buzzwole\n|drag|p1a: Tapu Koko|Tapu Koko|100\/100\n|\n|upkeep\n|turn|192\n|\n|t:|1654012596\n|switch|p2a: Shedinja|Shedinja|100\/100\n|move|p1a: Tapu Koko|Defog|p2a: Shedinja\n|-unboost|p2a: Shedinja|evasion|1\n|-sideend|p2: kokoukohiro|Stealth Rock|[from] move: Defog|[of] p1a: Tapu Koko\n|-sideend|p1: MattSmith1|Spikes|[from] move: Defog|[of] p1a: Tapu Koko\n|-fieldend|move: Electric Terrain\n|\n|upkeep\n|turn|193\n|\n|t:|1654012600\n|switch|p1a: Blissey|Blissey, F|65\/100\n|move|p2a: Shedinja|Will-O-Wisp|p1a: Blissey\n|-status|p1a: Blissey|brn\n|\n|-damage|p1a: Blissey|59\/100 brn|[from] brn\n|upkeep\n|turn|194\n|\n|t:|1654012605\n|switch|p2a: Toxapex|Toxapex, F|100\/100\n|-curestatus|p1a: Blissey|brn|[from] ability: Natural Cure\n|switch|p1a: Landorus|Landorus-Therian, M|60\/100\n|-ability|p1a: Landorus|Intimidate|boost\n|-unboost|p2a: Toxapex|atk|1\n|\n|upkeep\n|turn|195\n|\n|t:|1654012608\n|switch|p2a: Skarmory|Skarmory, M|75\/100\n|move|p1a: Landorus|Stealth Rock|p2a: Skarmory\n|-sidestart|p2: kokoukohiro|move: Stealth Rock\n|\n|upkeep\n|turn|196\n|\n|t:|1654012612\n|move|p1a: Landorus|U-turn|p2a: Skarmory\n|-resisted|p2a: Skarmory\n|-damage|p2a: Skarmory|72\/100\n|\n|t:|1654012614\n|switch|p1a: Tapu Koko|Tapu Koko|100\/100|[from]move: U-turn\n|-fieldstart|move: Electric Terrain|[from] ability: Electric Surge|[of] p1a: Tapu Koko\n|move|p2a: Skarmory|Spikes|p1a: Tapu Koko\n|-sidestart|p1: MattSmith1|Spikes\n|\n|upkeep\n|turn|197\n|\n|t:|1654012622\n|switch|p1a: Dragapult|Dragapult, F|71\/100\n|-damage|p1a: Dragapult|58\/100|[from] Spikes\n|switch|p2a: Shedinja|Shedinja|100\/100\n|\n|upkeep\n|turn|198\n|\n|t:|1654012627\n|switch|p2a: Toxapex|Toxapex, F|100\/100\n|-damage|p2a: Toxapex|88\/100|[from] Stealth Rock\n|move|p1a: Dragapult|Shadow Ball|p2a: Toxapex\n|-damage|p2a: Toxapex|43\/100\n|\n|upkeep\n|turn|199\n|\n|t:|1654012635\n|switch|p1a: Kartana|Kartana|84\/100\n|-damage|p1a: Kartana|72\/100|[from] Spikes\n|switch|p2a: Blissey|Blissey, F|100\/100\n|\n|upkeep\n|turn|200\n|\n|t:|1654012646\n|switch|p2a: Skarmory|Skarmory, M|72\/100\n|-damage|p2a: Skarmory|59\/100|[from] Stealth Rock\n|move|p1a: Kartana|Knock Off|p2a: Skarmory\n|-damage|p2a: Skarmory|23\/100\n|-enditem|p2a: Skarmory|Shed Shell|[from] move: Knock Off|[of] p1a: Kartana\n|\n|-fieldend|move: Electric Terrain\n|upkeep\n|turn|201\n|\n|t:|1654012651\n|move|p1a: Kartana|Knock Off|p2a: Skarmory\n|-damage|p2a: Skarmory|0 fnt\n|faint|p2a: Skarmory\n|-ability|p1a: Kartana|Beast Boost|boost\n|-boost|p1a: Kartana|atk|1\n|\n|upkeep\n|\n|t:|1654012658\n|switch|p2a: Toxapex|Toxapex, F|76\/100\n|-damage|p2a: Toxapex|63\/100|[from] Stealth Rock\n|turn|202\n|\n|t:|1654012665\n|switch|p1a: Landorus|Landorus-Therian, M|60\/100\n|-ability|p1a: Landorus|Intimidate|boost\n|-unboost|p2a: Toxapex|atk|1\n|move|p2a: Toxapex|Haze|p2a: Toxapex\n|-clearallboost\n|\n|upkeep\n|turn|203\n|\n|t:|1654012677\n|switch|p2a: Quagsire|Quagsire, F|92\/100\n|-damage|p2a: Quagsire|86\/100|[from] Stealth Rock\n|move|p1a: Landorus|Earthquake|p2a: Quagsire\n|-damage|p2a: Quagsire|54\/100\n|\n|-heal|p2a: Quagsire|60\/100|[from] item: Leftovers\n|upkeep\n|turn|204\n|\n|t:|1654012680\n|move|p1a: Landorus|Toxic|p2a: Quagsire\n|-status|p2a: Quagsire|tox\n|move|p2a: Quagsire|Recover|p2a: Quagsire\n|-heal|p2a: Quagsire|100\/100 tox\n|\n|-damage|p2a: Quagsire|94\/100 tox|[from] psn\n|upkeep\n|turn|205\n|\n|t:|1654012682\n|move|p1a: Landorus|U-turn|p2a: Quagsire\n|-damage|p2a: Quagsire|80\/100 tox\n|\n|t:|1654012684\n|switch|p1a: Blissey|Blissey, F|59\/100|[from]move: U-turn\n|-damage|p1a: Blissey|47\/100|[from] Spikes\n|move|p2a: Quagsire|Toxic|p1a: Blissey\n|-status|p1a: Blissey|tox\n|\n|-heal|p2a: Quagsire|86\/100 tox|[from] item: Leftovers\n|-damage|p1a: Blissey|41\/100 tox|[from] psn\n|-damage|p2a: Quagsire|74\/100 tox|[from] psn\n|upkeep\n|turn|206\n|\n|t:|1654012688\n|switch|p2a: Blissey|Blissey, F|100\/100\n|move|p1a: Blissey|Soft-Boiled|p1a: Blissey\n|-heal|p1a: Blissey|91\/100 tox\n|\n|-damage|p1a: Blissey|78\/100 tox|[from] psn\n|upkeep\n|turn|207\n|\n|t:|1654012691\n|move|p2a: Blissey|Aromatherapy|p2a: Blissey\n|-activate|p2a: Blissey|move: Aromatherapy\n|-curestatus|p2: Quagsire|tox|[msg]\n|move|p1a: Blissey|Teleport|p1a: Blissey\n|\n|t:|1654012699\n|-curestatus|p1a: Blissey|tox|[from] ability: Natural Cure\n|switch|p1a: Buzzwole|Buzzwole|100\/100|[from]move: Teleport\n|\n|upkeep\n|turn|208\n|\n|t:|1654012702\n|switch|p2a: Toxapex|Toxapex, F|97\/100\n|-damage|p2a: Toxapex|84\/100|[from] Stealth Rock\n|move|p1a: Buzzwole|Earthquake|p2a: Toxapex\n|-supereffective|p2a: Toxapex\n|-damage|p2a: Toxapex|47\/100\n|\n|upkeep\n|turn|209\n|\n|t:|1654012705\n|move|p1a: Buzzwole|Earthquake|p2a: Toxapex\n|-supereffective|p2a: Toxapex\n|-damage|p2a: Toxapex|14\/100\n|move|p2a: Toxapex|Recover|p2a: Toxapex\n|-heal|p2a: Toxapex|64\/100\n|\n|upkeep\n|turn|210\n|\n|t:|1654012707\n|move|p1a: Buzzwole|Earthquake|p2a: Toxapex\n|-supereffective|p2a: Toxapex\n|-damage|p2a: Toxapex|25\/100\n|move|p2a: Toxapex|Recover|p2a: Toxapex\n|-heal|p2a: Toxapex|75\/100\n|\n|upkeep\n|turn|211\n|\n|t:|1654012717\n|switch|p2a: Quagsire|Quagsire, F|74\/100\n|-damage|p2a: Quagsire|68\/100|[from] Stealth Rock\n|move|p1a: Buzzwole|Earthquake|p2a: Quagsire\n|-damage|p2a: Quagsire|45\/100\n|\n|-heal|p2a: Quagsire|51\/100|[from] item: Leftovers\n|upkeep\n|turn|212\n|\n|t:|1654012720\n|move|p1a: Buzzwole|Toxic|p2a: Quagsire\n|-status|p2a: Quagsire|tox\n|move|p2a: Quagsire|Recover|p2a: Quagsire\n|-heal|p2a: Quagsire|100\/100 tox\n|\n|-damage|p2a: Quagsire|94\/100 tox|[from] psn\n|upkeep\n|turn|213\n|\n|t:|1654012729\n|switch|p1a: Blissey|Blissey, F|78\/100\n|-damage|p1a: Blissey|66\/100|[from] Spikes\n|move|p2a: Quagsire|Toxic|p1a: Blissey\n|-status|p1a: Blissey|tox\n|\n|-heal|p2a: Quagsire|100\/100 tox|[from] item: Leftovers\n|-damage|p1a: Blissey|60\/100 tox|[from] psn\n|-damage|p2a: Quagsire|88\/100 tox|[from] psn\n|upkeep\n|turn|214\n|\n|t:|1654012733\n|switch|p2a: Blissey|Blissey, F|100\/100\n|move|p1a: Blissey|Soft-Boiled|p1a: Blissey\n|-heal|p1a: Blissey|100\/100 tox\n|\n|-damage|p1a: Blissey|88\/100 tox|[from] psn\n|upkeep\n|turn|215\n|\n|t:|1654012739\n|move|p2a: Blissey|Aromatherapy|p2a: Blissey\n|-activate|p2a: Blissey|move: Aromatherapy\n|-curestatus|p2: Quagsire|tox|[msg]\n|move|p1a: Blissey|Teleport|p1a: Blissey\n|\n|t:|1654012743\n|-curestatus|p1a: Blissey|tox|[from] ability: Natural Cure\n|switch|p1a: Kartana|Kartana|72\/100|[from]move: Teleport\n|-damage|p1a: Kartana|59\/100|[from] Spikes\n|\n|upkeep\n|turn|216\n|\n|t:|1654012750\n|switch|p2a: Toxapex|Toxapex, F|100\/100\n|-damage|p2a: Toxapex|88\/100|[from] Stealth Rock\n|move|p1a: Kartana|Sacred Sword|p2a: Toxapex\n|-resisted|p2a: Toxapex\n|-damage|p2a: Toxapex|69\/100\n|\n|upkeep\n|turn|217\n|\n|t:|1654012760\n|switch|p1a: Blissey|Blissey, F|88\/100\n|-damage|p1a: Blissey|76\/100|[from] Spikes\n|move|p2a: Toxapex|Knock Off|p1a: Blissey\n|-damage|p1a: Blissey|66\/100\n|\n|upkeep\n|turn|218\n|\n|t:|1654012763\n|move|p2a: Toxapex|Toxic Spikes|p1a: Blissey\n|-sidestart|p1: MattSmith1|move: Toxic Spikes\n|move|p1a: Blissey|Teleport|p1a: Blissey\n|\n|t:|1654012765\n|switch|p1a: Tapu Koko|Tapu Koko|100\/100|[from]move: Teleport\n|-fieldstart|move: Electric Terrain|[from] ability: Electric Surge|[of] p1a: Tapu Koko\n|\n|upkeep\n|turn|219\n|\n|t:|1654012769\n|switch|p2a: Shedinja|Shedinja|100\/100\n|move|p1a: Tapu Koko|Defog|p2a: Shedinja\n|-unboost|p2a: Shedinja|evasion|1\n|-sideend|p2: kokoukohiro|Stealth Rock|[from] move: Defog|[of] p1a: Tapu Koko\n|-sideend|p1: MattSmith1|Spikes|[from] move: Defog|[of] p1a: Tapu Koko\n|-sideend|p1: MattSmith1|Toxic Spikes|[from] move: Defog|[of] p1a: Tapu Koko\n|-fieldend|move: Electric Terrain\n|\n|upkeep\n|turn|220\n|\n|t:|1654012775\n|switch|p1a: Landorus|Landorus-Therian, M|60\/100\n|-ability|p1a: Landorus|Intimidate|boost\n|-unboost|p2a: Shedinja|atk|1\n|move|p2a: Shedinja|Will-O-Wisp|p1a: Landorus\n|-status|p1a: Landorus|brn\n|\n|-damage|p1a: Landorus|54\/100 brn|[from] brn\n|upkeep\n|turn|221\n|\n|t:|1654012787\n|switch|p2a: Toxapex|Toxapex, F|100\/100\n|move|p1a: Landorus|Stealth Rock|p2a: Toxapex\n|-sidestart|p2: kokoukohiro|move: Stealth Rock\n|\n|-damage|p1a: Landorus|48\/100 brn|[from] brn\n|upkeep\n|turn|222\n|\n|t:|1654012792\n|move|p1a: Landorus|U-turn|p2a: Toxapex\n|-resisted|p2a: Toxapex\n|-damage|p2a: Toxapex|97\/100\n|\n|t:|1654012796\n|switch|p1a: Tapu Koko|Tapu Koko|100\/100|[from]move: U-turn\n|-fieldstart|move: Electric Terrain|[from] ability: Electric Surge|[of] p1a: Tapu Koko\n|move|p2a: Toxapex|Toxic Spikes|p1a: Tapu Koko\n|-sidestart|p1: MattSmith1|move: Toxic Spikes\n|\n|upkeep\n|turn|223\n|\n|t:|1654012805\n|switch|p1a: Blissey|Blissey, F|66\/100\n|-status|p1a: Blissey|psn\n|switch|p2a: Shedinja|Shedinja|100\/100\n|\n|-damage|p1a: Blissey|54\/100 psn|[from] psn\n|upkeep\n|turn|224\n|\n|t:|1654012810\n|switch|p2a: Toxapex|Toxapex, F|100\/100\n|-damage|p2a: Toxapex|88\/100|[from] Stealth Rock\n|move|p1a: Blissey|Aromatherapy|p1a: Blissey\n|-activate|p1a: Blissey|move: Aromatherapy\n|-curestatus|p1a: Blissey|psn|[msg]\n|-curestatus|p1: Landorus|brn|[msg]\n|\n|upkeep\n|turn|225\n|\n|t:|1654012815\n|move|p1a: Blissey|Seismic Toss|p2a: Toxapex\n|-damage|p2a: Toxapex|55\/100\n|move|p2a: Toxapex|Toxic Spikes|p1a: Blissey\n|-sidestart|p1: MattSmith1|move: Toxic Spikes\n|\n|upkeep\n|turn|226\n|\n|t:|1654012820\n|switch|p2a: Shedinja|Shedinja|100\/100\n|move|p1a: Blissey|Seismic Toss|p2a: Shedinja\n|-immune|p2a: Shedinja|[from] ability: Wonder Guard\n|\n|-fieldend|move: Electric Terrain\n|upkeep\n|turn|227\n|\n|t:|1654012824\n|switch|p2a: Toxapex|Toxapex, F|88\/100\n|-damage|p2a: Toxapex|76\/100|[from] Stealth Rock\n|move|p1a: Blissey|Soft-Boiled|p1a: Blissey\n|-heal|p1a: Blissey|100\/100\n|\n|upkeep\n|turn|228\n|\n|t:|1654012828\n|move|p1a: Blissey|Seismic Toss|p2a: Toxapex\n|-damage|p2a: Toxapex|43\/100\n|move|p2a: Toxapex|Knock Off|p1a: Blissey\n|-damage|p1a: Blissey|91\/100\n|\n|upkeep\n|turn|229\n|\n|t:|1654012832\n|switch|p2a: Blissey|Blissey, F|100\/100\n|move|p1a: Blissey|Teleport|p1a: Blissey\n|\n|t:|1654012837\n|switch|p1a: Kartana|Kartana|59\/100|[from]move: Teleport\n|\n|upkeep\n|turn|230\n|\n|t:|1654012847\n|switch|p2a: Toxapex|Toxapex, F|76\/100\n|-damage|p2a: Toxapex|64\/100|[from] Stealth Rock\n|move|p1a: Kartana|Leaf Blade|p2a: Toxapex\n|-damage|p2a: Toxapex|11\/100\n|\n|upkeep\n|turn|231\n|\n|t:|1654012860\n|switch|p1a: Landorus|Landorus-Therian, M|48\/100\n|-ability|p1a: Landorus|Intimidate|boost\n|-unboost|p2a: Toxapex|atk|1\n|switch|p2a: Quagsire|Quagsire, F|88\/100\n|-damage|p2a: Quagsire|82\/100|[from] Stealth Rock\n|\n|-heal|p2a: Quagsire|88\/100|[from] item: Leftovers\n|upkeep\n|turn|232\n|c|\u2606MattSmith1|that was the best predict I\u2019ve ever seen\n|c|\u2606MattSmith1|wp\n|inactive|MattSmith1 has 120 seconds left.\n|\n|t:|1654012880\n|switch|p1a: Blissey|Blissey, F|91\/100\n|-status|p1a: Blissey|tox\n|move|p2a: Quagsire|Scald|p1a: Blissey\n|-damage|p1a: Blissey|84\/100 tox\n|\n|-heal|p2a: Quagsire|94\/100|[from] item: Leftovers\n|-damage|p1a: Blissey|78\/100 tox|[from] psn\n|upkeep\n|turn|233\n|inactive|MattSmith1 has 120 seconds left.\n|\n|t:|1654012890\n|switch|p2a: Toxapex|Toxapex, F|44\/100\n|-damage|p2a: Toxapex|32\/100|[from] Stealth Rock\n|move|p1a: Blissey|Teleport|p1a: Blissey\n|\n|t:|1654012896\n|-curestatus|p1a: Blissey|tox|[from] ability: Natural Cure\n|switch|p1a: Kartana|Kartana|59\/100|[from]move: Teleport\n|\n|upkeep\n|turn|234\n|\n|t:|1654012903\n|switch|p2a: Shedinja|Shedinja|100\/100\n|move|p1a: Kartana|Knock Off|p2a: Shedinja\n|-supereffective|p2a: Shedinja\n|-damage|p2a: Shedinja|0 fnt\n|-enditem|p2a: Shedinja|Heavy-Duty Boots|[from] move: Knock Off|[of] p1a: Kartana\n|faint|p2a: Shedinja\n|-ability|p1a: Kartana|Beast Boost|boost\n|-boost|p1a: Kartana|atk|1\n|\n|upkeep\n|-message|kokoukohiro forfeited.\n|\n|win|MattSmith1\n|raw|MattSmith1's rating: 1452 &rarr; <strong>1475<\/strong><br \/>(+23 for winning)\n|raw|kokoukohiro's rating: 1500 &rarr; <strong>1477<\/strong><br \/>(-23 for losing)\n|l|\u2606kokoukohiro\n||Ladder isn't responding, score probably updated but might not have (Request timeout).\n","uploadtime":1654012921,"views":7,"p1id":"mattsmith1","p2id":"kokoukohiro","formatid":"gen8ou","rating":1475,"private":0,"password":null}