{"id":"gen8pu-1293890110","p1":"PedroGreg","p2":"Return To Monkey","format":"gen8pu","log":"|j|\u2606PedroGreg\n|j|\u2606Return To Monkey\n|inactive|Battle timer is ON: inactive players will automatically lose when time's up.\n|t:|1614805565\n|player|p1|PedroGreg|elesa|\n|player|p2|Return To Monkey|shelly|\n|teamsize|p1|6\n|teamsize|p2|6\n|gametype|singles\n|gen|8\n|tier|[Gen 8] PU\n|rated|Tournament battle\n|clearpoke\n|poke|p1|Passimian, F|\n|poke|p1|Regirock|\n|poke|p1|Aromatisse, F|\n|poke|p1|Silvally-*|\n|poke|p1|Sableye, M|\n|poke|p1|Heliolisk, F|\n|poke|p2|Lycanroc, F|\n|poke|p2|Gigalith, M|\n|poke|p2|Sandslash, M|\n|poke|p2|Stoutland, F|\n|poke|p2|Sandaconda, F|\n|poke|p2|Ludicolo, F|\n|rule|Sleep Clause Mod: Limit one foe put to sleep\n|rule|Species Clause: Limit one of each Pok\u00e9mon\n|rule|OHKO Clause: OHKO moves are banned\n|rule|Evasion Moves Clause: Evasion moves are banned\n|rule|Endless Battle Clause: Forcing endless battles is banned\n|rule|HP Percentage Mod: HP is shown in percentages\n|rule|Dynamax Clause: You cannot dynamax\n|teampreview\n|inactive|Return To Monkey also wants the timer to be on.\n|c|\u2606PedroGreg|hf\n|c|\u2606Return To Monkey|Como vcs deixam time meme chegar na final\n|c|\u2606Return To Monkey|Hf\n|inactive|Return To Monkey has 120 seconds left.\n|\n|t:|1614805596\n|start\n|switch|p1a: Sableye|Sableye, M|100\/100\n|switch|p2a: Gigalith|Gigalith, M|100\/100\n|-weather|Sandstorm|[from] ability: Sand Stream|[of] p2a: Gigalith\n|turn|1\n|\n|t:|1614805603\n|move|p1a: Sableye|Taunt|p2a: Gigalith\n|-start|p2a: Gigalith|move: Taunt\n|cant|p2a: Gigalith|move: Taunt|Toxic\n|\n|-weather|Sandstorm|[upkeep]\n|-damage|p1a: Sableye|94\/100|[from] Sandstorm\n|-heal|p1a: Sableye|100\/100|[from] item: Leftovers\n|upkeep\n|turn|2\n|j| Andresa<3\n|\n|t:|1614805612\n|switch|p2a: Ludicolo|Ludicolo, F|100\/100\n|move|p1a: Sableye|Will-O-Wisp|p2a: Ludicolo\n|-status|p2a: Ludicolo|brn\n|\n|-weather|Sandstorm|[upkeep]\n|-damage|p2a: Ludicolo|95\/100 brn|[from] Sandstorm\n|-damage|p1a: Sableye|94\/100|[from] Sandstorm\n|-heal|p1a: Sableye|100\/100|[from] item: Leftovers\n|-damage|p2a: Ludicolo|89\/100 brn|[from] brn\n|upkeep\n|turn|3\n|j|+Woopersons 42\n|\n|t:|1614805622\n|switch|p1a: Silvally|Silvally-Steel|100\/100\n|move|p2a: Ludicolo|Scald|p1a: Silvally\n|-damage|p1a: Silvally|65\/100\n|-damage|p2a: Ludicolo|79\/100 brn|[from] item: Life Orb\n|\n|-weather|Sandstorm|[upkeep]\n|-damage|p2a: Ludicolo|73\/100 brn|[from] Sandstorm\n|-damage|p2a: Ludicolo|67\/100 brn|[from] brn\n|upkeep\n|turn|4\n|\n|t:|1614805630\n|move|p1a: Silvally|Parting Shot|p2a: Ludicolo\n|-unboost|p2a: Ludicolo|atk|1\n|-unboost|p2a: Ludicolo|spa|1\n|j| mundo bita\n|\n|t:|1614805638\n|switch|p1a: Aromatisse|Aromatisse, F|100\/100|[from]move: Parting Shot\n|move|p2a: Ludicolo|Scald|p1a: Aromatisse\n|-damage|p1a: Aromatisse|72\/100\n|-damage|p2a: Ludicolo|57\/100 brn|[from] item: Life Orb\n|\n|-weather|Sandstorm|[upkeep]\n|-damage|p2a: Ludicolo|51\/100 brn|[from] Sandstorm\n|-damage|p1a: Aromatisse|66\/100|[from] Sandstorm\n|-damage|p2a: Ludicolo|45\/100 brn|[from] brn\n|upkeep\n|turn|5\n|\n|t:|1614805649\n|switch|p2a: Sandslash|Sandslash, M|100\/100\n|move|p1a: Aromatisse|Wish|p1a: Aromatisse\n|\n|-weather|Sandstorm|[upkeep]\n|-damage|p1a: Aromatisse|60\/100|[from] Sandstorm\n|upkeep\n|turn|6\n|j| Rixphi\n|j| danikroos\n|l| Rixphi\n|\n|t:|1614805660\n|switch|p1a: Sableye|Sableye, M|100\/100\n|move|p2a: Sandslash|Knock Off|p1a: Sableye\n|-damage|p1a: Sableye|69\/100\n|-enditem|p1a: Sableye|Leftovers|[from] move: Knock Off|[of] p2a: Sandslash\n|\n|-weather|Sandstorm|[upkeep]\n|-damage|p1a: Sableye|63\/100|[from] Sandstorm\n|-heal|p1a: Sableye|100\/100|[from] move: Wish|[wisher] Aromatisse\n|upkeep\n|turn|7\n|\n|t:|1614805669\n|switch|p2a: Ludicolo|Ludicolo, F|45\/100 brn\n|move|p1a: Sableye|Will-O-Wisp|p2a: Ludicolo\n|-fail|p2a: Ludicolo|brn\n|\n|-weather|Sandstorm|[upkeep]\n|-damage|p2a: Ludicolo|39\/100 brn|[from] Sandstorm\n|-damage|p1a: Sableye|94\/100|[from] Sandstorm\n|-damage|p2a: Ludicolo|33\/100 brn|[from] brn\n|upkeep\n|turn|8\n|\n|t:|1614805680\n|switch|p1a: Silvally|Silvally-Steel|65\/100\n|move|p2a: Ludicolo|Giga Drain|p1a: Silvally\n|-resisted|p1a: Silvally\n|-damage|p1a: Silvally|50\/100\n|-heal|p2a: Ludicolo|43\/100 brn|[from] drain|[of] p1a: Silvally\n|-damage|p2a: Ludicolo|33\/100 brn|[from] item: Life Orb\n|\n|-weather|none\n|-damage|p2a: Ludicolo|27\/100 brn|[from] brn\n|upkeep\n|turn|9\n|l| danikroos\n|\n|t:|1614805688\n|switch|p2a: Sandaconda|Sandaconda, F|100\/100\n|move|p1a: Silvally|Multi-Attack|p2a: Sandaconda\n|-damage|p2a: Sandaconda|70\/100\n|-weather|Sandstorm|[from] ability: Sand Spit|[of] p2a: Sandaconda\n|\n|-weather|Sandstorm|[upkeep]\n|upkeep\n|turn|10\n|\n|t:|1614805700\n|move|p1a: Silvally|Parting Shot|p2a: Sandaconda\n|-unboost|p2a: Sandaconda|atk|1\n|-unboost|p2a: Sandaconda|spa|1\n|\n|t:|1614805705\n|switch|p1a: Sableye|Sableye, M|94\/100|[from]move: Parting Shot\n|move|p2a: Sandaconda|Glare|p1a: Sableye\n|-status|p1a: Sableye|par\n|\n|-weather|Sandstorm|[upkeep]\n|-damage|p1a: Sableye|88\/100 par|[from] Sandstorm\n|upkeep\n|turn|11\n|\n|t:|1614805717\n|switch|p2a: Ludicolo|Ludicolo, F|27\/100 brn\n|switch|p1a: Regirock|Regirock|100\/100\n|\n|-weather|Sandstorm|[upkeep]\n|-damage|p2a: Ludicolo|21\/100 brn|[from] Sandstorm\n|-damage|p2a: Ludicolo|15\/100 brn|[from] brn\n|upkeep\n|turn|12\n|\n|t:|1614805741\n|move|p1a: Regirock|Protect|p1a: Regirock\n|-singleturn|p1a: Regirock|Protect\n|move|p2a: Ludicolo|Weather Ball|p1a: Regirock\n|-activate|p1a: Regirock|move: Protect\n|\n|-weather|Sandstorm|[upkeep]\n|-damage|p2a: Ludicolo|9\/100 brn|[from] Sandstorm\n|-damage|p2a: Ludicolo|3\/100 brn|[from] brn\n|upkeep\n|turn|13\n|\n|t:|1614805754\n|switch|p1a: Silvally|Silvally-Steel|50\/100\n|move|p2a: Ludicolo|Scald|p1a: Silvally\n|-damage|p1a: Silvally|15\/100\n|-status|p1a: Silvally|brn\n|-damage|p2a: Ludicolo|0 fnt|[from] item: Life Orb\n|faint|p2a: Ludicolo\n|\n|-weather|Sandstorm|[upkeep]\n|-damage|p1a: Silvally|9\/100 brn|[from] brn\n|upkeep\n|\n|t:|1614805766\n|switch|p2a: Lycanroc|Lycanroc, F|100\/100\n|turn|14\n|\n|t:|1614805776\n|switch|p1a: Regirock|Regirock|100\/100\n|move|p2a: Lycanroc|Drill Run|p1a: Regirock\n|-supereffective|p1a: Regirock\n|-damage|p1a: Regirock|71\/100\n|-damage|p2a: Lycanroc|91\/100|[from] item: Life Orb\n|\n|-weather|Sandstorm|[upkeep]\n|-heal|p1a: Regirock|77\/100|[from] item: Leftovers\n|upkeep\n|turn|15\n|\n|t:|1614805789\n|switch|p2a: Sandslash|Sandslash, M|100\/100\n|move|p1a: Regirock|Body Press|p2a: Sandslash\n|-damage|p2a: Sandslash|57\/100\n|\n|-weather|Sandstorm|[upkeep]\n|-heal|p1a: Regirock|83\/100|[from] item: Leftovers\n|upkeep\n|turn|16\n|\n|t:|1614805798\n|move|p2a: Sandslash|Knock Off|p1a: Regirock\n|-damage|p1a: Regirock|71\/100\n|-enditem|p1a: Regirock|Leftovers|[from] move: Knock Off|[of] p2a: Sandslash\n|move|p1a: Regirock|Body Press|p2a: Sandslash\n|-damage|p2a: Sandslash|8\/100\n|\n|-weather|none\n|upkeep\n|turn|17\n|c| mundo bita|Return To Monkey, o wooper tinha desativado o pokedois pra n\u00f3s n\u00e3o pegarmos pok\u00e9mons\n|\n|t:|1614805807\n|switch|p1a: Silvally|Silvally-Steel|9\/100 brn\n|move|p2a: Sandslash|Earthquake|p1a: Silvally\n|-supereffective|p1a: Silvally\n|-damage|p1a: Silvally|0 fnt\n|faint|p1a: Silvally\n|\n|upkeep\n|\n|t:|1614805810\n|switch|p1a: Passimian|Passimian, F|100\/100\n|turn|18\n|\n|t:|1614805819\n|switch|p2a: Sandaconda|Sandaconda, F|70\/100\n|move|p1a: Passimian|Close Combat|p2a: Sandaconda\n|-damage|p2a: Sandaconda|21\/100\n|-unboost|p1a: Passimian|def|1\n|-unboost|p1a: Passimian|spd|1\n|-weather|Sandstorm|[from] ability: Sand Spit|[of] p2a: Sandaconda\n|\n|-weather|Sandstorm|[upkeep]\n|-damage|p1a: Passimian|94\/100|[from] Sandstorm\n|upkeep\n|turn|19\n|c|+Woopersons 42|n\u00e3o tinha lol\n|\n|t:|1614805832\n|move|p1a: Passimian|Close Combat|p2a: Sandaconda\n|-damage|p2a: Sandaconda|0 fnt\n|-unboost|p1a: Passimian|def|1\n|-unboost|p1a: Passimian|spd|1\n|faint|p2a: Sandaconda\n|\n|-weather|Sandstorm|[upkeep]\n|-damage|p1a: Passimian|88\/100|[from] Sandstorm\n|upkeep\n|c| mundo bita|tinha sim\n|\n|t:|1614805836\n|switch|p2a: Sandslash|Sandslash, M|8\/100\n|turn|20\n|inactive|PedroGreg has 120 seconds left.\n|\n|t:|1614805869\n|switch|p1a: Heliolisk|Heliolisk, F|100\/100\n|move|p2a: Sandslash|Earthquake|p1a: Heliolisk\n|-supereffective|p1a: Heliolisk\n|-damage|p1a: Heliolisk|0 fnt\n|faint|p1a: Heliolisk\n|\n|-weather|Sandstorm|[upkeep]\n|upkeep\n|inactive|PedroGreg has 120 seconds left.\n|\n|t:|1614805884\n|switch|p1a: Passimian|Passimian, F|88\/100\n|turn|21\n|\n|t:|1614805889\n|move|p2a: Sandslash|Knock Off|p1a: Passimian\n|-resisted|p1a: Passimian\n|-damage|p1a: Passimian|71\/100\n|-enditem|p1a: Passimian|Choice Scarf|[from] move: Knock Off|[of] p2a: Sandslash\n|move|p1a: Passimian|U-turn|p2a: Sandslash\n|-damage|p2a: Sandslash|0 fnt\n|faint|p2a: Sandslash\n|j| obey the walruss\n|inactive|PedroGreg has 120 seconds left.\n|\n|t:|1614805895\n|switch|p1a: Regirock|Regirock|71\/100|[from]move: U-turn\n|\n|-weather|Sandstorm|[upkeep]\n|upkeep\n|\n|t:|1614805909\n|switch|p2a: Lycanroc|Lycanroc, F|91\/100\n|turn|22\n|\n|t:|1614805914\n|move|p2a: Lycanroc|Close Combat|p1a: Regirock\n|-supereffective|p1a: Regirock\n|-damage|p1a: Regirock|27\/100\n|-unboost|p2a: Lycanroc|def|1\n|-unboost|p2a: Lycanroc|spd|1\n|-damage|p2a: Lycanroc|81\/100|[from] item: Life Orb\n|move|p1a: Regirock|Body Press|p2a: Lycanroc\n|-supereffective|p2a: Lycanroc\n|-damage|p2a: Lycanroc|0 fnt\n|faint|p2a: Lycanroc\n|\n|-weather|Sandstorm|[upkeep]\n|upkeep\n|\n|t:|1614805918\n|switch|p2a: Stoutland|Stoutland, F|100\/100\n|turn|23\n|\n|t:|1614805932\n|move|p1a: Regirock|Protect|p1a: Regirock\n|-singleturn|p1a: Regirock|Protect\n|move|p2a: Stoutland|Superpower|p1a: Regirock\n|-activate|p1a: Regirock|move: Protect\n|\n|-weather|Sandstorm|[upkeep]\n|upkeep\n|turn|24\n|\n|t:|1614805939\n|switch|p1a: Sableye|Sableye, M|88\/100 par\n|move|p2a: Stoutland|Substitute|p2a: Stoutland\n|-start|p2a: Stoutland|Substitute\n|-damage|p2a: Stoutland|76\/100\n|\n|-weather|Sandstorm|[upkeep]\n|-damage|p1a: Sableye|82\/100 par|[from] Sandstorm\n|upkeep\n|turn|25\n|\n|t:|1614805945\n|move|p1a: Sableye|Taunt|p2a: Stoutland\n|-start|p2a: Stoutland|move: Taunt\n|move|p2a: Stoutland|Crunch|p1a: Sableye\n|-damage|p1a: Sableye|46\/100 par\n|-damage|p2a: Stoutland|66\/100|[from] item: Life Orb\n|\n|-weather|none\n|upkeep\n|turn|26\n|\n|t:|1614805973\n|move|p1a: Sableye|Recover|p1a: Sableye\n|-heal|p1a: Sableye|96\/100 par\n|move|p2a: Stoutland|Ice Fang|p1a: Sableye\n|-damage|p1a: Sableye|68\/100 par\n|-damage|p2a: Stoutland|56\/100|[from] item: Life Orb\n|\n|upkeep\n|turn|27\n|\n|t:|1614805985\n|switch|p1a: Aromatisse|Aromatisse, F|60\/100\n|move|p2a: Stoutland|Crunch|p1a: Aromatisse\n|-resisted|p1a: Aromatisse\n|-damage|p1a: Aromatisse|48\/100\n|-damage|p2a: Stoutland|46\/100|[from] item: Life Orb\n|\n|-end|p2a: Stoutland|move: Taunt\n|upkeep\n|turn|28\n|\n|t:|1614805992\n|move|p2a: Stoutland|Ice Fang|p1a: Aromatisse\n|-damage|p1a: Aromatisse|25\/100\n|-damage|p2a: Stoutland|36\/100|[from] item: Life Orb\n|move|p1a: Aromatisse|Aromatherapy|p1a: Aromatisse\n|-activate|p1a: Aromatisse|move: Aromatherapy\n|-curestatus|p1: Sableye|par|[msg]\n|\n|upkeep\n|turn|29\n|j| salamence-alola\n|\n|t:|1614806000\n|move|p2a: Stoutland|Ice Fang|p1a: Aromatisse\n|-damage|p1a: Aromatisse|5\/100\n|-damage|p2a: Stoutland|26\/100|[from] item: Life Orb\n|move|p1a: Aromatisse|Wish|p1a: Aromatisse\n|\n|upkeep\n|turn|30\n|\n|t:|1614806008\n|move|p1a: Aromatisse|Protect|p1a: Aromatisse\n|-singleturn|p1a: Aromatisse|Protect\n|move|p2a: Stoutland|Ice Fang|p1a: Aromatisse\n|-activate|p1a: Aromatisse|move: Protect\n|\n|-heal|p1a: Aromatisse|55\/100|[from] move: Wish|[wisher] Aromatisse\n|upkeep\n|turn|31\n|\n|t:|1614806012\n|move|p2a: Stoutland|Ice Fang|p1a: Aromatisse\n|-damage|p1a: Aromatisse|35\/100\n|-damage|p2a: Stoutland|16\/100|[from] item: Life Orb\n|move|p1a: Aromatisse|Wish|p1a: Aromatisse\n|\n|upkeep\n|turn|32\n|-message|Return To Monkey forfeited.\n|\n|win|PedroGreg\n|n|\u2606PedroGreg|pedrogreg\n|n|\u2606Return To Monkey|returntomonkey\n|n| Andresa<3|andresa3\n|n| Woopersons 42|woopersons42\n|n| mundo bita|mundobita\n|n| obey the walruss|obeythewalruss\n|n| salamence-alola|salamencealola\n","uploadtime":1614806026,"views":8,"p1id":"pedrogreg","p2id":"returntomonkey","formatid":"gen8pu","rating":0,"private":0,"password":null}