{"id":"gen8monotype-1592087731","p1":"Eclipse77","p2":"Conartistry","format":"gen8monotype","log":"|j|\u2606Eclipse77\n|j|\u2606Conartistry\n|t:|1654717733\n|gametype|singles\n|player|p1|Eclipse77|kahili|1521\n|player|p2|Conartistry|will|1654\n|teamsize|p1|6\n|teamsize|p2|6\n|gen|8\n|tier|[Gen 8] Monotype\n|rated|\n|rule|Same Type Clause: Pok\u00e9mon in a team must share a type\n|rule|Sleep Clause Mod: Limit one foe put to sleep\n|rule|Species Clause: Limit one of each Pok\u00e9mon\n|rule|OHKO Clause: OHKO moves are banned\n|rule|Evasion Moves Clause: Evasion moves are banned\n|rule|Endless Battle Clause: Forcing endless battles is banned\n|rule|HP Percentage Mod: HP is shown in percentages\n|rule|Dynamax Clause: You cannot dynamax\n|clearpoke\n|poke|p1|Slowking, F|\n|poke|p1|Urshifu-*, F|\n|poke|p1|Tapu Fini|\n|poke|p1|Toxapex, M|\n|poke|p1|Gastrodon, M|\n|poke|p1|Rotom-Wash|\n|poke|p2|Tyranitar, M|\n|poke|p2|Mandibuzz, F|\n|poke|p2|Bisharp, M|\n|poke|p2|Sableye, F|\n|poke|p2|Zarude|\n|poke|p2|Hydreigon, F|\n|teampreview\n|\n|t:|1654717740\n|start\n|switch|p1a: Take This Mantine|Rotom-Wash, shiny|100\/100\n|switch|p2a: Monkey Business|Zarude|100\/100\n|turn|1\n|\n|t:|1654717750\n|move|p1a: Take This Mantine|Trick|p2a: Monkey Business\n|-activate|p1a: Take This Mantine|move: Trick|[of] p2a: Monkey Business\n|-item|p2a: Monkey Business|Choice Scarf|[from] move: Trick\n|-item|p1a: Take This Mantine|Choice Band|[from] move: Trick\n|move|p2a: Monkey Business|Power Whip|p1a: Take This Mantine\n|-supereffective|p1a: Take This Mantine\n|-damage|p1a: Take This Mantine|0 fnt\n|faint|p1a: Take This Mantine\n|\n|upkeep\n|\n|t:|1654717755\n|switch|p1a: JJ|Toxapex, M, shiny|100\/100\n|turn|2\n|\n|t:|1654717757\n|switch|p2a: Terminitar|Tyranitar, M|100\/100\n|-weather|Sandstorm|[from] ability: Sand Stream|[of] p2a: Terminitar\n|move|p1a: JJ|Toxic|p2a: Terminitar\n|-status|p2a: Terminitar|tox\n|\n|-weather|Sandstorm|[upkeep]\n|-damage|p1a: JJ|94\/100|[from] Sandstorm\n|-heal|p1a: JJ|100\/100|[from] item: Black Sludge\n|-damage|p2a: Terminitar|94\/100 tox|[from] psn\n|upkeep\n|turn|3\n|\n|t:|1654717761\n|switch|p1a: Crit Machine|Urshifu-Rapid-Strike, F|100\/100\n|move|p2a: Terminitar|Stealth Rock|p1a: Crit Machine\n|-sidestart|p1: Eclipse77|move: Stealth Rock\n|\n|-weather|Sandstorm|[upkeep]\n|-damage|p1a: Crit Machine|94\/100|[from] Sandstorm\n|-heal|p2a: Terminitar|100\/100 tox|[from] item: Leftovers\n|-damage|p2a: Terminitar|88\/100 tox|[from] psn\n|upkeep\n|turn|4\n|\n|t:|1654717766\n|switch|p2a: Voodoo|Mandibuzz, F|100\/100\n|move|p1a: Crit Machine|U-turn|p2a: Voodoo\n|-damage|p2a: Voodoo|81\/100\n|\n|t:|1654717769\n|switch|p1a: Tapu Fini|Tapu Fini, shiny|100\/100|[from]move: U-turn\n|-damage|p1a: Tapu Fini|88\/100|[from] Stealth Rock\n|-fieldstart|move: Misty Terrain|[from] ability: Misty Surge|[of] p1a: Tapu Fini\n|\n|-weather|Sandstorm|[upkeep]\n|-damage|p1a: Tapu Fini|82\/100|[from] Sandstorm\n|-heal|p1a: Tapu Fini|88\/100|[from] item: Leftovers\n|upkeep\n|turn|5\n|\n|t:|1654717773\n|move|p1a: Tapu Fini|Defog|p2a: Voodoo\n|-unboost|p2a: Voodoo|evasion|1\n|-sideend|p1: Eclipse77|Stealth Rock|[from] move: Defog|[of] p1a: Tapu Fini\n|-fieldend|Misty Terrain\n|move|p2a: Voodoo|U-turn|p1a: Tapu Fini\n|-resisted|p1a: Tapu Fini\n|-damage|p1a: Tapu Fini|85\/100\n|\n|t:|1654717776\n|switch|p2a: Monkey Business|Zarude|100\/100|[from]move: U-turn\n|\n|-weather|Sandstorm|[upkeep]\n|-damage|p2a: Monkey Business|95\/100|[from] Sandstorm\n|-damage|p1a: Tapu Fini|78\/100|[from] Sandstorm\n|-heal|p1a: Tapu Fini|85\/100|[from] item: Leftovers\n|upkeep\n|turn|6\n|\n|t:|1654717786\n|move|p2a: Monkey Business|U-turn|p1a: Tapu Fini\n|-resisted|p1a: Tapu Fini\n|-damage|p1a: Tapu Fini|77\/100\n|\n|t:|1654717788\n|switch|p2a: Terminitar|Tyranitar, M|88\/100 tox|[from]move: U-turn\n|move|p1a: Tapu Fini|Draining Kiss|p2a: Terminitar\n|-supereffective|p2a: Terminitar\n|-damage|p2a: Terminitar|74\/100 tox\n|-heal|p1a: Tapu Fini|89\/100|[from] drain|[of] p2a: Terminitar\n|\n|-weather|none\n|-heal|p1a: Tapu Fini|96\/100|[from] item: Leftovers\n|-heal|p2a: Terminitar|80\/100 tox|[from] item: Leftovers\n|-damage|p2a: Terminitar|74\/100 tox|[from] psn\n|upkeep\n|turn|7\n|\n|t:|1654717803\n|switch|p1a: Please No Grass|Gastrodon, M|100\/100\n|move|p2a: Terminitar|Stealth Rock|p1a: Please No Grass\n|-sidestart|p1: Eclipse77|move: Stealth Rock\n|\n|-heal|p2a: Terminitar|80\/100 tox|[from] item: Leftovers\n|-damage|p2a: Terminitar|68\/100 tox|[from] psn\n|upkeep\n|turn|8\n|\n|t:|1654717843\n|switch|p2a: Monkey Business|Zarude|95\/100\n|move|p1a: Please No Grass|Toxic|p2a: Monkey Business\n|-status|p2a: Monkey Business|tox\n|\n|-damage|p2a: Monkey Business|89\/100 tox|[from] psn\n|upkeep\n|turn|9\n|j| Helente\n|\n|t:|1654717850\n|switch|p1a: JJ|Toxapex, M, shiny|100\/100\n|-damage|p1a: JJ|88\/100|[from] Stealth Rock\n|move|p2a: Monkey Business|Power Whip|p1a: JJ\n|-damage|p1a: JJ|53\/100\n|\n|-heal|p1a: JJ|59\/100|[from] item: Black Sludge\n|-damage|p2a: Monkey Business|77\/100 tox|[from] psn\n|upkeep\n|turn|10\n|\n|t:|1654717854\n|switch|p2a: Black King|Bisharp, M|100\/100\n|move|p1a: JJ|Recover|p1a: JJ\n|-heal|p1a: JJ|100\/100\n|\n|upkeep\n|turn|11\n|inactive|Battle timer is ON: inactive players will automatically lose when time's up. (requested by Eclipse77)\n|j| ShyGirl7\n|\n|t:|1654717876\n|switch|p1a: Crit Machine|Urshifu-Rapid-Strike, F|94\/100\n|-damage|p1a: Crit Machine|88\/100|[from] Stealth Rock\n|move|p2a: Black King|Swords Dance|p2a: Black King\n|-boost|p2a: Black King|atk|2\n|\n|upkeep\n|turn|12\n|c|\u2606Eclipse77|mmmm that's a black king right there\n|\n|t:|1654717883\n|switch|p2a: Voodoo|Mandibuzz, F|81\/100\n|move|p1a: Crit Machine|Close Combat|p2a: Voodoo\n|-damage|p2a: Voodoo|25\/100\n|-unboost|p1a: Crit Machine|def|1\n|-unboost|p1a: Crit Machine|spd|1\n|\n|upkeep\n|turn|13\n|\n|t:|1654717887\n|switch|p1a: Tapu Fini|Tapu Fini, shiny|96\/100\n|-damage|p1a: Tapu Fini|83\/100|[from] Stealth Rock\n|-fieldstart|move: Misty Terrain|[from] ability: Misty Surge|[of] p1a: Tapu Fini\n|move|p2a: Voodoo|Roost|p2a: Voodoo\n|-heal|p2a: Voodoo|75\/100\n|-singleturn|p2a: Voodoo|move: Roost\n|\n|-heal|p1a: Tapu Fini|89\/100|[from] item: Leftovers\n|upkeep\n|turn|14\n|\n|t:|1654717895\n|switch|p2a: Black King|Bisharp, M|100\/100\n|move|p1a: Tapu Fini|Draining Kiss|p2a: Black King\n|-damage|p2a: Black King|72\/100\n|-heal|p1a: Tapu Fini|100\/100|[from] drain|[of] p2a: Black King\n|\n|upkeep\n|turn|15\n|\n|t:|1654717903\n|switch|p1a: Please No Grass|Gastrodon, M|100\/100\n|-damage|p1a: Please No Grass|94\/100|[from] Stealth Rock\n|move|p2a: Black King|Swords Dance|p2a: Black King\n|-boost|p2a: Black King|atk|2\n|\n|-heal|p1a: Please No Grass|100\/100|[from] item: Leftovers\n|upkeep\n|turn|16\n|\n|t:|1654717904\n|move|p2a: Black King|Knock Off|p1a: Please No Grass\n|-damage|p1a: Please No Grass|10\/100\n|-enditem|p1a: Please No Grass|Leftovers|[from] move: Knock Off|[of] p2a: Black King\n|move|p1a: Please No Grass|Earth Power|p2a: Black King\n|-supereffective|p2a: Black King\n|-damage|p2a: Black King|0 fnt\n|faint|p2a: Black King\n|\n|upkeep\n|\n|t:|1654717908\n|switch|p2a: Monkey Business|Zarude|77\/100 tox\n|turn|17\n|\n|t:|1654717910\n|switch|p1a: JJ|Toxapex, M, shiny|100\/100\n|-damage|p1a: JJ|88\/100|[from] Stealth Rock\n|move|p2a: Monkey Business|Darkest Lariat|p1a: JJ\n|-damage|p1a: JJ|64\/100\n|\n|-heal|p1a: JJ|70\/100|[from] item: Black Sludge\n|-damage|p2a: Monkey Business|71\/100 tox|[from] psn\n|-fieldend|Misty Terrain\n|upkeep\n|turn|18\n|\n|t:|1654717924\n|switch|p2a: Terminitar|Tyranitar, M|68\/100 tox\n|-weather|Sandstorm|[from] ability: Sand Stream|[of] p2a: Terminitar\n|switch|p1a: Crit Machine|Urshifu-Rapid-Strike, F|88\/100\n|-damage|p1a: Crit Machine|82\/100|[from] Stealth Rock\n|\n|-weather|Sandstorm|[upkeep]\n|-damage|p1a: Crit Machine|76\/100|[from] Sandstorm\n|-heal|p2a: Terminitar|74\/100 tox|[from] item: Leftovers\n|-damage|p2a: Terminitar|68\/100 tox|[from] psn\n|upkeep\n|turn|19\n|\n|t:|1654717927\n|switch|p2a: Voodoo|Mandibuzz, F|75\/100\n|move|p1a: Crit Machine|Close Combat|p2a: Voodoo\n|-damage|p2a: Voodoo|25\/100\n|-unboost|p1a: Crit Machine|def|1\n|-unboost|p1a: Crit Machine|spd|1\n|\n|-weather|Sandstorm|[upkeep]\n|-damage|p1a: Crit Machine|70\/100|[from] Sandstorm\n|upkeep\n|turn|20\n|\n|t:|1654717931\n|switch|p1a: Tapu Fini|Tapu Fini, shiny|100\/100\n|-damage|p1a: Tapu Fini|88\/100|[from] Stealth Rock\n|-fieldstart|move: Misty Terrain|[from] ability: Misty Surge|[of] p1a: Tapu Fini\n|switch|p2a: Crystal|Sableye, F|100\/100\n|\n|-weather|Sandstorm|[upkeep]\n|-damage|p1a: Tapu Fini|82\/100|[from] Sandstorm\n|-damage|p2a: Crystal|94\/100|[from] Sandstorm\n|-heal|p1a: Tapu Fini|88\/100|[from] item: Leftovers\n|-heal|p2a: Crystal|100\/100|[from] item: Leftovers\n|upkeep\n|turn|21\n|\n|t:|1654717935\n|move|p2a: Crystal|Taunt|p1a: Tapu Fini\n|-start|p1a: Tapu Fini|move: Taunt\n|cant|p1a: Tapu Fini|move: Taunt|Defog\n|\n|-weather|Sandstorm|[upkeep]\n|-damage|p1a: Tapu Fini|82\/100|[from] Sandstorm\n|-damage|p2a: Crystal|94\/100|[from] Sandstorm\n|-heal|p1a: Tapu Fini|88\/100|[from] item: Leftovers\n|-heal|p2a: Crystal|100\/100|[from] item: Leftovers\n|upkeep\n|turn|22\n|\n|t:|1654717938\n|switch|p2a: Terminitar|Tyranitar, M|68\/100 tox\n|move|p1a: Tapu Fini|Draining Kiss|p2a: Terminitar\n|-supereffective|p2a: Terminitar\n|-damage|p2a: Terminitar|55\/100 tox\n|-heal|p1a: Tapu Fini|99\/100|[from] drain|[of] p2a: Terminitar\n|\n|-weather|none\n|-heal|p1a: Tapu Fini|100\/100|[from] item: Leftovers\n|-heal|p2a: Terminitar|61\/100 tox|[from] item: Leftovers\n|-damage|p2a: Terminitar|55\/100 tox|[from] psn\n|upkeep\n|turn|23\n|\n|t:|1654717943\n|switch|p1a: Crit Machine|Urshifu-Rapid-Strike, F|70\/100\n|-damage|p1a: Crit Machine|64\/100|[from] Stealth Rock\n|move|p2a: Terminitar|Heavy Slam|p1a: Crit Machine\n|-resisted|p1a: Crit Machine\n|-damage|p1a: Crit Machine|57\/100\n|\n|-heal|p2a: Terminitar|61\/100 tox|[from] item: Leftovers\n|-damage|p2a: Terminitar|49\/100 tox|[from] psn\n|upkeep\n|turn|24\n|\n|t:|1654717948\n|switch|p2a: Voodoo|Mandibuzz, F|25\/100\n|move|p1a: Crit Machine|Surging Strikes|p2a: Voodoo\n|-crit|p2a: Voodoo\n|-damage|p2a: Voodoo|8\/100\n|-crit|p2a: Voodoo\n|-damage|p2a: Voodoo|0 fnt\n|faint|p2a: Voodoo\n|-hitcount|p2: Voodoo|2\n|\n|-fieldend|Misty Terrain\n|upkeep\n|\n|t:|1654717950\n|switch|p2a: Monkey Business|Zarude|71\/100 tox\n|turn|25\n|\n|t:|1654717952\n|switch|p1a: JJ|Toxapex, M, shiny|100\/100\n|-damage|p1a: JJ|88\/100|[from] Stealth Rock\n|move|p2a: Monkey Business|Power Whip|p1a: JJ\n|-damage|p1a: JJ|50\/100\n|\n|-heal|p1a: JJ|56\/100|[from] item: Black Sludge\n|-damage|p2a: Monkey Business|65\/100 tox|[from] psn\n|upkeep\n|turn|26\n|\n|t:|1654717958\n|move|p2a: Monkey Business|Power Whip|p1a: JJ\n|-damage|p1a: JJ|18\/100\n|move|p1a: JJ|Recover|p1a: JJ\n|-heal|p1a: JJ|68\/100\n|\n|-heal|p1a: JJ|75\/100|[from] item: Black Sludge\n|-damage|p2a: Monkey Business|53\/100 tox|[from] psn\n|upkeep\n|turn|27\n|\n|t:|1654717966\n|switch|p2a: Crystal|Sableye, F|100\/100\n|move|p1a: JJ|Recover|p1a: JJ\n|-heal|p1a: JJ|100\/100\n|\n|upkeep\n|turn|28\n|\n|t:|1654717969\n|switch|p1a: Tapu Fini|Tapu Fini, shiny|100\/100\n|-damage|p1a: Tapu Fini|88\/100|[from] Stealth Rock\n|-fieldstart|move: Misty Terrain|[from] ability: Misty Surge|[of] p1a: Tapu Fini\n|move|p2a: Crystal|Taunt|p1a: Tapu Fini\n|-start|p1a: Tapu Fini|move: Taunt\n|\n|-heal|p1a: Tapu Fini|94\/100|[from] item: Leftovers\n|upkeep\n|turn|29\n|\n|t:|1654717971\n|switch|p2a: Terminitar|Tyranitar, M|49\/100 tox\n|-weather|Sandstorm|[from] ability: Sand Stream|[of] p2a: Terminitar\n|move|p1a: Tapu Fini|Draining Kiss|p2a: Terminitar\n|-supereffective|p2a: Terminitar\n|-damage|p2a: Terminitar|35\/100 tox\n|-heal|p1a: Tapu Fini|100\/100|[from] drain|[of] p2a: Terminitar\n|\n|-weather|Sandstorm|[upkeep]\n|-damage|p1a: Tapu Fini|94\/100|[from] Sandstorm\n|-heal|p1a: Tapu Fini|100\/100|[from] item: Leftovers\n|-heal|p2a: Terminitar|41\/100 tox|[from] item: Leftovers\n|-damage|p2a: Terminitar|35\/100 tox|[from] psn\n|upkeep\n|turn|30\n|\n|t:|1654717977\n|move|p1a: Tapu Fini|Draining Kiss|p2a: Terminitar\n|-supereffective|p2a: Terminitar\n|-damage|p2a: Terminitar|21\/100 tox\n|move|p2a: Terminitar|Rock Blast|p1a: Tapu Fini\n|-damage|p1a: Tapu Fini|93\/100\n|-damage|p1a: Tapu Fini|85\/100\n|-damage|p1a: Tapu Fini|78\/100\n|-damage|p1a: Tapu Fini|71\/100\n|-hitcount|p1a: Tapu Fini|4\n|\n|-weather|Sandstorm|[upkeep]\n|-damage|p1a: Tapu Fini|65\/100|[from] Sandstorm\n|-heal|p1a: Tapu Fini|71\/100|[from] item: Leftovers\n|-heal|p2a: Terminitar|27\/100 tox|[from] item: Leftovers\n|-damage|p2a: Terminitar|15\/100 tox|[from] psn\n|-end|p1a: Tapu Fini|move: Taunt\n|upkeep\n|turn|31\n|\n|t:|1654717984\n|move|p1a: Tapu Fini|Scald|p2a: Terminitar\n|-supereffective|p2a: Terminitar\n|-damage|p2a: Terminitar|0 fnt\n|faint|p2a: Terminitar\n|\n|-weather|Sandstorm|[upkeep]\n|-damage|p1a: Tapu Fini|65\/100|[from] Sandstorm\n|-heal|p1a: Tapu Fini|71\/100|[from] item: Leftovers\n|upkeep\n|\n|t:|1654718003\n|switch|p2a: Monkey Business|Zarude|53\/100 tox\n|turn|32\n|\n|t:|1654718006\n|switch|p1a: JJ|Toxapex, M, shiny|100\/100\n|-damage|p1a: JJ|88\/100|[from] Stealth Rock\n|move|p2a: Monkey Business|U-turn|p1a: JJ\n|-resisted|p1a: JJ\n|-damage|p1a: JJ|81\/100\n|\n|t:|1654718008\n|switch|p2a: Ursula|Hydreigon, F|100\/100|[from]move: U-turn\n|\n|-weather|Sandstorm|[upkeep]\n|-damage|p2a: Ursula|94\/100|[from] Sandstorm\n|-damage|p1a: JJ|75\/100|[from] Sandstorm\n|-heal|p2a: Ursula|100\/100|[from] item: Leftovers\n|-heal|p1a: JJ|81\/100|[from] item: Black Sludge\n|-fieldend|Misty Terrain\n|upkeep\n|turn|33\n|\n|t:|1654718010\n|switch|p1a: Tapu Fini|Tapu Fini, shiny|71\/100\n|-damage|p1a: Tapu Fini|59\/100|[from] Stealth Rock\n|-fieldstart|move: Misty Terrain|[from] ability: Misty Surge|[of] p1a: Tapu Fini\n|move|p2a: Ursula|Substitute|p2a: Ursula\n|-start|p2a: Ursula|Substitute\n|-damage|p2a: Ursula|76\/100\n|\n|-weather|none\n|-heal|p2a: Ursula|82\/100|[from] item: Leftovers\n|-heal|p1a: Tapu Fini|65\/100|[from] item: Leftovers\n|upkeep\n|turn|34\n|\n|t:|1654718014\n|move|p2a: Ursula|Nasty Plot|p2a: Ursula\n|-boost|p2a: Ursula|spa|2\n|move|p1a: Tapu Fini|Draining Kiss|p2a: Ursula\n|-supereffective|p2a: Ursula\n|-end|p2a: Ursula|Substitute\n|-heal|p1a: Tapu Fini|82\/100|[from] drain|[of] p2a: Ursula\n|\n|-heal|p2a: Ursula|88\/100|[from] item: Leftovers\n|-heal|p1a: Tapu Fini|89\/100|[from] item: Leftovers\n|upkeep\n|turn|35\n|\n|t:|1654718016\n|move|p2a: Ursula|Dark Pulse|p1a: Tapu Fini\n|-resisted|p1a: Tapu Fini\n|-damage|p1a: Tapu Fini|58\/100\n|move|p1a: Tapu Fini|Draining Kiss|p2a: Ursula\n|-supereffective|p2a: Ursula\n|-damage|p2a: Ursula|13\/100\n|-heal|p1a: Tapu Fini|100\/100|[from] drain|[of] p2a: Ursula\n|\n|-heal|p2a: Ursula|19\/100|[from] item: Leftovers\n|upkeep\n|turn|36\n|\n|t:|1654718019\n|move|p2a: Ursula|Dark Pulse|p1a: Tapu Fini\n|-resisted|p1a: Tapu Fini\n|-damage|p1a: Tapu Fini|67\/100\n|move|p1a: Tapu Fini|Draining Kiss|p2a: Ursula\n|-supereffective|p2a: Ursula\n|-damage|p2a: Ursula|0 fnt\n|-heal|p1a: Tapu Fini|80\/100|[from] drain|[of] p2a: Ursula\n|faint|p2a: Ursula\n|\n|-heal|p1a: Tapu Fini|87\/100|[from] item: Leftovers\n|upkeep\n|\n|t:|1654718022\n|switch|p2a: Monkey Business|Zarude|53\/100 tox\n|turn|37\n|\n|t:|1654718024\n|switch|p1a: JJ|Toxapex, M, shiny|100\/100\n|-damage|p1a: JJ|88\/100|[from] Stealth Rock\n|move|p2a: Monkey Business|Power Whip|p1a: JJ\n|-damage|p1a: JJ|51\/100\n|\n|-heal|p1a: JJ|58\/100|[from] item: Black Sludge\n|-damage|p2a: Monkey Business|47\/100 tox|[from] psn\n|-fieldend|Misty Terrain\n|upkeep\n|turn|38\n|c|\u2606Conartistry|gg\n|-message|Conartistry forfeited.\n|\n|win|Eclipse77\n|raw|Eclipse77's rating: 1532 &rarr; <strong>1559<\/strong><br \/>(+27 for winning)\n|raw|Conartistry's rating: 1654 &rarr; <strong>1627<\/strong><br \/>(-27 for losing)\n|l|\u2606Conartistry\n||Ladder isn't responding, score probably updated but might not have (Request timeout).\n","uploadtime":1654717881,"views":4,"p1id":"eclipse77","p2id":"conartistry","formatid":"gen8monotype","rating":1559,"private":0,"password":null}