{"id":"gen8doublesou-1688055349","p1":"Sia's Fan xx)","p2":"Darkman64","format":"gen8doublesou","log":"|j|\u2606Sia's Fan xx)\n|j|\u2606Darkman64\n|t:|1666029564\n|gametype|doubles\n|player|p1|Sia's Fan xx)|olivia|1521\n|player|p2|Darkman64|juan|1544\n|teamsize|p1|6\n|teamsize|p2|6\n|gen|8\n|tier|[Gen 8] Doubles OU\n|rated|\n|rule|Species Clause: Limit one of each Pok\u00e9mon\n|rule|OHKO Clause: OHKO moves are banned\n|rule|Evasion Moves Clause: Evasion moves are banned\n|rule|Gravity Sleep Clause: The combination of sleep-inducing moves with imperfect accuracy and Gravity or Gigantamax Orbeetle are banned\n|rule|Endless Battle Clause: Forcing endless battles is banned\n|rule|HP Percentage Mod: HP is shown in percentages\n|rule|Dynamax Clause: You cannot dynamax\n|rule|Swagger Clause: Swagger is banned\n|clearpoke\n|poke|p1|Blastoise, M|\n|poke|p1|Rillaboom, M|\n|poke|p1|Diancie|\n|poke|p1|Heatran, M|\n|poke|p1|Dragapult, F|\n|poke|p1|Tsareena, F|\n|poke|p2|Genesect|\n|poke|p2|Naganadel|\n|poke|p2|Rillaboom, M|\n|poke|p2|Zygarde|\n|poke|p2|Urshifu-*, F|\n|poke|p2|Heatran, F|\n|teampreview\n|\n|t:|1666029594\n|start\n|switch|p1a: Blastoise|Blastoise, M, shiny|100\/100\n|switch|p1b: Dragapult|Dragapult, F|100\/100\n|switch|p2a: Heatran|Heatran, F|100\/100\n|switch|p2b: Rillaboom|Rillaboom, M|100\/100\n|-fieldstart|move: Grassy Terrain|[from] ability: Grassy Surge|[of] p2b: Rillaboom\n|turn|1\n|inactive|Battle timer is ON: inactive players will automatically lose when time's up. (requested by Darkman64)\n|\n|t:|1666029645\n|move|p2b: Rillaboom|Fake Out|p1a: Blastoise\n|-damage|p1a: Blastoise|91\/100\n|cant|p1a: Blastoise|flinch\n|move|p1b: Dragapult|Dragon Dance|p1b: Dragapult\n|-boost|p1b: Dragapult|atk|1\n|-boost|p1b: Dragapult|spe|1\n|move|p2a: Heatran|Stealth Rock|p1a: Blastoise\n|-sidestart|p1: Sia's Fan xx)|move: Stealth Rock\n|\n|-heal|p1a: Blastoise|97\/100|[from] Grassy Terrain\n|upkeep\n|turn|2\n|j| Vhillaxuu\n|\n|t:|1666029668\n|switch|p1a: Tsareena|Tsareena, F|100\/100\n|-damage|p1a: Tsareena|88\/100|[from] Stealth Rock\n|move|p1b: Dragapult|Phantom Force||[still]\n|-prepare|p1b: Dragapult|Phantom Force\n|move|p2b: Rillaboom|U-turn|p1b: Dragapult|[miss]\n|-miss|p2b: Rillaboom|p1b: Dragapult\n|move|p2a: Heatran|Earth Power|p1b: Dragapult|[miss]\n|-miss|p2a: Heatran|p1b: Dragapult\n|\n|-heal|p1a: Tsareena|94\/100|[from] Grassy Terrain\n|upkeep\n|turn|3\n|\n|t:|1666029682\n|move|p1b: Dragapult|Phantom Force|p2b: Rillaboom|[from]lockedmove\n|-damage|p2b: Rillaboom|21\/100\n|-damage|p1b: Dragapult|91\/100|[from] item: Life Orb\n|move|p2b: Rillaboom|U-turn|p1a: Tsareena\n|-supereffective|p1a: Tsareena\n|-damage|p1a: Tsareena|53\/100\n|\n|t:|1666029691\n|switch|p2b: Genesect|Genesect, shiny|100\/100|[from]move: U-turn\n|-ability|p2b: Genesect|Download|boost\n|-boost|p2b: Genesect|spa|1\n|move|p2a: Heatran|Earth Power|p1b: Dragapult\n|-damage|p1b: Dragapult|54\/100\n|move|p1a: Tsareena|U-turn|p2b: Genesect\n|-resisted|p2b: Genesect\n|-damage|p2b: Genesect|84\/100\n|\n|t:|1666029703\n|switch|p1a: Blastoise|Blastoise, M, shiny|97\/100|[from]move: U-turn\n|-damage|p1a: Blastoise|85\/100|[from] Stealth Rock\n|\n|-heal|p1b: Dragapult|60\/100|[from] Grassy Terrain\n|-heal|p2b: Genesect|90\/100|[from] Grassy Terrain\n|-heal|p1a: Blastoise|91\/100|[from] Grassy Terrain\n|upkeep\n|turn|4\n|\n|t:|1666029729\n|switch|p2a: Naganadel|Naganadel|100\/100\n|move|p1a: Blastoise|Fake Out|p2b: Genesect\n|-resisted|p2b: Genesect\n|-damage|p2b: Genesect|85\/100\n|move|p1b: Dragapult|Phantom Force||[still]\n|-prepare|p1b: Dragapult|Phantom Force\n|cant|p2b: Genesect|flinch\n|\n|-heal|p2b: Genesect|91\/100|[from] Grassy Terrain\n|-heal|p1a: Blastoise|97\/100|[from] Grassy Terrain\n|upkeep\n|turn|5\n|\n|t:|1666029745\n|switch|p2a: Rillaboom|Rillaboom, M|21\/100\n|move|p1a: Blastoise|Follow Me|p1a: Blastoise\n|-singleturn|p1a: Blastoise|move: Follow Me\n|move|p1b: Dragapult|Phantom Force|p2b: Genesect|[from]lockedmove\n|-damage|p2b: Genesect|0 fnt\n|faint|p2b: Genesect\n|-damage|p1b: Dragapult|50\/100|[from] item: Life Orb\n|\n|-heal|p1b: Dragapult|56\/100|[from] Grassy Terrain\n|-heal|p2a: Rillaboom|27\/100|[from] Grassy Terrain\n|-heal|p1a: Blastoise|100\/100|[from] Grassy Terrain\n|-fieldend|move: Grassy Terrain\n|upkeep\n|\n|t:|1666029760\n|switch|p2b: Heatran|Heatran, F|100\/100\n|turn|6\n|\n|t:|1666029774\n|move|p1a: Blastoise|Follow Me|p1a: Blastoise\n|-singleturn|p1a: Blastoise|move: Follow Me\n|move|p1b: Dragapult|Phantom Force||[still]\n|-prepare|p1b: Dragapult|Phantom Force\n|move|p2a: Rillaboom|Grassy Glide|p1a: Blastoise\n|-supereffective|p1a: Blastoise\n|-damage|p1a: Blastoise|50\/100\n|-enditem|p1a: Blastoise|Sitrus Berry|[eat]\n|-heal|p1a: Blastoise|75\/100|[from] item: Sitrus Berry\n|move|p2b: Heatran|Earth Power|p1a: Blastoise\n|-damage|p1a: Blastoise|50\/100\n|\n|upkeep\n|turn|7\n|\n|t:|1666029789\n|move|p1a: Blastoise|Helping Hand|p1b: Dragapult\n|-singleturn|p1b: Dragapult|Helping Hand|[of] p1a: Blastoise\n|move|p1b: Dragapult|Phantom Force|p2b: Heatran|[from]lockedmove\n|-damage|p2b: Heatran|0 fnt\n|faint|p2b: Heatran\n|-damage|p1b: Dragapult|46\/100|[from] item: Life Orb\n|move|p2a: Rillaboom|Grassy Glide|p1a: Blastoise\n|-supereffective|p1a: Blastoise\n|-damage|p1a: Blastoise|0 fnt\n|faint|p1a: Blastoise\n|\n|upkeep\n|\n|t:|1666029802\n|switch|p2b: Naganadel|Naganadel|100\/100\n|switch|p1a: Diancie|Diancie|100\/100\n|-damage|p1a: Diancie|88\/100|[from] Stealth Rock\n|turn|8\n|\n|t:|1666029814\n|move|p2b: Naganadel|Protect|p2b: Naganadel\n|-singleturn|p2b: Naganadel|Protect\n|move|p1b: Dragapult|Dragon Darts|p2a: Rillaboom\n|-damage|p2a: Rillaboom|0 fnt\n|faint|p2a: Rillaboom\n|-damage|p1b: Dragapult|36\/100|[from] item: Life Orb\n|move|p1a: Diancie|Diamond Storm|p2b: Naganadel\n|-activate|p2b: Naganadel|move: Protect\n|\n|upkeep\n|\n|t:|1666029820\n|switch|p2a: Urshifu|Urshifu-Rapid-Strike, F|100\/100\n|turn|9\n|\n|t:|1666029835\n|switch|p1a: Tsareena|Tsareena, F|53\/100\n|-damage|p1a: Tsareena|40\/100|[from] Stealth Rock\n|move|p2a: Urshifu|Aqua Jet||[still]\n|cant|p1a: Tsareena|ability: Queenly Majesty|Aqua Jet|[of] p2a: Urshifu\n|move|p1b: Dragapult|Phantom Force||[still]\n|-prepare|p1b: Dragapult|Phantom Force\n|move|p2b: Naganadel|Tailwind|p2b: Naganadel\n|-sidestart|p2: Darkman64|move: Tailwind\n|\n|upkeep\n|turn|10\n|c|\u2606Darkman64|gg\n|\n|t:|1666029855\n|switch|p2a: Zygarde|Zygarde|100\/100\n|-ability|p2a: Zygarde|Aura Break\n|move|p2b: Naganadel|Sludge Bomb|p1a: Tsareena\n|-supereffective|p1a: Tsareena\n|-damage|p1a: Tsareena|0 fnt\n|faint|p1a: Tsareena\n|-ability|p2b: Naganadel|Beast Boost|boost\n|-boost|p2b: Naganadel|spe|1\n|-damage|p2b: Naganadel|91\/100|[from] item: Life Orb\n|move|p1b: Dragapult|Phantom Force|p2a: Zygarde|[from]lockedmove\n|-damage|p2a: Zygarde|26\/100\n|-damage|p1b: Dragapult|27\/100|[from] item: Life Orb\n|\n|upkeep\n|\n|t:|1666029863\n|switch|p1a: Diancie|Diancie|88\/100\n|-damage|p1a: Diancie|75\/100|[from] Stealth Rock\n|turn|11\n|\n|t:|1666029870\n|move|p1b: Dragapult|Protect|p1b: Dragapult\n|-singleturn|p1b: Dragapult|Protect\n|move|p2b: Naganadel|Sludge Bomb|p1b: Dragapult\n|-activate|p1b: Dragapult|move: Protect\n|move|p2a: Zygarde|Thousand Arrows|p1a: Diancie|[spread] p1a\n|-activate|p1b: Dragapult|move: Protect\n|-supereffective|p1a: Diancie\n|-damage|p1a: Diancie|0 fnt\n|faint|p1a: Diancie\n|\n|upkeep\n|\n|t:|1666029878\n|switch|p1a: Rillaboom|Rillaboom, M, shiny|100\/100\n|-damage|p1a: Rillaboom|88\/100|[from] Stealth Rock\n|-fieldstart|move: Grassy Terrain|[from] ability: Grassy Surge|[of] p1a: Rillaboom\n|turn|12\n|\n|t:|1666029889\n|move|p1a: Rillaboom|Fake Out|p2b: Naganadel\n|-damage|p2b: Naganadel|70\/100\n|cant|p2b: Naganadel|flinch\n|move|p1b: Dragapult|Dragon Darts|p2a: Zygarde\n|-supereffective|p2a: Zygarde\n|-damage|p2a: Zygarde|0 fnt\n|-anim|p1b: Dragapult|Dragon Darts|p2b: Naganadel\n|-supereffective|p2b: Naganadel\n|-damage|p2b: Naganadel|0 fnt\n|faint|p2a: Zygarde\n|faint|p2b: Naganadel\n|-damage|p1b: Dragapult|17\/100|[from] item: Life Orb\n|\n|-heal|p1b: Dragapult|23\/100|[from] Grassy Terrain\n|-heal|p1a: Rillaboom|94\/100|[from] Grassy Terrain\n|-sideend|p2: Darkman64|move: Tailwind\n|upkeep\n|\n|t:|1666029895\n|switch|p2b: Urshifu|Urshifu-Rapid-Strike, F|100\/100\n|turn|13\n|\n|t:|1666029903\n|move|p2b: Urshifu|Aqua Jet|p1b: Dragapult\n|-resisted|p1b: Dragapult\n|-damage|p1b: Dragapult|4\/100\n|-damage|p2b: Urshifu|91\/100|[from] item: Life Orb\n|move|p1a: Rillaboom|Grassy Glide|p2b: Urshifu\n|-supereffective|p2b: Urshifu\n|-damage|p2b: Urshifu|0 fnt\n|faint|p2b: Urshifu\n|\n|win|Sia's Fan xx)\n|raw|Sia&apos;s Fan xx)'s rating: 1521 &rarr; <strong>1542<\/strong><br \/>(+21 for winning)\n|raw|Darkman64's rating: 1544 &rarr; <strong>1523<\/strong><br \/>(-21 for losing)\n|c|\u2606Darkman64|gg\n|l|\u2606Darkman64\n|c|\u2606Sia's Fan xx)|gg\n|l|\u2606Sia's Fan xx)\n","uploadtime":1666029922,"views":5,"p1id":"siasfanxx","p2id":"darkman64","formatid":"gen8doublesou","rating":1523,"private":0,"password":null}