{"id":"gen8ou-1630890941","p1":"dracaufeu shiny","p2":"amibik","format":"gen8ou","log":"|j|\u2606dracaufeu shiny\n|j|\u2606amibik\n|t:|1659474593\n|gametype|singles\n|player|p1|dracaufeu shiny|red|1437\n|player|p2|amibik|265|1456\n|teamsize|p1|6\n|teamsize|p2|6\n|gen|8\n|tier|[Gen 8] OU\n|rated|\n|rule|Sleep Clause Mod: Limit one foe put to sleep\n|rule|Species Clause: Limit one of each Pok\u00e9mon\n|rule|OHKO Clause: OHKO moves are banned\n|rule|Evasion Moves Clause: Evasion moves are banned\n|rule|Endless Battle Clause: Forcing endless battles is banned\n|rule|HP Percentage Mod: HP is shown in percentages\n|rule|Dynamax Clause: You cannot dynamax\n|clearpoke\n|poke|p1|Ninetales-Alola, F|\n|poke|p1|Blacephalon|\n|poke|p1|Latios, M|\n|poke|p1|Latias, F|\n|poke|p1|Dragapult, F|\n|poke|p1|Kartana|\n|poke|p2|Melmetal|\n|poke|p2|Porygon2|\n|poke|p2|Conkeldurr, F|\n|poke|p2|Milotic, F|\n|poke|p2|Rillaboom, M|\n|poke|p2|Hatterene, F|\n|teampreview\n|\n|t:|1659474665\n|start\n|switch|p1a: Latios|Latios, M|100\/100\n|switch|p2a: Melmetal|Melmetal|100\/100\n|turn|1\n|\n|t:|1659474671\n|move|p1a: Latios|Reflect|p1a: Latios\n|-sidestart|p1: dracaufeu shiny|Reflect\n|move|p2a: Melmetal|Ice Punch|p1a: Latios\n|-supereffective|p1a: Latios\n|-damage|p1a: Latios|62\/100\n|\n|upkeep\n|turn|2\n|\n|t:|1659474701\n|move|p1a: Latios|Light Screen|p1a: Latios\n|-sidestart|p1: dracaufeu shiny|move: Light Screen\n|move|p2a: Melmetal|Earthquake|p1a: Latios\n|-immune|p1a: Latios|[from] ability: Levitate\n|\n|upkeep\n|turn|3\n|\n|t:|1659474714\n|move|p1a: Latios|Tailwind|p1a: Latios\n|-sidestart|p1: dracaufeu shiny|move: Tailwind\n|move|p2a: Melmetal|Ice Punch|p1a: Latios\n|-supereffective|p1a: Latios\n|-damage|p1a: Latios|24\/100\n|\n|upkeep\n|turn|4\n|\n|t:|1659474723\n|switch|p2a: Porygon2|Porygon2|100\/100\n|-ability|p2a: Porygon2|Levitate|[from] ability: Trace|[of] p1a: Latios\n|move|p1a: Latios|Memento|p2a: Porygon2\n|-unboost|p2a: Porygon2|atk|2\n|-unboost|p2a: Porygon2|spa|2\n|faint|p1a: Latios\n|\n|upkeep\n|\n|t:|1659474738\n|switch|p1a: Blacephalon|Blacephalon|100\/100\n|turn|5\n|\n|t:|1659474742\n|move|p1a: Blacephalon|Substitute|p1a: Blacephalon\n|-start|p1a: Blacephalon|Substitute\n|-damage|p1a: Blacephalon|76\/100\n|move|p2a: Porygon2|Trick Room|p2a: Porygon2\n|-fieldstart|move: Trick Room|[of] p2a: Porygon2\n|\n|-heal|p1a: Blacephalon|82\/100|[from] item: Leftovers\n|upkeep\n|turn|6\n|\n|t:|1659474756\n|switch|p2a: Hatterene|Hatterene, F|100\/100\n|move|p1a: Blacephalon|Calm Mind|p1a: Blacephalon\n|-boost|p1a: Blacephalon|spa|1\n|-boost|p1a: Blacephalon|spd|1\n|\n|-heal|p1a: Blacephalon|88\/100|[from] item: Leftovers\n|-sideend|p1: dracaufeu shiny|move: Tailwind\n|upkeep\n|turn|7\n|\n|t:|1659474766\n|move|p2a: Hatterene|Light Screen|p2a: Hatterene\n|-sidestart|p2: amibik|move: Light Screen\n|move|p1a: Blacephalon|Calm Mind|p1a: Blacephalon\n|-boost|p1a: Blacephalon|spa|1\n|-boost|p1a: Blacephalon|spd|1\n|\n|-heal|p1a: Blacephalon|94\/100|[from] item: Leftovers\n|upkeep\n|turn|8\n|\n|t:|1659474773\n|move|p2a: Hatterene|Psyshock|p1a: Blacephalon\n|-end|p1a: Blacephalon|Substitute\n|move|p1a: Blacephalon|Shadow Ball|p2a: Hatterene\n|-supereffective|p2a: Hatterene\n|-damage|p2a: Hatterene|12\/100\n|-unboost|p2a: Hatterene|spd|1\n|\n|-heal|p2a: Hatterene|18\/100|[from] item: Leftovers\n|-heal|p1a: Blacephalon|99\/100|[from] item: Leftovers\n|-sideend|p1: dracaufeu shiny|Reflect\n|upkeep\n|turn|9\n|\n|t:|1659474783\n|move|p2a: Hatterene|Psyshock|p1a: Blacephalon\n|-damage|p1a: Blacephalon|59\/100\n|move|p1a: Blacephalon|Flamethrower|p2a: Hatterene\n|-damage|p2a: Hatterene|0 fnt\n|faint|p2a: Hatterene\n|-ability|p1a: Blacephalon|Beast Boost|boost\n|-boost|p1a: Blacephalon|spe|1\n|\n|-heal|p1a: Blacephalon|65\/100|[from] item: Leftovers\n|-sideend|p1: dracaufeu shiny|move: Light Screen\n|-fieldend|move: Trick Room\n|upkeep\n|\n|t:|1659474820\n|switch|p2a: Conkeldurr|Conkeldurr, F|100\/100\n|turn|10\n|\n|t:|1659474825\n|move|p1a: Blacephalon|Flamethrower|p2a: Conkeldurr\n|-damage|p2a: Conkeldurr|50\/100\n|move|p2a: Conkeldurr|Knock Off|p1a: Blacephalon\n|-supereffective|p1a: Blacephalon\n|-damage|p1a: Blacephalon|0 fnt\n|-enditem|p1a: Blacephalon|Leftovers|[from] move: Knock Off|[of] p2a: Conkeldurr\n|faint|p1a: Blacephalon\n|\n|-status|p2a: Conkeldurr|brn|[from] item: Flame Orb\n|upkeep\n|\n|t:|1659474839\n|switch|p1a: Ninetales|Ninetales-Alola, F|100\/100\n|-weather|Hail|[from] ability: Snow Warning|[of] p1a: Ninetales\n|turn|11\n|\n|t:|1659474845\n|move|p1a: Ninetales|Aurora Veil|p1a: Ninetales\n|-sidestart|p1: dracaufeu shiny|move: Aurora Veil\n|move|p2a: Conkeldurr|Drain Punch|p1a: Ninetales\n|-damage|p1a: Ninetales|47\/100\n|-heal|p2a: Conkeldurr|69\/100 brn|[from] drain|[of] p1a: Ninetales\n|\n|-weather|Hail|[upkeep]\n|-damage|p2a: Conkeldurr|63\/100 brn|[from] Hail\n|-damage|p2a: Conkeldurr|57\/100 brn|[from] brn\n|-sideend|p2: amibik|move: Light Screen\n|upkeep\n|turn|12\n|\n|t:|1659474858\n|move|p1a: Ninetales|Freeze-Dry|p2a: Conkeldurr\n|-damage|p2a: Conkeldurr|28\/100 brn\n|move|p2a: Conkeldurr|Knock Off|p1a: Ninetales\n|-resisted|p1a: Ninetales\n|-damage|p1a: Ninetales|25\/100\n|-enditem|p1a: Ninetales|Light Clay|[from] move: Knock Off|[of] p2a: Conkeldurr\n|\n|-weather|Hail|[upkeep]\n|-damage|p2a: Conkeldurr|22\/100 brn|[from] Hail\n|-damage|p2a: Conkeldurr|16\/100 brn|[from] brn\n|upkeep\n|turn|13\n|\n|t:|1659474868\n|move|p2a: Conkeldurr|Mach Punch|p1a: Ninetales\n|-damage|p1a: Ninetales|0 fnt\n|faint|p1a: Ninetales\n|\n|-weather|Hail|[upkeep]\n|-damage|p2a: Conkeldurr|10\/100 brn|[from] Hail\n|-damage|p2a: Conkeldurr|4\/100 brn|[from] brn\n|upkeep\n|\n|t:|1659474877\n|switch|p1a: Latias|Latias, F|100\/100\n|turn|14\n|\n|t:|1659474883\n|switch|p2a: Porygon2|Porygon2|100\/100\n|-ability|p2a: Porygon2|Levitate|[from] ability: Trace|[of] p1a: Latias\n|move|p1a: Latias|Agility|p1a: Latias\n|-boost|p1a: Latias|spe|2\n|\n|-weather|Hail|[upkeep]\n|-damage|p1a: Latias|94\/100|[from] Hail\n|-damage|p2a: Porygon2|94\/100|[from] Hail\n|upkeep\n|turn|15\n|\n|t:|1659474894\n|move|p1a: Latias|Calm Mind|p1a: Latias\n|-boost|p1a: Latias|spa|1\n|-boost|p1a: Latias|spd|1\n|move|p2a: Porygon2|Trick Room|p2a: Porygon2\n|-fieldstart|move: Trick Room|[of] p2a: Porygon2\n|\n|-weather|none\n|upkeep\n|turn|16\n|\n|t:|1659474938\n|move|p2a: Porygon2|Toxic|p1a: Latias\n|-status|p1a: Latias|tox\n|move|p1a: Latias|Calm Mind|p1a: Latias\n|-boost|p1a: Latias|spa|1\n|-boost|p1a: Latias|spd|1\n|\n|-damage|p1a: Latias|88\/100 tox|[from] psn\n|upkeep\n|turn|17\n|\n|t:|1659474950\n|move|p2a: Porygon2|Tri Attack|p1a: Latias\n|-crit|p1a: Latias\n|-damage|p1a: Latias|53\/100 tox\n|move|p1a: Latias|Stored Power|p2a: Porygon2\n|-damage|p2a: Porygon2|26\/100\n|\n|-damage|p1a: Latias|40\/100 tox|[from] psn\n|upkeep\n|turn|18\n|\n|t:|1659474958\n|move|p2a: Porygon2|Tri Attack|p1a: Latias\n|-damage|p1a: Latias|33\/100 tox\n|move|p1a: Latias|Stored Power|p2a: Porygon2\n|-damage|p2a: Porygon2|0 fnt\n|faint|p2a: Porygon2\n|\n|-damage|p1a: Latias|15\/100 tox|[from] psn\n|-sideend|p1: dracaufeu shiny|move: Aurora Veil\n|upkeep\n|\n|t:|1659474973\n|switch|p2a: Melmetal|Melmetal|100\/100\n|turn|19\n|\n|t:|1659474981\n|move|p2a: Melmetal|Ice Punch|p1a: Latias\n|-supereffective|p1a: Latias\n|-damage|p1a: Latias|0 fnt\n|faint|p1a: Latias\n|\n|-fieldend|move: Trick Room\n|upkeep\n|\n|t:|1659474984\n|switch|p1a: Dragapult|Dragapult, F|100\/100\n|turn|20\n|\n|t:|1659474994\n|move|p1a: Dragapult|Phantom Force||[still]\n|-prepare|p1a: Dragapult|Phantom Force\n|move|p2a: Melmetal|Ice Punch|p1a: Dragapult|[miss]\n|-miss|p2a: Melmetal|p1a: Dragapult\n|\n|upkeep\n|turn|21\n|\n|t:|1659474999\n|move|p1a: Dragapult|Phantom Force|p2a: Melmetal|[from]lockedmove\n|-damage|p2a: Melmetal|75\/100\n|move|p2a: Melmetal|Ice Punch|p1a: Dragapult\n|-supereffective|p1a: Dragapult\n|-damage|p1a: Dragapult|0 fnt\n|faint|p1a: Dragapult\n|\n|upkeep\n|\n|t:|1659475003\n|switch|p1a: Kartana|Kartana|100\/100\n|turn|22\n|\n|t:|1659475018\n|switch|p2a: Rillaboom|Rillaboom, M|100\/100\n|-fieldstart|move: Grassy Terrain|[from] ability: Grassy Surge|[of] p2a: Rillaboom\n|-enditem|p2a: Rillaboom|Grassy Seed\n|-boost|p2a: Rillaboom|def|1|[from] item: Grassy Seed\n|move|p1a: Kartana|Sacred Sword|p2a: Rillaboom\n|-damage|p2a: Rillaboom|64\/100\n|\n|-heal|p2a: Rillaboom|70\/100|[from] Grassy Terrain\n|upkeep\n|turn|23\n|\n|t:|1659475028\n|move|p1a: Kartana|Sacred Sword|p2a: Rillaboom\n|-damage|p2a: Rillaboom|35\/100\n|move|p2a: Rillaboom|Drain Punch|p1a: Kartana\n|-supereffective|p1a: Kartana\n|-damage|p1a: Kartana|47\/100\n|-heal|p2a: Rillaboom|52\/100|[from] drain|[of] p1a: Kartana\n|\n|-heal|p1a: Kartana|53\/100|[from] Grassy Terrain\n|-heal|p2a: Rillaboom|58\/100|[from] Grassy Terrain\n|upkeep\n|turn|24\n|\n|t:|1659475039\n|move|p1a: Kartana|Sacred Sword|p2a: Rillaboom\n|-damage|p2a: Rillaboom|19\/100\n|move|p2a: Rillaboom|Drain Punch|p1a: Kartana\n|-supereffective|p1a: Kartana\n|-damage|p1a: Kartana|0 fnt\n|-heal|p2a: Rillaboom|36\/100|[from] drain|[of] p1a: Kartana\n|faint|p1a: Kartana\n|\n|win|amibik\n|raw|dracaufeu shiny's rating: 1437 &rarr; <strong>1418<\/strong><br \/>(-19 for losing)\n|raw|amibik's rating: 1456 &rarr; <strong>1475<\/strong><br \/>(+19 for winning)\n|l|\u2606dracaufeu shiny\n|c|\u2606amibik|gg\n","uploadtime":1659475050,"views":8,"p1id":"dracaufeushiny","p2id":"amibik","formatid":"gen8ou","rating":1418,"private":0,"password":null}