{"id":"gen8nationaldexmonotype-1578876480","p1":"mathbugsme","p2":"Alu9204","format":"gen8nationaldexmonotype","log":"|j|\u2606mathbugsme\n|j|\u2606Alu9204\n|t:|1653037715\n|gametype|singles\n|player|p1|mathbugsme|morty|1362\n|player|p2|Alu9204|burglar|1545\n|teamsize|p1|6\n|teamsize|p2|6\n|gen|8\n|tier|[Gen 8] National Dex Monotype\n|rated|\n|rule|HP Percentage Mod: HP is shown in percentages\n|rule|Endless Battle Clause: Forcing endless battles is banned\n|rule|Same Type Clause: Pok\u00e9mon in a team must share a type\n|rule|Species Clause: Limit one of each Pok\u00e9mon\n|rule|OHKO Clause: OHKO moves are banned\n|rule|Evasion Moves Clause: Evasion moves are banned\n|rule|Dynamax Clause: You cannot dynamax\n|rule|Sleep Clause Mod: Limit one foe put to sleep\n|clearpoke\n|poke|p1|Scizor, F|\n|poke|p1|Golisopod, F|\n|poke|p1|Volcarona, M|\n|poke|p1|Vikavolt, F|\n|poke|p1|Vivillon-Garden, F|\n|poke|p1|Buzzwole|\n|poke|p2|Infernape, M|\n|poke|p2|Terrakion|\n|poke|p2|Kommo-o, M|\n|poke|p2|Urshifu-*, M|\n|poke|p2|Breloom, F|\n|poke|p2|Gallade, M|\n|teampreview\n|\n|t:|1653037722\n|start\n|switch|p1a: Vikavolt|Vikavolt, F|100\/100\n|switch|p2a: Infernape|Infernape, M|100\/100\n|turn|1\n|inactive|Battle timer is ON: inactive players will automatically lose when time's up. (requested by Alu9204)\n|\n|t:|1653037728\n|move|p2a: Infernape|Taunt|p1a: Vikavolt\n|-start|p1a: Vikavolt|move: Taunt\n|cant|p1a: Vikavolt|move: Taunt|Sticky Web\n|\n|upkeep\n|turn|2\n|\n|t:|1653037734\n|move|p2a: Infernape|Stealth Rock|p1a: Vikavolt\n|-sidestart|p1: mathbugsme|move: Stealth Rock\n|move|p1a: Vikavolt|Volt Switch|p2a: Infernape\n|-damage|p2a: Infernape|46\/100\n|\n|t:|1653037737\n|switch|p1a: Golisopod|Golisopod, F|100\/100|[from]move: Volt Switch\n|-damage|p1a: Golisopod|75\/100|[from] Stealth Rock\n|\n|upkeep\n|turn|3\n|\n|t:|1653037745\n|move|p2a: Infernape|Endeavor|p1a: Golisopod\n|-damage|p1a: Golisopod|43\/100\n|-activate|p1a: Golisopod|ability: Emergency Exit\n|\n|t:|1653037760\n|switch|p1a: Buzzwole|Buzzwole|100\/100\n|-damage|p1a: Buzzwole|88\/100|[from] Stealth Rock\n|\n|upkeep\n|turn|4\n|\n|t:|1653037771\n|move|p1a: Buzzwole|Earthquake|p2a: Infernape\n|-supereffective|p2a: Infernape\n|-damage|p2a: Infernape|0 fnt\n|faint|p2a: Infernape\n|-ability|p1a: Buzzwole|Beast Boost|boost\n|-boost|p1a: Buzzwole|atk|1\n|\n|upkeep\n|\n|t:|1653037787\n|switch|p2a: Kommo-o|Kommo-o, M|100\/100\n|turn|5\n|\n|t:|1653037796\n|switch|p1a: Golisopod|Golisopod, F|43\/100\n|-damage|p1a: Golisopod|18\/100|[from] Stealth Rock\n|-zpower|p2a: Kommo-o\n|move|p2a: Kommo-o|Clangorous Soulblaze|p1a: Golisopod|[zeffect]\n|-damage|p1a: Golisopod|0 fnt\n|faint|p1a: Golisopod\n|-boost|p2a: Kommo-o|atk|1\n|-boost|p2a: Kommo-o|def|1\n|-boost|p2a: Kommo-o|spa|1\n|-boost|p2a: Kommo-o|spd|1\n|-boost|p2a: Kommo-o|spe|1\n|\n|upkeep\n|\n|t:|1653037801\n|switch|p1a: Vikavolt|Vikavolt, F|100\/100\n|turn|6\n|\n|t:|1653037805\n|move|p2a: Kommo-o|Flamethrower|p1a: Vikavolt\n|-supereffective|p1a: Vikavolt\n|-damage|p1a: Vikavolt|36\/100\n|move|p1a: Vikavolt|Toxic|p2a: Kommo-o\n|-status|p2a: Kommo-o|tox\n|\n|-damage|p2a: Kommo-o|94\/100 tox|[from] psn\n|upkeep\n|turn|7\n|\n|t:|1653037813\n|move|p2a: Kommo-o|Flamethrower|p1a: Vikavolt\n|-supereffective|p1a: Vikavolt\n|-damage|p1a: Vikavolt|0 fnt\n|faint|p1a: Vikavolt\n|\n|-damage|p2a: Kommo-o|82\/100 tox|[from] psn\n|upkeep\n|\n|t:|1653037828\n|switch|p1a: Volcarona|Volcarona, M|100\/100\n|turn|8\n|\n|t:|1653037831\n|move|p2a: Kommo-o|Clanging Scales|p1a: Volcarona\n|-damage|p1a: Volcarona|31\/100\n|-unboost|p2a: Kommo-o|def|1\n|move|p1a: Volcarona|Quiver Dance|p1a: Volcarona\n|-boost|p1a: Volcarona|spa|1\n|-boost|p1a: Volcarona|spd|1\n|-boost|p1a: Volcarona|spe|1\n|\n|-damage|p2a: Kommo-o|63\/100 tox|[from] psn\n|upkeep\n|turn|9\n|\n|t:|1653037837\n|move|p1a: Volcarona|Fiery Dance|p2a: Kommo-o\n|-resisted|p2a: Kommo-o\n|-crit|p2a: Kommo-o\n|-damage|p2a: Kommo-o|8\/100 tox\n|-boost|p1a: Volcarona|spa|1\n|move|p2a: Kommo-o|Clanging Scales|p1a: Volcarona\n|-damage|p1a: Volcarona|0 fnt\n|faint|p1a: Volcarona\n|-unboost|p2a: Kommo-o|def|1\n|\n|-damage|p2a: Kommo-o|0 fnt|[from] psn\n|faint|p2a: Kommo-o\n|upkeep\n|\n|t:|1653037846\n|switch|p1a: Vivillon|Vivillon-Garden, F|100\/100\n|switch|p2a: Breloom|Breloom, F|100\/100\n|-damage|p1a: Vivillon|51\/100|[from] Stealth Rock\n|turn|10\n|\n|t:|1653037852\n|move|p1a: Vivillon|Hurricane|p2a: Breloom\n|-supereffective|p2a: Breloom\n|-enditem|p2a: Breloom|Focus Sash\n|-damage|p2a: Breloom|1\/100\n|move|p2a: Breloom|Spore|p1a: Vivillon\n|-status|p1a: Vivillon|slp|[from] move: Spore\n|\n|upkeep\n|turn|11\n|\n|t:|1653037858\n|cant|p1a: Vivillon|slp\n|move|p2a: Breloom|Bullet Seed|p1a: Vivillon\n|-resisted|p1a: Vivillon\n|-damage|p1a: Vivillon|40\/100 slp\n|-resisted|p1a: Vivillon\n|-damage|p1a: Vivillon|28\/100 slp\n|-resisted|p1a: Vivillon\n|-damage|p1a: Vivillon|17\/100 slp\n|-hitcount|p1a: Vivillon|3\n|\n|upkeep\n|turn|12\n|\n|t:|1653037867\n|move|p2a: Breloom|Mach Punch|p1a: Vivillon\n|-resisted|p1a: Vivillon\n|-damage|p1a: Vivillon|0 fnt\n|faint|p1a: Vivillon\n|\n|upkeep\n|\n|t:|1653037875\n|switch|p1a: Buzzwole|Buzzwole|88\/100\n|-damage|p1a: Buzzwole|76\/100|[from] Stealth Rock\n|turn|13\n|\n|t:|1653037886\n|switch|p2a: Urshifu|Urshifu-Rapid-Strike, M|100\/100\n|move|p1a: Buzzwole|Earthquake|p2a: Urshifu\n|-damage|p2a: Urshifu|67\/100\n|\n|upkeep\n|turn|14\n|\n|t:|1653037891\n|move|p1a: Buzzwole|Earthquake|p2a: Urshifu\n|-damage|p2a: Urshifu|28\/100\n|move|p2a: Urshifu|U-turn|p1a: Buzzwole\n|-resisted|p1a: Buzzwole\n|-damage|p1a: Buzzwole|63\/100\n|\n|t:|1653037899\n|switch|p2a: Gallade|Gallade, M|100\/100|[from]move: U-turn\n|\n|upkeep\n|turn|15\n|\n|t:|1653037906\n|detailschange|p2a: Gallade|Gallade-Mega, M\n|-mega|p2a: Gallade|Gallade|Galladite\n|move|p1a: Buzzwole|Earthquake|p2a: Gallade\n|-damage|p2a: Gallade|53\/100\n|move|p2a: Gallade|Zen Headbutt|p1a: Buzzwole\n|-supereffective|p1a: Buzzwole\n|-damage|p1a: Buzzwole|0 fnt\n|faint|p1a: Buzzwole\n|\n|upkeep\n|\n|t:|1653037907\n|switch|p1a: Scizor|Scizor, F|100\/100\n|-damage|p1a: Scizor|88\/100|[from] Stealth Rock\n|turn|16\n|\n|t:|1653037935\n|detailschange|p1a: Scizor|Scizor-Mega, F\n|-mega|p1a: Scizor|Scizor|Scizorite\n|move|p2a: Gallade|Swords Dance|p2a: Gallade\n|-boost|p2a: Gallade|atk|2\n|move|p1a: Scizor|Swords Dance|p1a: Scizor\n|-boost|p1a: Scizor|atk|2\n|\n|upkeep\n|turn|17\n|\n|t:|1653037937\n|move|p1a: Scizor|Bullet Punch|p2a: Gallade\n|-damage|p2a: Gallade|0 fnt\n|faint|p2a: Gallade\n|\n|upkeep\n|\n|t:|1653037946\n|switch|p2a: Breloom|Breloom, F|1\/100\n|turn|18\n|\n|t:|1653037949\n|move|p2a: Breloom|Mach Punch|p1a: Scizor\n|-crit|p1a: Scizor\n|-damage|p1a: Scizor|42\/100\n|move|p1a: Scizor|Bullet Punch|p2a: Breloom\n|-damage|p2a: Breloom|0 fnt\n|faint|p2a: Breloom\n|\n|upkeep\n|\n|t:|1653037952\n|switch|p2a: Urshifu|Urshifu-Rapid-Strike, M|28\/100\n|turn|19\n|\n|t:|1653037954\n|move|p2a: Urshifu|Aqua Jet|p1a: Scizor\n|-damage|p1a: Scizor|17\/100\n|move|p1a: Scizor|Bullet Punch|p2a: Urshifu\n|-resisted|p2a: Urshifu\n|-damage|p2a: Urshifu|0 fnt\n|faint|p2a: Urshifu\n|\n|upkeep\n|\n|t:|1653037958\n|switch|p2a: Terrakion|Terrakion|100\/100\n|turn|20\n|\n|t:|1653037962\n|move|p1a: Scizor|Bullet Punch|p2a: Terrakion\n|-supereffective|p2a: Terrakion\n|-crit|p2a: Terrakion\n|-damage|p2a: Terrakion|0 fnt\n|faint|p2a: Terrakion\n|\n|win|mathbugsme\n|raw|mathbugsme's rating: 1362 &rarr; <strong>1392<\/strong><br \/>(+30 for winning)\n|raw|Alu9204's rating: 1545 &rarr; <strong>1515<\/strong><br \/>(-30 for losing)\n|l|\u2606Alu9204\n|l|\u2606mathbugsme\n||Ladder isn't responding, score probably updated but might not have (Request timeout).\n","uploadtime":1653038251,"views":4,"p1id":"mathbugsme","p2id":"alu9204","formatid":"gen8nationaldexmonotype","rating":1392,"private":0,"password":null}