{"id":"gen8nationaldexmonotype-1196197225","p1":"Trogba Trogba","p2":"Fylkir Pudin","format":"gen8nationaldexmonotype","log":"|j|\u2606Trogba Trogba\n|j|\u2606Fylkir Pudin\n|t:|1601565715\n|player|p1|Trogba Trogba|lance|\n|player|p2|Fylkir Pudin|lucas|\n|teamsize|p1|6\n|teamsize|p2|6\n|gametype|singles\n|gen|8\n|tier|[Gen 8] National Dex Monotype\n|rated|Tournament battle\n|clearpoke\n|poke|p1|Landorus-Therian, M|\n|poke|p1|Tornadus-Therian, M|\n|poke|p1|Zapdos|\n|poke|p1|Celesteela|\n|poke|p1|Charizard, F|\n|poke|p1|Dragonite, M|\n|poke|p2|Copperajah, F|\n|poke|p2|Bronzong|\n|poke|p2|Melmetal|\n|poke|p2|Stakataka|\n|poke|p2|Jirachi|\n|poke|p2|Magnezone|\n|rule|HP Percentage Mod: HP is shown in percentages\n|rule|Endless Battle Clause: Forcing endless battles is banned\n|rule|OHKO Clause: OHKO moves are banned\n|rule|Evasion Moves Clause: Evasion moves are banned\n|rule|Species Clause: Limit one of each Pok\u00e9mon\n|rule|Dynamax Clause: You cannot dynamax\n|rule|Sleep Clause Mod: Limit one foe put to sleep\n|rule|Same Type Clause: Pok\u00e9mon in a team must share a type\n|teampreview\n|j| DoboDab\n|\n|t:|1601565741\n|start\n|switch|p1a: Celesteela|Celesteela|100\/100\n|switch|p2a: Bronzong|Bronzong|100\/100\n|turn|1\n|\n|t:|1601565744\n|move|p1a: Celesteela|Leech Seed|p2a: Bronzong\n|-start|p2a: Bronzong|move: Leech Seed\n|move|p2a: Bronzong|Stealth Rock|p1a: Celesteela\n|-sidestart|p1: Trogba Trogba|move: Stealth Rock\n|\n|-damage|p2a: Bronzong|88\/100|[from] Leech Seed|[of] p1a: Celesteela\n|upkeep\n|turn|2\n|j| idksus\n|\n|t:|1601565748\n|switch|p2a: Magnezone|Magnezone|100\/100\n|move|p1a: Celesteela|Leech Seed|p2a: Magnezone\n|-start|p2a: Magnezone|move: Leech Seed\n|\n|-damage|p2a: Magnezone|88\/100|[from] Leech Seed|[of] p1a: Celesteela\n|upkeep\n|turn|3\n|\n|t:|1601565751\n|move|p1a: Celesteela|Protect|p1a: Celesteela\n|-singleturn|p1a: Celesteela|Protect\n|move|p2a: Magnezone|Thunderbolt|p1a: Celesteela\n|-activate|p1a: Celesteela|move: Protect\n|\n|-damage|p2a: Magnezone|76\/100|[from] Leech Seed|[of] p1a: Celesteela\n|upkeep\n|turn|4\n|\n|t:|1601565758\n|move|p2a: Magnezone|Thunderbolt|p1a: Celesteela\n|-supereffective|p1a: Celesteela\n|-damage|p1a: Celesteela|0 fnt\n|faint|p1a: Celesteela\n|\n|upkeep\n|\n|t:|1601565768\n|switch|p1a: Zapdos|Zapdos|100\/100\n|turn|5\n|\n|t:|1601565771\n|move|p1a: Zapdos|Defog|p2a: Magnezone\n|-unboost|p2a: Magnezone|evasion|1\n|-sideend|p1: Trogba Trogba|Stealth Rock|[from] move: Defog|[of] p1a: Zapdos\n|move|p2a: Magnezone|Thunderbolt|p1a: Zapdos\n|-damage|p1a: Zapdos|32\/100\n|\n|-damage|p2a: Magnezone|63\/100|[from] Leech Seed|[of] p1a: Zapdos\n|-heal|p1a: Zapdos|41\/100|[silent]\n|upkeep\n|turn|6\n|\n|t:|1601565776\n|switch|p2a: Bronzong|Bronzong|88\/100\n|move|p1a: Zapdos|Roost|p1a: Zapdos\n|-heal|p1a: Zapdos|91\/100\n|-singleturn|p1a: Zapdos|move: Roost\n|\n|upkeep\n|turn|7\n|\n|t:|1601565781\n|switch|p1a: Charizard|Charizard, F|100\/100\n|move|p2a: Bronzong|Stealth Rock|p1a: Charizard\n|-sidestart|p1: Trogba Trogba|move: Stealth Rock\n|\n|upkeep\n|turn|8\n|\n|t:|1601565783\n|detailschange|p1a: Charizard|Charizard-Mega-Y, F\n|-mega|p1a: Charizard|Charizard|Charizardite Y\n|-weather|SunnyDay|[from] ability: Drought|[of] p1a: Charizard\n|move|p1a: Charizard|Flamethrower|p2a: Bronzong\n|-supereffective|p2a: Bronzong\n|-damage|p2a: Bronzong|0 fnt\n|faint|p2a: Bronzong\n|\n|-weather|SunnyDay|[upkeep]\n|upkeep\n|\n|t:|1601565818\n|switch|p2a: Jirachi|Jirachi|100\/100\n|turn|9\n|\n|t:|1601565826\n|switch|p1a: Landorus|Landorus-Therian, M|100\/100\n|-damage|p1a: Landorus|88\/100|[from] Stealth Rock\n|-ability|p1a: Landorus|Intimidate|boost\n|-unboost|p2a: Jirachi|atk|1\n|move|p2a: Jirachi|Trick Room|p2a: Jirachi\n|-fieldstart|move: Trick Room|[of] p2a: Jirachi\n|\n|-weather|SunnyDay|[upkeep]\n|upkeep\n|turn|10\n|\n|t:|1601565834\n|switch|p2a: Magnezone|Magnezone|63\/100\n|move|p1a: Landorus|Earthquake|p2a: Magnezone\n|-supereffective|p2a: Magnezone\n|-damage|p2a: Magnezone|0 fnt\n|faint|p2a: Magnezone\n|\n|-weather|SunnyDay|[upkeep]\n|upkeep\n|\n|t:|1601565836\n|switch|p2a: Melmetal|Melmetal|100\/100\n|turn|11\n|\n|t:|1601565844\n|switch|p1a: Zapdos|Zapdos|91\/100\n|move|p2a: Melmetal|Double Iron Bash|p1a: Zapdos\n|-resisted|p1a: Zapdos\n|-damage|p1a: Zapdos|62\/100\n|-resisted|p1a: Zapdos\n|-damage|p1a: Zapdos|37\/100\n|-status|p2a: Melmetal|par|[from] ability: Static|[of] p1a: Zapdos\n|-hitcount|p1a: Zapdos|2\n|\n|-weather|SunnyDay|[upkeep]\n|upkeep\n|turn|12\n|\n|t:|1601565858\n|switch|p1a: Landorus|Landorus-Therian, M|88\/100\n|-damage|p1a: Landorus|76\/100|[from] Stealth Rock\n|-ability|p1a: Landorus|Intimidate|boost\n|-unboost|p2a: Melmetal|atk|1\n|move|p2a: Melmetal|Double Iron Bash|p1a: Landorus\n|-damage|p1a: Landorus|28\/100\n|-damage|p1a: Landorus|0 fnt\n|-hitcount|p1a: Landorus|2\n|faint|p1a: Landorus\n|\n|-weather|none\n|upkeep\n|\n|t:|1601565865\n|switch|p1a: Zapdos|Zapdos|37\/100\n|turn|13\n|\n|t:|1601565868\n|move|p2a: Melmetal|Double Iron Bash|p1a: Zapdos\n|-resisted|p1a: Zapdos\n|-damage|p1a: Zapdos|19\/100\n|-resisted|p1a: Zapdos\n|-damage|p1a: Zapdos|1\/100\n|-hitcount|p1a: Zapdos|2\n|cant|p1a: Zapdos|flinch\n|\n|-fieldend|move: Trick Room\n|upkeep\n|turn|14\n|\n|t:|1601565876\n|switch|p2a: Jirachi|Jirachi|100\/100\n|move|p1a: Zapdos|Roost|p1a: Zapdos\n|-heal|p1a: Zapdos|51\/100\n|-singleturn|p1a: Zapdos|move: Roost\n|\n|upkeep\n|turn|15\n|\n|t:|1601565879\n|move|p1a: Zapdos|Defog|p2a: Jirachi\n|-unboost|p2a: Jirachi|evasion|1\n|-sideend|p1: Trogba Trogba|Stealth Rock|[from] move: Defog|[of] p1a: Zapdos\n|move|p2a: Jirachi|Trick Room|p2a: Jirachi\n|-fieldstart|move: Trick Room|[of] p2a: Jirachi\n|\n|upkeep\n|turn|16\n|\n|t:|1601565884\n|move|p2a: Jirachi|U-turn|p1a: Zapdos\n|-resisted|p1a: Zapdos\n|-damage|p1a: Zapdos|45\/100\n|-status|p2a: Jirachi|par|[from] ability: Static|[of] p1a: Zapdos\n|\n|t:|1601565886\n|switch|p2a: Stakataka|Stakataka|100\/100|[from]move: U-turn\n|move|p1a: Zapdos|Roost|p1a: Zapdos\n|-heal|p1a: Zapdos|95\/100\n|-singleturn|p1a: Zapdos|move: Roost\n|\n|upkeep\n|turn|17\n|\n|t:|1601565890\n|-zpower|p2a: Stakataka\n|move|p2a: Stakataka|Continental Crush|p1a: Zapdos|[zeffect]\n|-supereffective|p1a: Zapdos\n|-damage|p1a: Zapdos|0 fnt\n|faint|p1a: Zapdos\n|-ability|p2a: Stakataka|Beast Boost|boost\n|-boost|p2a: Stakataka|atk|1\n|\n|upkeep\n|\n|t:|1601565896\n|switch|p1a: Tornadus|Tornadus-Therian, M|100\/100\n|turn|18\n|\n|t:|1601565901\n|move|p2a: Stakataka|Gyro Ball|p1a: Tornadus\n|-damage|p1a: Tornadus|0 fnt\n|faint|p1a: Tornadus\n|-ability|p2a: Stakataka|Beast Boost|boost\n|-boost|p2a: Stakataka|atk|1\n|\n|upkeep\n|\n|t:|1601565910\n|switch|p1a: Dragonite|Dragonite, M|100\/100\n|turn|19\n|j| Stars and light\n|\n|t:|1601565931\n|move|p2a: Stakataka|Stone Edge|p1a: Dragonite\n|-supereffective|p1a: Dragonite\n|-damage|p1a: Dragonite|0 fnt\n|faint|p1a: Dragonite\n|-ability|p2a: Stakataka|Beast Boost|boost\n|-boost|p2a: Stakataka|atk|1\n|\n|-fieldend|move: Trick Room\n|upkeep\n|\n|t:|1601565935\n|switch|p1a: Charizard|Charizard-Mega-Y, F|100\/100\n|-weather|SunnyDay|[from] ability: Drought|[of] p1a: Charizard\n|turn|20\n|\n|t:|1601565994\n|switch|p2a: Copperajah|Copperajah, F|100\/100\n|move|p1a: Charizard|Focus Blast|p2a: Copperajah\n|-supereffective|p2a: Copperajah\n|-damage|p2a: Copperajah|0 fnt\n|faint|p2a: Copperajah\n|\n|-weather|SunnyDay|[upkeep]\n|upkeep\n|\n|t:|1601565997\n|switch|p2a: Jirachi|Jirachi|100\/100 par\n|turn|21\n|\n|t:|1601565999\n|move|p1a: Charizard|Flamethrower|p2a: Jirachi\n|-supereffective|p2a: Jirachi\n|-enditem|p2a: Jirachi|Occa Berry|[eat]\n|-enditem|p2a: Jirachi|Occa Berry|[weaken]\n|-damage|p2a: Jirachi|46\/100 par\n|cant|p2a: Jirachi|par\n|\n|-weather|SunnyDay|[upkeep]\n|upkeep\n|turn|22\n|c|\u2606Fylkir Pudin|yep\n|c|\u2606Trogba Trogba|lol\n|c|\u2606Fylkir Pudin|there it is\n|\n|t:|1601566008\n|move|p1a: Charizard|Flamethrower|p2a: Jirachi\n|-supereffective|p2a: Jirachi\n|-damage|p2a: Jirachi|0 fnt\n|faint|p2a: Jirachi\n|\n|-weather|SunnyDay|[upkeep]\n|upkeep\n|\n|t:|1601566011\n|switch|p2a: Stakataka|Stakataka|100\/100\n|turn|23\n|c|\u2606Trogba Trogba|tis the game we play\n|\n|t:|1601566019\n|move|p1a: Charizard|Focus Blast|p2a: Stakataka\n|-supereffective|p2a: Stakataka\n|-damage|p2a: Stakataka|0 fnt\n|faint|p2a: Stakataka\n|\n|-weather|SunnyDay|[upkeep]\n|upkeep\n|c|\u2606Fylkir Pudin|and ofc you hit\n|\n|t:|1601566028\n|switch|p2a: Melmetal|Melmetal|100\/100 par\n|turn|24\n|c|\u2606Trogba Trogba|I've never hit 2 focus blasts before tbh\n|c|\u2606Trogba Trogba|tbf*\n|c|\u2606Fylkir Pudin|man you literally got 2 static paras\n|\n|t:|1601566044\n|move|p1a: Charizard|Flamethrower|p2a: Melmetal\n|-supereffective|p2a: Melmetal\n|-damage|p2a: Melmetal|0 fnt\n|faint|p2a: Melmetal\n|\n|win|Trogba Trogba\n|c|\u2606Trogba Trogba|using iron bash\n|c|\u2606Trogba Trogba|lol\n|c| idksus|bruh back from the dead\n|c|\u2606Fylkir Pudin|oh yeah\n|l| Stars and light\n|c|\u2606Fylkir Pudin|iron bash rachi\n|c|\u2606Fylkir Pudin|how could i forget\n|l| DoboDab\n|c|\u2606Trogba Trogba|that was 3\/10\n|c|\u2606Fylkir Pudin|fucking pelican\n|c|\u2606Trogba Trogba|the other you hit 4 times with iron bash\n","uploadtime":1601566087,"views":17,"p1id":"trogbatrogba","p2id":"fylkirpudin","formatid":"gen8nationaldexmonotype","rating":0,"private":0,"password":null}