{"id":"gen8nationaldex-1391317480","p1":"RTSG tests","p2":"NDLT2XLT skypepe","format":"gen8nationaldex","log":"|raw|<div class=\"broadcast-blue\"><strong>This battle is required to be public due to a player having a name starting with 'ndlt2xlt'.<\/div>\n|j|\u2606RTSG tests\n|j|\u2606NDLT2XLT skypepe\n|t:|1628249070\n|gametype|singles\n|player|p1|RTSG tests|birdkeeper|1668\n|player|p2|NDLT2XLT skypepe|red|1570\n|teamsize|p1|6\n|teamsize|p2|6\n|gen|8\n|tier|[Gen 8] National Dex\n|rated|\n|rule|HP Percentage Mod: HP is shown in percentages\n|rule|Endless Battle Clause: Forcing endless battles is banned\n|rule|OHKO Clause: OHKO moves are banned\n|rule|Evasion Moves Clause: Evasion moves are banned\n|rule|Species Clause: Limit one of each Pok\u00e9mon\n|rule|Dynamax Clause: You cannot dynamax\n|rule|Sleep Clause Mod: Limit one foe put to sleep\n|clearpoke\n|poke|p1|Sceptile, M|\n|poke|p1|Feraligatr, M|\n|poke|p1|Infernape, M|\n|poke|p1|Latios, M|\n|poke|p1|Thundurus-Therian, M|\n|poke|p1|Copperajah, F|\n|poke|p2|Hawlucha, M|\n|poke|p2|Rillaboom, M|\n|poke|p2|Latias, F|\n|poke|p2|Rotom-Wash|\n|poke|p2|Landorus-Therian, M|\n|poke|p2|Corviknight, F|\n|teampreview\n|inactive|Battle timer is ON: inactive players will automatically lose when time's up. (requested by RTSG tests)\n|j| AiresICantReadChat\n|inactive|NDLT2XLT skypepe has 120 seconds left.\n|\n|t:|1628249120\n|start\n|switch|p1a: Thierry|Thundurus-Therian, M|100\/100\n|switch|p2a: Rotom|Rotom-Wash|100\/100\n|turn|1\n|\n|t:|1628249126\n|move|p1a: Thierry|Nasty Plot|p1a: Thierry\n|-boost|p1a: Thierry|spa|2\n|-zpower|p2a: Rotom\n|move|p2a: Rotom|Hydro Vortex|p1a: Thierry|[zeffect]\n|-damage|p1a: Thierry|0 fnt\n|faint|p1a: Thierry\n|\n|upkeep\n|\n|t:|1628249138\n|switch|p1a: Schnell als Robben|Sceptile, M|100\/100\n|turn|2\n|\n|t:|1628249151\n|switch|p1a: Santi|Infernape, M|100\/100\n|switch|p2a: Corviknight|Corviknight, F|100\/100\n|-ability|p2a: Corviknight|Pressure\n|\n|upkeep\n|turn|3\n|\n|t:|1628249157\n|move|p1a: Santi|Flare Blitz|p2a: Corviknight\n|-supereffective|p2a: Corviknight\n|-damage|p2a: Corviknight|0 fnt\n|-damage|p1a: Santi|84\/100|[from] item: Rocky Helmet|[of] p2a: Corviknight\n|faint|p2a: Corviknight\n|-damage|p1a: Santi|39\/100|[from] Recoil\n|-damage|p1a: Santi|29\/100|[from] item: Life Orb\n|\n|upkeep\n|\n|t:|1628249161\n|switch|p2a: Landorus|Landorus-Therian, M|100\/100\n|-ability|p2a: Landorus|Intimidate|boost\n|-unboost|p1a: Santi|atk|1\n|turn|4\n|\n|t:|1628249165\n|move|p1a: Santi|Swords Dance|p1a: Santi\n|-boost|p1a: Santi|atk|2\n|move|p2a: Landorus|Stealth Rock|p1a: Santi\n|-sidestart|p1: RTSG tests|move: Stealth Rock\n|\n|upkeep\n|turn|5\n|\n|t:|1628249168\n|move|p1a: Santi|Flare Blitz|p2a: Landorus\n|-damage|p2a: Landorus|0 fnt\n|faint|p2a: Landorus\n|-damage|p1a: Santi|0 fnt|[from] Recoil\n|faint|p1a: Santi\n|\n|upkeep\n|\n|t:|1628249180\n|switch|p1a: Metall Elefant|Copperajah, F|100\/100\n|switch|p2a: Latias|Latias, F|100\/100\n|-damage|p1a: Metall Elefant|94\/100|[from] Stealth Rock\n|turn|6\n|\n|t:|1628249187\n|move|p2a: Latias|Calm Mind|p2a: Latias\n|-boost|p2a: Latias|spa|1\n|-boost|p2a: Latias|spd|1\n|move|p1a: Metall Elefant|Heavy Slam|p2a: Latias\n|-damage|p2a: Latias|43\/100\n|\n|upkeep\n|turn|7\n|\n|t:|1628249198\n|move|p2a: Latias|Roost|p2a: Latias\n|-heal|p2a: Latias|93\/100\n|-singleturn|p2a: Latias|move: Roost\n|move|p1a: Metall Elefant|Heavy Slam|p2a: Latias\n|-damage|p2a: Latias|37\/100\n|\n|upkeep\n|turn|8\n|\n|t:|1628249203\n|move|p2a: Latias|Roost|p2a: Latias\n|-heal|p2a: Latias|87\/100\n|-singleturn|p2a: Latias|move: Roost\n|move|p1a: Metall Elefant|Heavy Slam|p2a: Latias\n|-damage|p2a: Latias|29\/100\n|\n|upkeep\n|turn|9\n|\n|t:|1628249206\n|move|p2a: Latias|Roost|p2a: Latias\n|-heal|p2a: Latias|79\/100\n|-singleturn|p2a: Latias|move: Roost\n|move|p1a: Metall Elefant|Heavy Slam|p2a: Latias\n|-damage|p2a: Latias|23\/100\n|\n|upkeep\n|turn|10\n|\n|t:|1628249219\n|move|p2a: Latias|Roost|p2a: Latias\n|-heal|p2a: Latias|73\/100\n|-singleturn|p2a: Latias|move: Roost\n|move|p1a: Metall Elefant|Heavy Slam|p2a: Latias\n|-damage|p2a: Latias|17\/100\n|\n|upkeep\n|turn|11\n|\n|t:|1628249225\n|move|p2a: Latias|Roost|p2a: Latias\n|-heal|p2a: Latias|67\/100\n|-singleturn|p2a: Latias|move: Roost\n|move|p1a: Metall Elefant|Heavy Slam|p2a: Latias\n|-damage|p2a: Latias|10\/100\n|\n|upkeep\n|turn|12\n|\n|t:|1628249244\n|move|p2a: Latias|Aura Sphere|p1a: Metall Elefant\n|-supereffective|p1a: Metall Elefant\n|-damage|p1a: Metall Elefant|26\/100\n|move|p1a: Metall Elefant|Heavy Slam|p2a: Latias\n|-damage|p2a: Latias|0 fnt\n|faint|p2a: Latias\n|\n|upkeep\n|\n|t:|1628249255\n|switch|p2a: Rillaboom|Rillaboom, M|100\/100\n|-fieldstart|move: Grassy Terrain|[from] ability: Grassy Surge|[of] p2a: Rillaboom\n|turn|13\n|\n|t:|1628249259\n|move|p2a: Rillaboom|Wood Hammer|p1a: Metall Elefant\n|-resisted|p1a: Metall Elefant\n|-crit|p1a: Metall Elefant\n|-damage|p1a: Metall Elefant|0 fnt\n|faint|p1a: Metall Elefant\n|-damage|p2a: Rillaboom|90\/100|[from] Recoil\n|\n|-heal|p2a: Rillaboom|96\/100|[from] Grassy Terrain\n|upkeep\n|\n|t:|1628249263\n|switch|p1a: Schnell als Robben|Sceptile, M|100\/100\n|-damage|p1a: Schnell als Robben|88\/100|[from] Stealth Rock\n|turn|14\n|\n|t:|1628249266\n|detailschange|p1a: Schnell als Robben|Sceptile-Mega, M\n|-mega|p1a: Schnell als Robben|Sceptile|Sceptilite\n|move|p1a: Schnell als Robben|Dragon Pulse|p2a: Rillaboom\n|-damage|p2a: Rillaboom|32\/100\n|move|p2a: Rillaboom|Wood Hammer|p1a: Schnell als Robben\n|-resisted|p1a: Schnell als Robben\n|-damage|p1a: Schnell als Robben|42\/100\n|-damage|p2a: Rillaboom|20\/100|[from] Recoil\n|\n|-heal|p1a: Schnell als Robben|49\/100|[from] Grassy Terrain\n|-heal|p2a: Rillaboom|26\/100|[from] Grassy Terrain\n|upkeep\n|turn|15\n|\n|t:|1628249277\n|switch|p2a: Rotom|Rotom-Wash|100\/100\n|move|p1a: Schnell als Robben|Dragon Pulse|p2a: Rotom\n|-crit|p2a: Rotom\n|-damage|p2a: Rotom|3\/100\n|\n|-heal|p1a: Schnell als Robben|55\/100|[from] Grassy Terrain\n|upkeep\n|turn|16\n|\n|t:|1628249292\n|move|p1a: Schnell als Robben|Energy Ball|p2a: Rotom\n|-supereffective|p2a: Rotom\n|-damage|p2a: Rotom|0 fnt\n|faint|p2a: Rotom\n|\n|-heal|p1a: Schnell als Robben|61\/100|[from] Grassy Terrain\n|upkeep\n|\n|t:|1628249295\n|switch|p2a: Hawlucha|Hawlucha, M|100\/100\n|-enditem|p2a: Hawlucha|Grassy Seed\n|-boost|p2a: Hawlucha|def|1|[from] item: Grassy Seed\n|turn|17\n|\n|t:|1628249305\n|move|p2a: Hawlucha|Acrobatics|p1a: Schnell als Robben\n|-supereffective|p1a: Schnell als Robben\n|-damage|p1a: Schnell als Robben|0 fnt\n|faint|p1a: Schnell als Robben\n|\n|-fieldend|move: Grassy Terrain\n|upkeep\n|\n|t:|1628249318\n|switch|p1a: Per|Feraligatr, M|100\/100\n|-damage|p1a: Per|88\/100|[from] Stealth Rock\n|turn|18\n|\n|t:|1628249325\n|move|p2a: Hawlucha|Substitute|p2a: Hawlucha\n|-start|p2a: Hawlucha|Substitute\n|-damage|p2a: Hawlucha|75\/100\n|move|p1a: Per|Ice Punch|p2a: Hawlucha\n|-supereffective|p2a: Hawlucha\n|-end|p2a: Hawlucha|Substitute\n|\n|upkeep\n|turn|19\n|\n|t:|1628249333\n|move|p2a: Hawlucha|Acrobatics|p1a: Per\n|-damage|p1a: Per|41\/100\n|move|p1a: Per|Ice Punch|p2a: Hawlucha\n|-supereffective|p2a: Hawlucha\n|-damage|p2a: Hawlucha|0 fnt\n|faint|p2a: Hawlucha\n|\n|upkeep\n|\n|t:|1628249338\n|switch|p2a: Rillaboom|Rillaboom, M|26\/100\n|-fieldstart|move: Grassy Terrain|[from] ability: Grassy Surge|[of] p2a: Rillaboom\n|turn|20\n|\n|t:|1628249342\n|move|p2a: Rillaboom|Grassy Glide|p1a: Per\n|-supereffective|p1a: Per\n|-damage|p1a: Per|0 fnt\n|faint|p1a: Per\n|\n|-heal|p2a: Rillaboom|32\/100|[from] Grassy Terrain\n|upkeep\n|\n|t:|1628249344\n|switch|p1a: Schlau Pires|Latios, M|100\/100\n|-damage|p1a: Schlau Pires|88\/100|[from] Stealth Rock\n|turn|21\n|\n|t:|1628249346\n|move|p2a: Rillaboom|Grassy Glide|p1a: Schlau Pires\n|-resisted|p1a: Schlau Pires\n|-damage|p1a: Schlau Pires|38\/100\n|move|p1a: Schlau Pires|Psychic|p2a: Rillaboom\n|-damage|p2a: Rillaboom|0 fnt\n|faint|p2a: Rillaboom\n|\n|win|RTSG tests\n|raw|RTSG tests's rating: 1668 &rarr; <strong>1683<\/strong><br \/>(+15 for winning)\n|raw|NDLT2XLT skypepe's rating: 1570 &rarr; <strong>1555<\/strong><br \/>(-15 for losing)\n|l|\u2606NDLT2XLT skypepe\n","uploadtime":1628249353,"views":47,"p1id":"rtsgtests","p2id":"ndlt2xltskypepe","formatid":"gen8nationaldex","rating":1555,"private":0,"password":null}