{"id":"gen8ou-1646906550","p1":"LT94JE patlop2307","p2":"Mimikyu Stardust","format":"gen8ou","log":"|raw|<div class=\"broadcast-blue\"><strong>This battle is required to be public due to a player having a name starting with 'lt94je'.<\/div>\n|j|\u2606LT94JE patlop2307\n|j|\u2606Mimikyu Stardust\n|t:|1661323580\n|gametype|singles\n|player|p1|LT94JE patlop2307|ltsurge|1737\n|player|p2|Mimikyu Stardust|#mimikyustardust|1786\n|teamsize|p1|6\n|teamsize|p2|6\n|gen|8\n|tier|[Gen 8] OU\n|rated|\n|rule|Sleep Clause Mod: Limit one foe put to sleep\n|rule|Species Clause: Limit one of each Pok\u00e9mon\n|rule|OHKO Clause: OHKO moves are banned\n|rule|Evasion Items Clause: Evasion items are banned\n|rule|Evasion Moves Clause: Evasion moves are banned\n|rule|Endless Battle Clause: Forcing endless battles is banned\n|rule|HP Percentage Mod: HP is shown in percentages\n|rule|Dynamax Clause: You cannot dynamax\n|clearpoke\n|poke|p1|Rillaboom, F|\n|poke|p1|Tornadus-Therian, M|\n|poke|p1|Blaziken, F|\n|poke|p1|Melmetal|\n|poke|p1|Garchomp, M|\n|poke|p1|Slowbro, F|\n|poke|p2|Mew|\n|poke|p2|Aerodactyl, F|\n|poke|p2|Gengar, F|\n|poke|p2|Urshifu-*, F|\n|poke|p2|Weavile, F|\n|poke|p2|Kartana|\n|teampreview\n|j| TheChronMan\n|\n|t:|1661323591\n|start\n|switch|p1a: Tornadus|Tornadus-Therian, M|100\/100\n|switch|p2a: Mew|Mew|100\/100\n|turn|1\n|\n|t:|1661323593\n|move|p1a: Tornadus|Knock Off|p2a: Mew\n|-supereffective|p2a: Mew\n|-damage|p2a: Mew|65\/100\n|-enditem|p2a: Mew|Mental Herb|[from] move: Knock Off|[of] p1a: Tornadus\n|move|p2a: Mew|Thunder Wave|p1a: Tornadus\n|-status|p1a: Tornadus|par\n|\n|upkeep\n|turn|2\n|\n|t:|1661323596\n|move|p2a: Mew|Stealth Rock|p1a: Tornadus\n|-sidestart|p1: LT94JE patlop2307|move: Stealth Rock\n|move|p1a: Tornadus|U-turn|p2a: Mew\n|-supereffective|p2a: Mew\n|-damage|p2a: Mew|40\/100\n|\n|t:|1661323606\n|switch|p1a: Garchomp|Garchomp, M|100\/100|[from]move: U-turn\n|-damage|p1a: Garchomp|94\/100|[from] Stealth Rock\n|\n|-heal|p1a: Garchomp|100\/100|[from] item: Leftovers\n|upkeep\n|turn|3\n|\n|t:|1661323609\n|move|p2a: Mew|Spikes|p1a: Garchomp\n|-sidestart|p1: LT94JE patlop2307|Spikes\n|move|p1a: Garchomp|Stealth Rock|p2a: Mew\n|-sidestart|p2: Mimikyu Stardust|move: Stealth Rock\n|\n|upkeep\n|turn|4\n|\n|t:|1661323612\n|move|p2a: Mew|Spikes|p1a: Garchomp\n|-sidestart|p1: LT94JE patlop2307|Spikes\n|move|p1a: Garchomp|Earthquake|p2a: Mew\n|-damage|p2a: Mew|2\/100\n|\n|upkeep\n|turn|5\n|\n|t:|1661323616\n|switch|p1a: Tornadus|Tornadus-Therian, M|100\/100 par\n|move|p2a: Mew|Spikes|p1a: Tornadus\n|-sidestart|p1: LT94JE patlop2307|Spikes\n|\n|upkeep\n|turn|6\n|\n|t:|1661323620\n|move|p2a: Mew|Taunt|p1a: Tornadus\n|-start|p1a: Tornadus|move: Taunt\n|cant|p1a: Tornadus|move: Taunt|Defog\n|\n|upkeep\n|turn|7\n|\n|t:|1661323631\n|move|p2a: Mew|Thunder Wave|p1a: Tornadus\n|-fail|p1a: Tornadus|par\n|cant|p1a: Tornadus|par\n|\n|upkeep\n|turn|8\n|\n|t:|1661323638\n|move|p2a: Mew|Thunder Wave|p1a: Tornadus\n|-fail|p1a: Tornadus|par\n|cant|p1a: Tornadus|par\n|\n|-end|p1a: Tornadus|move: Taunt\n|upkeep\n|turn|9\n|\n|t:|1661323646\n|move|p2a: Mew|Taunt|p1a: Tornadus\n|-start|p1a: Tornadus|move: Taunt\n|move|p1a: Tornadus|U-turn|p2a: Mew\n|-supereffective|p2a: Mew\n|-damage|p2a: Mew|0 fnt\n|faint|p2a: Mew\n|j| LT92PF Ayk\n|j| Starfire Scarlet\n|\n|t:|1661323666\n|switch|p1a: Garchomp|Garchomp, M|100\/100|[from]move: U-turn\n|-damage|p1a: Garchomp|94\/100|[from] Stealth Rock\n|-damage|p1a: Garchomp|69\/100|[from] Spikes\n|\n|-heal|p1a: Garchomp|76\/100|[from] item: Leftovers\n|upkeep\n|\n|t:|1661323671\n|switch|p2a: Weavile|Weavile, F|100\/100\n|-damage|p2a: Weavile|76\/100|[from] Stealth Rock\n|-ability|p2a: Weavile|Pressure\n|turn|10\n|j| Fluore\n|\n|t:|1661323679\n|move|p2a: Weavile|Swords Dance|p2a: Weavile\n|-boost|p2a: Weavile|atk|2\n|move|p1a: Garchomp|Earthquake|p2a: Weavile\n|-damage|p2a: Weavile|0 fnt\n|faint|p2a: Weavile\n|\n|-heal|p1a: Garchomp|82\/100|[from] item: Leftovers\n|upkeep\n|l| Starfire Scarlet\n|\n|t:|1661323684\n|switch|p2a: Urshifu|Urshifu-Rapid-Strike, F|100\/100\n|-damage|p2a: Urshifu|94\/100|[from] Stealth Rock\n|turn|11\n|\n|t:|1661323690\n|move|p2a: Urshifu|Surging Strikes|p1a: Garchomp\n|-crit|p1a: Garchomp\n|-damage|p1a: Garchomp|64\/100\n|-activate|p1a: Garchomp|ability: Rough Skin\n|-activate|p2a: Urshifu|item: Protective Pads\n|-crit|p1a: Garchomp\n|-damage|p1a: Garchomp|45\/100\n|-activate|p1a: Garchomp|ability: Rough Skin\n|-activate|p2a: Urshifu|item: Protective Pads\n|-crit|p1a: Garchomp\n|-damage|p1a: Garchomp|27\/100\n|-activate|p1a: Garchomp|ability: Rough Skin\n|-activate|p2a: Urshifu|item: Protective Pads\n|-hitcount|p1a: Garchomp|3\n|move|p1a: Garchomp|Earthquake|p2a: Urshifu\n|-damage|p2a: Urshifu|52\/100\n|\n|-heal|p1a: Garchomp|34\/100|[from] item: Leftovers\n|upkeep\n|turn|12\n|\n|t:|1661323703\n|switch|p1a: Slowbro|Slowbro, F|100\/100\n|-damage|p1a: Slowbro|88\/100|[from] Stealth Rock\n|-damage|p1a: Slowbro|63\/100|[from] Spikes\n|move|p2a: Urshifu|Surging Strikes|p1a: Slowbro\n|-resisted|p1a: Slowbro\n|-crit|p1a: Slowbro\n|-damage|p1a: Slowbro|58\/100\n|-resisted|p1a: Slowbro\n|-crit|p1a: Slowbro\n|-damage|p1a: Slowbro|52\/100\n|-resisted|p1a: Slowbro\n|-crit|p1a: Slowbro\n|-damage|p1a: Slowbro|46\/100\n|-hitcount|p1a: Slowbro|3\n|\n|upkeep\n|turn|13\n|j| LT94JE adreamew\n|\n|t:|1661323706\n|move|p2a: Urshifu|Taunt|p1a: Slowbro\n|-start|p1a: Slowbro|move: Taunt\n|cant|p1a: Slowbro|move: Taunt|Teleport\n|\n|upkeep\n|turn|14\n|\n|t:|1661323708\n|move|p2a: Urshifu|U-turn|p1a: Slowbro\n|-supereffective|p1a: Slowbro\n|-damage|p1a: Slowbro|20\/100\n|\n|t:|1661323710\n|switch|p2a: Gengar|Gengar, F|100\/100|[from]move: U-turn\n|-damage|p2a: Gengar|88\/100|[from] Stealth Rock\n|move|p1a: Slowbro|Scald|p2a: Gengar\n|-damage|p2a: Gengar|45\/100\n|\n|upkeep\n|turn|15\n|\n|t:|1661323713\n|switch|p1a: Garchomp|Garchomp, M|34\/100\n|-damage|p1a: Garchomp|27\/100|[from] Stealth Rock\n|-damage|p1a: Garchomp|2\/100|[from] Spikes\n|move|p2a: Gengar|Shadow Ball|p1a: Garchomp\n|-damage|p1a: Garchomp|0 fnt\n|faint|p1a: Garchomp\n|\n|upkeep\n|j| Rubiaa\n|\n|t:|1661323716\n|switch|p1a: Tornadus|Tornadus-Therian, M|100\/100 par\n|turn|16\n|\n|t:|1661323719\n|move|p2a: Gengar|Shadow Ball|p1a: Tornadus\n|-damage|p1a: Tornadus|62\/100 par\n|-unboost|p1a: Tornadus|spd|1\n|cant|p1a: Tornadus|par\n|\n|upkeep\n|turn|17\n|j| magina 666\n|\n|t:|1661323724\n|move|p2a: Gengar|Shadow Ball|p1a: Tornadus\n|-damage|p1a: Tornadus|4\/100 par\n|move|p1a: Tornadus|Defog|p2a: Gengar\n|-unboost|p2a: Gengar|evasion|1\n|-sideend|p2: Mimikyu Stardust|Stealth Rock|[from] move: Defog|[of] p1a: Tornadus\n|-sideend|p1: LT94JE patlop2307|Spikes|[from] move: Defog|[of] p1a: Tornadus\n|-sideend|p1: LT94JE patlop2307|Stealth Rock|[from] move: Defog|[of] p1a: Tornadus\n|\n|upkeep\n|turn|18\n|\n|t:|1661323734\n|move|p2a: Gengar|Shadow Ball|p1a: Tornadus\n|-damage|p1a: Tornadus|0 fnt\n|faint|p1a: Tornadus\n|\n|upkeep\n|\n|t:|1661323737\n|switch|p1a: Blaziken|Blaziken, F|100\/100\n|turn|19\n|\n|t:|1661323741\n|move|p2a: Gengar|Shadow Ball|p1a: Blaziken\n|-damage|p1a: Blaziken|41\/100\n|move|p1a: Blaziken|Flare Blitz|p2a: Gengar\n|-damage|p2a: Gengar|0 fnt\n|faint|p2a: Gengar\n|-damage|p1a: Blaziken|30\/100|[from] Recoil\n|\n|-heal|p1a: Blaziken|36\/100|[from] item: Leftovers\n|-ability|p1a: Blaziken|Speed Boost|boost\n|-boost|p1a: Blaziken|spe|1\n|upkeep\n|j| SenRine\n|\n|t:|1661323748\n|switch|p2a: Aerodactyl|Aerodactyl, F|100\/100\n|-ability|p2a: Aerodactyl|Unnerve\n|turn|20\n|\n|t:|1661323752\n|move|p2a: Aerodactyl|Earthquake|p1a: Blaziken\n|-supereffective|p1a: Blaziken\n|-damage|p1a: Blaziken|0 fnt\n|faint|p1a: Blaziken\n|\n|upkeep\n|\n|t:|1661323755\n|switch|p1a: Melmetal|Melmetal|100\/100\n|turn|21\n|\n|t:|1661323764\n|move|p2a: Aerodactyl|Earthquake|p1a: Melmetal\n|-supereffective|p1a: Melmetal\n|-damage|p1a: Melmetal|58\/100\n|move|p1a: Melmetal|Thunder Punch|p2a: Aerodactyl\n|-supereffective|p2a: Aerodactyl\n|-damage|p2a: Aerodactyl|0 fnt\n|faint|p2a: Aerodactyl\n|\n|-heal|p1a: Melmetal|64\/100|[from] item: Leftovers\n|upkeep\n|\n|t:|1661323767\n|switch|p2a: Urshifu|Urshifu-Rapid-Strike, F|52\/100\n|turn|22\n|\n|t:|1661323772\n|switch|p1a: Slowbro|Slowbro, F|53\/100\n|move|p2a: Urshifu|U-turn|p1a: Slowbro\n|-supereffective|p1a: Slowbro\n|-damage|p1a: Slowbro|26\/100\n|\n|t:|1661323776\n|switch|p2a: Kartana|Kartana|100\/100|[from]move: U-turn\n|\n|upkeep\n|turn|23\n|\n|t:|1661323781\n|move|p2a: Kartana|Knock Off|p1a: Slowbro\n|-supereffective|p1a: Slowbro\n|-damage|p1a: Slowbro|0 fnt\n|-damage|p2a: Kartana|84\/100|[from] item: Rocky Helmet|[of] p1a: Slowbro\n|-enditem|p1a: Slowbro|Rocky Helmet|[from] move: Knock Off|[of] p2a: Kartana\n|faint|p1a: Slowbro\n|-ability|p2a: Kartana|Beast Boost|boost\n|-boost|p2a: Kartana|atk|1\n|\n|upkeep\n|\n|t:|1661323783\n|switch|p1a: Melmetal|Melmetal|64\/100\n|turn|24\n|\n|t:|1661323786\n|move|p2a: Kartana|Knock Off|p1a: Melmetal\n|-damage|p1a: Melmetal|26\/100\n|-enditem|p1a: Melmetal|Leftovers|[from] move: Knock Off|[of] p2a: Kartana\n|move|p1a: Melmetal|Superpower|p2a: Kartana\n|-supereffective|p2a: Kartana\n|-damage|p2a: Kartana|0 fnt\n|-unboost|p1a: Melmetal|atk|1\n|-unboost|p1a: Melmetal|def|1\n|faint|p2a: Kartana\n|\n|upkeep\n|\n|t:|1661323789\n|switch|p2a: Urshifu|Urshifu-Rapid-Strike, F|52\/100\n|turn|25\n|\n|t:|1661323790\n|move|p2a: Urshifu|Surging Strikes|p1a: Melmetal\n|-crit|p1a: Melmetal\n|-damage|p1a: Melmetal|8\/100\n|-crit|p1a: Melmetal\n|-damage|p1a: Melmetal|0 fnt\n|faint|p1a: Melmetal\n|-hitcount|p1: Melmetal|2\n|\n|upkeep\n|\n|t:|1661323792\n|switch|p1a: Rillaboom|Rillaboom, F|100\/100\n|-fieldstart|move: Grassy Terrain|[from] ability: Grassy Surge|[of] p1a: Rillaboom\n|turn|26\n|\n|t:|1661323794\n|move|p1a: Rillaboom|Grassy Glide|p2a: Urshifu\n|-supereffective|p2a: Urshifu\n|-damage|p2a: Urshifu|0 fnt\n|faint|p2a: Urshifu\n|\n|win|LT94JE patlop2307\n|raw|LT94JE patlop2307's rating: 1737 &rarr; <strong>1760<\/strong><br \/>(+23 for winning)\n|raw|Mimikyu Stardust's rating: 1786 &rarr; <strong>1763<\/strong><br \/>(-23 for losing)\n|l|\u2606Mimikyu Stardust\n|l| Fluore\n|l|\u2606LT94JE patlop2307\n|l| SenRine\n|l| LT94JE adreamew\n|l| Rubiaa\n|l| TheChronMan\n","uploadtime":1661324226,"views":106,"p1id":"lt94jepatlop2307","p2id":"mimikyustardust","formatid":"gen8ou","rating":1760,"private":0,"password":null}