{"id":"gen8nationaldex-1603651367","p1":"alb199","p2":"LECH24","format":"gen8nationaldex","log":"|j|\u2606alb199\n|j|\u2606LECH24\n|t:|1656121530\n|gametype|singles\n|player|p1|alb199|veteran|1601\n|player|p2|LECH24|101|1672\n|teamsize|p1|6\n|teamsize|p2|6\n|gen|8\n|tier|[Gen 8] National Dex\n|rated|\n|rule|HP Percentage Mod: HP is shown in percentages\n|rule|Endless Battle Clause: Forcing endless battles is banned\n|rule|OHKO Clause: OHKO moves are banned\n|rule|Evasion Moves Clause: Evasion moves are banned\n|rule|Species Clause: Limit one of each Pok\u00e9mon\n|rule|Dynamax Clause: You cannot dynamax\n|rule|Sleep Clause Mod: Limit one foe put to sleep\n|clearpoke\n|poke|p1|Lopunny, M|\n|poke|p1|Ferrothorn, F|\n|poke|p1|Zapdos|\n|poke|p1|Tapu Fini|\n|poke|p1|Heatran, F|\n|poke|p1|Mamoswine, F|\n|poke|p2|Kommo-o, M|\n|poke|p2|Lopunny, M|\n|poke|p2|Slowbro, F|\n|poke|p2|Celesteela|\n|poke|p2|Heatran, F|\n|poke|p2|Gliscor, M|\n|teampreview\n|\n|t:|1656121544\n|start\n|switch|p1a: Lopunny|Lopunny, M|100\/100\n|switch|p2a: Lopunny|Lopunny, M|100\/100\n|turn|1\n|\n|t:|1656121547\n|detailschange|p1a: Lopunny|Lopunny-Mega, M\n|-mega|p1a: Lopunny|Lopunny|Lopunnite\n|detailschange|p2a: Lopunny|Lopunny-Mega, M\n|-mega|p2a: Lopunny|Lopunny|Lopunnite\n|move|p2a: Lopunny|Fake Out|p1a: Lopunny\n|-damage|p1a: Lopunny|71\/100\n|cant|p1a: Lopunny|flinch\n|\n|upkeep\n|turn|2\n|\n|t:|1656121556\n|switch|p2a: Slowbro|Slowbro, F|100\/100\n|move|p1a: Lopunny|Close Combat|p2a: Slowbro\n|-resisted|p2a: Slowbro\n|-damage|p2a: Slowbro|81\/100\n|-unboost|p1a: Lopunny|def|1\n|-unboost|p1a: Lopunny|spd|1\n|\n|upkeep\n|turn|3\n|\n|t:|1656121559\n|move|p1a: Lopunny|U-turn|p2a: Slowbro\n|-supereffective|p2a: Slowbro\n|-damage|p2a: Slowbro|49\/100\n|\n|t:|1656121564\n|switch|p1a: Ferrothorn|Ferrothorn, F|100\/100|[from]move: U-turn\n|move|p2a: Slowbro|Teleport|p2a: Slowbro\n|\n|t:|1656121570\n|switch|p2a: Heatran|Heatran, F|100\/100|[from]move: Teleport\n|\n|upkeep\n|turn|4\n|\n|t:|1656121573\n|switch|p1a: Heatran|Heatran, F|100\/100\n|move|p2a: Heatran|Magma Storm|p1a: Heatran\n|-start|p1a: Heatran|ability: Flash Fire\n|\n|upkeep\n|turn|5\n|\n|t:|1656121585\n|switch|p2a: Gliscor|Gliscor, M|100\/100\n|move|p1a: Heatran|Earth Power|p2a: Gliscor\n|-immune|p2a: Gliscor\n|\n|-status|p2a: Gliscor|tox|[from] item: Toxic Orb\n|upkeep\n|turn|6\n|\n|t:|1656121588\n|-zpower|p1a: Heatran\n|move|p1a: Heatran|Inferno Overdrive|p2a: Gliscor|[zeffect]\n|-damage|p2a: Gliscor|0 fnt\n|faint|p2a: Gliscor\n|\n|upkeep\n|\n|t:|1656121592\n|switch|p2a: Kommo-o|Kommo-o, M|100\/100\n|turn|7\n|\n|t:|1656121599\n|move|p2a: Kommo-o|Clangorous Soul|p2a: Kommo-o\n|-boost|p2a: Kommo-o|atk|1\n|-boost|p2a: Kommo-o|def|1\n|-boost|p2a: Kommo-o|spa|1\n|-boost|p2a: Kommo-o|spd|1\n|-boost|p2a: Kommo-o|spe|1\n|-damage|p2a: Kommo-o|68\/100\n|move|p1a: Heatran|Toxic|p2a: Kommo-o|[miss]\n|-miss|p1a: Heatran|p2a: Kommo-o\n|\n|upkeep\n|turn|8\n|\n|t:|1656121608\n|-end|p1a: Heatran|ability: Flash Fire|[silent]\n|switch|p1a: Tapu Fini|Tapu Fini|100\/100\n|-fieldstart|move: Misty Terrain|[from] ability: Misty Surge|[of] p1a: Tapu Fini\n|-zpower|p2a: Kommo-o\n|move|p2a: Kommo-o|Clangorous Soulblaze|p1a: Tapu Fini|[zeffect]\n|-immune|p1a: Tapu Fini\n|\n|upkeep\n|turn|9\n|\n|t:|1656121611\n|move|p2a: Kommo-o|Boomburst|p1a: Tapu Fini\n|-damage|p1a: Tapu Fini|59\/100\n|move|p1a: Tapu Fini|Moonblast|p2a: Kommo-o\n|-supereffective|p2a: Kommo-o\n|-damage|p2a: Kommo-o|0 fnt\n|faint|p2a: Kommo-o\n|\n|-heal|p1a: Tapu Fini|65\/100|[from] item: Leftovers\n|upkeep\n|\n|t:|1656121622\n|switch|p2a: Lopunny|Lopunny-Mega, M|100\/100\n|turn|10\n|\n|t:|1656121626\n|switch|p1a: Zapdos|Zapdos|100\/100\n|move|p2a: Lopunny|Fake Out|p1a: Zapdos\n|-damage|p1a: Zapdos|85\/100\n|\n|upkeep\n|turn|11\n|\n|t:|1656121631\n|move|p2a: Lopunny|Ice Punch|p1a: Zapdos\n|-supereffective|p1a: Zapdos\n|-damage|p1a: Zapdos|44\/100\n|move|p1a: Zapdos|Roost|p1a: Zapdos\n|-heal|p1a: Zapdos|94\/100\n|-singleturn|p1a: Zapdos|move: Roost\n|\n|upkeep\n|turn|12\n|\n|t:|1656121635\n|switch|p2a: Heatran|Heatran, F|100\/100\n|move|p1a: Zapdos|Roost|p1a: Zapdos\n|-heal|p1a: Zapdos|100\/100\n|-singleturn|p1a: Zapdos|move: Roost\n|\n|-fieldend|Misty Terrain\n|upkeep\n|turn|13\n|\n|t:|1656121643\n|switch|p1a: Mamoswine|Mamoswine, F|100\/100\n|move|p2a: Heatran|Magma Storm|p1a: Mamoswine|[miss]\n|-miss|p2a: Heatran|p1a: Mamoswine\n|\n|upkeep\n|turn|14\n|\n|t:|1656121651\n|switch|p2a: Slowbro|Slowbro, F|83\/100\n|move|p1a: Mamoswine|Knock Off|p2a: Slowbro\n|-supereffective|p2a: Slowbro\n|-damage|p2a: Slowbro|27\/100\n|-enditem|p2a: Slowbro|Heavy-Duty Boots|[from] move: Knock Off|[of] p1a: Mamoswine\n|\n|upkeep\n|turn|15\n|\n|t:|1656121657\n|switch|p2a: Celesteela|Celesteela|100\/100\n|move|p1a: Mamoswine|Knock Off|p2a: Celesteela\n|-damage|p2a: Celesteela|53\/100\n|-enditem|p2a: Celesteela|Power Herb|[from] move: Knock Off|[of] p1a: Mamoswine\n|\n|upkeep\n|turn|16\n|\n|t:|1656121662\n|switch|p1a: Heatran|Heatran, F|100\/100\n|move|p2a: Celesteela|Autotomize|p2a: Celesteela\n|-boost|p2a: Celesteela|spe|2\n|-start|p2a: Celesteela|Autotomize\n|\n|upkeep\n|turn|17\n|\n|t:|1656121665\n|move|p2a: Celesteela|Meteor Beam||[still]\n|-prepare|p2a: Celesteela|Meteor Beam\n|-boost|p2a: Celesteela|spa|1\n|move|p1a: Heatran|Magma Storm|p2a: Celesteela|[miss]\n|-miss|p1a: Heatran|p2a: Celesteela\n|\n|upkeep\n|turn|18\n|\n|t:|1656121670\n|move|p2a: Celesteela|Meteor Beam|p1a: Heatran|[from]lockedmove\n|-damage|p1a: Heatran|48\/100\n|move|p1a: Heatran|Magma Storm|p2a: Celesteela\n|-supereffective|p2a: Celesteela\n|-crit|p2a: Celesteela\n|-damage|p2a: Celesteela|0 fnt\n|faint|p2a: Celesteela\n|\n|upkeep\n|\n|t:|1656121672\n|switch|p2a: Lopunny|Lopunny-Mega, M|100\/100\n|turn|19\n|\n|t:|1656121676\n|switch|p1a: Zapdos|Zapdos|100\/100\n|move|p2a: Lopunny|Close Combat|p1a: Zapdos\n|-resisted|p1a: Zapdos\n|-damage|p1a: Zapdos|76\/100\n|-unboost|p2a: Lopunny|def|1\n|-unboost|p2a: Lopunny|spd|1\n|\n|upkeep\n|turn|20\n|\n|t:|1656121679\n|move|p2a: Lopunny|Ice Punch|p1a: Zapdos\n|-supereffective|p1a: Zapdos\n|-damage|p1a: Zapdos|35\/100\n|move|p1a: Zapdos|Discharge|p2a: Lopunny\n|-damage|p2a: Lopunny|35\/100\n|\n|upkeep\n|turn|21\n|\n|t:|1656121683\n|move|p2a: Lopunny|Return|p1a: Zapdos\n|-damage|p1a: Zapdos|0 fnt\n|faint|p1a: Zapdos\n|\n|upkeep\n|\n|t:|1656121686\n|switch|p1a: Lopunny|Lopunny-Mega, M|71\/100\n|turn|22\n|\n|t:|1656121689\n|switch|p2a: Heatran|Heatran, F|100\/100\n|move|p1a: Lopunny|U-turn|p2a: Heatran\n|-resisted|p2a: Heatran\n|-damage|p2a: Heatran|96\/100\n|-damage|p1a: Lopunny|55\/100|[from] item: Rocky Helmet|[of] p2a: Heatran\n|\n|t:|1656121695\n|switch|p1a: Mamoswine|Mamoswine, F|100\/100|[from]move: U-turn\n|\n|upkeep\n|turn|23\n|\n|t:|1656121711\n|move|p1a: Mamoswine|Earthquake|p2a: Heatran\n|-supereffective|p2a: Heatran\n|-damage|p2a: Heatran|0 fnt\n|faint|p2a: Heatran\n|\n|upkeep\n|\n|t:|1656121713\n|switch|p2a: Lopunny|Lopunny-Mega, M|35\/100\n|turn|24\n|\n|t:|1656121716\n|switch|p1a: Ferrothorn|Ferrothorn, F|100\/100\n|move|p2a: Lopunny|Close Combat|p1a: Ferrothorn\n|-supereffective|p1a: Ferrothorn\n|-damage|p1a: Ferrothorn|4\/100\n|-unboost|p2a: Lopunny|def|1\n|-unboost|p2a: Lopunny|spd|1\n|-damage|p2a: Lopunny|23\/100|[from] ability: Iron Barbs|[of] p1a: Ferrothorn\n|\n|-heal|p1a: Ferrothorn|11\/100|[from] item: Leftovers\n|upkeep\n|turn|25\n|\n|t:|1656121726\n|move|p2a: Lopunny|Close Combat|p1a: Ferrothorn\n|-supereffective|p1a: Ferrothorn\n|-damage|p1a: Ferrothorn|0 fnt\n|-unboost|p2a: Lopunny|def|1\n|-unboost|p2a: Lopunny|spd|1\n|-damage|p2a: Lopunny|10\/100|[from] ability: Iron Barbs|[of] p1a: Ferrothorn\n|faint|p1a: Ferrothorn\n|\n|upkeep\n|\n|t:|1656121728\n|switch|p1a: Lopunny|Lopunny-Mega, M|55\/100\n|turn|26\n|\n|t:|1656121733\n|move|p1a: Lopunny|Fake Out|p2a: Lopunny\n|-damage|p2a: Lopunny|0 fnt\n|faint|p2a: Lopunny\n|\n|upkeep\n|\n|t:|1656121735\n|switch|p2a: Slowbro|Slowbro, F|60\/100\n|turn|27\n|\n|t:|1656121743\n|move|p1a: Lopunny|U-turn|p2a: Slowbro\n|-supereffective|p2a: Slowbro\n|-damage|p2a: Slowbro|32\/100\n|\n|t:|1656121745\n|switch|p1a: Tapu Fini|Tapu Fini|65\/100|[from]move: U-turn\n|-fieldstart|move: Misty Terrain|[from] ability: Misty Surge|[of] p1a: Tapu Fini\n|move|p2a: Slowbro|Slack Off|p2a: Slowbro\n|-heal|p2a: Slowbro|82\/100\n|\n|-heal|p1a: Tapu Fini|71\/100|[from] item: Leftovers\n|upkeep\n|turn|28\n|\n|t:|1656121748\n|move|p1a: Tapu Fini|Taunt|p2a: Slowbro\n|-start|p2a: Slowbro|move: Taunt\n|move|p2a: Slowbro|Future Sight|p1a: Tapu Fini\n|-start|p2a: Slowbro|move: Future Sight\n|\n|-heal|p1a: Tapu Fini|77\/100|[from] item: Leftovers\n|upkeep\n|turn|29\n|\n|t:|1656121750\n|move|p1a: Tapu Fini|Nature's Madness|p2a: Slowbro\n|-damage|p2a: Slowbro|41\/100\n|move|p2a: Slowbro|Scald|p1a: Tapu Fini\n|-resisted|p1a: Tapu Fini\n|-damage|p1a: Tapu Fini|67\/100\n|\n|-heal|p1a: Tapu Fini|73\/100|[from] item: Leftovers\n|upkeep\n|turn|30\n|\n|t:|1656121759\n|move|p1a: Tapu Fini|Nature's Madness|p2a: Slowbro\n|-damage|p2a: Slowbro|21\/100\n|move|p2a: Slowbro|Scald|p1a: Tapu Fini\n|-resisted|p1a: Tapu Fini\n|-damage|p1a: Tapu Fini|63\/100\n|\n|-end|p1a: Tapu Fini|move: Future Sight\n|-damage|p1a: Tapu Fini|36\/100\n|-heal|p1a: Tapu Fini|42\/100|[from] item: Leftovers\n|-end|p2a: Slowbro|move: Taunt\n|upkeep\n|turn|31\n|\n|t:|1656121764\n|move|p1a: Tapu Fini|Taunt|p2a: Slowbro\n|-start|p2a: Slowbro|move: Taunt\n|move|p2a: Slowbro|Scald|p1a: Tapu Fini\n|-resisted|p1a: Tapu Fini\n|-damage|p1a: Tapu Fini|33\/100\n|\n|-heal|p1a: Tapu Fini|39\/100|[from] item: Leftovers\n|-fieldend|Misty Terrain\n|upkeep\n|turn|32\n|c|\u2606LECH24|I liked the play where Mamo lived\n|c|\u2606LECH24|gg\n|-message|LECH24 forfeited.\n|\n|win|alb199\n|raw|alb199's rating: 1601 &rarr; <strong>1625<\/strong><br \/>(+24 for winning)\n|raw|LECH24's rating: 1672 &rarr; <strong>1648<\/strong><br \/>(-24 for losing)\n||Ladder isn't responding, score probably updated but might not have (Request timeout).\n","uploadtime":1656121787,"views":5,"p1id":"alb199","p2id":"lech24","formatid":"gen8nationaldex","rating":1625,"private":0,"password":null}