{"id":"gen8nationaldex-1581812037","p1":"Sir Fresh","p2":"Drew0723","format":"gen8nationaldex","log":"|j|\u2606Sir Fresh\n|j|\u2606Drew0723\n|t:|1653407635\n|gametype|singles\n|player|p1|Sir Fresh|palmer|\n|player|p2|Drew0723|266|\n|teamsize|p1|6\n|teamsize|p2|6\n|gen|8\n|tier|[Gen 8] National Dex\n|rule|HP Percentage Mod: HP is shown in percentages\n|rule|Endless Battle Clause: Forcing endless battles is banned\n|rule|OHKO Clause: OHKO moves are banned\n|rule|Evasion Moves Clause: Evasion moves are banned\n|rule|Species Clause: Limit one of each Pok\u00e9mon\n|rule|Dynamax Clause: You cannot dynamax\n|rule|Sleep Clause Mod: Limit one foe put to sleep\n|clearpoke\n|poke|p1|Skarmory, M|\n|poke|p1|Umbreon, M|\n|poke|p1|Feraligatr, M|\n|poke|p1|Gligar, M|\n|poke|p1|Espeon, F|\n|poke|p1|Ampharos, F|\n|poke|p2|Politoed, M|\n|poke|p2|Scizor, M|\n|poke|p2|Kingdra, F|\n|poke|p2|Blissey, F|\n|poke|p2|Raikou|\n|poke|p2|Mantine, F|\n|teampreview\n|c|\u2606Sir Fresh|Glhf\n|c|\u2606Drew0723|glhf\n|\n|t:|1653407678\n|start\n|switch|p1a: Ampharos|Ampharos, F|100\/100\n|switch|p2a: Raikou|Raikou|100\/100\n|-ability|p2a: Raikou|Pressure\n|turn|1\n|\n|t:|1653407685\n|detailschange|p1a: Ampharos|Ampharos-Mega, F\n|-mega|p1a: Ampharos|Ampharos|Ampharosite\n|-ability|p1a: Ampharos|Mold Breaker\n|move|p2a: Raikou|Volt Switch|p1a: Ampharos\n|-resisted|p1a: Ampharos\n|-damage|p1a: Ampharos|93\/100\n|\n|t:|1653407689\n|switch|p2a: Blissey|Blissey, F|100\/100|[from]move: Volt Switch\n|move|p1a: Ampharos|Volt Switch|p2a: Blissey\n|-damage|p2a: Blissey|84\/100\n|\n|t:|1653407695\n|switch|p1a: Gligar|Gligar, M|100\/100|[from]move: Volt Switch\n|\n|-heal|p2a: Blissey|90\/100|[from] item: Leftovers\n|upkeep\n|turn|2\n|\n|t:|1653407709\n|move|p1a: Gligar|Knock Off|p2a: Blissey\n|-damage|p2a: Blissey|75\/100\n|-enditem|p2a: Blissey|Leftovers|[from] move: Knock Off|[of] p1a: Gligar\n|move|p2a: Blissey|Teleport|p2a: Blissey\n|\n|t:|1653407711\n|switch|p2a: Politoed|Politoed, M|100\/100|[from]move: Teleport\n|-weather|RainDance|[from] ability: Drizzle|[of] p2a: Politoed\n|\n|-weather|RainDance|[upkeep]\n|upkeep\n|turn|3\n|\n|t:|1653407717\n|switch|p1a: Umbreon|Umbreon, M|100\/100\n|move|p2a: Politoed|Scald|p1a: Umbreon\n|-damage|p1a: Umbreon|81\/100\n|-status|p1a: Umbreon|brn\n|-activate|p1a: Umbreon|ability: Synchronize\n|-status|p2a: Politoed|brn\n|\n|-weather|RainDance|[upkeep]\n|-heal|p1a: Umbreon|88\/100 brn|[from] item: Leftovers\n|-damage|p2a: Politoed|94\/100 brn|[from] brn\n|-damage|p1a: Umbreon|81\/100 brn|[from] brn\n|upkeep\n|turn|4\n|\n|t:|1653407729\n|switch|p2a: Scizor|Scizor, M|100\/100\n|move|p1a: Umbreon|Heal Bell|p1a: Umbreon\n|-activate|p1a: Umbreon|move: Heal Bell\n|-curestatus|p1a: Umbreon|brn|[msg]\n|\n|-weather|RainDance|[upkeep]\n|-heal|p1a: Umbreon|88\/100|[from] item: Leftovers\n|upkeep\n|turn|5\n|\n|t:|1653407735\n|switch|p1a: Skarmory|Skarmory, M|100\/100\n|detailschange|p2a: Scizor|Scizor-Mega, M\n|-mega|p2a: Scizor|Scizor|Scizorite\n|move|p2a: Scizor|U-turn|p1a: Skarmory\n|-resisted|p1a: Skarmory\n|-damage|p1a: Skarmory|96\/100\n|-damage|p2a: Scizor|84\/100|[from] item: Rocky Helmet|[of] p1a: Skarmory\n|\n|t:|1653407740\n|switch|p2a: Raikou|Raikou|100\/100|[from]move: U-turn\n|-ability|p2a: Raikou|Pressure\n|\n|-weather|RainDance|[upkeep]\n|upkeep\n|turn|6\n|\n|t:|1653407750\n|switch|p1a: Umbreon|Umbreon, M|88\/100\n|move|p2a: Raikou|Volt Switch|p1a: Umbreon\n|-damage|p1a: Umbreon|69\/100\n|\n|t:|1653407812\n|switch|p2a: Scizor|Scizor-Mega, M|84\/100|[from]move: Volt Switch\n|\n|-weather|RainDance|[upkeep]\n|-heal|p1a: Umbreon|75\/100|[from] item: Leftovers\n|upkeep\n|turn|7\n|\n|t:|1653407819\n|switch|p2a: Kingdra|Kingdra, F|100\/100\n|move|p1a: Umbreon|Protect||[still]\n|-fail|p1a: Umbreon\n|\n|-weather|RainDance|[upkeep]\n|-heal|p1a: Umbreon|81\/100|[from] item: Leftovers\n|upkeep\n|turn|8\n|\n|t:|1653407826\n|move|p2a: Kingdra|Flip Turn|p1a: Umbreon\n|-damage|p1a: Umbreon|59\/100\n|\n|t:|1653407831\n|switch|p2a: Scizor|Scizor-Mega, M|84\/100|[from]move: Flip Turn\n|move|p1a: Umbreon|Wish|p1a: Umbreon\n|\n|-weather|RainDance|[upkeep]\n|-heal|p1a: Umbreon|65\/100|[from] item: Leftovers\n|upkeep\n|turn|9\n|\n|t:|1653407839\n|move|p1a: Umbreon|Protect|p1a: Umbreon\n|-singleturn|p1a: Umbreon|Protect\n|move|p2a: Scizor|U-turn|p1a: Umbreon\n|-activate|p1a: Umbreon|move: Protect\n|\n|-weather|none\n|-heal|p1a: Umbreon|100\/100|[from] move: Wish|[wisher] Umbreon\n|upkeep\n|turn|10\n|\n|t:|1653407870\n|switch|p1a: Skarmory|Skarmory, M|96\/100\n|move|p2a: Scizor|U-turn|p1a: Skarmory\n|-resisted|p1a: Skarmory\n|-damage|p1a: Skarmory|91\/100\n|-damage|p2a: Scizor|67\/100|[from] item: Rocky Helmet|[of] p1a: Skarmory\n|\n|t:|1653407879\n|switch|p2a: Raikou|Raikou|100\/100|[from]move: U-turn\n|-ability|p2a: Raikou|Pressure\n|\n|upkeep\n|turn|11\n|\n|t:|1653407886\n|switch|p1a: Umbreon|Umbreon, M|100\/100\n|move|p2a: Raikou|Volt Switch|p1a: Umbreon\n|-damage|p1a: Umbreon|84\/100\n|\n|t:|1653407894\n|switch|p2a: Scizor|Scizor-Mega, M|67\/100|[from]move: Volt Switch\n|\n|-heal|p1a: Umbreon|90\/100|[from] item: Leftovers\n|upkeep\n|turn|12\n|\n|t:|1653407898\n|switch|p1a: Gligar|Gligar, M|100\/100\n|move|p2a: Scizor|Roost|p2a: Scizor\n|-heal|p2a: Scizor|100\/100\n|-singleturn|p2a: Scizor|move: Roost\n|\n|upkeep\n|turn|13\n|\n|t:|1653407904\n|move|p1a: Gligar|Stealth Rock|p2a: Scizor\n|-sidestart|p2: Drew0723|move: Stealth Rock\n|move|p2a: Scizor|U-turn|p1a: Gligar\n|-resisted|p1a: Gligar\n|-damage|p1a: Gligar|92\/100\n|\n|t:|1653407935\n|switch|p2a: Politoed|Politoed, M|94\/100 brn|[from]move: U-turn\n|-damage|p2a: Politoed|82\/100 brn|[from] Stealth Rock\n|-weather|RainDance|[from] ability: Drizzle|[of] p2a: Politoed\n|\n|-weather|RainDance|[upkeep]\n|-damage|p2a: Politoed|76\/100 brn|[from] brn\n|upkeep\n|turn|14\n|\n|t:|1653407952\n|switch|p1a: Espeon|Espeon, F|100\/100\n|move|p2a: Politoed|Scald|p1a: Espeon\n|-damage|p1a: Espeon|51\/100\n|\n|-weather|RainDance|[upkeep]\n|-damage|p2a: Politoed|70\/100 brn|[from] brn\n|upkeep\n|turn|15\n|\n|t:|1653407982\n|move|p1a: Espeon|Psyshock|p2a: Politoed\n|-damage|p2a: Politoed|35\/100 brn\n|move|p2a: Politoed|Scald|p1a: Espeon\n|-damage|p1a: Espeon|2\/100\n|-status|p1a: Espeon|brn\n|\n|-weather|RainDance|[upkeep]\n|-damage|p1a: Espeon|0 fnt|[from] brn\n|faint|p1a: Espeon\n|-damage|p2a: Politoed|29\/100 brn|[from] brn\n|upkeep\n|\n|t:|1653407995\n|switch|p1a: Ampharos|Ampharos-Mega, F|93\/100\n|-ability|p1a: Ampharos|Mold Breaker\n|turn|16\n|\n|t:|1653408003\n|switch|p2a: Raikou|Raikou|100\/100\n|-damage|p2a: Raikou|88\/100|[from] Stealth Rock\n|-ability|p2a: Raikou|Pressure\n|move|p1a: Ampharos|Volt Switch|p2a: Raikou\n|-resisted|p2a: Raikou\n|-damage|p2a: Raikou|62\/100\n|\n|t:|1653408015\n|switch|p1a: Gligar|Gligar, M|92\/100|[from]move: Volt Switch\n|\n|-weather|RainDance|[upkeep]\n|upkeep\n|turn|17\n|\n|t:|1653408021\n|switch|p1a: Umbreon|Umbreon, M|90\/100\n|move|p2a: Raikou|Scald|p1a: Umbreon\n|-damage|p1a: Umbreon|71\/100\n|-status|p1a: Umbreon|brn\n|-activate|p1a: Umbreon|ability: Synchronize\n|-status|p2a: Raikou|brn\n|\n|-weather|RainDance|[upkeep]\n|-heal|p1a: Umbreon|77\/100 brn|[from] item: Leftovers\n|-damage|p2a: Raikou|56\/100 brn|[from] brn\n|-damage|p1a: Umbreon|71\/100 brn|[from] brn\n|upkeep\n|turn|18\n|\n|t:|1653408036\n|switch|p2a: Politoed|Politoed, M|29\/100 brn\n|-damage|p2a: Politoed|17\/100 brn|[from] Stealth Rock\n|move|p1a: Umbreon|Heal Bell|p1a: Umbreon\n|-activate|p1a: Umbreon|move: Heal Bell\n|-curestatus|p1a: Umbreon|brn|[msg]\n|\n|-weather|RainDance|[upkeep]\n|-heal|p1a: Umbreon|77\/100|[from] item: Leftovers\n|-damage|p2a: Politoed|11\/100 brn|[from] brn\n|upkeep\n|turn|19\n|\n|t:|1653408045\n|move|p1a: Umbreon|Protect|p1a: Umbreon\n|-singleturn|p1a: Umbreon|Protect\n|move|p2a: Politoed|Rest|p2a: Politoed\n|-status|p2a: Politoed|slp|[from] move: Rest\n|-heal|p2a: Politoed|100\/100 slp|[silent]\n|\n|-weather|RainDance|[upkeep]\n|-heal|p1a: Umbreon|83\/100|[from] item: Leftovers\n|upkeep\n|turn|20\n|\n|t:|1653408066\n|switch|p2a: Scizor|Scizor-Mega, M|100\/100\n|-damage|p2a: Scizor|88\/100|[from] Stealth Rock\n|switch|p1a: Ampharos|Ampharos-Mega, F|93\/100\n|-ability|p1a: Ampharos|Mold Breaker\n|\n|-weather|none\n|upkeep\n|turn|21\n|\n|t:|1653408076\n|switch|p1a: Skarmory|Skarmory, M|91\/100\n|move|p2a: Scizor|U-turn|p1a: Skarmory\n|-resisted|p1a: Skarmory\n|-damage|p1a: Skarmory|86\/100\n|-damage|p2a: Scizor|72\/100|[from] item: Rocky Helmet|[of] p1a: Skarmory\n|\n|t:|1653408086\n|switch|p2a: Kingdra|Kingdra, F|100\/100|[from]move: U-turn\n|-damage|p2a: Kingdra|88\/100|[from] Stealth Rock\n|\n|upkeep\n|turn|22\n|\n|t:|1653408094\n|switch|p1a: Umbreon|Umbreon, M|83\/100\n|move|p2a: Kingdra|Hydro Pump|p1a: Umbreon\n|-damage|p1a: Umbreon|58\/100\n|\n|-heal|p1a: Umbreon|64\/100|[from] item: Leftovers\n|upkeep\n|turn|23\n|\n|t:|1653408112\n|move|p2a: Kingdra|Flip Turn|p1a: Umbreon\n|-damage|p1a: Umbreon|50\/100\n|\n|t:|1653408167\n|switch|p2a: Scizor|Scizor-Mega, M|72\/100|[from]move: Flip Turn\n|-damage|p2a: Scizor|59\/100|[from] Stealth Rock\n|move|p1a: Umbreon|Foul Play|p2a: Scizor\n|-damage|p2a: Scizor|33\/100\n|\n|-heal|p1a: Umbreon|57\/100|[from] item: Leftovers\n|upkeep\n|turn|24\n|\n|t:|1653408179\n|move|p2a: Scizor|Roost|p2a: Scizor\n|-heal|p2a: Scizor|83\/100\n|-singleturn|p2a: Scizor|move: Roost\n|move|p1a: Umbreon|Wish|p1a: Umbreon\n|\n|-heal|p1a: Umbreon|63\/100|[from] item: Leftovers\n|upkeep\n|turn|25\n|\n|t:|1653408186\n|move|p1a: Umbreon|Protect|p1a: Umbreon\n|-singleturn|p1a: Umbreon|Protect\n|move|p2a: Scizor|Swords Dance|p2a: Scizor\n|-boost|p2a: Scizor|atk|2\n|\n|-heal|p1a: Umbreon|100\/100|[from] move: Wish|[wisher] Umbreon\n|upkeep\n|turn|26\n|\n|t:|1653408198\n|switch|p1a: Skarmory|Skarmory, M|86\/100\n|move|p2a: Scizor|U-turn|p1a: Skarmory\n|-resisted|p1a: Skarmory\n|-damage|p1a: Skarmory|75\/100\n|-damage|p2a: Scizor|67\/100|[from] item: Rocky Helmet|[of] p1a: Skarmory\n|\n|t:|1653408220\n|switch|p2a: Kingdra|Kingdra, F|88\/100|[from]move: U-turn\n|-damage|p2a: Kingdra|76\/100|[from] Stealth Rock\n|\n|upkeep\n|turn|27\n|\n|t:|1653408231\n|switch|p1a: Umbreon|Umbreon, M|100\/100\n|move|p2a: Kingdra|Hydro Pump|p1a: Umbreon\n|-damage|p1a: Umbreon|75\/100\n|\n|-heal|p1a: Umbreon|81\/100|[from] item: Leftovers\n|upkeep\n|turn|28\n|\n|t:|1653408242\n|move|p2a: Kingdra|Flip Turn|p1a: Umbreon\n|-damage|p1a: Umbreon|67\/100\n|\n|t:|1653408246\n|switch|p2a: Scizor|Scizor-Mega, M|67\/100|[from]move: Flip Turn\n|-damage|p2a: Scizor|54\/100|[from] Stealth Rock\n|move|p1a: Umbreon|Foul Play|p2a: Scizor\n|-damage|p2a: Scizor|26\/100\n|\n|-heal|p1a: Umbreon|73\/100|[from] item: Leftovers\n|upkeep\n|turn|29\n|\n|t:|1653408259\n|switch|p1a: Skarmory|Skarmory, M|75\/100\n|move|p2a: Scizor|U-turn|p1a: Skarmory\n|-resisted|p1a: Skarmory\n|-damage|p1a: Skarmory|70\/100\n|-damage|p2a: Scizor|9\/100|[from] item: Rocky Helmet|[of] p1a: Skarmory\n|\n|t:|1653408273\n|switch|p2a: Raikou|Raikou|56\/100 brn|[from]move: U-turn\n|-damage|p2a: Raikou|43\/100 brn|[from] Stealth Rock\n|-ability|p2a: Raikou|Pressure\n|\n|-damage|p2a: Raikou|37\/100 brn|[from] brn\n|upkeep\n|turn|30\n|\n|t:|1653408285\n|switch|p1a: Umbreon|Umbreon, M|73\/100\n|move|p2a: Raikou|Volt Switch|p1a: Umbreon\n|-damage|p1a: Umbreon|55\/100\n|\n|t:|1653408295\n|switch|p2a: Scizor|Scizor-Mega, M|9\/100|[from]move: Volt Switch\n|-damage|p2a: Scizor|0 fnt|[from] Stealth Rock\n|faint|p2a: Scizor\n|\n|-heal|p1a: Umbreon|61\/100|[from] item: Leftovers\n|upkeep\n|c|\u2606Drew0723|im done\n|c|\u2606Drew0723|GG game 1\n|-message|Drew0723 forfeited.\n|\n|win|Sir Fresh\n|l|\u2606Drew0723\n|l|\u2606Sir Fresh\n|j|\u2606Drew0723\n|player|p2|Drew0723|266\n","uploadtime":1653408325,"views":13,"p1id":"sirfresh","p2id":"drew0723","formatid":"gen8nationaldex","rating":0,"private":0,"password":null}