{"id":"gen8anythinggoes-1688415115","p1":"yokobaby","p2":"A Bread Sandwich","format":"gen8anythinggoes","log":"|j|\u2606yokobaby\n|j|\u2606A Bread Sandwich\n|inactive|Battle timer is ON: inactive players will automatically lose when time's up.\n|t:|1666062925\n|gametype|singles\n|player|p1|yokobaby|cynthia-masters|\n|player|p2|A Bread Sandwich|swimmer|\n|teamsize|p1|6\n|teamsize|p2|6\n|gen|8\n|tier|[Gen 8] Anything Goes\n|rated|Tournament battle\n|rule|HP Percentage Mod: HP is shown in percentages\n|rule|Endless Battle Clause: Forcing endless battles is banned\n|clearpoke\n|poke|p1|Kyogre|\n|poke|p1|Ditto|\n|poke|p1|Eternatus|\n|poke|p1|Zacian-*|\n|poke|p1|Yveltal|\n|poke|p1|Necrozma-Dusk-Mane|\n|poke|p2|Eternatus|\n|poke|p2|Xerneas-*|\n|poke|p2|Necrozma-Dusk-Mane|\n|poke|p2|Yveltal|\n|poke|p2|Zacian-*|\n|poke|p2|Ho-Oh|\n|teampreview\n|j| Karlaaaaaa\n|inactive|yokobaby has 120 seconds left.\n|inactive|A Bread Sandwich has 120 seconds left.\n|j| Geysers\n|\n|t:|1666062976\n|start\n|switch|p1a: Zacian|Zacian-Crowned|100\/100\n|switch|p2a: Zacian|Zacian-Crowned|100\/100\n|-ability|p2a: Zacian|Intrepid Sword|boost\n|-boost|p2a: Zacian|atk|1\n|-ability|p1a: Zacian|Intrepid Sword|boost\n|-boost|p1a: Zacian|atk|1\n|turn|1\n|\n|t:|1666062984\n|switch|p2a: Necrozma|Necrozma-Dusk-Mane|100\/100\n|move|p1a: Zacian|Behemoth Blade|p2a: Necrozma\n|-resisted|p2a: Necrozma\n|-damage|p2a: Necrozma|71\/100\n|-damage|p1a: Zacian|84\/100|[from] item: Rocky Helmet|[of] p2a: Necrozma\n|\n|upkeep\n|turn|2\n|\n|t:|1666062987\n|switch|p1a: Kyogre|Kyogre|100\/100\n|-weather|RainDance|[from] ability: Drizzle|[of] p1a: Kyogre\n|move|p2a: Necrozma|Morning Sun|p2a: Necrozma\n|-heal|p2a: Necrozma|96\/100\n|\n|-weather|RainDance|[upkeep]\n|upkeep\n|turn|3\n|\n|t:|1666062992\n|switch|p2a: Eternatus|Eternatus|100\/100\n|-ability|p2a: Eternatus|Pressure\n|move|p1a: Kyogre|Thunder|p2a: Eternatus\n|-resisted|p2a: Eternatus\n|-damage|p2a: Eternatus|89\/100\n|\n|-weather|RainDance|[upkeep]\n|-heal|p2a: Eternatus|96\/100|[from] item: Black Sludge\n|upkeep\n|turn|4\n|\n|t:|1666062998\n|switch|p1a: Necrozma|Necrozma-Dusk-Mane|100\/100\n|move|p2a: Eternatus|Toxic|p1a: Necrozma\n|-immune|p1a: Necrozma\n|\n|-weather|RainDance|[upkeep]\n|-heal|p2a: Eternatus|100\/100|[from] item: Black Sludge\n|upkeep\n|turn|5\n|\n|t:|1666063015\n|switch|p2a: Yveltal|Yveltal|100\/100\n|-ability|p2a: Yveltal|Dark Aura\n|switch|p1a: Kyogre|Kyogre|100\/100\n|\n|-weather|RainDance|[upkeep]\n|upkeep\n|turn|6\n|\n|t:|1666063021\n|switch|p2a: Eternatus|Eternatus|100\/100\n|-ability|p2a: Eternatus|Pressure\n|switch|p1a: Zacian|Zacian-Crowned|84\/100\n|-ability|p1a: Zacian|Intrepid Sword|boost\n|-boost|p1a: Zacian|atk|1\n|\n|-weather|none\n|upkeep\n|turn|7\n|\n|t:|1666063028\n|switch|p2a: Necrozma|Necrozma-Dusk-Mane|96\/100\n|move|p1a: Zacian|Close Combat|p2a: Necrozma\n|-damage|p2a: Necrozma|50\/100\n|-unboost|p1a: Zacian|def|1\n|-unboost|p1a: Zacian|spd|1\n|-damage|p1a: Zacian|67\/100|[from] item: Rocky Helmet|[of] p2a: Necrozma\n|\n|upkeep\n|turn|8\n|c| Karlaaaaaa|does anyone know if theres any defensive check to zekrom\n|\n|t:|1666063043\n|switch|p1a: Kyogre|Kyogre|100\/100\n|-weather|RainDance|[from] ability: Drizzle|[of] p1a: Kyogre\n|move|p2a: Necrozma|Morning Sun|p2a: Necrozma\n|-heal|p2a: Necrozma|75\/100\n|\n|-weather|RainDance|[upkeep]\n|upkeep\n|turn|9\n|\n|t:|1666063053\n|switch|p2a: Eternatus|Eternatus|100\/100\n|-ability|p2a: Eternatus|Pressure\n|move|p1a: Kyogre|Thunder|p2a: Eternatus\n|-resisted|p2a: Eternatus\n|-damage|p2a: Eternatus|90\/100\n|-status|p2a: Eternatus|par\n|\n|-weather|RainDance|[upkeep]\n|-heal|p2a: Eternatus|96\/100 par|[from] item: Black Sludge\n|upkeep\n|turn|10\n|\n|t:|1666063060\n|switch|p1a: Zacian|Zacian-Crowned|67\/100\n|-ability|p1a: Zacian|Intrepid Sword|boost\n|-boost|p1a: Zacian|atk|1\n|cant|p2a: Eternatus|par\n|\n|-weather|RainDance|[upkeep]\n|-heal|p2a: Eternatus|100\/100 par|[from] item: Black Sludge\n|upkeep\n|turn|11\n|\n|t:|1666063066\n|switch|p2a: Ho-Oh|Ho-Oh|100\/100\n|move|p1a: Zacian|Behemoth Blade|p2a: Ho-Oh\n|-resisted|p2a: Ho-Oh\n|-damage|p2a: Ho-Oh|67\/100\n|\n|-weather|RainDance|[upkeep]\n|upkeep\n|turn|12\n|\n|t:|1666063072\n|switch|p2a: Necrozma|Necrozma-Dusk-Mane|75\/100\n|move|p1a: Zacian|Behemoth Blade|p2a: Necrozma\n|-resisted|p2a: Necrozma\n|-crit|p2a: Necrozma\n|-damage|p2a: Necrozma|32\/100\n|-damage|p1a: Zacian|51\/100|[from] item: Rocky Helmet|[of] p2a: Necrozma\n|\n|-weather|none\n|upkeep\n|turn|13\n|\n|t:|1666063082\n|switch|p1a: Kyogre|Kyogre|100\/100\n|-weather|RainDance|[from] ability: Drizzle|[of] p1a: Kyogre\n|-start|p2a: Necrozma|Dynamax|\n|-heal|p2a: Necrozma|32\/100|[silent]\n|move|p2a: Necrozma|Max Steelspike|p1a: Kyogre\n|-resisted|p1a: Kyogre\n|-damage|p1a: Kyogre|79\/100\n|-boost|p2a: Necrozma|def|1\n|\n|-weather|RainDance|[upkeep]\n|-heal|p1a: Kyogre|85\/100|[from] item: Leftovers\n|upkeep\n|turn|14\n|\n|t:|1666063090\n|move|p1a: Kyogre|Scald|p2a: Necrozma\n|-crit|p2a: Necrozma\n|-damage|p2a: Necrozma|0 fnt\n|faint|p2a: Necrozma\n|\n|-weather|RainDance|[upkeep]\n|-heal|p1a: Kyogre|91\/100|[from] item: Leftovers\n|upkeep\n|\n|t:|1666063093\n|switch|p2a: Zacian|Zacian-Crowned|100\/100\n|-ability|p2a: Zacian|Intrepid Sword|boost\n|-boost|p2a: Zacian|atk|1\n|turn|15\n|\n|t:|1666063101\n|-start|p1a: Kyogre|Dynamax|\n|-heal|p1a: Kyogre|91\/100|[silent]\n|move|p2a: Zacian|Wild Charge|p1a: Kyogre\n|-supereffective|p1a: Kyogre\n|-damage|p1a: Kyogre|49\/100\n|-damage|p2a: Zacian|75\/100|[from] Recoil\n|move|p1a: Kyogre|Max Geyser|p2a: Zacian\n|-damage|p2a: Zacian|0 fnt\n|faint|p2a: Zacian\n|\n|-weather|RainDance|[upkeep]\n|-heal|p1a: Kyogre|52\/100|[from] item: Leftovers\n|upkeep\n|\n|t:|1666063104\n|switch|p2a: Eternatus|Eternatus|100\/100 par\n|-ability|p2a: Eternatus|Pressure\n|turn|16\n|\n|t:|1666063112\n|-end|p1a: Kyogre|Dynamax\n|-heal|p1a: Kyogre|53\/100|[silent]\n|switch|p1a: Zacian|Zacian-Crowned|51\/100\n|-ability|p1a: Zacian|Intrepid Sword|boost\n|-boost|p1a: Zacian|atk|1\n|move|p2a: Eternatus|Toxic|p1a: Zacian\n|-immune|p1a: Zacian\n|\n|-weather|RainDance|[upkeep]\n|upkeep\n|turn|17\n|\n|t:|1666063118\n|switch|p2a: Ho-Oh|Ho-Oh|99\/100\n|move|p1a: Zacian|Behemoth Blade|p2a: Ho-Oh\n|-resisted|p2a: Ho-Oh\n|-damage|p2a: Ho-Oh|64\/100\n|\n|-weather|none\n|upkeep\n|turn|18\n|\n|t:|1666063122\n|switch|p1a: Kyogre|Kyogre|53\/100\n|-weather|RainDance|[from] ability: Drizzle|[of] p1a: Kyogre\n|move|p2a: Ho-Oh|Sacred Fire|p1a: Kyogre|[miss]\n|-miss|p2a: Ho-Oh|p1a: Kyogre\n|\n|-weather|RainDance|[upkeep]\n|-heal|p1a: Kyogre|59\/100|[from] item: Leftovers\n|upkeep\n|turn|19\n|c| Geysers|iron def ferro\n|c| Karlaaaaaa|got it\n|\n|t:|1666063133\n|switch|p2a: Eternatus|Eternatus|100\/100 par\n|-ability|p2a: Eternatus|Pressure\n|move|p1a: Kyogre|Rest|p1a: Kyogre\n|-status|p1a: Kyogre|slp|[from] move: Rest\n|-heal|p1a: Kyogre|100\/100 slp|[silent]\n|\n|-weather|RainDance|[upkeep]\n|upkeep\n|turn|20\n|c| Karlaaaaaa|https:\/\/pokepast.es\/f47b9783bb24dc82 here is the stall that loses to kyuw\n|\n|t:|1666063143\n|switch|p1a: Necrozma|Necrozma-Dusk-Mane|100\/100\n|switch|p2a: Yveltal|Yveltal|100\/100\n|-ability|p2a: Yveltal|Dark Aura\n|\n|-weather|RainDance|[upkeep]\n|upkeep\n|turn|21\n|\n|t:|1666063150\n|switch|p1a: Eternatus|Eternatus|100\/100\n|-ability|p1a: Eternatus|Pressure\n|move|p2a: Yveltal|Knock Off|p1a: Eternatus\n|-damage|p1a: Eternatus|44\/100\n|-enditem|p1a: Eternatus|Heavy-Duty Boots|[from] move: Knock Off|[of] p2a: Yveltal\n|\n|-weather|RainDance|[upkeep]\n|upkeep\n|turn|22\n|\n|t:|1666063165\n|switch|p2a: Ho-Oh|Ho-Oh|98\/100\n|move|p1a: Eternatus|Recover|p1a: Eternatus\n|-heal|p1a: Eternatus|94\/100\n|\n|-weather|none\n|upkeep\n|turn|23\n|\n|t:|1666063167\n|move|p1a: Eternatus|Toxic|p2a: Ho-Oh\n|-status|p2a: Ho-Oh|tox\n|move|p2a: Ho-Oh|Thunder Wave|p1a: Eternatus\n|-status|p1a: Eternatus|par\n|\n|-damage|p2a: Ho-Oh|92\/100 tox|[from] psn\n|upkeep\n|turn|24\n|\n|t:|1666063175\n|switch|p2a: Yveltal|Yveltal|100\/100\n|-ability|p2a: Yveltal|Dark Aura\n|move|p1a: Eternatus|Dynamax Cannon|p2a: Yveltal\n|-damage|p2a: Yveltal|58\/100\n|\n|upkeep\n|turn|25\n|\n|t:|1666063178\n|move|p2a: Yveltal|Taunt|p1a: Eternatus\n|-start|p1a: Eternatus|move: Taunt\n|cant|p1a: Eternatus|move: Taunt|Toxic\n|\n|upkeep\n|turn|26\n|\n|t:|1666063181\n|switch|p1a: Yveltal|Yveltal|100\/100\n|-ability|p1a: Yveltal|Dark Aura\n|move|p2a: Yveltal|Roost|p2a: Yveltal\n|-heal|p2a: Yveltal|100\/100\n|-singleturn|p2a: Yveltal|move: Roost\n|\n|upkeep\n|turn|27\n|\n|t:|1666063186\n|move|p2a: Yveltal|Knock Off|p1a: Yveltal\n|-resisted|p1a: Yveltal\n|-crit|p1a: Yveltal\n|-damage|p1a: Yveltal|57\/100\n|-enditem|p1a: Yveltal|Heavy-Duty Boots|[from] move: Knock Off|[of] p2a: Yveltal\n|move|p1a: Yveltal|Knock Off|p2a: Yveltal\n|-resisted|p2a: Yveltal\n|-damage|p2a: Yveltal|69\/100\n|-enditem|p2a: Yveltal|Black Glasses|[from] move: Knock Off|[of] p1a: Yveltal\n|\n|upkeep\n|turn|28\n|\n|t:|1666063191\n|move|p2a: Yveltal|Taunt|p1a: Yveltal\n|-start|p1a: Yveltal|move: Taunt\n|move|p1a: Yveltal|U-turn|p2a: Yveltal\n|-damage|p2a: Yveltal|49\/100\n|\n|t:|1666063193\n|switch|p1a: Zacian|Zacian-Crowned|51\/100|[from]move: U-turn\n|-ability|p1a: Zacian|Intrepid Sword|boost\n|-boost|p1a: Zacian|atk|1\n|\n|upkeep\n|turn|29\n|\n|t:|1666063196\n|switch|p2a: Ho-Oh|Ho-Oh|100\/100 tox\n|move|p1a: Zacian|Behemoth Blade|p2a: Ho-Oh\n|-resisted|p2a: Ho-Oh\n|-damage|p2a: Ho-Oh|63\/100 tox\n|\n|-damage|p2a: Ho-Oh|57\/100 tox|[from] psn\n|upkeep\n|turn|30\n|\n|t:|1666063199\n|switch|p1a: Kyogre|Kyogre|100\/100 slp\n|-weather|RainDance|[from] ability: Drizzle|[of] p1a: Kyogre\n|move|p2a: Ho-Oh|Sacred Fire|p1a: Kyogre\n|-resisted|p1a: Kyogre\n|-damage|p1a: Kyogre|94\/100 slp\n|\n|-weather|RainDance|[upkeep]\n|-heal|p1a: Kyogre|99\/100 slp|[from] item: Leftovers\n|-damage|p2a: Ho-Oh|45\/100 tox|[from] psn\n|upkeep\n|turn|31\n|\n|t:|1666063203\n|switch|p1a: Zacian|Zacian-Crowned|51\/100\n|-ability|p1a: Zacian|Intrepid Sword|boost\n|-boost|p1a: Zacian|atk|1\n|switch|p2a: Yveltal|Yveltal|49\/100\n|-ability|p2a: Yveltal|Dark Aura\n|\n|-weather|RainDance|[upkeep]\n|upkeep\n|turn|32\n|\n|t:|1666063206\n|switch|p2a: Ho-Oh|Ho-Oh|78\/100 tox\n|move|p1a: Zacian|Behemoth Blade|p2a: Ho-Oh\n|-resisted|p2a: Ho-Oh\n|-damage|p2a: Ho-Oh|46\/100 tox\n|\n|-weather|RainDance|[upkeep]\n|-damage|p2a: Ho-Oh|40\/100 tox|[from] psn\n|upkeep\n|turn|33\n|\n|t:|1666063213\n|switch|p2a: Eternatus|Eternatus|100\/100 par\n|-ability|p2a: Eternatus|Pressure\n|move|p1a: Zacian|Behemoth Blade|p2a: Eternatus\n|-damage|p2a: Eternatus|24\/100 par\n|\n|-weather|RainDance|[upkeep]\n|-heal|p2a: Eternatus|30\/100 par|[from] item: Black Sludge\n|upkeep\n|turn|34\n|\n|t:|1666063220\n|switch|p2a: Ho-Oh|Ho-Oh|74\/100 tox\n|move|p1a: Zacian|Rest|p1a: Zacian\n|-status|p1a: Zacian|slp|[from] move: Rest\n|-heal|p1a: Zacian|100\/100 slp|[silent]\n|\n|-weather|none\n|-damage|p2a: Ho-Oh|67\/100 tox|[from] psn\n|upkeep\n|turn|35\n|\n|t:|1666063223\n|switch|p1a: Kyogre|Kyogre|99\/100 slp\n|-weather|RainDance|[from] ability: Drizzle|[of] p1a: Kyogre\n|switch|p2a: Eternatus|Eternatus|30\/100 par\n|-ability|p2a: Eternatus|Pressure\n|\n|-weather|RainDance|[upkeep]\n|-heal|p1a: Kyogre|100\/100 slp|[from] item: Leftovers\n|-heal|p2a: Eternatus|36\/100 par|[from] item: Black Sludge\n|upkeep\n|turn|36\n|\n|t:|1666063228\n|switch|p1a: Yveltal|Yveltal|57\/100\n|-ability|p1a: Yveltal|Dark Aura\n|move|p2a: Eternatus|Recover|p2a: Eternatus\n|-heal|p2a: Eternatus|86\/100 par\n|\n|-weather|RainDance|[upkeep]\n|-heal|p2a: Eternatus|92\/100 par|[from] item: Black Sludge\n|upkeep\n|turn|37\n|\n|t:|1666063234\n|switch|p2a: Yveltal|Yveltal|49\/100\n|-ability|p2a: Yveltal|Dark Aura\n|move|p1a: Yveltal|U-turn|p2a: Yveltal\n|-damage|p2a: Yveltal|28\/100\n|\n|t:|1666063237\n|switch|p1a: Zacian|Zacian-Crowned|100\/100 slp|[from]move: U-turn\n|-ability|p1a: Zacian|Intrepid Sword|boost\n|-boost|p1a: Zacian|atk|1\n|\n|-weather|RainDance|[upkeep]\n|upkeep\n|turn|38\n|\n|t:|1666063241\n|cant|p1a: Zacian|slp\n|move|p1a: Zacian|Sleep Talk|p1a: Zacian\n|move|p1a: Zacian|Close Combat|p2a: Yveltal|[from]move: Sleep Talk\n|-crit|p2a: Yveltal\n|-damage|p2a: Yveltal|0 fnt\n|-unboost|p1a: Zacian|def|1\n|-unboost|p1a: Zacian|spd|1\n|faint|p2a: Yveltal\n|\n|-weather|RainDance|[upkeep]\n|upkeep\n|\n|t:|1666063243\n|switch|p2a: Ho-Oh|Ho-Oh|100\/100 tox\n|turn|39\n|\n|t:|1666063247\n|switch|p1a: Eternatus|Eternatus|94\/100 par\n|-ability|p1a: Eternatus|Pressure\n|move|p2a: Ho-Oh|Sacred Fire|p1a: Eternatus|[miss]\n|-miss|p2a: Ho-Oh|p1a: Eternatus\n|\n|-weather|none\n|-damage|p2a: Ho-Oh|94\/100 tox|[from] psn\n|upkeep\n|turn|40\n|\n|t:|1666063254\n|switch|p2a: Eternatus|Eternatus|92\/100 par\n|-ability|p2a: Eternatus|Pressure\n|move|p1a: Eternatus|Toxic||[still]\n|-fail|p1a: Eternatus\n|\n|-heal|p2a: Eternatus|98\/100 par|[from] item: Black Sludge\n|upkeep\n|turn|41\n|j| GodofshowdownXD\n|\n|t:|1666063261\n|switch|p2a: Xerneas|Xerneas|100\/100\n|-ability|p2a: Xerneas|Fairy Aura\n|move|p1a: Eternatus|Dynamax Cannon|p2a: Xerneas\n|-immune|p2a: Xerneas\n|\n|upkeep\n|turn|42\n|\n|t:|1666063263\n|move|p2a: Xerneas|Substitute|p2a: Xerneas\n|-start|p2a: Xerneas|Substitute\n|-damage|p2a: Xerneas|76\/100\n|cant|p1a: Eternatus|par\n|\n|upkeep\n|turn|43\n|\n|t:|1666063266\n|switch|p1a: Necrozma|Necrozma-Dusk-Mane|100\/100\n|move|p2a: Xerneas|Geomancy||[still]\n|-prepare|p2a: Xerneas|Geomancy\n|-enditem|p2a: Xerneas|Power Herb\n|-anim|p2a: Xerneas|Geomancy|p2a: Xerneas\n|-boost|p2a: Xerneas|spa|2\n|-boost|p2a: Xerneas|spd|2\n|-boost|p2a: Xerneas|spe|2\n|\n|upkeep\n|turn|44\n|\n|t:|1666063267\n|move|p2a: Xerneas|Moonblast|p1a: Necrozma\n|-resisted|p1a: Necrozma\n|-damage|p1a: Necrozma|38\/100\n|move|p1a: Necrozma|Sunsteel Strike|p2a: Xerneas\n|-supereffective|p2a: Xerneas\n|-end|p2a: Xerneas|Substitute\n|\n|upkeep\n|turn|45\n|\n|t:|1666063273\n|move|p2a: Xerneas|Moonblast|p1a: Necrozma\n|-resisted|p1a: Necrozma\n|-damage|p1a: Necrozma|0 fnt\n|faint|p1a: Necrozma\n|\n|upkeep\n|\n|t:|1666063277\n|switch|p1a: Ditto|Ditto|100\/100\n|-transform|p1a: Ditto|p2a: Xerneas|[from] ability: Imposter\n|-ability|p1a: Ditto|Fairy Aura\n|turn|46\n|\n|t:|1666063281\n|move|p1a: Ditto|Moonblast|p2a: Xerneas\n|-damage|p2a: Xerneas|10\/100\n|move|p2a: Xerneas|Moonblast|p1a: Ditto\n|-damage|p1a: Ditto|21\/100\n|\n|upkeep\n|turn|47\n|\n|t:|1666063290\n|move|p1a: Ditto|Moonblast|p2a: Xerneas\n|-damage|p2a: Xerneas|0 fnt\n|faint|p2a: Xerneas\n|\n|upkeep\n|\n|t:|1666063291\n|switch|p2a: Ho-Oh|Ho-Oh|100\/100 tox\n|turn|48\n|\n|t:|1666063298\n|switch|p1a: Kyogre|Kyogre|100\/100 slp\n|-weather|RainDance|[from] ability: Drizzle|[of] p1a: Kyogre\n|move|p2a: Ho-Oh|Sacred Fire|p1a: Kyogre\n|-resisted|p1a: Kyogre\n|-damage|p1a: Kyogre|94\/100 slp\n|\n|-weather|RainDance|[upkeep]\n|-heal|p1a: Kyogre|99\/100 slp|[from] item: Leftovers\n|-damage|p2a: Ho-Oh|94\/100 tox|[from] psn\n|upkeep\n|turn|49\n|\n|t:|1666063304\n|switch|p1a: Ditto|Ditto|21\/100\n|-transform|p1a: Ditto|p2a: Ho-Oh|[from] ability: Imposter\n|switch|p2a: Eternatus|Eternatus|98\/100 par\n|-ability|p2a: Eternatus|Pressure\n|\n|-weather|RainDance|[upkeep]\n|-heal|p2a: Eternatus|100\/100 par|[from] item: Black Sludge\n|upkeep\n|turn|50\n|\n|t:|1666063310\n|switch|p1a: Zacian|Zacian-Crowned|100\/100 slp\n|-ability|p1a: Zacian|Intrepid Sword|boost\n|-boost|p1a: Zacian|atk|1\n|cant|p2a: Eternatus|par\n|\n|-weather|RainDance|[upkeep]\n|upkeep\n|turn|51\n|l| Karlaaaaaa\n|\n|t:|1666063314\n|switch|p2a: Ho-Oh|Ho-Oh|100\/100 tox\n|cant|p1a: Zacian|slp\n|move|p1a: Zacian|Sleep Talk|p1a: Zacian\n|move|p1a: Zacian|Close Combat|p2a: Ho-Oh|[from]move: Sleep Talk\n|-resisted|p2a: Ho-Oh\n|-damage|p2a: Ho-Oh|74\/100 tox\n|-unboost|p1a: Zacian|def|1\n|-unboost|p1a: Zacian|spd|1\n|\n|-weather|RainDance|[upkeep]\n|-damage|p2a: Ho-Oh|67\/100 tox|[from] psn\n|upkeep\n|turn|52\n|\n|t:|1666063321\n|switch|p1a: Yveltal|Yveltal|57\/100\n|-ability|p1a: Yveltal|Dark Aura\n|move|p2a: Ho-Oh|Thunder Wave|p1a: Yveltal\n|-status|p1a: Yveltal|par\n|\n|-weather|none\n|-damage|p2a: Ho-Oh|55\/100 tox|[from] psn\n|upkeep\n|turn|53\n|\n|t:|1666063326\n|switch|p2a: Eternatus|Eternatus|100\/100 par\n|-ability|p2a: Eternatus|Pressure\n|move|p1a: Yveltal|Knock Off|p2a: Eternatus\n|-damage|p2a: Eternatus|55\/100 par\n|-enditem|p2a: Eternatus|Black Sludge|[from] move: Knock Off|[of] p1a: Yveltal\n|\n|upkeep\n|turn|54\n|\n|t:|1666063332\n|move|p2a: Eternatus|Recover|p2a: Eternatus\n|-heal|p2a: Eternatus|100\/100 par\n|move|p1a: Yveltal|U-turn|p2a: Eternatus\n|-resisted|p2a: Eternatus\n|-damage|p2a: Eternatus|92\/100 par\n|\n|t:|1666063341\n|switch|p1a: Zacian|Zacian-Crowned|100\/100 slp|[from]move: U-turn\n|-ability|p1a: Zacian|Intrepid Sword|boost\n|-boost|p1a: Zacian|atk|1\n|\n|upkeep\n|turn|55\n|\n|t:|1666063345\n|switch|p2a: Ho-Oh|Ho-Oh|89\/100 tox\n|-curestatus|p1a: Zacian|slp|[msg]\n|move|p1a: Zacian|Close Combat|p2a: Ho-Oh\n|-resisted|p2a: Ho-Oh\n|-damage|p2a: Ho-Oh|60\/100 tox\n|-unboost|p1a: Zacian|def|1\n|-unboost|p1a: Zacian|spd|1\n|\n|-damage|p2a: Ho-Oh|54\/100 tox|[from] psn\n|upkeep\n|turn|56\n|\n|t:|1666063348\n|switch|p1a: Kyogre|Kyogre|99\/100 slp\n|-weather|RainDance|[from] ability: Drizzle|[of] p1a: Kyogre\n|switch|p2a: Eternatus|Eternatus|92\/100 par\n|-ability|p2a: Eternatus|Pressure\n|\n|-weather|RainDance|[upkeep]\n|-heal|p1a: Kyogre|100\/100 slp|[from] item: Leftovers\n|upkeep\n|turn|57\n|\n|t:|1666063355\n|switch|p2a: Ho-Oh|Ho-Oh|87\/100 tox\n|cant|p1a: Kyogre|slp\n|\n|-weather|RainDance|[upkeep]\n|-damage|p2a: Ho-Oh|81\/100 tox|[from] psn\n|upkeep\n|turn|58\n|\n|t:|1666063358\n|switch|p2a: Eternatus|Eternatus|92\/100 par\n|-ability|p2a: Eternatus|Pressure\n|cant|p1a: Kyogre|slp\n|\n|-weather|RainDance|[upkeep]\n|upkeep\n|turn|59\n|\n|t:|1666063360\n|-curestatus|p1a: Kyogre|slp|[msg]\n|move|p1a: Kyogre|Calm Mind|p1a: Kyogre\n|-boost|p1a: Kyogre|spa|1\n|-boost|p1a: Kyogre|spd|1\n|cant|p2a: Eternatus|par\n|\n|-weather|RainDance|[upkeep]\n|upkeep\n|turn|60\n|\n|t:|1666063365\n|move|p1a: Kyogre|Calm Mind|p1a: Kyogre\n|-boost|p1a: Kyogre|spa|1\n|-boost|p1a: Kyogre|spd|1\n|move|p2a: Eternatus|Toxic|p1a: Kyogre\n|-status|p1a: Kyogre|tox\n|\n|-weather|none\n|-damage|p1a: Kyogre|94\/100 tox|[from] psn\n|upkeep\n|turn|61\n|\n|t:|1666063369\n|move|p1a: Kyogre|Calm Mind|p1a: Kyogre\n|-boost|p1a: Kyogre|spa|1\n|-boost|p1a: Kyogre|spd|1\n|cant|p2a: Eternatus|par\n|\n|-heal|p1a: Kyogre|100\/100 tox|[from] item: Leftovers\n|-damage|p1a: Kyogre|88\/100 tox|[from] psn\n|upkeep\n|turn|62\n|\n|t:|1666063372\n|move|p1a: Kyogre|Scald|p2a: Eternatus\n|-resisted|p2a: Eternatus\n|-damage|p2a: Eternatus|60\/100 par\n|move|p2a: Eternatus|Dragon Tail|p1a: Kyogre\n|-damage|p1a: Kyogre|78\/100 tox\n|drag|p1a: Zacian|Zacian-Crowned|100\/100\n|-ability|p1a: Zacian|Intrepid Sword|boost\n|-boost|p1a: Zacian|atk|1\n|\n|upkeep\n|turn|63\n|\n|t:|1666063378\n|move|p1a: Zacian|Close Combat|p2a: Eternatus\n|-resisted|p2a: Eternatus\n|-damage|p2a: Eternatus|30\/100 par\n|-unboost|p1a: Zacian|def|1\n|-unboost|p1a: Zacian|spd|1\n|move|p2a: Eternatus|Recover|p2a: Eternatus\n|-heal|p2a: Eternatus|80\/100 par\n|\n|upkeep\n|turn|64\n|\n|t:|1666063384\n|switch|p1a: Ditto|Ditto|54\/100\n|-transform|p1a: Ditto|p2a: Eternatus|[from] ability: Imposter\n|-ability|p1a: Ditto|Pressure\n|switch|p2a: Ho-Oh|Ho-Oh|100\/100 tox\n|\n|-damage|p2a: Ho-Oh|94\/100 tox|[from] psn\n|upkeep\n|turn|65\n|\n|t:|1666063391\n|switch|p1a: Eternatus|Eternatus|94\/100 par\n|-ability|p1a: Eternatus|Pressure\n|switch|p2a: Eternatus|Eternatus|80\/100 par\n|-ability|p2a: Eternatus|Pressure\n|\n|upkeep\n|turn|66\n|\n|t:|1666063396\n|switch|p2a: Ho-Oh|Ho-Oh|100\/100 tox\n|cant|p1a: Eternatus|par\n|\n|-damage|p2a: Ho-Oh|94\/100 tox|[from] psn\n|upkeep\n|turn|67\n|\n|t:|1666063406\n|switch|p2a: Eternatus|Eternatus|80\/100 par\n|-ability|p2a: Eternatus|Pressure\n|move|p1a: Eternatus|Recover|p1a: Eternatus\n|-heal|p1a: Eternatus|100\/100 par\n|\n|upkeep\n|turn|68\n|j| Karlaaaaaa\n|\n|t:|1666063413\n|move|p1a: Eternatus|Dynamax Cannon|p2a: Eternatus\n|-supereffective|p2a: Eternatus\n|-damage|p2a: Eternatus|22\/100 par\n|move|p2a: Eternatus|Recover|p2a: Eternatus\n|-heal|p2a: Eternatus|72\/100 par\n|\n|upkeep\n|turn|69\n|\n|t:|1666063426\n|move|p1a: Eternatus|Dynamax Cannon|p2a: Eternatus\n|-supereffective|p2a: Eternatus\n|-crit|p2a: Eternatus\n|-damage|p2a: Eternatus|0 fnt\n|faint|p2a: Eternatus\n|\n|upkeep\n|\n|t:|1666063429\n|switch|p2a: Ho-Oh|Ho-Oh|100\/100 tox\n|turn|70\n|c|\u2606yokobaby|sry\n|-message|A Bread Sandwich forfeited.\n|\n|win|yokobaby\n|n|\u2606yokobaby|yokobaby\n|n|\u2606A Bread Sandwich|abreadsandwich\n|n| Geysers|geysers\n|n| GodofshowdownXD|godofshowdownxd\n|n| Karlaaaaaa|karlaaaaaa\n|l| GodofshowdownXD\n","uploadtime":1666063455,"views":14,"p1id":"yokobaby","p2id":"abreadsandwich","formatid":"gen8anythinggoes","rating":0,"private":0,"password":null}