{"id":"gen8ou-1440858006","p1":"seelbachariot","p2":"rakorhe","format":"gen8ou","log":"|j|\u2606seelbachariot\n|j|\u2606rakorhe\n|inactive|Battle timer is ON: inactive players will automatically lose when time's up.\n|t:|1635000192\n|gametype|singles\n|player|p1|seelbachariot|rocketgruntf|\n|player|p2|rakorhe|unknown|\n|teamsize|p1|6\n|teamsize|p2|6\n|gen|8\n|tier|[Gen 8] OU\n|rated|Tournament battle\n|rule|Sleep Clause Mod: Limit one foe put to sleep\n|rule|Species Clause: Limit one of each Pok\u00e9mon\n|rule|OHKO Clause: OHKO moves are banned\n|rule|Evasion Moves Clause: Evasion moves are banned\n|rule|Endless Battle Clause: Forcing endless battles is banned\n|rule|HP Percentage Mod: HP is shown in percentages\n|rule|Dynamax Clause: You cannot dynamax\n|clearpoke\n|poke|p1|Zeraora|\n|poke|p1|Ferrothorn, M|\n|poke|p1|Dragapult, M|\n|poke|p1|Heatran, M|\n|poke|p1|Landorus-Therian, M|\n|poke|p1|Tyranitar, F|\n|poke|p2|Hawlucha, M|\n|poke|p2|Blissey, F|\n|poke|p2|Dragapult, M|\n|poke|p2|Slowbro, M|\n|poke|p2|Aegislash, M|\n|poke|p2|Zapdos|\n|teampreview\n|inactive|seelbachariot also wants the timer to be on.\n|j| TheNewBrends11\n|\n|t:|1635000205\n|start\n|switch|p1a: Dragapult|Dragapult, M|100\/100\n|switch|p2a: Slowbro|Slowbro, M, shiny|100\/100\n|turn|1\n|\n|t:|1635000213\n|switch|p2a: Blissey|Blissey, F|100\/100\n|move|p1a: Dragapult|U-turn|p2a: Blissey\n|-damage|p2a: Blissey|65\/100\n|\n|t:|1635000217\n|switch|p1a: Zeraora|Zeraora|100\/100|[from]move: U-turn\n|\n|-heal|p2a: Blissey|71\/100|[from] item: Leftovers\n|upkeep\n|turn|2\n|\n|t:|1635000231\n|switch|p2a: Dragapult|Dragapult, M|100\/100\n|move|p1a: Zeraora|Plasma Fists|p2a: Dragapult\n|-resisted|p2a: Dragapult\n|-crit|p2a: Dragapult\n|-damage|p2a: Dragapult|15\/100\n|\n|upkeep\n|turn|3\n|\n|t:|1635000252\n|switch|p1a: Tyranitar|Tyranitar, F|100\/100\n|-weather|Sandstorm|[from] ability: Sand Stream|[of] p1a: Tyranitar\n|move|p2a: Dragapult|Will-O-Wisp|p1a: Tyranitar\n|-status|p1a: Tyranitar|brn\n|\n|-weather|Sandstorm|[upkeep]\n|-damage|p2a: Dragapult|9\/100|[from] Sandstorm\n|-damage|p1a: Tyranitar|94\/100 brn|[from] brn\n|upkeep\n|turn|4\n|\n|t:|1635000263\n|move|p2a: Dragapult|Hex|p1a: Tyranitar\n|-resisted|p1a: Tyranitar\n|-damage|p1a: Tyranitar|77\/100 brn\n|move|p1a: Tyranitar|Dark Pulse|p2a: Dragapult\n|-supereffective|p2a: Dragapult\n|-damage|p2a: Dragapult|0 fnt\n|faint|p2a: Dragapult\n|\n|-weather|Sandstorm|[upkeep]\n|-damage|p1a: Tyranitar|71\/100 brn|[from] brn\n|upkeep\n|\n|t:|1635000273\n|switch|p2a: Aegislash|Aegislash, M, shiny|100\/100\n|turn|5\n|\n|t:|1635000277\n|move|p1a: Tyranitar|Dark Pulse|p2a: Aegislash\n|-supereffective|p2a: Aegislash\n|-damage|p2a: Aegislash|36\/100\n|-formechange|p2a: Aegislash|Aegislash-Blade||[from] ability: Stance Change\n|move|p2a: Aegislash|Iron Head|p1a: Tyranitar\n|-supereffective|p1a: Tyranitar\n|-damage|p1a: Tyranitar|0 fnt\n|faint|p1a: Tyranitar\n|\n|-weather|Sandstorm|[upkeep]\n|upkeep\n|\n|t:|1635000288\n|switch|p1a: Landorus|Landorus-Therian, M|100\/100\n|-ability|p1a: Landorus|Intimidate|boost\n|-unboost|p2a: Aegislash|atk|1\n|turn|6\n|\n|t:|1635000298\n|switch|p2a: Zapdos|Zapdos|100\/100\n|move|p1a: Landorus|Earthquake|p2a: Zapdos\n|-immune|p2a: Zapdos\n|\n|-weather|Sandstorm|[upkeep]\n|-damage|p2a: Zapdos|94\/100|[from] Sandstorm\n|upkeep\n|turn|7\n|\n|t:|1635000306\n|switch|p1a: Heatran|Heatran, M|100\/100\n|move|p2a: Zapdos|Rain Dance|p2a: Zapdos\n|-weather|RainDance\n|\n|-weather|RainDance|[upkeep]\n|upkeep\n|turn|8\n|\n|t:|1635000321\n|switch|p1a: Ferrothorn|Ferrothorn, M|100\/100\n|move|p2a: Zapdos|Thunder|p1a: Ferrothorn\n|-resisted|p1a: Ferrothorn\n|-damage|p1a: Ferrothorn|78\/100\n|-status|p1a: Ferrothorn|par\n|\n|-weather|RainDance|[upkeep]\n|-heal|p1a: Ferrothorn|84\/100 par|[from] item: Leftovers\n|upkeep\n|turn|9\n|l|\u2606seelbachariot\n|inactive|seelbachariot disconnected and has a minute to reconnect!\n|player|p1|\n|j|\u2606seelbachariot\n|inactive|seelbachariot reconnected and has 135 seconds left.\n|player|p1|seelbachariot|rocketgruntf\n|\n|t:|1635000342\n|move|p2a: Zapdos|Hurricane|p1a: Ferrothorn\n|-damage|p1a: Ferrothorn|42\/100 par\n|move|p1a: Ferrothorn|Leech Seed|p2a: Zapdos\n|-start|p2a: Zapdos|move: Leech Seed\n|\n|-weather|RainDance|[upkeep]\n|-heal|p1a: Ferrothorn|48\/100 par|[from] item: Leftovers\n|-damage|p2a: Zapdos|82\/100|[from] Leech Seed|[of] p1a: Ferrothorn\n|-heal|p1a: Ferrothorn|60\/100 par|[silent]\n|upkeep\n|turn|10\n|inactive|rakorhe has 120 seconds left.\n|inactive|rakorhe has 90 seconds left.\n|\n|t:|1635000399\n|move|p2a: Zapdos|Hurricane|p1a: Ferrothorn\n|-damage|p1a: Ferrothorn|14\/100 par\n|move|p1a: Ferrothorn|Knock Off|p2a: Zapdos\n|-damage|p2a: Zapdos|65\/100\n|\n|-weather|RainDance|[upkeep]\n|-heal|p1a: Ferrothorn|20\/100 par|[from] item: Leftovers\n|-damage|p2a: Zapdos|53\/100|[from] Leech Seed|[of] p1a: Ferrothorn\n|-heal|p1a: Ferrothorn|31\/100 par|[silent]\n|upkeep\n|turn|11\n|\n|t:|1635000408\n|move|p2a: Zapdos|Hurricane|p1a: Ferrothorn\n|-damage|p1a: Ferrothorn|0 fnt\n|faint|p1a: Ferrothorn\n|\n|-weather|none\n|upkeep\n|\n|t:|1635000411\n|switch|p1a: Zeraora|Zeraora|100\/100\n|turn|12\n|inactive|rakorhe has 90 seconds left.\n|\n|t:|1635000453\n|move|p1a: Zeraora|Plasma Fists|p2a: Zapdos\n|-damage|p2a: Zapdos|0 fnt\n|faint|p2a: Zapdos\n|\n|upkeep\n|\n|t:|1635000463\n|switch|p2a: Blissey|Blissey, F|71\/100\n|turn|13\n|\n|t:|1635000466\n|move|p1a: Zeraora|Plasma Fists|p2a: Blissey\n|-damage|p2a: Blissey|0 fnt\n|faint|p2a: Blissey\n|\n|upkeep\n|-message|rakorhe forfeited.\n|\n|win|seelbachariot\n|n|\u2606rakorhe|rakorhe\n|n| TheNewBrends11|thenewbrends11\n|n|\u2606seelbachariot|seelbachariot\n|l|\u2606rakorhe\n","uploadtime":1635000606,"views":48,"p1id":"seelbachariot","p2id":"rakorhe","formatid":"gen8ou","rating":0,"private":0,"password":null}