{"id":"gen8nationaldex-1680419169","p1":"SwagsireIsTheBest","p2":"Capital Cruiser","format":"gen8nationaldex","log":"|j|\u2606SwagsireIsTheBest\n|j|\u203dCapital Cruiser\n|t:|1665189223\n|gametype|singles\n|player|p1|SwagsireIsTheBest|unknownf|1550\n|player|p2|Capital Cruiser|cheren-gen5bw2|1469\n|teamsize|p1|6\n|teamsize|p2|6\n|gen|8\n|tier|[Gen 8] National Dex\n|rated|\n|rule|HP Percentage Mod: HP is shown in percentages\n|rule|Endless Battle Clause: Forcing endless battles is banned\n|rule|OHKO Clause: OHKO moves are banned\n|rule|Evasion Moves Clause: Evasion moves are banned\n|rule|Species Clause: Limit one of each Pok\u00e9mon\n|rule|Dynamax Clause: You cannot dynamax\n|rule|Sleep Clause Mod: Limit one foe put to sleep\n|clearpoke\n|poke|p1|Blissey, F|\n|poke|p1|Tangrowth, M|\n|poke|p1|Blacephalon|\n|poke|p1|Scizor, F|\n|poke|p1|Urshifu-*, M|\n|poke|p1|Zapdos|\n|poke|p2|Blissey, F|\n|poke|p2|Garchomp, M|\n|poke|p2|Celesteela|\n|poke|p2|Tapu Fini|\n|poke|p2|Heatran, F|\n|poke|p2|Zapdos|\n|teampreview\n|inactive|Battle timer is ON: inactive players will automatically lose when time's up. (requested by Capital Cruiser)\n|inactive|SwagsireIsTheBest also wants the timer to be on.\n|\n|t:|1665189235\n|start\n|switch|p1a: Urshifu|Urshifu-Rapid-Strike, M|100\/100\n|switch|p2a: Zapdos|Zapdos, shiny|100\/100\n|turn|1\n|\n|t:|1665189241\n|switch|p1a: Blissey|Blissey, F|100\/100\n|move|p2a: Zapdos|Thunderbolt|p1a: Blissey\n|-damage|p1a: Blissey|84\/100\n|\n|upkeep\n|turn|2\n|\n|t:|1665189246\n|switch|p2a: Blissey|Blissey, F, shiny|100\/100\n|move|p1a: Blissey|Toxic|p2a: Blissey\n|-status|p2a: Blissey|tox\n|\n|-damage|p2a: Blissey|94\/100 tox|[from] psn\n|upkeep\n|turn|3\n|\n|t:|1665189256\n|-curestatus|p2a: Blissey|tox|[from] ability: Natural Cure\n|switch|p2a: Celesteela|Celesteela, shiny|100\/100\n|move|p1a: Blissey|Teleport|p1a: Blissey\n|\n|t:|1665189260\n|switch|p1a: Blacephalon|Blacephalon|100\/100|[from]move: Teleport\n|\n|upkeep\n|turn|4\n|\n|t:|1665189266\n|switch|p1a: Urshifu|Urshifu-Rapid-Strike, M|100\/100\n|switch|p2a: Heatran|Heatran, F, shiny|100\/100\n|\n|upkeep\n|turn|5\n|\n|t:|1665189268\n|switch|p2a: Tapu Fini|Tapu Fini, shiny|100\/100\n|-fieldstart|move: Misty Terrain|[from] ability: Misty Surge|[of] p2a: Tapu Fini\n|move|p1a: Urshifu|Close Combat|p2a: Tapu Fini\n|-resisted|p2a: Tapu Fini\n|-crit|p2a: Tapu Fini\n|-damage|p2a: Tapu Fini|56\/100\n|-unboost|p1a: Urshifu|def|1\n|-unboost|p1a: Urshifu|spd|1\n|\n|-heal|p2a: Tapu Fini|62\/100|[from] item: Leftovers\n|upkeep\n|turn|6\n|\n|t:|1665189276\n|switch|p1a: Scizor|Scizor, F|100\/100\n|move|p2a: Tapu Fini|Moonblast|p1a: Scizor\n|-resisted|p1a: Scizor\n|-damage|p1a: Scizor|87\/100\n|-unboost|p1a: Scizor|spa|1\n|\n|-heal|p2a: Tapu Fini|68\/100|[from] item: Leftovers\n|upkeep\n|turn|7\n|\n|t:|1665189285\n|switch|p2a: Celesteela|Celesteela, shiny|100\/100\n|detailschange|p1a: Scizor|Scizor-Mega, F\n|-mega|p1a: Scizor|Scizor|Scizorite\n|move|p1a: Scizor|U-turn|p2a: Celesteela\n|-resisted|p2a: Celesteela\n|-damage|p2a: Celesteela|94\/100\n|-enditem|p2a: Celesteela|Kee Berry|[eat]\n|-boost|p2a: Celesteela|def|1|[from] item: Kee Berry\n|\n|t:|1665189291\n|switch|p1a: Blacephalon|Blacephalon|100\/100|[from]move: U-turn\n|\n|upkeep\n|turn|8\n|\n|t:|1665189293\n|switch|p2a: Heatran|Heatran, F, shiny|100\/100\n|move|p1a: Blacephalon|Shadow Ball|p2a: Heatran\n|-crit|p2a: Heatran\n|-damage|p2a: Heatran|61\/100\n|-unboost|p2a: Heatran|spd|1\n|\n|upkeep\n|turn|9\n|\n|t:|1665189304\n|switch|p1a: Urshifu|Urshifu-Rapid-Strike, M|100\/100\n|switch|p2a: Blissey|Blissey, F, shiny|94\/100\n|\n|-fieldend|Misty Terrain\n|upkeep\n|turn|10\n|\n|t:|1665189312\n|switch|p1a: Blacephalon|Blacephalon|100\/100\n|switch|p2a: Tapu Fini|Tapu Fini, shiny|68\/100\n|-fieldstart|move: Misty Terrain|[from] ability: Misty Surge|[of] p2a: Tapu Fini\n|\n|-heal|p2a: Tapu Fini|74\/100|[from] item: Leftovers\n|upkeep\n|turn|11\n|\n|t:|1665189317\n|switch|p1a: Scizor|Scizor-Mega, F|87\/100\n|move|p2a: Tapu Fini|Scald|p1a: Scizor\n|-damage|p1a: Scizor|66\/100\n|\n|-heal|p2a: Tapu Fini|80\/100|[from] item: Leftovers\n|upkeep\n|turn|12\n|\n|t:|1665189321\n|move|p2a: Tapu Fini|Nature's Madness|p1a: Scizor\n|-damage|p1a: Scizor|33\/100\n|move|p1a: Scizor|Roost|p1a: Scizor\n|-heal|p1a: Scizor|83\/100\n|-singleturn|p1a: Scizor|move: Roost\n|\n|-heal|p2a: Tapu Fini|87\/100|[from] item: Leftovers\n|upkeep\n|turn|13\n|\n|t:|1665189328\n|move|p2a: Tapu Fini|Nature's Madness|p1a: Scizor\n|-damage|p1a: Scizor|42\/100\n|move|p1a: Scizor|Swords Dance|p1a: Scizor\n|-boost|p1a: Scizor|atk|2\n|\n|-heal|p2a: Tapu Fini|93\/100|[from] item: Leftovers\n|upkeep\n|turn|14\n|\n|t:|1665189332\n|switch|p2a: Zapdos|Zapdos, shiny|100\/100\n|move|p1a: Scizor|Roost|p1a: Scizor\n|-heal|p1a: Scizor|92\/100\n|-singleturn|p1a: Scizor|move: Roost\n|\n|-fieldend|Misty Terrain\n|upkeep\n|turn|15\n|\n|t:|1665189335\n|switch|p1a: Blissey|Blissey, F|84\/100\n|move|p2a: Zapdos|Heat Wave|p1a: Blissey\n|-damage|p1a: Blissey|71\/100\n|-status|p1a: Blissey|brn\n|\n|-damage|p1a: Blissey|65\/100 brn|[from] brn\n|upkeep\n|turn|16\n|\n|t:|1665189340\n|switch|p2a: Blissey|Blissey, F, shiny|94\/100\n|move|p1a: Blissey|Soft-Boiled|p1a: Blissey\n|-heal|p1a: Blissey|100\/100 brn\n|\n|-damage|p1a: Blissey|94\/100 brn|[from] brn\n|upkeep\n|turn|17\n|\n|t:|1665189342\n|move|p2a: Blissey|Wish|p2a: Blissey\n|move|p1a: Blissey|Teleport|p1a: Blissey\n|\n|t:|1665189347\n|-curestatus|p1a: Blissey|brn|[from] ability: Natural Cure\n|switch|p1a: Urshifu|Urshifu-Rapid-Strike, M|100\/100|[from]move: Teleport\n|\n|upkeep\n|turn|18\n|\n|t:|1665189363\n|switch|p2a: Celesteela|Celesteela, shiny|94\/100\n|move|p1a: Urshifu|Close Combat|p2a: Celesteela\n|-damage|p2a: Celesteela|27\/100\n|-unboost|p1a: Urshifu|def|1\n|-unboost|p1a: Urshifu|spd|1\n|\n|-heal|p2a: Celesteela|100\/100|[from] move: Wish|[wisher] Blissey\n|upkeep\n|turn|19\n|\n|t:|1665189372\n|switch|p1a: Zapdos|Zapdos|100\/100\n|move|p2a: Celesteela|Acrobatics|p1a: Zapdos\n|-resisted|p1a: Zapdos\n|-damage|p1a: Zapdos|82\/100\n|-status|p2a: Celesteela|par|[from] ability: Static|[of] p1a: Zapdos\n|\n|upkeep\n|turn|20\n|\n|t:|1665189378\n|switch|p2a: Blissey|Blissey, F, shiny|94\/100\n|move|p1a: Zapdos|U-turn|p2a: Blissey\n|-damage|p2a: Blissey|82\/100\n|\n|t:|1665189381\n|switch|p1a: Scizor|Scizor-Mega, F|92\/100|[from]move: U-turn\n|\n|upkeep\n|turn|21\n|\n|t:|1665189388\n|switch|p2a: Garchomp|Garchomp, M, shiny|100\/100\n|move|p1a: Scizor|U-turn|p2a: Garchomp\n|-damage|p2a: Garchomp|67\/100\n|-damage|p1a: Scizor|80\/100|[from] ability: Rough Skin|[of] p2a: Garchomp\n|-message|Capital Cruiser forfeited.\n|\n|win|SwagsireIsTheBest\n|raw|SwagsireIsTheBest's rating: 1550 &rarr; <strong>1565<\/strong><br \/>(+15 for winning)\n|raw|Capital Cruiser's rating: 1469 &rarr; <strong>1454<\/strong><br \/>(-15 for losing)\n|l|\u203dCapital Cruiser\n|j|\u203dCapital Cruiser\n|player|p2|Capital Cruiser|cheren-gen5bw2\n|l|\u203dCapital Cruiser\n|player|p2|\n||Ladder isn't responding, score probably updated but might not have (Request timeout).\n","uploadtime":1665189398,"views":8,"p1id":"swagsireisthebest","p2id":"capitalcruiser","formatid":"gen8nationaldex","rating":1454,"private":0,"password":null}