{"id":"gen8ou-1438358822","p1":"Jamario Mariomario","p2":"SupaTerrestrial","format":"gen8ou","log":"|j|\u2606Jamario Mariomario\n|j|\u2606SupaTerrestrial\n|t:|1634661045\n|gametype|singles\n|player|p1|Jamario Mariomario|bugcatcher|1790\n|player|p2|SupaTerrestrial|buck|1880\n|teamsize|p1|6\n|teamsize|p2|6\n|gen|8\n|tier|[Gen 8] OU\n|rated|\n|rule|Sleep Clause Mod: Limit one foe put to sleep\n|rule|Species Clause: Limit one of each Pok\u00e9mon\n|rule|OHKO Clause: OHKO moves are banned\n|rule|Evasion Moves Clause: Evasion moves are banned\n|rule|Endless Battle Clause: Forcing endless battles is banned\n|rule|HP Percentage Mod: HP is shown in percentages\n|rule|Dynamax Clause: You cannot dynamax\n|clearpoke\n|poke|p1|Volcanion|\n|poke|p1|Moltres|\n|poke|p1|Mamoswine, F|\n|poke|p1|Blissey, F|\n|poke|p1|Rillaboom, F|\n|poke|p1|Hydreigon, F|\n|poke|p2|Blaziken, M|\n|poke|p2|Swampert, F|\n|poke|p2|Corviknight, F|\n|poke|p2|Tapu Koko|\n|poke|p2|Dragapult, M|\n|poke|p2|Slowking-Galar, M|\n|teampreview\n|inactive|Battle timer is ON: inactive players will automatically lose when time's up. (requested by Jamario Mariomario)\n|j| cxcould\n|\n|t:|1634661058\n|start\n|switch|p1a: Volcanion|Volcanion|100\/100\n|switch|p2a: Swampert|Swampert, F|100\/100\n|turn|1\n|l| cxcould\n|\n|t:|1634661064\n|move|p1a: Volcanion|Steam Eruption|p2a: Swampert\n|-damage|p2a: Swampert|16\/100\n|move|p2a: Swampert|Earthquake|p1a: Volcanion\n|-supereffective|p1a: Volcanion\n|-damage|p1a: Volcanion|20\/100\n|\n|-heal|p2a: Swampert|23\/100|[from] item: Leftovers\n|upkeep\n|turn|2\n|\n|t:|1634661068\n|switch|p2a: Slowking|Slowking-Galar, M|100\/100\n|move|p1a: Volcanion|Steam Eruption|p2a: Slowking\n|-damage|p2a: Slowking|63\/100\n|\n|upkeep\n|turn|3\n|\n|t:|1634661073\n|switch|p1a: Blissey|Blissey, F|100\/100\n|move|p2a: Slowking|Future Sight|p1a: Blissey\n|-start|p2a: Slowking|move: Future Sight\n|\n|upkeep\n|turn|4\n|\n|t:|1634661078\n|switch|p2a: Swampert|Swampert, F|23\/100\n|move|p1a: Blissey|Seismic Toss|p2a: Swampert\n|-damage|p2a: Swampert|0 fnt\n|faint|p2a: Swampert\n|\n|upkeep\n|\n|t:|1634661081\n|switch|p2a: Blaziken|Blaziken, M|100\/100\n|turn|5\n|\n|t:|1634661087\n|move|p2a: Blaziken|Close Combat|p1a: Blissey\n|-supereffective|p1a: Blissey\n|-damage|p1a: Blissey|0 fnt\n|-unboost|p2a: Blaziken|def|1\n|-unboost|p2a: Blaziken|spd|1\n|faint|p1a: Blissey\n|-damage|p2a: Blaziken|91\/100|[from] item: Life Orb\n|\n|-hint|Future Sight did not hit because the target is fainted.\n|-ability|p2a: Blaziken|Speed Boost|boost\n|-boost|p2a: Blaziken|spe|1\n|upkeep\n|\n|t:|1634661090\n|switch|p1a: Hydreigon|Hydreigon, F|100\/100\n|turn|6\n|\n|t:|1634661094\n|switch|p1a: Moltres|Moltres|100\/100\n|move|p2a: Blaziken|Detect||[still]\n|-fail|p2a: Blaziken\n|\n|-ability|p2a: Blaziken|Speed Boost|boost\n|-boost|p2a: Blaziken|spe|1\n|upkeep\n|turn|7\n|\n|t:|1634661107\n|switch|p2a: Slowking|Slowking-Galar, M|96\/100\n|move|p1a: Moltres|Flamethrower|p2a: Slowking\n|-damage|p2a: Slowking|82\/100\n|\n|upkeep\n|turn|8\n|\n|t:|1634661117\n|move|p1a: Moltres|U-turn|p2a: Slowking\n|-damage|p2a: Slowking|68\/100\n|\n|t:|1634661124\n|switch|p1a: Hydreigon|Hydreigon, F|100\/100|[from]move: U-turn\n|move|p2a: Slowking|Future Sight|p1a: Hydreigon\n|-start|p2a: Slowking|move: Future Sight\n|\n|upkeep\n|turn|9\n|\n|t:|1634661132\n|switch|p2a: Tapu Koko|Tapu Koko|100\/100\n|-fieldstart|move: Electric Terrain|[from] ability: Electric Surge|[of] p2a: Tapu Koko\n|move|p1a: Hydreigon|Dark Pulse|p2a: Tapu Koko\n|-resisted|p2a: Tapu Koko\n|-damage|p2a: Tapu Koko|62\/100\n|-damage|p1a: Hydreigon|91\/100|[from] item: Life Orb\n|\n|upkeep\n|turn|10\n|\n|t:|1634661154\n|move|p2a: Tapu Koko|Dazzling Gleam|p1a: Hydreigon\n|-supereffective|p1a: Hydreigon\n|-damage|p1a: Hydreigon|0 fnt\n|faint|p1a: Hydreigon\n|\n|-hint|Future Sight did not hit because the target is fainted.\n|upkeep\n|\n|t:|1634661159\n|switch|p1a: Rillaboom|Rillaboom, F|100\/100\n|-fieldstart|move: Grassy Terrain|[from] ability: Grassy Surge|[of] p1a: Rillaboom\n|turn|11\n|\n|t:|1634661161\n|switch|p2a: Corviknight|Corviknight, F|100\/100\n|-ability|p2a: Corviknight|Pressure\n|move|p1a: Rillaboom|U-turn|p2a: Corviknight\n|-resisted|p2a: Corviknight\n|-damage|p2a: Corviknight|94\/100\n|-damage|p1a: Rillaboom|84\/100|[from] item: Rocky Helmet|[of] p2a: Corviknight\n|j| TR Hurricane\n|\n|t:|1634661163\n|switch|p1a: Volcanion|Volcanion|20\/100|[from]move: U-turn\n|\n|-heal|p1a: Volcanion|26\/100|[from] Grassy Terrain\n|upkeep\n|turn|12\n|\n|t:|1634661166\n|switch|p2a: Slowking|Slowking-Galar, M|100\/100\n|move|p1a: Volcanion|Fire Blast|p2a: Slowking|[miss]\n|-miss|p1a: Volcanion|p2a: Slowking\n|\n|-heal|p1a: Volcanion|32\/100|[from] Grassy Terrain\n|upkeep\n|turn|13\n|\n|t:|1634661170\n|move|p1a: Volcanion|Fire Blast|p2a: Slowking\n|-damage|p2a: Slowking|62\/100\n|move|p2a: Slowking|Future Sight|p1a: Volcanion\n|-start|p2a: Slowking|move: Future Sight\n|\n|-heal|p1a: Volcanion|38\/100|[from] Grassy Terrain\n|-heal|p2a: Slowking|68\/100|[from] Grassy Terrain\n|upkeep\n|turn|14\n|\n|t:|1634661176\n|move|p1a: Volcanion|Fire Blast|p2a: Slowking\n|-damage|p2a: Slowking|30\/100\n|move|p2a: Slowking|Sludge Bomb|p1a: Volcanion\n|-damage|p1a: Volcanion|5\/100\n|-status|p1a: Volcanion|psn\n|\n|-heal|p1a: Volcanion|11\/100 psn|[from] Grassy Terrain\n|-heal|p2a: Slowking|36\/100|[from] Grassy Terrain\n|-damage|p1a: Volcanion|0 fnt|[from] psn\n|faint|p1a: Volcanion\n|upkeep\n|\n|t:|1634661187\n|switch|p1a: Mamoswine|Mamoswine, F|100\/100\n|turn|15\n|\n|t:|1634661192\n|switch|p1a: Moltres|Moltres|100\/100\n|switch|p2a: Corviknight|Corviknight, F|94\/100\n|-ability|p2a: Corviknight|Pressure\n|\n|-end|p1a: Moltres|move: Future Sight\n|-damage|p1a: Moltres|57\/100\n|-fieldend|move: Grassy Terrain\n|upkeep\n|turn|16\n|\n|t:|1634661195\n|switch|p2a: Slowking|Slowking-Galar, M|69\/100\n|move|p1a: Moltres|Roost|p1a: Moltres\n|-heal|p1a: Moltres|100\/100\n|-singleturn|p1a: Moltres|move: Roost\n|\n|upkeep\n|turn|17\n|\n|t:|1634661198\n|move|p1a: Moltres|U-turn|p2a: Slowking\n|-damage|p2a: Slowking|55\/100\n|\n|t:|1634661200\n|switch|p1a: Mamoswine|Mamoswine, F|100\/100|[from]move: U-turn\n|move|p2a: Slowking|Future Sight|p1a: Mamoswine\n|-start|p2a: Slowking|move: Future Sight\n|\n|upkeep\n|turn|18\n|\n|t:|1634661203\n|switch|p2a: Corviknight|Corviknight, F|94\/100\n|-ability|p2a: Corviknight|Pressure\n|move|p1a: Mamoswine|High Horsepower|p2a: Corviknight\n|-immune|p2a: Corviknight\n|\n|upkeep\n|turn|19\n|\n|t:|1634661207\n|move|p1a: Mamoswine|Stealth Rock|p2a: Corviknight\n|-sidestart|p2: SupaTerrestrial|move: Stealth Rock\n|move|p2a: Corviknight|U-turn|p1a: Mamoswine\n|-damage|p1a: Mamoswine|85\/100\n|\n|t:|1634661217\n|switch|p2a: Blaziken|Blaziken, M|91\/100|[from]move: U-turn\n|-damage|p2a: Blaziken|78\/100|[from] Stealth Rock\n|\n|-end|p1a: Mamoswine|move: Future Sight\n|-damage|p1a: Mamoswine|26\/100\n|upkeep\n|turn|20\n|\n|t:|1634661220\n|move|p2a: Blaziken|Detect|p2a: Blaziken\n|-singleturn|p2a: Blaziken|Protect\n|move|p1a: Mamoswine|High Horsepower|p2a: Blaziken\n|-activate|p2a: Blaziken|move: Protect\n|\n|-ability|p2a: Blaziken|Speed Boost|boost\n|-boost|p2a: Blaziken|spe|1\n|upkeep\n|turn|21\n|\n|t:|1634661224\n|switch|p1a: Moltres|Moltres|100\/100\n|move|p2a: Blaziken|Knock Off|p1a: Moltres\n|-damage|p1a: Moltres|70\/100\n|-enditem|p1a: Moltres|Heavy-Duty Boots|[from] move: Knock Off|[of] p2a: Blaziken\n|-damage|p2a: Blaziken|68\/100|[from] item: Life Orb\n|\n|-ability|p2a: Blaziken|Speed Boost|boost\n|-boost|p2a: Blaziken|spe|1\n|upkeep\n|turn|22\n|\n|t:|1634661230\n|switch|p2a: Slowking|Slowking-Galar, M|89\/100\n|-damage|p2a: Slowking|76\/100|[from] Stealth Rock\n|move|p1a: Moltres|Flamethrower|p2a: Slowking\n|-crit|p2a: Slowking\n|-damage|p2a: Slowking|53\/100\n|\n|upkeep\n|turn|23\n|\n|t:|1634661233\n|move|p1a: Moltres|Flamethrower|p2a: Slowking\n|-damage|p2a: Slowking|38\/100\n|move|p2a: Slowking|Future Sight|p1a: Moltres\n|-start|p2a: Slowking|move: Future Sight\n|\n|upkeep\n|turn|24\n|\n|t:|1634661239\n|move|p1a: Moltres|Roost|p1a: Moltres\n|-heal|p1a: Moltres|100\/100\n|-singleturn|p1a: Moltres|move: Roost\n|move|p2a: Slowking|Sludge Bomb|p1a: Moltres\n|-damage|p1a: Moltres|68\/100\n|\n|upkeep\n|turn|25\n|\n|t:|1634661242\n|move|p1a: Moltres|Roost|p1a: Moltres\n|-heal|p1a: Moltres|100\/100\n|-singleturn|p1a: Moltres|move: Roost\n|move|p2a: Slowking|Sludge Bomb|p1a: Moltres\n|-crit|p1a: Moltres\n|-damage|p1a: Moltres|54\/100\n|-status|p1a: Moltres|psn\n|\n|-end|p1a: Moltres|move: Future Sight\n|-damage|p1a: Moltres|6\/100 psn\n|-damage|p1a: Moltres|0 fnt|[from] psn\n|faint|p1a: Moltres\n|upkeep\n|-message|Jamario Mariomario forfeited.\n|\n|win|SupaTerrestrial\n|raw|Jamario Mariomario's rating: 1790 &rarr; <strong>1775<\/strong><br \/>(-15 for losing)\n|raw|SupaTerrestrial's rating: 1880 &rarr; <strong>1895<\/strong><br \/>(+15 for winning)\n|l|\u2606Jamario Mariomario\n|l|\u2606SupaTerrestrial\n","uploadtime":1634661257,"views":26,"p1id":"jamariomariomario","p2id":"supaterrestrial","formatid":"gen8ou","rating":1775,"private":0,"password":null}