{"id":"gen8ou-1655147466","p1":"rooopos","p2":"hollyxkid","format":"gen8ou","log":"|j|\u2606rooopos\n|j|\u2606hollyxkid\n|t:|1662217256\n|gametype|singles\n|player|p1|rooopos|265|\n|player|p2|hollyxkid|lady|\n|teamsize|p1|6\n|teamsize|p2|6\n|gen|8\n|tier|[Gen 8] OU\n|rule|Sleep Clause Mod: Limit one foe put to sleep\n|rule|Species Clause: Limit one of each Pok\u00e9mon\n|rule|OHKO Clause: OHKO moves are banned\n|rule|Evasion Items Clause: Evasion items are banned\n|rule|Evasion Moves Clause: Evasion moves are banned\n|rule|Endless Battle Clause: Forcing endless battles is banned\n|rule|HP Percentage Mod: HP is shown in percentages\n|rule|Dynamax Clause: You cannot dynamax\n|clearpoke\n|poke|p1|Dragapult, M|\n|poke|p1|Zapdos|\n|poke|p1|Nihilego|\n|poke|p1|Ferrothorn, F|\n|poke|p1|Landorus-Therian, M|\n|poke|p1|Crawdaunt, F|\n|poke|p2|Porygon2|\n|poke|p2|Braviary, M|\n|poke|p2|Snorlax, M|\n|poke|p2|Diggersby, M|\n|poke|p2|Bewear, F|\n|poke|p2|Heliolisk, F|\n|teampreview\n|c|\u2606hollyxkid|glhf\n|c|\u2606rooopos|u2\n|\n|t:|1662217278\n|start\n|switch|p1a: Dragapult|Dragapult, M|100\/100\n|switch|p2a: Bothiru|Porygon2|100\/100\n|-ability|p2a: Bothiru|Infiltrator|[from] ability: Trace|[of] p1a: Dragapult\n|turn|1\n|\n|t:|1662217281\n|move|p1a: Dragapult|Dragon Darts|p2a: Bothiru\n|-damage|p2a: Bothiru|88\/100\n|-anim|p1a: Dragapult|Dragon Darts|p2a: Bothiru\n|-damage|p2a: Bothiru|75\/100\n|move|p2a: Bothiru|Foul Play|p1a: Dragapult\n|-supereffective|p1a: Dragapult\n|-damage|p1a: Dragapult|39\/100\n|\n|upkeep\n|turn|2\n|\n|t:|1662217289\n|switch|p1a: Crawdaunt|Crawdaunt, F|100\/100\n|move|p2a: Bothiru|Teleport|p2a: Bothiru\n|\n|t:|1662217293\n|switch|p2a: Queen Scaraba|Heliolisk, F|100\/100|[from]move: Teleport\n|\n|upkeep\n|turn|3\n|\n|t:|1662217296\n|switch|p1a: Ferrothorn|Ferrothorn, F|100\/100\n|move|p2a: Queen Scaraba|Surf|p1a: Ferrothorn\n|-resisted|p1a: Ferrothorn\n|-damage|p1a: Ferrothorn|83\/100\n|\n|-heal|p1a: Ferrothorn|89\/100|[from] item: Leftovers\n|upkeep\n|turn|4\n|\n|t:|1662217302\n|switch|p2a: Bothiru|Porygon2|75\/100\n|-ability|p2a: Bothiru|Iron Barbs|[from] ability: Trace|[of] p1a: Ferrothorn\n|move|p1a: Ferrothorn|Stealth Rock|p2a: Bothiru\n|-sidestart|p2: hollyxkid|move: Stealth Rock\n|\n|-heal|p1a: Ferrothorn|95\/100|[from] item: Leftovers\n|upkeep\n|turn|5\n|\n|t:|1662217309\n|switch|p1a: Crawdaunt|Crawdaunt, F|100\/100\n|move|p2a: Bothiru|Recover|p2a: Bothiru\n|-heal|p2a: Bothiru|100\/100\n|\n|upkeep\n|turn|6\n|\n|t:|1662217313\n|move|p1a: Crawdaunt|Close Combat|p2a: Bothiru\n|-supereffective|p2a: Bothiru\n|-damage|p2a: Bothiru|39\/100\n|-unboost|p1a: Crawdaunt|def|1\n|-unboost|p1a: Crawdaunt|spd|1\n|-damage|p1a: Crawdaunt|88\/100|[from] ability: Iron Barbs|[of] p2a: Bothiru\n|move|p2a: Bothiru|Teleport|p2a: Bothiru\n|\n|t:|1662217325\n|switch|p2a: Queen Scaraba|Heliolisk, F|100\/100|[from]move: Teleport\n|-damage|p2a: Queen Scaraba|88\/100|[from] Stealth Rock\n|\n|upkeep\n|turn|7\n|\n|t:|1662217330\n|switch|p1a: Dragapult|Dragapult, M|39\/100\n|move|p2a: Queen Scaraba|Focus Blast|p1a: Dragapult\n|-immune|p1a: Dragapult\n|\n|upkeep\n|turn|8\n|\n|t:|1662217339\n|switch|p2a: Penelope|Bewear, F|100\/100\n|-damage|p2a: Penelope|94\/100|[from] Stealth Rock\n|move|p1a: Dragapult|U-turn|p2a: Penelope\n|-resisted|p2a: Penelope\n|-damage|p2a: Penelope|90\/100\n|-damage|p1a: Dragapult|23\/100|[from] item: Rocky Helmet|[of] p2a: Penelope\n|\n|t:|1662217352\n|switch|p1a: Zapdos|Zapdos|100\/100|[from]move: U-turn\n|\n|upkeep\n|turn|9\n|\n|t:|1662217359\n|switch|p2a: Mr. Bianchi|Snorlax, M|100\/100\n|-damage|p2a: Mr. Bianchi|88\/100|[from] Stealth Rock\n|move|p1a: Zapdos|Hurricane|p2a: Mr. Bianchi\n|-crit|p2a: Mr. Bianchi\n|-damage|p2a: Mr. Bianchi|53\/100\n|\n|-heal|p2a: Mr. Bianchi|59\/100|[from] item: Leftovers\n|upkeep\n|turn|10\n|\n|t:|1662217367\n|move|p1a: Zapdos|Volt Switch|p2a: Mr. Bianchi\n|-damage|p2a: Mr. Bianchi|44\/100\n|\n|t:|1662217371\n|switch|p1a: Crawdaunt|Crawdaunt, F|88\/100|[from]move: Volt Switch\n|move|p2a: Mr. Bianchi|Curse|p2a: Mr. Bianchi\n|-unboost|p2a: Mr. Bianchi|spe|1\n|-boost|p2a: Mr. Bianchi|atk|1\n|-boost|p2a: Mr. Bianchi|def|1\n|\n|-heal|p2a: Mr. Bianchi|50\/100|[from] item: Leftovers\n|upkeep\n|turn|11\n|\n|t:|1662217377\n|move|p2a: Mr. Bianchi|Protect|p2a: Mr. Bianchi\n|-singleturn|p2a: Mr. Bianchi|Protect\n|move|p1a: Crawdaunt|Close Combat|p2a: Mr. Bianchi\n|-activate|p2a: Mr. Bianchi|move: Protect\n|\n|-heal|p2a: Mr. Bianchi|56\/100|[from] item: Leftovers\n|upkeep\n|turn|12\n|\n|t:|1662217384\n|switch|p2a: Penelope|Bewear, F|90\/100\n|-damage|p2a: Penelope|84\/100|[from] Stealth Rock\n|move|p1a: Crawdaunt|Close Combat|p2a: Penelope\n|-supereffective|p2a: Penelope\n|-damage|p2a: Penelope|41\/100\n|-unboost|p1a: Crawdaunt|def|1\n|-unboost|p1a: Crawdaunt|spd|1\n|-damage|p1a: Crawdaunt|72\/100|[from] item: Rocky Helmet|[of] p2a: Penelope\n|\n|upkeep\n|turn|13\n|\n|t:|1662217410\n|switch|p1a: Zapdos|Zapdos|100\/100\n|switch|p2a: Bothiru|Porygon2|39\/100\n|-damage|p2a: Bothiru|27\/100|[from] Stealth Rock\n|-ability|p2a: Bothiru|Static|[from] ability: Trace|[of] p1a: Zapdos\n|\n|upkeep\n|turn|14\n|\n|t:|1662217417\n|move|p1a: Zapdos|Volt Switch|p2a: Bothiru\n|-damage|p2a: Bothiru|2\/100\n|\n|t:|1662217420\n|switch|p1a: Landorus|Landorus-Therian, M|100\/100|[from]move: Volt Switch\n|-ability|p1a: Landorus|Intimidate|boost\n|-unboost|p2a: Bothiru|atk|1\n|move|p2a: Bothiru|Recover|p2a: Bothiru\n|-heal|p2a: Bothiru|52\/100\n|\n|upkeep\n|turn|15\n|\n|t:|1662217426\n|move|p1a: Landorus|U-turn|p2a: Bothiru\n|-damage|p2a: Bothiru|41\/100\n|\n|t:|1662217429\n|switch|p1a: Crawdaunt|Crawdaunt, F|72\/100|[from]move: U-turn\n|move|p2a: Bothiru|Recover|p2a: Bothiru\n|-heal|p2a: Bothiru|91\/100\n|\n|upkeep\n|turn|16\n|\n|t:|1662217431\n|move|p1a: Crawdaunt|Knock Off|p2a: Bothiru\n|-damage|p2a: Bothiru|43\/100\n|-status|p1a: Crawdaunt|par|[from] ability: Static|[of] p2a: Bothiru\n|-enditem|p2a: Bothiru|Eviolite|[from] move: Knock Off|[of] p1a: Crawdaunt\n|move|p2a: Bothiru|Teleport|p2a: Bothiru\n|c|\u2606rooopos|lol\n|\n|t:|1662217443\n|switch|p2a: Jake the Fury|Braviary, M|100\/100|[from]move: Teleport\n|\n|upkeep\n|turn|17\n|\n|t:|1662217449\n|switch|p1a: Zapdos|Zapdos|100\/100\n|move|p2a: Jake the Fury|Defog|p1a: Zapdos\n|-unboost|p1a: Zapdos|evasion|1\n|-sideend|p2: hollyxkid|Stealth Rock|[from] move: Defog|[of] p2a: Jake the Fury\n|\n|upkeep\n|turn|18\n|\n|t:|1662217458\n|switch|p2a: Queen Scaraba|Heliolisk, F|88\/100\n|move|p1a: Zapdos|Hurricane|p2a: Queen Scaraba|[miss]\n|-miss|p1a: Zapdos|p2a: Queen Scaraba\n|\n|upkeep\n|turn|19\n|\n|t:|1662217463\n|switch|p1a: Landorus|Landorus-Therian, M|100\/100\n|-ability|p1a: Landorus|Intimidate|boost\n|-unboost|p2a: Queen Scaraba|atk|1\n|move|p2a: Queen Scaraba|Volt Switch|p1a: Landorus\n|-immune|p1a: Landorus\n|\n|upkeep\n|turn|20\n|\n|t:|1662217469\n|switch|p2a: Jake the Fury|Braviary, M|100\/100\n|move|p1a: Landorus|U-turn|p2a: Jake the Fury\n|-resisted|p2a: Jake the Fury\n|-damage|p2a: Jake the Fury|88\/100\n|\n|t:|1662217479\n|switch|p1a: Nihilego|Nihilego|100\/100|[from]move: U-turn\n|\n|upkeep\n|turn|21\n|\n|t:|1662217510\n|switch|p2a: Balthazar|Diggersby, M|100\/100\n|move|p1a: Nihilego|Meteor Beam||[still]\n|-prepare|p1a: Nihilego|Meteor Beam\n|-boost|p1a: Nihilego|spa|1\n|-enditem|p1a: Nihilego|Power Herb\n|-anim|p1a: Nihilego|Meteor Beam|p2a: Balthazar\n|-resisted|p2a: Balthazar\n|-damage|p2a: Balthazar|54\/100\n|\n|-heal|p2a: Balthazar|60\/100|[from] item: Leftovers\n|upkeep\n|turn|22\n|\n|t:|1662217521\n|move|p1a: Nihilego|Grass Knot|p2a: Balthazar\n|-supereffective|p2a: Balthazar\n|-damage|p2a: Balthazar|0 fnt\n|faint|p2a: Balthazar\n|-ability|p1a: Nihilego|Beast Boost|boost\n|-boost|p1a: Nihilego|spe|1\n|\n|upkeep\n|\n|t:|1662217536\n|switch|p2a: Jake the Fury|Braviary, M|88\/100\n|turn|23\n|\n|t:|1662217540\n|move|p1a: Nihilego|Power Gem|p2a: Jake the Fury\n|-supereffective|p2a: Jake the Fury\n|-damage|p2a: Jake the Fury|0 fnt\n|faint|p2a: Jake the Fury\n|-ability|p1a: Nihilego|Beast Boost|boost\n|-boost|p1a: Nihilego|spe|1\n|\n|upkeep\n|\n|t:|1662217549\n|switch|p2a: Mr. Bianchi|Snorlax, M|56\/100\n|turn|24\n|\n|t:|1662217552\n|move|p1a: Nihilego|Meteor Beam||[still]\n|-prepare|p1a: Nihilego|Meteor Beam\n|-boost|p1a: Nihilego|spa|1\n|move|p2a: Mr. Bianchi|Body Slam|p1a: Nihilego\n|-resisted|p1a: Nihilego\n|-damage|p1a: Nihilego|75\/100\n|\n|-heal|p2a: Mr. Bianchi|62\/100|[from] item: Leftovers\n|upkeep\n|turn|25\n|\n|t:|1662217559\n|move|p2a: Mr. Bianchi|Protect|p2a: Mr. Bianchi\n|-singleturn|p2a: Mr. Bianchi|Protect\n|move|p1a: Nihilego|Meteor Beam|p2a: Mr. Bianchi|[from]lockedmove\n|-activate|p2a: Mr. Bianchi|move: Protect\n|\n|-heal|p2a: Mr. Bianchi|68\/100|[from] item: Leftovers\n|upkeep\n|turn|26\n|\n|t:|1662217564\n|move|p1a: Nihilego|Power Gem|p2a: Mr. Bianchi\n|-damage|p2a: Mr. Bianchi|33\/100\n|move|p2a: Mr. Bianchi|Body Slam|p1a: Nihilego\n|-resisted|p1a: Nihilego\n|-damage|p1a: Nihilego|50\/100\n|\n|-heal|p2a: Mr. Bianchi|39\/100|[from] item: Leftovers\n|upkeep\n|turn|27\n|\n|t:|1662217571\n|move|p1a: Nihilego|Sludge Bomb|p2a: Mr. Bianchi\n|-damage|p2a: Mr. Bianchi|0 fnt\n|faint|p2a: Mr. Bianchi\n|-ability|p1a: Nihilego|Beast Boost|boost\n|-boost|p1a: Nihilego|spe|1\n|\n|upkeep\n|\n|t:|1662217579\n|switch|p2a: Bothiru|Porygon2|43\/100\n|-ability|p2a: Bothiru|Beast Boost|[from] ability: Trace|[of] p1a: Nihilego\n|turn|28\n|\n|t:|1662217582\n|move|p1a: Nihilego|Sludge Bomb|p2a: Bothiru\n|-damage|p2a: Bothiru|0 fnt\n|faint|p2a: Bothiru\n|-ability|p1a: Nihilego|Beast Boost|boost\n|-boost|p1a: Nihilego|spe|1\n|\n|upkeep\n|c|\u2606hollyxkid|gg\n|\n|t:|1662217588\n|switch|p2a: Penelope|Bewear, F|41\/100\n|turn|29\n|c|\u2606rooopos|gg\n|\n|t:|1662217591\n|move|p1a: Nihilego|Sludge Bomb|p2a: Penelope\n|-damage|p2a: Penelope|0 fnt\n|faint|p2a: Penelope\n|-ability|p1a: Nihilego|Beast Boost|boost\n|-boost|p1a: Nihilego|spe|1\n|\n|upkeep\n|\n|t:|1662217593\n|switch|p2a: Queen Scaraba|Heliolisk, F|88\/100\n|turn|30\n|\n|t:|1662217595\n|move|p1a: Nihilego|Power Gem|p2a: Queen Scaraba\n|-damage|p2a: Queen Scaraba|0 fnt\n|faint|p2a: Queen Scaraba\n|\n|win|rooopos\n|l|\u2606hollyxkid\n","uploadtime":1662217606,"views":21,"p1id":"rooopos","p2id":"hollyxkid","formatid":"gen8ou","rating":0,"private":0,"password":null}