{"id":"gen8nationaldexmonotype-1543913663","p1":"Eclipse77","p2":"cristo.ct3","format":"gen8nationaldexmonotype","log":"|j|\u2606Eclipse77\n|j|\u2606cristo.ct3\n|inactive|Battle timer is ON: inactive players will automatically lose when time's up.\n|t:|1648840730\n|gametype|singles\n|player|p1|Eclipse77|hilda-wonderlauncher|\n|player|p2|cristo.ct3|pilot|\n|teamsize|p1|6\n|teamsize|p2|6\n|gen|8\n|tier|[Gen 8] National Dex Monotype\n|rated|Tournament battle\n|rule|HP Percentage Mod: HP is shown in percentages\n|rule|Endless Battle Clause: Forcing endless battles is banned\n|rule|Same Type Clause: Pok\u00e9mon in a team must share a type\n|rule|Species Clause: Limit one of each Pok\u00e9mon\n|rule|OHKO Clause: OHKO moves are banned\n|rule|Evasion Moves Clause: Evasion moves are banned\n|rule|Dynamax Clause: You cannot dynamax\n|rule|Sleep Clause Mod: Limit one foe put to sleep\n|clearpoke\n|poke|p1|Greninja, F|\n|poke|p1|Pelipper, F|\n|poke|p1|Toxapex, F|\n|poke|p1|Urshifu-*, F|\n|poke|p1|Slowking, F|\n|poke|p1|Swampert, F|\n|poke|p2|Lopunny, F|\n|poke|p2|Diggersby, M|\n|poke|p2|Porygon2|\n|poke|p2|Chansey, F|\n|poke|p2|Staraptor, F|\n|poke|p2|Ditto|\n|teampreview\n|j| Tigaelas\n|\n|t:|1648840742\n|start\n|switch|p1a: Pelipper|Pelipper, F|100\/100\n|switch|p2a: Staraptor|Staraptor, F|100\/100\n|-ability|p2a: Staraptor|Intimidate|boost\n|-unboost|p1a: Pelipper|atk|1\n|-weather|RainDance|[from] ability: Drizzle|[of] p1a: Pelipper\n|turn|1\n|\n|t:|1648840747\n|switch|p2a: Porygon2|Porygon2|100\/100\n|-ability|p2a: Porygon2|Download|boost\n|-boost|p2a: Porygon2|spa|1\n|switch|p1a: Toxapex|Toxapex, F|100\/100\n|\n|-weather|RainDance|[upkeep]\n|upkeep\n|turn|2\n|j| ICE ICE BABYYYYYY\n|\n|t:|1648840750\n|move|p2a: Porygon2|Discharge|p1a: Toxapex\n|-supereffective|p1a: Toxapex\n|-damage|p1a: Toxapex|51\/100\n|move|p1a: Toxapex|Toxic|p2a: Porygon2\n|-status|p2a: Porygon2|tox\n|\n|-weather|RainDance|[upkeep]\n|-heal|p1a: Toxapex|57\/100|[from] item: Black Sludge\n|-damage|p2a: Porygon2|94\/100 tox|[from] psn\n|upkeep\n|turn|3\n|\n|t:|1648840756\n|switch|p1a: Slowking|Slowking, F|100\/100\n|move|p2a: Porygon2|Teleport|p2a: Porygon2\n|\n|t:|1648840767\n|switch|p2a: Ditto|Ditto|100\/100|[from]move: Teleport\n|-transform|p2a: Ditto|p1a: Slowking|[from] ability: Imposter\n|\n|-weather|RainDance|[upkeep]\n|upkeep\n|turn|4\n|\n|t:|1648840772\n|move|p2a: Ditto|Future Sight|p1a: Slowking\n|-start|p2a: Ditto|move: Future Sight\n|move|p1a: Slowking|Teleport|p1a: Slowking\n|\n|t:|1648840775\n|switch|p1a: Urshifu|Urshifu-Rapid-Strike, F|100\/100|[from]move: Teleport\n|\n|-weather|RainDance|[upkeep]\n|upkeep\n|turn|5\n|\n|t:|1648840788\n|move|p1a: Urshifu|Surging Strikes|p2a: Ditto\n|-resisted|p2a: Ditto\n|-crit|p2a: Ditto\n|-damage|p2a: Ditto|80\/100\n|-resisted|p2a: Ditto\n|-crit|p2a: Ditto\n|-damage|p2a: Ditto|59\/100\n|-resisted|p2a: Ditto\n|-crit|p2a: Ditto\n|-damage|p2a: Ditto|40\/100\n|-hitcount|p2a: Ditto|3\n|move|p2a: Ditto|Future Sight||[still]\n|-fail|p2a: Ditto\n|\n|-weather|none\n|upkeep\n|turn|6\n|\n|t:|1648840797\n|switch|p1a: Slowking|Slowking, F|100\/100\n|switch|p2a: Staraptor|Staraptor, F|100\/100\n|-ability|p2a: Staraptor|Intimidate|boost\n|-unboost|p1a: Slowking|atk|1\n|\n|-end|p1a: Slowking|move: Future Sight\n|-resisted|p1a: Slowking\n|-damage|p1a: Slowking|94\/100\n|upkeep\n|turn|7\n|\n|t:|1648840803\n|move|p2a: Staraptor|U-turn|p1a: Slowking\n|-supereffective|p1a: Slowking\n|-damage|p1a: Slowking|51\/100\n|\n|t:|1648840808\n|switch|p2a: Chansey|Chansey, F|100\/100|[from]move: U-turn\n|move|p1a: Slowking|Teleport|p1a: Slowking\n|\n|t:|1648840812\n|switch|p1a: Urshifu|Urshifu-Rapid-Strike, F|100\/100|[from]move: Teleport\n|\n|upkeep\n|turn|8\n|\n|t:|1648840815\n|switch|p2a: Staraptor|Staraptor, F|100\/100\n|-ability|p2a: Staraptor|Intimidate|boost\n|-unboost|p1a: Urshifu|atk|1\n|move|p1a: Urshifu|Surging Strikes|p2a: Staraptor\n|-crit|p2a: Staraptor\n|-damage|p2a: Staraptor|83\/100\n|-crit|p2a: Staraptor\n|-damage|p2a: Staraptor|67\/100\n|-crit|p2a: Staraptor\n|-damage|p2a: Staraptor|50\/100\n|-hitcount|p2a: Staraptor|3\n|\n|upkeep\n|turn|9\n|\n|t:|1648840823\n|switch|p1a: Toxapex|Toxapex, F|91\/100\n|switch|p2a: Ditto|Ditto|73\/100\n|-transform|p2a: Ditto|p1a: Toxapex|[from] ability: Imposter\n|\n|-heal|p1a: Toxapex|97\/100|[from] item: Black Sludge\n|upkeep\n|turn|10\n|\n|t:|1648840834\n|move|p2a: Ditto|Recover|p2a: Ditto\n|-heal|p2a: Ditto|100\/100\n|move|p1a: Toxapex|Scald|p2a: Ditto\n|-resisted|p2a: Ditto\n|-damage|p2a: Ditto|94\/100\n|\n|-heal|p1a: Toxapex|100\/100|[from] item: Black Sludge\n|upkeep\n|turn|11\n|\n|t:|1648840839\n|switch|p2a: Porygon2|Porygon2|94\/100 tox\n|-ability|p2a: Porygon2|Download|boost\n|-boost|p2a: Porygon2|spa|1\n|switch|p1a: Urshifu|Urshifu-Rapid-Strike, F|100\/100\n|\n|-damage|p2a: Porygon2|88\/100 tox|[from] psn\n|upkeep\n|turn|12\n|\n|t:|1648840844\n|switch|p1a: Slowking|Slowking, F|85\/100\n|switch|p2a: Ditto|Ditto|100\/100\n|-transform|p2a: Ditto|p1a: Slowking|[from] ability: Imposter\n|\n|upkeep\n|turn|13\n|\n|t:|1648840849\n|move|p2a: Ditto|Future Sight|p1a: Slowking\n|-start|p2a: Ditto|move: Future Sight\n|move|p1a: Slowking|Teleport|p1a: Slowking\n|\n|t:|1648840852\n|switch|p1a: Greninja|Greninja, F|100\/100|[from]move: Teleport\n|\n|upkeep\n|turn|14\n|\n|t:|1648840855\n|switch|p2a: Chansey|Chansey, F|100\/100\n|move|p1a: Greninja|U-turn|p2a: Chansey\n|-start|p1a: Greninja|typechange|Bug|[from] ability: Protean\n|-damage|p2a: Chansey|86\/100\n|\n|t:|1648840862\n|switch|p1a: Pelipper|Pelipper, F|100\/100|[from]move: U-turn\n|-weather|RainDance|[from] ability: Drizzle|[of] p1a: Pelipper\n|\n|-weather|RainDance|[upkeep]\n|upkeep\n|turn|15\n|\n|t:|1648840869\n|move|p1a: Pelipper|U-turn|p2a: Chansey\n|-damage|p2a: Chansey|80\/100\n|\n|t:|1648840873\n|switch|p1a: Slowking|Slowking, F|100\/100|[from]move: U-turn\n|move|p2a: Chansey|Toxic|p1a: Slowking\n|-status|p1a: Slowking|tox\n|\n|-weather|RainDance|[upkeep]\n|-end|p1a: Slowking|move: Future Sight\n|-resisted|p1a: Slowking\n|-crit|p1a: Slowking\n|-damage|p1a: Slowking|90\/100 tox\n|-damage|p1a: Slowking|84\/100 tox|[from] psn\n|upkeep\n|turn|16\n|\n|t:|1648840879\n|move|p2a: Chansey|Seismic Toss|p1a: Slowking\n|-damage|p1a: Slowking|59\/100 tox\n|move|p1a: Slowking|Teleport|p1a: Slowking\n|\n|t:|1648840883\n|switch|p1a: Urshifu|Urshifu-Rapid-Strike, F|100\/100|[from]move: Teleport\n|\n|-weather|RainDance|[upkeep]\n|upkeep\n|turn|17\n|\n|t:|1648840891\n|switch|p2a: Ditto|Ditto|100\/100\n|-transform|p2a: Ditto|p1a: Urshifu|[from] ability: Imposter\n|move|p1a: Urshifu|Close Combat|p2a: Ditto\n|-damage|p2a: Ditto|31\/100\n|-unboost|p1a: Urshifu|def|1\n|-unboost|p1a: Urshifu|spd|1\n|\n|-weather|RainDance|[upkeep]\n|upkeep\n|turn|18\n|\n|t:|1648840898\n|switch|p1a: Toxapex|Toxapex, F|100\/100\n|move|p2a: Ditto|Zen Headbutt|p1a: Toxapex\n|-supereffective|p1a: Toxapex\n|-damage|p1a: Toxapex|68\/100\n|\n|-weather|none\n|-heal|p1a: Toxapex|75\/100|[from] item: Black Sludge\n|upkeep\n|turn|19\n|\n|t:|1648840904\n|move|p2a: Ditto|Zen Headbutt|p1a: Toxapex\n|-supereffective|p1a: Toxapex\n|-damage|p1a: Toxapex|40\/100\n|move|p1a: Toxapex|Toxic|p2a: Ditto\n|-status|p2a: Ditto|tox\n|\n|-heal|p1a: Toxapex|47\/100|[from] item: Black Sludge\n|-damage|p2a: Ditto|25\/100 tox|[from] psn\n|upkeep\n|turn|20\n|\n|t:|1648840908\n|switch|p1a: Slowking|Slowking, F|92\/100 tox\n|move|p2a: Ditto|Zen Headbutt|p1a: Slowking\n|-resisted|p1a: Slowking\n|-damage|p1a: Slowking|78\/100 tox\n|\n|-damage|p2a: Ditto|13\/100 tox|[from] psn\n|-damage|p1a: Slowking|72\/100 tox|[from] psn\n|upkeep\n|turn|21\n|\n|t:|1648840912\n|switch|p2a: Chansey|Chansey, F|80\/100\n|move|p1a: Slowking|Teleport|p1a: Slowking\n|\n|t:|1648840915\n|switch|p1a: Urshifu|Urshifu-Rapid-Strike, F|100\/100|[from]move: Teleport\n|\n|upkeep\n|turn|22\n|\n|t:|1648840919\n|switch|p2a: Ditto|Ditto|13\/100 tox\n|-transform|p2a: Ditto|p1a: Urshifu|[from] ability: Imposter\n|move|p1a: Urshifu|Surging Strikes|p2a: Ditto\n|-resisted|p2a: Ditto\n|-crit|p2a: Ditto\n|-damage|p2a: Ditto|1\/100 tox\n|-resisted|p2a: Ditto\n|-crit|p2a: Ditto\n|-damage|p2a: Ditto|0 fnt\n|faint|p2a: Ditto\n|-hitcount|p2: Ditto|2\n|\n|upkeep\n|\n|t:|1648840921\n|switch|p2a: Lopunny|Lopunny, F|100\/100\n|turn|23\n|\n|t:|1648840924\n|switch|p1a: Toxapex|Toxapex, F|80\/100\n|detailschange|p2a: Lopunny|Lopunny-Mega, F\n|-mega|p2a: Lopunny|Lopunny|Lopunnite\n|move|p2a: Lopunny|Fake Out|p1a: Toxapex\n|-damage|p1a: Toxapex|68\/100\n|\n|-heal|p1a: Toxapex|74\/100|[from] item: Black Sludge\n|upkeep\n|turn|24\n|\n|t:|1648840929\n|move|p2a: Lopunny|U-turn|p1a: Toxapex\n|-resisted|p1a: Toxapex\n|-damage|p1a: Toxapex|66\/100\n|\n|t:|1648840933\n|switch|p2a: Diggersby|Diggersby, M|100\/100|[from]move: U-turn\n|move|p1a: Toxapex|Recover|p1a: Toxapex\n|-heal|p1a: Toxapex|100\/100\n|\n|upkeep\n|turn|25\n|\n|t:|1648840942\n|switch|p1a: Pelipper|Pelipper, F|100\/100\n|-weather|RainDance|[from] ability: Drizzle|[of] p1a: Pelipper\n|move|p2a: Diggersby|Swords Dance|p2a: Diggersby\n|-boost|p2a: Diggersby|atk|2\n|\n|-weather|RainDance|[upkeep]\n|upkeep\n|turn|26\n|\n|t:|1648840948\n|switch|p1a: Swampert|Swampert, F|100\/100\n|-zpower|p2a: Diggersby\n|move|p2a: Diggersby|Breakneck Blitz|p1a: Swampert|[zeffect]\n|-damage|p1a: Swampert|0 fnt\n|faint|p1a: Swampert\n|\n|-weather|RainDance|[upkeep]\n|upkeep\n|\n|t:|1648840954\n|switch|p1a: Urshifu|Urshifu-Rapid-Strike, F|100\/100\n|turn|27\n|\n|t:|1648840962\n|switch|p2a: Staraptor|Staraptor, F|50\/100\n|-ability|p2a: Staraptor|Intimidate|boost\n|-unboost|p1a: Urshifu|atk|1\n|move|p1a: Urshifu|Surging Strikes|p2a: Staraptor\n|-crit|p2a: Staraptor\n|-damage|p2a: Staraptor|25\/100\n|-crit|p2a: Staraptor\n|-damage|p2a: Staraptor|0 fnt\n|faint|p2a: Staraptor\n|-hitcount|p2: Staraptor|2\n|\n|-weather|RainDance|[upkeep]\n|upkeep\n|\n|t:|1648840968\n|switch|p2a: Lopunny|Lopunny-Mega, F|100\/100\n|turn|28\n|\n|t:|1648840974\n|move|p2a: Lopunny|U-turn|p1a: Urshifu\n|-resisted|p1a: Urshifu\n|-damage|p1a: Urshifu|89\/100\n|c|\u2606Eclipse77|holy, tactical nuke there\n|\n|t:|1648840984\n|switch|p2a: Porygon2|Porygon2|88\/100 tox|[from]move: U-turn\n|-ability|p2a: Porygon2|Download|boost\n|-boost|p2a: Porygon2|spa|1\n|move|p1a: Urshifu|Surging Strikes|p2a: Porygon2\n|-crit|p2a: Porygon2\n|-damage|p2a: Porygon2|73\/100 tox\n|-crit|p2a: Porygon2\n|-damage|p2a: Porygon2|59\/100 tox\n|-crit|p2a: Porygon2\n|-damage|p2a: Porygon2|45\/100 tox\n|-hitcount|p2a: Porygon2|3\n|\n|-weather|RainDance|[upkeep]\n|-damage|p2a: Porygon2|38\/100 tox|[from] psn\n|upkeep\n|turn|29\n|\n|t:|1648840990\n|move|p1a: Urshifu|Surging Strikes|p2a: Porygon2\n|-crit|p2a: Porygon2\n|-damage|p2a: Porygon2|23\/100 tox\n|-crit|p2a: Porygon2\n|-damage|p2a: Porygon2|9\/100 tox\n|-crit|p2a: Porygon2\n|-damage|p2a: Porygon2|0 fnt\n|faint|p2a: Porygon2\n|-hitcount|p2: Porygon2|3\n|\n|-weather|none\n|upkeep\n|\n|t:|1648840993\n|switch|p2a: Diggersby|Diggersby, M|100\/100\n|turn|30\n|\n|t:|1648840997\n|move|p2a: Diggersby|Quick Attack|p1a: Urshifu\n|-damage|p1a: Urshifu|64\/100\n|move|p1a: Urshifu|Close Combat|p2a: Diggersby\n|-supereffective|p2a: Diggersby\n|-damage|p2a: Diggersby|0 fnt\n|-unboost|p1a: Urshifu|def|1\n|-unboost|p1a: Urshifu|spd|1\n|faint|p2a: Diggersby\n|\n|upkeep\n|-message|cristo.ct3 forfeited.\n|\n|win|Eclipse77\n|n|\u2606Eclipse77|eclipse77\n|n|\u2606cristo.ct3|cristoct3\n|n| Tigaelas|tigaelas\n|n| ICE ICE BABYYYYYY|iceicebabyyyyyy\n","uploadtime":1648841006,"views":12,"p1id":"eclipse77","p2id":"cristoct3","formatid":"gen8nationaldexmonotype","rating":0,"private":0,"password":null}