{"id":"gen8bdspou-1458313886","p1":"Hikari-miyako","p2":"99spikester","format":"gen8bdspou","log":"|j|\u2606Hikari-miyako\n|j|\u260699spikester\n|t:|1637507364\n|gametype|singles\n|player|p1|Hikari-miyako|ariana|1181\n|player|p2|99spikester|52|1131\n|teamsize|p1|6\n|teamsize|p2|6\n|gen|8\n|tier|[Gen 8 BDSP] OU\n|rated|\n|rule|Sleep Clause Mod: Limit one foe put to sleep\n|rule|Species Clause: Limit one of each Pok\u00e9mon\n|rule|OHKO Clause: OHKO moves are banned\n|rule|Evasion Moves Clause: Evasion moves are banned\n|rule|Endless Battle Clause: Forcing endless battles is banned\n|rule|HP Percentage Mod: HP is shown in percentages\n|clearpoke\n|poke|p1|Garchomp, M|\n|poke|p1|Tyranitar, M|\n|poke|p1|Latios, M|\n|poke|p1|Blaziken, M|\n|poke|p1|Skarmory, M|\n|poke|p1|Blastoise, M|\n|poke|p2|Azelf|\n|poke|p2|Gyarados, F|\n|poke|p2|Magnezone|\n|poke|p2|Salamence, F|\n|poke|p2|Scizor, M|\n|poke|p2|Weavile, M|\n|teampreview\n|\n|t:|1637507372\n|start\n|switch|p1a: Skarmory|Skarmory, M|100\/100\n|switch|p2a: Azelf|Azelf|100\/100\n|turn|1\n|\n|t:|1637507377\n|move|p2a: Azelf|Taunt|p1a: Skarmory\n|-start|p1a: Skarmory|move: Taunt\n|cant|p1a: Skarmory|move: Taunt|Stealth Rock\n|\n|upkeep\n|turn|2\n|\n|t:|1637507381\n|move|p2a: Azelf|Stealth Rock|p1a: Skarmory\n|-sidestart|p1: Hikari-miyako|move: Stealth Rock\n|move|p1a: Skarmory|Brave Bird|p2a: Azelf\n|-damage|p2a: Azelf|35\/100\n|-damage|p1a: Skarmory|82\/100|[from] Recoil\n|\n|-heal|p1a: Skarmory|88\/100|[from] item: Leftovers\n|upkeep\n|turn|3\n|\n|t:|1637507390\n|move|p2a: Azelf|Explosion|p1a: Skarmory\n|-resisted|p1a: Skarmory\n|-damage|p1a: Skarmory|62\/100\n|faint|p2a: Azelf\n|move|p1a: Skarmory|Brave Bird|p2: Azelf|[notarget]\n|-fail|p1a: Skarmory\n|\n|-heal|p1a: Skarmory|68\/100|[from] item: Leftovers\n|-end|p1a: Skarmory|move: Taunt\n|upkeep\n|\n|t:|1637507404\n|switch|p2a: Magnezone|Magnezone|100\/100\n|turn|4\n|\n|t:|1637507419\n|move|p2a: Magnezone|Flash Cannon|p1a: Skarmory\n|-resisted|p1a: Skarmory\n|-damage|p1a: Skarmory|23\/100\n|move|p1a: Skarmory|Stealth Rock|p2a: Magnezone\n|-sidestart|p2: 99spikester|move: Stealth Rock\n|\n|-heal|p1a: Skarmory|29\/100|[from] item: Leftovers\n|upkeep\n|turn|5\n|\n|t:|1637507436\n|move|p2a: Magnezone|Flash Cannon|p1a: Skarmory\n|-resisted|p1a: Skarmory\n|-damage|p1a: Skarmory|0 fnt\n|faint|p1a: Skarmory\n|\n|upkeep\n|\n|t:|1637507443\n|switch|p1a: Tyranitar|Tyranitar, M|100\/100\n|-damage|p1a: Tyranitar|88\/100|[from] Stealth Rock\n|-weather|Sandstorm|[from] ability: Sand Stream|[of] p1a: Tyranitar\n|turn|6\n|\n|t:|1637507447\n|move|p1a: Tyranitar|Dragon Dance|p1a: Tyranitar\n|-boost|p1a: Tyranitar|atk|1\n|-boost|p1a: Tyranitar|spe|1\n|move|p2a: Magnezone|Flash Cannon|p1a: Tyranitar\n|-supereffective|p1a: Tyranitar\n|-damage|p1a: Tyranitar|0 fnt\n|faint|p1a: Tyranitar\n|\n|-weather|Sandstorm|[upkeep]\n|upkeep\n|\n|t:|1637507451\n|switch|p1a: Garchomp|Garchomp, M|100\/100\n|-damage|p1a: Garchomp|94\/100|[from] Stealth Rock\n|turn|7\n|\n|t:|1637507457\n|move|p1a: Garchomp|Substitute|p1a: Garchomp\n|-start|p1a: Garchomp|Substitute\n|-damage|p1a: Garchomp|69\/100\n|move|p2a: Magnezone|Flash Cannon|p1a: Garchomp\n|-end|p1a: Garchomp|Substitute\n|\n|-weather|Sandstorm|[upkeep]\n|upkeep\n|turn|8\n|\n|t:|1637507463\n|move|p1a: Garchomp|Substitute|p1a: Garchomp\n|-start|p1a: Garchomp|Substitute\n|-damage|p1a: Garchomp|44\/100\n|move|p2a: Magnezone|Flash Cannon|p1a: Garchomp\n|-end|p1a: Garchomp|Substitute\n|\n|-weather|Sandstorm|[upkeep]\n|upkeep\n|turn|9\n|\n|t:|1637507468\n|move|p1a: Garchomp|Substitute|p1a: Garchomp\n|-start|p1a: Garchomp|Substitute\n|-damage|p1a: Garchomp|20\/100\n|-enditem|p1a: Garchomp|Salac Berry|[eat]\n|-boost|p1a: Garchomp|spe|1|[from] item: Salac Berry\n|move|p2a: Magnezone|Flash Cannon|p1a: Garchomp\n|-end|p1a: Garchomp|Substitute\n|\n|-weather|Sandstorm|[upkeep]\n|upkeep\n|turn|10\n|\n|t:|1637507475\n|move|p1a: Garchomp|Earthquake|p2a: Magnezone\n|-supereffective|p2a: Magnezone\n|-damage|p2a: Magnezone|0 fnt\n|faint|p2a: Magnezone\n|\n|-weather|Sandstorm|[upkeep]\n|upkeep\n|\n|t:|1637507483\n|switch|p2a: Weavile|Weavile, M|100\/100\n|-damage|p2a: Weavile|76\/100|[from] Stealth Rock\n|-ability|p2a: Weavile|Pressure\n|turn|11\n|\n|t:|1637507489\n|move|p2a: Weavile|Ice Shard|p1a: Garchomp|[miss]\n|-miss|p2a: Weavile|p1a: Garchomp\n|move|p1a: Garchomp|Stone Edge|p2a: Weavile\n|-supereffective|p2a: Weavile\n|-damage|p2a: Weavile|0 fnt\n|faint|p2a: Weavile\n|\n|-weather|Sandstorm|[upkeep]\n|upkeep\n|\n|t:|1637507496\n|switch|p2a: Scizor|Scizor, M|100\/100\n|-damage|p2a: Scizor|88\/100|[from] Stealth Rock\n|turn|12\n|\n|t:|1637507500\n|move|p2a: Scizor|Bullet Punch|p1a: Garchomp|[miss]\n|-miss|p2a: Scizor|p1a: Garchomp\n|move|p1a: Garchomp|Stone Edge|p2a: Scizor\n|-damage|p2a: Scizor|53\/100\n|\n|-weather|Sandstorm|[upkeep]\n|-heal|p2a: Scizor|59\/100|[from] item: Leftovers\n|upkeep\n|turn|13\n|\n|t:|1637507507\n|move|p2a: Scizor|Bullet Punch|p1a: Garchomp\n|-damage|p1a: Garchomp|0 fnt\n|faint|p1a: Garchomp\n|\n|-weather|none\n|-heal|p2a: Scizor|65\/100|[from] item: Leftovers\n|upkeep\n|\n|t:|1637507512\n|switch|p1a: Blastoise|Blastoise, M|100\/100\n|-damage|p1a: Blastoise|88\/100|[from] Stealth Rock\n|turn|14\n|\n|t:|1637507518\n|move|p1a: Blastoise|Shell Smash|p1a: Blastoise\n|-unboost|p1a: Blastoise|def|1\n|-unboost|p1a: Blastoise|spd|1\n|-boost|p1a: Blastoise|atk|2\n|-boost|p1a: Blastoise|spa|2\n|-boost|p1a: Blastoise|spe|2\n|-enditem|p1a: Blastoise|White Herb\n|-clearnegativeboost|p1a: Blastoise|[silent]\n|move|p2a: Scizor|Swords Dance|p2a: Scizor\n|-boost|p2a: Scizor|atk|2\n|\n|-heal|p2a: Scizor|71\/100|[from] item: Leftovers\n|upkeep\n|turn|15\n|inactive|Battle timer is ON: inactive players will automatically lose when time's up. (requested by Hikari-miyako)\n|\n|t:|1637507529\n|move|p2a: Scizor|Bullet Punch|p1a: Blastoise\n|-resisted|p1a: Blastoise\n|-damage|p1a: Blastoise|54\/100\n|move|p1a: Blastoise|Surf|p2a: Scizor\n|-damage|p2a: Scizor|3\/100\n|\n|-heal|p2a: Scizor|9\/100|[from] item: Leftovers\n|upkeep\n|turn|16\n|\n|t:|1637507538\n|move|p2a: Scizor|Bullet Punch|p1a: Blastoise\n|-resisted|p1a: Blastoise\n|-damage|p1a: Blastoise|21\/100\n|move|p1a: Blastoise|Surf|p2a: Scizor\n|-damage|p2a: Scizor|0 fnt\n|faint|p2a: Scizor\n|\n|upkeep\n|\n|t:|1637507546\n|switch|p2a: Gyarados|Gyarados, F|100\/100\n|-damage|p2a: Gyarados|76\/100|[from] Stealth Rock\n|-ability|p2a: Gyarados|Intimidate|boost\n|-unboost|p1a: Blastoise|atk|1\n|turn|17\n|\n|t:|1637507559\n|move|p1a: Blastoise|Ice Beam|p2a: Gyarados\n|-crit|p2a: Gyarados\n|-damage|p2a: Gyarados|0 fnt\n|faint|p2a: Gyarados\n|\n|upkeep\n|\n|t:|1637507563\n|switch|p2a: The Mence|Salamence, F|100\/100\n|-damage|p2a: The Mence|76\/100|[from] Stealth Rock\n|turn|18\n|\n|t:|1637507569\n|move|p1a: Blastoise|Ice Beam|p2a: The Mence\n|-supereffective|p2a: The Mence\n|-damage|p2a: The Mence|0 fnt\n|faint|p2a: The Mence\n|\n|win|Hikari-miyako\n|raw|Hikari-miyako's rating: 1181 &rarr; <strong>1202<\/strong><br \/>(+21 for winning)\n|raw|99spikester's rating: 1131 &rarr; <strong>1110<\/strong><br \/>(-21 for losing)\n|l|\u2606Hikari-miyako\n","uploadtime":1637507581,"views":22,"p1id":"hikarimiyako","p2id":"99spikester","formatid":"gen8bdspou","rating":1110,"private":0,"password":null}