{"id":"gen8ou-1626133961","p1":"atmos8","p2":"Daevank5","format":"gen8ou","log":"|j|\u2606atmos8\n|j|\u2606Daevank5\n|t:|1658896219\n|gametype|singles\n|player|p1|atmos8|richboy-gen4|1656\n|player|p2|Daevank5|265|1742\n|teamsize|p1|6\n|teamsize|p2|6\n|gen|8\n|tier|[Gen 8] OU\n|rated|\n|rule|Sleep Clause Mod: Limit one foe put to sleep\n|rule|Species Clause: Limit one of each Pok\u00e9mon\n|rule|OHKO Clause: OHKO moves are banned\n|rule|Evasion Moves Clause: Evasion moves are banned\n|rule|Endless Battle Clause: Forcing endless battles is banned\n|rule|HP Percentage Mod: HP is shown in percentages\n|rule|Dynamax Clause: You cannot dynamax\n|clearpoke\n|poke|p1|Weavile, F|\n|poke|p1|Tapu Fini|\n|poke|p1|Landorus-Therian, M|\n|poke|p1|Ferrothorn, M|\n|poke|p1|Heatran, M|\n|poke|p1|Tornadus-Therian, M|\n|poke|p2|Sirfetch\u2019d, M|\n|poke|p2|Slowbro, F|\n|poke|p2|Kartana|\n|poke|p2|Corviknight, M|\n|poke|p2|Tyranitar, M|\n|poke|p2|Landorus-Therian, M|\n|teampreview\n|inactive|Battle timer is ON: inactive players will automatically lose when time's up. (requested by atmos8)\n|j| Nesnot\n|\n|t:|1658896233\n|start\n|switch|p1a: Ferrothorn|Ferrothorn, M|100\/100\n|switch|p2a: Corviknight|Corviknight, M|100\/100\n|-ability|p2a: Corviknight|Pressure\n|turn|1\n|l| Nesnot\n|\n|t:|1658896241\n|move|p2a: Corviknight|Body Press|p1a: Ferrothorn\n|-supereffective|p1a: Ferrothorn\n|-damage|p1a: Ferrothorn|74\/100\n|-damage|p2a: Corviknight|88\/100|[from] ability: Iron Barbs|[of] p1a: Ferrothorn\n|move|p1a: Ferrothorn|Stealth Rock|p2a: Corviknight\n|-sidestart|p2: Daevank5|move: Stealth Rock\n|\n|-heal|p2a: Corviknight|94\/100|[from] item: Leftovers\n|-heal|p1a: Ferrothorn|81\/100|[from] item: Leftovers\n|upkeep\n|turn|2\n|\n|t:|1658896253\n|switch|p1a: Tornadus|Tornadus-Therian, M|100\/100\n|move|p2a: Corviknight|Defog|p1a: Tornadus\n|-unboost|p1a: Tornadus|evasion|1\n|-sideend|p2: Daevank5|Stealth Rock|[from] move: Defog|[of] p2a: Corviknight\n|\n|-heal|p2a: Corviknight|100\/100|[from] item: Leftovers\n|upkeep\n|turn|3\n|j| Whiteout 75\n|\n|t:|1658896263\n|move|p1a: Tornadus|Knock Off|p2a: Corviknight\n|-damage|p2a: Corviknight|87\/100\n|-enditem|p2a: Corviknight|Leftovers|[from] move: Knock Off|[of] p1a: Tornadus\n|move|p2a: Corviknight|U-turn|p1a: Tornadus\n|-resisted|p1a: Tornadus\n|-damage|p1a: Tornadus|93\/100\n|\n|t:|1658896266\n|switch|p2a: Tyranitar|Tyranitar, M|100\/100|[from]move: U-turn\n|-weather|Sandstorm|[from] ability: Sand Stream|[of] p2a: Tyranitar\n|\n|-weather|Sandstorm|[upkeep]\n|-damage|p1a: Tornadus|87\/100|[from] Sandstorm\n|upkeep\n|turn|4\n|\n|t:|1658896278\n|move|p1a: Tornadus|U-turn|p2a: Tyranitar\n|-supereffective|p2a: Tyranitar\n|-damage|p2a: Tyranitar|78\/100\n|\n|t:|1658896282\n|switch|p1a: Landorus|Landorus-Therian, M|100\/100|[from]move: U-turn\n|-ability|p1a: Landorus|Intimidate|boost\n|-unboost|p2a: Tyranitar|atk|1\n|move|p2a: Tyranitar|Stealth Rock|p1a: Landorus\n|-sidestart|p1: atmos8|move: Stealth Rock\n|\n|-weather|Sandstorm|[upkeep]\n|-heal|p2a: Tyranitar|84\/100|[from] item: Leftovers\n|upkeep\n|turn|5\n|\n|t:|1658896295\n|switch|p2a: Slowbro|Slowbro, F|100\/100\n|move|p1a: Landorus|Defog|p2a: Slowbro\n|-unboost|p2a: Slowbro|evasion|1\n|-sideend|p1: atmos8|Stealth Rock|[from] move: Defog|[of] p1a: Landorus\n|\n|-weather|Sandstorm|[upkeep]\n|-damage|p2a: Slowbro|94\/100|[from] Sandstorm\n|upkeep\n|turn|6\n|\n|t:|1658896304\n|move|p1a: Landorus|U-turn|p2a: Slowbro\n|-supereffective|p2a: Slowbro\n|-damage|p2a: Slowbro|68\/100\n|\n|t:|1658896307\n|switch|p1a: Tapu Fini|Tapu Fini|100\/100|[from]move: U-turn\n|-fieldstart|move: Misty Terrain|[from] ability: Misty Surge|[of] p1a: Tapu Fini\n|move|p2a: Slowbro|Future Sight|p1a: Tapu Fini\n|-start|p2a: Slowbro|move: Future Sight\n|\n|-weather|Sandstorm|[upkeep]\n|-damage|p1a: Tapu Fini|94\/100|[from] Sandstorm\n|-damage|p2a: Slowbro|62\/100|[from] Sandstorm\n|-heal|p1a: Tapu Fini|100\/100|[from] item: Leftovers\n|upkeep\n|turn|7\n|\n|t:|1658896318\n|move|p1a: Tapu Fini|Taunt|p2a: Slowbro\n|-start|p2a: Slowbro|move: Taunt\n|cant|p2a: Slowbro|move: Taunt|Teleport\n|\n|-weather|none\n|upkeep\n|turn|8\n|\n|t:|1658896326\n|switch|p2a: Corviknight|Corviknight, M|87\/100\n|-ability|p2a: Corviknight|Pressure\n|move|p1a: Tapu Fini|Whirlpool|p2a: Corviknight|[miss]\n|-miss|p1a: Tapu Fini|p2a: Corviknight\n|\n|-end|p1a: Tapu Fini|move: Future Sight\n|-damage|p1a: Tapu Fini|68\/100\n|-heal|p1a: Tapu Fini|74\/100|[from] item: Leftovers\n|upkeep\n|turn|9\n|\n|t:|1658896344\n|switch|p1a: Tornadus|Tornadus-Therian, M|100\/100\n|switch|p2a: Landorus|Landorus-Therian, M|100\/100\n|-ability|p2a: Landorus|Intimidate|boost\n|-unboost|p1a: Tornadus|atk|1\n|\n|upkeep\n|turn|10\n|\n|t:|1658896353\n|switch|p2a: Corviknight|Corviknight, M|87\/100\n|-ability|p2a: Corviknight|Pressure\n|move|p1a: Tornadus|Knock Off|p2a: Corviknight\n|-damage|p2a: Corviknight|81\/100\n|\n|-fieldend|Misty Terrain\n|upkeep\n|turn|11\n|\n|t:|1658896362\n|move|p1a: Tornadus|Heat Wave|p2a: Corviknight\n|-supereffective|p2a: Corviknight\n|-damage|p2a: Corviknight|40\/100\n|move|p2a: Corviknight|U-turn|p1a: Tornadus\n|-resisted|p1a: Tornadus\n|-damage|p1a: Tornadus|92\/100\n|\n|t:|1658896367\n|switch|p2a: Tyranitar|Tyranitar, M|84\/100|[from]move: U-turn\n|-weather|Sandstorm|[from] ability: Sand Stream|[of] p2a: Tyranitar\n|\n|-weather|Sandstorm|[upkeep]\n|-damage|p1a: Tornadus|86\/100|[from] Sandstorm\n|-heal|p2a: Tyranitar|91\/100|[from] item: Leftovers\n|upkeep\n|turn|12\n|\n|t:|1658896376\n|move|p1a: Tornadus|U-turn|p2a: Tyranitar\n|-supereffective|p2a: Tyranitar\n|-damage|p2a: Tyranitar|75\/100\n|\n|t:|1658896379\n|switch|p1a: Landorus|Landorus-Therian, M|100\/100|[from]move: U-turn\n|-ability|p1a: Landorus|Intimidate|boost\n|-unboost|p2a: Tyranitar|atk|1\n|move|p2a: Tyranitar|Stealth Rock|p1a: Landorus\n|-sidestart|p1: atmos8|move: Stealth Rock\n|\n|-weather|Sandstorm|[upkeep]\n|-heal|p2a: Tyranitar|81\/100|[from] item: Leftovers\n|upkeep\n|turn|13\n|\n|t:|1658896390\n|switch|p2a: Corviknight|Corviknight, M|40\/100\n|-ability|p2a: Corviknight|Pressure\n|move|p1a: Landorus|Defog|p2a: Corviknight\n|-unboost|p2a: Corviknight|evasion|1\n|-sideend|p1: atmos8|Stealth Rock|[from] move: Defog|[of] p1a: Landorus\n|\n|-weather|Sandstorm|[upkeep]\n|upkeep\n|turn|14\n|\n|t:|1658896400\n|move|p1a: Landorus|U-turn|p2a: Corviknight\n|-resisted|p2a: Corviknight\n|-damage|p2a: Corviknight|37\/100\n|\n|t:|1658896403\n|switch|p1a: Heatran|Heatran, M|100\/100|[from]move: U-turn\n|-item|p1a: Heatran|Air Balloon\n|move|p2a: Corviknight|Roost|p2a: Corviknight\n|-heal|p2a: Corviknight|87\/100\n|-singleturn|p2a: Corviknight|move: Roost\n|\n|-weather|Sandstorm|[upkeep]\n|upkeep\n|turn|15\n|\n|t:|1658896414\n|switch|p2a: Tyranitar|Tyranitar, M|81\/100\n|move|p1a: Heatran|Magma Storm|p2a: Tyranitar\n|-resisted|p2a: Tyranitar\n|-damage|p2a: Tyranitar|69\/100\n|-activate|p2a: Tyranitar|move: Magma Storm|[of] p1a: Heatran\n|\n|-weather|none\n|-heal|p2a: Tyranitar|75\/100|[from] item: Leftovers\n|-damage|p2a: Tyranitar|63\/100|[from] move: Magma Storm|[partiallytrapped]\n|upkeep\n|turn|16\n|\n|t:|1658896436\n|move|p1a: Heatran|Taunt|p2a: Tyranitar\n|-start|p2a: Tyranitar|move: Taunt\n|move|p2a: Tyranitar|Rock Blast|p1a: Heatran\n|-damage|p1a: Heatran|90\/100\n|-enditem|p1a: Heatran|Air Balloon\n|-damage|p1a: Heatran|78\/100\n|-hitcount|p1a: Heatran|2\n|\n|-heal|p2a: Tyranitar|69\/100|[from] item: Leftovers\n|-damage|p2a: Tyranitar|57\/100|[from] move: Magma Storm|[partiallytrapped]\n|upkeep\n|turn|17\n|\n|t:|1658896449\n|switch|p1a: Landorus|Landorus-Therian, M|100\/100\n|-ability|p1a: Landorus|Intimidate|boost\n|-unboost|p2a: Tyranitar|atk|1\n|move|p2a: Tyranitar|Earthquake|p1a: Landorus\n|-immune|p1a: Landorus\n|\n|-heal|p2a: Tyranitar|63\/100|[from] item: Leftovers\n|-end|p2a: Tyranitar|Magma Storm|[partiallytrapped]|[silent]\n|upkeep\n|turn|18\n|\n|t:|1658896460\n|switch|p2a: Corviknight|Corviknight, M|87\/100\n|-ability|p2a: Corviknight|Pressure\n|move|p1a: Landorus|U-turn|p2a: Corviknight\n|-resisted|p2a: Corviknight\n|-damage|p2a: Corviknight|83\/100\n|\n|t:|1658896467\n|switch|p1a: Heatran|Heatran, M|78\/100|[from]move: U-turn\n|\n|upkeep\n|turn|19\n|\n|t:|1658896474\n|switch|p2a: Tyranitar|Tyranitar, M|63\/100\n|-weather|Sandstorm|[from] ability: Sand Stream|[of] p2a: Tyranitar\n|move|p1a: Heatran|Magma Storm|p2a: Tyranitar\n|-resisted|p2a: Tyranitar\n|-damage|p2a: Tyranitar|52\/100\n|-activate|p2a: Tyranitar|move: Magma Storm|[of] p1a: Heatran\n|\n|-weather|Sandstorm|[upkeep]\n|-heal|p2a: Tyranitar|58\/100|[from] item: Leftovers\n|-damage|p2a: Tyranitar|46\/100|[from] move: Magma Storm|[partiallytrapped]\n|upkeep\n|turn|20\n|\n|t:|1658896496\n|switch|p1a: Landorus|Landorus-Therian, M|100\/100\n|-ability|p1a: Landorus|Intimidate|boost\n|-unboost|p2a: Tyranitar|atk|1\n|move|p2a: Tyranitar|Stealth Rock|p1a: Landorus\n|-sidestart|p1: atmos8|move: Stealth Rock\n|\n|-weather|Sandstorm|[upkeep]\n|-heal|p2a: Tyranitar|52\/100|[from] item: Leftovers\n|-end|p2a: Tyranitar|Magma Storm|[partiallytrapped]|[silent]\n|upkeep\n|turn|21\n|\n|t:|1658896522\n|switch|p2a: Corviknight|Corviknight, M|83\/100\n|-ability|p2a: Corviknight|Pressure\n|move|p1a: Landorus|Defog|p2a: Corviknight\n|-unboost|p2a: Corviknight|evasion|1\n|-sideend|p1: atmos8|Stealth Rock|[from] move: Defog|[of] p1a: Landorus\n|\n|-weather|Sandstorm|[upkeep]\n|upkeep\n|turn|22\n|j| LuckyBombVoyage\n|\n|t:|1658896532\n|move|p1a: Landorus|U-turn|p2a: Corviknight\n|-resisted|p2a: Corviknight\n|-damage|p2a: Corviknight|80\/100\n|\n|t:|1658896535\n|switch|p1a: Tornadus|Tornadus-Therian, M|100\/100|[from]move: U-turn\n|move|p2a: Corviknight|U-turn|p1a: Tornadus\n|-resisted|p1a: Tornadus\n|-damage|p1a: Tornadus|92\/100\n|\n|t:|1658896548\n|switch|p2a: Tyranitar|Tyranitar, M|52\/100|[from]move: U-turn\n|\n|-weather|Sandstorm|[upkeep]\n|-damage|p1a: Tornadus|86\/100|[from] Sandstorm\n|-heal|p2a: Tyranitar|58\/100|[from] item: Leftovers\n|upkeep\n|turn|23\n|\n|t:|1658896564\n|move|p1a: Tornadus|Knock Off|p2a: Tyranitar\n|-resisted|p2a: Tyranitar\n|-damage|p2a: Tyranitar|50\/100\n|-enditem|p2a: Tyranitar|Leftovers|[from] move: Knock Off|[of] p1a: Tornadus\n|move|p2a: Tyranitar|Toxic|p1a: Tornadus\n|-status|p1a: Tornadus|tox\n|\n|-weather|none\n|-damage|p1a: Tornadus|80\/100 tox|[from] psn\n|upkeep\n|turn|24\n|\n|t:|1658896574\n|switch|p2a: Landorus|Landorus-Therian, M|100\/100\n|-ability|p2a: Landorus|Intimidate|boost\n|-unboost|p1a: Tornadus|atk|1\n|move|p1a: Tornadus|U-turn|p2a: Landorus\n|-resisted|p2a: Landorus\n|-damage|p2a: Landorus|95\/100\n|\n|t:|1658896582\n|switch|p1a: Ferrothorn|Ferrothorn, M|81\/100|[from]move: U-turn\n|\n|-heal|p2a: Landorus|100\/100|[from] item: Leftovers\n|-heal|p1a: Ferrothorn|87\/100|[from] item: Leftovers\n|upkeep\n|turn|25\n|\n|t:|1658896590\n|move|p2a: Landorus|Substitute|p2a: Landorus\n|-start|p2a: Landorus|Substitute\n|-damage|p2a: Landorus|76\/100\n|move|p1a: Ferrothorn|Leech Seed|p2a: Landorus|[miss]\n|-miss|p1a: Ferrothorn|p2a: Landorus\n|\n|-heal|p2a: Landorus|82\/100|[from] item: Leftovers\n|-heal|p1a: Ferrothorn|93\/100|[from] item: Leftovers\n|upkeep\n|turn|26\n|\n|t:|1658896616\n|move|p2a: Landorus|Earthquake|p1a: Ferrothorn\n|-damage|p1a: Ferrothorn|59\/100\n|move|p1a: Ferrothorn|Knock Off|p2a: Landorus\n|-end|p2a: Landorus|Substitute\n|\n|-heal|p2a: Landorus|88\/100|[from] item: Leftovers\n|-heal|p1a: Ferrothorn|65\/100|[from] item: Leftovers\n|upkeep\n|turn|27\n|j| Alexlch\n|inactive|atmos8 has 120 seconds left.\n|\n|t:|1658896640\n|switch|p2a: Slowbro|Slowbro, F|95\/100\n|move|p1a: Ferrothorn|Knock Off|p2a: Slowbro\n|-supereffective|p2a: Slowbro\n|-damage|p2a: Slowbro|72\/100\n|-enditem|p2a: Slowbro|Heavy-Duty Boots|[from] move: Knock Off|[of] p1a: Ferrothorn\n|\n|-heal|p1a: Ferrothorn|71\/100|[from] item: Leftovers\n|upkeep\n|turn|28\n|\n|t:|1658896650\n|switch|p1a: Tapu Fini|Tapu Fini|74\/100\n|-fieldstart|move: Misty Terrain|[from] ability: Misty Surge|[of] p1a: Tapu Fini\n|move|p2a: Slowbro|Future Sight|p1a: Tapu Fini\n|-start|p2a: Slowbro|move: Future Sight\n|\n|-heal|p1a: Tapu Fini|80\/100|[from] item: Leftovers\n|upkeep\n|turn|29\n|j| Dfggfdgh\n|inactive|Daevank5 has 120 seconds left.\n|\n|t:|1658896685\n|switch|p2a: Landorus|Landorus-Therian, M|88\/100\n|-ability|p2a: Landorus|Intimidate|boost\n|-unboost|p1a: Tapu Fini|atk|1\n|move|p1a: Tapu Fini|Moonblast|p2a: Landorus\n|-damage|p2a: Landorus|45\/100\n|-unboost|p2a: Landorus|spa|1\n|\n|-heal|p2a: Landorus|51\/100|[from] item: Leftovers\n|-heal|p1a: Tapu Fini|87\/100|[from] item: Leftovers\n|upkeep\n|turn|30\n|inactive|atmos8 has 120 seconds left.\n|\n|t:|1658896707\n|switch|p1a: Landorus|Landorus-Therian, M|100\/100\n|-ability|p1a: Landorus|Intimidate|boost\n|-unboost|p2a: Landorus|atk|1\n|move|p2a: Landorus|Earthquake|p1a: Landorus\n|-immune|p1a: Landorus\n|\n|-end|p1a: Landorus|move: Future Sight\n|-damage|p1a: Landorus|70\/100\n|-heal|p2a: Landorus|57\/100|[from] item: Leftovers\n|-heal|p1a: Landorus|76\/100|[from] item: Leftovers\n|upkeep\n|turn|31\n|inactive|atmos8 has 120 seconds left.\n|\n|t:|1658896720\n|move|p2a: Landorus|Toxic|p1a: Landorus\n|-status|p1a: Landorus|tox\n|move|p1a: Landorus|U-turn|p2a: Landorus\n|-resisted|p2a: Landorus\n|-damage|p2a: Landorus|45\/100\n|\n|t:|1658896728\n|switch|p1a: Weavile|Weavile, F|100\/100|[from]move: U-turn\n|-ability|p1a: Weavile|Pressure\n|\n|-heal|p2a: Landorus|51\/100|[from] item: Leftovers\n|upkeep\n|turn|32\n|inactive|atmos8 has 120 seconds left.\n|\n|t:|1658896742\n|switch|p1a: Heatran|Heatran, M|78\/100\n|switch|p2a: Slowbro|Slowbro, F|100\/100\n|\n|-fieldend|Misty Terrain\n|upkeep\n|turn|33\n|inactive|atmos8 has 120 seconds left.\n|\n|t:|1658896764\n|move|p1a: Heatran|Magma Storm|p2a: Slowbro\n|-resisted|p2a: Slowbro\n|-damage|p2a: Slowbro|69\/100\n|-activate|p2a: Slowbro|move: Magma Storm|[of] p1a: Heatran\n|move|p2a: Slowbro|Scald|p1a: Heatran\n|-supereffective|p1a: Heatran\n|-damage|p1a: Heatran|20\/100\n|\n|-damage|p2a: Slowbro|57\/100|[from] move: Magma Storm|[partiallytrapped]\n|upkeep\n|turn|34\n|\n|t:|1658896774\n|move|p1a: Heatran|Earth Power|p2a: Slowbro\n|-damage|p2a: Slowbro|20\/100\n|move|p2a: Slowbro|Scald|p1a: Heatran\n|-supereffective|p1a: Heatran\n|-damage|p1a: Heatran|0 fnt\n|faint|p1a: Heatran\n|\n|-end|p2a: Slowbro|Magma Storm|[partiallytrapped]|[silent]\n|upkeep\n|\n|t:|1658896790\n|switch|p1a: Tapu Fini|Tapu Fini|87\/100\n|-fieldstart|move: Misty Terrain|[from] ability: Misty Surge|[of] p1a: Tapu Fini\n|turn|35\n|inactive|Daevank5 has 120 seconds left.\n|\n|t:|1658896834\n|switch|p2a: Tyranitar|Tyranitar, M|50\/100\n|-weather|Sandstorm|[from] ability: Sand Stream|[of] p2a: Tyranitar\n|move|p1a: Tapu Fini|Moonblast|p2a: Tyranitar\n|-supereffective|p2a: Tyranitar\n|-damage|p2a: Tyranitar|25\/100\n|\n|-weather|Sandstorm|[upkeep]\n|-damage|p1a: Tapu Fini|80\/100|[from] Sandstorm\n|-heal|p1a: Tapu Fini|87\/100|[from] item: Leftovers\n|upkeep\n|turn|36\n|\n|t:|1658896849\n|switch|p2a: Corviknight|Corviknight, M|80\/100\n|-ability|p2a: Corviknight|Pressure\n|move|p1a: Tapu Fini|Moonblast|p2a: Corviknight\n|-resisted|p2a: Corviknight\n|-damage|p2a: Corviknight|67\/100\n|-unboost|p2a: Corviknight|spa|1\n|\n|-weather|Sandstorm|[upkeep]\n|-damage|p1a: Tapu Fini|80\/100|[from] Sandstorm\n|-heal|p1a: Tapu Fini|87\/100|[from] item: Leftovers\n|upkeep\n|turn|37\n|\n|t:|1658896864\n|move|p1a: Tapu Fini|Whirlpool|p2a: Corviknight\n|-damage|p2a: Corviknight|57\/100\n|-activate|p2a: Corviknight|move: Whirlpool|[of] p1a: Tapu Fini\n|move|p2a: Corviknight|Roost|p2a: Corviknight\n|-heal|p2a: Corviknight|100\/100\n|-singleturn|p2a: Corviknight|move: Roost\n|\n|-weather|Sandstorm|[upkeep]\n|-damage|p1a: Tapu Fini|80\/100|[from] Sandstorm\n|-heal|p1a: Tapu Fini|87\/100|[from] item: Leftovers\n|-damage|p2a: Corviknight|88\/100|[from] move: Whirlpool|[partiallytrapped]\n|upkeep\n|turn|38\n|\n|t:|1658896878\n|move|p1a: Tapu Fini|Nature's Madness|p2a: Corviknight\n|-damage|p2a: Corviknight|44\/100\n|move|p2a: Corviknight|U-turn|p1a: Tapu Fini\n|-resisted|p1a: Tapu Fini\n|-damage|p1a: Tapu Fini|82\/100\n|inactive|Daevank5 has 120 seconds left.\n|\n|t:|1658896898\n|switch|p2a: Kartana|Kartana|100\/100|[from]move: U-turn\n|\n|-weather|Sandstorm|[upkeep]\n|-damage|p1a: Tapu Fini|75\/100|[from] Sandstorm\n|-heal|p1a: Tapu Fini|82\/100|[from] item: Leftovers\n|upkeep\n|turn|39\n|inactive|Daevank5 has 120 seconds left.\n|\n|t:|1658896906\n|switch|p1a: Tornadus|Tornadus-Therian, M|100\/100 tox\n|move|p2a: Kartana|Knock Off|p1a: Tornadus\n|-damage|p1a: Tornadus|53\/100 tox\n|-enditem|p1a: Tornadus|Assault Vest|[from] move: Knock Off|[of] p2a: Kartana\n|\n|-weather|none\n|-damage|p1a: Tornadus|47\/100 tox|[from] psn\n|-fieldend|Misty Terrain\n|upkeep\n|turn|40\n|inactive|atmos8 has 120 seconds left.\n|inactive|Daevank5 has 120 seconds left.\n|\n|t:|1658896930\n|switch|p2a: Slowbro|Slowbro, F|53\/100\n|move|p1a: Tornadus|Heat Wave|p2a: Slowbro|[miss]\n|-miss|p1a: Tornadus|p2a: Slowbro\n|\n|-damage|p1a: Tornadus|35\/100 tox|[from] psn\n|upkeep\n|turn|41\n|j| broked on bricks\n|inactive|Daevank5 has 90 seconds left.\n|\n|t:|1658896960\n|move|p1a: Tornadus|U-turn|p2a: Slowbro\n|-supereffective|p2a: Slowbro\n|-damage|p2a: Slowbro|35\/100\n|\n|t:|1658896968\n|switch|p1a: Tapu Fini|Tapu Fini|82\/100|[from]move: U-turn\n|-fieldstart|move: Misty Terrain|[from] ability: Misty Surge|[of] p1a: Tapu Fini\n|move|p2a: Slowbro|Slack Off|p2a: Slowbro\n|-heal|p2a: Slowbro|85\/100\n|\n|-heal|p1a: Tapu Fini|88\/100|[from] item: Leftovers\n|upkeep\n|turn|42\n|inactive|atmos8 has 120 seconds left.\n|\n|t:|1658896983\n|move|p1a: Tapu Fini|Whirlpool|p2a: Slowbro|[miss]\n|-miss|p1a: Tapu Fini|p2a: Slowbro\n|move|p2a: Slowbro|Teleport|p2a: Slowbro\n|inactive|Daevank5 has 90 seconds left.\n|inactive|Daevank5 has 60 seconds left.\n|\n|t:|1658897041\n|switch|p2a: Landorus|Landorus-Therian, M|51\/100|[from]move: Teleport\n|-ability|p2a: Landorus|Intimidate|boost\n|-unboost|p1a: Tapu Fini|atk|1\n|\n|-heal|p2a: Landorus|57\/100|[from] item: Leftovers\n|-heal|p1a: Tapu Fini|94\/100|[from] item: Leftovers\n|upkeep\n|turn|43\n|inactive|atmos8 has 120 seconds left.\n|\n|t:|1658897069\n|switch|p1a: Ferrothorn|Ferrothorn, M|71\/100\n|move|p2a: Landorus|Earthquake|p1a: Ferrothorn\n|-damage|p1a: Ferrothorn|35\/100\n|\n|-heal|p2a: Landorus|63\/100|[from] item: Leftovers\n|-heal|p1a: Ferrothorn|41\/100|[from] item: Leftovers\n|upkeep\n|turn|44\n|\n|t:|1658897093\n|switch|p2a: Tyranitar|Tyranitar, M|25\/100\n|-weather|Sandstorm|[from] ability: Sand Stream|[of] p2a: Tyranitar\n|switch|p1a: Landorus|Landorus-Therian, M|76\/100 tox\n|-ability|p1a: Landorus|Intimidate|boost\n|-unboost|p2a: Tyranitar|atk|1\n|\n|-weather|Sandstorm|[upkeep]\n|-heal|p1a: Landorus|82\/100 tox|[from] item: Leftovers\n|-damage|p1a: Landorus|76\/100 tox|[from] psn\n|upkeep\n|turn|45\n|\n|t:|1658897109\n|switch|p2a: Landorus|Landorus-Therian, M|63\/100\n|-ability|p2a: Landorus|Intimidate|boost\n|-unboost|p1a: Landorus|atk|1\n|move|p1a: Landorus|U-turn|p2a: Landorus\n|-resisted|p2a: Landorus\n|-damage|p2a: Landorus|55\/100\n|inactive|atmos8 has 90 seconds left.\n|\n|t:|1658897136\n|switch|p1a: Weavile|Weavile, F|100\/100|[from]move: U-turn\n|-ability|p1a: Weavile|Pressure\n|\n|-weather|Sandstorm|[upkeep]\n|-damage|p1a: Weavile|94\/100|[from] Sandstorm\n|-heal|p2a: Landorus|61\/100|[from] item: Leftovers\n|-fieldend|Misty Terrain\n|upkeep\n|turn|46\n|inactive|atmos8 has 90 seconds left.\n|\n|t:|1658897152\n|switch|p2a: Tyranitar|Tyranitar, M|25\/100\n|move|p1a: Weavile|Swords Dance|p1a: Weavile\n|-boost|p1a: Weavile|atk|2\n|\n|-weather|Sandstorm|[upkeep]\n|-damage|p1a: Weavile|88\/100|[from] Sandstorm\n|upkeep\n|turn|47\n|l| LuckyBombVoyage\n|\n|t:|1658897162\n|move|p1a: Weavile|Triple Axel|p2a: Tyranitar\n|-damage|p2a: Tyranitar|9\/100\n|-damage|p2a: Tyranitar|0 fnt\n|faint|p2a: Tyranitar\n|-hitcount|p2: Tyranitar|2\n|\n|-weather|Sandstorm|[upkeep]\n|-damage|p1a: Weavile|82\/100|[from] Sandstorm\n|upkeep\n|\n|t:|1658897166\n|switch|p2a: Kartana|Kartana|100\/100\n|turn|48\n|inactive|atmos8 has 90 seconds left.\n|\n|t:|1658897189\n|switch|p1a: Tornadus|Tornadus-Therian, M|68\/100 tox\n|move|p2a: Kartana|Smart Strike|p1a: Tornadus\n|-damage|p1a: Tornadus|16\/100 tox\n|\n|-weather|none\n|-damage|p1a: Tornadus|10\/100 tox|[from] psn\n|upkeep\n|turn|49\n|\n|t:|1658897200\n|switch|p2a: Sirfetch\u2019d|Sirfetch\u2019d, M|100\/100\n|switch|p1a: Ferrothorn|Ferrothorn, M|41\/100\n|\n|-heal|p1a: Ferrothorn|47\/100|[from] item: Leftovers\n|upkeep\n|turn|50\n|\n|t:|1658897211\n|switch|p1a: Landorus|Landorus-Therian, M|76\/100 tox\n|-ability|p1a: Landorus|Intimidate|boost\n|-fail|p2a: Sirfetch\u2019d|unboost|Attack|[from] ability: Scrappy|[of] p2a: Sirfetch\u2019d\n|move|p2a: Sirfetch\u2019d|Close Combat|p1a: Landorus\n|-resisted|p1a: Landorus\n|-damage|p1a: Landorus|21\/100 tox\n|-unboost|p2a: Sirfetch\u2019d|def|1\n|-unboost|p2a: Sirfetch\u2019d|spd|1\n|\n|-heal|p1a: Landorus|27\/100 tox|[from] item: Leftovers\n|-damage|p1a: Landorus|21\/100 tox|[from] psn\n|upkeep\n|turn|51\n|inactive|Daevank5 has 60 seconds left.\n|\n|t:|1658897233\n|move|p2a: Sirfetch\u2019d|Close Combat|p1a: Landorus\n|-resisted|p1a: Landorus\n|-damage|p1a: Landorus|0 fnt\n|-unboost|p2a: Sirfetch\u2019d|def|1\n|-unboost|p2a: Sirfetch\u2019d|spd|1\n|faint|p1a: Landorus\n|\n|upkeep\n|inactive|atmos8 has 60 seconds left.\n|-message|atmos8 forfeited.\n|\n|win|Daevank5\n|raw|atmos8's rating: 1656 &rarr; <strong>1641<\/strong><br \/>(-15 for losing)\n|raw|Daevank5's rating: 1742 &rarr; <strong>1757<\/strong><br \/>(+15 for winning)\n|l|\u2606atmos8\n|l| Alexlch\n|j| Theholylordofbread\n|l| Theholylordofbread\n","uploadtime":1658897295,"views":66,"p1id":"atmos8","p2id":"daevank5","formatid":"gen8ou","rating":1641,"private":0,"password":null}