{"id":"gen8nationaldex-1590116923","p1":"cump3","p2":"darkman64","format":"gen8nationaldex","log":"|j|\u2606cump3\n|j|\u2606darkman64\n|t:|1654480789\n|gametype|singles\n|player|p1|cump3|gentleman-gen4|1648\n|player|p2|darkman64|juan|1549\n|teamsize|p1|6\n|teamsize|p2|6\n|gen|8\n|tier|[Gen 8] National Dex\n|rated|\n|rule|HP Percentage Mod: HP is shown in percentages\n|rule|Endless Battle Clause: Forcing endless battles is banned\n|rule|OHKO Clause: OHKO moves are banned\n|rule|Evasion Moves Clause: Evasion moves are banned\n|rule|Species Clause: Limit one of each Pok\u00e9mon\n|rule|Dynamax Clause: You cannot dynamax\n|rule|Sleep Clause Mod: Limit one foe put to sleep\n|clearpoke\n|poke|p1|Sableye, M|\n|poke|p1|Chansey, F|\n|poke|p1|Toxapex, M|\n|poke|p1|Quagsire, M|\n|poke|p1|Corviknight, F|\n|poke|p1|Clefable, F|\n|poke|p2|Charizard, M|\n|poke|p2|Zapdos|\n|poke|p2|Tangrowth, F|\n|poke|p2|Greninja, M|\n|poke|p2|Chansey, F|\n|poke|p2|Clefable, M|\n|teampreview\n|c|\u2606darkman64|buscate una vida\n|\n|t:|1654480806\n|start\n|switch|p1a: Sableye|Sableye, M|100\/100\n|switch|p2a: Charizard|Charizard, M|100\/100\n|turn|1\n|\n|t:|1654480812\n|detailschange|p2a: Charizard|Charizard-Mega-X, M\n|-mega|p2a: Charizard|Charizard|Charizardite X\n|detailschange|p1a: Sableye|Sableye-Mega, M\n|-mega|p1a: Sableye|Sableye|Sablenite\n|move|p1a: Sableye|Protect|p1a: Sableye\n|-singleturn|p1a: Sableye|Protect\n|move|p2a: Charizard|Dragon Dance|p2a: Charizard\n|-boost|p2a: Charizard|atk|1\n|-boost|p2a: Charizard|spe|1\n|\n|upkeep\n|turn|2\n|\n|t:|1654480818\n|switch|p1a: Quagsire|Quagsire, M, shiny|100\/100\n|move|p2a: Charizard|Dragon Claw|p1a: Quagsire\n|-damage|p1a: Quagsire|62\/100\n|\n|-heal|p1a: Quagsire|68\/100|[from] item: Leftovers\n|upkeep\n|turn|3\n|\n|t:|1654480820\n|move|p2a: Charizard|Dragon Claw|p1a: Quagsire\n|-damage|p1a: Quagsire|30\/100\n|move|p1a: Quagsire|Recover|p1a: Quagsire\n|-heal|p1a: Quagsire|80\/100\n|\n|-heal|p1a: Quagsire|86\/100|[from] item: Leftovers\n|upkeep\n|turn|4\n|\n|t:|1654480823\n|switch|p2a: Tangrowth|Tangrowth, F|100\/100\n|move|p1a: Quagsire|Recover|p1a: Quagsire\n|-heal|p1a: Quagsire|100\/100\n|\n|upkeep\n|turn|5\n|\n|t:|1654480826\n|move|p2a: Tangrowth|Knock Off|p1a: Quagsire\n|-damage|p1a: Quagsire|85\/100\n|-enditem|p1a: Quagsire|Leftovers|[from] move: Knock Off|[of] p2a: Tangrowth\n|move|p1a: Quagsire|Toxic|p2a: Tangrowth\n|-status|p2a: Tangrowth|tox\n|\n|-damage|p2a: Tangrowth|94\/100 tox|[from] psn\n|upkeep\n|turn|6\n|\n|t:|1654480830\n|switch|p2a: Chansey|Chansey, F|100\/100\n|switch|p1a: Sableye|Sableye-Mega, M|100\/100\n|\n|upkeep\n|turn|7\n|\n|t:|1654480834\n|switch|p2a: Zapdos|Zapdos|100\/100\n|move|p1a: Sableye|Knock Off|p2a: Zapdos\n|-damage|p2a: Zapdos|81\/100\n|-enditem|p2a: Zapdos|Heavy-Duty Boots|[from] move: Knock Off|[of] p1a: Sableye\n|\n|upkeep\n|turn|8\n|\n|t:|1654480837\n|switch|p1a: Chansey|Chansey, F|100\/100\n|move|p2a: Zapdos|Discharge|p1a: Chansey\n|-damage|p1a: Chansey|89\/100\n|\n|upkeep\n|turn|9\n|\n|t:|1654480841\n|switch|p2a: Charizard|Charizard-Mega-X, M|100\/100\n|move|p1a: Chansey|Stealth Rock|p2a: Charizard\n|-sidestart|p2: darkman64|move: Stealth Rock\n|\n|upkeep\n|turn|10\n|\n|t:|1654480843\n|move|p2a: Charizard|Dragon Claw|p1a: Chansey\n|-damage|p1a: Chansey|55\/100\n|move|p1a: Chansey|Toxic|p2a: Charizard\n|-status|p2a: Charizard|tox\n|\n|-damage|p2a: Charizard|94\/100 tox|[from] psn\n|upkeep\n|turn|11\n|\n|t:|1654480859\n|switch|p2a: Chansey|Chansey, F|100\/100\n|-damage|p2a: Chansey|88\/100|[from] Stealth Rock\n|move|p1a: Chansey|Soft-Boiled|p1a: Chansey\n|-heal|p1a: Chansey|100\/100\n|\n|upkeep\n|turn|12\n|\n|t:|1654480864\n|switch|p1a: Sableye|Sableye-Mega, M|100\/100\n|move|p2a: Chansey|Stealth Rock|p1a: Sableye\n|move|p1a: Sableye|Stealth Rock||[from]ability: Magic Bounce|[still]\n|-fail|p1a: Sableye\n|\n|upkeep\n|turn|13\n|\n|t:|1654480867\n|switch|p2a: Clefable|Clefable, M|100\/100\n|move|p1a: Sableye|Knock Off|p2a: Clefable\n|-resisted|p2a: Clefable\n|-damage|p2a: Clefable|90\/100\n|-enditem|p2a: Clefable|Heavy-Duty Boots|[from] move: Knock Off|[of] p1a: Sableye\n|\n|upkeep\n|turn|14\n|\n|t:|1654480877\n|switch|p1a: Chansey|Chansey, F|100\/100\n|move|p2a: Clefable|Teleport|p2a: Clefable\n|\n|t:|1654480888\n|switch|p2a: Chansey|Chansey, F|88\/100|[from]move: Teleport\n|-damage|p2a: Chansey|76\/100|[from] Stealth Rock\n|\n|upkeep\n|turn|15\n|\n|t:|1654480891\n|switch|p1a: Sableye|Sableye-Mega, M|100\/100\n|move|p2a: Chansey|Seismic Toss|p1a: Sableye\n|-immune|p1a: Sableye\n|\n|upkeep\n|turn|16\n|\n|t:|1654480895\n|switch|p2a: Tangrowth|Tangrowth, F|100\/100 tox\n|-damage|p2a: Tangrowth|88\/100 tox|[from] Stealth Rock\n|move|p1a: Sableye|Knock Off|p2a: Tangrowth\n|-damage|p2a: Tangrowth|72\/100 tox\n|-damage|p1a: Sableye|84\/100|[from] item: Rocky Helmet|[of] p2a: Tangrowth\n|-enditem|p2a: Tangrowth|Rocky Helmet|[from] move: Knock Off|[of] p1a: Sableye\n|\n|-damage|p2a: Tangrowth|65\/100 tox|[from] psn\n|upkeep\n|turn|17\n|\n|t:|1654480898\n|move|p2a: Tangrowth|Knock Off|p1a: Sableye\n|-damage|p1a: Sableye|71\/100\n|move|p1a: Sableye|Recover|p1a: Sableye\n|-heal|p1a: Sableye|100\/100\n|\n|-damage|p2a: Tangrowth|53\/100 tox|[from] psn\n|upkeep\n|turn|18\n|\n|t:|1654480901\n|switch|p2a: Zapdos|Zapdos|81\/100\n|-damage|p2a: Zapdos|56\/100|[from] Stealth Rock\n|move|p1a: Sableye|Knock Off|p2a: Zapdos\n|-damage|p2a: Zapdos|43\/100\n|-status|p1a: Sableye|par|[from] ability: Static|[of] p2a: Zapdos\n|\n|upkeep\n|turn|19\n|\n|t:|1654480905\n|switch|p1a: Chansey|Chansey, F|100\/100\n|move|p2a: Zapdos|Defog|p1a: Chansey\n|-unboost|p1a: Chansey|evasion|1\n|-sideend|p2: darkman64|Stealth Rock|[from] move: Defog|[of] p2a: Zapdos\n|\n|upkeep\n|turn|20\n|\n|t:|1654480915\n|move|p2a: Zapdos|Roost|p2a: Zapdos\n|-heal|p2a: Zapdos|93\/100\n|-singleturn|p2a: Zapdos|move: Roost\n|move|p1a: Chansey|Toxic|p2a: Zapdos\n|-status|p2a: Zapdos|tox\n|\n|-damage|p2a: Zapdos|86\/100 tox|[from] psn\n|upkeep\n|turn|21\n|\n|t:|1654480922\n|switch|p2a: Chansey|Chansey, F|76\/100\n|move|p1a: Chansey|Stealth Rock|p2a: Chansey\n|-sidestart|p2: darkman64|move: Stealth Rock\n|\n|upkeep\n|turn|22\n|\n|t:|1654480925\n|switch|p1a: Sableye|Sableye-Mega, M|100\/100 par\n|move|p2a: Chansey|Aromatherapy|p2a: Chansey\n|-activate|p2a: Chansey|move: Aromatherapy\n|-curestatus|p2: Charizard|tox|[msg]\n|-curestatus|p2: Tangrowth|tox|[msg]\n|-curestatus|p2: Zapdos|tox|[msg]\n|\n|upkeep\n|turn|23\n|\n|t:|1654480936\n|switch|p2a: Tangrowth|Tangrowth, F|86\/100\n|-damage|p2a: Tangrowth|74\/100|[from] Stealth Rock\n|move|p1a: Sableye|Knock Off|p2a: Tangrowth\n|-damage|p2a: Tangrowth|64\/100\n|\n|upkeep\n|turn|24\n|\n|t:|1654480978\n|switch|p1a: Toxapex|Toxapex, M, shiny|100\/100\n|move|p2a: Tangrowth|Knock Off|p1a: Toxapex\n|-damage|p1a: Toxapex|86\/100\n|-damage|p2a: Tangrowth|47\/100|[from] item: Rocky Helmet|[of] p1a: Toxapex\n|-enditem|p1a: Toxapex|Rocky Helmet|[from] move: Knock Off|[of] p2a: Tangrowth\n|\n|upkeep\n|turn|25\n|\n|t:|1654480983\n|move|p2a: Tangrowth|Leech Seed|p1a: Toxapex\n|-start|p1a: Toxapex|move: Leech Seed\n|move|p1a: Toxapex|Poison Jab|p2a: Tangrowth\n|-supereffective|p2a: Tangrowth\n|-damage|p2a: Tangrowth|27\/100\n|\n|-damage|p1a: Toxapex|74\/100|[from] Leech Seed|[of] p2a: Tangrowth\n|-heal|p2a: Tangrowth|37\/100|[silent]\n|upkeep\n|turn|26\n|\n|t:|1654481002\n|switch|p1a: Chansey|Chansey, F|100\/100\n|move|p2a: Tangrowth|Knock Off|p1a: Chansey\n|-damage|p1a: Chansey|85\/100\n|-enditem|p1a: Chansey|Eviolite|[from] move: Knock Off|[of] p2a: Tangrowth\n|\n|upkeep\n|turn|27\n|\n|t:|1654481009\n|move|p1a: Chansey|Seismic Toss|p2a: Tangrowth\n|-damage|p2a: Tangrowth|12\/100\n|move|p2a: Tangrowth|Leech Seed|p1a: Chansey\n|-start|p1a: Chansey|move: Leech Seed\n|\n|-damage|p1a: Chansey|73\/100|[from] Leech Seed|[of] p2a: Tangrowth\n|-heal|p2a: Tangrowth|34\/100|[silent]\n|upkeep\n|turn|28\n|\n|t:|1654481039\n|switch|p2a: Clefable|Clefable, M|90\/100\n|-damage|p2a: Clefable|77\/100|[from] Stealth Rock\n|move|p1a: Chansey|Toxic|p2a: Clefable\n|-status|p2a: Clefable|tox\n|\n|-damage|p1a: Chansey|60\/100|[from] Leech Seed|[of] p2a: Clefable\n|-heal|p2a: Clefable|99\/100 tox|[silent]\n|-damage|p2a: Clefable|93\/100 tox|[from] psn\n|upkeep\n|turn|29\n|\n|t:|1654481047\n|move|p1a: Chansey|Soft-Boiled|p1a: Chansey\n|-heal|p1a: Chansey|100\/100\n|move|p2a: Clefable|Teleport|p2a: Clefable\n|\n|t:|1654481050\n|switch|p2a: Charizard|Charizard-Mega-X, M|94\/100|[from]move: Teleport\n|-damage|p2a: Charizard|70\/100|[from] Stealth Rock\n|\n|-damage|p1a: Chansey|88\/100|[from] Leech Seed|[of] p2a: Charizard\n|-heal|p2a: Charizard|99\/100|[silent]\n|upkeep\n|turn|30\n|\n|t:|1654481056\n|switch|p1a: Quagsire|Quagsire, M, shiny|85\/100\n|move|p2a: Charizard|Dragon Claw|p1a: Quagsire\n|-damage|p1a: Quagsire|49\/100\n|\n|upkeep\n|turn|31\n|\n|t:|1654481070\n|move|p2a: Charizard|Dragon Claw|p1a: Quagsire\n|-damage|p1a: Quagsire|13\/100\n|move|p1a: Quagsire|Recover|p1a: Quagsire\n|-heal|p1a: Quagsire|63\/100\n|\n|upkeep\n|turn|32\n|\n|t:|1654481073\n|move|p2a: Charizard|Dragon Claw|p1a: Quagsire\n|-damage|p1a: Quagsire|25\/100\n|move|p1a: Quagsire|Recover|p1a: Quagsire\n|-heal|p1a: Quagsire|75\/100\n|\n|upkeep\n|turn|33\n|\n|t:|1654481077\n|switch|p2a: Chansey|Chansey, F|76\/100\n|-damage|p2a: Chansey|63\/100|[from] Stealth Rock\n|move|p1a: Quagsire|Earthquake|p2a: Chansey\n|-damage|p2a: Chansey|41\/100\n|\n|upkeep\n|turn|34\n|\n|t:|1654481082\n|move|p2a: Chansey|Soft-Boiled|p2a: Chansey\n|-heal|p2a: Chansey|91\/100\n|move|p1a: Quagsire|Recover|p1a: Quagsire\n|-heal|p1a: Quagsire|100\/100\n|\n|upkeep\n|turn|35\n|\n|t:|1654481095\n|switch|p1a: Clefable|Clefable, F|100\/100\n|move|p2a: Chansey|Stealth Rock|p1a: Clefable\n|-sidestart|p1: cump3|move: Stealth Rock\n|\n|upkeep\n|turn|36\n|\n|t:|1654481099\n|switch|p2a: Charizard|Charizard-Mega-X, M|99\/100\n|-damage|p2a: Charizard|74\/100|[from] Stealth Rock\n|move|p1a: Clefable|Calm Mind|p1a: Clefable\n|-boost|p1a: Clefable|spa|1\n|-boost|p1a: Clefable|spd|1\n|\n|upkeep\n|turn|37\n|\n|t:|1654481101\n|move|p2a: Charizard|Flare Blitz|p1a: Clefable\n|-damage|p1a: Clefable|3\/100\n|-status|p1a: Clefable|brn\n|-damage|p2a: Charizard|32\/100|[from] Recoil\n|move|p1a: Clefable|Moonblast|p2a: Charizard\n|-damage|p2a: Charizard|0 fnt\n|faint|p2a: Charizard\n|\n|-damage|p1a: Clefable|0 fnt|[from] brn\n|faint|p1a: Clefable\n|upkeep\n|\n|t:|1654481108\n|switch|p2a: ronaldhino|Greninja, M|100\/100\n|switch|p1a: Toxapex|Toxapex, M, shiny|100\/100\n|-damage|p2a: ronaldhino|88\/100|[from] Stealth Rock\n|-damage|p1a: Toxapex|88\/100|[from] Stealth Rock\n|turn|38\n|\n|t:|1654481127\n|move|p2a: ronaldhino|Dark Pulse|p1a: Toxapex\n|-damage|p1a: Toxapex|45\/100\n|move|p1a: Toxapex|Poison Jab|p2a: ronaldhino\n|-damage|p2a: ronaldhino|56\/100\n|\n|upkeep\n|turn|39\n|\n|t:|1654481134\n|move|p2a: ronaldhino|Dark Pulse|p1a: Toxapex\n|-damage|p1a: Toxapex|0 fnt\n|faint|p1a: Toxapex\n|-activate|p2a: ronaldhino|ability: Battle Bond\n|detailschange|p2a: ronaldhino|Greninja-Ash, M\n|\n|upkeep\n|\n|t:|1654481139\n|switch|p1a: Chansey|Chansey, F|88\/100\n|-damage|p1a: Chansey|75\/100|[from] Stealth Rock\n|turn|40\n|\n|t:|1654481150\n|switch|p2a: Tangrowth|Tangrowth, F|67\/100\n|-damage|p2a: Tangrowth|55\/100|[from] Stealth Rock\n|move|p1a: Chansey|Soft-Boiled|p1a: Chansey\n|-heal|p1a: Chansey|100\/100\n|\n|upkeep\n|turn|41\n|\n|t:|1654481152\n|move|p2a: Tangrowth|Leech Seed|p1a: Chansey\n|-start|p1a: Chansey|move: Leech Seed\n|move|p1a: Chansey|Toxic|p2a: Tangrowth\n|-status|p2a: Tangrowth|tox\n|\n|-damage|p1a: Chansey|88\/100|[from] Leech Seed|[of] p2a: Tangrowth\n|-heal|p2a: Tangrowth|76\/100 tox|[silent]\n|-damage|p2a: Tangrowth|70\/100 tox|[from] psn\n|upkeep\n|turn|42\n|\n|t:|1654481156\n|switch|p2a: Zapdos|Zapdos|86\/100\n|-damage|p2a: Zapdos|61\/100|[from] Stealth Rock\n|switch|p1a: Corviknight|Corviknight, F, shiny|100\/100\n|-damage|p1a: Corviknight|88\/100|[from] Stealth Rock\n|-ability|p1a: Corviknight|Pressure\n|\n|upkeep\n|turn|43\n|\n|t:|1654481159\n|switch|p1a: Quagsire|Quagsire, M, shiny|100\/100\n|-damage|p1a: Quagsire|94\/100|[from] Stealth Rock\n|move|p2a: Zapdos|Discharge|p1a: Quagsire\n|-immune|p1a: Quagsire\n|\n|upkeep\n|turn|44\n|\n|t:|1654481163\n|move|p2a: Zapdos|Heat Wave|p1a: Quagsire\n|-resisted|p1a: Quagsire\n|-damage|p1a: Quagsire|79\/100\n|move|p1a: Quagsire|Toxic|p2a: Zapdos\n|-status|p2a: Zapdos|tox\n|\n|-damage|p2a: Zapdos|55\/100 tox|[from] psn\n|upkeep\n|turn|45\n|\n|t:|1654481168\n|switch|p1a: Sableye|Sableye-Mega, M|100\/100 par\n|-damage|p1a: Sableye|88\/100 par|[from] Stealth Rock\n|move|p2a: Zapdos|Roost|p2a: Zapdos\n|-heal|p2a: Zapdos|100\/100 tox\n|-singleturn|p2a: Zapdos|move: Roost\n|\n|-damage|p2a: Zapdos|88\/100 tox|[from] psn\n|upkeep\n|turn|46\n|\n|t:|1654481171\n|move|p2a: Zapdos|Discharge|p1a: Sableye\n|-damage|p1a: Sableye|61\/100 par\n|move|p1a: Sableye|Knock Off|p2a: Zapdos\n|-damage|p2a: Zapdos|74\/100 tox\n|\n|-damage|p2a: Zapdos|55\/100 tox|[from] psn\n|upkeep\n|turn|47\n|\n|t:|1654481175\n|switch|p2a: Chansey|Chansey, F|91\/100\n|-damage|p2a: Chansey|79\/100|[from] Stealth Rock\n|move|p1a: Sableye|Knock Off|p2a: Chansey\n|-damage|p2a: Chansey|57\/100\n|-enditem|p2a: Chansey|Eviolite|[from] move: Knock Off|[of] p1a: Sableye\n|\n|upkeep\n|turn|48\n|\n|t:|1654481182\n|move|p2a: Chansey|Aromatherapy|p2a: Chansey\n|-activate|p2a: Chansey|move: Aromatherapy\n|-curestatus|p2: Clefable|tox|[msg]\n|-curestatus|p2: Zapdos|tox|[msg]\n|-curestatus|p2: Tangrowth|tox|[msg]\n|move|p1a: Sableye|Recover|p1a: Sableye\n|-heal|p1a: Sableye|100\/100 par\n|\n|upkeep\n|turn|49\n|\n|t:|1654481196\n|switch|p1a: Chansey|Chansey, F|88\/100\n|-damage|p1a: Chansey|75\/100|[from] Stealth Rock\n|move|p2a: Chansey|Soft-Boiled|p2a: Chansey\n|-heal|p2a: Chansey|100\/100\n|\n|upkeep\n|turn|50\n|\n|t:|1654481204\n|move|p2a: Chansey|Seismic Toss|p1a: Chansey\n|-damage|p1a: Chansey|61\/100\n|move|p1a: Chansey|Seismic Toss|p2a: Chansey\n|-damage|p2a: Chansey|85\/100\n|\n|upkeep\n|turn|51\n|\n|t:|1654481208\n|switch|p2a: Tangrowth|Tangrowth, F|100\/100\n|-damage|p2a: Tangrowth|88\/100|[from] Stealth Rock\n|move|p1a: Chansey|Seismic Toss|p2a: Tangrowth\n|-damage|p2a: Tangrowth|63\/100\n|\n|upkeep\n|turn|52\n|\n|t:|1654481211\n|move|p2a: Tangrowth|Knock Off|p1a: Chansey\n|-damage|p1a: Chansey|47\/100\n|move|p1a: Chansey|Toxic|p2a: Tangrowth\n|-status|p2a: Tangrowth|tox\n|\n|-damage|p2a: Tangrowth|57\/100 tox|[from] psn\n|upkeep\n|turn|53\n|\n|t:|1654481214\n|switch|p2a: Clefable|Clefable, M|93\/100\n|-damage|p2a: Clefable|81\/100|[from] Stealth Rock\n|move|p1a: Chansey|Soft-Boiled|p1a: Chansey\n|-heal|p1a: Chansey|97\/100\n|\n|upkeep\n|turn|54\n|\n|t:|1654481217\n|move|p1a: Chansey|Toxic|p2a: Clefable\n|-status|p2a: Clefable|tox\n|move|p2a: Clefable|Teleport|p2a: Clefable\n|\n|t:|1654481218\n|switch|p2a: Zapdos|Zapdos|55\/100|[from]move: Teleport\n|-damage|p2a: Zapdos|30\/100|[from] Stealth Rock\n|\n|upkeep\n|turn|55\n|\n|t:|1654481221\n|move|p2a: Zapdos|Roost|p2a: Zapdos\n|-heal|p2a: Zapdos|80\/100\n|-singleturn|p2a: Zapdos|move: Roost\n|move|p1a: Chansey|Toxic|p2a: Zapdos\n|-status|p2a: Zapdos|tox\n|\n|-damage|p2a: Zapdos|74\/100 tox|[from] psn\n|upkeep\n|turn|56\n|\n|t:|1654481242\n|switch|p2a: Chansey|Chansey, F|85\/100\n|-damage|p2a: Chansey|72\/100|[from] Stealth Rock\n|move|p1a: Chansey|Seismic Toss|p2a: Chansey\n|-damage|p2a: Chansey|57\/100\n|\n|upkeep\n|turn|57\n|\n|t:|1654481246\n|switch|p1a: Quagsire|Quagsire, M, shiny|79\/100\n|-damage|p1a: Quagsire|73\/100|[from] Stealth Rock\n|move|p2a: Chansey|Seismic Toss|p1a: Quagsire\n|-damage|p1a: Quagsire|47\/100\n|\n|upkeep\n|turn|58\n|\n|t:|1654481249\n|move|p2a: Chansey|Seismic Toss|p1a: Quagsire\n|-damage|p1a: Quagsire|22\/100\n|move|p1a: Quagsire|Recover|p1a: Quagsire\n|-heal|p1a: Quagsire|72\/100\n|\n|upkeep\n|turn|59\n|\n|t:|1654481251\n|move|p2a: Chansey|Seismic Toss|p1a: Quagsire\n|-damage|p1a: Quagsire|47\/100\n|move|p1a: Quagsire|Recover|p1a: Quagsire\n|-heal|p1a: Quagsire|97\/100\n|\n|upkeep\n|turn|60\n|\n|t:|1654481255\n|move|p2a: Chansey|Soft-Boiled|p2a: Chansey\n|-heal|p2a: Chansey|100\/100\n|move|p1a: Quagsire|Earthquake|p2a: Chansey\n|-damage|p2a: Chansey|66\/100\n|\n|upkeep\n|turn|61\n|\n|t:|1654481257\n|switch|p1a: Corviknight|Corviknight, F, shiny|88\/100\n|-damage|p1a: Corviknight|75\/100|[from] Stealth Rock\n|-ability|p1a: Corviknight|Pressure\n|move|p2a: Chansey|Seismic Toss|p1a: Corviknight\n|-damage|p1a: Corviknight|50\/100\n|\n|upkeep\n|turn|62\n|\n|t:|1654481260\n|move|p1a: Corviknight|Roost|p1a: Corviknight\n|-heal|p1a: Corviknight|100\/100\n|-singleturn|p1a: Corviknight|move: Roost\n|move|p2a: Chansey|Aromatherapy|p2a: Chansey\n|-activate|p2a: Chansey|move: Aromatherapy\n|-curestatus|p2: Tangrowth|tox|[msg]\n|-curestatus|p2: Clefable|tox|[msg]\n|-curestatus|p2: Zapdos|tox|[msg]\n|\n|upkeep\n|turn|63\n|\n|t:|1654481266\n|switch|p1a: Chansey|Chansey, F|97\/100\n|-damage|p1a: Chansey|84\/100|[from] Stealth Rock\n|switch|p2a: Clefable|Clefable, M|81\/100\n|-damage|p2a: Clefable|69\/100|[from] Stealth Rock\n|\n|upkeep\n|turn|64\n|\n|t:|1654481288\n|move|p1a: Chansey|Seismic Toss|p2a: Clefable\n|-damage|p2a: Clefable|43\/100\n|move|p2a: Clefable|Wish|p2a: Clefable\n|\n|upkeep\n|turn|65\n|\n|t:|1654481293\n|move|p1a: Chansey|Seismic Toss|p2a: Clefable\n|-damage|p2a: Clefable|18\/100\n|move|p2a: Clefable|Moonblast|p1a: Chansey\n|-damage|p1a: Chansey|68\/100\n|-unboost|p1a: Chansey|spa|1\n|\n|-heal|p2a: Clefable|68\/100|[from] move: Wish|[wisher] Clefable\n|upkeep\n|turn|66\n|\n|t:|1654481296\n|move|p1a: Chansey|Toxic|p2a: Clefable\n|-status|p2a: Clefable|tox\n|move|p2a: Clefable|Wish|p2a: Clefable\n|\n|-damage|p2a: Clefable|62\/100 tox|[from] psn\n|upkeep\n|turn|67\n|\n|t:|1654481300\n|switch|p1a: Quagsire|Quagsire, M, shiny|97\/100\n|-damage|p1a: Quagsire|91\/100|[from] Stealth Rock\n|move|p2a: Clefable|Protect||[still]\n|-fail|p2a: Clefable\n|\n|-heal|p2a: Clefable|100\/100 tox|[from] move: Wish|[wisher] Clefable\n|-damage|p2a: Clefable|88\/100 tox|[from] psn\n|upkeep\n|turn|68\n|\n|t:|1654481303\n|move|p2a: Clefable|Wish|p2a: Clefable\n|move|p1a: Quagsire|Recover|p1a: Quagsire\n|-heal|p1a: Quagsire|100\/100\n|\n|-damage|p2a: Clefable|70\/100 tox|[from] psn\n|upkeep\n|turn|69\n|\n|t:|1654481305\n|move|p1a: Quagsire|Scald|p2a: Clefable\n|-damage|p2a: Clefable|51\/100 tox\n|move|p2a: Clefable|Teleport|p2a: Clefable\n|\n|t:|1654481307\n|switch|p2a: ronaldhino|Greninja-Ash, M|56\/100|[from]move: Teleport\n|-damage|p2a: ronaldhino|44\/100|[from] Stealth Rock\n|\n|-heal|p2a: ronaldhino|100\/100|[from] move: Wish|[wisher] Clefable\n|upkeep\n|turn|70\n|\n|t:|1654481311\n|move|p2a: ronaldhino|Dark Pulse|p1a: Quagsire\n|-damage|p1a: Quagsire|17\/100\n|move|p1a: Quagsire|Toxic|p2a: ronaldhino|[miss]\n|-miss|p1a: Quagsire|p2a: ronaldhino\n|\n|upkeep\n|turn|71\n|\n|t:|1654481316\n|switch|p1a: Chansey|Chansey, F|68\/100\n|-damage|p1a: Chansey|56\/100|[from] Stealth Rock\n|move|p2a: ronaldhino|Dark Pulse|p1a: Chansey\n|-damage|p1a: Chansey|22\/100\n|\n|upkeep\n|turn|72\n|\n|t:|1654481319\n|move|p2a: ronaldhino|Dark Pulse|p1a: Chansey\n|-damage|p1a: Chansey|0 fnt\n|faint|p1a: Chansey\n|\n|upkeep\n|c|\u2606cump3|gg\n|c|\u2606darkman64|gg\n|-message|cump3 forfeited.\n|\n|win|darkman64\n|raw|cump3's rating: 1648 &rarr; <strong>1622<\/strong><br \/>(-26 for losing)\n|raw|darkman64's rating: 1549 &rarr; <strong>1575<\/strong><br \/>(+26 for winning)\n|l|\u2606cump3\n","uploadtime":1654481326,"views":8,"p1id":"cump3","p2id":"darkman64","formatid":"gen8nationaldex","rating":1575,"private":0,"password":null}