{"id":"gen8nationaldexag-1068292466","p1":"Neutralist","p2":"yhdrslb","format":"gen8nationaldexag","log":"|j|\u2606Neutralist\n|j|\u2606yhdrslb\n|player|p1|Neutralist|2|1345\n|player|p2|yhdrslb|30|1437\n|teamsize|p1|6\n|teamsize|p2|6\n|gametype|singles\n|gen|8\n|tier|[Gen 8] National Dex AG\n|rated|\n|clearpoke\n|poke|p1|Rayquaza|\n|poke|p1|Necrozma-Dusk-Mane|\n|poke|p1|Yveltal|\n|poke|p1|Kyurem-White|\n|poke|p1|Lugia|\n|poke|p1|Zacian-Crowned|\n|poke|p2|Espeon, F|\n|poke|p2|Whimsicott, M|\n|poke|p2|Lugia|\n|poke|p2|Smeargle, M|\n|poke|p2|Rayquaza|\n|poke|p2|Giratina|\n|rule|HP Percentage Mod: HP is shown in percentages\n|rule|Endless Battle Clause: Forcing endless battles is banned\n|teampreview\n|\n|start\n|switch|p1a: \u4ea1\u9d09|Yveltal|100\/100\n|switch|p2a: Smeargle|Smeargle, M|100\/100\n|-ability|p1a: \u4ea1\u9d09|Dark Aura\n|turn|1\n|c|\u2606Neutralist|henlo\n|c|\u2606yhdrslb|hi\n|\n|move|p1a: \u4ea1\u9d09|Dark Pulse|p2a: Smeargle\n|-enditem|p2a: Smeargle|Focus Sash\n|-damage|p2a: Smeargle|1\/100\n|-damage|p1a: \u4ea1\u9d09|91\/100|[from] item: Life Orb\n|move|p2a: Smeargle|Nuzzle|p1a: \u4ea1\u9d09\n|-supereffective|p1a: \u4ea1\u9d09\n|-damage|p1a: \u4ea1\u9d09|88\/100\n|-status|p1a: \u4ea1\u9d09|par\n|\n|-ability|p2a: Smeargle|Moody|boost\n|-boost|p2a: Smeargle|spa|2\n|-unboost|p2a: Smeargle|def|1\n|upkeep\n|turn|2\n|\n|move|p2a: Smeargle|Stealth Rock|p1a: \u4ea1\u9d09\n|-sidestart|p1: Neutralist|move: Stealth Rock\n|move|p1a: \u4ea1\u9d09|Dark Pulse|p2a: Smeargle\n|-damage|p2a: Smeargle|0 fnt\n|-damage|p1a: \u4ea1\u9d09|78\/100 par|[from] item: Life Orb\n|faint|p2a: Smeargle\n|\n|upkeep\n|c|\u2606Neutralist|well that was something\n|\n|switch|p2a: Rayquaza|Rayquaza|100\/100\n|-ability|p2a: Rayquaza|Air Lock\n|turn|3\n|\n|detailschange|p2a: Rayquaza|Rayquaza-Mega\n|-mega|p2a: Rayquaza|Rayquaza|\n|-weather|DeltaStream|[from] ability: Delta Stream|[of] p2a: Rayquaza\n|move|p2a: Rayquaza|Dragon Ascent|p1a: \u4ea1\u9d09\n|-damage|p1a: \u4ea1\u9d09|0 fnt\n|-unboost|p2a: Rayquaza|def|1\n|-unboost|p2a: Rayquaza|spd|1\n|-damage|p2a: Rayquaza|91\/100|[from] item: Life Orb\n|faint|p1a: \u4ea1\u9d09\n|\n|-weather|DeltaStream|[upkeep]\n|upkeep\n|\n|switch|p1a: \u84bc\u528d\u72fc|Zacian-Crowned|100\/100\n|-damage|p1a: \u84bc\u528d\u72fc|94\/100|[from] Stealth Rock\n|-ability|p1a: \u84bc\u528d\u72fc|Intrepid Sword|boost\n|-boost|p1a: \u84bc\u528d\u72fc|atk|1\n|turn|4\n|\n|-weather|none\n|switch|p2a: Espeon|Espeon, F|100\/100\n|move|p1a: \u84bc\u528d\u72fc|Play Rough|p2a: Espeon\n|-damage|p2a: Espeon|0 fnt\n|faint|p2a: Espeon\n|\n|upkeep\n|\n|switch|p2a: Giratina|Giratina|100\/100\n|-ability|p2a: Giratina|Pressure\n|turn|5\n|c|\u2606Neutralist|i wont lose this time\n|\n|switch|p1a: \u6d77\u9cf3\u7687|Lugia|100\/100\n|-damage|p1a: \u6d77\u9cf3\u7687|75\/100|[from] Stealth Rock\n|move|p2a: Giratina|Will-O-Wisp|p1a: \u6d77\u9cf3\u7687\n|-status|p1a: \u6d77\u9cf3\u7687|brn\n|\n|-heal|p1a: \u6d77\u9cf3\u7687|82\/100 brn|[from] item: Leftovers\n|-damage|p1a: \u6d77\u9cf3\u7687|75\/100 brn|[from] brn\n|upkeep\n|turn|6\n|\n|switch|p2a: Whimsicott|Whimsicott, M|100\/100\n|move|p1a: \u6d77\u9cf3\u7687|Calm Mind|p1a: \u6d77\u9cf3\u7687\n|-boost|p1a: \u6d77\u9cf3\u7687|spa|1\n|-boost|p1a: \u6d77\u9cf3\u7687|spd|1\n|\n|-heal|p1a: \u6d77\u9cf3\u7687|82\/100 brn|[from] item: Leftovers\n|-damage|p1a: \u6d77\u9cf3\u7687|75\/100 brn|[from] brn\n|upkeep\n|turn|7\n|\n|move|p2a: Whimsicott|Leech Seed|p1a: \u6d77\u9cf3\u7687\n|-start|p1a: \u6d77\u9cf3\u7687|move: Leech Seed\n|move|p1a: \u6d77\u9cf3\u7687|Calm Mind|p1a: \u6d77\u9cf3\u7687\n|-boost|p1a: \u6d77\u9cf3\u7687|spa|1\n|-boost|p1a: \u6d77\u9cf3\u7687|spd|1\n|\n|-heal|p1a: \u6d77\u9cf3\u7687|82\/100 brn|[from] item: Leftovers\n|-damage|p1a: \u6d77\u9cf3\u7687|69\/100 brn|[from] Leech Seed|[of] p2a: Whimsicott\n|-damage|p1a: \u6d77\u9cf3\u7687|63\/100 brn|[from] brn\n|upkeep\n|turn|8\n|\n|move|p2a: Whimsicott|Substitute|p2a: Whimsicott\n|-start|p2a: Whimsicott|Substitute\n|-damage|p2a: Whimsicott|76\/100\n|move|p1a: \u6d77\u9cf3\u7687|Roost|p1a: \u6d77\u9cf3\u7687\n|-heal|p1a: \u6d77\u9cf3\u7687|100\/100 brn\n|-singleturn|p1a: \u6d77\u9cf3\u7687|move: Roost\n|\n|-damage|p1a: \u6d77\u9cf3\u7687|88\/100 brn|[from] Leech Seed|[of] p2a: Whimsicott\n|-heal|p2a: Whimsicott|92\/100|[silent]\n|-damage|p1a: \u6d77\u9cf3\u7687|82\/100 brn|[from] brn\n|upkeep\n|turn|9\n|\n|move|p2a: Whimsicott|Switcheroo|p1a: \u6d77\u9cf3\u7687\n|-activate|p2a: Whimsicott|move: Trick|[of] p1a: \u6d77\u9cf3\u7687\n|-item|p1a: \u6d77\u9cf3\u7687|Lagging Tail|[from] move: Switcheroo\n|-item|p2a: Whimsicott|Leftovers|[from] move: Switcheroo\n|move|p1a: \u6d77\u9cf3\u7687|Calm Mind|p1a: \u6d77\u9cf3\u7687\n|-boost|p1a: \u6d77\u9cf3\u7687|spa|1\n|-boost|p1a: \u6d77\u9cf3\u7687|spd|1\n|\n|-heal|p2a: Whimsicott|98\/100|[from] item: Leftovers\n|-damage|p1a: \u6d77\u9cf3\u7687|69\/100 brn|[from] Leech Seed|[of] p2a: Whimsicott\n|-heal|p2a: Whimsicott|100\/100|[silent]\n|-damage|p1a: \u6d77\u9cf3\u7687|63\/100 brn|[from] brn\n|upkeep\n|turn|10\n|\n|move|p2a: Whimsicott|Leech Seed||[still]\n|-fail|p2a: Whimsicott\n|move|p1a: \u6d77\u9cf3\u7687|Roost|p1a: \u6d77\u9cf3\u7687\n|-heal|p1a: \u6d77\u9cf3\u7687|100\/100 brn\n|-singleturn|p1a: \u6d77\u9cf3\u7687|move: Roost\n|\n|-damage|p1a: \u6d77\u9cf3\u7687|88\/100 brn|[from] Leech Seed|[of] p2a: Whimsicott\n|-damage|p1a: \u6d77\u9cf3\u7687|82\/100 brn|[from] brn\n|upkeep\n|turn|11\n|\n|move|p2a: Whimsicott|Leech Seed||[still]\n|-fail|p2a: Whimsicott\n|move|p1a: \u6d77\u9cf3\u7687|Calm Mind|p1a: \u6d77\u9cf3\u7687\n|-boost|p1a: \u6d77\u9cf3\u7687|spa|1\n|-boost|p1a: \u6d77\u9cf3\u7687|spd|1\n|\n|-damage|p1a: \u6d77\u9cf3\u7687|69\/100 brn|[from] Leech Seed|[of] p2a: Whimsicott\n|-damage|p1a: \u6d77\u9cf3\u7687|63\/100 brn|[from] brn\n|upkeep\n|turn|12\n|\n|move|p2a: Whimsicott|Leech Seed||[still]\n|-fail|p2a: Whimsicott\n|move|p1a: \u6d77\u9cf3\u7687|Roost|p1a: \u6d77\u9cf3\u7687\n|-heal|p1a: \u6d77\u9cf3\u7687|100\/100 brn\n|-singleturn|p1a: \u6d77\u9cf3\u7687|move: Roost\n|\n|-damage|p1a: \u6d77\u9cf3\u7687|88\/100 brn|[from] Leech Seed|[of] p2a: Whimsicott\n|-damage|p1a: \u6d77\u9cf3\u7687|82\/100 brn|[from] brn\n|upkeep\n|turn|13\n|\n|move|p2a: Whimsicott|Switcheroo|p1a: \u6d77\u9cf3\u7687\n|-activate|p2a: Whimsicott|move: Trick|[of] p1a: \u6d77\u9cf3\u7687\n|-item|p1a: \u6d77\u9cf3\u7687|Leftovers|[from] move: Switcheroo\n|-item|p2a: Whimsicott|Lagging Tail|[from] move: Switcheroo\n|move|p1a: \u6d77\u9cf3\u7687|Calm Mind|p1a: \u6d77\u9cf3\u7687\n|-boost|p1a: \u6d77\u9cf3\u7687|spa|1\n|-boost|p1a: \u6d77\u9cf3\u7687|spd|1\n|\n|-heal|p1a: \u6d77\u9cf3\u7687|88\/100 brn|[from] item: Leftovers\n|-damage|p1a: \u6d77\u9cf3\u7687|75\/100 brn|[from] Leech Seed|[of] p2a: Whimsicott\n|-damage|p1a: \u6d77\u9cf3\u7687|69\/100 brn|[from] brn\n|upkeep\n|turn|14\n|\n|move|p2a: Whimsicott|Switcheroo|p1a: \u6d77\u9cf3\u7687\n|-activate|p2a: Whimsicott|move: Trick|[of] p1a: \u6d77\u9cf3\u7687\n|-item|p1a: \u6d77\u9cf3\u7687|Lagging Tail|[from] move: Switcheroo\n|-item|p2a: Whimsicott|Leftovers|[from] move: Switcheroo\n|move|p1a: \u6d77\u9cf3\u7687|Calm Mind|p1a: \u6d77\u9cf3\u7687\n|-boost|p1a: \u6d77\u9cf3\u7687|spa|1\n|-boost|p1a: \u6d77\u9cf3\u7687|spd|1\n|\n|-damage|p1a: \u6d77\u9cf3\u7687|57\/100 brn|[from] Leech Seed|[of] p2a: Whimsicott\n|-damage|p1a: \u6d77\u9cf3\u7687|50\/100 brn|[from] brn\n|upkeep\n|turn|15\n|c|\u2606Neutralist|anyways\n|\n|switch|p2a: Lugia|Lugia|100\/100\n|move|p1a: \u6d77\u9cf3\u7687|Roost|p1a: \u6d77\u9cf3\u7687\n|-heal|p1a: \u6d77\u9cf3\u7687|100\/100 brn\n|-singleturn|p1a: \u6d77\u9cf3\u7687|move: Roost\n|\n|-damage|p1a: \u6d77\u9cf3\u7687|88\/100 brn|[from] Leech Seed|[of] p2a: Lugia\n|-damage|p1a: \u6d77\u9cf3\u7687|82\/100 brn|[from] brn\n|upkeep\n|turn|16\n|c|\u2606Neutralist|gl\n|\n|move|p2a: Lugia|Substitute|p2a: Lugia\n|-start|p2a: Lugia|Substitute\n|-damage|p2a: Lugia|76\/100\n|move|p1a: \u6d77\u9cf3\u7687|Aeroblast|p2a: Lugia\n|-end|p2a: Lugia|Substitute\n|\n|-heal|p2a: Lugia|82\/100|[from] item: Leftovers\n|-damage|p1a: \u6d77\u9cf3\u7687|69\/100 brn|[from] Leech Seed|[of] p2a: Lugia\n|-heal|p2a: Lugia|94\/100|[silent]\n|-damage|p1a: \u6d77\u9cf3\u7687|63\/100 brn|[from] brn\n|upkeep\n|turn|17\n|\n|move|p2a: Lugia|Substitute|p2a: Lugia\n|-start|p2a: Lugia|Substitute\n|-damage|p2a: Lugia|70\/100\n|move|p1a: \u6d77\u9cf3\u7687|Aeroblast|p2a: Lugia\n|-end|p2a: Lugia|Substitute\n|\n|-heal|p2a: Lugia|76\/100|[from] item: Leftovers\n|-damage|p1a: \u6d77\u9cf3\u7687|50\/100 brn|[from] Leech Seed|[of] p2a: Lugia\n|-heal|p2a: Lugia|88\/100|[silent]\n|-damage|p1a: \u6d77\u9cf3\u7687|44\/100 brn|[from] brn\n|upkeep\n|turn|18\n|\n|move|p2a: Lugia|Substitute|p2a: Lugia\n|-start|p2a: Lugia|Substitute\n|-damage|p2a: Lugia|64\/100\n|move|p1a: \u6d77\u9cf3\u7687|Roost|p1a: \u6d77\u9cf3\u7687\n|-heal|p1a: \u6d77\u9cf3\u7687|94\/100 brn\n|-singleturn|p1a: \u6d77\u9cf3\u7687|move: Roost\n|\n|-heal|p2a: Lugia|70\/100|[from] item: Leftovers\n|-damage|p1a: \u6d77\u9cf3\u7687|82\/100 brn|[from] Leech Seed|[of] p2a: Lugia\n|-heal|p2a: Lugia|82\/100|[silent]\n|-damage|p1a: \u6d77\u9cf3\u7687|75\/100 brn|[from] brn\n|upkeep\n|turn|19\n|\n|move|p2a: Lugia|Roost|p2a: Lugia\n|-heal|p2a: Lugia|100\/100\n|-singleturn|p2a: Lugia|move: Roost\n|move|p1a: \u6d77\u9cf3\u7687|Roost|p1a: \u6d77\u9cf3\u7687\n|-heal|p1a: \u6d77\u9cf3\u7687|100\/100 brn\n|-singleturn|p1a: \u6d77\u9cf3\u7687|move: Roost\n|\n|-damage|p1a: \u6d77\u9cf3\u7687|88\/100 brn|[from] Leech Seed|[of] p2a: Lugia\n|-damage|p1a: \u6d77\u9cf3\u7687|82\/100 brn|[from] brn\n|upkeep\n|turn|20\n|\n|move|p1a: \u6d77\u9cf3\u7687|Surf|p2a: Lugia\n|-end|p2a: Lugia|Substitute\n|move|p2a: Lugia|Whirlwind|p1a: \u6d77\u9cf3\u7687\n|drag|p1a: \u84bc\u528d\u72fc|Zacian-Crowned|94\/100\n|-damage|p1a: \u84bc\u528d\u72fc|88\/100|[from] Stealth Rock\n|-ability|p1a: \u84bc\u528d\u72fc|Intrepid Sword|boost\n|-boost|p1a: \u84bc\u528d\u72fc|atk|1\n|\n|upkeep\n|turn|21\n|\n|switch|p1a: \u51b0\u5c01\u9f8d|Kyurem-White|100\/100\n|-damage|p1a: \u51b0\u5c01\u9f8d|76\/100|[from] Stealth Rock\n|-ability|p1a: \u51b0\u5c01\u9f8d|Turboblaze\n|move|p2a: Lugia|Whirlwind|p1a: \u51b0\u5c01\u9f8d\n|drag|p1a: \u84bc\u528d\u72fc|Zacian-Crowned|88\/100\n|-damage|p1a: \u84bc\u528d\u72fc|82\/100|[from] Stealth Rock\n|-ability|p1a: \u84bc\u528d\u72fc|Intrepid Sword|boost\n|-boost|p1a: \u84bc\u528d\u72fc|atk|1\n|\n|upkeep\n|turn|22\n|\n|move|p1a: \u84bc\u528d\u72fc|Play Rough|p2a: Lugia\n|-damage|p2a: Lugia|79\/100\n|move|p2a: Lugia|Substitute|p2a: Lugia\n|-start|p2a: Lugia|Substitute\n|-damage|p2a: Lugia|54\/100\n|\n|-heal|p2a: Lugia|60\/100|[from] item: Leftovers\n|upkeep\n|turn|23\n|\n|switch|p1a: \u6d77\u9cf3\u7687|Lugia|82\/100 brn\n|-damage|p1a: \u6d77\u9cf3\u7687|57\/100 brn|[from] Stealth Rock\n|move|p2a: Lugia|Roost|p2a: Lugia\n|-heal|p2a: Lugia|100\/100\n|-singleturn|p2a: Lugia|move: Roost\n|\n|-damage|p1a: \u6d77\u9cf3\u7687|50\/100 brn|[from] brn\n|upkeep\n|turn|24\n|\n|move|p1a: \u6d77\u9cf3\u7687|Roost|p1a: \u6d77\u9cf3\u7687\n|-heal|p1a: \u6d77\u9cf3\u7687|100\/100 brn\n|-singleturn|p1a: \u6d77\u9cf3\u7687|move: Roost\n|move|p2a: Lugia|Whirlwind|p1a: \u6d77\u9cf3\u7687\n|drag|p1a: \u5149\u8755\u7687|Necrozma-Dusk-Mane|100\/100\n|-damage|p1a: \u5149\u8755\u7687|95\/100|[from] Stealth Rock\n|\n|upkeep\n|turn|25\n|\n|switch|p2a: Giratina|Giratina|100\/100\n|-ability|p2a: Giratina|Pressure\n|detailschange|p1a: \u5149\u8755\u7687|Necrozma-Ultra\n|-burst|p1a: \u5149\u8755\u7687|Necrozma|Ultranecrozium Z\n|move|p1a: \u5149\u8755\u7687|Sunsteel Strike|p2a: Giratina\n|-damage|p2a: Giratina|78\/100\n|\n|-heal|p2a: Giratina|84\/100|[from] item: Leftovers\n|upkeep\n|turn|26\n|\n|move|p1a: \u5149\u8755\u7687|Outrage|p2a: Giratina\n|-supereffective|p2a: Giratina\n|-damage|p2a: Giratina|0 fnt\n|faint|p2a: Giratina\n|\n|upkeep\n|\n|switch|p2a: Whimsicott|Whimsicott, M|100\/100\n|turn|27\n|\n|move|p2a: Whimsicott|Leech Seed|p1a: \u5149\u8755\u7687\n|-start|p1a: \u5149\u8755\u7687|move: Leech Seed\n|move|p1a: \u5149\u8755\u7687|Outrage|p2a: Whimsicott|[from]lockedmove\n|-immune|p2a: Whimsicott\n|-start|p1a: \u5149\u8755\u7687|confusion|[fatigue]\n|\n|-damage|p1a: \u5149\u8755\u7687|82\/100|[from] Leech Seed|[of] p2a: Whimsicott\n|upkeep\n|turn|28\n|c|\u2606Neutralist|shite\n|\n|move|p2a: Whimsicott|Substitute|p2a: Whimsicott\n|-start|p2a: Whimsicott|Substitute\n|-damage|p2a: Whimsicott|76\/100\n|-activate|p1a: \u5149\u8755\u7687|confusion\n|-zpower|p1a: \u5149\u8755\u7687\n|move|p1a: \u5149\u8755\u7687|Light That Burns the Sky|p2a: Whimsicott|[zeffect]\n|-end|p2a: Whimsicott|Substitute\n|\n|-heal|p2a: Whimsicott|82\/100|[from] item: Leftovers\n|-damage|p1a: \u5149\u8755\u7687|70\/100|[from] Leech Seed|[of] p2a: Whimsicott\n|-heal|p2a: Whimsicott|95\/100|[silent]\n|upkeep\n|turn|29\n|\n|move|p2a: Whimsicott|Substitute|p2a: Whimsicott\n|-start|p2a: Whimsicott|Substitute\n|-damage|p2a: Whimsicott|70\/100\n|-activate|p1a: \u5149\u8755\u7687|confusion\n|move|p1a: \u5149\u8755\u7687|Photon Geyser|p2a: Whimsicott\n|-end|p2a: Whimsicott|Substitute\n|\n|-heal|p2a: Whimsicott|76\/100|[from] item: Leftovers\n|-damage|p1a: \u5149\u8755\u7687|58\/100|[from] Leech Seed|[of] p2a: Whimsicott\n|-heal|p2a: Whimsicott|89\/100|[silent]\n|upkeep\n|turn|30\n|\n|move|p2a: Whimsicott|Substitute|p2a: Whimsicott\n|-start|p2a: Whimsicott|Substitute\n|-damage|p2a: Whimsicott|64\/100\n|-activate|p1a: \u5149\u8755\u7687|confusion\n|-damage|p1a: \u5149\u8755\u7687|40\/100|[from] confusion\n|\n|-heal|p2a: Whimsicott|70\/100|[from] item: Leftovers\n|-damage|p1a: \u5149\u8755\u7687|28\/100|[from] Leech Seed|[of] p2a: Whimsicott\n|-heal|p2a: Whimsicott|83\/100|[silent]\n|upkeep\n|turn|31\n|\n|move|p2a: Whimsicott|Substitute|p2a: Whimsicott\n|-fail|p2a: Whimsicott|move: Substitute\n|-end|p1a: \u5149\u8755\u7687|confusion\n|move|p1a: \u5149\u8755\u7687|Sunsteel Strike|p2a: Whimsicott\n|-supereffective|p2a: Whimsicott\n|-end|p2a: Whimsicott|Substitute\n|\n|-heal|p2a: Whimsicott|89\/100|[from] item: Leftovers\n|-damage|p1a: \u5149\u8755\u7687|15\/100|[from] Leech Seed|[of] p2a: Whimsicott\n|-heal|p2a: Whimsicott|100\/100|[silent]\n|upkeep\n|turn|32\n|j| Vpmvpmvpm\n|\n|move|p2a: Whimsicott|Substitute|p2a: Whimsicott\n|-start|p2a: Whimsicott|Substitute\n|-damage|p2a: Whimsicott|76\/100\n|move|p1a: \u5149\u8755\u7687|Sunsteel Strike|p2a: Whimsicott\n|-supereffective|p2a: Whimsicott\n|-end|p2a: Whimsicott|Substitute\n|\n|-heal|p2a: Whimsicott|82\/100|[from] item: Leftovers\n|-damage|p1a: \u5149\u8755\u7687|3\/100|[from] Leech Seed|[of] p2a: Whimsicott\n|-heal|p2a: Whimsicott|95\/100|[silent]\n|upkeep\n|turn|33\n|\n|switch|p2a: Lugia|Lugia|100\/100\n|move|p1a: \u5149\u8755\u7687|Sunsteel Strike|p2a: Lugia\n|-damage|p2a: Lugia|80\/100\n|\n|-heal|p2a: Lugia|86\/100|[from] item: Leftovers\n|-damage|p1a: \u5149\u8755\u7687|0 fnt|[from] Leech Seed|[of] p2a: Lugia\n|-heal|p2a: Lugia|88\/100|[silent]\n|faint|p1a: \u5149\u8755\u7687\n|upkeep\n|\n|switch|p1a: \u51b0\u5c01\u9f8d|Kyurem-White|76\/100\n|-damage|p1a: \u51b0\u5c01\u9f8d|51\/100|[from] Stealth Rock\n|-ability|p1a: \u51b0\u5c01\u9f8d|Turboblaze\n|turn|34\n|\n|-start|p1a: \u51b0\u5c01\u9f8d|Dynamax\n|-heal|p1a: \u51b0\u5c01\u9f8d|51\/100|[silent]\n|move|p1a: \u51b0\u5c01\u9f8d|Max Hailstorm|p2a: Lugia\n|-supereffective|p2a: Lugia\n|-damage|p2a: Lugia|0 fnt\n|-weather|Hail\n|faint|p2a: Lugia\n|\n|-weather|Hail|[upkeep]\n|upkeep\n|\n|switch|p2a: Whimsicott|Whimsicott, M|95\/100\n|turn|35\n|\n|move|p2a: Whimsicott|Substitute|p2a: Whimsicott\n|-start|p2a: Whimsicott|Substitute\n|-damage|p2a: Whimsicott|70\/100\n|move|p1a: \u51b0\u5c01\u9f8d|Max Hailstorm|p2a: Whimsicott\n|-supereffective|p2a: Whimsicott\n|-end|p2a: Whimsicott|Substitute\n|\n|-weather|Hail|[upkeep]\n|-damage|p2a: Whimsicott|63\/100|[from] Hail\n|-heal|p2a: Whimsicott|70\/100|[from] item: Leftovers\n|upkeep\n|turn|36\n|\n|move|p2a: Whimsicott|Substitute|p2a: Whimsicott\n|-start|p2a: Whimsicott|Substitute\n|-damage|p2a: Whimsicott|45\/100\n|move|p1a: \u51b0\u5c01\u9f8d|Max Hailstorm|p2a: Whimsicott\n|-supereffective|p2a: Whimsicott\n|-end|p2a: Whimsicott|Substitute\n|\n|-weather|Hail|[upkeep]\n|-damage|p2a: Whimsicott|39\/100|[from] Hail\n|-heal|p2a: Whimsicott|45\/100|[from] item: Leftovers\n|-end|p1a: \u51b0\u5c01\u9f8d|Dynamax\n|-heal|p1a: \u51b0\u5c01\u9f8d|51\/100|[silent]\n|upkeep\n|turn|37\n|\n|move|p2a: Whimsicott|Leech Seed|p1a: \u51b0\u5c01\u9f8d\n|-start|p1a: \u51b0\u5c01\u9f8d|move: Leech Seed\n|move|p1a: \u51b0\u5c01\u9f8d|Ice Burn||[still]\n|-prepare|p1a: \u51b0\u5c01\u9f8d|Ice Burn|p2a: Whimsicott\n|-enditem|p1a: \u51b0\u5c01\u9f8d|Power Herb\n|-anim|p1a: \u51b0\u5c01\u9f8d|Ice Burn|p2a: Whimsicott\n|-supereffective|p2a: Whimsicott\n|-crit|p2a: Whimsicott\n|-damage|p2a: Whimsicott|0 fnt\n|faint|p2a: Whimsicott\n|\n|-weather|Hail|[upkeep]\n|upkeep\n|\n|switch|p2a: Rayquaza|Rayquaza-Mega|91\/100\n|-weather|DeltaStream|[from] ability: Delta Stream|[of] p2a: Rayquaza\n|turn|38\n|\n|move|p2a: Rayquaza|Dragon Dance|p2a: Rayquaza\n|-boost|p2a: Rayquaza|atk|1\n|-boost|p2a: Rayquaza|spe|1\n|move|p1a: \u51b0\u5c01\u9f8d|Draco Meteor|p2a: Rayquaza\n|-supereffective|p2a: Rayquaza\n|-damage|p2a: Rayquaza|0 fnt\n|-unboost|p1a: \u51b0\u5c01\u9f8d|spa|2\n|faint|p2a: Rayquaza\n|-weather|none\n|\n|win|Neutralist\n|raw|Neutralist's rating: 1345 &rarr; <strong>1370<\/strong><br \/>(+25 for winning)\n|raw|yhdrslb's rating: 1437 &rarr; <strong>1412<\/strong><br \/>(-25 for losing)\n|l|\u2606yhdrslb\n|c|\u2606Neutralist|le frick you\n|l|\u2606Neutralist\n","uploadtime":1582523159,"views":1,"p1id":"neutralist","p2id":"yhdrslb","formatid":"gen8nationaldexag","rating":1370,"private":0,"password":null}