{"id":"gen8nationaldex-1698682133","p1":"Darkman64","p2":"Er pinchoso34","format":"gen8nationaldex","log":"|j|\u2606Darkman64\n|j|\u2606Er pinchoso34\n|t:|1667151769\n|gametype|singles\n|player|p1|Darkman64|juan|\n|player|p2|Er pinchoso34|ninjaboy|\n|teamsize|p1|6\n|teamsize|p2|6\n|gen|8\n|tier|[Gen 8] National Dex\n|rule|HP Percentage Mod: HP is shown in percentages\n|rule|Endless Battle Clause: Forcing endless battles is banned\n|rule|OHKO Clause: OHKO moves are banned\n|rule|Evasion Moves Clause: Evasion moves are banned\n|rule|Species Clause: Limit one of each Pok\u00e9mon\n|rule|Dynamax Clause: You cannot dynamax\n|rule|Sleep Clause Mod: Limit one foe put to sleep\n|clearpoke\n|poke|p1|Sandslash, F|\n|poke|p1|Poliwrath, M|\n|poke|p1|Lycanroc, M|\n|poke|p1|Polteageist|\n|poke|p1|Drapion, M|\n|poke|p1|Machamp, M|\n|poke|p2|Lycanroc, F|\n|poke|p2|Poliwrath, M|\n|poke|p2|Drapion, F|\n|poke|p2|Sandslash, F|\n|poke|p2|Polteageist|\n|poke|p2|Machamp, F|\n|teampreview\n|inactive|Battle timer is ON: inactive players will automatically lose when time's up. (requested by Darkman64)\n|inactive|Er pinchoso34 has 270 seconds left.\n|inactive|Er pinchoso34 has 240 seconds left.\n|\n|t:|1667151872\n|start\n|switch|p1a: Lycanroc|Lycanroc, M|100\/100\n|switch|p2a: Lycanroc|Lycanroc, F|100\/100\n|turn|1\n|inactiveoff|Battle timer is now OFF.\n|\n|t:|1667151881\n|move|p2a: Lycanroc|Stealth Rock|p1a: Lycanroc\n|-sidestart|p1: Darkman64|move: Stealth Rock\n|-zpower|p1a: Lycanroc\n|move|p1a: Lycanroc|Splintered Stormshards|p2a: Lycanroc|[zeffect]\n|-enditem|p2a: Lycanroc|Focus Sash\n|-damage|p2a: Lycanroc|1\/100\n|\n|upkeep\n|turn|2\n|\n|t:|1667151887\n|move|p1a: Lycanroc|Accelerock|p2a: Lycanroc\n|-damage|p2a: Lycanroc|0 fnt\n|faint|p2a: Lycanroc\n|\n|upkeep\n|\n|t:|1667151894\n|switch|p2a: Poliwrath|Poliwrath, M|100\/100\n|turn|3\n|\n|t:|1667151926\n|move|p1a: Lycanroc|Stealth Rock|p2a: Poliwrath\n|-sidestart|p2: Er pinchoso34|move: Stealth Rock\n|move|p2a: Poliwrath|Rain Dance|p2a: Poliwrath\n|-weather|RainDance\n|\n|-weather|RainDance|[upkeep]\n|upkeep\n|turn|4\n|\n|t:|1667151931\n|move|p2a: Poliwrath|Liquidation|p1a: Lycanroc\n|-supereffective|p1a: Lycanroc\n|-damage|p1a: Lycanroc|0 fnt\n|faint|p1a: Lycanroc\n|-damage|p2a: Poliwrath|91\/100|[from] item: Life Orb\n|\n|-weather|RainDance|[upkeep]\n|upkeep\n|\n|t:|1667151936\n|switch|p1a: Poliwrath|Poliwrath, M|100\/100\n|-damage|p1a: Poliwrath|94\/100|[from] Stealth Rock\n|turn|5\n|\n|t:|1667151937\n|move|p2a: Poliwrath|Close Combat|p1a: Poliwrath\n|-damage|p1a: Poliwrath|12\/100\n|-unboost|p2a: Poliwrath|def|1\n|-unboost|p2a: Poliwrath|spd|1\n|-damage|p2a: Poliwrath|81\/100|[from] item: Life Orb\n|move|p1a: Poliwrath|Circle Throw|p2a: Poliwrath\n|-damage|p2a: Poliwrath|17\/100\n|-damage|p1a: Poliwrath|2\/100|[from] item: Life Orb\n|drag|p2a: Machamp|Machamp, F|100\/100\n|-damage|p2a: Machamp|94\/100|[from] Stealth Rock\n|\n|-weather|RainDance|[upkeep]\n|upkeep\n|turn|6\n|\n|t:|1667151945\n|move|p2a: Machamp|Bullet Punch|p1a: Poliwrath\n|-resisted|p1a: Poliwrath\n|-damage|p1a: Poliwrath|0 fnt\n|faint|p1a: Poliwrath\n|\n|-weather|RainDance|[upkeep]\n|upkeep\n|\n|t:|1667151952\n|switch|p1a: Machamp|Machamp, M|100\/100\n|-damage|p1a: Machamp|94\/100|[from] Stealth Rock\n|turn|7\n|\n|t:|1667151954\n|move|p1a: Machamp|Dynamic Punch|p2a: Machamp\n|-damage|p2a: Machamp|31\/100\n|-start|p2a: Machamp|confusion\n|-activate|p2a: Machamp|confusion\n|move|p2a: Machamp|Dynamic Punch|p1a: Machamp\n|-damage|p1a: Machamp|22\/100\n|-start|p1a: Machamp|confusion\n|\n|-weather|none\n|upkeep\n|turn|8\n|\n|t:|1667151957\n|-activate|p2a: Machamp|confusion\n|move|p2a: Machamp|Bullet Punch|p1a: Machamp\n|-damage|p1a: Machamp|1\/100\n|-activate|p1a: Machamp|confusion\n|move|p1a: Machamp|Dynamic Punch|p2a: Machamp\n|-damage|p2a: Machamp|0 fnt\n|faint|p2a: Machamp\n|\n|upkeep\n|\n|t:|1667151963\n|switch|p2a: Sandslash|Sandslash, F|100\/100\n|-damage|p2a: Sandslash|94\/100|[from] Stealth Rock\n|turn|9\n|\n|t:|1667151965\n|-activate|p1a: Machamp|confusion\n|move|p1a: Machamp|Dynamic Punch|p2a: Sandslash\n|-damage|p2a: Sandslash|35\/100\n|-start|p2a: Sandslash|confusion\n|-activate|p2a: Sandslash|confusion\n|-damage|p2a: Sandslash|21\/100|[from] confusion\n|\n|upkeep\n|turn|10\n|\n|t:|1667151971\n|-activate|p1a: Machamp|confusion\n|move|p1a: Machamp|Dynamic Punch|p2a: Sandslash\n|-damage|p2a: Sandslash|0 fnt\n|faint|p2a: Sandslash\n|\n|upkeep\n|\n|t:|1667151976\n|switch|p2a: Polteageist|Polteageist|100\/100\n|-damage|p2a: Polteageist|88\/100|[from] Stealth Rock\n|turn|11\n|\n|t:|1667151979\n|switch|p1a: Drapion|Drapion, M|100\/100\n|-damage|p1a: Drapion|88\/100|[from] Stealth Rock\n|move|p2a: Polteageist|Shell Smash|p2a: Polteageist\n|-unboost|p2a: Polteageist|def|1\n|-unboost|p2a: Polteageist|spd|1\n|-boost|p2a: Polteageist|atk|2\n|-boost|p2a: Polteageist|spa|2\n|-boost|p2a: Polteageist|spe|2\n|\n|upkeep\n|turn|12\n|\n|t:|1667151982\n|move|p2a: Polteageist|Shadow Ball|p1a: Drapion\n|-resisted|p1a: Drapion\n|-damage|p1a: Drapion|12\/100\n|move|p1a: Drapion|Night Slash|p2a: Polteageist\n|-supereffective|p2a: Polteageist\n|-damage|p2a: Polteageist|0 fnt\n|faint|p2a: Polteageist\n|-damage|p1a: Drapion|2\/100|[from] item: Life Orb\n|\n|upkeep\n|\n|t:|1667151995\n|switch|p2a: Poliwrath|Poliwrath, M|17\/100\n|-damage|p2a: Poliwrath|11\/100|[from] Stealth Rock\n|turn|13\n|\n|t:|1667152000\n|move|p1a: Drapion|Cross Poison|p2a: Poliwrath\n|-damage|p2a: Poliwrath|0 fnt\n|faint|p2a: Poliwrath\n|-damage|p1a: Drapion|0 fnt|[from] item: Life Orb\n|faint|p1a: Drapion\n|\n|upkeep\n|\n|t:|1667152005\n|switch|p1a: Sandslash|Sandslash, F|100\/100\n|switch|p2a: Drapion|Drapion, F|100\/100\n|-damage|p2a: Drapion|88\/100|[from] Stealth Rock\n|-damage|p1a: Sandslash|94\/100|[from] Stealth Rock\n|turn|14\n|c|\u2606Darkman64|gg\n|\n|t:|1667152012\n|move|p2a: Drapion|Night Slash|p1a: Sandslash\n|-damage|p1a: Sandslash|76\/100\n|move|p1a: Sandslash|Earthquake|p2a: Drapion\n|-supereffective|p2a: Drapion\n|-damage|p2a: Drapion|13\/100\n|\n|-heal|p1a: Sandslash|82\/100|[from] item: Leftovers\n|upkeep\n|turn|15\n|\n|t:|1667152017\n|move|p2a: Drapion|Night Slash|p1a: Sandslash\n|-crit|p1a: Sandslash\n|-damage|p1a: Sandslash|41\/100\n|move|p1a: Sandslash|Earthquake|p2a: Drapion\n|-supereffective|p2a: Drapion\n|-damage|p2a: Drapion|0 fnt\n|faint|p2a: Drapion\n|\n|win|Darkman64\n|l|\u2606Er pinchoso34\n","uploadtime":1667152023,"views":7,"p1id":"darkman64","p2id":"erpinchoso34","formatid":"gen8nationaldex","rating":0,"private":0,"password":null}