{"id":"gen8ou-1555426708","p1":"SKIP THE DRIP","p2":"Dallyranks","format":"gen8ou","log":"|j|\u2606SKIP THE DRIP\n|j|\u2606Dallyranks\n|t:|1650216042\n|gametype|singles\n|player|p1|SKIP THE DRIP|wally|1855\n|player|p2|Dallyranks|170|1725\n|teamsize|p1|6\n|teamsize|p2|6\n|gen|8\n|tier|[Gen 8] OU\n|rated|\n|rule|Sleep Clause Mod: Limit one foe put to sleep\n|rule|Species Clause: Limit one of each Pok\u00e9mon\n|rule|OHKO Clause: OHKO moves are banned\n|rule|Evasion Moves Clause: Evasion moves are banned\n|rule|Endless Battle Clause: Forcing endless battles is banned\n|rule|HP Percentage Mod: HP is shown in percentages\n|rule|Dynamax Clause: You cannot dynamax\n|clearpoke\n|poke|p1|Toxapex, M|\n|poke|p1|Landorus-Therian, M|\n|poke|p1|Blissey, F|\n|poke|p1|Jirachi|\n|poke|p1|Clefable, F|\n|poke|p1|Hydreigon, F|\n|poke|p2|Heliolisk, M|\n|poke|p2|Flygon, F|\n|poke|p2|Slowbro, M|\n|poke|p2|Melmetal|\n|poke|p2|Weezing-Galar, F|\n|poke|p2|Marowak-Alola, F|\n|teampreview\n|j| MoonWeasel\n|c|\u2606SKIP THE DRIP|love the team\n|c|\u2606SKIP THE DRIP|king\n|\n|t:|1650216057\n|start\n|switch|p1a: Toxapex|Toxapex, M|100\/100\n|switch|p2a: Uber?|Melmetal|100\/100\n|turn|1\n|\n|t:|1650216063\n|switch|p2a: Colby|Slowbro, M|100\/100\n|move|p1a: Toxapex|Toxic Spikes|p2a: Colby\n|-sidestart|p2: Dallyranks|move: Toxic Spikes\n|\n|upkeep\n|turn|2\n|\n|t:|1650216070\n|switch|p1a: Jirachi|Jirachi|100\/100\n|move|p2a: Colby|Future Sight|p1a: Jirachi\n|-start|p2a: Colby|move: Future Sight\n|\n|upkeep\n|turn|3\n|\n|t:|1650216075\n|move|p1a: Jirachi|Trick|p2a: Colby\n|-activate|p1a: Jirachi|move: Trick|[of] p2a: Colby\n|-item|p2a: Colby|Choice Scarf|[from] move: Trick\n|-item|p1a: Jirachi|Rocky Helmet|[from] move: Trick\n|move|p2a: Colby|Teleport|p2a: Colby\n|\n|t:|1650216086\n|switch|p2a: Flygon|Flygon, F|100\/100|[from]move: Teleport\n|\n|upkeep\n|turn|4\n|\n|t:|1650216093\n|move|p1a: Jirachi|Trick|p2a: Flygon\n|-activate|p1a: Jirachi|move: Trick|[of] p2a: Flygon\n|-item|p2a: Flygon|Rocky Helmet|[from] move: Trick\n|-item|p1a: Jirachi|Leftovers|[from] move: Trick\n|move|p2a: Flygon|Defog|p1a: Jirachi\n|-unboost|p1a: Jirachi|evasion|1\n|-sideend|p2: Dallyranks|Toxic Spikes|[from] move: Defog|[of] p2a: Flygon\n|\n|-end|p1a: Jirachi|move: Future Sight\n|-resisted|p1a: Jirachi\n|-damage|p1a: Jirachi|94\/100\n|-heal|p1a: Jirachi|99\/100|[from] item: Leftovers\n|upkeep\n|turn|5\n|\n|t:|1650216106\n|switch|p1a: Blissey|Blissey, F|100\/100\n|move|p2a: Flygon|Toxic|p1a: Blissey\n|-status|p1a: Blissey|tox\n|\n|-damage|p1a: Blissey|94\/100 tox|[from] psn\n|upkeep\n|turn|6\n|j| asmpog\n|\n|t:|1650216116\n|switch|p2a: Weezing|Weezing-Galar, F|100\/100\n|move|p1a: Blissey|Stealth Rock|p2a: Weezing\n|-sidestart|p2: Dallyranks|move: Stealth Rock\n|\n|-damage|p1a: Blissey|82\/100 tox|[from] psn\n|upkeep\n|turn|7\n|\n|t:|1650216123\n|-curestatus|p1a: Blissey|tox|[from] ability: Natural Cure\n|switch|p1a: Toxapex|Toxapex, M|100\/100\n|move|p2a: Weezing|Defog|p1a: Toxapex\n|-unboost|p1a: Toxapex|evasion|1\n|-sideend|p2: Dallyranks|Stealth Rock|[from] move: Defog|[of] p2a: Weezing\n|\n|upkeep\n|turn|8\n|\n|t:|1650216132\n|move|p2a: Weezing|Will-O-Wisp|p1a: Toxapex\n|-status|p1a: Toxapex|brn\n|move|p1a: Toxapex|Toxic Spikes|p2a: Weezing\n|-sidestart|p2: Dallyranks|move: Toxic Spikes\n|\n|-damage|p1a: Toxapex|94\/100 brn|[from] brn\n|upkeep\n|turn|9\n|\n|t:|1650216140\n|move|p2a: Weezing|Defog|p1a: Toxapex\n|-unboost|p1a: Toxapex|evasion|1\n|-sideend|p2: Dallyranks|Toxic Spikes|[from] move: Defog|[of] p2a: Weezing\n|move|p1a: Toxapex|Scald|p2a: Weezing\n|-damage|p2a: Weezing|77\/100\n|\n|-damage|p1a: Toxapex|88\/100 brn|[from] brn\n|upkeep\n|turn|10\n|\n|t:|1650216151\n|switch|p2a: Colby|Slowbro, M|100\/100\n|move|p1a: Toxapex|Toxic Spikes|p2a: Colby\n|-sidestart|p2: Dallyranks|move: Toxic Spikes\n|\n|-damage|p1a: Toxapex|82\/100 brn|[from] brn\n|upkeep\n|turn|11\n|\n|t:|1650216159\n|switch|p1a: Blissey|Blissey, F|82\/100\n|move|p2a: Colby|Ice Beam|p1a: Blissey\n|-damage|p1a: Blissey|75\/100\n|-status|p1a: Blissey|frz\n|\n|upkeep\n|turn|12\n|\n|t:|1650216172\n|switch|p2a: Uber?|Melmetal|100\/100\n|cant|p1a: Blissey|frz\n|\n|upkeep\n|turn|13\n|\n|t:|1650216184\n|-curestatus|p1a: Blissey|frz|[from] ability: Natural Cure\n|switch|p1a: Toxapex|Toxapex, M|100\/100 brn\n|move|p2a: Uber?|Earthquake|p1a: Toxapex\n|-supereffective|p1a: Toxapex\n|-damage|p1a: Toxapex|60\/100 brn\n|\n|-damage|p1a: Toxapex|54\/100 brn|[from] brn\n|upkeep\n|turn|14\n|l| asmpog\n|\n|t:|1650216196\n|switch|p1a: Hydreigon|Hydreigon, F|100\/100\n|move|p2a: Uber?|Protect||[still]\n|-fail|p2a: Uber?\n|\n|upkeep\n|turn|15\n|j| thesky12321\n|\n|t:|1650216210\n|switch|p1a: Toxapex|Toxapex, M|87\/100 brn\n|move|p2a: Uber?|Toxic||[still]\n|-fail|p2a: Uber?\n|\n|-damage|p1a: Toxapex|81\/100 brn|[from] brn\n|upkeep\n|turn|16\n|\n|t:|1650216220\n|move|p2a: Uber?|Protect|p2a: Uber?\n|-singleturn|p2a: Uber?|Protect\n|move|p1a: Toxapex|Scald|p2a: Uber?\n|-activate|p2a: Uber?|move: Protect\n|\n|-damage|p1a: Toxapex|75\/100 brn|[from] brn\n|upkeep\n|turn|17\n|\n|t:|1650216229\n|switch|p2a: Flygon|Flygon, F|100\/100\n|switch|p1a: Landorus|Landorus-Therian, M|100\/100\n|-ability|p1a: Landorus|Intimidate|boost\n|-unboost|p2a: Flygon|atk|1\n|\n|upkeep\n|turn|18\n|\n|t:|1650216236\n|move|p2a: Flygon|Toxic|p1a: Landorus\n|-status|p1a: Landorus|tox\n|move|p1a: Landorus|Toxic|p2a: Flygon|[miss]\n|-miss|p1a: Landorus|p2a: Flygon\n|\n|-damage|p1a: Landorus|94\/100 tox|[from] psn\n|upkeep\n|turn|19\n|\n|t:|1650216244\n|switch|p2a: Weezing|Weezing-Galar, F|77\/100\n|move|p1a: Landorus|Toxic|p2a: Weezing\n|-immune|p2a: Weezing\n|\n|-heal|p1a: Landorus|100\/100 tox|[from] item: Leftovers\n|-damage|p1a: Landorus|88\/100 tox|[from] psn\n|upkeep\n|turn|20\n|j| faunazon\n|\n|t:|1650216254\n|switch|p1a: Blissey|Blissey, F|75\/100\n|move|p2a: Weezing|Defog|p1a: Blissey\n|-unboost|p1a: Blissey|evasion|1\n|-sideend|p2: Dallyranks|Toxic Spikes|[from] move: Defog|[of] p2a: Weezing\n|\n|upkeep\n|turn|21\n|\n|t:|1650216262\n|move|p2a: Weezing|Pain Split|p1a: Blissey\n|-sethp|p1a: Blissey|55\/100|[from] move: Pain Split|[silent]\n|-sethp|p2a: Weezing|100\/100|[from] move: Pain Split\n|move|p1a: Blissey|Stealth Rock|p2a: Weezing\n|-sidestart|p2: Dallyranks|move: Stealth Rock\n|\n|upkeep\n|turn|22\n|\n|t:|1650216269\n|move|p2a: Weezing|Defog|p1a: Blissey\n|-unboost|p1a: Blissey|evasion|1\n|-sideend|p2: Dallyranks|Stealth Rock|[from] move: Defog|[of] p2a: Weezing\n|move|p1a: Blissey|Soft-Boiled|p1a: Blissey\n|-heal|p1a: Blissey|100\/100\n|\n|upkeep\n|turn|23\n|j| uhidkwatdo\n|\n|t:|1650216275\n|move|p2a: Weezing|Pain Split|p1a: Blissey\n|-sethp|p1a: Blissey|74\/100|[from] move: Pain Split|[silent]\n|-sethp|p2a: Weezing|100\/100|[from] move: Pain Split\n|move|p1a: Blissey|Stealth Rock|p2a: Weezing\n|-sidestart|p2: Dallyranks|move: Stealth Rock\n|\n|upkeep\n|turn|24\n|\n|t:|1650216282\n|move|p2a: Weezing|Defog|p1a: Blissey\n|-unboost|p1a: Blissey|evasion|1\n|-sideend|p2: Dallyranks|Stealth Rock|[from] move: Defog|[of] p2a: Weezing\n|move|p1a: Blissey|Heal Bell|p1a: Blissey\n|-activate|p1a: Blissey|move: Heal Bell\n|-curestatus|p1: Toxapex|brn|[msg]\n|-curestatus|p1: Landorus|tox|[msg]\n|\n|upkeep\n|turn|25\n|inactive|Battle timer is ON: inactive players will automatically lose when time's up. (requested by SKIP THE DRIP)\n|\n|t:|1650216293\n|move|p2a: Weezing|Strange Steam|p1a: Blissey\n|-damage|p1a: Blissey|64\/100\n|move|p1a: Blissey|Stealth Rock|p2a: Weezing\n|-sidestart|p2: Dallyranks|move: Stealth Rock\n|\n|upkeep\n|turn|26\n|\n|t:|1650216308\n|move|p2a: Weezing|Defog|p1a: Blissey\n|-unboost|p1a: Blissey|evasion|1\n|-sideend|p2: Dallyranks|Stealth Rock|[from] move: Defog|[of] p2a: Weezing\n|move|p1a: Blissey|Soft-Boiled|p1a: Blissey\n|-heal|p1a: Blissey|100\/100\n|\n|upkeep\n|turn|27\n|\n|t:|1650216319\n|move|p2a: Weezing|Strange Steam|p1a: Blissey\n|-damage|p1a: Blissey|91\/100\n|-start|p1a: Blissey|confusion\n|-activate|p1a: Blissey|confusion\n|move|p1a: Blissey|Stealth Rock|p2a: Weezing\n|-sidestart|p2: Dallyranks|move: Stealth Rock\n|\n|upkeep\n|turn|28\n|\n|t:|1650216326\n|move|p2a: Weezing|Defog|p1a: Blissey\n|-unboost|p1a: Blissey|evasion|1\n|-sideend|p2: Dallyranks|Stealth Rock|[from] move: Defog|[of] p2a: Weezing\n|-end|p1a: Blissey|confusion\n|move|p1a: Blissey|Stealth Rock|p2a: Weezing\n|-sidestart|p2: Dallyranks|move: Stealth Rock\n|\n|upkeep\n|turn|29\n|\n|t:|1650216336\n|move|p2a: Weezing|Defog|p1a: Blissey\n|-unboost|p1a: Blissey|evasion|1\n|-sideend|p2: Dallyranks|Stealth Rock|[from] move: Defog|[of] p2a: Weezing\n|move|p1a: Blissey|Toxic|p2a: Weezing\n|-immune|p2a: Weezing\n|\n|upkeep\n|turn|30\n|j| asmpog\n|\n|t:|1650216343\n|move|p2a: Weezing|Strange Steam|p1a: Blissey\n|-damage|p1a: Blissey|82\/100\n|move|p1a: Blissey|Stealth Rock|p2a: Weezing\n|-sidestart|p2: Dallyranks|move: Stealth Rock\n|\n|upkeep\n|turn|31\n|\n|t:|1650216349\n|move|p2a: Weezing|Will-O-Wisp|p1a: Blissey\n|-status|p1a: Blissey|brn\n|move|p1a: Blissey|Toxic|p2a: Weezing\n|-immune|p2a: Weezing\n|\n|-damage|p1a: Blissey|76\/100 brn|[from] brn\n|upkeep\n|turn|32\n|j| MichiArabe\n|\n|t:|1650216357\n|move|p2a: Weezing|Defog|p1a: Blissey\n|-unboost|p1a: Blissey|evasion|0\n|-sideend|p2: Dallyranks|Stealth Rock|[from] move: Defog|[of] p2a: Weezing\n|move|p1a: Blissey|Stealth Rock|p2a: Weezing\n|-sidestart|p2: Dallyranks|move: Stealth Rock\n|\n|-damage|p1a: Blissey|70\/100 brn|[from] brn\n|upkeep\n|turn|33\n|\n|t:|1650216367\n|move|p2a: Weezing|Defog|p1a: Blissey\n|-unboost|p1a: Blissey|evasion|0\n|-sideend|p2: Dallyranks|Stealth Rock|[from] move: Defog|[of] p2a: Weezing\n|move|p1a: Blissey|Stealth Rock|p2a: Weezing\n|-sidestart|p2: Dallyranks|move: Stealth Rock\n|\n|-damage|p1a: Blissey|64\/100 brn|[from] brn\n|upkeep\n|turn|34\n|\n|t:|1650216376\n|move|p2a: Weezing|Defog|p1a: Blissey\n|-unboost|p1a: Blissey|evasion|0\n|-sideend|p2: Dallyranks|Stealth Rock|[from] move: Defog|[of] p2a: Weezing\n|move|p1a: Blissey|Soft-Boiled|p1a: Blissey\n|-heal|p1a: Blissey|100\/100 brn\n|\n|-damage|p1a: Blissey|94\/100 brn|[from] brn\n|upkeep\n|turn|35\n|\n|t:|1650216384\n|switch|p2a: Gimme3|Marowak-Alola, F|100\/100\n|move|p1a: Blissey|Stealth Rock|p2a: Gimme3\n|-sidestart|p2: Dallyranks|move: Stealth Rock\n|\n|-damage|p1a: Blissey|88\/100 brn|[from] brn\n|upkeep\n|turn|36\n|j| De5tr0yr\n|\n|t:|1650216399\n|-curestatus|p1a: Blissey|brn|[from] ability: Natural Cure\n|switch|p1a: Hydreigon|Hydreigon, F|100\/100\n|move|p2a: Gimme3|Swords Dance|p2a: Gimme3\n|-boost|p2a: Gimme3|atk|2\n|\n|upkeep\n|turn|37\n|l| De5tr0yr\n|\n|t:|1650216411\n|switch|p2a: Uber?|Melmetal|100\/100\n|-damage|p2a: Uber?|94\/100|[from] Stealth Rock\n|move|p1a: Hydreigon|Earth Power|p2a: Uber?\n|-supereffective|p2a: Uber?\n|-damage|p2a: Uber?|58\/100\n|\n|-heal|p2a: Uber?|64\/100|[from] item: Leftovers\n|upkeep\n|turn|38\n|j| ItJustSamX\n|\n|t:|1650216425\n|switch|p1a: Landorus|Landorus-Therian, M|88\/100\n|-ability|p1a: Landorus|Intimidate|boost\n|-unboost|p2a: Uber?|atk|1\n|move|p2a: Uber?|Earthquake|p1a: Landorus\n|-immune|p1a: Landorus\n|\n|-heal|p1a: Landorus|94\/100|[from] item: Leftovers\n|-heal|p2a: Uber?|70\/100|[from] item: Leftovers\n|upkeep\n|turn|39\n|\n|t:|1650216435\n|move|p2a: Uber?|Protect|p2a: Uber?\n|-singleturn|p2a: Uber?|Protect\n|move|p1a: Landorus|Earth Power|p2a: Uber?\n|-activate|p2a: Uber?|move: Protect\n|\n|-heal|p1a: Landorus|100\/100|[from] item: Leftovers\n|-heal|p2a: Uber?|76\/100|[from] item: Leftovers\n|upkeep\n|turn|40\n|\n|t:|1650216445\n|move|p1a: Landorus|Earth Power|p2a: Uber?\n|-supereffective|p2a: Uber?\n|-damage|p2a: Uber?|33\/100\n|move|p2a: Uber?|Toxic|p1a: Landorus\n|-status|p1a: Landorus|tox\n|\n|-heal|p2a: Uber?|39\/100|[from] item: Leftovers\n|-damage|p1a: Landorus|94\/100 tox|[from] psn\n|upkeep\n|turn|41\n|\n|t:|1650216455\n|move|p2a: Uber?|Protect|p2a: Uber?\n|-singleturn|p2a: Uber?|Protect\n|move|p1a: Landorus|Earth Power|p2a: Uber?\n|-activate|p2a: Uber?|move: Protect\n|\n|-heal|p1a: Landorus|100\/100 tox|[from] item: Leftovers\n|-heal|p2a: Uber?|45\/100|[from] item: Leftovers\n|-damage|p1a: Landorus|88\/100 tox|[from] psn\n|upkeep\n|turn|42\n|\n|t:|1650216469\n|switch|p2a: Weezing|Weezing-Galar, F|100\/100\n|-damage|p2a: Weezing|88\/100|[from] Stealth Rock\n|move|p1a: Landorus|Earth Power|p2a: Weezing\n|-immune|p2a: Weezing|[from] ability: Levitate\n|\n|-heal|p1a: Landorus|94\/100 tox|[from] item: Leftovers\n|-damage|p1a: Landorus|76\/100 tox|[from] psn\n|upkeep\n|turn|43\n|\n|t:|1650216482\n|switch|p1a: Blissey|Blissey, F|88\/100\n|move|p2a: Weezing|Defog|p1a: Blissey\n|-unboost|p1a: Blissey|evasion|1\n|-sideend|p2: Dallyranks|Stealth Rock|[from] move: Defog|[of] p2a: Weezing\n|\n|upkeep\n|turn|44\n|\n|t:|1650216489\n|switch|p2a: Gimme3|Marowak-Alola, F|100\/100\n|move|p1a: Blissey|Stealth Rock|p2a: Gimme3\n|-sidestart|p2: Dallyranks|move: Stealth Rock\n|\n|upkeep\n|turn|45\n|l| thesky12321\n|\n|t:|1650216495\n|switch|p1a: Hydreigon|Hydreigon, F|100\/100\n|move|p2a: Gimme3|Low Kick|p1a: Hydreigon\n|-supereffective|p1a: Hydreigon\n|-damage|p1a: Hydreigon|0 fnt\n|faint|p1a: Hydreigon\n|\n|upkeep\n|c|\u2606SKIP THE DRIP|bro\n|c|\u2606SKIP THE DRIP|no way\n|c|\u2606SKIP THE DRIP|ur the set\n|c|\u2606SKIP THE DRIP|LOL\n|c|\u2606SKIP THE DRIP|respect\n|c|\u2606Dallyranks|Lol\n|\n|t:|1650216518\n|switch|p1a: Toxapex|Toxapex, M|100\/100\n|turn|46\n|\n|t:|1650216528\n|switch|p2a: Flygon|Flygon, F|100\/100\n|-damage|p2a: Flygon|94\/100|[from] Stealth Rock\n|move|p1a: Toxapex|Scald|p2a: Flygon\n|-damage|p2a: Flygon|81\/100\n|-status|p2a: Flygon|brn\n|\n|-damage|p2a: Flygon|75\/100 brn|[from] brn\n|upkeep\n|turn|47\n|\n|t:|1650216539\n|move|p2a: Flygon|Defog|p1a: Toxapex\n|-unboost|p1a: Toxapex|evasion|1\n|-sideend|p2: Dallyranks|Stealth Rock|[from] move: Defog|[of] p2a: Flygon\n|move|p1a: Toxapex|Toxic Spikes|p2a: Flygon\n|-sidestart|p2: Dallyranks|move: Toxic Spikes\n|\n|-damage|p2a: Flygon|69\/100 brn|[from] brn\n|upkeep\n|turn|48\n|\n|t:|1650216547\n|move|p2a: Flygon|Defog|p1a: Toxapex\n|-unboost|p1a: Toxapex|evasion|1\n|-sideend|p2: Dallyranks|Toxic Spikes|[from] move: Defog|[of] p2a: Flygon\n|move|p1a: Toxapex|Scald|p2a: Flygon\n|-damage|p2a: Flygon|56\/100 brn\n|\n|-damage|p2a: Flygon|50\/100 brn|[from] brn\n|upkeep\n|turn|49\n|\n|t:|1650216556\n|move|p2a: Flygon|Roost|p2a: Flygon\n|-heal|p2a: Flygon|99\/100 brn\n|-singleturn|p2a: Flygon|move: Roost\n|move|p1a: Toxapex|Toxic Spikes|p2a: Flygon\n|-sidestart|p2: Dallyranks|move: Toxic Spikes\n|\n|-damage|p2a: Flygon|94\/100 brn|[from] brn\n|upkeep\n|turn|50\n|\n|t:|1650216574\n|switch|p2a: Colby|Slowbro, M|100\/100\n|-status|p2a: Colby|psn\n|move|p1a: Toxapex|Scald|p2a: Colby\n|-resisted|p2a: Colby\n|-damage|p2a: Colby|92\/100 psn\n|\n|-damage|p2a: Colby|79\/100 psn|[from] psn\n|upkeep\n|turn|51\n|j| simplegent\n|\n|t:|1650216585\n|switch|p1a: Blissey|Blissey, F|88\/100\n|move|p2a: Colby|Future Sight|p1a: Blissey\n|-start|p2a: Colby|move: Future Sight\n|\n|-damage|p2a: Colby|67\/100 psn|[from] psn\n|upkeep\n|turn|52\n|\n|t:|1650216598\n|switch|p1a: Jirachi|Jirachi|99\/100\n|switch|p2a: Weezing|Weezing-Galar, F|88\/100\n|\n|-heal|p1a: Jirachi|100\/100|[from] item: Leftovers\n|upkeep\n|turn|53\n|\n|t:|1650216607\n|move|p1a: Jirachi|Iron Head|p2a: Weezing\n|-supereffective|p2a: Weezing\n|-damage|p2a: Weezing|50\/100\n|-damage|p1a: Jirachi|84\/100|[from] item: Rocky Helmet|[of] p2a: Weezing\n|move|p2a: Weezing|Will-O-Wisp|p1a: Jirachi\n|-status|p1a: Jirachi|brn\n|\n|-end|p1a: Jirachi|move: Future Sight\n|-resisted|p1a: Jirachi\n|-damage|p1a: Jirachi|77\/100 brn\n|-heal|p1a: Jirachi|83\/100 brn|[from] item: Leftovers\n|-damage|p1a: Jirachi|77\/100 brn|[from] brn\n|upkeep\n|turn|54\n|\n|t:|1650216621\n|move|p1a: Jirachi|Iron Head|p2a: Weezing\n|-supereffective|p2a: Weezing\n|-damage|p2a: Weezing|31\/100\n|-damage|p1a: Jirachi|61\/100 brn|[from] item: Rocky Helmet|[of] p2a: Weezing\n|cant|p2a: Weezing|flinch\n|\n|-heal|p1a: Jirachi|67\/100 brn|[from] item: Leftovers\n|-damage|p1a: Jirachi|61\/100 brn|[from] brn\n|upkeep\n|turn|55\n|\n|t:|1650216631\n|switch|p2a: Flygon|Flygon, F|94\/100 brn\n|move|p1a: Jirachi|Iron Head|p2a: Flygon\n|-damage|p2a: Flygon|79\/100 brn\n|-damage|p1a: Jirachi|44\/100 brn|[from] item: Rocky Helmet|[of] p2a: Flygon\n|\n|-heal|p1a: Jirachi|50\/100 brn|[from] item: Leftovers\n|-damage|p1a: Jirachi|44\/100 brn|[from] brn\n|-damage|p2a: Flygon|73\/100 brn|[from] brn\n|upkeep\n|turn|56\n|\n|t:|1650216643\n|switch|p1a: Toxapex|Toxapex, M|100\/100\n|move|p2a: Flygon|Defog|p1a: Toxapex\n|-unboost|p1a: Toxapex|evasion|1\n|-sideend|p2: Dallyranks|Toxic Spikes|[from] move: Defog|[of] p2a: Flygon\n|\n|-damage|p2a: Flygon|67\/100 brn|[from] brn\n|upkeep\n|turn|57\n|\n|t:|1650216652\n|switch|p2a: Weezing|Weezing-Galar, F|31\/100\n|move|p1a: Toxapex|Toxic Spikes|p2a: Weezing\n|-sidestart|p2: Dallyranks|move: Toxic Spikes\n|\n|upkeep\n|turn|58\n|\n|t:|1650216658\n|switch|p1a: Jirachi|Jirachi|44\/100 brn\n|move|p2a: Weezing|Pain Split|p1a: Jirachi\n|-sethp|p1a: Jirachi|35\/100 brn|[from] move: Pain Split|[silent]\n|-sethp|p2a: Weezing|42\/100|[from] move: Pain Split\n|\n|-heal|p1a: Jirachi|41\/100 brn|[from] item: Leftovers\n|-damage|p1a: Jirachi|35\/100 brn|[from] brn\n|upkeep\n|turn|59\n|\n|t:|1650216675\n|switch|p2a: Colby|Slowbro, M|99\/100 psn\n|move|p1a: Jirachi|Wish|p1a: Jirachi\n|\n|-heal|p1a: Jirachi|41\/100 brn|[from] item: Leftovers\n|-damage|p2a: Colby|88\/100 psn|[from] psn\n|-damage|p1a: Jirachi|35\/100 brn|[from] brn\n|upkeep\n|turn|60\n|\n|t:|1650216686\n|move|p1a: Jirachi|Protect|p1a: Jirachi\n|-singleturn|p1a: Jirachi|Protect\n|move|p2a: Colby|Teleport|p2a: Colby\n|\n|t:|1650216692\n|switch|p2a: Flygon|Flygon, F|67\/100 brn|[from]move: Teleport\n|\n|-heal|p1a: Jirachi|85\/100 brn|[from] move: Wish|[wisher] Jirachi\n|-heal|p1a: Jirachi|91\/100 brn|[from] item: Leftovers\n|-damage|p1a: Jirachi|85\/100 brn|[from] brn\n|-damage|p2a: Flygon|61\/100 brn|[from] brn\n|upkeep\n|turn|61\n|\n|t:|1650216703\n|switch|p1a: Blissey|Blissey, F|88\/100\n|move|p2a: Flygon|Roost|p2a: Flygon\n|-heal|p2a: Flygon|100\/100 brn\n|-singleturn|p2a: Flygon|move: Roost\n|\n|-damage|p2a: Flygon|94\/100 brn|[from] brn\n|upkeep\n|turn|62\n|\n|t:|1650216711\n|move|p2a: Flygon|Defog|p1a: Blissey\n|-unboost|p1a: Blissey|evasion|1\n|-sideend|p2: Dallyranks|Toxic Spikes|[from] move: Defog|[of] p2a: Flygon\n|move|p1a: Blissey|Heal Bell|p1a: Blissey\n|-activate|p1a: Blissey|move: Heal Bell\n|-curestatus|p1: Jirachi|brn|[msg]\n|-curestatus|p1: Landorus|tox|[msg]\n|\n|-damage|p2a: Flygon|88\/100 brn|[from] brn\n|upkeep\n|turn|63\n|\n|t:|1650216722\n|move|p2a: Flygon|Toxic|p1a: Blissey\n|-status|p1a: Blissey|tox\n|move|p1a: Blissey|Toxic|p2a: Flygon|[miss]\n|-miss|p1a: Blissey|p2a: Flygon\n|\n|-damage|p1a: Blissey|82\/100 tox|[from] psn\n|-damage|p2a: Flygon|82\/100 brn|[from] brn\n|upkeep\n|turn|64\n|\n|t:|1650216731\n|-curestatus|p1a: Blissey|tox|[from] ability: Natural Cure\n|switch|p1a: Toxapex|Toxapex, M|100\/100\n|move|p2a: Flygon|Earthquake|p1a: Toxapex\n|-supereffective|p1a: Toxapex\n|-damage|p1a: Toxapex|79\/100\n|\n|-damage|p2a: Flygon|76\/100 brn|[from] brn\n|upkeep\n|turn|65\n|\n|t:|1650216743\n|switch|p2a: Heliolisk|Heliolisk, M|100\/100\n|move|p1a: Toxapex|Toxic Spikes|p2a: Heliolisk\n|-sidestart|p2: Dallyranks|move: Toxic Spikes\n|\n|upkeep\n|turn|66\n|\n|t:|1650216755\n|switch|p1a: Jirachi|Jirachi|85\/100\n|move|p2a: Heliolisk|U-turn|p1a: Jirachi\n|-damage|p1a: Jirachi|77\/100\n|\n|t:|1650216761\n|switch|p2a: Flygon|Flygon, F|76\/100 brn|[from]move: U-turn\n|\n|-heal|p1a: Jirachi|83\/100|[from] item: Leftovers\n|-damage|p2a: Flygon|70\/100 brn|[from] brn\n|upkeep\n|turn|67\n|\n|t:|1650216770\n|move|p1a: Jirachi|Iron Head|p2a: Flygon\n|-damage|p2a: Flygon|39\/100 brn\n|-damage|p1a: Jirachi|66\/100|[from] item: Rocky Helmet|[of] p2a: Flygon\n|move|p2a: Flygon|Defog|p1a: Jirachi\n|-unboost|p1a: Jirachi|evasion|1\n|-sideend|p2: Dallyranks|Toxic Spikes|[from] move: Defog|[of] p2a: Flygon\n|\n|-heal|p1a: Jirachi|73\/100|[from] item: Leftovers\n|-damage|p2a: Flygon|33\/100 brn|[from] brn\n|upkeep\n|turn|68\n|j| thesky12321\n|l| thesky12321\n|\n|t:|1650216787\n|switch|p2a: Colby|Slowbro, M|100\/100 psn\n|move|p1a: Jirachi|Iron Head|p2a: Colby\n|-resisted|p2a: Colby\n|-damage|p2a: Colby|92\/100 psn\n|\n|-heal|p1a: Jirachi|79\/100|[from] item: Leftovers\n|-damage|p2a: Colby|80\/100 psn|[from] psn\n|upkeep\n|turn|69\n|\n|t:|1650216797\n|move|p1a: Jirachi|Wish|p1a: Jirachi\n|move|p2a: Colby|Teleport|p2a: Colby\n|\n|t:|1650216800\n|switch|p2a: Gimme3|Marowak-Alola, F|100\/100|[from]move: Teleport\n|\n|-heal|p1a: Jirachi|85\/100|[from] item: Leftovers\n|upkeep\n|turn|70\n|\n|t:|1650216818\n|switch|p2a: Weezing|Weezing-Galar, F|42\/100\n|move|p1a: Jirachi|Trick|p2a: Weezing\n|-activate|p1a: Jirachi|move: Trick|[of] p2a: Weezing\n|-item|p2a: Weezing|Leftovers|[from] move: Trick\n|-item|p1a: Jirachi|Rocky Helmet|[from] move: Trick\n|\n|-heal|p1a: Jirachi|100\/100|[from] move: Wish|[wisher] Jirachi\n|-heal|p2a: Weezing|48\/100|[from] item: Leftovers\n|upkeep\n|turn|71\n|\n|t:|1650216839\n|switch|p2a: Colby|Slowbro, M|100\/100 psn\n|move|p1a: Jirachi|Iron Head|p2a: Colby\n|-resisted|p2a: Colby\n|-damage|p2a: Colby|92\/100 psn\n|\n|-damage|p2a: Colby|80\/100 psn|[from] psn\n|upkeep\n|turn|72\n|\n|t:|1650216847\n|move|p1a: Jirachi|Iron Head|p2a: Colby\n|-resisted|p2a: Colby\n|-damage|p2a: Colby|71\/100 psn\n|cant|p2a: Colby|flinch\n|\n|-damage|p2a: Colby|59\/100 psn|[from] psn\n|upkeep\n|turn|73\n|\n|t:|1650216855\n|switch|p2a: Uber?|Melmetal|45\/100\n|move|p1a: Jirachi|Iron Head|p2a: Uber?\n|-resisted|p2a: Uber?\n|-damage|p2a: Uber?|38\/100\n|\n|-heal|p2a: Uber?|44\/100|[from] item: Leftovers\n|upkeep\n|turn|74\n|\n|t:|1650216863\n|move|p2a: Uber?|Protect|p2a: Uber?\n|-singleturn|p2a: Uber?|Protect\n|move|p1a: Jirachi|Trick|p2a: Uber?\n|-activate|p2a: Uber?|move: Protect\n|\n|-heal|p2a: Uber?|50\/100|[from] item: Leftovers\n|upkeep\n|turn|75\n|\n|t:|1650216872\n|switch|p1a: Toxapex|Toxapex, M|100\/100\n|switch|p2a: Colby|Slowbro, M|92\/100 psn\n|\n|-damage|p2a: Colby|80\/100 psn|[from] psn\n|upkeep\n|turn|76\n|\n|t:|1650216881\n|switch|p2a: Flygon|Flygon, F|33\/100 brn\n|move|p1a: Toxapex|Toxic Spikes|p2a: Flygon\n|-sidestart|p2: Dallyranks|move: Toxic Spikes\n|\n|-damage|p2a: Flygon|27\/100 brn|[from] brn\n|upkeep\n|turn|77\n|\n|t:|1650216889\n|switch|p1a: Jirachi|Jirachi|100\/100\n|move|p2a: Flygon|Roost|p2a: Flygon\n|-heal|p2a: Flygon|77\/100 brn\n|-singleturn|p2a: Flygon|move: Roost\n|\n|-damage|p2a: Flygon|71\/100 brn|[from] brn\n|upkeep\n|turn|78\n|\n|t:|1650216897\n|switch|p2a: Uber?|Melmetal|50\/100\n|move|p1a: Jirachi|Iron Head|p2a: Uber?\n|-resisted|p2a: Uber?\n|-damage|p2a: Uber?|44\/100\n|\n|-heal|p2a: Uber?|50\/100|[from] item: Leftovers\n|upkeep\n|turn|79\n|\n|t:|1650216906\n|switch|p1a: Landorus|Landorus-Therian, M|76\/100\n|-ability|p1a: Landorus|Intimidate|boost\n|-unboost|p2a: Uber?|atk|1\n|move|p2a: Uber?|Protect||[still]\n|-fail|p2a: Uber?\n|\n|-heal|p1a: Landorus|82\/100|[from] item: Leftovers\n|-heal|p2a: Uber?|56\/100|[from] item: Leftovers\n|upkeep\n|turn|80\n|\n|t:|1650216917\n|switch|p1a: Blissey|Blissey, F|82\/100\n|move|p2a: Uber?|Protect||[still]\n|-fail|p2a: Uber?\n|\n|-heal|p2a: Uber?|62\/100|[from] item: Leftovers\n|upkeep\n|turn|81\n|j| HeyBluez\n|\n|t:|1650216929\n|move|p1a: Blissey|Soft-Boiled|p1a: Blissey\n|-heal|p1a: Blissey|100\/100\n|move|p2a: Uber?|Earthquake|p1a: Blissey\n|-damage|p1a: Blissey|84\/100\n|\n|-heal|p2a: Uber?|68\/100|[from] item: Leftovers\n|upkeep\n|turn|82\n|\n|t:|1650216941\n|switch|p2a: Weezing|Weezing-Galar, F|48\/100\n|move|p1a: Blissey|Stealth Rock|p2a: Weezing\n|-sidestart|p2: Dallyranks|move: Stealth Rock\n|\n|-heal|p2a: Weezing|54\/100|[from] item: Leftovers\n|upkeep\n|turn|83\n|\n|t:|1650216950\n|move|p2a: Weezing|Defog|p1a: Blissey\n|-unboost|p1a: Blissey|evasion|1\n|-sideend|p2: Dallyranks|Toxic Spikes|[from] move: Defog|[of] p2a: Weezing\n|-sideend|p2: Dallyranks|Stealth Rock|[from] move: Defog|[of] p2a: Weezing\n|move|p1a: Blissey|Stealth Rock|p2a: Weezing\n|-sidestart|p2: Dallyranks|move: Stealth Rock\n|\n|-heal|p2a: Weezing|60\/100|[from] item: Leftovers\n|upkeep\n|turn|84\n|j| JkMash\n|\n|t:|1650216962\n|move|p2a: Weezing|Defog|p1a: Blissey\n|-unboost|p1a: Blissey|evasion|1\n|-sideend|p2: Dallyranks|Stealth Rock|[from] move: Defog|[of] p2a: Weezing\n|move|p1a: Blissey|Stealth Rock|p2a: Weezing\n|-sidestart|p2: Dallyranks|move: Stealth Rock\n|\n|-heal|p2a: Weezing|66\/100|[from] item: Leftovers\n|upkeep\n|turn|85\n|\n|t:|1650216970\n|move|p2a: Weezing|Pain Split|p1a: Blissey\n|-sethp|p1a: Blissey|57\/100|[from] move: Pain Split|[silent]\n|-sethp|p2a: Weezing|100\/100|[from] move: Pain Split\n|move|p1a: Blissey|Stealth Rock||[still]\n|-fail|p1a: Blissey\n|\n|upkeep\n|turn|86\n|\n|t:|1650216985\n|move|p2a: Weezing|Will-O-Wisp|p1a: Blissey\n|-status|p1a: Blissey|brn\n|move|p1a: Blissey|Soft-Boiled|p1a: Blissey\n|-heal|p1a: Blissey|100\/100 brn\n|\n|-damage|p1a: Blissey|94\/100 brn|[from] brn\n|upkeep\n|turn|87\n|j| thesky12321\n|\n|t:|1650217002\n|move|p2a: Weezing|Pain Split|p1a: Blissey\n|-sethp|p1a: Blissey|71\/100 brn|[from] move: Pain Split|[silent]\n|-sethp|p2a: Weezing|100\/100|[from] move: Pain Split\n|move|p1a: Blissey|Stealth Rock||[still]\n|-fail|p1a: Blissey\n|\n|-damage|p1a: Blissey|65\/100 brn|[from] brn\n|upkeep\n|turn|88\n|\n|t:|1650217019\n|move|p2a: Weezing|Strange Steam|p1a: Blissey\n|-damage|p1a: Blissey|55\/100 brn\n|move|p1a: Blissey|Stealth Rock||[still]\n|-fail|p1a: Blissey\n|\n|-damage|p1a: Blissey|49\/100 brn|[from] brn\n|upkeep\n|turn|89\n|\n|t:|1650217035\n|move|p2a: Weezing|Strange Steam|p1a: Blissey\n|-damage|p1a: Blissey|38\/100 brn\n|move|p1a: Blissey|Soft-Boiled|p1a: Blissey\n|-heal|p1a: Blissey|88\/100 brn\n|\n|-damage|p1a: Blissey|82\/100 brn|[from] brn\n|upkeep\n|turn|90\n|\n|t:|1650217043\n|move|p2a: Weezing|Defog|p1a: Blissey\n|-unboost|p1a: Blissey|evasion|1\n|-sideend|p2: Dallyranks|Stealth Rock|[from] move: Defog|[of] p2a: Weezing\n|move|p1a: Blissey|Stealth Rock|p2a: Weezing\n|-sidestart|p2: Dallyranks|move: Stealth Rock\n|\n|-damage|p1a: Blissey|76\/100 brn|[from] brn\n|upkeep\n|turn|91\n|\n|t:|1650217052\n|move|p2a: Weezing|Strange Steam|p1a: Blissey\n|-damage|p1a: Blissey|65\/100 brn\n|move|p1a: Blissey|Toxic|p2a: Weezing|[miss]\n|-miss|p1a: Blissey|p2a: Weezing\n|\n|-damage|p1a: Blissey|59\/100 brn|[from] brn\n|upkeep\n|turn|92\n|\n|t:|1650217060\n|move|p2a: Weezing|Strange Steam|p1a: Blissey\n|-damage|p1a: Blissey|49\/100 brn\n|move|p1a: Blissey|Soft-Boiled|p1a: Blissey\n|-heal|p1a: Blissey|99\/100 brn\n|\n|-damage|p1a: Blissey|93\/100 brn|[from] brn\n|upkeep\n|turn|93\n|\n|t:|1650217068\n|move|p2a: Weezing|Strange Steam|p1a: Blissey\n|-damage|p1a: Blissey|83\/100 brn\n|move|p1a: Blissey|Toxic|p2a: Weezing\n|-immune|p2a: Weezing\n|\n|-damage|p1a: Blissey|77\/100 brn|[from] brn\n|upkeep\n|turn|94\n|\n|t:|1650217080\n|move|p2a: Weezing|Defog|p1a: Blissey\n|-unboost|p1a: Blissey|evasion|1\n|-sideend|p2: Dallyranks|Stealth Rock|[from] move: Defog|[of] p2a: Weezing\n|move|p1a: Blissey|Stealth Rock|p2a: Weezing\n|-sidestart|p2: Dallyranks|move: Stealth Rock\n|\n|-damage|p1a: Blissey|71\/100 brn|[from] brn\n|upkeep\n|turn|95\n|\n|t:|1650217090\n|-curestatus|p1a: Blissey|brn|[from] ability: Natural Cure\n|switch|p1a: Jirachi|Jirachi|100\/100\n|move|p2a: Weezing|Defog|p1a: Jirachi\n|-unboost|p1a: Jirachi|evasion|1\n|-sideend|p2: Dallyranks|Stealth Rock|[from] move: Defog|[of] p2a: Weezing\n|\n|upkeep\n|turn|96\n|\n|t:|1650217098\n|switch|p1a: Blissey|Blissey, F|71\/100\n|switch|p2a: Colby|Slowbro, M|100\/100 psn\n|\n|-damage|p2a: Colby|88\/100 psn|[from] psn\n|upkeep\n|turn|97\n|\n|t:|1650217107\n|move|p1a: Blissey|Stealth Rock|p2a: Colby\n|-sidestart|p2: Dallyranks|move: Stealth Rock\n|move|p2a: Colby|Teleport|p2a: Colby\n|\n|t:|1650217111\n|switch|p2a: Gimme3|Marowak-Alola, F|100\/100|[from]move: Teleport\n|-damage|p2a: Gimme3|75\/100|[from] Stealth Rock\n|\n|upkeep\n|turn|98\n|\n|t:|1650217121\n|switch|p1a: Clefable|Clefable, F|100\/100\n|move|p2a: Gimme3|Flare Blitz|p1a: Clefable\n|-damage|p1a: Clefable|19\/100\n|\n|-heal|p1a: Clefable|25\/100|[from] item: Leftovers\n|upkeep\n|turn|99\n|\n|t:|1650217129\n|move|p2a: Gimme3|Poltergeist|p1a: Clefable\n|-activate|p1a: Clefable|move: Poltergeist|Leftovers\n|-damage|p1a: Clefable|0 fnt\n|faint|p1a: Clefable\n|\n|upkeep\n|c|\u2606SKIP THE DRIP|jesus\n|c|\u2606SKIP THE DRIP|how fast\n|c|\u2606SKIP THE DRIP|is this\n|\n|t:|1650217149\n|switch|p1a: Toxapex|Toxapex, M|100\/100\n|turn|100\n|\n|t:|1650217173\n|switch|p1a: Landorus|Landorus-Therian, M|82\/100\n|-ability|p1a: Landorus|Intimidate|boost\n|-unboost|p2a: Gimme3|atk|1\n|move|p2a: Gimme3|Swords Dance|p2a: Gimme3\n|-boost|p2a: Gimme3|atk|2\n|\n|-heal|p1a: Landorus|88\/100|[from] item: Leftovers\n|upkeep\n|turn|101\n|inactive|Dallyranks has 120 seconds left.\n|\n|t:|1650217198\n|switch|p2a: Weezing|Weezing-Galar, F|100\/100\n|-damage|p2a: Weezing|88\/100|[from] Stealth Rock\n|move|p1a: Landorus|Earth Power|p2a: Weezing\n|-immune|p2a: Weezing|[from] ability: Levitate\n|\n|-heal|p1a: Landorus|94\/100|[from] item: Leftovers\n|-heal|p2a: Weezing|94\/100|[from] item: Leftovers\n|upkeep\n|turn|102\n|\n|t:|1650217208\n|switch|p1a: Blissey|Blissey, F|71\/100\n|move|p2a: Weezing|Defog|p1a: Blissey\n|-unboost|p1a: Blissey|evasion|1\n|-sideend|p2: Dallyranks|Stealth Rock|[from] move: Defog|[of] p2a: Weezing\n|\n|-heal|p2a: Weezing|99\/100|[from] item: Leftovers\n|upkeep\n|turn|103\n|\n|t:|1650217217\n|switch|p2a: Gimme3|Marowak-Alola, F|75\/100\n|move|p1a: Blissey|Toxic|p2a: Gimme3\n|-status|p2a: Gimme3|tox\n|\n|-damage|p2a: Gimme3|69\/100 tox|[from] psn\n|upkeep\n|turn|104\n|\n|t:|1650217227\n|switch|p1a: Landorus|Landorus-Therian, M|94\/100\n|-ability|p1a: Landorus|Intimidate|boost\n|-unboost|p2a: Gimme3|atk|1\n|move|p2a: Gimme3|Swords Dance|p2a: Gimme3\n|-boost|p2a: Gimme3|atk|2\n|\n|-heal|p1a: Landorus|100\/100|[from] item: Leftovers\n|-damage|p2a: Gimme3|57\/100 tox|[from] psn\n|upkeep\n|turn|105\n|l| HeyBluez\n|inactive|Dallyranks has 90 seconds left.\n|j| De5tr0yr\n|l| De5tr0yr\n|j| Gran Clefable\n|\n|t:|1650217275\n|switch|p2a: Weezing|Weezing-Galar, F|99\/100\n|move|p1a: Landorus|Earth Power|p2a: Weezing\n|-immune|p2a: Weezing|[from] ability: Levitate\n|\n|-heal|p2a: Weezing|100\/100|[from] item: Leftovers\n|upkeep\n|turn|106\n|\n|t:|1650217283\n|switch|p2a: Gimme3|Marowak-Alola, F|57\/100 tox\n|move|p1a: Landorus|Earth Power|p2a: Gimme3\n|-supereffective|p2a: Gimme3\n|-damage|p2a: Gimme3|0 fnt\n|faint|p2a: Gimme3\n|\n|upkeep\n|j| limitless pill\n|inactive|Dallyranks has 60 seconds left.\n|c|\u2606Dallyranks|Nice the t spikes\n|c|\u2606Dallyranks|annoying\n|c|\u2606Dallyranks|lol\n|c|\u2606SKIP THE DRIP|ye\n|c|\u2606SKIP THE DRIP|i gotta keep some pressure\n|inactive|Dallyranks has 30 seconds left.\n|c|\u2606Dallyranks|should had just more patience\n|c|\u2606SKIP THE DRIP|rocks not enough\n|inactive|Dallyranks has 20 seconds left.\n|inactive|Dallyranks has 15 seconds left.\n|inactive|Dallyranks has 10 seconds left.\n|c|\u2606SKIP THE DRIP|i didnt expect that awak\n|c|\u2606Dallyranks|actually lost because of not being patient\n|inactive|Dallyranks has 5 seconds left.\n|-message|Dallyranks lost due to inactivity.\n|\n|win|SKIP THE DRIP\n|raw|SKIP THE DRIP's rating: 1855 &rarr; <strong>1868<\/strong><br \/>(+13 for winning)\n|raw|Dallyranks's rating: 1725 &rarr; <strong>1712<\/strong><br \/>(-13 for losing)\n|c|\u2606SKIP THE DRIP|to be kick\n|c|\u2606SKIP THE DRIP|lol\n|c|\u2606Dallyranks|thats the way to beat stall\n|l| thesky12321\n|c|\u2606SKIP THE DRIP|ye\n|c|\u2606SKIP THE DRIP|its hard tho\n|c|\u2606Dallyranks|Gg\n|c|\u2606SKIP THE DRIP|gg\n|c|\u2606Dallyranks|No\n|c|\u2606Dallyranks|i beat this all the time\n|c|\u2606SKIP THE DRIP|i can afford to be patient\n|c|\u2606Dallyranks|if you say so\n||Ladder isn't responding, score probably updated but might not have (Request timeout).\n|c|\u2606SKIP THE DRIP|u gotta be a mix of bot\n|c|\u2606SKIP THE DRIP|both\n|l| Gran Clefable\n|c|\u2606SKIP THE DRIP|u dont wanna be too patient\n|c|\u2606Dallyranks|a couple of times all I had to go do was poltergeist on lando\n|c|\u2606SKIP THE DRIP|u also dont wanna be too aggresive\n|c|\u2606Dallyranks|Incoming\n|l| simplegent\n|c|\u2606SKIP THE DRIP|ye\n|l|\u2606SKIP THE DRIP\n|l|\u2606Dallyranks\n|l| limitless pill\n|l| uhidkwatdo\n|l| JkMash\n|j| Shiddopro\n|l| faunazon\n|l| ItJustSamX\n|l| Shiddopro\n|l| asmpog\n|l| MichiArabe\n|l| MoonWeasel\n|j| MichiArabe\n|j| Archie034\n|l| Archie034\n|l| MichiArabe\n","uploadtime":1650221482,"views":63,"p1id":"skipthedrip","p2id":"dallyranks","formatid":"gen8ou","rating":1712,"private":0,"password":null}