{"id":"gen8uu-1096395076","p1":"GORAN EL DRACO","p2":"Can'tFight","format":"gen8uu","log":"|j|\u2606GORAN EL DRACO\n|j|\u2606Can'tFight\n|player|p1|GORAN EL DRACO|76|1496\n|player|p2|Can'tFight|eusine|1326\n|teamsize|p1|6\n|teamsize|p2|6\n|gametype|singles\n|gen|8\n|tier|[Gen 8] UU\n|rated|\n|clearpoke\n|poke|p1|Mantine, M|\n|poke|p1|Torkoal, F|\n|poke|p1|Venusaur, M|\n|poke|p1|Darmanitan, F|\n|poke|p1|Haxorus, F|\n|poke|p1|Sirfetch'd, M|\n|poke|p2|Toxicroak, F|\n|poke|p2|Chandelure, M|\n|poke|p2|Flygon, F|\n|poke|p2|Weezing-Galar, M|\n|poke|p2|Golisopod, M|\n|poke|p2|Togedemaru, M|\n|rule|Sleep Clause Mod: Limit one foe put to sleep\n|rule|Species Clause: Limit one of each Pok\u00e9mon\n|rule|OHKO Clause: OHKO moves are banned\n|rule|Evasion Moves Clause: Evasion moves are banned\n|rule|Endless Battle Clause: Forcing endless battles is banned\n|rule|HP Percentage Mod: HP is shown in percentages\n|rule|Dynamax Clause: You cannot dynamax\n|teampreview\n|inactive|Battle timer is ON: inactive players will automatically lose when time's up. (requested by GORAN EL DRACO)\n|\n|start\n|switch|p1a: Sirfetch'd|Sirfetch'd, M|100\/100\n|switch|p2a: Flygon|Flygon, F|100\/100\n|turn|1\n|\n|switch|p2a: Weezing|Weezing-Galar, M|100\/100\n|move|p1a: Sirfetch'd|Steel Wing|p2a: Weezing\n|-supereffective|p2a: Weezing\n|-damage|p2a: Weezing|44\/100\n|\n|-heal|p2a: Weezing|50\/100|[from] item: Black Sludge\n|upkeep\n|turn|2\n|\n|switch|p1a: Darmanitan|Darmanitan, F|100\/100\n|switch|p2a: Golisopod|Golisopod, M|100\/100\n|\n|upkeep\n|turn|3\n|\n|move|p1a: Darmanitan|U-turn|p2a: Golisopod\n|-damage|p2a: Golisopod|78\/100\n|\n|switch|p1a: Torkoal|Torkoal, F|100\/100|[from]move: U-turn\n|-weather|SunnyDay|[from] ability: Drought|[of] p1a: Torkoal\n|move|p2a: Golisopod|Spikes|p1a: Torkoal\n|-sidestart|p1: GORAN EL DRACO|Spikes\n|\n|-weather|SunnyDay|[upkeep]\n|upkeep\n|turn|4\n|\n|switch|p2a: Chandelure|Chandelure, M|100\/100\n|move|p1a: Torkoal|Stealth Rock|p2a: Chandelure\n|-sidestart|p2: Can'tFight|move: Stealth Rock\n|\n|-weather|SunnyDay|[upkeep]\n|upkeep\n|turn|5\n|\n|switch|p1a: Mantine|Mantine, M|100\/100\n|move|p2a: Chandelure|Flamethrower|p1a: Mantine\n|-resisted|p1a: Mantine\n|-damage|p1a: Mantine|79\/100\n|\n|-weather|SunnyDay|[upkeep]\n|upkeep\n|turn|6\n|\n|switch|p2a: Toxicroak|Toxicroak, F|100\/100\n|-damage|p2a: Toxicroak|94\/100|[from] Stealth Rock\n|move|p1a: Mantine|Air Slash|p2a: Toxicroak\n|-supereffective|p2a: Toxicroak\n|-damage|p2a: Toxicroak|53\/100\n|\n|-weather|SunnyDay|[upkeep]\n|-damage|p2a: Toxicroak|40\/100|[from] ability: Dry Skin|[of] p2a: Toxicroak\n|upkeep\n|turn|7\n|\n|switch|p2a: Togedemaru|Togedemaru, M|100\/100\n|-damage|p2a: Togedemaru|95\/100|[from] Stealth Rock\n|move|p1a: Mantine|Air Slash|p2a: Togedemaru\n|-resisted|p2a: Togedemaru\n|-damage|p2a: Togedemaru|89\/100\n|\n|-weather|SunnyDay|[upkeep]\n|-heal|p2a: Togedemaru|95\/100|[from] item: Leftovers\n|upkeep\n|turn|8\n|\n|switch|p1a: Torkoal|Torkoal, F|100\/100\n|-damage|p1a: Torkoal|88\/100|[from] Spikes\n|move|p2a: Togedemaru|Nuzzle|p1a: Torkoal\n|-damage|p1a: Torkoal|84\/100\n|-status|p1a: Torkoal|par\n|\n|-weather|SunnyDay|[upkeep]\n|-heal|p2a: Togedemaru|100\/100|[from] item: Leftovers\n|upkeep\n|turn|9\n|\n|move|p2a: Togedemaru|Spiky Shield|p2a: Togedemaru\n|-singleturn|p2a: Togedemaru|move: Protect\n|cant|p1a: Torkoal|par\n|\n|-weather|SunnyDay|[upkeep]\n|upkeep\n|turn|10\n|inactive|GORAN EL DRACO has 120 seconds left.\n|\n|switch|p2a: Chandelure|Chandelure, M|100\/100\n|-damage|p2a: Chandelure|76\/100|[from] Stealth Rock\n|move|p1a: Torkoal|Rapid Spin|p2a: Chandelure\n|-immune|p2a: Chandelure\n|\n|-weather|none\n|upkeep\n|turn|11\n|\n|switch|p1a: Mantine|Mantine, M|79\/100\n|move|p2a: Chandelure|Trick|p1a: Mantine\n|-activate|p2a: Chandelure|move: Trick|[of] p1a: Mantine\n|-item|p1a: Mantine|Choice Scarf|[from] move: Trick\n|-item|p2a: Chandelure|Heavy-Duty Boots|[from] move: Trick\n|\n|upkeep\n|turn|12\n|inactive|GORAN EL DRACO has 120 seconds left.\n|inactive|GORAN EL DRACO has 90 seconds left.\n|\n|move|p2a: Chandelure|Shadow Ball|p1a: Mantine\n|-damage|p1a: Mantine|55\/100\n|-unboost|p1a: Mantine|spd|1\n|move|p1a: Mantine|Air Slash|p2a: Chandelure\n|-damage|p2a: Chandelure|46\/100\n|\n|upkeep\n|turn|13\n|\n|switch|p2a: Togedemaru|Togedemaru, M|100\/100\n|-damage|p2a: Togedemaru|95\/100|[from] Stealth Rock\n|move|p1a: Mantine|Air Slash|p2a: Togedemaru\n|-resisted|p2a: Togedemaru\n|-damage|p2a: Togedemaru|89\/100\n|\n|-heal|p2a: Togedemaru|95\/100|[from] item: Leftovers\n|upkeep\n|turn|14\n|\n|switch|p1a: Torkoal|Torkoal, F|84\/100 par\n|-damage|p1a: Torkoal|72\/100 par|[from] Spikes\n|-weather|SunnyDay|[from] ability: Drought|[of] p1a: Torkoal\n|move|p2a: Togedemaru|Wish|p2a: Togedemaru\n|\n|-weather|SunnyDay|[upkeep]\n|-heal|p2a: Togedemaru|100\/100|[from] item: Leftovers\n|upkeep\n|turn|15\n|\n|switch|p2a: Chandelure|Chandelure, M|46\/100\n|switch|p1a: Haxorus|Haxorus, F|100\/100\n|-damage|p1a: Haxorus|88\/100|[from] Spikes\n|-ability|p1a: Haxorus|Mold Breaker\n|\n|-weather|SunnyDay|[upkeep]\n|-heal|p2a: Chandelure|100\/100|[from] move: Wish|[wisher] Togedemaru\n|upkeep\n|turn|16\n|\n|move|p1a: Haxorus|Dragon Dance|p1a: Haxorus\n|-boost|p1a: Haxorus|atk|1\n|-boost|p1a: Haxorus|spe|1\n|move|p2a: Chandelure|Shadow Ball|p1a: Haxorus\n|-damage|p1a: Haxorus|21\/100\n|\n|-weather|SunnyDay|[upkeep]\n|upkeep\n|turn|17\n|inactive|GORAN EL DRACO has 90 seconds left.\n|\n|switch|p2a: Toxicroak|Toxicroak, F|40\/100\n|-damage|p2a: Toxicroak|34\/100|[from] Stealth Rock\n|move|p1a: Haxorus|Earthquake|p2a: Toxicroak\n|-supereffective|p2a: Toxicroak\n|-damage|p2a: Toxicroak|0 fnt\n|faint|p2a: Toxicroak\n|\n|-weather|SunnyDay|[upkeep]\n|upkeep\n|\n|switch|p2a: Golisopod|Golisopod, M|78\/100\n|turn|18\n|inactive|GORAN EL DRACO has 90 seconds left.\n|\n|switch|p1a: Mantine|Mantine, M|55\/100\n|move|p2a: Golisopod|First Impression|p1a: Mantine\n|-resisted|p1a: Mantine\n|-damage|p1a: Mantine|29\/100\n|\n|-weather|SunnyDay|[upkeep]\n|upkeep\n|turn|19\n|inactive|GORAN EL DRACO has 90 seconds left.\n|\n|switch|p1a: Haxorus|Haxorus, F|21\/100\n|-damage|p1a: Haxorus|9\/100|[from] Spikes\n|-ability|p1a: Haxorus|Mold Breaker\n|move|p2a: Golisopod|Spikes|p1a: Haxorus\n|-sidestart|p1: GORAN EL DRACO|Spikes\n|\n|-weather|SunnyDay|[upkeep]\n|upkeep\n|turn|20\n|\n|move|p1a: Haxorus|Outrage|p2a: Golisopod\n|-damage|p2a: Golisopod|21\/100\n|-activate|p2a: Golisopod|ability: Emergency Exit\n|inactive|Can'tFight has 120 seconds left.\n|\n|switch|p2a: Flygon|Flygon, F|100\/100\n|-damage|p2a: Flygon|95\/100|[from] Stealth Rock\n|\n|-weather|SunnyDay|[upkeep]\n|upkeep\n|turn|21\n|\n|move|p2a: Flygon|U-turn|p1a: Haxorus\n|-damage|p1a: Haxorus|0 fnt\n|faint|p1a: Haxorus\n|\n|switch|p2a: Chandelure|Chandelure, M|100\/100|[from]move: U-turn\n|\n|-weather|none\n|upkeep\n|\n|switch|p1a: Mantine|Mantine, M|29\/100\n|turn|22\n|\n|move|p2a: Chandelure|Shadow Ball|p1a: Mantine\n|-damage|p1a: Mantine|6\/100\n|move|p1a: Mantine|Defog|p2a: Chandelure\n|-unboost|p2a: Chandelure|evasion|1\n|-sideend|p2: Can'tFight|Stealth Rock|[from] move: Defog|[of] p1a: Mantine\n|-sideend|p1: GORAN EL DRACO|Spikes|[from] move: Defog|[of] p1a: Mantine\n|\n|upkeep\n|turn|23\n|\n|switch|p2a: Togedemaru|Togedemaru, M|100\/100\n|move|p1a: Mantine|Defog|p2a: Togedemaru\n|-unboost|p2a: Togedemaru|evasion|1\n|\n|upkeep\n|turn|24\n|\n|move|p1a: Mantine|Defog|p2a: Togedemaru\n|-unboost|p2a: Togedemaru|evasion|1\n|move|p2a: Togedemaru|Wish|p2a: Togedemaru\n|\n|upkeep\n|turn|25\n|\n|switch|p1a: Sirfetch'd|Sirfetch'd, M|100\/100\n|switch|p2a: Golisopod|Golisopod, M|21\/100\n|\n|-heal|p2a: Golisopod|73\/100|[from] move: Wish|[wisher] Togedemaru\n|upkeep\n|turn|26\n|\n|move|p1a: Sirfetch'd|Brave Bird|p2a: Golisopod\n|-supereffective|p2a: Golisopod\n|-damage|p2a: Golisopod|0 fnt\n|-damage|p1a: Sirfetch'd|74\/100|[from] Recoil\n|faint|p2a: Golisopod\n|\n|upkeep\n|\n|switch|p2a: Chandelure|Chandelure, M|100\/100\n|turn|27\n|\n|switch|p1a: Mantine|Mantine, M|6\/100\n|move|p2a: Chandelure|Flamethrower|p1a: Mantine\n|-resisted|p1a: Mantine\n|-damage|p1a: Mantine|0 fnt\n|faint|p1a: Mantine\n|\n|upkeep\n|\n|switch|p1a: Darmanitan|Darmanitan, F|100\/100\n|turn|28\n|\n|switch|p2a: Weezing|Weezing-Galar, M|50\/100\n|move|p1a: Darmanitan|U-turn|p2a: Weezing\n|-resisted|p2a: Weezing\n|-damage|p2a: Weezing|45\/100\n|\n|switch|p1a: Venusaur|Venusaur, M|100\/100|[from]move: U-turn\n|\n|-heal|p2a: Weezing|51\/100|[from] item: Black Sludge\n|upkeep\n|turn|29\n|\n|switch|p2a: Togedemaru|Togedemaru, M|100\/100\n|move|p1a: Venusaur|Sludge Bomb|p2a: Togedemaru\n|-immune|p2a: Togedemaru\n|\n|upkeep\n|turn|30\n|\n|switch|p1a: Torkoal|Torkoal, F|72\/100 par\n|-weather|SunnyDay|[from] ability: Drought|[of] p1a: Torkoal\n|move|p2a: Togedemaru|Nuzzle|p1a: Torkoal\n|-damage|p1a: Torkoal|68\/100 par\n|\n|-weather|SunnyDay|[upkeep]\n|upkeep\n|turn|31\n|\n|switch|p2a: Flygon|Flygon, F|95\/100\n|move|p1a: Torkoal|Yawn|p2a: Flygon\n|-start|p2a: Flygon|move: Yawn|[of] p1a: Torkoal\n|\n|-weather|SunnyDay|[upkeep]\n|upkeep\n|turn|32\n|\n|move|p2a: Flygon|U-turn|p1a: Torkoal\n|-resisted|p1a: Torkoal\n|-damage|p1a: Torkoal|62\/100 par\n|\n|switch|p2a: Chandelure|Chandelure, M|100\/100|[from]move: U-turn\n|move|p1a: Torkoal|Yawn|p2a: Chandelure\n|-start|p2a: Chandelure|move: Yawn|[of] p1a: Torkoal\n|\n|-weather|SunnyDay|[upkeep]\n|upkeep\n|turn|33\n|\n|switch|p1a: Sirfetch'd|Sirfetch'd, M|74\/100\n|move|p2a: Chandelure|Flamethrower|p1a: Sirfetch'd\n|-damage|p1a: Sirfetch'd|0 fnt\n|faint|p1a: Sirfetch'd\n|\n|-weather|SunnyDay|[upkeep]\n|-end|p2a: Chandelure|move: Yawn|[silent]\n|-status|p2a: Chandelure|slp\n|upkeep\n|\n|switch|p1a: Venusaur|Venusaur, M|100\/100\n|turn|34\n|\n|move|p1a: Venusaur|Growth|p1a: Venusaur\n|-boost|p1a: Venusaur|atk|2\n|-boost|p1a: Venusaur|spa|2\n|cant|p2a: Chandelure|slp\n|\n|-weather|SunnyDay|[upkeep]\n|upkeep\n|turn|35\n|\n|move|p1a: Venusaur|Sludge Bomb|p2a: Chandelure\n|-resisted|p2a: Chandelure\n|-damage|p2a: Chandelure|17\/100 slp\n|-damage|p1a: Venusaur|91\/100|[from] item: Life Orb\n|-curestatus|p2a: Chandelure|slp|[msg]\n|move|p2a: Chandelure|Flamethrower|p1a: Venusaur\n|-supereffective|p1a: Venusaur\n|-damage|p1a: Venusaur|0 fnt\n|faint|p1a: Venusaur\n|\n|-weather|SunnyDay|[upkeep]\n|upkeep\n|\n|switch|p1a: Darmanitan|Darmanitan, F|100\/100\n|turn|36\n|\n|move|p1a: Darmanitan|Earthquake|p2a: Chandelure\n|-supereffective|p2a: Chandelure\n|-damage|p2a: Chandelure|0 fnt\n|faint|p2a: Chandelure\n|\n|-weather|SunnyDay|[upkeep]\n|upkeep\n|-message|GORAN EL DRACO forfeited.\n|\n|win|Can'tFight\n|l|\u2606GORAN EL DRACO\n|raw|GORAN EL DRACO's rating: 1511 &rarr; <strong>1481<\/strong><br \/>(-30 for losing)\n|raw|Can&apos;tFight's rating: 1326 &rarr; <strong>1356<\/strong><br \/>(+30 for winning)\n","uploadtime":1586850901,"views":21,"p1id":"goraneldraco","p2id":"cantfight","formatid":"gen8uu","rating":1356,"private":0,"password":null}