{"id":"gen8ou-1666292494","p1":"Only_Pseudos","p2":"machugen","format":"gen8ou","log":"|j|\u2606Only_Pseudos\n|j|\u2606machugen\n|t:|1663386541\n|gametype|singles\n|player|p1|Only_Pseudos|red-gen2|1760\n|player|p2|machugen|artist|1708\n|teamsize|p1|6\n|teamsize|p2|6\n|gen|8\n|tier|[Gen 8] OU\n|rated|\n|rule|Sleep Clause Mod: Limit one foe put to sleep\n|rule|Species Clause: Limit one of each Pok\u00e9mon\n|rule|OHKO Clause: OHKO moves are banned\n|rule|Evasion Items Clause: Evasion items are banned\n|rule|Evasion Moves Clause: Evasion moves are banned\n|rule|Endless Battle Clause: Forcing endless battles is banned\n|rule|HP Percentage Mod: HP is shown in percentages\n|rule|Dynamax Clause: You cannot dynamax\n|clearpoke\n|poke|p1|Dragonite, M|\n|poke|p1|Tyranitar, M|\n|poke|p1|Metagross|\n|poke|p1|Garchomp, M|\n|poke|p1|Hydreigon, M|\n|poke|p1|Kommo-o, M|\n|poke|p2|Weavile, F|\n|poke|p2|Urshifu-*, F|\n|poke|p2|Mew|\n|poke|p2|Toxapex, F|\n|poke|p2|Landorus-Therian, M|\n|poke|p2|Tornadus-Therian, M|\n|teampreview\n|c|\u2606Only_Pseudos|hf\n|c|\u2606machugen|u2\n|j| Perspectieve\n|\n|t:|1663386558\n|start\n|switch|p1a: Getting Ahead|Hydreigon, M|100\/100\n|switch|p2a: Urshifu|Urshifu-Rapid-Strike, F|100\/100\n|turn|1\n|inactive|Battle timer is ON: inactive players will automatically lose when time's up. (requested by machugen)\n|\n|t:|1663386584\n|switch|p2a: Toxapex|Toxapex, F|100\/100\n|move|p1a: Getting Ahead|Draco Meteor|p2a: Toxapex\n|-damage|p2a: Toxapex|44\/100\n|-unboost|p1a: Getting Ahead|spa|2\n|-enditem|p2a: Toxapex|Eject Button\n|\n|t:|1663386587\n|switch|p2a: Weavile|Weavile, F|100\/100\n|-ability|p2a: Weavile|Pressure\n|\n|upkeep\n|turn|2\n|\n|t:|1663386603\n|switch|p1a: See me grossing|Metagross|100\/100\n|move|p2a: Weavile|Knock Off|p1a: See me grossing\n|-supereffective|p1a: See me grossing\n|-damage|p1a: See me grossing|0 fnt\n|-enditem|p1a: See me grossing|Assault Vest|[from] move: Knock Off|[of] p2a: Weavile\n|faint|p1a: See me grossing\n|\n|upkeep\n|\n|t:|1663386616\n|switch|p1a: Blaze been crazy|Kommo-o, M|100\/100\n|turn|3\n|\n|t:|1663386621\n|switch|p2a: Mew|Mew|100\/100\n|move|p1a: Blaze been crazy|Clanging Scales|p2a: Mew\n|-damage|p2a: Mew|52\/100\n|-unboost|p1a: Blaze been crazy|def|1\n|\n|-heal|p2a: Mew|58\/100|[from] item: Leftovers\n|upkeep\n|turn|4\n|\n|t:|1663386629\n|move|p1a: Blaze been crazy|Clanging Scales|p2a: Mew\n|-damage|p2a: Mew|5\/100\n|-unboost|p1a: Blaze been crazy|def|1\n|move|p2a: Mew|Knock Off|p1a: Blaze been crazy\n|-resisted|p1a: Blaze been crazy\n|-damage|p1a: Blaze been crazy|80\/100\n|-enditem|p1a: Blaze been crazy|Choice Specs|[from] move: Knock Off|[of] p2a: Mew\n|\n|-heal|p2a: Mew|12\/100|[from] item: Leftovers\n|upkeep\n|turn|5\n|\n|t:|1663386636\n|move|p1a: Blaze been crazy|Clanging Scales|p2a: Mew\n|-damage|p2a: Mew|0 fnt\n|faint|p2a: Mew\n|-unboost|p1a: Blaze been crazy|def|1\n|\n|upkeep\n|\n|t:|1663386641\n|switch|p2a: Weavile|Weavile, F|100\/100\n|-ability|p2a: Weavile|Pressure\n|turn|6\n|\n|t:|1663386644\n|move|p2a: Weavile|Triple Axel|p1a: Blaze been crazy\n|-supereffective|p1a: Blaze been crazy\n|-damage|p1a: Blaze been crazy|0 fnt\n|faint|p1a: Blaze been crazy\n|-hitcount|p1: Blaze been crazy|1\n|\n|upkeep\n|c|\u2606Only_Pseudos|one lol\n|\n|t:|1663386652\n|switch|p1a: Getting Ahead|Hydreigon, M|100\/100\n|turn|7\n|\n|t:|1663386656\n|switch|p2a: Landorus|Landorus-Therian, M|100\/100\n|-ability|p2a: Landorus|Intimidate|boost\n|-unboost|p1a: Getting Ahead|atk|1\n|move|p1a: Getting Ahead|U-turn|p2a: Landorus\n|-resisted|p2a: Landorus\n|-damage|p2a: Landorus|96\/100\n|\n|t:|1663386658\n|switch|p1a: Quakes when I move|Garchomp, M|100\/100|[from]move: U-turn\n|\n|-heal|p2a: Landorus|100\/100|[from] item: Leftovers\n|upkeep\n|turn|8\n|\n|t:|1663386662\n|move|p1a: Quakes when I move|Stealth Rock|p2a: Landorus\n|-sidestart|p2: machugen|move: Stealth Rock\n|move|p2a: Landorus|Toxic|p1a: Quakes when I move\n|-status|p1a: Quakes when I move|tox\n|\n|-damage|p1a: Quakes when I move|94\/100 tox|[from] psn\n|upkeep\n|turn|9\n|\n|t:|1663386665\n|move|p1a: Quakes when I move|Draco Meteor|p2a: Landorus|[miss]\n|-miss|p1a: Quakes when I move|p2a: Landorus\n|move|p2a: Landorus|Stealth Rock|p1a: Quakes when I move\n|-sidestart|p1: Only_Pseudos|move: Stealth Rock\n|\n|-damage|p1a: Quakes when I move|82\/100 tox|[from] psn\n|upkeep\n|turn|10\n|c|\u2606Only_Pseudos|jesus\n|c|\u2606Only_Pseudos|fucking christ.\n|\n|t:|1663386671\n|move|p1a: Quakes when I move|Draco Meteor|p2a: Landorus\n|-damage|p2a: Landorus|47\/100\n|-unboost|p1a: Quakes when I move|spa|2\n|-damage|p1a: Quakes when I move|72\/100 tox|[from] item: Life Orb\n|move|p2a: Landorus|Earthquake|p1a: Quakes when I move\n|-damage|p1a: Quakes when I move|26\/100 tox\n|\n|-heal|p2a: Landorus|53\/100|[from] item: Leftovers\n|-damage|p1a: Quakes when I move|7\/100 tox|[from] psn\n|upkeep\n|turn|11\n|\n|t:|1663386677\n|switch|p2a: Tornadus|Tornadus-Therian, M|100\/100\n|move|p1a: Quakes when I move|Draco Meteor|p2a: Tornadus\n|-damage|p2a: Tornadus|63\/100\n|-unboost|p1a: Quakes when I move|spa|2\n|-damage|p1a: Quakes when I move|0 fnt|[from] item: Life Orb\n|faint|p1a: Quakes when I move\n|\n|upkeep\n|j| Swaghetti Barnacle\n|j| Yjustify\n|\n|t:|1663386696\n|switch|p1a: Getting Ahead|Hydreigon, M|100\/100\n|-damage|p1a: Getting Ahead|88\/100|[from] Stealth Rock\n|turn|12\n|\n|t:|1663386702\n|switch|p2a: Landorus|Landorus-Therian, M|53\/100\n|-damage|p2a: Landorus|41\/100|[from] Stealth Rock\n|-ability|p2a: Landorus|Intimidate|boost\n|-unboost|p1a: Getting Ahead|atk|1\n|move|p1a: Getting Ahead|Draco Meteor|p2a: Landorus\n|-damage|p2a: Landorus|0 fnt\n|-unboost|p1a: Getting Ahead|spa|2\n|faint|p2a: Landorus\n|\n|upkeep\n|\n|t:|1663386710\n|switch|p2a: Urshifu|Urshifu-Rapid-Strike, F|100\/100\n|-damage|p2a: Urshifu|94\/100|[from] Stealth Rock\n|turn|13\n|j| kyonharuhi\n|\n|t:|1663386727\n|move|p1a: Getting Ahead|Draco Meteor|p2a: Urshifu\n|-damage|p2a: Urshifu|42\/100\n|-unboost|p1a: Getting Ahead|spa|2\n|move|p2a: Urshifu|U-turn|p1a: Getting Ahead\n|-supereffective|p1a: Getting Ahead\n|-damage|p1a: Getting Ahead|30\/100\n|\n|t:|1663386731\n|switch|p2a: Tornadus|Tornadus-Therian, M|96\/100|[from]move: U-turn\n|\n|upkeep\n|turn|14\n|\n|t:|1663386735\n|switch|p1a: See the 9 flash|Tyranitar, M|100\/100\n|-damage|p1a: See the 9 flash|88\/100|[from] Stealth Rock\n|-weather|Sandstorm|[from] ability: Sand Stream|[of] p1a: See the 9 flash\n|move|p2a: Tornadus|U-turn|p1a: See the 9 flash\n|-supereffective|p1a: See the 9 flash\n|-damage|p1a: See the 9 flash|61\/100\n|\n|t:|1663386739\n|switch|p2a: Urshifu|Urshifu-Rapid-Strike, F|42\/100|[from]move: U-turn\n|-damage|p2a: Urshifu|36\/100|[from] Stealth Rock\n|\n|-weather|Sandstorm|[upkeep]\n|-damage|p2a: Urshifu|30\/100|[from] Sandstorm\n|upkeep\n|turn|15\n|\n|t:|1663386749\n|switch|p1a: Getting Ahead|Hydreigon, M|30\/100\n|-damage|p1a: Getting Ahead|17\/100|[from] Stealth Rock\n|move|p2a: Urshifu|Surging Strikes|p1a: Getting Ahead\n|-resisted|p1a: Getting Ahead\n|-crit|p1a: Getting Ahead\n|-damage|p1a: Getting Ahead|7\/100\n|-resisted|p1a: Getting Ahead\n|-crit|p1a: Getting Ahead\n|-damage|p1a: Getting Ahead|0 fnt\n|faint|p1a: Getting Ahead\n|-hitcount|p1: Getting Ahead|2\n|\n|-weather|Sandstorm|[upkeep]\n|-damage|p2a: Urshifu|24\/100|[from] Sandstorm\n|upkeep\n|\n|t:|1663386752\n|switch|p1a: Save ya if I wanna|Dragonite, M|100\/100\n|turn|16\n|\n|t:|1663386755\n|move|p2a: Urshifu|Taunt|p1a: Save ya if I wanna\n|-start|p1a: Save ya if I wanna|move: Taunt\n|cant|p1a: Save ya if I wanna|move: Taunt|Dragon Dance\n|\n|-weather|Sandstorm|[upkeep]\n|-damage|p2a: Urshifu|18\/100|[from] Sandstorm\n|-damage|p1a: Save ya if I wanna|94\/100|[from] Sandstorm\n|upkeep\n|turn|17\n|c|\u2606Only_Pseudos|ok gg lol\n|-message|Only_Pseudos forfeited.\n|\n|win|machugen\n|raw|Only_Pseudos's rating: 1760 &rarr; <strong>1737<\/strong><br \/>(-23 for losing)\n|raw|machugen's rating: 1708 &rarr; <strong>1731<\/strong><br \/>(+23 for winning)\n|l|\u2606Only_Pseudos\n|c|\u2606machugen|gg\n","uploadtime":1663386764,"views":21,"p1id":"onlypseudos","p2id":"machugen","formatid":"gen8ou","rating":1731,"private":0,"password":null}