{"id":"gen8zu-1673843992","p1":"ayevon","p2":"5Dots","format":"gen8zu","log":"|j|\u2606ayevon\n|j|\u26065Dots\n|t:|1664503291\n|gametype|singles\n|player|p1|ayevon|265|\n|player|p2|5Dots|akari|\n|teamsize|p1|6\n|teamsize|p2|6\n|gen|8\n|tier|[Gen 8] ZU\n|rated|Tournament battle\n|rule|Sleep Clause Mod: Limit one foe put to sleep\n|rule|Species Clause: Limit one of each Pok\u00e9mon\n|rule|OHKO Clause: OHKO moves are banned\n|rule|Evasion Items Clause: Evasion items are banned\n|rule|Evasion Moves Clause: Evasion moves are banned\n|rule|Endless Battle Clause: Forcing endless battles is banned\n|rule|HP Percentage Mod: HP is shown in percentages\n|rule|Dynamax Clause: You cannot dynamax\n|clearpoke\n|poke|p1|Rhydon, M|\n|poke|p1|Klinklang|\n|poke|p1|Skuntank, F|\n|poke|p1|Tangela, M|\n|poke|p1|Rotom|\n|poke|p1|Kangaskhan, F|\n|poke|p2|Exeggutor, M|\n|poke|p2|Silvally-*|\n|poke|p2|Klinklang|\n|poke|p2|Stunfisk, F|\n|poke|p2|Miltank, F|\n|poke|p2|Lycanroc-Midnight, F|\n|teampreview\n|inactive|Battle timer is ON: inactive players will automatically lose when time's up. (requested by ayevon)\n|j| Xhkz\n|j|+bp (\u30c4)\n|j| Rogervireop\n|j| TomatoZause\n|c| Rogervireop|2 teams\n|inactive|ayevon has 120 seconds left.\n|\n|t:|1664503333\n|start\n|switch|p1a: Kangaskhan|Kangaskhan, F|100\/100\n|switch|p2a: Exeggutor|Exeggutor, M|100\/100\n|turn|1\n|c| Rogervireop|Viable decent teams\n|c| Rogervireop|Im voting ayevon\n|inactive|5Dots has 120 seconds left.\n|inactive|ayevon has 120 seconds left.\n|\n|t:|1664503385\n|move|p1a: Kangaskhan|Fake Out|p2a: Exeggutor\n|-damage|p2a: Exeggutor|77\/100\n|cant|p2a: Exeggutor|flinch\n|\n|upkeep\n|turn|2\n|inactive|5Dots has 120 seconds left.\n|\n|t:|1664503393\n|switch|p1a: Skuntank|Skuntank, F|100\/100\n|switch|p2a: Miltank|Miltank, F|100\/100\n|\n|upkeep\n|turn|3\n|inactive|ayevon has 120 seconds left.\n|\n|t:|1664503403\n|switch|p1a: Rhydon|Rhydon, M|100\/100\n|switch|p2a: Stunfisk|Stunfisk, F|100\/100\n|\n|upkeep\n|turn|4\n|\n|t:|1664503407\n|move|p1a: Rhydon|Earthquake|p2a: Stunfisk\n|-supereffective|p2a: Stunfisk\n|-damage|p2a: Stunfisk|19\/100\n|move|p2a: Stunfisk|Stealth Rock|p1a: Rhydon\n|-sidestart|p1: ayevon|move: Stealth Rock\n|\n|-heal|p2a: Stunfisk|26\/100|[from] item: Leftovers\n|upkeep\n|turn|5\n|\n|t:|1664503412\n|switch|p2a: Exeggutor|Exeggutor, M|77\/100\n|move|p1a: Rhydon|Megahorn|p2a: Exeggutor\n|-supereffective|p2a: Exeggutor\n|-damage|p2a: Exeggutor|0 fnt\n|faint|p2a: Exeggutor\n|\n|upkeep\n|\n|t:|1664503419\n|switch|p2a: Miltank|Miltank, F|100\/100\n|turn|6\n|j| please stop it\n|\n|t:|1664503423\n|move|p2a: Miltank|Seismic Toss|p1a: Rhydon\n|-damage|p1a: Rhydon|76\/100\n|move|p1a: Rhydon|Stealth Rock|p2a: Miltank\n|-sidestart|p2: 5Dots|move: Stealth Rock\n|\n|upkeep\n|turn|7\n|\n|t:|1664503428\n|move|p2a: Miltank|Toxic|p1a: Rhydon\n|-status|p1a: Rhydon|tox\n|move|p1a: Rhydon|Earthquake|p2a: Miltank\n|-damage|p2a: Miltank|65\/100\n|\n|-damage|p1a: Rhydon|70\/100 tox|[from] psn\n|upkeep\n|turn|8\n|\n|t:|1664503432\n|switch|p1a: Klinklang|Klinklang|100\/100\n|-damage|p1a: Klinklang|95\/100|[from] Stealth Rock\n|move|p2a: Miltank|Milk Drink|p2a: Miltank\n|-heal|p2a: Miltank|100\/100\n|\n|-heal|p1a: Klinklang|100\/100|[from] item: Leftovers\n|upkeep\n|turn|9\n|\n|t:|1664503436\n|switch|p1a: Rotom|Rotom|100\/100\n|-damage|p1a: Rotom|88\/100|[from] Stealth Rock\n|move|p2a: Miltank|Seismic Toss|p1a: Rotom\n|-immune|p1a: Rotom\n|\n|upkeep\n|turn|10\n|\n|t:|1664503438\n|move|p1a: Rotom|Will-O-Wisp|p2a: Miltank\n|-status|p2a: Miltank|brn\n|move|p2a: Miltank|Toxic|p1a: Rotom\n|-status|p1a: Rotom|tox\n|\n|-damage|p1a: Rotom|82\/100 tox|[from] psn\n|-damage|p2a: Miltank|94\/100 brn|[from] brn\n|upkeep\n|turn|11\n|\n|t:|1664503443\n|move|p1a: Rotom|Volt Switch|p2a: Miltank\n|-damage|p2a: Miltank|69\/100 brn\n|\n|t:|1664503450\n|switch|p1a: Kangaskhan|Kangaskhan, F|100\/100|[from]move: Volt Switch\n|-damage|p1a: Kangaskhan|88\/100|[from] Stealth Rock\n|move|p2a: Miltank|Seismic Toss|p1a: Kangaskhan\n|-damage|p1a: Kangaskhan|60\/100\n|\n|-damage|p2a: Miltank|63\/100 brn|[from] brn\n|upkeep\n|turn|12\n|\n|t:|1664503456\n|switch|p2a: Stunfisk|Stunfisk, F|26\/100\n|-damage|p2a: Stunfisk|19\/100|[from] Stealth Rock\n|move|p1a: Kangaskhan|Fake Out|p2a: Stunfisk\n|-damage|p2a: Stunfisk|0 fnt\n|faint|p2a: Stunfisk\n|\n|upkeep\n|\n|t:|1664503461\n|switch|p2a: Silvally|Silvally-Fighting|100\/100\n|-damage|p2a: Silvally|94\/100|[from] Stealth Rock\n|turn|13\n|\n|t:|1664503470\n|move|p2a: Silvally|Ice Beam|p1a: Kangaskhan\n|-damage|p1a: Kangaskhan|30\/100\n|move|p1a: Kangaskhan|Double-Edge|p2a: Silvally\n|-damage|p2a: Silvally|13\/100\n|-damage|p1a: Kangaskhan|5\/100|[from] Recoil\n|\n|upkeep\n|turn|14\n|\n|t:|1664503475\n|move|p1a: Kangaskhan|Sucker Punch|p2a: Silvally\n|-resisted|p2a: Silvally\n|-damage|p2a: Silvally|0 fnt\n|faint|p2a: Silvally\n|\n|upkeep\n|\n|t:|1664503481\n|switch|p2a: Miltank|Miltank, F|63\/100 brn\n|turn|15\n|\n|t:|1664503484\n|move|p1a: Kangaskhan|Double-Edge|p2a: Miltank\n|-damage|p2a: Miltank|18\/100 brn\n|-damage|p1a: Kangaskhan|0 fnt|[from] Recoil\n|faint|p1a: Kangaskhan\n|move|p2a: Miltank|Milk Drink|p2a: Miltank\n|-heal|p2a: Miltank|68\/100 brn\n|\n|-damage|p2a: Miltank|61\/100 brn|[from] brn\n|upkeep\n|\n|t:|1664503495\n|switch|p1a: Skuntank|Skuntank, F|100\/100\n|-damage|p1a: Skuntank|88\/100|[from] Stealth Rock\n|turn|16\n|\n|t:|1664503497\n|move|p1a: Skuntank|Nasty Plot|p1a: Skuntank\n|-boost|p1a: Skuntank|spa|2\n|move|p2a: Miltank|Seismic Toss|p1a: Skuntank\n|-damage|p1a: Skuntank|59\/100\n|\n|-heal|p1a: Skuntank|65\/100|[from] item: Black Sludge\n|-damage|p2a: Miltank|55\/100 brn|[from] brn\n|upkeep\n|turn|17\n|\n|t:|1664503500\n|move|p1a: Skuntank|Dark Pulse|p2a: Miltank\n|-damage|p2a: Miltank|3\/100 brn\n|move|p2a: Miltank|Seismic Toss|p1a: Skuntank\n|-damage|p1a: Skuntank|37\/100\n|\n|-heal|p1a: Skuntank|43\/100|[from] item: Black Sludge\n|-damage|p2a: Miltank|0 fnt|[from] brn\n|faint|p2a: Miltank\n|upkeep\n|\n|t:|1664503516\n|switch|p2a: Lycanroc|Lycanroc-Midnight, F|100\/100\n|-damage|p2a: Lycanroc|88\/100|[from] Stealth Rock\n|turn|18\n|\n|t:|1664503523\n|move|p1a: Skuntank|Dark Pulse|p2a: Lycanroc\n|-damage|p2a: Lycanroc|16\/100\n|move|p2a: Lycanroc|Stone Edge|p1a: Skuntank\n|-damage|p1a: Skuntank|0 fnt\n|faint|p1a: Skuntank\n|-damage|p2a: Lycanroc|6\/100|[from] item: Life Orb\n|\n|upkeep\n|\n|t:|1664503531\n|switch|p1a: Rhydon|Rhydon, M|70\/100 tox\n|-damage|p1a: Rhydon|64\/100 tox|[from] Stealth Rock\n|turn|19\n|\n|t:|1664503535\n|move|p2a: Lycanroc|Close Combat|p1a: Rhydon\n|-supereffective|p1a: Rhydon\n|-damage|p1a: Rhydon|15\/100 tox\n|-unboost|p2a: Lycanroc|def|1\n|-unboost|p2a: Lycanroc|spd|1\n|-damage|p2a: Lycanroc|0 fnt|[from] item: Life Orb\n|faint|p2a: Lycanroc\n|move|p1a: Rhydon|Earthquake|p2: Lycanroc|[notarget]\n|-fail|p1a: Rhydon\n|\n|-damage|p1a: Rhydon|9\/100 tox|[from] psn\n|upkeep\n|\n|t:|1664503539\n|switch|p2a: Klinklang|Klinklang|100\/100\n|-damage|p2a: Klinklang|95\/100|[from] Stealth Rock\n|turn|20\n|\n|t:|1664503543\n|move|p2a: Klinklang|Substitute|p2a: Klinklang\n|-start|p2a: Klinklang|Substitute\n|-damage|p2a: Klinklang|70\/100\n|move|p1a: Rhydon|Earthquake|p2a: Klinklang\n|-supereffective|p2a: Klinklang\n|-end|p2a: Klinklang|Substitute\n|\n|-heal|p2a: Klinklang|76\/100|[from] item: Leftovers\n|-damage|p1a: Rhydon|0 fnt|[from] psn\n|faint|p1a: Rhydon\n|upkeep\n|\n|t:|1664503546\n|switch|p1a: Rotom|Rotom|82\/100 tox\n|-damage|p1a: Rotom|69\/100 tox|[from] Stealth Rock\n|turn|21\n|\n|t:|1664503548\n|move|p1a: Rotom|Will-O-Wisp|p2a: Klinklang\n|-status|p2a: Klinklang|brn\n|move|p2a: Klinklang|Shift Gear|p2a: Klinklang\n|-boost|p2a: Klinklang|spe|2\n|-boost|p2a: Klinklang|atk|1\n|\n|-heal|p2a: Klinklang|82\/100 brn|[from] item: Leftovers\n|-damage|p1a: Rotom|63\/100 tox|[from] psn\n|-damage|p2a: Klinklang|76\/100 brn|[from] brn\n|upkeep\n|turn|22\n|\n|t:|1664503555\n|move|p2a: Klinklang|Shift Gear|p2a: Klinklang\n|-boost|p2a: Klinklang|spe|2\n|-boost|p2a: Klinklang|atk|1\n|move|p1a: Rotom|Hex|p2a: Klinklang\n|-damage|p2a: Klinklang|20\/100 brn\n|\n|-heal|p2a: Klinklang|26\/100 brn|[from] item: Leftovers\n|-damage|p1a: Rotom|50\/100 tox|[from] psn\n|-damage|p2a: Klinklang|20\/100 brn|[from] brn\n|upkeep\n|-enditem|p1a: Rotom|Sitrus Berry|[eat]\n|-heal|p1a: Rotom|75\/100 tox|[from] item: Sitrus Berry\n|turn|23\n|\n|t:|1664503576\n|move|p2a: Klinklang|Gear Grind|p1a: Rotom\n|-resisted|p1a: Rotom\n|-damage|p1a: Rotom|59\/100 tox\n|-resisted|p1a: Rotom\n|-damage|p1a: Rotom|43\/100 tox\n|-hitcount|p1a: Rotom|2\n|move|p1a: Rotom|Hex|p2a: Klinklang\n|-crit|p2a: Klinklang\n|-damage|p2a: Klinklang|0 fnt\n|faint|p2a: Klinklang\n|\n|win|ayevon\n|n|\u2606ayevon|ayevon\n|n|\u26065Dots|5dots\n|n| Xhkz|xhkz\n|n| bp (\u30c4)|bp\n|n| Rogervireop|rogervireop\n|n| TomatoZause|tomatozause\n|n| please stop it|pleasestopit\n","uploadtime":1664503577,"views":4,"p1id":"ayevon","p2id":"5dots","formatid":"gen8zu","rating":0,"private":0,"password":null}