{"id":"gen8nationaldex-1668611862","p1":"Darkman64","p2":"BusturdKeith","format":"gen8nationaldex","log":"|j|\u2606Darkman64\n|j|\u2606BusturdKeith\n|t:|1663642696\n|gametype|singles\n|player|p1|Darkman64|juan|1653\n|player|p2|BusturdKeith|brycenman|1755\n|teamsize|p1|6\n|teamsize|p2|6\n|gen|8\n|tier|[Gen 8] National Dex\n|rated|\n|rule|HP Percentage Mod: HP is shown in percentages\n|rule|Endless Battle Clause: Forcing endless battles is banned\n|rule|OHKO Clause: OHKO moves are banned\n|rule|Evasion Moves Clause: Evasion moves are banned\n|rule|Species Clause: Limit one of each Pok\u00e9mon\n|rule|Dynamax Clause: You cannot dynamax\n|rule|Sleep Clause Mod: Limit one foe put to sleep\n|clearpoke\n|poke|p1|Charizard, F|\n|poke|p1|Zapdos|\n|poke|p1|Tangrowth, F|\n|poke|p1|Greninja, M|\n|poke|p1|Chansey, F|\n|poke|p1|Clefable, M|\n|poke|p2|Aggron, M|\n|poke|p2|Latias, F|\n|poke|p2|Blissey, F|\n|poke|p2|Primarina, F|\n|poke|p2|Sigilyph, M|\n|poke|p2|Victini|\n|teampreview\n|inactive|Battle timer is ON: inactive players will automatically lose when time's up. (requested by BusturdKeith)\n|inactive|BusturdKeith has 120 seconds left.\n|\n|t:|1663642731\n|start\n|switch|p1a: Charizard|Charizard, F|100\/100\n|switch|p2a: Sigilyph|Sigilyph, M|100\/100\n|turn|1\n|\n|t:|1663642735\n|detailschange|p1a: Charizard|Charizard-Mega-X, F\n|-mega|p1a: Charizard|Charizard|Charizardite X\n|move|p1a: Charizard|Dragon Dance|p1a: Charizard\n|-boost|p1a: Charizard|atk|1\n|-boost|p1a: Charizard|spe|1\n|move|p2a: Sigilyph|Thunder Wave|p1a: Charizard\n|-status|p1a: Charizard|par\n|\n|upkeep\n|turn|2\n|\n|t:|1663642751\n|switch|p2a: Victini|Victini|100\/100\n|move|p1a: Charizard|Flare Blitz|p2a: Victini\n|-resisted|p2a: Victini\n|-damage|p2a: Victini|39\/100\n|-damage|p1a: Charizard|77\/100 par|[from] Recoil\n|\n|upkeep\n|turn|3\n|\n|t:|1663642775\n|move|p2a: Victini|U-turn|p1a: Charizard\n|-resisted|p1a: Charizard\n|-damage|p1a: Charizard|68\/100 par\n|\n|t:|1663642783\n|switch|p2a: Aggron|Aggron, M|100\/100|[from]move: U-turn\n|cant|p1a: Charizard|par\n|\n|upkeep\n|turn|4\n|inactive|Darkman64 has 120 seconds left.\n|\n|t:|1663642814\n|detailschange|p2a: Aggron|Aggron-Mega, M\n|-mega|p2a: Aggron|Aggron|Aggronite\n|move|p1a: Charizard|Earthquake|p2a: Aggron\n|-supereffective|p2a: Aggron\n|-damage|p2a: Aggron|68\/100\n|move|p2a: Aggron|Earthquake|p1a: Charizard\n|-supereffective|p1a: Charizard\n|-damage|p1a: Charizard|4\/100 par\n|\n|upkeep\n|turn|5\n|inactive|Darkman64 has 120 seconds left.\n|\n|t:|1663642822\n|switch|p1a: Tangrowth|Tangrowth, F|100\/100\n|move|p2a: Aggron|Earthquake|p1a: Tangrowth\n|-resisted|p1a: Tangrowth\n|-damage|p1a: Tangrowth|93\/100\n|\n|upkeep\n|turn|6\n|\n|t:|1663642833\n|switch|p2a: Blissey|Blissey, F|100\/100\n|move|p1a: Tangrowth|Leech Seed|p2a: Blissey\n|-start|p2a: Blissey|move: Leech Seed\n|\n|-damage|p2a: Blissey|88\/100|[from] Leech Seed|[of] p1a: Tangrowth\n|-heal|p1a: Tangrowth|100\/100|[silent]\n|upkeep\n|turn|7\n|\n|t:|1663642847\n|move|p2a: Blissey|Toxic|p1a: Tangrowth\n|-status|p1a: Tangrowth|tox\n|move|p1a: Tangrowth|Knock Off|p2a: Blissey\n|-damage|p2a: Blissey|68\/100\n|-enditem|p2a: Blissey|Heavy-Duty Boots|[from] move: Knock Off|[of] p1a: Tangrowth\n|\n|-damage|p2a: Blissey|55\/100|[from] Leech Seed|[of] p1a: Tangrowth\n|-damage|p1a: Tangrowth|94\/100 tox|[from] psn\n|upkeep\n|turn|8\n|\n|t:|1663642852\n|move|p2a: Blissey|Stealth Rock|p1a: Tangrowth\n|-sidestart|p1: Darkman64|move: Stealth Rock\n|move|p1a: Tangrowth|Sleep Powder|p2a: Blissey|[miss]\n|-miss|p1a: Tangrowth|p2a: Blissey\n|\n|-damage|p2a: Blissey|43\/100|[from] Leech Seed|[of] p1a: Tangrowth\n|-heal|p1a: Tangrowth|100\/100 tox|[silent]\n|-damage|p1a: Tangrowth|88\/100 tox|[from] psn\n|upkeep\n|turn|9\n|inactive|Darkman64 has 120 seconds left.\n|\n|t:|1663642902\n|move|p2a: Blissey|Soft-Boiled|p2a: Blissey\n|-heal|p2a: Blissey|93\/100\n|move|p1a: Tangrowth|Knock Off|p2a: Blissey\n|-damage|p2a: Blissey|78\/100\n|\n|-damage|p2a: Blissey|66\/100|[from] Leech Seed|[of] p1a: Tangrowth\n|-heal|p1a: Tangrowth|100\/100 tox|[silent]\n|-damage|p1a: Tangrowth|82\/100 tox|[from] psn\n|upkeep\n|turn|10\n|\n|t:|1663642908\n|switch|p1a: Zapdos|Zapdos|100\/100\n|move|p2a: Blissey|Soft-Boiled|p2a: Blissey\n|-heal|p2a: Blissey|100\/100\n|\n|-damage|p2a: Blissey|88\/100|[from] Leech Seed|[of] p1a: Zapdos\n|upkeep\n|turn|11\n|\n|t:|1663642910\n|switch|p1a: Tangrowth|Tangrowth, F|100\/100 tox\n|-damage|p1a: Tangrowth|88\/100 tox|[from] Stealth Rock\n|move|p2a: Blissey|Toxic|p1a: Tangrowth\n|-fail|p1a: Tangrowth|tox\n|\n|-damage|p2a: Blissey|76\/100|[from] Leech Seed|[of] p1a: Tangrowth\n|-heal|p1a: Tangrowth|100\/100 tox|[silent]\n|-damage|p1a: Tangrowth|94\/100 tox|[from] psn\n|upkeep\n|turn|12\n|inactive|Darkman64 has 120 seconds left.\n|\n|t:|1663642939\n|move|p2a: Blissey|Soft-Boiled|p2a: Blissey\n|-heal|p2a: Blissey|100\/100\n|move|p1a: Tangrowth|Knock Off|p2a: Blissey\n|-crit|p2a: Blissey\n|-damage|p2a: Blissey|79\/100\n|\n|-damage|p2a: Blissey|66\/100|[from] Leech Seed|[of] p1a: Tangrowth\n|-heal|p1a: Tangrowth|100\/100 tox|[silent]\n|-damage|p1a: Tangrowth|88\/100 tox|[from] psn\n|upkeep\n|turn|13\n|\n|t:|1663642952\n|move|p2a: Blissey|Soft-Boiled|p2a: Blissey\n|-heal|p2a: Blissey|100\/100\n|move|p1a: Tangrowth|Toxic|p2a: Blissey\n|-status|p2a: Blissey|tox\n|\n|-damage|p2a: Blissey|88\/100 tox|[from] Leech Seed|[of] p1a: Tangrowth\n|-heal|p1a: Tangrowth|100\/100 tox|[silent]\n|-damage|p2a: Blissey|82\/100 tox|[from] psn\n|-damage|p1a: Tangrowth|82\/100 tox|[from] psn\n|upkeep\n|turn|14\n|\n|t:|1663642965\n|-curestatus|p2a: Blissey|tox|[from] ability: Natural Cure\n|switch|p2a: Sigilyph|Sigilyph, M|100\/100\n|switch|p1a: Zapdos|Zapdos|100\/100\n|\n|upkeep\n|turn|15\n|\n|t:|1663642968\n|move|p1a: Zapdos|Defog|p2a: Sigilyph\n|-unboost|p2a: Sigilyph|evasion|1\n|-sideend|p1: Darkman64|Stealth Rock|[from] move: Defog|[of] p1a: Zapdos\n|move|p2a: Sigilyph|Trick|p1a: Zapdos\n|-activate|p2a: Sigilyph|move: Trick|[of] p1a: Zapdos\n|-item|p1a: Zapdos|Sticky Barb|[from] move: Trick\n|-item|p2a: Sigilyph|Heavy-Duty Boots|[from] move: Trick\n|\n|-damage|p1a: Zapdos|88\/100|[from] item: Sticky Barb\n|upkeep\n|turn|16\n|\n|t:|1663642974\n|switch|p2a: Blissey|Blissey, F|82\/100\n|move|p1a: Zapdos|Discharge|p2a: Blissey\n|-damage|p2a: Blissey|70\/100\n|-status|p2a: Blissey|par\n|\n|-damage|p1a: Zapdos|75\/100|[from] item: Sticky Barb\n|upkeep\n|turn|17\n|\n|t:|1663642978\n|switch|p1a: Clefable|Clefable, M|100\/100\n|move|p2a: Blissey|Stealth Rock|p1a: Clefable\n|-sidestart|p1: Darkman64|move: Stealth Rock\n|\n|upkeep\n|turn|18\n|\n|t:|1663643006\n|move|p1a: Clefable|Protect|p1a: Clefable\n|-singleturn|p1a: Clefable|Protect\n|move|p2a: Blissey|Toxic|p1a: Clefable\n|-activate|p1a: Clefable|move: Protect\n|\n|upkeep\n|turn|19\n|\n|t:|1663643011\n|switch|p1a: Tangrowth|Tangrowth, F|100\/100 tox\n|-damage|p1a: Tangrowth|88\/100 tox|[from] Stealth Rock\n|-curestatus|p2a: Blissey|par|[from] ability: Natural Cure\n|switch|p2a: Aggron|Aggron-Mega, M|68\/100\n|\n|-damage|p1a: Tangrowth|82\/100 tox|[from] psn\n|upkeep\n|turn|20\n|inactive|BusturdKeith has 120 seconds left.\n|\n|t:|1663643048\n|switch|p2a: Victini|Victini|39\/100\n|move|p1a: Tangrowth|Leech Seed|p2a: Victini\n|-start|p2a: Victini|move: Leech Seed\n|\n|-damage|p2a: Victini|27\/100|[from] Leech Seed|[of] p1a: Tangrowth\n|-heal|p1a: Tangrowth|92\/100 tox|[silent]\n|-damage|p1a: Tangrowth|80\/100 tox|[from] psn\n|upkeep\n|turn|21\n|\n|t:|1663643054\n|switch|p1a: Zapdos|Zapdos|75\/100\n|-damage|p1a: Zapdos|50\/100|[from] Stealth Rock\n|move|p2a: Victini|U-turn|p1a: Zapdos\n|-resisted|p1a: Zapdos\n|-damage|p1a: Zapdos|44\/100\n|\n|t:|1663643058\n|switch|p2a: Latias|Latias, F|100\/100|[from]move: U-turn\n|\n|-damage|p1a: Zapdos|31\/100|[from] item: Sticky Barb\n|upkeep\n|turn|22\n|\n|t:|1663643064\n|move|p2a: Latias|Psyshock|p1a: Zapdos\n|-damage|p1a: Zapdos|0 fnt\n|faint|p1a: Zapdos\n|\n|upkeep\n|j| trisew\n|\n|t:|1663643092\n|switch|p1a: ronaldhino|Greninja, M|100\/100\n|-damage|p1a: ronaldhino|88\/100|[from] Stealth Rock\n|turn|23\n|\n|t:|1663643099\n|switch|p2a: Blissey|Blissey, F|70\/100\n|move|p1a: ronaldhino|Dark Pulse|p2a: Blissey\n|-damage|p2a: Blissey|52\/100\n|\n|upkeep\n|turn|24\n|\n|t:|1663643101\n|switch|p1a: Chansey|Chansey, F|100\/100\n|-damage|p1a: Chansey|88\/100|[from] Stealth Rock\n|move|p2a: Blissey|Soft-Boiled|p2a: Blissey\n|-heal|p2a: Blissey|100\/100\n|\n|upkeep\n|turn|25\n|\n|t:|1663643111\n|move|p2a: Blissey|Toxic|p1a: Chansey\n|-status|p1a: Chansey|tox\n|move|p1a: Chansey|Stealth Rock|p2a: Blissey\n|-sidestart|p2: BusturdKeith|move: Stealth Rock\n|\n|-damage|p1a: Chansey|82\/100 tox|[from] psn\n|upkeep\n|turn|26\n|\n|t:|1663643127\n|switch|p2a: Sigilyph|Sigilyph, M|100\/100\n|move|p1a: Chansey|Seismic Toss|p2a: Sigilyph\n|-damage|p2a: Sigilyph|72\/100\n|\n|-damage|p1a: Chansey|69\/100 tox|[from] psn\n|upkeep\n|turn|27\n|\n|t:|1663643132\n|-curestatus|p1a: Chansey|tox|[from] ability: Natural Cure\n|switch|p1a: Tangrowth|Tangrowth, F|100\/100 tox\n|-damage|p1a: Tangrowth|88\/100 tox|[from] Stealth Rock\n|move|p2a: Sigilyph|Trick|p1a: Tangrowth\n|-activate|p2a: Sigilyph|move: Trick|[of] p1a: Tangrowth\n|-item|p1a: Tangrowth|Heavy-Duty Boots|[from] move: Trick\n|-item|p2a: Sigilyph|Rocky Helmet|[from] move: Trick\n|\n|-damage|p1a: Tangrowth|82\/100 tox|[from] psn\n|upkeep\n|turn|28\n|\n|t:|1663643150\n|switch|p2a: Blissey|Blissey, F|100\/100\n|-damage|p2a: Blissey|88\/100|[from] Stealth Rock\n|move|p1a: Tangrowth|Sleep Powder|p2a: Blissey|[miss]\n|-miss|p1a: Tangrowth|p2a: Blissey\n|\n|-damage|p1a: Tangrowth|70\/100 tox|[from] psn\n|upkeep\n|turn|29\n|\n|t:|1663643177\n|move|p2a: Blissey|Seismic Toss|p1a: Tangrowth\n|-damage|p1a: Tangrowth|45\/100 tox\n|move|p1a: Tangrowth|Leech Seed|p2a: Blissey\n|-start|p2a: Blissey|move: Leech Seed\n|\n|-damage|p2a: Blissey|76\/100|[from] Leech Seed|[of] p1a: Tangrowth\n|-heal|p1a: Tangrowth|67\/100 tox|[silent]\n|-damage|p1a: Tangrowth|48\/100 tox|[from] psn\n|upkeep\n|turn|30\n|\n|t:|1663643187\n|switch|p2a: Sigilyph|Sigilyph, M|72\/100\n|switch|p1a: Chansey|Chansey, F|69\/100\n|-damage|p1a: Chansey|57\/100|[from] Stealth Rock\n|\n|upkeep\n|turn|31\n|\n|t:|1663643204\n|move|p2a: Sigilyph|Trick|p1a: Chansey\n|-activate|p2a: Sigilyph|move: Trick|[of] p1a: Chansey\n|-item|p1a: Chansey|Rocky Helmet|[from] move: Trick\n|-item|p2a: Sigilyph|Eviolite|[from] move: Trick\n|move|p1a: Chansey|Soft-Boiled|p1a: Chansey\n|-heal|p1a: Chansey|100\/100\n|\n|upkeep\n|turn|32\n|\n|t:|1663643210\n|move|p2a: Sigilyph|Thunder Wave|p1a: Chansey\n|-status|p1a: Chansey|par\n|move|p1a: Chansey|Seismic Toss|p2a: Sigilyph\n|-damage|p2a: Sigilyph|43\/100\n|\n|upkeep\n|turn|33\n|inactive|Darkman64 has 120 seconds left.\n|\n|t:|1663643240\n|move|p2a: Sigilyph|Roost|p2a: Sigilyph\n|-heal|p2a: Sigilyph|93\/100\n|-singleturn|p2a: Sigilyph|move: Roost\n|move|p1a: Chansey|Seismic Toss|p2a: Sigilyph\n|-damage|p2a: Sigilyph|64\/100\n|\n|upkeep\n|turn|34\n|\n|t:|1663643242\n|move|p2a: Sigilyph|Roost|p2a: Sigilyph\n|-heal|p2a: Sigilyph|100\/100\n|-singleturn|p2a: Sigilyph|move: Roost\n|cant|p1a: Chansey|par\n|\n|upkeep\n|turn|35\n|\n|t:|1663643271\n|switch|p2a: Aggron|Aggron-Mega, M|68\/100\n|-damage|p2a: Aggron|62\/100|[from] Stealth Rock\n|move|p1a: Chansey|Seismic Toss|p2a: Aggron\n|-damage|p2a: Aggron|33\/100\n|\n|upkeep\n|turn|36\n|\n|t:|1663643279\n|-curestatus|p1a: Chansey|par|[from] ability: Natural Cure\n|switch|p1a: Tangrowth|Tangrowth, F|81\/100 tox\n|move|p2a: Aggron|Body Press|p1a: Tangrowth\n|-damage|p1a: Tangrowth|58\/100 tox\n|\n|-damage|p1a: Tangrowth|52\/100 tox|[from] psn\n|upkeep\n|turn|37\n|\n|t:|1663643283\n|switch|p1a: ronaldhino|Greninja, M|88\/100\n|-damage|p1a: ronaldhino|76\/100|[from] Stealth Rock\n|move|p2a: Aggron|Heavy Slam|p1a: ronaldhino\n|-resisted|p1a: ronaldhino\n|-damage|p1a: ronaldhino|27\/100\n|\n|upkeep\n|turn|38\n|l| trisew\n|\n|t:|1663643290\n|switch|p2a: Blissey|Blissey, F|76\/100\n|-damage|p2a: Blissey|63\/100|[from] Stealth Rock\n|move|p1a: ronaldhino|Hydro Pump|p2a: Blissey\n|-damage|p2a: Blissey|39\/100\n|\n|upkeep\n|turn|39\n|\n|t:|1663643298\n|move|p1a: ronaldhino|Hydro Pump|p2a: Blissey\n|-damage|p2a: Blissey|16\/100\n|move|p2a: Blissey|Seismic Toss|p1a: ronaldhino\n|-damage|p1a: ronaldhino|0 fnt\n|faint|p1a: ronaldhino\n|\n|upkeep\n|\n|t:|1663643305\n|switch|p1a: Tangrowth|Tangrowth, F|85\/100 tox\n|turn|40\n|\n|t:|1663643309\n|move|p2a: Blissey|Soft-Boiled|p2a: Blissey\n|-heal|p2a: Blissey|66\/100\n|move|p1a: Tangrowth|Knock Off|p2a: Blissey\n|-damage|p2a: Blissey|51\/100\n|\n|-damage|p1a: Tangrowth|79\/100 tox|[from] psn\n|upkeep\n|turn|41\n|\n|t:|1663643315\n|move|p2a: Blissey|Seismic Toss|p1a: Tangrowth\n|-damage|p1a: Tangrowth|54\/100 tox\n|move|p1a: Tangrowth|Sleep Powder|p2a: Blissey\n|-status|p2a: Blissey|slp|[from] move: Sleep Powder\n|\n|-damage|p1a: Tangrowth|42\/100 tox|[from] psn\n|upkeep\n|turn|42\n|\n|t:|1663643335\n|-curestatus|p2a: Blissey|slp|[from] ability: Natural Cure\n|switch|p2a: Latias|Latias, F|100\/100\n|-damage|p2a: Latias|88\/100|[from] Stealth Rock\n|move|p1a: Tangrowth|Leech Seed|p2a: Latias\n|-start|p2a: Latias|move: Leech Seed\n|\n|-damage|p2a: Latias|76\/100|[from] Leech Seed|[of] p1a: Tangrowth\n|-heal|p1a: Tangrowth|51\/100 tox|[silent]\n|-damage|p1a: Tangrowth|33\/100 tox|[from] psn\n|upkeep\n|turn|43\n|\n|t:|1663643344\n|switch|p2a: Sigilyph|Sigilyph, M|100\/100\n|switch|p1a: Clefable|Clefable, M|100\/100\n|\n|upkeep\n|turn|44\n|\n|t:|1663643351\n|switch|p1a: Chansey|Chansey, F|100\/100\n|-damage|p1a: Chansey|88\/100|[from] Stealth Rock\n|move|p2a: Sigilyph|Thunder Wave|p1a: Chansey\n|-status|p1a: Chansey|par\n|\n|upkeep\n|turn|45\n|\n|t:|1663643359\n|switch|p2a: Latias|Latias, F|76\/100\n|-damage|p2a: Latias|64\/100|[from] Stealth Rock\n|cant|p1a: Chansey|par\n|\n|upkeep\n|turn|46\n|\n|t:|1663643361\n|move|p2a: Latias|Psyshock|p1a: Chansey\n|-damage|p1a: Chansey|38\/100 par\n|cant|p1a: Chansey|par\n|\n|upkeep\n|turn|47\n|\n|t:|1663643365\n|-curestatus|p1a: Chansey|par|[from] ability: Natural Cure\n|switch|p1a: Charizard|Charizard-Mega-X, F|4\/100 par\n|-damage|p1a: Charizard|0 fnt|[from] Stealth Rock\n|faint|p1a: Charizard\n|move|p2a: Latias|Psyshock|p1: Charizard|[notarget]\n|-fail|p2a: Latias\n|\n|upkeep\n|\n|t:|1663643367\n|switch|p1a: Clefable|Clefable, M|100\/100\n|turn|48\n|\n|t:|1663643381\n|move|p2a: Latias|Healing Wish|p2a: Latias\n|faint|p2a: Latias\n|move|p1a: Clefable|Moonblast|p2: Latias|[notarget]\n|-fail|p1a: Clefable\n|\n|upkeep\n|\n|t:|1663643384\n|switch|p2a: Aggron|Aggron-Mega, M|33\/100\n|-heal|p2a: Aggron|100\/100|[from] move: Healing Wish\n|-damage|p2a: Aggron|94\/100|[from] Stealth Rock\n|turn|49\n|\n|t:|1663643396\n|move|p2a: Aggron|Iron Defense|p2a: Aggron\n|-boost|p2a: Aggron|def|2\n|move|p1a: Clefable|Wish|p1a: Clefable\n|\n|upkeep\n|turn|50\n|\n|t:|1663643401\n|switch|p1a: Tangrowth|Tangrowth, F|66\/100 tox\n|move|p2a: Aggron|Body Press|p1a: Tangrowth\n|-damage|p1a: Tangrowth|23\/100 tox\n|\n|-heal|p1a: Tangrowth|72\/100 tox|[from] move: Wish|[wisher] Clefable\n|-damage|p1a: Tangrowth|66\/100 tox|[from] psn\n|upkeep\n|turn|51\n|\n|t:|1663643420\n|switch|p2a: Sigilyph|Sigilyph, M|100\/100\n|move|p1a: Tangrowth|Leech Seed|p2a: Sigilyph\n|-start|p2a: Sigilyph|move: Leech Seed\n|\n|-damage|p1a: Tangrowth|53\/100 tox|[from] psn\n|upkeep\n|turn|52\n|\n|t:|1663643441\n|switch|p1a: Chansey|Chansey, F|38\/100\n|-damage|p1a: Chansey|26\/100|[from] Stealth Rock\n|move|p2a: Sigilyph|Thunder Wave|p1a: Chansey\n|-status|p1a: Chansey|par\n|\n|upkeep\n|turn|53\n|\n|t:|1663643451\n|switch|p2a: Victini|Victini|27\/100\n|-damage|p2a: Victini|2\/100|[from] Stealth Rock\n|move|p1a: Chansey|Soft-Boiled|p1a: Chansey\n|-heal|p1a: Chansey|76\/100 par\n|\n|upkeep\n|turn|54\n|\n|t:|1663643477\n|-curestatus|p1a: Chansey|par|[from] ability: Natural Cure\n|switch|p1a: Clefable|Clefable, M|100\/100\n|move|p2a: Victini|V-create|p1a: Clefable\n|-damage|p1a: Clefable|39\/100\n|-unboost|p2a: Victini|spe|1\n|-unboost|p2a: Victini|def|1\n|-unboost|p2a: Victini|spd|1\n|\n|upkeep\n|turn|55\n|\n|t:|1663643484\n|move|p1a: Clefable|Protect|p1a: Clefable\n|-singleturn|p1a: Clefable|Protect\n|move|p2a: Victini|V-create|p1a: Clefable\n|-activate|p1a: Clefable|move: Protect\n|\n|upkeep\n|turn|56\n|\n|t:|1663643500\n|switch|p1a: Chansey|Chansey, F|76\/100\n|-damage|p1a: Chansey|63\/100|[from] Stealth Rock\n|move|p2a: Victini|V-create|p1a: Chansey\n|-damage|p1a: Chansey|0 fnt\n|-unboost|p2a: Victini|spe|1\n|-unboost|p2a: Victini|def|1\n|-unboost|p2a: Victini|spd|1\n|-damage|p2a: Victini|0 fnt|[from] item: Rocky Helmet|[of] p1a: Chansey\n|faint|p1a: Chansey\n|faint|p2a: Victini\n|\n|upkeep\n|\n|t:|1663643513\n|switch|p2a: Blissey|Blissey, F|51\/100\n|switch|p1a: Clefable|Clefable, M|39\/100\n|-damage|p2a: Blissey|39\/100|[from] Stealth Rock\n|turn|57\n|\n|t:|1663643531\n|move|p1a: Clefable|Protect|p1a: Clefable\n|-singleturn|p1a: Clefable|Protect\n|move|p2a: Blissey|Toxic|p1a: Clefable\n|-activate|p1a: Clefable|move: Protect\n|\n|upkeep\n|turn|58\n|\n|t:|1663643535\n|switch|p1a: Tangrowth|Tangrowth, F|86\/100 tox\n|move|p2a: Blissey|Toxic|p1a: Tangrowth\n|-fail|p1a: Tangrowth|tox\n|\n|-damage|p1a: Tangrowth|80\/100 tox|[from] psn\n|upkeep\n|turn|59\n|inactive|Darkman64 has 120 seconds left.\n|\n|t:|1663643589\n|move|p2a: Blissey|Soft-Boiled|p2a: Blissey\n|-heal|p2a: Blissey|89\/100\n|move|p1a: Tangrowth|Leech Seed|p2a: Blissey|[miss]\n|-miss|p1a: Tangrowth|p2a: Blissey\n|\n|-damage|p1a: Tangrowth|68\/100 tox|[from] psn\n|upkeep\n|turn|60\n|\n|t:|1663643595\n|move|p2a: Blissey|Seismic Toss|p1a: Tangrowth\n|-damage|p1a: Tangrowth|43\/100 tox\n|move|p1a: Tangrowth|Knock Off|p2a: Blissey\n|-damage|p2a: Blissey|75\/100\n|\n|-damage|p1a: Tangrowth|25\/100 tox|[from] psn\n|upkeep\n|turn|61\n|\n|t:|1663643599\n|switch|p1a: Clefable|Clefable, M|39\/100\n|move|p2a: Blissey|Seismic Toss|p1a: Clefable\n|-damage|p1a: Clefable|13\/100\n|\n|upkeep\n|turn|62\n|\n|t:|1663643603\n|move|p2a: Blissey|Seismic Toss|p1a: Clefable\n|-damage|p1a: Clefable|0 fnt\n|faint|p1a: Clefable\n|\n|upkeep\n|c|\u2606BusturdKeith|Gg\n|inactive|Darkman64 has 120 seconds left.\n|\n|t:|1663643617\n|switch|p1a: Tangrowth|Tangrowth, F|58\/100 tox\n|turn|63\n|c|\u2606Darkman64|gg\n|\n|t:|1663643622\n|move|p2a: Blissey|Seismic Toss|p1a: Tangrowth\n|-damage|p1a: Tangrowth|33\/100 tox\n|move|p1a: Tangrowth|Leech Seed|p2a: Blissey\n|-start|p2a: Blissey|move: Leech Seed\n|\n|-damage|p2a: Blissey|63\/100|[from] Leech Seed|[of] p1a: Tangrowth\n|-heal|p1a: Tangrowth|55\/100 tox|[silent]\n|-damage|p1a: Tangrowth|49\/100 tox|[from] psn\n|upkeep\n|turn|64\n|\n|t:|1663643634\n|move|p2a: Blissey|Soft-Boiled|p2a: Blissey\n|-heal|p2a: Blissey|100\/100\n|move|p1a: Tangrowth|Knock Off|p2a: Blissey\n|-damage|p2a: Blissey|87\/100\n|\n|-damage|p2a: Blissey|75\/100|[from] Leech Seed|[of] p1a: Tangrowth\n|-heal|p1a: Tangrowth|71\/100 tox|[silent]\n|-damage|p1a: Tangrowth|58\/100 tox|[from] psn\n|upkeep\n|turn|65\n|\n|t:|1663643636\n|switch|p2a: Sigilyph|Sigilyph, M|100\/100\n|move|p1a: Tangrowth|Knock Off|p2a: Sigilyph\n|-supereffective|p2a: Sigilyph\n|-damage|p2a: Sigilyph|62\/100\n|-enditem|p2a: Sigilyph|Eviolite|[from] move: Knock Off|[of] p1a: Tangrowth\n|\n|-damage|p1a: Tangrowth|40\/100 tox|[from] psn\n|upkeep\n|turn|66\n|\n|t:|1663643643\n|move|p2a: Sigilyph|Roost|p2a: Sigilyph\n|-heal|p2a: Sigilyph|100\/100\n|-singleturn|p2a: Sigilyph|move: Roost\n|move|p1a: Tangrowth|Toxic|p2a: Sigilyph\n|-status|p2a: Sigilyph|tox\n|\n|-damage|p1a: Tangrowth|15\/100 tox|[from] psn\n|upkeep\n|turn|67\n|\n|t:|1663643666\n|move|p2a: Sigilyph|Trick|p1a: Tangrowth\n|-activate|p2a: Sigilyph|move: Trick|[of] p1a: Tangrowth\n|-enditem|p1a: Tangrowth|Heavy-Duty Boots|[silent]|[from] move: Trick\n|-item|p2a: Sigilyph|Heavy-Duty Boots|[from] move: Trick\n|move|p1a: Tangrowth|Knock Off|p2a: Sigilyph\n|-supereffective|p2a: Sigilyph\n|-damage|p2a: Sigilyph|61\/100 tox\n|-enditem|p2a: Sigilyph|Heavy-Duty Boots|[from] move: Knock Off|[of] p1a: Tangrowth\n|\n|-damage|p1a: Tangrowth|0 fnt|[from] psn\n|faint|p1a: Tangrowth\n|\n|win|BusturdKeith\n|upkeep\n|raw|Darkman64's rating: 1706 &rarr; <strong>1689<\/strong><br \/>(-17 for losing)\n|raw|BusturdKeith's rating: 1755 &rarr; <strong>1772<\/strong><br \/>(+17 for winning)\n||Ladder isn't responding, score probably updated but might not have (Request timeout).\n","uploadtime":1663643685,"views":6,"p1id":"darkman64","p2id":"busturdkeith","formatid":"gen8nationaldex","rating":1689,"private":0,"password":null}