{"id":"gen8ou-1699981567","p1":"dracaufeu shiny","p2":"minimax_ai","format":"gen8ou","log":"|j|\u2606dracaufeu shiny\n|j|\u203dminimax_ai\n|t:|1667301982\n|gametype|singles\n|player|p1|dracaufeu shiny|red|1619\n|player|p2|minimax_ai|266|1585\n|teamsize|p1|6\n|teamsize|p2|6\n|gen|8\n|tier|[Gen 8] OU\n|rated|\n|rule|Sleep Clause Mod: Limit one foe put to sleep\n|rule|Species Clause: Limit one of each Pok\u00e9mon\n|rule|OHKO Clause: OHKO moves are banned\n|rule|Evasion Items Clause: Evasion items are banned\n|rule|Evasion Moves Clause: Evasion moves are banned\n|rule|Endless Battle Clause: Forcing endless battles is banned\n|rule|HP Percentage Mod: HP is shown in percentages\n|rule|Dynamax Clause: You cannot dynamax\n|clearpoke\n|poke|p1|Pelipper, M|\n|poke|p1|Tyranitar, F|\n|poke|p1|Ferrothorn, F|\n|poke|p1|Zapdos|\n|poke|p1|Urshifu-*, M|\n|poke|p1|Excadrill, M|\n|poke|p2|Rotom-Wash|\n|poke|p2|Weavile, M|\n|poke|p2|Landorus-Therian, M|\n|poke|p2|Heatran, M|\n|poke|p2|Tangrowth, M|\n|poke|p2|Melmetal|\n|teampreview\n|inactive|Battle timer is ON: inactive players will automatically lose when time's up. (requested by minimax_ai)\n|\n|t:|1667302005\n|start\n|switch|p1a: Pelipper|Pelipper, M|100\/100\n|switch|p2a: Tangrowth|Tangrowth, M|100\/100\n|-weather|RainDance|[from] ability: Drizzle|[of] p1a: Pelipper\n|turn|1\n|\n|t:|1667302010\n|switch|p2a: Rotom|Rotom-Wash|100\/100\n|move|p1a: Pelipper|Hurricane|p2a: Rotom\n|-resisted|p2a: Rotom\n|-damage|p2a: Rotom|63\/100\n|\n|-weather|RainDance|[upkeep]\n|-heal|p2a: Rotom|69\/100|[from] item: Leftovers\n|upkeep\n|turn|2\n|\n|t:|1667302013\n|switch|p1a: Ferrothorn|Ferrothorn, F|100\/100\n|move|p2a: Rotom|Hydro Pump|p1a: Ferrothorn\n|-resisted|p1a: Ferrothorn\n|-damage|p1a: Ferrothorn|73\/100\n|\n|-weather|RainDance|[upkeep]\n|-heal|p2a: Rotom|75\/100|[from] item: Leftovers\n|-heal|p1a: Ferrothorn|79\/100|[from] item: Leftovers\n|upkeep\n|turn|3\n|\n|t:|1667302016\n|switch|p2a: Landorus|Landorus-Therian, M|100\/100\n|-ability|p2a: Landorus|Intimidate|boost\n|-unboost|p1a: Ferrothorn|atk|1\n|move|p1a: Ferrothorn|Stealth Rock|p2a: Landorus\n|-sidestart|p2: minimax_ai|move: Stealth Rock\n|\n|-weather|RainDance|[upkeep]\n|-heal|p1a: Ferrothorn|86\/100|[from] item: Leftovers\n|upkeep\n|turn|4\n|\n|t:|1667302018\n|move|p2a: Landorus|Defog|p1a: Ferrothorn\n|-unboost|p1a: Ferrothorn|evasion|1\n|-sideend|p2: minimax_ai|Stealth Rock|[from] move: Defog|[of] p2a: Landorus\n|move|p1a: Ferrothorn|Knock Off|p2a: Landorus\n|-damage|p2a: Landorus|87\/100\n|-enditem|p2a: Landorus|Leftovers|[from] move: Knock Off|[of] p1a: Ferrothorn\n|\n|-weather|RainDance|[upkeep]\n|-heal|p1a: Ferrothorn|92\/100|[from] item: Leftovers\n|upkeep\n|turn|5\n|\n|t:|1667302020\n|move|p2a: Landorus|U-turn|p1a: Ferrothorn\n|-damage|p1a: Ferrothorn|78\/100\n|-damage|p2a: Landorus|75\/100|[from] ability: Iron Barbs|[of] p1a: Ferrothorn\n|\n|t:|1667302020\n|switch|p2a: Heatran|Heatran, M|100\/100|[from]move: U-turn\n|-item|p2a: Heatran|Air Balloon\n|move|p1a: Ferrothorn|Leech Seed|p2a: Heatran\n|-start|p2a: Heatran|move: Leech Seed\n|\n|-weather|none\n|-heal|p1a: Ferrothorn|85\/100|[from] item: Leftovers\n|-damage|p2a: Heatran|88\/100|[from] Leech Seed|[of] p1a: Ferrothorn\n|-heal|p1a: Ferrothorn|96\/100|[silent]\n|upkeep\n|turn|6\n|\n|t:|1667302027\n|switch|p1a: Pelipper|Pelipper, M|100\/100\n|-weather|RainDance|[from] ability: Drizzle|[of] p1a: Pelipper\n|move|p2a: Heatran|Stealth Rock|p1a: Pelipper\n|-sidestart|p1: dracaufeu shiny|move: Stealth Rock\n|\n|-weather|RainDance|[upkeep]\n|-damage|p2a: Heatran|76\/100|[from] Leech Seed|[of] p1a: Pelipper\n|upkeep\n|turn|7\n|\n|t:|1667302030\n|switch|p2a: Rotom|Rotom-Wash|75\/100\n|move|p1a: Pelipper|Weather Ball|p2a: Rotom\n|-resisted|p2a: Rotom\n|-damage|p2a: Rotom|16\/100\n|\n|-weather|RainDance|[upkeep]\n|-heal|p2a: Rotom|23\/100|[from] item: Leftovers\n|upkeep\n|turn|8\n|\n|t:|1667302042\n|switch|p1a: Ferrothorn|Ferrothorn, F|96\/100\n|-damage|p1a: Ferrothorn|90\/100|[from] Stealth Rock\n|move|p2a: Rotom|Hydro Pump|p1a: Ferrothorn\n|-resisted|p1a: Ferrothorn\n|-damage|p1a: Ferrothorn|64\/100\n|\n|-weather|RainDance|[upkeep]\n|-heal|p2a: Rotom|29\/100|[from] item: Leftovers\n|-heal|p1a: Ferrothorn|71\/100|[from] item: Leftovers\n|upkeep\n|turn|9\n|\n|t:|1667302048\n|switch|p2a: Tangrowth|Tangrowth, M|100\/100\n|move|p1a: Ferrothorn|Stealth Rock|p2a: Tangrowth\n|-sidestart|p2: minimax_ai|move: Stealth Rock\n|\n|-weather|RainDance|[upkeep]\n|-heal|p1a: Ferrothorn|77\/100|[from] item: Leftovers\n|upkeep\n|turn|10\n|\n|t:|1667302052\n|move|p2a: Tangrowth|Sleep Powder|p1a: Ferrothorn\n|-immune|p1a: Ferrothorn\n|move|p1a: Ferrothorn|Knock Off|p2a: Tangrowth\n|-damage|p2a: Tangrowth|90\/100\n|-damage|p1a: Ferrothorn|60\/100|[from] item: Rocky Helmet|[of] p2a: Tangrowth\n|-enditem|p2a: Tangrowth|Rocky Helmet|[from] move: Knock Off|[of] p1a: Ferrothorn\n|\n|-weather|none\n|-heal|p1a: Ferrothorn|67\/100|[from] item: Leftovers\n|upkeep\n|turn|11\n|\n|t:|1667302062\n|switch|p1a: Zapdos|Zapdos|100\/100\n|move|p2a: Tangrowth|Knock Off|p1a: Zapdos\n|-damage|p1a: Zapdos|82\/100\n|-enditem|p1a: Zapdos|Heavy-Duty Boots|[from] move: Knock Off|[of] p2a: Tangrowth\n|\n|upkeep\n|turn|12\n|\n|t:|1667302065\n|switch|p2a: Landorus|Landorus-Therian, M|75\/100\n|-damage|p2a: Landorus|62\/100|[from] Stealth Rock\n|-ability|p2a: Landorus|Intimidate|boost\n|-unboost|p1a: Zapdos|atk|1\n|move|p1a: Zapdos|Hurricane|p2a: Landorus\n|-damage|p2a: Landorus|29\/100\n|-start|p2a: Landorus|confusion\n|\n|upkeep\n|turn|13\n|\n|t:|1667302068\n|switch|p2a: Melmetal|Melmetal|100\/100\n|-damage|p2a: Melmetal|94\/100|[from] Stealth Rock\n|move|p1a: Zapdos|Hurricane|p2a: Melmetal\n|-resisted|p2a: Melmetal\n|-damage|p2a: Melmetal|83\/100\n|\n|upkeep\n|turn|14\n|\n|t:|1667302071\n|move|p1a: Zapdos|Volt Switch|p2a: Melmetal\n|-damage|p2a: Melmetal|66\/100\n|\n|t:|1667302073\n|switch|p1a: Ferrothorn|Ferrothorn, F|67\/100|[from]move: Volt Switch\n|-damage|p1a: Ferrothorn|60\/100|[from] Stealth Rock\n|move|p2a: Melmetal|Double Iron Bash|p1a: Ferrothorn\n|-resisted|p1a: Ferrothorn\n|-damage|p1a: Ferrothorn|48\/100\n|-damage|p2a: Melmetal|53\/100|[from] ability: Iron Barbs|[of] p1a: Ferrothorn\n|-resisted|p1a: Ferrothorn\n|-damage|p1a: Ferrothorn|35\/100\n|-damage|p2a: Melmetal|41\/100|[from] ability: Iron Barbs|[of] p1a: Ferrothorn\n|-hitcount|p1a: Ferrothorn|2\n|\n|-heal|p1a: Ferrothorn|42\/100|[from] item: Leftovers\n|upkeep\n|turn|15\n|\n|t:|1667302081\n|switch|p1a: Zapdos|Zapdos|82\/100\n|-damage|p1a: Zapdos|57\/100|[from] Stealth Rock\n|move|p2a: Melmetal|Double Iron Bash|p1a: Zapdos\n|-resisted|p1a: Zapdos\n|-damage|p1a: Zapdos|41\/100\n|-resisted|p1a: Zapdos\n|-damage|p1a: Zapdos|24\/100\n|-hitcount|p1a: Zapdos|2\n|\n|upkeep\n|turn|16\n|\n|t:|1667302083\n|move|p1a: Zapdos|Roost|p1a: Zapdos\n|-heal|p1a: Zapdos|74\/100\n|-singleturn|p1a: Zapdos|move: Roost\n|move|p2a: Melmetal|Double Iron Bash|p1a: Zapdos\n|-resisted|p1a: Zapdos\n|-damage|p1a: Zapdos|57\/100\n|-status|p2a: Melmetal|par|[from] ability: Static|[of] p1a: Zapdos\n|-resisted|p1a: Zapdos\n|-damage|p1a: Zapdos|39\/100\n|-hitcount|p1a: Zapdos|2\n|\n|upkeep\n|turn|17\n|\n|t:|1667302085\n|move|p1a: Zapdos|Roost|p1a: Zapdos\n|-heal|p1a: Zapdos|90\/100\n|-singleturn|p1a: Zapdos|move: Roost\n|move|p2a: Melmetal|Double Iron Bash|p1a: Zapdos\n|-resisted|p1a: Zapdos\n|-damage|p1a: Zapdos|72\/100\n|-resisted|p1a: Zapdos\n|-damage|p1a: Zapdos|56\/100\n|-hitcount|p1a: Zapdos|2\n|\n|upkeep\n|turn|18\n|\n|t:|1667302087\n|move|p1a: Zapdos|Roost|p1a: Zapdos\n|-heal|p1a: Zapdos|100\/100\n|-singleturn|p1a: Zapdos|move: Roost\n|move|p2a: Melmetal|Double Iron Bash|p1a: Zapdos\n|-resisted|p1a: Zapdos\n|-damage|p1a: Zapdos|85\/100\n|-resisted|p1a: Zapdos\n|-damage|p1a: Zapdos|66\/100\n|-hitcount|p1a: Zapdos|2\n|\n|upkeep\n|turn|19\n|\n|t:|1667302088\n|move|p1a: Zapdos|Roost|p1a: Zapdos\n|-heal|p1a: Zapdos|100\/100\n|-singleturn|p1a: Zapdos|move: Roost\n|move|p2a: Melmetal|Double Iron Bash|p1a: Zapdos\n|-resisted|p1a: Zapdos\n|-damage|p1a: Zapdos|82\/100\n|-resisted|p1a: Zapdos\n|-damage|p1a: Zapdos|67\/100\n|-hitcount|p1a: Zapdos|2\n|\n|upkeep\n|turn|20\n|\n|t:|1667302090\n|move|p1a: Zapdos|Roost|p1a: Zapdos\n|-heal|p1a: Zapdos|100\/100\n|-singleturn|p1a: Zapdos|move: Roost\n|cant|p2a: Melmetal|par\n|\n|upkeep\n|turn|21\n|\n|t:|1667302092\n|move|p1a: Zapdos|Discharge|p2a: Melmetal\n|-damage|p2a: Melmetal|21\/100 par\n|cant|p2a: Melmetal|par\n|\n|upkeep\n|turn|22\n|\n|t:|1667302096\n|move|p1a: Zapdos|Discharge|p2a: Melmetal\n|-damage|p2a: Melmetal|2\/100 par\n|move|p2a: Melmetal|Double Iron Bash|p1a: Zapdos\n|-resisted|p1a: Zapdos\n|-damage|p1a: Zapdos|82\/100\n|-resisted|p1a: Zapdos\n|-damage|p1a: Zapdos|65\/100\n|-hitcount|p1a: Zapdos|2\n|\n|upkeep\n|turn|23\n|\n|t:|1667302099\n|move|p1a: Zapdos|Volt Switch|p2a: Melmetal\n|-damage|p2a: Melmetal|0 fnt\n|faint|p2a: Melmetal\n|\n|t:|1667302101\n|switch|p1a: Urshifu|Urshifu-Rapid-Strike, M|100\/100|[from]move: Volt Switch\n|-damage|p1a: Urshifu|94\/100|[from] Stealth Rock\n|\n|upkeep\n|\n|t:|1667302101\n|switch|p2a: Tangrowth|Tangrowth, M|100\/100\n|-damage|p2a: Tangrowth|88\/100|[from] Stealth Rock\n|turn|24\n|\n|t:|1667302103\n|move|p1a: Urshifu|U-turn|p2a: Tangrowth\n|-supereffective|p2a: Tangrowth\n|-damage|p2a: Tangrowth|60\/100\n|\n|t:|1667302106\n|switch|p1a: Zapdos|Zapdos|65\/100|[from]move: U-turn\n|-damage|p1a: Zapdos|40\/100|[from] Stealth Rock\n|move|p2a: Tangrowth|Giga Drain|p1a: Zapdos\n|-resisted|p1a: Zapdos\n|-damage|p1a: Zapdos|27\/100\n|-heal|p2a: Tangrowth|66\/100|[from] drain|[of] p1a: Zapdos\n|\n|upkeep\n|turn|25\n|\n|t:|1667302108\n|switch|p2a: Weavile|Weavile, M|100\/100\n|-damage|p2a: Weavile|76\/100|[from] Stealth Rock\n|-ability|p2a: Weavile|Pressure\n|move|p1a: Zapdos|Hurricane|p2a: Weavile\n|-damage|p2a: Weavile|11\/100\n|-start|p2a: Weavile|confusion\n|\n|upkeep\n|turn|26\n|\n|t:|1667302112\n|switch|p1a: Ferrothorn|Ferrothorn, F|42\/100\n|-damage|p1a: Ferrothorn|35\/100|[from] Stealth Rock\n|-activate|p2a: Weavile|confusion\n|move|p2a: Weavile|Triple Axel|p1a: Ferrothorn\n|-damage|p1a: Ferrothorn|27\/100\n|-damage|p2a: Weavile|0 fnt|[from] ability: Iron Barbs|[of] p1a: Ferrothorn\n|faint|p2a: Weavile\n|-hitcount|p1a: Ferrothorn|1\n|\n|-heal|p1a: Ferrothorn|34\/100|[from] item: Leftovers\n|upkeep\n|\n|t:|1667302113\n|switch|p2a: Tangrowth|Tangrowth, M|99\/100\n|-damage|p2a: Tangrowth|87\/100|[from] Stealth Rock\n|turn|27\n|\n|t:|1667302117\n|move|p2a: Tangrowth|Sleep Powder|p1a: Ferrothorn\n|-immune|p1a: Ferrothorn\n|move|p1a: Ferrothorn|Power Whip|p2a: Tangrowth\n|-resisted|p2a: Tangrowth\n|-damage|p2a: Tangrowth|77\/100\n|\n|-heal|p1a: Ferrothorn|40\/100|[from] item: Leftovers\n|upkeep\n|turn|28\n|\n|t:|1667302120\n|move|p2a: Tangrowth|Giga Drain|p1a: Ferrothorn\n|-resisted|p1a: Ferrothorn\n|-damage|p1a: Ferrothorn|34\/100\n|-heal|p2a: Tangrowth|79\/100|[from] drain|[of] p1a: Ferrothorn\n|move|p1a: Ferrothorn|Power Whip|p2a: Tangrowth|[miss]\n|-miss|p1a: Ferrothorn|p2a: Tangrowth\n|\n|-heal|p1a: Ferrothorn|40\/100|[from] item: Leftovers\n|upkeep\n|turn|29\n|\n|t:|1667302125\n|switch|p1a: Zapdos|Zapdos|27\/100\n|-damage|p1a: Zapdos|2\/100|[from] Stealth Rock\n|move|p2a: Tangrowth|Giga Drain|p1a: Zapdos\n|-resisted|p1a: Zapdos\n|-damage|p1a: Zapdos|0 fnt\n|-heal|p2a: Tangrowth|80\/100|[from] drain|[of] p1a: Zapdos\n|faint|p1a: Zapdos\n|\n|upkeep\n|\n|t:|1667302127\n|switch|p1a: Pelipper|Pelipper, M|100\/100\n|-damage|p1a: Pelipper|76\/100|[from] Stealth Rock\n|-weather|RainDance|[from] ability: Drizzle|[of] p1a: Pelipper\n|turn|30\n|\n|t:|1667302129\n|switch|p2a: Landorus|Landorus-Therian, M|29\/100\n|-damage|p2a: Landorus|17\/100|[from] Stealth Rock\n|-ability|p2a: Landorus|Intimidate|boost\n|-unboost|p1a: Pelipper|atk|1\n|move|p1a: Pelipper|Hurricane|p2a: Landorus\n|-damage|p2a: Landorus|0 fnt\n|faint|p2a: Landorus\n|\n|-weather|RainDance|[upkeep]\n|upkeep\n|\n|t:|1667302129\n|switch|p2a: Rotom|Rotom-Wash|29\/100\n|-damage|p2a: Rotom|16\/100|[from] Stealth Rock\n|turn|31\n|\n|t:|1667302131\n|move|p2a: Rotom|Pain Split|p1a: Pelipper\n|-sethp|p1a: Pelipper|47\/100|[from] move: Pain Split|[silent]\n|-sethp|p2a: Rotom|41\/100|[from] move: Pain Split\n|move|p1a: Pelipper|Hurricane|p2a: Rotom\n|-resisted|p2a: Rotom\n|-crit|p2a: Rotom\n|-damage|p2a: Rotom|0 fnt\n|faint|p2a: Rotom\n|\n|-weather|RainDance|[upkeep]\n|upkeep\n|\n|t:|1667302131\n|switch|p2a: Heatran|Heatran, M|76\/100\n|-damage|p2a: Heatran|63\/100|[from] Stealth Rock\n|-item|p2a: Heatran|Air Balloon\n|turn|32\n|\n|t:|1667302140\n|move|p2a: Heatran|Magma Storm|p1a: Pelipper\n|-resisted|p1a: Pelipper\n|-damage|p1a: Pelipper|27\/100\n|-activate|p1a: Pelipper|move: Magma Storm|[of] p2a: Heatran\n|move|p1a: Pelipper|Hurricane|p2a: Heatran\n|-resisted|p2a: Heatran\n|-damage|p2a: Heatran|28\/100\n|-start|p2a: Heatran|confusion\n|-enditem|p2a: Heatran|Air Balloon\n|\n|-weather|RainDance|[upkeep]\n|-damage|p1a: Pelipper|14\/100|[from] move: Magma Storm|[partiallytrapped]\n|upkeep\n|turn|33\n|\n|t:|1667302143\n|-activate|p2a: Heatran|confusion\n|-damage|p2a: Heatran|20\/100|[from] confusion\n|move|p1a: Pelipper|Hurricane|p2a: Heatran\n|-resisted|p2a: Heatran\n|-damage|p2a: Heatran|0 fnt\n|faint|p2a: Heatran\n|\n|-weather|RainDance|[upkeep]\n|-end|p1a: Pelipper|Magma Storm|[partiallytrapped]|[silent]\n|upkeep\n|\n|t:|1667302143\n|switch|p2a: Tangrowth|Tangrowth, M|100\/100\n|-damage|p2a: Tangrowth|88\/100|[from] Stealth Rock\n|turn|34\n|\n|t:|1667302145\n|move|p1a: Pelipper|Hurricane|p2a: Tangrowth\n|-supereffective|p2a: Tangrowth\n|-damage|p2a: Tangrowth|0 fnt\n|faint|p2a: Tangrowth\n|\n|win|dracaufeu shiny\n|raw|dracaufeu shiny's rating: 1619 &rarr; <strong>1637<\/strong><br \/>(+18 for winning)\n|raw|minimax_ai's rating: 1585 &rarr; <strong>1567<\/strong><br \/>(-18 for losing)\n","uploadtime":1667302147,"views":9,"p1id":"dracaufeushiny","p2id":"minimaxai","formatid":"gen8ou","rating":1567,"private":0,"password":null}