{"id":"gen8ou-1604628903","p1":"Verdas1128","p2":"reionatro","format":"gen8ou","log":"|j|\u2606Verdas1128\n|j|\u2606reionatro\n|t:|1656257741\n|gametype|singles\n|player|p1|Verdas1128|265|1518\n|player|p2|reionatro|265|1468\n|teamsize|p1|6\n|teamsize|p2|6\n|gen|8\n|tier|[Gen 8] OU\n|rated|\n|rule|Sleep Clause Mod: Limit one foe put to sleep\n|rule|Species Clause: Limit one of each Pok\u00e9mon\n|rule|OHKO Clause: OHKO moves are banned\n|rule|Evasion Moves Clause: Evasion moves are banned\n|rule|Endless Battle Clause: Forcing endless battles is banned\n|rule|HP Percentage Mod: HP is shown in percentages\n|rule|Dynamax Clause: You cannot dynamax\n|clearpoke\n|poke|p1|Urshifu-*, F|\n|poke|p1|Tyranitar, M|\n|poke|p1|Excadrill, M|\n|poke|p1|Zapdos|\n|poke|p1|Ferrothorn, M|\n|poke|p1|Tapu Lele|\n|poke|p2|Alakazam, M|\n|poke|p2|Buzzwole|\n|poke|p2|Volcanion|\n|poke|p2|Tapu Lele|\n|poke|p2|Corviknight, F|\n|poke|p2|Garchomp, M|\n|teampreview\n|\n|t:|1656257750\n|start\n|switch|p1a: Zapdos|Zapdos|100\/100\n|switch|p2a: Volcanion|Volcanion|100\/100\n|turn|1\n|\n|t:|1656257755\n|switch|p2a: Garchomp|Garchomp, M|100\/100\n|move|p1a: Zapdos|Volt Switch|p2a: Garchomp\n|-immune|p2a: Garchomp\n|\n|upkeep\n|turn|2\n|\n|t:|1656257768\n|switch|p1a: Ferrothorn|Ferrothorn, M|100\/100\n|move|p2a: Garchomp|Stone Edge|p1a: Ferrothorn\n|-resisted|p1a: Ferrothorn\n|-damage|p1a: Ferrothorn|89\/100\n|\n|-heal|p1a: Ferrothorn|95\/100|[from] item: Leftovers\n|upkeep\n|turn|3\n|\n|t:|1656257779\n|switch|p2a: Volcanion|Volcanion|100\/100\n|move|p1a: Ferrothorn|Leech Seed|p2a: Volcanion\n|-start|p2a: Volcanion|move: Leech Seed\n|\n|-heal|p1a: Ferrothorn|100\/100|[from] item: Leftovers\n|-damage|p2a: Volcanion|88\/100|[from] Leech Seed|[of] p1a: Ferrothorn\n|upkeep\n|turn|4\n|\n|t:|1656257793\n|switch|p1a: Zapdos|Zapdos|100\/100\n|move|p2a: Volcanion|Flamethrower|p1a: Zapdos\n|-damage|p1a: Zapdos|55\/100\n|\n|-damage|p2a: Volcanion|76\/100|[from] Leech Seed|[of] p1a: Zapdos\n|-heal|p1a: Zapdos|65\/100|[silent]\n|upkeep\n|turn|5\n|\n|t:|1656257798\n|switch|p2a: Garchomp|Garchomp, M|100\/100\n|move|p1a: Zapdos|Roost|p1a: Zapdos\n|-heal|p1a: Zapdos|100\/100\n|-singleturn|p1a: Zapdos|move: Roost\n|\n|upkeep\n|turn|6\n|\n|t:|1656257815\n|switch|p1a: Ferrothorn|Ferrothorn, M|100\/100\n|move|p2a: Garchomp|Stone Edge|p1a: Ferrothorn\n|-resisted|p1a: Ferrothorn\n|-damage|p1a: Ferrothorn|88\/100\n|\n|-heal|p1a: Ferrothorn|94\/100|[from] item: Leftovers\n|upkeep\n|turn|7\n|\n|t:|1656257827\n|switch|p2a: Buzzwole|Buzzwole|100\/100\n|move|p1a: Ferrothorn|Knock Off|p2a: Buzzwole\n|-resisted|p2a: Buzzwole\n|-damage|p2a: Buzzwole|94\/100\n|-damage|p1a: Ferrothorn|78\/100|[from] item: Rocky Helmet|[of] p2a: Buzzwole\n|-enditem|p2a: Buzzwole|Rocky Helmet|[from] move: Knock Off|[of] p1a: Ferrothorn\n|\n|-heal|p1a: Ferrothorn|84\/100|[from] item: Leftovers\n|upkeep\n|turn|8\n|\n|t:|1656257840\n|switch|p1a: Zapdos|Zapdos|100\/100\n|move|p2a: Buzzwole|Close Combat|p1a: Zapdos\n|-resisted|p1a: Zapdos\n|-damage|p1a: Zapdos|76\/100\n|-unboost|p2a: Buzzwole|def|1\n|-unboost|p2a: Buzzwole|spd|1\n|\n|upkeep\n|turn|9\n|\n|t:|1656257843\n|switch|p2a: Garchomp|Garchomp, M|100\/100\n|move|p1a: Zapdos|Hurricane|p2a: Garchomp\n|-damage|p2a: Garchomp|47\/100\n|\n|upkeep\n|turn|10\n|\n|t:|1656257852\n|switch|p2a: Volcanion|Volcanion|76\/100\n|switch|p1a: Ferrothorn|Ferrothorn, M|84\/100\n|\n|-heal|p1a: Ferrothorn|90\/100|[from] item: Leftovers\n|upkeep\n|turn|11\n|\n|t:|1656257866\n|move|p2a: Volcanion|Steam Eruption|p1a: Ferrothorn\n|-resisted|p1a: Ferrothorn\n|-damage|p1a: Ferrothorn|69\/100\n|-status|p1a: Ferrothorn|brn\n|move|p1a: Ferrothorn|Knock Off|p2a: Volcanion\n|-damage|p2a: Volcanion|65\/100\n|-enditem|p2a: Volcanion|Heavy-Duty Boots|[from] move: Knock Off|[of] p1a: Ferrothorn\n|\n|-heal|p1a: Ferrothorn|75\/100 brn|[from] item: Leftovers\n|-damage|p1a: Ferrothorn|69\/100 brn|[from] brn\n|upkeep\n|turn|12\n|\n|t:|1656257872\n|switch|p1a: Zapdos|Zapdos|76\/100\n|move|p2a: Volcanion|Steam Eruption|p1a: Zapdos\n|-damage|p1a: Zapdos|18\/100\n|-status|p1a: Zapdos|brn\n|\n|-damage|p1a: Zapdos|12\/100 brn|[from] brn\n|upkeep\n|turn|13\n|\n|t:|1656257896\n|switch|p2a: Buzzwole|Buzzwole|94\/100\n|move|p1a: Zapdos|Volt Switch|p2a: Buzzwole\n|-damage|p2a: Buzzwole|50\/100\n|\n|t:|1656257901\n|switch|p1a: Urshifu|Urshifu-Rapid-Strike, F|100\/100|[from]move: Volt Switch\n|\n|upkeep\n|turn|14\n|\n|t:|1656257905\n|move|p1a: Urshifu|Surging Strikes|p2a: Buzzwole\n|-crit|p2a: Buzzwole\n|-damage|p2a: Buzzwole|35\/100\n|-crit|p2a: Buzzwole\n|-damage|p2a: Buzzwole|22\/100\n|-crit|p2a: Buzzwole\n|-damage|p2a: Buzzwole|7\/100\n|-hitcount|p2a: Buzzwole|3\n|move|p2a: Buzzwole|Roost|p2a: Buzzwole\n|-heal|p2a: Buzzwole|57\/100\n|-singleturn|p2a: Buzzwole|move: Roost\n|\n|upkeep\n|turn|15\n|\n|t:|1656257914\n|-singleturn|p1a: Urshifu|move: Focus Punch\n|move|p2a: Buzzwole|Roost|p2a: Buzzwole\n|-heal|p2a: Buzzwole|100\/100\n|-singleturn|p2a: Buzzwole|move: Roost\n|move|p1a: Urshifu|Focus Punch|p2a: Buzzwole\n|-resisted|p2a: Buzzwole\n|-damage|p2a: Buzzwole|76\/100\n|\n|upkeep\n|turn|16\n|\n|t:|1656257922\n|move|p1a: Urshifu|Surging Strikes|p2a: Buzzwole\n|-crit|p2a: Buzzwole\n|-damage|p2a: Buzzwole|63\/100\n|-crit|p2a: Buzzwole\n|-damage|p2a: Buzzwole|50\/100\n|-crit|p2a: Buzzwole\n|-damage|p2a: Buzzwole|37\/100\n|-hitcount|p2a: Buzzwole|3\n|move|p2a: Buzzwole|Roost|p2a: Buzzwole\n|-heal|p2a: Buzzwole|88\/100\n|-singleturn|p2a: Buzzwole|move: Roost\n|\n|upkeep\n|turn|17\n|\n|t:|1656257927\n|move|p1a: Urshifu|U-turn|p2a: Buzzwole\n|-resisted|p2a: Buzzwole\n|-crit|p2a: Buzzwole\n|-damage|p2a: Buzzwole|76\/100\n|\n|t:|1656257930\n|switch|p1a: Zapdos|Zapdos|12\/100 brn|[from]move: U-turn\n|move|p2a: Buzzwole|Roost|p2a: Buzzwole\n|-heal|p2a: Buzzwole|100\/100\n|-singleturn|p2a: Buzzwole|move: Roost\n|\n|-damage|p1a: Zapdos|6\/100 brn|[from] brn\n|upkeep\n|turn|18\n|\n|t:|1656257955\n|move|p1a: Zapdos|Roost|p1a: Zapdos\n|-heal|p1a: Zapdos|56\/100 brn\n|-singleturn|p1a: Zapdos|move: Roost\n|move|p2a: Buzzwole|Ice Punch|p1a: Zapdos\n|-damage|p1a: Zapdos|36\/100 brn\n|\n|-damage|p1a: Zapdos|30\/100 brn|[from] brn\n|upkeep\n|turn|19\n|\n|t:|1656257968\n|switch|p2a: Garchomp|Garchomp, M|47\/100\n|move|p1a: Zapdos|Roost|p1a: Zapdos\n|-heal|p1a: Zapdos|80\/100 brn\n|-singleturn|p1a: Zapdos|move: Roost\n|\n|-damage|p1a: Zapdos|74\/100 brn|[from] brn\n|upkeep\n|turn|20\n|\n|t:|1656257986\n|switch|p1a: Ferrothorn|Ferrothorn, M|69\/100 brn\n|move|p2a: Garchomp|Stone Edge|p1a: Ferrothorn\n|-resisted|p1a: Ferrothorn\n|-damage|p1a: Ferrothorn|58\/100 brn\n|\n|-heal|p1a: Ferrothorn|64\/100 brn|[from] item: Leftovers\n|-damage|p1a: Ferrothorn|58\/100 brn|[from] brn\n|upkeep\n|turn|21\n|\n|t:|1656258005\n|switch|p2a: Buzzwole|Buzzwole|100\/100\n|move|p1a: Ferrothorn|Stealth Rock|p2a: Buzzwole\n|-sidestart|p2: reionatro|move: Stealth Rock\n|\n|-heal|p1a: Ferrothorn|64\/100 brn|[from] item: Leftovers\n|-damage|p1a: Ferrothorn|58\/100 brn|[from] brn\n|upkeep\n|turn|22\n|\n|t:|1656258039\n|switch|p2a: Garchomp|Garchomp, M|47\/100\n|-damage|p2a: Garchomp|41\/100|[from] Stealth Rock\n|switch|p1a: Tapu Lele|Tapu Lele, shiny|100\/100\n|-fieldstart|move: Psychic Terrain|[from] ability: Psychic Surge|[of] p1a: Tapu Lele\n|\n|upkeep\n|turn|23\n|\n|t:|1656258049\n|move|p2a: Garchomp|Earthquake|p1a: Tapu Lele\n|-damage|p1a: Tapu Lele|26\/100\n|move|p1a: Tapu Lele|Psyshock|p2a: Garchomp\n|-damage|p2a: Garchomp|0 fnt\n|faint|p2a: Garchomp\n|\n|upkeep\n|\n|t:|1656258064\n|switch|p2a: Corviknight|Corviknight, F|100\/100\n|-damage|p2a: Corviknight|88\/100|[from] Stealth Rock\n|-ability|p2a: Corviknight|Pressure\n|turn|24\n|\n|t:|1656258079\n|switch|p1a: Zapdos|Zapdos|74\/100 brn\n|move|p2a: Corviknight|U-turn|p1a: Zapdos\n|-resisted|p1a: Zapdos\n|-damage|p1a: Zapdos|69\/100 brn\n|\n|t:|1656258094\n|switch|p2a: Alakazam|Alakazam, M|100\/100|[from]move: U-turn\n|\n|-damage|p1a: Zapdos|63\/100 brn|[from] brn\n|upkeep\n|turn|25\n|\n|t:|1656258128\n|move|p2a: Alakazam|Expanding Force|p1a: Zapdos\n|-damage|p1a: Zapdos|0 fnt\n|faint|p1a: Zapdos\n|\n|upkeep\n|\n|t:|1656258134\n|switch|p1a: Tyranitar|Tyranitar, M|100\/100\n|-weather|Sandstorm|[from] ability: Sand Stream|[of] p1a: Tyranitar\n|turn|26\n|\n|t:|1656258145\n|switch|p2a: Corviknight|Corviknight, F|88\/100\n|-damage|p2a: Corviknight|75\/100|[from] Stealth Rock\n|-ability|p2a: Corviknight|Pressure\n|move|p1a: Tyranitar|Stone Edge|p2a: Corviknight\n|-damage|p2a: Corviknight|20\/100\n|\n|-weather|Sandstorm|[upkeep]\n|-heal|p2a: Corviknight|27\/100|[from] item: Leftovers\n|-fieldend|move: Psychic Terrain\n|upkeep\n|turn|27\n|\n|t:|1656258155\n|move|p1a: Tyranitar|Stone Edge|p2a: Corviknight|[miss]\n|-miss|p1a: Tyranitar|p2a: Corviknight\n|move|p2a: Corviknight|Roost|p2a: Corviknight\n|-heal|p2a: Corviknight|77\/100\n|-singleturn|p2a: Corviknight|move: Roost\n|\n|-weather|Sandstorm|[upkeep]\n|-heal|p2a: Corviknight|83\/100|[from] item: Leftovers\n|upkeep\n|turn|28\n|\n|t:|1656258164\n|move|p1a: Tyranitar|Stone Edge|p2a: Corviknight|[miss]\n|-miss|p1a: Tyranitar|p2a: Corviknight\n|move|p2a: Corviknight|U-turn|p1a: Tyranitar\n|-supereffective|p1a: Tyranitar\n|-damage|p1a: Tyranitar|75\/100\n|\n|t:|1656258166\n|switch|p2a: Volcanion|Volcanion|65\/100|[from]move: U-turn\n|-damage|p2a: Volcanion|40\/100|[from] Stealth Rock\n|\n|-weather|Sandstorm|[upkeep]\n|-damage|p2a: Volcanion|34\/100|[from] Sandstorm\n|upkeep\n|turn|29\n|\n|t:|1656258171\n|switch|p1a: Ferrothorn|Ferrothorn, M|58\/100 brn\n|move|p2a: Volcanion|Steam Eruption|p1a: Ferrothorn\n|-resisted|p1a: Ferrothorn\n|-damage|p1a: Ferrothorn|38\/100 brn\n|\n|-weather|Sandstorm|[upkeep]\n|-damage|p2a: Volcanion|28\/100|[from] Sandstorm\n|-heal|p1a: Ferrothorn|44\/100 brn|[from] item: Leftovers\n|-damage|p1a: Ferrothorn|38\/100 brn|[from] brn\n|upkeep\n|turn|30\n|\n|t:|1656258178\n|move|p2a: Volcanion|Flamethrower|p1a: Ferrothorn\n|-supereffective|p1a: Ferrothorn\n|-damage|p1a: Ferrothorn|0 fnt\n|faint|p1a: Ferrothorn\n|\n|-weather|none\n|upkeep\n|\n|t:|1656258184\n|switch|p1a: Urshifu|Urshifu-Rapid-Strike, F|100\/100\n|turn|31\n|\n|t:|1656258188\n|switch|p2a: Buzzwole|Buzzwole|100\/100\n|-damage|p2a: Buzzwole|88\/100|[from] Stealth Rock\n|move|p1a: Urshifu|Close Combat|p2a: Buzzwole\n|-resisted|p2a: Buzzwole\n|-damage|p2a: Buzzwole|66\/100\n|-unboost|p1a: Urshifu|def|1\n|-unboost|p1a: Urshifu|spd|1\n|\n|upkeep\n|turn|32\n|\n|t:|1656258196\n|move|p1a: Urshifu|Surging Strikes|p2a: Buzzwole\n|-crit|p2a: Buzzwole\n|-damage|p2a: Buzzwole|52\/100\n|-crit|p2a: Buzzwole\n|-damage|p2a: Buzzwole|40\/100\n|-crit|p2a: Buzzwole\n|-damage|p2a: Buzzwole|26\/100\n|-hitcount|p2a: Buzzwole|3\n|move|p2a: Buzzwole|Roost|p2a: Buzzwole\n|-heal|p2a: Buzzwole|76\/100\n|-singleturn|p2a: Buzzwole|move: Roost\n|\n|upkeep\n|turn|33\n|\n|t:|1656258203\n|move|p1a: Urshifu|U-turn|p2a: Buzzwole\n|-resisted|p2a: Buzzwole\n|-damage|p2a: Buzzwole|68\/100\n|\n|t:|1656258205\n|switch|p1a: Tyranitar|Tyranitar, M|75\/100|[from]move: U-turn\n|-weather|Sandstorm|[from] ability: Sand Stream|[of] p1a: Tyranitar\n|move|p2a: Buzzwole|Close Combat|p1a: Tyranitar\n|-supereffective|p1a: Tyranitar\n|-damage|p1a: Tyranitar|0 fnt\n|-unboost|p2a: Buzzwole|def|1\n|-unboost|p2a: Buzzwole|spd|1\n|faint|p1a: Tyranitar\n|-ability|p2a: Buzzwole|Beast Boost|boost\n|-boost|p2a: Buzzwole|atk|1\n|\n|-weather|Sandstorm|[upkeep]\n|-damage|p2a: Buzzwole|62\/100|[from] Sandstorm\n|upkeep\n|\n|t:|1656258209\n|switch|p1a: Urshifu|Urshifu-Rapid-Strike, F|100\/100\n|turn|34\n|\n|t:|1656258224\n|move|p1a: Urshifu|Surging Strikes|p2a: Buzzwole\n|-crit|p2a: Buzzwole\n|-damage|p2a: Buzzwole|41\/100\n|-crit|p2a: Buzzwole\n|-damage|p2a: Buzzwole|23\/100\n|-crit|p2a: Buzzwole\n|-damage|p2a: Buzzwole|2\/100\n|-hitcount|p2a: Buzzwole|3\n|move|p2a: Buzzwole|Close Combat|p1a: Urshifu\n|-damage|p1a: Urshifu|0 fnt\n|-unboost|p2a: Buzzwole|def|1\n|-unboost|p2a: Buzzwole|spd|1\n|faint|p1a: Urshifu\n|-ability|p2a: Buzzwole|Beast Boost|boost\n|-boost|p2a: Buzzwole|atk|1\n|\n|-weather|Sandstorm|[upkeep]\n|-damage|p2a: Buzzwole|0 fnt|[from] Sandstorm\n|faint|p2a: Buzzwole\n|upkeep\n|\n|t:|1656258246\n|switch|p1a: Excadrill|Excadrill, M|100\/100\n|switch|p2a: Corviknight|Corviknight, F|83\/100\n|-damage|p2a: Corviknight|70\/100|[from] Stealth Rock\n|-ability|p2a: Corviknight|Pressure\n|turn|35\n|\n|t:|1656258255\n|move|p1a: Excadrill|Rock Slide|p2a: Corviknight\n|-damage|p2a: Corviknight|42\/100\n|move|p2a: Corviknight|Body Press|p1a: Excadrill\n|-supereffective|p1a: Excadrill\n|-damage|p1a: Excadrill|24\/100\n|\n|-weather|Sandstorm|[upkeep]\n|-heal|p2a: Corviknight|48\/100|[from] item: Leftovers\n|upkeep\n|turn|36\n|\n|t:|1656258260\n|move|p1a: Excadrill|Rock Slide|p2a: Corviknight\n|-damage|p2a: Corviknight|19\/100\n|cant|p2a: Corviknight|flinch\n|\n|-weather|Sandstorm|[upkeep]\n|-heal|p2a: Corviknight|25\/100|[from] item: Leftovers\n|upkeep\n|turn|37\n|\n|t:|1656258265\n|move|p1a: Excadrill|Rock Slide|p2a: Corviknight\n|-damage|p2a: Corviknight|0 fnt\n|faint|p2a: Corviknight\n|\n|-weather|none\n|upkeep\n|\n|t:|1656258270\n|switch|p2a: Tapu Lele|Tapu Lele|100\/100\n|-damage|p2a: Tapu Lele|88\/100|[from] Stealth Rock\n|-fieldstart|move: Psychic Terrain|[from] ability: Psychic Surge|[of] p2a: Tapu Lele\n|turn|38\n|\n|t:|1656258274\n|move|p2a: Tapu Lele|Psychic|p1a: Excadrill\n|-resisted|p1a: Excadrill\n|-damage|p1a: Excadrill|0 fnt\n|faint|p1a: Excadrill\n|\n|upkeep\n|\n|t:|1656258276\n|switch|p1a: Tapu Lele|Tapu Lele, shiny|26\/100\n|turn|39\n|\n|t:|1656258279\n|move|p1a: Tapu Lele|Moonblast|p2a: Tapu Lele\n|-damage|p2a: Tapu Lele|46\/100\n|-unboost|p2a: Tapu Lele|spa|1\n|move|p2a: Tapu Lele|Moonblast|p1a: Tapu Lele\n|-damage|p1a: Tapu Lele|0 fnt\n|faint|p1a: Tapu Lele\n|\n|win|reionatro\n|raw|Verdas1128's rating: 1518 &rarr; <strong>1495<\/strong><br \/>(-23 for losing)\n|raw|reionatro's rating: 1468 &rarr; <strong>1491<\/strong><br \/>(+23 for winning)\n","uploadtime":1656258283,"views":53,"p1id":"verdas1128","p2id":"reionatro","formatid":"gen8ou","rating":1491,"private":0,"password":null}