{"id":"gen8randombattle-1286130142","p1":"6Roggenrolas","p2":"TehranTyphlosions","format":"gen8randombattle","log":"|j|\u26066Roggenrolas\n|j|\u2606TehranTyphlosions\n|t:|1613802588\n|player|p1|6Roggenrolas|worker|2072\n|player|p2|TehranTyphlosions|clair|2067\n|teamsize|p1|6\n|teamsize|p2|6\n|gametype|singles\n|gen|8\n|tier|[Gen 8] Random Battle\n|rated|\n|rule|Species Clause: Limit one of each Pok\u00e9mon\n|rule|HP Percentage Mod: HP is shown in percentages\n|rule|Sleep Clause Mod: Limit one foe put to sleep\n|\n|t:|1613802588\n|start\n|switch|p1a: Vespiquen|Vespiquen, F|302\/302\n|switch|p2a: Slurpuff|Slurpuff, L80, M|262\/262\n|-ability|p1a: Vespiquen|Pressure\n|turn|1\n|\n|t:|1613802604\n|move|p2a: Slurpuff|Belly Drum|p2a: Slurpuff\n|-damage|p2a: Slurpuff|131\/262\n|-setboost|p2a: Slurpuff|atk|6|[from] move: Belly Drum\n|-enditem|p2a: Slurpuff|Sitrus Berry|[eat]\n|-heal|p2a: Slurpuff|196\/262|[from] item: Sitrus Berry\n|move|p1a: Vespiquen|Toxic|p2a: Slurpuff\n|-status|p2a: Slurpuff|tox\n|\n|-damage|p2a: Slurpuff|180\/262 tox|[from] psn\n|upkeep\n|turn|2\n|\n|t:|1613802609\n|move|p2a: Slurpuff|Play Rough|p1a: Vespiquen|[miss]\n|-miss|p2a: Slurpuff|p1a: Vespiquen\n|move|p1a: Vespiquen|Air Slash|p2a: Slurpuff\n|-damage|p2a: Slurpuff|56\/262 tox\n|\n|-damage|p2a: Slurpuff|24\/262 tox|[from] psn\n|upkeep\n|turn|3\n|\n|t:|1613802613\n|move|p2a: Slurpuff|Play Rough|p1a: Vespiquen\n|-damage|p1a: Vespiquen|92\/302\n|move|p1a: Vespiquen|Air Slash|p2a: Slurpuff\n|-damage|p2a: Slurpuff|0 fnt\n|faint|p2a: Slurpuff\n|\n|upkeep\n|inactive|Battle timer is ON: inactive players will automatically lose when time's up. (requested by 6Roggenrolas)\n|\n|t:|1613802624\n|switch|p2a: Rhyperior|Rhyperior, L82, F|323\/323\n|turn|4\n|\n|t:|1613802627\n|move|p1a: Vespiquen|Toxic|p2a: Rhyperior\n|-status|p2a: Rhyperior|tox\n|move|p2a: Rhyperior|Rock Polish|p2a: Rhyperior\n|-boost|p2a: Rhyperior|spe|2\n|\n|-damage|p2a: Rhyperior|303\/323 tox|[from] psn\n|upkeep\n|turn|5\n|\n|t:|1613802635\n|move|p2a: Rhyperior|Stone Edge|p1a: Vespiquen\n|-supereffective|p1a: Vespiquen\n|-damage|p1a: Vespiquen|0 fnt\n|faint|p1a: Vespiquen\n|\n|-damage|p2a: Rhyperior|263\/323 tox|[from] psn\n|upkeep\n|\n|t:|1613802657\n|switch|p1a: Regidrago|Regidrago, L80|451\/451\n|turn|6\n|\n|t:|1613802664\n|move|p2a: Rhyperior|Stone Edge|p1a: Regidrago|[miss]\n|-miss|p2a: Rhyperior|p1a: Regidrago\n|move|p1a: Regidrago|Draco Meteor|p2a: Rhyperior\n|-damage|p2a: Rhyperior|0 fnt\n|-unboost|p1a: Regidrago|spa|2\n|faint|p2a: Rhyperior\n|\n|upkeep\n|\n|t:|1613802672\n|switch|p2a: Amoonguss|Amoonguss, L84, M|329\/329\n|turn|7\n|\n|t:|1613802682\n|move|p1a: Regidrago|Outrage|p2a: Amoonguss\n|-damage|p2a: Amoonguss|119\/329\n|move|p2a: Amoonguss|Toxic|p1a: Regidrago\n|-status|p1a: Regidrago|tox\n|\n|-heal|p2a: Amoonguss|139\/329|[from] item: Black Sludge\n|-damage|p1a: Regidrago|423\/451 tox|[from] psn\n|upkeep\n|turn|8\n|\n|t:|1613802689\n|switch|p2a: Gurdurr|Gurdurr, L82, F|274\/274\n|move|p1a: Regidrago|Outrage|p2a: Gurdurr|[from]lockedmove\n|-damage|p2a: Gurdurr|138\/274\n|-start|p1a: Regidrago|confusion|[fatigue]\n|\n|-damage|p1a: Regidrago|367\/451 tox|[from] psn\n|upkeep\n|turn|9\n|\n|t:|1613802695\n|switch|p1a: Alcremie|Alcremie, L86, F|252\/252\n|move|p2a: Gurdurr|Drain Punch|p1a: Alcremie\n|-resisted|p1a: Alcremie\n|-damage|p1a: Alcremie|209\/252\n|-heal|p2a: Gurdurr|160\/274|[from] drain|[of] p1a: Alcremie\n|\n|upkeep\n|turn|10\n|\n|t:|1613802699\n|switch|p2a: Amoonguss|Amoonguss, L84, M|248\/329\n|move|p1a: Alcremie|Psychic|p2a: Amoonguss\n|-supereffective|p2a: Amoonguss\n|-damage|p2a: Amoonguss|32\/329\n|-damage|p1a: Alcremie|184\/252|[from] item: Life Orb\n|\n|-heal|p2a: Amoonguss|52\/329|[from] item: Black Sludge\n|upkeep\n|turn|11\n|\n|t:|1613802708\n|switch|p2a: Cherrim|Cherrim, L90, F|272\/272\n|move|p1a: Alcremie|Psychic|p2a: Cherrim\n|-damage|p2a: Cherrim|178\/272\n|-damage|p1a: Alcremie|159\/252|[from] item: Life Orb\n|\n|upkeep\n|turn|12\n|\n|t:|1613802717\n|move|p2a: Cherrim|Energy Ball|p1a: Alcremie\n|-crit|p1a: Alcremie\n|-damage|p1a: Alcremie|33\/252\n|move|p1a: Alcremie|Recover|p1a: Alcremie\n|-heal|p1a: Alcremie|159\/252\n|\n|upkeep\n|turn|13\n|\n|t:|1613802720\n|move|p2a: Cherrim|Energy Ball|p1a: Alcremie\n|-damage|p1a: Alcremie|84\/252\n|move|p1a: Alcremie|Recover|p1a: Alcremie\n|-heal|p1a: Alcremie|210\/252\n|\n|upkeep\n|turn|14\n|\n|t:|1613802722\n|move|p2a: Cherrim|Energy Ball|p1a: Alcremie\n|-damage|p1a: Alcremie|134\/252\n|move|p1a: Alcremie|Recover|p1a: Alcremie\n|-heal|p1a: Alcremie|252\/252\n|\n|upkeep\n|turn|15\n|\n|t:|1613802726\n|switch|p1a: Giratina|Giratina-Origin, L74|344\/344\n|move|p2a: Cherrim|Energy Ball|p1a: Giratina\n|-resisted|p1a: Giratina\n|-damage|p1a: Giratina|288\/344\n|\n|upkeep\n|turn|16\n|\n|t:|1613802730\n|switch|p2a: Gurdurr|Gurdurr, L82, F|160\/274\n|move|p1a: Giratina|Hone Claws|p1a: Giratina\n|-boost|p1a: Giratina|atk|1\n|-boost|p1a: Giratina|accuracy|1\n|\n|upkeep\n|turn|17\n|\n|t:|1613802734\n|-start|p1a: Giratina|Dynamax\n|-heal|p1a: Giratina|576\/688|[silent]\n|move|p1a: Giratina|Max Airstream|p2a: Gurdurr\n|-supereffective|p2a: Gurdurr\n|-damage|p2a: Gurdurr|0 fnt\n|-boost|p1a: Giratina|spe|1\n|faint|p2a: Gurdurr\n|\n|upkeep\n|\n|t:|1613802740\n|switch|p2a: Cherrim|Cherrim, L90, F|178\/272\n|turn|18\n|\n|t:|1613802743\n|move|p2a: Cherrim|Healing Wish|p2a: Cherrim\n|faint|p2a: Cherrim\n|move|p1a: Giratina|Max Airstream|p2: Cherrim|[notarget]\n|-fail|p1a: Giratina\n|\n|upkeep\n|\n|t:|1613802745\n|switch|p2a: Amoonguss|Amoonguss, L84, M|161\/329\n|-heal|p2a: Amoonguss|329\/329|[from] move: Healing Wish\n|turn|19\n|\n|t:|1613802748\n|move|p1a: Giratina|Max Airstream|p2a: Amoonguss\n|-supereffective|p2a: Amoonguss\n|-damage|p2a: Amoonguss|49\/329\n|-boost|p1a: Giratina|spe|1\n|move|p2a: Amoonguss|Spore|p1a: Giratina\n|-status|p1a: Giratina|slp|[from] move: Spore\n|\n|-heal|p2a: Amoonguss|69\/329|[from] item: Black Sludge\n|-end|p1a: Giratina|Dynamax\n|-heal|p1a: Giratina|288\/344 slp|[silent]\n|upkeep\n|turn|20\n|\n|t:|1613802753\n|switch|p2a: Giratina|Giratina-Origin, L74|344\/344\n|cant|p1a: Giratina|slp\n|\n|upkeep\n|turn|21\n|\n|t:|1613802758\n|-curestatus|p1a: Giratina|slp|[msg]\n|move|p1a: Giratina|Outrage|p2a: Giratina\n|-supereffective|p2a: Giratina\n|-damage|p2a: Giratina|0 fnt\n|faint|p2a: Giratina\n|\n|upkeep\n|-message|TehranTyphlosions forfeited.\n|\n|win|6Roggenrolas\n|l|\u2606TehranTyphlosions\n|raw|6Roggenrolas's rating: 2072 &rarr; <strong>2092<\/strong><br \/>(+20 for winning)\n|raw|TehranTyphlosions's rating: 2067 &rarr; <strong>2047<\/strong><br \/>(-20 for losing)\n","inputlog":">version f39fa2d90d34eba6c92348294ec28c4b67867ded\n>start {\"formatid\":\"gen8randombattle\",\"seed\":[53476,37774,1743,14197],\"rated\":\"Rated battle\"}\n>player p1 {\"name\":\"6Roggenrolas\",\"avatar\":\"worker\",\"team\":\"\",\"rating\":2072,\"seed\":[15703,43857,34129,12008]}\n>player p2 {\"name\":\"TehranTyphlosions\",\"avatar\":\"clair\",\"team\":\"\",\"rating\":2067,\"seed\":[8043,64829,35033,30799]}\n>p1 move toxic\n>p2 move bellydrum\n>p1 move airslash\n>p2 move playrough\n>p1 move airslash\n>p2 move playrough\n>p2 switch 6\n>p1 move toxic\n>p2 move rockpolish\n>p1 move roost\n>p2 move stoneedge\n>p1 switch 6\n>p1 move dracometeor\n>p2 move stoneedge\n>p2 switch 5\n>p1 move outrage\n>p2 move toxic\n>p1 move outrage\n>p2 switch 3\n>p1 switch 5\n>p2 move drainpunch\n>p1 move psychic\n>p2 switch 3\n>p1 move psychic\n>p2 switch 2\n>p1 move recover\n>p2 move energyball\n>p1 move recover\n>p2 move energyball\n>p1 move recover\n>p2 move energyball\n>p1 switch 2\n>p2 move energyball\n>p1 move honeclaws\n>p2 switch 3\n>p1 move dualwingbeat dynamax\n>p2 move knockoff\n>p2 switch 3\n>p1 move dualwingbeat dynamax\n>p2 move healingwish\n>p2 switch 2\n>p1 move dualwingbeat dynamax\n>p2 move spore\n>p1 move dualwingbeat\n>p2 switch 4\n>p1 move outrage\n>p2 move honeclaws","uploadtime":1613802765,"views":0,"p1id":"6roggenrolas","p2id":"tehrantyphlosions","formatid":"gen8randombattle","rating":2047,"private":0,"password":null}