{"id":"gen8nationaldex-1547823884","p1":"Vlebmj","p2":"fishy8995","format":"gen8nationaldex","log":"|html|<div class=\"broadcast-blue\"><strong>[Gen 8] National Dex is currently suspecting Mega Blaziken! For information on how to participate check out the <a href=\"https:\/\/www.smogon.com\/forums\/threads\/national-dex-suspect-test-15-harder-better-faster-stronger.3699700\/\">suspect thread<\/a>.<\/strong><\/div>\n|j|\u2606Vlebmj\n|j|\u2606fishy8995\n|t:|1649301042\n|gametype|singles\n|player|p1|Vlebmj|170|1585\n|player|p2|fishy8995|101|1756\n|teamsize|p1|6\n|teamsize|p2|6\n|gen|8\n|tier|[Gen 8] National Dex\n|rated|\n|rule|HP Percentage Mod: HP is shown in percentages\n|rule|Endless Battle Clause: Forcing endless battles is banned\n|rule|OHKO Clause: OHKO moves are banned\n|rule|Evasion Moves Clause: Evasion moves are banned\n|rule|Species Clause: Limit one of each Pok\u00e9mon\n|rule|Dynamax Clause: You cannot dynamax\n|rule|Sleep Clause Mod: Limit one foe put to sleep\n|clearpoke\n|poke|p1|Venusaur, F|\n|poke|p1|Slowbro, M|\n|poke|p1|Chansey, F|\n|poke|p1|Torkoal, F|\n|poke|p1|Gliscor, F|\n|poke|p1|Rillaboom, M|\n|poke|p2|Hippowdon, F|\n|poke|p2|Tyranitar, M|\n|poke|p2|Excadrill, M|\n|poke|p2|Yanmega, M|\n|poke|p2|Toxapex, M|\n|poke|p2|Dracozolt|\n|teampreview\n|inactive|Battle timer is ON: inactive players will automatically lose when time's up. (requested by Vlebmj)\n|j| docheer\n|\n|t:|1649301051\n|start\n|switch|p1a: Rillaboom|Rillaboom, M|100\/100\n|switch|p2a: Tyranitar|Tyranitar, M|100\/100\n|-fieldstart|move: Grassy Terrain|[from] ability: Grassy Surge|[of] p1a: Rillaboom\n|-weather|Sandstorm|[from] ability: Sand Stream|[of] p2a: Tyranitar\n|turn|1\n|\n|t:|1649301057\n|switch|p2a: Yanmega|Yanmega, M|100\/100\n|move|p1a: Rillaboom|Wood Hammer|p2a: Yanmega\n|-resisted|p2a: Yanmega\n|-damage|p2a: Yanmega|62\/100\n|-damage|p1a: Rillaboom|89\/100|[from] Recoil\n|\n|-weather|Sandstorm|[upkeep]\n|-damage|p2a: Yanmega|56\/100|[from] Sandstorm\n|-damage|p1a: Rillaboom|83\/100|[from] Sandstorm\n|-heal|p1a: Rillaboom|89\/100|[from] Grassy Terrain\n|upkeep\n|turn|2\n|\n|t:|1649301062\n|switch|p1a: Chansey|Chansey, F|100\/100\n|move|p2a: Yanmega|Air Slash|p1a: Chansey\n|-damage|p1a: Chansey|88\/100\n|\n|-weather|Sandstorm|[upkeep]\n|-damage|p2a: Yanmega|50\/100|[from] Sandstorm\n|-damage|p1a: Chansey|82\/100|[from] Sandstorm\n|-heal|p1a: Chansey|88\/100|[from] Grassy Terrain\n|-ability|p2a: Yanmega|Speed Boost|boost\n|-boost|p2a: Yanmega|spe|1\n|upkeep\n|turn|3\n|\n|t:|1649301067\n|switch|p2a: Tyranitar|Tyranitar, M|100\/100\n|move|p1a: Chansey|Toxic|p2a: Tyranitar\n|-status|p2a: Tyranitar|tox\n|\n|-weather|Sandstorm|[upkeep]\n|-damage|p1a: Chansey|82\/100|[from] Sandstorm\n|-heal|p1a: Chansey|88\/100|[from] Grassy Terrain\n|-damage|p2a: Tyranitar|94\/100 tox|[from] psn\n|upkeep\n|turn|4\n|\n|t:|1649301073\n|move|p2a: Tyranitar|Dragon Dance|p2a: Tyranitar\n|-boost|p2a: Tyranitar|atk|1\n|-boost|p2a: Tyranitar|spe|1\n|move|p1a: Chansey|Teleport|p1a: Chansey\n|\n|t:|1649301075\n|switch|p1a: Rillaboom|Rillaboom, M|89\/100|[from]move: Teleport\n|\n|-weather|Sandstorm|[upkeep]\n|-damage|p1a: Rillaboom|83\/100|[from] Sandstorm\n|-heal|p2a: Tyranitar|100\/100 tox|[from] Grassy Terrain\n|-heal|p1a: Rillaboom|89\/100|[from] Grassy Terrain\n|-damage|p2a: Tyranitar|88\/100 tox|[from] psn\n|upkeep\n|turn|5\n|\n|t:|1649301078\n|detailschange|p2a: Tyranitar|Tyranitar-Mega, M\n|-mega|p2a: Tyranitar|Tyranitar|Tyranitarite\n|move|p1a: Rillaboom|Grassy Glide|p2a: Tyranitar\n|-supereffective|p2a: Tyranitar\n|-damage|p2a: Tyranitar|0 fnt\n|faint|p2a: Tyranitar\n|\n|-weather|none\n|-heal|p1a: Rillaboom|95\/100|[from] Grassy Terrain\n|-fieldend|move: Grassy Terrain\n|upkeep\n|\n|t:|1649301085\n|switch|p2a: Yanmega|Yanmega, M|50\/100\n|turn|6\n|\n|t:|1649301089\n|switch|p2a: Dracozolt|Dracozolt|100\/100\n|switch|p1a: Chansey|Chansey, F|88\/100\n|\n|upkeep\n|turn|7\n|\n|t:|1649301095\n|switch|p1a: Gliscor|Gliscor, F|100\/100\n|move|p2a: Dracozolt|Dragon Rush|p1a: Gliscor|[miss]\n|-miss|p2a: Dracozolt|p1a: Gliscor\n|\n|-status|p1a: Gliscor|tox|[from] item: Toxic Orb\n|upkeep\n|turn|8\n|\n|t:|1649301101\n|switch|p2a: Hippowdon|Hippowdon, F|100\/100\n|-weather|Sandstorm|[from] ability: Sand Stream|[of] p2a: Hippowdon\n|move|p1a: Gliscor|Earthquake|p2a: Hippowdon\n|-damage|p2a: Hippowdon|82\/100\n|\n|-weather|Sandstorm|[upkeep]\n|upkeep\n|turn|9\n|\n|t:|1649301105\n|move|p1a: Gliscor|U-turn|p2a: Hippowdon\n|-damage|p2a: Hippowdon|74\/100\n|\n|t:|1649301109\n|switch|p1a: Rillaboom|Rillaboom, M|95\/100|[from]move: U-turn\n|-fieldstart|move: Grassy Terrain|[from] ability: Grassy Surge|[of] p1a: Rillaboom\n|move|p2a: Hippowdon|Stealth Rock|p1a: Rillaboom\n|-sidestart|p1: Vlebmj|move: Stealth Rock\n|\n|-weather|Sandstorm|[upkeep]\n|-damage|p1a: Rillaboom|89\/100|[from] Sandstorm\n|-heal|p1a: Rillaboom|95\/100|[from] Grassy Terrain\n|-heal|p2a: Hippowdon|80\/100|[from] Grassy Terrain\n|upkeep\n|turn|10\n|\n|t:|1649301117\n|switch|p2a: Dracozolt|Dracozolt|100\/100\n|move|p1a: Rillaboom|Wood Hammer|p2a: Dracozolt\n|-resisted|p2a: Dracozolt\n|-damage|p2a: Dracozolt|20\/100\n|-damage|p1a: Rillaboom|70\/100|[from] Recoil\n|\n|-weather|Sandstorm|[upkeep]\n|-damage|p1a: Rillaboom|64\/100|[from] Sandstorm\n|-heal|p2a: Dracozolt|26\/100|[from] Grassy Terrain\n|-heal|p1a: Rillaboom|70\/100|[from] Grassy Terrain\n|upkeep\n|turn|11\n|l| docheer\n|\n|t:|1649301130\n|switch|p1a: Slowbro|Slowbro, M|100\/100\n|-damage|p1a: Slowbro|88\/100|[from] Stealth Rock\n|move|p2a: Dracozolt|Dragon Rush|p1a: Slowbro|[miss]\n|-miss|p2a: Dracozolt|p1a: Slowbro\n|\n|-weather|Sandstorm|[upkeep]\n|-damage|p1a: Slowbro|82\/100|[from] Sandstorm\n|-heal|p2a: Dracozolt|32\/100|[from] Grassy Terrain\n|-heal|p1a: Slowbro|88\/100|[from] Grassy Terrain\n|upkeep\n|turn|12\n|\n|t:|1649301137\n|switch|p2a: Yanmega|Yanmega, M|50\/100\n|switch|p1a: Gliscor|Gliscor, F|100\/100 tox\n|-damage|p1a: Gliscor|88\/100 tox|[from] Stealth Rock\n|\n|-weather|Sandstorm|[upkeep]\n|-damage|p2a: Yanmega|44\/100|[from] Sandstorm\n|-heal|p1a: Gliscor|100\/100 tox|[from] ability: Poison Heal\n|upkeep\n|turn|13\n|\n|t:|1649301139\n|move|p2a: Yanmega|Air Slash|p1a: Gliscor\n|-damage|p1a: Gliscor|59\/100 tox\n|move|p1a: Gliscor|Defog|p2a: Yanmega\n|-unboost|p2a: Yanmega|evasion|1\n|-sideend|p1: Vlebmj|Stealth Rock|[from] move: Defog|[of] p1a: Gliscor\n|-fieldend|move: Grassy Terrain\n|\n|-weather|Sandstorm|[upkeep]\n|-damage|p2a: Yanmega|38\/100|[from] Sandstorm\n|-heal|p1a: Gliscor|72\/100 tox|[from] ability: Poison Heal\n|-ability|p2a: Yanmega|Speed Boost|boost\n|-boost|p2a: Yanmega|spe|1\n|upkeep\n|turn|14\n|\n|t:|1649301144\n|switch|p1a: Chansey|Chansey, F|88\/100\n|move|p2a: Yanmega|Air Slash|p1a: Chansey\n|-damage|p1a: Chansey|76\/100\n|\n|-weather|Sandstorm|[upkeep]\n|-damage|p2a: Yanmega|32\/100|[from] Sandstorm\n|-damage|p1a: Chansey|70\/100|[from] Sandstorm\n|-ability|p2a: Yanmega|Speed Boost|boost\n|-boost|p2a: Yanmega|spe|1\n|upkeep\n|turn|15\n|\n|t:|1649301148\n|switch|p2a: Excadrill|Excadrill, M|100\/100\n|move|p1a: Chansey|Seismic Toss|p2a: Excadrill\n|-damage|p2a: Excadrill|73\/100\n|\n|-weather|none\n|upkeep\n|turn|16\n|\n|t:|1649301153\n|switch|p1a: Gliscor|Gliscor, F|72\/100 tox\n|move|p2a: Excadrill|Swords Dance|p2a: Excadrill\n|-boost|p2a: Excadrill|atk|2\n|\n|-heal|p1a: Gliscor|84\/100 tox|[from] ability: Poison Heal\n|upkeep\n|turn|17\n|\n|t:|1649301159\n|switch|p2a: Hippowdon|Hippowdon, F|80\/100\n|-weather|Sandstorm|[from] ability: Sand Stream|[of] p2a: Hippowdon\n|move|p1a: Gliscor|Earthquake|p2a: Hippowdon\n|-damage|p2a: Hippowdon|63\/100\n|\n|-weather|Sandstorm|[upkeep]\n|-heal|p1a: Gliscor|97\/100 tox|[from] ability: Poison Heal\n|upkeep\n|turn|18\n|\n|t:|1649301164\n|move|p1a: Gliscor|U-turn|p2a: Hippowdon\n|-damage|p2a: Hippowdon|54\/100\n|\n|t:|1649301167\n|switch|p1a: Rillaboom|Rillaboom, M|70\/100|[from]move: U-turn\n|-fieldstart|move: Grassy Terrain|[from] ability: Grassy Surge|[of] p1a: Rillaboom\n|move|p2a: Hippowdon|Toxic|p1a: Rillaboom\n|-status|p1a: Rillaboom|tox\n|\n|-weather|Sandstorm|[upkeep]\n|-damage|p1a: Rillaboom|64\/100 tox|[from] Sandstorm\n|-heal|p1a: Rillaboom|70\/100 tox|[from] Grassy Terrain\n|-heal|p2a: Hippowdon|60\/100|[from] Grassy Terrain\n|-damage|p1a: Rillaboom|64\/100 tox|[from] psn\n|upkeep\n|turn|19\n|\n|t:|1649301181\n|switch|p2a: Toxapex|Toxapex, M|100\/100\n|move|p1a: Rillaboom|Wood Hammer|p2a: Toxapex\n|-damage|p2a: Toxapex|0 fnt\n|faint|p2a: Toxapex\n|-damage|p1a: Rillaboom|35\/100 tox|[from] Recoil\n|\n|-weather|Sandstorm|[upkeep]\n|-damage|p1a: Rillaboom|28\/100 tox|[from] Sandstorm\n|-heal|p1a: Rillaboom|35\/100 tox|[from] Grassy Terrain\n|-damage|p1a: Rillaboom|22\/100 tox|[from] psn\n|upkeep\n|\n|t:|1649301187\n|switch|p2a: Excadrill|Excadrill, M|73\/100\n|turn|20\n|\n|t:|1649301190\n|switch|p1a: Gliscor|Gliscor, F|97\/100 tox\n|move|p2a: Excadrill|Swords Dance|p2a: Excadrill\n|-boost|p2a: Excadrill|atk|2\n|\n|-weather|Sandstorm|[upkeep]\n|-heal|p2a: Excadrill|79\/100|[from] Grassy Terrain\n|-heal|p1a: Gliscor|100\/100 tox|[from] ability: Poison Heal\n|upkeep\n|turn|21\n|\n|t:|1649301193\n|-zpower|p2a: Excadrill\n|move|p2a: Excadrill|Corkscrew Crash|p1a: Gliscor|[zeffect]\n|-damage|p1a: Gliscor|0 fnt\n|faint|p1a: Gliscor\n|\n|-weather|Sandstorm|[upkeep]\n|-heal|p2a: Excadrill|85\/100|[from] Grassy Terrain\n|upkeep\n|\n|t:|1649301207\n|switch|p1a: Torkoal|Torkoal, F|100\/100\n|-weather|SunnyDay|[from] ability: Drought|[of] p1a: Torkoal\n|turn|22\n|\n|t:|1649301221\n|move|p2a: Excadrill|Earthquake|p1a: Torkoal\n|-supereffective|p1a: Torkoal\n|-damage|p1a: Torkoal|33\/100\n|move|p1a: Torkoal|Lava Plume|p2a: Excadrill\n|-supereffective|p2a: Excadrill\n|-damage|p2a: Excadrill|0 fnt\n|faint|p2a: Excadrill\n|\n|-weather|SunnyDay|[upkeep]\n|-heal|p1a: Torkoal|40\/100|[from] Grassy Terrain\n|-fieldend|move: Grassy Terrain\n|upkeep\n|\n|t:|1649301231\n|switch|p2a: Yanmega|Yanmega, M|32\/100\n|turn|23\n|\n|t:|1649301234\n|switch|p1a: Chansey|Chansey, F|70\/100\n|move|p2a: Yanmega|Air Slash|p1a: Chansey\n|-damage|p1a: Chansey|58\/100\n|\n|-weather|SunnyDay|[upkeep]\n|-ability|p2a: Yanmega|Speed Boost|boost\n|-boost|p2a: Yanmega|spe|1\n|upkeep\n|turn|24\n|\n|t:|1649301238\n|switch|p2a: Hippowdon|Hippowdon, F|60\/100\n|-weather|Sandstorm|[from] ability: Sand Stream|[of] p2a: Hippowdon\n|move|p1a: Chansey|Seismic Toss|p2a: Hippowdon\n|-damage|p2a: Hippowdon|36\/100\n|\n|-weather|Sandstorm|[upkeep]\n|-damage|p1a: Chansey|52\/100|[from] Sandstorm\n|upkeep\n|turn|25\n|\n|t:|1649301242\n|move|p1a: Chansey|Toxic|p2a: Hippowdon|[miss]\n|-miss|p1a: Chansey|p2a: Hippowdon\n|move|p2a: Hippowdon|Stealth Rock|p1a: Chansey\n|-sidestart|p1: Vlebmj|move: Stealth Rock\n|\n|-weather|Sandstorm|[upkeep]\n|-damage|p1a: Chansey|45\/100|[from] Sandstorm\n|upkeep\n|turn|26\n|\n|t:|1649301249\n|switch|p2a: Dracozolt|Dracozolt|32\/100\n|move|p1a: Chansey|Toxic|p2a: Dracozolt\n|-status|p2a: Dracozolt|tox\n|\n|-weather|Sandstorm|[upkeep]\n|-damage|p1a: Chansey|39\/100|[from] Sandstorm\n|-damage|p2a: Dracozolt|26\/100 tox|[from] psn\n|upkeep\n|turn|27\n|\n|t:|1649301256\n|switch|p1a: Torkoal|Torkoal, F|40\/100\n|-damage|p1a: Torkoal|15\/100|[from] Stealth Rock\n|-weather|SunnyDay|[from] ability: Drought|[of] p1a: Torkoal\n|move|p2a: Dracozolt|Bolt Beak|p1a: Torkoal\n|-damage|p1a: Torkoal|0 fnt\n|faint|p1a: Torkoal\n|-damage|p2a: Dracozolt|16\/100 tox|[from] item: Life Orb\n|\n|-weather|SunnyDay|[upkeep]\n|-damage|p2a: Dracozolt|4\/100 tox|[from] psn\n|upkeep\n|\n|t:|1649301258\n|switch|p1a: Venusaur|Venusaur, F|100\/100\n|-damage|p1a: Venusaur|88\/100|[from] Stealth Rock\n|turn|28\n|\n|t:|1649301265\n|switch|p2a: Hippowdon|Hippowdon, F|36\/100\n|-weather|Sandstorm|[from] ability: Sand Stream|[of] p2a: Hippowdon\n|move|p1a: Venusaur|Weather Ball|p2a: Hippowdon\n|-resisted|p2a: Hippowdon\n|-crit|p2a: Hippowdon\n|-damage|p2a: Hippowdon|15\/100\n|\n|-weather|Sandstorm|[upkeep]\n|-damage|p1a: Venusaur|82\/100|[from] Sandstorm\n|upkeep\n|turn|29\n|\n|t:|1649301268\n|move|p1a: Venusaur|Giga Drain|p2a: Hippowdon\n|-supereffective|p2a: Hippowdon\n|-damage|p2a: Hippowdon|0 fnt\n|-heal|p1a: Venusaur|93\/100|[from] drain|[of] p2a: Hippowdon\n|faint|p2a: Hippowdon\n|\n|-weather|Sandstorm|[upkeep]\n|-damage|p1a: Venusaur|87\/100|[from] Sandstorm\n|upkeep\n|\n|t:|1649301270\n|switch|p2a: Yanmega|Yanmega, M|32\/100\n|turn|30\n|\n|t:|1649301278\n|move|p2a: Yanmega|Bug Buzz|p1a: Venusaur\n|-damage|p1a: Venusaur|32\/100\n|move|p1a: Venusaur|Weather Ball|p2a: Yanmega\n|-supereffective|p2a: Yanmega\n|-damage|p2a: Yanmega|0 fnt\n|faint|p2a: Yanmega\n|\n|-weather|Sandstorm|[upkeep]\n|-damage|p1a: Venusaur|26\/100|[from] Sandstorm\n|upkeep\n|\n|t:|1649301281\n|switch|p2a: Dracozolt|Dracozolt|4\/100 tox\n|turn|31\n|\n|t:|1649301283\n|switch|p1a: Slowbro|Slowbro, M|100\/100\n|-damage|p1a: Slowbro|88\/100|[from] Stealth Rock\n|move|p2a: Dracozolt|Bolt Beak|p1a: Slowbro\n|-supereffective|p1a: Slowbro\n|-damage|p1a: Slowbro|0 fnt\n|-damage|p2a: Dracozolt|0 fnt|[from] item: Rocky Helmet|[of] p1a: Slowbro\n|faint|p1a: Slowbro\n|faint|p2a: Dracozolt\n|\n|win|Vlebmj\n|raw|Vlebmj's rating: 1585 &rarr; <strong>1614<\/strong><br \/>(+29 for winning)\n|raw|fishy8995's rating: 1756 &rarr; <strong>1727<\/strong><br \/>(-29 for losing)\n|l|\u2606fishy8995\n","uploadtime":1649301319,"views":21,"p1id":"vlebmj","p2id":"fishy8995","formatid":"gen8nationaldex","rating":1614,"private":0,"password":null}