{"id":"gen8bdspou-1466492363","p1":"VirginJimmy99","p2":"Xmas Doggie","format":"gen8bdspou","log":"|html|<div class=\"broadcast-blue\"><strong>[Gen 8 BDSP] OU is currently suspecting Latios! For information on how to participate check out the <a href=\"https:\/\/www.smogon.com\/forums\/threads\/np-bdsp-ou-suspect-process-round-1-mr-blue-sky.3694109\/\">suspect thread<\/a>.<\/strong><\/div>\n|j|\u2606VirginJimmy99\n|j|\u2606Xmas Doggie\n|t:|1638631431\n|gametype|singles\n|player|p1|VirginJimmy99|rocketgrunt|1278\n|player|p2|Xmas Doggie|1|1365\n|teamsize|p1|6\n|teamsize|p2|6\n|gen|8\n|tier|[Gen 8 BDSP] OU\n|rated|\n|rule|Sleep Clause Mod: Limit one foe put to sleep\n|rule|Species Clause: Limit one of each Pok\u00e9mon\n|rule|OHKO Clause: OHKO moves are banned\n|rule|Evasion Moves Clause: Evasion moves are banned\n|rule|Endless Battle Clause: Forcing endless battles is banned\n|rule|HP Percentage Mod: HP is shown in percentages\n|clearpoke\n|poke|p1|Purugly, F|\n|poke|p1|Shuckle, F|\n|poke|p1|Gengar, F|\n|poke|p1|Honchkrow, F|\n|poke|p1|Garchomp, F|\n|poke|p1|Manaphy|\n|poke|p2|Azumarill, F|\n|poke|p2|Azelf|\n|poke|p2|Staraptor, F|\n|poke|p2|Scizor, M|\n|poke|p2|Rotom-Mow|\n|poke|p2|Heatran, M|\n|teampreview\n|\n|t:|1638631439\n|start\n|switch|p1a: Shuckle|Shuckle, F|100\/100\n|switch|p2a: Azumarill|Azumarill, F|100\/100\n|turn|1\n|\n|t:|1638631443\n|move|p2a: Azumarill|Waterfall|p1a: Shuckle\n|-supereffective|p1a: Shuckle\n|-damage|p1a: Shuckle|12\/100\n|cant|p1a: Shuckle|flinch\n|\n|upkeep\n|turn|2\n|\n|t:|1638631448\n|move|p2a: Azumarill|Waterfall|p1a: Shuckle\n|-supereffective|p1a: Shuckle\n|-damage|p1a: Shuckle|0 fnt\n|faint|p1a: Shuckle\n|\n|upkeep\n|\n|t:|1638631450\n|switch|p1a: Gengar|Gengar, F|100\/100\n|turn|3\n|\n|t:|1638631456\n|switch|p1a: Garchomp|Garchomp, F|100\/100\n|switch|p2a: Heatran|Heatran, M|100\/100\n|\n|upkeep\n|turn|4\n|\n|t:|1638631464\n|switch|p2a: Rotom|Rotom-Mow|100\/100\n|move|p1a: Garchomp|Swords Dance|p1a: Garchomp\n|-boost|p1a: Garchomp|atk|2\n|\n|upkeep\n|turn|5\n|\n|t:|1638631468\n|move|p2a: Rotom|Will-O-Wisp|p1a: Garchomp\n|-status|p1a: Garchomp|brn\n|move|p1a: Garchomp|Dual Chop|p2a: Rotom\n|-damage|p2a: Rotom|62\/100\n|-damage|p2a: Rotom|25\/100\n|-hitcount|p2a: Rotom|2\n|-damage|p1a: Garchomp|91\/100 brn|[from] item: Life Orb\n|\n|-damage|p1a: Garchomp|85\/100 brn|[from] brn\n|upkeep\n|turn|6\n|\n|t:|1638631479\n|switch|p2a: Scizor|Scizor, M|100\/100\n|move|p1a: Garchomp|Swords Dance|p1a: Garchomp\n|-boost|p1a: Garchomp|atk|2\n|\n|-damage|p1a: Garchomp|78\/100 brn|[from] brn\n|upkeep\n|turn|7\n|\n|t:|1638631484\n|move|p1a: Garchomp|Fire Blast|p2a: Scizor\n|-supereffective|p2a: Scizor\n|-damage|p2a: Scizor|0 fnt\n|faint|p2a: Scizor\n|-damage|p1a: Garchomp|69\/100 brn|[from] item: Life Orb\n|\n|-damage|p1a: Garchomp|62\/100 brn|[from] brn\n|upkeep\n|\n|t:|1638631507\n|switch|p2a: Azelf|Azelf, shiny|100\/100\n|turn|8\n|\n|t:|1638631511\n|move|p2a: Azelf|Psychic|p1a: Garchomp\n|-damage|p1a: Garchomp|0 fnt\n|faint|p1a: Garchomp\n|\n|upkeep\n|\n|t:|1638631515\n|switch|p1a: Honchkrow|Honchkrow, F|100\/100\n|turn|9\n|\n|t:|1638631520\n|switch|p2a: Azumarill|Azumarill, F|100\/100\n|move|p1a: Honchkrow|Night Slash|p2a: Azumarill\n|-resisted|p2a: Azumarill\n|-damage|p2a: Azumarill|75\/100\n|-damage|p1a: Honchkrow|91\/100|[from] item: Life Orb\n|\n|upkeep\n|turn|10\n|\n|t:|1638631526\n|move|p1a: Honchkrow|Brave Bird|p2a: Azumarill\n|-damage|p2a: Azumarill|0 fnt\n|faint|p2a: Azumarill\n|-ability|p1a: Honchkrow|Moxie|boost\n|-boost|p1a: Honchkrow|atk|1\n|-damage|p1a: Honchkrow|61\/100|[from] Recoil\n|-damage|p1a: Honchkrow|52\/100|[from] item: Life Orb\n|\n|upkeep\n|\n|t:|1638631537\n|switch|p2a: Staraptor|Staraptor, F, shiny|100\/100\n|turn|11\n|\n|t:|1638631543\n|move|p1a: Honchkrow|Sucker Punch|p2a: Staraptor\n|-damage|p2a: Staraptor|0 fnt\n|faint|p2a: Staraptor\n|-ability|p1a: Honchkrow|Moxie|boost\n|-boost|p1a: Honchkrow|atk|1\n|-damage|p1a: Honchkrow|42\/100|[from] item: Life Orb\n|\n|upkeep\n|\n|t:|1638631548\n|switch|p2a: Rotom|Rotom-Mow|25\/100\n|turn|12\n|\n|t:|1638631558\n|move|p2a: Rotom|Will-O-Wisp|p1a: Honchkrow\n|-status|p1a: Honchkrow|brn\n|move|p1a: Honchkrow|Night Slash|p2a: Rotom\n|-damage|p2a: Rotom|0 fnt\n|faint|p2a: Rotom\n|-ability|p1a: Honchkrow|Moxie|boost\n|-boost|p1a: Honchkrow|atk|1\n|-damage|p1a: Honchkrow|32\/100 brn|[from] item: Life Orb\n|\n|-damage|p1a: Honchkrow|25\/100 brn|[from] brn\n|upkeep\n|\n|t:|1638631564\n|switch|p2a: Heatran|Heatran, M|100\/100\n|turn|13\n|\n|t:|1638631567\n|move|p1a: Honchkrow|Night Slash|p2a: Heatran\n|-crit|p2a: Heatran\n|-damage|p2a: Heatran|21\/100\n|-damage|p1a: Honchkrow|15\/100 brn|[from] item: Life Orb\n|move|p2a: Heatran|Magma Storm|p1a: Honchkrow|[miss]\n|-miss|p2a: Heatran|p1a: Honchkrow\n|\n|-heal|p2a: Heatran|27\/100|[from] item: Leftovers\n|-damage|p1a: Honchkrow|9\/100 brn|[from] brn\n|upkeep\n|turn|14\n|\n|t:|1638631575\n|move|p1a: Honchkrow|Night Slash|p2a: Heatran\n|-damage|p2a: Heatran|0 fnt\n|faint|p2a: Heatran\n|-ability|p1a: Honchkrow|Moxie|boost\n|-boost|p1a: Honchkrow|atk|1\n|-damage|p1a: Honchkrow|0 fnt|[from] item: Life Orb\n|faint|p1a: Honchkrow\n|\n|upkeep\n|\n|t:|1638631578\n|switch|p1a: Gengar|Gengar, F|100\/100\n|switch|p2a: Azelf|Azelf, shiny|100\/100\n|turn|15\n|\n|t:|1638631580\n|move|p1a: Gengar|Shadow Ball|p2a: Azelf\n|-supereffective|p2a: Azelf\n|-damage|p2a: Azelf|0 fnt\n|faint|p2a: Azelf\n|\n|win|VirginJimmy99\n|raw|VirginJimmy99's rating: 1278 &rarr; <strong>1309<\/strong><br \/>(+31 for winning)\n|raw|Xmas Doggie's rating: 1365 &rarr; <strong>1340<\/strong><br \/>(-25 for losing)\n|l|\u2606Xmas Doggie\n","uploadtime":1638631589,"views":7,"p1id":"virginjimmy99","p2id":"xmasdoggie","formatid":"gen8bdspou","rating":1309,"private":0,"password":null}