{"id":"gen8randombattle-1114850481","p1":"Burnt Bright","p2":"smurf434","format":"gen8randombattle","log":"|j|\u2606Burnt Bright\n|j|\u2606smurf434\n|player|p1|Burnt Bright|265|1991\n|player|p2|smurf434|266|1964\n|teamsize|p1|6\n|teamsize|p2|6\n|gametype|singles\n|gen|8\n|tier|[Gen 8] Random Battle\n|rated|\n|rule|Species Clause: Limit one of each Pok\u00e9mon\n|rule|HP Percentage Mod: HP is shown in percentages\n|rule|Sleep Clause Mod: Limit one foe put to sleep\n|\n|start\n|switch|p1a: Bisharp|Bisharp, L80, F|235\/235\n|switch|p2a: Hawlucha|Hawlucha, L80, M|256\/256\n|turn|1\n|inactive|Battle timer is ON: inactive players will automatically lose when time's up. (requested by smurf434)\n|\n|switch|p1a: Tapu Fini|Tapu Fini, L80|243\/243\n|-fieldstart|move: Misty Terrain|[from] ability: Misty Surge|[of] p1a: Tapu Fini\n|move|p2a: Hawlucha|Swords Dance|p2a: Hawlucha\n|-boost|p2a: Hawlucha|atk|2\n|\n|upkeep\n|turn|2\n|\n|-start|p2a: Hawlucha|Dynamax\n|-heal|p2a: Hawlucha|512\/512|[silent]\n|move|p2a: Hawlucha|Max Airstream|p1a: Tapu Fini\n|-damage|p1a: Tapu Fini|27\/243\n|-boost|p2a: Hawlucha|spe|1\n|move|p1a: Tapu Fini|Moonblast|p2a: Hawlucha\n|-supereffective|p2a: Hawlucha\n|-damage|p2a: Hawlucha|246\/512\n|\n|-heal|p1a: Tapu Fini|42\/243|[from] item: Leftovers\n|upkeep\n|turn|3\n|\n|move|p2a: Hawlucha|Max Knuckle|p1a: Tapu Fini\n|-resisted|p1a: Tapu Fini\n|-damage|p1a: Tapu Fini|0 fnt\n|-boost|p2a: Hawlucha|atk|1\n|faint|p1a: Tapu Fini\n|\n|upkeep\n|\n|switch|p1a: Vespiquen|Vespiquen, L88, F|265\/265\n|-ability|p1a: Vespiquen|Pressure\n|turn|4\n|\n|move|p2a: Hawlucha|Max Airstream|p1a: Vespiquen\n|-supereffective|p1a: Vespiquen\n|-damage|p1a: Vespiquen|0 fnt\n|-boost|p2a: Hawlucha|spe|1\n|faint|p1a: Vespiquen\n|\n|-end|p2a: Hawlucha|Dynamax\n|-heal|p2a: Hawlucha|123\/256|[silent]\n|upkeep\n|\n|switch|p1a: Bisharp|Bisharp, L80, F|235\/235\n|turn|5\n|\n|move|p2a: Hawlucha|Close Combat|p1a: Bisharp\n|-supereffective|p1a: Bisharp\n|-enditem|p1a: Bisharp|Focus Sash\n|-damage|p1a: Bisharp|1\/235\n|-unboost|p2a: Hawlucha|def|1\n|-unboost|p2a: Hawlucha|spd|1\n|-enditem|p2a: Hawlucha|White Herb\n|-clearnegativeboost|p2a: Hawlucha|[silent]\n|move|p1a: Bisharp|Iron Head|p2a: Hawlucha\n|-damage|p2a: Hawlucha|14\/256\n|\n|-fieldend|Misty Terrain\n|upkeep\n|turn|6\n|\n|move|p1a: Bisharp|Sucker Punch|p2a: Hawlucha\n|-resisted|p2a: Hawlucha\n|-damage|p2a: Hawlucha|0 fnt\n|faint|p2a: Hawlucha\n|\n|upkeep\n|\n|switch|p2a: Shuckle|Shuckle, L88, M|178\/178\n|turn|7\n|\n|move|p1a: Bisharp|Iron Head|p2a: Shuckle\n|-supereffective|p2a: Shuckle\n|-crit|p2a: Shuckle\n|-damage|p2a: Shuckle|44\/178\n|cant|p2a: Shuckle|flinch\n|\n|upkeep\n|turn|8\n|\n|move|p1a: Bisharp|Iron Head|p2a: Shuckle\n|-supereffective|p2a: Shuckle\n|-damage|p2a: Shuckle|0 fnt\n|faint|p2a: Shuckle\n|\n|upkeep\n|\n|switch|p2a: Qwilfish|Qwilfish, L86, F|252\/252\n|-ability|p2a: Qwilfish|Intimidate|boost\n|-unboost|p1a: Bisharp|atk|1\n|-ability|p1a: Bisharp|Defiant\n|-boost|p1a: Bisharp|atk|2\n|turn|9\n|\n|move|p1a: Bisharp|Sucker Punch|p2a: Qwilfish\n|-damage|p2a: Qwilfish|131\/252\n|move|p2a: Qwilfish|Waterfall|p1a: Bisharp\n|-damage|p1a: Bisharp|0 fnt\n|faint|p1a: Bisharp\n|\n|-heal|p2a: Qwilfish|146\/252|[from] item: Black Sludge\n|upkeep\n|\n|switch|p1a: Orbeetle|Orbeetle, L86, M|243\/243\n|-item|p2a: Qwilfish|Black Sludge|[from] ability: Frisk|[of] p1a: Orbeetle|[identify]\n|turn|10\n|\n|move|p1a: Orbeetle|Sticky Web|p2a: Qwilfish\n|-sidestart|p2: smurf434|move: Sticky Web\n|move|p2a: Qwilfish|Taunt|p1a: Orbeetle\n|-start|p1a: Orbeetle|move: Taunt\n|\n|-heal|p2a: Qwilfish|161\/252|[from] item: Black Sludge\n|upkeep\n|turn|11\n|\n|move|p1a: Orbeetle|Psychic|p2a: Qwilfish\n|-supereffective|p2a: Qwilfish\n|-damage|p2a: Qwilfish|0 fnt\n|faint|p2a: Qwilfish\n|\n|upkeep\n|\n|switch|p2a: Incineroar|Incineroar, L82, M|290\/290\n|-activate|p2a: Incineroar|move: Sticky Web\n|-unboost|p2a: Incineroar|spe|1\n|-ability|p2a: Incineroar|Intimidate|boost\n|-unboost|p1a: Orbeetle|atk|1\n|turn|12\n|\n|move|p1a: Orbeetle|U-turn|p2a: Incineroar\n|-damage|p2a: Incineroar|260\/290\n|\n|switch|p1a: Whimsicott|Whimsicott, L84, M|238\/238\n|move|p2a: Incineroar|Knock Off|p1a: Whimsicott\n|-resisted|p1a: Whimsicott\n|-damage|p1a: Whimsicott|160\/238\n|-enditem|p1a: Whimsicott|Leftovers|[from] move: Knock Off|[of] p2a: Incineroar\n|\n|upkeep\n|turn|13\n|\n|switch|p2a: Wailord|Wailord, L88, M|442\/442\n|-activate|p2a: Wailord|move: Sticky Web\n|-unboost|p2a: Wailord|spe|1\n|move|p1a: Whimsicott|Leech Seed|p2a: Wailord\n|-start|p2a: Wailord|move: Leech Seed\n|\n|-damage|p2a: Wailord|387\/442|[from] Leech Seed|[of] p1a: Whimsicott\n|-heal|p1a: Whimsicott|215\/238|[silent]\n|upkeep\n|turn|14\n|\n|move|p1a: Whimsicott|Energy Ball|p2a: Wailord\n|-supereffective|p2a: Wailord\n|-damage|p2a: Wailord|135\/442\n|move|p2a: Wailord|Ice Beam|p1a: Whimsicott\n|-supereffective|p1a: Whimsicott\n|-damage|p1a: Whimsicott|0 fnt\n|faint|p1a: Whimsicott\n|\n|upkeep\n|\n|switch|p1a: Crawdaunt|Crawdaunt, L82, M|237\/237\n|turn|15\n|\n|switch|p2a: Incineroar|Incineroar, L82, M|260\/290\n|-activate|p2a: Incineroar|move: Sticky Web\n|-unboost|p2a: Incineroar|spe|1\n|-ability|p2a: Incineroar|Intimidate|boost\n|-unboost|p1a: Crawdaunt|atk|1\n|move|p1a: Crawdaunt|Dragon Dance|p1a: Crawdaunt\n|-boost|p1a: Crawdaunt|atk|1\n|-boost|p1a: Crawdaunt|spe|1\n|\n|upkeep\n|turn|16\n|\n|move|p1a: Crawdaunt|Dragon Dance|p1a: Crawdaunt\n|-boost|p1a: Crawdaunt|atk|1\n|-boost|p1a: Crawdaunt|spe|1\n|move|p2a: Incineroar|Knock Off|p1a: Crawdaunt\n|-resisted|p1a: Crawdaunt\n|-crit|p1a: Crawdaunt\n|-damage|p1a: Crawdaunt|110\/237\n|-enditem|p1a: Crawdaunt|Life Orb|[from] move: Knock Off|[of] p2a: Incineroar\n|\n|upkeep\n|turn|17\n|\n|-start|p1a: Crawdaunt|Dynamax\n|-heal|p1a: Crawdaunt|220\/474|[silent]\n|move|p1a: Crawdaunt|Max Geyser|p2a: Incineroar\n|-supereffective|p2a: Incineroar\n|-damage|p2a: Incineroar|0 fnt\n|-weather|RainDance\n|faint|p2a: Incineroar\n|\n|-weather|RainDance|[upkeep]\n|upkeep\n|\n|switch|p2a: Mewtwo|Mewtwo, L72|272\/272\n|-ability|p2a: Mewtwo|Unnerve|p1: Burnt Bright\n|-activate|p2a: Mewtwo|move: Sticky Web\n|-unboost|p2a: Mewtwo|spe|1\n|turn|18\n|\n|move|p1a: Crawdaunt|Max Darkness|p2a: Mewtwo\n|-supereffective|p2a: Mewtwo\n|-damage|p2a: Mewtwo|0 fnt\n|faint|p2a: Mewtwo\n|\n|-weather|RainDance|[upkeep]\n|upkeep\n|-message|smurf434 forfeited.\n|\n|win|Burnt Bright\n|l|\u2606smurf434\n|raw|Burnt Bright's rating: 1992 &rarr; <strong>2010<\/strong><br \/>(+18 for winning)\n|raw|smurf434's rating: 1964 &rarr; <strong>1946<\/strong><br \/>(-18 for losing)\n","inputlog":">version 8be031bb6d3fd16aefe3093e54c60824d550f856\n>start {\"formatid\":\"gen8randombattle\",\"seed\":[61735,22795,21681,62024],\"rated\":\"Rated battle\"}\n>player p1 {\"name\":\"Burnt Bright\",\"avatar\":\"265\",\"team\":\"\",\"rating\":1991,\"seed\":[17493,39292,7185,44567]}\n>player p2 {\"name\":\"smurf434\",\"avatar\":\"266\",\"team\":\"\",\"rating\":1964,\"seed\":[10450,12671,64561,36956]}\n>p1 switch 2\n>p2 move swordsdance\n>p1 move moonblast\n>p2 move bravebird dynamax\n>p1 move moonblast\n>p2 move closecombat dynamax\n>p1 switch 6\n>p1 move airslash\n>p2 move bravebird dynamax\n>p1 switch 2\n>p1 move ironhead\n>p2 move closecombat\n>p1 move suckerpunch\n>p2 move closecombat\n>p2 switch 3\n>p1 move ironhead\n>p2 move stickyweb\n>p1 move ironhead\n>p2 move stickyweb\n>p2 switch 5\n>p1 move suckerpunch\n>p2 move waterfall\n>p1 switch 4\n>p1 move stickyweb\n>p2 move taunt\n>p1 move psychic\n>p2 move waterfall\n>p2 switch 6\n>p1 move uturn\n>p2 move knockoff\n>p1 switch 3\n>p1 move leechseed\n>p2 switch 2\n>p1 move energyball\n>p2 move icebeam\n>p1 switch 5\n>p1 move dragondance\n>p2 switch 2\n>p1 move dragondance\n>p2 move knockoff\n>p1 move crabhammer dynamax\n>p2 move knockoff\n>p2 switch 4\n>p1 move knockoff dynamax\n>p2 move aurasphere","uploadtime":1589504840,"views":9,"p1id":"burntbright","p2id":"smurf434","formatid":"gen8randombattle","rating":1946,"private":0,"password":null}