{"id":"gen8ou-1287087156","p1":"mkyn","p2":"glaed13","format":"gen8ou","log":"|j|\u2606mkyn\n|j|\u2606glaed13\n|t:|1613947421\n|player|p1|mkyn|morty|1683\n|player|p2|glaed13|cheren-gen5bw2|1729\n|teamsize|p1|6\n|teamsize|p2|6\n|gametype|singles\n|gen|8\n|tier|[Gen 8] OU\n|rated|\n|clearpoke\n|poke|p1|Stakataka|\n|poke|p1|Primarina, F|\n|poke|p1|Blissey, F|\n|poke|p1|Melmetal|\n|poke|p1|Gastrodon-East, F|\n|poke|p1|Moltres|\n|poke|p2|Klefki, F|\n|poke|p2|Blaziken, M|\n|poke|p2|Zapdos-Galar|\n|poke|p2|Inteleon, M|\n|poke|p2|Weavile, F|\n|poke|p2|Dragonite, M|\n|rule|Sleep Clause Mod: Limit one foe put to sleep\n|rule|Species Clause: Limit one of each Pok\u00e9mon\n|rule|OHKO Clause: OHKO moves are banned\n|rule|Evasion Moves Clause: Evasion moves are banned\n|rule|Endless Battle Clause: Forcing endless battles is banned\n|rule|HP Percentage Mod: HP is shown in percentages\n|rule|Dynamax Clause: You cannot dynamax\n|teampreview\n|inactive|Battle timer is ON: inactive players will automatically lose when time's up. (requested by glaed13)\n|inactive|mkyn has 120 seconds left.\n|\n|t:|1613947457\n|start\n|switch|p1a: Melmetal|Melmetal|100\/100\n|switch|p2a: Klefki|Klefki, F|100\/100\n|turn|1\n|\n|t:|1613947462\n|move|p2a: Klefki|Reflect|p2a: Klefki\n|-sidestart|p2: glaed13|Reflect\n|move|p1a: Melmetal|Double Iron Bash|p2a: Klefki\n|-damage|p2a: Klefki|66\/100\n|-damage|p2a: Klefki|34\/100\n|-hitcount|p2a: Klefki|2\n|\n|upkeep\n|turn|2\n|\n|t:|1613947465\n|move|p2a: Klefki|Light Screen|p2a: Klefki\n|-sidestart|p2: glaed13|move: Light Screen\n|move|p1a: Melmetal|Double Iron Bash|p2a: Klefki\n|-damage|p2a: Klefki|0 fnt\n|-hitcount|p2a: Klefki|1\n|faint|p2a: Klefki\n|\n|upkeep\n|\n|t:|1613947472\n|switch|p2a: Blaziken|Blaziken, M|100\/100\n|turn|3\n|\n|t:|1613947475\n|switch|p1a: Moltres|Moltres|100\/100\n|move|p2a: Blaziken|Swords Dance|p2a: Blaziken\n|-boost|p2a: Blaziken|atk|2\n|\n|-ability|p2a: Blaziken|Speed Boost|boost\n|-boost|p2a: Blaziken|spe|1\n|upkeep\n|turn|4\n|\n|t:|1613947479\n|move|p2a: Blaziken|Thunder Punch|p1a: Moltres\n|-supereffective|p1a: Moltres\n|-damage|p1a: Moltres|3\/100\n|move|p1a: Moltres|Scorching Sands|p2a: Blaziken\n|-supereffective|p2a: Blaziken\n|-damage|p2a: Blaziken|60\/100\n|\n|-ability|p2a: Blaziken|Speed Boost|boost\n|-boost|p2a: Blaziken|spe|1\n|upkeep\n|turn|5\n|\n|t:|1613947491\n|move|p2a: Blaziken|Blaze Kick|p1a: Moltres\n|-resisted|p1a: Moltres\n|-damage|p1a: Moltres|0 fnt\n|faint|p1a: Moltres\n|\n|-ability|p2a: Blaziken|Speed Boost|boost\n|-boost|p2a: Blaziken|spe|1\n|upkeep\n|\n|t:|1613947495\n|switch|p1a: Gastrodon|Gastrodon-East, F|100\/100\n|turn|6\n|\n|t:|1613947502\n|move|p2a: Blaziken|Close Combat|p1a: Gastrodon\n|-damage|p1a: Gastrodon|1\/100\n|-unboost|p2a: Blaziken|def|1\n|-unboost|p2a: Blaziken|spd|1\n|-damage|p2a: Blaziken|44\/100|[from] item: Rocky Helmet|[of] p1a: Gastrodon\n|move|p1a: Gastrodon|Earthquake|p2a: Blaziken\n|-supereffective|p2a: Blaziken\n|-damage|p2a: Blaziken|0 fnt\n|faint|p2a: Blaziken\n|\n|upkeep\n|\n|t:|1613947517\n|switch|p2a: Zapdos|Zapdos-Galar|100\/100\n|turn|7\n|\n|t:|1613947521\n|move|p2a: Zapdos|Thunderous Kick|p1a: Gastrodon\n|-damage|p1a: Gastrodon|0 fnt\n|-damage|p2a: Zapdos|84\/100|[from] item: Rocky Helmet|[of] p1a: Gastrodon\n|faint|p1a: Gastrodon\n|\n|upkeep\n|\n|t:|1613947538\n|switch|p1a: Primarina|Primarina, F|100\/100\n|turn|8\n|\n|t:|1613947551\n|switch|p2a: Inteleon|Inteleon, M|100\/100\n|move|p1a: Primarina|Moonblast|p2a: Inteleon\n|-damage|p2a: Inteleon|35\/100\n|-unboost|p2a: Inteleon|spa|1\n|\n|-sideend|p2: glaed13|Reflect\n|upkeep\n|turn|9\n|\n|t:|1613947564\n|switch|p1a: Blissey|Blissey, F|100\/100\n|move|p2a: Inteleon|Focus Energy|p2a: Inteleon\n|-start|p2a: Inteleon|move: Focus Energy\n|\n|-sideend|p2: glaed13|move: Light Screen\n|upkeep\n|turn|10\n|\n|t:|1613947570\n|move|p2a: Inteleon|Air Slash|p1a: Blissey|[miss]\n|-miss|p2a: Inteleon|p1a: Blissey\n|move|p1a: Blissey|Ice Beam|p2a: Inteleon\n|-resisted|p2a: Inteleon\n|-damage|p2a: Inteleon|22\/100\n|\n|upkeep\n|turn|11\n|\n|t:|1613947577\n|move|p2a: Inteleon|Air Slash|p1a: Blissey\n|-crit|p1a: Blissey\n|-damage|p1a: Blissey|77\/100\n|move|p1a: Blissey|Ice Beam|p2a: Inteleon\n|-resisted|p2a: Inteleon\n|-damage|p2a: Inteleon|8\/100\n|\n|upkeep\n|turn|12\n|\n|t:|1613947583\n|switch|p2a: Weavile|Weavile, F|100\/100\n|-ability|p2a: Weavile|Pressure\n|move|p1a: Blissey|Soft-Boiled|p1a: Blissey\n|-heal|p1a: Blissey|100\/100\n|\n|upkeep\n|turn|13\n|\n|t:|1613947591\n|switch|p1a: Melmetal|Melmetal|100\/100\n|move|p2a: Weavile|Swords Dance|p2a: Weavile\n|-boost|p2a: Weavile|atk|2\n|\n|upkeep\n|turn|14\n|\n|t:|1613947594\n|move|p2a: Weavile|Knock Off|p1a: Melmetal\n|-damage|p1a: Melmetal|47\/100\n|-enditem|p1a: Melmetal|Choice Band|[from] move: Knock Off|[of] p2a: Weavile\n|move|p1a: Melmetal|Double Iron Bash|p2a: Weavile\n|-supereffective|p2a: Weavile\n|-damage|p2a: Weavile|0 fnt\n|-hitcount|p2a: Weavile|1\n|faint|p2a: Weavile\n|\n|upkeep\n|\n|t:|1613947602\n|switch|p2a: Inteleon|Inteleon, M|8\/100\n|turn|15\n|\n|t:|1613947609\n|switch|p1a: Blissey|Blissey, F|100\/100\n|move|p2a: Inteleon|Snipe Shot|p1a: Blissey\n|-damage|p1a: Blissey|84\/100\n|\n|upkeep\n|turn|16\n|\n|t:|1613947612\n|move|p2a: Inteleon|Snipe Shot|p1a: Blissey\n|-damage|p1a: Blissey|67\/100\n|move|p1a: Blissey|Ice Beam|p2a: Inteleon\n|-resisted|p2a: Inteleon\n|-damage|p2a: Inteleon|0 fnt\n|faint|p2a: Inteleon\n|\n|upkeep\n|\n|t:|1613947619\n|switch|p2a: Zapdos|Zapdos-Galar|84\/100\n|turn|17\n|\n|t:|1613947626\n|move|p2a: Zapdos|Thunderous Kick|p1a: Blissey\n|-supereffective|p1a: Blissey\n|-enditem|p1a: Blissey|Chople Berry|[eat]\n|-enditem|p1a: Blissey|Chople Berry|[weaken]\n|-damage|p1a: Blissey|29\/100\n|-unboost|p1a: Blissey|def|1\n|move|p1a: Blissey|Counter|p2a: Zapdos\n|-damage|p2a: Zapdos|0 fnt\n|faint|p2a: Zapdos\n|\n|upkeep\n|\n|t:|1613947636\n|switch|p2a: Dragonite|Dragonite, M|100\/100\n|turn|18\n|\n|t:|1613947641\n|move|p2a: Dragonite|Dragon Dance|p2a: Dragonite\n|-boost|p2a: Dragonite|atk|1\n|-boost|p2a: Dragonite|spe|1\n|move|p1a: Blissey|Healing Wish|p1a: Blissey\n|faint|p1a: Blissey\n|\n|upkeep\n|\n|t:|1613947647\n|switch|p1a: Stakataka|Stakataka|100\/100\n|-item|p1a: Stakataka|Air Balloon\n|turn|19\n|\n|t:|1613947655\n|move|p2a: Dragonite|Fire Punch|p1a: Stakataka\n|-damage|p1a: Stakataka|75\/100\n|-enditem|p1a: Stakataka|Air Balloon\n|move|p1a: Stakataka|Trick Room|p1a: Stakataka\n|-fieldstart|move: Trick Room|[of] p1a: Stakataka\n|\n|upkeep\n|turn|20\n|\n|t:|1613947663\n|move|p1a: Stakataka|Gyro Ball|p2a: Dragonite\n|-damage|p2a: Dragonite|52\/100\n|move|p2a: Dragonite|Fire Punch|p1a: Stakataka\n|-damage|p1a: Stakataka|46\/100\n|\n|upkeep\n|turn|21\n|\n|t:|1613947671\n|move|p2a: Dragonite|Extreme Speed|p1a: Stakataka\n|-resisted|p1a: Stakataka\n|-damage|p1a: Stakataka|38\/100\n|move|p1a: Stakataka|Gyro Ball|p2a: Dragonite\n|-damage|p2a: Dragonite|0 fnt\n|faint|p2a: Dragonite\n|\n|win|mkyn\n|l|\u2606glaed13\n|j| epiccing\n|l| epiccing\n||Ladder (probably) updated, but score could not be retrieved (Request timeout).\n","uploadtime":1613947841,"views":13,"p1id":"mkyn","p2id":"glaed13","formatid":"gen8ou","rating":0,"private":0,"password":null}