{"id":"gen8ou-1704878172","p1":"i b alpha","p2":"DiameterXtreme","format":"gen8ou","log":"|j|\u2606i b alpha\n|j|\u2606DiameterXtreme\n|t:|1667831134\n|gametype|singles\n|player|p1|i b alpha|266|1748\n|player|p2|DiameterXtreme|jasmine-gen2|1798\n|teamsize|p1|6\n|teamsize|p2|6\n|gen|8\n|tier|[Gen 8] OU\n|rated|\n|rule|Sleep Clause Mod: Limit one foe put to sleep\n|rule|Species Clause: Limit one of each Pok\u00e9mon\n|rule|OHKO Clause: OHKO moves are banned\n|rule|Evasion Items Clause: Evasion items are banned\n|rule|Evasion Moves Clause: Evasion moves are banned\n|rule|Endless Battle Clause: Forcing endless battles is banned\n|rule|HP Percentage Mod: HP is shown in percentages\n|rule|Dynamax Clause: You cannot dynamax\n|clearpoke\n|poke|p1|Urshifu-*, F|\n|poke|p1|Tapu Lele|\n|poke|p1|Toxapex, M|\n|poke|p1|Weavile, M|\n|poke|p1|Clefable, F|\n|poke|p1|Landorus-Therian, M|\n|poke|p2|Zapdos|\n|poke|p2|Sandaconda, M|\n|poke|p2|Buzzwole|\n|poke|p2|Dragapult, M|\n|poke|p2|Melmetal|\n|poke|p2|Blissey, F|\n|teampreview\n|inactive|Battle timer is ON: inactive players will automatically lose when time's up. (requested by DiameterXtreme)\n|inactive|DiameterXtreme has 120 seconds left.\n|c|\u2606DiameterXtreme|hf\n|c|\u2606i b alpha|u2\n|j| HereForFrens\n|\n|t:|1667831180\n|start\n|switch|p1a: Tapu Lele|Tapu Lele|100\/100\n|switch|p2a: Melmetal|Melmetal|100\/100\n|-fieldstart|move: Psychic Terrain|[from] ability: Psychic Surge|[of] p1a: Tapu Lele\n|turn|1\n|j| Serek94\n|\n|t:|1667831197\n|switch|p1a: Landorus|Landorus-Therian, M|100\/100\n|-ability|p1a: Landorus|Intimidate|boost\n|-unboost|p2a: Melmetal|atk|1\n|move|p2a: Melmetal|Double Iron Bash|p1a: Landorus\n|-damage|p1a: Landorus|48\/100\n|-damage|p1a: Landorus|0 fnt\n|faint|p1a: Landorus\n|-hitcount|p1: Landorus|2\n|\n|upkeep\n|\n|t:|1667831202\n|switch|p1a: Urshifu|Urshifu-Rapid-Strike, F|100\/100\n|turn|2\n|\n|t:|1667831207\n|switch|p2a: Buzzwole|Buzzwole|100\/100\n|move|p1a: Urshifu|U-turn|p2a: Buzzwole\n|-resisted|p2a: Buzzwole\n|-damage|p2a: Buzzwole|93\/100\n|\n|t:|1667831210\n|switch|p1a: Tapu Lele|Tapu Lele|100\/100|[from]move: U-turn\n|\n|upkeep\n|turn|3\n|\n|t:|1667831212\n|switch|p2a: Melmetal|Melmetal|100\/100\n|move|p1a: Tapu Lele|Psychic|p2a: Melmetal\n|-resisted|p2a: Melmetal\n|-damage|p2a: Melmetal|42\/100\n|\n|upkeep\n|turn|4\n|\n|t:|1667831217\n|switch|p1a: Urshifu|Urshifu-Rapid-Strike, F|100\/100\n|switch|p2a: Blissey|Blissey, F|100\/100\n|\n|upkeep\n|turn|5\n|\n|t:|1667831231\n|switch|p2a: Zapdos|Zapdos|100\/100\n|move|p1a: Urshifu|Surging Strikes|p2a: Zapdos\n|-crit|p2a: Zapdos\n|-damage|p2a: Zapdos|84\/100\n|-crit|p2a: Zapdos\n|-damage|p2a: Zapdos|68\/100\n|-crit|p2a: Zapdos\n|-damage|p2a: Zapdos|52\/100\n|-hitcount|p2a: Zapdos|3\n|\n|-fieldend|move: Psychic Terrain\n|upkeep\n|turn|6\n|\n|t:|1667831237\n|move|p1a: Urshifu|U-turn|p2a: Zapdos\n|-resisted|p2a: Zapdos\n|-damage|p2a: Zapdos|43\/100\n|\n|t:|1667831240\n|switch|p1a: Clefable|Clefable, F|100\/100|[from]move: U-turn\n|move|p2a: Zapdos|Roost|p2a: Zapdos\n|-heal|p2a: Zapdos|93\/100\n|-singleturn|p2a: Zapdos|move: Roost\n|\n|upkeep\n|turn|7\n|\n|t:|1667831243\n|move|p2a: Zapdos|Discharge|p1a: Clefable\n|-damage|p1a: Clefable|78\/100\n|-status|p1a: Clefable|par\n|move|p1a: Clefable|Stealth Rock|p2a: Zapdos\n|-sidestart|p2: DiameterXtreme|move: Stealth Rock\n|\n|-heal|p1a: Clefable|84\/100 par|[from] item: Leftovers\n|upkeep\n|turn|8\n|\n|t:|1667831250\n|switch|p2a: Sandaconda|Sandaconda, M, shiny|100\/100\n|-damage|p2a: Sandaconda|94\/100|[from] Stealth Rock\n|cant|p1a: Clefable|par\n|\n|-heal|p2a: Sandaconda|100\/100|[from] item: Leftovers\n|-heal|p1a: Clefable|90\/100 par|[from] item: Leftovers\n|upkeep\n|turn|9\n|\n|t:|1667831255\n|switch|p1a: Urshifu|Urshifu-Rapid-Strike, F|100\/100\n|move|p2a: Sandaconda|Stealth Rock|p1a: Urshifu\n|-sidestart|p1: i b alpha|move: Stealth Rock\n|\n|upkeep\n|turn|10\n|\n|t:|1667831258\n|switch|p2a: Buzzwole|Buzzwole|93\/100\n|-damage|p2a: Buzzwole|80\/100|[from] Stealth Rock\n|move|p1a: Urshifu|Surging Strikes|p2a: Buzzwole\n|-crit|p2a: Buzzwole\n|-damage|p2a: Buzzwole|67\/100\n|-crit|p2a: Buzzwole\n|-damage|p2a: Buzzwole|53\/100\n|-crit|p2a: Buzzwole\n|-damage|p2a: Buzzwole|40\/100\n|-hitcount|p2a: Buzzwole|3\n|\n|upkeep\n|turn|11\n|\n|t:|1667831267\n|switch|p2a: Dragapult|Dragapult, M|100\/100\n|-damage|p2a: Dragapult|88\/100|[from] Stealth Rock\n|move|p1a: Urshifu|Surging Strikes|p2a: Dragapult\n|-resisted|p2a: Dragapult\n|-crit|p2a: Dragapult\n|-damage|p2a: Dragapult|74\/100\n|-resisted|p2a: Dragapult\n|-crit|p2a: Dragapult\n|-damage|p2a: Dragapult|60\/100\n|-resisted|p2a: Dragapult\n|-crit|p2a: Dragapult\n|-damage|p2a: Dragapult|48\/100\n|-hitcount|p2a: Dragapult|3\n|\n|upkeep\n|turn|12\n|\n|t:|1667831273\n|switch|p1a: Clefable|Clefable, F|90\/100 par\n|move|p2a: Dragapult|Shadow Ball|p1a: Clefable\n|-damage|p1a: Clefable|58\/100 par\n|\n|-heal|p1a: Clefable|64\/100 par|[from] item: Leftovers\n|upkeep\n|turn|13\n|\n|t:|1667831281\n|switch|p2a: Melmetal|Melmetal|42\/100\n|-damage|p2a: Melmetal|36\/100|[from] Stealth Rock\n|cant|p1a: Clefable|par\n|\n|-heal|p1a: Clefable|70\/100 par|[from] item: Leftovers\n|upkeep\n|turn|14\n|\n|t:|1667831288\n|switch|p1a: Toxapex|Toxapex, M|100\/100\n|-damage|p1a: Toxapex|88\/100|[from] Stealth Rock\n|move|p2a: Melmetal|Thunder Punch|p1a: Toxapex\n|-supereffective|p1a: Toxapex\n|-damage|p1a: Toxapex|18\/100\n|-status|p1a: Toxapex|par\n|-enditem|p1a: Toxapex|Eject Button\n|\n|t:|1667831290\n|switch|p1a: Urshifu|Urshifu-Rapid-Strike, F|100\/100\n|-damage|p1a: Urshifu|94\/100|[from] Stealth Rock\n|\n|upkeep\n|turn|15\n|\n|t:|1667831292\n|switch|p2a: Buzzwole|Buzzwole|40\/100\n|-damage|p2a: Buzzwole|27\/100|[from] Stealth Rock\n|move|p1a: Urshifu|Surging Strikes|p2a: Buzzwole\n|-crit|p2a: Buzzwole\n|-damage|p2a: Buzzwole|13\/100\n|-crit|p2a: Buzzwole\n|-damage|p2a: Buzzwole|0 fnt\n|faint|p2a: Buzzwole\n|-hitcount|p2: Buzzwole|2\n|\n|upkeep\n|\n|t:|1667831294\n|switch|p2a: Dragapult|Dragapult, M|48\/100\n|-damage|p2a: Dragapult|36\/100|[from] Stealth Rock\n|turn|16\n|\n|t:|1667831301\n|switch|p1a: Clefable|Clefable, F|70\/100 par\n|move|p2a: Dragapult|Hex|p1a: Clefable\n|-damage|p1a: Clefable|16\/100 par\n|\n|-heal|p1a: Clefable|22\/100 par|[from] item: Leftovers\n|upkeep\n|turn|17\n|\n|t:|1667831311\n|move|p2a: Dragapult|Hex|p1a: Clefable\n|-damage|p1a: Clefable|0 fnt\n|faint|p1a: Clefable\n|\n|upkeep\n|\n|t:|1667831313\n|switch|p1a: Weavile|Weavile, M|100\/100\n|-ability|p1a: Weavile|Pressure\n|turn|18\n|\n|t:|1667831330\n|switch|p2a: Melmetal|Melmetal|36\/100\n|-damage|p2a: Melmetal|30\/100|[from] Stealth Rock\n|move|p1a: Weavile|Ice Shard|p2a: Melmetal\n|-resisted|p2a: Melmetal\n|-damage|p2a: Melmetal|24\/100\n|\n|upkeep\n|turn|19\n|\n|t:|1667831334\n|move|p1a: Weavile|Knock Off|p2a: Melmetal\n|-damage|p2a: Melmetal|0 fnt\n|-enditem|p2a: Melmetal|Choice Band|[from] move: Knock Off|[of] p1a: Weavile\n|faint|p2a: Melmetal\n|\n|upkeep\n|l| HereForFrens\n|\n|t:|1667831338\n|switch|p2a: Sandaconda|Sandaconda, M, shiny|100\/100\n|-damage|p2a: Sandaconda|94\/100|[from] Stealth Rock\n|turn|20\n|\n|t:|1667831364\n|switch|p1a: Tapu Lele|Tapu Lele|100\/100\n|-damage|p1a: Tapu Lele|88\/100|[from] Stealth Rock\n|-fieldstart|move: Psychic Terrain|[from] ability: Psychic Surge|[of] p1a: Tapu Lele\n|move|p2a: Sandaconda|Glare|p1a: Tapu Lele\n|-status|p1a: Tapu Lele|par\n|\n|-heal|p2a: Sandaconda|100\/100|[from] item: Leftovers\n|upkeep\n|turn|21\n|inactive|DiameterXtreme has 120 seconds left.\n|\n|t:|1667831402\n|move|p2a: Sandaconda|Earthquake|p1a: Tapu Lele\n|-damage|p1a: Tapu Lele|36\/100 par\n|move|p1a: Tapu Lele|Psyshock|p2a: Sandaconda\n|-damage|p2a: Sandaconda|34\/100\n|\n|-heal|p2a: Sandaconda|40\/100|[from] item: Leftovers\n|upkeep\n|turn|22\n|inactive|DiameterXtreme has 120 seconds left.\n|\n|t:|1667831408\n|move|p2a: Sandaconda|Earthquake|p1a: Tapu Lele\n|-damage|p1a: Tapu Lele|0 fnt\n|faint|p1a: Tapu Lele\n|\n|-heal|p2a: Sandaconda|46\/100|[from] item: Leftovers\n|upkeep\n|\n|t:|1667831410\n|switch|p1a: Urshifu|Urshifu-Rapid-Strike, F|94\/100\n|-damage|p1a: Urshifu|88\/100|[from] Stealth Rock\n|turn|23\n|\n|t:|1667831423\n|move|p1a: Urshifu|Surging Strikes|p2a: Sandaconda\n|-supereffective|p2a: Sandaconda\n|-crit|p2a: Sandaconda\n|-damage|p2a: Sandaconda|16\/100\n|-supereffective|p2a: Sandaconda\n|-crit|p2a: Sandaconda\n|-damage|p2a: Sandaconda|0 fnt\n|faint|p2a: Sandaconda\n|-hitcount|p2: Sandaconda|2\n|\n|upkeep\n|\n|t:|1667831424\n|switch|p2a: Dragapult|Dragapult, M|36\/100\n|-damage|p2a: Dragapult|23\/100|[from] Stealth Rock\n|turn|24\n|\n|t:|1667831438\n|switch|p1a: Toxapex|Toxapex, M|51\/100 par\n|-damage|p1a: Toxapex|39\/100 par|[from] Stealth Rock\n|move|p2a: Dragapult|Draco Meteor|p1a: Toxapex\n|-damage|p1a: Toxapex|0 fnt\n|-unboost|p2a: Dragapult|spa|2\n|faint|p1a: Toxapex\n|\n|-fieldend|move: Psychic Terrain\n|upkeep\n|inactive|i b alpha has 120 seconds left.\n|\n|t:|1667831465\n|switch|p1a: Weavile|Weavile, M|100\/100\n|-ability|p1a: Weavile|Pressure\n|turn|25\n|\n|t:|1667831473\n|switch|p2a: Blissey|Blissey, F|100\/100\n|move|p1a: Weavile|Ice Shard|p2a: Blissey\n|-damage|p2a: Blissey|83\/100\n|\n|upkeep\n|turn|26\n|\n|t:|1667831477\n|switch|p2a: Zapdos|Zapdos|93\/100\n|move|p1a: Weavile|Swords Dance|p1a: Weavile\n|-boost|p1a: Weavile|atk|2\n|\n|upkeep\n|turn|27\n|\n|t:|1667831484\n|move|p1a: Weavile|Ice Shard|p2a: Zapdos\n|-supereffective|p2a: Zapdos\n|-damage|p2a: Zapdos|35\/100\n|move|p2a: Zapdos|Heat Wave|p1a: Weavile\n|-supereffective|p1a: Weavile\n|-damage|p1a: Weavile|25\/100\n|\n|upkeep\n|turn|28\n|\n|t:|1667831486\n|move|p1a: Weavile|Ice Shard|p2a: Zapdos\n|-supereffective|p2a: Zapdos\n|-damage|p2a: Zapdos|0 fnt\n|faint|p2a: Zapdos\n|\n|upkeep\n|c|\u2606DiameterXtreme|gg\n|-message|DiameterXtreme forfeited.\n|\n|win|i b alpha\n|raw|i b alpha's rating: 1748 &rarr; <strong>1771<\/strong><br \/>(+23 for winning)\n|raw|DiameterXtreme's rating: 1798 &rarr; <strong>1775<\/strong><br \/>(-23 for losing)\n|c|\u2606i b alpha|gg\n|l|\u2606DiameterXtreme\n|l| Serek94\n||Ladder isn't responding, score probably updated but might not have (Request timeout).\n","uploadtime":1667831500,"views":3,"p1id":"ibalpha","p2id":"diameterxtreme","formatid":"gen8ou","rating":1771,"private":0,"password":null}