{"id":"gen8monotype-1511786017","p1":"Allelaja","p2":"BearBearMaster","format":"gen8monotype","log":"|j|\u2606Allelaja\n|j|\u2606BearBearMaster\n|t:|1644963350\n|gametype|singles\n|player|p1|Allelaja|2|1435\n|player|p2|BearBearMaster|2|1582\n|teamsize|p1|6\n|teamsize|p2|6\n|gen|8\n|tier|[Gen 8] Monotype\n|rated|\n|rule|Same Type Clause: Pok\u00e9mon in a team must share a type\n|rule|Sleep Clause Mod: Limit one foe put to sleep\n|rule|Species Clause: Limit one of each Pok\u00e9mon\n|rule|OHKO Clause: OHKO moves are banned\n|rule|Evasion Moves Clause: Evasion moves are banned\n|rule|Endless Battle Clause: Forcing endless battles is banned\n|rule|HP Percentage Mod: HP is shown in percentages\n|rule|Dynamax Clause: You cannot dynamax\n|clearpoke\n|poke|p1|Garchomp, M|\n|poke|p1|Hydreigon, F|\n|poke|p1|Dragapult, M|\n|poke|p1|Kyurem|\n|poke|p1|Dragalge, M|\n|poke|p1|Dragonite, F|\n|poke|p2|Conkeldurr, M|\n|poke|p2|Keldeo-Resolute|\n|poke|p2|Zapdos-Galar|\n|poke|p2|Kommo-o, M|\n|poke|p2|Cobalion|\n|poke|p2|Scrafty, M|\n|teampreview\n|inactive|Battle timer is ON: inactive players will automatically lose when time's up. (requested by Allelaja)\n|\n|t:|1644963361\n|start\n|switch|p1a: Yaya Sanogo|Garchomp, M|100\/100\n|switch|p2a: Keldeo|Keldeo-Resolute|100\/100\n|turn|1\n|\n|t:|1644963369\n|switch|p1a: St\u00e9phane Grichting|Dragalge, M|100\/100\n|move|p2a: Keldeo|Icy Wind|p1a: St\u00e9phane Grichting\n|-supereffective|p1a: St\u00e9phane Grichting\n|-damage|p1a: St\u00e9phane Grichting|67\/100\n|-unboost|p1a: St\u00e9phane Grichting|spe|1\n|\n|-heal|p1a: St\u00e9phane Grichting|73\/100|[from] item: Black Sludge\n|upkeep\n|turn|2\n|\n|t:|1644963374\n|switch|p2a: Cobalion|Cobalion|100\/100\n|move|p1a: St\u00e9phane Grichting|Sludge Bomb|p2a: Cobalion\n|-immune|p2a: Cobalion\n|\n|-heal|p1a: St\u00e9phane Grichting|79\/100|[from] item: Black Sludge\n|upkeep\n|turn|3\n|\n|t:|1644963376\n|move|p2a: Cobalion|Stealth Rock|p1a: St\u00e9phane Grichting\n|-sidestart|p1: Allelaja|move: Stealth Rock\n|move|p1a: St\u00e9phane Grichting|Flip Turn|p2a: Cobalion\n|-damage|p2a: Cobalion|92\/100\n|\n|t:|1644963379\n|switch|p1a: Yaya Sanogo|Garchomp, M|100\/100|[from]move: Flip Turn\n|-damage|p1a: Yaya Sanogo|94\/100|[from] Stealth Rock\n|\n|-heal|p2a: Cobalion|99\/100|[from] item: Leftovers\n|upkeep\n|turn|4\n|\n|t:|1644963383\n|switch|p2a: Zapdos|Zapdos-Galar|100\/100\n|move|p1a: Yaya Sanogo|Earthquake|p2a: Zapdos\n|-immune|p2a: Zapdos\n|\n|upkeep\n|turn|5\n|\n|t:|1644963388\n|move|p2a: Zapdos|Thunderous Kick|p1a: Yaya Sanogo\n|-damage|p1a: Yaya Sanogo|59\/100\n|-unboost|p1a: Yaya Sanogo|def|1\n|-damage|p2a: Zapdos|88\/100|[from] ability: Rough Skin|[of] p1a: Yaya Sanogo\n|-damage|p2a: Zapdos|72\/100|[from] item: Rocky Helmet|[of] p1a: Yaya Sanogo\n|move|p1a: Yaya Sanogo|Stealth Rock|p2a: Zapdos\n|-sidestart|p2: BearBearMaster|move: Stealth Rock\n|\n|upkeep\n|turn|6\n|\n|t:|1644963393\n|switch|p1a: Fabien Cool|Dragapult, M|100\/100\n|move|p2a: Zapdos|Thunderous Kick|p1a: Fabien Cool\n|-immune|p1a: Fabien Cool\n|\n|upkeep\n|turn|7\n|\n|t:|1644963404\n|switch|p2a: Keldeo|Keldeo-Resolute|100\/100\n|-damage|p2a: Keldeo|94\/100|[from] Stealth Rock\n|move|p1a: Fabien Cool|Thunder Wave|p2a: Keldeo\n|-status|p2a: Keldeo|par\n|\n|upkeep\n|turn|8\n|c|\u2606BearBearMaster|oops\n|c|\u2606BearBearMaster|misclick\n|c|\u2606BearBearMaster|smh\n|\n|t:|1644963413\n|move|p1a: Fabien Cool|Dragon Darts|p2a: Keldeo\n|-damage|p2a: Keldeo|68\/100 par\n|-anim|p1a: Fabien Cool|Dragon Darts|p2a: Keldeo\n|-damage|p2a: Keldeo|42\/100 par\n|move|p2a: Keldeo|Icy Wind|p1a: Fabien Cool\n|-supereffective|p1a: Fabien Cool\n|-damage|p1a: Fabien Cool|22\/100\n|-unboost|p1a: Fabien Cool|spe|1\n|\n|upkeep\n|turn|9\n|\n|t:|1644963419\n|move|p1a: Fabien Cool|Dragon Darts|p2a: Keldeo\n|-damage|p2a: Keldeo|13\/100 par\n|-anim|p1a: Fabien Cool|Dragon Darts|p2a: Keldeo\n|-damage|p2a: Keldeo|0 fnt\n|faint|p2a: Keldeo\n|\n|upkeep\n|\n|t:|1644963426\n|switch|p2a: Zapdos|Zapdos-Galar|72\/100\n|-damage|p2a: Zapdos|59\/100|[from] Stealth Rock\n|turn|10\n|\n|t:|1644963430\n|switch|p1a: Yaya Sanogo|Garchomp, M|59\/100\n|-damage|p1a: Yaya Sanogo|53\/100|[from] Stealth Rock\n|move|p2a: Zapdos|Brave Bird|p1a: Yaya Sanogo\n|-damage|p1a: Yaya Sanogo|5\/100\n|-damage|p2a: Zapdos|47\/100|[from] ability: Rough Skin|[of] p1a: Yaya Sanogo\n|-damage|p2a: Zapdos|30\/100|[from] item: Rocky Helmet|[of] p1a: Yaya Sanogo\n|-damage|p2a: Zapdos|10\/100|[from] Recoil\n|\n|upkeep\n|turn|11\n|\n|t:|1644963438\n|move|p2a: Zapdos|Brave Bird|p1a: Yaya Sanogo\n|-damage|p1a: Yaya Sanogo|0 fnt\n|-damage|p2a: Zapdos|0 fnt|[from] ability: Rough Skin|[of] p1a: Yaya Sanogo\n|faint|p1a: Yaya Sanogo\n|faint|p2a: Zapdos\n|\n|upkeep\n|\n|t:|1644963446\n|switch|p2a: Cobalion|Cobalion|99\/100\n|switch|p1a: Eric Cantona|Kyurem|100\/100\n|-damage|p1a: Eric Cantona|76\/100|[from] Stealth Rock\n|-ability|p1a: Eric Cantona|Pressure\n|-damage|p2a: Cobalion|96\/100|[from] Stealth Rock\n|turn|12\n|\n|t:|1644963449\n|move|p1a: Eric Cantona|Focus Blast|p2a: Cobalion\n|-supereffective|p2a: Cobalion\n|-damage|p2a: Cobalion|0 fnt\n|faint|p2a: Cobalion\n|\n|upkeep\n|\n|t:|1644963453\n|switch|p2a: Conkeldurr|Conkeldurr, M|100\/100\n|-damage|p2a: Conkeldurr|94\/100|[from] Stealth Rock\n|turn|13\n|\n|t:|1644963460\n|switch|p1a: Guy Roux|Hydreigon, F|100\/100\n|-damage|p1a: Guy Roux|88\/100|[from] Stealth Rock\n|move|p2a: Conkeldurr|Knock Off|p1a: Guy Roux\n|-resisted|p1a: Guy Roux\n|-damage|p1a: Guy Roux|68\/100\n|-enditem|p1a: Guy Roux|Choice Scarf|[from] move: Knock Off|[of] p2a: Conkeldurr\n|\n|-status|p2a: Conkeldurr|brn|[from] item: Flame Orb\n|upkeep\n|turn|14\n|\n|t:|1644963468\n|move|p2a: Conkeldurr|Mach Punch|p1a: Guy Roux\n|-supereffective|p1a: Guy Roux\n|-damage|p1a: Guy Roux|0 fnt\n|faint|p1a: Guy Roux\n|\n|-damage|p2a: Conkeldurr|88\/100 brn|[from] brn\n|upkeep\n|\n|t:|1644963479\n|switch|p1a: St\u00e9phane Grichting|Dragalge, M|79\/100\n|-damage|p1a: St\u00e9phane Grichting|67\/100|[from] Stealth Rock\n|turn|15\n|\n|t:|1644963482\n|move|p2a: Conkeldurr|Facade|p1a: St\u00e9phane Grichting\n|-damage|p1a: St\u00e9phane Grichting|0 fnt\n|faint|p1a: St\u00e9phane Grichting\n|\n|-damage|p2a: Conkeldurr|82\/100 brn|[from] brn\n|upkeep\n|\n|t:|1644963490\n|switch|p1a: Djibril Ciss\u00e9|Dragonite, F|100\/100\n|turn|16\n|j| Random Skrub\n|\n|t:|1644963495\n|move|p1a: Djibril Ciss\u00e9|Earthquake|p2a: Conkeldurr\n|-damage|p2a: Conkeldurr|50\/100 brn\n|move|p2a: Conkeldurr|Knock Off|p1a: Djibril Ciss\u00e9\n|-damage|p1a: Djibril Ciss\u00e9|70\/100\n|-enditem|p1a: Djibril Ciss\u00e9|Heavy-Duty Boots|[from] move: Knock Off|[of] p2a: Conkeldurr\n|\n|-damage|p2a: Conkeldurr|44\/100 brn|[from] brn\n|upkeep\n|turn|17\n|\n|t:|1644963504\n|move|p1a: Djibril Ciss\u00e9|Earthquake|p2a: Conkeldurr\n|-damage|p2a: Conkeldurr|14\/100 brn\n|move|p2a: Conkeldurr|Facade|p1a: Djibril Ciss\u00e9\n|-damage|p1a: Djibril Ciss\u00e9|0 fnt\n|faint|p1a: Djibril Ciss\u00e9\n|\n|-damage|p2a: Conkeldurr|8\/100 brn|[from] brn\n|upkeep\n|\n|t:|1644963509\n|switch|p1a: Fabien Cool|Dragapult, M|22\/100\n|turn|18\n|\n|t:|1644963515\n|switch|p2a: Kommo-o|Kommo-o, M|100\/100\n|-damage|p2a: Kommo-o|94\/100|[from] Stealth Rock\n|move|p1a: Fabien Cool|U-turn|p2a: Kommo-o\n|-resisted|p2a: Kommo-o\n|-damage|p2a: Kommo-o|84\/100\n|\n|t:|1644963518\n|switch|p1a: Eric Cantona|Kyurem|76\/100|[from]move: U-turn\n|-damage|p1a: Eric Cantona|51\/100|[from] Stealth Rock\n|-ability|p1a: Eric Cantona|Pressure\n|\n|upkeep\n|turn|19\n|\n|t:|1644963524\n|move|p1a: Eric Cantona|Ice Beam|p2a: Kommo-o\n|-supereffective|p2a: Kommo-o\n|-damage|p2a: Kommo-o|0 fnt\n|faint|p2a: Kommo-o\n|\n|upkeep\n|\n|t:|1644963527\n|switch|p2a: Conkeldurr|Conkeldurr, M|8\/100 brn\n|-damage|p2a: Conkeldurr|2\/100 brn|[from] Stealth Rock\n|turn|20\n|\n|t:|1644963537\n|switch|p1a: Fabien Cool|Dragapult, M|22\/100\n|move|p2a: Conkeldurr|Knock Off|p1a: Fabien Cool\n|-supereffective|p1a: Fabien Cool\n|-damage|p1a: Fabien Cool|0 fnt\n|-enditem|p1a: Fabien Cool|Heavy-Duty Boots|[from] move: Knock Off|[of] p2a: Conkeldurr\n|faint|p1a: Fabien Cool\n|\n|-damage|p2a: Conkeldurr|0 fnt|[from] brn\n|faint|p2a: Conkeldurr\n|upkeep\n|\n|t:|1644963541\n|switch|p1a: Eric Cantona|Kyurem|51\/100\n|switch|p2a: Scrafty|Scrafty, M|100\/100\n|-damage|p1a: Eric Cantona|26\/100|[from] Stealth Rock\n|-ability|p1a: Eric Cantona|Pressure\n|-damage|p2a: Scrafty|95\/100|[from] Stealth Rock\n|turn|21\n|\n|t:|1644963545\n|move|p1a: Eric Cantona|Draco Meteor|p2a: Scrafty\n|-crit|p2a: Scrafty\n|-damage|p2a: Scrafty|0 fnt\n|-unboost|p1a: Eric Cantona|spa|2\n|faint|p2a: Scrafty\n|\n|win|Allelaja\n|raw|Allelaja's rating: 1435 &rarr; <strong>1463<\/strong><br \/>(+28 for winning)\n|raw|BearBearMaster's rating: 1582 &rarr; <strong>1554<\/strong><br \/>(-28 for losing)\n|l|\u2606Allelaja\n|c|\u2606BearBearMaster|WHAT THE FUCK\n","uploadtime":1644963557,"views":35,"p1id":"allelaja","p2id":"bearbearmaster","formatid":"gen8monotype","rating":1463,"private":0,"password":null}