{"id":"gen8ou-1385446797","p1":"LT84JM cryinghard","p2":"RTSG tests","format":"gen8ou","log":"|raw|<div class=\"broadcast-blue\"><strong>This battle is required to be public due to a player having a name starting with 'lt84jm'.<\/div>\n|j|\u2606LT84JM cryinghard\n|j|\u2606RTSG tests\n|t:|1627448257\n|gametype|singles\n|player|p1|LT84JM cryinghard|lass-gen4dp|1719\n|player|p2|RTSG tests|birdkeeper|1688\n|teamsize|p1|6\n|teamsize|p2|6\n|gen|8\n|tier|[Gen 8] OU\n|rated|\n|rule|Sleep Clause Mod: Limit one foe put to sleep\n|rule|Species Clause: Limit one of each Pok\u00e9mon\n|rule|OHKO Clause: OHKO moves are banned\n|rule|Evasion Moves Clause: Evasion moves are banned\n|rule|Endless Battle Clause: Forcing endless battles is banned\n|rule|HP Percentage Mod: HP is shown in percentages\n|rule|Dynamax Clause: You cannot dynamax\n|clearpoke\n|poke|p1|Blacephalon|\n|poke|p1|Landorus-Therian, M|\n|poke|p1|Tapu Koko|\n|poke|p1|Slowbro, M|\n|poke|p1|Scizor, M|\n|poke|p1|Dragapult, F|\n|poke|p2|Tapu Koko|\n|poke|p2|Hawlucha, F|\n|poke|p2|Mew|\n|poke|p2|Kommo-o, F|\n|poke|p2|Aegislash, M|\n|poke|p2|Zeraora|\n|teampreview\n|inactive|Battle timer is ON: inactive players will automatically lose when time's up. (requested by LT84JM cryinghard)\n|\n|t:|1627448275\n|start\n|switch|p1a: Dragapult|Dragapult, F|100\/100\n|switch|p2a: Mew|Mew|100\/100\n|turn|1\n|\n|t:|1627448279\n|move|p1a: Dragapult|Substitute|p1a: Dragapult\n|-start|p1a: Dragapult|Substitute\n|-damage|p1a: Dragapult|76\/100\n|move|p2a: Mew|Stealth Rock|p1a: Dragapult\n|-sidestart|p1: LT84JM cryinghard|move: Stealth Rock\n|\n|-heal|p1a: Dragapult|82\/100|[from] item: Leftovers\n|upkeep\n|turn|2\n|\n|t:|1627448284\n|move|p1a: Dragapult|Hex|p2a: Mew\n|-supereffective|p2a: Mew\n|-damage|p2a: Mew|43\/100\n|move|p2a: Mew|Ice Beam|p1a: Dragapult\n|-supereffective|p1a: Dragapult\n|-end|p1a: Dragapult|Substitute\n|\n|-heal|p1a: Dragapult|88\/100|[from] item: Leftovers\n|upkeep\n|turn|3\n|\n|t:|1627448291\n|move|p1a: Dragapult|Hex|p2a: Mew\n|-supereffective|p2a: Mew\n|-damage|p2a: Mew|0 fnt\n|faint|p2a: Mew\n|\n|-heal|p1a: Dragapult|94\/100|[from] item: Leftovers\n|upkeep\n|\n|t:|1627448296\n|switch|p2a: Tapu Koko|Tapu Koko|100\/100\n|-fieldstart|move: Electric Terrain|[from] ability: Electric Surge|[of] p2a: Tapu Koko\n|turn|4\n|\n|t:|1627448299\n|move|p2a: Tapu Koko|Taunt|p1a: Dragapult\n|-start|p1a: Dragapult|move: Taunt\n|cant|p1a: Dragapult|move: Taunt|Will-O-Wisp\n|\n|-heal|p1a: Dragapult|99\/100|[from] item: Leftovers\n|upkeep\n|turn|5\n|\n|t:|1627448307\n|switch|p1a: Landorus|Landorus-Therian, M|100\/100\n|-damage|p1a: Landorus|88\/100|[from] Stealth Rock\n|-ability|p1a: Landorus|Intimidate|boost\n|-unboost|p2a: Tapu Koko|atk|1\n|move|p2a: Tapu Koko|Light Screen|p2a: Tapu Koko\n|-sidestart|p2: RTSG tests|move: Light Screen\n|\n|-heal|p1a: Landorus|94\/100|[from] item: Leftovers\n|upkeep\n|turn|6\n|\n|t:|1627448311\n|move|p2a: Tapu Koko|Reflect|p2a: Tapu Koko\n|-sidestart|p2: RTSG tests|Reflect\n|move|p1a: Landorus|Earthquake|p2a: Tapu Koko\n|-supereffective|p2a: Tapu Koko\n|-damage|p2a: Tapu Koko|51\/100\n|\n|-heal|p1a: Landorus|99\/100|[from] item: Leftovers\n|upkeep\n|turn|7\n|\n|t:|1627448317\n|move|p2a: Tapu Koko|U-turn|p1a: Landorus\n|-resisted|p1a: Landorus\n|-damage|p1a: Landorus|94\/100\n|\n|t:|1627448320\n|switch|p2a: Kommo-o|Kommo-o, F|100\/100|[from]move: U-turn\n|move|p1a: Landorus|Knock Off|p2a: Kommo-o\n|-resisted|p2a: Kommo-o\n|-damage|p2a: Kommo-o|94\/100\n|-enditem|p2a: Kommo-o|Salac Berry|[from] move: Knock Off|[of] p1a: Landorus\n|\n|-heal|p1a: Landorus|99\/100|[from] item: Leftovers\n|upkeep\n|turn|8\n|\n|t:|1627448331\n|move|p2a: Kommo-o|Substitute|p2a: Kommo-o\n|-start|p2a: Kommo-o|Substitute\n|-damage|p2a: Kommo-o|69\/100\n|move|p1a: Landorus|Defog|p2a: Kommo-o\n|-sideend|p2: RTSG tests|Reflect\n|-sideend|p2: RTSG tests|move: Light Screen\n|-sideend|p1: LT84JM cryinghard|Stealth Rock|[from] move: Defog|[of] p1a: Landorus\n|-fieldend|move: Electric Terrain\n|\n|-heal|p1a: Landorus|100\/100|[from] item: Leftovers\n|upkeep\n|turn|9\n|\n|t:|1627448337\n|move|p2a: Kommo-o|Ice Punch|p1a: Landorus\n|-supereffective|p1a: Landorus\n|-damage|p1a: Landorus|5\/100\n|move|p1a: Landorus|Earthquake|p2a: Kommo-o\n|-end|p2a: Kommo-o|Substitute\n|\n|-heal|p1a: Landorus|11\/100|[from] item: Leftovers\n|upkeep\n|turn|10\n|\n|t:|1627448343\n|switch|p1a: Slowbro|Slowbro, M|100\/100\n|move|p2a: Kommo-o|Drain Punch|p1a: Slowbro\n|-resisted|p1a: Slowbro\n|-damage|p1a: Slowbro|91\/100\n|-heal|p2a: Kommo-o|75\/100|[from] drain|[of] p1a: Slowbro\n|\n|upkeep\n|turn|11\n|\n|t:|1627448347\n|move|p2a: Kommo-o|Belly Drum|p2a: Kommo-o\n|-damage|p2a: Kommo-o|25\/100\n|-setboost|p2a: Kommo-o|atk|6|[from] move: Belly Drum\n|move|p1a: Slowbro|Future Sight|p2a: Kommo-o\n|-start|p1a: Slowbro|move: Future Sight\n|\n|upkeep\n|turn|12\n|\n|t:|1627448355\n|move|p2a: Kommo-o|Drain Punch|p1a: Slowbro\n|-resisted|p1a: Slowbro\n|-damage|p1a: Slowbro|51\/100\n|-heal|p2a: Kommo-o|50\/100|[from] drain|[of] p1a: Slowbro\n|move|p1a: Slowbro|Teleport|p1a: Slowbro\n|\n|t:|1627448359\n|switch|p1a: Tapu Koko|Tapu Koko|100\/100|[from]move: Teleport\n|-fieldstart|move: Electric Terrain|[from] ability: Electric Surge|[of] p1a: Tapu Koko\n|\n|upkeep\n|turn|13\n|\n|t:|1627448362\n|move|p1a: Tapu Koko|Dazzling Gleam|p2a: Kommo-o\n|-supereffective|p2a: Kommo-o\n|-damage|p2a: Kommo-o|0 fnt\n|faint|p2a: Kommo-o\n|\n|-hint|Future Sight did not hit because the target is fainted.\n|upkeep\n|\n|t:|1627448374\n|switch|p2a: Tapu Koko|Tapu Koko|51\/100\n|turn|14\n|\n|t:|1627448377\n|move|p2a: Tapu Koko|Light Screen|p2a: Tapu Koko\n|-sidestart|p2: RTSG tests|move: Light Screen\n|move|p1a: Tapu Koko|Thunderbolt|p2a: Tapu Koko\n|-resisted|p2a: Tapu Koko\n|-damage|p2a: Tapu Koko|35\/100\n|\n|upkeep\n|turn|15\n|\n|t:|1627448381\n|move|p2a: Tapu Koko|U-turn|p1a: Tapu Koko\n|-resisted|p1a: Tapu Koko\n|-damage|p1a: Tapu Koko|87\/100\n|\n|t:|1627448386\n|switch|p2a: Aegislash|Aegislash, M|100\/100|[from]move: U-turn\n|move|p1a: Tapu Koko|U-turn|p2a: Aegislash\n|-resisted|p2a: Aegislash\n|-damage|p2a: Aegislash|97\/100\n|\n|t:|1627448395\n|switch|p1a: Landorus|Landorus-Therian, M|11\/100|[from]move: U-turn\n|-ability|p1a: Landorus|Intimidate|boost\n|-unboost|p2a: Aegislash|atk|1\n|\n|-heal|p1a: Landorus|17\/100|[from] item: Leftovers\n|upkeep\n|turn|16\n|\n|t:|1627448424\n|switch|p1a: Scizor|Scizor, M|100\/100\n|switch|p2a: Hawlucha|Hawlucha, F|100\/100\n|-enditem|p2a: Hawlucha|Electric Seed\n|-boost|p2a: Hawlucha|def|1|[from] item: Electric Seed\n|\n|-fieldend|move: Electric Terrain\n|upkeep\n|turn|17\n|\n|t:|1627448434\n|move|p2a: Hawlucha|Swords Dance|p2a: Hawlucha\n|-boost|p2a: Hawlucha|atk|2\n|move|p1a: Scizor|U-turn|p2a: Hawlucha\n|-resisted|p2a: Hawlucha\n|-damage|p2a: Hawlucha|93\/100\n|\n|t:|1627448435\n|switch|p1a: Tapu Koko|Tapu Koko|87\/100|[from]move: U-turn\n|-fieldstart|move: Electric Terrain|[from] ability: Electric Surge|[of] p1a: Tapu Koko\n|\n|upkeep\n|turn|18\n|\n|t:|1627448439\n|move|p2a: Hawlucha|Stone Edge|p1a: Tapu Koko\n|-damage|p1a: Tapu Koko|2\/100\n|move|p1a: Tapu Koko|Thunderbolt|p2a: Hawlucha\n|-supereffective|p2a: Hawlucha\n|-damage|p2a: Hawlucha|23\/100\n|\n|upkeep\n|turn|19\n|\n|t:|1627448445\n|move|p2a: Hawlucha|Acrobatics|p1a: Tapu Koko\n|-resisted|p1a: Tapu Koko\n|-damage|p1a: Tapu Koko|0 fnt\n|faint|p1a: Tapu Koko\n|\n|upkeep\n|\n|t:|1627448450\n|switch|p1a: Scizor|Scizor, M|100\/100\n|turn|20\n|\n|t:|1627448457\n|move|p1a: Scizor|Bullet Punch|p2a: Hawlucha\n|-damage|p2a: Hawlucha|0 fnt\n|faint|p2a: Hawlucha\n|\n|upkeep\n|\n|t:|1627448461\n|switch|p2a: Zeraora|Zeraora|100\/100\n|turn|21\n|\n|t:|1627448464\n|move|p2a: Zeraora|Bulk Up|p2a: Zeraora\n|-boost|p2a: Zeraora|atk|1\n|-boost|p2a: Zeraora|def|1\n|move|p1a: Scizor|U-turn|p2a: Zeraora\n|-damage|p2a: Zeraora|75\/100\n|\n|t:|1627448469\n|switch|p1a: Landorus|Landorus-Therian, M|17\/100|[from]move: U-turn\n|-ability|p1a: Landorus|Intimidate|boost\n|-unboost|p2a: Zeraora|atk|1\n|\n|-heal|p1a: Landorus|23\/100|[from] item: Leftovers\n|-sideend|p2: RTSG tests|move: Light Screen\n|-fieldend|move: Electric Terrain\n|upkeep\n|turn|22\n|\n|t:|1627448473\n|switch|p1a: Scizor|Scizor, M|100\/100\n|move|p2a: Zeraora|Knock Off|p1a: Scizor\n|-damage|p1a: Scizor|71\/100\n|-enditem|p1a: Scizor|Heavy-Duty Boots|[from] move: Knock Off|[of] p2a: Zeraora\n|\n|upkeep\n|turn|23\n|\n|t:|1627448476\n|move|p2a: Zeraora|Bulk Up|p2a: Zeraora\n|-boost|p2a: Zeraora|atk|1\n|-boost|p2a: Zeraora|def|1\n|move|p1a: Scizor|U-turn|p2a: Zeraora\n|-damage|p2a: Zeraora|53\/100\n|\n|t:|1627448478\n|switch|p1a: Landorus|Landorus-Therian, M|23\/100|[from]move: U-turn\n|-ability|p1a: Landorus|Intimidate|boost\n|-unboost|p2a: Zeraora|atk|1\n|\n|-heal|p1a: Landorus|29\/100|[from] item: Leftovers\n|upkeep\n|turn|24\n|\n|t:|1627448486\n|move|p2a: Zeraora|Bulk Up|p2a: Zeraora\n|-boost|p2a: Zeraora|atk|1\n|-boost|p2a: Zeraora|def|1\n|move|p1a: Landorus|U-turn|p2a: Zeraora\n|-damage|p2a: Zeraora|42\/100\n|\n|t:|1627448491\n|switch|p1a: Scizor|Scizor, M|71\/100|[from]move: U-turn\n|\n|upkeep\n|turn|25\n|\n|t:|1627448497\n|move|p2a: Zeraora|Knock Off|p1a: Scizor\n|-damage|p1a: Scizor|43\/100\n|move|p1a: Scizor|U-turn|p2a: Zeraora\n|-damage|p2a: Zeraora|27\/100\n|\n|t:|1627448499\n|switch|p1a: Landorus|Landorus-Therian, M|29\/100|[from]move: U-turn\n|-ability|p1a: Landorus|Intimidate|boost\n|-unboost|p2a: Zeraora|atk|1\n|\n|-heal|p1a: Landorus|35\/100|[from] item: Leftovers\n|upkeep\n|turn|26\n|\n|t:|1627448502\n|move|p2a: Zeraora|Knock Off|p1a: Landorus\n|-damage|p1a: Landorus|7\/100\n|-enditem|p1a: Landorus|Leftovers|[from] move: Knock Off|[of] p2a: Zeraora\n|move|p1a: Landorus|Earthquake|p2a: Zeraora\n|-supereffective|p2a: Zeraora\n|-damage|p2a: Zeraora|0 fnt\n|faint|p2a: Zeraora\n|\n|upkeep\n|\n|t:|1627448510\n|switch|p2a: Tapu Koko|Tapu Koko|35\/100\n|-fieldstart|move: Electric Terrain|[from] ability: Electric Surge|[of] p2a: Tapu Koko\n|turn|27\n|\n|t:|1627448512\n|move|p2a: Tapu Koko|Reflect|p2a: Tapu Koko\n|-sidestart|p2: RTSG tests|Reflect\n|move|p1a: Landorus|Earthquake|p2a: Tapu Koko\n|-supereffective|p2a: Tapu Koko\n|-damage|p2a: Tapu Koko|0 fnt\n|faint|p2a: Tapu Koko\n|\n|upkeep\n|\n|t:|1627448515\n|switch|p2a: Aegislash|Aegislash, M|97\/100\n|turn|28\n|\n|t:|1627448519\n|move|p1a: Landorus|U-turn|p2a: Aegislash\n|-resisted|p2a: Aegislash\n|-damage|p2a: Aegislash|94\/100\n|\n|t:|1627448521\n|switch|p1a: Slowbro|Slowbro, M|85\/100|[from]move: U-turn\n|move|p2a: Aegislash|Autotomize|p2a: Aegislash\n|-boost|p2a: Aegislash|spe|2\n|-start|p2a: Aegislash|Autotomize\n|\n|upkeep\n|turn|29\n|\n|t:|1627448524\n|-formechange|p2a: Aegislash|Aegislash-Blade||[from] ability: Stance Change\n|move|p2a: Aegislash|Shadow Ball|p1a: Slowbro\n|-supereffective|p1a: Slowbro\n|-damage|p1a: Slowbro|0 fnt\n|faint|p1a: Slowbro\n|-damage|p2a: Aegislash|84\/100|[from] item: Life Orb\n|\n|upkeep\n|\n|t:|1627448535\n|switch|p1a: Dragapult|Dragapult, F|99\/100\n|turn|30\n|\n|t:|1627448539\n|move|p2a: Aegislash|Shadow Ball|p1a: Dragapult\n|-supereffective|p1a: Dragapult\n|-damage|p1a: Dragapult|0 fnt\n|faint|p1a: Dragapult\n|-damage|p2a: Aegislash|74\/100|[from] item: Life Orb\n|\n|upkeep\n|\n|t:|1627448552\n|switch|p1a: Landorus|Landorus-Therian, M|7\/100\n|-ability|p1a: Landorus|Intimidate|boost\n|-unboost|p2a: Aegislash|atk|1\n|turn|31\n|\n|t:|1627448556\n|switch|p1a: trance|Blacephalon|100\/100\n|move|p2a: Aegislash|Shadow Ball|p1a: trance\n|-supereffective|p1a: trance\n|-damage|p1a: trance|0 fnt\n|faint|p1a: trance\n|-damage|p2a: Aegislash|64\/100|[from] item: Life Orb\n|\n|-fieldend|move: Electric Terrain\n|upkeep\n|\n|t:|1627448558\n|switch|p1a: Landorus|Landorus-Therian, M|7\/100\n|-ability|p1a: Landorus|Intimidate|boost\n|-unboost|p2a: Aegislash|atk|1\n|turn|32\n|\n|t:|1627448560\n|move|p2a: Aegislash|Shadow Ball|p1a: Landorus\n|-damage|p1a: Landorus|0 fnt\n|faint|p1a: Landorus\n|-damage|p2a: Aegislash|55\/100|[from] item: Life Orb\n|\n|upkeep\n|\n|t:|1627448561\n|switch|p1a: Scizor|Scizor, M|43\/100\n|turn|33\n|\n|t:|1627448564\n|move|p2a: Aegislash|Shadow Ball|p1a: Scizor\n|-damage|p1a: Scizor|0 fnt\n|faint|p1a: Scizor\n|-damage|p2a: Aegislash|45\/100|[from] item: Life Orb\n|\n|win|RTSG tests\n|raw|LT84JM cryinghard's rating: 1719 &rarr; <strong>1697<\/strong><br \/>(-22 for losing)\n|raw|RTSG tests's rating: 1688 &rarr; <strong>1710<\/strong><br \/>(+22 for winning)\n|l|\u2606LT84JM cryinghard\n","uploadtime":1627448570,"views":59,"p1id":"lt84jmcryinghard","p2id":"rtsgtests","formatid":"gen8ou","rating":1697,"private":0,"password":null}