{"id":"gen8monotype-1580535502","p1":"Oryen","p2":"MLT8k3 maxi","format":"gen8monotype","log":"|raw|<div class=\"broadcast-blue\"><strong>This battle is required to be public due to a player having a name starting with 'mlt8k3'.<\/div>\n|j|\u2606Oryen\n|j|\u2606MLT8k3 maxi\n|t:|1653251147\n|gametype|singles\n|player|p1|Oryen|bruno-gen1|1634\n|player|p2|MLT8k3 maxi|lucas|1702\n|teamsize|p1|6\n|teamsize|p2|6\n|gen|8\n|tier|[Gen 8] Monotype\n|rated|\n|rule|Same Type Clause: Pok\u00e9mon in a team must share a type\n|rule|Sleep Clause Mod: Limit one foe put to sleep\n|rule|Species Clause: Limit one of each Pok\u00e9mon\n|rule|OHKO Clause: OHKO moves are banned\n|rule|Evasion Moves Clause: Evasion moves are banned\n|rule|Endless Battle Clause: Forcing endless battles is banned\n|rule|HP Percentage Mod: HP is shown in percentages\n|rule|Dynamax Clause: You cannot dynamax\n|clearpoke\n|poke|p1|Heatran, F|\n|poke|p1|Blacephalon|\n|poke|p1|Volcanion|\n|poke|p1|Moltres|\n|poke|p1|Torkoal, M|\n|poke|p1|Cinderace, M|\n|poke|p2|Corviknight, M|\n|poke|p2|Heatran, M|\n|poke|p2|Melmetal|\n|poke|p2|Ferrothorn, F|\n|poke|p2|Excadrill, F|\n|poke|p2|Aegislash, F|\n|teampreview\n|\n|t:|1653251156\n|start\n|switch|p1a: Cinderace|Cinderace, M|100\/100\n|switch|p2a: Excadrill|Excadrill, F|100\/100\n|-ability|p2a: Excadrill|Mold Breaker\n|turn|1\n|\n|t:|1653251161\n|switch|p1a: Moltres|Moltres|100\/100\n|move|p2a: Excadrill|Earthquake|p1a: Moltres\n|-immune|p1a: Moltres\n|\n|upkeep\n|turn|2\n|\n|t:|1653251167\n|switch|p2a: Aegislash|Aegislash, F|100\/100\n|move|p1a: Moltres|U-turn|p2a: Aegislash\n|-resisted|p2a: Aegislash\n|-damage|p2a: Aegislash|97\/100\n|\n|t:|1653251171\n|switch|p1a: Volcanion|Volcanion|100\/100|[from]move: U-turn\n|\n|-heal|p2a: Aegislash|100\/100|[from] item: Leftovers\n|upkeep\n|turn|3\n|\n|t:|1653251183\n|move|p2a: Aegislash|King's Shield|p2a: Aegislash\n|-singleturn|p2a: Aegislash|Protect\n|move|p1a: Volcanion|Fire Blast|p2a: Aegislash\n|-activate|p2a: Aegislash|move: Protect\n|\n|upkeep\n|turn|4\n|\n|t:|1653251185\n|switch|p2a: Heatran|Heatran, M|100\/100\n|-item|p2a: Heatran|Air Balloon\n|move|p1a: Volcanion|Steam Eruption|p2a: Heatran\n|-supereffective|p2a: Heatran\n|-damage|p2a: Heatran|0 fnt\n|-enditem|p2a: Heatran|Air Balloon\n|faint|p2a: Heatran\n|\n|upkeep\n|\n|t:|1653251191\n|switch|p2a: Aegislash|Aegislash, F|100\/100\n|turn|5\n|\n|t:|1653251194\n|move|p1a: Volcanion|Fire Blast|p2a: Aegislash\n|-supereffective|p2a: Aegislash\n|-damage|p2a: Aegislash|26\/100\n|-formechange|p2a: Aegislash|Aegislash-Blade||[from] ability: Stance Change\n|move|p2a: Aegislash|Shadow Ball|p1a: Volcanion\n|-damage|p1a: Volcanion|65\/100\n|-unboost|p1a: Volcanion|spd|1\n|\n|-heal|p2a: Aegislash|33\/100|[from] item: Leftovers\n|upkeep\n|turn|6\n|\n|t:|1653251198\n|-formechange|p2a: Aegislash|Aegislash||[from] ability: Stance Change\n|move|p2a: Aegislash|King's Shield|p2a: Aegislash\n|-singleturn|p2a: Aegislash|Protect\n|move|p1a: Volcanion|Steam Eruption|p2a: Aegislash\n|-activate|p2a: Aegislash|move: Protect\n|\n|-heal|p2a: Aegislash|39\/100|[from] item: Leftovers\n|upkeep\n|turn|7\n|\n|t:|1653251201\n|move|p1a: Volcanion|Steam Eruption|p2a: Aegislash\n|-damage|p2a: Aegislash|0 fnt\n|faint|p2a: Aegislash\n|\n|upkeep\n|\n|t:|1653251203\n|switch|p2a: Excadrill|Excadrill, F|100\/100\n|-ability|p2a: Excadrill|Mold Breaker\n|turn|8\n|\n|t:|1653251207\n|move|p2a: Excadrill|Rock Blast|p1a: Volcanion\n|-supereffective|p1a: Volcanion\n|-damage|p1a: Volcanion|51\/100\n|-supereffective|p1a: Volcanion\n|-damage|p1a: Volcanion|36\/100\n|-hitcount|p1a: Volcanion|2\n|move|p1a: Volcanion|Fire Blast|p2a: Excadrill\n|-supereffective|p2a: Excadrill\n|-damage|p2a: Excadrill|0 fnt\n|faint|p2a: Excadrill\n|\n|upkeep\n|j| Darkshowl\n|-message|MLT8k3 maxi forfeited.\n|\n|win|Oryen\n|raw|Oryen's rating: 1634 &rarr; <strong>1658<\/strong><br \/>(+24 for winning)\n|raw|MLT8k3 maxi's rating: 1702 &rarr; <strong>1678<\/strong><br \/>(-24 for losing)\n|l|\u2606MLT8k3 maxi\n|j|+Amasaki \u2606\n||Ladder isn't responding, score probably updated but might not have (Request timeout).\n","uploadtime":1653251215,"views":6,"p1id":"oryen","p2id":"mlt8k3maxi","formatid":"gen8monotype","rating":1658,"private":0,"password":null}