{"id":"gen8ou-1688719631","p1":"Scoots Mgee","p2":"I\u2661EgirlFartFumes","format":"gen8ou","log":"|html|<div class=\"broadcast-blue\"><strong>[Gen 8] OU is currently suspecting Melmetal! For information on how to participate check out the <a href=\"https:\/\/www.smogon.com\/forums\/threads\/np-ss-ou-suspect-process-round-12-monster-mash.3709234\/\">suspect thread<\/a>.<\/strong><\/div>\n|j|\u2606Scoots Mgee\n|j|\u2606I\u2661EgirlFartFumes\n|t:|1666101952\n|gametype|singles\n|player|p1|Scoots Mgee|acetrainerf|1544\n|player|p2|I\u2661EgirlFartFumes|will-gen2|1476\n|teamsize|p1|6\n|teamsize|p2|6\n|gen|8\n|tier|[Gen 8] OU\n|rated|\n|rule|Sleep Clause Mod: Limit one foe put to sleep\n|rule|Species Clause: Limit one of each Pok\u00e9mon\n|rule|OHKO Clause: OHKO moves are banned\n|rule|Evasion Items Clause: Evasion items are banned\n|rule|Evasion Moves Clause: Evasion moves are banned\n|rule|Endless Battle Clause: Forcing endless battles is banned\n|rule|HP Percentage Mod: HP is shown in percentages\n|rule|Dynamax Clause: You cannot dynamax\n|clearpoke\n|poke|p1|Toxapex, F|\n|poke|p1|Umbreon, F|\n|poke|p1|Corviknight, F|\n|poke|p1|Hippowdon, M|\n|poke|p1|Dragapult, F|\n|poke|p1|Zapdos|\n|poke|p2|Rillaboom, F|\n|poke|p2|Bewear, F|\n|poke|p2|Gastrodon, F|\n|poke|p2|Heatran, F|\n|poke|p2|Gardevoir, F|\n|poke|p2|Tornadus-Therian, M|\n|teampreview\n|inactive|Battle timer is ON: inactive players will automatically lose when time's up. (requested by Scoots Mgee)\n|\n|t:|1666101976\n|start\n|switch|p1a: Dragapult|Dragapult, F|100\/100\n|switch|p2a: GRIP REAPER|Gardevoir, F, shiny|100\/100\n|-ability|p2a: GRIP REAPER|Clear Body|[from] ability: Trace|[of] p1a: Dragapult\n|turn|1\n|\n|t:|1666101988\n|move|p1a: Dragapult|U-turn|p2a: GRIP REAPER\n|-damage|p2a: GRIP REAPER|37\/100\n|\n|t:|1666101991\n|switch|p1a: Toxapex|Toxapex, F|100\/100|[from]move: U-turn\n|move|p2a: GRIP REAPER|Trick|p1a: Toxapex\n|-activate|p2a: GRIP REAPER|move: Trick|[of] p1a: Toxapex\n|-item|p1a: Toxapex|Choice Specs|[from] move: Trick\n|-item|p2a: GRIP REAPER|Black Sludge|[from] move: Trick\n|\n|-damage|p2a: GRIP REAPER|25\/100|[from] item: Black Sludge\n|upkeep\n|turn|2\n|\n|t:|1666102000\n|switch|p2a: LTJ BUKEM|Heatran, F|100\/100\n|switch|p1a: Umbreon|Umbreon, F|100\/100\n|\n|upkeep\n|turn|3\n|\n|t:|1666102004\n|switch|p1a: Hippowdon|Hippowdon, M|100\/100\n|-weather|Sandstorm|[from] ability: Sand Stream|[of] p1a: Hippowdon\n|move|p2a: LTJ BUKEM|Toxic|p1a: Hippowdon\n|-status|p1a: Hippowdon|tox\n|\n|-weather|Sandstorm|[upkeep]\n|-damage|p1a: Hippowdon|94\/100 tox|[from] psn\n|upkeep\n|turn|4\n|\n|t:|1666102012\n|switch|p2a: BIRD JONES|Tornadus-Therian, M|100\/100\n|move|p1a: Hippowdon|Stealth Rock|p2a: BIRD JONES\n|-sidestart|p2: I\u2661EgirlFartFumes|move: Stealth Rock\n|\n|-weather|Sandstorm|[upkeep]\n|-damage|p2a: BIRD JONES|94\/100|[from] Sandstorm\n|-heal|p1a: Hippowdon|100\/100 tox|[from] item: Leftovers\n|-damage|p1a: Hippowdon|88\/100 tox|[from] psn\n|upkeep\n|turn|5\n|\n|t:|1666102016\n|switch|p2a: LTJ BUKEM|Heatran, F|100\/100\n|-damage|p2a: LTJ BUKEM|88\/100|[from] Stealth Rock\n|move|p1a: Hippowdon|Toxic|p2a: LTJ BUKEM\n|-immune|p2a: LTJ BUKEM\n|\n|-weather|Sandstorm|[upkeep]\n|-heal|p2a: LTJ BUKEM|94\/100|[from] item: Leftovers\n|-heal|p1a: Hippowdon|94\/100 tox|[from] item: Leftovers\n|-damage|p1a: Hippowdon|76\/100 tox|[from] psn\n|upkeep\n|turn|6\n|\n|t:|1666102026\n|switch|p2a: BIRD JONES|Tornadus-Therian, M|100\/100\n|move|p1a: Hippowdon|Earthquake|p2a: BIRD JONES\n|-immune|p2a: BIRD JONES\n|\n|-weather|Sandstorm|[upkeep]\n|-damage|p2a: BIRD JONES|94\/100|[from] Sandstorm\n|-heal|p1a: Hippowdon|82\/100 tox|[from] item: Leftovers\n|-damage|p1a: Hippowdon|57\/100 tox|[from] psn\n|upkeep\n|turn|7\n|\n|t:|1666102031\n|switch|p1a: Corviknight|Corviknight, F|100\/100\n|-ability|p1a: Corviknight|Pressure\n|move|p2a: BIRD JONES|Defog|p1a: Corviknight\n|-unboost|p1a: Corviknight|evasion|1\n|-sideend|p2: I\u2661EgirlFartFumes|Stealth Rock|[from] move: Defog|[of] p2a: BIRD JONES\n|\n|-weather|none\n|upkeep\n|turn|8\n|\n|t:|1666102035\n|move|p2a: BIRD JONES|Heat Wave|p1a: Corviknight\n|-supereffective|p1a: Corviknight\n|-damage|p1a: Corviknight|39\/100\n|move|p1a: Corviknight|U-turn|p2a: BIRD JONES\n|-resisted|p2a: BIRD JONES\n|-damage|p2a: BIRD JONES|85\/100\n|\n|t:|1666102037\n|switch|p1a: Zapdos|Zapdos|100\/100|[from]move: U-turn\n|\n|upkeep\n|turn|9\n|\n|t:|1666102042\n|switch|p2a: DISEASE VECTOR|Gastrodon, F|100\/100\n|move|p1a: Zapdos|Hurricane|p2a: DISEASE VECTOR\n|-damage|p2a: DISEASE VECTOR|39\/100\n|\n|upkeep\n|turn|10\n|\n|t:|1666102047\n|switch|p2a: LTJ BUKEM|Heatran, F|94\/100\n|move|p1a: Zapdos|Hurricane|p2a: LTJ BUKEM|[miss]\n|-miss|p1a: Zapdos|p2a: LTJ BUKEM\n|\n|-heal|p2a: LTJ BUKEM|100\/100|[from] item: Leftovers\n|upkeep\n|turn|11\n|\n|t:|1666102053\n|switch|p1a: Toxapex|Toxapex, F|100\/100\n|move|p2a: LTJ BUKEM|Magma Storm|p1a: Toxapex\n|-resisted|p1a: Toxapex\n|-damage|p1a: Toxapex|87\/100\n|-activate|p1a: Toxapex|move: Magma Storm|[of] p2a: LTJ BUKEM\n|\n|-damage|p1a: Toxapex|74\/100|[from] move: Magma Storm|[partiallytrapped]\n|upkeep\n|turn|12\n|\n|t:|1666102058\n|move|p2a: LTJ BUKEM|Earth Power|p1a: Toxapex\n|-supereffective|p1a: Toxapex\n|-damage|p1a: Toxapex|40\/100\n|-unboost|p1a: Toxapex|spd|1\n|move|p1a: Toxapex|Knock Off|p2a: LTJ BUKEM\n|-damage|p2a: LTJ BUKEM|87\/100\n|-enditem|p2a: LTJ BUKEM|Leftovers|[from] move: Knock Off|[of] p1a: Toxapex\n|\n|-damage|p1a: Toxapex|28\/100|[from] move: Magma Storm|[partiallytrapped]\n|upkeep\n|turn|13\n|\n|t:|1666102062\n|move|p2a: LTJ BUKEM|Stealth Rock|p1a: Toxapex\n|-sidestart|p1: Scoots Mgee|move: Stealth Rock\n|move|p1a: Toxapex|Knock Off|p2a: LTJ BUKEM\n|-damage|p2a: LTJ BUKEM|79\/100\n|\n|-damage|p1a: Toxapex|16\/100|[from] move: Magma Storm|[partiallytrapped]\n|upkeep\n|turn|14\n|\n|t:|1666102068\n|move|p2a: LTJ BUKEM|Earth Power|p1a: Toxapex\n|-supereffective|p1a: Toxapex\n|-damage|p1a: Toxapex|0 fnt\n|faint|p1a: Toxapex\n|\n|upkeep\n|\n|t:|1666102074\n|switch|p1a: Zapdos|Zapdos|100\/100\n|-damage|p1a: Zapdos|76\/100|[from] Stealth Rock\n|turn|15\n|\n|t:|1666102079\n|switch|p2a: DISEASE VECTOR|Gastrodon, F|39\/100\n|move|p1a: Zapdos|Volt Switch|p2a: DISEASE VECTOR\n|-immune|p2a: DISEASE VECTOR\n|\n|upkeep\n|turn|16\n|-message|Scoots Mgee forfeited.\n|\n|win|I\u2661EgirlFartFumes\n|raw|Scoots Mgee's rating: 1544 &rarr; <strong>1521<\/strong><br \/>(-23 for losing)\n|raw|I\u2661EgirlFartFumes's rating: 1497 &rarr; <strong>1520<\/strong><br \/>(+23 for winning)\n|l|\u2606Scoots Mgee\n|c|\u2606I\u2661EgirlFartFumes|scoots\n||Ladder isn't responding, score probably updated but might not have (Request timeout).\n","uploadtime":1666102089,"views":10,"p1id":"scootsmgee","p2id":"iegirlfartfumes","formatid":"gen8ou","rating":1520,"private":0,"password":null}