{"id":"gen8oublitz-1245772497","p1":"ezwz","p2":"itzb","format":"gen8oublitz","log":"|inactive|Battle timer is ON: inactive players will automatically lose when time's up.\n|j|\u2606ezwz\n|j|\u2606itzb\n|t:|1608256494\n|player|p1|ezwz|youngster-gen4|\n|player|p2|itzb|steven-gen3|\n|teamsize|p1|6\n|teamsize|p2|6\n|gametype|singles\n|gen|8\n|tier|[Gen 8] OU (Blitz)\n|rated|Tournament battle\n|clearpoke\n|poke|p1|Hippowdon, F|\n|poke|p1|Excadrill, F|\n|poke|p1|Ferrothorn, M|\n|poke|p1|Toxapex, F|\n|poke|p1|Spectrier|\n|poke|p1|Mandibuzz, F|\n|poke|p2|Tapu Koko|\n|poke|p2|Magearna|\n|poke|p2|Urshifu-*, F|\n|poke|p2|Blaziken, M|\n|poke|p2|Landorus-Therian, M|\n|poke|p2|Latias, F|\n|rule|Sleep Clause Mod: Limit one foe put to sleep\n|rule|Species Clause: Limit one of each Pok\u00e9mon\n|rule|OHKO Clause: OHKO moves are banned\n|rule|Evasion Moves Clause: Evasion moves are banned\n|rule|Endless Battle Clause: Forcing endless battles is banned\n|rule|HP Percentage Mod: HP is shown in percentages\n|rule|Dynamax Clause: You cannot dynamax\n|rule|Blitz: Super-fast timer\n|teampreview\n|inactive|itzb also wants the timer to be on.\n|j| Charizardrizard\n|j| flawless creation\n|inactive|ezwz has 30 seconds left.\n|j| Temperance_PS\n|\n|t:|1608256510\n|start\n|switch|p1a: Spectrier|Spectrier|100\/100\n|switch|p2a: Tapu Koko|Tapu Koko|100\/100\n|-fieldstart|move: Electric Terrain|[from] ability: Electric Surge|[of] p2a: Tapu Koko\n|turn|1\n|inactive|itzb has 10 seconds left.\n|\n|t:|1608256517\n|switch|p1a: Hippowdon|Hippowdon, F|100\/100\n|-weather|Sandstorm|[from] ability: Sand Stream|[of] p1a: Hippowdon\n|move|p2a: Tapu Koko|Light Screen|p2a: Tapu Koko\n|-sidestart|p2: itzb|move: Light Screen\n|\n|-weather|Sandstorm|[upkeep]\n|-damage|p2a: Tapu Koko|94\/100|[from] Sandstorm\n|upkeep\n|turn|2\n|inactive|ezwz has 10 seconds left.\n|\n|t:|1608256523\n|move|p2a: Tapu Koko|Reflect|p2a: Tapu Koko\n|-sidestart|p2: itzb|Reflect\n|move|p1a: Hippowdon|Earthquake|p2a: Tapu Koko\n|-supereffective|p2a: Tapu Koko\n|-damage|p2a: Tapu Koko|51\/100\n|\n|-weather|Sandstorm|[upkeep]\n|-damage|p2a: Tapu Koko|45\/100|[from] Sandstorm\n|upkeep\n|turn|3\n|inactive|itzb has 10 seconds left.\n|\n|t:|1608256528\n|move|p2a: Tapu Koko|U-turn|p1a: Hippowdon\n|-damage|p1a: Hippowdon|88\/100\n|c| Temperance_PS|yo itzb this guy swept the last half of my team with spectrier\n|c| Temperance_PS|win\n|\n|t:|1608256531\n|switch|p2a: Magearna|Magearna|100\/100|[from]move: U-turn\n|move|p1a: Hippowdon|Toxic|p2a: Magearna|[miss]\n|-miss|p1a: Hippowdon|p2a: Magearna\n|\n|-weather|Sandstorm|[upkeep]\n|upkeep\n|turn|4\n|inactive|ezwz has 10 seconds left.\n|\n|t:|1608256537\n|move|p2a: Magearna|Shift Gear|p2a: Magearna\n|-boost|p2a: Magearna|spe|2\n|-boost|p2a: Magearna|atk|1\n|move|p1a: Hippowdon|Earthquake|p2a: Magearna\n|-supereffective|p2a: Magearna\n|-damage|p2a: Magearna|70\/100\n|-enditem|p2a: Magearna|Weakness Policy\n|-boost|p2a: Magearna|atk|2|[from] item: Weakness Policy\n|-boost|p2a: Magearna|spa|2|[from] item: Weakness Policy\n|\n|-weather|Sandstorm|[upkeep]\n|upkeep\n|turn|5\n|j|@Vrin\n|c|\u2606itzb|spec broken\n|c| Charizardrizard|oof\n|inactive|itzb has 10 seconds left.\n|c|\u2606itzb|mag is also broken\n|\n|t:|1608256543\n|move|p2a: Magearna|Calm Mind|p2a: Magearna\n|-boost|p2a: Magearna|spa|1\n|-boost|p2a: Magearna|spd|1\n|move|p1a: Hippowdon|Earthquake|p2a: Magearna\n|-supereffective|p2a: Magearna\n|-damage|p2a: Magearna|35\/100\n|\n|-weather|Sandstorm|[upkeep]\n|-fieldend|move: Electric Terrain\n|upkeep\n|turn|6\n|c| Temperance_PS|mag moment\n|j| elknightoscuro\n|c| Charizardrizard|oh no\n|inactive|ezwz has 10 seconds left.\n|c|\u2606itzb|magearna moment\n|\n|t:|1608256552\n|move|p2a: Magearna|Draining Kiss|p1a: Hippowdon\n|-damage|p1a: Hippowdon|37\/100\n|-heal|p2a: Magearna|79\/100|[from] drain|[of] p1a: Hippowdon\n|move|p1a: Hippowdon|Earthquake|p2a: Magearna\n|-supereffective|p2a: Magearna\n|-damage|p2a: Magearna|46\/100\n|\n|-weather|Sandstorm|[upkeep]\n|upkeep\n|turn|7\n|\n|t:|1608256555\n|move|p2a: Magearna|Draining Kiss|p1a: Hippowdon\n|-damage|p1a: Hippowdon|0 fnt\n|-heal|p2a: Magearna|79\/100|[from] drain|[of] p1a: Hippowdon\n|faint|p1a: Hippowdon\n|-ability|p2a: Magearna|Soul-Heart|boost\n|-boost|p2a: Magearna|spa|1\n|\n|-weather|Sandstorm|[upkeep]\n|upkeep\n|c| Charizardrizard|rip\n|c| elknightoscuro|ayee itab\n|\n|t:|1608256558\n|switch|p1a: Excadrill|Excadrill, F|100\/100\n|turn|8\n|c| Temperance_PS|slurp\n|\n|t:|1608256560\n|move|p1a: Excadrill|Earthquake|p2a: Magearna\n|-supereffective|p2a: Magearna\n|-damage|p2a: Magearna|33\/100\n|move|p2a: Magearna|Stored Power|p1a: Excadrill\n|-resisted|p1a: Excadrill\n|-damage|p1a: Excadrill|0 fnt\n|faint|p1a: Excadrill\n|-ability|p2a: Magearna|Soul-Heart|boost\n|-boost|p2a: Magearna|spa|1\n|\n|-weather|none\n|-sideend|p2: itzb|move: Light Screen\n|upkeep\n|c| elknightoscuro|itzb\n|c|\u2606itzb|uh\n|c| elknightoscuro|avenge me fam\n|j| capii\n|c| Charizardrizard|XD\n|inactive|ezwz has 10 seconds left.\n|c|\u2606itzb|this is quite tough\n|c| elknightoscuro|lmaoo\n|c| Charizardrizard|wow\n|c|\u2606ezwz|ye i didn't think about that\n|\n|t:|1608256568\n|switch|p1a: Ferrothorn|Ferrothorn, M|100\/100\n|turn|9\n|\n|t:|1608256570\n|move|p2a: Magearna|Draining Kiss|p1a: Ferrothorn\n|-resisted|p1a: Ferrothorn\n|-damage|p1a: Ferrothorn|60\/100\n|-heal|p2a: Magearna|62\/100|[from] drain|[of] p1a: Ferrothorn\n|-damage|p2a: Magearna|50\/100|[from] ability: Iron Barbs|[of] p1a: Ferrothorn\n|move|p1a: Ferrothorn|Leech Seed|p2a: Magearna|[miss]\n|-miss|p1a: Ferrothorn|p2a: Magearna\n|\n|-heal|p1a: Ferrothorn|67\/100|[from] item: Leftovers\n|-sideend|p2: itzb|Reflect\n|upkeep\n|turn|10\n|c|\u2606ezwz|lol gg\n|inactive|ezwz has 10 seconds left.\n|c|\u2606itzb|my b\n|c| Charizardrizard|Just like that?\n|-message|ezwz forfeited.\n|\n|win|itzb\n|n|\u2606ezwz|ezwz\n|n|\u2606itzb|itzb\n|n| Charizardrizard|charizardrizard\n|n| flawless creation|flawlesscreation\n|n| Temperance_PS|temperanceps\n|n|+Vrin|vrin\n|n| elknightoscuro|elknightoscuro\n|n| capii|capii\n|c|\u2606itzb|gg\n|l|\u2606ezwz\n|l|\u2606itzb\n|l| Temperance_PS\n|c| elknightoscuro|ayee\n|l|+Vrin\n|l| capii\n|c| Charizardrizard|lmao\n|c| Charizardrizard|wut\n|l| Charizardrizard\n|l| flawless creation\n|j| OUTB Ves03\n","uploadtime":1608256810,"views":217,"p1id":"ezwz","p2id":"itzb","formatid":"gen8oublitz","rating":0,"private":0,"password":null}