{"id":"gen8ou-1692081383","p1":"HarmonyHatterene37","p2":"HQSNonsense","format":"gen8ou","log":"|html|<div class=\"broadcast-blue\"><strong>[Gen 8] OU is currently suspecting Melmetal! For information on how to participate check out the <a href=\"https:\/\/www.smogon.com\/forums\/threads\/np-ss-ou-suspect-process-round-12-monster-mash.3709234\/\">suspect thread<\/a>.<\/strong><\/div>\n|j|\u2606HarmonyHatterene37\n|j|\u2606HQSNonsense\n|t:|1666450079\n|gametype|singles\n|player|p1|HarmonyHatterene37|170|1629\n|player|p2|HQSNonsense|veteranf|1718\n|teamsize|p1|6\n|teamsize|p2|6\n|gen|8\n|tier|[Gen 8] OU\n|rated|\n|rule|Sleep Clause Mod: Limit one foe put to sleep\n|rule|Species Clause: Limit one of each Pok\u00e9mon\n|rule|OHKO Clause: OHKO moves are banned\n|rule|Evasion Items Clause: Evasion items are banned\n|rule|Evasion Moves Clause: Evasion moves are banned\n|rule|Endless Battle Clause: Forcing endless battles is banned\n|rule|HP Percentage Mod: HP is shown in percentages\n|rule|Dynamax Clause: You cannot dynamax\n|clearpoke\n|poke|p1|Hatterene, F|\n|poke|p1|Melmetal|\n|poke|p1|Crawdaunt, F|\n|poke|p1|Marowak-Alola, M|\n|poke|p1|Porygon2|\n|poke|p1|Cresselia, F|\n|poke|p2|Blacephalon|\n|poke|p2|Tornadus-Therian, M|\n|poke|p2|Ferrothorn, F|\n|poke|p2|Landorus-Therian, M|\n|poke|p2|Tapu Fini|\n|poke|p2|Weavile, M|\n|teampreview\n|inactive|Battle timer is ON: inactive players will automatically lose when time's up. (requested by HarmonyHatterene37)\n|j| pocus pocus\n|\n|t:|1666450092\n|start\n|switch|p1a: Hatterene|Hatterene, F|100\/100\n|switch|p2a: Weavile|Weavile, M|100\/100\n|turn|1\n|\n|t:|1666450098\n|move|p2a: Weavile|Triple Axel|p1a: Hatterene|[miss]\n|-miss|p2a: Weavile|p1a: Hatterene\n|move|p1a: Hatterene|Trick Room|p1a: Hatterene\n|-fieldstart|move: Trick Room|[of] p1a: Hatterene\n|\n|upkeep\n|turn|2\n|\n|t:|1666450107\n|switch|p2a: Landorus|Landorus-Therian, M|100\/100\n|-ability|p2a: Landorus|Intimidate|boost\n|-unboost|p1a: Hatterene|atk|1\n|move|p1a: Hatterene|Mystical Fire|p2a: Landorus\n|-damage|p2a: Landorus|79\/100\n|-unboost|p2a: Landorus|spa|1\n|\n|-heal|p2a: Landorus|85\/100|[from] item: Leftovers\n|upkeep\n|turn|3\n|\n|t:|1666450115\n|move|p1a: Hatterene|Misty Explosion|p2a: Landorus\n|-damage|p2a: Landorus|40\/100\n|faint|p1a: Hatterene\n|move|p2a: Landorus|U-turn|p1: Hatterene|[notarget]\n|-fail|p2a: Landorus\n|\n|-heal|p2a: Landorus|46\/100|[from] item: Leftovers\n|upkeep\n|j| bizzacold\n|j| Roy543\n|\n|t:|1666450122\n|switch|p1a: Marowak|Marowak-Alola, M|100\/100\n|turn|4\n|\n|t:|1666450142\n|switch|p2a: Tapu Fini|Tapu Fini|100\/100\n|-fieldstart|move: Misty Terrain|[from] ability: Misty Surge|[of] p2a: Tapu Fini\n|move|p1a: Marowak|Poltergeist|p2a: Tapu Fini\n|-activate|p2a: Tapu Fini|move: Poltergeist|Choice Scarf\n|-damage|p2a: Tapu Fini|0 fnt\n|faint|p2a: Tapu Fini\n|\n|upkeep\n|inactive|HQSNonsense has 120 seconds left.\n|\n|t:|1666450165\n|switch|p2a: Landorus|Landorus-Therian, M|46\/100\n|-ability|p2a: Landorus|Intimidate|boost\n|-unboost|p1a: Marowak|atk|1\n|turn|5\n|inactive|HQSNonsense has 120 seconds left.\n|\n|t:|1666450184\n|move|p1a: Marowak|Flare Blitz|p2a: Landorus\n|-damage|p2a: Landorus|0 fnt\n|faint|p2a: Landorus\n|\n|-fieldend|move: Trick Room\n|upkeep\n|\n|t:|1666450194\n|switch|p2a: Blacephalon|Blacephalon|100\/100\n|turn|6\n|\n|t:|1666450198\n|switch|p1a: Porygon2|Porygon2|100\/100\n|-ability|p1a: Porygon2|Beast Boost|[from] ability: Trace|[of] p2a: Blacephalon\n|move|p2a: Blacephalon|Trick|p1a: Porygon2\n|-activate|p2a: Blacephalon|move: Trick|[of] p1a: Porygon2\n|-item|p1a: Porygon2|Choice Specs|[from] move: Trick\n|-item|p2a: Blacephalon|Eviolite|[from] move: Trick\n|\n|upkeep\n|turn|7\n|\n|t:|1666450208\n|move|p2a: Blacephalon|Flamethrower|p1a: Porygon2\n|-damage|p1a: Porygon2|52\/100\n|move|p1a: Porygon2|Trick Room|p1a: Porygon2\n|-fieldstart|move: Trick Room|[of] p1a: Porygon2\n|\n|upkeep\n|turn|8\n|\n|t:|1666450215\n|switch|p1a: Crawdaunt|Crawdaunt, F|100\/100\n|move|p2a: Blacephalon|Overheat|p1a: Crawdaunt\n|-resisted|p1a: Crawdaunt\n|-damage|p1a: Crawdaunt|39\/100\n|-unboost|p2a: Blacephalon|spa|2\n|\n|-fieldend|Misty Terrain\n|upkeep\n|turn|9\n|\n|t:|1666450224\n|switch|p2a: Ferrothorn|Ferrothorn, F|100\/100\n|move|p1a: Crawdaunt|Swords Dance|p1a: Crawdaunt\n|-boost|p1a: Crawdaunt|atk|2\n|\n|upkeep\n|turn|10\n|\n|t:|1666450236\n|move|p2a: Ferrothorn|Body Press|p1a: Crawdaunt\n|-supereffective|p1a: Crawdaunt\n|-damage|p1a: Crawdaunt|0 fnt\n|faint|p1a: Crawdaunt\n|\n|upkeep\n|\n|t:|1666450241\n|switch|p1a: Marowak|Marowak-Alola, M|100\/100\n|turn|11\n|\n|t:|1666450254\n|switch|p2a: Tornadus|Tornadus-Therian, M|100\/100\n|move|p1a: Marowak|Poltergeist|p2a: Tornadus\n|-activate|p2a: Tornadus|move: Poltergeist|Heavy-Duty Boots\n|-damage|p2a: Tornadus|0 fnt\n|faint|p2a: Tornadus\n|\n|-fieldend|move: Trick Room\n|upkeep\n|\n|t:|1666450259\n|switch|p2a: Blacephalon|Blacephalon|100\/100\n|turn|12\n|\n|t:|1666450263\n|switch|p1a: Cresselia|Cresselia, F|100\/100\n|move|p2a: Blacephalon|Shadow Ball|p1a: Cresselia\n|-supereffective|p1a: Cresselia\n|-damage|p1a: Cresselia|46\/100\n|\n|upkeep\n|turn|13\n|\n|t:|1666450269\n|move|p2a: Blacephalon|Shadow Ball|p1a: Cresselia\n|-supereffective|p1a: Cresselia\n|-damage|p1a: Cresselia|0 fnt\n|faint|p1a: Cresselia\n|-ability|p2a: Blacephalon|Beast Boost|boost\n|-boost|p2a: Blacephalon|spa|1\n|\n|upkeep\n|\n|t:|1666450272\n|switch|p1a: Porygon2|Porygon2|52\/100\n|-ability|p1a: Porygon2|Beast Boost|[from] ability: Trace|[of] p2a: Blacephalon\n|turn|14\n|\n|t:|1666450276\n|move|p2a: Blacephalon|Flamethrower|p1a: Porygon2\n|-damage|p1a: Porygon2|0 fnt\n|faint|p1a: Porygon2\n|-ability|p2a: Blacephalon|Beast Boost|boost\n|-boost|p2a: Blacephalon|spa|1\n|\n|upkeep\n|\n|t:|1666450281\n|switch|p1a: Melmetal|Melmetal|100\/100\n|turn|15\n|\n|t:|1666450284\n|move|p2a: Blacephalon|Flamethrower|p1a: Melmetal\n|-supereffective|p1a: Melmetal\n|-damage|p1a: Melmetal|0 fnt\n|faint|p1a: Melmetal\n|-ability|p2a: Blacephalon|Beast Boost|boost\n|-boost|p2a: Blacephalon|spa|1\n|\n|upkeep\n|\n|t:|1666450287\n|switch|p1a: Marowak|Marowak-Alola, M|100\/100\n|turn|16\n|l| pocus pocus\n|\n|t:|1666450289\n|move|p2a: Blacephalon|Shadow Ball|p1a: Marowak\n|-supereffective|p1a: Marowak\n|-damage|p1a: Marowak|0 fnt\n|faint|p1a: Marowak\n|\n|win|HQSNonsense\n|raw|HarmonyHatterene37's rating: 1629 &rarr; <strong>1614<\/strong><br \/>(-15 for losing)\n|raw|HQSNonsense's rating: 1718 &rarr; <strong>1733<\/strong><br \/>(+15 for winning)\n|l|\u2606HarmonyHatterene37\n|l| bizzacold\n||Ladder isn't responding, score probably updated but might not have (Request timeout).\n","uploadtime":1666450350,"views":6,"p1id":"harmonyhatterene37","p2id":"hqsnonsense","formatid":"gen8ou","rating":1614,"private":0,"password":null}