{"id":"gen8ou-1052201562","p1":"the fork of life","p2":"Burnt Bright","format":"gen8ou","log":"|j|\u2606the fork of life\n|j|\u2606Burnt Bright\n|player|p1|the fork of life|scientist-gen4|1500\n|player|p2|Burnt Bright|226|1549\n|teamsize|p1|6\n|teamsize|p2|6\n|gametype|singles\n|gen|8\n|tier|[Gen 8] OU\n|rated|\n|clearpoke\n|poke|p1|Mew|\n|poke|p1|Grimmsnarl, M|\n|poke|p1|Hydreigon, M|\n|poke|p1|Excadrill, F|\n|poke|p1|Hawlucha, F|\n|poke|p1|Polteageist|\n|poke|p2|Morpeko, F|\n|poke|p2|Corviknight, M|\n|poke|p2|Gengar, M|\n|poke|p2|Ditto|\n|poke|p2|Grimmsnarl, M|\n|poke|p2|Froslass, F|\n|rule|Sleep Clause Mod: Limit one foe put to sleep\n|rule|Species Clause: Limit one of each Pok\u00e9mon\n|rule|OHKO Clause: OHKO moves are banned\n|rule|Evasion Moves Clause: Evasion moves are banned\n|rule|Endless Battle Clause: Forcing endless battles is banned\n|rule|HP Percentage Mod: HP is shown in percentages\n|rule|Dynamax Clause: You cannot dynamax\n|teampreview\n|inactive|Battle timer is ON: inactive players will automatically lose when time's up. (requested by the fork of life)\n|\n|start\n|switch|p1a: Grimmsnarl|Grimmsnarl, M|100\/100\n|switch|p2a: Froslass|Froslass, F|100\/100\n|turn|1\n|\n|move|p1a: Grimmsnarl|Taunt|p2a: Froslass\n|-start|p2a: Froslass|move: Taunt\n|cant|p2a: Froslass|move: Taunt|Taunt\n|\n|upkeep\n|turn|2\n|inactive|Burnt Bright has 120 seconds left.\n|\n|switch|p2a: Gengar|Gengar, M|100\/100\n|move|p1a: Grimmsnarl|Light Screen|p1a: Grimmsnarl\n|-sidestart|p1: the fork of life|move: Light Screen\n|\n|upkeep\n|turn|3\n|\n|move|p2a: Gengar|Sludge Wave|p1a: Grimmsnarl\n|-supereffective|p1a: Grimmsnarl\n|-damage|p1a: Grimmsnarl|53\/100\n|move|p1a: Grimmsnarl|Spirit Break|p2a: Gengar\n|-resisted|p2a: Gengar\n|-damage|p2a: Gengar|70\/100\n|-unboost|p2a: Gengar|spa|1\n|\n|-heal|p2a: Gengar|76\/100|[from] item: Black Sludge\n|upkeep\n|turn|4\n|\n|move|p1a: Grimmsnarl|Reflect|p1a: Grimmsnarl\n|-sidestart|p1: the fork of life|Reflect\n|move|p2a: Gengar|Nasty Plot|p2a: Gengar\n|-boost|p2a: Gengar|spa|2\n|\n|-heal|p2a: Gengar|82\/100|[from] item: Black Sludge\n|upkeep\n|turn|5\n|\n|switch|p1a: Mew|Mew|100\/100\n|move|p2a: Gengar|Shadow Ball|p1a: Mew\n|-supereffective|p1a: Mew\n|-damage|p1a: Mew|47\/100\n|-enditem|p1a: Mew|Red Card|[of] p2a: Gengar\n|drag|p2a: Ditto|Ditto|100\/100\n|-transform|p2a: Ditto|p1a: Mew|[from] ability: Imposter\n|\n|upkeep\n|turn|6\n|\n|switch|p1a: Hawlucha|Hawlucha, F|100\/100\n|move|p2a: Ditto|Stealth Rock|p1a: Hawlucha\n|-sidestart|p1: the fork of life|move: Stealth Rock\n|\n|upkeep\n|turn|7\n|\n|switch|p2a: Corviknight|Corviknight, M|100\/100\n|-ability|p2a: Corviknight|Pressure\n|move|p1a: Hawlucha|Swords Dance|p1a: Hawlucha\n|-boost|p1a: Hawlucha|atk|2\n|\n|upkeep\n|turn|8\n|\n|move|p1a: Hawlucha|Swords Dance|p1a: Hawlucha\n|-boost|p1a: Hawlucha|atk|2\n|move|p2a: Corviknight|Brave Bird|p1a: Hawlucha\n|-supereffective|p1a: Hawlucha\n|-damage|p1a: Hawlucha|44\/100\n|-damage|p2a: Corviknight|87\/100|[from] Recoil\n|\n|-heal|p2a: Corviknight|93\/100|[from] item: Leftovers\n|upkeep\n|turn|9\n|\n|switch|p2a: Morpeko|Morpeko, F|100\/100\n|move|p1a: Hawlucha|Close Combat|p2a: Morpeko\n|-supereffective|p2a: Morpeko\n|-damage|p2a: Morpeko|0 fnt\n|-unboost|p1a: Hawlucha|def|1\n|-unboost|p1a: Hawlucha|spd|1\n|-enditem|p1a: Hawlucha|White Herb\n|-clearnegativeboost|p1a: Hawlucha|[silent]\n|faint|p2a: Morpeko\n|\n|-sideend|p1: the fork of life|move: Light Screen\n|upkeep\n|\n|switch|p2a: Froslass|Froslass, F|100\/100\n|turn|10\n|\n|move|p1a: Hawlucha|Stone Edge|p2a: Froslass\n|-supereffective|p2a: Froslass\n|-enditem|p2a: Froslass|Focus Sash\n|-damage|p2a: Froslass|1\/100\n|move|p2a: Froslass|Thunder Wave|p1a: Hawlucha\n|-status|p1a: Hawlucha|par\n|\n|upkeep\n|turn|11\n|\n|switch|p1a: Mew|Mew|47\/100\n|-damage|p1a: Mew|35\/100|[from] Stealth Rock\n|move|p2a: Froslass|Spikes|p1a: Mew\n|-sidestart|p1: the fork of life|Spikes\n|\n|-sideend|p1: the fork of life|Reflect\n|upkeep\n|turn|12\n|\n|move|p2a: Froslass|Taunt|p1a: Mew\n|-start|p1a: Mew|move: Taunt\n|cant|p1a: Mew|move: Taunt|Taunt\n|\n|upkeep\n|turn|13\n|\n|switch|p1a: Excadrill|Excadrill, F|100\/100\n|-damage|p1a: Excadrill|97\/100|[from] Stealth Rock\n|-damage|p1a: Excadrill|85\/100|[from] Spikes\n|-ability|p1a: Excadrill|Mold Breaker\n|move|p2a: Froslass|Spikes|p1a: Excadrill\n|-sidestart|p1: the fork of life|Spikes\n|\n|upkeep\n|turn|14\n|\n|move|p2a: Froslass|Shadow Ball|p1a: Excadrill\n|-damage|p1a: Excadrill|47\/100\n|-unboost|p1a: Excadrill|spd|1\n|move|p1a: Excadrill|Swords Dance|p1a: Excadrill\n|-boost|p1a: Excadrill|atk|2\n|\n|upkeep\n|turn|15\n|\n|move|p2a: Froslass|Shadow Ball|p1a: Excadrill\n|-damage|p1a: Excadrill|0 fnt\n|faint|p1a: Excadrill\n|\n|upkeep\n|\n|switch|p1a: Grimmsnarl|Grimmsnarl, M|53\/100\n|-damage|p1a: Grimmsnarl|41\/100|[from] Stealth Rock\n|-damage|p1a: Grimmsnarl|24\/100|[from] Spikes\n|turn|16\n|\n|move|p1a: Grimmsnarl|Light Screen|p1a: Grimmsnarl\n|-sidestart|p1: the fork of life|move: Light Screen\n|move|p2a: Froslass|Spikes|p1a: Grimmsnarl\n|-sidestart|p1: the fork of life|Spikes\n|\n|upkeep\n|turn|17\n|\n|move|p2a: Froslass|Shadow Ball|p1a: Grimmsnarl\n|-resisted|p1a: Grimmsnarl\n|-crit|p1a: Grimmsnarl\n|-damage|p1a: Grimmsnarl|2\/100\n|move|p1a: Grimmsnarl|Spirit Break|p2a: Froslass\n|-damage|p2a: Froslass|0 fnt\n|faint|p2a: Froslass\n|\n|upkeep\n|\n|switch|p2a: Grimmsnarl|Grimmsnarl, M|100\/100\n|turn|18\n|\n|move|p1a: Grimmsnarl|Taunt|p2a: Grimmsnarl\n|-hint|Since gen 7, Dark is immune to Prankster moves.\n|-immune|p2a: Grimmsnarl\n|move|p2a: Grimmsnarl|Spirit Break|p1a: Grimmsnarl\n|-supereffective|p1a: Grimmsnarl\n|-damage|p1a: Grimmsnarl|0 fnt\n|faint|p1a: Grimmsnarl\n|\n|upkeep\n|\n|switch|p1a: Polteageist|Polteageist|100\/100\n|-damage|p1a: Polteageist|88\/100|[from] Stealth Rock\n|-damage|p1a: Polteageist|63\/100|[from] Spikes\n|turn|19\n|\n|move|p1a: Polteageist|Shell Smash|p1a: Polteageist\n|-unboost|p1a: Polteageist|def|1\n|-unboost|p1a: Polteageist|spd|1\n|-boost|p1a: Polteageist|atk|2\n|-boost|p1a: Polteageist|spa|2\n|-boost|p1a: Polteageist|spe|2\n|-enditem|p1a: Polteageist|White Herb\n|-clearnegativeboost|p1a: Polteageist|[silent]\n|move|p2a: Grimmsnarl|Darkest Lariat|p1a: Polteageist\n|-supereffective|p1a: Polteageist\n|-damage|p1a: Polteageist|0 fnt\n|faint|p1a: Polteageist\n|\n|upkeep\n|-message|the fork of life forfeited.\n|\n|win|Burnt Bright\n|l|\u2606the fork of life\n|raw|the fork of life's rating: 1480 &rarr; <strong>1464<\/strong><br \/>(-16 for losing)\n|raw|Burnt Bright's rating: 1549 &rarr; <strong>1565<\/strong><br \/>(+16 for winning)\n","uploadtime":1579908814,"views":20,"p1id":"theforkoflife","p2id":"burntbright","formatid":"gen8ou","rating":1464,"private":0,"password":null}