{"id":"gen8lc-1632900864","p1":"Laroxyl","p2":"xavgb","format":"gen8lc","log":"|j|\u2606Laroxyl\n|j|\u2606xavgb\n|t:|1659714275\n|gametype|singles\n|player|p1|Laroxyl|#scl1spartans|\n|player|p2|xavgb|169|\n|teamsize|p1|6\n|teamsize|p2|6\n|gen|8\n|tier|[Gen 8] LC\n|rule|Sleep Clause Mod: Limit one foe put to sleep\n|rule|Species Clause: Limit one of each Pok\u00e9mon\n|rule|OHKO Clause: OHKO moves are banned\n|rule|Evasion Items Clause: Evasion items are banned\n|rule|Evasion Moves Clause: Evasion moves are banned\n|rule|Endless Battle Clause: Forcing endless battles is banned\n|rule|HP Percentage Mod: HP is shown in percentages\n|rule|Dynamax Clause: You cannot dynamax\n|clearpoke\n|poke|p1|Pawniard, L5, M|\n|poke|p1|Natu, L5, M|\n|poke|p1|Magby, L5, M|\n|poke|p1|Grookey, L5, F|\n|poke|p1|Tyrunt, L5, M|\n|poke|p1|Mienfoo, L5, F|\n|poke|p2|Pawniard, L5, M|\n|poke|p2|Mienfoo, L5, F|\n|poke|p2|Grookey, L5, M|\n|poke|p2|Koffing, L5, F|\n|poke|p2|Natu, L5, F|\n|poke|p2|Magby, L5, F|\n|teampreview\n|j| KSG\n|j| PyProd.\n|inactive|Battle timer is ON: inactive players will automatically lose when time's up. (requested by Laroxyl)\n|\n|t:|1659714328\n|start\n|switch|p1a: Pawniard|Pawniard, L5, M|100\/100\n|switch|p2a: Pawniard|Pawniard, L5, M|100\/100\n|turn|1\n|\n|t:|1659714340\n|move|p2a: Pawniard|Stealth Rock|p1a: Pawniard\n|-sidestart|p1: Laroxyl|move: Stealth Rock\n|move|p1a: Pawniard|Rock Polish|p1a: Pawniard\n|-boost|p1a: Pawniard|spe|2\n|\n|upkeep\n|turn|2\n|\n|t:|1659714353\n|move|p1a: Pawniard|Stealth Rock|p2a: Pawniard\n|-sidestart|p2: xavgb|move: Stealth Rock\n|move|p2a: Pawniard|Knock Off|p1a: Pawniard\n|-resisted|p1a: Pawniard\n|-crit|p1a: Pawniard\n|-damage|p1a: Pawniard|48\/100\n|-enditem|p1a: Pawniard|Focus Sash|[from] move: Knock Off|[of] p2a: Pawniard\n|\n|upkeep\n|turn|3\n|j| lol haha i am bad\n|inactive|xavgb has 270 seconds left.\n|inactive|xavgb has 240 seconds left.\n|\n|t:|1659714426\n|move|p1a: Pawniard|Knock Off|p2a: Pawniard\n|-resisted|p2a: Pawniard\n|-damage|p2a: Pawniard|58\/100\n|-enditem|p2a: Pawniard|Focus Sash|[from] move: Knock Off|[of] p1a: Pawniard\n|move|p2a: Pawniard|Iron Head|p1a: Pawniard\n|-resisted|p1a: Pawniard\n|-damage|p1a: Pawniard|15\/100\n|\n|upkeep\n|turn|4\n|\n|t:|1659714440\n|move|p1a: Pawniard|Knock Off|p2a: Pawniard\n|-resisted|p2a: Pawniard\n|-damage|p2a: Pawniard|29\/100\n|move|p2a: Pawniard|Knock Off|p1a: Pawniard\n|-resisted|p1a: Pawniard\n|-damage|p1a: Pawniard|0 fnt\n|faint|p1a: Pawniard\n|\n|upkeep\n|inactive|Laroxyl has 270 seconds left.\n|inactive|Laroxyl has 240 seconds left.\n|inactive|Laroxyl has 210 seconds left.\n|inactive|Laroxyl has 180 seconds left.\n|\n|t:|1659714561\n|switch|p1a: Mienfoo|Mienfoo, L5, F|100\/100\n|-damage|p1a: Mienfoo|96\/100|[from] Stealth Rock\n|turn|5\n|inactive|Laroxyl has 180 seconds left.\n|inactive|xavgb has 240 seconds left.\n|inactive|Laroxyl has 150 seconds left.\n|inactive|Laroxyl has 120 seconds left.\n|\n|t:|1659714628\n|move|p1a: Mienfoo|Substitute|p1a: Mienfoo\n|-start|p1a: Mienfoo|Substitute\n|-damage|p1a: Mienfoo|72\/100\n|move|p2a: Pawniard|Knock Off|p1a: Mienfoo\n|-resisted|p1a: Mienfoo\n|-crit|p1a: Mienfoo\n|-end|p1a: Mienfoo|Substitute\n|\n|upkeep\n|turn|6\n|inactive|Laroxyl has 120 seconds left.\n|inactive|xavgb has 210 seconds left.\n|\n|t:|1659714656\n|move|p1a: Mienfoo|Substitute|p1a: Mienfoo\n|-start|p1a: Mienfoo|Substitute\n|-damage|p1a: Mienfoo|48\/100\n|-enditem|p1a: Mienfoo|Berry Juice\n|-heal|p1a: Mienfoo|100\/100|[from] item: Berry Juice\n|move|p2a: Pawniard|Iron Head|p1a: Mienfoo\n|-end|p1a: Mienfoo|Substitute\n|\n|upkeep\n|turn|7\n|inactive|xavgb has 210 seconds left.\n|inactive|Laroxyl has 90 seconds left.\n|\n|t:|1659714686\n|move|p1a: Mienfoo|High Jump Kick|p2a: Pawniard\n|-supereffective|p2a: Pawniard\n|-damage|p2a: Pawniard|0 fnt\n|faint|p2a: Pawniard\n|\n|upkeep\n|j| Hotaru Tenshi\n|inactive|xavgb has 180 seconds left.\n|inactive|xavgb has 150 seconds left.\n|\n|t:|1659714760\n|switch|p2a: Koffing|Koffing, L5, F|100\/100\n|-ability|p2a: Koffing|Neutralizing Gas\n|-damage|p2a: Koffing|90\/100|[from] Stealth Rock\n|turn|8\n|inactive|Laroxyl has 90 seconds left.\n|\n|t:|1659714795\n|move|p1a: Mienfoo|Swords Dance|p1a: Mienfoo\n|-boost|p1a: Mienfoo|atk|2\n|move|p2a: Koffing|Sludge Bomb|p1a: Mienfoo\n|-damage|p1a: Mienfoo|39\/100\n|\n|upkeep\n|turn|9\n|\n|t:|1659714807\n|move|p1a: Mienfoo|Acrobatics|p2a: Koffing\n|-damage|p2a: Koffing|25\/100\n|move|p2a: Koffing|Sludge Bomb|p1a: Mienfoo\n|-damage|p1a: Mienfoo|0 fnt\n|faint|p1a: Mienfoo\n|\n|upkeep\n|inactive|Laroxyl has 60 seconds left.\n|\n|t:|1659714845\n|switch|p1a: Natu|Natu, L5, M|100\/100\n|-damage|p1a: Natu|75\/100|[from] Stealth Rock\n|turn|10\n|l| KSG\n|l| lol haha i am bad\n|inactive|Laroxyl has 30 seconds left.\n|\n|t:|1659714873\n|-end|p2a: Koffing|ability: Neutralizing Gas\n|switch|p2a: Natu|Natu, L5, F|100\/100\n|-damage|p2a: Natu|75\/100|[from] Stealth Rock\n|move|p1a: Natu|Light Screen|p1a: Natu\n|-sidestart|p1: Laroxyl|move: Light Screen\n|\n|upkeep\n|turn|11\n|\n|t:|1659714879\n|move|p2a: Natu|Reflect|p2a: Natu\n|-sidestart|p2: xavgb|Reflect\n|move|p1a: Natu|Reflect|p1a: Natu\n|-sidestart|p1: Laroxyl|Reflect\n|\n|upkeep\n|turn|12\n|j| Drehjj68\n|inactive|xavgb has 150 seconds left.\n|inactive|xavgb has 120 seconds left.\n|\n|t:|1659714938\n|move|p2a: Natu|Teleport|p2a: Natu\n|\n|t:|1659714950\n|switch|p2a: Koffing|Koffing, L5, F|25\/100|[from]move: Teleport\n|-ability|p2a: Koffing|Neutralizing Gas\n|-damage|p2a: Koffing|15\/100|[from] Stealth Rock\n|move|p1a: Natu|Teleport|p1a: Natu\n|\n|t:|1659714968\n|switch|p1a: Magby|Magby, L5, M|100\/100|[from]move: Teleport\n|-damage|p1a: Magby|75\/100|[from] Stealth Rock\n|\n|upkeep\n|turn|13\n|inactive|xavgb has 120 seconds left.\n|inactive|xavgb has 90 seconds left.\n|\n|t:|1659715007\n|move|p1a: Magby|Belly Drum|p1a: Magby\n|-damage|p1a: Magby|25\/100\n|-setboost|p1a: Magby|atk|6|[from] move: Belly Drum\n|-enditem|p1a: Magby|Berry Juice\n|-heal|p1a: Magby|100\/100|[from] item: Berry Juice\n|move|p2a: Koffing|Sludge Bomb|p1a: Magby\n|-damage|p1a: Magby|70\/100\n|-status|p1a: Magby|psn\n|\n|-damage|p1a: Magby|60\/100 psn|[from] psn\n|upkeep\n|turn|14\n|inactive|xavgb has 90 seconds left.\n|\n|t:|1659715029\n|move|p1a: Magby|Fire Punch|p2a: Koffing\n|-damage|p2a: Koffing|0 fnt\n|faint|p2a: Koffing\n|-end|p2a: Koffing|ability: Neutralizing Gas\n|\n|-damage|p1a: Magby|50\/100 psn|[from] psn\n|upkeep\n|\n|t:|1659715038\n|switch|p2a: Mienfoo|Mienfoo, L5, F|100\/100\n|-damage|p2a: Mienfoo|96\/100|[from] Stealth Rock\n|turn|15\n|\n|t:|1659715042\n|move|p1a: Magby|Fire Punch|p2a: Mienfoo\n|-damage|p2a: Mienfoo|24\/100\n|move|p2a: Mienfoo|Drain Punch|p1a: Magby\n|-damage|p1a: Magby|15\/100 psn\n|-heal|p2a: Mienfoo|43\/100|[from] drain|[of] p1a: Magby\n|\n|-damage|p1a: Magby|5\/100 psn|[from] psn\n|upkeep\n|turn|16\n|inactive|xavgb has 90 seconds left.\n|inactive|xavgb has 60 seconds left.\n|\n|t:|1659715086\n|move|p1a: Magby|Fire Punch|p2a: Mienfoo\n|-damage|p2a: Mienfoo|0 fnt\n|faint|p2a: Mienfoo\n|\n|-damage|p1a: Magby|0 fnt|[from] psn\n|faint|p1a: Magby\n|upkeep\n|inactive|xavgb has 60 seconds left.\n|inactive|Laroxyl has 60 seconds left.\n|\n|t:|1659715122\n|switch|p1a: Natu|Natu, L5, M|75\/100\n|switch|p2a: Grookey|Grookey, L5, M|100\/100\n|-damage|p1a: Natu|50\/100|[from] Stealth Rock\n|-damage|p2a: Grookey|91\/100|[from] Stealth Rock\n|-fieldstart|move: Grassy Terrain|[from] ability: Grassy Surge|[of] p2a: Grookey\n|-enditem|p2a: Grookey|Grassy Seed\n|-boost|p2a: Grookey|def|1|[from] item: Grassy Seed\n|turn|17\n|inactive|xavgb has 60 seconds left.\n|\n|t:|1659715131\n|move|p2a: Grookey|Swords Dance|p2a: Grookey\n|-boost|p2a: Grookey|atk|2\n|move|p1a: Natu|Thunder Wave|p2a: Grookey\n|-status|p2a: Grookey|par\n|\n|-heal|p2a: Grookey|96\/100 par|[from] Grassy Terrain\n|-sideend|p1: Laroxyl|move: Light Screen\n|upkeep\n|turn|18\n|inactive|xavgb has 60 seconds left.\n|inactive|xavgb has 30 seconds left.\n|\n|t:|1659715180\n|move|p2a: Grookey|Swords Dance|p2a: Grookey\n|-boost|p2a: Grookey|atk|2\n|move|p1a: Natu|Teleport|p1a: Natu\n|inactive|xavgb has 30 seconds left this turn.\n|\n|t:|1659715192\n|switch|p1a: Grookey|Grookey, L5, F|100\/100|[from]move: Teleport\n|-damage|p1a: Grookey|91\/100|[from] Stealth Rock\n|-enditem|p1a: Grookey|Grassy Seed\n|-boost|p1a: Grookey|def|1|[from] item: Grassy Seed\n|\n|-heal|p1a: Grookey|96\/100|[from] Grassy Terrain\n|-heal|p2a: Grookey|100\/100 par|[from] Grassy Terrain\n|-sideend|p2: xavgb|Reflect\n|-sideend|p1: Laroxyl|Reflect\n|upkeep\n|turn|19\n|inactive|Laroxyl has 30 seconds left.\n|inactive|Laroxyl has 20 seconds left.\n|inactive|Laroxyl has 15 seconds left.\n|\n|t:|1659715234\n|move|p1a: Grookey|Acrobatics|p2a: Grookey\n|-supereffective|p2a: Grookey\n|-damage|p2a: Grookey|24\/100 par\n|move|p2a: Grookey|Acrobatics|p1a: Grookey\n|-supereffective|p1a: Grookey\n|-damage|p1a: Grookey|0 fnt\n|faint|p1a: Grookey\n|\n|-heal|p2a: Grookey|29\/100 par|[from] Grassy Terrain\n|upkeep\n|inactive|Laroxyl has 20 seconds left this turn.\n|inactive|Laroxyl has 15 seconds left.\n|inactive|Laroxyl has 10 seconds left.\n|\n|t:|1659715247\n|switch|p1a: Natu|Natu, L5, M|50\/100\n|-damage|p1a: Natu|25\/100|[from] Stealth Rock\n|turn|20\n|inactive|Laroxyl has 20 seconds left this turn.\n|l| Drehjj68\n|inactive|xavgb has 30 seconds left.\n|inactive|xavgb has 20 seconds left.\n|inactive|xavgb has 15 seconds left.\n|\n|t:|1659715288\n|move|p2a: Grookey|Grassy Glide|p1a: Natu\n|-resisted|p1a: Natu\n|-damage|p1a: Natu|0 fnt\n|faint|p1a: Natu\n|\n|-heal|p2a: Grookey|34\/100 par|[from] Grassy Terrain\n|upkeep\n|inactive|Laroxyl has 25 seconds left this turn.\n|inactive|xavgb has 20 seconds left this turn.\n|\n|t:|1659715291\n|switch|p1a: Tyrunt|Tyrunt, L5, M|100\/100\n|-damage|p1a: Tyrunt|91\/100|[from] Stealth Rock\n|turn|21\n|inactive|xavgb has 30 seconds left this turn.\n|inactive|Laroxyl has 30 seconds left.\n|inactive|Laroxyl has 20 seconds left.\n|inactive|Laroxyl has 15 seconds left.\n|c|\u2606xavgb|well\n|\n|t:|1659715313\n|move|p2a: Grookey|Grassy Glide|p1a: Tyrunt\n|-damage|p1a: Tyrunt|0 fnt\n|faint|p1a: Tyrunt\n|\n|win|xavgb\n|inactive|Laroxyl has 20 seconds left this turn.\n|c|\u2606xavgb|sorry for this\n|c|\u2606Laroxyl|gg\n|c|\u2606xavgb|g\n|c|\u2606xavgb|g\n|c| PyProd.|hands sweaty\n|l|\u2606Laroxyl\n|l| PyProd.\n","uploadtime":1659715384,"views":354,"p1id":"laroxyl","p2id":"xavgb","formatid":"gen8lc","rating":0,"private":0,"password":null}