{"id":"gen8ou-1574742865","p1":"Meister Siegfried","p2":"Scoots Mgee","format":"gen8ou","log":"|j|\u2606Meister Siegfried\n|j|\u2606Scoots Mgee\n|t:|1652542590\n|gametype|singles\n|player|p1|Meister Siegfried|volo|1441\n|player|p2|Scoots Mgee|acetrainerf|1458\n|teamsize|p1|6\n|teamsize|p2|6\n|gen|8\n|tier|[Gen 8] OU\n|rated|\n|rule|Sleep Clause Mod: Limit one foe put to sleep\n|rule|Species Clause: Limit one of each Pok\u00e9mon\n|rule|OHKO Clause: OHKO moves are banned\n|rule|Evasion Moves Clause: Evasion moves are banned\n|rule|Endless Battle Clause: Forcing endless battles is banned\n|rule|HP Percentage Mod: HP is shown in percentages\n|rule|Dynamax Clause: You cannot dynamax\n|clearpoke\n|poke|p1|Pelipper, F|\n|poke|p1|Barraskewda, F|\n|poke|p1|Porygon-Z|\n|poke|p1|Ferrothorn, F|\n|poke|p1|Tapu Lele|\n|poke|p1|Seismitoad, M|\n|poke|p2|Tapu Lele|\n|poke|p2|Dragapult, F|\n|poke|p2|Zeraora|\n|poke|p2|Ferrothorn, M|\n|poke|p2|Landorus-Therian, M|\n|poke|p2|Heatran, M|\n|teampreview\n|inactive|Battle timer is ON: inactive players will automatically lose when time's up. (requested by Meister Siegfried)\n|\n|t:|1652542608\n|start\n|switch|p1a: Barraskewda|Barraskewda, F|100\/100\n|switch|p2a: Landorus|Landorus-Therian, M|100\/100\n|-ability|p2a: Landorus|Intimidate|boost\n|-unboost|p1a: Barraskewda|atk|1\n|turn|1\n|\n|t:|1652542612\n|switch|p2a: Ferrothorn|Ferrothorn, M|100\/100\n|move|p1a: Barraskewda|Flip Turn|p2a: Ferrothorn\n|-resisted|p2a: Ferrothorn\n|-damage|p2a: Ferrothorn|88\/100\n|-damage|p1a: Barraskewda|88\/100|[from] ability: Iron Barbs|[of] p2a: Ferrothorn\n|c|\u2606Meister Siegfried|hf\n|\n|t:|1652542625\n|switch|p1a: Ferrothorn|Ferrothorn, F|100\/100|[from]move: Flip Turn\n|\n|upkeep\n|turn|2\n|\n|t:|1652542628\n|move|p1a: Ferrothorn|Stealth Rock|p2a: Ferrothorn\n|-sidestart|p2: Scoots Mgee|move: Stealth Rock\n|move|p2a: Ferrothorn|Knock Off|p1a: Ferrothorn\n|-damage|p1a: Ferrothorn|76\/100\n|-damage|p2a: Ferrothorn|75\/100|[from] ability: Iron Barbs|[of] p1a: Ferrothorn\n|-damage|p2a: Ferrothorn|59\/100|[from] item: Rocky Helmet|[of] p1a: Ferrothorn\n|-enditem|p1a: Ferrothorn|Rocky Helmet|[from] move: Knock Off|[of] p2a: Ferrothorn\n|\n|upkeep\n|turn|3\n|\n|t:|1652542633\n|switch|p2a: Landorus|Landorus-Therian, M|100\/100\n|-damage|p2a: Landorus|88\/100|[from] Stealth Rock\n|-ability|p2a: Landorus|Intimidate|boost\n|-unboost|p1a: Ferrothorn|atk|1\n|move|p1a: Ferrothorn|Body Press|p2a: Landorus\n|-resisted|p2a: Landorus\n|-damage|p2a: Landorus|70\/100\n|\n|upkeep\n|turn|4\n|\n|t:|1652542640\n|switch|p1a: Barraskewda|Barraskewda, F|88\/100\n|move|p2a: Landorus|Stone Edge|p1a: Barraskewda\n|-damage|p1a: Barraskewda|0 fnt\n|faint|p1a: Barraskewda\n|\n|upkeep\n|\n|t:|1652542647\n|switch|p1a: Porygon-Z|Porygon-Z|100\/100\n|-ability|p1a: Porygon-Z|Download|boost\n|-boost|p1a: Porygon-Z|spa|1\n|turn|5\n|\n|t:|1652542656\n|switch|p2a: Ferrothorn|Ferrothorn, M|59\/100\n|-damage|p2a: Ferrothorn|53\/100|[from] Stealth Rock\n|move|p1a: Porygon-Z|Tri Attack|p2a: Ferrothorn\n|-resisted|p2a: Ferrothorn\n|-damage|p2a: Ferrothorn|8\/100\n|\n|upkeep\n|turn|6\n|\n|t:|1652542660\n|move|p1a: Porygon-Z|Tri Attack|p2a: Ferrothorn\n|-resisted|p2a: Ferrothorn\n|-damage|p2a: Ferrothorn|0 fnt\n|faint|p2a: Ferrothorn\n|\n|upkeep\n|\n|t:|1652542669\n|switch|p2a: Tapu Lele|Tapu Lele|100\/100\n|-damage|p2a: Tapu Lele|88\/100|[from] Stealth Rock\n|-fieldstart|move: Psychic Terrain|[from] ability: Psychic Surge|[of] p2a: Tapu Lele\n|turn|7\n|inactive|Meister Siegfried has 120 seconds left.\n|\n|t:|1652542709\n|switch|p1a: Ferrothorn|Ferrothorn, F|76\/100\n|move|p2a: Tapu Lele|Psychic|p1a: Ferrothorn\n|-resisted|p1a: Ferrothorn\n|-damage|p1a: Ferrothorn|36\/100\n|\n|upkeep\n|turn|8\n|inactive|Meister Siegfried has 120 seconds left.\n|\n|t:|1652542716\n|switch|p1a: Pelipper|Pelipper, F|100\/100\n|-weather|RainDance|[from] ability: Drizzle|[of] p1a: Pelipper\n|move|p2a: Tapu Lele|Psychic|p1a: Pelipper\n|-damage|p1a: Pelipper|12\/100\n|\n|-weather|RainDance|[upkeep]\n|upkeep\n|turn|9\n|inactive|Meister Siegfried has 120 seconds left.\n|\n|t:|1652542726\n|switch|p1a: Seismitoad|Seismitoad, M|100\/100\n|move|p2a: Tapu Lele|Psychic|p1a: Seismitoad\n|-damage|p1a: Seismitoad|0 fnt\n|faint|p1a: Seismitoad\n|\n|-weather|RainDance|[upkeep]\n|upkeep\n|inactive|Meister Siegfried has 120 seconds left.\n|\n|t:|1652542732\n|switch|p1a: Tapu Lele|Tapu Lele|100\/100\n|turn|10\n|\n|t:|1652542736\n|move|p1a: Tapu Lele|Moonblast|p2a: Tapu Lele\n|-damage|p2a: Tapu Lele|28\/100\n|-unboost|p2a: Tapu Lele|spa|1\n|move|p2a: Tapu Lele|Psychic|p1a: Tapu Lele\n|-resisted|p1a: Tapu Lele\n|-damage|p1a: Tapu Lele|71\/100\n|\n|-weather|RainDance|[upkeep]\n|upkeep\n|turn|11\n|\n|t:|1652542740\n|switch|p2a: Heatran|Heatran, M|100\/100\n|-damage|p2a: Heatran|88\/100|[from] Stealth Rock\n|move|p1a: Tapu Lele|Moonblast|p2a: Heatran\n|-resisted|p2a: Heatran\n|-damage|p2a: Heatran|74\/100\n|-unboost|p2a: Heatran|spa|1\n|\n|-weather|RainDance|[upkeep]\n|-fieldend|move: Psychic Terrain\n|upkeep\n|turn|12\n|\n|t:|1652542748\n|switch|p1a: Pelipper|Pelipper, F|12\/100\n|move|p2a: Heatran|Flash Cannon|p1a: Pelipper\n|-resisted|p1a: Pelipper\n|-damage|p1a: Pelipper|0 fnt\n|faint|p1a: Pelipper\n|\n|-weather|RainDance|[upkeep]\n|upkeep\n|\n|t:|1652542754\n|switch|p1a: Tapu Lele|Tapu Lele|71\/100\n|-fieldstart|move: Psychic Terrain|[from] ability: Psychic Surge|[of] p1a: Tapu Lele\n|turn|13\n|\n|t:|1652542757\n|move|p1a: Tapu Lele|Thunder|p2a: Heatran\n|-damage|p2a: Heatran|29\/100\n|-status|p2a: Heatran|par\n|move|p2a: Heatran|Flash Cannon|p1a: Tapu Lele\n|-supereffective|p1a: Tapu Lele\n|-damage|p1a: Tapu Lele|11\/100\n|\n|-weather|RainDance|[upkeep]\n|upkeep\n|turn|14\n|\n|t:|1652542765\n|switch|p2a: Zeraora|Zeraora|100\/100\n|-damage|p2a: Zeraora|88\/100|[from] Stealth Rock\n|move|p1a: Tapu Lele|Thunder|p2a: Zeraora\n|-heal|p2a: Zeraora|100\/100|[from] ability: Volt Absorb|[of] p1a: Tapu Lele\n|\n|-weather|RainDance|[upkeep]\n|upkeep\n|turn|15\n|\n|t:|1652542770\n|switch|p1a: Ferrothorn|Ferrothorn, F|36\/100\n|move|p2a: Zeraora|Volt Switch|p1a: Ferrothorn\n|-resisted|p1a: Ferrothorn\n|-damage|p1a: Ferrothorn|26\/100\n|\n|t:|1652542773\n|switch|p2a: Heatran|Heatran, M|29\/100 par|[from]move: Volt Switch\n|-damage|p2a: Heatran|17\/100 par|[from] Stealth Rock\n|\n|-weather|none\n|upkeep\n|turn|16\n|inactive|Meister Siegfried has 120 seconds left.\n|\n|t:|1652542814\n|move|p2a: Heatran|Fire Blast|p1a: Ferrothorn\n|-supereffective|p1a: Ferrothorn\n|-damage|p1a: Ferrothorn|0 fnt\n|faint|p1a: Ferrothorn\n|\n|upkeep\n|\n|t:|1652542818\n|switch|p1a: Porygon-Z|Porygon-Z|100\/100\n|-ability|p1a: Porygon-Z|Download|boost\n|-boost|p1a: Porygon-Z|atk|1\n|turn|17\n|c|\u2606Meister Siegfried|gg\n|\n|t:|1652542822\n|move|p1a: Porygon-Z|Tri Attack|p2a: Heatran\n|-resisted|p2a: Heatran\n|-damage|p2a: Heatran|0 fnt\n|faint|p2a: Heatran\n|\n|-fieldend|move: Psychic Terrain\n|upkeep\n|\n|t:|1652542825\n|switch|p2a: Dragapult|Dragapult, F|100\/100\n|-damage|p2a: Dragapult|88\/100|[from] Stealth Rock\n|turn|18\n|\n|t:|1652542830\n|move|p2a: Dragapult|U-turn|p1a: Porygon-Z\n|-damage|p1a: Porygon-Z|54\/100\n|\n|t:|1652542834\n|switch|p2a: Tapu Lele|Tapu Lele|28\/100|[from]move: U-turn\n|-damage|p2a: Tapu Lele|15\/100|[from] Stealth Rock\n|-fieldstart|move: Psychic Terrain|[from] ability: Psychic Surge|[of] p2a: Tapu Lele\n|move|p1a: Porygon-Z|Tri Attack|p2a: Tapu Lele\n|-damage|p2a: Tapu Lele|0 fnt\n|faint|p2a: Tapu Lele\n|\n|upkeep\n|\n|t:|1652542836\n|switch|p2a: Dragapult|Dragapult, F|88\/100\n|-damage|p2a: Dragapult|76\/100|[from] Stealth Rock\n|turn|19\n|\n|t:|1652542844\n|move|p2a: Dragapult|U-turn|p1a: Porygon-Z\n|-damage|p1a: Porygon-Z|5\/100\n|\n|t:|1652542847\n|switch|p2a: Landorus|Landorus-Therian, M|70\/100|[from]move: U-turn\n|-damage|p2a: Landorus|58\/100|[from] Stealth Rock\n|-ability|p2a: Landorus|Intimidate|boost\n|-unboost|p1a: Porygon-Z|atk|1\n|move|p1a: Porygon-Z|Tri Attack|p2a: Landorus\n|-damage|p2a: Landorus|0 fnt\n|faint|p2a: Landorus\n|\n|upkeep\n|\n|t:|1652542848\n|switch|p2a: Dragapult|Dragapult, F|76\/100\n|-damage|p2a: Dragapult|64\/100|[from] Stealth Rock\n|turn|20\n|\n|t:|1652542852\n|move|p2a: Dragapult|Sucker Punch|p1a: Porygon-Z\n|-activate|p1a: Porygon-Z|move: Psychic Terrain\n|move|p1a: Porygon-Z|Tri Attack|p2a: Dragapult\n|-immune|p2a: Dragapult\n|\n|upkeep\n|turn|21\n|\n|t:|1652542868\n|switch|p2a: Zeraora|Zeraora|100\/100\n|-damage|p2a: Zeraora|88\/100|[from] Stealth Rock\n|move|p1a: Porygon-Z|Tri Attack|p2a: Zeraora\n|-damage|p2a: Zeraora|0 fnt\n|faint|p2a: Zeraora\n|\n|upkeep\n|\n|t:|1652542870\n|switch|p2a: Dragapult|Dragapult, F|64\/100\n|-damage|p2a: Dragapult|51\/100|[from] Stealth Rock\n|turn|22\n|\n|t:|1652542873\n|move|p2a: Dragapult|U-turn|p1a: Porygon-Z\n|-damage|p1a: Porygon-Z|0 fnt\n|faint|p1a: Porygon-Z\n|\n|-fieldend|move: Psychic Terrain\n|upkeep\n|\n|t:|1652542883\n|switch|p1a: Tapu Lele|Tapu Lele|11\/100\n|-fieldstart|move: Psychic Terrain|[from] ability: Psychic Surge|[of] p1a: Tapu Lele\n|turn|23\n|\n|t:|1652542886\n|move|p1a: Tapu Lele|Moonblast|p2a: Dragapult\n|-supereffective|p2a: Dragapult\n|-damage|p2a: Dragapult|0 fnt\n|faint|p2a: Dragapult\n|\n|win|Meister Siegfried\n|raw|Meister Siegfried's rating: 1441 &rarr; <strong>1462<\/strong><br \/>(+21 for winning)\n|raw|Scoots Mgee's rating: 1458 &rarr; <strong>1437<\/strong><br \/>(-21 for losing)\n|l|\u2606Scoots Mgee\n","uploadtime":1652542895,"views":9,"p1id":"meistersiegfried","p2id":"scootsmgee","formatid":"gen8ou","rating":1437,"private":0,"password":null}