{"id":"gen8pu-1293274278","p1":"Uberfiend","p2":"PedroGreg","format":"gen8pu","log":"|j|\u2606Uberfiend\n|j|\u2606PedroGreg\n|t:|1614731247\n|player|p1|Uberfiend|pokefan-gen4|1352\n|player|p2|PedroGreg|elesa|1528\n|teamsize|p1|6\n|teamsize|p2|6\n|gametype|singles\n|gen|8\n|tier|[Gen 8] PU\n|rated|\n|clearpoke\n|poke|p1|Whimsicott, M|\n|poke|p1|Archeops, F|\n|poke|p1|Hitmontop, M|\n|poke|p1|Braviary, M|\n|poke|p1|Druddigon, M|\n|poke|p1|Accelgor, F|\n|poke|p2|Silvally-*|\n|poke|p2|Regirock|\n|poke|p2|Vaporeon, F|\n|poke|p2|Whimsicott, M|\n|poke|p2|Talonflame, M|\n|poke|p2|Mesprit|\n|rule|Sleep Clause Mod: Limit one foe put to sleep\n|rule|Species Clause: Limit one of each Pok\u00e9mon\n|rule|OHKO Clause: OHKO moves are banned\n|rule|Evasion Moves Clause: Evasion moves are banned\n|rule|Endless Battle Clause: Forcing endless battles is banned\n|rule|HP Percentage Mod: HP is shown in percentages\n|rule|Dynamax Clause: You cannot dynamax\n|teampreview\n|inactive|Battle timer is ON: inactive players will automatically lose when time's up. (requested by PedroGreg)\n|\n|t:|1614731292\n|start\n|switch|p1a: Mind over matter|Druddigon, M|100\/100\n|switch|p2a: Silvally|Silvally-Ground|100\/100\n|-ability|p1a: Mind over matter|Mold Breaker\n|turn|1\n|\n|t:|1614731298\n|switch|p2a: Regirock|Regirock|100\/100\n|move|p1a: Mind over matter|Glare|p2a: Regirock\n|-status|p2a: Regirock|par\n|\n|upkeep\n|turn|2\n|\n|t:|1614731302\n|move|p1a: Mind over matter|Stealth Rock|p2a: Regirock\n|-sidestart|p2: PedroGreg|move: Stealth Rock\n|move|p2a: Regirock|Stealth Rock|p1a: Mind over matter\n|-sidestart|p1: Uberfiend|move: Stealth Rock\n|\n|upkeep\n|turn|3\n|\n|t:|1614731307\n|move|p2a: Regirock|Toxic|p1a: Mind over matter\n|-status|p1a: Mind over matter|tox\n|move|p1a: Mind over matter|Dragon Tail|p2a: Regirock\n|-crit|p2a: Regirock\n|-damage|p2a: Regirock|82\/100 par\n|drag|p2a: Vaporeon|Vaporeon, F|100\/100\n|-damage|p2a: Vaporeon|88\/100|[from] Stealth Rock\n|\n|-heal|p2a: Vaporeon|94\/100|[from] item: Leftovers\n|-damage|p1a: Mind over matter|94\/100 tox|[from] psn\n|upkeep\n|turn|4\n|\n|t:|1614731316\n|move|p2a: Vaporeon|Protect|p2a: Vaporeon\n|-singleturn|p2a: Vaporeon|Protect\n|move|p1a: Mind over matter|Glare|p2a: Vaporeon\n|-activate|p2a: Vaporeon|move: Protect\n|\n|-heal|p2a: Vaporeon|100\/100|[from] item: Leftovers\n|-damage|p1a: Mind over matter|82\/100 tox|[from] psn\n|upkeep\n|turn|5\n|\n|t:|1614731324\n|move|p2a: Vaporeon|Wish|p2a: Vaporeon\n|move|p1a: Mind over matter|Dragon Tail|p2a: Vaporeon\n|-damage|p2a: Vaporeon|77\/100\n|drag|p2a: Talonflame|Talonflame, M|100\/100\n|\n|-damage|p1a: Mind over matter|64\/100 tox|[from] psn\n|upkeep\n|turn|6\n|\n|t:|1614731337\n|switch|p2a: Regirock|Regirock|82\/100 par\n|-damage|p2a: Regirock|69\/100 par|[from] Stealth Rock\n|move|p1a: Mind over matter|Glare|p2a: Regirock\n|-fail|p2a: Regirock|par\n|\n|-heal|p2a: Regirock|100\/100 par|[from] move: Wish|[wisher] Vaporeon\n|-damage|p1a: Mind over matter|39\/100 tox|[from] psn\n|upkeep\n|turn|7\n|\n|t:|1614731344\n|move|p2a: Regirock|Protect|p2a: Regirock\n|-singleturn|p2a: Regirock|Protect\n|move|p1a: Mind over matter|Earthquake|p2a: Regirock\n|-activate|p2a: Regirock|move: Protect\n|\n|-damage|p1a: Mind over matter|8\/100 tox|[from] psn\n|upkeep\n|turn|8\n|\n|t:|1614731356\n|switch|p2a: Whimsicott|Whimsicott, M|100\/100\n|move|p1a: Mind over matter|Dragon Tail|p2a: Whimsicott\n|-immune|p2a: Whimsicott\n|\n|-damage|p1a: Mind over matter|0 fnt|[from] psn\n|faint|p1a: Mind over matter\n|upkeep\n|\n|t:|1614731373\n|switch|p1a: \ud83e\udd38\u200d\u2642\ufe0f|Hitmontop, M|100\/100\n|-damage|p1a: \ud83e\udd38\u200d\u2642\ufe0f|95\/100|[from] Stealth Rock\n|turn|9\n|\n|t:|1614731376\n|move|p2a: Whimsicott|Moonblast|p1a: \ud83e\udd38\u200d\u2642\ufe0f\n|-supereffective|p1a: \ud83e\udd38\u200d\u2642\ufe0f\n|-damage|p1a: \ud83e\udd38\u200d\u2642\ufe0f|56\/100\n|move|p1a: \ud83e\udd38\u200d\u2642\ufe0f|Rapid Spin|p2a: Whimsicott\n|-damage|p2a: Whimsicott|71\/100\n|-boost|p1a: \ud83e\udd38\u200d\u2642\ufe0f|spe|1\n|-sideend|p1: Uberfiend|Stealth Rock|[from] move: Rapid Spin|[of] p1a: \ud83e\udd38\u200d\u2642\ufe0f\n|\n|upkeep\n|turn|10\n|\n|t:|1614731385\n|switch|p2a: Talonflame|Talonflame, M|100\/100\n|move|p1a: \ud83e\udd38\u200d\u2642\ufe0f|Triple Axel|p2a: Talonflame\n|-damage|p2a: Talonflame|89\/100\n|-damage|p2a: Talonflame|67\/100\n|-damage|p2a: Talonflame|31\/100\n|-hitcount|p2a: Talonflame|3\n|\n|upkeep\n|turn|11\n|\n|t:|1614731393\n|move|p2a: Talonflame|U-turn|p1a: \ud83e\udd38\u200d\u2642\ufe0f\n|-resisted|p1a: \ud83e\udd38\u200d\u2642\ufe0f\n|-damage|p1a: \ud83e\udd38\u200d\u2642\ufe0f|48\/100\n|\n|t:|1614731396\n|switch|p2a: Vaporeon|Vaporeon, F|77\/100|[from]move: U-turn\n|-damage|p2a: Vaporeon|65\/100|[from] Stealth Rock\n|move|p1a: \ud83e\udd38\u200d\u2642\ufe0f|Bulldoze|p2a: Vaporeon\n|-damage|p2a: Vaporeon|44\/100\n|-unboost|p2a: Vaporeon|spe|1\n|\n|-heal|p2a: Vaporeon|51\/100|[from] item: Leftovers\n|upkeep\n|turn|12\n|\n|t:|1614731402\n|switch|p1a: \ud83e\udd85\ud83d\udca5|Braviary, M, shiny|100\/100\n|move|p2a: Vaporeon|Heal Bell|p2a: Vaporeon\n|-activate|p2a: Vaporeon|move: Heal Bell\n|-curestatus|p2: Regirock|par|[msg]\n|\n|-heal|p2a: Vaporeon|57\/100|[from] item: Leftovers\n|upkeep\n|turn|13\n|\n|t:|1614731408\n|move|p1a: \ud83e\udd85\ud83d\udca5|Brave Bird|p2a: Vaporeon\n|-damage|p2a: Vaporeon|0 fnt\n|-damage|p1a: \ud83e\udd85\ud83d\udca5|79\/100|[from] Recoil\n|-damage|p1a: \ud83e\udd85\ud83d\udca5|69\/100|[from] item: Life Orb\n|faint|p2a: Vaporeon\n|\n|upkeep\n|\n|t:|1614731414\n|switch|p2a: Regirock|Regirock|100\/100\n|-damage|p2a: Regirock|88\/100|[from] Stealth Rock\n|turn|14\n|\n|t:|1614731419\n|move|p1a: \ud83e\udd85\ud83d\udca5|Close Combat|p2a: Regirock\n|-supereffective|p2a: Regirock\n|-damage|p2a: Regirock|37\/100\n|-unboost|p1a: \ud83e\udd85\ud83d\udca5|def|1\n|-unboost|p1a: \ud83e\udd85\ud83d\udca5|spd|1\n|-damage|p1a: \ud83e\udd85\ud83d\udca5|59\/100|[from] item: Life Orb\n|move|p2a: Regirock|Toxic|p1a: \ud83e\udd85\ud83d\udca5\n|-status|p1a: \ud83e\udd85\ud83d\udca5|tox\n|\n|-heal|p2a: Regirock|43\/100|[from] item: Leftovers\n|-damage|p1a: \ud83e\udd85\ud83d\udca5|53\/100 tox|[from] psn\n|upkeep\n|turn|15\n|\n|t:|1614731424\n|move|p2a: Regirock|Protect|p2a: Regirock\n|-singleturn|p2a: Regirock|Protect\n|move|p1a: \ud83e\udd85\ud83d\udca5|Roost|p1a: \ud83e\udd85\ud83d\udca5\n|-heal|p1a: \ud83e\udd85\ud83d\udca5|100\/100 tox\n|-singleturn|p1a: \ud83e\udd85\ud83d\udca5|move: Roost\n|\n|-heal|p2a: Regirock|49\/100|[from] item: Leftovers\n|-damage|p1a: \ud83e\udd85\ud83d\udca5|88\/100 tox|[from] psn\n|upkeep\n|turn|16\n|\n|t:|1614731433\n|switch|p2a: Silvally|Silvally-Ground|100\/100\n|-damage|p2a: Silvally|94\/100|[from] Stealth Rock\n|move|p1a: \ud83e\udd85\ud83d\udca5|Brave Bird|p2a: Silvally\n|-damage|p2a: Silvally|0 fnt\n|-damage|p1a: \ud83e\udd85\ud83d\udca5|63\/100 tox|[from] Recoil\n|-damage|p1a: \ud83e\udd85\ud83d\udca5|53\/100 tox|[from] item: Life Orb\n|faint|p2a: Silvally\n|\n|-damage|p1a: \ud83e\udd85\ud83d\udca5|34\/100 tox|[from] psn\n|upkeep\n|\n|t:|1614731439\n|switch|p2a: Talonflame|Talonflame, M|31\/100\n|turn|17\n|\n|t:|1614731443\n|move|p2a: Talonflame|Brave Bird|p1a: \ud83e\udd85\ud83d\udca5\n|-damage|p1a: \ud83e\udd85\ud83d\udca5|0 fnt\n|-damage|p2a: Talonflame|18\/100|[from] Recoil\n|faint|p1a: \ud83e\udd85\ud83d\udca5\n|\n|upkeep\n|\n|t:|1614731448\n|switch|p1a: \ud83e\udd85\ud83d\udca8|Archeops, F, shiny|100\/100\n|turn|18\n|\n|t:|1614731453\n|move|p2a: Talonflame|Will-O-Wisp|p1a: \ud83e\udd85\ud83d\udca8\n|-status|p1a: \ud83e\udd85\ud83d\udca8|brn\n|move|p1a: \ud83e\udd85\ud83d\udca8|Meteor Beam||[still]\n|-prepare|p1a: \ud83e\udd85\ud83d\udca8|Meteor Beam\n|-boost|p1a: \ud83e\udd85\ud83d\udca8|spa|1\n|-enditem|p1a: \ud83e\udd85\ud83d\udca8|Power Herb\n|-anim|p1a: \ud83e\udd85\ud83d\udca8|Meteor Beam|p2a: Talonflame\n|-supereffective|p2a: Talonflame\n|-damage|p2a: Talonflame|0 fnt\n|faint|p2a: Talonflame\n|\n|-damage|p1a: \ud83e\udd85\ud83d\udca8|94\/100 brn|[from] brn\n|upkeep\n|\n|t:|1614731461\n|switch|p2a: Regirock|Regirock|49\/100\n|-damage|p2a: Regirock|37\/100|[from] Stealth Rock\n|turn|19\n|\n|t:|1614731485\n|move|p1a: \ud83e\udd85\ud83d\udca8|Earth Power|p2a: Regirock\n|-supereffective|p2a: Regirock\n|-damage|p2a: Regirock|0 fnt\n|faint|p2a: Regirock\n|\n|-damage|p1a: \ud83e\udd85\ud83d\udca8|88\/100 brn|[from] brn\n|upkeep\n|\n|t:|1614731488\n|switch|p2a: Mesprit|Mesprit|100\/100\n|-damage|p2a: Mesprit|88\/100|[from] Stealth Rock\n|turn|20\n|\n|t:|1614731508\n|move|p2a: Mesprit|Psychic|p1a: \ud83e\udd85\ud83d\udca8\n|-damage|p1a: \ud83e\udd85\ud83d\udca8|25\/100 brn\n|move|p1a: \ud83e\udd85\ud83d\udca8|Air Slash|p2a: Mesprit\n|-damage|p2a: Mesprit|60\/100\n|\n|-damage|p1a: \ud83e\udd85\ud83d\udca8|19\/100 brn|[from] brn\n|upkeep\n|turn|21\n|\n|t:|1614731514\n|move|p2a: Mesprit|Psychic|p1a: \ud83e\udd85\ud83d\udca8\n|-damage|p1a: \ud83e\udd85\ud83d\udca8|0 fnt\n|faint|p1a: \ud83e\udd85\ud83d\udca8\n|\n|upkeep\n|\n|t:|1614731524\n|switch|p1a: \ud83e\udd38\u200d\u2642\ufe0f|Hitmontop, M|48\/100\n|turn|22\n|\n|t:|1614731527\n|move|p2a: Mesprit|Psychic|p1a: \ud83e\udd38\u200d\u2642\ufe0f\n|-supereffective|p1a: \ud83e\udd38\u200d\u2642\ufe0f\n|-damage|p1a: \ud83e\udd38\u200d\u2642\ufe0f|0 fnt\n|faint|p1a: \ud83e\udd38\u200d\u2642\ufe0f\n|\n|upkeep\n|\n|t:|1614731532\n|switch|p1a: Ibuki\ud83d\udd96|Accelgor, F, shiny|100\/100\n|turn|23\n|\n|t:|1614731540\n|move|p2a: Mesprit|Psychic|p1a: Ibuki\ud83d\udd96\n|-damage|p1a: Ibuki\ud83d\udd96|40\/100\n|move|p1a: Ibuki\ud83d\udd96|Bug Buzz|p2a: Mesprit\n|-supereffective|p2a: Mesprit\n|-damage|p2a: Mesprit|0 fnt\n|-enditem|p1a: Ibuki\ud83d\udd96|Throat Spray\n|-boost|p1a: Ibuki\ud83d\udd96|spa|1|[from] item: Throat Spray\n|faint|p2a: Mesprit\n|\n|upkeep\n|\n|t:|1614731544\n|switch|p2a: Whimsicott|Whimsicott, M|71\/100\n|turn|24\n|\n|t:|1614731550\n|move|p1a: Ibuki\ud83d\udd96|Bug Buzz|p2a: Whimsicott\n|-damage|p2a: Whimsicott|0 fnt\n|faint|p2a: Whimsicott\n|\n|win|Uberfiend\n|l|\u2606PedroGreg\n|c|\u2606Uberfiend|Gg\n||Ladder (probably) updated, but score could not be retrieved (Request timeout).\n","uploadtime":1614731559,"views":10,"p1id":"uberfiend","p2id":"pedrogreg","formatid":"gen8pu","rating":0,"private":0,"password":null}