{"id":"gen8ou-1618837547","p1":"OUTW Geomancy","p2":"andrewm0n","format":"gen8ou","log":"|j|\u2606OUTW Geomancy\n|j|\u2606andrewm0n\n|t:|1658014847\n|gametype|singles\n|player|p1|OUTW Geomancy|hiker-gen2|1719\n|player|p2|andrewm0n|101|1635\n|teamsize|p1|6\n|teamsize|p2|6\n|gen|8\n|tier|[Gen 8] OU\n|rated|\n|rule|Sleep Clause Mod: Limit one foe put to sleep\n|rule|Species Clause: Limit one of each Pok\u00e9mon\n|rule|OHKO Clause: OHKO moves are banned\n|rule|Evasion Moves Clause: Evasion moves are banned\n|rule|Endless Battle Clause: Forcing endless battles is banned\n|rule|HP Percentage Mod: HP is shown in percentages\n|rule|Dynamax Clause: You cannot dynamax\n|clearpoke\n|poke|p1|Zapdos|\n|poke|p1|Tyranitar, F|\n|poke|p1|Landorus-Therian, M|\n|poke|p1|Excadrill, F|\n|poke|p1|Clefable, F|\n|poke|p1|Ferrothorn, M|\n|poke|p2|Blaziken, M|\n|poke|p2|Clefable, F|\n|poke|p2|Slowbro-Galar, M|\n|poke|p2|Corviknight, M|\n|poke|p2|Seismitoad, M|\n|poke|p2|Zoroark, M|\n|teampreview\n|inactive|Battle timer is ON: inactive players will automatically lose when time's up. (requested by OUTW Geomancy)\n|\n|t:|1658014877\n|start\n|switch|p1a: Landorus|Landorus-Therian, M|100\/100\n|switch|p2a: Slowbro|Slowbro-Galar, M|100\/100\n|-ability|p1a: Landorus|Intimidate|boost\n|-unboost|p2a: Slowbro|atk|1\n|turn|1\n|\n|t:|1658014880\n|move|p1a: Landorus|U-turn|p2a: Slowbro\n|-damage|p2a: Slowbro|80\/100\n|\n|t:|1658014883\n|switch|p1a: Tyranitar|Tyranitar, F, shiny|100\/100|[from]move: U-turn\n|-weather|Sandstorm|[from] ability: Sand Stream|[of] p1a: Tyranitar\n|move|p2a: Slowbro|Ice Beam|p1a: Tyranitar\n|-damage|p1a: Tyranitar|86\/100\n|\n|-weather|Sandstorm|[upkeep]\n|-damage|p2a: Slowbro|74\/100|[from] Sandstorm\n|upkeep\n|turn|2\n|\n|t:|1658014892\n|switch|p2a: Seismitoad|Seismitoad, M|100\/100\n|move|p1a: Tyranitar|Stone Edge|p2a: Seismitoad\n|-resisted|p2a: Seismitoad\n|-damage|p2a: Seismitoad|76\/100\n|\n|-weather|Sandstorm|[upkeep]\n|-heal|p2a: Seismitoad|82\/100|[from] item: Leftovers\n|upkeep\n|turn|3\n|\n|t:|1658014897\n|move|p1a: Tyranitar|Stealth Rock|p2a: Seismitoad\n|-sidestart|p2: andrewm0n|move: Stealth Rock\n|move|p2a: Seismitoad|Stealth Rock|p1a: Tyranitar\n|-sidestart|p1: OUTW Geomancy|move: Stealth Rock\n|\n|-weather|Sandstorm|[upkeep]\n|-heal|p2a: Seismitoad|88\/100|[from] item: Leftovers\n|upkeep\n|turn|4\n|inactive|andrewm0n has 120 seconds left.\n|\n|t:|1658014947\n|switch|p1a: Ferrothorn|Ferrothorn, M, shiny|100\/100\n|-damage|p1a: Ferrothorn|94\/100|[from] Stealth Rock\n|move|p2a: Seismitoad|Knock Off|p1a: Ferrothorn\n|-damage|p1a: Ferrothorn|82\/100\n|-damage|p2a: Seismitoad|76\/100|[from] ability: Iron Barbs|[of] p1a: Ferrothorn\n|-damage|p2a: Seismitoad|59\/100|[from] item: Rocky Helmet|[of] p1a: Ferrothorn\n|-enditem|p1a: Ferrothorn|Rocky Helmet|[from] move: Knock Off|[of] p2a: Seismitoad\n|\n|-weather|Sandstorm|[upkeep]\n|-heal|p2a: Seismitoad|65\/100|[from] item: Leftovers\n|upkeep\n|turn|5\n|\n|t:|1658014957\n|move|p2a: Seismitoad|Earth Power|p1a: Ferrothorn\n|-damage|p1a: Ferrothorn|62\/100\n|-unboost|p1a: Ferrothorn|spd|1\n|move|p1a: Ferrothorn|Knock Off|p2a: Seismitoad\n|-damage|p2a: Seismitoad|46\/100\n|-enditem|p2a: Seismitoad|Leftovers|[from] move: Knock Off|[of] p1a: Ferrothorn\n|\n|-weather|none\n|upkeep\n|turn|6\n|\n|t:|1658014961\n|move|p2a: Seismitoad|Earth Power|p1a: Ferrothorn\n|-damage|p1a: Ferrothorn|25\/100\n|move|p1a: Ferrothorn|Power Whip|p2a: Seismitoad\n|-supereffective|p2a: Seismitoad\n|-damage|p2a: Seismitoad|0 fnt\n|faint|p2a: Seismitoad\n|\n|upkeep\n|\n|t:|1658014966\n|switch|p2a: Blaziken|Blaziken, M|100\/100\n|-damage|p2a: Blaziken|88\/100|[from] Stealth Rock\n|turn|7\n|\n|t:|1658014969\n|switch|p1a: Landorus|Landorus-Therian, M|100\/100\n|-damage|p1a: Landorus|88\/100|[from] Stealth Rock\n|-ability|p1a: Landorus|Intimidate|boost\n|-unboost|p2a: Blaziken|atk|1\n|move|p2a: Blaziken|Swords Dance|p2a: Blaziken\n|-boost|p2a: Blaziken|atk|2\n|\n|-heal|p2a: Blaziken|94\/100|[from] item: Leftovers\n|-ability|p2a: Blaziken|Speed Boost|boost\n|-boost|p2a: Blaziken|spe|1\n|upkeep\n|turn|8\n|\n|t:|1658014977\n|move|p2a: Blaziken|Protect|p2a: Blaziken\n|-singleturn|p2a: Blaziken|Protect\n|move|p1a: Landorus|Earthquake|p2a: Blaziken\n|-activate|p2a: Blaziken|move: Protect\n|\n|-heal|p2a: Blaziken|99\/100|[from] item: Leftovers\n|-ability|p2a: Blaziken|Speed Boost|boost\n|-boost|p2a: Blaziken|spe|1\n|upkeep\n|turn|9\n|\n|t:|1658014980\n|switch|p1a: Ferrothorn|Ferrothorn, M, shiny|25\/100\n|-damage|p1a: Ferrothorn|19\/100|[from] Stealth Rock\n|move|p2a: Blaziken|Flare Blitz|p1a: Ferrothorn\n|-supereffective|p1a: Ferrothorn\n|-damage|p1a: Ferrothorn|0 fnt\n|-damage|p2a: Blaziken|88\/100|[from] ability: Iron Barbs|[of] p1a: Ferrothorn\n|faint|p1a: Ferrothorn\n|-damage|p2a: Blaziken|81\/100|[from] Recoil\n|\n|-heal|p2a: Blaziken|87\/100|[from] item: Leftovers\n|-ability|p2a: Blaziken|Speed Boost|boost\n|-boost|p2a: Blaziken|spe|1\n|upkeep\n|\n|t:|1658014983\n|switch|p1a: Landorus|Landorus-Therian, M|88\/100\n|-damage|p1a: Landorus|76\/100|[from] Stealth Rock\n|-ability|p1a: Landorus|Intimidate|boost\n|-unboost|p2a: Blaziken|atk|1\n|turn|10\n|\n|t:|1658014986\n|switch|p2a: Corviknight|Corviknight, M|100\/100\n|-damage|p2a: Corviknight|88\/100|[from] Stealth Rock\n|move|p1a: Landorus|Earthquake|p2a: Corviknight\n|-immune|p2a: Corviknight\n|\n|upkeep\n|turn|11\n|\n|t:|1658014988\n|switch|p1a: Clefable|Clefable, F|100\/100\n|move|p2a: Corviknight|U-turn|p1a: Clefable\n|-resisted|p1a: Clefable\n|-damage|p1a: Clefable|94\/100\n|\n|t:|1658014992\n|switch|p2a: Slowbro|Slowbro-Galar, M|100\/100|[from]move: U-turn\n|-damage|p2a: Slowbro|88\/100|[from] Stealth Rock\n|\n|upkeep\n|turn|12\n|\n|t:|1658014995\n|switch|p1a: Tyranitar|Tyranitar, F, shiny|86\/100\n|-damage|p1a: Tyranitar|74\/100|[from] Stealth Rock\n|-weather|Sandstorm|[from] ability: Sand Stream|[of] p1a: Tyranitar\n|move|p2a: Slowbro|Shell Side Arm|p1a: Tyranitar|[anim] Shell Side Arm Physical\n|-resisted|p1a: Tyranitar\n|-damage|p1a: Tyranitar|58\/100\n|-hint|Physical Shell Side Arm\n|\n|-weather|Sandstorm|[upkeep]\n|-damage|p2a: Slowbro|82\/100|[from] Sandstorm\n|upkeep\n|turn|13\n|\n|t:|1658014999\n|move|p1a: Tyranitar|Stone Edge|p2a: Slowbro\n|-damage|p2a: Slowbro|29\/100\n|move|p2a: Slowbro|Earthquake|p1a: Tyranitar\n|-supereffective|p1a: Tyranitar\n|-damage|p1a: Tyranitar|5\/100\n|\n|-weather|Sandstorm|[upkeep]\n|-damage|p2a: Slowbro|23\/100|[from] Sandstorm\n|upkeep\n|turn|14\n|\n|t:|1658015003\n|switch|p2a: Corviknight|Corviknight, M|88\/100\n|-damage|p2a: Corviknight|75\/100|[from] Stealth Rock\n|move|p1a: Tyranitar|Stone Edge|p2a: Corviknight\n|-damage|p2a: Corviknight|27\/100\n|\n|-weather|Sandstorm|[upkeep]\n|upkeep\n|turn|15\n|\n|t:|1658015005\n|move|p1a: Tyranitar|Stone Edge|p2a: Corviknight\n|-damage|p2a: Corviknight|0 fnt\n|faint|p2a: Corviknight\n|\n|-weather|Sandstorm|[upkeep]\n|upkeep\n|\n|t:|1658015010\n|switch|p2a: Blaziken|Blaziken, M|87\/100\n|-damage|p2a: Blaziken|74\/100|[from] Stealth Rock\n|turn|16\n|\n|t:|1658015013\n|move|p2a: Blaziken|Close Combat|p1a: Tyranitar\n|-supereffective|p1a: Tyranitar\n|-damage|p1a: Tyranitar|0 fnt\n|-unboost|p2a: Blaziken|def|1\n|-unboost|p2a: Blaziken|spd|1\n|faint|p1a: Tyranitar\n|\n|-weather|none\n|-heal|p2a: Blaziken|80\/100|[from] item: Leftovers\n|-ability|p2a: Blaziken|Speed Boost|boost\n|-boost|p2a: Blaziken|spe|1\n|upkeep\n|\n|t:|1658015015\n|switch|p1a: Landorus|Landorus-Therian, M|76\/100\n|-damage|p1a: Landorus|64\/100|[from] Stealth Rock\n|-ability|p1a: Landorus|Intimidate|boost\n|-unboost|p2a: Blaziken|atk|1\n|turn|17\n|inactive|andrewm0n has 120 seconds left.\n|\n|t:|1658015053\n|switch|p2a: Clefable|Clefable, F|100\/100\n|-damage|p2a: Clefable|88\/100|[from] Stealth Rock\n|move|p1a: Landorus|Earthquake|p2a: Clefable\n|-damage|p2a: Clefable|41\/100\n|\n|-heal|p2a: Clefable|47\/100|[from] item: Leftovers\n|upkeep\n|turn|18\n|\n|t:|1658015056\n|move|p2a: Clefable|Protect|p2a: Clefable\n|-singleturn|p2a: Clefable|Protect\n|move|p1a: Landorus|Earthquake|p2a: Clefable\n|-activate|p2a: Clefable|move: Protect\n|\n|-heal|p2a: Clefable|54\/100|[from] item: Leftovers\n|upkeep\n|turn|19\n|inactive|andrewm0n has 120 seconds left.\n|inactive|andrewm0n has 90 seconds left.\n|inactive|andrewm0n has 60 seconds left.\n|j| jeanmilapipe\n|\n|t:|1658015139\n|switch|p1a: Excadrill|Excadrill, F|100\/100\n|-damage|p1a: Excadrill|97\/100|[from] Stealth Rock\n|move|p2a: Clefable|Wish|p2a: Clefable\n|\n|-heal|p1a: Excadrill|100\/100|[from] item: Leftovers\n|-heal|p2a: Clefable|60\/100|[from] item: Leftovers\n|upkeep\n|turn|20\n|\n|t:|1658015144\n|switch|p2a: Blaziken|Blaziken, M|100\/100\n|-damage|p2a: Blaziken|88\/100|[from] Stealth Rock\n|move|p1a: Excadrill|Rapid Spin|p2a: Blaziken\n|-damage|p2a: Blaziken|48\/100\n|-boost|p1a: Excadrill|spe|1\n|replace|p2a: Zoroark|Zoroark, M\n|-end|p2a: Zoroark|Illusion\n|-sideend|p1: OUTW Geomancy|Stealth Rock|[from] move: Rapid Spin|[of] p1a: Excadrill\n|\n|-heal|p2a: Zoroark|100\/100|[from] move: Wish|[wisher] Clefable\n|upkeep\n|turn|21\n|\n|t:|1658015149\n|move|p1a: Excadrill|Earthquake|p2a: Zoroark\n|-damage|p2a: Zoroark|0 fnt\n|faint|p2a: Zoroark\n|\n|upkeep\n|\n|t:|1658015162\n|switch|p2a: Blaziken|Blaziken, M|80\/100\n|-damage|p2a: Blaziken|68\/100|[from] Stealth Rock\n|turn|22\n|\n|t:|1658015164\n|move|p2a: Blaziken|Protect|p2a: Blaziken\n|-singleturn|p2a: Blaziken|Protect\n|move|p1a: Excadrill|Earthquake|p2a: Blaziken\n|-activate|p2a: Blaziken|move: Protect\n|\n|-heal|p2a: Blaziken|74\/100|[from] item: Leftovers\n|-ability|p2a: Blaziken|Speed Boost|boost\n|-boost|p2a: Blaziken|spe|1\n|upkeep\n|turn|23\n|\n|t:|1658015166\n|move|p2a: Blaziken|Protect||[still]\n|-fail|p2a: Blaziken\n|move|p1a: Excadrill|Earthquake|p2a: Blaziken\n|-supereffective|p2a: Blaziken\n|-damage|p2a: Blaziken|0 fnt\n|faint|p2a: Blaziken\n|\n|upkeep\n|c|\u2606andrewm0n|gg\n|c|\u2606OUTW Geomancy|gg\n|-message|andrewm0n forfeited.\n|\n|win|OUTW Geomancy\n|raw|OUTW Geomancy's rating: 1719 &rarr; <strong>1734<\/strong><br \/>(+15 for winning)\n|raw|andrewm0n's rating: 1635 &rarr; <strong>1620<\/strong><br \/>(-15 for losing)\n|l|\u2606andrewm0n\n","uploadtime":1658015176,"views":33,"p1id":"outwgeomancy","p2id":"andrewm0n","formatid":"gen8ou","rating":1620,"private":0,"password":null}