{"id":"gen8ou-1384361206","p1":"Specs KD","p2":"LT84JM ATLX","format":"gen8ou","log":"|raw|<div class=\"broadcast-blue\"><strong>This battle is required to be public due to a player having a name starting with 'lt84jm'.<\/div>\n|j|\u2606Specs KD\n|j|\u2606LT84JM ATLX\n|t:|1627309237\n|gametype|singles\n|player|p1|Specs KD|swimmerf|1442\n|player|p2|LT84JM ATLX|burglar|1478\n|teamsize|p1|6\n|teamsize|p2|6\n|gen|8\n|tier|[Gen 8] OU\n|rated|\n|rule|Sleep Clause Mod: Limit one foe put to sleep\n|rule|Species Clause: Limit one of each Pok\u00e9mon\n|rule|OHKO Clause: OHKO moves are banned\n|rule|Evasion Moves Clause: Evasion moves are banned\n|rule|Endless Battle Clause: Forcing endless battles is banned\n|rule|HP Percentage Mod: HP is shown in percentages\n|rule|Dynamax Clause: You cannot dynamax\n|clearpoke\n|poke|p1|Melmetal|\n|poke|p1|Mew|\n|poke|p1|Excadrill, F|\n|poke|p1|Urshifu-*, F|\n|poke|p1|Zapdos-Galar|\n|poke|p1|Reuniclus, F|\n|poke|p2|Toxapex, F|\n|poke|p2|Garchomp, F|\n|poke|p2|Excadrill, M|\n|poke|p2|Tyranitar, F|\n|poke|p2|Skarmory, M|\n|poke|p2|Clefable, M|\n|teampreview\n|\n|t:|1627309261\n|start\n|switch|p1a: Ejexcadrill|Excadrill, F|100\/100\n|switch|p2a: Pourri|Garchomp, F|100\/100\n|-ability|p1a: Ejexcadrill|Mold Breaker\n|turn|1\n|\n|t:|1627309265\n|move|p2a: Pourri|Earthquake|p1a: Ejexcadrill\n|-supereffective|p1a: Ejexcadrill\n|-enditem|p1a: Ejexcadrill|Focus Sash\n|-damage|p1a: Ejexcadrill|1\/100\n|move|p1a: Ejexcadrill|Rapid Spin|p2a: Pourri\n|-damage|p2a: Pourri|86\/100\n|-boost|p1a: Ejexcadrill|spe|1\n|-damage|p1a: Ejexcadrill|0 fnt|[from] ability: Rough Skin|[of] p2a: Pourri\n|faint|p1a: Ejexcadrill\n|\n|-heal|p2a: Pourri|92\/100|[from] item: Leftovers\n|upkeep\n|\n|t:|1627309273\n|switch|p1a: Cena|Urshifu-Rapid-Strike, F|100\/100\n|turn|2\n|\n|t:|1627309294\n|switch|p2a: zzz|Skarmory, M, shiny|100\/100\n|switch|p1a: Haribo|Reuniclus, F, shiny|100\/100\n|\n|upkeep\n|turn|3\n|\n|t:|1627309300\n|switch|p2a: Bof|Tyranitar, F, shiny|100\/100\n|-weather|Sandstorm|[from] ability: Sand Stream|[of] p2a: Bof\n|switch|p1a: Steel Chair|Melmetal|100\/100\n|\n|-weather|Sandstorm|[upkeep]\n|upkeep\n|turn|4\n|\n|t:|1627309328\n|switch|p2a: zzz|Skarmory, M, shiny|100\/100\n|move|p1a: Steel Chair|Thunder|p2a: zzz\n|-supereffective|p2a: zzz\n|-damage|p2a: zzz|8\/100\n|\n|-weather|Sandstorm|[upkeep]\n|upkeep\n|turn|5\n|c|\u2606LT84JM ATLX|?\n|c|\u2606Specs KD|yeah lol\n|\n|t:|1627309354\n|switch|p2a: Pas bien|Excadrill, M, shiny|100\/100\n|move|p1a: Steel Chair|Superpower|p2a: Pas bien\n|-supereffective|p2a: Pas bien\n|-damage|p2a: Pas bien|0 fnt\n|-unboost|p1a: Steel Chair|atk|1\n|-unboost|p1a: Steel Chair|def|1\n|faint|p2a: Pas bien\n|\n|-weather|Sandstorm|[upkeep]\n|upkeep\n|\n|t:|1627309360\n|switch|p2a: Pourri|Garchomp, F|92\/100\n|turn|6\n|\n|t:|1627309371\n|switch|p1a: Pekken|Zapdos-Galar|100\/100\n|move|p2a: Pourri|Swords Dance|p2a: Pourri\n|-boost|p2a: Pourri|atk|2\n|\n|-weather|Sandstorm|[upkeep]\n|-damage|p1a: Pekken|94\/100|[from] Sandstorm\n|-heal|p2a: Pourri|98\/100|[from] item: Leftovers\n|upkeep\n|turn|7\n|\n|t:|1627309378\n|move|p2a: Pourri|Scale Shot|p1a: Pekken\n|-damage|p1a: Pekken|64\/100\n|-damage|p1a: Pekken|36\/100\n|-hitcount|p1a: Pekken|2\n|-unboost|p2a: Pourri|def|1\n|-boost|p2a: Pourri|spe|1\n|move|p1a: Pekken|Thunderous Kick|p2a: Pourri\n|-damage|p2a: Pourri|28\/100\n|-unboost|p2a: Pourri|def|1\n|-damage|p1a: Pekken|23\/100|[from] ability: Rough Skin|[of] p2a: Pourri\n|-heal|p1a: Pekken|33\/100|[from] item: Shell Bell|[of] p2a: Pourri\n|\n|-weather|none\n|-heal|p2a: Pourri|34\/100|[from] item: Leftovers\n|upkeep\n|turn|8\n|\n|t:|1627309393\n|move|p2a: Pourri|Fire Fang|p1a: Pekken\n|-damage|p1a: Pekken|0 fnt\n|faint|p1a: Pekken\n|\n|-heal|p2a: Pourri|41\/100|[from] item: Leftovers\n|upkeep\n|\n|t:|1627309395\n|switch|p1a: Cena|Urshifu-Rapid-Strike, F|100\/100\n|turn|9\n|\n|t:|1627309404\n|switch|p2a: Nul|Toxapex, F|100\/100\n|switch|p1a: Pinkachu|Mew|100\/100\n|\n|upkeep\n|turn|10\n|\n|t:|1627309414\n|move|p1a: Pinkachu|Swords Dance|p1a: Pinkachu\n|-boost|p1a: Pinkachu|atk|2\n|move|p2a: Nul|Knock Off|p1a: Pinkachu\n|-supereffective|p1a: Pinkachu\n|-damage|p1a: Pinkachu|68\/100\n|-enditem|p1a: Pinkachu|Kasib Berry|[from] move: Knock Off|[of] p2a: Nul\n|\n|upkeep\n|turn|11\n|inactive|Battle timer is ON: inactive players will automatically lose when time's up. (requested by Specs KD)\n|\n|t:|1627309459\n|switch|p2a: zzz|Skarmory, M, shiny|8\/100\n|move|p1a: Pinkachu|Psychic Fangs|p2a: zzz\n|-resisted|p2a: zzz\n|-damage|p2a: zzz|0 fnt\n|-damage|p1a: Pinkachu|52\/100|[from] item: Rocky Helmet|[of] p2a: zzz\n|faint|p2a: zzz\n|\n|upkeep\n|\n|t:|1627309467\n|switch|p2a: Pourri|Garchomp, F|41\/100\n|turn|12\n|\n|t:|1627309471\n|move|p2a: Pourri|Earthquake|p1a: Pinkachu\n|-damage|p1a: Pinkachu|1\/100\n|move|p1a: Pinkachu|Drain Punch|p2a: Pourri\n|-damage|p2a: Pourri|0 fnt\n|-heal|p1a: Pinkachu|22\/100|[from] drain|[of] p2a: Pourri\n|-damage|p1a: Pinkachu|10\/100|[from] ability: Rough Skin|[of] p2a: Pourri\n|faint|p2a: Pourri\n|\n|upkeep\n|\n|t:|1627309477\n|switch|p2a: Nul|Toxapex, F|100\/100\n|turn|13\n|\n|t:|1627309480\n|move|p1a: Pinkachu|Drain Punch|p2a: Nul\n|-resisted|p2a: Nul\n|-damage|p2a: Nul|88\/100\n|-heal|p1a: Pinkachu|15\/100|[from] drain|[of] p2a: Nul\n|move|p2a: Nul|Scald|p1a: Pinkachu\n|-damage|p1a: Pinkachu|0 fnt\n|faint|p1a: Pinkachu\n|\n|-heal|p2a: Nul|94\/100|[from] item: Black Sludge\n|upkeep\n|inactive|Specs KD has 120 seconds left.\n|inactive|Specs KD has 90 seconds left.\n|\n|t:|1627309546\n|switch|p1a: Steel Chair|Melmetal|100\/100\n|turn|14\n|\n|t:|1627309565\n|move|p1a: Steel Chair|Thunder|p2a: Nul\n|-supereffective|p2a: Nul\n|-damage|p2a: Nul|34\/100\n|move|p2a: Nul|Recover|p2a: Nul\n|-heal|p2a: Nul|84\/100\n|\n|-heal|p2a: Nul|90\/100|[from] item: Black Sludge\n|upkeep\n|turn|15\n|j| KARM1\n|\n|t:|1627309574\n|move|p1a: Steel Chair|Thunder|p2a: Nul\n|-supereffective|p2a: Nul\n|-damage|p2a: Nul|38\/100\n|move|p2a: Nul|Recover|p2a: Nul\n|-heal|p2a: Nul|88\/100\n|\n|-heal|p2a: Nul|95\/100|[from] item: Black Sludge\n|upkeep\n|turn|16\n|\n|t:|1627309581\n|move|p1a: Steel Chair|Thunder|p2a: Nul|[miss]\n|-miss|p1a: Steel Chair|p2a: Nul\n|move|p2a: Nul|Recover|p2a: Nul\n|-heal|p2a: Nul|100\/100\n|\n|upkeep\n|turn|17\n|j| ironwater@!\n|\n|t:|1627309591\n|move|p1a: Steel Chair|Thunder|p2a: Nul\n|-supereffective|p2a: Nul\n|-damage|p2a: Nul|46\/100\n|move|p2a: Nul|Recover|p2a: Nul\n|-heal|p2a: Nul|96\/100\n|\n|-heal|p2a: Nul|100\/100|[from] item: Black Sludge\n|upkeep\n|turn|18\n|\n|t:|1627309594\n|switch|p2a: Bof|Tyranitar, F, shiny|100\/100\n|-weather|Sandstorm|[from] ability: Sand Stream|[of] p2a: Bof\n|move|p1a: Steel Chair|Thunder|p2a: Bof\n|-damage|p2a: Bof|87\/100\n|\n|-weather|Sandstorm|[upkeep]\n|-heal|p2a: Bof|93\/100|[from] item: Leftovers\n|upkeep\n|turn|19\n|\n|t:|1627309599\n|switch|p2a: Nul|Toxapex, F|100\/100\n|move|p1a: Steel Chair|Thunder|p2a: Nul\n|-supereffective|p2a: Nul\n|-damage|p2a: Nul|46\/100\n|\n|-weather|Sandstorm|[upkeep]\n|-damage|p2a: Nul|40\/100|[from] Sandstorm\n|-heal|p2a: Nul|46\/100|[from] item: Black Sludge\n|upkeep\n|turn|20\n|\n|t:|1627309605\n|move|p1a: Steel Chair|Double Iron Bash|p2a: Nul\n|-resisted|p2a: Nul\n|-damage|p2a: Nul|33\/100\n|-resisted|p2a: Nul\n|-damage|p2a: Nul|19\/100\n|-hitcount|p2a: Nul|2\n|move|p2a: Nul|Recover|p2a: Nul\n|-heal|p2a: Nul|69\/100\n|\n|-weather|Sandstorm|[upkeep]\n|-damage|p2a: Nul|63\/100|[from] Sandstorm\n|-heal|p2a: Nul|69\/100|[from] item: Black Sludge\n|upkeep\n|turn|21\n|\n|t:|1627309620\n|move|p1a: Steel Chair|Double Iron Bash|p2a: Nul\n|-resisted|p2a: Nul\n|-damage|p2a: Nul|56\/100\n|-resisted|p2a: Nul\n|-damage|p2a: Nul|45\/100\n|-hitcount|p2a: Nul|2\n|move|p2a: Nul|Recover|p2a: Nul\n|-heal|p2a: Nul|95\/100\n|\n|-weather|Sandstorm|[upkeep]\n|-damage|p2a: Nul|88\/100|[from] Sandstorm\n|-heal|p2a: Nul|95\/100|[from] item: Black Sludge\n|upkeep\n|turn|22\n|\n|t:|1627309625\n|move|p1a: Steel Chair|Thunder|p2a: Nul\n|-supereffective|p2a: Nul\n|-damage|p2a: Nul|35\/100\n|move|p2a: Nul|Knock Off|p1a: Steel Chair\n|-damage|p1a: Steel Chair|92\/100\n|-enditem|p1a: Steel Chair|Expert Belt|[from] move: Knock Off|[of] p2a: Nul\n|\n|-weather|none\n|-heal|p2a: Nul|42\/100|[from] item: Black Sludge\n|upkeep\n|turn|23\n|\n|t:|1627309631\n|move|p1a: Steel Chair|Double Iron Bash|p2a: Nul\n|-resisted|p2a: Nul\n|-damage|p2a: Nul|29\/100\n|-resisted|p2a: Nul\n|-damage|p2a: Nul|17\/100\n|-hitcount|p2a: Nul|2\n|cant|p2a: Nul|flinch\n|\n|-heal|p2a: Nul|23\/100|[from] item: Black Sludge\n|upkeep\n|turn|24\n|\n|t:|1627309640\n|switch|p2a: Bof|Tyranitar, F, shiny|93\/100\n|-weather|Sandstorm|[from] ability: Sand Stream|[of] p2a: Bof\n|move|p1a: Steel Chair|Double Iron Bash|p2a: Bof\n|-supereffective|p2a: Bof\n|-crit|p2a: Bof\n|-damage|p2a: Bof|0 fnt\n|faint|p2a: Bof\n|-hitcount|p2: Bof|1\n|\n|-weather|Sandstorm|[upkeep]\n|upkeep\n|\n|t:|1627309643\n|switch|p2a: Nul|Toxapex, F|56\/100\n|turn|25\n|\n|t:|1627309653\n|move|p1a: Steel Chair|Thunder|p2a: Nul\n|-supereffective|p2a: Nul\n|-damage|p2a: Nul|9\/100\n|move|p2a: Nul|Recover|p2a: Nul\n|-heal|p2a: Nul|59\/100\n|\n|-weather|Sandstorm|[upkeep]\n|-damage|p2a: Nul|53\/100|[from] Sandstorm\n|-heal|p2a: Nul|59\/100|[from] item: Black Sludge\n|upkeep\n|turn|26\n|\n|t:|1627309658\n|move|p1a: Steel Chair|Thunder|p2a: Nul\n|-supereffective|p2a: Nul\n|-damage|p2a: Nul|17\/100\n|move|p2a: Nul|Recover|p2a: Nul\n|-heal|p2a: Nul|67\/100\n|\n|-weather|Sandstorm|[upkeep]\n|-damage|p2a: Nul|61\/100|[from] Sandstorm\n|-heal|p2a: Nul|67\/100|[from] item: Black Sludge\n|upkeep\n|turn|27\n|\n|t:|1627309665\n|move|p1a: Steel Chair|Thunder|p2a: Nul|[miss]\n|-miss|p1a: Steel Chair|p2a: Nul\n|move|p2a: Nul|Recover|p2a: Nul\n|-heal|p2a: Nul|100\/100\n|\n|-weather|Sandstorm|[upkeep]\n|-damage|p2a: Nul|94\/100|[from] Sandstorm\n|-heal|p2a: Nul|100\/100|[from] item: Black Sludge\n|upkeep\n|turn|28\n|\n|t:|1627309667\n|move|p1a: Steel Chair|Thunder|p2a: Nul\n|-supereffective|p2a: Nul\n|-damage|p2a: Nul|54\/100\n|move|p2a: Nul|Scald|p1a: Steel Chair\n|-damage|p1a: Steel Chair|71\/100\n|\n|-weather|none\n|-heal|p2a: Nul|61\/100|[from] item: Black Sludge\n|upkeep\n|turn|29\n|\n|t:|1627309674\n|move|p1a: Steel Chair|Thunder|p2a: Nul\n|-supereffective|p2a: Nul\n|-damage|p2a: Nul|13\/100\n|move|p2a: Nul|Recover|p2a: Nul\n|-heal|p2a: Nul|63\/100\n|\n|-heal|p2a: Nul|69\/100|[from] item: Black Sludge\n|upkeep\n|turn|30\n|\n|t:|1627309684\n|move|p1a: Steel Chair|Thunder|p2a: Nul\n|-supereffective|p2a: Nul\n|-damage|p2a: Nul|22\/100\n|-status|p2a: Nul|par\n|move|p2a: Nul|Recover|p2a: Nul\n|-heal|p2a: Nul|72\/100 par\n|\n|-heal|p2a: Nul|78\/100 par|[from] item: Black Sludge\n|upkeep\n|turn|31\n|\n|t:|1627309690\n|move|p1a: Steel Chair|Thunder|p2a: Nul\n|-supereffective|p2a: Nul\n|-damage|p2a: Nul|33\/100 par\n|move|p2a: Nul|Scald|p1a: Steel Chair\n|-damage|p1a: Steel Chair|50\/100\n|\n|-heal|p2a: Nul|39\/100 par|[from] item: Black Sludge\n|upkeep\n|turn|32\n|\n|t:|1627309694\n|switch|p2a: Eclatax|Clefable, M, shiny|100\/100\n|move|p1a: Steel Chair|Double Iron Bash|p2a: Eclatax\n|-supereffective|p2a: Eclatax\n|-damage|p2a: Eclatax|32\/100\n|-supereffective|p2a: Eclatax\n|-damage|p2a: Eclatax|0 fnt\n|faint|p2a: Eclatax\n|-hitcount|p2: Eclatax|2\n|\n|upkeep\n|l| KARM1\n|-message|LT84JM ATLX forfeited.\n|\n|win|Specs KD\n|l|\u2606LT84JM ATLX\n|raw|Specs KD's rating: 1442 &rarr; <strong>1465<\/strong><br \/>(+23 for winning)\n|raw|LT84JM ATLX's rating: 1497 &rarr; <strong>1474<\/strong><br \/>(-23 for losing)\n||Ladder isn't responding, score probably updated but might not have (Request timeout).\n|l| ironwater\n","uploadtime":1627309786,"views":3,"p1id":"specskd","p2id":"lt84jmatlx","formatid":"gen8ou","rating":1465,"private":0,"password":null}