{"id":"gen8uu-1271898459","p1":"Deathspank","p2":"damorush","format":"gen8uu","log":"|html|<div class=\"broadcast-blue\"><strong>[Gen 8] UU is currently suspecting Latias! For information on how to participate check out the <a href=\"https:\/\/www.smogon.com\/forums\/threads\/np-ss-uu-stage-8-2-cherry.3676723\/\">suspect thread<\/a>.<\/strong><\/div>\n|j|\u2606Deathspank\n|j|\u2606damorush\n|t:|1611931458\n|player|p1|Deathspank|169|1076\n|player|p2|damorush|steven|1000\n|teamsize|p1|6\n|teamsize|p2|6\n|gametype|singles\n|gen|8\n|tier|[Gen 8] UU\n|rated|\n|clearpoke\n|poke|p1|Rotom-Mow|\n|poke|p1|Pyukumuku, M|\n|poke|p1|Sylveon, M|\n|poke|p1|Cobalion|\n|poke|p1|Marowak-Alola, M|\n|poke|p1|Zarude|\n|poke|p2|Azelf|\n|poke|p2|Tapu Bulu|\n|poke|p2|Victini|\n|poke|p2|Zeraora|\n|poke|p2|Terrakion|\n|poke|p2|Salamence, M|\n|rule|Sleep Clause Mod: Limit one foe put to sleep\n|rule|Species Clause: Limit one of each Pok\u00e9mon\n|rule|OHKO Clause: OHKO moves are banned\n|rule|Evasion Moves Clause: Evasion moves are banned\n|rule|Endless Battle Clause: Forcing endless battles is banned\n|rule|HP Percentage Mod: HP is shown in percentages\n|rule|Dynamax Clause: You cannot dynamax\n|teampreview\n|\n|t:|1611931476\n|start\n|switch|p1a: Zarude|Zarude|100\/100\n|switch|p2a: Azelf|Azelf|100\/100\n|turn|1\n|\n|t:|1611931486\n|move|p2a: Azelf|Stealth Rock|p1a: Zarude\n|-sidestart|p1: Deathspank|move: Stealth Rock\n|move|p1a: Zarude|U-turn|p2a: Azelf\n|-supereffective|p2a: Azelf\n|-enditem|p2a: Azelf|Focus Sash\n|-damage|p2a: Azelf|1\/100\n|inactive|Battle timer is ON: inactive players will automatically lose when time's up. (requested by damorush)\n|inactive|Deathspank has 120 seconds left.\n|\n|t:|1611931579\n|switch|p1a: Cobalion|Cobalion|100\/100|[from]move: U-turn\n|-damage|p1a: Cobalion|97\/100|[from] Stealth Rock\n|\n|upkeep\n|turn|2\n|\n|t:|1611931599\n|move|p2a: Azelf|Knock Off|p1a: Cobalion\n|-resisted|p1a: Cobalion\n|-damage|p1a: Cobalion|87\/100\n|-damage|p2a: Azelf|0 fnt|[from] item: Rocky Helmet|[of] p1a: Cobalion\n|-ability|p1a: Cobalion|Justified|boost\n|-boost|p1a: Cobalion|atk|1\n|faint|p2a: Azelf\n|move|p1a: Cobalion|Volt Switch|p2: Azelf|[notarget]\n|-fail|p1a: Cobalion\n|\n|upkeep\n|\n|t:|1611931619\n|switch|p2a: Zeraora|Zeraora|100\/100\n|turn|3\n|\n|t:|1611931630\n|move|p2a: Zeraora|Close Combat|p1a: Cobalion\n|-supereffective|p1a: Cobalion\n|-damage|p1a: Cobalion|22\/100\n|-unboost|p2a: Zeraora|def|1\n|-unboost|p2a: Zeraora|spd|1\n|-damage|p2a: Zeraora|84\/100|[from] item: Rocky Helmet|[of] p1a: Cobalion\n|-damage|p2a: Zeraora|74\/100|[from] item: Life Orb\n|move|p1a: Cobalion|Close Combat|p2a: Zeraora\n|-damage|p2a: Zeraora|0 fnt\n|-unboost|p1a: Cobalion|def|1\n|-unboost|p1a: Cobalion|spd|1\n|faint|p2a: Zeraora\n|\n|upkeep\n|\n|t:|1611931649\n|switch|p2a: Salamence|Salamence, M|100\/100\n|turn|4\n|\n|t:|1611931667\n|switch|p1a: Pyukumuku|Pyukumuku, M|100\/100\n|-damage|p1a: Pyukumuku|88\/100|[from] Stealth Rock\n|move|p2a: Salamence|Earthquake|p1a: Pyukumuku\n|-damage|p1a: Pyukumuku|63\/100\n|\n|-heal|p1a: Pyukumuku|69\/100|[from] item: Leftovers\n|upkeep\n|turn|5\n|\n|t:|1611931687\n|move|p2a: Salamence|Dragon Dance|p2a: Salamence\n|-boost|p2a: Salamence|atk|1\n|-boost|p2a: Salamence|spe|1\n|move|p1a: Pyukumuku|Toxic|p2a: Salamence\n|-status|p2a: Salamence|tox\n|\n|-heal|p1a: Pyukumuku|75\/100|[from] item: Leftovers\n|-damage|p2a: Salamence|94\/100 tox|[from] psn\n|upkeep\n|turn|6\n|\n|t:|1611931696\n|move|p2a: Salamence|Dual Wingbeat|p1a: Pyukumuku\n|-damage|p1a: Pyukumuku|60\/100\n|-damage|p1a: Pyukumuku|46\/100\n|-hitcount|p1a: Pyukumuku|2\n|move|p1a: Pyukumuku|Block|p2a: Salamence\n|-activate|p2a: Salamence|trapped\n|\n|-heal|p1a: Pyukumuku|52\/100|[from] item: Leftovers\n|-damage|p2a: Salamence|82\/100 tox|[from] psn\n|upkeep\n|turn|7\n|\n|t:|1611931705\n|move|p2a: Salamence|Dragon Dance|p2a: Salamence\n|-boost|p2a: Salamence|atk|1\n|-boost|p2a: Salamence|spe|1\n|move|p1a: Pyukumuku|Soak|p2a: Salamence\n|-start|p2a: Salamence|typechange|Water\n|\n|-heal|p1a: Pyukumuku|58\/100|[from] item: Leftovers\n|-damage|p2a: Salamence|64\/100 tox|[from] psn\n|upkeep\n|turn|8\n|\n|t:|1611931713\n|move|p2a: Salamence|Dragon Dance|p2a: Salamence\n|-boost|p2a: Salamence|atk|1\n|-boost|p2a: Salamence|spe|1\n|move|p1a: Pyukumuku|Soak|p2a: Salamence\n|-fail|p2a: Salamence\n|\n|-heal|p1a: Pyukumuku|64\/100|[from] item: Leftovers\n|-damage|p2a: Salamence|40\/100 tox|[from] psn\n|upkeep\n|turn|9\n|\n|t:|1611931723\n|move|p2a: Salamence|Outrage|p1a: Pyukumuku\n|-damage|p1a: Pyukumuku|37\/100\n|move|p1a: Pyukumuku|Soak|p2a: Salamence\n|-fail|p2a: Salamence\n|\n|-heal|p1a: Pyukumuku|43\/100|[from] item: Leftovers\n|-damage|p2a: Salamence|10\/100 tox|[from] psn\n|upkeep\n|turn|10\n|\n|t:|1611931732\n|move|p2a: Salamence|Outrage|p1a: Pyukumuku|[from]lockedmove\n|-damage|p1a: Pyukumuku|14\/100\n|-start|p2a: Salamence|confusion|[fatigue]\n|move|p1a: Pyukumuku|Rest|p1a: Pyukumuku\n|-status|p1a: Pyukumuku|slp|[from] move: Rest\n|-heal|p1a: Pyukumuku|100\/100 slp|[silent]\n|\n|-damage|p2a: Salamence|0 fnt|[from] psn\n|faint|p2a: Salamence\n|upkeep\n|\n|t:|1611931742\n|switch|p2a: Tapu Bulu|Tapu Bulu|100\/100\n|-fieldstart|move: Grassy Terrain|[from] ability: Grassy Surge|[of] p2a: Tapu Bulu\n|turn|11\n|\n|t:|1611931764\n|switch|p1a: Rotom|Rotom-Mow|100\/100\n|-damage|p1a: Rotom|88\/100|[from] Stealth Rock\n|move|p2a: Tapu Bulu|Wood Hammer|p1a: Rotom\n|-resisted|p1a: Rotom\n|-damage|p1a: Rotom|5\/100\n|-damage|p2a: Tapu Bulu|77\/100|[from] Recoil\n|\n|-heal|p1a: Rotom|11\/100|[from] item: Leftovers\n|-heal|p2a: Tapu Bulu|83\/100|[from] Grassy Terrain\n|upkeep\n|turn|12\n|\n|t:|1611931775\n|move|p1a: Rotom|Defog|p2a: Tapu Bulu\n|-unboost|p2a: Tapu Bulu|evasion|1\n|-sideend|p1: Deathspank|Stealth Rock|[from] move: Defog|[of] p1a: Rotom\n|-fieldend|move: Grassy Terrain\n|move|p2a: Tapu Bulu|Wood Hammer|p1a: Rotom\n|-resisted|p1a: Rotom\n|-damage|p1a: Rotom|0 fnt\n|-damage|p2a: Tapu Bulu|80\/100|[from] Recoil\n|faint|p1a: Rotom\n|\n|upkeep\n|inactive|Deathspank has 120 seconds left.\n|\n|t:|1611931817\n|switch|p1a: Marowak|Marowak-Alola, M|100\/100\n|turn|13\n|\n|t:|1611931824\n|switch|p2a: Terrakion|Terrakion|100\/100\n|move|p1a: Marowak|Flare Blitz|p2a: Terrakion\n|-resisted|p2a: Terrakion\n|-damage|p2a: Terrakion|41\/100\n|-damage|p1a: Marowak|81\/100|[from] Recoil\n|\n|upkeep\n|turn|14\n|\n|t:|1611931877\n|switch|p1a: Pyukumuku|Pyukumuku, M|100\/100 slp\n|move|p2a: Terrakion|Stone Edge|p1a: Pyukumuku\n|-damage|p1a: Pyukumuku|53\/100 slp\n|-damage|p2a: Terrakion|31\/100|[from] item: Life Orb\n|\n|-heal|p1a: Pyukumuku|59\/100 slp|[from] item: Leftovers\n|upkeep\n|turn|15\n|\n|t:|1611931929\n|move|p2a: Terrakion|Close Combat|p1a: Pyukumuku\n|-damage|p1a: Pyukumuku|11\/100 slp\n|-unboost|p2a: Terrakion|def|1\n|-unboost|p2a: Terrakion|spd|1\n|-damage|p2a: Terrakion|21\/100|[from] item: Life Orb\n|cant|p1a: Pyukumuku|slp\n|\n|-heal|p1a: Pyukumuku|17\/100 slp|[from] item: Leftovers\n|upkeep\n|turn|16\n|inactive|Deathspank has 90 seconds left.\n|inactive|damorush has 120 seconds left.\n|\n|t:|1611931962\n|move|p2a: Terrakion|Stone Edge|p1a: Pyukumuku\n|-damage|p1a: Pyukumuku|0 fnt\n|-damage|p2a: Terrakion|11\/100|[from] item: Life Orb\n|faint|p1a: Pyukumuku\n|\n|upkeep\n|\n|t:|1611931990\n|switch|p1a: Cobalion|Cobalion|22\/100\n|turn|17\n|\n|t:|1611932004\n|move|p2a: Terrakion|Close Combat|p1a: Cobalion\n|-supereffective|p1a: Cobalion\n|-damage|p1a: Cobalion|0 fnt\n|-unboost|p2a: Terrakion|def|1\n|-unboost|p2a: Terrakion|spd|1\n|-damage|p2a: Terrakion|0 fnt|[from] item: Rocky Helmet|[of] p1a: Cobalion\n|faint|p1a: Cobalion\n|faint|p2a: Terrakion\n|\n|upkeep\n|inactive|damorush has 120 seconds left.\n|\n|t:|1611932023\n|switch|p2a: Victini|Victini|100\/100\n|switch|p1a: Zarude|Zarude|100\/100\n|turn|18\n|\n|t:|1611932031\n|move|p1a: Zarude|Darkest Lariat|p2a: Victini\n|-supereffective|p2a: Victini\n|-damage|p2a: Victini|0 fnt\n|faint|p2a: Victini\n|\n|upkeep\n|\n|t:|1611932040\n|switch|p2a: Tapu Bulu|Tapu Bulu|80\/100\n|-fieldstart|move: Grassy Terrain|[from] ability: Grassy Surge|[of] p2a: Tapu Bulu\n|turn|19\n|\n|t:|1611932053\n|switch|p1a: Sylveon|Sylveon, M|100\/100\n|move|p2a: Tapu Bulu|Horn Leech|p1a: Sylveon\n|-damage|p1a: Sylveon|0 fnt\n|-heal|p2a: Tapu Bulu|100\/100|[from] drain|[of] p1a: Sylveon\n|faint|p1a: Sylveon\n|\n|upkeep\n|\n|t:|1611932064\n|switch|p1a: Marowak|Marowak-Alola, M|81\/100\n|turn|20\n|\n|t:|1611932070\n|move|p2a: Tapu Bulu|Horn Leech|p1a: Marowak\n|-resisted|p1a: Marowak\n|-damage|p1a: Marowak|42\/100\n|move|p1a: Marowak|Flare Blitz|p2a: Tapu Bulu\n|-supereffective|p2a: Tapu Bulu\n|-damage|p2a: Tapu Bulu|0 fnt\n|-damage|p1a: Marowak|13\/100|[from] Recoil\n|faint|p2a: Tapu Bulu\n|\n|win|Deathspank\n|c|\u2606damorush|gg\n|l|\u2606damorush\n|c|\u2606Deathspank|GG\n||Ladder (probably) updated, but score could not be retrieved (Request timeout).\n","uploadtime":1611932095,"views":4,"p1id":"deathspank","p2id":"damorush","formatid":"gen8uu","rating":0,"private":0,"password":null}